{"id":"gen9nationaldexdoubles-1967003913","p1":"Lord Highkage","p2":"slow_riots_account","format":"[Gen 9] National Dex Doubles","log":"|j|\u2606Lord Highkage\n|j|\u2606slow_riots_account\n|t:|1697243111\n|gametype|doubles\n|player|p1|Lord Highkage|265|\n|player|p2|slow_riots_account|170|\n|teamsize|p1|6\n|teamsize|p2|6\n|gen|9\n|tier|[Gen 9] National Dex Doubles\n|rule|HP Percentage Mod: HP is shown in percentages\n|rule|Endless Battle Clause: Forcing endless battles is banned\n|rule|OHKO Clause: OHKO moves are banned\n|rule|Evasion Moves Clause: Evasion moves are banned\n|rule|Evasion Abilities Clause: Evasion abilities are banned\n|rule|Species Clause: Limit one of each Pok\u00e9mon\n|rule|Gravity Sleep Clause: The combination of sleep-inducing moves with imperfect accuracy and Gravity or Gigantamax Orbeetle are banned\n|clearpoke\n|poke|p1|Wyrdeer, F|\n|poke|p1|Milotic, F|\n|poke|p1|Electrode|\n|poke|p1|Weavile, M|\n|poke|p1|Pachirisu, M|\n|poke|p1|Salamence, M|\n|poke|p2|Volcarona, F|\n|poke|p2|Landorus-Therian, M|\n|poke|p2|Reuniclus, F|\n|poke|p2|Sableye, F|\n|poke|p2|Poliwrath, F|\n|poke|p2|Luxray, M|\n|teampreview\n|\n|t:|1697243150\n|start\n|switch|p1a: Wyrdeer|Wyrdeer, F|100\/100\n|switch|p1b: Milotic|Milotic, F|100\/100\n|switch|p2a: Volcarona|Volcarona, F|100\/100\n|switch|p2b: Landorus|Landorus-Therian, M|100\/100\n|-ability|p2b: Landorus|Intimidate|boost\n|-unboost|p1a: Wyrdeer|atk|1\n|-unboost|p1b: Milotic|atk|1\n|-ability|p1b: Milotic|Competitive|boost\n|-boost|p1b: Milotic|spa|2\n|-ability|p1a: Wyrdeer|Intimidate|boost\n|-unboost|p2a: Volcarona|atk|1\n|-unboost|p2b: Landorus|atk|1\n|turn|1\n|\n|t:|1697243216\n|switch|p1b: Salamence|Salamence, M|100\/100\n|-ability|p1b: Salamence|Intimidate|boost\n|-unboost|p2a: Volcarona|atk|1\n|-unboost|p2b: Landorus|atk|1\n|switch|p2b: Poliwrath|Poliwrath, F|100\/100\n|move|p2a: Volcarona|Bug Buzz|p1a: Wyrdeer\n|-supereffective|p1a: Wyrdeer\n|-damage|p1a: Wyrdeer|39\/100\n|-unboost|p1a: Wyrdeer|spd|1\n|move|p1a: Wyrdeer|Body Slam|p2a: Volcarona\n|-damage|p2a: Volcarona|77\/100\n|\n|upkeep\n|turn|2\n|\n|t:|1697243239\n|move|p1a: Wyrdeer|Protect|p1a: Wyrdeer\n|-singleturn|p1a: Wyrdeer|Protect\n|move|p1b: Salamence|Tailwind|p1b: Salamence\n|-sidestart|p1: Lord Highkage|move: Tailwind\n|move|p2a: Volcarona|Bug Buzz|p1a: Wyrdeer\n|-activate|p1a: Wyrdeer|move: Protect\n|move|p2b: Poliwrath|Toxic|p1b: Salamence\n|-status|p1b: Salamence|tox\n|\n|-damage|p1b: Salamence|94\/100 tox|[from] psn\n|upkeep\n|turn|3\n|\n|t:|1697243285\n|move|p2b: Poliwrath|Protect|p2b: Poliwrath\n|-singleturn|p2b: Poliwrath|Protect\n|move|p1b: Salamence|Dragon Claw|p2a: Volcarona\n|-damage|p2a: Volcarona|12\/100\n|-damage|p1b: Salamence|84\/100 tox|[from] item: Life Orb\n|move|p1a: Wyrdeer|Body Slam|p2a: Volcarona\n|-damage|p2a: Volcarona|0 fnt\n|faint|p2a: Volcarona\n|\n|-damage|p1b: Salamence|72\/100 tox|[from] psn\n|upkeep\n|\n|t:|1697243296\n|switch|p2a: Reuniclus|Reuniclus, F|100\/100\n|turn|4\n|\n|t:|1697243352\n|switch|p1a: Weavile|Weavile, M|100\/100\n|-ability|p1a: Weavile|Pressure\n|move|p1b: Salamence|Dragon Claw|p2a: Reuniclus\n|-damage|p2a: Reuniclus|62\/100\n|-damage|p1b: Salamence|56\/100 tox|[from] item: Rocky Helmet|[of] p2a: Reuniclus\n|-damage|p1b: Salamence|46\/100 tox|[from] item: Life Orb\n|move|p2b: Poliwrath|Focus Blast|p1a: Weavile\n|-supereffective|p1a: Weavile\n|-enditem|p1a: Weavile|Focus Sash\n|-damage|p1a: Weavile|1\/100\n|-unboost|p1a: Weavile|spd|1\n|move|p2a: Reuniclus|Psyshock|p1b: Salamence\n|-damage|p1b: Salamence|7\/100 tox\n|\n|-damage|p1b: Salamence|0 fnt|[from] psn\n|faint|p1b: Salamence\n|upkeep\n|\n|t:|1697243374\n|switch|p1b: Pachirisu|Pachirisu, M|100\/100\n|turn|5\n|\n|t:|1697243398\n|switch|p2a: Luxray|Luxray, M|100\/100\n|move|p1a: Weavile|Knock Off|p2a: Luxray\n|-damage|p2a: Luxray|40\/100\n|-enditem|p2a: Luxray|Flame Orb|[from] move: Knock Off|[of] p1a: Weavile\n|move|p1b: Pachirisu|Nuzzle|p2b: Poliwrath\n|-supereffective|p2b: Poliwrath\n|-damage|p2b: Poliwrath|93\/100\n|-status|p2b: Poliwrath|par\n|cant|p2b: Poliwrath|par\n|\n|-heal|p2b: Poliwrath|99\/100 par|[from] item: Leftovers\n|-sideend|p1: Lord Highkage|move: Tailwind\n|upkeep\n|turn|6\n|\n|t:|1697243454\n|switch|p2a: Reuniclus|Reuniclus, F|62\/100\n|move|p1b: Pachirisu|Follow Me|p1b: Pachirisu\n|-singleturn|p1b: Pachirisu|move: Follow Me\n|move|p1a: Weavile|Icicle Crash|p2a: Reuniclus\n|-damage|p2a: Reuniclus|29\/100\n|cant|p2b: Poliwrath|par\n|\n|-heal|p2b: Poliwrath|100\/100 par|[from] item: Leftovers\n|upkeep\n|turn|7\n|\n|t:|1697243479\n|move|p1b: Pachirisu|Follow Me|p1b: Pachirisu\n|-singleturn|p1b: Pachirisu|move: Follow Me\n|move|p1a: Weavile|Icicle Crash|p2a: Reuniclus\n|-damage|p2a: Reuniclus|0 fnt\n|faint|p2a: Reuniclus\n|move|p2b: Poliwrath|Scald|p1b: Pachirisu\n|-damage|p1b: Pachirisu|73\/100\n|\n|upkeep\n|\n|t:|1697243497\n|switch|p2a: Sableye|Sableye, F|100\/100\n|turn|8\n|\n|t:|1697243541\n|detailschange|p2a: Sableye|Sableye-Mega, F\n|-mega|p2a: Sableye|Sableye|Sablenite\n|move|p1b: Pachirisu|Follow Me|p1b: Pachirisu\n|-singleturn|p1b: Pachirisu|move: Follow Me\n|move|p1a: Weavile|Icicle Crash|p2a: Sableye\n|-damage|p2a: Sableye|65\/100\n|move|p2b: Poliwrath|Scald|p1b: Pachirisu\n|-damage|p1b: Pachirisu|46\/100\n|-status|p1b: Pachirisu|brn\n|move|p2a: Sableye|Knock Off|p1b: Pachirisu\n|-damage|p1b: Pachirisu|6\/100 brn\n|-enditem|p1b: Pachirisu|Mental Herb|[from] move: Knock Off|[of] p2a: Sableye\n|\n|-damage|p1b: Pachirisu|0 fnt|[from] brn\n|faint|p1b: Pachirisu\n|upkeep\n|\n|t:|1697243569\n|switch|p1b: Electrode|Electrode|100\/100\n|turn|9\n|\n|t:|1697243598\n|move|p2a: Sableye|Protect|p2a: Sableye\n|-singleturn|p2a: Sableye|Protect\n|move|p1b: Electrode|Volt Switch|p2a: Sableye\n|-activate|p2a: Sableye|move: Protect\n|move|p1a: Weavile|Icicle Crash|p2a: Sableye\n|-activate|p2a: Sableye|move: Protect\n|move|p2b: Poliwrath|Scald|p1a: Weavile\n|-damage|p1a: Weavile|0 fnt\n|faint|p1a: Weavile\n|\n|upkeep\n|\n|t:|1697243614\n|switch|p1a: Wyrdeer|Wyrdeer, F|39\/100\n|-ability|p1a: Wyrdeer|Intimidate|boost\n|-unboost|p2a: Sableye|atk|1\n|-unboost|p2b: Poliwrath|atk|1\n|turn|10\n|\n|t:|1697243638\n|switch|p1b: Milotic|Milotic, F|100\/100\n|switch|p2a: Landorus|Landorus-Therian, M|100\/100\n|-ability|p2a: Landorus|Intimidate|boost\n|-unboost|p1a: Wyrdeer|atk|1\n|-unboost|p1b: Milotic|atk|1\n|-ability|p1b: Milotic|Competitive|boost\n|-boost|p1b: Milotic|spa|2\n|move|p2b: Poliwrath|Protect|p2b: Poliwrath\n|-singleturn|p2b: Poliwrath|Protect\n|move|p1a: Wyrdeer|Skill Swap|p2b: Poliwrath\n|-activate|p2b: Poliwrath|move: Protect\n|\n|upkeep\n|turn|11\n|\n|t:|1697243677\n|move|p1a: Wyrdeer|Protect|p1a: Wyrdeer\n|-singleturn|p1a: Wyrdeer|Protect\n|move|p1b: Milotic|Surf|p2a: Landorus|[spread] p2a\n|-activate|p1a: Wyrdeer|move: Protect\n|-immune|p2b: Poliwrath|[from] ability: Water Absorb\n|-supereffective|p2a: Landorus\n|-damage|p2a: Landorus|3\/100\n|move|p2a: Landorus|Earthquake|p1b: Milotic|[spread] p2b,p1b\n|-activate|p1a: Wyrdeer|move: Protect\n|-damage|p2b: Poliwrath|69\/100 par\n|-damage|p1b: Milotic|58\/100\n|move|p2b: Poliwrath|Toxic|p1b: Milotic\n|-status|p1b: Milotic|tox\n|-enditem|p1b: Milotic|Lum Berry|[eat]\n|-curestatus|p1b: Milotic|tox|[msg]\n|\n|-heal|p2a: Landorus|9\/100|[from] item: Leftovers\n|-heal|p2b: Poliwrath|75\/100 par|[from] item: Leftovers\n|upkeep\n|turn|12\n|\n|t:|1697243712\n|move|p1a: Wyrdeer|Protect|p1a: Wyrdeer\n|-singleturn|p1a: Wyrdeer|Protect\n|move|p1b: Milotic|Icy Wind|p2a: Landorus|[spread] p2a,p2b\n|-supereffective|p2a: Landorus\n|-resisted|p2b: Poliwrath\n|-crit|p2b: Poliwrath\n|-damage|p2a: Landorus|0 fnt\n|-damage|p2b: Poliwrath|55\/100 par\n|-unboost|p2b: Poliwrath|spe|1\n|faint|p2a: Landorus\n|move|p2b: Poliwrath|Scald|p1a: Wyrdeer\n|-activate|p1a: Wyrdeer|move: Protect\n|\n|-heal|p2b: Poliwrath|62\/100 par|[from] item: Leftovers\n|upkeep\n|\n|t:|1697243733\n|switch|p2a: Luxray|Luxray, M|40\/100\n|turn|13\n|\n|t:|1697243776\n|move|p2a: Luxray|Wild Charge|p1b: Milotic\n|-supereffective|p1b: Milotic\n|-damage|p1b: Milotic|0 fnt\n|faint|p1b: Milotic\n|-damage|p2a: Luxray|22\/100|[from] Recoil\n|move|p1a: Wyrdeer|Skill Swap|p2b: Poliwrath\n|-activate|p1a: Wyrdeer|move: Skill Swap|Water Absorb|Intimidate|[of] p2b: Poliwrath\n|-ability|p2b: Poliwrath|Intimidate|boost\n|-unboost|p1a: Wyrdeer|atk|1\n|move|p2b: Poliwrath|Scald|p1a: Wyrdeer\n|-heal|p1a: Wyrdeer|63\/100|[from] ability: Water Absorb|[of] p2b: Poliwrath\n|\n|-heal|p2b: Poliwrath|68\/100 par|[from] item: Leftovers\n|upkeep\n|\n|t:|1697243789\n|switch|p1b: Electrode|Electrode|100\/100\n|turn|14\n|\n|t:|1697243846\n|move|p1b: Electrode|Volt Switch|p2b: Poliwrath\n|-supereffective|p2b: Poliwrath\n|-damage|p2b: Poliwrath|35\/100 par\n|move|p2a: Luxray|Wild Charge|p1a: Wyrdeer\n|-damage|p1a: Wyrdeer|13\/100\n|-damage|p2a: Luxray|5\/100|[from] item: Rocky Helmet|[of] p1a: Wyrdeer\n|-damage|p2a: Luxray|0 fnt|[from] Recoil\n|faint|p2a: Luxray\n|move|p1a: Wyrdeer|Psyshield Bash|p2b: Poliwrath\n|-supereffective|p2b: Poliwrath\n|-damage|p2b: Poliwrath|9\/100 par\n|-boost|p1a: Wyrdeer|def|1\n|move|p2b: Poliwrath|Scald|p1b: Electrode\n|-damage|p1b: Electrode|62\/100\n|\n|-heal|p2b: Poliwrath|15\/100 par|[from] item: Leftovers\n|upkeep\n|\n|t:|1697243862\n|switch|p2a: Sableye|Sableye-Mega, F|65\/100\n|turn|15\n|\n|t:|1697243894\n|move|p1b: Electrode|Volt Switch|p2a: Sableye\n|-damage|p2a: Sableye|51\/100\n|move|p1a: Wyrdeer|Psyshield Bash|p2b: Poliwrath\n|-supereffective|p2b: Poliwrath\n|-damage|p2b: Poliwrath|0 fnt\n|-boost|p1a: Wyrdeer|def|1\n|faint|p2b: Poliwrath\n|move|p2a: Sableye|Knock Off|p1a: Wyrdeer\n|-supereffective|p1a: Wyrdeer\n|-damage|p1a: Wyrdeer|0 fnt\n|-damage|p2a: Sableye|35\/100|[from] item: Rocky Helmet|[of] p1a: Wyrdeer\n|-enditem|p1a: Wyrdeer|Rocky Helmet|[from] move: Knock Off|[of] p2a: Sableye\n|faint|p1a: Wyrdeer\n|\n|upkeep\n|turn|16\n|\n|t:|1697243910\n|move|p1b: Electrode|Volt Switch|p2a: Sableye\n|-damage|p2a: Sableye|21\/100\n|move|p2a: Sableye|Recover|p2a: Sableye\n|-heal|p2a: Sableye|71\/100\n|\n|upkeep\n|turn|17\n|\n|t:|1697243922\n|move|p1b: Electrode|Volt Switch|p2a: Sableye\n|-damage|p2a: Sableye|57\/100\n|move|p2a: Sableye|Will-O-Wisp|p1b: Electrode\n|-status|p1b: Electrode|brn\n|\n|-damage|p1b: Electrode|56\/100 brn|[from] brn\n|upkeep\n|turn|18\n|c|\u2606Lord Highkage|okay you win\n|c|\u2606slow_riots_account|ggs!\n|c|\u2606Lord Highkage|ggs it was close\n|c|\u2606slow_riots_account|fr\n|-message|Lord Highkage forfeited.\n|\n|win|slow_riots_account\n","uploadtime":1697243967,"views":13,"p1id":"lordhighkage","p2id":"slowriotsaccount","formatid":"gen9nationaldexdoubles","rating":0,"private":0,"password":""}