{"id":"gen9nationaldexdoubles-1958820938","p1":"LightOfTheRuin","p2":"O Ze Priquito","format":"[Gen 9] National Dex Doubles","log":"|j|\u2606LightOfTheRuin\n|j|\u2606O Ze Priquito\n|t:|1696360419\n|gametype|doubles\n|player|p1|LightOfTheRuin|wallace|1175\n|player|p2|O Ze Priquito|roxie|1070\n|teamsize|p1|6\n|teamsize|p2|6\n|gen|9\n|tier|[Gen 9] National Dex Doubles\n|rated|\n|rule|HP Percentage Mod: HP is shown in percentages\n|rule|Endless Battle Clause: Forcing endless battles is banned\n|rule|OHKO Clause: OHKO moves are banned\n|rule|Evasion Moves Clause: Evasion moves are banned\n|rule|Evasion Abilities Clause: Evasion abilities are banned\n|rule|Species Clause: Limit one of each Pok\u00e9mon\n|rule|Gravity Sleep Clause: The combination of sleep-inducing moves with imperfect accuracy and Gravity or Gigantamax Orbeetle are banned\n|clearpoke\n|poke|p1|Electivire, F|\n|poke|p1|Electabuzz, M|\n|poke|p1|Ursaluna-Bloodmoon, M|\n|poke|p1|Basculegion-F, F|\n|poke|p1|Fezandipiti, M|\n|poke|p1|Ribombee, F|\n|poke|p2|Amoonguss, F|\n|poke|p2|Chien-Pao|\n|poke|p2|Fezandipiti, M|\n|poke|p2|Landorus, M|\n|poke|p2|Ogerpon-Hearthflame, F|\n|poke|p2|Palafin, F|\n|teampreview\n|\n|t:|1696360435\n|start\n|switch|p1a: phish|Basculegion-F, F|100\/100\n|switch|p1b: sleeper build|Electabuzz, M|100\/100\n|switch|p2a: Amoonguss|Amoonguss, F|100\/100\n|switch|p2b: Fezandipiti|Fezandipiti, M|100\/100\n|turn|1\n|\n|t:|1696360453\n|move|p1b: sleeper build|Discharge|p2b: Fezandipiti|[spread] p1a,p2a,p2b\n|-supereffective|p1a: phish\n|-resisted|p2a: Amoonguss\n|-damage|p1a: phish|60\/100\n|-damage|p2a: Amoonguss|92\/100\n|-damage|p2b: Fezandipiti|83\/100\n|-enditem|p1a: phish|Weakness Policy\n|-boost|p1a: phish|atk|2|[from] item: Weakness Policy\n|-boost|p1a: phish|spa|2|[from] item: Weakness Policy\n|move|p2b: Fezandipiti|Dazzling Gleam|p1b: sleeper build|[spread] p1a,p1b\n|-damage|p1a: phish|38\/100\n|-damage|p1b: sleeper build|85\/100\n|move|p1a: phish|Ice Beam|p2a: Amoonguss\n|-supereffective|p2a: Amoonguss\n|-damage|p2a: Amoonguss|0 fnt\n|faint|p2a: Amoonguss\n|\n|upkeep\n|\n|t:|1696360467\n|switch|p2a: Ogerpon|Ogerpon-Hearthflame, F|100\/100\n|-ability|p2a: Ogerpon|Mold Breaker\n|turn|2\n|\n|t:|1696360483\n|-terastallize|p2a: Ogerpon|Fire\n|detailschange|p2a: Ogerpon|Ogerpon-Hearthflame-Tera, F, tera:Fire\n|-ability|p2a: Ogerpon|Embody Aspect (Hearthflame)|boost\n|-boost|p2a: Ogerpon|atk|1\n|move|p1a: phish|Protect|p1a: phish\n|-singleturn|p1a: phish|Protect\n|move|p2a: Ogerpon|Horn Leech|p1a: phish\n|-activate|p1a: phish|move: Protect\n|move|p1b: sleeper build|Discharge|p2b: Fezandipiti|[spread] p2a,p2b\n|-activate|p1a: phish|move: Protect\n|-damage|p2a: Ogerpon|77\/100\n|-damage|p2b: Fezandipiti|66\/100\n|-status|p2a: Ogerpon|par\n|move|p2b: Fezandipiti|Poison Jab|p1b: sleeper build\n|-damage|p1b: sleeper build|56\/100\n|-status|p1b: sleeper build|tox|[from] ability: Toxic Chain|[of] p2b: Fezandipiti\n|\n|-damage|p1b: sleeper build|50\/100 tox|[from] psn\n|upkeep\n|turn|3\n|\n|t:|1696360522\n|move|p1b: sleeper build|Follow Me|p1b: sleeper build\n|-singleturn|p1b: sleeper build|move: Follow Me\n|move|p2b: Fezandipiti|Poison Jab|p1b: sleeper build\n|-damage|p1b: sleeper build|21\/100 tox\n|-status|p2b: Fezandipiti|par|[from] ability: Static|[of] p1b: sleeper build\n|move|p1a: phish|Hex|p2a: Ogerpon\n|-damage|p2a: Ogerpon|0 fnt\n|faint|p2a: Ogerpon\n|\n|-damage|p1b: sleeper build|9\/100 tox|[from] psn\n|upkeep\n|\n|t:|1696360536\n|switch|p2a: Chien-Pao|Chien-Pao|100\/100\n|-ability|p2a: Chien-Pao|Sword of Ruin\n|turn|4\n|\n|t:|1696360546\n|move|p1a: phish|Protect|p1a: phish\n|-singleturn|p1a: phish|Protect\n|move|p2a: Chien-Pao|Sucker Punch||[still]\n|-fail|p2a: Chien-Pao\n|move|p1b: sleeper build|Discharge|p2b: Fezandipiti|[spread] p2a,p2b\n|-activate|p1a: phish|move: Protect\n|-damage|p2a: Chien-Pao|71\/100\n|-damage|p2b: Fezandipiti|48\/100 par\n|-status|p2a: Chien-Pao|par\n|move|p2b: Fezandipiti|Dazzling Gleam|p1b: sleeper build|[spread] p1b\n|-activate|p1a: phish|move: Protect\n|-damage|p1b: sleeper build|0 fnt\n|faint|p1b: sleeper build\n|\n|upkeep\n|\n|t:|1696360563\n|switch|p1b: fatty|Electivire, F|100\/100\n|turn|5\n|\n|t:|1696360570\n|move|p2a: Chien-Pao|Sucker Punch|p1a: phish\n|-supereffective|p1a: phish\n|-damage|p1a: phish|0 fnt\n|faint|p1a: phish\n|move|p1b: fatty|Power-Up Punch|p2a: Chien-Pao\n|-supereffective|p2a: Chien-Pao\n|-damage|p2a: Chien-Pao|0 fnt\n|-boost|p1b: fatty|atk|1\n|faint|p2a: Chien-Pao\n|move|p2b: Fezandipiti|Dazzling Gleam|p1b: fatty\n|-damage|p1b: fatty|60\/100\n|-status|p1b: fatty|tox|[from] ability: Toxic Chain|[of] p2b: Fezandipiti\n|\n|-damage|p1b: fatty|54\/100 tox|[from] psn\n|upkeep\n|\n|t:|1696360590\n|switch|p2a: Landorus|Landorus, M|100\/100\n|switch|p1a: fatter|Ursaluna-Bloodmoon, M|100\/100\n|turn|6\n|\n|t:|1696360619\n|move|p2a: Landorus|Earthquake|p1a: fatter|[spread] p2b,p1a,p1b\n|-supereffective|p2b: Fezandipiti\n|-supereffective|p1b: fatty\n|-damage|p2b: Fezandipiti|0 fnt\n|-damage|p1a: fatter|66\/100\n|-damage|p1b: fatty|0 fnt\n|faint|p2b: Fezandipiti\n|faint|p1b: fatty\n|-damage|p2a: Landorus|91\/100|[from] item: Life Orb\n|move|p1a: fatter|Blood Moon|p2a: Landorus\n|-damage|p2a: Landorus|0 fnt\n|faint|p2a: Landorus\n|\n|upkeep\n|\n|t:|1696360632\n|switch|p2b: Palafin|Palafin, F|100\/100\n|switch|p1b: twink|Ribombee, F|100\/100\n|turn|7\n|\n|t:|1696360640\n|-terastallize|p1a: fatter|Normal\n|move|p2b: Palafin|Jet Punch|p1a: fatter\n|-damage|p1a: fatter|55\/100\n|move|p1b: twink|Stun Spore|p2b: Palafin\n|-status|p2b: Palafin|par\n|move|p1a: fatter|Hyper Voice|p2b: Palafin\n|-damage|p2b: Palafin|34\/100 par\n|\n|-heal|p2b: Palafin|40\/100 par|[from] item: Leftovers\n|upkeep\n|turn|8\n|\n|t:|1696360647\n|move|p1b: twink|Pollen Puff|p1a: fatter\n|-heal|p1a: fatter|100\/100\n|move|p1a: fatter|Blood Moon|p2b: Palafin\n|-damage|p2b: Palafin|0 fnt\n|faint|p2b: Palafin\n|\n|win|LightOfTheRuin\n|raw|LightOfTheRuin's rating: 1175 &rarr; <strong>1193<\/strong><br \/>(+18 for winning)\n|raw|O Ze Priquito's rating: 1070 &rarr; <strong>1056<\/strong><br \/>(-14 for losing)\n","uploadtime":1696360652,"views":10,"p1id":"lightoftheruin","p2id":"ozepriquito","formatid":"gen9nationaldexdoubles","rating":1056,"private":0,"password":""}