{"id":"gen9nationaldexdoubles-1985768878","p1":"LightOfTheRuin","p2":"MasterHand","format":"[Gen 9] National Dex Doubles","log":"|j|\u2606LightOfTheRuin\n|j|\u2606MasterHand\n|t:|1699404201\n|gametype|doubles\n|player|p1|LightOfTheRuin|mallow-masters|1243\n|player|p2|MasterHand|volkner|1280\n|teamsize|p1|6\n|teamsize|p2|6\n|gen|9\n|tier|[Gen 9] National Dex Doubles\n|rated|\n|rule|HP Percentage Mod: HP is shown in percentages\n|rule|Endless Battle Clause: Forcing endless battles is banned\n|rule|OHKO Clause: OHKO moves are banned\n|rule|Evasion Moves Clause: Evasion moves are banned\n|rule|Evasion Abilities Clause: Evasion abilities are banned\n|rule|Species Clause: Limit one of each Pok\u00e9mon\n|rule|Gravity Sleep Clause: The combination of sleep-inducing moves with imperfect accuracy and Gravity or Gigantamax Orbeetle are banned\n|clearpoke\n|poke|p1|Cherrim, F|\n|poke|p1|Lurantis, F|\n|poke|p1|Charizard, M|\n|poke|p1|Malamar, F|\n|poke|p1|Walking Wake|\n|poke|p1|Golurk|\n|poke|p2|Silvally-*|\n|poke|p2|Mew|\n|poke|p2|Iron Hands|\n|poke|p2|Oranguru, F|\n|poke|p2|Enamorus, F|\n|poke|p2|Parasect, F|\n|teampreview\n|\n|t:|1699404212\n|start\n|switch|p1a: Apollo|Charizard, M|100\/100\n|switch|p1b: Poseidon|Walking Wake|100\/100\n|switch|p2a: Transmewtate|Mew, shiny|100\/100\n|switch|p2b: Silvally|Silvally|100\/100\n|turn|1\n|\n|t:|1699404235\n|detailschange|p1a: Apollo|Charizard-Mega-Y, M\n|-mega|p1a: Apollo|Charizard|Charizardite Y\n|-weather|SunnyDay|[from] ability: Drought|[of] p1a: Apollo\n|-activate|p1b: Poseidon|ability: Protosynthesis\n|-start|p1b: Poseidon|protosynthesisspa\n|move|p1b: Poseidon|Hydro Steam|p2a: Transmewtate\n|-damage|p2a: Transmewtate|37\/100\n|move|p2a: Transmewtate|Water Pledge|p1a: Apollo\n|-waiting|p2a: Transmewtate|p2b: Silvally\n|move|p2b: Silvally|Grass Pledge|p1a: Apollo|[from]move: Water Pledge\n|-combine\n|-resisted|p1a: Apollo\n|-damage|p1a: Apollo|87\/100\n|-sidestart|p1: LightOfTheRuin|Grass Pledge\n|move|p1a: Apollo|Heat Wave|p2a: Transmewtate|[spread] p2a,p2b\n|-damage|p2a: Transmewtate|0 fnt\n|-damage|p2b: Silvally|23\/100\n|faint|p2a: Transmewtate\n|\n|-weather|SunnyDay|[upkeep]\n|upkeep\n|c|\u2606MasterHand|Aye, flo eternal type beat\n|c|\u2606LightOfTheRuin|?\n|c|\u2606LightOfTheRuin|Oh you mean my name lol\n|\n|t:|1699404277\n|switch|p2a: Parasect|Parasect, F|100\/100\n|turn|2\n|\n|t:|1699404283\n|move|p2a: Parasect|Wide Guard|p2a: Parasect\n|-singleturn|p2a: Parasect|Wide Guard\n|move|p2b: Silvally|Explosion|p1a: Apollo|[spread] p1a,p1b\n|-activate|p2a: Parasect|move: Wide Guard\n|-enditem|p2b: Silvally|Normal Gem|[from] gem\n|-crit|p1a: Apollo\n|-damage|p1a: Apollo|0 fnt\n|-damage|p1b: Poseidon|0 fnt\n|faint|p2b: Silvally\n|faint|p1a: Apollo\n|faint|p1b: Poseidon\n|-end|p1b: Poseidon|Protosynthesis|[silent]\n|\n|-weather|SunnyDay|[upkeep]\n|-damage|p2a: Parasect|88\/100|[from] ability: Dry Skin|[of] p2a: Parasect\n|-heal|p2a: Parasect|94\/100|[from] item: Leftovers\n|upkeep\n|c|\u2606MasterHand|Ye\n|c|\u2606LightOfTheRuin|Cool tech\n|c|\u2606LightOfTheRuin|Never seen that before\n|c|\u2606MasterHand|Appreciate that\n|c|\u2606MasterHand|Legit just came up with it for a draft\n|\n|t:|1699404331\n|switch|p1b: Hades|Malamar, F|100\/100\n|switch|p1a: Demeter|Lurantis, F|100\/100\n|switch|p2b: Iron Hands|Iron Hands|100\/100\n|-enditem|p2b: Iron Hands|Booster Energy\n|-activate|p2b: Iron Hands|ability: Quark Drive|[fromitem]\n|-start|p2b: Iron Hands|quarkdriveatk\n|turn|3\n|\n|t:|1699404343\n|move|p2a: Parasect|Spore|p1b: Hades\n|-status|p1b: Hades|slp|[from] move: Spore\n|move|p2b: Iron Hands|Ice Punch|p1a: Demeter\n|-supereffective|p1a: Demeter\n|-damage|p1a: Demeter|25\/100\n|move|p1a: Demeter|Leech Life|p2a: Parasect\n|-supereffective|p2a: Parasect\n|-damage|p2a: Parasect|33\/100\n|-heal|p1a: Demeter|54\/100|[from] drain|[of] p2a: Parasect\n|cant|p1b: Hades|slp\n|\n|-weather|SunnyDay|[upkeep]\n|-damage|p2a: Parasect|20\/100|[from] ability: Dry Skin|[of] p2a: Parasect\n|-heal|p2a: Parasect|26\/100|[from] item: Leftovers\n|upkeep\n|turn|4\n|c|\u2606MasterHand|And im min spe 0 iv on hands\n|\n|t:|1699404384\n|switch|p2a: Oranguru|Oranguru, F|100\/100\n|-terastallize|p1a: Demeter|Fighting\n|move|p2b: Iron Hands|Ice Punch|p1a: Demeter\n|-damage|p1a: Demeter|19\/100\n|move|p1a: Demeter|Superpower|p2b: Iron Hands\n|-damage|p2b: Iron Hands|67\/100\n|-boost|p1a: Demeter|atk|1\n|-boost|p1a: Demeter|def|1\n|-curestatus|p1b: Hades|slp|[msg]\n|move|p1b: Hades|Trick Room|p1b: Hades\n|-fieldstart|move: Trick Room|[of] p1b: Hades\n|\n|-weather|SunnyDay|[upkeep]\n|-sideend|p1: LightOfTheRuin|Grass Pledge\n|upkeep\n|turn|5\n|\n|t:|1699404413\n|move|p2b: Iron Hands|Drain Punch|p1b: Hades\n|-damage|p1b: Hades|39\/100\n|-heal|p2b: Iron Hands|90\/100|[from] drain|[of] p1b: Hades\n|move|p1a: Demeter|Solar Blade||[still]\n|-prepare|p1a: Demeter|Solar Blade\n|-anim|p1a: Demeter|Solar Blade|p2b: Iron Hands\n|-damage|p2b: Iron Hands|34\/100\n|move|p1b: Hades|Knock Off|p2a: Oranguru\n|-supereffective|p2a: Oranguru\n|-damage|p2a: Oranguru|52\/100\n|-enditem|p2a: Oranguru|Life Orb|[from] move: Knock Off|[of] p1b: Hades\n|move|p2a: Oranguru|Instruct|p2b: Iron Hands\n|-singleturn|p2b: Iron Hands|move: Instruct|[of] p2a: Oranguru\n|move|p2b: Iron Hands|Drain Punch|p1b: Hades\n|-damage|p1b: Hades|0 fnt\n|-heal|p2b: Iron Hands|48\/100|[from] drain|[of] p1b: Hades\n|faint|p1b: Hades\n|\n|-weather|none\n|upkeep\n|\n|t:|1699404429\n|switch|p1b: Thanatos|Golurk, shiny|100\/100\n|turn|6\n|\n|t:|1699404442\n|switch|p1a: Eos|Cherrim, F, shiny|100\/100\n|move|p2b: Iron Hands|Ice Punch|p1b: Thanatos\n|-supereffective|p1b: Thanatos\n|-damage|p1b: Thanatos|19\/100\n|move|p1b: Thanatos|Earthquake|p2a: Oranguru|[spread] p1a,p2a,p2b\n|-resisted|p1a: Eos\n|-supereffective|p2b: Iron Hands\n|-damage|p1a: Eos|83\/100\n|-damage|p2a: Oranguru|19\/100\n|-damage|p2b: Iron Hands|0 fnt\n|faint|p2b: Iron Hands\n|-end|p2b: Iron Hands|Quark Drive|[silent]\n|move|p2a: Oranguru|Instruct|p2: Iron Hands|[notarget]\n|-fail|p2a: Oranguru\n|\n|-heal|p1a: Eos|89\/100|[from] item: Leftovers\n|upkeep\n|c|\u2606MasterHand|Dope names btw\n|\n|t:|1699404457\n|switch|p2b: Parasect|Parasect, F|26\/100\n|turn|7\n|c|\u2606LightOfTheRuin|Thanks :)\n|\n|t:|1699404483\n|move|p2b: Parasect|Spore|p1b: Thanatos\n|-status|p1b: Thanatos|slp|[from] move: Spore\n|cant|p1b: Thanatos|slp\n|move|p2a: Oranguru|Yawn|p1a: Eos\n|-start|p1a: Eos|move: Yawn|[of] p2a: Oranguru\n|move|p1a: Eos|Pollen Puff|p1b: Thanatos\n|-heal|p1b: Thanatos|68\/100 slp\n|\n|-heal|p2b: Parasect|33\/100|[from] item: Leftovers\n|-heal|p1a: Eos|95\/100|[from] item: Leftovers\n|upkeep\n|turn|8\n|\n|t:|1699404511\n|switch|p2b: Enamorus|Enamorus, F|100\/100\n|switch|p1a: Demeter|Lurantis, F, tera:Fighting|19\/100\n|cant|p1b: Thanatos|slp\n|move|p2a: Oranguru|Yawn|p1a: Demeter\n|-start|p1a: Demeter|move: Yawn|[of] p2a: Oranguru\n|\n|-fieldend|move: Trick Room\n|upkeep\n|turn|9\n|\n|t:|1699404535\n|switch|p1a: Eos|Cherrim, F, shiny|95\/100\n|move|p2b: Enamorus|Springtide Storm|p1b: Thanatos|[spread] p1b\n|-miss|p2b: Enamorus|p1a: Eos\n|-damage|p1b: Thanatos|27\/100 slp\n|-unboost|p1b: Thanatos|atk|1\n|move|p2a: Oranguru|Instruct|p2b: Enamorus\n|-singleturn|p2b: Enamorus|move: Instruct|[of] p2a: Oranguru\n|move|p2b: Enamorus|Springtide Storm|p1a: Eos|[spread] p1a\n|-miss|p2b: Enamorus|p1b: Thanatos\n|-damage|p1a: Eos|50\/100\n|-unboost|p1a: Eos|atk|1\n|cant|p1b: Thanatos|slp\n|\n|-heal|p1a: Eos|56\/100|[from] item: Leftovers\n|upkeep\n|turn|10\n|\n|t:|1699404568\n|move|p2b: Enamorus|Springtide Storm|p1a: Eos|[spread] p1a\n|-miss|p2b: Enamorus|p1b: Thanatos\n|-damage|p1a: Eos|8\/100\n|-unboost|p1a: Eos|atk|1\n|move|p1a: Eos|Sunny Day|p1a: Eos\n|-weather|SunnyDay\n|-formechange|p1a: Eos|Cherrim-Sunshine|[msg]|[from] ability: Flower Gift\n|move|p2a: Oranguru|Instruct|p2b: Enamorus\n|-singleturn|p2b: Enamorus|move: Instruct|[of] p2a: Oranguru\n|move|p2b: Enamorus|Springtide Storm|p1b: Thanatos|[spread] p1a,p1b\n|-damage|p1a: Eos|0 fnt\n|-damage|p1b: Thanatos|0 fnt\n|faint|p1a: Eos\n|faint|p1b: Thanatos\n|\n|-weather|SunnyDay|[upkeep]\n|upkeep\n|\n|t:|1699404581\n|switch|p1a: Demeter|Lurantis, F, tera:Fighting|19\/100\n|turn|11\n|\n|t:|1699404587\n|move|p2b: Enamorus|Psychic|p1a: Demeter\n|-supereffective|p1a: Demeter\n|-damage|p1a: Demeter|0 fnt\n|faint|p1a: Demeter\n|\n|win|MasterHand\n|raw|LightOfTheRuin's rating: 1243 &rarr; <strong>1221<\/strong><br \/>(-22 for losing)\n|raw|MasterHand's rating: 1280 &rarr; <strong>1302<\/strong><br \/>(+22 for winning)\n|l|\u2606LightOfTheRuin\n|c|\u2606MasterHand|Ggwp\n|j| LogIce\n","uploadtime":1699404626,"views":5,"p1id":"lightoftheruin","p2id":"masterhand","formatid":"gen9nationaldexdoubles","rating":1221,"private":0,"password":""}