{"id":"gen9nationaldexdoubles-1984222478","p1":"SurfVGC","p2":"wweeeeoooee","format":"[Gen 9] National Dex Doubles","log":"|j|\u2606SurfVGC\n|j|\u2606wweeeeoooee\n|t:|1699231921\n|gametype|doubles\n|player|p1|SurfVGC|cress|1097\n|player|p2|wweeeeoooee|lass-gen4dp|1047\n|teamsize|p1|6\n|teamsize|p2|6\n|gen|9\n|tier|[Gen 9] National Dex Doubles\n|rated|\n|rule|HP Percentage Mod: HP is shown in percentages\n|rule|Endless Battle Clause: Forcing endless battles is banned\n|rule|OHKO Clause: OHKO moves are banned\n|rule|Evasion Moves Clause: Evasion moves are banned\n|rule|Evasion Abilities Clause: Evasion abilities are banned\n|rule|Species Clause: Limit one of each Pok\u00e9mon\n|rule|Gravity Sleep Clause: The combination of sleep-inducing moves with imperfect accuracy and Gravity or Gigantamax Orbeetle are banned\n|clearpoke\n|poke|p1|Reuniclus, M|\n|poke|p1|Incineroar, M|\n|poke|p1|Rhyperior, F|\n|poke|p1|Dusclops, F|\n|poke|p1|Iron Hands|\n|poke|p1|Torkoal, F|\n|poke|p2|Shuckle, M|\n|poke|p2|Dusclops, F|\n|poke|p2|Clefairy, F|\n|poke|p2|Scyther, F|\n|poke|p2|Sinistcha-Masterpiece|\n|poke|p2|Heracross, M|\n|teampreview\n|\n|t:|1699231927\n|start\n|switch|p1a: narwhal cat|Rhyperior, F|100\/100\n|switch|p1b: jelly cat|Reuniclus, M|100\/100\n|switch|p2a: Shuckle|Shuckle, M|100\/100\n|switch|p2b: Dusclops|Dusclops, F|100\/100\n|-item|p1a: narwhal cat|Weakness Policy|[from] ability: Frisk|[of] p2b: Dusclops|[identify]\n|-item|p1b: jelly cat|Leftovers|[from] ability: Frisk|[of] p2b: Dusclops|[identify]\n|turn|1\n|\n|t:|1699231946\n|move|p1a: narwhal cat|Protect|p1a: narwhal cat\n|-singleturn|p1a: narwhal cat|Protect\n|move|p1b: jelly cat|Psychic|p2a: Shuckle\n|-damage|p2a: Shuckle|72\/100\n|move|p2a: Shuckle|Power Trick|p2a: Shuckle\n|-start|p2a: Shuckle|Power Trick\n|move|p2b: Dusclops|Trick Room|p2b: Dusclops\n|-fieldstart|move: Trick Room|[of] p2b: Dusclops\n|\n|upkeep\n|turn|2\n|\n|t:|1699231970\n|move|p2a: Shuckle|Gyro Ball|p1a: narwhal cat\n|-supereffective|p1a: narwhal cat\n|-damage|p1a: narwhal cat|24\/100\n|-enditem|p1a: narwhal cat|Weakness Policy\n|-boost|p1a: narwhal cat|atk|2|[from] item: Weakness Policy\n|-boost|p1a: narwhal cat|spa|2|[from] item: Weakness Policy\n|move|p1b: jelly cat|Gyro Ball|p1a: narwhal cat\n|-supereffective|p1a: narwhal cat\n|-damage|p1a: narwhal cat|19\/100\n|move|p1a: narwhal cat|Earthquake|p2a: Shuckle|[spread] p1b,p2a,p2b\n|-damage|p1b: jelly cat|20\/100\n|-damage|p2a: Shuckle|0 fnt\n|-damage|p2b: Dusclops|28\/100\n|faint|p2a: Shuckle\n|move|p2b: Dusclops|Memento|p1b: jelly cat\n|-unboost|p1b: jelly cat|atk|2\n|-unboost|p1b: jelly cat|spa|2\n|faint|p2b: Dusclops\n|\n|-heal|p1b: jelly cat|26\/100|[from] item: Leftovers\n|upkeep\n|c|\u2606wweeeeoooee|whoops\n|\n|t:|1699231993\n|switch|p2a: Heracross|Heracross, M|100\/100\n|switch|p2b: Clefairy|Clefairy, F|100\/100\n|turn|3\n|\n|t:|1699232009\n|move|p1b: jelly cat|Ally Switch|p1b: jelly cat\n|swap|p1b: jelly cat|0|[from] move: Ally Switch\n|move|p1b: narwhal cat|Rock Slide|p2a: Heracross|[spread] p2b\n|-miss|p1b: narwhal cat|p2a: Heracross\n|-damage|p2b: Clefairy|34\/100\n|move|p2b: Clefairy|Heal Pulse|p2a: Heracross\n|-fail|p2a: Heracross|heal\n|move|p2a: Heracross|Throat Chop|p1a: jelly cat\n|-supereffective|p1a: jelly cat\n|-damage|p1a: jelly cat|0 fnt\n|faint|p1a: jelly cat\n|-ability|p2a: Heracross|Moxie|boost\n|-boost|p2a: Heracross|atk|1\n|\n|upkeep\n|\n|t:|1699232023\n|switch|p1a: handy cat|Iron Hands|100\/100\n|turn|4\n|\n|t:|1699232033\n|move|p1a: handy cat|Fake Out|p2a: Heracross\n|-crit|p2a: Heracross\n|-damage|p2a: Heracross|73\/100\n|move|p2b: Clefairy|Follow Me|p2b: Clefairy\n|-singleturn|p2b: Clefairy|move: Follow Me\n|move|p1b: narwhal cat|Rock Slide|p2a: Heracross|[spread] p2a,p2b\n|-crit|p2b: Clefairy\n|-damage|p2a: Heracross|0 fnt\n|-damage|p2b: Clefairy|0 fnt\n|faint|p2a: Heracross\n|faint|p2b: Clefairy\n|\n|upkeep\n|\n|t:|1699232045\n|switch|p2b: Sinistcha|Sinistcha-Masterpiece|100\/100\n|switch|p2a: Scyther|Scyther, F|100\/100\n|turn|5\n|\n|t:|1699232055\n|move|p2b: Sinistcha|Rage Powder|p2b: Sinistcha\n|-singleturn|p2b: Sinistcha|move: Rage Powder\n|move|p1b: narwhal cat|Rock Slide|p2b: Sinistcha|[spread] p2a,p2b\n|-supereffective|p2a: Scyther\n|-damage|p2a: Scyther|0 fnt\n|-damage|p2b: Sinistcha|44\/100\n|faint|p2a: Scyther\n|move|p1a: handy cat|Heavy Slam|p2b: Sinistcha\n|-crit|p2b: Sinistcha\n|-damage|p2b: Sinistcha|0 fnt\n|faint|p2b: Sinistcha\n|\n|win|SurfVGC\n|raw|SurfVGC's rating: 1097 &rarr; <strong>1119<\/strong><br \/>(+22 for winning)\n|raw|wweeeeoooee's rating: 1047 &rarr; <strong>1032<\/strong><br \/>(-15 for losing)\n|c|\u2606wweeeeoooee|oofa\n|c|\u2606wweeeeoooee|oopsie\n|c|\u2606wweeeeoooee|gg\n|c|\u2606SurfVGC|gg\n|c|\u2606SurfVGC|i'm just glad it wasn't simple beam swoobat\n|c|\u2606SurfVGC|i have a newfound hatred for it after tody\n|c|\u2606SurfVGC|today*\n|c|\u2606wweeeeoooee|im justa dumbass trying to win with silly shuck;e\n|c|\u2606SurfVGC|shuckle is funny\n|c|\u2606wweeeeoooee|no smart things from me\n|c|\u2606wweeeeoooee|forrealium\n|c|\u2606SurfVGC|i respect it\n|c|\u2606wweeeeoooee|tyty\n|c|\u2606wweeeeoooee|have greatday\n|c|\u2606SurfVGC|i just wanted to use reuniclus\n|c|\u2606SurfVGC|love me my jelly cat\n|c|\u2606wweeeeoooee|ITS A CAT\n|c|\u2606wweeeeoooee|WHA\n|c|\u2606wweeeeoooee|MY BRAIN\n|c|\u2606SurfVGC|i don't think its a cat\n|c|\u2606wweeeeoooee|fun fact\n|c|\u2606wweeeeoooee|if you drink its goo you gain infinite wisdom and also instant death\n|c|\u2606SurfVGC|but it gives me cat vibes\n|c|\u2606SurfVGC|oh\n|c|\u2606wweeeeoooee|basically a tidepod\n|c|\u2606SurfVGC|big brain disease\n|c|\u2606wweeeeoooee|forrealium\n","uploadtime":1699232201,"views":4,"p1id":"surfvgc","p2id":"wweeeeoooee","formatid":"gen9nationaldexdoubles","rating":1032,"private":0,"password":""}