{"id":"gen9nationaldexdoubles-1973093085","p1":"pootis8432","p2":"VikrThe","format":"[Gen 9] National Dex Doubles","log":"|j|\u2606pootis8432\n|j|\u2606VikrThe\n|t:|1697926807\n|gametype|doubles\n|player|p1|pootis8432|102|\n|player|p2|VikrThe|265|\n|teamsize|p1|6\n|teamsize|p2|6\n|gen|9\n|tier|[Gen 9] National Dex Doubles\n|rule|HP Percentage Mod: HP is shown in percentages\n|rule|Endless Battle Clause: Forcing endless battles is banned\n|rule|OHKO Clause: OHKO moves are banned\n|rule|Evasion Moves Clause: Evasion moves are banned\n|rule|Evasion Abilities Clause: Evasion abilities are banned\n|rule|Species Clause: Limit one of each Pok\u00e9mon\n|rule|Gravity Sleep Clause: The combination of sleep-inducing moves with imperfect accuracy and Gravity or Gigantamax Orbeetle are banned\n|clearpoke\n|poke|p1|Snorlax, M|\n|poke|p1|Talonflame, F|\n|poke|p1|Drifblim, M|\n|poke|p1|Vivillon-Fancy, F|\n|poke|p1|Sudowoodo, M|\n|poke|p1|Scrafty, M|\n|poke|p2|Vivillon, F|\n|poke|p2|Diggersby, M|\n|poke|p2|Gyarados, F|\n|poke|p2|Raichu, F|\n|poke|p2|Obstagoon, M|\n|poke|p2|Persian-Alola, M|\n|teampreview\n|inactive|Battle timer is ON: inactive players will automatically lose when time's up. (requested by pootis8432)\n|\n|t:|1697926832\n|start\n|switch|p1a: Drifblim|Drifblim, M, shiny|100\/100\n|switch|p1b: Vivillon|Vivillon-Fancy, F|100\/100\n|switch|p2a: Persian|Persian-Alola, M|100\/100\n|switch|p2b: Gyarados|Gyarados, F|100\/100\n|-ability|p2b: Gyarados|Intimidate|boost\n|-unboost|p1a: Drifblim|atk|1\n|-unboost|p1b: Vivillon|atk|1\n|turn|1\n|\n|t:|1697926849\n|move|p2a: Persian|Fake Out|p1b: Vivillon\n|-crit|p1b: Vivillon\n|-damage|p1b: Vivillon|82\/100\n|cant|p1b: Vivillon|flinch\n|move|p2b: Gyarados|Dragon Dance|p2b: Gyarados\n|-boost|p2b: Gyarados|atk|1\n|-boost|p2b: Gyarados|spe|1\n|move|p1a: Drifblim|Air Slash|p2b: Gyarados\n|-damage|p2b: Gyarados|66\/100\n|\n|upkeep\n|turn|2\n|\n|t:|1697926871\n|move|p2b: Gyarados|Stone Edge|p1a: Drifblim\n|-supereffective|p1a: Drifblim\n|-enditem|p1a: Drifblim|Focus Sash\n|-damage|p1a: Drifblim|1\/100\n|-damage|p2b: Gyarados|56\/100|[from] item: Life Orb\n|move|p2a: Persian|Taunt|p1b: Vivillon\n|-start|p1b: Vivillon|move: Taunt\n|cant|p1b: Vivillon|move: Taunt|Sleep Powder\n|move|p1a: Drifblim|Trick Room|p1a: Drifblim\n|-fieldstart|move: Trick Room|[of] p1a: Drifblim\n|\n|upkeep\n|turn|3\n|\n|t:|1697926890\n|move|p1a: Drifblim|Air Slash|p2b: Gyarados\n|-damage|p2b: Gyarados|22\/100\n|move|p1b: Vivillon|Hurricane|p2b: Gyarados\n|-damage|p2b: Gyarados|0 fnt\n|faint|p2b: Gyarados\n|move|p2a: Persian|Knock Off|p1a: Drifblim\n|-supereffective|p1a: Drifblim\n|-damage|p1a: Drifblim|0 fnt\n|-damage|p2a: Persian|76\/100|[from] ability: Aftermath|[of] p1a: Drifblim\n|faint|p1a: Drifblim\n|\n|upkeep\n|\n|t:|1697926908\n|switch|p1a: Snorlax|Snorlax, M, shiny|100\/100\n|switch|p2b: Diggersby|Diggersby, M|100\/100\n|turn|4\n|\n|t:|1697926917\n|move|p1a: Snorlax|Double-Edge|p2b: Diggersby\n|-damage|p2b: Diggersby|13\/100\n|-damage|p1a: Snorlax|81\/100|[from] Recoil\n|move|p2b: Diggersby|Swords Dance|p2b: Diggersby\n|-boost|p2b: Diggersby|atk|2\n|move|p1b: Vivillon|Hurricane|p2b: Diggersby\n|-damage|p2b: Diggersby|0 fnt\n|faint|p2b: Diggersby\n|move|p2a: Persian|Parting Shot|p1a: Snorlax\n|-unboost|p1a: Snorlax|atk|1\n|-unboost|p1a: Snorlax|spa|1\n|\n|t:|1697926928\n|switch|p2a: Obstagoon|Obstagoon, M|100\/100|[from] Parting Shot\n|\n|-end|p1b: Vivillon|move: Taunt\n|-status|p2a: Obstagoon|brn|[from] item: Flame Orb\n|upkeep\n|c|\u2606pootis8432|SD in trick room\n|c|\u2606pootis8432|Little bold\n|\n|t:|1697926935\n|switch|p2b: Raichu|Raichu, F|100\/100\n|turn|5\n|\n|t:|1697926947\n|move|p2b: Raichu|Fake Out|p1b: Vivillon\n|-damage|p1b: Vivillon|68\/100\n|move|p1a: Snorlax|Earthquake|p2a: Obstagoon|[spread] p2a,p2b\n|-immune|p1b: Vivillon\n|-crit|p2a: Obstagoon\n|-supereffective|p2b: Raichu\n|-damage|p2a: Obstagoon|60\/100 brn\n|-damage|p2b: Raichu|44\/100\n|-enditem|p2b: Raichu|Sitrus Berry|[eat]\n|-heal|p2b: Raichu|69\/100|[from] item: Sitrus Berry\n|cant|p1b: Vivillon|flinch\n|move|p2a: Obstagoon|Knock Off|p1a: Snorlax\n|-damage|p1a: Snorlax|33\/100\n|-enditem|p1a: Snorlax|Figy Berry|[from] move: Knock Off|[of] p2a: Obstagoon\n|\n|-damage|p2a: Obstagoon|54\/100 brn|[from] brn\n|upkeep\n|turn|6\n|\n|t:|1697926970\n|move|p2a: Obstagoon|Obstruct|p2a: Obstagoon\n|-singleturn|p2a: Obstagoon|Protect\n|move|p1a: Snorlax|Earthquake|p2b: Raichu|[spread] p2b\n|-activate|p2a: Obstagoon|move: Protect\n|-immune|p1b: Vivillon\n|-supereffective|p2b: Raichu\n|-damage|p2b: Raichu|6\/100\n|move|p1b: Vivillon|Sleep Powder|p2b: Raichu\n|-status|p2b: Raichu|slp|[from] move: Sleep Powder\n|cant|p2b: Raichu|slp\n|\n|-damage|p2a: Obstagoon|48\/100 brn|[from] brn\n|-fieldend|move: Trick Room\n|upkeep\n|turn|7\n|\n|t:|1697926996\n|cant|p2b: Raichu|slp\n|move|p2a: Obstagoon|Facade|p1a: Snorlax\n|-damage|p1a: Snorlax|0 fnt\n|faint|p1a: Snorlax\n|move|p1b: Vivillon|Hurricane|p2a: Obstagoon\n|-damage|p2a: Obstagoon|0 fnt\n|faint|p2a: Obstagoon\n|\n|upkeep\n|\n|t:|1697927007\n|switch|p2a: Vivillon|Vivillon, F|100\/100\n|switch|p1a: Scrafty|Scrafty, M, shiny|100\/100\n|-ability|p1a: Scrafty|Intimidate|boost\n|-unboost|p2a: Vivillon|atk|1\n|-unboost|p2b: Raichu|atk|1\n|turn|8\n|c|\u2606VikrThe|I think it\u2019s gg now\n|\n|t:|1697927026\n|move|p1a: Scrafty|Fake Out|p2b: Raichu\n|-damage|p2b: Raichu|0 fnt\n|faint|p2b: Raichu\n|move|p1b: Vivillon|Sleep Powder|p2a: Vivillon\n|-status|p2a: Vivillon|slp|[from] move: Sleep Powder\n|cant|p2a: Vivillon|slp\n|\n|upkeep\n|c|\u2606pootis8432|I can get some misses\n|\n|t:|1697927032\n|switch|p2b: Persian|Persian-Alola, M|76\/100\n|turn|9\n|c|\u2606pootis8432|Not over yet\n|\n|t:|1697927043\n|-curestatus|p2a: Vivillon|slp|[msg]\n|move|p2a: Vivillon|Rage Powder|p2a: Vivillon\n|-singleturn|p2a: Vivillon|move: Rage Powder\n|move|p2b: Persian|Knock Off|p1a: Scrafty\n|-resisted|p1a: Scrafty\n|-damage|p1a: Scrafty|96\/100\n|-enditem|p1a: Scrafty|Sitrus Berry|[from] move: Knock Off|[of] p2b: Persian\n|move|p1b: Vivillon|Hurricane|p2a: Vivillon\n|-supereffective|p2a: Vivillon\n|-enditem|p2a: Vivillon|Focus Sash\n|-damage|p2a: Vivillon|1\/100\n|-start|p2a: Vivillon|confusion\n|move|p1a: Scrafty|Close Combat|p2a: Vivillon\n|-resisted|p2a: Vivillon\n|-damage|p2a: Vivillon|0 fnt\n|-unboost|p1a: Scrafty|def|1\n|-unboost|p1a: Scrafty|spd|1\n|faint|p2a: Vivillon\n|\n|upkeep\n|turn|10\n|c|\u2606pootis8432|Now it's gg\n|\n|t:|1697927066\n|move|p1b: Vivillon|Rage Powder|p1b: Vivillon\n|-singleturn|p1b: Vivillon|move: Rage Powder\n|move|p2b: Persian|Knock Off|p1b: Vivillon\n|-damage|p1b: Vivillon|26\/100\n|-enditem|p1b: Vivillon|Focus Sash|[from] move: Knock Off|[of] p2b: Persian\n|move|p1a: Scrafty|Close Combat|p2b: Persian\n|-supereffective|p2b: Persian\n|-damage|p2b: Persian|0 fnt\n|-unboost|p1a: Scrafty|def|1\n|-unboost|p1a: Scrafty|spd|1\n|faint|p2b: Persian\n|\n|win|pootis8432\n|c|\u2606VikrThe|Yeah now it is\n|c|\u2606VikrThe|My Persian\u2019s only attack is knock\n","uploadtime":1697927080,"views":12,"p1id":"pootis8432","p2id":"vikrthe","formatid":"gen9nationaldexdoubles","rating":0,"private":0,"password":""}