{"id":"gen9nationaldexdoubles-1989161197","p1":"Vican259","p2":"thatsrealnito2","format":"[Gen 9] National Dex Doubles","log":"|j|\u2606Vican259\n|j|\u2606thatsrealnito2\n|t:|1699818707\n|gametype|doubles\n|player|p1|Vican259|bellelba|\n|player|p2|thatsrealnito2|iris-gen5bw2|\n|teamsize|p1|6\n|teamsize|p2|6\n|gen|9\n|tier|[Gen 9] National Dex Doubles\n|rule|HP Percentage Mod: HP is shown in percentages\n|rule|Endless Battle Clause: Forcing endless battles is banned\n|rule|OHKO Clause: OHKO moves are banned\n|rule|Evasion Moves Clause: Evasion moves are banned\n|rule|Evasion Abilities Clause: Evasion abilities are banned\n|rule|Species Clause: Limit one of each Pok\u00e9mon\n|rule|Gravity Sleep Clause: The combination of sleep-inducing moves with imperfect accuracy and Gravity or Gigantamax Orbeetle are banned\n|clearpoke\n|poke|p1|Ting-Lu|\n|poke|p1|Crawdaunt, F|\n|poke|p1|Honchkrow, F|\n|poke|p1|Wo-Chien|\n|poke|p1|Houndoom, F|\n|poke|p1|Hydreigon, M|\n|poke|p2|Dracozolt|\n|poke|p2|Flygon, M|\n|poke|p2|Appletun, F|\n|poke|p2|Goodra, M|\n|poke|p2|Noivern, F|\n|poke|p2|Turtonator, M|\n|teampreview\n|\n|t:|1699818717\n|start\n|switch|p1a: No sp atac|Ting-Lu|100\/100\n|switch|p1b: Honchkrow|Honchkrow, F|100\/100\n|switch|p2a: Mr Bat|Noivern, F|100\/100\n|switch|p2b: a good boi|Appletun, F|100\/100\n|-ability|p1a: No sp atac|Vessel of Ruin\n|turn|1\n|\n|t:|1699818741\n|-terastallize|p2b: a good boi|Steel\n|move|p2a: Mr Bat|U-turn|p1b: Honchkrow\n|-damage|p1b: Honchkrow|84\/100\n|\n|t:|1699818749\n|switch|p2a: Turtle|Turtonator, M|100\/100|[from] U-turn\n|move|p1b: Honchkrow|Brave Bird|p2b: a good boi\n|-resisted|p2b: a good boi\n|-damage|p2b: a good boi|70\/100\n|-damage|p1b: Honchkrow|71\/100|[from] Recoil\n|move|p1a: No sp atac|Stealth Rock|p2a: Turtle\n|-sidestart|p2: thatsrealnito2|move: Stealth Rock\n|move|p2b: a good boi|Leech Seed|p1a: No sp atac\n|-start|p1a: No sp atac|move: Leech Seed\n|\n|-heal|p2b: a good boi|76\/100|[from] item: Leftovers\n|-damage|p1a: No sp atac|88\/100|[from] Leech Seed|[of] p2b: a good boi\n|-heal|p2b: a good boi|90\/100|[silent]\n|upkeep\n|turn|2\n|\n|t:|1699818783\n|move|p1b: Honchkrow|Brave Bird|p2a: Turtle\n|-damage|p2a: Turtle|37\/100\n|-damage|p1b: Honchkrow|55\/100|[from] Recoil\n|move|p2a: Turtle|Fire Blast|p1a: No sp atac\n|-damage|p1a: No sp atac|66\/100\n|move|p1a: No sp atac|Earthquake|p2b: a good boi|[spread] p2a,p2b\n|-immune|p1b: Honchkrow\n|-supereffective|p2a: Turtle\n|-supereffective|p2b: a good boi\n|-damage|p2a: Turtle|0 fnt\n|-damage|p2b: a good boi|25\/100\n|faint|p2a: Turtle\n|move|p2b: a good boi|Apple Acid|p1b: Honchkrow\n|-resisted|p1b: Honchkrow\n|-damage|p1b: Honchkrow|38\/100\n|-unboost|p1b: Honchkrow|spd|1\n|\n|-heal|p1a: No sp atac|72\/100|[from] item: Leftovers\n|-heal|p2b: a good boi|31\/100|[from] item: Leftovers\n|-damage|p1a: No sp atac|60\/100|[from] Leech Seed|[of] p2b: a good boi\n|-heal|p2b: a good boi|45\/100|[silent]\n|upkeep\n|\n|t:|1699818803\n|switch|p2a: zolt|Dracozolt, shiny|100\/100\n|-damage|p2a: zolt|88\/100|[from] Stealth Rock\n|turn|3\n|\n|t:|1699818816\n|move|p1b: Honchkrow|U-turn|p2a: zolt\n|-damage|p2a: zolt|56\/100\n|\n|t:|1699818827\n|switch|p1b: Crawdaunt|Crawdaunt, F|100\/100|[from] U-turn\n|move|p2a: zolt|Bolt Beak|p1b: Crawdaunt\n|-supereffective|p1b: Crawdaunt\n|-damage|p1b: Crawdaunt|0 fnt\n|faint|p1b: Crawdaunt\n|move|p1a: No sp atac|Earthquake|p2b: a good boi|[spread] p2a,p2b\n|-supereffective|p2a: zolt\n|-supereffective|p2b: a good boi\n|-damage|p2a: zolt|0 fnt\n|-damage|p2b: a good boi|0 fnt\n|faint|p2a: zolt\n|faint|p2b: a good boi\n|\n|-heal|p1a: No sp atac|66\/100|[from] item: Leftovers\n|upkeep\n|\n|t:|1699818844\n|switch|p2a: goggles|Flygon, M|100\/100\n|switch|p1b: Honchkrow|Honchkrow, F|38\/100\n|switch|p2b: goo|Goodra, M|100\/100\n|-damage|p2a: goggles|95\/100|[from] Stealth Rock\n|-damage|p2b: goo|88\/100|[from] Stealth Rock\n|turn|4\n|\n|t:|1699818873\n|move|p1a: No sp atac|Protect|p1a: No sp atac\n|-singleturn|p1a: No sp atac|Protect\n|move|p2a: goggles|Stone Edge|p1a: No sp atac\n|-activate|p1a: No sp atac|move: Protect\n|move|p2b: goo|Thunderbolt|p1b: Honchkrow\n|-supereffective|p1b: Honchkrow\n|-damage|p1b: Honchkrow|0 fnt\n|faint|p1b: Honchkrow\n|\n|-heal|p1a: No sp atac|72\/100|[from] item: Leftovers\n|-damage|p1a: No sp atac|60\/100|[from] Leech Seed|[of] p2b: goo\n|-heal|p2b: goo|100\/100|[silent]\n|upkeep\n|\n|t:|1699818889\n|switch|p1b: Hydreigon|Hydreigon, M|100\/100\n|turn|5\n|\n|t:|1699818908\n|-terastallize|p1b: Hydreigon|Steel\n|move|p2a: goggles|Stone Edge|p1b: Hydreigon|[miss]\n|-miss|p2a: goggles|p1b: Hydreigon\n|move|p1b: Hydreigon|Draco Meteor|p2b: goo\n|-supereffective|p2b: goo\n|-damage|p2b: goo|0 fnt\n|-unboost|p1b: Hydreigon|spa|2\n|faint|p2b: goo\n|move|p1a: No sp atac|Earthquake|p2a: goggles|[spread] \n|-immune|p1b: Hydreigon|[from] ability: Levitate\n|-immune|p2a: goggles|[from] ability: Levitate\n|\n|-heal|p1a: No sp atac|66\/100|[from] item: Leftovers\n|upkeep\n|\n|t:|1699818930\n|switch|p2b: Mr Bat|Noivern, F|100\/100\n|turn|6\n|\n|t:|1699818954\n|switch|p1b: Houndoom|Houndoom, F|100\/100\n|move|p1a: No sp atac|Protect|p1a: No sp atac\n|-singleturn|p1a: No sp atac|Protect\n|move|p2b: Mr Bat|Flamethrower|p1a: No sp atac\n|-activate|p1a: No sp atac|move: Protect\n|move|p2a: goggles|Stone Edge|p1b: Houndoom|[miss]\n|-miss|p2a: goggles|p1b: Houndoom\n|\n|-heal|p1a: No sp atac|72\/100|[from] item: Leftovers\n|-damage|p1a: No sp atac|60\/100|[from] Leech Seed|[of] p2b: Mr Bat\n|upkeep\n|turn|7\n|\n|t:|1699818983\n|detailschange|p1b: Houndoom|Houndoom-Mega, F\n|-mega|p1b: Houndoom|Houndoom|Houndoominite\n|move|p2b: Mr Bat|Flamethrower|p1a: No sp atac\n|-damage|p1a: No sp atac|47\/100\n|move|p1b: Houndoom|Dark Pulse|p2a: goggles\n|-damage|p2a: goggles|54\/100\n|move|p2a: goggles|Stone Edge|p1b: Houndoom\n|-supereffective|p1b: Houndoom\n|-damage|p1b: Houndoom|12\/100\n|-damage|p2a: goggles|44\/100|[from] item: Life Orb\n|move|p1a: No sp atac|Throat Chop|p2a: goggles\n|-damage|p2a: goggles|0 fnt\n|faint|p2a: goggles\n|\n|-heal|p1a: No sp atac|53\/100|[from] item: Leftovers\n|-damage|p1a: No sp atac|40\/100|[from] Leech Seed|[of] p2b: Mr Bat\n|upkeep\n|turn|8\n|\n|t:|1699819006\n|move|p2b: Mr Bat|Flamethrower|p1b: Houndoom\n|-resisted|p1b: Houndoom\n|-damage|p1b: Houndoom|1\/100\n|move|p1b: Houndoom|Dark Pulse|p2b: Mr Bat\n|-damage|p2b: Mr Bat|58\/100\n|move|p1a: No sp atac|Throat Chop|p2b: Mr Bat\n|-damage|p2b: Mr Bat|14\/100\n|-start|p2b: Mr Bat|Throat Chop|[silent]\n|\n|-heal|p1a: No sp atac|46\/100|[from] item: Leftovers\n|-damage|p1a: No sp atac|34\/100|[from] Leech Seed|[of] p2b: Mr Bat\n|-heal|p2b: Mr Bat|34\/100|[silent]\n|upkeep\n|turn|9\n|\n|t:|1699819026\n|move|p2b: Mr Bat|U-turn|p1b: Houndoom\n|-damage|p1b: Houndoom|0 fnt\n|faint|p1b: Houndoom\n|move|p1a: No sp atac|Throat Chop|p2b: Mr Bat\n|-damage|p2b: Mr Bat|0 fnt\n|faint|p2b: Mr Bat\n|\n|win|Vican259\n","uploadtime":1699819037,"views":7,"p1id":"vican259","p2id":"thatsrealnito2","formatid":"gen9nationaldexdoubles","rating":0,"private":0,"password":""}