{"id":"gen9nationaldexdoubles-1969183799","p1":"Specs Hex Pex","p2":"IrishHawk","format":"[Gen 9] National Dex Doubles","log":"|j|\u2606Specs Hex Pex\n|j|\u2606IrishHawk\n|t:|1697497984\n|gametype|doubles\n|player|p1|Specs Hex Pex|lady|\n|player|p2|IrishHawk|101|\n|teamsize|p1|6\n|teamsize|p2|6\n|gen|9\n|tier|[Gen 9] National Dex Doubles\n|rule|HP Percentage Mod: HP is shown in percentages\n|rule|Endless Battle Clause: Forcing endless battles is banned\n|rule|OHKO Clause: OHKO moves are banned\n|rule|Evasion Moves Clause: Evasion moves are banned\n|rule|Evasion Abilities Clause: Evasion abilities are banned\n|rule|Species Clause: Limit one of each Pok\u00e9mon\n|rule|Gravity Sleep Clause: The combination of sleep-inducing moves with imperfect accuracy and Gravity or Gigantamax Orbeetle are banned\n|clearpoke\n|poke|p1|Heatran, F|\n|poke|p1|Blacephalon|\n|poke|p1|Arcanine, F|\n|poke|p1|Reuniclus, F|\n|poke|p1|Torkoal, M|\n|poke|p1|Scovillain, M|\n|poke|p2|Chandelure, F|\n|poke|p2|Tapu Koko|\n|poke|p2|Raichu-Alola, M|\n|poke|p2|Ursaluna-Bloodmoon, M|\n|poke|p2|Pelipper, F|\n|poke|p2|Ogerpon-Wellspring, F|\n|teampreview\n|c|\u2606Specs Hex Pex|gl hf\n|\n|t:|1697498010\n|start\n|switch|p1a: Arcanine|Arcanine, F|100\/100\n|switch|p1b: Reuniclus|Reuniclus, F|100\/100\n|switch|p2a: Tapu Koko|Tapu Koko|100\/100\n|switch|p2b: Raichu|Raichu-Alola, M|100\/100\n|-fieldstart|move: Electric Terrain|[from] ability: Electric Surge|[of] p2a: Tapu Koko\n|-ability|p1a: Arcanine|Intimidate|boost\n|-unboost|p2a: Tapu Koko|atk|1\n|-unboost|p2b: Raichu|atk|1\n|turn|1\n|\n|t:|1697498028\n|-terastallize|p2b: Raichu|Electric\n|move|p2b: Raichu|Rising Voltage|p1b: Reuniclus\n|-hint|Rising Voltage's BP doubled on grounded target.\n|-damage|p1b: Reuniclus|0 fnt\n|faint|p1b: Reuniclus\n|move|p2a: Tapu Koko|Light Screen|p2a: Tapu Koko\n|-sidestart|p2: IrishHawk|move: Light Screen\n|move|p1a: Arcanine|Snarl|p2a: Tapu Koko|[spread] p2a,p2b\n|-resisted|p2a: Tapu Koko\n|-damage|p2a: Tapu Koko|96\/100\n|-damage|p2b: Raichu|92\/100\n|-unboost|p2a: Tapu Koko|spa|1\n|-unboost|p2b: Raichu|spa|1\n|\n|upkeep\n|\n|t:|1697498046\n|switch|p1b: Heatran|Heatran, F|100\/100\n|turn|2\n|\n|t:|1697498054\n|move|p1b: Heatran|Protect|p1b: Heatran\n|-singleturn|p1b: Heatran|Protect\n|move|p2b: Raichu|Rising Voltage|p1a: Arcanine\n|-hint|Rising Voltage's BP doubled on grounded target.\n|-damage|p1a: Arcanine|0 fnt\n|faint|p1a: Arcanine\n|move|p2a: Tapu Koko|Thunderbolt|p1b: Heatran\n|-activate|p1b: Heatran|move: Protect\n|\n|upkeep\n|\n|t:|1697498063\n|switch|p1a: Blacephalon|Blacephalon|100\/100\n|turn|3\n|\n|t:|1697498079\n|switch|p1a: Scovillain|Scovillain, M|100\/100\n|move|p2b: Raichu|Rising Voltage|p1a: Scovillain\n|-hint|Rising Voltage's BP doubled on grounded target.\n|-resisted|p1a: Scovillain\n|-damage|p1a: Scovillain|17\/100\n|move|p2a: Tapu Koko|Thunderbolt|p1b: Heatran\n|-damage|p1b: Heatran|70\/100\n|move|p1b: Heatran|Earth Power|p2b: Raichu\n|-supereffective|p2b: Raichu\n|-damage|p2b: Raichu|25\/100\n|\n|-heal|p1a: Scovillain|24\/100|[from] item: Leftovers\n|upkeep\n|turn|4\n|\n|t:|1697498098\n|move|p1a: Scovillain|Rage Powder|p1a: Scovillain\n|-singleturn|p1a: Scovillain|move: Rage Powder\n|move|p2b: Raichu|Rising Voltage|p1a: Scovillain\n|-hint|Rising Voltage's BP doubled on grounded target.\n|-resisted|p1a: Scovillain\n|-damage|p1a: Scovillain|0 fnt\n|faint|p1a: Scovillain\n|move|p2a: Tapu Koko|Thunderbolt|p1b: Heatran\n|-damage|p1b: Heatran|38\/100\n|move|p1b: Heatran|Heat Wave|p2a: Tapu Koko|[spread] p2a,p2b\n|-damage|p2a: Tapu Koko|56\/100\n|-damage|p2b: Raichu|0 fnt\n|faint|p2b: Raichu\n|\n|upkeep\n|\n|t:|1697498115\n|switch|p2b: Chandelure|Chandelure, F|100\/100\n|switch|p1a: Torkoal|Torkoal, M|100\/100\n|-weather|SunnyDay|[from] ability: Drought|[of] p1a: Torkoal\n|turn|5\n|\n|t:|1697498127\n|move|p1b: Heatran|Protect|p1b: Heatran\n|-singleturn|p1b: Heatran|Protect\n|move|p2a: Tapu Koko|Thunderbolt|p1a: Torkoal\n|-damage|p1a: Torkoal|56\/100\n|move|p2b: Chandelure|Shadow Ball|p1b: Heatran\n|-activate|p1b: Heatran|move: Protect\n|move|p1a: Torkoal|Earth Power|p2b: Chandelure\n|-supereffective|p2b: Chandelure\n|-damage|p2b: Chandelure|63\/100\n|\n|-weather|SunnyDay|[upkeep]\n|-sideend|p2: IrishHawk|move: Light Screen\n|upkeep\n|turn|6\n|\n|t:|1697498162\n|move|p2a: Tapu Koko|Thunderbolt|p1b: Heatran\n|-damage|p1b: Heatran|3\/100\n|move|p1b: Heatran|Earth Power|p2b: Chandelure\n|-supereffective|p2b: Chandelure\n|-damage|p2b: Chandelure|0 fnt\n|faint|p2b: Chandelure\n|move|p1a: Torkoal|Lava Plume|p2a: Tapu Koko|[spread] p2a\n|-start|p1b: Heatran|ability: Flash Fire\n|-damage|p2a: Tapu Koko|0 fnt\n|faint|p2a: Tapu Koko\n|\n|-weather|SunnyDay|[upkeep]\n|upkeep\n|\n|t:|1697498211\n|switch|p2a: Pelipper|Pelipper, F|100\/100\n|switch|p2b: Ogerpon|Ogerpon-Wellspring, F|100\/100\n|-weather|RainDance|[from] ability: Drizzle|[of] p2a: Pelipper\n|turn|7\n|l|\u2606IrishHawk\n|player|p2|\n|j|\u2606IrishHawk\n|player|p2|IrishHawk|101\n|c|\u2606IrishHawk|Sorry my internet went out\n|c|\u2606Specs Hex Pex|No worries\n|\n|t:|1697498335\n|switch|p1a: Blacephalon|Blacephalon|100\/100\n|move|p1b: Heatran|Protect|p1b: Heatran\n|-singleturn|p1b: Heatran|Protect\n|move|p2b: Ogerpon|Ivy Cudgel|p1a: Blacephalon\n|-supereffective|p1a: Blacephalon\n|-crit|p1a: Blacephalon\n|-damage|p1a: Blacephalon|0 fnt\n|faint|p1a: Blacephalon\n|move|p2a: Pelipper|Hurricane|p1b: Heatran\n|-activate|p1b: Heatran|move: Protect\n|\n|-weather|RainDance|[upkeep]\n|upkeep\n|c|\u2606Specs Hex Pex|It happens to me sometimes too\n|\n|t:|1697498346\n|switch|p1a: Torkoal|Torkoal, M|56\/100\n|-weather|SunnyDay|[from] ability: Drought|[of] p1a: Torkoal\n|turn|8\n|\n|t:|1697498370\n|switch|p2a: Ursaluna|Ursaluna-Bloodmoon, M|100\/100\n|move|p2b: Ogerpon|Ivy Cudgel|p1b: Heatran\n|-supereffective|p1b: Heatran\n|-damage|p1b: Heatran|0 fnt\n|faint|p1b: Heatran\n|move|p1a: Torkoal|Lava Plume|p2a: Ursaluna|[spread] p2a,p2b\n|-damage|p2a: Ursaluna|63\/100\n|-damage|p2b: Ogerpon|47\/100\n|-status|p2a: Ursaluna|brn\n|\n|-weather|SunnyDay|[upkeep]\n|-damage|p2a: Ursaluna|57\/100 brn|[from] brn\n|-fieldend|move: Electric Terrain\n|upkeep\n|turn|9\n|\n|t:|1697498385\n|move|p2b: Ogerpon|Low Kick|p1a: Torkoal\n|-damage|p1a: Torkoal|34\/100\n|move|p2a: Ursaluna|Earth Power|p1a: Torkoal\n|-supereffective|p1a: Torkoal\n|-damage|p1a: Torkoal|0 fnt\n|faint|p1a: Torkoal\n|\n|win|IrishHawk\n","uploadtime":1697498391,"views":7,"p1id":"specshexpex","p2id":"irishhawk","formatid":"gen9nationaldexdoubles","rating":0,"private":0,"password":""}