{"id":"gen9nationaldexdoubles-1983380805","p1":"Sano the Hareghig","p2":"sadboigaming","format":"[Gen 9] National Dex Doubles","log":"|j|\u2606Sano the Hareghig\n|j|\u2606sadboigaming\n|t:|1699124091\n|gametype|doubles\n|player|p1|Sano the Hareghig|byron|1076\n|player|p2|sadboigaming|unknown|1122\n|teamsize|p1|6\n|teamsize|p2|6\n|gen|9\n|tier|[Gen 9] National Dex Doubles\n|rated|\n|rule|HP Percentage Mod: HP is shown in percentages\n|rule|Endless Battle Clause: Forcing endless battles is banned\n|rule|OHKO Clause: OHKO moves are banned\n|rule|Evasion Moves Clause: Evasion moves are banned\n|rule|Evasion Abilities Clause: Evasion abilities are banned\n|rule|Species Clause: Limit one of each Pok\u00e9mon\n|rule|Gravity Sleep Clause: The combination of sleep-inducing moves with imperfect accuracy and Gravity or Gigantamax Orbeetle are banned\n|clearpoke\n|poke|p1|Yanmega, M|\n|poke|p1|Raikou|\n|poke|p1|Flygon, M|\n|poke|p1|Suicune|\n|poke|p1|Entei|\n|poke|p1|Basculegion, M|\n|poke|p2|Coalossal, M|\n|poke|p2|Wimpod, M|\n|poke|p2|Iron Hands|\n|poke|p2|Rillaboom, M|\n|poke|p2|Goodra-Hisui, M|\n|poke|p2|Oranguru, M|\n|teampreview\n|\n|t:|1699124101\n|start\n|switch|p1a: Yanmega|Yanmega, M|100\/100\n|switch|p1b: Flygon|Flygon, M|100\/100\n|switch|p2a: Wimpod|Wimpod, M|100\/100\n|switch|p2b: Coalossal|Coalossal, M|100\/100\n|turn|1\n|\n|t:|1699124119\n|move|p2a: Wimpod|Aqua Jet|p2b: Coalossal\n|-supereffective|p2b: Coalossal\n|-damage|p2b: Coalossal|88\/100\n|-ability|p2b: Coalossal|Steam Engine|boost\n|-boost|p2b: Coalossal|spe|6\n|-enditem|p2b: Coalossal|Weakness Policy\n|-boost|p2b: Coalossal|atk|2|[from] item: Weakness Policy\n|-boost|p2b: Coalossal|spa|2|[from] item: Weakness Policy\n|move|p2b: Coalossal|Heat Wave|p1b: Flygon|[spread] p1a,p1b\n|-supereffective|p1a: Yanmega\n|-resisted|p1b: Flygon\n|-enditem|p1a: Yanmega|Focus Sash\n|-damage|p1a: Yanmega|1\/100\n|-damage|p1b: Flygon|62\/100\n|move|p1b: Flygon|Dragon Dance|p1b: Flygon\n|-boost|p1b: Flygon|atk|1\n|-boost|p1b: Flygon|spe|1\n|move|p1a: Yanmega|Air Slash|p2a: Wimpod\n|-supereffective|p2a: Wimpod\n|-damage|p2a: Wimpod|0 fnt\n|faint|p2a: Wimpod\n|\n|-ability|p1a: Yanmega|Speed Boost|boost\n|-boost|p1a: Yanmega|spe|1\n|upkeep\n|\n|t:|1699124136\n|switch|p2a: Oranguru|Oranguru, M|100\/100\n|turn|2\n|\n|t:|1699124145\n|move|p1a: Yanmega|Protect|p1a: Yanmega\n|-singleturn|p1a: Yanmega|Protect\n|move|p2b: Coalossal|Power Gem|p1b: Flygon\n|-resisted|p1b: Flygon\n|-damage|p1b: Flygon|20\/100\n|move|p1b: Flygon|Outrage|p2b: Coalossal\n|-damage|p2b: Coalossal|14\/100\n|-damage|p1b: Flygon|10\/100|[from] item: Life Orb\n|move|p2a: Oranguru|Trick Room|p2a: Oranguru\n|-fieldstart|move: Trick Room|[of] p2a: Oranguru\n|\n|-ability|p1a: Yanmega|Speed Boost|boost\n|-boost|p1a: Yanmega|spe|1\n|upkeep\n|turn|3\n|\n|t:|1699124163\n|move|p2a: Oranguru|Instruct|p2b: Coalossal\n|-singleturn|p2b: Coalossal|move: Instruct|[of] p2a: Oranguru\n|move|p2b: Coalossal|Power Gem|p1b: Flygon\n|-resisted|p1b: Flygon\n|-damage|p1b: Flygon|0 fnt\n|faint|p1b: Flygon\n|move|p2b: Coalossal|Heat Wave|p1a: Yanmega\n|-supereffective|p1a: Yanmega\n|-damage|p1a: Yanmega|0 fnt\n|faint|p1a: Yanmega\n|\n|upkeep\n|\n|t:|1699124185\n|switch|p1a: Entei|Entei|100\/100\n|switch|p1b: Suicune|Suicune|100\/100\n|-ability|p1b: Suicune|Pressure\n|-ability|p1a: Entei|Pressure\n|turn|4\n|\n|t:|1699124203\n|move|p1a: Entei|Extreme Speed|p2b: Coalossal\n|-resisted|p2b: Coalossal\n|-damage|p2b: Coalossal|0 fnt\n|faint|p2b: Coalossal\n|move|p2a: Oranguru|Instruct|p2: Coalossal|[notarget]\n|-fail|p2a: Oranguru\n|move|p1b: Suicune|Calm Mind|p1b: Suicune\n|-boost|p1b: Suicune|spa|1\n|-boost|p1b: Suicune|spd|1\n|\n|upkeep\n|\n|t:|1699124219\n|switch|p2b: Goodra|Goodra-Hisui, M|100\/100\n|turn|5\n|inactive|Battle timer is ON: inactive players will automatically lose when time's up. (requested by Sano the Hareghig)\n|\n|t:|1699124284\n|move|p2b: Goodra|Protect|p2b: Goodra\n|-singleturn|p2b: Goodra|Protect\n|move|p1a: Entei|Extreme Speed|p2a: Oranguru\n|-damage|p2a: Oranguru|65\/100\n|move|p2a: Oranguru|Bulldoze|p1a: Entei|[spread] p1a,p1b\n|-activate|p2b: Goodra|move: Protect\n|-supereffective|p1a: Entei\n|-damage|p1a: Entei|85\/100\n|-damage|p1b: Suicune|97\/100\n|-unboost|p1a: Entei|spe|1\n|-unboost|p1b: Suicune|spe|1\n|-damage|p2a: Oranguru|55\/100|[from] item: Life Orb\n|move|p1b: Suicune|Calm Mind|p1b: Suicune\n|-boost|p1b: Suicune|spa|1\n|-boost|p1b: Suicune|spd|1\n|\n|-heal|p1b: Suicune|100\/100|[from] item: Leftovers\n|upkeep\n|turn|6\n|inactive|sadboigaming has 120 seconds left.\n|\n|t:|1699124315\n|switch|p2b: Rillaboom|Rillaboom, M|100\/100\n|-fieldstart|move: Grassy Terrain|[from] ability: Grassy Surge|[of] p2b: Rillaboom\n|move|p1a: Entei|Extreme Speed|p2a: Oranguru\n|-damage|p2a: Oranguru|18\/100\n|move|p2a: Oranguru|Bulldoze|p1a: Entei|[spread] p2b,p1a,p1b\n|-resisted|p2b: Rillaboom\n|-supereffective|p1a: Entei\n|-damage|p2b: Rillaboom|99\/100\n|-damage|p1a: Entei|77\/100\n|-damage|p1b: Suicune|99\/100\n|-unboost|p2b: Rillaboom|spe|1\n|-unboost|p1a: Entei|spe|1\n|-unboost|p1b: Suicune|spe|1\n|-damage|p2a: Oranguru|8\/100|[from] item: Life Orb\n|move|p1b: Suicune|Ice Beam|p2a: Oranguru\n|-damage|p2a: Oranguru|0 fnt\n|faint|p2a: Oranguru\n|\n|-heal|p1b: Suicune|100\/100|[from] Grassy Terrain\n|-heal|p2b: Rillaboom|100\/100|[from] Grassy Terrain\n|-heal|p1a: Entei|84\/100|[from] Grassy Terrain\n|-fieldend|move: Trick Room\n|upkeep\n|inactive|sadboigaming has 120 seconds left.\n|\n|t:|1699124335\n|switch|p2a: Iron Hands|Iron Hands|100\/100\n|turn|7\n|inactive|sadboigaming has 120 seconds left.\n|\n|t:|1699124364\n|move|p1a: Entei|Extreme Speed|p2b: Rillaboom\n|-damage|p2b: Rillaboom|58\/100\n|move|p2b: Rillaboom|Grassy Glide|p1b: Suicune\n|-supereffective|p1b: Suicune\n|-damage|p1b: Suicune|53\/100\n|move|p2a: Iron Hands|Wild Charge|p1b: Suicune\n|-supereffective|p1b: Suicune\n|-damage|p1b: Suicune|0 fnt\n|faint|p1b: Suicune\n|-damage|p2a: Iron Hands|90\/100|[from] Recoil\n|\n|-heal|p1a: Entei|90\/100|[from] Grassy Terrain\n|-heal|p2b: Rillaboom|65\/100|[from] Grassy Terrain\n|-heal|p2a: Iron Hands|96\/100|[from] Grassy Terrain\n|upkeep\n|inactive|Sano the Hareghig has 120 seconds left.\n|\n|t:|1699124387\n|switch|p1b: Basculegion|Basculegion, M|100\/100\n|turn|8\n|inactive|Sano the Hareghig has 120 seconds left.\n|inactive|sadboigaming has 120 seconds left.\n|\n|t:|1699124419\n|-terastallize|p1b: Basculegion|Ground\n|move|p2a: Iron Hands|Fake Out||[still]\n|-hint|Fake Out only works on your first turn out.\n|-fail|p2a: Iron Hands\n|move|p1a: Entei|Extreme Speed|p2a: Iron Hands\n|-damage|p2a: Iron Hands|71\/100\n|move|p2b: Rillaboom|Grassy Glide|p1b: Basculegion\n|-supereffective|p1b: Basculegion\n|-damage|p1b: Basculegion|0 fnt\n|faint|p1b: Basculegion\n|\n|-heal|p1a: Entei|96\/100|[from] Grassy Terrain\n|-heal|p2b: Rillaboom|71\/100|[from] Grassy Terrain\n|-heal|p2a: Iron Hands|77\/100|[from] Grassy Terrain\n|upkeep\n|inactive|Sano the Hareghig has 120 seconds left.\n|\n|t:|1699124433\n|switch|p1b: Raikou|Raikou|100\/100\n|-ability|p1b: Raikou|Pressure\n|turn|9\n|inactive|sadboigaming has 120 seconds left.\n|\n|t:|1699124475\n|move|p1a: Entei|Extreme Speed|p2b: Rillaboom\n|-damage|p2b: Rillaboom|33\/100\n|move|p1b: Raikou|Calm Mind|p1b: Raikou\n|-boost|p1b: Raikou|spa|1\n|-boost|p1b: Raikou|spd|1\n|move|p2b: Rillaboom|Wood Hammer|p1a: Entei\n|-resisted|p1a: Entei\n|-damage|p1a: Entei|53\/100\n|-damage|p2b: Rillaboom|21\/100|[from] Recoil\n|move|p2a: Iron Hands|Drain Punch|p1b: Raikou\n|-damage|p1b: Raikou|54\/100\n|-heal|p2a: Iron Hands|92\/100|[from] drain|[of] p1b: Raikou\n|\n|-heal|p1b: Raikou|60\/100|[from] Grassy Terrain\n|-heal|p1b: Raikou|66\/100|[from] item: Leftovers\n|-heal|p1a: Entei|59\/100|[from] Grassy Terrain\n|-heal|p2b: Rillaboom|27\/100|[from] Grassy Terrain\n|-heal|p2a: Iron Hands|98\/100|[from] Grassy Terrain\n|upkeep\n|turn|10\n|inactive|sadboigaming has 120 seconds left.\n|inactive|Sano the Hareghig has 120 seconds left.\n|\n|t:|1699124511\n|move|p1a: Entei|Extreme Speed|p2b: Rillaboom\n|-damage|p2b: Rillaboom|0 fnt\n|faint|p2b: Rillaboom\n|move|p1b: Raikou|Aura Sphere|p2a: Iron Hands\n|-damage|p2a: Iron Hands|68\/100\n|move|p2a: Iron Hands|Drain Punch|p1a: Entei\n|-damage|p1a: Entei|12\/100\n|-heal|p2a: Iron Hands|86\/100|[from] drain|[of] p1a: Entei\n|\n|-heal|p1b: Raikou|73\/100|[from] Grassy Terrain\n|-heal|p1b: Raikou|79\/100|[from] item: Leftovers\n|-heal|p1a: Entei|18\/100|[from] Grassy Terrain\n|-heal|p2a: Iron Hands|92\/100|[from] Grassy Terrain\n|-fieldend|move: Grassy Terrain\n|upkeep\n|\n|t:|1699124525\n|switch|p2b: Goodra|Goodra-Hisui, M|100\/100\n|turn|11\n|\n|t:|1699124534\n|move|p1a: Entei|Extreme Speed|p2a: Iron Hands\n|-damage|p2a: Iron Hands|67\/100\n|move|p1b: Raikou|Aura Sphere|p2b: Goodra\n|-supereffective|p2b: Goodra\n|-damage|p2b: Goodra|58\/100\n|move|p2b: Goodra|Body Press|p1a: Entei\n|-damage|p1a: Entei|0 fnt\n|faint|p1a: Entei\n|move|p2a: Iron Hands|Drain Punch|p1b: Raikou\n|-damage|p1b: Raikou|29\/100\n|-heal|p2a: Iron Hands|83\/100|[from] drain|[of] p1b: Raikou\n|\n|-heal|p1b: Raikou|35\/100|[from] item: Leftovers\n|-heal|p2b: Goodra|65\/100|[from] item: Leftovers\n|upkeep\n|turn|12\n|-message|Sano the Hareghig forfeited.\n|\n|win|sadboigaming\n|raw|Sano the Hareghig's rating: 1076 &rarr; <strong>1057<\/strong><br \/>(-19 for losing)\n|raw|sadboigaming's rating: 1122 &rarr; <strong>1144<\/strong><br \/>(+22 for winning)\n|l|\u2606Sano the Hareghig\n","uploadtime":1699124552,"views":12,"p1id":"sanothehareghig","p2id":"sadboigaming","formatid":"gen9nationaldexdoubles","rating":1057,"private":0,"password":""}