{"id":"gen9nationaldexdoubles-1981992560","p1":"PyxlFie","p2":"NotTheSpy5","format":"[Gen 9] National Dex Doubles","log":"|j|\u2606PyxlFie\n|j|\u2606NotTheSpy5\n|t:|1698957801\n|gametype|doubles\n|player|p1|PyxlFie|pokemonranger-gen4|1086\n|player|p2|NotTheSpy5|170|1109\n|teamsize|p1|6\n|teamsize|p2|6\n|gen|9\n|tier|[Gen 9] National Dex Doubles\n|rated|\n|rule|HP Percentage Mod: HP is shown in percentages\n|rule|Endless Battle Clause: Forcing endless battles is banned\n|rule|OHKO Clause: OHKO moves are banned\n|rule|Evasion Moves Clause: Evasion moves are banned\n|rule|Evasion Abilities Clause: Evasion abilities are banned\n|rule|Species Clause: Limit one of each Pok\u00e9mon\n|rule|Gravity Sleep Clause: The combination of sleep-inducing moves with imperfect accuracy and Gravity or Gigantamax Orbeetle are banned\n|clearpoke\n|poke|p1|Urshifu-*, M|\n|poke|p1|Pelipper, M|\n|poke|p1|Charizard, M|\n|poke|p1|Manaphy|\n|poke|p1|Floatzel, F|\n|poke|p1|Zoroark-Hisui, F|\n|poke|p2|Golurk|\n|poke|p2|Cresselia, F|\n|poke|p2|Amoonguss, F|\n|poke|p2|Hariyama, M|\n|poke|p2|Indeedee-F, F|\n|poke|p2|Yanmega, F|\n|teampreview\n|inactive|Battle timer is ON: inactive players will automatically lose when time's up. (requested by PyxlFie)\n|\n|t:|1698957819\n|start\n|switch|p1a: Manaphy|Manaphy|100\/100\n|switch|p1b: Floatzel|Floatzel, F|100\/100\n|switch|p2a: Cresselia|Cresselia, F|100\/100\n|switch|p2b: Hariyama|Hariyama, M, shiny|100\/100\n|turn|1\n|\n|t:|1698957838\n|move|p2b: Hariyama|Fake Out|p1b: Floatzel\n|-damage|p1b: Floatzel|75\/100\n|cant|p1b: Floatzel|flinch\n|move|p1a: Manaphy|Tail Glow|p1a: Manaphy\n|-boost|p1a: Manaphy|spa|3\n|move|p2a: Cresselia|Trick Room|p2a: Cresselia\n|-fieldstart|move: Trick Room|[of] p2a: Cresselia\n|\n|-status|p2b: Hariyama|brn|[from] item: Flame Orb\n|upkeep\n|turn|2\n|\n|t:|1698957862\n|move|p1a: Manaphy|Protect|p1a: Manaphy\n|-singleturn|p1a: Manaphy|Protect\n|move|p2a: Cresselia|Ally Switch|p2a: Cresselia\n|swap|p2a: Cresselia|1|[from] move: Ally Switch\n|move|p2a: Hariyama|Facade|p1a: Manaphy\n|-activate|p1a: Manaphy|move: Protect\n|-zpower|p1b: Floatzel\n|move|p1b: Floatzel|Hydro Vortex|p2b: Cresselia|[zeffect]\n|-damage|p2b: Cresselia|55\/100\n|\n|-heal|p2b: Cresselia|61\/100|[from] item: Leftovers\n|-damage|p2a: Hariyama|94\/100 brn|[from] brn\n|upkeep\n|turn|3\n|\n|t:|1698957885\n|move|p2a: Hariyama|Facade|p1a: Manaphy\n|-damage|p1a: Manaphy|39\/100\n|move|p2b: Cresselia|Lunar Blessing|p2b: Cresselia|[spread] p2a,p2b\n|-heal|p2a: Hariyama|100\/100 brn\n|-curestatus|p2a: Hariyama|brn|[msg]\n|-heal|p2b: Cresselia|86\/100\n|move|p1a: Manaphy|Baton Pass|p1a: Manaphy\n|inactive|PyxlFie has 120 seconds left.\n|\n|t:|1698957905\n|switch|p1a: Charizard|Charizard, M|100\/100|[from] Baton Pass\n|move|p1b: Floatzel|Liquidation|p2a: Hariyama\n|-damage|p2a: Hariyama|54\/100\n|-unboost|p2a: Hariyama|def|1\n|\n|-heal|p2b: Cresselia|93\/100|[from] item: Leftovers\n|-status|p2a: Hariyama|brn|[from] item: Flame Orb\n|upkeep\n|turn|4\n|inactive|NotTheSpy5 has 120 seconds left.\n|\n|t:|1698957937\n|switch|p1b: Pelipper|Pelipper, M|100\/100\n|-weather|RainDance|[from] ability: Drizzle|[of] p1b: Pelipper\n|-terastallize|p2a: Hariyama|Normal\n|move|p1a: Charizard|Endure|p1a: Charizard\n|-singleturn|p1a: Charizard|move: Endure\n|move|p2a: Hariyama|Facade|p1a: Charizard\n|-activate|p1a: Charizard|move: Endure\n|-damage|p1a: Charizard|1\/100\n|move|p2b: Cresselia|Lunar Blessing|p2b: Cresselia|[spread] p2a,p2b\n|-heal|p2a: Hariyama|79\/100 brn\n|-curestatus|p2a: Hariyama|brn|[msg]\n|-heal|p2b: Cresselia|100\/100\n|\n|-weather|RainDance|[upkeep]\n|-status|p2a: Hariyama|brn|[from] item: Flame Orb\n|upkeep\n|turn|5\n|inactive|NotTheSpy5 has 120 seconds left.\n|\n|t:|1698957965\n|detailschange|p1a: Charizard|Charizard-Mega-Y, M\n|-mega|p1a: Charizard|Charizard|Charizardite Y\n|-weather|SunnyDay|[from] ability: Drought|[of] p1a: Charizard\n|move|p1a: Charizard|Endure|p1a: Charizard\n|-singleturn|p1a: Charizard|move: Endure\n|move|p2a: Hariyama|Facade|p1b: Pelipper\n|-damage|p1b: Pelipper|13\/100\n|move|p2b: Cresselia|Psychic|p1a: Charizard\n|-activate|p1a: Charizard|move: Endure\n|-damage|p1a: Charizard|1\/100\n|move|p1b: Pelipper|Soak|p1a: Charizard\n|-start|p1a: Charizard|typechange|Water\n|\n|-weather|SunnyDay|[upkeep]\n|-damage|p2a: Hariyama|73\/100 brn|[from] brn\n|-fieldend|move: Trick Room\n|upkeep\n|turn|6\n|inactive|NotTheSpy5 has 120 seconds left.\n|inactive|PyxlFie has 120 seconds left.\n|\n|t:|1698958020\n|move|p2b: Cresselia|Ally Switch|p2b: Cresselia\n|swap|p2b: Cresselia|0|[from] move: Ally Switch\n|move|p1a: Charizard|Hurricane|p2a: Cresselia\n|-damage|p2a: Cresselia|32\/100\n|-start|p2a: Cresselia|confusion\n|move|p1b: Pelipper|U-turn|p2b: Hariyama\n|-damage|p2b: Hariyama|59\/100 brn\n|c|\u2606PyxlFie|OH COME ON AND I ACTUALLY HIT IT\n|\n|t:|1698958030\n|switch|p1b: Urshifu|Urshifu-Rapid-Strike, M|100\/100|[from] U-turn\n|move|p2b: Hariyama|Facade|p1a: Charizard\n|-damage|p1a: Charizard|0 fnt\n|faint|p1a: Charizard\n|\n|-weather|SunnyDay|[upkeep]\n|-heal|p2a: Cresselia|38\/100|[from] item: Leftovers\n|-damage|p2b: Hariyama|53\/100 brn|[from] brn\n|upkeep\n|\n|t:|1698958038\n|switch|p1a: Urshifu|Urshifu-Rapid-Strike, M|100\/100\n|turn|7\n|inactive|NotTheSpy5 has 120 seconds left.\n|c|\u2606NotTheSpy5|Tbh I'm not following anything you have going on its all too big brain smart for me idk man \ud83d\ude2d\n|c|\u2606NotTheSpy5|I've been lost\n|c|\u2606PyxlFie|hurricane is 50% accurate in sunny day\n|\n|t:|1698958083\n|move|p1a: Urshifu|Surging Strikes|p2b: Hariyama\n|-crit|p2b: Hariyama\n|-damage|p2b: Hariyama|37\/100 brn\n|-crit|p2b: Hariyama\n|-damage|p2b: Hariyama|22\/100 brn\n|-crit|p2b: Hariyama\n|-damage|p2b: Hariyama|8\/100 brn\n|-hitcount|p2b: Hariyama|3\n|move|p1b: Urshifu|Taunt|p2a: Cresselia\n|-start|p2a: Cresselia|move: Taunt\n|cant|p2a: Cresselia|move: Taunt|Lunar Blessing\n|move|p2b: Hariyama|Earthquake|p1b: Urshifu|[spread] p1a,p1b\n|-immune|p2a: Cresselia|[from] ability: Levitate\n|-damage|p1a: Urshifu|62\/100\n|-damage|p1b: Urshifu|29\/100\n|replace|p1b: Zoroark|Zoroark-Hisui, F, shiny\n|-end|p1b: Zoroark|Illusion\n|\n|-weather|SunnyDay|[upkeep]\n|-heal|p2a: Cresselia|44\/100|[from] item: Leftovers\n|-damage|p2b: Hariyama|2\/100 brn|[from] brn\n|upkeep\n|turn|8\n|inactive|PyxlFie has 120 seconds left.\n|inactive|NotTheSpy5 has 120 seconds left.\n|\n|t:|1698958102\n|move|p1a: Urshifu|Surging Strikes|p2b: Hariyama\n|-crit|p2b: Hariyama\n|-damage|p2b: Hariyama|0 fnt\n|faint|p2b: Hariyama\n|-hitcount|p2: Hariyama|1\n|move|p1b: Zoroark|Burning Jealousy|p2a: Cresselia\n|-damage|p2a: Cresselia|24\/100\n|-activate|p2a: Cresselia|confusion\n|-damage|p2a: Cresselia|20\/100|[from] confusion\n|\n|-weather|SunnyDay|[upkeep]\n|-heal|p2a: Cresselia|26\/100|[from] item: Leftovers\n|upkeep\n|\n|t:|1698958114\n|switch|p2b: Indeedee|Indeedee-F, F|100\/100\n|-fieldstart|move: Psychic Terrain|[from] ability: Psychic Surge|[of] p2b: Indeedee\n|turn|9\n|inactive|NotTheSpy5 has 120 seconds left.\n|inactive|PyxlFie has 120 seconds left.\n|\n|t:|1698958135\n|switch|p2a: THE HE|Golurk, shiny|100\/100\n|move|p1a: Urshifu|Surging Strikes|p2b: Indeedee\n|-crit|p2b: Indeedee\n|-damage|p2b: Indeedee|91\/100\n|-crit|p2b: Indeedee\n|-damage|p2b: Indeedee|81\/100\n|-crit|p2b: Indeedee\n|-damage|p2b: Indeedee|71\/100\n|-hitcount|p2b: Indeedee|3\n|move|p1b: Zoroark|Bitter Malice|p2a: THE HE\n|-supereffective|p2a: THE HE\n|-damage|p2a: THE HE|0 fnt\n|faint|p2a: THE HE\n|move|p2b: Indeedee|Trick Room|p2b: Indeedee\n|-fieldstart|move: Trick Room|[of] p2b: Indeedee\n|\n|-weather|none\n|upkeep\n|inactive|NotTheSpy5 has 120 seconds left.\n|\n|t:|1698958167\n|switch|p2a: Janmega|Yanmega, F, shiny|100\/100\n|turn|10\n|\n|t:|1698958187\n|move|p2b: Indeedee|Follow Me|p2b: Indeedee\n|-singleturn|p2b: Indeedee|move: Follow Me\n|move|p1b: Zoroark|Burning Jealousy|p2b: Indeedee|[spread] p2a,p2b\n|-supereffective|p2a: Janmega\n|-damage|p2a: Janmega|39\/100\n|-damage|p2b: Indeedee|53\/100\n|move|p2a: Janmega|Bug Buzz|p1a: Urshifu\n|-resisted|p1a: Urshifu\n|-damage|p1a: Urshifu|0 fnt\n|faint|p1a: Urshifu\n|\n|upkeep\n|\n|t:|1698958197\n|switch|p1a: Pelipper|Pelipper, M|13\/100\n|-weather|RainDance|[from] ability: Drizzle|[of] p1a: Pelipper\n|turn|11\n|inactive|NotTheSpy5 has 120 seconds left.\n|\n|t:|1698958219\n|move|p2b: Indeedee|Follow Me|p2b: Indeedee\n|-singleturn|p2b: Indeedee|move: Follow Me\n|move|p1a: Pelipper|Weather Ball|p2b: Indeedee\n|-damage|p2b: Indeedee|6\/100\n|-enditem|p2b: Indeedee|Aguav Berry|[eat]\n|-heal|p2b: Indeedee|39\/100|[from] item: Aguav Berry\n|move|p1b: Zoroark|Taunt|p2b: Indeedee\n|-start|p2b: Indeedee|move: Taunt\n|move|p2a: Janmega|Air Cutter|p1b: Zoroark|[spread] p1a,p1b\n|-crit|p1a: Pelipper\n|-damage|p1a: Pelipper|0 fnt\n|-damage|p1b: Zoroark|0 fnt\n|faint|p1a: Pelipper\n|faint|p1b: Zoroark\n|\n|-weather|RainDance|[upkeep]\n|upkeep\n|\n|t:|1698958228\n|switch|p1a: Floatzel|Floatzel, F|75\/100\n|switch|p1b: Manaphy|Manaphy|39\/100\n|turn|12\n|inactive|NotTheSpy5 has 120 seconds left.\n|\n|t:|1698958255\n|move|p1b: Manaphy|Protect|p1b: Manaphy\n|-singleturn|p1b: Manaphy|Protect\n|move|p1a: Floatzel|Aqua Jet|p2a: Janmega\n|-hint|Psychic Terrain doesn't affect Pok\u00e9mon immune to Ground.\n|-damage|p2a: Janmega|3\/100\n|move|p2b: Indeedee|Hyper Voice|p1a: Floatzel|[spread] p1a\n|-activate|p1b: Manaphy|move: Protect\n|-damage|p1a: Floatzel|34\/100\n|move|p2a: Janmega|Roost|p2a: Janmega\n|-heal|p2a: Janmega|53\/100\n|-singleturn|p2a: Janmega|move: Roost\n|\n|-weather|RainDance|[upkeep]\n|upkeep\n|turn|13\n|inactive|NotTheSpy5 has 120 seconds left.\n|inactive|PyxlFie has 120 seconds left.\n|\n|t:|1698958292\n|move|p1a: Floatzel|Aqua Jet|p2a: Janmega\n|-hint|Psychic Terrain doesn't affect Pok\u00e9mon immune to Ground.\n|-damage|p2a: Janmega|16\/100\n|move|p2b: Indeedee|Hyper Voice|p1b: Manaphy|[spread] p1a,p1b\n|-damage|p1a: Floatzel|0 fnt\n|-damage|p1b: Manaphy|21\/100\n|faint|p1a: Floatzel\n|move|p2a: Janmega|Bug Buzz|p1b: Manaphy\n|-damage|p1b: Manaphy|0 fnt\n|faint|p1b: Manaphy\n|\n|win|NotTheSpy5\n|raw|PyxlFie's rating: 1086 &rarr; <strong>1065<\/strong><br \/>(-21 for losing)\n|raw|NotTheSpy5's rating: 1109 &rarr; <strong>1132<\/strong><br \/>(+23 for winning)\n|l|\u2606PyxlFie\n|c|\u2606NotTheSpy5|Gg good game\n","uploadtime":1698958309,"views":18,"p1id":"pyxlfie","p2id":"notthespy5","formatid":"gen9nationaldexdoubles","rating":1065,"private":0,"password":""}