{"id":"gen9nationaldexdoubles-1995291006","p1":"Kin+ak(\u2727\u2207\u2727)","p2":"thundervoltss","format":"[Gen 9] National Dex Doubles","log":"|j|\u2606Kin+ak(\u2727\u2207\u2727)\n|j|\u2606thundervoltss\n|t:|1700547874\n|gametype|doubles\n|player|p1|Kin+ak(\u2727\u2207\u2727)|wally|1424\n|player|p2|thundervoltss|elesa-masters|1402\n|teamsize|p1|6\n|teamsize|p2|6\n|gen|9\n|tier|[Gen 9] National Dex Doubles\n|rated|\n|rule|HP Percentage Mod: HP is shown in percentages\n|rule|Endless Battle Clause: Forcing endless battles is banned\n|rule|OHKO Clause: OHKO moves are banned\n|rule|Evasion Moves Clause: Evasion moves are banned\n|rule|Evasion Abilities Clause: Evasion abilities are banned\n|rule|Species Clause: Limit one of each Pok\u00e9mon\n|rule|Gravity Sleep Clause: The combination of sleep-inducing moves with imperfect accuracy and Gravity or Gigantamax Orbeetle are banned\n|clearpoke\n|poke|p1|Camerupt, M|\n|poke|p1|Porygon2|\n|poke|p1|Indeedee-F, F|\n|poke|p1|Cresselia, F|\n|poke|p1|Glastrier|\n|poke|p1|Ursaluna, F|\n|poke|p2|Kommo-o, M|\n|poke|p2|Blacephalon|\n|poke|p2|Indeedee-F, F|\n|poke|p2|Incineroar, M|\n|poke|p2|Sneasler, M|\n|poke|p2|Rillaboom, F|\n|teampreview\n|\n|t:|1700547893\n|start\n|switch|p1a: Porygon2|Porygon2, shiny|100\/100\n|switch|p1b: Camerupt|Camerupt, M|100\/100\n|switch|p2a: Indeedee|Indeedee-F, F|100\/100\n|switch|p2b: Kommo-o|Kommo-o, M|100\/100\n|-fieldstart|move: Psychic Terrain|[from] ability: Psychic Surge|[of] p2a: Indeedee\n|-enditem|p2a: Indeedee|Psychic Seed\n|-boost|p2a: Indeedee|spd|1|[from] item: Psychic Seed\n|-ability|p1a: Porygon2|Bulletproof|[from] ability: Trace|[of] p2b: Kommo-o\n|turn|1\n|\n|t:|1700547908\n|detailschange|p1b: Camerupt|Camerupt-Mega, M\n|-mega|p1b: Camerupt|Camerupt|Cameruptite\n|-zpower|p2b: Kommo-o\n|move|p2b: Kommo-o|Clangorous Soulblaze|p1a: Porygon2|[zeffect]|[spread] p1a,p1b\n|-damage|p1a: Porygon2|70\/100\n|-damage|p1b: Camerupt|50\/100\n|-boost|p2b: Kommo-o|atk|1\n|-boost|p2b: Kommo-o|def|1\n|-boost|p2b: Kommo-o|spa|1\n|-boost|p2b: Kommo-o|spd|1\n|-boost|p2b: Kommo-o|spe|1\n|move|p2a: Indeedee|Imprison|p2a: Indeedee\n|-start|p2a: Indeedee|move: Imprison\n|move|p1b: Camerupt|Earth Power|p2b: Kommo-o\n|-damage|p2b: Kommo-o|52\/100\n|cant|p1a: Porygon2|move: Imprison|Trick Room\n|\n|upkeep\n|turn|2\n|\n|t:|1700547928\n|move|p2b: Kommo-o|Aura Sphere|p1b: Camerupt\n|-damage|p1b: Camerupt|5\/100\n|move|p2a: Indeedee|Dazzling Gleam|p1a: Porygon2|[spread] p1a,p1b\n|-resisted|p1b: Camerupt\n|-damage|p1a: Porygon2|61\/100\n|-damage|p1b: Camerupt|0 fnt\n|faint|p1b: Camerupt\n|move|p1a: Porygon2|Tri Attack|p2b: Kommo-o\n|-damage|p2b: Kommo-o|36\/100\n|-status|p2b: Kommo-o|brn\n|\n|-damage|p2b: Kommo-o|30\/100 brn|[from] brn\n|upkeep\n|\n|t:|1700547940\n|switch|p1b: Cresselia|Cresselia, F|100\/100\n|turn|3\n|\n|t:|1700547948\n|move|p1b: Cresselia|Ally Switch|p1b: Cresselia\n|swap|p1b: Cresselia|0|[from] move: Ally Switch\n|move|p2b: Kommo-o|Aura Sphere|p1a: Cresselia\n|-resisted|p1a: Cresselia\n|-damage|p1a: Cresselia|89\/100\n|move|p2a: Indeedee|Dazzling Gleam|p1a: Cresselia|[spread] p1a,p1b\n|-damage|p1a: Cresselia|83\/100\n|-damage|p1b: Porygon2|53\/100\n|move|p1b: Porygon2|Recover|p1b: Porygon2\n|-heal|p1b: Porygon2|100\/100\n|\n|-damage|p2b: Kommo-o|23\/100 brn|[from] brn\n|upkeep\n|turn|4\n|j| LDP333\n|\n|t:|1700547962\n|move|p2b: Kommo-o|Aura Sphere|p1b: Porygon2\n|-immune|p1b: Porygon2|[from] ability: Bulletproof\n|move|p2a: Indeedee|Dazzling Gleam|p1a: Cresselia|[spread] p1a,p1b\n|-damage|p1a: Cresselia|76\/100\n|-damage|p1b: Porygon2|92\/100\n|move|p1a: Cresselia|Ice Beam|p2b: Kommo-o\n|-supereffective|p2b: Kommo-o\n|-damage|p2b: Kommo-o|2\/100 brn\n|move|p1b: Porygon2|Tri Attack|p2b: Kommo-o\n|-damage|p2b: Kommo-o|0 fnt\n|faint|p2b: Kommo-o\n|\n|upkeep\n|\n|t:|1700547976\n|switch|p2b: Rillaboom|Rillaboom, F, shiny|100\/100\n|-fieldstart|move: Grassy Terrain|[from] ability: Grassy Surge|[of] p2b: Rillaboom\n|turn|5\n|\n|t:|1700547985\n|move|p2a: Indeedee|Dazzling Gleam|p1b: Porygon2|[spread] p1a,p1b\n|-damage|p1a: Cresselia|69\/100\n|-damage|p1b: Porygon2|84\/100\n|move|p2b: Rillaboom|Knock Off|p1b: Porygon2\n|-damage|p1b: Porygon2|68\/100\n|-enditem|p1b: Porygon2|Eviolite|[from] move: Knock Off|[of] p2b: Rillaboom\n|move|p1a: Cresselia|Ice Beam|p2b: Rillaboom\n|-supereffective|p2b: Rillaboom\n|-damage|p2b: Rillaboom|77\/100\n|move|p1b: Porygon2|Teleport|p1b: Porygon2\n|l| LDP333\n|\n|t:|1700547998\n|switch|p1b: Glastrier|Glastrier|100\/100|[from] Teleport\n|\n|-heal|p2b: Rillaboom|84\/100|[from] Grassy Terrain\n|upkeep\n|turn|6\n|\n|t:|1700548015\n|move|p2a: Indeedee|Follow Me|p2a: Indeedee\n|-singleturn|p2a: Indeedee|move: Follow Me\n|move|p1a: Cresselia|Ally Switch|p1a: Cresselia\n|swap|p1a: Cresselia|1|[from] move: Ally Switch\n|move|p2b: Rillaboom|Knock Off|p1a: Glastrier\n|-damage|p1a: Glastrier|79\/100\n|-enditem|p1a: Glastrier|Clear Amulet|[from] move: Knock Off|[of] p2b: Rillaboom\n|move|p1a: Glastrier|Icicle Crash|p2a: Indeedee\n|-damage|p2a: Indeedee|38\/100\n|\n|-heal|p2a: Indeedee|45\/100|[from] Grassy Terrain\n|-heal|p2b: Rillaboom|90\/100|[from] Grassy Terrain\n|-heal|p1a: Glastrier|85\/100|[from] Grassy Terrain\n|upkeep\n|turn|7\n|\n|t:|1700548033\n|move|p1b: Cresselia|Ally Switch||[still]\n|-fail|p1b: Cresselia\n|move|p2a: Indeedee|Dazzling Gleam|p1a: Glastrier|[spread] p1a,p1b\n|-damage|p1a: Glastrier|74\/100\n|-damage|p1b: Cresselia|62\/100\n|move|p2b: Rillaboom|Knock Off|p1b: Cresselia\n|-supereffective|p1b: Cresselia\n|-damage|p1b: Cresselia|15\/100\n|-enditem|p1b: Cresselia|Mental Herb|[from] move: Knock Off|[of] p2b: Rillaboom\n|move|p1a: Glastrier|Icicle Crash|p2a: Indeedee\n|-damage|p2a: Indeedee|0 fnt\n|faint|p2a: Indeedee\n|-ability|p1a: Glastrier|Chilling Neigh|boost\n|-boost|p1a: Glastrier|atk|1\n|\n|-heal|p2b: Rillaboom|96\/100|[from] Grassy Terrain\n|-heal|p1a: Glastrier|81\/100|[from] Grassy Terrain\n|upkeep\n|\n|t:|1700548042\n|switch|p2a: Sneasler|Sneasler, M|100\/100\n|-enditem|p2a: Sneasler|Grassy Seed\n|-boost|p2a: Sneasler|def|1|[from] item: Grassy Seed\n|turn|8\n|\n|t:|1700548063\n|switch|p2b: Incineroar|Incineroar, M|100\/100\n|-ability|p2b: Incineroar|Intimidate|boost\n|-unboost|p1a: Glastrier|atk|1\n|-unboost|p1b: Cresselia|atk|1\n|move|p1a: Glastrier|Protect|p1a: Glastrier\n|-singleturn|p1a: Glastrier|Protect\n|move|p2a: Sneasler|Rock Slide|p1b: Cresselia|[spread] p1b\n|-activate|p1a: Glastrier|move: Protect\n|-damage|p1b: Cresselia|0 fnt\n|faint|p1b: Cresselia\n|\n|-heal|p1a: Glastrier|87\/100|[from] Grassy Terrain\n|upkeep\n|\n|t:|1700548074\n|switch|p1b: Indeedee|Indeedee-F, F|100\/100\n|-fieldstart|move: Psychic Terrain|[from] ability: Psychic Surge|[of] p1b: Indeedee\n|turn|9\n|j| LDP333\n|c| LDP333|\u52a0\u6cb9\n|\n|t:|1700548091\n|-terastallize|p1a: Glastrier|Water\n|move|p2a: Sneasler|Rock Slide|p1b: Indeedee|[spread] p1a,p1b\n|-damage|p1a: Glastrier|73\/100\n|-damage|p1b: Indeedee|69\/100\n|move|p2b: Incineroar|Taunt|p1b: Indeedee\n|-start|p1b: Indeedee|move: Taunt\n|-enditem|p1b: Indeedee|Mental Herb\n|-end|p1b: Indeedee|move: Taunt\n|move|p1a: Glastrier|High Horsepower|p2a: Sneasler\n|-supereffective|p2a: Sneasler\n|-damage|p2a: Sneasler|10\/100\n|move|p1b: Indeedee|Trick Room|p1b: Indeedee\n|-fieldstart|move: Trick Room|[of] p1b: Indeedee\n|\n|upkeep\n|turn|10\n|l| LDP333\n|\n|t:|1700548131\n|move|p1a: Glastrier|High Horsepower|p2b: Incineroar\n|-supereffective|p2b: Incineroar\n|-damage|p2b: Incineroar|45\/100\n|-enditem|p2b: Incineroar|Sitrus Berry|[eat]\n|-heal|p2b: Incineroar|70\/100|[from] item: Sitrus Berry\n|move|p2b: Incineroar|Parting Shot|p1a: Glastrier\n|-unboost|p1a: Glastrier|atk|1\n|-unboost|p1a: Glastrier|spa|1\n|j| LDP333\n|\n|t:|1700548141\n|switch|p2b: Blacephalon|Blacephalon|100\/100|[from] Parting Shot\n|move|p1b: Indeedee|Expanding Force|p2a: Sneasler|[spread] p2a,p2b\n|-supereffective|p2a: Sneasler\n|-damage|p2a: Sneasler|0 fnt\n|-damage|p2b: Blacephalon|36\/100\n|faint|p2a: Sneasler\n|\n|upkeep\n|\n|t:|1700548144\n|switch|p2a: Incineroar|Incineroar, M|70\/100\n|-ability|p2a: Incineroar|Intimidate|boost\n|-unboost|p1a: Glastrier|atk|1\n|-unboost|p1b: Indeedee|atk|1\n|turn|11\n|l| LDP333\n|\n|t:|1700548159\n|move|p1b: Indeedee|Follow Me|p1b: Indeedee\n|-singleturn|p1b: Indeedee|move: Follow Me\n|move|p1a: Glastrier|High Horsepower|p2b: Blacephalon\n|-supereffective|p2b: Blacephalon\n|-damage|p2b: Blacephalon|0 fnt\n|faint|p2b: Blacephalon\n|-ability|p1a: Glastrier|Chilling Neigh|boost\n|-boost|p1a: Glastrier|atk|1\n|move|p2a: Incineroar|Flare Blitz|p1b: Indeedee\n|-damage|p1b: Indeedee|2\/100\n|-damage|p2a: Incineroar|50\/100|[from] Recoil\n|\n|upkeep\n|j| wkx6v587\n|\n|t:|1700548164\n|switch|p2b: Rillaboom|Rillaboom, F, shiny|96\/100\n|-fieldstart|move: Grassy Terrain|[from] ability: Grassy Surge|[of] p2b: Rillaboom\n|turn|12\n|\n|t:|1700548182\n|-terastallize|p2b: Rillaboom|Fairy\n|move|p1b: Indeedee|Follow Me|p1b: Indeedee\n|-singleturn|p1b: Indeedee|move: Follow Me\n|move|p2b: Rillaboom|Grassy Glide|p1b: Indeedee\n|-damage|p1b: Indeedee|0 fnt\n|faint|p1b: Indeedee\n|move|p1a: Glastrier|Close Combat|p2a: Incineroar\n|-supereffective|p2a: Incineroar\n|-damage|p2a: Incineroar|5\/100\n|-unboost|p1a: Glastrier|def|1\n|-unboost|p1a: Glastrier|spd|1\n|move|p2a: Incineroar|Flare Blitz|p1a: Glastrier\n|-resisted|p1a: Glastrier\n|-damage|p1a: Glastrier|48\/100\n|-status|p1a: Glastrier|brn\n|-damage|p2a: Incineroar|0 fnt|[from] Recoil\n|faint|p2a: Incineroar\n|\n|-heal|p1a: Glastrier|54\/100 brn|[from] Grassy Terrain\n|-heal|p2b: Rillaboom|100\/100|[from] Grassy Terrain\n|-damage|p1a: Glastrier|48\/100 brn|[from] brn\n|upkeep\n|\n|t:|1700548198\n|switch|p1b: Porygon2|Porygon2, shiny|68\/100\n|-ability|p1b: Porygon2|Grassy Surge|[from] ability: Trace|[of] p2b: Rillaboom\n|turn|13\n|\n|t:|1700548207\n|move|p2b: Rillaboom|Grassy Glide|p1b: Porygon2\n|-damage|p1b: Porygon2|42\/100\n|move|p1a: Glastrier|Icicle Crash|p2b: Rillaboom\n|-damage|p2b: Rillaboom|84\/100\n|move|p1b: Porygon2|Recover|p1b: Porygon2\n|-heal|p1b: Porygon2|92\/100\n|\n|-heal|p1a: Glastrier|54\/100 brn|[from] Grassy Terrain\n|-heal|p1b: Porygon2|99\/100|[from] Grassy Terrain\n|-heal|p2b: Rillaboom|90\/100|[from] Grassy Terrain\n|-damage|p1a: Glastrier|48\/100 brn|[from] brn\n|-fieldend|move: Trick Room\n|upkeep\n|turn|14\n|\n|t:|1700548220\n|move|p2b: Rillaboom|Grassy Glide|p1a: Glastrier\n|-supereffective|p1a: Glastrier\n|-damage|p1a: Glastrier|0 fnt\n|faint|p1a: Glastrier\n|move|p1b: Porygon2|Trick Room|p1b: Porygon2\n|-fieldstart|move: Trick Room|[of] p1b: Porygon2\n|\n|-heal|p1b: Porygon2|100\/100|[from] Grassy Terrain\n|-heal|p2b: Rillaboom|97\/100|[from] Grassy Terrain\n|upkeep\n|\n|t:|1700548223\n|switch|p1a: Ursaluna|Ursaluna, F|100\/100\n|turn|15\n|l|\u2606Kin+ak(\u2727\u2207\u2727)\n|player|p1|\n|inactive|Battle timer is ON: inactive players will automatically lose when time's up. (requested by thundervoltss)\n|inactive|Kin+ak(\u2727\u2207\u2727) has 30 seconds to reconnect!\n|inactive|Kin+ak(\u2727\u2207\u2727) has 20 seconds to reconnect!\n|inactive|Kin+ak(\u2727\u2207\u2727) has 15 seconds to reconnect!\n|inactive|Kin+ak(\u2727\u2207\u2727) has 10 seconds to reconnect!\n|inactive|Kin+ak(\u2727\u2207\u2727) has 5 seconds to reconnect!\n|-message|Kin+ak(\u2727\u2207\u2727) lost due to inactivity.\n|\n|win|thundervoltss\n|raw|Kin+ak(\u2727\u2207\u2727)'s rating: 1424 &rarr; <strong>1403<\/strong><br \/>(-21 for losing)\n|raw|thundervoltss's rating: 1402 &rarr; <strong>1423<\/strong><br \/>(+21 for winning)\n","uploadtime":1700548310,"views":1,"p1id":"kinak","p2id":"thundervoltss","formatid":"gen9nationaldexdoubles","rating":1403,"private":0,"password":""}