{"id":"gen9nationaldexdoubles-1977140670","p1":"JacintoElGrande","p2":"Elnutriajp","format":"[Gen 9] National Dex Doubles","log":"|j|\u2606JacintoElGrande\n|j|\u2606Elnutriajp\n|t:|1698376355\n|gametype|doubles\n|player|p1|JacintoElGrande|doctor-gen8|\n|player|p2|Elnutriajp|lucas|\n|teamsize|p1|6\n|teamsize|p2|6\n|gen|9\n|tier|[Gen 9] National Dex Doubles\n|rule|HP Percentage Mod: HP is shown in percentages\n|rule|Endless Battle Clause: Forcing endless battles is banned\n|rule|OHKO Clause: OHKO moves are banned\n|rule|Evasion Moves Clause: Evasion moves are banned\n|rule|Evasion Abilities Clause: Evasion abilities are banned\n|rule|Species Clause: Limit one of each Pok\u00e9mon\n|rule|Gravity Sleep Clause: The combination of sleep-inducing moves with imperfect accuracy and Gravity or Gigantamax Orbeetle are banned\n|clearpoke\n|poke|p1|Amoonguss, F|\n|poke|p1|Farigiraf, M|\n|poke|p1|Ursaluna-Bloodmoon, M|\n|poke|p1|Rillaboom, M|\n|poke|p1|Landorus-Therian, M|\n|poke|p1|Sneasler, M|\n|poke|p2|Hippowdon, F|\n|poke|p2|Garchomp, F|\n|poke|p2|Dugtrio-Alola, F|\n|poke|p2|Gastrodon-East, M|\n|poke|p2|Camerupt, F|\n|poke|p2|Excadrill, F|\n|teampreview\n|c|\u2606JacintoElGrande|gl hf\n|\n|t:|1698376384\n|start\n|switch|p1a: Rillaboom|Rillaboom, M|100\/100\n|switch|p1b: Sneasler|Sneasler, M|100\/100\n|switch|p2a: Hippo?|Hippowdon, F|100\/100\n|switch|p2b: Excadrill|Excadrill, F|100\/100\n|-fieldstart|move: Grassy Terrain|[from] ability: Grassy Surge|[of] p1a: Rillaboom\n|-enditem|p1b: Sneasler|Grassy Seed\n|-boost|p1b: Sneasler|def|1|[from] item: Grassy Seed\n|-weather|Sandstorm|[from] ability: Sand Stream|[of] p2a: Hippo?\n|turn|1\n|c|\u2606Elnutriajp|el primer pseudo aue me veras XDDD\n|c|\u2606JacintoElGrande|tabien\n|\n|t:|1698376410\n|-terastallize|p1b: Sneasler|Flying\n|move|p1a: Rillaboom|Fake Out|p2b: Excadrill\n|-resisted|p2b: Excadrill\n|-damage|p2b: Excadrill|92\/100\n|move|p1b: Sneasler|Swords Dance|p1b: Sneasler\n|-boost|p1b: Sneasler|atk|2\n|cant|p2b: Excadrill|flinch\n|move|p2a: Hippo?|Stealth Rock|p1a: Rillaboom\n|-sidestart|p1: JacintoElGrande|move: Stealth Rock\n|\n|-weather|Sandstorm|[upkeep]\n|-damage|p1b: Sneasler|95\/100|[from] Sandstorm\n|-damage|p1a: Rillaboom|94\/100|[from] Sandstorm\n|-heal|p2b: Excadrill|98\/100|[from] Grassy Terrain\n|-heal|p1a: Rillaboom|100\/100|[from] Grassy Terrain\n|upkeep\n|turn|2\n|\n|t:|1698376439\n|move|p1b: Sneasler|Close Combat|p2b: Excadrill\n|-supereffective|p2b: Excadrill\n|-damage|p2b: Excadrill|0 fnt\n|-unboost|p1b: Sneasler|def|1\n|-unboost|p1b: Sneasler|spd|1\n|faint|p2b: Excadrill\n|move|p1a: Rillaboom|U-turn|p2a: Hippo?\n|-damage|p2a: Hippo?|88\/100\n|\n|t:|1698376448\n|switch|p1a: Amoonguss|Amoonguss, F|100\/100|[from] U-turn\n|-damage|p1a: Amoonguss|88\/100|[from] Stealth Rock\n|move|p2a: Hippo?|Whirlwind|p1b: Sneasler\n|drag|p1b: Landorus|Landorus-Therian, M|100\/100\n|-damage|p1b: Landorus|88\/100|[from] Stealth Rock\n|-ability|p1b: Landorus|Intimidate|boost\n|-unboost|p2a: Hippo?|atk|1\n|\n|-weather|Sandstorm|[upkeep]\n|-damage|p1a: Amoonguss|82\/100|[from] Sandstorm\n|-heal|p2a: Hippo?|94\/100|[from] Grassy Terrain\n|-heal|p1a: Amoonguss|88\/100|[from] Grassy Terrain\n|upkeep\n|c|\u2606JacintoElGrande|oh\n|c|\u2606JacintoElGrande|nice\n|\n|t:|1698376468\n|switch|p2b: las rubias|Dugtrio-Alola, F|100\/100\n|turn|3\n|\n|t:|1698376495\n|move|p1b: Landorus|Stomping Tantrum|p2b: las rubias\n|-supereffective|p2b: las rubias\n|-damage|p2b: las rubias|0 fnt\n|faint|p2b: las rubias\n|move|p1a: Amoonguss|Spore|p2a: Hippo?\n|-status|p2a: Hippo?|slp|[from] move: Spore\n|cant|p2a: Hippo?|slp\n|\n|-weather|Sandstorm|[upkeep]\n|-damage|p1a: Amoonguss|82\/100|[from] Sandstorm\n|-heal|p2a: Hippo?|99\/100 slp|[from] Grassy Terrain\n|-heal|p1a: Amoonguss|88\/100|[from] Grassy Terrain\n|upkeep\n|\n|t:|1698376509\n|switch|p2b: Sophy|Garchomp, F, shiny|100\/100\n|turn|4\n|\n|t:|1698376535\n|switch|p1b: Farigiraf|Farigiraf, M|100\/100\n|-damage|p1b: Farigiraf|88\/100|[from] Stealth Rock\n|switch|p2a: Dummy|Camerupt, F, shiny|100\/100\n|-item|p2a: Dummy|Air Balloon\n|move|p2b: Sophy|Aqua Tail|p1b: Farigiraf\n|-damage|p1b: Farigiraf|57\/100\n|move|p1a: Amoonguss|Spore|p2b: Sophy\n|-status|p2b: Sophy|slp|[from] move: Spore\n|\n|-weather|Sandstorm|[upkeep]\n|-damage|p1b: Farigiraf|51\/100|[from] Sandstorm\n|-damage|p1a: Amoonguss|82\/100|[from] Sandstorm\n|-heal|p1b: Farigiraf|57\/100|[from] Grassy Terrain\n|-heal|p1a: Amoonguss|88\/100|[from] Grassy Terrain\n|upkeep\n|turn|5\n|c|\u2606Elnutriajp|desde cu\u00e1ndo se permite ya dormir a 2 pokes enemigos? XDDDD\n|c|\u2606JacintoElGrande|en dobles siempre se ha podido xd\n|\n|t:|1698376600\n|switch|p2b: muky return|Gastrodon-East, M|100\/100\n|move|p2a: Dummy|Eruption|p1a: Amoonguss|[spread] p1a,p1b\n|-supereffective|p1a: Amoonguss\n|-crit|p1a: Amoonguss\n|-damage|p1a: Amoonguss|0 fnt\n|-damage|p1b: Farigiraf|18\/100\n|-enditem|p1b: Farigiraf|Sitrus Berry|[eat]\n|-heal|p1b: Farigiraf|43\/100|[from] item: Sitrus Berry\n|faint|p1a: Amoonguss\n|move|p1b: Farigiraf|Trick Room|p1b: Farigiraf\n|-fieldstart|move: Trick Room|[of] p1b: Farigiraf\n|\n|-weather|Sandstorm|[upkeep]\n|-damage|p1b: Farigiraf|37\/100|[from] Sandstorm\n|-heal|p1b: Farigiraf|43\/100|[from] Grassy Terrain\n|-fieldend|move: Grassy Terrain\n|upkeep\n|c|\u2606Elnutriajp|a XDDD\n|\n|t:|1698376609\n|switch|p1a: Ursaluna|Ursaluna-Bloodmoon, M|100\/100\n|-damage|p1a: Ursaluna|94\/100|[from] Stealth Rock\n|turn|6\n|\n|t:|1698376637\n|move|p1a: Ursaluna|Hyper Voice|p2b: muky return|[spread] p2a,p2b\n|-damage|p2a: Dummy|53\/100\n|-damage|p2b: muky return|71\/100\n|-enditem|p2a: Dummy|Air Balloon\n|-enditem|p1a: Ursaluna|Throat Spray\n|-boost|p1a: Ursaluna|spa|1|[from] item: Throat Spray\n|move|p1b: Farigiraf|Psychic|p2a: Dummy\n|-damage|p2a: Dummy|12\/100\n|move|p2b: muky return|Earth Power|p1a: Ursaluna\n|-damage|p1a: Ursaluna|55\/100\n|move|p2a: Dummy|Ancient Power|p1b: Farigiraf\n|-damage|p1b: Farigiraf|30\/100\n|\n|-weather|Sandstorm|[upkeep]\n|-damage|p1b: Farigiraf|24\/100|[from] Sandstorm\n|-heal|p2b: muky return|77\/100|[from] item: Leftovers\n|upkeep\n|turn|7\n|c|\u2606Elnutriajp|jugu\u00e9 a la suerte XDD\n|c|\u2606JacintoElGrande|buscar el omniboost era la play xd\n|\n|t:|1698376672\n|move|p1a: Ursaluna|Blood Moon|p2b: muky return\n|-damage|p2b: muky return|0 fnt\n|faint|p2b: muky return\n|move|p1b: Farigiraf|Psychic|p2a: Dummy\n|-damage|p2a: Dummy|0 fnt\n|faint|p2a: Dummy\n|\n|-weather|Sandstorm|[upkeep]\n|-damage|p1b: Farigiraf|18\/100|[from] Sandstorm\n|upkeep\n|c|\u2606JacintoElGrande|se intent\u00f3\n|\n|t:|1698376683\n|switch|p2b: Hippo?|Hippowdon, F|99\/100 slp\n|switch|p2a: Sophy|Garchomp, F, shiny|100\/100 slp\n|turn|8\n|\n|t:|1698376707\n|move|p1a: Ursaluna|Hyper Voice|p2a: Sophy|[spread] p2a,p2b\n|-damage|p2a: Sophy|33\/100 slp\n|-damage|p2b: Hippo?|34\/100 slp\n|move|p1b: Farigiraf|Dazzling Gleam|p2b: Hippo?|[spread] p2a,p2b\n|-supereffective|p2a: Sophy\n|-damage|p2a: Sophy|1\/100 slp\n|-damage|p2b: Hippo?|17\/100 slp\n|cant|p2a: Sophy|slp\n|cant|p2b: Hippo?|slp\n|\n|-weather|none\n|upkeep\n|turn|9\n|c|\u2606JacintoElGrande|ggs\n|c|\u2606Elnutriajp|est\u00e9 team solo era la excusa oara juntar a camerint y gastrodon XD\n|c|\u2606JacintoElGrande|buenas partidas bro\n|\n|t:|1698376753\n|move|p1a: Ursaluna|Protect|p1a: Ursaluna\n|-singleturn|p1a: Ursaluna|Protect\n|move|p1b: Farigiraf|Dazzling Gleam|p2b: Hippo?|[spread] p2a,p2b\n|-supereffective|p2a: Sophy\n|-damage|p2a: Sophy|0 fnt\n|-damage|p2b: Hippo?|3\/100 slp\n|faint|p2a: Sophy\n|-curestatus|p2b: Hippo?|slp|[msg]\n|move|p2b: Hippo?|Whirlwind|p1b: Farigiraf\n|drag|p1b: Landorus|Landorus-Therian, M|88\/100\n|-damage|p1b: Landorus|75\/100|[from] Stealth Rock\n|-ability|p1b: Landorus|Intimidate|boost\n|-unboost|p2b: Hippo?|atk|1\n|\n|-fieldend|move: Trick Room\n|upkeep\n|turn|10\n|c|\u2606JacintoElGrande|tiene sentido\n|c|\u2606JacintoElGrande|camerupt y gastrodon tienen pinta que se caer\u00edan bien xD\n|c|\u2606Elnutriajp|grax, pero no tengo los team para tomarmelo enserio, solo oara wear XDD\n|c|\u2606JacintoElGrande|tabien\n|c|\u2606Elnutriajp|con cuea uso OU\n|c|\u2606Elnutriajp|me gustan los nu porque son graciosos y a veces sorpremden\n|\n|t:|1698376853\n|move|p1a: Ursaluna|Protect||[still]\n|-fail|p1a: Ursaluna\n|move|p1b: Landorus|Explosion|p2b: Hippo?|[spread] p1a,p2b\n|-damage|p1a: Ursaluna|4\/100\n|-damage|p2b: Hippo?|0 fnt\n|faint|p1b: Landorus\n|faint|p2b: Hippo?\n|\n|win|JacintoElGrande\n|c|\u2606JacintoElGrande|que puedo decir\n|c|\u2606JacintoElGrande|me encantan los stats altos xd\n","uploadtime":1698376877,"views":10,"p1id":"jacintoelgrande","p2id":"elnutriajp","formatid":"gen9nationaldexdoubles","rating":0,"private":0,"password":""}