{"id":"gen9nationaldexdoubles-1996654862","p1":"ELFRAN132","p2":"S1r.sweepsaLot","format":"[Gen 9] National Dex Doubles","log":"|j|\u2606ELFRAN132\n|j|\u2606S1r.sweepsaLot\n|t:|1700705743\n|gametype|doubles\n|player|p1|ELFRAN132|101|1435\n|player|p2|S1r.sweepsaLot|marshal|1545\n|teamsize|p1|6\n|teamsize|p2|6\n|gen|9\n|tier|[Gen 9] National Dex Doubles\n|rated|\n|rule|HP Percentage Mod: HP is shown in percentages\n|rule|Endless Battle Clause: Forcing endless battles is banned\n|rule|OHKO Clause: OHKO moves are banned\n|rule|Evasion Moves Clause: Evasion moves are banned\n|rule|Evasion Abilities Clause: Evasion abilities are banned\n|rule|Species Clause: Limit one of each Pok\u00e9mon\n|rule|Gravity Sleep Clause: The combination of sleep-inducing moves with imperfect accuracy and Gravity or Gigantamax Orbeetle are banned\n|clearpoke\n|poke|p1|Rillaboom, F|\n|poke|p1|Metagross|\n|poke|p1|Incineroar, M|\n|poke|p1|Tornadus, M|\n|poke|p1|Regidrago|\n|poke|p1|Gholdengo|\n|poke|p2|Tyranitar, M|\n|poke|p2|Excadrill, M|\n|poke|p2|Farigiraf, M|\n|poke|p2|Rillaboom, F|\n|poke|p2|Sylveon, F|\n|poke|p2|Incineroar, F|\n|teampreview\n|\n|t:|1700705766\n|start\n|switch|p1a: Tornadus|Tornadus, M|100\/100\n|switch|p1b: Gholdengo|Gholdengo|100\/100\n|switch|p2a: Chain Chomp|Farigiraf, M|100\/100\n|switch|p2b: Rootbeer|Excadrill, M|100\/100\n|turn|1\n|\n|t:|1700705814\n|switch|p1a: Incineroar|Incineroar, M|100\/100\n|-ability|p1a: Incineroar|Intimidate|boost\n|-unboost|p2a: Chain Chomp|atk|1\n|-fail|p2b: Rootbeer|unboost|[from] item: Clear Amulet|[of] p2b: Rootbeer\n|move|p1b: Gholdengo|Protect|p1b: Gholdengo\n|-singleturn|p1b: Gholdengo|Protect\n|move|p2b: Rootbeer|Protect|p2b: Rootbeer\n|-singleturn|p2b: Rootbeer|Protect\n|move|p2a: Chain Chomp|Trick Room|p2a: Chain Chomp\n|-fieldstart|move: Trick Room|[of] p2a: Chain Chomp\n|\n|upkeep\n|turn|2\n|c|\u2606S1r.sweepsaLot|dude i spectate you all the time\n|inactive|Battle timer is ON: inactive players will automatically lose when time's up. (requested by ELFRAN132)\n|c|\u2606ELFRAN132|xd\n|inactive|S1r.sweepsaLot has 120 seconds left.\n|\n|t:|1700705870\n|switch|p2a: Monke|Rillaboom, F|100\/100\n|-fieldstart|move: Grassy Terrain|[from] ability: Grassy Surge|[of] p2a: Monke\n|switch|p1a: Tornadus|Tornadus, M|100\/100\n|switch|p1b: Rillaboom|Rillaboom, F|100\/100\n|-terastallize|p2b: Rootbeer|Ground\n|move|p2b: Rootbeer|High Horsepower|p1b: Rillaboom\n|-resisted|p1b: Rillaboom\n|-damage|p1b: Rillaboom|67\/100\n|\n|-heal|p1b: Rillaboom|73\/100|[from] Grassy Terrain\n|upkeep\n|turn|3\n|inactive|ELFRAN132 has 120 seconds left.\n|inactive|S1r.sweepsaLot has 120 seconds left.\n|\n|t:|1700705904\n|switch|p1b: Incineroar|Incineroar, M|100\/100\n|-ability|p1b: Incineroar|Intimidate|boost\n|-unboost|p2a: Monke|atk|1\n|-fail|p2b: Rootbeer|unboost|[from] item: Clear Amulet|[of] p2b: Rootbeer\n|switch|p2b: Furry|Incineroar, F|100\/100\n|-ability|p2b: Furry|Intimidate|boost\n|-unboost|p1a: Tornadus|atk|1\n|-unboost|p1b: Incineroar|atk|1\n|move|p1a: Tornadus|Taunt|p2b: Furry\n|-hint|Since gen 7, Dark is immune to Prankster moves.\n|-immune|p2b: Furry\n|move|p2a: Monke|U-turn|p1b: Incineroar\n|-crit|p1b: Incineroar\n|-damage|p1b: Incineroar|67\/100\n|inactive|S1r.sweepsaLot has 120 seconds left.\n|\n|t:|1700705921\n|switch|p2a: Bulktar|Tyranitar, M|100\/100|[from] U-turn\n|-weather|Sandstorm|[from] ability: Sand Stream|[of] p2a: Bulktar\n|\n|-weather|Sandstorm|[upkeep]\n|-damage|p2b: Furry|94\/100|[from] Sandstorm\n|-damage|p1a: Tornadus|94\/100|[from] Sandstorm\n|-heal|p1b: Incineroar|73\/100|[from] Grassy Terrain\n|-heal|p2b: Furry|100\/100|[from] Grassy Terrain\n|upkeep\n|turn|4\n|\n|t:|1700705950\n|switch|p2b: Chain Chomp|Farigiraf, M|100\/100\n|switch|p1a: Metagross|Metagross|100\/100\n|move|p1b: Incineroar|Fake Out||[still]\n|cant|p2b: Chain Chomp|ability: Armor Tail|Fake Out|[of] p1b: Incineroar\n|move|p2a: Bulktar|Rock Slide|p1b: Incineroar|[spread] p1a,p1b\n|-resisted|p1a: Metagross\n|-supereffective|p1b: Incineroar\n|-damage|p1a: Metagross|85\/100\n|-damage|p1b: Incineroar|18\/100\n|\n|-weather|Sandstorm|[upkeep]\n|-heal|p1b: Incineroar|24\/100|[from] Grassy Terrain\n|-heal|p1a: Metagross|91\/100|[from] Grassy Terrain\n|upkeep\n|turn|5\n|inactive|S1r.sweepsaLot has 120 seconds left.\n|\n|t:|1700705987\n|switch|p2b: Rootbeer|Excadrill, M, tera:Ground|100\/100\n|detailschange|p1a: Metagross|Metagross-Mega\n|-mega|p1a: Metagross|Metagross|Metagrossite\n|move|p1b: Incineroar|Parting Shot|p2a: Bulktar\n|-unboost|p2a: Bulktar|atk|1\n|-unboost|p2a: Bulktar|spa|1\n|inactive|ELFRAN132 has 120 seconds left.\n|\n|t:|1700706005\n|switch|p1b: Gholdengo|Gholdengo|100\/100|[from] Parting Shot\n|move|p2a: Bulktar|Rock Slide|p1a: Metagross|[spread] \n|-miss|p2a: Bulktar|p1a: Metagross\n|-miss|p2a: Bulktar|p1b: Gholdengo\n|move|p1a: Metagross|Meteor Mash|p2a: Bulktar\n|-supereffective|p2a: Bulktar\n|-damage|p2a: Bulktar|2\/100\n|\n|-weather|Sandstorm|[upkeep]\n|-heal|p2a: Bulktar|9\/100|[from] Grassy Terrain\n|-heal|p1a: Metagross|97\/100|[from] Grassy Terrain\n|-fieldend|move: Trick Room\n|upkeep\n|turn|6\n|inactive|ELFRAN132 has 120 seconds left.\n|\n|t:|1700706050\n|move|p2b: Rootbeer|Protect|p2b: Rootbeer\n|-singleturn|p2b: Rootbeer|Protect\n|move|p1b: Gholdengo|Protect|p1b: Gholdengo\n|-singleturn|p1b: Gholdengo|Protect\n|move|p1a: Metagross|Ice Punch|p2b: Rootbeer\n|-activate|p2b: Rootbeer|move: Protect\n|move|p2a: Bulktar|Crunch|p1a: Metagross\n|-supereffective|p1a: Metagross\n|-damage|p1a: Metagross|46\/100\n|\n|-weather|Sandstorm|[upkeep]\n|-heal|p1a: Metagross|52\/100|[from] Grassy Terrain\n|-heal|p2a: Bulktar|15\/100|[from] Grassy Terrain\n|-fieldend|move: Grassy Terrain\n|upkeep\n|turn|7\n|inactive|ELFRAN132 has 120 seconds left.\n|inactive|S1r.sweepsaLot has 120 seconds left.\n|\n|t:|1700706081\n|switch|p2b: Furry|Incineroar, F|100\/100\n|-ability|p2b: Furry|Intimidate|boost\n|-unboost|p1a: Metagross|atk|1\n|-unboost|p1b: Gholdengo|atk|1\n|move|p1a: Metagross|Ice Punch|p2b: Furry\n|-resisted|p2b: Furry\n|-damage|p2b: Furry|91\/100\n|-status|p2b: Furry|frz\n|move|p1b: Gholdengo|Make It Rain|p2b: Furry|[spread] p2a,p2b\n|-supereffective|p2a: Bulktar\n|-resisted|p2b: Furry\n|-damage|p2a: Bulktar|0 fnt\n|-damage|p2b: Furry|75\/100 frz\n|-unboost|p1b: Gholdengo|spa|1\n|faint|p2a: Bulktar\n|\n|-weather|none\n|upkeep\n|inactive|S1r.sweepsaLot has 120 seconds left.\n|\n|t:|1700706100\n|switch|p2a: Monke|Rillaboom, F|100\/100\n|-fieldstart|move: Grassy Terrain|[from] ability: Grassy Surge|[of] p2a: Monke\n|turn|8\n|inactive|ELFRAN132 has 120 seconds left.\n|inactive|S1r.sweepsaLot has 120 seconds left.\n|\n|t:|1700706128\n|switch|p1a: Incineroar|Incineroar, M|24\/100\n|-ability|p1a: Incineroar|Intimidate|boost\n|-unboost|p2a: Monke|atk|1\n|-unboost|p2b: Furry|atk|1\n|move|p1b: Gholdengo|Protect|p1b: Gholdengo\n|-singleturn|p1b: Gholdengo|Protect\n|move|p2a: Monke|Protect|p2a: Monke\n|-singleturn|p2a: Monke|Protect\n|-curestatus|p2b: Furry|frz|[from] move: Flare Blitz\n|move|p2b: Furry|Flare Blitz|p1a: Incineroar\n|-resisted|p1a: Incineroar\n|-damage|p1a: Incineroar|8\/100\n|-damage|p2b: Furry|70\/100|[from] Recoil\n|\n|-heal|p2b: Furry|76\/100|[from] Grassy Terrain\n|-heal|p1a: Incineroar|15\/100|[from] Grassy Terrain\n|upkeep\n|turn|9\n|inactive|S1r.sweepsaLot has 120 seconds left.\n|inactive|ELFRAN132 has 120 seconds left.\n|\n|t:|1700706165\n|move|p1a: Incineroar|Fake Out|p2b: Furry\n|-damage|p2b: Furry|66\/100\n|move|p1b: Gholdengo|Nasty Plot|p1b: Gholdengo\n|-boost|p1b: Gholdengo|spa|2\n|move|p2a: Monke|U-turn|p1a: Incineroar\n|-damage|p1a: Incineroar|0 fnt\n|faint|p1a: Incineroar\n|\n|t:|1700706173\n|switch|p2a: Chain Chomp|Farigiraf, M|100\/100|[from] U-turn\n|cant|p2b: Furry|flinch\n|\n|-heal|p2b: Furry|73\/100|[from] Grassy Terrain\n|upkeep\n|c|\u2606ELFRAN132|uff\n|c|\u2606ELFRAN132|nice\n|\n|t:|1700706184\n|switch|p1a: Regidrago|Regidrago|100\/100\n|turn|10\n|c|\u2606S1r.sweepsaLot|you are playing so well\n|inactive|S1r.sweepsaLot has 120 seconds left.\n|\n|t:|1700706226\n|move|p1b: Gholdengo|Make It Rain|p2b: Furry|[spread] p2a,p2b\n|-resisted|p2b: Furry\n|-damage|p2a: Chain Chomp|39\/100\n|-damage|p2b: Furry|45\/100\n|-unboost|p1b: Gholdengo|spa|1\n|move|p1a: Regidrago|Dragon Energy|p2a: Chain Chomp|[spread] p2a,p2b\n|-damage|p2a: Chain Chomp|0 fnt\n|-damage|p2b: Furry|0 fnt\n|faint|p2a: Chain Chomp\n|faint|p2b: Furry\n|\n|upkeep\n|\n|t:|1700706239\n|switch|p2b: Rootbeer|Excadrill, M, tera:Ground|100\/100\n|switch|p2a: Pwetty pwincess|Sylveon, F|100\/100\n|turn|11\n|\n|t:|1700706267\n|switch|p1b: Rillaboom|Rillaboom, F|73\/100\n|switch|p1a: Metagross|Metagross-Mega|52\/100\n|move|p2b: Rootbeer|Swords Dance|p2b: Rootbeer\n|-boost|p2b: Rootbeer|atk|2\n|move|p2a: Pwetty pwincess|Hyper Voice|p1b: Rillaboom|[spread] p1a,p1b\n|-resisted|p1a: Metagross\n|-damage|p1a: Metagross|34\/100\n|-damage|p1b: Rillaboom|47\/100\n|\n|-heal|p1a: Metagross|40\/100|[from] Grassy Terrain\n|-heal|p1b: Rillaboom|53\/100|[from] Grassy Terrain\n|upkeep\n|turn|12\n|\n|t:|1700706295\n|move|p2b: Rootbeer|Protect|p2b: Rootbeer\n|-singleturn|p2b: Rootbeer|Protect\n|move|p2a: Pwetty pwincess|Protect|p2a: Pwetty pwincess\n|-singleturn|p2a: Pwetty pwincess|Protect\n|move|p1b: Rillaboom|Fake Out|p2b: Rootbeer\n|-activate|p2b: Rootbeer|move: Protect\n|move|p1a: Metagross|Meteor Mash|p2a: Pwetty pwincess\n|-activate|p2a: Pwetty pwincess|move: Protect\n|\n|-heal|p1a: Metagross|46\/100|[from] Grassy Terrain\n|-heal|p1b: Rillaboom|59\/100|[from] Grassy Terrain\n|-fieldend|move: Grassy Terrain\n|upkeep\n|turn|13\n|inactive|S1r.sweepsaLot has 120 seconds left.\n|\n|t:|1700706328\n|switch|p1b: Tornadus|Tornadus, M|94\/100\n|switch|p2a: Monke|Rillaboom, F|100\/100\n|-fieldstart|move: Grassy Terrain|[from] ability: Grassy Surge|[of] p2a: Monke\n|move|p1a: Metagross|Bullet Punch|p2a: Monke\n|-damage|p2a: Monke|71\/100\n|move|p2b: Rootbeer|Iron Head|p1b: Tornadus\n|-damage|p1b: Tornadus|0 fnt\n|faint|p1b: Tornadus\n|\n|-heal|p1a: Metagross|52\/100|[from] Grassy Terrain\n|-heal|p2a: Monke|77\/100|[from] Grassy Terrain\n|upkeep\n|inactive|ELFRAN132 has 120 seconds left.\n|\n|t:|1700706357\n|switch|p1b: Gholdengo|Gholdengo|100\/100\n|turn|14\n|inactive|S1r.sweepsaLot has 120 seconds left.\n|inactive|ELFRAN132 has 120 seconds left.\n|\n|t:|1700706381\n|move|p2b: Rootbeer|Protect|p2b: Rootbeer\n|-singleturn|p2b: Rootbeer|Protect\n|move|p2a: Monke|Grassy Glide|p1a: Metagross\n|-resisted|p1a: Metagross\n|-damage|p1a: Metagross|34\/100\n|move|p1a: Metagross|Ice Punch|p2b: Rootbeer\n|-activate|p2b: Rootbeer|move: Protect\n|move|p1b: Gholdengo|Make It Rain|p2a: Monke|[spread] p2a\n|-activate|p2b: Rootbeer|move: Protect\n|-damage|p2a: Monke|26\/100\n|-unboost|p1b: Gholdengo|spa|1\n|\n|-heal|p1a: Metagross|40\/100|[from] Grassy Terrain\n|-heal|p2a: Monke|32\/100|[from] Grassy Terrain\n|upkeep\n|turn|15\n|inactive|ELFRAN132 has 120 seconds left.\n|inactive|S1r.sweepsaLot has 120 seconds left.\n|\n|t:|1700706416\n|move|p1b: Gholdengo|Protect|p1b: Gholdengo\n|-singleturn|p1b: Gholdengo|Protect\n|move|p1a: Metagross|Bullet Punch|p2a: Monke\n|-damage|p2a: Monke|6\/100\n|move|p2a: Monke|Grassy Glide|p1a: Metagross\n|-resisted|p1a: Metagross\n|-damage|p1a: Metagross|21\/100\n|move|p2b: Rootbeer|High Horsepower|p1b: Gholdengo\n|-activate|p1b: Gholdengo|move: Protect\n|\n|-heal|p1a: Metagross|27\/100|[from] Grassy Terrain\n|-heal|p2a: Monke|13\/100|[from] Grassy Terrain\n|upkeep\n|turn|16\n|inactive|ELFRAN132 has 120 seconds left.\n|inactive|S1r.sweepsaLot has 120 seconds left.\n|\n|t:|1700706447\n|move|p1a: Metagross|Bullet Punch|p2a: Monke\n|-damage|p2a: Monke|0 fnt\n|faint|p2a: Monke\n|move|p1b: Gholdengo|Make It Rain|p2b: Rootbeer\n|-damage|p2b: Rootbeer|40\/100\n|-unboost|p1b: Gholdengo|spa|1\n|move|p2b: Rootbeer|High Horsepower|p1a: Metagross\n|-supereffective|p1a: Metagross\n|-damage|p1a: Metagross|0 fnt\n|faint|p1a: Metagross\n|\n|-heal|p2b: Rootbeer|46\/100|[from] Grassy Terrain\n|upkeep\n|inactive|S1r.sweepsaLot has 120 seconds left.\n|inactive|ELFRAN132 has 120 seconds left.\n|\n|t:|1700706464\n|switch|p1a: Regidrago|Regidrago|100\/100\n|switch|p2a: Pwetty pwincess|Sylveon, F|100\/100\n|turn|17\n|inactive|S1r.sweepsaLot has 120 seconds left.\n|\n|t:|1700706493\n|-terastallize|p1a: Regidrago|Steel\n|move|p2b: Rootbeer|Protect|p2b: Rootbeer\n|-singleturn|p2b: Rootbeer|Protect\n|move|p1b: Gholdengo|Make It Rain|p2a: Pwetty pwincess|[spread] p2a\n|-activate|p2b: Rootbeer|move: Protect\n|-supereffective|p2a: Pwetty pwincess\n|-damage|p2a: Pwetty pwincess|68\/100\n|-unboost|p1b: Gholdengo|spa|1\n|move|p1a: Regidrago|Tera Blast|p2a: Pwetty pwincess|[anim] Tera Blast Steel\n|-supereffective|p2a: Pwetty pwincess\n|-damage|p2a: Pwetty pwincess|0 fnt\n|faint|p2a: Pwetty pwincess\n|\n|-heal|p2b: Rootbeer|53\/100|[from] Grassy Terrain\n|-fieldend|move: Grassy Terrain\n|upkeep\n|turn|18\n|c|\u2606S1r.sweepsaLot|gg\n|c|\u2606ELFRAN132|gg\n|c|\u2606S1r.sweepsaLot|very close\n|c|\u2606S1r.sweepsaLot|thought you burnt tera already\n|inactive|ELFRAN132 has 120 seconds left.\n|\n|t:|1700706551\n|move|p1b: Gholdengo|Make It Rain|p2b: Rootbeer\n|-damage|p2b: Rootbeer|19\/100\n|-unboost|p1b: Gholdengo|spa|1\n|move|p1a: Regidrago|Tera Blast|p2b: Rootbeer|[anim] Tera Blast Steel\n|-damage|p2b: Rootbeer|0 fnt\n|faint|p2b: Rootbeer\n|\n|win|ELFRAN132\n|raw|ELFRAN132's rating: 1435 &rarr; <strong>1461<\/strong><br \/>(+26 for winning)\n|raw|S1r.sweepsaLot's rating: 1545 &rarr; <strong>1519<\/strong><br \/>(-26 for losing)\n|c|\u2606ELFRAN132|pebse que era mas lento\n|c|\u2606ELFRAN132|pense*\n|c|\u2606ELFRAN132|que excadrill\n|c|\u2606S1r.sweepsaLot|yo tambien\n|c|\u2606ELFRAN132|ah hablas espa\u00f1ol ya estaba escribiendo en ingles xd\n|c|\u2606S1r.sweepsaLot|mi amigo hablas espanol\n|c|\u2606ELFRAN132|I forgot to write in English\n|c|\u2606S1r.sweepsaLot|you're fine\n|c|\u2606S1r.sweepsaLot|my friend speaks spanish he was helping me\n|c|\u2606ELFRAN132|but if my native language is Castilian\/Spanish\n|c|\u2606S1r.sweepsaLot|yeah my friend is from spain too\n|c|\u2606S1r.sweepsaLot|would join a private tournament thing\n|c|\u2606ELFRAN132|good luck getting ranked, for my part I'm stopping playing for today because I have to study to defend my project for tomorrow XD\n|c|\u2606S1r.sweepsaLot|alright well let me friend you for later\n|c|\u2606ELFRAN132|oh ok\n|l|\u2606ELFRAN132\n|j|\u2606ELFRAN132\n|player|p1|ELFRAN132|101\n|l|\u2606ELFRAN132\n|player|p1|\n","uploadtime":1700706901,"views":3,"p1id":"elfran132","p2id":"s1rsweepsalot","formatid":"gen9nationaldexdoubles","rating":1461,"private":0,"password":""}