{"id":"gen9nationaldexdoubles-1990802795","p1":"Delreynan","p2":"Gewth","format":"[Gen 9] National Dex Doubles","log":"|j|\u2606Delreynan\n|j|\u2606Gewth\n|t:|1700002363\n|gametype|doubles\n|player|p1|Delreynan|cynthia-gen4|1084\n|player|p2|Gewth|guitarist|1087\n|teamsize|p1|6\n|teamsize|p2|6\n|gen|9\n|tier|[Gen 9] National Dex Doubles\n|rated|\n|rule|HP Percentage Mod: HP is shown in percentages\n|rule|Endless Battle Clause: Forcing endless battles is banned\n|rule|OHKO Clause: OHKO moves are banned\n|rule|Evasion Moves Clause: Evasion moves are banned\n|rule|Evasion Abilities Clause: Evasion abilities are banned\n|rule|Species Clause: Limit one of each Pok\u00e9mon\n|rule|Gravity Sleep Clause: The combination of sleep-inducing moves with imperfect accuracy and Gravity or Gigantamax Orbeetle are banned\n|clearpoke\n|poke|p1|Arbok, F|\n|poke|p1|Serperior, F|\n|poke|p1|Milotic, F|\n|poke|p1|Sandaconda, F|\n|poke|p1|Gyarados, M|\n|poke|p1|Seviper, F|\n|poke|p2|Tatsugiri, M|\n|poke|p2|Golurk|\n|poke|p2|Magmortar, M|\n|poke|p2|Aegislash, F|\n|poke|p2|Cryogonal|\n|poke|p2|Leavanny, M|\n|teampreview\n|\n|t:|1700002371\n|start\n|switch|p1a: Sandaconda|Sandaconda, F|100\/100\n|switch|p1b: Arbok|Arbok, F|100\/100\n|switch|p2a: Titan|Golurk|100\/100\n|switch|p2b: Earl|Leavanny, M|100\/100\n|-ability|p1b: Arbok|Intimidate|boost\n|-unboost|p2a: Titan|atk|1\n|-unboost|p2b: Earl|atk|1\n|turn|1\n|\n|t:|1700002384\n|switch|p1b: Gyarados|Gyarados, M|100\/100\n|-ability|p1b: Gyarados|Intimidate|boost\n|-unboost|p2a: Titan|atk|1\n|-unboost|p2b: Earl|atk|1\n|move|p2b: Earl|Leaf Blade|p1a: Sandaconda\n|-supereffective|p1a: Sandaconda\n|-damage|p1a: Sandaconda|60\/100\n|move|p1a: Sandaconda|Stealth Rock|p2a: Titan\n|-sidestart|p2: Gewth|move: Stealth Rock\n|move|p2a: Titan|High Horsepower|p1b: Gyarados\n|-immune|p1b: Gyarados\n|\n|-heal|p1a: Sandaconda|66\/100|[from] item: Leftovers\n|upkeep\n|turn|2\n|\n|t:|1700002404\n|move|p2b: Earl|Leaf Blade|p1a: Sandaconda\n|-supereffective|p1a: Sandaconda\n|-damage|p1a: Sandaconda|28\/100\n|move|p1b: Gyarados|Waterfall|p2a: Titan\n|-supereffective|p2a: Titan\n|-damage|p2a: Titan|8\/100\n|move|p1a: Sandaconda|Iron Defense|p1a: Sandaconda\n|-boost|p1a: Sandaconda|def|2\n|move|p2a: Titan|Dynamic Punch|p1a: Sandaconda\n|-damage|p1a: Sandaconda|21\/100\n|-start|p1a: Sandaconda|confusion\n|\n|-heal|p1a: Sandaconda|27\/100|[from] item: Leftovers\n|upkeep\n|turn|3\n|\n|t:|1700002428\n|move|p2b: Earl|Leaf Blade|p1a: Sandaconda\n|-supereffective|p1a: Sandaconda\n|-damage|p1a: Sandaconda|5\/100\n|move|p1b: Gyarados|Dragon Dance|p1b: Gyarados\n|-boost|p1b: Gyarados|atk|1\n|-boost|p1b: Gyarados|spe|1\n|-activate|p1a: Sandaconda|confusion\n|move|p1a: Sandaconda|Body Press|p2b: Earl\n|-resisted|p2b: Earl\n|-damage|p2b: Earl|65\/100\n|move|p2a: Titan|Dynamic Punch|p1b: Gyarados\n|-resisted|p1b: Gyarados\n|-damage|p1b: Gyarados|90\/100\n|-start|p1b: Gyarados|confusion\n|\n|-heal|p1a: Sandaconda|11\/100|[from] item: Leftovers\n|upkeep\n|turn|4\n|\n|t:|1700002455\n|-activate|p1b: Gyarados|confusion\n|move|p1b: Gyarados|Dragon Dance|p1b: Gyarados\n|-boost|p1b: Gyarados|atk|1\n|-boost|p1b: Gyarados|spe|1\n|move|p2b: Earl|Leaf Blade|p1a: Sandaconda\n|-supereffective|p1a: Sandaconda\n|-damage|p1a: Sandaconda|0 fnt\n|faint|p1a: Sandaconda\n|move|p2a: Titan|Dynamic Punch|p1b: Gyarados\n|-resisted|p1b: Gyarados\n|-damage|p1b: Gyarados|78\/100\n|\n|upkeep\n|\n|t:|1700002464\n|switch|p1a: Arbok|Arbok, F|100\/100\n|-ability|p1a: Arbok|Intimidate|boost\n|-unboost|p2a: Titan|atk|1\n|-unboost|p2b: Earl|atk|1\n|turn|5\n|\n|t:|1700002475\n|-end|p1b: Gyarados|confusion\n|move|p1b: Gyarados|Ice Fang|p2b: Earl\n|-supereffective|p2b: Earl\n|-damage|p2b: Earl|0 fnt\n|faint|p2b: Earl\n|move|p1a: Arbok|Coil|p1a: Arbok\n|-boost|p1a: Arbok|atk|1\n|-boost|p1a: Arbok|def|1\n|-boost|p1a: Arbok|accuracy|1\n|move|p2a: Titan|Dynamic Punch|p1a: Arbok\n|-resisted|p1a: Arbok\n|-damage|p1a: Arbok|92\/100\n|-start|p1a: Arbok|confusion\n|\n|upkeep\n|\n|t:|1700002480\n|switch|p2b: Slurpee|Cryogonal|100\/100\n|-damage|p2b: Slurpee|76\/100|[from] Stealth Rock\n|turn|6\n|\n|t:|1700002497\n|detailschange|p1b: Gyarados|Gyarados-Mega, M\n|-mega|p1b: Gyarados|Gyarados|Gyaradosite\n|-ability|p1b: Gyarados|Mold Breaker\n|-terastallize|p2b: Slurpee|Water\n|move|p1b: Gyarados|Crunch|p2b: Slurpee\n|-damage|p2b: Slurpee|0 fnt\n|faint|p2b: Slurpee\n|-activate|p1a: Arbok|confusion\n|move|p1a: Arbok|Gunk Shot|p2a: Titan\n|-resisted|p2a: Titan\n|-damage|p2a: Titan|0 fnt\n|faint|p2a: Titan\n|-damage|p1a: Arbok|83\/100|[from] item: Life Orb\n|\n|upkeep\n|-message|Gewth forfeited.\n|\n|win|Delreynan\n|raw|Delreynan's rating: 1084 &rarr; <strong>1112<\/strong><br \/>(+28 for winning)\n|raw|Gewth's rating: 1087 &rarr; <strong>1064<\/strong><br \/>(-23 for losing)\n|l|\u2606Gewth\n","uploadtime":1700002515,"views":4,"p1id":"delreynan","p2id":"gewth","formatid":"gen9nationaldexdoubles","rating":1064,"private":0,"password":""}