{"id":"gen9nationaldexdoubles-1957990472","p1":"LylatWarrior","p2":"AnnoyingCanuck","format":"[Gen 9] National Dex Doubles","log":"|j|\u2606LylatWarrior\n|j|\u2606AnnoyingCanuck\n|t:|1696278359\n|gametype|doubles\n|player|p1|LylatWarrior|pokemonranger|1039\n|player|p2|AnnoyingCanuck|roughneck|1000\n|teamsize|p1|6\n|teamsize|p2|6\n|gen|9\n|tier|[Gen 9] National Dex Doubles\n|rated|\n|rule|HP Percentage Mod: HP is shown in percentages\n|rule|Endless Battle Clause: Forcing endless battles is banned\n|rule|OHKO Clause: OHKO moves are banned\n|rule|Evasion Moves Clause: Evasion moves are banned\n|rule|Evasion Abilities Clause: Evasion abilities are banned\n|rule|Species Clause: Limit one of each Pok\u00e9mon\n|rule|Gravity Sleep Clause: The combination of sleep-inducing moves with imperfect accuracy and Gravity or Gigantamax Orbeetle are banned\n|clearpoke\n|poke|p1|Tyranitar, M|\n|poke|p1|Garchomp, F|\n|poke|p1|Corviknight, M|\n|poke|p1|Swampert, M|\n|poke|p1|Landorus-Therian, M|\n|poke|p1|Garganacl, M|\n|poke|p2|Toxtricity, F|\n|poke|p2|Clefable, M|\n|poke|p2|Toedscruel, M|\n|poke|p2|Golduck, M|\n|poke|p2|Slowking-Galar, F|\n|poke|p2|Sandaconda, F|\n|teampreview\n|inactive|Battle timer is ON: inactive players will automatically lose when time's up. (requested by AnnoyingCanuck)\n|c|\u2606AnnoyingCanuck|glhf\n|\n|t:|1696278387\n|start\n|switch|p1a: Technoblade|Garganacl, M, shiny|100\/100\n|switch|p1b: Calrissian|Landorus-Therian, M|100\/100\n|switch|p2a: Golduck|Golduck, M|100\/100\n|switch|p2b: Sandaconda|Sandaconda, F|100\/100\n|-ability|p1b: Calrissian|Intimidate|boost\n|-unboost|p2a: Golduck|atk|1\n|-unboost|p2b: Sandaconda|atk|1\n|-ability|p2a: Golduck|Cloud Nine\n|turn|1\n|c|\u2606LylatWarrior|glhf\n|inactive|LylatWarrior has 120 seconds left.\n|\n|t:|1696278419\n|-terastallize|p1a: Technoblade|Water\n|move|p1b: Calrissian|Grass Knot|p2b: Sandaconda\n|-supereffective|p2b: Sandaconda\n|-damage|p2b: Sandaconda|41\/100\n|move|p2a: Golduck|Simple Beam|p2b: Sandaconda\n|-endability|p2b: Sandaconda|Shed Skin|[from] move: Simple Beam\n|-ability|p2b: Sandaconda|Simple|[from] move: Simple Beam\n|-zpower|p2b: Sandaconda\n|move|p2b: Sandaconda|Z-Sand Attack|p1a: Technoblade|[anim]Sand Attack\n|-boost|p2b: Sandaconda|evasion|1|[zeffect]\n|-unboost|p1a: Technoblade|accuracy|1\n|move|p1a: Technoblade|Salt Cure|p2a: Golduck|[miss]\n|-miss|p1a: Technoblade|p2a: Golduck\n|\n|upkeep\n|turn|2\n|inactive|AnnoyingCanuck has 120 seconds left.\n|\n|t:|1696278450\n|switch|p2a: Clefable|Clefable, M|100\/100\n|move|p1b: Calrissian|Stealth Rock|p2a: Clefable\n|-sidestart|p2: AnnoyingCanuck|move: Stealth Rock\n|move|p2b: Sandaconda|Coil|p2b: Sandaconda\n|-boost|p2b: Sandaconda|atk|2\n|-boost|p2b: Sandaconda|def|2\n|-boost|p2b: Sandaconda|accuracy|2\n|move|p1a: Technoblade|Salt Cure|p2a: Clefable\n|-damage|p2a: Clefable|85\/100\n|-start|p2a: Clefable|Salt Cure\n|\n|-heal|p2a: Clefable|91\/100|[from] item: Leftovers\n|-damage|p2a: Clefable|78\/100|[from] Salt Cure\n|upkeep\n|turn|3\n|\n|t:|1696278468\n|move|p2a: Clefable|Follow Me|p2a: Clefable\n|-singleturn|p2a: Clefable|move: Follow Me\n|move|p1b: Calrissian|Earthquake|p2b: Sandaconda|[spread] p1a,p2a,p2b\n|-damage|p1a: Technoblade|77\/100\n|-damage|p2a: Clefable|34\/100\n|-damage|p2b: Sandaconda|25\/100\n|move|p2b: Sandaconda|Coil|p2b: Sandaconda\n|-boost|p2b: Sandaconda|atk|2\n|-boost|p2b: Sandaconda|def|2\n|-boost|p2b: Sandaconda|accuracy|2\n|move|p1a: Technoblade|Iron Defense|p1a: Technoblade\n|-boost|p1a: Technoblade|def|2\n|\n|-heal|p2a: Clefable|40\/100|[from] item: Leftovers\n|-heal|p1a: Technoblade|84\/100|[from] item: Leftovers\n|-damage|p2a: Clefable|28\/100|[from] Salt Cure\n|upkeep\n|turn|4\n|inactive|AnnoyingCanuck has 120 seconds left.\n|\n|t:|1696278512\n|move|p2a: Clefable|Follow Me|p2a: Clefable\n|-singleturn|p2a: Clefable|move: Follow Me\n|move|p1b: Calrissian|Earthquake|p2a: Clefable|[spread] p1a,p2a,p2b\n|-crit|p2b: Sandaconda\n|-damage|p1a: Technoblade|72\/100\n|-damage|p2a: Clefable|0 fnt\n|-damage|p2b: Sandaconda|0 fnt\n|faint|p2a: Clefable\n|faint|p2b: Sandaconda\n|move|p1a: Technoblade|Recover|p1a: Technoblade\n|-heal|p1a: Technoblade|100\/100\n|\n|upkeep\n|c|\u2606AnnoyingCanuck|okay thanks for the test\n|\n|t:|1696278526\n|switch|p2b: Golduck|Golduck, M|100\/100\n|switch|p2a: Toedscruel|Toedscruel, M|100\/100\n|-damage|p2b: Golduck|88\/100|[from] Stealth Rock\n|-ability|p2b: Golduck|Cloud Nine\n|-damage|p2a: Toedscruel|94\/100|[from] Stealth Rock\n|turn|5\n|c|\u2606AnnoyingCanuck|needs work\n|inactive|AnnoyingCanuck has 120 seconds left.\n|c|\u2606LylatWarrior|So does my team.\n|inactive|LylatWarrior has 120 seconds left.\n|\n|t:|1696278558\n|switch|p1b: Gura|Garchomp, F|100\/100\n|move|p2b: Golduck|Simple Beam|p2a: Toedscruel\n|-endability|p2a: Toedscruel|Mycelium Might|[from] move: Simple Beam\n|-ability|p2a: Toedscruel|Simple|[from] move: Simple Beam\n|move|p1a: Technoblade|Salt Cure|p2b: Golduck|[miss]\n|-miss|p1a: Technoblade|p2b: Golduck\n|move|p2a: Toedscruel|Leech Seed|p1a: Technoblade\n|-start|p1a: Technoblade|move: Leech Seed\n|\n|-heal|p2a: Toedscruel|100\/100|[from] item: Leftovers\n|-damage|p1a: Technoblade|88\/100|[from] Leech Seed|[of] p2a: Toedscruel\n|upkeep\n|turn|6\n|inactive|LylatWarrior has 120 seconds left.\n|c|\u2606LylatWarrior|I wanted to use Delphox but he is best on sun and rain teams.\n|c|\u2606AnnoyingCanuck|i'm just attempting to troll\n|inactive|LylatWarrior has 90 seconds left.\n|\n|t:|1696278615\n|detailschange|p1b: Gura|Garchomp-Mega, F\n|-mega|p1b: Gura|Garchomp|Garchompite\n|move|p1b: Gura|Fire Fang|p2a: Toedscruel\n|-supereffective|p2a: Toedscruel\n|-damage|p2a: Toedscruel|29\/100\n|-status|p2a: Toedscruel|brn\n|move|p2b: Golduck|Psych Up|p1a: Technoblade\n|-copyboost|p2b: Golduck|p1a: Technoblade|[from] move: Psych Up\n|move|p2a: Toedscruel|Acupressure|p2a: Toedscruel\n|-boost|p2a: Toedscruel|evasion|4\n|move|p1a: Technoblade|Salt Cure|p2b: Golduck\n|-damage|p2b: Golduck|80\/100\n|-start|p2b: Golduck|Salt Cure\n|\n|-heal|p2a: Toedscruel|35\/100 brn|[from] item: Leftovers\n|-heal|p1a: Technoblade|94\/100|[from] item: Leftovers\n|-damage|p1a: Technoblade|82\/100|[from] Leech Seed|[of] p2a: Toedscruel\n|-heal|p2a: Toedscruel|48\/100 brn|[silent]\n|-damage|p2a: Toedscruel|42\/100 brn|[from] brn\n|-damage|p2b: Golduck|55\/100|[from] Salt Cure\n|upkeep\n|turn|7\n|c|\u2606LylatWarrior|Delphox is my fav and I use him to troll.\n|\n|t:|1696278639\n|move|p1b: Gura|Fire Fang|p2a: Toedscruel\n|-supereffective|p2a: Toedscruel\n|-damage|p2a: Toedscruel|0 fnt\n|faint|p2a: Toedscruel\n|move|p2b: Golduck|Skill Swap|p1b: Gura\n|-activate|p2b: Golduck|move: Skill Swap|Sand Force|Cloud Nine|[of] p1b: Gura\n|move|p1a: Technoblade|Iron Defense|p1a: Technoblade\n|-boost|p1a: Technoblade|def|2\n|\n|-heal|p1a: Technoblade|88\/100|[from] item: Leftovers\n|-damage|p2b: Golduck|30\/100|[from] Salt Cure\n|upkeep\n|\n|t:|1696278651\n|switch|p2a: Slowking|Slowking-Galar, F|100\/100\n|-damage|p2a: Slowking|88\/100|[from] Stealth Rock\n|turn|8\n|inactive|LylatWarrior has 120 seconds left.\n|c|\u2606LylatWarrior|But sand teams are mega troll.\n|\n|t:|1696278676\n|move|p1b: Gura|Swords Dance|p1b: Gura\n|-boost|p1b: Gura|atk|2\n|move|p2b: Golduck|Flip Turn|p1b: Gura\n|-damage|p1b: Gura|85\/100\n|\n|t:|1696278682\n|switch|p2b: Toxtricity|Toxtricity, F|100\/100|[from] Flip Turn\n|-damage|p2b: Toxtricity|88\/100|[from] Stealth Rock\n|move|p1a: Technoblade|Salt Cure|p2a: Slowking|[miss]\n|-miss|p1a: Technoblade|p2a: Slowking\n|move|p2a: Slowking|Chilly Reception|p2a: Slowking\n|-weather|Snow\n|\n|t:|1696278688\n|switch|p2a: Golduck|Golduck, M|30\/100|[from] Chilly Reception\n|-damage|p2a: Golduck|18\/100|[from] Stealth Rock\n|-ability|p2a: Golduck|Cloud Nine\n|\n|-weather|Snow|[upkeep]\n|-heal|p1a: Technoblade|94\/100|[from] item: Leftovers\n|-damage|p1a: Technoblade|82\/100|[from] Leech Seed|[of] p2a: Golduck\n|-heal|p2a: Golduck|31\/100|[silent]\n|upkeep\n|turn|9\n|inactive|LylatWarrior has 120 seconds left.\n|\n|t:|1696278707\n|-terastallize|p2b: Toxtricity|Normal\n|move|p1b: Gura|Earthquake|p2b: Toxtricity|[spread] p1a,p2a,p2b\n|-damage|p1a: Technoblade|66\/100\n|-damage|p2a: Golduck|0 fnt\n|-damage|p2b: Toxtricity|0 fnt\n|faint|p2a: Golduck\n|faint|p2b: Toxtricity\n|move|p1a: Technoblade|Iron Defense|p1a: Technoblade\n|-boost|p1a: Technoblade|def|2\n|\n|-weather|Snow|[upkeep]\n|-heal|p1a: Technoblade|72\/100|[from] item: Leftovers\n|upkeep\n|\n|t:|1696278713\n|switch|p2b: Slowking|Slowking-Galar, F|100\/100\n|-damage|p2b: Slowking|88\/100|[from] Stealth Rock\n|turn|10\n|c|\u2606LylatWarrior|GG in advance.\n|c|\u2606AnnoyingCanuck|gg\n|\n|t:|1696278727\n|move|p1b: Gura|Fire Fang|p2b: Slowking\n|-damage|p2b: Slowking|29\/100\n|move|p1a: Technoblade|Salt Cure|p2b: Slowking\n|-damage|p2b: Slowking|14\/100\n|-start|p2b: Slowking|Salt Cure\n|move|p2b: Slowking|Psych Up|p1a: Technoblade\n|-copyboost|p2b: Slowking|p1a: Technoblade|[from] move: Psych Up\n|\n|-weather|Snow|[upkeep]\n|-heal|p1a: Technoblade|78\/100|[from] item: Leftovers\n|-heal|p2b: Slowking|20\/100|[from] item: Leftovers\n|-damage|p2b: Slowking|8\/100|[from] Salt Cure\n|upkeep\n|turn|11\n|\n|t:|1696278742\n|move|p1b: Gura|Earthquake|p2b: Slowking|[spread] p1a,p2b\n|-supereffective|p2b: Slowking\n|-damage|p1a: Technoblade|66\/100\n|-damage|p2b: Slowking|0 fnt\n|faint|p2b: Slowking\n|\n|win|LylatWarrior\n|raw|LylatWarrior's rating: 1039 &rarr; <strong>1069<\/strong><br \/>(+30 for winning)\n|raw|AnnoyingCanuck's rating: 1000 &rarr; <strong>1000<\/strong><br \/>(+0 for losing)\n|l|\u2606AnnoyingCanuck\n","uploadtime":1696278752,"views":6,"p1id":"lylatwarrior","p2id":"annoyingcanuck","formatid":"gen9nationaldexdoubles","rating":1000,"private":0,"password":""}