{"id":"gen9nationaldexdoubles-1965359026","p1":"JKogut","p2":"Specific360","format":"[Gen 9] National Dex Doubles","log":"|j|\u2606JKogut\n|j|\u2606Specific360\n|t:|1697064822\n|gametype|doubles\n|player|p1|JKogut|workerice|\n|player|p2|Specific360|veteran|\n|teamsize|p1|6\n|teamsize|p2|6\n|gen|9\n|tier|[Gen 9] National Dex Doubles\n|rule|HP Percentage Mod: HP is shown in percentages\n|rule|Endless Battle Clause: Forcing endless battles is banned\n|rule|OHKO Clause: OHKO moves are banned\n|rule|Evasion Moves Clause: Evasion moves are banned\n|rule|Evasion Abilities Clause: Evasion abilities are banned\n|rule|Species Clause: Limit one of each Pok\u00e9mon\n|rule|Gravity Sleep Clause: The combination of sleep-inducing moves with imperfect accuracy and Gravity or Gigantamax Orbeetle are banned\n|clearpoke\n|poke|p1|Lickilicky, F|\n|poke|p1|Skeledirge, F|\n|poke|p1|Kommo-o, F|\n|poke|p1|Kilowattrel, F|\n|poke|p1|Cresselia, F|\n|poke|p1|Grimmsnarl, M|\n|poke|p2|Nihilego|\n|poke|p2|Corviknight, M|\n|poke|p2|Vikavolt, M|\n|poke|p2|Gliscor, M|\n|poke|p2|Chandelure, F|\n|poke|p2|Hatterene, F|\n|teampreview\n|j| AustralianJesus\n|\n|t:|1697064903\n|start\n|switch|p1a: Pop Star Barbie|Kommo-o, F, shiny|100\/100\n|switch|p1b: Groovy Barbie|Grimmsnarl, M, shiny|100\/100\n|switch|p2a: Vlad|Chandelure, F, shiny|100\/100\n|switch|p2b: Rook II|Corviknight, M, shiny|100\/100\n|turn|1\n|l|\u2606JKogut\n|player|p1|\n|j| annoying oranje\n|j|\u2606JKogut\n|player|p1|JKogut|workerice\n|\n|t:|1697064995\n|switch|p1a: Alopecia Barbie|Skeledirge, F, shiny|100\/100\n|-terastallize|p2a: Vlad|Grass\n|move|p1b: Groovy Barbie|Taunt|p2a: Vlad\n|-start|p2a: Vlad|move: Taunt\n|move|p2b: Rook II|Iron Defense|p2b: Rook II\n|-boost|p2b: Rook II|def|2\n|cant|p2a: Vlad|move: Taunt|Trick Room\n|\n|upkeep\n|turn|2\n|j| Green133\n|l| Green133\n|\n|t:|1697065068\n|-terastallize|p1a: Alopecia Barbie|Water\n|move|p1b: Groovy Barbie|Light Screen|p1b: Groovy Barbie\n|-sidestart|p1: JKogut|move: Light Screen\n|move|p2b: Rook II|Light Screen|p2b: Rook II\n|-sidestart|p2: Specific360|move: Light Screen\n|move|p1a: Alopecia Barbie|Snarl|p2b: Rook II|[spread] p2a,p2b\n|-damage|p2a: Vlad|93\/100\n|-damage|p2b: Rook II|94\/100\n|-unboost|p2a: Vlad|spa|1\n|-ability|p2b: Rook II|Mirror Armor\n|-unboost|p1a: Alopecia Barbie|spa|1\n|move|p2a: Vlad|Shadow Ball|p1a: Alopecia Barbie\n|-damage|p1a: Alopecia Barbie|77\/100\n|\n|-heal|p1a: Alopecia Barbie|83\/100|[from] item: Leftovers\n|upkeep\n|turn|3\n|\n|t:|1697065125\n|switch|p2a: Yaga|Hatterene, F, shiny|100\/100\n|move|p2b: Rook II|Body Press|p1a: Alopecia Barbie\n|-damage|p1a: Alopecia Barbie|64\/100\n|move|p1a: Alopecia Barbie|Torch Song|p2b: Rook II\n|-supereffective|p2b: Rook II\n|-damage|p2b: Rook II|67\/100\n|-boost|p1a: Alopecia Barbie|spa|1\n|move|p1b: Groovy Barbie|Spirit Break|p2a: Yaga\n|-damage|p2a: Yaga|65\/100\n|-unboost|p2a: Yaga|spa|1\n|\n|-heal|p1a: Alopecia Barbie|70\/100|[from] item: Leftovers\n|-heal|p2a: Yaga|71\/100|[from] item: Leftovers\n|upkeep\n|turn|4\n|j| Sasha_Notices\n|\n|t:|1697065176\n|switch|p1b: Moon God Barbie|Cresselia, F|100\/100\n|move|p2b: Rook II|Body Press|p1a: Alopecia Barbie\n|-damage|p1a: Alopecia Barbie|51\/100\n|move|p1a: Alopecia Barbie|Torch Song|p2b: Rook II\n|-supereffective|p2b: Rook II\n|-damage|p2b: Rook II|26\/100\n|-boost|p1a: Alopecia Barbie|spa|1\n|move|p2a: Yaga|Giga Drain|p1a: Alopecia Barbie\n|-supereffective|p1a: Alopecia Barbie\n|-damage|p1a: Alopecia Barbie|28\/100\n|-heal|p2a: Yaga|86\/100|[from] drain|[of] p1a: Alopecia Barbie\n|\n|-heal|p1a: Alopecia Barbie|34\/100|[from] item: Leftovers\n|-heal|p2a: Yaga|92\/100|[from] item: Leftovers\n|upkeep\n|turn|5\n|\n|t:|1697065255\n|move|p1b: Moon God Barbie|Psych Up|p1a: Alopecia Barbie\n|-copyboost|p1b: Moon God Barbie|p1a: Alopecia Barbie|[from] move: Psych Up\n|move|p2b: Rook II|Roost|p2b: Rook II\n|-heal|p2b: Rook II|76\/100\n|-singleturn|p2b: Rook II|move: Roost\n|move|p1a: Alopecia Barbie|Slack Off|p1a: Alopecia Barbie\n|-heal|p1a: Alopecia Barbie|84\/100\n|move|p2a: Yaga|Giga Drain|p1a: Alopecia Barbie\n|-supereffective|p1a: Alopecia Barbie\n|-damage|p1a: Alopecia Barbie|61\/100\n|-heal|p2a: Yaga|100\/100|[from] drain|[of] p1a: Alopecia Barbie\n|\n|-heal|p1a: Alopecia Barbie|67\/100|[from] item: Leftovers\n|upkeep\n|turn|6\n|\n|t:|1697065297\n|switch|p2b: Lucas|Vikavolt, M|100\/100\n|move|p1b: Moon God Barbie|Lunar Blessing|p1b: Moon God Barbie|[spread] p1a,p1b\n|-heal|p1a: Alopecia Barbie|92\/100\n|move|p1a: Alopecia Barbie|Torch Song|p2a: Yaga\n|-crit|p2a: Yaga\n|-damage|p2a: Yaga|53\/100\n|-boost|p1a: Alopecia Barbie|spa|1\n|move|p2a: Yaga|Trick Room|p2a: Yaga\n|-fieldstart|move: Trick Room|[of] p2a: Yaga\n|\n|-heal|p2a: Yaga|59\/100|[from] item: Leftovers\n|-heal|p1a: Alopecia Barbie|98\/100|[from] item: Leftovers\n|-sideend|p2: Specific360|move: Light Screen\n|upkeep\n|turn|7\n|\n|t:|1697065363\n|move|p2a: Yaga|Giga Drain|p1a: Alopecia Barbie\n|-supereffective|p1a: Alopecia Barbie\n|-crit|p1a: Alopecia Barbie\n|-damage|p1a: Alopecia Barbie|42\/100\n|-heal|p2a: Yaga|95\/100|[from] drain|[of] p1a: Alopecia Barbie\n|move|p2b: Lucas|Volt Switch|p1a: Alopecia Barbie\n|-supereffective|p1a: Alopecia Barbie\n|-damage|p1a: Alopecia Barbie|5\/100\n|\n|t:|1697065382\n|switch|p2b: Not-Lillie|Nihilego|100\/100|[from] Volt Switch\n|-item|p2b: Not-Lillie|Air Balloon\n|move|p1a: Alopecia Barbie|Torch Song|p2b: Not-Lillie\n|-resisted|p2b: Not-Lillie\n|-damage|p2b: Not-Lillie|83\/100\n|-boost|p1a: Alopecia Barbie|spa|1\n|-enditem|p2b: Not-Lillie|Air Balloon\n|move|p1b: Moon God Barbie|Trick Room|p1b: Moon God Barbie\n|-fieldend|move: Trick Room\n|\n|-heal|p1a: Alopecia Barbie|11\/100|[from] item: Leftovers\n|-heal|p2a: Yaga|100\/100|[from] item: Leftovers\n|upkeep\n|turn|8\n|\n|t:|1697065468\n|move|p1a: Alopecia Barbie|Protect|p1a: Alopecia Barbie\n|-singleturn|p1a: Alopecia Barbie|Protect\n|move|p1b: Moon God Barbie|Lunar Blessing|p1b: Moon God Barbie|[spread] p1a,p1b\n|-heal|p1a: Alopecia Barbie|36\/100\n|move|p2b: Not-Lillie|Power Gem|p1a: Alopecia Barbie\n|-activate|p1a: Alopecia Barbie|move: Protect\n|move|p2a: Yaga|Giga Drain|p1a: Alopecia Barbie\n|-activate|p1a: Alopecia Barbie|move: Protect\n|\n|-heal|p1a: Alopecia Barbie|42\/100|[from] item: Leftovers\n|upkeep\n|turn|9\n|\n|t:|1697065490\n|move|p1b: Moon God Barbie|Lunar Blessing|p1b: Moon God Barbie|[spread] p1a,p1b\n|-heal|p1a: Alopecia Barbie|67\/100\n|move|p2b: Not-Lillie|Sludge Bomb|p1a: Alopecia Barbie\n|-damage|p1a: Alopecia Barbie|41\/100\n|-status|p1a: Alopecia Barbie|psn\n|move|p1a: Alopecia Barbie|Snarl|p2a: Yaga|[spread] p2a,p2b\n|-damage|p2a: Yaga|80\/100\n|-damage|p2b: Not-Lillie|68\/100\n|-unboost|p2a: Yaga|spa|1\n|-unboost|p2b: Not-Lillie|spa|1\n|move|p2a: Yaga|Giga Drain|p1a: Alopecia Barbie\n|-supereffective|p1a: Alopecia Barbie\n|-damage|p1a: Alopecia Barbie|17\/100 psn\n|-heal|p2a: Yaga|96\/100|[from] drain|[of] p1a: Alopecia Barbie\n|\n|-heal|p1a: Alopecia Barbie|23\/100 psn|[from] item: Leftovers\n|-heal|p2a: Yaga|100\/100|[from] item: Leftovers\n|-damage|p1a: Alopecia Barbie|10\/100 psn|[from] psn\n|-sideend|p1: JKogut|move: Light Screen\n|upkeep\n|turn|10\n|\n|t:|1697065535\n|move|p1a: Alopecia Barbie|Protect|p1a: Alopecia Barbie\n|-singleturn|p1a: Alopecia Barbie|Protect\n|move|p1b: Moon God Barbie|Lunar Blessing|p1b: Moon God Barbie|[spread] p1a,p1b\n|-heal|p1a: Alopecia Barbie|35\/100 psn\n|-curestatus|p1a: Alopecia Barbie|psn|[msg]\n|move|p2b: Not-Lillie|Sludge Bomb|p1a: Alopecia Barbie\n|-activate|p1a: Alopecia Barbie|move: Protect\n|move|p2a: Yaga|Giga Drain|p1a: Alopecia Barbie\n|-activate|p1a: Alopecia Barbie|move: Protect\n|\n|-heal|p1a: Alopecia Barbie|42\/100|[from] item: Leftovers\n|upkeep\n|turn|11\n|\n|t:|1697065581\n|move|p1b: Moon God Barbie|Lunar Blessing|p1b: Moon God Barbie|[spread] p1a,p1b\n|-heal|p1a: Alopecia Barbie|67\/100\n|move|p2b: Not-Lillie|Sludge Bomb|p1a: Alopecia Barbie\n|-damage|p1a: Alopecia Barbie|28\/100\n|-status|p1a: Alopecia Barbie|psn\n|move|p1a: Alopecia Barbie|Snarl|p2b: Not-Lillie|[spread] p2a,p2b\n|-damage|p2a: Yaga|81\/100\n|-damage|p2b: Not-Lillie|51\/100\n|-unboost|p2a: Yaga|spa|1\n|-unboost|p2b: Not-Lillie|spa|1\n|move|p2a: Yaga|Giga Drain|p1a: Alopecia Barbie\n|-supereffective|p1a: Alopecia Barbie\n|-damage|p1a: Alopecia Barbie|0 fnt\n|-heal|p2a: Yaga|99\/100|[from] drain|[of] p1a: Alopecia Barbie\n|faint|p1a: Alopecia Barbie\n|\n|-heal|p2a: Yaga|100\/100|[from] item: Leftovers\n|upkeep\n|\n|t:|1697065605\n|switch|p1a: Pop Star Barbie|Kommo-o, F, shiny|100\/100\n|turn|12\n|\n|t:|1697065660\n|switch|p2b: Vlad|Chandelure, F, shiny, tera:Grass|93\/100\n|switch|p2a: Drack|Gliscor, M|100\/100\n|move|p1a: Pop Star Barbie|Iron Head|p2a: Drack\n|-damage|p2a: Drack|86\/100\n|move|p1b: Moon God Barbie|Dazzling Gleam|p2b: Vlad|[spread] p2a,p2b\n|-crit|p2a: Drack\n|-damage|p2a: Drack|58\/100\n|-damage|p2b: Vlad|75\/100\n|\n|-status|p2a: Drack|tox|[from] item: Toxic Orb\n|upkeep\n|turn|13\n|\n|t:|1697065710\n|move|p2a: Drack|Throat Chop|p1b: Moon God Barbie\n|-supereffective|p1b: Moon God Barbie\n|-damage|p1b: Moon God Barbie|69\/100\n|-start|p1b: Moon God Barbie|Throat Chop|[silent]\n|move|p1a: Pop Star Barbie|Breaking Swipe|p2b: Vlad|[spread] p2a,p2b\n|-damage|p2a: Drack|45\/100 tox\n|-damage|p2b: Vlad|50\/100\n|-unboost|p2a: Drack|atk|1\n|-unboost|p2b: Vlad|atk|1\n|move|p1b: Moon God Barbie|Dazzling Gleam|p2a: Drack|[spread] p2a,p2b\n|-damage|p2a: Drack|24\/100 tox\n|-damage|p2b: Vlad|31\/100\n|move|p2b: Vlad|Shadow Ball|p1b: Moon God Barbie\n|-supereffective|p1b: Moon God Barbie\n|-damage|p1b: Moon God Barbie|6\/100\n|\n|-heal|p2a: Drack|37\/100 tox|[from] ability: Poison Heal\n|upkeep\n|turn|14\n|\n|t:|1697065818\n|move|p2a: Drack|Roost|p2a: Drack\n|-heal|p2a: Drack|87\/100 tox\n|-singleturn|p2a: Drack|move: Roost\n|move|p1b: Moon God Barbie|Dazzling Gleam|p2b: Vlad|[spread] p2a,p2b\n|-damage|p2a: Drack|68\/100 tox\n|-damage|p2b: Vlad|13\/100\n|move|p1a: Pop Star Barbie|Breaking Swipe|p2b: Vlad|[spread] p2a,p2b\n|-damage|p2a: Drack|55\/100 tox\n|-damage|p2b: Vlad|0 fnt\n|-unboost|p2a: Drack|atk|1\n|faint|p2b: Vlad\n|\n|-heal|p2a: Drack|67\/100 tox|[from] ability: Poison Heal\n|-end|p1b: Moon God Barbie|Throat Chop|[silent]\n|upkeep\n|\n|t:|1697065834\n|switch|p2b: Yaga|Hatterene, F, shiny|100\/100\n|turn|15\n|\n|t:|1697065871\n|switch|p1b: Groovy Barbie|Grimmsnarl, M, shiny|100\/100\n|switch|p2b: Rook II|Corviknight, M, shiny|76\/100\n|move|p2a: Drack|Throat Chop|p1b: Groovy Barbie\n|-resisted|p1b: Groovy Barbie\n|-damage|p1b: Groovy Barbie|97\/100\n|-start|p1b: Groovy Barbie|Throat Chop|[silent]\n|move|p1a: Pop Star Barbie|Iron Head|p2b: Rook II\n|-resisted|p2b: Rook II\n|-damage|p2b: Rook II|70\/100\n|-damage|p1a: Pop Star Barbie|84\/100|[from] item: Rocky Helmet|[of] p2b: Rook II\n|\n|-heal|p2a: Drack|80\/100 tox|[from] ability: Poison Heal\n|upkeep\n|turn|16\n|\n|t:|1697065962\n|switch|p1a: \"The Birds\" Barbie|Kilowattrel, F, shiny|100\/100\n|move|p1b: Groovy Barbie|Taunt|p2b: Rook II\n|-start|p2b: Rook II|move: Taunt\n|move|p2a: Drack|Ice Fang|p1a: \"The Birds\" Barbie|[miss]\n|-miss|p2a: Drack|p1a: \"The Birds\" Barbie\n|cant|p2b: Rook II|move: Taunt|Iron Defense\n|\n|-heal|p2a: Drack|92\/100 tox|[from] ability: Poison Heal\n|-end|p1b: Groovy Barbie|Throat Chop|[silent]\n|upkeep\n|turn|17\n|\n|t:|1697066002\n|switch|p2a: Yaga|Hatterene, F, shiny|100\/100\n|move|p1b: Groovy Barbie|Reflect|p1b: Groovy Barbie\n|-sidestart|p1: JKogut|Reflect\n|move|p1a: \"The Birds\" Barbie|Discharge|p2b: Rook II|[spread] p1b,p2a,p2b\n|-crit|p2a: Yaga\n|-supereffective|p2b: Rook II\n|-damage|p1b: Groovy Barbie|72\/100\n|-damage|p2a: Yaga|69\/100\n|-damage|p2b: Rook II|14\/100\n|-status|p2b: Rook II|par\n|cant|p2b: Rook II|par\n|\n|-heal|p2a: Yaga|75\/100|[from] item: Leftovers\n|upkeep\n|turn|18\n|\n|t:|1697066054\n|switch|p2b: Not-Lillie|Nihilego|51\/100\n|move|p1a: \"The Birds\" Barbie|Discharge|p2a: Yaga|[spread] p1b,p2a,p2b\n|-damage|p1b: Groovy Barbie|47\/100\n|-damage|p2a: Yaga|55\/100\n|-damage|p2b: Not-Lillie|36\/100\n|-status|p2a: Yaga|par\n|-status|p2b: Not-Lillie|par\n|move|p1b: Groovy Barbie|Spirit Break|p2a: Yaga\n|-damage|p2a: Yaga|23\/100 par\n|-unboost|p2a: Yaga|spa|1\n|move|p2a: Yaga|Trick Room|p2a: Yaga\n|-fieldstart|move: Trick Room|[of] p2a: Yaga\n|\n|-heal|p2a: Yaga|29\/100 par|[from] item: Leftovers\n|upkeep\n|turn|19\n|\n|t:|1697066087\n|move|p1a: \"The Birds\" Barbie|Protect|p1a: \"The Birds\" Barbie\n|-singleturn|p1a: \"The Birds\" Barbie|Protect\n|move|p1b: Groovy Barbie|Light Screen|p1b: Groovy Barbie\n|-sidestart|p1: JKogut|move: Light Screen\n|move|p2a: Yaga|Dazzling Gleam|p1b: Groovy Barbie|[spread] p1b\n|-activate|p1a: \"The Birds\" Barbie|move: Protect\n|-supereffective|p1b: Groovy Barbie\n|-damage|p1b: Groovy Barbie|25\/100\n|cant|p2b: Not-Lillie|par\n|\n|-heal|p2a: Yaga|35\/100 par|[from] item: Leftovers\n|upkeep\n|turn|20\n|\n|t:|1697066113\n|switch|p1a: Curvy Barbie|Lickilicky, F|100\/100\n|-ability|p1a: Curvy Barbie|Cloud Nine\n|move|p2a: Yaga|Dazzling Gleam|p1b: Groovy Barbie|[spread] p1a,p1b\n|-supereffective|p1b: Groovy Barbie\n|-damage|p1a: Curvy Barbie|92\/100\n|-damage|p1b: Groovy Barbie|1\/100\n|move|p2b: Not-Lillie|Power Gem|p1a: Curvy Barbie\n|-damage|p1a: Curvy Barbie|72\/100\n|move|p1b: Groovy Barbie|Spirit Break|p2b: Not-Lillie\n|-resisted|p2b: Not-Lillie\n|-damage|p2b: Not-Lillie|11\/100 par\n|-unboost|p2b: Not-Lillie|spa|1\n|\n|-heal|p2a: Yaga|41\/100 par|[from] item: Leftovers\n|upkeep\n|turn|21\n|\n|t:|1697066143\n|switch|p1b: \"The Birds\" Barbie|Kilowattrel, F, shiny|100\/100\n|move|p2a: Yaga|Dazzling Gleam|p1b: \"The Birds\" Barbie|[spread] p1a,p1b\n|-crit|p1a: Curvy Barbie\n|-damage|p1a: Curvy Barbie|44\/100\n|-damage|p1b: \"The Birds\" Barbie|78\/100\n|move|p2b: Not-Lillie|Toxic Spikes|p1a: Curvy Barbie\n|-sidestart|p1: JKogut|move: Toxic Spikes\n|move|p1a: Curvy Barbie|Icy Wind|p2a: Yaga|[spread] p2a,p2b\n|-damage|p2a: Yaga|36\/100 par\n|-damage|p2b: Not-Lillie|6\/100 par\n|-unboost|p2a: Yaga|spe|1\n|-unboost|p2b: Not-Lillie|spe|1\n|\n|-heal|p2a: Yaga|42\/100 par|[from] item: Leftovers\n|upkeep\n|turn|22\n|\n|t:|1697066167\n|move|p1b: \"The Birds\" Barbie|Protect|p1b: \"The Birds\" Barbie\n|-singleturn|p1b: \"The Birds\" Barbie|Protect\n|move|p2a: Yaga|Dazzling Gleam|p1b: \"The Birds\" Barbie|[spread] p1a\n|-activate|p1b: \"The Birds\" Barbie|move: Protect\n|-damage|p1a: Curvy Barbie|35\/100\n|move|p2b: Not-Lillie|Sludge Bomb|p1a: Curvy Barbie\n|-damage|p1a: Curvy Barbie|18\/100\n|move|p1a: Curvy Barbie|Icy Wind|p2a: Yaga|[spread] p2a,p2b\n|-damage|p2a: Yaga|37\/100 par\n|-damage|p2b: Not-Lillie|2\/100 par\n|-unboost|p2a: Yaga|spe|1\n|-unboost|p2b: Not-Lillie|spe|1\n|\n|-heal|p2a: Yaga|43\/100 par|[from] item: Leftovers\n|-fieldend|move: Trick Room\n|upkeep\n|turn|23\n|\n|t:|1697066209\n|switch|p2a: Drack|Gliscor, M|92\/100 tox\n|move|p1a: Curvy Barbie|Helping Hand|p1b: \"The Birds\" Barbie\n|-singleturn|p1b: \"The Birds\" Barbie|Helping Hand|[of] p1a: Curvy Barbie\n|cant|p2b: Not-Lillie|par\n|move|p1b: \"The Birds\" Barbie|Discharge|p2b: Not-Lillie|[spread] p1a,p2b\n|-immune|p2a: Drack\n|-damage|p1a: Curvy Barbie|0 fnt\n|-damage|p2b: Not-Lillie|0 fnt\n|faint|p1a: Curvy Barbie\n|faint|p2b: Not-Lillie\n|\n|-heal|p2a: Drack|100\/100 tox|[from] ability: Poison Heal\n|upkeep\n|\n|t:|1697066254\n|switch|p2b: Yaga|Hatterene, F, shiny|43\/100 par\n|switch|p1a: Moon God Barbie|Cresselia, F|6\/100\n|turn|24\n|\n|t:|1697066304\n|move|p1b: \"The Birds\" Barbie|Protect|p1b: \"The Birds\" Barbie\n|-singleturn|p1b: \"The Birds\" Barbie|Protect\n|move|p2a: Drack|Throat Chop|p1a: Moon God Barbie\n|-supereffective|p1a: Moon God Barbie\n|-damage|p1a: Moon God Barbie|0 fnt\n|faint|p1a: Moon God Barbie\n|move|p2b: Yaga|Reflect|p2b: Yaga\n|-sidestart|p2: Specific360|Reflect\n|\n|-heal|p2b: Yaga|49\/100 par|[from] item: Leftovers\n|-sideend|p1: JKogut|Reflect\n|upkeep\n|\n|t:|1697066326\n|switch|p1a: Pop Star Barbie|Kommo-o, F, shiny|84\/100\n|-status|p1a: Pop Star Barbie|psn\n|turn|25\n|\n|t:|1697066352\n|move|p1b: \"The Birds\" Barbie|Discharge|p2b: Yaga|[spread] p1a,p2b\n|-immune|p2a: Drack\n|-resisted|p1a: Pop Star Barbie\n|-damage|p1a: Pop Star Barbie|78\/100 psn\n|-damage|p2b: Yaga|28\/100 par\n|move|p2a: Drack|Ice Fang|p1b: \"The Birds\" Barbie\n|-supereffective|p1b: \"The Birds\" Barbie\n|-damage|p1b: \"The Birds\" Barbie|9\/100\n|move|p1a: Pop Star Barbie|Brick Break|p2a: Drack\n|-sideend|p2: Specific360|Reflect\n|-resisted|p2a: Drack\n|-damage|p2a: Drack|89\/100 tox\n|move|p2b: Yaga|Trick Room|p2b: Yaga\n|-fieldstart|move: Trick Room|[of] p2b: Yaga\n|\n|-heal|p2b: Yaga|34\/100 par|[from] item: Leftovers\n|-damage|p1a: Pop Star Barbie|66\/100 psn|[from] psn\n|-heal|p2a: Drack|100\/100 tox|[from] ability: Poison Heal\n|upkeep\n|turn|26\n|\n|t:|1697066401\n|move|p1b: \"The Birds\" Barbie|Protect|p1b: \"The Birds\" Barbie\n|-singleturn|p1b: \"The Birds\" Barbie|Protect\n|move|p2b: Yaga|Dazzling Gleam|p1b: \"The Birds\" Barbie|[spread] p1a\n|-activate|p1b: \"The Birds\" Barbie|move: Protect\n|-supereffective|p1a: Pop Star Barbie\n|-damage|p1a: Pop Star Barbie|20\/100 psn\n|move|p1a: Pop Star Barbie|Iron Head|p2b: Yaga\n|-supereffective|p2b: Yaga\n|-damage|p2b: Yaga|0 fnt\n|faint|p2b: Yaga\n|move|p2a: Drack|Ice Fang|p1a: Pop Star Barbie\n|-supereffective|p1a: Pop Star Barbie\n|-damage|p1a: Pop Star Barbie|0 fnt\n|faint|p1a: Pop Star Barbie\n|\n|-sideend|p1: JKogut|move: Light Screen\n|upkeep\n|\n|t:|1697066420\n|switch|p2b: Rook II|Corviknight, M, shiny|14\/100 par\n|switch|p1a: Groovy Barbie|Grimmsnarl, M, shiny|1\/100\n|-status|p1a: Groovy Barbie|psn\n|turn|27\n|\n|t:|1697066442\n|move|p1a: Groovy Barbie|Reflect|p1a: Groovy Barbie\n|-sidestart|p1: JKogut|Reflect\n|move|p2b: Rook II|Body Press|p1a: Groovy Barbie\n|-damage|p1a: Groovy Barbie|0 fnt\n|faint|p1a: Groovy Barbie\n|move|p2a: Drack|Ice Fang|p1b: \"The Birds\" Barbie\n|-supereffective|p1b: \"The Birds\" Barbie\n|-damage|p1b: \"The Birds\" Barbie|0 fnt\n|faint|p1b: \"The Birds\" Barbie\n|\n|win|Specific360\n|c|\u2606Specific360|Gg!\n","uploadtime":1697066451,"views":13,"p1id":"jkogut","p2id":"specific360","formatid":"gen9nationaldexdoubles","rating":0,"private":0,"password":""}