{"id":"gen9nationaldexdoubles-1993119208","p1":"Mr.Shadowdusk","p2":"Arnaenaed \u223e","format":"[Gen 9] National Dex Doubles","log":"|j|\u2606Mr.Shadowdusk\n|j|\u2606Arnaenaed \u223e\n|t:|1700267019\n|gametype|doubles\n|player|p1|Mr.Shadowdusk|ghetsis|\n|player|p2|Arnaenaed \u223e|kofu|\n|teamsize|p1|6\n|teamsize|p2|6\n|gen|9\n|tier|[Gen 9] National Dex Doubles\n|rule|HP Percentage Mod: HP is shown in percentages\n|rule|Endless Battle Clause: Forcing endless battles is banned\n|rule|OHKO Clause: OHKO moves are banned\n|rule|Evasion Moves Clause: Evasion moves are banned\n|rule|Evasion Abilities Clause: Evasion abilities are banned\n|rule|Species Clause: Limit one of each Pok\u00e9mon\n|rule|Gravity Sleep Clause: The combination of sleep-inducing moves with imperfect accuracy and Gravity or Gigantamax Orbeetle are banned\n|clearpoke\n|poke|p1|Kommo-o, F|\n|poke|p1|Riolu, M|\n|poke|p1|Iron Hands|\n|poke|p1|Chesnaught, F|\n|poke|p1|Iron Valiant|\n|poke|p1|Zapdos-Galar|\n|poke|p2|Marshadow|\n|poke|p2|Iron Valiant|\n|poke|p2|Gallade, M|\n|poke|p2|Medicham, M|\n|poke|p2|Zapdos-Galar|\n|poke|p2|Hawlucha, M|\n|teampreview\n|\n|t:|1700267043\n|start\n|switch|p1a: Riolu|Riolu, M|100\/100\n|switch|p1b: Iron Valiant|Iron Valiant|100\/100\n|switch|p2a: Gallade|Gallade, M|100\/100\n|switch|p2b: Marshadow|Marshadow|100\/100\n|-enditem|p1b: Iron Valiant|Booster Energy\n|-activate|p1b: Iron Valiant|ability: Quark Drive|[fromitem]\n|-start|p1b: Iron Valiant|quarkdrivespa\n|turn|1\n|\n|t:|1700267085\n|detailschange|p2a: Gallade|Gallade-Mega, M\n|-mega|p2a: Gallade|Gallade|Galladite\n|move|p1a: Riolu|Protect|p1a: Riolu\n|-singleturn|p1a: Riolu|Protect\n|move|p2a: Gallade|Protect|p2a: Gallade\n|-singleturn|p2a: Gallade|Protect\n|move|p2b: Marshadow|Acrobatics|p1b: Iron Valiant\n|-supereffective|p1b: Iron Valiant\n|-damage|p1b: Iron Valiant|33\/100\n|move|p1b: Iron Valiant|Dazzling Gleam|p2a: Gallade|[spread] p2b\n|-activate|p2a: Gallade|move: Protect\n|-supereffective|p2b: Marshadow\n|-damage|p2b: Marshadow|9\/100\n|\n|upkeep\n|turn|2\n|\n|t:|1700267111\n|move|p1a: Riolu|Follow Me|p1a: Riolu\n|-singleturn|p1a: Riolu|move: Follow Me\n|move|p2b: Marshadow|Acrobatics|p1a: Riolu\n|-supereffective|p1a: Riolu\n|-damage|p1a: Riolu|34\/100\n|move|p2a: Gallade|Psycho Cut|p1a: Riolu\n|-supereffective|p1a: Riolu\n|-damage|p1a: Riolu|0 fnt\n|faint|p1a: Riolu\n|move|p1b: Iron Valiant|Dazzling Gleam|p2a: Gallade|[spread] p2a,p2b\n|-supereffective|p2a: Gallade\n|-supereffective|p2b: Marshadow\n|-damage|p2a: Gallade|3\/100\n|-damage|p2b: Marshadow|0 fnt\n|faint|p2b: Marshadow\n|\n|upkeep\n|\n|t:|1700267148\n|switch|p2b: Hawlucha|Hawlucha, M|100\/100\n|switch|p1a: Iron Hands|Iron Hands|100\/100\n|turn|3\n|\n|t:|1700267168\n|move|p2b: Hawlucha|Protect|p2b: Hawlucha\n|-singleturn|p2b: Hawlucha|Protect\n|move|p1a: Iron Hands|Fake Out|p2a: Gallade\n|-damage|p2a: Gallade|0 fnt\n|faint|p2a: Gallade\n|move|p1b: Iron Valiant|Dazzling Gleam|p2b: Hawlucha\n|-activate|p2b: Hawlucha|move: Protect\n|\n|upkeep\n|\n|t:|1700267187\n|switch|p2a: Medicham|Medicham, M|100\/100\n|turn|4\n|\n|t:|1700267200\n|move|p2a: Medicham|Fake Out|p1a: Iron Hands\n|-damage|p1a: Iron Hands|88\/100\n|move|p2b: Hawlucha|Acrobatics|p1b: Iron Valiant\n|-supereffective|p1b: Iron Valiant\n|-damage|p1b: Iron Valiant|0 fnt\n|faint|p1b: Iron Valiant\n|-end|p1b: Iron Valiant|Quark Drive|[silent]\n|cant|p1a: Iron Hands|flinch\n|\n|upkeep\n|\n|t:|1700267208\n|switch|p1b: Zapdos|Zapdos-Galar|100\/100\n|turn|5\n|\n|t:|1700267227\n|move|p2b: Hawlucha|Tailwind|p2b: Hawlucha\n|-sidestart|p2: Arnaenaed \u223e|move: Tailwind\n|move|p2a: Medicham|Psycho Cut|p1a: Iron Hands\n|-supereffective|p1a: Iron Hands\n|-damage|p1a: Iron Hands|28\/100\n|move|p1b: Zapdos|Brave Bird|p2b: Hawlucha\n|-supereffective|p2b: Hawlucha\n|-enditem|p2b: Hawlucha|Focus Sash\n|-damage|p2b: Hawlucha|1\/100\n|-damage|p1b: Zapdos|70\/100|[from] Recoil\n|-damage|p1b: Zapdos|60\/100|[from] item: Life Orb\n|move|p1a: Iron Hands|Wild Charge|p2b: Hawlucha\n|-supereffective|p2b: Hawlucha\n|-damage|p2b: Hawlucha|0 fnt\n|faint|p2b: Hawlucha\n|-damage|p1a: Iron Hands|28\/100|[from] Recoil\n|\n|upkeep\n|\n|t:|1700267247\n|switch|p2b: Iron Valiant|Iron Valiant|100\/100\n|-enditem|p2b: Iron Valiant|Booster Energy\n|-activate|p2b: Iron Valiant|ability: Quark Drive|[fromitem]\n|-start|p2b: Iron Valiant|quarkdrivespa\n|turn|6\n|\n|t:|1700267259\n|move|p2b: Iron Valiant|Dazzling Gleam|p1b: Zapdos|[spread] p1a,p1b\n|-supereffective|p1a: Iron Hands\n|-supereffective|p1b: Zapdos\n|-damage|p1a: Iron Hands|0 fnt\n|-damage|p1b: Zapdos|0 fnt\n|faint|p1a: Iron Hands\n|-end|p1a: Iron Hands|Quark Drive|[silent]\n|faint|p1b: Zapdos\n|move|p2a: Medicham|Psycho Cut|p1: Iron Hands|[notarget]\n|-fail|p2a: Medicham\n|\n|upkeep\n|\n|t:|1700267265\n|switch|p1b: Chesnaught|Chesnaught, F|100\/100\n|switch|p1a: Kommo-o|Kommo-o, F|100\/100\n|turn|7\n|\n|t:|1700267282\n|move|p1a: Kommo-o|Protect|p1a: Kommo-o\n|-singleturn|p1a: Kommo-o|Protect\n|move|p2b: Iron Valiant|Dazzling Gleam|p1a: Kommo-o|[spread] p1b\n|-activate|p1a: Kommo-o|move: Protect\n|-supereffective|p1b: Chesnaught\n|-damage|p1b: Chesnaught|10\/100\n|move|p2a: Medicham|Psycho Cut|p1a: Kommo-o\n|-activate|p1a: Kommo-o|move: Protect\n|move|p1b: Chesnaught|Wood Hammer|p2b: Iron Valiant\n|-damage|p2b: Iron Valiant|45\/100\n|-damage|p1b: Chesnaught|0 fnt|[from] Recoil\n|faint|p1b: Chesnaught\n|\n|upkeep\n|turn|8\n|\n|t:|1700267301\n|move|p2b: Iron Valiant|Moonblast|p1a: Kommo-o\n|-supereffective|p1a: Kommo-o\n|-damage|p1a: Kommo-o|0 fnt\n|faint|p1a: Kommo-o\n|\n|win|Arnaenaed \u223e\n|c|\u2606Arnaenaed \u223e|gg\n|l|\u2606Mr.Shadowdusk\n","uploadtime":1700267311,"views":7,"p1id":"mrshadowdusk","p2id":"arnaenaed","formatid":"gen9nationaldexdoubles","rating":0,"private":0,"password":""}