{"id":"gen9nationaldexdoubles-1973733036","p1":"Skipper2165","p2":"The OG Trainer Red","format":"[Gen 9] National Dex Doubles","log":"|j|\u2606Skipper2165\n|j|\u2606The OG Trainer Red\n|t:|1698007947\n|gametype|doubles\n|player|p1|Skipper2165|169|1080\n|player|p2|The OG Trainer Red|fisherman-gen4|1261\n|teamsize|p1|6\n|teamsize|p2|6\n|gen|9\n|tier|[Gen 9] National Dex Doubles\n|rated|\n|rule|HP Percentage Mod: HP is shown in percentages\n|rule|Endless Battle Clause: Forcing endless battles is banned\n|rule|OHKO Clause: OHKO moves are banned\n|rule|Evasion Moves Clause: Evasion moves are banned\n|rule|Evasion Abilities Clause: Evasion abilities are banned\n|rule|Species Clause: Limit one of each Pok\u00e9mon\n|rule|Gravity Sleep Clause: The combination of sleep-inducing moves with imperfect accuracy and Gravity or Gigantamax Orbeetle are banned\n|clearpoke\n|poke|p1|Jolteon, M|\n|poke|p1|Toxicroak, M|\n|poke|p1|Pelipper, M|\n|poke|p1|Ludicolo, M|\n|poke|p1|Swampert, F|\n|poke|p1|Lanturn, F|\n|poke|p2|Lapras, F|\n|poke|p2|Pelipper, F|\n|poke|p2|Dracovish|\n|poke|p2|Walking Wake|\n|poke|p2|Torkoal, F|\n|poke|p2|Leafeon, F|\n|teampreview\n|\n|t:|1698007971\n|start\n|switch|p1a: Lanturn|Lanturn, F|100\/100\n|switch|p1b: Swampert|Swampert, F|100\/100\n|switch|p2a: Dracovish|Dracovish|100\/100\n|switch|p2b: Walking Wake|Walking Wake|100\/100\n|turn|1\n|\n|t:|1698007994\n|-end|p2b: Walking Wake|Protosynthesis|[silent]\n|switch|p2b: Pelipper|Pelipper, F|100\/100\n|-weather|RainDance|[from] ability: Drizzle|[of] p2b: Pelipper\n|-terastallize|p2a: Dracovish|Ground\n|move|p2a: Dracovish|Earthquake|p1b: Swampert|[spread] p1a,p1b\n|-immune|p2b: Pelipper\n|-supereffective|p1a: Lanturn\n|-damage|p1a: Lanturn|21\/100\n|-damage|p1b: Swampert|71\/100\n|move|p1a: Lanturn|Rain Dance||[still]\n|-fail|p1a: Lanturn\n|move|p1b: Swampert|Ice Punch|p2a: Dracovish\n|-supereffective|p2a: Dracovish\n|-crit|p2a: Dracovish\n|-damage|p2a: Dracovish|20\/100\n|\n|-weather|RainDance|[upkeep]\n|-heal|p1b: Swampert|77\/100|[from] item: Leftovers\n|upkeep\n|turn|2\n|\n|t:|1698008020\n|move|p2a: Dracovish|Earthquake|p1a: Lanturn|[spread] p1a,p1b\n|-immune|p2b: Pelipper\n|-supereffective|p1a: Lanturn\n|-damage|p1a: Lanturn|0 fnt\n|-damage|p1b: Swampert|51\/100\n|faint|p1a: Lanturn\n|move|p2b: Pelipper|Hurricane|p1b: Swampert\n|-damage|p1b: Swampert|2\/100\n|move|p1b: Swampert|Aqua Tail|p2a: Dracovish\n|-heal|p2a: Dracovish|45\/100|[from] ability: Water Absorb|[of] p1b: Swampert\n|\n|-weather|RainDance|[upkeep]\n|-heal|p1b: Swampert|9\/100|[from] item: Leftovers\n|upkeep\n|\n|t:|1698008041\n|switch|p1a: Ludicolo|Ludicolo, M|100\/100\n|turn|3\n|\n|t:|1698008057\n|switch|p2a: Leafeon|Leafeon, F, shiny|100\/100\n|move|p1a: Ludicolo|Scald|p2a: Leafeon\n|-resisted|p2a: Leafeon\n|-damage|p2a: Leafeon|74\/100\n|move|p2b: Pelipper|Hurricane|p1a: Ludicolo\n|-supereffective|p1a: Ludicolo\n|-damage|p1a: Ludicolo|0 fnt\n|faint|p1a: Ludicolo\n|move|p1b: Swampert|Aqua Tail|p2a: Leafeon\n|-resisted|p2a: Leafeon\n|-damage|p2a: Leafeon|35\/100\n|\n|-weather|RainDance|[upkeep]\n|-heal|p1b: Swampert|15\/100|[from] item: Leftovers\n|upkeep\n|\n|t:|1698008064\n|switch|p1a: Jolteon|Jolteon, M|100\/100\n|turn|4\n|\n|t:|1698008076\n|switch|p2b: Torkoal|Torkoal, F|100\/100\n|-weather|SunnyDay|[from] ability: Drought|[of] p2b: Torkoal\n|move|p2a: Leafeon|Solar Blade||[still]\n|-prepare|p2a: Leafeon|Solar Blade\n|-anim|p2a: Leafeon|Solar Blade|p1b: Swampert\n|-supereffective|p1b: Swampert\n|-damage|p1b: Swampert|0 fnt\n|faint|p1b: Swampert\n|move|p1a: Jolteon|Thunder|p2b: Torkoal|[miss]\n|-miss|p1a: Jolteon|p2b: Torkoal\n|\n|-weather|SunnyDay|[upkeep]\n|upkeep\n|\n|t:|1698008080\n|switch|p1b: Pelipper|Pelipper, M|100\/100\n|-weather|RainDance|[from] ability: Drizzle|[of] p1b: Pelipper\n|turn|5\n|\n|t:|1698008110\n|switch|p2b: Lapras|Lapras, F|100\/100\n|move|p1a: Jolteon|Thunder|p2b: Lapras\n|-supereffective|p2b: Lapras\n|-damage|p2b: Lapras|32\/100\n|move|p2a: Leafeon|Dig||[still]\n|-prepare|p2a: Leafeon|Dig\n|move|p1b: Pelipper|Scald|p2b: Lapras\n|-heal|p2b: Lapras|57\/100|[from] ability: Water Absorb|[of] p1b: Pelipper\n|\n|-weather|RainDance|[upkeep]\n|-heal|p2b: Lapras|63\/100|[from] item: Leftovers\n|upkeep\n|turn|6\n|\n|t:|1698008127\n|move|p1a: Jolteon|Thunder|p2b: Lapras\n|-supereffective|p2b: Lapras\n|-damage|p2b: Lapras|0 fnt\n|faint|p2b: Lapras\n|move|p2a: Leafeon|Dig|p1a: Jolteon|[from]lockedmove\n|-supereffective|p1a: Jolteon\n|-damage|p1a: Jolteon|0 fnt\n|faint|p1a: Jolteon\n|move|p1b: Pelipper|Hurricane|p2a: Leafeon\n|-supereffective|p2a: Leafeon\n|-damage|p2a: Leafeon|0 fnt\n|faint|p2a: Leafeon\n|\n|-weather|RainDance|[upkeep]\n|upkeep\n|\n|t:|1698008148\n|switch|p1a: Toxicroak|Toxicroak, M|100\/100\n|switch|p2a: Pelipper|Pelipper, F|100\/100\n|switch|p2b: Dracovish|Dracovish, tera:Ground|45\/100\n|turn|7\n|\n|t:|1698008165\n|move|p2b: Dracovish|Fishious Rend|p1a: Toxicroak\n|-immune|p1a: Toxicroak|[from] ability: Dry Skin\n|move|p1a: Toxicroak|Poison Jab|p2a: Pelipper\n|-damage|p2a: Pelipper|56\/100\n|move|p2a: Pelipper|Surf|p1b: Pelipper|[spread] p1b\n|-heal|p2b: Dracovish|69\/100|[from] ability: Water Absorb|[of] p2a: Pelipper\n|-immune|p1a: Toxicroak|[from] ability: Dry Skin\n|-resisted|p1b: Pelipper\n|-damage|p1b: Pelipper|67\/100\n|move|p1b: Pelipper|Scald|p2b: Dracovish\n|-heal|p2b: Dracovish|94\/100|[from] ability: Water Absorb|[of] p1b: Pelipper\n|\n|-weather|RainDance|[upkeep]\n|upkeep\n|turn|8\n|\n|t:|1698008185\n|switch|p2b: Walking Wake|Walking Wake|100\/100\n|move|p1a: Toxicroak|Poison Jab|p2a: Pelipper\n|-damage|p2a: Pelipper|17\/100\n|-status|p2a: Pelipper|psn\n|move|p2a: Pelipper|Hurricane|p1a: Toxicroak\n|-supereffective|p1a: Toxicroak\n|-damage|p1a: Toxicroak|0 fnt\n|faint|p1a: Toxicroak\n|move|p1b: Pelipper|Scald|p2b: Walking Wake\n|-resisted|p2b: Walking Wake\n|-damage|p2b: Walking Wake|91\/100\n|-status|p2b: Walking Wake|brn\n|\n|-weather|RainDance|[upkeep]\n|-damage|p2a: Pelipper|4\/100 psn|[from] psn\n|-damage|p2b: Walking Wake|85\/100 brn|[from] brn\n|upkeep\n|turn|9\n|-message|Skipper2165 forfeited.\n|\n|win|The OG Trainer Red\n|raw|Skipper2165's rating: 1080 &rarr; <strong>1069<\/strong><br \/>(-11 for losing)\n|raw|The OG Trainer Red's rating: 1261 &rarr; <strong>1274<\/strong><br \/>(+13 for winning)\n|l|\u2606Skipper2165\n","uploadtime":1698008213,"views":6,"p1id":"skipper2165","p2id":"theogtrainerred","formatid":"gen9nationaldexdoubles","rating":1069,"private":0,"password":""}