{"id":"gen9nationaldexdoubles-1959627279","p1":"BugSME","p2":"DemotedBugRTE","format":"[Gen 9] National Dex Doubles","log":"|j|\u2606BugSME\n|j|\u2606DemotedBugRTE\n|t:|1696442382\n|gametype|doubles\n|player|p1|BugSME|bugcatcher-gen4dp|\n|player|p2|DemotedBugRTE|clown|\n|teamsize|p1|6\n|teamsize|p2|6\n|gen|9\n|tier|[Gen 9] National Dex Doubles\n|rule|HP Percentage Mod: HP is shown in percentages\n|rule|Endless Battle Clause: Forcing endless battles is banned\n|rule|OHKO Clause: OHKO moves are banned\n|rule|Evasion Moves Clause: Evasion moves are banned\n|rule|Evasion Abilities Clause: Evasion abilities are banned\n|rule|Species Clause: Limit one of each Pok\u00e9mon\n|rule|Gravity Sleep Clause: The combination of sleep-inducing moves with imperfect accuracy and Gravity or Gigantamax Orbeetle are banned\n|clearpoke\n|poke|p1|Volcarona, F|\n|poke|p1|Dragapult, M|\n|poke|p1|Tentacruel, M|\n|poke|p1|Aggron, F|\n|poke|p1|Arcanine-Hisui, F|\n|poke|p1|Gyarados, F|\n|poke|p2|Charizard, M|\n|poke|p2|Venusaur, M|\n|poke|p2|Blastoise, F|\n|poke|p2|Lapras, F|\n|poke|p2|Jolteon, M|\n|poke|p2|Tyranitar, M|\n|teampreview\n|\n|t:|1696442401\n|start\n|switch|p1a: Aggron|Aggron, F|100\/100\n|switch|p1b: Gyarados|Gyarados, F|100\/100\n|switch|p2a: Jolteon|Jolteon, M|100\/100\n|switch|p2b: Venusaur|Venusaur, M|100\/100\n|-ability|p1b: Gyarados|Intimidate|boost\n|-unboost|p2a: Jolteon|atk|1\n|-unboost|p2b: Venusaur|atk|1\n|turn|1\n|\n|t:|1696442445\n|switch|p1b: Dragapult|Dragapult, M|100\/100\n|move|p2a: Jolteon|Thunderbolt|p1b: Dragapult\n|-resisted|p1b: Dragapult\n|-damage|p1b: Dragapult|74\/100\n|move|p2b: Venusaur|Giga Drain|p1a: Aggron\n|-damage|p1a: Aggron|62\/100\n|move|p1a: Aggron|Head Smash|p2a: Jolteon|[miss]\n|-miss|p1a: Aggron|p2a: Jolteon\n|\n|upkeep\n|turn|2\n|\n|t:|1696442499\n|switch|p2a: Tyranitar|Tyranitar, M|100\/100\n|-weather|Sandstorm|[from] ability: Sand Stream|[of] p2a: Tyranitar\n|move|p1b: Dragapult|Phantom Force||[still]\n|-prepare|p1b: Dragapult|Phantom Force\n|move|p2b: Venusaur|Sludge Bomb|p1a: Aggron\n|-immune|p1a: Aggron\n|move|p1a: Aggron|Earthquake|p2b: Venusaur|[spread] p2a,p2b\n|-miss|p1a: Aggron|p1b: Dragapult\n|-supereffective|p2a: Tyranitar\n|-damage|p2a: Tyranitar|56\/100\n|-damage|p2b: Venusaur|72\/100\n|\n|-weather|Sandstorm|[upkeep]\n|-damage|p1b: Dragapult|68\/100|[from] Sandstorm\n|-damage|p2b: Venusaur|65\/100|[from] Sandstorm\n|upkeep\n|turn|3\n|\n|t:|1696442522\n|move|p1b: Dragapult|Phantom Force|p2a: Tyranitar|[from]lockedmove\n|-resisted|p2a: Tyranitar\n|-damage|p2a: Tyranitar|34\/100\n|-damage|p1b: Dragapult|51\/100|[from] item: Rocky Helmet|[of] p2a: Tyranitar\n|move|p2a: Tyranitar|Crunch|p1b: Dragapult\n|-supereffective|p1b: Dragapult\n|-damage|p1b: Dragapult|0 fnt\n|faint|p1b: Dragapult\n|move|p2b: Venusaur|Giga Drain|p1a: Aggron\n|-damage|p1a: Aggron|37\/100\n|-heal|p2b: Venusaur|77\/100|[from] drain|[of] p1a: Aggron\n|move|p1a: Aggron|Earthquake|p2b: Venusaur|[spread] p2a,p2b\n|-supereffective|p2a: Tyranitar\n|-damage|p2a: Tyranitar|0 fnt\n|-damage|p2b: Venusaur|48\/100\n|faint|p2a: Tyranitar\n|\n|-weather|Sandstorm|[upkeep]\n|-damage|p2b: Venusaur|41\/100|[from] Sandstorm\n|upkeep\n|\n|t:|1696442540\n|switch|p1b: Gyarados|Gyarados, F|100\/100\n|switch|p2a: Lapras|Lapras, F|100\/100\n|-ability|p1b: Gyarados|Intimidate|boost\n|-unboost|p2a: Lapras|atk|1\n|-unboost|p2b: Venusaur|atk|1\n|turn|4\n|\n|t:|1696442553\n|move|p1b: Gyarados|Power Whip|p2a: Lapras|[miss]\n|-miss|p1b: Gyarados|p2a: Lapras\n|move|p2b: Venusaur|Giga Drain|p1b: Gyarados\n|-damage|p1b: Gyarados|61\/100\n|-heal|p2b: Venusaur|60\/100|[from] drain|[of] p1b: Gyarados\n|move|p2a: Lapras|Ice Beam|p1a: Aggron\n|-resisted|p1a: Aggron\n|-damage|p1a: Aggron|16\/100\n|move|p1a: Aggron|Earthquake|p2a: Lapras|[spread] p2a,p2b\n|-immune|p1b: Gyarados\n|-damage|p2a: Lapras|77\/100\n|-damage|p2b: Venusaur|34\/100\n|\n|-weather|Sandstorm|[upkeep]\n|-damage|p1b: Gyarados|55\/100|[from] Sandstorm\n|-damage|p2b: Venusaur|28\/100|[from] Sandstorm\n|-damage|p2a: Lapras|71\/100|[from] Sandstorm\n|-heal|p1b: Gyarados|61\/100|[from] item: Leftovers\n|upkeep\n|turn|5\n|\n|t:|1696442575\n|move|p1b: Gyarados|Power Whip|p2a: Lapras\n|-supereffective|p2a: Lapras\n|-damage|p2a: Lapras|0 fnt\n|faint|p2a: Lapras\n|move|p2b: Venusaur|Giga Drain|p1a: Aggron\n|-damage|p1a: Aggron|0 fnt\n|-heal|p2b: Venusaur|35\/100|[from] drain|[of] p1a: Aggron\n|faint|p1a: Aggron\n|\n|-weather|Sandstorm|[upkeep]\n|-damage|p1b: Gyarados|55\/100|[from] Sandstorm\n|-damage|p2b: Venusaur|29\/100|[from] Sandstorm\n|-heal|p1b: Gyarados|61\/100|[from] item: Leftovers\n|upkeep\n|\n|t:|1696442592\n|switch|p2a: Jolteon|Jolteon, M|100\/100\n|switch|p1a: Arcanine|Arcanine-Hisui, F|100\/100\n|turn|6\n|\n|t:|1696442665\n|move|p2a: Jolteon|Thunderbolt|p1b: Gyarados\n|-supereffective|p1b: Gyarados\n|-damage|p1b: Gyarados|0 fnt\n|faint|p1b: Gyarados\n|move|p1a: Arcanine|Flare Blitz|p2a: Jolteon\n|-damage|p2a: Jolteon|0 fnt\n|faint|p2a: Jolteon\n|move|p2b: Venusaur|Sleep Powder|p1a: Arcanine|[miss]\n|-miss|p2b: Venusaur|p1a: Arcanine\n|\n|-weather|none\n|upkeep\n|\n|t:|1696442678\n|switch|p2a: Blastoise|Blastoise, F|100\/100\n|switch|p1b: Tentacruel|Tentacruel, M|100\/100\n|turn|7\n|\n|t:|1696442687\n|move|p1b: Tentacruel|Knock Off|p2a: Blastoise\n|-damage|p2a: Blastoise|90\/100\n|-enditem|p2a: Blastoise|Shell Bell|[from] move: Knock Off|[of] p1b: Tentacruel\n|move|p1a: Arcanine|Flare Blitz|p2b: Venusaur\n|-supereffective|p2b: Venusaur\n|-damage|p2b: Venusaur|0 fnt\n|faint|p2b: Venusaur\n|move|p2a: Blastoise|Scald|p1a: Arcanine\n|-supereffective|p1a: Arcanine\n|-damage|p1a: Arcanine|0 fnt\n|faint|p1a: Arcanine\n|\n|upkeep\n|\n|t:|1696442699\n|switch|p1a: Volcarona|Volcarona, F|100\/100\n|switch|p2b: Charizard|Charizard, M|100\/100\n|turn|8\n|\n|t:|1696442716\n|move|p1b: Tentacruel|Sludge Bomb|p2a: Blastoise\n|-damage|p2a: Blastoise|60\/100\n|move|p2b: Charizard|Solar Beam||[still]\n|-prepare|p2b: Charizard|Solar Beam\n|move|p1a: Volcarona|Psychic|p2a: Blastoise\n|-damage|p2a: Blastoise|34\/100\n|move|p2a: Blastoise|Scald|p1a: Volcarona\n|-supereffective|p1a: Volcarona\n|-damage|p1a: Volcarona|60\/100\n|\n|upkeep\n|turn|9\n|\n|t:|1696442729\n|move|p1b: Tentacruel|Scald|p2b: Charizard\n|-supereffective|p2b: Charizard\n|-damage|p2b: Charizard|33\/100\n|move|p2b: Charizard|Solar Beam|p1b: Tentacruel|[from]lockedmove\n|-damage|p1b: Tentacruel|68\/100\n|move|p1a: Volcarona|Psychic|p2a: Blastoise\n|-damage|p2a: Blastoise|8\/100\n|move|p2a: Blastoise|Scald|p1a: Volcarona\n|-supereffective|p1a: Volcarona\n|-damage|p1a: Volcarona|0 fnt\n|faint|p1a: Volcarona\n|\n|-heal|p1b: Tentacruel|74\/100|[from] item: Black Sludge\n|upkeep\n|turn|10\n|\n|t:|1696442763\n|move|p1b: Tentacruel|Sludge Bomb|p2a: Blastoise\n|-damage|p2a: Blastoise|0 fnt\n|faint|p2a: Blastoise\n|move|p2b: Charizard|Overheat|p1b: Tentacruel\n|-resisted|p1b: Tentacruel\n|-damage|p1b: Tentacruel|30\/100\n|-unboost|p2b: Charizard|spa|2\n|\n|-heal|p1b: Tentacruel|36\/100|[from] item: Black Sludge\n|upkeep\n|turn|11\n|\n|t:|1696442774\n|move|p1b: Tentacruel|Scald|p2b: Charizard\n|-supereffective|p2b: Charizard\n|-damage|p2b: Charizard|0 fnt\n|faint|p2b: Charizard\n|\n|win|BugSME\n","uploadtime":1696442798,"views":15,"p1id":"bugsme","p2id":"demotedbugrte","formatid":"gen9nationaldexdoubles","rating":0,"private":0,"password":""}