{"id":"gen9nationaldexdoubles-1963563315","p1":"Spooooky Gorl","p2":"oofouchowiemybones","format":"[Gen 9] National Dex Doubles","log":"|j|\u2606Spooooky Gorl\n|j|\u2606oofouchowiemybones\n|t:|1696878058\n|gametype|doubles\n|player|p1|Spooooky Gorl|medium|\n|player|p2|oofouchowiemybones|karen|\n|teamsize|p1|6\n|teamsize|p2|6\n|gen|9\n|tier|[Gen 9] National Dex Doubles\n|rule|HP Percentage Mod: HP is shown in percentages\n|rule|Endless Battle Clause: Forcing endless battles is banned\n|rule|OHKO Clause: OHKO moves are banned\n|rule|Evasion Moves Clause: Evasion moves are banned\n|rule|Evasion Abilities Clause: Evasion abilities are banned\n|rule|Species Clause: Limit one of each Pok\u00e9mon\n|rule|Gravity Sleep Clause: The combination of sleep-inducing moves with imperfect accuracy and Gravity or Gigantamax Orbeetle are banned\n|clearpoke\n|poke|p1|Milotic, F|\n|poke|p1|Dragapult, M|\n|poke|p1|Aurorus, F|\n|poke|p1|Aegislash, M|\n|poke|p1|Gourgeist-*, F|\n|poke|p1|Kingambit, M|\n|poke|p2|Blastoise, F|\n|poke|p2|Tentacruel, F|\n|poke|p2|Rillaboom, F|\n|poke|p2|Dragapult, M|\n|poke|p2|Hawlucha, M|\n|poke|p2|Volcarona, F|\n|teampreview\n|\n|t:|1696878096\n|start\n|switch|p1a: Tickled Pink|Milotic, F|100\/100\n|switch|p1b: Mother of Dragons|Dragapult, M|100\/100\n|switch|p2a: Volcarona|Volcarona, F|100\/100\n|switch|p2b: Rillaboom|Rillaboom, F|100\/100\n|-fieldstart|move: Grassy Terrain|[from] ability: Grassy Surge|[of] p2b: Rillaboom\n|turn|1\n|\n|t:|1696878125\n|move|p1b: Mother of Dragons|Phantom Force||[still]\n|-prepare|p1b: Mother of Dragons|Phantom Force\n|move|p2a: Volcarona|Will-O-Wisp|p1b: Mother of Dragons|[miss]\n|-miss|p2a: Volcarona|p1b: Mother of Dragons\n|move|p2b: Rillaboom|Wood Hammer|p1a: Tickled Pink\n|-supereffective|p1a: Tickled Pink\n|-crit|p1a: Tickled Pink\n|-damage|p1a: Tickled Pink|0 fnt\n|faint|p1a: Tickled Pink\n|-damage|p2b: Rillaboom|68\/100|[from] Recoil\n|\n|-heal|p2b: Rillaboom|75\/100|[from] Grassy Terrain\n|upkeep\n|\n|t:|1696878143\n|switch|p1a: Gourgeous|Gourgeist-Super, F, shiny|100\/100\n|-item|p2a: Volcarona|Sitrus Berry|[from] ability: Frisk|[of] p1a: Gourgeous|[identify]\n|-item|p2b: Rillaboom|Assault Vest|[from] ability: Frisk|[of] p1a: Gourgeous|[identify]\n|turn|2\n|\n|t:|1696878175\n|move|p1b: Mother of Dragons|Phantom Force|p2b: Rillaboom|[from]lockedmove\n|-damage|p2b: Rillaboom|47\/100\n|move|p2a: Volcarona|Will-O-Wisp|p1b: Mother of Dragons\n|-status|p1b: Mother of Dragons|brn\n|move|p2b: Rillaboom|U-turn|p1a: Gourgeous\n|-damage|p1a: Gourgeous|77\/100\n|\n|t:|1696878189\n|switch|p2b: Hawlucha|Hawlucha, M|100\/100|[from] U-turn\n|-enditem|p2b: Hawlucha|Grassy Seed\n|-boost|p2b: Hawlucha|def|1|[from] item: Grassy Seed\n|move|p1a: Gourgeous|Poltergeist|p2a: Volcarona\n|-activate|p2a: Volcarona|move: Poltergeist|Sitrus Berry\n|-damage|p2a: Volcarona|48\/100\n|-enditem|p2a: Volcarona|Sitrus Berry|[eat]\n|-heal|p2a: Volcarona|73\/100|[from] item: Sitrus Berry\n|\n|-heal|p2a: Volcarona|79\/100|[from] Grassy Terrain\n|-heal|p1a: Gourgeous|84\/100|[from] Grassy Terrain\n|-heal|p1a: Gourgeous|90\/100|[from] item: Leftovers\n|-damage|p1b: Mother of Dragons|95\/100 brn|[from] brn\n|upkeep\n|turn|3\n|\n|t:|1696878225\n|move|p2b: Hawlucha|Acrobatics|p1a: Gourgeous\n|-supereffective|p1a: Gourgeous\n|-damage|p1a: Gourgeous|0 fnt\n|faint|p1a: Gourgeous\n|move|p1b: Mother of Dragons|Phantom Force||[still]\n|-prepare|p1b: Mother of Dragons|Phantom Force\n|move|p2a: Volcarona|Heat Wave|p1b: Mother of Dragons|[miss]\n|-miss|p2a: Volcarona|p1b: Mother of Dragons\n|\n|-heal|p2a: Volcarona|86\/100|[from] Grassy Terrain\n|-damage|p1b: Mother of Dragons|89\/100 brn|[from] brn\n|upkeep\n|\n|t:|1696878238\n|switch|p1a: Rory|Aurorus, F, shiny|100\/100\n|turn|4\n|\n|t:|1696878255\n|move|p2a: Volcarona|Rage Powder|p2a: Volcarona\n|-singleturn|p2a: Volcarona|move: Rage Powder\n|move|p2b: Hawlucha|High Jump Kick|p1a: Rory\n|-supereffective|p1a: Rory\n|-damage|p1a: Rory|0 fnt\n|faint|p1a: Rory\n|move|p1b: Mother of Dragons|Phantom Force|p2a: Volcarona|[from]lockedmove\n|-damage|p2a: Volcarona|64\/100\n|\n|-heal|p1b: Mother of Dragons|95\/100 brn|[from] Grassy Terrain\n|-heal|p2a: Volcarona|71\/100|[from] Grassy Terrain\n|-damage|p1b: Mother of Dragons|89\/100 brn|[from] brn\n|upkeep\n|\n|t:|1696878267\n|switch|p1a: Danger Plate|Aegislash, M, shiny|100\/100\n|turn|5\n|\n|t:|1696878292\n|move|p2b: Hawlucha|Acrobatics|p1a: Danger Plate\n|-resisted|p1a: Danger Plate\n|-damage|p1a: Danger Plate|83\/100\n|move|p1b: Mother of Dragons|Dragon Pulse|p2a: Volcarona\n|-damage|p2a: Volcarona|40\/100\n|move|p2a: Volcarona|Heat Wave|p1a: Danger Plate|[spread] p1a\n|-miss|p2a: Volcarona|p1b: Mother of Dragons\n|-supereffective|p1a: Danger Plate\n|-damage|p1a: Danger Plate|44\/100\n|-formechange|p1a: Danger Plate|Aegislash-Blade||[from] ability: Stance Change\n|move|p1a: Danger Plate|Flash Cannon|p2a: Volcarona\n|-resisted|p2a: Volcarona\n|-damage|p2a: Volcarona|22\/100\n|\n|-heal|p1b: Mother of Dragons|95\/100 brn|[from] Grassy Terrain\n|-heal|p2a: Volcarona|28\/100|[from] Grassy Terrain\n|-heal|p1a: Danger Plate|50\/100|[from] Grassy Terrain\n|-damage|p1b: Mother of Dragons|89\/100 brn|[from] brn\n|-fieldend|move: Grassy Terrain\n|upkeep\n|turn|6\n|\n|t:|1696878326\n|move|p2b: Hawlucha|Substitute|p2b: Hawlucha\n|-start|p2b: Hawlucha|Substitute\n|-damage|p2b: Hawlucha|76\/100\n|move|p1b: Mother of Dragons|Dragon Pulse|p2a: Volcarona\n|-damage|p2a: Volcarona|0 fnt\n|faint|p2a: Volcarona\n|move|p1a: Danger Plate|Shadow Ball|p2b: Hawlucha\n|-end|p2b: Hawlucha|Substitute\n|\n|-damage|p1b: Mother of Dragons|83\/100 brn|[from] brn\n|upkeep\n|\n|t:|1696878348\n|switch|p2a: Blastoise|Blastoise, F|100\/100\n|turn|7\n|\n|t:|1696878375\n|move|p2a: Blastoise|Follow Me|p2a: Blastoise\n|-singleturn|p2a: Blastoise|move: Follow Me\n|move|p2b: Hawlucha|Swords Dance|p2b: Hawlucha\n|-boost|p2b: Hawlucha|atk|2\n|move|p1b: Mother of Dragons|Dragon Pulse|p2a: Blastoise\n|-damage|p2a: Blastoise|68\/100\n|move|p1a: Danger Plate|Close Combat|p2a: Blastoise\n|-damage|p2a: Blastoise|36\/100\n|-unboost|p1a: Danger Plate|def|1\n|-unboost|p1a: Danger Plate|spd|1\n|\n|-heal|p2a: Blastoise|42\/100|[from] item: Leftovers\n|-damage|p1b: Mother of Dragons|77\/100 brn|[from] brn\n|upkeep\n|turn|8\n|\n|t:|1696878411\n|move|p2a: Blastoise|Follow Me|p2a: Blastoise\n|-singleturn|p2a: Blastoise|move: Follow Me\n|move|p2b: Hawlucha|Acrobatics|p1a: Danger Plate\n|-resisted|p1a: Danger Plate\n|-damage|p1a: Danger Plate|0 fnt\n|faint|p1a: Danger Plate\n|move|p1b: Mother of Dragons|Dragon Pulse|p2a: Blastoise\n|-damage|p2a: Blastoise|9\/100\n|\n|-heal|p2a: Blastoise|15\/100|[from] item: Leftovers\n|-damage|p1b: Mother of Dragons|71\/100 brn|[from] brn\n|upkeep\n|\n|t:|1696878421\n|switch|p1a: Chesster|Kingambit, M|100\/100\n|-activate|p1a: Chesster|ability: Supreme Overlord\n|-start|p1a: Chesster|fallen4|[silent]\n|turn|9\n|\n|t:|1696878448\n|switch|p2a: Rillaboom|Rillaboom, F|47\/100\n|-fieldstart|move: Grassy Terrain|[from] ability: Grassy Surge|[of] p2a: Rillaboom\n|move|p2b: Hawlucha|High Jump Kick|p1a: Chesster\n|-supereffective|p1a: Chesster\n|-damage|p1a: Chesster|0 fnt\n|faint|p1a: Chesster\n|-end|p1a: Chesster|fallen4|[silent]\n|move|p1b: Mother of Dragons|Dragon Pulse|p2a: Rillaboom\n|-damage|p2a: Rillaboom|19\/100\n|\n|-heal|p1b: Mother of Dragons|77\/100 brn|[from] Grassy Terrain\n|-heal|p2a: Rillaboom|25\/100|[from] Grassy Terrain\n|-damage|p1b: Mother of Dragons|71\/100 brn|[from] brn\n|upkeep\n|turn|10\n|\n|t:|1696878476\n|switch|p2a: Tentacruel|Tentacruel, F|100\/100\n|move|p2b: Hawlucha|Acrobatics|p1b: Mother of Dragons\n|-damage|p1b: Mother of Dragons|0 fnt\n|faint|p1b: Mother of Dragons\n|\n|win|oofouchowiemybones\n","uploadtime":1696878488,"views":18,"p1id":"spooookygorl","p2id":"oofouchowiemybones","formatid":"gen9nationaldexdoubles","rating":0,"private":0,"password":""}