{"id":"gen9nationaldexdoubles-1987946040","p1":"Brick_Enjoyer_144","p2":"Narutinblaster","format":"[Gen 9] National Dex Doubles","log":"|j|\u2606Brick_Enjoyer_144\n|j|\u2606Narutinblaster\n|t:|1699651874\n|gametype|doubles\n|player|p1|Brick_Enjoyer_144|shauntal|1140\n|player|p2|Narutinblaster|169|1085\n|teamsize|p1|6\n|teamsize|p2|6\n|gen|9\n|tier|[Gen 9] National Dex Doubles\n|rated|\n|rule|HP Percentage Mod: HP is shown in percentages\n|rule|Endless Battle Clause: Forcing endless battles is banned\n|rule|OHKO Clause: OHKO moves are banned\n|rule|Evasion Moves Clause: Evasion moves are banned\n|rule|Evasion Abilities Clause: Evasion abilities are banned\n|rule|Species Clause: Limit one of each Pok\u00e9mon\n|rule|Gravity Sleep Clause: The combination of sleep-inducing moves with imperfect accuracy and Gravity or Gigantamax Orbeetle are banned\n|clearpoke\n|poke|p1|Avalugg-Hisui, F|\n|poke|p1|Ribombee, M|\n|poke|p1|Murkrow, M|\n|poke|p1|Ninetales-Alola, F|\n|poke|p1|Gholdengo|\n|poke|p1|Heracross, F|\n|poke|p2|Typhlosion-Hisui, M|\n|poke|p2|Illumise, F|\n|poke|p2|Heatran, M|\n|poke|p2|Ninetales, M|\n|poke|p2|Camerupt, M|\n|poke|p2|Torkoal, M|\n|teampreview\n|inactive|Battle timer is ON: inactive players will automatically lose when time's up. (requested by Brick_Enjoyer_144)\n|\n|t:|1699651884\n|start\n|switch|p1a: Ribombee|Ribombee, M|100\/100\n|switch|p1b: Ninetales|Ninetales-Alola, F|100\/100\n|switch|p2a: Typhlosion|Typhlosion-Hisui, M|100\/100\n|switch|p2b: Illumise|Illumise, F|100\/100\n|-weather|Snow|[from] ability: Snow Warning|[of] p1b: Ninetales\n|turn|1\n|\n|t:|1699651900\n|-terastallize|p2a: Typhlosion|Fire\n|move|p2b: Illumise|Sunny Day|p2b: Illumise\n|-weather|SunnyDay\n|move|p1a: Ribombee|Sticky Web|p2a: Typhlosion\n|-sidestart|p2: Narutinblaster|move: Sticky Web\n|move|p1b: Ninetales|Aurora Veil||[still]\n|-fail|p1b: Ninetales\n|move|p2a: Typhlosion|Eruption|p1b: Ninetales|[spread] p1a,p1b\n|-supereffective|p1a: Ribombee\n|-supereffective|p1b: Ninetales\n|-enditem|p1a: Ribombee|Focus Sash\n|-damage|p1a: Ribombee|1\/100\n|-damage|p1b: Ninetales|0 fnt\n|faint|p1b: Ninetales\n|\n|-weather|SunnyDay|[upkeep]\n|upkeep\n|inactive|Brick_Enjoyer_144 has 120 seconds left.\n|\n|t:|1699651921\n|switch|p1b: Avalugg|Avalugg-Hisui, F|100\/100\n|turn|2\n|\n|t:|1699651930\n|move|p2b: Illumise|Tailwind|p2b: Illumise\n|-sidestart|p2: Narutinblaster|move: Tailwind\n|move|p2a: Typhlosion|Eruption|p1a: Ribombee|[spread] p1a,p1b\n|-supereffective|p1a: Ribombee\n|-damage|p1a: Ribombee|0 fnt\n|-ability|p1b: Avalugg|Sturdy\n|-damage|p1b: Avalugg|1\/100\n|faint|p1a: Ribombee\n|move|p1b: Avalugg|Stone Edge|p2a: Typhlosion\n|-supereffective|p2a: Typhlosion\n|-damage|p2a: Typhlosion|0 fnt\n|faint|p2a: Typhlosion\n|\n|-weather|SunnyDay|[upkeep]\n|upkeep\n|\n|t:|1699651952\n|switch|p1a: Murkrow|Murkrow, M|100\/100\n|switch|p2a: Camerupt|Camerupt, M|100\/100\n|-activate|p2a: Camerupt|move: Sticky Web\n|-unboost|p2a: Camerupt|spe|1\n|turn|3\n|\n|t:|1699651967\n|detailschange|p2a: Camerupt|Camerupt-Mega, M\n|-mega|p2a: Camerupt|Camerupt|Cameruptite\n|move|p1a: Murkrow|Tailwind|p1a: Murkrow\n|-sidestart|p1: Brick_Enjoyer_144|move: Tailwind\n|move|p2b: Illumise|Dazzling Gleam|p1a: Murkrow|[spread] p1a,p1b\n|-supereffective|p1a: Murkrow\n|-damage|p1a: Murkrow|84\/100\n|-damage|p1b: Avalugg|0 fnt\n|faint|p1b: Avalugg\n|move|p2a: Camerupt|Eruption|p1a: Murkrow\n|-damage|p1a: Murkrow|0 fnt\n|faint|p1a: Murkrow\n|\n|-weather|SunnyDay|[upkeep]\n|upkeep\n|\n|t:|1699651982\n|switch|p1a: Gholdengo|Gholdengo|100\/100\n|switch|p1b: Heracross|Heracross, F|100\/100\n|turn|4\n|\n|t:|1699652007\n|move|p1b: Heracross|High Horsepower|p2a: Camerupt\n|-supereffective|p2a: Camerupt\n|-damage|p2a: Camerupt|17\/100\n|move|p1a: Gholdengo|Shadow Ball|p2a: Camerupt\n|-damage|p2a: Camerupt|0 fnt\n|faint|p2a: Camerupt\n|move|p2b: Illumise|Dazzling Gleam|p1b: Heracross|[spread] p1a,p1b\n|-resisted|p1a: Gholdengo\n|-supereffective|p1b: Heracross\n|-damage|p1a: Gholdengo|95\/100\n|-damage|p1b: Heracross|77\/100\n|\n|-weather|SunnyDay|[upkeep]\n|-heal|p1a: Gholdengo|100\/100|[from] item: Leftovers\n|-status|p1b: Heracross|brn|[from] item: Flame Orb\n|upkeep\n|\n|t:|1699652017\n|switch|p2a: Heatran|Heatran, M|100\/100\n|-activate|p2a: Heatran|move: Sticky Web\n|-unboost|p2a: Heatran|spe|1\n|turn|5\n|\n|t:|1699652033\n|move|p1b: Heracross|High Horsepower|p2a: Heatran\n|-supereffective|p2a: Heatran\n|-damage|p2a: Heatran|0 fnt\n|faint|p2a: Heatran\n|move|p1a: Gholdengo|Shadow Ball|p2b: Illumise\n|-damage|p2b: Illumise|67\/100\n|move|p2b: Illumise|Dazzling Gleam|p1a: Gholdengo|[spread] p1a,p1b\n|-resisted|p1a: Gholdengo\n|-supereffective|p1b: Heracross\n|-damage|p1a: Gholdengo|94\/100\n|-damage|p1b: Heracross|53\/100 brn\n|\n|-weather|SunnyDay|[upkeep]\n|-heal|p1a: Gholdengo|99\/100|[from] item: Leftovers\n|-damage|p1b: Heracross|47\/100 brn|[from] brn\n|-sideend|p2: Narutinblaster|move: Tailwind\n|upkeep\n|\n|t:|1699652041\n|switch|p2a: Ninetales|Ninetales, M|100\/100\n|-activate|p2a: Ninetales|move: Sticky Web\n|-unboost|p2a: Ninetales|spe|1\n|turn|6\n|\n|t:|1699652052\n|-terastallize|p1a: Gholdengo|Steel\n|move|p1b: Heracross|High Horsepower|p2a: Ninetales|[miss]\n|-miss|p1b: Heracross|p2a: Ninetales\n|move|p1a: Gholdengo|Make It Rain|p2b: Illumise|[spread] p2a,p2b\n|-resisted|p2a: Ninetales\n|-damage|p2a: Ninetales|65\/100\n|-damage|p2b: Illumise|12\/100\n|-unboost|p1a: Gholdengo|spa|1\n|move|p2a: Ninetales|Heat Wave|p1a: Gholdengo|[spread] p1a\n|-miss|p2a: Ninetales|p1b: Heracross\n|-supereffective|p1a: Gholdengo\n|-damage|p1a: Gholdengo|0 fnt\n|faint|p1a: Gholdengo\n|move|p2b: Illumise|Dazzling Gleam|p1b: Heracross\n|-supereffective|p1b: Heracross\n|-damage|p1b: Heracross|13\/100 brn\n|\n|-weather|SunnyDay|[upkeep]\n|-damage|p1b: Heracross|7\/100 brn|[from] brn\n|-sideend|p1: Brick_Enjoyer_144|move: Tailwind\n|upkeep\n|turn|7\n|\n|t:|1699652079\n|move|p2b: Illumise|Tailwind|p2b: Illumise\n|-sidestart|p2: Narutinblaster|move: Tailwind\n|move|p2a: Ninetales|Heat Wave|p1b: Heracross\n|-supereffective|p1b: Heracross\n|-damage|p1b: Heracross|0 fnt\n|faint|p1b: Heracross\n|\n|win|Narutinblaster\n|raw|Brick_Enjoyer_144's rating: 1140 &rarr; <strong>1111<\/strong><br \/>(-29 for losing)\n|raw|Narutinblaster's rating: 1085 &rarr; <strong>1117<\/strong><br \/>(+32 for winning)\n","uploadtime":1699652089,"views":6,"p1id":"brickenjoyer144","p2id":"narutinblaster","formatid":"gen9nationaldexdoubles","rating":1111,"private":0,"password":""}