{"id":"gen9nationaldexdoubles-1956069226","p1":"blazerea","p2":"wu liao de lan gou","format":"[Gen 9] National Dex Doubles","log":"|j|\u2606blazerea\n|j|\u2606wu liao de lan gou\n|t:|1696066971\n|gametype|doubles\n|player|p1|blazerea|266|1403\n|player|p2|wu liao de lan gou|marnie|1465\n|teamsize|p1|6\n|teamsize|p2|6\n|gen|9\n|tier|[Gen 9] National Dex Doubles\n|rated|\n|rule|HP Percentage Mod: HP is shown in percentages\n|rule|Endless Battle Clause: Forcing endless battles is banned\n|rule|OHKO Clause: OHKO moves are banned\n|rule|Evasion Moves Clause: Evasion moves are banned\n|rule|Evasion Abilities Clause: Evasion abilities are banned\n|rule|Species Clause: Limit one of each Pok\u00e9mon\n|rule|Gravity Sleep Clause: The combination of sleep-inducing moves with imperfect accuracy and Gravity or Gigantamax Orbeetle are banned\n|clearpoke\n|poke|p1|Flutter Mane|\n|poke|p1|Chi-Yu|\n|poke|p1|Charizard, F|\n|poke|p1|Incineroar, M|\n|poke|p1|Grimmsnarl, M|\n|poke|p1|Iron Hands|\n|poke|p2|Salamence, M|\n|poke|p2|Volcanion|\n|poke|p2|Sinistcha|\n|poke|p2|Cresselia, F|\n|poke|p2|Tornadus, M|\n|poke|p2|Gallade, M|\n|teampreview\n|\n|t:|1696066986\n|start\n|switch|p1a: Flutter Mane|Flutter Mane|100\/100\n|switch|p1b: Incineroar|Incineroar, M|100\/100\n|switch|p2a: Tornadus|Tornadus, M|100\/100\n|switch|p2b: Volcanion|Volcanion|100\/100\n|-ability|p1b: Incineroar|Intimidate|boost\n|-unboost|p2a: Tornadus|atk|1\n|-unboost|p2b: Volcanion|atk|1\n|turn|1\n|\n|t:|1696067001\n|move|p1b: Incineroar|Fake Out|p2a: Tornadus\n|-damage|p2a: Tornadus|89\/100\n|move|p2a: Tornadus|Tailwind|p2a: Tornadus\n|-sidestart|p2: wu liao de lan gou|move: Tailwind\n|move|p1a: Flutter Mane|Moonblast|p2a: Tornadus\n|-damage|p2a: Tornadus|29\/100\n|move|p2b: Volcanion|Steam Eruption|p1b: Incineroar\n|-supereffective|p1b: Incineroar\n|-damage|p1b: Incineroar|0 fnt\n|faint|p1b: Incineroar\n|\n|upkeep\n|\n|t:|1696067012\n|switch|p1b: Charizard|Charizard, F|100\/100\n|turn|2\n|\n|t:|1696067025\n|detailschange|p1b: Charizard|Charizard-Mega-Y, F\n|-mega|p1b: Charizard|Charizard|Charizardite Y\n|-weather|SunnyDay|[from] ability: Drought|[of] p1b: Charizard\n|-activate|p1a: Flutter Mane|ability: Protosynthesis\n|-start|p1a: Flutter Mane|protosynthesisspe\n|move|p2a: Tornadus|Protect|p2a: Tornadus\n|-singleturn|p2a: Tornadus|Protect\n|move|p1a: Flutter Mane|Dazzling Gleam|p2b: Volcanion|[spread] p2b\n|-activate|p2a: Tornadus|move: Protect\n|-resisted|p2b: Volcanion\n|-damage|p2b: Volcanion|86\/100\n|move|p2b: Volcanion|Heat Wave|p1a: Flutter Mane|[spread] p1a,p1b\n|-resisted|p1b: Charizard\n|-damage|p1a: Flutter Mane|38\/100\n|-damage|p1b: Charizard|71\/100\n|move|p1b: Charizard|Scorching Sands|p2b: Volcanion\n|-supereffective|p2b: Volcanion\n|-damage|p2b: Volcanion|45\/100\n|\n|-weather|SunnyDay|[upkeep]\n|upkeep\n|turn|3\n|\n|t:|1696067044\n|switch|p2a: Cresselia|Cresselia, F|100\/100\n|move|p1a: Flutter Mane|Protect|p1a: Flutter Mane\n|-singleturn|p1a: Flutter Mane|Protect\n|move|p2b: Volcanion|Heat Wave|p1b: Charizard|[spread] p1b\n|-activate|p1a: Flutter Mane|move: Protect\n|-resisted|p1b: Charizard\n|-damage|p1b: Charizard|38\/100\n|move|p1b: Charizard|Heat Wave|p2a: Cresselia|[spread] p2a,p2b\n|-resisted|p2b: Volcanion\n|-damage|p2a: Cresselia|62\/100\n|-damage|p2b: Volcanion|33\/100\n|\n|-weather|SunnyDay|[upkeep]\n|upkeep\n|turn|4\n|\n|t:|1696067062\n|move|p1a: Flutter Mane|Shadow Ball|p2a: Cresselia\n|-supereffective|p2a: Cresselia\n|-damage|p2a: Cresselia|7\/100\n|move|p2a: Cresselia|Lunar Blessing|p2a: Cresselia|[spread] p2a,p2b\n|-heal|p2a: Cresselia|32\/100\n|-heal|p2b: Volcanion|58\/100\n|move|p2b: Volcanion|Steam Eruption|p1a: Flutter Mane\n|-damage|p1a: Flutter Mane|8\/100\n|move|p1b: Charizard|Air Slash|p2b: Volcanion\n|-damage|p2b: Volcanion|26\/100\n|\n|-weather|SunnyDay|[upkeep]\n|-sideend|p2: wu liao de lan gou|move: Tailwind\n|upkeep\n|turn|5\n|\n|t:|1696067081\n|move|p1a: Flutter Mane|Dazzling Gleam|p2a: Cresselia|[spread] p2a,p2b\n|-resisted|p2b: Volcanion\n|-damage|p2a: Cresselia|9\/100\n|-damage|p2b: Volcanion|14\/100\n|move|p1b: Charizard|Heat Wave|p2a: Cresselia|[spread] p2a,p2b\n|-resisted|p2b: Volcanion\n|-damage|p2a: Cresselia|0 fnt\n|-damage|p2b: Volcanion|3\/100\n|faint|p2a: Cresselia\n|move|p2b: Volcanion|Heat Wave|p1b: Charizard|[spread] p1a,p1b\n|-resisted|p1b: Charizard\n|-damage|p1a: Flutter Mane|0 fnt\n|-damage|p1b: Charizard|8\/100\n|faint|p1a: Flutter Mane\n|-end|p1a: Flutter Mane|Protosynthesis|[silent]\n|\n|-weather|SunnyDay|[upkeep]\n|upkeep\n|\n|t:|1696067095\n|switch|p1a: Iron Hands|Iron Hands|100\/100\n|switch|p2a: Tornadus|Tornadus, M|29\/100\n|turn|6\n|\n|t:|1696067102\n|move|p1a: Iron Hands|Fake Out|p2b: Volcanion\n|-damage|p2b: Volcanion|0 fnt\n|faint|p2b: Volcanion\n|move|p2a: Tornadus|Tailwind|p2a: Tornadus\n|-sidestart|p2: wu liao de lan gou|move: Tailwind\n|move|p1b: Charizard|Heat Wave|p2a: Tornadus\n|-damage|p2a: Tornadus|0 fnt\n|faint|p2a: Tornadus\n|\n|-weather|none\n|upkeep\n|\n|t:|1696067108\n|switch|p2a: Gallade|Gallade, M|100\/100\n|switch|p2b: Salamence|Salamence, M|100\/100\n|-ability|p2b: Salamence|Intimidate|boost\n|-unboost|p1a: Iron Hands|atk|1\n|-unboost|p1b: Charizard|atk|1\n|turn|7\n|\n|t:|1696067135\n|detailschange|p2b: Salamence|Salamence-Mega, M\n|-mega|p2b: Salamence|Salamence|Salamencite\n|move|p2b: Salamence|Dragon Dance|p2b: Salamence\n|-boost|p2b: Salamence|atk|1\n|-boost|p2b: Salamence|spe|1\n|move|p2a: Gallade|Sacred Sword|p1b: Charizard\n|-resisted|p1b: Charizard\n|-damage|p1b: Charizard|0 fnt\n|faint|p1b: Charizard\n|-damage|p2a: Gallade|91\/100|[from] item: Life Orb\n|move|p1a: Iron Hands|Wild Charge|p2b: Salamence\n|-damage|p2b: Salamence|71\/100\n|-damage|p1a: Iron Hands|95\/100|[from] Recoil\n|\n|upkeep\n|\n|t:|1696067152\n|switch|p1b: Chi-Yu|Chi-Yu|100\/100\n|-ability|p1b: Chi-Yu|Beads of Ruin\n|turn|8\n|\n|t:|1696067165\n|-end|p1a: Iron Hands|Quark Drive|[silent]\n|switch|p1a: Grimmsnarl|Grimmsnarl, M|100\/100\n|move|p2a: Gallade|Protect|p2a: Gallade\n|-singleturn|p2a: Gallade|Protect\n|move|p2b: Salamence|Earthquake|p1a: Grimmsnarl|[spread] p1a,p1b\n|-activate|p2a: Gallade|move: Protect\n|-supereffective|p1b: Chi-Yu\n|-damage|p1a: Grimmsnarl|61\/100\n|-damage|p1b: Chi-Yu|0 fnt\n|faint|p1b: Chi-Yu\n|\n|upkeep\n|\n|t:|1696067175\n|switch|p1b: Iron Hands|Iron Hands|95\/100\n|turn|9\n|\n|t:|1696067186\n|move|p2b: Salamence|Protect|p2b: Salamence\n|-singleturn|p2b: Salamence|Protect\n|move|p1a: Grimmsnarl|Reflect|p1a: Grimmsnarl\n|-sidestart|p1: blazerea|Reflect\n|move|p2a: Gallade|Sacred Sword|p1a: Grimmsnarl\n|-damage|p1a: Grimmsnarl|0 fnt\n|faint|p1a: Grimmsnarl\n|-damage|p2a: Gallade|81\/100|[from] item: Life Orb\n|move|p1b: Iron Hands|Wild Charge|p2a: Gallade\n|-damage|p2a: Gallade|5\/100\n|-damage|p1b: Iron Hands|81\/100|[from] Recoil\n|\n|-sideend|p2: wu liao de lan gou|move: Tailwind\n|upkeep\n|turn|10\n|-message|blazerea forfeited.\n|\n|win|wu liao de lan gou\n|raw|blazerea's rating: 1403 &rarr; <strong>1387<\/strong><br \/>(-16 for losing)\n|raw|wu liao de lan gou's rating: 1465 &rarr; <strong>1481<\/strong><br \/>(+16 for winning)\n|l|\u2606blazerea\n","uploadtime":1696067204,"views":9,"p1id":"blazerea","p2id":"wuliaodelangou","formatid":"gen9nationaldexdoubles","rating":1387,"private":0,"password":""}