{"id":"gen9nationaldexdoubles-1982051977","p1":"Ench1r1d1on","p2":"NotTheSpy5","format":"[Gen 9] National Dex Doubles","log":"|j|\u2606Ench1r1d1on\n|j|\u2606NotTheSpy5\n|t:|1698963100\n|gametype|doubles\n|player|p1|Ench1r1d1on|1|\n|player|p2|NotTheSpy5|2|\n|teamsize|p1|6\n|teamsize|p2|6\n|gen|9\n|tier|[Gen 9] National Dex Doubles\n|rule|HP Percentage Mod: HP is shown in percentages\n|rule|Endless Battle Clause: Forcing endless battles is banned\n|rule|OHKO Clause: OHKO moves are banned\n|rule|Evasion Moves Clause: Evasion moves are banned\n|rule|Evasion Abilities Clause: Evasion abilities are banned\n|rule|Species Clause: Limit one of each Pok\u00e9mon\n|rule|Gravity Sleep Clause: The combination of sleep-inducing moves with imperfect accuracy and Gravity or Gigantamax Orbeetle are banned\n|clearpoke\n|poke|p1|Pelipper, F|\n|poke|p1|Toxicroak, M|\n|poke|p1|Gastrodon, M|\n|poke|p1|Volcanion|\n|poke|p1|Urshifu-*, M|\n|poke|p1|Basculegion, M|\n|poke|p2|Golurk|\n|poke|p2|Cresselia, F|\n|poke|p2|Amoonguss, M|\n|poke|p2|Hariyama, M|\n|poke|p2|Indeedee-F, F|\n|poke|p2|Yanmega, M|\n|teampreview\n|\n|t:|1698963106\n|start\n|switch|p1a: Pelipper|Pelipper, F|100\/100\n|switch|p1b: Toxicroak|Toxicroak, M|100\/100\n|switch|p2a: Ranni|Cresselia, F, shiny|100\/100\n|switch|p2b: Hanayama|Hariyama, M, shiny|100\/100\n|-weather|RainDance|[from] ability: Drizzle|[of] p1a: Pelipper\n|turn|1\n|c|\u2606NotTheSpy5|Sorry I was bussy\n|c|\u2606NotTheSpy5|*busy\n|c|\u2606NotTheSpy5|FUCK\n|\n|t:|1698963136\n|move|p2b: Hanayama|Fake Out|p1b: Toxicroak\n|-damage|p1b: Toxicroak|81\/100\n|cant|p1b: Toxicroak|flinch\n|move|p1a: Pelipper|Ice Beam|p2b: Hanayama\n|-damage|p2b: Hanayama|69\/100\n|move|p2a: Ranni|Trick Room|p2a: Ranni\n|-fieldstart|move: Trick Room|[of] p2a: Ranni\n|\n|-weather|RainDance|[upkeep]\n|-heal|p1b: Toxicroak|94\/100|[from] ability: Dry Skin\n|-heal|p1b: Toxicroak|99\/100|[from] item: Black Sludge\n|-status|p2b: Hanayama|brn|[from] item: Flame Orb\n|upkeep\n|turn|2\n|\n|t:|1698963180\n|move|p1b: Toxicroak|Bullet Punch|p2a: Ranni\n|-damage|p2a: Ranni|94\/100\n|move|p2b: Hanayama|Facade|p1a: Pelipper\n|-damage|p1a: Pelipper|27\/100\n|move|p1a: Pelipper|Ice Beam|p2b: Hanayama\n|-damage|p2b: Hanayama|41\/100 brn\n|move|p2a: Ranni|Psychic|p1b: Toxicroak\n|-supereffective|p1b: Toxicroak\n|-damage|p1b: Toxicroak|0 fnt\n|faint|p1b: Toxicroak\n|\n|-weather|RainDance|[upkeep]\n|-heal|p2a: Ranni|99\/100|[from] item: Leftovers\n|-damage|p2b: Hanayama|34\/100 brn|[from] brn\n|upkeep\n|\n|t:|1698963197\n|switch|p1b: Urshifu|Urshifu-Rapid-Strike, M|100\/100\n|turn|3\n|\n|t:|1698963217\n|move|p2a: Ranni|Ally Switch|p2a: Ranni\n|swap|p2a: Ranni|1|[from] move: Ally Switch\n|move|p2a: Hanayama|Drain Punch|p1b: Urshifu\n|-crit|p1b: Urshifu\n|-damage|p1b: Urshifu|3\/100\n|-heal|p2a: Hanayama|68\/100 brn|[from] drain|[of] p1b: Urshifu\n|move|p1a: Pelipper|Rain Dance||[still]\n|-fail|p1a: Pelipper\n|move|p1b: Urshifu|Surging Strikes|p2b: Ranni\n|-crit|p2b: Ranni\n|-damage|p2b: Ranni|84\/100\n|-crit|p2b: Ranni\n|-damage|p2b: Ranni|66\/100\n|-crit|p2b: Ranni\n|-damage|p2b: Ranni|51\/100\n|-hitcount|p2b: Ranni|3\n|\n|-weather|RainDance|[upkeep]\n|-heal|p2b: Ranni|57\/100|[from] item: Leftovers\n|-damage|p2a: Hanayama|62\/100 brn|[from] brn\n|upkeep\n|turn|4\n|c|\u2606NotTheSpy5|Yo shit a crit nice\n|\n|t:|1698963264\n|switch|p1a: Volcanion|Volcanion|100\/100\n|move|p1b: Urshifu|Detect|p1b: Urshifu\n|-singleturn|p1b: Urshifu|Protect\n|move|p2a: Hanayama|Drain Punch|p1a: Volcanion\n|-damage|p1a: Volcanion|38\/100\n|-heal|p2a: Hanayama|82\/100 brn|[from] drain|[of] p1a: Volcanion\n|move|p2b: Ranni|Psychic|p1b: Urshifu\n|-activate|p1b: Urshifu|move: Protect\n|\n|-weather|RainDance|[upkeep]\n|-heal|p2b: Ranni|63\/100|[from] item: Leftovers\n|-damage|p2a: Hanayama|75\/100 brn|[from] brn\n|upkeep\n|turn|5\n|\n|t:|1698963297\n|move|p2a: Hanayama|Earthquake|p1b: Urshifu|[spread] p1a,p1b\n|-immune|p2b: Ranni|[from] ability: Levitate\n|-supereffective|p1a: Volcanion\n|-damage|p1a: Volcanion|0 fnt\n|-damage|p1b: Urshifu|0 fnt\n|faint|p1a: Volcanion\n|faint|p1b: Urshifu\n|move|p2b: Ranni|Lunar Blessing|p2b: Ranni|[spread] p2a,p2b\n|-heal|p2a: Hanayama|100\/100 brn\n|-curestatus|p2a: Hanayama|brn|[msg]\n|-heal|p2b: Ranni|88\/100\n|\n|-weather|RainDance|[upkeep]\n|-heal|p2b: Ranni|94\/100|[from] item: Leftovers\n|-fieldend|move: Trick Room\n|-status|p2a: Hanayama|brn|[from] item: Flame Orb\n|upkeep\n|\n|t:|1698963313\n|switch|p1b: Basculegion|Basculegion, M|100\/100\n|switch|p1a: Pelipper|Pelipper, F|27\/100\n|turn|6\n|\n|t:|1698963336\n|move|p1b: Basculegion|Last Respects|p2b: Ranni\n|-supereffective|p2b: Ranni\n|-crit|p2b: Ranni\n|-damage|p2b: Ranni|0 fnt\n|faint|p2b: Ranni\n|move|p1a: Pelipper|Ice Beam|p2a: Hanayama\n|-damage|p2a: Hanayama|69\/100 brn\n|move|p2a: Hanayama|Drain Punch|p1a: Pelipper\n|-resisted|p1a: Pelipper\n|-damage|p1a: Pelipper|0 fnt\n|-heal|p2a: Hanayama|78\/100 brn|[from] drain|[of] p1a: Pelipper\n|faint|p1a: Pelipper\n|\n|-weather|RainDance|[upkeep]\n|-damage|p2a: Hanayama|72\/100 brn|[from] brn\n|upkeep\n|\n|t:|1698963368\n|switch|p2b: Robo Saitama|Golurk, shiny|100\/100\n|switch|p1a: Gastrodon|Gastrodon, M|100\/100\n|turn|7\n|\n|t:|1698963391\n|-terastallize|p2b: Robo Saitama|Water\n|move|p1b: Basculegion|Ice Fang|p2b: Robo Saitama\n|-resisted|p2b: Robo Saitama\n|-damage|p2b: Robo Saitama|90\/100\n|move|p1a: Gastrodon|Substitute|p1a: Gastrodon\n|-start|p1a: Gastrodon|Substitute\n|-damage|p1a: Gastrodon|75\/100\n|move|p2b: Robo Saitama|Curse|p2b: Robo Saitama\n|-unboost|p2b: Robo Saitama|spe|1\n|-boost|p2b: Robo Saitama|atk|1\n|-boost|p2b: Robo Saitama|def|1\n|move|p2a: Hanayama|Facade|p1a: Gastrodon\n|-end|p1a: Gastrodon|Substitute\n|\n|-weather|RainDance|[upkeep]\n|-damage|p2a: Hanayama|66\/100 brn|[from] brn\n|upkeep\n|turn|8\n|\n|t:|1698963434\n|move|p1b: Basculegion|Ice Fang|p2a: Hanayama\n|-damage|p2a: Hanayama|42\/100 brn\n|move|p1a: Gastrodon|Ice Beam|p2b: Robo Saitama\n|-resisted|p2b: Robo Saitama\n|-damage|p2b: Robo Saitama|72\/100\n|move|p2a: Hanayama|Facade|p1a: Gastrodon\n|-damage|p1a: Gastrodon|0 fnt\n|faint|p1a: Gastrodon\n|move|p2b: Robo Saitama|Thunder Punch|p1b: Basculegion\n|-supereffective|p1b: Basculegion\n|-damage|p1b: Basculegion|0 fnt\n|faint|p1b: Basculegion\n|\n|win|NotTheSpy5\n|l|\u2606Ench1r1d1on\n|l|\u2606NotTheSpy5\n|j|\u2606NotTheSpy5\n|player|p2|NotTheSpy5|2\n","uploadtime":1698963450,"views":3,"p1id":"ench1r1d1on","p2id":"notthespy5","formatid":"gen9nationaldexdoubles","rating":0,"private":0,"password":""}