{"id":"gen9nationaldexdoubles-1949491398","p1":"raunak43","p2":"Spiralfox01","format":"[Gen 9] National Dex Doubles","log":"|j|\u2606raunak43\n|j|\u2606Spiralfox01\n|t:|1695369250\n|gametype|doubles\n|player|p1|raunak43|hilbert|1208\n|player|p2|Spiralfox01|veteran-gen4|1095\n|teamsize|p1|6\n|teamsize|p2|6\n|gen|9\n|tier|[Gen 9] National Dex Doubles\n|rated|\n|rule|HP Percentage Mod: HP is shown in percentages\n|rule|Endless Battle Clause: Forcing endless battles is banned\n|rule|OHKO Clause: OHKO moves are banned\n|rule|Evasion Moves Clause: Evasion moves are banned\n|rule|Evasion Abilities Clause: Evasion abilities are banned\n|rule|Species Clause: Limit one of each Pok\u00e9mon\n|rule|Gravity Sleep Clause: The combination of sleep-inducing moves with imperfect accuracy and Gravity or Gigantamax Orbeetle are banned\n|clearpoke\n|poke|p1|Pelipper, M|\n|poke|p1|Cresselia, F|\n|poke|p1|Dragonite, M|\n|poke|p1|Swampert, M|\n|poke|p1|Flutter Mane|\n|poke|p1|Gothitelle, F|\n|poke|p2|Murkrow, F|\n|poke|p2|Basculegion-F, F|\n|poke|p2|Brambleghast, F|\n|poke|p2|Kilowattrel, M|\n|poke|p2|Amoonguss, M|\n|poke|p2|Typhlosion-Hisui, F|\n|teampreview\n|inactive|Battle timer is ON: inactive players will automatically lose when time's up. (requested by raunak43)\n|\n|t:|1695369271\n|start\n|switch|p1a: Flutter Mane|Flutter Mane|100\/100\n|switch|p1b: Gothitelle|Gothitelle, F|100\/100\n|switch|p2a: Insomnia|Murkrow, F|100\/100\n|switch|p2b: Mold Breaker|Basculegion-F, F|100\/100\n|turn|1\n|c|\u2606Spiralfox01|!dt damp\n|raw|<ul class=\"utilichart\"><li class=\"result\"><span class=\"col namecol\"><a href=\"https:\/\/dex.pokemonshowdown.com\/abilities\/damp\">Damp<\/a><\/span> <span class=\"col abilitydesccol\">Prevents Explosion\/Mind Blown\/Misty Explosion\/Self-Destruct\/Aftermath while active.<\/span> <\/li><li style=\"clear:both\"><\/li><\/ul>\n|raw|<font size=\"1\"><font color=\"#686868\">Gen:<\/font> 3&nbsp;|&ThickSpace;&#10003; Ignored by Mold Breaker<\/font>\n\n|-activate|p1a: Flutter Mane|item: Quick Claw\n|\n|t:|1695369293\n|-terastallize|p2b: Mold Breaker|Water\n|move|p2a: Insomnia|Tailwind|p2a: Insomnia\n|-sidestart|p2: Spiralfox01|move: Tailwind\n|move|p1a: Flutter Mane|Perish Song|p1a: Flutter Mane\n|-start|p1a: Flutter Mane|perish3|[silent]\n|-start|p1b: Gothitelle|perish3|[silent]\n|-start|p2a: Insomnia|perish3|[silent]\n|-start|p2b: Mold Breaker|perish3|[silent]\n|-fieldactivate|move: Perish Song\n|move|p2b: Mold Breaker|Surf|p1b: Gothitelle|[spread] p2a,p1a,p1b\n|-damage|p2a: Insomnia|20\/100\n|-damage|p1a: Flutter Mane|27\/100\n|-damage|p1b: Gothitelle|19\/100\n|-enditem|p1b: Gothitelle|Aguav Berry|[eat]\n|-heal|p1b: Gothitelle|52\/100|[from] item: Aguav Berry\n|move|p1b: Gothitelle|Hypnosis|p2b: Mold Breaker|[miss]\n|-miss|p1b: Gothitelle|p2b: Mold Breaker\n|\n|-start|p2b: Mold Breaker|perish3\n|-start|p1a: Flutter Mane|perish3\n|-start|p2a: Insomnia|perish3\n|-start|p1b: Gothitelle|perish3\n|upkeep\n|turn|2\n|-activate|p1a: Flutter Mane|item: Quick Claw\n|\n|t:|1695369316\n|move|p1b: Gothitelle|Endure|p1b: Gothitelle\n|-singleturn|p1b: Gothitelle|move: Endure\n|move|p2a: Insomnia|Mean Look|p1b: Gothitelle\n|-activate|p1b: Gothitelle|trapped\n|move|p1a: Flutter Mane|Dark Pulse|p2b: Mold Breaker\n|-damage|p2b: Mold Breaker|67\/100\n|cant|p2b: Mold Breaker|flinch\n|\n|-start|p2b: Mold Breaker|perish2\n|-start|p1a: Flutter Mane|perish2\n|-start|p2a: Insomnia|perish2\n|-start|p1b: Gothitelle|perish2\n|upkeep\n|turn|3\n|\n|t:|1695369337\n|move|p1a: Flutter Mane|Protect|p1a: Flutter Mane\n|-singleturn|p1a: Flutter Mane|Protect\n|move|p1b: Gothitelle|Protect|p1b: Gothitelle\n|-singleturn|p1b: Gothitelle|Protect\n|move|p2a: Insomnia|Mean Look||[still]\n|-fail|p2a: Insomnia\n|move|p2b: Mold Breaker|Surf|p1a: Flutter Mane|[spread] p2a\n|-activate|p1a: Flutter Mane|move: Protect\n|-activate|p1b: Gothitelle|move: Protect\n|-damage|p2a: Insomnia|0 fnt\n|faint|p2a: Insomnia\n|\n|-start|p2b: Mold Breaker|perish1\n|-start|p1a: Flutter Mane|perish1\n|-start|p1b: Gothitelle|perish1\n|upkeep\n|\n|t:|1695369354\n|switch|p2a: Wind Power|Kilowattrel, M|100\/100\n|turn|4\n|inactive|Spiralfox01 has 120 seconds left.\n|\n|t:|1695369387\n|-end|p1a: Flutter Mane|Protosynthesis|[silent]\n|switch|p1a: Pelipper|Pelipper, M|100\/100\n|-weather|RainDance|[from] ability: Drizzle|[of] p1a: Pelipper\n|switch|p1b: Swampert|Swampert, M|100\/100\n|move|p2a: Wind Power|Volt Switch|p1b: Swampert\n|-immune|p1b: Swampert\n|move|p2b: Mold Breaker|Surf|p1a: Pelipper|[spread] p2a,p1a,p1b\n|-crit|p2a: Wind Power\n|-resisted|p1a: Pelipper\n|-enditem|p2a: Wind Power|Focus Sash\n|-damage|p2a: Wind Power|1\/100\n|-damage|p1a: Pelipper|7\/100\n|-damage|p1b: Swampert|0 fnt\n|faint|p1b: Swampert\n|\n|-weather|RainDance|[upkeep]\n|-start|p2b: Mold Breaker|perish0\n|-sideend|p2: Spiralfox01|move: Tailwind\n|upkeep\n|faint|p2b: Mold Breaker\n|\n|t:|1695369412\n|switch|p2b: Infiltrator|Brambleghast, F|100\/100\n|switch|p1b: Flutter Mane|Flutter Mane|27\/100\n|turn|5\n|\n|t:|1695369426\n|move|p2b: Infiltrator|Shadow Sneak|p1b: Flutter Mane\n|-supereffective|p1b: Flutter Mane\n|-damage|p1b: Flutter Mane|0 fnt\n|faint|p1b: Flutter Mane\n|-end|p1b: Flutter Mane|Protosynthesis|[silent]\n|move|p2a: Wind Power|Tailwind|p2a: Wind Power\n|-sidestart|p2: Spiralfox01|move: Tailwind\n|-start|p2a: Wind Power|Charge|Tailwind|[from] ability: Wind Power\n|-ability|p2b: Infiltrator|Wind Rider|boost\n|-boost|p2b: Infiltrator|atk|1\n|move|p1a: Pelipper|Tailwind|p1a: Pelipper\n|-sidestart|p1: raunak43|move: Tailwind\n|\n|-weather|RainDance|[upkeep]\n|upkeep\n|\n|t:|1695369437\n|switch|p1b: Dragonite|Dragonite, M|100\/100\n|turn|6\n|l|\u2606raunak43\n|inactive|raunak43 disconnected and has a minute to reconnect!\n|player|p1|\n|inactive|Spiralfox01 has 120 seconds left.\n|j|\u2606raunak43\n|inactive|raunak43 reconnected.\n|player|p1|raunak43|hilbert\n|inactive|Spiralfox01 has 90 seconds left.\n|\n|t:|1695369498\n|move|p2b: Infiltrator|Shadow Sneak|p1b: Dragonite\n|-damage|p1b: Dragonite|64\/100\n|move|p2a: Wind Power|Electro Ball|p1b: Dragonite\n|-damage|p1b: Dragonite|11\/100\n|-end|p2a: Wind Power|Charge|[silent]\n|move|p1b: Dragonite|Rock Slide|p2b: Infiltrator|[spread] p2a,p2b\n|-supereffective|p2a: Wind Power\n|-damage|p2a: Wind Power|0 fnt\n|-damage|p2b: Infiltrator|63\/100\n|faint|p2a: Wind Power\n|move|p1a: Pelipper|Blizzard|p2b: Infiltrator\n|-ability|p2b: Infiltrator|Wind Rider|boost\n|-boost|p2b: Infiltrator|atk|1\n|\n|-weather|RainDance|[upkeep]\n|upkeep\n|inactive|Spiralfox01 has 90 seconds left.\n|\n|t:|1695369512\n|switch|p2a: Regenerator|Amoonguss, M|100\/100\n|turn|7\n|\n|t:|1695369530\n|switch|p1b: Cresselia|Cresselia, F|100\/100\n|move|p2a: Regenerator|Protect|p2a: Regenerator\n|-singleturn|p2a: Regenerator|Protect\n|move|p2b: Infiltrator|Shadow Sneak|p1b: Cresselia\n|-supereffective|p1b: Cresselia\n|-damage|p1b: Cresselia|29\/100\n|move|p1a: Pelipper|Shock Wave|p2b: Infiltrator\n|-resisted|p2b: Infiltrator\n|-damage|p2b: Infiltrator|46\/100\n|\n|-weather|RainDance|[upkeep]\n|upkeep\n|turn|8\n|inactive|Spiralfox01 has 120 seconds left.\n|\n|t:|1695369558\n|-terastallize|p1b: Cresselia|Electric\n|move|p2a: Regenerator|Rage Powder|p2a: Regenerator\n|-singleturn|p2a: Regenerator|move: Rage Powder\n|move|p2b: Infiltrator|Shadow Sneak|p1b: Cresselia\n|-damage|p1b: Cresselia|0 fnt\n|faint|p1b: Cresselia\n|move|p1a: Pelipper|Shock Wave|p2a: Regenerator\n|-resisted|p2a: Regenerator\n|-damage|p2a: Regenerator|92\/100\n|\n|-weather|RainDance|[upkeep]\n|-sideend|p2: Spiralfox01|move: Tailwind\n|-sideend|p1: raunak43|move: Tailwind\n|upkeep\n|inactive|raunak43 has 120 seconds left.\n|\n|t:|1695369572\n|switch|p1b: Gothitelle|Gothitelle, F|52\/100\n|turn|9\n|\n|t:|1695369584\n|move|p2a: Regenerator|Protect|p2a: Regenerator\n|-singleturn|p2a: Regenerator|Protect\n|move|p2b: Infiltrator|Shadow Sneak|p1b: Gothitelle\n|-supereffective|p1b: Gothitelle\n|-damage|p1b: Gothitelle|0 fnt\n|faint|p1b: Gothitelle\n|move|p1a: Pelipper|Shock Wave|p2b: Infiltrator\n|-resisted|p2b: Infiltrator\n|-damage|p2b: Infiltrator|30\/100\n|\n|-weather|RainDance|[upkeep]\n|upkeep\n|\n|t:|1695369597\n|switch|p1b: Dragonite|Dragonite, M|11\/100\n|turn|10\n|\n|t:|1695369619\n|move|p2a: Regenerator|Rage Powder|p2a: Regenerator\n|-singleturn|p2a: Regenerator|move: Rage Powder\n|move|p2b: Infiltrator|Shadow Sneak|p1b: Dragonite\n|-damage|p1b: Dragonite|0 fnt\n|faint|p1b: Dragonite\n|move|p1a: Pelipper|Blizzard|p2b: Infiltrator|[spread] p2a\n|-ability|p2b: Infiltrator|Wind Rider|boost\n|-boost|p2b: Infiltrator|atk|1\n|-supereffective|p2a: Regenerator\n|-damage|p2a: Regenerator|48\/100\n|\n|-weather|RainDance|[upkeep]\n|upkeep\n|turn|11\n|\n|t:|1695369630\n|move|p2a: Regenerator|Protect|p2a: Regenerator\n|-singleturn|p2a: Regenerator|Protect\n|move|p2b: Infiltrator|Shadow Sneak|p1a: Pelipper\n|-damage|p1a: Pelipper|0 fnt\n|faint|p1a: Pelipper\n|\n|win|Spiralfox01\n|raw|raunak43's rating: 1208 &rarr; <strong>1176<\/strong><br \/>(-32 for losing)\n|raw|Spiralfox01's rating: 1114 &rarr; <strong>1146<\/strong><br \/>(+32 for winning)\n|c|\u2606Spiralfox01|gg\n","uploadtime":1695370089,"views":13,"p1id":"raunak43","p2id":"spiralfox01","formatid":"gen9nationaldexdoubles","rating":1146,"private":0,"password":""}