{"id":"gen9nationaldexdoubles-1950370467","p1":"prime637rumour","p2":"theOhgdhdhdhdhdhdh","format":"[Gen 9] National Dex Doubles","log":"|j|\u2606prime637rumour\n|j|\u2606theOhgdhdhdhdhdhdh\n|t:|1695463325\n|gametype|doubles\n|player|p1|prime637rumour|volkner|1000\n|player|p2|theOhgdhdhdhdhdhdh|acetrainer-gen4dp|1000\n|teamsize|p1|6\n|teamsize|p2|6\n|gen|9\n|tier|[Gen 9] National Dex Doubles\n|rated|\n|rule|HP Percentage Mod: HP is shown in percentages\n|rule|Endless Battle Clause: Forcing endless battles is banned\n|rule|OHKO Clause: OHKO moves are banned\n|rule|Evasion Moves Clause: Evasion moves are banned\n|rule|Evasion Abilities Clause: Evasion abilities are banned\n|rule|Species Clause: Limit one of each Pok\u00e9mon\n|rule|Gravity Sleep Clause: The combination of sleep-inducing moves with imperfect accuracy and Gravity or Gigantamax Orbeetle are banned\n|clearpoke\n|poke|p1|Mienshao, F|\n|poke|p1|Gallade, M|\n|poke|p1|Dragonite, F|\n|poke|p1|Armarouge, F|\n|poke|p1|Scizor, M|\n|poke|p1|Empoleon, M|\n|poke|p2|Aerodactyl, M|\n|poke|p2|Marowak, M|\n|poke|p2|Clefable, F|\n|poke|p2|Hypno, M|\n|poke|p2|Nidoking, M|\n|poke|p2|Gyarados, F|\n|teampreview\n|\n|t:|1695463335\n|start\n|switch|p1a: Armarouge|Armarouge, F|100\/100\n|switch|p1b: Scizor|Scizor, M|100\/100\n|switch|p2a: Marowak|Marowak, M|100\/100\n|switch|p2b: Gyarados|Gyarados, F|100\/100\n|-ability|p2b: Gyarados|Intimidate|boost\n|-unboost|p1a: Armarouge|atk|1\n|-unboost|p1b: Scizor|atk|1\n|turn|1\n|\n|t:|1695463384\n|switch|p1b: Gallade|Gallade, M|100\/100\n|move|p2a: Marowak|Detect|p2a: Marowak\n|-singleturn|p2a: Marowak|Protect\n|move|p2b: Gyarados|Waterfall|p1a: Armarouge\n|-supereffective|p1a: Armarouge\n|-damage|p1a: Armarouge|33\/100\n|cant|p1a: Armarouge|flinch\n|\n|upkeep\n|turn|2\n|\n|t:|1695463422\n|-terastallize|p2a: Marowak|Ghost\n|move|p2b: Gyarados|Protect|p2b: Gyarados\n|-singleturn|p2b: Gyarados|Protect\n|move|p1b: Gallade|Swords Dance|p1b: Gallade\n|-boost|p1b: Gallade|atk|2\n|move|p1a: Armarouge|Destiny Bond|p1a: Armarouge\n|-singlemove|p1a: Armarouge|Destiny Bond\n|move|p2a: Marowak|Earthquake|p1a: Armarouge|[spread] p1a,p1b\n|-activate|p2b: Gyarados|move: Protect\n|-supereffective|p1a: Armarouge\n|-damage|p1a: Armarouge|0 fnt\n|-damage|p1b: Gallade|62\/100\n|faint|p1a: Armarouge\n|-activate|p1a: Armarouge|move: Destiny Bond\n|faint|p2a: Marowak\n|\n|upkeep\n|\n|t:|1695463448\n|switch|p1a: Mienshao|Mienshao, F|100\/100\n|switch|p2a: Hypno|Hypno, M|100\/100\n|turn|3\n|\n|t:|1695463487\n|move|p1a: Mienshao|Blaze Kick|p2a: Hypno\n|-damage|p2a: Hypno|47\/100\n|-enditem|p2a: Hypno|Sitrus Berry|[eat]\n|-heal|p2a: Hypno|72\/100|[from] item: Sitrus Berry\n|move|p2b: Gyarados|Attract|p1b: Gallade\n|-start|p1b: Gallade|Attract\n|-activate|p1b: Gallade|move: Attract|[of] p2b: Gyarados\n|cant|p1b: Gallade|Attract\n|move|p2a: Hypno|Skill Swap|p1b: Gallade\n|-activate|p2a: Hypno|move: Skill Swap|Sharpness|Insomnia|[of] p1b: Gallade\n|\n|upkeep\n|turn|4\n|\n|t:|1695463522\n|move|p2b: Gyarados|Protect|p2b: Gyarados\n|-singleturn|p2b: Gyarados|Protect\n|move|p1a: Mienshao|Blaze Kick|p2a: Hypno\n|-damage|p2a: Hypno|21\/100\n|-activate|p1b: Gallade|move: Attract|[of] p2b: Gyarados\n|move|p1b: Gallade|Psycho Cut|p2b: Gyarados\n|-activate|p2b: Gyarados|move: Protect\n|move|p2a: Hypno|Thunder Wave|p1a: Mienshao\n|-status|p1a: Mienshao|par\n|\n|upkeep\n|turn|5\n|\n|t:|1695463547\n|move|p2b: Gyarados|Waterfall|p1a: Mienshao\n|-damage|p1a: Mienshao|35\/100 par\n|-activate|p1b: Gallade|move: Attract|[of] p2b: Gyarados\n|cant|p1b: Gallade|Attract\n|move|p1a: Mienshao|Blaze Kick|p2a: Hypno\n|-damage|p2a: Hypno|0 fnt\n|faint|p2a: Hypno\n|\n|upkeep\n|\n|t:|1695463560\n|switch|p2a: Aerodactyl|Aerodactyl, M|100\/100\n|-ability|p2a: Aerodactyl|Pressure\n|turn|6\n|\n|t:|1695463576\n|move|p2a: Aerodactyl|Psychic Fangs|p1a: Mienshao\n|-supereffective|p1a: Mienshao\n|-damage|p1a: Mienshao|0 fnt\n|faint|p1a: Mienshao\n|-damage|p2a: Aerodactyl|91\/100|[from] item: Life Orb\n|move|p2b: Gyarados|Waterfall|p1b: Gallade\n|-damage|p1b: Gallade|0 fnt\n|faint|p1b: Gallade\n|\n|upkeep\n|\n|t:|1695463588\n|switch|p1a: Dragonite|Dragonite, F|100\/100\n|switch|p1b: Scizor|Scizor, M|100\/100\n|turn|7\n|\n|t:|1695463606\n|move|p2a: Aerodactyl|Detect|p2a: Aerodactyl\n|-singleturn|p2a: Aerodactyl|Protect\n|move|p1a: Dragonite|Extreme Speed|p2a: Aerodactyl\n|-activate|p2a: Aerodactyl|move: Protect\n|move|p2b: Gyarados|Attract|p1a: Dragonite\n|-immune|p1a: Dragonite\n|move|p1b: Scizor|Swords Dance|p1b: Scizor\n|-boost|p1b: Scizor|atk|2\n|\n|upkeep\n|turn|8\n|\n|t:|1695463630\n|switch|p2a: Nidoking|Nidoking, M|100\/100\n|move|p2b: Gyarados|Protect|p2b: Gyarados\n|-singleturn|p2b: Gyarados|Protect\n|move|p1a: Dragonite|Extreme Speed|p2b: Gyarados\n|-activate|p2b: Gyarados|move: Protect\n|move|p1b: Scizor|Bullet Punch|p2a: Nidoking\n|-damage|p2a: Nidoking|26\/100\n|-damage|p1b: Scizor|84\/100|[from] item: Rocky Helmet|[of] p2a: Nidoking\n|\n|upkeep\n|turn|9\n|\n|t:|1695463651\n|move|p1a: Dragonite|Extreme Speed|p2a: Nidoking\n|-damage|p2a: Nidoking|0 fnt\n|-damage|p1a: Dragonite|84\/100|[from] item: Rocky Helmet|[of] p2a: Nidoking\n|faint|p2a: Nidoking\n|move|p1b: Scizor|Bullet Punch|p2b: Gyarados\n|-resisted|p2b: Gyarados\n|-damage|p2b: Gyarados|65\/100\n|move|p2b: Gyarados|Attract|p2: Nidoking|[notarget]\n|-fail|p2b: Gyarados\n|\n|upkeep\n|\n|t:|1695463666\n|switch|p2a: Aerodactyl|Aerodactyl, M|91\/100\n|-ability|p2a: Aerodactyl|Pressure\n|turn|10\n|\n|t:|1695463696\n|detailschange|p2b: Gyarados|Gyarados-Mega, F\n|-mega|p2b: Gyarados|Gyarados|Gyaradosite\n|-ability|p2b: Gyarados|Mold Breaker\n|move|p1a: Dragonite|Extreme Speed|p2a: Aerodactyl\n|-resisted|p2a: Aerodactyl\n|-damage|p2a: Aerodactyl|67\/100\n|move|p1b: Scizor|Bullet Punch|p2a: Aerodactyl\n|-supereffective|p2a: Aerodactyl\n|-damage|p2a: Aerodactyl|0 fnt\n|faint|p2a: Aerodactyl\n|move|p2b: Gyarados|Waterfall|p1b: Scizor\n|-damage|p1b: Scizor|36\/100\n|\n|upkeep\n|\n|t:|1695463710\n|switch|p2a: Clefable|Clefable, F|100\/100\n|turn|11\n|\n|t:|1695463722\n|move|p1a: Dragonite|Extreme Speed|p2b: Gyarados\n|-damage|p2b: Gyarados|40\/100\n|move|p1b: Scizor|Bullet Punch|p2b: Gyarados\n|-resisted|p2b: Gyarados\n|-crit|p2b: Gyarados\n|-damage|p2b: Gyarados|2\/100\n|move|p2b: Gyarados|Waterfall|p1b: Scizor\n|-damage|p1b: Scizor|0 fnt\n|faint|p1b: Scizor\n|move|p2a: Clefable|Flamethrower|p1a: Dragonite\n|-resisted|p1a: Dragonite\n|-damage|p1a: Dragonite|74\/100\n|\n|upkeep\n|\n|t:|1695463730\n|switch|p1b: Empoleon|Empoleon, M|100\/100\n|turn|12\n|\n|t:|1695463744\n|move|p2b: Gyarados|Protect|p2b: Gyarados\n|-singleturn|p2b: Gyarados|Protect\n|move|p1b: Empoleon|Protect|p1b: Empoleon\n|-singleturn|p1b: Empoleon|Protect\n|move|p1a: Dragonite|Extreme Speed|p2b: Gyarados\n|-activate|p2b: Gyarados|move: Protect\n|move|p2a: Clefable|Draining Kiss|p1a: Dragonite\n|-supereffective|p1a: Dragonite\n|-damage|p1a: Dragonite|37\/100\n|\n|upkeep\n|turn|13\n|\n|t:|1695463777\n|-terastallize|p1a: Dragonite|Dragon\n|move|p2b: Gyarados|Attract|p1b: Empoleon\n|-start|p1b: Empoleon|Attract\n|move|p1a: Dragonite|Outrage|p2b: Gyarados\n|-damage|p2b: Gyarados|0 fnt\n|faint|p2b: Gyarados\n|-end|p1b: Empoleon|Attract|[silent]\n|move|p2a: Clefable|Draining Kiss|p1a: Dragonite\n|-supereffective|p1a: Dragonite\n|-damage|p1a: Dragonite|0 fnt\n|faint|p1a: Dragonite\n|move|p1b: Empoleon|Scald|p2a: Clefable\n|-damage|p2a: Clefable|72\/100\n|-status|p2a: Clefable|brn\n|\n|-heal|p2a: Clefable|78\/100 brn|[from] item: Leftovers\n|upkeep\n|turn|14\n|\n|t:|1695463803\n|move|p2a: Clefable|Detect|p2a: Clefable\n|-singleturn|p2a: Clefable|Protect\n|move|p1b: Empoleon|Blizzard|p2a: Clefable\n|-activate|p2a: Clefable|move: Protect\n|\n|-heal|p2a: Clefable|84\/100 brn|[from] item: Leftovers\n|upkeep\n|turn|15\n|\n|t:|1695463815\n|move|p2a: Clefable|Flamethrower|p1b: Empoleon\n|-damage|p1b: Empoleon|77\/100\n|move|p1b: Empoleon|Blizzard|p2a: Clefable|[miss]\n|-miss|p1b: Empoleon|p2a: Clefable\n|\n|-heal|p2a: Clefable|90\/100 brn|[from] item: Leftovers\n|upkeep\n|turn|16\n|\n|t:|1695463825\n|move|p2a: Clefable|Detect|p2a: Clefable\n|-singleturn|p2a: Clefable|Protect\n|move|p1b: Empoleon|Blizzard|p2a: Clefable\n|-activate|p2a: Clefable|move: Protect\n|\n|-heal|p2a: Clefable|96\/100 brn|[from] item: Leftovers\n|upkeep\n|turn|17\n|\n|t:|1695463837\n|move|p2a: Clefable|Flamethrower|p1b: Empoleon\n|-damage|p1b: Empoleon|54\/100\n|move|p1b: Empoleon|Blizzard|p2a: Clefable\n|-damage|p2a: Clefable|73\/100 brn\n|\n|-heal|p2a: Clefable|79\/100 brn|[from] item: Leftovers\n|upkeep\n|turn|18\n|\n|t:|1695463848\n|move|p2a: Clefable|Detect|p2a: Clefable\n|-singleturn|p2a: Clefable|Protect\n|move|p1b: Empoleon|Hydro Pump|p2a: Clefable\n|-activate|p2a: Clefable|move: Protect\n|\n|-heal|p2a: Clefable|86\/100 brn|[from] item: Leftovers\n|upkeep\n|turn|19\n|\n|t:|1695463859\n|move|p1b: Empoleon|Protect|p1b: Empoleon\n|-singleturn|p1b: Empoleon|Protect\n|move|p2a: Clefable|Flamethrower|p1b: Empoleon\n|-activate|p1b: Empoleon|move: Protect\n|\n|-heal|p2a: Clefable|92\/100 brn|[from] item: Leftovers\n|upkeep\n|turn|20\n|\n|t:|1695463876\n|move|p2a: Clefable|Detect|p2a: Clefable\n|-singleturn|p2a: Clefable|Protect\n|move|p1b: Empoleon|Hydro Pump|p2a: Clefable\n|-activate|p2a: Clefable|move: Protect\n|\n|-heal|p2a: Clefable|98\/100 brn|[from] item: Leftovers\n|upkeep\n|turn|21\n|\n|t:|1695463887\n|move|p2a: Clefable|Flamethrower|p1b: Empoleon\n|-damage|p1b: Empoleon|34\/100\n|move|p1b: Empoleon|Hydro Pump|p2a: Clefable\n|-damage|p2a: Clefable|57\/100 brn\n|\n|-heal|p2a: Clefable|63\/100 brn|[from] item: Leftovers\n|upkeep\n|turn|22\n|\n|t:|1695463913\n|move|p2a: Clefable|Detect|p2a: Clefable\n|-singleturn|p2a: Clefable|Protect\n|move|p1b: Empoleon|Hydro Pump|p2a: Clefable\n|-activate|p2a: Clefable|move: Protect\n|\n|-heal|p2a: Clefable|69\/100 brn|[from] item: Leftovers\n|upkeep\n|turn|23\n|\n|t:|1695463924\n|move|p2a: Clefable|Moonlight|p2a: Clefable\n|-heal|p2a: Clefable|100\/100 brn\n|move|p1b: Empoleon|Hydro Pump|p2a: Clefable\n|-damage|p2a: Clefable|60\/100 brn\n|\n|-heal|p2a: Clefable|66\/100 brn|[from] item: Leftovers\n|upkeep\n|turn|24\n|\n|t:|1695463934\n|move|p2a: Clefable|Detect|p2a: Clefable\n|-singleturn|p2a: Clefable|Protect\n|move|p1b: Empoleon|Hydro Pump|p2a: Clefable\n|-activate|p2a: Clefable|move: Protect\n|\n|-heal|p2a: Clefable|72\/100 brn|[from] item: Leftovers\n|upkeep\n|turn|25\n|\n|t:|1695463945\n|move|p1b: Empoleon|Protect|p1b: Empoleon\n|-singleturn|p1b: Empoleon|Protect\n|move|p2a: Clefable|Moonlight|p2a: Clefable\n|-heal|p2a: Clefable|100\/100 brn\n|\n|upkeep\n|turn|26\n|\n|t:|1695463955\n|move|p1b: Empoleon|Scald|p2a: Clefable\n|-damage|p2a: Clefable|69\/100 brn\n|move|p2a: Clefable|Flamethrower|p1b: Empoleon\n|-damage|p1b: Empoleon|11\/100\n|\n|-heal|p2a: Clefable|75\/100 brn|[from] item: Leftovers\n|upkeep\n|turn|27\n|\n|t:|1695463965\n|move|p2a: Clefable|Detect|p2a: Clefable\n|-singleturn|p2a: Clefable|Protect\n|move|p1b: Empoleon|Hydro Pump|p2a: Clefable\n|-activate|p2a: Clefable|move: Protect\n|\n|-heal|p2a: Clefable|81\/100 brn|[from] item: Leftovers\n|upkeep\n|turn|28\n|\n|t:|1695463975\n|move|p2a: Clefable|Moonlight|p2a: Clefable\n|-heal|p2a: Clefable|100\/100 brn\n|move|p1b: Empoleon|Scald|p2a: Clefable\n|-damage|p2a: Clefable|55\/100 brn\n|\n|-heal|p2a: Clefable|61\/100 brn|[from] item: Leftovers\n|upkeep\n|turn|29\n|\n|t:|1695463985\n|move|p2a: Clefable|Detect|p2a: Clefable\n|-singleturn|p2a: Clefable|Protect\n|move|p1b: Empoleon|Protect||[still]\n|-fail|p1b: Empoleon\n|\n|-heal|p2a: Clefable|67\/100 brn|[from] item: Leftovers\n|upkeep\n|turn|30\n|\n|t:|1695464006\n|move|p1b: Empoleon|Scald|p2a: Clefable\n|-damage|p2a: Clefable|26\/100 brn\n|move|p2a: Clefable|Flamethrower|p1b: Empoleon\n|-damage|p1b: Empoleon|0 fnt\n|faint|p1b: Empoleon\n|\n|win|theOhgdhdhdhdhdhdh\n|raw|prime637rumour's rating: 1000 &rarr; <strong>1000<\/strong><br \/>(+0 for losing)\n|raw|theOhgdhdhdhdhdhdh's rating: 1000 &rarr; <strong>1040<\/strong><br \/>(+40 for winning)\n","uploadtime":1695464028,"views":5,"p1id":"prime637rumour","p2id":"theohgdhdhdhdhdhdh","formatid":"gen9nationaldexdoubles","rating":1000,"private":0,"password":""}