{"id":"gen9nationaldexdoubles-1994128404","p1":"trnchi","p2":"WillowBi","format":"[Gen 9] National Dex Doubles","log":"|j|\u2606trnchi\n|j|\u2606WillowBi\n|t:|1700410235\n|gametype|doubles\n|player|p1|trnchi|2|\n|player|p2|WillowBi|lady|\n|teamsize|p1|6\n|teamsize|p2|6\n|gen|9\n|tier|[Gen 9] National Dex Doubles\n|rule|HP Percentage Mod: HP is shown in percentages\n|rule|Endless Battle Clause: Forcing endless battles is banned\n|rule|OHKO Clause: OHKO moves are banned\n|rule|Evasion Moves Clause: Evasion moves are banned\n|rule|Evasion Abilities Clause: Evasion abilities are banned\n|rule|Species Clause: Limit one of each Pok\u00e9mon\n|rule|Gravity Sleep Clause: The combination of sleep-inducing moves with imperfect accuracy and Gravity or Gigantamax Orbeetle are banned\n|clearpoke\n|poke|p1|Bulbasaur, M|\n|poke|p1|Torchic, M|\n|poke|p1|Mudkip, F|\n|poke|p1|Litten, F|\n|poke|p1|Pichu, M|\n|poke|p1|Riolu, M|\n|poke|p2|Totodile, M|\n|poke|p2|Scorbunny, M|\n|poke|p2|Riolu, M|\n|poke|p2|Grookey, M|\n|poke|p2|Larvitar, F|\n|poke|p2|Fuecoco, F|\n|teampreview\n|\n|t:|1700410262\n|start\n|switch|p1a: Pichu|Pichu, M|100\/100\n|switch|p1b: Litten|Litten, F|100\/100\n|switch|p2a: Totodile|Totodile, M|100\/100\n|switch|p2b: Riolu|Riolu, M|100\/100\n|-ability|p1b: Litten|Intimidate|boost\n|-unboost|p2a: Totodile|atk|1\n|-fail|p2b: Riolu|unboost|Attack|[from] ability: Inner Focus|[of] p2b: Riolu\n|turn|1\n|\n|t:|1700410316\n|move|p1a: Pichu|Fake Out|p2a: Totodile\n|-damage|p2a: Totodile|93\/100\n|cant|p2a: Totodile|flinch\n|move|p1b: Litten|U-turn|p2a: Totodile\n|-damage|p2a: Totodile|71\/100\n|\n|t:|1700410324\n|switch|p1b: Bulbasaur|Bulbasaur, M|100\/100|[from] U-turn\n|move|p2b: Riolu|Close Combat|p1a: Pichu\n|-enditem|p1a: Pichu|Focus Sash\n|-damage|p1a: Pichu|1\/100\n|-unboost|p2b: Riolu|def|1\n|-unboost|p2b: Riolu|spd|1\n|\n|upkeep\n|turn|2\n|\n|t:|1700410537\n|move|p1a: Pichu|Protect|p1a: Pichu\n|-singleturn|p1a: Pichu|Protect\n|move|p2b: Riolu|Close Combat|p1b: Bulbasaur\n|-resisted|p1b: Bulbasaur\n|-damage|p1b: Bulbasaur|67\/100\n|-unboost|p2b: Riolu|def|1\n|-unboost|p2b: Riolu|spd|1\n|move|p2a: Totodile|Ice Punch|p1a: Pichu\n|-activate|p1a: Pichu|move: Protect\n|move|p1b: Bulbasaur|Leech Seed|p2b: Riolu\n|-start|p2b: Riolu|move: Leech Seed\n|\n|-heal|p1b: Bulbasaur|74\/100|[from] item: Leftovers\n|-damage|p2b: Riolu|88\/100|[from] Leech Seed|[of] p1b: Bulbasaur\n|-heal|p1b: Bulbasaur|84\/100|[silent]\n|upkeep\n|turn|3\n|\n|t:|1700410577\n|move|p2b: Riolu|Poison Jab|p1b: Bulbasaur\n|-damage|p1b: Bulbasaur|53\/100\n|move|p1a: Pichu|Nuzzle|p2a: Totodile\n|-supereffective|p2a: Totodile\n|-damage|p2a: Totodile|58\/100\n|-status|p2a: Totodile|par\n|move|p1b: Bulbasaur|Giga Drain|p2a: Totodile\n|-supereffective|p2a: Totodile\n|-damage|p2a: Totodile|0 fnt\n|-heal|p1b: Bulbasaur|85\/100|[from] drain|[of] p2a: Totodile\n|faint|p2a: Totodile\n|\n|-heal|p1b: Bulbasaur|91\/100|[from] item: Leftovers\n|-damage|p2b: Riolu|76\/100|[from] Leech Seed|[of] p1b: Bulbasaur\n|-heal|p1b: Bulbasaur|100\/100|[silent]\n|upkeep\n|\n|t:|1700410603\n|switch|p2a: Scorbunny|Scorbunny, M|100\/100\n|turn|4\n|\n|t:|1700410645\n|-terastallize|p1b: Bulbasaur|Water\n|move|p2b: Riolu|Close Combat|p1a: Pichu\n|-damage|p1a: Pichu|0 fnt\n|-unboost|p2b: Riolu|def|1\n|-unboost|p2b: Riolu|spd|1\n|faint|p1a: Pichu\n|move|p2a: Scorbunny|Gunk Shot|p1b: Bulbasaur\n|-start|p2a: Scorbunny|typechange|Poison|[from] ability: Libero\n|-damage|p1b: Bulbasaur|0 fnt\n|faint|p1b: Bulbasaur\n|\n|upkeep\n|\n|t:|1700410698\n|switch|p1a: Torchic|Torchic, M|100\/100\n|switch|p1b: Riolu|Riolu, M|100\/100\n|turn|5\n|\n|t:|1700410729\n|switch|p2a: Larvitar|Larvitar, F|100\/100\n|move|p1a: Torchic|Protect|p1a: Torchic\n|-singleturn|p1a: Torchic|Protect\n|move|p2b: Riolu|Close Combat|p1b: Riolu\n|-damage|p1b: Riolu|8\/100\n|-unboost|p2b: Riolu|def|1\n|-unboost|p2b: Riolu|spd|1\n|move|p1b: Riolu|Earthquake|p2a: Larvitar|[spread] p2a,p2b\n|-activate|p1a: Torchic|move: Protect\n|-supereffective|p2a: Larvitar\n|-damage|p2a: Larvitar|40\/100\n|-damage|p2b: Riolu|0 fnt\n|faint|p2b: Riolu\n|-damage|p1b: Riolu|0 fnt|[from] item: Life Orb\n|faint|p1b: Riolu\n|\n|-ability|p1a: Torchic|Speed Boost|boost\n|-boost|p1a: Torchic|spe|1\n|-status|p2a: Larvitar|brn|[from] item: Flame Orb\n|upkeep\n|\n|t:|1700410759\n|switch|p2b: Fuecoco|Fuecoco, F|100\/100\n|switch|p1b: Mudkip|Mudkip, F|100\/100\n|turn|6\n|\n|t:|1700410824\n|move|p2b: Fuecoco|Protect|p2b: Fuecoco\n|-singleturn|p2b: Fuecoco|Protect\n|move|p1a: Torchic|Flamethrower|p2a: Larvitar\n|-resisted|p2a: Larvitar\n|-damage|p2a: Larvitar|17\/100 brn\n|-damage|p1a: Torchic|91\/100|[from] item: Life Orb\n|move|p2a: Larvitar|Earthquake|p1a: Torchic|[spread] p1a,p1b\n|-activate|p2b: Fuecoco|move: Protect\n|-supereffective|p1a: Torchic\n|-damage|p1a: Torchic|0 fnt\n|-damage|p1b: Mudkip|45\/100\n|faint|p1a: Torchic\n|move|p1b: Mudkip|Waterfall|p2b: Fuecoco\n|-activate|p2b: Fuecoco|move: Protect\n|\n|-damage|p2a: Larvitar|11\/100 brn|[from] brn\n|upkeep\n|\n|t:|1700410840\n|switch|p1a: Litten|Litten, F|100\/100\n|-ability|p1a: Litten|Intimidate|boost\n|-unboost|p2a: Larvitar|atk|1\n|-unboost|p2b: Fuecoco|atk|1\n|turn|7\n|\n|t:|1700410896\n|-terastallize|p2b: Fuecoco|Grass\n|move|p1a: Litten|Outrage|p2b: Fuecoco\n|-damage|p2b: Fuecoco|45\/100\n|move|p2a: Larvitar|Earthquake|p1a: Litten|[spread] p2b,p1a,p1b\n|-resisted|p2b: Fuecoco\n|-supereffective|p1a: Litten\n|-damage|p2b: Fuecoco|24\/100\n|-damage|p1a: Litten|0 fnt\n|-damage|p1b: Mudkip|8\/100\n|faint|p1a: Litten\n|-zpower|p1b: Mudkip\n|move|p1b: Mudkip|Hydro Vortex|p2b: Fuecoco|[zeffect]\n|-resisted|p2b: Fuecoco\n|-damage|p2b: Fuecoco|0 fnt\n|faint|p2b: Fuecoco\n|\n|-damage|p2a: Larvitar|5\/100 brn|[from] brn\n|upkeep\n|\n|t:|1700410940\n|switch|p2b: Grookey|Grookey, M|100\/100\n|-fieldstart|move: Grassy Terrain|[from] ability: Grassy Surge|[of] p2b: Grookey\n|turn|8\n|\n|t:|1700410949\n|move|p2b: Grookey|Drain Punch|p1b: Mudkip\n|-damage|p1b: Mudkip|0 fnt\n|faint|p1b: Mudkip\n|\n|win|WillowBi\n|l|\u2606WillowBi\n","uploadtime":1700410985,"views":6,"p1id":"trnchi","p2id":"willowbi","formatid":"gen9nationaldexdoubles","rating":0,"private":0,"password":""}