{"id":"gen9nationaldexdoubles-1955988354","p1":"L0rdBagel","p2":"ToastSlayer","format":"[Gen 9] National Dex Doubles","log":"|j|\u2606L0rdBagel\n|j|\u2606ToastSlayer\n|t:|1696053142\n|gametype|doubles\n|player|p1|L0rdBagel|juan|\n|player|p2|ToastSlayer|crasherwake|\n|teamsize|p1|6\n|teamsize|p2|6\n|gen|9\n|tier|[Gen 9] National Dex Doubles\n|rule|HP Percentage Mod: HP is shown in percentages\n|rule|Endless Battle Clause: Forcing endless battles is banned\n|rule|OHKO Clause: OHKO moves are banned\n|rule|Evasion Moves Clause: Evasion moves are banned\n|rule|Evasion Abilities Clause: Evasion abilities are banned\n|rule|Species Clause: Limit one of each Pok\u00e9mon\n|rule|Gravity Sleep Clause: The combination of sleep-inducing moves with imperfect accuracy and Gravity or Gigantamax Orbeetle are banned\n|clearpoke\n|poke|p1|Pelipper, M|\n|poke|p1|Swampert, F|\n|poke|p1|Golisopod, F|\n|poke|p1|Rotom-Wash|\n|poke|p1|Gyarados, M|\n|poke|p1|Empoleon, F|\n|poke|p2|Lickitung, F|\n|poke|p2|Corviknight, F|\n|poke|p2|Ribombee, F|\n|poke|p2|Lopunny, M|\n|poke|p2|Kartana|\n|poke|p2|Illumise, F|\n|teampreview\n|inactive|Battle timer is ON: inactive players will automatically lose when time's up. (requested by ToastSlayer)\n|\n|t:|1696053149\n|start\n|switch|p1a: Pelipper|Pelipper, M|100\/100\n|switch|p1b: Golisopod|Golisopod, F|100\/100\n|switch|p2a: Kartana|Kartana|100\/100\n|switch|p2b: Illumise|Illumise, F|100\/100\n|-weather|RainDance|[from] ability: Drizzle|[of] p1a: Pelipper\n|turn|1\n|\n|t:|1696053174\n|switch|p2a: Corviknight|Corviknight, F|100\/100\n|-ability|p2a: Corviknight|Pressure\n|switch|p2b: Ribombee|Ribombee, F|100\/100\n|move|p1b: Golisopod|First Impression|p2a: Corviknight\n|-resisted|p2a: Corviknight\n|-damage|p2a: Corviknight|89\/100\n|move|p1a: Pelipper|Tailwind|p1a: Pelipper\n|-sidestart|p1: L0rdBagel|move: Tailwind\n|\n|-weather|RainDance|[upkeep]\n|-heal|p2a: Corviknight|95\/100|[from] item: Leftovers\n|upkeep\n|turn|2\n|\n|t:|1696053196\n|move|p2b: Ribombee|Sticky Web|p1a: Pelipper\n|-sidestart|p1: L0rdBagel|move: Sticky Web\n|move|p1a: Pelipper|Air Slash|p2b: Ribombee\n|-supereffective|p2b: Ribombee\n|-enditem|p2b: Ribombee|Focus Sash\n|-damage|p2b: Ribombee|1\/100\n|move|p1b: Golisopod|Waterfall|p2a: Corviknight\n|-damage|p2a: Corviknight|40\/100\n|move|p2a: Corviknight|Iron Defense|p2a: Corviknight\n|-boost|p2a: Corviknight|def|2\n|\n|-weather|RainDance|[upkeep]\n|-heal|p2a: Corviknight|47\/100|[from] item: Leftovers\n|upkeep\n|turn|3\n|\n|t:|1696053213\n|move|p2b: Ribombee|Pollen Puff|p2a: Corviknight\n|-heal|p2a: Corviknight|96\/100\n|move|p1a: Pelipper|Air Slash|p2b: Ribombee\n|-supereffective|p2b: Ribombee\n|-damage|p2b: Ribombee|0 fnt\n|faint|p2b: Ribombee\n|move|p1b: Golisopod|Waterfall|p2a: Corviknight\n|-damage|p2a: Corviknight|64\/100\n|move|p2a: Corviknight|Iron Defense|p2a: Corviknight\n|-boost|p2a: Corviknight|def|2\n|\n|-weather|RainDance|[upkeep]\n|-heal|p2a: Corviknight|70\/100|[from] item: Leftovers\n|upkeep\n|inactive|ToastSlayer has 270 seconds left.\n|\n|t:|1696053237\n|switch|p2b: Lickitung|Lickitung, F|100\/100\n|turn|4\n|\n|t:|1696053249\n|move|p2b: Lickitung|Protect|p2b: Lickitung\n|-singleturn|p2b: Lickitung|Protect\n|move|p1a: Pelipper|Weather Ball|p2a: Corviknight\n|-damage|p2a: Corviknight|12\/100\n|move|p1b: Golisopod|Brick Break|p2b: Lickitung\n|-activate|p2b: Lickitung|move: Protect\n|move|p2a: Corviknight|Iron Defense|p2a: Corviknight\n|-boost|p2a: Corviknight|def|2\n|\n|-weather|RainDance|[upkeep]\n|-heal|p2a: Corviknight|18\/100|[from] item: Leftovers\n|-sideend|p1: L0rdBagel|move: Tailwind\n|upkeep\n|turn|5\n|\n|t:|1696053269\n|switch|p2b: Illumise|Illumise, F|100\/100\n|move|p2a: Corviknight|Roost|p2a: Corviknight\n|-heal|p2a: Corviknight|69\/100\n|-singleturn|p2a: Corviknight|move: Roost\n|move|p1a: Pelipper|Weather Ball|p2a: Corviknight\n|-damage|p2a: Corviknight|10\/100\n|move|p1b: Golisopod|Brick Break|p2b: Illumise\n|-resisted|p2b: Illumise\n|-damage|p2b: Illumise|82\/100\n|\n|-weather|RainDance|[upkeep]\n|-heal|p2a: Corviknight|16\/100|[from] item: Leftovers\n|upkeep\n|turn|6\n|\n|t:|1696053294\n|move|p2b: Illumise|Light Screen|p2b: Illumise\n|-sidestart|p2: ToastSlayer|move: Light Screen\n|move|p1b: Golisopod|Aqua Jet|p2b: Illumise\n|-damage|p2b: Illumise|38\/100\n|move|p2a: Corviknight|Roost|p2a: Corviknight\n|-heal|p2a: Corviknight|66\/100\n|-singleturn|p2a: Corviknight|move: Roost\n|move|p1a: Pelipper|Weather Ball|p2a: Corviknight\n|-damage|p2a: Corviknight|26\/100\n|\n|-weather|RainDance|[upkeep]\n|-heal|p2a: Corviknight|32\/100|[from] item: Leftovers\n|upkeep\n|turn|7\n|\n|t:|1696053307\n|move|p2b: Illumise|Tailwind|p2b: Illumise\n|-sidestart|p2: ToastSlayer|move: Tailwind\n|move|p1b: Golisopod|Aqua Jet|p2b: Illumise\n|-damage|p2b: Illumise|0 fnt\n|faint|p2b: Illumise\n|move|p2a: Corviknight|Roost|p2a: Corviknight\n|-heal|p2a: Corviknight|82\/100\n|-singleturn|p2a: Corviknight|move: Roost\n|move|p1a: Pelipper|Weather Ball|p2a: Corviknight\n|-damage|p2a: Corviknight|41\/100\n|\n|-weather|RainDance|[upkeep]\n|-heal|p2a: Corviknight|47\/100|[from] item: Leftovers\n|upkeep\n|\n|t:|1696053322\n|switch|p2b: Kartana|Kartana|100\/100\n|turn|8\n|\n|t:|1696053334\n|move|p2b: Kartana|Leaf Blade|p1a: Pelipper\n|-damage|p1a: Pelipper|47\/100\n|move|p2a: Corviknight|Body Press|p1a: Pelipper\n|-resisted|p1a: Pelipper\n|-damage|p1a: Pelipper|9\/100\n|move|p1a: Pelipper|Weather Ball|p2a: Corviknight\n|-damage|p2a: Corviknight|6\/100\n|move|p1b: Golisopod|Brick Break|p2b: Kartana\n|-sideend|p2: ToastSlayer|move: Light Screen\n|-supereffective|p2b: Kartana\n|-damage|p2b: Kartana|44\/100\n|\n|-weather|none\n|-heal|p2a: Corviknight|12\/100|[from] item: Leftovers\n|upkeep\n|turn|9\n|inactive|L0rdBagel has 270 seconds left.\n|inactive|ToastSlayer has 270 seconds left.\n|\n|t:|1696053366\n|switch|p2b: Lickitung|Lickitung, F|100\/100\n|move|p1b: Golisopod|Aqua Jet|p2a: Corviknight\n|-damage|p2a: Corviknight|6\/100\n|move|p2a: Corviknight|Roost|p2a: Corviknight\n|-heal|p2a: Corviknight|57\/100\n|-singleturn|p2a: Corviknight|move: Roost\n|move|p1a: Pelipper|Tailwind|p1a: Pelipper\n|-sidestart|p1: L0rdBagel|move: Tailwind\n|\n|-heal|p2a: Corviknight|63\/100|[from] item: Leftovers\n|upkeep\n|turn|10\n|\n|t:|1696053386\n|switch|p1a: Rotom|Rotom-Wash|100\/100\n|move|p2b: Lickitung|Protect|p2b: Lickitung\n|-singleturn|p2b: Lickitung|Protect\n|move|p2a: Corviknight|Body Press|p1a: Rotom\n|-damage|p1a: Rotom|0 fnt\n|faint|p1a: Rotom\n|move|p1b: Golisopod|Brick Break|p2b: Lickitung\n|-activate|p2b: Lickitung|move: Protect\n|\n|-heal|p2a: Corviknight|69\/100|[from] item: Leftovers\n|-sideend|p2: ToastSlayer|move: Tailwind\n|upkeep\n|\n|t:|1696053394\n|switch|p1a: Gyarados|Gyarados, M|100\/100\n|-ability|p1a: Gyarados|Intimidate|boost\n|-unboost|p2a: Corviknight|atk|1\n|-fail|p2b: Lickitung|unboost|Attack|[from] ability: Own Tempo|[of] p2b: Lickitung\n|turn|11\n|\n|t:|1696053414\n|move|p1a: Gyarados|Aqua Tail|p2a: Corviknight\n|-crit|p2a: Corviknight\n|-damage|p2a: Corviknight|2\/100\n|move|p1b: Golisopod|Brick Break|p2b: Lickitung\n|-supereffective|p2b: Lickitung\n|-damage|p2b: Lickitung|64\/100\n|move|p2a: Corviknight|Body Press|p1a: Gyarados\n|-resisted|p1a: Gyarados\n|-damage|p1a: Gyarados|51\/100\n|move|p2b: Lickitung|Wish|p2b: Lickitung\n|\n|-heal|p1a: Gyarados|57\/100|[from] item: Leftovers\n|-heal|p2a: Corviknight|8\/100|[from] item: Leftovers\n|upkeep\n|turn|12\n|\n|t:|1696053439\n|switch|p2a: Kartana|Kartana|44\/100\n|move|p2b: Lickitung|Protect|p2b: Lickitung\n|-singleturn|p2b: Lickitung|Protect\n|move|p1a: Gyarados|Aqua Tail|p2a: Kartana|[miss]\n|-miss|p1a: Gyarados|p2a: Kartana\n|move|p1b: Golisopod|Brick Break|p2b: Lickitung\n|-activate|p2b: Lickitung|move: Protect\n|\n|-heal|p2b: Lickitung|100\/100|[from] move: Wish|[wisher] Lickitung\n|-heal|p1a: Gyarados|63\/100|[from] item: Leftovers\n|-sideend|p1: L0rdBagel|move: Tailwind\n|upkeep\n|turn|13\n|\n|t:|1696053457\n|switch|p2b: Corviknight|Corviknight, F|8\/100\n|-ability|p2b: Corviknight|Pressure\n|move|p2a: Kartana|Leaf Blade|p1a: Gyarados\n|-damage|p1a: Gyarados|0 fnt\n|faint|p1a: Gyarados\n|-ability|p2a: Kartana|Beast Boost|boost\n|-boost|p2a: Kartana|atk|1\n|move|p1b: Golisopod|Brick Break|p2a: Kartana\n|-supereffective|p2a: Kartana\n|-damage|p2a: Kartana|0 fnt\n|faint|p2a: Kartana\n|\n|-heal|p2b: Corviknight|15\/100|[from] item: Leftovers\n|upkeep\n|\n|t:|1696053469\n|switch|p2a: Lopunny|Lopunny, M|100\/100\n|switch|p1a: Pelipper|Pelipper, M|9\/100\n|-weather|RainDance|[from] ability: Drizzle|[of] p1a: Pelipper\n|turn|14\n|\n|t:|1696053491\n|detailschange|p2a: Lopunny|Lopunny-Mega, M\n|-mega|p2a: Lopunny|Lopunny|Lopunnite\n|move|p2a: Lopunny|Power-Up Punch|p1a: Pelipper\n|-resisted|p1a: Pelipper\n|-damage|p1a: Pelipper|0 fnt\n|-boost|p2a: Lopunny|atk|1\n|faint|p1a: Pelipper\n|move|p2b: Corviknight|Iron Head|p1b: Golisopod\n|-resisted|p1b: Golisopod\n|-crit|p1b: Golisopod\n|-damage|p1b: Golisopod|81\/100\n|cant|p1b: Golisopod|flinch\n|\n|-weather|RainDance|[upkeep]\n|-heal|p2b: Corviknight|21\/100|[from] item: Leftovers\n|upkeep\n|\n|t:|1696053507\n|switch|p1a: Swampert|Swampert, F|100\/100\n|-activate|p1a: Swampert|move: Sticky Web\n|-unboost|p1a: Swampert|spe|1\n|turn|15\n|\n|t:|1696053520\n|detailschange|p1a: Swampert|Swampert-Mega, F\n|-mega|p1a: Swampert|Swampert|Swampertite\n|move|p2a: Lopunny|Return|p1a: Swampert\n|-damage|p1a: Swampert|39\/100\n|move|p1a: Swampert|Body Press|p2a: Lopunny\n|-supereffective|p2a: Lopunny\n|-damage|p2a: Lopunny|49\/100\n|move|p2b: Corviknight|Roost|p2b: Corviknight\n|-heal|p2b: Corviknight|71\/100\n|-singleturn|p2b: Corviknight|move: Roost\n|move|p1b: Golisopod|Brick Break|p2a: Lopunny\n|-supereffective|p2a: Lopunny\n|-damage|p2a: Lopunny|0 fnt\n|faint|p2a: Lopunny\n|\n|-weather|RainDance|[upkeep]\n|-heal|p2b: Corviknight|77\/100|[from] item: Leftovers\n|upkeep\n|\n|t:|1696053533\n|switch|p2a: Lickitung|Lickitung, F|100\/100\n|turn|16\n|\n|t:|1696053543\n|move|p1a: Swampert|Body Press|p2a: Lickitung\n|-supereffective|p2a: Lickitung\n|-damage|p2a: Lickitung|76\/100\n|move|p2b: Corviknight|Iron Defense|p2b: Corviknight\n|-boost|p2b: Corviknight|def|2\n|move|p1b: Golisopod|Brick Break|p2a: Lickitung\n|-supereffective|p2a: Lickitung\n|-damage|p2a: Lickitung|41\/100\n|move|p2a: Lickitung|Defense Curl|p2a: Lickitung\n|-boost|p2a: Lickitung|def|1\n|\n|-weather|RainDance|[upkeep]\n|-heal|p2b: Corviknight|83\/100|[from] item: Leftovers\n|upkeep\n|turn|17\n|\n|t:|1696053558\n|move|p1a: Swampert|Body Press|p2a: Lickitung\n|-supereffective|p2a: Lickitung\n|-damage|p2a: Lickitung|25\/100\n|move|p2b: Corviknight|Body Press|p1a: Swampert\n|-damage|p1a: Swampert|12\/100\n|move|p1b: Golisopod|Brick Break|p2a: Lickitung\n|-supereffective|p2a: Lickitung\n|-damage|p2a: Lickitung|0 fnt\n|faint|p2a: Lickitung\n|\n|-weather|RainDance|[upkeep]\n|-heal|p2b: Corviknight|90\/100|[from] item: Leftovers\n|upkeep\n|turn|18\n|\n|t:|1696053574\n|move|p1a: Swampert|Waterfall|p2b: Corviknight\n|-damage|p2b: Corviknight|53\/100\n|move|p2b: Corviknight|Iron Defense|p2b: Corviknight\n|-boost|p2b: Corviknight|def|2\n|move|p1b: Golisopod|Waterfall|p2b: Corviknight\n|-damage|p2b: Corviknight|31\/100\n|\n|-weather|RainDance|[upkeep]\n|-heal|p2b: Corviknight|38\/100|[from] item: Leftovers\n|upkeep\n|turn|19\n|\n|t:|1696053586\n|move|p1a: Swampert|Waterfall|p2b: Corviknight\n|-damage|p2b: Corviknight|16\/100\n|move|p2b: Corviknight|Roost|p2b: Corviknight\n|-heal|p2b: Corviknight|66\/100\n|-singleturn|p2b: Corviknight|move: Roost\n|move|p1b: Golisopod|Waterfall|p2b: Corviknight\n|-damage|p2b: Corviknight|45\/100\n|\n|-weather|RainDance|[upkeep]\n|-heal|p2b: Corviknight|51\/100|[from] item: Leftovers\n|upkeep\n|turn|20\n|\n|t:|1696053604\n|move|p1a: Swampert|Body Press|p2b: Corviknight\n|-damage|p2b: Corviknight|44\/100\n|move|p2b: Corviknight|Roost|p2b: Corviknight\n|-heal|p2b: Corviknight|95\/100\n|-singleturn|p2b: Corviknight|move: Roost\n|move|p1b: Golisopod|Brick Break|p2b: Corviknight\n|-supereffective|p2b: Corviknight\n|-damage|p2b: Corviknight|78\/100\n|\n|-weather|RainDance|[upkeep]\n|-heal|p2b: Corviknight|85\/100|[from] item: Leftovers\n|upkeep\n|turn|21\n|\n|t:|1696053624\n|move|p1a: Swampert|Body Press|p2b: Corviknight\n|-damage|p2b: Corviknight|79\/100\n|move|p2b: Corviknight|Iron Defense|p2b: Corviknight\n|-boost|p2b: Corviknight|def|2\n|move|p1b: Golisopod|Brick Break|p2b: Corviknight\n|-damage|p2b: Corviknight|73\/100\n|\n|-weather|none\n|-heal|p2b: Corviknight|79\/100|[from] item: Leftovers\n|upkeep\n|turn|22\n|\n|t:|1696053646\n|move|p2b: Corviknight|Body Press|p1b: Golisopod\n|-resisted|p1b: Golisopod\n|-damage|p1b: Golisopod|52\/100\n|move|p1a: Swampert|Waterfall|p2b: Corviknight\n|-damage|p2b: Corviknight|67\/100\n|move|p1b: Golisopod|Brick Break|p2b: Corviknight\n|-damage|p2b: Corviknight|60\/100\n|\n|-heal|p2b: Corviknight|67\/100|[from] item: Leftovers\n|upkeep\n|turn|23\n|\n|t:|1696053662\n|move|p2b: Corviknight|Body Press|p1b: Golisopod\n|-resisted|p1b: Golisopod\n|-damage|p1b: Golisopod|23\/100\n|-activate|p1b: Golisopod|ability: Emergency Exit\n|\n|t:|1696053667\n|switch|p1b: Empoleon|Empoleon, F|100\/100\n|-activate|p1b: Empoleon|move: Sticky Web\n|-unboost|p1b: Empoleon|spe|1\n|-ability|p1b: Empoleon|Competitive|boost\n|-boost|p1b: Empoleon|spa|2\n|move|p1a: Swampert|Waterfall|p2b: Corviknight\n|-damage|p2b: Corviknight|56\/100\n|\n|-heal|p2b: Corviknight|62\/100|[from] item: Leftovers\n|upkeep\n|turn|24\n|\n|t:|1696053679\n|move|p2b: Corviknight|Body Press|p1b: Empoleon\n|-supereffective|p1b: Empoleon\n|-damage|p1b: Empoleon|0 fnt\n|faint|p1b: Empoleon\n|move|p1a: Swampert|Waterfall|p2b: Corviknight\n|-damage|p2b: Corviknight|50\/100\n|\n|-heal|p2b: Corviknight|56\/100|[from] item: Leftovers\n|upkeep\n|\n|t:|1696053685\n|switch|p1b: Golisopod|Golisopod, F|23\/100\n|-activate|p1b: Golisopod|move: Sticky Web\n|-unboost|p1b: Golisopod|spe|1\n|turn|25\n|\n|t:|1696053690\n|move|p2b: Corviknight|Roost|p2b: Corviknight\n|-heal|p2b: Corviknight|100\/100\n|-singleturn|p2b: Corviknight|move: Roost\n|move|p1a: Swampert|Waterfall|p2b: Corviknight\n|-damage|p2b: Corviknight|88\/100\n|move|p1b: Golisopod|Brick Break|p2b: Corviknight\n|-supereffective|p2b: Corviknight\n|-damage|p2b: Corviknight|75\/100\n|\n|-heal|p2b: Corviknight|82\/100|[from] item: Leftovers\n|upkeep\n|turn|26\n|\n|t:|1696053703\n|move|p2b: Corviknight|Body Press|p1b: Golisopod\n|-resisted|p1b: Golisopod\n|-damage|p1b: Golisopod|0 fnt\n|faint|p1b: Golisopod\n|move|p1a: Swampert|Waterfall|p2b: Corviknight\n|-damage|p2b: Corviknight|71\/100\n|\n|-heal|p2b: Corviknight|77\/100|[from] item: Leftovers\n|upkeep\n|turn|27\n|c|\u2606ToastSlayer|This was CLOSE. Good game!\n|\n|t:|1696053718\n|move|p2b: Corviknight|Body Press|p1a: Swampert\n|-damage|p1a: Swampert|0 fnt\n|faint|p1a: Swampert\n|\n|win|ToastSlayer\n","uploadtime":1696053726,"views":8,"p1id":"l0rdbagel","p2id":"toastslayer","formatid":"gen9nationaldexdoubles","rating":0,"private":0,"password":""}