{"id":"gen9nationaldexdoubles-1952992887","p1":"happysdh1","p2":"El Ryuk456","format":"[Gen 9] National Dex Doubles","log":"|j|\u2606happysdh1\n|j|\u2606El Ryuk456\n|t:|1695746040\n|gametype|doubles\n|player|p1|happysdh1|veteran|1219\n|player|p2|El Ryuk456|blaine|1254\n|teamsize|p1|6\n|teamsize|p2|6\n|gen|9\n|tier|[Gen 9] National Dex Doubles\n|rated|\n|rule|HP Percentage Mod: HP is shown in percentages\n|rule|Endless Battle Clause: Forcing endless battles is banned\n|rule|OHKO Clause: OHKO moves are banned\n|rule|Evasion Moves Clause: Evasion moves are banned\n|rule|Evasion Abilities Clause: Evasion abilities are banned\n|rule|Species Clause: Limit one of each Pok\u00e9mon\n|rule|Gravity Sleep Clause: The combination of sleep-inducing moves with imperfect accuracy and Gravity or Gigantamax Orbeetle are banned\n|clearpoke\n|poke|p1|Cradily, F|\n|poke|p1|Pelipper, F|\n|poke|p1|Toxicroak, M|\n|poke|p1|Tentacruel, F|\n|poke|p1|Politoed, F|\n|poke|p1|Basculegion, M|\n|poke|p2|Lucario, M|\n|poke|p2|Whimsicott, F|\n|poke|p2|Ninetales, F|\n|poke|p2|Blastoise, M|\n|poke|p2|Excadrill, M|\n|poke|p2|Roserade, F|\n|teampreview\n|inactive|Battle timer is ON: inactive players will automatically lose when time's up. (requested by happysdh1)\n|inactive|El Ryuk456 has 120 seconds left.\n|\n|t:|1695746083\n|start\n|switch|p1a: Cradily|Cradily, F|100\/100\n|switch|p1b: Nimbus|Pelipper, F|100\/100\n|switch|p2a: Champ|Lucario, M|100\/100\n|switch|p2b: Beso de Mosa|Whimsicott, F, shiny|100\/100\n|-weather|RainDance|[from] ability: Drizzle|[of] p1b: Nimbus\n|turn|1\n|\n|t:|1695746098\n|move|p2b: Beso de Mosa|Beat Up|p2a: Champ\n|-resisted|p2a: Champ\n|-damage|p2a: Champ|99\/100\n|-ability|p2a: Champ|Justified|boost\n|-boost|p2a: Champ|atk|1\n|-resisted|p2a: Champ\n|-damage|p2a: Champ|98\/100\n|-ability|p2a: Champ|Justified|boost\n|-boost|p2a: Champ|atk|1\n|-resisted|p2a: Champ\n|-damage|p2a: Champ|97\/100\n|-ability|p2a: Champ|Justified|boost\n|-boost|p2a: Champ|atk|1\n|-resisted|p2a: Champ\n|-damage|p2a: Champ|96\/100\n|-ability|p2a: Champ|Justified|boost\n|-boost|p2a: Champ|atk|1\n|-resisted|p2a: Champ\n|-crit|p2a: Champ\n|-damage|p2a: Champ|93\/100\n|-ability|p2a: Champ|Justified|boost\n|-boost|p2a: Champ|atk|1\n|-resisted|p2a: Champ\n|-damage|p2a: Champ|91\/100\n|-ability|p2a: Champ|Justified|boost\n|-boost|p2a: Champ|atk|1\n|-hitcount|p2a: Champ|6\n|move|p2a: Champ|Rock Slide|p1b: Nimbus|[spread] p1a,p1b\n|-supereffective|p1b: Nimbus\n|-damage|p1a: Cradily|36\/100\n|-damage|p1b: Nimbus|0 fnt\n|faint|p1b: Nimbus\n|cant|p1a: Cradily|flinch\n|\n|-weather|RainDance|[upkeep]\n|-heal|p1a: Cradily|42\/100|[from] item: Leftovers\n|upkeep\n|inactive|happysdh1 has 120 seconds left.\n|c|\u2606happysdh1|Nice strat\n|\n|t:|1695746129\n|switch|p1b: Toxicroak|Toxicroak, M|100\/100\n|turn|2\n|\n|t:|1695746139\n|detailschange|p2a: Champ|Lucario-Mega, M\n|-mega|p2a: Champ|Lucario|Lucarionite\n|move|p2a: Champ|Protect|p2a: Champ\n|-singleturn|p2a: Champ|Protect\n|move|p1b: Toxicroak|Close Combat|p2a: Champ\n|-activate|p2a: Champ|move: Protect\n|move|p2b: Beso de Mosa|Energy Ball|p1a: Cradily\n|-damage|p1a: Cradily|20\/100\n|move|p1a: Cradily|Ingrain|p1a: Cradily\n|-start|p1a: Cradily|move: Ingrain\n|\n|-weather|RainDance|[upkeep]\n|-heal|p1a: Cradily|27\/100|[from] item: Leftovers\n|-heal|p1a: Cradily|33\/100|[from] Ingrain\n|upkeep\n|turn|3\n|inactive|El Ryuk456 has 120 seconds left.\n|\n|t:|1695746180\n|move|p2b: Beso de Mosa|Tailwind|p2b: Beso de Mosa\n|-sidestart|p2: El Ryuk456|move: Tailwind\n|move|p2a: Champ|Close Combat|p1b: Toxicroak\n|-resisted|p1b: Toxicroak\n|-damage|p1b: Toxicroak|0 fnt\n|-unboost|p2a: Champ|def|1\n|-unboost|p2a: Champ|spd|1\n|faint|p1b: Toxicroak\n|move|p1a: Cradily|Ancient Power|p2b: Beso de Mosa\n|-damage|p2b: Beso de Mosa|74\/100\n|\n|-weather|RainDance|[upkeep]\n|-heal|p1a: Cradily|39\/100|[from] item: Leftovers\n|-heal|p1a: Cradily|45\/100|[from] Ingrain\n|upkeep\n|inactive|happysdh1 has 120 seconds left.\n|c|\u2606El Ryuk456|Thanks\n|\n|t:|1695746195\n|switch|p1b: Cyclone|Tentacruel, F|100\/100\n|turn|4\n|\n|t:|1695746203\n|move|p2b: Beso de Mosa|Energy Ball|p1a: Cradily\n|-damage|p1a: Cradily|22\/100\n|move|p2a: Champ|Rock Slide|p1a: Cradily|[spread] p1a\n|-miss|p2a: Champ|p1b: Cyclone\n|-damage|p1a: Cradily|0 fnt\n|faint|p1a: Cradily\n|move|p1b: Cyclone|Haze|p1b: Cyclone\n|-clearallboost\n|\n|-weather|RainDance|[upkeep]\n|upkeep\n|\n|t:|1695746216\n|switch|p1a: Mallow|Politoed, F|100\/100\n|turn|5\n|\n|t:|1695746229\n|move|p2b: Beso de Mosa|Energy Ball|p1a: Mallow\n|-supereffective|p1a: Mallow\n|-damage|p1a: Mallow|47\/100\n|move|p2a: Champ|Close Combat|p1a: Mallow\n|-damage|p1a: Mallow|0 fnt\n|-unboost|p2a: Champ|def|1\n|-unboost|p2a: Champ|spd|1\n|faint|p1a: Mallow\n|move|p1b: Cyclone|Sludge Bomb|p2b: Beso de Mosa\n|-supereffective|p2b: Beso de Mosa\n|-damage|p2b: Beso de Mosa|0 fnt\n|faint|p2b: Beso de Mosa\n|\n|-weather|RainDance|[upkeep]\n|upkeep\n|\n|t:|1695746244\n|switch|p2b: Corruption|Ninetales, F, shiny|100\/100\n|switch|p1a: Tsunami|Basculegion, M|100\/100\n|-weather|SunnyDay|[from] ability: Drought|[of] p2b: Corruption\n|turn|6\n|inactive|happysdh1 has 120 seconds left.\n|\n|t:|1695746283\n|-terastallize|p1a: Tsunami|Ghost\n|move|p2a: Champ|Bullet Punch|p1a: Tsunami\n|-damage|p1a: Tsunami|60\/100\n|move|p2b: Corruption|Will-O-Wisp|p1a: Tsunami|[miss]\n|-miss|p2b: Corruption|p1a: Tsunami\n|move|p1a: Tsunami|Last Respects|p2a: Champ\n|-damage|p2a: Champ|0 fnt\n|faint|p2a: Champ\n|move|p1b: Cyclone|Sludge Bomb|p2b: Corruption\n|-damage|p2b: Corruption|69\/100\n|\n|-weather|SunnyDay|[upkeep]\n|-sideend|p2: El Ryuk456|move: Tailwind\n|upkeep\n|\n|t:|1695746295\n|switch|p2a: Rosetta|Roserade, F|100\/100\n|turn|7\n|\n|t:|1695746306\n|move|p1a: Tsunami|Last Respects|p2b: Corruption\n|-damage|p2b: Corruption|0 fnt\n|faint|p2b: Corruption\n|move|p1b: Cyclone|Sludge Bomb|p2a: Rosetta\n|-damage|p2a: Rosetta|67\/100\n|move|p2a: Rosetta|Cotton Spore|p1a: Tsunami|[spread] p1a,p1b\n|-unboost|p1a: Tsunami|spe|2\n|-unboost|p1b: Cyclone|spe|2\n|\n|-weather|SunnyDay|[upkeep]\n|upkeep\n|\n|t:|1695746314\n|switch|p2b: Speckles|Excadrill, M|100\/100\n|-ability|p2b: Speckles|Mold Breaker\n|turn|8\n|\n|t:|1695746324\n|-zpower|p2b: Speckles\n|move|p2b: Speckles|Tectonic Rage|p1a: Tsunami|[zeffect]\n|-damage|p1a: Tsunami|0 fnt\n|faint|p1a: Tsunami\n|move|p2a: Rosetta|Leaf Storm|p1b: Cyclone\n|-damage|p1b: Cyclone|36\/100\n|-unboost|p2a: Rosetta|spa|2\n|move|p1b: Cyclone|Giga Drain|p2b: Speckles\n|-damage|p2b: Speckles|77\/100\n|-heal|p1b: Cyclone|51\/100|[from] drain|[of] p2b: Speckles\n|\n|-weather|SunnyDay|[upkeep]\n|-heal|p1b: Cyclone|57\/100|[from] item: Leftovers\n|upkeep\n|turn|9\n|\n|t:|1695746343\n|move|p2b: Speckles|Earthquake|p1b: Cyclone|[spread] p2a,p1b\n|-crit|p2a: Rosetta\n|-supereffective|p1b: Cyclone\n|-damage|p2a: Rosetta|0 fnt\n|-damage|p1b: Cyclone|0 fnt\n|faint|p2a: Rosetta\n|faint|p1b: Cyclone\n|\n|win|El Ryuk456\n|raw|happysdh1's rating: 1219 &rarr; <strong>1197<\/strong><br \/>(-22 for losing)\n|raw|El Ryuk456's rating: 1254 &rarr; <strong>1276<\/strong><br \/>(+22 for winning)\n","uploadtime":1695746348,"views":9,"p1id":"happysdh1","p2id":"elryuk456","formatid":"gen9nationaldexdoubles","rating":1197,"private":0,"password":""}