{"id":"gen9nationaldexdoubles-1967603230","p1":"KageDeSin","p2":"TheOfficialSlade","format":"[Gen 9] National Dex Doubles","log":"|j|\u2606KageDeSin\n|j|\u2606TheOfficialSlade\n|t:|1697318049\n|gametype|doubles\n|player|p1|KageDeSin|biker|\n|player|p2|TheOfficialSlade|shadowtriad|\n|teamsize|p1|6\n|teamsize|p2|6\n|gen|9\n|tier|[Gen 9] National Dex Doubles\n|rule|HP Percentage Mod: HP is shown in percentages\n|rule|Endless Battle Clause: Forcing endless battles is banned\n|rule|OHKO Clause: OHKO moves are banned\n|rule|Evasion Moves Clause: Evasion moves are banned\n|rule|Evasion Abilities Clause: Evasion abilities are banned\n|rule|Species Clause: Limit one of each Pok\u00e9mon\n|rule|Gravity Sleep Clause: The combination of sleep-inducing moves with imperfect accuracy and Gravity or Gigantamax Orbeetle are banned\n|clearpoke\n|poke|p1|Coalossal, M|\n|poke|p1|Clawitzer, M|\n|poke|p1|Kommo-o, M|\n|poke|p1|Sandy Shocks|\n|poke|p1|Tinkaton, F|\n|poke|p1|Skeledirge, F|\n|poke|p2|Espeon, M|\n|poke|p2|Rhyperior, F|\n|poke|p2|Dusclops, M|\n|poke|p2|Ferrothorn, M|\n|poke|p2|Ampharos, F|\n|poke|p2|Gothitelle, F|\n|teampreview\n|\n|t:|1697318087\n|start\n|switch|p1a: Florida Man|Skeledirge, F|100\/100\n|switch|p1b: Etch A Sketch|Sandy Shocks|100\/100\n|switch|p2a: Gothitelle|Gothitelle, F|100\/100\n|switch|p2b: Ferrothorn|Ferrothorn, M|100\/100\n|turn|1\n|\n|t:|1697318120\n|move|p2a: Gothitelle|Fake Out|p1a: Florida Man\n|-immune|p1a: Florida Man\n|move|p1b: Etch A Sketch|Sunny Day|p1b: Etch A Sketch\n|-weather|SunnyDay\n|-activate|p1b: Etch A Sketch|ability: Protosynthesis\n|-start|p1b: Etch A Sketch|protosynthesisspe\n|move|p1a: Florida Man|Will-O-Wisp|p2b: Ferrothorn\n|-status|p2b: Ferrothorn|brn\n|move|p2b: Ferrothorn|Body Press|p1b: Etch A Sketch\n|-damage|p1b: Etch A Sketch|83\/100\n|\n|-weather|SunnyDay|[upkeep]\n|-damage|p2b: Ferrothorn|94\/100 brn|[from] brn\n|upkeep\n|turn|2\n|\n|t:|1697318145\n|move|p1b: Etch A Sketch|Volt Switch|p2a: Gothitelle\n|-damage|p2a: Gothitelle|78\/100\n|\n|t:|1697318152\n|-end|p1b: Etch A Sketch|Protosynthesis|[silent]\n|switch|p1b: Plant DLC|Coalossal, M|100\/100|[from] Volt Switch\n|move|p2a: Gothitelle|Psychic|p1a: Florida Man\n|-damage|p1a: Florida Man|69\/100\n|move|p1a: Florida Man|Torch Song|p2b: Ferrothorn\n|-supereffective|p2b: Ferrothorn\n|-damage|p2b: Ferrothorn|0 fnt\n|-boost|p1a: Florida Man|spa|1\n|faint|p2b: Ferrothorn\n|\n|-weather|SunnyDay|[upkeep]\n|-heal|p1a: Florida Man|75\/100|[from] item: Leftovers\n|upkeep\n|\n|t:|1697318166\n|switch|p2b: Espeon|Espeon, M|100\/100\n|turn|3\n|\n|t:|1697318192\n|switch|p2b: Ampharos|Ampharos, F|100\/100\n|switch|p2a: Rhyperior|Rhyperior, F|100\/100\n|-terastallize|p1b: Plant DLC|Grass\n|move|p1a: Florida Man|Slack Off|p1a: Florida Man\n|-heal|p1a: Florida Man|100\/100\n|move|p1b: Plant DLC|Flame Charge|p2a: Rhyperior\n|-resisted|p2a: Rhyperior\n|-damage|p2a: Rhyperior|89\/100\n|-boost|p1b: Plant DLC|spe|1\n|\n|-weather|SunnyDay|[upkeep]\n|-heal|p2a: Rhyperior|95\/100|[from] item: Leftovers\n|upkeep\n|turn|4\n|\n|t:|1697318254\n|switch|p2b: Dusclops|Dusclops, M|100\/100\n|-item|p1a: Florida Man|Leftovers|[from] ability: Frisk|[of] p2b: Dusclops|[identify]\n|-item|p1b: Plant DLC|Assault Vest|[from] ability: Frisk|[of] p2b: Dusclops|[identify]\n|switch|p1a: Demon|Tinkaton, F|100\/100\n|-ability|p1a: Demon|Mold Breaker\n|move|p2a: Rhyperior|Earthquake|p1a: Demon|[spread] p2b,p1a,p1b\n|-supereffective|p1a: Demon\n|-resisted|p1b: Plant DLC\n|-damage|p2b: Dusclops|83\/100\n|-damage|p1a: Demon|0 fnt\n|-damage|p1b: Plant DLC|88\/100\n|faint|p1a: Demon\n|move|p1b: Plant DLC|Solar Beam||[still]\n|-prepare|p1b: Plant DLC|Solar Beam\n|-anim|p1b: Plant DLC|Solar Beam|p2a: Rhyperior\n|-supereffective|p2a: Rhyperior\n|-damage|p2a: Rhyperior|6\/100\n|\n|-weather|SunnyDay|[upkeep]\n|-heal|p2a: Rhyperior|12\/100|[from] item: Leftovers\n|upkeep\n|\n|t:|1697318280\n|switch|p1a: Clang|Kommo-o, M|100\/100\n|turn|5\n|\n|t:|1697318295\n|move|p1a: Clang|Bulk Up|p1a: Clang\n|-boost|p1a: Clang|atk|1\n|-boost|p1a: Clang|def|1\n|move|p2a: Rhyperior|Earthquake|p1b: Plant DLC|[spread] p2b,p1a,p1b\n|-crit|p2b: Dusclops\n|-resisted|p1b: Plant DLC\n|-damage|p2b: Dusclops|57\/100\n|-damage|p1a: Clang|77\/100\n|-damage|p1b: Plant DLC|76\/100\n|move|p1b: Plant DLC|Scald|p2a: Rhyperior\n|-supereffective|p2a: Rhyperior\n|-damage|p2a: Rhyperior|0 fnt\n|faint|p2a: Rhyperior\n|move|p2b: Dusclops|Trick Room|p2b: Dusclops\n|-fieldstart|move: Trick Room|[of] p2b: Dusclops\n|\n|-weather|SunnyDay|[upkeep]\n|upkeep\n|\n|t:|1697318313\n|switch|p2a: Ampharos|Ampharos, F|100\/100\n|turn|6\n|\n|t:|1697318338\n|detailschange|p2a: Ampharos|Ampharos-Mega, F\n|-mega|p2a: Ampharos|Ampharos|Ampharosite\n|-ability|p2a: Ampharos|Mold Breaker\n|move|p2b: Dusclops|Will-O-Wisp|p1a: Clang\n|-status|p1a: Clang|brn\n|move|p1b: Plant DLC|Solar Beam||[still]\n|-prepare|p1b: Plant DLC|Solar Beam\n|-anim|p1b: Plant DLC|Solar Beam|p2a: Ampharos\n|-resisted|p2a: Ampharos\n|-damage|p2a: Ampharos|84\/100\n|move|p2a: Ampharos|Focus Blast|p1b: Plant DLC\n|-damage|p1b: Plant DLC|40\/100\n|move|p1a: Clang|Shadow Claw|p2b: Dusclops\n|-supereffective|p2b: Dusclops\n|-damage|p2b: Dusclops|42\/100\n|\n|-weather|SunnyDay|[upkeep]\n|-damage|p1a: Clang|71\/100 brn|[from] brn\n|upkeep\n|turn|7\n|\n|t:|1697318391\n|switch|p1a: Etch A Sketch|Sandy Shocks|83\/100\n|-activate|p1a: Etch A Sketch|ability: Protosynthesis\n|-start|p1a: Etch A Sketch|protosynthesisspe\n|move|p2b: Dusclops|Pain Split|p1a: Etch A Sketch\n|-sethp|p1a: Etch A Sketch|61\/100|[from] move: Pain Split|[silent]\n|-sethp|p2b: Dusclops|66\/100|[from] move: Pain Split\n|move|p1b: Plant DLC|Flame Charge|p2b: Dusclops\n|-damage|p2b: Dusclops|51\/100\n|-boost|p1b: Plant DLC|spe|1\n|move|p2a: Ampharos|Dragon Pulse|p1b: Plant DLC\n|-damage|p1b: Plant DLC|3\/100\n|\n|-weather|SunnyDay|[upkeep]\n|upkeep\n|turn|8\n|\n|t:|1697318421\n|switch|p1b: Florida Man|Skeledirge, F|100\/100\n|move|p2b: Dusclops|Night Shade|p1b: Florida Man\n|-damage|p1b: Florida Man|76\/100\n|move|p2a: Ampharos|Dragon Pulse|p1a: Etch A Sketch\n|-damage|p1a: Etch A Sketch|0 fnt\n|faint|p1a: Etch A Sketch\n|-end|p1a: Etch A Sketch|Protosynthesis|[silent]\n|\n|-weather|none\n|-heal|p1b: Florida Man|82\/100|[from] item: Leftovers\n|upkeep\n|\n|t:|1697318433\n|switch|p1a: Big Claw Big ...|Clawitzer, M|100\/100\n|turn|9\n|\n|t:|1697318451\n|move|p2b: Dusclops|Pain Split|p1a: Big Claw Big ...\n|-sethp|p1a: Big Claw Big ...|76\/100|[from] move: Pain Split|[silent]\n|-sethp|p2b: Dusclops|75\/100|[from] move: Pain Split\n|move|p2a: Ampharos|Volt Switch|p1a: Big Claw Big ...\n|-supereffective|p1a: Big Claw Big ...\n|-damage|p1a: Big Claw Big ...|0 fnt\n|faint|p1a: Big Claw Big ...\n|\n|t:|1697318467\n|switch|p2a: Espeon|Espeon, M|100\/100|[from] Volt Switch\n|move|p1b: Florida Man|Will-O-Wisp|p2b: Dusclops|[miss]\n|-miss|p1b: Florida Man|p2b: Dusclops\n|\n|-heal|p1b: Florida Man|88\/100|[from] item: Leftovers\n|-fieldend|move: Trick Room\n|upkeep\n|\n|t:|1697318475\n|switch|p1a: Plant DLC|Coalossal, M, tera:Grass|3\/100\n|turn|10\n|\n|t:|1697318501\n|move|p2a: Espeon|Psyshock|p1a: Plant DLC\n|-damage|p1a: Plant DLC|0 fnt\n|faint|p1a: Plant DLC\n|move|p1b: Florida Man|Will-O-Wisp|p2b: Dusclops|[miss]\n|-miss|p1b: Florida Man|p2b: Dusclops\n|move|p2b: Dusclops|Pain Split|p1b: Florida Man\n|-sethp|p1b: Florida Man|71\/100|[from] move: Pain Split|[silent]\n|-sethp|p2b: Dusclops|99\/100|[from] move: Pain Split\n|\n|-heal|p1b: Florida Man|77\/100|[from] item: Leftovers\n|upkeep\n|\n|t:|1697318511\n|switch|p1a: Clang|Kommo-o, M|71\/100 brn\n|turn|11\n|\n|t:|1697318529\n|move|p2a: Espeon|Calm Mind|p2a: Espeon\n|-boost|p2a: Espeon|spa|1\n|-boost|p2a: Espeon|spd|1\n|move|p1a: Clang|Shadow Claw|p2a: Espeon\n|-supereffective|p2a: Espeon\n|-damage|p2a: Espeon|58\/100\n|move|p1b: Florida Man|Hex|p2a: Espeon\n|-supereffective|p2a: Espeon\n|-damage|p2a: Espeon|9\/100\n|move|p2b: Dusclops|Trick Room|p2b: Dusclops\n|-fieldstart|move: Trick Room|[of] p2b: Dusclops\n|\n|-heal|p1b: Florida Man|83\/100|[from] item: Leftovers\n|-damage|p1a: Clang|65\/100 brn|[from] brn\n|upkeep\n|turn|12\n|\n|t:|1697318554\n|move|p2b: Dusclops|Night Shade|p1b: Florida Man\n|-damage|p1b: Florida Man|58\/100\n|move|p1b: Florida Man|Slack Off|p1b: Florida Man\n|-heal|p1b: Florida Man|100\/100\n|move|p1a: Clang|Shadow Claw|p2a: Espeon\n|-supereffective|p2a: Espeon\n|-damage|p2a: Espeon|0 fnt\n|faint|p2a: Espeon\n|\n|-damage|p1a: Clang|59\/100 brn|[from] brn\n|upkeep\n|\n|t:|1697318561\n|switch|p2a: Gothitelle|Gothitelle, F|78\/100\n|turn|13\n|\n|t:|1697318581\n|move|p2a: Gothitelle|Fake Out|p1a: Clang\n|-damage|p1a: Clang|54\/100 brn\n|move|p2b: Dusclops|Night Shade|p1b: Florida Man\n|-damage|p1b: Florida Man|76\/100\n|move|p1b: Florida Man|Torch Song|p2a: Gothitelle\n|-damage|p2a: Gothitelle|50\/100\n|-boost|p1b: Florida Man|spa|1\n|-enditem|p2a: Gothitelle|Sitrus Berry|[eat]\n|-heal|p2a: Gothitelle|75\/100|[from] item: Sitrus Berry\n|cant|p1a: Clang|flinch\n|\n|-heal|p1b: Florida Man|82\/100|[from] item: Leftovers\n|-damage|p1a: Clang|48\/100 brn|[from] brn\n|upkeep\n|turn|14\n|\n|t:|1697318607\n|move|p2a: Gothitelle|Protect|p2a: Gothitelle\n|-singleturn|p2a: Gothitelle|Protect\n|move|p2b: Dusclops|Night Shade|p1b: Florida Man\n|-damage|p1b: Florida Man|57\/100\n|move|p1b: Florida Man|Slack Off|p1b: Florida Man\n|-heal|p1b: Florida Man|100\/100\n|move|p1a: Clang|Boomburst|p2a: Gothitelle|[spread] \n|-activate|p2a: Gothitelle|move: Protect\n|-immune|p1b: Florida Man\n|-immune|p2b: Dusclops\n|\n|-damage|p1a: Clang|41\/100 brn|[from] brn\n|upkeep\n|turn|15\n|\n|t:|1697318630\n|move|p2b: Dusclops|Night Shade|p1b: Florida Man\n|-damage|p1b: Florida Man|76\/100\n|move|p1b: Florida Man|Will-O-Wisp|p2b: Dusclops\n|-status|p2b: Dusclops|brn\n|move|p2a: Gothitelle|Psychic|p1a: Clang\n|-supereffective|p1a: Clang\n|-damage|p1a: Clang|0 fnt\n|faint|p1a: Clang\n|\n|-heal|p1b: Florida Man|82\/100|[from] item: Leftovers\n|-damage|p2b: Dusclops|94\/100 brn|[from] brn\n|-fieldend|move: Trick Room\n|upkeep\n|turn|16\n|\n|t:|1697318661\n|move|p2a: Gothitelle|Psychic|p1b: Florida Man\n|-damage|p1b: Florida Man|50\/100\n|move|p1b: Florida Man|Hex|p2b: Dusclops\n|-supereffective|p2b: Dusclops\n|-damage|p2b: Dusclops|0 fnt\n|faint|p2b: Dusclops\n|\n|-heal|p1b: Florida Man|56\/100|[from] item: Leftovers\n|upkeep\n|\n|t:|1697318669\n|switch|p2b: Ampharos|Ampharos-Mega, F|84\/100\n|-ability|p2b: Ampharos|Mold Breaker\n|turn|17\n|\n|t:|1697318679\n|move|p2a: Gothitelle|Psychic|p1b: Florida Man\n|-damage|p1b: Florida Man|22\/100\n|move|p1b: Florida Man|Slack Off|p1b: Florida Man\n|-heal|p1b: Florida Man|72\/100\n|move|p2b: Ampharos|Thunderbolt|p1b: Florida Man\n|-crit|p1b: Florida Man\n|-damage|p1b: Florida Man|0 fnt\n|faint|p1b: Florida Man\n|\n|win|TheOfficialSlade\n|l|\u2606TheOfficialSlade\n|l|\u2606KageDeSin\n|j|\u2606TheOfficialSlade\n|player|p2|TheOfficialSlade|shadowtriad\n|l|\u2606TheOfficialSlade\n|player|p2|\n|j|\u2606TheOfficialSlade\n|player|p2|TheOfficialSlade|shadowtriad\n","uploadtime":1697318721,"views":9,"p1id":"kagedesin","p2id":"theofficialslade","formatid":"gen9nationaldexdoubles","rating":0,"private":0,"password":""}