{"id":"gen9nationaldexdoubles-1973295327","p1":"MasterHand","p2":"Gnoemd","format":"[Gen 9] National Dex Doubles","log":"|j|\u2606MasterHand\n|j|\u2606Gnoemd\n|t:|1697950283\n|gametype|doubles\n|player|p1|MasterHand|volkner|1245\n|player|p2|Gnoemd|hilbert-wonderlauncher|1299\n|teamsize|p1|6\n|teamsize|p2|6\n|gen|9\n|tier|[Gen 9] National Dex Doubles\n|rated|\n|rule|HP Percentage Mod: HP is shown in percentages\n|rule|Endless Battle Clause: Forcing endless battles is banned\n|rule|OHKO Clause: OHKO moves are banned\n|rule|Evasion Moves Clause: Evasion moves are banned\n|rule|Evasion Abilities Clause: Evasion abilities are banned\n|rule|Species Clause: Limit one of each Pok\u00e9mon\n|rule|Gravity Sleep Clause: The combination of sleep-inducing moves with imperfect accuracy and Gravity or Gigantamax Orbeetle are banned\n|clearpoke\n|poke|p1|Greninja-*, F|\n|poke|p1|Slowbro-Galar, M|\n|poke|p1|Iron Hands|\n|poke|p1|Throh, M|\n|poke|p1|Parasect, F|\n|poke|p1|Oranguru, M|\n|poke|p2|Tyranitar, M|\n|poke|p2|Excadrill, M|\n|poke|p2|Dracozolt|\n|poke|p2|Dracovish|\n|poke|p2|Rillaboom, F|\n|poke|p2|Chi-Yu|\n|teampreview\n|inactive|Battle timer is ON: inactive players will automatically lose when time's up. (requested by Gnoemd)\n|\n|t:|1697950290\n|start\n|switch|p1a: Oranguru|Oranguru, M|100\/100\n|switch|p1b: Iron Hands|Iron Hands|100\/100\n|switch|p2a: Tyranitar|Tyranitar, M|100\/100\n|switch|p2b: Dracozolt|Dracozolt|100\/100\n|-weather|Sandstorm|[from] ability: Sand Stream|[of] p2a: Tyranitar\n|-enditem|p1b: Iron Hands|Booster Energy\n|-activate|p1a: Oranguru|ability: Symbiosis|Life Orb|[of] p1b: Iron Hands\n|-activate|p1b: Iron Hands|ability: Quark Drive|[fromitem]\n|-start|p1b: Iron Hands|quarkdriveatk\n|turn|1\n|\n|t:|1697950303\n|move|p2a: Tyranitar|Protect|p2a: Tyranitar\n|-singleturn|p2a: Tyranitar|Protect\n|move|p1b: Iron Hands|Fake Out|p2b: Dracozolt\n|-crit|p2b: Dracozolt\n|-damage|p2b: Dracozolt|48\/100\n|-damage|p1b: Iron Hands|91\/100|[from] item: Life Orb\n|cant|p2b: Dracozolt|flinch\n|move|p1a: Oranguru|Trick Room|p1a: Oranguru\n|-fieldstart|move: Trick Room|[of] p1a: Oranguru\n|\n|-weather|Sandstorm|[upkeep]\n|-damage|p1b: Iron Hands|84\/100|[from] Sandstorm\n|-damage|p1a: Oranguru|94\/100|[from] Sandstorm\n|upkeep\n|turn|2\n|\n|t:|1697950322\n|switch|p2a: Rillaboom|Rillaboom, F|100\/100\n|-fieldstart|move: Grassy Terrain|[from] ability: Grassy Surge|[of] p2a: Rillaboom\n|move|p1b: Iron Hands|Drain Punch|p2b: Dracozolt\n|-damage|p2b: Dracozolt|0 fnt\n|-heal|p1b: Iron Hands|99\/100|[from] drain|[of] p2b: Dracozolt\n|faint|p2b: Dracozolt\n|-damage|p1b: Iron Hands|90\/100|[from] item: Life Orb\n|move|p1a: Oranguru|Instruct|p1b: Iron Hands\n|-singleturn|p1b: Iron Hands|move: Instruct|[of] p1a: Oranguru\n|move|p1b: Iron Hands|Drain Punch|p2a: Rillaboom\n|-damage|p2a: Rillaboom|19\/100\n|-heal|p1b: Iron Hands|100\/100|[from] drain|[of] p2a: Rillaboom\n|-damage|p1b: Iron Hands|91\/100|[from] item: Life Orb\n|\n|-weather|Sandstorm|[upkeep]\n|-damage|p1b: Iron Hands|84\/100|[from] Sandstorm\n|-damage|p1a: Oranguru|88\/100|[from] Sandstorm\n|-damage|p2a: Rillaboom|13\/100|[from] Sandstorm\n|-heal|p1b: Iron Hands|91\/100|[from] Grassy Terrain\n|-heal|p1a: Oranguru|94\/100|[from] Grassy Terrain\n|-heal|p2a: Rillaboom|19\/100|[from] Grassy Terrain\n|upkeep\n|\n|t:|1697950335\n|switch|p2b: Chi-Yu|Chi-Yu|100\/100\n|-ability|p2b: Chi-Yu|Beads of Ruin\n|turn|3\n|inactive|MasterHand has 120 seconds left.\n|\n|t:|1697950370\n|move|p2a: Rillaboom|Grassy Glide|p1b: Iron Hands\n|-damage|p1b: Iron Hands|55\/100\n|move|p1b: Iron Hands|Thunder Punch|p2b: Chi-Yu\n|-damage|p2b: Chi-Yu|0 fnt\n|faint|p2b: Chi-Yu\n|-damage|p1b: Iron Hands|45\/100|[from] item: Life Orb\n|move|p1a: Oranguru|Instruct|p1b: Iron Hands\n|-singleturn|p1b: Iron Hands|move: Instruct|[of] p1a: Oranguru\n|move|p1b: Iron Hands|Thunder Punch|p2a: Rillaboom\n|-resisted|p2a: Rillaboom\n|-damage|p2a: Rillaboom|0 fnt\n|faint|p2a: Rillaboom\n|-damage|p1b: Iron Hands|35\/100|[from] item: Life Orb\n|\n|-weather|Sandstorm|[upkeep]\n|-damage|p1b: Iron Hands|29\/100|[from] Sandstorm\n|-damage|p1a: Oranguru|88\/100|[from] Sandstorm\n|-heal|p1b: Iron Hands|35\/100|[from] Grassy Terrain\n|-heal|p1a: Oranguru|94\/100|[from] Grassy Terrain\n|upkeep\n|\n|t:|1697950385\n|switch|p2b: Dracovish|Dracovish|100\/100\n|switch|p2a: Tyranitar|Tyranitar, M|100\/100\n|turn|4\n|\n|t:|1697950401\n|move|p2a: Tyranitar|Protect|p2a: Tyranitar\n|-singleturn|p2a: Tyranitar|Protect\n|move|p1b: Iron Hands|Drain Punch|p2b: Dracovish\n|-damage|p2b: Dracovish|18\/100\n|-heal|p1b: Iron Hands|61\/100|[from] drain|[of] p2b: Dracovish\n|-damage|p1b: Iron Hands|51\/100|[from] item: Life Orb\n|move|p1a: Oranguru|Instruct|p1b: Iron Hands\n|-singleturn|p1b: Iron Hands|move: Instruct|[of] p1a: Oranguru\n|move|p1b: Iron Hands|Drain Punch|p2b: Dracovish\n|-damage|p2b: Dracovish|0 fnt\n|-heal|p1b: Iron Hands|57\/100|[from] drain|[of] p2b: Dracovish\n|faint|p2b: Dracovish\n|-damage|p1b: Iron Hands|47\/100|[from] item: Life Orb\n|\n|-weather|Sandstorm|[upkeep]\n|-damage|p1b: Iron Hands|41\/100|[from] Sandstorm\n|-damage|p1a: Oranguru|88\/100|[from] Sandstorm\n|-heal|p1b: Iron Hands|47\/100|[from] Grassy Terrain\n|-heal|p1a: Oranguru|94\/100|[from] Grassy Terrain\n|upkeep\n|\n|t:|1697950413\n|switch|p2b: Excadrill|Excadrill, M|100\/100\n|turn|5\n|\n|t:|1697950418\n|move|p2a: Tyranitar|Protect||[still]\n|-fail|p2a: Tyranitar\n|move|p1b: Iron Hands|Drain Punch|p2b: Excadrill\n|-supereffective|p2b: Excadrill\n|-damage|p2b: Excadrill|0 fnt\n|-heal|p1b: Iron Hands|82\/100|[from] drain|[of] p2b: Excadrill\n|faint|p2b: Excadrill\n|-damage|p1b: Iron Hands|72\/100|[from] item: Life Orb\n|move|p1a: Oranguru|Instruct|p1b: Iron Hands\n|-singleturn|p1b: Iron Hands|move: Instruct|[of] p1a: Oranguru\n|move|p1b: Iron Hands|Drain Punch|p2a: Tyranitar\n|-supereffective|p2a: Tyranitar\n|-damage|p2a: Tyranitar|0 fnt\n|-heal|p1b: Iron Hands|100\/100|[from] drain|[of] p2a: Tyranitar\n|faint|p2a: Tyranitar\n|-damage|p1b: Iron Hands|91\/100|[from] item: Life Orb\n|\n|win|MasterHand\n|raw|MasterHand's rating: 1245 &rarr; <strong>1274<\/strong><br \/>(+29 for winning)\n|raw|Gnoemd's rating: 1299 &rarr; <strong>1270<\/strong><br \/>(-29 for losing)\n|c|\u2606Gnoemd|gg\n|l|\u2606Gnoemd\n|c|\u2606MasterHand|Gg\n","uploadtime":1697950441,"views":19,"p1id":"masterhand","p2id":"gnoemd","formatid":"gen9nationaldexdoubles","rating":1270,"private":0,"password":""}