{"id":"gen9nationaldexdoubles-1956398730","p1":"Kanamo-o","p2":"Electroshibe","format":"[Gen 9] National Dex Doubles","log":"|j|\u2606Kanamo-o\n|j|\u2606Electroshibe\n|t:|1696103961\n|gametype|doubles\n|player|p1|Kanamo-o|selene|1175\n|player|p2|Electroshibe|benga|1100\n|teamsize|p1|6\n|teamsize|p2|6\n|gen|9\n|tier|[Gen 9] National Dex Doubles\n|rated|\n|rule|HP Percentage Mod: HP is shown in percentages\n|rule|Endless Battle Clause: Forcing endless battles is banned\n|rule|OHKO Clause: OHKO moves are banned\n|rule|Evasion Moves Clause: Evasion moves are banned\n|rule|Evasion Abilities Clause: Evasion abilities are banned\n|rule|Species Clause: Limit one of each Pok\u00e9mon\n|rule|Gravity Sleep Clause: The combination of sleep-inducing moves with imperfect accuracy and Gravity or Gigantamax Orbeetle are banned\n|clearpoke\n|poke|p1|Dubwool, F|\n|poke|p1|Kommo-o, M|\n|poke|p1|Ninetales-Alola, F|\n|poke|p1|Rapidash-Galar, F|\n|poke|p1|Cinccino, F|\n|poke|p1|Mudsdale, M|\n|poke|p2|Ninetales, M|\n|poke|p2|Ceruledge, F|\n|poke|p2|Arcanine-Hisui, F|\n|poke|p2|Eevee, F|\n|poke|p2|Amoonguss, F|\n|poke|p2|Typhlosion-Hisui, M|\n|teampreview\n|c|\u2606Kanamo-o|oh, hey\n|c|\u2606Electroshibe|hi again\n|\n|t:|1696103974\n|start\n|switch|p1a: Chieftain|Mudsdale, M|100\/100\n|switch|p1b: Officer|Cinccino, F|100\/100\n|switch|p2a: Helios|Ninetales, M|100\/100\n|switch|p2b: Akuma|Typhlosion-Hisui, M|100\/100\n|-item|p1a: Chieftain|Weakness Policy|[from] ability: Frisk|[of] p2b: Akuma|[identify]\n|-item|p1b: Officer|Air Balloon|[from] ability: Frisk|[of] p2b: Akuma|[identify]\n|-item|p1b: Officer|Air Balloon\n|-weather|SunnyDay|[from] ability: Drought|[of] p2a: Helios\n|turn|1\n|\n|t:|1696103986\n|move|p2b: Akuma|Eruption|p1a: Chieftain|[spread] p1a,p1b\n|-damage|p1a: Chieftain|5\/100\n|-damage|p1b: Officer|0 fnt\n|-ability|p1a: Chieftain|Stamina|boost\n|-boost|p1a: Chieftain|def|1\n|-enditem|p1b: Officer|Air Balloon\n|faint|p1b: Officer\n|move|p2a: Helios|Heat Wave|p1a: Chieftain\n|-damage|p1a: Chieftain|0 fnt\n|faint|p1a: Chieftain\n|\n|-weather|SunnyDay|[upkeep]\n|upkeep\n|\n|t:|1696103997\n|switch|p1b: Invi|Rapidash-Galar, F|100\/100\n|switch|p1a: Kanamo-o|Kommo-o, M|100\/100\n|turn|2\n|\n|t:|1696104011\n|switch|p2a: SUS|Amoonguss, F|100\/100\n|move|p2b: Akuma|Eruption|p1b: Invi|[spread] p1a,p1b\n|-resisted|p1a: Kanamo-o\n|-damage|p1a: Kanamo-o|53\/100\n|-damage|p1b: Invi|0 fnt\n|faint|p1b: Invi\n|move|p1a: Kanamo-o|Clangorous Soul|p1a: Kanamo-o\n|-boost|p1a: Kanamo-o|atk|1\n|-boost|p1a: Kanamo-o|def|1\n|-boost|p1a: Kanamo-o|spa|1\n|-boost|p1a: Kanamo-o|spd|1\n|-boost|p1a: Kanamo-o|spe|1\n|-damage|p1a: Kanamo-o|20\/100\n|-enditem|p1a: Kanamo-o|Throat Spray\n|-boost|p1a: Kanamo-o|spa|1|[from] item: Throat Spray\n|\n|-weather|SunnyDay|[upkeep]\n|upkeep\n|\n|t:|1696104017\n|switch|p1b: Letty|Ninetales-Alola, F|100\/100\n|-weather|Snow|[from] ability: Snow Warning|[of] p1b: Letty\n|turn|3\n|\n|t:|1696104025\n|move|p2a: SUS|Rage Powder|p2a: SUS\n|-singleturn|p2a: SUS|move: Rage Powder\n|move|p1a: Kanamo-o|Clanging Scales|p2b: Akuma|[spread] p2a,p2b\n|-damage|p2a: SUS|57\/100\n|-damage|p2b: Akuma|8\/100\n|-unboost|p1a: Kanamo-o|def|1\n|move|p2b: Akuma|Eruption|p1b: Letty|[spread] p1a,p1b\n|-resisted|p1a: Kanamo-o\n|-supereffective|p1b: Letty\n|-damage|p1a: Kanamo-o|19\/100\n|-damage|p1b: Letty|91\/100\n|move|p1b: Letty|Aurora Veil|p1b: Letty\n|-sidestart|p1: Kanamo-o|move: Aurora Veil\n|\n|-weather|Snow|[upkeep]\n|-heal|p2a: SUS|64\/100|[from] item: Black Sludge\n|upkeep\n|turn|4\n|\n|t:|1696104043\n|switch|p2b: Helios|Ninetales, M|100\/100\n|-weather|SunnyDay|[from] ability: Drought|[of] p2b: Helios\n|move|p1a: Kanamo-o|Clanging Scales|p2a: SUS|[spread] p2a,p2b\n|-damage|p2a: SUS|19\/100\n|-damage|p2b: Helios|13\/100\n|-unboost|p1a: Kanamo-o|def|1\n|move|p1b: Letty|Ice Beam|p2a: SUS\n|-supereffective|p2a: SUS\n|-damage|p2a: SUS|0 fnt\n|faint|p2a: SUS\n|\n|-weather|SunnyDay|[upkeep]\n|upkeep\n|\n|t:|1696104051\n|switch|p2a: Amaterasu|Arcanine-Hisui, F|100\/100\n|turn|5\n|\n|t:|1696104063\n|move|p2a: Amaterasu|Extreme Speed|p1a: Kanamo-o\n|-damage|p1a: Kanamo-o|0 fnt\n|faint|p1a: Kanamo-o\n|move|p1b: Letty|Hail|p1b: Letty\n|-weather|Hail\n|move|p2b: Helios|Heat Wave|p1b: Letty\n|-supereffective|p1b: Letty\n|-damage|p1b: Letty|48\/100\n|-status|p1b: Letty|brn\n|\n|-weather|Hail|[upkeep]\n|-damage|p2b: Helios|7\/100|[from] Hail\n|-damage|p2a: Amaterasu|94\/100|[from] Hail\n|-damage|p1b: Letty|42\/100 brn|[from] brn\n|upkeep\n|\n|t:|1696104072\n|switch|p1a: Jade|Dubwool, F, shiny|100\/100\n|turn|6\n|\n|t:|1696104084\n|move|p1b: Letty|Heal Bell|p1b: Letty\n|-activate|p1b: Letty|move: Heal Bell\n|-curestatus|p1b: Letty|brn|[msg]\n|move|p2b: Helios|Heat Wave|p1a: Jade|[spread] p1a,p1b\n|-crit|p1a: Jade\n|-supereffective|p1b: Letty\n|-damage|p1a: Jade|35\/100\n|-damage|p1b: Letty|8\/100\n|move|p2a: Amaterasu|Flame Charge|p1a: Jade\n|-damage|p1a: Jade|19\/100\n|-boost|p2a: Amaterasu|spe|1\n|move|p1a: Jade|Cotton Guard|p1a: Jade\n|-boost|p1a: Jade|def|3\n|\n|-weather|Hail|[upkeep]\n|-damage|p2a: Amaterasu|88\/100|[from] Hail\n|-damage|p2b: Helios|1\/100|[from] Hail\n|-damage|p1a: Jade|13\/100|[from] Hail\n|-heal|p1a: Jade|19\/100|[from] item: Leftovers\n|upkeep\n|turn|7\n|\n|t:|1696104106\n|move|p2a: Amaterasu|Extreme Speed|p1b: Letty\n|-damage|p1b: Letty|0 fnt\n|faint|p1b: Letty\n|move|p2b: Helios|Heat Wave|p1a: Jade\n|-damage|p1a: Jade|0 fnt\n|faint|p1a: Jade\n|\n|win|Electroshibe\n|raw|Kanamo-o's rating: 1175 &rarr; <strong>1145<\/strong><br \/>(-30 for losing)\n|raw|Electroshibe's rating: 1100 &rarr; <strong>1130<\/strong><br \/>(+30 for winning)\n|c|\u2606Kanamo-o|gg\n|l|\u2606Kanamo-o\n|c|\u2606Electroshibe|gg\n","uploadtime":1696104119,"views":9,"p1id":"kanamoo","p2id":"electroshibe","formatid":"gen9nationaldexdoubles","rating":1130,"private":0,"password":""}