{"id":"gen9nationaldexdoubles-1987317982","p1":"Proffesor_karrot","p2":"OilCompany3000","format":"[Gen 9] National Dex Doubles","log":"|j|\u2606Proffesor_karrot\n|j|\u2606OilCompany3000\n|t:|1699576875\n|gametype|doubles\n|player|p1|Proffesor_karrot|lady|1406\n|player|p2|OilCompany3000|unknown|1404\n|teamsize|p1|6\n|teamsize|p2|6\n|gen|9\n|tier|[Gen 9] National Dex Doubles\n|rated|\n|rule|HP Percentage Mod: HP is shown in percentages\n|rule|Endless Battle Clause: Forcing endless battles is banned\n|rule|OHKO Clause: OHKO moves are banned\n|rule|Evasion Moves Clause: Evasion moves are banned\n|rule|Evasion Abilities Clause: Evasion abilities are banned\n|rule|Species Clause: Limit one of each Pok\u00e9mon\n|rule|Gravity Sleep Clause: The combination of sleep-inducing moves with imperfect accuracy and Gravity or Gigantamax Orbeetle are banned\n|clearpoke\n|poke|p1|Tyranitar, F|\n|poke|p1|Excadrill, F|\n|poke|p1|Cresselia, F|\n|poke|p1|Whimsicott, M|\n|poke|p1|Iron Bundle|\n|poke|p1|Zapdos|\n|poke|p2|Guzzlord|\n|poke|p2|Diancie|\n|poke|p2|Latios, M|\n|poke|p2|Cresselia, F|\n|poke|p2|Stakataka|\n|poke|p2|Incineroar, F|\n|teampreview\n|inactive|Battle timer is ON: inactive players will automatically lose when time's up. (requested by Proffesor_karrot)\n|inactive|OilCompany3000 has 120 seconds left.\n|inactive|Proffesor_karrot has 120 seconds left.\n|inactive|OilCompany3000 has 90 seconds left.\n|inactive|OilCompany3000 has 60 seconds left.\n|\n|t:|1699576966\n|start\n|switch|p1a: Whimsicott|Whimsicott, M, shiny|100\/100\n|switch|p1b: Iron Bundle|Iron Bundle|100\/100\n|switch|p2a: Hom3 Invasion|Guzzlord|100\/100\n|switch|p2b: Billy Not Really|Latios, M|100\/100\n|-enditem|p1b: Iron Bundle|Booster Energy\n|-activate|p1b: Iron Bundle|ability: Quark Drive|[fromitem]\n|-start|p1b: Iron Bundle|quarkdrivespe\n|turn|1\n|\n|t:|1699576980\n|detailschange|p2b: Billy Not Really|Latios-Mega, M\n|-mega|p2b: Billy Not Really|Latios|Latiosite\n|-terastallize|p2a: Hom3 Invasion|Steel\n|move|p1b: Iron Bundle|Freeze-Dry|p2a: Hom3 Invasion\n|-resisted|p2a: Hom3 Invasion\n|-damage|p2a: Hom3 Invasion|88\/100\n|move|p1a: Whimsicott|Dazzling Gleam|p2b: Billy Not Really|[spread] p2a,p2b\n|-resisted|p2a: Hom3 Invasion\n|-supereffective|p2b: Billy Not Really\n|-damage|p2a: Hom3 Invasion|82\/100\n|-damage|p2b: Billy Not Really|68\/100\n|move|p2b: Billy Not Really|Simple Beam|p2a: Hom3 Invasion\n|-endability|p2a: Hom3 Invasion|Beast Boost|[from] move: Simple Beam\n|-ability|p2a: Hom3 Invasion|Simple|[from] move: Simple Beam\n|move|p2a: Hom3 Invasion|Stockpile|p2a: Hom3 Invasion\n|-start|p2a: Hom3 Invasion|stockpile1\n|-boost|p2a: Hom3 Invasion|def|2\n|-boost|p2a: Hom3 Invasion|spd|2\n|\n|-heal|p2a: Hom3 Invasion|88\/100|[from] item: Leftovers\n|upkeep\n|turn|2\n|\n|t:|1699576996\n|move|p1a: Whimsicott|Encore|p2a: Hom3 Invasion\n|-start|p2a: Hom3 Invasion|Encore\n|move|p1b: Iron Bundle|Freeze-Dry|p2b: Billy Not Really\n|-supereffective|p2b: Billy Not Really\n|-damage|p2b: Billy Not Really|0 fnt\n|faint|p2b: Billy Not Really\n|move|p2a: Hom3 Invasion|Stockpile|p2a: Hom3 Invasion\n|-start|p2a: Hom3 Invasion|stockpile2\n|-boost|p2a: Hom3 Invasion|def|2\n|-boost|p2a: Hom3 Invasion|spd|2\n|\n|-heal|p2a: Hom3 Invasion|94\/100|[from] item: Leftovers\n|upkeep\n|\n|t:|1699577012\n|switch|p2b: SCSA|Incineroar, F|100\/100\n|-ability|p2b: SCSA|Intimidate|boost\n|-unboost|p1a: Whimsicott|atk|1\n|-unboost|p1b: Iron Bundle|atk|1\n|turn|3\n|\n|t:|1699577036\n|-terastallize|p1b: Iron Bundle|Ghost\n|move|p2b: SCSA|Fake Out|p1a: Whimsicott\n|-damage|p1a: Whimsicott|88\/100\n|move|p1b: Iron Bundle|Hydro Pump|p2b: SCSA\n|-supereffective|p2b: SCSA\n|-damage|p2b: SCSA|16\/100\n|-enditem|p2b: SCSA|Sitrus Berry|[eat]\n|-heal|p2b: SCSA|41\/100|[from] item: Sitrus Berry\n|move|p1a: Whimsicott|Dazzling Gleam|p2b: SCSA|[spread] p2a,p2b\n|-resisted|p2a: Hom3 Invasion\n|-damage|p2a: Hom3 Invasion|92\/100\n|-damage|p2b: SCSA|30\/100\n|move|p2a: Hom3 Invasion|Stockpile|p2a: Hom3 Invasion\n|-start|p2a: Hom3 Invasion|stockpile3\n|-boost|p2a: Hom3 Invasion|def|2\n|-boost|p2a: Hom3 Invasion|spd|2\n|\n|-heal|p2a: Hom3 Invasion|98\/100|[from] item: Leftovers\n|upkeep\n|turn|4\n|\n|t:|1699577054\n|move|p1a: Whimsicott|Protect|p1a: Whimsicott\n|-singleturn|p1a: Whimsicott|Protect\n|move|p1b: Iron Bundle|Hydro Pump|p2b: SCSA\n|-supereffective|p2b: SCSA\n|-damage|p2b: SCSA|0 fnt\n|faint|p2b: SCSA\n|move|p2a: Hom3 Invasion|Stockpile||[still]\n|-fail|p2a: Hom3 Invasion\n|\n|-heal|p2a: Hom3 Invasion|100\/100|[from] item: Leftovers\n|-end|p2a: Hom3 Invasion|Encore\n|upkeep\n|\n|t:|1699577064\n|switch|p2b: BUBBLES BURIED|Cresselia, F|100\/100\n|turn|5\n|\n|t:|1699577078\n|-end|p1b: Iron Bundle|Quark Drive|[silent]\n|switch|p1b: Tyranitar|Tyranitar, F|100\/100\n|-weather|Sandstorm|[from] ability: Sand Stream|[of] p1b: Tyranitar\n|move|p2a: Hom3 Invasion|Protect|p2a: Hom3 Invasion\n|-singleturn|p2a: Hom3 Invasion|Protect\n|move|p1a: Whimsicott|Encore|p2a: Hom3 Invasion\n|-activate|p2a: Hom3 Invasion|move: Protect\n|move|p2b: BUBBLES BURIED|Psychic|p1a: Whimsicott\n|-damage|p1a: Whimsicott|58\/100\n|\n|-weather|Sandstorm|[upkeep]\n|-damage|p1a: Whimsicott|51\/100|[from] Sandstorm\n|-damage|p2b: BUBBLES BURIED|94\/100|[from] Sandstorm\n|upkeep\n|turn|6\n|\n|t:|1699577096\n|switch|p2b: ON GP|Diancie|100\/100\n|move|p1a: Whimsicott|Encore|p2a: Hom3 Invasion\n|-start|p2a: Hom3 Invasion|Encore\n|move|p1b: Tyranitar|Knock Off|p2b: ON GP\n|-resisted|p2b: ON GP\n|-damage|p2b: ON GP|77\/100\n|-enditem|p2b: ON GP|Safety Goggles|[from] move: Knock Off|[of] p1b: Tyranitar\n|move|p2a: Hom3 Invasion|Protect||[still]\n|-fail|p2a: Hom3 Invasion\n|\n|-weather|Sandstorm|[upkeep]\n|-damage|p1a: Whimsicott|45\/100|[from] Sandstorm\n|upkeep\n|turn|7\n|\n|t:|1699577109\n|switch|p1b: Excadrill|Excadrill, F|100\/100\n|move|p1a: Whimsicott|Protect|p1a: Whimsicott\n|-singleturn|p1a: Whimsicott|Protect\n|move|p2a: Hom3 Invasion|Protect|p2a: Hom3 Invasion\n|-singleturn|p2a: Hom3 Invasion|Protect\n|move|p2b: ON GP|Diamond Storm|p1a: Whimsicott|[spread] p1b\n|-activate|p1a: Whimsicott|move: Protect\n|-resisted|p1b: Excadrill\n|-damage|p1b: Excadrill|88\/100\n|\n|-weather|Sandstorm|[upkeep]\n|-damage|p1a: Whimsicott|39\/100|[from] Sandstorm\n|upkeep\n|turn|8\n|\n|t:|1699577137\n|move|p2a: Hom3 Invasion|Protect||[still]\n|-fail|p2a: Hom3 Invasion\n|move|p1a: Whimsicott|Tailwind|p1a: Whimsicott\n|-sidestart|p1: Proffesor_karrot|move: Tailwind\n|move|p1b: Excadrill|Iron Head|p2b: ON GP\n|-supereffective|p2b: ON GP\n|-damage|p2b: ON GP|0 fnt\n|faint|p2b: ON GP\n|\n|-weather|Sandstorm|[upkeep]\n|-damage|p1a: Whimsicott|33\/100|[from] Sandstorm\n|-end|p2a: Hom3 Invasion|Encore\n|upkeep\n|\n|t:|1699577146\n|switch|p2b: BUBBLES BURIED|Cresselia, F|94\/100\n|turn|9\n|\n|t:|1699577164\n|switch|p1b: Tyranitar|Tyranitar, F|100\/100\n|move|p1a: Whimsicott|Encore|p2a: Hom3 Invasion\n|-start|p2a: Hom3 Invasion|Encore\n|move|p2a: Hom3 Invasion|Protect|p2a: Hom3 Invasion\n|-singleturn|p2a: Hom3 Invasion|Protect\n|move|p2b: BUBBLES BURIED|Trick Room|p2b: BUBBLES BURIED\n|-fieldstart|move: Trick Room|[of] p2b: BUBBLES BURIED\n|\n|-weather|none\n|upkeep\n|turn|10\n|\n|t:|1699577178\n|switch|p2b: 80808|Stakataka|100\/100\n|switch|p1a: Zapdos|Zapdos|100\/100\n|move|p2a: Hom3 Invasion|Protect|p2a: Hom3 Invasion\n|-singleturn|p2a: Hom3 Invasion|Protect\n|move|p1b: Tyranitar|Knock Off|p2b: 80808\n|-damage|p2b: 80808|67\/100\n|-enditem|p2b: 80808|Life Orb|[from] move: Knock Off|[of] p1b: Tyranitar\n|\n|upkeep\n|turn|11\n|\n|t:|1699577202\n|switch|p1b: Cresselia|Cresselia, F, shiny|100\/100\n|move|p2a: Hom3 Invasion|Protect||[still]\n|-fail|p2a: Hom3 Invasion\n|move|p2b: 80808|Body Press|p1b: Cresselia\n|-resisted|p1b: Cresselia\n|-damage|p1b: Cresselia|93\/100\n|-damage|p2b: 80808|51\/100|[from] item: Rocky Helmet|[of] p1b: Cresselia\n|move|p1a: Zapdos|Thunderbolt|p2b: 80808\n|-damage|p2b: 80808|1\/100\n|\n|-end|p2a: Hom3 Invasion|Encore\n|-sideend|p1: Proffesor_karrot|move: Tailwind\n|upkeep\n|turn|12\n|\n|t:|1699577218\n|move|p1a: Zapdos|Protect|p1a: Zapdos\n|-singleturn|p1a: Zapdos|Protect\n|move|p2b: 80808|Gyro Ball|p1b: Cresselia\n|-damage|p1b: Cresselia|51\/100\n|-damage|p2b: 80808|0 fnt|[from] item: Rocky Helmet|[of] p1b: Cresselia\n|faint|p2b: 80808\n|move|p2a: Hom3 Invasion|Body Press|p1a: Zapdos\n|-activate|p1a: Zapdos|move: Protect\n|move|p1b: Cresselia|Dazzling Gleam|p2a: Hom3 Invasion\n|-resisted|p2a: Hom3 Invasion\n|-damage|p2a: Hom3 Invasion|99\/100\n|\n|-heal|p2a: Hom3 Invasion|100\/100|[from] item: Leftovers\n|upkeep\n|\n|t:|1699577227\n|switch|p2b: BUBBLES BURIED|Cresselia, F|94\/100\n|turn|13\n|\n|t:|1699577258\n|move|p2b: BUBBLES BURIED|Helping Hand|p2a: Hom3 Invasion\n|-singleturn|p2a: Hom3 Invasion|Helping Hand|[of] p2b: BUBBLES BURIED\n|move|p2a: Hom3 Invasion|Snarl|p1a: Zapdos|[spread] p1a,p1b\n|-supereffective|p1b: Cresselia\n|-damage|p1a: Zapdos|79\/100\n|-damage|p1b: Cresselia|25\/100\n|-unboost|p1a: Zapdos|spa|1\n|-unboost|p1b: Cresselia|spa|1\n|move|p1b: Cresselia|Lunar Blessing|p1b: Cresselia|[spread] p1a,p1b\n|-heal|p1a: Zapdos|100\/100\n|-heal|p1b: Cresselia|50\/100\n|move|p1a: Zapdos|Thunderbolt|p2b: BUBBLES BURIED\n|-damage|p2b: BUBBLES BURIED|75\/100\n|-status|p2b: BUBBLES BURIED|par\n|\n|-fieldend|move: Trick Room\n|upkeep\n|turn|14\n|\n|t:|1699577274\n|move|p1a: Zapdos|Thunderbolt|p2a: Hom3 Invasion\n|-damage|p2a: Hom3 Invasion|94\/100\n|move|p1b: Cresselia|Lunar Blessing|p1b: Cresselia|[spread] p1a,p1b\n|-heal|p1b: Cresselia|75\/100\n|move|p2a: Hom3 Invasion|Snarl|p1b: Cresselia|[spread] p1a,p1b\n|-supereffective|p1b: Cresselia\n|-damage|p1a: Zapdos|88\/100\n|-damage|p1b: Cresselia|57\/100\n|-unboost|p1a: Zapdos|spa|1\n|-unboost|p1b: Cresselia|spa|1\n|move|p2b: BUBBLES BURIED|Trick Room|p2b: BUBBLES BURIED\n|-fieldstart|move: Trick Room|[of] p2b: BUBBLES BURIED\n|\n|-heal|p2a: Hom3 Invasion|100\/100|[from] item: Leftovers\n|upkeep\n|turn|15\n|\n|t:|1699577292\n|cant|p2b: BUBBLES BURIED|par\n|move|p2a: Hom3 Invasion|Snarl|p1b: Cresselia|[spread] p1a,p1b\n|-supereffective|p1b: Cresselia\n|-damage|p1a: Zapdos|74\/100\n|-damage|p1b: Cresselia|39\/100\n|-unboost|p1a: Zapdos|spa|1\n|-unboost|p1b: Cresselia|spa|1\n|move|p1b: Cresselia|Lunar Blessing|p1b: Cresselia|[spread] p1a,p1b\n|-heal|p1a: Zapdos|99\/100\n|-heal|p1b: Cresselia|64\/100\n|move|p1a: Zapdos|Thunderbolt|p2b: BUBBLES BURIED\n|-damage|p2b: BUBBLES BURIED|63\/100 par\n|\n|upkeep\n|turn|16\n|\n|t:|1699577306\n|move|p2a: Hom3 Invasion|Snarl|p1a: Zapdos|[spread] p1a,p1b\n|-supereffective|p1b: Cresselia\n|-damage|p1a: Zapdos|86\/100\n|-damage|p1b: Cresselia|46\/100\n|-unboost|p1a: Zapdos|spa|1\n|-unboost|p1b: Cresselia|spa|1\n|move|p2b: BUBBLES BURIED|Lunar Blessing|p2b: BUBBLES BURIED|[spread] p2a,p2b\n|-heal|p2b: BUBBLES BURIED|88\/100 par\n|-curestatus|p2b: BUBBLES BURIED|par|[msg]\n|move|p1b: Cresselia|Lunar Blessing|p1b: Cresselia|[spread] p1a,p1b\n|-heal|p1a: Zapdos|100\/100\n|-heal|p1b: Cresselia|71\/100\n|move|p1a: Zapdos|Thunderbolt|p2b: BUBBLES BURIED\n|-damage|p2b: BUBBLES BURIED|77\/100\n|\n|upkeep\n|turn|17\n|\n|t:|1699577323\n|move|p2b: BUBBLES BURIED|Helping Hand|p2a: Hom3 Invasion\n|-singleturn|p2a: Hom3 Invasion|Helping Hand|[of] p2b: BUBBLES BURIED\n|move|p2a: Hom3 Invasion|Snarl|p1a: Zapdos|[spread] p1b\n|-miss|p2a: Hom3 Invasion|p1a: Zapdos\n|-supereffective|p1b: Cresselia\n|-damage|p1b: Cresselia|42\/100\n|-unboost|p1b: Cresselia|spa|1\n|move|p1b: Cresselia|Lunar Blessing|p1b: Cresselia|[spread] p1a,p1b\n|-heal|p1b: Cresselia|67\/100\n|move|p1a: Zapdos|Thunderbolt|p2b: BUBBLES BURIED\n|-damage|p2b: BUBBLES BURIED|67\/100\n|\n|upkeep\n|turn|18\n|\n|t:|1699577339\n|move|p2b: BUBBLES BURIED|Helping Hand|p2a: Hom3 Invasion\n|-singleturn|p2a: Hom3 Invasion|Helping Hand|[of] p2b: BUBBLES BURIED\n|move|p2a: Hom3 Invasion|Snarl|p1b: Cresselia|[spread] p1a,p1b\n|-supereffective|p1b: Cresselia\n|-damage|p1a: Zapdos|81\/100\n|-damage|p1b: Cresselia|41\/100\n|-unboost|p1a: Zapdos|spa|1\n|-unboost|p1b: Cresselia|spa|1\n|move|p1b: Cresselia|Lunar Blessing|p1b: Cresselia|[spread] p1a,p1b\n|-heal|p1a: Zapdos|100\/100\n|-heal|p1b: Cresselia|66\/100\n|move|p1a: Zapdos|Thunderbolt|p2b: BUBBLES BURIED\n|-damage|p2b: BUBBLES BURIED|58\/100\n|-status|p2b: BUBBLES BURIED|par\n|\n|-fieldend|move: Trick Room\n|upkeep\n|turn|19\n|\n|t:|1699577355\n|move|p1a: Zapdos|Thunderbolt|p2b: BUBBLES BURIED\n|-damage|p2b: BUBBLES BURIED|50\/100 par\n|-enditem|p2b: BUBBLES BURIED|Sitrus Berry|[eat]\n|-heal|p2b: BUBBLES BURIED|75\/100 par|[from] item: Sitrus Berry\n|move|p1b: Cresselia|Lunar Blessing|p1b: Cresselia|[spread] p1a,p1b\n|-heal|p1b: Cresselia|91\/100\n|move|p2a: Hom3 Invasion|Snarl|p1a: Zapdos|[spread] p1a,p1b\n|-supereffective|p1b: Cresselia\n|-damage|p1a: Zapdos|86\/100\n|-damage|p1b: Cresselia|74\/100\n|-unboost|p1a: Zapdos|spa|1\n|cant|p2b: BUBBLES BURIED|par\n|\n|upkeep\n|turn|20\n|\n|t:|1699577371\n|move|p1a: Zapdos|Thunderbolt|p2b: BUBBLES BURIED\n|-damage|p2b: BUBBLES BURIED|67\/100 par\n|move|p1b: Cresselia|Lunar Blessing|p1b: Cresselia|[spread] p1a,p1b\n|-heal|p1a: Zapdos|100\/100\n|-heal|p1b: Cresselia|99\/100\n|move|p2a: Hom3 Invasion|Snarl|p1a: Zapdos|[spread] p1a,p1b\n|-supereffective|p1b: Cresselia\n|-damage|p1a: Zapdos|88\/100\n|-damage|p1b: Cresselia|80\/100\n|cant|p2b: BUBBLES BURIED|par\n|\n|upkeep\n|turn|21\n|\n|t:|1699577388\n|move|p1a: Zapdos|Thunderbolt|p2b: BUBBLES BURIED\n|-damage|p2b: BUBBLES BURIED|59\/100 par\n|move|p1b: Cresselia|Dazzling Gleam|p2a: Hom3 Invasion|[spread] p2a,p2b\n|-resisted|p2a: Hom3 Invasion\n|-damage|p2a: Hom3 Invasion|99\/100\n|-damage|p2b: BUBBLES BURIED|57\/100 par\n|move|p2a: Hom3 Invasion|Snarl|p1a: Zapdos|[spread] p1a,p1b\n|-supereffective|p1b: Cresselia\n|-damage|p1a: Zapdos|74\/100\n|-damage|p1b: Cresselia|63\/100\n|cant|p2b: BUBBLES BURIED|par\n|\n|-heal|p2a: Hom3 Invasion|100\/100|[from] item: Leftovers\n|upkeep\n|turn|22\n|\n|t:|1699577399\n|move|p1a: Zapdos|Thunderbolt|p2b: BUBBLES BURIED\n|-damage|p2b: BUBBLES BURIED|50\/100 par\n|move|p2a: Hom3 Invasion|Snarl|p1b: Cresselia|[spread] p1a,p1b\n|-supereffective|p1b: Cresselia\n|-damage|p1a: Zapdos|62\/100\n|-damage|p1b: Cresselia|44\/100\n|move|p1b: Cresselia|Trick Room|p1b: Cresselia\n|-fieldstart|move: Trick Room|[of] p1b: Cresselia\n|move|p2b: BUBBLES BURIED|Trick Room|p2b: BUBBLES BURIED\n|-fieldend|move: Trick Room\n|\n|upkeep\n|turn|23\n|\n|t:|1699577409\n|move|p1a: Zapdos|Thunderbolt|p2b: BUBBLES BURIED\n|-crit|p2b: BUBBLES BURIED\n|-damage|p2b: BUBBLES BURIED|7\/100 par\n|move|p1b: Cresselia|Dazzling Gleam|p2b: BUBBLES BURIED|[spread] p2a,p2b\n|-resisted|p2a: Hom3 Invasion\n|-damage|p2a: Hom3 Invasion|99\/100\n|-damage|p2b: BUBBLES BURIED|5\/100 par\n|move|p2a: Hom3 Invasion|Snarl|p1a: Zapdos|[spread] p1a,p1b\n|-supereffective|p1b: Cresselia\n|-damage|p1a: Zapdos|48\/100\n|-damage|p1b: Cresselia|28\/100\n|move|p2b: BUBBLES BURIED|Trick Room|p2b: BUBBLES BURIED\n|-fieldstart|move: Trick Room|[of] p2b: BUBBLES BURIED\n|\n|-heal|p2a: Hom3 Invasion|100\/100|[from] item: Leftovers\n|upkeep\n|turn|24\n|\n|t:|1699577422\n|move|p2a: Hom3 Invasion|Snarl|p1a: Zapdos|[spread] p1a,p1b\n|-supereffective|p1b: Cresselia\n|-damage|p1a: Zapdos|35\/100\n|-damage|p1b: Cresselia|11\/100\n|move|p2b: BUBBLES BURIED|Lunar Blessing|p2b: BUBBLES BURIED|[spread] p2a,p2b\n|-heal|p2b: BUBBLES BURIED|30\/100 par\n|-curestatus|p2b: BUBBLES BURIED|par|[msg]\n|move|p1a: Zapdos|Thunderbolt|p2b: BUBBLES BURIED\n|-damage|p2b: BUBBLES BURIED|22\/100\n|move|p1b: Cresselia|Trick Room|p1b: Cresselia\n|-fieldend|move: Trick Room\n|\n|upkeep\n|turn|25\n|\n|t:|1699577434\n|move|p1a: Zapdos|Thunderbolt|p2b: BUBBLES BURIED\n|-damage|p2b: BUBBLES BURIED|15\/100\n|move|p1b: Cresselia|Dazzling Gleam|p2a: Hom3 Invasion|[spread] p2a,p2b\n|-resisted|p2a: Hom3 Invasion\n|-damage|p2a: Hom3 Invasion|99\/100\n|-damage|p2b: BUBBLES BURIED|14\/100\n|move|p2b: BUBBLES BURIED|Lunar Blessing|p2b: BUBBLES BURIED|[spread] p2a,p2b\n|-heal|p2a: Hom3 Invasion|100\/100\n|-heal|p2b: BUBBLES BURIED|39\/100\n|move|p2a: Hom3 Invasion|Snarl|p1b: Cresselia|[spread] p1a,p1b\n|-supereffective|p1b: Cresselia\n|-damage|p1a: Zapdos|22\/100\n|-damage|p1b: Cresselia|0 fnt\n|faint|p1b: Cresselia\n|\n|upkeep\n|\n|t:|1699577452\n|switch|p1b: Iron Bundle|Iron Bundle, tera:Ghost|100\/100\n|turn|26\n|\n|t:|1699577463\n|move|p1b: Iron Bundle|Protect|p1b: Iron Bundle\n|-singleturn|p1b: Iron Bundle|Protect\n|move|p1a: Zapdos|Thunderbolt|p2b: BUBBLES BURIED\n|-damage|p2b: BUBBLES BURIED|30\/100\n|move|p2a: Hom3 Invasion|Snarl|p1b: Iron Bundle|[spread] p1a\n|-activate|p1b: Iron Bundle|move: Protect\n|-damage|p1a: Zapdos|10\/100\n|move|p2b: BUBBLES BURIED|Trick Room|p2b: BUBBLES BURIED\n|-fieldstart|move: Trick Room|[of] p2b: BUBBLES BURIED\n|\n|upkeep\n|turn|27\n|j| wkx6v587\n|j| km205\n|\n|t:|1699577483\n|-end|p1b: Iron Bundle|Quark Drive|[silent]\n|switch|p1b: Whimsicott|Whimsicott, M, shiny|33\/100\n|move|p2a: Hom3 Invasion|Snarl|p1a: Zapdos|[spread] p1a,p1b\n|-resisted|p1b: Whimsicott\n|-damage|p1a: Zapdos|0 fnt\n|-damage|p1b: Whimsicott|24\/100\n|faint|p1a: Zapdos\n|move|p2b: BUBBLES BURIED|Lunar Blessing|p2b: BUBBLES BURIED|[spread] p2a,p2b\n|-heal|p2b: BUBBLES BURIED|55\/100\n|\n|upkeep\n|\n|t:|1699577488\n|switch|p1a: Tyranitar|Tyranitar, F|100\/100\n|-weather|Sandstorm|[from] ability: Sand Stream|[of] p1a: Tyranitar\n|turn|28\n|\n|t:|1699577496\n|move|p2a: Hom3 Invasion|Protect|p2a: Hom3 Invasion\n|-singleturn|p2a: Hom3 Invasion|Protect\n|move|p1b: Whimsicott|Encore|p2a: Hom3 Invasion\n|-activate|p2a: Hom3 Invasion|move: Protect\n|move|p1a: Tyranitar|Knock Off|p2a: Hom3 Invasion\n|-activate|p2a: Hom3 Invasion|move: Protect\n|move|p2b: BUBBLES BURIED|Psychic|p1b: Whimsicott\n|-damage|p1b: Whimsicott|0 fnt\n|faint|p1b: Whimsicott\n|\n|-weather|Sandstorm|[upkeep]\n|-damage|p2b: BUBBLES BURIED|49\/100|[from] Sandstorm\n|upkeep\n|\n|t:|1699577505\n|switch|p1b: Excadrill|Excadrill, F|88\/100\n|turn|29\n|\n|t:|1699577523\n|switch|p1a: Iron Bundle|Iron Bundle, tera:Ghost|100\/100\n|move|p2b: BUBBLES BURIED|Helping Hand|p2a: Hom3 Invasion\n|-singleturn|p2a: Hom3 Invasion|Helping Hand|[of] p2b: BUBBLES BURIED\n|move|p2a: Hom3 Invasion|Body Press|p1a: Iron Bundle\n|-immune|p1a: Iron Bundle\n|move|p1b: Excadrill|High Horsepower|p2a: Hom3 Invasion\n|-supereffective|p2a: Hom3 Invasion\n|-damage|p2a: Hom3 Invasion|84\/100\n|\n|-weather|Sandstorm|[upkeep]\n|-damage|p2b: BUBBLES BURIED|43\/100|[from] Sandstorm\n|-damage|p1a: Iron Bundle|95\/100|[from] Sandstorm\n|-heal|p2a: Hom3 Invasion|90\/100|[from] item: Leftovers\n|upkeep\n|turn|30\n|\n|t:|1699577548\n|move|p2a: Hom3 Invasion|Body Press|p1b: Excadrill\n|-supereffective|p1b: Excadrill\n|-damage|p1b: Excadrill|0 fnt\n|faint|p1b: Excadrill\n|move|p2b: BUBBLES BURIED|Lunar Blessing|p2b: BUBBLES BURIED|[spread] p2a,p2b\n|-heal|p2a: Hom3 Invasion|100\/100\n|-heal|p2b: BUBBLES BURIED|68\/100\n|move|p1a: Iron Bundle|Hydro Pump|p2b: BUBBLES BURIED\n|-damage|p2b: BUBBLES BURIED|35\/100\n|\n|-weather|Sandstorm|[upkeep]\n|-damage|p2b: BUBBLES BURIED|28\/100|[from] Sandstorm\n|-damage|p1a: Iron Bundle|89\/100|[from] Sandstorm\n|-fieldend|move: Trick Room\n|upkeep\n|\n|t:|1699577554\n|switch|p1b: Tyranitar|Tyranitar, F|100\/100\n|turn|31\n|\n|t:|1699577569\n|move|p1a: Iron Bundle|Hydro Pump|p2b: BUBBLES BURIED\n|-damage|p2b: BUBBLES BURIED|0 fnt\n|faint|p2b: BUBBLES BURIED\n|move|p1b: Tyranitar|Low Kick|p2a: Hom3 Invasion\n|-supereffective|p2a: Hom3 Invasion\n|-damage|p2a: Hom3 Invasion|84\/100\n|move|p2a: Hom3 Invasion|Snarl|p1a: Iron Bundle|[spread] p1a,p1b\n|-supereffective|p1a: Iron Bundle\n|-resisted|p1b: Tyranitar\n|-damage|p1a: Iron Bundle|36\/100\n|-damage|p1b: Tyranitar|98\/100\n|-unboost|p1a: Iron Bundle|spa|1\n|-unboost|p1b: Tyranitar|spa|1\n|\n|-weather|Sandstorm|[upkeep]\n|-damage|p1a: Iron Bundle|30\/100|[from] Sandstorm\n|-heal|p2a: Hom3 Invasion|90\/100|[from] item: Leftovers\n|upkeep\n|turn|32\n|\n|t:|1699577590\n|move|p1a: Iron Bundle|Hydro Pump|p2a: Hom3 Invasion\n|-damage|p2a: Hom3 Invasion|83\/100\n|move|p1b: Tyranitar|Low Kick|p2a: Hom3 Invasion\n|-supereffective|p2a: Hom3 Invasion\n|-damage|p2a: Hom3 Invasion|68\/100\n|move|p2a: Hom3 Invasion|Snarl|p1a: Iron Bundle|[spread] p1a,p1b\n|-supereffective|p1a: Iron Bundle\n|-resisted|p1b: Tyranitar\n|-damage|p1a: Iron Bundle|0 fnt\n|-damage|p1b: Tyranitar|95\/100\n|-unboost|p1b: Tyranitar|spa|1\n|faint|p1a: Iron Bundle\n|-end|p1a: Iron Bundle|Quark Drive|[silent]\n|\n|-weather|none\n|-heal|p2a: Hom3 Invasion|74\/100|[from] item: Leftovers\n|upkeep\n|turn|33\n|\n|t:|1699577599\n|move|p1b: Tyranitar|Low Kick|p2a: Hom3 Invasion\n|-supereffective|p2a: Hom3 Invasion\n|-damage|p2a: Hom3 Invasion|58\/100\n|move|p2a: Hom3 Invasion|Body Press|p1b: Tyranitar\n|-supereffective|p1b: Tyranitar\n|-damage|p1b: Tyranitar|0 fnt\n|faint|p1b: Tyranitar\n|\n|win|OilCompany3000\n|raw|Proffesor_karrot's rating: 1406 &rarr; <strong>1386<\/strong><br \/>(-20 for losing)\n|raw|OilCompany3000's rating: 1404 &rarr; <strong>1424<\/strong><br \/>(+20 for winning)\n|l|\u2606Proffesor_karrot\n|c|\u2606OilCompany3000|rizzlord\n|l| wkx6v587\n","uploadtime":1699577636,"views":18,"p1id":"proffesorkarrot","p2id":"oilcompany3000","formatid":"gen9nationaldexdoubles","rating":1386,"private":0,"password":""}