{"id":"gen9nationaldexdoubles-1975187276","p1":"R35ztkiRyzu","p2":"guigui_83430","format":"[Gen 9] National Dex Doubles","log":"|j|\u2606R35ztkiRyzu\n|j|\u2606guigui_83430\n|t:|1698168666\n|gametype|doubles\n|player|p1|R35ztkiRyzu|rood|1183\n|player|p2|guigui_83430|cyclist|1087\n|teamsize|p1|6\n|teamsize|p2|6\n|gen|9\n|tier|[Gen 9] National Dex Doubles\n|rated|\n|rule|HP Percentage Mod: HP is shown in percentages\n|rule|Endless Battle Clause: Forcing endless battles is banned\n|rule|OHKO Clause: OHKO moves are banned\n|rule|Evasion Moves Clause: Evasion moves are banned\n|rule|Evasion Abilities Clause: Evasion abilities are banned\n|rule|Species Clause: Limit one of each Pok\u00e9mon\n|rule|Gravity Sleep Clause: The combination of sleep-inducing moves with imperfect accuracy and Gravity or Gigantamax Orbeetle are banned\n|clearpoke\n|poke|p1|Tyranitar, M|\n|poke|p1|Glastrier|\n|poke|p1|Diancie|\n|poke|p1|Gothitelle, M|\n|poke|p1|Camerupt, M|\n|poke|p1|Amoonguss, F|\n|poke|p2|Charizard, M|\n|poke|p2|Venusaur, M|\n|poke|p2|Staraptor, M|\n|poke|p2|Garchomp, M|\n|poke|p2|Conkeldurr, M|\n|poke|p2|Gengar, M|\n|teampreview\n|inactive|Battle timer is ON: inactive players will automatically lose when time's up. (requested by guigui_83430)\n|\n|t:|1698168718\n|start\n|switch|p1a: Clutch|Amoonguss, F|100\/100\n|switch|p1b: CRAZY DIAMONDO|Diancie|100\/100\n|switch|p2a: Charizard|Charizard, M|100\/100\n|switch|p2b: Staraptor|Staraptor, M|100\/100\n|-ability|p2b: Staraptor|Intimidate|boost\n|-unboost|p1a: Clutch|atk|1\n|-fail|p1b: CRAZY DIAMONDO|unboost|[from] ability: Clear Body|[of] p1b: CRAZY DIAMONDO\n|turn|1\n|\n|t:|1698168747\n|detailschange|p2a: Charizard|Charizard-Mega-Y, M\n|-mega|p2a: Charizard|Charizard|Charizardite Y\n|-weather|SunnyDay|[from] ability: Drought|[of] p2a: Charizard\n|move|p2a: Charizard|Protect|p2a: Charizard\n|-singleturn|p2a: Charizard|Protect\n|move|p1a: Clutch|Rage Powder|p1a: Clutch\n|-singleturn|p1a: Clutch|move: Rage Powder\n|move|p2b: Staraptor|U-turn|p1a: Clutch\n|-damage|p1a: Clutch|73\/100\n|inactive|guigui_83430 has 120 seconds left.\n|\n|t:|1698168760\n|switch|p2b: Venusaur|Venusaur, M|100\/100|[from] U-turn\n|move|p1b: CRAZY DIAMONDO|Trick Room|p1b: CRAZY DIAMONDO\n|-fieldstart|move: Trick Room|[of] p1b: CRAZY DIAMONDO\n|\n|-weather|SunnyDay|[upkeep]\n|upkeep\n|turn|2\n|inactive|R35ztkiRyzu has 120 seconds left.\n|\n|t:|1698168795\n|switch|p2a: Conkeldurr|Conkeldurr, M|100\/100\n|move|p1a: Clutch|Rage Powder|p1a: Clutch\n|-singleturn|p1a: Clutch|move: Rage Powder\n|move|p1b: CRAZY DIAMONDO|Diamond Storm|p2b: Venusaur|[spread] p2a,p2b\n|-resisted|p2a: Conkeldurr\n|-damage|p2a: Conkeldurr|86\/100\n|-damage|p2b: Venusaur|64\/100\n|-boost|p1b: CRAZY DIAMONDO|def|2\n|move|p2b: Venusaur|Leech Seed|p1b: CRAZY DIAMONDO|[miss]\n|-miss|p2b: Venusaur|p1b: CRAZY DIAMONDO\n|\n|-weather|SunnyDay|[upkeep]\n|-heal|p2b: Venusaur|70\/100|[from] item: Black Sludge\n|upkeep\n|turn|3\n|inactive|R35ztkiRyzu has 120 seconds left.\n|inactive|R35ztkiRyzu has 90 seconds left.\n|\n|t:|1698168857\n|move|p1a: Clutch|Rage Powder|p1a: Clutch\n|-singleturn|p1a: Clutch|move: Rage Powder\n|move|p1b: CRAZY DIAMONDO|Moonblast|p2a: Conkeldurr\n|-supereffective|p2a: Conkeldurr\n|-damage|p2a: Conkeldurr|28\/100\n|move|p2a: Conkeldurr|Ice Punch|p1a: Clutch\n|-supereffective|p1a: Clutch\n|-damage|p1a: Clutch|17\/100\n|-enditem|p1a: Clutch|Wiki Berry|[eat]\n|-heal|p1a: Clutch|50\/100|[from] item: Wiki Berry\n|move|p2b: Venusaur|Roar|p1b: CRAZY DIAMONDO\n|drag|p1b: Volcano Cow|Camerupt, M, shiny|100\/100\n|\n|-weather|SunnyDay|[upkeep]\n|-heal|p2b: Venusaur|76\/100|[from] item: Black Sludge\n|upkeep\n|turn|4\n|inactive|R35ztkiRyzu has 90 seconds left.\n|\n|t:|1698168881\n|detailschange|p1b: Volcano Cow|Camerupt-Mega, M, shiny\n|-mega|p1b: Volcano Cow|Camerupt|Cameruptite\n|move|p1a: Clutch|Rage Powder|p1a: Clutch\n|-singleturn|p1a: Clutch|move: Rage Powder\n|move|p1b: Volcano Cow|Eruption|p2a: Conkeldurr|[spread] p2a,p2b\n|-supereffective|p2b: Venusaur\n|-damage|p2a: Conkeldurr|0 fnt\n|-damage|p2b: Venusaur|0 fnt\n|faint|p2a: Conkeldurr\n|faint|p2b: Venusaur\n|\n|-weather|SunnyDay|[upkeep]\n|upkeep\n|\n|t:|1698168893\n|switch|p2a: Garchomp|Garchomp, M|100\/100\n|switch|p2b: Gengar|Gengar, M|100\/100\n|turn|5\n|\n|t:|1698168912\n|move|p2b: Gengar|Protect|p2b: Gengar\n|-singleturn|p2b: Gengar|Protect\n|move|p1b: Volcano Cow|Eruption|p2a: Garchomp|[spread] p2a\n|-activate|p2b: Gengar|move: Protect\n|-resisted|p2a: Garchomp\n|-damage|p2a: Garchomp|54\/100\n|move|p1a: Clutch|Spore|p2a: Garchomp\n|-status|p2a: Garchomp|slp|[from] move: Spore\n|cant|p2a: Garchomp|slp\n|\n|-weather|none\n|-fieldend|move: Trick Room\n|upkeep\n|turn|6\n|inactive|R35ztkiRyzu has 120 seconds left.\n|\n|t:|1698168936\n|move|p1a: Clutch|Rage Powder|p1a: Clutch\n|-singleturn|p1a: Clutch|move: Rage Powder\n|move|p2b: Gengar|Shadow Ball|p1a: Clutch\n|-damage|p1a: Clutch|10\/100\n|-damage|p2b: Gengar|91\/100|[from] item: Life Orb\n|move|p1b: Volcano Cow|Eruption|p2b: Gengar|[spread] p2a,p2b\n|-resisted|p2a: Garchomp\n|-damage|p2a: Garchomp|22\/100 slp\n|-damage|p2b: Gengar|0 fnt\n|faint|p2b: Gengar\n|-curestatus|p2a: Garchomp|slp|[msg]\n|move|p2a: Garchomp|Dragon Tail|p1a: Clutch\n|-damage|p1a: Clutch|0 fnt\n|faint|p1a: Clutch\n|\n|upkeep\n|inactive|R35ztkiRyzu has 120 seconds left.\n|-message|guigui_83430 forfeited.\n|\n|win|R35ztkiRyzu\n|raw|R35ztkiRyzu's rating: 1183 &rarr; <strong>1201<\/strong><br \/>(+18 for winning)\n|raw|guigui_83430's rating: 1087 &rarr; <strong>1070<\/strong><br \/>(-17 for losing)\n|l|\u2606guigui_83430\n","uploadtime":1698168964,"views":7,"p1id":"r35ztkiryzu","p2id":"guigui83430","formatid":"gen9nationaldexdoubles","rating":1070,"private":0,"password":""}