{"id":"gen9nationaldexdoubles-1952944676","p1":"tiiim48","p2":"TMFLEVI","format":"[Gen 9] National Dex Doubles","log":"|j|\u2606tiiim48\n|j|\u2606TMFLEVI\n|t:|1695742408\n|gametype|doubles\n|player|p1|tiiim48|swimmerf|1210\n|player|p2|TMFLEVI|cynthia|1208\n|teamsize|p1|6\n|teamsize|p2|6\n|gen|9\n|tier|[Gen 9] National Dex Doubles\n|rated|\n|rule|HP Percentage Mod: HP is shown in percentages\n|rule|Endless Battle Clause: Forcing endless battles is banned\n|rule|OHKO Clause: OHKO moves are banned\n|rule|Evasion Moves Clause: Evasion moves are banned\n|rule|Evasion Abilities Clause: Evasion abilities are banned\n|rule|Species Clause: Limit one of each Pok\u00e9mon\n|rule|Gravity Sleep Clause: The combination of sleep-inducing moves with imperfect accuracy and Gravity or Gigantamax Orbeetle are banned\n|clearpoke\n|poke|p1|Jirachi|\n|poke|p1|Talonflame, F|\n|poke|p1|Ogerpon-Hearthflame, F|\n|poke|p1|Heatran, M|\n|poke|p1|Blastoise, M|\n|poke|p1|Gholdengo|\n|poke|p2|Ursaluna-Bloodmoon, M|\n|poke|p2|Typhlosion-Hisui, F|\n|poke|p2|Baxcalibur, M|\n|poke|p2|Charizard, M|\n|poke|p2|Venusaur, F|\n|poke|p2|Garganacl, M|\n|teampreview\n|\n|t:|1695742420\n|start\n|switch|p1a: Jirachi|Jirachi|100\/100\n|switch|p1b: Talonflame|Talonflame, F, shiny|100\/100\n|switch|p2a: Garganacl|Garganacl, M|100\/100\n|switch|p2b: Typhlosion|Typhlosion-Hisui, F|100\/100\n|-item|p1a: Jirachi|Leftovers|[from] ability: Frisk|[of] p2b: Typhlosion|[identify]\n|-item|p1b: Talonflame|Eject Button|[from] ability: Frisk|[of] p2b: Typhlosion|[identify]\n|turn|1\n|c|\u2606TMFLEVI|Glhf\n|inactive|Battle timer is ON: inactive players will automatically lose when time's up. (requested by tiiim48)\n|\n|t:|1695742442\n|move|p1b: Talonflame|Tailwind|p1b: Talonflame\n|-sidestart|p1: tiiim48|move: Tailwind\n|move|p2b: Typhlosion|Eruption|p1b: Talonflame|[spread] p1a,p1b\n|-supereffective|p1a: Jirachi\n|-resisted|p1b: Talonflame\n|-damage|p1a: Jirachi|26\/100\n|-damage|p1b: Talonflame|56\/100\n|-enditem|p1b: Talonflame|Eject Button\n|\n|t:|1695742452\n|switch|p1b: Blastoise|Blastoise, M|100\/100\n|move|p1a: Jirachi|Imprison|p1a: Jirachi\n|-start|p1a: Jirachi|move: Imprison\n|move|p2a: Garganacl|Salt Cure|p1b: Blastoise\n|-damage|p1b: Blastoise|84\/100\n|-start|p1b: Blastoise|Salt Cure\n|\n|-heal|p1a: Jirachi|32\/100|[from] item: Leftovers\n|-damage|p1b: Blastoise|59\/100|[from] Salt Cure\n|upkeep\n|turn|2\n|inactive|TMFLEVI has 120 seconds left.\n|\n|t:|1695742497\n|switch|p2b: Baxcalibur|Baxcalibur, M|100\/100\n|move|p1b: Blastoise|Water Pulse|p2b: Baxcalibur\n|-resisted|p2b: Baxcalibur\n|-damage|p2b: Baxcalibur|81\/100\n|move|p1a: Jirachi|Body Slam|p2a: Garganacl\n|-resisted|p2a: Garganacl\n|-damage|p2a: Garganacl|95\/100\n|move|p2a: Garganacl|Salt Cure|p1a: Jirachi\n|-resisted|p1a: Jirachi\n|-damage|p1a: Jirachi|26\/100\n|-start|p1a: Jirachi|Salt Cure\n|\n|-heal|p1a: Jirachi|33\/100|[from] item: Leftovers\n|-heal|p2a: Garganacl|100\/100|[from] item: Leftovers\n|-damage|p1b: Blastoise|35\/100|[from] Salt Cure\n|-damage|p1a: Jirachi|8\/100|[from] Salt Cure\n|upkeep\n|turn|3\n|inactive|TMFLEVI has 120 seconds left.\n|j| AceofJades39\n|\n|t:|1695742527\n|move|p2a: Garganacl|Protect|p2a: Garganacl\n|-singleturn|p2a: Garganacl|Protect\n|move|p1b: Blastoise|Water Pulse|p2a: Garganacl\n|-activate|p2a: Garganacl|move: Protect\n|move|p1a: Jirachi|Body Slam|p2b: Baxcalibur\n|-damage|p2b: Baxcalibur|62\/100\n|-status|p2b: Baxcalibur|par\n|move|p2b: Baxcalibur|Dragon Dance|p2b: Baxcalibur\n|-boost|p2b: Baxcalibur|atk|1\n|-boost|p2b: Baxcalibur|spe|1\n|\n|-heal|p1a: Jirachi|14\/100|[from] item: Leftovers\n|-damage|p1b: Blastoise|10\/100|[from] Salt Cure\n|-damage|p1a: Jirachi|0 fnt|[from] Salt Cure\n|faint|p1a: Jirachi\n|upkeep\n|l| AceofJades39\n|\n|t:|1695742541\n|switch|p1a: Ogerpon|Ogerpon-Hearthflame, F|100\/100\n|-ability|p1a: Ogerpon|Mold Breaker\n|turn|4\n|\n|t:|1695742556\n|move|p1a: Ogerpon|Ivy Cudgel|p2b: Baxcalibur\n|-damage|p2b: Baxcalibur|0 fnt\n|faint|p2b: Baxcalibur\n|move|p1b: Blastoise|Water Pulse|p2a: Garganacl\n|-supereffective|p2a: Garganacl\n|-damage|p2a: Garganacl|23\/100\n|move|p2a: Garganacl|Salt Cure|p1a: Ogerpon\n|-supereffective|p1a: Ogerpon\n|-crit|p1a: Ogerpon\n|-damage|p1a: Ogerpon|47\/100\n|-start|p1a: Ogerpon|Salt Cure\n|\n|-heal|p2a: Garganacl|29\/100|[from] item: Leftovers\n|-damage|p1a: Ogerpon|34\/100|[from] Salt Cure\n|-damage|p1b: Blastoise|0 fnt|[from] Salt Cure\n|faint|p1b: Blastoise\n|-sideend|p1: tiiim48|move: Tailwind\n|upkeep\n|\n|t:|1695742577\n|switch|p2b: Typhlosion|Typhlosion-Hisui, F|100\/100\n|switch|p1b: Talonflame|Talonflame, F, shiny|56\/100\n|-item|p1a: Ogerpon|Hearthflame Mask|[from] ability: Frisk|[of] p2b: Typhlosion|[identify]\n|turn|5\n|\n|t:|1695742599\n|switch|p1a: Heatran|Heatran, M|100\/100\n|move|p2b: Typhlosion|Shadow Ball|p1a: Heatran\n|-damage|p1a: Heatran|63\/100\n|move|p1b: Talonflame|Tailwind|p1b: Talonflame\n|-sidestart|p1: tiiim48|move: Tailwind\n|move|p2a: Garganacl|Salt Cure|p1b: Talonflame\n|-supereffective|p1b: Talonflame\n|-crit|p1b: Talonflame\n|-damage|p1b: Talonflame|0 fnt\n|faint|p1b: Talonflame\n|\n|-heal|p2a: Garganacl|35\/100|[from] item: Leftovers\n|upkeep\n|\n|t:|1695742612\n|switch|p1b: Gholdengo|Gholdengo|100\/100\n|turn|6\n|\n|t:|1695742625\n|move|p2a: Garganacl|Wide Guard|p2a: Garganacl\n|-singleturn|p2a: Garganacl|Wide Guard\n|move|p1b: Gholdengo|Make It Rain|p2a: Garganacl|[spread] \n|-activate|p2a: Garganacl|move: Wide Guard\n|-activate|p2b: Typhlosion|move: Wide Guard\n|move|p1a: Heatran|Eruption|p2b: Typhlosion|[spread] \n|-activate|p2a: Garganacl|move: Wide Guard\n|-activate|p2b: Typhlosion|move: Wide Guard\n|move|p2b: Typhlosion|Shadow Ball|p1b: Gholdengo\n|-supereffective|p1b: Gholdengo\n|-damage|p1b: Gholdengo|3\/100\n|-unboost|p1b: Gholdengo|spd|1\n|\n|-heal|p2a: Garganacl|41\/100|[from] item: Leftovers\n|upkeep\n|turn|7\n|l|\u2606tiiim48\n|inactive|tiiim48 disconnected and has a minute to reconnect!\n|player|p1|\n|inactive|tiiim48 has 30 seconds to reconnect!\n|inactive|TMFLEVI has 120 seconds left.\n|inactive|tiiim48 has 20 seconds to reconnect!\n|inactive|tiiim48 has 15 seconds to reconnect!\n|inactive|tiiim48 has 10 seconds to reconnect!\n|inactive|tiiim48 has 5 seconds to reconnect!\n|-message|tiiim48 lost due to inactivity.\n|\n|win|TMFLEVI\n|raw|tiiim48's rating: 1210 &rarr; <strong>1185<\/strong><br \/>(-25 for losing)\n|raw|TMFLEVI's rating: 1208 &rarr; <strong>1233<\/strong><br \/>(+25 for winning)\n","uploadtime":1695742691,"views":11,"p1id":"tiiim48","p2id":"tmflevi","formatid":"gen9nationaldexdoubles","rating":1185,"private":0,"password":""}