{"id":"gen9nationaldexdoubles-1987840073","p1":"MarcusTalks","p2":"vibrava9000","format":"[Gen 9] National Dex Doubles","log":"|j|\u2606MarcusTalks\n|j|\u2606vibrava9000\n|t:|1699641657\n|gametype|doubles\n|player|p1|MarcusTalks|steven|\n|player|p2|vibrava9000|fisherman-gen4|\n|teamsize|p1|6\n|teamsize|p2|6\n|gen|9\n|tier|[Gen 9] National Dex Doubles\n|rule|HP Percentage Mod: HP is shown in percentages\n|rule|Endless Battle Clause: Forcing endless battles is banned\n|rule|OHKO Clause: OHKO moves are banned\n|rule|Evasion Moves Clause: Evasion moves are banned\n|rule|Evasion Abilities Clause: Evasion abilities are banned\n|rule|Species Clause: Limit one of each Pok\u00e9mon\n|rule|Gravity Sleep Clause: The combination of sleep-inducing moves with imperfect accuracy and Gravity or Gigantamax Orbeetle are banned\n|clearpoke\n|poke|p1|Sinistcha-Masterpiece|\n|poke|p1|Kommo-o, M|\n|poke|p1|Ninetales-Alola, F|\n|poke|p1|Arcanine-Hisui, M|\n|poke|p1|Sableye, M|\n|poke|p1|Iron Hands|\n|poke|p2|Lurantis, M|\n|poke|p2|Ninetales, F|\n|poke|p2|Gengar, F|\n|poke|p2|Tyranitar, M|\n|poke|p2|Mew|\n|poke|p2|Pelipper, M|\n|teampreview\n|l|\u2606vibrava9000\n|player|p2|\n|j|\u2606vibrava9000\n|player|p2|vibrava9000|fisherman-gen4\n|inactive|Battle timer is ON: inactive players will automatically lose when time's up. (requested by MarcusTalks)\n|inactive|vibrava9000 has 270 seconds left.\n|\n|t:|1699641724\n|start\n|switch|p1a: Iron Hands|Iron Hands|100\/100\n|switch|p1b: Kommo-o|Kommo-o, M, shiny|100\/100\n|switch|p2a: Lurantis|Lurantis, M, shiny|100\/100\n|switch|p2b: Ninetales|Ninetales, F, shiny|100\/100\n|-weather|SunnyDay|[from] ability: Drought|[of] p2b: Ninetales\n|turn|1\n|j| MikazukiRex_\n|inactive|vibrava9000 has 270 seconds left.\n|\n|t:|1699641766\n|move|p1a: Iron Hands|Fake Out|p2a: Lurantis\n|-damage|p2a: Lurantis|83\/100\n|move|p1b: Kommo-o|Clangorous Soul|p1b: Kommo-o\n|-boost|p1b: Kommo-o|atk|1\n|-boost|p1b: Kommo-o|def|1\n|-boost|p1b: Kommo-o|spa|1\n|-boost|p1b: Kommo-o|spd|1\n|-boost|p1b: Kommo-o|spe|1\n|-damage|p1b: Kommo-o|68\/100\n|-enditem|p1b: Kommo-o|Throat Spray\n|-boost|p1b: Kommo-o|spa|1|[from] item: Throat Spray\n|move|p2b: Ninetales|Will-O-Wisp|p1a: Iron Hands\n|-status|p1a: Iron Hands|brn\n|cant|p2a: Lurantis|flinch\n|\n|-weather|SunnyDay|[upkeep]\n|-heal|p2a: Lurantis|89\/100|[from] item: Leftovers\n|-damage|p1a: Iron Hands|94\/100 brn|[from] brn\n|upkeep\n|turn|2\n|inactive|vibrava9000 has 270 seconds left.\n|\n|t:|1699641795\n|-end|p1a: Iron Hands|Quark Drive|[silent]\n|switch|p1a: Sinistcha|Sinistcha-Masterpiece, shiny|100\/100\n|-heal|p1b: Kommo-o|92\/100|[from] ability: Hospitality|[of] p1a: Sinistcha\n|move|p1b: Kommo-o|Clanging Scales|p2b: Ninetales|[spread] p2a,p2b\n|-damage|p2a: Lurantis|16\/100\n|-damage|p2b: Ninetales|49\/100\n|-unboost|p1b: Kommo-o|def|1\n|move|p2b: Ninetales|Body Slam|p1b: Kommo-o\n|-damage|p1b: Kommo-o|75\/100\n|-status|p1b: Kommo-o|par\n|move|p2a: Lurantis|Facade|p1b: Kommo-o\n|-damage|p1b: Kommo-o|54\/100 par\n|\n|-weather|SunnyDay|[upkeep]\n|-heal|p2a: Lurantis|23\/100|[from] item: Leftovers\n|upkeep\n|turn|3\n|inactive|vibrava9000 has 270 seconds left.\n|\n|t:|1699641826\n|-terastallize|p1a: Sinistcha|Fire\n|move|p1a: Sinistcha|Rage Powder|p1a: Sinistcha\n|-singleturn|p1a: Sinistcha|move: Rage Powder\n|move|p2b: Ninetales|Body Slam|p1a: Sinistcha\n|-damage|p1a: Sinistcha|88\/100\n|-damage|p2b: Ninetales|32\/100|[from] item: Rocky Helmet|[of] p1a: Sinistcha\n|cant|p1b: Kommo-o|par\n|move|p2a: Lurantis|Facade|p1b: Kommo-o\n|-damage|p1b: Kommo-o|33\/100 par\n|\n|-weather|SunnyDay|[upkeep]\n|-heal|p2a: Lurantis|29\/100|[from] item: Leftovers\n|upkeep\n|turn|4\n|inactive|vibrava9000 has 270 seconds left.\n|\n|t:|1699641853\n|move|p2b: Ninetales|Body Slam|p1b: Kommo-o\n|-damage|p1b: Kommo-o|18\/100 par\n|move|p1b: Kommo-o|Clanging Scales|p2b: Ninetales|[spread] p2a,p2b\n|-damage|p2a: Lurantis|0 fnt\n|-damage|p2b: Ninetales|0 fnt\n|faint|p2a: Lurantis\n|faint|p2b: Ninetales\n|-unboost|p1b: Kommo-o|def|1\n|move|p1a: Sinistcha|Strength Sap|p2: Lurantis|[notarget]\n|-fail|p1a: Sinistcha\n|\n|-weather|SunnyDay|[upkeep]\n|upkeep\n|c|\u2606vibrava9000|My Pokemon died\n|inactive|vibrava9000 has 240 seconds left.\n|\n|t:|1699641893\n|switch|p2b: Gengar|Gengar, F, shiny|100\/100\n|switch|p2a: Pelipper|Pelipper, M, shiny|100\/100\n|turn|5\n|c|\u2606MarcusTalks|happens sometimes\n|inactive|vibrava9000 has 240 seconds left.\n|\n|t:|1699641915\n|switch|p1a: Iron Hands|Iron Hands|94\/100 brn\n|move|p2b: Gengar|Shadow Ball|p1b: Kommo-o\n|-immune|p1b: Kommo-o|[from] ability: Bulletproof\n|move|p1b: Kommo-o|Clanging Scales|p2b: Gengar|[spread] p2a,p2b\n|-damage|p2a: Pelipper|0 fnt\n|-damage|p2b: Gengar|0 fnt\n|faint|p2a: Pelipper\n|faint|p2b: Gengar\n|-unboost|p1b: Kommo-o|def|1\n|\n|-weather|none\n|-damage|p1a: Iron Hands|88\/100 brn|[from] brn\n|upkeep\n|inactive|vibrava9000 has 240 seconds left.\n|c| MikazukiRex_|Sheeeeeeesh\n|\n|t:|1699641931\n|switch|p2b: Tyranitar|Tyranitar, M|100\/100\n|switch|p2a: Mew|Mew|100\/100\n|-ability|p2b: Tyranitar|Unnerve\n|turn|6\n|inactive|vibrava9000 has 240 seconds left.\n|\n|t:|1699641951\n|move|p1a: Iron Hands|Fake Out|p2a: Mew\n|-damage|p2a: Mew|92\/100\n|cant|p2a: Mew|flinch\n|move|p1b: Kommo-o|Aura Sphere|p2b: Tyranitar\n|-supereffective|p2b: Tyranitar\n|-damage|p2b: Tyranitar|0 fnt\n|faint|p2b: Tyranitar\n|\n|-damage|p1a: Iron Hands|82\/100 brn|[from] brn\n|upkeep\n|turn|7\n|inactive|vibrava9000 has 240 seconds left.\n|\n|t:|1699641992\n|-end|p1a: Iron Hands|Quark Drive|[silent]\n|switch|p1a: Sinistcha|Sinistcha-Masterpiece, shiny, tera:Fire|88\/100\n|-heal|p1b: Kommo-o|42\/100 par|[from] ability: Hospitality|[of] p1a: Sinistcha\n|move|p2a: Mew|Psychic|p1b: Kommo-o\n|-supereffective|p1b: Kommo-o\n|-damage|p1b: Kommo-o|0 fnt\n|faint|p1b: Kommo-o\n|\n|upkeep\n|\n|t:|1699642003\n|switch|p1b: Arcanine|Arcanine-Hisui, M, shiny|100\/100\n|turn|8\n|\n|t:|1699642011\n|move|p2a: Mew|Psychic|p1b: Arcanine\n|-damage|p1b: Arcanine|48\/100\n|-zpower|p1b: Arcanine\n|move|p1b: Arcanine|Continental Crush|p2a: Mew|[zeffect]\n|-damage|p2a: Mew|0 fnt\n|faint|p2a: Mew\n|\n|win|MarcusTalks\n|c|\u2606MarcusTalks|gg\n","uploadtime":1699642022,"views":44,"p1id":"marcustalks","p2id":"vibrava9000","formatid":"gen9nationaldexdoubles","rating":0,"private":0,"password":""}