{"id":"gen9nationaldexdoubles-1984929990","p1":"MarcusTalks","p2":"Chaos92031","format":"[Gen 9] National Dex Doubles","log":"|j|\u2606MarcusTalks\n|j|\u2606Chaos92031\n|t:|1699311881\n|gametype|doubles\n|player|p1|MarcusTalks|steven|\n|player|p2|Chaos92031|blue|\n|teamsize|p1|6\n|teamsize|p2|6\n|gen|9\n|tier|[Gen 9] National Dex Doubles\n|rule|HP Percentage Mod: HP is shown in percentages\n|rule|Endless Battle Clause: Forcing endless battles is banned\n|rule|OHKO Clause: OHKO moves are banned\n|rule|Evasion Moves Clause: Evasion moves are banned\n|rule|Evasion Abilities Clause: Evasion abilities are banned\n|rule|Species Clause: Limit one of each Pok\u00e9mon\n|rule|Gravity Sleep Clause: The combination of sleep-inducing moves with imperfect accuracy and Gravity or Gigantamax Orbeetle are banned\n|clearpoke\n|poke|p1|Oricorio-Pom-Pom, F|\n|poke|p1|Iron Moth|\n|poke|p1|Pincurchin, M|\n|poke|p1|Ribombee, F|\n|poke|p1|Iron Bundle|\n|poke|p1|Iron Hands|\n|poke|p2|Charizard, M|\n|poke|p2|Chi-Yu|\n|poke|p2|Flutter Mane|\n|poke|p2|Whimsicott, M|\n|poke|p2|Kingambit, M|\n|poke|p2|Landorus-Therian, M|\n|teampreview\n|c|\u2606Chaos92031|bo5 right?\n|c|\u2606MarcusTalks|glhf\n|c|\u2606MarcusTalks|yep\n|c|\u2606Chaos92031|same\n|c|\u2606MarcusTalks|I don't like my odds, but I think I have a few win conditions\n|c|\u2606Chaos92031|!!!\n|inactive|Battle timer is ON: inactive players will automatically lose when time's up. (requested by Chaos92031)\n|\n|t:|1699311924\n|start\n|switch|p1a: Pincurchin|Pincurchin, M, shiny|100\/100\n|switch|p1b: Iron Hands|Iron Hands|100\/100\n|switch|p2a: Whimsicott|Whimsicott, M|100\/100\n|switch|p2b: Landorus|Landorus-Therian, M|100\/100\n|-ability|p2b: Landorus|Intimidate|boost\n|-unboost|p1a: Pincurchin|atk|1\n|-unboost|p1b: Iron Hands|atk|1\n|-fieldstart|move: Electric Terrain|[from] ability: Electric Surge|[of] p1a: Pincurchin\n|-activate|p1b: Iron Hands|ability: Quark Drive\n|-start|p1b: Iron Hands|quarkdriveatk\n|turn|1\n|\n|t:|1699311945\n|move|p1b: Iron Hands|Fake Out|p2b: Landorus\n|-damage|p2b: Landorus|87\/100\n|move|p2a: Whimsicott|Tailwind|p2a: Whimsicott\n|-sidestart|p2: Chaos92031|move: Tailwind\n|cant|p2b: Landorus|flinch\n|move|p1a: Pincurchin|Thunder Wave|p2a: Whimsicott\n|-status|p2a: Whimsicott|par\n|\n|upkeep\n|turn|2\n|\n|t:|1699311965\n|switch|p1a: Iron Moth|Iron Moth|100\/100\n|-activate|p1a: Iron Moth|ability: Quark Drive\n|-start|p1a: Iron Moth|quarkdrivespa\n|-item|p1a: Iron Moth|Air Balloon\n|-zpower|p2b: Landorus\n|move|p2b: Landorus|Tectonic Rage|p1b: Iron Hands|[zeffect]\n|-supereffective|p1b: Iron Hands\n|-damage|p1b: Iron Hands|0 fnt\n|faint|p1b: Iron Hands\n|-end|p1b: Iron Hands|Quark Drive|[silent]\n|cant|p2a: Whimsicott|par\n|\n|upkeep\n|\n|t:|1699311978\n|switch|p1b: Oricorio|Oricorio-Pom-Pom, F, shiny|100\/100\n|turn|3\n|\n|t:|1699311997\n|-terastallize|p2a: Whimsicott|Steel\n|move|p2b: Landorus|U-turn|p1a: Iron Moth\n|-resisted|p1a: Iron Moth\n|-damage|p1a: Iron Moth|91\/100\n|-enditem|p1a: Iron Moth|Air Balloon\n|\n|t:|1699312006\n|switch|p2b: Kingambit|Kingambit, M|100\/100|[from] U-turn\n|move|p2a: Whimsicott|Moonblast|p1b: Oricorio\n|-damage|p1b: Oricorio|60\/100\n|move|p1a: Iron Moth|Fiery Dance|p2b: Kingambit\n|-supereffective|p2b: Kingambit\n|-damage|p2b: Kingambit|29\/100\n|-activate|p1b: Oricorio|ability: Dancer\n|move|p1b: Oricorio|Fiery Dance|p2b: Kingambit|[from]ability: Dancer\n|-supereffective|p2b: Kingambit\n|-damage|p2b: Kingambit|0 fnt\n|faint|p2b: Kingambit\n|move|p1b: Oricorio|Quiver Dance|p1b: Oricorio\n|-boost|p1b: Oricorio|spa|1\n|-boost|p1b: Oricorio|spd|1\n|-boost|p1b: Oricorio|spe|1\n|\n|-heal|p1b: Oricorio|66\/100|[from] item: Leftovers\n|upkeep\n|\n|t:|1699312022\n|switch|p2b: Landorus|Landorus-Therian, M|87\/100\n|-ability|p2b: Landorus|Intimidate|boost\n|-unboost|p1a: Iron Moth|atk|1\n|-unboost|p1b: Oricorio|atk|1\n|turn|4\n|\n|t:|1699312042\n|-terastallize|p1a: Iron Moth|Bug\n|move|p2a: Whimsicott|Encore|p1b: Oricorio\n|-start|p1b: Oricorio|Encore\n|move|p2b: Landorus|Earthquake|p1a: Iron Moth|[spread] p2a,p1a\n|-immune|p1b: Oricorio\n|-supereffective|p2a: Whimsicott\n|-resisted|p1a: Iron Moth\n|-damage|p2a: Whimsicott|4\/100 par\n|-damage|p1a: Iron Moth|55\/100\n|move|p1b: Oricorio|Quiver Dance|p1b: Oricorio\n|-boost|p1b: Oricorio|spa|1\n|-boost|p1b: Oricorio|spd|1\n|-boost|p1b: Oricorio|spe|1\n|move|p1a: Iron Moth|Fiery Dance|p2b: Landorus\n|-damage|p2b: Landorus|33\/100\n|-activate|p1b: Oricorio|ability: Dancer\n|move|p1b: Oricorio|Fiery Dance|p2b: Landorus|[from]ability: Dancer\n|-damage|p2b: Landorus|0 fnt\n|faint|p2b: Landorus\n|\n|-heal|p1b: Oricorio|72\/100|[from] item: Leftovers\n|-sideend|p2: Chaos92031|move: Tailwind\n|upkeep\n|\n|t:|1699312060\n|switch|p2b: Charizard|Charizard, M|100\/100\n|turn|5\n|\n|t:|1699312071\n|detailschange|p2b: Charizard|Charizard-Mega-Y, M\n|-mega|p2b: Charizard|Charizard|Charizardite Y\n|-weather|SunnyDay|[from] ability: Drought|[of] p2b: Charizard\n|move|p2a: Whimsicott|Tailwind|p2a: Whimsicott\n|-sidestart|p2: Chaos92031|move: Tailwind\n|move|p2b: Charizard|Heat Wave|p1b: Oricorio|[spread] p1a,p1b\n|-supereffective|p1a: Iron Moth\n|-damage|p1a: Iron Moth|0 fnt\n|-damage|p1b: Oricorio|25\/100\n|faint|p1a: Iron Moth\n|-end|p1a: Iron Moth|Quark Drive|[silent]\n|move|p1b: Oricorio|Quiver Dance|p1b: Oricorio\n|-boost|p1b: Oricorio|spa|1\n|-boost|p1b: Oricorio|spd|1\n|-boost|p1b: Oricorio|spe|1\n|\n|-weather|SunnyDay|[upkeep]\n|-heal|p1b: Oricorio|31\/100|[from] item: Leftovers\n|upkeep\n|\n|t:|1699312090\n|switch|p1a: Iron Bundle|Iron Bundle|100\/100\n|-activate|p1a: Iron Bundle|ability: Quark Drive\n|-start|p1a: Iron Bundle|quarkdrivespe\n|turn|6\n|\n|t:|1699312100\n|move|p2a: Whimsicott|Helping Hand|p2b: Charizard\n|-singleturn|p2b: Charizard|Helping Hand|[of] p2a: Whimsicott\n|move|p1b: Oricorio|Quiver Dance|p1b: Oricorio\n|-boost|p1b: Oricorio|spa|1\n|-boost|p1b: Oricorio|spd|1\n|-boost|p1b: Oricorio|spe|1\n|move|p1a: Iron Bundle|Hydro Pump|p2b: Charizard\n|-supereffective|p2b: Charizard\n|-damage|p2b: Charizard|34\/100\n|move|p2b: Charizard|Heat Wave|p1a: Iron Bundle|[spread] p1b\n|-miss|p2b: Charizard|p1a: Iron Bundle\n|-damage|p1b: Oricorio|0 fnt\n|faint|p1b: Oricorio\n|\n|-weather|SunnyDay|[upkeep]\n|upkeep\n|\n|t:|1699312118\n|switch|p1b: Ribombee|Ribombee, F, shiny|100\/100\n|turn|7\n|\n|t:|1699312134\n|move|p1a: Iron Bundle|Hydro Pump|p2b: Charizard|[miss]\n|-miss|p1a: Iron Bundle|p2b: Charizard\n|move|p2b: Charizard|Heat Wave|p1b: Ribombee|[spread] p1a,p1b\n|-supereffective|p1b: Ribombee\n|-damage|p1a: Iron Bundle|0 fnt\n|-damage|p1b: Ribombee|0 fnt\n|faint|p1a: Iron Bundle\n|-end|p1a: Iron Bundle|Quark Drive|[silent]\n|faint|p1b: Ribombee\n|move|p2a: Whimsicott|Moonblast|p1: Iron Bundle|[notarget]\n|-fail|p2a: Whimsicott\n|\n|-weather|SunnyDay|[upkeep]\n|upkeep\n|c|\u2606MarcusTalks|gg\n|\n|t:|1699312144\n|switch|p1a: Pincurchin|Pincurchin, M, shiny|100\/100\n|turn|8\n|c|\u2606Chaos92031|gg\n|c|\u2606MarcusTalks|got further than anticipated\n|\n|t:|1699312162\n|move|p2a: Whimsicott|Helping Hand|p2b: Charizard\n|-singleturn|p2b: Charizard|Helping Hand|[of] p2a: Whimsicott\n|move|p2b: Charizard|Heat Wave|p1a: Pincurchin\n|-damage|p1a: Pincurchin|0 fnt\n|faint|p1a: Pincurchin\n|\n|win|Chaos92031\n|c|\u2606Chaos92031|lol u did good\n","uploadtime":1699312170,"views":16,"p1id":"marcustalks","p2id":"chaos92031","formatid":"gen9nationaldexdoubles","rating":0,"private":0,"password":""}