{"id":"gen9nationaldexdoubles-1998650955","p1":"Thatfunniguy","p2":"winlike","format":"[Gen 9] National Dex Doubles","log":"|j|\u2606Thatfunniguy\n|j|\u2606winlike\n|t:|1700967710\n|gametype|doubles\n|player|p1|Thatfunniguy|fisherman-gen4|1286\n|player|p2|winlike|red-masters|1552\n|teamsize|p1|6\n|teamsize|p2|6\n|gen|9\n|tier|[Gen 9] National Dex Doubles\n|rated|\n|rule|HP Percentage Mod: HP is shown in percentages\n|rule|Endless Battle Clause: Forcing endless battles is banned\n|rule|OHKO Clause: OHKO moves are banned\n|rule|Evasion Moves Clause: Evasion moves are banned\n|rule|Evasion Abilities Clause: Evasion abilities are banned\n|rule|Species Clause: Limit one of each Pok\u00e9mon\n|rule|Gravity Sleep Clause: The combination of sleep-inducing moves with imperfect accuracy and Gravity or Gigantamax Orbeetle are banned\n|clearpoke\n|poke|p1|Murkrow, F|\n|poke|p1|Eldegoss, F|\n|poke|p1|Serperior, M|\n|poke|p1|Victini|\n|poke|p1|Malamar, M|\n|poke|p1|Deoxys-Attack|\n|poke|p2|Chien-Pao|\n|poke|p2|Dragonite, F|\n|poke|p2|Amoonguss, M|\n|poke|p2|Charizard, F|\n|poke|p2|Heatran, M|\n|poke|p2|Walking Wake|\n|teampreview\n|\n|t:|1700967729\n|start\n|switch|p1a: Le Guy|Malamar, M, shiny|100\/100\n|switch|p1b: VICTORY|Victini|100\/100\n|switch|p2a: \u53e4\u5251\u8c79\u7684\u89c9\u9192|Chien-Pao|100\/100\n|switch|p2b: \u795e\u901f\u7684\u5feb\u9f99|Dragonite, F, shiny|100\/100\n|-ability|p2a: \u53e4\u5251\u8c79\u7684\u89c9\u9192|Sword of Ruin\n|turn|1\n|inactive|Battle timer is ON: inactive players will automatically lose when time's up. (requested by Thatfunniguy)\n|\n|t:|1700967744\n|-terastallize|p2b: \u795e\u901f\u7684\u5feb\u9f99|Normal\n|move|p2b: \u795e\u901f\u7684\u5feb\u9f99|Extreme Speed|p1a: Le Guy\n|-damage|p1a: Le Guy|12\/100\n|move|p2a: \u53e4\u5251\u8c79\u7684\u89c9\u9192|Sucker Punch||[still]\n|-fail|p2a: \u53e4\u5251\u8c79\u7684\u89c9\u9192\n|move|p1b: VICTORY|Role Play|p1a: Le Guy\n|-endability|p1b: VICTORY|Victory Star|[from] move: Role Play\n|-ability|p1b: VICTORY|Contrary|[from] move: Role Play|[of] p1a: Le Guy\n|move|p1a: Le Guy|Superpower|p2a: \u53e4\u5251\u8c79\u7684\u89c9\u9192\n|-supereffective|p2a: \u53e4\u5251\u8c79\u7684\u89c9\u9192\n|-enditem|p2a: \u53e4\u5251\u8c79\u7684\u89c9\u9192|Focus Sash\n|-damage|p2a: \u53e4\u5251\u8c79\u7684\u89c9\u9192|1\/100\n|-boost|p1a: Le Guy|atk|1\n|-boost|p1a: Le Guy|def|1\n|\n|-heal|p1a: Le Guy|18\/100|[from] item: Leftovers\n|upkeep\n|turn|2\n|\n|t:|1700967764\n|move|p2b: \u795e\u901f\u7684\u5feb\u9f99|Extreme Speed|p1a: Le Guy\n|-damage|p1a: Le Guy|0 fnt\n|faint|p1a: Le Guy\n|move|p2a: \u53e4\u5251\u8c79\u7684\u89c9\u9192|Sucker Punch||[still]\n|-fail|p2a: \u53e4\u5251\u8c79\u7684\u89c9\u9192\n|move|p1b: VICTORY|Substitute|p1b: VICTORY\n|-start|p1b: VICTORY|Substitute\n|-damage|p1b: VICTORY|75\/100\n|\n|-heal|p1b: VICTORY|82\/100|[from] item: Leftovers\n|upkeep\n|\n|t:|1700967773\n|switch|p1a: Slow down|Eldegoss, F|100\/100\n|turn|3\n|\n|t:|1700967778\n|move|p2b: \u795e\u901f\u7684\u5feb\u9f99|Extreme Speed|p1b: VICTORY\n|-end|p1b: VICTORY|Substitute\n|move|p2a: \u53e4\u5251\u8c79\u7684\u89c9\u9192|Sucker Punch|p1b: VICTORY\n|-supereffective|p1b: VICTORY\n|-damage|p1b: VICTORY|5\/100\n|move|p1b: VICTORY|V-create|p2a: \u53e4\u5251\u8c79\u7684\u89c9\u9192\n|-supereffective|p2a: \u53e4\u5251\u8c79\u7684\u89c9\u9192\n|-damage|p2a: \u53e4\u5251\u8c79\u7684\u89c9\u9192|0 fnt\n|-boost|p1b: VICTORY|spe|1\n|-boost|p1b: VICTORY|def|1\n|-boost|p1b: VICTORY|spd|1\n|faint|p2a: \u53e4\u5251\u8c79\u7684\u89c9\u9192\n|move|p1a: Slow down|Sleep Powder|p2b: \u795e\u901f\u7684\u5feb\u9f99|[miss]\n|-miss|p1a: Slow down|p2b: \u795e\u901f\u7684\u5feb\u9f99\n|\n|-heal|p1b: VICTORY|12\/100|[from] item: Leftovers\n|upkeep\n|\n|t:|1700967784\n|switch|p2a: Y\u7239|Charizard, F, shiny|100\/100\n|turn|4\n|c|\u2606Thatfunniguy|Why does it always miss\n|\n|t:|1700967803\n|detailschange|p2a: Y\u7239|Charizard-Mega-Y, F, shiny\n|-mega|p2a: Y\u7239|Charizard|Charizardite Y\n|-weather|SunnyDay|[from] ability: Drought|[of] p2a: Y\u7239\n|move|p2b: \u795e\u901f\u7684\u5feb\u9f99|Extreme Speed|p1b: VICTORY\n|-damage|p1b: VICTORY|0 fnt\n|faint|p1b: VICTORY\n|move|p2a: Y\u7239|Heat Wave|p1a: Slow down\n|-supereffective|p1a: Slow down\n|-damage|p1a: Slow down|0 fnt\n|-ability|p1a: Slow down|Cotton Down\n|-unboost|p2a: Y\u7239|spe|1\n|-unboost|p2b: \u795e\u901f\u7684\u5feb\u9f99|spe|1\n|faint|p1a: Slow down\n|\n|-weather|SunnyDay|[upkeep]\n|upkeep\n|inactive|Thatfunniguy has 120 seconds left.\n|\n|t:|1700967828\n|switch|p1b: FIGHT|Deoxys-Attack|100\/100\n|switch|p1a: Snek|Serperior, M|100\/100\n|-ability|p1b: FIGHT|Pressure\n|turn|5\n|inactive|Thatfunniguy has 120 seconds left.\n|\n|t:|1700967867\n|-terastallize|p1b: FIGHT|Normal\n|move|p1b: FIGHT|Extreme Speed|p2a: Y\u7239\n|-damage|p2a: Y\u7239|21\/100\n|move|p2b: \u795e\u901f\u7684\u5feb\u9f99|Extreme Speed|p1b: FIGHT\n|-enditem|p1b: FIGHT|Focus Sash\n|-damage|p1b: FIGHT|1\/100\n|move|p1a: Snek|Leaf Storm|p2b: \u795e\u901f\u7684\u5feb\u9f99|[miss]\n|-miss|p1a: Snek|p2b: \u795e\u901f\u7684\u5feb\u9f99\n|move|p2a: Y\u7239|Heat Wave|p1b: FIGHT|[spread] p1b\n|-miss|p2a: Y\u7239|p1a: Snek\n|-damage|p1b: FIGHT|0 fnt\n|faint|p1b: FIGHT\n|\n|-weather|SunnyDay|[upkeep]\n|upkeep\n|c|\u2606winlike|Because I am destiny\n|c|\u2606Thatfunniguy|What\n|c|\u2606Thatfunniguy|the\n|c|\u2606Thatfunniguy|fuck\n|inactive|Thatfunniguy has 90 seconds left.\n|c|\u2606Thatfunniguy|Kms\n|c|\u2606Thatfunniguy|rn\n|c|\u2606Thatfunniguy|RNG WHY DO YOU ALWAYS\n|c|\u2606Thatfunniguy|DO THIS TO ME\n|c|\u2606Thatfunniguy|ME ONLY\n|c|\u2606Thatfunniguy|WHAT THE FREAK\n|c|\u2606Thatfunniguy|gg bro\n|-message|Thatfunniguy forfeited.\n|\n|win|winlike\n|raw|Thatfunniguy's rating: 1286 &rarr; <strong>1277<\/strong><br \/>(-9 for losing)\n|raw|winlike's rating: 1552 &rarr; <strong>1559<\/strong><br \/>(+7 for winning)\n|l|\u2606Thatfunniguy\n","uploadtime":1700967923,"views":0,"p1id":"thatfunniguy","p2id":"winlike","formatid":"gen9nationaldexdoubles","rating":1277,"private":0,"password":""}