{"id":"gen9nationaldexdoubles-1999889527","p1":"MamaoPapaya","p2":"GoDDanteX","format":"[Gen 9] National Dex Doubles","log":"|j|\u2606MamaoPapaya\n|j|\u2606GoDDanteX\n|t:|1701126732\n|gametype|doubles\n|player|p1|MamaoPapaya|worker|1061\n|player|p2|GoDDanteX|blue|1132\n|teamsize|p1|6\n|teamsize|p2|6\n|gen|9\n|tier|[Gen 9] National Dex Doubles\n|rated|\n|rule|HP Percentage Mod: HP is shown in percentages\n|rule|Endless Battle Clause: Forcing endless battles is banned\n|rule|OHKO Clause: OHKO moves are banned\n|rule|Evasion Moves Clause: Evasion moves are banned\n|rule|Evasion Abilities Clause: Evasion abilities are banned\n|rule|Species Clause: Limit one of each Pok\u00e9mon\n|rule|Gravity Sleep Clause: The combination of sleep-inducing moves with imperfect accuracy and Gravity or Gigantamax Orbeetle are banned\n|clearpoke\n|poke|p1|Greedent, F|\n|poke|p1|Slowbro-Galar, F|\n|poke|p1|Azumarill, M|\n|poke|p1|Flamigo, M|\n|poke|p1|Pelipper, F|\n|poke|p1|Maushold|\n|poke|p2|Meloetta|\n|poke|p2|Chandelure, M|\n|poke|p2|Quaquaval, M|\n|poke|p2|Hippowdon, M|\n|poke|p2|Diancie|\n|poke|p2|Goodra, F|\n|teampreview\n|\n|t:|1701126745\n|start\n|switch|p1a: Artryuu|Greedent, F, shiny|100\/100\n|switch|p1b: Slowbro|Slowbro-Galar, F|100\/100\n|switch|p2a: Meloetta|Meloetta|100\/100\n|switch|p2b: Chandelure|Chandelure, M|100\/100\n|turn|1\n|\n|t:|1701126767\n|switch|p2b: Hippowdon|Hippowdon, M|100\/100\n|-weather|Sandstorm|[from] ability: Sand Stream|[of] p2b: Hippowdon\n|move|p2a: Meloetta|Psychic|p1b: Slowbro\n|-damage|p1b: Slowbro|43\/100\n|move|p1a: Artryuu|Belly Drum|p1a: Artryuu\n|-damage|p1a: Artryuu|50\/100\n|-setboost|p1a: Artryuu|atk|6|[from] move: Belly Drum\n|-enditem|p1a: Artryuu|Sitrus Berry|[eat]\n|-heal|p1a: Artryuu|75\/100|[from] item: Sitrus Berry\n|-heal|p1a: Artryuu|100\/100|[from] ability: Cheek Pouch\n|move|p1b: Slowbro|Trick Room|p1b: Slowbro\n|-fieldstart|move: Trick Room|[of] p1b: Slowbro\n|\n|-weather|Sandstorm|[upkeep]\n|-damage|p1a: Artryuu|94\/100|[from] Sandstorm\n|-damage|p1b: Slowbro|37\/100|[from] Sandstorm\n|-damage|p2a: Meloetta|94\/100|[from] Sandstorm\n|upkeep\n|turn|2\n|\n|t:|1701126802\n|switch|p2a: Goodra|Goodra, F|100\/100\n|move|p1a: Artryuu|Body Slam|p2a: Goodra\n|-damage|p2a: Goodra|0 fnt\n|-ability|p2a: Goodra|Gooey\n|-unboost|p1a: Artryuu|spe|1\n|faint|p2a: Goodra\n|move|p1b: Slowbro|Psych Up|p1a: Artryuu\n|-copyboost|p1b: Slowbro|p1a: Artryuu|[from] move: Psych Up\n|move|p2b: Hippowdon|Earthquake|p1a: Artryuu|[spread] p1a,p1b\n|-supereffective|p1b: Slowbro\n|-damage|p1a: Artryuu|72\/100\n|-damage|p1b: Slowbro|2\/100\n|\n|-weather|Sandstorm|[upkeep]\n|-damage|p1a: Artryuu|65\/100|[from] Sandstorm\n|-damage|p1b: Slowbro|0 fnt|[from] Sandstorm\n|faint|p1b: Slowbro\n|upkeep\n|\n|t:|1701126830\n|switch|p1b: Flamigo|Flamigo, M, shiny|100\/100\n|switch|p2a: Chandelure|Chandelure, M|100\/100\n|-copyboost|p1b: Flamigo|p1a: Artryuu|[from] ability: Costar\n|turn|3\n|\n|t:|1701126851\n|-terastallize|p2a: Chandelure|Grass\n|move|p1a: Artryuu|Earthquake|p2a: Chandelure|[spread] p2a,p2b\n|-immune|p1b: Flamigo\n|-resisted|p2a: Chandelure\n|-damage|p2a: Chandelure|38\/100\n|-damage|p2b: Hippowdon|53\/100\n|move|p2b: Hippowdon|Earthquake|p1a: Artryuu|[spread] p2a,p1a\n|-immune|p1b: Flamigo\n|-resisted|p2a: Chandelure\n|-damage|p2a: Chandelure|16\/100\n|-damage|p1a: Artryuu|44\/100\n|move|p1b: Flamigo|Hurricane|p2a: Chandelure|[miss]\n|-miss|p1b: Flamigo|p2a: Chandelure\n|move|p2a: Chandelure|Energy Ball|p1a: Artryuu\n|-damage|p1a: Artryuu|0 fnt\n|faint|p1a: Artryuu\n|\n|-weather|Sandstorm|[upkeep]\n|-damage|p1b: Flamigo|94\/100|[from] Sandstorm\n|-damage|p2a: Chandelure|10\/100|[from] Sandstorm\n|-heal|p2b: Hippowdon|60\/100|[from] item: Leftovers\n|upkeep\n|\n|t:|1701126867\n|switch|p1a: Azumarill|Azumarill, M|100\/100\n|turn|4\n|\n|t:|1701126879\n|move|p1b: Flamigo|Feint|p2a: Chandelure\n|-damage|p2a: Chandelure|0 fnt\n|faint|p2a: Chandelure\n|move|p2b: Hippowdon|Rock Slide|p1b: Flamigo|[spread] p1a,p1b\n|-damage|p1a: Azumarill|85\/100\n|-damage|p1b: Flamigo|74\/100\n|move|p1a: Azumarill|Belly Drum|p1a: Azumarill\n|-damage|p1a: Azumarill|35\/100\n|-setboost|p1a: Azumarill|atk|6|[from] move: Belly Drum\n|-enditem|p1a: Azumarill|Sitrus Berry|[eat]\n|-heal|p1a: Azumarill|60\/100|[from] item: Sitrus Berry\n|\n|-weather|Sandstorm|[upkeep]\n|-damage|p1a: Azumarill|54\/100|[from] Sandstorm\n|-damage|p1b: Flamigo|68\/100|[from] Sandstorm\n|-heal|p2b: Hippowdon|66\/100|[from] item: Leftovers\n|upkeep\n|\n|t:|1701126898\n|switch|p2a: Diancie|Diancie|100\/100\n|turn|5\n|\n|t:|1701126910\n|move|p2a: Diancie|Diamond Storm|p1b: Flamigo|[spread] p1a,p1b\n|-crit|p1a: Azumarill\n|-damage|p1a: Azumarill|2\/100\n|-damage|p1b: Flamigo|17\/100\n|-boost|p2a: Diancie|def|2\n|move|p2b: Hippowdon|Rock Slide|p1a: Azumarill|[spread] p1a\n|-miss|p2b: Hippowdon|p1b: Flamigo\n|-damage|p1a: Azumarill|0 fnt\n|faint|p1a: Azumarill\n|move|p1b: Flamigo|Close Combat|p2b: Hippowdon\n|-damage|p2b: Hippowdon|0 fnt\n|-unboost|p1b: Flamigo|def|1\n|-unboost|p1b: Flamigo|spd|1\n|faint|p2b: Hippowdon\n|\n|-weather|none\n|-fieldend|move: Trick Room\n|upkeep\n|\n|t:|1701126933\n|switch|p1a: Pelipper|Pelipper, F|100\/100\n|switch|p2b: Meloetta|Meloetta|94\/100\n|-weather|RainDance|[from] ability: Drizzle|[of] p1a: Pelipper\n|turn|6\n|\n|t:|1701126951\n|move|p2b: Meloetta|Dazzling Gleam|p1b: Flamigo|[spread] p1a,p1b\n|-supereffective|p1b: Flamigo\n|-damage|p1a: Pelipper|70\/100\n|-damage|p1b: Flamigo|0 fnt\n|faint|p1b: Flamigo\n|move|p2a: Diancie|Diamond Storm|p1a: Pelipper\n|-supereffective|p1a: Pelipper\n|-damage|p1a: Pelipper|0 fnt\n|faint|p1a: Pelipper\n|\n|-weather|RainDance|[upkeep]\n|upkeep\n|c|\u2606MamaoPapaya|ggwo\n|\n|t:|1701126965\n|switch|p1b: Maushold|Maushold|100\/100\n|turn|7\n|-message|MamaoPapaya forfeited.\n|\n|win|GoDDanteX\n|raw|MamaoPapaya's rating: 1061 &rarr; <strong>1046<\/strong><br \/>(-15 for losing)\n|raw|GoDDanteX's rating: 1132 &rarr; <strong>1152<\/strong><br \/>(+20 for winning)\n|l|\u2606MamaoPapaya\n","uploadtime":1701126975,"views":1,"p1id":"mamaopapaya","p2id":"goddantex","formatid":"gen9nationaldexdoubles","rating":1046,"private":0,"password":""}