{"id":"gen9nationaldexdoubles-1976302630","p1":"Brick_Enjoyer_144","p2":"knaylor","format":"[Gen 9] National Dex Doubles","log":"|j|\u2606Brick_Enjoyer_144\n|j|\u2606knaylor\n|t:|1698284208\n|gametype|doubles\n|player|p1|Brick_Enjoyer_144|shauntal|1217\n|player|p2|knaylor|lucas|1268\n|teamsize|p1|6\n|teamsize|p2|6\n|gen|9\n|tier|[Gen 9] National Dex Doubles\n|rated|\n|rule|HP Percentage Mod: HP is shown in percentages\n|rule|Endless Battle Clause: Forcing endless battles is banned\n|rule|OHKO Clause: OHKO moves are banned\n|rule|Evasion Moves Clause: Evasion moves are banned\n|rule|Evasion Abilities Clause: Evasion abilities are banned\n|rule|Species Clause: Limit one of each Pok\u00e9mon\n|rule|Gravity Sleep Clause: The combination of sleep-inducing moves with imperfect accuracy and Gravity or Gigantamax Orbeetle are banned\n|clearpoke\n|poke|p1|Espeon, F|\n|poke|p1|Gallade, M|\n|poke|p1|Illumise, F|\n|poke|p1|Urshifu-*, F|\n|poke|p1|Ogerpon-Hearthflame, F|\n|poke|p1|Heatran, M|\n|poke|p2|Rillaboom, M|\n|poke|p2|Ursaluna, F|\n|poke|p2|Cresselia, F|\n|poke|p2|Volcanion|\n|poke|p2|Flutter Mane|\n|poke|p2|Kleavor, M|\n|teampreview\n|inactive|Battle timer is ON: inactive players will automatically lose when time's up. (requested by Brick_Enjoyer_144)\n|\n|t:|1698284220\n|start\n|switch|p1a: Illumise|Illumise, F|100\/100\n|switch|p1b: Heatran|Heatran, M|100\/100\n|switch|p2a: Kleavor|Kleavor, M|100\/100\n|switch|p2b: Rillaboom|Rillaboom, M|100\/100\n|-fieldstart|move: Grassy Terrain|[from] ability: Grassy Surge|[of] p2b: Rillaboom\n|turn|1\n|\n|t:|1698284241\n|switch|p2b: Volcanion|Volcanion|100\/100\n|move|p1a: Illumise|Trick|p2b: Volcanion\n|-activate|p1a: Illumise|move: Trick|[of] p2b: Volcanion\n|-item|p2b: Volcanion|Sticky Barb|[from] move: Trick\n|-item|p1a: Illumise|Assault Vest|[from] move: Trick\n|move|p2a: Kleavor|Stone Axe|p1a: Illumise\n|-supereffective|p1a: Illumise\n|-damage|p1a: Illumise|0 fnt\n|-sidestart|p1: Brick_Enjoyer_144|move: Stealth Rock\n|faint|p1a: Illumise\n|move|p1b: Heatran|Stealth Rock|p2b: Volcanion\n|-sidestart|p2: knaylor|move: Stealth Rock\n|\n|-damage|p2b: Volcanion|88\/100|[from] item: Sticky Barb\n|upkeep\n|inactive|Brick_Enjoyer_144 has 120 seconds left.\n|\n|t:|1698284262\n|switch|p1a: Espeon|Espeon, F|100\/100\n|-damage|p1a: Espeon|88\/100|[from] Stealth Rock\n|turn|2\n|\n|t:|1698284282\n|move|p1b: Heatran|Protect|p1b: Heatran\n|-singleturn|p1b: Heatran|Protect\n|move|p2a: Kleavor|Stone Axe|p1b: Heatran\n|-activate|p1b: Heatran|move: Protect\n|move|p1a: Espeon|Psychic|p2a: Kleavor\n|-damage|p2a: Kleavor|0 fnt\n|faint|p2a: Kleavor\n|move|p2b: Volcanion|Steam Eruption|p1b: Heatran\n|-activate|p1b: Heatran|move: Protect\n|\n|-heal|p1a: Espeon|94\/100|[from] Grassy Terrain\n|-heal|p2b: Volcanion|94\/100|[from] Grassy Terrain\n|-damage|p2b: Volcanion|82\/100|[from] item: Sticky Barb\n|upkeep\n|\n|t:|1698284289\n|switch|p2a: Ursaluna|Ursaluna, F|100\/100\n|-damage|p2a: Ursaluna|94\/100|[from] Stealth Rock\n|turn|3\n|\n|t:|1698284305\n|move|p1a: Espeon|Psychic|p2b: Volcanion\n|-damage|p2b: Volcanion|9\/100\n|-unboost|p2b: Volcanion|spd|1\n|move|p1b: Heatran|Magma Storm|p2a: Ursaluna\n|-damage|p2a: Ursaluna|59\/100\n|-activate|p2a: Ursaluna|move: Magma Storm|[of] p1b: Heatran\n|move|p2b: Volcanion|Steam Eruption|p1b: Heatran\n|-supereffective|p1b: Heatran\n|-damage|p1b: Heatran|30\/100\n|move|p2a: Ursaluna|Headlong Rush|p1b: Heatran\n|-supereffective|p1b: Heatran\n|-damage|p1b: Heatran|0 fnt\n|-unboost|p2a: Ursaluna|def|1\n|-unboost|p2a: Ursaluna|spd|1\n|faint|p1b: Heatran\n|\n|-heal|p1a: Espeon|99\/100|[from] Grassy Terrain\n|-heal|p2b: Volcanion|15\/100|[from] Grassy Terrain\n|-heal|p2a: Ursaluna|65\/100|[from] Grassy Terrain\n|-end|p2a: Ursaluna|Magma Storm|[partiallytrapped]|[silent]\n|-damage|p2b: Volcanion|3\/100|[from] item: Sticky Barb\n|-status|p2a: Ursaluna|brn|[from] item: Flame Orb\n|upkeep\n|inactive|Brick_Enjoyer_144 has 120 seconds left.\n|\n|t:|1698284333\n|switch|p1b: Urshifu|Urshifu-Rapid-Strike, F|100\/100\n|-damage|p1b: Urshifu|94\/100|[from] Stealth Rock\n|turn|4\n|\n|t:|1698284347\n|switch|p2b: Cresselia|Cresselia, F|100\/100\n|-damage|p2b: Cresselia|88\/100|[from] Stealth Rock\n|move|p2a: Ursaluna|Protect|p2a: Ursaluna\n|-singleturn|p2a: Ursaluna|Protect\n|move|p1a: Espeon|Psychic|p2b: Cresselia\n|-resisted|p2b: Cresselia\n|-damage|p2b: Cresselia|70\/100\n|move|p1b: Urshifu|Surging Strikes|p2a: Ursaluna\n|-supereffective|p2a: Ursaluna\n|-crit|p2a: Ursaluna\n|-damage|p2a: Ursaluna|0 fnt\n|faint|p2a: Ursaluna\n|-hitcount|p2: Ursaluna|1\n|\n|-heal|p1a: Espeon|100\/100|[from] Grassy Terrain\n|-heal|p1b: Urshifu|100\/100|[from] Grassy Terrain\n|upkeep\n|\n|t:|1698284351\n|switch|p2a: Flutter Mane|Flutter Mane|100\/100\n|-damage|p2a: Flutter Mane|88\/100|[from] Stealth Rock\n|turn|5\n|\n|t:|1698284371\n|move|p2b: Cresselia|Ally Switch|p2b: Cresselia\n|swap|p2b: Cresselia|0|[from] move: Ally Switch\n|move|p2b: Flutter Mane|Dazzling Gleam|p1b: Urshifu|[spread] p1a,p1b\n|-supereffective|p1b: Urshifu\n|-damage|p1a: Espeon|47\/100\n|-damage|p1b: Urshifu|0 fnt\n|faint|p1b: Urshifu\n|move|p1a: Espeon|Psychic|p2a: Cresselia\n|-resisted|p2a: Cresselia\n|-damage|p2a: Cresselia|49\/100\n|\n|-heal|p2b: Flutter Mane|94\/100|[from] Grassy Terrain\n|-heal|p1a: Espeon|53\/100|[from] Grassy Terrain\n|-fieldend|move: Grassy Terrain\n|upkeep\n|\n|t:|1698284386\n|switch|p1b: Ogerpon|Ogerpon-Hearthflame, F|100\/100\n|-damage|p1b: Ogerpon|76\/100|[from] Stealth Rock\n|-ability|p1b: Ogerpon|Mold Breaker\n|turn|6\n|\n|t:|1698284403\n|-terastallize|p1b: Ogerpon|Fire\n|detailschange|p1b: Ogerpon|Ogerpon-Hearthflame-Tera, F, tera:Fire\n|-ability|p1b: Ogerpon|Embody Aspect (Hearthflame)|boost\n|-boost|p1b: Ogerpon|atk|1\n|move|p2b: Flutter Mane|Dazzling Gleam|p1b: Ogerpon|[spread] p1a,p1b\n|-resisted|p1b: Ogerpon\n|-damage|p1a: Espeon|0 fnt\n|-damage|p1b: Ogerpon|50\/100\n|faint|p1a: Espeon\n|move|p1b: Ogerpon|Horn Leech|p2a: Cresselia\n|-damage|p2a: Cresselia|9\/100\n|-heal|p1b: Ogerpon|80\/100|[from] drain|[of] p2a: Cresselia\n|move|p2a: Cresselia|Psychic|p1b: Ogerpon\n|-damage|p1b: Ogerpon|53\/100\n|\n|upkeep\n|\n|t:|1698284416\n|switch|p1a: Gallade|Gallade, M|100\/100\n|-damage|p1a: Gallade|94\/100|[from] Stealth Rock\n|turn|7\n|\n|t:|1698284428\n|move|p2a: Cresselia|Ally Switch|p2a: Cresselia\n|swap|p2a: Cresselia|1|[from] move: Ally Switch\n|move|p2a: Flutter Mane|Dazzling Gleam|p1a: Gallade|[spread] p1a,p1b\n|-supereffective|p1a: Gallade\n|-resisted|p1b: Ogerpon\n|-damage|p1a: Gallade|3\/100\n|-damage|p1b: Ogerpon|27\/100\n|move|p1b: Ogerpon|Horn Leech|p2a: Flutter Mane\n|-damage|p2a: Flutter Mane|2\/100\n|-heal|p1b: Ogerpon|75\/100|[from] drain|[of] p2a: Flutter Mane\n|move|p1a: Gallade|Psycho Cut|p2b: Cresselia\n|-resisted|p2b: Cresselia\n|-damage|p2b: Cresselia|0 fnt\n|faint|p2b: Cresselia\n|-damage|p1a: Gallade|0 fnt|[from] item: Life Orb\n|faint|p1a: Gallade\n|\n|upkeep\n|\n|t:|1698284441\n|switch|p2b: Rillaboom|Rillaboom, M|100\/100\n|-damage|p2b: Rillaboom|88\/100|[from] Stealth Rock\n|-fieldstart|move: Grassy Terrain|[from] ability: Grassy Surge|[of] p2b: Rillaboom\n|turn|8\n|\n|t:|1698284453\n|-terastallize|p2a: Flutter Mane|Fairy\n|move|p2b: Rillaboom|Fake Out|p1b: Ogerpon\n|-damage|p1b: Ogerpon|54\/100\n|move|p2a: Flutter Mane|Dazzling Gleam|p1b: Ogerpon\n|-resisted|p1b: Ogerpon\n|-damage|p1b: Ogerpon|12\/100\n|cant|p1b: Ogerpon|flinch\n|\n|-heal|p2a: Flutter Mane|8\/100|[from] Grassy Terrain\n|-heal|p1b: Ogerpon|18\/100|[from] Grassy Terrain\n|-heal|p2b: Rillaboom|94\/100|[from] Grassy Terrain\n|upkeep\n|turn|9\n|\n|t:|1698284462\n|move|p2b: Rillaboom|Grassy Glide|p1b: Ogerpon\n|-resisted|p1b: Ogerpon\n|-damage|p1b: Ogerpon|0 fnt\n|faint|p1b: Ogerpon\n|\n|win|knaylor\n|raw|Brick_Enjoyer_144's rating: 1217 &rarr; <strong>1196<\/strong><br \/>(-21 for losing)\n|raw|knaylor's rating: 1268 &rarr; <strong>1289<\/strong><br \/>(+21 for winning)\n|l|\u2606knaylor\n","uploadtime":1698284469,"views":11,"p1id":"brickenjoyer144","p2id":"knaylor","formatid":"gen9nationaldexdoubles","rating":1196,"private":0,"password":""}