{"id":"gen9nationaldexdoubles-1955511666","p1":"wu liao de lan gou","p2":"the mudkip warrior","format":"[Gen 9] National Dex Doubles","log":"|j|\u2606wu liao de lan gou\n|j|\u2606the mudkip warrior\n|t:|1696003968\n|gametype|doubles\n|player|p1|wu liao de lan gou|marnie|1436\n|player|p2|the mudkip warrior|acetrainer-gen4dp|1456\n|teamsize|p1|6\n|teamsize|p2|6\n|gen|9\n|tier|[Gen 9] National Dex Doubles\n|rated|\n|rule|HP Percentage Mod: HP is shown in percentages\n|rule|Endless Battle Clause: Forcing endless battles is banned\n|rule|OHKO Clause: OHKO moves are banned\n|rule|Evasion Moves Clause: Evasion moves are banned\n|rule|Evasion Abilities Clause: Evasion abilities are banned\n|rule|Species Clause: Limit one of each Pok\u00e9mon\n|rule|Gravity Sleep Clause: The combination of sleep-inducing moves with imperfect accuracy and Gravity or Gigantamax Orbeetle are banned\n|clearpoke\n|poke|p1|Salamence, F|\n|poke|p1|Volcanion|\n|poke|p1|Sinistcha|\n|poke|p1|Cresselia, F|\n|poke|p1|Tornadus, M|\n|poke|p1|Gallade, M|\n|poke|p2|Incineroar, M|\n|poke|p2|Chien-Pao|\n|poke|p2|Dragonite, F|\n|poke|p2|Tornadus, M|\n|poke|p2|Charizard, M|\n|poke|p2|Farigiraf, F|\n|teampreview\n|c|\u2606the mudkip warrior|gl\n|\n|t:|1696003983\n|start\n|switch|p1a: Cresselia|Cresselia, F|100\/100\n|switch|p1b: Volcanion|Volcanion|100\/100\n|switch|p2a: Al'akir|Tornadus, M|100\/100\n|switch|p2b: Ditalini|Farigiraf, F|100\/100\n|turn|1\n|inactive|Battle timer is ON: inactive players will automatically lose when time's up. (requested by wu liao de lan gou)\n|\n|t:|1696004003\n|move|p2a: Al'akir|Tailwind|p2a: Al'akir\n|-sidestart|p2: the mudkip warrior|move: Tailwind\n|move|p2b: Ditalini|Hyper Voice|p1b: Volcanion|[spread] p1a,p1b\n|-damage|p1a: Cresselia|83\/100\n|-damage|p1b: Volcanion|80\/100\n|move|p1a: Cresselia|Moonblast|p2a: Al'akir\n|-damage|p2a: Al'akir|82\/100\n|move|p1b: Volcanion|Steam Eruption|p2a: Al'akir\n|-damage|p2a: Al'akir|21\/100\n|\n|upkeep\n|turn|2\n|\n|t:|1696004027\n|switch|p2a: Dolce|Dragonite, F|100\/100\n|move|p2b: Ditalini|Hyper Voice|p1b: Volcanion|[spread] p1a,p1b\n|-damage|p1a: Cresselia|66\/100\n|-damage|p1b: Volcanion|59\/100\n|move|p1a: Cresselia|Lunar Blessing|p1a: Cresselia|[spread] p1a,p1b\n|-heal|p1a: Cresselia|91\/100\n|-heal|p1b: Volcanion|84\/100\n|move|p1b: Volcanion|Steam Eruption|p2b: Ditalini\n|-damage|p2b: Ditalini|45\/100\n|-enditem|p2b: Ditalini|Sitrus Berry|[eat]\n|-heal|p2b: Ditalini|70\/100|[from] item: Sitrus Berry\n|\n|upkeep\n|turn|3\n|\n|t:|1696004045\n|switch|p1b: Sinistcha|Sinistcha|100\/100\n|-heal|p1a: Cresselia|100\/100|[from] ability: Hospitality|[of] p1b: Sinistcha\n|move|p2a: Dolce|Rock Slide|p1a: Cresselia|[spread] p1a,p1b\n|-damage|p1a: Cresselia|88\/100\n|-damage|p1b: Sinistcha|83\/100\n|move|p2b: Ditalini|Hyper Voice|p1a: Cresselia|[spread] p1a\n|-immune|p1b: Sinistcha\n|-damage|p1a: Cresselia|71\/100\n|cant|p1a: Cresselia|flinch\n|\n|-heal|p1b: Sinistcha|89\/100|[from] item: Leftovers\n|upkeep\n|turn|4\n|\n|t:|1696004063\n|switch|p2b: Yusuke|Chien-Pao|100\/100\n|-ability|p2b: Yusuke|Sword of Ruin\n|move|p2a: Dolce|Ice Spinner|p1b: Sinistcha\n|-supereffective|p1b: Sinistcha\n|-damage|p1b: Sinistcha|23\/100\n|move|p1a: Cresselia|Moonblast|p2a: Dolce\n|-supereffective|p2a: Dolce\n|-damage|p2a: Dolce|85\/100\n|-unboost|p2a: Dolce|spa|1\n|move|p1b: Sinistcha|Strength Sap|p2a: Dolce\n|-unboost|p2a: Dolce|atk|1\n|-heal|p1b: Sinistcha|100\/100\n|\n|-sideend|p2: the mudkip warrior|move: Tailwind\n|upkeep\n|turn|5\n|\n|t:|1696004085\n|-terastallize|p1b: Sinistcha|Fire\n|move|p2b: Yusuke|Ice Spinner|p1b: Sinistcha\n|-resisted|p1b: Sinistcha\n|-damage|p1b: Sinistcha|79\/100\n|move|p1a: Cresselia|Moonblast|p2b: Yusuke\n|-supereffective|p2b: Yusuke\n|-damage|p2b: Yusuke|43\/100\n|move|p2a: Dolce|Rock Slide|p1b: Sinistcha|[spread] p1a,p1b\n|-supereffective|p1b: Sinistcha\n|-damage|p1a: Cresselia|60\/100\n|-damage|p1b: Sinistcha|45\/100\n|move|p1b: Sinistcha|Strength Sap|p2b: Yusuke\n|-unboost|p2b: Yusuke|atk|1\n|-heal|p1b: Sinistcha|100\/100\n|\n|upkeep\n|turn|6\n|\n|t:|1696004102\n|switch|p2b: Ditalini|Farigiraf, F|70\/100\n|switch|p2a: Galakrond|Charizard, M, shiny|100\/100\n|move|p1b: Sinistcha|Rage Powder|p1b: Sinistcha\n|-singleturn|p1b: Sinistcha|move: Rage Powder\n|move|p1a: Cresselia|Trick Room|p1a: Cresselia\n|-fieldstart|move: Trick Room|[of] p1a: Cresselia\n|\n|upkeep\n|turn|7\n|\n|t:|1696004121\n|switch|p1a: Salamence|Salamence, F|100\/100\n|-ability|p1a: Salamence|Intimidate|boost\n|-unboost|p2a: Galakrond|atk|1\n|-unboost|p2b: Ditalini|atk|1\n|move|p2a: Galakrond|Protect|p2a: Galakrond\n|-singleturn|p2a: Galakrond|Protect\n|move|p1b: Sinistcha|Matcha Gotcha|p2a: Galakrond|[spread] p2b\n|-activate|p2a: Galakrond|move: Protect\n|-damage|p2b: Ditalini|49\/100\n|move|p2b: Ditalini|Trick Room|p2b: Ditalini\n|-fieldend|move: Trick Room\n|\n|upkeep\n|turn|8\n|\n|t:|1696004151\n|detailschange|p1a: Salamence|Salamence-Mega, F\n|-mega|p1a: Salamence|Salamence|Salamencite\n|detailschange|p2a: Galakrond|Charizard-Mega-Y, M, shiny\n|-mega|p2a: Galakrond|Charizard|Charizardite Y\n|-weather|SunnyDay|[from] ability: Drought|[of] p2a: Galakrond\n|move|p1a: Salamence|Double-Edge|p2a: Galakrond\n|-damage|p2a: Galakrond|0 fnt\n|faint|p2a: Galakrond\n|-damage|p1a: Salamence|73\/100|[from] Recoil\n|move|p1b: Sinistcha|Matcha Gotcha|p2b: Ditalini\n|-damage|p2b: Ditalini|22\/100\n|move|p2b: Ditalini|Dazzling Gleam|p1a: Salamence|[spread] p1a,p1b\n|-supereffective|p1a: Salamence\n|-resisted|p1b: Sinistcha\n|-damage|p1a: Salamence|33\/100\n|-damage|p1b: Sinistcha|93\/100\n|\n|-weather|SunnyDay|[upkeep]\n|-heal|p1b: Sinistcha|99\/100|[from] item: Leftovers\n|upkeep\n|inactive|the mudkip warrior has 120 seconds left.\n|\n|t:|1696004170\n|switch|p2a: Al'akir|Tornadus, M|21\/100\n|turn|9\n|\n|t:|1696004184\n|switch|p1a: Volcanion|Volcanion|84\/100\n|move|p2a: Al'akir|Tailwind|p2a: Al'akir\n|-sidestart|p2: the mudkip warrior|move: Tailwind\n|move|p2b: Ditalini|Dazzling Gleam|p1a: Volcanion|[spread] p1a,p1b\n|-resisted|p1a: Volcanion\n|-resisted|p1b: Sinistcha\n|-damage|p1a: Volcanion|78\/100\n|-damage|p1b: Sinistcha|91\/100\n|move|p1b: Sinistcha|Matcha Gotcha|p2a: Al'akir|[spread] p2a,p2b\n|-resisted|p2a: Al'akir\n|-damage|p2a: Al'akir|7\/100\n|-heal|p1b: Sinistcha|98\/100|[from] drain|[of] p2a: Al'akir\n|-damage|p2b: Ditalini|0 fnt\n|-heal|p1b: Sinistcha|100\/100|[from] drain|[of] p2b: Ditalini\n|faint|p2b: Ditalini\n|\n|-weather|SunnyDay|[upkeep]\n|upkeep\n|\n|t:|1696004198\n|switch|p2b: Dolce|Dragonite, F|85\/100\n|turn|10\n|\n|t:|1696004210\n|switch|p1a: Cresselia|Cresselia, F|60\/100\n|move|p2a: Al'akir|Bleakwind Storm|p1b: Sinistcha|[spread] p1a,p1b\n|-crit|p1a: Cresselia\n|-damage|p1a: Cresselia|24\/100\n|-damage|p1b: Sinistcha|64\/100\n|move|p2b: Dolce|Rock Slide|p1b: Sinistcha|[spread] p1a,p1b\n|-supereffective|p1b: Sinistcha\n|-damage|p1a: Cresselia|12\/100\n|-damage|p1b: Sinistcha|24\/100\n|move|p1b: Sinistcha|Strength Sap|p2b: Dolce\n|-unboost|p2b: Dolce|atk|1\n|-heal|p1b: Sinistcha|100\/100\n|\n|-weather|SunnyDay|[upkeep]\n|upkeep\n|turn|11\n|inactive|wu liao de lan gou has 120 seconds left.\n|\n|t:|1696004241\n|move|p2a: Al'akir|Bleakwind Storm|p1a: Cresselia|[spread] p1a,p1b\n|-damage|p1a: Cresselia|0 fnt\n|-damage|p1b: Sinistcha|67\/100\n|faint|p1a: Cresselia\n|move|p2b: Dolce|Rock Slide|p1b: Sinistcha\n|-supereffective|p1b: Sinistcha\n|-damage|p1b: Sinistcha|31\/100\n|move|p1b: Sinistcha|Matcha Gotcha|p2a: Al'akir|[spread] p2a,p2b\n|-resisted|p2a: Al'akir\n|-resisted|p2b: Dolce\n|-damage|p2a: Al'akir|0 fnt\n|-heal|p1b: Sinistcha|35\/100|[from] drain|[of] p2a: Al'akir\n|-damage|p2b: Dolce|80\/100\n|-heal|p1b: Sinistcha|37\/100|[from] drain|[of] p2b: Dolce\n|faint|p2a: Al'akir\n|\n|-weather|SunnyDay|[upkeep]\n|-heal|p1b: Sinistcha|43\/100|[from] item: Leftovers\n|upkeep\n|\n|t:|1696004259\n|switch|p2a: Yusuke|Chien-Pao|43\/100\n|switch|p1a: Volcanion|Volcanion|78\/100\n|-ability|p2a: Yusuke|Sword of Ruin\n|turn|12\n|\n|t:|1696004277\n|move|p2a: Yusuke|Sucker Punch||[still]\n|-fail|p2a: Yusuke\n|move|p2b: Dolce|Rock Slide|p1b: Sinistcha|[spread] p1a\n|-miss|p2b: Dolce|p1b: Sinistcha\n|-supereffective|p1a: Volcanion\n|-damage|p1a: Volcanion|47\/100\n|move|p1b: Sinistcha|Strength Sap|p2b: Dolce\n|-unboost|p2b: Dolce|atk|1\n|-heal|p1b: Sinistcha|100\/100\n|cant|p1a: Volcanion|flinch\n|\n|-weather|none\n|-sideend|p2: the mudkip warrior|move: Tailwind\n|upkeep\n|turn|13\n|\n|t:|1696004290\n|switch|p2b: Eddie|Incineroar, M|100\/100\n|-ability|p2b: Eddie|Intimidate|boost\n|-unboost|p1a: Volcanion|atk|1\n|-unboost|p1b: Sinistcha|atk|1\n|move|p2a: Yusuke|Protect|p2a: Yusuke\n|-singleturn|p2a: Yusuke|Protect\n|move|p1b: Sinistcha|Matcha Gotcha|p2a: Yusuke|[spread] p2b\n|-activate|p2a: Yusuke|move: Protect\n|-resisted|p2b: Eddie\n|-damage|p2b: Eddie|91\/100\n|move|p1a: Volcanion|Heat Wave|p2b: Eddie|[spread] p2b\n|-activate|p2a: Yusuke|move: Protect\n|-resisted|p2b: Eddie\n|-damage|p2b: Eddie|78\/100\n|\n|upkeep\n|turn|14\n|\n|t:|1696004315\n|switch|p1b: Tornadus|Tornadus, M|100\/100\n|move|p2b: Eddie|Fake Out|p1b: Tornadus\n|-damage|p1b: Tornadus|85\/100\n|move|p2a: Yusuke|Sucker Punch|p1a: Volcanion\n|-damage|p1a: Volcanion|11\/100\n|move|p1a: Volcanion|Steam Eruption|p2b: Eddie\n|-supereffective|p2b: Eddie\n|-damage|p2b: Eddie|0 fnt\n|faint|p2b: Eddie\n|\n|upkeep\n|\n|t:|1696004324\n|switch|p2b: Dolce|Dragonite, F|80\/100\n|turn|15\n|\n|t:|1696004330\n|-terastallize|p2b: Dolce|Normal\n|move|p1b: Tornadus|Tailwind|p1b: Tornadus\n|-sidestart|p1: wu liao de lan gou|move: Tailwind\n|move|p2a: Yusuke|Ice Spinner|p1b: Tornadus\n|-supereffective|p1b: Tornadus\n|-damage|p1b: Tornadus|0 fnt\n|faint|p1b: Tornadus\n|move|p1a: Volcanion|Steam Eruption|p2a: Yusuke\n|-damage|p2a: Yusuke|0 fnt\n|faint|p2a: Yusuke\n|move|p2b: Dolce|Rock Slide|p1a: Volcanion\n|-supereffective|p1a: Volcanion\n|-damage|p1a: Volcanion|0 fnt\n|faint|p1a: Volcanion\n|\n|upkeep\n|\n|t:|1696004335\n|switch|p1b: Salamence|Salamence-Mega, F|33\/100\n|switch|p1a: Sinistcha|Sinistcha, tera:Fire|100\/100\n|-heal|p1b: Salamence|58\/100|[from] ability: Hospitality|[of] p1a: Sinistcha\n|turn|16\n|\n|t:|1696004343\n|move|p1b: Salamence|Double-Edge|p2b: Dolce\n|-damage|p2b: Dolce|0 fnt\n|faint|p2b: Dolce\n|-damage|p1b: Salamence|34\/100|[from] Recoil\n|\n|win|wu liao de lan gou\n|raw|wu liao de lan gou's rating: 1436 &rarr; <strong>1457<\/strong><br \/>(+21 for winning)\n|raw|the mudkip warrior's rating: 1456 &rarr; <strong>1435<\/strong><br \/>(-21 for losing)\n|c|\u2606the mudkip warrior|gg\n|l|\u2606the mudkip warrior\n","uploadtime":1696004360,"views":4,"p1id":"wuliaodelangou","p2id":"themudkipwarrior","formatid":"gen9nationaldexdoubles","rating":1435,"private":0,"password":""}