{"id":"gen9nationaldexdoubles-1979208605","p1":"LowksterP","p2":"skaterchara","format":"[Gen 9] National Dex Doubles","log":"|j|\u2606LowksterP\n|j|\u2606skaterchara\n|t:|1698652225\n|gametype|doubles\n|player|p1|LowksterP|striker|1025\n|player|p2|skaterchara|ghetsis|1046\n|teamsize|p1|6\n|teamsize|p2|6\n|gen|9\n|tier|[Gen 9] National Dex Doubles\n|rated|\n|rule|HP Percentage Mod: HP is shown in percentages\n|rule|Endless Battle Clause: Forcing endless battles is banned\n|rule|OHKO Clause: OHKO moves are banned\n|rule|Evasion Moves Clause: Evasion moves are banned\n|rule|Evasion Abilities Clause: Evasion abilities are banned\n|rule|Species Clause: Limit one of each Pok\u00e9mon\n|rule|Gravity Sleep Clause: The combination of sleep-inducing moves with imperfect accuracy and Gravity or Gigantamax Orbeetle are banned\n|clearpoke\n|poke|p1|Altaria, M|\n|poke|p1|Gengar, M|\n|poke|p1|Jirachi|\n|poke|p1|Eldegoss, F|\n|poke|p1|Arcanine, M|\n|poke|p1|Tentacruel, M|\n|poke|p2|Torkoal, F|\n|poke|p2|Venusaur, F|\n|poke|p2|Blastoise, F|\n|poke|p2|Charizard, F|\n|poke|p2|Dragonite, F|\n|poke|p2|Victini|\n|teampreview\n|inactive|Battle timer is ON: inactive players will automatically lose when time's up. (requested by skaterchara)\n|\n|t:|1698652245\n|start\n|switch|p1a: Pickle Tickle|Tentacruel, M, shiny|100\/100\n|switch|p1b: Arcanine|Arcanine, M, shiny|100\/100\n|switch|p2a: Charizard|Charizard, F, shiny|100\/100\n|switch|p2b: Victini|Victini|100\/100\n|-ability|p1b: Arcanine|Intimidate|boost\n|-unboost|p2a: Charizard|atk|1\n|-unboost|p2b: Victini|atk|1\n|turn|1\n|\n|t:|1698652264\n|switch|p1b: Altaria|Altaria, M, shiny|100\/100\n|-ability|p1b: Altaria|Cloud Nine\n|move|p2b: Victini|Final Gambit|p1a: Pickle Tickle\n|-damage|p1a: Pickle Tickle|0 fnt\n|faint|p2b: Victini\n|faint|p1a: Pickle Tickle\n|move|p2a: Charizard|Acrobatics|p1b: Altaria\n|-damage|p1b: Altaria|87\/100\n|\n|-heal|p1b: Altaria|93\/100|[from] item: Leftovers\n|upkeep\n|\n|t:|1698652278\n|switch|p2b: Blastoise|Blastoise, F, shiny|100\/100\n|switch|p1a: Arcanine|Arcanine, M, shiny|100\/100\n|-ability|p1a: Arcanine|Intimidate|boost\n|-unboost|p2a: Charizard|atk|1\n|-unboost|p2b: Blastoise|atk|1\n|turn|2\n|\n|t:|1698652302\n|switch|p2a: Torkoal|Torkoal, F, shiny|100\/100\n|-weather|SunnyDay|[from] ability: Drought|[of] p2a: Torkoal\n|switch|p1b: Jirachi|Jirachi, shiny|100\/100\n|move|p1a: Arcanine|Mud-Slap|p2b: Blastoise\n|-damage|p2b: Blastoise|95\/100\n|-unboost|p2b: Blastoise|accuracy|1\n|move|p2b: Blastoise|Hydro Pump|p1a: Arcanine\n|-supereffective|p1a: Arcanine\n|-damage|p1a: Arcanine|51\/100\n|\n|-weather|SunnyDay|[upkeep]\n|-heal|p1a: Arcanine|58\/100|[from] item: Leftovers\n|upkeep\n|turn|3\n|inactive|LowksterP has 120 seconds left.\n|\n|t:|1698652333\n|move|p1b: Jirachi|Charge Beam|p2b: Blastoise|[miss]\n|-miss|p1b: Jirachi|p2b: Blastoise\n|move|p1a: Arcanine|Mud-Slap|p2a: Torkoal\n|-supereffective|p2a: Torkoal\n|-damage|p2a: Torkoal|86\/100\n|-unboost|p2a: Torkoal|accuracy|1\n|move|p2b: Blastoise|Hydro Pump|p1a: Arcanine|[miss]\n|-miss|p2b: Blastoise|p1a: Arcanine\n|move|p2a: Torkoal|Lava Plume|p1b: Jirachi|[spread] p2b,p1a\n|-miss|p2a: Torkoal|p1b: Jirachi\n|-resisted|p2b: Blastoise\n|-resisted|p1a: Arcanine\n|-damage|p2b: Blastoise|81\/100\n|-damage|p1a: Arcanine|41\/100\n|\n|-weather|SunnyDay|[upkeep]\n|-heal|p1a: Arcanine|47\/100|[from] item: Leftovers\n|upkeep\n|turn|4\n|inactive|LowksterP has 120 seconds left.\n|\n|t:|1698652361\n|switch|p1b: Eldegoss|Eldegoss, F, shiny|100\/100\n|switch|p2a: Dragonite|Dragonite, F, shiny|100\/100\n|detailschange|p2b: Blastoise|Blastoise-Mega, F, shiny\n|-mega|p2b: Blastoise|Blastoise|Blastoisinite\n|move|p1a: Arcanine|Mud-Slap|p2a: Dragonite\n|-immune|p2a: Dragonite\n|move|p2b: Blastoise|Dragon Pulse|p1a: Arcanine\n|-damage|p1a: Arcanine|0 fnt\n|faint|p1a: Arcanine\n|\n|-weather|SunnyDay|[upkeep]\n|upkeep\n|inactive|LowksterP has 120 seconds left.\n|\n|t:|1698652388\n|switch|p1a: Jirachi|Jirachi, shiny|100\/100\n|turn|5\n|inactive|LowksterP has 120 seconds left.\n|\n|t:|1698652404\n|move|p1a: Jirachi|Cosmic Power|p1a: Jirachi\n|-boost|p1a: Jirachi|def|1\n|-boost|p1a: Jirachi|spd|1\n|move|p2a: Dragonite|Roost||[still]\n|-fail|p2a: Dragonite|heal\n|move|p2b: Blastoise|Hydro Pump|p1b: Eldegoss|[miss]\n|-miss|p2b: Blastoise|p1b: Eldegoss\n|move|p1b: Eldegoss|Leech Seed|p2b: Blastoise\n|-start|p2b: Blastoise|move: Leech Seed\n|\n|-weather|SunnyDay|[upkeep]\n|-damage|p2b: Blastoise|68\/100|[from] Leech Seed|[of] p1b: Eldegoss\n|upkeep\n|turn|6\n|inactive|LowksterP has 120 seconds left.\n|\n|t:|1698652424\n|move|p1a: Jirachi|Charge Beam|p2b: Blastoise\n|-supereffective|p2b: Blastoise\n|-crit|p2b: Blastoise\n|-damage|p2b: Blastoise|26\/100\n|-boost|p1a: Jirachi|spa|1\n|move|p2a: Dragonite|Earthquake|p1b: Eldegoss|[spread] p2b,p1a,p1b\n|-supereffective|p1a: Jirachi\n|-resisted|p1b: Eldegoss\n|-damage|p2b: Blastoise|0 fnt\n|-damage|p1a: Jirachi|69\/100\n|-damage|p1b: Eldegoss|88\/100\n|faint|p2b: Blastoise\n|move|p1b: Eldegoss|Leech Seed|p2a: Dragonite\n|-start|p2a: Dragonite|move: Leech Seed\n|\n|-weather|SunnyDay|[upkeep]\n|-heal|p1a: Jirachi|76\/100|[from] item: Leftovers\n|-heal|p1b: Eldegoss|94\/100|[from] item: Leftovers\n|-damage|p2a: Dragonite|88\/100|[from] Leech Seed|[of] p1b: Eldegoss\n|-heal|p1b: Eldegoss|100\/100|[silent]\n|upkeep\n|\n|t:|1698652443\n|switch|p2b: Charizard|Charizard, F, shiny|100\/100\n|turn|7\n|\n|t:|1698652456\n|switch|p1b: Altaria|Altaria, M, shiny|93\/100\n|-ability|p1b: Altaria|Cloud Nine\n|move|p1a: Jirachi|Ancient Power|p2b: Charizard\n|-supereffective|p2b: Charizard\n|-damage|p2b: Charizard|0 fnt\n|faint|p2b: Charizard\n|move|p2a: Dragonite|Dragon Dance|p2a: Dragonite\n|-boost|p2a: Dragonite|atk|1\n|-boost|p2a: Dragonite|spe|1\n|\n|-weather|SunnyDay|[upkeep]\n|-heal|p1a: Jirachi|82\/100|[from] item: Leftovers\n|-heal|p1b: Altaria|99\/100|[from] item: Leftovers\n|-damage|p2a: Dragonite|76\/100|[from] Leech Seed|[of] p1b: Altaria\n|-heal|p1b: Altaria|100\/100|[silent]\n|upkeep\n|\n|t:|1698652471\n|switch|p2b: Venusaur|Venusaur, F, shiny|100\/100\n|turn|8\n|\n|t:|1698652493\n|-terastallize|p1b: Altaria|Steel\n|move|p2a: Dragonite|Dual Wingbeat|p1b: Altaria\n|-resisted|p1b: Altaria\n|-damage|p1b: Altaria|83\/100\n|-resisted|p1b: Altaria\n|-damage|p1b: Altaria|66\/100\n|-hitcount|p1b: Altaria|2\n|move|p1a: Jirachi|Ancient Power|p2a: Dragonite\n|-supereffective|p2a: Dragonite\n|-damage|p2a: Dragonite|24\/100\n|-enditem|p2a: Dragonite|Weakness Policy\n|-boost|p2a: Dragonite|atk|2|[from] item: Weakness Policy\n|-boost|p2a: Dragonite|spa|2|[from] item: Weakness Policy\n|move|p1b: Altaria|Hone Claws|p1b: Altaria\n|-boost|p1b: Altaria|atk|1\n|-boost|p1b: Altaria|accuracy|1\n|move|p2b: Venusaur|Solar Beam||[still]\n|-prepare|p2b: Venusaur|Solar Beam\n|\n|-weather|SunnyDay|[upkeep]\n|-heal|p1a: Jirachi|88\/100|[from] item: Leftovers\n|-heal|p1b: Altaria|73\/100|[from] item: Leftovers\n|-damage|p2a: Dragonite|12\/100|[from] Leech Seed|[of] p1b: Altaria\n|-heal|p1b: Altaria|86\/100|[silent]\n|upkeep\n|turn|9\n|inactive|LowksterP has 120 seconds left.\n|\n|t:|1698652545\n|move|p2a: Dragonite|Dual Wingbeat|p1b: Altaria\n|-resisted|p1b: Altaria\n|-damage|p1b: Altaria|61\/100\n|-resisted|p1b: Altaria\n|-damage|p1b: Altaria|33\/100\n|-hitcount|p1b: Altaria|2\n|move|p1a: Jirachi|Ancient Power|p2a: Dragonite\n|-supereffective|p2a: Dragonite\n|-damage|p2a: Dragonite|0 fnt\n|-boost|p1a: Jirachi|atk|1\n|-boost|p1a: Jirachi|def|1\n|-boost|p1a: Jirachi|spa|1\n|-boost|p1a: Jirachi|spd|1\n|-boost|p1a: Jirachi|spe|1\n|faint|p2a: Dragonite\n|move|p1b: Altaria|Hone Claws|p1b: Altaria\n|-boost|p1b: Altaria|atk|1\n|-boost|p1b: Altaria|accuracy|1\n|move|p2b: Venusaur|Solar Beam|p1a: Jirachi|[from]lockedmove\n|-resisted|p1a: Jirachi\n|-damage|p1a: Jirachi|69\/100\n|-damage|p2b: Venusaur|91\/100|[from] item: Life Orb\n|\n|-weather|none\n|-heal|p1a: Jirachi|75\/100|[from] item: Leftovers\n|-heal|p1b: Altaria|39\/100|[from] item: Leftovers\n|upkeep\n|inactive|skaterchara has 120 seconds left.\n|\n|t:|1698652567\n|switch|p2a: Torkoal|Torkoal, F, shiny|86\/100\n|-weather|SunnyDay|[from] ability: Drought|[of] p2a: Torkoal\n|turn|10\n|inactive|LowksterP has 120 seconds left.\n|\n|t:|1698652579\n|move|p1a: Jirachi|Ancient Power|p2a: Torkoal\n|-supereffective|p2a: Torkoal\n|-damage|p2a: Torkoal|1\/100\n|-boost|p1a: Jirachi|atk|1\n|-boost|p1a: Jirachi|def|1\n|-boost|p1a: Jirachi|spa|1\n|-boost|p1a: Jirachi|spd|1\n|-boost|p1a: Jirachi|spe|1\n|move|p1b: Altaria|Sing|p2b: Venusaur\n|-status|p2b: Venusaur|slp|[from] move: Sing\n|cant|p2b: Venusaur|slp\n|move|p2a: Torkoal|Rapid Spin|p1b: Altaria\n|-resisted|p1b: Altaria\n|-damage|p1b: Altaria|35\/100\n|-boost|p2a: Torkoal|spe|1\n|\n|-weather|SunnyDay|[upkeep]\n|-heal|p1a: Jirachi|81\/100|[from] item: Leftovers\n|-heal|p1b: Altaria|41\/100|[from] item: Leftovers\n|upkeep\n|turn|11\n|inactive|LowksterP has 120 seconds left.\n|\n|t:|1698652605\n|-terastallize|p2a: Torkoal|Fire\n|move|p1a: Jirachi|Charge Beam|p2a: Torkoal\n|-damage|p2a: Torkoal|0 fnt\n|-boost|p1a: Jirachi|spa|1\n|faint|p2a: Torkoal\n|move|p1b: Altaria|Fly||[still]\n|-prepare|p1b: Altaria|Fly\n|cant|p2b: Venusaur|slp\n|\n|-weather|SunnyDay|[upkeep]\n|-heal|p1a: Jirachi|87\/100|[from] item: Leftovers\n|-heal|p1b: Altaria|47\/100|[from] item: Leftovers\n|upkeep\n|turn|12\n|\n|t:|1698652618\n|move|p1a: Jirachi|Ancient Power|p2b: Venusaur\n|-damage|p2b: Venusaur|37\/100 slp\n|move|p1b: Altaria|Fly|p2b: Venusaur|[from]lockedmove\n|-supereffective|p2b: Venusaur\n|-damage|p2b: Venusaur|0 fnt\n|faint|p2b: Venusaur\n|\n|win|LowksterP\n|raw|LowksterP's rating: 1025 &rarr; <strong>1063<\/strong><br \/>(+38 for winning)\n|raw|skaterchara's rating: 1046 &rarr; <strong>1028<\/strong><br \/>(-18 for losing)\n|c|\u2606skaterchara|Gtfo\n","uploadtime":1698652635,"views":13,"p1id":"lowksterp","p2id":"skaterchara","formatid":"gen9nationaldexdoubles","rating":1028,"private":0,"password":""}