{"id":"gen9nationaldexdoubles-1949877002","p1":"Ricardo2221","p2":"braislago98","format":"[Gen 9] National Dex Doubles","log":"|j|\u2606Ricardo2221\n|j|\u2606braislago98\n|t:|1695405890\n|gametype|doubles\n|player|p1|Ricardo2221|benga|\n|player|p2|braislago98|266|\n|teamsize|p1|6\n|teamsize|p2|6\n|gen|9\n|tier|[Gen 9] National Dex Doubles\n|rule|HP Percentage Mod: HP is shown in percentages\n|rule|Endless Battle Clause: Forcing endless battles is banned\n|rule|OHKO Clause: OHKO moves are banned\n|rule|Evasion Moves Clause: Evasion moves are banned\n|rule|Evasion Abilities Clause: Evasion abilities are banned\n|rule|Species Clause: Limit one of each Pok\u00e9mon\n|rule|Gravity Sleep Clause: The combination of sleep-inducing moves with imperfect accuracy and Gravity or Gigantamax Orbeetle are banned\n|clearpoke\n|poke|p1|Clefable, F|\n|poke|p1|Amoonguss, F|\n|poke|p1|Iron Hands|\n|poke|p1|Hatterene, F|\n|poke|p1|Gholdengo|\n|poke|p1|Vikavolt, F|\n|poke|p2|Raichu, F|\n|poke|p2|Thundurus-Therian, M|\n|poke|p2|Iron Hands|\n|poke|p2|Pincurchin, F|\n|poke|p2|Electivire, M|\n|poke|p2|Hydreigon, F|\n|teampreview\n|inactive|Battle timer is ON: inactive players will automatically lose when time's up. (requested by Ricardo2221)\n|inactive|braislago98 has 270 seconds left.\n|\n|t:|1695405925\n|start\n|switch|p1a: Hatterene|Hatterene, F|100\/100\n|switch|p1b: Iron Hands|Iron Hands|100\/100\n|switch|p2a: Pincurchin|Pincurchin, F|100\/100\n|switch|p2b: Hydreigon|Hydreigon, F|100\/100\n|-fieldstart|move: Electric Terrain|[from] ability: Electric Surge|[of] p2a: Pincurchin\n|-activate|p1b: Iron Hands|ability: Quark Drive\n|-start|p1b: Iron Hands|quarkdriveatk\n|turn|1\n|\n|t:|1695405950\n|-terastallize|p2b: Hydreigon|Electric\n|move|p2b: Hydreigon|Dark Pulse|p1a: Hatterene\n|-damage|p1a: Hatterene|58\/100\n|move|p1b: Iron Hands|Drain Punch|p2b: Hydreigon\n|-damage|p2b: Hydreigon|36\/100\n|move|p2a: Pincurchin|Scald|p1a: Hatterene\n|-damage|p1a: Hatterene|41\/100\n|move|p1a: Hatterene|Trick Room|p1a: Hatterene\n|-fieldstart|move: Trick Room|[of] p1a: Hatterene\n|\n|-heal|p1a: Hatterene|47\/100|[from] item: Leftovers\n|upkeep\n|turn|2\n|\n|t:|1695405969\n|move|p1a: Hatterene|Dazzling Gleam|p2a: Pincurchin|[spread] p2a,p2b\n|-damage|p2a: Pincurchin|58\/100\n|-damage|p2b: Hydreigon|0 fnt\n|faint|p2b: Hydreigon\n|move|p2a: Pincurchin|Scald|p1b: Iron Hands\n|-damage|p1b: Iron Hands|84\/100\n|move|p1b: Iron Hands|Earthquake|p2a: Pincurchin|[spread] p1a,p2a\n|-crit|p1a: Hatterene\n|-supereffective|p2a: Pincurchin\n|-damage|p1a: Hatterene|0 fnt\n|-damage|p2a: Pincurchin|0 fnt\n|faint|p1a: Hatterene\n|faint|p2a: Pincurchin\n|\n|upkeep\n|\n|t:|1695405988\n|switch|p1a: Vikavolt|Vikavolt, F|100\/100\n|switch|p2a: Iron Hands|Iron Hands|100\/100\n|switch|p2b: Thundurus|Thundurus-Therian, M|100\/100\n|-activate|p2a: Iron Hands|ability: Quark Drive\n|-start|p2a: Iron Hands|quarkdriveatk\n|turn|3\n|\n|t:|1695406007\n|move|p1a: Vikavolt|Bug Buzz|p2b: Thundurus\n|-resisted|p2b: Thundurus\n|-damage|p2b: Thundurus|39\/100\n|move|p1b: Iron Hands|Fire Punch|p2b: Thundurus\n|-damage|p2b: Thundurus|0 fnt\n|faint|p2b: Thundurus\n|move|p2a: Iron Hands|Drain Punch|p1b: Iron Hands\n|-damage|p1b: Iron Hands|49\/100\n|\n|upkeep\n|\n|t:|1695406026\n|switch|p2b: Electivire|Electivire, M|100\/100\n|-item|p2b: Electivire|Air Balloon\n|turn|4\n|\n|t:|1695406046\n|move|p1a: Vikavolt|Bug Buzz|p2b: Electivire\n|-damage|p2b: Electivire|0 fnt\n|-enditem|p2b: Electivire|Air Balloon\n|faint|p2b: Electivire\n|move|p1b: Iron Hands|Earthquake|p2a: Iron Hands|[spread] p2a\n|-immune|p1a: Vikavolt|[from] ability: Levitate\n|-supereffective|p2a: Iron Hands\n|-damage|p2a: Iron Hands|49\/100\n|move|p2a: Iron Hands|Ice Punch|p1a: Vikavolt\n|-damage|p1a: Vikavolt|64\/100\n|\n|upkeep\n|\n|t:|1695406058\n|switch|p2b: Raichu|Raichu, F|100\/100\n|turn|5\n|\n|t:|1695406065\n|move|p1a: Vikavolt|Bug Buzz|p2b: Raichu\n|-damage|p2b: Raichu|0 fnt\n|faint|p2b: Raichu\n|move|p1b: Iron Hands|Earthquake|p2a: Iron Hands|[spread] p2a\n|-immune|p1a: Vikavolt|[from] ability: Levitate\n|-supereffective|p2a: Iron Hands\n|-damage|p2a: Iron Hands|0 fnt\n|faint|p2a: Iron Hands\n|-end|p2a: Iron Hands|Quark Drive|[silent]\n|\n|win|Ricardo2221\n|c|\u2606braislago98|gg\n","uploadtime":1695406072,"views":9,"p1id":"ricardo2221","p2id":"braislago98","formatid":"gen9nationaldexdoubles","rating":0,"private":0,"password":""}