{"id":"gen9nationaldexdoubles-2000641125","p1":"Theadonia","p2":"DazzlingBrilliance","format":"[Gen 9] National Dex Doubles","log":"|j|\u2606Theadonia\n|j|\u2606DazzlingBrilliance\n|t:|1701213542\n|gametype|doubles\n|player|p1|Theadonia|roxie|1060\n|player|p2|DazzlingBrilliance|striker|1052\n|teamsize|p1|6\n|teamsize|p2|6\n|gen|9\n|tier|[Gen 9] National Dex Doubles\n|rated|\n|rule|HP Percentage Mod: HP is shown in percentages\n|rule|Endless Battle Clause: Forcing endless battles is banned\n|rule|OHKO Clause: OHKO moves are banned\n|rule|Evasion Moves Clause: Evasion moves are banned\n|rule|Evasion Abilities Clause: Evasion abilities are banned\n|rule|Species Clause: Limit one of each Pok\u00e9mon\n|rule|Gravity Sleep Clause: The combination of sleep-inducing moves with imperfect accuracy and Gravity or Gigantamax Orbeetle are banned\n|clearpoke\n|poke|p1|Delphox, F|\n|poke|p1|Oricorio-Sensu, M|\n|poke|p1|Kommo-o, M|\n|poke|p1|Snorlax, F|\n|poke|p1|Cresselia, F|\n|poke|p1|Ribombee, M|\n|poke|p2|Jumpluff, M|\n|poke|p2|Qwilfish, M|\n|poke|p2|Chandelure, M|\n|poke|p2|Muk-Alola, M|\n|poke|p2|Blissey, F|\n|poke|p2|Altaria, M|\n|teampreview\n|\n|t:|1701213556\n|start\n|switch|p1a: Oricorio|Oricorio-Sensu, M, shiny|100\/100\n|switch|p1b: Ribombee|Ribombee, M|100\/100\n|switch|p2a: Altaria|Altaria, M, shiny|100\/100\n|switch|p2b: Qweefish|Qwilfish, M, shiny|100\/100\n|-ability|p2a: Altaria|Cloud Nine\n|-ability|p2b: Qweefish|Intimidate|boost\n|-unboost|p1a: Oricorio|atk|1\n|-unboost|p1b: Ribombee|atk|1\n|turn|1\n|\n|t:|1701213584\n|switch|p2a: Blissey|Blissey, F, shiny|100\/100\n|move|p1b: Ribombee|Quiver Dance|p1b: Ribombee\n|-boost|p1b: Ribombee|spa|1\n|-boost|p1b: Ribombee|spd|1\n|-boost|p1b: Ribombee|spe|1\n|-activate|p1a: Oricorio|ability: Dancer\n|move|p1a: Oricorio|Quiver Dance|p1a: Oricorio|[from]ability: Dancer\n|-boost|p1a: Oricorio|spa|1\n|-boost|p1a: Oricorio|spd|1\n|-boost|p1a: Oricorio|spe|1\n|move|p1a: Oricorio|Quiver Dance|p1a: Oricorio\n|-boost|p1a: Oricorio|spa|1\n|-boost|p1a: Oricorio|spd|1\n|-boost|p1a: Oricorio|spe|1\n|move|p2b: Qweefish|Thunder Wave|p1b: Ribombee\n|-status|p1b: Ribombee|par\n|\n|upkeep\n|turn|2\n|\n|t:|1701213609\n|move|p1a: Oricorio|Substitute|p1a: Oricorio\n|-start|p1a: Oricorio|Substitute\n|-damage|p1a: Oricorio|75\/100\n|move|p1b: Ribombee|Quiver Dance|p1b: Ribombee\n|-boost|p1b: Ribombee|spa|1\n|-boost|p1b: Ribombee|spd|1\n|-boost|p1b: Ribombee|spe|1\n|-activate|p1a: Oricorio|ability: Dancer\n|move|p1a: Oricorio|Quiver Dance|p1a: Oricorio|[from]ability: Dancer\n|-boost|p1a: Oricorio|spa|1\n|-boost|p1a: Oricorio|spd|1\n|-boost|p1a: Oricorio|spe|1\n|move|p2b: Qweefish|Thunder Wave||[still]\n|-fail|p2b: Qweefish\n|move|p2a: Blissey|Mud-Slap|p1b: Ribombee\n|-resisted|p1b: Ribombee\n|-damage|p1b: Ribombee|99\/100 par\n|-unboost|p1b: Ribombee|accuracy|1\n|\n|upkeep\n|turn|3\n|\n|t:|1701213637\n|switch|p2b: Jumpluff|Jumpluff, M, shiny|100\/100\n|move|p1a: Oricorio|Quiver Dance|p1a: Oricorio\n|-boost|p1a: Oricorio|spa|1\n|-boost|p1a: Oricorio|spd|1\n|-boost|p1a: Oricorio|spe|1\n|move|p1b: Ribombee|Quiver Dance|p1b: Ribombee\n|-boost|p1b: Ribombee|spa|1\n|-boost|p1b: Ribombee|spd|1\n|-boost|p1b: Ribombee|spe|1\n|-activate|p1a: Oricorio|ability: Dancer\n|move|p1a: Oricorio|Quiver Dance|p1a: Oricorio|[from]ability: Dancer\n|-boost|p1a: Oricorio|spa|1\n|-boost|p1a: Oricorio|spd|1\n|-boost|p1a: Oricorio|spe|1\n|move|p2a: Blissey|Charge Beam|p1a: Oricorio\n|-supereffective|p1a: Oricorio\n|-activate|p1a: Oricorio|move: Substitute|[damage]\n|-boost|p2a: Blissey|spa|1\n|\n|upkeep\n|turn|4\n|\n|t:|1701213670\n|-terastallize|p2b: Jumpluff|Rock\n|move|p1a: Oricorio|Revelation Dance|p2b: Jumpluff\n|-damage|p2b: Jumpluff|0 fnt\n|faint|p2b: Jumpluff\n|move|p1b: Ribombee|Dazzling Gleam|p2a: Blissey\n|-damage|p2a: Blissey|63\/100\n|move|p2a: Blissey|Mud-Slap|p1b: Ribombee\n|-resisted|p1b: Ribombee\n|-damage|p1b: Ribombee|96\/100 par\n|-unboost|p1b: Ribombee|accuracy|1\n|\n|-heal|p2a: Blissey|69\/100|[from] item: Leftovers\n|upkeep\n|\n|t:|1701213689\n|switch|p2b: Altaria|Altaria, M, shiny|100\/100\n|-ability|p2b: Altaria|Cloud Nine\n|turn|5\n|\n|t:|1701213697\n|move|p1a: Oricorio|Quiver Dance|p1a: Oricorio\n|-boost|p1a: Oricorio|spa|1\n|-boost|p1a: Oricorio|spd|1\n|-boost|p1a: Oricorio|spe|1\n|cant|p1b: Ribombee|par\n|move|p2b: Altaria|Tailwind|p2b: Altaria\n|-sidestart|p2: DazzlingBrilliance|move: Tailwind\n|move|p2a: Blissey|Mud-Slap|p1b: Ribombee\n|-resisted|p1b: Ribombee\n|-damage|p1b: Ribombee|94\/100 par\n|-unboost|p1b: Ribombee|accuracy|1\n|\n|-heal|p2a: Blissey|75\/100|[from] item: Leftovers\n|upkeep\n|turn|6\n|\n|t:|1701213725\n|move|p1a: Oricorio|Baton Pass|p1a: Oricorio\n|\n|t:|1701213730\n|switch|p1a: Snorlax|Snorlax, F|100\/100|[from] Baton Pass\n|move|p2b: Altaria|Steel Wing|p1b: Ribombee\n|-supereffective|p1b: Ribombee\n|-damage|p1b: Ribombee|43\/100 par\n|move|p1b: Ribombee|Dazzling Gleam|p2a: Blissey|[spread] p2a,p2b\n|-supereffective|p2b: Altaria\n|-damage|p2a: Blissey|46\/100\n|-damage|p2b: Altaria|0 fnt\n|faint|p2b: Altaria\n|move|p2a: Blissey|Charge Beam|p1a: Snorlax\n|-activate|p1a: Snorlax|move: Substitute|[damage]\n|-boost|p2a: Blissey|spa|1\n|\n|-heal|p2a: Blissey|52\/100|[from] item: Leftovers\n|upkeep\n|\n|t:|1701213749\n|switch|p2b: Chandelure|Chandelure, M, shiny|100\/100\n|turn|7\n|\n|t:|1701213764\n|move|p2b: Chandelure|Clear Smog|p1a: Snorlax\n|-damage|p1a: Snorlax|98\/100\n|-clearboost|p1a: Snorlax\n|cant|p1b: Ribombee|par\n|move|p2a: Blissey|Charge Beam|p1b: Ribombee\n|-damage|p1b: Ribombee|27\/100 par\n|-boost|p2a: Blissey|spa|1\n|move|p1a: Snorlax|Crunch|p2b: Chandelure\n|-supereffective|p2b: Chandelure\n|-damage|p2b: Chandelure|41\/100\n|\n|-heal|p2b: Chandelure|47\/100|[from] item: Leftovers\n|-heal|p2a: Blissey|58\/100|[from] item: Leftovers\n|upkeep\n|turn|8\n|\n|t:|1701213802\n|move|p2b: Chandelure|Will-O-Wisp|p1a: Snorlax\n|-status|p1a: Snorlax|brn\n|cant|p1b: Ribombee|par\n|move|p2a: Blissey|Mud-Slap|p1b: Ribombee\n|-resisted|p1b: Ribombee\n|-damage|p1b: Ribombee|23\/100 par\n|-unboost|p1b: Ribombee|accuracy|1\n|move|p1a: Snorlax|Crunch|p2b: Chandelure\n|-supereffective|p2b: Chandelure\n|-damage|p2b: Chandelure|15\/100\n|\n|-heal|p2b: Chandelure|21\/100|[from] item: Leftovers\n|-heal|p2a: Blissey|65\/100|[from] item: Leftovers\n|-damage|p1a: Snorlax|92\/100 brn|[from] brn\n|-sideend|p2: DazzlingBrilliance|move: Tailwind\n|upkeep\n|turn|9\n|\n|t:|1701213828\n|switch|p2b: Muk|Muk-Alola, M, shiny|100\/100\n|move|p1b: Ribombee|Speed Swap|p1a: Snorlax\n|-activate|p1b: Ribombee|move: Speed Swap|[of] p1a: Snorlax\n|move|p1a: Snorlax|Crunch|p2b: Muk\n|-resisted|p2b: Muk\n|-damage|p2b: Muk|95\/100\n|-unboost|p2b: Muk|def|1\n|move|p2a: Blissey|Charge Beam|p1b: Ribombee\n|-crit|p1b: Ribombee\n|-damage|p1b: Ribombee|0 fnt\n|-boost|p2a: Blissey|spa|1\n|faint|p1b: Ribombee\n|\n|-heal|p2a: Blissey|71\/100|[from] item: Leftovers\n|-heal|p2b: Muk|100\/100|[from] item: Leftovers\n|-damage|p1a: Snorlax|86\/100 brn|[from] brn\n|upkeep\n|\n|t:|1701213838\n|switch|p1b: Kommo-o|Kommo-o, M, shiny|100\/100\n|turn|10\n|\n|t:|1701213874\n|switch|p2b: Qweefish|Qwilfish, M, shiny|100\/100\n|-ability|p2b: Qweefish|Intimidate|boost\n|-immune|p1a: Snorlax\n|-unboost|p1b: Kommo-o|atk|1\n|move|p1a: Snorlax|Curse|p1a: Snorlax\n|-unboost|p1a: Snorlax|spe|1\n|-boost|p1a: Snorlax|atk|1\n|-boost|p1a: Snorlax|def|1\n|-zpower|p1b: Kommo-o\n|move|p1b: Kommo-o|Clangorous Soulblaze|p2a: Blissey|[zeffect]|[spread] p2a,p2b\n|-damage|p2a: Blissey|53\/100\n|-damage|p2b: Qweefish|31\/100\n|-boost|p1b: Kommo-o|atk|1\n|-boost|p1b: Kommo-o|def|1\n|-boost|p1b: Kommo-o|spa|1\n|-boost|p1b: Kommo-o|spd|1\n|-boost|p1b: Kommo-o|spe|1\n|move|p2a: Blissey|Mud-Slap|p1b: Kommo-o\n|-damage|p1b: Kommo-o|90\/100\n|-unboost|p1b: Kommo-o|accuracy|1\n|\n|-heal|p2b: Qweefish|37\/100|[from] item: Leftovers\n|-heal|p2a: Blissey|59\/100|[from] item: Leftovers\n|-damage|p1a: Snorlax|80\/100 brn|[from] brn\n|upkeep\n|turn|11\n|\n|t:|1701213913\n|move|p1b: Kommo-o|Clangorous Soul|p1b: Kommo-o\n|-boost|p1b: Kommo-o|atk|1\n|-boost|p1b: Kommo-o|def|1\n|-boost|p1b: Kommo-o|spa|1\n|-boost|p1b: Kommo-o|spd|1\n|-boost|p1b: Kommo-o|spe|1\n|-damage|p1b: Kommo-o|57\/100\n|move|p2b: Qweefish|Thunder Wave|p1b: Kommo-o\n|-status|p1b: Kommo-o|par\n|move|p1a: Snorlax|Curse|p1a: Snorlax\n|-unboost|p1a: Snorlax|spe|1\n|-boost|p1a: Snorlax|atk|1\n|-boost|p1a: Snorlax|def|1\n|move|p2a: Blissey|Psychic|p1b: Kommo-o\n|-supereffective|p1b: Kommo-o\n|-crit|p1b: Kommo-o\n|-damage|p1b: Kommo-o|0 fnt\n|faint|p1b: Kommo-o\n|\n|-heal|p2b: Qweefish|44\/100|[from] item: Leftovers\n|-heal|p2a: Blissey|65\/100|[from] item: Leftovers\n|-damage|p1a: Snorlax|73\/100 brn|[from] brn\n|upkeep\n|\n|t:|1701213939\n|switch|p1b: Cresselia|Cresselia, F|100\/100\n|turn|12\n|\n|t:|1701213958\n|switch|p2b: Muk|Muk-Alola, M, shiny|100\/100\n|move|p1b: Cresselia|Lunar Blessing||[still]|[still]|[spread] p1a,p1b\n|-fail|p1b: Cresselia\n|-fail|p1b: Cresselia\n|move|p1a: Snorlax|Curse|p1a: Snorlax\n|-unboost|p1a: Snorlax|spe|1\n|-boost|p1a: Snorlax|atk|1\n|-boost|p1a: Snorlax|def|1\n|move|p2a: Blissey|Charge Beam|p1a: Snorlax\n|-end|p1a: Snorlax|Substitute\n|-boost|p2a: Blissey|spa|1\n|\n|-heal|p2a: Blissey|71\/100|[from] item: Leftovers\n|-damage|p1a: Snorlax|67\/100 brn|[from] brn\n|upkeep\n|turn|13\n|\n|t:|1701213991\n|move|p1b: Cresselia|Psych Up|p1a: Snorlax\n|-copyboost|p1b: Cresselia|p1a: Snorlax|[from] move: Psych Up\n|move|p2a: Blissey|Mud-Slap|p1a: Snorlax\n|-damage|p1a: Snorlax|58\/100 brn\n|-unboost|p1a: Snorlax|accuracy|1\n|move|p2b: Muk|Power-Up Punch|p1a: Snorlax\n|-supereffective|p1a: Snorlax\n|-damage|p1a: Snorlax|51\/100 brn\n|-boost|p2b: Muk|atk|1\n|move|p1a: Snorlax|Giga Impact|p2a: Blissey\n|-damage|p2a: Blissey|0 fnt\n|-mustrecharge|p1a: Snorlax\n|faint|p2a: Blissey\n|\n|-damage|p1a: Snorlax|45\/100 brn|[from] brn\n|upkeep\n|\n|t:|1701214016\n|switch|p2a: Qweefish|Qwilfish, M, shiny|44\/100\n|-ability|p2a: Qweefish|Intimidate|boost\n|-unboost|p1a: Snorlax|atk|1\n|-unboost|p1b: Cresselia|atk|1\n|turn|14\n|\n|t:|1701214028\n|move|p2a: Qweefish|Thunder Wave|p1b: Cresselia\n|-status|p1b: Cresselia|par\n|move|p2b: Muk|Knock Off|p1b: Cresselia\n|-supereffective|p1b: Cresselia\n|-damage|p1b: Cresselia|69\/100 par\n|-enditem|p1b: Cresselia|Leftovers|[from] move: Knock Off|[of] p2b: Muk\n|cant|p1a: Snorlax|recharge\n|cant|p1b: Cresselia|par\n|\n|-heal|p2a: Qweefish|50\/100|[from] item: Leftovers\n|-damage|p1a: Snorlax|39\/100 brn|[from] brn\n|upkeep\n|turn|15\n|\n|t:|1701214059\n|switch|p2a: Chandelure|Chandelure, M, shiny|21\/100\n|move|p2b: Muk|Knock Off|p1a: Snorlax\n|-damage|p1a: Snorlax|25\/100 brn\n|move|p1a: Snorlax|Giga Impact|p2b: Muk\n|-damage|p2b: Muk|38\/100\n|-mustrecharge|p1a: Snorlax\n|cant|p1b: Cresselia|par\n|\n|-heal|p2a: Chandelure|27\/100|[from] item: Leftovers\n|-heal|p2b: Muk|44\/100|[from] item: Leftovers\n|-damage|p1a: Snorlax|19\/100 brn|[from] brn\n|upkeep\n|turn|16\n|\n|t:|1701214087\n|move|p2a: Chandelure|Clear Smog|p1b: Cresselia\n|-damage|p1b: Cresselia|58\/100 par\n|-clearboost|p1b: Cresselia\n|move|p2b: Muk|Power-Up Punch|p1a: Snorlax\n|-supereffective|p1a: Snorlax\n|-damage|p1a: Snorlax|9\/100 brn\n|-boost|p2b: Muk|atk|1\n|cant|p1a: Snorlax|recharge\n|move|p1b: Cresselia|Stored Power|p2a: Chandelure\n|-damage|p2a: Chandelure|18\/100\n|\n|-heal|p2a: Chandelure|24\/100|[from] item: Leftovers\n|-heal|p2b: Muk|50\/100|[from] item: Leftovers\n|-damage|p1a: Snorlax|3\/100 brn|[from] brn\n|upkeep\n|turn|17\n|\n|t:|1701214142\n|move|p2a: Chandelure|Calm Mind|p2a: Chandelure\n|-boost|p2a: Chandelure|spa|1\n|-boost|p2a: Chandelure|spd|1\n|move|p2b: Muk|Power-Up Punch|p1a: Snorlax\n|-supereffective|p1a: Snorlax\n|-crit|p1a: Snorlax\n|-damage|p1a: Snorlax|0 fnt\n|-boost|p2b: Muk|atk|1\n|faint|p1a: Snorlax\n|move|p1b: Cresselia|Lunar Blessing|p1b: Cresselia\n|-heal|p1b: Cresselia|83\/100 par\n|-curestatus|p1b: Cresselia|par|[msg]\n|\n|-heal|p2a: Chandelure|30\/100|[from] item: Leftovers\n|-heal|p2b: Muk|56\/100|[from] item: Leftovers\n|upkeep\n|\n|t:|1701214152\n|switch|p1a: Oricorio|Oricorio-Sensu, M, shiny|75\/100\n|turn|18\n|\n|t:|1701214183\n|move|p2a: Chandelure|Heat Wave|p1a: Oricorio|[spread] p1a\n|-miss|p2a: Chandelure|p1b: Cresselia\n|-damage|p1a: Oricorio|3\/100\n|-enditem|p1a: Oricorio|Aguav Berry|[eat]\n|-heal|p1a: Oricorio|36\/100|[from] item: Aguav Berry\n|move|p1a: Oricorio|Quiver Dance|p1a: Oricorio\n|-boost|p1a: Oricorio|spa|1\n|-boost|p1a: Oricorio|spd|1\n|-boost|p1a: Oricorio|spe|1\n|move|p1b: Cresselia|Psych Up|p2a: Chandelure\n|-copyboost|p1b: Cresselia|p2a: Chandelure|[from] move: Psych Up\n|move|p2b: Muk|Rock Slide|p1a: Oricorio|[spread] \n|-miss|p2b: Muk|p1a: Oricorio\n|-miss|p2b: Muk|p1b: Cresselia\n|\n|-heal|p2a: Chandelure|37\/100|[from] item: Leftovers\n|-heal|p2b: Muk|62\/100|[from] item: Leftovers\n|upkeep\n|turn|19\n|c|\u2606DazzlingBrilliance|Lets go\n|inactive|Battle timer is ON: inactive players will automatically lose when time's up. (requested by DazzlingBrilliance)\n|inactive|Theadonia has 120 seconds left.\n|inactive|Theadonia has 90 seconds left.\n|\n|t:|1701214393\n|move|p2b: Muk|Shadow Sneak|p1a: Oricorio\n|-supereffective|p1a: Oricorio\n|-damage|p1a: Oricorio|0 fnt\n|faint|p1a: Oricorio\n|move|p2a: Chandelure|Clear Smog|p1b: Cresselia\n|-damage|p1b: Cresselia|72\/100\n|-clearboost|p1b: Cresselia\n|move|p1b: Cresselia|Lunar Blessing|p1b: Cresselia\n|-heal|p1b: Cresselia|97\/100\n|\n|-heal|p2a: Chandelure|43\/100|[from] item: Leftovers\n|-heal|p2b: Muk|68\/100|[from] item: Leftovers\n|upkeep\n|\n|t:|1701214394\n|switch|p1a: Delphox|Delphox, F, shiny|100\/100\n|turn|20\n|inactive|DazzlingBrilliance has 120 seconds left.\n|inactiveoff|Battle timer is now OFF.\n|inactive|Battle timer is ON: inactive players will automatically lose when time's up. (requested by Theadonia)\n|\n|t:|1701214470\n|move|p1a: Delphox|Copycat|p1a: Delphox\n|move|p1a: Delphox|Lunar Blessing|p1a: Delphox|[from]move: Copycat|[spread] p1a,p1b\n|-heal|p1b: Cresselia|100\/100\n|move|p2a: Chandelure|Clear Smog|p1b: Cresselia\n|-damage|p1b: Cresselia|82\/100\n|-clearboost|p1b: Cresselia\n|move|p1b: Cresselia|Psych Up|p2a: Chandelure\n|-copyboost|p1b: Cresselia|p2a: Chandelure|[from] move: Psych Up\n|move|p2b: Muk|Knock Off|p1a: Delphox\n|-supereffective|p1a: Delphox\n|-damage|p1a: Delphox|0 fnt\n|-enditem|p1a: Delphox|Weakness Policy|[from] move: Knock Off|[of] p2b: Muk\n|faint|p1a: Delphox\n|\n|-heal|p2a: Chandelure|49\/100|[from] item: Leftovers\n|-heal|p2b: Muk|74\/100|[from] item: Leftovers\n|upkeep\n|turn|21\n|inactive|DazzlingBrilliance has 120 seconds left.\n|\n|t:|1701214500\n|move|p2b: Muk|Shadow Sneak|p1b: Cresselia\n|-supereffective|p1b: Cresselia\n|-damage|p1b: Cresselia|48\/100\n|-status|p1b: Cresselia|psn|[from] ability: Poison Touch|[of] p2b: Muk\n|move|p2a: Chandelure|Clear Smog|p1b: Cresselia\n|-damage|p1b: Cresselia|36\/100 psn\n|-clearboost|p1b: Cresselia\n|move|p1b: Cresselia|Stored Power|p2a: Chandelure\n|-damage|p2a: Chandelure|42\/100\n|\n|-heal|p2a: Chandelure|48\/100|[from] item: Leftovers\n|-heal|p2b: Muk|80\/100|[from] item: Leftovers\n|-damage|p1b: Cresselia|24\/100 psn|[from] psn\n|upkeep\n|turn|22\n|-message|Theadonia forfeited.\n|\n|win|DazzlingBrilliance\n|raw|Theadonia's rating: 1060 &rarr; <strong>1041<\/strong><br \/>(-19 for losing)\n|raw|DazzlingBrilliance's rating: 1052 &rarr; <strong>1085<\/strong><br \/>(+33 for winning)\n|l|\u2606Theadonia\n","uploadtime":1701214556,"views":0,"p1id":"theadonia","p2id":"dazzlingbrilliance","formatid":"gen9nationaldexdoubles","rating":1041,"private":0,"password":""}