{"id":"gen9nationaldexdoubles-1948793048","p1":"Forever1506","p2":"Jti kt","format":"[Gen 9] National Dex Doubles","log":"|j|\u2606Forever1506\n|j|\u2606Jti kt\n|t:|1695303279\n|gametype|doubles\n|player|p1|Forever1506|102|1083\n|player|p2|Jti kt|youngster-gen4dp|1000\n|teamsize|p1|6\n|teamsize|p2|6\n|gen|9\n|tier|[Gen 9] National Dex Doubles\n|rated|\n|rule|HP Percentage Mod: HP is shown in percentages\n|rule|Endless Battle Clause: Forcing endless battles is banned\n|rule|OHKO Clause: OHKO moves are banned\n|rule|Evasion Moves Clause: Evasion moves are banned\n|rule|Evasion Abilities Clause: Evasion abilities are banned\n|rule|Species Clause: Limit one of each Pok\u00e9mon\n|rule|Gravity Sleep Clause: The combination of sleep-inducing moves with imperfect accuracy and Gravity or Gigantamax Orbeetle are banned\n|clearpoke\n|poke|p1|Tornadus, M|\n|poke|p1|Torkoal, M|\n|poke|p1|Pelipper, F|\n|poke|p1|Walking Wake|\n|poke|p1|Swampert, M|\n|poke|p1|Flutter Mane|\n|poke|p2|Indeedee, M|\n|poke|p2|Deoxys-Attack|\n|poke|p2|Typhlosion, M|\n|poke|p2|Kartana|\n|poke|p2|Murkrow, F|\n|poke|p2|Shuckle, M|\n|teampreview\n|j| Half a castle\n|inactive|Battle timer is ON: inactive players will automatically lose when time's up. (requested by Jti kt)\n|\n|t:|1695303287\n|start\n|switch|p1a: Tornadus|Tornadus, M|100\/100\n|switch|p1b: Walking Wake|Walking Wake|100\/100\n|switch|p2a: Murkrow|Murkrow, F|100\/100\n|switch|p2b: Shuckle|Shuckle, M|100\/100\n|-enditem|p1b: Walking Wake|Booster Energy\n|-activate|p1b: Walking Wake|ability: Protosynthesis|[fromitem]\n|-start|p1b: Walking Wake|protosynthesisspe\n|turn|1\n|\n|t:|1695303297\n|move|p1a: Tornadus|Tailwind|p1a: Tornadus\n|-sidestart|p1: Forever1506|move: Tailwind\n|move|p2a: Murkrow|Taunt|p1a: Tornadus\n|-start|p1a: Tornadus|move: Taunt\n|move|p1b: Walking Wake|Hydro Steam|p2a: Murkrow\n|-damage|p2a: Murkrow|22\/100\n|move|p2b: Shuckle|Sticky Web|p1a: Tornadus\n|-sidestart|p1: Forever1506|move: Sticky Web\n|\n|upkeep\n|turn|2\n|\n|t:|1695303312\n|move|p2a: Murkrow|Tailwind|p2a: Murkrow\n|-sidestart|p2: Jti kt|move: Tailwind\n|move|p1b: Walking Wake|Hydro Steam|p2a: Murkrow\n|-damage|p2a: Murkrow|0 fnt\n|faint|p2a: Murkrow\n|move|p1a: Tornadus|Bleakwind Storm|p2b: Shuckle\n|-damage|p2b: Shuckle|77\/100\n|move|p2b: Shuckle|Stealth Rock|p1b: Walking Wake\n|-sidestart|p1: Forever1506|move: Stealth Rock\n|\n|upkeep\n|inactive|Jti kt has 120 seconds left.\n|\n|t:|1695303346\n|switch|p2a: Deoxys|Deoxys-Attack|100\/100\n|-ability|p2a: Deoxys|Pressure\n|turn|3\n|\n|t:|1695303361\n|move|p1b: Walking Wake|Draco Meteor|p2a: Deoxys\n|-crit|p2a: Deoxys\n|-enditem|p2a: Deoxys|Focus Sash\n|-damage|p2a: Deoxys|1\/100\n|-unboost|p1b: Walking Wake|spa|2\n|move|p2a: Deoxys|Ice Beam|p1a: Tornadus\n|-supereffective|p1a: Tornadus\n|-crit|p1a: Tornadus\n|-damage|p1a: Tornadus|0 fnt\n|faint|p1a: Tornadus\n|move|p2b: Shuckle|Power Split|p1b: Walking Wake\n|-activate|p2b: Shuckle|move: Power Split|[of] p1b: Walking Wake\n|\n|upkeep\n|\n|t:|1695303376\n|switch|p1a: Pelipper|Pelipper, F|100\/100\n|-damage|p1a: Pelipper|76\/100|[from] Stealth Rock\n|-weather|RainDance|[from] ability: Drizzle|[of] p1a: Pelipper\n|turn|4\n|\n|t:|1695303394\n|-end|p1b: Walking Wake|Protosynthesis|[silent]\n|switch|p1b: Swampert|Swampert, M|100\/100\n|-activate|p1b: Swampert|move: Sticky Web\n|-unboost|p1b: Swampert|spe|1\n|-damage|p1b: Swampert|94\/100|[from] Stealth Rock\n|move|p2a: Deoxys|Taunt|p1a: Pelipper\n|-start|p1a: Pelipper|move: Taunt\n|cant|p1a: Pelipper|move: Taunt|Defog\n|move|p2b: Shuckle|Toxic|p1b: Swampert\n|-status|p1b: Swampert|tox\n|\n|-weather|RainDance|[upkeep]\n|-damage|p1b: Swampert|88\/100 tox|[from] psn\n|-sideend|p1: Forever1506|move: Tailwind\n|upkeep\n|turn|5\n|c| Half a castle|\uff1f\uff1f\uff1f\uff1f\uff1f\uff1f\uff1f\uff1f\uff1f\uff1f\uff1f\n|\n|t:|1695303424\n|switch|p2b: Indeedee|Indeedee, M|100\/100\n|-fieldstart|move: Psychic Terrain|[from] ability: Psychic Surge|[of] p2b: Indeedee\n|detailschange|p1b: Swampert|Swampert-Mega, M\n|-mega|p1b: Swampert|Swampert|Swampertite\n|move|p2a: Deoxys|Psyshock|p1b: Swampert\n|-damage|p1b: Swampert|26\/100 tox\n|move|p1b: Swampert|Liquidation|p2b: Indeedee\n|-damage|p2b: Indeedee|0 fnt\n|faint|p2b: Indeedee\n|move|p1a: Pelipper|Weather Ball|p2a: Deoxys\n|-damage|p2a: Deoxys|0 fnt\n|faint|p2a: Deoxys\n|\n|-weather|RainDance|[upkeep]\n|-damage|p1b: Swampert|14\/100 tox|[from] psn\n|-sideend|p2: Jti kt|move: Tailwind\n|upkeep\n|inactive|Jti kt has 120 seconds left.\n|\n|t:|1695303453\n|switch|p2a: Kartana|Kartana|100\/100\n|switch|p2b: Typhlosion|Typhlosion, M|100\/100\n|turn|6\n|inactive|Jti kt has 120 seconds left.\n|inactive|Jti kt has 90 seconds left.\n|\n|t:|1695303516\n|-terastallize|p2b: Typhlosion|Fire\n|move|p2b: Typhlosion|Eruption|p1a: Pelipper|[spread] p1a,p1b\n|-resisted|p1a: Pelipper\n|-resisted|p1b: Swampert\n|-damage|p1a: Pelipper|46\/100\n|-damage|p1b: Swampert|0 fnt\n|faint|p1b: Swampert\n|move|p2a: Kartana|Leaf Blade|p1a: Pelipper\n|-damage|p1a: Pelipper|0 fnt\n|faint|p1a: Pelipper\n|-ability|p2a: Kartana|Beast Boost|boost\n|-boost|p2a: Kartana|atk|1\n|\n|-weather|RainDance|[upkeep]\n|upkeep\n|\n|t:|1695303529\n|switch|p1b: Flutter Mane|Flutter Mane|100\/100\n|switch|p1a: Walking Wake|Walking Wake|100\/100\n|-activate|p1b: Flutter Mane|move: Sticky Web\n|-unboost|p1b: Flutter Mane|spe|1\n|-damage|p1b: Flutter Mane|88\/100|[from] Stealth Rock\n|-activate|p1a: Walking Wake|move: Sticky Web\n|-unboost|p1a: Walking Wake|spe|1\n|-damage|p1a: Walking Wake|88\/100|[from] Stealth Rock\n|turn|7\n|inactive|Jti kt has 90 seconds left.\n|\n|t:|1695303548\n|move|p2b: Typhlosion|Eruption|p1b: Flutter Mane|[spread] p1a,p1b\n|-resisted|p1a: Walking Wake\n|-damage|p1a: Walking Wake|78\/100\n|-damage|p1b: Flutter Mane|54\/100\n|move|p2a: Kartana|Leaf Blade|p1a: Walking Wake\n|-damage|p1a: Walking Wake|0 fnt\n|faint|p1a: Walking Wake\n|-end|p1a: Walking Wake|Protosynthesis|[silent]\n|-ability|p2a: Kartana|Beast Boost|boost\n|-boost|p2a: Kartana|atk|1\n|move|p1b: Flutter Mane|Shadow Ball|p2a: Kartana\n|-damage|p2a: Kartana|0 fnt\n|faint|p2a: Kartana\n|\n|-weather|RainDance|[upkeep]\n|upkeep\n|\n|t:|1695303561\n|switch|p1a: Torkoal|Torkoal, M|100\/100\n|switch|p2a: Shuckle|Shuckle, M|77\/100\n|-activate|p1a: Torkoal|move: Sticky Web\n|-unboost|p1a: Torkoal|spe|1\n|-damage|p1a: Torkoal|76\/100|[from] Stealth Rock\n|-weather|SunnyDay|[from] ability: Drought|[of] p1a: Torkoal\n|-activate|p1b: Flutter Mane|ability: Protosynthesis\n|-start|p1b: Flutter Mane|protosynthesisspa\n|turn|8\n|\n|t:|1695303572\n|-terastallize|p1a: Torkoal|Fire\n|move|p2b: Typhlosion|Eruption|p1b: Flutter Mane|[spread] p1a,p1b\n|-resisted|p1a: Torkoal\n|-damage|p1a: Torkoal|10\/100\n|-damage|p1b: Flutter Mane|0 fnt\n|faint|p1b: Flutter Mane\n|-end|p1b: Flutter Mane|Protosynthesis|[silent]\n|move|p2a: Shuckle|Toxic|p1a: Torkoal\n|-status|p1a: Torkoal|tox\n|move|p1a: Torkoal|Eruption|p2b: Typhlosion|[spread] p2a,p2b\n|-resisted|p2b: Typhlosion\n|-damage|p2a: Shuckle|70\/100\n|-damage|p2b: Typhlosion|93\/100\n|\n|-weather|SunnyDay|[upkeep]\n|-damage|p1a: Torkoal|4\/100 tox|[from] psn\n|upkeep\n|turn|9\n|c|\u2606Forever1506|gg\n|-message|Forever1506 forfeited.\n|\n|win|Jti kt\n|raw|Forever1506's rating: 1083 &rarr; <strong>1055<\/strong><br \/>(-28 for losing)\n|raw|Jti kt's rating: 1000 &rarr; <strong>1049<\/strong><br \/>(+49 for winning)\n|l|\u2606Forever1506\n","uploadtime":1695303594,"views":8,"p1id":"forever1506","p2id":"jtikt","formatid":"gen9nationaldexdoubles","rating":1049,"private":0,"password":""}