{"id":"gen9nationaldexdoubles-1956781924","p1":"MosheahVOWS","p2":"Scummy strats","format":"[Gen 9] National Dex Doubles","log":"|j|\u2606MosheahVOWS\n|j|\u2606Scummy strats\n|t:|1696151094\n|gametype|doubles\n|player|p1|MosheahVOWS|burglar|1072\n|player|p2|Scummy strats|n|1142\n|teamsize|p1|6\n|teamsize|p2|6\n|gen|9\n|tier|[Gen 9] National Dex Doubles\n|rated|\n|rule|HP Percentage Mod: HP is shown in percentages\n|rule|Endless Battle Clause: Forcing endless battles is banned\n|rule|OHKO Clause: OHKO moves are banned\n|rule|Evasion Moves Clause: Evasion moves are banned\n|rule|Evasion Abilities Clause: Evasion abilities are banned\n|rule|Species Clause: Limit one of each Pok\u00e9mon\n|rule|Gravity Sleep Clause: The combination of sleep-inducing moves with imperfect accuracy and Gravity or Gigantamax Orbeetle are banned\n|clearpoke\n|poke|p1|Skarmory, M|\n|poke|p1|Tapu Koko|\n|poke|p1|Latios, M|\n|poke|p1|Gallade, M|\n|poke|p1|Heatran, F|\n|poke|p1|Iron Thorns|\n|poke|p2|Weezing-Galar, M|\n|poke|p2|Regigigas|\n|poke|p2|Dusclops, M|\n|poke|p2|Amoonguss, F|\n|poke|p2|Conkeldurr, M|\n|poke|p2|Ursaluna-Bloodmoon, M|\n|teampreview\n|c|\u2606MosheahVOWS|..... gigas?\n|c|\u2606Scummy strats|Yes\n|c|\u2606Scummy strats|Gigas\n|c|\u2606MosheahVOWS|.... you making fun of me?\n|c|\u2606Scummy strats|Nah\n|c|\u2606Scummy strats|Youll see\n|\n|t:|1696151140\n|start\n|switch|p1a: Tapu Koko|Tapu Koko|100\/100\n|switch|p1b: Gallade|Gallade, M|100\/100\n|switch|p2a: Weezing|Weezing-Galar, M|100\/100\n|switch|p2b: Regigigas|Regigigas|100\/100\n|-ability|p2a: Weezing|Neutralizing Gas\n|turn|1\n|c|\u2606MosheahVOWS|No you\n|\n|t:|1696151162\n|-terastallize|p2b: Regigigas|Psychic\n|move|p1a: Tapu Koko|Volt Switch|p2a: Weezing\n|-damage|p2a: Weezing|62\/100\n|\n|t:|1696151175\n|switch|p1a: Heatran|Heatran, F|100\/100|[from] Volt Switch\n|move|p1b: Gallade|Swords Dance|p1b: Gallade\n|-boost|p1b: Gallade|atk|2\n|move|p2b: Regigigas|Power-Up Punch|p1b: Gallade\n|-resisted|p1b: Gallade\n|-damage|p1b: Gallade|84\/100\n|-boost|p2b: Regigigas|atk|1\n|move|p2a: Weezing|Strange Steam|p1b: Gallade\n|-supereffective|p1b: Gallade\n|-damage|p1b: Gallade|13\/100\n|-enditem|p1b: Gallade|Salac Berry|[eat]\n|-boost|p1b: Gallade|spe|1|[from] item: Salac Berry\n|\n|upkeep\n|turn|2\n|\n|t:|1696151204\n|move|p1b: Gallade|Psycho Cut|p2a: Weezing\n|-supereffective|p2a: Weezing\n|-damage|p2a: Weezing|0 fnt\n|faint|p2a: Weezing\n|-end|p2a: Weezing|ability: Neutralizing Gas\n|-start|p2b: Regigigas|ability: Slow Start\n|move|p1a: Heatran|Dark Pulse|p2b: Regigigas\n|-supereffective|p2b: Regigigas\n|-damage|p2b: Regigigas|72\/100\n|cant|p2b: Regigigas|flinch\n|\n|upkeep\n|c|\u2606MosheahVOWS|unuckly.....\n|\n|t:|1696151223\n|switch|p2a: Amoonguss|Amoonguss, F|100\/100\n|turn|3\n|\n|t:|1696151253\n|move|p2a: Amoonguss|Rage Powder|p2a: Amoonguss\n|-singleturn|p2a: Amoonguss|move: Rage Powder\n|move|p1b: Gallade|Psycho Cut|p2a: Amoonguss\n|-supereffective|p2a: Amoonguss\n|-damage|p2a: Amoonguss|0 fnt\n|faint|p2a: Amoonguss\n|move|p1a: Heatran|Dark Pulse|p2b: Regigigas\n|-supereffective|p2b: Regigigas\n|-damage|p2b: Regigigas|45\/100\n|move|p2b: Regigigas|Drain Punch|p1b: Gallade\n|-resisted|p1b: Gallade\n|-damage|p1b: Gallade|0 fnt\n|-heal|p2b: Regigigas|49\/100|[from] drain|[of] p1b: Gallade\n|faint|p1b: Gallade\n|\n|upkeep\n|\n|t:|1696151267\n|switch|p1b: Skarmory|Skarmory, M|100\/100\n|switch|p2a: Dusclops|Dusclops, M|100\/100\n|-item|p1a: Heatran|Choice Scarf|[from] ability: Frisk|[of] p2a: Dusclops|[identify]\n|-item|p1b: Skarmory|Leftovers|[from] ability: Frisk|[of] p2a: Dusclops|[identify]\n|turn|4\n|c|\u2606MosheahVOWS|slow start hm?\n|c|\u2606MosheahVOWS|its just all too funny\n|c|\u2606Scummy strats|The plan was to have weezing neuturalize it\n|\n|t:|1696151312\n|switch|p1a: Tapu Koko|Tapu Koko|100\/100\n|-fieldstart|move: Electric Terrain|[from] ability: Electric Surge|[of] p1a: Tapu Koko\n|move|p2b: Regigigas|Power-Up Punch|p1a: Tapu Koko\n|-resisted|p1a: Tapu Koko\n|-damage|p1a: Tapu Koko|92\/100\n|-boost|p2b: Regigigas|atk|1\n|move|p1b: Skarmory|Whirlwind|p2b: Regigigas\n|-end|p2b: Regigigas|Slow Start|[silent]\n|drag|p2b: Ursaluna|Ursaluna-Bloodmoon, M|100\/100\n|move|p2a: Dusclops|Trick Room|p2a: Dusclops\n|-fieldstart|move: Trick Room|[of] p2a: Dusclops\n|-enditem|p2b: Ursaluna|Room Service\n|-unboost|p2b: Ursaluna|spe|1|[from] item: Room Service\n|\n|upkeep\n|turn|5\n|c|\u2606MosheahVOWS|....... oops\n|\n|t:|1696151354\n|switch|p1a: Iron Thorns|Iron Thorns|100\/100\n|-activate|p1a: Iron Thorns|ability: Quark Drive\n|-start|p1a: Iron Thorns|quarkdriveatk\n|move|p2a: Dusclops|Ally Switch|p2a: Dusclops\n|swap|p2a: Dusclops|1|[from] move: Ally Switch\n|move|p2a: Ursaluna|Earth Power|p1a: Iron Thorns\n|-supereffective|p1a: Iron Thorns\n|-damage|p1a: Iron Thorns|0 fnt\n|faint|p1a: Iron Thorns\n|-end|p1a: Iron Thorns|Quark Drive|[silent]\n|move|p1b: Skarmory|Brave Bird|p2b: Dusclops\n|-damage|p2b: Dusclops|83\/100\n|-damage|p1b: Skarmory|95\/100|[from] Recoil\n|\n|-heal|p1b: Skarmory|100\/100|[from] item: Leftovers\n|upkeep\n|c|\u2606MosheahVOWS|.....\n|\n|t:|1696151370\n|switch|p1a: Latios|Latios, M|100\/100\n|turn|6\n|\n|t:|1696151389\n|move|p2b: Dusclops|Protect||[still]\n|-fail|p2b: Dusclops\n|move|p2a: Ursaluna|Blood Moon|p1a: Latios\n|-damage|p1a: Latios|25\/100\n|move|p1b: Skarmory|Brave Bird|p2b: Dusclops\n|-damage|p2b: Dusclops|62\/100\n|-damage|p1b: Skarmory|95\/100|[from] Recoil\n|move|p1a: Latios|Ice Beam|p2a: Ursaluna\n|-supereffective|p2a: Ursaluna\n|-damage|p2a: Ursaluna|31\/100\n|\n|-heal|p1b: Skarmory|100\/100|[from] item: Leftovers\n|upkeep\n|turn|7\n|\n|t:|1696151415\n|move|p2b: Dusclops|Ally Switch|p2b: Dusclops\n|swap|p2b: Dusclops|0|[from] move: Ally Switch\n|move|p2b: Ursaluna|Calm Mind|p2b: Ursaluna\n|-boost|p2b: Ursaluna|spa|1\n|-boost|p2b: Ursaluna|spd|1\n|move|p1a: Latios|Ice Beam|p2a: Dusclops\n|-damage|p2a: Dusclops|39\/100\n|move|p1b: Skarmory|Whirlwind|p2b: Ursaluna\n|drag|p2b: Conkeldurr|Conkeldurr, M|100\/100\n|\n|-status|p2b: Conkeldurr|brn|[from] item: Flame Orb\n|upkeep\n|turn|8\n|\n|t:|1696151445\n|move|p2a: Dusclops|Ally Switch|p2a: Dusclops\n|swap|p2a: Dusclops|1|[from] move: Ally Switch\n|move|p2a: Conkeldurr|Facade|p1a: Latios\n|-damage|p1a: Latios|0 fnt\n|faint|p1a: Latios\n|move|p1b: Skarmory|Brave Bird|p2b: Dusclops\n|-damage|p2b: Dusclops|21\/100\n|-damage|p1b: Skarmory|95\/100|[from] Recoil\n|\n|-heal|p1b: Skarmory|100\/100|[from] item: Leftovers\n|-damage|p2a: Conkeldurr|94\/100 brn|[from] brn\n|-fieldend|move: Trick Room\n|-fieldend|move: Electric Terrain\n|upkeep\n|c|\u2606MosheahVOWS|.... alright alright\n|\n|t:|1696151463\n|switch|p1a: Heatran|Heatran, F|100\/100\n|turn|9\n|\n|t:|1696151476\n|move|p1a: Heatran|Magma Storm|p2a: Conkeldurr\n|-damage|p2a: Conkeldurr|39\/100 brn\n|-activate|p2a: Conkeldurr|move: Magma Storm|[of] p1a: Heatran\n|move|p1b: Skarmory|Brave Bird|p2b: Dusclops\n|-damage|p2b: Dusclops|2\/100\n|-damage|p1b: Skarmory|95\/100|[from] Recoil\n|move|p2a: Conkeldurr|Drain Punch|p1a: Heatran\n|-supereffective|p1a: Heatran\n|-damage|p1a: Heatran|0 fnt\n|-heal|p2a: Conkeldurr|85\/100 brn|[from] drain|[of] p1a: Heatran\n|faint|p1a: Heatran\n|move|p2b: Dusclops|Trick Room|p2b: Dusclops\n|-fieldstart|move: Trick Room|[of] p2b: Dusclops\n|\n|-heal|p1b: Skarmory|100\/100|[from] item: Leftovers\n|-damage|p2a: Conkeldurr|79\/100 brn|[from] brn\n|-end|p2a: Conkeldurr|Magma Storm|[partiallytrapped]|[silent]\n|upkeep\n|c|\u2606MosheahVOWS|....... uh oh\n|\n|t:|1696151499\n|switch|p1a: Tapu Koko|Tapu Koko|92\/100\n|-fieldstart|move: Electric Terrain|[from] ability: Electric Surge|[of] p1a: Tapu Koko\n|turn|10\n|\n|t:|1696151522\n|move|p2b: Dusclops|Ally Switch|p2b: Dusclops\n|swap|p2b: Dusclops|0|[from] move: Ally Switch\n|move|p2b: Conkeldurr|Facade|p1a: Tapu Koko\n|-damage|p1a: Tapu Koko|0 fnt\n|faint|p1a: Tapu Koko\n|move|p1b: Skarmory|Brave Bird|p2b: Conkeldurr\n|-supereffective|p2b: Conkeldurr\n|-damage|p2b: Conkeldurr|10\/100 brn\n|-damage|p1b: Skarmory|76\/100|[from] Recoil\n|\n|-heal|p1b: Skarmory|82\/100|[from] item: Leftovers\n|-damage|p2b: Conkeldurr|3\/100 brn|[from] brn\n|upkeep\n|turn|11\n|\n|t:|1696151552\n|move|p2a: Dusclops|Protect||[still]\n|-fail|p2a: Dusclops\n|move|p1b: Skarmory|Protect|p1b: Skarmory\n|-singleturn|p1b: Skarmory|Protect\n|move|p2b: Conkeldurr|Ice Punch|p1b: Skarmory\n|-activate|p1b: Skarmory|move: Protect\n|\n|-heal|p1b: Skarmory|88\/100|[from] item: Leftovers\n|-damage|p2b: Conkeldurr|0 fnt|[from] brn\n|faint|p2b: Conkeldurr\n|upkeep\n|\n|t:|1696151563\n|switch|p2b: Ursaluna|Ursaluna-Bloodmoon, M|31\/100\n|turn|12\n|c|\u2606MosheahVOWS|you won't take me alive copper\n|\n|t:|1696151587\n|move|p2a: Dusclops|Ally Switch|p2a: Dusclops\n|swap|p2a: Dusclops|1|[from] move: Ally Switch\n|move|p2a: Ursaluna|Calm Mind|p2a: Ursaluna\n|-boost|p2a: Ursaluna|spa|1\n|-boost|p2a: Ursaluna|spd|1\n|move|p1b: Skarmory|Brave Bird|p2a: Ursaluna\n|-damage|p2a: Ursaluna|6\/100\n|-damage|p1b: Skarmory|78\/100|[from] Recoil\n|\n|-heal|p1b: Skarmory|84\/100|[from] item: Leftovers\n|upkeep\n|turn|13\n|\n|t:|1696151624\n|move|p2b: Dusclops|Protect||[still]\n|-fail|p2b: Dusclops\n|move|p2a: Ursaluna|Blood Moon|p1b: Skarmory\n|-resisted|p1b: Skarmory\n|-damage|p1b: Skarmory|8\/100\n|move|p1b: Skarmory|Brave Bird|p2a: Ursaluna\n|-crit|p2a: Ursaluna\n|-damage|p2a: Ursaluna|0 fnt\n|faint|p2a: Ursaluna\n|-damage|p1b: Skarmory|6\/100|[from] Recoil\n|\n|-heal|p1b: Skarmory|12\/100|[from] item: Leftovers\n|-fieldend|move: Trick Room\n|upkeep\n|\n|t:|1696151636\n|switch|p2a: Regigigas|Regigigas, tera:Psychic|49\/100\n|-start|p2a: Regigigas|ability: Slow Start\n|turn|14\n|c|\u2606MosheahVOWS|you wont stop me\n|\n|t:|1696151677\n|move|p1b: Skarmory|Protect|p1b: Skarmory\n|-singleturn|p1b: Skarmory|Protect\n|move|p2b: Dusclops|Ally Switch|p2b: Dusclops\n|swap|p2b: Dusclops|0|[from] move: Ally Switch\n|move|p2b: Regigigas|Drain Punch|p1b: Skarmory\n|-activate|p1b: Skarmory|move: Protect\n|\n|-heal|p1b: Skarmory|18\/100|[from] item: Leftovers\n|-fieldend|move: Electric Terrain\n|upkeep\n|turn|15\n|\n|t:|1696151698\n|move|p1b: Skarmory|Roost|p1b: Skarmory\n|-heal|p1b: Skarmory|68\/100\n|-singleturn|p1b: Skarmory|move: Roost\n|move|p2b: Regigigas|Drain Punch|p1b: Skarmory\n|-supereffective|p1b: Skarmory\n|-damage|p1b: Skarmory|47\/100\n|-heal|p2b: Regigigas|58\/100|[from] drain|[of] p1b: Skarmory\n|move|p2a: Dusclops|Trick Room|p2a: Dusclops\n|-fieldstart|move: Trick Room|[of] p2a: Dusclops\n|\n|-heal|p1b: Skarmory|53\/100|[from] item: Leftovers\n|upkeep\n|turn|16\n|c|\u2606MosheahVOWS|GIVE UP\n|c|\u2606MosheahVOWS|you cant win\n|\n|t:|1696151746\n|move|p2a: Dusclops|Protect|p2a: Dusclops\n|-singleturn|p2a: Dusclops|Protect\n|move|p1b: Skarmory|Protect|p1b: Skarmory\n|-singleturn|p1b: Skarmory|Protect\n|move|p2b: Regigigas|Power-Up Punch|p1b: Skarmory\n|-activate|p1b: Skarmory|move: Protect\n|\n|-heal|p1b: Skarmory|59\/100|[from] item: Leftovers\n|upkeep\n|turn|17\n|c|\u2606Scummy strats|Im not giving up\n|c|\u2606MosheahVOWS|neither will i\n|\n|t:|1696151787\n|move|p2a: Dusclops|Ally Switch||[still]\n|-fail|p2a: Dusclops\n|move|p2b: Regigigas|Power-Up Punch|p1b: Skarmory\n|-damage|p1b: Skarmory|53\/100\n|-boost|p2b: Regigigas|atk|1\n|move|p1b: Skarmory|Brave Bird|p2b: Regigigas\n|-damage|p2b: Regigigas|32\/100\n|-damage|p1b: Skarmory|42\/100|[from] Recoil\n|\n|-heal|p1b: Skarmory|48\/100|[from] item: Leftovers\n|upkeep\n|turn|18\n|inactive|Battle timer is ON: inactive players will automatically lose when time's up. (requested by MosheahVOWS)\n|\n|t:|1696151837\n|move|p1b: Skarmory|Protect|p1b: Skarmory\n|-singleturn|p1b: Skarmory|Protect\n|move|p2a: Dusclops|Ally Switch|p2a: Dusclops\n|swap|p2a: Dusclops|1|[from] move: Ally Switch\n|move|p2a: Regigigas|Drain Punch|p1b: Skarmory\n|-activate|p1b: Skarmory|move: Protect\n|\n|-heal|p1b: Skarmory|54\/100|[from] item: Leftovers\n|-end|p2a: Regigigas|Slow Start\n|upkeep\n|turn|19\n|\n|t:|1696151861\n|move|p2b: Dusclops|Ally Switch||[still]\n|-fail|p2b: Dusclops\n|move|p2a: Regigigas|Drain Punch|p1b: Skarmory\n|-damage|p1b: Skarmory|20\/100\n|-heal|p2a: Regigigas|46\/100|[from] drain|[of] p1b: Skarmory\n|move|p1b: Skarmory|Brave Bird|p2a: Regigigas\n|-damage|p2a: Regigigas|21\/100\n|-damage|p1b: Skarmory|9\/100|[from] Recoil\n|\n|-heal|p1b: Skarmory|15\/100|[from] item: Leftovers\n|-fieldend|move: Trick Room\n|upkeep\n|turn|20\n|\n|t:|1696151878\n|move|p2b: Dusclops|Ally Switch|p2b: Dusclops\n|swap|p2b: Dusclops|0|[from] move: Ally Switch\n|move|p1b: Skarmory|Roost|p1b: Skarmory\n|-heal|p1b: Skarmory|65\/100\n|-singleturn|p1b: Skarmory|move: Roost\n|move|p2b: Regigigas|Drain Punch|p1b: Skarmory\n|-supereffective|p1b: Skarmory\n|-damage|p1b: Skarmory|3\/100\n|-heal|p2b: Regigigas|47\/100|[from] drain|[of] p1b: Skarmory\n|\n|-heal|p1b: Skarmory|9\/100|[from] item: Leftovers\n|upkeep\n|turn|21\n|c|\u2606MosheahVOWS|NO!!!!\n|\n|t:|1696151893\n|move|p1b: Skarmory|Protect|p1b: Skarmory\n|-singleturn|p1b: Skarmory|Protect\n|move|p2b: Regigigas|Drain Punch|p1b: Skarmory\n|-activate|p1b: Skarmory|move: Protect\n|move|p2a: Dusclops|Trick Room|p2a: Dusclops\n|-fieldstart|move: Trick Room|[of] p2a: Dusclops\n|\n|-heal|p1b: Skarmory|15\/100|[from] item: Leftovers\n|upkeep\n|turn|22\n|\n|t:|1696151912\n|move|p2a: Dusclops|Earthquake|p1b: Skarmory|[spread] p2b\n|-immune|p1b: Skarmory\n|-damage|p2b: Regigigas|37\/100\n|move|p2b: Regigigas|Drain Punch|p1b: Skarmory\n|-damage|p1b: Skarmory|0 fnt\n|-heal|p2b: Regigigas|43\/100|[from] drain|[of] p1b: Skarmory\n|faint|p1b: Skarmory\n|\n|win|Scummy strats\n|raw|MosheahVOWS's rating: 1072 &rarr; <strong>1055<\/strong><br \/>(-17 for losing)\n|raw|Scummy strats's rating: 1142 &rarr; <strong>1162<\/strong><br \/>(+20 for winning)\n|c|\u2606MosheahVOWS|:(\n|c|\u2606Scummy strats|Gg wp\n|c|\u2606MosheahVOWS|May we meet again\n|l|\u2606MosheahVOWS\n","uploadtime":1696151954,"views":14,"p1id":"mosheahvows","p2id":"scummystrats","formatid":"gen9nationaldexdoubles","rating":1055,"private":0,"password":""}