{"id":"gen9nationaldexdoubles-1959450425","p1":"2011ChevyS10Xtreme","p2":"dedennenthusiast","format":"[Gen 9] National Dex Doubles","log":"|j|\u26062011ChevyS10Xtreme\n|j|\u2606dedennenthusiast\n|t:|1696429249\n|gametype|doubles\n|player|p1|2011ChevyS10Xtreme|102|1000\n|player|p2|dedennenthusiast|brycenman|1106\n|teamsize|p1|6\n|teamsize|p2|6\n|gen|9\n|tier|[Gen 9] National Dex Doubles\n|rated|\n|rule|HP Percentage Mod: HP is shown in percentages\n|rule|Endless Battle Clause: Forcing endless battles is banned\n|rule|OHKO Clause: OHKO moves are banned\n|rule|Evasion Moves Clause: Evasion moves are banned\n|rule|Evasion Abilities Clause: Evasion abilities are banned\n|rule|Species Clause: Limit one of each Pok\u00e9mon\n|rule|Gravity Sleep Clause: The combination of sleep-inducing moves with imperfect accuracy and Gravity or Gigantamax Orbeetle are banned\n|clearpoke\n|poke|p1|Malamar, M|\n|poke|p1|Dragapult, F|\n|poke|p1|Grapploct, F|\n|poke|p1|Clefable, F|\n|poke|p1|Regigigas|\n|poke|p1|Medicham, F|\n|poke|p2|Abomasnow, F|\n|poke|p2|Iron Bundle|\n|poke|p2|Sandslash-Alola, M|\n|poke|p2|Avalugg, F|\n|poke|p2|Ninetales-Alola, M|\n|poke|p2|Chandelure, M|\n|teampreview\n|inactive|Battle timer is ON: inactive players will automatically lose when time's up. (requested by 2011ChevyS10Xtreme)\n|\n|t:|1696429256\n|start\n|switch|p1a: Malamar|Malamar, M|100\/100\n|switch|p1b: Dragapult|Dragapult, F|100\/100\n|switch|p2a: Abomasnow|Abomasnow, F|100\/100\n|switch|p2b: Iron Bundle|Iron Bundle|100\/100\n|-weather|Snow|[from] ability: Snow Warning|[of] p2a: Abomasnow\n|-enditem|p2b: Iron Bundle|Booster Energy\n|-activate|p2b: Iron Bundle|ability: Quark Drive|[fromitem]\n|-start|p2b: Iron Bundle|quarkdrivespe\n|turn|1\n|\n|t:|1696429266\n|detailschange|p2a: Abomasnow|Abomasnow-Mega, F\n|-mega|p2a: Abomasnow|Abomasnow|Abomasite\n|-terastallize|p2b: Iron Bundle|Ice\n|move|p2b: Iron Bundle|Blizzard|p1a: Malamar|[spread] p1a,p1b\n|-supereffective|p1b: Dragapult\n|-damage|p1a: Malamar|49\/100\n|-enditem|p1b: Dragapult|Focus Sash\n|-damage|p1b: Dragapult|1\/100\n|move|p1b: Dragapult|Draco Meteor|p2b: Iron Bundle\n|-damage|p2b: Iron Bundle|0 fnt\n|-unboost|p1b: Dragapult|spa|2\n|faint|p2b: Iron Bundle\n|-end|p2b: Iron Bundle|Quark Drive|[silent]\n|move|p1a: Malamar|Topsy-Turvy|p1b: Dragapult\n|-invertboost|p1b: Dragapult|[from] move: Topsy-Turvy\n|move|p2a: Abomasnow|Aurora Veil|p2a: Abomasnow\n|-sidestart|p2: dedennenthusiast|move: Aurora Veil\n|\n|-weather|Snow|[upkeep]\n|upkeep\n|\n|t:|1696429282\n|switch|p2b: Sandslash|Sandslash-Alola, M|100\/100\n|turn|2\n|\n|t:|1696429294\n|move|p1a: Malamar|Ally Switch|p1a: Malamar\n|swap|p1a: Malamar|1|[from] move: Ally Switch\n|move|p2b: Sandslash|Drill Run|p1b: Malamar\n|-crit|p1b: Malamar\n|-damage|p1b: Malamar|8\/100\n|move|p1a: Dragapult|Flamethrower|p2a: Abomasnow\n|-supereffective|p2a: Abomasnow\n|-damage|p2a: Abomasnow|0 fnt\n|faint|p2a: Abomasnow\n|\n|-weather|Snow|[upkeep]\n|upkeep\n|\n|t:|1696429313\n|switch|p2a: Avalugg|Avalugg, F|100\/100\n|turn|3\n|\n|t:|1696429334\n|move|p2b: Sandslash|Icicle Spear|p1a: Dragapult\n|-supereffective|p1a: Dragapult\n|-damage|p1a: Dragapult|0 fnt\n|faint|p1a: Dragapult\n|-hitcount|p1: Dragapult|1\n|move|p1b: Malamar|Acupressure|p1b: Malamar\n|-boost|p1b: Malamar|def|2\n|move|p2a: Avalugg|Ice Ball|p1b: Malamar\n|-crit|p1b: Malamar\n|-damage|p1b: Malamar|0 fnt\n|faint|p1b: Malamar\n|\n|-weather|Snow|[upkeep]\n|upkeep\n|\n|t:|1696429345\n|switch|p1a: Regigigas|Regigigas|100\/100\n|switch|p1b: Medicham|Medicham, F|100\/100\n|-start|p1a: Regigigas|ability: Slow Start\n|turn|4\n|\n|t:|1696429354\n|detailschange|p1b: Medicham|Medicham-Mega, F\n|-mega|p1b: Medicham|Medicham|Medichamite\n|move|p2b: Sandslash|Icicle Spear|p1a: Regigigas\n|-damage|p1a: Regigigas|91\/100\n|-damage|p1a: Regigigas|81\/100\n|-damage|p1a: Regigigas|70\/100\n|-damage|p1a: Regigigas|59\/100\n|-damage|p1a: Regigigas|49\/100\n|-hitcount|p1a: Regigigas|5\n|move|p1b: Medicham|Skill Swap|p1a: Regigigas\n|-activate|p1b: Medicham|move: Skill Swap|||[of] p1a: Regigigas\n|-end|p1a: Regigigas|Slow Start|[silent]\n|-start|p1b: Medicham|ability: Slow Start\n|move|p1a: Regigigas|Drain Punch|p2b: Sandslash\n|-supereffective|p2b: Sandslash\n|-damage|p2b: Sandslash|0 fnt\n|-heal|p1a: Regigigas|89\/100|[from] drain|[of] p2b: Sandslash\n|faint|p2b: Sandslash\n|-damage|p1a: Regigigas|80\/100|[from] item: Life Orb\n|move|p2a: Avalugg|Ice Ball|p1a: Regigigas|[from]lockedmove\n|-damage|p1a: Regigigas|58\/100\n|\n|-weather|Snow|[upkeep]\n|upkeep\n|\n|t:|1696429371\n|switch|p2b: Chandelure|Chandelure, M|100\/100\n|turn|5\n|\n|t:|1696429386\n|move|p1b: Medicham|Bullet Punch|p2a: Avalugg\n|-supereffective|p2a: Avalugg\n|-damage|p2a: Avalugg|97\/100\n|move|p1a: Regigigas|Darkest Lariat|p2b: Chandelure\n|-supereffective|p2b: Chandelure\n|-damage|p2b: Chandelure|0 fnt\n|faint|p2b: Chandelure\n|-damage|p1a: Regigigas|48\/100|[from] item: Life Orb\n|move|p2a: Avalugg|Ice Ball|p1a: Regigigas|[from]lockedmove\n|-damage|p1a: Regigigas|10\/100\n|\n|-weather|none\n|-heal|p2a: Avalugg|100\/100|[from] item: Leftovers\n|-sideend|p2: dedennenthusiast|move: Aurora Veil\n|upkeep\n|\n|t:|1696429396\n|switch|p2b: Ninetales|Ninetales-Alola, M|100\/100\n|-weather|Snow|[from] ability: Snow Warning|[of] p2b: Ninetales\n|turn|6\n|\n|t:|1696429404\n|move|p1b: Medicham|Bullet Punch|p2b: Ninetales\n|-supereffective|p2b: Ninetales\n|-crit|p2b: Ninetales\n|-damage|p2b: Ninetales|60\/100\n|move|p2b: Ninetales|Aurora Veil|p2b: Ninetales\n|-sidestart|p2: dedennenthusiast|move: Aurora Veil\n|move|p1a: Regigigas|Drain Punch|p2a: Avalugg\n|-supereffective|p2a: Avalugg\n|-damage|p2a: Avalugg|62\/100\n|-heal|p1a: Regigigas|29\/100|[from] drain|[of] p2a: Avalugg\n|-damage|p1a: Regigigas|19\/100|[from] item: Life Orb\n|move|p2a: Avalugg|Ice Ball|p1a: Regigigas|[from]lockedmove\n|-damage|p1a: Regigigas|0 fnt\n|faint|p1a: Regigigas\n|\n|-weather|Snow|[upkeep]\n|-heal|p2a: Avalugg|68\/100|[from] ability: Ice Body\n|-heal|p2a: Avalugg|74\/100|[from] item: Leftovers\n|upkeep\n|\n|t:|1696429419\n|switch|p1a: Clefable|Clefable, F|100\/100\n|turn|7\n|\n|t:|1696429429\n|move|p1a: Clefable|Follow Me|p1a: Clefable\n|-singleturn|p1a: Clefable|move: Follow Me\n|move|p2b: Ninetales|Blizzard|p1a: Clefable|[spread] p1a,p1b\n|-damage|p1a: Clefable|71\/100\n|-damage|p1b: Medicham|51\/100\n|move|p1b: Medicham|Skill Swap|p2a: Avalugg\n|-activate|p1b: Medicham|move: Skill Swap|Ice Body|Slow Start|[of] p2a: Avalugg\n|-end|p1b: Medicham|Slow Start|[silent]\n|-start|p2a: Avalugg|ability: Slow Start\n|move|p2a: Avalugg|Ice Ball|p1a: Clefable|[from]lockedmove\n|-damage|p1a: Clefable|0 fnt\n|faint|p1a: Clefable\n|\n|-weather|Snow|[upkeep]\n|-heal|p1b: Medicham|57\/100|[from] ability: Ice Body\n|-heal|p2a: Avalugg|80\/100|[from] item: Leftovers\n|upkeep\n|\n|t:|1696429441\n|switch|p1a: Grapploct|Grapploct, F, shiny|100\/100\n|turn|8\n|\n|t:|1696429451\n|move|p1b: Medicham|Bullet Punch|p2b: Ninetales\n|-supereffective|p2b: Ninetales\n|-damage|p2b: Ninetales|24\/100\n|move|p2b: Ninetales|Blizzard|p1b: Medicham|[spread] p1a,p1b\n|-damage|p1a: Grapploct|56\/100\n|-damage|p1b: Medicham|9\/100\n|move|p1a: Grapploct|Close Combat|p2a: Avalugg\n|-supereffective|p2a: Avalugg\n|-damage|p2a: Avalugg|51\/100\n|-unboost|p1a: Grapploct|def|1\n|-unboost|p1a: Grapploct|spd|1\n|move|p2a: Avalugg|Toxic|p1a: Grapploct\n|-status|p1a: Grapploct|tox\n|\n|-weather|Snow|[upkeep]\n|-heal|p1b: Medicham|15\/100|[from] ability: Ice Body\n|-heal|p2a: Avalugg|58\/100|[from] item: Leftovers\n|-damage|p1a: Grapploct|50\/100 tox|[from] psn\n|upkeep\n|turn|9\n|\n|t:|1696429470\n|move|p1b: Medicham|Bullet Punch|p2b: Ninetales\n|-supereffective|p2b: Ninetales\n|-damage|p2b: Ninetales|0 fnt\n|faint|p2b: Ninetales\n|move|p1a: Grapploct|Pain Split|p2a: Avalugg\n|-sethp|p2a: Avalugg|49\/100|[from] move: Pain Split|[silent]\n|-sethp|p1a: Grapploct|59\/100 tox|[from] move: Pain Split\n|move|p2a: Avalugg|Recover|p2a: Avalugg\n|-heal|p2a: Avalugg|99\/100\n|\n|-weather|Snow|[upkeep]\n|-heal|p1b: Medicham|21\/100|[from] ability: Ice Body\n|-heal|p2a: Avalugg|100\/100|[from] item: Leftovers\n|-damage|p1a: Grapploct|47\/100 tox|[from] psn\n|upkeep\n|turn|10\n|inactive|2011ChevyS10Xtreme has 120 seconds left.\n|\n|t:|1696429504\n|move|p1b: Medicham|Bullet Punch|p2a: Avalugg\n|-supereffective|p2a: Avalugg\n|-damage|p2a: Avalugg|94\/100\n|move|p1a: Grapploct|Pain Split|p2a: Avalugg\n|-sethp|p2a: Avalugg|67\/100|[from] move: Pain Split|[silent]\n|-sethp|p1a: Grapploct|80\/100 tox|[from] move: Pain Split\n|move|p2a: Avalugg|Toxic|p1b: Medicham\n|-status|p1b: Medicham|tox\n|\n|-weather|none\n|-heal|p2a: Avalugg|73\/100|[from] item: Leftovers\n|-damage|p1b: Medicham|15\/100 tox|[from] psn\n|-damage|p1a: Grapploct|62\/100 tox|[from] psn\n|upkeep\n|turn|11\n|\n|t:|1696429524\n|move|p1b: Medicham|Bullet Punch|p2a: Avalugg\n|-supereffective|p2a: Avalugg\n|-damage|p2a: Avalugg|63\/100\n|move|p1a: Grapploct|Pain Split|p1b: Medicham\n|-sethp|p1b: Medicham|43\/100 tox|[from] move: Pain Split|[silent]\n|-sethp|p1a: Grapploct|37\/100 tox|[from] move: Pain Split\n|move|p2a: Avalugg|Recover|p2a: Avalugg\n|-heal|p2a: Avalugg|100\/100\n|\n|-damage|p1b: Medicham|31\/100 tox|[from] psn\n|-damage|p1a: Grapploct|13\/100 tox|[from] psn\n|-end|p2a: Avalugg|Slow Start\n|upkeep\n|-enditem|p1a: Grapploct|Aguav Berry|[eat]\n|-heal|p1a: Grapploct|47\/100 tox|[from] item: Aguav Berry\n|turn|12\n|\n|t:|1696429536\n|move|p2a: Avalugg|Protect|p2a: Avalugg\n|-singleturn|p2a: Avalugg|Protect\n|move|p1b: Medicham|Bullet Punch|p2a: Avalugg\n|-activate|p2a: Avalugg|move: Protect\n|move|p1a: Grapploct|Pain Split|p2a: Avalugg\n|-activate|p2a: Avalugg|move: Protect\n|\n|-damage|p1b: Medicham|12\/100 tox|[from] psn\n|-damage|p1a: Grapploct|17\/100 tox|[from] psn\n|upkeep\n|turn|13\n|\n|t:|1696429550\n|move|p2a: Avalugg|Protect||[still]\n|-fail|p2a: Avalugg\n|move|p1b: Medicham|Bullet Punch|p2a: Avalugg\n|-supereffective|p2a: Avalugg\n|-damage|p2a: Avalugg|91\/100\n|move|p1a: Grapploct|Pain Split|p2a: Avalugg\n|-sethp|p2a: Avalugg|53\/100|[from] move: Pain Split|[silent]\n|-sethp|p1a: Grapploct|63\/100 tox|[from] move: Pain Split\n|\n|-heal|p2a: Avalugg|59\/100|[from] item: Leftovers\n|-damage|p1b: Medicham|0 fnt|[from] psn\n|faint|p1b: Medicham\n|-damage|p1a: Grapploct|27\/100 tox|[from] psn\n|-sideend|p2: dedennenthusiast|move: Aurora Veil\n|upkeep\n|turn|14\n|\n|t:|1696429563\n|move|p2a: Avalugg|Protect|p2a: Avalugg\n|-singleturn|p2a: Avalugg|Protect\n|move|p1a: Grapploct|Close Combat|p2a: Avalugg\n|-activate|p2a: Avalugg|move: Protect\n|\n|-heal|p2a: Avalugg|65\/100|[from] item: Leftovers\n|-damage|p1a: Grapploct|0 fnt|[from] psn\n|faint|p1a: Grapploct\n|\n|win|dedennenthusiast\n|upkeep\n|raw|2011ChevyS10Xtreme's rating: 1000 &rarr; <strong>1000<\/strong><br \/>(+0 for losing)\n|raw|dedennenthusiast's rating: 1106 &rarr; <strong>1124<\/strong><br \/>(+18 for winning)\n|l|\u26062011ChevyS10Xtreme\n","uploadtime":1696429579,"views":10,"p1id":"2011chevys10xtreme","p2id":"dedennenthusiast","formatid":"gen9nationaldexdoubles","rating":1000,"private":0,"password":""}