{"id":"gen9nationaldexdoubles-1991735267","p1":"Drakelipse","p2":"LightOfTheRuin","format":"[Gen 9] National Dex Doubles","log":"|j|\u2606Drakelipse\n|j|\u2606LightOfTheRuin\n|t:|1700108689\n|gametype|doubles\n|player|p1|Drakelipse|medium|1260\n|player|p2|LightOfTheRuin|mallow-masters|1337\n|teamsize|p1|6\n|teamsize|p2|6\n|gen|9\n|tier|[Gen 9] National Dex Doubles\n|rated|\n|rule|HP Percentage Mod: HP is shown in percentages\n|rule|Endless Battle Clause: Forcing endless battles is banned\n|rule|OHKO Clause: OHKO moves are banned\n|rule|Evasion Moves Clause: Evasion moves are banned\n|rule|Evasion Abilities Clause: Evasion abilities are banned\n|rule|Species Clause: Limit one of each Pok\u00e9mon\n|rule|Gravity Sleep Clause: The combination of sleep-inducing moves with imperfect accuracy and Gravity or Gigantamax Orbeetle are banned\n|clearpoke\n|poke|p1|Chi-Yu|\n|poke|p1|Chien-Pao|\n|poke|p1|Sinistcha-Masterpiece|\n|poke|p1|Salamence, M|\n|poke|p1|Iron Moth|\n|poke|p1|Tornadus, M|\n|poke|p2|Cherrim, F|\n|poke|p2|Lurantis, F|\n|poke|p2|Charizard, M|\n|poke|p2|Malamar, F|\n|poke|p2|Walking Wake|\n|poke|p2|Golurk|\n|teampreview\n|inactive|Battle timer is ON: inactive players will automatically lose when time's up. (requested by Drakelipse)\n|\n|t:|1700108711\n|start\n|switch|p1a: Tornadus|Tornadus, M|100\/100\n|switch|p1b: Iron Moth|Iron Moth|100\/100\n|switch|p2a: Apollo|Charizard, M|100\/100\n|switch|p2b: Poseidon|Walking Wake|100\/100\n|-enditem|p1b: Iron Moth|Booster Energy\n|-activate|p1b: Iron Moth|ability: Quark Drive|[fromitem]\n|-start|p1b: Iron Moth|quarkdrivespa\n|turn|1\n|\n|t:|1700108722\n|detailschange|p2a: Apollo|Charizard-Mega-Y, M\n|-mega|p2a: Apollo|Charizard|Charizardite Y\n|-weather|SunnyDay|[from] ability: Drought|[of] p2a: Apollo\n|-activate|p2b: Poseidon|ability: Protosynthesis\n|-start|p2b: Poseidon|protosynthesisspa\n|move|p2a: Apollo|Protect|p2a: Apollo\n|-singleturn|p2a: Apollo|Protect\n|move|p1a: Tornadus|Tailwind|p1a: Tornadus\n|-sidestart|p1: Drakelipse|move: Tailwind\n|move|p1b: Iron Moth|Heat Wave|p2a: Apollo|[spread] p2b\n|-activate|p2a: Apollo|move: Protect\n|-resisted|p2b: Poseidon\n|-damage|p2b: Poseidon|77\/100\n|move|p2b: Poseidon|Hydro Steam|p1b: Iron Moth\n|-supereffective|p1b: Iron Moth\n|-damage|p1b: Iron Moth|0 fnt\n|faint|p1b: Iron Moth\n|-end|p1b: Iron Moth|Quark Drive|[silent]\n|\n|-weather|SunnyDay|[upkeep]\n|upkeep\n|inactive|Drakelipse has 120 seconds left.\n|\n|t:|1700108757\n|switch|p1b: Salamence|Salamence, M|100\/100\n|-ability|p1b: Salamence|Intimidate|boost\n|-unboost|p2a: Apollo|atk|1\n|-unboost|p2b: Poseidon|atk|1\n|turn|2\n|inactive|Drakelipse has 120 seconds left.\n|\n|t:|1700108781\n|-end|p2b: Poseidon|Protosynthesis|[silent]\n|switch|p2b: Eos|Cherrim, F, shiny|100\/100\n|-formechange|p2b: Eos|Cherrim-Sunshine|[msg]|[from] ability: Flower Gift\n|detailschange|p1b: Salamence|Salamence-Mega, M\n|-mega|p1b: Salamence|Salamence|Salamencite\n|move|p1b: Salamence|Dragon Claw|p2b: Eos\n|-damage|p2b: Eos|59\/100\n|move|p1a: Tornadus|Icy Wind|p2b: Eos|[spread] p2a,p2b\n|-supereffective|p2b: Eos\n|-damage|p2a: Apollo|94\/100\n|-damage|p2b: Eos|40\/100\n|-unboost|p2a: Apollo|spe|1\n|-unboost|p2b: Eos|spe|1\n|move|p2a: Apollo|Heat Wave|p1b: Salamence|[spread] p1a,p1b\n|-resisted|p1b: Salamence\n|-damage|p1a: Tornadus|49\/100\n|-damage|p1b: Salamence|68\/100\n|\n|-weather|SunnyDay|[upkeep]\n|-heal|p2b: Eos|47\/100|[from] item: Leftovers\n|upkeep\n|turn|3\n|j| Chroma_Prime\n|inactive|Drakelipse has 120 seconds left.\n|\n|t:|1700108825\n|move|p2b: Eos|Protect|p2b: Eos\n|-singleturn|p2b: Eos|Protect\n|move|p1b: Salamence|Double-Edge|p2a: Apollo\n|-damage|p2a: Apollo|6\/100\n|-damage|p1b: Salamence|36\/100|[from] Recoil\n|move|p1a: Tornadus|Icy Wind|p2a: Apollo|[spread] p2a\n|-activate|p2b: Eos|move: Protect\n|-damage|p2a: Apollo|0 fnt\n|faint|p2a: Apollo\n|\n|-weather|SunnyDay|[upkeep]\n|-heal|p2b: Eos|53\/100|[from] item: Leftovers\n|upkeep\n|\n|t:|1700108838\n|switch|p2a: Hades|Malamar, F|100\/100\n|turn|4\n|inactive|Drakelipse has 120 seconds left.\n|\n|t:|1700108858\n|switch|p1a: Sinistcha|Sinistcha-Masterpiece, shiny|100\/100\n|-heal|p1b: Salamence|61\/100|[from] ability: Hospitality|[of] p1a: Sinistcha\n|move|p1b: Salamence|Dragon Dance|p1b: Salamence\n|-boost|p1b: Salamence|atk|1\n|-boost|p1b: Salamence|spe|1\n|move|p2b: Eos|Tickle|p2a: Hades\n|-boost|p2a: Hades|atk|1\n|-boost|p2a: Hades|def|1\n|move|p2a: Hades|Trick Room|p2a: Hades\n|-fieldstart|move: Trick Room|[of] p2a: Hades\n|\n|-weather|SunnyDay|[upkeep]\n|-heal|p2b: Eos|59\/100|[from] item: Leftovers\n|-sideend|p1: Drakelipse|move: Tailwind\n|upkeep\n|turn|5\n|inactive|Drakelipse has 120 seconds left.\n|l| Chroma_Prime\n|inactive|LightOfTheRuin has 120 seconds left.\n|\n|t:|1700108893\n|switch|p2b: Thanatos|Golurk, shiny|100\/100\n|move|p1a: Sinistcha|Rage Powder|p1a: Sinistcha\n|-singleturn|p1a: Sinistcha|move: Rage Powder\n|move|p2a: Hades|Topsy-Turvy||[still]\n|-fail|p2a: Hades\n|move|p1b: Salamence|Double-Edge|p2a: Hades\n|-damage|p2a: Hades|6\/100\n|-damage|p1b: Salamence|26\/100|[from] Recoil\n|\n|-weather|none\n|upkeep\n|turn|6\n|inactive|Drakelipse has 120 seconds left.\n|\n|t:|1700108915\n|switch|p1b: Tornadus|Tornadus, M|49\/100\n|move|p2b: Thanatos|Shadow Punch|p1a: Sinistcha\n|-supereffective|p1a: Sinistcha\n|-damage|p1a: Sinistcha|24\/100\n|move|p2a: Hades|Knock Off|p1a: Sinistcha\n|-supereffective|p1a: Sinistcha\n|-damage|p1a: Sinistcha|0 fnt\n|-enditem|p1a: Sinistcha|Leftovers|[from] move: Knock Off|[of] p2a: Hades\n|faint|p1a: Sinistcha\n|\n|upkeep\n|inactive|Drakelipse has 120 seconds left.\n|\n|t:|1700108931\n|switch|p1a: Chien-Pao|Chien-Pao|100\/100\n|-ability|p1a: Chien-Pao|Sword of Ruin\n|turn|7\n|inactive|Drakelipse has 120 seconds left.\n|\n|t:|1700108953\n|move|p1a: Chien-Pao|Protect|p1a: Chien-Pao\n|-singleturn|p1a: Chien-Pao|Protect\n|move|p2b: Thanatos|Drain Punch|p1a: Chien-Pao\n|-activate|p1a: Chien-Pao|move: Protect\n|move|p2a: Hades|Knock Off|p1a: Chien-Pao\n|-activate|p1a: Chien-Pao|move: Protect\n|move|p1b: Tornadus|Icy Wind|p2b: Thanatos|[spread] p2a,p2b\n|-supereffective|p2b: Thanatos\n|-damage|p2a: Hades|0 fnt\n|-damage|p2b: Thanatos|76\/100\n|-unboost|p2b: Thanatos|spe|1\n|faint|p2a: Hades\n|\n|upkeep\n|j| Chroma_Prime\n|\n|t:|1700108967\n|switch|p2a: Demeter|Lurantis, F|100\/100\n|turn|8\n|\n|t:|1700108978\n|switch|p1a: Salamence|Salamence-Mega, M|26\/100\n|move|p1b: Tornadus|Tailwind|p1b: Tornadus\n|-sidestart|p1: Drakelipse|move: Tailwind\n|move|p2b: Thanatos|Thunder Punch|p1b: Tornadus\n|-supereffective|p1b: Tornadus\n|-damage|p1b: Tornadus|0 fnt\n|faint|p1b: Tornadus\n|move|p2a: Demeter|Superpower|p1a: Salamence\n|-resisted|p1a: Salamence\n|-damage|p1a: Salamence|12\/100\n|-boost|p2a: Demeter|atk|1\n|-boost|p2a: Demeter|def|1\n|\n|-fieldend|move: Trick Room\n|upkeep\n|\n|t:|1700108991\n|switch|p1b: Chien-Pao|Chien-Pao|100\/100\n|-ability|p1b: Chien-Pao|Sword of Ruin\n|turn|9\n|j| Enderoof\n|l| Chroma_Prime\n|inactive|Drakelipse has 120 seconds left.\n|inactive|Drakelipse has 90 seconds left.\n|\n|t:|1700109051\n|-terastallize|p2a: Demeter|Fighting\n|move|p1b: Chien-Pao|Ice Spinner|p2a: Demeter\n|-crit|p2a: Demeter\n|-damage|p2a: Demeter|29\/100\n|move|p1a: Salamence|Dragon Claw|p2b: Thanatos\n|-damage|p2b: Thanatos|11\/100\n|move|p2a: Demeter|Superpower|p1b: Chien-Pao\n|-supereffective|p1b: Chien-Pao\n|-enditem|p1b: Chien-Pao|Focus Sash\n|-damage|p1b: Chien-Pao|1\/100\n|-boost|p2a: Demeter|atk|1\n|-boost|p2a: Demeter|def|1\n|move|p2b: Thanatos|Thunder Punch|p1a: Salamence\n|-damage|p1a: Salamence|0 fnt\n|faint|p1a: Salamence\n|\n|upkeep\n|inactive|Drakelipse has 90 seconds left.\n|\n|t:|1700109069\n|switch|p1a: Chi-Yu|Chi-Yu|100\/100\n|-ability|p1a: Chi-Yu|Beads of Ruin\n|turn|10\n|inactive|Drakelipse has 90 seconds left.\n|\n|t:|1700109087\n|-terastallize|p1a: Chi-Yu|Fire\n|move|p1b: Chien-Pao|Protect|p1b: Chien-Pao\n|-singleturn|p1b: Chien-Pao|Protect\n|move|p1a: Chi-Yu|Heat Wave|p2a: Demeter|[spread] p2a,p2b\n|-damage|p2a: Demeter|0 fnt\n|-damage|p2b: Thanatos|0 fnt\n|faint|p2a: Demeter\n|faint|p2b: Thanatos\n|\n|upkeep\n|\n|t:|1700109116\n|switch|p2a: Poseidon|Walking Wake|77\/100\n|switch|p2b: Eos|Cherrim, F, shiny|59\/100\n|turn|11\n|\n|t:|1700109134\n|move|p1b: Chien-Pao|Ice Spinner|p2a: Poseidon\n|-damage|p2a: Poseidon|24\/100\n|move|p1a: Chi-Yu|Heat Wave|p2a: Poseidon|[spread] p2a,p2b\n|-resisted|p2a: Poseidon\n|-supereffective|p2b: Eos\n|-damage|p2a: Poseidon|0 fnt\n|-damage|p2b: Eos|0 fnt\n|faint|p2a: Poseidon\n|-end|p2a: Poseidon|Protosynthesis|[silent]\n|faint|p2b: Eos\n|\n|win|Drakelipse\n|raw|Drakelipse's rating: 1260 &rarr; <strong>1290<\/strong><br \/>(+30 for winning)\n|raw|LightOfTheRuin's rating: 1337 &rarr; <strong>1313<\/strong><br \/>(-24 for losing)\n|l|\u2606LightOfTheRuin\n","uploadtime":1700109171,"views":20,"p1id":"drakelipse","p2id":"lightoftheruin","formatid":"gen9nationaldexdoubles","rating":1290,"private":0,"password":""}