{"id":"gen9nationaldexdoubles-1986624168","p1":"Tempest2110","p2":"Theonlykev1","format":"[Gen 9] National Dex Doubles","log":"|j|\u2606Tempest2110\n|j|\u2606Theonlykev1\n|t:|1699499206\n|gametype|doubles\n|player|p1|Tempest2110|yellow|1080\n|player|p2|Theonlykev1|ltsurge|1235\n|teamsize|p1|6\n|teamsize|p2|6\n|gen|9\n|tier|[Gen 9] National Dex Doubles\n|rated|\n|rule|HP Percentage Mod: HP is shown in percentages\n|rule|Endless Battle Clause: Forcing endless battles is banned\n|rule|OHKO Clause: OHKO moves are banned\n|rule|Evasion Moves Clause: Evasion moves are banned\n|rule|Evasion Abilities Clause: Evasion abilities are banned\n|rule|Species Clause: Limit one of each Pok\u00e9mon\n|rule|Gravity Sleep Clause: The combination of sleep-inducing moves with imperfect accuracy and Gravity or Gigantamax Orbeetle are banned\n|clearpoke\n|poke|p1|Diancie|\n|poke|p1|Flutter Mane|\n|poke|p1|Ninetales, M|\n|poke|p1|Volcarona, M|\n|poke|p1|Brute Bonnet|\n|poke|p1|Ogerpon-Wellspring, F|\n|poke|p2|Articuno-Galar|\n|poke|p2|Hoopa-Unbound|\n|poke|p2|Iron Bundle|\n|poke|p2|Landorus-Therian, M|\n|poke|p2|Iron Hands|\n|poke|p2|Goodra-Hisui, M|\n|teampreview\n|c|\u2606Theonlykev1|Glhf\n|\n|t:|1699499234\n|start\n|switch|p1a: Kurama|Ninetales, M|100\/100\n|switch|p1b: Ruby|Diancie|100\/100\n|switch|p2a: Articuno|Articuno-Galar|100\/100\n|switch|p2b: Iron Hands|Iron Hands|100\/100\n|-weather|SunnyDay|[from] ability: Drought|[of] p1a: Kurama\n|turn|1\n|\n|t:|1699499254\n|detailschange|p1b: Ruby|Diancie-Mega\n|-mega|p1b: Ruby|Diancie|Diancite\n|move|p1b: Ruby|Protect|p1b: Ruby\n|-singleturn|p1b: Ruby|Protect\n|move|p1a: Kurama|Dark Pulse|p2a: Articuno\n|-supereffective|p2a: Articuno\n|-crit|p2a: Articuno\n|-damage|p2a: Articuno|43\/100\n|-enditem|p2a: Articuno|Weakness Policy\n|-boost|p2a: Articuno|atk|2|[from] item: Weakness Policy\n|-boost|p2a: Articuno|spa|2|[from] item: Weakness Policy\n|cant|p2a: Articuno|flinch\n|move|p2b: Iron Hands|Heavy Slam|p1b: Ruby\n|-activate|p1b: Ruby|move: Protect\n|\n|-weather|SunnyDay|[upkeep]\n|upkeep\n|turn|2\n|\n|t:|1699499283\n|switch|p2a: Leonard|Landorus-Therian, M|100\/100\n|-ability|p2a: Leonard|Intimidate|boost\n|-unboost|p1a: Kurama|atk|1\n|-unboost|p1b: Ruby|atk|1\n|switch|p1b: Among Us|Brute Bonnet|100\/100\n|-activate|p1b: Among Us|ability: Protosynthesis\n|-start|p1b: Among Us|protosynthesisatk\n|move|p1a: Kurama|Dark Pulse|p2a: Leonard\n|-damage|p2a: Leonard|85\/100\n|move|p2b: Iron Hands|Heavy Slam|p1b: Among Us\n|-damage|p1b: Among Us|69\/100\n|\n|-weather|SunnyDay|[upkeep]\n|upkeep\n|turn|3\n|\n|t:|1699499313\n|move|p1a: Kurama|Solar Beam||[still]\n|-prepare|p1a: Kurama|Solar Beam\n|-anim|p1a: Kurama|Solar Beam|p2a: Leonard\n|-crit|p2a: Leonard\n|-damage|p2a: Leonard|48\/100\n|move|p2a: Leonard|Rock Slide|p1b: Among Us|[spread] p1b\n|-miss|p2a: Leonard|p1a: Kurama\n|-damage|p1b: Among Us|51\/100\n|move|p2b: Iron Hands|Drain Punch|p1b: Among Us\n|-supereffective|p1b: Among Us\n|-damage|p1b: Among Us|0 fnt\n|faint|p1b: Among Us\n|-end|p1b: Among Us|Protosynthesis|[silent]\n|\n|-weather|SunnyDay|[upkeep]\n|upkeep\n|\n|t:|1699499334\n|switch|p1b: Ruby|Diancie-Mega|100\/100\n|turn|4\n|\n|t:|1699499349\n|switch|p2a: Articuno|Articuno-Galar|43\/100\n|move|p1b: Ruby|Protect|p1b: Ruby\n|-singleturn|p1b: Ruby|Protect\n|move|p1a: Kurama|Solar Beam||[still]\n|-prepare|p1a: Kurama|Solar Beam\n|-anim|p1a: Kurama|Solar Beam|p2a: Articuno\n|-resisted|p2a: Articuno\n|-damage|p2a: Articuno|26\/100\n|move|p2b: Iron Hands|Drain Punch|p1a: Kurama\n|-damage|p1a: Kurama|46\/100\n|\n|-weather|SunnyDay|[upkeep]\n|upkeep\n|turn|5\n|\n|t:|1699499366\n|move|p1a: Kurama|Dark Pulse|p2a: Articuno\n|-supereffective|p2a: Articuno\n|-damage|p2a: Articuno|0 fnt\n|faint|p2a: Articuno\n|move|p1b: Ruby|Dazzling Gleam|p2b: Iron Hands\n|-supereffective|p2b: Iron Hands\n|-damage|p2b: Iron Hands|60\/100\n|move|p2b: Iron Hands|Heavy Slam|p1b: Ruby\n|-supereffective|p1b: Ruby\n|-damage|p1b: Ruby|0 fnt\n|faint|p1b: Ruby\n|\n|-weather|SunnyDay|[upkeep]\n|upkeep\n|\n|t:|1699499381\n|switch|p2a: Leonard|Landorus-Therian, M|48\/100\n|switch|p1b: Solar|Volcarona, M|100\/100\n|-ability|p2a: Leonard|Intimidate|boost\n|-unboost|p1a: Kurama|atk|1\n|-unboost|p1b: Solar|atk|1\n|turn|6\n|\n|t:|1699499402\n|move|p1a: Kurama|Flamethrower|p2b: Iron Hands\n|-damage|p2b: Iron Hands|38\/100\n|-zpower|p1b: Solar\n|move|p1b: Solar|Z-Quiver Dance|p1b: Solar|[anim]Quiver Dance\n|-clearnegativeboost|p1b: Solar|[zeffect]\n|-boost|p1b: Solar|spa|1\n|-boost|p1b: Solar|spd|1\n|-boost|p1b: Solar|spe|1\n|move|p2a: Leonard|Rock Slide|p1a: Kurama|[spread] p1b\n|-miss|p2a: Leonard|p1a: Kurama\n|-supereffective|p1b: Solar\n|-damage|p1b: Solar|0 fnt\n|faint|p1b: Solar\n|move|p2b: Iron Hands|Drain Punch|p1a: Kurama\n|-damage|p1a: Kurama|0 fnt\n|-heal|p2b: Iron Hands|51\/100|[from] drain|[of] p1a: Kurama\n|faint|p1a: Kurama\n|\n|-weather|SunnyDay|[upkeep]\n|upkeep\n|\n|t:|1699499418\n|switch|p1a: Phantom|Flutter Mane|100\/100\n|switch|p1b: SCP-035|Ogerpon-Wellspring, F|100\/100\n|-activate|p1a: Phantom|ability: Protosynthesis\n|-start|p1a: Phantom|protosynthesisspa\n|turn|7\n|\n|t:|1699499441\n|-terastallize|p1b: SCP-035|Water\n|detailschange|p1b: SCP-035|Ogerpon-Wellspring-Tera, F, tera:Water\n|-ability|p1b: SCP-035|Embody Aspect (Wellspring)|boost\n|-boost|p1b: SCP-035|spd|1\n|move|p1a: Phantom|Dazzling Gleam|p2a: Leonard|[spread] p2a,p2b\n|-supereffective|p2b: Iron Hands\n|-damage|p2a: Leonard|10\/100\n|-damage|p2b: Iron Hands|13\/100\n|move|p1b: SCP-035|Swords Dance|p1b: SCP-035\n|-boost|p1b: SCP-035|atk|2\n|move|p2a: Leonard|Knock Off|p1a: Phantom\n|-damage|p1a: Phantom|11\/100\n|-enditem|p1a: Phantom|Wise Glasses|[from] move: Knock Off|[of] p2a: Leonard\n|move|p2b: Iron Hands|Heavy Slam|p1a: Phantom\n|-supereffective|p1a: Phantom\n|-crit|p1a: Phantom\n|-damage|p1a: Phantom|0 fnt\n|faint|p1a: Phantom\n|-end|p1a: Phantom|Protosynthesis|[silent]\n|\n|-weather|SunnyDay|[upkeep]\n|upkeep\n|turn|8\n|\n|t:|1699499472\n|move|p1b: SCP-035|Knock Off|p2b: Iron Hands\n|-resisted|p2b: Iron Hands\n|-damage|p2b: Iron Hands|0 fnt\n|-enditem|p2b: Iron Hands|Assault Vest|[from] move: Knock Off|[of] p1b: SCP-035\n|faint|p2b: Iron Hands\n|-end|p2b: Iron Hands|Quark Drive|[silent]\n|move|p2a: Leonard|Rock Slide|p1b: SCP-035\n|-damage|p1b: SCP-035|64\/100\n|\n|-weather|none\n|upkeep\n|\n|t:|1699499483\n|switch|p2b: Iron Bundle|Iron Bundle|100\/100\n|turn|9\n|\n|t:|1699499490\n|move|p2b: Iron Bundle|Freeze-Dry|p1b: SCP-035\n|-supereffective|p1b: SCP-035\n|-damage|p1b: SCP-035|0 fnt\n|faint|p1b: SCP-035\n|-damage|p2b: Iron Bundle|91\/100|[from] item: Life Orb\n|\n|win|Theonlykev1\n|raw|Tempest2110's rating: 1080 &rarr; <strong>1067<\/strong><br \/>(-13 for losing)\n|raw|Theonlykev1's rating: 1235 &rarr; <strong>1250<\/strong><br \/>(+15 for winning)\n|c|\u2606Theonlykev1|Gg\n|l|\u2606Tempest2110\n","uploadtime":1699499500,"views":8,"p1id":"tempest2110","p2id":"theonlykev1","formatid":"gen9nationaldexdoubles","rating":1067,"private":0,"password":""}