{"id":"gen9nationaldexdoubles-1998474313","p1":"vodoosaint","p2":"Its so eezy for me","format":"[Gen 9] National Dex Doubles","log":"|j|\u2606vodoosaint\n|j|\u2606Its so eezy for me\n|t:|1700946390\n|gametype|doubles\n|player|p1|vodoosaint|preschooler|1048\n|player|p2|Its so eezy for me|lucas|1000\n|teamsize|p1|6\n|teamsize|p2|6\n|gen|9\n|tier|[Gen 9] National Dex Doubles\n|rated|\n|rule|HP Percentage Mod: HP is shown in percentages\n|rule|Endless Battle Clause: Forcing endless battles is banned\n|rule|OHKO Clause: OHKO moves are banned\n|rule|Evasion Moves Clause: Evasion moves are banned\n|rule|Evasion Abilities Clause: Evasion abilities are banned\n|rule|Species Clause: Limit one of each Pok\u00e9mon\n|rule|Gravity Sleep Clause: The combination of sleep-inducing moves with imperfect accuracy and Gravity or Gigantamax Orbeetle are banned\n|clearpoke\n|poke|p1|Gardevoir, F|\n|poke|p1|Sylveon, M|\n|poke|p1|Altaria, F|\n|poke|p1|Clefable, F|\n|poke|p1|Weezing-Galar, F|\n|poke|p1|Diancie|\n|poke|p2|Zygarde|\n|poke|p2|Blastoise, F|\n|poke|p2|Clefable, F|\n|poke|p2|Indeedee-F, F|\n|poke|p2|Venomoth, F|\n|poke|p2|Mr. Mime, M|\n|teampreview\n|\n|t:|1700946423\n|start\n|switch|p1a: Gardevoir|Gardevoir, F|100\/100\n|switch|p1b: Diancie|Diancie|100\/100\n|switch|p2a: Zygarde|Zygarde|100\/100\n|switch|p2b: Blastoise|Blastoise, F|100\/100\n|-ability|p2a: Zygarde|Aura Break\n|turn|1\n|inactive|Battle timer is ON: inactive players will automatically lose when time's up. (requested by vodoosaint)\n|\n|t:|1700946451\n|-terastallize|p2a: Zygarde|Steel\n|move|p1a: Gardevoir|Thunderbolt|p2b: Blastoise\n|-supereffective|p2b: Blastoise\n|-damage|p2b: Blastoise|36\/100\n|move|p2a: Zygarde|Dragon Dance|p2a: Zygarde\n|-boost|p2a: Zygarde|atk|1\n|-boost|p2a: Zygarde|spe|1\n|move|p2b: Blastoise|Scald|p1a: Gardevoir\n|-damage|p1a: Gardevoir|73\/100\n|move|p1b: Diancie|Moonblast|p2a: Zygarde\n|-resisted|p2a: Zygarde\n|-damage|p2a: Zygarde|81\/100\n|\n|upkeep\n|turn|2\n|\n|t:|1700946476\n|move|p2a: Zygarde|Dragon Dance|p2a: Zygarde\n|-boost|p2a: Zygarde|atk|1\n|-boost|p2a: Zygarde|spe|1\n|move|p1a: Gardevoir|Aura Sphere|p2a: Zygarde\n|-supereffective|p2a: Zygarde\n|-damage|p2a: Zygarde|25\/100\n|move|p2b: Blastoise|Scald|p1a: Gardevoir\n|-crit|p1a: Gardevoir\n|-damage|p1a: Gardevoir|35\/100\n|-status|p1a: Gardevoir|brn\n|-activate|p1a: Gardevoir|ability: Synchronize\n|-status|p2b: Blastoise|brn\n|move|p1b: Diancie|Moonblast|p2b: Blastoise\n|-damage|p2b: Blastoise|0 fnt\n|faint|p2b: Blastoise\n|\n|-damage|p1a: Gardevoir|29\/100 brn|[from] brn\n|upkeep\n|inactive|Its so eezy for me has 120 seconds left.\n|\n|t:|1700946499\n|switch|p2b: Indeedee|Indeedee-F, F|100\/100\n|-fieldstart|move: Psychic Terrain|[from] ability: Psychic Surge|[of] p2b: Indeedee\n|turn|3\n|\n|t:|1700946512\n|move|p2b: Indeedee|Follow Me|p2b: Indeedee\n|-singleturn|p2b: Indeedee|move: Follow Me\n|move|p2a: Zygarde|Dragon Dance|p2a: Zygarde\n|-boost|p2a: Zygarde|atk|1\n|-boost|p2a: Zygarde|spe|1\n|move|p1a: Gardevoir|Aura Sphere|p2b: Indeedee\n|-damage|p2b: Indeedee|73\/100\n|move|p1b: Diancie|Stealth Rock|p2b: Indeedee\n|-sidestart|p2: Its so eezy for me|move: Stealth Rock\n|\n|-damage|p1a: Gardevoir|23\/100 brn|[from] brn\n|upkeep\n|turn|4\n|inactive|Its so eezy for me has 120 seconds left.\n|inactive|Its so eezy for me has 90 seconds left.\n|\n|t:|1700946576\n|move|p2b: Indeedee|Follow Me|p2b: Indeedee\n|-singleturn|p2b: Indeedee|move: Follow Me\n|move|p2a: Zygarde|Dragon Dance|p2a: Zygarde\n|-boost|p2a: Zygarde|atk|1\n|-boost|p2a: Zygarde|spe|1\n|move|p1a: Gardevoir|Aura Sphere|p2b: Indeedee\n|-damage|p2b: Indeedee|48\/100\n|move|p1b: Diancie|Diamond Storm|p2b: Indeedee|[spread] p2a,p2b\n|-resisted|p2a: Zygarde\n|-damage|p2a: Zygarde|15\/100\n|-damage|p2b: Indeedee|25\/100\n|\n|-damage|p1a: Gardevoir|17\/100 brn|[from] brn\n|upkeep\n|turn|5\n|\n|t:|1700946598\n|move|p2a: Zygarde|Thousand Arrows|p1b: Diancie|[spread] p1a,p1b\n|-supereffective|p1b: Diancie\n|-damage|p1a: Gardevoir|0 fnt\n|-damage|p1b: Diancie|0 fnt\n|faint|p1a: Gardevoir\n|faint|p1b: Diancie\n|move|p2b: Indeedee|Heal Pulse|p2a: Zygarde\n|-heal|p2a: Zygarde|65\/100\n|\n|upkeep\n|\n|t:|1700946611\n|switch|p1a: Clefable|Clefable, F|100\/100\n|switch|p1b: Weezing|Weezing-Galar, F|100\/100\n|-fieldstart|move: Misty Terrain|[from] ability: Misty Surge|[of] p1b: Weezing\n|turn|6\n|inactive|Its so eezy for me has 120 seconds left.\n|\n|t:|1700946628\n|move|p2b: Indeedee|Follow Me|p2b: Indeedee\n|-singleturn|p2b: Indeedee|move: Follow Me\n|move|p2a: Zygarde|Thousand Arrows|p1b: Weezing|[spread] p1a,p1b\n|-supereffective|p1b: Weezing\n|-damage|p1a: Clefable|0 fnt\n|-damage|p1b: Weezing|0 fnt\n|faint|p1a: Clefable\n|faint|p1b: Weezing\n|\n|upkeep\n|-message|vodoosaint forfeited.\n|\n|win|Its so eezy for me\n|raw|vodoosaint's rating: 1048 &rarr; <strong>1030<\/strong><br \/>(-18 for losing)\n|raw|Its so eezy for me's rating: 1040 &rarr; <strong>1075<\/strong><br \/>(+35 for winning)\n|l|\u2606vodoosaint\n","uploadtime":1700946763,"views":0,"p1id":"vodoosaint","p2id":"itssoeezyforme","formatid":"gen9nationaldexdoubles","rating":1030,"private":0,"password":""}