{"id":"gen9nationaldexdoubles-1960782168","p1":"Genshinniche","p2":"aenima72826","format":"[Gen 9] National Dex Doubles","log":"|j|\u2606Genshinniche\n|j|\u2606aenima72826\n|t:|1696555966\n|gametype|doubles\n|player|p1|Genshinniche|1|1031\n|player|p2|aenima72826|hilbert|1053\n|teamsize|p1|6\n|teamsize|p2|6\n|gen|9\n|tier|[Gen 9] National Dex Doubles\n|rated|\n|rule|HP Percentage Mod: HP is shown in percentages\n|rule|Endless Battle Clause: Forcing endless battles is banned\n|rule|OHKO Clause: OHKO moves are banned\n|rule|Evasion Moves Clause: Evasion moves are banned\n|rule|Evasion Abilities Clause: Evasion abilities are banned\n|rule|Species Clause: Limit one of each Pok\u00e9mon\n|rule|Gravity Sleep Clause: The combination of sleep-inducing moves with imperfect accuracy and Gravity or Gigantamax Orbeetle are banned\n|clearpoke\n|poke|p1|Ogerpon-Wellspring, F|\n|poke|p1|Dipplin, F|\n|poke|p1|Breloom, M|\n|poke|p1|Meowscarada, F|\n|poke|p1|Amoonguss, M|\n|poke|p1|Sinistcha|\n|poke|p2|Corviknight, F|\n|poke|p2|Primarina, M|\n|poke|p2|Pelipper, M|\n|poke|p2|Ogerpon-Hearthflame, F|\n|poke|p2|Toxapex, F|\n|poke|p2|Clawitzer, M|\n|teampreview\n|inactive|Battle timer is ON: inactive players will automatically lose when time's up. (requested by Genshinniche)\n|\n|t:|1696555981\n|start\n|switch|p1a: Breloom|Breloom, M|100\/100\n|switch|p1b: Meowscarada|Meowscarada, F|100\/100\n|switch|p2a: Primarina|Primarina, M|100\/100\n|switch|p2b: Pelipper|Pelipper, M|100\/100\n|-weather|RainDance|[from] ability: Drizzle|[of] p2b: Pelipper\n|turn|1\n|\n|t:|1696555999\n|-terastallize|p2a: Primarina|Dragon\n|move|p1b: Meowscarada|Knock Off|p2b: Pelipper\n|-start|p1b: Meowscarada|typechange|Dark|[from] ability: Protean\n|-damage|p2b: Pelipper|35\/100\n|-enditem|p2b: Pelipper|Wiki Berry|[from] move: Knock Off|[of] p1b: Meowscarada\n|-damage|p1b: Meowscarada|91\/100|[from] item: Life Orb\n|move|p1a: Breloom|Bullet Seed|p2a: Primarina\n|-resisted|p2a: Primarina\n|-damage|p2a: Primarina|93\/100\n|-resisted|p2a: Primarina\n|-damage|p2a: Primarina|85\/100\n|-resisted|p2a: Primarina\n|-damage|p2a: Primarina|76\/100\n|-resisted|p2a: Primarina\n|-crit|p2a: Primarina\n|-damage|p2a: Primarina|64\/100\n|-hitcount|p2a: Primarina|4\n|move|p2b: Pelipper|Tailwind|p2b: Pelipper\n|-sidestart|p2: aenima72826|move: Tailwind\n|move|p2a: Primarina|Dazzling Gleam|p1a: Breloom|[spread] p1a,p1b\n|-supereffective|p1a: Breloom\n|-supereffective|p1b: Meowscarada\n|-damage|p1a: Breloom|0 fnt\n|-damage|p1b: Meowscarada|9\/100\n|faint|p1a: Breloom\n|\n|-weather|RainDance|[upkeep]\n|upkeep\n|\n|t:|1696556022\n|switch|p1a: Sinistcha|Sinistcha|100\/100\n|-heal|p1b: Meowscarada|34\/100|[from] ability: Hospitality|[of] p1a: Sinistcha\n|turn|2\n|\n|t:|1696556040\n|move|p1b: Meowscarada|Play Rough|p2a: Primarina\n|-supereffective|p2a: Primarina\n|-damage|p2a: Primarina|7\/100\n|-damage|p1b: Meowscarada|17\/100|[from] item: Rocky Helmet|[of] p2a: Primarina\n|-damage|p1b: Meowscarada|7\/100|[from] item: Life Orb\n|move|p2b: Pelipper|Hurricane|p1a: Sinistcha\n|-supereffective|p1a: Sinistcha\n|-damage|p1a: Sinistcha|0 fnt\n|faint|p1a: Sinistcha\n|move|p2a: Primarina|Dazzling Gleam|p1b: Meowscarada\n|-supereffective|p1b: Meowscarada\n|-damage|p1b: Meowscarada|0 fnt\n|faint|p1b: Meowscarada\n|\n|-weather|RainDance|[upkeep]\n|upkeep\n|\n|t:|1696556052\n|switch|p1b: Amoonguss|Amoonguss, M|100\/100\n|switch|p1a: Ogerpon|Ogerpon-Wellspring, F|100\/100\n|turn|3\n|\n|t:|1696556065\n|move|p1b: Amoonguss|Rage Powder|p1b: Amoonguss\n|-singleturn|p1b: Amoonguss|move: Rage Powder\n|move|p1a: Ogerpon|Swords Dance|p1a: Ogerpon\n|-boost|p1a: Ogerpon|atk|2\n|move|p2b: Pelipper|Hurricane|p1b: Amoonguss\n|-supereffective|p1b: Amoonguss\n|-damage|p1b: Amoonguss|33\/100\n|move|p2a: Primarina|Dazzling Gleam|p1b: Amoonguss|[spread] p1a,p1b\n|-resisted|p1b: Amoonguss\n|-damage|p1a: Ogerpon|75\/100\n|-damage|p1b: Amoonguss|26\/100\n|\n|-weather|RainDance|[upkeep]\n|upkeep\n|turn|4\n|\n|t:|1696556090\n|-terastallize|p1a: Ogerpon|Water\n|detailschange|p1a: Ogerpon|Ogerpon-Wellspring-Tera, F, tera:Water\n|-ability|p1a: Ogerpon|Embody Aspect (Wellspring)|boost\n|-boost|p1a: Ogerpon|spd|1\n|move|p1b: Amoonguss|Protect|p1b: Amoonguss\n|-singleturn|p1b: Amoonguss|Protect\n|move|p1a: Ogerpon|Ivy Cudgel|p2b: Pelipper\n|-resisted|p2b: Pelipper\n|-damage|p2b: Pelipper|0 fnt\n|faint|p2b: Pelipper\n|move|p2a: Primarina|Dazzling Gleam|p1b: Amoonguss|[spread] p1a\n|-activate|p1b: Amoonguss|move: Protect\n|-damage|p1a: Ogerpon|57\/100\n|\n|-weather|RainDance|[upkeep]\n|-sideend|p2: aenima72826|move: Tailwind\n|upkeep\n|inactive|aenima72826 has 120 seconds left.\n|\n|t:|1696556108\n|switch|p2b: Corviknight|Corviknight, F|100\/100\n|turn|5\n|\n|t:|1696556120\n|switch|p1b: Dipplin|Dipplin, F|100\/100\n|-ability|p1b: Dipplin|Supersweet Syrup\n|-ability|p1b: Dipplin|Supersweet Syrup|boost\n|-unboost|p2a: Primarina|evasion|1\n|-ability|p2b: Corviknight|Mirror Armor\n|-unboost|p1b: Dipplin|evasion|1\n|move|p1a: Ogerpon|Ivy Cudgel|p2b: Corviknight\n|-damage|p2b: Corviknight|0 fnt\n|faint|p2b: Corviknight\n|move|p2a: Primarina|Dazzling Gleam|p1a: Ogerpon|[spread] p1a,p1b\n|-crit|p1a: Ogerpon\n|-supereffective|p1b: Dipplin\n|-damage|p1a: Ogerpon|18\/100\n|-damage|p1b: Dipplin|67\/100\n|\n|-weather|none\n|upkeep\n|\n|t:|1696556139\n|switch|p2b: Toxapex|Toxapex, F|100\/100\n|turn|6\n|\n|t:|1696556147\n|move|p2b: Toxapex|Baneful Bunker|p2b: Toxapex\n|-singleturn|p2b: Toxapex|move: Protect\n|move|p1a: Ogerpon|Stomping Tantrum|p2b: Toxapex\n|-activate|p2b: Toxapex|move: Protect\n|-status|p1a: Ogerpon|psn\n|move|p2a: Primarina|Dazzling Gleam|p1b: Dipplin|[spread] p1a,p1b\n|-supereffective|p1b: Dipplin\n|-damage|p1a: Ogerpon|0 fnt\n|-damage|p1b: Dipplin|32\/100\n|faint|p1a: Ogerpon\n|move|p1b: Dipplin|Reflect|p1b: Dipplin\n|-sidestart|p1: Genshinniche|Reflect\n|\n|upkeep\n|\n|t:|1696556155\n|switch|p1a: Amoonguss|Amoonguss, M|59\/100\n|turn|7\n|-message|Genshinniche forfeited.\n|\n|win|aenima72826\n|raw|Genshinniche's rating: 1031 &rarr; <strong>1017<\/strong><br \/>(-14 for losing)\n|raw|aenima72826's rating: 1053 &rarr; <strong>1083<\/strong><br \/>(+30 for winning)\n|l|\u2606Genshinniche\n","uploadtime":1696556174,"views":10,"p1id":"genshinniche","p2id":"aenima72826","formatid":"gen9nationaldexdoubles","rating":1017,"private":0,"password":""}