{"id":"gen9nationaldexdoubles-1989601277","p1":"poisany","p2":"252SpASpecsChiYu","format":"[Gen 9] National Dex Doubles","log":"|j|\u2606poisany\n|j|\u2606252SpASpecsChiYu\n|t:|1699877308\n|gametype|doubles\n|player|p1|poisany|carmine-festival|\n|player|p2|252SpASpecsChiYu|benga|\n|teamsize|p1|6\n|teamsize|p2|6\n|gen|9\n|tier|[Gen 9] National Dex Doubles\n|rule|HP Percentage Mod: HP is shown in percentages\n|rule|Endless Battle Clause: Forcing endless battles is banned\n|rule|OHKO Clause: OHKO moves are banned\n|rule|Evasion Moves Clause: Evasion moves are banned\n|rule|Evasion Abilities Clause: Evasion abilities are banned\n|rule|Species Clause: Limit one of each Pok\u00e9mon\n|rule|Gravity Sleep Clause: The combination of sleep-inducing moves with imperfect accuracy and Gravity or Gigantamax Orbeetle are banned\n|clearpoke\n|poke|p1|Veluza, M|\n|poke|p1|Jynx, F|\n|poke|p1|Electivire, M|\n|poke|p1|Metagross|\n|poke|p1|Alcremie, F|\n|poke|p1|Tropius, F|\n|poke|p2|Heliolisk, F|\n|poke|p2|Tropius, M|\n|poke|p2|Swampert, M|\n|poke|p2|Lanturn, M|\n|poke|p2|Bellibolt, F|\n|poke|p2|Klefki, F|\n|teampreview\n|inactive|Battle timer is ON: inactive players will automatically lose when time's up. (requested by poisany)\n|c|\u2606poisany|glhf\n|c|\u2606252SpASpecsChiYu|glhf\n|\n|t:|1699877336\n|start\n|switch|p1a: Vile|Electivire, M|100\/100\n|switch|p1b: Cream Cake|Alcremie, F|100\/100\n|switch|p2a: Klefki|Klefki, F|100\/100\n|switch|p2b: Lanturn|Lanturn, M|100\/100\n|turn|1\n|\n|t:|1699877351\n|move|p2a: Klefki|Rain Dance|p2a: Klefki\n|-weather|RainDance\n|move|p1a: Vile|Flamethrower|p2a: Klefki\n|-supereffective|p2a: Klefki\n|-damage|p2a: Klefki|69\/100\n|move|p2b: Lanturn|Surf|p1a: Vile|[spread] p2a,p1a,p1b\n|-damage|p2a: Klefki|23\/100\n|-damage|p1a: Vile|46\/100\n|-damage|p1b: Cream Cake|73\/100\n|move|p1b: Cream Cake|Dazzling Gleam|p2a: Klefki|[spread] p2a,p2b\n|-resisted|p2a: Klefki\n|-damage|p2a: Klefki|9\/100\n|-damage|p2b: Lanturn|86\/100\n|\n|-weather|RainDance|[upkeep]\n|upkeep\n|turn|2\n|\n|t:|1699877374\n|switch|p1a: The Long Neck|Tropius, F|100\/100\n|switch|p2a: Swampert|Swampert, M|100\/100\n|move|p2b: Lanturn|Surf|p1a: The Long Neck|[spread] p2a,p1a,p1b\n|-resisted|p1a: The Long Neck\n|-damage|p2a: Swampert|66\/100\n|-damage|p1a: The Long Neck|80\/100\n|-damage|p1b: Cream Cake|48\/100\n|move|p1b: Cream Cake|Dazzling Gleam|p2b: Lanturn|[spread] p2a,p2b\n|-damage|p2a: Swampert|45\/100\n|-damage|p2b: Lanturn|73\/100\n|\n|-weather|RainDance|[upkeep]\n|upkeep\n|turn|3\n|\n|t:|1699877394\n|switch|p2a: Bellibolt|Bellibolt, F|100\/100\n|move|p1a: The Long Neck|Wide Guard|p1a: The Long Neck\n|-singleturn|p1a: The Long Neck|Wide Guard\n|move|p2b: Lanturn|Ice Beam|p1a: The Long Neck\n|-supereffective|p1a: The Long Neck\n|-crit|p1a: The Long Neck\n|-damage|p1a: The Long Neck|0 fnt\n|faint|p1a: The Long Neck\n|move|p1b: Cream Cake|Dazzling Gleam|p2a: Bellibolt|[spread] p2a,p2b\n|-damage|p2a: Bellibolt|79\/100\n|-damage|p2b: Lanturn|60\/100\n|-start|p2a: Bellibolt|Charge|Dazzling Gleam|[from] ability: Electromorphosis\n|\n|-weather|RainDance|[upkeep]\n|upkeep\n|inactive|poisany has 270 seconds left.\n|\n|t:|1699877417\n|switch|p1a: Vile|Electivire, M|46\/100\n|turn|4\n|\n|t:|1699877437\n|move|p1a: Vile|Follow Me|p1a: Vile\n|-singleturn|p1a: Vile|move: Follow Me\n|move|p2b: Lanturn|Surf|p1a: Vile|[spread] p2a,p1a,p1b\n|-damage|p2a: Bellibolt|41\/100\n|-damage|p1a: Vile|0 fnt\n|-damage|p1b: Cream Cake|23\/100\n|-start|p2a: Bellibolt|Charge|Surf|[from] ability: Electromorphosis\n|faint|p1a: Vile\n|move|p1b: Cream Cake|Dazzling Gleam|p2a: Bellibolt|[spread] p2a,p2b\n|-damage|p2a: Bellibolt|21\/100\n|-damage|p2b: Lanturn|46\/100\n|-start|p2a: Bellibolt|Charge|Dazzling Gleam|[from] ability: Electromorphosis\n|move|p2a: Bellibolt|Parabolic Charge|p1b: Cream Cake|[spread] p1b\n|-heal|p2b: Lanturn|71\/100|[from] ability: Volt Absorb|[of] p2a: Bellibolt\n|-damage|p1b: Cream Cake|1\/100\n|-heal|p2a: Bellibolt|30\/100|[from] drain|[of] p1b: Cream Cake\n|-end|p2a: Bellibolt|Charge|[silent]\n|\n|-weather|RainDance|[upkeep]\n|upkeep\n|\n|t:|1699877450\n|switch|p1a: X=Twitter|Metagross|100\/100\n|turn|5\n|\n|t:|1699877459\n|move|p1a: X=Twitter|Agility|p1a: X=Twitter\n|-boost|p1a: X=Twitter|spe|2\n|move|p2b: Lanturn|Surf|p1a: X=Twitter|[spread] p2a,p1a,p1b\n|-damage|p2a: Bellibolt|0 fnt\n|-damage|p1a: X=Twitter|52\/100\n|-damage|p1b: Cream Cake|0 fnt\n|faint|p2a: Bellibolt\n|faint|p1b: Cream Cake\n|\n|-weather|none\n|upkeep\n|c|\u2606252SpASpecsChiYu|lmao\n|c|\u2606poisany|rip to belli\n|\n|t:|1699877487\n|switch|p1b: Thriller|Veluza, M|100\/100\n|switch|p2a: Heliolisk|Heliolisk, F|100\/100\n|turn|6\n|\n|t:|1699877509\n|move|p1a: X=Twitter|Expanding Force|p2a: Heliolisk\n|-damage|p2a: Heliolisk|48\/100\n|move|p2a: Heliolisk|Discharge|p1a: X=Twitter|[spread] p1a,p1b\n|-heal|p2b: Lanturn|96\/100|[from] ability: Volt Absorb|[of] p2a: Heliolisk\n|-supereffective|p1b: Thriller\n|-damage|p1a: X=Twitter|18\/100\n|-damage|p1b: Thriller|26\/100\n|-status|p1b: Thriller|par\n|move|p2b: Lanturn|Scald|p1a: X=Twitter\n|-damage|p1a: X=Twitter|0 fnt\n|faint|p1a: X=Twitter\n|move|p1b: Thriller|Psychic Terrain|p1b: Thriller\n|-fieldstart|move: Psychic Terrain\n|\n|-heal|p2a: Heliolisk|54\/100|[from] item: Leftovers\n|upkeep\n|\n|t:|1699877512\n|switch|p1a: Arcane|Jynx, F|100\/100\n|turn|7\n|\n|t:|1699877537\n|move|p2a: Heliolisk|Discharge|p1b: Thriller|[spread] p1a,p1b\n|-heal|p2b: Lanturn|100\/100|[from] ability: Volt Absorb|[of] p2a: Heliolisk\n|-supereffective|p1b: Thriller\n|-damage|p1a: Arcane|65\/100\n|-damage|p1b: Thriller|0 fnt\n|faint|p1b: Thriller\n|move|p1a: Arcane|Expanding Force|p2a: Heliolisk|[spread] p2a,p2b\n|-damage|p2a: Heliolisk|0 fnt\n|-damage|p2b: Lanturn|57\/100\n|faint|p2a: Heliolisk\n|-damage|p1a: Arcane|55\/100|[from] item: Life Orb\n|move|p2b: Lanturn|Thunderbolt|p1a: Arcane\n|-damage|p1a: Arcane|5\/100\n|-status|p1a: Arcane|par\n|\n|upkeep\n|inactive|252SpASpecsChiYu has 270 seconds left.\n|c|\u2606poisany|gg\n|c|\u2606252SpASpecsChiYu|gg\n|\n|t:|1699877554\n|switch|p2a: Swampert|Swampert, M|45\/100\n|turn|8\n|\n|t:|1699877559\n|move|p2b: Lanturn|Thunderbolt|p1a: Arcane\n|-damage|p1a: Arcane|0 fnt\n|faint|p1a: Arcane\n|\n|win|252SpASpecsChiYu\n","uploadtime":1699877563,"views":39,"p1id":"poisany","p2id":"252spaspecschiyu","formatid":"gen9nationaldexdoubles","rating":0,"private":0,"password":""}