{"id":"gen9nationaldexdoubles-1987110677","p1":"blakesigsworth","p2":"Ch4mpionDiantha","format":"[Gen 9] National Dex Doubles","log":"|j|\u2606blakesigsworth\n|j|\u2606Ch4mpionDiantha\n|t:|1699556920\n|gametype|doubles\n|player|p1|blakesigsworth|clown|1045\n|player|p2|Ch4mpionDiantha|leaf-masters|1160\n|teamsize|p1|6\n|teamsize|p2|6\n|gen|9\n|tier|[Gen 9] National Dex Doubles\n|rated|\n|rule|HP Percentage Mod: HP is shown in percentages\n|rule|Endless Battle Clause: Forcing endless battles is banned\n|rule|OHKO Clause: OHKO moves are banned\n|rule|Evasion Moves Clause: Evasion moves are banned\n|rule|Evasion Abilities Clause: Evasion abilities are banned\n|rule|Species Clause: Limit one of each Pok\u00e9mon\n|rule|Gravity Sleep Clause: The combination of sleep-inducing moves with imperfect accuracy and Gravity or Gigantamax Orbeetle are banned\n|clearpoke\n|poke|p1|Armarouge, M|\n|poke|p1|Tapu Lele|\n|poke|p1|Maushold-Four|\n|poke|p1|Scizor, F|\n|poke|p1|Rapidash-Galar, F|\n|poke|p1|Furret, F|\n|poke|p2|Hawlucha, F|\n|poke|p2|Tyrantrum, M|\n|poke|p2|Aurorus, F|\n|poke|p2|Gourgeist-*, M|\n|poke|p2|Goodra, F|\n|poke|p2|Gardevoir, F|\n|teampreview\n|\n|t:|1699556954\n|start\n|switch|p1a: Furret|Furret, F|100\/100\n|switch|p1b: Rapidash|Rapidash-Galar, F|100\/100\n|switch|p2a: Aurorus|Aurorus, F|100\/100\n|switch|p2b: Gourgeist|Gourgeist-Super, M|100\/100\n|-item|p2a: Aurorus|Power Herb|[from] ability: Frisk|[of] p1a: Furret|[identify]\n|-item|p2b: Gourgeist|Room Service|[from] ability: Frisk|[of] p1a: Furret|[identify]\n|turn|1\n|\n|t:|1699556962\n|move|p1b: Rapidash|Dazzling Gleam|p2b: Gourgeist|[spread] p2a,p2b\n|-damage|p2a: Aurorus|77\/100\n|-damage|p2b: Gourgeist|66\/100\n|-damage|p1b: Rapidash|91\/100|[from] item: Life Orb\n|move|p1a: Furret|Tidy Up|p1a: Furret\n|-boost|p1a: Furret|atk|1\n|-boost|p1a: Furret|spe|1\n|move|p2a: Aurorus|Hyper Voice|p1b: Rapidash|[spread] p1a,p1b\n|-damage|p1a: Furret|31\/100\n|-damage|p1b: Rapidash|42\/100\n|move|p2b: Gourgeist|Trick Room|p2b: Gourgeist\n|-fieldstart|move: Trick Room|[of] p2b: Gourgeist\n|-enditem|p2b: Gourgeist|Room Service\n|-unboost|p2b: Gourgeist|spe|1|[from] item: Room Service\n|\n|upkeep\n|turn|2\n|\n|t:|1699556973\n|move|p2b: Gourgeist|Ally Switch|p2b: Gourgeist\n|swap|p2b: Gourgeist|0|[from] move: Ally Switch\n|move|p2b: Aurorus|Hyper Voice|p1b: Rapidash|[spread] p1a,p1b\n|-damage|p1a: Furret|0 fnt\n|-damage|p1b: Rapidash|0 fnt\n|faint|p1a: Furret\n|faint|p1b: Rapidash\n|\n|upkeep\n|\n|t:|1699556977\n|switch|p1a: Tapu Lele|Tapu Lele|100\/100\n|switch|p1b: Scizor|Scizor, F|100\/100\n|-fieldstart|move: Psychic Terrain|[from] ability: Psychic Surge|[of] p1a: Tapu Lele\n|turn|3\n|\n|t:|1699557010\n|detailschange|p1b: Scizor|Scizor-Mega, F\n|-mega|p1b: Scizor|Scizor|Scizorite\n|move|p2a: Gourgeist|Round|p1a: Tapu Lele\n|-damage|p1a: Tapu Lele|91\/100\n|move|p2b: Aurorus|Meteor Beam||[still]\n|-prepare|p2b: Aurorus|Meteor Beam\n|-boost|p2b: Aurorus|spa|1\n|-enditem|p2b: Aurorus|Power Herb\n|-anim|p2b: Aurorus|Meteor Beam|p1a: Tapu Lele\n|-damage|p1a: Tapu Lele|0 fnt\n|faint|p1a: Tapu Lele\n|move|p1b: Scizor|Swords Dance|p1b: Scizor\n|-boost|p1b: Scizor|atk|2\n|\n|-item|p2a: Gourgeist|Power Herb|[from] ability: Pickup\n|upkeep\n|\n|t:|1699557015\n|switch|p1a: Armarouge|Armarouge, M|100\/100\n|turn|4\n|\n|t:|1699557021\n|move|p2a: Gourgeist|Trick|p2b: Aurorus\n|-activate|p2a: Gourgeist|move: Trick|[of] p2b: Aurorus\n|-item|p2b: Aurorus|Power Herb|[from] move: Trick\n|-enditem|p2a: Gourgeist|Power Herb|[silent]|[from] move: Trick\n|move|p2b: Aurorus|Meteor Beam||[still]\n|-prepare|p2b: Aurorus|Meteor Beam\n|-boost|p2b: Aurorus|spa|1\n|-enditem|p2b: Aurorus|Power Herb\n|-anim|p2b: Aurorus|Meteor Beam|p1b: Scizor\n|-damage|p1b: Scizor|0 fnt\n|faint|p1b: Scizor\n|move|p1a: Armarouge|Expanding Force|p2b: Aurorus|[spread] p2a,p2b\n|-damage|p2a: Gourgeist|0 fnt\n|-damage|p2b: Aurorus|28\/100\n|faint|p2a: Gourgeist\n|\n|upkeep\n|\n|t:|1699557032\n|switch|p2a: Goodra|Goodra, F|100\/100\n|switch|p1b: Maushold|Maushold-Four|100\/100\n|turn|5\n|\n|t:|1699557043\n|move|p2b: Aurorus|Hyper Voice|p1b: Maushold|[spread] p1a,p1b\n|-resisted|p1a: Armarouge\n|-damage|p1a: Armarouge|61\/100\n|-damage|p1b: Maushold|0 fnt\n|faint|p1b: Maushold\n|move|p2a: Goodra|Life Dew||[still]|[spread] p2a,p2b\n|-fail|p2a: Goodra|heal\n|-heal|p2b: Aurorus|53\/100\n|move|p1a: Armarouge|Expanding Force|p2b: Aurorus|[spread] p2a,p2b\n|-damage|p2a: Goodra|71\/100\n|-damage|p2b: Aurorus|6\/100\n|\n|-heal|p2a: Goodra|77\/100|[from] item: Leftovers\n|-fieldend|move: Trick Room\n|upkeep\n|turn|6\n|-message|blakesigsworth forfeited.\n|\n|win|Ch4mpionDiantha\n|raw|blakesigsworth's rating: 1045 &rarr; <strong>1034<\/strong><br \/>(-11 for losing)\n|raw|Ch4mpionDiantha's rating: 1160 &rarr; <strong>1177<\/strong><br \/>(+17 for winning)\n|l|\u2606blakesigsworth\n","uploadtime":1699557053,"views":5,"p1id":"blakesigsworth","p2id":"ch4mpiondiantha","formatid":"gen9nationaldexdoubles","rating":1034,"private":0,"password":""}