{"id":"gen9nationaldexdoubles-1993762093","p1":"Not McBruh","p2":"squidheadss","format":"[Gen 9] National Dex Doubles","log":"|j|\u203dNot McBruh\n|j|\u2606squidheadss\n|t:|1700354218\n|gametype|doubles\n|player|p1|Not McBruh|colress|1527\n|player|p2|squidheadss|cynthia|1473\n|teamsize|p1|6\n|teamsize|p2|6\n|gen|9\n|tier|[Gen 9] National Dex Doubles\n|rated|\n|rule|HP Percentage Mod: HP is shown in percentages\n|rule|Endless Battle Clause: Forcing endless battles is banned\n|rule|OHKO Clause: OHKO moves are banned\n|rule|Evasion Moves Clause: Evasion moves are banned\n|rule|Evasion Abilities Clause: Evasion abilities are banned\n|rule|Species Clause: Limit one of each Pok\u00e9mon\n|rule|Gravity Sleep Clause: The combination of sleep-inducing moves with imperfect accuracy and Gravity or Gigantamax Orbeetle are banned\n|clearpoke\n|poke|p1|Charizard, M|\n|poke|p1|Walking Wake|\n|poke|p1|Whimsicott, F|\n|poke|p1|Flutter Mane|\n|poke|p1|Rillaboom, M|\n|poke|p1|Marshadow|\n|poke|p2|Kangaskhan, F|\n|poke|p2|Rillaboom, F|\n|poke|p2|Kyurem-Black|\n|poke|p2|Jirachi|\n|poke|p2|Urshifu-*, M|\n|poke|p2|Zeraora|\n|teampreview\n|\n|t:|1700354249\n|start\n|switch|p1a: Whimsicott|Whimsicott, F, shiny|100\/100\n|switch|p1b: Flutter Mane|Flutter Mane|100\/100\n|switch|p2a: Kyurem|Kyurem-Black|100\/100\n|switch|p2b: Zeraora|Zeraora|100\/100\n|-ability|p2a: Kyurem|Teravolt\n|turn|1\n|inactive|Battle timer is ON: inactive players will automatically lose when time's up. (requested by squidheadss)\n|\n|t:|1700354268\n|-terastallize|p2a: Kyurem|Poison\n|move|p1b: Flutter Mane|Protect|p1b: Flutter Mane\n|-singleturn|p1b: Flutter Mane|Protect\n|move|p2b: Zeraora|Fake Out|p1a: Whimsicott\n|-damage|p1a: Whimsicott|87\/100\n|move|p1a: Whimsicott|Moonblast|p2a: Kyurem\n|-resisted|p2a: Kyurem\n|-damage|p2a: Kyurem|90\/100\n|move|p2a: Kyurem|Dragon Dance|p2a: Kyurem\n|-boost|p2a: Kyurem|atk|1\n|-boost|p2a: Kyurem|spe|1\n|\n|upkeep\n|turn|2\n|\n|t:|1700354285\n|-end|p1b: Flutter Mane|Protosynthesis|[silent]\n|switch|p1b: Rillaboom|Rillaboom, M|100\/100\n|-fieldstart|move: Grassy Terrain|[from] ability: Grassy Surge|[of] p1b: Rillaboom\n|move|p1a: Whimsicott|Encore|p2a: Kyurem\n|-start|p2a: Kyurem|Encore\n|-zpower|p2b: Zeraora\n|move|p2b: Zeraora|Gigavolt Havoc|p1b: Rillaboom|[zeffect]\n|-resisted|p1b: Rillaboom\n|-damage|p1b: Rillaboom|58\/100\n|move|p2a: Kyurem|Dragon Dance|p2a: Kyurem\n|-boost|p2a: Kyurem|atk|1\n|-boost|p2a: Kyurem|spe|1\n|\n|-heal|p2a: Kyurem|96\/100|[from] Grassy Terrain\n|-heal|p1a: Whimsicott|93\/100|[from] Grassy Terrain\n|-heal|p1b: Rillaboom|65\/100|[from] Grassy Terrain\n|upkeep\n|turn|3\n|\n|t:|1700354308\n|move|p1a: Whimsicott|Tailwind|p1a: Whimsicott\n|-sidestart|p1: Not McBruh|move: Tailwind\n|move|p2a: Kyurem|Dragon Dance|p2a: Kyurem\n|-boost|p2a: Kyurem|atk|1\n|-boost|p2a: Kyurem|spe|1\n|move|p2b: Zeraora|Coaching|p2a: Kyurem\n|-boost|p2a: Kyurem|atk|1\n|-boost|p2a: Kyurem|def|1\n|move|p1b: Rillaboom|Wood Hammer|p2b: Zeraora\n|-damage|p2b: Zeraora|0 fnt\n|faint|p2b: Zeraora\n|-damage|p1b: Rillaboom|34\/100|[from] Recoil\n|\n|-heal|p1a: Whimsicott|99\/100|[from] Grassy Terrain\n|-heal|p2a: Kyurem|100\/100|[from] Grassy Terrain\n|-heal|p1b: Rillaboom|40\/100|[from] Grassy Terrain\n|upkeep\n|inactive|squidheadss has 120 seconds left.\n|\n|t:|1700354331\n|switch|p2b: Jirachi|Jirachi|100\/100\n|turn|4\n|\n|t:|1700354340\n|move|p2b: Jirachi|Protect|p2b: Jirachi\n|-singleturn|p2b: Jirachi|Protect\n|move|p1a: Whimsicott|Taunt|p2b: Jirachi\n|-activate|p2b: Jirachi|move: Protect\n|move|p2a: Kyurem|Dragon Dance|p2a: Kyurem\n|-boost|p2a: Kyurem|atk|1\n|-boost|p2a: Kyurem|spe|1\n|move|p1b: Rillaboom|U-turn|p2b: Jirachi\n|-activate|p2b: Jirachi|move: Protect\n|\n|-heal|p1a: Whimsicott|100\/100|[from] Grassy Terrain\n|-heal|p1b: Rillaboom|46\/100|[from] Grassy Terrain\n|-end|p2a: Kyurem|Encore\n|upkeep\n|turn|5\n|\n|t:|1700354364\n|move|p2b: Jirachi|Follow Me|p2b: Jirachi\n|-singleturn|p2b: Jirachi|move: Follow Me\n|move|p1a: Whimsicott|Taunt|p2b: Jirachi\n|-start|p2b: Jirachi|move: Taunt\n|move|p2a: Kyurem|Icicle Spear|p1b: Rillaboom\n|-supereffective|p1b: Rillaboom\n|-damage|p1b: Rillaboom|0 fnt\n|faint|p1b: Rillaboom\n|-hitcount|p1: Rillaboom|1\n|\n|upkeep\n|\n|t:|1700354369\n|switch|p1b: Marshadow|Marshadow|100\/100\n|turn|6\n|\n|t:|1700354384\n|move|p1b: Marshadow|Spectral Thief||[still]\n|-clearpositiveboost|p2a: Kyurem|p1b: Marshadow|move: Spectral Thief\n|-boost|p1b: Marshadow|atk|5\n|-boost|p1b: Marshadow|def|1\n|-boost|p1b: Marshadow|spe|4\n|-anim|p1b: Marshadow|Spectral Thief|p2a: Kyurem\n|-damage|p2a: Kyurem|0 fnt\n|faint|p2a: Kyurem\n|move|p1a: Whimsicott|Moonblast|p2b: Jirachi\n|-resisted|p2b: Jirachi\n|-damage|p2b: Jirachi|92\/100\n|move|p2b: Jirachi|Iron Head|p1a: Whimsicott\n|-supereffective|p1a: Whimsicott\n|-crit|p1a: Whimsicott\n|-damage|p1a: Whimsicott|2\/100\n|\n|-heal|p1a: Whimsicott|9\/100|[from] Grassy Terrain\n|-heal|p2b: Jirachi|98\/100|[from] Grassy Terrain\n|-sideend|p1: Not McBruh|move: Tailwind\n|-fieldend|move: Grassy Terrain\n|upkeep\n|\n|t:|1700354403\n|switch|p2a: Kangaskhan|Kangaskhan, F|100\/100\n|turn|7\n|\n|t:|1700354416\n|move|p1b: Marshadow|Protect|p1b: Marshadow\n|-singleturn|p1b: Marshadow|Protect\n|move|p2a: Kangaskhan|Fake Out|p1b: Marshadow\n|-activate|p1b: Marshadow|move: Protect\n|move|p1a: Whimsicott|Encore|p2b: Jirachi\n|-start|p2b: Jirachi|Encore\n|move|p2b: Jirachi|Iron Head|p1a: Whimsicott\n|-supereffective|p1a: Whimsicott\n|-damage|p1a: Whimsicott|0 fnt\n|faint|p1a: Whimsicott\n|\n|upkeep\n|\n|t:|1700354427\n|switch|p1a: Charizard|Charizard, M, shiny|100\/100\n|turn|8\n|\n|t:|1700354437\n|detailschange|p1a: Charizard|Charizard-Mega-Y, M, shiny\n|-mega|p1a: Charizard|Charizard|Charizardite Y\n|-weather|SunnyDay|[from] ability: Drought|[of] p1a: Charizard\n|detailschange|p2a: Kangaskhan|Kangaskhan-Mega, F\n|-mega|p2a: Kangaskhan|Kangaskhan|Kangaskhanite\n|move|p1b: Marshadow|Close Combat|p2a: Kangaskhan\n|-supereffective|p2a: Kangaskhan\n|-damage|p2a: Kangaskhan|0 fnt\n|-unboost|p1b: Marshadow|def|1\n|-unboost|p1b: Marshadow|spd|1\n|faint|p2a: Kangaskhan\n|move|p1a: Charizard|Heat Wave|p2b: Jirachi\n|-supereffective|p2b: Jirachi\n|-damage|p2b: Jirachi|0 fnt\n|faint|p2b: Jirachi\n|\n|-weather|SunnyDay|[upkeep]\n|upkeep\n|-message|squidheadss forfeited.\n|\n|win|Not McBruh\n|raw|Not McBruh's rating: 1527 &rarr; <strong>1544<\/strong><br \/>(+17 for winning)\n|raw|squidheadss's rating: 1473 &rarr; <strong>1456<\/strong><br \/>(-17 for losing)\n|l|\u2606squidheadss\n","uploadtime":1700354461,"views":37,"p1id":"notmcbruh","p2id":"squidheadss","formatid":"gen9nationaldexdoubles","rating":1456,"private":0,"password":""}