{"id":"gen9nationaldexdoubles-1957759095","p1":"Creepystank","p2":"JP Guias","format":"[Gen 9] National Dex Doubles","log":"|j|\u2606Creepystank\n|j|\u2606JP Guias\n|t:|1696258914\n|gametype|doubles\n|player|p1|Creepystank|cynthia-gen4|1098\n|player|p2|JP Guias|bianca|1261\n|teamsize|p1|6\n|teamsize|p2|6\n|gen|9\n|tier|[Gen 9] National Dex Doubles\n|rated|\n|rule|HP Percentage Mod: HP is shown in percentages\n|rule|Endless Battle Clause: Forcing endless battles is banned\n|rule|OHKO Clause: OHKO moves are banned\n|rule|Evasion Moves Clause: Evasion moves are banned\n|rule|Evasion Abilities Clause: Evasion abilities are banned\n|rule|Species Clause: Limit one of each Pok\u00e9mon\n|rule|Gravity Sleep Clause: The combination of sleep-inducing moves with imperfect accuracy and Gravity or Gigantamax Orbeetle are banned\n|clearpoke\n|poke|p1|Clefairy, F|\n|poke|p1|Tatsugiri, M|\n|poke|p1|Slowking, M|\n|poke|p1|Articuno|\n|poke|p1|Baxcalibur, F|\n|poke|p1|Chandelure, F|\n|poke|p2|Clefairy, F|\n|poke|p2|Torkoal, M|\n|poke|p2|Chi-Yu|\n|poke|p2|Flutter Mane|\n|poke|p2|Iron Hands|\n|poke|p2|Amoonguss, F|\n|teampreview\n|inactive|Battle timer is ON: inactive players will automatically lose when time's up. (requested by Creepystank)\n|inactive|JP Guias also wants the timer to be on.\n|inactive|Creepystank has 120 seconds left.\n|\n|t:|1696258949\n|start\n|switch|p1a: Slowking|Slowking, M|100\/100\n|switch|p1b: Tatsugiri|Tatsugiri, M|100\/100\n|switch|p2a: Ferro-Tanque|Iron Hands, shiny|100\/100\n|switch|p2b: Clefairy|Clefairy, F|100\/100\n|turn|1\n|\n|t:|1696258971\n|move|p2a: Ferro-Tanque|Fake Out|p1a: Slowking\n|-damage|p1a: Slowking|88\/100\n|move|p1b: Tatsugiri|Icy Wind|p2b: Clefairy|[spread] p2a,p2b\n|-damage|p2a: Ferro-Tanque|96\/100\n|-damage|p2b: Clefairy|92\/100\n|-unboost|p2a: Ferro-Tanque|spe|1\n|-unboost|p2b: Clefairy|spe|1\n|cant|p1a: Slowking|flinch\n|move|p2b: Clefairy|Moonblast|p1b: Tatsugiri\n|-supereffective|p1b: Tatsugiri\n|-damage|p1b: Tatsugiri|58\/100\n|-unboost|p1b: Tatsugiri|spa|1\n|\n|-heal|p1b: Tatsugiri|64\/100|[from] item: Leftovers\n|upkeep\n|turn|2\n|\n|t:|1696258993\n|move|p1b: Tatsugiri|Nasty Plot|p1b: Tatsugiri\n|-boost|p1b: Tatsugiri|spa|2\n|move|p1a: Slowking|Surf|p2b: Clefairy|[spread] p2a,p2b\n|-ability|p1b: Tatsugiri|Storm Drain|boost\n|-boost|p1b: Tatsugiri|spa|1\n|-damage|p2a: Ferro-Tanque|86\/100\n|-damage|p2b: Clefairy|72\/100\n|move|p2a: Ferro-Tanque|Wild Charge|p1a: Slowking\n|-supereffective|p1a: Slowking\n|-damage|p1a: Slowking|3\/100\n|-damage|p2a: Ferro-Tanque|69\/100|[from] Recoil\n|move|p2b: Clefairy|Moonblast|p1b: Tatsugiri\n|-supereffective|p1b: Tatsugiri\n|-damage|p1b: Tatsugiri|24\/100\n|\n|-heal|p1b: Tatsugiri|30\/100|[from] item: Leftovers\n|upkeep\n|turn|3\n|\n|t:|1696259015\n|move|p1b: Tatsugiri|Muddy Water|p2b: Clefairy|[spread] p2a,p2b\n|-damage|p2a: Ferro-Tanque|46\/100\n|-damage|p2b: Clefairy|34\/100\n|move|p1a: Slowking|Chilly Reception|p1a: Slowking\n|-weather|Snow\n|\n|t:|1696259022\n|switch|p1a: Clefairy|Clefairy, F|100\/100|[from] Chilly Reception\n|move|p2a: Ferro-Tanque|Drain Punch|p1b: Tatsugiri\n|-damage|p1b: Tatsugiri|0 fnt\n|-heal|p2a: Ferro-Tanque|56\/100|[from] drain|[of] p1b: Tatsugiri\n|faint|p1b: Tatsugiri\n|move|p2b: Clefairy|Moonblast|p1a: Clefairy\n|-damage|p1a: Clefairy|82\/100\n|\n|-weather|Snow|[upkeep]\n|upkeep\n|\n|t:|1696259027\n|switch|p1b: Articuno|Articuno|100\/100\n|-ability|p1b: Articuno|Pressure\n|turn|4\n|\n|t:|1696259035\n|-end|p2a: Ferro-Tanque|Quark Drive|[silent]\n|switch|p2a: Torkoal|Torkoal, M|100\/100\n|-weather|SunnyDay|[from] ability: Drought|[of] p2a: Torkoal\n|-terastallize|p1b: Articuno|Ice\n|move|p1b: Articuno|Blizzard|p2a: Torkoal|[spread] p2a\n|-miss|p1b: Articuno|p2b: Clefairy\n|-resisted|p2a: Torkoal\n|-damage|p2a: Torkoal|82\/100\n|move|p1a: Clefairy|Moonblast|p2a: Torkoal\n|-resisted|p2a: Torkoal\n|-damage|p2a: Torkoal|74\/100\n|-unboost|p2a: Torkoal|spa|1\n|move|p2b: Clefairy|Heal Pulse|p2a: Torkoal\n|-heal|p2a: Torkoal|100\/100\n|\n|-weather|SunnyDay|[upkeep]\n|upkeep\n|turn|5\n|\n|t:|1696259058\n|switch|p1b: Slowking|Slowking, M|36\/100\n|switch|p2a: Ferro-Tanque|Iron Hands, shiny|56\/100\n|move|p1a: Clefairy|Thunder Wave|p2a: Ferro-Tanque\n|-immune|p2a: Ferro-Tanque\n|move|p2b: Clefairy|Heal Pulse|p2a: Ferro-Tanque\n|-heal|p2a: Ferro-Tanque|100\/100\n|\n|-weather|SunnyDay|[upkeep]\n|upkeep\n|turn|6\n|\n|t:|1696259077\n|move|p2b: Clefairy|Helping Hand|p2a: Ferro-Tanque\n|-singleturn|p2a: Ferro-Tanque|Helping Hand|[of] p2b: Clefairy\n|move|p2a: Ferro-Tanque|Heavy Slam|p1a: Clefairy\n|-supereffective|p1a: Clefairy\n|-damage|p1a: Clefairy|0 fnt\n|faint|p1a: Clefairy\n|move|p1b: Slowking|Chilly Reception|p1b: Slowking\n|-weather|Snow\n|\n|t:|1696259091\n|switch|p1b: Baxcalibur|Baxcalibur, F|100\/100|[from] Chilly Reception\n|\n|-weather|Snow|[upkeep]\n|upkeep\n|\n|t:|1696259094\n|switch|p1a: Slowking|Slowking, M|69\/100\n|turn|7\n|\n|t:|1696259122\n|switch|p2b: Torkoal|Torkoal, M|100\/100\n|-weather|SunnyDay|[from] ability: Drought|[of] p2b: Torkoal\n|move|p1b: Baxcalibur|Scale Shot|p2a: Ferro-Tanque\n|-damage|p2a: Ferro-Tanque|92\/100\n|-damage|p2a: Ferro-Tanque|84\/100\n|-damage|p2a: Ferro-Tanque|75\/100\n|-damage|p2a: Ferro-Tanque|67\/100\n|-hitcount|p2a: Ferro-Tanque|4\n|-unboost|p1b: Baxcalibur|def|1\n|-boost|p1b: Baxcalibur|spe|1\n|move|p2a: Ferro-Tanque|Drain Punch|p1b: Baxcalibur\n|-supereffective|p1b: Baxcalibur\n|-damage|p1b: Baxcalibur|0 fnt\n|-heal|p2a: Ferro-Tanque|100\/100|[from] drain|[of] p1b: Baxcalibur\n|faint|p1b: Baxcalibur\n|move|p1a: Slowking|Chilly Reception|p1a: Slowking\n|-weather|Snow\n|\n|t:|1696259138\n|switch|p1a: Articuno|Articuno, tera:Ice|100\/100|[from] Chilly Reception\n|-ability|p1a: Articuno|Pressure\n|\n|-weather|Snow|[upkeep]\n|upkeep\n|\n|t:|1696259141\n|switch|p1b: Chandelure|Chandelure, F|100\/100\n|turn|8\n|\n|t:|1696259162\n|switch|p2b: Clefairy|Clefairy, F|34\/100\n|move|p1a: Articuno|Blizzard|p2a: Ferro-Tanque|[spread] p2a,p2b\n|-damage|p2a: Ferro-Tanque|80\/100\n|-damage|p2b: Clefairy|0 fnt\n|faint|p2b: Clefairy\n|move|p1b: Chandelure|Heat Wave|p2a: Ferro-Tanque\n|-damage|p2a: Ferro-Tanque|52\/100\n|move|p2a: Ferro-Tanque|Heavy Slam|p1a: Articuno\n|-supereffective|p1a: Articuno\n|-damage|p1a: Articuno|48\/100\n|\n|-weather|Snow|[upkeep]\n|upkeep\n|\n|t:|1696259173\n|switch|p2b: Torkoal|Torkoal, M|100\/100\n|-weather|SunnyDay|[from] ability: Drought|[of] p2b: Torkoal\n|turn|9\n|\n|t:|1696259191\n|move|p1a: Articuno|Light Screen|p1a: Articuno\n|-sidestart|p1: Creepystank|move: Light Screen\n|move|p1b: Chandelure|Heat Wave|p2b: Torkoal|[spread] p2a,p2b\n|-resisted|p2b: Torkoal\n|-damage|p2a: Ferro-Tanque|16\/100\n|-damage|p2b: Torkoal|73\/100\n|move|p2a: Ferro-Tanque|Heavy Slam|p1a: Articuno\n|-supereffective|p1a: Articuno\n|-damage|p1a: Articuno|0 fnt\n|faint|p1a: Articuno\n|move|p2b: Torkoal|Stealth Rock|p1b: Chandelure\n|-sidestart|p1: Creepystank|move: Stealth Rock\n|\n|-weather|SunnyDay|[upkeep]\n|upkeep\n|\n|t:|1696259200\n|switch|p1a: Slowking|Slowking, M|100\/100\n|-damage|p1a: Slowking|88\/100|[from] Stealth Rock\n|turn|10\n|\n|t:|1696259217\n|move|p1b: Chandelure|Heat Wave|p2a: Ferro-Tanque|[spread] p2a\n|-miss|p1b: Chandelure|p2b: Torkoal\n|-damage|p2a: Ferro-Tanque|0 fnt\n|faint|p2a: Ferro-Tanque\n|-end|p2a: Ferro-Tanque|Quark Drive|[silent]\n|move|p1a: Slowking|Chilly Reception|p1a: Slowking\n|-weather|Snow\n|move|p2b: Torkoal|Yawn|p1b: Chandelure\n|-start|p1b: Chandelure|move: Yawn|[of] p2b: Torkoal\n|\n|-weather|Snow|[upkeep]\n|upkeep\n|\n|t:|1696259231\n|switch|p2a: Amoonguss|Amoonguss, F, shiny|100\/100\n|turn|11\n|\n|t:|1696259241\n|switch|p2b: Chi-Yu|Chi-Yu|100\/100\n|-ability|p2b: Chi-Yu|Beads of Ruin\n|move|p1b: Chandelure|Heat Wave|p2a: Amoonguss|[spread] p2a,p2b\n|-supereffective|p2a: Amoonguss\n|-resisted|p2b: Chi-Yu\n|-damage|p2a: Amoonguss|0 fnt\n|-damage|p2b: Chi-Yu|75\/100\n|faint|p2a: Amoonguss\n|move|p1a: Slowking|Blizzard|p2b: Chi-Yu\n|-resisted|p2b: Chi-Yu\n|-damage|p2b: Chi-Yu|59\/100\n|\n|-weather|Snow|[upkeep]\n|-end|p1b: Chandelure|move: Yawn|[silent]\n|-status|p1b: Chandelure|slp\n|upkeep\n|\n|t:|1696259252\n|switch|p2a: Flutter Mane|Flutter Mane|100\/100\n|turn|12\n|\n|t:|1696259265\n|move|p2a: Flutter Mane|Shadow Ball|p1a: Slowking\n|-supereffective|p1a: Slowking\n|-damage|p1a: Slowking|6\/100\n|move|p2b: Chi-Yu|Dark Pulse|p1a: Slowking\n|-supereffective|p1a: Slowking\n|-damage|p1a: Slowking|0 fnt\n|faint|p1a: Slowking\n|cant|p1b: Chandelure|slp\n|\n|-weather|Snow|[upkeep]\n|upkeep\n|turn|13\n|inactive|Creepystank has 120 seconds left.\n|\n|t:|1696259302\n|move|p2a: Flutter Mane|Shadow Ball|p1b: Chandelure\n|-supereffective|p1b: Chandelure\n|-damage|p1b: Chandelure|0 fnt\n|faint|p1b: Chandelure\n|\n|win|JP Guias\n|raw|Creepystank's rating: 1098 &rarr; <strong>1084<\/strong><br \/>(-14 for losing)\n|raw|JP Guias's rating: 1261 &rarr; <strong>1275<\/strong><br \/>(+14 for winning)\n|l|\u2606Creepystank\n|l|\u2606JP Guias\n|j|\u2606JP Guias\n|player|p2|JP Guias|bianca\n","uploadtime":1696259659,"views":7,"p1id":"creepystank","p2id":"jpguias","formatid":"gen9nationaldexdoubles","rating":1084,"private":0,"password":""}