{"id":"gen9nationaldexdoubles-1961557073","p1":"Kingofspades13","p2":"Theadonia","format":"[Gen 9] National Dex Doubles","log":"|j|\u2606Kingofspades13\n|j|\u2606Theadonia\n|t:|1696637494\n|gametype|doubles\n|player|p1|Kingofspades13|102|1183\n|player|p2|Theadonia|caitlin|1282\n|teamsize|p1|6\n|teamsize|p2|6\n|gen|9\n|tier|[Gen 9] National Dex Doubles\n|rated|\n|rule|HP Percentage Mod: HP is shown in percentages\n|rule|Endless Battle Clause: Forcing endless battles is banned\n|rule|OHKO Clause: OHKO moves are banned\n|rule|Evasion Moves Clause: Evasion moves are banned\n|rule|Evasion Abilities Clause: Evasion abilities are banned\n|rule|Species Clause: Limit one of each Pok\u00e9mon\n|rule|Gravity Sleep Clause: The combination of sleep-inducing moves with imperfect accuracy and Gravity or Gigantamax Orbeetle are banned\n|clearpoke\n|poke|p1|Grapploct, F|\n|poke|p1|Flutter Mane|\n|poke|p1|Volcanion|\n|poke|p1|Ursaluna, F|\n|poke|p1|Rillaboom, F|\n|poke|p1|Empoleon, M|\n|poke|p2|Delphox, M|\n|poke|p2|Oricorio-Sensu, M|\n|poke|p2|Kommo-o, M|\n|poke|p2|Dodrio, F|\n|poke|p2|Cresselia, F|\n|poke|p2|Smeargle, M|\n|teampreview\n|\n|t:|1696637507\n|start\n|switch|p1a: Grapploct|Grapploct, F|100\/100\n|switch|p1b: Flutter Mane|Flutter Mane|100\/100\n|switch|p2a: Kommo-o|Kommo-o, M, shiny|100\/100\n|switch|p2b: Smeargle|Smeargle, M|100\/100\n|-enditem|p1b: Flutter Mane|Booster Energy\n|-activate|p1b: Flutter Mane|ability: Protosynthesis|[fromitem]\n|-start|p1b: Flutter Mane|protosynthesisspe\n|turn|1\n|\n|t:|1696637533\n|move|p1b: Flutter Mane|Taunt|p2b: Smeargle\n|-start|p2b: Smeargle|move: Taunt\n|cant|p2b: Smeargle|move: Taunt|Simple Beam\n|-zpower|p2a: Kommo-o\n|move|p2a: Kommo-o|Clangorous Soulblaze|p1b: Flutter Mane|[zeffect]|[spread] p1a\n|-immune|p1b: Flutter Mane\n|-damage|p1a: Grapploct|43\/100\n|-boost|p2a: Kommo-o|atk|1\n|-boost|p2a: Kommo-o|def|1\n|-boost|p2a: Kommo-o|spa|1\n|-boost|p2a: Kommo-o|spd|1\n|-boost|p2a: Kommo-o|spe|1\n|move|p1a: Grapploct|Octolock|p2a: Kommo-o\n|-start|p2a: Kommo-o|move: Octolock|[of] p1a: Grapploct\n|\n|-heal|p1a: Grapploct|49\/100|[from] item: Leftovers\n|-unboost|p2a: Kommo-o|def|1\n|-unboost|p2a: Kommo-o|spd|1\n|upkeep\n|turn|2\n|\n|t:|1696637557\n|switch|p2b: Dodrio|Dodrio, F|100\/100\n|-terastallize|p1b: Flutter Mane|Fairy\n|move|p1a: Grapploct|Protect|p1a: Grapploct\n|-singleturn|p1a: Grapploct|Protect\n|move|p1b: Flutter Mane|Dazzling Gleam|p2b: Dodrio|[spread] p2a,p2b\n|-supereffective|p2a: Kommo-o\n|-damage|p2a: Kommo-o|0 fnt\n|-damage|p2b: Dodrio|14\/100\n|faint|p2a: Kommo-o\n|\n|-heal|p1a: Grapploct|55\/100|[from] item: Leftovers\n|upkeep\n|\n|t:|1696637577\n|switch|p2a: Oricorio|Oricorio-Sensu, M, shiny|100\/100\n|turn|3\n|\n|t:|1696637593\n|move|p1b: Flutter Mane|Dazzling Gleam|p2b: Dodrio|[spread] p2a,p2b\n|-damage|p2a: Oricorio|49\/100\n|-damage|p2b: Dodrio|0 fnt\n|faint|p2b: Dodrio\n|move|p2a: Oricorio|Quiver Dance|p2a: Oricorio\n|-boost|p2a: Oricorio|spa|1\n|-boost|p2a: Oricorio|spd|1\n|-boost|p2a: Oricorio|spe|1\n|move|p1a: Grapploct|Octolock|p2a: Oricorio\n|-immune|p2a: Oricorio\n|\n|-heal|p1a: Grapploct|61\/100|[from] item: Leftovers\n|upkeep\n|\n|t:|1696637598\n|switch|p2b: Cresselia|Cresselia, F|100\/100\n|turn|4\n|\n|t:|1696637619\n|switch|p1a: Empoleon|Empoleon, M|100\/100\n|move|p1b: Flutter Mane|Dazzling Gleam|p2a: Oricorio|[spread] p2a,p2b\n|-damage|p2a: Oricorio|8\/100\n|-damage|p2b: Cresselia|73\/100\n|-enditem|p2a: Oricorio|Aguav Berry|[eat]\n|-heal|p2a: Oricorio|42\/100|[from] item: Aguav Berry\n|move|p2a: Oricorio|Quiver Dance|p2a: Oricorio\n|-boost|p2a: Oricorio|spa|1\n|-boost|p2a: Oricorio|spd|1\n|-boost|p2a: Oricorio|spe|1\n|move|p2b: Cresselia|Psych Up|p2a: Oricorio\n|-copyboost|p2b: Cresselia|p2a: Oricorio|[from] move: Psych Up\n|\n|-heal|p2b: Cresselia|79\/100|[from] item: Leftovers\n|upkeep\n|turn|5\n|\n|t:|1696637645\n|move|p1b: Flutter Mane|Shadow Ball|p2a: Oricorio\n|-supereffective|p2a: Oricorio\n|-damage|p2a: Oricorio|0 fnt\n|faint|p2a: Oricorio\n|move|p2b: Cresselia|Stored Power|p1b: Flutter Mane\n|-damage|p1b: Flutter Mane|0 fnt\n|faint|p1b: Flutter Mane\n|-end|p1b: Flutter Mane|Protosynthesis|[silent]\n|move|p1a: Empoleon|Surf|p2b: Cresselia\n|-damage|p2b: Cresselia|65\/100\n|\n|-heal|p2b: Cresselia|71\/100|[from] item: Leftovers\n|upkeep\n|\n|t:|1696637659\n|switch|p1b: Rillaboom|Rillaboom, F|100\/100\n|switch|p2a: Smeargle|Smeargle, M|100\/100\n|-fieldstart|move: Grassy Terrain|[from] ability: Grassy Surge|[of] p1b: Rillaboom\n|turn|6\n|\n|t:|1696637681\n|move|p1b: Rillaboom|Fake Out|p2b: Cresselia\n|-crit|p2b: Cresselia\n|-damage|p2b: Cresselia|56\/100\n|cant|p2b: Cresselia|flinch\n|move|p2a: Smeargle|Jungle Healing|p2a: Smeargle|[spread] p2a,p2b\n|-heal|p2b: Cresselia|81\/100\n|move|p1a: Empoleon|Flash Cannon|p2b: Cresselia\n|-damage|p2b: Cresselia|67\/100\n|\n|-heal|p2b: Cresselia|73\/100|[from] item: Leftovers\n|upkeep\n|turn|7\n|\n|t:|1696637703\n|switch|p1a: Ursaluna|Ursaluna, F|100\/100\n|move|p2b: Cresselia|Stored Power|p1b: Rillaboom\n|-damage|p1b: Rillaboom|0 fnt\n|faint|p1b: Rillaboom\n|move|p2a: Smeargle|Jungle Healing|p2a: Smeargle|[spread] p2a,p2b\n|-heal|p2b: Cresselia|98\/100\n|\n|-heal|p2b: Cresselia|100\/100|[from] item: Leftovers\n|-status|p1a: Ursaluna|brn|[from] item: Flame Orb\n|upkeep\n|\n|t:|1696637717\n|switch|p1b: Grapploct|Grapploct, F|61\/100\n|turn|8\n|\n|t:|1696637726\n|move|p2b: Cresselia|Stored Power|p1a: Ursaluna\n|-damage|p1a: Ursaluna|0 fnt\n|faint|p1a: Ursaluna\n|move|p2a: Smeargle|Jungle Healing||[still]|[spread] \n|-fail|p2a: Smeargle\n|move|p1b: Grapploct|Drain Punch|p2a: Smeargle\n|-supereffective|p2a: Smeargle\n|-crit|p2a: Smeargle\n|-damage|p2a: Smeargle|0 fnt\n|-heal|p1b: Grapploct|96\/100|[from] drain|[of] p2a: Smeargle\n|faint|p2a: Smeargle\n|\n|-heal|p1b: Grapploct|100\/100|[from] Grassy Terrain\n|upkeep\n|\n|t:|1696637746\n|switch|p2a: Delphox|Delphox, M, shiny|100\/100\n|switch|p1a: Empoleon|Empoleon, M|100\/100\n|turn|9\n|\n|t:|1696637755\n|move|p2b: Cresselia|Stored Power|p1b: Grapploct\n|-supereffective|p1b: Grapploct\n|-damage|p1b: Grapploct|0 fnt\n|faint|p1b: Grapploct\n|move|p2a: Delphox|Heat Wave|p1a: Empoleon\n|-damage|p1a: Empoleon|57\/100\n|-status|p1a: Empoleon|brn\n|move|p1a: Empoleon|Surf|p2a: Delphox|[spread] p2a,p2b\n|-supereffective|p2a: Delphox\n|-damage|p2a: Delphox|19\/100\n|-damage|p2b: Cresselia|89\/100\n|\n|-heal|p2b: Cresselia|95\/100|[from] item: Leftovers\n|-heal|p2a: Delphox|26\/100|[from] Grassy Terrain\n|-heal|p1a: Empoleon|63\/100 brn|[from] Grassy Terrain\n|-heal|p1a: Empoleon|69\/100 brn|[from] item: Leftovers\n|-damage|p1a: Empoleon|63\/100 brn|[from] brn\n|upkeep\n|\n|t:|1696637774\n|switch|p1b: Volcanion|Volcanion|100\/100\n|turn|10\n|\n|t:|1696637785\n|move|p1a: Empoleon|Aqua Jet|p2a: Delphox\n|-supereffective|p2a: Delphox\n|-damage|p2a: Delphox|6\/100\n|move|p2b: Cresselia|Stored Power|p1b: Volcanion\n|-damage|p1b: Volcanion|0 fnt\n|faint|p1b: Volcanion\n|move|p2a: Delphox|Heat Wave|p1a: Empoleon|[miss]\n|-miss|p2a: Delphox|p1a: Empoleon\n|-enditem|p2a: Delphox|Blunder Policy\n|-boost|p2a: Delphox|spe|2\n|\n|-heal|p2a: Delphox|12\/100|[from] Grassy Terrain\n|-heal|p2b: Cresselia|100\/100|[from] item: Leftovers\n|-heal|p1a: Empoleon|69\/100 brn|[from] Grassy Terrain\n|-heal|p1a: Empoleon|75\/100 brn|[from] item: Leftovers\n|-damage|p1a: Empoleon|69\/100 brn|[from] brn\n|-fieldend|move: Grassy Terrain\n|upkeep\n|turn|11\n|-message|Kingofspades13 forfeited.\n|\n|win|Theadonia\n|raw|Kingofspades13's rating: 1183 &rarr; <strong>1165<\/strong><br \/>(-18 for losing)\n|raw|Theadonia's rating: 1282 &rarr; <strong>1300<\/strong><br \/>(+18 for winning)\n","uploadtime":1696637809,"views":11,"p1id":"kingofspades13","p2id":"theadonia","formatid":"gen9nationaldexdoubles","rating":1165,"private":0,"password":""}