{"id":"gen9nationaldexdoubles-1971953307","p1":"IceyTeas","p2":"fumbari 24","format":"[Gen 9] National Dex Doubles","log":"|j|\u2606IceyTeas\n|j|\u2606fumbari 24\n|t:|1697797068\n|gametype|doubles\n|player|p1|IceyTeas|ingo|1189\n|player|p2|fumbari 24|hilbert|1408\n|teamsize|p1|6\n|teamsize|p2|6\n|gen|9\n|tier|[Gen 9] National Dex Doubles\n|rated|\n|rule|HP Percentage Mod: HP is shown in percentages\n|rule|Endless Battle Clause: Forcing endless battles is banned\n|rule|OHKO Clause: OHKO moves are banned\n|rule|Evasion Moves Clause: Evasion moves are banned\n|rule|Evasion Abilities Clause: Evasion abilities are banned\n|rule|Species Clause: Limit one of each Pok\u00e9mon\n|rule|Gravity Sleep Clause: The combination of sleep-inducing moves with imperfect accuracy and Gravity or Gigantamax Orbeetle are banned\n|clearpoke\n|poke|p1|Ursaluna-Bloodmoon, M|\n|poke|p1|Clefairy, F|\n|poke|p1|Slowbro, M|\n|poke|p1|Xurkitree|\n|poke|p1|Zapdos-Galar|\n|poke|p1|Ferrothorn, M|\n|poke|p2|Krookodile, M|\n|poke|p2|Salamence, M|\n|poke|p2|Chi-Yu|\n|poke|p2|Tornadus, M|\n|poke|p2|Arcanine-Hisui, M|\n|poke|p2|Amoonguss, F|\n|teampreview\n|\n|t:|1697797086\n|start\n|switch|p1a: babino|Clefairy, F, shiny|100\/100\n|switch|p1b: slownado|Slowbro, M, shiny|100\/100\n|switch|p2a: Blue Flame|Salamence, M|100\/100\n|switch|p2b: Chi-Yu|Chi-Yu|100\/100\n|-ability|p2a: Blue Flame|Intimidate|boost\n|-unboost|p1a: babino|atk|1\n|-unboost|p1b: slownado|atk|1\n|-ability|p2b: Chi-Yu|Beads of Ruin\n|turn|1\n|inactive|Battle timer is ON: inactive players will automatically lose when time's up. (requested by fumbari 24)\n|\n|t:|1697797106\n|detailschange|p2a: Blue Flame|Salamence-Mega, M\n|-mega|p2a: Blue Flame|Salamence|Salamencite\n|detailschange|p1b: slownado|Slowbro-Mega, M, shiny\n|-mega|p1b: slownado|Slowbro|Slowbronite\n|move|p2a: Blue Flame|Hyper Voice|p1a: babino|[spread] p1a,p1b\n|-damage|p1a: babino|65\/100\n|-damage|p1b: slownado|62\/100\n|move|p2b: Chi-Yu|Heat Wave|p1a: babino|[spread] p1a,p1b\n|-resisted|p1b: slownado\n|-damage|p1a: babino|34\/100\n|-damage|p1b: slownado|42\/100\n|move|p1a: babino|Cosmic Power|p1a: babino\n|-boost|p1a: babino|def|1\n|-boost|p1a: babino|spd|1\n|move|p1b: slownado|Scald|p2b: Chi-Yu\n|-supereffective|p2b: Chi-Yu\n|-damage|p2b: Chi-Yu|36\/100\n|\n|upkeep\n|turn|2\n|\n|t:|1697797131\n|move|p2a: Blue Flame|Hyper Voice|p1b: slownado|[spread] p1a,p1b\n|-damage|p1a: babino|13\/100\n|-damage|p1b: slownado|0 fnt\n|faint|p1b: slownado\n|move|p2b: Chi-Yu|Heat Wave|p1a: babino\n|-damage|p1a: babino|0 fnt\n|faint|p1a: babino\n|\n|upkeep\n|inactive|IceyTeas has 120 seconds left.\n|\n|t:|1697797149\n|switch|p1a: Freddy|Ursaluna-Bloodmoon, M|100\/100\n|switch|p1b: spike|Ferrothorn, M, shiny|100\/100\n|turn|3\n|\n|t:|1697797171\n|move|p2a: Blue Flame|Hyper Voice|p1a: Freddy|[spread] p1a,p1b\n|-damage|p1a: Freddy|61\/100\n|-damage|p1b: spike|70\/100\n|move|p2b: Chi-Yu|Heat Wave|p1a: Freddy|[spread] p1a,p1b\n|-supereffective|p1b: spike\n|-damage|p1a: Freddy|26\/100\n|-damage|p1b: spike|0 fnt\n|faint|p1b: spike\n|move|p1a: Freddy|Moonblast|p2a: Blue Flame\n|-supereffective|p2a: Blue Flame\n|-damage|p2a: Blue Flame|0 fnt\n|faint|p2a: Blue Flame\n|\n|upkeep\n|\n|t:|1697797182\n|switch|p2a: Tornadus|Tornadus, M|100\/100\n|switch|p1b: KFC 2|Zapdos-Galar, shiny|100\/100\n|turn|4\n|\n|t:|1697797192\n|move|p2b: Chi-Yu|Protect|p2b: Chi-Yu\n|-singleturn|p2b: Chi-Yu|Protect\n|move|p2a: Tornadus|Tailwind|p2a: Tornadus\n|-sidestart|p2: fumbari 24|move: Tailwind\n|move|p1a: Freddy|Vacuum Wave|p2b: Chi-Yu\n|-activate|p2b: Chi-Yu|move: Protect\n|move|p1b: KFC 2|Fly||[still]\n|-prepare|p1b: KFC 2|Fly\n|-enditem|p1b: KFC 2|Power Herb\n|-anim|p1b: KFC 2|Fly|p2a: Tornadus\n|-damage|p2a: Tornadus|60\/100\n|\n|upkeep\n|turn|5\n|\n|t:|1697797222\n|move|p1a: Freddy|Vacuum Wave|p2b: Chi-Yu\n|-supereffective|p2b: Chi-Yu\n|-damage|p2b: Chi-Yu|5\/100\n|move|p2a: Tornadus|Bleakwind Storm|p1b: KFC 2|[spread] \n|-miss|p2a: Tornadus|p1a: Freddy\n|-miss|p2a: Tornadus|p1b: KFC 2\n|move|p2b: Chi-Yu|Heat Wave|p1a: Freddy|[spread] p1a,p1b\n|-damage|p1a: Freddy|0 fnt\n|-damage|p1b: KFC 2|48\/100\n|faint|p1a: Freddy\n|move|p1b: KFC 2|Acrobatics|p2a: Tornadus\n|-damage|p2a: Tornadus|13\/100\n|\n|upkeep\n|\n|t:|1697797235\n|switch|p1a: entanglement|Xurkitree, shiny|100\/100\n|turn|6\n|\n|t:|1697797249\n|switch|p2a: Atraco|Krookodile, M|100\/100\n|-ability|p2a: Atraco|Intimidate|boost\n|-unboost|p1a: entanglement|atk|1\n|-unboost|p1b: KFC 2|atk|1\n|-ability|p1b: KFC 2|Defiant|boost\n|-boost|p1b: KFC 2|atk|2\n|move|p2b: Chi-Yu|Overheat|p1a: entanglement\n|-damage|p1a: entanglement|0 fnt\n|-unboost|p2b: Chi-Yu|spa|2\n|faint|p1a: entanglement\n|move|p1b: KFC 2|Brick Break|p2b: Chi-Yu\n|-supereffective|p2b: Chi-Yu\n|-damage|p2b: Chi-Yu|0 fnt\n|faint|p2b: Chi-Yu\n|\n|upkeep\n|\n|t:|1697797262\n|switch|p2b: Arcanine|Arcanine-Hisui, M|100\/100\n|turn|7\n|\n|t:|1697797274\n|move|p2b: Arcanine|Flare Blitz|p1b: KFC 2\n|-damage|p1b: KFC 2|0 fnt\n|faint|p1b: KFC 2\n|\n|win|fumbari 24\n|raw|IceyTeas's rating: 1189 &rarr; <strong>1178<\/strong><br \/>(-11 for losing)\n|raw|fumbari 24's rating: 1408 &rarr; <strong>1417<\/strong><br \/>(+9 for winning)\n|l|\u2606IceyTeas\n","uploadtime":1697797285,"views":23,"p1id":"iceyteas","p2id":"fumbari24","formatid":"gen9nationaldexdoubles","rating":1178,"private":0,"password":""}