{"id":"gen9nationaldexdoubles-1958458539","p1":"Steven Stone 007","p2":"Aroma Nobody","format":"[Gen 9] National Dex Doubles","log":"|j|\u2606Steven Stone 007\n|j|\u2606Aroma Nobody\n|t:|1696331042\n|gametype|doubles\n|player|p1|Steven Stone 007|steven|\n|player|p2|Aroma Nobody|artist-gen4|\n|teamsize|p1|6\n|teamsize|p2|6\n|gen|9\n|tier|[Gen 9] National Dex Doubles\n|rule|HP Percentage Mod: HP is shown in percentages\n|rule|Endless Battle Clause: Forcing endless battles is banned\n|rule|OHKO Clause: OHKO moves are banned\n|rule|Evasion Moves Clause: Evasion moves are banned\n|rule|Evasion Abilities Clause: Evasion abilities are banned\n|rule|Species Clause: Limit one of each Pok\u00e9mon\n|rule|Gravity Sleep Clause: The combination of sleep-inducing moves with imperfect accuracy and Gravity or Gigantamax Orbeetle are banned\n|clearpoke\n|poke|p1|Chien-Pao|\n|poke|p1|Lucario, F|\n|poke|p1|Rillaboom, M|\n|poke|p1|Incineroar, M|\n|poke|p1|Flutter Mane|\n|poke|p1|Whimsicott, M|\n|poke|p2|Torkoal, M|\n|poke|p2|Roaring Moon|\n|poke|p2|Ogerpon-Hearthflame, F|\n|poke|p2|Gholdengo|\n|poke|p2|Charizard, M|\n|poke|p2|Volcarona, F|\n|teampreview\n|j| Hussumon2\n|j| The Mago3011\n|c|\u2606Aroma Nobody|Glhf\n|c| Hussumon2|He bought the same team mago\n|j| Drei D Lawrence\n|c|\u2606Steven Stone 007|Ogerpon-Hearthflame tera banned\n|\n|t:|1696331094\n|start\n|switch|p1a: Rillaboom|Rillaboom, M|100\/100\n|switch|p1b: Incineroar|Incineroar, M|100\/100\n|switch|p2a: Torkoal|Torkoal, M|100\/100\n|switch|p2b: Gholdengo|Gholdengo|100\/100\n|-fieldstart|move: Grassy Terrain|[from] ability: Grassy Surge|[of] p1a: Rillaboom\n|-ability|p1b: Incineroar|Intimidate|boost\n|-unboost|p2a: Torkoal|atk|1\n|-enditem|p2a: Torkoal|Eject Pack\n|-unboost|p2b: Gholdengo|atk|1\n|c| Hussumon2|It isnt here\n|c| Hussumon2|E4 bans dont follow gym bans\n|c|\u2606Steven Stone 007|WTF no drough\n|\n|t:|1696331126\n|switch|p2a: Charizard|Charizard, M|100\/100\n|turn|1\n|\n|t:|1696331171\n|detailschange|p2a: Charizard|Charizard-Mega-Y, M\n|-mega|p2a: Charizard|Charizard|Charizardite Y\n|-weather|SunnyDay|[from] ability: Drought|[of] p2a: Charizard\n|move|p1a: Rillaboom|Fake Out|p2a: Charizard\n|-damage|p2a: Charizard|80\/100\n|cant|p2a: Charizard|flinch\n|-zpower|p2b: Gholdengo\n|move|p2b: Gholdengo|Corkscrew Crash|p1a: Rillaboom|[zeffect]\n|-damage|p1a: Rillaboom|31\/100\n|move|p1b: Incineroar|Flare Blitz|p2b: Gholdengo\n|-supereffective|p2b: Gholdengo\n|-damage|p2b: Gholdengo|0 fnt\n|faint|p2b: Gholdengo\n|-damage|p1b: Incineroar|69\/100|[from] Recoil\n|\n|-weather|SunnyDay|[upkeep]\n|-heal|p1a: Rillaboom|37\/100|[from] Grassy Terrain\n|-heal|p1b: Incineroar|75\/100|[from] Grassy Terrain\n|upkeep\n|\n|t:|1696331179\n|switch|p2b: Roaring Moon|Roaring Moon|100\/100\n|-activate|p2b: Roaring Moon|ability: Protosynthesis\n|-start|p2b: Roaring Moon|protosynthesisspe\n|turn|2\n|\n|t:|1696331192\n|move|p2b: Roaring Moon|Earthquake|p1a: Rillaboom|[spread] p1a,p1b\n|-immune|p2a: Charizard\n|-resisted|p1a: Rillaboom\n|-supereffective|p1b: Incineroar\n|-damage|p1a: Rillaboom|25\/100\n|-damage|p1b: Incineroar|38\/100\n|move|p2a: Charizard|Fire Blast|p1a: Rillaboom\n|-supereffective|p1a: Rillaboom\n|-damage|p1a: Rillaboom|0 fnt\n|faint|p1a: Rillaboom\n|move|p1b: Incineroar|Flare Blitz|p2a: Charizard\n|-resisted|p2a: Charizard\n|-damage|p2a: Charizard|15\/100\n|-damage|p1b: Incineroar|22\/100|[from] Recoil\n|\n|-weather|SunnyDay|[upkeep]\n|-heal|p1b: Incineroar|28\/100|[from] Grassy Terrain\n|upkeep\n|\n|t:|1696331206\n|switch|p1a: Whimsicott|Whimsicott, M|100\/100\n|turn|3\n|\n|t:|1696331216\n|move|p1a: Whimsicott|Tailwind|p1a: Whimsicott\n|-sidestart|p1: Steven Stone 007|move: Tailwind\n|move|p2b: Roaring Moon|Earthquake|p1a: Whimsicott|[spread] p1a,p1b\n|-immune|p2a: Charizard\n|-resisted|p1a: Whimsicott\n|-supereffective|p1b: Incineroar\n|-damage|p1a: Whimsicott|88\/100\n|-damage|p1b: Incineroar|0 fnt\n|faint|p1b: Incineroar\n|move|p2a: Charizard|Fire Blast|p1a: Whimsicott\n|-supereffective|p1a: Whimsicott\n|-damage|p1a: Whimsicott|0 fnt\n|faint|p1a: Whimsicott\n|\n|-weather|SunnyDay|[upkeep]\n|upkeep\n|\n|t:|1696331226\n|switch|p1a: Chien-Pao|Chien-Pao|100\/100\n|switch|p1b: Lucario|Lucario, F|100\/100\n|-ability|p1a: Chien-Pao|Sword of Ruin\n|turn|4\n|c| Hussumon2|HOLD THE FORT\n|\n|t:|1696331249\n|detailschange|p1b: Lucario|Lucario-Mega, F\n|-mega|p1b: Lucario|Lucario|Lucarionite\n|move|p1a: Chien-Pao|Sacred Sword|p2b: Roaring Moon\n|-supereffective|p2b: Roaring Moon\n|-damage|p2b: Roaring Moon|0 fnt\n|faint|p2b: Roaring Moon\n|-end|p2b: Roaring Moon|Protosynthesis|[silent]\n|move|p1b: Lucario|Close Combat|p2a: Charizard\n|-resisted|p2a: Charizard\n|-damage|p2a: Charizard|0 fnt\n|-unboost|p1b: Lucario|def|1\n|-unboost|p1b: Lucario|spd|1\n|faint|p2a: Charizard\n|\n|-weather|SunnyDay|[upkeep]\n|upkeep\n|c|\u2606Steven Stone 007|i think it is slash\n|\n|t:|1696331260\n|switch|p2b: Ogerpon|Ogerpon-Hearthflame, F|100\/100\n|switch|p2a: Volcarona|Volcarona, F|100\/100\n|-ability|p2b: Ogerpon|Mold Breaker\n|turn|5\n|\n|t:|1696331276\n|-terastallize|p1a: Chien-Pao|Dark\n|-terastallize|p2b: Ogerpon|Fire\n|detailschange|p2b: Ogerpon|Ogerpon-Hearthflame-Tera, F, tera:Fire\n|-ability|p2b: Ogerpon|Embody Aspect (Hearthflame)|boost\n|-boost|p2b: Ogerpon|atk|1\n|move|p2a: Volcarona|Rage Powder|p2a: Volcarona\n|-singleturn|p2a: Volcarona|move: Rage Powder\n|move|p1a: Chien-Pao|Crunch|p2a: Volcarona\n|-damage|p2a: Volcarona|0 fnt\n|-status|p1a: Chien-Pao|brn|[from] ability: Flame Body|[of] p2a: Volcarona\n|faint|p2a: Volcarona\n|move|p1b: Lucario|Close Combat|p2b: Ogerpon\n|-damage|p2b: Ogerpon|0 fnt\n|-unboost|p1b: Lucario|def|1\n|-unboost|p1b: Lucario|spd|1\n|faint|p2b: Ogerpon\n|\n|-weather|none\n|-damage|p1a: Chien-Pao|95\/100 brn|[from] brn\n|-fieldend|move: Grassy Terrain\n|upkeep\n|\n|t:|1696331287\n|switch|p2b: Torkoal|Torkoal, M|100\/100\n|-weather|SunnyDay|[from] ability: Drought|[of] p2b: Torkoal\n|turn|6\n|c|\u2606Steven Stone 007|GG\n|c| Hussumon2|Ggs\n|\n|t:|1696331293\n|move|p1a: Chien-Pao|Crunch|p2b: Torkoal\n|-damage|p2b: Torkoal|79\/100\n|-unboost|p2b: Torkoal|def|1\n|move|p1b: Lucario|Close Combat|p2b: Torkoal\n|-crit|p2b: Torkoal\n|-damage|p2b: Torkoal|0 fnt\n|-unboost|p1b: Lucario|def|1\n|-unboost|p1b: Lucario|spd|1\n|faint|p2b: Torkoal\n|\n|win|Steven Stone 007\n|c|\u2606Aroma Nobody|Gg\n","uploadtime":1696331305,"views":24,"p1id":"stevenstone007","p2id":"aromanobody","formatid":"gen9nationaldexdoubles","rating":0,"private":0,"password":""}