{"id":"gen9nationaldexdoubles-1966941034","p1":"test test test 66","p2":"u mad coz U LOSE?","format":"[Gen 9] National Dex Doubles","log":"|j|\u2606test test test 66\n|j|\u2606u mad coz U LOSE?\n|t:|1697236075\n|gametype|doubles\n|player|p1|test test test 66|steven|1110\n|player|p2|u mad coz U LOSE?|youngster-gen4dp|1046\n|teamsize|p1|6\n|teamsize|p2|6\n|gen|9\n|tier|[Gen 9] National Dex Doubles\n|rated|\n|rule|HP Percentage Mod: HP is shown in percentages\n|rule|Endless Battle Clause: Forcing endless battles is banned\n|rule|OHKO Clause: OHKO moves are banned\n|rule|Evasion Moves Clause: Evasion moves are banned\n|rule|Evasion Abilities Clause: Evasion abilities are banned\n|rule|Species Clause: Limit one of each Pok\u00e9mon\n|rule|Gravity Sleep Clause: The combination of sleep-inducing moves with imperfect accuracy and Gravity or Gigantamax Orbeetle are banned\n|clearpoke\n|poke|p1|Snorlax, M|\n|poke|p1|Riolu, M|\n|poke|p1|Clefable, M|\n|poke|p1|Primeape, M|\n|poke|p1|Torterra, F|\n|poke|p1|Heatran, M|\n|poke|p2|Indeedee, M|\n|poke|p2|Regieleki|\n|poke|p2|Meowscarada, F|\n|poke|p2|Spectrier|\n|poke|p2|Murkrow, F|\n|poke|p2|Shuckle, M|\n|teampreview\n|inactive|Battle timer is ON: inactive players will automatically lose when time's up. (requested by test test test 66)\n|\n|t:|1697236080\n|start\n|switch|p1a: Riolu|Riolu, M|100\/100\n|switch|p1b: Primeape|Primeape, M|100\/100\n|switch|p2a: Murkrow|Murkrow, F|100\/100\n|switch|p2b: Shuckle|Shuckle, M|100\/100\n|turn|1\n|inactive|test test test 66 has 120 seconds left.\n|\n|t:|1697236120\n|-terastallize|p1a: Riolu|Dark\n|move|p2a: Murkrow|Perish Song|p2a: Murkrow\n|-start|p1a: Riolu|perish3|[silent]\n|-start|p1b: Primeape|perish3|[silent]\n|-start|p2a: Murkrow|perish3|[silent]\n|-start|p2b: Shuckle|perish3|[silent]\n|-fieldactivate|move: Perish Song\n|move|p1a: Riolu|Coaching|p1b: Primeape\n|-boost|p1b: Primeape|atk|1\n|-boost|p1b: Primeape|def|1\n|move|p1b: Primeape|Bulk Up|p1b: Primeape\n|-boost|p1b: Primeape|atk|1\n|-boost|p1b: Primeape|def|1\n|move|p2b: Shuckle|Stealth Rock|p1b: Primeape\n|-sidestart|p1: test test test 66|move: Stealth Rock\n|\n|-start|p1b: Primeape|perish3\n|-start|p2a: Murkrow|perish3\n|-start|p1a: Riolu|perish3\n|-start|p2b: Shuckle|perish3\n|upkeep\n|turn|2\n|inactive|test test test 66 has 120 seconds left.\n|\n|t:|1697236160\n|switch|p1a: Heatran|Heatran, M|100\/100\n|-damage|p1a: Heatran|88\/100|[from] Stealth Rock\n|move|p2a: Murkrow|Haze|p2a: Murkrow\n|-clearallboost\n|move|p1b: Primeape|Drain Punch|p2a: Murkrow\n|-damage|p2a: Murkrow|45\/100\n|move|p2b: Shuckle|Toxic|p1a: Heatran\n|-immune|p1a: Heatran\n|\n|-start|p1b: Primeape|perish2\n|-start|p2a: Murkrow|perish2\n|-start|p2b: Shuckle|perish2\n|upkeep\n|turn|3\n|inactive|test test test 66 has 120 seconds left.\n|\n|t:|1697236194\n|switch|p1b: Clefable|Clefable, M|100\/100\n|move|p2a: Murkrow|Taunt|p1a: Heatran\n|-start|p1a: Heatran|move: Taunt\n|move|p1a: Heatran|Eruption|p2a: Murkrow|[spread] p2a,p2b\n|-damage|p2a: Murkrow|0 fnt\n|-damage|p2b: Shuckle|70\/100\n|faint|p2a: Murkrow\n|move|p2b: Shuckle|Power Split|p1a: Heatran\n|-activate|p2b: Shuckle|move: Power Split|[of] p1a: Heatran\n|\n|-start|p2b: Shuckle|perish1\n|upkeep\n|inactive|u mad coz U LOSE? has 120 seconds left.\n|\n|t:|1697236211\n|switch|p2a: Regieleki|Regieleki|100\/100\n|turn|4\n|inactive|test test test 66 has 120 seconds left.\n|\n|t:|1697236226\n|switch|p1b: Torterra|Torterra, F|100\/100\n|-damage|p1b: Torterra|94\/100|[from] Stealth Rock\n|move|p2a: Regieleki|Electro Ball|p1b: Torterra\n|-immune|p1b: Torterra\n|move|p1a: Heatran|Eruption|p2b: Shuckle|[spread] p2a,p2b\n|-damage|p2a: Regieleki|42\/100\n|-damage|p2b: Shuckle|54\/100\n|move|p2b: Shuckle|Toxic|p1b: Torterra\n|-status|p1b: Torterra|tox\n|\n|-damage|p1b: Torterra|88\/100 tox|[from] psn\n|-start|p2b: Shuckle|perish0\n|upkeep\n|faint|p2b: Shuckle\n|\n|t:|1697236240\n|switch|p2b: Meowscarada|Meowscarada, F|100\/100\n|turn|5\n|inactive|test test test 66 has 120 seconds left.\n|\n|t:|1697236260\n|move|p2b: Meowscarada|Shadow Claw|p1a: Heatran\n|-start|p2b: Meowscarada|typechange|Ghost|[from] ability: Protean\n|-damage|p1a: Heatran|53\/100\n|move|p2a: Regieleki|Electro Ball|p1a: Heatran\n|-damage|p1a: Heatran|18\/100\n|move|p1a: Heatran|Eruption|p2a: Regieleki|[spread] p2a,p2b\n|-damage|p2a: Regieleki|32\/100\n|-damage|p2b: Meowscarada|91\/100\n|move|p1b: Torterra|Shell Smash|p1b: Torterra\n|-unboost|p1b: Torterra|def|1\n|-unboost|p1b: Torterra|spd|1\n|-boost|p1b: Torterra|atk|2\n|-boost|p1b: Torterra|spa|2\n|-boost|p1b: Torterra|spe|2\n|-enditem|p1b: Torterra|White Herb\n|-clearnegativeboost|p1b: Torterra|[silent]\n|\n|-damage|p1b: Torterra|76\/100 tox|[from] psn\n|-end|p1a: Heatran|move: Taunt\n|upkeep\n|turn|6\n|inactive|test test test 66 has 120 seconds left.\n|inactive|u mad coz U LOSE? has 120 seconds left.\n|\n|t:|1697236297\n|switch|p2b: Indeedee|Indeedee, M|100\/100\n|-fieldstart|move: Psychic Terrain|[from] ability: Psychic Surge|[of] p2b: Indeedee\n|-terastallize|p2a: Regieleki|Ice\n|move|p2a: Regieleki|Tera Blast|p1b: Torterra|[anim] Tera Blast Ice\n|-supereffective|p1b: Torterra\n|-damage|p1b: Torterra|0 fnt\n|faint|p1b: Torterra\n|move|p1a: Heatran|Eruption|p2a: Regieleki|[spread] p2a,p2b\n|-supereffective|p2a: Regieleki\n|-damage|p2a: Regieleki|9\/100\n|-damage|p2b: Indeedee|93\/100\n|\n|upkeep\n|inactive|test test test 66 has 90 seconds left.\n|\n|t:|1697236325\n|switch|p1b: Clefable|Clefable, M|100\/100\n|turn|7\n|\n|t:|1697236336\n|move|p2a: Regieleki|Volt Switch|p1b: Clefable\n|-damage|p1b: Clefable|72\/100\n|\n|t:|1697236343\n|switch|p2a: Meowscarada|Meowscarada, F|91\/100|[from] Volt Switch\n|move|p2b: Indeedee|Expanding Force|p1b: Clefable|[spread] p1a,p1b\n|-resisted|p1a: Heatran\n|-crit|p1b: Clefable\n|-damage|p1a: Heatran|0 fnt\n|-damage|p1b: Clefable|18\/100\n|faint|p1a: Heatran\n|move|p1b: Clefable|Toxic|p2b: Indeedee\n|-status|p2b: Indeedee|tox\n|\n|-heal|p1b: Clefable|24\/100|[from] item: Leftovers\n|-damage|p2b: Indeedee|87\/100 tox|[from] psn\n|upkeep\n|\n|t:|1697236360\n|switch|p1a: Snorlax|Snorlax, M|100\/100\n|-damage|p1a: Snorlax|88\/100|[from] Stealth Rock\n|turn|8\n|inactive|test test test 66 has 120 seconds left.\n|\n|t:|1697236377\n|move|p2a: Meowscarada|Flower Trick|p1a: Snorlax\n|-start|p2a: Meowscarada|typechange|Grass|[from] ability: Protean\n|-crit|p1a: Snorlax\n|-damage|p1a: Snorlax|39\/100\n|move|p2b: Indeedee|Expanding Force|p1a: Snorlax|[spread] p1a,p1b\n|-damage|p1a: Snorlax|10\/100\n|-damage|p1b: Clefable|0 fnt\n|faint|p1b: Clefable\n|move|p1a: Snorlax|Heat Crash|p2a: Meowscarada\n|-supereffective|p2a: Meowscarada\n|-damage|p2a: Meowscarada|0 fnt\n|faint|p2a: Meowscarada\n|\n|-heal|p1a: Snorlax|17\/100|[from] item: Leftovers\n|-damage|p2b: Indeedee|75\/100 tox|[from] psn\n|upkeep\n|inactive|test test test 66 has 120 seconds left.\n|-message|test test test 66 forfeited.\n|\n|win|u mad coz U LOSE?\n|raw|test test test 66's rating: 1110 &rarr; <strong>1080<\/strong><br \/>(-30 for losing)\n|raw|u mad coz U LOSE?'s rating: 1046 &rarr; <strong>1085<\/strong><br \/>(+39 for winning)\n|l|\u2606test test test 66\n","uploadtime":1697236427,"views":3,"p1id":"testtesttest66","p2id":"umadcozulose","formatid":"gen9nationaldexdoubles","rating":1080,"private":0,"password":""}