{"id":"gen9nationaldexdoubles-1988052620","p1":"MikazukiRex_","p2":"PU Rules","format":"[Gen 9] National Dex Doubles","log":"|j|\u2606MikazukiRex_\n|j|\u2606PU Rules\n|t:|1699663730\n|gametype|doubles\n|player|p1|MikazukiRex_|ltsurge|\n|player|p2|PU Rules|gentleman-gen4|\n|teamsize|p1|6\n|teamsize|p2|6\n|gen|9\n|tier|[Gen 9] National Dex Doubles\n|rule|HP Percentage Mod: HP is shown in percentages\n|rule|Endless Battle Clause: Forcing endless battles is banned\n|rule|OHKO Clause: OHKO moves are banned\n|rule|Evasion Moves Clause: Evasion moves are banned\n|rule|Evasion Abilities Clause: Evasion abilities are banned\n|rule|Species Clause: Limit one of each Pok\u00e9mon\n|rule|Gravity Sleep Clause: The combination of sleep-inducing moves with imperfect accuracy and Gravity or Gigantamax Orbeetle are banned\n|clearpoke\n|poke|p1|Chi-Yu|\n|poke|p1|Tsareena, F|\n|poke|p1|Dragonite, M|\n|poke|p1|Great Tusk|\n|poke|p1|Murkrow, M|\n|poke|p1|Dragapult, M|\n|poke|p2|Oricorio-Sensu, F|\n|poke|p2|Lilligant, F|\n|poke|p2|Iron Moth|\n|poke|p2|Latios, M|\n|poke|p2|Alakazam, M|\n|poke|p2|Blastoise, M|\n|teampreview\n|\n|t:|1699663755\n|start\n|switch|p1a: Murkrow|Murkrow, M|100\/100\n|switch|p1b: Chi-Yu|Chi-Yu|100\/100\n|switch|p2a: Latios|Latios, M|100\/100\n|switch|p2b: Blastoise|Blastoise, M|100\/100\n|-ability|p1b: Chi-Yu|Beads of Ruin\n|turn|1\n|\n|t:|1699663777\n|move|p1a: Murkrow|Tailwind|p1a: Murkrow\n|-sidestart|p1: MikazukiRex_|move: Tailwind\n|move|p1b: Chi-Yu|Snarl|p2b: Blastoise|[spread] p2a,p2b\n|-supereffective|p2a: Latios\n|-damage|p2a: Latios|0 fnt\n|-damage|p2b: Blastoise|67\/100\n|-unboost|p2b: Blastoise|spa|1\n|faint|p2a: Latios\n|move|p2b: Blastoise|Dragon Tail|p1a: Murkrow\n|-damage|p1a: Murkrow|88\/100\n|drag|p1a: Dragonite|Dragonite, M|100\/100\n|\n|-heal|p2b: Blastoise|73\/100|[from] item: Leftovers\n|upkeep\n|\n|t:|1699663826\n|switch|p2a: Oricorio|Oricorio-Sensu, F|100\/100\n|turn|2\n|\n|t:|1699663869\n|move|p2a: Oricorio|Protect|p2a: Oricorio\n|-singleturn|p2a: Oricorio|Protect\n|move|p1b: Chi-Yu|Snarl|p2b: Blastoise|[spread] p2b\n|-activate|p2a: Oricorio|move: Protect\n|-damage|p2b: Blastoise|43\/100\n|-unboost|p2b: Blastoise|spa|1\n|move|p1a: Dragonite|Stomping Tantrum|p2b: Blastoise\n|-damage|p2b: Blastoise|0 fnt\n|faint|p2b: Blastoise\n|\n|upkeep\n|\n|t:|1699663919\n|switch|p2b: Alakazam|Alakazam, M|100\/100\n|turn|3\n|\n|t:|1699663949\n|move|p2b: Alakazam|Ally Switch|p2b: Alakazam\n|swap|p2b: Alakazam|0|[from] move: Ally Switch\n|move|p1b: Chi-Yu|Snarl|p2b: Oricorio|[spread] p2a,p2b\n|-supereffective|p2a: Alakazam\n|-supereffective|p2b: Oricorio\n|-enditem|p2a: Alakazam|Focus Sash\n|-damage|p2a: Alakazam|1\/100\n|-damage|p2b: Oricorio|0 fnt\n|-unboost|p2a: Alakazam|spa|1\n|faint|p2b: Oricorio\n|move|p1a: Dragonite|Stomping Tantrum|p2a: Alakazam\n|-damage|p2a: Alakazam|0 fnt\n|faint|p2a: Alakazam\n|\n|upkeep\n|\n|t:|1699663954\n|switch|p2a: Iron Moth|Iron Moth|100\/100\n|switch|p2b: Lilligant|Lilligant, F|100\/100\n|-enditem|p2a: Iron Moth|Booster Energy\n|-activate|p2a: Iron Moth|ability: Quark Drive|[fromitem]\n|-start|p2a: Iron Moth|quarkdrivespa\n|turn|4\n|\n|t:|1699664008\n|move|p1b: Chi-Yu|Snarl|p2b: Lilligant|[spread] p2a,p2b\n|-damage|p2a: Iron Moth|47\/100\n|-damage|p2b: Lilligant|31\/100\n|-unboost|p2a: Iron Moth|spa|1\n|-unboost|p2b: Lilligant|spa|1\n|move|p1a: Dragonite|Stomping Tantrum|p2a: Iron Moth\n|-supereffective|p2a: Iron Moth\n|-damage|p2a: Iron Moth|0 fnt\n|faint|p2a: Iron Moth\n|-end|p2a: Iron Moth|Quark Drive|[silent]\n|move|p2b: Lilligant|Petal Dance|p1b: Chi-Yu\n|-resisted|p1b: Chi-Yu\n|-damage|p1b: Chi-Yu|78\/100\n|\n|-heal|p2b: Lilligant|37\/100|[from] item: Leftovers\n|-sideend|p1: MikazukiRex_|move: Tailwind\n|upkeep\n|turn|5\n|c|\u2606PU Rules|Gg\n|\n|t:|1699664023\n|move|p1b: Chi-Yu|Snarl|p2b: Lilligant\n|-crit|p2b: Lilligant\n|-damage|p2b: Lilligant|0 fnt\n|faint|p2b: Lilligant\n|\n|win|MikazukiRex_\n|c|\u2606MikazukiRex_|ggs\n","uploadtime":1699664030,"views":23,"p1id":"mikazukirex","p2id":"purules","formatid":"gen9nationaldexdoubles","rating":0,"private":0,"password":""}