{"id":"gen9nationaldexdoubles-1982288843","p1":"Cosmicdom96","p2":"testingpoo","format":"[Gen 9] National Dex Doubles","log":"|j|\u2606Cosmicdom96\n|j|\u2606testingpoo\n|t:|1698990607\n|gametype|doubles\n|player|p1|Cosmicdom96|dancer|1407\n|player|p2|testingpoo|harlequin|1288\n|teamsize|p1|6\n|teamsize|p2|6\n|gen|9\n|tier|[Gen 9] National Dex Doubles\n|rated|\n|rule|HP Percentage Mod: HP is shown in percentages\n|rule|Endless Battle Clause: Forcing endless battles is banned\n|rule|OHKO Clause: OHKO moves are banned\n|rule|Evasion Moves Clause: Evasion moves are banned\n|rule|Evasion Abilities Clause: Evasion abilities are banned\n|rule|Species Clause: Limit one of each Pok\u00e9mon\n|rule|Gravity Sleep Clause: The combination of sleep-inducing moves with imperfect accuracy and Gravity or Gigantamax Orbeetle are banned\n|clearpoke\n|poke|p1|Chandelure, F|\n|poke|p1|Quaquaval, M|\n|poke|p1|Serperior, M|\n|poke|p1|Lopunny, F|\n|poke|p1|Togekiss, M|\n|poke|p1|Excadrill, F|\n|poke|p2|Arcanine, M|\n|poke|p2|Ursaluna, F|\n|poke|p2|Iron Hands|\n|poke|p2|Hydreigon, F|\n|poke|p2|Sinistcha-Masterpiece|\n|poke|p2|Maushold-Four|\n|teampreview\n|inactive|Battle timer is ON: inactive players will automatically lose when time's up. (requested by Cosmicdom96)\n|\n|t:|1698990618\n|start\n|switch|p1a: Lopunny|Lopunny, F|100\/100\n|switch|p1b: Togekiss|Togekiss, M, shiny|100\/100\n|switch|p2a: Arcanine|Arcanine, M|100\/100\n|switch|p2b: Maushold|Maushold-Four|100\/100\n|turn|1\n|j| wkx6v587\n|\n|t:|1698990642\n|detailschange|p1a: Lopunny|Lopunny-Mega, F\n|-mega|p1a: Lopunny|Lopunny|Lopunnite\n|move|p1a: Lopunny|Fake Out|p2a: Arcanine\n|-damage|p2a: Arcanine|85\/100\n|move|p2b: Maushold|Beat Up|p2a: Arcanine\n|-damage|p2a: Arcanine|83\/100\n|-ability|p2a: Arcanine|Justified|boost\n|-boost|p2a: Arcanine|atk|1\n|-damage|p2a: Arcanine|81\/100\n|-ability|p2a: Arcanine|Justified|boost\n|-boost|p2a: Arcanine|atk|1\n|-damage|p2a: Arcanine|78\/100\n|-ability|p2a: Arcanine|Justified|boost\n|-boost|p2a: Arcanine|atk|1\n|-damage|p2a: Arcanine|76\/100\n|-ability|p2a: Arcanine|Justified|boost\n|-boost|p2a: Arcanine|atk|1\n|-damage|p2a: Arcanine|75\/100\n|-ability|p2a: Arcanine|Justified|boost\n|-boost|p2a: Arcanine|atk|1\n|-damage|p2a: Arcanine|72\/100\n|-ability|p2a: Arcanine|Justified|boost\n|-boost|p2a: Arcanine|atk|1\n|-hitcount|p2a: Arcanine|6\n|cant|p2a: Arcanine|flinch\n|move|p1b: Togekiss|Tailwind|p1b: Togekiss\n|-sidestart|p1: Cosmicdom96|move: Tailwind\n|\n|-heal|p2a: Arcanine|78\/100|[from] item: Leftovers\n|upkeep\n|turn|2\n|inactive|Cosmicdom96 has 120 seconds left.\n|\n|t:|1698990697\n|switch|p1a: Chandelure|Chandelure, F|100\/100\n|move|p2b: Maushold|Follow Me|p2b: Maushold\n|-singleturn|p2b: Maushold|move: Follow Me\n|move|p1b: Togekiss|Air Slash|p2b: Maushold\n|-crit|p2b: Maushold\n|-damage|p2b: Maushold|42\/100\n|move|p2a: Arcanine|Flame Charge|p1a: Chandelure\n|-start|p1a: Chandelure|ability: Flash Fire\n|\n|-heal|p2a: Arcanine|85\/100|[from] item: Leftovers\n|upkeep\n|turn|3\n|\n|t:|1698990715\n|move|p2b: Maushold|Follow Me|p2b: Maushold\n|-singleturn|p2b: Maushold|move: Follow Me\n|move|p1a: Chandelure|Heat Wave|p2b: Maushold|[spread] p2a,p2b\n|-resisted|p2a: Arcanine\n|-damage|p2a: Arcanine|64\/100\n|-damage|p2b: Maushold|0 fnt\n|faint|p2b: Maushold\n|move|p1b: Togekiss|Air Slash|p2a: Arcanine\n|-damage|p2a: Arcanine|30\/100\n|move|p2a: Arcanine|Flame Charge|p1b: Togekiss\n|-damage|p1b: Togekiss|28\/100\n|-boost|p2a: Arcanine|spe|1\n|-enditem|p1b: Togekiss|Sitrus Berry|[eat]\n|-heal|p1b: Togekiss|52\/100|[from] item: Sitrus Berry\n|\n|-heal|p2a: Arcanine|36\/100|[from] item: Leftovers\n|upkeep\n|\n|t:|1698990732\n|switch|p2b: Ursaluna|Ursaluna, F|100\/100\n|turn|4\n|\n|t:|1698990747\n|-terastallize|p1a: Chandelure|Grass\n|move|p2a: Arcanine|Protect|p2a: Arcanine\n|-singleturn|p2a: Arcanine|Protect\n|move|p1a: Chandelure|Heat Wave|p2a: Arcanine|[spread] p2b\n|-activate|p2a: Arcanine|move: Protect\n|-damage|p2b: Ursaluna|61\/100\n|move|p1b: Togekiss|Air Slash|p2a: Arcanine\n|-activate|p2a: Arcanine|move: Protect\n|move|p2b: Ursaluna|Earthquake|p1a: Chandelure|[spread] p1a\n|-activate|p2a: Arcanine|move: Protect\n|-immune|p1b: Togekiss\n|-resisted|p1a: Chandelure\n|-damage|p1a: Chandelure|71\/100\n|\n|-heal|p2a: Arcanine|43\/100|[from] item: Leftovers\n|-sideend|p1: Cosmicdom96|move: Tailwind\n|-status|p2b: Ursaluna|brn|[from] item: Flame Orb\n|upkeep\n|turn|5\n|l| wkx6v587\n|\n|t:|1698990772\n|switch|p2b: Sinistcha|Sinistcha-Masterpiece|100\/100\n|-heal|p2a: Arcanine|68\/100|[from] ability: Hospitality|[of] p2b: Sinistcha\n|move|p1a: Chandelure|Heat Wave|p2b: Sinistcha|[spread] p2a,p2b\n|-resisted|p2a: Arcanine\n|-supereffective|p2b: Sinistcha\n|-damage|p2a: Arcanine|37\/100\n|-damage|p2b: Sinistcha|3\/100\n|move|p2a: Arcanine|Flame Charge|p1b: Togekiss\n|-damage|p1b: Togekiss|0 fnt\n|-boost|p2a: Arcanine|spe|1\n|faint|p1b: Togekiss\n|\n|-heal|p2a: Arcanine|43\/100|[from] item: Leftovers\n|upkeep\n|inactive|Cosmicdom96 has 120 seconds left.\n|\n|t:|1698990790\n|switch|p1b: Lopunny|Lopunny-Mega, F|100\/100\n|turn|6\n|\n|t:|1698990800\n|switch|p2b: Ursaluna|Ursaluna, F|61\/100 brn\n|move|p2a: Arcanine|Protect|p2a: Arcanine\n|-singleturn|p2a: Arcanine|Protect\n|move|p1b: Lopunny|Fake Out|p2a: Arcanine\n|-activate|p2a: Arcanine|move: Protect\n|move|p1a: Chandelure|Heat Wave|p2a: Arcanine|[spread] p2b\n|-activate|p2a: Arcanine|move: Protect\n|-damage|p2b: Ursaluna|20\/100 brn\n|\n|-heal|p2a: Arcanine|49\/100|[from] item: Leftovers\n|-damage|p2b: Ursaluna|14\/100 brn|[from] brn\n|upkeep\n|turn|7\n|inactive|Cosmicdom96 has 120 seconds left.\n|\n|t:|1698990832\n|switch|p1b: Quaquaval|Quaquaval, M|100\/100\n|switch|p2b: Sinistcha|Sinistcha-Masterpiece|3\/100\n|-heal|p2a: Arcanine|74\/100|[from] ability: Hospitality|[of] p2b: Sinistcha\n|move|p2a: Arcanine|Extreme Speed|p1b: Quaquaval\n|-damage|p1b: Quaquaval|0 fnt\n|faint|p1b: Quaquaval\n|move|p1a: Chandelure|Heat Wave|p2a: Arcanine|[spread] p2b\n|-miss|p1a: Chandelure|p2a: Arcanine\n|-supereffective|p2b: Sinistcha\n|-damage|p2b: Sinistcha|0 fnt\n|faint|p2b: Sinistcha\n|\n|-heal|p2a: Arcanine|81\/100|[from] item: Leftovers\n|upkeep\n|\n|t:|1698990857\n|switch|p1b: Lopunny|Lopunny-Mega, F|100\/100\n|switch|p2b: Iron Hands|Iron Hands|100\/100\n|turn|8\n|\n|t:|1698990873\n|move|p2a: Arcanine|Protect|p2a: Arcanine\n|-singleturn|p2a: Arcanine|Protect\n|move|p1b: Lopunny|Fake Out|p2b: Iron Hands\n|-crit|p2b: Iron Hands\n|-damage|p2b: Iron Hands|80\/100\n|move|p1a: Chandelure|Heat Wave|p2b: Iron Hands|[spread] p2b\n|-activate|p2a: Arcanine|move: Protect\n|-damage|p2b: Iron Hands|38\/100\n|cant|p2b: Iron Hands|flinch\n|\n|-heal|p2a: Arcanine|87\/100|[from] item: Leftovers\n|upkeep\n|turn|9\n|\n|t:|1698990899\n|move|p2a: Arcanine|Extreme Speed|p1a: Chandelure\n|-damage|p1a: Chandelure|0 fnt\n|faint|p1a: Chandelure\n|move|p1b: Lopunny|Quick Attack|p2a: Arcanine\n|-damage|p2a: Arcanine|65\/100\n|move|p2b: Iron Hands|Drain Punch|p1b: Lopunny\n|-supereffective|p1b: Lopunny\n|-damage|p1b: Lopunny|0 fnt\n|-heal|p2b: Iron Hands|64\/100|[from] drain|[of] p1b: Lopunny\n|faint|p1b: Lopunny\n|\n|-heal|p2a: Arcanine|71\/100|[from] item: Leftovers\n|upkeep\n|inactive|Cosmicdom96 has 120 seconds left.\n|\n|t:|1698990914\n|switch|p1b: Excadrill|Excadrill, F|100\/100\n|switch|p1a: Serperior|Serperior, M|100\/100\n|-ability|p1b: Excadrill|Mold Breaker\n|turn|10\n|\n|t:|1698990926\n|-end|p2b: Iron Hands|Quark Drive|[silent]\n|switch|p2b: Hydreigon|Hydreigon, F|100\/100\n|-terastallize|p2a: Arcanine|Grass\n|move|p2a: Arcanine|Flame Charge|p1a: Serperior\n|-supereffective|p1a: Serperior\n|-damage|p1a: Serperior|0 fnt\n|-boost|p2a: Arcanine|spe|1\n|faint|p1a: Serperior\n|-zpower|p1b: Excadrill\n|move|p1b: Excadrill|Tectonic Rage|p2a: Arcanine|[zeffect]\n|-resisted|p2a: Arcanine\n|-damage|p2a: Arcanine|23\/100\n|\n|-heal|p2a: Arcanine|29\/100|[from] item: Leftovers\n|upkeep\n|turn|11\n|\n|t:|1698990946\n|move|p2a: Arcanine|Flame Charge|p1b: Excadrill\n|-supereffective|p1b: Excadrill\n|-damage|p1b: Excadrill|0 fnt\n|-boost|p2a: Arcanine|spe|1\n|faint|p1b: Excadrill\n|\n|win|testingpoo\n|raw|Cosmicdom96's rating: 1407 &rarr; <strong>1380<\/strong><br \/>(-27 for losing)\n|raw|testingpoo's rating: 1288 &rarr; <strong>1321<\/strong><br \/>(+33 for winning)\n|l|\u2606Cosmicdom96\n","uploadtime":1698991016,"views":6,"p1id":"cosmicdom96","p2id":"testingpoo","formatid":"gen9nationaldexdoubles","rating":1321,"private":0,"password":""}