{"id":"gen9nationaldexdoubles-1973843533","p1":"elianm10","p2":"Ultra-Wach99","format":"[Gen 9] National Dex Doubles","log":"|j|\u2606elianm10\n|j|\u2606Ultra-Wach99\n|t:|1698019642\n|gametype|doubles\n|player|p1|elianm10|hilbert|\n|player|p2|Ultra-Wach99|ghetsis|\n|teamsize|p1|6\n|teamsize|p2|6\n|gen|9\n|tier|[Gen 9] National Dex Doubles\n|rule|HP Percentage Mod: HP is shown in percentages\n|rule|Endless Battle Clause: Forcing endless battles is banned\n|rule|OHKO Clause: OHKO moves are banned\n|rule|Evasion Moves Clause: Evasion moves are banned\n|rule|Evasion Abilities Clause: Evasion abilities are banned\n|rule|Species Clause: Limit one of each Pok\u00e9mon\n|rule|Gravity Sleep Clause: The combination of sleep-inducing moves with imperfect accuracy and Gravity or Gigantamax Orbeetle are banned\n|clearpoke\n|poke|p1|Gardevoir, F|\n|poke|p1|Gallade, M|\n|poke|p1|Meowstic, M|\n|poke|p1|Bronzong|\n|poke|p1|Articuno-Galar|\n|poke|p1|Armarouge, F|\n|poke|p2|Ogerpon-Hearthflame, F|\n|poke|p2|Amoonguss, F|\n|poke|p2|Rillaboom, M|\n|poke|p2|Whimsicott, F|\n|poke|p2|Ludicolo, F|\n|poke|p2|Abomasnow, M|\n|teampreview\n|j| HornytSamedi\n|j| EL GRAN CARPINCHO\n|j| rarwolf10\n|c| EL GRAN CARPINCHO|interesting\n|c| rarwolf10|Oh shit\n|\n|t:|1698019690\n|start\n|switch|p1a: Tzeetee|Gardevoir, F|100\/100\n|switch|p1b: Neroche|Gallade, M|100\/100\n|switch|p2a: La HDP|Whimsicott, F|100\/100\n|switch|p2b: El feo del grupo|Abomasnow, M|100\/100\n|-weather|Snow|[from] ability: Snow Warning|[of] p2b: El feo del grupo\n|turn|1\n|inactive|Battle timer is ON: inactive players will automatically lose when time's up. (requested by elianm10)\n|inactive|Ultra-Wach99 also wants the timer to be on.\n|c| EL GRAN CARPINCHO|hay muchos m\u00e1s monotypes tipo planta de los que esperaba\n|\n|t:|1698019711\n|detailschange|p1b: Neroche|Gallade-Mega, M\n|-mega|p1b: Neroche|Gallade|Galladite\n|move|p2a: La HDP|Tailwind|p2a: La HDP\n|-sidestart|p2: Ultra-Wach99|move: Tailwind\n|move|p1b: Neroche|Power-Up Punch|p2b: El feo del grupo\n|-supereffective|p2b: El feo del grupo\n|-damage|p2b: El feo del grupo|62\/100\n|-boost|p1b: Neroche|atk|1\n|move|p2b: El feo del grupo|Aurora Veil|p2b: El feo del grupo\n|-sidestart|p2: Ultra-Wach99|move: Aurora Veil\n|move|p1a: Tzeetee|Dazzling Gleam|p2b: El feo del grupo|[spread] p2a,p2b\n|-damage|p2a: La HDP|78\/100\n|-damage|p2b: El feo del grupo|45\/100\n|\n|-weather|Snow|[upkeep]\n|upkeep\n|turn|2\n|c| HornytSamedi|el odio al tipo agua es eterno\n|\n|t:|1698019733\n|move|p2a: La HDP|Moonblast|p1b: Neroche\n|-supereffective|p1b: Neroche\n|-damage|p1b: Neroche|36\/100\n|-unboost|p1b: Neroche|spa|1\n|move|p1b: Neroche|Brick Break|p2b: El feo del grupo\n|-sideend|p2: Ultra-Wach99|move: Aurora Veil\n|-supereffective|p2b: El feo del grupo\n|-damage|p2b: El feo del grupo|0 fnt\n|faint|p2b: El feo del grupo\n|move|p1a: Tzeetee|Dazzling Gleam|p2a: La HDP\n|-damage|p2a: La HDP|40\/100\n|\n|-weather|Snow|[upkeep]\n|upkeep\n|c| EL GRAN CARPINCHO|comparto, incluso si tengo un azumarill\n|inactive|Ultra-Wach99 has 270 seconds left.\n|\n|t:|1698019756\n|switch|p2b: Majora's Mask|Ogerpon-Hearthflame, F|100\/100\n|-ability|p2b: Majora's Mask|Mold Breaker\n|turn|3\n|\n|t:|1698019778\n|switch|p1b: Bronzong|Bronzong|100\/100\n|switch|p1a: Armarouge|Armarouge, F|100\/100\n|-item|p1a: Armarouge|Air Balloon\n|-terastallize|p2b: Majora's Mask|Fire\n|detailschange|p2b: Majora's Mask|Ogerpon-Hearthflame-Tera, F, tera:Fire\n|-ability|p2b: Majora's Mask|Embody Aspect (Hearthflame)|boost\n|-boost|p2b: Majora's Mask|atk|1\n|move|p2b: Majora's Mask|Ivy Cudgel|p1a: Armarouge\n|-resisted|p1a: Armarouge\n|-damage|p1a: Armarouge|45\/100\n|-ability|p1a: Armarouge|Weak Armor|boost\n|-unboost|p1a: Armarouge|def|1\n|-boost|p1a: Armarouge|spe|2\n|-enditem|p1a: Armarouge|Air Balloon\n|move|p2a: La HDP|Moonblast|p1b: Bronzong\n|-resisted|p1b: Bronzong\n|-damage|p1b: Bronzong|93\/100\n|\n|-weather|Snow|[upkeep]\n|upkeep\n|turn|4\n|inactive|elianm10 has 270 seconds left.\n|inactive|Ultra-Wach99 has 270 seconds left.\n|\n|t:|1698019825\n|move|p2a: La HDP|Sunny Day|p2a: La HDP\n|-weather|SunnyDay\n|move|p2b: Majora's Mask|Stomping Tantrum|p1a: Armarouge\n|-supereffective|p1a: Armarouge\n|-damage|p1a: Armarouge|0 fnt\n|faint|p1a: Armarouge\n|move|p1b: Bronzong|Earthquake|p2a: La HDP|[spread] p2a,p2b\n|-resisted|p2a: La HDP\n|-supereffective|p2b: Majora's Mask\n|-damage|p2a: La HDP|27\/100\n|-damage|p2b: Majora's Mask|47\/100\n|\n|-weather|SunnyDay|[upkeep]\n|-sideend|p2: Ultra-Wach99|move: Tailwind\n|upkeep\n|\n|t:|1698019841\n|switch|p1a: Meowstic|Meowstic, M|100\/100\n|turn|5\n|c| EL GRAN CARPINCHO|ESTO EST\u00c1 TENSO\n|inactive|Ultra-Wach99 has 270 seconds left.\n|\n|t:|1698019857\n|move|p2b: Majora's Mask|Spiky Shield|p2b: Majora's Mask\n|-singleturn|p2b: Majora's Mask|move: Protect\n|move|p2a: La HDP|Tailwind|p2a: La HDP\n|-sidestart|p2: Ultra-Wach99|move: Tailwind\n|move|p1a: Meowstic|Reflect|p1a: Meowstic\n|-sidestart|p1: elianm10|Reflect\n|move|p1b: Bronzong|Iron Head|p2a: La HDP\n|-supereffective|p2a: La HDP\n|-damage|p2a: La HDP|0 fnt\n|faint|p2a: La HDP\n|\n|-weather|SunnyDay|[upkeep]\n|upkeep\n|inactive|Ultra-Wach99 has 270 seconds left.\n|\n|t:|1698019867\n|switch|p2a: SUS \u0d9e|Amoonguss, F, shiny|100\/100\n|turn|6\n|inactive|elianm10 has 270 seconds left.\n|\n|t:|1698019884\n|move|p1a: Meowstic|Light Screen|p1a: Meowstic\n|-sidestart|p1: elianm10|move: Light Screen\n|move|p2b: Majora's Mask|Ivy Cudgel|p1b: Bronzong\n|-supereffective|p1b: Bronzong\n|-crit|p1b: Bronzong\n|-damage|p1b: Bronzong|0 fnt\n|faint|p1b: Bronzong\n|move|p2a: SUS \u0d9e|Pollen Puff|p2b: Majora's Mask\n|-heal|p2b: Majora's Mask|97\/100\n|\n|-weather|SunnyDay|[upkeep]\n|upkeep\n|c| EL GRAN CARPINCHO|WHEN THE IMPOSTOR IS SUS\n|inactive|elianm10 has 270 seconds left.\n|\n|t:|1698019896\n|switch|p1b: Articuno|Articuno-Galar|100\/100\n|turn|7\n|inactive|elianm10 has 270 seconds left.\n|\n|t:|1698019918\n|move|p2a: SUS \u0d9e|Rage Powder|p2a: SUS \u0d9e\n|-singleturn|p2a: SUS \u0d9e|move: Rage Powder\n|move|p1a: Meowstic|Toxic|p2a: SUS \u0d9e\n|-immune|p2a: SUS \u0d9e\n|move|p2b: Majora's Mask|Ivy Cudgel|p1b: Articuno\n|-damage|p1b: Articuno|0 fnt\n|faint|p1b: Articuno\n|\n|-weather|SunnyDay|[upkeep]\n|upkeep\n|inactive|elianm10 has 270 seconds left.\n|\n|t:|1698019930\n|switch|p1b: Tzeetee|Gardevoir, F|100\/100\n|turn|8\n|c| EL GRAN CARPINCHO|M\u00c1S TENSO THE CHUPADA DE CANIBAL\n|\n|t:|1698019943\n|switch|p1a: Neroche|Gallade-Mega, M|36\/100\n|move|p2a: SUS \u0d9e|Rage Powder|p2a: SUS \u0d9e\n|-singleturn|p2a: SUS \u0d9e|move: Rage Powder\n|move|p2b: Majora's Mask|Ivy Cudgel|p1b: Tzeetee\n|-damage|p1b: Tzeetee|0 fnt\n|faint|p1b: Tzeetee\n|\n|-weather|none\n|-sideend|p2: Ultra-Wach99|move: Tailwind\n|upkeep\n|\n|t:|1698019953\n|switch|p1b: Meowstic|Meowstic, M|100\/100\n|turn|9\n|\n|t:|1698019969\n|move|p2a: SUS \u0d9e|Rage Powder|p2a: SUS \u0d9e\n|-singleturn|p2a: SUS \u0d9e|move: Rage Powder\n|move|p1a: Neroche|Power-Up Punch|p2a: SUS \u0d9e\n|-resisted|p2a: SUS \u0d9e\n|-damage|p2a: SUS \u0d9e|88\/100\n|-boost|p1a: Neroche|atk|1\n|move|p2b: Majora's Mask|Ivy Cudgel|p1b: Meowstic\n|-enditem|p1b: Meowstic|Focus Sash\n|-damage|p1b: Meowstic|1\/100\n|move|p1b: Meowstic|Shadow Ball|p2a: SUS \u0d9e\n|-damage|p2a: SUS \u0d9e|78\/100\n|\n|-heal|p2a: SUS \u0d9e|84\/100|[from] item: Black Sludge\n|-sideend|p1: elianm10|Reflect\n|upkeep\n|turn|10\n|c|\u2606Ultra-Wach99|GG\n|\n|t:|1698019996\n|move|p2a: SUS \u0d9e|Rage Powder|p2a: SUS \u0d9e\n|-singleturn|p2a: SUS \u0d9e|move: Rage Powder\n|move|p1a: Neroche|Thunder Punch|p2a: SUS \u0d9e\n|-resisted|p2a: SUS \u0d9e\n|-damage|p2a: SUS \u0d9e|62\/100\n|move|p2b: Majora's Mask|Ivy Cudgel|p1a: Neroche\n|-damage|p1a: Neroche|0 fnt\n|faint|p1a: Neroche\n|move|p1b: Meowstic|Shadow Ball|p2a: SUS \u0d9e\n|-damage|p2a: SUS \u0d9e|52\/100\n|\n|-heal|p2a: SUS \u0d9e|58\/100|[from] item: Black Sludge\n|-sideend|p1: elianm10|move: Light Screen\n|upkeep\n|turn|11\n|c| EL GRAN CARPINCHO|que carajos la resistencia del sus\n|c| rarwolf10|amogus\n|\n|t:|1698020019\n|move|p2b: Majora's Mask|Spiky Shield|p2b: Majora's Mask\n|-singleturn|p2b: Majora's Mask|move: Protect\n|move|p1b: Meowstic|Shadow Ball|p2b: Majora's Mask\n|-activate|p2b: Majora's Mask|move: Protect\n|move|p2a: SUS \u0d9e|Clear Smog|p1b: Meowstic\n|-damage|p1b: Meowstic|0 fnt\n|-clearboost|p1b: Meowstic\n|faint|p1b: Meowstic\n|\n|win|Ultra-Wach99\n|l| rarwolf10\n|l|\u2606Ultra-Wach99\n|j| rarwolf10\n|l| rarwolf10\n|l| HornytSamedi\n|l| EL GRAN CARPINCHO\n|j|\u2606Ultra-Wach99\n|player|p2|Ultra-Wach99|ghetsis\n","uploadtime":1698020064,"views":13,"p1id":"elianm10","p2id":"ultrawach99","formatid":"gen9nationaldexdoubles","rating":0,"private":0,"password":""}