{"id":"gen9nationaldexdoubles-1969968917","p1":"lxvliiz","p2":"Jinxed_Dremmurrrrr","format":"[Gen 9] National Dex Doubles","log":"|j|\u2606lxvliiz\n|j|\u2606Jinxed_Dremmurrrrr\n|t:|1697580573\n|gametype|doubles\n|player|p1|lxvliiz|gambler|1117\n|player|p2|Jinxed_Dremmurrrrr|blackbelt-gen4dp|1000\n|teamsize|p1|6\n|teamsize|p2|6\n|gen|9\n|tier|[Gen 9] National Dex Doubles\n|rated|\n|rule|HP Percentage Mod: HP is shown in percentages\n|rule|Endless Battle Clause: Forcing endless battles is banned\n|rule|OHKO Clause: OHKO moves are banned\n|rule|Evasion Moves Clause: Evasion moves are banned\n|rule|Evasion Abilities Clause: Evasion abilities are banned\n|rule|Species Clause: Limit one of each Pok\u00e9mon\n|rule|Gravity Sleep Clause: The combination of sleep-inducing moves with imperfect accuracy and Gravity or Gigantamax Orbeetle are banned\n|clearpoke\n|poke|p1|Nidoking, M|\n|poke|p1|Ogerpon-Cornerstone, F|\n|poke|p1|Eevee, F|\n|poke|p1|Volcarona, M|\n|poke|p1|Mr. Mime, F|\n|poke|p1|Medicham, F|\n|poke|p2|Armarouge, M|\n|poke|p2|Walking Wake|\n|poke|p2|Iron Bundle|\n|poke|p2|Palafin, M|\n|poke|p2|Grimmsnarl, M|\n|poke|p2|Gallade, M|\n|teampreview\n|\n|t:|1697580580\n|start\n|switch|p1a: testing1|Eevee, F|100\/100\n|switch|p1b: testing2|Ogerpon-Cornerstone, F|100\/100\n|switch|p2a: Armarouge|Armarouge, M|100\/100\n|switch|p2b: Walking Wake|Walking Wake|100\/100\n|turn|1\n|inactive|Battle timer is ON: inactive players will automatically lose when time's up. (requested by lxvliiz)\n|\n|t:|1697580608\n|move|p1b: testing2|Follow Me|p1b: testing2\n|-singleturn|p1b: testing2|move: Follow Me\n|move|p2b: Walking Wake|Dragon Claw|p1b: testing2\n|-damage|p1b: testing2|49\/100\n|-damage|p2b: Walking Wake|91\/100|[from] item: Life Orb\n|move|p2a: Armarouge|Armor Cannon|p1b: testing2\n|-damage|p1b: testing2|0 fnt\n|-unboost|p2a: Armarouge|def|1\n|-unboost|p2a: Armarouge|spd|1\n|faint|p1b: testing2\n|-zpower|p1a: testing1\n|move|p1a: testing1|Extreme Evoboost|p1a: testing1\n|-boost|p1a: testing1|atk|2\n|-boost|p1a: testing1|def|2\n|-boost|p1a: testing1|spa|2\n|-boost|p1a: testing1|spd|2\n|-boost|p1a: testing1|spe|2\n|\n|upkeep\n|\n|t:|1697580625\n|switch|p1b: testing4|Volcarona, M|100\/100\n|turn|2\n|\n|t:|1697580636\n|move|p1b: testing4|Rage Powder|p1b: testing4\n|-singleturn|p1b: testing4|move: Rage Powder\n|move|p2b: Walking Wake|Dragon Claw|p1b: testing4\n|-damage|p1b: testing4|46\/100\n|-status|p2b: Walking Wake|brn|[from] ability: Flame Body|[of] p1b: testing4\n|-damage|p2b: Walking Wake|81\/100 brn|[from] item: Life Orb\n|move|p1a: testing1|Baton Pass|p1a: testing1\n|\n|t:|1697580645\n|switch|p1a: Medicham|Medicham, F|100\/100|[from] Baton Pass\n|move|p2a: Armarouge|Expanding Force|p1b: testing4\n|-damage|p1b: testing4|16\/100\n|-enditem|p1b: testing4|Wiki Berry|[eat]\n|-heal|p1b: testing4|49\/100|[from] item: Wiki Berry\n|\n|-damage|p2b: Walking Wake|75\/100 brn|[from] brn\n|upkeep\n|turn|3\n|\n|t:|1697580665\n|detailschange|p1a: Medicham|Medicham-Mega, F\n|-mega|p1a: Medicham|Medicham|Medichamite\n|move|p1b: testing4|Rage Powder|p1b: testing4\n|-singleturn|p1b: testing4|move: Rage Powder\n|move|p1a: Medicham|Zen Headbutt|p2b: Walking Wake\n|-damage|p2b: Walking Wake|0 fnt\n|faint|p2b: Walking Wake\n|-end|p2b: Walking Wake|Protosynthesis|[silent]\n|move|p2a: Armarouge|Shadow Ball|p1b: testing4\n|-damage|p1b: testing4|28\/100\n|\n|upkeep\n|\n|t:|1697580683\n|switch|p2b: Grimmsnarl|Grimmsnarl, M|100\/100\n|-item|p1a: Medicham|Medichamite|[from] ability: Frisk|[of] p2b: Grimmsnarl|[identify]\n|turn|4\n|inactive|lxvliiz has 120 seconds left.\n|\n|t:|1697580722\n|move|p1b: testing4|Rage Powder|p1b: testing4\n|-singleturn|p1b: testing4|move: Rage Powder\n|move|p1a: Medicham|Power-Up Punch|p2b: Grimmsnarl\n|-damage|p2b: Grimmsnarl|11\/100\n|-boost|p1a: Medicham|atk|1\n|move|p2a: Armarouge|Armor Cannon|p1b: testing4\n|-damage|p1b: testing4|0 fnt\n|-unboost|p2a: Armarouge|def|1\n|-unboost|p2a: Armarouge|spd|1\n|faint|p1b: testing4\n|move|p2b: Grimmsnarl|Crunch|p1a: Medicham\n|-damage|p1a: Medicham|61\/100\n|\n|upkeep\n|\n|t:|1697580726\n|switch|p1b: Mr. Mime|Mr. Mime, F|100\/100\n|turn|5\n|\n|t:|1697580743\n|move|p1b: Mr. Mime|Follow Me|p1b: Mr. Mime\n|-singleturn|p1b: Mr. Mime|move: Follow Me\n|move|p1a: Medicham|Power-Up Punch|p2b: Grimmsnarl\n|-damage|p2b: Grimmsnarl|0 fnt\n|-boost|p1a: Medicham|atk|1\n|faint|p2b: Grimmsnarl\n|move|p2a: Armarouge|Dragon Pulse|p1b: Mr. Mime\n|-immune|p1b: Mr. Mime\n|\n|upkeep\n|\n|t:|1697580752\n|switch|p2b: Iron Bundle|Iron Bundle|100\/100\n|turn|6\n|\n|t:|1697580771\n|move|p1b: Mr. Mime|Follow Me|p1b: Mr. Mime\n|-singleturn|p1b: Mr. Mime|move: Follow Me\n|move|p1a: Medicham|Drain Punch|p2b: Iron Bundle\n|-supereffective|p2b: Iron Bundle\n|-damage|p2b: Iron Bundle|0 fnt\n|-heal|p1a: Medicham|100\/100|[from] drain|[of] p2b: Iron Bundle\n|faint|p2b: Iron Bundle\n|-end|p2b: Iron Bundle|Quark Drive|[silent]\n|move|p2a: Armarouge|Shadow Ball|p1b: Mr. Mime\n|-supereffective|p1b: Mr. Mime\n|-damage|p1b: Mr. Mime|29\/100\n|\n|upkeep\n|\n|t:|1697580782\n|switch|p2b: Gallade|Gallade, M, shiny|100\/100\n|turn|7\n|\n|t:|1697580806\n|detailschange|p2b: Gallade|Gallade-Mega, M, shiny\n|-mega|p2b: Gallade|Gallade|Galladite\n|move|p1b: Mr. Mime|Follow Me|p1b: Mr. Mime\n|-singleturn|p1b: Mr. Mime|move: Follow Me\n|move|p1a: Medicham|Zen Headbutt|p2a: Armarouge\n|-resisted|p2a: Armarouge\n|-damage|p2a: Armarouge|0 fnt\n|faint|p2a: Armarouge\n|move|p2b: Gallade|Dazzling Gleam|p1b: Mr. Mime|[spread] p1a,p1b\n|-supereffective|p1a: Medicham\n|-crit|p1a: Medicham\n|-damage|p1a: Medicham|40\/100\n|-damage|p1b: Mr. Mime|15\/100\n|\n|upkeep\n|\n|t:|1697580816\n|switch|p2a: Palafin|Palafin, M, shiny|100\/100\n|turn|8\n|\n|t:|1697580830\n|move|p1b: Mr. Mime|Wide Guard|p1b: Mr. Mime\n|-singleturn|p1b: Mr. Mime|Wide Guard\n|move|p1a: Medicham|Drain Punch|p2b: Gallade\n|-resisted|p2b: Gallade\n|-damage|p2b: Gallade|0 fnt\n|-heal|p1a: Medicham|93\/100|[from] drain|[of] p2b: Gallade\n|faint|p2b: Gallade\n|move|p2a: Palafin|Close Combat|p1b: Mr. Mime\n|-resisted|p1b: Mr. Mime\n|-damage|p1b: Mr. Mime|4\/100\n|-unboost|p2a: Palafin|def|1\n|-unboost|p2a: Palafin|spd|1\n|\n|upkeep\n|turn|9\n|\n|t:|1697580844\n|-terastallize|p2a: Palafin|Water\n|move|p1a: Medicham|Zen Headbutt|p2a: Palafin\n|-damage|p2a: Palafin|0 fnt\n|faint|p2a: Palafin\n|\n|win|lxvliiz\n|raw|lxvliiz's rating: 1117 &rarr; <strong>1134<\/strong><br \/>(+17 for winning)\n|raw|Jinxed_Dremmurrrrr's rating: 1000 &rarr; <strong>1000<\/strong><br \/>(+0 for losing)\n|c|\u2606lxvliiz|gg\n|l|\u2606Jinxed_Dremmurrrrr\n","uploadtime":1697580852,"views":6,"p1id":"lxvliiz","p2id":"jinxeddremmurrrrr","formatid":"gen9nationaldexdoubles","rating":1000,"private":0,"password":""}