{"id":"gen9nationaldexdoubles-1990923407","p1":"Art_0r","p2":"Delreynan","format":"[Gen 9] National Dex Doubles","log":"|j|\u2606Art_0r\n|j|\u2606Delreynan\n|t:|1700015608\n|gametype|doubles\n|player|p1|Art_0r|dawn-gen4pt|1079\n|player|p2|Delreynan|cynthia-gen4|1103\n|teamsize|p1|6\n|teamsize|p2|6\n|gen|9\n|tier|[Gen 9] National Dex Doubles\n|rated|\n|rule|HP Percentage Mod: HP is shown in percentages\n|rule|Endless Battle Clause: Forcing endless battles is banned\n|rule|OHKO Clause: OHKO moves are banned\n|rule|Evasion Moves Clause: Evasion moves are banned\n|rule|Evasion Abilities Clause: Evasion abilities are banned\n|rule|Species Clause: Limit one of each Pok\u00e9mon\n|rule|Gravity Sleep Clause: The combination of sleep-inducing moves with imperfect accuracy and Gravity or Gigantamax Orbeetle are banned\n|clearpoke\n|poke|p1|Swampert, M|\n|poke|p1|Farigiraf, F|\n|poke|p1|Pelipper, M|\n|poke|p1|Sableye, M|\n|poke|p1|Zamazenta-*|\n|poke|p1|Volcarona, M|\n|poke|p2|Arbok, F|\n|poke|p2|Serperior, F|\n|poke|p2|Milotic, F|\n|poke|p2|Sandaconda, F|\n|poke|p2|Gyarados, M|\n|poke|p2|Seviper, M|\n|teampreview\n|\n|t:|1700015615\n|start\n|switch|p1a: Swampert|Swampert, M|100\/100\n|switch|p1b: Farigiraf|Farigiraf, F|100\/100\n|switch|p2a: Arbok|Arbok, F|100\/100\n|switch|p2b: Gyarados|Gyarados, M|100\/100\n|-ability|p2b: Gyarados|Intimidate|boost\n|-unboost|p1a: Swampert|atk|1\n|-unboost|p1b: Farigiraf|atk|1\n|-ability|p2a: Arbok|Intimidate|boost\n|-unboost|p1a: Swampert|atk|1\n|-unboost|p1b: Farigiraf|atk|1\n|turn|1\n|inactive|Battle timer is ON: inactive players will automatically lose when time's up. (requested by Delreynan)\n|\n|t:|1700015641\n|switch|p2b: Milotic|Milotic, F|100\/100\n|move|p1b: Farigiraf|Skill Swap|p1a: Swampert\n|-activate|p1b: Farigiraf|move: Skill Swap|||[of] p1a: Swampert\n|move|p2a: Arbok|Coil|p2a: Arbok\n|-boost|p2a: Arbok|atk|1\n|-boost|p2a: Arbok|def|1\n|-boost|p2a: Arbok|accuracy|1\n|move|p1a: Swampert|Rock Slide|p2a: Arbok|[spread] p2a,p2b\n|-damage|p2a: Arbok|89\/100\n|-damage|p2b: Milotic|90\/100\n|\n|-heal|p2b: Milotic|96\/100|[from] item: Leftovers\n|upkeep\n|turn|2\n|\n|t:|1700015669\n|-terastallize|p1b: Farigiraf|Flying\n|move|p1b: Farigiraf|Skill Swap|p2a: Arbok\n|-activate|p1b: Farigiraf|move: Skill Swap|Intimidate|Damp|[of] p2a: Arbok\n|-ability|p1b: Farigiraf|Intimidate|boost\n|-unboost|p2a: Arbok|atk|1\n|-unboost|p2b: Milotic|atk|1\n|-ability|p2b: Milotic|Competitive|boost\n|-boost|p2b: Milotic|spa|2\n|move|p2a: Arbok|Coil|p2a: Arbok\n|-boost|p2a: Arbok|atk|1\n|-boost|p2a: Arbok|def|1\n|-boost|p2a: Arbok|accuracy|1\n|move|p2b: Milotic|Toxic|p1a: Swampert\n|-status|p1a: Swampert|tox\n|move|p1a: Swampert|Earthquake|p2a: Arbok|[spread] p2a,p2b\n|-immune|p1b: Farigiraf\n|-supereffective|p2a: Arbok\n|-damage|p2a: Arbok|47\/100\n|-damage|p2b: Milotic|75\/100\n|\n|-heal|p2b: Milotic|81\/100|[from] item: Leftovers\n|-damage|p1a: Swampert|94\/100 tox|[from] psn\n|upkeep\n|turn|3\n|inactive|Art_0r has 120 seconds left.\n|\n|t:|1700015716\n|move|p2a: Arbok|Sucker Punch|p1a: Swampert\n|-crit|p1a: Swampert\n|-damage|p1a: Swampert|38\/100 tox\n|-damage|p2a: Arbok|38\/100|[from] item: Life Orb\n|move|p1b: Farigiraf|Skill Swap|p2b: Milotic\n|-activate|p1b: Farigiraf|move: Skill Swap|Competitive|Intimidate|[of] p2b: Milotic\n|-ability|p2b: Milotic|Intimidate|boost\n|-unboost|p1a: Swampert|atk|1\n|-unboost|p1b: Farigiraf|atk|1\n|-ability|p1b: Farigiraf|Competitive|boost\n|-boost|p1b: Farigiraf|spa|2\n|move|p2b: Milotic|Ice Beam|p1b: Farigiraf\n|-supereffective|p1b: Farigiraf\n|-damage|p1b: Farigiraf|0 fnt\n|faint|p1b: Farigiraf\n|move|p1a: Swampert|Earthquake|p2a: Arbok|[spread] p2a,p2b\n|-supereffective|p2a: Arbok\n|-damage|p2a: Arbok|7\/100\n|-damage|p2b: Milotic|64\/100\n|\n|-heal|p2b: Milotic|71\/100|[from] item: Leftovers\n|-damage|p1a: Swampert|25\/100 tox|[from] psn\n|upkeep\n|\n|t:|1700015735\n|switch|p1b: Pelipper|Pelipper, M|100\/100\n|-weather|RainDance|[from] ability: Drizzle|[of] p1b: Pelipper\n|turn|4\n|\n|t:|1700015751\n|move|p1a: Swampert|Protect|p1a: Swampert\n|-singleturn|p1a: Swampert|Protect\n|move|p2a: Arbok|Sucker Punch||[still]\n|-fail|p2a: Arbok\n|move|p1b: Pelipper|Air Cutter|p2a: Arbok|[spread] p2a,p2b\n|-damage|p2a: Arbok|0 fnt\n|-damage|p2b: Milotic|60\/100\n|faint|p2a: Arbok\n|move|p2b: Milotic|Toxic|p1b: Pelipper\n|-status|p1b: Pelipper|tox\n|\n|-weather|RainDance|[upkeep]\n|-heal|p2b: Milotic|66\/100|[from] item: Leftovers\n|-damage|p1b: Pelipper|95\/100 tox|[from] psn\n|-damage|p1a: Swampert|7\/100 tox|[from] psn\n|upkeep\n|\n|t:|1700015763\n|switch|p2a: Gyarados|Gyarados, M|100\/100\n|-ability|p2a: Gyarados|Intimidate|boost\n|-unboost|p1a: Swampert|atk|1\n|-unboost|p1b: Pelipper|atk|1\n|turn|5\n|\n|t:|1700015772\n|move|p2a: Gyarados|Dragon Dance|p2a: Gyarados\n|-boost|p2a: Gyarados|atk|1\n|-boost|p2a: Gyarados|spe|1\n|move|p1b: Pelipper|Tailwind|p1b: Pelipper\n|-sidestart|p1: Art_0r|move: Tailwind\n|move|p1a: Swampert|Rock Slide|p2b: Milotic|[spread] p2a,p2b\n|-supereffective|p2a: Gyarados\n|-damage|p2a: Gyarados|82\/100\n|-damage|p2b: Milotic|59\/100\n|move|p2b: Milotic|Recover|p2b: Milotic\n|-heal|p2b: Milotic|100\/100\n|\n|-weather|RainDance|[upkeep]\n|-damage|p1b: Pelipper|83\/100 tox|[from] psn\n|-damage|p1a: Swampert|0 fnt|[from] psn\n|faint|p1a: Swampert\n|upkeep\n|-message|Art_0r forfeited.\n|\n|win|Delreynan\n|raw|Art_0r's rating: 1079 &rarr; <strong>1059<\/strong><br \/>(-20 for losing)\n|raw|Delreynan's rating: 1103 &rarr; <strong>1126<\/strong><br \/>(+23 for winning)\n|l|\u2606Art_0r\n","uploadtime":1700015788,"views":5,"p1id":"art0r","p2id":"delreynan","formatid":"gen9nationaldexdoubles","rating":1059,"private":0,"password":""}