{"id":"gen9nationaldexdoubles-1990943870","p1":"carteredwinwoods","p2":"Brick_Enjoyer_144","format":"[Gen 9] National Dex Doubles","log":"|j|\u2606carteredwinwoods\n|j|\u2606Brick_Enjoyer_144\n|t:|1700017984\n|gametype|doubles\n|player|p1|carteredwinwoods|olympia|1082\n|player|p2|Brick_Enjoyer_144|shauntal|1228\n|teamsize|p1|6\n|teamsize|p2|6\n|gen|9\n|tier|[Gen 9] National Dex Doubles\n|rated|\n|rule|HP Percentage Mod: HP is shown in percentages\n|rule|Endless Battle Clause: Forcing endless battles is banned\n|rule|OHKO Clause: OHKO moves are banned\n|rule|Evasion Moves Clause: Evasion moves are banned\n|rule|Evasion Abilities Clause: Evasion abilities are banned\n|rule|Species Clause: Limit one of each Pok\u00e9mon\n|rule|Gravity Sleep Clause: The combination of sleep-inducing moves with imperfect accuracy and Gravity or Gigantamax Orbeetle are banned\n|clearpoke\n|poke|p1|Alcremie-Lemon-Cream, F|\n|poke|p1|Pincurchin, F|\n|poke|p1|Maushold-Four|\n|poke|p1|Iron Valiant|\n|poke|p1|Diancie|\n|poke|p1|Palafin, M|\n|poke|p2|Cyclizar, F|\n|poke|p2|Linoone, M|\n|poke|p2|Clefairy, M|\n|poke|p2|Gholdengo|\n|poke|p2|Iron Bundle|\n|poke|p2|Ogerpon-Hearthflame, F|\n|teampreview\n|inactive|Battle timer is ON: inactive players will automatically lose when time's up. (requested by Brick_Enjoyer_144)\n|\n|t:|1700018000\n|start\n|switch|p1a: Maushold|Maushold-Four|100\/100\n|switch|p1b: Palafin|Palafin, M, shiny|100\/100\n|switch|p2a: Cyclizar|Cyclizar, F|100\/100\n|switch|p2b: Clefairy|Clefairy, M|100\/100\n|turn|1\n|\n|t:|1700018012\n|move|p2b: Clefairy|Follow Me|p2b: Clefairy\n|-singleturn|p2b: Clefairy|move: Follow Me\n|move|p1b: Palafin|Flip Turn|p2b: Clefairy\n|-damage|p2b: Clefairy|78\/100\n|\n|t:|1700018022\n|detailschange|p1b: Palafin|Palafin-Hero, M, shiny\n|switch|p1b: Iron Valiant|Iron Valiant, shiny|100\/100|[from] Flip Turn\n|-enditem|p1b: Iron Valiant|Booster Energy\n|-activate|p1b: Iron Valiant|ability: Quark Drive|[fromitem]\n|-start|p1b: Iron Valiant|quarkdrivespe\n|move|p2a: Cyclizar|Shed Tail|p2a: Cyclizar\n|-start|p2a: Cyclizar|Substitute|[from] move: Shed Tail\n|-damage|p2a: Cyclizar|50\/100\n|-enditem|p2a: Cyclizar|Sitrus Berry|[eat]\n|-heal|p2a: Cyclizar|75\/100|[from] item: Sitrus Berry\n|\n|t:|1700018033\n|switch|p2a: Linoone|Linoone, M|100\/100|[from] Shed Tail\n|move|p1a: Maushold|Population Bomb|p2b: Clefairy\n|-damage|p2b: Clefairy|64\/100\n|-damage|p2b: Clefairy|51\/100\n|-damage|p2b: Clefairy|38\/100\n|-damage|p2b: Clefairy|26\/100\n|-damage|p2b: Clefairy|12\/100\n|-damage|p2b: Clefairy|0 fnt\n|faint|p2b: Clefairy\n|-hitcount|p2: Clefairy|6\n|\n|upkeep\n|\n|t:|1700018049\n|switch|p2b: Cyclizar|Cyclizar, F|100\/100\n|turn|2\n|\n|t:|1700018069\n|-terastallize|p1b: Iron Valiant|Fairy\n|move|p1b: Iron Valiant|Dazzling Gleam|p2b: Cyclizar|[spread] p2a,p2b\n|-end|p2a: Linoone|Substitute\n|-supereffective|p2b: Cyclizar\n|-damage|p2b: Cyclizar|7\/100\n|move|p2b: Cyclizar|Shed Tail|p2b: Cyclizar\n|-fail|p2b: Cyclizar|move: Shed Tail|[weak]\n|move|p1a: Maushold|Population Bomb|p2a: Linoone\n|-damage|p2a: Linoone|81\/100\n|-damage|p2a: Linoone|63\/100\n|-damage|p2a: Linoone|44\/100\n|-enditem|p2a: Linoone|Salac Berry|[eat]\n|-boost|p2a: Linoone|spe|1|[from] item: Salac Berry\n|-damage|p2a: Linoone|26\/100\n|-damage|p2a: Linoone|7\/100\n|-hitcount|p2a: Linoone|5\n|move|p2a: Linoone|Belly Drum||[still]\n|-fail|p2a: Linoone\n|\n|upkeep\n|turn|3\n|inactive|carteredwinwoods has 120 seconds left.\n|\n|t:|1700018104\n|move|p2a: Linoone|Extreme Speed|p1b: Iron Valiant\n|-damage|p1b: Iron Valiant|58\/100\n|move|p1b: Iron Valiant|Dazzling Gleam|p2b: Cyclizar|[spread] p2a,p2b\n|-supereffective|p2b: Cyclizar\n|-damage|p2a: Linoone|0 fnt\n|-damage|p2b: Cyclizar|0 fnt\n|faint|p2a: Linoone\n|faint|p2b: Cyclizar\n|move|p1a: Maushold|Population Bomb|p2: Linoone|[notarget]\n|-fail|p1a: Maushold\n|\n|upkeep\n|inactive|Brick_Enjoyer_144 has 120 seconds left.\n|\n|t:|1700018117\n|switch|p2b: Ogerpon|Ogerpon-Hearthflame, F|100\/100\n|switch|p2a: Gholdengo|Gholdengo|100\/100\n|-ability|p2b: Ogerpon|Mold Breaker\n|turn|4\n|\n|t:|1700018131\n|-terastallize|p2b: Ogerpon|Fire\n|detailschange|p2b: Ogerpon|Ogerpon-Hearthflame-Tera, F, tera:Fire\n|-ability|p2b: Ogerpon|Embody Aspect (Hearthflame)|boost\n|-boost|p2b: Ogerpon|atk|1\n|move|p1b: Iron Valiant|Hex|p2a: Gholdengo\n|-supereffective|p2a: Gholdengo\n|-damage|p2a: Gholdengo|57\/100\n|move|p1a: Maushold|Population Bomb|p2b: Ogerpon\n|-damage|p2b: Ogerpon|85\/100\n|-damage|p2b: Ogerpon|69\/100\n|-damage|p2b: Ogerpon|54\/100\n|-damage|p2b: Ogerpon|41\/100\n|-damage|p2b: Ogerpon|26\/100\n|-damage|p2b: Ogerpon|11\/100\n|-damage|p2b: Ogerpon|0 fnt\n|faint|p2b: Ogerpon\n|-hitcount|p2: Ogerpon|7\n|move|p2a: Gholdengo|Make It Rain|p1b: Iron Valiant|[spread] p1a,p1b\n|-supereffective|p1b: Iron Valiant\n|-damage|p1a: Maushold|25\/100\n|-damage|p1b: Iron Valiant|0 fnt\n|-unboost|p2a: Gholdengo|spa|1\n|faint|p1b: Iron Valiant\n|-end|p1b: Iron Valiant|Quark Drive|[silent]\n|\n|-heal|p2a: Gholdengo|63\/100|[from] item: Leftovers\n|upkeep\n|\n|t:|1700018159\n|switch|p1b: Palafin|Palafin-Hero, M, shiny|100\/100\n|switch|p2b: Iron Bundle|Iron Bundle|100\/100\n|-activate|p1b: Palafin|ability: Zero to Hero\n|-enditem|p2b: Iron Bundle|Booster Energy\n|-activate|p2b: Iron Bundle|ability: Quark Drive|[fromitem]\n|-start|p2b: Iron Bundle|quarkdrivespe\n|turn|5\n|\n|t:|1700018180\n|move|p1b: Palafin|Jet Punch|p2a: Gholdengo\n|-damage|p2a: Gholdengo|22\/100\n|move|p2b: Iron Bundle|Freeze-Dry|p1b: Palafin\n|-supereffective|p1b: Palafin\n|-damage|p1b: Palafin|18\/100\n|move|p1a: Maushold|Population Bomb|p2b: Iron Bundle\n|-crit|p2b: Iron Bundle\n|-damage|p2b: Iron Bundle|80\/100\n|-damage|p2b: Iron Bundle|66\/100\n|-damage|p2b: Iron Bundle|53\/100\n|-damage|p2b: Iron Bundle|38\/100\n|-damage|p2b: Iron Bundle|24\/100\n|-crit|p2b: Iron Bundle\n|-damage|p2b: Iron Bundle|2\/100\n|-crit|p2b: Iron Bundle\n|-damage|p2b: Iron Bundle|0 fnt\n|faint|p2b: Iron Bundle\n|-end|p2b: Iron Bundle|Quark Drive|[silent]\n|-hitcount|p2: Iron Bundle|7\n|move|p2a: Gholdengo|Dazzling Gleam|p1a: Maushold|[spread] p1a,p1b\n|-damage|p1a: Maushold|5\/100\n|-damage|p1b: Palafin|2\/100\n|\n|-heal|p2a: Gholdengo|28\/100|[from] item: Leftovers\n|upkeep\n|turn|6\n|\n|t:|1700018205\n|move|p1b: Palafin|Jet Punch|p2a: Gholdengo\n|-damage|p2a: Gholdengo|0 fnt\n|faint|p2a: Gholdengo\n|\n|win|carteredwinwoods\n|raw|carteredwinwoods's rating: 1082 &rarr; <strong>1121<\/strong><br \/>(+39 for winning)\n|raw|Brick_Enjoyer_144's rating: 1228 &rarr; <strong>1193<\/strong><br \/>(-35 for losing)\n","uploadtime":1700018211,"views":6,"p1id":"carteredwinwoods","p2id":"brickenjoyer144","formatid":"gen9nationaldexdoubles","rating":1121,"private":0,"password":""}