{"id":"gen9nationaldexdoubles-1990045918","p1":"Fireball0809","p2":"U lose coz u NOOB","format":"[Gen 9] National Dex Doubles","log":"|j|\u2606Fireball0809\n|j|\u2606U lose coz u NOOB\n|t:|1699918716\n|gametype|doubles\n|player|p1|Fireball0809|266|1113\n|player|p2|U lose coz u NOOB|picnicker|1000\n|teamsize|p1|6\n|teamsize|p2|6\n|gen|9\n|tier|[Gen 9] National Dex Doubles\n|rated|\n|rule|HP Percentage Mod: HP is shown in percentages\n|rule|Endless Battle Clause: Forcing endless battles is banned\n|rule|OHKO Clause: OHKO moves are banned\n|rule|Evasion Moves Clause: Evasion moves are banned\n|rule|Evasion Abilities Clause: Evasion abilities are banned\n|rule|Species Clause: Limit one of each Pok\u00e9mon\n|rule|Gravity Sleep Clause: The combination of sleep-inducing moves with imperfect accuracy and Gravity or Gigantamax Orbeetle are banned\n|clearpoke\n|poke|p1|Farigiraf, M|\n|poke|p1|Dudunsparce-*, M|\n|poke|p1|Clawitzer, M|\n|poke|p1|Hatterene, F|\n|poke|p1|Iron Hands|\n|poke|p1|Amoonguss, F|\n|poke|p2|Indeedee, M|\n|poke|p2|Regieleki|\n|poke|p2|Meowscarada, F|\n|poke|p2|Spectrier|\n|poke|p2|Murkrow, M|\n|poke|p2|Shuckle, M|\n|teampreview\n|\n|t:|1699918735\n|start\n|switch|p1a: Farigiraf|Farigiraf, M|100\/100\n|switch|p1b: Amoonguss|Amoonguss, F|100\/100\n|switch|p2a: Spectrier|Spectrier|100\/100\n|switch|p2b: Meowscarada|Meowscarada, F|100\/100\n|turn|1\n|\n|t:|1699918756\n|move|p2b: Meowscarada|U-turn|p1a: Farigiraf\n|-start|p2b: Meowscarada|typechange|Bug|[from] ability: Protean\n|-supereffective|p1a: Farigiraf\n|-damage|p1a: Farigiraf|56\/100\n|\n|t:|1699918764\n|switch|p2b: Shuckle|Shuckle, M|100\/100|[from] U-turn\n|move|p2a: Spectrier|Dark Pulse|p1a: Farigiraf\n|-supereffective|p1a: Farigiraf\n|-damage|p1a: Farigiraf|0 fnt\n|faint|p1a: Farigiraf\n|-ability|p2a: Spectrier|Grim Neigh|boost\n|-boost|p2a: Spectrier|spa|1\n|move|p1b: Amoonguss|Spore|p2a: Spectrier\n|-status|p2a: Spectrier|slp|[from] move: Spore\n|\n|upkeep\n|\n|t:|1699918781\n|switch|p1a: Hatterene|Hatterene, F|100\/100\n|turn|2\n|\n|t:|1699918809\n|cant|p2a: Spectrier|slp\n|move|p1b: Amoonguss|Spore|p2b: Shuckle\n|-status|p2b: Shuckle|slp|[from] move: Spore\n|cant|p2b: Shuckle|slp\n|move|p1a: Hatterene|Trick Room|p1a: Hatterene\n|-fieldstart|move: Trick Room|[of] p1a: Hatterene\n|\n|upkeep\n|turn|3\n|\n|t:|1699918829\n|-curestatus|p2b: Shuckle|slp|[msg]\n|move|p2b: Shuckle|Power Split|p1a: Hatterene\n|-activate|p2b: Shuckle|move: Power Split|[of] p1a: Hatterene\n|move|p1a: Hatterene|Giga Drain|p2b: Shuckle\n|-damage|p2b: Shuckle|93\/100\n|move|p1b: Amoonguss|Pollen Puff|p2a: Spectrier\n|-resisted|p2a: Spectrier\n|-damage|p2a: Spectrier|89\/100 slp\n|cant|p2a: Spectrier|slp\n|\n|upkeep\n|turn|4\n|\n|t:|1699918878\n|switch|p2b: Meowscarada|Meowscarada, F|100\/100\n|move|p1a: Hatterene|Mystical Fire|p2a: Spectrier\n|-damage|p2a: Spectrier|74\/100 slp\n|-unboost|p2a: Spectrier|spa|1\n|move|p1b: Amoonguss|Spore|p2a: Spectrier\n|-fail|p2a: Spectrier|slp\n|cant|p2a: Spectrier|slp\n|\n|upkeep\n|turn|5\n|\n|t:|1699918899\n|move|p1a: Hatterene|Mystical Fire|p2a: Spectrier\n|-damage|p2a: Spectrier|59\/100 slp\n|-unboost|p2a: Spectrier|spa|1\n|move|p1b: Amoonguss|Pollen Puff|p2b: Meowscarada\n|-supereffective|p2b: Meowscarada\n|-damage|p2b: Meowscarada|0 fnt\n|faint|p2b: Meowscarada\n|-curestatus|p2a: Spectrier|slp|[msg]\n|move|p2a: Spectrier|Shadow Ball|p1a: Hatterene\n|-supereffective|p1a: Hatterene\n|-crit|p1a: Hatterene\n|-damage|p1a: Hatterene|0 fnt\n|faint|p1a: Hatterene\n|-ability|p2a: Spectrier|Grim Neigh|boost\n|-boost|p2a: Spectrier|spa|1\n|\n|upkeep\n|\n|t:|1699918928\n|switch|p1a: Dudunsparce|Dudunsparce-Three-Segment, M|100\/100\n|switch|p2b: Murkrow|Murkrow, M|100\/100\n|turn|6\n|\n|t:|1699918939\n|move|p2b: Murkrow|Taunt|p1b: Amoonguss\n|-start|p1b: Amoonguss|move: Taunt\n|-enditem|p1b: Amoonguss|Mental Herb\n|-end|p1b: Amoonguss|move: Taunt\n|move|p1b: Amoonguss|Spore|p2a: Spectrier\n|-status|p2a: Spectrier|slp|[from] move: Spore\n|move|p1a: Dudunsparce|Coil|p1a: Dudunsparce\n|-boost|p1a: Dudunsparce|atk|1\n|-boost|p1a: Dudunsparce|def|1\n|-boost|p1a: Dudunsparce|accuracy|1\n|cant|p2a: Spectrier|slp\n|\n|-fieldend|move: Trick Room\n|upkeep\n|turn|7\n|\n|t:|1699918980\n|move|p2b: Murkrow|Taunt|p1a: Dudunsparce\n|-start|p1a: Dudunsparce|move: Taunt\n|cant|p2a: Spectrier|slp\n|cant|p1a: Dudunsparce|move: Taunt|Coil\n|move|p1b: Amoonguss|Spore|p2b: Murkrow\n|-status|p2b: Murkrow|slp|[from] move: Spore\n|\n|upkeep\n|turn|8\n|\n|t:|1699919002\n|move|p1b: Amoonguss|Rage Powder|p1b: Amoonguss\n|-singleturn|p1b: Amoonguss|move: Rage Powder\n|cant|p2b: Murkrow|slp\n|-curestatus|p2a: Spectrier|slp|[msg]\n|move|p2a: Spectrier|Psychic|p1b: Amoonguss\n|-supereffective|p1b: Amoonguss\n|-damage|p1b: Amoonguss|45\/100\n|move|p1a: Dudunsparce|Air Slash|p2a: Spectrier\n|-damage|p2a: Spectrier|38\/100\n|\n|upkeep\n|turn|9\n|\n|t:|1699919030\n|-curestatus|p2b: Murkrow|slp|[msg]\n|move|p2b: Murkrow|Haze|p2b: Murkrow\n|-clearallboost\n|move|p2a: Spectrier|Psychic|p1b: Amoonguss\n|-supereffective|p1b: Amoonguss\n|-damage|p1b: Amoonguss|0 fnt\n|faint|p1b: Amoonguss\n|-ability|p2a: Spectrier|Grim Neigh|boost\n|-boost|p2a: Spectrier|spa|1\n|move|p1a: Dudunsparce|Air Slash|p2a: Spectrier|[miss]\n|-miss|p1a: Dudunsparce|p2a: Spectrier\n|\n|-end|p1a: Dudunsparce|move: Taunt\n|upkeep\n|\n|t:|1699919047\n|switch|p1b: Clawitzer|Clawitzer, M|100\/100\n|turn|10\n|\n|t:|1699919061\n|move|p2b: Murkrow|Taunt|p1a: Dudunsparce\n|-start|p1a: Dudunsparce|move: Taunt\n|move|p2a: Spectrier|Shadow Ball|p1b: Clawitzer\n|-damage|p1b: Clawitzer|22\/100\n|move|p1b: Clawitzer|Ice Beam|p2b: Murkrow\n|-supereffective|p2b: Murkrow\n|-enditem|p2b: Murkrow|Focus Sash\n|-damage|p2b: Murkrow|1\/100\n|-damage|p1b: Clawitzer|12\/100|[from] item: Life Orb\n|cant|p1a: Dudunsparce|move: Taunt|Coil\n|\n|upkeep\n|turn|11\n|\n|t:|1699919084\n|switch|p2b: Indeedee|Indeedee, M|100\/100\n|-fieldstart|move: Psychic Terrain|[from] ability: Psychic Surge|[of] p2b: Indeedee\n|move|p2a: Spectrier|Psychic|p1b: Clawitzer\n|-crit|p1b: Clawitzer\n|-damage|p1b: Clawitzer|0 fnt\n|faint|p1b: Clawitzer\n|-ability|p2a: Spectrier|Grim Neigh|boost\n|-boost|p2a: Spectrier|spa|1\n|move|p1a: Dudunsparce|Air Slash|p2a: Spectrier\n|-damage|p2a: Spectrier|13\/100\n|\n|upkeep\n|\n|t:|1699919096\n|switch|p1b: Iron Hands|Iron Hands|100\/100\n|-enditem|p1b: Iron Hands|Booster Energy\n|-activate|p1b: Iron Hands|ability: Quark Drive|[fromitem]\n|-start|p1b: Iron Hands|quarkdriveatk\n|turn|12\n|\n|t:|1699919113\n|-terastallize|p2b: Indeedee|Psychic\n|-terastallize|p1b: Iron Hands|Ghost\n|move|p2b: Indeedee|Expanding Force|p1b: Iron Hands|[spread] p1a,p1b\n|-damage|p1a: Dudunsparce|48\/100\n|-damage|p1b: Iron Hands|32\/100\n|move|p2a: Spectrier|Psychic|p1a: Dudunsparce\n|-damage|p1a: Dudunsparce|0 fnt\n|faint|p1a: Dudunsparce\n|-ability|p2a: Spectrier|Grim Neigh|boost\n|-boost|p2a: Spectrier|spa|1\n|move|p1b: Iron Hands|Thunder Punch|p2a: Spectrier\n|-damage|p2a: Spectrier|0 fnt\n|faint|p2a: Spectrier\n|\n|upkeep\n|\n|t:|1699919125\n|switch|p2a: Regieleki|Regieleki|100\/100\n|turn|13\n|inactive|Battle timer is ON: inactive players will automatically lose when time's up. (requested by U lose coz u NOOB)\n|\n|t:|1699919138\n|move|p2a: Regieleki|Electro Ball|p1b: Iron Hands\n|-damage|p1b: Iron Hands|0 fnt\n|faint|p1b: Iron Hands\n|-end|p1b: Iron Hands|Quark Drive|[silent]\n|\n|win|U lose coz u NOOB\n|raw|Fireball0809's rating: 1113 &rarr; <strong>1084<\/strong><br \/>(-29 for losing)\n|raw|U lose coz u NOOB's rating: 1051 &rarr; <strong>1089<\/strong><br \/>(+38 for winning)\n","uploadtime":1699919142,"views":5,"p1id":"fireball0809","p2id":"ulosecozunoob","formatid":"gen9nationaldexdoubles","rating":1084,"private":0,"password":""}