{"id":"gen9nationaldexdoubles-1992423128","p1":"the maraculous","p2":"djman346688","format":"[Gen 9] National Dex Doubles","log":"|j|\u2606the maraculous\n|j|\u203ddjman346688\n|t:|1700185802\n|gametype|doubles\n|player|p1|the maraculous|dragontamer|1408\n|player|p2|djman346688|lucy|1341\n|teamsize|p1|6\n|teamsize|p2|6\n|gen|9\n|tier|[Gen 9] National Dex Doubles\n|rated|\n|rule|HP Percentage Mod: HP is shown in percentages\n|rule|Endless Battle Clause: Forcing endless battles is banned\n|rule|OHKO Clause: OHKO moves are banned\n|rule|Evasion Moves Clause: Evasion moves are banned\n|rule|Evasion Abilities Clause: Evasion abilities are banned\n|rule|Species Clause: Limit one of each Pok\u00e9mon\n|rule|Gravity Sleep Clause: The combination of sleep-inducing moves with imperfect accuracy and Gravity or Gigantamax Orbeetle are banned\n|clearpoke\n|poke|p1|Iron Hands|\n|poke|p1|Cinderace, M|\n|poke|p1|Ninetales-Alola, M|\n|poke|p1|Landorus-Therian, M|\n|poke|p1|Ogerpon-Wellspring, F|\n|poke|p1|Sableye, M|\n|poke|p2|Primarina, F|\n|poke|p2|Amoonguss, M|\n|poke|p2|Garchomp, M|\n|poke|p2|Scizor, M|\n|poke|p2|Landorus-Therian, M|\n|poke|p2|Cresselia, F|\n|teampreview\n|inactive|Battle timer is ON: inactive players will automatically lose when time's up. (requested by djman346688)\n|\n|t:|1700185826\n|start\n|switch|p1a: Cinderace|Cinderace, M|100\/100\n|switch|p1b: Ogerpon|Ogerpon-Wellspring, F|100\/100\n|switch|p2a: Cresselia|Cresselia, F|100\/100\n|switch|p2b: Garchomp|Garchomp, M|100\/100\n|-item|p1a: Cinderace|Air Balloon\n|turn|1\n|\n|t:|1700185836\n|move|p1a: Cinderace|Coaching|p1b: Ogerpon\n|-start|p1a: Cinderace|typechange|Fighting|[from] ability: Libero\n|-boost|p1b: Ogerpon|atk|1\n|-boost|p1b: Ogerpon|def|1\n|move|p1b: Ogerpon|Taunt|p2a: Cresselia\n|-start|p2a: Cresselia|move: Taunt\n|move|p2b: Garchomp|Swords Dance|p2b: Garchomp\n|-boost|p2b: Garchomp|atk|2\n|move|p2a: Cresselia|Icy Wind|p1a: Cinderace|[spread] p1a,p1b\n|-damage|p1a: Cinderace|91\/100\n|-damage|p1b: Ogerpon|92\/100\n|-unboost|p1a: Cinderace|spe|1\n|-unboost|p1b: Ogerpon|spe|1\n|-enditem|p1a: Cinderace|Air Balloon\n|\n|upkeep\n|turn|2\n|inactive|djman346688 has 120 seconds left.\n|inactive|djman346688 has 90 seconds left.\n|\n|t:|1700185896\n|switch|p1a: Landorus|Landorus-Therian, M|100\/100\n|-ability|p1a: Landorus|Intimidate|boost\n|-unboost|p2a: Cresselia|atk|1\n|-unboost|p2b: Garchomp|atk|1\n|move|p2b: Garchomp|Scale Shot|p1b: Ogerpon\n|-damage|p1b: Ogerpon|74\/100\n|-damage|p1b: Ogerpon|57\/100\n|-crit|p1b: Ogerpon\n|-damage|p1b: Ogerpon|18\/100\n|-damage|p1b: Ogerpon|0 fnt\n|faint|p1b: Ogerpon\n|-hitcount|p1: Ogerpon|4\n|-unboost|p2b: Garchomp|def|1\n|-boost|p2b: Garchomp|spe|1\n|move|p2a: Cresselia|Icy Wind|p1a: Landorus\n|-supereffective|p1a: Landorus\n|-damage|p1a: Landorus|75\/100\n|-unboost|p1a: Landorus|spe|1\n|\n|upkeep\n|inactive|the maraculous has 120 seconds left.\n|\n|t:|1700185910\n|switch|p1b: Ninetales|Ninetales-Alola, M|100\/100\n|-weather|Snow|[from] ability: Snow Warning|[of] p1b: Ninetales\n|turn|3\n|inactive|djman346688 has 90 seconds left.\n|\n|t:|1700185943\n|-terastallize|p2b: Garchomp|Water\n|move|p2b: Garchomp|Earthquake|p1b: Ninetales|[spread] p1b\n|-immune|p2a: Cresselia|[from] ability: Levitate\n|-immune|p1a: Landorus\n|-damage|p1b: Ninetales|47\/100\n|move|p1b: Ninetales|Blizzard|p2a: Cresselia|[spread] p2a,p2b\n|-resisted|p2b: Garchomp\n|-damage|p2a: Cresselia|81\/100\n|-damage|p2b: Garchomp|84\/100\n|-status|p2a: Cresselia|frz\n|-curestatus|p2a: Cresselia|frz|[msg]\n|move|p2a: Cresselia|Icy Wind|p1b: Ninetales|[spread] p1a,p1b\n|-supereffective|p1a: Landorus\n|-resisted|p1b: Ninetales\n|-damage|p1a: Landorus|54\/100\n|-damage|p1b: Ninetales|43\/100\n|-unboost|p1a: Landorus|spe|1\n|-unboost|p1b: Ninetales|spe|1\n|move|p1a: Landorus|U-turn|p2a: Cresselia\n|-supereffective|p2a: Cresselia\n|-damage|p2a: Cresselia|49\/100\n|\n|t:|1700185955\n|switch|p1a: Sableye|Sableye, M|100\/100|[from] U-turn\n|\n|-weather|Snow|[upkeep]\n|-heal|p2a: Cresselia|55\/100|[from] item: Leftovers\n|-end|p2a: Cresselia|move: Taunt\n|upkeep\n|turn|4\n|\n|t:|1700185976\n|move|p1a: Sableye|Will-O-Wisp|p2b: Garchomp\n|-status|p2b: Garchomp|brn\n|move|p2b: Garchomp|Earthquake|p1b: Ninetales|[spread] p1a,p1b\n|-immune|p2a: Cresselia|[from] ability: Levitate\n|-damage|p1a: Sableye|68\/100\n|-damage|p1b: Ninetales|14\/100\n|move|p2a: Cresselia|Icy Wind|p1a: Sableye|[spread] p1a,p1b\n|-resisted|p1b: Ninetales\n|-damage|p1a: Sableye|59\/100\n|-damage|p1b: Ninetales|9\/100\n|-unboost|p1a: Sableye|spe|1\n|-unboost|p1b: Ninetales|spe|1\n|move|p1b: Ninetales|Roar|p2b: Garchomp\n|drag|p2b: Scizor|Scizor, M|100\/100\n|\n|-weather|Snow|[upkeep]\n|-heal|p2a: Cresselia|61\/100|[from] item: Leftovers\n|-heal|p1a: Sableye|65\/100|[from] item: Leftovers\n|upkeep\n|turn|5\n|inactive|djman346688 has 120 seconds left.\n|\n|t:|1700186010\n|switch|p1b: Iron Hands|Iron Hands|100\/100\n|move|p2b: Scizor|Bullet Punch|p1b: Iron Hands\n|-resisted|p1b: Iron Hands\n|-damage|p1b: Iron Hands|85\/100\n|-damage|p2b: Scizor|91\/100|[from] item: Life Orb\n|move|p1a: Sableye|Will-O-Wisp|p2b: Scizor|[miss]\n|-miss|p1a: Sableye|p2b: Scizor\n|move|p2a: Cresselia|Icy Wind|p1b: Iron Hands|[spread] p1a,p1b\n|-damage|p1a: Sableye|57\/100\n|-damage|p1b: Iron Hands|80\/100\n|-unboost|p1a: Sableye|spe|1\n|-unboost|p1b: Iron Hands|spe|1\n|\n|-weather|Snow|[upkeep]\n|-heal|p2a: Cresselia|67\/100|[from] item: Leftovers\n|-heal|p1a: Sableye|63\/100|[from] item: Leftovers\n|upkeep\n|turn|6\n|-message|djman346688 forfeited.\n|\n|win|the maraculous\n|raw|the maraculous's rating: 1408 &rarr; <strong>1424<\/strong><br \/>(+16 for winning)\n|raw|djman346688's rating: 1341 &rarr; <strong>1325<\/strong><br \/>(-16 for losing)\n|l|\u203ddjman346688\n","uploadtime":1700186027,"views":5,"p1id":"themaraculous","p2id":"djman346688","formatid":"gen9nationaldexdoubles","rating":1325,"private":0,"password":""}