{"id":"gen9nationaldexdoubles-1971548348","p1":"50stunzeed","p2":"conifirous","format":"[Gen 9] National Dex Doubles","log":"|j|\u260650stunzeed\n|j|\u2606conifirous\n|t:|1697747403\n|gametype|doubles\n|player|p1|50stunzeed|proton|1041\n|player|p2|conifirous|irida|1000\n|teamsize|p1|6\n|teamsize|p2|6\n|gen|9\n|tier|[Gen 9] National Dex Doubles\n|rated|\n|rule|HP Percentage Mod: HP is shown in percentages\n|rule|Endless Battle Clause: Forcing endless battles is banned\n|rule|OHKO Clause: OHKO moves are banned\n|rule|Evasion Moves Clause: Evasion moves are banned\n|rule|Evasion Abilities Clause: Evasion abilities are banned\n|rule|Species Clause: Limit one of each Pok\u00e9mon\n|rule|Gravity Sleep Clause: The combination of sleep-inducing moves with imperfect accuracy and Gravity or Gigantamax Orbeetle are banned\n|clearpoke\n|poke|p1|Lycanroc, M|\n|poke|p1|Sandslash, F|\n|poke|p1|Hippowdon, F|\n|poke|p1|Shaymin|\n|poke|p1|Samurott-Hisui, F|\n|poke|p1|Grimmsnarl, M|\n|poke|p2|Jirachi|\n|poke|p2|Sableye, F|\n|poke|p2|Audino, F|\n|poke|p2|Delphox, M|\n|poke|p2|Mienshao, F|\n|poke|p2|Whimsicott, F|\n|teampreview\n|\n|t:|1697747417\n|start\n|switch|p1a: Grimmsnarl|Grimmsnarl, M|100\/100\n|switch|p1b: Samurott|Samurott-Hisui, F|100\/100\n|switch|p2a: Audino|Audino, F|100\/100\n|switch|p2b: Sableye|Sableye, F|100\/100\n|turn|1\n|\n|t:|1697747437\n|move|p2b: Sableye|Fake Out|p1a: Grimmsnarl\n|-damage|p1a: Grimmsnarl|93\/100\n|cant|p1a: Grimmsnarl|flinch\n|move|p1b: Samurott|Ceaseless Edge|p2a: Audino\n|-damage|p2a: Audino|66\/100\n|-sidestart|p2: conifirous|Spikes\n|move|p2a: Audino|Light Screen|p2a: Audino\n|-sidestart|p2: conifirous|move: Light Screen\n|\n|upkeep\n|turn|2\n|\n|t:|1697747474\n|detailschange|p2a: Audino|Audino-Mega, F\n|-mega|p2a: Audino|Audino|Audinite\n|move|p1a: Grimmsnarl|Reflect|p1a: Grimmsnarl\n|-sidestart|p1: 50stunzeed|Reflect\n|move|p2b: Sableye|Taunt|p1a: Grimmsnarl\n|-hint|Since gen 7, Dark is immune to Prankster moves.\n|-immune|p1a: Grimmsnarl\n|move|p1b: Samurott|Ceaseless Edge|p2a: Audino\n|-resisted|p2a: Audino\n|-damage|p2a: Audino|53\/100\n|-sidestart|p2: conifirous|Spikes\n|move|p2a: Audino|Reflect|p2a: Audino\n|-sidestart|p2: conifirous|Reflect\n|\n|upkeep\n|turn|3\n|\n|t:|1697747501\n|move|p1a: Grimmsnarl|Light Screen|p1a: Grimmsnarl\n|-sidestart|p1: 50stunzeed|move: Light Screen\n|move|p2b: Sableye|Will-O-Wisp|p1b: Samurott\n|-hint|Since gen 7, Dark is immune to Prankster moves.\n|-immune|p1b: Samurott\n|move|p1b: Samurott|Ceaseless Edge|p2b: Sableye\n|-damage|p2b: Sableye|62\/100\n|-sidestart|p2: conifirous|Spikes\n|move|p2a: Audino|Blizzard|p1a: Grimmsnarl|[spread] p1a,p1b\n|-resisted|p1b: Samurott\n|-damage|p1a: Grimmsnarl|85\/100\n|-damage|p1b: Samurott|93\/100\n|\n|-heal|p2b: Sableye|68\/100|[from] item: Leftovers\n|upkeep\n|turn|4\n|c|\u2606conifirous|what\n|c|\u260650stunzeed|They are both dark dude\n|c|\u260650stunzeed|Prankster wont work\n|c|\u2606conifirous|i have been focusing on gen 6\n|c|\u260650stunzeed|Oof\n|\n|t:|1697747560\n|switch|p2b: Sriracha|Jirachi|100\/100\n|-damage|p2b: Sriracha|75\/100|[from] Spikes\n|move|p1a: Grimmsnarl|Substitute|p1a: Grimmsnarl\n|-start|p1a: Grimmsnarl|Substitute\n|-damage|p1a: Grimmsnarl|60\/100\n|move|p1b: Samurott|Flip Turn|p2b: Sriracha\n|-damage|p2b: Sriracha|59\/100\n|\n|t:|1697747571\n|switch|p1b: Sandslash|Sandslash, F|100\/100|[from] Flip Turn\n|move|p2a: Audino|Blizzard|p1a: Grimmsnarl|[spread] p1a,p1b\n|-activate|p1a: Grimmsnarl|move: Substitute|[damage]\n|-supereffective|p1b: Sandslash\n|-damage|p1b: Sandslash|59\/100\n|\n|-heal|p2b: Sriracha|66\/100|[from] item: Leftovers\n|upkeep\n|turn|5\n|\n|t:|1697747589\n|switch|p1a: Hippowdon|Hippowdon, F|100\/100\n|-weather|Sandstorm|[from] ability: Sand Stream|[of] p1a: Hippowdon\n|move|p2a: Audino|Helping Hand|p2b: Sriracha\n|-singleturn|p2b: Sriracha|Helping Hand|[of] p2a: Audino\n|move|p1b: Sandslash|Swords Dance|p1b: Sandslash\n|-boost|p1b: Sandslash|atk|2\n|move|p2b: Sriracha|Ice Punch|p1b: Sandslash\n|-supereffective|p1b: Sandslash\n|-damage|p1b: Sandslash|24\/100\n|\n|-weather|Sandstorm|[upkeep]\n|-damage|p2a: Audino|47\/100|[from] Sandstorm\n|-heal|p2b: Sriracha|72\/100|[from] item: Leftovers\n|-sideend|p2: conifirous|move: Light Screen\n|upkeep\n|turn|6\n|\n|t:|1697747622\n|move|p1b: Sandslash|Leech Life|p2b: Sriracha\n|-damage|p2b: Sriracha|35\/100\n|-heal|p1b: Sandslash|50\/100|[from] drain|[of] p2b: Sriracha\n|-damage|p1b: Sandslash|40\/100|[from] item: Life Orb\n|move|p2b: Sriracha|Ice Punch|p1a: Hippowdon\n|-supereffective|p1a: Hippowdon\n|-damage|p1a: Hippowdon|88\/100\n|-status|p1a: Hippowdon|frz\n|move|p2a: Audino|Blizzard|p1b: Sandslash|[spread] p1b\n|-miss|p2a: Audino|p1a: Hippowdon\n|-supereffective|p1b: Sandslash\n|-damage|p1b: Sandslash|0 fnt\n|faint|p1b: Sandslash\n|-curestatus|p1a: Hippowdon|frz|[msg]\n|move|p1a: Hippowdon|Yawn|p2b: Sriracha\n|-start|p2b: Sriracha|move: Yawn|[of] p1a: Hippowdon\n|\n|-weather|Sandstorm|[upkeep]\n|-damage|p2a: Audino|41\/100|[from] Sandstorm\n|-heal|p2b: Sriracha|41\/100|[from] item: Leftovers\n|-sideend|p2: conifirous|Reflect\n|upkeep\n|\n|t:|1697747643\n|switch|p1b: Lycanroc|Lycanroc, M|100\/100\n|turn|7\n|\n|t:|1697747657\n|move|p1a: Hippowdon|Protect|p1a: Hippowdon\n|-singleturn|p1a: Hippowdon|Protect\n|move|p1b: Lycanroc|Crunch|p2b: Sriracha\n|-supereffective|p2b: Sriracha\n|-damage|p2b: Sriracha|0 fnt\n|faint|p2b: Sriracha\n|-damage|p1b: Lycanroc|91\/100|[from] item: Life Orb\n|move|p2a: Audino|Blizzard|p1a: Hippowdon|[spread] p1b\n|-activate|p1a: Hippowdon|move: Protect\n|-damage|p1b: Lycanroc|78\/100\n|\n|-weather|Sandstorm|[upkeep]\n|-damage|p2a: Audino|35\/100|[from] Sandstorm\n|upkeep\n|\n|t:|1697747681\n|switch|p2b: Mienshao|Mienshao, F|100\/100\n|-damage|p2b: Mienshao|76\/100|[from] Spikes\n|turn|8\n|\n|t:|1697747704\n|move|p2a: Audino|Helping Hand|p2b: Mienshao\n|-singleturn|p2b: Mienshao|Helping Hand|[of] p2a: Audino\n|move|p1b: Lycanroc|Swords Dance|p1b: Lycanroc\n|-boost|p1b: Lycanroc|atk|2\n|move|p2b: Mienshao|High Jump Kick|p1b: Lycanroc\n|-supereffective|p1b: Lycanroc\n|-damage|p1b: Lycanroc|0 fnt\n|faint|p1b: Lycanroc\n|-damage|p2b: Mienshao|66\/100|[from] item: Life Orb\n|move|p1a: Hippowdon|Roar|p2b: Mienshao\n|drag|p2b: Delphox|Delphox, M|100\/100\n|-damage|p2b: Delphox|76\/100|[from] Spikes\n|\n|-weather|Sandstorm|[upkeep]\n|-damage|p2b: Delphox|70\/100|[from] Sandstorm\n|-damage|p2a: Audino|28\/100|[from] Sandstorm\n|upkeep\n|\n|t:|1697747710\n|switch|p1b: Samurott|Samurott-Hisui, F|93\/100\n|turn|9\n|\n|t:|1697747737\n|move|p2a: Audino|Helping Hand|p2b: Delphox\n|-singleturn|p2b: Delphox|Helping Hand|[of] p2a: Audino\n|move|p2b: Delphox|Dazzling Gleam|p1a: Hippowdon|[spread] p1a,p1b\n|-supereffective|p1b: Samurott\n|-crit|p1b: Samurott\n|-damage|p1a: Hippowdon|61\/100\n|-damage|p1b: Samurott|0 fnt\n|faint|p1b: Samurott\n|-damage|p2b: Delphox|60\/100|[from] item: Life Orb\n|move|p1a: Hippowdon|Yawn|p2b: Delphox\n|-start|p2b: Delphox|move: Yawn|[of] p1a: Hippowdon\n|\n|-weather|Sandstorm|[upkeep]\n|-damage|p2b: Delphox|53\/100|[from] Sandstorm\n|-damage|p2a: Audino|22\/100|[from] Sandstorm\n|-sideend|p1: 50stunzeed|Reflect\n|upkeep\n|\n|t:|1697747743\n|switch|p1b: Shaymin|Shaymin|100\/100\n|turn|10\n|\n|t:|1697747766\n|move|p2a: Audino|Helping Hand|p2b: Delphox\n|-singleturn|p2b: Delphox|Helping Hand|[of] p2a: Audino\n|move|p2b: Delphox|Heat Wave|p1b: Shaymin|[spread] p1a,p1b\n|-supereffective|p1b: Shaymin\n|-damage|p1a: Hippowdon|12\/100\n|-damage|p1b: Shaymin|19\/100\n|-enditem|p1b: Shaymin|Eject Button\n|-damage|p2b: Delphox|43\/100|[from] item: Life Orb\n|\n|t:|1697747775\n|switch|p1b: Grimmsnarl|Grimmsnarl, M|60\/100\n|move|p1a: Hippowdon|Slack Off|p1a: Hippowdon\n|-heal|p1a: Hippowdon|62\/100\n|\n|-weather|Sandstorm|[upkeep]\n|-damage|p2b: Delphox|37\/100|[from] Sandstorm\n|-damage|p1b: Grimmsnarl|54\/100|[from] Sandstorm\n|-damage|p2a: Audino|16\/100|[from] Sandstorm\n|-end|p2b: Delphox|move: Yawn|[silent]\n|-status|p2b: Delphox|slp\n|-sideend|p1: 50stunzeed|move: Light Screen\n|upkeep\n|turn|11\n|-message|50stunzeed forfeited.\n|\n|win|conifirous\n|raw|50stunzeed's rating: 1041 &rarr; <strong>1023<\/strong><br \/>(-18 for losing)\n|raw|conifirous's rating: 1000 &rarr; <strong>1045<\/strong><br \/>(+45 for winning)\n|l|\u260650stunzeed\n","uploadtime":1697747814,"views":16,"p1id":"50stunzeed","p2id":"conifirous","formatid":"gen9nationaldexdoubles","rating":1023,"private":0,"password":""}