{"id":"gen9nationaldexdoubles-1996168901","p1":"Nickalip","p2":"psng","format":"[Gen 9] National Dex Doubles","log":"|j|\u2606Nickalip\n|j|\u2606psng\n|t:|1700654296\n|gametype|doubles\n|player|p1|Nickalip|steven|1114\n|player|p2|psng|wallace|1176\n|teamsize|p1|6\n|teamsize|p2|6\n|gen|9\n|tier|[Gen 9] National Dex Doubles\n|rated|\n|rule|HP Percentage Mod: HP is shown in percentages\n|rule|Endless Battle Clause: Forcing endless battles is banned\n|rule|OHKO Clause: OHKO moves are banned\n|rule|Evasion Moves Clause: Evasion moves are banned\n|rule|Evasion Abilities Clause: Evasion abilities are banned\n|rule|Species Clause: Limit one of each Pok\u00e9mon\n|rule|Gravity Sleep Clause: The combination of sleep-inducing moves with imperfect accuracy and Gravity or Gigantamax Orbeetle are banned\n|clearpoke\n|poke|p1|Scizor, M|\n|poke|p1|Gardevoir, F|\n|poke|p1|Swampert, F|\n|poke|p1|Iron Valiant|\n|poke|p1|Roaring Moon|\n|poke|p1|Ninetales-Alola, F|\n|poke|p2|Salamence, F|\n|poke|p2|Chien-Pao|\n|poke|p2|Gastrodon-East, M|\n|poke|p2|Mawile, F|\n|poke|p2|Indeedee-F, F|\n|poke|p2|Sinistcha|\n|teampreview\n|inactive|Battle timer is ON: inactive players will automatically lose when time's up. (requested by psng)\n|\n|t:|1700654313\n|start\n|switch|p1a: Himiko|Gardevoir, F, shiny|100\/100\n|switch|p1b: Ola|Ninetales-Alola, F|100\/100\n|switch|p2a: Indeedee|Indeedee-F, F, shiny|100\/100\n|switch|p2b: Salamence|Salamence, F|100\/100\n|-weather|Snow|[from] ability: Snow Warning|[of] p1b: Ola\n|-fieldstart|move: Psychic Terrain|[from] ability: Psychic Surge|[of] p1a: Himiko\n|-ability|p1a: Himiko|Psychic Surge|[from] ability: Trace|[of] p2a: Indeedee\n|-ability|p2b: Salamence|Intimidate|boost\n|-unboost|p1a: Himiko|atk|1\n|-unboost|p1b: Ola|atk|1\n|turn|1\n|\n|t:|1700654333\n|detailschange|p1a: Himiko|Gardevoir-Mega, F, shiny\n|-mega|p1a: Himiko|Gardevoir|Gardevoirite\n|-terastallize|p2b: Salamence|Fire\n|move|p1b: Ola|Aurora Veil|p1b: Ola\n|-sidestart|p1: Nickalip|move: Aurora Veil\n|move|p1a: Himiko|Dazzling Gleam|p2a: Indeedee|[spread] p2a,p2b\n|-resisted|p2b: Salamence\n|-damage|p2a: Indeedee|72\/100\n|-damage|p2b: Salamence|80\/100\n|move|p2b: Salamence|Heat Wave|p1a: Himiko|[spread] p1a,p1b\n|-supereffective|p1b: Ola\n|-damage|p1a: Himiko|80\/100\n|-damage|p1b: Ola|36\/100\n|move|p2a: Indeedee|Trick Room|p2a: Indeedee\n|-fieldstart|move: Trick Room|[of] p2a: Indeedee\n|\n|-weather|Snow|[upkeep]\n|upkeep\n|turn|2\n|\n|t:|1700654356\n|switch|p2a: Mawile|Mawile, F, shiny|100\/100\n|-ability|p2a: Mawile|Intimidate|boost\n|-unboost|p1a: Himiko|atk|1\n|-unboost|p1b: Ola|atk|1\n|move|p2b: Salamence|Heat Wave|p1a: Himiko|[spread] p1a,p1b\n|-supereffective|p1b: Ola\n|-damage|p1a: Himiko|58\/100\n|-damage|p1b: Ola|0 fnt\n|faint|p1b: Ola\n|move|p1a: Himiko|Destiny Bond|p1a: Himiko\n|-singlemove|p1a: Himiko|Destiny Bond\n|\n|-weather|Snow|[upkeep]\n|upkeep\n|\n|t:|1700654371\n|switch|p1b: El rocin|Swampert, F, shiny|100\/100\n|turn|3\n|\n|t:|1700654379\n|switch|p2a: Sinistcha|Sinistcha, shiny|100\/100\n|-heal|p2b: Salamence|100\/100|[from] ability: Hospitality|[of] p2a: Sinistcha\n|move|p2b: Salamence|Protect|p2b: Salamence\n|-singleturn|p2b: Salamence|Protect\n|move|p1b: El rocin|Earthquake|p2b: Salamence|[spread] p1a,p2a\n|-activate|p2b: Salamence|move: Protect\n|-resisted|p2a: Sinistcha\n|-damage|p1a: Himiko|15\/100\n|-damage|p2a: Sinistcha|89\/100\n|move|p1a: Himiko|Thunderbolt|p2a: Sinistcha\n|-resisted|p2a: Sinistcha\n|-damage|p2a: Sinistcha|65\/100\n|\n|-weather|Snow|[upkeep]\n|-heal|p2a: Sinistcha|71\/100|[from] item: Leftovers\n|upkeep\n|turn|4\n|\n|t:|1700654405\n|move|p2a: Sinistcha|Matcha Gotcha|p1a: Himiko|[spread] p1a,p1b\n|-crit|p1a: Himiko\n|-supereffective|p1b: El rocin\n|-damage|p1a: Himiko|0 fnt\n|-heal|p2a: Sinistcha|77\/100|[from] drain|[of] p1a: Himiko\n|-damage|p1b: El rocin|65\/100\n|-heal|p2a: Sinistcha|94\/100|[from] drain|[of] p1b: El rocin\n|faint|p1a: Himiko\n|move|p1b: El rocin|Earthquake|p2b: Salamence|[spread] p2a,p2b\n|-resisted|p2a: Sinistcha\n|-supereffective|p2b: Salamence\n|-damage|p2a: Sinistcha|80\/100\n|-damage|p2b: Salamence|24\/100\n|move|p2b: Salamence|Draco Meteor|p1b: El rocin\n|-damage|p1b: El rocin|42\/100\n|-unboost|p2b: Salamence|spa|2\n|\n|-weather|Snow|[upkeep]\n|-heal|p2a: Sinistcha|86\/100|[from] item: Leftovers\n|upkeep\n|inactive|Nickalip has 120 seconds left.\n|\n|t:|1700654428\n|switch|p1a: Choro-Y|Scizor, M, shiny|100\/100\n|turn|5\n|\n|t:|1700654440\n|move|p2b: Salamence|Protect|p2b: Salamence\n|-singleturn|p2b: Salamence|Protect\n|move|p2a: Sinistcha|Matcha Gotcha|p1b: El rocin|[spread] p1a,p1b\n|-resisted|p1a: Choro-Y\n|-supereffective|p1b: El rocin\n|-damage|p1a: Choro-Y|96\/100\n|-heal|p2a: Sinistcha|88\/100|[from] drain|[of] p1a: Choro-Y\n|-damage|p1b: El rocin|6\/100\n|-heal|p2a: Sinistcha|100\/100|[from] drain|[of] p1b: El rocin\n|-status|p1a: Choro-Y|brn\n|move|p1a: Choro-Y|U-turn|p2a: Sinistcha\n|-damage|p2a: Sinistcha|90\/100\n|inactive|Nickalip has 120 seconds left.\n|\n|t:|1700654455\n|switch|p1a: Meka-Nick|Iron Valiant, shiny|100\/100|[from] U-turn\n|-enditem|p1a: Meka-Nick|Booster Energy\n|-activate|p1a: Meka-Nick|ability: Quark Drive|[fromitem]\n|-start|p1a: Meka-Nick|quarkdrivespe\n|move|p1b: El rocin|Flip Turn|p2b: Salamence\n|-activate|p2b: Salamence|move: Protect\n|\n|-weather|none\n|-heal|p2a: Sinistcha|96\/100|[from] item: Leftovers\n|-fieldend|move: Trick Room\n|-fieldend|move: Psychic Terrain\n|upkeep\n|turn|6\n|inactive|Nickalip has 120 seconds left.\n|inactive|Nickalip has 90 seconds left.\n|inactive|Nickalip has 60 seconds left.\n|inactive|Nickalip has 30 seconds left.\n|inactive|Nickalip has 20 seconds left.\n|inactive|Nickalip has 15 seconds left.\n|\n|t:|1700654583\n|move|p1a: Meka-Nick|Poison Jab|p2a: Sinistcha\n|-damage|p2a: Sinistcha|77\/100\n|-status|p2a: Sinistcha|psn\n|move|p2b: Salamence|Heat Wave|p1a: Meka-Nick|[spread] p1a\n|-miss|p2b: Salamence|p1b: El rocin\n|-damage|p1a: Meka-Nick|81\/100\n|move|p1b: El rocin|Earthquake|p2b: Salamence|[spread] p1a,p2a,p2b\n|-resisted|p2a: Sinistcha\n|-supereffective|p2b: Salamence\n|-damage|p1a: Meka-Nick|45\/100\n|-damage|p2a: Sinistcha|64\/100 psn\n|-damage|p2b: Salamence|0 fnt\n|faint|p2b: Salamence\n|move|p2a: Sinistcha|Trick Room|p2a: Sinistcha\n|-fieldstart|move: Trick Room|[of] p2a: Sinistcha\n|\n|-heal|p2a: Sinistcha|70\/100 psn|[from] item: Leftovers\n|-damage|p2a: Sinistcha|57\/100 psn|[from] psn\n|upkeep\n|inactive|Nickalip has 20 seconds left this turn.\n|\n|t:|1700654603\n|switch|p2b: Gastrodon|Gastrodon-East, M, shiny|100\/100\n|turn|7\n|\n|t:|1700654612\n|move|p2b: Gastrodon|Muddy Water|p1a: Meka-Nick|[spread] p1a,p1b\n|-damage|p1a: Meka-Nick|11\/100\n|-damage|p1b: El rocin|0 fnt\n|-unboost|p1a: Meka-Nick|accuracy|1\n|faint|p1b: El rocin\n|move|p2a: Sinistcha|Life Dew|p2a: Sinistcha|[spread] p2a\n|-ability|p2b: Gastrodon|Storm Drain|boost\n|-boost|p2b: Gastrodon|spa|1\n|-heal|p2a: Sinistcha|82\/100 psn\n|move|p1a: Meka-Nick|Leaf Blade|p2b: Gastrodon\n|-supereffective|p2b: Gastrodon\n|-damage|p2b: Gastrodon|0 fnt\n|faint|p2b: Gastrodon\n|\n|-heal|p2a: Sinistcha|88\/100 psn|[from] item: Leftovers\n|-damage|p2a: Sinistcha|76\/100 psn|[from] psn\n|upkeep\n|inactive|Nickalip has 60 seconds left.\n|\n|t:|1700654632\n|switch|p2b: Mawile|Mawile, F, shiny|100\/100\n|switch|p1b: Choro-Y|Scizor, M, shiny|96\/100 brn\n|-ability|p2b: Mawile|Intimidate|boost\n|-unboost|p1a: Meka-Nick|atk|1\n|-unboost|p1b: Choro-Y|atk|1\n|turn|8\n|inactive|Nickalip has 60 seconds left.\n|\n|t:|1700654649\n|detailschange|p2b: Mawile|Mawile-Mega, F, shiny\n|-mega|p2b: Mawile|Mawile|Mawilite\n|move|p2b: Mawile|Swords Dance|p2b: Mawile\n|-boost|p2b: Mawile|atk|2\n|move|p2a: Sinistcha|Matcha Gotcha|p1b: Choro-Y|[spread] p1a,p1b\n|-resisted|p1b: Choro-Y\n|-damage|p1a: Meka-Nick|0 fnt\n|-heal|p2a: Sinistcha|81\/100 psn|[from] drain|[of] p1a: Meka-Nick\n|-damage|p1b: Choro-Y|92\/100 brn\n|-heal|p2a: Sinistcha|82\/100 psn|[from] drain|[of] p1b: Choro-Y\n|faint|p1a: Meka-Nick\n|-end|p1a: Meka-Nick|Quark Drive|[silent]\n|move|p1b: Choro-Y|Swords Dance|p1b: Choro-Y\n|-boost|p1b: Choro-Y|atk|2\n|\n|-heal|p2a: Sinistcha|88\/100 psn|[from] item: Leftovers\n|-damage|p2a: Sinistcha|76\/100 psn|[from] psn\n|-damage|p1b: Choro-Y|86\/100 brn|[from] brn\n|-sideend|p1: Nickalip|move: Aurora Veil\n|upkeep\n|\n|t:|1700654670\n|switch|p1a: Chimuelo|Roaring Moon|100\/100\n|-enditem|p1a: Chimuelo|Booster Energy\n|-activate|p1a: Chimuelo|ability: Protosynthesis|[fromitem]\n|-start|p1a: Chimuelo|protosynthesisatk\n|turn|9\n|inactive|Nickalip has 60 seconds left.\n|\n|t:|1700654681\n|switch|p2a: Chien-Pao|Chien-Pao|100\/100\n|-ability|p2a: Chien-Pao|Sword of Ruin\n|move|p2b: Mawile|Play Rough|p1a: Chimuelo\n|-supereffective|p1a: Chimuelo\n|-damage|p1a: Chimuelo|0 fnt\n|faint|p1a: Chimuelo\n|-end|p1a: Chimuelo|Protosynthesis|[silent]\n|move|p1b: Choro-Y|Swords Dance|p1b: Choro-Y\n|-boost|p1b: Choro-Y|atk|2\n|\n|-damage|p1b: Choro-Y|80\/100 brn|[from] brn\n|upkeep\n|turn|10\n|\n|t:|1700654696\n|move|p1b: Choro-Y|Bullet Punch|p2a: Chien-Pao\n|-supereffective|p2a: Chien-Pao\n|-damage|p2a: Chien-Pao|25\/100\n|move|p2b: Mawile|Iron Head|p1b: Choro-Y\n|-resisted|p1b: Choro-Y\n|-damage|p1b: Choro-Y|0 fnt\n|faint|p1b: Choro-Y\n|\n|win|psng\n|raw|Nickalip's rating: 1114 &rarr; <strong>1093<\/strong><br \/>(-21 for losing)\n|raw|psng's rating: 1176 &rarr; <strong>1197<\/strong><br \/>(+21 for winning)\n","uploadtime":1700654704,"views":6,"p1id":"nickalip","p2id":"psng","formatid":"gen9nationaldexdoubles","rating":1093,"private":0,"password":""}