{"id":"gen9nationaldexdoubles-1959803930","p1":"Uncle Kars","p2":"cassinidivision","format":"[Gen 9] National Dex Doubles","log":"|j|\u2606Uncle Kars\n|j|\u2606cassinidivision\n|t:|1696456899\n|gametype|doubles\n|player|p1|Uncle Kars|silver|\n|player|p2|cassinidivision|giacomo|\n|teamsize|p1|6\n|teamsize|p2|6\n|gen|9\n|tier|[Gen 9] National Dex Doubles\n|rule|HP Percentage Mod: HP is shown in percentages\n|rule|Endless Battle Clause: Forcing endless battles is banned\n|rule|OHKO Clause: OHKO moves are banned\n|rule|Evasion Moves Clause: Evasion moves are banned\n|rule|Evasion Abilities Clause: Evasion abilities are banned\n|rule|Species Clause: Limit one of each Pok\u00e9mon\n|rule|Gravity Sleep Clause: The combination of sleep-inducing moves with imperfect accuracy and Gravity or Gigantamax Orbeetle are banned\n|clearpoke\n|poke|p1|Camerupt, F|\n|poke|p1|Flygon, M|\n|poke|p1|Quagsire, M|\n|poke|p1|Torterra, M|\n|poke|p1|Palossand, F|\n|poke|p1|Crobat, F|\n|poke|p2|Kingambit, M|\n|poke|p2|Honchkrow, M|\n|poke|p2|Weavile, M|\n|poke|p2|Krookodile, F|\n|poke|p2|Muk-Alola, F|\n|poke|p2|Umbreon, F|\n|teampreview\n|\n|t:|1696456913\n|start\n|switch|p1a: Camerupt|Camerupt, F|100\/100\n|switch|p1b: Flygon|Flygon, M|100\/100\n|switch|p2a: MOONWITCH|Umbreon, F, shiny|100\/100\n|switch|p2b: BIG BIRD|Honchkrow, M|100\/100\n|turn|1\n|\n|t:|1696456935\n|detailschange|p1a: Camerupt|Camerupt-Mega, F\n|-mega|p1a: Camerupt|Camerupt|Cameruptite\n|move|p1b: Flygon|First Impression|p2a: MOONWITCH\n|-supereffective|p2a: MOONWITCH\n|-damage|p2a: MOONWITCH|50\/100\n|move|p2b: BIG BIRD|U-turn|p1b: Flygon\n|-damage|p1b: Flygon|73\/100\n|\n|t:|1696456944\n|switch|p2b: SLASHER|Weavile, M|100\/100|[from] U-turn\n|move|p2a: MOONWITCH|Curse|p2a: MOONWITCH\n|-unboost|p2a: MOONWITCH|spe|1\n|-boost|p2a: MOONWITCH|atk|1\n|-boost|p2a: MOONWITCH|def|1\n|move|p1a: Camerupt|Heat Crash|p2b: SLASHER\n|-supereffective|p2b: SLASHER\n|-damage|p2b: SLASHER|0 fnt\n|faint|p2b: SLASHER\n|\n|-heal|p2a: MOONWITCH|56\/100|[from] item: Leftovers\n|upkeep\n|\n|t:|1696456953\n|switch|p2b: PASTRAMI|Krookodile, F|100\/100\n|turn|2\n|c|\u2606Uncle Kars|oh that's unfortunate\n|c|\u2606cassinidivision|i didnt expect that first turn\n|\n|t:|1696456970\n|move|p2b: PASTRAMI|Bulk Up|p2b: PASTRAMI\n|-boost|p2b: PASTRAMI|atk|1\n|-boost|p2b: PASTRAMI|def|1\n|move|p1b: Flygon|Dragon Dance|p1b: Flygon\n|-boost|p1b: Flygon|atk|1\n|-boost|p1b: Flygon|spe|1\n|move|p2a: MOONWITCH|Toxic|p1a: Camerupt\n|-status|p1a: Camerupt|tox\n|move|p1a: Camerupt|Earthquake|p2a: MOONWITCH|[spread] p2a,p2b\n|-immune|p1b: Flygon|[from] ability: Levitate\n|-damage|p2a: MOONWITCH|35\/100\n|-damage|p2b: PASTRAMI|67\/100\n|\n|-heal|p2a: MOONWITCH|41\/100|[from] item: Leftovers\n|-damage|p1a: Camerupt|94\/100 tox|[from] psn\n|upkeep\n|turn|3\n|\n|t:|1696457008\n|move|p1b: Flygon|Dragon Claw|p2a: MOONWITCH\n|-damage|p2a: MOONWITCH|5\/100\n|move|p2b: PASTRAMI|Dragon Claw|p1b: Flygon\n|-supereffective|p1b: Flygon\n|-damage|p1b: Flygon|0 fnt\n|faint|p1b: Flygon\n|-ability|p2b: PASTRAMI|Moxie|boost\n|-boost|p2b: PASTRAMI|atk|1\n|-damage|p2b: PASTRAMI|57\/100|[from] item: Life Orb\n|move|p2a: MOONWITCH|Moonlight|p2a: MOONWITCH\n|-heal|p2a: MOONWITCH|55\/100\n|move|p1a: Camerupt|Double-Edge|p2b: PASTRAMI\n|-damage|p2b: PASTRAMI|24\/100\n|-damage|p1a: Camerupt|84\/100 tox|[from] Recoil\n|\n|-heal|p2a: MOONWITCH|61\/100|[from] item: Leftovers\n|-damage|p1a: Camerupt|72\/100 tox|[from] psn\n|upkeep\n|\n|t:|1696457026\n|switch|p1b: Crobat|Crobat, F|100\/100\n|turn|4\n|\n|t:|1696457041\n|move|p2b: PASTRAMI|Darkest Lariat|p1a: Camerupt\n|-damage|p1a: Camerupt|0 fnt\n|faint|p1a: Camerupt\n|-ability|p2b: PASTRAMI|Moxie|boost\n|-boost|p2b: PASTRAMI|atk|1\n|-damage|p2b: PASTRAMI|14\/100|[from] item: Life Orb\n|move|p1b: Crobat|Brave Bird|p2a: MOONWITCH\n|-damage|p2a: MOONWITCH|31\/100\n|-damage|p1b: Crobat|90\/100|[from] Recoil\n|move|p2a: MOONWITCH|Curse|p2a: MOONWITCH\n|-unboost|p2a: MOONWITCH|spe|1\n|-boost|p2a: MOONWITCH|atk|1\n|-boost|p2a: MOONWITCH|def|1\n|\n|-heal|p1b: Crobat|96\/100|[from] item: Black Sludge\n|-heal|p2a: MOONWITCH|38\/100|[from] item: Leftovers\n|upkeep\n|\n|t:|1696457063\n|switch|p1a: Quagsire|Quagsire, M, shiny|100\/100\n|turn|5\n|c|\u2606cassinidivision|grimac\n|c|\u2606cassinidivision|e\n|c|\u2606Uncle Kars|NOT GRIMACE.......\n|c|\u2606cassinidivision|sorry i have a sticky e key\n|\n|t:|1696457091\n|move|p2b: PASTRAMI|Darkest Lariat|p1a: Quagsire\n|-damage|p1a: Quagsire|0 fnt\n|faint|p1a: Quagsire\n|-ability|p2b: PASTRAMI|Moxie|boost\n|-boost|p2b: PASTRAMI|atk|1\n|-damage|p2b: PASTRAMI|4\/100|[from] item: Life Orb\n|move|p1b: Crobat|Leech Life|p2a: MOONWITCH\n|-supereffective|p2a: MOONWITCH\n|-damage|p2a: MOONWITCH|18\/100\n|-heal|p1b: Crobat|100\/100|[from] drain|[of] p2a: MOONWITCH\n|move|p2a: MOONWITCH|Moonlight|p2a: MOONWITCH\n|-heal|p2a: MOONWITCH|68\/100\n|\n|-heal|p2a: MOONWITCH|74\/100|[from] item: Leftovers\n|upkeep\n|c|\u2606Uncle Kars|hee just ourple\n|c|\u2606Uncle Kars|DAMN PASTRAMI\n|\n|t:|1696457109\n|switch|p1a: Palossand|Palossand, F|100\/100\n|turn|6\n|c|\u2606cassinidivision|she plays hard\n|\n|t:|1696457135\n|move|p2b: PASTRAMI|Darkest Lariat|p1a: Palossand\n|-supereffective|p1a: Palossand\n|-damage|p1a: Palossand|0 fnt\n|faint|p1a: Palossand\n|-ability|p2b: PASTRAMI|Moxie|boost\n|-boost|p2b: PASTRAMI|atk|1\n|-damage|p2b: PASTRAMI|0 fnt|[from] item: Life Orb\n|faint|p2b: PASTRAMI\n|move|p1b: Crobat|Leech Life|p2a: MOONWITCH\n|-supereffective|p2a: MOONWITCH\n|-damage|p2a: MOONWITCH|55\/100\n|move|p2a: MOONWITCH|Crunch|p1b: Crobat\n|-damage|p1b: Crobat|58\/100\n|-unboost|p1b: Crobat|def|1\n|\n|-heal|p1b: Crobat|64\/100|[from] item: Black Sludge\n|-heal|p2a: MOONWITCH|61\/100|[from] item: Leftovers\n|upkeep\n|c|\u2606Uncle Kars|forgot palossand is a fucking ghost type\n|\n|t:|1696457151\n|switch|p2b: SAUCE|Muk-Alola, F|100\/100\n|switch|p1a: Torterra|Torterra, M|100\/100\n|turn|7\n|j| AutumnCookie\n|c|\u2606cassinidivision|insane to me that giacomo is canonically the weakest member of team star\n|c|\u2606cassinidivision|like yeah i changed his team a lot but.\n|c|\u2606cassinidivision|KINGAMBIT.\n|c|\u2606Uncle Kars|well you made him a fucking awesome team dude\n|c|\u2606Uncle Kars|does he have a kingambit or is it a pawniard\n|\n|t:|1696457203\n|move|p1b: Crobat|Brave Bird|p2a: MOONWITCH\n|-damage|p2a: MOONWITCH|39\/100\n|-damage|p1b: Crobat|56\/100|[from] Recoil\n|move|p1a: Torterra|Headlong Rush|p2b: SAUCE\n|-supereffective|p2b: SAUCE\n|-damage|p2b: SAUCE|0 fnt\n|-unboost|p1a: Torterra|def|1\n|-unboost|p1a: Torterra|spd|1\n|faint|p2b: SAUCE\n|move|p2a: MOONWITCH|Crunch|p1b: Crobat\n|-damage|p1b: Crobat|0 fnt\n|faint|p1b: Crobat\n|\n|-heal|p2a: MOONWITCH|45\/100|[from] item: Leftovers\n|upkeep\n|\n|t:|1696457210\n|switch|p2b: BOZZMAN|Kingambit, M|100\/100\n|-activate|p2b: BOZZMAN|ability: Supreme Overlord\n|-start|p2b: BOZZMAN|fallen3|[silent]\n|turn|8\n|\n|t:|1696457223\n|move|p2b: BOZZMAN|Sucker Punch|p1a: Torterra\n|-damage|p1a: Torterra|33\/100\n|-damage|p2b: BOZZMAN|84\/100|[from] item: Rocky Helmet|[of] p1a: Torterra\n|move|p1a: Torterra|Headlong Rush|p2b: BOZZMAN\n|-supereffective|p2b: BOZZMAN\n|-damage|p2b: BOZZMAN|0 fnt\n|-unboost|p1a: Torterra|def|1\n|-unboost|p1a: Torterra|spd|1\n|faint|p2b: BOZZMAN\n|-end|p2b: BOZZMAN|fallen3|[silent]\n|move|p2a: MOONWITCH|Crunch|p1a: Torterra\n|-damage|p1a: Torterra|0 fnt\n|-damage|p2a: MOONWITCH|28\/100|[from] item: Rocky Helmet|[of] p1a: Torterra\n|faint|p1a: Torterra\n|\n|win|cassinidivision\n|c|\u2606Uncle Kars|bye kingambit sorry\n","uploadtime":1696457238,"views":11,"p1id":"unclekars","p2id":"cassinidivision","formatid":"gen9nationaldexdoubles","rating":0,"private":0,"password":""}