{"id":"gen9nationaldexdoubles-1973521733","p1":"Sencopion","p2":"omegashenronone","format":"[Gen 9] National Dex Doubles","log":"|j|\u2606Sencopion\n|j|\u2606omegashenronone\n|t:|1697986714\n|gametype|doubles\n|player|p1|Sencopion|roxie|\n|player|p2|omegashenronone|hugh|\n|teamsize|p1|6\n|teamsize|p2|6\n|gen|9\n|tier|[Gen 9] National Dex Doubles\n|rule|HP Percentage Mod: HP is shown in percentages\n|rule|Endless Battle Clause: Forcing endless battles is banned\n|rule|OHKO Clause: OHKO moves are banned\n|rule|Evasion Moves Clause: Evasion moves are banned\n|rule|Evasion Abilities Clause: Evasion abilities are banned\n|rule|Species Clause: Limit one of each Pok\u00e9mon\n|rule|Gravity Sleep Clause: The combination of sleep-inducing moves with imperfect accuracy and Gravity or Gigantamax Orbeetle are banned\n|clearpoke\n|poke|p1|Tapu Koko|\n|poke|p1|Sneasler, F|\n|poke|p1|Lopunny, M|\n|poke|p1|Landorus-Therian, M|\n|poke|p1|Gholdengo|\n|poke|p1|Iron Jugulis|\n|poke|p2|Pelipper, M|\n|poke|p2|Gyarados, M|\n|poke|p2|Greninja-*, M|\n|poke|p2|Dracovish|\n|poke|p2|Walking Wake|\n|poke|p2|Rotom-Wash|\n|teampreview\n|inactive|Battle timer is ON: inactive players will automatically lose when time's up. (requested by Sencopion)\n|inactive|omegashenronone also wants the timer to be on.\n|\n|t:|1697986734\n|start\n|switch|p1a: Tapu Koko|Tapu Koko|100\/100\n|switch|p1b: Iron Jugulis|Iron Jugulis|100\/100\n|switch|p2a: Happy|Pelipper, M|100\/100\n|switch|p2b: Ze Fish?|Dracovish|100\/100\n|-fieldstart|move: Electric Terrain|[from] ability: Electric Surge|[of] p1a: Tapu Koko\n|-activate|p1b: Iron Jugulis|ability: Quark Drive\n|-start|p1b: Iron Jugulis|quarkdrivespe\n|-weather|RainDance|[from] ability: Drizzle|[of] p2a: Happy\n|turn|1\n|c|\u2606Sencopion|glhf\n|c|\u2606omegashenronone|You 2\n|inactive|Sencopion has 270 seconds left.\n|\n|t:|1697986789\n|-terastallize|p1b: Iron Jugulis|Flying\n|move|p1b: Iron Jugulis|Hurricane|p2b: Ze Fish?\n|-damage|p2b: Ze Fish?|0 fnt\n|faint|p2b: Ze Fish?\n|move|p1a: Tapu Koko|Reflect|p1a: Tapu Koko\n|-sidestart|p1: Sencopion|Reflect\n|move|p2a: Happy|Tailwind|p2a: Happy\n|-sidestart|p2: omegashenronone|move: Tailwind\n|\n|-weather|RainDance|[upkeep]\n|upkeep\n|\n|t:|1697986802\n|switch|p2b: Genji|Greninja, M, shiny|100\/100\n|turn|2\n|inactive|Sencopion has 270 seconds left.\n|\n|t:|1697986816\n|-end|p1b: Iron Jugulis|Quark Drive|[silent]\n|switch|p1b: Gholdengo|Gholdengo|100\/100\n|move|p2b: Genji|Ice Beam|p1b: Gholdengo\n|-start|p2b: Genji|typechange|Ice|[from] ability: Protean\n|-resisted|p1b: Gholdengo\n|-damage|p1b: Gholdengo|79\/100\n|move|p1a: Tapu Koko|Light Screen|p1a: Tapu Koko\n|-sidestart|p1: Sencopion|move: Light Screen\n|move|p2a: Happy|Icy Wind|p1a: Tapu Koko|[spread] p1a,p1b\n|-resisted|p1b: Gholdengo\n|-damage|p1a: Tapu Koko|93\/100\n|-damage|p1b: Gholdengo|77\/100\n|-unboost|p1a: Tapu Koko|spe|1\n|-unboost|p1b: Gholdengo|spe|1\n|\n|-weather|RainDance|[upkeep]\n|-heal|p1b: Gholdengo|83\/100|[from] item: Leftovers\n|upkeep\n|turn|3\n|c|\u2606omegashenronone|You knew ze fish was scarfed?\n|c|\u2606Sencopion|no\n|\n|t:|1697986837\n|switch|p2b: Former rotom phone|Rotom-Wash, shiny|100\/100\n|move|p2a: Happy|U-turn|p1b: Gholdengo\n|-resisted|p1b: Gholdengo\n|-damage|p1b: Gholdengo|82\/100\n|\n|t:|1697986852\n|switch|p2a: Waking walk|Walking Wake|100\/100|[from] U-turn\n|-enditem|p2a: Waking walk|Booster Energy\n|-activate|p2a: Waking walk|ability: Protosynthesis|[fromitem]\n|-start|p2a: Waking walk|protosynthesisspa\n|move|p1a: Tapu Koko|U-turn|p2b: Former rotom phone\n|-damage|p2b: Former rotom phone|77\/100\n|inactive|Sencopion has 270 seconds left.\n|\n|t:|1697986868\n|switch|p1a: Iron Jugulis|Iron Jugulis, tera:Flying|100\/100|[from] U-turn\n|-activate|p1a: Iron Jugulis|ability: Quark Drive\n|-start|p1a: Iron Jugulis|quarkdrivespe\n|move|p1b: Gholdengo|Make It Rain|p2a: Waking walk|[spread] p2a,p2b\n|-resisted|p2a: Waking walk\n|-resisted|p2b: Former rotom phone\n|-damage|p2a: Waking walk|76\/100\n|-damage|p2b: Former rotom phone|67\/100\n|-unboost|p1b: Gholdengo|spa|1\n|\n|-weather|RainDance|[upkeep]\n|-heal|p1b: Gholdengo|88\/100|[from] item: Leftovers\n|upkeep\n|turn|4\n|\n|t:|1697986881\n|switch|p1b: Sneasler|Sneasler, F|100\/100\n|-enditem|p1b: Sneasler|Electric Seed\n|-boost|p1b: Sneasler|def|1|[from] item: Electric Seed\n|move|p2a: Waking walk|Hydro Steam|p1a: Iron Jugulis\n|-crit|p1a: Iron Jugulis\n|-damage|p1a: Iron Jugulis|0 fnt\n|faint|p1a: Iron Jugulis\n|-end|p1a: Iron Jugulis|Quark Drive|[silent]\n|move|p2b: Former rotom phone|Thunder|p1b: Sneasler\n|-damage|p1b: Sneasler|39\/100\n|-status|p1b: Sneasler|par\n|-damage|p2b: Former rotom phone|57\/100|[from] item: Life Orb\n|\n|-weather|RainDance|[upkeep]\n|-sideend|p2: omegashenronone|move: Tailwind\n|upkeep\n|c|\u2606omegashenronone|Wait you can have 2 legendarys?\n|c|\u2606Sencopion|As many as you want\n|inactive|Sencopion has 270 seconds left.\n|c|\u2606omegashenronone|Thats unfair\n|c|\u2606Sencopion|Just not any myths\n|c|\u2606omegashenronone|Gym leaders can only have 1\n|c|\u2606Sencopion|I mean, you did build a doubles team\n|c|\u2606Sencopion|It's the same t eam for singles and doubles for me\n|inactive|Sencopion has 240 seconds left.\n|c|\u2606omegashenronone|Nope\n|c|\u2606omegashenronone|Same team for both\n|\n|t:|1697986948\n|switch|p1a: Lopunny|Lopunny, M|100\/100\n|turn|5\n|inactive|Sencopion has 240 seconds left.\n|\n|t:|1697986967\n|detailschange|p1a: Lopunny|Lopunny-Mega, M\n|-mega|p1a: Lopunny|Lopunny|Lopunnite\n|move|p1a: Lopunny|Fake Out|p2a: Waking walk\n|-damage|p2a: Waking walk|54\/100\n|cant|p1b: Sneasler|par\n|cant|p2a: Waking walk|flinch\n|move|p2b: Former rotom phone|Thunder|p1a: Lopunny\n|-damage|p1a: Lopunny|46\/100\n|-damage|p2b: Former rotom phone|47\/100|[from] item: Life Orb\n|\n|-weather|RainDance|[upkeep]\n|-fieldend|move: Electric Terrain\n|upkeep\n|turn|6\n|inactive|Sencopion has 240 seconds left.\n|\n|t:|1697987004\n|move|p1a: Lopunny|Frustration|p2a: Waking walk\n|-damage|p2a: Waking walk|0 fnt\n|faint|p2a: Waking walk\n|-end|p2a: Waking walk|Protosynthesis|[silent]\n|move|p1b: Sneasler|Close Combat|p2b: Former rotom phone\n|-damage|p2b: Former rotom phone|0 fnt\n|-unboost|p1b: Sneasler|def|1\n|-unboost|p1b: Sneasler|spd|1\n|faint|p2b: Former rotom phone\n|\n|-weather|RainDance|[upkeep]\n|upkeep\n|inactive|omegashenronone has 270 seconds left.\n|\n|t:|1697987021\n|switch|p2a: Happy|Pelipper, M|100\/100\n|switch|p2b: Genji|Greninja, M, shiny|100\/100\n|turn|7\n|inactive|Sencopion has 240 seconds left.\n|\n|t:|1697987052\n|-terastallize|p2b: Genji|Water\n|move|p1a: Lopunny|U-turn|p2b: Genji\n|-damage|p2b: Genji|57\/100\n|\n|t:|1697987058\n|switch|p1a: Tapu Koko|Tapu Koko|93\/100|[from] U-turn\n|-fieldstart|move: Electric Terrain|[from] ability: Electric Surge|[of] p1a: Tapu Koko\n|move|p2b: Genji|Scald|p1a: Tapu Koko\n|-damage|p1a: Tapu Koko|0 fnt\n|faint|p1a: Tapu Koko\n|move|p1b: Sneasler|Dire Claw|p2a: Happy\n|-damage|p2a: Happy|53\/100\n|-status|p2a: Happy|psn\n|move|p2a: Happy|Tailwind|p2a: Happy\n|-sidestart|p2: omegashenronone|move: Tailwind\n|\n|-weather|RainDance|[upkeep]\n|-damage|p2a: Happy|41\/100 psn|[from] psn\n|upkeep\n|\n|t:|1697987083\n|switch|p1a: Lopunny|Lopunny-Mega, M|46\/100\n|turn|8\n|inactive|Sencopion has 240 seconds left.\n|\n|t:|1697987091\n|switch|p2b: CHERRY|Gyarados, M, shiny|100\/100\n|-ability|p2b: CHERRY|Intimidate|boost\n|-fail|p1a: Lopunny|unboost|Attack|[from] ability: Scrappy|[of] p1a: Lopunny\n|-unboost|p1b: Sneasler|atk|1\n|move|p1a: Lopunny|Fake Out|p2b: CHERRY\n|-damage|p2b: CHERRY|73\/100\n|move|p1b: Sneasler|Dire Claw|p2b: CHERRY\n|-damage|p2b: CHERRY|36\/100\n|-status|p2b: CHERRY|par\n|move|p2a: Happy|Hurricane|p1b: Sneasler\n|-supereffective|p1b: Sneasler\n|-damage|p1b: Sneasler|0 fnt\n|faint|p1b: Sneasler\n|\n|-weather|none\n|-damage|p2a: Happy|29\/100 psn|[from] psn\n|-sideend|p1: Sencopion|Reflect\n|upkeep\n|inactive|Sencopion has 240 seconds left.\n|\n|t:|1697987110\n|switch|p1b: Gholdengo|Gholdengo|88\/100\n|turn|9\n|\n|t:|1697987121\n|move|p1a: Lopunny|Frustration|p2a: Happy\n|-damage|p2a: Happy|0 fnt\n|faint|p2a: Happy\n|move|p2b: CHERRY|Waterfall|p1a: Lopunny\n|-damage|p1a: Lopunny|0 fnt\n|faint|p1a: Lopunny\n|move|p1b: Gholdengo|Shadow Ball|p2b: CHERRY\n|-damage|p2b: CHERRY|3\/100 par\n|-unboost|p2b: CHERRY|spd|1\n|\n|-heal|p1b: Gholdengo|94\/100|[from] item: Leftovers\n|-sideend|p1: Sencopion|move: Light Screen\n|upkeep\n|inactive|Sencopion has 270 seconds left.\n|\n|t:|1697987129\n|switch|p1a: Landorus|Landorus-Therian, M|100\/100\n|switch|p2a: Genji|Greninja, M, shiny, tera:Water|57\/100\n|-ability|p1a: Landorus|Intimidate|boost\n|-unboost|p2a: Genji|atk|1\n|-unboost|p2b: CHERRY|atk|1\n|turn|10\n|\n|t:|1697987157\n|detailschange|p2b: CHERRY|Gyarados-Mega, M, shiny\n|-mega|p2b: CHERRY|Gyarados|Gyaradosite\n|-ability|p2b: CHERRY|Mold Breaker\n|move|p2a: Genji|Scald|p1b: Gholdengo\n|-damage|p1b: Gholdengo|42\/100\n|move|p2b: CHERRY|Waterfall|p1a: Landorus\n|-supereffective|p1a: Landorus\n|-damage|p1a: Landorus|50\/100\n|-damage|p2b: CHERRY|0 fnt|[from] item: Rocky Helmet|[of] p1a: Landorus\n|faint|p2b: CHERRY\n|move|p1a: Landorus|U-turn|p2a: Genji\n|-damage|p2a: Genji|20\/100\n|move|p1b: Gholdengo|Shadow Ball|p2a: Genji\n|-damage|p2a: Genji|0 fnt\n|faint|p2a: Genji\n|\n|win|Sencopion\n|c|\u2606Sencopion|gg wp\n|c|\u2606omegashenronone|Good gamw\n|l|\u2606omegashenronone\n|l|\u2606Sencopion\n|j|\u2606Sencopion\n|player|p1|Sencopion|roxie\n|l|\u2606Sencopion\n|player|p1|\n|j|\u2606Sencopion\n|player|p1|Sencopion|roxie\n","uploadtime":1697987188,"views":12,"p1id":"sencopion","p2id":"omegashenronone","formatid":"gen9nationaldexdoubles","rating":0,"private":0,"password":""}