{"id":"gen9nationaldexdoubles-1973181238","p1":"Camdar","p2":"Relleth","format":"[Gen 9] National Dex Doubles","log":"|j|\u2606Camdar\n|j|\u2606Relleth\n|t:|1697936582\n|gametype|doubles\n|player|p1|Camdar|hilda|\n|player|p2|Relleth|wallace|\n|teamsize|p1|6\n|teamsize|p2|6\n|gen|9\n|tier|[Gen 9] National Dex Doubles\n|rule|HP Percentage Mod: HP is shown in percentages\n|rule|Endless Battle Clause: Forcing endless battles is banned\n|rule|OHKO Clause: OHKO moves are banned\n|rule|Evasion Moves Clause: Evasion moves are banned\n|rule|Evasion Abilities Clause: Evasion abilities are banned\n|rule|Species Clause: Limit one of each Pok\u00e9mon\n|rule|Gravity Sleep Clause: The combination of sleep-inducing moves with imperfect accuracy and Gravity or Gigantamax Orbeetle are banned\n|clearpoke\n|poke|p1|Kleavor, M|\n|poke|p1|Garchomp, M|\n|poke|p1|Flamigo, F|\n|poke|p1|Gholdengo|\n|poke|p1|Vivillon-Ocean, M|\n|poke|p1|Clefable, M|\n|poke|p2|Grimmsnarl, M|\n|poke|p2|Mew|\n|poke|p2|Iron Thorns|\n|poke|p2|Pincurchin, F|\n|poke|p2|Sneasler, F|\n|poke|p2|Chi-Yu|\n|teampreview\n|j| SgtSmilies\n|\n|t:|1697936594\n|start\n|switch|p1a: can i axe u|Kleavor, M|100\/100\n|switch|p1b: CIefairy|Vivillon-Ocean, M|100\/100\n|switch|p2a: Golden Thorns|Iron Thorns, shiny|100\/100\n|switch|p2b: Golden Fish|Chi-Yu|100\/100\n|-ability|p2b: Golden Fish|Beads of Ruin\n|turn|1\n|\n|t:|1697936606\n|move|p1b: CIefairy|Rage Powder|p1b: CIefairy\n|-singleturn|p1b: CIefairy|move: Rage Powder\n|move|p1a: can i axe u|Stone Axe|p2b: Golden Fish\n|-supereffective|p2b: Golden Fish\n|-damage|p2b: Golden Fish|0 fnt\n|-sidestart|p2: Relleth|move: Stealth Rock\n|faint|p2b: Golden Fish\n|move|p2a: Golden Thorns|Dragon Dance|p2a: Golden Thorns\n|-boost|p2a: Golden Thorns|atk|1\n|-boost|p2a: Golden Thorns|spe|1\n|\n|upkeep\n|\n|t:|1697936635\n|switch|p2b: Golden Pickle|Pincurchin, F, shiny|100\/100\n|-damage|p2b: Golden Pickle|88\/100|[from] Stealth Rock\n|-fieldstart|move: Electric Terrain|[from] ability: Electric Surge|[of] p2b: Golden Pickle\n|-activate|p2a: Golden Thorns|ability: Quark Drive\n|-start|p2a: Golden Thorns|quarkdriveatk\n|turn|2\n|\n|t:|1697936648\n|move|p1a: can i axe u|Stone Axe|p2a: Golden Thorns|[miss]\n|-miss|p1a: can i axe u|p2a: Golden Thorns\n|move|p2a: Golden Thorns|Rock Slide|p1a: can i axe u|[spread] p1a,p1b\n|-supereffective|p1a: can i axe u\n|-supereffective|p1b: CIefairy\n|-damage|p1a: can i axe u|0 fnt\n|-enditem|p1b: CIefairy|Focus Sash\n|-damage|p1b: CIefairy|1\/100\n|faint|p1a: can i axe u\n|cant|p1b: CIefairy|flinch\n|move|p2b: Golden Pickle|Muddy Water|p1b: CIefairy\n|-damage|p1b: CIefairy|0 fnt\n|faint|p1b: CIefairy\n|\n|upkeep\n|c|\u2606Camdar|of course.\n|\n|t:|1697936664\n|switch|p1b: silverstop|Gholdengo|100\/100\n|switch|p1a: underused|Garchomp, M|100\/100\n|-item|p1b: silverstop|Air Balloon\n|turn|3\n|\n|t:|1697936698\n|move|p1b: silverstop|Protect|p1b: silverstop\n|-singleturn|p1b: silverstop|Protect\n|move|p2a: Golden Thorns|Ice Punch|p1a: underused\n|-supereffective|p1a: underused\n|-damage|p1a: underused|0 fnt\n|-damage|p2a: Golden Thorns|88\/100|[from] ability: Rough Skin|[of] p1a: underused\n|faint|p1a: underused\n|move|p2b: Golden Pickle|Muddy Water|p1b: silverstop\n|-activate|p1b: silverstop|move: Protect\n|\n|upkeep\n|\n|t:|1697936708\n|switch|p1a: sad|Clefable, M|100\/100\n|turn|4\n|\n|t:|1697936717\n|move|p1a: sad|Follow Me|p1a: sad\n|-singleturn|p1a: sad|move: Follow Me\n|move|p2a: Golden Thorns|Rock Slide|p1a: sad|[spread] p1a,p1b\n|-resisted|p1b: silverstop\n|-damage|p1a: sad|70\/100\n|-damage|p1b: silverstop|68\/100\n|-enditem|p1b: silverstop|Air Balloon\n|cant|p1b: silverstop|flinch\n|move|p2b: Golden Pickle|Muddy Water|p1b: silverstop|[spread] p1a,p1b\n|-damage|p1a: sad|52\/100\n|-damage|p1b: silverstop|47\/100\n|-unboost|p1a: sad|accuracy|1\n|\n|-heal|p1a: sad|58\/100|[from] item: Leftovers\n|upkeep\n|turn|5\n|\n|t:|1697936734\n|move|p1b: silverstop|Protect|p1b: silverstop\n|-singleturn|p1b: silverstop|Protect\n|move|p2a: Golden Thorns|Earthquake|p1b: silverstop|[spread] p2b,p1a\n|-activate|p1b: silverstop|move: Protect\n|-supereffective|p2b: Golden Pickle\n|-damage|p2b: Golden Pickle|0 fnt\n|-damage|p1a: sad|31\/100\n|faint|p2b: Golden Pickle\n|move|p1a: sad|Psych Up|p2a: Golden Thorns\n|-copyboost|p1a: sad|p2a: Golden Thorns|[from] move: Psych Up\n|\n|-heal|p1a: sad|37\/100|[from] item: Leftovers\n|upkeep\n|\n|t:|1697936745\n|switch|p2b: Golden Mirage|Mew|100\/100\n|-damage|p2b: Golden Mirage|88\/100|[from] Stealth Rock\n|turn|6\n|c| SgtSmilies|YOOOO\n|\n|t:|1697936760\n|switch|p1b: REAL??|Flamigo, F|100\/100\n|move|p2b: Golden Mirage|Snatch|p2b: Golden Mirage\n|-singleturn|p2b: Golden Mirage|Snatch\n|move|p2a: Golden Thorns|Rock Slide|p1b: REAL??|[spread] p1a,p1b\n|-damage|p1a: sad|6\/100\n|-damage|p1b: REAL??|37\/100\n|move|p1a: sad|Soft-Boiled|p1a: sad\n|-activate|p2b: Golden Mirage|move: Snatch|[of] p1a: sad\n|move|p2b: Golden Mirage|Soft-Boiled|p2b: Golden Mirage|[from]Snatch\n|-heal|p2b: Golden Mirage|100\/100\n|\n|-heal|p1a: sad|12\/100|[from] item: Leftovers\n|-fieldend|move: Electric Terrain\n|-end|p2a: Golden Thorns|Quark Drive\n|upkeep\n|turn|7\n|c|\u2606Camdar|im gonna lose anyway\n|\n|t:|1697936777\n|move|p1a: sad|Follow Me|p1a: sad\n|-singleturn|p1a: sad|move: Follow Me\n|move|p2a: Golden Thorns|Rock Slide|p1b: REAL??|[spread] p1a,p1b\n|-damage|p1a: sad|0 fnt\n|-damage|p1b: REAL??|0 fnt\n|faint|p1a: sad\n|faint|p1b: REAL??\n|move|p2b: Golden Mirage|Tailwind|p2b: Golden Mirage\n|-sidestart|p2: Relleth|move: Tailwind\n|\n|upkeep\n|\n|t:|1697936796\n|switch|p1b: silverstop|Gholdengo|47\/100\n|turn|8\n|\n|t:|1697936807\n|-terastallize|p2a: Golden Thorns|Flying\n|move|p2a: Golden Thorns|Earthquake|p1b: silverstop|[spread] p2b,p1b\n|-supereffective|p1b: silverstop\n|-damage|p2b: Golden Mirage|59\/100\n|-damage|p1b: silverstop|0 fnt\n|faint|p1b: silverstop\n|\n|win|Relleth\n|l|\u2606Camdar\n","uploadtime":1697936815,"views":17,"p1id":"camdar","p2id":"relleth","formatid":"gen9nationaldexdoubles","rating":0,"private":0,"password":""}