{"id":"gen9nationaldexdoubles-1949027207","p1":"Theadonia","p2":"nguyenandy1","format":"[Gen 9] National Dex Doubles","log":"|j|\u2606Theadonia\n|j|\u203dnguyenandy1\n|t:|1695320316\n|gametype|doubles\n|player|p1|Theadonia|caitlin|1106\n|player|p2|nguyenandy1|170|1029\n|teamsize|p1|6\n|teamsize|p2|6\n|gen|9\n|tier|[Gen 9] National Dex Doubles\n|rated|\n|rule|HP Percentage Mod: HP is shown in percentages\n|rule|Endless Battle Clause: Forcing endless battles is banned\n|rule|OHKO Clause: OHKO moves are banned\n|rule|Evasion Moves Clause: Evasion moves are banned\n|rule|Evasion Abilities Clause: Evasion abilities are banned\n|rule|Species Clause: Limit one of each Pok\u00e9mon\n|rule|Gravity Sleep Clause: The combination of sleep-inducing moves with imperfect accuracy and Gravity or Gigantamax Orbeetle are banned\n|clearpoke\n|poke|p1|Banette, F|\n|poke|p1|Oricorio-Pom-Pom, F|\n|poke|p1|Kommo-o, F|\n|poke|p1|Liepard, M|\n|poke|p1|Stakataka|\n|poke|p1|Sneasler, F|\n|poke|p2|Brute Bonnet|\n|poke|p2|Kingambit, M|\n|poke|p2|Murkrow, M|\n|poke|p2|Flutter Mane|\n|poke|p2|Empoleon, M|\n|poke|p2|Thundurus, M|\n|teampreview\n|\n|t:|1695320326\n|start\n|switch|p1a: I\u2019m sorry in adv|Oricorio-Pom-Pom, F, shiny|100\/100\n|switch|p1b: uwontbreakmy|Kommo-o, F, shiny|100\/100\n|switch|p2a: Empoleon|Empoleon, M|100\/100\n|switch|p2b: Murkrow|Murkrow, M, shiny|100\/100\n|turn|1\n|\n|t:|1695320337\n|move|p2b: Murkrow|Tailwind|p2b: Murkrow\n|-sidestart|p2: nguyenandy1|move: Tailwind\n|move|p2a: Empoleon|Drill Peck|p1b: uwontbreakmy\n|-supereffective|p1b: uwontbreakmy\n|-damage|p1b: uwontbreakmy|60\/100\n|move|p1b: uwontbreakmy|Drain Punch|p2a: Empoleon\n|-supereffective|p2a: Empoleon\n|-damage|p2a: Empoleon|26\/100\n|-heal|p1b: uwontbreakmy|100\/100|[from] drain|[of] p2a: Empoleon\n|move|p1a: I\u2019m sorry in adv|Revelation Dance|p2b: Murkrow\n|-supereffective|p2b: Murkrow\n|-damage|p2b: Murkrow|33\/100\n|\n|-heal|p2a: Empoleon|32\/100|[from] item: Leftovers\n|upkeep\n|turn|2\n|\n|t:|1695320370\n|move|p2b: Murkrow|Toxic|p1b: uwontbreakmy\n|-status|p1b: uwontbreakmy|tox\n|move|p2a: Empoleon|Drill Peck|p1b: uwontbreakmy\n|-supereffective|p1b: uwontbreakmy\n|-damage|p1b: uwontbreakmy|60\/100 tox\n|move|p1b: uwontbreakmy|Drain Punch|p2b: Murkrow\n|-damage|p2b: Murkrow|0 fnt\n|-heal|p1b: uwontbreakmy|78\/100 tox|[from] drain|[of] p2b: Murkrow\n|faint|p2b: Murkrow\n|move|p1a: I\u2019m sorry in adv|Revelation Dance|p2a: Empoleon\n|-supereffective|p2a: Empoleon\n|-damage|p2a: Empoleon|0 fnt\n|faint|p2a: Empoleon\n|\n|-damage|p1b: uwontbreakmy|72\/100 tox|[from] psn\n|upkeep\n|\n|t:|1695320426\n|switch|p2b: Flutter Mane|Flutter Mane|100\/100\n|switch|p2a: Brute Bonnet|Brute Bonnet, shiny|100\/100\n|turn|3\n|\n|t:|1695320450\n|-end|p2a: Brute Bonnet|Protosynthesis|[silent]\n|switch|p2a: Thundurus|Thundurus, M|100\/100\n|-terastallize|p1a: I\u2019m sorry in adv|Grass\n|move|p2b: Flutter Mane|Moonblast|p1b: uwontbreakmy\n|-supereffective|p1b: uwontbreakmy\n|-damage|p1b: uwontbreakmy|0 fnt\n|faint|p1b: uwontbreakmy\n|move|p1a: I\u2019m sorry in adv|Quiver Dance|p1a: I\u2019m sorry in adv\n|-boost|p1a: I\u2019m sorry in adv|spa|1\n|-boost|p1a: I\u2019m sorry in adv|spd|1\n|-boost|p1a: I\u2019m sorry in adv|spe|1\n|\n|upkeep\n|\n|t:|1695320457\n|switch|p1b: Liepard|Liepard, M|100\/100\n|turn|4\n|\n|t:|1695320491\n|-terastallize|p2a: Thundurus|Fighting\n|move|p1b: Liepard|Role Play|p1a: I\u2019m sorry in adv\n|-endability|p1b: Liepard|Prankster|[from] move: Role Play\n|-ability|p1b: Liepard|Dancer|[from] move: Role Play|[of] p1a: I\u2019m sorry in adv\n|move|p2a: Thundurus|Tera Blast|p1b: Liepard|[anim] Tera Blast Fighting\n|-supereffective|p1b: Liepard\n|-damage|p1b: Liepard|0 fnt\n|faint|p1b: Liepard\n|move|p2b: Flutter Mane|Mystical Fire|p1a: I\u2019m sorry in adv\n|-supereffective|p1a: I\u2019m sorry in adv\n|-damage|p1a: I\u2019m sorry in adv|54\/100\n|-unboost|p1a: I\u2019m sorry in adv|spa|1\n|move|p1a: I\u2019m sorry in adv|Revelation Dance|p2b: Flutter Mane\n|-damage|p2b: Flutter Mane|73\/100\n|\n|-heal|p2b: Flutter Mane|79\/100|[from] item: Leftovers\n|-sideend|p2: nguyenandy1|move: Tailwind\n|upkeep\n|\n|t:|1695320505\n|switch|p1b: Millennium Puzzle|Stakataka, shiny|100\/100\n|turn|5\n|\n|t:|1695320517\n|move|p1a: I\u2019m sorry in adv|Quiver Dance|p1a: I\u2019m sorry in adv\n|-boost|p1a: I\u2019m sorry in adv|spa|1\n|-boost|p1a: I\u2019m sorry in adv|spd|1\n|-boost|p1a: I\u2019m sorry in adv|spe|1\n|move|p2a: Thundurus|Tera Blast|p1b: Millennium Puzzle|[anim] Tera Blast Fighting\n|-supereffective|p1b: Millennium Puzzle\n|-damage|p1b: Millennium Puzzle|0 fnt\n|faint|p1b: Millennium Puzzle\n|move|p2b: Flutter Mane|Mystical Fire|p1a: I\u2019m sorry in adv\n|-supereffective|p1a: I\u2019m sorry in adv\n|-damage|p1a: I\u2019m sorry in adv|15\/100\n|-unboost|p1a: I\u2019m sorry in adv|spa|1\n|-enditem|p1a: I\u2019m sorry in adv|Sitrus Berry|[eat]\n|-heal|p1a: I\u2019m sorry in adv|39\/100|[from] item: Sitrus Berry\n|\n|-heal|p2b: Flutter Mane|85\/100|[from] item: Leftovers\n|upkeep\n|\n|t:|1695320524\n|switch|p1b: budtender|Sneasler, F|100\/100\n|turn|6\n|\n|t:|1695320557\n|switch|p2a: Brute Bonnet|Brute Bonnet, shiny|100\/100\n|move|p1a: I\u2019m sorry in adv|Air Slash|p2a: Brute Bonnet\n|-supereffective|p2a: Brute Bonnet\n|-damage|p2a: Brute Bonnet|61\/100\n|move|p1b: budtender|Fling|p2b: Flutter Mane\n|-damage|p2b: Flutter Mane|0 fnt\n|-enditem|p1b: budtender|Big Nugget|[from] move: Fling\n|faint|p2b: Flutter Mane\n|-end|p2b: Flutter Mane|Protosynthesis|[silent]\n|\n|-heal|p2a: Brute Bonnet|67\/100|[from] item: Leftovers\n|upkeep\n|\n|t:|1695320568\n|switch|p2b: Thundurus|Thundurus, M, tera:Fighting|100\/100\n|turn|7\n|\n|t:|1695320593\n|move|p1b: budtender|Close Combat|p2a: Brute Bonnet\n|-supereffective|p2a: Brute Bonnet\n|-damage|p2a: Brute Bonnet|0 fnt\n|-unboost|p1b: budtender|def|1\n|-unboost|p1b: budtender|spd|1\n|faint|p2a: Brute Bonnet\n|-end|p2a: Brute Bonnet|Protosynthesis|[silent]\n|move|p1a: I\u2019m sorry in adv|Air Slash|p2b: Thundurus\n|-supereffective|p2b: Thundurus\n|-damage|p2b: Thundurus|32\/100\n|move|p2b: Thundurus|Tera Blast|p1a: I\u2019m sorry in adv|[anim] Tera Blast Fighting\n|-damage|p1a: I\u2019m sorry in adv|13\/100\n|\n|-heal|p2b: Thundurus|38\/100|[from] item: Leftovers\n|upkeep\n|\n|t:|1695320604\n|switch|p2a: Kingambit|Kingambit, M|100\/100\n|-activate|p2a: Kingambit|ability: Supreme Overlord\n|-start|p2a: Kingambit|fallen4|[silent]\n|turn|8\n|\n|t:|1695320618\n|move|p1b: budtender|Close Combat|p2a: Kingambit\n|-supereffective|p2a: Kingambit\n|-damage|p2a: Kingambit|0 fnt\n|-unboost|p1b: budtender|def|1\n|-unboost|p1b: budtender|spd|1\n|faint|p2a: Kingambit\n|-end|p2a: Kingambit|fallen4|[silent]\n|move|p1a: I\u2019m sorry in adv|Quiver Dance|p1a: I\u2019m sorry in adv\n|-boost|p1a: I\u2019m sorry in adv|spa|1\n|-boost|p1a: I\u2019m sorry in adv|spd|1\n|-boost|p1a: I\u2019m sorry in adv|spe|1\n|move|p2b: Thundurus|Sludge Bomb|p1a: I\u2019m sorry in adv\n|-supereffective|p1a: I\u2019m sorry in adv\n|-damage|p1a: I\u2019m sorry in adv|0 fnt\n|faint|p1a: I\u2019m sorry in adv\n|\n|-heal|p2b: Thundurus|44\/100|[from] item: Leftovers\n|upkeep\n|\n|t:|1695320625\n|switch|p1a: This is prob bad|Banette, F, shiny|100\/100\n|turn|9\n|\n|t:|1695320638\n|detailschange|p1a: This is prob bad|Banette-Mega, F, shiny\n|-mega|p1a: This is prob bad|Banette|Banettite\n|move|p1b: budtender|Close Combat|p2b: Thundurus\n|-damage|p2b: Thundurus|0 fnt\n|-unboost|p1b: budtender|def|1\n|-unboost|p1b: budtender|spd|1\n|faint|p2b: Thundurus\n|\n|win|Theadonia\n|raw|Theadonia's rating: 1106 &rarr; <strong>1126<\/strong><br \/>(+20 for winning)\n|raw|nguyenandy1's rating: 1029 &rarr; <strong>1018<\/strong><br \/>(-11 for losing)\n|l|\u203dnguyenandy1\n","uploadtime":1695320649,"views":6,"p1id":"theadonia","p2id":"nguyenandy1","formatid":"gen9nationaldexdoubles","rating":1018,"private":0,"password":""}