{"id":"gen9nationaldexdoubles-1995603000","p1":"Inkubone","p2":"Inimicus2000","format":"[Gen 9] National Dex Doubles","log":"|j|\u2606Inkubone\n|j|\u2606Inimicus2000\n|t:|1700586644\n|gametype|doubles\n|player|p1|Inkubone|yellow|1302\n|player|p2|Inimicus2000|101|1534\n|teamsize|p1|6\n|teamsize|p2|6\n|gen|9\n|tier|[Gen 9] National Dex Doubles\n|rated|\n|rule|HP Percentage Mod: HP is shown in percentages\n|rule|Endless Battle Clause: Forcing endless battles is banned\n|rule|OHKO Clause: OHKO moves are banned\n|rule|Evasion Moves Clause: Evasion moves are banned\n|rule|Evasion Abilities Clause: Evasion abilities are banned\n|rule|Species Clause: Limit one of each Pok\u00e9mon\n|rule|Gravity Sleep Clause: The combination of sleep-inducing moves with imperfect accuracy and Gravity or Gigantamax Orbeetle are banned\n|clearpoke\n|poke|p1|Ninetales-Alola, F|\n|poke|p1|Moltres-Galar|\n|poke|p1|Zoroark-Hisui, M|\n|poke|p1|Tauros-Paldea-Blaze, M|\n|poke|p1|Sinistcha-Masterpiece|\n|poke|p1|Clodsire, M|\n|poke|p2|Flutter Mane|\n|poke|p2|Deoxys-Attack|\n|poke|p2|Charizard, F|\n|poke|p2|Shaymin-Sky|\n|poke|p2|Chi-Yu|\n|poke|p2|Walking Wake|\n|teampreview\n|inactive|Battle timer is ON: inactive players will automatically lose when time's up. (requested by Inimicus2000)\n|\n|t:|1700586664\n|start\n|switch|p1a: Paldea|Tauros-Paldea-Blaze, M|100\/100\n|switch|p1b: Galar|Moltres-Galar|100\/100\n|switch|p2a: Charizard|Charizard, F, shiny|100\/100\n|switch|p2b: Chi-Yu|Chi-Yu|100\/100\n|-ability|p2b: Chi-Yu|Beads of Ruin\n|-ability|p1a: Paldea|Intimidate|boost\n|-unboost|p2a: Charizard|atk|1\n|-unboost|p2b: Chi-Yu|atk|1\n|turn|1\n|\n|t:|1700586686\n|detailschange|p2a: Charizard|Charizard-Mega-Y, F, shiny\n|-mega|p2a: Charizard|Charizard|Charizardite Y\n|-weather|SunnyDay|[from] ability: Drought|[of] p2a: Charizard\n|-terastallize|p2b: Chi-Yu|Fire\n|move|p2b: Chi-Yu|Heat Wave|p1a: Paldea|[spread] p1b\n|-miss|p2b: Chi-Yu|p1a: Paldea\n|-enditem|p1b: Galar|Focus Sash\n|-damage|p1b: Galar|1\/100\n|replace|p1b: Hisui|Zoroark-Hisui, M\n|-end|p1b: Hisui|Illusion\n|move|p1b: Hisui|Icy Wind|p2a: Charizard|[spread] p2a,p2b\n|-crit|p2a: Charizard\n|-resisted|p2b: Chi-Yu\n|-damage|p2a: Charizard|70\/100\n|-damage|p2b: Chi-Yu|93\/100\n|-unboost|p2a: Charizard|spe|1\n|-unboost|p2b: Chi-Yu|spe|1\n|move|p1a: Paldea|Close Combat|p2b: Chi-Yu\n|-damage|p2b: Chi-Yu|4\/100\n|-unboost|p1a: Paldea|def|1\n|-unboost|p1a: Paldea|spd|1\n|move|p2a: Charizard|Heat Wave|p1a: Paldea|[spread] p1a\n|-miss|p2a: Charizard|p1b: Hisui\n|-resisted|p1a: Paldea\n|-crit|p1a: Paldea\n|-damage|p1a: Paldea|0 fnt\n|faint|p1a: Paldea\n|\n|-weather|SunnyDay|[upkeep]\n|upkeep\n|inactive|Inkubone has 120 seconds left.\n|\n|t:|1700586707\n|switch|p1a: Alola|Ninetales-Alola, F|100\/100\n|-weather|Snow|[from] ability: Snow Warning|[of] p1a: Alola\n|turn|2\n|\n|t:|1700586723\n|switch|p2b: Walking Wake|Walking Wake|100\/100\n|switch|p2a: Flutter Mane|Flutter Mane|100\/100\n|move|p1b: Hisui|Hyper Voice|p2b: Walking Wake|[spread] p2b\n|-immune|p2a: Flutter Mane\n|-damage|p2b: Walking Wake|62\/100\n|move|p1a: Alola|Aurora Veil|p1a: Alola\n|-sidestart|p1: Inkubone|move: Aurora Veil\n|\n|-weather|Snow|[upkeep]\n|upkeep\n|turn|3\n|\n|t:|1700586749\n|move|p2a: Flutter Mane|Dazzling Gleam|p1b: Hisui|[spread] p1a,p1b\n|-damage|p1a: Alola|70\/100\n|-damage|p1b: Hisui|0 fnt\n|faint|p1b: Hisui\n|-damage|p2a: Flutter Mane|91\/100|[from] item: Life Orb\n|move|p2b: Walking Wake|Hydro Steam|p1a: Alola\n|-damage|p1a: Alola|25\/100\n|-damage|p2b: Walking Wake|53\/100|[from] item: Life Orb\n|move|p1a: Alola|Blizzard|p2a: Flutter Mane|[spread] p2a,p2b\n|-damage|p2a: Flutter Mane|60\/100\n|-damage|p2b: Walking Wake|16\/100\n|\n|-weather|Snow|[upkeep]\n|upkeep\n|\n|t:|1700586755\n|switch|p1b: Convergent|Sinistcha-Masterpiece|100\/100\n|-heal|p1a: Alola|50\/100|[from] ability: Hospitality|[of] p1b: Convergent\n|turn|4\n|\n|t:|1700586780\n|move|p2a: Flutter Mane|Dazzling Gleam|p1a: Alola|[spread] p1a,p1b\n|-damage|p1a: Alola|18\/100\n|-damage|p1b: Convergent|68\/100\n|-damage|p2a: Flutter Mane|50\/100|[from] item: Life Orb\n|move|p1a: Alola|Blizzard|p2b: Walking Wake|[spread] p2a,p2b\n|-damage|p2a: Flutter Mane|19\/100\n|-damage|p2b: Walking Wake|0 fnt\n|faint|p2b: Walking Wake\n|-end|p2b: Walking Wake|Protosynthesis|[silent]\n|move|p1b: Convergent|Matcha Gotcha|p2a: Flutter Mane\n|-damage|p2a: Flutter Mane|0 fnt\n|-heal|p1b: Convergent|75\/100|[from] drain|[of] p2a: Flutter Mane\n|faint|p2a: Flutter Mane\n|-end|p2a: Flutter Mane|Protosynthesis|[silent]\n|\n|-weather|Snow|[upkeep]\n|-heal|p1b: Convergent|81\/100|[from] item: Leftovers\n|upkeep\n|\n|t:|1700586794\n|switch|p2a: Charizard|Charizard-Mega-Y, F, shiny|70\/100\n|switch|p2b: Deoxys|Deoxys-Attack, shiny|100\/100\n|-ability|p2b: Deoxys|Pressure\n|-weather|SunnyDay|[from] ability: Drought|[of] p2a: Charizard\n|turn|5\n|\n|t:|1700586817\n|switch|p1a: Regional evo|Clodsire, M|100\/100\n|move|p2b: Deoxys|Extreme Speed|p1a: Regional evo\n|-damage|p1a: Regional evo|78\/100\n|move|p2a: Charizard|Heat Wave|p1a: Regional evo|[spread] p1a,p1b\n|-supereffective|p1b: Convergent\n|-damage|p1a: Regional evo|54\/100\n|-damage|p1b: Convergent|0 fnt\n|faint|p1b: Convergent\n|\n|-weather|SunnyDay|[upkeep]\n|-heal|p1a: Regional evo|60\/100|[from] item: Black Sludge\n|upkeep\n|\n|t:|1700586826\n|switch|p1b: Alola|Ninetales-Alola, F|18\/100\n|-weather|Snow|[from] ability: Snow Warning|[of] p1b: Alola\n|turn|6\n|\n|t:|1700586843\n|switch|p2a: Shaymin|Shaymin-Sky, shiny|100\/100\n|move|p2b: Deoxys|Extreme Speed|p1b: Alola\n|-damage|p1b: Alola|0 fnt\n|faint|p1b: Alola\n|move|p1a: Regional evo|Rock Slide|p2a: Shaymin|[spread] p2a,p2b\n|-supereffective|p2a: Shaymin\n|-damage|p2a: Shaymin|72\/100\n|-damage|p2b: Deoxys|47\/100\n|\n|-weather|Snow|[upkeep]\n|-heal|p1a: Regional evo|66\/100|[from] item: Black Sludge\n|upkeep\n|\n|t:|1700586853\n|switch|p1b: Galar|Moltres-Galar|100\/100\n|turn|7\n|\n|t:|1700586866\n|switch|p2b: Charizard|Charizard-Mega-Y, F, shiny|70\/100\n|-weather|SunnyDay|[from] ability: Drought|[of] p2b: Charizard\n|move|p2a: Shaymin|Solar Beam||[still]\n|-prepare|p2a: Shaymin|Solar Beam\n|-anim|p2a: Shaymin|Solar Beam|p1a: Regional evo\n|-damage|p1a: Regional evo|37\/100\n|-damage|p2a: Shaymin|62\/100|[from] item: Life Orb\n|move|p1b: Galar|Agility|p1b: Galar\n|-boost|p1b: Galar|spe|2\n|move|p1a: Regional evo|Rock Slide|p2b: Charizard|[spread] p2a,p2b\n|-supereffective|p2a: Shaymin\n|-supereffective|p2b: Charizard\n|-damage|p2a: Shaymin|34\/100\n|-damage|p2b: Charizard|8\/100\n|\n|-weather|SunnyDay|[upkeep]\n|-heal|p1a: Regional evo|43\/100|[from] item: Black Sludge\n|upkeep\n|turn|8\n|\n|t:|1700586892\n|move|p1b: Galar|Fiery Wrath|p2b: Charizard|[spread] p2a,p2b\n|-damage|p2a: Shaymin|0 fnt\n|-damage|p2b: Charizard|0 fnt\n|faint|p2a: Shaymin\n|faint|p2b: Charizard\n|move|p1a: Regional evo|Recover|p1a: Regional evo\n|-heal|p1a: Regional evo|93\/100\n|\n|-weather|SunnyDay|[upkeep]\n|-heal|p1a: Regional evo|99\/100|[from] item: Black Sludge\n|upkeep\n|inactive|Inimicus2000 has 120 seconds left.\n|\n|t:|1700586903\n|switch|p2a: Chi-Yu|Chi-Yu, tera:Fire|4\/100\n|switch|p2b: Deoxys|Deoxys-Attack, shiny|47\/100\n|-ability|p2a: Chi-Yu|Beads of Ruin\n|-ability|p2b: Deoxys|Pressure\n|turn|9\n|\n|t:|1700586913\n|move|p2b: Deoxys|Extreme Speed|p1b: Galar\n|-damage|p1b: Galar|77\/100\n|move|p1b: Galar|Fiery Wrath|p2b: Deoxys|[spread] p2a,p2b\n|-supereffective|p2b: Deoxys\n|-damage|p2a: Chi-Yu|0 fnt\n|-damage|p2b: Deoxys|0 fnt\n|faint|p2a: Chi-Yu\n|faint|p2b: Deoxys\n|\n|win|Inkubone\n|raw|Inkubone's rating: 1302 &rarr; <strong>1334<\/strong><br \/>(+32 for winning)\n|raw|Inimicus2000's rating: 1534 &rarr; <strong>1502<\/strong><br \/>(-32 for losing)\n|l|\u2606Inimicus2000\n|l|\u2606Inkubone\n|j|\u2606Inkubone\n|player|p1|Inkubone|yellow\n","uploadtime":1700587144,"views":0,"p1id":"inkubone","p2id":"inimicus2000","formatid":"gen9nationaldexdoubles","rating":1334,"private":0,"password":""}