{"id":"gen9nationaldexdoubles-1965492685","p1":"Phenixclause","p2":"Zera & Lucy","format":"[Gen 9] National Dex Doubles","log":"|j|\u2606Phenixclause\n|j|\u2606Zera & Lucy\n|t:|1697079076\n|gametype|doubles\n|player|p1|Phenixclause|2|1157\n|player|p2|Zera & Lucy|cynthia|1148\n|teamsize|p1|6\n|teamsize|p2|6\n|gen|9\n|tier|[Gen 9] National Dex Doubles\n|rated|\n|rule|HP Percentage Mod: HP is shown in percentages\n|rule|Endless Battle Clause: Forcing endless battles is banned\n|rule|OHKO Clause: OHKO moves are banned\n|rule|Evasion Moves Clause: Evasion moves are banned\n|rule|Evasion Abilities Clause: Evasion abilities are banned\n|rule|Species Clause: Limit one of each Pok\u00e9mon\n|rule|Gravity Sleep Clause: The combination of sleep-inducing moves with imperfect accuracy and Gravity or Gigantamax Orbeetle are banned\n|clearpoke\n|poke|p1|Espathra, F|\n|poke|p1|Garchomp, F|\n|poke|p1|Moltres-Galar|\n|poke|p1|Urshifu-*, M|\n|poke|p1|Sinistcha|\n|poke|p1|Indeedee-F, F|\n|poke|p2|Umbreon, F|\n|poke|p2|Goodra-Hisui, F|\n|poke|p2|Amoonguss, F|\n|poke|p2|Zapdos|\n|poke|p2|Slowbro, F|\n|poke|p2|Basculegion, M|\n|teampreview\n|inactive|Battle timer is ON: inactive players will automatically lose when time's up. (requested by Zera & Lucy)\n|inactive|Zera & Lucy has 120 seconds left.\n|\n|t:|1697079123\n|start\n|switch|p1a: Not stored|Espathra, F|100\/100\n|switch|p1b: MUAHAHAHHAHAHA|Garchomp, F|100\/100\n|switch|p2a: Zapdos|Zapdos|100\/100\n|switch|p2b: Amoonguss|Amoonguss, F|100\/100\n|-ability|p2a: Zapdos|Pressure\n|turn|1\n|\n|t:|1697079144\n|detailschange|p1b: MUAHAHAHHAHAHA|Garchomp-Mega, F\n|-mega|p1b: MUAHAHAHHAHAHA|Garchomp|Garchompite\n|move|p2b: Amoonguss|Rage Powder|p2b: Amoonguss\n|-singleturn|p2b: Amoonguss|move: Rage Powder\n|move|p2a: Zapdos|Thunder Wave|p1a: Not stored|[miss]\n|-miss|p2a: Zapdos|p1a: Not stored\n|move|p1b: MUAHAHAHHAHAHA|Swords Dance|p1b: MUAHAHAHHAHAHA\n|-boost|p1b: MUAHAHAHHAHAHA|atk|2\n|move|p1a: Not stored|Skill Swap|p2b: Amoonguss\n|-activate|p1a: Not stored|move: Skill Swap|Regenerator|Speed Boost|[of] p2b: Amoonguss\n|\n|-ability|p2b: Amoonguss|Speed Boost|boost\n|-boost|p2b: Amoonguss|spe|1\n|upkeep\n|turn|2\n|c|\u2606Phenixclause|You bitch\n|inactive|Zera & Lucy has 120 seconds left.\n|\n|t:|1697079178\n|move|p2a: Zapdos|Thunder Wave|p1a: Not stored\n|-status|p1a: Not stored|par\n|move|p1b: MUAHAHAHHAHAHA|Rock Slide|p2a: Zapdos|[spread] p2a,p2b\n|-supereffective|p2a: Zapdos\n|-damage|p2a: Zapdos|0 fnt\n|-damage|p2b: Amoonguss|53\/100\n|faint|p2a: Zapdos\n|move|p1a: Not stored|Skill Swap|p2b: Amoonguss\n|-activate|p1a: Not stored|move: Skill Swap|Speed Boost|Regenerator|[of] p2b: Amoonguss\n|move|p2b: Amoonguss|Spore|p1b: MUAHAHAHHAHAHA\n|-status|p1b: MUAHAHAHHAHAHA|slp|[from] move: Spore\n|\n|-ability|p1a: Not stored|Speed Boost|boost\n|-boost|p1a: Not stored|spe|1\n|upkeep\n|inactive|Zera & Lucy has 120 seconds left.\n|c|\u2606Phenixclause|Trash no skill\n|c|\u2606Phenixclause|spore user\n|\n|t:|1697079201\n|switch|p2a: Goodra|Goodra-Hisui, F|100\/100\n|turn|3\n|\n|t:|1697079215\n|move|p2b: Amoonguss|Rage Powder|p2b: Amoonguss\n|-singleturn|p2b: Amoonguss|move: Rage Powder\n|cant|p1b: MUAHAHAHHAHAHA|slp\n|move|p1a: Not stored|Lumina Crash|p2b: Amoonguss\n|-supereffective|p2b: Amoonguss\n|-damage|p2b: Amoonguss|4\/100\n|-unboost|p2b: Amoonguss|spd|2\n|move|p2a: Goodra|Dragon Tail|p1b: MUAHAHAHHAHAHA\n|-supereffective|p1b: MUAHAHAHHAHAHA\n|-damage|p1b: MUAHAHAHHAHAHA|65\/100 slp\n|drag|p1b: Fufufy|Urshifu-Rapid-Strike, M|100\/100\n|\n|-ability|p1a: Not stored|Speed Boost|boost\n|-boost|p1a: Not stored|spe|1\n|upkeep\n|turn|4\n|c|\u2606Phenixclause|Stupid hoe\n|n|\u203dPhenixclause|phenixclause\n|c|&|\/log Phenixclause was locked from talking by Artemis. (\u2606Phenixclause: Stupid hoe)\n|c|&|\/raw <small>This action was done automatically. Want to learn more about the AI? <a href=\"https:\/\/www.smogon.com\/forums\/threads\/3570628\/#post-9056769\">Visit the information thread<\/a>.<\/small>\n|inactive|Phenixclause has 120 seconds left.\n|\n|t:|1697079256\n|move|p2b: Amoonguss|Rage Powder|p2b: Amoonguss\n|-singleturn|p2b: Amoonguss|move: Rage Powder\n|move|p1b: Fufufy|Close Combat|p2b: Amoonguss\n|-resisted|p2b: Amoonguss\n|-damage|p2b: Amoonguss|0 fnt\n|-unboost|p1b: Fufufy|def|1\n|-unboost|p1b: Fufufy|spd|1\n|faint|p2b: Amoonguss\n|cant|p1a: Not stored|par\n|move|p2a: Goodra|Heavy Slam|p1b: Fufufy\n|-resisted|p1b: Fufufy\n|-damage|p1b: Fufufy|78\/100\n|\n|-ability|p1a: Not stored|Speed Boost|boost\n|-boost|p1a: Not stored|spe|1\n|upkeep\n|\n|t:|1697079270\n|switch|p2b: Slowbro|Slowbro, F|100\/100\n|turn|5\n|\n|t:|1697079283\n|switch|p1b: MUAHAHAHHAHAHA|Garchomp-Mega, F|65\/100 slp\n|switch|p2a: Basculegion|Basculegion, M|100\/100\n|detailschange|p2b: Slowbro|Slowbro-Mega, F\n|-mega|p2b: Slowbro|Slowbro|Slowbronite\n|move|p1a: Not stored|Skill Swap|p1b: MUAHAHAHHAHAHA\n|-activate|p1a: Not stored|move: Skill Swap|||[of] p1b: MUAHAHAHHAHAHA\n|move|p2b: Slowbro|Expanding Force|p1b: MUAHAHAHHAHAHA\n|-damage|p1b: MUAHAHAHHAHAHA|32\/100 slp\n|\n|upkeep\n|turn|6\n|\n|t:|1697079307\n|move|p1a: Not stored|Lumina Crash|p2a: Basculegion\n|-damage|p2a: Basculegion|57\/100\n|-unboost|p2a: Basculegion|spd|2\n|-curestatus|p1b: MUAHAHAHHAHAHA|slp|[msg]\n|move|p1b: MUAHAHAHHAHAHA|Dragon Claw|p2a: Basculegion\n|-damage|p2a: Basculegion|0 fnt\n|faint|p2a: Basculegion\n|move|p2b: Slowbro|Psychic Terrain|p2b: Slowbro\n|-fieldstart|move: Psychic Terrain\n|\n|-ability|p1b: MUAHAHAHHAHAHA|Speed Boost|boost\n|-boost|p1b: MUAHAHAHHAHAHA|spe|1\n|upkeep\n|\n|t:|1697079320\n|switch|p2a: Umbreon|Umbreon, F|100\/100\n|turn|7\n|\n|t:|1697079334\n|move|p1b: MUAHAHAHHAHAHA|Dragon Claw|p2b: Slowbro\n|-damage|p2b: Slowbro|79\/100\n|cant|p1a: Not stored|par\n|move|p2a: Umbreon|Yawn|p1b: MUAHAHAHHAHAHA\n|-start|p1b: MUAHAHAHHAHAHA|move: Yawn|[of] p2a: Umbreon\n|move|p2b: Slowbro|Expanding Force|p1b: MUAHAHAHHAHAHA|[spread] p1a,p1b\n|-resisted|p1a: Not stored\n|-damage|p1a: Not stored|63\/100 par\n|-damage|p1b: MUAHAHAHHAHAHA|0 fnt\n|faint|p1b: MUAHAHAHHAHAHA\n|\n|-heal|p1a: Not stored|69\/100 par|[from] item: Leftovers\n|upkeep\n|\n|t:|1697079338\n|switch|p1b: Evil moltres|Moltres-Galar|100\/100\n|turn|8\n|\n|t:|1697079356\n|switch|p2b: Goodra|Goodra-Hisui, F|100\/100\n|move|p1a: Not stored|Ally Switch|p1a: Not stored\n|swap|p1a: Not stored|1|[from] move: Ally Switch\n|move|p1a: Evil moltres|Nasty Plot|p1a: Evil moltres\n|-boost|p1a: Evil moltres|spa|2\n|move|p2a: Umbreon|Wish|p2a: Umbreon\n|\n|-heal|p1b: Not stored|75\/100 par|[from] item: Leftovers\n|upkeep\n|turn|9\n|inactive|Zera & Lucy has 120 seconds left.\n|\n|t:|1697079391\n|-terastallize|p1a: Evil moltres|Dark\n|-terastallize|p2b: Goodra|Steel\n|cant|p1b: Not stored|par\n|move|p1a: Evil moltres|Fiery Wrath|p2b: Goodra|[spread] p2a,p2b\n|-resisted|p2a: Umbreon\n|-damage|p2a: Umbreon|79\/100\n|-damage|p2b: Goodra|76\/100\n|move|p2a: Umbreon|Yawn|p1a: Evil moltres\n|-start|p1a: Evil moltres|move: Yawn|[of] p2a: Umbreon\n|cant|p2b: Goodra|flinch\n|\n|-heal|p2a: Umbreon|100\/100|[from] move: Wish|[wisher] Umbreon\n|-heal|p1b: Not stored|81\/100 par|[from] item: Leftovers\n|upkeep\n|turn|10\n|inactive|Zera & Lucy has 120 seconds left.\n|inactive|Phenixclause has 120 seconds left.\n|inactive|Phenixclause has 90 seconds left.\n|\n|t:|1697079453\n|move|p1b: Not stored|Lumina Crash|p2b: Goodra\n|-resisted|p2b: Goodra\n|-damage|p2b: Goodra|68\/100\n|-unboost|p2b: Goodra|spd|2\n|move|p1a: Evil moltres|Fiery Wrath|p2b: Goodra|[spread] p2a,p2b\n|-resisted|p2a: Umbreon\n|-damage|p2a: Umbreon|81\/100\n|-damage|p2b: Goodra|14\/100\n|move|p2a: Umbreon|Wish|p2a: Umbreon\n|move|p2b: Goodra|Heavy Slam|p1a: Evil moltres\n|-damage|p1a: Evil moltres|36\/100\n|-ability|p1a: Evil moltres|Berserk|boost\n|-boost|p1a: Evil moltres|spa|1\n|\n|-heal|p1b: Not stored|88\/100 par|[from] item: Leftovers\n|-heal|p2a: Umbreon|87\/100|[from] item: Leftovers\n|-end|p1a: Evil moltres|move: Yawn|[silent]\n|-status|p1a: Evil moltres|slp\n|-fieldend|move: Psychic Terrain\n|upkeep\n|turn|11\n|inactive|Zera & Lucy has 120 seconds left.\n|\n|t:|1697079481\n|switch|p2b: Slowbro|Slowbro-Mega, F|79\/100\n|move|p1b: Not stored|Lumina Crash|p2b: Slowbro\n|-resisted|p2b: Slowbro\n|-damage|p2b: Slowbro|58\/100\n|-unboost|p2b: Slowbro|spd|2\n|cant|p1a: Evil moltres|slp\n|move|p2a: Umbreon|Wish||[still]\n|-fail|p2a: Umbreon\n|\n|-heal|p2a: Umbreon|100\/100|[from] move: Wish|[wisher] Umbreon\n|-heal|p1b: Not stored|94\/100 par|[from] item: Leftovers\n|upkeep\n|turn|12\n|inactive|Phenixclause has 120 seconds left.\n|\n|t:|1697079499\n|move|p1b: Not stored|Lumina Crash|p2b: Slowbro\n|-resisted|p2b: Slowbro\n|-damage|p2b: Slowbro|16\/100\n|-unboost|p2b: Slowbro|spd|2\n|cant|p1a: Evil moltres|slp\n|move|p2a: Umbreon|Wish|p2a: Umbreon\n|move|p2b: Slowbro|Scald|p1a: Evil moltres\n|-damage|p1a: Evil moltres|5\/100 slp\n|-enditem|p1a: Evil moltres|Aguav Berry|[eat]\n|-heal|p1a: Evil moltres|38\/100 slp|[from] item: Aguav Berry\n|\n|-heal|p1b: Not stored|99\/100 par|[from] item: Leftovers\n|upkeep\n|turn|13\n|inactive|Phenixclause has 120 seconds left.\n|inactive|Phenixclause has 90 seconds left.\n|\n|t:|1697079554\n|switch|p2a: Goodra|Goodra-Hisui, F, tera:Steel|14\/100\n|move|p1b: Not stored|Ally Switch|p1b: Not stored\n|swap|p1b: Not stored|0|[from] move: Ally Switch\n|cant|p1b: Evil moltres|slp\n|move|p2b: Slowbro|Disable|p1b: Evil moltres\n|-start|p1b: Evil moltres|Disable|Fiery Wrath\n|\n|-heal|p2a: Goodra|68\/100|[from] move: Wish|[wisher] Umbreon\n|-heal|p1a: Not stored|100\/100 par|[from] item: Leftovers\n|upkeep\n|turn|14\n|inactive|Zera & Lucy has 120 seconds left.\n|\n|t:|1697079596\n|move|p1a: Not stored|Lumina Crash|p2a: Goodra\n|-resisted|p2a: Goodra\n|-damage|p2a: Goodra|62\/100\n|-unboost|p2a: Goodra|spd|2\n|-curestatus|p1b: Evil moltres|slp|[msg]\n|move|p1b: Evil moltres|Air Slash|p2a: Goodra\n|-resisted|p2a: Goodra\n|-damage|p2a: Goodra|34\/100\n|move|p2b: Slowbro|Scald|p1a: Not stored\n|-damage|p1a: Not stored|49\/100 par\n|move|p2a: Goodra|Dragon Tail|p1a: Not stored\n|-damage|p1a: Not stored|18\/100 par\n|drag|p1a: Gotcha!|Sinistcha|100\/100\n|-heal|p1b: Evil moltres|63\/100|[from] ability: Hospitality|[of] p1a: Gotcha!\n|\n|upkeep\n|turn|15\n|inactive|Zera & Lucy has 120 seconds left.\n|inactive|Phenixclause has 90 seconds left.\n|\n|t:|1697079627\n|move|p1b: Evil moltres|Taunt|p2b: Slowbro\n|-start|p2b: Slowbro|move: Taunt\n|move|p1a: Gotcha!|Nasty Plot|p1a: Gotcha!\n|-boost|p1a: Gotcha!|spa|2\n|move|p2a: Goodra|Heavy Slam|p1b: Evil moltres\n|-crit|p1b: Evil moltres\n|-damage|p1b: Evil moltres|0 fnt\n|faint|p1b: Evil moltres\n|move|p2b: Slowbro|Scald|p1a: Gotcha!\n|-resisted|p1a: Gotcha!\n|-damage|p1a: Gotcha!|80\/100\n|\n|-heal|p1a: Gotcha!|86\/100|[from] item: Leftovers\n|upkeep\n|inactive|Phenixclause has 90 seconds left.\n|\n|t:|1697079645\n|switch|p1b: Fufufy|Urshifu-Rapid-Strike, M|78\/100\n|turn|16\n|inactive|Zera & Lucy has 120 seconds left.\n|\n|t:|1697079696\n|switch|p2b: Umbreon|Umbreon, F|100\/100\n|move|p1b: Fufufy|Close Combat|p2a: Goodra\n|-supereffective|p2a: Goodra\n|-damage|p2a: Goodra|0 fnt\n|-unboost|p1b: Fufufy|def|1\n|-unboost|p1b: Fufufy|spd|1\n|-ability|p2a: Goodra|Gooey\n|-unboost|p1b: Fufufy|spe|1\n|faint|p2a: Goodra\n|move|p1a: Gotcha!|Matcha Gotcha|p2b: Umbreon\n|-damage|p2b: Umbreon|56\/100\n|-heal|p1a: Gotcha!|100\/100|[from] drain|[of] p2b: Umbreon\n|\n|-heal|p2b: Umbreon|62\/100|[from] item: Leftovers\n|upkeep\n|\n|t:|1697079705\n|switch|p2a: Slowbro|Slowbro-Mega, F|16\/100\n|turn|17\n|inactive|Phenixclause has 120 seconds left.\n|\n|t:|1697079733\n|move|p1b: Fufufy|Close Combat|p2b: Umbreon\n|-supereffective|p2b: Umbreon\n|-damage|p2b: Umbreon|0 fnt\n|-unboost|p1b: Fufufy|def|1\n|-unboost|p1b: Fufufy|spd|1\n|faint|p2b: Umbreon\n|move|p1a: Gotcha!|Matcha Gotcha|p2a: Slowbro\n|-supereffective|p2a: Slowbro\n|-damage|p2a: Slowbro|0 fnt\n|faint|p2a: Slowbro\n|\n|win|Phenixclause\n|raw|Phenixclause's rating: 1157 &rarr; <strong>1181<\/strong><br \/>(+24 for winning)\n|raw|Zera &amp; Lucy's rating: 1148 &rarr; <strong>1124<\/strong><br \/>(-24 for losing)\n","uploadtime":1697079231,"views":6,"p1id":"phenixclause","p2id":"zeralucy","formatid":"gen9nationaldexdoubles","rating":1124,"private":0,"password":""}