{"id":"gen9nationaldexdoubles-1972216816","p1":"robloxian5gl","p2":"Facu2112","format":"[Gen 9] National Dex Doubles","log":"|j|\u2606robloxian5gl\n|j|\u2606Facu2112\n|t:|1697822299\n|gametype|doubles\n|player|p1|robloxian5gl|geeta|1050\n|player|p2|Facu2112|volkner|1000\n|teamsize|p1|6\n|teamsize|p2|6\n|gen|9\n|tier|[Gen 9] National Dex Doubles\n|rated|\n|rule|HP Percentage Mod: HP is shown in percentages\n|rule|Endless Battle Clause: Forcing endless battles is banned\n|rule|OHKO Clause: OHKO moves are banned\n|rule|Evasion Moves Clause: Evasion moves are banned\n|rule|Evasion Abilities Clause: Evasion abilities are banned\n|rule|Species Clause: Limit one of each Pok\u00e9mon\n|rule|Gravity Sleep Clause: The combination of sleep-inducing moves with imperfect accuracy and Gravity or Gigantamax Orbeetle are banned\n|clearpoke\n|poke|p1|Glimmora, M|\n|poke|p1|Espathra, F|\n|poke|p1|Gogoat, M|\n|poke|p1|Avalugg, F|\n|poke|p1|Veluza, F|\n|poke|p1|Kingambit, M|\n|poke|p2|Arcanine, F|\n|poke|p2|Bisharp, M|\n|poke|p2|Rotom-Mow|\n|poke|p2|Baxcalibur, M|\n|poke|p2|Armarouge, M|\n|poke|p2|Tyrantrum, F|\n|teampreview\n|inactive|Battle timer is ON: inactive players will automatically lose when time's up. (requested by robloxian5gl)\n|\n|t:|1697822304\n|start\n|switch|p1a: Glimmora|Glimmora, M|100\/100\n|switch|p1b: Espathra|Espathra, F|100\/100\n|switch|p2a: Armarouge|Armarouge, M|100\/100\n|switch|p2b: Arcanine|Arcanine, F, shiny|100\/100\n|-ability|p2b: Arcanine|Intimidate|boost\n|-unboost|p1a: Glimmora|atk|1\n|-unboost|p1b: Espathra|atk|1\n|turn|1\n|\n|t:|1697822326\n|switch|p2b: Bisharp|Bisharp, M, shiny|100\/100\n|move|p1b: Espathra|Reflect|p1b: Espathra\n|-sidestart|p1: robloxian5gl|Reflect\n|move|p1a: Glimmora|Power Gem|p2a: Armarouge\n|-supereffective|p2a: Armarouge\n|-damage|p2a: Armarouge|44\/100\n|move|p2a: Armarouge|Aura Sphere|p1a: Glimmora\n|-damage|p1a: Glimmora|77\/100\n|\n|upkeep\n|turn|2\n|inactive|robloxian5gl has 120 seconds left.\n|inactive|Facu2112 has 120 seconds left.\n|\n|t:|1697822357\n|move|p1b: Espathra|Dazzling Gleam|p2b: Bisharp|[spread] p2a,p2b\n|-resisted|p2a: Armarouge\n|-damage|p2a: Armarouge|37\/100\n|-damage|p2b: Bisharp|85\/100\n|move|p1a: Glimmora|Earth Power|p2b: Bisharp\n|-supereffective|p2b: Bisharp\n|-damage|p2b: Bisharp|31\/100\n|move|p2b: Bisharp|Foul Play|p1b: Espathra\n|-supereffective|p1b: Espathra\n|-damage|p1b: Espathra|68\/100\n|move|p2a: Armarouge|Energy Ball|p1a: Glimmora\n|-damage|p1a: Glimmora|53\/100\n|\n|upkeep\n|turn|3\n|inactive|robloxian5gl has 120 seconds left.\n|inactive|Facu2112 has 120 seconds left.\n|\n|t:|1697822399\n|move|p1b: Espathra|Dazzling Gleam|p2b: Bisharp|[spread] p2a,p2b\n|-resisted|p2a: Armarouge\n|-damage|p2a: Armarouge|31\/100\n|-damage|p2b: Bisharp|13\/100\n|move|p1a: Glimmora|Earth Power|p2b: Bisharp\n|-supereffective|p2b: Bisharp\n|-damage|p2b: Bisharp|0 fnt\n|faint|p2b: Bisharp\n|move|p2a: Armarouge|Armor Cannon|p1b: Espathra\n|-damage|p1b: Espathra|0 fnt\n|-unboost|p2a: Armarouge|def|1\n|-unboost|p2a: Armarouge|spd|1\n|faint|p1b: Espathra\n|\n|upkeep\n|inactive|Facu2112 has 120 seconds left.\n|\n|t:|1697822418\n|switch|p1b: Kingambit|Kingambit, M|100\/100\n|switch|p2b: Tyrantrum|Tyrantrum, F, shiny|100\/100\n|-activate|p1b: Kingambit|ability: Supreme Overlord\n|-start|p1b: Kingambit|fallen1|[silent]\n|turn|4\n|\n|t:|1697822437\n|-end|p1b: Kingambit|fallen1|[silent]\n|switch|p1b: Gogoat|Gogoat, M|100\/100\n|move|p1a: Glimmora|Earth Power|p2b: Tyrantrum\n|-supereffective|p2b: Tyrantrum\n|-damage|p2b: Tyrantrum|53\/100\n|move|p2a: Armarouge|Aura Sphere|p1b: Gogoat\n|-damage|p1b: Gogoat|77\/100\n|move|p2b: Tyrantrum|Crunch|p1a: Glimmora\n|-damage|p1a: Glimmora|25\/100\n|-activate|p1a: Glimmora|ability: Toxic Debris\n|-sidestart|p2: Facu2112|move: Toxic Spikes\n|\n|-heal|p1b: Gogoat|83\/100|[from] item: Leftovers\n|upkeep\n|turn|5\n|\n|t:|1697822464\n|move|p1a: Glimmora|Earth Power|p2a: Armarouge\n|-supereffective|p2a: Armarouge\n|-damage|p2a: Armarouge|0 fnt\n|faint|p2a: Armarouge\n|move|p2b: Tyrantrum|Crunch|p1a: Glimmora\n|-damage|p1a: Glimmora|0 fnt\n|-activate|p1a: Glimmora|ability: Toxic Debris\n|-sidestart|p2: Facu2112|move: Toxic Spikes\n|faint|p1a: Glimmora\n|move|p1b: Gogoat|Play Rough|p2b: Tyrantrum\n|-supereffective|p2b: Tyrantrum\n|-damage|p2b: Tyrantrum|5\/100\n|\n|-heal|p1b: Gogoat|89\/100|[from] item: Leftovers\n|-sideend|p1: robloxian5gl|Reflect\n|upkeep\n|\n|t:|1697822481\n|switch|p1a: Veluza|Veluza, F|100\/100\n|switch|p2a: Baxcalibur|Baxcalibur, M|100\/100\n|turn|6\n|\n|t:|1697822499\n|move|p2a: Baxcalibur|Freeze-Dry|p1a: Veluza\n|-supereffective|p1a: Veluza\n|-damage|p1a: Veluza|55\/100\n|move|p2b: Tyrantrum|Ice Fang|p1b: Gogoat\n|-supereffective|p1b: Gogoat\n|-damage|p1b: Gogoat|20\/100\n|move|p1a: Veluza|Night Slash|p2a: Baxcalibur\n|-damage|p2a: Baxcalibur|73\/100\n|move|p1b: Gogoat|Horn Leech|p2b: Tyrantrum\n|-damage|p2b: Tyrantrum|0 fnt\n|-heal|p1b: Gogoat|22\/100|[from] drain|[of] p2b: Tyrantrum\n|faint|p2b: Tyrantrum\n|\n|-heal|p1b: Gogoat|28\/100|[from] item: Leftovers\n|upkeep\n|\n|t:|1697822520\n|switch|p2b: Rotom|Rotom-Mow, shiny|100\/100\n|turn|7\n|\n|t:|1697822533\n|move|p2a: Baxcalibur|Ice Shard|p1b: Gogoat\n|-supereffective|p1b: Gogoat\n|-damage|p1b: Gogoat|0 fnt\n|faint|p1b: Gogoat\n|move|p2b: Rotom|Thunderbolt|p1a: Veluza\n|-supereffective|p1a: Veluza\n|-damage|p1a: Veluza|0 fnt\n|faint|p1a: Veluza\n|\n|upkeep\n|\n|t:|1697822544\n|switch|p1a: Kingambit|Kingambit, M|100\/100\n|switch|p1b: Avalugg|Avalugg, F|100\/100\n|-activate|p1a: Kingambit|ability: Supreme Overlord\n|-start|p1a: Kingambit|fallen4|[silent]\n|turn|8\n|\n|t:|1697822569\n|move|p2a: Baxcalibur|Dragon Dance|p2a: Baxcalibur\n|-boost|p2a: Baxcalibur|atk|1\n|-boost|p2a: Baxcalibur|spe|1\n|move|p2b: Rotom|Shadow Ball|p1b: Avalugg\n|-damage|p1b: Avalugg|64\/100\n|move|p1a: Kingambit|Low Kick|p2a: Baxcalibur\n|-supereffective|p2a: Baxcalibur\n|-damage|p2a: Baxcalibur|0 fnt\n|faint|p2a: Baxcalibur\n|move|p1b: Avalugg|Avalanche|p2b: Rotom\n|-supereffective|p2b: Rotom\n|-crit|p2b: Rotom\n|-damage|p2b: Rotom|0 fnt\n|faint|p2b: Rotom\n|\n|upkeep\n|inactive|Facu2112 has 120 seconds left.\n|\n|t:|1697822589\n|switch|p2b: Arcanine|Arcanine, F, shiny|100\/100\n|-status|p2b: Arcanine|tox\n|-ability|p2b: Arcanine|Intimidate|boost\n|-unboost|p1a: Kingambit|atk|1\n|-unboost|p1b: Avalugg|atk|1\n|turn|9\n|\n|t:|1697822601\n|move|p2b: Arcanine|Will-O-Wisp|p1a: Kingambit\n|-status|p1a: Kingambit|brn\n|move|p1a: Kingambit|Swords Dance|p1a: Kingambit\n|-boost|p1a: Kingambit|atk|2\n|move|p1b: Avalugg|Body Press|p2b: Arcanine\n|-damage|p2b: Arcanine|53\/100 tox\n|\n|-damage|p2b: Arcanine|47\/100 tox|[from] psn\n|-damage|p1a: Kingambit|94\/100 brn|[from] brn\n|upkeep\n|turn|10\n|\n|t:|1697822620\n|move|p2b: Arcanine|Close Combat|p1a: Kingambit\n|-supereffective|p1a: Kingambit\n|-crit|p1a: Kingambit\n|-enditem|p1a: Kingambit|Chople Berry|[eat]\n|-enditem|p1a: Kingambit|Chople Berry|[weaken]\n|-damage|p1a: Kingambit|28\/100 brn\n|-unboost|p2b: Arcanine|def|1\n|-unboost|p2b: Arcanine|spd|1\n|move|p1a: Kingambit|Swords Dance|p1a: Kingambit\n|-boost|p1a: Kingambit|atk|2\n|move|p1b: Avalugg|Body Press|p2b: Arcanine\n|-damage|p2b: Arcanine|0 fnt\n|faint|p2b: Arcanine\n|\n|win|robloxian5gl\n|raw|robloxian5gl's rating: 1050 &rarr; <strong>1078<\/strong><br \/>(+28 for winning)\n|raw|Facu2112's rating: 1000 &rarr; <strong>1000<\/strong><br \/>(+0 for losing)\n|l|\u2606Facu2112\n","uploadtime":1697822637,"views":12,"p1id":"robloxian5gl","p2id":"facu2112","formatid":"gen9nationaldexdoubles","rating":1000,"private":0,"password":""}