{"id":"gen9nationaldexdoubles-1948361191","p1":"conbomb","p2":"kyjin42","format":"[Gen 9] National Dex Doubles","log":"|j|\u2606conbomb\n|j|\u2606kyjin42\n|t:|1695252306\n|gametype|doubles\n|player|p1|conbomb|swimmer-gen4dp|1093\n|player|p2|kyjin42|1|1072\n|teamsize|p1|6\n|teamsize|p2|6\n|gen|9\n|tier|[Gen 9] National Dex Doubles\n|rated|\n|rule|HP Percentage Mod: HP is shown in percentages\n|rule|Endless Battle Clause: Forcing endless battles is banned\n|rule|OHKO Clause: OHKO moves are banned\n|rule|Evasion Moves Clause: Evasion moves are banned\n|rule|Evasion Abilities Clause: Evasion abilities are banned\n|rule|Species Clause: Limit one of each Pok\u00e9mon\n|rule|Gravity Sleep Clause: The combination of sleep-inducing moves with imperfect accuracy and Gravity or Gigantamax Orbeetle are banned\n|clearpoke\n|poke|p1|Regigigas|\n|poke|p1|Flamigo, F|\n|poke|p1|Metagross|\n|poke|p1|Mew|\n|poke|p1|Oranguru, F|\n|poke|p1|Malamar, M|\n|poke|p2|Raichu, M|\n|poke|p2|Corviknight, M|\n|poke|p2|Dragonite, M|\n|poke|p2|Keldeo-Resolute|\n|poke|p2|Breloom, M|\n|poke|p2|Lycanroc-Dusk, M|\n|teampreview\n|\n|t:|1695252326\n|start\n|switch|p1a: Oranguru|Oranguru, F|100\/100\n|switch|p1b: Megagrose \ud83e\udd2e|Metagross, shiny|100\/100\n|switch|p2a: Corviknight|Corviknight, M, shiny|100\/100\n|switch|p2b: Breloom|Breloom, M, shiny|100\/100\n|turn|1\n|\n|t:|1695252350\n|detailschange|p1b: Megagrose \ud83e\udd2e|Metagross-Mega, shiny\n|-mega|p1b: Megagrose \ud83e\udd2e|Metagross|Metagrossite\n|move|p1b: Megagrose \ud83e\udd2e|Zen Headbutt|p2b: Breloom\n|-supereffective|p2b: Breloom\n|-damage|p2b: Breloom|0 fnt\n|faint|p2b: Breloom\n|move|p2a: Corviknight|Iron Defense|p2a: Corviknight\n|-boost|p2a: Corviknight|def|2\n|move|p1a: Oranguru|Trick Room|p1a: Oranguru\n|-fieldstart|move: Trick Room|[of] p1a: Oranguru\n|\n|upkeep\n|\n|t:|1695252364\n|switch|p2b: Raichu|Raichu, M, shiny|100\/100\n|turn|2\n|\n|t:|1695252373\n|move|p2b: Raichu|Fake Out|p1b: Megagrose \ud83e\udd2e\n|-resisted|p1b: Megagrose \ud83e\udd2e\n|-damage|p1b: Megagrose \ud83e\udd2e|96\/100\n|-damage|p2b: Raichu|91\/100|[from] item: Life Orb\n|move|p1a: Oranguru|Taunt|p2a: Corviknight\n|-start|p2a: Corviknight|move: Taunt\n|cant|p2a: Corviknight|move: Taunt|Iron Defense\n|cant|p1b: Megagrose \ud83e\udd2e|flinch\n|\n|upkeep\n|turn|3\n|\n|t:|1695252408\n|switch|p1a: Malamar|Malamar, M, shiny|100\/100\n|switch|p2a: Lycanroc|Lycanroc-Dusk, M, shiny|100\/100\n|-terastallize|p2b: Raichu|Steel\n|move|p1b: Megagrose \ud83e\udd2e|Meteor Mash|p2a: Lycanroc\n|-supereffective|p2a: Lycanroc\n|-damage|p2a: Lycanroc|0 fnt\n|faint|p2a: Lycanroc\n|move|p2b: Raichu|Iron Tail|p1a: Malamar|[miss]\n|-miss|p2b: Raichu|p1a: Malamar\n|\n|upkeep\n|\n|t:|1695252423\n|switch|p2a: Dragonite|Dragonite, M, shiny|100\/100\n|turn|4\n|\n|t:|1695252435\n|switch|p1b: MC Compensator|Regigigas, shiny|100\/100\n|-start|p1b: MC Compensator|ability: Slow Start\n|switch|p2b: Corviknight|Corviknight, M, shiny|100\/100\n|move|p2a: Dragonite|Earthquake|p1a: Malamar|[spread] p1a,p1b\n|-immune|p2b: Corviknight\n|-crit|p1a: Malamar\n|-damage|p1a: Malamar|71\/100\n|-damage|p1b: MC Compensator|79\/100\n|move|p1a: Malamar|Simple Beam|p1b: MC Compensator\n|-end|p1b: MC Compensator|Slow Start|[silent]\n|-endability|p1b: MC Compensator|Slow Start|[from] move: Simple Beam\n|-ability|p1b: MC Compensator|Simple|[from] move: Simple Beam\n|\n|upkeep\n|turn|5\n|\n|t:|1695252461\n|move|p2b: Corviknight|Iron Defense|p2b: Corviknight\n|-boost|p2b: Corviknight|def|2\n|move|p2a: Dragonite|Earthquake|p1a: Malamar|[spread] p1a,p1b\n|-immune|p2b: Corviknight\n|-crit|p1b: MC Compensator\n|-damage|p1a: Malamar|48\/100\n|-damage|p1b: MC Compensator|51\/100\n|move|p1a: Malamar|Hidden Power|p1b: MC Compensator\n|-supereffective|p1b: MC Compensator\n|-damage|p1b: MC Compensator|39\/100\n|-enditem|p1b: MC Compensator|Weakness Policy\n|-boost|p1b: MC Compensator|atk|4|[from] item: Weakness Policy\n|-boost|p1b: MC Compensator|spa|4|[from] item: Weakness Policy\n|move|p1b: MC Compensator|Rock Polish|p1b: MC Compensator\n|-boost|p1b: MC Compensator|spe|4\n|\n|-fieldend|move: Trick Room\n|upkeep\n|turn|6\n|\n|t:|1695252488\n|move|p1b: MC Compensator|Drain Punch|p2b: Corviknight\n|-damage|p2b: Corviknight|66\/100\n|-heal|p1b: MC Compensator|56\/100|[from] drain|[of] p2b: Corviknight\n|move|p1a: Malamar|Topsy-Turvy|p2b: Corviknight\n|-invertboost|p2b: Corviknight|[from] move: Topsy-Turvy\n|move|p2a: Dragonite|Earthquake|p1b: MC Compensator|[spread] p1a,p1b\n|-immune|p2b: Corviknight\n|-damage|p1a: Malamar|27\/100\n|-damage|p1b: MC Compensator|38\/100\n|move|p2b: Corviknight|Drill Peck|p1b: MC Compensator\n|-damage|p1b: MC Compensator|9\/100\n|\n|upkeep\n|turn|7\n|\n|t:|1695252508\n|switch|p1a: Flamigo|Flamigo, F|100\/100\n|-copyboost|p1a: Flamigo|p1b: MC Compensator|[from] ability: Costar\n|move|p2a: Dragonite|Extreme Speed|p1b: MC Compensator\n|-damage|p1b: MC Compensator|0 fnt\n|faint|p1b: MC Compensator\n|move|p2b: Corviknight|Iron Defense|p2b: Corviknight\n|-boost|p2b: Corviknight|def|2\n|\n|upkeep\n|\n|t:|1695252529\n|switch|p1b: Oranguru|Oranguru, F|100\/100\n|turn|8\n|\n|t:|1695252553\n|move|p1a: Flamigo|Facade|p2a: Dragonite\n|-enditem|p1a: Flamigo|Normal Gem|[from] gem\n|-damage|p2a: Dragonite|58\/100\n|move|p2a: Dragonite|Thunder Punch|p1a: Flamigo\n|-supereffective|p1a: Flamigo\n|-damage|p1a: Flamigo|22\/100\n|move|p2b: Corviknight|Iron Defense|p2b: Corviknight\n|-boost|p2b: Corviknight|def|2\n|move|p1b: Oranguru|Taunt|p2b: Corviknight\n|-start|p2b: Corviknight|move: Taunt\n|\n|upkeep\n|turn|9\n|\n|t:|1695252580\n|switch|p2b: Raichu|Raichu, M, shiny, tera:Steel|91\/100\n|move|p1a: Flamigo|Roost|p1a: Flamigo\n|-heal|p1a: Flamigo|73\/100\n|-singleturn|p1a: Flamigo|move: Roost\n|move|p2a: Dragonite|Thunder Punch|p2b: Raichu\n|-activate|p2b: Raichu|ability: Lightning Rod\n|-ability|p2b: Raichu|Lightning Rod|boost\n|-boost|p2b: Raichu|spa|1\n|move|p1b: Oranguru|Instruct|p1a: Flamigo\n|-singleturn|p1a: Flamigo|move: Instruct|[of] p1b: Oranguru\n|move|p1a: Flamigo|Roost|p1a: Flamigo\n|-heal|p1a: Flamigo|100\/100\n|\n|upkeep\n|turn|10\n|\n|t:|1695252607\n|switch|p1b: Mew 1|Mew|100\/100\n|move|p2b: Raichu|Fake Out|p1b: Mew 1\n|-damage|p1b: Mew 1|90\/100\n|-damage|p2b: Raichu|81\/100|[from] item: Life Orb\n|move|p1a: Flamigo|Close Combat|p2b: Raichu\n|-supereffective|p2b: Raichu\n|-damage|p2b: Raichu|0 fnt\n|-unboost|p1a: Flamigo|def|1\n|-unboost|p1a: Flamigo|spd|1\n|faint|p2b: Raichu\n|move|p2a: Dragonite|Thunder Punch|p1a: Flamigo\n|-supereffective|p1a: Flamigo\n|-damage|p1a: Flamigo|0 fnt\n|faint|p1a: Flamigo\n|\n|-heal|p1b: Mew 1|96\/100|[from] item: Leftovers\n|upkeep\n|c|\u2606conbomb|Gg wp\n|\n|t:|1695252631\n|switch|p2b: Corviknight|Corviknight, M, shiny|66\/100\n|switch|p1a: Oranguru|Oranguru, F|100\/100\n|turn|11\n|\n|t:|1695252645\n|switch|p1b: Megagrose \ud83e\udd2e|Metagross-Mega, shiny|96\/100\n|move|p2a: Dragonite|Earthquake|p1a: Oranguru|[spread] p1a,p1b\n|-immune|p2b: Corviknight\n|-supereffective|p1b: Megagrose \ud83e\udd2e\n|-damage|p1a: Oranguru|75\/100\n|-damage|p1b: Megagrose \ud83e\udd2e|58\/100\n|move|p2b: Corviknight|Iron Defense|p2b: Corviknight\n|-boost|p2b: Corviknight|def|2\n|move|p1a: Oranguru|Trick Room|p1a: Oranguru\n|-fieldstart|move: Trick Room|[of] p1a: Oranguru\n|\n|upkeep\n|turn|12\n|\n|t:|1695252664\n|switch|p1a: Malamar|Malamar, M, shiny|27\/100\n|move|p2b: Corviknight|Iron Defense|p2b: Corviknight\n|-boost|p2b: Corviknight|def|2\n|move|p2a: Dragonite|Earthquake|p1a: Malamar|[spread] p1a,p1b\n|-immune|p2b: Corviknight\n|-supereffective|p1b: Megagrose \ud83e\udd2e\n|-damage|p1a: Malamar|8\/100\n|-damage|p1b: Megagrose \ud83e\udd2e|23\/100\n|move|p1b: Megagrose \ud83e\udd2e|Meteor Mash|p2a: Dragonite\n|-damage|p2a: Dragonite|0 fnt\n|faint|p2a: Dragonite\n|\n|upkeep\n|\n|t:|1695252679\n|switch|p2a: Keldeo|Keldeo-Resolute|100\/100\n|turn|13\n|\n|t:|1695252694\n|move|p2b: Corviknight|Drill Peck|p1a: Malamar\n|-damage|p1a: Malamar|0 fnt\n|faint|p1a: Malamar\n|move|p1b: Megagrose \ud83e\udd2e|Zen Headbutt|p2a: Keldeo\n|-supereffective|p2a: Keldeo\n|-enditem|p2a: Keldeo|Focus Sash\n|-damage|p2a: Keldeo|1\/100\n|move|p2a: Keldeo|Secret Sword|p1b: Megagrose \ud83e\udd2e\n|-damage|p1b: Megagrose \ud83e\udd2e|0 fnt\n|faint|p1b: Megagrose \ud83e\udd2e\n|\n|upkeep\n|c|\u2606conbomb|Gh\n|c|\u2606conbomb|Gg\n|-message|conbomb forfeited.\n|\n|win|kyjin42\n|raw|conbomb's rating: 1093 &rarr; <strong>1068<\/strong><br \/>(-25 for losing)\n|raw|kyjin42's rating: 1072 &rarr; <strong>1103<\/strong><br \/>(+31 for winning)\n|l|\u2606conbomb\n","uploadtime":1695252722,"views":9,"p1id":"conbomb","p2id":"kyjin42","formatid":"gen9nationaldexdoubles","rating":1068,"private":0,"password":""}