{"id":"gen9nationaldexdoubles-1959558439","p1":"Chumpette","p2":"NotBugSme","format":"[Gen 9] National Dex Doubles","log":"|j|\u2606Chumpette\n|j|\u2606NotBugSme\n|t:|1696437310\n|gametype|doubles\n|player|p1|Chumpette|boarder|\n|player|p2|NotBugSme|koga|\n|teamsize|p1|6\n|teamsize|p2|6\n|gen|9\n|tier|[Gen 9] National Dex Doubles\n|rule|HP Percentage Mod: HP is shown in percentages\n|rule|Endless Battle Clause: Forcing endless battles is banned\n|rule|OHKO Clause: OHKO moves are banned\n|rule|Evasion Moves Clause: Evasion moves are banned\n|rule|Evasion Abilities Clause: Evasion abilities are banned\n|rule|Species Clause: Limit one of each Pok\u00e9mon\n|rule|Gravity Sleep Clause: The combination of sleep-inducing moves with imperfect accuracy and Gravity or Gigantamax Orbeetle are banned\n|clearpoke\n|poke|p1|Ninetales-Alola, F|\n|poke|p1|Togekiss, M|\n|poke|p1|Vanilluxe, M|\n|poke|p1|Cloyster, M|\n|poke|p1|Jolteon, F|\n|poke|p1|Sandslash-Alola, F|\n|poke|p2|Kingambit, M|\n|poke|p2|Avalugg-Hisui, M|\n|poke|p2|Tyranitar, F|\n|poke|p2|Carbink|\n|poke|p2|Aggron, F|\n|poke|p2|Archeops, F|\n|teampreview\n|\n|t:|1696437337\n|start\n|switch|p1a: Sycophant|Togekiss, M|100\/100\n|switch|p1b: The Messiah|Sandslash-Alola, F|100\/100\n|switch|p2a: Tyranitar|Tyranitar, F, shiny|100\/100\n|switch|p2b: Aggron|Aggron, F, shiny|100\/100\n|-weather|Sandstorm|[from] ability: Sand Stream|[of] p2a: Tyranitar\n|turn|1\n|\n|t:|1696437385\n|move|p1a: Sycophant|Follow Me|p1a: Sycophant\n|-singleturn|p1a: Sycophant|move: Follow Me\n|move|p1b: The Messiah|Swords Dance|p1b: The Messiah\n|-boost|p1b: The Messiah|atk|2\n|move|p2a: Tyranitar|Thunder Punch|p1a: Sycophant\n|-supereffective|p1a: Sycophant\n|-damage|p1a: Sycophant|25\/100\n|-damage|p2a: Tyranitar|84\/100|[from] item: Rocky Helmet|[of] p1a: Sycophant\n|-damage|p2a: Tyranitar|74\/100|[from] item: Life Orb\n|move|p2b: Aggron|Thunder Punch|p1a: Sycophant\n|-supereffective|p1a: Sycophant\n|-damage|p1a: Sycophant|0 fnt\n|-damage|p2b: Aggron|84\/100|[from] item: Rocky Helmet|[of] p1a: Sycophant\n|faint|p1a: Sycophant\n|\n|-weather|Sandstorm|[upkeep]\n|upkeep\n|\n|t:|1696437410\n|switch|p1a: Vanilla Ice|Vanilluxe, M|100\/100\n|-weather|Snow|[from] ability: Snow Warning|[of] p1a: Vanilla Ice\n|turn|2\n|\n|t:|1696437454\n|switch|p2a: Archeops|Archeops, F, shiny|100\/100\n|move|p1b: The Messiah|Brick Break|p2b: Aggron\n|-supereffective|p2b: Aggron\n|-damage|p2b: Aggron|0 fnt\n|faint|p2b: Aggron\n|move|p1a: Vanilla Ice|Water Pulse|p2a: Archeops\n|-supereffective|p2a: Archeops\n|-damage|p2a: Archeops|28\/100\n|\n|-weather|Snow|[upkeep]\n|upkeep\n|\n|t:|1696437463\n|switch|p2b: Tyranitar|Tyranitar, F, shiny|74\/100\n|-weather|Sandstorm|[from] ability: Sand Stream|[of] p2b: Tyranitar\n|turn|3\n|\n|t:|1696437537\n|switch|p1a: Winter|Ninetales-Alola, F|100\/100\n|-weather|Snow|[from] ability: Snow Warning|[of] p1a: Winter\n|move|p1b: The Messiah|Triple Axel|p2a: Archeops\n|-supereffective|p2a: Archeops\n|-damage|p2a: Archeops|0 fnt\n|faint|p2a: Archeops\n|-hitcount|p2: Archeops|1\n|move|p2b: Tyranitar|Fire Punch|p1b: The Messiah\n|-supereffective|p1b: The Messiah\n|-damage|p1b: The Messiah|0 fnt\n|faint|p1b: The Messiah\n|-damage|p2b: Tyranitar|64\/100|[from] item: Life Orb\n|\n|-weather|Snow|[upkeep]\n|upkeep\n|\n|t:|1696437554\n|switch|p2a: Avalugg|Avalugg-Hisui, M, shiny|100\/100\n|switch|p1b: Judas|Cloyster, M|100\/100\n|turn|4\n|\n|t:|1696437596\n|switch|p2b: Carbink|Carbink, shiny|100\/100\n|move|p1a: Winter|Moonblast|p2b: Carbink\n|-damage|p2b: Carbink|73\/100\n|move|p1b: Judas|Shell Smash|p1b: Judas\n|-unboost|p1b: Judas|def|1\n|-unboost|p1b: Judas|spd|1\n|-boost|p1b: Judas|atk|2\n|-boost|p1b: Judas|spa|2\n|-boost|p1b: Judas|spe|2\n|-enditem|p1b: Judas|White Herb\n|-clearnegativeboost|p1b: Judas|[silent]\n|move|p2a: Avalugg|Body Press|p1a: Winter\n|-damage|p1a: Winter|60\/100\n|\n|-weather|Snow|[upkeep]\n|-heal|p2b: Carbink|79\/100|[from] item: Leftovers\n|upkeep\n|turn|5\n|\n|t:|1696437639\n|move|p1b: Judas|Rock Blast|p2a: Avalugg\n|-supereffective|p2a: Avalugg\n|-damage|p2a: Avalugg|92\/100\n|-supereffective|p2a: Avalugg\n|-damage|p2a: Avalugg|84\/100\n|-supereffective|p2a: Avalugg\n|-damage|p2a: Avalugg|76\/100\n|-supereffective|p2a: Avalugg\n|-damage|p2a: Avalugg|68\/100\n|-supereffective|p2a: Avalugg\n|-damage|p2a: Avalugg|58\/100\n|-hitcount|p2a: Avalugg|5\n|move|p1a: Winter|Moonblast|p2a: Avalugg\n|-damage|p2a: Avalugg|0 fnt\n|faint|p2a: Avalugg\n|move|p2b: Carbink|Iron Defense|p2b: Carbink\n|-boost|p2b: Carbink|def|2\n|\n|-weather|Snow|[upkeep]\n|-heal|p2b: Carbink|85\/100|[from] item: Leftovers\n|upkeep\n|\n|t:|1696437654\n|switch|p2a: Tyranitar|Tyranitar, F, shiny|64\/100\n|-weather|Sandstorm|[from] ability: Sand Stream|[of] p2a: Tyranitar\n|turn|6\n|j| Spooooky Gorl\n|\n|t:|1696437715\n|switch|p1a: Vanilla Ice|Vanilluxe, M|100\/100\n|-weather|Snow|[from] ability: Snow Warning|[of] p1a: Vanilla Ice\n|move|p1b: Judas|Icicle Spear|p2a: Tyranitar\n|-damage|p2a: Tyranitar|41\/100\n|-damage|p2a: Tyranitar|20\/100\n|-damage|p2a: Tyranitar|0 fnt\n|faint|p2a: Tyranitar\n|-hitcount|p2: Tyranitar|3\n|move|p2b: Carbink|Body Press|p1b: Judas\n|-supereffective|p1b: Judas\n|-damage|p1b: Judas|29\/100\n|\n|-weather|Snow|[upkeep]\n|-heal|p2b: Carbink|91\/100|[from] item: Leftovers\n|upkeep\n|\n|t:|1696437729\n|switch|p2a: Kingambit|Kingambit, M, shiny|100\/100\n|-activate|p2a: Kingambit|ability: Supreme Overlord\n|-start|p2a: Kingambit|fallen4|[silent]\n|turn|7\n|\n|t:|1696437779\n|move|p1b: Judas|Icicle Spear|p2a: Kingambit\n|-resisted|p2a: Kingambit\n|-damage|p2a: Kingambit|93\/100\n|-resisted|p2a: Kingambit\n|-damage|p2a: Kingambit|84\/100\n|-resisted|p2a: Kingambit\n|-damage|p2a: Kingambit|76\/100\n|-resisted|p2a: Kingambit\n|-damage|p2a: Kingambit|68\/100\n|-resisted|p2a: Kingambit\n|-damage|p2a: Kingambit|60\/100\n|-hitcount|p2a: Kingambit|5\n|move|p1a: Vanilla Ice|Blizzard|p2b: Carbink|[spread] p2a,p2b\n|-resisted|p2a: Kingambit\n|-damage|p2a: Kingambit|40\/100\n|-damage|p2b: Carbink|58\/100\n|move|p2a: Kingambit|Kowtow Cleave|p1a: Vanilla Ice\n|-damage|p1a: Vanilla Ice|32\/100\n|move|p2b: Carbink|Body Press|p1b: Judas\n|-supereffective|p1b: Judas\n|-damage|p1b: Judas|0 fnt\n|faint|p1b: Judas\n|\n|-weather|Snow|[upkeep]\n|-heal|p2b: Carbink|64\/100|[from] item: Leftovers\n|upkeep\n|\n|t:|1696437810\n|switch|p1b: Winter|Ninetales-Alola, F|60\/100\n|turn|8\n|\n|t:|1696437827\n|move|p2a: Kingambit|Sucker Punch|p1a: Vanilla Ice\n|-damage|p1a: Vanilla Ice|0 fnt\n|faint|p1a: Vanilla Ice\n|move|p1b: Winter|Blizzard|p2a: Kingambit|[spread] p2a,p2b\n|-resisted|p2a: Kingambit\n|-damage|p2a: Kingambit|25\/100\n|-damage|p2b: Carbink|37\/100\n|-status|p2a: Kingambit|frz\n|move|p2b: Carbink|Body Press|p1b: Winter\n|-damage|p1b: Winter|0 fnt\n|faint|p1b: Winter\n|\n|-weather|Snow|[upkeep]\n|-heal|p2b: Carbink|43\/100|[from] item: Leftovers\n|upkeep\n|\n|t:|1696437843\n|switch|p1a: MC Hammer|Jolteon, F|100\/100\n|turn|9\n|\n|t:|1696437854\n|-curestatus|p2a: Kingambit|frz|[msg]\n|move|p2a: Kingambit|Sucker Punch|p1a: MC Hammer\n|-damage|p1a: MC Hammer|0 fnt\n|faint|p1a: MC Hammer\n|\n|win|NotBugSme\n","uploadtime":1696437888,"views":13,"p1id":"chumpette","p2id":"notbugsme","formatid":"gen9nationaldexdoubles","rating":0,"private":0,"password":""}