{"id":"gen9nationaldexdoubles-2000361064","p1":"KuroOtonashi","p2":"ArcaneIV","format":"[Gen 9] National Dex Doubles","log":"|j|\u2606KuroOtonashi\n|j|\u2606ArcaneIV\n|t:|1701188284\n|gametype|doubles\n|player|p1|KuroOtonashi|caitlin|1052\n|player|p2|ArcaneIV|volkner|1115\n|teamsize|p1|6\n|teamsize|p2|6\n|gen|9\n|tier|[Gen 9] National Dex Doubles\n|rated|\n|rule|HP Percentage Mod: HP is shown in percentages\n|rule|Endless Battle Clause: Forcing endless battles is banned\n|rule|OHKO Clause: OHKO moves are banned\n|rule|Evasion Moves Clause: Evasion moves are banned\n|rule|Evasion Abilities Clause: Evasion abilities are banned\n|rule|Species Clause: Limit one of each Pok\u00e9mon\n|rule|Gravity Sleep Clause: The combination of sleep-inducing moves with imperfect accuracy and Gravity or Gigantamax Orbeetle are banned\n|clearpoke\n|poke|p1|Grimmsnarl, M|\n|poke|p1|Linoone, M|\n|poke|p1|Cloyster, F|\n|poke|p1|Comfey, M|\n|poke|p1|Minior-Violet|\n|poke|p1|Swoobat, M|\n|poke|p2|Eelektross, M|\n|poke|p2|Sceptile, M|\n|poke|p2|Corviknight, M|\n|poke|p2|Maushold-Four|\n|poke|p2|Cinderace, M|\n|poke|p2|Zeraora|\n|teampreview\n|c|\u2606ArcaneIV|glhf\n|c|\u2606KuroOtonashi|u too, glhf\n|\n|t:|1701188298\n|start\n|switch|p1a: Linoone|Linoone, M|100\/100\n|switch|p1b: Comfey|Comfey, M|100\/100\n|switch|p2a: Unagi|Eelektross, M, shiny|100\/100\n|switch|p2b: Pain|Maushold-Four, shiny|100\/100\n|turn|1\n|\n|t:|1701188325\n|-terastallize|p2b: Pain|Normal\n|move|p2b: Pain|Population Bomb|p1a: Linoone\n|-damage|p1a: Linoone|76\/100\n|-damage|p1a: Linoone|49\/100\n|-damage|p1a: Linoone|23\/100\n|-damage|p1a: Linoone|0 fnt\n|faint|p1a: Linoone\n|-hitcount|p1: Linoone|4\n|move|p1b: Comfey|Substitute|p1b: Comfey\n|-start|p1b: Comfey|Substitute\n|-damage|p1b: Comfey|75\/100\n|move|p2a: Unagi|Thunderbolt|p1b: Comfey\n|-end|p1b: Comfey|Substitute\n|\n|upkeep\n|\n|t:|1701188342\n|switch|p1a: Minior|Minior-Violet|100\/100\n|-formechange|p1a: Minior|Minior-Meteor||[from] ability: Shields Down\n|turn|2\n|\n|t:|1701188371\n|-terastallize|p1a: Minior|Rock\n|move|p2b: Pain|Population Bomb|p1a: Minior\n|-resisted|p1a: Minior\n|-damage|p1a: Minior|91\/100\n|-resisted|p1a: Minior\n|-damage|p1a: Minior|82\/100\n|-resisted|p1a: Minior\n|-damage|p1a: Minior|73\/100\n|-resisted|p1a: Minior\n|-damage|p1a: Minior|62\/100\n|-resisted|p1a: Minior\n|-damage|p1a: Minior|53\/100\n|-resisted|p1a: Minior\n|-damage|p1a: Minior|44\/100\n|-resisted|p1a: Minior\n|-damage|p1a: Minior|35\/100\n|-resisted|p1a: Minior\n|-damage|p1a: Minior|25\/100\n|-resisted|p1a: Minior\n|-damage|p1a: Minior|15\/100\n|-resisted|p1a: Minior\n|-damage|p1a: Minior|5\/100\n|-hitcount|p1a: Minior|10\n|move|p1a: Minior|Shell Smash|p1a: Minior\n|-unboost|p1a: Minior|def|1\n|-unboost|p1a: Minior|spd|1\n|-boost|p1a: Minior|atk|2\n|-boost|p1a: Minior|spa|2\n|-boost|p1a: Minior|spe|2\n|-enditem|p1a: Minior|White Herb\n|-clearnegativeboost|p1a: Minior|[silent]\n|move|p1b: Comfey|Substitute|p1b: Comfey\n|-start|p1b: Comfey|Substitute\n|-damage|p1b: Comfey|50\/100\n|-enditem|p1b: Comfey|Sitrus Berry|[eat]\n|-heal|p1b: Comfey|75\/100|[from] item: Sitrus Berry\n|move|p2a: Unagi|Thunderbolt|p1b: Comfey\n|-end|p1b: Comfey|Substitute\n|\n|-formechange|p1a: Minior|Minior-Violet||[from] ability: Shields Down\n|upkeep\n|turn|3\n|\n|t:|1701188402\n|move|p1b: Comfey|Floral Healing|p1a: Minior\n|-heal|p1a: Minior|55\/100\n|move|p1a: Minior|Acrobatics|p2b: Pain\n|-damage|p2b: Pain|0 fnt\n|faint|p2b: Pain\n|move|p2a: Unagi|Thunderbolt|p1b: Comfey\n|-damage|p1b: Comfey|42\/100\n|\n|-formechange|p1a: Minior|Minior-Meteor||[from] ability: Shields Down\n|upkeep\n|\n|t:|1701188414\n|switch|p2b: Excalibird|Corviknight, M, shiny|100\/100\n|turn|4\n|\n|t:|1701188423\n|move|p1b: Comfey|Floral Healing|p1a: Minior\n|-heal|p1a: Minior|100\/100\n|move|p1a: Minior|Rock Slide|p2a: Unagi|[spread] p2b\n|-miss|p1a: Minior|p2a: Unagi\n|-damage|p2b: Excalibird|60\/100\n|move|p2b: Excalibird|Steel Wing|p1b: Comfey\n|-supereffective|p1b: Comfey\n|-damage|p1b: Comfey|0 fnt\n|faint|p1b: Comfey\n|move|p2a: Unagi|Roar|p1a: Minior\n|drag|p1a: Swoobat|Swoobat, M|100\/100\n|\n|upkeep\n|\n|t:|1701188440\n|switch|p1b: Grimmsnarl|Grimmsnarl, M|100\/100\n|turn|5\n|\n|t:|1701188453\n|move|p1b: Grimmsnarl|Reflect|p1b: Grimmsnarl\n|-sidestart|p1: KuroOtonashi|Reflect\n|move|p1a: Swoobat|Calm Mind|p1a: Swoobat\n|-boost|p1a: Swoobat|spa|2\n|-boost|p1a: Swoobat|spd|2\n|move|p2b: Excalibird|Steel Wing|p1b: Grimmsnarl\n|-supereffective|p1b: Grimmsnarl\n|-damage|p1b: Grimmsnarl|52\/100\n|move|p2a: Unagi|Thunderbolt|p1a: Swoobat\n|-supereffective|p1a: Swoobat\n|-damage|p1a: Swoobat|31\/100\n|\n|upkeep\n|turn|6\n|\n|t:|1701188466\n|move|p1b: Grimmsnarl|Light Screen|p1b: Grimmsnarl\n|-sidestart|p1: KuroOtonashi|move: Light Screen\n|move|p1a: Swoobat|Roost|p1a: Swoobat\n|-heal|p1a: Swoobat|81\/100\n|-singleturn|p1a: Swoobat|move: Roost\n|-zpower|p2b: Excalibird\n|move|p2b: Excalibird|Supersonic Skystrike|p1b: Grimmsnarl|[zeffect]\n|-damage|p1b: Grimmsnarl|0 fnt\n|faint|p1b: Grimmsnarl\n|move|p2a: Unagi|Roar|p1a: Swoobat\n|drag|p1a: Minior|Minior-Violet, tera:Rock|100\/100\n|-formechange|p1a: Minior|Minior-Meteor||[from] ability: Shields Down\n|\n|upkeep\n|\n|t:|1701188504\n|switch|p1b: Swoobat|Swoobat, M|81\/100\n|turn|7\n|\n|t:|1701188513\n|move|p1b: Swoobat|Calm Mind|p1b: Swoobat\n|-boost|p1b: Swoobat|spa|2\n|-boost|p1b: Swoobat|spd|2\n|move|p1a: Minior|Shell Smash|p1a: Minior\n|-unboost|p1a: Minior|def|1\n|-unboost|p1a: Minior|spd|1\n|-boost|p1a: Minior|atk|2\n|-boost|p1a: Minior|spa|2\n|-boost|p1a: Minior|spe|2\n|move|p2b: Excalibird|Steel Wing|p1a: Minior\n|-supereffective|p1a: Minior\n|-damage|p1a: Minior|17\/100\n|-boost|p2b: Excalibird|def|1\n|move|p2a: Unagi|Thunderbolt|p1b: Swoobat\n|-supereffective|p1b: Swoobat\n|-damage|p1b: Swoobat|29\/100\n|\n|-formechange|p1a: Minior|Minior-Violet||[from] ability: Shields Down\n|upkeep\n|turn|8\n|\n|t:|1701188539\n|move|p1a: Minior|Acrobatics|p2a: Unagi\n|-resisted|p2a: Unagi\n|-damage|p2a: Unagi|48\/100\n|-damage|p1a: Minior|1\/100|[from] item: Rocky Helmet|[of] p2a: Unagi\n|move|p1b: Swoobat|Stored Power|p2a: Unagi\n|-damage|p2a: Unagi|0 fnt\n|faint|p2a: Unagi\n|move|p2b: Excalibird|Steel Wing|p1a: Minior\n|-supereffective|p1a: Minior\n|-damage|p1a: Minior|0 fnt\n|faint|p1a: Minior\n|\n|upkeep\n|\n|t:|1701188554\n|switch|p1a: Cloyster|Cloyster, F|100\/100\n|switch|p2a: Chidori|Zeraora|100\/100\n|turn|9\n|c|\u2606KuroOtonashi|too strong\n|\n|t:|1701188566\n|move|p2a: Chidori|Plasma Fists|p1b: Swoobat\n|-supereffective|p1b: Swoobat\n|-damage|p1b: Swoobat|0 fnt\n|-fieldactivate|move: Ion Deluge\n|-hint|Normal-type moves become Electric-type after using Plasma Fists.\n|faint|p1b: Swoobat\n|move|p1a: Cloyster|Shell Smash|p1a: Cloyster\n|-unboost|p1a: Cloyster|def|1\n|-unboost|p1a: Cloyster|spd|1\n|-boost|p1a: Cloyster|atk|2\n|-boost|p1a: Cloyster|spa|2\n|-boost|p1a: Cloyster|spe|2\n|-enditem|p1a: Cloyster|White Herb\n|-clearnegativeboost|p1a: Cloyster|[silent]\n|move|p2b: Excalibird|Steel Wing|p1a: Cloyster\n|-damage|p1a: Cloyster|84\/100\n|\n|upkeep\n|turn|10\n|\n|t:|1701188585\n|move|p1a: Cloyster|Icicle Spear|p2a: Chidori\n|-damage|p2a: Chidori|66\/100\n|-damage|p2a: Chidori|37\/100\n|-damage|p2a: Chidori|7\/100\n|-crit|p2a: Chidori\n|-damage|p2a: Chidori|0 fnt\n|faint|p2a: Chidori\n|-hitcount|p2: Chidori|4\n|move|p2b: Excalibird|Steel Wing|p1a: Cloyster\n|-damage|p1a: Cloyster|66\/100\n|\n|upkeep\n|\n|t:|1701188596\n|switch|p2a: Bunston|Cinderace, M, shiny|100\/100\n|turn|11\n|\n|t:|1701188603\n|move|p1a: Cloyster|Rock Blast|p2a: Bunston\n|-supereffective|p2a: Bunston\n|-damage|p2a: Bunston|48\/100\n|-supereffective|p2a: Bunston\n|-damage|p2a: Bunston|0 fnt\n|faint|p2a: Bunston\n|-hitcount|p2: Bunston|2\n|move|p2b: Excalibird|Taunt|p1a: Cloyster\n|-start|p1a: Cloyster|move: Taunt\n|\n|upkeep\n|\n|t:|1701188612\n|switch|p2a: Christmas Tree|Sceptile, M, shiny|100\/100\n|turn|12\n|c|\u2606KuroOtonashi|mega Sceptile !!\n|c|\u2606KuroOtonashi|Let's gooooo\n|\n|t:|1701188634\n|detailschange|p2a: Christmas Tree|Sceptile-Mega, M, shiny\n|-mega|p2a: Christmas Tree|Sceptile|Sceptilite\n|move|p1a: Cloyster|Icicle Spear|p2a: Christmas Tree\n|-supereffective|p2a: Christmas Tree\n|-damage|p2a: Christmas Tree|0 fnt\n|faint|p2a: Christmas Tree\n|-hitcount|p2: Christmas Tree|1\n|move|p2b: Excalibird|Tailwind|p2b: Excalibird\n|-sidestart|p2: ArcaneIV|move: Tailwind\n|\n|-sideend|p1: KuroOtonashi|Reflect\n|upkeep\n|turn|13\n|\n|t:|1701188657\n|move|p1a: Cloyster|Hydro Pump|p2b: Excalibird\n|-damage|p2b: Excalibird|0 fnt\n|faint|p2b: Excalibird\n|\n|win|KuroOtonashi\n|raw|KuroOtonashi's rating: 1052 &rarr; <strong>1090<\/strong><br \/>(+38 for winning)\n|raw|ArcaneIV's rating: 1115 &rarr; <strong>1086<\/strong><br \/>(-29 for losing)\n|c|\u2606KuroOtonashi|ggwp\n|c|\u2606ArcaneIV|gg\n|l|\u2606ArcaneIV\n","uploadtime":1701188668,"views":8,"p1id":"kurootonashi","p2id":"arcaneiv","formatid":"gen9nationaldexdoubles","rating":1086,"private":0,"password":""}