{"id":"gen9nationaldexdoubles-1986367055","p1":"MoonVTLunaAstraea","p2":"I'm russian ok?","format":"[Gen 9] National Dex Doubles","log":"|j|\u2606MoonVTLunaAstraea\n|j|\u2606I'm russian ok?\n|t:|1699472849\n|gametype|doubles\n|player|p1|MoonVTLunaAstraea|lusamine-nihilego|1275\n|player|p2|I'm russian ok?|birdkeeper|1182\n|teamsize|p1|6\n|teamsize|p2|6\n|gen|9\n|tier|[Gen 9] National Dex Doubles\n|rated|\n|rule|HP Percentage Mod: HP is shown in percentages\n|rule|Endless Battle Clause: Forcing endless battles is banned\n|rule|OHKO Clause: OHKO moves are banned\n|rule|Evasion Moves Clause: Evasion moves are banned\n|rule|Evasion Abilities Clause: Evasion abilities are banned\n|rule|Species Clause: Limit one of each Pok\u00e9mon\n|rule|Gravity Sleep Clause: The combination of sleep-inducing moves with imperfect accuracy and Gravity or Gigantamax Orbeetle are banned\n|clearpoke\n|poke|p1|Sceptile, M|\n|poke|p1|Primarina, M|\n|poke|p1|Kommo-o, F|\n|poke|p1|Mawile, M|\n|poke|p1|Incineroar, M|\n|poke|p1|Thundurus-Therian, M|\n|poke|p2|Tapu Koko|\n|poke|p2|Beedrill, M|\n|poke|p2|Talonflame, M|\n|poke|p2|Dragapult, M|\n|poke|p2|Serperior, F|\n|poke|p2|Greninja-*, M|\n|teampreview\n|\n|t:|1699472867\n|start\n|switch|p1a: Elizardbeth|Sceptile, M|100\/100\n|switch|p1b: Puddles|Primarina, M|100\/100\n|switch|p2a: died bird|Dragapult, M|100\/100\n|switch|p2b: head of bird|Tapu Koko|100\/100\n|-fieldstart|move: Electric Terrain|[from] ability: Electric Surge|[of] p2b: head of bird\n|turn|1\n|\n|t:|1699472886\n|move|p2a: died bird|Fly||[still]\n|-prepare|p2a: died bird|Fly\n|move|p2b: head of bird|Light Screen|p2b: head of bird\n|-sidestart|p2: I'm russian ok?|move: Light Screen\n|move|p1a: Elizardbeth|Grass Pledge|p2a: died bird\n|-waiting|p1a: Elizardbeth|p1b: Puddles\n|move|p1b: Puddles|Water Pledge|p2a: died bird|[from]move: Grass Pledge|[miss]\n|-miss|p1b: Puddles|p2a: died bird\n|\n|upkeep\n|turn|2\n|\n|t:|1699472903\n|move|p2a: died bird|Fly|p1a: Elizardbeth|[from]lockedmove|[miss]\n|-miss|p2a: died bird|p1a: Elizardbeth\n|-zpower|p2b: head of bird\n|move|p2b: head of bird|Guardian of Alola|p1b: Puddles|[zeffect]\n|-damage|p1b: Puddles|25\/100\n|move|p1a: Elizardbeth|Grass Pledge|p2b: head of bird\n|-waiting|p1a: Elizardbeth|p1b: Puddles\n|move|p1b: Puddles|Water Pledge|p2b: head of bird|[from]move: Grass Pledge\n|-combine\n|-damage|p2b: head of bird|0 fnt\n|-sidestart|p2: I'm russian ok?|Grass Pledge\n|faint|p2b: head of bird\n|\n|upkeep\n|\n|t:|1699472928\n|switch|p2b: insect bird|Beedrill, M|100\/100\n|turn|3\n|\n|t:|1699472939\n|detailschange|p2b: insect bird|Beedrill-Mega, M\n|-mega|p2b: insect bird|Beedrill|Beedrillite\n|move|p1a: Elizardbeth|Grass Pledge|p2a: died bird\n|-waiting|p1a: Elizardbeth|p1b: Puddles\n|move|p1b: Puddles|Water Pledge|p2a: died bird|[from]move: Grass Pledge\n|-combine\n|-resisted|p2a: died bird\n|-damage|p2a: died bird|48\/100\n|move|p2b: insect bird|Fell Stinger|p1a: Elizardbeth\n|-supereffective|p1a: Elizardbeth\n|-enditem|p1a: Elizardbeth|Focus Sash\n|-damage|p1a: Elizardbeth|1\/100\n|move|p2a: died bird|Fly||[still]\n|-prepare|p2a: died bird|Fly\n|\n|upkeep\n|turn|4\n|c|\u2606MoonVTLunaAstraea|52% resisted, nice\n|\n|t:|1699472958\n|move|p1a: Elizardbeth|Endeavor|p2b: insect bird\n|-damage|p2b: insect bird|1\/100\n|move|p1b: Puddles|Water Pledge|p2b: insect bird\n|-damage|p2b: insect bird|0 fnt\n|faint|p2b: insect bird\n|move|p2a: died bird|Fly|p1b: Puddles|[from]lockedmove\n|-damage|p1b: Puddles|0 fnt\n|faint|p1b: Puddles\n|\n|upkeep\n|c|\u2606MoonVTLunaAstraea|w lizard\n|\n|t:|1699472970\n|switch|p2b: ninja bird|Greninja, M|100\/100\n|switch|p1b: Mr. Jangles|Kommo-o, F|100\/100\n|turn|5\n|\n|t:|1699472982\n|-terastallize|p2b: ninja bird|Psychic\n|move|p1a: Elizardbeth|Quick Guard|p1a: Elizardbeth\n|-singleturn|p1a: Elizardbeth|Quick Guard\n|move|p2b: ninja bird|Water Shuriken|p1a: Elizardbeth\n|-activate|p1a: Elizardbeth|move: Quick Guard\n|-zpower|p1b: Mr. Jangles\n|move|p1b: Mr. Jangles|Clangorous Soulblaze|p2a: died bird|[zeffect]|[spread] p2a,p2b\n|-supereffective|p2a: died bird\n|-damage|p2a: died bird|0 fnt\n|-damage|p2b: ninja bird|38\/100\n|faint|p2a: died bird\n|-boost|p1b: Mr. Jangles|atk|1\n|-boost|p1b: Mr. Jangles|def|1\n|-boost|p1b: Mr. Jangles|spa|1\n|-boost|p1b: Mr. Jangles|spd|1\n|-boost|p1b: Mr. Jangles|spe|1\n|\n|-sideend|p2: I'm russian ok?|move: Light Screen\n|-sideend|p2: I'm russian ok?|Grass Pledge\n|-fieldend|move: Electric Terrain\n|upkeep\n|c|\u2606MoonVTLunaAstraea|Nice priority my friend\n|\n|t:|1699473004\n|switch|p2a: fire bird|Talonflame, M|100\/100\n|turn|6\n|\n|t:|1699473015\n|switch|p1a: Tony T. Tiger|Incineroar, M|100\/100\n|-ability|p1a: Tony T. Tiger|Intimidate|boost\n|-unboost|p2a: fire bird|atk|1\n|-unboost|p2b: ninja bird|atk|1\n|move|p2a: fire bird|Tailwind|p2a: fire bird\n|-sidestart|p2: I'm russian ok?|move: Tailwind\n|move|p2b: ninja bird|Extrasensory|p1b: Mr. Jangles\n|-supereffective|p1b: Mr. Jangles\n|-damage|p1b: Mr. Jangles|46\/100\n|move|p1b: Mr. Jangles|Clanging Scales|p2b: ninja bird|[spread] p2a,p2b\n|-damage|p2a: fire bird|14\/100\n|-damage|p2b: ninja bird|0 fnt\n|faint|p2b: ninja bird\n|-unboost|p1b: Mr. Jangles|def|1\n|\n|upkeep\n|\n|t:|1699473037\n|switch|p2b: long bird|Serperior, F|100\/100\n|turn|7\n|c|\u2606MoonVTLunaAstraea|gg\n|\n|t:|1699473054\n|move|p1a: Tony T. Tiger|Fake Out|p2a: fire bird\n|-damage|p2a: fire bird|0 fnt\n|faint|p2a: fire bird\n|move|p2b: long bird|Leaf Storm|p1b: Mr. Jangles\n|-resisted|p1b: Mr. Jangles\n|-damage|p1b: Mr. Jangles|24\/100\n|-boost|p2b: long bird|spa|2\n|-damage|p2b: long bird|91\/100|[from] item: Life Orb\n|move|p1b: Mr. Jangles|Flamethrower|p2b: long bird\n|-supereffective|p2b: long bird\n|-damage|p2b: long bird|0 fnt\n|faint|p2b: long bird\n|\n|win|MoonVTLunaAstraea\n|raw|MoonVTLunaAstraea's rating: 1275 &rarr; <strong>1293<\/strong><br \/>(+18 for winning)\n|raw|I&apos;m russian ok?'s rating: 1182 &rarr; <strong>1164<\/strong><br \/>(-18 for losing)\n|c|\u2606I'm russian ok?|gg\n|l|\u2606I'm russian ok?\n","uploadtime":1699473078,"views":7,"p1id":"moonvtlunaastraea","p2id":"imrussianok","formatid":"gen9nationaldexdoubles","rating":1164,"private":0,"password":""}