{"id":"gen9nationaldexdoubles-1988281263","p1":"Ccujcucjcuckvh","p2":"fumbari 24","format":"[Gen 9] National Dex Doubles","log":"|j|\u2606Ccujcucjcuckvh\n|j|\u2606fumbari 24\n|t:|1699700909\n|gametype|doubles\n|player|p1|Ccujcucjcuckvh|giovanni|1189\n|player|p2|fumbari 24|hilbert|1356\n|teamsize|p1|6\n|teamsize|p2|6\n|gen|9\n|tier|[Gen 9] National Dex Doubles\n|rated|\n|rule|HP Percentage Mod: HP is shown in percentages\n|rule|Endless Battle Clause: Forcing endless battles is banned\n|rule|OHKO Clause: OHKO moves are banned\n|rule|Evasion Moves Clause: Evasion moves are banned\n|rule|Evasion Abilities Clause: Evasion abilities are banned\n|rule|Species Clause: Limit one of each Pok\u00e9mon\n|rule|Gravity Sleep Clause: The combination of sleep-inducing moves with imperfect accuracy and Gravity or Gigantamax Orbeetle are banned\n|clearpoke\n|poke|p1|Ninetales-Alola, M|\n|poke|p1|Baxcalibur, F|\n|poke|p1|Weavile, F|\n|poke|p1|Froslass, F|\n|poke|p1|Sandslash-Alola, F|\n|poke|p1|Abomasnow, M|\n|poke|p2|Thundurus, M|\n|poke|p2|Latias, F|\n|poke|p2|Blastoise, M|\n|poke|p2|Staraptor, M|\n|poke|p2|Blaziken, M|\n|poke|p2|Bronzong|\n|teampreview\n|inactive|Battle timer is ON: inactive players will automatically lose when time's up. (requested by Ccujcucjcuckvh)\n|c|\u2606Ccujcucjcuckvh|Feeling cold?\n|\n|t:|1699700924\n|start\n|switch|p1a: Ninetales|Ninetales-Alola, M|100\/100\n|switch|p1b: Sandslash|Sandslash-Alola, F|100\/100\n|switch|p2a: Blaziken|Blaziken, M|100\/100\n|switch|p2b: Big Ben|Bronzong|100\/100\n|-weather|Snow|[from] ability: Snow Warning|[of] p1a: Ninetales\n|turn|1\n|\n|t:|1699700933\n|move|p2a: Blaziken|Protect|p2a: Blaziken\n|-singleturn|p2a: Blaziken|Protect\n|move|p1b: Sandslash|Drill Run|p2b: Big Ben\n|-immune|p2b: Big Ben|[from] ability: Levitate\n|move|p1a: Ninetales|Aurora Veil|p1a: Ninetales\n|-sidestart|p1: Ccujcucjcuckvh|move: Aurora Veil\n|-zpower|p2b: Big Ben\n|move|p2b: Big Ben|Z-Trick Room|p2b: Big Ben|[anim]Trick Room\n|-boost|p2b: Big Ben|accuracy|1|[zeffect]\n|-fieldstart|move: Trick Room|[of] p2b: Big Ben\n|\n|-weather|Snow|[upkeep]\n|-ability|p2a: Blaziken|Speed Boost|boost\n|-boost|p2a: Blaziken|spe|1\n|upkeep\n|turn|2\n|\n|t:|1699700952\n|switch|p2a: Staraptor|Staraptor, M|100\/100\n|-ability|p2a: Staraptor|Intimidate|boost\n|-unboost|p1a: Ninetales|atk|1\n|-unboost|p1b: Sandslash|atk|1\n|switch|p1a: Abomasnow|Abomasnow, M|100\/100\n|move|p2b: Big Ben|Hypnosis|p1a: Abomasnow\n|-status|p1a: Abomasnow|slp|[from] move: Hypnosis\n|move|p1b: Sandslash|Drill Run|p2a: Staraptor\n|-immune|p2a: Staraptor\n|\n|-weather|Snow|[upkeep]\n|upkeep\n|turn|3\n|\n|t:|1699700971\n|move|p2b: Big Ben|Hypnosis|p1b: Sandslash|[miss]\n|-miss|p2b: Big Ben|p1b: Sandslash\n|cant|p1a: Abomasnow|slp\n|move|p2a: Staraptor|U-turn|p1a: Abomasnow\n|-supereffective|p1a: Abomasnow\n|-damage|p1a: Abomasnow|77\/100 slp\n|\n|t:|1699700978\n|switch|p2a: Harbor|Blastoise, M|100\/100|[from] U-turn\n|move|p1b: Sandslash|Ice Spinner|p2a: Harbor\n|-resisted|p2a: Harbor\n|-damage|p2a: Harbor|90\/100\n|-damage|p1b: Sandslash|91\/100|[from] item: Life Orb\n|\n|-weather|Snow|[upkeep]\n|-heal|p1a: Abomasnow|83\/100 slp|[from] item: Leftovers\n|-heal|p2a: Harbor|96\/100|[from] item: Leftovers\n|upkeep\n|turn|4\n|\n|t:|1699700987\n|move|p2b: Big Ben|Gyro Ball|p1b: Sandslash\n|-damage|p1b: Sandslash|63\/100\n|cant|p1a: Abomasnow|slp\n|move|p2a: Harbor|Scald|p1b: Sandslash\n|-damage|p1b: Sandslash|37\/100\n|move|p1b: Sandslash|Drill Run|p2b: Big Ben\n|-immune|p2b: Big Ben|[from] ability: Levitate\n|\n|-weather|Snow|[upkeep]\n|-heal|p1a: Abomasnow|89\/100 slp|[from] item: Leftovers\n|-heal|p2a: Harbor|100\/100|[from] item: Leftovers\n|upkeep\n|turn|5\n|\n|t:|1699701010\n|switch|p1b: Froslass|Froslass, F|100\/100\n|move|p2b: Big Ben|Gyro Ball|p1b: Froslass\n|-supereffective|p1b: Froslass\n|-damage|p1b: Froslass|18\/100\n|cant|p1a: Abomasnow|slp\n|move|p2a: Harbor|Scald|p1b: Froslass\n|-crit|p1b: Froslass\n|-damage|p1b: Froslass|0 fnt\n|-start|p2a: Harbor|Disable|Scald|[from] ability: Cursed Body|[of] p1b: Froslass\n|faint|p1b: Froslass\n|\n|-weather|none\n|-heal|p1a: Abomasnow|96\/100 slp|[from] item: Leftovers\n|-fieldend|move: Trick Room\n|upkeep\n|\n|t:|1699701018\n|switch|p1b: Weavile|Weavile, F|100\/100\n|-ability|p1b: Weavile|Pressure\n|turn|6\n|\n|t:|1699701025\n|move|p2a: Harbor|Follow Me|p2a: Harbor\n|-singleturn|p2a: Harbor|move: Follow Me\n|move|p1b: Weavile|Knock Off|p2a: Harbor\n|-damage|p2a: Harbor|65\/100\n|-enditem|p2a: Harbor|Leftovers|[from] move: Knock Off|[of] p1b: Weavile\n|-curestatus|p1a: Abomasnow|slp|[msg]\n|move|p1a: Abomasnow|Energy Ball|p2a: Harbor\n|-supereffective|p2a: Harbor\n|-damage|p2a: Harbor|0 fnt\n|faint|p2a: Harbor\n|move|p2b: Big Ben|Trick Room|p2b: Big Ben\n|-fieldstart|move: Trick Room|[of] p2b: Big Ben\n|\n|-heal|p1a: Abomasnow|100\/100|[from] item: Leftovers\n|upkeep\n|\n|t:|1699701038\n|switch|p2a: Blaziken|Blaziken, M|100\/100\n|turn|7\n|\n|t:|1699701054\n|detailschange|p2a: Blaziken|Blaziken-Mega, M\n|-mega|p2a: Blaziken|Blaziken|Blazikenite\n|move|p2b: Big Ben|Gyro Ball|p1b: Weavile\n|-supereffective|p1b: Weavile\n|-damage|p1b: Weavile|0 fnt\n|faint|p1b: Weavile\n|move|p1a: Abomasnow|Aurora Veil||[still]\n|-fail|p1a: Abomasnow\n|move|p2a: Blaziken|Heat Wave|p1a: Abomasnow\n|-supereffective|p1a: Abomasnow\n|-damage|p1a: Abomasnow|0 fnt\n|faint|p1a: Abomasnow\n|\n|-ability|p2a: Blaziken|Speed Boost|boost\n|-boost|p2a: Blaziken|spe|1\n|upkeep\n|\n|t:|1699701057\n|switch|p1a: Ninetales|Ninetales-Alola, M|100\/100\n|switch|p1b: Sandslash|Sandslash-Alola, F|37\/100\n|-weather|Snow|[from] ability: Snow Warning|[of] p1a: Ninetales\n|turn|8\n|\n|t:|1699701070\n|switch|p2a: Staraptor|Staraptor, M|100\/100\n|-ability|p2a: Staraptor|Intimidate|boost\n|-unboost|p1a: Ninetales|atk|1\n|-unboost|p1b: Sandslash|atk|1\n|move|p2b: Big Ben|Hypnosis|p1a: Ninetales\n|-status|p1a: Ninetales|slp|[from] move: Hypnosis\n|cant|p1a: Ninetales|slp\n|move|p1b: Sandslash|Iron Head|p2b: Big Ben\n|-resisted|p2b: Big Ben\n|-damage|p2b: Big Ben|85\/100\n|-damage|p1b: Sandslash|27\/100|[from] item: Life Orb\n|\n|-weather|Snow|[upkeep]\n|-sideend|p1: Ccujcucjcuckvh|move: Aurora Veil\n|upkeep\n|turn|9\n|inactive|Ccujcucjcuckvh has 120 seconds left.\n|l|\u2606Ccujcucjcuckvh\n|inactive|Ccujcucjcuckvh disconnected and has a minute to reconnect!\n|player|p1|\n|inactive|Ccujcucjcuckvh has 30 seconds to reconnect!\n|inactive|Ccujcucjcuckvh has 20 seconds to reconnect!\n|inactive|Ccujcucjcuckvh has 15 seconds to reconnect!\n|inactive|Ccujcucjcuckvh has 10 seconds to reconnect!\n|inactive|Ccujcucjcuckvh has 5 seconds to reconnect!\n|-message|Ccujcucjcuckvh lost due to inactivity.\n|\n|win|fumbari 24\n|raw|Ccujcucjcuckvh's rating: 1173 &rarr; <strong>1160<\/strong><br \/>(-13 for losing)\n|raw|fumbari 24's rating: 1356 &rarr; <strong>1366<\/strong><br \/>(+10 for winning)\n","uploadtime":1699701190,"views":5,"p1id":"ccujcucjcuckvh","p2id":"fumbari24","formatid":"gen9nationaldexdoubles","rating":1160,"private":0,"password":""}