{"id":"gen9nationaldexdoubles-1965194976","p1":"dupoludek","p2":"Angelos1234","format":"[Gen 9] National Dex Doubles","log":"|j|\u2606dupoludek\n|j|\u2606Angelos1234\n|t:|1697049952\n|gametype|doubles\n|player|p1|dupoludek|teamrocket|\n|player|p2|Angelos1234|mira|\n|teamsize|p1|6\n|teamsize|p2|6\n|gen|9\n|tier|[Gen 9] National Dex Doubles\n|rule|HP Percentage Mod: HP is shown in percentages\n|rule|Endless Battle Clause: Forcing endless battles is banned\n|rule|OHKO Clause: OHKO moves are banned\n|rule|Evasion Moves Clause: Evasion moves are banned\n|rule|Evasion Abilities Clause: Evasion abilities are banned\n|rule|Species Clause: Limit one of each Pok\u00e9mon\n|rule|Gravity Sleep Clause: The combination of sleep-inducing moves with imperfect accuracy and Gravity or Gigantamax Orbeetle are banned\n|clearpoke\n|poke|p1|Eevee, M|\n|poke|p1|Latios, M|\n|poke|p1|Flamigo, M|\n|poke|p1|Lapras, M|\n|poke|p1|Shuckle, F|\n|poke|p1|Blissey, F|\n|poke|p2|Fezandipiti, M|\n|poke|p2|Maushold-Four|\n|poke|p2|Rotom-Mow|\n|poke|p2|Tyranitar, F|\n|poke|p2|Delphox, M|\n|poke|p2|Skeledirge, F|\n|teampreview\n|j| pscnt\n|j| ROLOUKU\n|\n|t:|1697049991\n|start\n|switch|p1a: Fujara|Latios, M, shiny|100\/100\n|switch|p1b: Krokodyl|Eevee, M, shiny|100\/100\n|switch|p2a: Maushold|Maushold-Four|100\/100\n|switch|p2b: Fezandipiti|Fezandipiti, M|100\/100\n|turn|1\n|\n|t:|1697050005\n|detailschange|p1a: Fujara|Latios-Mega, M, shiny\n|-mega|p1a: Fujara|Latios|Latiosite\n|move|p2a: Maushold|Protect|p2a: Maushold\n|-singleturn|p2a: Maushold|Protect\n|move|p1a: Fujara|Simple Beam|p1b: Krokodyl\n|-endability|p1b: Krokodyl|Adaptability|[from] move: Simple Beam\n|-ability|p1b: Krokodyl|Simple|[from] move: Simple Beam\n|move|p2b: Fezandipiti|Dazzling Gleam|p1b: Krokodyl|[spread] p1a,p1b\n|-supereffective|p1a: Fujara\n|-damage|p1a: Fujara|73\/100\n|-damage|p1b: Krokodyl|76\/100\n|-zpower|p1b: Krokodyl\n|move|p1b: Krokodyl|Extreme Evoboost|p1b: Krokodyl\n|-boost|p1b: Krokodyl|atk|4\n|-boost|p1b: Krokodyl|def|4\n|-boost|p1b: Krokodyl|spa|4\n|-boost|p1b: Krokodyl|spd|4\n|-boost|p1b: Krokodyl|spe|4\n|\n|upkeep\n|turn|2\n|\n|t:|1697050037\n|move|p1b: Krokodyl|Baton Pass|p1b: Krokodyl\n|\n|t:|1697050039\n|switch|p1b: Annihilator|Shuckle, F|100\/100|[from] Baton Pass\n|move|p2a: Maushold|Population Bomb|p1b: Annihilator\n|-resisted|p1b: Annihilator\n|-damage|p1b: Annihilator|99\/100\n|-damage|p2a: Maushold|84\/100|[from] item: Rocky Helmet|[of] p1b: Annihilator\n|-resisted|p1b: Annihilator\n|-damage|p1b: Annihilator|97\/100\n|-damage|p2a: Maushold|67\/100|[from] item: Rocky Helmet|[of] p1b: Annihilator\n|-resisted|p1b: Annihilator\n|-damage|p1b: Annihilator|96\/100\n|-damage|p2a: Maushold|51\/100|[from] item: Rocky Helmet|[of] p1b: Annihilator\n|-resisted|p1b: Annihilator\n|-damage|p1b: Annihilator|94\/100\n|-damage|p2a: Maushold|34\/100|[from] item: Rocky Helmet|[of] p1b: Annihilator\n|-resisted|p1b: Annihilator\n|-damage|p1b: Annihilator|92\/100\n|-damage|p2a: Maushold|17\/100|[from] item: Rocky Helmet|[of] p1b: Annihilator\n|-resisted|p1b: Annihilator\n|-damage|p1b: Annihilator|91\/100\n|-damage|p2a: Maushold|1\/100|[from] item: Rocky Helmet|[of] p1b: Annihilator\n|-resisted|p1b: Annihilator\n|-damage|p1b: Annihilator|89\/100\n|-damage|p2a: Maushold|0 fnt|[from] item: Rocky Helmet|[of] p1b: Annihilator\n|faint|p2a: Maushold\n|-hitcount|p1b: Annihilator|7\n|move|p1a: Fujara|Psych Up|p1b: Annihilator\n|-copyboost|p1a: Fujara|p1b: Annihilator|[from] move: Psych Up\n|move|p2b: Fezandipiti|Disarming Voice|p1a: Fujara|[spread] p1a,p1b\n|-supereffective|p1a: Fujara\n|-damage|p1a: Fujara|67\/100\n|-damage|p1b: Annihilator|87\/100\n|\n|upkeep\n|\n|t:|1697050087\n|switch|p2a: Tyranitar|Tyranitar, F|100\/100\n|-ability|p2a: Tyranitar|Unnerve\n|turn|3\n|\n|t:|1697050106\n|detailschange|p2a: Tyranitar|Tyranitar-Mega, F\n|-mega|p2a: Tyranitar|Tyranitar|Tyranitarite\n|-weather|Sandstorm|[from] ability: Sand Stream|[of] p2a: Tyranitar\n|move|p1a: Fujara|Psychic|p2b: Fezandipiti\n|-supereffective|p2b: Fezandipiti\n|-enditem|p2b: Fezandipiti|Focus Sash\n|-damage|p2b: Fezandipiti|1\/100\n|move|p2b: Fezandipiti|Dazzling Gleam|p1a: Fujara|[spread] p1a,p1b\n|-supereffective|p1a: Fujara\n|-damage|p1a: Fujara|57\/100\n|-damage|p1b: Annihilator|84\/100\n|-status|p1a: Fujara|tox|[from] ability: Toxic Chain|[of] p2b: Fezandipiti\n|-status|p1b: Annihilator|tox|[from] ability: Toxic Chain|[of] p2b: Fezandipiti\n|move|p2a: Tyranitar|Rock Slide|p1a: Fujara|[spread] p1a,p1b\n|-crit|p1a: Fujara\n|-supereffective|p1b: Annihilator\n|-damage|p1a: Fujara|0 fnt\n|-damage|p1b: Annihilator|61\/100 tox\n|faint|p1a: Fujara\n|cant|p1b: Annihilator|flinch\n|\n|-weather|Sandstorm|[upkeep]\n|-damage|p2b: Fezandipiti|0 fnt|[from] Sandstorm\n|faint|p2b: Fezandipiti\n|-damage|p1b: Annihilator|55\/100 tox|[from] psn\n|upkeep\n|\n|t:|1697050131\n|switch|p1a: JAJCO2212|Blissey, F, shiny|100\/100\n|switch|p2b: Rotom|Rotom-Mow|100\/100\n|turn|4\n|\n|t:|1697050146\n|move|p2b: Rotom|Thunder|p1a: JAJCO2212|[miss]\n|-miss|p2b: Rotom|p1a: JAJCO2212\n|move|p2a: Tyranitar|Rock Slide|p1a: JAJCO2212|[spread] p1a,p1b\n|-supereffective|p1b: Annihilator\n|-damage|p1a: JAJCO2212|28\/100\n|-damage|p1b: Annihilator|34\/100 tox\n|cant|p1a: JAJCO2212|flinch\n|move|p1b: Annihilator|Acupressure|p1b: Annihilator\n|-boost|p1b: Annihilator|accuracy|2\n|\n|-weather|Sandstorm|[upkeep]\n|-damage|p2b: Rotom|94\/100|[from] Sandstorm\n|-damage|p1a: JAJCO2212|22\/100|[from] Sandstorm\n|-heal|p1a: JAJCO2212|28\/100|[from] item: Leftovers\n|-damage|p1b: Annihilator|22\/100 tox|[from] psn\n|upkeep\n|turn|5\n|\n|t:|1697050173\n|-terastallize|p1b: Annihilator|Ground\n|move|p2b: Rotom|Electroweb|p1b: Annihilator|[spread] p1a\n|-immune|p1b: Annihilator\n|-damage|p1a: JAJCO2212|22\/100\n|-unboost|p1a: JAJCO2212|spe|1\n|move|p2a: Tyranitar|Rock Slide|p1a: JAJCO2212|[spread] p1a,p1b\n|-resisted|p1b: Annihilator\n|-damage|p1a: JAJCO2212|0 fnt\n|-damage|p1b: Annihilator|17\/100 tox\n|faint|p1a: JAJCO2212\n|cant|p1b: Annihilator|flinch\n|\n|-weather|Sandstorm|[upkeep]\n|-damage|p2b: Rotom|88\/100|[from] Sandstorm\n|-damage|p1b: Annihilator|0 fnt|[from] psn\n|faint|p1b: Annihilator\n|upkeep\n|\n|t:|1697050196\n|switch|p1a: W\u0142odek|Lapras, M|100\/100\n|switch|p1b: FlanelowyZiomo|Flamigo, M|100\/100\n|-copyboost|p1b: FlanelowyZiomo|p1a: W\u0142odek|[from] ability: Costar\n|turn|6\n|\n|t:|1697050212\n|move|p2b: Rotom|Thunder|p1a: W\u0142odek\n|-supereffective|p1a: W\u0142odek\n|-damage|p1a: W\u0142odek|35\/100\n|-status|p1a: W\u0142odek|par\n|move|p1b: FlanelowyZiomo|Dual Wingbeat|p2b: Rotom|[miss]\n|-miss|p1b: FlanelowyZiomo|p2b: Rotom\n|move|p2a: Tyranitar|Rock Blast|p1b: FlanelowyZiomo\n|-damage|p1b: FlanelowyZiomo|77\/100\n|-damage|p1b: FlanelowyZiomo|54\/100\n|-damage|p1b: FlanelowyZiomo|32\/100\n|-hitcount|p1b: FlanelowyZiomo|3\n|cant|p1a: W\u0142odek|par\n|\n|-weather|Sandstorm|[upkeep]\n|-damage|p2b: Rotom|82\/100|[from] Sandstorm\n|-damage|p1b: FlanelowyZiomo|26\/100|[from] Sandstorm\n|-damage|p1a: W\u0142odek|29\/100 par|[from] Sandstorm\n|upkeep\n|turn|7\n|\n|t:|1697050239\n|move|p2b: Rotom|Electroweb|p1a: W\u0142odek|[spread] p1a,p1b\n|-supereffective|p1a: W\u0142odek\n|-supereffective|p1b: FlanelowyZiomo\n|-damage|p1a: W\u0142odek|4\/100 par\n|-damage|p1b: FlanelowyZiomo|0 fnt\n|-unboost|p1a: W\u0142odek|spe|1\n|faint|p1b: FlanelowyZiomo\n|move|p2a: Tyranitar|Rock Slide|p1a: W\u0142odek\n|-supereffective|p1a: W\u0142odek\n|-damage|p1a: W\u0142odek|0 fnt\n|faint|p1a: W\u0142odek\n|\n|-weather|none\n|upkeep\n|\n|t:|1697050252\n|switch|p1a: Krokodyl|Eevee, M, shiny|76\/100\n|turn|8\n|\n|t:|1697050262\n|move|p1a: Krokodyl|Quick Attack|p2b: Rotom\n|-damage|p2b: Rotom|65\/100\n|move|p2b: Rotom|Thunder|p1a: Krokodyl\n|-damage|p1a: Krokodyl|0 fnt\n|faint|p1a: Krokodyl\n|\n|win|Angelos1234\n|l|\u2606dupoludek\n","uploadtime":1697050285,"views":8,"p1id":"dupoludek","p2id":"angelos1234","formatid":"gen9nationaldexdoubles","rating":0,"private":0,"password":""}