{"id":"gen9nationaldexdoubles-1954997001","p1":"The Mago3011","p2":"dreepy airlines","format":"[Gen 9] National Dex Doubles","log":"|j|\u2606The Mago3011\n|j|\u2606dreepy airlines\n|t:|1695945125\n|gametype|doubles\n|player|p1|The Mago3011|korrina-masters|\n|player|p2|dreepy airlines|waitress-gen6|\n|teamsize|p1|6\n|teamsize|p2|6\n|gen|9\n|tier|[Gen 9] National Dex Doubles\n|rule|HP Percentage Mod: HP is shown in percentages\n|rule|Endless Battle Clause: Forcing endless battles is banned\n|rule|OHKO Clause: OHKO moves are banned\n|rule|Evasion Moves Clause: Evasion moves are banned\n|rule|Evasion Abilities Clause: Evasion abilities are banned\n|rule|Species Clause: Limit one of each Pok\u00e9mon\n|rule|Gravity Sleep Clause: The combination of sleep-inducing moves with imperfect accuracy and Gravity or Gigantamax Orbeetle are banned\n|clearpoke\n|poke|p1|Armarouge, M|\n|poke|p1|Indeedee-F, F|\n|poke|p1|Ursaluna, M|\n|poke|p1|Cresselia, F|\n|poke|p1|Grimmsnarl, M|\n|poke|p1|Tapu Lele|\n|poke|p2|Charizard, F|\n|poke|p2|Chi-Yu|\n|poke|p2|Flutter Mane|\n|poke|p2|Whimsicott, F|\n|poke|p2|Kingambit, M|\n|poke|p2|Landorus-Therian, M|\n|teampreview\n|c|\u2606The Mago3011|glhf\n|c|\u2606dreepy airlines|hf\n|c|\u2606dreepy airlines|soz bout the uh\n|c|\u2606dreepy airlines|team\n|c|\u2606dreepy airlines|but i cant play doubles\n|j| S1r.sweepsaLot\n|l| S1r.sweepsaLot\n|\n|t:|1695945155\n|start\n|switch|p1a: Gaster|Armarouge, M|100\/100\n|switch|p1b: Feedsuni|Indeedee-F, F|100\/100\n|switch|p2a: Charizard|Charizard, F|100\/100\n|switch|p2b: Chi-Yu|Chi-Yu|100\/100\n|-ability|p2b: Chi-Yu|Beads of Ruin\n|-fieldstart|move: Psychic Terrain|[from] ability: Psychic Surge|[of] p1b: Feedsuni\n|turn|1\n|\n|t:|1695945176\n|detailschange|p2a: Charizard|Charizard-Mega-Y, F\n|-mega|p2a: Charizard|Charizard|Charizardite Y\n|-weather|SunnyDay|[from] ability: Drought|[of] p2a: Charizard\n|move|p2a: Charizard|Protect|p2a: Charizard\n|-singleturn|p2a: Charizard|Protect\n|move|p1b: Feedsuni|Follow Me|p1b: Feedsuni\n|-singleturn|p1b: Feedsuni|move: Follow Me\n|move|p2b: Chi-Yu|Dark Pulse|p1b: Feedsuni\n|-supereffective|p1b: Feedsuni\n|-damage|p1b: Feedsuni|21\/100\n|move|p1a: Gaster|Trick Room|p1a: Gaster\n|-fieldstart|move: Trick Room|[of] p1a: Gaster\n|\n|-weather|SunnyDay|[upkeep]\n|upkeep\n|turn|2\n|\n|t:|1695945202\n|move|p1b: Feedsuni|Follow Me|p1b: Feedsuni\n|-singleturn|p1b: Feedsuni|move: Follow Me\n|move|p1a: Gaster|Heat Wave|p2a: Charizard|[spread] p2a,p2b\n|-resisted|p2a: Charizard\n|-resisted|p2b: Chi-Yu\n|-damage|p2a: Charizard|57\/100\n|-damage|p2b: Chi-Yu|55\/100\n|-damage|p1a: Gaster|91\/100|[from] item: Life Orb\n|move|p2a: Charizard|Solar Beam||[still]\n|-prepare|p2a: Charizard|Solar Beam\n|-anim|p2a: Charizard|Solar Beam|p1b: Feedsuni\n|-damage|p1b: Feedsuni|0 fnt\n|faint|p1b: Feedsuni\n|move|p2b: Chi-Yu|Dark Pulse|p1a: Gaster\n|-supereffective|p1a: Gaster\n|-damage|p1a: Gaster|0 fnt\n|faint|p1a: Gaster\n|\n|-weather|SunnyDay|[upkeep]\n|upkeep\n|\n|t:|1695945225\n|switch|p1a: Stervwhen|Grimmsnarl, M|100\/100\n|switch|p1b: Pablo Eskobear|Ursaluna, M|100\/100\n|turn|3\n|\n|t:|1695945243\n|-terastallize|p1b: Pablo Eskobear|Ghost\n|move|p2a: Charizard|Protect|p2a: Charizard\n|-singleturn|p2a: Charizard|Protect\n|move|p2b: Chi-Yu|Protect|p2b: Chi-Yu\n|-singleturn|p2b: Chi-Yu|Protect\n|move|p1a: Stervwhen|Light Screen|p1a: Stervwhen\n|-sidestart|p1: The Mago3011|move: Light Screen\n|move|p1b: Pablo Eskobear|Facade|p2b: Chi-Yu\n|-activate|p2b: Chi-Yu|move: Protect\n|\n|-weather|SunnyDay|[upkeep]\n|-status|p1b: Pablo Eskobear|brn|[from] item: Flame Orb\n|upkeep\n|turn|4\n|\n|t:|1695945261\n|switch|p2b: Landorus|Landorus-Therian, M|100\/100\n|-ability|p2b: Landorus|Intimidate|boost\n|-unboost|p1a: Stervwhen|atk|1\n|-unboost|p1b: Pablo Eskobear|atk|1\n|move|p1b: Pablo Eskobear|Facade|p2b: Landorus\n|-damage|p2b: Landorus|23\/100\n|move|p1a: Stervwhen|Spirit Break|p2a: Charizard\n|-resisted|p2a: Charizard\n|-damage|p2a: Charizard|46\/100\n|-unboost|p2a: Charizard|spa|1\n|move|p2a: Charizard|Heat Wave|p1a: Stervwhen|[spread] p1a,p1b\n|-damage|p1a: Stervwhen|77\/100\n|-damage|p1b: Pablo Eskobear|78\/100 brn\n|-status|p1a: Stervwhen|brn\n|\n|-weather|SunnyDay|[upkeep]\n|-damage|p1b: Pablo Eskobear|71\/100 brn|[from] brn\n|-damage|p1a: Stervwhen|71\/100 brn|[from] brn\n|upkeep\n|turn|5\n|\n|t:|1695945277\n|move|p2a: Charizard|Protect|p2a: Charizard\n|-singleturn|p2a: Charizard|Protect\n|move|p1a: Stervwhen|Reflect|p1a: Stervwhen\n|-sidestart|p1: The Mago3011|Reflect\n|move|p1b: Pablo Eskobear|Facade|p2b: Landorus\n|-crit|p2b: Landorus\n|-damage|p2b: Landorus|0 fnt\n|faint|p2b: Landorus\n|\n|-weather|none\n|-damage|p1b: Pablo Eskobear|65\/100 brn|[from] brn\n|-damage|p1a: Stervwhen|65\/100 brn|[from] brn\n|-fieldend|move: Trick Room\n|-fieldend|move: Psychic Terrain\n|upkeep\n|\n|t:|1695945283\n|switch|p2b: Chi-Yu|Chi-Yu|55\/100\n|-ability|p2b: Chi-Yu|Beads of Ruin\n|turn|6\n|\n|t:|1695945295\n|switch|p1b: Monke Hater|Tapu Lele|100\/100\n|-fieldstart|move: Psychic Terrain|[from] ability: Psychic Surge|[of] p1b: Monke Hater\n|move|p2b: Chi-Yu|Dark Pulse|p1b: Monke Hater\n|-damage|p1b: Monke Hater|66\/100\n|move|p2a: Charizard|Heat Wave|p1b: Monke Hater|[spread] p1a,p1b\n|-damage|p1a: Stervwhen|44\/100 brn\n|-damage|p1b: Monke Hater|46\/100\n|move|p1a: Stervwhen|Spirit Break|p2b: Chi-Yu\n|-crit|p2b: Chi-Yu\n|-damage|p2b: Chi-Yu|17\/100\n|-unboost|p2b: Chi-Yu|spa|1\n|\n|-damage|p1a: Stervwhen|38\/100 brn|[from] brn\n|upkeep\n|turn|7\n|\n|t:|1695945311\n|move|p2b: Chi-Yu|Heat Wave|p1a: Stervwhen|[spread] p1a,p1b\n|-crit|p1a: Stervwhen\n|-damage|p1a: Stervwhen|0 fnt\n|-damage|p1b: Monke Hater|25\/100\n|faint|p1a: Stervwhen\n|move|p2a: Charizard|Heat Wave|p1b: Monke Hater\n|-damage|p1b: Monke Hater|0 fnt\n|faint|p1b: Monke Hater\n|\n|upkeep\n|\n|t:|1695945316\n|switch|p1b: The Wall|Cresselia, F|100\/100\n|switch|p1a: Pablo Eskobear|Ursaluna, M, tera:Ghost|65\/100 brn\n|turn|8\n|\n|t:|1695945327\n|move|p2b: Chi-Yu|Dark Pulse|p1b: The Wall\n|-supereffective|p1b: The Wall\n|-damage|p1b: The Wall|73\/100\n|move|p2a: Charizard|Heat Wave|p1b: The Wall|[spread] p1a,p1b\n|-damage|p1a: Pablo Eskobear|44\/100 brn\n|-damage|p1b: The Wall|59\/100\n|move|p1a: Pablo Eskobear|Drain Punch|p2b: Chi-Yu\n|-supereffective|p2b: Chi-Yu\n|-damage|p2b: Chi-Yu|0 fnt\n|-heal|p1a: Pablo Eskobear|48\/100 brn|[from] drain|[of] p2b: Chi-Yu\n|faint|p2b: Chi-Yu\n|move|p1b: The Wall|Trick Room|p1b: The Wall\n|-fieldstart|move: Trick Room|[of] p1b: The Wall\n|\n|-heal|p1b: The Wall|65\/100|[from] item: Leftovers\n|-damage|p1a: Pablo Eskobear|42\/100 brn|[from] brn\n|upkeep\n|\n|t:|1695945346\n|switch|p2b: Whimsicott|Whimsicott, F|100\/100\n|turn|9\n|\n|t:|1695945370\n|move|p2b: Whimsicott|Encore|p1b: The Wall\n|-start|p1b: The Wall|Encore\n|move|p1a: Pablo Eskobear|Facade|p2b: Whimsicott\n|-damage|p2b: Whimsicott|0 fnt\n|faint|p2b: Whimsicott\n|move|p1b: The Wall|Trick Room|p1b: The Wall\n|-fieldend|move: Trick Room\n|move|p2a: Charizard|Heat Wave|p1a: Pablo Eskobear|[spread] p1a,p1b\n|-damage|p1a: Pablo Eskobear|27\/100 brn\n|-damage|p1b: The Wall|54\/100\n|\n|-heal|p1b: The Wall|60\/100|[from] item: Leftovers\n|-damage|p1a: Pablo Eskobear|21\/100 brn|[from] brn\n|upkeep\n|c|\u2606dreepy airlines|lmao\n|\n|t:|1695945380\n|switch|p2b: Flutter Mane|Flutter Mane|100\/100\n|turn|10\n|\n|t:|1695945386\n|switch|p2a: Kingambit|Kingambit, M|100\/100\n|move|p2b: Flutter Mane|Shadow Ball|p1a: Pablo Eskobear\n|-supereffective|p1a: Pablo Eskobear\n|-damage|p1a: Pablo Eskobear|0 fnt\n|faint|p1a: Pablo Eskobear\n|move|p1b: The Wall|Trick Room|p1b: The Wall\n|-fieldstart|move: Trick Room|[of] p1b: The Wall\n|\n|-heal|p1b: The Wall|66\/100|[from] item: Leftovers\n|-sideend|p1: The Mago3011|move: Light Screen\n|-fieldend|move: Psychic Terrain\n|upkeep\n|turn|11\n|c|\u2606dreepy airlines|gg\n|c|\u2606The Mago3011|Well gg\n|-message|The Mago3011 forfeited.\n|\n|win|dreepy airlines\n|l|\u2606The Mago3011\n","uploadtime":1695945430,"views":5,"p1id":"themago3011","p2id":"dreepyairlines","formatid":"gen9nationaldexdoubles","rating":0,"private":0,"password":""}