{"id":"gen9nationaldexdoubles-1953964131","p1":"glimmeraqua","p2":"lupla","format":"[Gen 9] National Dex Doubles","log":"|j|\u2606glimmeraqua\n|j|\u2606lupla\n|t:|1695841699\n|gametype|doubles\n|player|p1|glimmeraqua|iris-gen5bw2|\n|player|p2|lupla|juggler|\n|teamsize|p1|6\n|teamsize|p2|6\n|gen|9\n|tier|[Gen 9] National Dex Doubles\n|rated|Tournament battle\n|rule|HP Percentage Mod: HP is shown in percentages\n|rule|Endless Battle Clause: Forcing endless battles is banned\n|rule|OHKO Clause: OHKO moves are banned\n|rule|Evasion Moves Clause: Evasion moves are banned\n|rule|Evasion Abilities Clause: Evasion abilities are banned\n|rule|Species Clause: Limit one of each Pok\u00e9mon\n|rule|Gravity Sleep Clause: The combination of sleep-inducing moves with imperfect accuracy and Gravity or Gigantamax Orbeetle are banned\n|clearpoke\n|poke|p1|Mew|\n|poke|p1|Rillaboom, F|\n|poke|p1|Urshifu-*, M|\n|poke|p1|Tornadus, M|\n|poke|p1|Kingambit, M|\n|poke|p1|Flutter Mane|\n|poke|p2|Tornadus, M|\n|poke|p2|Kartana|\n|poke|p2|Indeedee-F, F|\n|poke|p2|Gardevoir, F|\n|poke|p2|Ursaluna, M|\n|poke|p2|Urshifu-*, F|\n|teampreview\n|inactive|Battle timer is ON: inactive players will automatically lose when time's up. (requested by lupla)\n|j| Daepiquejt\n|\n|t:|1695841729\n|start\n|switch|p1a: Reality in Motion|Mew|100\/100\n|switch|p1b: Gossip|Kingambit, M|100\/100\n|switch|p2a: Urshifu|Urshifu-Rapid-Strike, F|100\/100\n|switch|p2b: Indeedee|Indeedee-F, F|100\/100\n|-fieldstart|move: Psychic Terrain|[from] ability: Psychic Surge|[of] p2b: Indeedee\n|turn|1\n|\n|t:|1695841762\n|switch|p1b: Love|Flutter Mane|100\/100\n|move|p2b: Indeedee|Protect|p2b: Indeedee\n|-singleturn|p2b: Indeedee|Protect\n|move|p1a: Reality in Motion|Will-O-Wisp|p2a: Urshifu|[miss]\n|-miss|p1a: Reality in Motion|p2a: Urshifu\n|move|p2a: Urshifu|U-turn|p1a: Reality in Motion\n|-supereffective|p1a: Reality in Motion\n|-damage|p1a: Reality in Motion|37\/100\n|-enditem|p1a: Reality in Motion|Sitrus Berry|[eat]\n|-heal|p1a: Reality in Motion|62\/100|[from] item: Sitrus Berry\n|inactive|lupla has 120 seconds left.\n|\n|t:|1695841785\n|switch|p2a: LIBRA|Kartana|100\/100|[from] U-turn\n|\n|upkeep\n|turn|2\n|j| Rodnire\n|inactive|glimmeraqua has 120 seconds left.\n|\n|t:|1695841817\n|move|p2b: Indeedee|Follow Me|p2b: Indeedee\n|-singleturn|p2b: Indeedee|move: Follow Me\n|move|p1b: Love|Dazzling Gleam|p2b: Indeedee|[spread] p2a,p2b\n|-resisted|p2a: LIBRA\n|-damage|p2a: LIBRA|56\/100\n|-damage|p2b: Indeedee|58\/100\n|move|p2a: LIBRA|Substitute|p2a: LIBRA\n|-start|p2a: LIBRA|Substitute\n|-damage|p2a: LIBRA|31\/100\n|move|p1a: Reality in Motion|Pollen Puff|p2b: Indeedee\n|-supereffective|p2b: Indeedee\n|-damage|p2b: Indeedee|25\/100\n|\n|upkeep\n|turn|3\n|inactive|lupla has 120 seconds left.\n|\n|t:|1695841848\n|-end|p1b: Love|Protosynthesis|[silent]\n|switch|p1b: New Person|Tornadus, M|100\/100\n|move|p2a: LIBRA|Protect|p2a: LIBRA\n|-singleturn|p2a: LIBRA|Protect\n|move|p1a: Reality in Motion|Pollen Puff|p2a: LIBRA\n|-activate|p2a: LIBRA|move: Protect\n|move|p2b: Indeedee|Psyshock|p1b: New Person\n|-damage|p1b: New Person|47\/100\n|\n|upkeep\n|turn|4\n|\n|t:|1695841869\n|move|p1b: New Person|Protect|p1b: New Person\n|-singleturn|p1b: New Person|Protect\n|move|p2a: LIBRA|Leaf Blade|p1a: Reality in Motion\n|-damage|p1a: Reality in Motion|19\/100\n|move|p1a: Reality in Motion|Pollen Puff|p2a: LIBRA\n|-end|p2a: LIBRA|Substitute\n|move|p2b: Indeedee|Trick Room|p2b: Indeedee\n|-fieldstart|move: Trick Room|[of] p2b: Indeedee\n|\n|upkeep\n|turn|5\n|\n|t:|1695841899\n|switch|p2a: Ursaluna|Ursaluna, M|100\/100\n|switch|p1b: Gossip|Kingambit, M|100\/100\n|move|p2b: Indeedee|Psyshock|p1a: Reality in Motion\n|-resisted|p1a: Reality in Motion\n|-damage|p1a: Reality in Motion|5\/100\n|move|p1a: Reality in Motion|Pollen Puff|p2a: Ursaluna\n|-damage|p2a: Ursaluna|82\/100\n|\n|-fieldend|move: Psychic Terrain\n|-status|p2a: Ursaluna|brn|[from] item: Flame Orb\n|upkeep\n|turn|6\n|\n|t:|1695841928\n|move|p1b: Gossip|Protect|p1b: Gossip\n|-singleturn|p1b: Gossip|Protect\n|move|p2b: Indeedee|Protect|p2b: Indeedee\n|-singleturn|p2b: Indeedee|Protect\n|move|p2a: Ursaluna|Earthquake|p1b: Gossip|[spread] p1a\n|-activate|p2b: Indeedee|move: Protect\n|-activate|p1b: Gossip|move: Protect\n|-damage|p1a: Reality in Motion|0 fnt\n|faint|p1a: Reality in Motion\n|\n|-damage|p2a: Ursaluna|75\/100 brn|[from] brn\n|upkeep\n|\n|t:|1695841939\n|switch|p1a: Same Old Mistakes|Rillaboom, F|100\/100\n|-fieldstart|move: Grassy Terrain|[from] ability: Grassy Surge|[of] p1a: Same Old Mistakes\n|turn|7\n|\n|t:|1695841953\n|switch|p2b: LIBRA|Kartana|31\/100\n|move|p2a: Ursaluna|Protect|p2a: Ursaluna\n|-singleturn|p2a: Ursaluna|Protect\n|move|p1a: Same Old Mistakes|Fake Out|p2a: Ursaluna\n|-activate|p2a: Ursaluna|move: Protect\n|move|p1b: Gossip|Swords Dance|p1b: Gossip\n|-boost|p1b: Gossip|atk|2\n|\n|-heal|p2a: Ursaluna|82\/100 brn|[from] Grassy Terrain\n|-heal|p2b: LIBRA|37\/100|[from] Grassy Terrain\n|-damage|p2a: Ursaluna|75\/100 brn|[from] brn\n|upkeep\n|turn|8\n|\n|t:|1695841971\n|switch|p2a: Indeedee|Indeedee-F, F|25\/100\n|-fieldstart|move: Psychic Terrain|[from] ability: Psychic Surge|[of] p2a: Indeedee\n|-terastallize|p1b: Gossip|Dark\n|move|p2b: LIBRA|Protect|p2b: LIBRA\n|-singleturn|p2b: LIBRA|Protect\n|move|p1b: Gossip|Sucker Punch||[still]\n|-fail|p1b: Gossip\n|move|p1a: Same Old Mistakes|U-turn|p2b: LIBRA\n|-activate|p2b: LIBRA|move: Protect\n|\n|-fieldend|move: Trick Room\n|upkeep\n|turn|9\n|\n|t:|1695841989\n|move|p1b: Gossip|Protect|p1b: Gossip\n|-singleturn|p1b: Gossip|Protect\n|move|p2b: LIBRA|Sacred Sword|p1b: Gossip\n|-activate|p1b: Gossip|move: Protect\n|move|p1a: Same Old Mistakes|U-turn|p2a: Indeedee\n|-supereffective|p2a: Indeedee\n|-damage|p2a: Indeedee|0 fnt\n|faint|p2a: Indeedee\n|\n|t:|1695842003\n|switch|p1a: Paranoia|Urshifu-Rapid-Strike, M|100\/100|[from] U-turn\n|\n|upkeep\n|\n|t:|1695842012\n|switch|p2a: Tornadus|Tornadus, M|100\/100\n|turn|10\n|\n|t:|1695842042\n|switch|p1a: Same Old Mistakes|Rillaboom, F|100\/100\n|-fieldstart|move: Grassy Terrain|[from] ability: Grassy Surge|[of] p1a: Same Old Mistakes\n|move|p2a: Tornadus|Tailwind|p2a: Tornadus\n|-sidestart|p2: lupla|move: Tailwind\n|move|p2b: LIBRA|Leaf Blade|p1a: Same Old Mistakes\n|-resisted|p1a: Same Old Mistakes\n|-damage|p1a: Same Old Mistakes|68\/100\n|move|p1b: Gossip|Knock Off|p2a: Tornadus\n|-damage|p2a: Tornadus|0 fnt\n|-enditem|p2a: Tornadus|Covert Cloak|[from] move: Knock Off|[of] p1b: Gossip\n|faint|p2a: Tornadus\n|\n|-heal|p2b: LIBRA|43\/100|[from] Grassy Terrain\n|-heal|p1a: Same Old Mistakes|74\/100|[from] Grassy Terrain\n|upkeep\n|inactive|lupla has 120 seconds left.\n|\n|t:|1695842069\n|switch|p2a: Gardevoir|Gardevoir, F|100\/100\n|-ability|p2a: Gardevoir|Grassy Surge|[from] ability: Trace|[of] p1a: Same Old Mistakes\n|turn|11\n|\n|t:|1695842076\n|detailschange|p2a: Gardevoir|Gardevoir-Mega, F\n|-mega|p2a: Gardevoir|Gardevoir|Gardevoirite\n|move|p1a: Same Old Mistakes|Fake Out|p2b: LIBRA\n|-resisted|p2b: LIBRA\n|-damage|p2b: LIBRA|36\/100\n|move|p1b: Gossip|Sucker Punch||[still]\n|-fail|p1b: Gossip\n|cant|p2b: LIBRA|flinch\n|move|p2a: Gardevoir|Trick Room|p2a: Gardevoir\n|-fieldstart|move: Trick Room|[of] p2a: Gardevoir\n|\n|-heal|p1a: Same Old Mistakes|80\/100|[from] Grassy Terrain\n|-heal|p2b: LIBRA|42\/100|[from] Grassy Terrain\n|upkeep\n|turn|12\n|\n|t:|1695842099\n|move|p2b: LIBRA|Protect|p2b: LIBRA\n|-singleturn|p2b: LIBRA|Protect\n|move|p1b: Gossip|Knock Off|p2a: Gardevoir\n|-damage|p2a: Gardevoir|0 fnt\n|faint|p2a: Gardevoir\n|move|p1a: Same Old Mistakes|U-turn|p2b: LIBRA\n|-activate|p2b: LIBRA|move: Protect\n|\n|-heal|p1a: Same Old Mistakes|86\/100|[from] Grassy Terrain\n|-heal|p2b: LIBRA|48\/100|[from] Grassy Terrain\n|upkeep\n|\n|t:|1695842105\n|switch|p2a: Urshifu|Urshifu-Rapid-Strike, F|100\/100\n|turn|13\n|c|\u2606lupla|my brain was not thinking in this match lmao\n|c|\u2606lupla|gg\n|-message|lupla forfeited.\n|\n|win|glimmeraqua\n|n|\u2606glimmeraqua|glimmeraqua\n|n|\u2606lupla|lupla\n|n| Daepiquejt|daepiquejt\n|n| Rodnire|rodnire\n","uploadtime":1695842116,"views":13,"p1id":"glimmeraqua","p2id":"lupla","formatid":"gen9nationaldexdoubles","rating":0,"private":0,"password":""}