{"id":"gen9nationaldexdoubles-1948556167","p1":"Thalassophobia","p2":"PuddLPud","format":"[Gen 9] National Dex Doubles","log":"|j|\u2606Thalassophobia\n|j|\u2606PuddLPud\n|t:|1695273614\n|gametype|doubles\n|player|p1|Thalassophobia|pokekid|1080\n|player|p2|PuddLPud|harlequin|1129\n|teamsize|p1|6\n|teamsize|p2|6\n|gen|9\n|tier|[Gen 9] National Dex Doubles\n|rated|\n|rule|HP Percentage Mod: HP is shown in percentages\n|rule|Endless Battle Clause: Forcing endless battles is banned\n|rule|OHKO Clause: OHKO moves are banned\n|rule|Evasion Moves Clause: Evasion moves are banned\n|rule|Evasion Abilities Clause: Evasion abilities are banned\n|rule|Species Clause: Limit one of each Pok\u00e9mon\n|rule|Gravity Sleep Clause: The combination of sleep-inducing moves with imperfect accuracy and Gravity or Gigantamax Orbeetle are banned\n|clearpoke\n|poke|p1|Salamence, F|\n|poke|p1|Sylveon, F|\n|poke|p1|Gliscor, F|\n|poke|p1|Serperior, M|\n|poke|p1|Vaporeon, M|\n|poke|p1|Spewpa, M|\n|poke|p2|Meowstic, M|\n|poke|p2|Flapple, M|\n|poke|p2|Maushold|\n|poke|p2|Sandy Shocks|\n|poke|p2|Tapu Koko|\n|poke|p2|Iron Bundle|\n|teampreview\n|\n|t:|1695273626\n|start\n|switch|p1a: Salamence|Salamence, F|100\/100\n|switch|p1b: Gliscor|Gliscor, F|100\/100\n|switch|p2a: Meowstic|Meowstic, M|100\/100\n|switch|p2b: Iron Bundle|Iron Bundle|100\/100\n|-ability|p1a: Salamence|Intimidate|boost\n|-unboost|p2a: Meowstic|atk|1\n|-unboost|p2b: Iron Bundle|atk|1\n|turn|1\n|inactive|Battle timer is ON: inactive players will automatically lose when time's up. (requested by Thalassophobia)\n|\n|t:|1695273638\n|detailschange|p1a: Salamence|Salamence-Mega, F\n|-mega|p1a: Salamence|Salamence|Salamencite\n|move|p2a: Meowstic|Gravity|p2a: Meowstic\n|-fieldstart|move: Gravity\n|move|p2b: Iron Bundle|Blizzard|p1a: Salamence|[spread] p1a,p1b\n|-supereffective|p1a: Salamence\n|-supereffective|p1b: Gliscor\n|-damage|p1a: Salamence|0 fnt\n|-damage|p1b: Gliscor|0 fnt\n|faint|p1a: Salamence\n|faint|p1b: Gliscor\n|\n|upkeep\n|\n|t:|1695273650\n|switch|p1a: Spewpa|Spewpa, M|100\/100\n|switch|p1b: Serperior|Serperior, M|100\/100\n|turn|2\n|\n|t:|1695273668\n|-terastallize|p2b: Iron Bundle|Ice\n|move|p1a: Spewpa|Rage Powder|p1a: Spewpa\n|-singleturn|p1a: Spewpa|move: Rage Powder\n|move|p2a: Meowstic|Thunder Wave|p1a: Spewpa\n|-status|p1a: Spewpa|par\n|move|p2b: Iron Bundle|Blizzard|p1b: Serperior|[spread] p1a,p1b\n|-supereffective|p1b: Serperior\n|-damage|p1a: Spewpa|0 fnt\n|-damage|p1b: Serperior|17\/100\n|faint|p1a: Spewpa\n|move|p1b: Serperior|Leech Seed|p2b: Iron Bundle\n|-start|p2b: Iron Bundle|move: Leech Seed\n|\n|-heal|p1b: Serperior|23\/100|[from] item: Leftovers\n|-damage|p2b: Iron Bundle|88\/100|[from] Leech Seed|[of] p1b: Serperior\n|-heal|p1b: Serperior|32\/100|[silent]\n|upkeep\n|\n|t:|1695273684\n|switch|p1a: Sylveon|Sylveon, F|100\/100\n|turn|3\n|inactive|PuddLPud has 120 seconds left.\n|\n|t:|1695273721\n|switch|p2a: Tapu Koko|Tapu Koko|100\/100\n|-fieldstart|move: Electric Terrain|[from] ability: Electric Surge|[of] p2a: Tapu Koko\n|-activate|p2b: Iron Bundle|ability: Quark Drive\n|-start|p2b: Iron Bundle|quarkdrivespe\n|move|p1b: Serperior|Protect|p1b: Serperior\n|-singleturn|p1b: Serperior|Protect\n|move|p2b: Iron Bundle|Blizzard|p1a: Sylveon|[spread] p1a\n|-activate|p1b: Serperior|move: Protect\n|-damage|p1a: Sylveon|73\/100\n|move|p1a: Sylveon|Hyper Voice|p2a: Tapu Koko|[spread] p2a,p2b\n|-damage|p2a: Tapu Koko|53\/100\n|-damage|p2b: Iron Bundle|50\/100\n|\n|-heal|p1b: Serperior|38\/100|[from] item: Leftovers\n|-damage|p2b: Iron Bundle|38\/100|[from] Leech Seed|[of] p1b: Serperior\n|-heal|p1b: Serperior|47\/100|[silent]\n|upkeep\n|turn|4\n|inactive|PuddLPud has 120 seconds left.\n|\n|t:|1695273750\n|-terastallize|p1b: Serperior|Electric\n|move|p2b: Iron Bundle|Flip Turn|p1b: Serperior\n|-damage|p1b: Serperior|36\/100\n|inactive|PuddLPud has 120 seconds left.\n|\n|t:|1695273757\n|-end|p2b: Iron Bundle|Quark Drive|[silent]\n|switch|p2b: Maushold|Maushold|100\/100|[from] Flip Turn\n|move|p2a: Tapu Koko|Thunder Wave|p1a: Sylveon\n|-status|p1a: Sylveon|par\n|move|p1b: Serperior|Giga Drain|p2a: Tapu Koko\n|-crit|p2a: Tapu Koko\n|-damage|p2a: Tapu Koko|1\/100\n|-heal|p1b: Serperior|56\/100|[from] drain|[of] p2a: Tapu Koko\n|cant|p1a: Sylveon|par\n|\n|-heal|p1b: Serperior|62\/100|[from] item: Leftovers\n|upkeep\n|turn|5\n|\n|t:|1695273772\n|move|p1b: Serperior|Protect|p1b: Serperior\n|-singleturn|p1b: Serperior|Protect\n|move|p2a: Tapu Koko|Taunt|p1b: Serperior\n|-activate|p1b: Serperior|move: Protect\n|move|p2b: Maushold|Population Bomb|p1b: Serperior\n|-activate|p1b: Serperior|move: Protect\n|move|p1a: Sylveon|Hyper Voice|p2a: Tapu Koko|[spread] p2a,p2b\n|-damage|p2a: Tapu Koko|0 fnt\n|-damage|p2b: Maushold|52\/100\n|faint|p2a: Tapu Koko\n|\n|-heal|p1b: Serperior|69\/100|[from] item: Leftovers\n|-fieldend|move: Gravity\n|upkeep\n|\n|t:|1695273778\n|switch|p2a: Meowstic|Meowstic, M|100\/100\n|turn|6\n|\n|t:|1695273792\n|move|p2a: Meowstic|Gravity|p2a: Meowstic\n|-fieldstart|move: Gravity\n|move|p1b: Serperior|Leech Seed|p2b: Maushold\n|-start|p2b: Maushold|move: Leech Seed\n|move|p2b: Maushold|Population Bomb|p1b: Serperior\n|-damage|p1b: Serperior|57\/100\n|-damage|p1b: Serperior|45\/100\n|-damage|p1b: Serperior|33\/100\n|-damage|p1b: Serperior|21\/100\n|-damage|p1b: Serperior|11\/100\n|-damage|p1b: Serperior|0 fnt\n|faint|p1b: Serperior\n|-hitcount|p1: Serperior|6\n|cant|p1a: Sylveon|par\n|\n|upkeep\n|\n|t:|1695273799\n|switch|p1b: Vaporeon|Vaporeon, M|100\/100\n|turn|7\n|inactive|PuddLPud has 120 seconds left.\n|\n|t:|1695273831\n|switch|p2b: Flapple|Flapple, M|100\/100\n|move|p2a: Meowstic|Thunder Wave|p1b: Vaporeon\n|-status|p1b: Vaporeon|par\n|move|p1b: Vaporeon|Heal Bell|p1b: Vaporeon\n|-activate|p1b: Vaporeon|move: Heal Bell\n|-curestatus|p1a: Sylveon|par|[msg]\n|-curestatus|p1b: Vaporeon|par|[msg]\n|move|p1a: Sylveon|Hyper Voice|p2a: Meowstic|[spread] p2a,p2b\n|-supereffective|p2b: Flapple\n|-damage|p2a: Meowstic|63\/100\n|-damage|p2b: Flapple|0 fnt\n|faint|p2b: Flapple\n|\n|-fieldend|move: Electric Terrain\n|upkeep\n|inactive|PuddLPud has 120 seconds left.\n|\n|t:|1695273847\n|switch|p2b: Sandy Shocks|Sandy Shocks|100\/100\n|-enditem|p2b: Sandy Shocks|Booster Energy\n|-activate|p2b: Sandy Shocks|ability: Protosynthesis|[fromitem]\n|-start|p2b: Sandy Shocks|protosynthesisspe\n|turn|8\n|inactive|PuddLPud has 120 seconds left.\n|\n|t:|1695273867\n|move|p2a: Meowstic|Thunder Wave|p1a: Sylveon\n|-status|p1a: Sylveon|par\n|move|p2b: Sandy Shocks|Thunder|p1b: Vaporeon\n|-supereffective|p1b: Vaporeon\n|-damage|p1b: Vaporeon|45\/100\n|-status|p1b: Vaporeon|par\n|move|p1b: Vaporeon|Ice Beam|p2b: Sandy Shocks\n|-supereffective|p2b: Sandy Shocks\n|-damage|p2b: Sandy Shocks|47\/100\n|move|p1a: Sylveon|Wish|p1a: Sylveon\n|\n|-heal|p1b: Vaporeon|51\/100 par|[from] item: Leftovers\n|upkeep\n|turn|9\n|inactive|PuddLPud has 120 seconds left.\n|\n|t:|1695273901\n|switch|p2a: Iron Bundle|Iron Bundle, tera:Ice|38\/100\n|move|p2b: Sandy Shocks|Thunder|p1b: Vaporeon\n|-supereffective|p1b: Vaporeon\n|-damage|p1b: Vaporeon|0 fnt\n|faint|p1b: Vaporeon\n|move|p1a: Sylveon|Heal Bell|p1a: Sylveon\n|-activate|p1a: Sylveon|move: Heal Bell\n|-curestatus|p1a: Sylveon|par|[msg]\n|\n|-heal|p1a: Sylveon|100\/100|[from] move: Wish|[wisher] Sylveon\n|upkeep\n|turn|10\n|\n|t:|1695273919\n|move|p2b: Sandy Shocks|Thunder|p1a: Sylveon\n|-damage|p1a: Sylveon|72\/100\n|move|p2a: Iron Bundle|Blizzard|p1a: Sylveon\n|-damage|p1a: Sylveon|32\/100\n|move|p1a: Sylveon|Hyper Voice|p2b: Sandy Shocks|[spread] p2a,p2b\n|-damage|p2a: Iron Bundle|0 fnt\n|-damage|p2b: Sandy Shocks|7\/100\n|faint|p2a: Iron Bundle\n|-end|p2a: Iron Bundle|Quark Drive|[silent]\n|\n|-fieldend|move: Gravity\n|upkeep\n|\n|t:|1695273931\n|switch|p2a: Maushold|Maushold|52\/100\n|turn|11\n|\n|t:|1695273937\n|move|p2b: Sandy Shocks|Gravity|p2b: Sandy Shocks\n|-fieldstart|move: Gravity\n|move|p2a: Maushold|Population Bomb|p1a: Sylveon\n|-damage|p1a: Sylveon|19\/100\n|-damage|p1a: Sylveon|5\/100\n|-damage|p1a: Sylveon|0 fnt\n|faint|p1a: Sylveon\n|-hitcount|p1: Sylveon|3\n|\n|win|PuddLPud\n|raw|Thalassophobia's rating: 1080 &rarr; <strong>1061<\/strong><br \/>(-19 for losing)\n|raw|PuddLPud's rating: 1129 &rarr; <strong>1150<\/strong><br \/>(+21 for winning)\n|l|\u2606Thalassophobia\n|c|\u2606PuddLPud|gG\n","uploadtime":1695273983,"views":5,"p1id":"thalassophobia","p2id":"puddlpud","formatid":"gen9nationaldexdoubles","rating":1061,"private":0,"password":""}