{"id":"gen9nationaldexdoubles-1965114698","p1":"RocaCama","p2":"Escavaknight","format":"[Gen 9] National Dex Doubles","log":"|j|\u2606RocaCama\n|j|\u2606Escavaknight\n|t:|1697043639\n|gametype|doubles\n|player|p1|RocaCama|fisherman-gen3rs|\n|player|p2|Escavaknight|plasmagrunt-gen5bw|\n|teamsize|p1|6\n|teamsize|p2|6\n|gen|9\n|tier|[Gen 9] National Dex Doubles\n|rule|HP Percentage Mod: HP is shown in percentages\n|rule|Endless Battle Clause: Forcing endless battles is banned\n|rule|OHKO Clause: OHKO moves are banned\n|rule|Evasion Moves Clause: Evasion moves are banned\n|rule|Evasion Abilities Clause: Evasion abilities are banned\n|rule|Species Clause: Limit one of each Pok\u00e9mon\n|rule|Gravity Sleep Clause: The combination of sleep-inducing moves with imperfect accuracy and Gravity or Gigantamax Orbeetle are banned\n|clearpoke\n|poke|p1|Weezing, M|\n|poke|p1|Slaking, F|\n|poke|p1|Gastrodon, M|\n|poke|p1|Chien-Pao|\n|poke|p1|Sinistcha|\n|poke|p1|Goodra-Hisui, M|\n|poke|p2|Palafin, M|\n|poke|p2|Rillaboom, M|\n|poke|p2|Regidrago|\n|poke|p2|Gholdengo|\n|poke|p2|Tornadus, M|\n|poke|p2|Farigiraf, F|\n|teampreview\n|\n|t:|1697043659\n|start\n|switch|p1a: Weezing|Weezing, M|100\/100\n|switch|p1b: Slaking|Slaking, F|100\/100\n|switch|p2a: Rillaboom|Rillaboom, M, shiny|100\/100\n|switch|p2b: Farigiraf|Farigiraf, F|100\/100\n|-ability|p1a: Weezing|Neutralizing Gas\n|-item|p1a: Weezing|Air Balloon\n|turn|1\n|\n|t:|1697043680\n|move|p2a: Rillaboom|Fake Out|p1b: Slaking\n|-damage|p1b: Slaking|90\/100\n|cant|p1b: Slaking|flinch\n|move|p2b: Farigiraf|Psychic|p1a: Weezing\n|-supereffective|p1a: Weezing\n|-damage|p1a: Weezing|29\/100\n|-enditem|p1a: Weezing|Air Balloon\n|move|p1a: Weezing|Taunt|p2b: Farigiraf\n|-start|p2b: Farigiraf|move: Taunt\n|\n|upkeep\n|turn|2\n|\n|t:|1697043696\n|switch|p1b: Sinistcha|Sinistcha|100\/100\n|move|p2a: Rillaboom|High Horsepower|p1a: Weezing\n|-supereffective|p1a: Weezing\n|-damage|p1a: Weezing|0 fnt\n|faint|p1a: Weezing\n|-end|p1a: Weezing|ability: Neutralizing Gas\n|-fieldstart|move: Grassy Terrain|[from] ability: Grassy Surge|[of] p2a: Rillaboom\n|move|p2b: Farigiraf|Psychic|p1b: Sinistcha\n|-damage|p1b: Sinistcha|54\/100\n|\n|-heal|p1b: Sinistcha|60\/100|[from] Grassy Terrain\n|upkeep\n|\n|t:|1697043714\n|switch|p1a: Slaking|Slaking, F|90\/100\n|turn|3\n|\n|t:|1697043725\n|move|p1a: Slaking|Fire Punch|p2a: Rillaboom\n|-supereffective|p2a: Rillaboom\n|-damage|p2a: Rillaboom|40\/100\n|move|p2a: Rillaboom|Wood Hammer|p1a: Slaking\n|-damage|p1a: Slaking|30\/100\n|-damage|p2a: Rillaboom|18\/100|[from] Recoil\n|move|p2b: Farigiraf|Dazzling Gleam|p1b: Sinistcha|[spread] p1a,p1b\n|-damage|p1a: Slaking|16\/100\n|-damage|p1b: Sinistcha|37\/100\n|-enditem|p1b: Sinistcha|Sitrus Berry|[eat]\n|-heal|p1b: Sinistcha|61\/100|[from] item: Sitrus Berry\n|move|p1b: Sinistcha|Strength Sap|p2a: Rillaboom\n|-unboost|p2a: Rillaboom|atk|1\n|-heal|p1b: Sinistcha|100\/100\n|\n|-heal|p1a: Slaking|22\/100|[from] Grassy Terrain\n|-heal|p2a: Rillaboom|24\/100|[from] Grassy Terrain\n|upkeep\n|turn|4\n|\n|t:|1697043758\n|switch|p2a: Palafin|Palafin, M|100\/100\n|cant|p1a: Slaking|ability: Truant\n|move|p2b: Farigiraf|Psychic|p1a: Slaking\n|-damage|p1a: Slaking|0 fnt\n|faint|p1a: Slaking\n|move|p1b: Sinistcha|Matcha Gotcha|p2b: Farigiraf|[spread] p2a,p2b\n|-supereffective|p2a: Palafin\n|-damage|p2a: Palafin|5\/100\n|-damage|p2b: Farigiraf|64\/100\n|\n|-heal|p2a: Palafin|11\/100|[from] Grassy Terrain\n|-heal|p2b: Farigiraf|71\/100|[from] Grassy Terrain\n|-end|p2b: Farigiraf|move: Taunt\n|upkeep\n|\n|t:|1697043767\n|switch|p1a: Chien-Pao|Chien-Pao|100\/100\n|-ability|p1a: Chien-Pao|Sword of Ruin\n|turn|5\n|\n|t:|1697043775\n|move|p1a: Chien-Pao|Ice Spinner|p2b: Farigiraf\n|-damage|p2b: Farigiraf|20\/100\n|-damage|p1a: Chien-Pao|84\/100|[from] item: Rocky Helmet|[of] p2b: Farigiraf\n|-fieldend|move: Grassy Terrain\n|move|p2a: Palafin|Close Combat|p1a: Chien-Pao\n|-supereffective|p1a: Chien-Pao\n|-damage|p1a: Chien-Pao|0 fnt\n|-unboost|p2a: Palafin|def|1\n|-unboost|p2a: Palafin|spd|1\n|faint|p1a: Chien-Pao\n|move|p2b: Farigiraf|Dazzling Gleam|p1b: Sinistcha\n|-damage|p1b: Sinistcha|71\/100\n|move|p1b: Sinistcha|Matcha Gotcha|p2b: Farigiraf|[spread] p2a,p2b\n|-supereffective|p2a: Palafin\n|-damage|p2a: Palafin|0 fnt\n|-heal|p1b: Sinistcha|77\/100|[from] drain|[of] p2a: Palafin\n|-damage|p2b: Farigiraf|0 fnt\n|-heal|p1b: Sinistcha|89\/100|[from] drain|[of] p2b: Farigiraf\n|faint|p2a: Palafin\n|faint|p2b: Farigiraf\n|\n|upkeep\n|\n|t:|1697043803\n|switch|p1a: Goodra|Goodra-Hisui, M, shiny|100\/100\n|switch|p2a: Gholdengo|Gholdengo|100\/100\n|switch|p2b: Tornadus|Tornadus, M, shiny|100\/100\n|turn|6\n|\n|t:|1697043825\n|-terastallize|p1b: Sinistcha|Fairy\n|move|p2b: Tornadus|Taunt|p1a: Goodra\n|-start|p1a: Goodra|move: Taunt\n|move|p2a: Gholdengo|Shadow Ball|p1a: Goodra\n|-damage|p1a: Goodra|60\/100\n|move|p1a: Goodra|Heavy Slam|p2b: Tornadus\n|-damage|p2b: Tornadus|45\/100\n|move|p1b: Sinistcha|Trick Room|p1b: Sinistcha\n|-fieldstart|move: Trick Room|[of] p1b: Sinistcha\n|\n|-heal|p1a: Goodra|66\/100|[from] item: Leftovers\n|upkeep\n|turn|7\n|\n|t:|1697043870\n|switch|p2a: Regidrago|Regidrago, shiny|100\/100\n|move|p1a: Goodra|Heavy Slam|p2b: Tornadus\n|-damage|p2b: Tornadus|0 fnt\n|faint|p2b: Tornadus\n|move|p1b: Sinistcha|Shadow Ball|p2a: Regidrago\n|-damage|p2a: Regidrago|66\/100\n|\n|-heal|p1a: Goodra|72\/100|[from] item: Leftovers\n|upkeep\n|\n|t:|1697043882\n|switch|p2b: Rillaboom|Rillaboom, M, shiny|24\/100\n|-fieldstart|move: Grassy Terrain|[from] ability: Grassy Surge|[of] p2b: Rillaboom\n|turn|8\n|\n|t:|1697043907\n|-terastallize|p2a: Regidrago|Steel\n|move|p2b: Rillaboom|Fake Out|p1a: Goodra\n|-resisted|p1a: Goodra\n|-damage|p1a: Goodra|68\/100\n|cant|p1a: Goodra|flinch\n|move|p1b: Sinistcha|Matcha Gotcha|p2a: Regidrago|[spread] p2a,p2b\n|-resisted|p2a: Regidrago\n|-resisted|p2b: Rillaboom\n|-damage|p2a: Regidrago|50\/100\n|-heal|p1b: Sinistcha|100\/100|[from] drain|[of] p2a: Regidrago\n|-damage|p2b: Rillaboom|13\/100\n|move|p2a: Regidrago|Dragon Energy|p1b: Sinistcha|[spread] p1a\n|-immune|p1b: Sinistcha\n|-damage|p1a: Goodra|37\/100\n|\n|-heal|p1a: Goodra|43\/100|[from] Grassy Terrain\n|-heal|p1a: Goodra|50\/100|[from] item: Leftovers\n|-heal|p2a: Regidrago|56\/100|[from] Grassy Terrain\n|-heal|p2b: Rillaboom|19\/100|[from] Grassy Terrain\n|-end|p1a: Goodra|move: Taunt\n|upkeep\n|turn|9\n|\n|t:|1697043946\n|move|p1a: Goodra|Acid Armor|p1a: Goodra\n|-boost|p1a: Goodra|def|2\n|move|p1b: Sinistcha|Matcha Gotcha|p2b: Rillaboom|[spread] p2a,p2b\n|-resisted|p2a: Regidrago\n|-resisted|p2b: Rillaboom\n|-damage|p2a: Regidrago|40\/100\n|-damage|p2b: Rillaboom|6\/100\n|move|p2a: Regidrago|Earth Power|p1a: Goodra\n|-supereffective|p1a: Goodra\n|-damage|p1a: Goodra|12\/100\n|move|p2b: Rillaboom|High Horsepower|p1a: Goodra\n|-supereffective|p1a: Goodra\n|-damage|p1a: Goodra|0 fnt\n|faint|p1a: Goodra\n|\n|-heal|p2a: Regidrago|46\/100|[from] Grassy Terrain\n|-heal|p2b: Rillaboom|12\/100|[from] Grassy Terrain\n|upkeep\n|\n|t:|1697043956\n|switch|p1a: Gastrodon|Gastrodon, M|100\/100\n|turn|10\n|\n|t:|1697043977\n|switch|p2b: Gholdengo|Gholdengo|100\/100\n|move|p1a: Gastrodon|Protect|p1a: Gastrodon\n|-singleturn|p1a: Gastrodon|Protect\n|move|p2a: Regidrago|Protect|p2a: Regidrago\n|-singleturn|p2a: Regidrago|Protect\n|move|p1b: Sinistcha|Matcha Gotcha|p2b: Gholdengo|[spread] p2b\n|-activate|p2a: Regidrago|move: Protect\n|-resisted|p2b: Gholdengo\n|-damage|p2b: Gholdengo|82\/100\n|-status|p2b: Gholdengo|brn\n|\n|-heal|p2a: Regidrago|52\/100|[from] Grassy Terrain\n|-heal|p2b: Gholdengo|88\/100 brn|[from] Grassy Terrain\n|-damage|p2b: Gholdengo|82\/100 brn|[from] brn\n|-fieldend|move: Trick Room\n|upkeep\n|turn|11\n|\n|t:|1697044024\n|move|p2b: Gholdengo|Trick|p1b: Sinistcha\n|-activate|p2b: Gholdengo|move: Trick|[of] p1b: Sinistcha\n|-item|p1b: Sinistcha|Choice Specs|[from] move: Trick\n|-enditem|p2b: Gholdengo|Choice Specs|[silent]|[from] move: Trick\n|move|p2a: Regidrago|Earth Power|p1b: Sinistcha\n|-damage|p1b: Sinistcha|64\/100\n|move|p1a: Gastrodon|Earth Power|p2b: Gholdengo\n|-supereffective|p2b: Gholdengo\n|-damage|p2b: Gholdengo|8\/100 brn\n|move|p1b: Sinistcha|Trick Room|p1b: Sinistcha\n|-fieldstart|move: Trick Room|[of] p1b: Sinistcha\n|\n|-heal|p1b: Sinistcha|70\/100|[from] Grassy Terrain\n|-heal|p2a: Regidrago|58\/100|[from] Grassy Terrain\n|-heal|p2b: Gholdengo|14\/100 brn|[from] Grassy Terrain\n|-damage|p2b: Gholdengo|8\/100 brn|[from] brn\n|upkeep\n|turn|12\n|\n|t:|1697044049\n|move|p1a: Gastrodon|Muddy Water|p2b: Gholdengo|[spread] p2a,p2b\n|-damage|p2a: Regidrago|35\/100\n|-damage|p2b: Gholdengo|0 fnt\n|faint|p2b: Gholdengo\n|move|p2a: Regidrago|Earth Power|p1b: Sinistcha\n|-damage|p1b: Sinistcha|40\/100\n|move|p1b: Sinistcha|Trick Room|p1b: Sinistcha\n|-fieldend|move: Trick Room\n|\n|-heal|p2a: Regidrago|41\/100|[from] Grassy Terrain\n|-heal|p1b: Sinistcha|46\/100|[from] Grassy Terrain\n|-fieldend|move: Grassy Terrain\n|upkeep\n|\n|t:|1697044052\n|switch|p2b: Rillaboom|Rillaboom, M, shiny|12\/100\n|-fieldstart|move: Grassy Terrain|[from] ability: Grassy Surge|[of] p2b: Rillaboom\n|turn|13\n|\n|t:|1697044066\n|move|p1a: Gastrodon|Protect|p1a: Gastrodon\n|-singleturn|p1a: Gastrodon|Protect\n|move|p2b: Rillaboom|Fake Out|p1a: Gastrodon\n|-activate|p1a: Gastrodon|move: Protect\n|move|p2a: Regidrago|Earth Power|p1b: Sinistcha\n|-damage|p1b: Sinistcha|13\/100\n|move|p1b: Sinistcha|Trick Room|p1b: Sinistcha\n|-fieldstart|move: Trick Room|[of] p1b: Sinistcha\n|\n|-heal|p1b: Sinistcha|19\/100|[from] Grassy Terrain\n|-heal|p2a: Regidrago|47\/100|[from] Grassy Terrain\n|-heal|p2b: Rillaboom|18\/100|[from] Grassy Terrain\n|upkeep\n|turn|14\n|\n|t:|1697044085\n|move|p2a: Regidrago|Protect|p2a: Regidrago\n|-singleturn|p2a: Regidrago|Protect\n|move|p1a: Gastrodon|Muddy Water|p2b: Rillaboom|[spread] p2b\n|-activate|p2a: Regidrago|move: Protect\n|-resisted|p2b: Rillaboom\n|-crit|p2b: Rillaboom\n|-damage|p2b: Rillaboom|4\/100\n|move|p2b: Rillaboom|Wood Hammer|p1a: Gastrodon\n|-supereffective|p1a: Gastrodon\n|-damage|p1a: Gastrodon|0 fnt\n|faint|p1a: Gastrodon\n|-damage|p2b: Rillaboom|0 fnt|[from] Recoil\n|faint|p2b: Rillaboom\n|move|p1b: Sinistcha|Trick Room|p1b: Sinistcha\n|-fieldend|move: Trick Room\n|\n|-heal|p2a: Regidrago|53\/100|[from] Grassy Terrain\n|-heal|p1b: Sinistcha|25\/100|[from] Grassy Terrain\n|upkeep\n|turn|15\n|\n|t:|1697044107\n|move|p2a: Regidrago|Earth Power|p1b: Sinistcha\n|-damage|p1b: Sinistcha|0 fnt\n|faint|p1b: Sinistcha\n|\n|win|Escavaknight\n","uploadtime":1697044121,"views":3,"p1id":"rocacama","p2id":"escavaknight","formatid":"gen9nationaldexdoubles","rating":0,"private":0,"password":""}