{"id":"gen9nationaldexdoubles-1960690000","p1":"caeden0330","p2":"seta0052","format":"[Gen 9] National Dex Doubles","log":"|j|\u2606caeden0330\n|j|\u2606seta0052\n|t:|1696546342\n|gametype|doubles\n|player|p1|caeden0330|n|\n|player|p2|seta0052|pokemaniac|\n|teamsize|p1|6\n|teamsize|p2|6\n|gen|9\n|tier|[Gen 9] National Dex Doubles\n|rule|HP Percentage Mod: HP is shown in percentages\n|rule|Endless Battle Clause: Forcing endless battles is banned\n|rule|OHKO Clause: OHKO moves are banned\n|rule|Evasion Moves Clause: Evasion moves are banned\n|rule|Evasion Abilities Clause: Evasion abilities are banned\n|rule|Species Clause: Limit one of each Pok\u00e9mon\n|rule|Gravity Sleep Clause: The combination of sleep-inducing moves with imperfect accuracy and Gravity or Gigantamax Orbeetle are banned\n|clearpoke\n|poke|p1|Charizard, M|\n|poke|p1|Whimsicott, M|\n|poke|p1|Zapdos|\n|poke|p1|Great Tusk|\n|poke|p1|Volcanion|\n|poke|p1|Kingambit, M|\n|poke|p2|Salamence, F|\n|poke|p2|Rillaboom, M|\n|poke|p2|Volcanion|\n|poke|p2|Flutter Mane|\n|poke|p2|Chien-Pao|\n|poke|p2|Ogerpon-Cornerstone, F|\n|teampreview\n|inactive|Battle timer is ON: inactive players will automatically lose when time's up. (requested by seta0052)\n|j| cr46290\n|inactive|seta0052 has 270 seconds left.\n|inactive|seta0052 has 240 seconds left.\n|inactive|seta0052 has 210 seconds left.\n|inactive|seta0052 has 180 seconds left.\n|inactive|seta0052 has 150 seconds left.\n|\n|t:|1696546504\n|start\n|switch|p1a: Tahu|Charizard, M|100\/100\n|switch|p1b: Lewa|Whimsicott, M|100\/100\n|switch|p2a: Rillaboom|Rillaboom, M|100\/100\n|switch|p2b: Ogerpon|Ogerpon-Cornerstone, F|100\/100\n|-fieldstart|move: Grassy Terrain|[from] ability: Grassy Surge|[of] p2a: Rillaboom\n|turn|1\n|inactive|seta0052 has 210 seconds left.\n|\n|t:|1696546549\n|detailschange|p1a: Tahu|Charizard-Mega-Y, M\n|-mega|p1a: Tahu|Charizard|Charizardite Y\n|-weather|SunnyDay|[from] ability: Drought|[of] p1a: Tahu\n|move|p2a: Rillaboom|Fake Out|p1b: Lewa\n|-crit|p1b: Lewa\n|-damage|p1b: Lewa|76\/100\n|-enditem|p1b: Lewa|Eject Button\n|inactive|caeden0330 has 270 seconds left.\n|\n|t:|1696546561\n|switch|p1b: Nuparu|Great Tusk|100\/100\n|-activate|p1b: Nuparu|ability: Protosynthesis\n|-start|p1b: Nuparu|protosynthesisatk\n|move|p2b: Ogerpon|Ivy Cudgel|p1a: Tahu\n|-supereffective|p1a: Tahu\n|-damage|p1a: Tahu|0 fnt\n|faint|p1a: Tahu\n|\n|-weather|SunnyDay|[upkeep]\n|upkeep\n|inactive|caeden0330 has 270 seconds left.\n|j| FoloxV\n|\n|t:|1696546582\n|switch|p1a: Hydraxon|Volcanion|100\/100\n|turn|2\n|inactive|caeden0330 has 270 seconds left.\n|inactive|seta0052 has 210 seconds left.\n|\n|t:|1696546618\n|move|p2b: Ogerpon|Wood Hammer|p1b: Nuparu\n|-supereffective|p1b: Nuparu\n|-damage|p1b: Nuparu|0 fnt\n|faint|p1b: Nuparu\n|-end|p1b: Nuparu|Protosynthesis|[silent]\n|-damage|p2b: Ogerpon|60\/100|[from] Recoil\n|move|p2a: Rillaboom|Wood Hammer|p1a: Hydraxon\n|-damage|p1a: Hydraxon|34\/100\n|-damage|p2a: Rillaboom|80\/100|[from] Recoil\n|move|p1a: Hydraxon|Fire Blast|p2a: Rillaboom\n|-supereffective|p2a: Rillaboom\n|-damage|p2a: Rillaboom|0 fnt\n|faint|p2a: Rillaboom\n|\n|-weather|SunnyDay|[upkeep]\n|-heal|p2b: Ogerpon|66\/100|[from] Grassy Terrain\n|-heal|p1a: Hydraxon|40\/100|[from] Grassy Terrain\n|upkeep\n|inactive|caeden0330 has 270 seconds left.\n|inactive|seta0052 has 210 seconds left.\n|\n|t:|1696546641\n|switch|p1b: Teridax|Kingambit, M|100\/100\n|switch|p2a: Flutter Mane|Flutter Mane|100\/100\n|-activate|p2a: Flutter Mane|ability: Protosynthesis\n|-start|p2a: Flutter Mane|protosynthesisspe\n|turn|3\n|inactive|caeden0330 has 270 seconds left.\n|inactive|seta0052 has 210 seconds left.\n|inactive|caeden0330 has 240 seconds left.\n|\n|t:|1696546704\n|switch|p2b: Volcanion|Volcanion|100\/100\n|-terastallize|p2a: Flutter Mane|Fairy\n|move|p1b: Teridax|Sucker Punch|p2a: Flutter Mane\n|-resisted|p2a: Flutter Mane\n|-damage|p2a: Flutter Mane|62\/100\n|move|p2a: Flutter Mane|Shadow Ball|p1a: Hydraxon\n|-damage|p1a: Hydraxon|0 fnt\n|faint|p1a: Hydraxon\n|\n|-weather|SunnyDay|[upkeep]\n|-heal|p2a: Flutter Mane|68\/100|[from] Grassy Terrain\n|upkeep\n|\n|t:|1696546718\n|switch|p1a: Voriki|Zapdos|100\/100\n|turn|4\n|inactive|caeden0330 has 240 seconds left.\n|\n|t:|1696546745\n|-terastallize|p1b: Teridax|Fire\n|move|p2a: Flutter Mane|Shadow Ball|p1a: Voriki\n|-damage|p1a: Voriki|29\/100\n|move|p1a: Voriki|Air Cutter|p2a: Flutter Mane|[spread] p2a\n|-miss|p1a: Voriki|p2b: Volcanion\n|-damage|p2a: Flutter Mane|44\/100\n|move|p2b: Volcanion|Heat Wave|p1a: Voriki|[spread] p1a,p1b\n|-resisted|p1b: Teridax\n|-damage|p1a: Voriki|0 fnt\n|-damage|p1b: Teridax|74\/100\n|faint|p1a: Voriki\n|move|p1b: Teridax|Swords Dance|p1b: Teridax\n|-boost|p1b: Teridax|atk|2\n|\n|-weather|SunnyDay|[upkeep]\n|-heal|p2a: Flutter Mane|50\/100|[from] Grassy Terrain\n|-heal|p1b: Teridax|80\/100|[from] Grassy Terrain\n|-heal|p1b: Teridax|86\/100|[from] item: Leftovers\n|upkeep\n|inactive|caeden0330 has 210 seconds left.\n|\n|t:|1696546763\n|switch|p1a: Lewa|Whimsicott, M|76\/100\n|turn|5\n|inactive|caeden0330 has 210 seconds left.\n|inactive|caeden0330 has 180 seconds left.\n|\n|t:|1696546820\n|move|p1a: Lewa|Tailwind|p1a: Lewa\n|-sidestart|p1: caeden0330|move: Tailwind\n|move|p1b: Teridax|Sucker Punch|p2a: Flutter Mane\n|-resisted|p2a: Flutter Mane\n|-damage|p2a: Flutter Mane|0 fnt\n|faint|p2a: Flutter Mane\n|-end|p2a: Flutter Mane|Protosynthesis|[silent]\n|move|p2b: Volcanion|Earth Power|p1b: Teridax\n|-supereffective|p1b: Teridax\n|-damage|p1b: Teridax|19\/100\n|\n|-weather|none\n|-heal|p1a: Lewa|82\/100|[from] Grassy Terrain\n|-heal|p1b: Teridax|25\/100|[from] Grassy Terrain\n|-heal|p1b: Teridax|31\/100|[from] item: Leftovers\n|-fieldend|move: Grassy Terrain\n|upkeep\n|\n|t:|1696546839\n|switch|p2a: Chien-Pao|Chien-Pao|100\/100\n|-ability|p2a: Chien-Pao|Sword of Ruin\n|turn|6\n|inactive|caeden0330 has 180 seconds left.\n|\n|t:|1696546874\n|switch|p2a: Ogerpon|Ogerpon-Cornerstone, F|66\/100\n|move|p1b: Teridax|Sucker Punch|p2b: Volcanion\n|-damage|p2b: Volcanion|42\/100\n|move|p1a: Lewa|Moonblast|p2a: Ogerpon\n|-damage|p2a: Ogerpon|37\/100\n|-unboost|p2a: Ogerpon|spa|1\n|move|p2b: Volcanion|Earth Power|p1b: Teridax\n|-supereffective|p1b: Teridax\n|-damage|p1b: Teridax|0 fnt\n|faint|p1b: Teridax\n|\n|upkeep\n|turn|7\n|inactive|seta0052 has 270 seconds left.\n|inactive|caeden0330 has 180 seconds left.\n|\n|t:|1696546912\n|switch|p2b: Chien-Pao|Chien-Pao|100\/100\n|-ability|p2b: Chien-Pao|Sword of Ruin\n|move|p1a: Lewa|Encore|p2b: Chien-Pao\n|-hint|Since gen 7, Dark is immune to Prankster moves.\n|-immune|p2b: Chien-Pao\n|move|p2a: Ogerpon|Ivy Cudgel|p1a: Lewa\n|-damage|p1a: Lewa|0 fnt\n|faint|p1a: Lewa\n|\n|win|seta0052\n|l|\u2606caeden0330\n","uploadtime":1696547495,"views":37,"p1id":"caeden0330","p2id":"seta0052","formatid":"gen9nationaldexdoubles","rating":0,"private":0,"password":""}