{"id":"gen9nationaldexdoubles-1976917674","p1":"aeff adffsa","p2":"Oghmagod","format":"[Gen 9] National Dex Doubles","log":"|j|\u2606aeff adffsa\n|j|\u2606Oghmagod\n|t:|1698352284\n|gametype|doubles\n|player|p1|aeff adffsa|lucas|1046\n|player|p2|Oghmagod|pryce|1062\n|teamsize|p1|6\n|teamsize|p2|6\n|gen|9\n|tier|[Gen 9] National Dex Doubles\n|rated|\n|rule|HP Percentage Mod: HP is shown in percentages\n|rule|Endless Battle Clause: Forcing endless battles is banned\n|rule|OHKO Clause: OHKO moves are banned\n|rule|Evasion Moves Clause: Evasion moves are banned\n|rule|Evasion Abilities Clause: Evasion abilities are banned\n|rule|Species Clause: Limit one of each Pok\u00e9mon\n|rule|Gravity Sleep Clause: The combination of sleep-inducing moves with imperfect accuracy and Gravity or Gigantamax Orbeetle are banned\n|clearpoke\n|poke|p1|Indeedee-F, F|\n|poke|p1|Oranguru, M|\n|poke|p1|Glastrier|\n|poke|p1|Hoopa-Unbound|\n|poke|p1|Ursaluna, M|\n|poke|p1|Zygarde|\n|poke|p2|Delphox, F|\n|poke|p2|Gardevoir, F|\n|poke|p2|Hoopa|\n|poke|p2|Banette, M|\n|poke|p2|Ariados, M|\n|poke|p2|Crawdaunt, F|\n|teampreview\n|inactive|Battle timer is ON: inactive players will automatically lose when time's up. (requested by Oghmagod)\n|\n|t:|1698352293\n|start\n|switch|p1a: Hoopa|Hoopa-Unbound|100\/100\n|switch|p1b: Zygarde|Zygarde|100\/100\n|switch|p2a: Peluche|Banette, M, shiny|100\/100\n|switch|p2b: A lobster|Crawdaunt, F|100\/100\n|-ability|p1b: Zygarde|Aura Break\n|-item|p1a: Hoopa|Room Service|[from] ability: Frisk|[of] p2a: Peluche|[identify]\n|-item|p1b: Zygarde|Room Service|[from] ability: Frisk|[of] p2a: Peluche|[identify]\n|turn|1\n|\n|t:|1698352306\n|move|p2a: Peluche|Shadow Sneak|p1a: Hoopa\n|-damage|p1a: Hoopa|75\/100\n|move|p2b: A lobster|Crabhammer|p1b: Zygarde\n|-damage|p1b: Zygarde|56\/100\n|-damage|p2b: A lobster|91\/100|[from] item: Life Orb\n|move|p1b: Zygarde|Coil|p1b: Zygarde\n|-boost|p1b: Zygarde|atk|1\n|-boost|p1b: Zygarde|def|1\n|-boost|p1b: Zygarde|accuracy|1\n|move|p1a: Hoopa|Dark Pulse|p2a: Peluche\n|-supereffective|p2a: Peluche\n|-damage|p2a: Peluche|0 fnt\n|faint|p2a: Peluche\n|\n|upkeep\n|\n|t:|1698352316\n|switch|p2a: Ragmon|Gardevoir, F, shiny|100\/100\n|-ability|p2a: Ragmon|Aura Break\n|-ability|p2a: Ragmon|Aura Break|[from] ability: Trace|[of] p1b: Zygarde\n|turn|2\n|\n|t:|1698352334\n|move|p2b: A lobster|Crabhammer|p1b: Zygarde\n|-damage|p1b: Zygarde|29\/100\n|-damage|p2b: A lobster|81\/100|[from] item: Life Orb\n|move|p2a: Ragmon|Signal Beam|p1a: Hoopa\n|-supereffective|p1a: Hoopa\n|-damage|p1a: Hoopa|0 fnt\n|faint|p1a: Hoopa\n|move|p1b: Zygarde|Thousand Arrows|p2a: Ragmon|[spread] p2a,p2b\n|-damage|p2a: Ragmon|48\/100\n|-damage|p2b: A lobster|27\/100\n|\n|upkeep\n|\n|t:|1698352349\n|switch|p1a: Indeedee|Indeedee-F, F|100\/100\n|-fieldstart|move: Psychic Terrain|[from] ability: Psychic Surge|[of] p1a: Indeedee\n|turn|3\n|\n|t:|1698352359\n|move|p2b: A lobster|Aqua Jet|p1b: Zygarde\n|-activate|p1b: Zygarde|move: Psychic Terrain\n|move|p2a: Ragmon|Signal Beam|p1a: Indeedee\n|-supereffective|p1a: Indeedee\n|-damage|p1a: Indeedee|45\/100\n|move|p1b: Zygarde|Coil|p1b: Zygarde\n|-boost|p1b: Zygarde|atk|1\n|-boost|p1b: Zygarde|def|1\n|-boost|p1b: Zygarde|accuracy|1\n|move|p1a: Indeedee|Trick Room|p1a: Indeedee\n|-fieldstart|move: Trick Room|[of] p1a: Indeedee\n|-enditem|p1b: Zygarde|Room Service\n|-unboost|p1b: Zygarde|spe|1|[from] item: Room Service\n|\n|upkeep\n|turn|4\n|\n|t:|1698352382\n|move|p1b: Zygarde|Thousand Arrows|p2b: A lobster|[spread] p2a,p2b\n|-damage|p2a: Ragmon|0 fnt\n|-damage|p2b: A lobster|0 fnt\n|faint|p2a: Ragmon\n|faint|p2b: A lobster\n|move|p1a: Indeedee|Heal Pulse|p1b: Zygarde\n|-heal|p1b: Zygarde|79\/100\n|\n|upkeep\n|\n|t:|1698352390\n|switch|p2a: Spider moth|Ariados, M|100\/100\n|switch|p2b: De hecho|Hoopa|100\/100\n|turn|5\n|inactive|Oghmagod has 120 seconds left.\n|\n|t:|1698352421\n|move|p1a: Indeedee|Follow Me|p1a: Indeedee\n|-singleturn|p1a: Indeedee|move: Follow Me\n|move|p2a: Spider moth|Thief|p1a: Indeedee\n|-supereffective|p1a: Indeedee\n|-damage|p1a: Indeedee|7\/100\n|move|p1b: Zygarde|Thousand Arrows|p2a: Spider moth|[spread] p2a,p2b\n|-crit|p2b: De hecho\n|-damage|p2a: Spider moth|39\/100\n|-damage|p2b: De hecho|5\/100\n|-enditem|p2b: De hecho|Aguav Berry|[eat]\n|-heal|p2b: De hecho|38\/100|[from] item: Aguav Berry\n|move|p2b: De hecho|Dark Pulse|p1a: Indeedee\n|-supereffective|p1a: Indeedee\n|-damage|p1a: Indeedee|0 fnt\n|faint|p1a: Indeedee\n|\n|-heal|p2a: Spider moth|46\/100|[from] item: Leftovers\n|upkeep\n|\n|t:|1698352437\n|switch|p1a: Glastrier|Glastrier|100\/100\n|turn|6\n|\n|t:|1698352447\n|move|p1a: Glastrier|Icicle Spear|p2b: De hecho\n|-damage|p2b: De hecho|15\/100\n|-damage|p2b: De hecho|0 fnt\n|faint|p2b: De hecho\n|-ability|p1a: Glastrier|Chilling Neigh|boost\n|-boost|p1a: Glastrier|atk|1\n|-hitcount|p2: De hecho|2\n|move|p2a: Spider moth|Sludge Bomb|p1a: Glastrier\n|-damage|p1a: Glastrier|85\/100\n|-status|p1a: Glastrier|psn\n|move|p1b: Zygarde|Thousand Arrows|p2a: Spider moth\n|-damage|p2a: Spider moth|0 fnt\n|faint|p2a: Spider moth\n|\n|-damage|p1a: Glastrier|73\/100 psn|[from] psn\n|upkeep\n|\n|t:|1698352452\n|switch|p2a: Porque te llevo?|Delphox, F, shiny|100\/100\n|turn|7\n|\n|t:|1698352462\n|move|p1a: Glastrier|Icicle Spear|p2a: Porque te llevo?\n|-resisted|p2a: Porque te llevo?\n|-damage|p2a: Porque te llevo?|83\/100\n|-resisted|p2a: Porque te llevo?\n|-damage|p2a: Porque te llevo?|66\/100\n|-resisted|p2a: Porque te llevo?\n|-damage|p2a: Porque te llevo?|50\/100\n|-resisted|p2a: Porque te llevo?\n|-damage|p2a: Porque te llevo?|32\/100\n|-resisted|p2a: Porque te llevo?\n|-damage|p2a: Porque te llevo?|15\/100\n|-hitcount|p2a: Porque te llevo?|5\n|move|p1b: Zygarde|Thousand Arrows|p2a: Porque te llevo?\n|-supereffective|p2a: Porque te llevo?\n|-damage|p2a: Porque te llevo?|0 fnt\n|faint|p2a: Porque te llevo?\n|\n|win|aeff adffsa\n|raw|aeff adffsa's rating: 1092 &rarr; <strong>1116<\/strong><br \/>(+24 for winning)\n|raw|Oghmagod's rating: 1062 &rarr; <strong>1044<\/strong><br \/>(-18 for losing)\n|l|\u2606Oghmagod\n","uploadtime":1698352473,"views":5,"p1id":"aeffadffsa","p2id":"oghmagod","formatid":"gen9nationaldexdoubles","rating":1044,"private":0,"password":""}