{"id":"gen9nationaldexdoubles-1950898311","p1":"Mokaccino321","p2":"Zentex ELITE 4","format":"[Gen 9] National Dex Doubles","log":"|j|\u2606Mokaccino321\n|j|\u2606Zentex ELITE 4\n|t:|1695517302\n|gametype|doubles\n|player|p1|Mokaccino321|101|1302\n|player|p2|Zentex ELITE 4|lucian|1321\n|teamsize|p1|6\n|teamsize|p2|6\n|gen|9\n|tier|[Gen 9] National Dex Doubles\n|rated|\n|rule|HP Percentage Mod: HP is shown in percentages\n|rule|Endless Battle Clause: Forcing endless battles is banned\n|rule|OHKO Clause: OHKO moves are banned\n|rule|Evasion Moves Clause: Evasion moves are banned\n|rule|Evasion Abilities Clause: Evasion abilities are banned\n|rule|Species Clause: Limit one of each Pok\u00e9mon\n|rule|Gravity Sleep Clause: The combination of sleep-inducing moves with imperfect accuracy and Gravity or Gigantamax Orbeetle are banned\n|clearpoke\n|poke|p1|Nihilego|\n|poke|p1|Cradily, M|\n|poke|p1|Diancie|\n|poke|p1|Tyranitar, F|\n|poke|p1|Terrakion|\n|poke|p1|Arcanine-Hisui, F|\n|poke|p2|Enamorus, F|\n|poke|p2|Gardevoir, F|\n|poke|p2|Malamar, M|\n|poke|p2|Armarouge, M|\n|poke|p2|Indeedee-F, F|\n|poke|p2|Gallade, M|\n|teampreview\n|inactive|Battle timer is ON: inactive players will automatically lose when time's up. (requested by Zentex ELITE 4)\n|\n|t:|1695517322\n|start\n|switch|p1a: Cradily|Cradily, M|100\/100\n|switch|p1b: Nihilego|Nihilego|100\/100\n|switch|p2a: Armarouge|Armarouge, M, shiny|100\/100\n|switch|p2b: Indeedee|Indeedee-F, F, shiny|100\/100\n|-fieldstart|move: Psychic Terrain|[from] ability: Psychic Surge|[of] p2b: Indeedee\n|-enditem|p2b: Indeedee|Psychic Seed\n|-boost|p2b: Indeedee|spd|1|[from] item: Psychic Seed\n|turn|1\n|\n|t:|1695517340\n|-terastallize|p1b: Nihilego|Rock\n|-terastallize|p2a: Armarouge|Grass\n|move|p1b: Nihilego|Meteor Beam||[still]\n|-prepare|p1b: Nihilego|Meteor Beam\n|-boost|p1b: Nihilego|spa|1\n|-enditem|p1b: Nihilego|Power Herb\n|-anim|p1b: Nihilego|Meteor Beam|p2a: Armarouge\n|-damage|p2a: Armarouge|0 fnt\n|faint|p2a: Armarouge\n|-ability|p1b: Nihilego|Beast Boost|boost\n|-boost|p1b: Nihilego|spa|1\n|move|p1a: Cradily|Curse|p1a: Cradily\n|-unboost|p1a: Cradily|spe|1\n|-boost|p1a: Cradily|atk|1\n|-boost|p1a: Cradily|def|1\n|move|p2b: Indeedee|Trick Room|p2b: Indeedee\n|-fieldstart|move: Trick Room|[of] p2b: Indeedee\n|\n|upkeep\n|inactive|Zentex ELITE 4 has 120 seconds left.\n|\n|t:|1695517361\n|switch|p2a: Malamar|Malamar, M|100\/100\n|turn|2\n|\n|t:|1695517374\n|move|p1b: Nihilego|Protect|p1b: Nihilego\n|-singleturn|p1b: Nihilego|Protect\n|move|p1a: Cradily|Rock Slide|p2a: Malamar|[spread] p2a,p2b\n|-damage|p2a: Malamar|71\/100\n|-damage|p2b: Indeedee|72\/100\n|cant|p2a: Malamar|flinch\n|move|p2b: Indeedee|Expanding Force|p1b: Nihilego|[spread] p1a\n|-activate|p1b: Nihilego|move: Protect\n|-damage|p1a: Cradily|77\/100\n|\n|-heal|p1a: Cradily|83\/100|[from] item: Leftovers\n|-heal|p2a: Malamar|77\/100|[from] item: Leftovers\n|upkeep\n|turn|3\n|\n|t:|1695517400\n|move|p1a: Cradily|Seed Bomb|p2a: Malamar\n|-damage|p2a: Malamar|34\/100\n|move|p2a: Malamar|Superpower|p1b: Nihilego\n|-supereffective|p1b: Nihilego\n|-damage|p1b: Nihilego|0 fnt\n|-boost|p2a: Malamar|atk|1\n|-boost|p2a: Malamar|def|1\n|faint|p1b: Nihilego\n|move|p2b: Indeedee|Psych Up|p1a: Cradily\n|-copyboost|p2b: Indeedee|p1a: Cradily|[from] move: Psych Up\n|\n|-heal|p1a: Cradily|90\/100|[from] item: Leftovers\n|-heal|p2a: Malamar|40\/100|[from] item: Leftovers\n|upkeep\n|inactive|Mokaccino321 has 120 seconds left.\n|\n|t:|1695517415\n|switch|p1b: Arcanine|Arcanine-Hisui, F|100\/100\n|-ability|p1b: Arcanine|Intimidate|boost\n|-boost|p2a: Malamar|atk|1\n|-unboost|p2b: Indeedee|atk|1\n|turn|4\n|inactive|Zentex ELITE 4 has 120 seconds left.\n|\n|t:|1695517457\n|move|p1b: Arcanine|Protect|p1b: Arcanine\n|-singleturn|p1b: Arcanine|Protect\n|move|p1a: Cradily|Curse|p1a: Cradily\n|-unboost|p1a: Cradily|spe|1\n|-boost|p1a: Cradily|atk|1\n|-boost|p1a: Cradily|def|1\n|move|p2b: Indeedee|Expanding Force|p1b: Arcanine|[spread] p1a\n|-activate|p1b: Arcanine|move: Protect\n|-damage|p1a: Cradily|66\/100\n|move|p2a: Malamar|Superpower|p1b: Arcanine\n|-activate|p1b: Arcanine|move: Protect\n|\n|-heal|p1a: Cradily|72\/100|[from] item: Leftovers\n|-heal|p2a: Malamar|46\/100|[from] item: Leftovers\n|upkeep\n|turn|5\n|\n|t:|1695517476\n|move|p1b: Arcanine|Extreme Speed|p2a: Malamar\n|-activate|p2a: Malamar|move: Psychic Terrain\n|move|p1a: Cradily|Seed Bomb|p2a: Malamar\n|-damage|p2a: Malamar|5\/100\n|move|p2b: Indeedee|Psych Up|p1a: Cradily\n|-copyboost|p2b: Indeedee|p1a: Cradily|[from] move: Psych Up\n|move|p2a: Malamar|Superpower|p1b: Arcanine\n|-supereffective|p1b: Arcanine\n|-damage|p1b: Arcanine|0 fnt\n|-boost|p2a: Malamar|atk|1\n|-boost|p2a: Malamar|def|1\n|faint|p1b: Arcanine\n|\n|-heal|p1a: Cradily|78\/100|[from] item: Leftovers\n|-heal|p2a: Malamar|11\/100|[from] item: Leftovers\n|-fieldend|move: Trick Room\n|-fieldend|move: Psychic Terrain\n|upkeep\n|\n|t:|1695517493\n|switch|p1b: Diancie|Diancie|100\/100\n|turn|6\n|\n|t:|1695517512\n|detailschange|p1b: Diancie|Diancie-Mega\n|-mega|p1b: Diancie|Diancie|Diancite\n|move|p1b: Diancie|Dazzling Gleam|p2b: Indeedee|[spread] p2a,p2b\n|-supereffective|p2a: Malamar\n|-damage|p2a: Malamar|0 fnt\n|-damage|p2b: Indeedee|42\/100\n|faint|p2a: Malamar\n|move|p1a: Cradily|Curse|p1a: Cradily\n|-unboost|p1a: Cradily|spe|1\n|-boost|p1a: Cradily|atk|1\n|-boost|p1a: Cradily|def|1\n|move|p2b: Indeedee|Trick Room|p2b: Indeedee\n|-fieldstart|move: Trick Room|[of] p2b: Indeedee\n|\n|-heal|p1a: Cradily|84\/100|[from] item: Leftovers\n|upkeep\n|\n|t:|1695517529\n|switch|p2a: Gallade|Gallade, M, shiny|100\/100\n|turn|7\n|\n|t:|1695517553\n|move|p1b: Diancie|Protect|p1b: Diancie\n|-singleturn|p1b: Diancie|Protect\n|move|p1a: Cradily|Seed Bomb|p2a: Gallade\n|-crit|p2a: Gallade\n|-damage|p2a: Gallade|0 fnt\n|faint|p2a: Gallade\n|move|p2b: Indeedee|Expanding Force|p1b: Diancie\n|-activate|p1b: Diancie|move: Protect\n|\n|-heal|p1a: Cradily|90\/100|[from] item: Leftovers\n|upkeep\n|\n|t:|1695517560\n|switch|p2a: Gardevoir|Gardevoir, F, shiny|100\/100\n|turn|8\n|inactive|Zentex ELITE 4 has 120 seconds left.\n|\n|t:|1695517608\n|detailschange|p2a: Gardevoir|Gardevoir-Mega, F, shiny\n|-mega|p2a: Gardevoir|Gardevoir|Gardevoirite\n|move|p1a: Cradily|Rock Slide|p2a: Gardevoir|[spread] p2a,p2b\n|-damage|p2a: Gardevoir|29\/100\n|-damage|p2b: Indeedee|17\/100\n|move|p2b: Indeedee|Expanding Force|p1b: Diancie\n|-damage|p1b: Diancie|66\/100\n|move|p2a: Gardevoir|Hyper Voice|p1a: Cradily|[spread] p1a,p1b\n|-damage|p1a: Cradily|61\/100\n|-damage|p1b: Diancie|0 fnt\n|faint|p1b: Diancie\n|\n|-heal|p1a: Cradily|67\/100|[from] item: Leftovers\n|upkeep\n|\n|t:|1695517621\n|switch|p1b: Tyranitar|Tyranitar, F|100\/100\n|-weather|Sandstorm|[from] ability: Sand Stream|[of] p1b: Tyranitar\n|turn|9\n|inactive|Zentex ELITE 4 has 120 seconds left.\n|\n|t:|1695517638\n|move|p1a: Cradily|Rock Slide|p2b: Indeedee|[spread] p2a,p2b\n|-damage|p2a: Gardevoir|0 fnt\n|-damage|p2b: Indeedee|0 fnt\n|faint|p2a: Gardevoir\n|faint|p2b: Indeedee\n|move|p1b: Tyranitar|Rock Slide|p2: Gardevoir|[notarget]\n|-fail|p1b: Tyranitar\n|\n|-weather|Sandstorm|[upkeep]\n|-heal|p1a: Cradily|73\/100|[from] item: Leftovers\n|upkeep\n|inactive|Zentex ELITE 4 has 120 seconds left.\n|-message|Zentex ELITE 4 forfeited.\n|\n|win|Mokaccino321\n|raw|Mokaccino321's rating: 1302 &rarr; <strong>1323<\/strong><br \/>(+21 for winning)\n|raw|Zentex ELITE 4's rating: 1321 &rarr; <strong>1300<\/strong><br \/>(-21 for losing)\n|l|\u2606Zentex ELITE 4\n","uploadtime":1695517649,"views":15,"p1id":"mokaccino321","p2id":"zentexelite4","formatid":"gen9nationaldexdoubles","rating":1300,"private":0,"password":""}