{"id":"gen9nationaldexdoubles-1948180545","p1":"nombre epico.jpg","p2":"the mudkip warrior","format":"[Gen 9] National Dex Doubles","log":"|j|\u2606nombre epico.jpg\n|j|\u2606the mudkip warrior\n|t:|1695236629\n|gametype|doubles\n|player|p1|nombre epico.jpg|zossie|1227\n|player|p2|the mudkip warrior|acetrainer-gen4dp|1341\n|teamsize|p1|6\n|teamsize|p2|6\n|gen|9\n|tier|[Gen 9] National Dex Doubles\n|rated|\n|rule|HP Percentage Mod: HP is shown in percentages\n|rule|Endless Battle Clause: Forcing endless battles is banned\n|rule|OHKO Clause: OHKO moves are banned\n|rule|Evasion Moves Clause: Evasion moves are banned\n|rule|Evasion Abilities Clause: Evasion abilities are banned\n|rule|Species Clause: Limit one of each Pok\u00e9mon\n|rule|Gravity Sleep Clause: The combination of sleep-inducing moves with imperfect accuracy and Gravity or Gigantamax Orbeetle are banned\n|clearpoke\n|poke|p1|Klefki, F|\n|poke|p1|Pelipper, F|\n|poke|p1|Ferrothorn, M|\n|poke|p1|Scizor, F|\n|poke|p1|Golem-Alola, F|\n|poke|p1|Kingdra, F|\n|poke|p2|Talonflame, F|\n|poke|p2|Samurott-Hisui, M|\n|poke|p2|Dragonite, M|\n|poke|p2|Stonjourner, M|\n|poke|p2|Iron Bundle|\n|poke|p2|Moltres-Galar|\n|teampreview\n|\n|t:|1695236636\n|start\n|switch|p1a: Llaves|Klefki, F|100\/100\n|switch|p1b: When|Pelipper, F|100\/100\n|switch|p2a: Beak|Talonflame, F|100\/100\n|switch|p2b: Owen|Samurott-Hisui, M|100\/100\n|-weather|RainDance|[from] ability: Drizzle|[of] p1b: When\n|turn|1\n|c|\u2606the mudkip warrior|gl\n|\n|t:|1695236653\n|move|p1b: When|Protect|p1b: When\n|-singleturn|p1b: When|Protect\n|move|p2a: Beak|Tailwind|p2a: Beak\n|-sidestart|p2: the mudkip warrior|move: Tailwind\n|move|p1a: Llaves|Reflect|p1a: Llaves\n|-sidestart|p1: nombre epico.jpg|Reflect\n|move|p2b: Owen|Ceaseless Edge|p1b: When\n|-activate|p1b: When|move: Protect\n|\n|-weather|RainDance|[upkeep]\n|upkeep\n|turn|2\n|\n|t:|1695236678\n|switch|p1b: Barbs|Ferrothorn, M, shiny|100\/100\n|move|p2a: Beak|Taunt|p1a: Llaves\n|-start|p1a: Llaves|move: Taunt\n|move|p2b: Owen|Ceaseless Edge|p1b: Barbs\n|-damage|p1b: Barbs|72\/100\n|-damage|p2b: Owen|88\/100|[from] ability: Iron Barbs|[of] p1b: Barbs\n|-damage|p2b: Owen|72\/100|[from] item: Rocky Helmet|[of] p1b: Barbs\n|-sidestart|p1: nombre epico.jpg|Spikes\n|-damage|p2b: Owen|62\/100|[from] item: Life Orb\n|move|p1a: Llaves|Dazzling Gleam|p2a: Beak|[spread] p2a,p2b\n|-resisted|p2a: Beak\n|-supereffective|p2b: Owen\n|-damage|p2a: Beak|85\/100\n|-damage|p2b: Owen|7\/100\n|\n|-weather|RainDance|[upkeep]\n|upkeep\n|turn|3\n|\n|t:|1695236699\n|move|p1b: Barbs|Protect|p1b: Barbs\n|-singleturn|p1b: Barbs|Protect\n|move|p2a: Beak|Taunt|p1b: Barbs\n|-activate|p1b: Barbs|move: Protect\n|move|p2b: Owen|Razor Shell|p1a: Llaves\n|-damage|p1a: Llaves|32\/100\n|-damage|p2b: Owen|0 fnt|[from] item: Life Orb\n|faint|p2b: Owen\n|move|p1a: Llaves|Dazzling Gleam|p2a: Beak\n|-resisted|p2a: Beak\n|-damage|p2a: Beak|66\/100\n|\n|-weather|RainDance|[upkeep]\n|upkeep\n|\n|t:|1695236730\n|switch|p2b: Malice|Moltres-Galar|100\/100\n|turn|4\n|\n|t:|1695236738\n|move|p2a: Beak|Taunt|p1b: Barbs\n|-start|p1b: Barbs|move: Taunt\n|move|p2b: Malice|Nasty Plot|p2b: Malice\n|-boost|p2b: Malice|spa|2\n|move|p1a: Llaves|Dazzling Gleam|p2a: Beak|[spread] p2a,p2b\n|-resisted|p2a: Beak\n|-supereffective|p2b: Malice\n|-damage|p2a: Beak|52\/100\n|-damage|p2b: Malice|66\/100\n|move|p1b: Barbs|Gyro Ball|p2b: Malice\n|-damage|p2b: Malice|0 fnt\n|faint|p2b: Malice\n|\n|-weather|RainDance|[upkeep]\n|-end|p1a: Llaves|move: Taunt\n|-sideend|p2: the mudkip warrior|move: Tailwind\n|upkeep\n|\n|t:|1695236760\n|switch|p2b: Delivery Drone|Iron Bundle|100\/100\n|turn|5\n|\n|t:|1695236772\n|move|p1a: Llaves|Light Screen|p1a: Llaves\n|-sidestart|p1: nombre epico.jpg|move: Light Screen\n|move|p2b: Delivery Drone|Hydro Pump|p1a: Llaves|[miss]\n|-miss|p2b: Delivery Drone|p1a: Llaves\n|move|p2a: Beak|Tailwind|p2a: Beak\n|-sidestart|p2: the mudkip warrior|move: Tailwind\n|move|p1b: Barbs|Power Whip|p2b: Delivery Drone\n|-supereffective|p2b: Delivery Drone\n|-enditem|p2b: Delivery Drone|Focus Sash\n|-damage|p2b: Delivery Drone|1\/100\n|\n|-weather|RainDance|[upkeep]\n|upkeep\n|turn|6\n|\n|t:|1695236791\n|move|p1a: Llaves|Thunder Wave|p2a: Beak\n|-status|p2a: Beak|par\n|move|p2b: Delivery Drone|Hydro Pump|p1a: Llaves\n|-damage|p1a: Llaves|0 fnt\n|faint|p1a: Llaves\n|cant|p2a: Beak|par\n|move|p1b: Barbs|Gyro Ball|p2b: Delivery Drone\n|-damage|p2b: Delivery Drone|0 fnt\n|faint|p2b: Delivery Drone\n|-end|p2b: Delivery Drone|Quark Drive|[silent]\n|\n|-weather|RainDance|[upkeep]\n|-end|p1b: Barbs|move: Taunt\n|upkeep\n|\n|t:|1695236809\n|switch|p2b: Andy|Dragonite, M|100\/100\n|switch|p1a: Golem|Golem-Alola, F|100\/100\n|-item|p1a: Golem|Air Balloon\n|turn|7\n|\n|t:|1695236828\n|-terastallize|p2b: Andy|Flying\n|-terastallize|p1a: Golem|Electric\n|move|p1b: Barbs|Protect|p1b: Barbs\n|-singleturn|p1b: Barbs|Protect\n|move|p2b: Andy|Tera Blast|p1b: Barbs\n|-activate|p1b: Barbs|move: Protect\n|move|p2a: Beak|Will-O-Wisp|p1a: Golem|[miss]\n|-miss|p2a: Beak|p1a: Golem\n|move|p1a: Golem|Explosion|p2a: Beak|[spread] p2a,p2b\n|-activate|p1b: Barbs|move: Protect\n|-supereffective|p2a: Beak\n|-supereffective|p2b: Andy\n|-damage|p2a: Beak|0 fnt\n|-damage|p2b: Andy|0 fnt\n|faint|p1a: Golem\n|faint|p2a: Beak\n|faint|p2b: Andy\n|\n|-weather|RainDance|[upkeep]\n|upkeep\n|\n|t:|1695236848\n|switch|p2b: Tumble|Stonjourner, M, shiny|100\/100\n|switch|p1a: Debora|Kingdra, F, shiny|100\/100\n|-damage|p1a: Debora|88\/100|[from] Spikes\n|turn|8\n|c|\u2606the mudkip warrior|gg\n|\n|t:|1695236857\n|move|p1a: Debora|Hydro Pump|p2b: Tumble\n|-supereffective|p2b: Tumble\n|-damage|p2b: Tumble|0 fnt\n|faint|p2b: Tumble\n|\n|win|nombre epico.jpg\n|raw|nombre epico.jpg's rating: 1227 &rarr; <strong>1260<\/strong><br \/>(+33 for winning)\n|raw|the mudkip warrior's rating: 1341 &rarr; <strong>1315<\/strong><br \/>(-26 for losing)\n|l|\u2606the mudkip warrior\n","uploadtime":1695236870,"views":5,"p1id":"nombreepicojpg","p2id":"themudkipwarrior","formatid":"gen9nationaldexdoubles","rating":1260,"private":0,"password":""}