{"id":"gen9nationaldexdoubles-1965470567","p1":"ShrimpTheShrimp","p2":"Jello1231","format":"[Gen 9] National Dex Doubles","log":"|j|\u2606ShrimpTheShrimp\n|j|\u2606Jello1231\n|inactive|Battle timer is ON: inactive players will automatically lose when time's up.\n|t:|1697076630\n|gametype|doubles\n|player|p1|ShrimpTheShrimp|ltsurge|\n|player|p2|Jello1231|sonia-professor|\n|teamsize|p1|6\n|teamsize|p2|6\n|gen|9\n|tier|[Gen 9] National Dex Doubles\n|rated|Tournament battle\n|rule|HP Percentage Mod: HP is shown in percentages\n|rule|Endless Battle Clause: Forcing endless battles is banned\n|rule|OHKO Clause: OHKO moves are banned\n|rule|Evasion Moves Clause: Evasion moves are banned\n|rule|Evasion Abilities Clause: Evasion abilities are banned\n|rule|Species Clause: Limit one of each Pok\u00e9mon\n|rule|Gravity Sleep Clause: The combination of sleep-inducing moves with imperfect accuracy and Gravity or Gigantamax Orbeetle are banned\n|clearpoke\n|poke|p1|Chien-Pao|\n|poke|p1|Lucario, F|\n|poke|p1|Dragonite, F|\n|poke|p1|Tornadus, M|\n|poke|p1|Urshifu-*, M|\n|poke|p1|Flutter Mane|\n|poke|p2|Ting-Lu|\n|poke|p2|Jirachi|\n|poke|p2|Diancie|\n|poke|p2|Rillaboom, M|\n|poke|p2|Iron Hands|\n|poke|p2|Palafin, F|\n|teampreview\n|j| Iceberg77\n|j|%lord death man\n|c|\u2606ShrimpTheShrimp|glhf man\n|c|\u2606Jello1231|U2\n|\n|t:|1697076658\n|start\n|switch|p1a: Whorenadus|Tornadus, M|100\/100\n|switch|p1b: Healthy Meta|Urshifu-Rapid-Strike, M|100\/100\n|switch|p2a: Palafin|Palafin, F|100\/100\n|switch|p2b: Iron Hands|Iron Hands|100\/100\n|turn|1\n|\n|t:|1697076670\n|detailschange|p2a: Palafin|Palafin-Hero, F\n|switch|p2a: Rillaboom|Rillaboom, M|100\/100\n|-fieldstart|move: Grassy Terrain|[from] ability: Grassy Surge|[of] p2a: Rillaboom\n|move|p1b: Healthy Meta|Detect|p1b: Healthy Meta\n|-singleturn|p1b: Healthy Meta|Protect\n|move|p1a: Whorenadus|Rain Dance|p1a: Whorenadus\n|-weather|RainDance\n|move|p2b: Iron Hands|Wild Charge|p1b: Healthy Meta\n|-activate|p1b: Healthy Meta|move: Protect\n|\n|-weather|RainDance|[upkeep]\n|upkeep\n|turn|2\n|\n|t:|1697076700\n|switch|p1b: Echidna|Dragonite, F, shiny|100\/100\n|move|p2a: Rillaboom|Grassy Glide|p1b: Echidna\n|-resisted|p1b: Echidna\n|-damage|p1b: Echidna|91\/100\n|move|p1a: Whorenadus|Bleakwind Storm|p2b: Iron Hands|[spread] p2a,p2b\n|-supereffective|p2a: Rillaboom\n|-damage|p2a: Rillaboom|56\/100\n|-damage|p2b: Iron Hands|84\/100\n|move|p2b: Iron Hands|Wild Charge|p1b: Echidna\n|-damage|p1b: Echidna|41\/100\n|-damage|p2b: Iron Hands|74\/100|[from] Recoil\n|\n|-weather|RainDance|[upkeep]\n|-heal|p2a: Rillaboom|62\/100|[from] Grassy Terrain\n|-heal|p2b: Iron Hands|81\/100|[from] Grassy Terrain\n|upkeep\n|turn|3\n|\n|t:|1697076716\n|switch|p2a: Diancie|Diancie|100\/100\n|-end|p2b: Iron Hands|Quark Drive|[silent]\n|switch|p2b: Ting-Lu|Ting-Lu|100\/100\n|-ability|p2b: Ting-Lu|Vessel of Ruin\n|move|p1a: Whorenadus|Bleakwind Storm|p2b: Ting-Lu|[spread] p2a,p2b\n|-resisted|p2a: Diancie\n|-damage|p2a: Diancie|92\/100\n|-damage|p2b: Ting-Lu|84\/100\n|move|p1b: Echidna|Stomping Tantrum|p2b: Ting-Lu\n|-crit|p2b: Ting-Lu\n|-damage|p2b: Ting-Lu|55\/100\n|\n|-weather|RainDance|[upkeep]\n|-heal|p2b: Ting-Lu|61\/100|[from] Grassy Terrain\n|-heal|p2b: Ting-Lu|68\/100|[from] item: Leftovers\n|-heal|p2a: Diancie|98\/100|[from] Grassy Terrain\n|upkeep\n|turn|4\n|\n|t:|1697076734\n|switch|p1b: Healthy Meta|Urshifu-Rapid-Strike, M|100\/100\n|move|p1a: Whorenadus|Bleakwind Storm|p2a: Diancie|[spread] p2a,p2b\n|-resisted|p2a: Diancie\n|-damage|p2a: Diancie|90\/100\n|-damage|p2b: Ting-Lu|49\/100\n|move|p2b: Ting-Lu|Spikes|p1b: Healthy Meta\n|-sidestart|p1: ShrimpTheShrimp|Spikes\n|move|p2a: Diancie|Diamond Storm|p1a: Whorenadus|[spread] p1a,p1b\n|-supereffective|p1a: Whorenadus\n|-resisted|p1b: Healthy Meta\n|-damage|p1a: Whorenadus|42\/100\n|-damage|p1b: Healthy Meta|84\/100\n|-boost|p2a: Diancie|def|2\n|\n|-weather|RainDance|[upkeep]\n|-heal|p1b: Healthy Meta|90\/100|[from] Grassy Terrain\n|-heal|p2b: Ting-Lu|55\/100|[from] Grassy Terrain\n|-heal|p2b: Ting-Lu|61\/100|[from] item: Leftovers\n|-heal|p2a: Diancie|96\/100|[from] Grassy Terrain\n|upkeep\n|turn|5\n|inactive|Jello1231 has 120 seconds left.\n|\n|t:|1697076768\n|move|p1a: Whorenadus|Taunt|p2a: Diancie\n|-start|p2a: Diancie|move: Taunt\n|move|p1b: Healthy Meta|Surging Strikes|p2a: Diancie\n|-supereffective|p2a: Diancie\n|-crit|p2a: Diancie\n|-damage|p2a: Diancie|37\/100\n|-enditem|p2a: Diancie|Sitrus Berry|[eat]\n|-heal|p2a: Diancie|62\/100|[from] item: Sitrus Berry\n|-supereffective|p2a: Diancie\n|-crit|p2a: Diancie\n|-damage|p2a: Diancie|2\/100\n|-supereffective|p2a: Diancie\n|-crit|p2a: Diancie\n|-damage|p2a: Diancie|0 fnt\n|faint|p2a: Diancie\n|-hitcount|p2: Diancie|3\n|move|p2b: Ting-Lu|Stomping Tantrum|p1b: Healthy Meta\n|-damage|p1b: Healthy Meta|63\/100\n|\n|-weather|none\n|-heal|p1b: Healthy Meta|69\/100|[from] Grassy Terrain\n|-heal|p2b: Ting-Lu|68\/100|[from] Grassy Terrain\n|-heal|p2b: Ting-Lu|74\/100|[from] item: Leftovers\n|-fieldend|move: Grassy Terrain\n|upkeep\n|inactive|Jello1231 has 120 seconds left.\n|inactive|Jello1231 has 90 seconds left.\n|\n|t:|1697076804\n|switch|p2a: Iron Hands|Iron Hands|81\/100\n|turn|6\n|inactive|Jello1231 has 90 seconds left.\n|inactive|ShrimpTheShrimp has 120 seconds left.\n|\n|t:|1697076849\n|move|p1b: Healthy Meta|Detect|p1b: Healthy Meta\n|-singleturn|p1b: Healthy Meta|Protect\n|move|p2a: Iron Hands|Fake Out|p1b: Healthy Meta\n|-activate|p1b: Healthy Meta|move: Protect\n|move|p1a: Whorenadus|Rain Dance|p1a: Whorenadus\n|-weather|RainDance\n|move|p2b: Ting-Lu|Spikes|p1a: Whorenadus\n|-sidestart|p1: ShrimpTheShrimp|Spikes\n|\n|-weather|RainDance|[upkeep]\n|-heal|p2b: Ting-Lu|80\/100|[from] item: Leftovers\n|upkeep\n|turn|7\n|\n|t:|1697076867\n|-terastallize|p2a: Iron Hands|Grass\n|move|p1b: Healthy Meta|Surging Strikes|p2a: Iron Hands\n|-resisted|p2a: Iron Hands\n|-crit|p2a: Iron Hands\n|-damage|p2a: Iron Hands|67\/100\n|-resisted|p2a: Iron Hands\n|-crit|p2a: Iron Hands\n|-damage|p2a: Iron Hands|54\/100\n|-resisted|p2a: Iron Hands\n|-crit|p2a: Iron Hands\n|-damage|p2a: Iron Hands|39\/100\n|-hitcount|p2a: Iron Hands|3\n|move|p1a: Whorenadus|Bleakwind Storm|p2a: Iron Hands|[spread] p2a,p2b\n|-supereffective|p2a: Iron Hands\n|-damage|p2a: Iron Hands|15\/100\n|-damage|p2b: Ting-Lu|64\/100\n|-unboost|p2a: Iron Hands|spe|1\n|move|p2b: Ting-Lu|Heavy Slam|p1a: Whorenadus\n|-damage|p1a: Whorenadus|14\/100\n|move|p2a: Iron Hands|Wild Charge|p1b: Healthy Meta\n|-supereffective|p1b: Healthy Meta\n|-damage|p1b: Healthy Meta|0 fnt\n|faint|p1b: Healthy Meta\n|-damage|p2a: Iron Hands|2\/100|[from] Recoil\n|\n|-weather|RainDance|[upkeep]\n|-heal|p2b: Ting-Lu|70\/100|[from] item: Leftovers\n|upkeep\n|inactive|ShrimpTheShrimp has 120 seconds left.\n|inactive|ShrimpTheShrimp has 90 seconds left.\n|\n|t:|1697076908\n|switch|p1b: Switch in Deletus|Lucario, F|100\/100\n|-damage|p1b: Switch in Deletus|84\/100|[from] Spikes\n|turn|8\n|inactive|Jello1231 has 120 seconds left.\n|c|\u2606Jello1231|I couldn't be bothered to change my diance tera to water like i was supposed too and I'm suffering the consequences now\n|c|\u2606ShrimpTheShrimp|lmao\n|c|\u2606ShrimpTheShrimp|I was basically just trying to cover for the mega\n|inactive|Jello1231 has 90 seconds left.\n|\n|t:|1697076945\n|detailschange|p1b: Switch in Deletus|Lucario-Mega, F\n|-mega|p1b: Switch in Deletus|Lucario|Lucarionite\n|move|p1b: Switch in Deletus|Close Combat|p2b: Ting-Lu\n|-supereffective|p2b: Ting-Lu\n|-damage|p2b: Ting-Lu|0 fnt\n|-unboost|p1b: Switch in Deletus|def|1\n|-unboost|p1b: Switch in Deletus|spd|1\n|faint|p2b: Ting-Lu\n|move|p1a: Whorenadus|Bleakwind Storm|p2a: Iron Hands\n|-supereffective|p2a: Iron Hands\n|-damage|p2a: Iron Hands|0 fnt\n|faint|p2a: Iron Hands\n|-end|p2a: Iron Hands|Quark Drive|[silent]\n|\n|-weather|RainDance|[upkeep]\n|upkeep\n|c|\u2606ShrimpTheShrimp|I was assuming it wasn't based on how you were playing it though\n|inactive|Jello1231 has 90 seconds left.\n|\n|t:|1697076969\n|switch|p2a: Palafin|Palafin-Hero, F|100\/100\n|switch|p2b: Jirachi|Jirachi|100\/100\n|-activate|p2a: Palafin|ability: Zero to Hero\n|turn|9\n|\n|t:|1697076980\n|move|p1b: Switch in Deletus|Protect|p1b: Switch in Deletus\n|-singleturn|p1b: Switch in Deletus|Protect\n|move|p1a: Whorenadus|Taunt|p2b: Jirachi\n|-start|p2b: Jirachi|move: Taunt\n|move|p2a: Palafin|Jet Punch|p1b: Switch in Deletus\n|-activate|p1b: Switch in Deletus|move: Protect\n|move|p2b: Jirachi|Iron Head|p1a: Whorenadus\n|-damage|p1a: Whorenadus|0 fnt\n|faint|p1a: Whorenadus\n|\n|-weather|RainDance|[upkeep]\n|upkeep\n|\n|t:|1697076991\n|switch|p1a: Echidna|Dragonite, F, shiny|41\/100\n|turn|10\n|inactive|Jello1231 has 120 seconds left.\n|j|%GenOne\n|inactive|ShrimpTheShrimp has 120 seconds left.\n|l|%GenOne\n|\n|t:|1697077030\n|switch|p1b: Pantene|Flutter Mane, shiny|100\/100\n|-damage|p1b: Pantene|84\/100|[from] Spikes\n|-terastallize|p1a: Echidna|Normal\n|move|p1a: Echidna|Extreme Speed|p2a: Palafin\n|-damage|p2a: Palafin|39\/100\n|move|p2a: Palafin|Jet Punch|p1b: Pantene\n|-damage|p1b: Pantene|0 fnt\n|faint|p1b: Pantene\n|-end|p1b: Pantene|Protosynthesis|[silent]\n|move|p2b: Jirachi|Iron Head|p1a: Echidna\n|-damage|p1a: Echidna|14\/100\n|\n|-weather|none\n|upkeep\n|\n|t:|1697077038\n|switch|p1b: Danger Noodle|Chien-Pao|100\/100\n|-damage|p1b: Danger Noodle|84\/100|[from] Spikes\n|-ability|p1b: Danger Noodle|Sword of Ruin\n|turn|11\n|inactive|Jello1231 has 120 seconds left.\n|\n|t:|1697077075\n|move|p2a: Palafin|Protect|p2a: Palafin\n|-singleturn|p2a: Palafin|Protect\n|move|p1a: Echidna|Extreme Speed|p2a: Palafin\n|-activate|p2a: Palafin|move: Protect\n|move|p1b: Danger Noodle|Sucker Punch|p2b: Jirachi\n|-supereffective|p2b: Jirachi\n|-damage|p2b: Jirachi|39\/100\n|move|p2b: Jirachi|Iron Head|p1a: Echidna\n|-crit|p1a: Echidna\n|-damage|p1a: Echidna|0 fnt\n|faint|p1a: Echidna\n|\n|-end|p2b: Jirachi|move: Taunt\n|upkeep\n|\n|t:|1697077081\n|switch|p1a: Switch in Deletus|Lucario-Mega, F|84\/100\n|-damage|p1a: Switch in Deletus|68\/100|[from] Spikes\n|turn|12\n|inactive|Jello1231 has 120 seconds left.\n|\n|t:|1697077103\n|move|p2b: Jirachi|Follow Me|p2b: Jirachi\n|-singleturn|p2b: Jirachi|move: Follow Me\n|move|p1b: Danger Noodle|Sucker Punch||[still]\n|-fail|p1b: Danger Noodle\n|move|p1a: Switch in Deletus|Bullet Punch|p2b: Jirachi\n|-resisted|p2b: Jirachi\n|-damage|p2b: Jirachi|23\/100\n|move|p2a: Palafin|Drain Punch|p1a: Switch in Deletus\n|-supereffective|p1a: Switch in Deletus\n|-damage|p1a: Switch in Deletus|0 fnt\n|-heal|p2a: Palafin|63\/100|[from] drain|[of] p1a: Switch in Deletus\n|faint|p1a: Switch in Deletus\n|\n|upkeep\n|turn|13\n|c|\u2606ShrimpTheShrimp|dammmmn\n|c|\u2606ShrimpTheShrimp|good play\n|c|\u2606ShrimpTheShrimp|gg\n|c|\u2606Jello1231|Gg\n|\n|t:|1697077122\n|move|p2b: Jirachi|Follow Me|p2b: Jirachi\n|-singleturn|p2b: Jirachi|move: Follow Me\n|move|p1b: Danger Noodle|Sacred Sword|p2b: Jirachi\n|-damage|p2b: Jirachi|0 fnt\n|faint|p2b: Jirachi\n|move|p2a: Palafin|Drain Punch|p1b: Danger Noodle\n|-supereffective|p1b: Danger Noodle\n|-damage|p1b: Danger Noodle|0 fnt\n|-heal|p2a: Palafin|94\/100|[from] drain|[of] p1b: Danger Noodle\n|faint|p1b: Danger Noodle\n|\n|win|Jello1231\n|n|\u2606ShrimpTheShrimp|shrimptheshrimp\n|n|\u2606Jello1231|jello1231\n|n| Iceberg77|iceberg77\n|n|+lord death man|lorddeathman\n","uploadtime":1697077122,"views":9,"p1id":"shrimptheshrimp","p2id":"jello1231","formatid":"gen9nationaldexdoubles","rating":0,"private":0,"password":""}