{"id":"gen9nationaldexdoubles-1961553496","p1":"BKDAFEARLESS1","p2":"AlphaApolo","format":"[Gen 9] National Dex Doubles","log":"|j|\u2606BKDAFEARLESS1\n|j|\u2606AlphaApolo\n|t:|1696637098\n|gametype|doubles\n|player|p1|BKDAFEARLESS1|wattson|1135\n|player|p2|AlphaApolo|juan|1191\n|teamsize|p1|6\n|teamsize|p2|6\n|gen|9\n|tier|[Gen 9] National Dex Doubles\n|rated|\n|rule|HP Percentage Mod: HP is shown in percentages\n|rule|Endless Battle Clause: Forcing endless battles is banned\n|rule|OHKO Clause: OHKO moves are banned\n|rule|Evasion Moves Clause: Evasion moves are banned\n|rule|Evasion Abilities Clause: Evasion abilities are banned\n|rule|Species Clause: Limit one of each Pok\u00e9mon\n|rule|Gravity Sleep Clause: The combination of sleep-inducing moves with imperfect accuracy and Gravity or Gigantamax Orbeetle are banned\n|clearpoke\n|poke|p1|Machamp, M|\n|poke|p1|Obstagoon, F|\n|poke|p1|Iron Hands|\n|poke|p1|Kommo-o, M|\n|poke|p1|Cresselia, F|\n|poke|p1|Arcanine-Hisui, F|\n|poke|p2|Amoonguss, M|\n|poke|p2|Spiritomb, M|\n|poke|p2|Clefable, M|\n|poke|p2|Garchomp, M|\n|poke|p2|Azumarill, M|\n|poke|p2|Indeedee-F, F|\n|teampreview\n|inactive|Battle timer is ON: inactive players will automatically lose when time's up. (requested by BKDAFEARLESS1)\n|inactive|AlphaApolo has 120 seconds left.\n|\n|t:|1696637131\n|start\n|switch|p1a: Kommo-o|Kommo-o, M|100\/100\n|switch|p1b: Cresselia|Cresselia, F|100\/100\n|switch|p2a: Clefable|Clefable, M, shiny|100\/100\n|switch|p2b: Garchomp|Garchomp, M, shiny|100\/100\n|turn|1\n|inactive|AlphaApolo has 120 seconds left.\n|\n|t:|1696637164\n|move|p2a: Clefable|Follow Me|p2a: Clefable\n|-singleturn|p2a: Clefable|move: Follow Me\n|move|p2b: Garchomp|Swords Dance|p2b: Garchomp\n|-boost|p2b: Garchomp|atk|2\n|-zpower|p1a: Kommo-o\n|move|p1a: Kommo-o|Clangorous Soulblaze|p2a: Clefable|[zeffect]|[spread] p2b\n|-immune|p2a: Clefable\n|-supereffective|p2b: Garchomp\n|-damage|p2b: Garchomp|0 fnt\n|faint|p2b: Garchomp\n|-boost|p1a: Kommo-o|atk|1\n|-boost|p1a: Kommo-o|def|1\n|-boost|p1a: Kommo-o|spa|1\n|-boost|p1a: Kommo-o|spd|1\n|-boost|p1a: Kommo-o|spe|1\n|move|p1b: Cresselia|Light Screen|p1b: Cresselia\n|-sidestart|p1: BKDAFEARLESS1|move: Light Screen\n|\n|upkeep\n|inactive|AlphaApolo has 120 seconds left.\n|\n|t:|1696637190\n|switch|p2b: Azumarill|Azumarill, M, shiny|100\/100\n|turn|2\n|inactive|AlphaApolo has 120 seconds left.\n|\n|t:|1696637202\n|move|p2a: Clefable|Follow Me|p2a: Clefable\n|-singleturn|p2a: Clefable|move: Follow Me\n|move|p1a: Kommo-o|Flamethrower|p2a: Clefable\n|-damage|p2a: Clefable|76\/100\n|move|p1b: Cresselia|Thunder Wave|p2a: Clefable\n|-status|p2a: Clefable|par\n|move|p2b: Azumarill|Play Rough|p1a: Kommo-o\n|-supereffective|p1a: Kommo-o\n|-damage|p1a: Kommo-o|33\/100\n|\n|-heal|p2a: Clefable|82\/100 par|[from] item: Leftovers\n|upkeep\n|turn|3\n|\n|t:|1696637220\n|move|p2a: Clefable|Follow Me|p2a: Clefable\n|-singleturn|p2a: Clefable|move: Follow Me\n|move|p1a: Kommo-o|Flamethrower|p2a: Clefable\n|-damage|p2a: Clefable|56\/100 par\n|move|p1b: Cresselia|Lunar Blessing|p1b: Cresselia|[spread] p1a,p1b\n|-heal|p1a: Kommo-o|58\/100\n|move|p2b: Azumarill|Play Rough|p1a: Kommo-o\n|-supereffective|p1a: Kommo-o\n|-damage|p1a: Kommo-o|0 fnt\n|faint|p1a: Kommo-o\n|\n|-heal|p2a: Clefable|62\/100 par|[from] item: Leftovers\n|upkeep\n|\n|t:|1696637235\n|switch|p1a: Arcanine|Arcanine-Hisui, F, shiny|100\/100\n|-ability|p1a: Arcanine|Intimidate|boost\n|-unboost|p2a: Clefable|atk|1\n|-unboost|p2b: Azumarill|atk|1\n|turn|4\n|\n|t:|1696637246\n|move|p1b: Cresselia|Helping Hand|p1a: Arcanine\n|-singleturn|p1a: Arcanine|Helping Hand|[of] p1b: Cresselia\n|move|p2a: Clefable|Follow Me|p2a: Clefable\n|-singleturn|p2a: Clefable|move: Follow Me\n|move|p1a: Arcanine|Rock Slide|p2a: Clefable|[spread] p2a,p2b\n|-damage|p2a: Clefable|18\/100 par\n|-damage|p2b: Azumarill|63\/100\n|move|p2b: Azumarill|Belly Drum|p2b: Azumarill\n|-damage|p2b: Azumarill|13\/100\n|-setboost|p2b: Azumarill|atk|6|[from] move: Belly Drum\n|\n|-heal|p2a: Clefable|24\/100 par|[from] item: Leftovers\n|upkeep\n|turn|5\n|\n|t:|1696637271\n|move|p1a: Arcanine|Extreme Speed|p2b: Azumarill\n|-damage|p2b: Azumarill|0 fnt\n|faint|p2b: Azumarill\n|move|p2a: Clefable|Follow Me|p2a: Clefable\n|-singleturn|p2a: Clefable|move: Follow Me\n|move|p1b: Cresselia|Thunder Wave|p2a: Clefable\n|-fail|p2a: Clefable|par\n|\n|-heal|p2a: Clefable|30\/100 par|[from] item: Leftovers\n|-sideend|p1: BKDAFEARLESS1|move: Light Screen\n|upkeep\n|\n|t:|1696637285\n|switch|p2b: Amoonguss|Amoonguss, M, shiny|100\/100\n|turn|6\n|\n|t:|1696637293\n|move|p1b: Cresselia|Helping Hand|p1a: Arcanine\n|-singleturn|p1a: Arcanine|Helping Hand|[of] p1b: Cresselia\n|cant|p2a: Clefable|par\n|move|p1a: Arcanine|Rock Slide|p2b: Amoonguss|[spread] p2a\n|-miss|p1a: Arcanine|p2b: Amoonguss\n|-damage|p2a: Clefable|0 fnt\n|faint|p2a: Clefable\n|move|p2b: Amoonguss|Spore|p1a: Arcanine\n|-status|p1a: Arcanine|slp|[from] move: Spore\n|\n|upkeep\n|\n|t:|1696637310\n|switch|p2a: Indeedee|Indeedee-F, F, shiny|100\/100\n|-fieldstart|move: Psychic Terrain|[from] ability: Psychic Surge|[of] p2a: Indeedee\n|turn|7\n|\n|t:|1696637325\n|cant|p1a: Arcanine|slp\n|move|p2a: Indeedee|Expanding Force|p1b: Cresselia|[spread] p1a,p1b\n|-resisted|p1b: Cresselia\n|-damage|p1a: Arcanine|54\/100 slp\n|-damage|p1b: Cresselia|90\/100\n|move|p1b: Cresselia|Thunder Wave|p2b: Amoonguss\n|-status|p2b: Amoonguss|par\n|cant|p2b: Amoonguss|par\n|\n|-heal|p1b: Cresselia|96\/100|[from] item: Leftovers\n|upkeep\n|turn|8\n|\n|t:|1696637349\n|switch|p2a: Spiritomb|Spiritomb, M, shiny|100\/100\n|cant|p1a: Arcanine|slp\n|move|p1b: Cresselia|Light Screen|p1b: Cresselia\n|-sidestart|p1: BKDAFEARLESS1|move: Light Screen\n|move|p2b: Amoonguss|Spore|p1b: Cresselia\n|-status|p1b: Cresselia|slp|[from] move: Spore\n|\n|-heal|p1b: Cresselia|100\/100 slp|[from] item: Leftovers\n|upkeep\n|turn|9\n|\n|t:|1696637368\n|move|p2b: Amoonguss|Protect|p2b: Amoonguss\n|-singleturn|p2b: Amoonguss|Protect\n|cant|p1a: Arcanine|slp\n|cant|p1b: Cresselia|slp\n|move|p2a: Spiritomb|Trick Room|p2a: Spiritomb\n|-fieldstart|move: Trick Room|[of] p2a: Spiritomb\n|\n|upkeep\n|turn|10\n|\n|t:|1696637384\n|move|p2b: Amoonguss|Sludge Bomb|p1a: Arcanine\n|-resisted|p1a: Arcanine\n|-damage|p1a: Arcanine|43\/100 slp\n|move|p2a: Spiritomb|Dream Eater|p1a: Arcanine\n|-damage|p1a: Arcanine|0 fnt\n|faint|p1a: Arcanine\n|cant|p1b: Cresselia|slp\n|\n|upkeep\n|\n|t:|1696637414\n|switch|p1a: Iron Hands|Iron Hands|100\/100\n|turn|11\n|\n|t:|1696637443\n|move|p1a: Iron Hands|Fake Out|p2b: Amoonguss\n|-activate|p2b: Amoonguss|move: Psychic Terrain\n|move|p2b: Amoonguss|Spore|p1a: Iron Hands\n|-status|p1a: Iron Hands|slp|[from] move: Spore\n|move|p2a: Spiritomb|Hex|p1b: Cresselia\n|-supereffective|p1b: Cresselia\n|-damage|p1b: Cresselia|31\/100 slp\n|cant|p1b: Cresselia|slp\n|\n|-heal|p1b: Cresselia|37\/100 slp|[from] item: Leftovers\n|-fieldend|move: Psychic Terrain\n|upkeep\n|turn|12\n|inactive|BKDAFEARLESS1 has 120 seconds left.\n|inactive|AlphaApolo has 120 seconds left.\n|\n|t:|1696637496\n|move|p2b: Amoonguss|Sludge Bomb|p1b: Cresselia\n|-damage|p1b: Cresselia|27\/100 slp\n|move|p2a: Spiritomb|Dream Eater|p1a: Iron Hands\n|-supereffective|p1a: Iron Hands\n|-damage|p1a: Iron Hands|66\/100 slp\n|cant|p1a: Iron Hands|slp\n|-curestatus|p1b: Cresselia|slp|[msg]\n|move|p1b: Cresselia|Lunar Blessing|p1b: Cresselia|[spread] p1a,p1b\n|-heal|p1a: Iron Hands|91\/100 slp\n|-curestatus|p1a: Iron Hands|slp|[msg]\n|-heal|p1b: Cresselia|52\/100\n|\n|-heal|p1b: Cresselia|58\/100|[from] item: Leftovers\n|-sideend|p1: BKDAFEARLESS1|move: Light Screen\n|upkeep\n|turn|13\n|inactive|AlphaApolo has 120 seconds left.\n|\n|t:|1696637521\n|move|p2b: Amoonguss|Spore|p1b: Cresselia\n|-status|p1b: Cresselia|slp|[from] move: Spore\n|move|p2a: Spiritomb|Hex|p1b: Cresselia\n|-supereffective|p1b: Cresselia\n|-damage|p1b: Cresselia|0 fnt\n|faint|p1b: Cresselia\n|move|p1a: Iron Hands|Wild Charge|p2a: Spiritomb\n|-damage|p2a: Spiritomb|41\/100\n|-damage|p1a: Iron Hands|83\/100|[from] Recoil\n|\n|-heal|p2a: Spiritomb|48\/100|[from] item: Leftovers\n|-fieldend|move: Trick Room\n|upkeep\n|inactive|BKDAFEARLESS1 has 120 seconds left.\n|\n|t:|1696637536\n|switch|p1b: Obstagoon|Obstagoon, F, shiny|100\/100\n|turn|14\n|\n|t:|1696637546\n|switch|p2a: Indeedee|Indeedee-F, F, shiny|100\/100\n|-fieldstart|move: Psychic Terrain|[from] ability: Psychic Surge|[of] p2a: Indeedee\n|move|p1b: Obstagoon|Stomping Tantrum|p2b: Amoonguss\n|-damage|p2b: Amoonguss|80\/100 par\n|move|p1a: Iron Hands|Wild Charge|p2a: Indeedee\n|-damage|p2a: Indeedee|26\/100\n|-damage|p1a: Iron Hands|70\/100|[from] Recoil\n|move|p2b: Amoonguss|Spore|p1a: Iron Hands\n|-status|p1a: Iron Hands|slp|[from] move: Spore\n|\n|-heal|p2a: Indeedee|32\/100|[from] item: Leftovers\n|-heal|p2b: Amoonguss|86\/100 par|[from] item: Black Sludge\n|upkeep\n|turn|15\n|\n|t:|1696637565\n|switch|p1b: Machamp|Machamp, M|100\/100\n|move|p2a: Indeedee|Follow Me|p2a: Indeedee\n|-singleturn|p2a: Indeedee|move: Follow Me\n|cant|p1a: Iron Hands|slp\n|move|p2b: Amoonguss|Spore|p1b: Machamp\n|-status|p1b: Machamp|slp|[from] move: Spore\n|\n|-heal|p2a: Indeedee|38\/100|[from] item: Leftovers\n|-heal|p2b: Amoonguss|92\/100 par|[from] item: Black Sludge\n|upkeep\n|turn|16\n|\n|t:|1696637595\n|switch|p2a: Spiritomb|Spiritomb, M, shiny|48\/100\n|cant|p1b: Machamp|slp\n|cant|p1a: Iron Hands|slp\n|move|p2b: Amoonguss|Sludge Bomb|p1b: Machamp\n|-damage|p1b: Machamp|84\/100 slp\n|\n|-heal|p2a: Spiritomb|54\/100|[from] item: Leftovers\n|-heal|p2b: Amoonguss|99\/100 par|[from] item: Black Sludge\n|upkeep\n|turn|17\n|\n|t:|1696637621\n|cant|p1b: Machamp|slp\n|cant|p1a: Iron Hands|slp\n|move|p2b: Amoonguss|Sludge Bomb|p1b: Machamp\n|-damage|p1b: Machamp|66\/100 slp\n|move|p2a: Spiritomb|Trick Room|p2a: Spiritomb\n|-fieldstart|move: Trick Room|[of] p2a: Spiritomb\n|\n|-heal|p2b: Amoonguss|100\/100 par|[from] item: Black Sludge\n|-heal|p2a: Spiritomb|60\/100|[from] item: Leftovers\n|upkeep\n|turn|18\n|\n|t:|1696637641\n|move|p2b: Amoonguss|Giga Drain|p1a: Iron Hands\n|-damage|p1a: Iron Hands|56\/100 slp\n|move|p2a: Spiritomb|Dream Eater|p1a: Iron Hands\n|-supereffective|p1a: Iron Hands\n|-damage|p1a: Iron Hands|8\/100 slp\n|-heal|p2a: Spiritomb|99\/100|[from] drain|[of] p1a: Iron Hands\n|-curestatus|p1a: Iron Hands|slp|[msg]\n|move|p1a: Iron Hands|Wild Charge|p2a: Spiritomb\n|-damage|p2a: Spiritomb|43\/100\n|-damage|p1a: Iron Hands|0 fnt|[from] Recoil\n|faint|p1a: Iron Hands\n|-end|p1a: Iron Hands|Quark Drive|[silent]\n|-curestatus|p1b: Machamp|slp|[msg]\n|move|p1b: Machamp|Darkest Lariat|p2b: Amoonguss\n|-damage|p2b: Amoonguss|69\/100 par\n|\n|-heal|p2b: Amoonguss|75\/100 par|[from] item: Black Sludge\n|-heal|p2a: Spiritomb|49\/100|[from] item: Leftovers\n|-fieldend|move: Psychic Terrain\n|upkeep\n|\n|t:|1696637660\n|switch|p1a: Obstagoon|Obstagoon, F, shiny|100\/100\n|turn|19\n|\n|t:|1696637673\n|move|p2b: Amoonguss|Spore|p1b: Machamp\n|-status|p1b: Machamp|slp|[from] move: Spore\n|move|p2a: Spiritomb|Dream Eater|p1b: Machamp\n|-supereffective|p1b: Machamp\n|-damage|p1b: Machamp|30\/100 slp\n|-heal|p2a: Spiritomb|69\/100|[from] drain|[of] p1b: Machamp\n|cant|p1b: Machamp|slp\n|move|p1a: Obstagoon|Knock Off|p2a: Spiritomb\n|-damage|p2a: Spiritomb|31\/100\n|-enditem|p2a: Spiritomb|Leftovers|[from] move: Knock Off|[of] p1a: Obstagoon\n|\n|-heal|p2b: Amoonguss|81\/100 par|[from] item: Black Sludge\n|upkeep\n|turn|20\n|\n|t:|1696637692\n|move|p2b: Amoonguss|Spore|p1a: Obstagoon\n|-status|p1a: Obstagoon|slp|[from] move: Spore\n|move|p2a: Spiritomb|Dream Eater|p1b: Machamp\n|-supereffective|p1b: Machamp\n|-damage|p1b: Machamp|0 fnt\n|-heal|p2a: Spiritomb|47\/100|[from] drain|[of] p1b: Machamp\n|faint|p1b: Machamp\n|cant|p1a: Obstagoon|slp\n|\n|-heal|p2b: Amoonguss|87\/100 par|[from] item: Black Sludge\n|upkeep\n|turn|21\n|\n|t:|1696637719\n|cant|p2b: Amoonguss|par\n|move|p2a: Spiritomb|Hex|p1a: Obstagoon\n|-immune|p1a: Obstagoon\n|cant|p1a: Obstagoon|slp\n|\n|-heal|p2b: Amoonguss|94\/100 par|[from] item: Black Sludge\n|-fieldend|move: Trick Room\n|upkeep\n|turn|22\n|\n|t:|1696637736\n|cant|p1a: Obstagoon|slp\n|move|p2b: Amoonguss|Giga Drain|p1a: Obstagoon\n|-damage|p1a: Obstagoon|73\/100 slp\n|-heal|p2b: Amoonguss|100\/100 par|[from] drain|[of] p1a: Obstagoon\n|move|p2a: Spiritomb|Trick Room|p2a: Spiritomb\n|-fieldstart|move: Trick Room|[of] p2a: Spiritomb\n|\n|upkeep\n|turn|23\n|\n|t:|1696637750\n|-terastallize|p2b: Amoonguss|Poison\n|move|p2b: Amoonguss|Sludge Bomb|p1a: Obstagoon\n|-damage|p1a: Obstagoon|25\/100 slp\n|move|p2a: Spiritomb|Destiny Bond|p2a: Spiritomb\n|-singlemove|p2a: Spiritomb|Destiny Bond\n|-curestatus|p1a: Obstagoon|slp|[msg]\n|move|p1a: Obstagoon|Knock Off|p2b: Amoonguss\n|-damage|p2b: Amoonguss|59\/100 par\n|-enditem|p2b: Amoonguss|Black Sludge|[from] move: Knock Off|[of] p1a: Obstagoon\n|\n|upkeep\n|turn|24\n|\n|t:|1696637765\n|move|p2b: Amoonguss|Sludge Bomb|p1a: Obstagoon\n|-damage|p1a: Obstagoon|0 fnt\n|faint|p1a: Obstagoon\n|\n|win|AlphaApolo\n|raw|BKDAFEARLESS1's rating: 1135 &rarr; <strong>1114<\/strong><br \/>(-21 for losing)\n|raw|AlphaApolo's rating: 1191 &rarr; <strong>1212<\/strong><br \/>(+21 for winning)\n|c|\u2606BKDAFEARLESS1|ggs\n","uploadtime":1696637775,"views":13,"p1id":"bkdafearless1","p2id":"alphaapolo","formatid":"gen9nationaldexdoubles","rating":1114,"private":0,"password":""}