{"id":"gen9nationaldexdoubles-1955357293","p1":"Francoise Fat","p2":"Jsh dkud","format":"[Gen 9] National Dex Doubles","log":"|j|\u2606Francoise Fat\n|j|\u2606Jsh dkud\n|t:|1695991099\n|gametype|doubles\n|player|p1|Francoise Fat|ethan-pokeathlon|1065\n|player|p2|Jsh dkud|lucas|1156\n|teamsize|p1|6\n|teamsize|p2|6\n|gen|9\n|tier|[Gen 9] National Dex Doubles\n|rated|\n|rule|HP Percentage Mod: HP is shown in percentages\n|rule|Endless Battle Clause: Forcing endless battles is banned\n|rule|OHKO Clause: OHKO moves are banned\n|rule|Evasion Moves Clause: Evasion moves are banned\n|rule|Evasion Abilities Clause: Evasion abilities are banned\n|rule|Species Clause: Limit one of each Pok\u00e9mon\n|rule|Gravity Sleep Clause: The combination of sleep-inducing moves with imperfect accuracy and Gravity or Gigantamax Orbeetle are banned\n|clearpoke\n|poke|p1|Clefairy, F|\n|poke|p1|Flamigo, F|\n|poke|p1|Weezing-Galar, F|\n|poke|p1|Kommo-o, M|\n|poke|p1|Uxie|\n|poke|p1|Sinistcha-Masterpiece|\n|poke|p2|Blastoise, F|\n|poke|p2|Clefable, F|\n|poke|p2|Indeedee-F, F|\n|poke|p2|Mr. Mime, F|\n|poke|p2|Glastrier|\n|poke|p2|Oranguru, F|\n|teampreview\n|inactive|Battle timer is ON: inactive players will automatically lose when time's up. (requested by Jsh dkud)\n|\n|t:|1695991118\n|start\n|switch|p1a: Sinistcha|Sinistcha-Masterpiece|100\/100\n|switch|p1b: Weezing|Weezing-Galar, F|100\/100\n|switch|p2a: Glastrier|Glastrier|100\/100\n|switch|p2b: Indeedee|Indeedee-F, F|100\/100\n|-ability|p1b: Weezing|Neutralizing Gas\n|-item|p1b: Weezing|Air Balloon\n|turn|1\n|\n|t:|1695991129\n|move|p2b: Indeedee|Follow Me|p2b: Indeedee\n|-singleturn|p2b: Indeedee|move: Follow Me\n|move|p1a: Sinistcha|Imprison|p1a: Sinistcha\n|-start|p1a: Sinistcha|move: Imprison\n|move|p1b: Weezing|Will-O-Wisp|p2b: Indeedee\n|-status|p2b: Indeedee|brn\n|move|p2a: Glastrier|Icicle Spear|p1a: Sinistcha\n|-supereffective|p1a: Sinistcha\n|-damage|p1a: Sinistcha|77\/100\n|-supereffective|p1a: Sinistcha\n|-crit|p1a: Sinistcha\n|-damage|p1a: Sinistcha|43\/100\n|-supereffective|p1a: Sinistcha\n|-damage|p1a: Sinistcha|21\/100\n|-supereffective|p1a: Sinistcha\n|-damage|p1a: Sinistcha|0 fnt\n|faint|p1a: Sinistcha\n|-hitcount|p1: Sinistcha|4\n|\n|-damage|p2b: Indeedee|94\/100 brn|[from] brn\n|upkeep\n|inactive|Francoise Fat has 120 seconds left.\n|\n|t:|1695991162\n|switch|p1a: Clefairy|Clefairy, F|100\/100\n|turn|2\n|\n|t:|1695991177\n|move|p2b: Indeedee|Follow Me|p2b: Indeedee\n|-singleturn|p2b: Indeedee|move: Follow Me\n|move|p1b: Weezing|Will-O-Wisp|p2b: Indeedee\n|-fail|p2b: Indeedee|brn\n|move|p1a: Clefairy|Soft-Boiled||[still]\n|-fail|p1a: Clefairy|heal\n|move|p2a: Glastrier|Smart Strike|p1b: Weezing\n|-supereffective|p1b: Weezing\n|-damage|p1b: Weezing|49\/100\n|-enditem|p1b: Weezing|Air Balloon\n|\n|-damage|p2b: Indeedee|88\/100 brn|[from] brn\n|upkeep\n|turn|3\n|\n|t:|1695991194\n|-end|p1b: Weezing|ability: Neutralizing Gas\n|-fieldstart|move: Psychic Terrain|[from] ability: Psychic Surge|[of] p2b: Indeedee\n|switch|p1b: Kommo-o|Kommo-o, M, shiny|100\/100\n|move|p2b: Indeedee|Follow Me|p2b: Indeedee\n|-singleturn|p2b: Indeedee|move: Follow Me\n|move|p1a: Clefairy|Follow Me|p1a: Clefairy\n|-singleturn|p1a: Clefairy|move: Follow Me\n|move|p2a: Glastrier|Smart Strike|p1a: Clefairy\n|-supereffective|p1a: Clefairy\n|-damage|p1a: Clefairy|30\/100\n|\n|-damage|p2b: Indeedee|82\/100 brn|[from] brn\n|upkeep\n|turn|4\n|inactive|Jsh dkud has 120 seconds left.\n|inactive|Jsh dkud has 90 seconds left.\n|\n|t:|1695991258\n|move|p2a: Glastrier|Protect|p2a: Glastrier\n|-singleturn|p2a: Glastrier|Protect\n|move|p1a: Clefairy|Follow Me|p1a: Clefairy\n|-singleturn|p1a: Clefairy|move: Follow Me\n|move|p1b: Kommo-o|Clangorous Soul|p1b: Kommo-o\n|-boost|p1b: Kommo-o|atk|1\n|-boost|p1b: Kommo-o|def|1\n|-boost|p1b: Kommo-o|spa|1\n|-boost|p1b: Kommo-o|spd|1\n|-boost|p1b: Kommo-o|spe|1\n|-damage|p1b: Kommo-o|68\/100\n|move|p2b: Indeedee|Trick Room|p2b: Indeedee\n|-fieldstart|move: Trick Room|[of] p2b: Indeedee\n|\n|-damage|p2b: Indeedee|76\/100 brn|[from] brn\n|upkeep\n|turn|5\n|\n|t:|1695991277\n|-terastallize|p2a: Glastrier|Ice\n|move|p1a: Clefairy|Follow Me|p1a: Clefairy\n|-singleturn|p1a: Clefairy|move: Follow Me\n|move|p2b: Indeedee|Follow Me|p2b: Indeedee\n|-singleturn|p2b: Indeedee|move: Follow Me\n|move|p2a: Glastrier|Icicle Spear|p1a: Clefairy\n|-damage|p1a: Clefairy|3\/100\n|-damage|p1a: Clefairy|0 fnt\n|faint|p1a: Clefairy\n|-ability|p2a: Glastrier|Chilling Neigh|boost\n|-boost|p2a: Glastrier|atk|1\n|-hitcount|p1: Clefairy|2\n|-zpower|p1b: Kommo-o\n|move|p1b: Kommo-o|Clangorous Soulblaze|p2a: Glastrier|[zeffect]|[spread] p2a,p2b\n|-damage|p2a: Glastrier|46\/100\n|-damage|p2b: Indeedee|9\/100 brn\n|-boost|p1b: Kommo-o|atk|1\n|-boost|p1b: Kommo-o|def|1\n|-boost|p1b: Kommo-o|spa|1\n|-boost|p1b: Kommo-o|spd|1\n|-boost|p1b: Kommo-o|spe|1\n|\n|-damage|p2b: Indeedee|3\/100 brn|[from] brn\n|upkeep\n|\n|t:|1695991285\n|switch|p1a: Flamigo|Flamigo, F|100\/100\n|-copyboost|p1a: Flamigo|p1b: Kommo-o|[from] ability: Costar\n|turn|6\n|inactive|Jsh dkud has 120 seconds left.\n|\n|t:|1695991305\n|move|p1a: Flamigo|Detect|p1a: Flamigo\n|-singleturn|p1a: Flamigo|Protect\n|move|p2b: Indeedee|Follow Me|p2b: Indeedee\n|-singleturn|p2b: Indeedee|move: Follow Me\n|move|p2a: Glastrier|Icicle Spear|p1b: Kommo-o\n|-supereffective|p1b: Kommo-o\n|-damage|p1b: Kommo-o|42\/100\n|-supereffective|p1b: Kommo-o\n|-damage|p1b: Kommo-o|13\/100\n|-supereffective|p1b: Kommo-o\n|-damage|p1b: Kommo-o|0 fnt\n|faint|p1b: Kommo-o\n|-ability|p2a: Glastrier|Chilling Neigh|boost\n|-boost|p2a: Glastrier|atk|1\n|-enditem|p1a: Flamigo|Mirror Herb\n|-boost|p1a: Flamigo|atk|1|[from] item: Mirror Herb\n|-hitcount|p1: Kommo-o|3\n|\n|-damage|p2b: Indeedee|0 fnt|[from] brn\n|faint|p2b: Indeedee\n|upkeep\n|inactive|Jsh dkud has 120 seconds left.\n|\n|t:|1695991322\n|switch|p2b: Oranguru|Oranguru, F|100\/100\n|switch|p1b: Uxie|Uxie|100\/100\n|turn|7\n|\n|t:|1695991336\n|move|p2a: Glastrier|Icicle Spear|p1a: Flamigo\n|-supereffective|p1a: Flamigo\n|-damage|p1a: Flamigo|36\/100\n|-supereffective|p1a: Flamigo\n|-damage|p1a: Flamigo|0 fnt\n|faint|p1a: Flamigo\n|-ability|p2a: Glastrier|Chilling Neigh|boost\n|-boost|p2a: Glastrier|atk|1\n|-hitcount|p1: Flamigo|2\n|move|p2b: Oranguru|Instruct|p2a: Glastrier\n|-singleturn|p2a: Glastrier|move: Instruct|[of] p2b: Oranguru\n|move|p2a: Glastrier|Icicle Spear|p1b: Uxie\n|-damage|p1b: Uxie|61\/100\n|-damage|p1b: Uxie|24\/100\n|-damage|p1b: Uxie|0 fnt\n|faint|p1b: Uxie\n|-ability|p2a: Glastrier|Chilling Neigh|boost\n|-boost|p2a: Glastrier|atk|1\n|-hitcount|p1: Uxie|3\n|\n|-fieldend|move: Psychic Terrain\n|upkeep\n|-message|Francoise Fat forfeited.\n|\n|win|Jsh dkud\n|raw|Francoise Fat's rating: 1065 &rarr; <strong>1050<\/strong><br \/>(-15 for losing)\n|raw|Jsh dkud's rating: 1156 &rarr; <strong>1175<\/strong><br \/>(+19 for winning)\n|l|\u2606Francoise Fat\n","uploadtime":1695991363,"views":4,"p1id":"francoisefat","p2id":"jshdkud","formatid":"gen9nationaldexdoubles","rating":1050,"private":0,"password":""}