{"id":"gen9nationaldexdoubles-1979421778","p1":"Penter","p2":"The power of ROCK","format":"[Gen 9] National Dex Doubles","log":"|j|\u2606Penter\n|j|\u2606The power of ROCK\n|t:|1698681367\n|gametype|doubles\n|player|p1|Penter|n|\n|player|p2|The power of ROCK|roark|\n|teamsize|p1|6\n|teamsize|p2|6\n|gen|9\n|tier|[Gen 9] National Dex Doubles\n|rated|Tournament battle\n|rule|HP Percentage Mod: HP is shown in percentages\n|rule|Endless Battle Clause: Forcing endless battles is banned\n|rule|OHKO Clause: OHKO moves are banned\n|rule|Evasion Moves Clause: Evasion moves are banned\n|rule|Evasion Abilities Clause: Evasion abilities are banned\n|rule|Species Clause: Limit one of each Pok\u00e9mon\n|rule|Gravity Sleep Clause: The combination of sleep-inducing moves with imperfect accuracy and Gravity or Gigantamax Orbeetle are banned\n|clearpoke\n|poke|p1|Zygarde|\n|poke|p1|Urshifu-*, M|\n|poke|p1|Politoed, F|\n|poke|p1|Kingdra, F|\n|poke|p1|Metagross|\n|poke|p1|Tornadus, M|\n|poke|p2|Tyranitar, M|\n|poke|p2|Garganacl, F|\n|poke|p2|Stakataka|\n|poke|p2|Aggron, F|\n|poke|p2|Ogerpon-Cornerstone, F|\n|poke|p2|Shuckle, F|\n|teampreview\n|c|\u2606The power of ROCK|Welcome to the ROCK gym\n|\n|t:|1698681420\n|start\n|switch|p1a: Urshifu|Urshifu-Rapid-Strike, M|100\/100\n|switch|p1b: Metagross|Metagross|100\/100\n|switch|p2a: Stakataka|Stakataka|100\/100\n|switch|p2b: Ogerpon|Ogerpon-Cornerstone, F|100\/100\n|turn|1\n|\n|t:|1698681462\n|detailschange|p1b: Metagross|Metagross-Mega\n|-mega|p1b: Metagross|Metagross|Metagrossite\n|move|p1a: Urshifu|Surging Strikes|p2b: Ogerpon\n|-crit|p2b: Ogerpon\n|-damage|p2b: Ogerpon|69\/100\n|-crit|p2b: Ogerpon\n|-damage|p2b: Ogerpon|41\/100\n|-crit|p2b: Ogerpon\n|-damage|p2b: Ogerpon|14\/100\n|-hitcount|p2b: Ogerpon|3\n|move|p1b: Metagross|Brick Break|p2a: Stakataka\n|-supereffective|p2a: Stakataka\n|-damage|p2a: Stakataka|4\/100\n|move|p2b: Ogerpon|Horn Leech|p1a: Urshifu\n|-supereffective|p1a: Urshifu\n|-damage|p1a: Urshifu|17\/100\n|-heal|p2b: Ogerpon|61\/100|[from] drain|[of] p1a: Urshifu\n|move|p2a: Stakataka|Trick Room|p2a: Stakataka\n|-fieldstart|move: Trick Room|[of] p2a: Stakataka\n|\n|upkeep\n|turn|2\n|c|\u2606The power of ROCK|out speed this\n|\n|t:|1698681492\n|switch|p1a: Zygarde|Zygarde|100\/100\n|-ability|p1a: Zygarde|Aura Break\n|move|p2a: Stakataka|Gyro Ball|p1a: Zygarde\n|-damage|p1a: Zygarde|25\/100\n|move|p1b: Metagross|Iron Head|p2a: Stakataka\n|-damage|p2a: Stakataka|0 fnt\n|faint|p2a: Stakataka\n|move|p2b: Ogerpon|Horn Leech|p1a: Zygarde\n|-damage|p1a: Zygarde|0 fnt\n|-heal|p2b: Ogerpon|76\/100|[from] drain|[of] p1a: Zygarde\n|faint|p1a: Zygarde\n|\n|upkeep\n|\n|t:|1698681510\n|switch|p2a: Garganacl|Garganacl, F|100\/100\n|switch|p1a: Tornadus|Tornadus, M|100\/100\n|turn|3\n|\n|t:|1698681530\n|switch|p1a: Politoed|Politoed, F|100\/100\n|-weather|RainDance|[from] ability: Drizzle|[of] p1a: Politoed\n|-terastallize|p2a: Garganacl|Ghost\n|move|p2a: Garganacl|Iron Defense|p2a: Garganacl\n|-boost|p2a: Garganacl|def|2\n|move|p1b: Metagross|Iron Head|p2a: Garganacl\n|-damage|p2a: Garganacl|81\/100\n|move|p2b: Ogerpon|Ivy Cudgel|p1a: Politoed\n|-damage|p1a: Politoed|39\/100\n|-enditem|p1a: Politoed|Eject Button\n|\n|t:|1698681549\n|switch|p1a: Tornadus|Tornadus, M|100\/100\n|\n|-weather|RainDance|[upkeep]\n|upkeep\n|turn|4\n|\n|t:|1698681563\n|move|p1a: Tornadus|Protect|p1a: Tornadus\n|-singleturn|p1a: Tornadus|Protect\n|move|p2a: Garganacl|Salt Cure|p1b: Metagross\n|-resisted|p1b: Metagross\n|-damage|p1b: Metagross|96\/100\n|-start|p1b: Metagross|Salt Cure\n|move|p1b: Metagross|Iron Head|p2b: Ogerpon\n|-supereffective|p2b: Ogerpon\n|-damage|p2b: Ogerpon|0 fnt\n|faint|p2b: Ogerpon\n|\n|-weather|RainDance|[upkeep]\n|-damage|p1b: Metagross|71\/100|[from] Salt Cure\n|upkeep\n|\n|t:|1698681573\n|switch|p2b: Shuckle|Shuckle, F|100\/100\n|turn|5\n|\n|t:|1698681593\n|move|p2b: Shuckle|Guard Split|p2a: Garganacl\n|-activate|p2b: Shuckle|move: Guard Split|[of] p2a: Garganacl\n|move|p2a: Garganacl|Iron Defense|p2a: Garganacl\n|-boost|p2a: Garganacl|def|2\n|move|p1b: Metagross|Iron Head|p2a: Garganacl\n|-damage|p2a: Garganacl|72\/100\n|move|p1a: Tornadus|Bleakwind Storm|p2a: Garganacl|[spread] p2a,p2b\n|-damage|p2a: Garganacl|53\/100\n|-damage|p2b: Shuckle|71\/100\n|-unboost|p2a: Garganacl|spe|1\n|-enditem|p2a: Garganacl|Maranga Berry|[eat]\n|-boost|p2a: Garganacl|spd|1|[from] item: Maranga Berry\n|\n|-weather|RainDance|[upkeep]\n|-heal|p2b: Shuckle|77\/100|[from] item: Leftovers\n|-damage|p1b: Metagross|46\/100|[from] Salt Cure\n|-fieldend|move: Trick Room\n|upkeep\n|turn|6\n|\n|t:|1698681609\n|move|p1a: Tornadus|Bleakwind Storm|p2b: Shuckle|[spread] p2a,p2b\n|-crit|p2a: Garganacl\n|-damage|p2a: Garganacl|28\/100\n|-damage|p2b: Shuckle|47\/100\n|-unboost|p2a: Garganacl|spe|1\n|move|p1b: Metagross|Iron Head|p2b: Shuckle\n|-supereffective|p2b: Shuckle\n|-damage|p2b: Shuckle|0 fnt\n|faint|p2b: Shuckle\n|move|p2a: Garganacl|Recover|p2a: Garganacl\n|-heal|p2a: Garganacl|78\/100\n|\n|-weather|RainDance|[upkeep]\n|-damage|p1b: Metagross|21\/100|[from] Salt Cure\n|upkeep\n|\n|t:|1698681615\n|switch|p2b: Aggron|Aggron, F|100\/100\n|turn|7\n|\n|t:|1698681635\n|detailschange|p2b: Aggron|Aggron-Mega, F\n|-mega|p2b: Aggron|Aggron|Aggronite\n|move|p1a: Tornadus|Bleakwind Storm|p2b: Aggron|[spread] p2a,p2b\n|-resisted|p2b: Aggron\n|-damage|p2a: Garganacl|66\/100\n|-damage|p2b: Aggron|76\/100\n|-unboost|p2b: Aggron|spe|1\n|move|p1b: Metagross|Brick Break|p2b: Aggron\n|-supereffective|p2b: Aggron\n|-damage|p2b: Aggron|54\/100\n|move|p2b: Aggron|Body Press|p1a: Tornadus\n|-resisted|p1a: Tornadus\n|-damage|p1a: Tornadus|64\/100\n|move|p2a: Garganacl|Recover|p2a: Garganacl\n|-heal|p2a: Garganacl|100\/100\n|\n|-weather|none\n|-damage|p1b: Metagross|0 fnt|[from] Salt Cure\n|faint|p1b: Metagross\n|upkeep\n|\n|t:|1698681673\n|switch|p1b: Politoed|Politoed, F|39\/100\n|-weather|RainDance|[from] ability: Drizzle|[of] p1b: Politoed\n|turn|8\n|\n|t:|1698681706\n|switch|p2b: Tyranitar|Tyranitar, M|100\/100\n|-weather|Sandstorm|[from] ability: Sand Stream|[of] p2b: Tyranitar\n|move|p1a: Tornadus|Bleakwind Storm|p2a: Garganacl|[spread] p2a,p2b\n|-resisted|p2b: Tyranitar\n|-damage|p2a: Garganacl|88\/100\n|-damage|p2b: Tyranitar|96\/100\n|move|p1b: Politoed|Haze|p1b: Politoed\n|-clearallboost\n|move|p2a: Garganacl|Salt Cure|p1b: Politoed\n|-crit|p1b: Politoed\n|-damage|p1b: Politoed|20\/100\n|-start|p1b: Politoed|Salt Cure\n|\n|-weather|Sandstorm|[upkeep]\n|-damage|p1a: Tornadus|58\/100|[from] Sandstorm\n|-damage|p1b: Politoed|14\/100|[from] Sandstorm\n|-damage|p2a: Garganacl|82\/100|[from] Sandstorm\n|-damage|p1b: Politoed|0 fnt|[from] Salt Cure\n|faint|p1b: Politoed\n|upkeep\n|\n|t:|1698681727\n|switch|p1b: Kingdra|Kingdra, F|100\/100\n|turn|9\n|j| Milklv\n|\n|t:|1698681740\n|-terastallize|p1b: Kingdra|Water\n|move|p1a: Tornadus|Rain Dance|p1a: Tornadus\n|-weather|RainDance\n|move|p1b: Kingdra|Muddy Water|p2b: Tyranitar|[spread] p2a,p2b\n|-supereffective|p2b: Tyranitar\n|-damage|p2a: Garganacl|37\/100\n|-damage|p2b: Tyranitar|25\/100\n|-unboost|p2a: Garganacl|accuracy|1\n|move|p2b: Tyranitar|Knock Off|p1b: Kingdra\n|-damage|p1b: Kingdra|47\/100\n|-enditem|p1b: Kingdra|Choice Specs|[from] move: Knock Off|[of] p2b: Tyranitar\n|move|p2a: Garganacl|Recover|p2a: Garganacl\n|-heal|p2a: Garganacl|87\/100\n|\n|-weather|RainDance|[upkeep]\n|upkeep\n|turn|10\n|\n|t:|1698681762\n|switch|p2b: Aggron|Aggron-Mega, F|54\/100\n|move|p1a: Tornadus|Rain Dance||[still]\n|-fail|p1a: Tornadus\n|move|p1b: Kingdra|Muddy Water|p2a: Garganacl|[spread] p2b\n|-miss|p1b: Kingdra|p2a: Garganacl\n|-damage|p2b: Aggron|0 fnt\n|faint|p2b: Aggron\n|move|p2a: Garganacl|Recover|p2a: Garganacl\n|-heal|p2a: Garganacl|100\/100\n|\n|-weather|RainDance|[upkeep]\n|upkeep\n|\n|t:|1698681771\n|switch|p2b: Tyranitar|Tyranitar, M|25\/100\n|-weather|Sandstorm|[from] ability: Sand Stream|[of] p2b: Tyranitar\n|turn|11\n|\n|t:|1698681785\n|move|p1a: Tornadus|Rain Dance|p1a: Tornadus\n|-weather|RainDance\n|move|p1b: Kingdra|Muddy Water|p2a: Garganacl|[spread] p2a,p2b\n|-supereffective|p2b: Tyranitar\n|-damage|p2a: Garganacl|73\/100\n|-damage|p2b: Tyranitar|0 fnt\n|faint|p2b: Tyranitar\n|move|p2a: Garganacl|Salt Cure|p1b: Kingdra\n|-crit|p1b: Kingdra\n|-damage|p1b: Kingdra|20\/100\n|-start|p1b: Kingdra|Salt Cure\n|\n|-weather|RainDance|[upkeep]\n|-damage|p1b: Kingdra|0 fnt|[from] Salt Cure\n|faint|p1b: Kingdra\n|upkeep\n|\n|t:|1698681790\n|switch|p1b: Urshifu|Urshifu-Rapid-Strike, M|17\/100\n|turn|12\n|\n|t:|1698681803\n|move|p1b: Urshifu|Surging Strikes|p2a: Garganacl\n|-crit|p2a: Garganacl\n|-damage|p2a: Garganacl|59\/100\n|-crit|p2a: Garganacl\n|-damage|p2a: Garganacl|43\/100\n|-crit|p2a: Garganacl\n|-damage|p2a: Garganacl|29\/100\n|-hitcount|p2a: Garganacl|3\n|move|p1a: Tornadus|Bleakwind Storm|p2a: Garganacl\n|-damage|p2a: Garganacl|3\/100\n|move|p2a: Garganacl|Body Press|p1b: Urshifu\n|-damage|p1b: Urshifu|0 fnt\n|faint|p1b: Urshifu\n|\n|-weather|RainDance|[upkeep]\n|upkeep\n|turn|13\n|\n|t:|1698681807\n|move|p1a: Tornadus|Bleakwind Storm|p2a: Garganacl\n|-damage|p2a: Garganacl|0 fnt\n|faint|p2a: Garganacl\n|\n|win|Penter\n|n|\u2606Penter|penter\n|n|\u2606The power of ROCK|thepowerofrock\n|n| Milklv|milklv\n","uploadtime":1698681809,"views":9,"p1id":"penter","p2id":"thepowerofrock","formatid":"gen9nationaldexdoubles","rating":0,"private":0,"password":""}