{"id":"gen9nationaldexdoubles-1984035620","p1":"NPC At Home","p2":"GuitarheroVGC","format":"[Gen 9] National Dex Doubles","log":"|j|\u2606NPC At Home\n|j|\u2606GuitarheroVGC\n|t:|1699212057\n|gametype|doubles\n|player|p1|NPC At Home|piers|1320\n|player|p2|GuitarheroVGC|kimonogirl|1575\n|teamsize|p1|6\n|teamsize|p2|6\n|gen|9\n|tier|[Gen 9] National Dex Doubles\n|rated|\n|rule|HP Percentage Mod: HP is shown in percentages\n|rule|Endless Battle Clause: Forcing endless battles is banned\n|rule|OHKO Clause: OHKO moves are banned\n|rule|Evasion Moves Clause: Evasion moves are banned\n|rule|Evasion Abilities Clause: Evasion abilities are banned\n|rule|Species Clause: Limit one of each Pok\u00e9mon\n|rule|Gravity Sleep Clause: The combination of sleep-inducing moves with imperfect accuracy and Gravity or Gigantamax Orbeetle are banned\n|clearpoke\n|poke|p1|Kangaskhan, F|\n|poke|p1|Zamazenta-*|\n|poke|p1|Rillaboom, F|\n|poke|p1|Zygarde|\n|poke|p1|Tapu Fini|\n|poke|p1|Mandibuzz, F|\n|poke|p2|Kangaskhan, F|\n|poke|p2|Kyurem-Black|\n|poke|p2|Jirachi|\n|poke|p2|Rillaboom, M|\n|poke|p2|Urshifu-*, M|\n|poke|p2|Zeraora|\n|teampreview\n|inactive|Battle timer is ON: inactive players will automatically lose when time's up. (requested by NPC At Home)\n|inactive|GuitarheroVGC also wants the timer to be on.\n|c|\u2606NPC At Home|Glhf\n|\n|t:|1699212077\n|start\n|switch|p1a: Zygarde|Zygarde|100\/100\n|switch|p1b: DA BUZZ|Mandibuzz, F, shiny|100\/100\n|switch|p2a: Kyurem|Kyurem-Black|100\/100\n|switch|p2b: Zeraora|Zeraora|100\/100\n|-ability|p1a: Zygarde|Aura Break\n|-ability|p2a: Kyurem|Teravolt\n|turn|1\n|\n|t:|1699212095\n|switch|p1a: Tapu Fini|Tapu Fini|100\/100\n|-fieldstart|move: Misty Terrain|[from] ability: Misty Surge|[of] p1a: Tapu Fini\n|move|p2b: Zeraora|Fake Out|p1a: Tapu Fini\n|-damage|p1a: Tapu Fini|92\/100\n|move|p2a: Kyurem|Dragon Dance|p2a: Kyurem\n|-boost|p2a: Kyurem|atk|1\n|-boost|p2a: Kyurem|spe|1\n|move|p1b: DA BUZZ|Tailwind|p1b: DA BUZZ\n|-sidestart|p1: NPC At Home|move: Tailwind\n|\n|-heal|p1a: Tapu Fini|98\/100|[from] item: Leftovers\n|upkeep\n|turn|2\n|\n|t:|1699212113\n|-terastallize|p2a: Kyurem|Poison\n|move|p1a: Tapu Fini|Protect|p1a: Tapu Fini\n|-singleturn|p1a: Tapu Fini|Protect\n|-zpower|p2b: Zeraora\n|move|p2b: Zeraora|Gigavolt Havoc|p1b: DA BUZZ|[zeffect]\n|-supereffective|p1b: DA BUZZ\n|-damage|p1b: DA BUZZ|6\/100\n|move|p1b: DA BUZZ|Tailwind||[still]\n|-fail|p1b: DA BUZZ\n|move|p2a: Kyurem|Fusion Bolt|p1a: Tapu Fini\n|-activate|p1a: Tapu Fini|move: Protect\n|\n|-heal|p1a: Tapu Fini|100\/100|[from] item: Leftovers\n|upkeep\n|turn|3\n|\n|t:|1699212133\n|move|p2b: Zeraora|Plasma Fists|p1a: Tapu Fini\n|-supereffective|p1a: Tapu Fini\n|-damage|p1a: Tapu Fini|37\/100\n|-fieldactivate|move: Ion Deluge\n|-hint|Normal-type moves become Electric-type after using Plasma Fists.\n|move|p1a: Tapu Fini|Muddy Water|p2b: Zeraora|[spread] p2a,p2b\n|-damage|p2a: Kyurem|80\/100\n|-damage|p2b: Zeraora|67\/100\n|-unboost|p2a: Kyurem|accuracy|1\n|-unboost|p2b: Zeraora|accuracy|1\n|move|p2a: Kyurem|Icicle Spear|p1b: DA BUZZ\n|-supereffective|p1b: DA BUZZ\n|-damage|p1b: DA BUZZ|0 fnt\n|faint|p1b: DA BUZZ\n|-hitcount|p1: DA BUZZ|1\n|\n|-heal|p1a: Tapu Fini|43\/100|[from] item: Leftovers\n|upkeep\n|\n|t:|1699212148\n|switch|p1b: Kangaskhan|Kangaskhan, F|100\/100\n|turn|4\n|\n|t:|1699212166\n|detailschange|p1b: Kangaskhan|Kangaskhan-Mega, F\n|-mega|p1b: Kangaskhan|Kangaskhan|Kangaskhanite\n|move|p2a: Kyurem|Protect|p2a: Kyurem\n|-singleturn|p2a: Kyurem|Protect\n|move|p1b: Kangaskhan|Fake Out|p2a: Kyurem\n|-activate|p2a: Kyurem|move: Protect\n|move|p2b: Zeraora|Coaching|p2a: Kyurem\n|-boost|p2a: Kyurem|atk|1\n|-boost|p2a: Kyurem|def|1\n|move|p1a: Tapu Fini|Moonblast|p2b: Zeraora\n|-damage|p2b: Zeraora|17\/100\n|\n|-heal|p1a: Tapu Fini|49\/100|[from] item: Leftovers\n|-sideend|p1: NPC At Home|move: Tailwind\n|upkeep\n|turn|5\n|\n|t:|1699212186\n|switch|p1a: Zygarde|Zygarde|100\/100\n|-ability|p1a: Zygarde|Aura Break\n|move|p2b: Zeraora|Plasma Fists|p1a: Zygarde\n|-immune|p1a: Zygarde\n|move|p2a: Kyurem|Icicle Spear|p1b: Kangaskhan\n|-damage|p1b: Kangaskhan|76\/100\n|-damage|p1b: Kangaskhan|51\/100\n|-crit|p1b: Kangaskhan\n|-damage|p1b: Kangaskhan|14\/100\n|-damage|p1b: Kangaskhan|0 fnt\n|faint|p1b: Kangaskhan\n|-hitcount|p1: Kangaskhan|4\n|\n|-fieldend|Misty Terrain\n|upkeep\n|\n|t:|1699212199\n|switch|p1b: Rillaboom|Rillaboom, F|100\/100\n|-fieldstart|move: Grassy Terrain|[from] ability: Grassy Surge|[of] p1b: Rillaboom\n|turn|6\n|\n|t:|1699212212\n|switch|p2b: Rillaboom|Rillaboom, M|100\/100\n|move|p2a: Kyurem|Protect|p2a: Kyurem\n|-singleturn|p2a: Kyurem|Protect\n|move|p1b: Rillaboom|Wood Hammer|p2b: Rillaboom\n|-resisted|p2b: Rillaboom\n|-damage|p2b: Rillaboom|57\/100\n|-damage|p1b: Rillaboom|86\/100|[from] Recoil\n|move|p1a: Zygarde|Dragon Tail|p2a: Kyurem\n|-activate|p2a: Kyurem|move: Protect\n|\n|-heal|p2a: Kyurem|86\/100|[from] Grassy Terrain\n|-heal|p2b: Rillaboom|63\/100|[from] Grassy Terrain\n|-heal|p1b: Rillaboom|92\/100|[from] Grassy Terrain\n|upkeep\n|turn|7\n|\n|t:|1699212229\n|-terastallize|p1a: Zygarde|Normal\n|move|p2b: Rillaboom|Fake Out|p1b: Rillaboom\n|-crit|p1b: Rillaboom\n|-damage|p1b: Rillaboom|71\/100\n|move|p2a: Kyurem|Icicle Spear|p1a: Zygarde|[miss]\n|-miss|p2a: Kyurem|p1a: Zygarde\n|cant|p1b: Rillaboom|flinch\n|move|p1a: Zygarde|Dragon Tail|p2a: Kyurem\n|-damage|p2a: Kyurem|66\/100\n|drag|p2a: Urshifu|Urshifu-Rapid-Strike, M|100\/100\n|\n|-heal|p2b: Rillaboom|70\/100|[from] Grassy Terrain\n|-heal|p1b: Rillaboom|77\/100|[from] Grassy Terrain\n|upkeep\n|turn|8\n|\n|t:|1699212255\n|switch|p2a: Jirachi|Jirachi|100\/100\n|switch|p1a: Zamazenta|Zamazenta, shiny|100\/100\n|-ability|p1a: Zamazenta|Dauntless Shield|boost\n|-boost|p1a: Zamazenta|def|1\n|move|p1b: Rillaboom|Wood Hammer|p2a: Jirachi\n|-resisted|p2a: Jirachi\n|-damage|p2a: Jirachi|72\/100\n|-damage|p1b: Rillaboom|67\/100|[from] Recoil\n|move|p2b: Rillaboom|Wood Hammer|p1a: Zamazenta\n|-damage|p1a: Zamazenta|59\/100\n|-damage|p2b: Rillaboom|56\/100|[from] Recoil\n|\n|-heal|p1a: Zamazenta|65\/100|[from] Grassy Terrain\n|-heal|p2a: Jirachi|78\/100|[from] Grassy Terrain\n|-heal|p2b: Rillaboom|63\/100|[from] Grassy Terrain\n|-heal|p1b: Rillaboom|73\/100|[from] Grassy Terrain\n|upkeep\n|turn|9\n|\n|t:|1699212274\n|move|p1a: Zamazenta|Body Press|p2b: Rillaboom\n|-damage|p2b: Rillaboom|14\/100\n|move|p2a: Jirachi|Life Dew|p2a: Jirachi|[spread] p2a,p2b\n|-heal|p2a: Jirachi|100\/100\n|-heal|p2b: Rillaboom|39\/100\n|move|p2b: Rillaboom|Wood Hammer|p1a: Zamazenta\n|-damage|p1a: Zamazenta|24\/100\n|-enditem|p1a: Zamazenta|Sitrus Berry|[eat]\n|-heal|p1a: Zamazenta|49\/100|[from] item: Sitrus Berry\n|-damage|p2b: Rillaboom|26\/100|[from] Recoil\n|move|p1b: Rillaboom|U-turn|p2b: Rillaboom\n|-supereffective|p2b: Rillaboom\n|-damage|p2b: Rillaboom|0 fnt\n|faint|p2b: Rillaboom\n|\n|t:|1699212292\n|switch|p1b: Zygarde|Zygarde, tera:Normal|100\/100|[from] U-turn\n|-ability|p1b: Zygarde|Aura Break\n|\n|-heal|p1a: Zamazenta|55\/100|[from] Grassy Terrain\n|upkeep\n|\n|t:|1699212299\n|switch|p2b: Urshifu|Urshifu-Rapid-Strike, M|100\/100\n|turn|10\n|\n|t:|1699212310\n|move|p1b: Zygarde|Extreme Speed|p2b: Urshifu\n|-crit|p2b: Urshifu\n|-damage|p2b: Urshifu|10\/100\n|move|p2b: Urshifu|Surging Strikes|p1a: Zamazenta\n|-crit|p1a: Zamazenta\n|-damage|p1a: Zamazenta|39\/100\n|-crit|p1a: Zamazenta\n|-damage|p1a: Zamazenta|22\/100\n|-crit|p1a: Zamazenta\n|-damage|p1a: Zamazenta|4\/100\n|-hitcount|p1a: Zamazenta|3\n|move|p1a: Zamazenta|Coaching|p1b: Zygarde\n|-boost|p1b: Zygarde|atk|1\n|-boost|p1b: Zygarde|def|1\n|move|p2a: Jirachi|Iron Head|p1b: Zygarde\n|-damage|p1b: Zygarde|86\/100\n|\n|-heal|p2b: Urshifu|16\/100|[from] Grassy Terrain\n|-heal|p1a: Zamazenta|11\/100|[from] Grassy Terrain\n|-heal|p1b: Zygarde|93\/100|[from] Grassy Terrain\n|-fieldend|move: Grassy Terrain\n|upkeep\n|turn|11\n|\n|t:|1699212337\n|move|p1b: Zygarde|Extreme Speed|p2b: Urshifu\n|-damage|p2b: Urshifu|0 fnt\n|faint|p2b: Urshifu\n|move|p2a: Jirachi|Follow Me|p2a: Jirachi\n|-singleturn|p2a: Jirachi|move: Follow Me\n|move|p1a: Zamazenta|Coaching|p1b: Zygarde\n|-boost|p1b: Zygarde|atk|1\n|-boost|p1b: Zygarde|def|1\n|\n|upkeep\n|\n|t:|1699212356\n|switch|p2b: Zeraora|Zeraora|17\/100\n|turn|12\n|-message|GuitarheroVGC forfeited.\n|\n|win|NPC At Home\n|raw|NPC At Home's rating: 1320 &rarr; <strong>1353<\/strong><br \/>(+33 for winning)\n|raw|GuitarheroVGC's rating: 1575 &rarr; <strong>1542<\/strong><br \/>(-33 for losing)\n|l|\u2606GuitarheroVGC\n","uploadtime":1699212385,"views":4,"p1id":"npcathome","p2id":"guitarherovgc","formatid":"gen9nationaldexdoubles","rating":1353,"private":0,"password":""}