{"id":"gen9nationaldexdoubles-1977613285","p1":"Deletta","p2":"Truck Nozzlerack","format":"[Gen 9] National Dex Doubles","log":"|j|\u2606Deletta\n|j|\u2606Truck Nozzlerack\n|t:|1698431896\n|gametype|doubles\n|player|p1|Deletta|fisherman-gen4|1033\n|player|p2|Truck Nozzlerack|265|1038\n|teamsize|p1|6\n|teamsize|p2|6\n|gen|9\n|tier|[Gen 9] National Dex Doubles\n|rated|\n|rule|HP Percentage Mod: HP is shown in percentages\n|rule|Endless Battle Clause: Forcing endless battles is banned\n|rule|OHKO Clause: OHKO moves are banned\n|rule|Evasion Moves Clause: Evasion moves are banned\n|rule|Evasion Abilities Clause: Evasion abilities are banned\n|rule|Species Clause: Limit one of each Pok\u00e9mon\n|rule|Gravity Sleep Clause: The combination of sleep-inducing moves with imperfect accuracy and Gravity or Gigantamax Orbeetle are banned\n|clearpoke\n|poke|p1|Hippowdon, F|\n|poke|p1|Garganacl, F|\n|poke|p1|Armarouge, M|\n|poke|p1|Indeedee-F, F|\n|poke|p1|Ursaluna-Bloodmoon, M|\n|poke|p1|Sinistcha|\n|poke|p2|Jirachi|\n|poke|p2|Cloyster, F|\n|poke|p2|Basculegion-F, F|\n|poke|p2|Maushold|\n|poke|p2|Clefable, F|\n|poke|p2|Furret, F|\n|teampreview\n|\n|t:|1698431905\n|start\n|switch|p1a: Sindromoso|Hippowdon, F|100\/100\n|switch|p1b: Lopopo|Garganacl, F|100\/100\n|switch|p2a: Jirachi|Jirachi|100\/100\n|switch|p2b: Cloyster|Cloyster, F|100\/100\n|-weather|Sandstorm|[from] ability: Sand Stream|[of] p1a: Sindromoso\n|turn|1\n|\n|t:|1698431923\n|move|p2a: Jirachi|Follow Me|p2a: Jirachi\n|-singleturn|p2a: Jirachi|move: Follow Me\n|move|p2b: Cloyster|Shell Smash|p2b: Cloyster\n|-unboost|p2b: Cloyster|def|1\n|-unboost|p2b: Cloyster|spd|1\n|-boost|p2b: Cloyster|atk|2\n|-boost|p2b: Cloyster|spa|2\n|-boost|p2b: Cloyster|spe|2\n|move|p1a: Sindromoso|Sand Tomb|p2a: Jirachi\n|-supereffective|p2a: Jirachi\n|-damage|p2a: Jirachi|77\/100\n|-activate|p2a: Jirachi|move: Sand Tomb|[of] p1a: Sindromoso\n|move|p1b: Lopopo|Salt Cure|p2a: Jirachi\n|-resisted|p2a: Jirachi\n|-damage|p2a: Jirachi|72\/100\n|-start|p2a: Jirachi|Salt Cure\n|\n|-weather|Sandstorm|[upkeep]\n|-damage|p2b: Cloyster|94\/100|[from] Sandstorm\n|-damage|p2a: Jirachi|47\/100|[from] Salt Cure\n|-damage|p2a: Jirachi|30\/100|[from] move: Sand Tomb|[partiallytrapped]\n|upkeep\n|turn|2\n|\n|t:|1698431944\n|move|p1a: Sindromoso|Protect|p1a: Sindromoso\n|-singleturn|p1a: Sindromoso|Protect\n|move|p1b: Lopopo|Protect|p1b: Lopopo\n|-singleturn|p1b: Lopopo|Protect\n|move|p2a: Jirachi|Follow Me|p2a: Jirachi\n|-singleturn|p2a: Jirachi|move: Follow Me\n|move|p2b: Cloyster|Icicle Spear|p1a: Sindromoso\n|-activate|p1a: Sindromoso|move: Protect\n|\n|-weather|Sandstorm|[upkeep]\n|-damage|p2b: Cloyster|88\/100|[from] Sandstorm\n|-damage|p2a: Jirachi|5\/100|[from] Salt Cure\n|-damage|p2a: Jirachi|0 fnt|[from] move: Sand Tomb|[partiallytrapped]\n|faint|p2a: Jirachi\n|upkeep\n|\n|t:|1698431959\n|switch|p2a: Furret|Furret, F|100\/100\n|-item|p1a: Sindromoso|Binding Band|[from] ability: Frisk|[of] p2a: Furret|[identify]\n|-item|p1b: Lopopo|Safety Goggles|[from] ability: Frisk|[of] p2a: Furret|[identify]\n|turn|3\n|\n|t:|1698431982\n|-terastallize|p1a: Sindromoso|Steel\n|move|p2a: Furret|Follow Me|p2a: Furret\n|-singleturn|p2a: Furret|move: Follow Me\n|move|p2b: Cloyster|Icicle Spear|p1a: Sindromoso\n|-resisted|p1a: Sindromoso\n|-damage|p1a: Sindromoso|93\/100\n|-resisted|p1a: Sindromoso\n|-damage|p1a: Sindromoso|86\/100\n|-resisted|p1a: Sindromoso\n|-damage|p1a: Sindromoso|80\/100\n|-resisted|p1a: Sindromoso\n|-damage|p1a: Sindromoso|72\/100\n|-resisted|p1a: Sindromoso\n|-damage|p1a: Sindromoso|65\/100\n|-hitcount|p1a: Sindromoso|5\n|-damage|p2b: Cloyster|78\/100|[from] item: Life Orb\n|move|p1a: Sindromoso|Sand Tomb|p2a: Furret\n|-damage|p2a: Furret|84\/100\n|-activate|p2a: Furret|move: Sand Tomb|[of] p1a: Sindromoso\n|move|p1b: Lopopo|Salt Cure|p2a: Furret\n|-damage|p2a: Furret|67\/100\n|-start|p2a: Furret|Salt Cure\n|\n|-weather|Sandstorm|[upkeep]\n|-damage|p2b: Cloyster|72\/100|[from] Sandstorm\n|-damage|p2a: Furret|61\/100|[from] Sandstorm\n|-damage|p2a: Furret|45\/100|[from] move: Sand Tomb|[partiallytrapped]\n|-damage|p2a: Furret|33\/100|[from] Salt Cure\n|upkeep\n|turn|4\n|\n|t:|1698432018\n|move|p2a: Furret|Follow Me|p2a: Furret\n|-singleturn|p2a: Furret|move: Follow Me\n|move|p2b: Cloyster|Shell Smash|p2b: Cloyster\n|-unboost|p2b: Cloyster|def|1\n|-unboost|p2b: Cloyster|spd|1\n|-boost|p2b: Cloyster|atk|2\n|-boost|p2b: Cloyster|spa|2\n|-boost|p2b: Cloyster|spe|2\n|move|p1a: Sindromoso|Slack Off|p1a: Sindromoso\n|-heal|p1a: Sindromoso|100\/100\n|move|p1b: Lopopo|Iron Defense|p1b: Lopopo\n|-boost|p1b: Lopopo|def|2\n|\n|-weather|Sandstorm|[upkeep]\n|-damage|p2b: Cloyster|66\/100|[from] Sandstorm\n|-damage|p2a: Furret|27\/100|[from] Sandstorm\n|-damage|p2a: Furret|14\/100|[from] Salt Cure\n|-damage|p2a: Furret|0 fnt|[from] move: Sand Tomb|[partiallytrapped]\n|faint|p2a: Furret\n|upkeep\n|\n|t:|1698432037\n|switch|p2a: Basculegion|Basculegion-F, F|100\/100\n|-ability|p2a: Basculegion|Mold Breaker\n|turn|5\n|\n|t:|1698432054\n|move|p1b: Lopopo|Protect|p1b: Lopopo\n|-singleturn|p1b: Lopopo|Protect\n|move|p2b: Cloyster|Rock Blast|p1a: Sindromoso\n|-resisted|p1a: Sindromoso\n|-damage|p1a: Sindromoso|93\/100\n|-resisted|p1a: Sindromoso\n|-damage|p1a: Sindromoso|86\/100\n|-resisted|p1a: Sindromoso\n|-damage|p1a: Sindromoso|79\/100\n|-resisted|p1a: Sindromoso\n|-damage|p1a: Sindromoso|72\/100\n|-resisted|p1a: Sindromoso\n|-damage|p1a: Sindromoso|65\/100\n|-hitcount|p1a: Sindromoso|5\n|-damage|p2b: Cloyster|56\/100|[from] item: Life Orb\n|move|p2a: Basculegion|Wave Crash|p1b: Lopopo\n|-activate|p1b: Lopopo|move: Protect\n|move|p1a: Sindromoso|Sand Tomb|p2b: Cloyster\n|-damage|p2b: Cloyster|38\/100\n|-activate|p2b: Cloyster|move: Sand Tomb|[of] p1a: Sindromoso\n|\n|-weather|none\n|-damage|p2b: Cloyster|22\/100|[from] move: Sand Tomb|[partiallytrapped]\n|upkeep\n|turn|6\n|-message|Truck Nozzlerack forfeited.\n|\n|win|Deletta\n|raw|Deletta's rating: 1033 &rarr; <strong>1069<\/strong><br \/>(+36 for winning)\n|raw|Truck Nozzlerack's rating: 1038 &rarr; <strong>1022<\/strong><br \/>(-16 for losing)\n|l|\u2606Truck Nozzlerack\n","uploadtime":1698432183,"views":9,"p1id":"deletta","p2id":"trucknozzlerack","formatid":"gen9nationaldexdoubles","rating":1022,"private":0,"password":""}