{"id":"gen9nationaldexdoubles-1950627976","p1":"Ex0tic_s0da","p2":"Gambriwis","format":"[Gen 9] National Dex Doubles","log":"|j|\u2606Ex0tic_s0da\n|j|\u2606Gambriwis\n|t:|1695491230\n|gametype|doubles\n|player|p1|Ex0tic_s0da|silver|1110\n|player|p2|Gambriwis|unknownf|1000\n|teamsize|p1|6\n|teamsize|p2|6\n|gen|9\n|tier|[Gen 9] National Dex Doubles\n|rated|\n|rule|HP Percentage Mod: HP is shown in percentages\n|rule|Endless Battle Clause: Forcing endless battles is banned\n|rule|OHKO Clause: OHKO moves are banned\n|rule|Evasion Moves Clause: Evasion moves are banned\n|rule|Evasion Abilities Clause: Evasion abilities are banned\n|rule|Species Clause: Limit one of each Pok\u00e9mon\n|rule|Gravity Sleep Clause: The combination of sleep-inducing moves with imperfect accuracy and Gravity or Gigantamax Orbeetle are banned\n|clearpoke\n|poke|p1|Houndoom, M|\n|poke|p1|Dipplin, F|\n|poke|p1|Marshadow|\n|poke|p1|Iron Bundle|\n|poke|p1|Munkidori, M|\n|poke|p1|Dudunsparce-*, F|\n|poke|p2|Incineroar, F|\n|poke|p2|Grimmsnarl, M|\n|poke|p2|Gothitelle, M|\n|poke|p2|Flutter Mane|\n|poke|p2|Gengar, M|\n|poke|p2|Gliscor, F|\n|teampreview\n|inactive|Battle timer is ON: inactive players will automatically lose when time's up. (requested by Ex0tic_s0da)\n|\n|t:|1695491256\n|start\n|switch|p1a: Dipplin|Dipplin, F|100\/100\n|switch|p1b: Munkidori|Munkidori, M|100\/100\n|switch|p2a: Incineroar|Incineroar, F|100\/100\n|switch|p2b: Grimmsnarl|Grimmsnarl, M|100\/100\n|-ability|p2a: Incineroar|Intimidate|boost\n|-unboost|p1a: Dipplin|atk|1\n|-unboost|p1b: Munkidori|atk|1\n|-ability|p1a: Dipplin|Supersweet Syrup\n|-ability|p1a: Dipplin|Supersweet Syrup|boost\n|-unboost|p2a: Incineroar|evasion|1\n|-unboost|p2b: Grimmsnarl|evasion|1\n|turn|1\n|inactive|Gambriwis has 120 seconds left.\n|\n|t:|1695491299\n|move|p1b: Munkidori|Fake Out|p2b: Grimmsnarl\n|-damage|p2b: Grimmsnarl|94\/100\n|-status|p2b: Grimmsnarl|tox|[from] ability: Toxic Chain|[of] p1b: Munkidori\n|move|p2a: Incineroar|Fake Out|p1a: Dipplin\n|-damage|p1a: Dipplin|92\/100\n|cant|p2b: Grimmsnarl|flinch\n|cant|p1a: Dipplin|flinch\n|\n|-damage|p2b: Grimmsnarl|88\/100 tox|[from] psn\n|upkeep\n|turn|2\n|inactive|Gambriwis has 120 seconds left.\n|\n|t:|1695491322\n|move|p2b: Grimmsnarl|Light Screen|p2b: Grimmsnarl\n|-sidestart|p2: Gambriwis|move: Light Screen\n|move|p1b: Munkidori|Calm Mind|p1b: Munkidori\n|-boost|p1b: Munkidori|spa|1\n|-boost|p1b: Munkidori|spd|1\n|move|p2a: Incineroar|Parting Shot|p1a: Dipplin\n|-unboost|p1a: Dipplin|atk|1\n|-unboost|p1a: Dipplin|spa|1\n|\n|t:|1695491333\n|switch|p2a: Gliscor|Gliscor, F|100\/100|[from] Parting Shot\n|move|p1a: Dipplin|Syrup Bomb|p2b: Grimmsnarl\n|-damage|p2b: Grimmsnarl|81\/100 tox\n|-start|p2b: Grimmsnarl|Syrup Bomb\n|\n|-damage|p2b: Grimmsnarl|69\/100 tox|[from] psn\n|-unboost|p2b: Grimmsnarl|spe|1\n|-status|p2a: Gliscor|tox|[from] item: Toxic Orb\n|upkeep\n|turn|3\n|inactive|Gambriwis has 120 seconds left.\n|\n|t:|1695491352\n|move|p2b: Grimmsnarl|Reflect|p2b: Grimmsnarl\n|-sidestart|p2: Gambriwis|Reflect\n|move|p2a: Gliscor|Knock Off|p1b: Munkidori\n|-supereffective|p1b: Munkidori\n|-damage|p1b: Munkidori|44\/100\n|-enditem|p1b: Munkidori|Leftovers|[from] move: Knock Off|[of] p2a: Gliscor\n|move|p1b: Munkidori|Calm Mind|p1b: Munkidori\n|-boost|p1b: Munkidori|spa|1\n|-boost|p1b: Munkidori|spd|1\n|move|p1a: Dipplin|Syrup Bomb|p2a: Gliscor\n|-damage|p2a: Gliscor|86\/100 tox\n|-start|p2a: Gliscor|Syrup Bomb\n|\n|-heal|p2a: Gliscor|99\/100 tox|[from] ability: Poison Heal\n|-damage|p2b: Grimmsnarl|51\/100 tox|[from] psn\n|-unboost|p2a: Gliscor|spe|1\n|-unboost|p2b: Grimmsnarl|spe|1\n|upkeep\n|turn|4\n|\n|t:|1695491377\n|move|p2b: Grimmsnarl|Protect|p2b: Grimmsnarl\n|-singleturn|p2b: Grimmsnarl|Protect\n|move|p1b: Munkidori|Stored Power|p2a: Gliscor\n|-damage|p2a: Gliscor|17\/100 tox\n|move|p2a: Gliscor|Earthquake|p1b: Munkidori|[spread] p1a,p1b\n|-activate|p2b: Grimmsnarl|move: Protect\n|-resisted|p1a: Dipplin\n|-supereffective|p1b: Munkidori\n|-damage|p1a: Dipplin|84\/100\n|-damage|p1b: Munkidori|0 fnt\n|faint|p1b: Munkidori\n|move|p1a: Dipplin|Rollout|p2b: Grimmsnarl\n|-activate|p2b: Grimmsnarl|move: Protect\n|\n|-heal|p2a: Gliscor|30\/100 tox|[from] ability: Poison Heal\n|-damage|p2b: Grimmsnarl|27\/100 tox|[from] psn\n|-unboost|p2a: Gliscor|spe|1\n|-end|p2b: Grimmsnarl|Syrup Bomb\n|upkeep\n|inactive|Ex0tic_s0da has 120 seconds left.\n|\n|t:|1695491395\n|switch|p1b: Houndoom|Houndoom, M|100\/100\n|turn|5\n|inactive|Ex0tic_s0da has 120 seconds left.\n|\n|t:|1695491423\n|detailschange|p1b: Houndoom|Houndoom-Mega, M\n|-mega|p1b: Houndoom|Houndoom|Houndoominite\n|move|p1b: Houndoom|Flamethrower|p2a: Gliscor\n|-damage|p2a: Gliscor|0 fnt\n|faint|p2a: Gliscor\n|move|p1a: Dipplin|Syrup Bomb|p2b: Grimmsnarl\n|-damage|p2b: Grimmsnarl|19\/100 tox\n|-start|p2b: Grimmsnarl|Syrup Bomb\n|move|p2b: Grimmsnarl|Spirit Break|p1a: Dipplin\n|-supereffective|p1a: Dipplin\n|-damage|p1a: Dipplin|52\/100\n|-unboost|p1a: Dipplin|spa|1\n|\n|-damage|p2b: Grimmsnarl|0 fnt|[from] psn\n|faint|p2b: Grimmsnarl\n|upkeep\n|inactive|Gambriwis has 120 seconds left.\n|\n|t:|1695491445\n|switch|p2a: Incineroar|Incineroar, F|100\/100\n|switch|p2b: Flutter Mane|Flutter Mane|100\/100\n|-ability|p2a: Incineroar|Intimidate|boost\n|-unboost|p1a: Dipplin|atk|1\n|-unboost|p1b: Houndoom|atk|1\n|turn|6\n|\n|t:|1695491466\n|move|p2a: Incineroar|Fake Out|p1a: Dipplin\n|-damage|p1a: Dipplin|44\/100\n|move|p2b: Flutter Mane|Dazzling Gleam|p1a: Dipplin|[spread] p1a,p1b\n|-supereffective|p1a: Dipplin\n|-damage|p1a: Dipplin|0 fnt\n|-damage|p1b: Houndoom|47\/100\n|faint|p1a: Dipplin\n|-damage|p2b: Flutter Mane|91\/100|[from] item: Life Orb\n|move|p1b: Houndoom|Nasty Plot|p1b: Houndoom\n|-boost|p1b: Houndoom|spa|2\n|\n|upkeep\n|inactive|Ex0tic_s0da has 120 seconds left.\n|\n|t:|1695491477\n|switch|p1a: Marshadow|Marshadow|100\/100\n|turn|7\n|\n|t:|1695491491\n|move|p1a: Marshadow|Shadow Sneak|p2b: Flutter Mane\n|-supereffective|p2b: Flutter Mane\n|-damage|p2b: Flutter Mane|4\/100\n|move|p2b: Flutter Mane|Perish Song|p2b: Flutter Mane\n|-start|p1a: Marshadow|perish3|[silent]\n|-start|p1b: Houndoom|perish3|[silent]\n|-start|p2a: Incineroar|perish3|[silent]\n|-start|p2b: Flutter Mane|perish3|[silent]\n|-fieldactivate|move: Perish Song\n|move|p1b: Houndoom|Dark Pulse|p2a: Incineroar\n|-resisted|p2a: Incineroar\n|-damage|p2a: Incineroar|71\/100\n|move|p2a: Incineroar|Parting Shot|p1a: Marshadow\n|-unboost|p1a: Marshadow|atk|1\n|-unboost|p1a: Marshadow|spa|1\n|\n|t:|1695491500\n|switch|p2a: Banshee|Gothitelle, M|100\/100|[from] Parting Shot\n|\n|-start|p2b: Flutter Mane|perish3\n|-start|p1b: Houndoom|perish3\n|-start|p1a: Marshadow|perish3\n|upkeep\n|turn|8\n|\n|t:|1695491524\n|switch|p1a: Iron Bundle|Iron Bundle|100\/100\n|-enditem|p1a: Iron Bundle|Booster Energy\n|-activate|p1a: Iron Bundle|ability: Quark Drive|[fromitem]\n|-start|p1a: Iron Bundle|quarkdrivespe\n|move|p2a: Banshee|Protect|p2a: Banshee\n|-singleturn|p2a: Banshee|Protect\n|move|p2b: Flutter Mane|Dazzling Gleam|p1b: Houndoom|[spread] p1a,p1b\n|-damage|p1a: Iron Bundle|36\/100\n|-damage|p1b: Houndoom|0 fnt\n|faint|p1b: Houndoom\n|-damage|p2b: Flutter Mane|0 fnt|[from] item: Life Orb\n|faint|p2b: Flutter Mane\n|-end|p2b: Flutter Mane|Protosynthesis|[silent]\n|\n|upkeep\n|\n|t:|1695491544\n|switch|p2b: Incineroar|Incineroar, F|71\/100\n|switch|p1b: Dudunsparce|Dudunsparce-Three-Segment, F|100\/100\n|-ability|p2b: Incineroar|Intimidate|boost\n|-unboost|p1a: Iron Bundle|atk|1\n|-unboost|p1b: Dudunsparce|atk|1\n|-ability|p1b: Dudunsparce|Rattled|boost\n|-boost|p1b: Dudunsparce|spe|1\n|turn|9\n|\n|t:|1695491564\n|move|p2b: Incineroar|Fake Out|p1b: Dudunsparce\n|-damage|p1b: Dudunsparce|88\/100\n|move|p1a: Iron Bundle|Acrobatics|p2b: Incineroar\n|-damage|p2b: Incineroar|64\/100\n|cant|p1b: Dudunsparce|flinch\n|move|p2a: Banshee|Calm Mind|p2a: Banshee\n|-boost|p2a: Banshee|spa|1\n|-boost|p2a: Banshee|spd|1\n|\n|-heal|p1b: Dudunsparce|95\/100|[from] item: Leftovers\n|-sideend|p2: Gambriwis|move: Light Screen\n|upkeep\n|turn|10\n|\n|t:|1695491591\n|move|p1a: Iron Bundle|Acrobatics|p2b: Incineroar\n|-damage|p2b: Incineroar|55\/100\n|move|p1b: Dudunsparce|Coil|p1b: Dudunsparce\n|-boost|p1b: Dudunsparce|atk|1\n|-boost|p1b: Dudunsparce|def|1\n|-boost|p1b: Dudunsparce|accuracy|1\n|move|p2a: Banshee|Stored Power|p1a: Iron Bundle\n|-damage|p1a: Iron Bundle|0 fnt\n|faint|p1a: Iron Bundle\n|-end|p1a: Iron Bundle|Quark Drive|[silent]\n|move|p2b: Incineroar|Parting Shot|p1b: Dudunsparce\n|-unboost|p1b: Dudunsparce|atk|1\n|-unboost|p1b: Dudunsparce|spa|1\n|inactive|Gambriwis has 120 seconds left.\n|\n|t:|1695491603\n|switch|p2b: Gengar|Gengar, M|100\/100|[from] Parting Shot\n|\n|-heal|p1b: Dudunsparce|100\/100|[from] item: Leftovers\n|-sideend|p2: Gambriwis|Reflect\n|upkeep\n|\n|t:|1695491608\n|switch|p1a: Marshadow|Marshadow|100\/100\n|turn|11\n|\n|t:|1695491625\n|move|p2b: Gengar|Perish Song|p2b: Gengar\n|-start|p1a: Marshadow|perish3|[silent]\n|-start|p1b: Dudunsparce|perish3|[silent]\n|-start|p2a: Banshee|perish3|[silent]\n|-start|p2b: Gengar|perish3|[silent]\n|-fieldactivate|move: Perish Song\n|-zpower|p1a: Marshadow\n|move|p1a: Marshadow|Soul-Stealing 7-Star Strike|p2a: Banshee|[zeffect]\n|-supereffective|p2a: Banshee\n|-damage|p2a: Banshee|0 fnt\n|faint|p2a: Banshee\n|move|p1b: Dudunsparce|Coil|p1b: Dudunsparce\n|-boost|p1b: Dudunsparce|atk|1\n|-boost|p1b: Dudunsparce|def|1\n|-boost|p1b: Dudunsparce|accuracy|1\n|\n|-start|p2b: Gengar|perish3\n|-start|p1a: Marshadow|perish3\n|-start|p1b: Dudunsparce|perish3\n|upkeep\n|\n|t:|1695491643\n|switch|p2a: Incineroar|Incineroar, F|55\/100\n|-ability|p2a: Incineroar|Intimidate|boost\n|-unboost|p1a: Marshadow|atk|1\n|-unboost|p1b: Dudunsparce|atk|1\n|-ability|p1b: Dudunsparce|Rattled|boost\n|-boost|p1b: Dudunsparce|spe|1\n|turn|12\n|inactive|Gambriwis has 120 seconds left.\n|\n|t:|1695491674\n|-terastallize|p1b: Dudunsparce|Normal\n|move|p2b: Gengar|Protect|p2b: Gengar\n|-singleturn|p2b: Gengar|Protect\n|move|p2a: Incineroar|Fake Out|p1b: Dudunsparce\n|-damage|p1b: Dudunsparce|94\/100\n|move|p1a: Marshadow|Shadow Sneak|p2b: Gengar\n|-activate|p2b: Gengar|move: Protect\n|cant|p1b: Dudunsparce|flinch\n|\n|-heal|p1b: Dudunsparce|100\/100|[from] item: Leftovers\n|-start|p2b: Gengar|perish2\n|-start|p1b: Dudunsparce|perish2\n|-start|p1a: Marshadow|perish2\n|upkeep\n|turn|13\n|inactive|Gambriwis has 120 seconds left.\n|\n|t:|1695491718\n|move|p1a: Marshadow|Shadow Sneak|p2b: Gengar\n|-supereffective|p2b: Gengar\n|-damage|p2b: Gengar|43\/100\n|move|p2b: Gengar|Destiny Bond|p2b: Gengar\n|-singlemove|p2b: Gengar|Destiny Bond\n|move|p1b: Dudunsparce|Hyper Drill|p2a: Incineroar\n|-damage|p2a: Incineroar|30\/100\n|move|p2a: Incineroar|Darkest Lariat|p1a: Marshadow\n|-damage|p1a: Marshadow|60\/100\n|\n|-start|p2b: Gengar|perish1\n|-start|p1b: Dudunsparce|perish1\n|-start|p1a: Marshadow|perish1\n|upkeep\n|turn|14\n|inactive|Gambriwis has 120 seconds left.\n|inactive|Ex0tic_s0da has 120 seconds left.\n|\n|t:|1695491756\n|move|p1a: Marshadow|Shadow Sneak|p2b: Gengar\n|-supereffective|p2b: Gengar\n|-damage|p2b: Gengar|0 fnt\n|faint|p2b: Gengar\n|-activate|p2b: Gengar|move: Destiny Bond\n|faint|p1a: Marshadow\n|move|p1b: Dudunsparce|Hyper Drill|p2a: Incineroar\n|-damage|p2a: Incineroar|5\/100\n|-enditem|p2a: Incineroar|Aguav Berry|[eat]\n|-heal|p2a: Incineroar|38\/100|[from] item: Aguav Berry\n|move|p2a: Incineroar|Darkest Lariat|p1b: Dudunsparce\n|-damage|p1b: Dudunsparce|67\/100\n|-ability|p1b: Dudunsparce|Rattled|boost\n|-boost|p1b: Dudunsparce|spe|1\n|\n|-heal|p1b: Dudunsparce|73\/100|[from] item: Leftovers\n|-start|p1b: Dudunsparce|perish0\n|upkeep\n|faint|p1b: Dudunsparce\n|\n|win|Gambriwis\n|raw|Ex0tic_s0da's rating: 1110 &rarr; <strong>1077<\/strong><br \/>(-33 for losing)\n|raw|Gambriwis's rating: 1000 &rarr; <strong>1052<\/strong><br \/>(+52 for winning)\n|l|\u2606Ex0tic_s0da\n|c|\u2606Gambriwis|GG, WP\n","uploadtime":1695491776,"views":12,"p1id":"ex0tics0da","p2id":"gambriwis","formatid":"gen9nationaldexdoubles","rating":1052,"private":0,"password":""}