{"id":"gen9nationaldexdoubles-2000463173","p1":"AdvancedDigit","p2":"icarus-mochi","format":"[Gen 9] National Dex Doubles","log":"|j|\u2606AdvancedDigit\n|j|\u2606icarus-mochi\n|t:|1701196915\n|gametype|doubles\n|player|p1|AdvancedDigit|101|1138\n|player|p2|icarus-mochi|maid|1150\n|teamsize|p1|6\n|teamsize|p2|6\n|gen|9\n|tier|[Gen 9] National Dex Doubles\n|rated|\n|rule|HP Percentage Mod: HP is shown in percentages\n|rule|Endless Battle Clause: Forcing endless battles is banned\n|rule|OHKO Clause: OHKO moves are banned\n|rule|Evasion Moves Clause: Evasion moves are banned\n|rule|Evasion Abilities Clause: Evasion abilities are banned\n|rule|Species Clause: Limit one of each Pok\u00e9mon\n|rule|Gravity Sleep Clause: The combination of sleep-inducing moves with imperfect accuracy and Gravity or Gigantamax Orbeetle are banned\n|clearpoke\n|poke|p1|Cinccino, M|\n|poke|p1|Togekiss, F|\n|poke|p1|Amoonguss, M|\n|poke|p1|Chien-Pao|\n|poke|p1|Indeedee-F, F|\n|poke|p1|Arcanine, M|\n|poke|p2|Lilligant, F|\n|poke|p2|Scrafty, M|\n|poke|p2|Hydreigon, F|\n|poke|p2|Haxorus, F|\n|poke|p2|Zoroark, F|\n|poke|p2|Chandelure, F|\n|teampreview\n|\n|t:|1701196927\n|start\n|switch|p1a: Cinccino|Cinccino, M|100\/100\n|switch|p1b: Togekiss|Togekiss, F|100\/100\n|switch|p2a: Lilligant|Lilligant, F, shiny|100\/100\n|switch|p2b: Scrafty|Scrafty, M|100\/100\n|turn|1\n|\n|t:|1701196952\n|-terastallize|p2a: Lilligant|Ghost\n|move|p1b: Togekiss|Helping Hand|p1a: Cinccino\n|-singleturn|p1a: Cinccino|Helping Hand|[of] p1b: Togekiss\n|move|p1a: Cinccino|Tail Slap|p2b: Scrafty\n|-damage|p2b: Scrafty|77\/100\n|-damage|p2b: Scrafty|53\/100\n|-damage|p2b: Scrafty|27\/100\n|-damage|p2b: Scrafty|4\/100\n|-damage|p2b: Scrafty|0 fnt\n|faint|p2b: Scrafty\n|-hitcount|p2: Scrafty|5\n|move|p2a: Lilligant|Quiver Dance|p2a: Lilligant\n|-boost|p2a: Lilligant|spa|1\n|-boost|p2a: Lilligant|spd|1\n|-boost|p2a: Lilligant|spe|1\n|\n|upkeep\n|\n|t:|1701196969\n|switch|p2b: Chandelure|Chandelure, F|100\/100\n|turn|2\n|\n|t:|1701196983\n|move|p2a: Lilligant|Quiver Dance|p2a: Lilligant\n|-boost|p2a: Lilligant|spa|1\n|-boost|p2a: Lilligant|spd|1\n|-boost|p2a: Lilligant|spe|1\n|move|p1a: Cinccino|Rock Blast|p2b: Chandelure\n|-damage|p2b: Chandelure|80\/100\n|replace|p2b: Zoroark|Zoroark, F, shiny\n|-end|p2b: Zoroark|Illusion\n|-damage|p2b: Zoroark|58\/100\n|-damage|p2b: Zoroark|33\/100\n|-damage|p2b: Zoroark|9\/100\n|-hitcount|p2b: Zoroark|4\n|move|p2b: Zoroark|Sludge Bomb|p1b: Togekiss\n|-supereffective|p1b: Togekiss\n|-damage|p1b: Togekiss|65\/100\n|-status|p1b: Togekiss|psn\n|move|p1b: Togekiss|Thunder Wave|p2a: Lilligant\n|-status|p2a: Lilligant|par\n|\n|-heal|p1b: Togekiss|71\/100 psn|[from] item: Leftovers\n|-damage|p1b: Togekiss|59\/100 psn|[from] psn\n|upkeep\n|turn|3\n|\n|t:|1701197012\n|move|p1b: Togekiss|Helping Hand|p1a: Cinccino\n|-singleturn|p1a: Cinccino|Helping Hand|[of] p1b: Togekiss\n|move|p1a: Cinccino|Bullet Seed|p2a: Lilligant\n|-damage|p2a: Lilligant|74\/100 par\n|-crit|p2a: Lilligant\n|-damage|p2a: Lilligant|38\/100 par\n|-damage|p2a: Lilligant|12\/100 par\n|-damage|p2a: Lilligant|0 fnt\n|faint|p2a: Lilligant\n|-hitcount|p2: Lilligant|4\n|move|p2b: Zoroark|Dark Pulse|p1a: Cinccino\n|-damage|p1a: Cinccino|29\/100\n|\n|-heal|p1b: Togekiss|65\/100 psn|[from] item: Leftovers\n|-damage|p1b: Togekiss|52\/100 psn|[from] psn\n|upkeep\n|\n|t:|1701197027\n|switch|p2a: Hydreigon|Hydreigon, F|100\/100\n|turn|4\n|\n|t:|1701197036\n|move|p1b: Togekiss|Follow Me|p1b: Togekiss\n|-singleturn|p1b: Togekiss|move: Follow Me\n|move|p1a: Cinccino|Triple Axel|p2a: Hydreigon\n|-supereffective|p2a: Hydreigon\n|-damage|p2a: Hydreigon|81\/100\n|-supereffective|p2a: Hydreigon\n|-damage|p2a: Hydreigon|36\/100\n|-supereffective|p2a: Hydreigon\n|-damage|p2a: Hydreigon|0 fnt\n|faint|p2a: Hydreigon\n|-hitcount|p2: Hydreigon|3\n|move|p2b: Zoroark|Dark Pulse|p1b: Togekiss\n|-resisted|p1b: Togekiss\n|-damage|p1b: Togekiss|40\/100 psn\n|\n|-heal|p1b: Togekiss|46\/100 psn|[from] item: Leftovers\n|-damage|p1b: Togekiss|34\/100 psn|[from] psn\n|upkeep\n|\n|t:|1701197051\n|switch|p2a: Chandelure|Chandelure, F|100\/100\n|turn|5\n|\n|t:|1701197058\n|move|p1b: Togekiss|Follow Me|p1b: Togekiss\n|-singleturn|p1b: Togekiss|move: Follow Me\n|move|p1a: Cinccino|Rock Blast|p2a: Chandelure\n|-supereffective|p2a: Chandelure\n|-damage|p2a: Chandelure|76\/100\n|-supereffective|p2a: Chandelure\n|-damage|p2a: Chandelure|50\/100\n|-supereffective|p2a: Chandelure\n|-damage|p2a: Chandelure|25\/100\n|-supereffective|p2a: Chandelure\n|-damage|p2a: Chandelure|0 fnt\n|faint|p2a: Chandelure\n|-hitcount|p2: Chandelure|4\n|move|p2b: Zoroark|Sludge Bomb|p1b: Togekiss\n|-supereffective|p1b: Togekiss\n|-damage|p1b: Togekiss|0 fnt\n|faint|p1b: Togekiss\n|\n|upkeep\n|\n|t:|1701197071\n|switch|p2a: Haxorus|Haxorus, F, shiny|100\/100\n|switch|p1b: Amoonguss|Amoonguss, M|100\/100\n|-ability|p2a: Haxorus|Mold Breaker\n|turn|6\n|\n|t:|1701197085\n|move|p1b: Amoonguss|Rage Powder|p1b: Amoonguss\n|-singleturn|p1b: Amoonguss|move: Rage Powder\n|move|p1a: Cinccino|Tail Slap|p2a: Haxorus\n|-damage|p2a: Haxorus|79\/100\n|-damage|p2a: Haxorus|57\/100\n|-crit|p2a: Haxorus\n|-damage|p2a: Haxorus|25\/100\n|-damage|p2a: Haxorus|2\/100\n|-damage|p2a: Haxorus|0 fnt\n|faint|p2a: Haxorus\n|-hitcount|p2: Haxorus|5\n|move|p2b: Zoroark|Flamethrower|p1b: Amoonguss\n|-supereffective|p1b: Amoonguss\n|-damage|p1b: Amoonguss|34\/100\n|-enditem|p1b: Amoonguss|Eject Button\n|\n|t:|1701197100\n|switch|p1b: Chien-Pao|Chien-Pao|100\/100\n|-ability|p1b: Chien-Pao|Sword of Ruin\n|\n|upkeep\n|turn|7\n|\n|t:|1701197105\n|move|p1b: Chien-Pao|Ice Spinner|p2b: Zoroark\n|-damage|p2b: Zoroark|0 fnt\n|faint|p2b: Zoroark\n|\n|win|AdvancedDigit\n|raw|AdvancedDigit's rating: 1107 &rarr; <strong>1135<\/strong><br \/>(+28 for winning)\n|raw|icarus-mochi's rating: 1150 &rarr; <strong>1122<\/strong><br \/>(-28 for losing)\n|c|\u2606AdvancedDigit|gg\n","uploadtime":1701197110,"views":6,"p1id":"advanceddigit","p2id":"icarusmochi","formatid":"gen9nationaldexdoubles","rating":1122,"private":0,"password":""}