{"id":"gen9nationaldexdoubles-1987631409","p1":"joaovictro","p2":"lbwllj","format":"[Gen 9] National Dex Doubles","log":"|j|\u2606joaovictro\n|j|\u2606lbwllj\n|t:|1699621872\n|gametype|doubles\n|player|p1|joaovictro|mira|1229\n|player|p2|lbwllj|picnicker|1065\n|teamsize|p1|6\n|teamsize|p2|6\n|gen|9\n|tier|[Gen 9] National Dex Doubles\n|rated|\n|rule|HP Percentage Mod: HP is shown in percentages\n|rule|Endless Battle Clause: Forcing endless battles is banned\n|rule|OHKO Clause: OHKO moves are banned\n|rule|Evasion Moves Clause: Evasion moves are banned\n|rule|Evasion Abilities Clause: Evasion abilities are banned\n|rule|Species Clause: Limit one of each Pok\u00e9mon\n|rule|Gravity Sleep Clause: The combination of sleep-inducing moves with imperfect accuracy and Gravity or Gigantamax Orbeetle are banned\n|clearpoke\n|poke|p1|Jumpluff, M|\n|poke|p1|Torkoal, F|\n|poke|p1|Kilowattrel, F|\n|poke|p1|Brambleghast, F|\n|poke|p1|Walking Wake|\n|poke|p1|Lilligant-Hisui, F|\n|poke|p2|Victini|\n|poke|p2|Shuckle, M|\n|poke|p2|Indeedee, M|\n|poke|p2|Tornadus, M|\n|poke|p2|Sinistcha-Masterpiece|\n|poke|p2|Zoroark-Hisui, F|\n|teampreview\n|\n|t:|1699621882\n|start\n|switch|p1a: Jumpluff|Jumpluff, M, shiny|100\/100\n|switch|p1b: Torkoal|Torkoal, F|100\/100\n|switch|p2a: Victini|Victini|100\/100\n|switch|p2b: Shuckle|Shuckle, M|100\/100\n|-weather|SunnyDay|[from] ability: Drought|[of] p1b: Torkoal\n|turn|1\n|inactive|Battle timer is ON: inactive players will automatically lose when time's up. (requested by joaovictro)\n|\n|t:|1699621899\n|move|p1a: Jumpluff|Sleep Powder|p2a: Victini|[miss]\n|-miss|p1a: Jumpluff|p2a: Victini\n|move|p2a: Victini|Skill Swap|p2b: Shuckle\n|-activate|p2a: Victini|move: Skill Swap|||[of] p2b: Shuckle\n|move|p1b: Torkoal|Overheat|p2b: Shuckle|[miss]\n|-miss|p1b: Torkoal|p2b: Shuckle\n|move|p2b: Shuckle|Final Gambit|p1a: Jumpluff\n|-damage|p1a: Jumpluff|32\/100\n|faint|p2b: Shuckle\n|\n|-weather|SunnyDay|[upkeep]\n|upkeep\n|c|\u2606joaovictro|well..\n|\n|t:|1699621913\n|switch|p2b: Tornadus|Tornadus, M|100\/100\n|turn|2\n|\n|t:|1699621930\n|move|p2b: Tornadus|Tailwind|p2b: Tornadus\n|-sidestart|p2: lbwllj|move: Tailwind\n|move|p1a: Jumpluff|Tailwind|p1a: Jumpluff\n|-sidestart|p1: joaovictro|move: Tailwind\n|move|p2a: Victini|V-create|p1a: Jumpluff\n|-supereffective|p1a: Jumpluff\n|-damage|p1a: Jumpluff|0 fnt\n|-boost|p2a: Victini|spe|1\n|-boost|p2a: Victini|def|1\n|-boost|p2a: Victini|spd|1\n|faint|p1a: Jumpluff\n|move|p1b: Torkoal|Overheat|p2b: Tornadus\n|-crit|p2b: Tornadus\n|-damage|p2b: Tornadus|3\/100\n|-unboost|p1b: Torkoal|spa|2\n|-enditem|p1b: Torkoal|Eject Pack\n|inactive|joaovictro has 120 seconds left.\n|\n|t:|1699621953\n|switch|p1b: Brambleghast|Brambleghast, F|100\/100\n|-ability|p1b: Brambleghast|Wind Rider|boost\n|-boost|p1b: Brambleghast|atk|1\n|\n|-weather|SunnyDay|[upkeep]\n|upkeep\n|inactive|joaovictro has 120 seconds left.\n|\n|t:|1699621963\n|switch|p1a: Lilligant|Lilligant-Hisui, F|100\/100\n|turn|3\n|\n|t:|1699621990\n|-terastallize|p1a: Lilligant|Rock\n|move|p2b: Tornadus|Confide|p2a: Victini\n|-boost|p2a: Victini|spa|1\n|move|p1b: Brambleghast|Shadow Sneak|p2b: Tornadus\n|-damage|p2b: Tornadus|0 fnt\n|faint|p2b: Tornadus\n|move|p1a: Lilligant|Tera Blast|p2a: Victini|[anim] Tera Blast Rock\n|-supereffective|p2a: Victini\n|-damage|p2a: Victini|36\/100\n|-damage|p1a: Lilligant|91\/100|[from] item: Life Orb\n|move|p2a: Victini|V-create|p1a: Lilligant\n|-resisted|p1a: Lilligant\n|-damage|p1a: Lilligant|9\/100\n|-boost|p2a: Victini|spe|1\n|-boost|p2a: Victini|def|1\n|-boost|p2a: Victini|spd|1\n|\n|-weather|SunnyDay|[upkeep]\n|-heal|p2a: Victini|42\/100|[from] item: Leftovers\n|upkeep\n|inactive|lbwllj has 120 seconds left.\n|\n|t:|1699622007\n|switch|p2b: Indeedee|Indeedee, M|100\/100\n|-fieldstart|move: Psychic Terrain|[from] ability: Psychic Surge|[of] p2b: Indeedee\n|-enditem|p2b: Indeedee|Psychic Seed\n|-boost|p2b: Indeedee|spd|1|[from] item: Psychic Seed\n|turn|4\n|\n|t:|1699622028\n|-terastallize|p2a: Victini|Psychic\n|move|p1a: Lilligant|Tera Blast|p2a: Victini|[anim] Tera Blast Rock\n|-damage|p2a: Victini|16\/100\n|-damage|p1a: Lilligant|0 fnt|[from] item: Life Orb\n|faint|p1a: Lilligant\n|move|p2a: Victini|V-create|p1b: Brambleghast\n|-supereffective|p1b: Brambleghast\n|-enditem|p1b: Brambleghast|Focus Sash\n|-damage|p1b: Brambleghast|1\/100\n|-boost|p2a: Victini|spe|1\n|-boost|p2a: Victini|def|1\n|-boost|p2a: Victini|spd|1\n|move|p1b: Brambleghast|Power Whip|p2b: Indeedee\n|-damage|p2b: Indeedee|0 fnt\n|faint|p2b: Indeedee\n|\n|-weather|SunnyDay|[upkeep]\n|-heal|p2a: Victini|22\/100|[from] item: Leftovers\n|upkeep\n|\n|t:|1699622054\n|switch|p1a: Walking Wake|Walking Wake|100\/100\n|switch|p2b: Sinistcha|Sinistcha-Masterpiece|100\/100\n|-activate|p1a: Walking Wake|ability: Protosynthesis\n|-start|p1a: Walking Wake|protosynthesisspa\n|-heal|p2a: Victini|47\/100|[from] ability: Hospitality|[of] p2b: Sinistcha\n|turn|5\n|\n|t:|1699622072\n|move|p2a: Victini|Stored Power|p1a: Walking Wake\n|-damage|p1a: Walking Wake|0 fnt\n|faint|p1a: Walking Wake\n|-end|p1a: Walking Wake|Protosynthesis|[silent]\n|move|p1b: Brambleghast|Phantom Force||[still]\n|-prepare|p1b: Brambleghast|Phantom Force\n|move|p2b: Sinistcha|Matcha Gotcha|p1b: Brambleghast|[miss]\n|-miss|p2b: Sinistcha|p1b: Brambleghast\n|\n|-weather|none\n|-heal|p2a: Victini|54\/100|[from] item: Leftovers\n|-sideend|p2: lbwllj|move: Tailwind\n|-sideend|p1: joaovictro|move: Tailwind\n|upkeep\n|\n|t:|1699622082\n|switch|p1a: Torkoal|Torkoal, F|100\/100\n|-weather|SunnyDay|[from] ability: Drought|[of] p1a: Torkoal\n|turn|6\n|\n|t:|1699622089\n|move|p2a: Victini|Stored Power|p1a: Torkoal\n|-damage|p1a: Torkoal|0 fnt\n|faint|p1a: Torkoal\n|move|p1b: Brambleghast|Phantom Force|p2a: Victini|[from]lockedmove\n|-supereffective|p2a: Victini\n|-damage|p2a: Victini|0 fnt\n|faint|p2a: Victini\n|move|p2b: Sinistcha|Matcha Gotcha|p1b: Brambleghast\n|-resisted|p1b: Brambleghast\n|-damage|p1b: Brambleghast|0 fnt\n|faint|p1b: Brambleghast\n|\n|-weather|SunnyDay|[upkeep]\n|upkeep\n|\n|t:|1699622099\n|switch|p1b: Kilowattrel|Kilowattrel, F|100\/100\n|switch|p2a: Sinistcha|Sinistcha-Masterpiece|100\/100\n|turn|7\n|\n|t:|1699622108\n|move|p1b: Kilowattrel|Air Slash|p2b: Sinistcha\n|-supereffective|p2b: Sinistcha\n|-damage|p2b: Sinistcha|3\/100\n|replace|p2a: Zoroark|Zoroark-Hisui, F\n|-end|p2a: Zoroark|Illusion\n|-zpower|p2a: Zoroark\n|move|p2a: Zoroark|Z-Happy Hour|p2a: Zoroark|[anim]Happy Hour\n|-boost|p2a: Zoroark|atk|1|[zeffect]\n|-boost|p2a: Zoroark|def|1|[zeffect]\n|-boost|p2a: Zoroark|spa|1|[zeffect]\n|-boost|p2a: Zoroark|spd|1|[zeffect]\n|-boost|p2a: Zoroark|spe|1|[zeffect]\n|cant|p2b: Sinistcha|flinch\n|\n|-weather|SunnyDay|[upkeep]\n|-heal|p2b: Sinistcha|9\/100|[from] item: Leftovers\n|upkeep\n|turn|8\n|\n|t:|1699622123\n|move|p2a: Zoroark|Hyper Voice|p1b: Kilowattrel\n|-damage|p1b: Kilowattrel|0 fnt\n|faint|p1b: Kilowattrel\n|\n|win|lbwllj\n|raw|joaovictro's rating: 1229 &rarr; <strong>1193<\/strong><br \/>(-36 for losing)\n|raw|lbwllj's rating: 1065 &rarr; <strong>1109<\/strong><br \/>(+44 for winning)\n|l|\u2606joaovictro\n","uploadtime":1699622126,"views":8,"p1id":"joaovictro","p2id":"lbwllj","formatid":"gen9nationaldexdoubles","rating":1109,"private":0,"password":""}