{"id":"gen9nationaldexdoubles-1997978027","p1":"mint29","p2":"IAmTheOneWhoCooks","format":"[Gen 9] National Dex Doubles","log":"|j|\u2606mint29\n|j|\u2606IAmTheOneWhoCooks\n|t:|1700874584\n|gametype|doubles\n|player|p1|mint29|101|1155\n|player|p2|IAmTheOneWhoCooks|170|1317\n|teamsize|p1|6\n|teamsize|p2|6\n|gen|9\n|tier|[Gen 9] National Dex Doubles\n|rated|\n|rule|HP Percentage Mod: HP is shown in percentages\n|rule|Endless Battle Clause: Forcing endless battles is banned\n|rule|OHKO Clause: OHKO moves are banned\n|rule|Evasion Moves Clause: Evasion moves are banned\n|rule|Evasion Abilities Clause: Evasion abilities are banned\n|rule|Species Clause: Limit one of each Pok\u00e9mon\n|rule|Gravity Sleep Clause: The combination of sleep-inducing moves with imperfect accuracy and Gravity or Gigantamax Orbeetle are banned\n|clearpoke\n|poke|p1|Incineroar, M|\n|poke|p1|Sinistcha-Masterpiece|\n|poke|p1|Gholdengo|\n|poke|p1|Rillaboom, F|\n|poke|p1|Lapras, F|\n|poke|p1|Hitmonchan, M|\n|poke|p2|Kyurem-Black|\n|poke|p2|Snorlax, F|\n|poke|p2|Charizard, M|\n|poke|p2|Landorus-Therian, M|\n|poke|p2|Sinistcha|\n|poke|p2|Tapu Fini|\n|teampreview\n|\n|t:|1700874635\n|start\n|switch|p1a: Incineroar|Incineroar, M|100\/100\n|switch|p1b: Rillaboom|Rillaboom, F|100\/100\n|switch|p2a: dad bod|Charizard, M|100\/100\n|switch|p2b: FreezeBolt2.0|Kyurem-Black|100\/100\n|-fieldstart|move: Grassy Terrain|[from] ability: Grassy Surge|[of] p1b: Rillaboom\n|-ability|p2b: FreezeBolt2.0|Teravolt\n|-ability|p1a: Incineroar|Intimidate|boost\n|-unboost|p2a: dad bod|atk|1\n|-unboost|p2b: FreezeBolt2.0|atk|1\n|turn|1\n|\n|t:|1700874654\n|move|p2a: dad bod|Protect|p2a: dad bod\n|-singleturn|p2a: dad bod|Protect\n|move|p1b: Rillaboom|Fake Out|p2a: dad bod\n|-activate|p2a: dad bod|move: Protect\n|move|p1a: Incineroar|Fake Out|p2b: FreezeBolt2.0\n|-damage|p2b: FreezeBolt2.0|92\/100\n|cant|p2b: FreezeBolt2.0|flinch\n|\n|-heal|p2b: FreezeBolt2.0|98\/100|[from] Grassy Terrain\n|upkeep\n|turn|2\n|\n|t:|1700874667\n|detailschange|p2a: dad bod|Charizard-Mega-Y, M\n|-mega|p2a: dad bod|Charizard|Charizardite Y\n|-weather|SunnyDay|[from] ability: Drought|[of] p2a: dad bod\n|move|p2a: dad bod|Heat Wave|p1a: Incineroar|[spread] p1a,p1b\n|-resisted|p1a: Incineroar\n|-supereffective|p1b: Rillaboom\n|-damage|p1a: Incineroar|77\/100\n|-damage|p1b: Rillaboom|14\/100\n|move|p1b: Rillaboom|Drain Punch|p2b: FreezeBolt2.0\n|-supereffective|p2b: FreezeBolt2.0\n|-damage|p2b: FreezeBolt2.0|62\/100\n|-heal|p1b: Rillaboom|35\/100|[from] drain|[of] p2b: FreezeBolt2.0\n|move|p2b: FreezeBolt2.0|Focus Blast|p1a: Incineroar\n|-supereffective|p1a: Incineroar\n|-damage|p1a: Incineroar|5\/100\n|-enditem|p1a: Incineroar|Sitrus Berry|[eat]\n|-heal|p1a: Incineroar|30\/100|[from] item: Sitrus Berry\n|move|p1a: Incineroar|Parting Shot|p2a: dad bod\n|-unboost|p2a: dad bod|atk|1\n|-unboost|p2a: dad bod|spa|1\n|\n|t:|1700874684\n|switch|p1a: Lapras|Lapras, F|100\/100|[from] Parting Shot\n|\n|-weather|SunnyDay|[upkeep]\n|-heal|p1b: Rillaboom|41\/100|[from] Grassy Terrain\n|-heal|p2b: FreezeBolt2.0|68\/100|[from] Grassy Terrain\n|upkeep\n|turn|3\n|\n|t:|1700874698\n|move|p2a: dad bod|Heat Wave|p1b: Rillaboom|[spread] p1a,p1b\n|-supereffective|p1b: Rillaboom\n|-damage|p1a: Lapras|71\/100\n|-damage|p1b: Rillaboom|0 fnt\n|-status|p1a: Lapras|brn\n|faint|p1b: Rillaboom\n|move|p2b: FreezeBolt2.0|Focus Blast|p1a: Lapras\n|-supereffective|p1a: Lapras\n|-damage|p1a: Lapras|2\/100 brn\n|move|p1a: Lapras|Rain Dance|p1a: Lapras\n|-weather|RainDance\n|\n|-weather|RainDance|[upkeep]\n|-heal|p2b: FreezeBolt2.0|74\/100|[from] Grassy Terrain\n|-heal|p1a: Lapras|8\/100 brn|[from] Grassy Terrain\n|-activate|p1a: Lapras|ability: Hydration\n|-curestatus|p1a: Lapras|brn|[msg]\n|upkeep\n|\n|t:|1700874711\n|switch|p1b: Hitmonchan|Hitmonchan, M|100\/100\n|turn|4\n|c|\u2606IAmTheOneWhoCooks|how is everyone livin\n|\n|t:|1700874728\n|switch|p2b: *boom vine effect*|Landorus-Therian, M|100\/100\n|-ability|p2b: *boom vine effect*|Intimidate|boost\n|-unboost|p1a: Lapras|atk|1\n|-unboost|p1b: Hitmonchan|atk|1\n|switch|p1a: Incineroar|Incineroar, M|30\/100\n|-ability|p1a: Incineroar|Intimidate|boost\n|-unboost|p2a: dad bod|atk|1\n|-unboost|p2b: *boom vine effect*|atk|1\n|move|p2a: dad bod|Protect|p2a: dad bod\n|-singleturn|p2a: dad bod|Protect\n|move|p1b: Hitmonchan|Thunder Punch|p2a: dad bod\n|-activate|p2a: dad bod|move: Protect\n|\n|-weather|RainDance|[upkeep]\n|-heal|p1a: Incineroar|36\/100|[from] Grassy Terrain\n|upkeep\n|turn|5\n|\n|t:|1700874743\n|switch|p2a: FreezeBolt2.0|Kyurem-Black|74\/100\n|-ability|p2a: FreezeBolt2.0|Teravolt\n|move|p1a: Incineroar|Fake Out|p2a: FreezeBolt2.0\n|-damage|p2a: FreezeBolt2.0|65\/100\n|move|p2b: *boom vine effect*|Stomping Tantrum|p1a: Incineroar\n|-supereffective|p1a: Incineroar\n|-damage|p1a: Incineroar|0 fnt\n|faint|p1a: Incineroar\n|move|p1b: Hitmonchan|Thunder Punch|p2a: FreezeBolt2.0\n|-resisted|p2a: FreezeBolt2.0\n|-damage|p2a: FreezeBolt2.0|55\/100\n|-damage|p1b: Hitmonchan|91\/100|[from] item: Life Orb\n|\n|-weather|RainDance|[upkeep]\n|-heal|p1b: Hitmonchan|97\/100|[from] Grassy Terrain\n|-heal|p2a: FreezeBolt2.0|61\/100|[from] Grassy Terrain\n|-fieldend|move: Grassy Terrain\n|upkeep\n|\n|t:|1700874757\n|switch|p1a: Gholdengo|Gholdengo|100\/100\n|turn|6\n|\n|t:|1700874765\n|-terastallize|p2a: FreezeBolt2.0|Fire\n|move|p2b: *boom vine effect*|Stomping Tantrum|p1b: Hitmonchan\n|-damage|p1b: Hitmonchan|58\/100\n|move|p1b: Hitmonchan|Ice Punch|p2b: *boom vine effect*\n|-supereffective|p2b: *boom vine effect*\n|-damage|p2b: *boom vine effect*|15\/100\n|-enditem|p2b: *boom vine effect*|Sitrus Berry|[eat]\n|-heal|p2b: *boom vine effect*|40\/100|[from] item: Sitrus Berry\n|-damage|p1b: Hitmonchan|48\/100|[from] item: Life Orb\n|move|p1a: Gholdengo|Make It Rain|p2b: *boom vine effect*|[spread] p2a,p2b\n|-resisted|p2a: FreezeBolt2.0\n|-damage|p2a: FreezeBolt2.0|42\/100\n|-damage|p2b: *boom vine effect*|0 fnt\n|-unboost|p1a: Gholdengo|spa|1\n|faint|p2b: *boom vine effect*\n|move|p2a: FreezeBolt2.0|Freeze-Dry|p1b: Hitmonchan\n|-damage|p1b: Hitmonchan|0 fnt\n|faint|p1b: Hitmonchan\n|\n|-weather|RainDance|[upkeep]\n|upkeep\n|\n|t:|1700874784\n|switch|p2b: Bri'ish???|Sinistcha|100\/100\n|switch|p1b: Sinistcha|Sinistcha-Masterpiece|100\/100\n|-heal|p2a: FreezeBolt2.0|67\/100|[from] ability: Hospitality|[of] p2b: Bri'ish???\n|turn|7\n|\n|t:|1700874800\n|switch|p1a: Lapras|Lapras, F|8\/100\n|move|p2a: FreezeBolt2.0|Freeze-Dry|p1b: Sinistcha\n|-supereffective|p1b: Sinistcha\n|-damage|p1b: Sinistcha|7\/100\n|move|p1b: Sinistcha|Scald|p2a: FreezeBolt2.0\n|-supereffective|p2a: FreezeBolt2.0\n|-damage|p2a: FreezeBolt2.0|10\/100\n|move|p2b: Bri'ish???|Life Dew||[still]|[spread] p2a,p2b\n|-heal|p2a: FreezeBolt2.0|36\/100\n|-fail|p2b: Bri'ish???|heal\n|\n|-weather|none\n|upkeep\n|turn|8\n|\n|t:|1700874818\n|move|p2a: FreezeBolt2.0|Freeze-Dry|p1b: Sinistcha\n|-supereffective|p1b: Sinistcha\n|-damage|p1b: Sinistcha|0 fnt\n|faint|p1b: Sinistcha\n|move|p1a: Lapras|Sparkling Aria|p2b: Bri'ish???|[spread] p2a,p2b\n|-supereffective|p2a: FreezeBolt2.0\n|-resisted|p2b: Bri'ish???\n|-damage|p2a: FreezeBolt2.0|0 fnt\n|-damage|p2b: Bri'ish???|90\/100\n|faint|p2a: FreezeBolt2.0\n|move|p2b: Bri'ish???|Matcha Gotcha|p1a: Lapras\n|-supereffective|p1a: Lapras\n|-damage|p1a: Lapras|0 fnt\n|-heal|p2b: Bri'ish???|95\/100|[from] drain|[of] p1a: Lapras\n|faint|p1a: Lapras\n|\n|upkeep\n|l|\u2606IAmTheOneWhoCooks\n|player|p2|\n|j|\u2606IAmTheOneWhoCooks\n|player|p2|IAmTheOneWhoCooks|170\n|\n|t:|1700874854\n|switch|p2a: dad bod|Charizard-Mega-Y, M|100\/100\n|switch|p1b: Gholdengo|Gholdengo|100\/100\n|-weather|SunnyDay|[from] ability: Drought|[of] p2a: dad bod\n|turn|9\n|\n|t:|1700874864\n|move|p2a: dad bod|Heat Wave|p1b: Gholdengo\n|-supereffective|p1b: Gholdengo\n|-damage|p1b: Gholdengo|0 fnt\n|faint|p1b: Gholdengo\n|\n|win|IAmTheOneWhoCooks\n|raw|mint29's rating: 1155 &rarr; <strong>1141<\/strong><br \/>(-14 for losing)\n|raw|IAmTheOneWhoCooks's rating: 1317 &rarr; <strong>1328<\/strong><br \/>(+11 for winning)\n|l|\u2606mint29\n","uploadtime":1700874871,"views":22,"p1id":"mint29","p2id":"iamtheonewhocooks","formatid":"gen9nationaldexdoubles","rating":1141,"private":0,"password":""}