{"id":"gen9nationaldexdoubles-1948366198","p1":"JZDoesStuff","p2":"Vyxie_Foxy","format":"[Gen 9] National Dex Doubles","log":"|j|\u2606JZDoesStuff\n|j|\u2606Vyxie_Foxy\n|t:|1695252801\n|gametype|doubles\n|player|p1|JZDoesStuff|hilbert|\n|player|p2|Vyxie_Foxy|fantina|\n|teamsize|p1|4\n|teamsize|p2|4\n|gen|9\n|tier|[Gen 9] National Dex Doubles\n|rule|HP Percentage Mod: HP is shown in percentages\n|rule|Endless Battle Clause: Forcing endless battles is banned\n|rule|OHKO Clause: OHKO moves are banned\n|rule|Evasion Moves Clause: Evasion moves are banned\n|rule|Evasion Abilities Clause: Evasion abilities are banned\n|rule|Species Clause: Limit one of each Pok\u00e9mon\n|rule|Gravity Sleep Clause: The combination of sleep-inducing moves with imperfect accuracy and Gravity or Gigantamax Orbeetle are banned\n|clearpoke\n|poke|p1|Scizor, F|\n|poke|p1|Drifblim, F|\n|poke|p1|Gholdengo|\n|poke|p1|Empoleon, M|\n|poke|p2|Oricorio-Sensu, F|\n|poke|p2|Quaquaval, F|\n|poke|p2|Kleavor, F|\n|poke|p2|Spiritomb, F|\n|teampreview\n|c|\u2606Vyxie_Foxy|Bwahhhhhh\n|\n|t:|1695252838\n|start\n|switch|p1a: Scizor|Scizor, F|100\/100\n|switch|p1b: Drifblim|Drifblim, F|100\/100\n|switch|p2a: VyxieBirb|Oricorio-Sensu, F|100\/100\n|switch|p2b: TallBirb|Quaquaval, F|100\/100\n|turn|1\n|\n|t:|1695252867\n|-terastallize|p2a: VyxieBirb|Ghost\n|move|p2a: VyxieBirb|Revelation Dance|p1a: Scizor\n|-damage|p1a: Scizor|22\/100\n|-damage|p2a: VyxieBirb|91\/100|[from] item: Life Orb\n|move|p2b: TallBirb|Aqua Step|p1b: Drifblim\n|-damage|p1b: Drifblim|68\/100\n|-boost|p2b: TallBirb|spe|1\n|-activate|p2a: VyxieBirb|ability: Dancer\n|move|p2a: VyxieBirb|Aqua Step|p1b: Drifblim|[from]ability: Dancer\n|-damage|p1b: Drifblim|56\/100\n|-boost|p2a: VyxieBirb|spe|1\n|-damage|p2a: VyxieBirb|81\/100|[from] item: Life Orb\n|move|p1a: Scizor|Knock Off|p2a: VyxieBirb\n|-supereffective|p2a: VyxieBirb\n|-damage|p2a: VyxieBirb|0 fnt\n|-enditem|p2a: VyxieBirb|Life Orb|[from] move: Knock Off|[of] p1a: Scizor\n|faint|p2a: VyxieBirb\n|-damage|p1a: Scizor|12\/100|[from] item: Life Orb\n|move|p1b: Drifblim|Will-O-Wisp|p2b: TallBirb\n|-status|p2b: TallBirb|brn\n|\n|-damage|p2b: TallBirb|94\/100 brn|[from] brn\n|upkeep\n|\n|t:|1695252892\n|switch|p2a: MooSoosh|Kleavor, F|100\/100\n|turn|2\n|\n|t:|1695252912\n|move|p1a: Scizor|Bullet Punch|p2a: MooSoosh\n|-supereffective|p2a: MooSoosh\n|-damage|p2a: MooSoosh|0 fnt\n|faint|p2a: MooSoosh\n|-damage|p1a: Scizor|2\/100|[from] item: Life Orb\n|move|p2b: TallBirb|Swords Dance|p2b: TallBirb\n|-boost|p2b: TallBirb|atk|2\n|move|p1b: Drifblim|Hex|p2b: TallBirb\n|-damage|p2b: TallBirb|40\/100 brn\n|\n|-heal|p2b: TallBirb|46\/100 brn|[from] item: Leftovers\n|-damage|p2b: TallBirb|40\/100 brn|[from] brn\n|upkeep\n|\n|t:|1695252926\n|switch|p2a: CovidSphere|Spiritomb, F|100\/100\n|-ability|p2a: CovidSphere|Pressure\n|turn|3\n|\n|t:|1695252938\n|move|p2b: TallBirb|Protect|p2b: TallBirb\n|-singleturn|p2b: TallBirb|Protect\n|move|p1a: Scizor|Knock Off|p2a: CovidSphere\n|-damage|p2a: CovidSphere|46\/100\n|-enditem|p2a: CovidSphere|Leftovers|[from] move: Knock Off|[of] p1a: Scizor\n|-damage|p1a: Scizor|0 fnt|[from] item: Life Orb\n|faint|p1a: Scizor\n|move|p1b: Drifblim|Hex|p2b: TallBirb\n|-activate|p2b: TallBirb|move: Protect\n|move|p2a: CovidSphere|Dark Pulse|p1b: Drifblim\n|-supereffective|p1b: Drifblim\n|-damage|p1b: Drifblim|0 fnt\n|faint|p1b: Drifblim\n|\n|-heal|p2b: TallBirb|46\/100 brn|[from] item: Leftovers\n|-damage|p2b: TallBirb|40\/100 brn|[from] brn\n|upkeep\n|\n|t:|1695252954\n|switch|p1a: Empoleon|Empoleon, M|100\/100\n|switch|p1b: Gholdengo|Gholdengo|100\/100\n|turn|4\n|\n|t:|1695252974\n|move|p2b: TallBirb|Close Combat|p1b: Gholdengo\n|-immune|p1b: Gholdengo\n|move|p1b: Gholdengo|Nasty Plot|p1b: Gholdengo\n|-boost|p1b: Gholdengo|spa|2\n|move|p1a: Empoleon|Surf|p2b: TallBirb|[spread] p1b,p2a,p2b\n|-resisted|p2b: TallBirb\n|-damage|p1b: Gholdengo|61\/100\n|-damage|p2a: CovidSphere|8\/100\n|-damage|p2b: TallBirb|15\/100 brn\n|move|p2a: CovidSphere|Calm Mind|p2a: CovidSphere\n|-boost|p2a: CovidSphere|spa|1\n|-boost|p2a: CovidSphere|spd|1\n|\n|-heal|p2b: TallBirb|21\/100 brn|[from] item: Leftovers\n|-damage|p2b: TallBirb|15\/100 brn|[from] brn\n|upkeep\n|turn|5\n|\n|t:|1695252994\n|move|p2b: TallBirb|Swords Dance|p2b: TallBirb\n|-boost|p2b: TallBirb|atk|2\n|move|p1b: Gholdengo|Shadow Ball|p2a: CovidSphere\n|-damage|p2a: CovidSphere|0 fnt\n|faint|p2a: CovidSphere\n|move|p1a: Empoleon|Surf|p2b: TallBirb|[spread] p1b,p2b\n|-resisted|p2b: TallBirb\n|-damage|p1b: Gholdengo|20\/100\n|-damage|p2b: TallBirb|0 fnt\n|faint|p2b: TallBirb\n|\n|win|JZDoesStuff\n","uploadtime":1695253019,"views":6,"p1id":"jzdoesstuff","p2id":"vyxiefoxy","formatid":"gen9nationaldexdoubles","rating":0,"private":0,"password":""}