{"id":"gen9nationaldexdoubles-1964114265","p1":"Nickalip","p2":"Cristobalvaras","format":"[Gen 9] National Dex Doubles","log":"|j|\u2606Nickalip\n|j|\u2606Cristobalvaras\n|t:|1696942619\n|gametype|doubles\n|player|p1|Nickalip|steven|\n|player|p2|Cristobalvaras|hiker-gen4|\n|teamsize|p1|6\n|teamsize|p2|6\n|gen|9\n|tier|[Gen 9] National Dex Doubles\n|rule|HP Percentage Mod: HP is shown in percentages\n|rule|Endless Battle Clause: Forcing endless battles is banned\n|rule|OHKO Clause: OHKO moves are banned\n|rule|Evasion Moves Clause: Evasion moves are banned\n|rule|Evasion Abilities Clause: Evasion abilities are banned\n|rule|Species Clause: Limit one of each Pok\u00e9mon\n|rule|Gravity Sleep Clause: The combination of sleep-inducing moves with imperfect accuracy and Gravity or Gigantamax Orbeetle are banned\n|clearpoke\n|poke|p1|Iron Valiant|\n|poke|p1|Scizor, M|\n|poke|p1|Serperior, F|\n|poke|p1|Ceruledge, M|\n|poke|p1|Swampert, M|\n|poke|p1|Gardevoir, F|\n|poke|p2|Tauros, M|\n|poke|p2|Meowscarada, M|\n|poke|p2|Flamigo, M|\n|poke|p2|Shuckle, F|\n|poke|p2|Dondozo, F|\n|poke|p2|Sableye, M|\n|teampreview\n|inactive|Battle timer is ON: inactive players will automatically lose when time's up. (requested by Cristobalvaras)\n|\n|t:|1696942639\n|start\n|switch|p1a: Meka-Nick|Iron Valiant, shiny|100\/100\n|switch|p1b: Choro-Y|Scizor, M, shiny|100\/100\n|switch|p2a: Tauros|Tauros, M|100\/100\n|switch|p2b: Meowscarada|Meowscarada, M|100\/100\n|-enditem|p1a: Meka-Nick|Booster Energy\n|-activate|p1a: Meka-Nick|ability: Quark Drive|[fromitem]\n|-start|p1a: Meka-Nick|quarkdrivespe\n|turn|1\n|\n|t:|1696942662\n|move|p1a: Meka-Nick|Drain Punch|p2a: Tauros\n|-supereffective|p2a: Tauros\n|-damage|p2a: Tauros|24\/100\n|-enditem|p2a: Tauros|Sitrus Berry|[eat]\n|-heal|p2a: Tauros|49\/100|[from] item: Sitrus Berry\n|move|p2a: Tauros|Body Slam|p1b: Choro-Y\n|-resisted|p1b: Choro-Y\n|-damage|p1b: Choro-Y|87\/100\n|move|p2b: Meowscarada|Substitute|p2b: Meowscarada\n|-start|p2b: Meowscarada|typechange|Normal|[from] ability: Protean\n|-start|p2b: Meowscarada|Substitute\n|-damage|p2b: Meowscarada|76\/100\n|move|p1b: Choro-Y|U-turn|p2b: Meowscarada\n|-end|p2b: Meowscarada|Substitute\n|inactive|Nickalip has 270 seconds left.\n|\n|t:|1696942683\n|switch|p1b: Snake|Serperior, F, shiny|100\/100|[from] U-turn\n|\n|upkeep\n|turn|2\n|\n|t:|1696942697\n|move|p2b: Meowscarada|Sucker Punch|p1b: Snake\n|-crit|p1b: Snake\n|-damage|p1b: Snake|59\/100\n|move|p1a: Meka-Nick|Drain Punch|p2b: Meowscarada\n|-supereffective|p2b: Meowscarada\n|-damage|p2b: Meowscarada|0 fnt\n|faint|p2b: Meowscarada\n|move|p1b: Snake|Leaf Storm|p2a: Tauros|[miss]\n|-miss|p1b: Snake|p2a: Tauros\n|move|p2a: Tauros|Body Slam|p1b: Snake\n|-damage|p1b: Snake|26\/100\n|\n|-heal|p1b: Snake|32\/100|[from] item: Leftovers\n|upkeep\n|\n|t:|1696942713\n|switch|p2b: Flamigo|Flamigo, M|100\/100\n|-copyboost|p2b: Flamigo|p2a: Tauros|[from] ability: Costar\n|turn|3\n|\n|t:|1696942725\n|move|p1a: Meka-Nick|Thunderbolt|p2b: Flamigo\n|-supereffective|p2b: Flamigo\n|-damage|p2b: Flamigo|26\/100\n|move|p2b: Flamigo|Dual Wingbeat|p1b: Snake\n|-supereffective|p1b: Snake\n|-crit|p1b: Snake\n|-damage|p1b: Snake|0 fnt\n|faint|p1b: Snake\n|-hitcount|p1: Snake|1\n|move|p2a: Tauros|Earthquake|p1a: Meka-Nick|[spread] p1a\n|-immune|p2b: Flamigo\n|-damage|p1a: Meka-Nick|78\/100\n|\n|upkeep\n|\n|t:|1696942739\n|switch|p1b: Choro-Y|Scizor, M, shiny|87\/100\n|turn|4\n|\n|t:|1696942750\n|move|p1b: Choro-Y|Bullet Punch|p2b: Flamigo\n|-damage|p2b: Flamigo|0 fnt\n|faint|p2b: Flamigo\n|move|p1a: Meka-Nick|Drain Punch|p2a: Tauros\n|-supereffective|p2a: Tauros\n|-damage|p2a: Tauros|0 fnt\n|-heal|p1a: Meka-Nick|100\/100|[from] drain|[of] p2a: Tauros\n|faint|p2a: Tauros\n|\n|upkeep\n|\n|t:|1696942766\n|switch|p2a: Shuckle|Shuckle, F|100\/100\n|switch|p2b: Sableye|Sableye, M|100\/100\n|turn|5\n|\n|t:|1696942785\n|move|p2b: Sableye|Will-O-Wisp|p1a: Meka-Nick\n|-status|p1a: Meka-Nick|brn\n|move|p1a: Meka-Nick|Psycho Cut|p2a: Shuckle\n|-damage|p2a: Shuckle|91\/100\n|move|p1b: Choro-Y|Swords Dance|p1b: Choro-Y\n|-boost|p1b: Choro-Y|atk|2\n|move|p2a: Shuckle|Sticky Web|p1a: Meka-Nick\n|-sidestart|p1: Nickalip|move: Sticky Web\n|\n|-damage|p1a: Meka-Nick|94\/100 brn|[from] brn\n|upkeep\n|turn|6\n|\n|t:|1696942813\n|move|p2b: Sableye|Will-O-Wisp|p1b: Choro-Y\n|-status|p1b: Choro-Y|brn\n|move|p1a: Meka-Nick|Thunderbolt|p2b: Sableye\n|-damage|p2b: Sableye|67\/100\n|move|p1b: Choro-Y|Swords Dance|p1b: Choro-Y\n|-boost|p1b: Choro-Y|atk|2\n|move|p2a: Shuckle|Stealth Rock|p1b: Choro-Y\n|-sidestart|p1: Nickalip|move: Stealth Rock\n|\n|-damage|p1a: Meka-Nick|88\/100 brn|[from] brn\n|-damage|p1b: Choro-Y|81\/100 brn|[from] brn\n|upkeep\n|turn|7\n|\n|t:|1696942841\n|move|p1b: Choro-Y|Bullet Punch|p2a: Shuckle\n|-supereffective|p2a: Shuckle\n|-damage|p2a: Shuckle|30\/100\n|-damage|p1b: Choro-Y|65\/100 brn|[from] item: Rocky Helmet|[of] p2a: Shuckle\n|move|p1a: Meka-Nick|Ice Punch|p2b: Sableye\n|-crit|p2b: Sableye\n|-damage|p2b: Sableye|37\/100\n|move|p2b: Sableye|Foul Play|p1b: Choro-Y\n|-damage|p1b: Choro-Y|0 fnt\n|faint|p1b: Choro-Y\n|move|p2a: Shuckle|Toxic||[still]\n|-fail|p2a: Shuckle\n|\n|-damage|p1a: Meka-Nick|82\/100 brn|[from] brn\n|upkeep\n|inactive|Nickalip has 270 seconds left.\n|\n|t:|1696942858\n|switch|p1b: \ud83e\udd7a|Swampert, M|100\/100\n|-activate|p1b: \ud83e\udd7a|move: Sticky Web\n|-unboost|p1b: \ud83e\udd7a|spe|1\n|-damage|p1b: \ud83e\udd7a|94\/100|[from] Stealth Rock\n|turn|8\n|\n|t:|1696942879\n|move|p2a: Shuckle|Protect|p2a: Shuckle\n|-singleturn|p2a: Shuckle|Protect\n|move|p2b: Sableye|Will-O-Wisp|p1b: \ud83e\udd7a\n|-status|p1b: \ud83e\udd7a|brn\n|move|p1a: Meka-Nick|Thunderbolt|p2b: Sableye\n|-damage|p2b: Sableye|4\/100\n|move|p1b: \ud83e\udd7a|Surf|p2b: Sableye|[spread] p1a,p2b\n|-activate|p2a: Shuckle|move: Protect\n|-damage|p1a: Meka-Nick|39\/100 brn\n|-damage|p2b: Sableye|0 fnt\n|faint|p2b: Sableye\n|\n|-damage|p1a: Meka-Nick|33\/100 brn|[from] brn\n|-damage|p1b: \ud83e\udd7a|88\/100 brn|[from] brn\n|upkeep\n|inactive|Cristobalvaras has 270 seconds left.\n|\n|t:|1696942897\n|switch|p2b: Pablo|Dondozo, F, shiny|100\/100\n|turn|9\n|\n|t:|1696942909\n|move|p2a: Shuckle|Protect|p2a: Shuckle\n|-singleturn|p2a: Shuckle|Protect\n|move|p1a: Meka-Nick|Thunderbolt|p2b: Pablo\n|-supereffective|p2b: Pablo\n|-damage|p2b: Pablo|57\/100\n|-status|p2b: Pablo|par\n|move|p1b: \ud83e\udd7a|Surf|p2b: Pablo|[spread] p1a,p2b\n|-activate|p2a: Shuckle|move: Protect\n|-resisted|p2b: Pablo\n|-damage|p1a: Meka-Nick|0 fnt\n|-damage|p2b: Pablo|46\/100 par\n|faint|p1a: Meka-Nick\n|-end|p1a: Meka-Nick|Quark Drive|[silent]\n|move|p2b: Pablo|Curse|p2b: Pablo\n|-unboost|p2b: Pablo|spe|1\n|-boost|p2b: Pablo|atk|1\n|-boost|p2b: Pablo|def|1\n|\n|-heal|p2b: Pablo|52\/100 par|[from] item: Leftovers\n|-damage|p1b: \ud83e\udd7a|82\/100 brn|[from] brn\n|upkeep\n|\n|t:|1696942931\n|switch|p1a: Himiko|Gardevoir, F|100\/100\n|-activate|p1a: Himiko|move: Sticky Web\n|-unboost|p1a: Himiko|spe|1\n|-damage|p1a: Himiko|88\/100|[from] Stealth Rock\n|-ability|p1a: Himiko|Contrary|[from] ability: Trace|[of] p2a: Shuckle\n|turn|10\n|\n|t:|1696942949\n|detailschange|p1a: Himiko|Gardevoir-Mega, F\n|-mega|p1a: Himiko|Gardevoir|Gardevoirite\n|move|p1a: Himiko|Thunderbolt|p2b: Pablo\n|-supereffective|p2b: Pablo\n|-damage|p2b: Pablo|0 fnt\n|faint|p2b: Pablo\n|move|p1b: \ud83e\udd7a|Surf|p2a: Shuckle|[spread] p1a,p2a\n|-supereffective|p2a: Shuckle\n|-damage|p1a: Himiko|69\/100\n|-damage|p2a: Shuckle|0 fnt\n|faint|p2a: Shuckle\n|\n|win|Nickalip\n","uploadtime":1696942962,"views":7,"p1id":"nickalip","p2id":"cristobalvaras","formatid":"gen9nationaldexdoubles","rating":0,"private":0,"password":""}