{"id":"gen9nationaldexdoubles-1964989057","p1":"zeref203","p2":"TurtlesArePoggers","format":"[Gen 9] National Dex Doubles","log":"|j|\u2606zeref203\n|j|\u2606TurtlesArePoggers\n|t:|1697033621\n|gametype|doubles\n|player|p1|zeref203|2|1185\n|player|p2|TurtlesArePoggers|101|1115\n|teamsize|p1|6\n|teamsize|p2|6\n|gen|9\n|tier|[Gen 9] National Dex Doubles\n|rated|\n|rule|HP Percentage Mod: HP is shown in percentages\n|rule|Endless Battle Clause: Forcing endless battles is banned\n|rule|OHKO Clause: OHKO moves are banned\n|rule|Evasion Moves Clause: Evasion moves are banned\n|rule|Evasion Abilities Clause: Evasion abilities are banned\n|rule|Species Clause: Limit one of each Pok\u00e9mon\n|rule|Gravity Sleep Clause: The combination of sleep-inducing moves with imperfect accuracy and Gravity or Gigantamax Orbeetle are banned\n|clearpoke\n|poke|p1|Great Tusk|\n|poke|p1|Ninetales, M|\n|poke|p1|Sableye, M|\n|poke|p1|Feraligatr, M|\n|poke|p1|Salamence, F|\n|poke|p1|Flutter Mane|\n|poke|p2|Sneasler, F|\n|poke|p2|Landorus-Therian, M|\n|poke|p2|Farigiraf, M|\n|poke|p2|Regieleki|\n|poke|p2|Barraskewda, M|\n|poke|p2|Ceruledge, F|\n|teampreview\n|inactive|Battle timer is ON: inactive players will automatically lose when time's up. (requested by zeref203)\n|inactive|TurtlesArePoggers also wants the timer to be on.\n|c|\u2606TurtlesArePoggers|crap\n|\n|t:|1697033632\n|start\n|switch|p1a: Ninetales|Ninetales, M|100\/100\n|switch|p1b: Flutter Mane|Flutter Mane|100\/100\n|switch|p2a: Anime protag|Sneasler, F, shiny|100\/100\n|switch|p2b: he he he funny|Landorus-Therian, M, shiny|100\/100\n|-weather|SunnyDay|[from] ability: Drought|[of] p1a: Ninetales\n|-activate|p1b: Flutter Mane|ability: Protosynthesis\n|-start|p1b: Flutter Mane|protosynthesisspe\n|-ability|p2b: he he he funny|Intimidate|boost\n|-unboost|p1a: Ninetales|atk|1\n|-unboost|p1b: Flutter Mane|atk|1\n|turn|1\n|c|\u2606TurtlesArePoggers|unfortunate\n|\n|t:|1697033648\n|-terastallize|p2b: he he he funny|Normal\n|move|p2a: Anime protag|Endure|p2a: Anime protag\n|-singleturn|p2a: Anime protag|move: Endure\n|move|p1a: Ninetales|Protect|p1a: Ninetales\n|-singleturn|p1a: Ninetales|Protect\n|move|p1b: Flutter Mane|Dazzling Gleam|p2b: he he he funny|[spread] p2a,p2b\n|-damage|p2a: Anime protag|37\/100\n|-damage|p2b: he he he funny|43\/100\n|move|p2b: he he he funny|Explosion|p1b: Flutter Mane|[spread] p2a\n|-activate|p1a: Ninetales|move: Protect\n|-immune|p1b: Flutter Mane\n|-activate|p2a: Anime protag|move: Endure\n|-damage|p2a: Anime protag|1\/100\n|-enditem|p2a: Anime protag|Salac Berry|[eat]\n|-boost|p2a: Anime protag|spe|1|[from] item: Salac Berry\n|faint|p2b: he he he funny\n|\n|-weather|SunnyDay|[upkeep]\n|upkeep\n|\n|t:|1697033665\n|switch|p2b: Giraf|Farigiraf, M|100\/100\n|turn|2\n|\n|t:|1697033675\n|move|p2a: Anime protag|Reversal|p1a: Ninetales\n|-damage|p1a: Ninetales|0 fnt\n|faint|p1a: Ninetales\n|move|p1b: Flutter Mane|Dazzling Gleam|p2a: Anime protag|[spread] p2a,p2b\n|-damage|p2a: Anime protag|0 fnt\n|-damage|p2b: Giraf|50\/100\n|faint|p2a: Anime protag\n|move|p2b: Giraf|Shadow Ball|p1b: Flutter Mane\n|-supereffective|p1b: Flutter Mane\n|-damage|p1b: Flutter Mane|46\/100\n|\n|-weather|SunnyDay|[upkeep]\n|upkeep\n|c|\u2606TurtlesArePoggers|very unfortunate\n|\n|t:|1697033689\n|switch|p2a: thing|Regieleki|100\/100\n|switch|p1a: Salamence|Salamence, F|100\/100\n|turn|3\n|\n|t:|1697033707\n|move|p1b: Flutter Mane|Dazzling Gleam|p2b: Giraf|[spread] p2a,p2b\n|-damage|p2a: thing|0 fnt\n|-damage|p2b: Giraf|0 fnt\n|faint|p2a: thing\n|faint|p2b: Giraf\n|move|p1a: Salamence|Earthquake|p1b: Flutter Mane\n|-damage|p1b: Flutter Mane|0 fnt\n|faint|p1b: Flutter Mane\n|-end|p1b: Flutter Mane|Protosynthesis|[silent]\n|-ability|p1a: Salamence|Moxie|boost\n|-boost|p1a: Salamence|atk|1\n|\n|-weather|SunnyDay|[upkeep]\n|upkeep\n|\n|t:|1697033720\n|switch|p2a: fish|Barraskewda, M, shiny|100\/100\n|switch|p1b: Sableye|Sableye, M|100\/100\n|switch|p2b: human|Ceruledge, F|100\/100\n|turn|4\n|inactive|TurtlesArePoggers has 120 seconds left.\n|\n|t:|1697033756\n|move|p2b: human|Shadow Sneak|p1a: Salamence\n|-damage|p1a: Salamence|69\/100\n|-damage|p2b: human|91\/100|[from] item: Life Orb\n|move|p1b: Sableye|Will-O-Wisp|p2a: fish\n|-status|p2a: fish|brn\n|move|p2a: fish|Liquidation|p1b: Sableye\n|-damage|p1b: Sableye|77\/100\n|move|p1a: Salamence|Earthquake|p2b: human|[spread] p1b,p2a,p2b\n|-supereffective|p2b: human\n|-damage|p1b: Sableye|19\/100\n|-damage|p2a: fish|24\/100 brn\n|-damage|p2b: human|0 fnt\n|faint|p2b: human\n|-ability|p1a: Salamence|Moxie|boost\n|-boost|p1a: Salamence|atk|1\n|\n|-weather|SunnyDay|[upkeep]\n|-heal|p1b: Sableye|25\/100|[from] item: Leftovers\n|-damage|p2a: fish|18\/100 brn|[from] brn\n|upkeep\n|turn|5\n|-message|TurtlesArePoggers forfeited.\n|\n|win|zeref203\n|raw|zeref203's rating: 1185 &rarr; <strong>1205<\/strong><br \/>(+20 for winning)\n|raw|TurtlesArePoggers's rating: 1115 &rarr; <strong>1095<\/strong><br \/>(-20 for losing)\n|l|\u2606TurtlesArePoggers\n","uploadtime":1697033782,"views":10,"p1id":"zeref203","p2id":"turtlesarepoggers","formatid":"gen9nationaldexdoubles","rating":1095,"private":0,"password":""}