{"id":"gen9nationaldexdoubles-1953311057","p1":"sneakycamel","p2":"snowballskies","format":"[Gen 9] National Dex Doubles","log":"|j|\u2606sneakycamel\n|j|\u2606snowballskies\n|t:|1695773167\n|gametype|doubles\n|player|p1|sneakycamel|harlequin|1206\n|player|p2|snowballskies|beauty-gen4dp|1040\n|teamsize|p1|6\n|teamsize|p2|6\n|gen|9\n|tier|[Gen 9] National Dex Doubles\n|rated|\n|rule|HP Percentage Mod: HP is shown in percentages\n|rule|Endless Battle Clause: Forcing endless battles is banned\n|rule|OHKO Clause: OHKO moves are banned\n|rule|Evasion Moves Clause: Evasion moves are banned\n|rule|Evasion Abilities Clause: Evasion abilities are banned\n|rule|Species Clause: Limit one of each Pok\u00e9mon\n|rule|Gravity Sleep Clause: The combination of sleep-inducing moves with imperfect accuracy and Gravity or Gigantamax Orbeetle are banned\n|clearpoke\n|poke|p1|Masquerain, M|\n|poke|p1|Spectrier|\n|poke|p1|Guzzlord|\n|poke|p1|Iron Hands|\n|poke|p1|Dusclops, F|\n|poke|p1|Chien-Pao|\n|poke|p2|Deoxys-Defense|\n|poke|p2|Stakataka|\n|poke|p2|Tornadus-Therian, M|\n|poke|p2|Haunter, M|\n|poke|p2|Ninetales-Alola, F|\n|poke|p2|Pawmot, M|\n|teampreview\n|\n|t:|1695773205\n|start\n|switch|p1a: Masquerain|Masquerain, M|100\/100\n|switch|p1b: Iron Hands|Iron Hands|100\/100\n|switch|p2a: Tornadus|Tornadus-Therian, M|100\/100\n|switch|p2b: Vulpes lagopus|Ninetales-Alola, F|100\/100\n|-weather|Snow|[from] ability: Snow Warning|[of] p2b: Vulpes lagopus\n|-ability|p1a: Masquerain|Intimidate|boost\n|-unboost|p2a: Tornadus|atk|1\n|-unboost|p2b: Vulpes lagopus|atk|1\n|turn|1\n|inactive|Battle timer is ON: inactive players will automatically lose when time's up. (requested by sneakycamel)\n|\n|t:|1695773247\n|move|p1b: Iron Hands|Fake Out|p2b: Vulpes lagopus\n|-damage|p2b: Vulpes lagopus|87\/100\n|cant|p2b: Vulpes lagopus|flinch\n|move|p1a: Masquerain|Sticky Web|p2a: Tornadus\n|-sidestart|p2: snowballskies|move: Sticky Web\n|move|p2a: Tornadus|Taunt|p1a: Masquerain\n|-start|p1a: Masquerain|move: Taunt\n|\n|-weather|Snow|[upkeep]\n|upkeep\n|turn|2\n|\n|t:|1695773273\n|move|p2b: Vulpes lagopus|Aurora Veil|p2b: Vulpes lagopus\n|-sidestart|p2: snowballskies|move: Aurora Veil\n|move|p1a: Masquerain|Hydro Pump|p2b: Vulpes lagopus|[miss]\n|-miss|p1a: Masquerain|p2b: Vulpes lagopus\n|move|p2a: Tornadus|U-turn|p1b: Iron Hands\n|-resisted|p1b: Iron Hands\n|-damage|p1b: Iron Hands|97\/100\n|inactive|snowballskies has 120 seconds left.\n|\n|t:|1695773292\n|switch|p2a: Astrochelys|Stakataka|100\/100|[from] U-turn\n|-activate|p2a: Astrochelys|move: Sticky Web\n|-unboost|p2a: Astrochelys|spe|1\n|move|p1b: Iron Hands|Thunder Punch|p2a: Astrochelys\n|-damage|p2a: Astrochelys|85\/100\n|\n|-weather|Snow|[upkeep]\n|-heal|p2a: Astrochelys|91\/100|[from] item: Leftovers\n|upkeep\n|turn|3\n|inactive|snowballskies has 120 seconds left.\n|\n|t:|1695773326\n|move|p1a: Masquerain|Hydro Pump|p2a: Astrochelys|[miss]\n|-miss|p1a: Masquerain|p2a: Astrochelys\n|move|p1b: Iron Hands|Volt Switch|p2b: Vulpes lagopus\n|-damage|p2b: Vulpes lagopus|78\/100\n|\n|t:|1695773333\n|-end|p1b: Iron Hands|Quark Drive|[silent]\n|switch|p1b: Dusclops|Dusclops, F|100\/100|[from] Volt Switch\n|-ability|p1b: Dusclops|Pressure\n|move|p2a: Astrochelys|Iron Defense|p2a: Astrochelys\n|-boost|p2a: Astrochelys|def|2\n|move|p2b: Vulpes lagopus|Roar|p1b: Dusclops\n|drag|p1b: Spectrier|Spectrier|100\/100\n|\n|-weather|Snow|[upkeep]\n|-heal|p2a: Astrochelys|97\/100|[from] item: Leftovers\n|upkeep\n|turn|4\n|\n|t:|1695773358\n|move|p1b: Spectrier|Will-O-Wisp|p2a: Astrochelys\n|-status|p2a: Astrochelys|brn\n|move|p1a: Masquerain|Hydro Pump|p2a: Astrochelys|[miss]\n|-miss|p1a: Masquerain|p2a: Astrochelys\n|move|p2b: Vulpes lagopus|Roar|p1a: Masquerain\n|drag|p1a: Chien-Pao|Chien-Pao|100\/100\n|-ability|p1a: Chien-Pao|Sword of Ruin\n|move|p2a: Astrochelys|Trick Room|p2a: Astrochelys\n|-fieldstart|move: Trick Room|[of] p2a: Astrochelys\n|\n|-weather|Snow|[upkeep]\n|-heal|p2a: Astrochelys|100\/100 brn|[from] item: Leftovers\n|-damage|p2a: Astrochelys|94\/100 brn|[from] brn\n|upkeep\n|turn|5\n|\n|t:|1695773383\n|switch|p1a: Dusclops|Dusclops, F|100\/100\n|-ability|p1a: Dusclops|Pressure\n|move|p2a: Astrochelys|Iron Defense|p2a: Astrochelys\n|-boost|p2a: Astrochelys|def|2\n|move|p2b: Vulpes lagopus|Heal Bell|p2b: Vulpes lagopus\n|-activate|p2b: Vulpes lagopus|move: Heal Bell\n|-curestatus|p2a: Astrochelys|brn|[msg]\n|move|p1b: Spectrier|Shadow Ball|p2b: Vulpes lagopus\n|-damage|p2b: Vulpes lagopus|50\/100\n|\n|-weather|none\n|-heal|p2a: Astrochelys|100\/100|[from] item: Leftovers\n|upkeep\n|turn|6\n|inactive|snowballskies has 120 seconds left.\n|\n|t:|1695773418\n|switch|p2b: Deoxys|Deoxys-Defense|100\/100\n|-activate|p2b: Deoxys|move: Sticky Web\n|-unboost|p2b: Deoxys|spe|1\n|-ability|p2b: Deoxys|Pressure\n|move|p1a: Dusclops|Ally Switch|p1a: Dusclops\n|swap|p1a: Dusclops|1|[from] move: Ally Switch\n|move|p2a: Astrochelys|Gyro Ball|p1b: Dusclops\n|-crit|p1b: Dusclops\n|-damage|p1b: Dusclops|52\/100\n|move|p1a: Spectrier|Shadow Ball|p2b: Deoxys\n|-supereffective|p2b: Deoxys\n|-damage|p2b: Deoxys|56\/100\n|-unboost|p2b: Deoxys|spd|1\n|\n|upkeep\n|turn|7\n|inactive|snowballskies has 120 seconds left.\n|\n|t:|1695773444\n|switch|p1a: Masquerain|Masquerain, M|100\/100\n|-ability|p1a: Masquerain|Intimidate|boost\n|-unboost|p2a: Astrochelys|atk|1\n|-unboost|p2b: Deoxys|atk|1\n|move|p2a: Astrochelys|Gyro Ball|p1b: Dusclops\n|-damage|p1b: Dusclops|32\/100\n|move|p1b: Dusclops|Night Shade|p2b: Deoxys\n|-damage|p2b: Deoxys|20\/100\n|move|p2b: Deoxys|Cosmic Power|p2b: Deoxys\n|-boost|p2b: Deoxys|def|1\n|-boost|p2b: Deoxys|spd|1\n|\n|upkeep\n|turn|8\n|inactive|snowballskies has 120 seconds left.\n|\n|t:|1695773474\n|move|p2a: Astrochelys|Iron Defense|p2a: Astrochelys\n|-boost|p2a: Astrochelys|def|2\n|move|p1b: Dusclops|Night Shade|p2b: Deoxys\n|-damage|p2b: Deoxys|0 fnt\n|faint|p2b: Deoxys\n|move|p1a: Masquerain|Hydro Pump|p2a: Astrochelys\n|-supereffective|p2a: Astrochelys\n|-damage|p2a: Astrochelys|55\/100\n|\n|-heal|p2a: Astrochelys|62\/100|[from] item: Leftovers\n|-fieldend|move: Trick Room\n|upkeep\n|\n|t:|1695773481\n|switch|p2b: Pawmot|Pawmot, M|100\/100\n|-activate|p2b: Pawmot|move: Sticky Web\n|-unboost|p2b: Pawmot|spe|1\n|turn|9\n|\n|t:|1695773498\n|move|p2b: Pawmot|Revival Blessing|p2b: Pawmot\n|\n|t:|1695773503\n|-heal|p2: Deoxys|50\/100|[from] move: Revival Blessing\n|move|p1a: Masquerain|Hydro Pump|p2a: Astrochelys|[miss]\n|-miss|p1a: Masquerain|p2a: Astrochelys\n|move|p1b: Dusclops|Night Shade|p2a: Astrochelys\n|-damage|p2a: Astrochelys|25\/100\n|move|p2a: Astrochelys|Trick Room|p2a: Astrochelys\n|-fieldstart|move: Trick Room|[of] p2a: Astrochelys\n|\n|-heal|p2a: Astrochelys|32\/100|[from] item: Leftovers\n|-sideend|p2: snowballskies|move: Aurora Veil\n|upkeep\n|turn|10\n|\n|t:|1695773526\n|switch|p2b: Haunter|Haunter, M|100\/100\n|move|p2a: Astrochelys|Gyro Ball|p1b: Dusclops\n|-damage|p1b: Dusclops|13\/100\n|move|p1b: Dusclops|Pain Split|p2b: Haunter\n|-sethp|p2b: Haunter|59\/100|[from] move: Pain Split|[silent]\n|-sethp|p1b: Dusclops|42\/100|[from] move: Pain Split\n|move|p1a: Masquerain|Hydro Pump|p2a: Astrochelys\n|-supereffective|p2a: Astrochelys\n|-damage|p2a: Astrochelys|0 fnt\n|faint|p2a: Astrochelys\n|\n|upkeep\n|\n|t:|1695773538\n|switch|p2a: Tornadus|Tornadus-Therian, M|100\/100\n|turn|11\n|l|\u2606sneakycamel\n|inactive|sneakycamel disconnected and has a minute to reconnect!\n|player|p1|\n|j|\u2606sneakycamel\n|inactive|sneakycamel reconnected and has 130 seconds left.\n|player|p1|sneakycamel|harlequin\n|inactive|sneakycamel has 120 seconds left.\n|\n|t:|1695773568\n|move|p1b: Dusclops|Pain Split|p2a: Tornadus\n|-sethp|p2a: Tornadus|67\/100|[from] move: Pain Split|[silent]\n|-sethp|p1b: Dusclops|85\/100|[from] move: Pain Split\n|move|p2a: Tornadus|U-turn|p1b: Dusclops\n|-resisted|p1b: Dusclops\n|-damage|p1b: Dusclops|79\/100\n|\n|t:|1695773587\n|switch|p2a: Vulpes lagopus|Ninetales-Alola, F|50\/100|[from] U-turn\n|-activate|p2a: Vulpes lagopus|move: Sticky Web\n|-unboost|p2a: Vulpes lagopus|spe|1\n|-weather|Snow|[from] ability: Snow Warning|[of] p2a: Vulpes lagopus\n|move|p1a: Masquerain|Quiver Dance|p1a: Masquerain\n|-boost|p1a: Masquerain|spa|1\n|-boost|p1a: Masquerain|spd|1\n|-boost|p1a: Masquerain|spe|1\n|move|p2b: Haunter|Destiny Bond|p2b: Haunter\n|-singlemove|p2b: Haunter|Destiny Bond\n|\n|-weather|Snow|[upkeep]\n|upkeep\n|turn|12\n|\n|t:|1695773613\n|move|p1b: Dusclops|Night Shade|p2a: Vulpes lagopus\n|-damage|p2a: Vulpes lagopus|21\/100\n|move|p2a: Vulpes lagopus|Aurora Veil|p2a: Vulpes lagopus\n|-sidestart|p2: snowballskies|move: Aurora Veil\n|move|p1a: Masquerain|Hydro Pump|p2a: Vulpes lagopus\n|-damage|p2a: Vulpes lagopus|0 fnt\n|faint|p2a: Vulpes lagopus\n|move|p2b: Haunter|Destiny Bond||[still]\n|-fail|p2b: Haunter\n|\n|-weather|Snow|[upkeep]\n|upkeep\n|\n|t:|1695773623\n|switch|p2a: Tornadus|Tornadus-Therian, M|99\/100\n|turn|13\n|\n|t:|1695773648\n|move|p1b: Dusclops|Ally Switch|p1b: Dusclops\n|swap|p1b: Dusclops|0|[from] move: Ally Switch\n|move|p2a: Tornadus|Brick Break|p1a: Dusclops\n|-immune|p1a: Dusclops\n|move|p1b: Masquerain|Quiver Dance|p1b: Masquerain\n|-boost|p1b: Masquerain|spa|1\n|-boost|p1b: Masquerain|spd|1\n|-boost|p1b: Masquerain|spe|1\n|move|p2b: Haunter|Destiny Bond|p2b: Haunter\n|-singlemove|p2b: Haunter|Destiny Bond\n|\n|-weather|Snow|[upkeep]\n|-heal|p2a: Tornadus|100\/100|[from] item: Leftovers\n|-fieldend|move: Trick Room\n|upkeep\n|turn|14\n|\n|t:|1695773665\n|move|p1b: Masquerain|Hydro Pump|p2a: Tornadus\n|-damage|p2a: Tornadus|59\/100\n|move|p2b: Haunter|Destiny Bond||[still]\n|-fail|p2b: Haunter\n|move|p2a: Tornadus|Taunt|p1b: Masquerain\n|-start|p1b: Masquerain|move: Taunt\n|move|p1a: Dusclops|Night Shade|p2a: Tornadus\n|-damage|p2a: Tornadus|31\/100\n|\n|-weather|Snow|[upkeep]\n|-heal|p2a: Tornadus|37\/100|[from] item: Leftovers\n|upkeep\n|turn|15\n|\n|t:|1695773688\n|move|p1b: Masquerain|Bug Buzz|p2a: Tornadus\n|-resisted|p2a: Tornadus\n|-damage|p2a: Tornadus|11\/100\n|move|p2b: Haunter|Destiny Bond|p2b: Haunter\n|-singlemove|p2b: Haunter|Destiny Bond\n|move|p2a: Tornadus|U-turn|p1a: Dusclops\n|-resisted|p1a: Dusclops\n|-damage|p1a: Dusclops|74\/100\n|\n|t:|1695773695\n|switch|p2a: Pawmot|Pawmot, M|100\/100|[from] U-turn\n|-activate|p2a: Pawmot|move: Sticky Web\n|-unboost|p2a: Pawmot|spe|1\n|move|p1a: Dusclops|Night Shade|p2a: Pawmot\n|-damage|p2a: Pawmot|71\/100\n|\n|-weather|none\n|upkeep\n|turn|16\n|\n|t:|1695773705\n|move|p1b: Masquerain|Bug Buzz|p2a: Pawmot\n|-resisted|p2a: Pawmot\n|-damage|p2a: Pawmot|28\/100\n|-unboost|p2a: Pawmot|spd|1\n|move|p2b: Haunter|Destiny Bond||[still]\n|-fail|p2b: Haunter\n|move|p2a: Pawmot|Knock Off|p1a: Dusclops\n|-supereffective|p1a: Dusclops\n|-damage|p1a: Dusclops|46\/100\n|-enditem|p1a: Dusclops|Eviolite|[from] move: Knock Off|[of] p2a: Pawmot\n|move|p1a: Dusclops|Night Shade|p2a: Pawmot\n|-damage|p2a: Pawmot|0 fnt\n|faint|p2a: Pawmot\n|\n|upkeep\n|\n|t:|1695773719\n|switch|p2a: Deoxys|Deoxys-Defense|50\/100\n|-activate|p2a: Deoxys|move: Sticky Web\n|-unboost|p2a: Deoxys|spe|1\n|-ability|p2a: Deoxys|Pressure\n|turn|17\n|\n|t:|1695773735\n|move|p1a: Dusclops|Ally Switch|p1a: Dusclops\n|swap|p1a: Dusclops|1|[from] move: Ally Switch\n|move|p1a: Masquerain|Bug Buzz|p2a: Deoxys\n|-supereffective|p2a: Deoxys\n|-damage|p2a: Deoxys|0 fnt\n|faint|p2a: Deoxys\n|move|p2b: Haunter|Destiny Bond|p2b: Haunter\n|-singlemove|p2b: Haunter|Destiny Bond\n|\n|-end|p1a: Masquerain|move: Taunt\n|upkeep\n|\n|t:|1695773739\n|switch|p2a: Tornadus|Tornadus-Therian, M|44\/100\n|turn|18\n|\n|t:|1695773754\n|move|p1a: Masquerain|Bug Buzz|p2a: Tornadus\n|-resisted|p2a: Tornadus\n|-damage|p2a: Tornadus|18\/100\n|move|p2b: Haunter|Destiny Bond||[still]\n|-fail|p2b: Haunter\n|move|p2a: Tornadus|Brick Break|p1a: Masquerain\n|-resisted|p1a: Masquerain\n|-damage|p1a: Masquerain|93\/100\n|move|p1b: Dusclops|Night Shade|p2a: Tornadus\n|-damage|p2a: Tornadus|0 fnt\n|faint|p2a: Tornadus\n|\n|upkeep\n|turn|19\n|\n|t:|1695773769\n|move|p1a: Masquerain|Bug Buzz|p2b: Haunter\n|-resisted|p2b: Haunter\n|-damage|p2b: Haunter|0 fnt\n|faint|p2b: Haunter\n|\n|win|sneakycamel\n|raw|sneakycamel's rating: 1206 &rarr; <strong>1220<\/strong><br \/>(+14 for winning)\n|raw|snowballskies's rating: 1040 &rarr; <strong>1031<\/strong><br \/>(-9 for losing)\n|c|\u2606snowballskies|gg lol\n|l|\u2606snowballskies\n","uploadtime":1695773790,"views":13,"p1id":"sneakycamel","p2id":"snowballskies","formatid":"gen9nationaldexdoubles","rating":1031,"private":0,"password":""}