{"id":"gen9nationaldexdoubles-1952524601","p1":"Red_Ice_Games","p2":"Brick_Enjoyer_144","format":"[Gen 9] National Dex Doubles","log":"|j|\u2606Red_Ice_Games\n|j|\u2606Brick_Enjoyer_144\n|t:|1695693339\n|gametype|doubles\n|player|p1|Red_Ice_Games|psychic|1175\n|player|p2|Brick_Enjoyer_144|shauntal|1083\n|teamsize|p1|6\n|teamsize|p2|6\n|gen|9\n|tier|[Gen 9] National Dex Doubles\n|rated|\n|rule|HP Percentage Mod: HP is shown in percentages\n|rule|Endless Battle Clause: Forcing endless battles is banned\n|rule|OHKO Clause: OHKO moves are banned\n|rule|Evasion Moves Clause: Evasion moves are banned\n|rule|Evasion Abilities Clause: Evasion abilities are banned\n|rule|Species Clause: Limit one of each Pok\u00e9mon\n|rule|Gravity Sleep Clause: The combination of sleep-inducing moves with imperfect accuracy and Gravity or Gigantamax Orbeetle are banned\n|clearpoke\n|poke|p1|Iron Valiant|\n|poke|p1|Chien-Pao|\n|poke|p1|Weavile, F|\n|poke|p1|Ninjask, F|\n|poke|p1|Absol, M|\n|poke|p1|Inteleon, M|\n|poke|p2|Spiritomb, M|\n|poke|p2|Cetitan, F|\n|poke|p2|Porygon2|\n|poke|p2|Stakataka|\n|poke|p2|Vikavolt, F|\n|poke|p2|Volcanion|\n|teampreview\n|inactive|Battle timer is ON: inactive players will automatically lose when time's up. (requested by Brick_Enjoyer_144)\n|inactive|Red_Ice_Games has 120 seconds left.\n|\n|t:|1695693394\n|start\n|switch|p1a: Inteleon|Inteleon, M|100\/100\n|switch|p1b: Iron Valiant|Iron Valiant|100\/100\n|switch|p2a: Spiritomb|Spiritomb, M|100\/100\n|switch|p2b: Cetitan|Cetitan, F|100\/100\n|-ability|p2a: Spiritomb|Pressure\n|turn|1\n|\n|t:|1695693407\n|move|p1a: Inteleon|Focus Energy|p1a: Inteleon\n|-start|p1a: Inteleon|move: Focus Energy\n|move|p1b: Iron Valiant|Spirit Break|p2a: Spiritomb\n|-supereffective|p2a: Spiritomb\n|-damage|p2a: Spiritomb|25\/100\n|-unboost|p2a: Spiritomb|spa|1\n|move|p2b: Cetitan|Belly Drum|p2b: Cetitan\n|-damage|p2b: Cetitan|51\/100\n|-setboost|p2b: Cetitan|atk|6|[from] move: Belly Drum\n|move|p2a: Spiritomb|Trick Room|p2a: Spiritomb\n|-fieldstart|move: Trick Room|[of] p2a: Spiritomb\n|\n|-heal|p2a: Spiritomb|31\/100|[from] item: Leftovers\n|upkeep\n|turn|2\n|\n|t:|1695693432\n|-terastallize|p1a: Inteleon|Flying\n|move|p1b: Iron Valiant|Wide Guard|p1b: Iron Valiant\n|-singleturn|p1b: Iron Valiant|Wide Guard\n|move|p2a: Spiritomb|Pain Split|p1a: Inteleon\n|-sethp|p1a: Inteleon|66\/100|[from] move: Pain Split|[silent]\n|-sethp|p2a: Spiritomb|62\/100|[from] move: Pain Split\n|move|p2b: Cetitan|Play Rough|p1b: Iron Valiant|[miss]\n|-miss|p2b: Cetitan|p1b: Iron Valiant\n|move|p1a: Inteleon|Air Cutter|p2a: Spiritomb|[spread] p2a,p2b\n|-crit|p2a: Spiritomb\n|-crit|p2b: Cetitan\n|-damage|p2a: Spiritomb|23\/100\n|-damage|p2b: Cetitan|0 fnt\n|faint|p2b: Cetitan\n|\n|-heal|p2a: Spiritomb|29\/100|[from] item: Leftovers\n|upkeep\n|c|\u2606Red_Ice_Games|LOL\n|inactive|Brick_Enjoyer_144 has 120 seconds left.\n|\n|t:|1695693452\n|switch|p2b: Vikavolt|Vikavolt, F|100\/100\n|turn|3\n|\n|t:|1695693465\n|move|p1b: Iron Valiant|Wide Guard|p1b: Iron Valiant\n|-singleturn|p1b: Iron Valiant|Wide Guard\n|move|p2b: Vikavolt|Thunderbolt|p1a: Inteleon\n|-supereffective|p1a: Inteleon\n|-damage|p1a: Inteleon|0 fnt\n|faint|p1a: Inteleon\n|move|p2a: Spiritomb|Pain Split|p1b: Iron Valiant\n|-sethp|p1b: Iron Valiant|66\/100|[from] move: Pain Split|[silent]\n|-sethp|p2a: Spiritomb|63\/100|[from] move: Pain Split\n|\n|-heal|p2a: Spiritomb|68\/100|[from] item: Leftovers\n|upkeep\n|\n|t:|1695693472\n|switch|p1a: Weavile|Weavile, F|100\/100\n|turn|4\n|\n|t:|1695693485\n|move|p1a: Weavile|Fake Out|p2b: Vikavolt\n|-damage|p2b: Vikavolt|88\/100\n|move|p2a: Spiritomb|Sucker Punch|p1b: Iron Valiant\n|-resisted|p1b: Iron Valiant\n|-damage|p1b: Iron Valiant|58\/100\n|cant|p2b: Vikavolt|flinch\n|move|p1b: Iron Valiant|Spirit Break|p2a: Spiritomb\n|-supereffective|p2a: Spiritomb\n|-damage|p2a: Spiritomb|0 fnt\n|faint|p2a: Spiritomb\n|\n|upkeep\n|\n|t:|1695693499\n|switch|p2a: Stakataka|Stakataka|100\/100\n|turn|5\n|\n|t:|1695693505\n|move|p1b: Iron Valiant|Wide Guard|p1b: Iron Valiant\n|-singleturn|p1b: Iron Valiant|Wide Guard\n|move|p2a: Stakataka|Gyro Ball|p1b: Iron Valiant\n|-supereffective|p1b: Iron Valiant\n|-damage|p1b: Iron Valiant|0 fnt\n|faint|p1b: Iron Valiant\n|-end|p1b: Iron Valiant|Quark Drive|[silent]\n|-ability|p2a: Stakataka|Beast Boost|boost\n|-boost|p2a: Stakataka|def|1\n|move|p2b: Vikavolt|Thunderbolt|p1a: Weavile\n|-enditem|p1a: Weavile|Focus Sash\n|-damage|p1a: Weavile|1\/100\n|move|p1a: Weavile|Hone Claws|p1a: Weavile\n|-boost|p1a: Weavile|atk|1\n|-boost|p1a: Weavile|accuracy|1\n|\n|-fieldend|move: Trick Room\n|upkeep\n|\n|t:|1695693517\n|switch|p1b: Absol|Absol, M|100\/100\n|turn|6\n|\n|t:|1695693530\n|detailschange|p1b: Absol|Absol-Mega, M\n|-mega|p1b: Absol|Absol|Absolite\n|move|p1a: Weavile|Triple Axel|p2b: Vikavolt\n|-damage|p2b: Vikavolt|72\/100\n|-damage|p2b: Vikavolt|42\/100\n|-damage|p2b: Vikavolt|0 fnt\n|faint|p2b: Vikavolt\n|-hitcount|p2: Vikavolt|3\n|move|p1b: Absol|Knock Off|p2a: Stakataka\n|-damage|p2a: Stakataka|85\/100\n|-enditem|p2a: Stakataka|Expert Belt|[from] move: Knock Off|[of] p1b: Absol\n|move|p2a: Stakataka|Body Press|p1b: Absol\n|-supereffective|p1b: Absol\n|-damage|p1b: Absol|0 fnt\n|faint|p1b: Absol\n|-ability|p2a: Stakataka|Beast Boost|boost\n|-boost|p2a: Stakataka|def|1\n|\n|upkeep\n|\n|t:|1695693545\n|switch|p1b: Chien-Pao|Chien-Pao|100\/100\n|switch|p2b: Porygon2|Porygon2|100\/100\n|-ability|p1b: Chien-Pao|Sword of Ruin\n|-ability|p2b: Porygon2|Sword of Ruin\n|-ability|p2b: Porygon2|Sword of Ruin|[from] ability: Trace|[of] p1b: Chien-Pao\n|turn|7\n|\n|t:|1695693564\n|move|p1b: Chien-Pao|Swords Dance|p1b: Chien-Pao\n|-boost|p1b: Chien-Pao|atk|2\n|move|p1a: Weavile|Triple Axel|p2b: Porygon2\n|-damage|p2b: Porygon2|91\/100\n|-damage|p2b: Porygon2|72\/100\n|-damage|p2b: Porygon2|41\/100\n|-hitcount|p2b: Porygon2|3\n|move|p2a: Stakataka|Gyro Ball|p1b: Chien-Pao\n|-supereffective|p1b: Chien-Pao\n|-enditem|p1b: Chien-Pao|Focus Sash\n|-damage|p1b: Chien-Pao|1\/100\n|move|p2b: Porygon2|Trick Room|p2b: Porygon2\n|-fieldstart|move: Trick Room|[of] p2b: Porygon2\n|\n|upkeep\n|turn|8\n|\n|t:|1695693581\n|move|p1b: Chien-Pao|Sucker Punch|p2a: Stakataka\n|-damage|p2a: Stakataka|65\/100\n|move|p2a: Stakataka|Gyro Ball|p1b: Chien-Pao\n|-supereffective|p1b: Chien-Pao\n|-damage|p1b: Chien-Pao|0 fnt\n|faint|p1b: Chien-Pao\n|-ability|p2a: Stakataka|Beast Boost|boost\n|-boost|p2a: Stakataka|def|1\n|move|p2b: Porygon2|Foul Play|p1a: Weavile\n|-resisted|p1a: Weavile\n|-damage|p1a: Weavile|0 fnt\n|faint|p1a: Weavile\n|\n|upkeep\n|-message|Red_Ice_Games forfeited.\n|\n|win|Brick_Enjoyer_144\n|raw|Red_Ice_Games's rating: 1175 &rarr; <strong>1144<\/strong><br \/>(-31 for losing)\n|raw|Brick_Enjoyer_144's rating: 1083 &rarr; <strong>1118<\/strong><br \/>(+35 for winning)\n|l|\u2606Red_Ice_Games\n","uploadtime":1695693598,"views":10,"p1id":"redicegames","p2id":"brickenjoyer144","formatid":"gen9nationaldexdoubles","rating":1118,"private":0,"password":""}