{"id":"gen9nationaldexdoubles-1965570400","p1":"Sc4rletQu33n","p2":"kooflah","format":"[Gen 9] National Dex Doubles","log":"|j|\u2606Sc4rletQu33n\n|j|\u2606kooflah\n|t:|1697089756\n|gametype|doubles\n|player|p1|Sc4rletQu33n|cynthia-gen4|1176\n|player|p2|kooflah|2|1288\n|teamsize|p1|6\n|teamsize|p2|6\n|gen|9\n|tier|[Gen 9] National Dex Doubles\n|rated|\n|rule|HP Percentage Mod: HP is shown in percentages\n|rule|Endless Battle Clause: Forcing endless battles is banned\n|rule|OHKO Clause: OHKO moves are banned\n|rule|Evasion Moves Clause: Evasion moves are banned\n|rule|Evasion Abilities Clause: Evasion abilities are banned\n|rule|Species Clause: Limit one of each Pok\u00e9mon\n|rule|Gravity Sleep Clause: The combination of sleep-inducing moves with imperfect accuracy and Gravity or Gigantamax Orbeetle are banned\n|clearpoke\n|poke|p1|Medicham, M|\n|poke|p1|Regigigas|\n|poke|p1|Landorus-Therian, M|\n|poke|p1|Venusaur, F|\n|poke|p1|Incineroar, M|\n|poke|p1|Basculegion-F, F|\n|poke|p2|Gardevoir, F|\n|poke|p2|Thundurus, M|\n|poke|p2|Landorus-Therian, M|\n|poke|p2|Ting-Lu|\n|poke|p2|Chi-Yu|\n|poke|p2|Sinistcha-Masterpiece|\n|teampreview\n|inactive|Battle timer is ON: inactive players will automatically lose when time's up. (requested by kooflah)\n|\n|t:|1697089765\n|start\n|switch|p1a: Venusaur|Venusaur, F|100\/100\n|switch|p1b: Incineroar|Incineroar, M|100\/100\n|switch|p2a: Thundurus|Thundurus, M|100\/100\n|switch|p2b: Landorus|Landorus-Therian, M|100\/100\n|-ability|p2b: Landorus|Intimidate|boost\n|-unboost|p1a: Venusaur|atk|1\n|-unboost|p1b: Incineroar|atk|1\n|-ability|p1b: Incineroar|Intimidate|boost\n|-unboost|p2a: Thundurus|atk|1\n|-unboost|p2b: Landorus|atk|1\n|turn|1\n|inactive|kooflah has 120 seconds left.\n|\n|t:|1697089796\n|detailschange|p1a: Venusaur|Venusaur-Mega, F\n|-mega|p1a: Venusaur|Venusaur|Venusaurite\n|move|p2a: Thundurus|Thunder Wave|p1a: Venusaur\n|-status|p1a: Venusaur|par\n|move|p2b: Landorus|U-turn|p1a: Venusaur\n|-crit|p1a: Venusaur\n|-damage|p1a: Venusaur|64\/100 par\n|inactive|kooflah has 120 seconds left.\n|\n|t:|1697089803\n|switch|p2b: Chi-Yu|Chi-Yu|100\/100|[from] U-turn\n|-ability|p2b: Chi-Yu|Beads of Ruin\n|move|p1b: Incineroar|Parting Shot|p2b: Chi-Yu\n|-unboost|p2b: Chi-Yu|atk|1\n|-unboost|p2b: Chi-Yu|spa|1\n|\n|t:|1697089815\n|switch|p1b: Landorus|Landorus-Therian, M|100\/100|[from] Parting Shot\n|-ability|p1b: Landorus|Intimidate|boost\n|-unboost|p2a: Thundurus|atk|1\n|-unboost|p2b: Chi-Yu|atk|1\n|move|p1a: Venusaur|Toxic|p2b: Chi-Yu\n|-status|p2b: Chi-Yu|tox\n|\n|-damage|p2b: Chi-Yu|95\/100 tox|[from] psn\n|upkeep\n|turn|2\n|\n|t:|1697089837\n|switch|p2b: Landorus|Landorus-Therian, M|100\/100\n|-ability|p2b: Landorus|Intimidate|boost\n|-unboost|p1a: Venusaur|atk|1\n|-unboost|p1b: Landorus|atk|1\n|switch|p1a: Basculegion|Basculegion-F, F|100\/100\n|move|p2a: Thundurus|Knock Off|p1b: Landorus\n|-damage|p1b: Landorus|90\/100\n|-enditem|p1b: Landorus|Leftovers|[from] move: Knock Off|[of] p2a: Thundurus\n|move|p1b: Landorus|Knock Off|p2a: Thundurus\n|-damage|p2a: Thundurus|57\/100\n|-enditem|p2a: Thundurus|Expert Belt|[from] move: Knock Off|[of] p1b: Landorus\n|\n|upkeep\n|turn|3\n|inactive|kooflah has 120 seconds left.\n|\n|t:|1697089877\n|move|p2b: Landorus|Crunch|p1a: Basculegion\n|-supereffective|p1a: Basculegion\n|-damage|p1a: Basculegion|28\/100\n|move|p1a: Basculegion|Ice Fang|p2b: Landorus|[miss]\n|-miss|p1a: Basculegion|p2b: Landorus\n|move|p2a: Thundurus|Thunderbolt|p1a: Basculegion\n|-supereffective|p1a: Basculegion\n|-damage|p1a: Basculegion|0 fnt\n|faint|p1a: Basculegion\n|move|p1b: Landorus|U-turn|p2a: Thundurus\n|-resisted|p2a: Thundurus\n|-damage|p2a: Thundurus|42\/100\n|\n|t:|1697089890\n|switch|p1b: Medicham|Medicham, M|100\/100|[from] U-turn\n|\n|upkeep\n|\n|t:|1697089892\n|switch|p1a: Regigigas|Regigigas|100\/100\n|-start|p1a: Regigigas|ability: Slow Start\n|turn|4\n|\n|t:|1697089907\n|move|p2a: Thundurus|Thunder Wave|p1b: Medicham\n|-status|p1b: Medicham|par\n|move|p2b: Landorus|Crunch|p1b: Medicham\n|-damage|p1b: Medicham|53\/100 par\n|move|p1a: Regigigas|Return|p2b: Landorus\n|-damage|p2b: Landorus|63\/100\n|move|p1b: Medicham|Skill Swap|p1a: Regigigas\n|-activate|p1b: Medicham|move: Skill Swap|||[of] p1a: Regigigas\n|-end|p1a: Regigigas|Slow Start|[silent]\n|-start|p1b: Medicham|ability: Slow Start\n|\n|upkeep\n|turn|5\n|\n|t:|1697089931\n|move|p2a: Thundurus|Thunder Wave|p1a: Regigigas\n|-status|p1a: Regigigas|par\n|move|p1b: Medicham|Bullet Punch|p2a: Thundurus\n|-resisted|p2a: Thundurus\n|-damage|p2a: Thundurus|39\/100\n|move|p2b: Landorus|Crunch|p1a: Regigigas\n|-crit|p1a: Regigigas\n|-damage|p1a: Regigigas|57\/100 par\n|move|p1a: Regigigas|Return|p2b: Landorus\n|-damage|p2b: Landorus|0 fnt\n|faint|p2b: Landorus\n|\n|upkeep\n|\n|t:|1697089952\n|switch|p2b: Chi-Yu|Chi-Yu|95\/100 tox\n|-ability|p2b: Chi-Yu|Beads of Ruin\n|turn|6\n|\n|t:|1697089967\n|move|p2a: Thundurus|Thunderbolt|p1a: Regigigas\n|-damage|p1a: Regigigas|21\/100 par\n|move|p2b: Chi-Yu|Heat Wave|p1b: Medicham|[spread] p1a,p1b\n|-damage|p1a: Regigigas|0 fnt\n|-damage|p1b: Medicham|0 fnt\n|faint|p1a: Regigigas\n|faint|p1b: Medicham\n|-end|p1b: Medicham|Slow Start|[silent]\n|-damage|p2b: Chi-Yu|85\/100 tox|[from] item: Life Orb\n|\n|-damage|p2b: Chi-Yu|79\/100 tox|[from] psn\n|upkeep\n|\n|t:|1697089977\n|switch|p1a: Venusaur|Venusaur-Mega, F|64\/100 par\n|switch|p1b: Incineroar|Incineroar, M|100\/100\n|-ability|p1b: Incineroar|Intimidate|boost\n|-unboost|p2a: Thundurus|atk|1\n|-unboost|p2b: Chi-Yu|atk|1\n|turn|7\n|\n|t:|1697089992\n|switch|p2b: Ting-Lu|Ting-Lu|100\/100\n|-ability|p2b: Ting-Lu|Vessel of Ruin\n|move|p2a: Thundurus|Thunder Wave|p1b: Incineroar\n|-hint|Since gen 7, Dark is immune to Prankster moves.\n|-immune|p1b: Incineroar\n|move|p1b: Incineroar|Dark Pulse|p2a: Thundurus\n|-damage|p2a: Thundurus|4\/100\n|move|p1a: Venusaur|Earth Power|p2b: Ting-Lu\n|-damage|p2b: Ting-Lu|89\/100\n|\n|upkeep\n|turn|8\n|\n|t:|1697090016\n|move|p2a: Thundurus|Thunderbolt|p1b: Incineroar\n|-damage|p1b: Incineroar|71\/100\n|move|p1b: Incineroar|Fire Pledge|p2b: Ting-Lu\n|-waiting|p1b: Incineroar|p1a: Venusaur\n|move|p1a: Venusaur|Grass Pledge|p2b: Ting-Lu|[from]move: Fire Pledge\n|-combine\n|-damage|p2b: Ting-Lu|57\/100\n|-sidestart|p2: kooflah|Fire Pledge\n|move|p2b: Ting-Lu|Earthquake|p1b: Incineroar|[spread] p1a,p1b\n|-immune|p2a: Thundurus\n|-supereffective|p1b: Incineroar\n|-damage|p1a: Venusaur|37\/100 par\n|-damage|p1b: Incineroar|19\/100\n|\n|-damage|p2a: Thundurus|0 fnt|[from] Fire Pledge\n|faint|p2a: Thundurus\n|-heal|p1b: Incineroar|25\/100|[from] item: Leftovers\n|-damage|p2b: Ting-Lu|44\/100|[from] Fire Pledge\n|upkeep\n|inactive|kooflah has 120 seconds left.\n|\n|t:|1697090037\n|switch|p2a: Sinistcha|Sinistcha-Masterpiece, shiny|100\/100\n|-heal|p2b: Ting-Lu|69\/100|[from] ability: Hospitality|[of] p2a: Sinistcha\n|turn|9\n|\n|t:|1697090047\n|move|p2a: Sinistcha|Rage Powder|p2a: Sinistcha\n|-singleturn|p2a: Sinistcha|move: Rage Powder\n|move|p1b: Incineroar|Dark Pulse|p2a: Sinistcha\n|-supereffective|p2a: Sinistcha\n|-damage|p2a: Sinistcha|42\/100\n|move|p1a: Venusaur|Toxic|p2b: Ting-Lu\n|-status|p2b: Ting-Lu|tox\n|move|p2b: Ting-Lu|Earthquake|p1a: Venusaur|[spread] p2a,p1a,p1b\n|-resisted|p2a: Sinistcha\n|-supereffective|p1b: Incineroar\n|-damage|p2a: Sinistcha|32\/100\n|-damage|p1a: Venusaur|9\/100 par\n|-damage|p1b: Incineroar|0 fnt\n|faint|p1b: Incineroar\n|\n|-damage|p2a: Sinistcha|20\/100|[from] Fire Pledge\n|-heal|p2a: Sinistcha|26\/100|[from] item: Leftovers\n|-damage|p2b: Ting-Lu|57\/100 tox|[from] Fire Pledge\n|-damage|p2b: Ting-Lu|51\/100 tox|[from] psn\n|upkeep\n|\n|t:|1697090065\n|switch|p1b: Landorus|Landorus-Therian, M|90\/100\n|-ability|p1b: Landorus|Intimidate|boost\n|-unboost|p2a: Sinistcha|atk|1\n|-unboost|p2b: Ting-Lu|atk|1\n|turn|10\n|\n|t:|1697090093\n|move|p1b: Landorus|Bulk Up|p1b: Landorus\n|-boost|p1b: Landorus|atk|1\n|-boost|p1b: Landorus|def|1\n|move|p2a: Sinistcha|Strength Sap|p1b: Landorus\n|-unboost|p1b: Landorus|atk|1\n|-heal|p2a: Sinistcha|100\/100\n|move|p1a: Venusaur|Sludge Bomb|p2a: Sinistcha\n|-damage|p2a: Sinistcha|58\/100\n|move|p2b: Ting-Lu|Earthquake|p1a: Venusaur|[spread] p2a,p1a\n|-immune|p1b: Landorus\n|-resisted|p2a: Sinistcha\n|-damage|p2a: Sinistcha|51\/100\n|-damage|p1a: Venusaur|0 fnt\n|faint|p1a: Venusaur\n|\n|-damage|p2a: Sinistcha|39\/100|[from] Fire Pledge\n|-heal|p2a: Sinistcha|45\/100|[from] item: Leftovers\n|-damage|p2b: Ting-Lu|38\/100 tox|[from] Fire Pledge\n|-damage|p2b: Ting-Lu|26\/100 tox|[from] psn\n|upkeep\n|turn|11\n|\n|t:|1697090119\n|move|p1b: Landorus|Knock Off|p2a: Sinistcha\n|-supereffective|p2a: Sinistcha\n|-damage|p2a: Sinistcha|0 fnt\n|-enditem|p2a: Sinistcha|Leftovers|[from] move: Knock Off|[of] p1b: Landorus\n|faint|p2a: Sinistcha\n|move|p2b: Ting-Lu|Stone Edge|p1b: Landorus\n|-crit|p1b: Landorus\n|-damage|p1b: Landorus|55\/100\n|\n|-damage|p2b: Ting-Lu|13\/100 tox|[from] Fire Pledge\n|-damage|p2b: Ting-Lu|0 fnt|[from] psn\n|faint|p2b: Ting-Lu\n|-sideend|p2: kooflah|Fire Pledge\n|upkeep\n|inactive|kooflah has 120 seconds left.\n|\n|t:|1697090131\n|switch|p2a: Gardevoir|Gardevoir, F, shiny|100\/100\n|switch|p2b: Chi-Yu|Chi-Yu|79\/100 tox\n|-ability|p2b: Chi-Yu|Beads of Ruin\n|turn|12\n|\n|t:|1697090141\n|detailschange|p2a: Gardevoir|Gardevoir-Mega, F, shiny\n|-mega|p2a: Gardevoir|Gardevoir|Gardevoirite\n|-terastallize|p2b: Chi-Yu|Grass\n|move|p2a: Gardevoir|Hyper Voice|p1b: Landorus\n|-damage|p1b: Landorus|0 fnt\n|faint|p1b: Landorus\n|\n|win|kooflah\n|raw|Sc4rletQu33n's rating: 1176 &rarr; <strong>1159<\/strong><br \/>(-17 for losing)\n|raw|kooflah's rating: 1288 &rarr; <strong>1305<\/strong><br \/>(+17 for winning)\n|l|\u2606kooflah\n","uploadtime":1697090154,"views":10,"p1id":"sc4rletqu33n","p2id":"kooflah","formatid":"gen9nationaldexdoubles","rating":1159,"private":0,"password":""}