{"id":"gen9nationaldexdoubles-1985885367","p1":"lemonjohn","p2":"EbongAtSeabong","format":"[Gen 9] National Dex Doubles","log":"|j|\u2606lemonjohn\n|j|\u2606EbongAtSeabong\n|t:|1699417501\n|gametype|doubles\n|player|p1|lemonjohn|hooligans|1320\n|player|p2|EbongAtSeabong|bellelba|1179\n|teamsize|p1|6\n|teamsize|p2|6\n|gen|9\n|tier|[Gen 9] National Dex Doubles\n|rated|\n|rule|HP Percentage Mod: HP is shown in percentages\n|rule|Endless Battle Clause: Forcing endless battles is banned\n|rule|OHKO Clause: OHKO moves are banned\n|rule|Evasion Moves Clause: Evasion moves are banned\n|rule|Evasion Abilities Clause: Evasion abilities are banned\n|rule|Species Clause: Limit one of each Pok\u00e9mon\n|rule|Gravity Sleep Clause: The combination of sleep-inducing moves with imperfect accuracy and Gravity or Gigantamax Orbeetle are banned\n|clearpoke\n|poke|p1|Venusaur, F|\n|poke|p1|Torkoal, M|\n|poke|p1|Walking Wake|\n|poke|p1|Whimsicott, F|\n|poke|p1|Hitmontop, M|\n|poke|p1|Rillaboom, M|\n|poke|p2|Spinda, F|\n|poke|p2|Ursaluna, F|\n|poke|p2|Sinistcha|\n|poke|p2|Landorus-Therian, M|\n|poke|p2|Kommo-o, M|\n|poke|p2|Banette, F|\n|teampreview\n|inactive|Battle timer is ON: inactive players will automatically lose when time's up. (requested by lemonjohn)\n|\n|t:|1699417528\n|start\n|switch|p1a: Walking Wake|Walking Wake|100\/100\n|switch|p1b: Whimsicott|Whimsicott, F, shiny|100\/100\n|switch|p2a: AHHHHHHHH|Kommo-o, M|100\/100\n|switch|p2b: Swiss Army Cha|Sinistcha|100\/100\n|turn|1\n|\n|t:|1699417544\n|-terastallize|p2a: AHHHHHHHH|Steel\n|move|p2b: Swiss Army Cha|Rage Powder|p2b: Swiss Army Cha\n|-singleturn|p2b: Swiss Army Cha|move: Rage Powder\n|move|p1b: Whimsicott|Fake Tears|p2a: AHHHHHHHH\n|-unboost|p2a: AHHHHHHHH|spd|2\n|move|p1a: Walking Wake|Draco Meteor|p2b: Swiss Army Cha\n|-damage|p2b: Swiss Army Cha|46\/100\n|-unboost|p1a: Walking Wake|spa|2\n|-enditem|p1a: Walking Wake|White Herb\n|-clearnegativeboost|p1a: Walking Wake|[silent]\n|move|p2a: AHHHHHHHH|Clangorous Soul|p2a: AHHHHHHHH\n|-boost|p2a: AHHHHHHHH|atk|1\n|-boost|p2a: AHHHHHHHH|def|1\n|-boost|p2a: AHHHHHHHH|spa|1\n|-boost|p2a: AHHHHHHHH|spd|1\n|-boost|p2a: AHHHHHHHH|spe|1\n|-damage|p2a: AHHHHHHHH|68\/100\n|-enditem|p2a: AHHHHHHHH|Throat Spray\n|-boost|p2a: AHHHHHHHH|spa|1|[from] item: Throat Spray\n|\n|-heal|p2b: Swiss Army Cha|52\/100|[from] item: Leftovers\n|upkeep\n|turn|2\n|\n|t:|1699417572\n|switch|p2b: Butt seed|Spinda, F|100\/100\n|move|p2a: AHHHHHHHH|Protect|p2a: AHHHHHHHH\n|-singleturn|p2a: AHHHHHHHH|Protect\n|move|p1a: Walking Wake|Protect|p1a: Walking Wake\n|-singleturn|p1a: Walking Wake|Protect\n|move|p1b: Whimsicott|Sunny Day|p1b: Whimsicott\n|-weather|SunnyDay\n|-activate|p1a: Walking Wake|ability: Protosynthesis\n|-start|p1a: Walking Wake|protosynthesisspa\n|\n|-weather|SunnyDay|[upkeep]\n|-status|p2b: Butt seed|brn|[from] item: Flame Orb\n|upkeep\n|turn|3\n|\n|t:|1699417598\n|switch|p2b: Swiss Army Cha|Sinistcha|52\/100\n|-heal|p2a: AHHHHHHHH|92\/100|[from] ability: Hospitality|[of] p2b: Swiss Army Cha\n|move|p1b: Whimsicott|Encore|p2a: AHHHHHHHH\n|-start|p2a: AHHHHHHHH|Encore\n|move|p2a: AHHHHHHHH|Protect||[still]\n|-fail|p2a: AHHHHHHHH\n|move|p1a: Walking Wake|Hydro Steam|p2b: Swiss Army Cha\n|-resisted|p2b: Swiss Army Cha\n|-damage|p2b: Swiss Army Cha|17\/100\n|\n|-weather|SunnyDay|[upkeep]\n|-heal|p2b: Swiss Army Cha|23\/100|[from] item: Leftovers\n|upkeep\n|turn|4\n|\n|t:|1699417622\n|switch|p2b: Butt seed|Spinda, F|100\/100 brn\n|move|p2a: AHHHHHHHH|Protect|p2a: AHHHHHHHH\n|-singleturn|p2a: AHHHHHHHH|Protect\n|move|p1b: Whimsicott|Fake Tears|p2a: AHHHHHHHH\n|-activate|p2a: AHHHHHHHH|move: Protect\n|move|p1a: Walking Wake|Weather Ball|p2a: AHHHHHHHH\n|-activate|p2a: AHHHHHHHH|move: Protect\n|\n|-weather|SunnyDay|[upkeep]\n|-damage|p2b: Butt seed|94\/100 brn|[from] brn\n|upkeep\n|turn|5\n|\n|t:|1699417636\n|move|p2a: AHHHHHHHH|Protect|p2a: AHHHHHHHH\n|-singleturn|p2a: AHHHHHHHH|Protect\n|move|p1b: Whimsicott|Fake Tears|p2a: AHHHHHHHH\n|-activate|p2a: AHHHHHHHH|move: Protect\n|move|p1a: Walking Wake|Weather Ball|p2a: AHHHHHHHH\n|-activate|p2a: AHHHHHHHH|move: Protect\n|move|p2b: Butt seed|Facade|p1b: Whimsicott\n|-damage|p1b: Whimsicott|64\/100\n|\n|-weather|SunnyDay|[upkeep]\n|-damage|p2b: Butt seed|88\/100 brn|[from] brn\n|-end|p2a: AHHHHHHHH|Encore\n|upkeep\n|turn|6\n|\n|t:|1699417663\n|move|p1b: Whimsicott|Encore|p2a: AHHHHHHHH\n|-start|p2a: AHHHHHHHH|Encore\n|move|p2a: AHHHHHHHH|Protect||[still]\n|-fail|p2a: AHHHHHHHH\n|move|p1a: Walking Wake|Hydro Steam|p2b: Butt seed\n|-damage|p2b: Butt seed|0 fnt\n|faint|p2b: Butt seed\n|\n|-weather|none\n|-end|p1a: Walking Wake|Protosynthesis\n|upkeep\n|inactive|EbongAtSeabong has 120 seconds left.\n|\n|t:|1699417681\n|switch|p2b: Banette|Banette, F|100\/100\n|-item|p1b: Whimsicott|Focus Sash|[from] ability: Frisk|[of] p2b: Banette|[identify]\n|turn|7\n|\n|t:|1699417692\n|detailschange|p2b: Banette|Banette-Mega, F\n|-mega|p2b: Banette|Banette|Banettite\n|move|p2a: AHHHHHHHH|Protect|p2a: AHHHHHHHH\n|-singleturn|p2a: AHHHHHHHH|Protect\n|move|p1b: Whimsicott|Sunny Day|p1b: Whimsicott\n|-weather|SunnyDay\n|-activate|p1a: Walking Wake|ability: Protosynthesis\n|-start|p1a: Walking Wake|protosynthesisspa\n|move|p2b: Banette|Encore|p1b: Whimsicott\n|-start|p1b: Whimsicott|Encore\n|move|p1a: Walking Wake|Hydro Steam|p2b: Banette\n|-damage|p2b: Banette|29\/100\n|\n|-weather|SunnyDay|[upkeep]\n|upkeep\n|turn|8\n|\n|t:|1699417709\n|switch|p1b: Hitmontop|Hitmontop, M, shiny|100\/100\n|-ability|p1b: Hitmontop|Intimidate|boost\n|-unboost|p2a: AHHHHHHHH|atk|1\n|-unboost|p2b: Banette|atk|1\n|move|p2a: AHHHHHHHH|Protect||[still]\n|-fail|p2a: AHHHHHHHH\n|move|p2b: Banette|Pain Split|p1a: Walking Wake\n|-sethp|p1a: Walking Wake|64\/100|[from] move: Pain Split|[silent]\n|-sethp|p2b: Banette|66\/100|[from] move: Pain Split\n|move|p1a: Walking Wake|Weather Ball|p2a: AHHHHHHHH\n|-immune|p2a: AHHHHHHHH|[from] ability: Bulletproof\n|\n|-weather|SunnyDay|[upkeep]\n|-end|p2a: AHHHHHHHH|Encore\n|upkeep\n|turn|9\n|\n|t:|1699417733\n|move|p1b: Hitmontop|Fake Out|p2a: AHHHHHHHH\n|-resisted|p2a: AHHHHHHHH\n|-damage|p2a: AHHHHHHHH|90\/100\n|cant|p2a: AHHHHHHHH|flinch\n|move|p1a: Walking Wake|Hydro Steam|p2b: Banette\n|-damage|p2b: Banette|0 fnt\n|faint|p2b: Banette\n|\n|-weather|SunnyDay|[upkeep]\n|upkeep\n|inactive|EbongAtSeabong has 120 seconds left.\n|\n|t:|1699417750\n|switch|p2b: EAsports|Landorus-Therian, M|100\/100\n|-ability|p2b: EAsports|Intimidate|boost\n|-unboost|p1a: Walking Wake|atk|1\n|-unboost|p1b: Hitmontop|atk|1\n|turn|10\n|\n|t:|1699417759\n|move|p1b: Hitmontop|Wide Guard|p1b: Hitmontop\n|-singleturn|p1b: Hitmontop|Wide Guard\n|move|p2a: AHHHHHHHH|Clanging Scales|p1a: Walking Wake|[spread] \n|-activate|p1a: Walking Wake|move: Wide Guard\n|-activate|p1b: Hitmontop|move: Wide Guard\n|move|p1a: Walking Wake|Hydro Steam|p2b: EAsports\n|-supereffective|p2b: EAsports\n|-damage|p2b: EAsports|0 fnt\n|faint|p2b: EAsports\n|\n|-weather|SunnyDay|[upkeep]\n|upkeep\n|\n|t:|1699417772\n|switch|p2b: Butsed|Ursaluna, F|100\/100\n|turn|11\n|\n|t:|1699417791\n|switch|p1b: Rillaboom|Rillaboom, M|100\/100\n|-fieldstart|move: Grassy Terrain|[from] ability: Grassy Surge|[of] p1b: Rillaboom\n|move|p2a: AHHHHHHHH|Protect|p2a: AHHHHHHHH\n|-singleturn|p2a: AHHHHHHHH|Protect\n|move|p1a: Walking Wake|Protect|p1a: Walking Wake\n|-singleturn|p1a: Walking Wake|Protect\n|move|p2b: Butsed|Play Rough|p1b: Rillaboom\n|-damage|p1b: Rillaboom|68\/100\n|-unboost|p1b: Rillaboom|atk|1\n|\n|-weather|none\n|-end|p1a: Walking Wake|Protosynthesis\n|-heal|p2a: AHHHHHHHH|96\/100|[from] Grassy Terrain\n|-heal|p1a: Walking Wake|70\/100|[from] Grassy Terrain\n|-heal|p1b: Rillaboom|74\/100|[from] Grassy Terrain\n|upkeep\n|turn|12\n|\n|t:|1699417810\n|-end|p1a: Walking Wake|Protosynthesis|[silent]\n|switch|p1a: Torkoal|Torkoal, M, shiny|100\/100\n|-weather|SunnyDay|[from] ability: Drought|[of] p1a: Torkoal\n|move|p2a: AHHHHHHHH|Clanging Scales|p1a: Torkoal|[spread] p1a,p1b\n|-damage|p1a: Torkoal|9\/100\n|-damage|p1b: Rillaboom|0 fnt\n|faint|p1b: Rillaboom\n|-unboost|p2a: AHHHHHHHH|def|1\n|move|p2b: Butsed|Play Rough|p1a: Torkoal\n|-resisted|p1a: Torkoal\n|-damage|p1a: Torkoal|0 fnt\n|faint|p1a: Torkoal\n|\n|-weather|SunnyDay|[upkeep]\n|-heal|p2a: AHHHHHHHH|100\/100|[from] Grassy Terrain\n|upkeep\n|\n|t:|1699417823\n|switch|p1b: Hitmontop|Hitmontop, M, shiny|100\/100\n|switch|p1a: Venusaur|Venusaur, F, shiny|100\/100\n|-ability|p1b: Hitmontop|Intimidate|boost\n|-unboost|p2a: AHHHHHHHH|atk|1\n|-unboost|p2b: Butsed|atk|1\n|turn|13\n|\n|t:|1699417832\n|move|p1b: Hitmontop|Fake Out|p2a: AHHHHHHHH\n|-resisted|p2a: AHHHHHHHH\n|-damage|p2a: AHHHHHHHH|96\/100\n|move|p1a: Venusaur|Giga Drain|p2b: Butsed\n|-supereffective|p2b: Butsed\n|-damage|p2b: Butsed|0 fnt\n|faint|p2b: Butsed\n|-damage|p1a: Venusaur|91\/100|[from] item: Life Orb\n|cant|p2a: AHHHHHHHH|flinch\n|\n|-weather|SunnyDay|[upkeep]\n|-heal|p1a: Venusaur|97\/100|[from] Grassy Terrain\n|-heal|p2a: AHHHHHHHH|100\/100|[from] Grassy Terrain\n|upkeep\n|\n|t:|1699417843\n|switch|p2b: Swiss Army Cha|Sinistcha|23\/100\n|turn|14\n|\n|t:|1699417851\n|move|p1a: Venusaur|Sleep Powder|p2a: AHHHHHHHH\n|-status|p2a: AHHHHHHHH|slp|[from] move: Sleep Powder\n|cant|p2a: AHHHHHHHH|slp\n|move|p2b: Swiss Army Cha|Matcha Gotcha|p1b: Hitmontop|[spread] p1a,p1b\n|-resisted|p1a: Venusaur\n|-damage|p1a: Venusaur|87\/100\n|-heal|p2b: Swiss Army Cha|27\/100|[from] drain|[of] p1a: Venusaur\n|-damage|p1b: Hitmontop|75\/100\n|-heal|p2b: Swiss Army Cha|38\/100|[from] drain|[of] p1b: Hitmontop\n|move|p1b: Hitmontop|Close Combat|p2a: AHHHHHHHH\n|-supereffective|p2a: AHHHHHHHH\n|-damage|p2a: AHHHHHHHH|26\/100 slp\n|-unboost|p1b: Hitmontop|def|1\n|-unboost|p1b: Hitmontop|spd|1\n|\n|-weather|SunnyDay|[upkeep]\n|-heal|p1a: Venusaur|93\/100|[from] Grassy Terrain\n|-heal|p2a: AHHHHHHHH|32\/100 slp|[from] Grassy Terrain\n|-heal|p2b: Swiss Army Cha|44\/100|[from] Grassy Terrain\n|-heal|p1b: Hitmontop|81\/100|[from] Grassy Terrain\n|-heal|p2b: Swiss Army Cha|50\/100|[from] item: Leftovers\n|upkeep\n|turn|15\n|\n|t:|1699417875\n|move|p1a: Venusaur|Sludge Bomb|p2b: Swiss Army Cha\n|-damage|p2b: Swiss Army Cha|6\/100\n|-damage|p1a: Venusaur|83\/100|[from] item: Life Orb\n|cant|p2a: AHHHHHHHH|slp\n|move|p1b: Hitmontop|Close Combat|p2a: AHHHHHHHH\n|-supereffective|p2a: AHHHHHHHH\n|-damage|p2a: AHHHHHHHH|0 fnt\n|-unboost|p1b: Hitmontop|def|1\n|-unboost|p1b: Hitmontop|spd|1\n|faint|p2a: AHHHHHHHH\n|move|p2b: Swiss Army Cha|Strength Sap|p1b: Hitmontop\n|-unboost|p1b: Hitmontop|atk|1\n|-heal|p2b: Swiss Army Cha|72\/100\n|\n|-weather|SunnyDay|[upkeep]\n|-heal|p1a: Venusaur|89\/100|[from] Grassy Terrain\n|-heal|p2b: Swiss Army Cha|78\/100|[from] Grassy Terrain\n|-heal|p1b: Hitmontop|87\/100|[from] Grassy Terrain\n|-heal|p2b: Swiss Army Cha|84\/100|[from] item: Leftovers\n|-fieldend|move: Grassy Terrain\n|upkeep\n|turn|16\n|\n|t:|1699417897\n|-terastallize|p1a: Venusaur|Fire\n|move|p1b: Hitmontop|Wide Guard|p1b: Hitmontop\n|-singleturn|p1b: Hitmontop|Wide Guard\n|move|p1a: Venusaur|Weather Ball|p2b: Swiss Army Cha\n|-supereffective|p2b: Swiss Army Cha\n|-damage|p2b: Swiss Army Cha|0 fnt\n|faint|p2b: Swiss Army Cha\n|-damage|p1a: Venusaur|79\/100|[from] item: Life Orb\n|\n|win|lemonjohn\n|raw|lemonjohn's rating: 1320 &rarr; <strong>1332<\/strong><br \/>(+12 for winning)\n|raw|EbongAtSeabong's rating: 1179 &rarr; <strong>1164<\/strong><br \/>(-15 for losing)\n|c|\u2606EbongAtSeabong|that was the most tragic game of all time\n|c|\u2606lemonjohn|gg\n|c|\u2606EbongAtSeabong|gg\n|c|\u2606EbongAtSeabong|i think i hate you <3\n|c|\u2606lemonjohn|lol\n|c|\u2606EbongAtSeabong|lol\n|l|\u2606EbongAtSeabong\n","uploadtime":1699417950,"views":14,"p1id":"lemonjohn","p2id":"ebongatseabong","formatid":"gen9nationaldexdoubles","rating":1164,"private":0,"password":""}