{"id":"gen9nationaldexdoubles-1970132960","p1":"OceanHazel","p2":"Chuuugs","format":"[Gen 9] National Dex Doubles","log":"|j|\u2606OceanHazel\n|j|\u2606Chuuugs\n|t:|1697599554\n|gametype|doubles\n|player|p1|OceanHazel|barry|\n|player|p2|Chuuugs|hilda|\n|teamsize|p1|6\n|teamsize|p2|6\n|gen|9\n|tier|[Gen 9] National Dex Doubles\n|rule|HP Percentage Mod: HP is shown in percentages\n|rule|Endless Battle Clause: Forcing endless battles is banned\n|rule|OHKO Clause: OHKO moves are banned\n|rule|Evasion Moves Clause: Evasion moves are banned\n|rule|Evasion Abilities Clause: Evasion abilities are banned\n|rule|Species Clause: Limit one of each Pok\u00e9mon\n|rule|Gravity Sleep Clause: The combination of sleep-inducing moves with imperfect accuracy and Gravity or Gigantamax Orbeetle are banned\n|clearpoke\n|poke|p1|Houndstone, M|\n|poke|p1|Okidogi, M|\n|poke|p1|Sylveon, M|\n|poke|p1|Arcanine-Hisui, F|\n|poke|p1|Mabosstiff, M|\n|poke|p1|Zoroark-Hisui, F|\n|poke|p2|Scream Tail|\n|poke|p2|Ursaluna, M|\n|poke|p2|Torkoal, M|\n|poke|p2|Klefki, M|\n|poke|p2|Amoonguss, M|\n|poke|p2|Great Tusk|\n|teampreview\n|\n|t:|1697599596\n|start\n|switch|p1a: Sylveon|Sylveon, M|100\/100\n|switch|p1b: Arcanine|Arcanine-Hisui, F|100\/100\n|switch|p2a: Mambo|Scream Tail|100\/100\n|switch|p2b: Toad|Amoonguss, M, shiny|100\/100\n|turn|1\n|\n|t:|1697599632\n|move|p2b: Toad|Rage Powder|p2b: Toad\n|-singleturn|p2b: Toad|move: Rage Powder\n|move|p1b: Arcanine|Flare Blitz|p2b: Toad\n|-supereffective|p2b: Toad\n|-damage|p2b: Toad|14\/100\n|-enditem|p2b: Toad|Sitrus Berry|[eat]\n|-heal|p2b: Toad|39\/100|[from] item: Sitrus Berry\n|move|p1a: Sylveon|Light Screen|p1a: Sylveon\n|-sidestart|p1: OceanHazel|move: Light Screen\n|move|p2a: Mambo|Trick Room|p2a: Mambo\n|-fieldstart|move: Trick Room|[of] p2a: Mambo\n|\n|upkeep\n|turn|2\n|\n|t:|1697599695\n|move|p2b: Toad|Spore|p1a: Sylveon\n|-status|p1a: Sylveon|slp|[from] move: Spore\n|cant|p1a: Sylveon|slp\n|move|p1b: Arcanine|Flare Blitz|p2b: Toad\n|-supereffective|p2b: Toad\n|-damage|p2b: Toad|0 fnt\n|faint|p2b: Toad\n|move|p2a: Mambo|Roar|p1b: Arcanine\n|drag|p1b: Houndstone|Houndstone, M|100\/100\n|\n|upkeep\n|\n|t:|1697599728\n|switch|p2b: Brick|Torkoal, M|100\/100\n|-weather|SunnyDay|[from] ability: Drought|[of] p2b: Brick\n|-activate|p2a: Mambo|ability: Protosynthesis\n|-start|p2a: Mambo|protosynthesisspd\n|turn|3\n|\n|t:|1697599787\n|-terastallize|p1b: Houndstone|Water\n|move|p2b: Brick|Iron Defense|p2b: Brick\n|-boost|p2b: Brick|def|2\n|-curestatus|p1a: Sylveon|slp|[msg]\n|move|p1a: Sylveon|Draining Kiss|p2b: Brick\n|-resisted|p2b: Brick\n|-damage|p2b: Brick|87\/100\n|move|p1b: Houndstone|Last Respects|p2a: Mambo\n|-supereffective|p2a: Mambo\n|-damage|p2a: Mambo|78\/100\n|move|p2a: Mambo|Psychic Fangs|p1a: Sylveon\n|-sideend|p1: OceanHazel|move: Light Screen\n|-damage|p1a: Sylveon|75\/100\n|\n|-weather|SunnyDay|[upkeep]\n|upkeep\n|turn|4\n|\n|t:|1697599821\n|move|p2b: Brick|Eruption|p1a: Sylveon|[spread] p1a,p1b\n|-resisted|p1b: Houndstone\n|-damage|p1a: Sylveon|53\/100\n|-damage|p1b: Houndstone|68\/100\n|move|p1a: Sylveon|Draining Kiss|p2b: Brick\n|-resisted|p2b: Brick\n|-damage|p2b: Brick|75\/100\n|-heal|p1a: Sylveon|61\/100|[from] drain|[of] p2b: Brick\n|move|p1b: Houndstone|Body Press|p2b: Brick\n|-damage|p2b: Brick|69\/100\n|move|p2a: Mambo|Psychic Fangs|p1b: Houndstone\n|-damage|p1b: Houndstone|57\/100\n|\n|-weather|SunnyDay|[upkeep]\n|-heal|p1b: Houndstone|63\/100|[from] item: Leftovers\n|upkeep\n|turn|5\n|\n|t:|1697599861\n|switch|p1a: Arcanine|Arcanine-Hisui, F|100\/100\n|move|p2b: Brick|Iron Defense|p2b: Brick\n|-boost|p2b: Brick|def|2\n|move|p1b: Houndstone|Will-O-Wisp|p2a: Mambo\n|-status|p2a: Mambo|brn\n|move|p2a: Mambo|Roar|p1a: Arcanine\n|drag|p1a: Sylveon|Sylveon, M|100\/100\n|\n|-weather|SunnyDay|[upkeep]\n|-heal|p1b: Houndstone|69\/100|[from] item: Leftovers\n|-damage|p2a: Mambo|72\/100 brn|[from] brn\n|-fieldend|move: Trick Room\n|upkeep\n|turn|6\n|\n|t:|1697599924\n|switch|p1b: Arcanine|Arcanine-Hisui, F|100\/100\n|move|p1a: Sylveon|Bitter Malice|p2a: Mambo\n|-supereffective|p2a: Mambo\n|-damage|p2a: Mambo|19\/100 brn\n|-unboost|p2a: Mambo|atk|1\n|move|p2b: Brick|Eruption|p1b: Arcanine|[spread] p1a,p1b\n|-resisted|p1b: Arcanine\n|-damage|p1a: Sylveon|26\/100\n|-damage|p1b: Arcanine|89\/100\n|replace|p1a: Zoroark|Zoroark-Hisui, F\n|-end|p1a: Zoroark|Illusion\n|move|p2a: Mambo|Trick Room|p2a: Mambo\n|-fieldstart|move: Trick Room|[of] p2a: Mambo\n|\n|-weather|SunnyDay|[upkeep]\n|-damage|p2a: Mambo|12\/100 brn|[from] brn\n|upkeep\n|turn|7\n|\n|t:|1697599963\n|move|p2b: Brick|Eruption|p1a: Zoroark|[spread] p1a,p1b\n|-resisted|p1b: Arcanine\n|-damage|p1a: Zoroark|0 fnt\n|-damage|p1b: Arcanine|78\/100\n|faint|p1a: Zoroark\n|move|p2a: Mambo|Wish|p2a: Mambo\n|move|p1b: Arcanine|Rock Blast|p2b: Brick\n|-supereffective|p2b: Brick\n|-damage|p2b: Brick|64\/100\n|-supereffective|p2b: Brick\n|-damage|p2b: Brick|58\/100\n|-hitcount|p2b: Brick|2\n|\n|-weather|SunnyDay|[upkeep]\n|-damage|p2a: Mambo|6\/100 brn|[from] brn\n|upkeep\n|\n|t:|1697599998\n|switch|p1a: Okidogi|Okidogi, M|100\/100\n|turn|8\n|\n|t:|1697600033\n|-terastallize|p2b: Brick|Water\n|move|p2b: Brick|Tera Blast|p1b: Arcanine|[anim] Tera Blast Water\n|-supereffective|p1b: Arcanine\n|-damage|p1b: Arcanine|17\/100\n|move|p1a: Okidogi|Shadow Claw|p2a: Mambo\n|-supereffective|p2a: Mambo\n|-damage|p2a: Mambo|0 fnt\n|-damage|p1a: Okidogi|84\/100|[from] item: Rocky Helmet|[of] p2a: Mambo\n|faint|p2a: Mambo\n|-end|p2a: Mambo|Protosynthesis|[silent]\n|move|p1b: Arcanine|Rock Blast|p2b: Brick\n|-damage|p2b: Brick|55\/100\n|-damage|p2b: Brick|53\/100\n|-hitcount|p2b: Brick|2\n|\n|-weather|SunnyDay|[upkeep]\n|upkeep\n|\n|t:|1697600081\n|switch|p2a: Bernstein|Ursaluna, M|100\/100\n|turn|9\n|\n|t:|1697600113\n|switch|p1b: Mabosstiff|Mabosstiff, M|100\/100\n|-ability|p1b: Mabosstiff|Intimidate|boost\n|-unboost|p2a: Bernstein|atk|1\n|-unboost|p2b: Brick|atk|1\n|move|p2b: Brick|Protect|p2b: Brick\n|-singleturn|p2b: Brick|Protect\n|move|p2a: Bernstein|Earthquake|p1b: Mabosstiff|[spread] p1a,p1b\n|-activate|p2b: Brick|move: Protect\n|-supereffective|p1a: Okidogi\n|-crit|p1a: Okidogi\n|-damage|p1a: Okidogi|0 fnt\n|-damage|p1b: Mabosstiff|65\/100\n|faint|p1a: Okidogi\n|\n|-weather|SunnyDay|[upkeep]\n|-status|p2a: Bernstein|brn|[from] item: Flame Orb\n|upkeep\n|\n|t:|1697600131\n|switch|p1a: Arcanine|Arcanine-Hisui, F|17\/100\n|turn|10\n|\n|t:|1697600158\n|move|p2b: Brick|Eruption|p1b: Mabosstiff|[spread] p1a,p1b\n|-resisted|p1a: Arcanine\n|-damage|p1a: Arcanine|8\/100\n|-damage|p1b: Mabosstiff|25\/100\n|move|p2a: Bernstein|Earthquake|p1b: Mabosstiff|[spread] p2b,p1a,p1b\n|-supereffective|p1a: Arcanine\n|-crit|p1b: Mabosstiff\n|-damage|p2b: Brick|43\/100\n|-damage|p1a: Arcanine|0 fnt\n|-damage|p1b: Mabosstiff|0 fnt\n|faint|p1a: Arcanine\n|faint|p1b: Mabosstiff\n|\n|-weather|none\n|-damage|p2a: Bernstein|94\/100 brn|[from] brn\n|-fieldend|move: Trick Room\n|upkeep\n|\n|t:|1697600170\n|switch|p1a: Sylveon|Sylveon, M|61\/100\n|switch|p1b: Houndstone|Houndstone, M, tera:Water|69\/100\n|turn|11\n|\n|t:|1697600194\n|move|p1b: Houndstone|Last Respects|p2b: Brick\n|-damage|p2b: Brick|25\/100\n|move|p1a: Sylveon|Draining Kiss|p2a: Bernstein\n|-crit|p2a: Bernstein\n|-damage|p2a: Bernstein|71\/100 brn\n|-heal|p1a: Sylveon|81\/100|[from] drain|[of] p2a: Bernstein\n|move|p2a: Bernstein|Stone Edge|p1b: Houndstone|[miss]\n|-miss|p2a: Bernstein|p1b: Houndstone\n|move|p2b: Brick|Eruption|p1a: Sylveon|[spread] p1a,p1b\n|-resisted|p1b: Houndstone\n|-damage|p1a: Sylveon|77\/100\n|-damage|p1b: Houndstone|64\/100\n|\n|-heal|p1b: Houndstone|70\/100|[from] item: Leftovers\n|-damage|p2a: Bernstein|65\/100 brn|[from] brn\n|upkeep\n|turn|12\n|\n|t:|1697600217\n|move|p2b: Brick|Protect|p2b: Brick\n|-singleturn|p2b: Brick|Protect\n|move|p1b: Houndstone|Body Press|p2a: Bernstein\n|-supereffective|p2a: Bernstein\n|-damage|p2a: Bernstein|41\/100 brn\n|move|p1a: Sylveon|Reflect|p1a: Sylveon\n|-sidestart|p1: OceanHazel|Reflect\n|move|p2a: Bernstein|Earthquake|p1a: Sylveon|[spread] p1a,p1b\n|-activate|p2b: Brick|move: Protect\n|-damage|p1a: Sylveon|42\/100\n|-damage|p1b: Houndstone|41\/100\n|\n|-heal|p1b: Houndstone|47\/100|[from] item: Leftovers\n|-damage|p2a: Bernstein|34\/100 brn|[from] brn\n|upkeep\n|turn|13\n|\n|t:|1697600257\n|move|p1b: Houndstone|Body Press|p2a: Bernstein\n|-supereffective|p2a: Bernstein\n|-damage|p2a: Bernstein|10\/100 brn\n|move|p1a: Sylveon|Draining Kiss|p2b: Brick\n|-damage|p2b: Brick|1\/100\n|-heal|p1a: Sylveon|58\/100|[from] drain|[of] p2b: Brick\n|move|p2a: Bernstein|Stone Edge|p1a: Sylveon\n|-damage|p1a: Sylveon|26\/100\n|move|p2b: Brick|Eruption|p1a: Sylveon|[spread] p1a,p1b\n|-crit|p1a: Sylveon\n|-resisted|p1b: Houndstone\n|-damage|p1a: Sylveon|25\/100\n|-damage|p1b: Houndstone|47\/100\n|\n|-heal|p1b: Houndstone|53\/100|[from] item: Leftovers\n|-damage|p2a: Bernstein|4\/100 brn|[from] brn\n|upkeep\n|turn|14\n|\n|t:|1697600298\n|switch|p2a: Fabar|Great Tusk, shiny|100\/100\n|move|p2b: Brick|Protect|p2b: Brick\n|-singleturn|p2b: Brick|Protect\n|move|p1a: Sylveon|Quick Attack|p2b: Brick\n|-activate|p2b: Brick|move: Protect\n|move|p1b: Houndstone|Body Press|p2a: Fabar\n|-damage|p2a: Fabar|88\/100\n|\n|-heal|p1b: Houndstone|59\/100|[from] item: Leftovers\n|upkeep\n|turn|15\n|\n|t:|1697600334\n|move|p1a: Sylveon|Quick Attack|p2b: Brick\n|-damage|p2b: Brick|0 fnt\n|faint|p2b: Brick\n|move|p2a: Fabar|Headlong Rush|p1a: Sylveon\n|-damage|p1a: Sylveon|0 fnt\n|-unboost|p2a: Fabar|def|1\n|-unboost|p2a: Fabar|spd|1\n|faint|p1a: Sylveon\n|move|p1b: Houndstone|Play Rough|p2a: Fabar\n|-supereffective|p2a: Fabar\n|-damage|p2a: Fabar|40\/100\n|\n|-heal|p1b: Houndstone|65\/100|[from] item: Leftovers\n|upkeep\n|\n|t:|1697600346\n|switch|p2b: Kingdom Hearts|Klefki, M|100\/100\n|turn|16\n|\n|t:|1697600375\n|move|p2b: Kingdom Hearts|Thunder Wave|p1b: Houndstone\n|-status|p1b: Houndstone|par\n|move|p2a: Fabar|Close Combat|p1b: Houndstone\n|-damage|p1b: Houndstone|42\/100 par\n|-unboost|p2a: Fabar|def|1\n|-unboost|p2a: Fabar|spd|1\n|move|p1b: Houndstone|Play Rough|p2a: Fabar\n|-supereffective|p2a: Fabar\n|-damage|p2a: Fabar|0 fnt\n|faint|p2a: Fabar\n|-end|p2a: Fabar|Protosynthesis|[silent]\n|\n|-heal|p1b: Houndstone|48\/100 par|[from] item: Leftovers\n|upkeep\n|\n|t:|1697600388\n|switch|p2a: Bernstein|Ursaluna, M|4\/100 brn\n|turn|17\n|\n|t:|1697600407\n|move|p2b: Kingdom Hearts|Play Rough|p1b: Houndstone\n|-damage|p1b: Houndstone|40\/100 par\n|move|p2a: Bernstein|Body Slam|p1b: Houndstone\n|-damage|p1b: Houndstone|15\/100 par\n|move|p1b: Houndstone|Body Press|p2b: Kingdom Hearts\n|-damage|p2b: Kingdom Hearts|86\/100\n|\n|-heal|p2b: Kingdom Hearts|92\/100|[from] item: Leftovers\n|-heal|p1b: Houndstone|21\/100 par|[from] item: Leftovers\n|-damage|p2a: Bernstein|0 fnt|[from] brn\n|faint|p2a: Bernstein\n|upkeep\n|turn|18\n|\n|t:|1697600425\n|move|p2b: Kingdom Hearts|Play Rough|p1b: Houndstone\n|-damage|p1b: Houndstone|12\/100 par\n|-unboost|p1b: Houndstone|atk|1\n|move|p1b: Houndstone|Last Respects|p2b: Kingdom Hearts\n|-damage|p2b: Kingdom Hearts|31\/100\n|\n|-heal|p2b: Kingdom Hearts|37\/100|[from] item: Leftovers\n|-heal|p1b: Houndstone|18\/100 par|[from] item: Leftovers\n|upkeep\n|turn|19\n|\n|t:|1697600438\n|move|p2b: Kingdom Hearts|Play Rough|p1b: Houndstone\n|-damage|p1b: Houndstone|10\/100 par\n|cant|p1b: Houndstone|par\n|\n|-heal|p2b: Kingdom Hearts|43\/100|[from] item: Leftovers\n|-heal|p1b: Houndstone|16\/100 par|[from] item: Leftovers\n|-sideend|p1: OceanHazel|Reflect\n|upkeep\n|turn|20\n|\n|t:|1697600449\n|move|p2b: Kingdom Hearts|Play Rough|p1b: Houndstone\n|-damage|p1b: Houndstone|4\/100 par\n|move|p1b: Houndstone|Last Respects|p2b: Kingdom Hearts\n|-damage|p2b: Kingdom Hearts|0 fnt\n|faint|p2b: Kingdom Hearts\n|\n|win|OceanHazel\n","uploadtime":1697600459,"views":13,"p1id":"oceanhazel","p2id":"chuuugs","formatid":"gen9nationaldexdoubles","rating":0,"private":0,"password":""}