{"id":"gen9nationaldexdoubles-1990069100","p1":"BOOOM lN UR FACE","p2":"JoeIsHereG","format":"[Gen 9] National Dex Doubles","log":"|j|\u2606BOOOM lN UR FACE\n|j|\u2606JoeIsHereG\n|t:|1699921205\n|gametype|doubles\n|player|p1|BOOOM lN UR FACE|richboy-gen4|1085\n|player|p2|JoeIsHereG|backersf|1139\n|teamsize|p1|6\n|teamsize|p2|6\n|gen|9\n|tier|[Gen 9] National Dex Doubles\n|rated|\n|rule|HP Percentage Mod: HP is shown in percentages\n|rule|Endless Battle Clause: Forcing endless battles is banned\n|rule|OHKO Clause: OHKO moves are banned\n|rule|Evasion Moves Clause: Evasion moves are banned\n|rule|Evasion Abilities Clause: Evasion abilities are banned\n|rule|Species Clause: Limit one of each Pok\u00e9mon\n|rule|Gravity Sleep Clause: The combination of sleep-inducing moves with imperfect accuracy and Gravity or Gigantamax Orbeetle are banned\n|clearpoke\n|poke|p1|Indeedee, M|\n|poke|p1|Regieleki|\n|poke|p1|Meowscarada, F|\n|poke|p1|Spectrier|\n|poke|p1|Murkrow, F|\n|poke|p1|Shuckle, F|\n|poke|p2|Gardevoir, F|\n|poke|p2|Meowscarada, F|\n|poke|p2|Landorus-Therian, M|\n|poke|p2|Scream Tail|\n|poke|p2|Dragapult, F|\n|poke|p2|Gastrodon-East, M|\n|teampreview\n|inactive|Battle timer is ON: inactive players will automatically lose when time's up. (requested by JoeIsHereG)\n|\n|t:|1699921212\n|start\n|switch|p1a: Murkrow|Murkrow, F|100\/100\n|switch|p1b: Shuckle|Shuckle, F|100\/100\n|switch|p2a: Landorus|Landorus-Therian, M|100\/100\n|switch|p2b: Gastrodon|Gastrodon-East, M|100\/100\n|-ability|p2a: Landorus|Intimidate|boost\n|-unboost|p1a: Murkrow|atk|1\n|-unboost|p1b: Shuckle|atk|1\n|turn|1\n|\n|t:|1699921227\n|move|p1a: Murkrow|Taunt|p2a: Landorus\n|-start|p2a: Landorus|move: Taunt\n|move|p2a: Landorus|Rock Slide|p1b: Shuckle|[spread] p1a,p1b\n|-supereffective|p1a: Murkrow\n|-supereffective|p1b: Shuckle\n|-damage|p1a: Murkrow|15\/100\n|-damage|p1b: Shuckle|77\/100\n|move|p2b: Gastrodon|Stealth Rock|p1b: Shuckle\n|-sidestart|p1: BOOOM lN UR FACE|move: Stealth Rock\n|cant|p1b: Shuckle|flinch\n|\n|upkeep\n|turn|2\n|\n|t:|1699921243\n|move|p1a: Murkrow|Perish Song|p1a: Murkrow\n|-start|p1a: Murkrow|perish3|[silent]\n|-start|p1b: Shuckle|perish3|[silent]\n|-start|p2a: Landorus|perish3|[silent]\n|-start|p2b: Gastrodon|perish3|[silent]\n|-fieldactivate|move: Perish Song\n|move|p2a: Landorus|U-turn|p1b: Shuckle\n|-damage|p1b: Shuckle|60\/100\n|\n|t:|1699921251\n|switch|p2a: Scream Tail|Scream Tail|100\/100|[from] U-turn\n|-enditem|p2a: Scream Tail|Booster Energy\n|-activate|p2a: Scream Tail|ability: Protosynthesis|[fromitem]\n|-start|p2a: Scream Tail|protosynthesisspe\n|move|p2b: Gastrodon|Ancient Power|p1a: Murkrow\n|-supereffective|p1a: Murkrow\n|-damage|p1a: Murkrow|0 fnt\n|faint|p1a: Murkrow\n|move|p1b: Shuckle|Stealth Rock|p2a: Scream Tail\n|-sidestart|p2: JoeIsHereG|move: Stealth Rock\n|\n|-start|p2b: Gastrodon|perish3\n|-start|p1b: Shuckle|perish3\n|upkeep\n|\n|t:|1699921270\n|switch|p1a: Meowscarada|Meowscarada, F|100\/100\n|-damage|p1a: Meowscarada|88\/100|[from] Stealth Rock\n|turn|3\n|\n|t:|1699921282\n|move|p1a: Meowscarada|Sucker Punch||[still]\n|-fail|p1a: Meowscarada\n|move|p2a: Scream Tail|Bulk Up|p2a: Scream Tail\n|-boost|p2a: Scream Tail|atk|1\n|-boost|p2a: Scream Tail|def|1\n|move|p2b: Gastrodon|Scald|p1b: Shuckle\n|-supereffective|p1b: Shuckle\n|-damage|p1b: Shuckle|23\/100\n|-status|p1b: Shuckle|brn\n|move|p1b: Shuckle|Power Split|p2a: Scream Tail\n|-activate|p1b: Shuckle|move: Power Split|[of] p2a: Scream Tail\n|\n|-damage|p1b: Shuckle|17\/100 brn|[from] brn\n|-start|p2b: Gastrodon|perish2\n|-start|p1b: Shuckle|perish2\n|upkeep\n|turn|4\n|inactive|JoeIsHereG has 120 seconds left.\n|\n|t:|1699921312\n|move|p1a: Meowscarada|Sucker Punch||[still]\n|-fail|p1a: Meowscarada\n|move|p2a: Scream Tail|Bulk Up|p2a: Scream Tail\n|-boost|p2a: Scream Tail|atk|1\n|-boost|p2a: Scream Tail|def|1\n|move|p2b: Gastrodon|Scald|p1b: Shuckle\n|-supereffective|p1b: Shuckle\n|-damage|p1b: Shuckle|0 fnt\n|faint|p1b: Shuckle\n|\n|-start|p2b: Gastrodon|perish1\n|upkeep\n|\n|t:|1699921324\n|switch|p1b: Spectrier|Spectrier|100\/100\n|-damage|p1b: Spectrier|88\/100|[from] Stealth Rock\n|turn|5\n|inactive|JoeIsHereG has 120 seconds left.\n|\n|t:|1699921356\n|switch|p2b: Dragapult|Dragapult, F, shiny|100\/100\n|-damage|p2b: Dragapult|88\/100|[from] Stealth Rock\n|move|p1a: Meowscarada|Sucker Punch||[still]\n|-fail|p1a: Meowscarada\n|move|p2a: Scream Tail|Baton Pass|p2a: Scream Tail\n|inactive|JoeIsHereG has 120 seconds left.\n|\n|t:|1699921372\n|-end|p2a: Scream Tail|Protosynthesis|[silent]\n|switch|p2a: Landorus|Landorus-Therian, M|100\/100|[from] Baton Pass\n|-ability|p2a: Landorus|Intimidate|boost\n|-unboost|p1a: Meowscarada|atk|1\n|-unboost|p1b: Spectrier|atk|1\n|move|p1b: Spectrier|Shadow Ball|p2a: Landorus\n|-damage|p2a: Landorus|47\/100\n|-unboost|p2a: Landorus|spd|1\n|\n|upkeep\n|turn|6\n|\n|t:|1699921391\n|switch|p1a: Indeedee|Indeedee, M|100\/100\n|-damage|p1a: Indeedee|88\/100|[from] Stealth Rock\n|-fieldstart|move: Psychic Terrain|[from] ability: Psychic Surge|[of] p1a: Indeedee\n|move|p2b: Dragapult|Hex|p1b: Spectrier\n|-supereffective|p1b: Spectrier\n|-damage|p1b: Spectrier|35\/100\n|move|p1b: Spectrier|Shadow Ball|p2a: Landorus\n|-damage|p2a: Landorus|0 fnt\n|faint|p2a: Landorus\n|-ability|p1b: Spectrier|Grim Neigh|boost\n|-boost|p1b: Spectrier|spa|1\n|\n|upkeep\n|inactive|JoeIsHereG has 120 seconds left.\n|\n|t:|1699921407\n|switch|p2a: Meowscarada|Meowscarada, F|100\/100\n|-damage|p2a: Meowscarada|88\/100|[from] Stealth Rock\n|turn|7\n|inactive|BOOOM lN UR FACE has 120 seconds left.\n|inactive|BOOOM lN UR FACE has 90 seconds left.\n|\n|t:|1699921490\n|-terastallize|p1b: Spectrier|Fairy\n|move|p1a: Indeedee|Expanding Force|p2b: Dragapult|[spread] p2b\n|-immune|p2a: Meowscarada\n|-damage|p2b: Dragapult|25\/100\n|-start|p1a: Indeedee|Disable|Expanding Force|[from] ability: Cursed Body|[of] p2b: Dragapult\n|move|p2b: Dragapult|Hex|p1b: Spectrier\n|-damage|p1b: Spectrier|8\/100\n|move|p1b: Spectrier|Tera Blast|p2a: Meowscarada|[anim] Tera Blast Fairy\n|-supereffective|p2a: Meowscarada\n|-damage|p2a: Meowscarada|0 fnt\n|faint|p2a: Meowscarada\n|-ability|p1b: Spectrier|Grim Neigh|boost\n|-boost|p1b: Spectrier|spa|1\n|\n|upkeep\n|inactive|JoeIsHereG has 120 seconds left.\n|\n|t:|1699921516\n|switch|p2a: Gastrodon|Gastrodon-East, M|100\/100\n|-damage|p2a: Gastrodon|94\/100|[from] Stealth Rock\n|turn|8\n|inactive|BOOOM lN UR FACE has 90 seconds left.\n|\n|t:|1699921537\n|switch|p1a: Regieleki|Regieleki|100\/100\n|-damage|p1a: Regieleki|88\/100|[from] Stealth Rock\n|move|p2b: Dragapult|Hex|p1a: Regieleki\n|-damage|p1a: Regieleki|47\/100\n|move|p1b: Spectrier|Psychic|p2a: Gastrodon\n|-crit|p2a: Gastrodon\n|-damage|p2a: Gastrodon|0 fnt\n|faint|p2a: Gastrodon\n|-ability|p1b: Spectrier|Grim Neigh|boost\n|-boost|p1b: Spectrier|spa|1\n|\n|upkeep\n|\n|t:|1699921548\n|switch|p2a: Gardevoir|Gardevoir, F, shiny|100\/100\n|-damage|p2a: Gardevoir|88\/100|[from] Stealth Rock\n|turn|9\n|\n|t:|1699921566\n|move|p1a: Regieleki|Thunderbolt|p2b: Dragapult\n|-resisted|p2b: Dragapult\n|-damage|p2b: Dragapult|0 fnt\n|faint|p2b: Dragapult\n|move|p1b: Spectrier|Shadow Ball|p2a: Gardevoir\n|-supereffective|p2a: Gardevoir\n|-damage|p2a: Gardevoir|0 fnt\n|faint|p2a: Gardevoir\n|-ability|p1b: Spectrier|Grim Neigh|boost\n|-boost|p1b: Spectrier|spa|1\n|\n|upkeep\n|-message|JoeIsHereG forfeited.\n|\n|win|BOOOM lN UR FACE\n|raw|BOOOM lN UR FACE's rating: 1085 &rarr; <strong>1116<\/strong><br \/>(+31 for winning)\n|raw|JoeIsHereG's rating: 1139 &rarr; <strong>1110<\/strong><br \/>(-29 for losing)\n|l|\u2606JoeIsHereG\n","uploadtime":1699921580,"views":6,"p1id":"booomlnurface","p2id":"joeishereg","formatid":"gen9nationaldexdoubles","rating":1110,"private":0,"password":""}