{"id":"gen9nationaldexdoubles-1992252369","p1":"vicentfox","p2":"Amarutheone","format":"[Gen 9] National Dex Doubles","log":"|j|\u2606vicentfox\n|j|\u2606Amarutheone\n|t:|1700167888\n|gametype|doubles\n|player|p1|vicentfox|pokemaniac|\n|player|p2|Amarutheone|hilbert-masters|\n|teamsize|p1|6\n|teamsize|p2|6\n|gen|9\n|tier|[Gen 9] National Dex Doubles\n|rule|HP Percentage Mod: HP is shown in percentages\n|rule|Endless Battle Clause: Forcing endless battles is banned\n|rule|OHKO Clause: OHKO moves are banned\n|rule|Evasion Moves Clause: Evasion moves are banned\n|rule|Evasion Abilities Clause: Evasion abilities are banned\n|rule|Species Clause: Limit one of each Pok\u00e9mon\n|rule|Gravity Sleep Clause: The combination of sleep-inducing moves with imperfect accuracy and Gravity or Gigantamax Orbeetle are banned\n|clearpoke\n|poke|p1|Greninja-*, M|\n|poke|p1|Garchomp, F|\n|poke|p1|Xurkitree|\n|poke|p1|Charizard, M|\n|poke|p1|Blissey, F|\n|poke|p1|Hawlucha, M|\n|poke|p2|Sceptile, M|\n|poke|p2|Meowstic, M|\n|poke|p2|Seismitoad, M|\n|poke|p2|Lucario, M|\n|poke|p2|Decidueye, M|\n|poke|p2|Tapu Koko|\n|teampreview\n|\n|t:|1700167923\n|start\n|switch|p1a: Charizard|Charizard, M, shiny|100\/100\n|switch|p1b: Xurkitree|Xurkitree|100\/100\n|switch|p2a: Leonidas|Seismitoad, M|100\/100\n|switch|p2b: Meowstic|Meowstic, M|100\/100\n|turn|1\n|\n|t:|1700167961\n|detailschange|p1a: Charizard|Charizard-Mega-X, M, shiny\n|-mega|p1a: Charizard|Charizard|Charizardite X\n|move|p2b: Meowstic|Light Screen|p2b: Meowstic\n|-sidestart|p2: Amarutheone|move: Light Screen\n|move|p1a: Charizard|Flare Blitz|p2a: Leonidas\n|-resisted|p2a: Leonidas\n|-damage|p2a: Leonidas|64\/100\n|-damage|p1a: Charizard|84\/100|[from] Recoil\n|move|p1b: Xurkitree|Grass Knot|p2b: Meowstic\n|-damage|p2b: Meowstic|95\/100\n|move|p2a: Leonidas|Earthquake|p1b: Xurkitree|[spread] p2b,p1a,p1b\n|-supereffective|p1a: Charizard\n|-supereffective|p1b: Xurkitree\n|-damage|p2b: Meowstic|65\/100\n|-damage|p1a: Charizard|29\/100\n|-damage|p1b: Xurkitree|20\/100\n|\n|-heal|p2a: Leonidas|70\/100|[from] item: Leftovers\n|upkeep\n|turn|2\n|\n|t:|1700167999\n|switch|p1a: Hawlucha|Hawlucha, M|100\/100\n|switch|p1b: Garchomp|Garchomp, F|100\/100\n|move|p2b: Meowstic|Light Screen||[still]\n|-fail|p2b: Meowstic\n|move|p2a: Leonidas|Rock Slide|p1a: Hawlucha|[spread] p1b\n|-miss|p2a: Leonidas|p1a: Hawlucha\n|-resisted|p1b: Garchomp\n|-damage|p1b: Garchomp|93\/100\n|\n|-heal|p2a: Leonidas|76\/100|[from] item: Leftovers\n|upkeep\n|turn|3\n|\n|t:|1700168025\n|switch|p2a: Nikola Tesla|Tapu Koko|100\/100\n|-fieldstart|move: Electric Terrain|[from] ability: Electric Surge|[of] p2a: Nikola Tesla\n|-terastallize|p1a: Hawlucha|Fighting\n|move|p2b: Meowstic|Reflect|p2b: Meowstic\n|-sidestart|p2: Amarutheone|Reflect\n|move|p1a: Hawlucha|Swords Dance|p1a: Hawlucha\n|-boost|p1a: Hawlucha|atk|2\n|-zpower|p1b: Garchomp\n|move|p1b: Garchomp|Devastating Drake|p2b: Meowstic|[zeffect]\n|-damage|p2b: Meowstic|0 fnt\n|faint|p2b: Meowstic\n|\n|upkeep\n|\n|t:|1700168041\n|switch|p2b: Phantom|Sceptile, M|100\/100\n|turn|4\n|\n|t:|1700168054\n|move|p2a: Nikola Tesla|Thunderbolt|p1a: Hawlucha\n|-damage|p1a: Hawlucha|39\/100\n|move|p2b: Phantom|Dragon Pulse|p1b: Garchomp\n|-supereffective|p1b: Garchomp\n|-damage|p1b: Garchomp|38\/100\n|move|p1a: Hawlucha|Swords Dance|p1a: Hawlucha\n|-boost|p1a: Hawlucha|atk|2\n|move|p1b: Garchomp|Dragon Claw|p2b: Phantom\n|-damage|p2b: Phantom|51\/100\n|\n|upkeep\n|turn|5\n|\n|t:|1700168076\n|switch|p1a: Charizard|Charizard-Mega-X, M, shiny|29\/100\n|switch|p1b: Xurkitree|Xurkitree|20\/100\n|detailschange|p2b: Phantom|Sceptile-Mega, M\n|-mega|p2b: Phantom|Sceptile|Sceptilite\n|move|p2b: Phantom|Earthquake|p1a: Charizard|[spread] p2a,p1a,p1b\n|-supereffective|p2a: Nikola Tesla\n|-supereffective|p1a: Charizard\n|-supereffective|p1b: Xurkitree\n|-damage|p2a: Nikola Tesla|69\/100\n|-damage|p1a: Charizard|0 fnt\n|-damage|p1b: Xurkitree|0 fnt\n|faint|p1a: Charizard\n|faint|p1b: Xurkitree\n|move|p2a: Nikola Tesla|Dazzling Gleam|p1: Charizard|[notarget]\n|-fail|p2a: Nikola Tesla\n|\n|upkeep\n|\n|t:|1700168092\n|switch|p1a: Blissey|Blissey, F|100\/100\n|switch|p1b: Garchomp|Garchomp, F|38\/100\n|turn|6\n|\n|t:|1700168103\n|move|p1a: Blissey|Protect|p1a: Blissey\n|-singleturn|p1a: Blissey|Protect\n|move|p2b: Phantom|Dragon Pulse|p1b: Garchomp\n|-supereffective|p1b: Garchomp\n|-damage|p1b: Garchomp|0 fnt\n|faint|p1b: Garchomp\n|move|p2a: Nikola Tesla|Thunderbolt|p2b: Phantom\n|-ability|p2b: Phantom|Lightning Rod|boost\n|-boost|p2b: Phantom|spa|1\n|\n|upkeep\n|\n|t:|1700168112\n|switch|p1b: Greninja|Greninja, M, shiny|100\/100\n|turn|7\n|\n|t:|1700168123\n|move|p2b: Phantom|Energy Ball|p1b: Greninja\n|-supereffective|p1b: Greninja\n|-damage|p1b: Greninja|0 fnt\n|faint|p1b: Greninja\n|move|p2a: Nikola Tesla|Thunderbolt|p2b: Phantom\n|-ability|p2b: Phantom|Lightning Rod|boost\n|-boost|p2b: Phantom|spa|1\n|move|p1a: Blissey|Toxic|p1: Greninja|[notarget]\n|-fail|p1a: Blissey\n|\n|-fieldend|move: Electric Terrain\n|upkeep\n|\n|t:|1700168135\n|switch|p1b: Hawlucha|Hawlucha, M, tera:Fighting|39\/100\n|turn|8\n|\n|t:|1700168162\n|move|p1a: Blissey|Protect|p1a: Blissey\n|-singleturn|p1a: Blissey|Protect\n|move|p2b: Phantom|Energy Ball|p1b: Hawlucha\n|-damage|p1b: Hawlucha|0 fnt\n|faint|p1b: Hawlucha\n|move|p2a: Nikola Tesla|Thunderbolt|p2b: Phantom\n|-ability|p2b: Phantom|Lightning Rod|boost\n|-boost|p2b: Phantom|spa|1\n|\n|-sideend|p2: Amarutheone|move: Light Screen\n|upkeep\n|turn|9\n|\n|t:|1700168186\n|move|p2b: Phantom|Hidden Power|p1a: Blissey\n|-damage|p1a: Blissey|80\/100\n|move|p2a: Nikola Tesla|Thunderbolt|p2b: Phantom\n|-ability|p2b: Phantom|Lightning Rod|boost\n|-boost|p2b: Phantom|spa|1\n|move|p1a: Blissey|Stealth Rock|p2a: Nikola Tesla\n|-sidestart|p2: Amarutheone|move: Stealth Rock\n|\n|-heal|p1a: Blissey|86\/100|[from] item: Leftovers\n|upkeep\n|turn|10\n|\n|t:|1700168198\n|move|p2b: Phantom|Hidden Power|p1a: Blissey\n|-damage|p1a: Blissey|63\/100\n|move|p2a: Nikola Tesla|Thunderbolt|p2b: Phantom\n|-ability|p2b: Phantom|Lightning Rod|boost\n|-boost|p2b: Phantom|spa|1\n|move|p1a: Blissey|Toxic|p1: Hawlucha|[notarget]\n|-fail|p1a: Blissey\n|\n|-heal|p1a: Blissey|69\/100|[from] item: Leftovers\n|-sideend|p2: Amarutheone|Reflect\n|upkeep\n|turn|11\n|\n|t:|1700168211\n|move|p2b: Phantom|Hidden Power|p1a: Blissey\n|-damage|p1a: Blissey|39\/100\n|move|p2a: Nikola Tesla|Thunderbolt|p2b: Phantom\n|-ability|p2b: Phantom|Lightning Rod|boost\n|-boost|p2b: Phantom|spa|1\n|move|p1a: Blissey|Seismic Toss|p1: Hawlucha|[notarget]\n|-fail|p1a: Blissey\n|\n|-heal|p1a: Blissey|45\/100|[from] item: Leftovers\n|upkeep\n|turn|12\n|\n|t:|1700168264\n|switch|p2a: Decidueye|Decidueye, M|100\/100\n|-damage|p2a: Decidueye|88\/100|[from] Stealth Rock\n|move|p2b: Phantom|Energy Ball|p1a: Blissey\n|-damage|p1a: Blissey|0 fnt\n|faint|p1a: Blissey\n|\n|win|Amarutheone\n|l|\u2606vicentfox\n","uploadtime":1700168501,"views":5,"p1id":"vicentfox","p2id":"amarutheone","formatid":"gen9nationaldexdoubles","rating":0,"private":0,"password":""}