{"id":"gen9nationaldexdoubles-1968439897","p1":"cyndaquilrockz","p2":"JackieNut","format":"[Gen 9] National Dex Doubles","log":"|j|\u2606cyndaquilrockz\n|j|\u2606JackieNut\n|t:|1697418749\n|gametype|doubles\n|player|p1|cyndaquilrockz|pokemonranger-gen4|\n|player|p2|JackieNut|flannery|\n|teamsize|p1|6\n|teamsize|p2|6\n|gen|9\n|tier|[Gen 9] National Dex Doubles\n|rule|HP Percentage Mod: HP is shown in percentages\n|rule|Endless Battle Clause: Forcing endless battles is banned\n|rule|OHKO Clause: OHKO moves are banned\n|rule|Evasion Moves Clause: Evasion moves are banned\n|rule|Evasion Abilities Clause: Evasion abilities are banned\n|rule|Species Clause: Limit one of each Pok\u00e9mon\n|rule|Gravity Sleep Clause: The combination of sleep-inducing moves with imperfect accuracy and Gravity or Gigantamax Orbeetle are banned\n|clearpoke\n|poke|p1|Pincurchin, F|\n|poke|p1|Iron Leaves|\n|poke|p1|Iron Bundle|\n|poke|p1|Ribombee, F|\n|poke|p1|Slowking-Galar, M|\n|poke|p1|Braviary-Hisui, M|\n|poke|p2|Zamazenta-*|\n|poke|p2|Lycanroc-Midnight, F|\n|poke|p2|Shaymin-Sky|\n|poke|p2|Sylveon, M|\n|poke|p2|Arcanine, F|\n|poke|p2|Houndoom, M|\n|teampreview\n|\n|t:|1697418805\n|start\n|switch|p1a: Braviary|Braviary-Hisui, M, shiny|100\/100\n|switch|p1b: Slowking|Slowking-Galar, M|100\/100\n|switch|p2a: gay dog|Sylveon, M|100\/100\n|switch|p2b: wolfie|Lycanroc-Midnight, F|100\/100\n|turn|1\n|\n|t:|1697418914\n|switch|p1a: La Creatura|Pincurchin, F|100\/100\n|-fieldstart|move: Electric Terrain|[from] ability: Electric Surge|[of] p1a: La Creatura\n|switch|p2a: big pupie|Houndoom, M|100\/100\n|move|p2b: wolfie|Stone Edge|p1a: La Creatura\n|-damage|p1a: La Creatura|33\/100\n|move|p1b: Slowking|Sludge Bomb|p2a: big pupie\n|-damage|p2a: big pupie|56\/100\n|-status|p2a: big pupie|psn\n|\n|-damage|p2a: big pupie|43\/100 psn|[from] psn\n|upkeep\n|turn|2\n|\n|t:|1697418957\n|switch|p1b: Iron Leaves|Iron Leaves|100\/100\n|-activate|p1b: Iron Leaves|ability: Quark Drive\n|-start|p1b: Iron Leaves|quarkdriveatk\n|detailschange|p2a: big pupie|Houndoom-Mega, M\n|-mega|p2a: big pupie|Houndoom|Houndoominite\n|move|p1a: La Creatura|Sucker Punch|p2a: big pupie\n|-resisted|p2a: big pupie\n|-damage|p2a: big pupie|30\/100 psn\n|move|p2a: big pupie|Dark Pulse|p1b: Iron Leaves\n|-supereffective|p1b: Iron Leaves\n|-damage|p1b: Iron Leaves|18\/100\n|move|p2b: wolfie|Stone Edge|p1a: La Creatura\n|-damage|p1a: La Creatura|0 fnt\n|faint|p1a: La Creatura\n|\n|-damage|p2a: big pupie|17\/100 psn|[from] psn\n|upkeep\n|\n|t:|1697418965\n|switch|p1a: Ribombee|Ribombee, F|100\/100\n|turn|3\n|\n|t:|1697419049\n|move|p1b: Iron Leaves|Protect|p1b: Iron Leaves\n|-singleturn|p1b: Iron Leaves|Protect\n|move|p1a: Ribombee|Pollen Puff|p1b: Iron Leaves\n|-activate|p1b: Iron Leaves|move: Protect\n|move|p2a: big pupie|Fire Blast|p1a: Ribombee\n|-supereffective|p1a: Ribombee\n|-damage|p1a: Ribombee|0 fnt\n|faint|p1a: Ribombee\n|move|p2b: wolfie|Stone Edge|p1b: Iron Leaves\n|-activate|p1b: Iron Leaves|move: Protect\n|\n|-damage|p2a: big pupie|5\/100 psn|[from] psn\n|upkeep\n|\n|t:|1697419066\n|switch|p1a: Iron Bundle|Iron Bundle|100\/100\n|-activate|p1a: Iron Bundle|ability: Quark Drive\n|-start|p1a: Iron Bundle|quarkdrivespe\n|turn|4\n|\n|t:|1697419093\n|move|p1a: Iron Bundle|Flip Turn|p2a: big pupie\n|-supereffective|p2a: big pupie\n|-damage|p2a: big pupie|0 fnt\n|faint|p2a: big pupie\n|\n|t:|1697419104\n|-end|p1a: Iron Bundle|Quark Drive|[silent]\n|switch|p1a: Braviary|Braviary-Hisui, M, shiny|100\/100|[from] Flip Turn\n|move|p1b: Iron Leaves|Leaf Blade|p2b: wolfie\n|-supereffective|p2b: wolfie\n|-damage|p2b: wolfie|0 fnt\n|faint|p2b: wolfie\n|-damage|p1b: Iron Leaves|8\/100|[from] item: Life Orb\n|\n|upkeep\n|\n|t:|1697419147\n|switch|p2a: gay dog|Sylveon, M|100\/100\n|switch|p2b: mutt|Arcanine, F|100\/100\n|-ability|p2b: mutt|Intimidate|boost\n|-unboost|p1a: Braviary|atk|1\n|-unboost|p1b: Iron Leaves|atk|1\n|turn|5\n|\n|t:|1697419234\n|move|p1b: Iron Leaves|Psyblade|p2a: gay dog\n|-damage|p2a: gay dog|20\/100\n|-damage|p1b: Iron Leaves|0 fnt|[from] item: Life Orb\n|faint|p1b: Iron Leaves\n|-end|p1b: Iron Leaves|Quark Drive|[silent]\n|move|p2b: mutt|Flare Blitz|p1a: Braviary\n|-damage|p1a: Braviary|44\/100\n|-damage|p2b: mutt|76\/100|[from] Recoil\n|move|p1a: Braviary|Calm Mind|p1a: Braviary\n|-boost|p1a: Braviary|spa|1\n|-boost|p1a: Braviary|spd|1\n|move|p2a: gay dog|Substitute|p2a: gay dog\n|-fail|p2a: gay dog|move: Substitute|[weak]\n|\n|-heal|p2a: gay dog|26\/100|[from] item: Leftovers\n|upkeep\n|\n|t:|1697419247\n|switch|p1b: Iron Bundle|Iron Bundle|100\/100\n|-activate|p1b: Iron Bundle|ability: Quark Drive\n|-start|p1b: Iron Bundle|quarkdrivespe\n|turn|6\n|\n|t:|1697419258\n|move|p2b: mutt|Extreme Speed|p1a: Braviary\n|-crit|p1a: Braviary\n|-damage|p1a: Braviary|1\/100\n|move|p1b: Iron Bundle|Hydro Pump|p2b: mutt\n|-supereffective|p2b: mutt\n|-damage|p2b: mutt|0 fnt\n|faint|p2b: mutt\n|move|p1a: Braviary|Esper Wing|p2a: gay dog\n|-damage|p2a: gay dog|0 fnt\n|-boost|p1a: Braviary|spe|1\n|faint|p2a: gay dog\n|\n|upkeep\n|j| Burstdragon1\n|\n|t:|1697419275\n|switch|p2b: doggie|Shaymin-Sky|100\/100\n|switch|p2a: pupie|Zamazenta|100\/100\n|-ability|p2a: pupie|Dauntless Shield|boost\n|-boost|p2a: pupie|def|1\n|turn|7\n|\n|t:|1697419341\n|move|p1b: Iron Bundle|Ice Beam|p2b: doggie\n|-supereffective|p2b: doggie\n|-damage|p2b: doggie|0 fnt\n|faint|p2b: doggie\n|move|p2a: pupie|Stone Edge|p1b: Iron Bundle|[miss]\n|-miss|p2a: pupie|p1b: Iron Bundle\n|move|p1a: Braviary|Esper Wing|p2a: pupie\n|-supereffective|p2a: pupie\n|-damage|p2a: pupie|0 fnt\n|-boost|p1a: Braviary|spe|1\n|faint|p2a: pupie\n|\n|win|cyndaquilrockz\n","uploadtime":1697419352,"views":5,"p1id":"cyndaquilrockz","p2id":"jackienut","formatid":"gen9nationaldexdoubles","rating":0,"private":0,"password":""}