{"id":"gen9nationaldexdoubles-1960855018","p1":"Tritus ELITE 4","p2":"Zera & Lucy","format":"[Gen 9] National Dex Doubles","log":"|j|\u2606Tritus ELITE 4\n|j|\u2606Zera & Lucy\n|t:|1696564235\n|gametype|doubles\n|player|p1|Tritus ELITE 4|wulfric|1126\n|player|p2|Zera & Lucy|cynthia|1083\n|teamsize|p1|6\n|teamsize|p2|6\n|gen|9\n|tier|[Gen 9] National Dex Doubles\n|rated|\n|rule|HP Percentage Mod: HP is shown in percentages\n|rule|Endless Battle Clause: Forcing endless battles is banned\n|rule|OHKO Clause: OHKO moves are banned\n|rule|Evasion Moves Clause: Evasion moves are banned\n|rule|Evasion Abilities Clause: Evasion abilities are banned\n|rule|Species Clause: Limit one of each Pok\u00e9mon\n|rule|Gravity Sleep Clause: The combination of sleep-inducing moves with imperfect accuracy and Gravity or Gigantamax Orbeetle are banned\n|clearpoke\n|poke|p1|Basculegion-F, F|\n|poke|p1|Swampert, M|\n|poke|p1|Pelipper, F|\n|poke|p1|Araquanid, F|\n|poke|p1|Milotic, F|\n|poke|p1|Ludicolo, M|\n|poke|p2|Fezandipiti, M|\n|poke|p2|Goodra-Hisui, M|\n|poke|p2|Cresselia, F|\n|poke|p2|Indeedee, M|\n|poke|p2|Iron Bundle|\n|poke|p2|Ogerpon-Hearthflame, F|\n|teampreview\n|inactive|Battle timer is ON: inactive players will automatically lose when time's up. (requested by Zera & Lucy)\n|\n|t:|1696564248\n|start\n|switch|p1a: Pelipper|Pelipper, F|100\/100\n|switch|p1b: Swampert|Swampert, M|100\/100\n|switch|p2a: Fezandipiti|Fezandipiti, M|100\/100\n|switch|p2b: Goodra|Goodra-Hisui, M|100\/100\n|-weather|RainDance|[from] ability: Drizzle|[of] p1a: Pelipper\n|turn|1\n|inactive|Tritus ELITE 4 has 120 seconds left.\n|inactive|Tritus ELITE 4 has 90 seconds left.\n|\n|t:|1696564315\n|detailschange|p1b: Swampert|Swampert-Mega, M\n|-mega|p1b: Swampert|Swampert|Swampertite\n|move|p1b: Swampert|Bulk Up|p1b: Swampert\n|-boost|p1b: Swampert|atk|1\n|-boost|p1b: Swampert|def|1\n|move|p2a: Fezandipiti|Icy Wind|p1b: Swampert|[spread] p1a,p1b\n|-damage|p1a: Pelipper|89\/100\n|-damage|p1b: Swampert|91\/100\n|-unboost|p1a: Pelipper|spe|1\n|-unboost|p1b: Swampert|spe|1\n|-damage|p2a: Fezandipiti|91\/100|[from] item: Life Orb\n|move|p2b: Goodra|Thunder Punch|p1a: Pelipper\n|-supereffective|p1a: Pelipper\n|-damage|p1a: Pelipper|0 fnt\n|faint|p1a: Pelipper\n|\n|-weather|RainDance|[upkeep]\n|upkeep\n|\n|t:|1696564336\n|switch|p1a: Ludicolo|Ludicolo, M|100\/100\n|turn|2\n|inactive|Tritus ELITE 4 has 90 seconds left.\n|\n|t:|1696564350\n|move|p1a: Ludicolo|Swords Dance|p1a: Ludicolo\n|-boost|p1a: Ludicolo|atk|2\n|move|p2a: Fezandipiti|Icy Wind|p1b: Swampert|[spread] p1a,p1b\n|-damage|p1a: Ludicolo|91\/100\n|-damage|p1b: Swampert|83\/100\n|-unboost|p1a: Ludicolo|spe|1\n|-unboost|p1b: Swampert|spe|1\n|-status|p1a: Ludicolo|tox|[from] ability: Toxic Chain|[of] p2a: Fezandipiti\n|-damage|p2a: Fezandipiti|81\/100|[from] item: Life Orb\n|move|p1b: Swampert|Rock Slide|p2a: Fezandipiti|[spread] p2a,p2b\n|-resisted|p2b: Goodra\n|-damage|p2a: Fezandipiti|26\/100\n|-damage|p2b: Goodra|83\/100\n|move|p2b: Goodra|Dragon Tail|p1b: Swampert\n|-damage|p1b: Swampert|65\/100\n|drag|p1b: Araquanid|Araquanid, F|100\/100\n|\n|-weather|RainDance|[upkeep]\n|-damage|p1a: Ludicolo|85\/100 tox|[from] psn\n|upkeep\n|turn|3\n|inactive|Tritus ELITE 4 has 90 seconds left.\n|inactive|Zera & Lucy has 120 seconds left.\n|\n|t:|1696564382\n|move|p2a: Fezandipiti|U-turn|p1a: Ludicolo\n|-supereffective|p1a: Ludicolo\n|-damage|p1a: Ludicolo|16\/100 tox\n|-damage|p2a: Fezandipiti|17\/100|[from] item: Life Orb\n|inactive|Zera & Lucy has 120 seconds left.\n|\n|t:|1696564392\n|switch|p2a: Iron Bundle|Iron Bundle|100\/100|[from] U-turn\n|-enditem|p2a: Iron Bundle|Booster Energy\n|-activate|p2a: Iron Bundle|ability: Quark Drive|[fromitem]\n|-start|p2a: Iron Bundle|quarkdrivespe\n|move|p1a: Ludicolo|Drain Punch|p2b: Goodra\n|-supereffective|p2b: Goodra\n|-damage|p2b: Goodra|0 fnt\n|-heal|p1a: Ludicolo|66\/100 tox|[from] drain|[of] p2b: Goodra\n|-ability|p2b: Goodra|Gooey\n|-unboost|p1a: Ludicolo|spe|1\n|faint|p2b: Goodra\n|-damage|p1a: Ludicolo|56\/100 tox|[from] item: Life Orb\n|move|p1b: Araquanid|Liquidation|p2a: Iron Bundle\n|-resisted|p2a: Iron Bundle\n|-damage|p2a: Iron Bundle|21\/100\n|-unboost|p2a: Iron Bundle|def|1\n|-damage|p1b: Araquanid|91\/100|[from] item: Life Orb\n|\n|-weather|RainDance|[upkeep]\n|-damage|p1a: Ludicolo|44\/100 tox|[from] psn\n|upkeep\n|inactive|Zera & Lucy has 120 seconds left.\n|\n|t:|1696564413\n|switch|p2b: Indeedee|Indeedee, M|100\/100\n|-fieldstart|move: Psychic Terrain|[from] ability: Psychic Surge|[of] p2b: Indeedee\n|turn|4\n|inactive|Zera & Lucy has 120 seconds left.\n|\n|t:|1696564438\n|-terastallize|p2b: Indeedee|Psychic\n|move|p2a: Iron Bundle|Freeze-Dry|p1a: Ludicolo\n|-supereffective|p1a: Ludicolo\n|-damage|p1a: Ludicolo|0 fnt\n|faint|p1a: Ludicolo\n|move|p2b: Indeedee|Expanding Force|p1b: Araquanid\n|-damage|p1b: Araquanid|0 fnt\n|faint|p1b: Araquanid\n|\n|-weather|RainDance|[upkeep]\n|upkeep\n|\n|t:|1696564455\n|switch|p1a: Swampert|Swampert-Mega, M|65\/100\n|switch|p1b: Basculegion|Basculegion-F, F|100\/100\n|turn|5\n|\n|t:|1696564467\n|move|p1b: Basculegion|Aqua Jet|p2a: Iron Bundle\n|-activate|p2a: Iron Bundle|move: Psychic Terrain\n|move|p2a: Iron Bundle|Freeze-Dry|p1a: Swampert\n|-supereffective|p1a: Swampert\n|-damage|p1a: Swampert|0 fnt\n|faint|p1a: Swampert\n|move|p2b: Indeedee|Expanding Force|p1b: Basculegion\n|-damage|p1b: Basculegion|0 fnt\n|faint|p1b: Basculegion\n|\n|-weather|none\n|upkeep\n|-message|Tritus ELITE 4 forfeited.\n|\n|win|Zera & Lucy\n|raw|Tritus ELITE 4's rating: 1126 &rarr; <strong>1098<\/strong><br \/>(-28 for losing)\n|raw|Zera &amp; Lucy's rating: 1083 &rarr; <strong>1114<\/strong><br \/>(+31 for winning)\n|l|\u2606Tritus ELITE 4\n","uploadtime":1696564479,"views":14,"p1id":"trituselite4","p2id":"zeralucy","formatid":"gen9nationaldexdoubles","rating":1098,"private":0,"password":""}