{"id":"gen9nationaldexdoubles-1952455340","p1":"FiredChickINNN","p2":"guga das memes","format":"[Gen 9] National Dex Doubles","log":"|j|\u2606FiredChickINNN\n|j|\u2606guga das memes\n|t:|1695686375\n|gametype|doubles\n|player|p1|FiredChickINNN|169|1129\n|player|p2|guga das memes|zinnia|1208\n|teamsize|p1|6\n|teamsize|p2|6\n|gen|9\n|tier|[Gen 9] National Dex Doubles\n|rated|\n|rule|HP Percentage Mod: HP is shown in percentages\n|rule|Endless Battle Clause: Forcing endless battles is banned\n|rule|OHKO Clause: OHKO moves are banned\n|rule|Evasion Moves Clause: Evasion moves are banned\n|rule|Evasion Abilities Clause: Evasion abilities are banned\n|rule|Species Clause: Limit one of each Pok\u00e9mon\n|rule|Gravity Sleep Clause: The combination of sleep-inducing moves with imperfect accuracy and Gravity or Gigantamax Orbeetle are banned\n|clearpoke\n|poke|p1|Raticate, M|\n|poke|p1|Sinistcha|\n|poke|p1|Dragonite, F|\n|poke|p1|Amoonguss, M|\n|poke|p1|Crawdaunt, M|\n|poke|p1|Indeedee-F, F|\n|poke|p2|Okidogi, M|\n|poke|p2|Galvantula, M|\n|poke|p2|Ceruledge, M|\n|poke|p2|Goodra-Hisui, M|\n|poke|p2|Latios, M|\n|poke|p2|Forretress, F|\n|teampreview\n|inactive|Battle timer is ON: inactive players will automatically lose when time's up. (requested by FiredChickINNN)\n|\n|t:|1695686380\n|start\n|switch|p1a: Raticate|Raticate, M|100\/100\n|switch|p1b: Amoonguss|Amoonguss, M|100\/100\n|switch|p2a: Forretress|Forretress, F|100\/100\n|switch|p2b: Galvantula|Galvantula, M|100\/100\n|turn|1\n|\n|t:|1695686401\n|move|p2b: Galvantula|Sticky Web|p1b: Amoonguss\n|-sidestart|p1: FiredChickINNN|move: Sticky Web\n|move|p1a: Raticate|Swords Dance|p1a: Raticate\n|-boost|p1a: Raticate|atk|2\n|move|p2a: Forretress|Stealth Rock|p1a: Raticate\n|-sidestart|p1: FiredChickINNN|move: Stealth Rock\n|move|p1b: Amoonguss|Spore|p2b: Galvantula\n|-status|p2b: Galvantula|slp|[from] move: Spore\n|\n|upkeep\n|turn|2\n|inactive|guga das memes has 120 seconds left.\n|inactive|guga das memes has 90 seconds left.\n|\n|t:|1695686473\n|cant|p2b: Galvantula|slp\n|move|p1a: Raticate|Swords Dance|p1a: Raticate\n|-boost|p1a: Raticate|atk|2\n|move|p2a: Forretress|Spikes|p1a: Raticate\n|-sidestart|p1: FiredChickINNN|Spikes\n|move|p1b: Amoonguss|Spore|p2a: Forretress\n|-status|p2a: Forretress|slp|[from] move: Spore\n|\n|upkeep\n|turn|3\n|inactive|guga das memes has 90 seconds left.\n|\n|t:|1695686496\n|-activate|p2b: Galvantula|move: Pursuit\n|move|p1a: Raticate|Pursuit|p2b: Galvantula|[from]Pursuit\n|-enditem|p2b: Galvantula|Focus Sash\n|-damage|p2b: Galvantula|1\/100 slp\n|switch|p2b: Goodra|Goodra-Hisui, M|100\/100\n|switch|p2a: Ceruledge|Ceruledge, M|100\/100\n|move|p1b: Amoonguss|Pollen Puff|p2b: Goodra\n|-resisted|p2b: Goodra\n|-damage|p2b: Goodra|95\/100\n|\n|-heal|p2b: Goodra|100\/100|[from] item: Leftovers\n|upkeep\n|turn|4\n|inactive|guga das memes has 90 seconds left.\n|inactive|guga das memes has 60 seconds left.\n|\n|t:|1695686567\n|move|p2a: Ceruledge|Swords Dance|p2a: Ceruledge\n|-boost|p2a: Ceruledge|atk|2\n|move|p1a: Raticate|Pursuit|p2a: Ceruledge\n|-supereffective|p2a: Ceruledge\n|-damage|p2a: Ceruledge|6\/100\n|-ability|p2a: Ceruledge|Weak Armor|boost\n|-unboost|p2a: Ceruledge|def|1\n|-boost|p2a: Ceruledge|spe|2\n|-enditem|p2a: Ceruledge|Weakness Policy\n|-boost|p2a: Ceruledge|atk|2|[from] item: Weakness Policy\n|-boost|p2a: Ceruledge|spa|2|[from] item: Weakness Policy\n|move|p2b: Goodra|Acid Armor|p2b: Goodra\n|-boost|p2b: Goodra|def|2\n|move|p1b: Amoonguss|Spore|p2b: Goodra\n|-status|p2b: Goodra|slp|[from] move: Spore\n|\n|upkeep\n|turn|5\n|inactive|guga das memes has 60 seconds left.\n|\n|t:|1695686592\n|move|p1b: Amoonguss|Protect|p1b: Amoonguss\n|-singleturn|p1b: Amoonguss|Protect\n|move|p1a: Raticate|Sucker Punch|p2a: Ceruledge\n|-supereffective|p2a: Ceruledge\n|-damage|p2a: Ceruledge|0 fnt\n|faint|p2a: Ceruledge\n|cant|p2b: Goodra|slp\n|\n|upkeep\n|-message|guga das memes forfeited.\n|\n|win|FiredChickINNN\n|raw|FiredChickINNN's rating: 1129 &rarr; <strong>1160<\/strong><br \/>(+31 for winning)\n|raw|guga das memes's rating: 1208 &rarr; <strong>1177<\/strong><br \/>(-31 for losing)\n|l|\u2606guga das memes\n","uploadtime":1695686623,"views":21,"p1id":"firedchickinnn","p2id":"gugadasmemes","formatid":"gen9nationaldexdoubles","rating":1160,"private":0,"password":""}