{"id":"gen9nationaldexdoubles-1977596053","p1":"CinDq","p2":"Nohbdy06","format":"[Gen 9] National Dex Doubles","log":"|j|\u2606CinDq\n|j|\u2606Nohbdy06\n|t:|1698430394\n|gametype|doubles\n|player|p1|CinDq|cynthia|\n|player|p2|Nohbdy06|hilda-wonderlauncher|\n|teamsize|p1|6\n|teamsize|p2|6\n|gen|9\n|tier|[Gen 9] National Dex Doubles\n|rule|HP Percentage Mod: HP is shown in percentages\n|rule|Endless Battle Clause: Forcing endless battles is banned\n|rule|OHKO Clause: OHKO moves are banned\n|rule|Evasion Moves Clause: Evasion moves are banned\n|rule|Evasion Abilities Clause: Evasion abilities are banned\n|rule|Species Clause: Limit one of each Pok\u00e9mon\n|rule|Gravity Sleep Clause: The combination of sleep-inducing moves with imperfect accuracy and Gravity or Gigantamax Orbeetle are banned\n|clearpoke\n|poke|p1|Flutter Mane|\n|poke|p1|Barraskewda, F|\n|poke|p1|Electrode-Hisui|\n|poke|p1|Ogerpon-Hearthflame, F|\n|poke|p1|Poliwrath, F|\n|poke|p1|Thundurus, M|\n|poke|p2|Volcanion|\n|poke|p2|Darkrai|\n|poke|p2|Regieleki|\n|poke|p2|Moltres-Galar|\n|poke|p2|Articuno|\n|poke|p2|Baxcalibur, F|\n|teampreview\n|\n|t:|1698430408\n|start\n|switch|p1a: Electrode|Electrode-Hisui, shiny|100\/100\n|switch|p1b: Barraskewda|Barraskewda, F, shiny|100\/100\n|switch|p2a: Articuno|Articuno, shiny|100\/100\n|switch|p2b: Boo|Baxcalibur, F, shiny|100\/100\n|-ability|p2a: Articuno|Pressure\n|turn|1\n|\n|t:|1698430425\n|move|p1a: Electrode|Rain Dance|p1a: Electrode\n|-weather|RainDance\n|move|p1b: Barraskewda|Waterfall|p2a: Articuno\n|-damage|p2a: Articuno|19\/100\n|move|p2a: Articuno|Snowscape|p2a: Articuno\n|-weather|Snow\n|move|p2b: Boo|Icicle Crash|p1a: Electrode\n|-supereffective|p1a: Electrode\n|-damage|p1a: Electrode|0 fnt\n|faint|p1a: Electrode\n|\n|-weather|Snow|[upkeep]\n|upkeep\n|\n|t:|1698430436\n|switch|p1a: Flutter Mane|Flutter Mane|100\/100\n|-enditem|p1a: Flutter Mane|Booster Energy\n|-activate|p1a: Flutter Mane|ability: Protosynthesis|[fromitem]\n|-start|p1a: Flutter Mane|protosynthesisspe\n|turn|2\n|\n|t:|1698430466\n|move|p1a: Flutter Mane|Moonblast|p2b: Boo\n|-supereffective|p2b: Boo\n|-damage|p2b: Boo|3\/100\n|-unboost|p2b: Boo|spa|1\n|move|p1b: Barraskewda|Waterfall|p2a: Articuno\n|-damage|p2a: Articuno|0 fnt\n|faint|p2a: Articuno\n|move|p2b: Boo|Icicle Crash|p1b: Barraskewda\n|-resisted|p1b: Barraskewda\n|-damage|p1b: Barraskewda|36\/100\n|\n|-weather|Snow|[upkeep]\n|-heal|p2b: Boo|9\/100|[from] ability: Ice Body\n|upkeep\n|\n|t:|1698430483\n|switch|p2a: Nevergone|Regieleki, shiny|100\/100\n|turn|3\n|\n|t:|1698430494\n|-terastallize|p1a: Flutter Mane|Fairy\n|move|p1a: Flutter Mane|Moonblast|p2a: Nevergone\n|-crit|p2a: Nevergone\n|-enditem|p2a: Nevergone|Focus Sash\n|-damage|p2a: Nevergone|1\/100\n|move|p2a: Nevergone|Electro Ball|p1b: Barraskewda\n|-supereffective|p1b: Barraskewda\n|-damage|p1b: Barraskewda|0 fnt\n|faint|p1b: Barraskewda\n|move|p2b: Boo|Icicle Crash|p1a: Flutter Mane\n|-crit|p1a: Flutter Mane\n|-damage|p1a: Flutter Mane|0 fnt\n|faint|p1a: Flutter Mane\n|-end|p1a: Flutter Mane|Protosynthesis|[silent]\n|\n|-weather|Snow|[upkeep]\n|-heal|p2b: Boo|16\/100|[from] ability: Ice Body\n|upkeep\n|\n|t:|1698430510\n|switch|p1a: Thundurus|Thundurus, M|100\/100\n|switch|p1b: Poliwrath|Poliwrath, F|100\/100\n|turn|4\n|\n|t:|1698430531\n|move|p1a: Thundurus|Rain Dance|p1a: Thundurus\n|-weather|RainDance\n|move|p2a: Nevergone|Electro Ball|p1b: Poliwrath\n|-supereffective|p1b: Poliwrath\n|-damage|p1b: Poliwrath|20\/100\n|move|p1b: Poliwrath|Liquidation|p2a: Nevergone\n|-damage|p2a: Nevergone|0 fnt\n|faint|p2a: Nevergone\n|move|p2b: Boo|Icicle Spear|p1a: Thundurus\n|-supereffective|p1a: Thundurus\n|-damage|p1a: Thundurus|38\/100\n|-supereffective|p1a: Thundurus\n|-damage|p1a: Thundurus|0 fnt\n|faint|p1a: Thundurus\n|-hitcount|p1: Thundurus|2\n|\n|-weather|RainDance|[upkeep]\n|upkeep\n|\n|t:|1698430546\n|switch|p2a: Volcanion|Volcanion|100\/100\n|switch|p1a: Ogerpon|Ogerpon-Hearthflame, F|100\/100\n|-ability|p1a: Ogerpon|Mold Breaker\n|turn|5\n|\n|t:|1698430591\n|move|p1b: Poliwrath|Close Combat|p2a: Volcanion\n|-damage|p2a: Volcanion|47\/100\n|-unboost|p1b: Poliwrath|def|1\n|-unboost|p1b: Poliwrath|spd|1\n|move|p1a: Ogerpon|Ivy Cudgel|p2b: Boo\n|-damage|p2b: Boo|0 fnt\n|faint|p2b: Boo\n|move|p2a: Volcanion|Hidden Power|p1b: Poliwrath\n|-supereffective|p1b: Poliwrath\n|-damage|p1b: Poliwrath|0 fnt\n|faint|p1b: Poliwrath\n|\n|-weather|RainDance|[upkeep]\n|upkeep\n|\n|t:|1698430603\n|switch|p2b: Moltres|Moltres-Galar, shiny|100\/100\n|turn|6\n|\n|t:|1698430614\n|move|p1a: Ogerpon|Ivy Cudgel|p2b: Moltres\n|-crit|p2b: Moltres\n|-damage|p2b: Moltres|46\/100\n|-ability|p2b: Moltres|Berserk|boost\n|-boost|p2b: Moltres|spa|1\n|move|p2b: Moltres|Hurricane|p1a: Ogerpon\n|-supereffective|p1a: Ogerpon\n|-damage|p1a: Ogerpon|0 fnt\n|faint|p1a: Ogerpon\n|\n|win|Nohbdy06\n|l|\u2606CinDq\n","uploadtime":1698430631,"views":5,"p1id":"cindq","p2id":"nohbdy06","formatid":"gen9nationaldexdoubles","rating":0,"private":0,"password":""}