{"id":"gen9nationaldexdoubles-1997652143","p1":"Careytheicon","p2":"spjamwmd","format":"[Gen 9] National Dex Doubles","log":"|j|\u2606Careytheicon\n|j|\u2606spjamwmd\n|t:|1700837787\n|gametype|doubles\n|player|p1|Careytheicon|lucy|1107\n|player|p2|spjamwmd|grimsley|1016\n|teamsize|p1|6\n|teamsize|p2|6\n|gen|9\n|tier|[Gen 9] National Dex Doubles\n|rated|\n|rule|HP Percentage Mod: HP is shown in percentages\n|rule|Endless Battle Clause: Forcing endless battles is banned\n|rule|OHKO Clause: OHKO moves are banned\n|rule|Evasion Moves Clause: Evasion moves are banned\n|rule|Evasion Abilities Clause: Evasion abilities are banned\n|rule|Species Clause: Limit one of each Pok\u00e9mon\n|rule|Gravity Sleep Clause: The combination of sleep-inducing moves with imperfect accuracy and Gravity or Gigantamax Orbeetle are banned\n|clearpoke\n|poke|p1|Shuckle, F|\n|poke|p1|Runerigus, M|\n|poke|p1|Malamar, M|\n|poke|p1|Victini|\n|poke|p1|Comfey, F|\n|poke|p1|Jirachi|\n|poke|p2|Moltres|\n|poke|p2|Volcarona, M|\n|poke|p2|Arcanine-Hisui, M|\n|poke|p2|Lilligant-Hisui, F|\n|poke|p2|Blacephalon|\n|poke|p2|Clefable, F|\n|teampreview\n|inactive|Battle timer is ON: inactive players will automatically lose when time's up. (requested by Careytheicon)\n|inactive|spjamwmd also wants the timer to be on.\n|\n|t:|1700837798\n|start\n|switch|p1a: Roxxx|Runerigus, M, shiny|100\/100\n|switch|p1b: Shuckle|Shuckle, F|100\/100\n|switch|p2a: Moltres|Moltres|100\/100\n|switch|p2b: Volcarona|Volcarona, M|100\/100\n|-ability|p2a: Moltres|Pressure\n|turn|1\n|\n|t:|1700837810\n|move|p2a: Moltres|Sunny Day|p2a: Moltres\n|-weather|SunnyDay\n|move|p2b: Volcarona|Quiver Dance|p2b: Volcarona\n|-boost|p2b: Volcarona|spa|1\n|-boost|p2b: Volcarona|spd|1\n|-boost|p2b: Volcarona|spe|1\n|move|p1a: Roxxx|Sandstorm|p1a: Roxxx\n|-weather|Sandstorm\n|move|p1b: Shuckle|Toxic|p2b: Volcarona\n|-status|p2b: Volcarona|tox\n|\n|-weather|Sandstorm|[upkeep]\n|-damage|p2b: Volcarona|94\/100 tox|[from] Sandstorm\n|-damage|p2a: Moltres|94\/100|[from] Sandstorm\n|-damage|p2b: Volcarona|88\/100 tox|[from] psn\n|upkeep\n|turn|2\n|\n|t:|1700837836\n|move|p2b: Volcarona|Fiery Dance|p1a: Roxxx\n|-damage|p1a: Roxxx|14\/100\n|-boost|p2b: Volcarona|spa|1\n|-enditem|p1a: Roxxx|Sitrus Berry|[eat]\n|-heal|p1a: Roxxx|39\/100|[from] item: Sitrus Berry\n|move|p2a: Moltres|Weather Ball|p1b: Shuckle\n|-supereffective|p1b: Shuckle\n|-damage|p1b: Shuckle|56\/100\n|move|p1a: Roxxx|Stealth Rock|p2b: Volcarona\n|-sidestart|p2: spjamwmd|move: Stealth Rock\n|move|p1b: Shuckle|Sticky Web|p2b: Volcarona\n|-sidestart|p2: spjamwmd|move: Sticky Web\n|\n|-weather|Sandstorm|[upkeep]\n|-damage|p2b: Volcarona|82\/100 tox|[from] Sandstorm\n|-damage|p2a: Moltres|88\/100|[from] Sandstorm\n|-damage|p2b: Volcarona|70\/100 tox|[from] psn\n|upkeep\n|turn|3\n|\n|t:|1700837857\n|move|p2b: Volcarona|Fiery Dance|p1a: Roxxx\n|-damage|p1a: Roxxx|0 fnt\n|-boost|p2b: Volcarona|spa|1\n|faint|p1a: Roxxx\n|move|p2a: Moltres|Sunny Day|p2a: Moltres\n|-weather|SunnyDay\n|move|p1b: Shuckle|Toxic|p2a: Moltres\n|-status|p2a: Moltres|tox\n|\n|-weather|SunnyDay|[upkeep]\n|-damage|p2b: Volcarona|52\/100 tox|[from] psn\n|-damage|p2a: Moltres|82\/100 tox|[from] psn\n|upkeep\n|inactive|Careytheicon has 120 seconds left.\n|\n|t:|1700837874\n|switch|p1a: Comfey|Comfey, F|100\/100\n|turn|4\n|\n|t:|1700837887\n|move|p1a: Comfey|Protect|p1a: Comfey\n|-singleturn|p1a: Comfey|Protect\n|move|p2b: Volcarona|Solar Beam||[still]\n|-prepare|p2b: Volcarona|Solar Beam\n|-anim|p2b: Volcarona|Solar Beam|p1b: Shuckle\n|-damage|p1b: Shuckle|0 fnt\n|faint|p1b: Shuckle\n|move|p2a: Moltres|Defog|p1a: Comfey\n|-activate|p1a: Comfey|move: Protect\n|\n|-weather|SunnyDay|[upkeep]\n|-damage|p2b: Volcarona|27\/100 tox|[from] psn\n|-damage|p2a: Moltres|69\/100 tox|[from] psn\n|upkeep\n|\n|t:|1700837904\n|switch|p1b: Victini|Victini|100\/100\n|turn|5\n|\n|t:|1700837918\n|move|p1a: Comfey|Draining Kiss|p2b: Volcarona\n|-resisted|p2b: Volcarona\n|-damage|p2b: Volcarona|21\/100 tox\n|-enditem|p2b: Volcarona|Salac Berry|[eat]\n|-boost|p2b: Volcarona|spe|1|[from] item: Salac Berry\n|move|p2b: Volcarona|Bug Buzz|p1b: Victini\n|-damage|p1b: Victini|0 fnt\n|faint|p1b: Victini\n|move|p2a: Moltres|Defog|p1a: Comfey\n|-unboost|p1a: Comfey|evasion|1\n|-sideend|p2: spjamwmd|Stealth Rock|[from] move: Defog|[of] p2a: Moltres\n|-sideend|p2: spjamwmd|Sticky Web|[from] move: Defog|[of] p2a: Moltres\n|\n|-weather|SunnyDay|[upkeep]\n|-damage|p2b: Volcarona|0 fnt|[from] psn\n|faint|p2b: Volcarona\n|-damage|p2a: Moltres|51\/100 tox|[from] psn\n|upkeep\n|c|\u2606Careytheicon|oh noo\n|\n|t:|1700837937\n|switch|p2b: Lilligant|Lilligant-Hisui, F, shiny|100\/100\n|switch|p1b: Jirachi|Jirachi|100\/100\n|turn|6\n|\n|t:|1700837949\n|-terastallize|p1b: Jirachi|Dragon\n|-zpower|p2b: Lilligant\n|move|p2b: Lilligant|Bloom Doom|p1a: Comfey|[zeffect]\n|-damage|p1a: Comfey|0 fnt\n|faint|p1a: Comfey\n|move|p2a: Moltres|Weather Ball|p1b: Jirachi\n|-resisted|p1b: Jirachi\n|-damage|p1b: Jirachi|67\/100\n|move|p1b: Jirachi|Ancient Power|p2a: Moltres\n|-supereffective|p2a: Moltres\n|-damage|p2a: Moltres|0 fnt\n|faint|p2a: Moltres\n|\n|-weather|SunnyDay|[upkeep]\n|upkeep\n|\n|t:|1700837961\n|switch|p2a: Arcanine|Arcanine-Hisui, M, shiny|100\/100\n|switch|p1a: Malamar|Malamar, M|100\/100\n|turn|7\n|\n|t:|1700837971\n|move|p2b: Lilligant|Laser Focus|p2b: Lilligant\n|-start|p2b: Lilligant|move: Laser Focus\n|move|p2a: Arcanine|Stealth Rock|p1b: Jirachi\n|-sidestart|p1: Careytheicon|move: Stealth Rock\n|move|p1b: Jirachi|Ancient Power|p2a: Arcanine\n|-supereffective|p2a: Arcanine\n|-damage|p2a: Arcanine|67\/100\n|move|p1a: Malamar|Superpower|p2a: Arcanine\n|-supereffective|p2a: Arcanine\n|-damage|p2a: Arcanine|3\/100\n|-boost|p1a: Malamar|atk|1\n|-boost|p1a: Malamar|def|1\n|\n|-weather|SunnyDay|[upkeep]\n|upkeep\n|turn|8\n|\n|t:|1700837997\n|move|p2b: Lilligant|Solar Blade||[still]\n|-prepare|p2b: Lilligant|Solar Blade\n|-anim|p2b: Lilligant|Solar Blade|p1b: Jirachi\n|-resisted|p1b: Jirachi\n|-crit|p1b: Jirachi\n|-damage|p1b: Jirachi|26\/100\n|-enditem|p1b: Jirachi|Sitrus Berry|[eat]\n|-heal|p1b: Jirachi|51\/100|[from] item: Sitrus Berry\n|move|p2a: Arcanine|Head Smash|p1a: Malamar\n|-damage|p1a: Malamar|46\/100\n|move|p1b: Jirachi|Fire Punch|p2b: Lilligant\n|-supereffective|p2b: Lilligant\n|-damage|p2b: Lilligant|15\/100\n|move|p1a: Malamar|Superpower|p2a: Arcanine\n|-supereffective|p2a: Arcanine\n|-damage|p2a: Arcanine|0 fnt\n|-boost|p1a: Malamar|atk|1\n|-boost|p1a: Malamar|def|1\n|faint|p2a: Arcanine\n|\n|-weather|SunnyDay|[upkeep]\n|-end|p2b: Lilligant|move: Laser Focus|[silent]\n|upkeep\n|inactive|spjamwmd has 120 seconds left.\n|c|\u2606Careytheicon|lols\n|\n|t:|1700838013\n|switch|p2a: Clefable|Clefable, F|100\/100\n|turn|9\n|\n|t:|1700838029\n|move|p2b: Lilligant|Solar Blade||[still]\n|-prepare|p2b: Lilligant|Solar Blade\n|-anim|p2b: Lilligant|Solar Blade|p1a: Malamar\n|-damage|p1a: Malamar|12\/100\n|move|p1b: Jirachi|Iron Head|p2a: Clefable\n|-supereffective|p2a: Clefable\n|-damage|p2a: Clefable|30\/100\n|move|p1a: Malamar|Rest|p1a: Malamar\n|-status|p1a: Malamar|slp|[from] move: Rest\n|-heal|p1a: Malamar|100\/100 slp|[silent]\n|-enditem|p1a: Malamar|Chesto Berry|[eat]\n|-curestatus|p1a: Malamar|slp|[msg]\n|cant|p2a: Clefable|flinch\n|\n|-weather|SunnyDay|[upkeep]\n|-heal|p2a: Clefable|37\/100|[from] item: Leftovers\n|upkeep\n|turn|10\n|\n|t:|1700838054\n|move|p2b: Lilligant|Axe Kick|p1a: Malamar\n|-damage|p1a: Malamar|67\/100\n|move|p1b: Jirachi|Iron Head|p2a: Clefable\n|-supereffective|p2a: Clefable\n|-damage|p2a: Clefable|0 fnt\n|faint|p2a: Clefable\n|move|p1a: Malamar|Superpower|p2b: Lilligant\n|-damage|p2b: Lilligant|0 fnt\n|-boost|p1a: Malamar|atk|1\n|-boost|p1a: Malamar|def|1\n|faint|p2b: Lilligant\n|\n|-weather|none\n|upkeep\n|\n|t:|1700838062\n|switch|p2a: Blacephalon|Blacephalon|100\/100\n|turn|11\n|c|\u2606Careytheicon|ate\n|c|\u2606spjamwmd|ohno\n|\n|t:|1700838077\n|-terastallize|p2a: Blacephalon|Fire\n|move|p2a: Blacephalon|Shadow Ball|p1b: Jirachi\n|-damage|p1b: Jirachi|0 fnt\n|faint|p1b: Jirachi\n|-ability|p2a: Blacephalon|Beast Boost|boost\n|-boost|p2a: Blacephalon|spa|1\n|-damage|p2a: Blacephalon|91\/100|[from] item: Life Orb\n|move|p1a: Malamar|Knock Off|p2a: Blacephalon\n|-damage|p2a: Blacephalon|0 fnt\n|-enditem|p2a: Blacephalon|Life Orb|[from] move: Knock Off|[of] p1a: Malamar\n|faint|p2a: Blacephalon\n|\n|win|Careytheicon\n|raw|Careytheicon's rating: 1107 &rarr; <strong>1126<\/strong><br \/>(+19 for winning)\n|raw|spjamwmd's rating: 1016 &rarr; <strong>1007<\/strong><br \/>(-9 for losing)\n|c|\u2606Careytheicon|slayed\n|c|\u2606spjamwmd|gg\n","uploadtime":1700838095,"views":1,"p1id":"careytheicon","p2id":"spjamwmd","formatid":"gen9nationaldexdoubles","rating":1007,"private":0,"password":""}