{"id":"gen9nationaldexdoubles-1956251856","p1":"OrangeObama","p2":"TuhinG","format":"[Gen 9] National Dex Doubles","log":"|j|\u2606OrangeObama\n|j|\u2606TuhinG\n|t:|1696089878\n|gametype|doubles\n|player|p1|OrangeObama|acetrainer-gen4dp|1136\n|player|p2|TuhinG|acetrainer|1208\n|teamsize|p1|6\n|teamsize|p2|6\n|gen|9\n|tier|[Gen 9] National Dex Doubles\n|rated|\n|rule|HP Percentage Mod: HP is shown in percentages\n|rule|Endless Battle Clause: Forcing endless battles is banned\n|rule|OHKO Clause: OHKO moves are banned\n|rule|Evasion Moves Clause: Evasion moves are banned\n|rule|Evasion Abilities Clause: Evasion abilities are banned\n|rule|Species Clause: Limit one of each Pok\u00e9mon\n|rule|Gravity Sleep Clause: The combination of sleep-inducing moves with imperfect accuracy and Gravity or Gigantamax Orbeetle are banned\n|clearpoke\n|poke|p1|Latios, M|\n|poke|p1|Landorus-Therian, M|\n|poke|p1|Ogerpon-Wellspring, F|\n|poke|p1|Hitmontop, M|\n|poke|p1|Clefairy, F|\n|poke|p1|Eevee, M|\n|poke|p2|Weezing, M|\n|poke|p2|Regigigas|\n|poke|p2|Kartana|\n|poke|p2|Swampert, M|\n|poke|p2|Dragonite, M|\n|poke|p2|Meganium, F|\n|teampreview\n|inactive|Battle timer is ON: inactive players will automatically lose when time's up. (requested by OrangeObama)\n|\n|t:|1696089891\n|start\n|switch|p1a: Clefairy|Clefairy, F|100\/100\n|switch|p1b: Eevee|Eevee, M|100\/100\n|switch|p2a: Meganium|Meganium, F|100\/100\n|switch|p2b: Dragonite|Dragonite, M|100\/100\n|turn|1\n|\n|t:|1696089906\n|move|p1a: Clefairy|Follow Me|p1a: Clefairy\n|-singleturn|p1a: Clefairy|move: Follow Me\n|-zpower|p1b: Eevee\n|move|p1b: Eevee|Extreme Evoboost|p1b: Eevee\n|-boost|p1b: Eevee|atk|2\n|-boost|p1b: Eevee|def|2\n|-boost|p1b: Eevee|spa|2\n|-boost|p1b: Eevee|spd|2\n|-boost|p1b: Eevee|spe|2\n|move|p2b: Dragonite|Dragon Dance|p2b: Dragonite\n|-boost|p2b: Dragonite|atk|1\n|-boost|p2b: Dragonite|spe|1\n|move|p2a: Meganium|Leech Seed|p1a: Clefairy\n|-start|p1a: Clefairy|move: Leech Seed\n|\n|-damage|p1a: Clefairy|88\/100|[from] Leech Seed|[of] p2a: Meganium\n|upkeep\n|turn|2\n|\n|t:|1696089933\n|-terastallize|p1a: Clefairy|Steel\n|move|p1a: Clefairy|Follow Me|p1a: Clefairy\n|-singleturn|p1a: Clefairy|move: Follow Me\n|move|p1b: Eevee|Baton Pass|p1b: Eevee\n|\n|t:|1696089938\n|switch|p1b: Latios|Latios, M|100\/100|[from] Baton Pass\n|move|p2b: Dragonite|Fire Punch|p1a: Clefairy\n|-supereffective|p1a: Clefairy\n|-damage|p1a: Clefairy|22\/100\n|move|p2a: Meganium|Leech Seed||[still]\n|-fail|p2a: Meganium\n|\n|-damage|p1a: Clefairy|10\/100|[from] Leech Seed|[of] p2a: Meganium\n|upkeep\n|turn|3\n|\n|t:|1696089956\n|detailschange|p1b: Latios|Latios-Mega, M\n|-mega|p1b: Latios|Latios|Latiosite\n|move|p1a: Clefairy|Helping Hand|p1b: Latios\n|-singleturn|p1b: Latios|Helping Hand|[of] p1a: Clefairy\n|move|p1b: Latios|Stored Power|p2a: Meganium\n|-damage|p2a: Meganium|0 fnt\n|faint|p2a: Meganium\n|move|p2b: Dragonite|Fire Punch|p1b: Latios\n|-resisted|p1b: Latios\n|-damage|p1b: Latios|93\/100\n|\n|upkeep\n|\n|t:|1696089969\n|switch|p2a: Swampert|Swampert, M, shiny|100\/100\n|turn|4\n|\n|t:|1696089979\n|detailschange|p2a: Swampert|Swampert-Mega, M, shiny\n|-mega|p2a: Swampert|Swampert|Swampertite\n|move|p1a: Clefairy|Helping Hand|p1b: Latios\n|-singleturn|p1b: Latios|Helping Hand|[of] p1a: Clefairy\n|move|p2b: Dragonite|Aqua Jet|p1a: Clefairy\n|-damage|p1a: Clefairy|0 fnt\n|faint|p1a: Clefairy\n|move|p1b: Latios|Stored Power|p2b: Dragonite\n|-damage|p2b: Dragonite|0 fnt\n|faint|p2b: Dragonite\n|move|p2a: Swampert|Ice Punch|p1b: Latios\n|-supereffective|p1b: Latios\n|-damage|p1b: Latios|62\/100\n|\n|upkeep\n|\n|t:|1696089996\n|switch|p2b: Kartana|Kartana, shiny|100\/100\n|switch|p1a: Landorus|Landorus-Therian, M|100\/100\n|-ability|p1a: Landorus|Intimidate|boost\n|-unboost|p2a: Swampert|atk|1\n|-unboost|p2b: Kartana|atk|1\n|turn|5\n|\n|t:|1696090009\n|switch|p1a: Hitmontop|Hitmontop, M|100\/100\n|-ability|p1a: Hitmontop|Intimidate|boost\n|-unboost|p2a: Swampert|atk|1\n|-unboost|p2b: Kartana|atk|1\n|move|p1b: Latios|Stored Power|p2a: Swampert\n|-damage|p2a: Swampert|0 fnt\n|faint|p2a: Swampert\n|move|p2b: Kartana|Knock Off|p1b: Latios\n|-supereffective|p1b: Latios\n|-damage|p1b: Latios|46\/100\n|\n|upkeep\n|\n|t:|1696090022\n|switch|p2a: Weezing|Weezing, M, shiny|100\/100\n|-ability|p2a: Weezing|Neutralizing Gas\n|turn|6\n|\n|t:|1696090034\n|switch|p2b: Regigigas|Regigigas|100\/100\n|move|p1b: Latios|Recover|p1b: Latios\n|-heal|p1b: Latios|96\/100\n|move|p1a: Hitmontop|Close Combat|p2b: Regigigas\n|-supereffective|p2b: Regigigas\n|-damage|p2b: Regigigas|16\/100\n|-unboost|p1a: Hitmontop|def|1\n|-unboost|p1a: Hitmontop|spd|1\n|-damage|p1a: Hitmontop|84\/100|[from] item: Rocky Helmet|[of] p2b: Regigigas\n|move|p2a: Weezing|Will-O-Wisp|p1a: Hitmontop|[miss]\n|-miss|p2a: Weezing|p1a: Hitmontop\n|\n|upkeep\n|turn|7\n|\n|t:|1696090055\n|move|p1a: Hitmontop|Bullet Punch|p2b: Regigigas\n|-damage|p2b: Regigigas|6\/100\n|-damage|p1a: Hitmontop|68\/100|[from] item: Rocky Helmet|[of] p2b: Regigigas\n|move|p1b: Latios|Stored Power|p2a: Weezing\n|-supereffective|p2a: Weezing\n|-crit|p2a: Weezing\n|-damage|p2a: Weezing|0 fnt\n|faint|p2a: Weezing\n|-end|p2a: Weezing|ability: Neutralizing Gas\n|-start|p2b: Regigigas|ability: Slow Start\n|-ability|p1a: Hitmontop|Intimidate|boost\n|-unboost|p2b: Regigigas|atk|1\n|move|p2b: Regigigas|Ice Punch|p1b: Latios\n|-supereffective|p1b: Latios\n|-damage|p1b: Latios|85\/100\n|\n|upkeep\n|inactive|TuhinG has 120 seconds left.\n|\n|t:|1696090071\n|switch|p2a: Kartana|Kartana, shiny|100\/100\n|turn|8\n|\n|t:|1696090078\n|move|p1a: Hitmontop|Bullet Punch|p2b: Regigigas\n|-damage|p2b: Regigigas|0 fnt\n|-damage|p1a: Hitmontop|51\/100|[from] item: Rocky Helmet|[of] p2b: Regigigas\n|faint|p2b: Regigigas\n|-end|p2b: Regigigas|Slow Start|[silent]\n|move|p1b: Latios|Aura Sphere|p2a: Kartana\n|-supereffective|p2a: Kartana\n|-enditem|p2a: Kartana|Focus Sash\n|-damage|p2a: Kartana|1\/100\n|move|p2a: Kartana|Knock Off|p1b: Latios\n|-supereffective|p1b: Latios\n|-damage|p1b: Latios|57\/100\n|\n|upkeep\n|turn|9\n|\n|t:|1696090094\n|switch|p1a: Landorus|Landorus-Therian, M|100\/100\n|-ability|p1a: Landorus|Intimidate|boost\n|-unboost|p2a: Kartana|atk|1\n|-terastallize|p2a: Kartana|Water\n|move|p1b: Latios|Stored Power|p2a: Kartana\n|-damage|p2a: Kartana|0 fnt\n|faint|p2a: Kartana\n|\n|win|OrangeObama\n|raw|OrangeObama's rating: 1136 &rarr; <strong>1166<\/strong><br \/>(+30 for winning)\n|raw|TuhinG's rating: 1208 &rarr; <strong>1178<\/strong><br \/>(-30 for losing)\n","uploadtime":1696090111,"views":9,"p1id":"orangeobama","p2id":"tuhing","formatid":"gen9nationaldexdoubles","rating":1166,"private":0,"password":""}