{"id":"gen9nationaldexdoubles-1965454085","p1":"Starving_Venom_459","p2":"Denvah_17","format":"[Gen 9] National Dex Doubles","log":"|j|\u2606Starving_Venom_459\n|j|\u2606Denvah_17\n|t:|1697074846\n|gametype|doubles\n|player|p1|Starving_Venom_459|ingo|1373\n|player|p2|Denvah_17|alder|1248\n|teamsize|p1|6\n|teamsize|p2|6\n|gen|9\n|tier|[Gen 9] National Dex Doubles\n|rated|\n|rule|HP Percentage Mod: HP is shown in percentages\n|rule|Endless Battle Clause: Forcing endless battles is banned\n|rule|OHKO Clause: OHKO moves are banned\n|rule|Evasion Moves Clause: Evasion moves are banned\n|rule|Evasion Abilities Clause: Evasion abilities are banned\n|rule|Species Clause: Limit one of each Pok\u00e9mon\n|rule|Gravity Sleep Clause: The combination of sleep-inducing moves with imperfect accuracy and Gravity or Gigantamax Orbeetle are banned\n|clearpoke\n|poke|p1|Chien-Pao|\n|poke|p1|Dragonite, M|\n|poke|p1|Corviknight, M|\n|poke|p1|Mawile, F|\n|poke|p1|Amoonguss, M|\n|poke|p1|Palafin, M|\n|poke|p2|Sinistcha-Masterpiece|\n|poke|p2|Enamorus, F|\n|poke|p2|Diancie|\n|poke|p2|Okidogi, M|\n|poke|p2|Ursaluna-Bloodmoon, M|\n|poke|p2|Volcanion|\n|teampreview\n|inactive|Battle timer is ON: inactive players will automatically lose when time's up. (requested by Starving_Venom_459)\n|inactive|Denvah_17 has 120 seconds left.\n|inactive|Denvah_17 has 90 seconds left.\n|\n|t:|1697074907\n|start\n|switch|p1a: Chien-Pao|Chien-Pao|100\/100\n|switch|p1b: Palafin|Palafin, M|100\/100\n|switch|p2a: Grass Latte|Sinistcha-Masterpiece|100\/100\n|switch|p2b: Freddy Fazbear|Ursaluna-Bloodmoon, M|100\/100\n|-ability|p1a: Chien-Pao|Sword of Ruin\n|turn|1\n|\n|t:|1697074927\n|switch|p2b: Saxophone|Volcanion|100\/100\n|-terastallize|p2a: Grass Latte|Grass\n|move|p1a: Chien-Pao|Ice Spinner|p2a: Grass Latte\n|-supereffective|p2a: Grass Latte\n|-damage|p2a: Grass Latte|0 fnt\n|faint|p2a: Grass Latte\n|move|p1b: Palafin|Flip Turn|p2b: Saxophone\n|-immune|p2b: Saxophone|[from] ability: Water Absorb\n|\n|upkeep\n|\n|t:|1697074941\n|switch|p2a: Rihanna|Diancie, shiny|100\/100\n|turn|2\n|\n|t:|1697074957\n|move|p1a: Chien-Pao|Sacred Sword|p2b: Saxophone\n|-damage|p2b: Saxophone|67\/100\n|move|p1b: Palafin|Flip Turn|p2a: Rihanna\n|-supereffective|p2a: Rihanna\n|-damage|p2a: Rihanna|41\/100\n|-enditem|p2a: Rihanna|Weakness Policy\n|-boost|p2a: Rihanna|atk|2|[from] item: Weakness Policy\n|-boost|p2a: Rihanna|spa|2|[from] item: Weakness Policy\n|\n|t:|1697074968\n|detailschange|p1b: Palafin|Palafin-Hero, M\n|switch|p1b: Dragonite|Dragonite, M|100\/100|[from] Flip Turn\n|move|p2b: Saxophone|Heat Wave|p1a: Chien-Pao|[spread] p1a,p1b\n|-supereffective|p1a: Chien-Pao\n|-crit|p1a: Chien-Pao\n|-resisted|p1b: Dragonite\n|-enditem|p1a: Chien-Pao|Focus Sash\n|-damage|p1a: Chien-Pao|1\/100\n|-damage|p1b: Dragonite|80\/100\n|move|p2a: Rihanna|Trick Room|p2a: Rihanna\n|-fieldstart|move: Trick Room|[of] p2a: Rihanna\n|\n|-heal|p2b: Saxophone|74\/100|[from] item: Leftovers\n|upkeep\n|turn|3\n|\n|t:|1697074985\n|move|p1b: Dragonite|Extreme Speed|p2a: Rihanna\n|-resisted|p2a: Rihanna\n|-damage|p2a: Rihanna|24\/100\n|move|p1a: Chien-Pao|Sucker Punch|p2b: Saxophone\n|-damage|p2b: Saxophone|34\/100\n|move|p2a: Rihanna|Dazzling Gleam|p1b: Dragonite|[spread] p1a,p1b\n|-supereffective|p1a: Chien-Pao\n|-supereffective|p1b: Dragonite\n|-crit|p1b: Dragonite\n|-damage|p1a: Chien-Pao|0 fnt\n|-damage|p1b: Dragonite|0 fnt\n|faint|p1a: Chien-Pao\n|faint|p1b: Dragonite\n|move|p2b: Saxophone|Steam Eruption|p1: Chien-Pao|[notarget]\n|-fail|p2b: Saxophone\n|\n|-heal|p2b: Saxophone|40\/100|[from] item: Leftovers\n|upkeep\n|\n|t:|1697074998\n|switch|p1b: Amoonguss|Amoonguss, M, shiny|100\/100\n|switch|p1a: Mawile|Mawile, F, shiny|100\/100\n|-ability|p1a: Mawile|Intimidate|boost\n|-fail|p2a: Rihanna|unboost|[from] ability: Clear Body|[of] p2a: Rihanna\n|-unboost|p2b: Saxophone|atk|1\n|turn|4\n|\n|t:|1697075020\n|detailschange|p1a: Mawile|Mawile-Mega, F, shiny\n|-mega|p1a: Mawile|Mawile|Mawilite\n|move|p1a: Mawile|Sucker Punch|p2a: Rihanna\n|-resisted|p2a: Rihanna\n|-damage|p2a: Rihanna|6\/100\n|move|p2a: Rihanna|Earth Power|p1a: Mawile\n|-supereffective|p1a: Mawile\n|-damage|p1a: Mawile|0 fnt\n|faint|p1a: Mawile\n|move|p1b: Amoonguss|Spore|p2b: Saxophone\n|-status|p2b: Saxophone|slp|[from] move: Spore\n|cant|p2b: Saxophone|slp\n|\n|-heal|p2b: Saxophone|46\/100 slp|[from] item: Leftovers\n|upkeep\n|\n|t:|1697075028\n|switch|p1a: Palafin|Palafin-Hero, M|100\/100\n|-activate|p1a: Palafin|ability: Zero to Hero\n|turn|5\n|\n|t:|1697075041\n|move|p1a: Palafin|Jet Punch|p2a: Rihanna\n|-supereffective|p2a: Rihanna\n|-damage|p2a: Rihanna|0 fnt\n|faint|p2a: Rihanna\n|move|p1b: Amoonguss|Leaf Storm|p2b: Saxophone\n|-damage|p2b: Saxophone|4\/100 slp\n|-unboost|p1b: Amoonguss|spa|2\n|cant|p2b: Saxophone|slp\n|\n|-heal|p2b: Saxophone|10\/100 slp|[from] item: Leftovers\n|upkeep\n|\n|t:|1697075054\n|switch|p2a: Okidogi|Okidogi, M|100\/100\n|turn|6\n|\n|t:|1697075069\n|-terastallize|p1a: Palafin|Water\n|move|p1a: Palafin|Jet Punch|p2a: Okidogi\n|-damage|p2a: Okidogi|35\/100\n|move|p1b: Amoonguss|Leaf Storm|p2b: Saxophone\n|-damage|p2b: Saxophone|0 fnt\n|-unboost|p1b: Amoonguss|spa|2\n|faint|p2b: Saxophone\n|move|p2a: Okidogi|Gunk Shot|p1a: Palafin\n|-damage|p1a: Palafin|30\/100\n|-status|p1a: Palafin|psn\n|\n|-damage|p1a: Palafin|18\/100 psn|[from] psn\n|-fieldend|move: Trick Room\n|upkeep\n|\n|t:|1697075084\n|switch|p2b: Sonria|Enamorus, F|100\/100\n|turn|7\n|\n|t:|1697075095\n|switch|p1b: Corviknight|Corviknight, M, shiny|100\/100\n|move|p1a: Palafin|Jet Punch|p2a: Okidogi\n|-damage|p2a: Okidogi|0 fnt\n|faint|p2a: Okidogi\n|move|p2b: Sonria|Superpower|p1a: Palafin\n|-damage|p1a: Palafin|0 fnt\n|-boost|p2b: Sonria|atk|1\n|-boost|p2b: Sonria|def|1\n|faint|p1a: Palafin\n|\n|upkeep\n|\n|t:|1697075106\n|switch|p1a: Amoonguss|Amoonguss, M, shiny|100\/100\n|switch|p2a: Freddy Fazbear|Ursaluna-Bloodmoon, M|100\/100\n|turn|8\n|\n|t:|1697075125\n|move|p2b: Sonria|Fly||[still]\n|-prepare|p2b: Sonria|Fly\n|move|p1b: Corviknight|Body Press|p2a: Freddy Fazbear\n|-supereffective|p2a: Freddy Fazbear\n|-damage|p2a: Freddy Fazbear|73\/100\n|move|p2a: Freddy Fazbear|Earth Power|p1a: Amoonguss\n|-damage|p1a: Amoonguss|57\/100\n|move|p1a: Amoonguss|Spore|p2b: Sonria|[miss]\n|-miss|p1a: Amoonguss|p2b: Sonria\n|\n|-heal|p2a: Freddy Fazbear|79\/100|[from] item: Leftovers\n|upkeep\n|turn|9\n|\n|t:|1697075145\n|move|p2b: Sonria|Fly|p1a: Amoonguss|[from]lockedmove\n|-supereffective|p1a: Amoonguss\n|-damage|p1a: Amoonguss|0 fnt\n|-damage|p2b: Sonria|84\/100|[from] item: Rocky Helmet|[of] p1a: Amoonguss\n|faint|p1a: Amoonguss\n|move|p1b: Corviknight|Bulk Up|p1b: Corviknight\n|-boost|p1b: Corviknight|atk|1\n|-boost|p1b: Corviknight|def|1\n|move|p2a: Freddy Fazbear|Hyper Voice|p1b: Corviknight\n|-resisted|p1b: Corviknight\n|-damage|p1b: Corviknight|83\/100\n|\n|-heal|p1b: Corviknight|89\/100|[from] item: Leftovers\n|-heal|p2a: Freddy Fazbear|85\/100|[from] item: Leftovers\n|upkeep\n|turn|10\n|\n|t:|1697075159\n|move|p2b: Sonria|Superpower|p1b: Corviknight\n|-damage|p1b: Corviknight|59\/100\n|-boost|p2b: Sonria|atk|1\n|-boost|p2b: Sonria|def|1\n|move|p1b: Corviknight|Bulk Up|p1b: Corviknight\n|-boost|p1b: Corviknight|atk|1\n|-boost|p1b: Corviknight|def|1\n|move|p2a: Freddy Fazbear|Calm Mind|p2a: Freddy Fazbear\n|-boost|p2a: Freddy Fazbear|spa|1\n|-boost|p2a: Freddy Fazbear|spd|1\n|\n|-heal|p1b: Corviknight|65\/100|[from] item: Leftovers\n|-heal|p2a: Freddy Fazbear|91\/100|[from] item: Leftovers\n|upkeep\n|turn|11\n|\n|t:|1697075171\n|move|p2b: Sonria|Superpower|p1b: Corviknight\n|-damage|p1b: Corviknight|33\/100\n|-boost|p2b: Sonria|atk|1\n|-boost|p2b: Sonria|def|1\n|move|p1b: Corviknight|Bulk Up|p1b: Corviknight\n|-boost|p1b: Corviknight|atk|1\n|-boost|p1b: Corviknight|def|1\n|move|p2a: Freddy Fazbear|Hyper Voice|p1b: Corviknight\n|-resisted|p1b: Corviknight\n|-damage|p1b: Corviknight|7\/100\n|\n|-heal|p1b: Corviknight|13\/100|[from] item: Leftovers\n|-heal|p2a: Freddy Fazbear|97\/100|[from] item: Leftovers\n|upkeep\n|turn|12\n|\n|t:|1697075184\n|move|p2b: Sonria|Superpower|p1b: Corviknight\n|-damage|p1b: Corviknight|0 fnt\n|-boost|p2b: Sonria|atk|1\n|-boost|p2b: Sonria|def|1\n|faint|p1b: Corviknight\n|\n|win|Denvah_17\n|raw|Starving_Venom_459's rating: 1373 &rarr; <strong>1346<\/strong><br \/>(-27 for losing)\n|raw|Denvah_17's rating: 1248 &rarr; <strong>1282<\/strong><br \/>(+34 for winning)\n|l|\u2606Starving_Venom_459\n","uploadtime":1697075196,"views":6,"p1id":"starvingvenom459","p2id":"denvah17","formatid":"gen9nationaldexdoubles","rating":1282,"private":0,"password":""}