{"id":"gen9nationaldexdoubles-1982799965","p1":"HAHA U SUCK NOOB","p2":"BigBenClockTower","format":"[Gen 9] National Dex Doubles","log":"|j|\u2606HAHA U SUCK NOOB\n|j|\u2606BigBenClockTower\n|t:|1699046095\n|gametype|doubles\n|player|p1|HAHA U SUCK NOOB|camper|1000\n|player|p2|BigBenClockTower|acetrainer-gen6xy|1046\n|teamsize|p1|6\n|teamsize|p2|6\n|gen|9\n|tier|[Gen 9] National Dex Doubles\n|rated|\n|rule|HP Percentage Mod: HP is shown in percentages\n|rule|Endless Battle Clause: Forcing endless battles is banned\n|rule|OHKO Clause: OHKO moves are banned\n|rule|Evasion Moves Clause: Evasion moves are banned\n|rule|Evasion Abilities Clause: Evasion abilities are banned\n|rule|Species Clause: Limit one of each Pok\u00e9mon\n|rule|Gravity Sleep Clause: The combination of sleep-inducing moves with imperfect accuracy and Gravity or Gigantamax Orbeetle are banned\n|clearpoke\n|poke|p1|Blastoise, M|\n|poke|p1|Clefable, M|\n|poke|p1|Indeedee-F, F|\n|poke|p1|Mr. Mime, M|\n|poke|p1|Glastrier|\n|poke|p1|Oranguru, M|\n|poke|p2|Slowking, M|\n|poke|p2|Scizor, M|\n|poke|p2|Conkeldurr, M|\n|poke|p2|Salamence, M|\n|poke|p2|Regigigas|\n|poke|p2|Diancie|\n|teampreview\n|inactive|Battle timer is ON: inactive players will automatically lose when time's up. (requested by BigBenClockTower)\n|\n|t:|1699046152\n|start\n|switch|p1a: Glastrier|Glastrier|100\/100\n|switch|p1b: Indeedee|Indeedee-F, F|100\/100\n|switch|p2a: Slowking|Slowking, M|100\/100\n|switch|p2b: Scizor|Scizor, M|100\/100\n|-fieldstart|move: Psychic Terrain|[from] ability: Psychic Surge|[of] p1b: Indeedee\n|turn|1\n|\n|t:|1699046182\n|move|p1b: Indeedee|Follow Me|p1b: Indeedee\n|-singleturn|p1b: Indeedee|move: Follow Me\n|move|p2b: Scizor|Swords Dance|p2b: Scizor\n|-boost|p2b: Scizor|atk|2\n|move|p2a: Slowking|Skill Swap|p1b: Indeedee\n|-activate|p2a: Slowking|move: Skill Swap|Psychic Surge|Regenerator|[of] p1b: Indeedee\n|move|p1a: Glastrier|Stomping Tantrum|p2b: Scizor\n|-damage|p2b: Scizor|69\/100\n|\n|upkeep\n|turn|2\n|inactive|HAHA U SUCK NOOB has 120 seconds left.\n|\n|t:|1699046242\n|switch|p1b: Blastoise|Blastoise, M|100\/100\n|move|p1a: Glastrier|Protect|p1a: Glastrier\n|-singleturn|p1a: Glastrier|Protect\n|move|p2b: Scizor|Baton Pass|p2b: Scizor\n|\n|t:|1699046248\n|switch|p2b: Regigigas|Regigigas|100\/100|[from] Baton Pass\n|-start|p2b: Regigigas|ability: Slow Start\n|move|p2a: Slowking|Skill Swap|p2b: Regigigas\n|-activate|p2a: Slowking|move: Skill Swap|||[of] p2b: Regigigas\n|-end|p2b: Regigigas|Slow Start|[silent]\n|-start|p2a: Slowking|ability: Slow Start\n|\n|upkeep\n|turn|3\n|inactive|HAHA U SUCK NOOB has 120 seconds left.\n|inactive|BigBenClockTower has 120 seconds left.\n|\n|t:|1699046279\n|switch|p1a: Clefable|Clefable, M|100\/100\n|-terastallize|p2b: Regigigas|Dark\n|move|p2b: Regigigas|Darkest Lariat|p1b: Blastoise\n|-damage|p1b: Blastoise|9\/100\n|-enditem|p1b: Blastoise|Iapapa Berry|[eat]\n|-heal|p1b: Blastoise|42\/100|[from] item: Iapapa Berry\n|move|p2a: Slowking|Skill Swap|p1a: Clefable\n|-activate|p2a: Slowking|move: Skill Swap|Magic Guard|Slow Start|[of] p1a: Clefable\n|-end|p2a: Slowking|Slow Start|[silent]\n|-start|p1a: Clefable|ability: Slow Start\n|move|p1b: Blastoise|Roar|p2b: Regigigas\n|drag|p2b: Conkeldurr|Conkeldurr, M|100\/100\n|\n|-status|p2b: Conkeldurr|brn|[from] item: Flame Orb\n|upkeep\n|turn|4\n|inactive|HAHA U SUCK NOOB has 120 seconds left.\n|inactive|BigBenClockTower has 120 seconds left.\n|\n|t:|1699046328\n|-end|p1a: Clefable|Slow Start|[silent]\n|switch|p1a: Glastrier|Glastrier|100\/100\n|move|p1b: Blastoise|Dark Pulse|p2a: Slowking\n|-supereffective|p2a: Slowking\n|-damage|p2a: Slowking|75\/100\n|move|p2b: Conkeldurr|Facade|p1a: Glastrier\n|-damage|p1a: Glastrier|47\/100\n|move|p2a: Slowking|Psychic|p1b: Blastoise\n|-damage|p1b: Blastoise|0 fnt\n|faint|p1b: Blastoise\n|\n|-heal|p2a: Slowking|81\/100|[from] item: Leftovers\n|-damage|p2b: Conkeldurr|94\/100 brn|[from] brn\n|upkeep\n|inactive|HAHA U SUCK NOOB has 90 seconds left.\n|\n|t:|1699046344\n|switch|p1b: Clefable|Clefable, M|100\/100\n|turn|5\n|\n|t:|1699046351\n|-terastallize|p1a: Glastrier|Ice\n|move|p1b: Clefable|Follow Me|p1b: Clefable\n|-singleturn|p1b: Clefable|move: Follow Me\n|move|p2b: Conkeldurr|Facade|p1b: Clefable\n|-damage|p1b: Clefable|28\/100\n|move|p2a: Slowking|Skill Swap|p1b: Clefable\n|-activate|p2a: Slowking|move: Skill Swap|Magic Guard|Magic Guard|[of] p1b: Clefable\n|move|p1a: Glastrier|Icicle Spear|p2b: Conkeldurr\n|-damage|p2b: Conkeldurr|76\/100 brn\n|-damage|p2b: Conkeldurr|58\/100 brn\n|-damage|p2b: Conkeldurr|39\/100 brn\n|-damage|p2b: Conkeldurr|23\/100 brn\n|-damage|p2b: Conkeldurr|6\/100 brn\n|-hitcount|p2b: Conkeldurr|5\n|\n|-heal|p2a: Slowking|87\/100|[from] item: Leftovers\n|-damage|p2b: Conkeldurr|0 fnt|[from] brn\n|faint|p2b: Conkeldurr\n|-fieldend|move: Psychic Terrain\n|upkeep\n|\n|t:|1699046373\n|switch|p2b: Scizor|Scizor, M|69\/100\n|turn|6\n|inactive|HAHA U SUCK NOOB has 120 seconds left.\n|inactive|HAHA U SUCK NOOB has 90 seconds left.\n|\n|t:|1699046427\n|switch|p1a: Indeedee|Indeedee-F, F|100\/100\n|-fieldstart|move: Psychic Terrain|[from] ability: Psychic Surge|[of] p1a: Indeedee\n|move|p1b: Clefable|Follow Me|p1b: Clefable\n|-singleturn|p1b: Clefable|move: Follow Me\n|move|p2b: Scizor|Swords Dance|p2b: Scizor\n|-boost|p2b: Scizor|atk|2\n|move|p2a: Slowking|Skill Swap|p1b: Clefable\n|-activate|p2a: Slowking|move: Skill Swap|Magic Guard|Magic Guard|[of] p1b: Clefable\n|\n|-heal|p2a: Slowking|93\/100|[from] item: Leftovers\n|upkeep\n|turn|7\n|\n|t:|1699046447\n|move|p1b: Clefable|Follow Me|p1b: Clefable\n|-singleturn|p1b: Clefable|move: Follow Me\n|move|p2b: Scizor|Baton Pass|p2b: Scizor\n|\n|t:|1699046455\n|switch|p2b: Salamence|Salamence, M|100\/100|[from] Baton Pass\n|-ability|p2b: Salamence|Intimidate|boost\n|-unboost|p1a: Indeedee|atk|1\n|-unboost|p1b: Clefable|atk|1\n|move|p2a: Slowking|Skill Swap|p1b: Clefable\n|-activate|p2a: Slowking|move: Skill Swap|Magic Guard|Magic Guard|[of] p1b: Clefable\n|move|p1a: Indeedee|Trick Room|p1a: Indeedee\n|-fieldstart|move: Trick Room|[of] p1a: Indeedee\n|\n|-heal|p2a: Slowking|99\/100|[from] item: Leftovers\n|upkeep\n|turn|8\n|inactive|HAHA U SUCK NOOB has 120 seconds left.\n|\n|t:|1699046484\n|switch|p1a: Glastrier|Glastrier, tera:Ice|47\/100\n|move|p1b: Clefable|Follow Me|p1b: Clefable\n|-singleturn|p1b: Clefable|move: Follow Me\n|move|p2a: Slowking|Skill Swap|p1b: Clefable\n|-activate|p2a: Slowking|move: Skill Swap|Magic Guard|Magic Guard|[of] p1b: Clefable\n|move|p2b: Salamence|Dual Wingbeat|p1b: Clefable\n|-damage|p1b: Clefable|0 fnt\n|faint|p1b: Clefable\n|-hitcount|p1: Clefable|1\n|\n|-heal|p2a: Slowking|100\/100|[from] item: Leftovers\n|upkeep\n|inactive|HAHA U SUCK NOOB has 120 seconds left.\n|\n|t:|1699046501\n|switch|p1b: Mr. Mime|Mr. Mime, M|100\/100\n|turn|9\n|\n|t:|1699046510\n|switch|p2b: Regigigas|Regigigas, tera:Dark|100\/100\n|-start|p2b: Regigigas|ability: Slow Start\n|move|p1b: Mr. Mime|Follow Me|p1b: Mr. Mime\n|-singleturn|p1b: Mr. Mime|move: Follow Me\n|move|p1a: Glastrier|Icicle Spear|p2b: Regigigas\n|-damage|p2b: Regigigas|83\/100\n|-damage|p2b: Regigigas|68\/100\n|-damage|p2b: Regigigas|53\/100\n|-damage|p2b: Regigigas|37\/100\n|-hitcount|p2b: Regigigas|4\n|move|p2a: Slowking|Skill Swap|p1b: Mr. Mime\n|-activate|p2a: Slowking|move: Skill Swap|Soundproof|Magic Guard|[of] p1b: Mr. Mime\n|\n|upkeep\n|turn|10\n|\n|t:|1699046538\n|-end|p2b: Regigigas|Slow Start|[silent]\n|switch|p2b: Scizor|Scizor, M|69\/100\n|move|p1b: Mr. Mime|Follow Me|p1b: Mr. Mime\n|-singleturn|p1b: Mr. Mime|move: Follow Me\n|move|p1a: Glastrier|Icicle Spear|p2b: Scizor\n|-resisted|p2b: Scizor\n|-crit|p2b: Scizor\n|-damage|p2b: Scizor|53\/100\n|-resisted|p2b: Scizor\n|-damage|p2b: Scizor|43\/100\n|-resisted|p2b: Scizor\n|-damage|p2b: Scizor|32\/100\n|-resisted|p2b: Scizor\n|-damage|p2b: Scizor|21\/100\n|-enditem|p2b: Scizor|Salac Berry|[eat]\n|-boost|p2b: Scizor|spe|1|[from] item: Salac Berry\n|-resisted|p2b: Scizor\n|-damage|p2b: Scizor|10\/100\n|-hitcount|p2b: Scizor|5\n|move|p2a: Slowking|Shadow Ball|p1b: Mr. Mime\n|-supereffective|p1b: Mr. Mime\n|-damage|p1b: Mr. Mime|49\/100\n|\n|-fieldend|move: Psychic Terrain\n|upkeep\n|turn|11\n|\n|t:|1699046560\n|move|p1b: Mr. Mime|Follow Me|p1b: Mr. Mime\n|-singleturn|p1b: Mr. Mime|move: Follow Me\n|move|p2b: Scizor|Bullet Punch|p1b: Mr. Mime\n|-supereffective|p1b: Mr. Mime\n|-damage|p1b: Mr. Mime|0 fnt\n|faint|p1b: Mr. Mime\n|move|p1a: Glastrier|Icicle Spear|p2b: Scizor\n|-resisted|p2b: Scizor\n|-damage|p2b: Scizor|0 fnt\n|faint|p2b: Scizor\n|-ability|p1a: Glastrier|Chilling Neigh|boost\n|-boost|p1a: Glastrier|atk|1\n|-hitcount|p2: Scizor|1\n|move|p2a: Slowking|Shadow Ball|p1a: Glastrier\n|-damage|p1a: Glastrier|27\/100\n|\n|-fieldend|move: Trick Room\n|upkeep\n|\n|t:|1699046576\n|switch|p1b: Indeedee|Indeedee-F, F|100\/100\n|switch|p2b: Salamence|Salamence, M|100\/100\n|-ability|p2b: Salamence|Intimidate|boost\n|-unboost|p1a: Glastrier|atk|1\n|-unboost|p1b: Indeedee|atk|1\n|-fieldstart|move: Psychic Terrain|[from] ability: Psychic Surge|[of] p1b: Indeedee\n|turn|12\n|\n|t:|1699046591\n|move|p1a: Glastrier|Protect|p1a: Glastrier\n|-singleturn|p1a: Glastrier|Protect\n|move|p2b: Salamence|Dual Wingbeat|p1a: Glastrier\n|-activate|p1a: Glastrier|move: Protect\n|move|p2a: Slowking|Psychic|p1b: Indeedee\n|-resisted|p1b: Indeedee\n|-damage|p1b: Indeedee|73\/100\n|move|p1b: Indeedee|Trick Room|p1b: Indeedee\n|-fieldstart|move: Trick Room|[of] p1b: Indeedee\n|\n|upkeep\n|turn|13\n|\n|t:|1699046604\n|switch|p2b: Regigigas|Regigigas, tera:Dark|37\/100\n|-start|p2b: Regigigas|ability: Slow Start\n|move|p1b: Indeedee|Follow Me|p1b: Indeedee\n|-singleturn|p1b: Indeedee|move: Follow Me\n|move|p1a: Glastrier|Icicle Spear|p2b: Regigigas\n|-damage|p2b: Regigigas|20\/100\n|-damage|p2b: Regigigas|3\/100\n|-damage|p2b: Regigigas|0 fnt\n|faint|p2b: Regigigas\n|-end|p2b: Regigigas|Slow Start|[silent]\n|-ability|p1a: Glastrier|Chilling Neigh|boost\n|-boost|p1a: Glastrier|atk|1\n|-hitcount|p2: Regigigas|3\n|move|p2a: Slowking|Psychic|p1b: Indeedee\n|-resisted|p1b: Indeedee\n|-crit|p1b: Indeedee\n|-damage|p1b: Indeedee|31\/100\n|\n|upkeep\n|\n|t:|1699046620\n|switch|p2b: Diancie|Diancie|100\/100\n|turn|14\n|\n|t:|1699046631\n|detailschange|p2b: Diancie|Diancie-Mega\n|-mega|p2b: Diancie|Diancie|Diancite\n|move|p1b: Indeedee|Follow Me|p1b: Indeedee\n|-singleturn|p1b: Indeedee|move: Follow Me\n|move|p1a: Glastrier|Smart Strike|p2b: Diancie\n|-supereffective|p2b: Diancie\n|-damage|p2b: Diancie|0 fnt\n|faint|p2b: Diancie\n|-ability|p1a: Glastrier|Chilling Neigh|boost\n|-boost|p1a: Glastrier|atk|1\n|move|p2a: Slowking|Scald|p1b: Indeedee\n|-damage|p1b: Indeedee|0 fnt\n|faint|p1b: Indeedee\n|\n|upkeep\n|\n|t:|1699046643\n|switch|p1b: Oranguru|Oranguru, M|100\/100\n|switch|p2b: Salamence|Salamence, M|100\/100\n|-ability|p2b: Salamence|Intimidate|boost\n|-unboost|p1a: Glastrier|atk|1\n|-fail|p1b: Oranguru|unboost|Attack|[from] ability: Inner Focus|[of] p1b: Oranguru\n|turn|15\n|\n|t:|1699046666\n|move|p1a: Glastrier|Icicle Spear|p2b: Salamence\n|-supereffective|p2b: Salamence\n|-damage|p2b: Salamence|0 fnt\n|faint|p2b: Salamence\n|-ability|p1a: Glastrier|Chilling Neigh|boost\n|-boost|p1a: Glastrier|atk|1\n|-hitcount|p2: Salamence|1\n|move|p2a: Slowking|Scald|p1a: Glastrier\n|-damage|p1a: Glastrier|0 fnt\n|faint|p1a: Glastrier\n|move|p1b: Oranguru|Instruct|p1: Glastrier|[notarget]\n|-fail|p1b: Oranguru\n|\n|upkeep\n|turn|16\n|l|\u2606HAHA U SUCK NOOB\n|inactive|HAHA U SUCK NOOB disconnected and has a minute to reconnect!\n|player|p1|\n|inactive|HAHA U SUCK NOOB has 30 seconds to reconnect!\n|inactive|HAHA U SUCK NOOB has 20 seconds to reconnect!\n|inactive|HAHA U SUCK NOOB has 15 seconds to reconnect!\n|inactive|HAHA U SUCK NOOB has 10 seconds to reconnect!\n|inactive|HAHA U SUCK NOOB has 5 seconds to reconnect!\n|-message|HAHA U SUCK NOOB lost due to inactivity.\n|\n|win|BigBenClockTower\n|raw|HAHA U SUCK NOOB's rating: 1077 &rarr; <strong>1054<\/strong><br \/>(-23 for losing)\n|raw|BigBenClockTower's rating: 1046 &rarr; <strong>1082<\/strong><br \/>(+36 for winning)\n","uploadtime":1699047250,"views":6,"p1id":"hahausucknoob","p2id":"bigbenclocktower","formatid":"gen9nationaldexdoubles","rating":1054,"private":0,"password":""}