{"id":"gen9nationaldexdoubles-1978258991","p1":"Camdar","p2":"Leonarth5","format":"[Gen 9] National Dex Doubles","log":"|j|\u2606Camdar\n|j|\u2606Leonarth5\n|t:|1698518031\n|gametype|doubles\n|player|p1|Camdar|hilda|\n|player|p2|Leonarth5|acetrainersnowf|\n|teamsize|p1|6\n|teamsize|p2|6\n|gen|9\n|tier|[Gen 9] National Dex Doubles\n|rule|HP Percentage Mod: HP is shown in percentages\n|rule|Endless Battle Clause: Forcing endless battles is banned\n|rule|OHKO Clause: OHKO moves are banned\n|rule|Evasion Moves Clause: Evasion moves are banned\n|rule|Evasion Abilities Clause: Evasion abilities are banned\n|rule|Species Clause: Limit one of each Pok\u00e9mon\n|rule|Gravity Sleep Clause: The combination of sleep-inducing moves with imperfect accuracy and Gravity or Gigantamax Orbeetle are banned\n|clearpoke\n|poke|p1|Baxcalibur, M|\n|poke|p1|Gholdengo|\n|poke|p1|Zapdos|\n|poke|p1|Clefable, F|\n|poke|p1|Kleavor, M|\n|poke|p1|Vivillon-Modern, F|\n|poke|p2|Landorus, M|\n|poke|p2|Garganacl, F|\n|poke|p2|Scizor, M|\n|poke|p2|Muk-Alola, F|\n|poke|p2|Azumarill, M|\n|poke|p2|Meowscarada, F|\n|teampreview\n|j| SgtSmilies\n|\n|t:|1698518051\n|start\n|switch|p1a: paldean goodra|Baxcalibur, M|100\/100\n|switch|p1b: Axew?|Kleavor, M|100\/100\n|switch|p2a: Landorus|Landorus, M|100\/100\n|switch|p2b: Meowscarada|Meowscarada, F, shiny|100\/100\n|turn|1\n|\n|t:|1698518090\n|move|p1a: paldean goodra|Ice Shard|p2b: Meowscarada\n|-supereffective|p2b: Meowscarada\n|-damage|p2b: Meowscarada|24\/100\n|move|p2a: Landorus|Sandsear Storm|p1a: paldean goodra|[spread] \n|-miss|p2a: Landorus|p1a: paldean goodra\n|-miss|p2a: Landorus|p1b: Axew?\n|move|p1b: Axew?|U-turn|p2b: Meowscarada\n|-supereffective|p2b: Meowscarada\n|-damage|p2b: Meowscarada|0 fnt\n|faint|p2b: Meowscarada\n|\n|t:|1698518100\n|switch|p1b: fake shiny|Vivillon-Modern, F|100\/100|[from] U-turn\n|\n|upkeep\n|\n|t:|1698518119\n|switch|p2b: Scizor|Scizor, M|100\/100\n|turn|2\n|\n|t:|1698518135\n|switch|p2a: Azumarill|Azumarill, M|100\/100\n|move|p1b: fake shiny|Rage Powder|p1b: fake shiny\n|-singleturn|p1b: fake shiny|move: Rage Powder\n|move|p1a: paldean goodra|Ice Shard|p2a: Azumarill\n|-resisted|p2a: Azumarill\n|-damage|p2a: Azumarill|87\/100\n|move|p2b: Scizor|Bullet Punch|p1b: fake shiny\n|-damage|p1b: fake shiny|23\/100\n|\n|upkeep\n|turn|3\n|\n|t:|1698518155\n|move|p1b: fake shiny|Rage Powder|p1b: fake shiny\n|-singleturn|p1b: fake shiny|move: Rage Powder\n|move|p2b: Scizor|Bullet Punch|p1b: fake shiny\n|-damage|p1b: fake shiny|0 fnt\n|faint|p1b: fake shiny\n|move|p1a: paldean goodra|Earthquake|p2b: Scizor|[spread] p2a,p2b\n|-damage|p2a: Azumarill|57\/100\n|-damage|p2b: Scizor|70\/100\n|move|p2a: Azumarill|Play Rough|p1a: paldean goodra\n|-supereffective|p1a: paldean goodra\n|-damage|p1a: paldean goodra|7\/100\n|\n|upkeep\n|\n|t:|1698518167\n|switch|p1b: ub dub|Clefable, F|100\/100\n|turn|4\n|\n|t:|1698518177\n|move|p1b: ub dub|Follow Me|p1b: ub dub\n|-singleturn|p1b: ub dub|move: Follow Me\n|move|p2b: Scizor|Bullet Punch|p1b: ub dub\n|-supereffective|p1b: ub dub\n|-damage|p1b: ub dub|9\/100\n|move|p2a: Azumarill|Aqua Jet|p1b: ub dub\n|-damage|p1b: ub dub|0 fnt\n|faint|p1b: ub dub\n|move|p1a: paldean goodra|Earthquake|p2b: Scizor|[spread] p2a,p2b\n|-damage|p2a: Azumarill|24\/100\n|-damage|p2b: Scizor|39\/100\n|-enditem|p2a: Azumarill|Sitrus Berry|[eat]\n|-heal|p2a: Azumarill|49\/100|[from] item: Sitrus Berry\n|\n|upkeep\n|\n|t:|1698518189\n|switch|p1b: bzzt|Zapdos|100\/100\n|turn|5\n|\n|t:|1698518235\n|switch|p2a: Garganacl|Garganacl, F|100\/100\n|move|p1a: paldean goodra|Ice Shard|p2b: Scizor\n|-resisted|p2b: Scizor\n|-damage|p2b: Scizor|26\/100\n|move|p2b: Scizor|Bullet Punch|p1a: paldean goodra\n|-supereffective|p1a: paldean goodra\n|-damage|p1a: paldean goodra|0 fnt\n|faint|p1a: paldean goodra\n|move|p1b: bzzt|Discharge|p2b: Scizor|[spread] p2a,p2b\n|-damage|p2a: Garganacl|73\/100\n|-damage|p2b: Scizor|0 fnt\n|faint|p2b: Scizor\n|\n|-heal|p2a: Garganacl|79\/100|[from] item: Leftovers\n|upkeep\n|\n|t:|1698518275\n|switch|p1a: ban me in ou|Gholdengo|100\/100\n|switch|p2b: Muk|Muk-Alola, F, shiny|100\/100\n|turn|6\n|c|\u2606Camdar|get it over with\n|c|\u2606Camdar|end my suffering\n|inactive|Battle timer is ON: inactive players will automatically lose when time's up. (requested by Camdar)\n|\n|t:|1698518361\n|move|p2a: Garganacl|Helping Hand|p2b: Muk\n|-singleturn|p2b: Muk|Helping Hand|[of] p2a: Garganacl\n|move|p1a: ban me in ou|Protect|p1a: ban me in ou\n|-singleturn|p1a: ban me in ou|Protect\n|move|p1b: bzzt|Discharge|p2b: Muk|[spread] p2a,p2b\n|-activate|p1a: ban me in ou|move: Protect\n|-damage|p2a: Garganacl|51\/100\n|-damage|p2b: Muk|84\/100\n|move|p2b: Muk|Ice Punch|p1b: bzzt\n|-supereffective|p1b: bzzt\n|-damage|p1b: bzzt|35\/100\n|-status|p2b: Muk|par|[from] ability: Static|[of] p1b: bzzt\n|\n|-heal|p2a: Garganacl|57\/100|[from] item: Leftovers\n|upkeep\n|turn|7\n|\n|t:|1698518382\n|move|p2a: Garganacl|Helping Hand|p2b: Muk\n|-singleturn|p2b: Muk|Helping Hand|[of] p2a: Garganacl\n|move|p1b: bzzt|Roost|p1b: bzzt\n|-heal|p1b: bzzt|85\/100\n|-singleturn|p1b: bzzt|move: Roost\n|move|p1a: ban me in ou|Nasty Plot|p1a: ban me in ou\n|-boost|p1a: ban me in ou|spa|2\n|move|p2b: Muk|Ice Punch|p1b: bzzt\n|-damage|p1b: bzzt|50\/100\n|\n|-heal|p2a: Garganacl|64\/100|[from] item: Leftovers\n|upkeep\n|turn|8\n|\n|t:|1698518411\n|-terastallize|p2a: Garganacl|Water\n|move|p1b: bzzt|Volt Switch|p2a: Garganacl\n|-supereffective|p2a: Garganacl\n|-damage|p2a: Garganacl|3\/100\n|\n|t:|1698518416\n|switch|p1b: Axew?|Kleavor, M|100\/100|[from] Volt Switch\n|move|p1a: ban me in ou|Make It Rain|p2a: Garganacl|[spread] p2a,p2b\n|-resisted|p2a: Garganacl\n|-damage|p2a: Garganacl|0 fnt\n|-damage|p2b: Muk|26\/100 par\n|-unboost|p1a: ban me in ou|spa|1\n|faint|p2a: Garganacl\n|-ability|p2b: Muk|Purifying Salt|[from] ability: Power of Alchemy|[of] p2a: Garganacl\n|move|p2b: Muk|Poison Jab|p1b: Axew?\n|-resisted|p1b: Axew?\n|-damage|p1b: Axew?|79\/100\n|\n|upkeep\n|\n|t:|1698518430\n|switch|p2a: Landorus|Landorus, M|100\/100\n|turn|9\n|\n|t:|1698518442\n|move|p2a: Landorus|Sandsear Storm|p1b: Axew?|[spread] \n|-miss|p2a: Landorus|p1a: ban me in ou\n|-miss|p2a: Landorus|p1b: Axew?\n|move|p1b: Axew?|Stone Axe|p2a: Landorus\n|-damage|p2a: Landorus|28\/100\n|-sidestart|p2: Leonarth5|move: Stealth Rock\n|move|p1a: ban me in ou|Make It Rain|p2a: Landorus|[spread] p2a,p2b\n|-damage|p2a: Landorus|0 fnt\n|-damage|p2b: Muk|0 fnt\n|-unboost|p1a: ban me in ou|spa|1\n|faint|p2a: Landorus\n|faint|p2b: Muk\n|\n|upkeep\n|c|\u2606Camdar|bruh\n|inactive|Leonarth5 has 270 seconds left.\n|c|\u2606Leonarth5|this is not what I pictured\n|\n|t:|1698518475\n|switch|p2a: Azumarill|Azumarill, M|49\/100\n|-damage|p2a: Azumarill|37\/100|[from] Stealth Rock\n|turn|10\n|\n|t:|1698518483\n|move|p2a: Azumarill|Aqua Jet|p1b: Axew?\n|-supereffective|p1b: Axew?\n|-damage|p1b: Axew?|19\/100\n|move|p1b: Axew?|Stone Axe|p2a: Azumarill\n|-damage|p2a: Azumarill|0 fnt\n|faint|p2a: Azumarill\n|\n|win|Camdar\n","uploadtime":1698518493,"views":14,"p1id":"camdar","p2id":"leonarth5","formatid":"gen9nationaldexdoubles","rating":0,"private":0,"password":""}