{"id":"gen9nationaldexdoubles-1972632001","p1":"Chuuugs","p2":"SharkDudeIdk","format":"[Gen 9] National Dex Doubles","log":"|j|\u2606Chuuugs\n|j|\u2606SharkDudeIdk\n|t:|1697867517\n|gametype|doubles\n|player|p1|Chuuugs|hilda|1130\n|player|p2|SharkDudeIdk|170|1002\n|teamsize|p1|6\n|teamsize|p2|6\n|gen|9\n|tier|[Gen 9] National Dex Doubles\n|rated|\n|rule|HP Percentage Mod: HP is shown in percentages\n|rule|Endless Battle Clause: Forcing endless battles is banned\n|rule|OHKO Clause: OHKO moves are banned\n|rule|Evasion Moves Clause: Evasion moves are banned\n|rule|Evasion Abilities Clause: Evasion abilities are banned\n|rule|Species Clause: Limit one of each Pok\u00e9mon\n|rule|Gravity Sleep Clause: The combination of sleep-inducing moves with imperfect accuracy and Gravity or Gigantamax Orbeetle are banned\n|clearpoke\n|poke|p1|Pincurchin, M|\n|poke|p1|Arboliva, F|\n|poke|p1|Toxapex, F|\n|poke|p1|Iron Hands|\n|poke|p1|Sinistcha-Masterpiece|\n|poke|p1|Scream Tail|\n|poke|p2|Muk-Alola, M|\n|poke|p2|Kangaskhan, F|\n|poke|p2|Grimmsnarl, M|\n|poke|p2|Walking Wake|\n|poke|p2|Passimian, M|\n|poke|p2|Iron Bundle|\n|teampreview\n|\n|t:|1697867524\n|start\n|switch|p1a: Kidney Stone|Pincurchin, M, shiny|100\/100\n|switch|p1b: Mambo|Scream Tail|100\/100\n|switch|p2a: Muk|Muk-Alola, M|100\/100\n|switch|p2b: Kangaskhan|Kangaskhan, F|100\/100\n|-fieldstart|move: Electric Terrain|[from] ability: Electric Surge|[of] p1a: Kidney Stone\n|turn|1\n|\n|t:|1697867546\n|detailschange|p2b: Kangaskhan|Kangaskhan-Mega, F\n|-mega|p2b: Kangaskhan|Kangaskhan|Kangaskhanite\n|move|p2a: Muk|Protect|p2a: Muk\n|-singleturn|p2a: Muk|Protect\n|move|p2b: Kangaskhan|Earthquake|p1a: Kidney Stone|[spread] p1a,p1b\n|-activate|p2a: Muk|move: Protect\n|-supereffective|p1a: Kidney Stone\n|-damage|p1a: Kidney Stone|32\/100\n|-damage|p1b: Mambo|78\/100\n|move|p1a: Kidney Stone|Scald|p2a: Muk\n|-activate|p2a: Muk|move: Protect\n|move|p1b: Mambo|Trick Room|p1b: Mambo\n|-fieldstart|move: Trick Room|[of] p1b: Mambo\n|\n|upkeep\n|turn|2\n|\n|t:|1697867580\n|switch|p1a: Oven Mits|Iron Hands|100\/100\n|-activate|p1a: Oven Mits|ability: Quark Drive\n|-start|p1a: Oven Mits|quarkdriveatk\n|move|p2a: Muk|Knock Off|p1b: Mambo\n|-damage|p1b: Mambo|51\/100\n|-damage|p2a: Muk|84\/100|[from] item: Rocky Helmet|[of] p1b: Mambo\n|-enditem|p1b: Mambo|Rocky Helmet|[from] move: Knock Off|[of] p2a: Muk\n|move|p1b: Mambo|Psychic Fangs|p2a: Muk\n|-immune|p2a: Muk\n|move|p2b: Kangaskhan|Beat Up|p1a: Oven Mits\n|-resisted|p1a: Oven Mits\n|-crit|p1a: Oven Mits\n|-damage|p1a: Oven Mits|98\/100\n|-resisted|p1a: Oven Mits\n|-damage|p1a: Oven Mits|96\/100\n|-resisted|p1a: Oven Mits\n|-crit|p1a: Oven Mits\n|-damage|p1a: Oven Mits|93\/100\n|-resisted|p1a: Oven Mits\n|-damage|p1a: Oven Mits|91\/100\n|-resisted|p1a: Oven Mits\n|-damage|p1a: Oven Mits|89\/100\n|-resisted|p1a: Oven Mits\n|-damage|p1a: Oven Mits|88\/100\n|-hitcount|p1a: Oven Mits|6\n|\n|-heal|p2a: Muk|90\/100|[from] item: Leftovers\n|upkeep\n|turn|3\n|\n|t:|1697867636\n|move|p1a: Oven Mits|Fake Out|p2b: Kangaskhan\n|-damage|p2b: Kangaskhan|77\/100\n|move|p2a: Muk|Knock Off|p1a: Oven Mits\n|-resisted|p1a: Oven Mits\n|-damage|p1a: Oven Mits|77\/100\n|-enditem|p1a: Oven Mits|Sitrus Berry|[from] move: Knock Off|[of] p2a: Muk\n|move|p1b: Mambo|Dazzling Gleam|p2b: Kangaskhan|[spread] p2a,p2b\n|-damage|p2a: Muk|80\/100\n|-damage|p2b: Kangaskhan|63\/100\n|cant|p2b: Kangaskhan|flinch\n|\n|-heal|p2a: Muk|86\/100|[from] item: Leftovers\n|upkeep\n|turn|4\n|\n|t:|1697867656\n|move|p2a: Muk|Protect|p2a: Muk\n|-singleturn|p2a: Muk|Protect\n|move|p1a: Oven Mits|Drain Punch|p2b: Kangaskhan\n|-supereffective|p2b: Kangaskhan\n|-damage|p2b: Kangaskhan|0 fnt\n|-heal|p1a: Oven Mits|99\/100|[from] drain|[of] p2b: Kangaskhan\n|faint|p2b: Kangaskhan\n|-ability|p2a: Muk|Parental Bond|[from] ability: Power of Alchemy|[of] p2b: Kangaskhan\n|move|p1b: Mambo|Wish|p1b: Mambo\n|\n|-heal|p2a: Muk|92\/100|[from] item: Leftovers\n|upkeep\n|\n|t:|1697867668\n|switch|p2b: Passimian|Passimian, M|100\/100\n|turn|5\n|\n|t:|1697867696\n|switch|p2a: Grimmsnarl|Grimmsnarl, M|100\/100\n|move|p1a: Oven Mits|Drain Punch|p2a: Grimmsnarl\n|-damage|p2a: Grimmsnarl|28\/100\n|-heal|p1a: Oven Mits|100\/100|[from] drain|[of] p2a: Grimmsnarl\n|move|p2b: Passimian|Close Combat|p1a: Oven Mits\n|-damage|p1a: Oven Mits|58\/100\n|-unboost|p2b: Passimian|def|1\n|-unboost|p2b: Passimian|spd|1\n|move|p1b: Mambo|Psychic Fangs|p2b: Passimian\n|-supereffective|p2b: Passimian\n|-damage|p2b: Passimian|47\/100\n|\n|-heal|p1b: Mambo|100\/100|[from] move: Wish|[wisher] Mambo\n|-fieldend|move: Trick Room\n|upkeep\n|turn|6\n|\n|t:|1697867723\n|move|p1a: Oven Mits|Protect|p1a: Oven Mits\n|-singleturn|p1a: Oven Mits|Protect\n|move|p2a: Grimmsnarl|Fake Out|p1a: Oven Mits\n|-activate|p1a: Oven Mits|move: Protect\n|move|p2b: Passimian|Chilling Water|p1a: Oven Mits\n|-activate|p1a: Oven Mits|move: Protect\n|move|p1b: Mambo|Trick Room|p1b: Mambo\n|-fieldstart|move: Trick Room|[of] p1b: Mambo\n|\n|upkeep\n|turn|7\n|-message|SharkDudeIdk forfeited.\n|\n|win|Chuuugs\n|raw|Chuuugs's rating: 1130 &rarr; <strong>1146<\/strong><br \/>(+16 for winning)\n|raw|SharkDudeIdk's rating: 1002 &rarr; <strong>1000<\/strong><br \/>(-2 for losing)\n|l|\u2606SharkDudeIdk\n","uploadtime":1697867794,"views":13,"p1id":"chuuugs","p2id":"sharkdudeidk","formatid":"gen9nationaldexdoubles","rating":1000,"private":0,"password":""}