{"id":"gen9nationaldexdoubles-1989440843","p1":"KJ the coolest","p2":"Yinmor","format":"[Gen 9] National Dex Doubles","log":"|j|\u2606KJ the coolest\n|j|\u2606Yinmor\n|t:|1699850864\n|gametype|doubles\n|player|p1|KJ the coolest|will|1000\n|player|p2|Yinmor|102|1000\n|teamsize|p1|6\n|teamsize|p2|6\n|gen|9\n|tier|[Gen 9] National Dex Doubles\n|rated|\n|rule|HP Percentage Mod: HP is shown in percentages\n|rule|Endless Battle Clause: Forcing endless battles is banned\n|rule|OHKO Clause: OHKO moves are banned\n|rule|Evasion Moves Clause: Evasion moves are banned\n|rule|Evasion Abilities Clause: Evasion abilities are banned\n|rule|Species Clause: Limit one of each Pok\u00e9mon\n|rule|Gravity Sleep Clause: The combination of sleep-inducing moves with imperfect accuracy and Gravity or Gigantamax Orbeetle are banned\n|clearpoke\n|poke|p1|Heatran, F|\n|poke|p1|Gastrodon-East, M|\n|poke|p1|Emolga, M|\n|poke|p1|Ursaluna, M|\n|poke|p1|Tornadus, M|\n|poke|p1|Zorua-Hisui, M|\n|poke|p2|Swampert, M|\n|poke|p2|Scizor, M|\n|poke|p2|Landorus-Therian, M|\n|poke|p2|Ogerpon-Wellspring, F|\n|poke|p2|Iron Hands|\n|poke|p2|Tornadus, M|\n|teampreview\n|\n|t:|1699850880\n|start\n|switch|p1a: Heatran|Heatran, F|100\/100\n|switch|p1b: Tornadus|Tornadus, M|100\/100\n|switch|p2a: Swampert|Swampert, M, shiny|100\/100\n|switch|p2b: Tornadus|Tornadus, M, shiny|100\/100\n|turn|1\n|\n|t:|1699850919\n|detailschange|p2a: Swampert|Swampert-Mega, M, shiny\n|-mega|p2a: Swampert|Swampert|Swampertite\n|move|p2b: Tornadus|Rain Dance|p2b: Tornadus\n|-weather|RainDance\n|move|p1b: Tornadus|Taunt|p2b: Tornadus\n|-start|p2b: Tornadus|move: Taunt\n|move|p2a: Swampert|Waterfall|p1a: Heatran\n|-damage|p1a: Heatran|0 fnt\n|replace|p1a: Zorua|Zorua-Hisui, M\n|-end|p1a: Zorua|Illusion\n|faint|p1a: Zorua\n|\n|-weather|RainDance|[upkeep]\n|upkeep\n|\n|t:|1699850937\n|switch|p1a: Gastrodon|Gastrodon-East, M|100\/100\n|turn|2\n|\n|t:|1699850968\n|switch|p2b: Iron Hands|Iron Hands|100\/100\n|move|p1b: Tornadus|Tailwind|p1b: Tornadus\n|-sidestart|p1: KJ the coolest|move: Tailwind\n|move|p2a: Swampert|Ice Punch|p1a: Gastrodon\n|-damage|p1a: Gastrodon|78\/100\n|move|p1a: Gastrodon|Liquidation|p2b: Iron Hands\n|-damage|p2b: Iron Hands|76\/100\n|\n|-weather|RainDance|[upkeep]\n|-heal|p2b: Iron Hands|83\/100|[from] item: Leftovers\n|upkeep\n|turn|3\n|\n|t:|1699851021\n|-terastallize|p1a: Gastrodon|Water\n|move|p2b: Iron Hands|Fake Out|p1a: Gastrodon\n|-damage|p1a: Gastrodon|65\/100\n|move|p2a: Swampert|Ice Punch|p1b: Tornadus\n|-supereffective|p1b: Tornadus\n|-damage|p1b: Tornadus|33\/100\n|move|p1b: Tornadus|Bleakwind Storm|p2b: Iron Hands|[spread] p2a,p2b\n|-damage|p2a: Swampert|74\/100\n|-damage|p2b: Iron Hands|51\/100\n|-unboost|p2b: Iron Hands|spe|1\n|cant|p1a: Gastrodon|flinch\n|\n|-weather|RainDance|[upkeep]\n|-heal|p1b: Tornadus|39\/100|[from] item: Leftovers\n|-heal|p2b: Iron Hands|58\/100|[from] item: Leftovers\n|upkeep\n|turn|4\n|\n|t:|1699851048\n|move|p2b: Iron Hands|Protect|p2b: Iron Hands\n|-singleturn|p2b: Iron Hands|Protect\n|move|p2a: Swampert|Ice Punch|p1b: Tornadus\n|-supereffective|p1b: Tornadus\n|-damage|p1b: Tornadus|0 fnt\n|faint|p1b: Tornadus\n|move|p1a: Gastrodon|Liquidation|p2b: Iron Hands\n|-activate|p2b: Iron Hands|move: Protect\n|\n|-weather|RainDance|[upkeep]\n|-heal|p2b: Iron Hands|64\/100|[from] item: Leftovers\n|upkeep\n|\n|t:|1699851058\n|switch|p1b: Ursaluna|Ursaluna, M|100\/100\n|turn|5\n|\n|t:|1699851099\n|switch|p2a: Landorus|Landorus-Therian, M, shiny|100\/100\n|-ability|p2a: Landorus|Intimidate|boost\n|-unboost|p1a: Gastrodon|atk|1\n|-unboost|p1b: Ursaluna|atk|1\n|move|p1b: Ursaluna|High Horsepower|p2b: Iron Hands\n|-supereffective|p2b: Iron Hands\n|-damage|p2b: Iron Hands|14\/100\n|move|p1a: Gastrodon|Liquidation|p2b: Iron Hands\n|-damage|p2b: Iron Hands|0 fnt\n|faint|p2b: Iron Hands\n|-end|p2b: Iron Hands|Quark Drive|[silent]\n|\n|-weather|none\n|-sideend|p1: KJ the coolest|move: Tailwind\n|-status|p1b: Ursaluna|brn|[from] item: Flame Orb\n|upkeep\n|\n|t:|1699851112\n|switch|p2b: Tornadus|Tornadus, M, shiny|100\/100\n|turn|6\n|\n|t:|1699851125\n|move|p2b: Tornadus|Rain Dance|p2b: Tornadus\n|-weather|RainDance\n|move|p2a: Landorus|U-turn|p1a: Gastrodon\n|-damage|p1a: Gastrodon|42\/100\n|\n|t:|1699851129\n|switch|p2a: Swampert|Swampert-Mega, M, shiny|74\/100|[from] U-turn\n|move|p1b: Ursaluna|Facade|p2a: Swampert\n|-damage|p2a: Swampert|0 fnt\n|faint|p2a: Swampert\n|move|p1a: Gastrodon|Liquidation|p2b: Tornadus\n|-damage|p2b: Tornadus|55\/100\n|\n|-weather|RainDance|[upkeep]\n|-damage|p1b: Ursaluna|94\/100 brn|[from] brn\n|upkeep\n|\n|t:|1699851145\n|switch|p2a: Ogerpon|Ogerpon-Wellspring, F|100\/100\n|turn|7\n|\n|t:|1699851156\n|-terastallize|p2a: Ogerpon|Water\n|detailschange|p2a: Ogerpon|Ogerpon-Wellspring-Tera, F, tera:Water\n|-ability|p2a: Ogerpon|Embody Aspect (Wellspring)|boost\n|-boost|p2a: Ogerpon|spd|1\n|move|p2b: Tornadus|Tailwind|p2b: Tornadus\n|-sidestart|p2: Yinmor|move: Tailwind\n|move|p2a: Ogerpon|Ivy Cudgel|p1a: Gastrodon\n|-activate|p1a: Gastrodon|ability: Storm Drain\n|-ability|p1a: Gastrodon|Storm Drain|boost\n|-boost|p1a: Gastrodon|spa|1\n|move|p1b: Ursaluna|Facade|p2b: Tornadus\n|-damage|p2b: Tornadus|0 fnt\n|faint|p2b: Tornadus\n|move|p1a: Gastrodon|Sludge Wave|p2a: Ogerpon|[spread] p1b,p2a\n|-resisted|p1b: Ursaluna\n|-damage|p1b: Ursaluna|84\/100 brn\n|-damage|p2a: Ogerpon|81\/100\n|\n|-weather|RainDance|[upkeep]\n|-damage|p1b: Ursaluna|78\/100 brn|[from] brn\n|upkeep\n|\n|t:|1699851175\n|switch|p2b: Landorus|Landorus-Therian, M, shiny|100\/100\n|-ability|p2b: Landorus|Intimidate|boost\n|-unboost|p1a: Gastrodon|atk|1\n|-unboost|p1b: Ursaluna|atk|1\n|turn|8\n|\n|t:|1699851193\n|move|p2a: Ogerpon|Horn Leech|p1b: Ursaluna\n|-supereffective|p1b: Ursaluna\n|-damage|p1b: Ursaluna|12\/100 brn\n|-heal|p2a: Ogerpon|100\/100|[from] drain|[of] p1b: Ursaluna\n|move|p2b: Landorus|Rock Slide|p1b: Ursaluna|[spread] p1a,p1b\n|-resisted|p1b: Ursaluna\n|-damage|p1a: Gastrodon|24\/100\n|-damage|p1b: Ursaluna|4\/100 brn\n|-enditem|p1a: Gastrodon|Aguav Berry|[eat]\n|-heal|p1a: Gastrodon|58\/100|[from] item: Aguav Berry\n|cant|p1b: Ursaluna|flinch\n|cant|p1a: Gastrodon|flinch\n|\n|-weather|RainDance|[upkeep]\n|-damage|p1b: Ursaluna|0 fnt|[from] brn\n|faint|p1b: Ursaluna\n|upkeep\n|\n|t:|1699851210\n|switch|p1b: Emolga|Emolga, M|100\/100\n|turn|9\n|\n|t:|1699851243\n|move|p2a: Ogerpon|Spiky Shield|p2a: Ogerpon\n|-singleturn|p2a: Ogerpon|move: Protect\n|move|p2b: Landorus|U-turn|p1b: Emolga\n|-resisted|p1b: Emolga\n|-damage|p1b: Emolga|65\/100\n|\n|t:|1699851248\n|switch|p2b: Scizor|Scizor, M, shiny|100\/100|[from] U-turn\n|move|p1b: Emolga|Thunderbolt|p2a: Ogerpon\n|-activate|p2a: Ogerpon|move: Protect\n|move|p1a: Gastrodon|Scald|p2b: Scizor\n|-damage|p2b: Scizor|12\/100\n|\n|-weather|RainDance|[upkeep]\n|upkeep\n|turn|10\n|\n|t:|1699851274\n|move|p2b: Scizor|Bullet Punch|p1b: Emolga\n|-resisted|p1b: Emolga\n|-damage|p1b: Emolga|17\/100\n|-damage|p2b: Scizor|2\/100|[from] item: Life Orb\n|move|p2a: Ogerpon|Horn Leech|p1a: Gastrodon\n|-supereffective|p1a: Gastrodon\n|-damage|p1a: Gastrodon|0 fnt\n|faint|p1a: Gastrodon\n|move|p1b: Emolga|Discharge|p2b: Scizor|[spread] p2a,p2b\n|-supereffective|p2a: Ogerpon\n|-damage|p2a: Ogerpon|65\/100\n|-damage|p2b: Scizor|0 fnt\n|faint|p2b: Scizor\n|\n|-weather|none\n|-sideend|p2: Yinmor|move: Tailwind\n|upkeep\n|\n|t:|1699851290\n|switch|p2b: Landorus|Landorus-Therian, M, shiny|100\/100\n|switch|p1a: Heatran|Heatran, F|100\/100\n|-ability|p2b: Landorus|Intimidate|boost\n|-unboost|p1a: Heatran|atk|1\n|-unboost|p1b: Emolga|atk|1\n|turn|11\n|inactive|Battle timer is ON: inactive players will automatically lose when time's up. (requested by Yinmor)\n|\n|t:|1699851321\n|move|p2a: Ogerpon|Ivy Cudgel|p1a: Heatran\n|-supereffective|p1a: Heatran\n|-damage|p1a: Heatran|0 fnt\n|faint|p1a: Heatran\n|move|p1b: Emolga|Thunderbolt|p2a: Ogerpon\n|-supereffective|p2a: Ogerpon\n|-damage|p2a: Ogerpon|3\/100\n|move|p2b: Landorus|Rock Slide|p1b: Emolga\n|-supereffective|p1b: Emolga\n|-damage|p1b: Emolga|0 fnt\n|faint|p1b: Emolga\n|\n|win|Yinmor\n|raw|KJ the coolest's rating: 1000 &rarr; <strong>1000<\/strong><br \/>(+0 for losing)\n|raw|Yinmor's rating: 1000 &rarr; <strong>1040<\/strong><br \/>(+40 for winning)\n|c|\u2606KJ the coolest|gg\n|l|\u2606KJ the coolest\n","uploadtime":1699851336,"views":5,"p1id":"kjthecoolest","p2id":"yinmor","formatid":"gen9nationaldexdoubles","rating":1000,"private":0,"password":""}