{"id":"gen9nationaldexdoubles-1999625251","p1":"fumbari 24","p2":"Kinglid","format":"[Gen 9] National Dex Doubles","log":"|j|\u2606fumbari 24\n|j|\u2606Kinglid\n|t:|1701102322\n|gametype|doubles\n|player|p1|fumbari 24|hilbert|1129\n|player|p2|Kinglid|dancer|1141\n|teamsize|p1|6\n|teamsize|p2|6\n|gen|9\n|tier|[Gen 9] National Dex Doubles\n|rated|\n|rule|HP Percentage Mod: HP is shown in percentages\n|rule|Endless Battle Clause: Forcing endless battles is banned\n|rule|OHKO Clause: OHKO moves are banned\n|rule|Evasion Moves Clause: Evasion moves are banned\n|rule|Evasion Abilities Clause: Evasion abilities are banned\n|rule|Species Clause: Limit one of each Pok\u00e9mon\n|rule|Gravity Sleep Clause: The combination of sleep-inducing moves with imperfect accuracy and Gravity or Gigantamax Orbeetle are banned\n|clearpoke\n|poke|p1|Salazzle, F|\n|poke|p1|Vespiquen, F|\n|poke|p1|Mandibuzz, F|\n|poke|p1|Tyrantrum, F|\n|poke|p1|Chandelure, F|\n|poke|p1|Empoleon, M|\n|poke|p2|Golisopod, M|\n|poke|p2|Manectric, M|\n|poke|p2|Ceruledge, F|\n|poke|p2|Tsareena, F|\n|poke|p2|Garchomp, M|\n|poke|p2|Togekiss, F|\n|teampreview\n|inactive|Battle timer is ON: inactive players will automatically lose when time's up. (requested by fumbari 24)\n|\n|t:|1701102350\n|start\n|switch|p1a: Salazzle|Salazzle, F, shiny|100\/100\n|switch|p1b: Tyrantrum|Tyrantrum, F, shiny|100\/100\n|switch|p2a: Golisopod|Golisopod, M|100\/100\n|switch|p2b: Manectric|Manectric, M|100\/100\n|-item|p2b: Manectric|Air Balloon\n|turn|1\n|inactive|fumbari 24 has 120 seconds left.\n|inactive|Kinglid has 120 seconds left.\n|\n|t:|1701102405\n|move|p1a: Salazzle|Fake Out|p2a: Golisopod\n|-damage|p2a: Golisopod|95\/100\n|cant|p2a: Golisopod|flinch\n|move|p2b: Manectric|Volt Switch|p1a: Salazzle\n|-damage|p1a: Salazzle|55\/100\n|\n|t:|1701102416\n|switch|p2b: Garchomp|Garchomp, M|100\/100|[from] Volt Switch\n|move|p1b: Tyrantrum|Rock Slide|p2a: Golisopod|[spread] p2a,p2b\n|-supereffective|p2a: Golisopod\n|-resisted|p2b: Garchomp\n|-crit|p2b: Garchomp\n|-damage|p2a: Golisopod|47\/100\n|-damage|p2b: Garchomp|83\/100\n|-activate|p2a: Golisopod|ability: Emergency Exit\n|\n|t:|1701102426\n|switch|p2a: Tsareena|Tsareena, F|100\/100\n|\n|upkeep\n|turn|2\n|\n|t:|1701102435\n|move|p1a: Salazzle|Overheat|p2a: Tsareena\n|-supereffective|p2a: Tsareena\n|-crit|p2a: Tsareena\n|-damage|p2a: Tsareena|0 fnt\n|-unboost|p1a: Salazzle|spa|2\n|-enditem|p1a: Salazzle|Eject Pack\n|faint|p2a: Tsareena\n|inactive|fumbari 24 has 120 seconds left.\n|\n|t:|1701102450\n|switch|p1a: Mandibuzz|Mandibuzz, F|100\/100\n|move|p2b: Garchomp|Stomping Tantrum|p1a: Mandibuzz\n|-immune|p1a: Mandibuzz\n|move|p1b: Tyrantrum|Scale Shot|p2b: Garchomp\n|-supereffective|p2b: Garchomp\n|-damage|p2b: Garchomp|62\/100\n|-supereffective|p2b: Garchomp\n|-damage|p2b: Garchomp|42\/100\n|-hitcount|p2b: Garchomp|2\n|-unboost|p1b: Tyrantrum|def|1\n|-boost|p1b: Tyrantrum|spe|1\n|\n|upkeep\n|inactive|Kinglid has 120 seconds left.\n|\n|t:|1701102460\n|switch|p2a: Togekiss|Togekiss, F|100\/100\n|turn|3\n|\n|t:|1701102469\n|move|p1b: Tyrantrum|Protect|p1b: Tyrantrum\n|-singleturn|p1b: Tyrantrum|Protect\n|move|p2a: Togekiss|Dazzling Gleam|p1a: Mandibuzz|[spread] p1a\n|-activate|p1b: Tyrantrum|move: Protect\n|-supereffective|p1a: Mandibuzz\n|-damage|p1a: Mandibuzz|54\/100\n|move|p2b: Garchomp|Stomping Tantrum|p1b: Tyrantrum\n|-activate|p1b: Tyrantrum|move: Protect\n|move|p1a: Mandibuzz|Taunt|p2a: Togekiss\n|-start|p2a: Togekiss|move: Taunt\n|\n|upkeep\n|turn|4\n|inactive|fumbari 24 has 120 seconds left.\n|\n|t:|1701102501\n|-terastallize|p2a: Togekiss|Fairy\n|move|p1b: Tyrantrum|Scale Shot|p2b: Garchomp\n|-supereffective|p2b: Garchomp\n|-damage|p2b: Garchomp|22\/100\n|-supereffective|p2b: Garchomp\n|-damage|p2b: Garchomp|0 fnt\n|faint|p2b: Garchomp\n|-hitcount|p2: Garchomp|2\n|-unboost|p1b: Tyrantrum|def|1\n|-boost|p1b: Tyrantrum|spe|1\n|move|p2a: Togekiss|Dazzling Gleam|p1a: Mandibuzz|[spread] p1a,p1b\n|-supereffective|p1a: Mandibuzz\n|-supereffective|p1b: Tyrantrum\n|-damage|p1a: Mandibuzz|0 fnt\n|-damage|p1b: Tyrantrum|0 fnt\n|faint|p1a: Mandibuzz\n|faint|p1b: Tyrantrum\n|\n|upkeep\n|\n|t:|1701102524\n|switch|p2b: Manectric|Manectric, M|100\/100\n|switch|p1b: Empoleon|Empoleon, M, shiny|100\/100\n|switch|p1a: Salazzle|Salazzle, F, shiny|55\/100\n|-item|p2b: Manectric|Air Balloon\n|turn|5\n|\n|t:|1701102535\n|move|p1a: Salazzle|Fake Out|p2b: Manectric\n|-damage|p2b: Manectric|91\/100\n|-enditem|p2b: Manectric|Air Balloon\n|cant|p2b: Manectric|flinch\n|move|p2a: Togekiss|Extrasensory|p1a: Salazzle\n|-supereffective|p1a: Salazzle\n|-damage|p1a: Salazzle|0 fnt\n|faint|p1a: Salazzle\n|move|p1b: Empoleon|Flash Cannon|p2a: Togekiss\n|-supereffective|p2a: Togekiss\n|-damage|p2a: Togekiss|43\/100\n|\n|upkeep\n|\n|t:|1701102547\n|switch|p1a: Chandelure|Chandelure, F|100\/100\n|turn|6\n|\n|t:|1701102562\n|move|p1b: Empoleon|Protect|p1b: Empoleon\n|-singleturn|p1b: Empoleon|Protect\n|move|p2b: Manectric|Thunderbolt|p1b: Empoleon\n|-activate|p1b: Empoleon|move: Protect\n|move|p2a: Togekiss|Heat Wave|p1b: Empoleon|[spread] \n|-activate|p1b: Empoleon|move: Protect\n|-start|p1a: Chandelure|ability: Flash Fire\n|move|p1a: Chandelure|Trick Room|p1a: Chandelure\n|-fieldstart|move: Trick Room|[of] p1a: Chandelure\n|\n|-end|p2a: Togekiss|move: Taunt\n|upkeep\n|turn|7\n|\n|t:|1701102584\n|move|p1b: Empoleon|Scald|p2b: Manectric\n|-damage|p2b: Manectric|34\/100\n|move|p1a: Chandelure|Heat Wave|p2a: Togekiss|[spread] p2a,p2b\n|-damage|p2a: Togekiss|0 fnt\n|-damage|p2b: Manectric|0 fnt\n|faint|p2a: Togekiss\n|faint|p2b: Manectric\n|\n|upkeep\n|\n|t:|1701102592\n|switch|p2a: Ceruledge|Ceruledge, F|100\/100\n|switch|p2b: Golisopod|Golisopod, M|47\/100\n|turn|8\n|\n|t:|1701102604\n|-terastallize|p1a: Chandelure|Grass\n|move|p2b: Golisopod|Sucker Punch|p1a: Chandelure\n|-damage|p1a: Chandelure|75\/100\n|move|p2a: Ceruledge|Shadow Sneak|p1a: Chandelure\n|-damage|p1a: Chandelure|54\/100\n|move|p1b: Empoleon|Scald|p2a: Ceruledge\n|-supereffective|p2a: Ceruledge\n|-damage|p2a: Ceruledge|37\/100\n|-enditem|p2a: Ceruledge|Weakness Policy\n|-boost|p2a: Ceruledge|atk|2|[from] item: Weakness Policy\n|-boost|p2a: Ceruledge|spa|2|[from] item: Weakness Policy\n|move|p1a: Chandelure|Shadow Ball|p2a: Ceruledge\n|-supereffective|p2a: Ceruledge\n|-damage|p2a: Ceruledge|0 fnt\n|faint|p2a: Ceruledge\n|\n|upkeep\n|turn|9\n|\n|t:|1701102622\n|move|p2b: Golisopod|Leech Life|p1a: Chandelure\n|-supereffective|p1a: Chandelure\n|-damage|p1a: Chandelure|0 fnt\n|-heal|p2b: Golisopod|75\/100|[from] drain|[of] p1a: Chandelure\n|faint|p1a: Chandelure\n|move|p1b: Empoleon|Scald|p2b: Golisopod\n|-resisted|p2b: Golisopod\n|-damage|p2b: Golisopod|61\/100\n|-status|p2b: Golisopod|brn\n|\n|-damage|p2b: Golisopod|55\/100 brn|[from] brn\n|upkeep\n|\n|t:|1701102631\n|switch|p1a: Vespiquen|Vespiquen, F|100\/100\n|-ability|p1a: Vespiquen|Unnerve\n|turn|10\n|\n|t:|1701102641\n|move|p1a: Vespiquen|Tera Blast|p2b: Golisopod\n|-damage|p2b: Golisopod|40\/100 brn\n|move|p2b: Golisopod|Leech Life|p1b: Empoleon\n|-resisted|p1b: Empoleon\n|-damage|p1b: Empoleon|92\/100\n|-heal|p2b: Golisopod|46\/100 brn|[from] drain|[of] p1b: Empoleon\n|move|p1b: Empoleon|Scald|p2b: Golisopod\n|-resisted|p2b: Golisopod\n|-damage|p2b: Golisopod|30\/100 brn\n|\n|-heal|p1b: Empoleon|98\/100|[from] item: Leftovers\n|-damage|p2b: Golisopod|24\/100 brn|[from] brn\n|-fieldend|move: Trick Room\n|upkeep\n|turn|11\n|\n|t:|1701102657\n|move|p1b: Empoleon|Scald|p2b: Golisopod\n|-resisted|p2b: Golisopod\n|-damage|p2b: Golisopod|8\/100 brn\n|move|p2b: Golisopod|Razor Shell|p1a: Vespiquen\n|-damage|p1a: Vespiquen|85\/100\n|-unboost|p1a: Vespiquen|def|1\n|move|p1a: Vespiquen|Tera Blast|p2b: Golisopod\n|-damage|p2b: Golisopod|0 fnt\n|faint|p2b: Golisopod\n|\n|win|fumbari 24\n|raw|fumbari 24's rating: 1129 &rarr; <strong>1155<\/strong><br \/>(+26 for winning)\n|raw|Kinglid's rating: 1141 &rarr; <strong>1115<\/strong><br \/>(-26 for losing)\n","uploadtime":1701102669,"views":6,"p1id":"fumbari24","p2id":"kinglid","formatid":"gen9nationaldexdoubles","rating":1115,"private":0,"password":""}