{"id":"gen9nationaldexdoubles-1972445508","p1":"Brick_Enjoyer_144","p2":"wormpoem","format":"[Gen 9] National Dex Doubles","log":"|j|\u2606Brick_Enjoyer_144\n|j|\u2606wormpoem\n|t:|1697843656\n|gametype|doubles\n|player|p1|Brick_Enjoyer_144|shauntal|1154\n|player|p2|wormpoem|266|1037\n|teamsize|p1|6\n|teamsize|p2|6\n|gen|9\n|tier|[Gen 9] National Dex Doubles\n|rated|\n|rule|HP Percentage Mod: HP is shown in percentages\n|rule|Endless Battle Clause: Forcing endless battles is banned\n|rule|OHKO Clause: OHKO moves are banned\n|rule|Evasion Moves Clause: Evasion moves are banned\n|rule|Evasion Abilities Clause: Evasion abilities are banned\n|rule|Species Clause: Limit one of each Pok\u00e9mon\n|rule|Gravity Sleep Clause: The combination of sleep-inducing moves with imperfect accuracy and Gravity or Gigantamax Orbeetle are banned\n|clearpoke\n|poke|p1|Spiritomb, M|\n|poke|p1|Escavalier, F|\n|poke|p1|Pincurchin, M|\n|poke|p1|Gothitelle, M|\n|poke|p1|Primarina, M|\n|poke|p1|Porygon2|\n|poke|p2|Indeedee-F, F|\n|poke|p2|Whimsicott, F|\n|poke|p2|Gyarados, F|\n|poke|p2|Clefable, M|\n|poke|p2|Serperior, F|\n|poke|p2|Skeledirge, F|\n|teampreview\n|inactive|Battle timer is ON: inactive players will automatically lose when time's up. (requested by Brick_Enjoyer_144)\n|\n|t:|1697843679\n|start\n|switch|p1a: Spiritomb|Spiritomb, M|100\/100\n|switch|p1b: Escavalier|Escavalier, F|100\/100\n|switch|p2a: Indeedee|Indeedee-F, F|100\/100\n|switch|p2b: Gyarados|Gyarados, F|100\/100\n|-ability|p2b: Gyarados|Intimidate|boost\n|-unboost|p1a: Spiritomb|atk|1\n|-unboost|p1b: Escavalier|atk|1\n|-fieldstart|move: Psychic Terrain|[from] ability: Psychic Surge|[of] p2a: Indeedee\n|-ability|p1a: Spiritomb|Pressure\n|turn|1\n|\n|t:|1697843706\n|detailschange|p2b: Gyarados|Gyarados-Mega, F\n|-mega|p2b: Gyarados|Gyarados|Gyaradosite\n|-ability|p2b: Gyarados|Mold Breaker\n|move|p2a: Indeedee|Follow Me|p2a: Indeedee\n|-singleturn|p2a: Indeedee|move: Follow Me\n|move|p2b: Gyarados|Dragon Dance|p2b: Gyarados\n|-boost|p2b: Gyarados|atk|1\n|-boost|p2b: Gyarados|spe|1\n|move|p1b: Escavalier|Swords Dance|p1b: Escavalier\n|-boost|p1b: Escavalier|atk|2\n|move|p1a: Spiritomb|Trick Room|p1a: Spiritomb\n|-fieldstart|move: Trick Room|[of] p1a: Spiritomb\n|\n|upkeep\n|turn|2\n|inactive|wormpoem has 120 seconds left.\n|\n|t:|1697843746\n|move|p1b: Escavalier|Knock Off|p2a: Indeedee\n|-supereffective|p2a: Indeedee\n|-damage|p2a: Indeedee|0 fnt\n|-enditem|p2a: Indeedee|Sitrus Berry|[from] move: Knock Off|[of] p1b: Escavalier\n|faint|p2a: Indeedee\n|move|p1a: Spiritomb|Foul Play|p2b: Gyarados\n|-resisted|p2b: Gyarados\n|-damage|p2b: Gyarados|54\/100\n|move|p2b: Gyarados|Dragon Dance|p2b: Gyarados\n|-boost|p2b: Gyarados|atk|1\n|-boost|p2b: Gyarados|spe|1\n|\n|upkeep\n|\n|t:|1697843761\n|switch|p2a: Whimsicott|Whimsicott, F, shiny|100\/100\n|turn|3\n|inactive|wormpoem has 120 seconds left.\n|\n|t:|1697843781\n|-terastallize|p2a: Whimsicott|Ground\n|move|p1b: Escavalier|Close Combat|p2b: Gyarados\n|-supereffective|p2b: Gyarados\n|-damage|p2b: Gyarados|0 fnt\n|-unboost|p1b: Escavalier|def|1\n|-unboost|p1b: Escavalier|spd|1\n|faint|p2b: Gyarados\n|move|p1a: Spiritomb|Foul Play|p2a: Whimsicott\n|-damage|p2a: Whimsicott|85\/100\n|-damage|p1a: Spiritomb|84\/100|[from] item: Rocky Helmet|[of] p2a: Whimsicott\n|move|p2a: Whimsicott|Dazzling Gleam|p1a: Spiritomb|[spread] p1a,p1b\n|-supereffective|p1a: Spiritomb\n|-resisted|p1b: Escavalier\n|-damage|p1a: Spiritomb|58\/100\n|-damage|p1b: Escavalier|89\/100\n|\n|-heal|p1a: Spiritomb|65\/100|[from] item: Leftovers\n|upkeep\n|\n|t:|1697843797\n|switch|p2b: Clefable|Clefable, M|100\/100\n|turn|4\n|inactive|wormpoem has 120 seconds left.\n|\n|t:|1697843808\n|move|p2a: Whimsicott|Leech Seed|p1b: Escavalier\n|-activate|p1b: Escavalier|move: Psychic Terrain\n|move|p1b: Escavalier|Iron Head|p2b: Clefable\n|-supereffective|p2b: Clefable\n|-damage|p2b: Clefable|0 fnt\n|faint|p2b: Clefable\n|move|p1a: Spiritomb|Night Shade|p2a: Whimsicott\n|-damage|p2a: Whimsicott|54\/100\n|\n|-heal|p1a: Spiritomb|71\/100|[from] item: Leftovers\n|upkeep\n|\n|t:|1697843819\n|switch|p2b: Skeledirge|Skeledirge, F|100\/100\n|turn|5\n|\n|t:|1697843829\n|move|p1b: Escavalier|Knock Off|p2b: Skeledirge\n|-supereffective|p2b: Skeledirge\n|-damage|p2b: Skeledirge|42\/100\n|-enditem|p2b: Skeledirge|Leftovers|[from] move: Knock Off|[of] p1b: Escavalier\n|move|p1a: Spiritomb|Night Shade|p2a: Whimsicott\n|-damage|p2a: Whimsicott|23\/100\n|move|p2b: Skeledirge|Fire Blast|p1b: Escavalier\n|-supereffective|p1b: Escavalier\n|-damage|p1b: Escavalier|0 fnt\n|faint|p1b: Escavalier\n|move|p2a: Whimsicott|Dazzling Gleam|p1a: Spiritomb\n|-supereffective|p1a: Spiritomb\n|-damage|p1a: Spiritomb|39\/100\n|\n|-heal|p1a: Spiritomb|46\/100|[from] item: Leftovers\n|-fieldend|move: Trick Room\n|-fieldend|move: Psychic Terrain\n|upkeep\n|\n|t:|1697843841\n|switch|p1b: Pincurchin|Pincurchin, M|100\/100\n|-fieldstart|move: Electric Terrain|[from] ability: Electric Surge|[of] p1b: Pincurchin\n|turn|6\n|\n|t:|1697843860\n|move|p2a: Whimsicott|Tailwind|p2a: Whimsicott\n|-sidestart|p2: wormpoem|move: Tailwind\n|move|p2b: Skeledirge|Fire Blast|p1a: Spiritomb|[miss]\n|-miss|p2b: Skeledirge|p1a: Spiritomb\n|move|p1b: Pincurchin|Zing Zap|p2b: Skeledirge\n|-damage|p2b: Skeledirge|0 fnt\n|faint|p2b: Skeledirge\n|move|p1a: Spiritomb|Trick Room|p1a: Spiritomb\n|-fieldstart|move: Trick Room|[of] p1a: Spiritomb\n|\n|-heal|p1a: Spiritomb|52\/100|[from] item: Leftovers\n|upkeep\n|\n|t:|1697843872\n|switch|p2b: Serperior|Serperior, F, shiny|100\/100\n|turn|7\n|\n|t:|1697843884\n|move|p1b: Pincurchin|Body Slam|p2b: Serperior\n|-damage|p2b: Serperior|70\/100\n|move|p1a: Spiritomb|Night Shade|p2a: Whimsicott\n|-damage|p2a: Whimsicott|0 fnt\n|faint|p2a: Whimsicott\n|move|p2b: Serperior|Leaf Storm|p1a: Spiritomb\n|-damage|p1a: Spiritomb|16\/100\n|-boost|p2b: Serperior|spa|2\n|\n|-heal|p1a: Spiritomb|22\/100|[from] item: Leftovers\n|upkeep\n|turn|8\n|\n|t:|1697843899\n|move|p1b: Pincurchin|Body Slam|p2b: Serperior\n|-damage|p2b: Serperior|35\/100\n|move|p1a: Spiritomb|Night Shade|p2b: Serperior\n|-damage|p2b: Serperior|0 fnt\n|faint|p2b: Serperior\n|\n|win|Brick_Enjoyer_144\n|raw|Brick_Enjoyer_144's rating: 1154 &rarr; <strong>1171<\/strong><br \/>(+17 for winning)\n|raw|wormpoem's rating: 1037 &rarr; <strong>1026<\/strong><br \/>(-11 for losing)\n|l|\u2606wormpoem\n","uploadtime":1697843910,"views":10,"p1id":"brickenjoyer144","p2id":"wormpoem","formatid":"gen9nationaldexdoubles","rating":1026,"private":0,"password":""}