{"id":"gen9nationaldexdoubles-1992801151","p1":"ExpungedHasYourIP","p2":"zeref203","format":"[Gen 9] National Dex Doubles","log":"|j|\u203dExpungedHasYourIP\n|j|\u2606zeref203\n|t:|1700236623\n|gametype|doubles\n|player|p1|ExpungedHasYourIP|teamrocket|1200\n|player|p2|zeref203|169|1158\n|teamsize|p1|6\n|teamsize|p2|6\n|gen|9\n|tier|[Gen 9] National Dex Doubles\n|rated|\n|rule|HP Percentage Mod: HP is shown in percentages\n|rule|Endless Battle Clause: Forcing endless battles is banned\n|rule|OHKO Clause: OHKO moves are banned\n|rule|Evasion Moves Clause: Evasion moves are banned\n|rule|Evasion Abilities Clause: Evasion abilities are banned\n|rule|Species Clause: Limit one of each Pok\u00e9mon\n|rule|Gravity Sleep Clause: The combination of sleep-inducing moves with imperfect accuracy and Gravity or Gigantamax Orbeetle are banned\n|clearpoke\n|poke|p1|Regigigas|\n|poke|p1|Volcanion|\n|poke|p1|Medicham, M|\n|poke|p1|Ribombee, M|\n|poke|p1|Chi-Yu|\n|poke|p1|Dragonite, F|\n|poke|p2|Feraligatr, M|\n|poke|p2|Krookodile, F|\n|poke|p2|Sandaconda, M|\n|poke|p2|Iron Valiant|\n|poke|p2|Medicham, M|\n|poke|p2|Buzzwole|\n|teampreview\n|inactive|Battle timer is ON: inactive players will automatically lose when time's up. (requested by zeref203)\n|inactive|ExpungedHasYourIP also wants the timer to be on.\n|\n|t:|1700236639\n|start\n|switch|p1a: Regigigas|Regigigas|100\/100\n|switch|p1b: Medicham|Medicham, M|100\/100\n|switch|p2a: Medicham|Medicham, M|100\/100\n|switch|p2b: Mosquibro|Buzzwole|100\/100\n|-start|p1a: Regigigas|ability: Slow Start\n|turn|1\n|\n|t:|1700236655\n|detailschange|p2a: Medicham|Medicham-Mega, M\n|-mega|p2a: Medicham|Medicham|Medichamite\n|move|p2a: Medicham|Fake Out|p1b: Medicham\n|-damage|p1b: Medicham|64\/100\n|cant|p1b: Medicham|flinch\n|move|p2b: Mosquibro|Drain Punch|p1a: Regigigas\n|-supereffective|p1a: Regigigas\n|-damage|p1a: Regigigas|38\/100\n|move|p1a: Regigigas|Earthquake|p2b: Mosquibro|[spread] p1b,p2a,p2b\n|-resisted|p2b: Mosquibro\n|-damage|p1b: Medicham|35\/100\n|-damage|p2a: Medicham|74\/100\n|-damage|p2b: Mosquibro|95\/100\n|\n|upkeep\n|turn|2\n|\n|t:|1700236677\n|-terastallize|p1a: Regigigas|Fighting\n|move|p1b: Medicham|Skill Swap|p1a: Regigigas\n|-activate|p1b: Medicham|move: Skill Swap|||[of] p1a: Regigigas\n|-end|p1a: Regigigas|Slow Start|[silent]\n|-start|p1b: Medicham|ability: Slow Start\n|move|p2a: Medicham|Drain Punch|p1b: Medicham\n|-resisted|p1b: Medicham\n|-damage|p1b: Medicham|0 fnt\n|-heal|p2a: Medicham|91\/100|[from] drain|[of] p1b: Medicham\n|faint|p1b: Medicham\n|-end|p1b: Medicham|Slow Start|[silent]\n|move|p1a: Regigigas|Earthquake|p2b: Mosquibro|[spread] p2a,p2b\n|-resisted|p2b: Mosquibro\n|-damage|p2a: Medicham|0 fnt\n|-damage|p2b: Mosquibro|72\/100\n|faint|p2a: Medicham\n|move|p2b: Mosquibro|Drain Punch|p1a: Regigigas\n|-damage|p1a: Regigigas|6\/100\n|-heal|p2b: Mosquibro|97\/100|[from] drain|[of] p1a: Regigigas\n|\n|upkeep\n|\n|t:|1700236705\n|switch|p2a: Flawda man|Iron Valiant|100\/100\n|switch|p1b: Ribombee|Ribombee, M|100\/100\n|-enditem|p2a: Flawda man|Booster Energy\n|-activate|p2a: Flawda man|ability: Quark Drive|[fromitem]\n|-start|p2a: Flawda man|quarkdrivespe\n|turn|3\n|\n|t:|1700236716\n|move|p1a: Regigigas|Protect|p1a: Regigigas\n|-singleturn|p1a: Regigigas|Protect\n|move|p2a: Flawda man|Wide Guard|p2a: Flawda man\n|-singleturn|p2a: Flawda man|Wide Guard\n|move|p1b: Ribombee|Dazzling Gleam|p2a: Flawda man|[spread] \n|-activate|p2a: Flawda man|move: Wide Guard\n|-activate|p2b: Mosquibro|move: Wide Guard\n|move|p2b: Mosquibro|Drain Punch|p1a: Regigigas\n|-activate|p1a: Regigigas|move: Protect\n|\n|upkeep\n|turn|4\n|\n|t:|1700236736\n|-terastallize|p2b: Mosquibro|Flying\n|move|p2a: Flawda man|Dazzling Gleam|p1a: Regigigas|[spread] p1a,p1b\n|-supereffective|p1a: Regigigas\n|-damage|p1a: Regigigas|0 fnt\n|-damage|p1b: Ribombee|50\/100\n|faint|p1a: Regigigas\n|move|p1b: Ribombee|Pollen Puff|p1: Regigigas|[notarget]\n|-fail|p1b: Ribombee\n|move|p2b: Mosquibro|Poison Jab|p1b: Ribombee\n|-supereffective|p1b: Ribombee\n|-damage|p1b: Ribombee|0 fnt\n|faint|p1b: Ribombee\n|-ability|p2b: Mosquibro|Beast Boost|boost\n|-boost|p2b: Mosquibro|atk|1\n|\n|upkeep\n|\n|t:|1700236750\n|switch|p1b: Chi-Yu|Chi-Yu|100\/100\n|switch|p1a: Volcanion|Volcanion|100\/100\n|-ability|p1b: Chi-Yu|Beads of Ruin\n|turn|5\n|\n|t:|1700236759\n|move|p2a: Flawda man|Wide Guard|p2a: Flawda man\n|-singleturn|p2a: Flawda man|Wide Guard\n|move|p1b: Chi-Yu|Heat Wave|p2a: Flawda man|[spread] \n|-activate|p2a: Flawda man|move: Wide Guard\n|-activate|p2b: Mosquibro|move: Wide Guard\n|move|p2b: Mosquibro|Drain Punch|p1b: Chi-Yu\n|-supereffective|p1b: Chi-Yu\n|-damage|p1b: Chi-Yu|0 fnt\n|-heal|p2b: Mosquibro|100\/100|[from] drain|[of] p1b: Chi-Yu\n|faint|p1b: Chi-Yu\n|-ability|p2b: Mosquibro|Beast Boost|boost\n|-boost|p2b: Mosquibro|atk|1\n|move|p1a: Volcanion|Hidden Power|p2b: Mosquibro\n|-supereffective|p2b: Mosquibro\n|-damage|p2b: Mosquibro|50\/100\n|\n|upkeep\n|\n|t:|1700236769\n|switch|p1b: Dragonite|Dragonite, F|100\/100\n|turn|6\n|\n|t:|1700236781\n|move|p2b: Mosquibro|Protect|p2b: Mosquibro\n|-singleturn|p2b: Mosquibro|Protect\n|move|p2a: Flawda man|Dazzling Gleam|p1b: Dragonite|[spread] p1a,p1b\n|-resisted|p1a: Volcanion\n|-supereffective|p1b: Dragonite\n|-damage|p1a: Volcanion|86\/100\n|-damage|p1b: Dragonite|76\/100\n|move|p1b: Dragonite|Ice Spinner|p2a: Flawda man\n|-damage|p2a: Flawda man|59\/100\n|move|p1a: Volcanion|Hidden Power|p2b: Mosquibro\n|-activate|p2b: Mosquibro|move: Protect\n|\n|-heal|p1a: Volcanion|92\/100|[from] item: Leftovers\n|upkeep\n|turn|7\n|\n|t:|1700236801\n|move|p2a: Flawda man|Protect|p2a: Flawda man\n|-singleturn|p2a: Flawda man|Protect\n|move|p1b: Dragonite|Ice Spinner|p2a: Flawda man\n|-activate|p2a: Flawda man|move: Protect\n|move|p2b: Mosquibro|Drain Punch|p1a: Volcanion\n|-damage|p1a: Volcanion|28\/100\n|-heal|p2b: Mosquibro|93\/100|[from] drain|[of] p1a: Volcanion\n|move|p1a: Volcanion|Will-O-Wisp|p2b: Mosquibro\n|-status|p2b: Mosquibro|brn\n|\n|-heal|p1a: Volcanion|34\/100|[from] item: Leftovers\n|-damage|p2b: Mosquibro|87\/100 brn|[from] brn\n|upkeep\n|turn|8\n|l|\u203dExpungedHasYourIP\n|inactive|ExpungedHasYourIP disconnected and has a minute to reconnect!\n|player|p1|\n|inactive|ExpungedHasYourIP has 30 seconds to reconnect!\n|inactive|ExpungedHasYourIP has 20 seconds to reconnect!\n|inactive|ExpungedHasYourIP has 15 seconds to reconnect!\n|inactive|ExpungedHasYourIP has 10 seconds to reconnect!\n|inactive|ExpungedHasYourIP has 5 seconds to reconnect!\n|-message|ExpungedHasYourIP lost due to inactivity.\n|\n|win|zeref203\n|raw|ExpungedHasYourIP's rating: 1200 &rarr; <strong>1172<\/strong><br \/>(-28 for losing)\n|raw|zeref203's rating: 1158 &rarr; <strong>1186<\/strong><br \/>(+28 for winning)\n","uploadtime":1700236875,"views":15,"p1id":"expungedhasyourip","p2id":"zeref203","formatid":"gen9nationaldexdoubles","rating":1172,"private":0,"password":""}