{"id":"gen9nationaldexdoubles-1969531072","p1":"IChangeMyNameAlot","p2":"popcorm_flower","format":"[Gen 9] National Dex Doubles","log":"|j|\u2606IChangeMyNameAlot\n|j|\u2606popcorm_flower\n|t:|1697544111\n|gametype|doubles\n|player|p1|IChangeMyNameAlot|rye|\n|player|p2|popcorm_flower|harlequin|\n|teamsize|p1|6\n|teamsize|p2|6\n|gen|9\n|tier|[Gen 9] National Dex Doubles\n|rule|HP Percentage Mod: HP is shown in percentages\n|rule|Endless Battle Clause: Forcing endless battles is banned\n|rule|OHKO Clause: OHKO moves are banned\n|rule|Evasion Moves Clause: Evasion moves are banned\n|rule|Evasion Abilities Clause: Evasion abilities are banned\n|rule|Species Clause: Limit one of each Pok\u00e9mon\n|rule|Gravity Sleep Clause: The combination of sleep-inducing moves with imperfect accuracy and Gravity or Gigantamax Orbeetle are banned\n|clearpoke\n|poke|p1|Pelipper, F|\n|poke|p1|Ludicolo, M|\n|poke|p1|Iron Treads|\n|poke|p1|Barraskewda, F|\n|poke|p1|Klefki, F|\n|poke|p1|Kilowattrel, M|\n|poke|p2|Iron Valiant|\n|poke|p2|Grimmsnarl, M|\n|poke|p2|Ceruledge, M|\n|poke|p2|Goodra-Hisui, F|\n|poke|p2|Slowking-Galar, F|\n|poke|p2|Rampardos, M|\n|teampreview\n|inactive|Battle timer is ON: inactive players will automatically lose when time's up. (requested by IChangeMyNameAlot)\n|c|\u2606popcorm_flower|bruh i want to kill myself.\n|c|\u2606popcorm_flower|anyway glhf\n|c|\u2606IChangeMyNameAlot|Pelliper Baraskewda vs Iron Valiant Slowking\n|c|\u2606IChangeMyNameAlot|u2\n|\n|t:|1697544141\n|start\n|switch|p1a: Pelipper|Pelipper, F|100\/100\n|switch|p1b: Barraskewda|Barraskewda, F|100\/100\n|switch|p2a: Slowking|Slowking-Galar, F|100\/100\n|switch|p2b: Iron Valiant|Iron Valiant|100\/100\n|-weather|RainDance|[from] ability: Drizzle|[of] p1a: Pelipper\n|turn|1\n|\n|t:|1697544152\n|-zpower|p1b: Barraskewda\n|move|p1b: Barraskewda|Hydro Vortex|p2a: Slowking|[zeffect]\n|-damage|p2a: Slowking|0 fnt\n|faint|p2a: Slowking\n|move|p1a: Pelipper|Hurricane|p2b: Iron Valiant\n|-supereffective|p2b: Iron Valiant\n|-damage|p2b: Iron Valiant|0 fnt\n|faint|p2b: Iron Valiant\n|-end|p2b: Iron Valiant|Quark Drive|[silent]\n|\n|-weather|RainDance|[upkeep]\n|upkeep\n|\n|t:|1697544162\n|switch|p2b: Rampardos|Rampardos, M|100\/100\n|switch|p2a: Grimmsnarl|Grimmsnarl, M|100\/100\n|turn|2\n|c|\u2606IChangeMyNameAlot|Okay now u fake out baraskewda and kill pelliper\n|\n|t:|1697544174\n|move|p2a: Grimmsnarl|Fake Out|p1b: Barraskewda\n|-damage|p1b: Barraskewda|73\/100\n|cant|p1b: Barraskewda|flinch\n|move|p1a: Pelipper|Hurricane|p2a: Grimmsnarl\n|-damage|p2a: Grimmsnarl|49\/100\n|-zpower|p2b: Rampardos\n|move|p2b: Rampardos|Continental Crush|p1b: Barraskewda|[zeffect]\n|-crit|p1b: Barraskewda\n|-damage|p1b: Barraskewda|0 fnt\n|faint|p1b: Barraskewda\n|\n|-weather|RainDance|[upkeep]\n|upkeep\n|c|\u2606popcorm_flower|i wasn't going for that hehe-\n|c|\u2606IChangeMyNameAlot|Wait u wanted to kill baraskewda?\n|c|\u2606IChangeMyNameAlot|LMAO\n|inactive|IChangeMyNameAlot has 270 seconds left.\n|\n|t:|1697544199\n|switch|p1b: Ludicolo|Ludicolo, M|100\/100\n|turn|3\n|\n|t:|1697544208\n|move|p2a: Grimmsnarl|Light Screen|p2a: Grimmsnarl\n|-sidestart|p2: popcorm_flower|move: Light Screen\n|move|p1b: Ludicolo|Surf|p2b: Rampardos|[spread] p1a,p2a,p2b\n|-resisted|p1a: Pelipper\n|-supereffective|p2b: Rampardos\n|-damage|p1a: Pelipper|45\/100\n|-damage|p2a: Grimmsnarl|3\/100\n|-damage|p2b: Rampardos|0 fnt\n|faint|p2b: Rampardos\n|move|p1a: Pelipper|Hurricane|p2a: Grimmsnarl\n|-damage|p2a: Grimmsnarl|0 fnt\n|faint|p2a: Grimmsnarl\n|\n|-weather|RainDance|[upkeep]\n|upkeep\n|\n|t:|1697544215\n|switch|p2b: Goodra|Goodra-Hisui, F|100\/100\n|switch|p2a: Ceruledge|Ceruledge, M|100\/100\n|turn|4\n|c|\u2606IChangeMyNameAlot|Fine by me\n|\n|t:|1697544229\n|move|p2a: Ceruledge|Shadow Sneak|p1a: Pelipper\n|-damage|p1a: Pelipper|16\/100\n|move|p1b: Ludicolo|Surf|p2b: Goodra|[spread] p1a,p2a,p2b\n|-resisted|p1a: Pelipper\n|-supereffective|p2a: Ceruledge\n|-resisted|p2b: Goodra\n|-damage|p1a: Pelipper|0 fnt\n|-damage|p2a: Ceruledge|18\/100\n|-damage|p2b: Goodra|87\/100\n|-enditem|p2a: Ceruledge|Weakness Policy\n|-boost|p2a: Ceruledge|atk|2|[from] item: Weakness Policy\n|-boost|p2a: Ceruledge|spa|2|[from] item: Weakness Policy\n|faint|p1a: Pelipper\n|move|p2b: Goodra|Life Dew|p2b: Goodra|[spread] p2a,p2b\n|-heal|p2a: Ceruledge|43\/100\n|-heal|p2b: Goodra|100\/100\n|\n|-weather|RainDance|[upkeep]\n|upkeep\n|c|\u2606IChangeMyNameAlot|Damn killed my boi\n|\n|t:|1697544244\n|switch|p1a: Iron Treads|Iron Treads|100\/100\n|-enditem|p1a: Iron Treads|Booster Energy\n|-activate|p1a: Iron Treads|ability: Quark Drive|[fromitem]\n|-start|p1a: Iron Treads|quarkdrivespe\n|turn|5\n|\n|t:|1697544258\n|switch|p1b: Kilowattrel|Kilowattrel, M|100\/100\n|move|p2a: Ceruledge|Shadow Sneak|p1b: Kilowattrel\n|-damage|p1b: Kilowattrel|26\/100\n|move|p1a: Iron Treads|Earthquake|p2a: Ceruledge|[spread] p2a,p2b\n|-immune|p1b: Kilowattrel\n|-supereffective|p2a: Ceruledge\n|-supereffective|p2b: Goodra\n|-damage|p2a: Ceruledge|0 fnt\n|-damage|p2b: Goodra|34\/100\n|faint|p2a: Ceruledge\n|move|p2b: Goodra|Chilling Water|p1a: Iron Treads\n|-supereffective|p1a: Iron Treads\n|-damage|p1a: Iron Treads|30\/100\n|-unboost|p1a: Iron Treads|atk|1\n|\n|-weather|none\n|-heal|p2b: Goodra|40\/100|[from] item: Leftovers\n|upkeep\n|turn|6\n|c|\u2606IChangeMyNameAlot|wp!\n|\n|t:|1697544278\n|move|p1a: Iron Treads|Earthquake|p2b: Goodra|[spread] p2b\n|-immune|p1b: Kilowattrel\n|-supereffective|p2b: Goodra\n|-damage|p2b: Goodra|0 fnt\n|faint|p2b: Goodra\n|\n|win|IChangeMyNameAlot\n|c|\u2606popcorm_flower|u2!\n","uploadtime":1697544305,"views":16,"p1id":"ichangemynamealot","p2id":"popcormflower","formatid":"gen9nationaldexdoubles","rating":0,"private":0,"password":""}