{"id":"gen9nationaldexdoubles-1972705966","p1":"user58342485","p2":"amubai","format":"[Gen 9] National Dex Doubles","log":"|j|\u2606user58342485\n|j|\u2606amubai\n|t:|1697881534\n|gametype|doubles\n|player|p1|user58342485|pokemaniac|1582\n|player|p2|amubai|2|1452\n|teamsize|p1|6\n|teamsize|p2|6\n|gen|9\n|tier|[Gen 9] National Dex Doubles\n|rated|\n|rule|HP Percentage Mod: HP is shown in percentages\n|rule|Endless Battle Clause: Forcing endless battles is banned\n|rule|OHKO Clause: OHKO moves are banned\n|rule|Evasion Moves Clause: Evasion moves are banned\n|rule|Evasion Abilities Clause: Evasion abilities are banned\n|rule|Species Clause: Limit one of each Pok\u00e9mon\n|rule|Gravity Sleep Clause: The combination of sleep-inducing moves with imperfect accuracy and Gravity or Gigantamax Orbeetle are banned\n|clearpoke\n|poke|p1|Metagross|\n|poke|p1|Flutter Mane|\n|poke|p1|Rillaboom, M|\n|poke|p1|Tornadus, M|\n|poke|p1|Urshifu-*, F|\n|poke|p1|Incineroar, M|\n|poke|p2|Charizard, M|\n|poke|p2|Ogerpon-Hearthflame, F|\n|poke|p2|Walking Wake|\n|poke|p2|Rillaboom, M|\n|poke|p2|Thundurus, M|\n|poke|p2|Flutter Mane|\n|teampreview\n|inactive|Battle timer is ON: inactive players will automatically lose when time's up. (requested by user58342485)\n|\n|t:|1697881555\n|start\n|switch|p1a: Incineroar|Incineroar, M|100\/100\n|switch|p1b: \u30c8\u30eb\u30cd\u30ed\u30b9|Tornadus, M|100\/100\n|switch|p2a: Charizard|Charizard, M|100\/100\n|switch|p2b: Thundurus|Thundurus, M|100\/100\n|-ability|p1a: Incineroar|Intimidate|boost\n|-unboost|p2a: Charizard|atk|1\n|-unboost|p2b: Thundurus|atk|1\n|turn|1\n|\n|t:|1697881578\n|detailschange|p2a: Charizard|Charizard-Mega-Y, M\n|-mega|p2a: Charizard|Charizard|Charizardite Y\n|-weather|SunnyDay|[from] ability: Drought|[of] p2a: Charizard\n|-terastallize|p1b: \u30c8\u30eb\u30cd\u30ed\u30b9|Ghost\n|move|p2b: Thundurus|Thunder Wave|p1a: Incineroar\n|-hint|Since gen 7, Dark is immune to Prankster moves.\n|-immune|p1a: Incineroar\n|move|p1b: \u30c8\u30eb\u30cd\u30ed\u30b9|Rain Dance|p1b: \u30c8\u30eb\u30cd\u30ed\u30b9\n|-weather|RainDance\n|move|p2a: Charizard|Heat Wave|p1b: \u30c8\u30eb\u30cd\u30ed\u30b9|[spread] p1a,p1b\n|-resisted|p1a: Incineroar\n|-damage|p1a: Incineroar|93\/100\n|-damage|p1b: \u30c8\u30eb\u30cd\u30ed\u30b9|75\/100\n|move|p1a: Incineroar|Parting Shot|p2b: Thundurus\n|-unboost|p2b: Thundurus|atk|1\n|-unboost|p2b: Thundurus|spa|1\n|\n|t:|1697881592\n|switch|p1a: Urshifu|Urshifu-Rapid-Strike, F|100\/100|[from] Parting Shot\n|\n|-weather|RainDance|[upkeep]\n|upkeep\n|turn|2\n|\n|t:|1697881600\n|move|p1b: \u30c8\u30eb\u30cd\u30ed\u30b9|Taunt|p2b: Thundurus\n|-start|p2b: Thundurus|move: Taunt\n|cant|p2b: Thundurus|move: Taunt|Sunny Day\n|move|p1a: Urshifu|Surging Strikes|p2b: Thundurus\n|-crit|p2b: Thundurus\n|-damage|p2b: Thundurus|53\/100\n|-crit|p2b: Thundurus\n|-damage|p2b: Thundurus|5\/100\n|-crit|p2b: Thundurus\n|-damage|p2b: Thundurus|0 fnt\n|faint|p2b: Thundurus\n|-hitcount|p2: Thundurus|3\n|move|p2a: Charizard|Heat Wave|p1a: Urshifu|[spread] p1a,p1b\n|-resisted|p1a: Urshifu\n|-damage|p1a: Urshifu|85\/100\n|-damage|p1b: \u30c8\u30eb\u30cd\u30ed\u30b9|49\/100\n|\n|-weather|RainDance|[upkeep]\n|upkeep\n|\n|t:|1697881620\n|switch|p2b: Walking Wake|Walking Wake|100\/100\n|turn|3\n|\n|t:|1697881640\n|switch|p1a: \u30cf\u30d0\u30bf\u30af\u30ab\u30df|Flutter Mane|100\/100\n|switch|p2a: Rillaboom|Rillaboom, M|100\/100\n|-fieldstart|move: Grassy Terrain|[from] ability: Grassy Surge|[of] p2a: Rillaboom\n|move|p1b: \u30c8\u30eb\u30cd\u30ed\u30b9|Bleakwind Storm|p2a: Rillaboom|[spread] p2a,p2b\n|-supereffective|p2a: Rillaboom\n|-damage|p2a: Rillaboom|54\/100\n|-damage|p2b: Walking Wake|58\/100\n|move|p2b: Walking Wake|Hydro Steam|p1b: \u30c8\u30eb\u30cd\u30ed\u30b9\n|-damage|p1b: \u30c8\u30eb\u30cd\u30ed\u30b9|0 fnt\n|faint|p1b: \u30c8\u30eb\u30cd\u30ed\u30b9\n|\n|-weather|RainDance|[upkeep]\n|-heal|p2b: Walking Wake|64\/100|[from] Grassy Terrain\n|-heal|p2a: Rillaboom|61\/100|[from] Grassy Terrain\n|upkeep\n|inactive|user58342485 has 120 seconds left.\n|\n|t:|1697881657\n|switch|p1b: Incineroar|Incineroar, M|93\/100\n|-ability|p1b: Incineroar|Intimidate|boost\n|-unboost|p2a: Rillaboom|atk|1\n|-unboost|p2b: Walking Wake|atk|1\n|turn|4\n|\n|t:|1697881675\n|-terastallize|p2b: Walking Wake|Water\n|move|p2a: Rillaboom|Fake Out|p1b: Incineroar\n|-damage|p1b: Incineroar|83\/100\n|cant|p1b: Incineroar|flinch\n|move|p1a: \u30cf\u30d0\u30bf\u30af\u30ab\u30df|Dazzling Gleam|p2a: Rillaboom|[spread] p2a,p2b\n|-damage|p2a: Rillaboom|24\/100\n|-damage|p2b: Walking Wake|9\/100\n|move|p2b: Walking Wake|Hydro Steam|p1a: \u30cf\u30d0\u30bf\u30af\u30ab\u30df\n|-damage|p1a: \u30cf\u30d0\u30bf\u30af\u30ab\u30df|0 fnt\n|faint|p1a: \u30cf\u30d0\u30bf\u30af\u30ab\u30df\n|-end|p1a: \u30cf\u30d0\u30bf\u30af\u30ab\u30df|Protosynthesis|[silent]\n|\n|-weather|RainDance|[upkeep]\n|-heal|p2b: Walking Wake|15\/100|[from] Grassy Terrain\n|-heal|p2a: Rillaboom|30\/100|[from] Grassy Terrain\n|-heal|p1b: Incineroar|90\/100|[from] Grassy Terrain\n|upkeep\n|inactive|user58342485 has 120 seconds left.\n|\n|t:|1697881695\n|switch|p1a: \u30b4\u30ea\u30e9\u30f3\u30c0\u30fc|Rillaboom, M|100\/100\n|turn|5\n|\n|t:|1697881714\n|-end|p2b: Walking Wake|Protosynthesis|[silent]\n|switch|p2b: Charizard|Charizard-Mega-Y, M|100\/100\n|-weather|SunnyDay|[from] ability: Drought|[of] p2b: Charizard\n|move|p1a: \u30b4\u30ea\u30e9\u30f3\u30c0\u30fc|U-turn|p2b: Charizard\n|-resisted|p2b: Charizard\n|-damage|p2b: Charizard|92\/100\n|\n|t:|1697881723\n|switch|p1a: Urshifu|Urshifu-Rapid-Strike, F|85\/100|[from] U-turn\n|move|p2a: Rillaboom|U-turn|p1a: Urshifu\n|-resisted|p1a: Urshifu\n|-damage|p1a: Urshifu|77\/100\n|\n|t:|1697881729\n|switch|p2a: Walking Wake|Walking Wake, tera:Water|15\/100|[from] U-turn\n|-activate|p2a: Walking Wake|ability: Protosynthesis\n|-start|p2a: Walking Wake|protosynthesisspe\n|move|p1b: Incineroar|Parting Shot|p2b: Charizard\n|-unboost|p2b: Charizard|atk|1\n|-unboost|p2b: Charizard|spa|1\n|\n|t:|1697881738\n|switch|p1b: \u30b4\u30ea\u30e9\u30f3\u30c0\u30fc|Rillaboom, M|100\/100|[from] Parting Shot\n|\n|-weather|SunnyDay|[upkeep]\n|-heal|p2a: Walking Wake|21\/100|[from] Grassy Terrain\n|-heal|p1a: Urshifu|83\/100|[from] Grassy Terrain\n|upkeep\n|turn|6\n|\n|t:|1697881764\n|move|p1b: \u30b4\u30ea\u30e9\u30f3\u30c0\u30fc|Fake Out|p2b: Charizard\n|-damage|p2b: Charizard|75\/100\n|move|p2a: Walking Wake|Flamethrower|p1b: \u30b4\u30ea\u30e9\u30f3\u30c0\u30fc\n|-supereffective|p1b: \u30b4\u30ea\u30e9\u30f3\u30c0\u30fc\n|-damage|p1b: \u30b4\u30ea\u30e9\u30f3\u30c0\u30fc|41\/100\n|move|p1a: Urshifu|Surging Strikes|p2b: Charizard\n|-supereffective|p2b: Charizard\n|-crit|p2b: Charizard\n|-damage|p2b: Charizard|46\/100\n|-supereffective|p2b: Charizard\n|-crit|p2b: Charizard\n|-damage|p2b: Charizard|15\/100\n|-supereffective|p2b: Charizard\n|-crit|p2b: Charizard\n|-damage|p2b: Charizard|0 fnt\n|faint|p2b: Charizard\n|-hitcount|p2: Charizard|3\n|\n|-weather|SunnyDay|[upkeep]\n|-heal|p2a: Walking Wake|27\/100|[from] Grassy Terrain\n|-heal|p1a: Urshifu|90\/100|[from] Grassy Terrain\n|-heal|p1b: \u30b4\u30ea\u30e9\u30f3\u30c0\u30fc|47\/100|[from] Grassy Terrain\n|upkeep\n|inactive|amubai has 120 seconds left.\n|\n|t:|1697881785\n|switch|p2b: Ogerpon|Ogerpon-Hearthflame, F|100\/100\n|-ability|p2b: Ogerpon|Mold Breaker\n|turn|7\n|\n|t:|1697881792\n|switch|p1a: Incineroar|Incineroar, M|90\/100\n|-ability|p1a: Incineroar|Intimidate|boost\n|-unboost|p2a: Walking Wake|atk|1\n|-unboost|p2b: Ogerpon|atk|1\n|move|p2b: Ogerpon|Grassy Glide|p1a: Incineroar\n|-resisted|p1a: Incineroar\n|-damage|p1a: Incineroar|77\/100\n|move|p1b: \u30b4\u30ea\u30e9\u30f3\u30c0\u30fc|Grassy Glide|p2a: Walking Wake\n|-supereffective|p2a: Walking Wake\n|-damage|p2a: Walking Wake|0 fnt\n|faint|p2a: Walking Wake\n|-end|p2a: Walking Wake|Protosynthesis|[silent]\n|\n|-weather|SunnyDay|[upkeep]\n|-heal|p1b: \u30b4\u30ea\u30e9\u30f3\u30c0\u30fc|53\/100|[from] Grassy Terrain\n|-heal|p1a: Incineroar|83\/100|[from] Grassy Terrain\n|-fieldend|move: Grassy Terrain\n|upkeep\n|inactive|amubai has 120 seconds left.\n|\n|t:|1697881811\n|switch|p2a: Flutter Mane|Flutter Mane|100\/100\n|-activate|p2a: Flutter Mane|ability: Protosynthesis\n|-start|p2a: Flutter Mane|protosynthesisspe\n|turn|8\n|\n|t:|1697881834\n|move|p2a: Flutter Mane|Dazzling Gleam|p1b: \u30b4\u30ea\u30e9\u30f3\u30c0\u30fc|[spread] p1a,p1b\n|-damage|p1a: Incineroar|63\/100\n|-damage|p1b: \u30b4\u30ea\u30e9\u30f3\u30c0\u30fc|32\/100\n|move|p2b: Ogerpon|Ivy Cudgel|p1b: \u30b4\u30ea\u30e9\u30f3\u30c0\u30fc\n|-supereffective|p1b: \u30b4\u30ea\u30e9\u30f3\u30c0\u30fc\n|-damage|p1b: \u30b4\u30ea\u30e9\u30f3\u30c0\u30fc|0 fnt\n|faint|p1b: \u30b4\u30ea\u30e9\u30f3\u30c0\u30fc\n|move|p1a: Incineroar|Parting Shot|p2a: Flutter Mane\n|-unboost|p2a: Flutter Mane|atk|1\n|-unboost|p2a: Flutter Mane|spa|1\n|\n|t:|1697881843\n|switch|p1a: Urshifu|Urshifu-Rapid-Strike, F|90\/100|[from] Parting Shot\n|\n|-weather|SunnyDay|[upkeep]\n|upkeep\n|\n|t:|1697881847\n|switch|p1b: Incineroar|Incineroar, M|63\/100\n|-ability|p1b: Incineroar|Intimidate|boost\n|-unboost|p2a: Flutter Mane|atk|1\n|-unboost|p2b: Ogerpon|atk|1\n|turn|9\n|\n|t:|1697881873\n|move|p2a: Flutter Mane|Shadow Ball|p1a: Urshifu\n|-damage|p1a: Urshifu|46\/100\n|move|p1a: Urshifu|U-turn|p2b: Ogerpon\n|-damage|p2b: Ogerpon|67\/100\n|\n|t:|1697881879\n|switch|p1a: \u30e1\u30bf\u30b0\u30ed\u30b9|Metagross|100\/100|[from] U-turn\n|move|p2b: Ogerpon|Grassy Glide|p1a: \u30e1\u30bf\u30b0\u30ed\u30b9\n|-resisted|p1a: \u30e1\u30bf\u30b0\u30ed\u30b9\n|-crit|p1a: \u30e1\u30bf\u30b0\u30ed\u30b9\n|-damage|p1a: \u30e1\u30bf\u30b0\u30ed\u30b9|80\/100\n|move|p1b: Incineroar|Knock Off|p2a: Flutter Mane\n|-crit|p2a: Flutter Mane\n|-enditem|p2a: Flutter Mane|Focus Sash\n|-damage|p2a: Flutter Mane|1\/100\n|\n|-weather|none\n|-end|p2a: Flutter Mane|Protosynthesis\n|upkeep\n|turn|10\n|\n|t:|1697881902\n|move|p1a: \u30e1\u30bf\u30b0\u30ed\u30b9|Protect|p1a: \u30e1\u30bf\u30b0\u30ed\u30b9\n|-singleturn|p1a: \u30e1\u30bf\u30b0\u30ed\u30b9|Protect\n|move|p2a: Flutter Mane|Power Gem|p1b: Incineroar\n|-supereffective|p1b: Incineroar\n|-damage|p1b: Incineroar|35\/100\n|-enditem|p1b: Incineroar|Sitrus Berry|[eat]\n|-heal|p1b: Incineroar|60\/100|[from] item: Sitrus Berry\n|move|p2b: Ogerpon|Ivy Cudgel|p1a: \u30e1\u30bf\u30b0\u30ed\u30b9\n|-activate|p1a: \u30e1\u30bf\u30b0\u30ed\u30b9|move: Protect\n|move|p1b: Incineroar|Flare Blitz|p2a: Flutter Mane\n|-damage|p2a: Flutter Mane|0 fnt\n|faint|p2a: Flutter Mane\n|-end|p2a: Flutter Mane|Protosynthesis|[silent]\n|-damage|p1b: Incineroar|60\/100|[from] Recoil\n|\n|upkeep\n|inactive|amubai has 120 seconds left.\n|\n|t:|1697881918\n|switch|p2a: Rillaboom|Rillaboom, M|30\/100\n|-fieldstart|move: Grassy Terrain|[from] ability: Grassy Surge|[of] p2a: Rillaboom\n|turn|11\n|\n|t:|1697881932\n|switch|p1a: Urshifu|Urshifu-Rapid-Strike, F|46\/100\n|move|p2a: Rillaboom|Fake Out|p1b: Incineroar\n|-damage|p1b: Incineroar|47\/100\n|move|p2b: Ogerpon|Ivy Cudgel|p1a: Urshifu\n|-resisted|p1a: Urshifu\n|-crit|p1a: Urshifu\n|-damage|p1a: Urshifu|5\/100\n|cant|p1b: Incineroar|flinch\n|\n|-heal|p1a: Urshifu|11\/100|[from] Grassy Terrain\n|-heal|p2b: Ogerpon|73\/100|[from] Grassy Terrain\n|-heal|p2a: Rillaboom|36\/100|[from] Grassy Terrain\n|-heal|p1b: Incineroar|53\/100|[from] Grassy Terrain\n|upkeep\n|turn|12\n|\n|t:|1697881955\n|move|p1a: Urshifu|Aqua Jet|p2b: Ogerpon\n|-damage|p2b: Ogerpon|44\/100\n|move|p2a: Rillaboom|Grassy Glide|p1a: Urshifu\n|-supereffective|p1a: Urshifu\n|-damage|p1a: Urshifu|0 fnt\n|faint|p1a: Urshifu\n|move|p2b: Ogerpon|Superpower|p1b: Incineroar\n|-supereffective|p1b: Incineroar\n|-damage|p1b: Incineroar|11\/100\n|-unboost|p2b: Ogerpon|atk|1\n|-unboost|p2b: Ogerpon|def|1\n|move|p1b: Incineroar|Flare Blitz|p2b: Ogerpon\n|-damage|p2b: Ogerpon|0 fnt\n|faint|p2b: Ogerpon\n|-damage|p1b: Incineroar|0 fnt|[from] Recoil\n|faint|p1b: Incineroar\n|\n|-heal|p2a: Rillaboom|43\/100|[from] Grassy Terrain\n|upkeep\n|inactive|user58342485 has 120 seconds left.\n|\n|t:|1697881981\n|switch|p1a: \u30e1\u30bf\u30b0\u30ed\u30b9|Metagross|80\/100\n|turn|13\n|\n|t:|1697881985\n|detailschange|p1a: \u30e1\u30bf\u30b0\u30ed\u30b9|Metagross-Mega\n|-mega|p1a: \u30e1\u30bf\u30b0\u30ed\u30b9|Metagross|Metagrossite\n|move|p1a: \u30e1\u30bf\u30b0\u30ed\u30b9|Steel Roller|p2a: Rillaboom\n|-crit|p2a: Rillaboom\n|-damage|p2a: Rillaboom|0 fnt\n|-fieldend|move: Grassy Terrain\n|faint|p2a: Rillaboom\n|\n|win|user58342485\n|raw|user58342485's rating: 1582 &rarr; <strong>1595<\/strong><br \/>(+13 for winning)\n|raw|amubai's rating: 1452 &rarr; <strong>1439<\/strong><br \/>(-13 for losing)\n|l|\u2606amubai\n|c|\u2606user58342485|gg\n","uploadtime":1697881997,"views":11,"p1id":"user58342485","p2id":"amubai","formatid":"gen9nationaldexdoubles","rating":1439,"private":0,"password":""}