{"id":"gen9nationaldexdoubles-1963339077","p1":"Kamirami","p2":"Denvah_17","format":"[Gen 9] National Dex Doubles","log":"|j|\u2606Kamirami\n|j|\u2606Denvah_17\n|t:|1696859219\n|gametype|doubles\n|player|p1|Kamirami|byron|1331\n|player|p2|Denvah_17|alder|1270\n|teamsize|p1|6\n|teamsize|p2|6\n|gen|9\n|tier|[Gen 9] National Dex Doubles\n|rated|\n|rule|HP Percentage Mod: HP is shown in percentages\n|rule|Endless Battle Clause: Forcing endless battles is banned\n|rule|OHKO Clause: OHKO moves are banned\n|rule|Evasion Moves Clause: Evasion moves are banned\n|rule|Evasion Abilities Clause: Evasion abilities are banned\n|rule|Species Clause: Limit one of each Pok\u00e9mon\n|rule|Gravity Sleep Clause: The combination of sleep-inducing moves with imperfect accuracy and Gravity or Gigantamax Orbeetle are banned\n|clearpoke\n|poke|p1|Gardevoir, F|\n|poke|p1|Aegislash, F|\n|poke|p1|Arcanine, M|\n|poke|p1|Corviknight, M|\n|poke|p1|Kleavor, M|\n|poke|p1|Grimmsnarl, M|\n|poke|p2|Sinistcha-Masterpiece|\n|poke|p2|Enamorus, F|\n|poke|p2|Volcanion|\n|poke|p2|Scizor, M|\n|poke|p2|Okidogi, M|\n|poke|p2|Ursaluna-Bloodmoon, M|\n|teampreview\n|inactive|Battle timer is ON: inactive players will automatically lose when time's up. (requested by Denvah_17)\n|\n|t:|1696859228\n|start\n|switch|p1a: Grimmsnarl|Grimmsnarl, M|100\/100\n|switch|p1b: Kleavor|Kleavor, M|100\/100\n|switch|p2a: Sonria|Enamorus, F|100\/100\n|switch|p2b: Grass Latte|Sinistcha-Masterpiece|100\/100\n|turn|1\n|\n|t:|1696859243\n|-terastallize|p2a: Sonria|Rock\n|move|p1a: Grimmsnarl|Light Screen|p1a: Grimmsnarl\n|-sidestart|p1: Kamirami|move: Light Screen\n|move|p2a: Sonria|Superpower|p1a: Grimmsnarl\n|-damage|p1a: Grimmsnarl|63\/100\n|-boost|p2a: Sonria|atk|1\n|-boost|p2a: Sonria|def|1\n|move|p1b: Kleavor|Stone Axe|p2a: Sonria\n|-damage|p2a: Sonria|54\/100\n|-sidestart|p2: Denvah_17|move: Stealth Rock\n|move|p2b: Grass Latte|Calm Mind|p2b: Grass Latte\n|-boost|p2b: Grass Latte|spa|1\n|-boost|p2b: Grass Latte|spd|1\n|\n|upkeep\n|turn|2\n|\n|t:|1696859266\n|move|p1a: Grimmsnarl|Reflect|p1a: Grimmsnarl\n|-sidestart|p1: Kamirami|Reflect\n|move|p2a: Sonria|Play Rough|p1a: Grimmsnarl\n|-supereffective|p1a: Grimmsnarl\n|-damage|p1a: Grimmsnarl|0 fnt\n|faint|p1a: Grimmsnarl\n|move|p1b: Kleavor|Night Slash|p2b: Grass Latte\n|-supereffective|p2b: Grass Latte\n|-damage|p2b: Grass Latte|47\/100\n|-enditem|p2b: Grass Latte|Weakness Policy\n|-boost|p2b: Grass Latte|atk|2|[from] item: Weakness Policy\n|-boost|p2b: Grass Latte|spa|2|[from] item: Weakness Policy\n|move|p2b: Grass Latte|Strength Sap|p1b: Kleavor\n|-unboost|p1b: Kleavor|atk|1\n|-heal|p2b: Grass Latte|100\/100\n|\n|upkeep\n|inactive|Kamirami has 120 seconds left.\n|\n|t:|1696859285\n|switch|p1a: Corviknight|Corviknight, M|100\/100\n|turn|3\n|\n|t:|1696859302\n|move|p2a: Sonria|Tera Blast|p1b: Kleavor|[anim] Tera Blast Rock\n|-supereffective|p1b: Kleavor\n|-damage|p1b: Kleavor|35\/100\n|move|p1b: Kleavor|Night Slash|p2b: Grass Latte\n|-supereffective|p2b: Grass Latte\n|-damage|p2b: Grass Latte|59\/100\n|move|p2b: Grass Latte|Matcha Gotcha|p1b: Kleavor|[spread] p1a,p1b\n|-resisted|p1a: Corviknight\n|-damage|p1a: Corviknight|90\/100\n|-heal|p2b: Grass Latte|66\/100|[from] drain|[of] p1a: Corviknight\n|-damage|p1b: Kleavor|2\/100\n|-heal|p2b: Grass Latte|86\/100|[from] drain|[of] p1b: Kleavor\n|-status|p1b: Kleavor|brn\n|move|p1a: Corviknight|Tailwind|p1a: Corviknight\n|-sidestart|p1: Kamirami|move: Tailwind\n|\n|-heal|p1a: Corviknight|96\/100|[from] item: Leftovers\n|-damage|p1b: Kleavor|0 fnt|[from] brn\n|faint|p1b: Kleavor\n|upkeep\n|\n|t:|1696859315\n|switch|p1b: Gardevoir|Gardevoir, F, shiny|100\/100\n|turn|4\n|inactive|Denvah_17 has 120 seconds left.\n|\n|t:|1696859347\n|detailschange|p1b: Gardevoir|Gardevoir-Mega, F, shiny\n|-mega|p1b: Gardevoir|Gardevoir|Gardevoirite\n|move|p1b: Gardevoir|Hyper Voice|p2a: Sonria|[spread] p2a,p2b\n|-damage|p2a: Sonria|8\/100\n|-damage|p2b: Grass Latte|52\/100\n|move|p2a: Sonria|Play Rough|p1b: Gardevoir\n|-damage|p1b: Gardevoir|37\/100\n|move|p1a: Corviknight|Brave Bird|p2b: Grass Latte\n|-supereffective|p2b: Grass Latte\n|-crit|p2b: Grass Latte\n|-damage|p2b: Grass Latte|0 fnt\n|faint|p2b: Grass Latte\n|-damage|p1a: Corviknight|83\/100|[from] Recoil\n|\n|-heal|p1a: Corviknight|89\/100|[from] item: Leftovers\n|upkeep\n|inactive|Denvah_17 has 120 seconds left.\n|\n|t:|1696859365\n|switch|p2b: Saxophone|Volcanion|100\/100\n|-damage|p2b: Saxophone|76\/100|[from] Stealth Rock\n|turn|5\n|\n|t:|1696859377\n|move|p1b: Gardevoir|Hyper Voice|p2a: Sonria|[spread] p2a,p2b\n|-resisted|p2b: Saxophone\n|-damage|p2a: Sonria|0 fnt\n|-damage|p2b: Saxophone|53\/100\n|faint|p2a: Sonria\n|move|p1a: Corviknight|Brave Bird|p2b: Saxophone\n|-damage|p2b: Saxophone|14\/100\n|-damage|p1a: Corviknight|76\/100|[from] Recoil\n|move|p2b: Saxophone|Heat Wave|p1b: Gardevoir|[spread] p1a,p1b\n|-supereffective|p1a: Corviknight\n|-damage|p1a: Corviknight|28\/100\n|-damage|p1b: Gardevoir|11\/100\n|-status|p1a: Corviknight|brn\n|\n|-heal|p1a: Corviknight|34\/100 brn|[from] item: Leftovers\n|-damage|p1a: Corviknight|28\/100 brn|[from] brn\n|upkeep\n|inactive|Denvah_17 has 120 seconds left.\n|\n|t:|1696859391\n|switch|p2a: Sudafed|Scizor, M|100\/100\n|-damage|p2a: Sudafed|88\/100|[from] Stealth Rock\n|turn|6\n|\n|t:|1696859407\n|switch|p1b: Arcanine|Arcanine, M|100\/100\n|-ability|p1b: Arcanine|Intimidate|boost\n|-unboost|p2a: Sudafed|atk|1\n|-unboost|p2b: Saxophone|atk|1\n|detailschange|p2a: Sudafed|Scizor-Mega, M\n|-mega|p2a: Sudafed|Scizor|Scizorite\n|move|p2a: Sudafed|Bullet Punch|p1b: Arcanine\n|-resisted|p1b: Arcanine\n|-damage|p1b: Arcanine|91\/100\n|move|p1a: Corviknight|Brave Bird|p2b: Saxophone\n|-crit|p2b: Saxophone\n|-damage|p2b: Saxophone|0 fnt\n|faint|p2b: Saxophone\n|-damage|p1a: Corviknight|23\/100 brn|[from] Recoil\n|\n|-heal|p1a: Corviknight|29\/100 brn|[from] item: Leftovers\n|-damage|p1a: Corviknight|23\/100 brn|[from] brn\n|-sideend|p1: Kamirami|move: Tailwind\n|upkeep\n|\n|t:|1696859428\n|switch|p2b: Xi Jinping|Ursaluna-Bloodmoon, M|100\/100\n|-damage|p2b: Xi Jinping|95\/100|[from] Stealth Rock\n|turn|7\n|\n|t:|1696859443\n|switch|p2a: Dogecoin|Okidogi, M|100\/100\n|-damage|p2a: Dogecoin|94\/100|[from] Stealth Rock\n|move|p1b: Arcanine|Flare Blitz|p2a: Dogecoin\n|-damage|p2a: Dogecoin|50\/100\n|-damage|p1b: Arcanine|76\/100|[from] Recoil\n|move|p1a: Corviknight|Tailwind|p1a: Corviknight\n|-sidestart|p1: Kamirami|move: Tailwind\n|move|p2b: Xi Jinping|Calm Mind|p2b: Xi Jinping\n|-boost|p2b: Xi Jinping|spa|1\n|-boost|p2b: Xi Jinping|spd|1\n|\n|-heal|p1a: Corviknight|29\/100 brn|[from] item: Leftovers\n|-heal|p2b: Xi Jinping|100\/100|[from] item: Leftovers\n|-damage|p1a: Corviknight|23\/100 brn|[from] brn\n|upkeep\n|turn|8\n|\n|t:|1696859465\n|move|p1b: Arcanine|Snarl|p2b: Xi Jinping|[spread] p2b\n|-miss|p1b: Arcanine|p2a: Dogecoin\n|-damage|p2b: Xi Jinping|94\/100\n|-unboost|p2b: Xi Jinping|spa|1\n|move|p1a: Corviknight|Brave Bird|p2a: Dogecoin\n|-supereffective|p2a: Dogecoin\n|-damage|p2a: Dogecoin|11\/100\n|-damage|p1a: Corviknight|10\/100 brn|[from] Recoil\n|move|p2a: Dogecoin|Drain Punch|p1b: Arcanine\n|-damage|p1b: Arcanine|45\/100\n|-heal|p2a: Dogecoin|26\/100|[from] drain|[of] p1b: Arcanine\n|-enditem|p1b: Arcanine|Sitrus Berry|[eat]\n|-heal|p1b: Arcanine|70\/100|[from] item: Sitrus Berry\n|move|p2b: Xi Jinping|Blood Moon|p1a: Corviknight\n|-resisted|p1a: Corviknight\n|-damage|p1a: Corviknight|0 fnt\n|faint|p1a: Corviknight\n|\n|-heal|p2b: Xi Jinping|99\/100|[from] item: Leftovers\n|-sideend|p1: Kamirami|move: Light Screen\n|upkeep\n|\n|t:|1696859482\n|switch|p1a: Gardevoir|Gardevoir-Mega, F, shiny|11\/100\n|turn|9\n|\n|t:|1696859499\n|move|p1a: Gardevoir|Mystical Fire|p2b: Xi Jinping\n|-damage|p2b: Xi Jinping|80\/100\n|-unboost|p2b: Xi Jinping|spa|1\n|move|p1b: Arcanine|Snarl|p2a: Dogecoin|[spread] p2a,p2b\n|-resisted|p2a: Dogecoin\n|-damage|p2a: Dogecoin|23\/100\n|-damage|p2b: Xi Jinping|74\/100\n|-unboost|p2a: Dogecoin|spa|1\n|-unboost|p2b: Xi Jinping|spa|1\n|move|p2a: Dogecoin|Gunk Shot|p1b: Arcanine\n|-damage|p1b: Arcanine|26\/100\n|-status|p1b: Arcanine|psn\n|move|p2b: Xi Jinping|Earth Power|p1b: Arcanine\n|-supereffective|p1b: Arcanine\n|-damage|p1b: Arcanine|0 fnt\n|faint|p1b: Arcanine\n|\n|-heal|p2b: Xi Jinping|80\/100|[from] item: Leftovers\n|-sideend|p1: Kamirami|Reflect\n|upkeep\n|\n|t:|1696859514\n|switch|p1b: Aegislash|Aegislash, F|100\/100\n|turn|10\n|\n|t:|1696859526\n|switch|p2b: Sudafed|Scizor-Mega, M|88\/100\n|-damage|p2b: Sudafed|76\/100|[from] Stealth Rock\n|move|p1b: Aegislash|King's Shield|p1b: Aegislash\n|-singleturn|p1b: Aegislash|Protect\n|move|p1a: Gardevoir|Hyper Voice|p2a: Dogecoin|[spread] p2a,p2b\n|-resisted|p2b: Sudafed\n|-damage|p2a: Dogecoin|0 fnt\n|-damage|p2b: Sudafed|52\/100\n|faint|p2a: Dogecoin\n|\n|-sideend|p1: Kamirami|move: Tailwind\n|upkeep\n|\n|t:|1696859539\n|switch|p2a: Xi Jinping|Ursaluna-Bloodmoon, M|80\/100\n|-damage|p2a: Xi Jinping|74\/100|[from] Stealth Rock\n|turn|11\n|\n|t:|1696859547\n|move|p2b: Sudafed|Bullet Punch|p1a: Gardevoir\n|-supereffective|p1a: Gardevoir\n|-damage|p1a: Gardevoir|0 fnt\n|faint|p1a: Gardevoir\n|-formechange|p1b: Aegislash|Aegislash-Blade||[from] ability: Stance Change\n|move|p1b: Aegislash|Flash Cannon|p2a: Xi Jinping\n|-damage|p2a: Xi Jinping|19\/100\n|move|p2a: Xi Jinping|Earth Power|p1b: Aegislash\n|-supereffective|p1b: Aegislash\n|-damage|p1b: Aegislash|0 fnt\n|faint|p1b: Aegislash\n|\n|win|Denvah_17\n|raw|Kamirami's rating: 1331 &rarr; <strong>1308<\/strong><br \/>(-23 for losing)\n|raw|Denvah_17's rating: 1270 &rarr; <strong>1299<\/strong><br \/>(+29 for winning)\n","uploadtime":1696859560,"views":8,"p1id":"kamirami","p2id":"denvah17","formatid":"gen9nationaldexdoubles","rating":1299,"private":0,"password":""}