{"id":"gen9nationaldexdoubles-1987831335","p1":"MarcusTalks","p2":"vibrava9000","format":"[Gen 9] National Dex Doubles","log":"|j|\u2606MarcusTalks\n|j|\u2606vibrava9000\n|t:|1699640860\n|gametype|doubles\n|player|p1|MarcusTalks|steven|\n|player|p2|vibrava9000|fisherman-gen4|\n|teamsize|p1|6\n|teamsize|p2|6\n|gen|9\n|tier|[Gen 9] National Dex Doubles\n|rule|HP Percentage Mod: HP is shown in percentages\n|rule|Endless Battle Clause: Forcing endless battles is banned\n|rule|OHKO Clause: OHKO moves are banned\n|rule|Evasion Moves Clause: Evasion moves are banned\n|rule|Evasion Abilities Clause: Evasion abilities are banned\n|rule|Species Clause: Limit one of each Pok\u00e9mon\n|rule|Gravity Sleep Clause: The combination of sleep-inducing moves with imperfect accuracy and Gravity or Gigantamax Orbeetle are banned\n|clearpoke\n|poke|p1|Sinistcha-Masterpiece|\n|poke|p1|Kommo-o, M|\n|poke|p1|Ninetales-Alola, F|\n|poke|p1|Arcanine-Hisui, M|\n|poke|p1|Sableye, M|\n|poke|p1|Iron Hands|\n|poke|p2|Medicham, M|\n|poke|p2|Clefable, M|\n|poke|p2|Ferrothorn, M|\n|poke|p2|Rotom-Wash|\n|poke|p2|Landorus-Therian, M|\n|poke|p2|Weavile, F|\n|teampreview\n|\n|t:|1699640902\n|start\n|switch|p1a: Sableye|Sableye, M, shiny|100\/100\n|switch|p1b: Iron Hands|Iron Hands|100\/100\n|switch|p2a: Clefable|Clefable, M|100\/100\n|switch|p2b: Weavile|Weavile, F|100\/100\n|-ability|p2b: Weavile|Pressure\n|turn|1\n|inactive|Battle timer is ON: inactive players will automatically lose when time's up. (requested by MarcusTalks)\n|\n|t:|1699640972\n|-terastallize|p2a: Clefable|Fairy\n|move|p1b: Iron Hands|Fake Out|p2b: Weavile\n|-damage|p2b: Weavile|72\/100\n|move|p1a: Sableye|Toxic|p2a: Clefable\n|-status|p2a: Clefable|tox\n|cant|p2b: Weavile|flinch\n|move|p2a: Clefable|Moonblast|p1b: Iron Hands\n|-supereffective|p1b: Iron Hands\n|-damage|p1b: Iron Hands|51\/100\n|\n|upkeep\n|turn|2\n|\n|t:|1699640992\n|move|p1a: Sableye|Substitute|p1a: Sableye\n|-start|p1a: Sableye|Substitute\n|-damage|p1a: Sableye|76\/100\n|move|p2b: Weavile|Pursuit|p1b: Iron Hands\n|-resisted|p1b: Iron Hands\n|-damage|p1b: Iron Hands|42\/100\n|move|p2a: Clefable|Moonblast|p1b: Iron Hands\n|-supereffective|p1b: Iron Hands\n|-damage|p1b: Iron Hands|0 fnt\n|faint|p1b: Iron Hands\n|-end|p1b: Iron Hands|Quark Drive|[silent]\n|\n|upkeep\n|inactive|MarcusTalks has 270 seconds left.\n|\n|t:|1699641013\n|switch|p1b: Ninetales|Ninetales-Alola, F, shiny|100\/100\n|-weather|Snow|[from] ability: Snow Warning|[of] p1b: Ninetales\n|turn|3\n|c|\u2606vibrava9000|Why did you use substitute?\n|inactive|vibrava9000 has 270 seconds left.\n|j| Juanva2006\n|c|\u2606MarcusTalks|my mind is an enigma\n|l| Juanva2006\n|c|\u2606MarcusTalks|that a friend of yours?\n|\n|t:|1699641060\n|move|p1a: Sableye|Toxic|p2b: Weavile\n|-hint|Since gen 7, Dark is immune to Prankster moves.\n|-immune|p2b: Weavile\n|move|p2b: Weavile|Pursuit|p1b: Ninetales\n|-resisted|p1b: Ninetales\n|-damage|p1b: Ninetales|87\/100\n|move|p1b: Ninetales|Aurora Veil|p1b: Ninetales\n|-sidestart|p1: MarcusTalks|move: Aurora Veil\n|move|p2a: Clefable|Thunder Wave|p1b: Ninetales\n|-status|p1b: Ninetales|par\n|\n|-weather|Snow|[upkeep]\n|upkeep\n|turn|4\n|inactive|vibrava9000 has 270 seconds left.\n|\n|t:|1699641087\n|move|p1a: Sableye|Taunt|p2a: Clefable\n|-start|p2a: Clefable|move: Taunt\n|move|p2b: Weavile|Pursuit|p1b: Ninetales\n|-resisted|p1b: Ninetales\n|-damage|p1b: Ninetales|76\/100 par\n|cant|p1b: Ninetales|par\n|move|p2a: Clefable|Moonblast|p1b: Ninetales\n|-damage|p1b: Ninetales|44\/100 par\n|\n|-weather|Snow|[upkeep]\n|upkeep\n|turn|5\n|inactive|vibrava9000 has 270 seconds left.\n|\n|t:|1699641108\n|move|p2b: Weavile|Pursuit|p2a: Clefable\n|-resisted|p2a: Clefable\n|-damage|p2a: Clefable|90\/100 tox\n|move|p1b: Ninetales|Dazzling Gleam|p2b: Weavile|[spread] p2a,p2b\n|-crit|p2a: Clefable\n|-supereffective|p2b: Weavile\n|-damage|p2a: Clefable|60\/100 tox\n|-damage|p2b: Weavile|8\/100\n|move|p2a: Clefable|Moonblast|p1b: Ninetales\n|-damage|p1b: Ninetales|13\/100 par\n|move|p1a: Sableye|Dark Pulse|p2b: Weavile\n|-resisted|p2b: Weavile\n|-damage|p2b: Weavile|0 fnt\n|faint|p2b: Weavile\n|\n|-weather|Snow|[upkeep]\n|-heal|p2a: Clefable|66\/100 tox|[from] item: Leftovers\n|upkeep\n|\n|t:|1699641130\n|switch|p2b: Landorus|Landorus-Therian, M|100\/100\n|-ability|p2b: Landorus|Intimidate|boost\n|-immune|p1a: Sableye\n|-unboost|p1b: Ninetales|atk|1\n|turn|6\n|\n|t:|1699641141\n|move|p1b: Ninetales|Protect|p1b: Ninetales\n|-singleturn|p1b: Ninetales|Protect\n|move|p1a: Sableye|Toxic|p2b: Landorus\n|-status|p2b: Landorus|tox\n|move|p2b: Landorus|Earthquake|p1b: Ninetales|[spread] p2a,p1a\n|-activate|p1b: Ninetales|move: Protect\n|-end|p1a: Sableye|Substitute\n|-damage|p2a: Clefable|32\/100 tox\n|move|p2a: Clefable|Moonblast|p1b: Ninetales\n|-activate|p1b: Ninetales|move: Protect\n|\n|-weather|Snow|[upkeep]\n|-heal|p2a: Clefable|39\/100 tox|[from] item: Leftovers\n|-damage|p2b: Landorus|94\/100 tox|[from] psn\n|-end|p2a: Clefable|move: Taunt\n|upkeep\n|turn|7\n|inactive|vibrava9000 has 270 seconds left.\n|inactive|vibrava9000 has 240 seconds left.\n|c|\u2606vibrava9000|Who's my friend?\n|inactive|vibrava9000 has 210 seconds left.\n|\n|t:|1699641226\n|switch|p1b: Sinistcha|Sinistcha-Masterpiece, shiny|100\/100\n|-heal|p1a: Sableye|100\/100|[from] ability: Hospitality|[of] p1b: Sinistcha\n|move|p1a: Sableye|Substitute|p1a: Sableye\n|-start|p1a: Sableye|Substitute\n|-damage|p1a: Sableye|76\/100\n|move|p2b: Landorus|Earthquake|p1a: Sableye|[spread] p2a,p1a,p1b\n|-end|p1a: Sableye|Substitute\n|-resisted|p1b: Sinistcha\n|-damage|p2a: Clefable|3\/100 tox\n|-damage|p1b: Sinistcha|90\/100\n|move|p2a: Clefable|Thunder Wave|p1a: Sableye\n|-status|p1a: Sableye|par\n|\n|-weather|none\n|-heal|p2a: Clefable|9\/100 tox|[from] item: Leftovers\n|-damage|p2b: Landorus|82\/100 tox|[from] psn\n|upkeep\n|turn|8\n|c|\u2606MarcusTalks|must've been a rando hopping in to watch\n|inactive|vibrava9000 has 210 seconds left.\n|\n|t:|1699641254\n|cant|p1a: Sableye|par\n|move|p2b: Landorus|Earthquake|p1b: Sinistcha|[spread] p2a,p1a,p1b\n|-resisted|p1b: Sinistcha\n|-damage|p2a: Clefable|0 fnt\n|-damage|p1a: Sableye|49\/100 par\n|-damage|p1b: Sinistcha|80\/100\n|faint|p2a: Clefable\n|move|p1b: Sinistcha|Matcha Gotcha|p2b: Landorus|[miss]\n|-miss|p1b: Sinistcha|p2b: Landorus\n|\n|-damage|p2b: Landorus|63\/100 tox|[from] psn\n|upkeep\n|\n|t:|1699641268\n|switch|p2a: Rotom|Rotom-Wash|100\/100\n|turn|9\n|\n|t:|1699641277\n|cant|p1a: Sableye|par\n|move|p2b: Landorus|Earthquake|p1b: Sinistcha|[spread] p1a,p1b\n|-immune|p2a: Rotom|[from] ability: Levitate\n|-resisted|p1b: Sinistcha\n|-damage|p1a: Sableye|24\/100 par\n|-damage|p1b: Sinistcha|69\/100\n|move|p2a: Rotom|Hydro Pump|p1b: Sinistcha\n|-resisted|p1b: Sinistcha\n|-crit|p1b: Sinistcha\n|-damage|p1b: Sinistcha|38\/100\n|move|p1b: Sinistcha|Hex|p2b: Landorus\n|-damage|p2b: Landorus|0 fnt\n|faint|p2b: Landorus\n|\n|upkeep\n|inactive|vibrava9000 has 210 seconds left.\n|\n|t:|1699641294\n|switch|p2b: Ferrothorn|Ferrothorn, M|100\/100\n|turn|10\n|\n|t:|1699641311\n|move|p1a: Sableye|Taunt|p2b: Ferrothorn\n|-start|p2b: Ferrothorn|move: Taunt\n|move|p2a: Rotom|Hydro Pump|p1b: Sinistcha|[miss]\n|-miss|p2a: Rotom|p1b: Sinistcha\n|move|p1b: Sinistcha|Matcha Gotcha|p2a: Rotom|[spread] p2a,p2b\n|-supereffective|p2a: Rotom\n|-resisted|p2b: Ferrothorn\n|-damage|p2a: Rotom|62\/100\n|-heal|p1b: Sinistcha|55\/100|[from] drain|[of] p2a: Rotom\n|-damage|p2b: Ferrothorn|96\/100\n|-heal|p1b: Sinistcha|57\/100|[from] drain|[of] p2b: Ferrothorn\n|move|p2b: Ferrothorn|Iron Head|p1a: Sableye\n|-damage|p1a: Sableye|8\/100 par\n|\n|-sideend|p1: MarcusTalks|move: Aurora Veil\n|upkeep\n|turn|11\n|inactive|vibrava9000 has 240 seconds left.\n|inactive|vibrava9000 has 210 seconds left.\n|inactive|MarcusTalks has 270 seconds left.\n|\n|t:|1699641358\n|cant|p1a: Sableye|par\n|move|p2a: Rotom|Pain Split|p1a: Sableye\n|-sethp|p1a: Sableye|35\/100 par|[from] move: Pain Split|[silent]\n|-sethp|p2a: Rotom|35\/100|[from] move: Pain Split\n|move|p1b: Sinistcha|Matcha Gotcha|p2a: Rotom|[spread] p2a,p2b\n|-supereffective|p2a: Rotom\n|-resisted|p2b: Ferrothorn\n|-crit|p2b: Ferrothorn\n|-damage|p2a: Rotom|0 fnt\n|-heal|p1b: Sinistcha|72\/100|[from] drain|[of] p2a: Rotom\n|-damage|p2b: Ferrothorn|90\/100\n|-heal|p1b: Sinistcha|75\/100|[from] drain|[of] p2b: Ferrothorn\n|-status|p2b: Ferrothorn|brn\n|faint|p2a: Rotom\n|move|p2b: Ferrothorn|Iron Head|p1b: Sinistcha\n|-damage|p1b: Sinistcha|67\/100\n|-damage|p2b: Ferrothorn|73\/100 brn|[from] item: Rocky Helmet|[of] p1b: Sinistcha\n|\n|-damage|p2b: Ferrothorn|67\/100 brn|[from] brn\n|upkeep\n|c|\u2606MarcusTalks|uh thanks\n|inactive|vibrava9000 has 180 seconds left.\n|c|\u2606vibrava9000|I usually just attack moves only most of the time\n|\n|t:|1699641410\n|switch|p2a: Medicham|Medicham, M|100\/100\n|turn|12\n|inactive|vibrava9000 has 180 seconds left.\n|\n|t:|1699641439\n|detailschange|p2a: Medicham|Medicham-Mega, M\n|-mega|p2a: Medicham|Medicham|Medichamite\n|cant|p1a: Sableye|par\n|move|p2a: Medicham|Zen Headbutt|p1b: Sinistcha\n|-damage|p1b: Sinistcha|9\/100\n|-damage|p2a: Medicham|84\/100|[from] item: Rocky Helmet|[of] p1b: Sinistcha\n|cant|p1b: Sinistcha|flinch\n|move|p2b: Ferrothorn|Iron Head|p1a: Sableye\n|-damage|p1a: Sableye|22\/100 par\n|\n|-damage|p2b: Ferrothorn|61\/100 brn|[from] brn\n|-end|p2b: Ferrothorn|move: Taunt\n|upkeep\n|turn|13\n|inactive|vibrava9000 has 180 seconds left.\n|inactive|MarcusTalks has 270 seconds left.\n|\n|t:|1699641472\n|switch|p1b: Ninetales|Ninetales-Alola, F, shiny|13\/100 par\n|-weather|Snow|[from] ability: Snow Warning|[of] p1b: Ninetales\n|move|p1a: Sableye|Toxic|p2a: Medicham\n|-status|p2a: Medicham|tox\n|move|p2a: Medicham|Zen Headbutt|p1b: Ninetales\n|-damage|p1b: Ninetales|0 fnt\n|faint|p1b: Ninetales\n|move|p2b: Ferrothorn|Iron Head|p1a: Sableye\n|-damage|p1a: Sableye|10\/100 par\n|\n|-weather|Snow|[upkeep]\n|-damage|p2a: Medicham|78\/100 tox|[from] psn\n|-damage|p2b: Ferrothorn|54\/100 brn|[from] brn\n|upkeep\n|inactive|MarcusTalks has 270 seconds left.\n|\n|t:|1699641486\n|switch|p1b: Sinistcha|Sinistcha-Masterpiece, shiny|9\/100\n|-heal|p1a: Sableye|35\/100 par|[from] ability: Hospitality|[of] p1b: Sinistcha\n|turn|14\n|\n|t:|1699641501\n|switch|p1b: Arcanine|Arcanine-Hisui, M, shiny|100\/100\n|move|p1a: Sableye|Substitute|p1a: Sableye\n|-start|p1a: Sableye|Substitute\n|-damage|p1a: Sableye|10\/100 par\n|move|p2a: Medicham|Zen Headbutt|p1a: Sableye\n|-immune|p1a: Sableye\n|move|p2b: Ferrothorn|Iron Head|p1b: Arcanine\n|-crit|p1b: Arcanine\n|-damage|p1b: Arcanine|77\/100\n|\n|-weather|Snow|[upkeep]\n|-damage|p2a: Medicham|66\/100 tox|[from] psn\n|-damage|p2b: Ferrothorn|48\/100 brn|[from] brn\n|upkeep\n|turn|15\n|inactive|MarcusTalks has 270 seconds left.\n|\n|t:|1699641535\n|-zpower|p1b: Arcanine\n|move|p1b: Arcanine|Continental Crush|p2a: Medicham|[zeffect]\n|-resisted|p2a: Medicham\n|-damage|p2a: Medicham|0 fnt\n|faint|p2a: Medicham\n|move|p2b: Ferrothorn|Thunder Wave|p1b: Arcanine|[miss]\n|-miss|p2b: Ferrothorn|p1b: Arcanine\n|move|p1a: Sableye|Dark Pulse|p2b: Ferrothorn\n|-damage|p2b: Ferrothorn|35\/100 brn\n|\n|-weather|Snow|[upkeep]\n|-damage|p2b: Ferrothorn|28\/100 brn|[from] brn\n|upkeep\n|turn|16\n|\n|t:|1699641557\n|move|p1b: Arcanine|Flare Blitz|p2b: Ferrothorn\n|-supereffective|p2b: Ferrothorn\n|-damage|p2b: Ferrothorn|0 fnt\n|-damage|p1b: Arcanine|65\/100|[from] ability: Iron Barbs|[of] p2b: Ferrothorn\n|-damage|p1b: Arcanine|48\/100|[from] item: Rocky Helmet|[of] p2b: Ferrothorn\n|faint|p2b: Ferrothorn\n|\n|win|MarcusTalks\n","uploadtime":1699641567,"views":37,"p1id":"marcustalks","p2id":"vibrava9000","formatid":"gen9nationaldexdoubles","rating":0,"private":0,"password":""}