{"id":"gen9nationaldexdoubles-1969066538","p1":"Denvah_17","p2":"Endermo","format":"[Gen 9] National Dex Doubles","log":"|j|\u2606Denvah_17\n|j|\u2606Endermo\n|t:|1697487130\n|gametype|doubles\n|player|p1|Denvah_17|alder|1470\n|player|p2|Endermo|170|1422\n|teamsize|p1|6\n|teamsize|p2|6\n|gen|9\n|tier|[Gen 9] National Dex Doubles\n|rated|\n|rule|HP Percentage Mod: HP is shown in percentages\n|rule|Endless Battle Clause: Forcing endless battles is banned\n|rule|OHKO Clause: OHKO moves are banned\n|rule|Evasion Moves Clause: Evasion moves are banned\n|rule|Evasion Abilities Clause: Evasion abilities are banned\n|rule|Species Clause: Limit one of each Pok\u00e9mon\n|rule|Gravity Sleep Clause: The combination of sleep-inducing moves with imperfect accuracy and Gravity or Gigantamax Orbeetle are banned\n|clearpoke\n|poke|p1|Sinistcha-Masterpiece|\n|poke|p1|Diancie|\n|poke|p1|Okidogi, M|\n|poke|p1|Ursaluna-Bloodmoon, M|\n|poke|p1|Volcanion|\n|poke|p1|Golisopod, M|\n|poke|p2|Zamazenta-*|\n|poke|p2|Flutter Mane|\n|poke|p2|Thundurus, M|\n|poke|p2|Farigiraf, M|\n|poke|p2|Heatran, M|\n|poke|p2|Toxapex, F|\n|teampreview\n|inactive|Battle timer is ON: inactive players will automatically lose when time's up. (requested by Denvah_17)\n|\n|t:|1697487154\n|start\n|switch|p1a: Rihanna|Diancie, shiny|100\/100\n|switch|p1b: Freddy Fazbear|Ursaluna-Bloodmoon, M|100\/100\n|switch|p2a: Heatran|Heatran, M, shiny|100\/100\n|switch|p2b: Zamazenta|Zamazenta|100\/100\n|-ability|p2b: Zamazenta|Dauntless Shield|boost\n|-boost|p2b: Zamazenta|def|1\n|turn|1\n|\n|t:|1697487167\n|-terastallize|p2a: Heatran|Grass\n|-zpower|p2b: Zamazenta\n|move|p2b: Zamazenta|All-Out Pummeling|p1b: Freddy Fazbear|[zeffect]\n|-supereffective|p1b: Freddy Fazbear\n|-damage|p1b: Freddy Fazbear|0 fnt\n|faint|p1b: Freddy Fazbear\n|move|p2a: Heatran|Flash Cannon|p1a: Rihanna\n|-supereffective|p1a: Rihanna\n|-damage|p1a: Rihanna|0 fnt\n|faint|p1a: Rihanna\n|\n|upkeep\n|\n|t:|1697487188\n|switch|p1b: Careless Whisper|Volcanion|100\/100\n|switch|p1a: Goliath|Golisopod, M|100\/100\n|turn|2\n|\n|t:|1697487197\n|move|p2a: Heatran|Protect|p2a: Heatran\n|-singleturn|p2a: Heatran|Protect\n|move|p1a: Goliath|First Impression|p2a: Heatran\n|-activate|p2a: Heatran|move: Protect\n|move|p2b: Zamazenta|Wild Charge|p1a: Goliath\n|-supereffective|p1a: Goliath\n|-damage|p1a: Goliath|56\/100\n|-damage|p2b: Zamazenta|88\/100|[from] Recoil\n|move|p1b: Careless Whisper|Steam Eruption|p2b: Zamazenta\n|-damage|p2b: Zamazenta|28\/100\n|\n|upkeep\n|turn|3\n|\n|t:|1697487215\n|switch|p2a: Thundurus|Thundurus, M|100\/100\n|switch|p1b: Zombie Dust|Okidogi, M|100\/100\n|move|p1a: Goliath|Aqua Jet|p2b: Zamazenta\n|-damage|p2b: Zamazenta|8\/100\n|-damage|p1a: Goliath|47\/100|[from] item: Life Orb\n|-activate|p1a: Goliath|ability: Emergency Exit\n|\n|t:|1697487229\n|switch|p1a: Grass Latte|Sinistcha-Masterpiece|100\/100\n|move|p2b: Zamazenta|Wild Charge|p1a: Grass Latte\n|-resisted|p1a: Grass Latte\n|-damage|p1a: Grass Latte|87\/100\n|-damage|p2b: Zamazenta|5\/100|[from] Recoil\n|\n|upkeep\n|turn|4\n|\n|t:|1697487254\n|move|p2b: Zamazenta|Ice Fang|p1a: Grass Latte\n|-supereffective|p1a: Grass Latte\n|-damage|p1a: Grass Latte|45\/100\n|-enditem|p1a: Grass Latte|Weakness Policy\n|-boost|p1a: Grass Latte|atk|2|[from] item: Weakness Policy\n|-boost|p1a: Grass Latte|spa|2|[from] item: Weakness Policy\n|move|p2a: Thundurus|Wildbolt Storm|p1a: Grass Latte|[spread] p1b\n|-miss|p2a: Thundurus|p1a: Grass Latte\n|-damage|p1b: Zombie Dust|72\/100\n|-status|p1b: Zombie Dust|par\n|move|p1a: Grass Latte|Calm Mind|p1a: Grass Latte\n|-boost|p1a: Grass Latte|spa|1\n|-boost|p1a: Grass Latte|spd|1\n|move|p1b: Zombie Dust|Gunk Shot|p2a: Thundurus\n|-damage|p2a: Thundurus|5\/100\n|\n|upkeep\n|turn|5\n|\n|t:|1697487277\n|move|p2b: Zamazenta|Ice Fang|p1a: Grass Latte|[miss]\n|-miss|p2b: Zamazenta|p1a: Grass Latte\n|move|p2a: Thundurus|Wildbolt Storm|p1b: Zombie Dust|[spread] p1a,p1b\n|-resisted|p1a: Grass Latte\n|-damage|p1a: Grass Latte|31\/100\n|-damage|p1b: Zombie Dust|44\/100 par\n|move|p1a: Grass Latte|Strength Sap|p1b: Zombie Dust\n|-unboost|p1b: Zombie Dust|atk|1\n|-heal|p1a: Grass Latte|100\/100\n|move|p1b: Zombie Dust|Drain Punch|p2b: Zamazenta\n|-damage|p2b: Zamazenta|0 fnt\n|-heal|p1b: Zombie Dust|46\/100 par|[from] drain|[of] p2b: Zamazenta\n|faint|p2b: Zamazenta\n|\n|upkeep\n|\n|t:|1697487288\n|switch|p2b: Heatran|Heatran, M, shiny, tera:Grass|100\/100\n|turn|6\n|\n|t:|1697487300\n|-terastallize|p1a: Grass Latte|Grass\n|move|p2a: Thundurus|Taunt|p1a: Grass Latte\n|-start|p1a: Grass Latte|move: Taunt\n|move|p2b: Heatran|Heat Wave|p1b: Zombie Dust|[spread] p1a,p1b\n|-supereffective|p1a: Grass Latte\n|-damage|p1a: Grass Latte|73\/100\n|-damage|p1b: Zombie Dust|15\/100 par\n|move|p1a: Grass Latte|Matcha Gotcha|p2b: Heatran|[spread] p2a,p2b\n|-resisted|p2a: Thundurus\n|-resisted|p2b: Heatran\n|-damage|p2a: Thundurus|0 fnt\n|-heal|p1a: Grass Latte|75\/100|[from] drain|[of] p2a: Thundurus\n|-damage|p2b: Heatran|65\/100\n|-heal|p1a: Grass Latte|99\/100|[from] drain|[of] p2b: Heatran\n|faint|p2a: Thundurus\n|move|p1b: Zombie Dust|Gunk Shot|p2b: Heatran\n|-supereffective|p2b: Heatran\n|-damage|p2b: Heatran|0 fnt\n|faint|p2b: Heatran\n|\n|upkeep\n|\n|t:|1697487312\n|switch|p2a: Toxapex|Toxapex, F|100\/100\n|switch|p2b: Flutter Mane|Flutter Mane|100\/100\n|turn|7\n|\n|t:|1697487325\n|move|p2b: Flutter Mane|Protect|p2b: Flutter Mane\n|-singleturn|p2b: Flutter Mane|Protect\n|move|p1a: Grass Latte|Matcha Gotcha|p2a: Toxapex|[spread] \n|-activate|p2b: Flutter Mane|move: Protect\n|-miss|p1a: Grass Latte|p2a: Toxapex\n|move|p1b: Zombie Dust|Knock Off|p2b: Flutter Mane\n|-activate|p2b: Flutter Mane|move: Protect\n|move|p2a: Toxapex|Haze|p2a: Toxapex\n|-clearallboost\n|\n|upkeep\n|turn|8\n|\n|t:|1697487338\n|move|p2b: Flutter Mane|Mystical Fire|p1a: Grass Latte\n|-supereffective|p1a: Grass Latte\n|-damage|p1a: Grass Latte|62\/100\n|-unboost|p1a: Grass Latte|spa|1\n|move|p1a: Grass Latte|Matcha Gotcha|p2b: Flutter Mane|[spread] p2a,p2b\n|-damage|p2a: Toxapex|82\/100\n|-heal|p1a: Grass Latte|72\/100|[from] drain|[of] p2a: Toxapex\n|-damage|p2b: Flutter Mane|76\/100\n|-heal|p1a: Grass Latte|83\/100|[from] drain|[of] p2b: Flutter Mane\n|-status|p2a: Toxapex|brn\n|cant|p1b: Zombie Dust|par\n|move|p2a: Toxapex|Scald|p1b: Zombie Dust\n|-damage|p1b: Zombie Dust|3\/100 par\n|\n|-heal|p2a: Toxapex|88\/100 brn|[from] item: Black Sludge\n|-damage|p2a: Toxapex|82\/100 brn|[from] brn\n|-end|p1a: Grass Latte|move: Taunt\n|upkeep\n|turn|9\n|\n|t:|1697487357\n|move|p2b: Flutter Mane|Mystical Fire|p1a: Grass Latte\n|-supereffective|p1a: Grass Latte\n|-damage|p1a: Grass Latte|45\/100\n|-unboost|p1a: Grass Latte|spa|1\n|move|p1a: Grass Latte|Calm Mind|p1a: Grass Latte\n|-boost|p1a: Grass Latte|spa|1\n|-boost|p1a: Grass Latte|spd|1\n|move|p1b: Zombie Dust|Gunk Shot|p2b: Flutter Mane\n|-damage|p2b: Flutter Mane|0 fnt\n|faint|p2b: Flutter Mane\n|-end|p2b: Flutter Mane|Protosynthesis|[silent]\n|move|p2a: Toxapex|Scald|p1b: Zombie Dust\n|-damage|p1b: Zombie Dust|0 fnt\n|faint|p1b: Zombie Dust\n|\n|-heal|p2a: Toxapex|88\/100 brn|[from] item: Black Sludge\n|-damage|p2a: Toxapex|82\/100 brn|[from] brn\n|upkeep\n|\n|t:|1697487376\n|switch|p2b: Farigiraf|Farigiraf, M|100\/100\n|switch|p1b: Careless Whisper|Volcanion|100\/100\n|turn|10\n|\n|t:|1697487387\n|move|p1a: Grass Latte|Strength Sap|p1b: Careless Whisper\n|-unboost|p1b: Careless Whisper|atk|1\n|-heal|p1a: Grass Latte|100\/100\n|move|p1b: Careless Whisper|Steam Eruption|p2b: Farigiraf\n|-damage|p2b: Farigiraf|52\/100\n|move|p2b: Farigiraf|Psychic|p1a: Grass Latte\n|-damage|p1a: Grass Latte|79\/100\n|-unboost|p1a: Grass Latte|spd|1\n|move|p2a: Toxapex|Haze|p2a: Toxapex\n|-clearallboost\n|\n|-heal|p2b: Farigiraf|58\/100|[from] item: Leftovers\n|-heal|p2a: Toxapex|88\/100 brn|[from] item: Black Sludge\n|-damage|p2a: Toxapex|82\/100 brn|[from] brn\n|upkeep\n|turn|11\n|-message|Endermo forfeited.\n|\n|win|Denvah_17\n|raw|Denvah_17's rating: 1470 &rarr; <strong>1487<\/strong><br \/>(+17 for winning)\n|raw|Endermo's rating: 1422 &rarr; <strong>1405<\/strong><br \/>(-17 for losing)\n|l|\u2606Endermo\n","uploadtime":1697487414,"views":5,"p1id":"denvah17","p2id":"endermo","formatid":"gen9nationaldexdoubles","rating":1405,"private":0,"password":""}