{"id":"gen9nationaldexdoubles-1983527045","p1":"Kurususilver11","p2":"suuugg","format":"[Gen 9] National Dex Doubles","log":"|j|\u2606Kurususilver11\n|j|\u2606suuugg\n|t:|1699139785\n|gametype|doubles\n|player|p1|Kurususilver11|2|1052\n|player|p2|suuugg|102|1131\n|teamsize|p1|6\n|teamsize|p2|6\n|gen|9\n|tier|[Gen 9] National Dex Doubles\n|rated|\n|rule|HP Percentage Mod: HP is shown in percentages\n|rule|Endless Battle Clause: Forcing endless battles is banned\n|rule|OHKO Clause: OHKO moves are banned\n|rule|Evasion Moves Clause: Evasion moves are banned\n|rule|Evasion Abilities Clause: Evasion abilities are banned\n|rule|Species Clause: Limit one of each Pok\u00e9mon\n|rule|Gravity Sleep Clause: The combination of sleep-inducing moves with imperfect accuracy and Gravity or Gigantamax Orbeetle are banned\n|clearpoke\n|poke|p1|Diancie|\n|poke|p1|Eevee, F|\n|poke|p1|Flutter Mane|\n|poke|p1|Cresselia, F|\n|poke|p1|Indeedee-F, F|\n|poke|p1|Iron Bundle|\n|poke|p2|Rillaboom, F|\n|poke|p2|Empoleon, F|\n|poke|p2|Gardevoir, F|\n|poke|p2|Oranguru, F|\n|poke|p2|Ogerpon-Hearthflame, F|\n|poke|p2|Kommo-o, M|\n|teampreview\n|\n|t:|1699139796\n|start\n|switch|p1a: Eevee|Eevee, F, shiny|100\/100\n|switch|p1b: Indeedee|Indeedee-F, F, shiny|100\/100\n|switch|p2a: monke|Rillaboom, F|100\/100\n|switch|p2b: happy feet|Empoleon, F|100\/100\n|-fieldstart|move: Grassy Terrain|[from] ability: Grassy Surge|[of] p2a: monke\n|-enditem|p2a: monke|Grassy Seed\n|-boost|p2a: monke|def|1|[from] item: Grassy Seed\n|-fieldstart|move: Psychic Terrain|[from] ability: Psychic Surge|[of] p1b: Indeedee\n|turn|1\n|\n|t:|1699139811\n|move|p1b: Indeedee|Follow Me|p1b: Indeedee\n|-singleturn|p1b: Indeedee|move: Follow Me\n|move|p2a: monke|Grass Pledge|p1b: Indeedee\n|-waiting|p2a: monke|p2b: happy feet\n|move|p2b: happy feet|Water Pledge|p1b: Indeedee|[from]move: Grass Pledge\n|-combine\n|-damage|p1b: Indeedee|34\/100\n|-sidestart|p1: Kurususilver11|Grass Pledge\n|-zpower|p1a: Eevee\n|move|p1a: Eevee|Extreme Evoboost|p1a: Eevee\n|-boost|p1a: Eevee|atk|2\n|-boost|p1a: Eevee|def|2\n|-boost|p1a: Eevee|spa|2\n|-boost|p1a: Eevee|spd|2\n|-boost|p1a: Eevee|spe|2\n|\n|-heal|p1b: Indeedee|40\/100|[from] item: Leftovers\n|upkeep\n|turn|2\n|\n|t:|1699139838\n|move|p1b: Indeedee|Follow Me|p1b: Indeedee\n|-singleturn|p1b: Indeedee|move: Follow Me\n|move|p2a: monke|U-turn|p1b: Indeedee\n|-supereffective|p1b: Indeedee\n|-damage|p1b: Indeedee|0 fnt\n|faint|p1b: Indeedee\n|inactive|Battle timer is ON: inactive players will automatically lose when time's up. (requested by Kurususilver11)\n|inactive|suuugg has 120 seconds left.\n|inactive|suuugg has 90 seconds left.\n|inactive|suuugg has 60 seconds left.\n|\n|t:|1699139976\n|switch|p2a: rule victim|Gardevoir, F|100\/100|[from] U-turn\n|move|p2b: happy feet|Flip Turn|p1a: Eevee\n|-damage|p1a: Eevee|90\/100\n|\n|t:|1699139984\n|switch|p2b: other monke|Oranguru, F|100\/100|[from] Flip Turn\n|move|p1a: Eevee|Baton Pass|p1a: Eevee\n|\n|t:|1699139988\n|switch|p1a: Diancie|Diancie|100\/100|[from] Baton Pass\n|\n|upkeep\n|\n|t:|1699140001\n|switch|p1b: Flutter Mane|Flutter Mane|100\/100\n|-enditem|p1b: Flutter Mane|Booster Energy\n|-activate|p1b: Flutter Mane|ability: Protosynthesis|[fromitem]\n|-start|p1b: Flutter Mane|protosynthesisspe\n|turn|3\n|\n|t:|1699140017\n|detailschange|p2a: rule victim|Gardevoir-Mega, F\n|-mega|p2a: rule victim|Gardevoir|Gardevoirite\n|move|p1b: Flutter Mane|Protect|p1b: Flutter Mane\n|-singleturn|p1b: Flutter Mane|Protect\n|move|p1a: Diancie|Protect|p1a: Diancie\n|-singleturn|p1a: Diancie|Protect\n|move|p2a: rule victim|Hyper Voice|p1b: Flutter Mane|[spread] \n|-activate|p1a: Diancie|move: Protect\n|-activate|p1b: Flutter Mane|move: Protect\n|move|p2b: other monke|Instruct|p2a: rule victim\n|-singleturn|p2a: rule victim|move: Instruct|[of] p2b: other monke\n|move|p2a: rule victim|Hyper Voice|p1a: Diancie|[spread] \n|-activate|p1a: Diancie|move: Protect\n|-activate|p1b: Flutter Mane|move: Protect\n|\n|upkeep\n|turn|4\n|inactive|Kurususilver11 has 120 seconds left.\n|\n|t:|1699140052\n|detailschange|p1a: Diancie|Diancie-Mega\n|-mega|p1a: Diancie|Diancie|Diancite\n|move|p2a: rule victim|Hyper Voice|p1b: Flutter Mane|[spread] p1a,p1b\n|-damage|p1a: Diancie|66\/100\n|-damage|p1b: Flutter Mane|51\/100\n|move|p1a: Diancie|Diamond Storm|p2a: rule victim|[spread] p2a,p2b\n|-damage|p2a: rule victim|0 fnt\n|-damage|p2b: other monke|17\/100\n|faint|p2a: rule victim\n|move|p2b: other monke|Instruct|p2: rule victim|[notarget]\n|-fail|p2b: other monke\n|move|p1b: Flutter Mane|Shadow Ball|p2b: other monke\n|-immune|p2b: other monke\n|\n|-sideend|p1: Kurususilver11|Grass Pledge\n|upkeep\n|\n|t:|1699140067\n|switch|p2a: happy feet|Empoleon, F|100\/100\n|turn|5\n|\n|t:|1699140084\n|move|p1a: Diancie|Diamond Storm|p2b: other monke|[spread] p2a,p2b\n|-resisted|p2a: happy feet\n|-damage|p2a: happy feet|62\/100\n|-damage|p2b: other monke|0 fnt\n|-boost|p1a: Diancie|def|2\n|faint|p2b: other monke\n|move|p1b: Flutter Mane|Dazzling Gleam|p2a: happy feet\n|-resisted|p2a: happy feet\n|-damage|p2a: happy feet|42\/100\n|move|p2a: happy feet|Flash Cannon|p1a: Diancie\n|-supereffective|p1a: Diancie\n|-damage|p1a: Diancie|0 fnt\n|faint|p1a: Diancie\n|\n|-heal|p2a: happy feet|48\/100|[from] item: Leftovers\n|-fieldend|move: Psychic Terrain\n|upkeep\n|\n|t:|1699140099\n|switch|p1a: Iron Bundle|Iron Bundle|100\/100\n|switch|p2b: mike tyson|Kommo-o, M|100\/100\n|-enditem|p1a: Iron Bundle|Booster Energy\n|-activate|p1a: Iron Bundle|ability: Quark Drive|[fromitem]\n|-start|p1a: Iron Bundle|quarkdrivespe\n|turn|6\n|\n|t:|1699140115\n|-terastallize|p1b: Flutter Mane|Fairy\n|move|p1a: Iron Bundle|Freeze-Dry|p2a: happy feet\n|-damage|p2a: happy feet|14\/100\n|move|p1b: Flutter Mane|Dazzling Gleam|p2a: happy feet|[spread] p2a,p2b\n|-resisted|p2a: happy feet\n|-supereffective|p2b: mike tyson\n|-damage|p2a: happy feet|0 fnt\n|-damage|p2b: mike tyson|0 fnt\n|faint|p2a: happy feet\n|faint|p2b: mike tyson\n|\n|upkeep\n|\n|t:|1699140125\n|switch|p2b: Ogerpon|Ogerpon-Hearthflame, F|100\/100\n|switch|p2a: monke|Rillaboom, F|100\/100\n|-ability|p2b: Ogerpon|Mold Breaker\n|-fieldstart|move: Grassy Terrain|[from] ability: Grassy Surge|[of] p2a: monke\n|turn|7\n|\n|t:|1699140144\n|-terastallize|p2b: Ogerpon|Fire\n|detailschange|p2b: Ogerpon|Ogerpon-Hearthflame-Tera, F, tera:Fire\n|-ability|p2b: Ogerpon|Embody Aspect (Hearthflame)|boost\n|-boost|p2b: Ogerpon|atk|1\n|move|p2a: monke|Fake Out|p1a: Iron Bundle\n|-damage|p1a: Iron Bundle|84\/100\n|cant|p1a: Iron Bundle|flinch\n|move|p1b: Flutter Mane|Mystical Fire|p2a: monke\n|-supereffective|p2a: monke\n|-damage|p2a: monke|17\/100\n|-unboost|p2a: monke|spa|1\n|move|p2b: Ogerpon|Swords Dance|p2b: Ogerpon\n|-boost|p2b: Ogerpon|atk|2\n|\n|-heal|p1a: Iron Bundle|90\/100|[from] Grassy Terrain\n|-heal|p1b: Flutter Mane|57\/100|[from] Grassy Terrain\n|-heal|p2a: monke|23\/100|[from] Grassy Terrain\n|upkeep\n|turn|8\n|\n|t:|1699140170\n|move|p1a: Iron Bundle|Hydro Pump|p2b: Ogerpon\n|-supereffective|p2b: Ogerpon\n|-damage|p2b: Ogerpon|0 fnt\n|faint|p2b: Ogerpon\n|move|p1b: Flutter Mane|Dazzling Gleam|p2a: monke\n|-damage|p2a: monke|0 fnt\n|faint|p2a: monke\n|\n|win|Kurususilver11\n|raw|Kurususilver11's rating: 1052 &rarr; <strong>1091<\/strong><br \/>(+39 for winning)\n|raw|suuugg's rating: 1131 &rarr; <strong>1100<\/strong><br \/>(-31 for losing)\n|l|\u2606suuugg\n","uploadtime":1699140179,"views":17,"p1id":"kurususilver11","p2id":"suuugg","formatid":"gen9nationaldexdoubles","rating":1091,"private":0,"password":""}