{"id":"gen9nationaldexdoubles-1978742137","p1":"AutumnCookie","p2":"cassinidivision","format":"[Gen 9] National Dex Doubles","log":"|j|\u2606AutumnCookie\n|j|\u2606cassinidivision\n|t:|1698589651\n|gametype|doubles\n|player|p1|AutumnCookie|ortega|\n|player|p2|cassinidivision|bede|\n|teamsize|p1|5\n|teamsize|p2|6\n|gen|9\n|tier|[Gen 9] National Dex Doubles\n|rule|HP Percentage Mod: HP is shown in percentages\n|rule|Endless Battle Clause: Forcing endless battles is banned\n|rule|OHKO Clause: OHKO moves are banned\n|rule|Evasion Moves Clause: Evasion moves are banned\n|rule|Evasion Abilities Clause: Evasion abilities are banned\n|rule|Species Clause: Limit one of each Pok\u00e9mon\n|rule|Gravity Sleep Clause: The combination of sleep-inducing moves with imperfect accuracy and Gravity or Gigantamax Orbeetle are banned\n|clearpoke\n|poke|p1|Klefki, M|\n|poke|p1|Wigglytuff, M|\n|poke|p1|Hatterene, F|\n|poke|p1|Dachsbun, M|\n|poke|p1|Azumarill, F|\n|poke|p2|Rapidash-Galar, M|\n|poke|p2|Mawile, F|\n|poke|p2|Hatterene, F|\n|poke|p2|Orbeetle, M|\n|poke|p2|Reuniclus, M|\n|poke|p2|Shiinotic, F|\n|teampreview\n|c|\u2606cassinidivision|let me throw away my shrimp plate rrq\n|c|\u2606AutumnCookie|See Ortega also HAS to win the difference is that HE isn't afraid of resorting to cheap tactics in order to do so...\n|j| kpoc12\n|c| kpoc12|hi guys\n|c|\u2606AutumnCookie|Hiiii Kate\n|c| kpoc12|watching the haunting rn\n|c|\u2606AutumnCookie|Cassini will be back in a minute\n|c|\u2606AutumnCookie|Ortega is so horrible in doubles Bede is gonna kill himself...\n|c| kpoc12|LOL\n|c| kpoc12|i need to do more testing w kamiya\n|l| kpoc12\n|c|\u2606AutumnCookie|Oh bye Kate\n|j| kpoc12\n|c|\u2606AutumnCookie|Hi Kate\n|c|\u2606cassinidivision|sorry maggie pissed on the floor\n|c| kpoc12|shhhh i\u2019m on my phone\n|c|\u2606AutumnCookie|RIP\n|\n|t:|1698590072\n|start\n|switch|p1a: Klefki|Klefki, M, shiny|100\/100\n|switch|p1b: Hatterene|Hatterene, F|100\/100\n|switch|p2a: Reuniclus|Reuniclus, M|100\/100\n|switch|p2b: Rapidash|Rapidash-Galar, M|100\/100\n|turn|1\n|c|\u2606AutumnCookie|Feel free to test Kamiya against Ortega after this Kamiya could actually have a chance\n|c|\u2606AutumnCookie|I will use the future Carbink there though\n|c|\u2606cassinidivision|test him on lusamine \/silly\n|\n|t:|1698590113\n|move|p1a: Klefki|Reflect|p1a: Klefki\n|-sidestart|p1: AutumnCookie|Reflect\n|move|p2b: Rapidash|Hypnosis|p1b: Hatterene\n|move|p1b: Hatterene|Hypnosis|p2b: Rapidash|[from]ability: Magic Bounce\n|-status|p2b: Rapidash|slp|[from] move: Hypnosis\n|move|p1b: Hatterene|Calm Mind|p1b: Hatterene\n|-boost|p1b: Hatterene|spa|1\n|-boost|p1b: Hatterene|spd|1\n|move|p2a: Reuniclus|Light Screen|p2a: Reuniclus\n|-sidestart|p2: cassinidivision|move: Light Screen\n|\n|upkeep\n|turn|2\n|c|\u2606cassinidivision|damnit\n|c|\u2606cassinidivision|i wanted a miss\n|c|\u2606AutumnCookie|MAGIC BOUNCE MOMENT...\n|c|\u2606cassinidivision|no i was trying to miss\n|c|\u2606AutumnCookie|Ohhhh stomping tantrum?\n|c|\u2606cassinidivision|blunder policy\n|c|\u2606AutumnCookie|Oh right\n|c|\u2606cassinidivision|i should have done klefki though i didnt consider it hitting lmao\n|c|\u2606AutumnCookie|LOL YEAH. THIS IS JUST LETTING HATTERENE SET UP WHICH IS GONNA PISS BEDE OFF...\n|\n|t:|1698590183\n|move|p1a: Klefki|Reflect||[still]\n|-fail|p1a: Klefki\n|cant|p2b: Rapidash|slp\n|move|p1b: Hatterene|Calm Mind|p1b: Hatterene\n|-boost|p1b: Hatterene|spa|1\n|-boost|p1b: Hatterene|spd|1\n|move|p2a: Reuniclus|Reflect|p2a: Reuniclus\n|-sidestart|p2: cassinidivision|Reflect\n|\n|upkeep\n|turn|3\n|c|\u2606AutumnCookie|Misclick\n|c|\u2606cassinidivision|rapidash could wake up. wake up rapidash!\n|\n|t:|1698590201\n|move|p1a: Klefki|Light Screen|p1a: Klefki\n|-sidestart|p1: AutumnCookie|move: Light Screen\n|cant|p2b: Rapidash|slp\n|move|p1b: Hatterene|Calm Mind|p1b: Hatterene\n|-boost|p1b: Hatterene|spa|1\n|-boost|p1b: Hatterene|spd|1\n|move|p2a: Reuniclus|Psychic|p1b: Hatterene\n|-resisted|p1b: Hatterene\n|-damage|p1b: Hatterene|95\/100\n|\n|-heal|p1b: Hatterene|100\/100|[from] item: Leftovers\n|upkeep\n|turn|4\n|c|\u2606cassinidivision|wake up rapidash!\n|c|\u2606AutumnCookie|Bede is getting SO mad about this Hatterene I know it...\n|\n|t:|1698590242\n|move|p1a: Klefki|Spikes|p2a: Reuniclus\n|-sidestart|p2: cassinidivision|Spikes\n|cant|p2b: Rapidash|slp\n|move|p1b: Hatterene|Calm Mind|p1b: Hatterene\n|-boost|p1b: Hatterene|spa|1\n|-boost|p1b: Hatterene|spd|1\n|move|p2a: Reuniclus|Psychic|p1a: Klefki\n|-resisted|p1a: Klefki\n|-damage|p1a: Klefki|84\/100\n|\n|upkeep\n|turn|5\n|c|\u2606cassinidivision|wake up rapidash!\n|\n|t:|1698590255\n|move|p1a: Klefki|Spikes|p2a: Reuniclus\n|-sidestart|p2: cassinidivision|Spikes\n|-curestatus|p2b: Rapidash|slp|[msg]\n|move|p2b: Rapidash|Swords Dance|p2b: Rapidash\n|-boost|p2b: Rapidash|atk|2\n|move|p1b: Hatterene|Calm Mind|p1b: Hatterene\n|-boost|p1b: Hatterene|spa|1\n|-boost|p1b: Hatterene|spd|1\n|move|p2a: Reuniclus|Psychic|p1a: Klefki\n|-resisted|p1a: Klefki\n|-damage|p1a: Klefki|70\/100\n|\n|-sideend|p2: cassinidivision|move: Light Screen\n|upkeep\n|turn|6\n|c| kpoc12|is it joever\n|c|\u2606cassinidivision|not necessarily\n|\n|t:|1698590281\n|move|p1a: Klefki|Spikes|p2a: Reuniclus\n|-sidestart|p2: cassinidivision|Spikes\n|move|p2b: Rapidash|Smart Strike|p1b: Hatterene\n|-supereffective|p1b: Hatterene\n|-damage|p1b: Hatterene|39\/100\n|move|p1b: Hatterene|Draining Kiss|p2b: Rapidash\n|-damage|p2b: Rapidash|0 fnt\n|-heal|p1b: Hatterene|100\/100|[from] drain|[of] p2b: Rapidash\n|faint|p2b: Rapidash\n|move|p2a: Reuniclus|Psychic|p1a: Klefki\n|-resisted|p1a: Klefki\n|-damage|p1a: Klefki|56\/100\n|\n|-sideend|p2: cassinidivision|Reflect\n|upkeep\n|c|\u2606cassinidivision|i might want a rematch tho bc of that misplay of mine\n|c| kpoc12|OOOHHH\n|\n|t:|1698590291\n|switch|p2b: Mawile|Mawile, F|100\/100\n|-damage|p2b: Mawile|76\/100|[from] Spikes\n|-ability|p2b: Mawile|Intimidate|boost\n|-unboost|p1a: Klefki|atk|1\n|-unboost|p1b: Hatterene|atk|1\n|turn|7\n|c|\u2606cassinidivision|yeah.\n|c|\u2606AutumnCookie|FAIR\n|c| kpoc12|\u00d6\n|c|\u2606AutumnCookie|This Hatterene is awful.\n|c|\u2606AutumnCookie|Horrible thang.\n|c|\u2606cassinidivision|however mawile can prrrrobably get it?\n|c|\u2606cassinidivision|if i roll good\n|c|\u2606cassinidivision|mawile can be so scary bede NEEDS a keystone some day\n|\n|t:|1698590340\n|switch|p1a: Azumarill|Azumarill, F|100\/100\n|move|p2b: Mawile|Iron Head|p1b: Hatterene\n|-supereffective|p1b: Hatterene\n|-damage|p1b: Hatterene|24\/100\n|move|p1b: Hatterene|Stored Power|p2b: Mawile\n|-resisted|p2b: Mawile\n|-damage|p2b: Mawile|0 fnt\n|faint|p2b: Mawile\n|move|p2a: Reuniclus|Psychic|p1a: Azumarill\n|-damage|p1a: Azumarill|76\/100\n|\n|-heal|p1b: Hatterene|30\/100|[from] item: Leftovers\n|upkeep\n|\n|t:|1698590348\n|switch|p2b: Orbeetle|Orbeetle, M|100\/100\n|-damage|p2b: Orbeetle|75\/100|[from] Spikes\n|-item|p1a: Azumarill|Sitrus Berry|[from] ability: Frisk|[of] p2b: Orbeetle|[identify]\n|-item|p1b: Hatterene|Leftovers|[from] ability: Frisk|[of] p2b: Orbeetle|[identify]\n|turn|8\n|c|\u2606AutumnCookie|NO CRIT THANK GOD\n|c| kpoc12|giovanni will get him one. sorry my boyfriend abused you <3\n|c|\u2606cassinidivision|HELP\n|c|\u2606cassinidivision|hed take it\n|\n|t:|1698590365\n|move|p2b: Orbeetle|Bug Buzz|p1b: Hatterene\n|-damage|p1b: Hatterene|24\/100\n|move|p1a: Azumarill|Belly Drum|p1a: Azumarill\n|-damage|p1a: Azumarill|26\/100\n|-setboost|p1a: Azumarill|atk|6|[from] move: Belly Drum\n|-enditem|p1a: Azumarill|Sitrus Berry|[eat]\n|-heal|p1a: Azumarill|51\/100|[from] item: Sitrus Berry\n|move|p1b: Hatterene|Draining Kiss|p2a: Reuniclus\n|-damage|p2a: Reuniclus|37\/100\n|-heal|p1b: Hatterene|87\/100|[from] drain|[of] p2a: Reuniclus\n|move|p2a: Reuniclus|Psychic|p1b: Hatterene\n|-resisted|p1b: Hatterene\n|-damage|p1b: Hatterene|83\/100\n|\n|-heal|p2b: Orbeetle|82\/100|[from] item: Leftovers\n|-heal|p1b: Hatterene|89\/100|[from] item: Leftovers\n|-sideend|p1: AutumnCookie|Reflect\n|upkeep\n|turn|9\n|c|\u2606AutumnCookie|AND Ortega totally would get him a Tera Orb at some point...\n|c|\u2606cassinidivision|tera steel rapidash...\n|\n|t:|1698590427\n|move|p1a: Azumarill|Aqua Jet|p2b: Orbeetle\n|-damage|p2b: Orbeetle|0 fnt\n|faint|p2b: Orbeetle\n|move|p1b: Hatterene|Draining Kiss|p2a: Reuniclus\n|-damage|p2a: Reuniclus|0 fnt\n|-heal|p1b: Hatterene|100\/100|[from] drain|[of] p2a: Reuniclus\n|faint|p2a: Reuniclus\n|\n|upkeep\n|\n|t:|1698590436\n|switch|p2b: Hatterene|Hatterene, F|100\/100\n|switch|p2a: Shiinotic|Shiinotic, F|100\/100\n|-damage|p2a: Shiinotic|75\/100|[from] Spikes\n|-damage|p2b: Hatterene|76\/100|[from] Spikes\n|turn|10\n|\n|t:|1698590461\n|move|p2b: Hatterene|Helping Hand|p2a: Shiinotic\n|-singleturn|p2a: Shiinotic|Helping Hand|[of] p2b: Hatterene\n|move|p1a: Azumarill|Aqua Jet|p2b: Hatterene\n|-damage|p2b: Hatterene|0 fnt\n|faint|p2b: Hatterene\n|move|p2a: Shiinotic|Giga Drain|p1a: Azumarill\n|-supereffective|p1a: Azumarill\n|-damage|p1a: Azumarill|5\/100\n|-heal|p2a: Shiinotic|100\/100|[from] drain|[of] p1a: Azumarill\n|move|p1b: Hatterene|Mystical Fire|p2a: Shiinotic\n|-supereffective|p2a: Shiinotic\n|-damage|p2a: Shiinotic|0 fnt\n|faint|p2a: Shiinotic\n|\n|win|AutumnCookie\n|c| kpoc12|jfc\n|c| kpoc12|that azu\n|c|\u2606cassinidivision|okay yeah i want a rematch i fucked up\n|c|\u2606cassinidivision|yeah its\n|c|\u2606AutumnCookie|God. Not even a single Pokemon down. Bede is gonna be so upset.\n|c|\u2606AutumnCookie|I can't blame him\n|c|\u2606AutumnCookie|YEAH\n|l| kpoc12\n|c|\u2606cassinidivision|bto is going AGAIN. NOW.\n|c|\u2606cassinidivision|bro\n|l|\u2606cassinidivision\n|c|\u2606AutumnCookie|REAL\n|l|\u2606AutumnCookie\n|j|\u2606AutumnCookie\n|player|p1|AutumnCookie|ortega\n","uploadtime":1698590620,"views":8,"p1id":"autumncookie","p2id":"cassinidivision","formatid":"gen9nationaldexdoubles","rating":0,"private":0,"password":""}