{"id":"gen9nationaldexdoubles-1996320542","p1":"Guufii Guubaa","p2":"hasegawa_shigure","format":"[Gen 9] National Dex Doubles","log":"|j|\u2606Guufii Guubaa\n|j|\u2606hasegawa_shigure\n|t:|1700670866\n|gametype|doubles\n|player|p1|Guufii Guubaa|youngster-gen4dp|\n|player|p2|hasegawa_shigure|backersf|\n|teamsize|p1|6\n|teamsize|p2|6\n|gen|9\n|tier|[Gen 9] National Dex Doubles\n|rule|HP Percentage Mod: HP is shown in percentages\n|rule|Endless Battle Clause: Forcing endless battles is banned\n|rule|OHKO Clause: OHKO moves are banned\n|rule|Evasion Moves Clause: Evasion moves are banned\n|rule|Evasion Abilities Clause: Evasion abilities are banned\n|rule|Species Clause: Limit one of each Pok\u00e9mon\n|rule|Gravity Sleep Clause: The combination of sleep-inducing moves with imperfect accuracy and Gravity or Gigantamax Orbeetle are banned\n|clearpoke\n|poke|p1|Whimsicott, M|\n|poke|p1|Indeedee, M|\n|poke|p1|Alakazam, M|\n|poke|p1|Weezing-Galar, M|\n|poke|p1|Tapu Lele|\n|poke|p1|Palafin, F|\n|poke|p2|Bibarel, F|\n|poke|p2|Gothitelle, F|\n|poke|p2|Garganacl, F|\n|poke|p2|Hitmontop, M|\n|poke|p2|Florges, F|\n|poke|p2|Latias, F|\n|teampreview\n|\n|t:|1700670897\n|start\n|switch|p1a: Whimsicott|Whimsicott, M|100\/100\n|switch|p1b: Palafin|Palafin, F|100\/100\n|switch|p2a: Bibarel|Bibarel, F|100\/100\n|switch|p2b: Gothitelle|Gothitelle, F, shiny|100\/100\n|turn|1\n|\n|t:|1700670915\n|move|p1a: Whimsicott|Taunt|p2b: Gothitelle\n|-start|p2b: Gothitelle|move: Taunt\n|move|p1b: Palafin|Flip Turn|p2b: Gothitelle\n|-damage|p2b: Gothitelle|66\/100\n|\n|t:|1700670940\n|detailschange|p1b: Palafin|Palafin-Hero, F\n|switch|p1b: Weezing|Weezing-Galar, M|100\/100|[from] Flip Turn\n|-ability|p1b: Weezing|Neutralizing Gas\n|move|p2a: Bibarel|Stealth Rock|p1b: Weezing\n|-sidestart|p1: Guufii Guubaa|move: Stealth Rock\n|move|p2b: Gothitelle|Energy Ball|p1b: Weezing\n|-resisted|p1b: Weezing\n|-damage|p1b: Weezing|74\/100\n|-damage|p2b: Gothitelle|56\/100|[from] item: Life Orb\n|\n|-heal|p1b: Weezing|80\/100|[from] item: Black Sludge\n|upkeep\n|turn|2\n|\n|t:|1700670958\n|move|p2a: Bibarel|Protect|p2a: Bibarel\n|-singleturn|p2a: Bibarel|Protect\n|move|p2b: Gothitelle|Expanding Force|p1b: Weezing\n|-supereffective|p1b: Weezing\n|-damage|p1b: Weezing|0 fnt\n|faint|p1b: Weezing\n|-end|p1b: Weezing|ability: Neutralizing Gas\n|-damage|p2b: Gothitelle|47\/100|[from] item: Life Orb\n|move|p1a: Whimsicott|Knock Off|p2b: Gothitelle\n|-supereffective|p2b: Gothitelle\n|-damage|p2b: Gothitelle|4\/100\n|-enditem|p2b: Gothitelle|Life Orb|[from] move: Knock Off|[of] p1a: Whimsicott\n|\n|upkeep\n|\n|t:|1700671002\n|switch|p1b: Palafin|Palafin-Hero, F|100\/100\n|-damage|p1b: Palafin|88\/100|[from] Stealth Rock\n|-activate|p1b: Palafin|ability: Zero to Hero\n|turn|3\n|\n|t:|1700671017\n|move|p1a: Whimsicott|Tailwind|p1a: Whimsicott\n|-sidestart|p1: Guufii Guubaa|move: Tailwind\n|move|p1b: Palafin|Flip Turn|p2b: Gothitelle\n|-damage|p2b: Gothitelle|0 fnt\n|faint|p2b: Gothitelle\n|\n|t:|1700671038\n|switch|p1b: Tapu Lele|Tapu Lele|100\/100|[from] Flip Turn\n|-damage|p1b: Tapu Lele|88\/100|[from] Stealth Rock\n|-fieldstart|move: Psychic Terrain|[from] ability: Psychic Surge|[of] p1b: Tapu Lele\n|move|p2a: Bibarel|Yawn|p1b: Tapu Lele\n|-start|p1b: Tapu Lele|move: Yawn|[of] p2a: Bibarel\n|\n|upkeep\n|\n|t:|1700671050\n|switch|p2b: Hitmontop|Hitmontop, M|100\/100\n|-ability|p2b: Hitmontop|Intimidate|boost\n|-unboost|p1a: Whimsicott|atk|1\n|-unboost|p1b: Tapu Lele|atk|1\n|turn|4\n|\n|t:|1700671075\n|switch|p1a: Palafin|Palafin-Hero, F|88\/100\n|-damage|p1a: Palafin|76\/100|[from] Stealth Rock\n|move|p2a: Bibarel|Protect|p2a: Bibarel\n|-singleturn|p2a: Bibarel|Protect\n|move|p1b: Tapu Lele|Reflect|p1b: Tapu Lele\n|-sidestart|p1: Guufii Guubaa|Reflect\n|move|p2b: Hitmontop|Close Combat|p1b: Tapu Lele\n|-resisted|p1b: Tapu Lele\n|-damage|p1b: Tapu Lele|75\/100\n|-unboost|p2b: Hitmontop|def|1\n|-unboost|p2b: Hitmontop|spd|1\n|\n|-end|p1b: Tapu Lele|move: Yawn|[silent]\n|-status|p1b: Tapu Lele|slp\n|upkeep\n|turn|5\n|\n|t:|1700671130\n|switch|p2b: Latias|Latias, F|100\/100\n|move|p1a: Palafin|Close Combat|p2a: Bibarel\n|-supereffective|p2a: Bibarel\n|-enditem|p2a: Bibarel|Focus Sash\n|-damage|p2a: Bibarel|1\/100\n|-unboost|p1a: Palafin|def|1\n|-unboost|p1a: Palafin|spd|1\n|cant|p1b: Tapu Lele|slp\n|move|p2a: Bibarel|Yawn|p1a: Palafin\n|-start|p1a: Palafin|move: Yawn|[of] p2a: Bibarel\n|\n|upkeep\n|turn|6\n|\n|t:|1700671170\n|switch|p1a: Whimsicott|Whimsicott, M|100\/100\n|-damage|p1a: Whimsicott|88\/100|[from] Stealth Rock\n|detailschange|p2b: Latias|Latias-Mega, F\n|-mega|p2b: Latias|Latias|Latiasite\n|move|p2a: Bibarel|Protect|p2a: Bibarel\n|-singleturn|p2a: Bibarel|Protect\n|cant|p1b: Tapu Lele|slp\n|move|p2b: Latias|Dragon Pulse|p1a: Whimsicott\n|-immune|p1a: Whimsicott\n|\n|-sideend|p1: Guufii Guubaa|move: Tailwind\n|upkeep\n|turn|7\n|\n|t:|1700671191\n|move|p1a: Whimsicott|Tailwind|p1a: Whimsicott\n|-sidestart|p1: Guufii Guubaa|move: Tailwind\n|cant|p1b: Tapu Lele|slp\n|move|p2b: Latias|Air Slash|p1a: Whimsicott\n|-supereffective|p1a: Whimsicott\n|-damage|p1a: Whimsicott|1\/100\n|move|p2a: Bibarel|Curse|p2a: Bibarel\n|-unboost|p2a: Bibarel|spe|1\n|-boost|p2a: Bibarel|atk|1\n|-boost|p2a: Bibarel|def|1\n|\n|-fieldend|move: Psychic Terrain\n|upkeep\n|turn|8\n|\n|t:|1700671217\n|move|p2a: Bibarel|Protect|p2a: Bibarel\n|-singleturn|p2a: Bibarel|Protect\n|-curestatus|p1b: Tapu Lele|slp|[msg]\n|move|p1b: Tapu Lele|Light Screen|p1b: Tapu Lele\n|-sidestart|p1: Guufii Guubaa|move: Light Screen\n|move|p2b: Latias|Mystical Fire|p1a: Whimsicott\n|-supereffective|p1a: Whimsicott\n|-damage|p1a: Whimsicott|0 fnt\n|faint|p1a: Whimsicott\n|\n|upkeep\n|\n|t:|1700671225\n|switch|p1a: Palafin|Palafin-Hero, F|76\/100\n|-damage|p1a: Palafin|64\/100|[from] Stealth Rock\n|turn|9\n|\n|t:|1700671237\n|switch|p2b: Florges|Florges, F|100\/100\n|move|p1a: Palafin|Wave Crash|p2b: Florges\n|-damage|p2b: Florges|0 fnt\n|faint|p2b: Florges\n|-damage|p1a: Palafin|29\/100|[from] Recoil\n|move|p1b: Tapu Lele|Psychic|p2a: Bibarel\n|-damage|p2a: Bibarel|0 fnt\n|faint|p2a: Bibarel\n|\n|upkeep\n|\n|t:|1700671248\n|switch|p2a: Garganacl|Garganacl, F, shiny|100\/100\n|switch|p2b: Hitmontop|Hitmontop, M|100\/100\n|-ability|p2b: Hitmontop|Intimidate|boost\n|-unboost|p1a: Palafin|atk|1\n|-unboost|p1b: Tapu Lele|atk|1\n|turn|10\n|\n|t:|1700671260\n|move|p2b: Hitmontop|Fake Out|p1a: Palafin\n|-damage|p1a: Palafin|21\/100\n|cant|p1a: Palafin|flinch\n|move|p1b: Tapu Lele|Moonblast|p2b: Hitmontop\n|-supereffective|p2b: Hitmontop\n|-damage|p2b: Hitmontop|3\/100\n|-unboost|p2b: Hitmontop|spa|1\n|-enditem|p2b: Hitmontop|Sitrus Berry|[eat]\n|-heal|p2b: Hitmontop|28\/100|[from] item: Sitrus Berry\n|move|p2a: Garganacl|Earthquake|p1a: Palafin|[spread] p2b,p1a,p1b\n|-damage|p2b: Hitmontop|0 fnt\n|-damage|p1a: Palafin|0 fnt\n|-damage|p1b: Tapu Lele|38\/100\n|faint|p2b: Hitmontop\n|faint|p1a: Palafin\n|\n|-sideend|p1: Guufii Guubaa|move: Tailwind\n|upkeep\n|\n|t:|1700671276\n|switch|p1a: Alakazam|Alakazam, M|100\/100\n|switch|p2b: Latias|Latias-Mega, F|100\/100\n|-damage|p1a: Alakazam|88\/100|[from] Stealth Rock\n|turn|11\n|\n|t:|1700671292\n|detailschange|p1a: Alakazam|Alakazam-Mega, M\n|-mega|p1a: Alakazam|Alakazam|Alakazite\n|-ability|p1a: Alakazam|Levitate|[from] ability: Trace|[of] p2b: Latias\n|-terastallize|p2a: Garganacl|Rock\n|move|p1a: Alakazam|Dazzling Gleam|p2b: Latias|[spread] p2a,p2b\n|-supereffective|p2b: Latias\n|-damage|p2a: Garganacl|78\/100\n|-damage|p2b: Latias|61\/100\n|move|p2b: Latias|Dragon Pulse|p1a: Alakazam\n|-damage|p1a: Alakazam|46\/100\n|move|p1b: Tapu Lele|Moonblast|p2b: Latias\n|-supereffective|p2b: Latias\n|-damage|p2b: Latias|0 fnt\n|faint|p2b: Latias\n|move|p2a: Garganacl|Earthquake|p1b: Tapu Lele|[spread] p1b\n|-immune|p1a: Alakazam|[from] ability: Levitate\n|-damage|p1b: Tapu Lele|4\/100\n|\n|-sideend|p1: Guufii Guubaa|Reflect\n|upkeep\n|turn|12\n|\n|t:|1700671311\n|move|p1a: Alakazam|Expanding Force|p2a: Garganacl\n|-damage|p2a: Garganacl|30\/100\n|move|p1b: Tapu Lele|Moonblast|p2a: Garganacl\n|-damage|p2a: Garganacl|0 fnt\n|faint|p2a: Garganacl\n|\n|win|Guufii Guubaa\n","uploadtime":1700671320,"views":0,"p1id":"guufiiguubaa","p2id":"hasegawashigure","formatid":"gen9nationaldexdoubles","rating":0,"private":0,"password":""}