{"id":"gen9nationaldexdoubles-1966785214","p1":"Tuba_Archmage","p2":"MadFarter4Life","format":"[Gen 9] National Dex Doubles","log":"|j|\u2606Tuba_Archmage\n|j|\u2606MadFarter4Life\n|t:|1697221620\n|gametype|doubles\n|player|p1|Tuba_Archmage|cynthia-gen4|1089\n|player|p2|MadFarter4Life|101|1045\n|teamsize|p1|6\n|teamsize|p2|6\n|gen|9\n|tier|[Gen 9] National Dex Doubles\n|rated|\n|rule|HP Percentage Mod: HP is shown in percentages\n|rule|Endless Battle Clause: Forcing endless battles is banned\n|rule|OHKO Clause: OHKO moves are banned\n|rule|Evasion Moves Clause: Evasion moves are banned\n|rule|Evasion Abilities Clause: Evasion abilities are banned\n|rule|Species Clause: Limit one of each Pok\u00e9mon\n|rule|Gravity Sleep Clause: The combination of sleep-inducing moves with imperfect accuracy and Gravity or Gigantamax Orbeetle are banned\n|clearpoke\n|poke|p1|Garchomp, M|\n|poke|p1|Volcarona, F|\n|poke|p1|Oricorio-Pom-Pom, M|\n|poke|p1|Regidrago|\n|poke|p1|Tornadus, M|\n|poke|p1|Jirachi|\n|poke|p2|Clefable, F|\n|poke|p2|Blissey, F|\n|poke|p2|Greninja-*, M|\n|poke|p2|Iron Moth|\n|poke|p2|Indeedee-F, F|\n|poke|p2|Espeon, M|\n|teampreview\n|inactive|Battle timer is ON: inactive players will automatically lose when time's up. (requested by Tuba_Archmage)\n|\n|t:|1697221634\n|start\n|switch|p1a: Get yo ass ready|Tornadus, M|100\/100\n|switch|p1b: BONK|Regidrago|100\/100\n|switch|p2a: Blissey|Blissey, F|100\/100\n|switch|p2b: Clefable|Clefable, F|100\/100\n|turn|1\n|\n|t:|1697221662\n|-terastallize|p1b: BONK|Dragon\n|move|p1a: Get yo ass ready|Tailwind|p1a: Get yo ass ready\n|-sidestart|p1: Tuba_Archmage|move: Tailwind\n|move|p1b: BONK|Dragon Energy|p2b: Clefable|[spread] p2a\n|-immune|p2b: Clefable\n|-damage|p2a: Blissey|49\/100\n|move|p2b: Clefable|Light Screen|p2b: Clefable\n|-sidestart|p2: MadFarter4Life|move: Light Screen\n|move|p2a: Blissey|Toxic|p1b: BONK|[miss]\n|-miss|p2a: Blissey|p1b: BONK\n|\n|-heal|p2a: Blissey|55\/100|[from] item: Leftovers\n|upkeep\n|turn|2\n|\n|t:|1697221680\n|move|p1a: Get yo ass ready|Bleakwind Storm|p2b: Clefable|[spread] p2a,p2b\n|-damage|p2a: Blissey|46\/100\n|-damage|p2b: Clefable|77\/100\n|move|p1b: BONK|Dragon Energy|p2a: Blissey|[spread] p2a\n|-immune|p2b: Clefable\n|-damage|p2a: Blissey|12\/100\n|move|p2b: Clefable|Moonblast|p1b: BONK\n|-supereffective|p1b: BONK\n|-damage|p1b: BONK|27\/100\n|-unboost|p1b: BONK|spa|1\n|move|p2a: Blissey|Soft-Boiled|p2a: Blissey\n|-heal|p2a: Blissey|62\/100\n|\n|-heal|p2a: Blissey|68\/100|[from] item: Leftovers\n|upkeep\n|turn|3\n|\n|t:|1697221708\n|switch|p1b: Genie|Jirachi|100\/100\n|move|p1a: Get yo ass ready|Bleakwind Storm|p2a: Blissey|[spread] p2a,p2b\n|-damage|p2a: Blissey|60\/100\n|-damage|p2b: Clefable|53\/100\n|move|p2b: Clefable|Moonblast|p1b: Genie\n|-resisted|p1b: Genie\n|-damage|p1b: Genie|87\/100\n|-unboost|p1b: Genie|spa|1\n|move|p2a: Blissey|Soft-Boiled|p2a: Blissey\n|-heal|p2a: Blissey|100\/100\n|\n|upkeep\n|turn|4\n|\n|t:|1697221730\n|move|p1a: Get yo ass ready|Bleakwind Storm|p2b: Clefable|[spread] p2a,p2b\n|-damage|p2a: Blissey|92\/100\n|-damage|p2b: Clefable|32\/100\n|move|p1b: Genie|Future Sight|p2b: Clefable\n|-start|p1b: Genie|move: Future Sight\n|move|p2b: Clefable|Soft-Boiled|p2b: Clefable\n|-heal|p2b: Clefable|82\/100\n|move|p2a: Blissey|Charge Beam|p1a: Get yo ass ready\n|-supereffective|p1a: Get yo ass ready\n|-damage|p1a: Get yo ass ready|78\/100\n|-boost|p2a: Blissey|spa|1\n|\n|-heal|p2a: Blissey|98\/100|[from] item: Leftovers\n|-sideend|p1: Tuba_Archmage|move: Tailwind\n|upkeep\n|turn|5\n|\n|t:|1697221751\n|move|p1a: Get yo ass ready|Bleakwind Storm|p2b: Clefable|[spread] p2a,p2b\n|-crit|p2a: Blissey\n|-damage|p2a: Blissey|79\/100\n|-damage|p2b: Clefable|57\/100\n|-unboost|p2b: Clefable|spe|1\n|move|p1b: Genie|Doom Desire|p2a: Blissey\n|-start|p1b: Genie|Doom Desire\n|move|p2a: Blissey|Charge Beam|p1a: Get yo ass ready\n|-supereffective|p1a: Get yo ass ready\n|-damage|p1a: Get yo ass ready|38\/100\n|-boost|p2a: Blissey|spa|1\n|move|p2b: Clefable|Moonblast|p1b: Genie\n|-resisted|p1b: Genie\n|-damage|p1b: Genie|74\/100\n|\n|-heal|p2a: Blissey|85\/100|[from] item: Leftovers\n|upkeep\n|turn|6\n|c|\u2606MadFarter4Life|what\n|c|\u2606Tuba_Archmage|what\n|inactive|MadFarter4Life has 120 seconds left.\n|c|\u2606MadFarter4Life|WHAT\n|c|\u2606MadFarter4Life|FUCKING UR MOM\n|\n|t:|1697221803\n|move|p1a: Get yo ass ready|Bleakwind Storm|p2b: Clefable|[spread] p2a,p2b\n|-damage|p2a: Blissey|77\/100\n|-damage|p2b: Clefable|36\/100\n|-unboost|p2a: Blissey|spe|1\n|move|p1b: Genie|Sandstorm|p1b: Genie\n|-weather|Sandstorm\n|move|p2b: Clefable|Soft-Boiled|p2b: Clefable\n|-heal|p2b: Clefable|86\/100\n|move|p2a: Blissey|Charge Beam|p1a: Get yo ass ready|[miss]\n|-miss|p2a: Blissey|p1a: Get yo ass ready\n|\n|-weather|Sandstorm|[upkeep]\n|-damage|p1a: Get yo ass ready|32\/100|[from] Sandstorm\n|-damage|p2a: Blissey|71\/100|[from] Sandstorm\n|-end|p2b: Clefable|move: Future Sight\n|-damage|p2b: Clefable|70\/100\n|-heal|p2a: Blissey|77\/100|[from] item: Leftovers\n|upkeep\n|turn|7\n|c|\u2606Tuba_Archmage|average stall user\n|inactive|MadFarter4Life has 120 seconds left.\n|c|\u2606MadFarter4Life|your the one losing to stall in doubles\n|inactive|Tuba_Archmage has 120 seconds left.\n|c|\u2606Tuba_Archmage|GOTTEM\n|c|\u2606Tuba_Archmage|*you're\n|c|\u2606MadFarter4Life|how to put face palm emoji\n|c|\u2606Tuba_Archmage|ez\n|\n|t:|1697221855\n|move|p1a: Get yo ass ready|Bleakwind Storm|p2a: Blissey|[spread] p2a\n|-miss|p1a: Get yo ass ready|p2b: Clefable\n|-damage|p2a: Blissey|68\/100\n|move|p1b: Genie|Future Sight|p2b: Clefable\n|-start|p1b: Genie|move: Future Sight\n|move|p2b: Clefable|Soft-Boiled|p2b: Clefable\n|-heal|p2b: Clefable|100\/100\n|move|p2a: Blissey|Charge Beam|p1a: Get yo ass ready\n|-supereffective|p1a: Get yo ass ready\n|-damage|p1a: Get yo ass ready|0 fnt\n|-boost|p2a: Blissey|spa|1\n|faint|p1a: Get yo ass ready\n|\n|-weather|Sandstorm|[upkeep]\n|-damage|p2a: Blissey|62\/100|[from] Sandstorm\n|-end|p2a: Blissey|move: Doom Desire\n|-damage|p2a: Blissey|55\/100\n|-heal|p2a: Blissey|61\/100|[from] item: Leftovers\n|upkeep\n|c|\u2606MadFarter4Life|your so face book cringe\n|c|\u2606Tuba_Archmage|you still can't spell\n|inactive|Tuba_Archmage has 90 seconds left.\n|c|\u2606MadFarter4Life|going on my single mother face book group kid\n|\n|t:|1697221875\n|switch|p1a: Dancer|Oricorio-Pom-Pom, M|100\/100\n|turn|8\n|c|\u2606MadFarter4Life|dont care\n|n|\u203dMadFarter4Life|madfarter4life\n|inactive|MadFarter4Life has 120 seconds left.\n|c|\u2606Tuba_Archmage|*don't\n|\n|t:|1697221908\n|switch|p1b: DJ|Volcarona, F|100\/100\n|move|p1a: Dancer|Quiver Dance|p1a: Dancer\n|-boost|p1a: Dancer|spa|1\n|-boost|p1a: Dancer|spd|1\n|-boost|p1a: Dancer|spe|1\n|move|p2b: Clefable|Moonblast|p1a: Dancer\n|-damage|p1a: Dancer|68\/100\n|move|p2a: Blissey|Charge Beam|p1a: Dancer\n|-damage|p1a: Dancer|45\/100\n|-boost|p2a: Blissey|spa|1\n|\n|-weather|Sandstorm|[upkeep]\n|-damage|p1a: Dancer|39\/100|[from] Sandstorm\n|-damage|p1b: DJ|94\/100|[from] Sandstorm\n|-damage|p2a: Blissey|55\/100|[from] Sandstorm\n|-heal|p2a: Blissey|61\/100|[from] item: Leftovers\n|-sideend|p2: MadFarter4Life|move: Light Screen\n|upkeep\n|turn|9\n|inactive|MadFarter4Life has 120 seconds left.\n|inactive|Tuba_Archmage has 120 seconds left.\n|c|\u2606Tuba_Archmage|heh\n|\n|t:|1697221946\n|move|p1a: Dancer|Quiver Dance|p1a: Dancer\n|-boost|p1a: Dancer|spa|1\n|-boost|p1a: Dancer|spd|1\n|-boost|p1a: Dancer|spe|1\n|move|p1b: DJ|Fiery Dance|p2b: Clefable\n|-damage|p2b: Clefable|61\/100\n|-boost|p1b: DJ|spa|1\n|-activate|p1a: Dancer|ability: Dancer\n|move|p1a: Dancer|Fiery Dance|p2b: Clefable|[from]ability: Dancer\n|-damage|p2b: Clefable|17\/100\n|-boost|p1a: Dancer|spa|1\n|move|p2b: Clefable|Light Screen|p2b: Clefable\n|-sidestart|p2: MadFarter4Life|move: Light Screen\n|move|p2a: Blissey|Dazzling Gleam|p1a: Dancer|[spread] p1a,p1b\n|-resisted|p1b: DJ\n|-damage|p1a: Dancer|13\/100\n|-damage|p1b: DJ|76\/100\n|\n|-weather|Sandstorm|[upkeep]\n|-damage|p1a: Dancer|7\/100|[from] Sandstorm\n|-damage|p1b: DJ|70\/100|[from] Sandstorm\n|-damage|p2a: Blissey|55\/100|[from] Sandstorm\n|-end|p2b: Clefable|move: Future Sight\n|-damage|p2b: Clefable|0 fnt\n|faint|p2b: Clefable\n|-heal|p2a: Blissey|61\/100|[from] item: Leftovers\n|upkeep\n|inactive|MadFarter4Life has 90 seconds left.\n|\n|t:|1697221973\n|switch|p2b: Greninja|Greninja, M|100\/100\n|turn|10\n|c|\u2606Tuba_Archmage|imagine getting muted\n|\n|t:|1697221996\n|move|p2b: Greninja|Water Shuriken|p1b: DJ\n|-supereffective|p1b: DJ\n|-damage|p1b: DJ|54\/100\n|-supereffective|p1b: DJ\n|-damage|p1b: DJ|38\/100\n|-supereffective|p1b: DJ\n|-damage|p1b: DJ|21\/100\n|-supereffective|p1b: DJ\n|-damage|p1b: DJ|5\/100\n|-supereffective|p1b: DJ\n|-damage|p1b: DJ|0 fnt\n|faint|p1b: DJ\n|-ability|p2b: Greninja|Battle Bond|boost\n|-boost|p2b: Greninja|atk|1\n|-boost|p2b: Greninja|spa|1\n|-boost|p2b: Greninja|spe|1\n|-activate|p2b: Greninja|ability: Battle Bond\n|-hitcount|p1: DJ|5\n|move|p1a: Dancer|Revelation Dance|p2b: Greninja\n|-supereffective|p2b: Greninja\n|-damage|p2b: Greninja|0 fnt\n|faint|p2b: Greninja\n|move|p2a: Blissey|Dazzling Gleam|p1a: Dancer\n|-damage|p1a: Dancer|0 fnt\n|faint|p1a: Dancer\n|\n|-weather|none\n|-heal|p2a: Blissey|67\/100|[from] item: Leftovers\n|upkeep\n|\n|t:|1697222019\n|switch|p2b: Iron Moth|Iron Moth|100\/100\n|switch|p1b: Arcon|Garchomp, M|100\/100\n|switch|p1a: Genie|Jirachi|74\/100\n|-enditem|p2b: Iron Moth|Booster Energy\n|-activate|p2b: Iron Moth|ability: Quark Drive|[fromitem]\n|-start|p2b: Iron Moth|quarkdrivespa\n|turn|11\n|inactive|MadFarter4Life has 120 seconds left.\n|\n|t:|1697222038\n|detailschange|p1b: Arcon|Garchomp-Mega, M\n|-mega|p1b: Arcon|Garchomp|Garchompite\n|move|p1a: Genie|Sandstorm|p1a: Genie\n|-weather|Sandstorm\n|move|p2b: Iron Moth|Fiery Dance|p1a: Genie\n|-supereffective|p1a: Genie\n|-damage|p1a: Genie|0 fnt\n|faint|p1a: Genie\n|move|p1b: Arcon|Swords Dance|p1b: Arcon\n|-boost|p1b: Arcon|atk|2\n|move|p2a: Blissey|Dazzling Gleam|p1b: Arcon\n|-supereffective|p1b: Arcon\n|-crit|p1b: Arcon\n|-damage|p1b: Arcon|0 fnt\n|faint|p1b: Arcon\n|\n|-weather|Sandstorm|[upkeep]\n|-damage|p2b: Iron Moth|95\/100|[from] Sandstorm\n|-damage|p2a: Blissey|61\/100|[from] Sandstorm\n|-heal|p2a: Blissey|67\/100|[from] item: Leftovers\n|upkeep\n|c|\u2606Tuba_Archmage|anyway gg\n|inactive|Tuba_Archmage has 120 seconds left.\n|\n|t:|1697222059\n|switch|p1a: BONK|Regidrago, tera:Dragon|27\/100\n|turn|12\n|c|\u2606Tuba_Archmage|ima take you with me tho\n|c|\u2606Tuba_Archmage|skill issue on your part ngl\n|c|\u2606Tuba_Archmage|shouldn't have let clefable and greninja die\n|inactive|Tuba_Archmage has 120 seconds left.\n|\n|t:|1697222085\n|move|p2b: Iron Moth|Fiery Dance|p1a: BONK\n|-resisted|p1a: BONK\n|-damage|p1a: BONK|0 fnt\n|faint|p1a: BONK\n|\n|win|MadFarter4Life\n|raw|Tuba_Archmage's rating: 1089 &rarr; <strong>1063<\/strong><br \/>(-26 for losing)\n|raw|MadFarter4Life's rating: 1045 &rarr; <strong>1082<\/strong><br \/>(+37 for winning)\n","uploadtime":1697221798,"views":4,"p1id":"tubaarchmage","p2id":"madfarter4life","formatid":"gen9nationaldexdoubles","rating":1063,"private":0,"password":""}