{"id":"gen9nationaldexdoubles-1977929245","p1":"hanagakiUBD","p2":"Drixzard","format":"[Gen 9] National Dex Doubles","log":"|j|\u2606hanagakiUBD\n|j|\u2606Drixzard\n|t:|1698468047\n|gametype|doubles\n|player|p1|hanagakiUBD|iris-gen5bw2|\n|player|p2|Drixzard|266|\n|teamsize|p1|6\n|teamsize|p2|6\n|gen|9\n|tier|[Gen 9] National Dex Doubles\n|rule|HP Percentage Mod: HP is shown in percentages\n|rule|Endless Battle Clause: Forcing endless battles is banned\n|rule|OHKO Clause: OHKO moves are banned\n|rule|Evasion Moves Clause: Evasion moves are banned\n|rule|Evasion Abilities Clause: Evasion abilities are banned\n|rule|Species Clause: Limit one of each Pok\u00e9mon\n|rule|Gravity Sleep Clause: The combination of sleep-inducing moves with imperfect accuracy and Gravity or Gigantamax Orbeetle are banned\n|clearpoke\n|poke|p1|Landorus-Therian, M|\n|poke|p1|Charizard, F|\n|poke|p1|Rotom-Wash|\n|poke|p1|Grimmsnarl, M|\n|poke|p1|Sneasler, F|\n|poke|p1|Iron Valiant|\n|poke|p2|Sinistcha-Masterpiece|\n|poke|p2|Flutter Mane|\n|poke|p2|Gholdengo|\n|poke|p2|Skeledirge, M|\n|poke|p2|Typhlosion-Hisui, F|\n|poke|p2|Marshadow|\n|teampreview\n|inactive|Battle timer is ON: inactive players will automatically lose when time's up. (requested by hanagakiUBD)\n|inactive|Drixzard has 270 seconds left.\n|inactive|Drixzard has 240 seconds left.\n|inactiveoff|Battle timer is now OFF.\n|\n|t:|1698468151\n|start\n|switch|p1a: Charizard|Charizard, F, shiny|100\/100\n|switch|p1b: Grimmsnarl|Grimmsnarl, M, shiny|100\/100\n|switch|p2a: Typhlosion|Typhlosion-Hisui, F|100\/100\n|switch|p2b: Gholdengo|Gholdengo|100\/100\n|-item|p1a: Charizard|Charizardite Y|[from] ability: Frisk|[of] p2a: Typhlosion|[identify]\n|-item|p1b: Grimmsnarl|Light Clay|[from] ability: Frisk|[of] p2a: Typhlosion|[identify]\n|turn|1\n|\n|t:|1698468167\n|detailschange|p1a: Charizard|Charizard-Mega-Y, F, shiny\n|-mega|p1a: Charizard|Charizard|Charizardite Y\n|-weather|SunnyDay|[from] ability: Drought|[of] p1a: Charizard\n|move|p1b: Grimmsnarl|Light Screen|p1b: Grimmsnarl\n|-sidestart|p1: hanagakiUBD|move: Light Screen\n|move|p2a: Typhlosion|Focus Blast|p1b: Grimmsnarl\n|-damage|p1b: Grimmsnarl|76\/100\n|move|p2b: Gholdengo|Thunderbolt|p1a: Charizard\n|-supereffective|p1a: Charizard\n|-crit|p1a: Charizard\n|-damage|p1a: Charizard|8\/100\n|-status|p1a: Charizard|par\n|move|p1a: Charizard|Weather Ball|p2b: Gholdengo\n|-supereffective|p2b: Gholdengo\n|-damage|p2b: Gholdengo|0 fnt\n|faint|p2b: Gholdengo\n|\n|-weather|SunnyDay|[upkeep]\n|upkeep\n|c|\u2606hanagakiUBD|Bro??\n|\n|t:|1698468231\n|switch|p2b: Marshadow|Marshadow|100\/100\n|turn|2\n|\n|t:|1698468276\n|move|p2b: Marshadow|Shadow Sneak|p1a: Charizard\n|-damage|p1a: Charizard|0 fnt\n|faint|p1a: Charizard\n|move|p1b: Grimmsnarl|Parting Shot|p2b: Marshadow\n|-unboost|p2b: Marshadow|atk|1\n|-unboost|p2b: Marshadow|spa|1\n|\n|t:|1698468282\n|switch|p1b: Landorus|Landorus-Therian, M|100\/100|[from] Parting Shot\n|-ability|p1b: Landorus|Intimidate|boost\n|-unboost|p2a: Typhlosion|atk|1\n|-unboost|p2b: Marshadow|atk|1\n|move|p2a: Typhlosion|Focus Blast|p1b: Landorus\n|-resisted|p1b: Landorus\n|-damage|p1b: Landorus|88\/100\n|\n|-weather|SunnyDay|[upkeep]\n|-heal|p1b: Landorus|94\/100|[from] item: Leftovers\n|upkeep\n|\n|t:|1698468298\n|switch|p1a: Sneasler|Sneasler, F|100\/100\n|-item|p1a: Sneasler|Air Balloon\n|turn|3\n|\n|t:|1698468341\n|switch|p2b: Skeledirge|Skeledirge, M|100\/100\n|move|p2a: Typhlosion|Focus Blast|p1a: Sneasler\n|-resisted|p1a: Sneasler\n|-damage|p1a: Sneasler|82\/100\n|-enditem|p1a: Sneasler|Air Balloon\n|move|p1a: Sneasler|Swords Dance|p1a: Sneasler\n|-boost|p1a: Sneasler|atk|2\n|move|p1b: Landorus|Knock Off|p2b: Skeledirge\n|-supereffective|p2b: Skeledirge\n|-damage|p2b: Skeledirge|30\/100\n|-enditem|p2b: Skeledirge|Leftovers|[from] move: Knock Off|[of] p1b: Landorus\n|\n|-weather|SunnyDay|[upkeep]\n|-heal|p1b: Landorus|99\/100|[from] item: Leftovers\n|upkeep\n|turn|4\n|\n|t:|1698468406\n|switch|p2a: Sinistcha|Sinistcha-Masterpiece|100\/100\n|move|p1a: Sneasler|Shadow Claw|p2a: Sinistcha\n|-supereffective|p2a: Sinistcha\n|-damage|p2a: Sinistcha|0 fnt\n|faint|p2a: Sinistcha\n|move|p1b: Landorus|Knock Off|p2b: Skeledirge\n|-supereffective|p2b: Skeledirge\n|-damage|p2b: Skeledirge|0 fnt\n|faint|p2b: Skeledirge\n|\n|-weather|SunnyDay|[upkeep]\n|-heal|p1b: Landorus|100\/100|[from] item: Leftovers\n|upkeep\n|\n|t:|1698468472\n|switch|p2a: Typhlosion|Typhlosion-Hisui, F|100\/100\n|switch|p2b: Flutter Mane|Flutter Mane|100\/100\n|-item|p1b: Landorus|Leftovers|[from] ability: Frisk|[of] p2a: Typhlosion|[identify]\n|-activate|p2b: Flutter Mane|ability: Protosynthesis\n|-start|p2b: Flutter Mane|protosynthesisspe\n|turn|5\n|\n|t:|1698468494\n|move|p1a: Sneasler|Shadow Claw|p2b: Flutter Mane\n|-supereffective|p2b: Flutter Mane\n|-damage|p2b: Flutter Mane|0 fnt\n|faint|p2b: Flutter Mane\n|-end|p2b: Flutter Mane|Protosynthesis|[silent]\n|move|p2a: Typhlosion|Heat Wave|p1b: Landorus|[spread] p1a,p1b\n|-damage|p1a: Sneasler|37\/100\n|-damage|p1b: Landorus|67\/100\n|move|p1b: Landorus|Knock Off|p2a: Typhlosion\n|-supereffective|p2a: Typhlosion\n|-damage|p2a: Typhlosion|0 fnt\n|-enditem|p2a: Typhlosion|Choice Scarf|[from] move: Knock Off|[of] p1b: Landorus\n|faint|p2a: Typhlosion\n|\n|-weather|none\n|-heal|p1b: Landorus|74\/100|[from] item: Leftovers\n|upkeep\n|\n|t:|1698468498\n|switch|p2b: Marshadow|Marshadow|100\/100\n|turn|6\n|\n|t:|1698468509\n|-terastallize|p2b: Marshadow|Fighting\n|move|p1a: Sneasler|Shadow Claw|p2b: Marshadow\n|-damage|p2b: Marshadow|38\/100\n|move|p2b: Marshadow|Ice Punch|p1b: Landorus\n|-supereffective|p1b: Landorus\n|-damage|p1b: Landorus|0 fnt\n|faint|p1b: Landorus\n|\n|upkeep\n|\n|t:|1698468518\n|switch|p1b: Rotom|Rotom-Wash|100\/100\n|turn|7\n|\n|t:|1698468571\n|move|p1a: Sneasler|Swords Dance|p1a: Sneasler\n|-boost|p1a: Sneasler|atk|2\n|move|p2b: Marshadow|Ice Punch|p1a: Sneasler\n|-damage|p1a: Sneasler|0 fnt\n|faint|p1a: Sneasler\n|-zpower|p1b: Rotom\n|move|p1b: Rotom|Never-Ending Nightmare|p1: Sneasler|[zeffect]|[notarget]\n|-fail|p1b: Rotom\n|\n|upkeep\n|\n|t:|1698468582\n|switch|p1a: Grimmsnarl|Grimmsnarl, M, shiny|76\/100\n|turn|8\n|\n|t:|1698468591\n|move|p1a: Grimmsnarl|Reflect|p1a: Grimmsnarl\n|-sidestart|p1: hanagakiUBD|Reflect\n|move|p2b: Marshadow|Ice Punch|p1a: Grimmsnarl\n|-damage|p1a: Grimmsnarl|58\/100\n|move|p1b: Rotom|Defog|p2b: Marshadow\n|-unboost|p2b: Marshadow|evasion|1\n|\n|-sideend|p1: hanagakiUBD|move: Light Screen\n|upkeep\n|turn|9\n|\n|t:|1698468605\n|move|p1a: Grimmsnarl|Thunder Wave|p2b: Marshadow\n|-status|p2b: Marshadow|par\n|move|p2b: Marshadow|Ice Punch|p1b: Rotom\n|-resisted|p1b: Rotom\n|-damage|p1b: Rotom|92\/100\n|move|p1b: Rotom|Defog|p2b: Marshadow\n|-unboost|p2b: Marshadow|evasion|1\n|\n|upkeep\n|turn|10\n|\n|t:|1698468614\n|move|p1a: Grimmsnarl|Light Screen|p1a: Grimmsnarl\n|-sidestart|p1: hanagakiUBD|move: Light Screen\n|move|p2b: Marshadow|Ice Punch|p1a: Grimmsnarl\n|-damage|p1a: Grimmsnarl|41\/100\n|move|p1b: Rotom|Defog|p2b: Marshadow\n|-unboost|p2b: Marshadow|evasion|1\n|\n|upkeep\n|turn|11\n|\n|t:|1698468621\n|move|p1a: Grimmsnarl|Reflect||[still]\n|-fail|p1a: Grimmsnarl\n|move|p2b: Marshadow|Ice Punch|p1a: Grimmsnarl\n|-damage|p1a: Grimmsnarl|25\/100\n|move|p1b: Rotom|Defog|p2b: Marshadow\n|-unboost|p2b: Marshadow|evasion|1\n|\n|upkeep\n|turn|12\n|\n|t:|1698468630\n|move|p1a: Grimmsnarl|Reflect||[still]\n|-fail|p1a: Grimmsnarl\n|cant|p2b: Marshadow|par\n|move|p1b: Rotom|Defog|p2b: Marshadow\n|-unboost|p2b: Marshadow|evasion|1\n|\n|upkeep\n|turn|13\n|\n|t:|1698468636\n|move|p1a: Grimmsnarl|Reflect||[still]\n|-fail|p1a: Grimmsnarl\n|move|p2b: Marshadow|Ice Punch|p1a: Grimmsnarl\n|-damage|p1a: Grimmsnarl|8\/100\n|move|p1b: Rotom|Defog|p2b: Marshadow\n|-unboost|p2b: Marshadow|evasion|1\n|\n|upkeep\n|turn|14\n|\n|t:|1698468644\n|move|p1a: Grimmsnarl|Reflect||[still]\n|-fail|p1a: Grimmsnarl\n|move|p2b: Marshadow|Ice Punch|p1a: Grimmsnarl\n|-damage|p1a: Grimmsnarl|0 fnt\n|faint|p1a: Grimmsnarl\n|move|p1b: Rotom|Defog||[still]\n|-unboost|p2b: Marshadow|evasion|0\n|-fail|p1b: Rotom\n|\n|upkeep\n|\n|t:|1698468648\n|switch|p1a: Iron Valiant|Iron Valiant, shiny|100\/100\n|-enditem|p1a: Iron Valiant|Booster Energy\n|-activate|p1a: Iron Valiant|ability: Quark Drive|[fromitem]\n|-start|p1a: Iron Valiant|quarkdrivespe\n|turn|15\n|\n|t:|1698468652\n|move|p1a: Iron Valiant|Swords Dance|p1a: Iron Valiant\n|-boost|p1a: Iron Valiant|atk|2\n|cant|p2b: Marshadow|par\n|move|p1b: Rotom|Defog||[still]\n|-unboost|p2b: Marshadow|evasion|0\n|-fail|p1b: Rotom\n|\n|-sideend|p1: hanagakiUBD|Reflect\n|upkeep\n|turn|16\n|\n|t:|1698468658\n|move|p1a: Iron Valiant|Swords Dance|p1a: Iron Valiant\n|-boost|p1a: Iron Valiant|atk|2\n|move|p2b: Marshadow|Ice Punch|p1a: Iron Valiant\n|-damage|p1a: Iron Valiant|67\/100\n|move|p1b: Rotom|Defog||[still]\n|-unboost|p2b: Marshadow|evasion|0\n|-fail|p1b: Rotom\n|\n|upkeep\n|turn|17\n|\n|t:|1698468666\n|move|p1a: Iron Valiant|Swords Dance|p1a: Iron Valiant\n|-boost|p1a: Iron Valiant|atk|2\n|move|p2b: Marshadow|Ice Punch|p1a: Iron Valiant\n|-crit|p1a: Iron Valiant\n|-damage|p1a: Iron Valiant|16\/100\n|move|p1b: Rotom|Defog||[still]\n|-unboost|p2b: Marshadow|evasion|0\n|-fail|p1b: Rotom\n|\n|-sideend|p1: hanagakiUBD|move: Light Screen\n|upkeep\n|turn|18\n|\n|t:|1698468678\n|move|p1a: Iron Valiant|Swords Dance|p1a: Iron Valiant\n|-boost|p1a: Iron Valiant|atk|0\n|cant|p2b: Marshadow|par\n|move|p1b: Rotom|Shadow Ball|p2b: Marshadow\n|-damage|p2b: Marshadow|11\/100 par\n|\n|upkeep\n|turn|19\n|\n|t:|1698468685\n|move|p1a: Iron Valiant|Swords Dance|p1a: Iron Valiant\n|-boost|p1a: Iron Valiant|atk|0\n|move|p2b: Marshadow|Ice Punch|p1a: Iron Valiant\n|-damage|p1a: Iron Valiant|0 fnt\n|faint|p1a: Iron Valiant\n|-end|p1a: Iron Valiant|Quark Drive|[silent]\n|move|p1b: Rotom|Volt Switch|p2b: Marshadow\n|-damage|p2b: Marshadow|0 fnt\n|faint|p2b: Marshadow\n|\n|win|hanagakiUBD\n","uploadtime":1698468696,"views":13,"p1id":"hanagakiubd","p2id":"drixzard","formatid":"gen9nationaldexdoubles","rating":0,"private":0,"password":""}