{"id":"gen9nationaldexdoubles-1951019425","p1":"fumbari 24","p2":"bibleisreal20994","format":"[Gen 9] National Dex Doubles","log":"|j|\u2606fumbari 24\n|j|\u2606bibleisreal20994\n|t:|1695530729\n|gametype|doubles\n|player|p1|fumbari 24|102|1116\n|player|p2|bibleisreal20994|veteran|1245\n|teamsize|p1|6\n|teamsize|p2|6\n|gen|9\n|tier|[Gen 9] National Dex Doubles\n|rated|\n|rule|HP Percentage Mod: HP is shown in percentages\n|rule|Endless Battle Clause: Forcing endless battles is banned\n|rule|OHKO Clause: OHKO moves are banned\n|rule|Evasion Moves Clause: Evasion moves are banned\n|rule|Evasion Abilities Clause: Evasion abilities are banned\n|rule|Species Clause: Limit one of each Pok\u00e9mon\n|rule|Gravity Sleep Clause: The combination of sleep-inducing moves with imperfect accuracy and Gravity or Gigantamax Orbeetle are banned\n|clearpoke\n|poke|p1|Metagross|\n|poke|p1|Blaziken, M|\n|poke|p1|Armaldo, M|\n|poke|p1|Pelipper, M|\n|poke|p1|Cradily, M|\n|poke|p1|Machamp, F|\n|poke|p2|Leavanny, F|\n|poke|p2|Ninetales, F|\n|poke|p2|Meowscarada, F|\n|poke|p2|Pheromosa|\n|poke|p2|Hatterene, F|\n|poke|p2|Milotic, M|\n|teampreview\n|inactive|Battle timer is ON: inactive players will automatically lose when time's up. (requested by bibleisreal20994)\n|inactive|bibleisreal20994 has 120 seconds left.\n|\n|t:|1695530773\n|start\n|switch|p1a: Mine mine|Pelipper, M|100\/100\n|switch|p1b: Armaldo|Armaldo, M|100\/100\n|switch|p2a: Pheromosa|Pheromosa|100\/100\n|switch|p2b: Ninetales|Ninetales, F|100\/100\n|-weather|SunnyDay|[from] ability: Drought|[of] p2b: Ninetales\n|-weather|RainDance|[from] ability: Drizzle|[of] p1a: Mine mine\n|turn|1\n|inactive|fumbari 24 has 120 seconds left.\n|\n|t:|1695530805\n|switch|p2b: Milotic|Milotic, M|100\/100\n|move|p2a: Pheromosa|Electroweb|p1a: Mine mine|[spread] p1a,p1b\n|-supereffective|p1a: Mine mine\n|-damage|p1a: Mine mine|22\/100\n|-damage|p1b: Armaldo|81\/100\n|-unboost|p1a: Mine mine|spe|1\n|-unboost|p1b: Armaldo|spe|1\n|move|p1b: Armaldo|Swords Dance|p1b: Armaldo\n|-boost|p1b: Armaldo|atk|2\n|move|p1a: Mine mine|Tailwind|p1a: Mine mine\n|-sidestart|p1: fumbari 24|move: Tailwind\n|\n|-weather|RainDance|[upkeep]\n|-status|p2b: Milotic|brn|[from] item: Flame Orb\n|upkeep\n|turn|2\n|\n|t:|1695530823\n|switch|p2b: Ninetales|Ninetales, F|100\/100\n|-weather|SunnyDay|[from] ability: Drought|[of] p2b: Ninetales\n|move|p1a: Mine mine|Protect|p1a: Mine mine\n|-singleturn|p1a: Mine mine|Protect\n|move|p2a: Pheromosa|Ice Beam|p1a: Mine mine\n|-activate|p1a: Mine mine|move: Protect\n|move|p1b: Armaldo|Rock Slide|p2b: Ninetales|[spread] p2a\n|-miss|p1b: Armaldo|p2b: Ninetales\n|-enditem|p2a: Pheromosa|Focus Sash\n|-damage|p2a: Pheromosa|1\/100\n|\n|-weather|SunnyDay|[upkeep]\n|upkeep\n|turn|3\n|\n|t:|1695530842\n|move|p2a: Pheromosa|Electroweb|p1b: Armaldo|[spread] p1a,p1b\n|-supereffective|p1a: Mine mine\n|-damage|p1a: Mine mine|0 fnt\n|-damage|p1b: Armaldo|58\/100\n|-unboost|p1b: Armaldo|spe|1\n|faint|p1a: Mine mine\n|-ability|p2a: Pheromosa|Beast Boost|boost\n|-boost|p2a: Pheromosa|spa|1\n|move|p2b: Ninetales|Foul Play|p1b: Armaldo\n|-damage|p1b: Armaldo|0 fnt\n|faint|p1b: Armaldo\n|\n|-weather|SunnyDay|[upkeep]\n|upkeep\n|\n|t:|1695530856\n|switch|p1a: Inferno|Blaziken, M|100\/100\n|switch|p1b: Metagross|Metagross, shiny|100\/100\n|turn|4\n|\n|t:|1695530871\n|detailschange|p1b: Metagross|Metagross-Mega, shiny\n|-mega|p1b: Metagross|Metagross|Metagrossite\n|move|p2a: Pheromosa|Protect|p2a: Pheromosa\n|-singleturn|p2a: Pheromosa|Protect\n|move|p1b: Metagross|Stomping Tantrum|p2b: Ninetales\n|-supereffective|p2b: Ninetales\n|-damage|p2b: Ninetales|2\/100\n|move|p1a: Inferno|Rock Slide|p2a: Pheromosa|[spread] p2b\n|-activate|p2a: Pheromosa|move: Protect\n|-supereffective|p2b: Ninetales\n|-damage|p2b: Ninetales|0 fnt\n|faint|p2b: Ninetales\n|\n|-weather|SunnyDay|[upkeep]\n|-sideend|p1: fumbari 24|move: Tailwind\n|-ability|p1a: Inferno|Speed Boost|boost\n|-boost|p1a: Inferno|spe|1\n|upkeep\n|\n|t:|1695530885\n|switch|p2b: Meowscarada|Meowscarada, F|100\/100\n|turn|5\n|\n|t:|1695530891\n|move|p1b: Metagross|Bullet Punch|p2a: Pheromosa\n|-damage|p2a: Pheromosa|0 fnt\n|faint|p2a: Pheromosa\n|move|p2b: Meowscarada|Trick||[still]\n|-start|p2b: Meowscarada|typechange|Psychic|[from] ability: Protean\n|-fail|p2b: Meowscarada\n|-zpower|p1a: Inferno\n|move|p1a: Inferno|Inferno Overdrive|p2b: Meowscarada|[zeffect]\n|-damage|p2b: Meowscarada|0 fnt\n|faint|p2b: Meowscarada\n|\n|-weather|SunnyDay|[upkeep]\n|-ability|p1a: Inferno|Speed Boost|boost\n|-boost|p1a: Inferno|spe|1\n|upkeep\n|-message|bibleisreal20994 forfeited.\n|\n|win|fumbari 24\n|raw|fumbari 24's rating: 1116 &rarr; <strong>1150<\/strong><br \/>(+34 for winning)\n|raw|bibleisreal20994's rating: 1245 &rarr; <strong>1211<\/strong><br \/>(-34 for losing)\n|l|\u2606bibleisreal20994\n","uploadtime":1695530911,"views":10,"p1id":"fumbari24","p2id":"bibleisreal20994","formatid":"gen9nationaldexdoubles","rating":1150,"private":0,"password":""}