{"id":"gen9nationaldexdoubles-1955854241","p1":"vincent1704","p2":"MirzaMirza","format":"[Gen 9] National Dex Doubles","log":"|j|\u2606vincent1704\n|j|\u2606MirzaMirza\n|t:|1696035151\n|gametype|doubles\n|player|p1|vincent1704|hiker|1006\n|player|p2|MirzaMirza|2|1261\n|teamsize|p1|6\n|teamsize|p2|6\n|gen|9\n|tier|[Gen 9] National Dex Doubles\n|rated|\n|rule|HP Percentage Mod: HP is shown in percentages\n|rule|Endless Battle Clause: Forcing endless battles is banned\n|rule|OHKO Clause: OHKO moves are banned\n|rule|Evasion Moves Clause: Evasion moves are banned\n|rule|Evasion Abilities Clause: Evasion abilities are banned\n|rule|Species Clause: Limit one of each Pok\u00e9mon\n|rule|Gravity Sleep Clause: The combination of sleep-inducing moves with imperfect accuracy and Gravity or Gigantamax Orbeetle are banned\n|clearpoke\n|poke|p1|Torterra, M|\n|poke|p1|Aerodactyl, M|\n|poke|p1|Ninetales, F|\n|poke|p1|Swampert, M|\n|poke|p1|Salamence, M|\n|poke|p1|Camerupt, M|\n|poke|p2|Volcarona, F|\n|poke|p2|Smeargle, F|\n|poke|p2|Tapu Lele|\n|poke|p2|Tapu Fini|\n|poke|p2|Suicune|\n|poke|p2|Chien-Pao|\n|teampreview\n|inactive|Battle timer is ON: inactive players will automatically lose when time's up. (requested by MirzaMirza)\n|\n|t:|1696035175\n|start\n|switch|p1a: Ninetales|Ninetales, F, shiny|100\/100\n|switch|p1b: Camerupt|Camerupt, M, shiny|100\/100\n|switch|p2a: Miami Terror|Volcarona, F|100\/100\n|switch|p2b: Bobby Lee|Smeargle, F|100\/100\n|-weather|SunnyDay|[from] ability: Drought|[of] p1a: Ninetales\n|turn|1\n|\n|t:|1696035200\n|detailschange|p1b: Camerupt|Camerupt-Mega, M, shiny\n|-mega|p1b: Camerupt|Camerupt|Cameruptite\n|move|p2b: Bobby Lee|Wide Guard|p2b: Bobby Lee\n|-singleturn|p2b: Bobby Lee|Wide Guard\n|move|p1a: Ninetales|Calm Mind|p1a: Ninetales\n|-boost|p1a: Ninetales|spa|1\n|-boost|p1a: Ninetales|spd|1\n|move|p2a: Miami Terror|Quiver Dance|p2a: Miami Terror\n|-boost|p2a: Miami Terror|spa|1\n|-boost|p2a: Miami Terror|spd|1\n|-boost|p2a: Miami Terror|spe|1\n|move|p1b: Camerupt|Flash Cannon|p2a: Miami Terror\n|-resisted|p2a: Miami Terror\n|-damage|p2a: Miami Terror|88\/100\n|\n|-weather|SunnyDay|[upkeep]\n|-heal|p2a: Miami Terror|95\/100|[from] item: Leftovers\n|-ability|p2b: Bobby Lee|Moody|boost\n|-boost|p2b: Bobby Lee|spa|2\n|-unboost|p2b: Bobby Lee|spd|1\n|upkeep\n|turn|2\n|\n|t:|1696035226\n|move|p2a: Miami Terror|Quiver Dance|p2a: Miami Terror\n|-boost|p2a: Miami Terror|spa|1\n|-boost|p2a: Miami Terror|spd|1\n|-boost|p2a: Miami Terror|spe|1\n|move|p1a: Ninetales|Scorching Sands|p2a: Miami Terror\n|-damage|p2a: Miami Terror|82\/100\n|move|p2b: Bobby Lee|Spore|p1b: Camerupt\n|-status|p1b: Camerupt|slp|[from] move: Spore\n|cant|p1b: Camerupt|slp\n|\n|-weather|SunnyDay|[upkeep]\n|-heal|p2a: Miami Terror|88\/100|[from] item: Leftovers\n|-ability|p2b: Bobby Lee|Moody|boost\n|-boost|p2b: Bobby Lee|atk|2\n|-unboost|p2b: Bobby Lee|spe|1\n|upkeep\n|turn|3\n|\n|t:|1696035253\n|move|p2a: Miami Terror|Quiver Dance|p2a: Miami Terror\n|-boost|p2a: Miami Terror|spa|1\n|-boost|p2a: Miami Terror|spd|1\n|-boost|p2a: Miami Terror|spe|1\n|move|p1a: Ninetales|Calm Mind|p1a: Ninetales\n|-boost|p1a: Ninetales|spa|1\n|-boost|p1a: Ninetales|spd|1\n|move|p2b: Bobby Lee|Spore|p1a: Ninetales\n|-status|p1a: Ninetales|slp|[from] move: Spore\n|cant|p1b: Camerupt|slp\n|\n|-weather|SunnyDay|[upkeep]\n|-heal|p2a: Miami Terror|94\/100|[from] item: Leftovers\n|-ability|p2b: Bobby Lee|Moody|boost\n|-boost|p2b: Bobby Lee|spa|2\n|-unboost|p2b: Bobby Lee|spd|1\n|upkeep\n|turn|4\n|c|\u2606vincent1704|are you gonna spam spore\n|c|\u2606MirzaMirza|yea\n|\n|t:|1696035275\n|switch|p1a: Swampert|Swampert, M, shiny|100\/100\n|switch|p2b: Azura|Suicune|100\/100\n|switch|p1b: Salamence|Salamence, M, shiny|100\/100\n|move|p2a: Miami Terror|Heat Wave|p1a: Swampert|[spread] p1a\n|-miss|p2a: Miami Terror|p1b: Salamence\n|-resisted|p1a: Swampert\n|-damage|p1a: Swampert|66\/100\n|\n|-weather|SunnyDay|[upkeep]\n|-heal|p2a: Miami Terror|99\/100|[from] item: Leftovers\n|upkeep\n|turn|5\n|c|\u2606vincent1704|ok im out\n|\n|t:|1696035298\n|move|p2a: Miami Terror|Protect|p2a: Miami Terror\n|-singleturn|p2a: Miami Terror|Protect\n|move|p1b: Salamence|Dragon Dance|p1b: Salamence\n|-boost|p1b: Salamence|atk|1\n|-boost|p1b: Salamence|spe|1\n|move|p2b: Azura|Psych Up|p2a: Miami Terror\n|-copyboost|p2b: Azura|p2a: Miami Terror|[from] move: Psych Up\n|move|p1a: Swampert|Hydro Pump|p2a: Miami Terror\n|-activate|p2a: Miami Terror|move: Protect\n|\n|-weather|none\n|-heal|p2a: Miami Terror|100\/100|[from] item: Leftovers\n|upkeep\n|turn|6\n|\n|t:|1696035322\n|move|p2a: Miami Terror|Giga Drain|p1a: Swampert\n|-supereffective|p1a: Swampert\n|-damage|p1a: Swampert|0 fnt\n|faint|p1a: Swampert\n|move|p2b: Azura|Ice Beam|p1b: Salamence\n|-supereffective|p1b: Salamence\n|-damage|p1b: Salamence|0 fnt\n|faint|p1b: Salamence\n|\n|upkeep\n|\n|t:|1696035332\n|switch|p1b: Torterra|Torterra, M, shiny|100\/100\n|switch|p1a: Aerodactyl|Aerodactyl, M|100\/100\n|-ability|p1a: Aerodactyl|Pressure\n|turn|7\n|\n|t:|1696035352\n|move|p2a: Miami Terror|Protect|p2a: Miami Terror\n|-singleturn|p2a: Miami Terror|Protect\n|move|p2b: Azura|Ice Beam|p1b: Torterra\n|-supereffective|p1b: Torterra\n|-damage|p1b: Torterra|0 fnt\n|faint|p1b: Torterra\n|move|p1a: Aerodactyl|Dual Wingbeat|p2a: Miami Terror\n|-activate|p2a: Miami Terror|move: Protect\n|\n|upkeep\n|c|\u2606vincent1704|nah\n|c|\u2606vincent1704|spore spammer\n|c|\u2606MirzaMirza|true\n|c|\u2606vincent1704|L strat tbh\n|inactive|vincent1704 has 120 seconds left.\n|c|\u2606MirzaMirza|hehehe\n|c|\u2606vincent1704|you should do what lowtiergod said to do\n|-message|vincent1704 forfeited.\n|\n|win|MirzaMirza\n|raw|vincent1704's rating: 1006 &rarr; <strong>1002<\/strong><br \/>(-4 for losing)\n|raw|MirzaMirza's rating: 1261 &rarr; <strong>1270<\/strong><br \/>(+9 for winning)\n|l|\u2606vincent1704\n","uploadtime":1696035403,"views":7,"p1id":"vincent1704","p2id":"mirzamirza","formatid":"gen9nationaldexdoubles","rating":1002,"private":0,"password":""}