{"id":"gen9nationaldexdoubles-1960000301","p1":"woshihaiwang55555","p2":"KingGodzila","format":"[Gen 9] National Dex Doubles","log":"|j|\u2606woshihaiwang55555\n|j|\u2606KingGodzila\n|t:|1696477488\n|gametype|doubles\n|player|p1|woshihaiwang55555|veteranf|\n|player|p2|KingGodzila|bugsy|\n|teamsize|p1|6\n|teamsize|p2|6\n|gen|9\n|tier|[Gen 9] National Dex Doubles\n|rule|HP Percentage Mod: HP is shown in percentages\n|rule|Endless Battle Clause: Forcing endless battles is banned\n|rule|OHKO Clause: OHKO moves are banned\n|rule|Evasion Moves Clause: Evasion moves are banned\n|rule|Evasion Abilities Clause: Evasion abilities are banned\n|rule|Species Clause: Limit one of each Pok\u00e9mon\n|rule|Gravity Sleep Clause: The combination of sleep-inducing moves with imperfect accuracy and Gravity or Gigantamax Orbeetle are banned\n|clearpoke\n|poke|p1|Cramorant, M|\n|poke|p1|Wishiwashi, M|\n|poke|p1|Manaphy|\n|poke|p1|Amoonguss, F|\n|poke|p1|Slowking, F|\n|poke|p1|Swampert, M|\n|poke|p2|Vikavolt, M|\n|poke|p2|Lokix, M|\n|poke|p2|Golisopod, M|\n|poke|p2|Cresselia, F|\n|poke|p2|Escavalier, M|\n|poke|p2|Whirlipede, M|\n|teampreview\n|\n|t:|1696477520\n|start\n|switch|p1a: Amoonguss|Amoonguss, F|100\/100\n|switch|p1b: Manaphy|Manaphy|100\/100\n|switch|p2a: \u80fd\u8fdb\u80fd\u9000\u65b9\u6b66\u8005|Golisopod, M, shiny|100\/100\n|switch|p2b: \u70c8\u817f\u8757\u4fa0|Lokix, M|100\/100\n|turn|1\n|\n|t:|1696477538\n|-terastallize|p1a: Amoonguss|Water\n|move|p2b: \u70c8\u817f\u8757\u4fa0|First Impression|p1a: Amoonguss\n|-damage|p1a: Amoonguss|56\/100\n|-damage|p2b: \u70c8\u817f\u8757\u4fa0|91\/100|[from] item: Life Orb\n|move|p1a: Amoonguss|Rage Powder|p1a: Amoonguss\n|-singleturn|p1a: Amoonguss|move: Rage Powder\n|move|p1b: Manaphy|Tail Glow|p1b: Manaphy\n|-boost|p1b: Manaphy|spa|3\n|-zpower|p2a: \u80fd\u8fdb\u80fd\u9000\u65b9\u6b66\u8005\n|move|p2a: \u80fd\u8fdb\u80fd\u9000\u65b9\u6b66\u8005|Savage Spin-Out|p1a: Amoonguss|[zeffect]\n|-damage|p1a: Amoonguss|0 fnt\n|faint|p1a: Amoonguss\n|\n|upkeep\n|\n|t:|1696477554\n|switch|p1a: Slowking|Slowking, F|100\/100\n|turn|2\n|\n|t:|1696477596\n|switch|p2b: \u7f8e\u68a6\u8001\u5988|Cresselia, F|100\/100\n|move|p1b: Manaphy|Stored Power|p2a: \u80fd\u8fdb\u80fd\u9000\u65b9\u6b66\u8005\n|-damage|p2a: \u80fd\u8fdb\u80fd\u9000\u65b9\u6b66\u8005|49\/100\n|-activate|p2a: \u80fd\u8fdb\u80fd\u9000\u65b9\u6b66\u8005|ability: Emergency Exit\n|\n|t:|1696477614\n|switch|p2a: \u4e38\u5b50\u9f99|Whirlipede, M, shiny|100\/100\n|move|p1a: Slowking|Thunder Wave|p2b: \u7f8e\u68a6\u8001\u5988|[miss]\n|-miss|p1a: Slowking|p2b: \u7f8e\u68a6\u8001\u5988\n|\n|upkeep\n|turn|3\n|\n|t:|1696477643\n|move|p1b: Manaphy|Tail Glow|p1b: Manaphy\n|-boost|p1b: Manaphy|spa|3\n|move|p2b: \u7f8e\u68a6\u8001\u5988|Toxic|p1a: Slowking\n|-status|p1a: Slowking|tox\n|move|p2a: \u4e38\u5b50\u9f99|Toxic Spikes|p1a: Slowking\n|-sidestart|p1: woshihaiwang55555|move: Toxic Spikes\n|move|p1a: Slowking|Thunder Wave|p2b: \u7f8e\u68a6\u8001\u5988\n|-status|p2b: \u7f8e\u68a6\u8001\u5988|par\n|\n|-damage|p1a: Slowking|94\/100 tox|[from] psn\n|upkeep\n|turn|4\n|\n|t:|1696477663\n|switch|p2a: \u80fd\u8fdb\u80fd\u9000\u65b9\u6b66\u8005|Golisopod, M, shiny|49\/100\n|move|p1b: Manaphy|Baton Pass|p1b: Manaphy\n|\n|t:|1696477667\n|switch|p1b: Cramorant|Cramorant, M|100\/100|[from] Baton Pass\n|move|p1a: Slowking|Rain Dance|p1a: Slowking\n|-weather|RainDance\n|move|p2b: \u7f8e\u68a6\u8001\u5988|Trick Room|p2b: \u7f8e\u68a6\u8001\u5988\n|-fieldstart|move: Trick Room|[of] p2b: \u7f8e\u68a6\u8001\u5988\n|\n|-weather|RainDance|[upkeep]\n|-damage|p1a: Slowking|82\/100 tox|[from] psn\n|upkeep\n|turn|5\n|\n|t:|1696477699\n|switch|p2b: \u4e38\u5b50\u9f99|Whirlipede, M, shiny|100\/100\n|move|p1a: Slowking|Helping Hand|p1b: Cramorant\n|-singleturn|p1b: Cramorant|Helping Hand|[of] p1a: Slowking\n|move|p2a: \u80fd\u8fdb\u80fd\u9000\u65b9\u6b66\u8005|Knock Off|p1b: Cramorant\n|-damage|p1b: Cramorant|25\/100\n|-enditem|p1b: Cramorant|Choice Scarf|[from] move: Knock Off|[of] p2a: \u80fd\u8fdb\u80fd\u9000\u65b9\u6b66\u8005\n|move|p1b: Cramorant|Surf|p2a: \u80fd\u8fdb\u80fd\u9000\u65b9\u6b66\u8005|[spread] p1a,p2a,p2b\n|-formechange|p1b: Cramorant|Cramorant-Gorging|\n|-resisted|p1a: Slowking\n|-resisted|p2a: \u80fd\u8fdb\u80fd\u9000\u65b9\u6b66\u8005\n|-damage|p1a: Slowking|0 fnt\n|-damage|p2a: \u80fd\u8fdb\u80fd\u9000\u65b9\u6b66\u8005|0 fnt\n|-damage|p2b: \u4e38\u5b50\u9f99|0 fnt\n|faint|p1a: Slowking\n|faint|p2a: \u80fd\u8fdb\u80fd\u9000\u65b9\u6b66\u8005\n|faint|p2b: \u4e38\u5b50\u9f99\n|\n|-weather|RainDance|[upkeep]\n|upkeep\n|\n|t:|1696477718\n|switch|p2a: \u70c8\u817f\u8757\u4fa0|Lokix, M|91\/100\n|switch|p1a: Wishiwashi|Wishiwashi, M|100\/100\n|switch|p2b: \u4e00\u592b\u5f53\u5173\u4e3a\u9a91\u58eb|Escavalier, M|100\/100\n|-status|p1a: Wishiwashi|psn\n|-formechange|p1a: Wishiwashi|Wishiwashi-School||[from] ability: Schooling\n|turn|6\n|\n|t:|1696477733\n|move|p2a: \u70c8\u817f\u8757\u4fa0|First Impression|p1b: Cramorant\n|-resisted|p1b: Cramorant\n|-damage|p1b: Cramorant|0 fnt\n|-damage|p2a: \u70c8\u817f\u8757\u4fa0|66\/100|[from] ability: Gulp Missile|[of] p1b: Cramorant\n|-status|p2a: \u70c8\u817f\u8757\u4fa0|par\n|-formechange|p1b: Cramorant|Cramorant|\n|faint|p1b: Cramorant\n|-damage|p2a: \u70c8\u817f\u8757\u4fa0|56\/100 par|[from] item: Life Orb\n|move|p2b: \u4e00\u592b\u5f53\u5173\u4e3a\u9a91\u58eb|X-Scissor|p1a: Wishiwashi\n|-damage|p1a: Wishiwashi|42\/100 psn\n|-damage|p2b: \u4e00\u592b\u5f53\u5173\u4e3a\u9a91\u58eb|91\/100|[from] item: Life Orb\n|-zpower|p1a: Wishiwashi\n|move|p1a: Wishiwashi|Hydro Vortex|p2b: \u4e00\u592b\u5f53\u5173\u4e3a\u9a91\u58eb|[zeffect]\n|-damage|p2b: \u4e00\u592b\u5f53\u5173\u4e3a\u9a91\u58eb|0 fnt\n|faint|p2b: \u4e00\u592b\u5f53\u5173\u4e3a\u9a91\u58eb\n|\n|-weather|RainDance|[upkeep]\n|-damage|p1a: Wishiwashi|29\/100 psn|[from] psn\n|upkeep\n|\n|t:|1696477756\n|switch|p2b: \u7535\u5149\u8f68\u9053\u70ae|Vikavolt, M|100\/100\n|switch|p1b: Swampert|Swampert, M|100\/100\n|-status|p1b: Swampert|psn\n|turn|7\n|\n|t:|1696477772\n|detailschange|p1b: Swampert|Swampert-Mega, M\n|-mega|p1b: Swampert|Swampert|Swampertite\n|move|p2a: \u70c8\u817f\u8757\u4fa0|Sucker Punch||[still]\n|-fail|p2a: \u70c8\u817f\u8757\u4fa0\n|move|p2b: \u7535\u5149\u8f68\u9053\u70ae|Energy Ball|p1b: Swampert\n|-supereffective|p1b: Swampert\n|-damage|p1b: Swampert|0 fnt\n|faint|p1b: Swampert\n|-damage|p2b: \u7535\u5149\u8f68\u9053\u70ae|91\/100|[from] item: Life Orb\n|move|p1a: Wishiwashi|Rest|p1a: Wishiwashi\n|-status|p1a: Wishiwashi|slp|[from] move: Rest\n|-heal|p1a: Wishiwashi|100\/100 slp|[silent]\n|\n|-weather|RainDance|[upkeep]\n|upkeep\n|\n|t:|1696477780\n|switch|p1b: Manaphy|Manaphy|100\/100\n|-status|p1b: Manaphy|psn\n|turn|8\n|\n|t:|1696477798\n|move|p2b: \u7535\u5149\u8f68\u9053\u70ae|Discharge|p1b: Manaphy|[spread] p2a,p1a,p1b\n|-supereffective|p1a: Wishiwashi\n|-supereffective|p1b: Manaphy\n|-damage|p2a: \u70c8\u817f\u8757\u4fa0|0 fnt\n|-damage|p1a: Wishiwashi|10\/100 slp\n|-damage|p1b: Manaphy|12\/100 psn\n|faint|p2a: \u70c8\u817f\u8757\u4fa0\n|-damage|p2b: \u7535\u5149\u8f68\u9053\u70ae|81\/100|[from] item: Life Orb\n|cant|p1a: Wishiwashi|slp\n|move|p1a: Wishiwashi|Sleep Talk|p1a: Wishiwashi\n|move|p1a: Wishiwashi|Rest||[from]move: Sleep Talk|[still]\n|-fail|p1a: Wishiwashi\n|move|p1b: Manaphy|Hydro Pump|p2b: \u7535\u5149\u8f68\u9053\u70ae|[miss]\n|-miss|p1b: Manaphy|p2b: \u7535\u5149\u8f68\u9053\u70ae\n|\n|-weather|none\n|-heal|p1b: Manaphy|18\/100 psn|[from] item: Leftovers\n|-damage|p1b: Manaphy|5\/100 psn|[from] psn\n|-fieldend|move: Trick Room\n|-formechange|p1a: Wishiwashi|Wishiwashi||[from] ability: Schooling\n|upkeep\n|\n|t:|1696477802\n|switch|p2a: \u7f8e\u68a6\u8001\u5988|Cresselia, F|100\/100 par\n|turn|9\n|\n|t:|1696477818\n|move|p1b: Manaphy|Hydro Pump|p2b: \u7535\u5149\u8f68\u9053\u70ae\n|-damage|p2b: \u7535\u5149\u8f68\u9053\u70ae|38\/100\n|cant|p1a: Wishiwashi|slp\n|move|p1a: Wishiwashi|Sleep Talk|p1a: Wishiwashi\n|move|p1a: Wishiwashi|Earthquake|p2b: \u7535\u5149\u8f68\u9053\u70ae|[from]move: Sleep Talk|[spread] p1b\n|-immune|p2a: \u7f8e\u68a6\u8001\u5988|[from] ability: Levitate\n|-immune|p2b: \u7535\u5149\u8f68\u9053\u70ae|[from] ability: Levitate\n|-damage|p1b: Manaphy|0 fnt\n|faint|p1b: Manaphy\n|move|p2b: \u7535\u5149\u8f68\u9053\u70ae|Discharge|p1a: Wishiwashi|[spread] p2a,p1a\n|-crit|p2a: \u7f8e\u68a6\u8001\u5988\n|-supereffective|p1a: Wishiwashi\n|-damage|p2a: \u7f8e\u68a6\u8001\u5988|55\/100 par\n|-damage|p1a: Wishiwashi|0 fnt\n|faint|p1a: Wishiwashi\n|-damage|p2b: \u7535\u5149\u8f68\u9053\u70ae|28\/100|[from] item: Life Orb\n|\n|win|KingGodzila\n|l|\u2606woshihaiwang55555\n","uploadtime":1696477839,"views":19,"p1id":"woshihaiwang55555","p2id":"kinggodzila","formatid":"gen9nationaldexdoubles","rating":0,"private":0,"password":""}