{"id":"gen9nationaldexdoubles-1952589562","p1":"Mascara De Planta","p2":"Backs To The Wind","format":"[Gen 9] National Dex Doubles","log":"|j|\u2606Mascara De Planta\n|j|\u2606Backs To The Wind\n|t:|1695700565\n|gametype|doubles\n|player|p1|Mascara De Planta|170|1066\n|player|p2|Backs To The Wind|lady|1000\n|teamsize|p1|6\n|teamsize|p2|6\n|gen|9\n|tier|[Gen 9] National Dex Doubles\n|rated|\n|rule|HP Percentage Mod: HP is shown in percentages\n|rule|Endless Battle Clause: Forcing endless battles is banned\n|rule|OHKO Clause: OHKO moves are banned\n|rule|Evasion Moves Clause: Evasion moves are banned\n|rule|Evasion Abilities Clause: Evasion abilities are banned\n|rule|Species Clause: Limit one of each Pok\u00e9mon\n|rule|Gravity Sleep Clause: The combination of sleep-inducing moves with imperfect accuracy and Gravity or Gigantamax Orbeetle are banned\n|clearpoke\n|poke|p1|Torkoal, M|\n|poke|p1|Flutter Mane|\n|poke|p1|Walking Wake|\n|poke|p1|Volcanion|\n|poke|p1|Chien-Pao|\n|poke|p1|Kingambit, M|\n|poke|p2|Octillery, F|\n|poke|p2|Houndoom, M|\n|poke|p2|Hitmontop, M|\n|poke|p2|Togetic, M|\n|poke|p2|Bellossom, M|\n|poke|p2|Skarmory, F|\n|teampreview\n|\n|t:|1695700576\n|start\n|switch|p1a: Pana Zulia|Torkoal, M|100\/100\n|switch|p1b: Agua Potable|Walking Wake|100\/100\n|switch|p2a: Togetic|Togetic, M|100\/100\n|switch|p2b: Bellossom|Bellossom, M|100\/100\n|-weather|SunnyDay|[from] ability: Drought|[of] p1a: Pana Zulia\n|-activate|p1b: Agua Potable|ability: Protosynthesis\n|-start|p1b: Agua Potable|protosynthesisspe\n|turn|1\n|\n|t:|1695700594\n|-terastallize|p2a: Togetic|Fairy\n|move|p1b: Agua Potable|Flip Turn|p2a: Togetic\n|-damage|p2a: Togetic|90\/100\n|\n|t:|1695700600\n|-end|p1b: Agua Potable|Protosynthesis|[silent]\n|switch|p1b: Kingambit|Kingambit, M|100\/100|[from] Flip Turn\n|move|p2b: Bellossom|Petal Blizzard|p1a: Pana Zulia|[spread] p2a,p1a,p1b\n|-resisted|p1a: Pana Zulia\n|-resisted|p1b: Kingambit\n|-damage|p2a: Togetic|35\/100\n|-damage|p1a: Pana Zulia|88\/100\n|-damage|p1b: Kingambit|85\/100\n|move|p2a: Togetic|Dazzling Gleam|p1a: Pana Zulia|[spread] p1a,p1b\n|-resisted|p1a: Pana Zulia\n|-crit|p1a: Pana Zulia\n|-crit|p1b: Kingambit\n|-damage|p1a: Pana Zulia|57\/100\n|-damage|p1b: Kingambit|55\/100\n|move|p1a: Pana Zulia|Stealth Rock|p2b: Bellossom\n|-sidestart|p2: Backs To The Wind|move: Stealth Rock\n|\n|-weather|SunnyDay|[upkeep]\n|upkeep\n|turn|2\n|\n|t:|1695700625\n|switch|p2b: Skarmory|Skarmory, F|100\/100\n|-damage|p2b: Skarmory|88\/100|[from] Stealth Rock\n|move|p1b: Kingambit|Kowtow Cleave|p2b: Skarmory\n|-damage|p2b: Skarmory|46\/100\n|-ability|p2b: Skarmory|Weak Armor|boost\n|-unboost|p2b: Skarmory|def|1\n|-boost|p2b: Skarmory|spe|2\n|move|p2a: Togetic|Dazzling Gleam|p1a: Pana Zulia|[spread] p1a,p1b\n|-resisted|p1a: Pana Zulia\n|-crit|p1a: Pana Zulia\n|-damage|p1a: Pana Zulia|30\/100\n|-damage|p1b: Kingambit|33\/100\n|move|p1a: Pana Zulia|Yawn|p2b: Skarmory\n|-start|p2b: Skarmory|move: Yawn|[of] p1a: Pana Zulia\n|\n|-weather|SunnyDay|[upkeep]\n|upkeep\n|turn|3\n|\n|t:|1695700646\n|switch|p1a: Volcanion|Volcanion|100\/100\n|move|p2b: Skarmory|Body Press|p1b: Kingambit\n|-supereffective|p1b: Kingambit\n|-damage|p1b: Kingambit|0 fnt\n|faint|p1b: Kingambit\n|-end|p1b: Kingambit|fallenundefined|[silent]\n|move|p2a: Togetic|Dazzling Gleam|p1a: Volcanion\n|-resisted|p1a: Volcanion\n|-crit|p1a: Volcanion\n|-damage|p1a: Volcanion|75\/100\n|\n|-weather|SunnyDay|[upkeep]\n|-heal|p1a: Volcanion|81\/100|[from] item: Leftovers\n|-end|p2b: Skarmory|move: Yawn|[silent]\n|-status|p2b: Skarmory|slp\n|upkeep\n|\n|t:|1695700661\n|switch|p1b: PeloeQk|Flutter Mane|100\/100\n|-activate|p1b: PeloeQk|ability: Protosynthesis\n|-start|p1b: PeloeQk|protosynthesisspe\n|turn|4\n|\n|t:|1695700668\n|move|p1b: PeloeQk|Calm Mind|p1b: PeloeQk\n|-boost|p1b: PeloeQk|spa|1\n|-boost|p1b: PeloeQk|spd|1\n|cant|p2b: Skarmory|slp\n|move|p1a: Volcanion|Heat Wave|p2a: Togetic|[spread] p2b\n|-miss|p1a: Volcanion|p2a: Togetic\n|-supereffective|p2b: Skarmory\n|-damage|p2b: Skarmory|0 fnt\n|faint|p2b: Skarmory\n|move|p2a: Togetic|Thunder Wave|p1b: PeloeQk\n|-status|p1b: PeloeQk|par\n|\n|-weather|SunnyDay|[upkeep]\n|-heal|p1a: Volcanion|87\/100|[from] item: Leftovers\n|upkeep\n|\n|t:|1695700684\n|switch|p2b: Hitmontop|Hitmontop, M|100\/100\n|-damage|p2b: Hitmontop|94\/100|[from] Stealth Rock\n|turn|5\n|\n|t:|1695700692\n|move|p1b: PeloeQk|Dazzling Gleam|p2a: Togetic|[spread] p2a,p2b\n|-supereffective|p2b: Hitmontop\n|-damage|p2a: Togetic|0 fnt\n|-damage|p2b: Hitmontop|0 fnt\n|faint|p2a: Togetic\n|faint|p2b: Hitmontop\n|-damage|p1b: PeloeQk|90\/100 par|[from] item: Life Orb\n|move|p1a: Volcanion|Heat Wave|p2: Togetic|[notarget]\n|-fail|p1a: Volcanion\n|\n|-weather|none\n|-end|p1b: PeloeQk|Protosynthesis\n|-heal|p1a: Volcanion|93\/100|[from] item: Leftovers\n|upkeep\n|\n|t:|1695700697\n|switch|p2b: Bellossom|Bellossom, M|100\/100\n|switch|p2a: Houndoom|Houndoom, M|100\/100\n|-damage|p2a: Houndoom|76\/100|[from] Stealth Rock\n|-damage|p2b: Bellossom|88\/100|[from] Stealth Rock\n|turn|6\n|\n|t:|1695700711\n|move|p2a: Houndoom|Punishment|p1b: PeloeQk\n|-damage|p1b: PeloeQk|19\/100 par\n|cant|p1b: PeloeQk|par\n|move|p1a: Volcanion|Scorching Sands|p2a: Houndoom\n|-supereffective|p2a: Houndoom\n|-damage|p2a: Houndoom|20\/100\n|move|p2b: Bellossom|Petal Blizzard|p1b: PeloeQk|[spread] p2a,p1a,p1b\n|-resisted|p2a: Houndoom\n|-crit|p1b: PeloeQk\n|-damage|p2a: Houndoom|0 fnt\n|-damage|p1a: Volcanion|65\/100\n|-damage|p1b: PeloeQk|0 fnt\n|faint|p2a: Houndoom\n|faint|p1b: PeloeQk\n|-end|p1b: PeloeQk|Protosynthesis|[silent]\n|\n|-heal|p1a: Volcanion|71\/100|[from] item: Leftovers\n|upkeep\n|\n|t:|1695700727\n|switch|p1b: Cheems-Pao|Chien-Pao|100\/100\n|switch|p2a: Octillery|Octillery, F|100\/100\n|-ability|p1b: Cheems-Pao|Sword of Ruin\n|-damage|p2a: Octillery|88\/100|[from] Stealth Rock\n|turn|7\n|\n|t:|1695700738\n|move|p1b: Cheems-Pao|Ice Spinner|p2b: Bellossom\n|-supereffective|p2b: Bellossom\n|-damage|p2b: Bellossom|0 fnt\n|faint|p2b: Bellossom\n|move|p1a: Volcanion|Heat Wave|p2a: Octillery\n|-resisted|p2a: Octillery\n|-damage|p2a: Octillery|64\/100\n|move|p2a: Octillery|Flamethrower|p1b: Cheems-Pao\n|-supereffective|p1b: Cheems-Pao\n|-enditem|p1b: Cheems-Pao|Focus Sash\n|-damage|p1b: Cheems-Pao|1\/100\n|\n|-heal|p1a: Volcanion|77\/100|[from] item: Leftovers\n|upkeep\n|turn|8\n|\n|t:|1695700756\n|move|p1b: Cheems-Pao|Crunch|p2a: Octillery\n|-damage|p2a: Octillery|0 fnt\n|faint|p2a: Octillery\n|\n|win|Mascara De Planta\n|raw|Mascara De Planta's rating: 1066 &rarr; <strong>1090<\/strong><br \/>(+24 for winning)\n|raw|Backs To The Wind's rating: 1000 &rarr; <strong>1000<\/strong><br \/>(+0 for losing)\n|c|\u2606Backs To The Wind|Gg\n|c|\u2606Mascara De Planta|gg\n","uploadtime":1695700766,"views":14,"p1id":"mascaradeplanta","p2id":"backstothewind","formatid":"gen9nationaldexdoubles","rating":1000,"private":0,"password":""}