{"id":"gen9nationaldexdoubles-1955466529","p1":"GodOfThouNuggets","p2":"PROCRAST NOSEPASS","format":"[Gen 9] National Dex Doubles","log":"|j|\u203dGodOfThouNuggets\n|j|\u2606PROCRAST NOSEPASS\n|t:|1696000460\n|gametype|doubles\n|player|p1|GodOfThouNuggets|2|1081\n|player|p2|PROCRAST NOSEPASS|worker|1093\n|teamsize|p1|6\n|teamsize|p2|6\n|gen|9\n|tier|[Gen 9] National Dex Doubles\n|rated|\n|rule|HP Percentage Mod: HP is shown in percentages\n|rule|Endless Battle Clause: Forcing endless battles is banned\n|rule|OHKO Clause: OHKO moves are banned\n|rule|Evasion Moves Clause: Evasion moves are banned\n|rule|Evasion Abilities Clause: Evasion abilities are banned\n|rule|Species Clause: Limit one of each Pok\u00e9mon\n|rule|Gravity Sleep Clause: The combination of sleep-inducing moves with imperfect accuracy and Gravity or Gigantamax Orbeetle are banned\n|clearpoke\n|poke|p1|Sneasler, M|\n|poke|p1|Azumarill, F|\n|poke|p1|Nidoking, M|\n|poke|p1|Garganacl, M|\n|poke|p1|Arcanine, F|\n|poke|p1|Mew|\n|poke|p2|Landorus-Therian, M|\n|poke|p2|Shaymin-Sky|\n|poke|p2|Blaziken, M|\n|poke|p2|Blastoise, M|\n|poke|p2|Type: Null|\n|poke|p2|Weezing-Galar, F|\n|teampreview\n|\n|t:|1696000493\n|start\n|switch|p1a: Sneasler|Sneasler, M|100\/100\n|switch|p1b: Garganacl|Garganacl, M|100\/100\n|switch|p2a: Shaymin|Shaymin-Sky|100\/100\n|switch|p2b: Blastoise|Blastoise, M|100\/100\n|turn|1\n|\n|t:|1696000509\n|detailschange|p2b: Blastoise|Blastoise-Mega, M\n|-mega|p2b: Blastoise|Blastoise|Blastoisinite\n|move|p2a: Shaymin|Tailwind|p2a: Shaymin\n|-sidestart|p2: PROCRAST NOSEPASS|move: Tailwind\n|move|p2b: Blastoise|Water Spout|p1b: Garganacl|[spread] p1a,p1b\n|-supereffective|p1b: Garganacl\n|-damage|p1a: Sneasler|13\/100\n|-damage|p1b: Garganacl|8\/100\n|move|p1a: Sneasler|Swords Dance|p1a: Sneasler\n|-boost|p1a: Sneasler|atk|2\n|move|p1b: Garganacl|Salt Cure|p2b: Blastoise\n|-damage|p2b: Blastoise|87\/100\n|-start|p2b: Blastoise|Salt Cure\n|\n|-heal|p1b: Garganacl|15\/100|[from] item: Leftovers\n|-damage|p2b: Blastoise|62\/100|[from] Salt Cure\n|upkeep\n|turn|2\n|\n|t:|1696000539\n|move|p1b: Garganacl|Protect|p1b: Garganacl\n|-singleturn|p1b: Garganacl|Protect\n|move|p2a: Shaymin|Dazzling Gleam|p1a: Sneasler|[spread] p1a\n|-activate|p1b: Garganacl|move: Protect\n|-damage|p1a: Sneasler|0 fnt\n|faint|p1a: Sneasler\n|move|p2b: Blastoise|Shell Smash|p2b: Blastoise\n|-unboost|p2b: Blastoise|def|1\n|-unboost|p2b: Blastoise|spd|1\n|-boost|p2b: Blastoise|atk|2\n|-boost|p2b: Blastoise|spa|2\n|-boost|p2b: Blastoise|spe|2\n|\n|-heal|p1b: Garganacl|21\/100|[from] item: Leftovers\n|-damage|p2b: Blastoise|38\/100|[from] Salt Cure\n|upkeep\n|\n|t:|1696000554\n|switch|p1a: Arcanine|Arcanine, F|100\/100\n|-ability|p1a: Arcanine|Intimidate|boost\n|-unboost|p2a: Shaymin|atk|1\n|-unboost|p2b: Blastoise|atk|1\n|turn|3\n|\n|t:|1696000569\n|move|p1a: Arcanine|Extreme Speed|p2b: Blastoise\n|-damage|p2b: Blastoise|2\/100\n|move|p2b: Blastoise|Water Spout|p1b: Garganacl|[spread] p1a,p1b\n|-supereffective|p1a: Arcanine\n|-supereffective|p1b: Garganacl\n|-damage|p1a: Arcanine|98\/100\n|-damage|p1b: Garganacl|19\/100\n|move|p2a: Shaymin|Seed Flare|p1a: Arcanine\n|-resisted|p1a: Arcanine\n|-damage|p1a: Arcanine|58\/100\n|move|p1b: Garganacl|Salt Cure|p2a: Shaymin\n|-supereffective|p2a: Shaymin\n|-damage|p2a: Shaymin|64\/100\n|-start|p2a: Shaymin|Salt Cure\n|\n|-heal|p1b: Garganacl|25\/100|[from] item: Leftovers\n|-damage|p2b: Blastoise|0 fnt|[from] Salt Cure\n|faint|p2b: Blastoise\n|-damage|p2a: Shaymin|51\/100|[from] Salt Cure\n|upkeep\n|\n|t:|1696000584\n|switch|p2b: Landorus|Landorus-Therian, M|100\/100\n|-ability|p2b: Landorus|Intimidate|boost\n|-unboost|p1a: Arcanine|atk|1\n|-unboost|p1b: Garganacl|atk|1\n|turn|4\n|\n|t:|1696000605\n|switch|p2a: Type: Null|Type: Null|100\/100\n|move|p1a: Arcanine|Protect|p1a: Arcanine\n|-singleturn|p1a: Arcanine|Protect\n|move|p1b: Garganacl|Protect|p1b: Garganacl\n|-singleturn|p1b: Garganacl|Protect\n|move|p2b: Landorus|Earthquake|p1a: Arcanine|[spread] p2a\n|-activate|p1a: Arcanine|move: Protect\n|-activate|p1b: Garganacl|move: Protect\n|-damage|p2a: Type: Null|75\/100\n|\n|-heal|p1b: Garganacl|32\/100|[from] item: Leftovers\n|-sideend|p2: PROCRAST NOSEPASS|move: Tailwind\n|upkeep\n|turn|5\n|\n|t:|1696000633\n|switch|p1a: Azumarill|Azumarill, F|100\/100\n|switch|p2a: Shaymin|Shaymin-Sky|51\/100\n|move|p2b: Landorus|Earthquake|p1b: Garganacl|[spread] p1a,p1b\n|-immune|p2a: Shaymin\n|-supereffective|p1b: Garganacl\n|-crit|p1b: Garganacl\n|-damage|p1a: Azumarill|54\/100\n|-damage|p1b: Garganacl|0 fnt\n|faint|p1b: Garganacl\n|\n|upkeep\n|\n|t:|1696000646\n|switch|p1b: Mew|Mew|100\/100\n|turn|6\n|\n|t:|1696000661\n|-terastallize|p1a: Azumarill|Water\n|move|p1a: Azumarill|Aqua Jet|p2b: Landorus\n|-supereffective|p2b: Landorus\n|-damage|p2b: Landorus|1\/100\n|move|p2a: Shaymin|Seed Flare|p1a: Azumarill|[miss]\n|-miss|p2a: Shaymin|p1a: Azumarill\n|move|p2b: Landorus|Knock Off|p1b: Mew\n|-supereffective|p1b: Mew\n|-damage|p1b: Mew|45\/100\n|-enditem|p1b: Mew|Leftovers|[from] move: Knock Off|[of] p2b: Landorus\n|move|p1b: Mew|Cosmic Power|p1b: Mew\n|-boost|p1b: Mew|def|1\n|-boost|p1b: Mew|spd|1\n|\n|upkeep\n|turn|7\n|\n|t:|1696000679\n|switch|p2b: Weezing|Weezing-Galar, F|100\/100\n|-ability|p2b: Weezing|Neutralizing Gas\n|move|p1a: Azumarill|Aqua Jet|p2b: Weezing\n|-damage|p2b: Weezing|85\/100\n|move|p2a: Shaymin|Seed Flare|p1a: Azumarill\n|-supereffective|p1a: Azumarill\n|-damage|p1a: Azumarill|0 fnt\n|faint|p1a: Azumarill\n|move|p1b: Mew|Cosmic Power|p1b: Mew\n|-boost|p1b: Mew|def|1\n|-boost|p1b: Mew|spd|1\n|\n|-heal|p2b: Weezing|91\/100|[from] item: Leftovers\n|upkeep\n|\n|t:|1696000698\n|switch|p1a: Arcanine|Arcanine, F|58\/100\n|turn|8\n|\n|t:|1696000710\n|move|p2a: Shaymin|Healing Wish|p2a: Shaymin\n|faint|p2a: Shaymin\n|move|p1a: Arcanine|Flare Blitz|p2b: Weezing\n|-damage|p2b: Weezing|56\/100\n|-status|p2b: Weezing|brn\n|-damage|p1a: Arcanine|46\/100|[from] Recoil\n|move|p1b: Mew|Soft-Boiled|p1b: Mew\n|-heal|p1b: Mew|95\/100\n|move|p2b: Weezing|Taunt|p1b: Mew\n|-start|p1b: Mew|move: Taunt\n|\n|-heal|p2b: Weezing|62\/100 brn|[from] item: Leftovers\n|-damage|p2b: Weezing|56\/100 brn|[from] brn\n|upkeep\n|\n|t:|1696000723\n|switch|p2a: Landorus|Landorus-Therian, M|1\/100\n|-heal|p2a: Landorus|100\/100|[from] move: Healing Wish\n|turn|9\n|\n|t:|1696000737\n|move|p1a: Arcanine|Helping Hand|p1b: Mew\n|-singleturn|p1b: Mew|Helping Hand|[of] p1a: Arcanine\n|move|p2b: Weezing|Protect|p2b: Weezing\n|-singleturn|p2b: Weezing|Protect\n|move|p2a: Landorus|Earthquake|p1b: Mew|[spread] p1a,p1b\n|-activate|p2b: Weezing|move: Protect\n|-supereffective|p1a: Arcanine\n|-crit|p1b: Mew\n|-damage|p1a: Arcanine|0 fnt\n|-damage|p1b: Mew|46\/100\n|faint|p1a: Arcanine\n|move|p1b: Mew|Stored Power|p2a: Landorus\n|-damage|p2a: Landorus|34\/100\n|\n|-heal|p2b: Weezing|62\/100 brn|[from] item: Leftovers\n|-damage|p2b: Weezing|56\/100 brn|[from] brn\n|upkeep\n|\n|t:|1696000754\n|switch|p1a: Nidoking|Nidoking, M|100\/100\n|turn|10\n|\n|t:|1696000768\n|-end|p2b: Weezing|ability: Neutralizing Gas\n|-ability|p2a: Landorus|Intimidate|boost\n|-unboost|p1a: Nidoking|atk|1\n|-unboost|p1b: Mew|atk|1\n|switch|p2b: Type: Null|Type: Null|75\/100\n|-terastallize|p2a: Landorus|Ground\n|move|p2a: Landorus|Earthquake|p1b: Mew|[spread] p2b,p1a,p1b\n|-supereffective|p1a: Nidoking\n|-damage|p2b: Type: Null|42\/100\n|-damage|p1a: Nidoking|0 fnt\n|-damage|p1b: Mew|24\/100\n|faint|p1a: Nidoking\n|move|p1b: Mew|Stored Power|p2a: Landorus\n|-damage|p2a: Landorus|0 fnt\n|faint|p2a: Landorus\n|\n|upkeep\n|\n|t:|1696000782\n|switch|p2a: Weezing|Weezing-Galar, F|56\/100 brn\n|-ability|p2a: Weezing|Neutralizing Gas\n|turn|11\n|\n|t:|1696000793\n|move|p2a: Weezing|Protect|p2a: Weezing\n|-singleturn|p2a: Weezing|Protect\n|move|p1b: Mew|Stored Power|p2a: Weezing\n|-activate|p2a: Weezing|move: Protect\n|move|p2b: Type: Null|Return|p1b: Mew\n|-damage|p1b: Mew|4\/100\n|\n|-heal|p2a: Weezing|62\/100 brn|[from] item: Leftovers\n|-damage|p2a: Weezing|56\/100 brn|[from] brn\n|-end|p1b: Mew|move: Taunt\n|upkeep\n|turn|12\n|\n|t:|1696000810\n|move|p1b: Mew|Soft-Boiled|p1b: Mew\n|-heal|p1b: Mew|54\/100\n|move|p2a: Weezing|Strange Steam|p1b: Mew\n|-damage|p1b: Mew|44\/100\n|move|p2b: Type: Null|Return|p1b: Mew\n|-damage|p1b: Mew|26\/100\n|\n|-heal|p2a: Weezing|62\/100 brn|[from] item: Leftovers\n|-damage|p2a: Weezing|56\/100 brn|[from] brn\n|upkeep\n|turn|13\n|\n|t:|1696000824\n|move|p1b: Mew|Soft-Boiled|p1b: Mew\n|-heal|p1b: Mew|76\/100\n|move|p2a: Weezing|Taunt|p1b: Mew\n|-start|p1b: Mew|move: Taunt\n|move|p2b: Type: Null|Return|p1b: Mew\n|-damage|p1b: Mew|58\/100\n|\n|-heal|p2a: Weezing|62\/100 brn|[from] item: Leftovers\n|-damage|p2a: Weezing|56\/100 brn|[from] brn\n|upkeep\n|turn|14\n|\n|t:|1696000838\n|move|p2a: Weezing|Protect|p2a: Weezing\n|-singleturn|p2a: Weezing|Protect\n|move|p1b: Mew|Body Press|p2b: Type: Null\n|-supereffective|p2b: Type: Null\n|-damage|p2b: Type: Null|0 fnt\n|faint|p2b: Type: Null\n|\n|-heal|p2a: Weezing|62\/100 brn|[from] item: Leftovers\n|-damage|p2a: Weezing|56\/100 brn|[from] brn\n|upkeep\n|\n|t:|1696000843\n|switch|p2b: Blaziken|Blaziken, M|100\/100\n|turn|15\n|\n|t:|1696000854\n|move|p2b: Blaziken|Protect|p2b: Blaziken\n|-singleturn|p2b: Blaziken|Protect\n|move|p1b: Mew|Stored Power|p2a: Weezing\n|-supereffective|p2a: Weezing\n|-damage|p2a: Weezing|0 fnt\n|faint|p2a: Weezing\n|-end|p2a: Weezing|ability: Neutralizing Gas\n|\n|-ability|p2b: Blaziken|Speed Boost|boost\n|-boost|p2b: Blaziken|spe|1\n|upkeep\n|turn|16\n|\n|t:|1696000868\n|move|p2b: Blaziken|Blaze Kick|p1b: Mew|[miss]\n|-miss|p2b: Blaziken|p1b: Mew\n|move|p1b: Mew|Stored Power|p2b: Blaziken\n|-supereffective|p2b: Blaziken\n|-damage|p2b: Blaziken|0 fnt\n|faint|p2b: Blaziken\n|\n|win|GodOfThouNuggets\n|raw|GodOfThouNuggets's rating: 1081 &rarr; <strong>1110<\/strong><br \/>(+29 for winning)\n|raw|PROCRAST NOSEPASS's rating: 1093 &rarr; <strong>1068<\/strong><br \/>(-25 for losing)\n","uploadtime":1696000881,"views":10,"p1id":"godofthounuggets","p2id":"procrastnosepass","formatid":"gen9nationaldexdoubles","rating":1068,"private":0,"password":""}