{"id":"gen9nationaldexdoubles-1949001827","p1":"Senon32","p2":"Chamuscos","format":"[Gen 9] National Dex Doubles","log":"|j|\u2606Senon32\n|j|\u2606Chamuscos\n|t:|1695318449\n|gametype|doubles\n|player|p1|Senon32|roxie|\n|player|p2|Chamuscos|169|\n|teamsize|p1|6\n|teamsize|p2|6\n|gen|9\n|tier|[Gen 9] National Dex Doubles\n|rule|HP Percentage Mod: HP is shown in percentages\n|rule|Endless Battle Clause: Forcing endless battles is banned\n|rule|OHKO Clause: OHKO moves are banned\n|rule|Evasion Moves Clause: Evasion moves are banned\n|rule|Evasion Abilities Clause: Evasion abilities are banned\n|rule|Species Clause: Limit one of each Pok\u00e9mon\n|rule|Gravity Sleep Clause: The combination of sleep-inducing moves with imperfect accuracy and Gravity or Gigantamax Orbeetle are banned\n|clearpoke\n|poke|p1|Pelipper, M|\n|poke|p1|Toxapex, F|\n|poke|p1|Swampert, F|\n|poke|p1|Milotic, F|\n|poke|p1|Ludicolo, M|\n|poke|p1|Politoed, M|\n|poke|p2|Ludicolo, M|\n|poke|p2|Ferrothorn, M|\n|poke|p2|Dracovish|\n|poke|p2|Flapple, F|\n|poke|p2|Togekiss, F|\n|poke|p2|Empoleon, F|\n|teampreview\n|\n|t:|1695318470\n|start\n|switch|p1a: Papalucho|Pelipper, M|100\/100\n|switch|p1b: Senon|Toxapex, F, shiny|100\/100\n|switch|p2a: Togekiss|Togekiss, F|100\/100\n|switch|p2b: Empoleon|Empoleon, F|100\/100\n|turn|1\n|\n|t:|1695318495\n|move|p2a: Togekiss|Tailwind|p2a: Togekiss\n|-sidestart|p2: Chamuscos|move: Tailwind\n|move|p2b: Empoleon|Blizzard|p1b: Senon|[spread] p1a\n|-miss|p2b: Empoleon|p1b: Senon\n|-damage|p1a: Papalucho|70\/100\n|-status|p1a: Papalucho|frz\n|-curestatus|p1a: Papalucho|frz|[msg]\n|move|p1a: Papalucho|Tailwind|p1a: Papalucho\n|-sidestart|p1: Senon32|move: Tailwind\n|move|p1b: Senon|Toxic Spikes|p2b: Empoleon\n|-sidestart|p2: Chamuscos|move: Toxic Spikes\n|\n|upkeep\n|turn|2\n|\n|t:|1695318517\n|move|p2a: Togekiss|Light Screen|p2a: Togekiss\n|-sidestart|p2: Chamuscos|move: Light Screen\n|move|p1a: Papalucho|Hurricane|p2b: Empoleon|[miss]\n|-miss|p1a: Papalucho|p2b: Empoleon\n|move|p2b: Empoleon|Blizzard|p1b: Senon|[spread] p1a\n|-miss|p2b: Empoleon|p1b: Senon\n|-damage|p1a: Papalucho|39\/100\n|move|p1b: Senon|Lunge|p2b: Empoleon\n|-resisted|p2b: Empoleon\n|-damage|p2b: Empoleon|94\/100\n|-unboost|p2b: Empoleon|atk|1\n|\n|upkeep\n|turn|3\n|\n|t:|1695318551\n|move|p2a: Togekiss|Air Slash|p1a: Papalucho\n|-damage|p1a: Papalucho|0 fnt\n|faint|p1a: Papalucho\n|move|p2b: Empoleon|Blizzard|p1b: Senon\n|-resisted|p1b: Senon\n|-damage|p1b: Senon|88\/100\n|move|p1b: Senon|Lunge|p2b: Empoleon\n|-resisted|p2b: Empoleon\n|-damage|p2b: Empoleon|87\/100\n|-unboost|p2b: Empoleon|atk|1\n|\n|-heal|p1b: Senon|94\/100|[from] item: Leftovers\n|upkeep\n|j| Besama\n|\n|t:|1695318570\n|switch|p1a: Swampert|Swampert, F|100\/100\n|turn|4\n|\n|t:|1695318590\n|switch|p2b: Ludicolo|Ludicolo, M|100\/100\n|-status|p2b: Ludicolo|psn\n|detailschange|p1a: Swampert|Swampert-Mega, F\n|-mega|p1a: Swampert|Swampert|Swampertite\n|move|p2a: Togekiss|Air Slash|p1b: Senon\n|-crit|p1b: Senon\n|-damage|p1b: Senon|57\/100\n|move|p1a: Swampert|Ice Punch|p2a: Togekiss\n|-supereffective|p2a: Togekiss\n|-damage|p2a: Togekiss|55\/100\n|cant|p1b: Senon|flinch\n|\n|-heal|p1b: Senon|63\/100|[from] item: Leftovers\n|-damage|p2b: Ludicolo|88\/100 psn|[from] psn\n|-sideend|p1: Senon32|move: Tailwind\n|-sideend|p2: Chamuscos|move: Tailwind\n|upkeep\n|turn|5\n|\n|t:|1695318623\n|move|p2a: Togekiss|Tailwind|p2a: Togekiss\n|-sidestart|p2: Chamuscos|move: Tailwind\n|move|p2b: Ludicolo|Energy Ball|p1a: Swampert\n|-supereffective|p1a: Swampert\n|-damage|p1a: Swampert|0 fnt\n|faint|p1a: Swampert\n|move|p1b: Senon|Lunge|p2b: Ludicolo\n|-supereffective|p2b: Ludicolo\n|-damage|p2b: Ludicolo|50\/100 psn\n|-unboost|p2b: Ludicolo|atk|1\n|-enditem|p2b: Ludicolo|Sitrus Berry|[eat]\n|-heal|p2b: Ludicolo|75\/100 psn|[from] item: Sitrus Berry\n|\n|-heal|p1b: Senon|69\/100|[from] item: Leftovers\n|-damage|p2b: Ludicolo|63\/100 psn|[from] psn\n|upkeep\n|j| talalcht\n|c| talalcht|Holaaaaaaaaaaaaaaaaaaaaaaaaaaaaaaaaaaaaaaaaaaaaaaaaaaaaaaaaaaaaaaaaaaaaaaaaaa\n|\n|t:|1695318643\n|switch|p1a: Sapo|Politoed, M, shiny|100\/100\n|-weather|RainDance|[from] ability: Drizzle|[of] p1a: Sapo\n|turn|6\n|j| Zapatillazo34\n|c| Zapatillazo34|Holaa\n|\n|t:|1695318675\n|move|p2a: Togekiss|Roost|p2a: Togekiss\n|-heal|p2a: Togekiss|100\/100\n|-singleturn|p2a: Togekiss|move: Roost\n|move|p2b: Ludicolo|Energy Ball|p1a: Sapo\n|-supereffective|p1a: Sapo\n|-damage|p1a: Sapo|41\/100\n|move|p1a: Sapo|Waterfall|p2a: Togekiss\n|-damage|p2a: Togekiss|60\/100\n|move|p1b: Senon|Lunge|p2b: Ludicolo\n|-supereffective|p2b: Ludicolo\n|-damage|p2b: Ludicolo|28\/100 psn\n|-unboost|p2b: Ludicolo|atk|1\n|\n|-weather|RainDance|[upkeep]\n|-heal|p1b: Senon|75\/100|[from] item: Leftovers\n|-damage|p2b: Ludicolo|15\/100 psn|[from] psn\n|-sideend|p2: Chamuscos|move: Light Screen\n|upkeep\n|turn|7\n|j| balutalol\n|c| talalcht|Mega swampert est\u00e1 muerto :0\n|\n|t:|1695318700\n|move|p1a: Sapo|Protect|p1a: Sapo\n|-singleturn|p1a: Sapo|Protect\n|move|p2a: Togekiss|Light Screen|p2a: Togekiss\n|-sidestart|p2: Chamuscos|move: Light Screen\n|move|p2b: Ludicolo|Energy Ball|p1a: Sapo\n|-activate|p1a: Sapo|move: Protect\n|move|p1b: Senon|Lunge|p2b: Ludicolo\n|-supereffective|p2b: Ludicolo\n|-damage|p2b: Ludicolo|0 fnt\n|faint|p2b: Ludicolo\n|\n|-weather|RainDance|[upkeep]\n|-heal|p1b: Senon|81\/100|[from] item: Leftovers\n|upkeep\n|c| Besama|Vamos Pablo!\n|\n|t:|1695318717\n|switch|p2b: Dracovish|Dracovish|100\/100\n|-status|p2b: Dracovish|psn\n|turn|8\n|\n|t:|1695318728\n|move|p1b: Senon|Baneful Bunker|p1b: Senon\n|-singleturn|p1b: Senon|move: Protect\n|move|p2a: Togekiss|Roost|p2a: Togekiss\n|-heal|p2a: Togekiss|100\/100\n|-singleturn|p2a: Togekiss|move: Roost\n|move|p2b: Dracovish|Earthquake|p1b: Senon|[spread] p2a,p1a\n|-activate|p1b: Senon|move: Protect\n|-damage|p2a: Togekiss|78\/100\n|-damage|p1a: Sapo|18\/100\n|move|p1a: Sapo|Earthquake|p2b: Dracovish|[spread] p2a,p2b\n|-activate|p1b: Senon|move: Protect\n|-damage|p2a: Togekiss|63\/100\n|-damage|p2b: Dracovish|83\/100 psn\n|\n|-weather|RainDance|[upkeep]\n|-heal|p1b: Senon|87\/100|[from] item: Leftovers\n|-damage|p2b: Dracovish|70\/100 psn|[from] psn\n|-sideend|p2: Chamuscos|move: Tailwind\n|upkeep\n|turn|9\n|\n|t:|1695318761\n|move|p2a: Togekiss|Tailwind|p2a: Togekiss\n|-sidestart|p2: Chamuscos|move: Tailwind\n|move|p2b: Dracovish|Earthquake|p1b: Senon|[spread] p1a,p1b\n|-immune|p2a: Togekiss\n|-supereffective|p1b: Senon\n|-damage|p1a: Sapo|0 fnt\n|-damage|p1b: Senon|49\/100\n|faint|p1a: Sapo\n|move|p1b: Senon|Lunge|p2b: Dracovish\n|-damage|p2b: Dracovish|53\/100 psn\n|-unboost|p2b: Dracovish|atk|1\n|\n|-weather|RainDance|[upkeep]\n|-heal|p1b: Senon|55\/100|[from] item: Leftovers\n|-damage|p2b: Dracovish|41\/100 psn|[from] psn\n|upkeep\n|\n|t:|1695318778\n|switch|p1a: Valentina|Milotic, F, shiny|100\/100\n|turn|10\n|\n|t:|1695318809\n|move|p1b: Senon|Baneful Bunker|p1b: Senon\n|-singleturn|p1b: Senon|move: Protect\n|move|p2a: Togekiss|Roost|p2a: Togekiss\n|-heal|p2a: Togekiss|100\/100\n|-singleturn|p2a: Togekiss|move: Roost\n|move|p2b: Dracovish|Draco Meteor|p1b: Senon\n|-activate|p1b: Senon|move: Protect\n|move|p1a: Valentina|Light Screen|p1a: Valentina\n|-sidestart|p1: Senon32|move: Light Screen\n|\n|-weather|RainDance|[upkeep]\n|-heal|p1b: Senon|61\/100|[from] item: Leftovers\n|-damage|p2b: Dracovish|29\/100 psn|[from] psn\n|-status|p1a: Valentina|brn|[from] item: Flame Orb\n|upkeep\n|turn|11\n|j| Rubenator_64\n|c| Rubenator_64|ola\n|\n|t:|1695318841\n|move|p2a: Togekiss|Air Slash|p1b: Senon\n|-damage|p1b: Senon|43\/100\n|move|p2b: Dracovish|Draco Meteor|p1b: Senon\n|-damage|p1b: Senon|23\/100\n|-unboost|p2b: Dracovish|spa|2\n|move|p1a: Valentina|Draining Kiss|p2b: Dracovish\n|-supereffective|p2b: Dracovish\n|-damage|p2b: Dracovish|15\/100 psn\n|move|p1b: Senon|Recover|p1b: Senon\n|-heal|p1b: Senon|73\/100\n|\n|-weather|RainDance|[upkeep]\n|-heal|p1b: Senon|79\/100|[from] item: Leftovers\n|-damage|p2b: Dracovish|2\/100 psn|[from] psn\n|-damage|p1a: Valentina|94\/100 brn|[from] brn\n|-sideend|p2: Chamuscos|move: Light Screen\n|upkeep\n|turn|12\n|j| Flexkip\n|c| Flexkip|pabloduro\n|c| Flexkip|duroooo\n|\n|t:|1695318873\n|move|p2a: Togekiss|Light Screen|p2a: Togekiss\n|-sidestart|p2: Chamuscos|move: Light Screen\n|move|p2b: Dracovish|Leech Life|p1a: Valentina\n|-damage|p1a: Valentina|83\/100 brn\n|-heal|p2b: Dracovish|9\/100 psn|[from] drain|[of] p1a: Valentina\n|move|p1a: Valentina|Draining Kiss|p2b: Dracovish\n|-supereffective|p2b: Dracovish\n|-damage|p2b: Dracovish|0 fnt\n|-heal|p1a: Valentina|89\/100 brn|[from] drain|[of] p2b: Dracovish\n|faint|p2b: Dracovish\n|move|p1b: Senon|Lunge|p2a: Togekiss\n|-resisted|p2a: Togekiss\n|-damage|p2a: Togekiss|97\/100\n|-unboost|p2a: Togekiss|atk|1\n|\n|-weather|RainDance|[upkeep]\n|-heal|p1b: Senon|85\/100|[from] item: Leftovers\n|-damage|p1a: Valentina|83\/100 brn|[from] brn\n|-sideend|p2: Chamuscos|move: Tailwind\n|upkeep\n|c| talalcht|Dur\u00edsimo ermano\n|\n|t:|1695318893\n|switch|p2b: Flapple|Flapple, F|100\/100\n|-status|p2b: Flapple|psn\n|turn|13\n|c| Flexkip|durisimo ermano\n|\n|t:|1695318910\n|move|p1b: Senon|Baneful Bunker|p1b: Senon\n|-singleturn|p1b: Senon|move: Protect\n|move|p2a: Togekiss|Tailwind|p2a: Togekiss\n|-sidestart|p2: Chamuscos|move: Tailwind\n|move|p2b: Flapple|Grav Apple|p1a: Valentina\n|-supereffective|p1a: Valentina\n|-damage|p1a: Valentina|0 fnt\n|faint|p1a: Valentina\n|-damage|p2b: Flapple|91\/100 psn|[from] item: Life Orb\n|\n|-weather|none\n|-heal|p1b: Senon|91\/100|[from] item: Leftovers\n|-damage|p2b: Flapple|78\/100 psn|[from] psn\n|upkeep\n|c| Flexkip|hay que ver el duro de pablo\n|\n|t:|1695318929\n|switch|p1a: Mariachi|Ludicolo, M|100\/100\n|turn|14\n|c| talalcht|Eso pablo\n|c| Besama|Daleeee!\n|c| Flexkip|pablo ahora una amistosa\n|c| Flexkip|cuando termines\n|c| talalcht|XD\n|c| Rubenator_64|pablo un autografo\n|\n|t:|1695318957\n|-terastallize|p1a: Mariachi|Flying\n|move|p2a: Togekiss|Air Slash|p1a: Mariachi\n|-damage|p1a: Mariachi|81\/100\n|move|p2b: Flapple|Outrage|p1b: Senon\n|-damage|p1b: Senon|0 fnt\n|faint|p1b: Senon\n|-damage|p2b: Flapple|68\/100 psn|[from] item: Life Orb\n|move|p1a: Mariachi|Leech Seed|p2a: Togekiss\n|-start|p2a: Togekiss|move: Leech Seed\n|\n|-damage|p2a: Togekiss|85\/100|[from] Leech Seed|[of] p1a: Mariachi\n|-heal|p1a: Mariachi|96\/100|[silent]\n|-damage|p2b: Flapple|56\/100 psn|[from] psn\n|-sideend|p1: Senon32|move: Light Screen\n|upkeep\n|turn|15\n|c| Flexkip|es k oy no tuve swcxoentrenamiento :(\n|c| talalcht|Pablo se mi novia\n|\n|t:|1695318982\n|move|p2a: Togekiss|Air Slash|p1a: Mariachi\n|-damage|p1a: Mariachi|63\/100\n|move|p2b: Flapple|Outrage|p1a: Mariachi|[from]lockedmove|[miss]\n|-miss|p2b: Flapple|p1a: Mariachi\n|-start|p2b: Flapple|confusion|[fatigue]\n|cant|p1a: Mariachi|flinch\n|\n|-damage|p2a: Togekiss|72\/100|[from] Leech Seed|[of] p1a: Mariachi\n|-heal|p1a: Mariachi|78\/100|[silent]\n|-damage|p2b: Flapple|43\/100 psn|[from] psn\n|upkeep\n|turn|16\n|c| Rubenator_64|gg\n|\n|t:|1695319008\n|move|p2a: Togekiss|Roost|p2a: Togekiss\n|-heal|p2a: Togekiss|100\/100\n|-singleturn|p2a: Togekiss|move: Roost\n|-activate|p2b: Flapple|confusion\n|move|p2b: Flapple|Outrage|p1a: Mariachi\n|-damage|p1a: Mariachi|0 fnt\n|-damage|p2b: Flapple|27\/100 psn|[from] item: Rocky Helmet|[of] p1a: Mariachi\n|faint|p1a: Mariachi\n|-damage|p2b: Flapple|17\/100 psn|[from] item: Life Orb\n|\n|win|Chamuscos\n|c| Flexkip|dx\n|l| Rubenator_64\n","uploadtime":1695319022,"views":19,"p1id":"senon32","p2id":"chamuscos","formatid":"gen9nationaldexdoubles","rating":0,"private":0,"password":""}