{"id":"gen9nationaldexdoubles-1961845049","p1":"ido4231","p2":"Stonny","format":"[Gen 9] National Dex Doubles","log":"|j|\u2606ido4231\n|j|\u2606Stonny\n|t:|1696679487\n|gametype|doubles\n|player|p1|ido4231|169|1084\n|player|p2|Stonny|acetrainer-gen4dp|1184\n|teamsize|p1|6\n|teamsize|p2|6\n|gen|9\n|tier|[Gen 9] National Dex Doubles\n|rated|\n|rule|HP Percentage Mod: HP is shown in percentages\n|rule|Endless Battle Clause: Forcing endless battles is banned\n|rule|OHKO Clause: OHKO moves are banned\n|rule|Evasion Moves Clause: Evasion moves are banned\n|rule|Evasion Abilities Clause: Evasion abilities are banned\n|rule|Species Clause: Limit one of each Pok\u00e9mon\n|rule|Gravity Sleep Clause: The combination of sleep-inducing moves with imperfect accuracy and Gravity or Gigantamax Orbeetle are banned\n|clearpoke\n|poke|p1|Gholdengo|\n|poke|p1|Iron Bundle|\n|poke|p1|Chi-Yu|\n|poke|p1|Dragonite, M|\n|poke|p1|Kingambit, M|\n|poke|p1|Amoonguss, M|\n|poke|p2|Tyranitar, M|\n|poke|p2|Diancie|\n|poke|p2|Iron Hands|\n|poke|p2|Gyarados, F|\n|poke|p2|Armarouge, F|\n|poke|p2|Indeedee-F, F|\n|teampreview\n|inactive|Battle timer is ON: inactive players will automatically lose when time's up. (requested by Stonny)\n|\n|t:|1696679499\n|start\n|switch|p1a: Gholdengo|Gholdengo|100\/100\n|switch|p1b: Iron Bundle|Iron Bundle|100\/100\n|switch|p2a: Armarouge|Armarouge, F|100\/100\n|switch|p2b: Indeedee|Indeedee-F, F|100\/100\n|-fieldstart|move: Psychic Terrain|[from] ability: Psychic Surge|[of] p2b: Indeedee\n|-enditem|p2b: Indeedee|Psychic Seed\n|-boost|p2b: Indeedee|spd|1|[from] item: Psychic Seed\n|turn|1\n|\n|t:|1696679520\n|move|p2b: Indeedee|Follow Me|p2b: Indeedee\n|-singleturn|p2b: Indeedee|move: Follow Me\n|move|p1b: Iron Bundle|Freeze-Dry|p2b: Indeedee\n|-damage|p2b: Indeedee|75\/100\n|move|p1a: Gholdengo|Make It Rain|p2b: Indeedee|[spread] p2a,p2b\n|-resisted|p2a: Armarouge\n|-damage|p2a: Armarouge|72\/100\n|-damage|p2b: Indeedee|44\/100\n|-unboost|p1a: Gholdengo|spa|1\n|move|p2a: Armarouge|Trick Room|p2a: Armarouge\n|-fieldstart|move: Trick Room|[of] p2a: Armarouge\n|\n|upkeep\n|turn|2\n|\n|t:|1696679536\n|move|p2b: Indeedee|Helping Hand|p2a: Armarouge\n|-singleturn|p2a: Armarouge|Helping Hand|[of] p2b: Indeedee\n|move|p2a: Armarouge|Expanding Force|p1b: Iron Bundle|[spread] p1a,p1b\n|-resisted|p1a: Gholdengo\n|-damage|p1a: Gholdengo|46\/100\n|-enditem|p1b: Iron Bundle|Focus Sash\n|-damage|p1b: Iron Bundle|1\/100\n|move|p1a: Gholdengo|Make It Rain|p2a: Armarouge|[spread] p2a,p2b\n|-resisted|p2a: Armarouge\n|-damage|p2a: Armarouge|53\/100\n|-damage|p2b: Indeedee|23\/100\n|-unboost|p1a: Gholdengo|spa|1\n|move|p1b: Iron Bundle|Freeze-Dry|p2b: Indeedee\n|-damage|p2b: Indeedee|0 fnt\n|faint|p2b: Indeedee\n|\n|upkeep\n|inactive|Stonny has 120 seconds left.\n|\n|t:|1696679572\n|switch|p2b: Iron Hands|Iron Hands|100\/100\n|-enditem|p2b: Iron Hands|Booster Energy\n|-activate|p2b: Iron Hands|ability: Quark Drive|[fromitem]\n|-start|p2b: Iron Hands|quarkdriveatk\n|turn|3\n|\n|t:|1696679595\n|move|p1b: Iron Bundle|Protect|p1b: Iron Bundle\n|-singleturn|p1b: Iron Bundle|Protect\n|move|p2b: Iron Hands|Drain Punch|p1b: Iron Bundle\n|-activate|p1b: Iron Bundle|move: Protect\n|-zpower|p2a: Armarouge\n|move|p2a: Armarouge|Inferno Overdrive|p1a: Gholdengo|[zeffect]\n|-supereffective|p1a: Gholdengo\n|-crit|p1a: Gholdengo\n|-damage|p1a: Gholdengo|0 fnt\n|faint|p1a: Gholdengo\n|\n|upkeep\n|\n|t:|1696679609\n|switch|p1a: Dragonite|Dragonite, M|100\/100\n|turn|4\n|\n|t:|1696679627\n|-end|p1b: Iron Bundle|Quark Drive|[silent]\n|switch|p1b: Kingambit|Kingambit, M|100\/100\n|-activate|p1b: Kingambit|ability: Supreme Overlord\n|-start|p1b: Kingambit|fallen1|[silent]\n|move|p2b: Iron Hands|Wild Charge|p1a: Dragonite\n|-crit|p1a: Dragonite\n|-damage|p1a: Dragonite|0 fnt\n|faint|p1a: Dragonite\n|-damage|p2b: Iron Hands|82\/100|[from] Recoil\n|move|p2a: Armarouge|Expanding Force|p1b: Kingambit\n|-immune|p1b: Kingambit\n|\n|upkeep\n|\n|t:|1696679639\n|switch|p1a: Amoonguss|Amoonguss, M|100\/100\n|turn|5\n|\n|t:|1696679654\n|-terastallize|p2b: Iron Hands|Grass\n|move|p2a: Armarouge|Protect|p2a: Armarouge\n|-singleturn|p2a: Armarouge|Protect\n|move|p1b: Kingambit|Sucker Punch||[still]\n|-fail|p1b: Kingambit\n|move|p2b: Iron Hands|Drain Punch|p1b: Kingambit\n|-supereffective|p1b: Kingambit\n|-damage|p1b: Kingambit|0 fnt\n|-heal|p2b: Iron Hands|100\/100|[from] drain|[of] p1b: Kingambit\n|faint|p1b: Kingambit\n|-end|p1b: Kingambit|fallen1|[silent]\n|move|p1a: Amoonguss|Spore|p2b: Iron Hands\n|-immune|p2b: Iron Hands\n|\n|-fieldend|move: Trick Room\n|-fieldend|move: Psychic Terrain\n|upkeep\n|\n|t:|1696679667\n|switch|p1b: Chi-Yu|Chi-Yu|100\/100\n|-ability|p1b: Chi-Yu|Beads of Ruin\n|turn|6\n|\n|t:|1696679679\n|move|p1b: Chi-Yu|Heat Wave|p2a: Armarouge|[spread] p2b\n|-start|p2a: Armarouge|ability: Flash Fire\n|-supereffective|p2b: Iron Hands\n|-damage|p2b: Iron Hands|0 fnt\n|faint|p2b: Iron Hands\n|-end|p2b: Iron Hands|Quark Drive|[silent]\n|-damage|p1b: Chi-Yu|91\/100|[from] item: Life Orb\n|move|p2a: Armarouge|Armor Cannon|p1a: Amoonguss\n|-supereffective|p1a: Amoonguss\n|-damage|p1a: Amoonguss|0 fnt\n|-unboost|p2a: Armarouge|def|1\n|-unboost|p2a: Armarouge|spd|1\n|faint|p1a: Amoonguss\n|\n|upkeep\n|\n|t:|1696679690\n|switch|p1a: Iron Bundle|Iron Bundle|1\/100\n|switch|p2b: Diancie|Diancie|100\/100\n|turn|7\n|\n|t:|1696679703\n|-end|p2a: Armarouge|ability: Flash Fire|[silent]\n|switch|p2a: Tyranitar|Tyranitar, M|100\/100\n|-weather|Sandstorm|[from] ability: Sand Stream|[of] p2a: Tyranitar\n|move|p1a: Iron Bundle|Hydro Pump|p2b: Diancie\n|-supereffective|p2b: Diancie\n|-damage|p2b: Diancie|14\/100\n|-enditem|p2b: Diancie|Weakness Policy\n|-boost|p2b: Diancie|atk|2|[from] item: Weakness Policy\n|-boost|p2b: Diancie|spa|2|[from] item: Weakness Policy\n|move|p1b: Chi-Yu|Dark Pulse|p2a: Tyranitar\n|-resisted|p2a: Tyranitar\n|-damage|p2a: Tyranitar|77\/100\n|-damage|p1b: Chi-Yu|81\/100|[from] item: Life Orb\n|move|p2b: Diancie|Trick Room|p2b: Diancie\n|-fieldstart|move: Trick Room|[of] p2b: Diancie\n|\n|-weather|Sandstorm|[upkeep]\n|-damage|p1b: Chi-Yu|75\/100|[from] Sandstorm\n|-damage|p1a: Iron Bundle|0 fnt|[from] Sandstorm\n|faint|p1a: Iron Bundle\n|-end|p1a: Iron Bundle|Quark Drive|[silent]\n|upkeep\n|turn|8\n|\n|t:|1696679720\n|detailschange|p2a: Tyranitar|Tyranitar-Mega, M\n|-mega|p2a: Tyranitar|Tyranitar|Tyranitarite\n|move|p2b: Diancie|Diamond Storm|p1b: Chi-Yu\n|-supereffective|p1b: Chi-Yu\n|-damage|p1b: Chi-Yu|0 fnt\n|faint|p1b: Chi-Yu\n|\n|win|Stonny\n|raw|ido4231's rating: 1084 &rarr; <strong>1068<\/strong><br \/>(-16 for losing)\n|raw|Stonny's rating: 1184 &rarr; <strong>1202<\/strong><br \/>(+18 for winning)\n|l|\u2606ido4231\n","uploadtime":1696679730,"views":7,"p1id":"ido4231","p2id":"stonny","formatid":"gen9nationaldexdoubles","rating":1068,"private":0,"password":""}