{"id":"gen9nationaldexdoubles-1995309571","p1":"Valerio287","p2":"Sargenbob","format":"[Gen 9] National Dex Doubles","log":"|j|\u2606Valerio287\n|j|\u2606Sargenbob\n|t:|1700551234\n|gametype|doubles\n|player|p1|Valerio287|n|1355\n|player|p2|Sargenbob|red|1099\n|teamsize|p1|6\n|teamsize|p2|6\n|gen|9\n|tier|[Gen 9] National Dex Doubles\n|rated|\n|rule|HP Percentage Mod: HP is shown in percentages\n|rule|Endless Battle Clause: Forcing endless battles is banned\n|rule|OHKO Clause: OHKO moves are banned\n|rule|Evasion Moves Clause: Evasion moves are banned\n|rule|Evasion Abilities Clause: Evasion abilities are banned\n|rule|Species Clause: Limit one of each Pok\u00e9mon\n|rule|Gravity Sleep Clause: The combination of sleep-inducing moves with imperfect accuracy and Gravity or Gigantamax Orbeetle are banned\n|clearpoke\n|poke|p1|Regieleki|\n|poke|p1|Incineroar, M|\n|poke|p1|Rillaboom, M|\n|poke|p1|Blastoise, F|\n|poke|p1|Chien-Pao|\n|poke|p1|Chi-Yu|\n|poke|p2|Ursaluna, F|\n|poke|p2|Gothitelle, F|\n|poke|p2|Salamence, F|\n|poke|p2|Amoonguss, F|\n|poke|p2|Diancie|\n|poke|p2|Incineroar, F|\n|teampreview\n|inactive|Battle timer is ON: inactive players will automatically lose when time's up. (requested by Valerio287)\n|\n|t:|1700551254\n|start\n|switch|p1a: Regieleki|Regieleki, shiny|100\/100\n|switch|p1b: Incineroar|Incineroar, M, shiny|100\/100\n|switch|p2a: Toad|Amoonguss, F, shiny|100\/100\n|switch|p2b: Waifu|Gothitelle, F, shiny|100\/100\n|-ability|p1b: Incineroar|Intimidate|boost\n|-unboost|p2a: Toad|atk|1\n|-unboost|p2b: Waifu|atk|1\n|turn|1\n|\n|t:|1700551272\n|move|p2b: Waifu|Protect|p2b: Waifu\n|-singleturn|p2b: Waifu|Protect\n|move|p1a: Regieleki|Electroweb|p2a: Toad|[spread] p2a\n|-activate|p2b: Waifu|move: Protect\n|-resisted|p2a: Toad\n|-damage|p2a: Toad|81\/100\n|-unboost|p2a: Toad|spe|1\n|move|p1b: Incineroar|Flare Blitz|p2a: Toad\n|-supereffective|p2a: Toad\n|-damage|p2a: Toad|11\/100\n|-damage|p1b: Incineroar|84\/100|[from] item: Rocky Helmet|[of] p2a: Toad\n|-damage|p1b: Incineroar|59\/100|[from] Recoil\n|move|p2a: Toad|Spore|p1a: Regieleki\n|-status|p1a: Regieleki|slp|[from] move: Spore\n|\n|upkeep\n|turn|2\n|\n|t:|1700551295\n|switch|p2a: Freddy|Ursaluna, F, shiny|100\/100\n|cant|p1a: Regieleki|slp\n|move|p1b: Incineroar|Knock Off|p2b: Waifu\n|-supereffective|p2b: Waifu\n|-damage|p2b: Waifu|28\/100\n|-enditem|p2b: Waifu|Sitrus Berry|[from] move: Knock Off|[of] p1b: Incineroar\n|move|p2b: Waifu|Trick Room|p2b: Waifu\n|-fieldstart|move: Trick Room|[of] p2b: Waifu\n|\n|-status|p2a: Freddy|brn|[from] item: Flame Orb\n|upkeep\n|turn|3\n|\n|t:|1700551314\n|switch|p2b: Toad|Amoonguss, F, shiny|45\/100\n|move|p2a: Freddy|Facade|p1b: Incineroar\n|-damage|p1b: Incineroar|0 fnt\n|faint|p1b: Incineroar\n|cant|p1a: Regieleki|slp\n|\n|-damage|p2a: Freddy|94\/100 brn|[from] brn\n|upkeep\n|\n|t:|1700551328\n|switch|p1b: Rillaboom|Rillaboom, M, shiny|100\/100\n|-fieldstart|move: Grassy Terrain|[from] ability: Grassy Surge|[of] p1b: Rillaboom\n|turn|4\n|\n|t:|1700551342\n|switch|p1a: Blastoise|Blastoise, F, shiny|100\/100\n|move|p2b: Toad|Rage Powder|p2b: Toad\n|-singleturn|p2b: Toad|move: Rage Powder\n|move|p1b: Rillaboom|Grassy Glide|p2a: Freddy\n|-supereffective|p2a: Freddy\n|-damage|p2a: Freddy|40\/100 brn\n|move|p2a: Freddy|Facade|p1a: Blastoise\n|-damage|p1a: Blastoise|0 fnt\n|faint|p1a: Blastoise\n|\n|-heal|p2b: Toad|51\/100|[from] Grassy Terrain\n|-heal|p2a: Freddy|46\/100 brn|[from] Grassy Terrain\n|-damage|p2a: Freddy|40\/100 brn|[from] brn\n|upkeep\n|\n|t:|1700551360\n|switch|p1a: Chien-Pao|Chien-Pao|100\/100\n|-ability|p1a: Chien-Pao|Sword of Ruin\n|turn|5\n|\n|t:|1700551368\n|switch|p2a: Waifu|Gothitelle, F, shiny|28\/100\n|move|p1b: Rillaboom|Grassy Glide|p2a: Waifu\n|-damage|p2a: Waifu|0 fnt\n|faint|p2a: Waifu\n|move|p2b: Toad|Spore|p1a: Chien-Pao\n|-status|p1a: Chien-Pao|slp|[from] move: Spore\n|cant|p1a: Chien-Pao|slp\n|\n|-heal|p2b: Toad|57\/100|[from] Grassy Terrain\n|upkeep\n|\n|t:|1700551378\n|switch|p2a: El-Macho|Incineroar, F, shiny|100\/100\n|-ability|p2a: El-Macho|Intimidate|boost\n|-unboost|p1a: Chien-Pao|atk|1\n|-unboost|p1b: Rillaboom|atk|1\n|turn|6\n|inactive|Valerio287 has 120 seconds left.\n|\n|t:|1700551417\n|switch|p2b: Shenron|Salamence, F, shiny|100\/100\n|-ability|p2b: Shenron|Intimidate|boost\n|-unboost|p1a: Chien-Pao|atk|1\n|-unboost|p1b: Rillaboom|atk|1\n|-terastallize|p1b: Rillaboom|Ground\n|move|p2a: El-Macho|Flare Blitz|p1a: Chien-Pao\n|-supereffective|p1a: Chien-Pao\n|-enditem|p1a: Chien-Pao|Focus Sash\n|-damage|p1a: Chien-Pao|1\/100 slp\n|-damage|p2a: El-Macho|75\/100|[from] Recoil\n|move|p1b: Rillaboom|High Horsepower|p2a: El-Macho\n|-supereffective|p2a: El-Macho\n|-damage|p2a: El-Macho|11\/100\n|cant|p1a: Chien-Pao|slp\n|\n|-heal|p2a: El-Macho|17\/100|[from] Grassy Terrain\n|-heal|p1a: Chien-Pao|7\/100 slp|[from] Grassy Terrain\n|-fieldend|move: Trick Room\n|upkeep\n|turn|7\n|inactive|Valerio287 has 120 seconds left.\n|\n|t:|1700551458\n|detailschange|p2b: Shenron|Salamence-Mega, F, shiny\n|-mega|p2b: Shenron|Salamence|Salamencite\n|cant|p1a: Chien-Pao|slp\n|move|p2b: Shenron|Breaking Swipe|p1b: Rillaboom|[spread] p1a,p1b\n|-damage|p1a: Chien-Pao|0 fnt\n|-damage|p1b: Rillaboom|73\/100\n|-unboost|p1b: Rillaboom|atk|1\n|faint|p1a: Chien-Pao\n|move|p1b: Rillaboom|U-turn|p2a: El-Macho\n|-damage|p2a: El-Macho|7\/100\n|\n|t:|1700551471\n|switch|p1b: Chi-Yu|Chi-Yu|100\/100|[from] U-turn\n|-ability|p1b: Chi-Yu|Beads of Ruin\n|move|p2a: El-Macho|Knock Off|p1b: Chi-Yu\n|-resisted|p1b: Chi-Yu\n|-damage|p1b: Chi-Yu|68\/100\n|-enditem|p1b: Chi-Yu|Choice Scarf|[from] move: Knock Off|[of] p2a: El-Macho\n|\n|-heal|p1b: Chi-Yu|74\/100|[from] Grassy Terrain\n|-heal|p2a: El-Macho|13\/100|[from] Grassy Terrain\n|upkeep\n|inactive|Valerio287 has 90 seconds left.\n|\n|t:|1700551483\n|switch|p1a: Regieleki|Regieleki, shiny|100\/100 slp\n|turn|8\n|\n|t:|1700551493\n|switch|p2a: Crystal|Diancie, shiny|100\/100\n|-curestatus|p1a: Regieleki|slp|[msg]\n|move|p1a: Regieleki|Electroweb|p2a: Crystal|[spread] p2a,p2b\n|-damage|p2a: Crystal|59\/100\n|-damage|p2b: Shenron|41\/100\n|-unboost|p2b: Shenron|spe|1\n|move|p1b: Chi-Yu|Heat Wave|p2b: Shenron|[spread] p2a,p2b\n|-resisted|p2a: Crystal\n|-resisted|p2b: Shenron\n|-damage|p2a: Crystal|41\/100\n|-damage|p2b: Shenron|12\/100\n|-status|p2b: Shenron|brn\n|move|p2b: Shenron|Breaking Swipe|p1a: Regieleki|[spread] p1a,p1b\n|-crit|p1b: Chi-Yu\n|-damage|p1a: Regieleki|81\/100\n|-damage|p1b: Chi-Yu|49\/100\n|-unboost|p1a: Regieleki|atk|1\n|-unboost|p1b: Chi-Yu|atk|1\n|\n|-heal|p1a: Regieleki|87\/100|[from] Grassy Terrain\n|-heal|p1b: Chi-Yu|54\/100|[from] Grassy Terrain\n|-heal|p2a: Crystal|47\/100|[from] Grassy Terrain\n|-damage|p2b: Shenron|6\/100 brn|[from] brn\n|-fieldend|move: Grassy Terrain\n|upkeep\n|turn|9\n|inactive|Valerio287 has 120 seconds left.\n|\n|t:|1700551518\n|move|p2b: Shenron|Protect|p2b: Shenron\n|-singleturn|p2b: Shenron|Protect\n|move|p1a: Regieleki|Electroweb|p2b: Shenron|[spread] p2a\n|-activate|p2b: Shenron|move: Protect\n|-damage|p2a: Crystal|8\/100\n|move|p1b: Chi-Yu|Heat Wave|p2b: Shenron|[spread] p2a\n|-activate|p2b: Shenron|move: Protect\n|-resisted|p2a: Crystal\n|-damage|p2a: Crystal|0 fnt\n|faint|p2a: Crystal\n|\n|-damage|p2b: Shenron|0 fnt|[from] brn\n|faint|p2b: Shenron\n|upkeep\n|inactive|Sargenbob has 120 seconds left.\n|\n|t:|1700551539\n|switch|p2b: Toad|Amoonguss, F, shiny|91\/100\n|switch|p2a: El-Macho|Incineroar, F, shiny|13\/100\n|-ability|p2a: El-Macho|Intimidate|boost\n|-unboost|p1a: Regieleki|atk|1\n|-unboost|p1b: Chi-Yu|atk|1\n|turn|10\n|\n|t:|1700551554\n|switch|p1b: Rillaboom|Rillaboom, M, shiny, tera:Ground|73\/100\n|-fieldstart|move: Grassy Terrain|[from] ability: Grassy Surge|[of] p1b: Rillaboom\n|move|p2a: El-Macho|Fake Out|p1b: Rillaboom\n|-damage|p1b: Rillaboom|63\/100\n|move|p1a: Regieleki|Electroweb|p2a: El-Macho|[spread] p2a,p2b\n|-resisted|p2b: Toad\n|-damage|p2a: El-Macho|0 fnt\n|-damage|p2b: Toad|72\/100\n|-unboost|p2b: Toad|spe|1\n|faint|p2a: El-Macho\n|move|p2b: Toad|Spore|p1a: Regieleki\n|-status|p1a: Regieleki|slp|[from] move: Spore\n|\n|-heal|p1a: Regieleki|93\/100 slp|[from] Grassy Terrain\n|-heal|p1b: Rillaboom|69\/100|[from] Grassy Terrain\n|-heal|p2b: Toad|78\/100|[from] Grassy Terrain\n|upkeep\n|\n|t:|1700551566\n|switch|p2a: Freddy|Ursaluna, F, shiny|40\/100 brn\n|turn|11\n|\n|t:|1700551577\n|move|p2a: Freddy|Protect|p2a: Freddy\n|-singleturn|p2a: Freddy|Protect\n|move|p1b: Rillaboom|Grassy Glide|p2a: Freddy\n|-activate|p2a: Freddy|move: Protect\n|cant|p1a: Regieleki|slp\n|move|p2b: Toad|Spore|p1b: Rillaboom\n|-status|p1b: Rillaboom|slp|[from] move: Spore\n|\n|-heal|p1a: Regieleki|99\/100 slp|[from] Grassy Terrain\n|-heal|p1b: Rillaboom|75\/100 slp|[from] Grassy Terrain\n|-heal|p2a: Freddy|46\/100 brn|[from] Grassy Terrain\n|-heal|p2b: Toad|84\/100|[from] Grassy Terrain\n|-damage|p2a: Freddy|40\/100 brn|[from] brn\n|upkeep\n|turn|12\n|inactive|Valerio287 has 120 seconds left.\n|\n|t:|1700551618\n|cant|p1b: Rillaboom|slp\n|cant|p1a: Regieleki|slp\n|move|p2a: Freddy|Facade|p1a: Regieleki\n|-damage|p1a: Regieleki|0 fnt\n|faint|p1a: Regieleki\n|move|p2b: Toad|Pollen Puff|p2a: Freddy\n|-heal|p2a: Freddy|90\/100 brn\n|\n|-heal|p1b: Rillaboom|82\/100 slp|[from] Grassy Terrain\n|-heal|p2a: Freddy|96\/100 brn|[from] Grassy Terrain\n|-heal|p2b: Toad|91\/100|[from] Grassy Terrain\n|-damage|p2a: Freddy|90\/100 brn|[from] brn\n|upkeep\n|\n|t:|1700551635\n|switch|p1a: Chi-Yu|Chi-Yu|54\/100\n|-ability|p1a: Chi-Yu|Beads of Ruin\n|turn|13\n|inactive|Valerio287 has 120 seconds left.\n|\n|t:|1700551650\n|-terastallize|p2b: Toad|Water\n|move|p2a: Freddy|Protect|p2a: Freddy\n|-singleturn|p2a: Freddy|Protect\n|move|p1a: Chi-Yu|Heat Wave|p2b: Toad|[spread] p2b\n|-activate|p2a: Freddy|move: Protect\n|-resisted|p2b: Toad\n|-damage|p2b: Toad|66\/100\n|cant|p1b: Rillaboom|slp\n|move|p2b: Toad|Spore|p1a: Chi-Yu\n|-status|p1a: Chi-Yu|slp|[from] move: Spore\n|\n|-heal|p1a: Chi-Yu|60\/100 slp|[from] Grassy Terrain\n|-heal|p1b: Rillaboom|88\/100 slp|[from] Grassy Terrain\n|-heal|p2a: Freddy|96\/100 brn|[from] Grassy Terrain\n|-heal|p2b: Toad|72\/100|[from] Grassy Terrain\n|-damage|p2a: Freddy|90\/100 brn|[from] brn\n|upkeep\n|turn|14\n|inactive|Valerio287 has 120 seconds left.\n|\n|t:|1700551681\n|cant|p1b: Rillaboom|slp\n|cant|p1a: Chi-Yu|slp\n|move|p2a: Freddy|Facade|p1a: Chi-Yu\n|-damage|p1a: Chi-Yu|0 fnt\n|faint|p1a: Chi-Yu\n|move|p2b: Toad|Pollen Puff|p1b: Rillaboom\n|-damage|p1b: Rillaboom|74\/100 slp\n|\n|-heal|p1b: Rillaboom|80\/100 slp|[from] Grassy Terrain\n|-heal|p2a: Freddy|96\/100 brn|[from] Grassy Terrain\n|-heal|p2b: Toad|78\/100|[from] Grassy Terrain\n|-damage|p2a: Freddy|90\/100 brn|[from] brn\n|-fieldend|move: Grassy Terrain\n|upkeep\n|turn|15\n|inactive|Valerio287 has 120 seconds left.\n|\n|t:|1700551700\n|move|p2b: Toad|Rage Powder|p2b: Toad\n|-singleturn|p2b: Toad|move: Rage Powder\n|-curestatus|p1b: Rillaboom|slp|[msg]\n|move|p1b: Rillaboom|Grassy Glide|p2b: Toad\n|-supereffective|p2b: Toad\n|-damage|p2b: Toad|35\/100\n|-damage|p1b: Rillaboom|64\/100|[from] item: Rocky Helmet|[of] p2b: Toad\n|move|p2a: Freddy|Facade|p1b: Rillaboom\n|-damage|p1b: Rillaboom|0 fnt\n|faint|p1b: Rillaboom\n|\n|win|Sargenbob\n|raw|Valerio287's rating: 1369 &rarr; <strong>1336<\/strong><br \/>(-33 for losing)\n|raw|Sargenbob's rating: 1099 &rarr; <strong>1141<\/strong><br \/>(+42 for winning)\n|c|\u2606Sargenbob|gg\n","uploadtime":1700551716,"views":1,"p1id":"valerio287","p2id":"sargenbob","formatid":"gen9nationaldexdoubles","rating":1141,"private":0,"password":""}