{"id":"gen9nationaldexdoubles-1999612887","p1":"djman346688","p2":"fumbari 24","format":"[Gen 9] National Dex Doubles","log":"|j|\u2606djman346688\n|j|\u2606fumbari 24\n|t:|1701101199\n|gametype|doubles\n|player|p1|djman346688|lucy|1165\n|player|p2|fumbari 24|hilbert|1076\n|teamsize|p1|6\n|teamsize|p2|6\n|gen|9\n|tier|[Gen 9] National Dex Doubles\n|rated|\n|rule|HP Percentage Mod: HP is shown in percentages\n|rule|Endless Battle Clause: Forcing endless battles is banned\n|rule|OHKO Clause: OHKO moves are banned\n|rule|Evasion Moves Clause: Evasion moves are banned\n|rule|Evasion Abilities Clause: Evasion abilities are banned\n|rule|Species Clause: Limit one of each Pok\u00e9mon\n|rule|Gravity Sleep Clause: The combination of sleep-inducing moves with imperfect accuracy and Gravity or Gigantamax Orbeetle are banned\n|clearpoke\n|poke|p1|Incineroar, M|\n|poke|p1|Primarina, F|\n|poke|p1|Landorus-Therian, M|\n|poke|p1|Cresselia, F|\n|poke|p1|Garchomp, M|\n|poke|p1|Reuniclus, F|\n|poke|p2|Salazzle, F|\n|poke|p2|Vespiquen, F|\n|poke|p2|Mandibuzz, F|\n|poke|p2|Tyrantrum, F|\n|poke|p2|Chandelure, F|\n|poke|p2|Empoleon, M|\n|teampreview\n|inactive|Battle timer is ON: inactive players will automatically lose when time's up. (requested by djman346688)\n|\n|t:|1701101206\n|start\n|switch|p1a: Cheese!|Incineroar, M, shiny|100\/100\n|switch|p1b: Sabrina|Primarina, F, shiny|100\/100\n|switch|p2a: Tyrantrum|Tyrantrum, F, shiny|100\/100\n|switch|p2b: Salazzle|Salazzle, F, shiny|100\/100\n|-ability|p1a: Cheese!|Intimidate|boost\n|-fail|p2a: Tyrantrum|unboost|[from] item: Clear Amulet|[of] p2a: Tyrantrum\n|-fail|p2b: Salazzle|unboost|Attack|[from] ability: Oblivious|[of] p2b: Salazzle\n|turn|1\n|\n|t:|1701101220\n|move|p2b: Salazzle|Fake Out|p1a: Cheese!\n|-damage|p1a: Cheese!|94\/100\n|cant|p1a: Cheese!|flinch\n|move|p2a: Tyrantrum|Head Smash|p1b: Sabrina\n|-damage|p1b: Sabrina|19\/100\n|move|p1b: Sabrina|Hyper Voice|p2b: Salazzle|[spread] p2a,p2b\n|-supereffective|p2b: Salazzle\n|-damage|p2a: Tyrantrum|43\/100\n|-damage|p2b: Salazzle|0 fnt\n|faint|p2b: Salazzle\n|-enditem|p1b: Sabrina|Throat Spray\n|-boost|p1b: Sabrina|spa|1|[from] item: Throat Spray\n|\n|upkeep\n|\n|t:|1701101240\n|switch|p2b: Empoleon|Empoleon, M, shiny|100\/100\n|turn|2\n|\n|t:|1701101250\n|-terastallize|p1a: Cheese!|Flying\n|move|p1b: Sabrina|Protect|p1b: Sabrina\n|-singleturn|p1b: Sabrina|Protect\n|move|p2a: Tyrantrum|Rock Slide|p1a: Cheese!|[spread] p1a\n|-activate|p1b: Sabrina|move: Protect\n|-supereffective|p1a: Cheese!\n|-damage|p1a: Cheese!|37\/100\n|move|p2b: Empoleon|Scald|p1a: Cheese!\n|-damage|p1a: Cheese!|11\/100\n|move|p1a: Cheese!|Knock Off|p2a: Tyrantrum\n|-damage|p2a: Tyrantrum|0 fnt\n|-enditem|p2a: Tyrantrum|Clear Amulet|[from] move: Knock Off|[of] p1a: Cheese!\n|faint|p2a: Tyrantrum\n|\n|upkeep\n|\n|t:|1701101276\n|switch|p2a: Chandelure|Chandelure, F|100\/100\n|turn|3\n|\n|t:|1701101288\n|move|p2a: Chandelure|Heat Wave|p1a: Cheese!|[spread] p1a,p1b\n|-resisted|p1b: Sabrina\n|-damage|p1a: Cheese!|0 fnt\n|-damage|p1b: Sabrina|0 fnt\n|faint|p1a: Cheese!\n|faint|p1b: Sabrina\n|move|p2b: Empoleon|Flash Cannon|p1: Cheese!|[notarget]\n|-fail|p2b: Empoleon\n|\n|upkeep\n|\n|t:|1701101294\n|switch|p1a: Moon Walkers|Landorus-Therian, M|100\/100\n|switch|p1b: Skybite|Garchomp, M|100\/100\n|-ability|p1a: Moon Walkers|Intimidate|boost\n|-unboost|p2a: Chandelure|atk|1\n|-unboost|p2b: Empoleon|atk|1\n|-ability|p2b: Empoleon|Competitive|boost\n|-boost|p2b: Empoleon|spa|2\n|turn|4\n|\n|t:|1701101307\n|move|p2b: Empoleon|Protect|p2b: Empoleon\n|-singleturn|p2b: Empoleon|Protect\n|move|p1b: Skybite|Earthquake|p2a: Chandelure|[spread] p2a\n|-activate|p2b: Empoleon|move: Protect\n|-immune|p1a: Moon Walkers\n|-supereffective|p2a: Chandelure\n|-damage|p2a: Chandelure|9\/100\n|move|p1a: Moon Walkers|Stomping Tantrum|p2b: Empoleon\n|-activate|p2b: Empoleon|move: Protect\n|move|p2a: Chandelure|Trick Room|p2a: Chandelure\n|-fieldstart|move: Trick Room|[of] p2a: Chandelure\n|\n|upkeep\n|turn|5\n|\n|t:|1701101325\n|switch|p1a: Seforia|Cresselia, F|100\/100\n|-terastallize|p2b: Empoleon|Water\n|move|p2b: Empoleon|Scald|p1a: Seforia\n|-damage|p1a: Seforia|55\/100\n|-status|p1a: Seforia|brn\n|move|p2a: Chandelure|Heat Wave|p1a: Seforia|[spread] p1a,p1b\n|-resisted|p1b: Skybite\n|-damage|p1a: Seforia|29\/100 brn\n|-damage|p1b: Skybite|76\/100\n|-status|p1b: Skybite|brn\n|move|p1b: Skybite|Earthquake|p2a: Chandelure|[spread] p2a,p2b\n|-immune|p1a: Seforia|[from] ability: Levitate\n|-supereffective|p2a: Chandelure\n|-damage|p2a: Chandelure|0 fnt\n|-damage|p2b: Empoleon|87\/100\n|faint|p2a: Chandelure\n|\n|-heal|p2b: Empoleon|93\/100|[from] item: Leftovers\n|-heal|p1a: Seforia|35\/100 brn|[from] item: Leftovers\n|-damage|p1a: Seforia|29\/100 brn|[from] brn\n|-damage|p1b: Skybite|70\/100 brn|[from] brn\n|upkeep\n|\n|t:|1701101344\n|switch|p2a: Vespiquen|Vespiquen, F|100\/100\n|-ability|p2a: Vespiquen|Unnerve\n|turn|6\n|\n|t:|1701101356\n|move|p2a: Vespiquen|Attack Order|p1a: Seforia\n|-supereffective|p1a: Seforia\n|-damage|p1a: Seforia|0 fnt\n|faint|p1a: Seforia\n|move|p2b: Empoleon|Scald|p1b: Skybite\n|-damage|p1b: Skybite|0 fnt\n|faint|p1b: Skybite\n|\n|-heal|p2b: Empoleon|99\/100|[from] item: Leftovers\n|upkeep\n|\n|t:|1701101360\n|switch|p1a: Lil Child|Reuniclus, F|100\/100\n|switch|p1b: Moon Walkers|Landorus-Therian, M|100\/100\n|-ability|p1b: Moon Walkers|Intimidate|boost\n|-unboost|p2a: Vespiquen|atk|1\n|-unboost|p2b: Empoleon|atk|1\n|-ability|p2b: Empoleon|Competitive|boost\n|-boost|p2b: Empoleon|spa|2\n|turn|7\n|\n|t:|1701101375\n|move|p2a: Vespiquen|Attack Order|p1a: Lil Child\n|-supereffective|p1a: Lil Child\n|-damage|p1a: Lil Child|67\/100\n|move|p1a: Lil Child|Expanding Force|p2b: Empoleon\n|-damage|p2b: Empoleon|52\/100\n|move|p2b: Empoleon|Scald|p1b: Moon Walkers\n|-supereffective|p1b: Moon Walkers\n|-damage|p1b: Moon Walkers|0 fnt\n|faint|p1b: Moon Walkers\n|\n|-heal|p2b: Empoleon|58\/100|[from] item: Leftovers\n|upkeep\n|turn|8\n|-message|djman346688 forfeited.\n|\n|win|fumbari 24\n|raw|djman346688's rating: 1165 &rarr; <strong>1134<\/strong><br \/>(-31 for losing)\n|raw|fumbari 24's rating: 1076 &rarr; <strong>1112<\/strong><br \/>(+36 for winning)\n|l|\u2606djman346688\n","uploadtime":1701101385,"views":5,"p1id":"djman346688","p2id":"fumbari24","formatid":"gen9nationaldexdoubles","rating":1112,"private":0,"password":""}