{"id":"gen9nationaldexdoubles-1956365508","p1":"EthanMenos10","p2":"Mokaccino321","format":"[Gen 9] National Dex Doubles","log":"|j|\u2606EthanMenos10\n|j|\u2606Mokaccino321\n|t:|1696100785\n|gametype|doubles\n|player|p1|EthanMenos10|cyclist-gen4|1250\n|player|p2|Mokaccino321|1|1488\n|teamsize|p1|6\n|teamsize|p2|6\n|gen|9\n|tier|[Gen 9] National Dex Doubles\n|rated|\n|rule|HP Percentage Mod: HP is shown in percentages\n|rule|Endless Battle Clause: Forcing endless battles is banned\n|rule|OHKO Clause: OHKO moves are banned\n|rule|Evasion Moves Clause: Evasion moves are banned\n|rule|Evasion Abilities Clause: Evasion abilities are banned\n|rule|Species Clause: Limit one of each Pok\u00e9mon\n|rule|Gravity Sleep Clause: The combination of sleep-inducing moves with imperfect accuracy and Gravity or Gigantamax Orbeetle are banned\n|clearpoke\n|poke|p1|Eevee, F|\n|poke|p1|Clefairy, F|\n|poke|p1|Espeon, F|\n|poke|p1|Umbreon, F|\n|poke|p1|Lopunny, F|\n|poke|p1|Tapu Lele|\n|poke|p2|Cradily, F|\n|poke|p2|Aerodactyl, M|\n|poke|p2|Arcanine-Hisui, M|\n|poke|p2|Nihilego|\n|poke|p2|Tyranitar, M|\n|poke|p2|Aggron, F|\n|teampreview\n|\n|t:|1696100795\n|start\n|switch|p1a: Absolute shield|Clefairy, F|100\/100\n|switch|p1b: Power Is't Enough|Eevee, F, shiny|100\/100\n|switch|p2a: Aerodactyl|Aerodactyl, M|100\/100\n|switch|p2b: Nihilego|Nihilego|100\/100\n|-ability|p2a: Aerodactyl|Unnerve\n|turn|1\n|c|\u2606Mokaccino321|i love the eevee\n|c|\u2606Mokaccino321|very cute :3\n|c|\u2606EthanMenos10|:)\n|\n|t:|1696100823\n|move|p1a: Absolute shield|Follow Me|p1a: Absolute shield\n|-singleturn|p1a: Absolute shield|move: Follow Me\n|move|p2a: Aerodactyl|Sky Drop||[still]\n|-prepare|p2a: Aerodactyl|Sky Drop|p1a: Absolute shield\n|move|p2b: Nihilego|Meteor Beam||[still]\n|-prepare|p2b: Nihilego|Meteor Beam\n|-boost|p2b: Nihilego|spa|1\n|-enditem|p2b: Nihilego|Power Herb\n|-anim|p2b: Nihilego|Meteor Beam|p1b: Power Is't Enough\n|-damage|p1b: Power Is't Enough|0 fnt\n|faint|p1b: Power Is't Enough\n|-ability|p2b: Nihilego|Beast Boost|boost\n|-boost|p2b: Nihilego|spa|1\n|\n|upkeep\n|c|\u2606Mokaccino321|but wouldnt it just die\n|\n|t:|1696100838\n|switch|p1b: Right leg|Lopunny, F|100\/100\n|turn|2\n|\n|t:|1696100858\n|detailschange|p1b: Right leg|Lopunny-Mega, F\n|-mega|p1b: Right leg|Lopunny|Lopunnite\n|move|p1b: Right leg|Fake Out|p2b: Nihilego\n|-resisted|p2b: Nihilego\n|-damage|p2b: Nihilego|81\/100\n|move|p2a: Aerodactyl|Sky Drop|p1a: Absolute shield|[from]lockedmove\n|-damage|p1a: Absolute shield|75\/100\n|-end|p1a: Absolute shield|Sky Drop\n|cant|p2b: Nihilego|flinch\n|move|p1a: Absolute shield|Thunder Wave|p2b: Nihilego\n|-status|p2b: Nihilego|par\n|\n|upkeep\n|turn|3\n|\n|t:|1696100877\n|move|p1a: Absolute shield|Follow Me|p1a: Absolute shield\n|-singleturn|p1a: Absolute shield|move: Follow Me\n|move|p1b: Right leg|Close Combat|p2b: Nihilego\n|-damage|p2b: Nihilego|0 fnt\n|-unboost|p1b: Right leg|def|1\n|-unboost|p1b: Right leg|spd|1\n|faint|p2b: Nihilego\n|move|p2a: Aerodactyl|Tailwind|p2a: Aerodactyl\n|-sidestart|p2: Mokaccino321|move: Tailwind\n|\n|upkeep\n|\n|t:|1696100884\n|switch|p2b: Arcanine|Arcanine-Hisui, M|100\/100\n|turn|4\n|\n|t:|1696100894\n|-terastallize|p1a: Absolute shield|Steel\n|move|p1a: Absolute shield|Follow Me|p1a: Absolute shield\n|-singleturn|p1a: Absolute shield|move: Follow Me\n|move|p2a: Aerodactyl|Sky Drop||[still]\n|-prepare|p2a: Aerodactyl|Sky Drop|p1a: Absolute shield\n|move|p2b: Arcanine|Flare Blitz|p1b: Right leg\n|-damage|p1b: Right leg|0 fnt\n|faint|p1b: Right leg\n|\n|upkeep\n|c|\u2606Mokaccino321|oh btw\n|c|\u2606Mokaccino321|Follow me doesnt work if you get sky dropped :C\n|\n|t:|1696100916\n|switch|p1b: Sword and shield|Umbreon, F|100\/100\n|turn|5\n|\n|t:|1696100935\n|move|p2a: Aerodactyl|Sky Drop|p1a: Absolute shield|[from]lockedmove\n|-resisted|p1a: Absolute shield\n|-damage|p1a: Absolute shield|64\/100\n|-end|p1a: Absolute shield|Sky Drop\n|move|p2b: Arcanine|Flare Blitz|p1b: Sword and shield\n|-damage|p1b: Sword and shield|36\/100\n|move|p1b: Sword and shield|Taunt|p2b: Arcanine\n|-start|p2b: Arcanine|move: Taunt\n|move|p1a: Absolute shield|Thunder Wave|p2b: Arcanine\n|-status|p2b: Arcanine|par\n|\n|-heal|p1b: Sword and shield|42\/100|[from] item: Leftovers\n|upkeep\n|turn|6\n|\n|t:|1696100957\n|move|p2a: Aerodactyl|Sky Drop||[still]\n|-prepare|p2a: Aerodactyl|Sky Drop|p1b: Sword and shield\n|cant|p2b: Arcanine|par\n|move|p1a: Absolute shield|Thunder Wave|p2a: Aerodactyl|[miss]\n|-miss|p1a: Absolute shield|p2a: Aerodactyl\n|\n|-heal|p1b: Sword and shield|48\/100|[from] item: Leftovers\n|-sideend|p2: Mokaccino321|move: Tailwind\n|upkeep\n|turn|7\n|\n|t:|1696100967\n|move|p2a: Aerodactyl|Sky Drop|p1b: Sword and shield|[from]lockedmove\n|-damage|p1b: Sword and shield|32\/100\n|-end|p1b: Sword and shield|Sky Drop\n|move|p1b: Sword and shield|Moonlight|p1b: Sword and shield\n|-heal|p1b: Sword and shield|81\/100\n|move|p2b: Arcanine|Flare Blitz|p1a: Absolute shield\n|-supereffective|p1a: Absolute shield\n|-damage|p1a: Absolute shield|0 fnt\n|faint|p1a: Absolute shield\n|\n|-heal|p1b: Sword and shield|88\/100|[from] item: Leftovers\n|upkeep\n|\n|t:|1696100980\n|switch|p1a: Enlightened Mind|Espeon, F|100\/100\n|turn|8\n|\n|t:|1696100991\n|move|p2a: Aerodactyl|Tailwind|p2a: Aerodactyl\n|-sidestart|p2: Mokaccino321|move: Tailwind\n|move|p1a: Enlightened Mind|Psychic|p2a: Aerodactyl\n|-damage|p2a: Aerodactyl|45\/100\n|move|p2b: Arcanine|Flare Blitz|p1a: Enlightened Mind\n|-damage|p1a: Enlightened Mind|0 fnt\n|faint|p1a: Enlightened Mind\n|move|p1b: Sword and shield|Moonlight|p1b: Sword and shield\n|-heal|p1b: Sword and shield|100\/100\n|\n|-end|p2b: Arcanine|move: Taunt\n|upkeep\n|\n|t:|1696100995\n|switch|p1a: Tapu Lele|Tapu Lele|100\/100\n|-fieldstart|move: Psychic Terrain|[from] ability: Psychic Surge|[of] p1a: Tapu Lele\n|turn|9\n|\n|t:|1696101006\n|move|p2a: Aerodactyl|Sky Drop||[still]\n|-prepare|p2a: Aerodactyl|Sky Drop|p1b: Sword and shield\n|move|p1a: Tapu Lele|Focus Blast|p2a: Aerodactyl|[miss]\n|-miss|p1a: Tapu Lele|p2a: Aerodactyl\n|move|p2b: Arcanine|Flare Blitz|p1a: Tapu Lele\n|-damage|p1a: Tapu Lele|0 fnt\n|faint|p1a: Tapu Lele\n|\n|upkeep\n|turn|10\n|\n|t:|1696101014\n|move|p2a: Aerodactyl|Sky Drop|p1b: Sword and shield|[from]lockedmove\n|-damage|p1b: Sword and shield|78\/100\n|-end|p1b: Sword and shield|Sky Drop\n|move|p2b: Arcanine|Flare Blitz|p1b: Sword and shield\n|-damage|p1b: Sword and shield|3\/100\n|move|p1b: Sword and shield|Dark Pulse|p2a: Aerodactyl\n|-damage|p2a: Aerodactyl|11\/100\n|\n|-heal|p1b: Sword and shield|9\/100|[from] item: Leftovers\n|upkeep\n|turn|11\n|c|\u2606EthanMenos10|gg\n|c|\u2606Mokaccino321|gg\n|\n|t:|1696101029\n|switch|p2b: Tyranitar|Tyranitar, M|100\/100\n|-weather|Sandstorm|[from] ability: Sand Stream|[of] p2b: Tyranitar\n|move|p2a: Aerodactyl|Sky Drop||[still]\n|-prepare|p2a: Aerodactyl|Sky Drop|p1b: Sword and shield\n|\n|-weather|Sandstorm|[upkeep]\n|-damage|p1b: Sword and shield|3\/100|[from] Sandstorm\n|-heal|p1b: Sword and shield|9\/100|[from] item: Leftovers\n|-sideend|p2: Mokaccino321|move: Tailwind\n|upkeep\n|turn|12\n|\n|t:|1696101039\n|move|p2a: Aerodactyl|Sky Drop|p1b: Sword and shield|[from]lockedmove\n|-damage|p1b: Sword and shield|0 fnt\n|faint|p1b: Sword and shield\n|\n|win|Mokaccino321\n|raw|EthanMenos10's rating: 1250 &rarr; <strong>1240<\/strong><br \/>(-10 for losing)\n|raw|Mokaccino321's rating: 1488 &rarr; <strong>1496<\/strong><br \/>(+8 for winning)\n|l|\u2606EthanMenos10\n","uploadtime":1696101047,"views":19,"p1id":"ethanmenos10","p2id":"mokaccino321","formatid":"gen9nationaldexdoubles","rating":1240,"private":0,"password":""}