{"id":"gen9nationaldexdoubles-1955858111","p1":"Champion's Melody","p2":"lukmo","format":"[Gen 9] National Dex Doubles","log":"|j|\u2606Champion's Melody\n|j|\u2606lukmo\n|t:|1696035580\n|gametype|doubles\n|player|p1|Champion's Melody|skyla|1116\n|player|p2|lukmo|2|1039\n|teamsize|p1|6\n|teamsize|p2|6\n|gen|9\n|tier|[Gen 9] National Dex Doubles\n|rated|\n|rule|HP Percentage Mod: HP is shown in percentages\n|rule|Endless Battle Clause: Forcing endless battles is banned\n|rule|OHKO Clause: OHKO moves are banned\n|rule|Evasion Moves Clause: Evasion moves are banned\n|rule|Evasion Abilities Clause: Evasion abilities are banned\n|rule|Species Clause: Limit one of each Pok\u00e9mon\n|rule|Gravity Sleep Clause: The combination of sleep-inducing moves with imperfect accuracy and Gravity or Gigantamax Orbeetle are banned\n|clearpoke\n|poke|p1|Fezandipiti, M|\n|poke|p1|Basculegion, M|\n|poke|p1|Torterra, F|\n|poke|p1|Empoleon, F|\n|poke|p1|Ditto|\n|poke|p1|Kleavor, M|\n|poke|p2|Grapploct, F|\n|poke|p2|Serperior, M|\n|poke|p2|Dipplin, M|\n|poke|p2|Basculin-Blue-Striped, F|\n|poke|p2|Malamar, F|\n|poke|p2|Ambipom, F|\n|teampreview\n|\n|t:|1696035584\n|start\n|switch|p1a: Torterra|Torterra, F|100\/100\n|switch|p1b: Kleavor|Kleavor, M|100\/100\n|switch|p2a: Grapploct|Grapploct, F|100\/100\n|switch|p2b: Serperior|Serperior, M|100\/100\n|turn|1\n|\n|t:|1696035606\n|move|p2b: Serperior|Leaf Storm|p1b: Kleavor\n|-damage|p1b: Kleavor|41\/100\n|-boost|p2b: Serperior|spa|2\n|move|p1b: Kleavor|Lunge|p2b: Serperior\n|-supereffective|p2b: Serperior\n|-damage|p2b: Serperior|8\/100\n|-boost|p2b: Serperior|atk|1\n|move|p1a: Torterra|Shell Smash|p1a: Torterra\n|-unboost|p1a: Torterra|def|1\n|-unboost|p1a: Torterra|spd|1\n|-boost|p1a: Torterra|atk|2\n|-boost|p1a: Torterra|spa|2\n|-boost|p1a: Torterra|spe|2\n|-enditem|p1a: Torterra|White Herb\n|-clearnegativeboost|p1a: Torterra|[silent]\n|move|p2a: Grapploct|Octolock|p2b: Serperior\n|-start|p2b: Serperior|move: Octolock|[of] p2a: Grapploct\n|\n|-heal|p2b: Serperior|15\/100|[from] item: Leftovers\n|-boost|p2b: Serperior|def|1\n|-boost|p2b: Serperior|spd|1\n|upkeep\n|turn|2\n|\n|t:|1696035646\n|move|p2b: Serperior|Protect|p2b: Serperior\n|-singleturn|p2b: Serperior|Protect\n|move|p2a: Grapploct|Protect|p2a: Grapploct\n|-singleturn|p2a: Grapploct|Protect\n|move|p1a: Torterra|Earthquake|p2b: Serperior|[spread] p1b\n|-activate|p2a: Grapploct|move: Protect\n|-activate|p2b: Serperior|move: Protect\n|-damage|p1b: Kleavor|0 fnt\n|faint|p1b: Kleavor\n|\n|-heal|p2b: Serperior|21\/100|[from] item: Leftovers\n|-boost|p2b: Serperior|def|1\n|-boost|p2b: Serperior|spd|1\n|upkeep\n|\n|t:|1696035662\n|switch|p1b: Fezandipiti|Fezandipiti, M|100\/100\n|turn|3\n|inactive|Battle timer is ON: inactive players will automatically lose when time's up. (requested by Champion's Melody)\n|\n|t:|1696035680\n|move|p1a: Torterra|Wood Hammer|p2a: Grapploct\n|-damage|p2a: Grapploct|17\/100\n|-damage|p1a: Torterra|70\/100|[from] Recoil\n|move|p2b: Serperior|Leaf Storm|p1a: Torterra\n|-damage|p1a: Torterra|0 fnt\n|-boost|p2b: Serperior|spa|2\n|faint|p1a: Torterra\n|move|p1b: Fezandipiti|Heat Wave|p2a: Grapploct|[spread] p2a,p2b\n|-supereffective|p2b: Serperior\n|-damage|p2a: Grapploct|0 fnt\n|-damage|p2b: Serperior|4\/100\n|faint|p2a: Grapploct\n|\n|-heal|p2b: Serperior|10\/100|[from] item: Leftovers\n|-end|p2b: Serperior|Octolock|[partiallytrapped]|[silent]\n|upkeep\n|\n|t:|1696035698\n|switch|p1a: Ditto|Ditto|100\/100\n|switch|p2a: Dipplin|Dipplin, M|100\/100\n|-transform|p1a: Ditto|p2b: Serperior|[from] ability: Imposter\n|-ability|p2a: Dipplin|Supersweet Syrup\n|-ability|p2a: Dipplin|Supersweet Syrup|boost\n|-boost|p1a: Ditto|evasion|1\n|-unboost|p1b: Fezandipiti|evasion|1\n|turn|4\n|\n|t:|1696035719\n|move|p2b: Serperior|Protect|p2b: Serperior\n|-singleturn|p2b: Serperior|Protect\n|move|p2a: Dipplin|Protect|p2a: Dipplin\n|-singleturn|p2a: Dipplin|Protect\n|move|p1a: Ditto|Dragon Pulse|p2a: Dipplin\n|-activate|p2a: Dipplin|move: Protect\n|move|p1b: Fezandipiti|Icy Wind|p2a: Dipplin|[spread] \n|-activate|p2a: Dipplin|move: Protect\n|-activate|p2b: Serperior|move: Protect\n|\n|-heal|p2b: Serperior|16\/100|[from] item: Leftovers\n|upkeep\n|turn|5\n|\n|t:|1696035741\n|-terastallize|p2a: Dipplin|Water\n|move|p1a: Ditto|Dragon Pulse|p2a: Dipplin\n|-damage|p2a: Dipplin|68\/100\n|move|p2b: Serperior|Dragon Pulse|p1a: Ditto\n|-damage|p1a: Ditto|73\/100\n|move|p1b: Fezandipiti|Icy Wind|p2a: Dipplin|[spread] p2a,p2b\n|-resisted|p2a: Dipplin\n|-supereffective|p2b: Serperior\n|-damage|p2a: Dipplin|64\/100\n|-damage|p2b: Serperior|6\/100\n|-unboost|p2a: Dipplin|spe|1\n|-boost|p2b: Serperior|spe|1\n|move|p2a: Dipplin|Pollen Puff|p2b: Serperior\n|-heal|p2b: Serperior|56\/100\n|\n|-heal|p2b: Serperior|62\/100|[from] item: Leftovers\n|upkeep\n|turn|6\n|\n|t:|1696035769\n|switch|p1a: Empoleon|Empoleon, F|100\/100\n|move|p2b: Serperior|Leaf Storm|p1b: Fezandipiti\n|-resisted|p1b: Fezandipiti\n|-damage|p1b: Fezandipiti|56\/100\n|-boost|p2b: Serperior|spa|2\n|move|p1b: Fezandipiti|Heat Wave|p2b: Serperior|[spread] p2a,p2b\n|-resisted|p2a: Dipplin\n|-supereffective|p2b: Serperior\n|-damage|p2a: Dipplin|58\/100\n|-damage|p2b: Serperior|46\/100\n|move|p2a: Dipplin|Syrup Bomb|p2b: Serperior\n|-resisted|p2b: Serperior\n|-damage|p2b: Serperior|42\/100\n|-start|p2b: Serperior|Syrup Bomb\n|\n|-heal|p2b: Serperior|48\/100|[from] item: Leftovers\n|-boost|p2b: Serperior|spe|1\n|upkeep\n|turn|7\n|\n|t:|1696035795\n|move|p2b: Serperior|Substitute|p2b: Serperior\n|-start|p2b: Serperior|Substitute\n|-damage|p2b: Serperior|23\/100\n|move|p1b: Fezandipiti|Heat Wave|p2a: Dipplin|[spread] p2a,p2b\n|-supereffective|p2b: Serperior\n|-activate|p2b: Serperior|move: Substitute|[damage]\n|-resisted|p2a: Dipplin\n|-damage|p2a: Dipplin|52\/100\n|-status|p2a: Dipplin|brn\n|move|p1a: Empoleon|Blizzard|p2b: Serperior|[spread] p2b\n|-miss|p1a: Empoleon|p2a: Dipplin\n|-supereffective|p2b: Serperior\n|-end|p2b: Serperior|Substitute\n|move|p2a: Dipplin|Recover|p2a: Dipplin\n|-heal|p2a: Dipplin|100\/100 brn\n|\n|-heal|p2b: Serperior|30\/100|[from] item: Leftovers\n|-damage|p2a: Dipplin|94\/100 brn|[from] brn\n|-boost|p2b: Serperior|spe|1\n|upkeep\n|turn|8\n|\n|t:|1696035823\n|switch|p2b: Basculin|Basculin-Blue-Striped, F|100\/100\n|move|p1b: Fezandipiti|Heat Wave|p2a: Dipplin|[spread] p2a,p2b\n|-resisted|p2a: Dipplin\n|-resisted|p2b: Basculin\n|-damage|p2a: Dipplin|88\/100 brn\n|-damage|p2b: Basculin|84\/100\n|move|p1a: Empoleon|Blizzard|p2a: Dipplin|[spread] p2a,p2b\n|-resisted|p2a: Dipplin\n|-resisted|p2b: Basculin\n|-damage|p2a: Dipplin|73\/100 brn\n|-damage|p2b: Basculin|44\/100\n|move|p2a: Dipplin|Syrup Bomb|p1a: Empoleon\n|-damage|p1a: Empoleon|87\/100\n|-start|p1a: Empoleon|Syrup Bomb\n|\n|-damage|p2a: Dipplin|67\/100 brn|[from] brn\n|-unboost|p1a: Empoleon|spe|1\n|upkeep\n|turn|9\n|\n|t:|1696035845\n|move|p1b: Fezandipiti|Hex|p2a: Dipplin\n|-damage|p2a: Dipplin|46\/100 brn\n|move|p2b: Basculin|Head Smash|p1b: Fezandipiti\n|-damage|p1b: Fezandipiti|0 fnt\n|-damage|p2b: Basculin|28\/100|[from] item: Rocky Helmet|[of] p1b: Fezandipiti\n|faint|p1b: Fezandipiti\n|-damage|p2b: Basculin|18\/100|[from] item: Life Orb\n|move|p1a: Empoleon|Blizzard|p2b: Basculin|[spread] p2b\n|-miss|p1a: Empoleon|p2a: Dipplin\n|-resisted|p2b: Basculin\n|-damage|p2b: Basculin|0 fnt\n|faint|p2b: Basculin\n|move|p2a: Dipplin|Pollen Puff|p2: Basculin|[notarget]\n|-fail|p2a: Dipplin\n|\n|-damage|p2a: Dipplin|40\/100 brn|[from] brn\n|-unboost|p1a: Empoleon|spe|1\n|upkeep\n|\n|t:|1696035865\n|switch|p1b: Ditto|Ditto|73\/100\n|switch|p2b: Malamar|Malamar, F|100\/100\n|-transform|p1b: Ditto|p2a: Dipplin|[from] ability: Imposter\n|-ability|p1b: Ditto|Supersweet Syrup\n|-ability|p1b: Ditto|Supersweet Syrup|boost\n|-unboost|p2a: Dipplin|evasion|1\n|-boost|p2b: Malamar|evasion|1\n|-start|p1b: Ditto|typechange|Grass\/Dragon|[silent]\n|turn|10\n|\n|t:|1696035897\n|move|p2b: Malamar|Knock Off|p1b: Ditto\n|-damage|p1b: Ditto|42\/100\n|-enditem|p1b: Ditto|Choice Scarf|[from] move: Knock Off|[of] p2b: Malamar\n|move|p1a: Empoleon|Blizzard|p2a: Dipplin|[spread] p2a,p2b\n|-resisted|p2a: Dipplin\n|-damage|p2a: Dipplin|23\/100 brn\n|-damage|p2b: Malamar|71\/100\n|-status|p2b: Malamar|frz\n|move|p1b: Ditto|Pollen Puff|p2b: Malamar\n|-supereffective|p2b: Malamar\n|-damage|p2b: Malamar|20\/100 frz\n|move|p2a: Dipplin|Recover|p2a: Dipplin\n|-heal|p2a: Dipplin|73\/100 brn\n|\n|-damage|p2a: Dipplin|67\/100 brn|[from] brn\n|-end|p1a: Empoleon|Syrup Bomb\n|upkeep\n|turn|11\n|\n|t:|1696035918\n|-curestatus|p2b: Malamar|frz|[msg]\n|move|p2b: Malamar|Superpower|p1b: Ditto\n|-damage|p1b: Ditto|16\/100\n|-boost|p2b: Malamar|atk|1\n|-boost|p2b: Malamar|def|1\n|move|p1a: Empoleon|Blizzard|p2b: Malamar|[spread] p2a,p2b\n|-resisted|p2a: Dipplin\n|-damage|p2a: Dipplin|50\/100 brn\n|-damage|p2b: Malamar|0 fnt\n|faint|p2b: Malamar\n|move|p2a: Dipplin|Pollen Puff|p2: Malamar|[notarget]\n|-fail|p2a: Dipplin\n|move|p1b: Ditto|Syrup Bomb|p2a: Dipplin\n|-supereffective|p2a: Dipplin\n|-crit|p2a: Dipplin\n|-damage|p2a: Dipplin|12\/100 brn\n|-start|p2a: Dipplin|Syrup Bomb\n|\n|-damage|p2a: Dipplin|6\/100 brn|[from] brn\n|-unboost|p2a: Dipplin|spe|1\n|upkeep\n|inactive|lukmo has 120 seconds left.\n|\n|t:|1696035936\n|switch|p2b: Ambipom|Ambipom, F|100\/100\n|turn|12\n|\n|t:|1696035946\n|move|p2b: Ambipom|Fake Out|p1b: Ditto\n|-damage|p1b: Ditto|0 fnt\n|faint|p1b: Ditto\n|move|p1a: Empoleon|Blizzard|p2b: Ambipom|[spread] p2a,p2b\n|-resisted|p2a: Dipplin\n|-damage|p2a: Dipplin|0 fnt\n|-damage|p2b: Ambipom|31\/100\n|faint|p2a: Dipplin\n|\n|upkeep\n|\n|t:|1696035954\n|switch|p1b: Basculegion|Basculegion, M|100\/100\n|switch|p2a: Serperior|Serperior, M|30\/100\n|turn|13\n|\n|t:|1696035970\n|move|p2b: Ambipom|Protect|p2b: Ambipom\n|-singleturn|p2b: Ambipom|Protect\n|move|p1b: Basculegion|Last Respects|p2a: Serperior\n|-damage|p2a: Serperior|0 fnt\n|faint|p2a: Serperior\n|move|p1a: Empoleon|Blizzard|p2b: Ambipom\n|-activate|p2b: Ambipom|move: Protect\n|\n|upkeep\n|turn|14\n|\n|t:|1696035981\n|move|p1b: Basculegion|Last Respects|p2b: Ambipom\n|-immune|p2b: Ambipom\n|move|p2b: Ambipom|Last Resort|p1a: Empoleon\n|-resisted|p1a: Empoleon\n|-damage|p1a: Empoleon|52\/100\n|move|p1a: Empoleon|Blizzard|p2b: Ambipom\n|-damage|p2b: Ambipom|0 fnt\n|faint|p2b: Ambipom\n|\n|win|Champion's Melody\n|raw|Champion&apos;s Melody's rating: 1116 &rarr; <strong>1136<\/strong><br \/>(+20 for winning)\n|raw|lukmo's rating: 1039 &rarr; <strong>1027<\/strong><br \/>(-12 for losing)\n|l|\u2606lukmo\n","uploadtime":1696035993,"views":5,"p1id":"championsmelody","p2id":"lukmo","formatid":"gen9nationaldexdoubles","rating":1027,"private":0,"password":""}