{"id":"gen9nationaldexdoubles-1953785927","p1":"Darkshadow503","p2":"Kaleax","format":"[Gen 9] National Dex Doubles","log":"|j|\u2606Darkshadow503\n|j|\u2606Kaleax\n|t:|1695828204\n|gametype|doubles\n|player|p1|Darkshadow503|265|1000\n|player|p2|Kaleax|n|1217\n|teamsize|p1|6\n|teamsize|p2|6\n|gen|9\n|tier|[Gen 9] National Dex Doubles\n|rated|\n|rule|HP Percentage Mod: HP is shown in percentages\n|rule|Endless Battle Clause: Forcing endless battles is banned\n|rule|OHKO Clause: OHKO moves are banned\n|rule|Evasion Moves Clause: Evasion moves are banned\n|rule|Evasion Abilities Clause: Evasion abilities are banned\n|rule|Species Clause: Limit one of each Pok\u00e9mon\n|rule|Gravity Sleep Clause: The combination of sleep-inducing moves with imperfect accuracy and Gravity or Gigantamax Orbeetle are banned\n|clearpoke\n|poke|p1|Sceptile, F|\n|poke|p1|Volcarona, M|\n|poke|p1|Serperior, F|\n|poke|p1|Zangoose, F|\n|poke|p1|Salamence, M|\n|poke|p1|Kommo-o, F|\n|poke|p2|Flutter Mane|\n|poke|p2|Tornadus, M|\n|poke|p2|Walking Wake|\n|poke|p2|Charizard, M|\n|poke|p2|Ogerpon-Hearthflame, F|\n|poke|p2|Slither Wing|\n|teampreview\n|\n|t:|1695828220\n|start\n|switch|p1a: Salamence|Salamence, M, shiny|100\/100\n|switch|p1b: Kommo-o|Kommo-o, F|100\/100\n|switch|p2a: Charizard|Charizard, M|100\/100\n|switch|p2b: Tornadus|Tornadus, M|100\/100\n|turn|1\n|\n|t:|1695828242\n|detailschange|p2a: Charizard|Charizard-Mega-Y, M\n|-mega|p2a: Charizard|Charizard|Charizardite Y\n|-weather|SunnyDay|[from] ability: Drought|[of] p2a: Charizard\n|move|p2b: Tornadus|Bleakwind Storm|p1a: Salamence|[spread] p1a,p1b\n|-supereffective|p1b: Kommo-o\n|-damage|p1a: Salamence|62\/100\n|-damage|p1b: Kommo-o|19\/100\n|move|p2a: Charizard|Heat Wave|p1b: Kommo-o|[spread] p1a,p1b\n|-resisted|p1a: Salamence\n|-resisted|p1b: Kommo-o\n|-damage|p1a: Salamence|25\/100\n|-damage|p1b: Kommo-o|0 fnt\n|faint|p1b: Kommo-o\n|move|p1a: Salamence|Dragon Dance|p1a: Salamence\n|-boost|p1a: Salamence|atk|1\n|-boost|p1a: Salamence|spe|1\n|\n|-weather|SunnyDay|[upkeep]\n|upkeep\n|\n|t:|1695828260\n|switch|p1b: Zangoose|Zangoose, F|100\/100\n|turn|2\n|\n|t:|1695828264\n|move|p1b: Zangoose|Protect|p1b: Zangoose\n|-singleturn|p1b: Zangoose|Protect\n|move|p2b: Tornadus|Tailwind|p2b: Tornadus\n|-sidestart|p2: Kaleax|move: Tailwind\n|move|p2a: Charizard|Heat Wave|p1a: Salamence|[spread] p1a\n|-activate|p1b: Zangoose|move: Protect\n|-resisted|p1a: Salamence\n|-damage|p1a: Salamence|0 fnt\n|faint|p1a: Salamence\n|\n|-weather|SunnyDay|[upkeep]\n|-status|p1b: Zangoose|tox|[from] item: Toxic Orb\n|upkeep\n|\n|t:|1695828282\n|switch|p1a: Volcarona|Volcarona, M|100\/100\n|turn|3\n|\n|t:|1695828298\n|move|p2a: Charizard|Protect|p2a: Charizard\n|-singleturn|p2a: Charizard|Protect\n|move|p2b: Tornadus|Bleakwind Storm|p1b: Zangoose|[spread] p1b\n|-miss|p2b: Tornadus|p1a: Volcarona\n|-damage|p1b: Zangoose|42\/100 tox\n|-unboost|p1b: Zangoose|spe|1\n|move|p1a: Volcarona|Substitute|p1a: Volcarona\n|-start|p1a: Volcarona|Substitute\n|-damage|p1a: Volcarona|76\/100\n|move|p1b: Zangoose|Facade|p2a: Charizard\n|-activate|p2a: Charizard|move: Protect\n|\n|-weather|SunnyDay|[upkeep]\n|-heal|p1a: Volcarona|82\/100|[from] item: Leftovers\n|-damage|p1b: Zangoose|36\/100 tox|[from] psn\n|upkeep\n|turn|4\n|\n|t:|1695828323\n|move|p2b: Tornadus|Bleakwind Storm|p1b: Zangoose|[spread] p1a,p1b\n|-supereffective|p1a: Volcarona\n|-end|p1a: Volcarona|Substitute\n|-damage|p1b: Zangoose|0 fnt\n|faint|p1b: Zangoose\n|move|p2a: Charizard|Heat Wave|p1a: Volcarona\n|-damage|p1a: Volcarona|4\/100\n|move|p1a: Volcarona|Quiver Dance|p1a: Volcarona\n|-boost|p1a: Volcarona|spa|1\n|-boost|p1a: Volcarona|spd|1\n|-boost|p1a: Volcarona|spe|1\n|\n|-weather|SunnyDay|[upkeep]\n|-heal|p1a: Volcarona|10\/100|[from] item: Leftovers\n|upkeep\n|\n|t:|1695828341\n|switch|p1b: Sceptile|Sceptile, F, shiny|100\/100\n|turn|5\n|\n|t:|1695828354\n|move|p2b: Tornadus|Bleakwind Storm|p1a: Volcarona|[spread] p1a,p1b\n|-supereffective|p1a: Volcarona\n|-supereffective|p1b: Sceptile\n|-damage|p1a: Volcarona|0 fnt\n|-damage|p1b: Sceptile|21\/100\n|faint|p1a: Volcarona\n|move|p2a: Charizard|Heat Wave|p1b: Sceptile\n|-supereffective|p1b: Sceptile\n|-damage|p1b: Sceptile|0 fnt\n|faint|p1b: Sceptile\n|\n|-weather|none\n|-sideend|p2: Kaleax|move: Tailwind\n|upkeep\n|c|\u2606Kaleax|gg\n|inactive|Battle timer is ON: inactive players will automatically lose when time's up. (requested by Kaleax)\n|c|\u2606Darkshadow503|You suck \ud83d\udd95\ud83c\udffcunoriginal ass\n|c|\u2606Kaleax|bro your team is shit lmao\n|-message|Darkshadow503 forfeited.\n|\n|win|Kaleax\n|raw|Darkshadow503's rating: 1000 &rarr; <strong>1000<\/strong><br \/>(+0 for losing)\n|raw|Kaleax's rating: 1217 &rarr; <strong>1228<\/strong><br \/>(+11 for winning)\n|l|\u2606Darkshadow503\n","uploadtime":1695828389,"views":11,"p1id":"darkshadow503","p2id":"kaleax","formatid":"gen9nationaldexdoubles","rating":1000,"private":0,"password":""}