{"id":"gen9nationaldexdoubles-1967041750","p1":"kitsu-aria","p2":"Old McBruh","format":"[Gen 9] National Dex Doubles","log":"|j|\u2606kitsu-aria\n|j|\u203dOld McBruh\n|t:|1697247470\n|gametype|doubles\n|player|p1|kitsu-aria|rocketgruntf|1701\n|player|p2|Old McBruh|colress|1559\n|teamsize|p1|6\n|teamsize|p2|6\n|gen|9\n|tier|[Gen 9] National Dex Doubles\n|rated|\n|rule|HP Percentage Mod: HP is shown in percentages\n|rule|Endless Battle Clause: Forcing endless battles is banned\n|rule|OHKO Clause: OHKO moves are banned\n|rule|Evasion Moves Clause: Evasion moves are banned\n|rule|Evasion Abilities Clause: Evasion abilities are banned\n|rule|Species Clause: Limit one of each Pok\u00e9mon\n|rule|Gravity Sleep Clause: The combination of sleep-inducing moves with imperfect accuracy and Gravity or Gigantamax Orbeetle are banned\n|clearpoke\n|poke|p1|Gothorita, F|\n|poke|p1|Urshifu-*, M|\n|poke|p1|Tornadus, M|\n|poke|p1|Zamazenta-*|\n|poke|p1|Landorus, M|\n|poke|p1|Kingambit, F|\n|poke|p2|Zygarde|\n|poke|p2|Ninetales-Alola, F|\n|poke|p2|Cresselia, F|\n|poke|p2|Whimsicott, M|\n|poke|p2|Chien-Pao|\n|poke|p2|Rillaboom, F|\n|teampreview\n|\n|t:|1697247483\n|start\n|switch|p1a: Gothorita|Gothorita, F|100\/100\n|switch|p1b: Urshifu|Urshifu-Rapid-Strike, M|100\/100\n|switch|p2a: Zygarde|Zygarde|100\/100\n|switch|p2b: Rillaboom|Rillaboom, F|100\/100\n|-ability|p2a: Zygarde|Aura Break\n|-fieldstart|move: Grassy Terrain|[from] ability: Grassy Surge|[of] p2b: Rillaboom\n|turn|1\n|\n|t:|1697247494\n|move|p2b: Rillaboom|Fake Out|p1a: Gothorita\n|-damage|p1a: Gothorita|88\/100\n|cant|p1a: Gothorita|flinch\n|move|p1b: Urshifu|Bulk Up|p1b: Urshifu\n|-boost|p1b: Urshifu|atk|1\n|-boost|p1b: Urshifu|def|1\n|move|p2a: Zygarde|Coil|p2a: Zygarde\n|-boost|p2a: Zygarde|atk|1\n|-boost|p2a: Zygarde|def|1\n|-boost|p2a: Zygarde|accuracy|1\n|\n|-heal|p1a: Gothorita|94\/100|[from] Grassy Terrain\n|upkeep\n|turn|2\n|\n|t:|1697247514\n|move|p1a: Gothorita|Snatch|p1a: Gothorita\n|-singleturn|p1a: Gothorita|Snatch\n|move|p2a: Zygarde|Extreme Speed|p1b: Urshifu\n|-damage|p1b: Urshifu|81\/100\n|move|p2b: Rillaboom|Grassy Glide|p1b: Urshifu\n|-supereffective|p1b: Urshifu\n|-damage|p1b: Urshifu|30\/100\n|move|p1b: Urshifu|Drain Punch|p2b: Rillaboom\n|-damage|p2b: Rillaboom|43\/100\n|-heal|p1b: Urshifu|59\/100|[from] drain|[of] p2b: Rillaboom\n|\n|-heal|p1b: Urshifu|65\/100|[from] Grassy Terrain\n|-heal|p2b: Rillaboom|49\/100|[from] Grassy Terrain\n|-heal|p1a: Gothorita|100\/100|[from] Grassy Terrain\n|upkeep\n|turn|3\n|\n|t:|1697247570\n|switch|p1a: Zamazenta|Zamazenta|100\/100\n|-ability|p1a: Zamazenta|Dauntless Shield|boost\n|-boost|p1a: Zamazenta|def|1\n|move|p1b: Urshifu|Protect|p1b: Urshifu\n|-singleturn|p1b: Urshifu|Protect\n|move|p2a: Zygarde|Coil|p2a: Zygarde\n|-boost|p2a: Zygarde|atk|1\n|-boost|p2a: Zygarde|def|1\n|-boost|p2a: Zygarde|accuracy|1\n|move|p2b: Rillaboom|U-turn|p1a: Zamazenta\n|-resisted|p1a: Zamazenta\n|-damage|p1a: Zamazenta|95\/100\n|\n|t:|1697247580\n|switch|p2b: Whimsicott|Whimsicott, M|100\/100|[from] U-turn\n|\n|-heal|p1a: Zamazenta|100\/100|[from] Grassy Terrain\n|-heal|p1b: Urshifu|71\/100|[from] Grassy Terrain\n|upkeep\n|turn|4\n|\n|t:|1697247586\n|move|p1a: Zamazenta|Wide Guard|p1a: Zamazenta\n|-singleturn|p1a: Zamazenta|Wide Guard\n|move|p2b: Whimsicott|Encore|p1b: Urshifu\n|-start|p1b: Urshifu|Encore\n|move|p1b: Urshifu|Protect||[still]\n|-fail|p1b: Urshifu\n|move|p2a: Zygarde|Coil|p2a: Zygarde\n|-boost|p2a: Zygarde|atk|1\n|-boost|p2a: Zygarde|def|1\n|-boost|p2a: Zygarde|accuracy|1\n|\n|-heal|p1b: Urshifu|77\/100|[from] Grassy Terrain\n|upkeep\n|turn|5\n|\n|t:|1697247599\n|switch|p1b: Gothorita|Gothorita, F|100\/100\n|move|p2b: Whimsicott|Taunt|p1a: Zamazenta\n|-start|p1a: Zamazenta|move: Taunt\n|cant|p1a: Zamazenta|move: Taunt|Coaching\n|move|p2a: Zygarde|Coil|p2a: Zygarde\n|-boost|p2a: Zygarde|atk|1\n|-boost|p2a: Zygarde|def|1\n|-boost|p2a: Zygarde|accuracy|1\n|\n|-fieldend|move: Grassy Terrain\n|upkeep\n|turn|6\n|\n|t:|1697247609\n|move|p1b: Gothorita|Snatch|p1b: Gothorita\n|-singleturn|p1b: Gothorita|Snatch\n|move|p1a: Zamazenta|Body Press|p2a: Zygarde\n|-damage|p2a: Zygarde|87\/100\n|move|p2b: Whimsicott|Moonblast|p1a: Zamazenta\n|-supereffective|p1a: Zamazenta\n|-damage|p1a: Zamazenta|35\/100\n|move|p2a: Zygarde|Thousand Arrows|p1a: Zamazenta|[spread] p1a,p1b\n|-damage|p1a: Zamazenta|0 fnt\n|-damage|p1b: Gothorita|34\/100\n|faint|p1a: Zamazenta\n|\n|upkeep\n|c|\u2606kitsu-aria|Gg\n|-message|kitsu-aria forfeited.\n|\n|win|Old McBruh\n|raw|kitsu-aria's rating: 1701 &rarr; <strong>1673<\/strong><br \/>(-28 for losing)\n|raw|Old McBruh's rating: 1559 &rarr; <strong>1587<\/strong><br \/>(+28 for winning)\n","uploadtime":1697247637,"views":31,"p1id":"kitsuaria","p2id":"oldmcbruh","formatid":"gen9nationaldexdoubles","rating":1587,"private":0,"password":""}