{"id":"gen9nationaldexdoubles-1968337195","p1":"sadf adsf","p2":"Elianete112237","format":"[Gen 9] National Dex Doubles","log":"|j|\u2606sadf adsf\n|j|\u2606Elianete112237\n|t:|1697407536\n|gametype|doubles\n|player|p1|sadf adsf|lucas|1186\n|player|p2|Elianete112237|2|1213\n|teamsize|p1|6\n|teamsize|p2|6\n|gen|9\n|tier|[Gen 9] National Dex Doubles\n|rated|\n|rule|HP Percentage Mod: HP is shown in percentages\n|rule|Endless Battle Clause: Forcing endless battles is banned\n|rule|OHKO Clause: OHKO moves are banned\n|rule|Evasion Moves Clause: Evasion moves are banned\n|rule|Evasion Abilities Clause: Evasion abilities are banned\n|rule|Species Clause: Limit one of each Pok\u00e9mon\n|rule|Gravity Sleep Clause: The combination of sleep-inducing moves with imperfect accuracy and Gravity or Gigantamax Orbeetle are banned\n|clearpoke\n|poke|p1|Indeedee-F, F|\n|poke|p1|Oranguru, M|\n|poke|p1|Glastrier|\n|poke|p1|Hoopa-Unbound|\n|poke|p1|Ursaluna, M|\n|poke|p1|Zygarde|\n|poke|p2|Whimsicott, F|\n|poke|p2|Terrakion|\n|poke|p2|Gothitelle, M|\n|poke|p2|Incineroar, M|\n|poke|p2|Charizard, M|\n|poke|p2|Venusaur, M|\n|teampreview\n|\n|t:|1697407540\n|start\n|switch|p1a: Hoopa|Hoopa-Unbound|100\/100\n|switch|p1b: Zygarde|Zygarde|100\/100\n|switch|p2a: Whimsicott|Whimsicott, F|100\/100\n|switch|p2b: Terrakion|Terrakion|100\/100\n|-ability|p1b: Zygarde|Aura Break\n|turn|1\n|inactive|Battle timer is ON: inactive players will automatically lose when time's up. (requested by sadf adsf)\n|\n|t:|1697407558\n|move|p2a: Whimsicott|Beat Up|p2b: Terrakion\n|-resisted|p2b: Terrakion\n|-damage|p2b: Terrakion|99\/100\n|-ability|p2b: Terrakion|Justified|boost\n|-boost|p2b: Terrakion|atk|1\n|-resisted|p2b: Terrakion\n|-damage|p2b: Terrakion|98\/100\n|-ability|p2b: Terrakion|Justified|boost\n|-boost|p2b: Terrakion|atk|1\n|-resisted|p2b: Terrakion\n|-damage|p2b: Terrakion|97\/100\n|-ability|p2b: Terrakion|Justified|boost\n|-boost|p2b: Terrakion|atk|1\n|-resisted|p2b: Terrakion\n|-damage|p2b: Terrakion|96\/100\n|-ability|p2b: Terrakion|Justified|boost\n|-boost|p2b: Terrakion|atk|1\n|-resisted|p2b: Terrakion\n|-damage|p2b: Terrakion|94\/100\n|-ability|p2b: Terrakion|Justified|boost\n|-boost|p2b: Terrakion|atk|1\n|-resisted|p2b: Terrakion\n|-damage|p2b: Terrakion|93\/100\n|-ability|p2b: Terrakion|Justified|boost\n|-boost|p2b: Terrakion|atk|1\n|-hitcount|p2b: Terrakion|6\n|move|p2b: Terrakion|Rock Slide|p1a: Hoopa|[spread] p1b\n|-miss|p2b: Terrakion|p1a: Hoopa\n|-resisted|p1b: Zygarde\n|-damage|p1b: Zygarde|64\/100\n|move|p1b: Zygarde|Coil|p1b: Zygarde\n|-boost|p1b: Zygarde|atk|1\n|-boost|p1b: Zygarde|def|1\n|-boost|p1b: Zygarde|accuracy|1\n|move|p1a: Hoopa|Trick Room|p1a: Hoopa\n|-fieldstart|move: Trick Room|[of] p1a: Hoopa\n|-enditem|p1b: Zygarde|Room Service\n|-unboost|p1b: Zygarde|spe|1|[from] item: Room Service\n|-enditem|p1a: Hoopa|Room Service\n|-unboost|p1a: Hoopa|spe|1|[from] item: Room Service\n|\n|upkeep\n|turn|2\n|inactive|Elianete112237 has 120 seconds left.\n|\n|t:|1697407602\n|move|p2a: Whimsicott|Encore|p1a: Hoopa\n|-hint|Since gen 7, Dark is immune to Prankster moves.\n|-immune|p1a: Hoopa\n|move|p1a: Hoopa|Psyshock|p2b: Terrakion\n|-supereffective|p2b: Terrakion\n|-damage|p2b: Terrakion|0 fnt\n|faint|p2b: Terrakion\n|move|p1b: Zygarde|Thousand Arrows|p2a: Whimsicott\n|-resisted|p2a: Whimsicott\n|-damage|p2a: Whimsicott|71\/100\n|\n|upkeep\n|\n|t:|1697407617\n|switch|p2b: Venusaur|Venusaur, M|100\/100\n|turn|3\n|inactive|Elianete112237 has 120 seconds left.\n|\n|t:|1697407631\n|move|p2a: Whimsicott|Encore|p1b: Zygarde\n|-start|p1b: Zygarde|Encore\n|move|p1a: Hoopa|Psyshock|p2b: Venusaur\n|-supereffective|p2b: Venusaur\n|-damage|p2b: Venusaur|0 fnt\n|faint|p2b: Venusaur\n|move|p1b: Zygarde|Thousand Arrows|p2a: Whimsicott\n|-resisted|p2a: Whimsicott\n|-damage|p2a: Whimsicott|43\/100\n|\n|upkeep\n|inactive|Elianete112237 has 120 seconds left.\n|\n|t:|1697407641\n|switch|p2b: Incineroar|Incineroar, M|100\/100\n|-ability|p2b: Incineroar|Intimidate|boost\n|-unboost|p1a: Hoopa|atk|1\n|-unboost|p1b: Zygarde|atk|1\n|turn|4\n|\n|t:|1697407660\n|move|p2b: Incineroar|Fake Out|p1a: Hoopa\n|-crit|p1a: Hoopa\n|-damage|p1a: Hoopa|61\/100\n|-damage|p2b: Incineroar|91\/100|[from] item: Life Orb\n|cant|p1a: Hoopa|flinch\n|move|p1b: Zygarde|Thousand Arrows|p2b: Incineroar|[spread] p2a,p2b\n|-resisted|p2a: Whimsicott\n|-supereffective|p2b: Incineroar\n|-damage|p2a: Whimsicott|29\/100\n|-damage|p2b: Incineroar|45\/100\n|move|p2a: Whimsicott|Dazzling Gleam|p1a: Hoopa|[spread] p1a,p1b\n|-supereffective|p1a: Hoopa\n|-supereffective|p1b: Zygarde\n|-damage|p1a: Hoopa|36\/100\n|-damage|p1b: Zygarde|43\/100\n|\n|upkeep\n|turn|5\n|\n|t:|1697407689\n|move|p1a: Hoopa|Psyshock|p2a: Whimsicott\n|-damage|p2a: Whimsicott|0 fnt\n|faint|p2a: Whimsicott\n|move|p1b: Zygarde|Thousand Arrows|p2b: Incineroar\n|-supereffective|p2b: Incineroar\n|-damage|p2b: Incineroar|0 fnt\n|faint|p2b: Incineroar\n|\n|-end|p1b: Zygarde|Encore\n|-fieldend|move: Trick Room\n|upkeep\n|\n|t:|1697407700\n|switch|p2a: Gothitelle|Gothitelle, M|100\/100\n|switch|p2b: Charizard|Charizard, M|100\/100\n|turn|6\n|\n|t:|1697407712\n|detailschange|p2b: Charizard|Charizard-Mega-Y, M\n|-mega|p2b: Charizard|Charizard|Charizardite Y\n|-weather|SunnyDay|[from] ability: Drought|[of] p2b: Charizard\n|move|p2b: Charizard|Solar Beam||[still]\n|-prepare|p2b: Charizard|Solar Beam\n|-anim|p2b: Charizard|Solar Beam|p1a: Hoopa\n|-damage|p1a: Hoopa|0 fnt\n|faint|p1a: Hoopa\n|move|p2a: Gothitelle|Psychic|p1b: Zygarde\n|-damage|p1b: Zygarde|26\/100\n|move|p1b: Zygarde|Thousand Arrows|p2b: Charizard|[spread] p2a,p2b\n|-damage|p2a: Gothitelle|78\/100\n|-damage|p2b: Charizard|66\/100\n|-start|p2b: Charizard|Smack Down\n|\n|-weather|SunnyDay|[upkeep]\n|upkeep\n|\n|t:|1697407736\n|switch|p1a: Indeedee|Indeedee-F, F|100\/100\n|-fieldstart|move: Psychic Terrain|[from] ability: Psychic Surge|[of] p1a: Indeedee\n|turn|7\n|\n|t:|1697407753\n|move|p2a: Gothitelle|Ally Switch|p2a: Gothitelle\n|swap|p2a: Gothitelle|1|[from] move: Ally Switch\n|move|p2a: Charizard|Solar Beam||[still]\n|-prepare|p2a: Charizard|Solar Beam\n|-anim|p2a: Charizard|Solar Beam|p1a: Indeedee\n|-damage|p1a: Indeedee|59\/100\n|move|p1b: Zygarde|Thousand Arrows|p2b: Gothitelle|[spread] p2a,p2b\n|-supereffective|p2a: Charizard\n|-damage|p2a: Charizard|3\/100\n|-damage|p2b: Gothitelle|55\/100\n|move|p1a: Indeedee|Trick Room|p1a: Indeedee\n|-fieldstart|move: Trick Room|[of] p1a: Indeedee\n|\n|-weather|SunnyDay|[upkeep]\n|upkeep\n|turn|8\n|\n|t:|1697407774\n|move|p1b: Zygarde|Thousand Arrows|p2a: Charizard|[spread] p2a,p2b\n|-supereffective|p2a: Charizard\n|-damage|p2a: Charizard|0 fnt\n|-damage|p2b: Gothitelle|33\/100\n|faint|p2a: Charizard\n|move|p1a: Indeedee|Heal Pulse|p1b: Zygarde\n|-heal|p1b: Zygarde|76\/100\n|move|p2b: Gothitelle|Psychic|p1b: Zygarde\n|-damage|p1b: Zygarde|52\/100\n|\n|-weather|SunnyDay|[upkeep]\n|upkeep\n|turn|9\n|\n|t:|1697407787\n|move|p1a: Indeedee|Helping Hand|p1b: Zygarde\n|-singleturn|p1b: Zygarde|Helping Hand|[of] p1a: Indeedee\n|move|p1b: Zygarde|Crunch|p2b: Gothitelle\n|-supereffective|p2b: Gothitelle\n|-crit|p2b: Gothitelle\n|-damage|p2b: Gothitelle|0 fnt\n|faint|p2b: Gothitelle\n|\n|win|sadf adsf\n|raw|sadf adsf's rating: 1186 &rarr; <strong>1213<\/strong><br \/>(+27 for winning)\n|raw|Elianete112237's rating: 1213 &rarr; <strong>1186<\/strong><br \/>(-27 for losing)\n","uploadtime":1697407799,"views":6,"p1id":"sadfadsf","p2id":"elianete112237","formatid":"gen9nationaldexdoubles","rating":1186,"private":0,"password":""}