{"id":"gen9nationaldexdoubles-1967528937","p1":"ralca 1","p2":"Leoraul","format":"[Gen 9] National Dex Doubles","log":"|j|\u2606ralca 1\n|j|\u2606Leoraul\n|t:|1697310591\n|gametype|doubles\n|player|p1|ralca 1|steven|\n|player|p2|Leoraul|barry|\n|teamsize|p1|6\n|teamsize|p2|6\n|gen|9\n|tier|[Gen 9] National Dex Doubles\n|rule|HP Percentage Mod: HP is shown in percentages\n|rule|Endless Battle Clause: Forcing endless battles is banned\n|rule|OHKO Clause: OHKO moves are banned\n|rule|Evasion Moves Clause: Evasion moves are banned\n|rule|Evasion Abilities Clause: Evasion abilities are banned\n|rule|Species Clause: Limit one of each Pok\u00e9mon\n|rule|Gravity Sleep Clause: The combination of sleep-inducing moves with imperfect accuracy and Gravity or Gigantamax Orbeetle are banned\n|clearpoke\n|poke|p1|Azumarill, F|\n|poke|p1|Gothitelle, M|\n|poke|p1|Oranguru, F|\n|poke|p1|Torkoal, M|\n|poke|p1|Indeedee-F, F|\n|poke|p1|Armarouge, F|\n|poke|p2|Hoopa-Unbound|\n|poke|p2|Zamazenta-*|\n|poke|p2|Charizard, M|\n|poke|p2|Regidrago|\n|poke|p2|Regieleki|\n|poke|p2|Greninja-*, M|\n|teampreview\n|\n|t:|1697310627\n|start\n|switch|p1a: Gothitelle|Gothitelle, M|100\/100\n|switch|p1b: Azumarill|Azumarill, F|100\/100\n|switch|p2a: Charizard|Charizard, M|100\/100\n|switch|p2b: Greninja|Greninja, M|100\/100\n|turn|1\n|\n|t:|1697310645\n|detailschange|p2a: Charizard|Charizard-Mega-Y, M\n|-mega|p2a: Charizard|Charizard|Charizardite Y\n|-weather|SunnyDay|[from] ability: Drought|[of] p2a: Charizard\n|-terastallize|p2b: Greninja|Water\n|move|p2b: Greninja|Giga Impact|p1b: Azumarill\n|-damage|p1b: Azumarill|62\/100\n|-mustrecharge|p2b: Greninja\n|move|p2a: Charizard|Brick Break|p1a: Gothitelle\n|-resisted|p1a: Gothitelle\n|-damage|p1a: Gothitelle|87\/100\n|move|p1b: Azumarill|Perish Song|p1b: Azumarill\n|-start|p1a: Gothitelle|perish3|[silent]\n|-start|p1b: Azumarill|perish3|[silent]\n|-start|p2a: Charizard|perish3|[silent]\n|-start|p2b: Greninja|perish3|[silent]\n|-fieldactivate|move: Perish Song\n|move|p1a: Gothitelle|Trick Room|p1a: Gothitelle\n|-fieldstart|move: Trick Room|[of] p1a: Gothitelle\n|\n|-weather|SunnyDay|[upkeep]\n|-start|p1b: Azumarill|perish3\n|-start|p1a: Gothitelle|perish3\n|-start|p2a: Charizard|perish3\n|-start|p2b: Greninja|perish3\n|upkeep\n|turn|2\n|\n|t:|1697310677\n|move|p1b: Azumarill|Aqua Jet|p2a: Charizard\n|-supereffective|p2a: Charizard\n|-damage|p2a: Charizard|76\/100\n|move|p1a: Gothitelle|Hypnosis|p2a: Charizard\n|-status|p2a: Charizard|slp|[from] move: Hypnosis\n|cant|p2a: Charizard|slp\n|cant|p2b: Greninja|recharge\n|\n|-weather|SunnyDay|[upkeep]\n|-start|p1b: Azumarill|perish2\n|-start|p1a: Gothitelle|perish2\n|-start|p2a: Charizard|perish2\n|-start|p2b: Greninja|perish2\n|upkeep\n|turn|3\n|\n|t:|1697310713\n|move|p1b: Azumarill|Aqua Jet|p2a: Charizard\n|-supereffective|p2a: Charizard\n|-damage|p2a: Charizard|50\/100 slp\n|move|p1a: Gothitelle|Hypnosis|p2b: Greninja|[miss]\n|-miss|p1a: Gothitelle|p2b: Greninja\n|cant|p2a: Charizard|slp\n|move|p2b: Greninja|Giga Impact|p1b: Azumarill\n|-damage|p1b: Azumarill|27\/100\n|-mustrecharge|p2b: Greninja\n|\n|-weather|SunnyDay|[upkeep]\n|-start|p1b: Azumarill|perish1\n|-start|p1a: Gothitelle|perish1\n|-start|p2a: Charizard|perish1\n|-start|p2b: Greninja|perish1\n|upkeep\n|turn|4\n|\n|t:|1697310741\n|switch|p1b: Oranguru|Oranguru, F|100\/100\n|switch|p1a: Torkoal|Torkoal, M|100\/100\n|cant|p2a: Charizard|slp\n|cant|p2b: Greninja|recharge\n|\n|-weather|SunnyDay|[upkeep]\n|-start|p2a: Charizard|perish0\n|-start|p2b: Greninja|perish0\n|faint|p2a: Charizard\n|faint|p2b: Greninja\n|upkeep\n|\n|t:|1697310764\n|switch|p2a: Regieleki|Regieleki|100\/100\n|switch|p2b: Regidrago|Regidrago|100\/100\n|turn|5\n|\n|t:|1697310778\n|-terastallize|p1a: Torkoal|Fire\n|move|p1a: Torkoal|Eruption|p2a: Regieleki|[spread] p2a,p2b\n|-resisted|p2b: Regidrago\n|-damage|p2a: Regieleki|0 fnt\n|-damage|p2b: Regidrago|53\/100\n|faint|p2a: Regieleki\n|move|p1b: Oranguru|Instruct|p1a: Torkoal\n|-singleturn|p1a: Torkoal|move: Instruct|[of] p1b: Oranguru\n|move|p1a: Torkoal|Eruption|p2b: Regidrago\n|-resisted|p2b: Regidrago\n|-damage|p2b: Regidrago|0 fnt\n|faint|p2b: Regidrago\n|\n|-weather|none\n|-fieldend|move: Trick Room\n|upkeep\n|\n|t:|1697310796\n|switch|p2a: Zamazenta|Zamazenta|100\/100\n|switch|p2b: Hoopa|Hoopa-Unbound|100\/100\n|-ability|p2a: Zamazenta|Dauntless Shield|boost\n|-boost|p2a: Zamazenta|def|1\n|turn|6\n|\n|t:|1697310807\n|move|p2a: Zamazenta|Close Combat|p1b: Oranguru\n|-damage|p1b: Oranguru|50\/100\n|-unboost|p2a: Zamazenta|def|1\n|-unboost|p2a: Zamazenta|spd|1\n|move|p2b: Hoopa|Psychic|p1a: Torkoal\n|-damage|p1a: Torkoal|34\/100\n|-unboost|p1a: Torkoal|spd|1\n|-item|p2b: Hoopa|Charcoal|[from] ability: Magician|[of] p1a: Torkoal\n|move|p1b: Oranguru|Instruct|p1a: Torkoal\n|-singleturn|p1a: Torkoal|move: Instruct|[of] p1b: Oranguru\n|move|p1a: Torkoal|Eruption|p2b: Hoopa|[spread] p2a,p2b\n|-damage|p2a: Zamazenta|74\/100\n|-damage|p2b: Hoopa|81\/100\n|move|p1a: Torkoal|Eruption|p2a: Zamazenta|[spread] p2a,p2b\n|-damage|p2a: Zamazenta|49\/100\n|-damage|p2b: Hoopa|65\/100\n|\n|-heal|p1b: Oranguru|57\/100|[from] item: Leftovers\n|upkeep\n|turn|7\n|\n|t:|1697310838\n|switch|p1b: Armarouge|Armarouge, F|100\/100\n|switch|p1a: Indeedee|Indeedee-F, F|100\/100\n|-fieldstart|move: Psychic Terrain|[from] ability: Psychic Surge|[of] p1a: Indeedee\n|-enditem|p1a: Indeedee|Psychic Seed\n|-boost|p1a: Indeedee|spd|1|[from] item: Psychic Seed\n|move|p2a: Zamazenta|Close Combat|p1b: Armarouge\n|-resisted|p1b: Armarouge\n|-damage|p1b: Armarouge|80\/100\n|-unboost|p2a: Zamazenta|def|1\n|-unboost|p2a: Zamazenta|spd|1\n|-ability|p1b: Armarouge|Weak Armor|boost\n|-unboost|p1b: Armarouge|def|1\n|-boost|p1b: Armarouge|spe|2\n|move|p2b: Hoopa|Psychic|p1a: Indeedee\n|-resisted|p1a: Indeedee\n|-damage|p1a: Indeedee|78\/100\n|\n|upkeep\n|turn|8\n|\n|t:|1697310871\n|move|p1b: Armarouge|Aura Sphere|p2b: Hoopa\n|-damage|p2b: Hoopa|38\/100\n|move|p2a: Zamazenta|Moonblast|p1b: Armarouge\n|-resisted|p1b: Armarouge\n|-damage|p1b: Armarouge|71\/100\n|-unboost|p1b: Armarouge|spa|1\n|move|p1a: Indeedee|Expanding Force|p2a: Zamazenta|[spread] p2a\n|-immune|p2b: Hoopa\n|-supereffective|p2a: Zamazenta\n|-damage|p2a: Zamazenta|0 fnt\n|faint|p2a: Zamazenta\n|move|p2b: Hoopa|Brick Break|p1a: Indeedee\n|-damage|p1a: Indeedee|44\/100\n|\n|upkeep\n|turn|9\n|inactive|Battle timer is ON: inactive players will automatically lose when time's up. (requested by Leoraul)\n|\n|t:|1697310907\n|switch|p1a: Oranguru|Oranguru, F|57\/100\n|move|p1b: Armarouge|Armor Cannon|p2b: Hoopa\n|-damage|p2b: Hoopa|4\/100\n|-unboost|p1b: Armarouge|def|1\n|-unboost|p1b: Armarouge|spd|1\n|move|p2b: Hoopa|Psychic|p1b: Armarouge\n|-resisted|p1b: Armarouge\n|-damage|p1b: Armarouge|34\/100\n|\n|-heal|p1a: Oranguru|63\/100|[from] item: Leftovers\n|upkeep\n|turn|10\n|\n|t:|1697310927\n|move|p1b: Armarouge|Armor Cannon|p2b: Hoopa\n|-damage|p2b: Hoopa|0 fnt\n|-unboost|p1b: Armarouge|def|1\n|-unboost|p1b: Armarouge|spd|1\n|faint|p2b: Hoopa\n|\n|win|ralca 1\n","uploadtime":1697310949,"views":11,"p1id":"ralca1","p2id":"leoraul","formatid":"gen9nationaldexdoubles","rating":0,"private":0,"password":""}