{"id":"gen9nationaldexdoubles-1947755721","p1":"user58342485","p2":"captainnemo101","format":"[Gen 9] National Dex Doubles","log":"|j|\u2606user58342485\n|j|\u2606captainnemo101\n|t:|1695197510\n|gametype|doubles\n|player|p1|user58342485|pokemaniac|1537\n|player|p2|captainnemo101|266|1461\n|teamsize|p1|6\n|teamsize|p2|6\n|gen|9\n|tier|[Gen 9] National Dex Doubles\n|rated|\n|rule|HP Percentage Mod: HP is shown in percentages\n|rule|Endless Battle Clause: Forcing endless battles is banned\n|rule|OHKO Clause: OHKO moves are banned\n|rule|Evasion Moves Clause: Evasion moves are banned\n|rule|Evasion Abilities Clause: Evasion abilities are banned\n|rule|Species Clause: Limit one of each Pok\u00e9mon\n|rule|Gravity Sleep Clause: The combination of sleep-inducing moves with imperfect accuracy and Gravity or Gigantamax Orbeetle are banned\n|clearpoke\n|poke|p1|Rillaboom, M|\n|poke|p1|Salamence, F|\n|poke|p1|Volcanion|\n|poke|p1|Chien-Pao|\n|poke|p1|Flutter Mane|\n|poke|p1|Ogerpon-Cornerstone, F|\n|poke|p2|Ursaluna, M|\n|poke|p2|Hatterene, F|\n|poke|p2|Indeedee, M|\n|poke|p2|Torkoal, F|\n|poke|p2|Copperajah, M|\n|poke|p2|Oranguru, F|\n|teampreview\n|inactive|Battle timer is ON: inactive players will automatically lose when time's up. (requested by user58342485)\n|inactive|user58342485 has 120 seconds left.\n|\n|t:|1695197551\n|start\n|switch|p1a: Flutter Mane|Flutter Mane|100\/100\n|switch|p1b: Chien-Pao|Chien-Pao|100\/100\n|switch|p2a: Indeedee|Indeedee, M|100\/100\n|switch|p2b: Oranguru|Oranguru, F|100\/100\n|-ability|p1b: Chien-Pao|Sword of Ruin\n|-fieldstart|move: Psychic Terrain|[from] ability: Psychic Surge|[of] p2a: Indeedee\n|turn|1\n|\n|t:|1695197579\n|-terastallize|p2b: Oranguru|Normal\n|move|p1a: Flutter Mane|Moonblast|p2b: Oranguru\n|-damage|p2b: Oranguru|52\/100\n|-unboost|p2b: Oranguru|spa|1\n|move|p1b: Chien-Pao|Ice Spinner|p2b: Oranguru\n|-damage|p2b: Oranguru|0 fnt\n|-fieldend|move: Psychic Terrain\n|faint|p2b: Oranguru\n|move|p2a: Indeedee|Expanding Force|p1a: Flutter Mane\n|-damage|p1a: Flutter Mane|62\/100\n|\n|upkeep\n|\n|t:|1695197598\n|switch|p2b: Copperajah|Copperajah, M|100\/100\n|turn|2\n|\n|t:|1695197613\n|-end|p1a: Flutter Mane|Protosynthesis|[silent]\n|switch|p1a: Volcanion|Volcanion|100\/100\n|move|p1b: Chien-Pao|Sacred Sword|p2b: Copperajah\n|-supereffective|p2b: Copperajah\n|-damage|p2b: Copperajah|22\/100\n|move|p2a: Indeedee|Expanding Force|p1a: Volcanion\n|-damage|p1a: Volcanion|73\/100\n|move|p2b: Copperajah|Heavy Slam|p1b: Chien-Pao\n|-supereffective|p1b: Chien-Pao\n|-enditem|p1b: Chien-Pao|Focus Sash\n|-damage|p1b: Chien-Pao|1\/100\n|\n|-heal|p2b: Copperajah|29\/100|[from] item: Leftovers\n|upkeep\n|turn|3\n|\n|t:|1695197639\n|move|p1b: Chien-Pao|Sucker Punch|p2a: Indeedee\n|-supereffective|p2a: Indeedee\n|-damage|p2a: Indeedee|0 fnt\n|faint|p2a: Indeedee\n|move|p1a: Volcanion|Earth Power|p2b: Copperajah\n|-supereffective|p2b: Copperajah\n|-damage|p2b: Copperajah|0 fnt\n|faint|p2b: Copperajah\n|\n|upkeep\n|inactive|captainnemo101 has 120 seconds left.\n|\n|t:|1695197658\n|switch|p2a: Hatterene|Hatterene, F|100\/100\n|switch|p2b: Torkoal|Torkoal, F|100\/100\n|-weather|SunnyDay|[from] ability: Drought|[of] p2b: Torkoal\n|turn|4\n|\n|t:|1695197675\n|move|p1b: Chien-Pao|Ice Spinner|p2a: Hatterene\n|-damage|p2a: Hatterene|37\/100\n|move|p1a: Volcanion|Heat Wave|p2a: Hatterene|[spread] p2a,p2b\n|-resisted|p2b: Torkoal\n|-damage|p2a: Hatterene|0 fnt\n|-damage|p2b: Torkoal|60\/100\n|faint|p2a: Hatterene\n|move|p2b: Torkoal|Eruption|p1a: Volcanion|[spread] p1a,p1b\n|-resisted|p1a: Volcanion\n|-supereffective|p1b: Chien-Pao\n|-damage|p1a: Volcanion|64\/100\n|-damage|p1b: Chien-Pao|0 fnt\n|faint|p1b: Chien-Pao\n|\n|-weather|SunnyDay|[upkeep]\n|upkeep\n|\n|t:|1695197690\n|switch|p1b: Rillaboom|Rillaboom, M|100\/100\n|switch|p2a: Ursaluna|Ursaluna, M, shiny|100\/100\n|-fieldstart|move: Grassy Terrain|[from] ability: Grassy Surge|[of] p1b: Rillaboom\n|turn|5\n|c|\u2606user58342485|gg\n|\n|t:|1695197702\n|-terastallize|p1b: Rillaboom|Rock\n|move|p2a: Ursaluna|Protect|p2a: Ursaluna\n|-singleturn|p2a: Ursaluna|Protect\n|move|p1b: Rillaboom|Wood Hammer|p2a: Ursaluna\n|-activate|p2a: Ursaluna|move: Protect\n|move|p1a: Volcanion|Earth Power|p2b: Torkoal\n|-supereffective|p2b: Torkoal\n|-damage|p2b: Torkoal|0 fnt\n|faint|p2b: Torkoal\n|\n|-weather|SunnyDay|[upkeep]\n|-heal|p1a: Volcanion|70\/100|[from] Grassy Terrain\n|-status|p2a: Ursaluna|brn|[from] item: Flame Orb\n|upkeep\n|turn|6\n|\n|t:|1695197723\n|move|p1b: Rillaboom|Wood Hammer|p2a: Ursaluna\n|-supereffective|p2a: Ursaluna\n|-damage|p2a: Ursaluna|0 fnt\n|faint|p2a: Ursaluna\n|-damage|p1b: Rillaboom|62\/100|[from] Recoil\n|\n|win|user58342485\n|raw|user58342485's rating: 1537 &rarr; <strong>1553<\/strong><br \/>(+16 for winning)\n|raw|captainnemo101's rating: 1461 &rarr; <strong>1445<\/strong><br \/>(-16 for losing)\n","uploadtime":1695197740,"views":24,"p1id":"user58342485","p2id":"captainnemo101","formatid":"gen9nationaldexdoubles","rating":1445,"private":0,"password":""}