{"id":"gen9nationaldexdoubles-1999448150","p1":"lonelydumbass","p2":"QSR-ZY","format":"[Gen 9] National Dex Doubles","log":"|j|\u2606lonelydumbass\n|j|\u2606QSR-ZY\n|t:|1701082124\n|gametype|doubles\n|player|p1|lonelydumbass|guitarist-gen4|1195\n|player|p2|QSR-ZY|cynthia-gen4|1000\n|teamsize|p1|6\n|teamsize|p2|6\n|gen|9\n|tier|[Gen 9] National Dex Doubles\n|rated|\n|rule|HP Percentage Mod: HP is shown in percentages\n|rule|Endless Battle Clause: Forcing endless battles is banned\n|rule|OHKO Clause: OHKO moves are banned\n|rule|Evasion Moves Clause: Evasion moves are banned\n|rule|Evasion Abilities Clause: Evasion abilities are banned\n|rule|Species Clause: Limit one of each Pok\u00e9mon\n|rule|Gravity Sleep Clause: The combination of sleep-inducing moves with imperfect accuracy and Gravity or Gigantamax Orbeetle are banned\n|clearpoke\n|poke|p1|Kabutops, F|\n|poke|p1|Amoonguss, M|\n|poke|p1|Pelipper, M|\n|poke|p1|Tornadus, M|\n|poke|p1|Urshifu-*, M|\n|poke|p1|Basculegion, M|\n|poke|p2|Gardevoir, F|\n|poke|p2|Meowscarada, F|\n|poke|p2|Indeedee-F, F|\n|poke|p2|Urshifu-*, F|\n|poke|p2|Tornadus, M|\n|poke|p2|Milotic, F|\n|teampreview\n|\n|t:|1701082139\n|start\n|switch|p1a: berd|Pelipper, M|100\/100\n|switch|p1b: Speed Control|Tornadus, M|100\/100\n|switch|p2a: Indeedee|Indeedee-F, F|100\/100\n|switch|p2b: Gardevoir|Gardevoir, F, shiny|100\/100\n|-ability|p2b: Gardevoir|Prankster|[from] ability: Trace|[of] p1b: Speed Control\n|-fieldstart|move: Psychic Terrain|[from] ability: Psychic Surge|[of] p2a: Indeedee\n|-enditem|p2a: Indeedee|Psychic Seed\n|-boost|p2a: Indeedee|spd|1|[from] item: Psychic Seed\n|-weather|RainDance|[from] ability: Drizzle|[of] p1a: berd\n|turn|1\n|\n|t:|1701082180\n|detailschange|p2b: Gardevoir|Gardevoir-Mega, F, shiny\n|-mega|p2b: Gardevoir|Gardevoir|Gardevoirite\n|move|p1b: Speed Control|Defog|p2b: Gardevoir\n|-activate|p2b: Gardevoir|move: Psychic Terrain\n|move|p2b: Gardevoir|Expanding Force|p1b: Speed Control|[spread] p1a,p1b\n|-damage|p1a: berd|2\/100\n|-damage|p1b: Speed Control|0 fnt\n|faint|p1b: Speed Control\n|move|p1a: berd|Tailwind|p1a: berd\n|-sidestart|p1: lonelydumbass|move: Tailwind\n|move|p2a: Indeedee|Trick Room|p2a: Indeedee\n|-fieldstart|move: Trick Room|[of] p2a: Indeedee\n|\n|-weather|RainDance|[upkeep]\n|upkeep\n|\n|t:|1701082196\n|switch|p1b: Amoonguss|Amoonguss, M|100\/100\n|turn|2\n|\n|t:|1701082205\n|switch|p1a: Kabutops|Kabutops, F|100\/100\n|move|p2a: Indeedee|Follow Me|p2a: Indeedee\n|-singleturn|p2a: Indeedee|move: Follow Me\n|move|p1b: Amoonguss|Spore|p2a: Indeedee\n|-status|p2a: Indeedee|slp|[from] move: Spore\n|move|p2b: Gardevoir|Hyper Voice|p1b: Amoonguss|[spread] p1a,p1b\n|-resisted|p1b: Amoonguss\n|-damage|p1a: Kabutops|6\/100\n|-damage|p1b: Amoonguss|83\/100\n|\n|-weather|RainDance|[upkeep]\n|-heal|p1b: Amoonguss|89\/100|[from] item: Leftovers\n|upkeep\n|turn|3\n|\n|t:|1701082257\n|switch|p2a: Meowscarada|Meowscarada, F, shiny|100\/100\n|switch|p2b: Milotic|Milotic, F|100\/100\n|move|p1b: Amoonguss|Spore|p2b: Milotic\n|-status|p2b: Milotic|slp|[from] move: Spore\n|move|p1a: Kabutops|Liquidation|p2b: Milotic\n|-resisted|p2b: Milotic\n|-damage|p2b: Milotic|82\/100 slp\n|-damage|p1a: Kabutops|0 fnt|[from] item: Life Orb\n|faint|p1a: Kabutops\n|\n|-weather|RainDance|[upkeep]\n|-heal|p1b: Amoonguss|95\/100|[from] item: Leftovers\n|upkeep\n|\n|t:|1701082268\n|switch|p1a: he goes last|Basculegion, M|100\/100\n|turn|4\n|\n|t:|1701082287\n|switch|p2b: Tornadus|Tornadus, M|100\/100\n|switch|p1a: Urshifu|Urshifu-Rapid-Strike, M|100\/100\n|move|p1b: Amoonguss|Pollen Puff|p2a: Meowscarada\n|-supereffective|p2a: Meowscarada\n|-damage|p2a: Meowscarada|0 fnt\n|faint|p2a: Meowscarada\n|\n|-weather|RainDance|[upkeep]\n|-heal|p1b: Amoonguss|100\/100|[from] item: Leftovers\n|-sideend|p1: lonelydumbass|move: Tailwind\n|upkeep\n|\n|t:|1701082303\n|switch|p2a: Urshifu|Urshifu-Rapid-Strike, F|100\/100\n|turn|5\n|\n|t:|1701082321\n|move|p2b: Tornadus|Taunt|p1b: Amoonguss\n|-activate|p1b: Amoonguss|move: Psychic Terrain\n|move|p1b: Amoonguss|Leaf Storm|p2a: Urshifu\n|-supereffective|p2a: Urshifu\n|-damage|p2a: Urshifu|0 fnt\n|-unboost|p1b: Amoonguss|spa|2\n|faint|p2a: Urshifu\n|move|p1a: Urshifu|Surging Strikes|p2b: Tornadus\n|-crit|p2b: Tornadus\n|-damage|p2b: Tornadus|49\/100\n|-crit|p2b: Tornadus\n|-damage|p2b: Tornadus|0 fnt\n|faint|p2b: Tornadus\n|-hitcount|p2: Tornadus|2\n|\n|-weather|RainDance|[upkeep]\n|-fieldend|move: Trick Room\n|-fieldend|move: Psychic Terrain\n|upkeep\n|\n|t:|1701082335\n|switch|p2b: Gardevoir|Gardevoir-Mega, F, shiny|100\/100\n|switch|p2a: Indeedee|Indeedee-F, F|100\/100 slp\n|-fieldstart|move: Psychic Terrain|[from] ability: Psychic Surge|[of] p2a: Indeedee\n|turn|6\n|\n|t:|1701082350\n|-terastallize|p1b: Amoonguss|Steel\n|move|p2b: Gardevoir|Expanding Force|p1a: Urshifu|[spread] p1a,p1b\n|-supereffective|p1a: Urshifu\n|-resisted|p1b: Amoonguss\n|-damage|p1a: Urshifu|0 fnt\n|-damage|p1b: Amoonguss|77\/100\n|faint|p1a: Urshifu\n|cant|p2a: Indeedee|slp\n|move|p1b: Amoonguss|Spore|p2b: Gardevoir\n|-status|p2b: Gardevoir|slp|[from] move: Spore\n|\n|-weather|RainDance|[upkeep]\n|-heal|p1b: Amoonguss|83\/100|[from] item: Leftovers\n|upkeep\n|\n|t:|1701082359\n|switch|p1a: he goes last|Basculegion, M|100\/100\n|turn|7\n|\n|t:|1701082375\n|switch|p1b: berd|Pelipper, M|2\/100\n|-curestatus|p2a: Indeedee|slp|[msg]\n|move|p2a: Indeedee|Follow Me|p2a: Indeedee\n|-singleturn|p2a: Indeedee|move: Follow Me\n|move|p1a: he goes last|Last Respects|p2a: Indeedee\n|-immune|p2a: Indeedee\n|cant|p2b: Gardevoir|slp\n|\n|-weather|RainDance|[upkeep]\n|upkeep\n|turn|8\n|\n|t:|1701082391\n|move|p2a: Indeedee|Follow Me|p2a: Indeedee\n|-singleturn|p2a: Indeedee|move: Follow Me\n|move|p1a: he goes last|Wave Crash|p2a: Indeedee\n|-damage|p2a: Indeedee|8\/100\n|-damage|p1a: he goes last|74\/100|[from] Recoil\n|cant|p2b: Gardevoir|slp\n|move|p1b: berd|U-turn|p2a: Indeedee\n|-supereffective|p2a: Indeedee\n|-damage|p2a: Indeedee|0 fnt\n|faint|p2a: Indeedee\n|\n|t:|1701082395\n|switch|p1b: Amoonguss|Amoonguss, M, tera:Steel|100\/100|[from] U-turn\n|\n|-weather|none\n|-heal|p1a: he goes last|80\/100|[from] item: Leftovers\n|upkeep\n|\n|t:|1701082404\n|switch|p2a: Milotic|Milotic, F|82\/100 slp\n|turn|9\n|\n|t:|1701082420\n|switch|p1b: berd|Pelipper, M|2\/100\n|-weather|RainDance|[from] ability: Drizzle|[of] p1b: berd\n|move|p1a: he goes last|Last Respects|p2b: Gardevoir\n|-supereffective|p2b: Gardevoir\n|-damage|p2b: Gardevoir|0 fnt\n|faint|p2b: Gardevoir\n|cant|p2a: Milotic|slp\n|\n|-weather|RainDance|[upkeep]\n|-heal|p1a: he goes last|86\/100|[from] item: Leftovers\n|upkeep\n|turn|10\n|c|\u2606lonelydumbass|gg\n|\n|t:|1701082437\n|move|p1a: he goes last|Last Respects|p2a: Milotic\n|-damage|p2a: Milotic|35\/100 slp\n|cant|p2a: Milotic|slp\n|move|p1b: berd|U-turn|p2a: Milotic\n|-damage|p2a: Milotic|30\/100 slp\n|\n|t:|1701082442\n|switch|p1b: Amoonguss|Amoonguss, M, tera:Steel|100\/100|[from] U-turn\n|\n|-weather|RainDance|[upkeep]\n|-heal|p1a: he goes last|92\/100|[from] item: Leftovers\n|-fieldend|move: Psychic Terrain\n|upkeep\n|turn|11\n|-message|QSR-ZY forfeited.\n|\n|win|lonelydumbass\n|raw|lonelydumbass's rating: 1195 &rarr; <strong>1207<\/strong><br \/>(+12 for winning)\n|raw|QSR-ZY's rating: 1000 &rarr; <strong>1000<\/strong><br \/>(+0 for losing)\n|l|\u2606QSR-ZY\n|c|\u2606lonelydumbass|awww i wanted to use leaf storm..\n","uploadtime":1701082456,"views":4,"p1id":"lonelydumbass","p2id":"qsrzy","formatid":"gen9nationaldexdoubles","rating":1000,"private":0,"password":""}