{"id":"gen9nationaldexdoubles-1989153646","p1":"Batman135","p2":"CrisWWE","format":"[Gen 9] National Dex Doubles","log":"|j|\u2606Batman135\n|j|\u2606CrisWWE\n|t:|1699817931\n|gametype|doubles\n|player|p1|Batman135|169|\n|player|p2|CrisWWE|shadowtriad|\n|teamsize|p1|6\n|teamsize|p2|6\n|gen|9\n|tier|[Gen 9] National Dex Doubles\n|rule|HP Percentage Mod: HP is shown in percentages\n|rule|Endless Battle Clause: Forcing endless battles is banned\n|rule|OHKO Clause: OHKO moves are banned\n|rule|Evasion Moves Clause: Evasion moves are banned\n|rule|Evasion Abilities Clause: Evasion abilities are banned\n|rule|Species Clause: Limit one of each Pok\u00e9mon\n|rule|Gravity Sleep Clause: The combination of sleep-inducing moves with imperfect accuracy and Gravity or Gigantamax Orbeetle are banned\n|clearpoke\n|poke|p1|Kommo-o, M|\n|poke|p1|Pachirisu, F|\n|poke|p1|Cresselia, F|\n|poke|p1|Flamigo, F|\n|poke|p1|Diancie|\n|poke|p1|Manaphy|\n|poke|p2|Palafin, M|\n|poke|p2|Sneasler, M|\n|poke|p2|Rillaboom, M|\n|poke|p2|Garchomp, M|\n|poke|p2|Amoonguss, M|\n|poke|p2|Ninetales-Alola, M|\n|teampreview\n|\n|t:|1699817948\n|start\n|switch|p1a: Pachirisu|Pachirisu, F|100\/100\n|switch|p1b: Kommo-o|Kommo-o, M|100\/100\n|switch|p2a: Amoonguss|Amoonguss, M|100\/100\n|switch|p2b: Garchomp|Garchomp, M, shiny|100\/100\n|turn|1\n|\n|t:|1699817966\n|-terastallize|p2b: Garchomp|Steel\n|move|p1a: Pachirisu|Follow Me|p1a: Pachirisu\n|-singleturn|p1a: Pachirisu|move: Follow Me\n|move|p2a: Amoonguss|Rage Powder|p2a: Amoonguss\n|-singleturn|p2a: Amoonguss|move: Rage Powder\n|move|p2b: Garchomp|Swords Dance|p2b: Garchomp\n|-boost|p2b: Garchomp|atk|2\n|-zpower|p1b: Kommo-o\n|move|p1b: Kommo-o|Clangorous Soulblaze|p2a: Amoonguss|[zeffect]|[spread] p2a,p2b\n|-resisted|p2b: Garchomp\n|-damage|p2a: Amoonguss|71\/100\n|-damage|p2b: Garchomp|76\/100\n|-boost|p1b: Kommo-o|atk|1\n|-boost|p1b: Kommo-o|def|1\n|-boost|p1b: Kommo-o|spa|1\n|-boost|p1b: Kommo-o|spd|1\n|-boost|p1b: Kommo-o|spe|1\n|\n|-heal|p2a: Amoonguss|77\/100|[from] item: Black Sludge\n|upkeep\n|turn|2\n|l|\u2606CrisWWE\n|player|p2|\n|j|\u2606CrisWWE\n|player|p2|CrisWWE|shadowtriad\n|\n|t:|1699818019\n|switch|p1a: Flamigo|Flamigo, F|100\/100\n|-copyboost|p1a: Flamigo|p1b: Kommo-o|[from] ability: Costar\n|move|p2a: Amoonguss|Rage Powder|p2a: Amoonguss\n|-singleturn|p2a: Amoonguss|move: Rage Powder\n|move|p1b: Kommo-o|Drain Punch|p2a: Amoonguss\n|-resisted|p2a: Amoonguss\n|-damage|p2a: Amoonguss|56\/100\n|move|p2b: Garchomp|Scale Shot|p1a: Flamigo\n|-damage|p1a: Flamigo|81\/100\n|-damage|p1a: Flamigo|61\/100\n|-damage|p1a: Flamigo|38\/100\n|-damage|p1a: Flamigo|18\/100\n|-damage|p1a: Flamigo|0 fnt\n|faint|p1a: Flamigo\n|-hitcount|p1: Flamigo|5\n|-unboost|p2b: Garchomp|def|1\n|-boost|p2b: Garchomp|spe|1\n|\n|-heal|p2a: Amoonguss|63\/100|[from] item: Black Sludge\n|upkeep\n|\n|t:|1699818045\n|switch|p1a: Cresselia|Cresselia, F|100\/100\n|turn|3\n|\n|t:|1699818058\n|move|p2a: Amoonguss|Rage Powder|p2a: Amoonguss\n|-singleturn|p2a: Amoonguss|move: Rage Powder\n|move|p2b: Garchomp|Scale Shot|p1b: Kommo-o\n|-supereffective|p1b: Kommo-o\n|-damage|p1b: Kommo-o|72\/100\n|-supereffective|p1b: Kommo-o\n|-damage|p1b: Kommo-o|43\/100\n|-supereffective|p1b: Kommo-o\n|-damage|p1b: Kommo-o|15\/100\n|-supereffective|p1b: Kommo-o\n|-damage|p1b: Kommo-o|0 fnt\n|faint|p1b: Kommo-o\n|-hitcount|p1: Kommo-o|4\n|-unboost|p2b: Garchomp|def|1\n|-boost|p2b: Garchomp|spe|1\n|move|p1a: Cresselia|Psych Up|p2a: Amoonguss\n|-copyboost|p1a: Cresselia|p2a: Amoonguss|[from] move: Psych Up\n|\n|-heal|p2a: Amoonguss|69\/100|[from] item: Black Sludge\n|upkeep\n|\n|t:|1699818081\n|switch|p1b: Pachirisu|Pachirisu, F|100\/100\n|turn|4\n|\n|t:|1699818093\n|move|p2b: Garchomp|Swords Dance|p2b: Garchomp\n|-boost|p2b: Garchomp|atk|2\n|move|p1b: Pachirisu|Nuzzle|p2b: Garchomp\n|-damage|p2b: Garchomp|69\/100\n|-status|p2b: Garchomp|par\n|-damage|p1b: Pachirisu|88\/100|[from] ability: Rough Skin|[of] p2b: Garchomp\n|move|p1a: Cresselia|Psych Up|p2b: Garchomp\n|-copyboost|p1a: Cresselia|p2b: Garchomp|[from] move: Psych Up\n|move|p2a: Amoonguss|Spore|p1b: Pachirisu\n|-status|p1b: Pachirisu|slp|[from] move: Spore\n|\n|-heal|p2a: Amoonguss|75\/100|[from] item: Black Sludge\n|upkeep\n|turn|5\n|\n|t:|1699818116\n|cant|p1b: Pachirisu|slp\n|move|p1a: Cresselia|Stored Power|p2a: Amoonguss\n|-supereffective|p2a: Amoonguss\n|-damage|p2a: Amoonguss|19\/100\n|move|p2b: Garchomp|Scale Shot|p1a: Cresselia\n|-damage|p1a: Cresselia|52\/100\n|-damage|p1a: Cresselia|0 fnt\n|faint|p1a: Cresselia\n|-hitcount|p1: Cresselia|2\n|-unboost|p2b: Garchomp|def|1\n|-boost|p2b: Garchomp|spe|1\n|move|p2a: Amoonguss|Pollen Puff|p2b: Garchomp\n|-heal|p2b: Garchomp|100\/100 par\n|\n|-heal|p2a: Amoonguss|26\/100|[from] item: Black Sludge\n|upkeep\n|\n|t:|1699818136\n|switch|p1a: Manaphy|Manaphy|100\/100\n|turn|6\n|\n|t:|1699818144\n|cant|p2b: Garchomp|par\n|cant|p1b: Pachirisu|slp\n|move|p1a: Manaphy|Acid Armor|p1a: Manaphy\n|-boost|p1a: Manaphy|def|2\n|move|p2a: Amoonguss|Synthesis|p2a: Amoonguss\n|-heal|p2a: Amoonguss|76\/100\n|\n|-heal|p2a: Amoonguss|82\/100|[from] item: Black Sludge\n|upkeep\n|turn|7\n|\n|t:|1699818161\n|cant|p2b: Garchomp|par\n|cant|p1b: Pachirisu|slp\n|move|p1a: Manaphy|Acid Armor|p1a: Manaphy\n|-boost|p1a: Manaphy|def|2\n|move|p2a: Amoonguss|Spore|p1a: Manaphy\n|-status|p1a: Manaphy|slp|[from] move: Spore\n|\n|-heal|p2a: Amoonguss|88\/100|[from] item: Black Sludge\n|upkeep\n|turn|8\n|\n|t:|1699818179\n|move|p2a: Amoonguss|Rage Powder|p2a: Amoonguss\n|-singleturn|p2a: Amoonguss|move: Rage Powder\n|move|p2b: Garchomp|Poison Jab|p1a: Manaphy\n|-damage|p1a: Manaphy|79\/100 slp\n|-curestatus|p1b: Pachirisu|slp|[msg]\n|move|p1b: Pachirisu|Encore|p2a: Amoonguss\n|-start|p2a: Amoonguss|Encore\n|cant|p1a: Manaphy|slp\n|\n|-heal|p1a: Manaphy|86\/100 slp|[from] item: Leftovers\n|-heal|p2a: Amoonguss|94\/100|[from] item: Black Sludge\n|upkeep\n|turn|9\n|\n|t:|1699818197\n|move|p1b: Pachirisu|Follow Me|p1b: Pachirisu\n|-singleturn|p1b: Pachirisu|move: Follow Me\n|move|p2a: Amoonguss|Rage Powder|p2a: Amoonguss\n|-singleturn|p2a: Amoonguss|move: Rage Powder\n|cant|p2b: Garchomp|par\n|cant|p1a: Manaphy|slp\n|\n|-heal|p1a: Manaphy|92\/100 slp|[from] item: Leftovers\n|-heal|p2a: Amoonguss|100\/100|[from] item: Black Sludge\n|upkeep\n|turn|10\n|\n|t:|1699818210\n|move|p1b: Pachirisu|Follow Me|p1b: Pachirisu\n|-singleturn|p1b: Pachirisu|move: Follow Me\n|move|p2a: Amoonguss|Rage Powder|p2a: Amoonguss\n|-singleturn|p2a: Amoonguss|move: Rage Powder\n|move|p2b: Garchomp|Scale Shot|p1b: Pachirisu\n|-damage|p1b: Pachirisu|40\/100\n|-damage|p1b: Pachirisu|0 fnt\n|faint|p1b: Pachirisu\n|-hitcount|p1: Pachirisu|2\n|-unboost|p2b: Garchomp|def|1\n|-boost|p2b: Garchomp|spe|1\n|-curestatus|p1a: Manaphy|slp|[msg]\n|move|p1a: Manaphy|Acid Armor|p1a: Manaphy\n|-boost|p1a: Manaphy|def|2\n|\n|-heal|p1a: Manaphy|98\/100|[from] item: Leftovers\n|upkeep\n|\n|t:|1699818229\n|switch|p1b: Diancie|Diancie|100\/100\n|turn|11\n|\n|t:|1699818243\n|move|p2a: Amoonguss|Rage Powder|p2a: Amoonguss\n|-singleturn|p2a: Amoonguss|move: Rage Powder\n|move|p2b: Garchomp|Scale Shot|p1a: Manaphy\n|-damage|p1a: Manaphy|90\/100\n|-damage|p1a: Manaphy|82\/100\n|-damage|p1a: Manaphy|74\/100\n|-damage|p1a: Manaphy|66\/100\n|-damage|p1a: Manaphy|58\/100\n|-hitcount|p1a: Manaphy|5\n|-unboost|p2b: Garchomp|def|1\n|-boost|p2b: Garchomp|spe|1\n|move|p1a: Manaphy|Take Heart|p1a: Manaphy\n|-boost|p1a: Manaphy|spa|1\n|-boost|p1a: Manaphy|spd|1\n|move|p1b: Diancie|Diamond Storm|p2a: Amoonguss|[spread] p2a,p2b\n|-resisted|p2b: Garchomp\n|-damage|p2a: Amoonguss|73\/100\n|-damage|p2b: Garchomp|56\/100 par\n|\n|-heal|p1a: Manaphy|64\/100|[from] item: Leftovers\n|-heal|p2a: Amoonguss|79\/100|[from] item: Black Sludge\n|-end|p2a: Amoonguss|Encore\n|upkeep\n|turn|12\n|\n|t:|1699818272\n|detailschange|p1b: Diancie|Diancie-Mega\n|-mega|p1b: Diancie|Diancie|Diancite\n|-terastallize|p1a: Manaphy|Psychic\n|move|p2b: Garchomp|Poison Jab|p1b: Diancie\n|-damage|p1b: Diancie|11\/100\n|move|p1b: Diancie|Psych Up|p1a: Manaphy\n|-copyboost|p1b: Diancie|p1a: Manaphy|[from] move: Psych Up\n|move|p1a: Manaphy|Take Heart|p1a: Manaphy\n|-boost|p1a: Manaphy|spa|1\n|-boost|p1a: Manaphy|spd|1\n|move|p2a: Amoonguss|Spore|p1a: Manaphy\n|-status|p1a: Manaphy|slp|[from] move: Spore\n|\n|-heal|p1a: Manaphy|70\/100 slp|[from] item: Leftovers\n|-heal|p2a: Amoonguss|86\/100|[from] item: Black Sludge\n|upkeep\n|turn|13\n|\n|t:|1699818296\n|move|p2a: Amoonguss|Rage Powder|p2a: Amoonguss\n|-singleturn|p2a: Amoonguss|move: Rage Powder\n|move|p2b: Garchomp|Poison Jab|p1b: Diancie\n|-damage|p1b: Diancie|0 fnt\n|faint|p1b: Diancie\n|cant|p1a: Manaphy|slp\n|\n|-heal|p1a: Manaphy|77\/100 slp|[from] item: Leftovers\n|-heal|p2a: Amoonguss|92\/100|[from] item: Black Sludge\n|upkeep\n|turn|14\n|\n|t:|1699818316\n|move|p2b: Garchomp|Scale Shot|p1a: Manaphy\n|-damage|p1a: Manaphy|68\/100 slp\n|-damage|p1a: Manaphy|61\/100 slp\n|-damage|p1a: Manaphy|53\/100 slp\n|-damage|p1a: Manaphy|45\/100 slp\n|-hitcount|p1a: Manaphy|4\n|-unboost|p2b: Garchomp|def|1\n|-boost|p2b: Garchomp|spe|1\n|-curestatus|p1a: Manaphy|slp|[msg]\n|move|p1a: Manaphy|Stored Power|p2a: Amoonguss\n|-supereffective|p2a: Amoonguss\n|-damage|p2a: Amoonguss|0 fnt\n|faint|p2a: Amoonguss\n|\n|-heal|p1a: Manaphy|51\/100|[from] item: Leftovers\n|upkeep\n|\n|t:|1699818338\n|switch|p2a: Ninetales|Ninetales-Alola, M|100\/100\n|-weather|Snow|[from] ability: Snow Warning|[of] p2a: Ninetales\n|turn|15\n|\n|t:|1699818352\n|move|p2b: Garchomp|Poison Jab|p1a: Manaphy\n|-damage|p1a: Manaphy|34\/100\n|move|p2a: Ninetales|Aurora Veil|p2a: Ninetales\n|-sidestart|p2: CrisWWE|move: Aurora Veil\n|move|p1a: Manaphy|Stored Power|p2b: Garchomp\n|-resisted|p2b: Garchomp\n|-damage|p2b: Garchomp|0 fnt\n|faint|p2b: Garchomp\n|\n|-weather|Snow|[upkeep]\n|-heal|p1a: Manaphy|40\/100|[from] item: Leftovers\n|upkeep\n|\n|t:|1699818368\n|switch|p2b: Palafin|Palafin, M, shiny|100\/100\n|turn|16\n|\n|t:|1699818376\n|move|p2a: Ninetales|Freeze-Dry|p1a: Manaphy\n|-damage|p1a: Manaphy|30\/100\n|move|p2b: Palafin|Flip Turn|p1a: Manaphy\n|-damage|p1a: Manaphy|23\/100\n|\n|t:|1699818385\n|detailschange|p2b: Palafin|Palafin-Hero, M, shiny\n|switch|p2b: Rillaboom|Rillaboom, M|100\/100|[from] Flip Turn\n|-fieldstart|move: Grassy Terrain|[from] ability: Grassy Surge|[of] p2b: Rillaboom\n|move|p1a: Manaphy|Stored Power|p2a: Ninetales\n|-damage|p2a: Ninetales|0 fnt\n|faint|p2a: Ninetales\n|\n|-weather|Snow|[upkeep]\n|-heal|p1a: Manaphy|29\/100|[from] Grassy Terrain\n|-heal|p1a: Manaphy|35\/100|[from] item: Leftovers\n|upkeep\n|\n|t:|1699818395\n|switch|p2a: Palafin|Palafin-Hero, M, shiny|100\/100\n|-activate|p2a: Palafin|ability: Zero to Hero\n|turn|17\n|\n|t:|1699818409\n|move|p2a: Palafin|Jet Punch|p1a: Manaphy\n|-damage|p1a: Manaphy|24\/100\n|move|p2b: Rillaboom|Wood Hammer|p1a: Manaphy\n|-damage|p1a: Manaphy|9\/100\n|-damage|p2b: Rillaboom|96\/100|[from] Recoil\n|move|p1a: Manaphy|Stored Power|p2a: Palafin\n|-damage|p2a: Palafin|0 fnt\n|faint|p2a: Palafin\n|\n|-weather|Snow|[upkeep]\n|-heal|p2b: Rillaboom|100\/100|[from] Grassy Terrain\n|-heal|p1a: Manaphy|15\/100|[from] Grassy Terrain\n|-heal|p1a: Manaphy|21\/100|[from] item: Leftovers\n|upkeep\n|\n|t:|1699818414\n|switch|p2a: Sneasler|Sneasler, M|100\/100\n|-enditem|p2a: Sneasler|Grassy Seed\n|-boost|p2a: Sneasler|def|1|[from] item: Grassy Seed\n|turn|18\n|\n|t:|1699818430\n|move|p2a: Sneasler|Dire Claw|p1a: Manaphy\n|-damage|p1a: Manaphy|12\/100\n|move|p2b: Rillaboom|Wood Hammer|p1a: Manaphy\n|-damage|p1a: Manaphy|0 fnt\n|faint|p1a: Manaphy\n|-damage|p2b: Rillaboom|97\/100|[from] Recoil\n|\n|win|CrisWWE\n","uploadtime":1699818442,"views":6,"p1id":"batman135","p2id":"criswwe","formatid":"gen9nationaldexdoubles","rating":0,"private":0,"password":""}