{"id":"gen9nationaldexdoubles-1992209512","p1":"Theadonia","p2":"Grasshop555","format":"[Gen 9] National Dex Doubles","log":"|j|\u2606Theadonia\n|j|\u2606Grasshop555\n|t:|1700164093\n|gametype|doubles\n|player|p1|Theadonia|roxie|1078\n|player|p2|Grasshop555|cynthia|1084\n|teamsize|p1|6\n|teamsize|p2|6\n|gen|9\n|tier|[Gen 9] National Dex Doubles\n|rated|\n|rule|HP Percentage Mod: HP is shown in percentages\n|rule|Endless Battle Clause: Forcing endless battles is banned\n|rule|OHKO Clause: OHKO moves are banned\n|rule|Evasion Moves Clause: Evasion moves are banned\n|rule|Evasion Abilities Clause: Evasion abilities are banned\n|rule|Species Clause: Limit one of each Pok\u00e9mon\n|rule|Gravity Sleep Clause: The combination of sleep-inducing moves with imperfect accuracy and Gravity or Gigantamax Orbeetle are banned\n|clearpoke\n|poke|p1|Dodrio, F|\n|poke|p1|Oricorio-Sensu, F|\n|poke|p1|Barraskewda, M|\n|poke|p1|Riolu, F|\n|poke|p1|Cresselia, F|\n|poke|p1|Swoobat, M|\n|poke|p2|Corviknight, F|\n|poke|p2|Ursaluna-Bloodmoon, M|\n|poke|p2|Scovillain, M|\n|poke|p2|Chansey, F|\n|poke|p2|Hypno, F|\n|poke|p2|Weezing-Galar, F|\n|teampreview\n|\n|t:|1700164108\n|start\n|switch|p1a: Oricorio|Oricorio-Sensu, F, shiny|100\/100\n|switch|p1b: Riolu|Riolu, F|100\/100\n|switch|p2a: Chansey|Chansey, F|100\/100\n|switch|p2b: Scovillain|Scovillain, M|100\/100\n|turn|1\n|\n|t:|1700164125\n|move|p1b: Riolu|Coaching|p1a: Oricorio\n|-boost|p1a: Oricorio|atk|1\n|-boost|p1a: Oricorio|def|1\n|move|p1a: Oricorio|Quiver Dance|p1a: Oricorio\n|-boost|p1a: Oricorio|spa|1\n|-boost|p1a: Oricorio|spd|1\n|-boost|p1a: Oricorio|spe|1\n|move|p2b: Scovillain|Leech Seed|p1a: Oricorio\n|-start|p1a: Oricorio|move: Leech Seed\n|move|p2a: Chansey|Toxic|p1b: Riolu\n|-status|p1b: Riolu|tox\n|\n|-damage|p1a: Oricorio|88\/100|[from] Leech Seed|[of] p2b: Scovillain\n|-damage|p1b: Riolu|95\/100 tox|[from] psn\n|-ability|p2b: Scovillain|Moody|boost\n|-boost|p2b: Scovillain|def|2\n|-unboost|p2b: Scovillain|atk|1\n|upkeep\n|turn|2\n|\n|t:|1700164147\n|move|p1b: Riolu|Coaching|p1a: Oricorio\n|-boost|p1a: Oricorio|atk|1\n|-boost|p1a: Oricorio|def|1\n|move|p1a: Oricorio|Quiver Dance|p1a: Oricorio\n|-boost|p1a: Oricorio|spa|1\n|-boost|p1a: Oricorio|spd|1\n|-boost|p1a: Oricorio|spe|1\n|move|p2b: Scovillain|Super Fang|p1a: Oricorio\n|-immune|p1a: Oricorio\n|move|p2a: Chansey|Toxic|p1a: Oricorio\n|-status|p1a: Oricorio|tox\n|\n|-damage|p1a: Oricorio|75\/100 tox|[from] Leech Seed|[of] p2b: Scovillain\n|-damage|p1a: Oricorio|69\/100 tox|[from] psn\n|-damage|p1b: Riolu|83\/100 tox|[from] psn\n|-ability|p2b: Scovillain|Moody|boost\n|-boost|p2b: Scovillain|spd|2\n|-unboost|p2b: Scovillain|spe|1\n|upkeep\n|turn|3\n|\n|t:|1700164178\n|move|p1b: Riolu|Coaching|p1a: Oricorio\n|-boost|p1a: Oricorio|atk|1\n|-boost|p1a: Oricorio|def|1\n|move|p1a: Oricorio|Quiver Dance|p1a: Oricorio\n|-boost|p1a: Oricorio|spa|1\n|-boost|p1a: Oricorio|spd|1\n|-boost|p1a: Oricorio|spe|1\n|move|p2a: Chansey|Aromatherapy||[still]\n|-activate|p2a: Chansey|move: Aromatherapy\n|-fail|p2a: Chansey\n|move|p2b: Scovillain|Fire Blast|p1a: Oricorio\n|-damage|p1a: Oricorio|48\/100 tox\n|\n|-damage|p1a: Oricorio|35\/100 tox|[from] Leech Seed|[of] p2b: Scovillain\n|-damage|p1a: Oricorio|23\/100 tox|[from] psn\n|-damage|p1b: Riolu|65\/100 tox|[from] psn\n|-ability|p2b: Scovillain|Moody|boost\n|-boost|p2b: Scovillain|spa|2\n|-unboost|p2b: Scovillain|spd|1\n|upkeep\n|-enditem|p1a: Oricorio|Aguav Berry|[eat]\n|-heal|p1a: Oricorio|56\/100 tox|[from] item: Aguav Berry\n|turn|4\n|\n|t:|1700164205\n|switch|p2a: Hypno|Hypno, F|100\/100\n|move|p1b: Riolu|Coaching|p1a: Oricorio\n|-boost|p1a: Oricorio|atk|1\n|-boost|p1a: Oricorio|def|1\n|move|p1a: Oricorio|Baton Pass|p1a: Oricorio\n|\n|t:|1700164213\n|switch|p1a: Dodrio|Dodrio, F|100\/100|[from] Baton Pass\n|move|p2b: Scovillain|Super Fang|p1b: Riolu\n|-damage|p1b: Riolu|33\/100 tox\n|\n|-damage|p1a: Dodrio|88\/100|[from] Leech Seed|[of] p2b: Scovillain\n|-damage|p1b: Riolu|9\/100 tox|[from] psn\n|-ability|p2b: Scovillain|Moody|boost\n|-boost|p2b: Scovillain|def|2\n|-unboost|p2b: Scovillain|spd|1\n|upkeep\n|turn|5\n|\n|t:|1700164230\n|move|p1b: Riolu|Coaching|p1a: Dodrio\n|-boost|p1a: Dodrio|atk|1\n|-boost|p1a: Dodrio|def|1\n|move|p1a: Dodrio|Fly||[still]\n|-prepare|p1a: Dodrio|Fly\n|move|p2a: Hypno|Nasty Plot|p2a: Hypno\n|-boost|p2a: Hypno|spa|2\n|move|p2b: Scovillain|Fire Blast|p1a: Dodrio|[miss]\n|-miss|p2b: Scovillain|p1a: Dodrio\n|\n|-heal|p1a: Dodrio|94\/100|[from] item: Leftovers\n|-damage|p1a: Dodrio|82\/100|[from] Leech Seed|[of] p2b: Scovillain\n|-damage|p1b: Riolu|0 fnt|[from] psn\n|faint|p1b: Riolu\n|-ability|p2b: Scovillain|Moody|boost\n|-boost|p2b: Scovillain|spd|2\n|-unboost|p2b: Scovillain|def|1\n|upkeep\n|\n|t:|1700164241\n|switch|p1b: Oricorio|Oricorio-Sensu, F, shiny|56\/100 tox\n|turn|6\n|\n|t:|1700164254\n|move|p1a: Dodrio|Fly|p2b: Scovillain|[from]lockedmove\n|-supereffective|p2b: Scovillain\n|-damage|p2b: Scovillain|0 fnt\n|faint|p2b: Scovillain\n|move|p1b: Oricorio|Revelation Dance|p2a: Hypno\n|-supereffective|p2a: Hypno\n|-damage|p2a: Hypno|52\/100\n|move|p2a: Hypno|Calm Mind|p2a: Hypno\n|-boost|p2a: Hypno|spa|1\n|-boost|p2a: Hypno|spd|1\n|\n|-heal|p1a: Dodrio|88\/100|[from] item: Leftovers\n|-damage|p1b: Oricorio|50\/100 tox|[from] psn\n|upkeep\n|\n|t:|1700164268\n|switch|p2b: Corviknight|Corviknight, F|100\/100\n|-ability|p2b: Corviknight|Pressure\n|turn|7\n|\n|t:|1700164281\n|switch|p1b: Cresselia|Cresselia, F|100\/100\n|move|p1a: Dodrio|Knock Off|p2a: Hypno\n|-supereffective|p2a: Hypno\n|-damage|p2a: Hypno|0 fnt\n|-enditem|p2a: Hypno|Aguav Berry|[from] move: Knock Off|[of] p1a: Dodrio\n|faint|p2a: Hypno\n|move|p2b: Corviknight|Tailwind|p2b: Corviknight\n|-sidestart|p2: Grasshop555|move: Tailwind\n|\n|-heal|p1a: Dodrio|94\/100|[from] item: Leftovers\n|-damage|p1a: Dodrio|82\/100|[from] Leech Seed|[of] p2b: Corviknight\n|upkeep\n|\n|t:|1700164293\n|switch|p2a: Weezing|Weezing-Galar, F|100\/100\n|-ability|p2a: Weezing|Neutralizing Gas\n|turn|8\n|\n|t:|1700164306\n|move|p1a: Dodrio|Stomping Tantrum|p2a: Weezing\n|-supereffective|p2a: Weezing\n|-damage|p2a: Weezing|0 fnt\n|faint|p2a: Weezing\n|-end|p2a: Weezing|ability: Neutralizing Gas\n|-ability|p2b: Corviknight|Pressure\n|move|p2b: Corviknight|Brave Bird|p1a: Dodrio\n|-damage|p1a: Dodrio|63\/100\n|-damage|p2b: Corviknight|96\/100|[from] Recoil\n|move|p1b: Cresselia|Calm Mind|p1b: Cresselia\n|-boost|p1b: Cresselia|spa|1\n|-boost|p1b: Cresselia|spd|1\n|\n|-heal|p1a: Dodrio|69\/100|[from] item: Leftovers\n|-heal|p2b: Corviknight|100\/100|[from] item: Leftovers\n|-damage|p1a: Dodrio|57\/100|[from] Leech Seed|[of] p2b: Corviknight\n|upkeep\n|\n|t:|1700164314\n|switch|p2a: Chansey|Chansey, F|100\/100\n|turn|9\n|\n|t:|1700164333\n|move|p1a: Dodrio|Knock Off|p2a: Chansey\n|-crit|p2a: Chansey\n|-damage|p2a: Chansey|0 fnt\n|-enditem|p2a: Chansey|Leftovers|[from] move: Knock Off|[of] p1a: Dodrio\n|faint|p2a: Chansey\n|move|p2b: Corviknight|Hurricane|p1b: Cresselia\n|-damage|p1b: Cresselia|91\/100\n|-start|p1b: Cresselia|confusion\n|-activate|p1b: Cresselia|confusion\n|-damage|p1b: Cresselia|87\/100|[from] confusion\n|\n|-heal|p1a: Dodrio|63\/100|[from] item: Leftovers\n|-heal|p1b: Cresselia|93\/100|[from] item: Leftovers\n|-damage|p1a: Dodrio|51\/100|[from] Leech Seed|[of] p2b: Corviknight\n|upkeep\n|\n|t:|1700164340\n|switch|p2a: Ursaluna|Ursaluna-Bloodmoon, M|100\/100\n|turn|10\n|\n|t:|1700164365\n|move|p1a: Dodrio|Fly||[still]\n|-prepare|p1a: Dodrio|Fly\n|move|p2b: Corviknight|Brave Bird|p1a: Dodrio|[miss]\n|-miss|p2b: Corviknight|p1a: Dodrio\n|move|p2a: Ursaluna|Swords Dance|p2a: Ursaluna\n|-boost|p2a: Ursaluna|atk|2\n|-activate|p1b: Cresselia|confusion\n|move|p1b: Cresselia|Lunar Blessing|p1b: Cresselia|[spread] p1b\n|-miss|p1b: Cresselia|p1a: Dodrio\n|-heal|p1b: Cresselia|100\/100\n|\n|-heal|p1a: Dodrio|57\/100|[from] item: Leftovers\n|-damage|p1a: Dodrio|45\/100|[from] Leech Seed|[of] p2b: Corviknight\n|-sideend|p2: Grasshop555|move: Tailwind\n|upkeep\n|turn|11\n|\n|t:|1700164378\n|move|p1a: Dodrio|Fly|p2a: Ursaluna|[from]lockedmove\n|-damage|p2a: Ursaluna|0 fnt\n|faint|p2a: Ursaluna\n|-activate|p1b: Cresselia|confusion\n|move|p1b: Cresselia|Lunar Blessing|p1b: Cresselia|[spread] p1a,p1b\n|-heal|p1a: Dodrio|70\/100\n|move|p2b: Corviknight|Tailwind|p2b: Corviknight\n|-sidestart|p2: Grasshop555|move: Tailwind\n|\n|-heal|p1a: Dodrio|76\/100|[from] item: Leftovers\n|-damage|p1a: Dodrio|64\/100|[from] Leech Seed|[of] p2b: Corviknight\n|upkeep\n|turn|12\n|\n|t:|1700164393\n|move|p1a: Dodrio|Knock Off|p2b: Corviknight\n|-damage|p2b: Corviknight|39\/100\n|-enditem|p2b: Corviknight|Leftovers|[from] move: Knock Off|[of] p1a: Dodrio\n|move|p2b: Corviknight|Brave Bird|p1a: Dodrio\n|-damage|p1a: Dodrio|44\/100\n|-damage|p2b: Corviknight|35\/100|[from] Recoil\n|-end|p1b: Cresselia|confusion\n|move|p1b: Cresselia|Stored Power|p2b: Corviknight\n|-resisted|p2b: Corviknight\n|-damage|p2b: Corviknight|18\/100\n|\n|-heal|p1a: Dodrio|50\/100|[from] item: Leftovers\n|-damage|p1a: Dodrio|38\/100|[from] Leech Seed|[of] p2b: Corviknight\n|-heal|p2b: Corviknight|26\/100|[silent]\n|upkeep\n|turn|13\n|\n|t:|1700164406\n|move|p1a: Dodrio|Knock Off|p2b: Corviknight\n|-damage|p2b: Corviknight|0 fnt\n|faint|p2b: Corviknight\n|\n|win|Theadonia\n|raw|Theadonia's rating: 1078 &rarr; <strong>1107<\/strong><br \/>(+29 for winning)\n|raw|Grasshop555's rating: 1084 &rarr; <strong>1061<\/strong><br \/>(-23 for losing)\n|c|\u2606Theadonia|Ggwp\n|l|\u2606Grasshop555\n","uploadtime":1700164412,"views":5,"p1id":"theadonia","p2id":"grasshop555","formatid":"gen9nationaldexdoubles","rating":1061,"private":0,"password":""}