{"id":"gen9nationaldexdoubles-1982715097","p1":"Trainer Pyrus","p2":"xdtrainer","format":"[Gen 9] National Dex Doubles","log":"|j|\u2606Trainer Pyrus\n|j|\u2606xdtrainer\n|t:|1699038220\n|gametype|doubles\n|player|p1|Trainer Pyrus|n-masters|1295\n|player|p2|xdtrainer|266|1205\n|teamsize|p1|6\n|teamsize|p2|6\n|gen|9\n|tier|[Gen 9] National Dex Doubles\n|rated|\n|rule|HP Percentage Mod: HP is shown in percentages\n|rule|Endless Battle Clause: Forcing endless battles is banned\n|rule|OHKO Clause: OHKO moves are banned\n|rule|Evasion Moves Clause: Evasion moves are banned\n|rule|Evasion Abilities Clause: Evasion abilities are banned\n|rule|Species Clause: Limit one of each Pok\u00e9mon\n|rule|Gravity Sleep Clause: The combination of sleep-inducing moves with imperfect accuracy and Gravity or Gigantamax Orbeetle are banned\n|clearpoke\n|poke|p1|Infernape, M|\n|poke|p1|Golurk|\n|poke|p1|Scizor, F|\n|poke|p1|Lapras, F|\n|poke|p1|Salamence, M|\n|poke|p1|Farigiraf, F|\n|poke|p2|Flutter Mane|\n|poke|p2|Slaking, M|\n|poke|p2|Weezing-Galar, F|\n|poke|p2|Tornadus, M|\n|poke|p2|Ogerpon-Hearthflame, F|\n|poke|p2|Toedscruel, F|\n|teampreview\n|c|\u2606Trainer Pyrus|glhf\n|inactive|Battle timer is ON: inactive players will automatically lose when time's up. (requested by xdtrainer)\n|\n|t:|1699038236\n|start\n|switch|p1a: Wukong|Infernape, M|100\/100\n|switch|p1b: Eve|Farigiraf, F, shiny|100\/100\n|switch|p2a: Slaking|Slaking, M|100\/100\n|switch|p2b: Weezing|Weezing-Galar, F|100\/100\n|-ability|p2b: Weezing|Neutralizing Gas\n|turn|1\n|\n|t:|1699038257\n|-terastallize|p2a: Slaking|Fairy\n|move|p1a: Wukong|Fake Out|p2a: Slaking\n|-damage|p2a: Slaking|94\/100\n|cant|p2a: Slaking|flinch\n|move|p2b: Weezing|Sludge Bomb|p1a: Wukong\n|-damage|p1a: Wukong|60\/100\n|move|p1b: Eve|Trick Room|p1b: Eve\n|-fieldstart|move: Trick Room|[of] p1b: Eve\n|\n|upkeep\n|turn|2\n|\n|t:|1699038273\n|switch|p1a: Hippolyta|Scizor, F|100\/100\n|move|p1b: Eve|Nasty Plot|p1b: Eve\n|-boost|p1b: Eve|spa|2\n|move|p2b: Weezing|Sludge Bomb|p1b: Eve\n|-damage|p1b: Eve|73\/100\n|move|p2a: Slaking|Play Rough|p1a: Hippolyta\n|-resisted|p1a: Hippolyta\n|-damage|p1a: Hippolyta|72\/100\n|\n|upkeep\n|turn|3\n|\n|t:|1699038295\n|switch|p2a: Ogerpon|Ogerpon-Hearthflame, F|100\/100\n|move|p1a: Hippolyta|Bullet Punch|p2b: Weezing\n|-supereffective|p2b: Weezing\n|-damage|p2b: Weezing|63\/100\n|-damage|p1a: Hippolyta|55\/100|[from] item: Rocky Helmet|[of] p2b: Weezing\n|move|p1b: Eve|Hyper Voice|p2b: Weezing|[spread] p2a,p2b\n|-damage|p2a: Ogerpon|22\/100\n|-damage|p2b: Weezing|2\/100\n|move|p2b: Weezing|Will-O-Wisp|p1a: Hippolyta\n|-status|p1a: Hippolyta|brn\n|\n|-damage|p1a: Hippolyta|49\/100 brn|[from] brn\n|upkeep\n|turn|4\n|\n|t:|1699038314\n|move|p2b: Weezing|Protect|p2b: Weezing\n|-singleturn|p2b: Weezing|Protect\n|move|p2a: Ogerpon|Spiky Shield|p2a: Ogerpon\n|-singleturn|p2a: Ogerpon|move: Protect\n|move|p1a: Hippolyta|Bullet Punch|p2a: Ogerpon\n|-activate|p2a: Ogerpon|move: Protect\n|-damage|p1a: Hippolyta|37\/100 brn|[from] Spiky Shield|[of] p2a: Ogerpon\n|move|p1b: Eve|Hyper Voice|p2b: Weezing|[spread] \n|-activate|p2a: Ogerpon|move: Protect\n|-activate|p2b: Weezing|move: Protect\n|\n|-damage|p1a: Hippolyta|31\/100 brn|[from] brn\n|upkeep\n|turn|5\n|\n|t:|1699038332\n|switch|p2a: Flutter Mane|Flutter Mane|100\/100\n|move|p1b: Eve|Hyper Voice|p2b: Weezing|[spread] p2b\n|-immune|p2a: Flutter Mane\n|-damage|p2b: Weezing|0 fnt\n|faint|p2b: Weezing\n|-end|p2b: Weezing|ability: Neutralizing Gas\n|move|p1a: Hippolyta|Tailwind|p1a: Hippolyta\n|-sidestart|p1: Trainer Pyrus|move: Tailwind\n|\n|-damage|p1a: Hippolyta|24\/100 brn|[from] brn\n|-fieldend|move: Trick Room\n|upkeep\n|\n|t:|1699038350\n|switch|p2b: Ogerpon|Ogerpon-Hearthflame, F|22\/100\n|-ability|p2b: Ogerpon|Mold Breaker\n|turn|6\n|\n|t:|1699038363\n|-end|p2a: Flutter Mane|Protosynthesis|[silent]\n|switch|p2a: Tornadus|Tornadus, M|100\/100\n|move|p1a: Hippolyta|Bullet Punch|p2a: Tornadus\n|-crit|p2a: Tornadus\n|-damage|p2a: Tornadus|68\/100\n|move|p2b: Ogerpon|Ivy Cudgel|p1a: Hippolyta\n|-supereffective|p1a: Hippolyta\n|-damage|p1a: Hippolyta|0 fnt\n|faint|p1a: Hippolyta\n|move|p1b: Eve|Hyper Voice|p2a: Tornadus|[spread] p2a,p2b\n|-damage|p2a: Tornadus|14\/100\n|-damage|p2b: Ogerpon|0 fnt\n|faint|p2b: Ogerpon\n|\n|upkeep\n|\n|t:|1699038378\n|switch|p2b: Flutter Mane|Flutter Mane|100\/100\n|switch|p1a: Typhon|Salamence, M|100\/100\n|-ability|p1a: Typhon|Intimidate|boost\n|-unboost|p2a: Tornadus|atk|1\n|-unboost|p2b: Flutter Mane|atk|1\n|turn|7\n|inactive|Trainer Pyrus has 120 seconds left.\n|\n|t:|1699038416\n|switch|p1a: Wukong|Infernape, M|60\/100\n|move|p2a: Tornadus|Tailwind|p2a: Tornadus\n|-sidestart|p2: xdtrainer|move: Tailwind\n|move|p2b: Flutter Mane|Moonblast|p1a: Wukong\n|-damage|p1a: Wukong|0 fnt\n|faint|p1a: Wukong\n|-damage|p2b: Flutter Mane|91\/100|[from] item: Life Orb\n|move|p1b: Eve|Hyper Voice|p2a: Tornadus|[spread] p2a\n|-immune|p2b: Flutter Mane\n|-crit|p2a: Tornadus\n|-damage|p2a: Tornadus|0 fnt\n|faint|p2a: Tornadus\n|\n|upkeep\n|\n|t:|1699038432\n|switch|p1a: Brandy|Lapras, F|100\/100\n|switch|p2a: Toedscruel|Toedscruel, F|100\/100\n|turn|8\n|\n|t:|1699038447\n|move|p2b: Flutter Mane|Moonblast|p1a: Brandy\n|-damage|p1a: Brandy|63\/100\n|-damage|p2b: Flutter Mane|81\/100|[from] item: Life Orb\n|move|p1a: Brandy|Freeze-Dry|p2a: Toedscruel\n|-supereffective|p2a: Toedscruel\n|-damage|p2a: Toedscruel|13\/100\n|move|p2a: Toedscruel|Spore|p1b: Eve\n|-status|p1b: Eve|slp|[from] move: Spore\n|cant|p1b: Eve|slp\n|\n|-heal|p2a: Toedscruel|19\/100|[from] item: Leftovers\n|-heal|p1a: Brandy|69\/100|[from] item: Leftovers\n|-sideend|p1: Trainer Pyrus|move: Tailwind\n|upkeep\n|turn|9\n|\n|t:|1699038465\n|move|p2b: Flutter Mane|Moonblast|p1a: Brandy\n|-damage|p1a: Brandy|31\/100\n|-unboost|p1a: Brandy|spa|1\n|-damage|p2b: Flutter Mane|71\/100|[from] item: Life Orb\n|move|p2a: Toedscruel|Giga Drain|p1a: Brandy\n|-supereffective|p1a: Brandy\n|-damage|p1a: Brandy|0 fnt\n|-heal|p2a: Toedscruel|42\/100|[from] drain|[of] p1a: Brandy\n|faint|p1a: Brandy\n|cant|p1b: Eve|slp\n|\n|-heal|p2a: Toedscruel|48\/100|[from] item: Leftovers\n|upkeep\n|\n|t:|1699038474\n|switch|p1a: Elric|Golurk, shiny|100\/100\n|turn|10\n|\n|t:|1699038485\n|-terastallize|p1a: Elric|Fighting\n|move|p2b: Flutter Mane|Moonblast|p1b: Eve\n|-damage|p1b: Eve|7\/100 slp\n|-damage|p2b: Flutter Mane|61\/100|[from] item: Life Orb\n|move|p2a: Toedscruel|Giga Drain|p1a: Elric\n|-damage|p1a: Elric|72\/100\n|-heal|p2a: Toedscruel|67\/100|[from] drain|[of] p1a: Elric\n|move|p1a: Elric|Poltergeist|p2b: Flutter Mane\n|-activate|p2b: Flutter Mane|move: Poltergeist|Life Orb\n|-supereffective|p2b: Flutter Mane\n|-damage|p2b: Flutter Mane|0 fnt\n|faint|p2b: Flutter Mane\n|-end|p2b: Flutter Mane|Protosynthesis|[silent]\n|cant|p1b: Eve|slp\n|\n|-heal|p2a: Toedscruel|73\/100|[from] item: Leftovers\n|-sideend|p2: xdtrainer|move: Tailwind\n|upkeep\n|\n|t:|1699038505\n|switch|p2b: Slaking|Slaking, M, tera:Fairy|94\/100\n|turn|11\n|\n|t:|1699038516\n|move|p2a: Toedscruel|Earth Power|p1b: Eve\n|-damage|p1b: Eve|0 fnt\n|faint|p1b: Eve\n|move|p2b: Slaking|Play Rough|p1a: Elric\n|-supereffective|p1a: Elric\n|-damage|p1a: Elric|0 fnt\n|faint|p1a: Elric\n|\n|-heal|p2a: Toedscruel|79\/100|[from] item: Leftovers\n|upkeep\n|\n|t:|1699038522\n|switch|p1b: Typhon|Salamence, M|100\/100\n|-ability|p1b: Typhon|Intimidate|boost\n|-unboost|p2a: Toedscruel|atk|1\n|-unboost|p2b: Slaking|atk|1\n|turn|12\n|\n|t:|1699038532\n|detailschange|p1b: Typhon|Salamence-Mega, M\n|-mega|p1b: Typhon|Salamence|Salamencite\n|move|p1b: Typhon|Return|p2a: Toedscruel\n|-supereffective|p2a: Toedscruel\n|-damage|p2a: Toedscruel|0 fnt\n|faint|p2a: Toedscruel\n|cant|p2b: Slaking|ability: Truant\n|\n|upkeep\n|turn|13\n|\n|t:|1699038542\n|move|p1b: Typhon|Iron Head|p2b: Slaking\n|-supereffective|p2b: Slaking\n|-damage|p2b: Slaking|49\/100\n|cant|p2b: Slaking|flinch\n|\n|upkeep\n|turn|14\n|-message|xdtrainer forfeited.\n|\n|win|Trainer Pyrus\n|raw|Trainer Pyrus's rating: 1295 &rarr; <strong>1314<\/strong><br \/>(+19 for winning)\n|raw|xdtrainer's rating: 1205 &rarr; <strong>1186<\/strong><br \/>(-19 for losing)\n|l|\u2606xdtrainer\n","uploadtime":1699038778,"views":16,"p1id":"trainerpyrus","p2id":"xdtrainer","formatid":"gen9nationaldexdoubles","rating":1186,"private":0,"password":""}