{"id":"gen9nationaldexdoubles-1980349360","p1":"Carterc2429","p2":"OffConcord64","format":"[Gen 9] National Dex Doubles","log":"|j|\u2606Carterc2429\n|j|\u2606OffConcord64\n|t:|1698777373\n|gametype|doubles\n|player|p1|Carterc2429|flannery-gen6|1371\n|player|p2|OffConcord64|lucas-gen4pt|1184\n|teamsize|p1|6\n|teamsize|p2|6\n|gen|9\n|tier|[Gen 9] National Dex Doubles\n|rated|\n|rule|HP Percentage Mod: HP is shown in percentages\n|rule|Endless Battle Clause: Forcing endless battles is banned\n|rule|OHKO Clause: OHKO moves are banned\n|rule|Evasion Moves Clause: Evasion moves are banned\n|rule|Evasion Abilities Clause: Evasion abilities are banned\n|rule|Species Clause: Limit one of each Pok\u00e9mon\n|rule|Gravity Sleep Clause: The combination of sleep-inducing moves with imperfect accuracy and Gravity or Gigantamax Orbeetle are banned\n|clearpoke\n|poke|p1|Aegislash, M|\n|poke|p1|Cresselia, F|\n|poke|p1|Snorlax, M|\n|poke|p1|Hoopa|\n|poke|p1|Flutter Mane|\n|poke|p1|Iron Hands|\n|poke|p2|Alakazam, M|\n|poke|p2|Florges-Blue, F|\n|poke|p2|Empoleon, F|\n|poke|p2|Muk-Alola, M|\n|poke|p2|Nihilego|\n|poke|p2|Flutter Mane|\n|teampreview\n|\n|t:|1698777417\n|start\n|switch|p1a: Snorlax|Snorlax, M|100\/100\n|switch|p1b: Cresselia|Cresselia, F|100\/100\n|switch|p2a: Nihilego|Nihilego|100\/100\n|switch|p2b: Florges|Florges-Blue, F|100\/100\n|turn|1\n|\n|t:|1698777460\n|-terastallize|p2a: Nihilego|Rock\n|move|p2b: Florges|Helping Hand|p2a: Nihilego\n|-singleturn|p2a: Nihilego|Helping Hand|[of] p2b: Florges\n|move|p2a: Nihilego|Meteor Beam||[still]\n|-prepare|p2a: Nihilego|Meteor Beam\n|-boost|p2a: Nihilego|spa|1\n|-enditem|p2a: Nihilego|Power Herb\n|-activate|p2b: Florges|ability: Symbiosis|Power Herb|[of] p2a: Nihilego\n|-anim|p2a: Nihilego|Meteor Beam|p1a: Snorlax\n|-damage|p1a: Snorlax|0 fnt\n|faint|p1a: Snorlax\n|-ability|p2a: Nihilego|Beast Boost|boost\n|-boost|p2a: Nihilego|spa|1\n|move|p1b: Cresselia|Trick Room|p1b: Cresselia\n|-fieldstart|move: Trick Room|[of] p1b: Cresselia\n|\n|upkeep\n|\n|t:|1698777471\n|switch|p1a: Aegislash|Aegislash, M|100\/100\n|turn|2\n|\n|t:|1698777482\n|-formechange|p1a: Aegislash|Aegislash-Blade||[from] ability: Stance Change\n|move|p1a: Aegislash|Gyro Ball|p2a: Nihilego\n|-supereffective|p2a: Nihilego\n|-damage|p2a: Nihilego|0 fnt\n|faint|p2a: Nihilego\n|move|p1b: Cresselia|Psychic|p2b: Florges\n|-damage|p2b: Florges|87\/100\n|move|p2b: Florges|Pollen Puff|p2: Nihilego|[notarget]\n|-fail|p2b: Florges\n|\n|upkeep\n|\n|t:|1698777493\n|switch|p2a: Titty Twister|Muk-Alola, M|100\/100\n|turn|3\n|\n|t:|1698777520\n|switch|p1b: Iron Hands|Iron Hands|100\/100\n|switch|p2b: Akua|Empoleon, F|100\/100\n|move|p1a: Aegislash|Close Combat|p2a: Titty Twister\n|-damage|p2a: Titty Twister|58\/100\n|-unboost|p1a: Aegislash|def|1\n|-unboost|p1a: Aegislash|spd|1\n|move|p2a: Titty Twister|Knock Off|p1a: Aegislash\n|-supereffective|p1a: Aegislash\n|-damage|p1a: Aegislash|0 fnt\n|-enditem|p1a: Aegislash|Weakness Policy|[from] move: Knock Off|[of] p2a: Titty Twister\n|faint|p1a: Aegislash\n|\n|upkeep\n|\n|t:|1698777533\n|switch|p1a: Hoopa|Hoopa|100\/100\n|turn|4\n|\n|t:|1698777560\n|switch|p2b: Florges|Florges-Blue, F|87\/100\n|-terastallize|p1a: Hoopa|Fairy\n|move|p1b: Iron Hands|Wild Charge|p2b: Florges\n|-crit|p2b: Florges\n|-damage|p2b: Florges|0 fnt\n|faint|p2b: Florges\n|-ability|p2a: Titty Twister|Symbiosis|[from] ability: Power of Alchemy|[of] p2b: Florges\n|-damage|p1b: Iron Hands|85\/100|[from] Recoil\n|move|p2a: Titty Twister|Knock Off|p1a: Hoopa\n|-resisted|p1a: Hoopa\n|-damage|p1a: Hoopa|69\/100\n|-enditem|p1a: Hoopa|Choice Specs|[from] move: Knock Off|[of] p2a: Titty Twister\n|move|p1a: Hoopa|Tera Blast|p2a: Titty Twister|[anim] Tera Blast Fairy\n|-damage|p2a: Titty Twister|31\/100\n|-item|p1a: Hoopa|Assault Vest|[from] ability: Magician|[of] p2a: Titty Twister\n|\n|upkeep\n|\n|t:|1698777595\n|switch|p2b: Hot Topic|Flutter Mane|100\/100\n|-enditem|p2b: Hot Topic|Booster Energy\n|-activate|p2b: Hot Topic|ability: Protosynthesis|[fromitem]\n|-start|p2b: Hot Topic|protosynthesisspe\n|turn|5\n|\n|t:|1698777606\n|move|p2b: Hot Topic|Protect|p2b: Hot Topic\n|-singleturn|p2b: Hot Topic|Protect\n|move|p1b: Iron Hands|Drain Punch|p2a: Titty Twister\n|-damage|p2a: Titty Twister|0 fnt\n|-heal|p1b: Iron Hands|98\/100|[from] drain|[of] p2a: Titty Twister\n|faint|p2a: Titty Twister\n|move|p1a: Hoopa|Shadow Ball|p2b: Hot Topic\n|-activate|p2b: Hot Topic|move: Protect\n|\n|-fieldend|move: Trick Room\n|upkeep\n|\n|t:|1698777617\n|switch|p2a: Master Wu|Alakazam, M|100\/100\n|turn|6\n|\n|t:|1698777633\n|-end|p1b: Iron Hands|Quark Drive|[silent]\n|switch|p1b: Flutter Mane|Flutter Mane|100\/100\n|-enditem|p1b: Flutter Mane|Booster Energy\n|-activate|p1b: Flutter Mane|ability: Protosynthesis|[fromitem]\n|-start|p1b: Flutter Mane|protosynthesisspe\n|detailschange|p2a: Master Wu|Alakazam-Mega, M\n|-mega|p2a: Master Wu|Alakazam|Alakazite\n|-ability|p2a: Master Wu|Magician|[from] ability: Trace|[of] p1a: Hoopa\n|move|p2b: Hot Topic|Shadow Ball|p1a: Hoopa\n|-damage|p1a: Hoopa|45\/100\n|move|p2a: Master Wu|Psychic|p1b: Flutter Mane\n|-damage|p1b: Flutter Mane|35\/100\n|move|p1a: Hoopa|Shadow Ball|p2b: Hot Topic\n|-supereffective|p2b: Hot Topic\n|-damage|p2b: Hot Topic|0 fnt\n|faint|p2b: Hot Topic\n|-end|p2b: Hot Topic|Protosynthesis|[silent]\n|\n|upkeep\n|\n|t:|1698777650\n|switch|p2b: Akua|Empoleon, F|100\/100\n|turn|7\n|\n|t:|1698777682\n|move|p1b: Flutter Mane|Shadow Ball|p2a: Master Wu\n|-supereffective|p2a: Master Wu\n|-damage|p2a: Master Wu|0 fnt\n|faint|p2a: Master Wu\n|move|p1a: Hoopa|Shadow Ball|p2b: Akua\n|-damage|p2b: Akua|67\/100\n|move|p2b: Akua|Flash Cannon|p1a: Hoopa\n|-supereffective|p1a: Hoopa\n|-damage|p1a: Hoopa|2\/100\n|\n|upkeep\n|turn|8\n|\n|t:|1698777702\n|move|p2b: Akua|Vacuum Wave|p1a: Hoopa\n|-resisted|p1a: Hoopa\n|-damage|p1a: Hoopa|0 fnt\n|faint|p1a: Hoopa\n|move|p1b: Flutter Mane|Shadow Ball|p2b: Akua\n|-damage|p2b: Akua|42\/100\n|\n|upkeep\n|\n|t:|1698777707\n|switch|p1a: Iron Hands|Iron Hands|98\/100\n|turn|9\n|c|\u2606Carterc2429|Gg\n|\n|t:|1698777721\n|move|p1b: Flutter Mane|Shadow Ball|p2b: Akua\n|-damage|p2b: Akua|17\/100\n|move|p2b: Akua|Flash Cannon|p1b: Flutter Mane\n|-supereffective|p1b: Flutter Mane\n|-damage|p1b: Flutter Mane|0 fnt\n|faint|p1b: Flutter Mane\n|-end|p1b: Flutter Mane|Protosynthesis|[silent]\n|move|p1a: Iron Hands|Drain Punch|p2b: Akua\n|-supereffective|p2b: Akua\n|-damage|p2b: Akua|0 fnt\n|-heal|p1a: Iron Hands|100\/100|[from] drain|[of] p2b: Akua\n|faint|p2b: Akua\n|\n|win|Carterc2429\n|raw|Carterc2429's rating: 1371 &rarr; <strong>1381<\/strong><br \/>(+10 for winning)\n|raw|OffConcord64's rating: 1184 &rarr; <strong>1171<\/strong><br \/>(-13 for losing)\n|l|\u2606OffConcord64\n","uploadtime":1698777735,"views":12,"p1id":"carterc2429","p2id":"offconcord64","formatid":"gen9nationaldexdoubles","rating":1171,"private":0,"password":""}