{"id":"gen9nationaldexdoubles-1987568489","p1":"fumbari 24","p2":"luozhen","format":"[Gen 9] National Dex Doubles","log":"|j|\u2606fumbari 24\n|j|\u2606luozhen\n|t:|1699613371\n|gametype|doubles\n|player|p1|fumbari 24|hilbert|1205\n|player|p2|luozhen|102|1155\n|teamsize|p1|6\n|teamsize|p2|6\n|gen|9\n|tier|[Gen 9] National Dex Doubles\n|rated|\n|rule|HP Percentage Mod: HP is shown in percentages\n|rule|Endless Battle Clause: Forcing endless battles is banned\n|rule|OHKO Clause: OHKO moves are banned\n|rule|Evasion Moves Clause: Evasion moves are banned\n|rule|Evasion Abilities Clause: Evasion abilities are banned\n|rule|Species Clause: Limit one of each Pok\u00e9mon\n|rule|Gravity Sleep Clause: The combination of sleep-inducing moves with imperfect accuracy and Gravity or Gigantamax Orbeetle are banned\n|clearpoke\n|poke|p1|Thundurus, M|\n|poke|p1|Staraptor, M|\n|poke|p1|Blastoise, M|\n|poke|p1|Bronzong|\n|poke|p1|Blaziken, M|\n|poke|p1|Latias, F|\n|poke|p2|Kommo-o, F|\n|poke|p2|Indeedee-F, F|\n|poke|p2|Gholdengo|\n|poke|p2|Ogerpon-Hearthflame, F|\n|poke|p2|Lopunny, F|\n|poke|p2|Garchomp, F|\n|teampreview\n|inactive|Battle timer is ON: inactive players will automatically lose when time's up. (requested by luozhen)\n|\n|t:|1699613386\n|start\n|switch|p1a: Thundurus|Thundurus, M|100\/100\n|switch|p1b: Staraptor|Staraptor, M|100\/100\n|switch|p2a: Kommo-o|Kommo-o, F|100\/100\n|switch|p2b: Indeedee|Indeedee-F, F|100\/100\n|-ability|p1b: Staraptor|Intimidate|boost\n|-unboost|p2a: Kommo-o|atk|1\n|-unboost|p2b: Indeedee|atk|1\n|-fieldstart|move: Psychic Terrain|[from] ability: Psychic Surge|[of] p2b: Indeedee\n|turn|1\n|\n|t:|1699613399\n|switch|p1a: Big Ben|Bronzong|100\/100\n|move|p2b: Indeedee|Follow Me|p2b: Indeedee\n|-singleturn|p2b: Indeedee|move: Follow Me\n|move|p1b: Staraptor|U-turn|p2b: Indeedee\n|-supereffective|p2b: Indeedee\n|-damage|p2b: Indeedee|40\/100\n|\n|t:|1699613408\n|switch|p1b: Harbor|Blastoise, M|100\/100|[from] U-turn\n|-zpower|p2a: Kommo-o\n|move|p2a: Kommo-o|Clangorous Soulblaze|p1a: Big Ben|[zeffect]|[spread] p1a,p1b\n|-resisted|p1a: Big Ben\n|-damage|p1a: Big Ben|76\/100\n|-damage|p1b: Harbor|52\/100\n|-boost|p2a: Kommo-o|atk|1\n|-boost|p2a: Kommo-o|def|1\n|-boost|p2a: Kommo-o|spa|1\n|-boost|p2a: Kommo-o|spd|1\n|-boost|p2a: Kommo-o|spe|1\n|\n|-heal|p1b: Harbor|58\/100|[from] item: Leftovers\n|upkeep\n|turn|2\n|j| 12345ssdlh\n|\n|t:|1699613441\n|move|p1b: Harbor|Protect|p1b: Harbor\n|-singleturn|p1b: Harbor|Protect\n|move|p2b: Indeedee|Follow Me|p2b: Indeedee\n|-singleturn|p2b: Indeedee|move: Follow Me\n|move|p2a: Kommo-o|Flamethrower|p1a: Big Ben\n|-supereffective|p1a: Big Ben\n|-damage|p1a: Big Ben|15\/100\n|-zpower|p1a: Big Ben\n|move|p1a: Big Ben|Z-Trick Room|p1a: Big Ben|[anim]Trick Room\n|-boost|p1a: Big Ben|accuracy|1|[zeffect]\n|-fieldstart|move: Trick Room|[of] p1a: Big Ben\n|\n|-heal|p1b: Harbor|64\/100|[from] item: Leftovers\n|upkeep\n|turn|3\n|\n|t:|1699613465\n|move|p1b: Harbor|Follow Me|p1b: Harbor\n|-singleturn|p1b: Harbor|move: Follow Me\n|move|p2b: Indeedee|Follow Me|p2b: Indeedee\n|-singleturn|p2b: Indeedee|move: Follow Me\n|move|p1a: Big Ben|Hypnosis|p2b: Indeedee\n|-status|p2b: Indeedee|slp|[from] move: Hypnosis\n|move|p2a: Kommo-o|Flamethrower|p1b: Harbor\n|-resisted|p1b: Harbor\n|-damage|p1b: Harbor|48\/100\n|\n|-heal|p1b: Harbor|54\/100|[from] item: Leftovers\n|upkeep\n|turn|4\n|inactive|luozhen has 120 seconds left.\n|l| 12345ssdlh\n|\n|t:|1699613524\n|move|p1a: Big Ben|Hypnosis|p2a: Kommo-o\n|-status|p2a: Kommo-o|slp|[from] move: Hypnosis\n|move|p1b: Harbor|Scald|p2b: Indeedee\n|-damage|p2b: Indeedee|15\/100 slp\n|cant|p2b: Indeedee|slp\n|cant|p2a: Kommo-o|slp\n|\n|-heal|p1b: Harbor|60\/100|[from] item: Leftovers\n|upkeep\n|turn|5\n|-message|luozhen forfeited.\n|\n|win|fumbari 24\n|raw|fumbari 24's rating: 1205 &rarr; <strong>1226<\/strong><br \/>(+21 for winning)\n|raw|luozhen's rating: 1155 &rarr; <strong>1134<\/strong><br \/>(-21 for losing)\n|l|\u2606luozhen\n","uploadtime":1699613558,"views":8,"p1id":"fumbari24","p2id":"luozhen","formatid":"gen9nationaldexdoubles","rating":1134,"private":0,"password":""}