{"id":"gen9nationaldexdoubles-1976979860","p1":"LowksterP","p2":"PeanutChewer","format":"[Gen 9] National Dex Doubles","log":"|j|\u2606LowksterP\n|j|\u2606PeanutChewer\n|t:|1698358293\n|gametype|doubles\n|player|p1|LowksterP|striker|1000\n|player|p2|PeanutChewer|caitlin-masters|1149\n|teamsize|p1|6\n|teamsize|p2|6\n|gen|9\n|tier|[Gen 9] National Dex Doubles\n|rated|\n|rule|HP Percentage Mod: HP is shown in percentages\n|rule|Endless Battle Clause: Forcing endless battles is banned\n|rule|OHKO Clause: OHKO moves are banned\n|rule|Evasion Moves Clause: Evasion moves are banned\n|rule|Evasion Abilities Clause: Evasion abilities are banned\n|rule|Species Clause: Limit one of each Pok\u00e9mon\n|rule|Gravity Sleep Clause: The combination of sleep-inducing moves with imperfect accuracy and Gravity or Gigantamax Orbeetle are banned\n|clearpoke\n|poke|p1|Dodrio, M|\n|poke|p1|Golduck, M|\n|poke|p1|Primeape, M|\n|poke|p1|Arcanine, M|\n|poke|p1|Hypno, M|\n|poke|p1|Parasect, M|\n|poke|p2|Farigiraf, F|\n|poke|p2|Ditto|\n|poke|p2|Swellow, F|\n|poke|p2|Ursaluna, F|\n|poke|p2|Zoroark-Hisui, M|\n|poke|p2|Exploud, M|\n|teampreview\n|inactive|Battle timer is ON: inactive players will automatically lose when time's up. (requested by PeanutChewer)\n|\n|t:|1698358308\n|start\n|switch|p1a: Arcanine|Arcanine, M, shiny|100\/100\n|switch|p1b: Hypno|Hypno, M, shiny|100\/100\n|switch|p2a: Swellow|Swellow, F|100\/100\n|switch|p2b: Exploud|Exploud, M|100\/100\n|-ability|p1a: Arcanine|Intimidate|boost\n|-fail|p2a: Swellow|unboost|Attack|[from] ability: Scrappy|[of] p2a: Swellow\n|-unboost|p2b: Exploud|atk|1\n|turn|1\n|\n|t:|1698358318\n|-terastallize|p2a: Swellow|Normal\n|move|p2a: Swellow|Boomburst|p1b: Hypno|[spread] p1a,p1b\n|-immune|p2b: Exploud|[from] ability: Soundproof\n|-damage|p1a: Arcanine|11\/100\n|-damage|p1b: Hypno|14\/100\n|move|p1a: Arcanine|Mud-Slap|p2b: Exploud\n|-damage|p2b: Exploud|95\/100\n|-unboost|p2b: Exploud|accuracy|1\n|move|p1b: Hypno|Thunder Wave|p2a: Swellow\n|-status|p2a: Swellow|par\n|move|p2b: Exploud|Hydro Pump|p1a: Arcanine\n|-supereffective|p1a: Arcanine\n|-damage|p1a: Arcanine|0 fnt\n|faint|p1a: Arcanine\n|\n|-heal|p1b: Hypno|20\/100|[from] item: Leftovers\n|upkeep\n|inactive|LowksterP has 120 seconds left.\n|\n|t:|1698358354\n|switch|p1a: Parasect|Parasect, M, shiny|100\/100\n|turn|2\n|inactive|LowksterP has 120 seconds left.\n|\n|t:|1698358392\n|switch|p1b: Dodrio|Dodrio, M, shiny|100\/100\n|cant|p2a: Swellow|par\n|move|p2b: Exploud|Boomburst|p1a: Parasect|[spread] p2a,p1a\n|-miss|p2b: Exploud|p1b: Dodrio\n|-damage|p2a: Swellow|0 fnt\n|-damage|p1a: Parasect|41\/100\n|faint|p2a: Swellow\n|move|p1a: Parasect|Leech Seed|p2b: Exploud\n|-start|p2b: Exploud|move: Leech Seed\n|\n|-heal|p1a: Parasect|47\/100|[from] item: Leftovers\n|-damage|p2b: Exploud|83\/100|[from] Leech Seed|[of] p1a: Parasect\n|-heal|p1a: Parasect|65\/100|[silent]\n|upkeep\n|\n|t:|1698358401\n|switch|p2a: Ditto|Ditto|100\/100\n|-transform|p2a: Ditto|p1b: Dodrio|[from] ability: Imposter\n|turn|3\n|inactive|LowksterP has 120 seconds left.\n|\n|t:|1698358439\n|switch|p1a: Golduck|Golduck, M, shiny|100\/100\n|-ability|p1a: Golduck|Cloud Nine\n|move|p2a: Ditto|Acupressure|p2b: Exploud\n|-boost|p2b: Exploud|evasion|2\n|move|p1b: Dodrio|Acupressure|p1b: Dodrio\n|-boost|p1b: Dodrio|spd|2\n|move|p2b: Exploud|Blizzard|p1a: Golduck|[spread] p1a,p1b\n|-resisted|p1a: Golduck\n|-supereffective|p1b: Dodrio\n|-damage|p1a: Golduck|87\/100\n|-damage|p1b: Dodrio|64\/100\n|\n|-heal|p1a: Golduck|94\/100|[from] item: Leftovers\n|-damage|p2b: Exploud|71\/100|[from] Leech Seed|[of] p1a: Golduck\n|-heal|p1a: Golduck|100\/100|[silent]\n|upkeep\n|turn|4\n|inactive|LowksterP has 90 seconds left.\n|\n|t:|1698358482\n|move|p2a: Ditto|Acupressure|p2b: Exploud\n|-boost|p2b: Exploud|spe|2\n|move|p2b: Exploud|Blizzard|p1b: Dodrio|[spread] p1a,p1b\n|-resisted|p1a: Golduck\n|-supereffective|p1b: Dodrio\n|-damage|p1a: Golduck|85\/100\n|-damage|p1b: Dodrio|28\/100\n|move|p1b: Dodrio|Acupressure|p1b: Dodrio\n|-boost|p1b: Dodrio|spe|2\n|move|p1a: Golduck|Icy Wind|p2a: Ditto|[spread] p2b\n|-miss|p1a: Golduck|p2a: Ditto\n|-damage|p2b: Exploud|60\/100\n|-unboost|p2b: Exploud|spe|1\n|\n|-heal|p1a: Golduck|92\/100|[from] item: Leftovers\n|-damage|p2b: Exploud|48\/100|[from] Leech Seed|[of] p1a: Golduck\n|-heal|p1a: Golduck|100\/100|[silent]\n|upkeep\n|turn|5\n|inactive|LowksterP has 90 seconds left.\n|\n|t:|1698358515\n|move|p1b: Dodrio|Rest|p1b: Dodrio\n|-status|p1b: Dodrio|slp|[from] move: Rest\n|-heal|p1b: Dodrio|100\/100 slp|[silent]\n|move|p2a: Ditto|Acupressure|p2b: Exploud\n|-boost|p2b: Exploud|atk|2\n|move|p1a: Golduck|Clear Smog|p2b: Exploud\n|-damage|p2b: Exploud|35\/100\n|-clearboost|p2b: Exploud\n|move|p2b: Exploud|Blizzard|p1b: Dodrio|[spread] p1a,p1b\n|-resisted|p1a: Golduck\n|-supereffective|p1b: Dodrio\n|-damage|p1a: Golduck|86\/100\n|-damage|p1b: Dodrio|64\/100 slp\n|\n|-heal|p1a: Golduck|92\/100|[from] item: Leftovers\n|-damage|p2b: Exploud|23\/100|[from] Leech Seed|[of] p1a: Golduck\n|-heal|p1a: Golduck|100\/100|[silent]\n|upkeep\n|turn|6\n|inactive|LowksterP has 90 seconds left.\n|\n|t:|1698358541\n|cant|p1b: Dodrio|slp\n|move|p2a: Ditto|Acupressure|p2b: Exploud\n|-boost|p2b: Exploud|spd|2\n|move|p1a: Golduck|Psych Up|p1b: Dodrio\n|-copyboost|p1a: Golduck|p1b: Dodrio|[from] move: Psych Up\n|move|p2b: Exploud|Hydro Pump|p1b: Dodrio\n|-damage|p1b: Dodrio|40\/100 slp\n|\n|-damage|p2b: Exploud|11\/100|[from] Leech Seed|[of] p1a: Golduck\n|upkeep\n|turn|7\n|inactive|LowksterP has 90 seconds left.\n|\n|t:|1698358572\n|-curestatus|p1b: Dodrio|slp|[msg]\n|move|p1b: Dodrio|Acupressure|p1b: Dodrio\n|-boost|p1b: Dodrio|accuracy|2\n|move|p1a: Golduck|Psych Up|p1b: Dodrio\n|-copyboost|p1a: Golduck|p1b: Dodrio|[from] move: Psych Up\n|move|p2a: Ditto|Acupressure|p2b: Exploud\n|-boost|p2b: Exploud|spe|2\n|move|p2b: Exploud|Blizzard|p1a: Golduck|[spread] p1a,p1b\n|-resisted|p1a: Golduck\n|-supereffective|p1b: Dodrio\n|-damage|p1a: Golduck|93\/100\n|-damage|p1b: Dodrio|5\/100\n|-status|p1a: Golduck|frz\n|\n|-heal|p1a: Golduck|99\/100 frz|[from] item: Leftovers\n|-damage|p2b: Exploud|0 fnt|[from] Leech Seed|[of] p1a: Golduck\n|-heal|p1a: Golduck|100\/100 frz|[silent]\n|faint|p2b: Exploud\n|upkeep\n|\n|t:|1698358585\n|switch|p2b: Ursaluna|Ursaluna, F|100\/100\n|turn|8\n|inactive|LowksterP has 90 seconds left.\n|\n|t:|1698358625\n|move|p1b: Dodrio|Rest|p1b: Dodrio\n|-status|p1b: Dodrio|slp|[from] move: Rest\n|-heal|p1b: Dodrio|100\/100 slp|[silent]\n|-curestatus|p1a: Golduck|frz|[msg]\n|move|p1a: Golduck|Icy Wind|p2b: Ursaluna|[spread] p2a,p2b\n|-supereffective|p2a: Ditto\n|-damage|p2a: Ditto|75\/100\n|-damage|p2b: Ursaluna|81\/100\n|-unboost|p2a: Ditto|spe|1\n|-unboost|p2b: Ursaluna|spe|1\n|replace|p2b: Zoroark|Zoroark-Hisui, M\n|-end|p2b: Zoroark|Illusion\n|-activate|p2a: Ditto|move: Struggle\n|move|p2a: Ditto|Struggle|p1b: Dodrio\n|-damage|p1b: Dodrio|83\/100 slp\n|-damage|p2a: Ditto|50\/100|[from] recoil\n|-zpower|p2b: Zoroark\n|move|p2b: Zoroark|Never-Ending Nightmare|p1a: Golduck|[zeffect]\n|-damage|p1a: Golduck|58\/100\n|\n|-heal|p1a: Golduck|65\/100|[from] item: Leftovers\n|upkeep\n|turn|9\n|inactive|LowksterP has 60 seconds left.\n|\n|t:|1698358655\n|switch|p2a: Ursaluna|Ursaluna, F|100\/100\n|cant|p1b: Dodrio|slp\n|move|p1a: Golduck|Muddy Water|p2b: Zoroark|[spread] p2a,p2b\n|-supereffective|p2a: Ursaluna\n|-damage|p2a: Ursaluna|61\/100\n|-damage|p2b: Zoroark|35\/100\n|-unboost|p2b: Zoroark|accuracy|1\n|move|p2b: Zoroark|Taunt|p1b: Dodrio\n|-start|p1b: Dodrio|move: Taunt\n|\n|-heal|p1a: Golduck|71\/100|[from] item: Leftovers\n|-status|p2a: Ursaluna|brn|[from] item: Flame Orb\n|upkeep\n|turn|10\n|inactive|LowksterP has 60 seconds left.\n|\n|t:|1698358691\n|-curestatus|p1b: Dodrio|slp|[msg]\n|-zpower|p1b: Dodrio\n|move|p1b: Dodrio|Z-Acupressure|p1b: Dodrio|[anim]Acupressure\n|-start|p1b: Dodrio|move: Focus Energy|[zeffect]\n|-boost|p1b: Dodrio|accuracy|2\n|move|p1a: Golduck|Muddy Water|p2a: Ursaluna|[spread] p2a,p2b\n|-supereffective|p2a: Ursaluna\n|-damage|p2a: Ursaluna|22\/100 brn\n|-damage|p2b: Zoroark|0 fnt\n|faint|p2b: Zoroark\n|move|p2a: Ursaluna|Facade|p1a: Golduck\n|-damage|p1a: Golduck|0 fnt\n|faint|p1a: Golduck\n|\n|-damage|p2a: Ursaluna|16\/100 brn|[from] brn\n|upkeep\n|inactive|LowksterP has 60 seconds left.\n|\n|t:|1698358727\n|switch|p2b: Ditto|Ditto|50\/100\n|switch|p1a: Hypno|Hypno, M, shiny|20\/100\n|-transform|p2b: Ditto|p1a: Hypno|[from] ability: Imposter\n|turn|11\n|inactive|LowksterP has 60 seconds left.\n|\n|t:|1698358757\n|move|p1b: Dodrio|Air Cutter|p2a: Ursaluna|[spread] p2a,p2b\n|-crit|p2a: Ursaluna\n|-crit|p2b: Ditto\n|-damage|p2a: Ursaluna|2\/100 brn\n|-damage|p2b: Ditto|32\/100\n|move|p2b: Ditto|Thunder Wave|p1b: Dodrio\n|-status|p1b: Dodrio|par\n|move|p1a: Hypno|Thunder Wave|p2b: Ditto\n|-status|p2b: Ditto|par\n|move|p2a: Ursaluna|Facade|p1b: Dodrio\n|-damage|p1b: Dodrio|0 fnt\n|faint|p1b: Dodrio\n|\n|-heal|p1a: Hypno|26\/100|[from] item: Leftovers\n|-damage|p2a: Ursaluna|0 fnt|[from] brn\n|faint|p2a: Ursaluna\n|upkeep\n|\n|t:|1698358783\n|switch|p1b: Primeape|Primeape, M, shiny|100\/100\n|switch|p2a: Farigiraf|Farigiraf, F|100\/100\n|turn|12\n|\n|t:|1698358812\n|switch|p1b: Parasect|Parasect, M, shiny|65\/100\n|move|p1a: Hypno|Hex|p2b: Ditto\n|-supereffective|p2b: Ditto\n|-damage|p2b: Ditto|0 fnt\n|faint|p2b: Ditto\n|move|p2a: Farigiraf|Psychic|p1b: Parasect\n|-damage|p1b: Parasect|13\/100\n|\n|-heal|p1a: Hypno|32\/100|[from] item: Leftovers\n|-heal|p1b: Parasect|19\/100|[from] item: Leftovers\n|upkeep\n|turn|13\n|inactive|PeanutChewer has 120 seconds left.\n|\n|t:|1698358842\n|move|p1a: Hypno|Thunder Wave|p2a: Farigiraf\n|-status|p2a: Farigiraf|par\n|move|p1b: Parasect|Leech Life|p2a: Farigiraf\n|-supereffective|p2a: Farigiraf\n|-damage|p2a: Farigiraf|33\/100 par\n|-heal|p1b: Parasect|71\/100|[from] drain|[of] p2a: Farigiraf\n|-enditem|p2a: Farigiraf|Sitrus Berry|[eat]\n|-heal|p2a: Farigiraf|58\/100 par|[from] item: Sitrus Berry\n|move|p2a: Farigiraf|Dazzling Gleam|p1a: Hypno|[spread] p1a,p1b\n|-damage|p1a: Hypno|9\/100\n|-damage|p1b: Parasect|45\/100\n|\n|-heal|p1a: Hypno|15\/100|[from] item: Leftovers\n|-heal|p1b: Parasect|51\/100|[from] item: Leftovers\n|upkeep\n|turn|14\n|inactive|LowksterP has 60 seconds left.\n|\n|t:|1698358868\n|move|p1a: Hypno|Hex|p2a: Farigiraf\n|-immune|p2a: Farigiraf\n|move|p1b: Parasect|Leech Life|p2a: Farigiraf\n|-supereffective|p2a: Farigiraf\n|-damage|p2a: Farigiraf|0 fnt\n|-heal|p1b: Parasect|96\/100|[from] drain|[of] p2a: Farigiraf\n|faint|p2a: Farigiraf\n|\n|win|LowksterP\n|raw|LowksterP's rating: 1000 &rarr; <strong>1058<\/strong><br \/>(+58 for winning)\n|raw|PeanutChewer's rating: 1170 &rarr; <strong>1134<\/strong><br \/>(-36 for losing)\n|l|\u2606PeanutChewer\n","uploadtime":1698358884,"views":12,"p1id":"lowksterp","p2id":"peanutchewer","formatid":"gen9nationaldexdoubles","rating":1058,"private":0,"password":""}