{"id":"gen9nationaldexdoubles-1947646112","p1":"kingspeed51","p2":"hellixx","format":"[Gen 9] National Dex Doubles","log":"|j|\u2606kingspeed51\n|j|\u2606hellixx\n|t:|1695181544\n|gametype|doubles\n|player|p1|kingspeed51|266|1118\n|player|p2|hellixx|harlequin|1032\n|teamsize|p1|6\n|teamsize|p2|6\n|gen|9\n|tier|[Gen 9] National Dex Doubles\n|rated|\n|rule|HP Percentage Mod: HP is shown in percentages\n|rule|Endless Battle Clause: Forcing endless battles is banned\n|rule|OHKO Clause: OHKO moves are banned\n|rule|Evasion Moves Clause: Evasion moves are banned\n|rule|Evasion Abilities Clause: Evasion abilities are banned\n|rule|Species Clause: Limit one of each Pok\u00e9mon\n|rule|Gravity Sleep Clause: The combination of sleep-inducing moves with imperfect accuracy and Gravity or Gigantamax Orbeetle are banned\n|clearpoke\n|poke|p1|Metagross|\n|poke|p1|Roaring Moon|\n|poke|p1|Milotic, M|\n|poke|p1|Sinistcha|\n|poke|p1|Talonflame, M|\n|poke|p1|Chansey, F|\n|poke|p2|Oricorio-Pa'u, F|\n|poke|p2|Lilligant-Hisui, F|\n|poke|p2|Landorus-Therian, M|\n|poke|p2|Ursaluna-Bloodmoon, M|\n|poke|p2|Dragapult, F|\n|poke|p2|Toxapex, F|\n|teampreview\n|inactive|Battle timer is ON: inactive players will automatically lose when time's up. (requested by hellixx)\n|\n|t:|1695181559\n|start\n|switch|p1a: Talonflame|Talonflame, M|100\/100\n|switch|p1b: Milotic|Milotic, M|100\/100\n|switch|p2a: Status Quote|Oricorio-Pa'u, F, shiny|100\/100\n|switch|p2b: Sativa|Lilligant-Hisui, F, shiny|100\/100\n|turn|1\n|\n|t:|1695181587\n|move|p1a: Talonflame|Brave Bird|p2b: Sativa\n|-supereffective|p2b: Sativa\n|-damage|p2b: Sativa|0 fnt\n|faint|p2b: Sativa\n|-damage|p1a: Talonflame|72\/100|[from] Recoil\n|move|p2a: Status Quote|Quiver Dance|p2a: Status Quote\n|-boost|p2a: Status Quote|spa|1\n|-boost|p2a: Status Quote|spd|1\n|-boost|p2a: Status Quote|spe|1\n|move|p1b: Milotic|Ice Beam|p2a: Status Quote\n|-supereffective|p2a: Status Quote\n|-damage|p2a: Status Quote|50\/100\n|\n|upkeep\n|inactive|hellixx has 120 seconds left.\n|\n|t:|1695181606\n|switch|p2b: Toxapex|Toxapex, F, shiny|100\/100\n|turn|2\n|\n|t:|1695181623\n|switch|p1b: Chansey|Chansey, F|100\/100\n|-terastallize|p2b: Toxapex|Flying\n|move|p1a: Talonflame|Protect|p1a: Talonflame\n|-singleturn|p1a: Talonflame|Protect\n|move|p2b: Toxapex|Baneful Bunker|p2b: Toxapex\n|-singleturn|p2b: Toxapex|move: Protect\n|move|p2a: Status Quote|Baton Pass|p2a: Status Quote\n|inactive|hellixx has 120 seconds left.\n|\n|t:|1695181640\n|switch|p2a: Dragapult|Dragapult, F, shiny|100\/100|[from] Baton Pass\n|\n|upkeep\n|turn|3\n|\n|t:|1695181657\n|move|p2a: Dragapult|Dragon Darts|p1a: Talonflame\n|-damage|p1a: Talonflame|39\/100\n|-anim|p2a: Dragapult|Dragon Darts|p1b: Chansey\n|-damage|p1b: Chansey|84\/100\n|move|p1a: Talonflame|Tailwind|p1a: Talonflame\n|-sidestart|p1: kingspeed51|move: Tailwind\n|move|p1b: Chansey|Toxic|p2b: Toxapex|[miss]\n|-miss|p1b: Chansey|p2b: Toxapex\n|move|p2b: Toxapex|Toxic Spikes|p1a: Talonflame\n|-sidestart|p1: kingspeed51|move: Toxic Spikes\n|\n|upkeep\n|turn|4\n|\n|t:|1695181678\n|move|p1a: Talonflame|Flare Blitz|p2a: Dragapult\n|-resisted|p2a: Dragapult\n|-damage|p2a: Dragapult|74\/100\n|-damage|p1a: Talonflame|31\/100|[from] Recoil\n|move|p2a: Dragapult|Dragon Darts|p1a: Talonflame\n|-damage|p1a: Talonflame|0 fnt\n|-anim|p2a: Dragapult|Dragon Darts|p1b: Chansey\n|-damage|p1b: Chansey|65\/100\n|faint|p1a: Talonflame\n|move|p1b: Chansey|Toxic|p2b: Toxapex\n|-status|p2b: Toxapex|tox\n|move|p2b: Toxapex|Toxic Spikes|p1b: Chansey\n|-sidestart|p1: kingspeed51|move: Toxic Spikes\n|\n|-damage|p2b: Toxapex|95\/100 tox|[from] psn\n|upkeep\n|inactive|kingspeed51 has 120 seconds left.\n|\n|t:|1695181697\n|switch|p1a: Roaring Moon|Roaring Moon|100\/100\n|-status|p1a: Roaring Moon|tox\n|-enditem|p1a: Roaring Moon|Booster Energy\n|-activate|p1a: Roaring Moon|ability: Protosynthesis|[fromitem]\n|-start|p1a: Roaring Moon|protosynthesisatk\n|turn|5\n|\n|t:|1695181726\n|move|p1a: Roaring Moon|Acrobatics|p2a: Dragapult\n|-damage|p2a: Dragapult|0 fnt\n|faint|p2a: Dragapult\n|move|p1b: Chansey|Soft-Boiled|p1b: Chansey\n|-heal|p1b: Chansey|100\/100\n|move|p2b: Toxapex|Hex|p1a: Roaring Moon\n|-resisted|p1a: Roaring Moon\n|-crit|p1a: Roaring Moon\n|-damage|p1a: Roaring Moon|89\/100 tox\n|\n|-heal|p2b: Toxapex|100\/100 tox|[from] item: Leftovers\n|-damage|p1a: Roaring Moon|83\/100 tox|[from] psn\n|-damage|p2b: Toxapex|89\/100 tox|[from] psn\n|upkeep\n|inactive|hellixx has 120 seconds left.\n|\n|t:|1695181741\n|switch|p2a: Ursaluna|Ursaluna-Bloodmoon, M, shiny|100\/100\n|turn|6\n|\n|t:|1695181760\n|move|p2b: Toxapex|Baneful Bunker|p2b: Toxapex\n|-singleturn|p2b: Toxapex|move: Protect\n|move|p1a: Roaring Moon|Acrobatics|p2a: Ursaluna\n|-damage|p2a: Ursaluna|58\/100\n|move|p1b: Chansey|Aromatherapy|p1b: Chansey\n|-activate|p1b: Chansey|move: Aromatherapy\n|-curestatus|p1a: Roaring Moon|tox|[msg]\n|move|p2a: Ursaluna|Earth Power|p1a: Roaring Moon\n|-damage|p1a: Roaring Moon|41\/100\n|\n|-heal|p2b: Toxapex|95\/100 tox|[from] item: Leftovers\n|-damage|p2b: Toxapex|77\/100 tox|[from] psn\n|-sideend|p1: kingspeed51|move: Tailwind\n|upkeep\n|turn|7\n|\n|t:|1695181780\n|move|p1a: Roaring Moon|Outrage|p2a: Ursaluna\n|-damage|p2a: Ursaluna|0 fnt\n|faint|p2a: Ursaluna\n|move|p1b: Chansey|Seismic Toss|p2b: Toxapex\n|-damage|p2b: Toxapex|41\/100 tox\n|move|p2b: Toxapex|Recover|p2b: Toxapex\n|-heal|p2b: Toxapex|91\/100 tox\n|\n|-heal|p2b: Toxapex|97\/100 tox|[from] item: Leftovers\n|-damage|p2b: Toxapex|73\/100 tox|[from] psn\n|upkeep\n|\n|t:|1695181799\n|switch|p2a: Landorus|Landorus-Therian, M|100\/100\n|-ability|p2a: Landorus|Intimidate|boost\n|-unboost|p1a: Roaring Moon|atk|1\n|-unboost|p1b: Chansey|atk|1\n|turn|8\n|\n|t:|1695181820\n|move|p1a: Roaring Moon|Outrage|p2b: Toxapex|[from]lockedmove\n|-damage|p2b: Toxapex|34\/100 tox\n|move|p2a: Landorus|Earthquake|p1a: Roaring Moon|[spread] p1a,p1b\n|-immune|p2b: Toxapex\n|-damage|p1a: Roaring Moon|0 fnt\n|-damage|p1b: Chansey|75\/100\n|faint|p1a: Roaring Moon\n|-end|p1a: Roaring Moon|Protosynthesis|[silent]\n|move|p1b: Chansey|Toxic|p2a: Landorus\n|-status|p2a: Landorus|tox\n|move|p2b: Toxapex|Hex|p1b: Chansey\n|-immune|p1b: Chansey\n|\n|-heal|p2b: Toxapex|40\/100 tox|[from] item: Leftovers\n|-damage|p2a: Landorus|94\/100 tox|[from] psn\n|-damage|p2b: Toxapex|10\/100 tox|[from] psn\n|upkeep\n|\n|t:|1695181835\n|switch|p1a: Milotic|Milotic, M|100\/100\n|-status|p1a: Milotic|tox\n|turn|9\n|\n|t:|1695181857\n|move|p2a: Landorus|Giga Impact|p1a: Milotic\n|-crit|p1a: Milotic\n|-damage|p1a: Milotic|32\/100 tox\n|-mustrecharge|p2a: Landorus\n|move|p1a: Milotic|Ice Beam|p2a: Landorus\n|-supereffective|p2a: Landorus\n|-damage|p2a: Landorus|0 fnt\n|faint|p2a: Landorus\n|move|p1b: Chansey|Seismic Toss|p2b: Toxapex\n|-damage|p2b: Toxapex|0 fnt\n|faint|p2b: Toxapex\n|\n|-damage|p1a: Milotic|26\/100 tox|[from] psn\n|upkeep\n|-message|hellixx forfeited.\n|\n|win|kingspeed51\n|raw|kingspeed51's rating: 1118 &rarr; <strong>1137<\/strong><br \/>(+19 for winning)\n|raw|hellixx's rating: 1032 &rarr; <strong>1021<\/strong><br \/>(-11 for losing)\n|l|\u2606hellixx\n","uploadtime":1695181872,"views":8,"p1id":"kingspeed51","p2id":"hellixx","formatid":"gen9nationaldexdoubles","rating":1021,"private":0,"password":""}