{"id":"gen9nationaldexdoubles-1970018287","p1":"Junky Dummy","p2":"Ricola7 YT","format":"[Gen 9] National Dex Doubles","log":"|j|\u2606Junky Dummy\n|j|\u2606Ricola7 YT\n|t:|1697585638\n|gametype|doubles\n|player|p1|Junky Dummy|170|1308\n|player|p2|Ricola7 YT|lance|1061\n|teamsize|p1|6\n|teamsize|p2|6\n|gen|9\n|tier|[Gen 9] National Dex Doubles\n|rated|\n|rule|HP Percentage Mod: HP is shown in percentages\n|rule|Endless Battle Clause: Forcing endless battles is banned\n|rule|OHKO Clause: OHKO moves are banned\n|rule|Evasion Moves Clause: Evasion moves are banned\n|rule|Evasion Abilities Clause: Evasion abilities are banned\n|rule|Species Clause: Limit one of each Pok\u00e9mon\n|rule|Gravity Sleep Clause: The combination of sleep-inducing moves with imperfect accuracy and Gravity or Gigantamax Orbeetle are banned\n|clearpoke\n|poke|p1|Gothitelle, F|\n|poke|p1|Salamence, F|\n|poke|p1|Amoonguss, F|\n|poke|p1|Diancie|\n|poke|p1|Incineroar, F|\n|poke|p1|Ursaluna-Bloodmoon, M|\n|poke|p2|Jigglypuff, F|\n|poke|p2|Cresselia, F|\n|poke|p2|Iron Hands|\n|poke|p2|Magcargo, F|\n|poke|p2|Torkoal, M|\n|poke|p2|Magnezone|\n|teampreview\n|inactive|Battle timer is ON: inactive players will automatically lose when time's up. (requested by Ricola7 YT)\n|\n|t:|1697585649\n|start\n|switch|p1a: Gothitelle|Gothitelle, F|100\/100\n|switch|p1b: Diancie|Diancie, shiny|100\/100\n|switch|p2a: Cresselia|Cresselia, F|100\/100\n|switch|p2b: Torkoal|Torkoal, M|100\/100\n|-weather|SunnyDay|[from] ability: Drought|[of] p2b: Torkoal\n|turn|1\n|\n|t:|1697585669\n|move|p1a: Gothitelle|Fake Out|p2a: Cresselia\n|-crit|p2a: Cresselia\n|-damage|p2a: Cresselia|96\/100\n|move|p2b: Torkoal|Stealth Rock|p1b: Diancie\n|-sidestart|p1: Junky Dummy|move: Stealth Rock\n|cant|p2a: Cresselia|flinch\n|move|p1b: Diancie|Trick Room|p1b: Diancie\n|-fieldstart|move: Trick Room|[of] p1b: Diancie\n|\n|-weather|SunnyDay|[upkeep]\n|upkeep\n|turn|2\n|\n|t:|1697585693\n|switch|p1a: Ursaluna|Ursaluna-Bloodmoon, M|100\/100\n|-damage|p1a: Ursaluna|94\/100|[from] Stealth Rock\n|move|p2a: Cresselia|Helping Hand|p2b: Torkoal\n|-singleturn|p2b: Torkoal|Helping Hand|[of] p2a: Cresselia\n|move|p2b: Torkoal|Lava Plume|p1a: Ursaluna|[spread] p2a,p1a,p1b\n|-crit|p1a: Ursaluna\n|-resisted|p1b: Diancie\n|-damage|p2a: Cresselia|71\/100\n|-damage|p1a: Ursaluna|31\/100\n|-damage|p1b: Diancie|85\/100\n|-status|p2a: Cresselia|brn\n|-status|p1a: Ursaluna|brn\n|-status|p1b: Diancie|brn\n|move|p1b: Diancie|Diamond Storm|p2b: Torkoal|[spread] p2a,p2b\n|-supereffective|p2b: Torkoal\n|-damage|p2a: Cresselia|61\/100 brn\n|-damage|p2b: Torkoal|82\/100\n|\n|-weather|SunnyDay|[upkeep]\n|-damage|p1b: Diancie|78\/100 brn|[from] brn\n|-damage|p1a: Ursaluna|25\/100 brn|[from] brn\n|-damage|p2a: Cresselia|55\/100 brn|[from] brn\n|upkeep\n|turn|3\n|inactive|Junky Dummy has 120 seconds left.\n|\n|t:|1697585746\n|switch|p1b: Salamence|Salamence, F|100\/100\n|-damage|p1b: Salamence|76\/100|[from] Stealth Rock\n|-ability|p1b: Salamence|Intimidate|boost\n|-unboost|p2a: Cresselia|atk|1\n|-unboost|p2b: Torkoal|atk|1\n|move|p2b: Torkoal|Body Press|p1a: Ursaluna\n|-supereffective|p1a: Ursaluna\n|-damage|p1a: Ursaluna|0 fnt\n|faint|p1a: Ursaluna\n|move|p2a: Cresselia|Lunar Blessing|p2a: Cresselia|[spread] p2a,p2b\n|-heal|p2a: Cresselia|80\/100 brn\n|-curestatus|p2a: Cresselia|brn|[msg]\n|-heal|p2b: Torkoal|100\/100\n|\n|-weather|SunnyDay|[upkeep]\n|upkeep\n|inactive|Junky Dummy has 90 seconds left.\n|\n|t:|1697585762\n|switch|p1a: Incineroar|Incineroar, F|100\/100\n|-ability|p1a: Incineroar|Intimidate|boost\n|-unboost|p2a: Cresselia|atk|1\n|-unboost|p2b: Torkoal|atk|1\n|turn|4\n|\n|t:|1697585781\n|move|p1b: Salamence|Protect|p1b: Salamence\n|-singleturn|p1b: Salamence|Protect\n|move|p1a: Incineroar|Fake Out|p2b: Torkoal\n|-damage|p2b: Torkoal|94\/100\n|cant|p2b: Torkoal|flinch\n|move|p2a: Cresselia|Moonblast|p1b: Salamence\n|-activate|p1b: Salamence|move: Protect\n|\n|-weather|SunnyDay|[upkeep]\n|upkeep\n|turn|5\n|inactive|Junky Dummy has 120 seconds left.\n|\n|t:|1697585809\n|move|p1b: Salamence|Protect||[still]\n|-fail|p1b: Salamence\n|move|p2b: Torkoal|Body Press|p1a: Incineroar\n|-supereffective|p1a: Incineroar\n|-damage|p1a: Incineroar|45\/100\n|move|p1a: Incineroar|Knock Off|p2a: Cresselia\n|-supereffective|p2a: Cresselia\n|-damage|p2a: Cresselia|28\/100\n|-enditem|p2a: Cresselia|Mental Herb|[from] move: Knock Off|[of] p1a: Incineroar\n|move|p2a: Cresselia|Moonblast|p1b: Salamence\n|-supereffective|p1b: Salamence\n|-damage|p1b: Salamence|32\/100\n|-unboost|p1b: Salamence|spa|1\n|\n|-weather|SunnyDay|[upkeep]\n|-fieldend|move: Trick Room\n|upkeep\n|turn|6\n|inactive|Junky Dummy has 120 seconds left.\n|\n|t:|1697585848\n|detailschange|p1b: Salamence|Salamence-Mega, F\n|-mega|p1b: Salamence|Salamence|Salamencite\n|move|p1b: Salamence|Double-Edge|p2b: Torkoal\n|-damage|p2b: Torkoal|52\/100\n|-damage|p1b: Salamence|17\/100|[from] Recoil\n|move|p1a: Incineroar|Knock Off|p2a: Cresselia\n|-supereffective|p2a: Cresselia\n|-damage|p2a: Cresselia|0 fnt\n|faint|p2a: Cresselia\n|move|p2b: Torkoal|Toxic|p1a: Incineroar\n|-status|p1a: Incineroar|tox\n|\n|-weather|SunnyDay|[upkeep]\n|-damage|p1a: Incineroar|39\/100 tox|[from] psn\n|upkeep\n|inactive|Ricola7 YT has 120 seconds left.\n|\n|t:|1697585865\n|switch|p2a: Magcargo|Magcargo, F|100\/100\n|turn|7\n|inactive|Junky Dummy has 120 seconds left.\n|\n|t:|1697585891\n|move|p1b: Salamence|Protect|p1b: Salamence\n|-singleturn|p1b: Salamence|Protect\n|move|p1a: Incineroar|Parting Shot|p2b: Torkoal\n|-unboost|p2b: Torkoal|atk|1\n|-unboost|p2b: Torkoal|spa|1\n|inactive|Junky Dummy has 90 seconds left.\n|\n|t:|1697585919\n|switch|p1a: Diancie|Diancie, shiny|78\/100 brn|[from] Parting Shot\n|-damage|p1a: Diancie|66\/100 brn|[from] Stealth Rock\n|move|p2a: Magcargo|Heat Wave|p1a: Diancie|[spread] p1a\n|-activate|p1b: Salamence|move: Protect\n|-resisted|p1a: Diancie\n|-damage|p1a: Diancie|52\/100 brn\n|move|p2b: Torkoal|Lava Plume|p1a: Diancie|[spread] p2a,p1a\n|-activate|p1b: Salamence|move: Protect\n|-resisted|p2a: Magcargo\n|-resisted|p1a: Diancie\n|-damage|p2a: Magcargo|96\/100\n|-damage|p1a: Diancie|46\/100 brn\n|\n|-weather|SunnyDay|[upkeep]\n|-damage|p1a: Diancie|39\/100 brn|[from] brn\n|upkeep\n|turn|8\n|inactive|Junky Dummy has 90 seconds left.\n|\n|t:|1697585953\n|move|p1b: Salamence|Double-Edge|p2b: Torkoal\n|-damage|p2b: Torkoal|16\/100\n|-damage|p1b: Salamence|5\/100|[from] Recoil\n|move|p2a: Magcargo|Shell Smash|p2a: Magcargo\n|-unboost|p2a: Magcargo|def|1\n|-unboost|p2a: Magcargo|spd|1\n|-boost|p2a: Magcargo|atk|2\n|-boost|p2a: Magcargo|spa|2\n|-boost|p2a: Magcargo|spe|2\n|move|p2b: Torkoal|Toxic|p1b: Salamence\n|-status|p1b: Salamence|tox\n|move|p1a: Diancie|Trick Room|p1a: Diancie\n|-fieldstart|move: Trick Room|[of] p1a: Diancie\n|\n|-weather|none\n|-damage|p1b: Salamence|0 fnt|[from] psn\n|faint|p1b: Salamence\n|-damage|p1a: Diancie|33\/100 brn|[from] brn\n|upkeep\n|\n|t:|1697585968\n|switch|p1b: Amoonguss|Amoonguss, F|100\/100\n|-damage|p1b: Amoonguss|88\/100|[from] Stealth Rock\n|turn|9\n|inactive|Ricola7 YT has 120 seconds left.\n|\n|t:|1697586025\n|move|p1b: Amoonguss|Spore|p2a: Magcargo\n|-status|p2a: Magcargo|slp|[from] move: Spore\n|move|p2b: Torkoal|Lava Plume|p1a: Diancie|[spread] p2a,p1a,p1b\n|-resisted|p2a: Magcargo\n|-resisted|p1a: Diancie\n|-supereffective|p1b: Amoonguss\n|-damage|p2a: Magcargo|93\/100 slp\n|-damage|p1a: Diancie|28\/100 brn\n|-damage|p1b: Amoonguss|67\/100\n|move|p1a: Diancie|Diamond Storm|p2b: Torkoal|[spread] p2a,p2b\n|-supereffective|p2a: Magcargo\n|-supereffective|p2b: Torkoal\n|-damage|p2a: Magcargo|48\/100 slp\n|-damage|p2b: Torkoal|0 fnt\n|-enditem|p2a: Magcargo|Weakness Policy\n|-boost|p2a: Magcargo|atk|2|[from] item: Weakness Policy\n|-boost|p2a: Magcargo|spa|2|[from] item: Weakness Policy\n|faint|p2b: Torkoal\n|cant|p2a: Magcargo|slp\n|\n|-damage|p1a: Diancie|22\/100 brn|[from] brn\n|upkeep\n|inactive|Ricola7 YT has 90 seconds left.\n|\n|t:|1697586055\n|switch|p2b: Jigglypuff|Jigglypuff, F|100\/100\n|turn|10\n|inactive|Ricola7 YT has 90 seconds left.\n|\n|t:|1697586089\n|move|p1b: Amoonguss|Spore|p2b: Jigglypuff\n|-status|p2b: Jigglypuff|slp|[from] move: Spore\n|cant|p2b: Jigglypuff|slp\n|move|p1a: Diancie|Diamond Storm|p2b: Jigglypuff|[spread] p2a,p2b\n|-supereffective|p2a: Magcargo\n|-damage|p2a: Magcargo|10\/100 slp\n|-damage|p2b: Jigglypuff|71\/100 slp\n|cant|p2a: Magcargo|slp\n|\n|-damage|p1a: Diancie|16\/100 brn|[from] brn\n|upkeep\n|turn|11\n|inactive|Junky Dummy has 120 seconds left.\n|inactive|Ricola7 YT has 60 seconds left.\n|\n|t:|1697586123\n|-terastallize|p2b: Jigglypuff|Fighting\n|-curestatus|p2a: Magcargo|slp|[msg]\n|move|p2a: Magcargo|Protect|p2a: Magcargo\n|-singleturn|p2a: Magcargo|Protect\n|move|p1b: Amoonguss|Pollen Puff|p1a: Diancie\n|-heal|p1a: Diancie|66\/100 brn\n|-curestatus|p2b: Jigglypuff|slp|[msg]\n|move|p2b: Jigglypuff|Drain Punch|p1a: Diancie\n|-damage|p1a: Diancie|54\/100 brn\n|-heal|p2b: Jigglypuff|75\/100|[from] drain|[of] p1a: Diancie\n|move|p1a: Diancie|Diamond Storm|p2b: Jigglypuff|[spread] p2b\n|-activate|p2a: Magcargo|move: Protect\n|-resisted|p2b: Jigglypuff\n|-damage|p2b: Jigglypuff|62\/100\n|-boost|p1a: Diancie|def|2\n|\n|-damage|p1a: Diancie|48\/100 brn|[from] brn\n|upkeep\n|turn|12\n|inactive|Junky Dummy has 120 seconds left.\n|inactive|Ricola7 YT has 60 seconds left.\n|\n|t:|1697586149\n|move|p1b: Amoonguss|Pollen Puff|p1a: Diancie\n|-heal|p1a: Diancie|98\/100 brn\n|move|p2b: Jigglypuff|Copycat|p2b: Jigglypuff\n|move|p2b: Jigglypuff|Pollen Puff|p1b: Amoonguss|[from]move: Copycat\n|-damage|p1b: Amoonguss|57\/100\n|move|p1a: Diancie|Diamond Storm|p2b: Jigglypuff|[spread] p2a,p2b\n|-supereffective|p2a: Magcargo\n|-resisted|p2b: Jigglypuff\n|-damage|p2a: Magcargo|0 fnt\n|-damage|p2b: Jigglypuff|48\/100\n|-boost|p1a: Diancie|def|2\n|faint|p2a: Magcargo\n|\n|-damage|p1a: Diancie|92\/100 brn|[from] brn\n|-fieldend|move: Trick Room\n|upkeep\n|inactive|Ricola7 YT has 60 seconds left.\n|j| Jia7\n|l| Jia7\n|\n|t:|1697586168\n|switch|p2a: Iron Hands|Iron Hands|100\/100\n|turn|13\n|\n|t:|1697586186\n|switch|p1b: Incineroar|Incineroar, F|39\/100 tox\n|-ability|p1b: Incineroar|Intimidate|boost\n|-unboost|p2a: Iron Hands|atk|1\n|-unboost|p2b: Jigglypuff|atk|1\n|move|p1a: Diancie|Protect|p1a: Diancie\n|-singleturn|p1a: Diancie|Protect\n|move|p2a: Iron Hands|Fake Out|p1b: Incineroar\n|-damage|p1b: Incineroar|30\/100 tox\n|move|p2b: Jigglypuff|Stockpile|p2b: Jigglypuff\n|-start|p2b: Jigglypuff|stockpile1\n|-boost|p2b: Jigglypuff|def|1\n|-boost|p2b: Jigglypuff|spd|1\n|\n|-damage|p1b: Incineroar|24\/100 tox|[from] psn\n|-damage|p1a: Diancie|86\/100 brn|[from] brn\n|upkeep\n|turn|14\n|inactive|Ricola7 YT has 90 seconds left.\n|\n|t:|1697586215\n|move|p1b: Incineroar|Fake Out|p2a: Iron Hands\n|-crit|p2a: Iron Hands\n|-damage|p2a: Iron Hands|92\/100\n|cant|p2a: Iron Hands|flinch\n|move|p2b: Jigglypuff|Copycat|p2b: Jigglypuff\n|move|p2b: Jigglypuff|Fake Out||[from]move: Copycat|[still]\n|-hint|Fake Out only works on your first turn out.\n|-fail|p2b: Jigglypuff\n|move|p1a: Diancie|Trick Room|p1a: Diancie\n|-fieldstart|move: Trick Room|[of] p1a: Diancie\n|\n|-damage|p1b: Incineroar|12\/100 tox|[from] psn\n|-damage|p1a: Diancie|79\/100 brn|[from] brn\n|upkeep\n|turn|15\n|inactive|Ricola7 YT has 90 seconds left.\n|\n|t:|1697586239\n|move|p2b: Jigglypuff|Drain Punch|p1b: Incineroar\n|-supereffective|p1b: Incineroar\n|-damage|p1b: Incineroar|0 fnt\n|-heal|p2b: Jigglypuff|53\/100|[from] drain|[of] p1b: Incineroar\n|faint|p1b: Incineroar\n|move|p1a: Diancie|Diamond Storm|p2a: Iron Hands|[spread] p2a,p2b\n|-resisted|p2a: Iron Hands\n|-resisted|p2b: Jigglypuff\n|-damage|p2a: Iron Hands|88\/100\n|-damage|p2b: Jigglypuff|44\/100\n|move|p2a: Iron Hands|Heavy Slam|p1a: Diancie\n|-supereffective|p1a: Diancie\n|-damage|p1a: Diancie|47\/100 brn\n|\n|-damage|p1a: Diancie|40\/100 brn|[from] brn\n|upkeep\n|\n|t:|1697586249\n|switch|p1b: Gothitelle|Gothitelle, F|100\/100\n|-damage|p1b: Gothitelle|88\/100|[from] Stealth Rock\n|turn|16\n|\n|t:|1697586264\n|move|p1b: Gothitelle|Fake Out|p2a: Iron Hands\n|-damage|p2a: Iron Hands|85\/100\n|move|p2b: Jigglypuff|Copycat|p2b: Jigglypuff\n|move|p2b: Jigglypuff|Fake Out||[from]move: Copycat|[still]\n|-hint|Fake Out only works on your first turn out.\n|-fail|p2b: Jigglypuff\n|move|p1a: Diancie|Diamond Storm|p2a: Iron Hands|[spread] p2a,p2b\n|-resisted|p2a: Iron Hands\n|-resisted|p2b: Jigglypuff\n|-damage|p2a: Iron Hands|81\/100\n|-damage|p2b: Jigglypuff|34\/100\n|-boost|p1a: Diancie|def|2\n|cant|p2a: Iron Hands|flinch\n|\n|-damage|p1a: Diancie|34\/100 brn|[from] brn\n|upkeep\n|turn|17\n|inactive|Ricola7 YT has 120 seconds left.\n|\n|t:|1697586283\n|move|p1a: Diancie|Protect|p1a: Diancie\n|-singleturn|p1a: Diancie|Protect\n|move|p2b: Jigglypuff|Copycat||[still]\n|-fail|p2b: Jigglypuff\n|move|p1b: Gothitelle|Psychic|p2b: Jigglypuff\n|-supereffective|p2b: Jigglypuff\n|-damage|p2b: Jigglypuff|0 fnt\n|faint|p2b: Jigglypuff\n|move|p2a: Iron Hands|Heavy Slam|p1a: Diancie\n|-activate|p1a: Diancie|move: Protect\n|\n|-damage|p1a: Diancie|28\/100 brn|[from] brn\n|upkeep\n|\n|t:|1697586295\n|switch|p2b: Magnezone|Magnezone|100\/100\n|turn|18\n|inactive|Ricola7 YT has 120 seconds left.\n|\n|t:|1697586312\n|move|p1a: Diancie|Body Press|p2b: Magnezone\n|-supereffective|p2b: Magnezone\n|-damage|p2b: Magnezone|5\/100\n|move|p1b: Gothitelle|Psychic|p2a: Iron Hands\n|-supereffective|p2a: Iron Hands\n|-damage|p2a: Iron Hands|52\/100\n|move|p2a: Iron Hands|Heavy Slam|p1a: Diancie\n|-supereffective|p1a: Diancie\n|-damage|p1a: Diancie|3\/100 brn\n|move|p2b: Magnezone|Thunderbolt|p1b: Gothitelle\n|-damage|p1b: Gothitelle|42\/100\n|-enditem|p1b: Gothitelle|Sitrus Berry|[eat]\n|-heal|p1b: Gothitelle|67\/100|[from] item: Sitrus Berry\n|\n|-damage|p1a: Diancie|0 fnt|[from] brn\n|faint|p1a: Diancie\n|-fieldend|move: Trick Room\n|upkeep\n|\n|t:|1697586322\n|switch|p1a: Amoonguss|Amoonguss, F|90\/100\n|-damage|p1a: Amoonguss|78\/100|[from] Stealth Rock\n|turn|19\n|\n|t:|1697586344\n|move|p2b: Magnezone|Thunderbolt|p1b: Gothitelle\n|-damage|p1b: Gothitelle|27\/100\n|move|p2a: Iron Hands|Wild Charge|p1b: Gothitelle\n|-damage|p1b: Gothitelle|3\/100\n|-damage|p2a: Iron Hands|47\/100|[from] Recoil\n|move|p1a: Amoonguss|Spore|p2a: Iron Hands\n|-status|p2a: Iron Hands|slp|[from] move: Spore\n|move|p1b: Gothitelle|Trick Room|p1b: Gothitelle\n|-fieldstart|move: Trick Room|[of] p1b: Gothitelle\n|\n|upkeep\n|turn|20\n|\n|t:|1697586367\n|move|p1a: Amoonguss|Pollen Puff|p1b: Gothitelle\n|-heal|p1b: Gothitelle|53\/100\n|move|p1b: Gothitelle|Psychic|p2a: Iron Hands\n|-supereffective|p2a: Iron Hands\n|-damage|p2a: Iron Hands|16\/100 slp\n|cant|p2a: Iron Hands|slp\n|move|p2b: Magnezone|Volt Switch|p1b: Gothitelle\n|-damage|p1b: Gothitelle|20\/100\n|\n|upkeep\n|turn|21\n|\n|t:|1697586386\n|move|p1a: Amoonguss|Pollen Puff|p1b: Gothitelle\n|-heal|p1b: Gothitelle|70\/100\n|move|p1b: Gothitelle|Psychic|p2a: Iron Hands\n|-supereffective|p2a: Iron Hands\n|-damage|p2a: Iron Hands|0 fnt\n|faint|p2a: Iron Hands\n|-end|p2a: Iron Hands|Quark Drive|[silent]\n|move|p2b: Magnezone|Thunderbolt|p1b: Gothitelle\n|-crit|p1b: Gothitelle\n|-damage|p1b: Gothitelle|10\/100\n|-status|p1b: Gothitelle|par\n|\n|upkeep\n|turn|22\n|\n|t:|1697586404\n|move|p1a: Amoonguss|Pollen Puff|p2b: Magnezone\n|-resisted|p2b: Magnezone\n|-damage|p2b: Magnezone|0 fnt\n|faint|p2b: Magnezone\n|\n|win|Junky Dummy\n|raw|Junky Dummy's rating: 1308 &rarr; <strong>1316<\/strong><br \/>(+8 for winning)\n|raw|Ricola7 YT's rating: 1061 &rarr; <strong>1054<\/strong><br \/>(-7 for losing)\n|l|\u2606Ricola7 YT\n","uploadtime":1697586413,"views":12,"p1id":"junkydummy","p2id":"ricola7yt","formatid":"gen9nationaldexdoubles","rating":1054,"private":0,"password":""}