{"id":"gen9nationaldexdoubles-1966032239","p1":"Silent Cosmos","p2":"breadban","format":"[Gen 9] National Dex Doubles","log":"|j|\u2606Silent Cosmos\n|j|\u2606breadban\n|t:|1697139014\n|gametype|doubles\n|player|p1|Silent Cosmos|ghetsis-gen5bw|1437\n|player|p2|breadban|102|1451\n|teamsize|p1|6\n|teamsize|p2|6\n|gen|9\n|tier|[Gen 9] National Dex Doubles\n|rated|\n|rule|HP Percentage Mod: HP is shown in percentages\n|rule|Endless Battle Clause: Forcing endless battles is banned\n|rule|OHKO Clause: OHKO moves are banned\n|rule|Evasion Moves Clause: Evasion moves are banned\n|rule|Evasion Abilities Clause: Evasion abilities are banned\n|rule|Species Clause: Limit one of each Pok\u00e9mon\n|rule|Gravity Sleep Clause: The combination of sleep-inducing moves with imperfect accuracy and Gravity or Gigantamax Orbeetle are banned\n|clearpoke\n|poke|p1|Latias, F|\n|poke|p1|Tapu Fini|\n|poke|p1|Whimsicott, M|\n|poke|p1|Zygarde|\n|poke|p1|Rillaboom, F|\n|poke|p1|Zamazenta-*|\n|poke|p2|Gardevoir, F|\n|poke|p2|Pelipper, M|\n|poke|p2|Indeedee-F, F|\n|poke|p2|Basculegion-F, F|\n|poke|p2|Incineroar, F|\n|poke|p2|Clodsire, F|\n|teampreview\n|inactive|Battle timer is ON: inactive players will automatically lose when time's up. (requested by Silent Cosmos)\n|\n|t:|1697139031\n|start\n|switch|p1a: Whimsicott|Whimsicott, M|100\/100\n|switch|p1b: Latias|Latias, F|100\/100\n|switch|p2a: Zucaritas|Incineroar, F|100\/100\n|switch|p2b: Miss. Gardi|Gardevoir, F, shiny|100\/100\n|-ability|p2a: Zucaritas|Intimidate|boost\n|-unboost|p1a: Whimsicott|atk|1\n|-unboost|p1b: Latias|atk|1\n|turn|1\n|\n|t:|1697139053\n|switch|p1b: Tapu Fini|Tapu Fini|100\/100\n|-fieldstart|move: Misty Terrain|[from] ability: Misty Surge|[of] p1b: Tapu Fini\n|move|p2a: Zucaritas|Fake Out|p1b: Tapu Fini\n|-damage|p1b: Tapu Fini|89\/100\n|move|p1a: Whimsicott|Tailwind|p1a: Whimsicott\n|-sidestart|p1: Silent Cosmos|move: Tailwind\n|move|p2b: Miss. Gardi|Trick Room|p2b: Miss. Gardi\n|-fieldstart|move: Trick Room|[of] p2b: Miss. Gardi\n|\n|-heal|p1b: Tapu Fini|95\/100|[from] item: Leftovers\n|upkeep\n|turn|2\n|\n|t:|1697139075\n|detailschange|p2b: Miss. Gardi|Gardevoir-Mega, F, shiny\n|-mega|p2b: Miss. Gardi|Gardevoir|Gardevoirite\n|move|p1a: Whimsicott|Protect|p1a: Whimsicott\n|-singleturn|p1a: Whimsicott|Protect\n|move|p2a: Zucaritas|Parting Shot|p1b: Tapu Fini\n|-unboost|p1b: Tapu Fini|atk|1\n|-unboost|p1b: Tapu Fini|spa|1\n|\n|t:|1697139082\n|switch|p2a: Miss. Indede|Indeedee-F, F|100\/100|[from] Parting Shot\n|-fieldstart|move: Psychic Terrain|[from] ability: Psychic Surge|[of] p2a: Miss. Indede\n|-enditem|p2a: Miss. Indede|Psychic Seed\n|-boost|p2a: Miss. Indede|spd|1|[from] item: Psychic Seed\n|move|p2b: Miss. Gardi|Expanding Force|p1a: Whimsicott|[spread] p1b\n|-activate|p1a: Whimsicott|move: Protect\n|-damage|p1b: Tapu Fini|43\/100\n|move|p1b: Tapu Fini|Calm Mind|p1b: Tapu Fini\n|-boost|p1b: Tapu Fini|spa|1\n|-boost|p1b: Tapu Fini|spd|1\n|\n|-heal|p1b: Tapu Fini|49\/100|[from] item: Leftovers\n|upkeep\n|turn|3\n|inactive|Silent Cosmos has 120 seconds left.\n|\n|t:|1697139114\n|move|p2b: Miss. Gardi|Expanding Force|p1a: Whimsicott|[spread] p1a,p1b\n|-enditem|p1a: Whimsicott|Focus Sash\n|-damage|p1a: Whimsicott|1\/100\n|-damage|p1b: Tapu Fini|12\/100\n|move|p2a: Miss. Indede|Expanding Force|p1a: Whimsicott|[spread] p1a,p1b\n|-damage|p1a: Whimsicott|0 fnt\n|-damage|p1b: Tapu Fini|0 fnt\n|faint|p1a: Whimsicott\n|faint|p1b: Tapu Fini\n|\n|upkeep\n|inactive|Silent Cosmos has 120 seconds left.\n|\n|t:|1697139130\n|switch|p1b: Latias|Latias, F|100\/100\n|switch|p1a: Zamazenta|Zamazenta|100\/100\n|-ability|p1a: Zamazenta|Dauntless Shield|boost\n|-boost|p1a: Zamazenta|def|1\n|turn|4\n|\n|t:|1697139147\n|detailschange|p1b: Latias|Latias-Mega, F\n|-mega|p1b: Latias|Latias|Latiasite\n|move|p1a: Zamazenta|Wide Guard|p1a: Zamazenta\n|-singleturn|p1a: Zamazenta|Wide Guard\n|move|p2a: Miss. Indede|Follow Me|p2a: Miss. Indede\n|-singleturn|p2a: Miss. Indede|move: Follow Me\n|move|p2b: Miss. Gardi|Hyper Voice|p1b: Latias|[spread] \n|-activate|p1a: Zamazenta|move: Wide Guard\n|-activate|p1b: Latias|move: Wide Guard\n|move|p1b: Latias|Calm Mind|p1b: Latias\n|-boost|p1b: Latias|spa|1\n|-boost|p1b: Latias|spd|1\n|\n|-sideend|p1: Silent Cosmos|move: Tailwind\n|upkeep\n|turn|5\n|\n|t:|1697139171\n|switch|p2a: Zucaritas|Incineroar, F|100\/100\n|-ability|p2a: Zucaritas|Intimidate|boost\n|-unboost|p1a: Zamazenta|atk|1\n|-unboost|p1b: Latias|atk|1\n|move|p2b: Miss. Gardi|Protect|p2b: Miss. Gardi\n|-singleturn|p2b: Miss. Gardi|Protect\n|move|p1a: Zamazenta|Wide Guard|p1a: Zamazenta\n|-singleturn|p1a: Zamazenta|Wide Guard\n|move|p1b: Latias|Calm Mind|p1b: Latias\n|-boost|p1b: Latias|spa|1\n|-boost|p1b: Latias|spd|1\n|\n|-fieldend|move: Trick Room\n|upkeep\n|turn|6\n|\n|t:|1697139193\n|move|p1a: Zamazenta|Coaching|p1b: Latias\n|-boost|p1b: Latias|atk|1\n|-boost|p1b: Latias|def|1\n|move|p1b: Latias|Calm Mind|p1b: Latias\n|-boost|p1b: Latias|spa|1\n|-boost|p1b: Latias|spd|1\n|-zpower|p2a: Zucaritas\n|move|p2a: Zucaritas|Malicious Moonsault|p1b: Latias|[zeffect]\n|-supereffective|p1b: Latias\n|-damage|p1b: Latias|10\/100\n|move|p2b: Miss. Gardi|Trick Room|p2b: Miss. Gardi\n|-fieldstart|move: Trick Room|[of] p2b: Miss. Gardi\n|\n|-fieldend|move: Psychic Terrain\n|upkeep\n|turn|7\n|\n|t:|1697139216\n|move|p1a: Zamazenta|Wide Guard|p1a: Zamazenta\n|-singleturn|p1a: Zamazenta|Wide Guard\n|move|p2a: Zucaritas|Parting Shot|p1a: Zamazenta\n|-unboost|p1a: Zamazenta|atk|1\n|-unboost|p1a: Zamazenta|spa|1\n|\n|t:|1697139228\n|switch|p2a: Amazon|Pelipper, M|100\/100|[from] Parting Shot\n|-weather|RainDance|[from] ability: Drizzle|[of] p2a: Amazon\n|move|p2b: Miss. Gardi|Expanding Force|p1b: Latias\n|-resisted|p1b: Latias\n|-damage|p1b: Latias|4\/100\n|move|p1b: Latias|Roost|p1b: Latias\n|-heal|p1b: Latias|54\/100\n|-singleturn|p1b: Latias|move: Roost\n|\n|-weather|RainDance|[upkeep]\n|upkeep\n|turn|8\n|inactive|breadban has 120 seconds left.\n|\n|t:|1697139260\n|switch|p2b: Clodsire|Clodsire, F|100\/100\n|move|p2a: Amazon|Hurricane|p1b: Latias\n|-damage|p1b: Latias|40\/100\n|move|p1b: Latias|Roost|p1b: Latias\n|-heal|p1b: Latias|90\/100\n|-singleturn|p1b: Latias|move: Roost\n|move|p1a: Zamazenta|Coaching|p1b: Latias\n|-boost|p1b: Latias|atk|1\n|-boost|p1b: Latias|def|1\n|\n|-weather|RainDance|[upkeep]\n|upkeep\n|turn|9\n|\n|t:|1697139278\n|move|p2b: Clodsire|Gunk Shot|p1b: Latias|[miss]\n|-miss|p2b: Clodsire|p1b: Latias\n|move|p2a: Amazon|Hurricane|p1b: Latias\n|-damage|p1b: Latias|77\/100\n|move|p1b: Latias|Stored Power|p2b: Clodsire\n|-supereffective|p2b: Clodsire\n|-damage|p2b: Clodsire|0 fnt\n|faint|p2b: Clodsire\n|move|p1a: Zamazenta|Body Press|p2a: Amazon\n|-resisted|p2a: Amazon\n|-damage|p2a: Amazon|73\/100\n|\n|-weather|RainDance|[upkeep]\n|upkeep\n|\n|t:|1697139293\n|switch|p2b: Zucaritas|Incineroar, F|100\/100\n|-ability|p2b: Zucaritas|Intimidate|boost\n|-unboost|p1a: Zamazenta|atk|1\n|-unboost|p1b: Latias|atk|1\n|turn|10\n|\n|t:|1697139305\n|move|p2b: Zucaritas|Fake Out|p1b: Latias\n|-damage|p1b: Latias|71\/100\n|move|p2a: Amazon|Hurricane|p1b: Latias\n|-damage|p1b: Latias|59\/100\n|cant|p1b: Latias|flinch\n|move|p1a: Zamazenta|Body Press|p2b: Zucaritas\n|-supereffective|p2b: Zucaritas\n|-damage|p2b: Zucaritas|3\/100\n|\n|-weather|RainDance|[upkeep]\n|-fieldend|move: Trick Room\n|upkeep\n|turn|11\n|\n|t:|1697139329\n|switch|p2b: Basculegion|Basculegion-F, F|100\/100\n|move|p1a: Zamazenta|Play Rough|p2b: Basculegion\n|-damage|p2b: Basculegion|89\/100\n|move|p1b: Latias|Roost|p1b: Latias\n|-heal|p1b: Latias|100\/100\n|-singleturn|p1b: Latias|move: Roost\n|move|p2a: Amazon|Hurricane|p1b: Latias\n|-damage|p1b: Latias|86\/100\n|\n|-weather|none\n|upkeep\n|turn|12\n|inactive|Silent Cosmos has 120 seconds left.\n|inactive|breadban has 120 seconds left.\n|inactive|Silent Cosmos has 90 seconds left.\n|\n|t:|1697139393\n|switch|p2a: Miss. Indede|Indeedee-F, F|100\/100\n|-fieldstart|move: Psychic Terrain|[from] ability: Psychic Surge|[of] p2a: Miss. Indede\n|move|p1a: Zamazenta|Play Rough|p2b: Basculegion\n|-damage|p2b: Basculegion|78\/100\n|move|p1b: Latias|Stored Power|p2b: Basculegion\n|-damage|p2b: Basculegion|0 fnt\n|faint|p2b: Basculegion\n|\n|upkeep\n|inactive|breadban has 120 seconds left.\n|\n|t:|1697139406\n|switch|p2b: Zucaritas|Incineroar, F|3\/100\n|-ability|p2b: Zucaritas|Intimidate|boost\n|-unboost|p1a: Zamazenta|atk|1\n|-unboost|p1b: Latias|atk|1\n|turn|13\n|inactive|breadban has 120 seconds left.\n|inactive|Silent Cosmos has 90 seconds left.\n|\n|t:|1697139442\n|switch|p2b: Miss. Gardi|Gardevoir-Mega, F, shiny|100\/100\n|move|p1a: Zamazenta|Wide Guard|p1a: Zamazenta\n|-singleturn|p1a: Zamazenta|Wide Guard\n|move|p1b: Latias|Roost|p1b: Latias\n|-heal|p1b: Latias|100\/100\n|-singleturn|p1b: Latias|move: Roost\n|move|p2a: Miss. Indede|Trick Room|p2a: Miss. Indede\n|-fieldstart|move: Trick Room|[of] p2a: Miss. Indede\n|\n|upkeep\n|turn|14\n|\n|t:|1697139459\n|switch|p2b: Zucaritas|Incineroar, F|3\/100\n|-ability|p2b: Zucaritas|Intimidate|boost\n|-unboost|p1a: Zamazenta|atk|1\n|-unboost|p1b: Latias|atk|1\n|move|p1a: Zamazenta|Wide Guard|p1a: Zamazenta\n|-singleturn|p1a: Zamazenta|Wide Guard\n|move|p2a: Miss. Indede|Follow Me|p2a: Miss. Indede\n|-singleturn|p2a: Miss. Indede|move: Follow Me\n|move|p1b: Latias|Stored Power|p2a: Miss. Indede\n|-resisted|p2a: Miss. Indede\n|-damage|p2a: Miss. Indede|0 fnt\n|faint|p2a: Miss. Indede\n|\n|upkeep\n|inactive|breadban has 120 seconds left.\n|\n|t:|1697139480\n|switch|p2a: Amazon|Pelipper, M|73\/100\n|-weather|RainDance|[from] ability: Drizzle|[of] p2a: Amazon\n|turn|15\n|inactive|Silent Cosmos has 120 seconds left.\n|\n|t:|1697139496\n|move|p2b: Zucaritas|Darkest Lariat|p1b: Latias\n|-supereffective|p1b: Latias\n|-damage|p1b: Latias|32\/100\n|move|p2a: Amazon|Hurricane|p1a: Zamazenta\n|-supereffective|p1a: Zamazenta\n|-damage|p1a: Zamazenta|26\/100\n|-start|p1a: Zamazenta|confusion\n|-enditem|p1a: Zamazenta|Sitrus Berry|[eat]\n|-heal|p1a: Zamazenta|51\/100|[from] item: Sitrus Berry\n|move|p1b: Latias|Stored Power|p2a: Amazon\n|-damage|p2a: Amazon|0 fnt\n|faint|p2a: Amazon\n|-activate|p1a: Zamazenta|confusion\n|-damage|p1a: Zamazenta|49\/100|[from] confusion\n|\n|-weather|RainDance|[upkeep]\n|upkeep\n|\n|t:|1697139510\n|switch|p2a: Miss. Gardi|Gardevoir-Mega, F, shiny|100\/100\n|turn|16\n|\n|t:|1697139526\n|-activate|p1a: Zamazenta|confusion\n|move|p1a: Zamazenta|Wide Guard|p1a: Zamazenta\n|-singleturn|p1a: Zamazenta|Wide Guard\n|move|p2b: Zucaritas|Darkest Lariat|p1b: Latias\n|-supereffective|p1b: Latias\n|-damage|p1b: Latias|0 fnt\n|faint|p1b: Latias\n|move|p2a: Miss. Gardi|Hyper Voice|p1a: Zamazenta\n|-activate|p1a: Zamazenta|move: Wide Guard\n|\n|-weather|RainDance|[upkeep]\n|-fieldend|move: Psychic Terrain\n|upkeep\n|\n|t:|1697139537\n|switch|p1b: Rillaboom|Rillaboom, F|100\/100\n|-fieldstart|move: Grassy Terrain|[from] ability: Grassy Surge|[of] p1b: Rillaboom\n|turn|17\n|\n|t:|1697139564\n|move|p2a: Miss. Gardi|Protect|p2a: Miss. Gardi\n|-singleturn|p2a: Miss. Gardi|Protect\n|move|p1b: Rillaboom|Fake Out|p2a: Miss. Gardi\n|-activate|p2a: Miss. Gardi|move: Protect\n|move|p2b: Zucaritas|Flare Blitz|p1a: Zamazenta\n|-damage|p1a: Zamazenta|33\/100\n|-damage|p2b: Zucaritas|0 fnt|[from] Recoil\n|faint|p2b: Zucaritas\n|-activate|p1a: Zamazenta|confusion\n|move|p1a: Zamazenta|Body Press|p2a: Miss. Gardi\n|-activate|p2a: Miss. Gardi|move: Protect\n|\n|-weather|RainDance|[upkeep]\n|-heal|p1a: Zamazenta|39\/100|[from] Grassy Terrain\n|-fieldend|move: Trick Room\n|upkeep\n|turn|18\n|j| Where's your Fang\n|\n|t:|1697139583\n|-terastallize|p1a: Zamazenta|Fairy\n|-end|p1a: Zamazenta|confusion\n|move|p1a: Zamazenta|Play Rough|p2a: Miss. Gardi\n|-damage|p2a: Miss. Gardi|89\/100\n|move|p1b: Rillaboom|Wood Hammer|p2a: Miss. Gardi\n|-damage|p2a: Miss. Gardi|0 fnt\n|faint|p2a: Miss. Gardi\n|-damage|p1b: Rillaboom|76\/100|[from] Recoil\n|\n|win|Silent Cosmos\n|raw|Silent Cosmos's rating: 1437 &rarr; <strong>1458<\/strong><br \/>(+21 for winning)\n|raw|breadban's rating: 1451 &rarr; <strong>1430<\/strong><br \/>(-21 for losing)\n|c|\u2606Silent Cosmos|Ggs\n|l| Where's your Fang\n|c|\u2606breadban|GG\n|j| Where's your Fang\n","uploadtime":1697139668,"views":4,"p1id":"silentcosmos","p2id":"breadban","formatid":"gen9nationaldexdoubles","rating":1430,"private":0,"password":""}