{"id":"gen9nationaldexdoubles-1963873683","p1":"YoBuddyTheBaker","p2":"GuitarheroVGC","format":"[Gen 9] National Dex Doubles","log":"|j|\u2606YoBuddyTheBaker\n|j|\u2606GuitarheroVGC\n|t:|1696909358\n|gametype|doubles\n|player|p1|YoBuddyTheBaker|baker|\n|player|p2|GuitarheroVGC|kimonogirl|\n|teamsize|p1|6\n|teamsize|p2|6\n|gen|9\n|tier|[Gen 9] National Dex Doubles\n|rated|Tournament battle\n|rule|HP Percentage Mod: HP is shown in percentages\n|rule|Endless Battle Clause: Forcing endless battles is banned\n|rule|OHKO Clause: OHKO moves are banned\n|rule|Evasion Moves Clause: Evasion moves are banned\n|rule|Evasion Abilities Clause: Evasion abilities are banned\n|rule|Species Clause: Limit one of each Pok\u00e9mon\n|rule|Gravity Sleep Clause: The combination of sleep-inducing moves with imperfect accuracy and Gravity or Gigantamax Orbeetle are banned\n|clearpoke\n|poke|p1|Smeargle, M|\n|poke|p1|Flutter Mane|\n|poke|p1|Zygarde|\n|poke|p1|Salamence, M|\n|poke|p1|Volcanion|\n|poke|p1|Rillaboom, M|\n|poke|p2|Marshadow|\n|poke|p2|Diancie|\n|poke|p2|Tapu Fini|\n|poke|p2|Rillaboom, F|\n|poke|p2|Scizor, M|\n|poke|p2|Chi-Yu|\n|teampreview\n|inactive|Battle timer is ON: inactive players will automatically lose when time's up. (requested by GuitarheroVGC)\n|j|+HiZo\n|j| cornpopbad\n|j|+Slash Death\n|j| Concept Everything\n|j| Jello1231\n|j| fetal11\n|inactive|YoBuddyTheBaker has 120 seconds left.\n|j| nacknom\n|l| Concept Everything\n|c| nacknom|gl all\n|j| Concept Everything\n|c|\u2606YoBuddyTheBaker|gl\n|inactive|YoBuddyTheBaker has 90 seconds left.\n|inactive|YoBuddyTheBaker has 60 seconds left.\n|\n|t:|1696909457\n|start\n|switch|p1a: Salamence|Salamence, M|100\/100\n|switch|p1b: Volcanion|Volcanion|100\/100\n|switch|p2a: Diancie|Diancie|100\/100\n|switch|p2b: Marshadow|Marshadow|100\/100\n|-ability|p1a: Salamence|Intimidate|boost\n|-fail|p2a: Diancie|unboost|[from] ability: Clear Body|[of] p2a: Diancie\n|-unboost|p2b: Marshadow|atk|1\n|turn|1\n|l| Concept Everything\n|c|+Slash Death|classic\n|j| Concept Everything\n|inactive|YoBuddyTheBaker has 120 seconds left.\n|l| cornpopbad\n|inactive|GuitarheroVGC has 120 seconds left.\n|c| nacknom|what\n|inactive|YoBuddyTheBaker has 90 seconds left.\n|\n|t:|1696909521\n|detailschange|p1a: Salamence|Salamence-Mega, M\n|-mega|p1a: Salamence|Salamence|Salamencite\n|-terastallize|p2a: Diancie|Grass\n|-zpower|p2b: Marshadow\n|move|p2b: Marshadow|Soul-Stealing 7-Star Strike|p1a: Salamence|[zeffect]\n|-damage|p1a: Salamence|41\/100\n|move|p1a: Salamence|Return|p2b: Marshadow\n|-supereffective|p2b: Marshadow\n|-damage|p2b: Marshadow|0 fnt\n|faint|p2b: Marshadow\n|move|p1b: Volcanion|Steam Eruption|p2a: Diancie\n|-resisted|p2a: Diancie\n|-damage|p2a: Diancie|76\/100\n|move|p2a: Diancie|Trick Room|p2a: Diancie\n|-fieldstart|move: Trick Room|[of] p2a: Diancie\n|\n|upkeep\n|l| Concept Everything\n|\n|t:|1696909541\n|switch|p2b: Scizor|Scizor, M|100\/100\n|turn|2\n|j| Concept Everything\n|inactive|GuitarheroVGC has 120 seconds left.\n|inactive|YoBuddyTheBaker has 90 seconds left.\n|\n|t:|1696909569\n|switch|p1a: Zygarde|Zygarde|100\/100\n|-ability|p1a: Zygarde|Aura Break\n|detailschange|p2b: Scizor|Scizor-Mega, M\n|-mega|p2b: Scizor|Scizor|Scizorite\n|-terastallize|p1b: Volcanion|Ground\n|move|p2a: Diancie|Diamond Storm|p1b: Volcanion|[spread] p1a,p1b\n|-resisted|p1a: Zygarde\n|-resisted|p1b: Volcanion\n|-damage|p1a: Zygarde|88\/100\n|-damage|p1b: Volcanion|87\/100\n|move|p1b: Volcanion|Heat Wave|p2a: Diancie|[spread] p2a\n|-miss|p1b: Volcanion|p2b: Scizor\n|-supereffective|p2a: Diancie\n|-damage|p2a: Diancie|22\/100\n|-enditem|p2a: Diancie|Weakness Policy\n|-boost|p2a: Diancie|atk|2|[from] item: Weakness Policy\n|-boost|p2a: Diancie|spa|2|[from] item: Weakness Policy\n|move|p2b: Scizor|Close Combat|p1b: Volcanion\n|-damage|p1b: Volcanion|52\/100\n|-unboost|p2b: Scizor|def|1\n|-unboost|p2b: Scizor|spd|1\n|\n|upkeep\n|turn|3\n|inactive|YoBuddyTheBaker has 90 seconds left.\n|c| fetal11|clutch miss\n|c| nacknom|classic heat wave\n|inactive|YoBuddyTheBaker has 60 seconds left.\n|\n|t:|1696909630\n|switch|p1b: Smeargle|Smeargle, M|100\/100\n|switch|p2b: Rillaboom|Rillaboom, F|100\/100\n|-fieldstart|move: Grassy Terrain|[from] ability: Grassy Surge|[of] p2b: Rillaboom\n|move|p2a: Diancie|Body Press|p1b: Smeargle\n|-supereffective|p1b: Smeargle\n|-damage|p1b: Smeargle|0 fnt\n|faint|p1b: Smeargle\n|move|p1a: Zygarde|Thousand Arrows|p2b: Rillaboom|[spread] p2a,p2b\n|-resisted|p2a: Diancie\n|-resisted|p2b: Rillaboom\n|-crit|p2b: Rillaboom\n|-damage|p2a: Diancie|11\/100\n|-damage|p2b: Rillaboom|79\/100\n|\n|-heal|p2a: Diancie|17\/100|[from] Grassy Terrain\n|-heal|p2b: Rillaboom|85\/100|[from] Grassy Terrain\n|-heal|p1a: Zygarde|95\/100|[from] Grassy Terrain\n|upkeep\n|c| fetal11|rip bob ross\n|inactive|YoBuddyTheBaker has 30 seconds left.\n|\n|t:|1696909660\n|switch|p1b: Rillaboom|Rillaboom, M|100\/100\n|turn|4\n|\n|t:|1696909672\n|move|p2a: Diancie|Protect|p2a: Diancie\n|-singleturn|p2a: Diancie|Protect\n|move|p1b: Rillaboom|Fake Out|p2a: Diancie\n|-activate|p2a: Diancie|move: Protect\n|move|p2b: Rillaboom|Wood Hammer|p1a: Zygarde\n|-damage|p1a: Zygarde|42\/100\n|-damage|p2b: Rillaboom|67\/100|[from] Recoil\n|move|p1a: Zygarde|Dragon Dance|p1a: Zygarde\n|-boost|p1a: Zygarde|atk|1\n|-boost|p1a: Zygarde|spe|1\n|\n|-heal|p2a: Diancie|24\/100|[from] Grassy Terrain\n|-heal|p2b: Rillaboom|74\/100|[from] Grassy Terrain\n|-heal|p1a: Zygarde|48\/100|[from] Grassy Terrain\n|upkeep\n|turn|5\n|inactive|YoBuddyTheBaker has 60 seconds left.\n|\n|t:|1696909689\n|move|p1a: Zygarde|Extreme Speed|p2a: Diancie\n|-damage|p2a: Diancie|0 fnt\n|faint|p2a: Diancie\n|move|p2b: Rillaboom|Wood Hammer|p1a: Zygarde\n|-damage|p1a: Zygarde|0 fnt\n|faint|p1a: Zygarde\n|-damage|p2b: Rillaboom|57\/100|[from] Recoil\n|move|p1b: Rillaboom|U-turn|p2b: Rillaboom\n|-supereffective|p2b: Rillaboom\n|-damage|p2b: Rillaboom|15\/100\n|inactive|YoBuddyTheBaker has 30 seconds left.\n|inactive|YoBuddyTheBaker has 20 seconds left.\n|\n|t:|1696909730\n|switch|p1b: Salamence|Salamence-Mega, M|41\/100|[from] U-turn\n|\n|-heal|p2b: Rillaboom|21\/100|[from] Grassy Terrain\n|-fieldend|move: Trick Room\n|upkeep\n|\n|t:|1696909751\n|switch|p1a: Rillaboom|Rillaboom, M|100\/100\n|switch|p2a: Tapu Fini|Tapu Fini|100\/100\n|-fieldstart|move: Misty Terrain|[from] ability: Misty Surge|[of] p2a: Tapu Fini\n|-fieldstart|move: Grassy Terrain|[from] ability: Grassy Surge|[of] p1a: Rillaboom\n|turn|6\n|\n|t:|1696909772\n|switch|p2a: Scizor|Scizor-Mega, M|100\/100\n|move|p1b: Salamence|Tailwind|p1b: Salamence\n|-sidestart|p1: YoBuddyTheBaker|move: Tailwind\n|move|p1a: Rillaboom|U-turn|p2b: Rillaboom\n|-supereffective|p2b: Rillaboom\n|-damage|p2b: Rillaboom|0 fnt\n|faint|p2b: Rillaboom\n|\n|t:|1696909781\n|switch|p1a: Volcanion|Volcanion, tera:Ground|52\/100|[from] U-turn\n|\n|-heal|p1a: Volcanion|58\/100|[from] Grassy Terrain\n|upkeep\n|\n|t:|1696909786\n|switch|p2b: Tapu Fini|Tapu Fini|100\/100\n|-fieldstart|move: Misty Terrain|[from] ability: Misty Surge|[of] p2b: Tapu Fini\n|turn|7\n|l| nacknom\n|j| nacknom\n|inactive|YoBuddyTheBaker has 60 seconds left.\n|\n|t:|1696909802\n|move|p2a: Scizor|Protect|p2a: Scizor\n|-singleturn|p2a: Scizor|Protect\n|move|p1b: Salamence|Return|p2b: Tapu Fini\n|-damage|p2b: Tapu Fini|32\/100\n|move|p2b: Tapu Fini|Icy Wind|p1a: Volcanion|[spread] p1a,p1b\n|-supereffective|p1a: Volcanion\n|-supereffective|p1b: Salamence\n|-damage|p1a: Volcanion|43\/100\n|-damage|p1b: Salamence|0 fnt\n|-unboost|p1a: Volcanion|spe|1\n|faint|p1b: Salamence\n|move|p1a: Volcanion|Heat Wave|p2a: Scizor|[spread] \n|-activate|p2a: Scizor|move: Protect\n|-miss|p1a: Volcanion|p2b: Tapu Fini\n|\n|upkeep\n|c| Concept Everything|Classic\n|\n|t:|1696909816\n|switch|p1b: Rillaboom|Rillaboom, M|100\/100\n|-fieldstart|move: Grassy Terrain|[from] ability: Grassy Surge|[of] p1b: Rillaboom\n|turn|8\n|c|+Slash Death|Fantastic!\n|\n|t:|1696909829\n|move|p1b: Rillaboom|Fake Out|p2a: Scizor\n|-resisted|p2a: Scizor\n|-damage|p2a: Scizor|95\/100\n|cant|p2a: Scizor|flinch\n|move|p2b: Tapu Fini|Icy Wind|p1b: Rillaboom|[spread] p1a,p1b\n|-supereffective|p1a: Volcanion\n|-supereffective|p1b: Rillaboom\n|-damage|p1a: Volcanion|28\/100\n|-damage|p1b: Rillaboom|86\/100\n|-unboost|p1a: Volcanion|spe|1\n|-unboost|p1b: Rillaboom|spe|1\n|move|p1a: Volcanion|Heat Wave|p2a: Scizor|[spread] p2a,p2b\n|-supereffective|p2a: Scizor\n|-resisted|p2b: Tapu Fini\n|-damage|p2a: Scizor|0 fnt\n|-damage|p2b: Tapu Fini|14\/100\n|faint|p2a: Scizor\n|\n|-heal|p2b: Tapu Fini|20\/100|[from] Grassy Terrain\n|-heal|p1b: Rillaboom|92\/100|[from] Grassy Terrain\n|-heal|p1a: Volcanion|34\/100|[from] Grassy Terrain\n|upkeep\n|\n|t:|1696909840\n|switch|p2a: Chi-Yu|Chi-Yu|100\/100\n|-ability|p2a: Chi-Yu|Beads of Ruin\n|turn|9\n|inactive|YoBuddyTheBaker has 90 seconds left.\n|\n|t:|1696909867\n|move|p1b: Rillaboom|Grassy Glide|p2b: Tapu Fini\n|-supereffective|p2b: Tapu Fini\n|-damage|p2b: Tapu Fini|0 fnt\n|faint|p2b: Tapu Fini\n|move|p2a: Chi-Yu|Heat Wave|p1a: Volcanion|[spread] p1a,p1b\n|-supereffective|p1b: Rillaboom\n|-damage|p1a: Volcanion|0 fnt\n|-damage|p1b: Rillaboom|18\/100\n|faint|p1a: Volcanion\n|\n|-heal|p1b: Rillaboom|24\/100|[from] Grassy Terrain\n|-sideend|p1: YoBuddyTheBaker|move: Tailwind\n|upkeep\n|\n|t:|1696909870\n|switch|p1a: Flutter Mane|Flutter Mane|100\/100\n|turn|10\n|l| nacknom\n|\n|t:|1696909888\n|move|p1b: Rillaboom|Grassy Glide|p2a: Chi-Yu\n|-resisted|p2a: Chi-Yu\n|-crit|p2a: Chi-Yu\n|-damage|p2a: Chi-Yu|70\/100\n|move|p1a: Flutter Mane|Moonblast|p2a: Chi-Yu\n|-damage|p2a: Chi-Yu|39\/100\n|move|p2a: Chi-Yu|Snarl|p1a: Flutter Mane|[spread] p1a,p1b\n|-damage|p1a: Flutter Mane|75\/100\n|-damage|p1b: Rillaboom|4\/100\n|-unboost|p1a: Flutter Mane|spa|1\n|-unboost|p1b: Rillaboom|spa|1\n|\n|-heal|p1a: Flutter Mane|81\/100|[from] Grassy Terrain\n|-heal|p2a: Chi-Yu|45\/100|[from] Grassy Terrain\n|-heal|p1b: Rillaboom|11\/100|[from] Grassy Terrain\n|upkeep\n|turn|11\n|\n|t:|1696909902\n|move|p1b: Rillaboom|Grassy Glide|p2a: Chi-Yu\n|-resisted|p2a: Chi-Yu\n|-damage|p2a: Chi-Yu|24\/100\n|move|p1a: Flutter Mane|Moonblast|p2a: Chi-Yu\n|-damage|p2a: Chi-Yu|1\/100\n|move|p2a: Chi-Yu|Heat Wave|p1b: Rillaboom|[spread] p1a,p1b\n|-supereffective|p1b: Rillaboom\n|-damage|p1a: Flutter Mane|39\/100\n|-damage|p1b: Rillaboom|0 fnt\n|faint|p1b: Rillaboom\n|\n|-heal|p1a: Flutter Mane|45\/100|[from] Grassy Terrain\n|-heal|p2a: Chi-Yu|7\/100|[from] Grassy Terrain\n|upkeep\n|turn|12\n|\n|t:|1696909915\n|move|p1a: Flutter Mane|Moonblast|p2a: Chi-Yu\n|-damage|p2a: Chi-Yu|0 fnt\n|faint|p2a: Chi-Yu\n|\n|win|YoBuddyTheBaker\n|n|\u2606YoBuddyTheBaker|yobuddythebaker\n|n|\u2606GuitarheroVGC|guitarherovgc\n|n|+HiZo|hizo\n|n| Slash Death|slashdeath\n|n| Jello1231|jello1231\n|n| fetal11|fetal11\n|n| Concept Everything|concepteverything\n","uploadtime":1696909915,"views":11,"p1id":"yobuddythebaker","p2id":"guitarherovgc","formatid":"gen9nationaldexdoubles","rating":0,"private":0,"password":""}