{"id":"gen9nationaldexdoubles-1950033535","p1":"nisse1ey","p2":"R3d_VGC","format":"[Gen 9] National Dex Doubles","log":"|j|\u2606nisse1ey\n|j|\u2606R3d_VGC\n|t:|1695419247\n|gametype|doubles\n|player|p1|nisse1ey|lance|1175\n|player|p2|R3d_VGC|lance|1446\n|teamsize|p1|6\n|teamsize|p2|6\n|gen|9\n|tier|[Gen 9] National Dex Doubles\n|rated|\n|rule|HP Percentage Mod: HP is shown in percentages\n|rule|Endless Battle Clause: Forcing endless battles is banned\n|rule|OHKO Clause: OHKO moves are banned\n|rule|Evasion Moves Clause: Evasion moves are banned\n|rule|Evasion Abilities Clause: Evasion abilities are banned\n|rule|Species Clause: Limit one of each Pok\u00e9mon\n|rule|Gravity Sleep Clause: The combination of sleep-inducing moves with imperfect accuracy and Gravity or Gigantamax Orbeetle are banned\n|clearpoke\n|poke|p1|Torkoal, F|\n|poke|p1|Roaring Moon|\n|poke|p1|Arcanine, M|\n|poke|p1|Gholdengo|\n|poke|p1|Iron Hands|\n|poke|p1|Appletun, M|\n|poke|p2|Salamence, M|\n|poke|p2|Grimmsnarl, M|\n|poke|p2|Incineroar, M|\n|poke|p2|Skeledirge, M|\n|poke|p2|Rillaboom, M|\n|poke|p2|Samurott-Hisui, F|\n|teampreview\n|\n|t:|1695419276\n|start\n|switch|p1a: Torkoal|Torkoal, F|100\/100\n|switch|p1b: Roaring Moon|Roaring Moon|100\/100\n|switch|p2a: Skeledirge|Skeledirge, M|100\/100\n|switch|p2b: Grimmsnarl|Grimmsnarl, M|100\/100\n|-weather|SunnyDay|[from] ability: Drought|[of] p1a: Torkoal\n|-activate|p1b: Roaring Moon|ability: Protosynthesis\n|-start|p1b: Roaring Moon|protosynthesisspe\n|turn|1\n|\n|t:|1695419293\n|switch|p2a: Incineroar|Incineroar, M|100\/100\n|-ability|p2a: Incineroar|Intimidate|boost\n|-unboost|p1a: Torkoal|atk|1\n|-unboost|p1b: Roaring Moon|atk|1\n|move|p2b: Grimmsnarl|Light Screen|p2b: Grimmsnarl\n|-sidestart|p2: R3d_VGC|move: Light Screen\n|move|p1b: Roaring Moon|Throat Chop|p2a: Incineroar\n|-resisted|p2a: Incineroar\n|-damage|p2a: Incineroar|84\/100\n|-start|p2a: Incineroar|Throat Chop|[silent]\n|-damage|p1b: Roaring Moon|90\/100|[from] item: Life Orb\n|move|p1a: Torkoal|Stealth Rock|p2b: Grimmsnarl\n|-sidestart|p2: R3d_VGC|move: Stealth Rock\n|\n|-weather|SunnyDay|[upkeep]\n|upkeep\n|turn|2\n|\n|t:|1695419318\n|-end|p1b: Roaring Moon|Protosynthesis|[silent]\n|switch|p1b: Arcanine|Arcanine, M|100\/100\n|-ability|p1b: Arcanine|Intimidate|boost\n|-unboost|p2a: Incineroar|atk|1\n|-unboost|p2b: Grimmsnarl|atk|1\n|move|p2a: Incineroar|Fake Out|p1a: Torkoal\n|-damage|p1a: Torkoal|96\/100\n|move|p2b: Grimmsnarl|Spirit Break|p1b: Arcanine\n|-resisted|p1b: Arcanine\n|-damage|p1b: Arcanine|86\/100\n|-unboost|p1b: Arcanine|spa|1\n|cant|p1a: Torkoal|flinch\n|\n|-weather|SunnyDay|[upkeep]\n|-heal|p1a: Torkoal|100\/100|[from] item: Leftovers\n|-end|p2a: Incineroar|Throat Chop|[silent]\n|upkeep\n|turn|3\n|\n|t:|1695419337\n|move|p2b: Grimmsnarl|Reflect|p2b: Grimmsnarl\n|-sidestart|p2: R3d_VGC|Reflect\n|move|p1b: Arcanine|Flare Blitz|p2b: Grimmsnarl\n|-damage|p2b: Grimmsnarl|42\/100\n|-damage|p1b: Arcanine|62\/100|[from] Recoil\n|move|p2a: Incineroar|Parting Shot|p1a: Torkoal\n|-unboost|p1a: Torkoal|atk|1\n|-unboost|p1a: Torkoal|spa|1\n|\n|t:|1695419349\n|switch|p2a: Skeledirge|Skeledirge, M|100\/100|[from] Parting Shot\n|-damage|p2a: Skeledirge|75\/100|[from] Stealth Rock\n|move|p1a: Torkoal|Eruption|p2a: Skeledirge|[spread] p2a,p2b\n|-resisted|p2a: Skeledirge\n|-crit|p2a: Skeledirge\n|-damage|p2a: Skeledirge|46\/100\n|-damage|p2b: Grimmsnarl|18\/100\n|\n|-weather|SunnyDay|[upkeep]\n|-heal|p2a: Skeledirge|52\/100|[from] item: Leftovers\n|upkeep\n|turn|4\n|\n|t:|1695419366\n|switch|p1a: Roaring Moon|Roaring Moon|90\/100\n|-activate|p1a: Roaring Moon|ability: Protosynthesis\n|-start|p1a: Roaring Moon|protosynthesisspe\n|move|p1b: Arcanine|Extreme Speed|p2b: Grimmsnarl\n|-damage|p2b: Grimmsnarl|1\/100\n|move|p2b: Grimmsnarl|Thunder Wave|p1b: Arcanine\n|-status|p1b: Arcanine|par\n|move|p2a: Skeledirge|Torch Song|p1a: Roaring Moon\n|-resisted|p1a: Roaring Moon\n|-damage|p1a: Roaring Moon|67\/100\n|-boost|p2a: Skeledirge|spa|1\n|\n|-weather|SunnyDay|[upkeep]\n|-heal|p2a: Skeledirge|58\/100|[from] item: Leftovers\n|upkeep\n|turn|5\n|\n|t:|1695419385\n|-terastallize|p2a: Skeledirge|Fairy\n|move|p1b: Arcanine|Extreme Speed|p2b: Grimmsnarl\n|-damage|p2b: Grimmsnarl|0 fnt\n|faint|p2b: Grimmsnarl\n|move|p1a: Roaring Moon|Throat Chop|p2a: Skeledirge\n|-resisted|p2a: Skeledirge\n|-damage|p2a: Skeledirge|44\/100\n|-start|p2a: Skeledirge|Throat Chop|[silent]\n|-damage|p1a: Roaring Moon|57\/100|[from] item: Life Orb\n|move|p2a: Skeledirge|Slack Off|p2a: Skeledirge\n|-heal|p2a: Skeledirge|94\/100\n|\n|-weather|none\n|-end|p1a: Roaring Moon|Protosynthesis\n|-heal|p2a: Skeledirge|99\/100|[from] item: Leftovers\n|upkeep\n|\n|t:|1695419395\n|switch|p2b: Incineroar|Incineroar, M|84\/100\n|-damage|p2b: Incineroar|59\/100|[from] Stealth Rock\n|-ability|p2b: Incineroar|Intimidate|boost\n|-unboost|p1a: Roaring Moon|atk|1\n|-unboost|p1b: Arcanine|atk|1\n|turn|6\n|\n|t:|1695419418\n|move|p2b: Incineroar|Fake Out|p1a: Roaring Moon\n|-damage|p1a: Roaring Moon|42\/100\n|cant|p1b: Arcanine|par\n|cant|p1a: Roaring Moon|flinch\n|move|p2a: Skeledirge|Shadow Ball|p1b: Arcanine\n|-damage|p1b: Arcanine|0 fnt\n|faint|p1b: Arcanine\n|\n|-heal|p2a: Skeledirge|100\/100|[from] item: Leftovers\n|-end|p2a: Skeledirge|Throat Chop|[silent]\n|upkeep\n|\n|t:|1695419429\n|switch|p1b: Iron Hands|Iron Hands|100\/100\n|-enditem|p1b: Iron Hands|Booster Energy\n|-activate|p1b: Iron Hands|ability: Quark Drive|[fromitem]\n|-start|p1b: Iron Hands|quarkdriveatk\n|turn|7\n|\n|t:|1695419437\n|move|p1b: Iron Hands|Fake Out|p2a: Skeledirge\n|-damage|p2a: Skeledirge|89\/100\n|move|p1a: Roaring Moon|Rock Slide|p2b: Incineroar|[spread] p2a\n|-miss|p1a: Roaring Moon|p2b: Incineroar\n|-damage|p2a: Skeledirge|76\/100\n|-damage|p1a: Roaring Moon|32\/100|[from] item: Life Orb\n|cant|p2a: Skeledirge|flinch\n|move|p2b: Incineroar|Flare Blitz|p1a: Roaring Moon\n|-resisted|p1a: Roaring Moon\n|-damage|p1a: Roaring Moon|0 fnt\n|faint|p1a: Roaring Moon\n|-end|p1a: Roaring Moon|Protosynthesis|[silent]\n|-damage|p2b: Incineroar|49\/100|[from] Recoil\n|-enditem|p2b: Incineroar|Sitrus Berry|[eat]\n|-heal|p2b: Incineroar|74\/100|[from] item: Sitrus Berry\n|\n|-heal|p2a: Skeledirge|82\/100|[from] item: Leftovers\n|upkeep\n|\n|t:|1695419455\n|switch|p1a: Gholdengo|Gholdengo|100\/100\n|turn|8\n|\n|t:|1695419465\n|switch|p2a: Samurott|Samurott-Hisui, F|100\/100\n|-damage|p2a: Samurott|88\/100|[from] Stealth Rock\n|-terastallize|p1a: Gholdengo|Dark\n|move|p1a: Gholdengo|Make It Rain|p2b: Incineroar|[spread] p2a,p2b\n|-resisted|p2a: Samurott\n|-resisted|p2b: Incineroar\n|-damage|p2a: Samurott|61\/100\n|-damage|p2b: Incineroar|61\/100\n|-unboost|p1a: Gholdengo|spa|1\n|move|p2b: Incineroar|Flare Blitz|p1a: Gholdengo\n|-damage|p1a: Gholdengo|51\/100\n|-damage|p2b: Incineroar|46\/100|[from] Recoil\n|move|p1b: Iron Hands|Close Combat|p2b: Incineroar\n|-supereffective|p2b: Incineroar\n|-damage|p2b: Incineroar|0 fnt\n|-unboost|p1b: Iron Hands|def|1\n|-unboost|p1b: Iron Hands|spd|1\n|faint|p2b: Incineroar\n|\n|-sideend|p2: R3d_VGC|move: Light Screen\n|upkeep\n|\n|t:|1695419475\n|switch|p2b: Rillaboom|Rillaboom, M|100\/100\n|-damage|p2b: Rillaboom|88\/100|[from] Stealth Rock\n|-fieldstart|move: Grassy Terrain|[from] ability: Grassy Surge|[of] p2b: Rillaboom\n|turn|9\n|\n|t:|1695419496\n|switch|p1a: Torkoal|Torkoal, F|100\/100\n|-weather|SunnyDay|[from] ability: Drought|[of] p1a: Torkoal\n|move|p2b: Rillaboom|Fake Out|p1b: Iron Hands\n|-damage|p1b: Iron Hands|87\/100\n|move|p2a: Samurott|Sacred Sword|p1a: Torkoal\n|-damage|p1a: Torkoal|78\/100\n|cant|p1b: Iron Hands|flinch\n|\n|-weather|SunnyDay|[upkeep]\n|-heal|p2a: Samurott|68\/100|[from] Grassy Terrain\n|-heal|p2b: Rillaboom|94\/100|[from] Grassy Terrain\n|-heal|p1b: Iron Hands|93\/100|[from] Grassy Terrain\n|-heal|p1a: Torkoal|85\/100|[from] Grassy Terrain\n|-heal|p1a: Torkoal|91\/100|[from] item: Leftovers\n|upkeep\n|turn|10\n|\n|t:|1695419518\n|move|p2a: Samurott|Sacred Sword|p1b: Iron Hands\n|-damage|p1b: Iron Hands|68\/100\n|move|p2b: Rillaboom|Wood Hammer|p1b: Iron Hands\n|-damage|p1b: Iron Hands|0 fnt\n|faint|p1b: Iron Hands\n|-end|p1b: Iron Hands|Quark Drive|[silent]\n|-damage|p2b: Rillaboom|65\/100|[from] Recoil\n|move|p1a: Torkoal|Eruption|p2b: Rillaboom|[spread] p2a,p2b\n|-resisted|p2a: Samurott\n|-supereffective|p2b: Rillaboom\n|-damage|p2a: Samurott|33\/100\n|-damage|p2b: Rillaboom|0 fnt\n|faint|p2b: Rillaboom\n|\n|-weather|SunnyDay|[upkeep]\n|-heal|p2a: Samurott|39\/100|[from] Grassy Terrain\n|-heal|p1a: Torkoal|97\/100|[from] Grassy Terrain\n|-heal|p1a: Torkoal|100\/100|[from] item: Leftovers\n|-sideend|p2: R3d_VGC|Reflect\n|upkeep\n|\n|t:|1695419537\n|switch|p2b: Salamence|Salamence, M|100\/100\n|switch|p1b: Appletun|Appletun, M|100\/100\n|-damage|p2b: Salamence|76\/100|[from] Stealth Rock\n|-ability|p2b: Salamence|Intimidate|boost\n|-unboost|p1a: Torkoal|atk|1\n|-unboost|p1b: Appletun|atk|1\n|turn|11\n|\n|t:|1695419562\n|detailschange|p2b: Salamence|Salamence-Mega, M\n|-mega|p2b: Salamence|Salamence|Salamencite\n|move|p1a: Torkoal|Protect|p1a: Torkoal\n|-singleturn|p1a: Torkoal|Protect\n|move|p2b: Salamence|Double-Edge|p1b: Appletun\n|-supereffective|p1b: Appletun\n|-damage|p1b: Appletun|0 fnt\n|faint|p1b: Appletun\n|-damage|p2b: Salamence|38\/100|[from] Recoil\n|move|p2a: Samurott|Aqua Cutter|p1a: Torkoal\n|-activate|p1a: Torkoal|move: Protect\n|\n|-weather|SunnyDay|[upkeep]\n|-heal|p2a: Samurott|45\/100|[from] Grassy Terrain\n|upkeep\n|\n|t:|1695419575\n|switch|p1b: Gholdengo|Gholdengo, tera:Dark|51\/100\n|turn|12\n|\n|t:|1695419580\n|move|p2b: Salamence|Protect|p2b: Salamence\n|-singleturn|p2b: Salamence|Protect\n|move|p2a: Samurott|Protect|p2a: Samurott\n|-singleturn|p2a: Samurott|Protect\n|move|p1b: Gholdengo|Make It Rain|p2b: Salamence|[spread] \n|-activate|p2a: Samurott|move: Protect\n|-activate|p2b: Salamence|move: Protect\n|move|p1a: Torkoal|Eruption|p2b: Salamence|[spread] \n|-activate|p2a: Samurott|move: Protect\n|-activate|p2b: Salamence|move: Protect\n|\n|-weather|SunnyDay|[upkeep]\n|-heal|p2a: Samurott|51\/100|[from] Grassy Terrain\n|-heal|p1b: Gholdengo|57\/100|[from] Grassy Terrain\n|upkeep\n|turn|13\n|\n|t:|1695419597\n|move|p2b: Salamence|Double-Edge|p1a: Torkoal\n|-crit|p1a: Torkoal\n|-damage|p1a: Torkoal|38\/100\n|-damage|p2b: Salamence|19\/100|[from] Recoil\n|move|p2a: Samurott|Sacred Sword|p1b: Gholdengo\n|-supereffective|p1b: Gholdengo\n|-damage|p1b: Gholdengo|0 fnt\n|faint|p1b: Gholdengo\n|move|p1a: Torkoal|Eruption|p2b: Salamence|[spread] p2a,p2b\n|-resisted|p2a: Samurott\n|-resisted|p2b: Salamence\n|-damage|p2a: Samurott|37\/100\n|-damage|p2b: Salamence|10\/100\n|\n|-weather|none\n|-heal|p2a: Samurott|43\/100|[from] Grassy Terrain\n|-heal|p1a: Torkoal|44\/100|[from] Grassy Terrain\n|-heal|p1a: Torkoal|50\/100|[from] item: Leftovers\n|-fieldend|move: Grassy Terrain\n|upkeep\n|turn|14\n|-message|nisse1ey forfeited.\n|\n|win|R3d_VGC\n|raw|nisse1ey's rating: 1175 &rarr; <strong>1166<\/strong><br \/>(-9 for losing)\n|raw|R3d_VGC's rating: 1446 &rarr; <strong>1453<\/strong><br \/>(+7 for winning)\n|l|\u2606nisse1ey\n|c|\u2606R3d_VGC|gg\n","uploadtime":1695419614,"views":10,"p1id":"nisse1ey","p2id":"r3dvgc","formatid":"gen9nationaldexdoubles","rating":1166,"private":0,"password":""}