{"id":"gen9nationaldexdoubles-1990109353","p1":"femspencer","p2":"lemonjohn","format":"[Gen 9] National Dex Doubles","log":"|j|\u2606femspencer\n|j|\u2606lemonjohn\n|t:|1699925521\n|gametype|doubles\n|player|p1|femspencer|nurse|1333\n|player|p2|lemonjohn|dawn|1323\n|teamsize|p1|6\n|teamsize|p2|6\n|gen|9\n|tier|[Gen 9] National Dex Doubles\n|rated|\n|rule|HP Percentage Mod: HP is shown in percentages\n|rule|Endless Battle Clause: Forcing endless battles is banned\n|rule|OHKO Clause: OHKO moves are banned\n|rule|Evasion Moves Clause: Evasion moves are banned\n|rule|Evasion Abilities Clause: Evasion abilities are banned\n|rule|Species Clause: Limit one of each Pok\u00e9mon\n|rule|Gravity Sleep Clause: The combination of sleep-inducing moves with imperfect accuracy and Gravity or Gigantamax Orbeetle are banned\n|clearpoke\n|poke|p1|Sinistcha-Masterpiece|\n|poke|p1|Chandelure, F|\n|poke|p1|Flutter Mane|\n|poke|p1|Cofagrigus, F|\n|poke|p1|Dragapult, F|\n|poke|p1|Palossand, F|\n|poke|p2|Whimsicott, M|\n|poke|p2|Venusaur, M|\n|poke|p2|Walking Wake|\n|poke|p2|Torkoal, M|\n|poke|p2|Farigiraf, F|\n|poke|p2|Excadrill, F|\n|teampreview\n|inactive|Battle timer is ON: inactive players will automatically lose when time's up. (requested by lemonjohn)\n|\n|t:|1699925537\n|start\n|switch|p1a: Flutter Mane|Flutter Mane|100\/100\n|switch|p1b: Chandelure|Chandelure, F|100\/100\n|switch|p2a: Whimsicott|Whimsicott, M|100\/100\n|switch|p2b: Excadrill|Excadrill, F, shiny|100\/100\n|-ability|p2b: Excadrill|Mold Breaker\n|turn|1\n|\n|t:|1699925549\n|-end|p1a: Flutter Mane|Protosynthesis|[silent]\n|switch|p1a: Cofagrigus|Cofagrigus, F|100\/100\n|move|p2a: Whimsicott|Tailwind|p2a: Whimsicott\n|-sidestart|p2: lemonjohn|move: Tailwind\n|move|p2b: Excadrill|High Horsepower|p1b: Chandelure|[miss]\n|-miss|p2b: Excadrill|p1b: Chandelure\n|move|p1b: Chandelure|Flamethrower|p2b: Excadrill\n|-supereffective|p2b: Excadrill\n|-damage|p2b: Excadrill|0 fnt\n|faint|p2b: Excadrill\n|\n|upkeep\n|\n|t:|1699925570\n|switch|p2b: Walking Wake|Walking Wake|100\/100\n|turn|2\n|\n|t:|1699925578\n|-terastallize|p1b: Chandelure|Ghost\n|move|p2a: Whimsicott|Sunny Day|p2a: Whimsicott\n|-weather|SunnyDay\n|-activate|p2b: Walking Wake|ability: Protosynthesis\n|-start|p2b: Walking Wake|protosynthesisspa\n|move|p2b: Walking Wake|Hydro Steam|p1b: Chandelure\n|-damage|p1b: Chandelure|0 fnt\n|faint|p1b: Chandelure\n|move|p1a: Cofagrigus|Toxic|p2b: Walking Wake\n|-status|p2b: Walking Wake|tox\n|\n|-weather|SunnyDay|[upkeep]\n|-damage|p2b: Walking Wake|94\/100 tox|[from] psn\n|upkeep\n|\n|t:|1699925589\n|switch|p1b: Flutter Mane|Flutter Mane|100\/100\n|-activate|p1b: Flutter Mane|ability: Protosynthesis\n|-start|p1b: Flutter Mane|protosynthesisspe\n|turn|3\n|\n|t:|1699925598\n|move|p2a: Whimsicott|Fake Tears|p1b: Flutter Mane\n|-unboost|p1b: Flutter Mane|spd|2\n|move|p1b: Flutter Mane|Dazzling Gleam|p2b: Walking Wake|[spread] p2a,p2b\n|-supereffective|p2b: Walking Wake\n|-damage|p2a: Whimsicott|57\/100\n|-damage|p2b: Walking Wake|19\/100 tox\n|move|p2b: Walking Wake|Hydro Steam|p1b: Flutter Mane\n|-damage|p1b: Flutter Mane|0 fnt\n|faint|p1b: Flutter Mane\n|-end|p1b: Flutter Mane|Protosynthesis|[silent]\n|move|p1a: Cofagrigus|Toxic|p2a: Whimsicott\n|-status|p2a: Whimsicott|tox\n|\n|-weather|SunnyDay|[upkeep]\n|-damage|p2b: Walking Wake|7\/100 tox|[from] psn\n|-damage|p2a: Whimsicott|50\/100 tox|[from] psn\n|upkeep\n|\n|t:|1699925614\n|switch|p1b: Dragapult|Dragapult, F, shiny|100\/100\n|turn|4\n|\n|t:|1699925623\n|move|p2a: Whimsicott|Encore|p1a: Cofagrigus\n|-start|p1a: Cofagrigus|Encore\n|move|p2b: Walking Wake|Draco Meteor|p1b: Dragapult\n|-supereffective|p1b: Dragapult\n|-damage|p1b: Dragapult|0 fnt\n|-unboost|p2b: Walking Wake|spa|2\n|-enditem|p2b: Walking Wake|White Herb\n|-clearnegativeboost|p2b: Walking Wake|[silent]\n|faint|p1b: Dragapult\n|move|p1a: Cofagrigus|Toxic|p2a: Whimsicott|[miss]\n|-miss|p1a: Cofagrigus|p2a: Whimsicott\n|\n|-weather|SunnyDay|[upkeep]\n|-damage|p2b: Walking Wake|0 fnt|[from] psn\n|faint|p2b: Walking Wake\n|-end|p2b: Walking Wake|Protosynthesis|[silent]\n|-damage|p2a: Whimsicott|38\/100 tox|[from] psn\n|-sideend|p2: lemonjohn|move: Tailwind\n|upkeep\n|\n|t:|1699925639\n|switch|p1b: Palossand|Palossand, F|100\/100\n|switch|p2b: Venusaur|Venusaur, M|100\/100\n|turn|5\n|\n|t:|1699925647\n|switch|p1a: Sinistcha|Sinistcha-Masterpiece|100\/100\n|move|p2a: Whimsicott|Tailwind|p2a: Whimsicott\n|-sidestart|p2: lemonjohn|move: Tailwind\n|move|p2b: Venusaur|Giga Drain|p1b: Palossand\n|-supereffective|p1b: Palossand\n|-damage|p1b: Palossand|0 fnt\n|faint|p1b: Palossand\n|-damage|p2b: Venusaur|91\/100|[from] item: Life Orb\n|\n|-weather|SunnyDay|[upkeep]\n|-damage|p2a: Whimsicott|20\/100 tox|[from] psn\n|upkeep\n|\n|t:|1699925657\n|switch|p1b: Cofagrigus|Cofagrigus, F|100\/100\n|turn|6\n|\n|t:|1699925664\n|switch|p2a: Farigiraf|Farigiraf, F|100\/100\n|move|p2b: Venusaur|Weather Ball|p1a: Sinistcha\n|-supereffective|p1a: Sinistcha\n|-damage|p1a: Sinistcha|0 fnt\n|faint|p1a: Sinistcha\n|-damage|p2b: Venusaur|81\/100|[from] item: Life Orb\n|move|p1b: Cofagrigus|Iron Defense|p1b: Cofagrigus\n|-boost|p1b: Cofagrigus|def|2\n|\n|-weather|none\n|upkeep\n|turn|7\n|\n|t:|1699925682\n|move|p2b: Venusaur|Giga Drain|p1b: Cofagrigus\n|-damage|p1b: Cofagrigus|65\/100\n|-heal|p2b: Venusaur|99\/100|[from] drain|[of] p1b: Cofagrigus\n|-damage|p2b: Venusaur|90\/100|[from] item: Life Orb\n|move|p1b: Cofagrigus|Body Press|p2a: Farigiraf\n|-damage|p2a: Farigiraf|64\/100\n|-damage|p1b: Cofagrigus|48\/100|[from] item: Rocky Helmet|[of] p2a: Farigiraf\n|move|p2a: Farigiraf|Trick Room|p2a: Farigiraf\n|-fieldstart|move: Trick Room|[of] p2a: Farigiraf\n|\n|upkeep\n|turn|8\n|\n|t:|1699925692\n|move|p1b: Cofagrigus|Rest|p1b: Cofagrigus\n|-status|p1b: Cofagrigus|slp|[from] move: Rest\n|-heal|p1b: Cofagrigus|100\/100 slp|[silent]\n|-enditem|p1b: Cofagrigus|Chesto Berry|[eat]\n|-curestatus|p1b: Cofagrigus|slp|[msg]\n|move|p2a: Farigiraf|Psychic|p1b: Cofagrigus\n|-damage|p1b: Cofagrigus|76\/100\n|move|p2b: Venusaur|Giga Drain|p1b: Cofagrigus\n|-damage|p1b: Cofagrigus|39\/100\n|-heal|p2b: Venusaur|100\/100|[from] drain|[of] p1b: Cofagrigus\n|-damage|p2b: Venusaur|91\/100|[from] item: Life Orb\n|\n|-sideend|p2: lemonjohn|move: Tailwind\n|upkeep\n|turn|9\n|\n|t:|1699925707\n|move|p1b: Cofagrigus|Toxic|p2a: Farigiraf\n|-status|p2a: Farigiraf|tox\n|move|p2a: Farigiraf|Psychic|p1b: Cofagrigus\n|-damage|p1b: Cofagrigus|15\/100\n|move|p2b: Venusaur|Giga Drain|p1b: Cofagrigus\n|-damage|p1b: Cofagrigus|0 fnt\n|-heal|p2b: Venusaur|99\/100|[from] drain|[of] p1b: Cofagrigus\n|faint|p1b: Cofagrigus\n|-damage|p2b: Venusaur|89\/100|[from] item: Life Orb\n|\n|win|lemonjohn\n|raw|femspencer's rating: 1333 &rarr; <strong>1312<\/strong><br \/>(-21 for losing)\n|raw|lemonjohn's rating: 1323 &rarr; <strong>1344<\/strong><br \/>(+21 for winning)\n|l|\u2606femspencer\n","uploadtime":1699925715,"views":11,"p1id":"femspencer","p2id":"lemonjohn","formatid":"gen9nationaldexdoubles","rating":1312,"private":0,"password":""}