{"id":"gen9nationaldexdoubles-1969214510","p1":"Elite Four Spiffy","p2":"PunkRockObstagoon","format":"[Gen 9] National Dex Doubles","log":"|j|\u2606Elite Four Spiffy\n|j|\u2606PunkRockObstagoon\n|t:|1697501171\n|gametype|doubles\n|player|p1|Elite Four Spiffy|lance|1172\n|player|p2|PunkRockObstagoon|hilbert|1295\n|teamsize|p1|6\n|teamsize|p2|6\n|gen|9\n|tier|[Gen 9] National Dex Doubles\n|rated|\n|rule|HP Percentage Mod: HP is shown in percentages\n|rule|Endless Battle Clause: Forcing endless battles is banned\n|rule|OHKO Clause: OHKO moves are banned\n|rule|Evasion Moves Clause: Evasion moves are banned\n|rule|Evasion Abilities Clause: Evasion abilities are banned\n|rule|Species Clause: Limit one of each Pok\u00e9mon\n|rule|Gravity Sleep Clause: The combination of sleep-inducing moves with imperfect accuracy and Gravity or Gigantamax Orbeetle are banned\n|clearpoke\n|poke|p1|Charizard, F|\n|poke|p1|Darmanitan, F|\n|poke|p1|Turtonator, F|\n|poke|p1|Ceruledge, F|\n|poke|p1|Armarouge, F|\n|poke|p1|Cinderace, F|\n|poke|p2|Charizard, M|\n|poke|p2|Metagross|\n|poke|p2|Grimmsnarl, M|\n|poke|p2|Tatsugiri-Droopy, M|\n|poke|p2|Serperior, F|\n|poke|p2|Obstagoon, M|\n|teampreview\n|inactive|Battle timer is ON: inactive players will automatically lose when time's up. (requested by PunkRockObstagoon)\n|inactive|Elite Four Spiffy also wants the timer to be on.\n|\n|t:|1697501186\n|start\n|switch|p1a: Sol|Charizard, F|100\/100\n|switch|p1b: Lola|Cinderace, F|100\/100\n|switch|p2a: Charizard|Charizard, M|100\/100\n|switch|p2b: Metagross|Metagross|100\/100\n|turn|1\n|\n|t:|1697501209\n|detailschange|p1a: Sol|Charizard-Mega-Y, F\n|-mega|p1a: Sol|Charizard|Charizardite Y\n|-weather|SunnyDay|[from] ability: Drought|[of] p1a: Sol\n|move|p2b: Metagross|Protect|p2b: Metagross\n|-singleturn|p2b: Metagross|Protect\n|move|p1b: Lola|Pyro Ball|p2b: Metagross\n|-activate|p2b: Metagross|move: Protect\n|move|p2a: Charizard|Tailwind|p2a: Charizard\n|-sidestart|p2: PunkRockObstagoon|move: Tailwind\n|move|p1a: Sol|Air Slash|p2a: Charizard\n|-damage|p2a: Charizard|42\/100\n|\n|-weather|SunnyDay|[upkeep]\n|upkeep\n|turn|2\n|\n|t:|1697501228\n|-terastallize|p2b: Metagross|Rock\n|move|p2a: Charizard|Bulldoze|p1b: Lola|[spread] p2b,p1b\n|-immune|p1a: Sol\n|-supereffective|p2b: Metagross\n|-supereffective|p1b: Lola\n|-damage|p2b: Metagross|83\/100\n|-damage|p1b: Lola|73\/100\n|-unboost|p1b: Lola|spe|1\n|-enditem|p2b: Metagross|Weakness Policy\n|-boost|p2b: Metagross|atk|2|[from] item: Weakness Policy\n|-boost|p2b: Metagross|spa|2|[from] item: Weakness Policy\n|move|p2b: Metagross|Rock Slide|p1a: Sol|[spread] \n|-miss|p2b: Metagross|p1a: Sol\n|-miss|p2b: Metagross|p1b: Lola\n|move|p1b: Lola|Pyro Ball|p2a: Charizard\n|-resisted|p2a: Charizard\n|-damage|p2a: Charizard|0 fnt\n|faint|p2a: Charizard\n|move|p1a: Sol|Weather Ball|p2b: Metagross\n|-resisted|p2b: Metagross\n|-damage|p2b: Metagross|23\/100\n|\n|-weather|SunnyDay|[upkeep]\n|upkeep\n|\n|t:|1697501238\n|switch|p2a: Tatsugiri|Tatsugiri-Droopy, M|100\/100\n|turn|3\n|\n|t:|1697501253\n|move|p2b: Metagross|Rock Slide|p1b: Lola|[spread] p1a,p1b\n|-supereffective|p1a: Sol\n|-supereffective|p1b: Lola\n|-damage|p1a: Sol|0 fnt\n|-damage|p1b: Lola|0 fnt\n|faint|p1a: Sol\n|faint|p1b: Lola\n|move|p2a: Tatsugiri|Muddy Water|p1: Sol|[notarget]\n|-fail|p2a: Tatsugiri\n|\n|-weather|SunnyDay|[upkeep]\n|upkeep\n|\n|t:|1697501268\n|switch|p1b: Shelly|Turtonator, F|100\/100\n|switch|p1a: Apollonia|Armarouge, F|100\/100\n|turn|4\n|\n|t:|1697501280\n|-terastallize|p1b: Shelly|Dragon\n|-singleturn|p1b: Shelly|move: Shell Trap\n|move|p2b: Metagross|Rock Slide|p1b: Shelly|[spread] p1a,p1b\n|-supereffective|p1a: Apollonia\n|-damage|p1a: Apollonia|0 fnt\n|-damage|p1b: Shelly|50\/100\n|faint|p1a: Apollonia\n|move|p1b: Shelly|Shell Trap|p2a: Tatsugiri|[spread] p2a,p2b\n|-resisted|p2a: Tatsugiri\n|-resisted|p2b: Metagross\n|-damage|p2a: Tatsugiri|80\/100\n|-damage|p2b: Metagross|0 fnt\n|faint|p2b: Metagross\n|move|p2a: Tatsugiri|Dragon Pulse|p1b: Shelly\n|-supereffective|p1b: Shelly\n|-damage|p1b: Shelly|0 fnt\n|faint|p1b: Shelly\n|\n|-weather|SunnyDay|[upkeep]\n|-heal|p2a: Tatsugiri|86\/100|[from] item: Leftovers\n|-sideend|p2: PunkRockObstagoon|move: Tailwind\n|upkeep\n|\n|t:|1697501296\n|switch|p2b: Obstagoon|Obstagoon, M|100\/100\n|switch|p1a: Janai|Ceruledge, F|100\/100\n|switch|p1b: Scarlett|Darmanitan, F|100\/100\n|turn|5\n|\n|t:|1697501309\n|move|p2b: Obstagoon|Knock Off|p1a: Janai\n|-supereffective|p1a: Janai\n|-damage|p1a: Janai|0 fnt\n|-enditem|p1a: Janai|Sitrus Berry|[from] move: Knock Off|[of] p2b: Obstagoon\n|faint|p1a: Janai\n|move|p1b: Scarlett|Flare Blitz|p2a: Tatsugiri\n|-resisted|p2a: Tatsugiri\n|-damage|p2a: Tatsugiri|28\/100\n|-damage|p1b: Scarlett|82\/100|[from] Recoil\n|move|p2a: Tatsugiri|Muddy Water|p1b: Scarlett\n|-supereffective|p1b: Scarlett\n|-crit|p1b: Scarlett\n|-damage|p1b: Scarlett|0 fnt\n|faint|p1b: Scarlett\n|\n|win|PunkRockObstagoon\n|raw|Elite Four Spiffy's rating: 1172 &rarr; <strong>1157<\/strong><br \/>(-15 for losing)\n|raw|PunkRockObstagoon's rating: 1321 &rarr; <strong>1333<\/strong><br \/>(+12 for winning)\n","uploadtime":1697501312,"views":20,"p1id":"elitefourspiffy","p2id":"punkrockobstagoon","formatid":"gen9nationaldexdoubles","rating":1157,"private":0,"password":""}