{"id":"gen9nationaldexdoubles-1993788072","p1":"0spr3y","p2":"Galaxia015","format":"[Gen 9] National Dex Doubles","log":"|j|\u26060spr3y\n|j|\u2606Galaxia015\n|t:|1700357308\n|gametype|doubles\n|player|p1|0spr3y|colress|\n|player|p2|Galaxia015|ghetsis|\n|teamsize|p1|6\n|teamsize|p2|6\n|gen|9\n|tier|[Gen 9] National Dex Doubles\n|rule|HP Percentage Mod: HP is shown in percentages\n|rule|Endless Battle Clause: Forcing endless battles is banned\n|rule|OHKO Clause: OHKO moves are banned\n|rule|Evasion Moves Clause: Evasion moves are banned\n|rule|Evasion Abilities Clause: Evasion abilities are banned\n|rule|Species Clause: Limit one of each Pok\u00e9mon\n|rule|Gravity Sleep Clause: The combination of sleep-inducing moves with imperfect accuracy and Gravity or Gigantamax Orbeetle are banned\n|clearpoke\n|poke|p1|Volcanion|\n|poke|p1|Urshifu-*, F|\n|poke|p1|Kommo-o, F|\n|poke|p1|Indeedee-F, F|\n|poke|p1|Alakazam, M|\n|poke|p1|Chien-Pao|\n|poke|p2|Dracovish|\n|poke|p2|Urshifu-*, F|\n|poke|p2|Tornadus, M|\n|poke|p2|Pelipper, M|\n|poke|p2|Gastrodon-East, F|\n|poke|p2|Heatran, M|\n|teampreview\n|c|\u26060spr3y|glhf\n|\n|t:|1700357335\n|start\n|switch|p1a: Indeedee|Indeedee-F, F|100\/100\n|switch|p1b: Kommo-o|Kommo-o, F|100\/100\n|switch|p2a: Pelipper|Pelipper, M|100\/100\n|switch|p2b: Dracovish|Dracovish|100\/100\n|-fieldstart|move: Psychic Terrain|[from] ability: Psychic Surge|[of] p1a: Indeedee\n|-weather|RainDance|[from] ability: Drizzle|[of] p2a: Pelipper\n|turn|1\n|\n|t:|1700357348\n|move|p1a: Indeedee|Follow Me|p1a: Indeedee\n|-singleturn|p1a: Indeedee|move: Follow Me\n|move|p2b: Dracovish|Psychic Fangs|p1a: Indeedee\n|-resisted|p1a: Indeedee\n|-damage|p1a: Indeedee|61\/100\n|-zpower|p1b: Kommo-o\n|move|p1b: Kommo-o|Clangorous Soulblaze|p2b: Dracovish|[zeffect]|[spread] p2a,p2b\n|-supereffective|p2b: Dracovish\n|-damage|p2a: Pelipper|13\/100\n|-damage|p2b: Dracovish|0 fnt\n|faint|p2b: Dracovish\n|-boost|p1b: Kommo-o|atk|1\n|-boost|p1b: Kommo-o|def|1\n|-boost|p1b: Kommo-o|spa|1\n|-boost|p1b: Kommo-o|spd|1\n|-boost|p1b: Kommo-o|spe|1\n|move|p2a: Pelipper|Tailwind|p2a: Pelipper\n|-sidestart|p2: Galaxia015|move: Tailwind\n|\n|-weather|RainDance|[upkeep]\n|upkeep\n|\n|t:|1700357355\n|switch|p2b: Urshifu|Urshifu-Rapid-Strike, F|100\/100\n|turn|2\n|inactive|Battle timer is ON: inactive players will automatically lose when time's up. (requested by Galaxia015)\n|\n|t:|1700357394\n|move|p1a: Indeedee|Follow Me|p1a: Indeedee\n|-singleturn|p1a: Indeedee|move: Follow Me\n|move|p2b: Urshifu|Surging Strikes|p1a: Indeedee\n|-crit|p1a: Indeedee\n|-damage|p1a: Indeedee|0 fnt\n|faint|p1a: Indeedee\n|-hitcount|p1: Indeedee|1\n|move|p1b: Kommo-o|Clanging Scales|p2b: Urshifu|[spread] p2a,p2b\n|-damage|p2a: Pelipper|0 fnt\n|-damage|p2b: Urshifu|15\/100\n|faint|p2a: Pelipper\n|-unboost|p1b: Kommo-o|def|1\n|\n|-weather|RainDance|[upkeep]\n|upkeep\n|\n|t:|1700357408\n|switch|p1a: Alakazam|Alakazam, M|100\/100\n|switch|p2a: Heatran|Heatran, M|100\/100\n|turn|3\n|\n|t:|1700357423\n|detailschange|p1a: Alakazam|Alakazam-Mega, M\n|-mega|p1a: Alakazam|Alakazam|Alakazite\n|-ability|p1a: Alakazam|Unseen Fist|[from] ability: Trace|[of] p2b: Urshifu\n|move|p2b: Urshifu|Surging Strikes|p1a: Alakazam\n|-crit|p1a: Alakazam\n|-damage|p1a: Alakazam|32\/100\n|-crit|p1a: Alakazam\n|-damage|p1a: Alakazam|0 fnt\n|faint|p1a: Alakazam\n|-hitcount|p1: Alakazam|2\n|move|p1b: Kommo-o|Aura Sphere|p2a: Heatran\n|-supereffective|p2a: Heatran\n|-damage|p2a: Heatran|33\/100\n|move|p2a: Heatran|Toxic|p1b: Kommo-o|[miss]\n|-miss|p2a: Heatran|p1b: Kommo-o\n|\n|-weather|RainDance|[upkeep]\n|-heal|p2a: Heatran|39\/100|[from] item: Leftovers\n|upkeep\n|inactive|0spr3y has 270 seconds left.\n|\n|t:|1700357453\n|switch|p1a: Urshifu|Urshifu-Rapid-Strike, F|100\/100\n|turn|4\n|\n|t:|1700357471\n|-terastallize|p2a: Heatran|Grass\n|move|p2b: Urshifu|Surging Strikes|p1a: Urshifu\n|-resisted|p1a: Urshifu\n|-crit|p1a: Urshifu\n|-damage|p1a: Urshifu|82\/100\n|-resisted|p1a: Urshifu\n|-crit|p1a: Urshifu\n|-damage|p1a: Urshifu|63\/100\n|-resisted|p1a: Urshifu\n|-crit|p1a: Urshifu\n|-damage|p1a: Urshifu|46\/100\n|-hitcount|p1a: Urshifu|3\n|move|p1a: Urshifu|Close Combat|p2a: Heatran\n|-damage|p2a: Heatran|0 fnt\n|-unboost|p1a: Urshifu|def|1\n|-unboost|p1a: Urshifu|spd|1\n|faint|p2a: Heatran\n|move|p1b: Kommo-o|Clanging Scales|p2b: Urshifu\n|-damage|p2b: Urshifu|0 fnt\n|faint|p2b: Urshifu\n|-unboost|p1b: Kommo-o|def|1\n|\n|-weather|RainDance|[upkeep]\n|-sideend|p2: Galaxia015|move: Tailwind\n|upkeep\n|\n|t:|1700357488\n|switch|p2b: Tornadus|Tornadus, M|100\/100\n|switch|p2a: Gastrodon|Gastrodon-East, F|100\/100\n|turn|5\n|\n|t:|1700357497\n|move|p1a: Urshifu|Close Combat|p2a: Gastrodon\n|-damage|p2a: Gastrodon|56\/100\n|-unboost|p1a: Urshifu|def|1\n|-unboost|p1a: Urshifu|spd|1\n|move|p1b: Kommo-o|Clanging Scales|p2b: Tornadus|[spread] p2a,p2b\n|-damage|p2a: Gastrodon|8\/100\n|-damage|p2b: Tornadus|56\/100\n|-unboost|p1b: Kommo-o|def|1\n|move|p2b: Tornadus|Bleakwind Storm|p1b: Kommo-o|[spread] p1a,p1b\n|-supereffective|p1a: Urshifu\n|-supereffective|p1b: Kommo-o\n|-damage|p1a: Urshifu|0 fnt\n|-damage|p1b: Kommo-o|53\/100\n|faint|p1a: Urshifu\n|move|p2a: Gastrodon|Toxic|p1b: Kommo-o\n|-status|p1b: Kommo-o|tox\n|\n|-weather|none\n|-heal|p2a: Gastrodon|15\/100|[from] item: Leftovers\n|-damage|p1b: Kommo-o|47\/100 tox|[from] psn\n|-fieldend|move: Psychic Terrain\n|upkeep\n|\n|t:|1700357514\n|switch|p1a: Chien-Pao|Chien-Pao|100\/100\n|-ability|p1a: Chien-Pao|Sword of Ruin\n|turn|6\n|\n|t:|1700357526\n|move|p2b: Tornadus|Tailwind|p2b: Tornadus\n|-sidestart|p2: Galaxia015|move: Tailwind\n|move|p1b: Kommo-o|Clanging Scales|p2a: Gastrodon|[spread] p2a,p2b\n|-crit|p2b: Tornadus\n|-damage|p2a: Gastrodon|0 fnt\n|-damage|p2b: Tornadus|0 fnt\n|faint|p2a: Gastrodon\n|faint|p2b: Tornadus\n|\n|win|0spr3y\n","uploadtime":1700357537,"views":14,"p1id":"0spr3y","p2id":"galaxia015","formatid":"gen9nationaldexdoubles","rating":0,"private":0,"password":""}