{"id":"gen9nationaldexdoubles-1952610032","p1":"Theadonia","p2":"eucris","format":"[Gen 9] National Dex Doubles","log":"|j|\u2606Theadonia\n|j|\u2606eucris\n|t:|1695703339\n|gametype|doubles\n|player|p1|Theadonia|caitlin|1089\n|player|p2|eucris|169|1123\n|teamsize|p1|6\n|teamsize|p2|6\n|gen|9\n|tier|[Gen 9] National Dex Doubles\n|rated|\n|rule|HP Percentage Mod: HP is shown in percentages\n|rule|Endless Battle Clause: Forcing endless battles is banned\n|rule|OHKO Clause: OHKO moves are banned\n|rule|Evasion Moves Clause: Evasion moves are banned\n|rule|Evasion Abilities Clause: Evasion abilities are banned\n|rule|Species Clause: Limit one of each Pok\u00e9mon\n|rule|Gravity Sleep Clause: The combination of sleep-inducing moves with imperfect accuracy and Gravity or Gigantamax Orbeetle are banned\n|clearpoke\n|poke|p1|Banette, F|\n|poke|p1|Oricorio-Pom-Pom, M|\n|poke|p1|Kommo-o, F|\n|poke|p1|Liepard, F|\n|poke|p1|Stakataka|\n|poke|p1|Sneasler, F|\n|poke|p2|Brambleghast, M|\n|poke|p2|Shiftry, M|\n|poke|p2|Coalossal, F|\n|poke|p2|Palossand, M|\n|poke|p2|Wugtrio, L50, M|\n|poke|p2|Murkrow, M|\n|teampreview\n|\n|t:|1695703366\n|start\n|switch|p1a: This is prob bad|Banette, F, shiny|100\/100\n|switch|p1b: I\u2019m sorry in adv|Oricorio-Pom-Pom, M, shiny|100\/100\n|switch|p2a: shinobi|Shiftry, M|100\/100\n|switch|p2b: witch assistamt|Murkrow, M|100\/100\n|turn|1\n|\n|t:|1695703417\n|detailschange|p1a: This is prob bad|Banette-Mega, F, shiny\n|-mega|p1a: This is prob bad|Banette|Banettite\n|move|p2b: witch assistamt|Tailwind|p2b: witch assistamt\n|-sidestart|p2: eucris|move: Tailwind\n|-ability|p2a: shinobi|Wind Rider|boost\n|-boost|p2a: shinobi|atk|1\n|move|p1a: This is prob bad|Swords Dance|p1a: This is prob bad\n|-boost|p1a: This is prob bad|atk|2\n|-activate|p1b: I\u2019m sorry in adv|ability: Dancer\n|move|p1b: I\u2019m sorry in adv|Swords Dance|p1b: I\u2019m sorry in adv|[from]ability: Dancer\n|-boost|p1b: I\u2019m sorry in adv|atk|2\n|move|p2a: shinobi|Rock Slide|p1b: I\u2019m sorry in adv|[spread] p1a,p1b\n|-supereffective|p1b: I\u2019m sorry in adv\n|-damage|p1a: This is prob bad|53\/100\n|-damage|p1b: I\u2019m sorry in adv|39\/100\n|-enditem|p1b: I\u2019m sorry in adv|Sitrus Berry|[eat]\n|-heal|p1b: I\u2019m sorry in adv|64\/100|[from] item: Sitrus Berry\n|-damage|p2a: shinobi|91\/100|[from] item: Life Orb\n|move|p1b: I\u2019m sorry in adv|Quiver Dance|p1b: I\u2019m sorry in adv\n|-boost|p1b: I\u2019m sorry in adv|spa|1\n|-boost|p1b: I\u2019m sorry in adv|spd|1\n|-boost|p1b: I\u2019m sorry in adv|spe|1\n|\n|upkeep\n|turn|2\n|\n|t:|1695703453\n|move|p2a: shinobi|Explosion|p1a: This is prob bad|[spread] p2b,p1b\n|-immune|p1a: This is prob bad\n|-damage|p2b: witch assistamt|0 fnt\n|-damage|p1b: I\u2019m sorry in adv|0 fnt\n|faint|p2a: shinobi\n|faint|p2b: witch assistamt\n|faint|p1b: I\u2019m sorry in adv\n|move|p1a: This is prob bad|Poltergeist|p2: shinobi|[notarget]\n|-fail|p1a: This is prob bad\n|\n|upkeep\n|\n|t:|1695703471\n|switch|p2a: triple trouble|Wugtrio, L50, M|100\/100\n|switch|p1b: Liepard|Liepard, F|100\/100\n|switch|p2b: castle of doom|Palossand, M|100\/100\n|turn|3\n|\n|t:|1695703510\n|move|p1b: Liepard|Role Play|p2b: castle of doom\n|-endability|p1b: Liepard|Prankster|[from] move: Role Play\n|-ability|p1b: Liepard|Water Compaction|[from] move: Role Play|[of] p2b: castle of doom\n|move|p2a: triple trouble|Triple Dive|p2b: castle of doom\n|-supereffective|p2b: castle of doom\n|-damage|p2b: castle of doom|97\/100\n|-ability|p2b: castle of doom|Water Compaction|boost\n|-boost|p2b: castle of doom|def|2\n|-enditem|p2b: castle of doom|Luminous Moss\n|-boost|p2b: castle of doom|spd|1|[from] item: Luminous Moss\n|-supereffective|p2b: castle of doom\n|-damage|p2b: castle of doom|95\/100\n|-ability|p2b: castle of doom|Water Compaction|boost\n|-boost|p2b: castle of doom|def|2\n|-supereffective|p2b: castle of doom\n|-damage|p2b: castle of doom|93\/100\n|-ability|p2b: castle of doom|Water Compaction|boost\n|-boost|p2b: castle of doom|def|2\n|-hitcount|p2b: castle of doom|3\n|move|p2b: castle of doom|Substitute|p2b: castle of doom\n|-start|p2b: castle of doom|Substitute\n|-damage|p2b: castle of doom|68\/100\n|move|p1a: This is prob bad|Poltergeist||[still]\n|-fail|p1a: This is prob bad\n|\n|upkeep\n|turn|4\n|\n|t:|1695703583\n|switch|p2a: tumbled weeds|Brambleghast, M|100\/100\n|-ability|p2a: tumbled weeds|Wind Rider|boost\n|-boost|p2a: tumbled weeds|atk|1\n|move|p1b: Liepard|Knock Off|p2a: tumbled weeds\n|-supereffective|p2a: tumbled weeds\n|-damage|p2a: tumbled weeds|0 fnt\n|-enditem|p2a: tumbled weeds|Loaded Dice|[from] move: Knock Off|[of] p1b: Liepard\n|faint|p2a: tumbled weeds\n|move|p2b: castle of doom|Earthquake|p1b: Liepard|[spread] p1a,p1b\n|-damage|p1a: This is prob bad|25\/100\n|-damage|p1b: Liepard|57\/100\n|move|p1a: This is prob bad|Knock Off|p2b: castle of doom\n|-supereffective|p2b: castle of doom\n|-activate|p2b: castle of doom|move: Substitute|[damage]\n|\n|-heal|p1b: Liepard|63\/100|[from] item: Leftovers\n|-sideend|p2: eucris|move: Tailwind\n|upkeep\n|\n|t:|1695703599\n|switch|p2a: coal|Coalossal, F|100\/100\n|turn|5\n|\n|t:|1695703621\n|-terastallize|p2a: coal|Rock\n|move|p1b: Liepard|Knock Off|p2a: coal\n|-damage|p2a: coal|69\/100\n|-enditem|p2a: coal|Weakness Policy|[from] move: Knock Off|[of] p1b: Liepard\n|move|p1a: This is prob bad|Knock Off|p2a: coal\n|-damage|p2a: coal|24\/100\n|move|p2a: coal|Explosion|p1b: Liepard|[spread] p1b\n|-immune|p2b: castle of doom\n|-immune|p1a: This is prob bad\n|-damage|p1b: Liepard|0 fnt\n|faint|p2a: coal\n|faint|p1b: Liepard\n|move|p2b: castle of doom|Earthquake|p1a: This is prob bad\n|-damage|p1a: This is prob bad|0 fnt\n|faint|p1a: This is prob bad\n|\n|upkeep\n|\n|t:|1695703637\n|switch|p1b: budtender|Sneasler, F|100\/100\n|switch|p1a: uwontbreakmy|Kommo-o, F, shiny|100\/100\n|switch|p2a: triple trouble|Wugtrio, L50, M|100\/100\n|turn|6\n|\n|t:|1695703660\n|move|p1b: budtender|Protect|p1b: budtender\n|-singleturn|p1b: budtender|Protect\n|move|p1a: uwontbreakmy|Clangorous Soul|p1a: uwontbreakmy\n|-boost|p1a: uwontbreakmy|atk|1\n|-boost|p1a: uwontbreakmy|def|1\n|-boost|p1a: uwontbreakmy|spa|1\n|-boost|p1a: uwontbreakmy|spd|1\n|-boost|p1a: uwontbreakmy|spe|1\n|-damage|p1a: uwontbreakmy|68\/100\n|move|p2a: triple trouble|Triple Dive|p1a: uwontbreakmy\n|-resisted|p1a: uwontbreakmy\n|-damage|p1a: uwontbreakmy|66\/100\n|-resisted|p1a: uwontbreakmy\n|-damage|p1a: uwontbreakmy|65\/100\n|-resisted|p1a: uwontbreakmy\n|-damage|p1a: uwontbreakmy|64\/100\n|-hitcount|p1a: uwontbreakmy|3\n|move|p2b: castle of doom|Earthquake|p1a: uwontbreakmy|[spread] p2a,p1a\n|-activate|p1b: budtender|move: Protect\n|-enditem|p2a: triple trouble|Focus Sash\n|-damage|p2a: triple trouble|1\/100\n|-damage|p1a: uwontbreakmy|52\/100\n|\n|upkeep\n|turn|7\n|\n|t:|1695703696\n|move|p1a: uwontbreakmy|Scale Shot|p2b: castle of doom|[miss]\n|-miss|p1a: uwontbreakmy|p2b: castle of doom\n|move|p1b: budtender|Fling|p2b: castle of doom\n|-supereffective|p2b: castle of doom\n|-end|p2b: castle of doom|Substitute\n|-enditem|p1b: budtender|Big Nugget|[from] move: Fling\n|move|p2a: triple trouble|Memento|p1a: uwontbreakmy\n|-unboost|p1a: uwontbreakmy|atk|2\n|-unboost|p1a: uwontbreakmy|spa|2\n|faint|p2a: triple trouble\n|move|p2b: castle of doom|Substitute|p2b: castle of doom\n|-start|p2b: castle of doom|Substitute\n|-damage|p2b: castle of doom|43\/100\n|\n|upkeep\n|turn|8\n|\n|t:|1695703709\n|move|p1b: budtender|Dire Claw|p2b: castle of doom\n|-resisted|p2b: castle of doom\n|-activate|p2b: castle of doom|move: Substitute|[damage]\n|move|p1a: uwontbreakmy|Clangorous Soul|p1a: uwontbreakmy\n|-boost|p1a: uwontbreakmy|atk|1\n|-boost|p1a: uwontbreakmy|def|1\n|-boost|p1a: uwontbreakmy|spa|1\n|-boost|p1a: uwontbreakmy|spd|1\n|-boost|p1a: uwontbreakmy|spe|1\n|-damage|p1a: uwontbreakmy|19\/100\n|-enditem|p1a: uwontbreakmy|Iapapa Berry|[eat]\n|-heal|p1a: uwontbreakmy|52\/100|[from] item: Iapapa Berry\n|move|p2b: castle of doom|Earthquake|p1a: uwontbreakmy|[spread] p1a,p1b\n|-supereffective|p1b: budtender\n|-crit|p1b: budtender\n|-damage|p1a: uwontbreakmy|42\/100\n|-damage|p1b: budtender|0 fnt\n|faint|p1b: budtender\n|\n|upkeep\n|\n|t:|1695703713\n|switch|p1b: Millennium Puzzle|Stakataka, shiny|100\/100\n|turn|9\n|\n|t:|1695703722\n|-terastallize|p1b: Millennium Puzzle|Ghost\n|move|p1a: uwontbreakmy|Scale Shot|p2b: castle of doom\n|-activate|p2b: castle of doom|move: Substitute|[damage]\n|-activate|p2b: castle of doom|move: Substitute|[damage]\n|-activate|p2b: castle of doom|move: Substitute|[damage]\n|-hitcount|p2b: castle of doom|3\n|-unboost|p1a: uwontbreakmy|def|1\n|-boost|p1a: uwontbreakmy|spe|1\n|move|p2b: castle of doom|Substitute|p2b: castle of doom\n|-fail|p2b: castle of doom|move: Substitute\n|move|p1b: Millennium Puzzle|Rock Slide|p2b: castle of doom\n|-resisted|p2b: castle of doom\n|-activate|p2b: castle of doom|move: Substitute|[damage]\n|\n|upkeep\n|turn|10\n|\n|t:|1695703744\n|move|p1a: uwontbreakmy|Scale Shot|p2b: castle of doom\n|-activate|p2b: castle of doom|move: Substitute|[damage]\n|-activate|p2b: castle of doom|move: Substitute|[damage]\n|-activate|p2b: castle of doom|move: Substitute|[damage]\n|-hitcount|p2b: castle of doom|3\n|-unboost|p1a: uwontbreakmy|def|1\n|-boost|p1a: uwontbreakmy|spe|1\n|move|p2b: castle of doom|Substitute|p2b: castle of doom\n|-fail|p2b: castle of doom|move: Substitute\n|move|p1b: Millennium Puzzle|Rock Slide|p2b: castle of doom\n|-resisted|p2b: castle of doom\n|-activate|p2b: castle of doom|move: Substitute|[damage]\n|\n|upkeep\n|turn|11\n|\n|t:|1695703763\n|move|p1a: uwontbreakmy|Scale Shot|p2b: castle of doom|[miss]\n|-miss|p1a: uwontbreakmy|p2b: castle of doom\n|move|p2b: castle of doom|Substitute|p2b: castle of doom\n|-fail|p2b: castle of doom|move: Substitute\n|move|p1b: Millennium Puzzle|Heavy Slam|p2b: castle of doom\n|-activate|p2b: castle of doom|move: Substitute|[damage]\n|\n|upkeep\n|turn|12\n|\n|t:|1695703779\n|move|p1a: uwontbreakmy|Scale Shot|p2b: castle of doom\n|-end|p2b: castle of doom|Substitute\n|-crit|p2b: castle of doom\n|-damage|p2b: castle of doom|32\/100\n|-damage|p2b: castle of doom|30\/100\n|-damage|p2b: castle of doom|28\/100\n|-damage|p2b: castle of doom|26\/100\n|-hitcount|p2b: castle of doom|5\n|-unboost|p1a: uwontbreakmy|def|1\n|-boost|p1a: uwontbreakmy|spe|1\n|move|p2b: castle of doom|Substitute|p2b: castle of doom\n|-start|p2b: castle of doom|Substitute\n|-damage|p2b: castle of doom|1\/100\n|move|p1b: Millennium Puzzle|Heavy Slam|p2b: castle of doom\n|-activate|p2b: castle of doom|move: Substitute|[damage]\n|\n|upkeep\n|turn|13\n|\n|t:|1695703798\n|move|p1a: uwontbreakmy|Scale Shot|p2b: castle of doom\n|-activate|p2b: castle of doom|move: Substitute|[damage]\n|-activate|p2b: castle of doom|move: Substitute|[damage]\n|-activate|p2b: castle of doom|move: Substitute|[damage]\n|-hitcount|p2b: castle of doom|3\n|-unboost|p1a: uwontbreakmy|def|1\n|-boost|p1a: uwontbreakmy|spe|1\n|move|p2b: castle of doom|Shore Up|p2b: castle of doom\n|-heal|p2b: castle of doom|51\/100\n|move|p1b: Millennium Puzzle|Heavy Slam|p2b: castle of doom\n|-activate|p2b: castle of doom|move: Substitute|[damage]\n|\n|upkeep\n|turn|14\n|c|\u2606eucris|Mb accidentally made jesus\n|\n|t:|1695703814\n|move|p1a: uwontbreakmy|Scale Shot|p2b: castle of doom\n|-activate|p2b: castle of doom|move: Substitute|[damage]\n|-activate|p2b: castle of doom|move: Substitute|[damage]\n|-activate|p2b: castle of doom|move: Substitute|[damage]\n|-hitcount|p2b: castle of doom|3\n|-unboost|p1a: uwontbreakmy|def|1\n|move|p2b: castle of doom|Earthquake|p1a: uwontbreakmy|[spread] p1a,p1b\n|-damage|p1a: uwontbreakmy|0 fnt\n|-damage|p1b: Millennium Puzzle|92\/100\n|faint|p1a: uwontbreakmy\n|move|p1b: Millennium Puzzle|Heavy Slam|p2b: castle of doom\n|-end|p2b: castle of doom|Substitute\n|\n|-heal|p1b: Millennium Puzzle|98\/100|[from] item: Leftovers\n|upkeep\n|turn|15\n|\n|t:|1695703830\n|move|p2b: castle of doom|Substitute|p2b: castle of doom\n|-start|p2b: castle of doom|Substitute\n|-damage|p2b: castle of doom|26\/100\n|move|p1b: Millennium Puzzle|Heavy Slam|p2b: castle of doom\n|-activate|p2b: castle of doom|move: Substitute|[damage]\n|\n|-heal|p1b: Millennium Puzzle|100\/100|[from] item: Leftovers\n|upkeep\n|turn|16\n|\n|t:|1695703835\n|move|p2b: castle of doom|Shore Up|p2b: castle of doom\n|-heal|p2b: castle of doom|76\/100\n|move|p1b: Millennium Puzzle|Heavy Slam|p2b: castle of doom\n|-activate|p2b: castle of doom|move: Substitute|[damage]\n|\n|upkeep\n|turn|17\n|\n|t:|1695703839\n|move|p2b: castle of doom|Earthquake|p1b: Millennium Puzzle\n|-damage|p1b: Millennium Puzzle|89\/100\n|move|p1b: Millennium Puzzle|Heavy Slam|p2b: castle of doom\n|-crit|p2b: castle of doom\n|-end|p2b: castle of doom|Substitute\n|\n|-heal|p1b: Millennium Puzzle|95\/100|[from] item: Leftovers\n|upkeep\n|turn|18\n|\n|t:|1695703850\n|move|p2b: castle of doom|Earthquake|p1b: Millennium Puzzle\n|-damage|p1b: Millennium Puzzle|83\/100\n|move|p1b: Millennium Puzzle|Heavy Slam|p2b: castle of doom\n|-damage|p2b: castle of doom|70\/100\n|\n|-heal|p1b: Millennium Puzzle|89\/100|[from] item: Leftovers\n|upkeep\n|turn|19\n|\n|t:|1695703860\n|move|p2b: castle of doom|Earthquake|p1b: Millennium Puzzle\n|-damage|p1b: Millennium Puzzle|78\/100\n|move|p1b: Millennium Puzzle|Heavy Slam|p2b: castle of doom\n|-damage|p2b: castle of doom|65\/100\n|\n|-heal|p1b: Millennium Puzzle|84\/100|[from] item: Leftovers\n|upkeep\n|turn|20\n|\n|t:|1695703872\n|move|p2b: castle of doom|Earthquake|p1b: Millennium Puzzle\n|-crit|p1b: Millennium Puzzle\n|-damage|p1b: Millennium Puzzle|66\/100\n|move|p1b: Millennium Puzzle|Heavy Slam|p2b: castle of doom\n|-damage|p2b: castle of doom|60\/100\n|\n|-heal|p1b: Millennium Puzzle|72\/100|[from] item: Leftovers\n|upkeep\n|turn|21\n|\n|t:|1695703884\n|move|p2b: castle of doom|Earthquake|p1b: Millennium Puzzle\n|-damage|p1b: Millennium Puzzle|60\/100\n|move|p1b: Millennium Puzzle|Heavy Slam|p2b: castle of doom\n|-damage|p2b: castle of doom|54\/100\n|\n|-heal|p1b: Millennium Puzzle|66\/100|[from] item: Leftovers\n|upkeep\n|turn|22\n|\n|t:|1695703899\n|move|p2b: castle of doom|Earthquake|p1b: Millennium Puzzle\n|-damage|p1b: Millennium Puzzle|53\/100\n|move|p1b: Millennium Puzzle|Heavy Slam|p2b: castle of doom\n|-damage|p2b: castle of doom|49\/100\n|\n|-heal|p1b: Millennium Puzzle|59\/100|[from] item: Leftovers\n|upkeep\n|turn|23\n|\n|t:|1695703907\n|move|p2b: castle of doom|Earthquake|p1b: Millennium Puzzle\n|-damage|p1b: Millennium Puzzle|47\/100\n|move|p1b: Millennium Puzzle|Heavy Slam|p2b: castle of doom\n|-damage|p2b: castle of doom|43\/100\n|\n|-heal|p1b: Millennium Puzzle|53\/100|[from] item: Leftovers\n|upkeep\n|turn|24\n|\n|t:|1695703917\n|move|p2b: castle of doom|Substitute|p2b: castle of doom\n|-start|p2b: castle of doom|Substitute\n|-damage|p2b: castle of doom|18\/100\n|move|p1b: Millennium Puzzle|Heavy Slam|p2b: castle of doom\n|-activate|p2b: castle of doom|move: Substitute|[damage]\n|\n|-heal|p1b: Millennium Puzzle|59\/100|[from] item: Leftovers\n|upkeep\n|turn|25\n|\n|t:|1695703922\n|move|p2b: castle of doom|Shore Up|p2b: castle of doom\n|-heal|p2b: castle of doom|68\/100\n|move|p1b: Millennium Puzzle|Heavy Slam|p2b: castle of doom\n|-activate|p2b: castle of doom|move: Substitute|[damage]\n|\n|-heal|p1b: Millennium Puzzle|65\/100|[from] item: Leftovers\n|upkeep\n|turn|26\n|\n|t:|1695703928\n|move|p2b: castle of doom|Earthquake|p1b: Millennium Puzzle\n|-damage|p1b: Millennium Puzzle|52\/100\n|move|p1b: Millennium Puzzle|Heavy Slam|p2b: castle of doom\n|-activate|p2b: castle of doom|move: Substitute|[damage]\n|\n|-heal|p1b: Millennium Puzzle|58\/100|[from] item: Leftovers\n|upkeep\n|turn|27\n|\n|t:|1695703941\n|move|p2b: castle of doom|Shore Up|p2b: castle of doom\n|-heal|p2b: castle of doom|100\/100\n|move|p1b: Millennium Puzzle|Rock Slide|p2b: castle of doom\n|-resisted|p2b: castle of doom\n|-activate|p2b: castle of doom|move: Substitute|[damage]\n|\n|-heal|p1b: Millennium Puzzle|64\/100|[from] item: Leftovers\n|upkeep\n|turn|28\n|\n|t:|1695703950\n|move|p2b: castle of doom|Earthquake|p1b: Millennium Puzzle\n|-damage|p1b: Millennium Puzzle|53\/100\n|move|p1b: Millennium Puzzle|Rock Slide|p2b: castle of doom\n|-resisted|p2b: castle of doom\n|-activate|p2b: castle of doom|move: Substitute|[damage]\n|\n|-heal|p1b: Millennium Puzzle|59\/100|[from] item: Leftovers\n|upkeep\n|turn|29\n|\n|t:|1695703963\n|move|p2b: castle of doom|Substitute|p2b: castle of doom\n|-fail|p2b: castle of doom|move: Substitute\n|move|p1b: Millennium Puzzle|Rock Slide|p2b: castle of doom\n|-resisted|p2b: castle of doom\n|-end|p2b: castle of doom|Substitute\n|\n|-heal|p1b: Millennium Puzzle|65\/100|[from] item: Leftovers\n|upkeep\n|turn|30\n|\n|t:|1695703971\n|move|p2b: castle of doom|Substitute|p2b: castle of doom\n|-start|p2b: castle of doom|Substitute\n|-damage|p2b: castle of doom|76\/100\n|move|p1b: Millennium Puzzle|Rock Slide|p2b: castle of doom\n|-resisted|p2b: castle of doom\n|-activate|p2b: castle of doom|move: Substitute|[damage]\n|\n|-heal|p1b: Millennium Puzzle|71\/100|[from] item: Leftovers\n|upkeep\n|turn|31\n|\n|t:|1695704011\n|move|p2b: castle of doom|Earthquake|p1b: Millennium Puzzle\n|-damage|p1b: Millennium Puzzle|60\/100\n|move|p1b: Millennium Puzzle|Rock Slide|p2b: castle of doom\n|-resisted|p2b: castle of doom\n|-crit|p2b: castle of doom\n|-activate|p2b: castle of doom|move: Substitute|[damage]\n|\n|-heal|p1b: Millennium Puzzle|66\/100|[from] item: Leftovers\n|upkeep\n|turn|32\n|\n|t:|1695704020\n|move|p1b: Millennium Puzzle|Protect|p1b: Millennium Puzzle\n|-singleturn|p1b: Millennium Puzzle|Protect\n|move|p2b: castle of doom|Shore Up|p2b: castle of doom\n|-heal|p2b: castle of doom|100\/100\n|\n|-heal|p1b: Millennium Puzzle|73\/100|[from] item: Leftovers\n|upkeep\n|turn|33\n|\n|t:|1695704031\n|move|p2b: castle of doom|Earthquake|p1b: Millennium Puzzle\n|-damage|p1b: Millennium Puzzle|60\/100\n|move|p1b: Millennium Puzzle|Body Press|p2b: castle of doom\n|-immune|p2b: castle of doom\n|\n|-heal|p1b: Millennium Puzzle|66\/100|[from] item: Leftovers\n|upkeep\n|turn|34\n|\n|t:|1695704040\n|move|p1b: Millennium Puzzle|Protect|p1b: Millennium Puzzle\n|-singleturn|p1b: Millennium Puzzle|Protect\n|move|p2b: castle of doom|Skill Swap|p1b: Millennium Puzzle\n|-activate|p1b: Millennium Puzzle|move: Protect\n|\n|-heal|p1b: Millennium Puzzle|73\/100|[from] item: Leftovers\n|upkeep\n|turn|35\n|\n|t:|1695704049\n|move|p2b: castle of doom|Skill Swap|p1b: Millennium Puzzle\n|-activate|p2b: castle of doom|move: Skill Swap|Beast Boost|Water Compaction|[of] p1b: Millennium Puzzle\n|move|p1b: Millennium Puzzle|Body Press|p2b: castle of doom\n|-immune|p2b: castle of doom\n|\n|-heal|p1b: Millennium Puzzle|79\/100|[from] item: Leftovers\n|upkeep\n|turn|36\n|\n|t:|1695704059\n|move|p1b: Millennium Puzzle|Protect|p1b: Millennium Puzzle\n|-singleturn|p1b: Millennium Puzzle|Protect\n|move|p2b: castle of doom|Skill Swap|p1b: Millennium Puzzle\n|-activate|p1b: Millennium Puzzle|move: Protect\n|\n|-heal|p1b: Millennium Puzzle|85\/100|[from] item: Leftovers\n|upkeep\n|turn|37\n|\n|t:|1695704074\n|move|p2b: castle of doom|Skill Swap|p2: triple trouble|[notarget]\n|-fail|p2b: castle of doom\n|move|p1b: Millennium Puzzle|Rock Slide|p2b: castle of doom\n|-resisted|p2b: castle of doom\n|-activate|p2b: castle of doom|move: Substitute|[damage]\n|\n|-heal|p1b: Millennium Puzzle|91\/100|[from] item: Leftovers\n|upkeep\n|turn|38\n|\n|t:|1695704081\n|move|p2b: castle of doom|Skill Swap|p1b: Millennium Puzzle\n|-activate|p2b: castle of doom|move: Skill Swap|Water Compaction|Beast Boost|[of] p1b: Millennium Puzzle\n|move|p1b: Millennium Puzzle|Rock Slide|p2b: castle of doom\n|-resisted|p2b: castle of doom\n|-activate|p2b: castle of doom|move: Substitute|[damage]\n|\n|-heal|p1b: Millennium Puzzle|97\/100|[from] item: Leftovers\n|upkeep\n|turn|39\n|\n|t:|1695704087\n|move|p2b: castle of doom|Skill Swap|p1b: Millennium Puzzle\n|-activate|p2b: castle of doom|move: Skill Swap|Beast Boost|Water Compaction|[of] p1b: Millennium Puzzle\n|move|p1b: Millennium Puzzle|Rock Slide|p2b: castle of doom\n|-resisted|p2b: castle of doom\n|-activate|p2b: castle of doom|move: Substitute|[damage]\n|\n|-heal|p1b: Millennium Puzzle|100\/100|[from] item: Leftovers\n|upkeep\n|turn|40\n|\n|t:|1695704093\n|move|p2b: castle of doom|Skill Swap|p1b: Millennium Puzzle\n|-activate|p2b: castle of doom|move: Skill Swap|Water Compaction|Beast Boost|[of] p1b: Millennium Puzzle\n|move|p1b: Millennium Puzzle|Body Press|p2b: castle of doom\n|-immune|p2b: castle of doom\n|\n|upkeep\n|turn|41\n|\n|t:|1695704099\n|move|p2b: castle of doom|Skill Swap|p1b: Millennium Puzzle\n|-activate|p2b: castle of doom|move: Skill Swap|Beast Boost|Water Compaction|[of] p1b: Millennium Puzzle\n|move|p1b: Millennium Puzzle|Body Press|p2b: castle of doom\n|-immune|p2b: castle of doom\n|\n|upkeep\n|turn|42\n|\n|t:|1695704103\n|move|p1b: Millennium Puzzle|Protect|p1b: Millennium Puzzle\n|-singleturn|p1b: Millennium Puzzle|Protect\n|move|p2b: castle of doom|Skill Swap|p1b: Millennium Puzzle\n|-activate|p1b: Millennium Puzzle|move: Protect\n|\n|upkeep\n|turn|43\n|\n|t:|1695704111\n|move|p2b: castle of doom|Skill Swap|p1b: Millennium Puzzle\n|-activate|p2b: castle of doom|move: Skill Swap|Water Compaction|Beast Boost|[of] p1b: Millennium Puzzle\n|move|p1b: Millennium Puzzle|Body Press|p2b: castle of doom\n|-immune|p2b: castle of doom\n|\n|upkeep\n|turn|44\n|\n|t:|1695704123\n|move|p1b: Millennium Puzzle|Protect|p1b: Millennium Puzzle\n|-singleturn|p1b: Millennium Puzzle|Protect\n|move|p2b: castle of doom|Skill Swap|p1b: Millennium Puzzle\n|-activate|p1b: Millennium Puzzle|move: Protect\n|\n|upkeep\n|turn|45\n|\n|t:|1695704132\n|move|p2b: castle of doom|Skill Swap|p1b: Millennium Puzzle\n|-activate|p2b: castle of doom|move: Skill Swap|Beast Boost|Water Compaction|[of] p1b: Millennium Puzzle\n|move|p1b: Millennium Puzzle|Body Press|p2b: castle of doom\n|-immune|p2b: castle of doom\n|\n|upkeep\n|turn|46\n|\n|t:|1695704137\n|move|p1b: Millennium Puzzle|Protect|p1b: Millennium Puzzle\n|-singleturn|p1b: Millennium Puzzle|Protect\n|move|p2b: castle of doom|Skill Swap|p1b: Millennium Puzzle\n|-activate|p1b: Millennium Puzzle|move: Protect\n|\n|upkeep\n|turn|47\n|\n|t:|1695704144\n|move|p2b: castle of doom|Skill Swap|p1b: Millennium Puzzle\n|-activate|p2b: castle of doom|move: Skill Swap|Water Compaction|Beast Boost|[of] p1b: Millennium Puzzle\n|move|p1b: Millennium Puzzle|Body Press|p2b: castle of doom\n|-immune|p2b: castle of doom\n|\n|upkeep\n|turn|48\n|\n|t:|1695704151\n|move|p2b: castle of doom|Skill Swap|p1b: Millennium Puzzle\n|-activate|p2b: castle of doom|move: Skill Swap|Beast Boost|Water Compaction|[of] p1b: Millennium Puzzle\n|move|p1b: Millennium Puzzle|Body Press|p2b: castle of doom\n|-immune|p2b: castle of doom\n|\n|upkeep\n|turn|49\n|\n|t:|1695704159\n|move|p2b: castle of doom|Skill Swap|p1b: Millennium Puzzle\n|-activate|p2b: castle of doom|move: Skill Swap|Water Compaction|Beast Boost|[of] p1b: Millennium Puzzle\n|move|p1b: Millennium Puzzle|Body Press|p2b: castle of doom\n|-immune|p2b: castle of doom\n|\n|upkeep\n|turn|50\n|\n|t:|1695704165\n|move|p1b: Millennium Puzzle|Protect|p1b: Millennium Puzzle\n|-singleturn|p1b: Millennium Puzzle|Protect\n|move|p2b: castle of doom|Substitute|p2b: castle of doom\n|-fail|p2b: castle of doom|move: Substitute\n|\n|upkeep\n|turn|51\n|\n|t:|1695704170\n|move|p2b: castle of doom|Substitute|p2b: castle of doom\n|-fail|p2b: castle of doom|move: Substitute\n|move|p1b: Millennium Puzzle|Body Press|p2b: castle of doom\n|-immune|p2b: castle of doom\n|\n|upkeep\n|turn|52\n|\n|t:|1695704175\n|move|p2b: castle of doom|Substitute|p2b: castle of doom\n|-fail|p2b: castle of doom|move: Substitute\n|move|p1b: Millennium Puzzle|Body Press|p2b: castle of doom\n|-immune|p2b: castle of doom\n|\n|upkeep\n|turn|53\n|\n|t:|1695704182\n|move|p1b: Millennium Puzzle|Protect|p1b: Millennium Puzzle\n|-singleturn|p1b: Millennium Puzzle|Protect\n|move|p2b: castle of doom|Substitute|p2b: castle of doom\n|-fail|p2b: castle of doom|move: Substitute\n|\n|upkeep\n|turn|54\n|c|\u2606Theadonia|What happens when Jesus runs out of PP?\n|\n|t:|1695704208\n|move|p2b: castle of doom|Substitute|p2b: castle of doom\n|-fail|p2b: castle of doom|move: Substitute\n|move|p1b: Millennium Puzzle|Body Press|p2b: castle of doom\n|-immune|p2b: castle of doom\n|\n|upkeep\n|turn|55\n|\n|t:|1695704259\n|move|p1b: Millennium Puzzle|Protect|p1b: Millennium Puzzle\n|-singleturn|p1b: Millennium Puzzle|Protect\n|move|p2b: castle of doom|Substitute|p2b: castle of doom\n|-fail|p2b: castle of doom|move: Substitute\n|\n|upkeep\n|turn|56\n|\n|t:|1695704266\n|move|p2b: castle of doom|Shore Up|p2b: castle of doom\n|-fail|p2b: castle of doom|heal\n|move|p1b: Millennium Puzzle|Body Press|p2b: castle of doom\n|-immune|p2b: castle of doom\n|\n|upkeep\n|turn|57\n|\n|t:|1695704272\n|move|p2b: castle of doom|Shore Up|p2b: castle of doom\n|-fail|p2b: castle of doom|heal\n|move|p1b: Millennium Puzzle|Rock Slide|p2b: castle of doom\n|-resisted|p2b: castle of doom\n|-end|p2b: castle of doom|Substitute\n|\n|upkeep\n|turn|58\n|\n|t:|1695704276\n|move|p1b: Millennium Puzzle|Protect|p1b: Millennium Puzzle\n|-singleturn|p1b: Millennium Puzzle|Protect\n|move|p2b: castle of doom|Shore Up|p2b: castle of doom\n|-fail|p2b: castle of doom|heal\n|\n|upkeep\n|turn|59\n|\n|t:|1695704284\n|-activate|p2b: castle of doom|move: Struggle\n|move|p2b: castle of doom|Struggle|p1b: Millennium Puzzle\n|-damage|p1b: Millennium Puzzle|96\/100\n|-damage|p2b: castle of doom|75\/100|[from] recoil\n|move|p1b: Millennium Puzzle|Rock Slide|p2b: castle of doom\n|-resisted|p2b: castle of doom\n|-damage|p2b: castle of doom|73\/100\n|\n|-heal|p1b: Millennium Puzzle|100\/100|[from] item: Leftovers\n|upkeep\n|turn|60\n|\n|t:|1695704292\n|-activate|p2b: castle of doom|move: Struggle\n|move|p2b: castle of doom|Struggle|p1b: Millennium Puzzle\n|-damage|p1b: Millennium Puzzle|96\/100\n|-damage|p2b: castle of doom|48\/100|[from] recoil\n|move|p1b: Millennium Puzzle|Rock Slide|p2b: castle of doom\n|-resisted|p2b: castle of doom\n|-crit|p2b: castle of doom\n|-damage|p2b: castle of doom|34\/100\n|\n|-heal|p1b: Millennium Puzzle|100\/100|[from] item: Leftovers\n|upkeep\n|turn|61\n|\n|t:|1695704303\n|-activate|p2b: castle of doom|move: Struggle\n|move|p2b: castle of doom|Struggle|p1b: Millennium Puzzle\n|-damage|p1b: Millennium Puzzle|97\/100\n|-damage|p2b: castle of doom|9\/100|[from] recoil\n|move|p1b: Millennium Puzzle|Body Press|p2b: castle of doom\n|-immune|p2b: castle of doom\n|\n|-heal|p1b: Millennium Puzzle|100\/100|[from] item: Leftovers\n|upkeep\n|turn|62\n|c|\u2606Theadonia|Ggwp :)\n|\n|t:|1695704321\n|-activate|p2b: castle of doom|move: Struggle\n|move|p2b: castle of doom|Struggle|p1b: Millennium Puzzle\n|-damage|p1b: Millennium Puzzle|97\/100\n|-damage|p2b: castle of doom|0 fnt|[from] recoil\n|faint|p2b: castle of doom\n|\n|win|Theadonia\n|raw|Theadonia's rating: 1089 &rarr; <strong>1118<\/strong><br \/>(+29 for winning)\n|raw|eucris's rating: 1123 &rarr; <strong>1096<\/strong><br \/>(-27 for losing)\n|l|\u2606eucris\n","uploadtime":1695704388,"views":15,"p1id":"theadonia","p2id":"eucris","formatid":"gen9nationaldexdoubles","rating":1096,"private":0,"password":""}