{"id":"gen9nationaldexdoubles-1972157698","p1":"AdvancedDigit","p2":"dogpond12","format":"[Gen 9] National Dex Doubles","log":"|j|\u2606AdvancedDigit\n|j|\u203ddogpond12\n|t:|1697817514\n|gametype|doubles\n|player|p1|AdvancedDigit|hilbert|1204\n|player|p2|dogpond12|cynthia-gen4|1293\n|teamsize|p1|6\n|teamsize|p2|6\n|gen|9\n|tier|[Gen 9] National Dex Doubles\n|rated|\n|rule|HP Percentage Mod: HP is shown in percentages\n|rule|Endless Battle Clause: Forcing endless battles is banned\n|rule|OHKO Clause: OHKO moves are banned\n|rule|Evasion Moves Clause: Evasion moves are banned\n|rule|Evasion Abilities Clause: Evasion abilities are banned\n|rule|Species Clause: Limit one of each Pok\u00e9mon\n|rule|Gravity Sleep Clause: The combination of sleep-inducing moves with imperfect accuracy and Gravity or Gigantamax Orbeetle are banned\n|clearpoke\n|poke|p1|Lilligant-Hisui, F|\n|poke|p1|Tornadus, M|\n|poke|p1|Malamar, F|\n|poke|p1|Gothitelle, M|\n|poke|p1|Charizard, M|\n|poke|p1|Garchomp, F|\n|poke|p2|Tapu Koko|\n|poke|p2|Sceptile, F|\n|poke|p2|Tornadus, M|\n|poke|p2|Clodsire, M|\n|poke|p2|Gholdengo|\n|poke|p2|Arcanine-Hisui, M|\n|teampreview\n|\n|t:|1697817524\n|start\n|switch|p1a: Lilligant|Lilligant-Hisui, F|100\/100\n|switch|p1b: Charizard|Charizard, M|100\/100\n|switch|p2a: Tapu Koko|Tapu Koko|100\/100\n|switch|p2b: Sceptile|Sceptile, F|100\/100\n|-fieldstart|move: Electric Terrain|[from] ability: Electric Surge|[of] p2a: Tapu Koko\n|turn|1\n|\n|t:|1697817538\n|detailschange|p2b: Sceptile|Sceptile-Mega, F\n|-mega|p2b: Sceptile|Sceptile|Sceptilite\n|detailschange|p1b: Charizard|Charizard-Mega-Y, M\n|-mega|p1b: Charizard|Charizard|Charizardite Y\n|-weather|SunnyDay|[from] ability: Drought|[of] p1b: Charizard\n|move|p1a: Lilligant|Entrainment|p1b: Charizard\n|-endability|p1b: Charizard|Drought|[from] move: Entrainment\n|-ability|p1b: Charizard|Chlorophyll|[from] move: Entrainment\n|move|p1b: Charizard|Heat Wave|p2a: Tapu Koko|[spread] p2a,p2b\n|-damage|p2a: Tapu Koko|0 fnt\n|-damage|p2b: Sceptile|0 fnt\n|faint|p2a: Tapu Koko\n|faint|p2b: Sceptile\n|\n|-weather|SunnyDay|[upkeep]\n|upkeep\n|c|\u2606AdvancedDigit|lets see if this works\n|c|\u2606AdvancedDigit|Yippie\n|\n|t:|1697817556\n|switch|p2b: Arcanine|Arcanine-Hisui, M|100\/100\n|switch|p2a: Clodsire|Clodsire, M|100\/100\n|turn|2\n|\n|t:|1697817572\n|move|p1a: Lilligant|Close Combat|p2b: Arcanine\n|-supereffective|p2b: Arcanine\n|-damage|p2b: Arcanine|0 fnt\n|-unboost|p1a: Lilligant|def|1\n|-unboost|p1a: Lilligant|spd|1\n|faint|p2b: Arcanine\n|move|p1b: Charizard|Heat Wave|p2a: Clodsire\n|-damage|p2a: Clodsire|49\/100\n|move|p2a: Clodsire|Gunk Shot|p1a: Lilligant\n|-supereffective|p1a: Lilligant\n|-damage|p1a: Lilligant|0 fnt\n|faint|p1a: Lilligant\n|\n|-weather|SunnyDay|[upkeep]\n|-heal|p2a: Clodsire|55\/100|[from] item: Leftovers\n|upkeep\n|\n|t:|1697817579\n|switch|p1a: Gothitelle|Gothitelle, M|100\/100\n|switch|p2b: Tornadus|Tornadus, M|100\/100\n|turn|3\n|\n|t:|1697817592\n|move|p2a: Clodsire|Protect|p2a: Clodsire\n|-singleturn|p2a: Clodsire|Protect\n|move|p1a: Gothitelle|Fake Out|p2b: Tornadus\n|-damage|p2b: Tornadus|93\/100\n|cant|p2b: Tornadus|flinch\n|move|p1b: Charizard|Heat Wave|p2a: Clodsire|[spread] p2b\n|-activate|p2a: Clodsire|move: Protect\n|-damage|p2b: Tornadus|37\/100\n|\n|-weather|SunnyDay|[upkeep]\n|-heal|p2a: Clodsire|61\/100|[from] item: Leftovers\n|upkeep\n|turn|4\n|\n|t:|1697817607\n|move|p2b: Tornadus|Tailwind|p2b: Tornadus\n|-sidestart|p2: dogpond12|move: Tailwind\n|move|p1b: Charizard|Heat Wave|p2b: Tornadus|[spread] p2a,p2b\n|-crit|p2a: Clodsire\n|-damage|p2a: Clodsire|8\/100\n|-damage|p2b: Tornadus|0 fnt\n|faint|p2b: Tornadus\n|move|p2a: Clodsire|Recover|p2a: Clodsire\n|-heal|p2a: Clodsire|58\/100\n|move|p1a: Gothitelle|Shadow Ball|p2a: Clodsire\n|-damage|p2a: Clodsire|48\/100\n|\n|-weather|SunnyDay|[upkeep]\n|-heal|p2a: Clodsire|54\/100|[from] item: Leftovers\n|upkeep\n|\n|t:|1697817611\n|switch|p2b: Gholdengo|Gholdengo|100\/100\n|turn|5\n|c|\u2606AdvancedDigit|tailwind not saving u...\n|\n|t:|1697817633\n|move|p2a: Clodsire|Protect|p2a: Clodsire\n|-singleturn|p2a: Clodsire|Protect\n|move|p2b: Gholdengo|Trick|p1a: Gothitelle\n|-activate|p2b: Gholdengo|move: Trick|[of] p1a: Gothitelle\n|-item|p1a: Gothitelle|Choice Scarf|[from] move: Trick\n|-item|p2b: Gholdengo|Leftovers|[from] move: Trick\n|move|p1b: Charizard|Heat Wave|p2a: Clodsire|[spread] p2b\n|-activate|p2a: Clodsire|move: Protect\n|-supereffective|p2b: Gholdengo\n|-damage|p2b: Gholdengo|0 fnt\n|faint|p2b: Gholdengo\n|move|p1a: Gothitelle|Shadow Ball|p2a: Clodsire\n|-activate|p2a: Clodsire|move: Protect\n|\n|-weather|none\n|-heal|p2a: Clodsire|60\/100|[from] item: Leftovers\n|-fieldend|move: Electric Terrain\n|upkeep\n|turn|6\n|\n|t:|1697817644\n|switch|p1a: Garchomp|Garchomp, F|100\/100\n|move|p1b: Charizard|Air Slash|p2a: Clodsire\n|-damage|p2a: Clodsire|35\/100\n|move|p2a: Clodsire|Gunk Shot|p1b: Charizard\n|-damage|p1b: Charizard|55\/100\n|\n|-heal|p2a: Clodsire|42\/100|[from] item: Leftovers\n|upkeep\n|turn|7\n|\n|t:|1697817657\n|move|p1a: Garchomp|Earthquake|p2a: Clodsire|[spread] p2a\n|-immune|p1b: Charizard\n|-supereffective|p2a: Clodsire\n|-damage|p2a: Clodsire|0 fnt\n|faint|p2a: Clodsire\n|\n|win|AdvancedDigit\n|raw|AdvancedDigit's rating: 1204 &rarr; <strong>1235<\/strong><br \/>(+31 for winning)\n|raw|dogpond12's rating: 1293 &rarr; <strong>1262<\/strong><br \/>(-31 for losing)\n|c|\u2606AdvancedDigit|gg\n|l|\u203ddogpond12\n","uploadtime":1697817672,"views":7,"p1id":"advanceddigit","p2id":"dogpond12","formatid":"gen9nationaldexdoubles","rating":1235,"private":0,"password":""}