{"id":"gen9nationaldexdoubles-1973856549","p1":"x_4k_x","p2":"Benjaii","format":"[Gen 9] National Dex Doubles","log":"|j|\u2606x_4k_x\n|j|\u2606Benjaii\n|t:|1698021078\n|gametype|doubles\n|player|p1|x_4k_x|riley|1091\n|player|p2|Benjaii|hiker-gen4|1178\n|teamsize|p1|6\n|teamsize|p2|6\n|gen|9\n|tier|[Gen 9] National Dex Doubles\n|rated|\n|rule|HP Percentage Mod: HP is shown in percentages\n|rule|Endless Battle Clause: Forcing endless battles is banned\n|rule|OHKO Clause: OHKO moves are banned\n|rule|Evasion Moves Clause: Evasion moves are banned\n|rule|Evasion Abilities Clause: Evasion abilities are banned\n|rule|Species Clause: Limit one of each Pok\u00e9mon\n|rule|Gravity Sleep Clause: The combination of sleep-inducing moves with imperfect accuracy and Gravity or Gigantamax Orbeetle are banned\n|clearpoke\n|poke|p1|Jolteon, F|\n|poke|p1|Talonflame, M|\n|poke|p1|Kangaskhan, F|\n|poke|p1|Greninja-*, M|\n|poke|p1|Smeargle, F|\n|poke|p1|Dragonite, F|\n|poke|p2|Dondozo, F|\n|poke|p2|Whimsicott, F|\n|poke|p2|Maushold-Four|\n|poke|p2|Cinderace, M|\n|poke|p2|Sableye, M|\n|poke|p2|Lucario, M|\n|teampreview\n|inactive|Battle timer is ON: inactive players will automatically lose when time's up. (requested by Benjaii)\n|\n|t:|1698021082\n|start\n|switch|p1a: Smeargle|Smeargle, F, shiny|100\/100\n|switch|p1b: Dragonite|Dragonite, F, shiny|100\/100\n|switch|p2a: Whimsicott|Whimsicott, F|100\/100\n|switch|p2b: Lucario|Lucario, M|100\/100\n|turn|1\n|\n|t:|1698021097\n|-terastallize|p1b: Dragonite|Steel\n|move|p1a: Smeargle|Fake Out|p2a: Whimsicott\n|-damage|p2a: Whimsicott|94\/100\n|cant|p2a: Whimsicott|flinch\n|move|p2b: Lucario|Rock Slide|p1a: Smeargle|[spread] p1a,p1b\n|-resisted|p1b: Dragonite\n|-damage|p1a: Smeargle|55\/100\n|-damage|p1b: Dragonite|95\/100\n|move|p1b: Dragonite|Dragon Dance|p1b: Dragonite\n|-boost|p1b: Dragonite|atk|1\n|-boost|p1b: Dragonite|spe|1\n|\n|-heal|p2a: Whimsicott|100\/100|[from] item: Leftovers\n|upkeep\n|turn|2\n|\n|t:|1698021121\n|move|p1b: Dragonite|Dragon Dance|p1b: Dragonite\n|-boost|p1b: Dragonite|atk|1\n|-boost|p1b: Dragonite|spe|1\n|move|p2a: Whimsicott|Beat Up|p2b: Lucario\n|-resisted|p2b: Lucario\n|-damage|p2b: Lucario|99\/100\n|-ability|p2b: Lucario|Justified|boost\n|-boost|p2b: Lucario|atk|1\n|-resisted|p2b: Lucario\n|-damage|p2b: Lucario|97\/100\n|-ability|p2b: Lucario|Justified|boost\n|-boost|p2b: Lucario|atk|1\n|-resisted|p2b: Lucario\n|-damage|p2b: Lucario|95\/100\n|-ability|p2b: Lucario|Justified|boost\n|-boost|p2b: Lucario|atk|1\n|-resisted|p2b: Lucario\n|-damage|p2b: Lucario|93\/100\n|-ability|p2b: Lucario|Justified|boost\n|-boost|p2b: Lucario|atk|1\n|-resisted|p2b: Lucario\n|-damage|p2b: Lucario|91\/100\n|-ability|p2b: Lucario|Justified|boost\n|-boost|p2b: Lucario|atk|1\n|-resisted|p2b: Lucario\n|-crit|p2b: Lucario\n|-damage|p2b: Lucario|88\/100\n|-ability|p2b: Lucario|Justified|boost\n|-boost|p2b: Lucario|atk|1\n|-hitcount|p2b: Lucario|6\n|move|p2b: Lucario|Drain Punch|p1b: Dragonite\n|-supereffective|p1b: Dragonite\n|-damage|p1b: Dragonite|0 fnt\n|-heal|p2b: Lucario|100\/100|[from] drain|[of] p1b: Dragonite\n|faint|p1b: Dragonite\n|move|p1a: Smeargle|Spore|p2b: Lucario\n|-status|p2b: Lucario|slp|[from] move: Spore\n|\n|upkeep\n|inactive|x_4k_x has 120 seconds left.\n|\n|t:|1698021146\n|switch|p1b: Kangaskhan|Kangaskhan, F|100\/100\n|turn|3\n|\n|t:|1698021159\n|detailschange|p2b: Lucario|Lucario-Mega, M\n|-mega|p2b: Lucario|Lucario|Lucarionite\n|detailschange|p1b: Kangaskhan|Kangaskhan-Mega, F\n|-mega|p1b: Kangaskhan|Kangaskhan|Kangaskhanite\n|move|p1b: Kangaskhan|Fake Out|p2a: Whimsicott\n|-damage|p2a: Whimsicott|73\/100\n|-damage|p2a: Whimsicott|67\/100\n|-hitcount|p2a: Whimsicott|2\n|cant|p2a: Whimsicott|flinch\n|cant|p2b: Lucario|slp\n|move|p1a: Smeargle|Transform|p2b: Lucario\n|-transform|p1a: Smeargle|p2b: Lucario\n|\n|-heal|p2a: Whimsicott|73\/100|[from] item: Leftovers\n|upkeep\n|turn|4\n|\n|t:|1698021173\n|switch|p2a: Pablo|Dondozo, F, shiny|100\/100\n|cant|p2b: Lucario|slp\n|move|p1a: Smeargle|Drain Punch|p2b: Lucario\n|-supereffective|p2b: Lucario\n|-damage|p2b: Lucario|0 fnt\n|-heal|p1a: Smeargle|99\/100|[from] drain|[of] p2b: Lucario\n|faint|p2b: Lucario\n|move|p1b: Kangaskhan|Power-Up Punch|p2a: Pablo\n|-damage|p2a: Pablo|92\/100\n|-boost|p1b: Kangaskhan|atk|1\n|-damage|p2a: Pablo|90\/100\n|-boost|p1b: Kangaskhan|atk|1\n|-hitcount|p2a: Pablo|2\n|\n|-heal|p2a: Pablo|96\/100|[from] item: Leftovers\n|upkeep\n|\n|t:|1698021180\n|switch|p2b: Sableye|Sableye, M|100\/100\n|turn|5\n|\n|t:|1698021209\n|move|p1a: Smeargle|Bullet Punch|p2b: Sableye\n|-damage|p2b: Sableye|0 fnt\n|faint|p2b: Sableye\n|move|p1b: Kangaskhan|Power-Up Punch|p2a: Pablo\n|-damage|p2a: Pablo|87\/100\n|-boost|p1b: Kangaskhan|atk|1\n|-damage|p2a: Pablo|85\/100\n|-boost|p1b: Kangaskhan|atk|1\n|-hitcount|p2a: Pablo|2\n|move|p2a: Pablo|Wave Crash|p1a: Smeargle\n|-crit|p1a: Smeargle\n|-damage|p1a: Smeargle|9\/100\n|-damage|p2a: Pablo|66\/100|[from] Recoil\n|\n|-heal|p2a: Pablo|73\/100|[from] item: Leftovers\n|upkeep\n|\n|t:|1698021214\n|switch|p2b: Whimsicott|Whimsicott, F|73\/100\n|turn|6\n|\n|t:|1698021235\n|move|p2b: Whimsicott|Tailwind|p2b: Whimsicott\n|-sidestart|p2: Benjaii|move: Tailwind\n|move|p1a: Smeargle|Drain Punch|p2a: Pablo\n|-damage|p2a: Pablo|37\/100\n|-heal|p1a: Smeargle|37\/100|[from] drain|[of] p2a: Pablo\n|move|p1b: Kangaskhan|Return|p2b: Whimsicott\n|-damage|p2b: Whimsicott|0 fnt\n|faint|p2b: Whimsicott\n|-hitcount|p2: Whimsicott|1\n|move|p2a: Pablo|Wave Crash|p1a: Smeargle\n|-damage|p1a: Smeargle|0 fnt\n|faint|p1a: Smeargle\n|-damage|p2a: Pablo|29\/100|[from] Recoil\n|\n|-heal|p2a: Pablo|35\/100|[from] item: Leftovers\n|upkeep\n|\n|t:|1698021253\n|switch|p2b: Jos\u00e9|Cinderace, M, shiny|100\/100\n|switch|p1a: Greninja|Greninja, M|100\/100\n|turn|7\n|\n|t:|1698021264\n|move|p1a: Greninja|Water Shuriken|p2b: Jos\u00e9\n|-supereffective|p2b: Jos\u00e9\n|-damage|p2b: Jos\u00e9|71\/100\n|-supereffective|p2b: Jos\u00e9\n|-damage|p2b: Jos\u00e9|44\/100\n|-supereffective|p2b: Jos\u00e9\n|-damage|p2b: Jos\u00e9|13\/100\n|-supereffective|p2b: Jos\u00e9\n|-damage|p2b: Jos\u00e9|0 fnt\n|faint|p2b: Jos\u00e9\n|-ability|p1a: Greninja|Battle Bond|boost\n|-boost|p1a: Greninja|atk|1\n|-boost|p1a: Greninja|spa|1\n|-boost|p1a: Greninja|spe|1\n|-activate|p1a: Greninja|ability: Battle Bond\n|-hitcount|p2: Jos\u00e9|4\n|move|p1b: Kangaskhan|Return|p2a: Pablo\n|-damage|p2a: Pablo|3\/100\n|-damage|p2a: Pablo|0 fnt\n|faint|p2a: Pablo\n|-hitcount|p2: Pablo|2\n|\n|upkeep\n|\n|t:|1698021269\n|switch|p2a: Maushold|Maushold-Four|100\/100\n|turn|8\n|\n|t:|1698021280\n|-terastallize|p2a: Maushold|Normal\n|move|p1a: Greninja|Water Shuriken|p2a: Maushold\n|-damage|p2a: Maushold|79\/100\n|-damage|p2a: Maushold|54\/100\n|-crit|p2a: Maushold\n|-damage|p2a: Maushold|21\/100\n|-hitcount|p2a: Maushold|3\n|move|p2a: Maushold|Population Bomb|p1a: Greninja\n|-damage|p1a: Greninja|72\/100\n|-damage|p1a: Greninja|44\/100\n|-damage|p1a: Greninja|18\/100\n|-damage|p1a: Greninja|0 fnt\n|faint|p1a: Greninja\n|-hitcount|p1: Greninja|4\n|move|p1b: Kangaskhan|Return|p2a: Maushold\n|-damage|p2a: Maushold|0 fnt\n|faint|p2a: Maushold\n|-hitcount|p2: Maushold|1\n|\n|win|x_4k_x\n|raw|x_4k_x's rating: 1091 &rarr; <strong>1124<\/strong><br \/>(+33 for winning)\n|raw|Benjaii's rating: 1178 &rarr; <strong>1147<\/strong><br \/>(-31 for losing)\n|l|\u2606Benjaii\n","uploadtime":1698021451,"views":4,"p1id":"x4kx","p2id":"benjaii","formatid":"gen9nationaldexdoubles","rating":1124,"private":0,"password":""}