{"id":"gen9nationaldexdoubles-1985719063","p1":"Sharpiepen","p2":"UrsusOmega","format":"[Gen 9] National Dex Doubles","log":"|j|\u2606Sharpiepen\n|j|\u2606UrsusOmega\n|t:|1699398992\n|gametype|doubles\n|player|p1|Sharpiepen|265|1236\n|player|p2|UrsusOmega|palmer|1171\n|teamsize|p1|6\n|teamsize|p2|6\n|gen|9\n|tier|[Gen 9] National Dex Doubles\n|rated|\n|rule|HP Percentage Mod: HP is shown in percentages\n|rule|Endless Battle Clause: Forcing endless battles is banned\n|rule|OHKO Clause: OHKO moves are banned\n|rule|Evasion Moves Clause: Evasion moves are banned\n|rule|Evasion Abilities Clause: Evasion abilities are banned\n|rule|Species Clause: Limit one of each Pok\u00e9mon\n|rule|Gravity Sleep Clause: The combination of sleep-inducing moves with imperfect accuracy and Gravity or Gigantamax Orbeetle are banned\n|clearpoke\n|poke|p1|Hippowdon, M|\n|poke|p1|Corviknight, M|\n|poke|p1|Diancie|\n|poke|p1|Tyranitar, M|\n|poke|p1|Camerupt, F|\n|poke|p1|Landorus, M|\n|poke|p2|Medicham, M|\n|poke|p2|Slaking, M|\n|poke|p2|Sinistcha|\n|poke|p2|Clefairy, M|\n|poke|p2|Indeedee, M|\n|poke|p2|Chi-Yu|\n|teampreview\n|\n|t:|1699398997\n|start\n|switch|p1a: Tyranitar|Tyranitar, M|100\/100\n|switch|p1b: Diancie|Diancie|100\/100\n|switch|p2a: Medicham|Medicham, M, shiny|100\/100\n|switch|p2b: Slaking|Slaking, M|100\/100\n|-weather|Sandstorm|[from] ability: Sand Stream|[of] p1a: Tyranitar\n|turn|1\n|\n|t:|1699399022\n|detailschange|p1b: Diancie|Diancie-Mega\n|-mega|p1b: Diancie|Diancie|Diancite\n|move|p1b: Diancie|Dazzling Gleam|p2b: Slaking|[spread] p2a,p2b\n|-supereffective|p2a: Medicham\n|-crit|p2a: Medicham\n|-enditem|p2a: Medicham|Focus Sash\n|-damage|p2a: Medicham|1\/100\n|-damage|p2b: Slaking|65\/100\n|move|p2a: Medicham|Skill Swap|p2b: Slaking\n|-activate|p2a: Medicham|move: Skill Swap|||[of] p2b: Slaking\n|move|p2b: Slaking|Drain Punch|p1a: Tyranitar\n|-supereffective|p1a: Tyranitar\n|-damage|p1a: Tyranitar|0 fnt\n|-heal|p2b: Slaking|99\/100|[from] drain|[of] p1a: Tyranitar\n|faint|p1a: Tyranitar\n|\n|-weather|Sandstorm|[upkeep]\n|-damage|p2a: Medicham|0 fnt|[from] Sandstorm\n|-damage|p2b: Slaking|92\/100|[from] Sandstorm\n|faint|p2a: Medicham\n|-heal|p2b: Slaking|99\/100|[from] item: Leftovers\n|upkeep\n|inactive|Battle timer is ON: inactive players will automatically lose when time's up. (requested by UrsusOmega)\n|\n|t:|1699399065\n|switch|p2a: Clefairy|Clefairy, M, shiny|100\/100\n|switch|p1a: Hippowdon|Hippowdon, M|100\/100\n|turn|2\n|\n|t:|1699399086\n|move|p2a: Clefairy|Helping Hand|p2b: Slaking\n|-singleturn|p2b: Slaking|Helping Hand|[of] p2a: Clefairy\n|move|p1b: Diancie|Diamond Storm|p2b: Slaking|[spread] p2b\n|-miss|p1b: Diancie|p2a: Clefairy\n|-damage|p2b: Slaking|80\/100\n|move|p2b: Slaking|Shadow Claw|p1b: Diancie\n|-crit|p1b: Diancie\n|-damage|p1b: Diancie|0 fnt\n|faint|p1b: Diancie\n|move|p1a: Hippowdon|Body Press|p2b: Slaking\n|-supereffective|p2b: Slaking\n|-crit|p2b: Slaking\n|-damage|p2b: Slaking|41\/100\n|\n|-weather|Sandstorm|[upkeep]\n|-damage|p2b: Slaking|35\/100|[from] Sandstorm\n|-damage|p2a: Clefairy|94\/100|[from] Sandstorm\n|-heal|p2b: Slaking|41\/100|[from] item: Leftovers\n|upkeep\n|\n|t:|1699399097\n|switch|p1b: Landorus|Landorus, M|100\/100\n|turn|3\n|\n|t:|1699399108\n|switch|p2a: Sinistcha|Sinistcha, shiny|100\/100\n|-heal|p2b: Slaking|66\/100|[from] ability: Hospitality|[of] p2a: Sinistcha\n|move|p1b: Landorus|Brick Break|p2b: Slaking\n|-supereffective|p2b: Slaking\n|-damage|p2b: Slaking|38\/100\n|move|p2b: Slaking|Drain Punch|p1a: Hippowdon\n|-damage|p1a: Hippowdon|53\/100\n|-heal|p2b: Slaking|55\/100|[from] drain|[of] p1a: Hippowdon\n|move|p1a: Hippowdon|Body Press|p2b: Slaking\n|-supereffective|p2b: Slaking\n|-damage|p2b: Slaking|18\/100\n|\n|-weather|Sandstorm|[upkeep]\n|-damage|p2b: Slaking|11\/100|[from] Sandstorm\n|-damage|p2a: Sinistcha|94\/100|[from] Sandstorm\n|-heal|p2b: Slaking|18\/100|[from] item: Leftovers\n|-heal|p2a: Sinistcha|100\/100|[from] item: Leftovers\n|-heal|p1a: Hippowdon|59\/100|[from] item: Leftovers\n|upkeep\n|turn|4\n|\n|t:|1699399135\n|-terastallize|p2b: Slaking|Ghost\n|move|p1b: Landorus|Brick Break|p2b: Slaking\n|-immune|p2b: Slaking\n|move|p2b: Slaking|Slack Off|p2b: Slaking\n|-heal|p2b: Slaking|68\/100\n|move|p1a: Hippowdon|Body Press|p2b: Slaking\n|-immune|p2b: Slaking\n|move|p2a: Sinistcha|Trick Room|p2a: Sinistcha\n|-fieldstart|move: Trick Room|[of] p2a: Sinistcha\n|\n|-weather|Sandstorm|[upkeep]\n|-damage|p2a: Sinistcha|94\/100|[from] Sandstorm\n|-damage|p2b: Slaking|61\/100|[from] Sandstorm\n|-heal|p1a: Hippowdon|65\/100|[from] item: Leftovers\n|-heal|p2a: Sinistcha|100\/100|[from] item: Leftovers\n|-heal|p2b: Slaking|68\/100|[from] item: Leftovers\n|upkeep\n|turn|5\n|-message|Sharpiepen forfeited.\n|\n|win|UrsusOmega\n|raw|Sharpiepen's rating: 1236 &rarr; <strong>1206<\/strong><br \/>(-30 for losing)\n|raw|UrsusOmega's rating: 1171 &rarr; <strong>1201<\/strong><br \/>(+30 for winning)\n|l|\u2606Sharpiepen\n|j|\u2606Sharpiepen\n|player|p1|Sharpiepen|265\n","uploadtime":1699399145,"views":5,"p1id":"sharpiepen","p2id":"ursusomega","formatid":"gen9nationaldexdoubles","rating":1201,"private":0,"password":""}