{"id":"gen9nationaldexdoubles-1976896137","p1":"Draggy Gutsfree","p2":"Lord Highkage","format":"[Gen 9] National Dex Doubles","log":"|j|\u2606Draggy Gutsfree\n|j|\u2606Lord Highkage\n|t:|1698350339\n|gametype|doubles\n|player|p1|Draggy Gutsfree|will|\n|player|p2|Lord Highkage|102|\n|teamsize|p1|6\n|teamsize|p2|6\n|gen|9\n|tier|[Gen 9] National Dex Doubles\n|rule|HP Percentage Mod: HP is shown in percentages\n|rule|Endless Battle Clause: Forcing endless battles is banned\n|rule|OHKO Clause: OHKO moves are banned\n|rule|Evasion Moves Clause: Evasion moves are banned\n|rule|Evasion Abilities Clause: Evasion abilities are banned\n|rule|Species Clause: Limit one of each Pok\u00e9mon\n|rule|Gravity Sleep Clause: The combination of sleep-inducing moves with imperfect accuracy and Gravity or Gigantamax Orbeetle are banned\n|clearpoke\n|poke|p1|Sinistcha-Masterpiece|\n|poke|p1|Volbeat, M|\n|poke|p1|Ceruledge, F|\n|poke|p1|Gengar, F|\n|poke|p1|Goodra-Hisui, M|\n|poke|p1|Urshifu-*, F|\n|poke|p2|Weavile, M|\n|poke|p2|Hydreigon, M|\n|poke|p2|Jirachi|\n|poke|p2|Salamence, M|\n|poke|p2|Starmie|\n|poke|p2|Empoleon, F|\n|teampreview\n|\n|t:|1698350362\n|start\n|switch|p1a: Volbeat|Volbeat, M|100\/100\n|switch|p1b: Urshifu|Urshifu-Rapid-Strike, F|100\/100\n|switch|p2a: Salamence|Salamence, M|100\/100\n|switch|p2b: Jirachi|Jirachi|100\/100\n|-ability|p2a: Salamence|Intimidate|boost\n|-unboost|p1a: Volbeat|atk|1\n|-unboost|p1b: Urshifu|atk|1\n|turn|1\n|\n|t:|1698350387\n|move|p1a: Volbeat|Tailwind|p1a: Volbeat\n|-sidestart|p1: Draggy Gutsfree|move: Tailwind\n|move|p1b: Urshifu|U-turn|p2b: Jirachi\n|-damage|p2b: Jirachi|78\/100\n|\n|t:|1698350394\n|switch|p1b: Sinistcha|Sinistcha-Masterpiece|100\/100|[from] U-turn\n|move|p2a: Salamence|Air Slash|p1a: Volbeat\n|-supereffective|p1a: Volbeat\n|-damage|p1a: Volbeat|10\/100\n|move|p2b: Jirachi|Encore|p1a: Volbeat\n|-start|p1a: Volbeat|Encore\n|-enditem|p1a: Volbeat|Mental Herb\n|-end|p1a: Volbeat|Encore\n|\n|-heal|p2b: Jirachi|84\/100|[from] item: Leftovers\n|upkeep\n|turn|2\n|\n|t:|1698350424\n|move|p1a: Volbeat|Thunder Wave|p2a: Salamence\n|-status|p2a: Salamence|par\n|move|p1b: Sinistcha|Calm Mind|p1b: Sinistcha\n|-boost|p1b: Sinistcha|spa|1\n|-boost|p1b: Sinistcha|spd|1\n|move|p2b: Jirachi|Iron Head|p1a: Volbeat\n|-damage|p1a: Volbeat|0 fnt\n|faint|p1a: Volbeat\n|move|p2a: Salamence|Air Slash|p1b: Sinistcha\n|-supereffective|p1b: Sinistcha\n|-damage|p1b: Sinistcha|40\/100\n|\n|-heal|p1b: Sinistcha|46\/100|[from] item: Leftovers\n|-heal|p2b: Jirachi|90\/100|[from] item: Leftovers\n|upkeep\n|\n|t:|1698350439\n|switch|p1a: Ceruledge|Ceruledge, F|100\/100\n|turn|3\n|\n|t:|1698350454\n|switch|p2b: Weavile|Weavile, M|100\/100\n|-ability|p2b: Weavile|Pressure\n|move|p1a: Ceruledge|Shadow Sneak|p2b: Weavile\n|-resisted|p2b: Weavile\n|-damage|p2b: Weavile|81\/100\n|move|p1b: Sinistcha|Strength Sap|p2a: Salamence\n|-unboost|p2a: Salamence|atk|1\n|-heal|p1b: Sinistcha|100\/100\n|move|p2a: Salamence|Air Slash|p1b: Sinistcha\n|-supereffective|p1b: Sinistcha\n|-damage|p1b: Sinistcha|39\/100\n|\n|-heal|p1b: Sinistcha|45\/100|[from] item: Leftovers\n|upkeep\n|turn|4\n|\n|t:|1698350475\n|move|p2b: Weavile|Ice Shard|p1b: Sinistcha\n|-supereffective|p1b: Sinistcha\n|-damage|p1b: Sinistcha|15\/100\n|move|p1a: Ceruledge|Bitter Blade|p2b: Weavile\n|-supereffective|p2b: Weavile\n|-damage|p2b: Weavile|0 fnt\n|faint|p2b: Weavile\n|move|p1b: Sinistcha|Strength Sap|p2a: Salamence\n|-unboost|p2a: Salamence|atk|1\n|-heal|p1b: Sinistcha|63\/100\n|move|p2a: Salamence|Draco Meteor|p1a: Ceruledge|[miss]\n|-miss|p2a: Salamence|p1a: Ceruledge\n|\n|-heal|p1b: Sinistcha|69\/100|[from] item: Leftovers\n|-sideend|p1: Draggy Gutsfree|move: Tailwind\n|upkeep\n|\n|t:|1698350508\n|switch|p2b: Empoleon|Empoleon, F|100\/100\n|turn|5\n|\n|t:|1698350519\n|move|p1a: Ceruledge|Shadow Sneak|p2a: Salamence\n|-damage|p2a: Salamence|74\/100 par\n|move|p1b: Sinistcha|Matcha Gotcha|p2a: Salamence|[spread] p2a,p2b\n|-resisted|p2a: Salamence\n|-damage|p2a: Salamence|62\/100 par\n|-heal|p1b: Sinistcha|74\/100|[from] drain|[of] p2a: Salamence\n|-damage|p2b: Empoleon|68\/100\n|-heal|p1b: Sinistcha|92\/100|[from] drain|[of] p2b: Empoleon\n|cant|p2a: Salamence|par\n|move|p2b: Empoleon|Flip Turn|p1a: Ceruledge\n|-supereffective|p1a: Ceruledge\n|-damage|p1a: Ceruledge|17\/100\n|\n|t:|1698350533\n|switch|p2b: Jirachi|Jirachi|90\/100|[from] Flip Turn\n|\n|-heal|p2b: Jirachi|97\/100|[from] item: Leftovers\n|-heal|p1b: Sinistcha|98\/100|[from] item: Leftovers\n|upkeep\n|turn|6\n|\n|t:|1698350556\n|move|p1a: Ceruledge|Shadow Sneak|p2b: Jirachi\n|-supereffective|p2b: Jirachi\n|-damage|p2b: Jirachi|60\/100\n|move|p2b: Jirachi|Life Dew|p2b: Jirachi|[spread] p2a,p2b\n|-heal|p2a: Salamence|88\/100 par\n|-heal|p2b: Jirachi|85\/100\n|move|p1b: Sinistcha|Calm Mind|p1b: Sinistcha\n|-boost|p1b: Sinistcha|spa|1\n|-boost|p1b: Sinistcha|spd|1\n|cant|p2a: Salamence|par\n|\n|-heal|p2b: Jirachi|92\/100|[from] item: Leftovers\n|-heal|p1b: Sinistcha|100\/100|[from] item: Leftovers\n|upkeep\n|turn|7\n|\n|t:|1698350576\n|move|p2b: Jirachi|Encore|p1b: Sinistcha\n|-start|p1b: Sinistcha|Encore\n|move|p1a: Ceruledge|Bitter Blade|p2b: Jirachi\n|-supereffective|p2b: Jirachi\n|-damage|p2b: Jirachi|1\/100\n|-heal|p1a: Ceruledge|69\/100|[from] drain|[of] p2b: Jirachi\n|move|p1b: Sinistcha|Calm Mind|p1b: Sinistcha\n|-boost|p1b: Sinistcha|spa|1\n|-boost|p1b: Sinistcha|spd|1\n|move|p2a: Salamence|Flamethrower|p1b: Sinistcha\n|-supereffective|p1b: Sinistcha\n|-damage|p1b: Sinistcha|70\/100\n|\n|-heal|p2b: Jirachi|7\/100|[from] item: Leftovers\n|-heal|p1b: Sinistcha|77\/100|[from] item: Leftovers\n|upkeep\n|turn|8\n|\n|t:|1698350595\n|switch|p2b: Empoleon|Empoleon, F|68\/100\n|switch|p2a: Hydreigon|Hydreigon, M|100\/100\n|move|p1a: Ceruledge|Shadow Sneak|p2b: Empoleon\n|-damage|p2b: Empoleon|46\/100\n|move|p1b: Sinistcha|Calm Mind|p1b: Sinistcha\n|-boost|p1b: Sinistcha|spa|1\n|-boost|p1b: Sinistcha|spd|1\n|\n|-heal|p1b: Sinistcha|83\/100|[from] item: Leftovers\n|upkeep\n|turn|9\n|\n|t:|1698350619\n|move|p2b: Empoleon|Aqua Jet|p1a: Ceruledge\n|-supereffective|p1a: Ceruledge\n|-damage|p1a: Ceruledge|12\/100\n|move|p1a: Ceruledge|Bitter Blade|p2b: Empoleon\n|-damage|p2b: Empoleon|0 fnt\n|-heal|p1a: Ceruledge|36\/100|[from] drain|[of] p2b: Empoleon\n|faint|p2b: Empoleon\n|move|p1b: Sinistcha|Calm Mind|p1b: Sinistcha\n|-boost|p1b: Sinistcha|spa|1\n|-boost|p1b: Sinistcha|spd|1\n|move|p2a: Hydreigon|Dragon Tail|p1b: Sinistcha\n|-damage|p1b: Sinistcha|62\/100\n|-damage|p2a: Hydreigon|91\/100|[from] item: Life Orb\n|drag|p1b: Goodra|Goodra-Hisui, M|100\/100\n|\n|upkeep\n|\n|t:|1698350637\n|switch|p2b: Starmie|Starmie|100\/100\n|turn|10\n|\n|t:|1698350648\n|move|p1a: Ceruledge|Shadow Sneak|p2b: Starmie\n|-supereffective|p2b: Starmie\n|-damage|p2b: Starmie|39\/100\n|move|p2a: Hydreigon|Earth Power|p1b: Goodra\n|-supereffective|p1b: Goodra\n|-damage|p1b: Goodra|45\/100\n|-damage|p2a: Hydreigon|81\/100|[from] item: Life Orb\n|move|p2b: Starmie|Scald|p1a: Ceruledge\n|-supereffective|p1a: Ceruledge\n|-damage|p1a: Ceruledge|0 fnt\n|faint|p1a: Ceruledge\n|move|p1b: Goodra|Acid Armor|p1b: Goodra\n|-boost|p1b: Goodra|def|2\n|\n|-heal|p2b: Starmie|45\/100|[from] item: Leftovers\n|upkeep\n|\n|t:|1698350665\n|switch|p1a: Gengar|Gengar, F|100\/100\n|turn|11\n|\n|t:|1698350684\n|switch|p2b: Jirachi|Jirachi|7\/100\n|move|p1a: Gengar|Shadow Ball|p2b: Jirachi\n|-supereffective|p2b: Jirachi\n|-damage|p2b: Jirachi|0 fnt\n|faint|p2b: Jirachi\n|move|p2a: Hydreigon|Earth Power|p1b: Goodra\n|-supereffective|p1b: Goodra\n|-damage|p1b: Goodra|0 fnt\n|faint|p1b: Goodra\n|-damage|p2a: Hydreigon|71\/100|[from] item: Life Orb\n|\n|upkeep\n|\n|t:|1698350699\n|switch|p2b: Salamence|Salamence, M|88\/100 par\n|switch|p1b: Urshifu|Urshifu-Rapid-Strike, F|100\/100\n|-ability|p2b: Salamence|Intimidate|boost\n|-unboost|p1a: Gengar|atk|1\n|-unboost|p1b: Urshifu|atk|1\n|turn|12\n|\n|t:|1698350714\n|move|p1a: Gengar|Shadow Ball|p2a: Hydreigon\n|-resisted|p2a: Hydreigon\n|-damage|p2a: Hydreigon|38\/100\n|move|p2a: Hydreigon|Earth Power|p1a: Gengar\n|-supereffective|p1a: Gengar\n|-damage|p1a: Gengar|0 fnt\n|faint|p1a: Gengar\n|-damage|p2a: Hydreigon|28\/100|[from] item: Life Orb\n|move|p1b: Urshifu|Close Combat|p2a: Hydreigon\n|-supereffective|p2a: Hydreigon\n|-damage|p2a: Hydreigon|0 fnt\n|-unboost|p1b: Urshifu|def|1\n|-unboost|p1b: Urshifu|spd|1\n|faint|p2a: Hydreigon\n|move|p2b: Salamence|Air Slash|p1b: Urshifu\n|-supereffective|p1b: Urshifu\n|-damage|p1b: Urshifu|0 fnt\n|faint|p1b: Urshifu\n|\n|upkeep\n|\n|t:|1698350736\n|switch|p2a: Starmie|Starmie|45\/100\n|switch|p1b: Sinistcha|Sinistcha-Masterpiece|62\/100\n|turn|13\n|\n|t:|1698350762\n|move|p2a: Starmie|Psychic|p1b: Sinistcha\n|-damage|p1b: Sinistcha|15\/100\n|move|p1b: Sinistcha|Matcha Gotcha|p2b: Salamence|[spread] p2a,p2b\n|-supereffective|p2a: Starmie\n|-resisted|p2b: Salamence\n|-damage|p2a: Starmie|0 fnt\n|-heal|p1b: Sinistcha|34\/100|[from] drain|[of] p2a: Starmie\n|-damage|p2b: Salamence|81\/100 par\n|-heal|p1b: Sinistcha|38\/100|[from] drain|[of] p2b: Salamence\n|faint|p2a: Starmie\n|cant|p2b: Salamence|par\n|\n|-heal|p1b: Sinistcha|44\/100|[from] item: Leftovers\n|upkeep\n|turn|14\n|\n|t:|1698350775\n|move|p1b: Sinistcha|Strength Sap|p2b: Salamence\n|-unboost|p2b: Salamence|atk|1\n|-heal|p1b: Sinistcha|100\/100\n|move|p2b: Salamence|Air Slash|p1b: Sinistcha\n|-supereffective|p1b: Sinistcha\n|-damage|p1b: Sinistcha|6\/100\n|\n|-heal|p1b: Sinistcha|12\/100|[from] item: Leftovers\n|upkeep\n|turn|15\n|\n|t:|1698350784\n|move|p1b: Sinistcha|Strength Sap|p2b: Salamence\n|-unboost|p2b: Salamence|atk|1\n|-heal|p1b: Sinistcha|60\/100\n|move|p2b: Salamence|Air Slash|p1b: Sinistcha\n|-supereffective|p1b: Sinistcha\n|-crit|p1b: Sinistcha\n|-damage|p1b: Sinistcha|0 fnt\n|faint|p1b: Sinistcha\n|\n|win|Lord Highkage\n|c|\u2606Lord Highkage|gg\n|c|\u2606Draggy Gutsfree|gg\n","uploadtime":1698350794,"views":10,"p1id":"draggygutsfree","p2id":"lordhighkage","formatid":"gen9nationaldexdoubles","rating":0,"private":0,"password":""}