{"id":"gen9nationaldexdoubles-1956933154","p1":"Relleth","p2":"Zelphalopod","format":"[Gen 9] National Dex Doubles","log":"|j|\u2606Relleth\n|j|\u2606Zelphalopod\n|t:|1696171222\n|gametype|doubles\n|player|p1|Relleth|wallace|\n|player|p2|Zelphalopod|brendan-masters|\n|teamsize|p1|6\n|teamsize|p2|6\n|gen|9\n|tier|[Gen 9] National Dex Doubles\n|rule|HP Percentage Mod: HP is shown in percentages\n|rule|Endless Battle Clause: Forcing endless battles is banned\n|rule|OHKO Clause: OHKO moves are banned\n|rule|Evasion Moves Clause: Evasion moves are banned\n|rule|Evasion Abilities Clause: Evasion abilities are banned\n|rule|Species Clause: Limit one of each Pok\u00e9mon\n|rule|Gravity Sleep Clause: The combination of sleep-inducing moves with imperfect accuracy and Gravity or Gigantamax Orbeetle are banned\n|clearpoke\n|poke|p1|Mew|\n|poke|p1|Iron Thorns|\n|poke|p1|Pincurchin, F|\n|poke|p1|Chi-Yu|\n|poke|p1|Sneasler, F|\n|poke|p1|Togekiss, F|\n|poke|p2|Blaziken, M|\n|poke|p2|Toxtricity, M|\n|poke|p2|Samurott-Hisui, M|\n|poke|p2|Brute Bonnet|\n|poke|p2|Volcanion|\n|poke|p2|Gyarados, M|\n|teampreview\n|j| 2wb\n|j| Play Tale of Wuxia\n|j| Jolly stranger\n|\n|t:|1696171258\n|start\n|switch|p1a: Mew|Mew, shiny|100\/100\n|switch|p1b: Sneasler|Sneasler, F|100\/100\n|switch|p2a: Shui-Long|Gyarados, M|100\/100\n|switch|p2b: Storm|Volcanion|100\/100\n|-ability|p2a: Shui-Long|Intimidate|boost\n|-unboost|p1a: Mew|atk|1\n|-unboost|p1b: Sneasler|atk|1\n|turn|1\n|j| Camdar\n|l| Jolly stranger\n|\n|t:|1696171273\n|move|p2a: Shui-Long|Protect|p2a: Shui-Long\n|-singleturn|p2a: Shui-Long|Protect\n|move|p1b: Sneasler|Rock Slide|p2b: Storm|[spread] p2b\n|-activate|p2a: Shui-Long|move: Protect\n|-supereffective|p2b: Storm\n|-damage|p2b: Storm|77\/100\n|move|p1a: Mew|Tailwind|p1a: Mew\n|-sidestart|p1: Relleth|move: Tailwind\n|move|p2b: Storm|Heat Wave|p1b: Sneasler|[spread] p1a,p1b\n|-damage|p1a: Mew|62\/100\n|-damage|p1b: Sneasler|48\/100\n|\n|-heal|p1a: Mew|69\/100|[from] item: Leftovers\n|upkeep\n|turn|2\n|c|\u2606Zelphalopod|no, my only weakness-\n|\n|t:|1696171299\n|switch|p1b: Pincurchin|Pincurchin, F|100\/100\n|-fieldstart|move: Electric Terrain|[from] ability: Electric Surge|[of] p1b: Pincurchin\n|move|p1a: Mew|Flip Turn|p2b: Storm\n|-heal|p2b: Storm|100\/100|[from] ability: Water Absorb|[of] p1a: Mew\n|move|p2a: Shui-Long|Thunder Wave|p1b: Pincurchin\n|-immune|p1b: Pincurchin\n|move|p2b: Storm|Heat Wave|p1a: Mew|[spread] p1a,p1b\n|-damage|p1a: Mew|30\/100\n|-damage|p1b: Pincurchin|44\/100\n|\n|-heal|p1a: Mew|36\/100|[from] item: Leftovers\n|upkeep\n|turn|3\n|\n|t:|1696171333\n|switch|p1a: Iron Thorns|Iron Thorns|100\/100\n|-activate|p1a: Iron Thorns|ability: Quark Drive\n|-start|p1a: Iron Thorns|quarkdriveatk\n|move|p2a: Shui-Long|Protect|p2a: Shui-Long\n|-singleturn|p2a: Shui-Long|Protect\n|move|p2b: Storm|Steam Eruption|p1a: Iron Thorns\n|-supereffective|p1a: Iron Thorns\n|-damage|p1a: Iron Thorns|0 fnt\n|faint|p1a: Iron Thorns\n|-end|p1a: Iron Thorns|Quark Drive|[silent]\n|move|p1b: Pincurchin|Rising Voltage|p2b: Storm\n|-hint|Rising Voltage's BP doubled on grounded target.\n|-supereffective|p2b: Storm\n|-damage|p2b: Storm|24\/100\n|\n|upkeep\n|\n|t:|1696171350\n|switch|p1a: Sneasler|Sneasler, F|48\/100\n|turn|4\n|\n|t:|1696171373\n|switch|p2a: Among|Brute Bonnet|100\/100\n|-enditem|p2a: Among|Booster Energy\n|-activate|p2a: Among|ability: Protosynthesis|[fromitem]\n|-start|p2a: Among|protosynthesisdef\n|switch|p2b: Lazarus|Toxtricity, M, shiny|100\/100\n|move|p1a: Sneasler|Fake Out|p2a: Among\n|-enditem|p1a: Sneasler|Normal Gem|[from] gem\n|-damage|p2a: Among|92\/100\n|move|p1b: Pincurchin|Rising Voltage|p2a: Among\n|-hint|Rising Voltage's BP doubled on grounded target.\n|-resisted|p2a: Among\n|-damage|p2a: Among|74\/100\n|\n|-sideend|p1: Relleth|move: Tailwind\n|upkeep\n|turn|5\n|c|\u2606Zelphalopod|oh it *is* shiny it just doesn't show on the preview ig\n|c|\u2606Zelphalopod|oops sorry\n|\n|t:|1696171405\n|move|p2a: Among|Rage Powder|p2a: Among\n|-singleturn|p2a: Among|move: Rage Powder\n|move|p1b: Pincurchin|Sucker Punch||[still]\n|-fail|p1b: Pincurchin\n|move|p1a: Sneasler|Acrobatics|p2a: Among\n|-supereffective|p2a: Among\n|-damage|p2a: Among|41\/100\n|move|p2b: Lazarus|Overdrive|p1a: Sneasler|[spread] p1a,p1b\n|-resisted|p1b: Pincurchin\n|-damage|p1a: Sneasler|0 fnt\n|-damage|p1b: Pincurchin|7\/100\n|faint|p1a: Sneasler\n|-enditem|p2b: Lazarus|Throat Spray\n|-boost|p2b: Lazarus|spa|1|[from] item: Throat Spray\n|\n|upkeep\n|\n|t:|1696171421\n|switch|p1a: Mew|Mew, shiny|36\/100\n|turn|6\n|\n|t:|1696171436\n|move|p2a: Among|Rage Powder|p2a: Among\n|-singleturn|p2a: Among|move: Rage Powder\n|move|p1a: Mew|Tailwind|p1a: Mew\n|-sidestart|p1: Relleth|move: Tailwind\n|move|p2b: Lazarus|Overdrive|p1b: Pincurchin|[spread] p1a,p1b\n|-resisted|p1b: Pincurchin\n|-damage|p1a: Mew|0 fnt\n|-damage|p1b: Pincurchin|0 fnt\n|faint|p1a: Mew\n|faint|p1b: Pincurchin\n|\n|-fieldend|move: Electric Terrain\n|upkeep\n|\n|t:|1696171445\n|switch|p1a: Chi-Yu|Chi-Yu|100\/100\n|switch|p1b: Togekiss|Togekiss, F|100\/100\n|-ability|p1a: Chi-Yu|Beads of Ruin\n|turn|7\n|\n|t:|1696171459\n|move|p1a: Chi-Yu|Heat Wave|p2b: Lazarus|[spread] p2a\n|-miss|p1a: Chi-Yu|p2b: Lazarus\n|-supereffective|p2a: Among\n|-damage|p2a: Among|0 fnt\n|faint|p2a: Among\n|-end|p2a: Among|Protosynthesis|[silent]\n|move|p1b: Togekiss|Dazzling Gleam|p2b: Lazarus\n|-resisted|p2b: Lazarus\n|-damage|p2b: Lazarus|47\/100\n|-damage|p1b: Togekiss|91\/100|[from] item: Life Orb\n|move|p2b: Lazarus|Boomburst|p1b: Togekiss|[spread] p1a,p1b\n|-damage|p1a: Chi-Yu|22\/100\n|-damage|p1b: Togekiss|10\/100\n|\n|upkeep\n|\n|t:|1696171485\n|switch|p2a: Taro|Blaziken, M|100\/100\n|turn|8\n|\n|t:|1696171519\n|switch|p2b: Storm|Volcanion|24\/100\n|-terastallize|p1b: Togekiss|Flying\n|move|p2a: Taro|Detect|p2a: Taro\n|-singleturn|p2a: Taro|Protect\n|move|p1a: Chi-Yu|Heat Wave|p2b: Storm|[spread] p2b\n|-activate|p2a: Taro|move: Protect\n|-resisted|p2b: Storm\n|-damage|p2b: Storm|11\/100\n|move|p1b: Togekiss|Air Cutter|p2a: Taro|[spread] p2b\n|-activate|p2a: Taro|move: Protect\n|-crit|p2b: Storm\n|-damage|p2b: Storm|0 fnt\n|faint|p2b: Storm\n|-damage|p1b: Togekiss|0 fnt|[from] item: Life Orb\n|faint|p1b: Togekiss\n|\n|-ability|p2a: Taro|Speed Boost|boost\n|-boost|p2a: Taro|spe|1\n|upkeep\n|\n|t:|1696171541\n|switch|p2b: Yin|Samurott-Hisui, M|100\/100\n|turn|9\n|\n|t:|1696171551\n|-terastallize|p2b: Yin|Water\n|move|p1a: Chi-Yu|Heat Wave|p2b: Yin|[spread] p2a,p2b\n|-resisted|p2a: Taro\n|-resisted|p2b: Yin\n|-damage|p2a: Taro|39\/100\n|-damage|p2b: Yin|47\/100\n|-status|p2b: Yin|brn\n|move|p2a: Taro|Close Combat|p1a: Chi-Yu\n|-supereffective|p1a: Chi-Yu\n|-damage|p1a: Chi-Yu|0 fnt\n|-unboost|p2a: Taro|def|1\n|-unboost|p2a: Taro|spd|1\n|faint|p1a: Chi-Yu\n|\n|win|Zelphalopod\n|l|\u2606Relleth\n|l| Camdar\n|l| Play Tale of Wuxia\n|l| 2wb\n|l|\u2606Zelphalopod\n|j| 2wb\n|j| Camdar\n|j| Jolly stranger\n","uploadtime":1696171844,"views":16,"p1id":"relleth","p2id":"zelphalopod","formatid":"gen9nationaldexdoubles","rating":0,"private":0,"password":""}