{"id":"gen9nationaldexdoubles-1975117730","p1":"lvBreakfast","p2":"Nerdygolem513","format":"[Gen 9] National Dex Doubles","log":"|j|\u2606lvBreakfast\n|j|\u2606Nerdygolem513\n|t:|1698163259\n|gametype|doubles\n|player|p1|lvBreakfast|clerkf|1227\n|player|p2|Nerdygolem513|skullgrunt|1344\n|teamsize|p1|6\n|teamsize|p2|6\n|gen|9\n|tier|[Gen 9] National Dex Doubles\n|rated|\n|rule|HP Percentage Mod: HP is shown in percentages\n|rule|Endless Battle Clause: Forcing endless battles is banned\n|rule|OHKO Clause: OHKO moves are banned\n|rule|Evasion Moves Clause: Evasion moves are banned\n|rule|Evasion Abilities Clause: Evasion abilities are banned\n|rule|Species Clause: Limit one of each Pok\u00e9mon\n|rule|Gravity Sleep Clause: The combination of sleep-inducing moves with imperfect accuracy and Gravity or Gigantamax Orbeetle are banned\n|clearpoke\n|poke|p1|Emolga, M|\n|poke|p1|Golisopod, F|\n|poke|p1|Rillaboom, M|\n|poke|p1|Comfey, F|\n|poke|p1|Incineroar, M|\n|poke|p1|Weavile, F|\n|poke|p2|Tapu Koko|\n|poke|p2|Indeedee-F, F|\n|poke|p2|Raichu-Alola, F|\n|poke|p2|Alakazam, F|\n|poke|p2|Iron Valiant|\n|poke|p2|Farigiraf, M|\n|teampreview\n|\n|t:|1698163278\n|start\n|switch|p1a: Chien Pao|Weavile, F|100\/100\n|switch|p1b: Incineroar|Incineroar, M|100\/100\n|switch|p2a: Tapu Koko|Tapu Koko|100\/100\n|switch|p2b: Raichu|Raichu-Alola, F|100\/100\n|-fieldstart|move: Electric Terrain|[from] ability: Electric Surge|[of] p2a: Tapu Koko\n|-ability|p1b: Incineroar|Intimidate|boost\n|-unboost|p2a: Tapu Koko|atk|1\n|-unboost|p2b: Raichu|atk|1\n|turn|1\n|\n|t:|1698163295\n|switch|p1b: Rillaboom|Rillaboom, M, shiny|100\/100\n|-fieldstart|move: Grassy Terrain|[from] ability: Grassy Surge|[of] p1b: Rillaboom\n|move|p2b: Raichu|Protect|p2b: Raichu\n|-singleturn|p2b: Raichu|Protect\n|move|p2a: Tapu Koko|U-turn|p1a: Chien Pao\n|-supereffective|p1a: Chien Pao\n|-damage|p1a: Chien Pao|47\/100\n|\n|t:|1698163308\n|switch|p2a: Iron Valiant|Iron Valiant|100\/100|[from] U-turn\n|move|p1a: Chien Pao|Knock Off|p2b: Raichu\n|-activate|p2b: Raichu|move: Protect\n|\n|-heal|p1a: Chien Pao|53\/100|[from] Grassy Terrain\n|upkeep\n|turn|2\n|\n|t:|1698163331\n|switch|p1a: Incineroar|Incineroar, M|100\/100\n|-ability|p1a: Incineroar|Intimidate|boost\n|-unboost|p2a: Iron Valiant|atk|1\n|-unboost|p2b: Raichu|atk|1\n|switch|p2b: Tapu Koko|Tapu Koko|100\/100\n|-fieldstart|move: Electric Terrain|[from] ability: Electric Surge|[of] p2b: Tapu Koko\n|-activate|p2a: Iron Valiant|ability: Quark Drive\n|-start|p2a: Iron Valiant|quarkdrivespe\n|move|p2a: Iron Valiant|Ice Punch|p1b: Rillaboom\n|-supereffective|p1b: Rillaboom\n|-damage|p1b: Rillaboom|57\/100\n|move|p1b: Rillaboom|Grassy Glide|p2b: Tapu Koko\n|-damage|p2b: Tapu Koko|58\/100\n|\n|upkeep\n|turn|3\n|\n|t:|1698163356\n|switch|p1b: Golisopod|Golisopod, F|100\/100\n|move|p2a: Iron Valiant|Ice Punch|p1b: Golisopod\n|-resisted|p1b: Golisopod\n|-damage|p1b: Golisopod|92\/100\n|move|p2b: Tapu Koko|Thunder Punch|p1a: Incineroar\n|-damage|p1a: Incineroar|53\/100\n|move|p1a: Incineroar|Flare Blitz|p2a: Iron Valiant\n|-damage|p2a: Iron Valiant|37\/100\n|-damage|p1a: Incineroar|37\/100|[from] Recoil\n|\n|-heal|p1a: Incineroar|43\/100|[from] item: Leftovers\n|upkeep\n|turn|4\n|\n|t:|1698163383\n|-end|p2a: Iron Valiant|Quark Drive|[silent]\n|switch|p2a: Farigiraf|Farigiraf, M|100\/100\n|switch|p1b: Rillaboom|Rillaboom, M, shiny|57\/100\n|-fieldstart|move: Grassy Terrain|[from] ability: Grassy Surge|[of] p1b: Rillaboom\n|move|p2b: Tapu Koko|Thunder Punch|p1a: Incineroar\n|-damage|p1a: Incineroar|7\/100\n|move|p1a: Incineroar|Flare Blitz|p2a: Farigiraf\n|-damage|p2a: Farigiraf|53\/100\n|-damage|p1a: Incineroar|0 fnt|[from] Recoil\n|faint|p1a: Incineroar\n|\n|-heal|p2b: Tapu Koko|64\/100|[from] Grassy Terrain\n|-heal|p1b: Rillaboom|63\/100|[from] Grassy Terrain\n|-heal|p2a: Farigiraf|59\/100|[from] Grassy Terrain\n|upkeep\n|\n|t:|1698163396\n|switch|p1a: Emolga <3|Emolga, M|100\/100\n|turn|5\n|\n|t:|1698163408\n|move|p2b: Tapu Koko|Brave Bird|p1b: Rillaboom\n|-supereffective|p1b: Rillaboom\n|-damage|p1b: Rillaboom|0 fnt\n|faint|p1b: Rillaboom\n|-damage|p2b: Tapu Koko|36\/100|[from] Recoil\n|move|p1a: Emolga <3|Nuzzle|p2a: Farigiraf\n|-damage|p2a: Farigiraf|54\/100\n|-status|p2a: Farigiraf|par\n|move|p2a: Farigiraf|Wish|p2a: Farigiraf\n|\n|-heal|p2b: Tapu Koko|42\/100|[from] Grassy Terrain\n|-heal|p2a: Farigiraf|60\/100 par|[from] Grassy Terrain\n|upkeep\n|\n|t:|1698163425\n|switch|p1b: Chien Pao|Weavile, F|53\/100\n|turn|6\n|\n|t:|1698163435\n|move|p2a: Farigiraf|Ally Switch|p2a: Farigiraf\n|swap|p2a: Farigiraf|1|[from] move: Ally Switch\n|move|p2a: Tapu Koko|Iron Head|p1b: Chien Pao\n|-supereffective|p1b: Chien Pao\n|-damage|p1b: Chien Pao|0 fnt\n|faint|p1b: Chien Pao\n|move|p1a: Emolga <3|Acrobatics|p2b: Farigiraf\n|-damage|p2b: Farigiraf|44\/100 par\n|\n|-heal|p2a: Tapu Koko|100\/100|[from] move: Wish|[wisher] Farigiraf\n|-heal|p2b: Farigiraf|50\/100 par|[from] Grassy Terrain\n|upkeep\n|\n|t:|1698163447\n|switch|p1b: Confetti|Comfey, F|100\/100\n|turn|7\n|\n|t:|1698163484\n|move|p1b: Confetti|Giga Drain||[still]\n|cant|p2b: Farigiraf|ability: Armor Tail|Giga Drain|[of] p1b: Confetti\n|move|p2a: Tapu Koko|Iron Head|p1b: Confetti\n|-supereffective|p1b: Confetti\n|-damage|p1b: Confetti|36\/100\n|move|p1a: Emolga <3|U-turn|p2b: Farigiraf\n|-supereffective|p2b: Farigiraf\n|-damage|p2b: Farigiraf|23\/100 par\n|-enditem|p2b: Farigiraf|Aguav Berry|[eat]\n|-heal|p2b: Farigiraf|57\/100 par|[from] item: Aguav Berry\n|\n|t:|1698163490\n|switch|p1a: Golisopod|Golisopod, F|92\/100|[from] U-turn\n|cant|p2b: Farigiraf|par\n|\n|-heal|p1b: Confetti|42\/100|[from] Grassy Terrain\n|-heal|p1a: Golisopod|98\/100|[from] Grassy Terrain\n|-heal|p2b: Farigiraf|63\/100 par|[from] Grassy Terrain\n|upkeep\n|turn|8\n|\n|t:|1698163534\n|switch|p1a: Emolga <3|Emolga, M|100\/100\n|switch|p2b: Indeedee|Indeedee-F, F|100\/100\n|-fieldstart|move: Psychic Terrain|[from] ability: Psychic Surge|[of] p2b: Indeedee\n|move|p1b: Confetti|Giga Drain|p2a: Tapu Koko\n|-activate|p2a: Tapu Koko|move: Psychic Terrain\n|move|p2a: Tapu Koko|U-turn|p1a: Emolga <3\n|-resisted|p1a: Emolga <3\n|-damage|p1a: Emolga <3|81\/100\n|\n|t:|1698163545\n|switch|p2a: Alakazam|Alakazam, F|100\/100|[from] U-turn\n|\n|upkeep\n|turn|9\n|\n|t:|1698163560\n|switch|p2b: Iron Valiant|Iron Valiant|37\/100\n|detailschange|p2a: Alakazam|Alakazam-Mega, F\n|-mega|p2a: Alakazam|Alakazam|Alakazite\n|-ability|p2a: Alakazam|Triage|[from] ability: Trace|[of] p1b: Confetti\n|move|p1b: Confetti|Floral Healing|p1a: Emolga <3\n|-heal|p1a: Emolga <3|100\/100\n|move|p2a: Alakazam|Expanding Force|p1a: Emolga <3|[spread] p1a,p1b\n|-damage|p1a: Emolga <3|0 fnt\n|-damage|p1b: Confetti|0 fnt\n|faint|p1a: Emolga <3\n|faint|p1b: Confetti\n|\n|upkeep\n|\n|t:|1698163565\n|switch|p1b: Golisopod|Golisopod, F|98\/100\n|turn|10\n|-message|lvBreakfast forfeited.\n|\n|win|Nerdygolem513\n|raw|lvBreakfast's rating: 1227 &rarr; <strong>1210<\/strong><br \/>(-17 for losing)\n|raw|Nerdygolem513's rating: 1344 &rarr; <strong>1358<\/strong><br \/>(+14 for winning)\n|l|\u2606lvBreakfast\n","uploadtime":1698163582,"views":11,"p1id":"lvbreakfast","p2id":"nerdygolem513","formatid":"gen9nationaldexdoubles","rating":1210,"private":0,"password":""}