{"id":"gen9nationaldexdoubles-1962571010","p1":"Jello1231","p2":"Paldea Athens 420","format":"[Gen 9] National Dex Doubles","log":"|j|\u2606Jello1231\n|j|\u203dPaldea Athens 420\n|t:|1696769447\n|gametype|doubles\n|player|p1|Jello1231|sonia-professor|1600\n|player|p2|Paldea Athens 420|fantina|1612\n|teamsize|p1|6\n|teamsize|p2|6\n|gen|9\n|tier|[Gen 9] National Dex Doubles\n|rated|\n|rule|HP Percentage Mod: HP is shown in percentages\n|rule|Endless Battle Clause: Forcing endless battles is banned\n|rule|OHKO Clause: OHKO moves are banned\n|rule|Evasion Moves Clause: Evasion moves are banned\n|rule|Evasion Abilities Clause: Evasion abilities are banned\n|rule|Species Clause: Limit one of each Pok\u00e9mon\n|rule|Gravity Sleep Clause: The combination of sleep-inducing moves with imperfect accuracy and Gravity or Gigantamax Orbeetle are banned\n|clearpoke\n|poke|p1|Salamence, F|\n|poke|p1|Flutter Mane|\n|poke|p1|Rillaboom, M|\n|poke|p1|Ogerpon-Wellspring, F|\n|poke|p1|Ursaluna-Bloodmoon, M|\n|poke|p1|Jirachi|\n|poke|p2|Kingambit, M|\n|poke|p2|Marshadow|\n|poke|p2|Charizard, M|\n|poke|p2|Ogerpon-Hearthflame, F|\n|poke|p2|Chien-Pao|\n|poke|p2|Tornadus, M|\n|teampreview\n|inactive|Battle timer is ON: inactive players will automatically lose when time's up. (requested by Paldea Athens 420)\n|inactive|Jello1231 has 120 seconds left.\n|inactive|Jello1231 has 90 seconds left.\n|\n|t:|1696769562\n|start\n|switch|p1a: Ursaluna|Ursaluna-Bloodmoon, M|100\/100\n|switch|p1b: Ogerpon|Ogerpon-Wellspring, F|100\/100\n|switch|p2a: Marshadow|Marshadow|100\/100\n|switch|p2b: Chien-Pao|Chien-Pao|100\/100\n|-ability|p2b: Chien-Pao|Sword of Ruin\n|turn|1\n|\n|t:|1696769573\n|move|p1b: Ogerpon|Spiky Shield|p1b: Ogerpon\n|-singleturn|p1b: Ogerpon|move: Protect\n|move|p1a: Ursaluna|Protect|p1a: Ursaluna\n|-singleturn|p1a: Ursaluna|Protect\n|move|p2b: Chien-Pao|Ice Spinner|p1a: Ursaluna\n|-activate|p1a: Ursaluna|move: Protect\n|-zpower|p2a: Marshadow\n|move|p2a: Marshadow|Soul-Stealing 7-Star Strike|p1b: Ogerpon|[zeffect]\n|-zbroken|p1b: Ogerpon\n|-damage|p1b: Ogerpon|55\/100\n|-damage|p2a: Marshadow|88\/100|[from] Spiky Shield|[of] p1b: Ogerpon\n|\n|upkeep\n|turn|2\n|\n|t:|1696769600\n|switch|p1b: Salamence|Salamence, F|100\/100\n|-ability|p1b: Salamence|Intimidate|boost\n|-unboost|p2a: Marshadow|atk|1\n|-unboost|p2b: Chien-Pao|atk|1\n|-terastallize|p1a: Ursaluna|Fairy\n|move|p2b: Chien-Pao|Ice Spinner|p1b: Salamence\n|-supereffective|p1b: Salamence\n|-damage|p1b: Salamence|0 fnt\n|faint|p1b: Salamence\n|move|p2a: Marshadow|Close Combat|p1a: Ursaluna\n|-resisted|p1a: Ursaluna\n|-damage|p1a: Ursaluna|84\/100\n|-unboost|p2a: Marshadow|def|1\n|-unboost|p2a: Marshadow|spd|1\n|move|p1a: Ursaluna|Hyper Voice|p2a: Marshadow|[spread] p2a,p2b\n|-damage|p2a: Marshadow|39\/100\n|-damage|p2b: Chien-Pao|50\/100\n|\n|-heal|p1a: Ursaluna|90\/100|[from] item: Leftovers\n|upkeep\n|inactive|Jello1231 has 120 seconds left.\n|\n|t:|1696769617\n|switch|p1b: Rillaboom|Rillaboom, M|100\/100\n|-fieldstart|move: Grassy Terrain|[from] ability: Grassy Surge|[of] p1b: Rillaboom\n|turn|3\n|\n|t:|1696769640\n|move|p1b: Rillaboom|Fake Out|p2b: Chien-Pao\n|-damage|p2b: Chien-Pao|33\/100\n|cant|p2b: Chien-Pao|flinch\n|move|p2a: Marshadow|Spectral Thief|p1a: Ursaluna\n|-damage|p1a: Ursaluna|64\/100\n|move|p1a: Ursaluna|Calm Mind|p1a: Ursaluna\n|-boost|p1a: Ursaluna|spa|1\n|-boost|p1a: Ursaluna|spd|1\n|\n|-heal|p2b: Chien-Pao|39\/100|[from] Grassy Terrain\n|-heal|p2a: Marshadow|45\/100|[from] Grassy Terrain\n|-heal|p1a: Ursaluna|70\/100|[from] Grassy Terrain\n|-heal|p1a: Ursaluna|76\/100|[from] item: Leftovers\n|upkeep\n|turn|4\n|\n|t:|1696769657\n|move|p1b: Rillaboom|Grassy Glide|p2b: Chien-Pao\n|-damage|p2b: Chien-Pao|0 fnt\n|faint|p2b: Chien-Pao\n|move|p2a: Marshadow|Spectral Thief||[still]\n|-clearpositiveboost|p1a: Ursaluna|p2a: Marshadow|move: Spectral Thief\n|-boost|p2a: Marshadow|spa|1\n|-boost|p2a: Marshadow|spd|1\n|-anim|p2a: Marshadow|Spectral Thief|p1a: Ursaluna\n|-damage|p1a: Ursaluna|54\/100\n|move|p1a: Ursaluna|Earth Power|p2a: Marshadow\n|-damage|p2a: Marshadow|0 fnt\n|faint|p2a: Marshadow\n|\n|-heal|p1a: Ursaluna|60\/100|[from] Grassy Terrain\n|-heal|p1a: Ursaluna|66\/100|[from] item: Leftovers\n|upkeep\n|\n|t:|1696769672\n|switch|p2b: Ogerpon|Ogerpon-Hearthflame, F|100\/100\n|switch|p2a: Charizard|Charizard, M|100\/100\n|-ability|p2b: Ogerpon|Mold Breaker\n|turn|5\n|inactive|Jello1231 has 120 seconds left.\n|inactive|Jello1231 has 90 seconds left.\n|inactive|Jello1231 has 60 seconds left.\n|\n|t:|1696769764\n|switch|p1b: Ogerpon|Ogerpon-Wellspring, F|55\/100\n|detailschange|p2a: Charizard|Charizard-Mega-Y, M\n|-mega|p2a: Charizard|Charizard|Charizardite Y\n|-weather|SunnyDay|[from] ability: Drought|[of] p2a: Charizard\n|-terastallize|p2b: Ogerpon|Fire\n|detailschange|p2b: Ogerpon|Ogerpon-Hearthflame-Tera, F, tera:Fire\n|-ability|p2b: Ogerpon|Embody Aspect (Hearthflame)|boost\n|-boost|p2b: Ogerpon|atk|1\n|move|p1a: Ursaluna|Protect|p1a: Ursaluna\n|-singleturn|p1a: Ursaluna|Protect\n|move|p2b: Ogerpon|Ivy Cudgel|p1a: Ursaluna\n|-activate|p1a: Ursaluna|move: Protect\n|move|p2a: Charizard|Heat Wave|p1b: Ogerpon|[spread] \n|-activate|p1a: Ursaluna|move: Protect\n|-miss|p2a: Charizard|p1b: Ogerpon\n|\n|-weather|SunnyDay|[upkeep]\n|-heal|p1b: Ogerpon|61\/100|[from] Grassy Terrain\n|-heal|p1a: Ursaluna|72\/100|[from] Grassy Terrain\n|-heal|p1a: Ursaluna|78\/100|[from] item: Leftovers\n|upkeep\n|turn|6\n|\n|t:|1696769789\n|move|p1b: Ogerpon|Follow Me|p1b: Ogerpon\n|-singleturn|p1b: Ogerpon|move: Follow Me\n|move|p2b: Ogerpon|Ivy Cudgel|p1b: Ogerpon\n|-damage|p1b: Ogerpon|0 fnt\n|faint|p1b: Ogerpon\n|move|p2a: Charizard|Solar Beam||[still]\n|-prepare|p2a: Charizard|Solar Beam\n|-anim|p2a: Charizard|Solar Beam|p1a: Ursaluna\n|-damage|p1a: Ursaluna|28\/100\n|move|p1a: Ursaluna|Earth Power|p2b: Ogerpon\n|-supereffective|p2b: Ogerpon\n|-damage|p2b: Ogerpon|4\/100\n|\n|-weather|SunnyDay|[upkeep]\n|-heal|p2b: Ogerpon|10\/100|[from] Grassy Terrain\n|-heal|p1a: Ursaluna|34\/100|[from] Grassy Terrain\n|-heal|p1a: Ursaluna|40\/100|[from] item: Leftovers\n|upkeep\n|inactive|Jello1231 has 60 seconds left.\n|\n|t:|1696769813\n|switch|p1b: Flutter Mane|Flutter Mane|100\/100\n|-activate|p1b: Flutter Mane|ability: Protosynthesis\n|-start|p1b: Flutter Mane|protosynthesisspe\n|turn|7\n|\n|t:|1696769824\n|move|p1a: Ursaluna|Protect|p1a: Ursaluna\n|-singleturn|p1a: Ursaluna|Protect\n|move|p1b: Flutter Mane|Dazzling Gleam|p2b: Ogerpon|[spread] p2a,p2b\n|-resisted|p2a: Charizard\n|-resisted|p2b: Ogerpon\n|-damage|p2a: Charizard|77\/100\n|-damage|p2b: Ogerpon|0 fnt\n|faint|p2b: Ogerpon\n|move|p2a: Charizard|Heat Wave|p1b: Flutter Mane|[spread] p1b\n|-activate|p1a: Ursaluna|move: Protect\n|-damage|p1b: Flutter Mane|36\/100\n|\n|-weather|SunnyDay|[upkeep]\n|-heal|p1b: Flutter Mane|42\/100|[from] Grassy Terrain\n|-heal|p1a: Ursaluna|47\/100|[from] Grassy Terrain\n|-heal|p1a: Ursaluna|53\/100|[from] item: Leftovers\n|-fieldend|move: Grassy Terrain\n|upkeep\n|\n|t:|1696769840\n|switch|p2b: Kingambit|Kingambit, M|100\/100\n|turn|8\n|\n|t:|1696769853\n|-end|p1b: Flutter Mane|Protosynthesis|[silent]\n|switch|p1b: Jirachi|Jirachi|100\/100\n|move|p2b: Kingambit|Protect|p2b: Kingambit\n|-singleturn|p2b: Kingambit|Protect\n|move|p2a: Charizard|Heat Wave|p1b: Jirachi|[spread] p1b\n|-miss|p2a: Charizard|p1a: Ursaluna\n|-supereffective|p1b: Jirachi\n|-damage|p1b: Jirachi|14\/100\n|move|p1a: Ursaluna|Earth Power|p2b: Kingambit\n|-activate|p2b: Kingambit|move: Protect\n|\n|-weather|SunnyDay|[upkeep]\n|-heal|p1a: Ursaluna|59\/100|[from] item: Leftovers\n|upkeep\n|turn|9\n|inactive|Jello1231 has 120 seconds left.\n|l|\u203dPaldea Athens 420\n|inactive|Paldea Athens 420 disconnected and has a minute to reconnect!\n|player|p2|\n|j|\u203dPaldea Athens 420\n|inactive|Paldea Athens 420 reconnected and has 115 seconds left.\n|player|p2|Paldea Athens 420|fantina\n|n|\u203dPaldea Athens 420|paldeaathens420\n|n|\u203dPaldea Athens 420|paldeaathens420\n|n|\u203dPaldea Athens 420|paldeaathens420\n|n|\u203dPaldea Athens 420|paldeaathens420\n|n|\u203dPaldea Athens 420|paldeaathens420\n|n|\u203dPaldea Athens 420|paldeaathens420\n|n|\u203dPaldea Athens 420|paldeaathens420\n|n|\u203dPaldea Athens 420|paldeaathens420\n|n|\u203dPaldea Athens 420|paldeaathens420\n|n|\u203dPaldea Athens 420|paldeaathens420\n|\n|t:|1696769902\n|switch|p2b: Tornadus|Tornadus, M|100\/100\n|move|p1b: Jirachi|Follow Me|p1b: Jirachi\n|-singleturn|p1b: Jirachi|move: Follow Me\n|move|p2a: Charizard|Heat Wave|p1b: Jirachi|[spread] p1b\n|-miss|p2a: Charizard|p1a: Ursaluna\n|-supereffective|p1b: Jirachi\n|-damage|p1b: Jirachi|0 fnt\n|faint|p1b: Jirachi\n|move|p1a: Ursaluna|Earth Power|p2b: Tornadus\n|-immune|p2b: Tornadus\n|\n|-weather|none\n|-heal|p1a: Ursaluna|65\/100|[from] item: Leftovers\n|upkeep\n|\n|t:|1696769918\n|switch|p1b: Rillaboom|Rillaboom, M|100\/100\n|-fieldstart|move: Grassy Terrain|[from] ability: Grassy Surge|[of] p1b: Rillaboom\n|turn|10\n|\n|t:|1696769928\n|move|p2b: Tornadus|Protect|p2b: Tornadus\n|-singleturn|p2b: Tornadus|Protect\n|move|p2a: Charizard|Protect|p2a: Charizard\n|-singleturn|p2a: Charizard|Protect\n|move|p1b: Rillaboom|Fake Out|p2b: Tornadus\n|-activate|p2b: Tornadus|move: Protect\n|move|p1a: Ursaluna|Hyper Voice|p2a: Charizard|[spread] \n|-activate|p2a: Charizard|move: Protect\n|-activate|p2b: Tornadus|move: Protect\n|\n|-heal|p1a: Ursaluna|71\/100|[from] Grassy Terrain\n|-heal|p1a: Ursaluna|77\/100|[from] item: Leftovers\n|upkeep\n|turn|11\n|\n|t:|1696769939\n|move|p1b: Rillaboom|Grassy Glide|p2b: Tornadus\n|-resisted|p2b: Tornadus\n|-damage|p2b: Tornadus|78\/100\n|move|p2a: Charizard|Heat Wave|p1b: Rillaboom|[spread] p1a,p1b\n|-supereffective|p1b: Rillaboom\n|-damage|p1a: Ursaluna|38\/100\n|-damage|p1b: Rillaboom|45\/100\n|-status|p1a: Ursaluna|brn\n|move|p2b: Tornadus|Bleakwind Storm|p1b: Rillaboom|[spread] p1a,p1b\n|-supereffective|p1b: Rillaboom\n|-damage|p1a: Ursaluna|8\/100 brn\n|-damage|p1b: Rillaboom|5\/100\n|move|p1a: Ursaluna|Hyper Voice|p2b: Tornadus|[spread] p2a,p2b\n|-damage|p2a: Charizard|47\/100\n|-damage|p2b: Tornadus|53\/100\n|\n|-heal|p1b: Rillaboom|11\/100|[from] Grassy Terrain\n|-heal|p1a: Ursaluna|14\/100 brn|[from] Grassy Terrain\n|-heal|p1a: Ursaluna|20\/100 brn|[from] item: Leftovers\n|-damage|p1a: Ursaluna|14\/100 brn|[from] brn\n|upkeep\n|turn|12\n|c|\u2606Jello1231|This mon sucks ass\n|-message|Jello1231 forfeited.\n|\n|win|Paldea Athens 420\n|raw|Jello1231's rating: 1600 &rarr; <strong>1581<\/strong><br \/>(-19 for losing)\n|raw|Paldea Athens 420's rating: 1612 &rarr; <strong>1631<\/strong><br \/>(+19 for winning)\n","uploadtime":1696769957,"views":21,"p1id":"jello1231","p2id":"paldeaathens420","formatid":"gen9nationaldexdoubles","rating":1581,"private":0,"password":""}