{"id":"gen9nationaldexdoubles-1996765166","p1":"Prapple2","p2":"aweiydx","format":"[Gen 9] National Dex Doubles","log":"|j|\u2606Prapple2\n|j|\u2606aweiydx\n|t:|1700721459\n|gametype|doubles\n|player|p1|Prapple2|caitlin|1325\n|player|p2|aweiydx|furisodegirl-white|1580\n|teamsize|p1|6\n|teamsize|p2|6\n|gen|9\n|tier|[Gen 9] National Dex Doubles\n|rated|\n|rule|HP Percentage Mod: HP is shown in percentages\n|rule|Endless Battle Clause: Forcing endless battles is banned\n|rule|OHKO Clause: OHKO moves are banned\n|rule|Evasion Moves Clause: Evasion moves are banned\n|rule|Evasion Abilities Clause: Evasion abilities are banned\n|rule|Species Clause: Limit one of each Pok\u00e9mon\n|rule|Gravity Sleep Clause: The combination of sleep-inducing moves with imperfect accuracy and Gravity or Gigantamax Orbeetle are banned\n|clearpoke\n|poke|p1|Tapu Lele|\n|poke|p1|Clefable, M|\n|poke|p1|Mawile, F|\n|poke|p1|Hatterene, F|\n|poke|p1|Grimmsnarl, M|\n|poke|p1|Diancie|\n|poke|p2|Blaziken, F|\n|poke|p2|Salamence, M|\n|poke|p2|Diancie|\n|poke|p2|Volcanion|\n|poke|p2|Chien-Pao|\n|poke|p2|Kingambit, F|\n|teampreview\n|j| km118\n|\n|t:|1700721501\n|start\n|switch|p1a: Hatterene|Hatterene, F|100\/100\n|switch|p1b: Grimmsnarl|Grimmsnarl, M|100\/100\n|switch|p2a: Blaziken|Blaziken, F|100\/100\n|switch|p2b: Kingambit|Kingambit, F|100\/100\n|turn|1\n|\n|t:|1700721525\n|move|p1b: Grimmsnarl|Fake Out|p2b: Kingambit\n|-resisted|p2b: Kingambit\n|-damage|p2b: Kingambit|97\/100\n|move|p2a: Blaziken|Flare Blitz|p1a: Hatterene\n|-damage|p1a: Hatterene|13\/100\n|-damage|p2a: Blaziken|70\/100|[from] Recoil\n|-damage|p2a: Blaziken|60\/100|[from] item: Life Orb\n|cant|p2b: Kingambit|flinch\n|move|p1a: Hatterene|Trick Room|p1a: Hatterene\n|-fieldstart|move: Trick Room|[of] p1a: Hatterene\n|\n|-heal|p1a: Hatterene|19\/100|[from] item: Leftovers\n|-ability|p2a: Blaziken|Speed Boost|boost\n|-boost|p2a: Blaziken|spe|1\n|upkeep\n|turn|2\n|\n|t:|1700721550\n|move|p2b: Kingambit|Sucker Punch|p1a: Hatterene\n|-damage|p1a: Hatterene|0 fnt\n|faint|p1a: Hatterene\n|move|p1b: Grimmsnarl|Parting Shot|p2a: Blaziken\n|-unboost|p2a: Blaziken|atk|1\n|-unboost|p2a: Blaziken|spa|1\n|\n|t:|1700721558\n|switch|p1b: Diancie|Diancie|100\/100|[from] Parting Shot\n|move|p2a: Blaziken|Flare Blitz|p1b: Diancie\n|-resisted|p1b: Diancie\n|-damage|p1b: Diancie|85\/100\n|-damage|p2a: Blaziken|55\/100|[from] Recoil\n|-damage|p2a: Blaziken|45\/100|[from] item: Life Orb\n|\n|-heal|p1b: Diancie|91\/100|[from] item: Leftovers\n|-ability|p2a: Blaziken|Speed Boost|boost\n|-boost|p2a: Blaziken|spe|1\n|upkeep\n|\n|t:|1700721567\n|switch|p1a: Tapu Lele|Tapu Lele|100\/100\n|-fieldstart|move: Psychic Terrain|[from] ability: Psychic Surge|[of] p1a: Tapu Lele\n|turn|3\n|\n|t:|1700721583\n|switch|p2a: Diancie|Diancie|100\/100\n|move|p2b: Kingambit|Protect|p2b: Kingambit\n|-singleturn|p2b: Kingambit|Protect\n|move|p1b: Diancie|Diamond Storm|p2b: Kingambit|[spread] p2a\n|-activate|p2b: Kingambit|move: Protect\n|-damage|p2a: Diancie|78\/100\n|move|p1a: Tapu Lele|Focus Blast|p2b: Kingambit\n|-activate|p2b: Kingambit|move: Protect\n|\n|-heal|p1b: Diancie|98\/100|[from] item: Leftovers\n|upkeep\n|turn|4\n|\n|t:|1700721598\n|move|p2a: Diancie|Moonblast|p1a: Tapu Lele\n|-damage|p1a: Tapu Lele|67\/100\n|move|p1b: Diancie|Diamond Storm|p2b: Kingambit|[spread] p2a,p2b\n|-resisted|p2b: Kingambit\n|-damage|p2a: Diancie|56\/100\n|-damage|p2b: Kingambit|88\/100\n|-boost|p1b: Diancie|def|2\n|move|p2b: Kingambit|Knock Off|p1a: Tapu Lele\n|-damage|p1a: Tapu Lele|0 fnt\n|-enditem|p1a: Tapu Lele|Life Orb|[from] move: Knock Off|[of] p2b: Kingambit\n|faint|p1a: Tapu Lele\n|\n|-heal|p1b: Diancie|100\/100|[from] item: Leftovers\n|upkeep\n|\n|t:|1700721610\n|switch|p1a: Grimmsnarl|Grimmsnarl, M|100\/100\n|turn|5\n|\n|t:|1700721617\n|move|p2b: Kingambit|Protect|p2b: Kingambit\n|-singleturn|p2b: Kingambit|Protect\n|move|p1a: Grimmsnarl|Reflect|p1a: Grimmsnarl\n|-sidestart|p1: Prapple2|Reflect\n|move|p2a: Diancie|Diamond Storm|p1a: Grimmsnarl|[spread] p1a,p1b\n|-damage|p1a: Grimmsnarl|71\/100\n|-damage|p1b: Diancie|94\/100\n|-boost|p2a: Diancie|def|2\n|move|p1b: Diancie|Diamond Storm|p2b: Kingambit|[spread] p2a\n|-activate|p2b: Kingambit|move: Protect\n|-damage|p2a: Diancie|45\/100\n|-boost|p1b: Diancie|def|2\n|\n|-heal|p1b: Diancie|99\/100|[from] item: Leftovers\n|-fieldend|move: Trick Room\n|upkeep\n|turn|6\n|\n|t:|1700721631\n|move|p1a: Grimmsnarl|Light Screen|p1a: Grimmsnarl\n|-sidestart|p1: Prapple2|move: Light Screen\n|move|p2b: Kingambit|Knock Off|p1b: Diancie\n|-resisted|p1b: Diancie\n|-damage|p1b: Diancie|95\/100\n|-enditem|p1b: Diancie|Leftovers|[from] move: Knock Off|[of] p2b: Kingambit\n|move|p1b: Diancie|Diamond Storm|p2a: Diancie|[spread] p2a,p2b\n|-resisted|p2b: Kingambit\n|-damage|p2a: Diancie|35\/100\n|-damage|p2b: Kingambit|79\/100\n|-boost|p1b: Diancie|def|2\n|move|p2a: Diancie|Diamond Storm|p1a: Grimmsnarl|[spread] p1a,p1b\n|-damage|p1a: Grimmsnarl|41\/100\n|-damage|p1b: Diancie|91\/100\n|-boost|p2a: Diancie|def|2\n|\n|upkeep\n|turn|7\n|\n|t:|1700721653\n|switch|p1a: Clefable|Clefable, M|100\/100\n|move|p2b: Kingambit|Swords Dance|p2b: Kingambit\n|-boost|p2b: Kingambit|atk|2\n|move|p1b: Diancie|Body Press|p2a: Diancie\n|-damage|p2a: Diancie|0 fnt\n|faint|p2a: Diancie\n|\n|-fieldend|move: Psychic Terrain\n|upkeep\n|\n|t:|1700721693\n|switch|p2a: Salamence|Salamence, M|100\/100\n|-ability|p2a: Salamence|Intimidate|boost\n|-unboost|p1a: Clefable|atk|1\n|-fail|p1b: Diancie|unboost|[from] ability: Clear Body|[of] p1b: Diancie\n|turn|8\n|\n|t:|1700721700\n|detailschange|p2a: Salamence|Salamence-Mega, M\n|-mega|p2a: Salamence|Salamence|Salamencite\n|move|p2b: Kingambit|Protect|p2b: Kingambit\n|-singleturn|p2b: Kingambit|Protect\n|move|p1a: Clefable|Follow Me|p1a: Clefable\n|-singleturn|p1a: Clefable|move: Follow Me\n|move|p2a: Salamence|Hyper Voice|p1a: Clefable|[spread] p1a,p1b\n|-resisted|p1b: Diancie\n|-damage|p1a: Clefable|82\/100\n|-damage|p1b: Diancie|81\/100\n|move|p1b: Diancie|Body Press|p2b: Kingambit\n|-activate|p2b: Kingambit|move: Protect\n|\n|-heal|p1a: Clefable|88\/100|[from] item: Leftovers\n|upkeep\n|turn|9\n|\n|t:|1700721717\n|move|p1a: Clefable|Follow Me|p1a: Clefable\n|-singleturn|p1a: Clefable|move: Follow Me\n|move|p2a: Salamence|Hyper Voice|p1b: Diancie|[spread] p1a,p1b\n|-resisted|p1b: Diancie\n|-damage|p1a: Clefable|69\/100\n|-damage|p1b: Diancie|70\/100\n|move|p2b: Kingambit|Knock Off|p1a: Clefable\n|-resisted|p1a: Clefable\n|-damage|p1a: Clefable|42\/100\n|-enditem|p1a: Clefable|Leftovers|[from] move: Knock Off|[of] p2b: Kingambit\n|move|p1b: Diancie|Body Press|p2b: Kingambit\n|-supereffective|p2b: Kingambit\n|-damage|p2b: Kingambit|0 fnt\n|faint|p2b: Kingambit\n|\n|upkeep\n|\n|t:|1700721732\n|switch|p2b: Blaziken|Blaziken, F|45\/100\n|turn|10\n|\n|t:|1700721737\n|move|p2a: Salamence|Protect|p2a: Salamence\n|-singleturn|p2a: Salamence|Protect\n|move|p2b: Blaziken|Protect|p2b: Blaziken\n|-singleturn|p2b: Blaziken|Protect\n|move|p1a: Clefable|Dazzling Gleam|p2a: Salamence|[spread] \n|-activate|p2a: Salamence|move: Protect\n|-activate|p2b: Blaziken|move: Protect\n|move|p1b: Diancie|Diamond Storm|p2b: Blaziken|[spread] \n|-activate|p2a: Salamence|move: Protect\n|-activate|p2b: Blaziken|move: Protect\n|\n|-ability|p2b: Blaziken|Speed Boost|boost\n|-boost|p2b: Blaziken|spe|1\n|upkeep\n|turn|11\n|\n|t:|1700721744\n|move|p2b: Blaziken|Flare Blitz|p1a: Clefable\n|-damage|p1a: Clefable|0 fnt\n|faint|p1a: Clefable\n|-damage|p2b: Blaziken|27\/100|[from] Recoil\n|-damage|p2b: Blaziken|17\/100|[from] item: Life Orb\n|move|p2a: Salamence|Hyper Voice|p1b: Diancie\n|-resisted|p1b: Diancie\n|-damage|p1b: Diancie|55\/100\n|move|p1b: Diancie|Diamond Storm|p2a: Salamence|[spread] p2b\n|-miss|p1b: Diancie|p2a: Salamence\n|-damage|p2b: Blaziken|0 fnt\n|faint|p2b: Blaziken\n|\n|upkeep\n|\n|t:|1700721767\n|switch|p2b: Chien-Pao|Chien-Pao|100\/100\n|switch|p1a: Grimmsnarl|Grimmsnarl, M|41\/100\n|-ability|p2b: Chien-Pao|Sword of Ruin\n|turn|12\n|\n|t:|1700721774\n|move|p1a: Grimmsnarl|Fake Out|p2b: Chien-Pao\n|-damage|p2b: Chien-Pao|86\/100\n|cant|p2b: Chien-Pao|flinch\n|move|p2a: Salamence|Hyper Voice|p1b: Diancie|[spread] p1a,p1b\n|-resisted|p1b: Diancie\n|-damage|p1a: Grimmsnarl|19\/100\n|-damage|p1b: Diancie|45\/100\n|move|p1b: Diancie|Diamond Storm|p2b: Chien-Pao|[spread] p2a,p2b\n|-supereffective|p2a: Salamence\n|-supereffective|p2b: Chien-Pao\n|-damage|p2a: Salamence|49\/100\n|-damage|p2b: Chien-Pao|10\/100\n|\n|-sideend|p1: Prapple2|Reflect\n|upkeep\n|turn|13\n|\n|t:|1700721787\n|move|p1a: Grimmsnarl|Reflect|p1a: Grimmsnarl\n|-sidestart|p1: Prapple2|Reflect\n|move|p2b: Chien-Pao|Sacred Sword|p1b: Diancie\n|-damage|p1b: Diancie|30\/100\n|move|p2a: Salamence|Hyper Voice|p1a: Grimmsnarl|[spread] p1a,p1b\n|-resisted|p1b: Diancie\n|-damage|p1a: Grimmsnarl|0 fnt\n|-damage|p1b: Diancie|19\/100\n|faint|p1a: Grimmsnarl\n|move|p1b: Diancie|Diamond Storm|p2b: Chien-Pao|[spread] p2b\n|-miss|p1b: Diancie|p2a: Salamence\n|-supereffective|p2b: Chien-Pao\n|-damage|p2b: Chien-Pao|0 fnt\n|faint|p2b: Chien-Pao\n|\n|-sideend|p1: Prapple2|move: Light Screen\n|upkeep\n|\n|t:|1700721794\n|switch|p2b: Volcanion|Volcanion|100\/100\n|switch|p1a: Mawile|Mawile, F|100\/100\n|-ability|p1a: Mawile|Intimidate|boost\n|-unboost|p2a: Salamence|atk|1\n|-unboost|p2b: Volcanion|atk|1\n|turn|14\n|\n|t:|1700721811\n|detailschange|p1a: Mawile|Mawile-Mega, F\n|-mega|p1a: Mawile|Mawile|Mawilite\n|move|p2a: Salamence|Protect|p2a: Salamence\n|-singleturn|p2a: Salamence|Protect\n|move|p2b: Volcanion|Steam Eruption|p1b: Diancie\n|-supereffective|p1b: Diancie\n|-damage|p1b: Diancie|0 fnt\n|faint|p1b: Diancie\n|move|p1a: Mawile|Swords Dance|p1a: Mawile\n|-boost|p1a: Mawile|atk|2\n|\n|upkeep\n|turn|15\n|j| Ace Trainer Davon\n|\n|t:|1700721820\n|move|p1a: Mawile|Sucker Punch|p2a: Salamence\n|-damage|p2a: Salamence|0 fnt\n|faint|p2a: Salamence\n|move|p2b: Volcanion|Heat Wave|p1a: Mawile\n|-supereffective|p1a: Mawile\n|-damage|p1a: Mawile|0 fnt\n|faint|p1a: Mawile\n|\n|win|aweiydx\n|raw|Prapple2's rating: 1325 &rarr; <strong>1318<\/strong><br \/>(-7 for losing)\n|raw|aweiydx's rating: 1580 &rarr; <strong>1587<\/strong><br \/>(+7 for winning)\n|l|\u2606aweiydx\n|l| Ace Trainer Davon\n|c|\u2606Prapple2|gg\n","uploadtime":1700721842,"views":11,"p1id":"prapple2","p2id":"aweiydx","formatid":"gen9nationaldexdoubles","rating":1318,"private":0,"password":""}