{"id":"gen9nationaldexdoubles-1986364815","p1":"Smoky_Man","p2":"ImperatorNugator","format":"[Gen 9] National Dex Doubles","log":"|j|\u2606Smoky_Man\n|j|\u2606ImperatorNugator\n|t:|1699472662\n|gametype|doubles\n|player|p1|Smoky_Man|volo|1191\n|player|p2|ImperatorNugator|ghetsis|1407\n|teamsize|p1|6\n|teamsize|p2|6\n|gen|9\n|tier|[Gen 9] National Dex Doubles\n|rated|\n|rule|HP Percentage Mod: HP is shown in percentages\n|rule|Endless Battle Clause: Forcing endless battles is banned\n|rule|OHKO Clause: OHKO moves are banned\n|rule|Evasion Moves Clause: Evasion moves are banned\n|rule|Evasion Abilities Clause: Evasion abilities are banned\n|rule|Species Clause: Limit one of each Pok\u00e9mon\n|rule|Gravity Sleep Clause: The combination of sleep-inducing moves with imperfect accuracy and Gravity or Gigantamax Orbeetle are banned\n|clearpoke\n|poke|p1|Ogerpon-Cornerstone, F|\n|poke|p1|Tyranitar, F|\n|poke|p1|Dracovish|\n|poke|p1|Marshadow|\n|poke|p1|Ursaluna-Bloodmoon, M|\n|poke|p1|Tornadus, M|\n|poke|p2|Glimmora, F|\n|poke|p2|Salamence, M|\n|poke|p2|Heatran, F|\n|poke|p2|Chien-Pao|\n|poke|p2|Landorus-Therian, M|\n|poke|p2|Iron Hands|\n|teampreview\n|inactive|Battle timer is ON: inactive players will automatically lose when time's up. (requested by ImperatorNugator)\n|\n|t:|1699472683\n|start\n|switch|p1a: Tyranitar|Tyranitar, F, shiny|100\/100\n|switch|p1b: Dracovish|Dracovish, shiny|100\/100\n|switch|p2a: Glimmora|Glimmora, F|100\/100\n|switch|p2b: Iron Hands|Iron Hands|100\/100\n|-weather|Sandstorm|[from] ability: Sand Stream|[of] p1a: Tyranitar\n|turn|1\n|inactive|Smoky_Man has 120 seconds left.\n|inactive|Smoky_Man has 90 seconds left.\n|\n|t:|1699472743\n|detailschange|p1a: Tyranitar|Tyranitar-Mega, F, shiny\n|-mega|p1a: Tyranitar|Tyranitar|Tyranitarite\n|move|p1a: Tyranitar|Protect|p1a: Tyranitar\n|-singleturn|p1a: Tyranitar|Protect\n|move|p1b: Dracovish|Fishious Rend|p2b: Iron Hands\n|-damage|p2b: Iron Hands|35\/100\n|move|p2a: Glimmora|Stealth Rock|p1a: Tyranitar\n|-sidestart|p1: Smoky_Man|move: Stealth Rock\n|move|p2b: Iron Hands|Drain Punch|p1a: Tyranitar\n|-activate|p1a: Tyranitar|move: Protect\n|\n|-weather|Sandstorm|[upkeep]\n|-damage|p2b: Iron Hands|29\/100|[from] Sandstorm\n|upkeep\n|turn|2\n|inactive|ImperatorNugator has 120 seconds left.\n|\n|t:|1699472779\n|switch|p1a: Marshadow|Marshadow|100\/100\n|-damage|p1a: Marshadow|95\/100|[from] Stealth Rock\n|move|p1b: Dracovish|Fishious Rend|p2b: Iron Hands\n|-damage|p2b: Iron Hands|0 fnt\n|faint|p2b: Iron Hands\n|-end|p2b: Iron Hands|Quark Drive|[silent]\n|move|p2a: Glimmora|Spikes|p1b: Dracovish\n|-sidestart|p1: Smoky_Man|Spikes\n|\n|-weather|Sandstorm|[upkeep]\n|-damage|p1a: Marshadow|89\/100|[from] Sandstorm\n|upkeep\n|\n|t:|1699472797\n|switch|p2b: Salamence|Salamence, M|100\/100\n|-ability|p2b: Salamence|Intimidate|boost\n|-unboost|p1a: Marshadow|atk|1\n|-unboost|p1b: Dracovish|atk|1\n|turn|3\n|inactive|Smoky_Man has 120 seconds left.\n|inactive|ImperatorNugator has 120 seconds left.\n|\n|t:|1699472824\n|detailschange|p2b: Salamence|Salamence-Mega, M\n|-mega|p2b: Salamence|Salamence|Salamencite\n|move|p1b: Dracovish|Fishious Rend|p2b: Salamence\n|-resisted|p2b: Salamence\n|-damage|p2b: Salamence|67\/100\n|move|p2b: Salamence|Tailwind|p2b: Salamence\n|-sidestart|p2: ImperatorNugator|move: Tailwind\n|move|p2a: Glimmora|Mortal Spin|p1a: Marshadow|[spread] p1a,p1b\n|-resisted|p1a: Marshadow\n|-damage|p1a: Marshadow|86\/100\n|-damage|p1b: Dracovish|96\/100\n|-status|p1a: Marshadow|psn\n|-status|p1b: Dracovish|psn\n|-zpower|p1a: Marshadow\n|move|p1a: Marshadow|Soul-Stealing 7-Star Strike|p2b: Salamence|[zeffect]\n|-damage|p2b: Salamence|12\/100\n|\n|-weather|Sandstorm|[upkeep]\n|-damage|p2b: Salamence|6\/100|[from] Sandstorm\n|-damage|p1a: Marshadow|80\/100 psn|[from] Sandstorm\n|-damage|p1b: Dracovish|83\/100 psn|[from] psn\n|-damage|p1a: Marshadow|68\/100 psn|[from] psn\n|upkeep\n|turn|4\n|inactive|ImperatorNugator has 120 seconds left.\n|inactive|Smoky_Man has 120 seconds left.\n|\n|t:|1699472855\n|switch|p1b: Tyranitar|Tyranitar-Mega, F, shiny|100\/100\n|-damage|p1b: Tyranitar|88\/100|[from] Stealth Rock\n|-damage|p1b: Tyranitar|76\/100|[from] Spikes\n|move|p1a: Marshadow|Protect|p1a: Marshadow\n|-singleturn|p1a: Marshadow|Protect\n|move|p2b: Salamence|Hyper Voice|p1a: Marshadow|[spread] p1b\n|-activate|p1a: Marshadow|move: Protect\n|-resisted|p1b: Tyranitar\n|-damage|p1b: Tyranitar|66\/100\n|move|p2a: Glimmora|Spikes|p1a: Marshadow\n|-sidestart|p1: Smoky_Man|Spikes\n|\n|-weather|Sandstorm|[upkeep]\n|-damage|p2b: Salamence|0 fnt|[from] Sandstorm\n|-damage|p1a: Marshadow|62\/100 psn|[from] Sandstorm\n|faint|p2b: Salamence\n|-damage|p1a: Marshadow|50\/100 psn|[from] psn\n|upkeep\n|inactive|ImperatorNugator has 90 seconds left.\n|\n|t:|1699472880\n|switch|p2b: Heatran|Heatran, F|100\/100\n|turn|5\n|inactive|Smoky_Man has 120 seconds left.\n|\n|t:|1699472898\n|-terastallize|p2b: Heatran|Grass\n|move|p2a: Glimmora|Spikes|p1b: Tyranitar\n|-sidestart|p1: Smoky_Man|Spikes\n|move|p2b: Heatran|Flash Cannon|p1b: Tyranitar\n|-supereffective|p1b: Tyranitar\n|-damage|p1b: Tyranitar|24\/100\n|move|p1a: Marshadow|Force Palm|p2b: Heatran\n|-damage|p2b: Heatran|76\/100\n|move|p1b: Tyranitar|High Horsepower|p2a: Glimmora\n|-supereffective|p2a: Glimmora\n|-enditem|p2a: Glimmora|Focus Sash\n|-damage|p2a: Glimmora|1\/100\n|-activate|p2a: Glimmora|ability: Toxic Debris\n|-sidestart|p1: Smoky_Man|move: Toxic Spikes\n|\n|-weather|none\n|-heal|p2b: Heatran|82\/100|[from] item: Leftovers\n|-damage|p1a: Marshadow|38\/100 psn|[from] psn\n|upkeep\n|turn|6\n|inactive|ImperatorNugator has 90 seconds left.\n|\n|t:|1699472935\n|move|p1b: Tyranitar|Protect|p1b: Tyranitar\n|-singleturn|p1b: Tyranitar|Protect\n|move|p1a: Marshadow|Shadow Sneak|p2a: Glimmora\n|-damage|p2a: Glimmora|0 fnt\n|-activate|p2a: Glimmora|ability: Toxic Debris\n|-sidestart|p1: Smoky_Man|move: Toxic Spikes\n|faint|p2a: Glimmora\n|move|p2b: Heatran|Earth Power|p1a: Marshadow\n|-damage|p1a: Marshadow|3\/100 psn\n|-unboost|p1a: Marshadow|spd|1\n|\n|-heal|p2b: Heatran|89\/100|[from] item: Leftovers\n|-damage|p1a: Marshadow|0 fnt|[from] psn\n|faint|p1a: Marshadow\n|-sideend|p2: ImperatorNugator|move: Tailwind\n|upkeep\n|inactive|ImperatorNugator has 90 seconds left.\n|\n|t:|1699472957\n|switch|p1a: Tornadus|Tornadus, M, shiny|100\/100\n|switch|p2a: Landorus|Landorus-Therian, M|100\/100\n|-damage|p1a: Tornadus|76\/100|[from] Stealth Rock\n|-ability|p2a: Landorus|Intimidate|boost\n|-unboost|p1a: Tornadus|atk|1\n|-unboost|p1b: Tyranitar|atk|1\n|turn|7\n|inactive|Smoky_Man has 120 seconds left.\n|\n|t:|1699472988\n|move|p1a: Tornadus|Bleakwind Storm|p2b: Heatran|[spread] p2b\n|-miss|p1a: Tornadus|p2a: Landorus\n|-supereffective|p2b: Heatran\n|-damage|p2b: Heatran|22\/100\n|-unboost|p2b: Heatran|spe|1\n|move|p2a: Landorus|Rock Slide|p1b: Tyranitar|[spread] p1a\n|-miss|p2a: Landorus|p1b: Tyranitar\n|-supereffective|p1a: Tornadus\n|-crit|p1a: Tornadus\n|-damage|p1a: Tornadus|0 fnt\n|faint|p1a: Tornadus\n|move|p1b: Tyranitar|Crunch|p2b: Heatran\n|-damage|p2b: Heatran|0 fnt\n|faint|p2b: Heatran\n|\n|upkeep\n|inactive|ImperatorNugator has 120 seconds left.\n|\n|t:|1699473004\n|switch|p1a: Dracovish|Dracovish, shiny|83\/100 psn\n|switch|p2b: Chien-Pao|Chien-Pao|100\/100\n|-ability|p2b: Chien-Pao|Sword of Ruin\n|-damage|p1a: Dracovish|71\/100 psn|[from] Stealth Rock\n|-damage|p1a: Dracovish|46\/100 psn|[from] Spikes\n|turn|8\n|\n|t:|1699473028\n|-terastallize|p1a: Dracovish|Steel\n|move|p2b: Chien-Pao|Ice Spinner|p1a: Dracovish\n|-resisted|p1a: Dracovish\n|-damage|p1a: Dracovish|17\/100 psn\n|move|p1a: Dracovish|Ice Fang|p2a: Landorus\n|-supereffective|p2a: Landorus\n|-damage|p2a: Landorus|0 fnt\n|faint|p2a: Landorus\n|move|p1b: Tyranitar|Heavy Slam|p2b: Chien-Pao\n|-supereffective|p2b: Chien-Pao\n|-damage|p2b: Chien-Pao|70\/100\n|\n|-damage|p1a: Dracovish|4\/100 psn|[from] psn\n|upkeep\n|turn|9\n|\n|t:|1699473042\n|move|p2b: Chien-Pao|Protect|p2b: Chien-Pao\n|-singleturn|p2b: Chien-Pao|Protect\n|move|p1a: Dracovish|Ice Fang|p2b: Chien-Pao\n|-activate|p2b: Chien-Pao|move: Protect\n|move|p1b: Tyranitar|Heavy Slam|p2b: Chien-Pao\n|-activate|p2b: Chien-Pao|move: Protect\n|\n|-damage|p1a: Dracovish|0 fnt|[from] psn\n|faint|p1a: Dracovish\n|upkeep\n|\n|t:|1699473046\n|switch|p1a: Ursaluna|Ursaluna-Bloodmoon, M|100\/100\n|-damage|p1a: Ursaluna|94\/100|[from] Stealth Rock\n|-damage|p1a: Ursaluna|70\/100|[from] Spikes\n|-status|p1a: Ursaluna|tox\n|turn|10\n|\n|t:|1699473062\n|move|p1a: Ursaluna|Vacuum Wave|p2b: Chien-Pao\n|-supereffective|p2b: Chien-Pao\n|-damage|p2b: Chien-Pao|0 fnt\n|faint|p2b: Chien-Pao\n|\n|win|Smoky_Man\n|raw|Smoky_Man's rating: 1191 &rarr; <strong>1230<\/strong><br \/>(+39 for winning)\n|raw|ImperatorNugator's rating: 1407 &rarr; <strong>1376<\/strong><br \/>(-31 for losing)\n","uploadtime":1699473068,"views":22,"p1id":"smokyman","p2id":"imperatornugator","formatid":"gen9nationaldexdoubles","rating":1230,"private":0,"password":""}