{"id":"gen9nationaldexdoubles-1994080023","p1":"fumbari 24","p2":"Brrunettesfiction","format":"[Gen 9] National Dex Doubles","log":"|j|\u2606fumbari 24\n|j|\u2606Brrunettesfiction\n|t:|1700404256\n|gametype|doubles\n|player|p1|fumbari 24|hilbert|1190\n|player|p2|Brrunettesfiction|bellelba|1296\n|teamsize|p1|6\n|teamsize|p2|6\n|gen|9\n|tier|[Gen 9] National Dex Doubles\n|rated|\n|rule|HP Percentage Mod: HP is shown in percentages\n|rule|Endless Battle Clause: Forcing endless battles is banned\n|rule|OHKO Clause: OHKO moves are banned\n|rule|Evasion Moves Clause: Evasion moves are banned\n|rule|Evasion Abilities Clause: Evasion abilities are banned\n|rule|Species Clause: Limit one of each Pok\u00e9mon\n|rule|Gravity Sleep Clause: The combination of sleep-inducing moves with imperfect accuracy and Gravity or Gigantamax Orbeetle are banned\n|clearpoke\n|poke|p1|Ogerpon-Hearthflame, F|\n|poke|p1|Morpeko, M|\n|poke|p1|Inteleon, M|\n|poke|p1|Sinistcha|\n|poke|p1|Drapion, M|\n|poke|p1|Gyarados, M|\n|poke|p2|Hatterene, F|\n|poke|p2|Meloetta|\n|poke|p2|Indeedee-F, F|\n|poke|p2|Slowbro, F|\n|poke|p2|Gardevoir, F|\n|poke|p2|Tapu Lele|\n|teampreview\n|\n|t:|1700404278\n|start\n|switch|p1a: Morpeko|Morpeko, M|100\/100\n|switch|p1b: Inteleon|Inteleon, M|100\/100\n|switch|p2a: Hatterene|Hatterene, F|100\/100\n|switch|p2b: Indeedee|Indeedee-F, F|100\/100\n|-fieldstart|move: Psychic Terrain|[from] ability: Psychic Surge|[of] p2b: Indeedee\n|turn|1\n|\n|t:|1700404288\n|move|p2b: Indeedee|Follow Me|p2b: Indeedee\n|-singleturn|p2b: Indeedee|move: Follow Me\n|move|p1b: Inteleon|Substitute|p1b: Inteleon\n|-start|p1b: Inteleon|Substitute\n|-damage|p1b: Inteleon|76\/100\n|move|p1a: Morpeko|Aura Wheel|p2b: Indeedee\n|-damage|p2b: Indeedee|47\/100\n|-boost|p1a: Morpeko|spe|1\n|move|p2a: Hatterene|Trick Room|p2a: Hatterene\n|-fieldstart|move: Trick Room|[of] p2a: Hatterene\n|\n|-formechange|p1a: Morpeko|Morpeko-Hangry||[from] ability: Hunger Switch\n|upkeep\n|turn|2\n|\n|t:|1700404311\n|move|p2a: Hatterene|Dazzling Gleam|p1a: Morpeko|[spread] p1a,p1b\n|-end|p1b: Inteleon|Substitute\n|-supereffective|p1a: Morpeko\n|-enditem|p1a: Morpeko|Focus Sash\n|-damage|p1a: Morpeko|1\/100\n|move|p2b: Indeedee|Dazzling Gleam|p1a: Morpeko|[spread] p1a,p1b\n|-supereffective|p1a: Morpeko\n|-damage|p1a: Morpeko|0 fnt\n|-damage|p1b: Inteleon|52\/100\n|faint|p1a: Morpeko\n|move|p1b: Inteleon|Snipe Shot|p2a: Hatterene\n|-damage|p2a: Hatterene|58\/100\n|\n|-heal|p2a: Hatterene|64\/100|[from] item: Leftovers\n|upkeep\n|\n|t:|1700404323\n|switch|p1a: Drapion|Drapion, M|100\/100\n|turn|3\n|\n|t:|1700404332\n|move|p2b: Indeedee|Follow Me|p2b: Indeedee\n|-singleturn|p2b: Indeedee|move: Follow Me\n|move|p2a: Hatterene|Dazzling Gleam|p1b: Inteleon|[spread] p1a,p1b\n|-damage|p1a: Drapion|67\/100\n|-damage|p1b: Inteleon|0 fnt\n|faint|p1b: Inteleon\n|-zpower|p1a: Drapion\n|move|p1a: Drapion|Z-Acupressure|p1a: Drapion|[anim]Acupressure\n|-start|p1a: Drapion|move: Focus Energy|[zeffect]\n|-boost|p1a: Drapion|accuracy|2\n|\n|-heal|p2a: Hatterene|70\/100|[from] item: Leftovers\n|upkeep\n|\n|t:|1700404340\n|switch|p1b: Sinistcha|Sinistcha|100\/100\n|-heal|p1a: Drapion|92\/100|[from] ability: Hospitality|[of] p1b: Sinistcha\n|turn|4\n|\n|t:|1700404349\n|move|p2a: Hatterene|Dazzling Gleam|p1a: Drapion|[spread] p1a,p1b\n|-damage|p1a: Drapion|62\/100\n|-damage|p1b: Sinistcha|71\/100\n|move|p2b: Indeedee|Dazzling Gleam|p1a: Drapion|[spread] p1a,p1b\n|-damage|p1a: Drapion|48\/100\n|-damage|p1b: Sinistcha|60\/100\n|move|p1b: Sinistcha|Life Dew|p1b: Sinistcha|[spread] p1a,p1b\n|-heal|p1a: Drapion|73\/100\n|-heal|p1b: Sinistcha|85\/100\n|move|p1a: Drapion|Cross Poison|p2a: Hatterene\n|-supereffective|p2a: Hatterene\n|-crit|p2a: Hatterene\n|-damage|p2a: Hatterene|0 fnt\n|faint|p2a: Hatterene\n|\n|upkeep\n|\n|t:|1700404371\n|switch|p2a: Mele|Meloetta|100\/100\n|turn|5\n|\n|t:|1700404377\n|move|p2b: Indeedee|Dazzling Gleam|p1b: Sinistcha|[spread] p1a,p1b\n|-damage|p1a: Drapion|60\/100\n|-damage|p1b: Sinistcha|74\/100\n|move|p2a: Mele|Shadow Ball|p1b: Sinistcha\n|-supereffective|p1b: Sinistcha\n|-damage|p1b: Sinistcha|19\/100\n|-enditem|p1b: Sinistcha|Iapapa Berry|[eat]\n|-heal|p1b: Sinistcha|52\/100|[from] item: Iapapa Berry\n|move|p1b: Sinistcha|Life Dew|p1b: Sinistcha|[spread] p1a,p1b\n|-heal|p1a: Drapion|85\/100\n|-heal|p1b: Sinistcha|77\/100\n|move|p1a: Drapion|Night Slash|p2a: Mele\n|-supereffective|p2a: Mele\n|-crit|p2a: Mele\n|-enditem|p2a: Mele|Focus Sash\n|-damage|p2a: Mele|1\/100\n|\n|-fieldend|move: Trick Room\n|upkeep\n|turn|6\n|\n|t:|1700404400\n|move|p1a: Drapion|Night Slash|p2b: Indeedee\n|-supereffective|p2b: Indeedee\n|-crit|p2b: Indeedee\n|-damage|p2b: Indeedee|0 fnt\n|faint|p2b: Indeedee\n|move|p1b: Sinistcha|Matcha Gotcha|p2a: Mele\n|-damage|p2a: Mele|0 fnt\n|-heal|p1b: Sinistcha|78\/100|[from] drain|[of] p2a: Mele\n|faint|p2a: Mele\n|\n|upkeep\n|-message|Brrunettesfiction forfeited.\n|\n|win|fumbari 24\n|raw|fumbari 24's rating: 1190 &rarr; <strong>1222<\/strong><br \/>(+32 for winning)\n|raw|Brrunettesfiction's rating: 1296 &rarr; <strong>1264<\/strong><br \/>(-32 for losing)\n|l|\u2606Brrunettesfiction\n","uploadtime":1700404412,"views":12,"p1id":"fumbari24","p2id":"brrunettesfiction","formatid":"gen9nationaldexdoubles","rating":1222,"private":0,"password":""}