{"id":"gen9nationaldexdoubles-1991354400","p1":"Delreynan","p2":"AceCoyoteNK","format":"[Gen 9] National Dex Doubles","log":"|j|\u2606Delreynan\n|j|\u2606AceCoyoteNK\n|t:|1700070154\n|gametype|doubles\n|player|p1|Delreynan|cynthia-gen4|1103\n|player|p2|AceCoyoteNK|lady|1238\n|teamsize|p1|6\n|teamsize|p2|6\n|gen|9\n|tier|[Gen 9] National Dex Doubles\n|rated|\n|rule|HP Percentage Mod: HP is shown in percentages\n|rule|Endless Battle Clause: Forcing endless battles is banned\n|rule|OHKO Clause: OHKO moves are banned\n|rule|Evasion Moves Clause: Evasion moves are banned\n|rule|Evasion Abilities Clause: Evasion abilities are banned\n|rule|Species Clause: Limit one of each Pok\u00e9mon\n|rule|Gravity Sleep Clause: The combination of sleep-inducing moves with imperfect accuracy and Gravity or Gigantamax Orbeetle are banned\n|clearpoke\n|poke|p1|Arbok, F|\n|poke|p1|Serperior, F|\n|poke|p1|Milotic, F|\n|poke|p1|Sandaconda, F|\n|poke|p1|Gyarados, M|\n|poke|p1|Seviper, F|\n|poke|p2|Tyranitar, F|\n|poke|p2|Goodra-Hisui, M|\n|poke|p2|Ninetales-Alola, F|\n|poke|p2|Iron Hands|\n|poke|p2|Amoonguss, M|\n|poke|p2|Incineroar, F|\n|teampreview\n|inactive|Battle timer is ON: inactive players will automatically lose when time's up. (requested by AceCoyoteNK)\n|\n|t:|1700070164\n|start\n|switch|p1a: Arbok|Arbok, F|100\/100\n|switch|p1b: Gyarados|Gyarados, M|100\/100\n|switch|p2a: Good Girl|Ninetales-Alola, F, shiny|100\/100\n|switch|p2b: Iron fists|Iron Hands|100\/100\n|-weather|Snow|[from] ability: Snow Warning|[of] p2a: Good Girl\n|-ability|p1b: Gyarados|Intimidate|boost\n|-unboost|p2a: Good Girl|atk|1\n|-unboost|p2b: Iron fists|atk|1\n|-ability|p1a: Arbok|Intimidate|boost\n|-unboost|p2a: Good Girl|atk|1\n|-unboost|p2b: Iron fists|atk|1\n|turn|1\n|\n|t:|1700070181\n|switch|p1b: Sandaconda|Sandaconda, F|100\/100\n|move|p2b: Iron fists|Fake Out|p1a: Arbok\n|-damage|p1a: Arbok|86\/100\n|move|p2a: Good Girl|Freeze-Dry|p1b: Sandaconda\n|-supereffective|p1b: Sandaconda\n|-damage|p1b: Sandaconda|2\/100\n|-damage|p2a: Good Girl|91\/100|[from] item: Life Orb\n|cant|p1a: Arbok|flinch\n|\n|-weather|Snow|[upkeep]\n|-heal|p1b: Sandaconda|8\/100|[from] item: Leftovers\n|upkeep\n|turn|2\n|\n|t:|1700070197\n|-end|p2b: Iron fists|Quark Drive|[silent]\n|switch|p2b: Escargot|Goodra-Hisui, M|100\/100\n|move|p2a: Good Girl|Blizzard|p1a: Arbok|[spread] p1a,p1b\n|-supereffective|p1b: Sandaconda\n|-damage|p1a: Arbok|26\/100\n|-damage|p1b: Sandaconda|0 fnt\n|faint|p1b: Sandaconda\n|-damage|p2a: Good Girl|81\/100|[from] item: Life Orb\n|move|p1a: Arbok|Coil|p1a: Arbok\n|-boost|p1a: Arbok|atk|1\n|-boost|p1a: Arbok|def|1\n|-boost|p1a: Arbok|accuracy|1\n|\n|-weather|Snow|[upkeep]\n|upkeep\n|\n|t:|1700070208\n|switch|p1b: Seviper|Seviper, F|100\/100\n|turn|3\n|\n|t:|1700070226\n|switch|p2a: GEN 8 Nightmare|Incineroar, F|100\/100\n|-ability|p2a: GEN 8 Nightmare|Intimidate|boost\n|-unboost|p1a: Arbok|atk|1\n|-unboost|p1b: Seviper|atk|1\n|move|p1b: Seviper|Flamethrower|p2a: GEN 8 Nightmare\n|-resisted|p2a: GEN 8 Nightmare\n|-damage|p2a: GEN 8 Nightmare|89\/100\n|-enditem|p2a: GEN 8 Nightmare|Red Card|[of] p1b: Seviper\n|drag|p1b: Gyarados|Gyarados, M|100\/100\n|-ability|p1b: Gyarados|Intimidate|boost\n|-unboost|p2a: GEN 8 Nightmare|atk|1\n|-unboost|p2b: Escargot|atk|1\n|move|p1a: Arbok|Gunk Shot|p2a: GEN 8 Nightmare\n|-damage|p2a: GEN 8 Nightmare|15\/100\n|-damage|p1a: Arbok|16\/100|[from] item: Life Orb\n|move|p2b: Escargot|Acid Armor|p2b: Escargot\n|-boost|p2b: Escargot|def|2\n|\n|-weather|Snow|[upkeep]\n|upkeep\n|turn|4\n|inactive|Delreynan has 120 seconds left.\n|\n|t:|1700070258\n|detailschange|p1b: Gyarados|Gyarados-Mega, M\n|-mega|p1b: Gyarados|Gyarados|Gyaradosite\n|-ability|p1b: Gyarados|Mold Breaker\n|move|p2a: GEN 8 Nightmare|Fake Out|p1b: Gyarados\n|-damage|p1b: Gyarados|91\/100\n|move|p1a: Arbok|Sucker Punch||[still]\n|-fail|p1a: Arbok\n|cant|p1b: Gyarados|flinch\n|move|p2b: Escargot|Body Press|p1a: Arbok\n|-resisted|p1a: Arbok\n|-damage|p1a: Arbok|0 fnt\n|faint|p1a: Arbok\n|\n|-weather|Snow|[upkeep]\n|upkeep\n|inactive|Delreynan has 120 seconds left.\n|\n|t:|1700070274\n|switch|p1a: Seviper|Seviper, F|100\/100\n|turn|5\n|\n|t:|1700070288\n|move|p1a: Seviper|Switcheroo|p2b: Escargot\n|-activate|p1a: Seviper|move: Trick|[of] p2b: Escargot\n|-item|p2b: Escargot|Choice Scarf|[from] move: Switcheroo\n|-item|p1a: Seviper|Leftovers|[from] move: Switcheroo\n|move|p1b: Gyarados|Waterfall|p2a: GEN 8 Nightmare\n|-supereffective|p2a: GEN 8 Nightmare\n|-damage|p2a: GEN 8 Nightmare|0 fnt\n|faint|p2a: GEN 8 Nightmare\n|move|p2b: Escargot|Acid Armor|p2b: Escargot\n|-boost|p2b: Escargot|def|2\n|\n|-weather|none\n|upkeep\n|\n|t:|1700070304\n|switch|p2a: Amogus|Amoonguss, M|100\/100\n|turn|6\n|\n|t:|1700070314\n|switch|p2b: Iron fists|Iron Hands|100\/100\n|move|p1b: Gyarados|Dragon Dance|p1b: Gyarados\n|-boost|p1b: Gyarados|atk|1\n|-boost|p1b: Gyarados|spe|1\n|move|p1a: Seviper|Flamethrower|p2a: Amogus\n|-supereffective|p2a: Amogus\n|-damage|p2a: Amogus|61\/100\n|move|p2a: Amogus|Spore|p1a: Seviper\n|-status|p1a: Seviper|slp|[from] move: Spore\n|\n|upkeep\n|turn|7\n|\n|t:|1700070333\n|move|p2b: Iron fists|Fake Out|p1b: Gyarados\n|-damage|p1b: Gyarados|75\/100\n|cant|p1b: Gyarados|flinch\n|cant|p1a: Seviper|slp\n|move|p2a: Amogus|Spore|p1b: Gyarados\n|-status|p1b: Gyarados|slp|[from] move: Spore\n|\n|upkeep\n|turn|8\n|\n|t:|1700070350\n|switch|p1a: Serperior|Serperior, F, shiny|100\/100\n|switch|p2a: Escargot|Goodra-Hisui, M|100\/100\n|cant|p1b: Gyarados|slp\n|move|p2b: Iron fists|Drain Punch|p1b: Gyarados\n|-supereffective|p1b: Gyarados\n|-damage|p1b: Gyarados|0 fnt\n|faint|p1b: Gyarados\n|\n|upkeep\n|\n|t:|1700070363\n|switch|p1b: Milotic|Milotic, F|100\/100\n|turn|9\n|\n|t:|1700070381\n|-terastallize|p2a: Escargot|Water\n|-terastallize|p1b: Milotic|Grass\n|move|p1a: Serperior|Leaf Storm|p2b: Iron fists\n|-damage|p2b: Iron fists|72\/100\n|-boost|p1a: Serperior|spa|2\n|move|p2a: Escargot|Heavy Slam|p1a: Serperior\n|-damage|p1a: Serperior|52\/100\n|move|p1b: Milotic|Ice Beam|p2a: Escargot\n|-resisted|p2a: Escargot\n|-damage|p2a: Escargot|91\/100\n|move|p2b: Iron fists|Thunder Punch|p1b: Milotic\n|-resisted|p1b: Milotic\n|-damage|p1b: Milotic|76\/100\n|\n|-heal|p1a: Serperior|58\/100|[from] item: Leftovers\n|-heal|p1b: Milotic|82\/100|[from] item: Leftovers\n|upkeep\n|turn|10\n|\n|t:|1700070405\n|move|p1a: Serperior|Leech Seed|p2a: Escargot\n|-ability|p2a: Escargot|Sap Sipper|boost\n|-boost|p2a: Escargot|atk|1\n|move|p2a: Escargot|Heavy Slam|p1a: Serperior\n|-damage|p1a: Serperior|0 fnt\n|faint|p1a: Serperior\n|move|p1b: Milotic|Toxic|p2a: Escargot\n|-status|p2a: Escargot|tox\n|move|p2b: Iron fists|Ice Punch|p1b: Milotic\n|-supereffective|p1b: Milotic\n|-damage|p1b: Milotic|23\/100\n|\n|-heal|p1b: Milotic|29\/100|[from] item: Leftovers\n|-damage|p2a: Escargot|85\/100 tox|[from] psn\n|upkeep\n|inactive|Delreynan has 120 seconds left.\n|\n|t:|1700070422\n|switch|p1a: Seviper|Seviper, F|100\/100 slp\n|turn|11\n|\n|t:|1700070429\n|cant|p1a: Seviper|slp\n|move|p2a: Escargot|Heavy Slam|p1a: Seviper\n|-damage|p1a: Seviper|0 fnt\n|faint|p1a: Seviper\n|move|p1b: Milotic|Recover|p1b: Milotic\n|-heal|p1b: Milotic|79\/100\n|move|p2b: Iron fists|Ice Punch|p1b: Milotic\n|-supereffective|p1b: Milotic\n|-damage|p1b: Milotic|17\/100\n|\n|-heal|p1b: Milotic|23\/100|[from] item: Leftovers\n|-damage|p2a: Escargot|73\/100 tox|[from] psn\n|upkeep\n|turn|12\n|-message|Delreynan forfeited.\n|\n|win|AceCoyoteNK\n|raw|Delreynan's rating: 1103 &rarr; <strong>1087<\/strong><br \/>(-16 for losing)\n|raw|AceCoyoteNK's rating: 1238 &rarr; <strong>1254<\/strong><br \/>(+16 for winning)\n|l|\u2606Delreynan\n","uploadtime":1700070447,"views":5,"p1id":"delreynan","p2id":"acecoyotenk","formatid":"gen9nationaldexdoubles","rating":1087,"private":0,"password":""}