{"id":"gen9nationaldexdoubles-1971750199","p1":"trnchi","p2":"MAF1001","format":"[Gen 9] National Dex Doubles","log":"|j|\u2606trnchi\n|j|\u2606MAF1001\n|t:|1697767920\n|gametype|doubles\n|player|p1|trnchi|266|\n|player|p2|MAF1001|unknown|\n|teamsize|p1|6\n|teamsize|p2|6\n|gen|9\n|tier|[Gen 9] National Dex Doubles\n|rule|HP Percentage Mod: HP is shown in percentages\n|rule|Endless Battle Clause: Forcing endless battles is banned\n|rule|OHKO Clause: OHKO moves are banned\n|rule|Evasion Moves Clause: Evasion moves are banned\n|rule|Evasion Abilities Clause: Evasion abilities are banned\n|rule|Species Clause: Limit one of each Pok\u00e9mon\n|rule|Gravity Sleep Clause: The combination of sleep-inducing moves with imperfect accuracy and Gravity or Gigantamax Orbeetle are banned\n|clearpoke\n|poke|p1|Bulbasaur, M|\n|poke|p1|Torchic, F|\n|poke|p1|Mudkip, F|\n|poke|p1|Litten, F|\n|poke|p1|Pichu, M|\n|poke|p1|Riolu, F|\n|poke|p2|Grookey, F|\n|poke|p2|Froakie, F|\n|poke|p2|Rowlet, F|\n|poke|p2|Riolu, F|\n|poke|p2|Pichu, F|\n|poke|p2|Litten, M|\n|teampreview\n|\n|t:|1697767952\n|start\n|switch|p1a: Litten|Litten, F|100\/100\n|switch|p1b: Mudkip|Mudkip, F|100\/100\n|switch|p2a: Grookey|Grookey, F|100\/100\n|switch|p2b: Riolu|Riolu, F|100\/100\n|-ability|p1a: Litten|Intimidate|boost\n|-unboost|p2a: Grookey|atk|1\n|-unboost|p2b: Riolu|atk|1\n|-fieldstart|move: Grassy Terrain|[from] ability: Grassy Surge|[of] p2a: Grookey\n|turn|1\n|c|\u2606MAF1001|al mejor de 3\n|\n|t:|1697768012\n|move|p2a: Grookey|Fake Out|p1a: Litten\n|-damage|p1a: Litten|77\/100\n|-damage|p2a: Grookey|91\/100|[from] item: Life Orb\n|move|p2b: Riolu|Coaching|p2a: Grookey\n|-boost|p2a: Grookey|atk|1\n|-boost|p2a: Grookey|def|1\n|cant|p1a: Litten|flinch\n|move|p1b: Mudkip|Rock Slide|p2a: Grookey|[spread] p2a,p2b\n|-resisted|p2b: Riolu\n|-damage|p2a: Grookey|68\/100\n|-damage|p2b: Riolu|84\/100\n|\n|-heal|p1a: Litten|83\/100|[from] Grassy Terrain\n|-heal|p2a: Grookey|74\/100|[from] Grassy Terrain\n|-heal|p2b: Riolu|90\/100|[from] Grassy Terrain\n|upkeep\n|turn|2\n|\n|t:|1697768039\n|-terastallize|p2a: Grookey|Water\n|move|p2a: Grookey|Grassy Glide|p1b: Mudkip\n|-supereffective|p1b: Mudkip\n|-damage|p1b: Mudkip|0 fnt\n|faint|p1b: Mudkip\n|-damage|p2a: Grookey|64\/100|[from] item: Life Orb\n|move|p2b: Riolu|Coaching|p2a: Grookey\n|-boost|p2a: Grookey|atk|1\n|-boost|p2a: Grookey|def|1\n|move|p1a: Litten|U-turn|p2a: Grookey\n|-damage|p2a: Grookey|37\/100\n|\n|t:|1697768052\n|switch|p1a: Torchic|Torchic, F|100\/100|[from] U-turn\n|\n|-heal|p2a: Grookey|44\/100|[from] Grassy Terrain\n|-heal|p2b: Riolu|96\/100|[from] Grassy Terrain\n|upkeep\n|\n|t:|1697768058\n|switch|p1b: Bulbasaur|Bulbasaur, M|100\/100\n|turn|3\n|\n|t:|1697768083\n|move|p2b: Riolu|Howl|p2b: Riolu|[spread] p2a,p2b\n|-boost|p2a: Grookey|atk|1\n|-boost|p2b: Riolu|atk|1\n|move|p2a: Grookey|U-turn|p1b: Bulbasaur\n|-crit|p1b: Bulbasaur\n|-damage|p1b: Bulbasaur|0 fnt\n|faint|p1b: Bulbasaur\n|-damage|p2a: Grookey|34\/100|[from] item: Life Orb\n|\n|t:|1697768097\n|switch|p2a: Litten|Litten, M|100\/100|[from] U-turn\n|-ability|p2a: Litten|Intimidate|boost\n|-unboost|p1a: Torchic|atk|1\n|-item|p2a: Litten|Air Balloon\n|move|p1a: Torchic|Flamethrower|p2b: Riolu\n|-damage|p2b: Riolu|11\/100\n|-damage|p1a: Torchic|91\/100|[from] item: Life Orb\n|\n|-heal|p2b: Riolu|17\/100|[from] Grassy Terrain\n|-heal|p1a: Torchic|97\/100|[from] Grassy Terrain\n|-ability|p1a: Torchic|Speed Boost|boost\n|-boost|p1a: Torchic|spe|1\n|upkeep\n|\n|t:|1697768111\n|switch|p1b: Pichu|Pichu, M|100\/100\n|turn|4\n|\n|t:|1697768146\n|move|p1b: Pichu|Fake Out|p2b: Riolu\n|-damage|p2b: Riolu|0 fnt\n|faint|p2b: Riolu\n|move|p2a: Litten|Parting Shot|p1a: Torchic\n|-unboost|p1a: Torchic|atk|1\n|-unboost|p1a: Torchic|spa|1\n|\n|t:|1697768167\n|switch|p2a: Pichu|Pichu, F|100\/100|[from] Parting Shot\n|move|p1a: Torchic|Flamethrower|p2a: Pichu\n|-damage|p2a: Pichu|0 fnt\n|faint|p2a: Pichu\n|-damage|p1a: Torchic|87\/100|[from] item: Life Orb\n|\n|-heal|p1a: Torchic|93\/100|[from] Grassy Terrain\n|-ability|p1a: Torchic|Speed Boost|boost\n|-boost|p1a: Torchic|spe|1\n|upkeep\n|\n|t:|1697768193\n|switch|p2a: Froakie|Froakie, F|100\/100\n|switch|p2b: Litten|Litten, M|100\/100\n|-ability|p2b: Litten|Intimidate|boost\n|-unboost|p1a: Torchic|atk|1\n|-unboost|p1b: Pichu|atk|1\n|-item|p2b: Litten|Air Balloon\n|turn|5\n|\n|t:|1697768287\n|switch|p1a: Riolu|Riolu, F|100\/100\n|switch|p2a: Rowlet|Rowlet, F|100\/100\n|move|p2b: Litten|Parting Shot|p1b: Pichu\n|-unboost|p1b: Pichu|atk|1\n|-unboost|p1b: Pichu|spa|1\n|\n|t:|1697768299\n|switch|p2b: Froakie|Froakie, F|100\/100|[from] Parting Shot\n|move|p1b: Pichu|Nuzzle|p2a: Rowlet\n|-damage|p2a: Rowlet|96\/100\n|-status|p2a: Rowlet|par\n|\n|-fieldend|move: Grassy Terrain\n|upkeep\n|turn|6\n|\n|t:|1697768331\n|move|p2b: Froakie|Scald|p1a: Riolu\n|-damage|p1a: Riolu|32\/100\n|move|p1b: Pichu|Nuzzle|p2b: Froakie\n|-supereffective|p2b: Froakie\n|-damage|p2b: Froakie|89\/100\n|-status|p2b: Froakie|par\n|move|p1a: Riolu|Ice Punch|p2a: Rowlet\n|-supereffective|p2a: Rowlet\n|-damage|p2a: Rowlet|0 fnt\n|faint|p2a: Rowlet\n|-damage|p1a: Riolu|22\/100|[from] item: Life Orb\n|\n|upkeep\n|\n|t:|1697768344\n|switch|p2a: Litten|Litten, M|100\/100\n|-ability|p2a: Litten|Intimidate|boost\n|-fail|p1a: Riolu|unboost|Attack|[from] ability: Inner Focus|[of] p1a: Riolu\n|-unboost|p1b: Pichu|atk|1\n|-item|p2a: Litten|Air Balloon\n|turn|7\n|\n|t:|1697768371\n|move|p2a: Litten|Will-O-Wisp|p1a: Riolu|[miss]\n|-miss|p2a: Litten|p1a: Riolu\n|move|p1b: Pichu|Nuzzle|p2a: Litten\n|-damage|p2a: Litten|93\/100\n|-status|p2a: Litten|par\n|-enditem|p2a: Litten|Air Balloon\n|move|p1a: Riolu|Earthquake|p2b: Froakie|[spread] p1b,p2a,p2b\n|-supereffective|p1b: Pichu\n|-supereffective|p2a: Litten\n|-enditem|p1b: Pichu|Focus Sash\n|-damage|p1b: Pichu|1\/100\n|-damage|p2a: Litten|0 fnt\n|-damage|p2b: Froakie|50\/100 par\n|faint|p2a: Litten\n|-damage|p1a: Riolu|12\/100|[from] item: Life Orb\n|move|p2b: Froakie|Scald|p1b: Pichu\n|-damage|p1b: Pichu|0 fnt\n|faint|p1b: Pichu\n|\n|upkeep\n|\n|t:|1697768397\n|switch|p2a: Grookey|Grookey, F, tera:Water|34\/100\n|switch|p1b: Litten|Litten, F|83\/100\n|-ability|p1b: Litten|Intimidate|boost\n|-unboost|p2a: Grookey|atk|1\n|-unboost|p2b: Froakie|atk|1\n|-fieldstart|move: Grassy Terrain|[from] ability: Grassy Surge|[of] p2a: Grookey\n|turn|8\n|\n|t:|1697768434\n|-terastallize|p1b: Litten|Psychic\n|move|p2a: Grookey|Fake Out|p1a: Riolu\n|-damage|p1a: Riolu|0 fnt\n|faint|p1a: Riolu\n|-damage|p2a: Grookey|24\/100|[from] item: Life Orb\n|move|p1b: Litten|Outrage|p2a: Grookey\n|-damage|p2a: Grookey|0 fnt\n|faint|p2a: Grookey\n|move|p2b: Froakie|Scald|p1b: Litten\n|-damage|p1b: Litten|0 fnt\n|faint|p1b: Litten\n|\n|-heal|p2b: Froakie|56\/100 par|[from] Grassy Terrain\n|upkeep\n|\n|t:|1697768450\n|switch|p1a: Torchic|Torchic, F|93\/100\n|turn|9\n|\n|t:|1697768461\n|move|p1a: Torchic|Flamethrower|p2b: Froakie\n|-resisted|p2b: Froakie\n|-damage|p2b: Froakie|25\/100 par\n|-damage|p1a: Torchic|83\/100|[from] item: Life Orb\n|move|p2b: Froakie|Scald|p1a: Torchic\n|-supereffective|p1a: Torchic\n|-damage|p1a: Torchic|0 fnt\n|faint|p1a: Torchic\n|\n|win|MAF1001\n|l|\u2606MAF1001\n","uploadtime":1697768489,"views":10,"p1id":"trnchi","p2id":"maf1001","formatid":"gen9nationaldexdoubles","rating":0,"private":0,"password":""}