{"id":"gen9nationaldexdoubles-1950488620","p1":"Wanna try AGAIN?","p2":"snowballskies","format":"[Gen 9] National Dex Doubles","log":"|j|\u2606Wanna try AGAIN?\n|j|\u2606snowballskies\n|t:|1695478365\n|gametype|doubles\n|player|p1|Wanna try AGAIN?|lucas|1000\n|player|p2|snowballskies|beauty-gen4dp|1064\n|teamsize|p1|6\n|teamsize|p2|6\n|gen|9\n|tier|[Gen 9] National Dex Doubles\n|rated|\n|rule|HP Percentage Mod: HP is shown in percentages\n|rule|Endless Battle Clause: Forcing endless battles is banned\n|rule|OHKO Clause: OHKO moves are banned\n|rule|Evasion Moves Clause: Evasion moves are banned\n|rule|Evasion Abilities Clause: Evasion abilities are banned\n|rule|Species Clause: Limit one of each Pok\u00e9mon\n|rule|Gravity Sleep Clause: The combination of sleep-inducing moves with imperfect accuracy and Gravity or Gigantamax Orbeetle are banned\n|clearpoke\n|poke|p1|Zygarde|\n|poke|p1|Blastoise, F|\n|poke|p1|Clefable, M|\n|poke|p1|Indeedee-F, F|\n|poke|p1|Venomoth, F|\n|poke|p1|Mr. Mime, F|\n|poke|p2|Frosmoth, F|\n|poke|p2|Abomasnow, M|\n|poke|p2|Froslass, F|\n|poke|p2|Baxcalibur, F|\n|poke|p2|Mamoswine, F|\n|poke|p2|Ninetales-Alola, M|\n|teampreview\n|\n|t:|1695478399\n|start\n|switch|p1a: Zygarde|Zygarde|100\/100\n|switch|p1b: Blastoise|Blastoise, F|100\/100\n|switch|p2a: bug|Frosmoth, F, shiny|100\/100\n|switch|p2b: >:|Abomasnow, M|100\/100\n|-ability|p1a: Zygarde|Aura Break\n|-weather|Snow|[from] ability: Snow Warning|[of] p2b: >:\n|turn|1\n|\n|t:|1695478416\n|-terastallize|p1a: Zygarde|Steel\n|move|p2a: bug|Tailwind|p2a: bug\n|-sidestart|p2: snowballskies|move: Tailwind\n|move|p2b: >:|Aurora Veil|p2b: >:\n|-sidestart|p2: snowballskies|move: Aurora Veil\n|move|p1a: Zygarde|Dragon Dance|p1a: Zygarde\n|-boost|p1a: Zygarde|atk|1\n|-boost|p1a: Zygarde|spe|1\n|move|p1b: Blastoise|Scald|p2b: >:\n|-resisted|p2b: >:\n|-damage|p2b: >:|95\/100\n|-status|p2b: >:|brn\n|\n|-weather|Snow|[upkeep]\n|-heal|p2b: >:|100\/100 brn|[from] item: Leftovers\n|-damage|p2b: >:|94\/100 brn|[from] brn\n|upkeep\n|turn|2\n|inactive|Battle timer is ON: inactive players will automatically lose when time's up. (requested by Wanna try AGAIN?)\n|\n|t:|1695478469\n|move|p2b: >:|Helping Hand|p2a: bug\n|-singleturn|p2a: bug|Helping Hand|[of] p2b: >:\n|move|p1b: Blastoise|Follow Me|p1b: Blastoise\n|-singleturn|p1b: Blastoise|move: Follow Me\n|move|p2a: bug|Blizzard|p1b: Blastoise|[spread] p1a,p1b\n|-resisted|p1a: Zygarde\n|-resisted|p1b: Blastoise\n|-damage|p1a: Zygarde|76\/100\n|-damage|p1b: Blastoise|74\/100\n|move|p1a: Zygarde|Dragon Dance|p1a: Zygarde\n|-boost|p1a: Zygarde|atk|1\n|-boost|p1a: Zygarde|spe|1\n|\n|-weather|Snow|[upkeep]\n|-heal|p2b: >:|100\/100 brn|[from] item: Leftovers\n|-damage|p2b: >:|94\/100 brn|[from] brn\n|upkeep\n|turn|3\n|inactive|snowballskies has 120 seconds left.\n|\n|t:|1695478513\n|switch|p2a: miles prower|Ninetales-Alola, M, shiny|100\/100\n|move|p1a: Zygarde|Protect|p1a: Zygarde\n|-singleturn|p1a: Zygarde|Protect\n|move|p2b: >:|Protect|p2b: >:\n|-singleturn|p2b: >:|Protect\n|move|p1b: Blastoise|Roar|p2a: miles prower\n|drag|p2a: nose knows|Mamoswine, F|100\/100\n|\n|-weather|Snow|[upkeep]\n|-heal|p2b: >:|100\/100 brn|[from] item: Leftovers\n|-damage|p2b: >:|94\/100 brn|[from] brn\n|upkeep\n|turn|4\n|inactive|snowballskies has 120 seconds left.\n|\n|t:|1695478556\n|switch|p2b: miles prower|Ninetales-Alola, M, shiny|100\/100\n|move|p1b: Blastoise|Follow Me|p1b: Blastoise\n|-singleturn|p1b: Blastoise|move: Follow Me\n|move|p1a: Zygarde|Dragon Dance|p1a: Zygarde\n|-boost|p1a: Zygarde|atk|1\n|-boost|p1a: Zygarde|spe|1\n|move|p2a: nose knows|Rock Slide|p1a: Zygarde|[spread] p1a,p1b\n|-resisted|p1a: Zygarde\n|-damage|p1a: Zygarde|69\/100\n|-damage|p1b: Blastoise|58\/100\n|\n|-weather|Snow|[upkeep]\n|-sideend|p2: snowballskies|move: Tailwind\n|upkeep\n|turn|5\n|\n|t:|1695478576\n|move|p1b: Blastoise|Follow Me|p1b: Blastoise\n|-singleturn|p1b: Blastoise|move: Follow Me\n|move|p1a: Zygarde|Dragon Dance|p1a: Zygarde\n|-boost|p1a: Zygarde|atk|1\n|-boost|p1a: Zygarde|spe|1\n|move|p2b: miles prower|Hypnosis|p1b: Blastoise\n|-status|p1b: Blastoise|slp|[from] move: Hypnosis\n|move|p2a: nose knows|Rock Slide|p1a: Zygarde|[spread] p1a,p1b\n|-resisted|p1a: Zygarde\n|-damage|p1a: Zygarde|61\/100\n|-damage|p1b: Blastoise|42\/100 slp\n|\n|-weather|none\n|-sideend|p2: snowballskies|move: Aurora Veil\n|upkeep\n|turn|6\n|\n|t:|1695478591\n|cant|p1b: Blastoise|slp\n|move|p1a: Zygarde|Thousand Arrows|p2a: nose knows|[spread] p2a,p2b\n|-damage|p2a: nose knows|5\/100\n|-enditem|p2b: miles prower|Focus Sash\n|-damage|p2b: miles prower|1\/100\n|move|p2b: miles prower|Hypnosis|p1a: Zygarde|[miss]\n|-miss|p2b: miles prower|p1a: Zygarde\n|move|p2a: nose knows|Rock Slide|p1a: Zygarde|[spread] p1a,p1b\n|-resisted|p1a: Zygarde\n|-damage|p1a: Zygarde|54\/100\n|-damage|p1b: Blastoise|27\/100 slp\n|\n|-heal|p2a: nose knows|12\/100|[from] item: Leftovers\n|upkeep\n|turn|7\n|c|\u2606snowballskies|wait does this mode like\n|c|\u2606snowballskies|have the sleep thing\n|inactive|snowballskies has 120 seconds left.\n|c|\u2606snowballskies|where only 1 can be slumpt\n|\n|t:|1695478648\n|-curestatus|p1b: Blastoise|slp|[msg]\n|move|p1b: Blastoise|Follow Me|p1b: Blastoise\n|-singleturn|p1b: Blastoise|move: Follow Me\n|move|p1a: Zygarde|Thousand Arrows|p2a: nose knows|[spread] p2a,p2b\n|-crit|p2a: nose knows\n|-damage|p2a: nose knows|0 fnt\n|-damage|p2b: miles prower|0 fnt\n|faint|p2a: nose knows\n|faint|p2b: miles prower\n|\n|upkeep\n|c|\u2606snowballskies|crying in the club rn\n|inactive|snowballskies has 90 seconds left.\n|\n|t:|1695478661\n|switch|p2b: Luna|Froslass, F|100\/100\n|switch|p2a: Baxcalibur|Baxcalibur, F|100\/100\n|turn|8\n|\n|t:|1695478686\n|move|p1b: Blastoise|Follow Me|p1b: Blastoise\n|-singleturn|p1b: Blastoise|move: Follow Me\n|move|p1a: Zygarde|Thousand Arrows|p2b: Luna|[spread] p2a,p2b\n|-damage|p2a: Baxcalibur|9\/100\n|-enditem|p2b: Luna|Focus Sash\n|-damage|p2b: Luna|1\/100\n|move|p2b: Luna|Snowscape|p2b: Luna\n|-weather|Snow\n|move|p2a: Baxcalibur|Aqua Tail|p1b: Blastoise|[miss]\n|-miss|p2a: Baxcalibur|p1b: Blastoise\n|\n|-weather|Snow|[upkeep]\n|-heal|p2a: Baxcalibur|15\/100|[from] ability: Ice Body\n|upkeep\n|turn|9\n|\n|t:|1695478713\n|move|p1b: Blastoise|Follow Me|p1b: Blastoise\n|-singleturn|p1b: Blastoise|move: Follow Me\n|move|p1a: Zygarde|Thousand Arrows|p2a: Baxcalibur|[spread] p2a,p2b\n|-damage|p2a: Baxcalibur|0 fnt\n|-damage|p2b: Luna|0 fnt\n|faint|p2a: Baxcalibur\n|faint|p2b: Luna\n|\n|-weather|Snow|[upkeep]\n|upkeep\n|\n|t:|1695478718\n|switch|p2b: bug|Frosmoth, F, shiny|100\/100\n|switch|p2a: >:|Abomasnow, M|94\/100 brn\n|turn|10\n|inactive|snowballskies has 120 seconds left.\n|\n|t:|1695478737\n|move|p1b: Blastoise|Follow Me|p1b: Blastoise\n|-singleturn|p1b: Blastoise|move: Follow Me\n|move|p1a: Zygarde|Thousand Arrows|p2b: bug|[spread] p2a,p2b\n|-resisted|p2a: >:\n|-resisted|p2b: bug\n|-damage|p2a: >:|57\/100 brn\n|-damage|p2b: bug|39\/100\n|move|p2b: bug|Air Slash|p1b: Blastoise\n|-crit|p1b: Blastoise\n|-damage|p1b: Blastoise|0 fnt\n|faint|p1b: Blastoise\n|move|p2a: >:|Aurora Veil|p2a: >:\n|-sidestart|p2: snowballskies|move: Aurora Veil\n|\n|-weather|Snow|[upkeep]\n|-heal|p2b: bug|45\/100|[from] item: Leftovers\n|-heal|p2a: >:|63\/100 brn|[from] item: Leftovers\n|-damage|p2a: >:|57\/100 brn|[from] brn\n|upkeep\n|\n|t:|1695478751\n|switch|p1b: Indeedee|Indeedee-F, F|100\/100\n|-fieldstart|move: Psychic Terrain|[from] ability: Psychic Surge|[of] p1b: Indeedee\n|turn|11\n|c|\u2606snowballskies|yea get outta here with that fingER\n|\n|t:|1695478765\n|move|p2a: >:|Helping Hand|p2b: bug\n|-singleturn|p2b: bug|Helping Hand|[of] p2a: >:\n|move|p1b: Indeedee|Follow Me|p1b: Indeedee\n|-singleturn|p1b: Indeedee|move: Follow Me\n|move|p1a: Zygarde|Thousand Arrows|p2a: >:|[spread] p2a,p2b\n|-resisted|p2a: >:\n|-resisted|p2b: bug\n|-damage|p2a: >:|31\/100 brn\n|-damage|p2b: bug|4\/100\n|move|p2b: bug|Blizzard|p1b: Indeedee|[spread] p1a,p1b\n|-resisted|p1a: Zygarde\n|-damage|p1a: Zygarde|26\/100\n|-damage|p1b: Indeedee|36\/100\n|\n|-weather|Snow|[upkeep]\n|-heal|p2b: bug|10\/100|[from] item: Leftovers\n|-heal|p2a: >:|38\/100 brn|[from] item: Leftovers\n|-damage|p2a: >:|31\/100 brn|[from] brn\n|upkeep\n|turn|12\n|\n|t:|1695478787\n|move|p2a: >:|Helping Hand|p2b: bug\n|-singleturn|p2b: bug|Helping Hand|[of] p2a: >:\n|move|p1b: Indeedee|Follow Me|p1b: Indeedee\n|-singleturn|p1b: Indeedee|move: Follow Me\n|move|p1a: Zygarde|Thousand Arrows|p2a: >:|[spread] p2a,p2b\n|-resisted|p2a: >:\n|-resisted|p2b: bug\n|-damage|p2a: >:|3\/100 brn\n|-damage|p2b: bug|0 fnt\n|faint|p2b: bug\n|\n|-weather|none\n|-heal|p2a: >:|10\/100 brn|[from] item: Leftovers\n|-damage|p2a: >:|3\/100 brn|[from] brn\n|upkeep\n|turn|13\n|c|\u2606snowballskies|wack\n|\n|t:|1695478802\n|move|p1b: Indeedee|Follow Me|p1b: Indeedee\n|-singleturn|p1b: Indeedee|move: Follow Me\n|move|p1a: Zygarde|Thousand Arrows|p2a: >:\n|-resisted|p2a: >:\n|-damage|p2a: >:|0 fnt\n|faint|p2a: >:\n|\n|win|Wanna try AGAIN?\n|raw|Wanna try AGAIN?'s rating: 1000 &rarr; <strong>1047<\/strong><br \/>(+47 for winning)\n|raw|snowballskies's rating: 1064 &rarr; <strong>1041<\/strong><br \/>(-23 for losing)\n","uploadtime":1695478806,"views":9,"p1id":"wannatryagain","p2id":"snowballskies","formatid":"gen9nationaldexdoubles","rating":1041,"private":0,"password":""}