{"id":"gen9nationaldexdoubles-1949251359","p1":"TurboTurtleVGC","p2":"S1r.sweepsaLot","format":"[Gen 9] National Dex Doubles","log":"|j|\u2606TurboTurtleVGC\n|j|\u2606S1r.sweepsaLot\n|t:|1695339782\n|gametype|doubles\n|player|p1|TurboTurtleVGC|nanu|\n|player|p2|S1r.sweepsaLot|guzma|\n|teamsize|p1|6\n|teamsize|p2|6\n|gen|9\n|tier|[Gen 9] National Dex Doubles\n|rule|HP Percentage Mod: HP is shown in percentages\n|rule|Endless Battle Clause: Forcing endless battles is banned\n|rule|OHKO Clause: OHKO moves are banned\n|rule|Evasion Moves Clause: Evasion moves are banned\n|rule|Evasion Abilities Clause: Evasion abilities are banned\n|rule|Species Clause: Limit one of each Pok\u00e9mon\n|rule|Gravity Sleep Clause: The combination of sleep-inducing moves with imperfect accuracy and Gravity or Gigantamax Orbeetle are banned\n|clearpoke\n|poke|p1|Tyranitar, M|\n|poke|p1|Landorus-Therian, M|\n|poke|p1|Garganacl, F|\n|poke|p1|Flutter Mane|\n|poke|p1|Excadrill, F|\n|poke|p1|Enamorus-Therian, F|\n|poke|p2|Tyranitar, F|\n|poke|p2|Excadrill, F|\n|poke|p2|Togekiss, M|\n|poke|p2|Kommo-o, M|\n|poke|p2|Gholdengo|\n|poke|p2|Incineroar, M|\n|teampreview\n|c|\u2606S1r.sweepsaLot|glhf\n|\n|t:|1695339828\n|start\n|switch|p1a: Flutter Mane|Flutter Mane|100\/100\n|switch|p1b: Landorus|Landorus-Therian, M|100\/100\n|switch|p2a: Please Flinch|Togekiss, M|100\/100\n|switch|p2b: Concert Speaker|Kommo-o, M|100\/100\n|-ability|p1b: Landorus|Intimidate|boost\n|-unboost|p2a: Please Flinch|atk|1\n|-unboost|p2b: Concert Speaker|atk|1\n|-enditem|p1a: Flutter Mane|Booster Energy\n|-activate|p1a: Flutter Mane|ability: Protosynthesis|[fromitem]\n|-start|p1a: Flutter Mane|protosynthesisspe\n|turn|1\n|\n|t:|1695339845\n|-terastallize|p2b: Concert Speaker|Poison\n|move|p2a: Please Flinch|Follow Me|p2a: Please Flinch\n|-singleturn|p2a: Please Flinch|move: Follow Me\n|move|p1a: Flutter Mane|Dazzling Gleam|p2a: Please Flinch|[spread] p2a,p2b\n|-resisted|p2b: Concert Speaker\n|-damage|p2a: Please Flinch|77\/100\n|-damage|p2b: Concert Speaker|81\/100\n|move|p1b: Landorus|Stone Edge|p2a: Please Flinch|[miss]\n|-miss|p1b: Landorus|p2a: Please Flinch\n|move|p2b: Concert Speaker|Clangorous Soul|p2b: Concert Speaker\n|-boost|p2b: Concert Speaker|atk|1\n|-boost|p2b: Concert Speaker|def|1\n|-boost|p2b: Concert Speaker|spa|1\n|-boost|p2b: Concert Speaker|spd|1\n|-boost|p2b: Concert Speaker|spe|1\n|-damage|p2b: Concert Speaker|48\/100\n|-enditem|p2b: Concert Speaker|Throat Spray\n|-boost|p2b: Concert Speaker|spa|1|[from] item: Throat Spray\n|\n|upkeep\n|turn|2\n|\n|t:|1695339876\n|move|p1a: Flutter Mane|Protect|p1a: Flutter Mane\n|-singleturn|p1a: Flutter Mane|Protect\n|move|p2a: Please Flinch|Follow Me|p2a: Please Flinch\n|-singleturn|p2a: Please Flinch|move: Follow Me\n|move|p2b: Concert Speaker|Iron Head|p1a: Flutter Mane\n|-activate|p1a: Flutter Mane|move: Protect\n|move|p1b: Landorus|Stone Edge|p2a: Please Flinch\n|-supereffective|p2a: Please Flinch\n|-damage|p2a: Please Flinch|22\/100\n|\n|upkeep\n|turn|3\n|\n|t:|1695339893\n|-end|p1a: Flutter Mane|Protosynthesis|[silent]\n|switch|p1a: Excadrill|Excadrill, F|100\/100\n|switch|p2a: Nala|Incineroar, M|100\/100\n|-ability|p2a: Nala|Intimidate|boost\n|-unboost|p1a: Excadrill|atk|1\n|-unboost|p1b: Landorus|atk|1\n|move|p2b: Concert Speaker|Clanging Scales|p1b: Landorus|[spread] p1a,p1b\n|-resisted|p1a: Excadrill\n|-crit|p1b: Landorus\n|-damage|p1a: Excadrill|56\/100\n|-damage|p1b: Landorus|0 fnt\n|faint|p1b: Landorus\n|-unboost|p2b: Concert Speaker|def|1\n|\n|upkeep\n|\n|t:|1695339911\n|switch|p1b: Flutter Mane|Flutter Mane|100\/100\n|turn|4\n|\n|t:|1695339924\n|move|p2b: Concert Speaker|Protect|p2b: Concert Speaker\n|-singleturn|p2b: Concert Speaker|Protect\n|move|p1b: Flutter Mane|Protect|p1b: Flutter Mane\n|-singleturn|p1b: Flutter Mane|Protect\n|move|p1a: Excadrill|High Horsepower|p2b: Concert Speaker\n|-activate|p2b: Concert Speaker|move: Protect\n|move|p2a: Nala|Parting Shot|p1b: Flutter Mane\n|-activate|p1b: Flutter Mane|move: Protect\n|\n|upkeep\n|turn|5\n|\n|t:|1695339955\n|-terastallize|p1b: Flutter Mane|Fairy\n|move|p2b: Concert Speaker|Clanging Scales|p1b: Flutter Mane|[spread] p1a\n|-immune|p1b: Flutter Mane\n|-resisted|p1a: Excadrill\n|-damage|p1a: Excadrill|5\/100\n|-unboost|p2b: Concert Speaker|def|1\n|move|p1b: Flutter Mane|Moonblast|p2a: Nala\n|-damage|p2a: Nala|50\/100\n|-unboost|p2a: Nala|spa|1\n|move|p1a: Excadrill|High Horsepower|p2b: Concert Speaker\n|-supereffective|p2b: Concert Speaker\n|-damage|p2b: Concert Speaker|0 fnt\n|faint|p2b: Concert Speaker\n|move|p2a: Nala|Parting Shot|p1b: Flutter Mane\n|-unboost|p1b: Flutter Mane|atk|1\n|-unboost|p1b: Flutter Mane|spa|1\n|\n|t:|1695339974\n|switch|p2a: Please Flinch|Togekiss, M|22\/100|[from] Parting Shot\n|\n|upkeep\n|\n|t:|1695339978\n|switch|p2b: Godzilla|Tyranitar, F|100\/100\n|-weather|Sandstorm|[from] ability: Sand Stream|[of] p2b: Godzilla\n|turn|6\n|\n|t:|1695339996\n|-end|p1b: Flutter Mane|Protosynthesis|[silent]\n|switch|p1b: Garganacl|Garganacl, F|100\/100\n|switch|p2a: Nala|Incineroar, M|50\/100\n|-ability|p2a: Nala|Intimidate|boost\n|-unboost|p1a: Excadrill|atk|1\n|-unboost|p1b: Garganacl|atk|1\n|move|p1a: Excadrill|Iron Head|p2a: Nala\n|-resisted|p2a: Nala\n|-damage|p2a: Nala|41\/100\n|-zpower|p2b: Godzilla\n|move|p2b: Godzilla|Continental Crush|p1b: Garganacl|[zeffect]\n|-damage|p1b: Garganacl|45\/100\n|\n|-weather|Sandstorm|[upkeep]\n|-damage|p2a: Nala|35\/100|[from] Sandstorm\n|upkeep\n|turn|7\n|\n|t:|1695340017\n|move|p2a: Nala|Fake Out|p1a: Excadrill\n|-resisted|p1a: Excadrill\n|-damage|p1a: Excadrill|0 fnt\n|faint|p1a: Excadrill\n|move|p2b: Godzilla|Knock Off|p1b: Garganacl\n|-damage|p1b: Garganacl|6\/100\n|-enditem|p1b: Garganacl|Assault Vest|[from] move: Knock Off|[of] p2b: Godzilla\n|move|p1b: Garganacl|Body Press|p2b: Godzilla\n|-supereffective|p2b: Godzilla\n|-damage|p2b: Godzilla|28\/100\n|\n|-weather|Sandstorm|[upkeep]\n|-damage|p2a: Nala|28\/100|[from] Sandstorm\n|upkeep\n|\n|t:|1695340026\n|switch|p1a: Flutter Mane|Flutter Mane, tera:Fairy|100\/100\n|turn|8\n|\n|t:|1695340036\n|switch|p1b: Enamorus|Enamorus-Therian, F, shiny|100\/100\n|move|p2b: Godzilla|Protect|p2b: Godzilla\n|-singleturn|p2b: Godzilla|Protect\n|move|p1a: Flutter Mane|Dazzling Gleam|p2a: Nala|[spread] p2a\n|-activate|p2b: Godzilla|move: Protect\n|-crit|p2a: Nala\n|-damage|p2a: Nala|0 fnt\n|faint|p2a: Nala\n|\n|-weather|Sandstorm|[upkeep]\n|-damage|p1a: Flutter Mane|95\/100|[from] Sandstorm\n|upkeep\n|\n|t:|1695340044\n|switch|p2a: Home Depot|Excadrill, F|100\/100\n|turn|9\n|\n|t:|1695340060\n|switch|p1b: Garganacl|Garganacl, F|6\/100\n|move|p1a: Flutter Mane|Protect|p1a: Flutter Mane\n|-singleturn|p1a: Flutter Mane|Protect\n|move|p2a: Home Depot|Rock Slide|p1b: Garganacl|[spread] p1b\n|-activate|p1a: Flutter Mane|move: Protect\n|-damage|p1b: Garganacl|0 fnt\n|faint|p1b: Garganacl\n|-damage|p2a: Home Depot|91\/100|[from] item: Life Orb\n|move|p2b: Godzilla|Rock Slide|p1a: Flutter Mane\n|-activate|p1a: Flutter Mane|move: Protect\n|\n|-weather|Sandstorm|[upkeep]\n|-damage|p1a: Flutter Mane|89\/100|[from] Sandstorm\n|upkeep\n|\n|t:|1695340074\n|switch|p1b: Tyranitar|Tyranitar, M, shiny|100\/100\n|turn|10\n|\n|t:|1695340089\n|switch|p2b: Money Bags|Gholdengo, shiny|100\/100\n|detailschange|p1b: Tyranitar|Tyranitar-Mega, M, shiny\n|-mega|p1b: Tyranitar|Tyranitar|Tyranitarite\n|move|p2a: Home Depot|High Horsepower|p1a: Flutter Mane\n|-damage|p1a: Flutter Mane|0 fnt\n|faint|p1a: Flutter Mane\n|-end|p1a: Flutter Mane|Protosynthesis|[silent]\n|-damage|p2a: Home Depot|81\/100|[from] item: Life Orb\n|move|p1b: Tyranitar|Knock Off|p2a: Home Depot\n|-damage|p2a: Home Depot|0 fnt\n|-enditem|p2a: Home Depot|Life Orb|[from] move: Knock Off|[of] p1b: Tyranitar\n|faint|p2a: Home Depot\n|\n|-weather|none\n|upkeep\n|\n|t:|1695340103\n|switch|p1a: Enamorus|Enamorus-Therian, F, shiny|100\/100\n|switch|p2a: Please Flinch|Togekiss, M|22\/100\n|turn|11\n|\n|t:|1695340116\n|move|p1b: Tyranitar|Protect|p1b: Tyranitar\n|-singleturn|p1b: Tyranitar|Protect\n|move|p2a: Please Flinch|Follow Me|p2a: Please Flinch\n|-singleturn|p2a: Please Flinch|move: Follow Me\n|move|p2b: Money Bags|Nasty Plot|p2b: Money Bags\n|-boost|p2b: Money Bags|spa|2\n|move|p1a: Enamorus|Springtide Storm|p2b: Money Bags|[spread] p2a,p2b\n|-resisted|p2b: Money Bags\n|-damage|p2a: Please Flinch|0 fnt\n|-damage|p2b: Money Bags|82\/100\n|-unboost|p2b: Money Bags|atk|1\n|faint|p2a: Please Flinch\n|\n|-heal|p2b: Money Bags|88\/100|[from] item: Leftovers\n|upkeep\n|\n|t:|1695340126\n|switch|p2a: Godzilla|Tyranitar, F|28\/100\n|-weather|Sandstorm|[from] ability: Sand Stream|[of] p2a: Godzilla\n|turn|12\n|\n|t:|1695340141\n|move|p2b: Money Bags|Make It Rain|p1a: Enamorus|[spread] p1a,p1b\n|-supereffective|p1a: Enamorus\n|-supereffective|p1b: Tyranitar\n|-damage|p1a: Enamorus|0 fnt\n|-damage|p1b: Tyranitar|9\/100\n|-unboost|p2b: Money Bags|spa|1\n|faint|p1a: Enamorus\n|move|p1b: Tyranitar|Knock Off|p2b: Money Bags\n|-supereffective|p2b: Money Bags\n|-damage|p2b: Money Bags|0 fnt\n|-enditem|p2b: Money Bags|Leftovers|[from] move: Knock Off|[of] p1b: Tyranitar\n|faint|p2b: Money Bags\n|move|p2a: Godzilla|Rock Slide|p1b: Tyranitar\n|-damage|p1b: Tyranitar|0 fnt\n|faint|p1b: Tyranitar\n|\n|win|S1r.sweepsaLot\n|c|\u2606S1r.sweepsaLot|gg\n|c|\u2606S1r.sweepsaLot|close match\n","uploadtime":1695340158,"views":11,"p1id":"turboturtlevgc","p2id":"s1rsweepsalot","formatid":"gen9nationaldexdoubles","rating":0,"private":0,"password":""}