{"id":"gen9nationaldexdoubles-1997702112","p1":"justynka","p2":"Edu6cr","format":"[Gen 9] National Dex Doubles","log":"|j|\u2606justynka\n|j|\u2606Edu6cr\n|t:|1700843472\n|gametype|doubles\n|player|p1|justynka|170|1059\n|player|p2|Edu6cr|drayden|1080\n|teamsize|p1|4\n|teamsize|p2|6\n|gen|9\n|tier|[Gen 9] National Dex Doubles\n|rated|\n|rule|HP Percentage Mod: HP is shown in percentages\n|rule|Endless Battle Clause: Forcing endless battles is banned\n|rule|OHKO Clause: OHKO moves are banned\n|rule|Evasion Moves Clause: Evasion moves are banned\n|rule|Evasion Abilities Clause: Evasion abilities are banned\n|rule|Species Clause: Limit one of each Pok\u00e9mon\n|rule|Gravity Sleep Clause: The combination of sleep-inducing moves with imperfect accuracy and Gravity or Gigantamax Orbeetle are banned\n|clearpoke\n|poke|p1|Alakazam, F|\n|poke|p1|Indeedee-F, F|\n|poke|p1|Stonjourner, M|\n|poke|p1|Dragonite, F|\n|poke|p2|Charizard, M|\n|poke|p2|Jolteon, M|\n|poke|p2|Urshifu-*, F|\n|poke|p2|Grafaiai, F|\n|poke|p2|Munchlax, F|\n|poke|p2|Samurott-Hisui, M|\n|teampreview\n|inactive|Battle timer is ON: inactive players will automatically lose when time's up. (requested by justynka)\n|inactive|Edu6cr has 120 seconds left.\n|inactive|Edu6cr has 90 seconds left.\n|\n|t:|1700843576\n|start\n|switch|p1a: Indeedee|Indeedee-F, F|100\/100\n|switch|p1b: Alakazam|Alakazam, F|100\/100\n|switch|p2a: Shnaider|Jolteon, M|100\/100\n|switch|p2b: Urshifurro|Urshifu-Rapid-Strike, F|100\/100\n|-item|p2a: Shnaider|Air Balloon\n|-fieldstart|move: Psychic Terrain|[from] ability: Psychic Surge|[of] p1a: Indeedee\n|-enditem|p1a: Indeedee|Psychic Seed\n|-boost|p1a: Indeedee|spd|1|[from] item: Psychic Seed\n|turn|1\n|\n|t:|1700843592\n|detailschange|p1b: Alakazam|Alakazam-Mega, F\n|-mega|p1b: Alakazam|Alakazam|Alakazite\n|-ability|p1b: Alakazam|Unseen Fist|[from] ability: Trace|[of] p2b: Urshifurro\n|move|p1b: Alakazam|Expanding Force|p2b: Urshifurro|[spread] p2a,p2b\n|-supereffective|p2b: Urshifurro\n|-damage|p2a: Shnaider|3\/100\n|-enditem|p2b: Urshifurro|Focus Sash\n|-damage|p2b: Urshifurro|1\/100\n|-enditem|p2a: Shnaider|Air Balloon\n|move|p2a: Shnaider|Thunderbolt|p1b: Alakazam\n|-damage|p1b: Alakazam|45\/100\n|move|p2b: Urshifurro|Ice Spinner|p1a: Indeedee\n|-damage|p1a: Indeedee|72\/100\n|-fieldend|move: Psychic Terrain\n|move|p1a: Indeedee|Expanding Force|p2b: Urshifurro\n|-supereffective|p2b: Urshifurro\n|-damage|p2b: Urshifurro|0 fnt\n|faint|p2b: Urshifurro\n|\n|upkeep\n|\n|t:|1700843610\n|switch|p2b: Ronin|Samurott-Hisui, M|100\/100\n|turn|2\n|\n|t:|1700843630\n|move|p1b: Alakazam|Dazzling Gleam|p2b: Ronin|[spread] p2a,p2b\n|-supereffective|p2b: Ronin\n|-damage|p2a: Shnaider|0 fnt\n|-damage|p2b: Ronin|58\/100\n|faint|p2a: Shnaider\n|move|p2b: Ronin|Knock Off|p1a: Indeedee\n|-supereffective|p1a: Indeedee\n|-damage|p1a: Indeedee|30\/100\n|move|p1a: Indeedee|Energy Ball|p2b: Ronin\n|-supereffective|p2b: Ronin\n|-damage|p2b: Ronin|26\/100\n|\n|upkeep\n|inactive|Edu6cr has 120 seconds left.\n|\n|t:|1700843661\n|switch|p2a: Samantha|Munchlax, F|100\/100\n|turn|3\n|\n|t:|1700843676\n|move|p2b: Ronin|Aqua Jet|p1b: Alakazam\n|-damage|p1b: Alakazam|15\/100\n|move|p1b: Alakazam|Dazzling Gleam|p2a: Samantha|[spread] p2a,p2b\n|-supereffective|p2b: Ronin\n|-damage|p2a: Samantha|87\/100\n|-damage|p2b: Ronin|0 fnt\n|faint|p2b: Ronin\n|move|p1a: Indeedee|Energy Ball|p2a: Samantha\n|-damage|p2a: Samantha|75\/100\n|move|p2a: Samantha|Body Slam|p1b: Alakazam\n|-damage|p1b: Alakazam|0 fnt\n|faint|p1b: Alakazam\n|\n|upkeep\n|inactive|Edu6cr has 120 seconds left.\n|inactive|Edu6cr has 90 seconds left.\n|\n|t:|1700843740\n|switch|p1b: Dragonite|Dragonite, F|100\/100\n|switch|p2b: Isabell|Grafaiai, F|100\/100\n|turn|4\n|\n|t:|1700843755\n|move|p2b: Isabell|Switcheroo|p1b: Dragonite\n|-activate|p2b: Isabell|move: Trick|[of] p1b: Dragonite\n|-item|p1b: Dragonite|Lagging Tail|[from] move: Switcheroo\n|-item|p2b: Isabell|Leftovers|[from] move: Switcheroo\n|move|p1b: Dragonite|Dragon Dance|p1b: Dragonite\n|-boost|p1b: Dragonite|atk|1\n|-boost|p1b: Dragonite|spe|1\n|move|p1a: Indeedee|Expanding Force|p2b: Isabell\n|-supereffective|p2b: Isabell\n|-damage|p2b: Isabell|37\/100\n|move|p2a: Samantha|Body Slam|p1a: Indeedee\n|-damage|p1a: Indeedee|0 fnt\n|faint|p1a: Indeedee\n|\n|-heal|p2b: Isabell|43\/100|[from] item: Leftovers\n|upkeep\n|\n|t:|1700843763\n|switch|p1a: Stonjourner|Stonjourner, M|100\/100\n|turn|5\n|inactive|Edu6cr has 120 seconds left.\n|\n|t:|1700843785\n|move|p2b: Isabell|Toxic|p1b: Dragonite\n|-status|p1b: Dragonite|tox\n|move|p1a: Stonjourner|Bulldoze|p2a: Samantha|[spread] p2a,p2b\n|-immune|p1b: Dragonite\n|-supereffective|p2b: Isabell\n|-damage|p2a: Samantha|63\/100\n|-damage|p2b: Isabell|4\/100\n|-unboost|p2a: Samantha|spe|1\n|-unboost|p2b: Isabell|spe|1\n|move|p2a: Samantha|Curse|p2a: Samantha\n|-unboost|p2a: Samantha|spe|1\n|-boost|p2a: Samantha|atk|1\n|-boost|p2a: Samantha|def|1\n|move|p1b: Dragonite|Dual Wingbeat|p2a: Samantha\n|-damage|p2a: Samantha|41\/100\n|-damage|p2a: Samantha|20\/100\n|-hitcount|p2a: Samantha|2\n|\n|-heal|p2b: Isabell|10\/100|[from] item: Leftovers\n|-damage|p1b: Dragonite|94\/100 tox|[from] psn\n|upkeep\n|turn|6\n|inactive|Edu6cr has 120 seconds left.\n|\n|t:|1700843811\n|move|p2b: Isabell|Toxic|p1a: Stonjourner\n|-status|p1a: Stonjourner|tox\n|move|p1a: Stonjourner|Bulldoze|p2b: Isabell|[spread] p2a,p2b\n|-immune|p1b: Dragonite\n|-supereffective|p2b: Isabell\n|-damage|p2a: Samantha|12\/100\n|-damage|p2b: Isabell|0 fnt\n|-unboost|p2a: Samantha|spe|1\n|faint|p2b: Isabell\n|move|p2a: Samantha|Body Slam|p1b: Dragonite\n|-crit|p1b: Dragonite\n|-damage|p1b: Dragonite|16\/100 tox\n|move|p1b: Dragonite|Dual Wingbeat|p2a: Samantha|[miss]\n|-miss|p1b: Dragonite|p2a: Samantha\n|\n|-damage|p1b: Dragonite|4\/100 tox|[from] psn\n|-damage|p1a: Stonjourner|94\/100 tox|[from] psn\n|upkeep\n|inactive|Edu6cr has 120 seconds left.\n|\n|t:|1700843826\n|switch|p2b: Lizardo|Charizard, M, shiny|100\/100\n|turn|7\n|\n|t:|1700843851\n|-terastallize|p2b: Lizardo|Water\n|move|p2b: Lizardo|Tera Blast|p1a: Stonjourner|[anim] Tera Blast Water\n|-supereffective|p1a: Stonjourner\n|-damage|p1a: Stonjourner|0 fnt\n|faint|p1a: Stonjourner\n|-damage|p2b: Lizardo|91\/100|[from] item: Life Orb\n|move|p2a: Samantha|Stomping Tantrum|p1b: Dragonite\n|-immune|p1b: Dragonite\n|move|p1b: Dragonite|Thunder Punch|p2b: Lizardo\n|-supereffective|p2b: Lizardo\n|-damage|p2b: Lizardo|0 fnt\n|faint|p2b: Lizardo\n|\n|-damage|p1b: Dragonite|0 fnt|[from] psn\n|faint|p1b: Dragonite\n|\n|win|Edu6cr\n|upkeep\n|raw|justynka's rating: 1059 &rarr; <strong>1041<\/strong><br \/>(-18 for losing)\n|raw|Edu6cr's rating: 1080 &rarr; <strong>1106<\/strong><br \/>(+26 for winning)\n|l|\u2606justynka\n","uploadtime":1700844152,"views":5,"p1id":"justynka","p2id":"edu6cr","formatid":"gen9nationaldexdoubles","rating":1041,"private":0,"password":""}