{"id":"gen9nationaldexdoubles-1959062878","p1":"Theadonia","p2":"Darrenjenkins","format":"[Gen 9] National Dex Doubles","log":"|j|\u2606Theadonia\n|j|\u2606Darrenjenkins\n|t:|1696382839\n|gametype|doubles\n|player|p1|Theadonia|caitlin|1142\n|player|p2|Darrenjenkins|hoopster|1102\n|teamsize|p1|6\n|teamsize|p2|6\n|gen|9\n|tier|[Gen 9] National Dex Doubles\n|rated|\n|rule|HP Percentage Mod: HP is shown in percentages\n|rule|Endless Battle Clause: Forcing endless battles is banned\n|rule|OHKO Clause: OHKO moves are banned\n|rule|Evasion Moves Clause: Evasion moves are banned\n|rule|Evasion Abilities Clause: Evasion abilities are banned\n|rule|Species Clause: Limit one of each Pok\u00e9mon\n|rule|Gravity Sleep Clause: The combination of sleep-inducing moves with imperfect accuracy and Gravity or Gigantamax Orbeetle are banned\n|clearpoke\n|poke|p1|Delphox, M|\n|poke|p1|Oricorio-Sensu, F|\n|poke|p1|Kommo-o, M|\n|poke|p1|Riolu, M|\n|poke|p1|Cresselia, F|\n|poke|p1|Smeargle, M|\n|poke|p2|Gholdengo|\n|poke|p2|Regieleki|\n|poke|p2|Slaking, F|\n|poke|p2|Azelf|\n|poke|p2|Altaria, F|\n|poke|p2|Enamorus, F|\n|teampreview\n|\n|t:|1696382851\n|start\n|switch|p1a: Kommo-o|Kommo-o, M, shiny|100\/100\n|switch|p1b: Smeargle|Smeargle, M|100\/100\n|switch|p2a: Enamorus|Enamorus, F|100\/100\n|switch|p2b: Regieleki|Regieleki|100\/100\n|turn|1\n|\n|t:|1696382880\n|move|p2b: Regieleki|Eerie Impulse|p2a: Enamorus\n|-boost|p2a: Enamorus|spa|2\n|move|p1b: Smeargle|Simple Beam|p2a: Enamorus\n|-endability|p2a: Enamorus|Contrary|[from] move: Simple Beam\n|-ability|p2a: Enamorus|Simple|[from] move: Simple Beam\n|move|p2a: Enamorus|Springtide Storm|p1a: Kommo-o|[spread] p1a,p1b\n|-supereffective|p1a: Kommo-o\n|-damage|p1a: Kommo-o|0 fnt\n|-damage|p1b: Smeargle|0 fnt\n|faint|p1a: Kommo-o\n|faint|p1b: Smeargle\n|-damage|p2a: Enamorus|91\/100|[from] item: Life Orb\n|\n|upkeep\n|\n|t:|1696382887\n|switch|p1a: Delphox|Delphox, M, shiny|100\/100\n|switch|p1b: Oricorio|Oricorio-Sensu, F, shiny|100\/100\n|turn|2\n|\n|t:|1696382914\n|move|p2b: Regieleki|Eerie Impulse|p2a: Enamorus\n|-unboost|p2a: Enamorus|spa|4\n|move|p2a: Enamorus|Springtide Storm|p1b: Oricorio|[spread] p1a\n|-miss|p2a: Enamorus|p1b: Oricorio\n|-resisted|p1a: Delphox\n|-damage|p1a: Delphox|85\/100\n|-unboost|p1a: Delphox|atk|1\n|-damage|p2a: Enamorus|81\/100|[from] item: Life Orb\n|move|p1a: Delphox|Role Play|p1b: Oricorio\n|-endability|p1a: Delphox|Magician|[from] move: Role Play\n|-ability|p1a: Delphox|Dancer|[from] move: Role Play|[of] p1b: Oricorio\n|move|p1b: Oricorio|Quiver Dance|p1b: Oricorio\n|-boost|p1b: Oricorio|spa|1\n|-boost|p1b: Oricorio|spd|1\n|-boost|p1b: Oricorio|spe|1\n|-activate|p1a: Delphox|ability: Dancer\n|move|p1a: Delphox|Quiver Dance|p1a: Delphox|[from]ability: Dancer\n|-boost|p1a: Delphox|spa|1\n|-boost|p1a: Delphox|spd|1\n|-boost|p1a: Delphox|spe|1\n|\n|upkeep\n|turn|3\n|\n|t:|1696382941\n|move|p2b: Regieleki|Thunder Cage|p1b: Oricorio\n|-supereffective|p1b: Oricorio\n|-damage|p1b: Oricorio|18\/100\n|-activate|p1b: Oricorio|move: Thunder Cage|[of] p2b: Regieleki\n|-enditem|p1b: Oricorio|Aguav Berry|[eat]\n|-heal|p1b: Oricorio|52\/100|[from] item: Aguav Berry\n|-damage|p2b: Regieleki|91\/100|[from] item: Life Orb\n|move|p1a: Delphox|Copycat|p1a: Delphox\n|move|p1a: Delphox|Thunder Cage|p2a: Enamorus|[from]move: Copycat\n|-supereffective|p2a: Enamorus\n|-damage|p2a: Enamorus|0 fnt\n|faint|p2a: Enamorus\n|move|p1b: Oricorio|Quiver Dance|p1b: Oricorio\n|-boost|p1b: Oricorio|spa|1\n|-boost|p1b: Oricorio|spd|1\n|-boost|p1b: Oricorio|spe|1\n|-activate|p1a: Delphox|ability: Dancer\n|move|p1a: Delphox|Quiver Dance|p1a: Delphox|[from]ability: Dancer\n|-boost|p1a: Delphox|spa|1\n|-boost|p1a: Delphox|spd|1\n|-boost|p1a: Delphox|spe|1\n|\n|-damage|p1b: Oricorio|39\/100|[from] move: Thunder Cage|[partiallytrapped]\n|upkeep\n|\n|t:|1696382952\n|switch|p2a: Altaria|Altaria, F|100\/100\n|-ability|p2a: Altaria|Cloud Nine\n|turn|4\n|\n|t:|1696382960\n|detailschange|p2a: Altaria|Altaria-Mega, F\n|-mega|p2a: Altaria|Altaria|Altarianite\n|-terastallize|p1b: Oricorio|Fairy\n|move|p1a: Delphox|Stored Power|p2b: Regieleki\n|-damage|p2b: Regieleki|0 fnt\n|faint|p2b: Regieleki\n|move|p1b: Oricorio|Revelation Dance|p2a: Altaria\n|-supereffective|p2a: Altaria\n|-damage|p2a: Altaria|0 fnt\n|faint|p2a: Altaria\n|-activate|p1a: Delphox|ability: Dancer\n|move|p1a: Delphox|Revelation Dance|p2: Altaria|[from]ability: Dancer|[notarget]\n|-fail|p1a: Delphox\n|\n|-end|p1b: Oricorio|Thunder Cage|[partiallytrapped]|[silent]\n|upkeep\n|\n|t:|1696382966\n|switch|p2b: Slaking|Slaking, F|100\/100\n|switch|p2a: Azelf|Azelf|100\/100\n|turn|5\n|\n|t:|1696382982\n|move|p1a: Delphox|Stored Power|p2b: Slaking\n|-damage|p2b: Slaking|0 fnt\n|faint|p2b: Slaking\n|move|p1b: Oricorio|Quiver Dance|p1b: Oricorio\n|-boost|p1b: Oricorio|spa|1\n|-boost|p1b: Oricorio|spd|1\n|-boost|p1b: Oricorio|spe|1\n|-activate|p1a: Delphox|ability: Dancer\n|move|p1a: Delphox|Quiver Dance|p1a: Delphox|[from]ability: Dancer\n|-boost|p1a: Delphox|spa|1\n|-boost|p1a: Delphox|spd|1\n|-boost|p1a: Delphox|spe|1\n|move|p2a: Azelf|Skill Swap|p2: Slaking|[notarget]\n|-fail|p2a: Azelf\n|\n|upkeep\n|\n|t:|1696382988\n|switch|p2b: Gholdengo|Gholdengo|100\/100\n|turn|6\n|-message|Darrenjenkins forfeited.\n|\n|win|Theadonia\n|raw|Theadonia's rating: 1142 &rarr; <strong>1164<\/strong><br \/>(+22 for winning)\n|raw|Darrenjenkins's rating: 1102 &rarr; <strong>1080<\/strong><br \/>(-22 for losing)\n|l|\u2606Darrenjenkins\n","uploadtime":1696382999,"views":5,"p1id":"theadonia","p2id":"darrenjenkins","formatid":"gen9nationaldexdoubles","rating":1080,"private":0,"password":""}