{"id":"gen9nationaldexdoubles-1983845935","p1":"Jolly stranger","p2":"Play Tale of Wuxia","format":"[Gen 9] National Dex Doubles","log":"|j|\u2606Jolly stranger\n|j|\u2606Play Tale of Wuxia\n|t:|1699190970\n|gametype|doubles\n|player|p1|Jolly stranger|gentleman-gen4dp|\n|player|p2|Play Tale of Wuxia|gentleman|\n|teamsize|p1|6\n|teamsize|p2|6\n|gen|9\n|tier|[Gen 9] National Dex Doubles\n|rule|HP Percentage Mod: HP is shown in percentages\n|rule|Endless Battle Clause: Forcing endless battles is banned\n|rule|OHKO Clause: OHKO moves are banned\n|rule|Evasion Moves Clause: Evasion moves are banned\n|rule|Evasion Abilities Clause: Evasion abilities are banned\n|rule|Species Clause: Limit one of each Pok\u00e9mon\n|rule|Gravity Sleep Clause: The combination of sleep-inducing moves with imperfect accuracy and Gravity or Gigantamax Orbeetle are banned\n|clearpoke\n|poke|p1|Dudunsparce-*, F|\n|poke|p1|Indeedee-F, F|\n|poke|p1|Maushold-Four|\n|poke|p1|Palafin, M|\n|poke|p1|Arcanine, F|\n|poke|p1|Spinda, M|\n|poke|p2|Tornadus, M|\n|poke|p2|Dragonite, M|\n|poke|p2|Iron Bundle|\n|poke|p2|Iron Treads|\n|poke|p2|Primarina, F|\n|poke|p2|Iron Valiant|\n|teampreview\n|j| Datagne\n|\n|t:|1699190983\n|start\n|switch|p1a: Arcane high|Arcanine, F|100\/100\n|switch|p1b: Beffudla|Spinda, M|100\/100\n|switch|p2a: Mr T|Tornadus, M|100\/100\n|switch|p2b: Hatsune Leonarth|Primarina, F|100\/100\n|-ability|p1a: Arcane high|Intimidate|boost\n|-unboost|p2a: Mr T|atk|1\n|-unboost|p2b: Hatsune Leonarth|atk|1\n|turn|1\n|j| SgtSmilies\n|\n|t:|1699191065\n|switch|p1b: THE DEEDEEMENSION|Indeedee-F, F|100\/100\n|-fieldstart|move: Psychic Terrain|[from] ability: Psychic Surge|[of] p1b: THE DEEDEEMENSION\n|switch|p1a: Palafin|Palafin, M|100\/100\n|move|p2a: Mr T|Tailwind|p2a: Mr T\n|-sidestart|p2: Play Tale of Wuxia|move: Tailwind\n|move|p2b: Hatsune Leonarth|Hyper Voice|p1b: THE DEEDEEMENSION|[spread] p1a,p1b\n|-resisted|p1a: Palafin\n|-crit|p1a: Palafin\n|-damage|p1a: Palafin|56\/100\n|-damage|p1b: THE DEEDEEMENSION|66\/100\n|\n|upkeep\n|turn|2\n|\n|t:|1699191079\n|move|p2a: Mr T|Bleakwind Storm|p1b: THE DEEDEEMENSION|[spread] p1a,p1b\n|-damage|p1a: Palafin|1\/100\n|-damage|p1b: THE DEEDEEMENSION|29\/100\n|-unboost|p1a: Palafin|spe|1\n|move|p2b: Hatsune Leonarth|Hyper Voice|p1a: Palafin|[spread] p1a,p1b\n|-resisted|p1a: Palafin\n|-damage|p1a: Palafin|0 fnt\n|-damage|p1b: THE DEEDEEMENSION|0 fnt\n|faint|p1a: Palafin\n|faint|p1b: THE DEEDEEMENSION\n|\n|upkeep\n|\n|t:|1699191090\n|switch|p1a: Maushold-Five|Maushold-Four|100\/100\n|switch|p1b: Dudummy|Dudunsparce-Three-Segment, F|100\/100\n|turn|3\n|\n|t:|1699191126\n|-terastallize|p2b: Hatsune Leonarth|Water\n|-terastallize|p1b: Dudummy|Ghost\n|move|p2a: Mr T|Bleakwind Storm|p1a: Maushold-Five|[spread] p1a\n|-miss|p2a: Mr T|p1b: Dudummy\n|-damage|p1a: Maushold-Five|54\/100\n|move|p1a: Maushold-Five|Beat Up|p1b: Dudummy\n|-supereffective|p1b: Dudummy\n|-damage|p1b: Dudummy|98\/100\n|-ability|p1b: Dudummy|Rattled|boost\n|-boost|p1b: Dudummy|spe|1\n|-enditem|p1b: Dudummy|Weakness Policy\n|-boost|p1b: Dudummy|atk|2|[from] item: Weakness Policy\n|-boost|p1b: Dudummy|spa|2|[from] item: Weakness Policy\n|-supereffective|p1b: Dudummy\n|-damage|p1b: Dudummy|95\/100\n|-ability|p1b: Dudummy|Rattled|boost\n|-boost|p1b: Dudummy|spe|1\n|-supereffective|p1b: Dudummy\n|-damage|p1b: Dudummy|92\/100\n|-ability|p1b: Dudummy|Rattled|boost\n|-boost|p1b: Dudummy|spe|1\n|-supereffective|p1b: Dudummy\n|-damage|p1b: Dudummy|89\/100\n|-ability|p1b: Dudummy|Rattled|boost\n|-boost|p1b: Dudummy|spe|1\n|-hitcount|p1b: Dudummy|4\n|move|p1b: Dudummy|Calm Mind|p1b: Dudummy\n|-boost|p1b: Dudummy|spa|1\n|-boost|p1b: Dudummy|spd|1\n|move|p2b: Hatsune Leonarth|Hyper Voice|p1a: Maushold-Five|[spread] p1a,p1b\n|-damage|p1a: Maushold-Five|0 fnt\n|-damage|p1b: Dudummy|65\/100\n|faint|p1a: Maushold-Five\n|\n|upkeep\n|\n|t:|1699191150\n|switch|p1a: Beffudla|Spinda, M|100\/100\n|turn|4\n|\n|t:|1699191171\n|move|p2a: Mr T|Dark Pulse|p1b: Dudummy\n|-supereffective|p1b: Dudummy\n|-damage|p1b: Dudummy|32\/100\n|-ability|p1b: Dudummy|Rattled|boost\n|-boost|p1b: Dudummy|spe|1\n|move|p1b: Dudummy|Calm Mind|p1b: Dudummy\n|-boost|p1b: Dudummy|spa|1\n|-boost|p1b: Dudummy|spd|1\n|move|p2b: Hatsune Leonarth|Hyper Voice|p1a: Beffudla|[spread] p1a,p1b\n|-damage|p1a: Beffudla|13\/100\n|-damage|p1b: Dudummy|6\/100\n|move|p1a: Beffudla|Skill Swap|p2a: Mr T\n|-activate|p1a: Beffudla|move: Skill Swap|Prankster|Contrary|[of] p2a: Mr T\n|\n|-sideend|p2: Play Tale of Wuxia|move: Tailwind\n|upkeep\n|turn|5\n|\n|t:|1699191199\n|move|p1a: Beffudla|Skill Swap|p2b: Hatsune Leonarth\n|-activate|p2b: Hatsune Leonarth|move: Psychic Terrain\n|move|p1b: Dudummy|Boomburst|p2b: Hatsune Leonarth|[spread] p1a,p2a,p2b\n|-damage|p1a: Beffudla|0 fnt\n|-damage|p2a: Mr T|0 fnt\n|-damage|p2b: Hatsune Leonarth|22\/100\n|faint|p1a: Beffudla\n|faint|p2a: Mr T\n|move|p2b: Hatsune Leonarth|Hyper Voice|p1b: Dudummy\n|-damage|p1b: Dudummy|0 fnt\n|faint|p1b: Dudummy\n|\n|-heal|p2b: Hatsune Leonarth|28\/100|[from] item: Leftovers\n|-fieldend|move: Psychic Terrain\n|upkeep\n|\n|t:|1699191211\n|switch|p2a: blizzard.exe|Iron Bundle|100\/100\n|switch|p1a: Arcane high|Arcanine, F|100\/100\n|-ability|p1a: Arcane high|Intimidate|boost\n|-unboost|p2a: blizzard.exe|atk|1\n|-unboost|p2b: Hatsune Leonarth|atk|1\n|-enditem|p2a: blizzard.exe|Booster Energy\n|-activate|p2a: blizzard.exe|ability: Quark Drive|[fromitem]\n|-start|p2a: blizzard.exe|quarkdrivespe\n|turn|6\n|\n|t:|1699191237\n|move|p2a: blizzard.exe|Hydro Pump|p1a: Arcane high\n|-supereffective|p1a: Arcane high\n|-damage|p1a: Arcane high|4\/100\n|move|p1a: Arcane high|Burn Up|p2b: Hatsune Leonarth\n|-resisted|p2b: Hatsune Leonarth\n|-crit|p2b: Hatsune Leonarth\n|-damage|p2b: Hatsune Leonarth|1\/100\n|-start|p1a: Arcane high|typechange|???|[from] move: Burn Up\n|move|p2b: Hatsune Leonarth|Scald|p1a: Arcane high\n|-damage|p1a: Arcane high|0 fnt\n|faint|p1a: Arcane high\n|\n|win|Play Tale of Wuxia\n","uploadtime":1699191252,"views":21,"p1id":"jollystranger","p2id":"playtaleofwuxia","formatid":"gen9nationaldexdoubles","rating":0,"private":0,"password":""}