{"id":"gen9nationaldexdoubles-1964915254","p1":"AdvancedDigit","p2":"The Fucko","format":"[Gen 9] National Dex Doubles","log":"|j|\u2606AdvancedDigit\n|j|\u2606The Fucko\n|t:|1697026555\n|gametype|doubles\n|player|p1|AdvancedDigit|hilbert|1129\n|player|p2|The Fucko|swimmer-gen4dp|1058\n|teamsize|p1|6\n|teamsize|p2|6\n|gen|9\n|tier|[Gen 9] National Dex Doubles\n|rated|\n|rule|HP Percentage Mod: HP is shown in percentages\n|rule|Endless Battle Clause: Forcing endless battles is banned\n|rule|OHKO Clause: OHKO moves are banned\n|rule|Evasion Moves Clause: Evasion moves are banned\n|rule|Evasion Abilities Clause: Evasion abilities are banned\n|rule|Species Clause: Limit one of each Pok\u00e9mon\n|rule|Gravity Sleep Clause: The combination of sleep-inducing moves with imperfect accuracy and Gravity or Gigantamax Orbeetle are banned\n|clearpoke\n|poke|p1|Porygon-Z|\n|poke|p1|Grimmsnarl, M|\n|poke|p1|Maushold-Four|\n|poke|p1|Flutter Mane|\n|poke|p1|Mr. Mime, F|\n|poke|p1|Indeedee-F, F|\n|poke|p2|Grimmsnarl, M|\n|poke|p2|Urshifu-*, F|\n|poke|p2|Persian-Alola, F|\n|poke|p2|Avalugg-Hisui, M|\n|poke|p2|Ribombee, M|\n|poke|p2|Jirachi|\n|teampreview\n|\n|t:|1697026586\n|start\n|switch|p1a: Mr. Mime|Mr. Mime, F|100\/100\n|switch|p1b: Flutter Mane|Flutter Mane|100\/100\n|switch|p2a: Whoops! walls.|Grimmsnarl, M|100\/100\n|switch|p2b: Like water.|Urshifu-Rapid-Strike, F|100\/100\n|turn|1\n|\n|t:|1697026602\n|move|p1a: Mr. Mime|Fake Out|p2b: Like water.\n|-damage|p2b: Like water.|95\/100\n|move|p2a: Whoops! walls.|Light Screen|p2a: Whoops! walls.\n|-sidestart|p2: The Fucko|move: Light Screen\n|move|p1b: Flutter Mane|Dazzling Gleam|p2b: Like water.|[spread] p2a,p2b\n|-supereffective|p2a: Whoops! walls.\n|-supereffective|p2b: Like water.\n|-damage|p2a: Whoops! walls.|57\/100\n|-damage|p2b: Like water.|27\/100\n|cant|p2b: Like water.|flinch\n|\n|upkeep\n|turn|2\n|\n|t:|1697026613\n|move|p2a: Whoops! walls.|Parting Shot|p1b: Flutter Mane\n|-unboost|p1b: Flutter Mane|atk|1\n|-unboost|p1b: Flutter Mane|spa|1\n|\n|t:|1697026618\n|switch|p2a: Hate|Persian-Alola, F|100\/100|[from] Parting Shot\n|move|p1b: Flutter Mane|Dazzling Gleam|p2b: Like water.|[spread] p2a,p2b\n|-supereffective|p2a: Hate\n|-supereffective|p2b: Like water.\n|-damage|p2a: Hate|49\/100\n|-damage|p2b: Like water.|0 fnt\n|faint|p2b: Like water.\n|move|p1a: Mr. Mime|Thunder Wave|p2a: Hate\n|-status|p2a: Hate|par\n|\n|upkeep\n|\n|t:|1697026625\n|switch|p2b: Wish upon a Star|Jirachi|100\/100\n|turn|3\n|\n|t:|1697026643\n|-end|p1b: Flutter Mane|Protosynthesis|[silent]\n|switch|p1b: Indeedee|Indeedee-F, F|100\/100\n|-fieldstart|move: Psychic Terrain|[from] ability: Psychic Surge|[of] p1b: Indeedee\n|move|p2a: Hate|Fake Out|p1a: Mr. Mime\n|-activate|p1a: Mr. Mime|move: Psychic Terrain\n|move|p2b: Wish upon a Star|Lucky Chant|p2b: Wish upon a Star\n|-sidestart|p2: The Fucko|move: Lucky Chant\n|move|p1a: Mr. Mime|Thunder Wave|p2b: Wish upon a Star\n|-status|p2b: Wish upon a Star|par\n|\n|upkeep\n|turn|4\n|\n|t:|1697026661\n|switch|p1a: Flutter Mane|Flutter Mane|100\/100\n|move|p1b: Indeedee|Charm|p2b: Wish upon a Star\n|-unboost|p2b: Wish upon a Star|atk|2\n|cant|p2a: Hate|par\n|move|p2b: Wish upon a Star|Zen Headbutt|p1b: Indeedee\n|-resisted|p1b: Indeedee\n|-crit|p1b: Indeedee\n|-damage|p1b: Indeedee|49\/100\n|\n|-heal|p1b: Indeedee|55\/100|[from] item: Leftovers\n|upkeep\n|turn|5\n|\n|t:|1697026700\n|move|p1a: Flutter Mane|Shadow Ball|p2b: Wish upon a Star\n|-supereffective|p2b: Wish upon a Star\n|-damage|p2b: Wish upon a Star|38\/100 par\n|move|p1b: Indeedee|Expanding Force|p2a: Hate|[spread] p2b\n|-immune|p2a: Hate\n|-resisted|p2b: Wish upon a Star\n|-damage|p2b: Wish upon a Star|32\/100 par\n|move|p2a: Hate|Parting Shot|p1a: Flutter Mane\n|-unboost|p1a: Flutter Mane|atk|1\n|-unboost|p1a: Flutter Mane|spa|1\n|\n|t:|1697026712\n|switch|p2a: Whoops! walls.|Grimmsnarl, M|57\/100|[from] Parting Shot\n|move|p2b: Wish upon a Star|Ancient Power|p1a: Flutter Mane\n|-damage|p1a: Flutter Mane|87\/100\n|\n|-heal|p1b: Indeedee|62\/100|[from] item: Leftovers\n|upkeep\n|turn|6\n|\n|t:|1697026723\n|-end|p1a: Flutter Mane|Protosynthesis|[silent]\n|switch|p1a: Maushold|Maushold-Four|100\/100\n|move|p2a: Whoops! walls.|Thunder Wave|p1a: Maushold\n|-activate|p1a: Maushold|move: Psychic Terrain\n|move|p1b: Indeedee|Charm|p2b: Wish upon a Star\n|-unboost|p2b: Wish upon a Star|atk|2\n|cant|p2b: Wish upon a Star|par\n|\n|-heal|p1b: Indeedee|68\/100|[from] item: Leftovers\n|upkeep\n|turn|7\n|\n|t:|1697026739\n|move|p2a: Whoops! walls.|Reflect|p2a: Whoops! walls.\n|-sidestart|p2: The Fucko|Reflect\n|move|p1a: Maushold|Population Bomb|p2a: Whoops! walls.\n|-damage|p2a: Whoops! walls.|53\/100\n|-damage|p2a: Whoops! walls.|49\/100\n|-hitcount|p2a: Whoops! walls.|2\n|move|p1b: Indeedee|Charm|p2b: Wish upon a Star\n|-unboost|p2b: Wish upon a Star|atk|2\n|cant|p2b: Wish upon a Star|par\n|\n|-heal|p1b: Indeedee|74\/100|[from] item: Leftovers\n|-sideend|p2: The Fucko|move: Lucky Chant\n|-fieldend|move: Psychic Terrain\n|upkeep\n|turn|8\n|\n|t:|1697026757\n|move|p1b: Indeedee|Follow Me|p1b: Indeedee\n|-singleturn|p1b: Indeedee|move: Follow Me\n|move|p2a: Whoops! walls.|Thunder Wave|p1b: Indeedee\n|-status|p1b: Indeedee|par\n|move|p1a: Maushold|Thunder Wave|p2a: Whoops! walls.\n|-status|p2a: Whoops! walls.|par\n|move|p2b: Wish upon a Star|Body Slam|p1b: Indeedee\n|-damage|p1b: Indeedee|67\/100 par\n|\n|-heal|p1b: Indeedee|73\/100 par|[from] item: Leftovers\n|-sideend|p2: The Fucko|move: Light Screen\n|upkeep\n|turn|9\n|\n|t:|1697026778\n|move|p1b: Indeedee|Follow Me|p1b: Indeedee\n|-singleturn|p1b: Indeedee|move: Follow Me\n|cant|p2a: Whoops! walls.|par\n|move|p1a: Maushold|Taunt|p2b: Wish upon a Star\n|-start|p2b: Wish upon a Star|move: Taunt\n|move|p2b: Wish upon a Star|Body Slam|p1b: Indeedee\n|-damage|p1b: Indeedee|67\/100 par\n|\n|-heal|p1b: Indeedee|73\/100 par|[from] item: Leftovers\n|upkeep\n|turn|10\n|\n|t:|1697026800\n|move|p1b: Indeedee|Follow Me|p1b: Indeedee\n|-singleturn|p1b: Indeedee|move: Follow Me\n|move|p2a: Whoops! walls.|Parting Shot|p1b: Indeedee\n|-unboost|p1b: Indeedee|atk|1\n|-unboost|p1b: Indeedee|spa|1\n|\n|t:|1697026810\n|switch|p2a: Hate|Persian-Alola, F|49\/100 par|[from] Parting Shot\n|move|p1a: Maushold|Taunt|p2a: Hate\n|-start|p2a: Hate|move: Taunt\n|cant|p2b: Wish upon a Star|par\n|\n|-heal|p1b: Indeedee|80\/100 par|[from] item: Leftovers\n|upkeep\n|turn|11\n|c|\u2606The Fucko|i wonder what this does\n|\n|t:|1697026860\n|move|p1b: Indeedee|Follow Me|p1b: Indeedee\n|-singleturn|p1b: Indeedee|move: Follow Me\n|move|p1a: Maushold|Population Bomb|p2a: Hate\n|-damage|p2a: Hate|41\/100 par\n|-hitcount|p2a: Hate|1\n|-zpower|p2a: Hate\n|move|p2a: Hate|Z-Taunt|p1b: Indeedee|[anim]Taunt\n|-boost|p2a: Hate|atk|1|[zeffect]\n|-start|p1b: Indeedee|move: Taunt\n|move|p2b: Wish upon a Star|Zen Headbutt|p1b: Indeedee\n|-resisted|p1b: Indeedee\n|-damage|p1b: Indeedee|75\/100 par\n|\n|-heal|p1b: Indeedee|81\/100 par|[from] item: Leftovers\n|-end|p2b: Wish upon a Star|move: Taunt\n|upkeep\n|turn|12\n|c|\u2606The Fucko|neat\n|\n|t:|1697026897\n|move|p1a: Maushold|Population Bomb|p2a: Hate|[miss]\n|-miss|p1a: Maushold|p2a: Hate\n|move|p2a: Hate|Frustration|p1b: Indeedee\n|-damage|p1b: Indeedee|45\/100 par\n|move|p2b: Wish upon a Star|Lucky Chant|p2b: Wish upon a Star\n|-sidestart|p2: The Fucko|move: Lucky Chant\n|move|p1b: Indeedee|Expanding Force|p2b: Wish upon a Star\n|-resisted|p2b: Wish upon a Star\n|-damage|p2b: Wish upon a Star|28\/100 par\n|\n|-heal|p1b: Indeedee|51\/100 par|[from] item: Leftovers\n|-end|p2a: Hate|move: Taunt\n|upkeep\n|turn|13\n|\n|t:|1697026924\n|move|p1a: Maushold|Population Bomb|p2a: Hate\n|-damage|p2a: Hate|35\/100 par\n|-damage|p2a: Hate|27\/100 par\n|-damage|p2a: Hate|20\/100 par\n|-damage|p2a: Hate|13\/100 par\n|-hitcount|p2a: Hate|4\n|move|p2a: Hate|Frustration|p1a: Maushold\n|-crit|p1a: Maushold\n|-damage|p1a: Maushold|42\/100\n|cant|p2b: Wish upon a Star|par\n|cant|p1b: Indeedee|par\n|\n|-heal|p1a: Maushold|48\/100|[from] item: Leftovers\n|-heal|p1b: Indeedee|57\/100 par|[from] item: Leftovers\n|upkeep\n|turn|14\n|\n|t:|1697026948\n|switch|p2a: Whoops! walls.|Grimmsnarl, M|49\/100 par\n|move|p1a: Maushold|Population Bomb|p2a: Whoops! walls.|[miss]\n|-miss|p1a: Maushold|p2a: Whoops! walls.\n|cant|p2b: Wish upon a Star|par\n|move|p1b: Indeedee|Expanding Force|p2b: Wish upon a Star\n|-resisted|p2b: Wish upon a Star\n|-damage|p2b: Wish upon a Star|23\/100 par\n|\n|-heal|p1a: Maushold|54\/100|[from] item: Leftovers\n|-heal|p1b: Indeedee|63\/100 par|[from] item: Leftovers\n|-end|p1b: Indeedee|move: Taunt\n|-sideend|p2: The Fucko|Reflect\n|upkeep\n|turn|15\n|c|\u2606AdvancedDigit|god damn\n|\n|t:|1697026965\n|move|p1b: Indeedee|Follow Me|p1b: Indeedee\n|-singleturn|p1b: Indeedee|move: Follow Me\n|move|p2a: Whoops! walls.|Light Screen|p2a: Whoops! walls.\n|-sidestart|p2: The Fucko|move: Light Screen\n|move|p1a: Maushold|Population Bomb|p2a: Whoops! walls.\n|-damage|p2a: Whoops! walls.|44\/100 par\n|-damage|p2a: Whoops! walls.|38\/100 par\n|-damage|p2a: Whoops! walls.|32\/100 par\n|-damage|p2a: Whoops! walls.|27\/100 par\n|-damage|p2a: Whoops! walls.|22\/100 par\n|-damage|p2a: Whoops! walls.|16\/100 par\n|-damage|p2a: Whoops! walls.|11\/100 par\n|-damage|p2a: Whoops! walls.|5\/100 par\n|-damage|p2a: Whoops! walls.|0 fnt\n|faint|p2a: Whoops! walls.\n|-hitcount|p2: Whoops! walls.|9\n|move|p2b: Wish upon a Star|Body Slam|p1b: Indeedee\n|-damage|p1b: Indeedee|56\/100 par\n|\n|-heal|p1a: Maushold|60\/100|[from] item: Leftovers\n|-heal|p1b: Indeedee|62\/100 par|[from] item: Leftovers\n|upkeep\n|\n|t:|1697026978\n|switch|p2a: Hate|Persian-Alola, F|13\/100 par\n|turn|16\n|\n|t:|1697026984\n|move|p2a: Hate|Fake Out|p1a: Maushold\n|-damage|p1a: Maushold|50\/100\n|move|p1b: Indeedee|Follow Me|p1b: Indeedee\n|-singleturn|p1b: Indeedee|move: Follow Me\n|cant|p1a: Maushold|flinch\n|move|p2b: Wish upon a Star|Ancient Power|p1b: Indeedee\n|-damage|p1b: Indeedee|54\/100 par\n|\n|-heal|p1a: Maushold|56\/100|[from] item: Leftovers\n|-heal|p1b: Indeedee|60\/100 par|[from] item: Leftovers\n|-sideend|p2: The Fucko|move: Lucky Chant\n|upkeep\n|turn|17\n|\n|t:|1697027000\n|move|p1a: Maushold|Population Bomb|p2a: Hate\n|-damage|p2a: Hate|1\/100 par\n|-crit|p2a: Hate\n|-damage|p2a: Hate|0 fnt\n|faint|p2a: Hate\n|-hitcount|p2: Hate|2\n|move|p2b: Wish upon a Star|Body Slam|p1a: Maushold\n|-damage|p1a: Maushold|48\/100\n|-status|p1a: Maushold|par\n|move|p1b: Indeedee|Expanding Force|p2b: Wish upon a Star\n|-resisted|p2b: Wish upon a Star\n|-damage|p2b: Wish upon a Star|20\/100 par\n|\n|-heal|p1a: Maushold|54\/100 par|[from] item: Leftovers\n|-heal|p1b: Indeedee|66\/100 par|[from] item: Leftovers\n|upkeep\n|\n|t:|1697027005\n|switch|p2a: The Gambler|Ribombee, M|100\/100\n|turn|18\n|\n|t:|1697027029\n|switch|p2b: BALL FORM GO!|Avalugg-Hisui, M|100\/100\n|switch|p1b: Grimmsnarl|Grimmsnarl, M|100\/100\n|move|p2a: The Gambler|Protect|p2a: The Gambler\n|-singleturn|p2a: The Gambler|Protect\n|move|p1a: Maushold|Thunder Wave|p2a: The Gambler\n|-activate|p2a: The Gambler|move: Protect\n|\n|-heal|p1a: Maushold|60\/100 par|[from] item: Leftovers\n|upkeep\n|turn|19\n|\n|t:|1697027039\n|move|p1b: Grimmsnarl|Fake Out|p2b: BALL FORM GO!\n|-resisted|p2b: BALL FORM GO!\n|-damage|p2b: BALL FORM GO!|97\/100\n|move|p2a: The Gambler|Agility|p2a: The Gambler\n|-boost|p2a: The Gambler|spe|2\n|move|p1a: Maushold|Thunder Wave|p2a: The Gambler\n|-status|p2a: The Gambler|par\n|cant|p2b: BALL FORM GO!|flinch\n|\n|-heal|p1a: Maushold|66\/100 par|[from] item: Leftovers\n|upkeep\n|turn|20\n|\n|t:|1697027055\n|move|p1b: Grimmsnarl|Taunt|p2a: The Gambler\n|-start|p2a: The Gambler|move: Taunt\n|cant|p2a: The Gambler|move: Taunt|Agility\n|cant|p1a: Maushold|par\n|move|p2b: BALL FORM GO!|Substitute|p2b: BALL FORM GO!\n|-start|p2b: BALL FORM GO!|Substitute\n|-damage|p2b: BALL FORM GO!|72\/100\n|\n|-heal|p1a: Maushold|72\/100 par|[from] item: Leftovers\n|upkeep\n|turn|21\n|\n|t:|1697027096\n|switch|p1a: Mr. Mime|Mr. Mime, F|100\/100\n|switch|p1b: Porygon-Z|Porygon-Z|100\/100\n|-activate|p2a: The Gambler|move: Struggle\n|move|p2a: The Gambler|Struggle|p1b: Porygon-Z\n|-damage|p1b: Porygon-Z|92\/100\n|-damage|p2a: The Gambler|75\/100 par|[from] recoil\n|move|p2b: BALL FORM GO!|Gyro Ball|p1b: Porygon-Z\n|-damage|p1b: Porygon-Z|36\/100\n|\n|upkeep\n|turn|22\n|c|\u2606The Fucko|damn it i gtg\n|\n|t:|1697027114\n|move|p1a: Mr. Mime|Follow Me|p1a: Mr. Mime\n|-singleturn|p1a: Mr. Mime|move: Follow Me\n|-activate|p2a: The Gambler|move: Struggle\n|move|p2a: The Gambler|Struggle|p1a: Mr. Mime\n|-damage|p1a: Mr. Mime|91\/100\n|-damage|p2a: The Gambler|50\/100 par|[from] recoil\n|move|p1b: Porygon-Z|Tri Attack|p2b: BALL FORM GO!\n|-resisted|p2b: BALL FORM GO!\n|-end|p2b: BALL FORM GO!|Substitute\n|move|p2b: BALL FORM GO!|Curse|p2b: BALL FORM GO!\n|-unboost|p2b: BALL FORM GO!|spe|1\n|-boost|p2b: BALL FORM GO!|atk|1\n|-boost|p2b: BALL FORM GO!|def|1\n|\n|-heal|p1a: Mr. Mime|97\/100|[from] item: Leftovers\n|-end|p2a: The Gambler|move: Taunt\n|-sideend|p2: The Fucko|move: Light Screen\n|upkeep\n|turn|23\n|c|\u2606The Fucko|sorry\n|c|\u2606AdvancedDigit|damn\n|-message|The Fucko forfeited.\n|\n|win|AdvancedDigit\n|raw|AdvancedDigit's rating: 1129 &rarr; <strong>1149<\/strong><br \/>(+20 for winning)\n|raw|The Fucko's rating: 1058 &rarr; <strong>1043<\/strong><br \/>(-15 for losing)\n|c|\u2606AdvancedDigit|good game tho\n|l|\u2606The Fucko\n","uploadtime":1697027130,"views":8,"p1id":"advanceddigit","p2id":"thefucko","formatid":"gen9nationaldexdoubles","rating":1043,"private":0,"password":""}