{"id":"gen9nationaldexdoubles-1981728026","p1":"Icey37","p2":"antelite","format":"[Gen 9] National Dex Doubles","log":"|j|\u203dIcey37\n|j|\u2606antelite\n|t:|1698937053\n|gametype|doubles\n|player|p1|Icey37|bea|1160\n|player|p2|antelite|riley|1038\n|teamsize|p1|6\n|teamsize|p2|6\n|gen|9\n|tier|[Gen 9] National Dex Doubles\n|rated|\n|rule|HP Percentage Mod: HP is shown in percentages\n|rule|Endless Battle Clause: Forcing endless battles is banned\n|rule|OHKO Clause: OHKO moves are banned\n|rule|Evasion Moves Clause: Evasion moves are banned\n|rule|Evasion Abilities Clause: Evasion abilities are banned\n|rule|Species Clause: Limit one of each Pok\u00e9mon\n|rule|Gravity Sleep Clause: The combination of sleep-inducing moves with imperfect accuracy and Gravity or Gigantamax Orbeetle are banned\n|clearpoke\n|poke|p1|Blacephalon|\n|poke|p1|Whimsicott, F|\n|poke|p1|Grimmsnarl, M|\n|poke|p1|Chi-Yu|\n|poke|p1|Iron Moth|\n|poke|p1|Heatran, M|\n|poke|p2|Glaceon, M|\n|poke|p2|Togekiss, F|\n|poke|p2|Victini|\n|poke|p2|Jumpluff, M|\n|poke|p2|Azumarill, F|\n|poke|p2|Cinccino, M|\n|teampreview\n|inactive|Battle timer is ON: inactive players will automatically lose when time's up. (requested by antelite)\n|\n|t:|1698937059\n|start\n|switch|p1a: Whimsicott|Whimsicott, F|100\/100\n|switch|p1b: Blacephalon|Blacephalon|100\/100\n|switch|p2a: Azumarill|Azumarill, F|100\/100\n|switch|p2b: Jumpluff|Jumpluff, M|100\/100\n|turn|1\n|\n|t:|1698937085\n|switch|p1a: Grimmsnarl|Grimmsnarl, M|100\/100\n|move|p2a: Azumarill|Aqua Jet|p1b: Blacephalon\n|-supereffective|p1b: Blacephalon\n|-damage|p1b: Blacephalon|0 fnt\n|faint|p1b: Blacephalon\n|move|p2b: Jumpluff|Infestation|p1a: Grimmsnarl\n|-damage|p1a: Grimmsnarl|98\/100\n|-activate|p1a: Grimmsnarl|move: Infestation|[of] p2b: Jumpluff\n|\n|-damage|p1a: Grimmsnarl|86\/100|[from] move: Infestation|[partiallytrapped]\n|upkeep\n|inactive|Icey37 has 120 seconds left.\n|\n|t:|1698937098\n|switch|p1b: Chi-Yu|Chi-Yu|100\/100\n|-ability|p1b: Chi-Yu|Beads of Ruin\n|turn|2\n|\n|t:|1698937119\n|-terastallize|p1b: Chi-Yu|Electric\n|move|p1a: Grimmsnarl|Fake Out|p2a: Azumarill\n|-damage|p2a: Azumarill|90\/100\n|move|p2b: Jumpluff|Infestation|p1b: Chi-Yu\n|-damage|p1b: Chi-Yu|97\/100\n|-activate|p1b: Chi-Yu|move: Infestation|[of] p2b: Jumpluff\n|move|p1b: Chi-Yu|Tera Blast|p2a: Azumarill|[anim] Tera Blast Electric\n|-supereffective|p2a: Azumarill\n|-damage|p2a: Azumarill|0 fnt\n|faint|p2a: Azumarill\n|\n|-damage|p1b: Chi-Yu|84\/100|[from] move: Infestation|[partiallytrapped]\n|-damage|p1a: Grimmsnarl|73\/100|[from] move: Infestation|[partiallytrapped]\n|upkeep\n|inactive|antelite has 120 seconds left.\n|\n|t:|1698937147\n|switch|p2a: Victini|Victini|100\/100\n|turn|3\n|\n|t:|1698937160\n|move|p1a: Grimmsnarl|Thunder Wave|p2a: Victini\n|-status|p2a: Victini|par\n|move|p2b: Jumpluff|Sleep Powder|p1a: Grimmsnarl\n|-status|p1a: Grimmsnarl|slp|[from] move: Sleep Powder\n|move|p1b: Chi-Yu|Tera Blast|p2a: Victini|[anim] Tera Blast Electric\n|-damage|p2a: Victini|4\/100 par\n|move|p2a: Victini|V-create|p1b: Chi-Yu\n|-damage|p1b: Chi-Yu|0 fnt\n|-unboost|p2a: Victini|spe|1\n|-unboost|p2a: Victini|def|1\n|-unboost|p2a: Victini|spd|1\n|-enditem|p2a: Victini|White Herb\n|-clearnegativeboost|p2a: Victini|[silent]\n|faint|p1b: Chi-Yu\n|\n|-damage|p1a: Grimmsnarl|61\/100 slp|[from] move: Infestation|[partiallytrapped]\n|upkeep\n|\n|t:|1698937170\n|switch|p1b: Whimsicott|Whimsicott, F|100\/100\n|turn|4\n|\n|t:|1698937186\n|move|p1b: Whimsicott|Tailwind|p1b: Whimsicott\n|-sidestart|p1: Icey37|move: Tailwind\n|cant|p1a: Grimmsnarl|slp\n|move|p2b: Jumpluff|Giga Drain|p1a: Grimmsnarl\n|-damage|p1a: Grimmsnarl|48\/100 slp\n|move|p2a: Victini|V-create|p1b: Whimsicott\n|-supereffective|p1b: Whimsicott\n|-enditem|p1b: Whimsicott|Focus Sash\n|-damage|p1b: Whimsicott|1\/100\n|-unboost|p2a: Victini|spe|1\n|-unboost|p2a: Victini|def|1\n|-unboost|p2a: Victini|spd|1\n|\n|-damage|p1a: Grimmsnarl|36\/100 slp|[from] move: Infestation|[partiallytrapped]\n|upkeep\n|turn|5\n|\n|t:|1698937208\n|move|p1b: Whimsicott|Sunny Day|p1b: Whimsicott\n|-weather|SunnyDay\n|cant|p1a: Grimmsnarl|slp\n|move|p2b: Jumpluff|Giga Drain|p1b: Whimsicott\n|-resisted|p1b: Whimsicott\n|-damage|p1b: Whimsicott|0 fnt\n|faint|p1b: Whimsicott\n|move|p2a: Victini|Blaze Kick|p1a: Grimmsnarl\n|-damage|p1a: Grimmsnarl|0 fnt\n|faint|p1a: Grimmsnarl\n|\n|-weather|SunnyDay|[upkeep]\n|upkeep\n|\n|t:|1698937216\n|switch|p1b: Heatran|Heatran, M|100\/100\n|switch|p1a: Iron Moth|Iron Moth|100\/100\n|-enditem|p1a: Iron Moth|Booster Energy\n|-activate|p1a: Iron Moth|ability: Quark Drive|[fromitem]\n|-start|p1a: Iron Moth|quarkdrivespa\n|turn|6\n|\n|t:|1698937241\n|move|p1b: Heatran|Eruption|p2a: Victini|[spread] p2a,p2b\n|-resisted|p2a: Victini\n|-supereffective|p2b: Jumpluff\n|-damage|p2a: Victini|0 fnt\n|-enditem|p2b: Jumpluff|Focus Sash\n|-damage|p2b: Jumpluff|1\/100\n|faint|p2a: Victini\n|move|p1a: Iron Moth|Heat Wave|p2b: Jumpluff\n|-supereffective|p2b: Jumpluff\n|-damage|p2b: Jumpluff|0 fnt\n|faint|p2b: Jumpluff\n|\n|-weather|SunnyDay|[upkeep]\n|upkeep\n|inactive|antelite has 120 seconds left.\n|\n|t:|1698937255\n|switch|p2b: Cinccino|Cinccino, M|100\/100\n|switch|p2a: Togekiss|Togekiss, F|100\/100\n|turn|7\n|\n|t:|1698937264\n|move|p1b: Heatran|Eruption|p2b: Cinccino|[spread] p2a,p2b\n|-damage|p2a: Togekiss|52\/100\n|-damage|p2b: Cinccino|0 fnt\n|faint|p2b: Cinccino\n|move|p1a: Iron Moth|Heat Wave|p2a: Togekiss\n|-damage|p2a: Togekiss|1\/100\n|-status|p2a: Togekiss|brn\n|move|p2a: Togekiss|Aura Sphere|p1b: Heatran\n|-supereffective|p1b: Heatran\n|-damage|p1b: Heatran|48\/100\n|\n|-weather|SunnyDay|[upkeep]\n|-damage|p2a: Togekiss|0 fnt|[from] brn\n|faint|p2a: Togekiss\n|-sideend|p1: Icey37|move: Tailwind\n|upkeep\n|\n|t:|1698937280\n|switch|p2b: Glaceon|Glaceon, M|100\/100\n|turn|8\n|\n|t:|1698937288\n|move|p1b: Heatran|Eruption|p2b: Glaceon\n|-supereffective|p2b: Glaceon\n|-damage|p2b: Glaceon|0 fnt\n|faint|p2b: Glaceon\n|\n|win|Icey37\n|raw|Icey37's rating: 1160 &rarr; <strong>1177<\/strong><br \/>(+17 for winning)\n|raw|antelite's rating: 1038 &rarr; <strong>1028<\/strong><br \/>(-10 for losing)\n|l|\u2606antelite\n","uploadtime":1698937316,"views":6,"p1id":"icey37","p2id":"antelite","formatid":"gen9nationaldexdoubles","rating":1028,"private":0,"password":""}