{"id":"gen9nationaldexdoubles-1994534186","p1":"wammer18","p2":"Eliminathan","format":"[Gen 9] National Dex Doubles","log":"|j|\u2606wammer18\n|j|\u2606Eliminathan\n|t:|1700455823\n|gametype|doubles\n|player|p1|wammer18|266|\n|player|p2|Eliminathan|schoolkid-gen4|\n|teamsize|p1|6\n|teamsize|p2|6\n|gen|9\n|tier|[Gen 9] National Dex Doubles\n|rule|HP Percentage Mod: HP is shown in percentages\n|rule|Endless Battle Clause: Forcing endless battles is banned\n|rule|OHKO Clause: OHKO moves are banned\n|rule|Evasion Moves Clause: Evasion moves are banned\n|rule|Evasion Abilities Clause: Evasion abilities are banned\n|rule|Species Clause: Limit one of each Pok\u00e9mon\n|rule|Gravity Sleep Clause: The combination of sleep-inducing moves with imperfect accuracy and Gravity or Gigantamax Orbeetle are banned\n|clearpoke\n|poke|p1|Tapu Fini|\n|poke|p1|Tornadus, M|\n|poke|p1|Zygarde|\n|poke|p1|Metagross|\n|poke|p1|Ogerpon-Cornerstone, F|\n|poke|p1|Zamazenta-*|\n|poke|p2|Zygarde|\n|poke|p2|Zamazenta-*|\n|poke|p2|Jirachi|\n|poke|p2|Kangaskhan, F|\n|poke|p2|Glimmora, F|\n|poke|p2|Iron Hands|\n|teampreview\n|\n|t:|1700455934\n|start\n|switch|p1a: Metagross|Metagross|100\/100\n|switch|p1b: Ogerpon|Ogerpon-Cornerstone, F|100\/100\n|switch|p2a: Ginkle|Zygarde|100\/100\n|switch|p2b: momma|Kangaskhan, F|100\/100\n|-ability|p2a: Ginkle|Aura Break\n|turn|1\n|\n|t:|1700455974\n|switch|p1a: Tapu Fini|Tapu Fini|100\/100\n|-fieldstart|move: Misty Terrain|[from] ability: Misty Surge|[of] p1a: Tapu Fini\n|detailschange|p2b: momma|Kangaskhan-Mega, F\n|-mega|p2b: momma|Kangaskhan|Kangaskhanite\n|move|p1b: Ogerpon|Spiky Shield|p1b: Ogerpon\n|-singleturn|p1b: Ogerpon|move: Protect\n|move|p2b: momma|Fake Out|p1b: Ogerpon\n|-activate|p1b: Ogerpon|move: Protect\n|-damage|p2b: momma|88\/100|[from] Spiky Shield|[of] p1b: Ogerpon\n|move|p2a: Ginkle|Dragon Dance|p2a: Ginkle\n|-boost|p2a: Ginkle|atk|1\n|-boost|p2a: Ginkle|spe|1\n|\n|upkeep\n|turn|2\n|\n|t:|1700455998\n|move|p2a: Ginkle|Thousand Arrows|p1b: Ogerpon|[spread] p1a,p1b\n|-damage|p1a: Tapu Fini|69\/100\n|-damage|p1b: Ogerpon|45\/100\n|move|p1b: Ogerpon|Horn Leech|p2a: Ginkle\n|-damage|p2a: Ginkle|66\/100\n|-heal|p1b: Ogerpon|66\/100|[from] drain|[of] p2a: Ginkle\n|move|p2b: momma|Seismic Toss|p1a: Tapu Fini\n|-damage|p1a: Tapu Fini|40\/100\n|-enditem|p1a: Tapu Fini|Sitrus Berry|[eat]\n|-heal|p1a: Tapu Fini|65\/100|[from] item: Sitrus Berry\n|-damage|p1a: Tapu Fini|36\/100\n|-hitcount|p1a: Tapu Fini|2\n|move|p1a: Tapu Fini|Icy Wind|p2b: momma|[spread] p2a,p2b\n|-supereffective|p2a: Ginkle\n|-damage|p2a: Ginkle|26\/100\n|-damage|p2b: momma|79\/100\n|-unboost|p2b: momma|spe|1\n|\n|upkeep\n|turn|3\n|\n|t:|1700456042\n|move|p2a: Ginkle|Protect|p2a: Ginkle\n|-singleturn|p2a: Ginkle|Protect\n|move|p1b: Ogerpon|Horn Leech|p2a: Ginkle\n|-activate|p2a: Ginkle|move: Protect\n|move|p2b: momma|Seismic Toss|p1b: Ogerpon\n|-damage|p1b: Ogerpon|34\/100\n|-damage|p1b: Ogerpon|2\/100\n|-hitcount|p1b: Ogerpon|2\n|move|p1a: Tapu Fini|Icy Wind|p2b: momma|[spread] \n|-activate|p2a: Ginkle|move: Protect\n|-miss|p1a: Tapu Fini|p2b: momma\n|\n|upkeep\n|turn|4\n|\n|t:|1700456062\n|move|p1b: Ogerpon|Follow Me|p1b: Ogerpon\n|-singleturn|p1b: Ogerpon|move: Follow Me\n|move|p2a: Ginkle|Thousand Arrows|p1b: Ogerpon|[spread] p1a,p1b\n|-damage|p1a: Tapu Fini|2\/100\n|-damage|p1b: Ogerpon|0 fnt\n|faint|p1b: Ogerpon\n|move|p2b: momma|Seismic Toss|p1a: Tapu Fini\n|-damage|p1a: Tapu Fini|0 fnt\n|faint|p1a: Tapu Fini\n|-hitcount|p1: Tapu Fini|1\n|\n|upkeep\n|\n|t:|1700456082\n|switch|p1b: Zygarde|Zygarde|100\/100\n|switch|p1a: Tornadus|Tornadus, M|100\/100\n|-ability|p1b: Zygarde|Aura Break\n|turn|5\n|\n|t:|1700456125\n|move|p1a: Tornadus|Tailwind|p1a: Tornadus\n|-sidestart|p1: wammer18|move: Tailwind\n|move|p1b: Zygarde|Thousand Arrows|p2a: Ginkle|[spread] p2a,p2b\n|-damage|p2a: Ginkle|6\/100\n|-damage|p2b: momma|57\/100\n|move|p2a: Ginkle|Thousand Arrows|p1a: Tornadus|[spread] p1a,p1b\n|-damage|p1a: Tornadus|30\/100\n|-damage|p1b: Zygarde|68\/100\n|-start|p1a: Tornadus|Smack Down\n|move|p2b: momma|Seismic Toss|p1b: Zygarde\n|-damage|p1b: Zygarde|43\/100\n|-damage|p1b: Zygarde|18\/100\n|-hitcount|p1b: Zygarde|2\n|\n|-fieldend|Misty Terrain\n|upkeep\n|turn|6\n|\n|t:|1700456148\n|move|p1b: Zygarde|Extreme Speed|p2a: Ginkle\n|-damage|p2a: Ginkle|0 fnt\n|faint|p2a: Ginkle\n|move|p2b: momma|Sucker Punch||[still]\n|-fail|p2b: momma\n|move|p1a: Tornadus|Bleakwind Storm|p2b: momma\n|-damage|p2b: momma|15\/100\n|\n|upkeep\n|\n|t:|1700456159\n|switch|p2a: Watch out|Iron Hands|100\/100\n|turn|7\n|\n|t:|1700456176\n|move|p1a: Tornadus|Protect|p1a: Tornadus\n|-singleturn|p1a: Tornadus|Protect\n|move|p1b: Zygarde|Protect|p1b: Zygarde\n|-singleturn|p1b: Zygarde|Protect\n|move|p2a: Watch out|Fake Out|p1b: Zygarde\n|-activate|p1b: Zygarde|move: Protect\n|move|p2b: momma|Sucker Punch||[still]\n|-fail|p2b: momma\n|\n|upkeep\n|turn|8\n|\n|t:|1700456203\n|-end|p2a: Watch out|Quark Drive|[silent]\n|switch|p2a: Spanky|Zamazenta|100\/100\n|-ability|p2a: Spanky|Dauntless Shield|boost\n|-boost|p2a: Spanky|def|1\n|move|p1b: Zygarde|Extreme Speed|p2a: Spanky\n|-damage|p2a: Spanky|89\/100\n|move|p2b: momma|Sucker Punch|p1a: Tornadus\n|-damage|p1a: Tornadus|0 fnt\n|faint|p1a: Tornadus\n|-hitcount|p1: Tornadus|1\n|\n|-sideend|p1: wammer18|move: Tailwind\n|upkeep\n|\n|t:|1700456216\n|switch|p1a: Metagross|Metagross|100\/100\n|turn|9\n|\n|t:|1700456228\n|switch|p2b: FIX THE PROBLEM!|Jirachi|100\/100\n|detailschange|p1a: Metagross|Metagross-Mega\n|-mega|p1a: Metagross|Metagross|Metagrossite\n|move|p1a: Metagross|Protect|p1a: Metagross\n|-singleturn|p1a: Metagross|Protect\n|move|p1b: Zygarde|Extreme Speed|p2b: FIX THE PROBLEM!\n|-resisted|p2b: FIX THE PROBLEM!\n|-damage|p2b: FIX THE PROBLEM!|93\/100\n|move|p2a: Spanky|Body Press|p1b: Zygarde\n|-damage|p1b: Zygarde|0 fnt\n|faint|p1b: Zygarde\n|\n|-heal|p2b: FIX THE PROBLEM!|99\/100|[from] item: Leftovers\n|upkeep\n|\n|t:|1700456241\n|switch|p1b: Zamazenta|Zamazenta|100\/100\n|-ability|p1b: Zamazenta|Dauntless Shield|boost\n|-boost|p1b: Zamazenta|def|1\n|turn|10\n|\n|t:|1700456258\n|move|p2a: Spanky|Coaching|p2b: FIX THE PROBLEM!\n|-boost|p2b: FIX THE PROBLEM!|atk|1\n|-boost|p2b: FIX THE PROBLEM!|def|1\n|move|p1b: Zamazenta|Coaching|p1a: Metagross\n|-boost|p1a: Metagross|atk|1\n|-boost|p1a: Metagross|def|1\n|move|p1a: Metagross|Hammer Arm|p2b: FIX THE PROBLEM!\n|-damage|p2b: FIX THE PROBLEM!|62\/100\n|-unboost|p1a: Metagross|spe|1\n|move|p2b: FIX THE PROBLEM!|Thunder Wave|p1a: Metagross\n|-status|p1a: Metagross|par\n|\n|-heal|p2b: FIX THE PROBLEM!|69\/100|[from] item: Leftovers\n|upkeep\n|turn|11\n|\n|t:|1700456288\n|move|p1b: Zamazenta|Coaching|p1a: Metagross\n|-boost|p1a: Metagross|atk|1\n|-boost|p1a: Metagross|def|1\n|move|p2a: Spanky|Body Press|p1a: Metagross\n|-damage|p1a: Metagross|85\/100 par\n|move|p2b: FIX THE PROBLEM!|Iron Head|p1a: Metagross\n|-resisted|p1a: Metagross\n|-damage|p1a: Metagross|78\/100 par\n|move|p1a: Metagross|Hammer Arm|p2b: FIX THE PROBLEM!\n|-damage|p2b: FIX THE PROBLEM!|19\/100\n|-unboost|p1a: Metagross|spe|1\n|\n|-heal|p2b: FIX THE PROBLEM!|25\/100|[from] item: Leftovers\n|upkeep\n|turn|12\n|\n|t:|1700456317\n|move|p1b: Zamazenta|Body Press|p2b: FIX THE PROBLEM!\n|-damage|p2b: FIX THE PROBLEM!|2\/100\n|move|p2a: Spanky|Body Press|p1a: Metagross\n|-damage|p1a: Metagross|62\/100 par\n|move|p2b: FIX THE PROBLEM!|Thunder Wave|p1b: Zamazenta\n|-status|p1b: Zamazenta|par\n|move|p1a: Metagross|Hammer Arm|p2b: FIX THE PROBLEM!\n|-damage|p2b: FIX THE PROBLEM!|0 fnt\n|-unboost|p1a: Metagross|spe|1\n|faint|p2b: FIX THE PROBLEM!\n|\n|upkeep\n|\n|t:|1700456332\n|switch|p2b: pointy|Glimmora, F|100\/100\n|turn|13\n|\n|t:|1700456340\n|move|p1a: Metagross|Protect|p1a: Metagross\n|-singleturn|p1a: Metagross|Protect\n|move|p2a: Spanky|Body Press|p1a: Metagross\n|-activate|p1a: Metagross|move: Protect\n|move|p2b: pointy|Earth Power|p1a: Metagross\n|-activate|p1a: Metagross|move: Protect\n|move|p1b: Zamazenta|Coaching|p1a: Metagross\n|-boost|p1a: Metagross|atk|1\n|-boost|p1a: Metagross|def|1\n|\n|upkeep\n|turn|14\n|\n|t:|1700456356\n|move|p2a: Spanky|Body Press|p1a: Metagross\n|-damage|p1a: Metagross|50\/100 par\n|move|p2b: pointy|Earth Power|p1a: Metagross\n|-supereffective|p1a: Metagross\n|-damage|p1a: Metagross|0 fnt\n|faint|p1a: Metagross\n|cant|p1b: Zamazenta|par\n|\n|upkeep\n|turn|15\n|c|\u2606wammer18|gg\n|c|\u2606Eliminathan|gg\n|\n|t:|1700456372\n|move|p2a: Spanky|Body Press|p1b: Zamazenta\n|-damage|p1b: Zamazenta|77\/100 par\n|move|p2b: pointy|Sludge Bomb|p1b: Zamazenta\n|-damage|p1b: Zamazenta|42\/100 par\n|-enditem|p1b: Zamazenta|Sitrus Berry|[eat]\n|-heal|p1b: Zamazenta|67\/100 par|[from] item: Sitrus Berry\n|cant|p1b: Zamazenta|par\n|\n|upkeep\n|turn|16\n|\n|t:|1700456382\n|move|p2a: Spanky|Body Press|p1b: Zamazenta\n|-damage|p1b: Zamazenta|40\/100 par\n|move|p2b: pointy|Sludge Bomb|p1b: Zamazenta\n|-damage|p1b: Zamazenta|4\/100 par\n|move|p1b: Zamazenta|Body Press|p2b: pointy\n|-damage|p2b: pointy|39\/100\n|-activate|p2b: pointy|ability: Toxic Debris\n|-sidestart|p1: wammer18|move: Toxic Spikes\n|\n|upkeep\n|turn|17\n|\n|t:|1700456398\n|move|p2a: Spanky|Body Press|p1b: Zamazenta\n|-damage|p1b: Zamazenta|0 fnt\n|faint|p1b: Zamazenta\n|\n|win|Eliminathan\n","uploadtime":1700456401,"views":11,"p1id":"wammer18","p2id":"eliminathan","formatid":"gen9nationaldexdoubles","rating":0,"private":0,"password":""}