{"id":"gen9nationaldexdoubles-1950866558","p1":"Barilous Decatus","p2":"Mmiirrzzaa","format":"[Gen 9] National Dex Doubles","log":"|j|\u2606Barilous Decatus\n|j|\u2606Mmiirrzzaa\n|t:|1695513966\n|gametype|doubles\n|player|p1|Barilous Decatus|byron|1271\n|player|p2|Mmiirrzzaa|102|1562\n|teamsize|p1|6\n|teamsize|p2|6\n|gen|9\n|tier|[Gen 9] National Dex Doubles\n|rated|\n|rule|HP Percentage Mod: HP is shown in percentages\n|rule|Endless Battle Clause: Forcing endless battles is banned\n|rule|OHKO Clause: OHKO moves are banned\n|rule|Evasion Moves Clause: Evasion moves are banned\n|rule|Evasion Abilities Clause: Evasion abilities are banned\n|rule|Species Clause: Limit one of each Pok\u00e9mon\n|rule|Gravity Sleep Clause: The combination of sleep-inducing moves with imperfect accuracy and Gravity or Gigantamax Orbeetle are banned\n|clearpoke\n|poke|p1|Klefki, F|\n|poke|p1|Steelix, M|\n|poke|p1|Ferrothorn, M|\n|poke|p1|Skarmory, F|\n|poke|p1|Heatran, M|\n|poke|p1|Doublade, F|\n|poke|p2|Volcarona, M|\n|poke|p2|Smeargle, M|\n|poke|p2|Tapu Lele|\n|poke|p2|Tapu Fini|\n|poke|p2|Suicune|\n|poke|p2|Chien-Pao|\n|teampreview\n|inactive|Battle timer is ON: inactive players will automatically lose when time's up. (requested by Mmiirrzzaa)\n|\n|t:|1695513987\n|start\n|switch|p1a: Lust|Klefki, F, shiny|100\/100\n|switch|p1b: Greed|Steelix, M, shiny|100\/100\n|switch|p2a: Miami Terror|Volcarona, M|100\/100\n|switch|p2b: Bobby Lee|Smeargle, M|100\/100\n|turn|1\n|\n|t:|1695514014\n|move|p2a: Miami Terror|Protect|p2a: Miami Terror\n|-singleturn|p2a: Miami Terror|Protect\n|move|p1a: Lust|Light Screen|p1a: Lust\n|-sidestart|p1: Barilous Decatus|move: Light Screen\n|move|p2b: Bobby Lee|Spore|p1a: Lust\n|-status|p1a: Lust|slp|[from] move: Spore\n|move|p1b: Greed|Dragon Tail|p2a: Miami Terror\n|-activate|p2a: Miami Terror|move: Protect\n|\n|-ability|p2b: Bobby Lee|Moody|boost\n|-boost|p2b: Bobby Lee|spd|2\n|-unboost|p2b: Bobby Lee|spa|1\n|upkeep\n|turn|2\n|\n|t:|1695514031\n|cant|p1a: Lust|slp\n|move|p2b: Bobby Lee|Spore|p1b: Greed\n|-status|p1b: Greed|slp|[from] move: Spore\n|move|p2a: Miami Terror|Quiver Dance|p2a: Miami Terror\n|-boost|p2a: Miami Terror|spa|1\n|-boost|p2a: Miami Terror|spd|1\n|-boost|p2a: Miami Terror|spe|1\n|cant|p1b: Greed|slp\n|\n|-ability|p2b: Bobby Lee|Moody|boost\n|-boost|p2b: Bobby Lee|spe|2\n|-unboost|p2b: Bobby Lee|spd|1\n|upkeep\n|turn|3\n|\n|t:|1695514044\n|move|p2b: Bobby Lee|Follow Me|p2b: Bobby Lee\n|-singleturn|p2b: Bobby Lee|move: Follow Me\n|-curestatus|p1a: Lust|slp|[msg]\n|move|p1a: Lust|Thunder Wave|p2b: Bobby Lee\n|-status|p2b: Bobby Lee|par\n|move|p2a: Miami Terror|Quiver Dance|p2a: Miami Terror\n|-boost|p2a: Miami Terror|spa|1\n|-boost|p2a: Miami Terror|spd|1\n|-boost|p2a: Miami Terror|spe|1\n|cant|p1b: Greed|slp\n|\n|-ability|p2b: Bobby Lee|Moody|boost\n|-boost|p2b: Bobby Lee|atk|2\n|-unboost|p2b: Bobby Lee|spa|1\n|upkeep\n|turn|4\n|inactive|Barilous Decatus has 120 seconds left.\n|\n|t:|1695514074\n|cant|p2b: Bobby Lee|par\n|move|p1a: Lust|Thunder Wave|p2a: Miami Terror\n|-status|p2a: Miami Terror|par\n|cant|p2a: Miami Terror|par\n|-curestatus|p1b: Greed|slp|[msg]\n|move|p1b: Greed|Stealth Rock|p2a: Miami Terror\n|-sidestart|p2: Mmiirrzzaa|move: Stealth Rock\n|\n|-ability|p2b: Bobby Lee|Moody|boost\n|-boost|p2b: Bobby Lee|spa|2\n|-unboost|p2b: Bobby Lee|def|1\n|upkeep\n|turn|5\n|\n|t:|1695514087\n|move|p2b: Bobby Lee|Follow Me|p2b: Bobby Lee\n|-singleturn|p2b: Bobby Lee|move: Follow Me\n|move|p1a: Lust|Attract|p2b: Bobby Lee\n|-start|p2b: Bobby Lee|Attract\n|move|p2a: Miami Terror|Heat Wave|p1b: Greed|[spread] p1a,p1b\n|-supereffective|p1a: Lust\n|-supereffective|p1b: Greed\n|-damage|p1a: Lust|21\/100\n|-damage|p1b: Greed|21\/100\n|move|p1b: Greed|Dragon Tail|p2b: Bobby Lee\n|-damage|p2b: Bobby Lee|55\/100 par\n|drag|p2b: Phoebe|Tapu Lele|100\/100\n|-damage|p2b: Phoebe|88\/100|[from] Stealth Rock\n|-fieldstart|move: Psychic Terrain|[from] ability: Psychic Surge|[of] p2b: Phoebe\n|\n|upkeep\n|turn|6\n|\n|t:|1695514102\n|move|p1a: Lust|Reflect|p1a: Lust\n|-sidestart|p1: Barilous Decatus|Reflect\n|cant|p2a: Miami Terror|par\n|move|p2b: Phoebe|Psych Up|p2a: Miami Terror\n|-copyboost|p2b: Phoebe|p2a: Miami Terror|[from] move: Psych Up\n|move|p1b: Greed|Dragon Tail|p2a: Miami Terror\n|-damage|p2a: Miami Terror|90\/100 par\n|drag|p2a: Bobby Lee|Smeargle, M|55\/100 par\n|-damage|p2a: Bobby Lee|43\/100 par|[from] Stealth Rock\n|\n|-ability|p2a: Bobby Lee|Moody|boost\n|-boost|p2a: Bobby Lee|spe|2\n|-unboost|p2a: Bobby Lee|spd|1\n|upkeep\n|turn|7\n|c|\u2606Mmiirrzzaa|why am i so unlucky\n|\n|t:|1695514130\n|switch|p1a: Wrath|Heatran, M|100\/100\n|switch|p1b: Gluttony|Ferrothorn, M, shiny|100\/100\n|move|p2b: Phoebe|Psychic|p1b: Gluttony\n|-resisted|p1b: Gluttony\n|-damage|p1b: Gluttony|77\/100\n|move|p2a: Bobby Lee|Spore|p1a: Wrath\n|-status|p1a: Wrath|slp|[from] move: Spore\n|\n|-heal|p1b: Gluttony|83\/100|[from] item: Leftovers\n|-ability|p2a: Bobby Lee|Moody|boost\n|-boost|p2a: Bobby Lee|spa|2\n|-unboost|p2a: Bobby Lee|spe|1\n|upkeep\n|turn|8\n|\n|t:|1695514148\n|move|p2a: Bobby Lee|Follow Me|p2a: Bobby Lee\n|-singleturn|p2a: Bobby Lee|move: Follow Me\n|move|p2b: Phoebe|Psychic|p1a: Wrath\n|-resisted|p1a: Wrath\n|-damage|p1a: Wrath|80\/100 slp\n|cant|p1a: Wrath|slp\n|move|p1b: Gluttony|Leech Seed|p2a: Bobby Lee\n|-start|p2a: Bobby Lee|move: Leech Seed\n|\n|-heal|p1b: Gluttony|89\/100|[from] item: Leftovers\n|-damage|p2a: Bobby Lee|30\/100 par|[from] Leech Seed|[of] p1b: Gluttony\n|-heal|p1b: Gluttony|100\/100|[silent]\n|-sideend|p1: Barilous Decatus|move: Light Screen\n|-ability|p2a: Bobby Lee|Moody|boost\n|-boost|p2a: Bobby Lee|atk|2\n|-unboost|p2a: Bobby Lee|spd|1\n|upkeep\n|turn|9\n|\n|t:|1695514165\n|cant|p2a: Bobby Lee|par\n|move|p2b: Phoebe|Psychic|p1a: Wrath\n|-resisted|p1a: Wrath\n|-damage|p1a: Wrath|52\/100 slp\n|cant|p1a: Wrath|slp\n|move|p1b: Gluttony|Leech Seed|p2b: Phoebe\n|-start|p2b: Phoebe|move: Leech Seed\n|\n|-damage|p2b: Phoebe|75\/100|[from] Leech Seed|[of] p1b: Gluttony\n|-damage|p2a: Bobby Lee|18\/100 par|[from] Leech Seed|[of] p1b: Gluttony\n|-fieldend|move: Psychic Terrain\n|-ability|p2a: Bobby Lee|Moody|boost\n|-boost|p2a: Bobby Lee|spe|2\n|-unboost|p2a: Bobby Lee|def|1\n|upkeep\n|turn|10\n|\n|t:|1695514186\n|switch|p1a: Pride|Doublade, F, shiny|100\/100\n|switch|p1b: Lust|Klefki, F, shiny|21\/100\n|move|p2a: Bobby Lee|Follow Me|p2a: Bobby Lee\n|-singleturn|p2a: Bobby Lee|move: Follow Me\n|move|p2b: Phoebe|Psychic|p1a: Pride\n|-resisted|p1a: Pride\n|-damage|p1a: Pride|73\/100\n|\n|-damage|p2b: Phoebe|63\/100|[from] Leech Seed|[of] p1b: Lust\n|-heal|p1b: Lust|34\/100|[silent]\n|-damage|p2a: Bobby Lee|6\/100 par|[from] Leech Seed|[of] p1b: Lust\n|-heal|p1b: Lust|47\/100|[silent]\n|-ability|p2a: Bobby Lee|Moody|boost\n|-boost|p2a: Bobby Lee|spd|2\n|-unboost|p2a: Bobby Lee|spa|1\n|upkeep\n|turn|11\n|\n|t:|1695514208\n|move|p2b: Phoebe|Protect|p2b: Phoebe\n|-singleturn|p2b: Phoebe|Protect\n|move|p1b: Lust|Thunder Wave|p2b: Phoebe\n|-activate|p2b: Phoebe|move: Protect\n|move|p2a: Bobby Lee|Spore|p1a: Pride\n|-status|p1a: Pride|slp|[from] move: Spore\n|cant|p1a: Pride|slp\n|\n|-damage|p2b: Phoebe|50\/100|[from] Leech Seed|[of] p1b: Lust\n|-heal|p1b: Lust|60\/100|[silent]\n|-damage|p2a: Bobby Lee|0 fnt|[from] Leech Seed|[of] p1b: Lust\n|-heal|p1b: Lust|65\/100|[silent]\n|faint|p2a: Bobby Lee\n|upkeep\n|\n|t:|1695514220\n|switch|p2a: Lana|Tapu Fini|100\/100\n|-damage|p2a: Lana|88\/100|[from] Stealth Rock\n|-fieldstart|move: Misty Terrain|[from] ability: Misty Surge|[of] p2a: Lana\n|turn|12\n|\n|t:|1695514242\n|switch|p1a: Gluttony|Ferrothorn, M, shiny|100\/100\n|move|p1b: Lust|Light Screen|p1b: Lust\n|-sidestart|p1: Barilous Decatus|move: Light Screen\n|move|p2b: Phoebe|Psychic|p1a: Gluttony\n|-resisted|p1a: Gluttony\n|-damage|p1a: Gluttony|82\/100\n|move|p2a: Lana|Psych Up|p2b: Phoebe\n|-copyboost|p2a: Lana|p2b: Phoebe|[from] move: Psych Up\n|\n|-heal|p1a: Gluttony|89\/100|[from] item: Leftovers\n|-damage|p2b: Phoebe|38\/100|[from] Leech Seed|[of] p1b: Lust\n|-heal|p1b: Lust|79\/100|[silent]\n|upkeep\n|turn|13\n|\n|t:|1695514258\n|move|p1b: Lust|Thunder Wave|p2a: Lana|[miss]\n|-miss|p1b: Lust|p2a: Lana\n|move|p2b: Phoebe|Psychic|p1b: Lust\n|-resisted|p1b: Lust\n|-damage|p1b: Lust|53\/100\n|move|p2a: Lana|Taunt|p1a: Gluttony\n|-start|p1a: Gluttony|move: Taunt\n|cant|p1a: Gluttony|move: Taunt|Leech Seed\n|\n|-heal|p1a: Gluttony|95\/100|[from] item: Leftovers\n|-damage|p2b: Phoebe|25\/100|[from] Leech Seed|[of] p1b: Lust\n|-heal|p1b: Lust|67\/100|[silent]\n|-sideend|p1: Barilous Decatus|Reflect\n|upkeep\n|-enditem|p2b: Phoebe|Wiki Berry|[eat]\n|-heal|p2b: Phoebe|59\/100|[from] item: Wiki Berry\n|turn|14\n|\n|t:|1695514280\n|switch|p1a: Pride|Doublade, F, shiny|73\/100 slp\n|move|p1b: Lust|Reflect|p1b: Lust\n|-sidestart|p1: Barilous Decatus|Reflect\n|move|p2b: Phoebe|Psychic|p1b: Lust\n|-resisted|p1b: Lust\n|-damage|p1b: Lust|39\/100\n|move|p2a: Lana|Muddy Water|p1b: Lust|[spread] p1a\n|-miss|p2a: Lana|p1b: Lust\n|-damage|p1a: Pride|46\/100 slp\n|-unboost|p1a: Pride|accuracy|1\n|\n|-damage|p2b: Phoebe|46\/100|[from] Leech Seed|[of] p1b: Lust\n|-heal|p1b: Lust|53\/100|[silent]\n|upkeep\n|turn|15\n|c|\u2606Mmiirrzzaa|why am i so unlucky\n|\n|t:|1695514299\n|move|p1b: Lust|Thunder Wave|p2a: Lana\n|-activate|p2a: Lana|move: Misty Terrain\n|move|p2b: Phoebe|Psychic|p1b: Lust\n|-resisted|p1b: Lust\n|-damage|p1b: Lust|29\/100\n|move|p2a: Lana|Muddy Water|p1a: Pride|[spread] p1a,p1b\n|-damage|p1a: Pride|20\/100 slp\n|-damage|p1b: Lust|0 fnt\n|-unboost|p1a: Pride|accuracy|1\n|faint|p1b: Lust\n|cant|p1a: Pride|slp\n|\n|upkeep\n|\n|t:|1695514312\n|switch|p1b: Gluttony|Ferrothorn, M, shiny|95\/100\n|turn|16\n|\n|t:|1695514323\n|switch|p1b: Wrath|Heatran, M|52\/100 slp\n|move|p2b: Phoebe|Psychic|p1a: Pride\n|-resisted|p1a: Pride\n|-damage|p1a: Pride|2\/100 slp\n|move|p2a: Lana|Taunt|p1b: Wrath\n|-start|p1b: Wrath|move: Taunt\n|-curestatus|p1a: Pride|slp|[msg]\n|move|p1a: Pride|Iron Head|p2b: Phoebe\n|-supereffective|p2b: Phoebe\n|-damage|p2b: Phoebe|0 fnt\n|faint|p2b: Phoebe\n|\n|-fieldend|Misty Terrain\n|upkeep\n|\n|t:|1695514336\n|switch|p2b: Azura|Suicune|100\/100\n|-damage|p2b: Azura|88\/100|[from] Stealth Rock\n|turn|17\n|\n|t:|1695514350\n|switch|p1b: Greed|Steelix, M, shiny|21\/100\n|switch|p1a: Gluttony|Ferrothorn, M, shiny|95\/100\n|move|p2a: Lana|Muddy Water|p1b: Greed|[spread] p1a,p1b\n|-resisted|p1a: Gluttony\n|-supereffective|p1b: Greed\n|-damage|p1a: Gluttony|83\/100\n|-damage|p1b: Greed|0 fnt\n|-unboost|p1a: Gluttony|accuracy|1\n|faint|p1b: Greed\n|move|p2b: Azura|Psych Up|p2a: Lana\n|-copyboost|p2b: Azura|p2a: Lana|[from] move: Psych Up\n|\n|-heal|p1a: Gluttony|90\/100|[from] item: Leftovers\n|upkeep\n|\n|t:|1695514363\n|switch|p1b: Envy|Skarmory, F, shiny|100\/100\n|turn|18\n|\n|t:|1695514383\n|move|p2a: Lana|Taunt|p1b: Envy\n|-start|p1b: Envy|move: Taunt\n|move|p1a: Gluttony|Toxic|p2b: Azura|[miss]\n|-miss|p1a: Gluttony|p2b: Azura\n|move|p2b: Azura|Roar|p1a: Gluttony\n|drag|p1a: Pride|Doublade, F, shiny|2\/100\n|cant|p1b: Envy|move: Taunt|Whirlwind\n|\n|upkeep\n|turn|19\n|\n|t:|1695514403\n|move|p2b: Azura|Scald|p1b: Envy\n|-damage|p1b: Envy|60\/100\n|move|p2a: Lana|Muddy Water|p1b: Envy|[spread] p1a,p1b\n|-damage|p1a: Pride|0 fnt\n|-damage|p1b: Envy|33\/100\n|faint|p1a: Pride\n|move|p1b: Envy|Brave Bird|p2a: Lana\n|-damage|p2a: Lana|63\/100\n|-damage|p1b: Envy|24\/100|[from] Recoil\n|\n|-heal|p1b: Envy|30\/100|[from] item: Leftovers\n|-sideend|p1: Barilous Decatus|move: Light Screen\n|upkeep\n|\n|t:|1695514408\n|switch|p1a: Gluttony|Ferrothorn, M, shiny|90\/100\n|turn|20\n|\n|t:|1695514420\n|switch|p1a: Wrath|Heatran, M|52\/100 slp\n|move|p2b: Azura|Scald|p1b: Envy\n|-damage|p1b: Envy|0 fnt\n|faint|p1b: Envy\n|move|p2a: Lana|Taunt|p1a: Wrath\n|-start|p1a: Wrath|move: Taunt\n|\n|upkeep\n|\n|t:|1695514423\n|switch|p1b: Gluttony|Ferrothorn, M, shiny|90\/100\n|turn|21\n|\n|t:|1695514434\n|move|p2b: Azura|Scald|p1a: Wrath\n|-supereffective|p1a: Wrath\n|-damage|p1a: Wrath|0 fnt\n|faint|p1a: Wrath\n|move|p2a: Lana|Taunt|p1b: Gluttony\n|-start|p1b: Gluttony|move: Taunt\n|cant|p1b: Gluttony|move: Taunt|Toxic\n|\n|-heal|p1b: Gluttony|96\/100|[from] item: Leftovers\n|-sideend|p1: Barilous Decatus|Reflect\n|upkeep\n|turn|22\n|c|\u2606Barilous Decatus|gg\n|-message|Barilous Decatus forfeited.\n|\n|win|Mmiirrzzaa\n|raw|Barilous Decatus's rating: 1271 &rarr; <strong>1263<\/strong><br \/>(-8 for losing)\n|raw|Mmiirrzzaa's rating: 1562 &rarr; <strong>1568<\/strong><br \/>(+6 for winning)\n|l|\u2606Barilous Decatus\n","uploadtime":1695514448,"views":8,"p1id":"barilousdecatus","p2id":"mmiirrzzaa","formatid":"gen9nationaldexdoubles","rating":1263,"private":0,"password":""}