{"id":"gen9nationaldexdoubles-1973707953","p1":"MaaChACaHOmEr","p2":"cynda3","format":"[Gen 9] National Dex Doubles","log":"|j|\u2606MaaChACaHOmEr\n|j|\u2606cynda3\n|t:|1698005455\n|gametype|doubles\n|player|p1|MaaChACaHOmEr|170|\n|player|p2|cynda3|lyra|\n|teamsize|p1|6\n|teamsize|p2|6\n|gen|9\n|tier|[Gen 9] National Dex Doubles\n|rule|HP Percentage Mod: HP is shown in percentages\n|rule|Endless Battle Clause: Forcing endless battles is banned\n|rule|OHKO Clause: OHKO moves are banned\n|rule|Evasion Moves Clause: Evasion moves are banned\n|rule|Evasion Abilities Clause: Evasion abilities are banned\n|rule|Species Clause: Limit one of each Pok\u00e9mon\n|rule|Gravity Sleep Clause: The combination of sleep-inducing moves with imperfect accuracy and Gravity or Gigantamax Orbeetle are banned\n|clearpoke\n|poke|p1|Cradily, M|\n|poke|p1|Whimsicott, F|\n|poke|p1|Decidueye, M|\n|poke|p1|Ferrothorn, F|\n|poke|p1|Sceptile, F|\n|poke|p1|Meowscarada, F|\n|poke|p2|Volcarona, F|\n|poke|p2|Araquanid, M|\n|poke|p2|Illumise, F|\n|poke|p2|Shuckle, M|\n|poke|p2|Pinsir, M|\n|poke|p2|Slither Wing|\n|teampreview\n|\n|t:|1698005478\n|start\n|switch|p1a: Whimsicott|Whimsicott, F|100\/100\n|switch|p1b: Decidueye|Decidueye, M|100\/100\n|switch|p2a: Thrickster|Illumise, F, shiny|100\/100\n|switch|p2b: Hey hola|Slither Wing|100\/100\n|turn|1\n|\n|t:|1698005500\n|move|p2b: Hey hola|First Impression|p1b: Decidueye\n|-enditem|p1b: Decidueye|Focus Sash\n|-damage|p1b: Decidueye|1\/100\n|move|p2a: Thrickster|Trick|p1a: Whimsicott\n|-activate|p2a: Thrickster|move: Trick|[of] p1a: Whimsicott\n|-item|p1a: Whimsicott|Choice Band|[from] move: Trick\n|-item|p2a: Thrickster|Leftovers|[from] move: Trick\n|move|p1a: Whimsicott|Toxic|p2b: Hey hola\n|-status|p2b: Hey hola|tox\n|move|p1b: Decidueye|Feather Dance|p2b: Hey hola\n|-unboost|p2b: Hey hola|atk|2\n|\n|-damage|p2b: Hey hola|94\/100 tox|[from] psn\n|upkeep\n|turn|2\n|\n|t:|1698005531\n|-end|p2b: Hey hola|Protosynthesis|[silent]\n|switch|p2b: Caracol|Shuckle, M, shiny|100\/100\n|move|p1b: Decidueye|Sucker Punch||[still]\n|-fail|p1b: Decidueye\n|move|p2a: Thrickster|Aromatherapy|p2a: Thrickster\n|-activate|p2a: Thrickster|move: Aromatherapy\n|-curestatus|p2: Hey hola|tox|[msg]\n|move|p1a: Whimsicott|Toxic|p2a: Thrickster\n|-status|p2a: Thrickster|tox\n|\n|-damage|p2a: Thrickster|95\/100 tox|[from] psn\n|upkeep\n|turn|3\n|\n|t:|1698005553\n|move|p2a: Thrickster|Thunder Wave|p1a: Whimsicott\n|-status|p1a: Whimsicott|par\n|move|p1b: Decidueye|Feather Dance|p2a: Thrickster\n|-unboost|p2a: Thrickster|atk|2\n|move|p1a: Whimsicott|Toxic|p2b: Caracol\n|-status|p2b: Caracol|tox\n|move|p2b: Caracol|Sticky Web|p1b: Decidueye\n|-sidestart|p1: MaaChACaHOmEr|move: Sticky Web\n|\n|-heal|p2a: Thrickster|100\/100 tox|[from] item: Leftovers\n|-damage|p2a: Thrickster|89\/100 tox|[from] psn\n|-damage|p2b: Caracol|94\/100 tox|[from] psn\n|upkeep\n|turn|4\n|\n|t:|1698005576\n|switch|p1a: Ferrothorn|Ferrothorn, F|100\/100\n|-activate|p1a: Ferrothorn|move: Sticky Web\n|-unboost|p1a: Ferrothorn|spe|1\n|move|p2a: Thrickster|Aromatherapy|p2a: Thrickster\n|-activate|p2a: Thrickster|move: Aromatherapy\n|-curestatus|p2a: Thrickster|tox|[msg]\n|-curestatus|p2b: Caracol|tox|[msg]\n|move|p1b: Decidueye|Feather Dance|p2a: Thrickster\n|-unboost|p2a: Thrickster|atk|2\n|move|p2b: Caracol|Infestation|p1b: Decidueye\n|-damage|p1b: Decidueye|0 fnt\n|faint|p1b: Decidueye\n|\n|-heal|p2a: Thrickster|95\/100|[from] item: Leftovers\n|-heal|p2b: Caracol|100\/100|[from] item: Leftovers\n|upkeep\n|\n|t:|1698005596\n|switch|p1b: Whimsicott|Whimsicott, F|100\/100 par\n|-activate|p1b: Whimsicott|move: Sticky Web\n|-unboost|p1b: Whimsicott|spe|1\n|turn|5\n|\n|t:|1698005609\n|move|p2a: Thrickster|Thunder Wave|p1a: Ferrothorn\n|-status|p1a: Ferrothorn|par\n|move|p1b: Whimsicott|Toxic||[still]\n|-fail|p1b: Whimsicott\n|move|p2b: Caracol|Infestation|p1b: Whimsicott\n|-damage|p1b: Whimsicott|99\/100 par\n|-activate|p1b: Whimsicott|move: Infestation|[of] p2b: Caracol\n|move|p1a: Ferrothorn|Leech Seed|p2b: Caracol\n|-start|p2b: Caracol|move: Leech Seed\n|\n|-heal|p2a: Thrickster|100\/100|[from] item: Leftovers\n|-damage|p2b: Caracol|88\/100|[from] Leech Seed|[of] p1a: Ferrothorn\n|-damage|p1b: Whimsicott|86\/100 par|[from] move: Infestation|[partiallytrapped]\n|upkeep\n|turn|6\n|\n|t:|1698005629\n|switch|p2b: Hey hola|Slither Wing|94\/100\n|move|p2a: Thrickster|Tailwind|p2a: Thrickster\n|-sidestart|p2: cynda3|move: Tailwind\n|move|p1b: Whimsicott|Toxic||[still]\n|-fail|p1b: Whimsicott\n|move|p1a: Ferrothorn|Leech Seed|p2a: Thrickster\n|-start|p2a: Thrickster|move: Leech Seed\n|\n|-damage|p2a: Thrickster|88\/100|[from] Leech Seed|[of] p1a: Ferrothorn\n|-end|p1b: Whimsicott|Infestation|[partiallytrapped]|[silent]\n|upkeep\n|turn|7\n|\n|t:|1698005657\n|switch|p2a: Caracol|Shuckle, M, shiny|88\/100\n|move|p2b: Hey hola|Close Combat|p1a: Ferrothorn\n|-supereffective|p1a: Ferrothorn\n|-damage|p1a: Ferrothorn|0 fnt\n|-unboost|p2b: Hey hola|def|1\n|-unboost|p2b: Hey hola|spd|1\n|faint|p1a: Ferrothorn\n|move|p1b: Whimsicott|Toxic|p2a: Caracol\n|-status|p2a: Caracol|tox\n|\n|-heal|p2a: Caracol|94\/100 tox|[from] item: Leftovers\n|-damage|p2a: Caracol|88\/100 tox|[from] psn\n|upkeep\n|\n|t:|1698005673\n|switch|p1a: Sceptile|Sceptile, F|100\/100\n|-activate|p1a: Sceptile|move: Sticky Web\n|-unboost|p1a: Sceptile|spe|1\n|turn|8\n|\n|t:|1698005697\n|move|p2b: Hey hola|Close Combat|p1a: Sceptile\n|-damage|p1a: Sceptile|0 fnt\n|-unboost|p2b: Hey hola|def|1\n|-unboost|p2b: Hey hola|spd|1\n|faint|p1a: Sceptile\n|move|p1b: Whimsicott|Toxic|p2b: Hey hola\n|-status|p2b: Hey hola|tox\n|move|p2a: Caracol|Infestation|p1b: Whimsicott\n|-damage|p1b: Whimsicott|84\/100 par\n|-activate|p1b: Whimsicott|move: Infestation|[of] p2a: Caracol\n|\n|-heal|p2a: Caracol|94\/100 tox|[from] item: Leftovers\n|-damage|p2b: Hey hola|88\/100 tox|[from] psn\n|-damage|p2a: Caracol|82\/100 tox|[from] psn\n|-damage|p1b: Whimsicott|72\/100 par|[from] move: Infestation|[partiallytrapped]\n|upkeep\n|\n|t:|1698005714\n|switch|p1a: Cradily|Cradily, M|100\/100\n|-activate|p1a: Cradily|move: Sticky Web\n|-unboost|p1a: Cradily|spe|1\n|turn|9\n|\n|t:|1698005727\n|switch|p2a: FIUMMMMMM|Pinsir, M|100\/100\n|move|p2b: Hey hola|Close Combat|p1a: Cradily\n|-supereffective|p1a: Cradily\n|-enditem|p1a: Cradily|Focus Sash\n|-damage|p1a: Cradily|1\/100\n|-unboost|p2b: Hey hola|def|1\n|-unboost|p2b: Hey hola|spd|1\n|move|p1b: Whimsicott|Toxic|p2b: Hey hola|[miss]\n|-miss|p1b: Whimsicott|p2b: Hey hola\n|move|p1a: Cradily|Ancient Power|p2b: Hey hola\n|-damage|p2b: Hey hola|33\/100 tox\n|\n|-damage|p2b: Hey hola|21\/100 tox|[from] psn\n|-end|p1b: Whimsicott|Infestation|[partiallytrapped]|[silent]\n|-sideend|p2: cynda3|move: Tailwind\n|upkeep\n|turn|10\n|\n|t:|1698005748\n|detailschange|p2a: FIUMMMMMM|Pinsir-Mega, M\n|-mega|p2a: FIUMMMMMM|Pinsir|Pinsirite\n|move|p2a: FIUMMMMMM|Return|p1b: Whimsicott\n|-supereffective|p1b: Whimsicott\n|-damage|p1b: Whimsicott|0 fnt\n|faint|p1b: Whimsicott\n|move|p2b: Hey hola|Close Combat|p1a: Cradily\n|-supereffective|p1a: Cradily\n|-damage|p1a: Cradily|0 fnt\n|-unboost|p2b: Hey hola|def|1\n|-unboost|p2b: Hey hola|spd|1\n|faint|p1a: Cradily\n|\n|-damage|p2b: Hey hola|3\/100 tox|[from] psn\n|upkeep\n|\n|t:|1698005770\n|switch|p1a: Meowscarada|Meowscarada, F|100\/100\n|-activate|p1a: Meowscarada|move: Sticky Web\n|-unboost|p1a: Meowscarada|spe|1\n|turn|11\n|\n|t:|1698005787\n|move|p2a: FIUMMMMMM|Quick Attack|p1a: Meowscarada\n|-supereffective|p1a: Meowscarada\n|-damage|p1a: Meowscarada|12\/100\n|move|p1a: Meowscarada|Sucker Punch|p2b: Hey hola\n|-start|p1a: Meowscarada|typechange|Dark|[from] ability: Protean\n|-resisted|p2b: Hey hola\n|-damage|p2b: Hey hola|0 fnt\n|faint|p2b: Hey hola\n|-end|p2b: Hey hola|Protosynthesis|[silent]\n|\n|upkeep\n|\n|t:|1698005804\n|switch|p2b: Ara\u00f1ita|Araquanid, M, shiny|100\/100\n|turn|12\n|\n|t:|1698005811\n|move|p2b: Ara\u00f1ita|Wide Guard|p2b: Ara\u00f1ita\n|-singleturn|p2b: Ara\u00f1ita|Wide Guard\n|move|p2a: FIUMMMMMM|Quick Attack|p1a: Meowscarada\n|-damage|p1a: Meowscarada|0 fnt\n|faint|p1a: Meowscarada\n|\n|win|cynda3\n|l|\u2606MaaChACaHOmEr\n","uploadtime":1698005887,"views":8,"p1id":"maachacahomer","p2id":"cynda3","formatid":"gen9nationaldexdoubles","rating":0,"private":0,"password":""}