{"id":"gen9nationaldexdoubles-1985266474","p1":"BlueSyer","p2":"Birdie-BBY","format":"[Gen 9] National Dex Doubles","log":"|j|\u2606BlueSyer\n|j|\u2606Birdie-BBY\n|t:|1699357606\n|gametype|doubles\n|player|p1|BlueSyer|veteran|1000\n|player|p2|Birdie-BBY|veteranf|1234\n|teamsize|p1|6\n|teamsize|p2|6\n|gen|9\n|tier|[Gen 9] National Dex Doubles\n|rated|\n|rule|HP Percentage Mod: HP is shown in percentages\n|rule|Endless Battle Clause: Forcing endless battles is banned\n|rule|OHKO Clause: OHKO moves are banned\n|rule|Evasion Moves Clause: Evasion moves are banned\n|rule|Evasion Abilities Clause: Evasion abilities are banned\n|rule|Species Clause: Limit one of each Pok\u00e9mon\n|rule|Gravity Sleep Clause: The combination of sleep-inducing moves with imperfect accuracy and Gravity or Gigantamax Orbeetle are banned\n|clearpoke\n|poke|p1|Feraligatr, M|\n|poke|p1|Espeon, F|\n|poke|p1|Mamoswine, M|\n|poke|p1|Ampharos, F|\n|poke|p1|Heracross, M|\n|poke|p1|Noctowl, M|\n|poke|p2|Darkrai|\n|poke|p2|Brute Bonnet|\n|poke|p2|Wo-Chien|\n|poke|p2|Obstagoon, M|\n|poke|p2|Guzzlord|\n|poke|p2|Absol, F|\n|teampreview\n|\n|t:|1699357654\n|start\n|switch|p1a: Mamoswine|Mamoswine, M|100\/100\n|switch|p1b: Noctowl|Noctowl, M|100\/100\n|switch|p2a: Darkrai|Darkrai|100\/100\n|switch|p2b: Brute Bonnet|Brute Bonnet|100\/100\n|-enditem|p2b: Brute Bonnet|Booster Energy\n|-activate|p2b: Brute Bonnet|ability: Protosynthesis|[fromitem]\n|-start|p2b: Brute Bonnet|protosynthesisatk\n|turn|1\n|\n|t:|1699357680\n|move|p2a: Darkrai|Nasty Plot|p2a: Darkrai\n|-boost|p2a: Darkrai|spa|2\n|move|p1b: Noctowl|Agility|p1b: Noctowl\n|-boost|p1b: Noctowl|spe|2\n|move|p1a: Mamoswine|Icicle Crash|p2b: Brute Bonnet\n|-supereffective|p2b: Brute Bonnet\n|-damage|p2b: Brute Bonnet|0 fnt\n|faint|p2b: Brute Bonnet\n|-end|p2b: Brute Bonnet|Protosynthesis|[silent]\n|-damage|p1a: Mamoswine|91\/100|[from] item: Life Orb\n|\n|upkeep\n|\n|t:|1699357695\n|switch|p2b: Guzzlord|Guzzlord|100\/100\n|turn|2\n|\n|t:|1699357709\n|-zpower|p1b: Noctowl\n|move|p1b: Noctowl|Supersonic Skystrike|p2a: Darkrai|[zeffect]\n|-damage|p2a: Darkrai|15\/100\n|move|p2a: Darkrai|Hypnosis|p1a: Mamoswine\n|-status|p1a: Mamoswine|slp|[from] move: Hypnosis\n|cant|p1a: Mamoswine|slp\n|move|p2b: Guzzlord|Stockpile|p2b: Guzzlord\n|-start|p2b: Guzzlord|stockpile1\n|-boost|p2b: Guzzlord|def|1\n|-boost|p2b: Guzzlord|spd|1\n|\n|-damage|p1a: Mamoswine|78\/100 slp|[from] ability: Bad Dreams|[of] p2a: Darkrai\n|upkeep\n|turn|3\n|\n|t:|1699357740\n|move|p1b: Noctowl|Hurricane|p2a: Darkrai|[miss]\n|-miss|p1b: Noctowl|p2a: Darkrai\n|move|p2a: Darkrai|Dream Eater|p1a: Mamoswine\n|-damage|p1a: Mamoswine|0 fnt\n|-heal|p2a: Darkrai|56\/100|[from] drain|[of] p1a: Mamoswine\n|faint|p1a: Mamoswine\n|move|p2b: Guzzlord|Stockpile|p2b: Guzzlord\n|-start|p2b: Guzzlord|stockpile2\n|-boost|p2b: Guzzlord|def|1\n|-boost|p2b: Guzzlord|spd|1\n|\n|upkeep\n|\n|t:|1699357783\n|switch|p1a: Feraligatr|Feraligatr, M|100\/100\n|turn|4\n|\n|t:|1699357801\n|move|p1b: Noctowl|Nasty Plot|p1b: Noctowl\n|-boost|p1b: Noctowl|spa|2\n|move|p2a: Darkrai|Hypnosis|p1b: Noctowl\n|-status|p1b: Noctowl|slp|[from] move: Hypnosis\n|move|p1a: Feraligatr|Dragon Dance|p1a: Feraligatr\n|-boost|p1a: Feraligatr|atk|1\n|-boost|p1a: Feraligatr|spe|1\n|move|p2b: Guzzlord|Stockpile|p2b: Guzzlord\n|-start|p2b: Guzzlord|stockpile3\n|-boost|p2b: Guzzlord|def|1\n|-boost|p2b: Guzzlord|spd|1\n|\n|-damage|p1b: Noctowl|88\/100 slp|[from] ability: Bad Dreams|[of] p2a: Darkrai\n|upkeep\n|turn|5\n|\n|t:|1699357857\n|cant|p1b: Noctowl|slp\n|move|p1a: Feraligatr|Liquidation|p2a: Darkrai\n|-damage|p2a: Darkrai|0 fnt\n|faint|p2a: Darkrai\n|move|p2b: Guzzlord|Heat Crash|p1b: Noctowl\n|-damage|p1b: Noctowl|37\/100 slp\n|\n|upkeep\n|\n|t:|1699357867\n|switch|p2a: Absol|Absol, F|100\/100\n|turn|6\n|\n|t:|1699357892\n|detailschange|p2a: Absol|Absol-Mega, F\n|-mega|p2a: Absol|Absol|Absolite\n|-terastallize|p1a: Feraligatr|Ice\n|-curestatus|p1b: Noctowl|slp|[msg]\n|move|p1b: Noctowl|Hurricane|p2b: Guzzlord\n|-damage|p2b: Guzzlord|76\/100\n|move|p1a: Feraligatr|Ice Punch|p2b: Guzzlord\n|-supereffective|p2b: Guzzlord\n|-damage|p2b: Guzzlord|24\/100\n|-damage|p1a: Feraligatr|84\/100|[from] item: Rocky Helmet|[of] p2b: Guzzlord\n|move|p2a: Absol|Hone Claws|p2a: Absol\n|-boost|p2a: Absol|atk|1\n|-boost|p2a: Absol|accuracy|1\n|move|p2b: Guzzlord|Heat Crash|p1b: Noctowl\n|-damage|p1b: Noctowl|0 fnt\n|faint|p1b: Noctowl\n|-ability|p2b: Guzzlord|Beast Boost|boost\n|-boost|p2b: Guzzlord|atk|1\n|\n|upkeep\n|\n|t:|1699357919\n|switch|p1b: Heracross|Heracross, M|100\/100\n|turn|7\n|\n|t:|1699357940\n|-terastallize|p2b: Guzzlord|Fire\n|move|p1b: Heracross|Megahorn|p2a: Absol\n|-supereffective|p2a: Absol\n|-damage|p2a: Absol|0 fnt\n|faint|p2a: Absol\n|-ability|p1b: Heracross|Moxie|boost\n|-boost|p1b: Heracross|atk|1\n|move|p1a: Feraligatr|Ice Punch|p2b: Guzzlord\n|-resisted|p2b: Guzzlord\n|-damage|p2b: Guzzlord|11\/100\n|-damage|p1a: Feraligatr|68\/100|[from] item: Rocky Helmet|[of] p2b: Guzzlord\n|move|p2b: Guzzlord|Heat Crash|p1a: Feraligatr\n|-supereffective|p1a: Feraligatr\n|-crit|p1a: Feraligatr\n|-damage|p1a: Feraligatr|0 fnt\n|faint|p1a: Feraligatr\n|-ability|p2b: Guzzlord|Beast Boost|boost\n|-boost|p2b: Guzzlord|atk|1\n|\n|upkeep\n|\n|t:|1699357961\n|switch|p2a: Obstagoon|Obstagoon, M|100\/100\n|switch|p1a: Espeon|Espeon, F|100\/100\n|turn|8\n|\n|t:|1699357986\n|move|p1b: Heracross|Megahorn|p2a: Obstagoon\n|-supereffective|p2a: Obstagoon\n|-damage|p2a: Obstagoon|0 fnt\n|faint|p2a: Obstagoon\n|-ability|p1b: Heracross|Moxie|boost\n|-boost|p1b: Heracross|atk|1\n|move|p1a: Espeon|Psychic|p2b: Guzzlord\n|-damage|p2b: Guzzlord|0 fnt\n|faint|p2b: Guzzlord\n|\n|upkeep\n|\n|t:|1699357999\n|switch|p2b: Wo-Chien|Wo-Chien|100\/100\n|-ability|p2b: Wo-Chien|Tablets of Ruin\n|turn|9\n|-message|Birdie-BBY forfeited.\n|\n|win|BlueSyer\n|raw|BlueSyer's rating: 1000 &rarr; <strong>1063<\/strong><br \/>(+63 for winning)\n|raw|Birdie-BBY's rating: 1234 &rarr; <strong>1194<\/strong><br \/>(-40 for losing)\n|l|\u2606Birdie-BBY\n","uploadtime":1699358024,"views":5,"p1id":"bluesyer","p2id":"birdiebby","formatid":"gen9nationaldexdoubles","rating":1063,"private":0,"password":""}