{"id":"gen9nationaldexdoubles-1955835957","p1":"Joel Leepine","p2":"Mistol","format":"[Gen 9] National Dex Doubles","log":"|j|\u2606Joel Leepine\n|j|\u2606Mistol\n|t:|1696033177\n|gametype|doubles\n|player|p1|Joel Leepine|102|\n|player|p2|Mistol|scientist-gen4|\n|teamsize|p1|6\n|teamsize|p2|6\n|gen|9\n|tier|[Gen 9] National Dex Doubles\n|rule|HP Percentage Mod: HP is shown in percentages\n|rule|Endless Battle Clause: Forcing endless battles is banned\n|rule|OHKO Clause: OHKO moves are banned\n|rule|Evasion Moves Clause: Evasion moves are banned\n|rule|Evasion Abilities Clause: Evasion abilities are banned\n|rule|Species Clause: Limit one of each Pok\u00e9mon\n|rule|Gravity Sleep Clause: The combination of sleep-inducing moves with imperfect accuracy and Gravity or Gigantamax Orbeetle are banned\n|clearpoke\n|poke|p1|Togekiss, M|\n|poke|p1|Miltank, F|\n|poke|p1|Delphox, M|\n|poke|p1|Lilligant-Hisui, F|\n|poke|p1|Muk-Alola, F|\n|poke|p1|Politoed, F|\n|poke|p2|Clefable, F|\n|poke|p2|Gardevoir, F|\n|poke|p2|Polteageist|\n|poke|p2|Ludicolo, M|\n|poke|p2|Illumise, F|\n|poke|p2|Wigglytuff, M|\n|teampreview\n|j| KillerCage2\n|j| Beagles725\n|j| PatrickMatrix\n|\n|t:|1696033205\n|start\n|switch|p1a: Togekiss|Togekiss, M|100\/100\n|switch|p1b: Miltank|Miltank, F|100\/100\n|switch|p2a: Dud|Illumise, F|100\/100\n|switch|p2b: Seraphim|Gardevoir, F|100\/100\n|-ability|p2b: Seraphim|Scrappy|[from] ability: Trace|[of] p1b: Miltank\n|turn|1\n|\n|t:|1696033216\n|move|p1b: Miltank|Metronome|p1b: Miltank\n|move|p1b: Miltank|Acid|p2a: Dud|[from]move: Metronome|[spread] p2a,p2b\n|-crit|p2a: Dud\n|-supereffective|p2b: Seraphim\n|-damage|p2a: Dud|95\/100\n|-damage|p2b: Seraphim|95\/100\n|move|p2b: Seraphim|Metronome|p2b: Seraphim\n|move|p2b: Seraphim|No Retreat|p2b: Seraphim|[from]move: Metronome\n|-boost|p2b: Seraphim|atk|1\n|-boost|p2b: Seraphim|def|1\n|-boost|p2b: Seraphim|spa|1\n|-boost|p2b: Seraphim|spd|1\n|-boost|p2b: Seraphim|spe|1\n|-start|p2b: Seraphim|move: No Retreat\n|move|p1a: Togekiss|Metronome|p1a: Togekiss\n|move|p1a: Togekiss|Mean Look|p2b: Seraphim|[from]move: Metronome\n|-activate|p2b: Seraphim|trapped\n|move|p2a: Dud|Metronome|p2a: Dud\n|move|p2a: Dud|Shadow Sneak|p1a: Togekiss|[from]move: Metronome\n|-damage|p1a: Togekiss|95\/100\n|\n|upkeep\n|turn|2\n|\n|t:|1696033236\n|move|p2b: Seraphim|Metronome|p2b: Seraphim\n|move|p2b: Seraphim|Thunder|p1a: Togekiss|[from]move: Metronome|[miss]\n|-miss|p2b: Seraphim|p1a: Togekiss\n|move|p1b: Miltank|Metronome|p1b: Miltank\n|move|p1b: Miltank|Rising Voltage|p2b: Seraphim|[from]move: Metronome\n|-damage|p2b: Seraphim|91\/100\n|move|p1a: Togekiss|Metronome|p1a: Togekiss\n|move|p1a: Togekiss|Foul Play|p2b: Seraphim|[from]move: Metronome\n|-damage|p2b: Seraphim|72\/100\n|move|p2a: Dud|Metronome|p2a: Dud\n|move|p2a: Dud|Mountain Gale|p1b: Miltank|[from]move: Metronome\n|-damage|p1b: Miltank|89\/100\n|\n|upkeep\n|turn|3\n|\n|t:|1696033251\n|move|p2b: Seraphim|Metronome|p2b: Seraphim\n|move|p2b: Seraphim|Sludge|p1a: Togekiss|[from]move: Metronome\n|-supereffective|p1a: Togekiss\n|-damage|p1a: Togekiss|35\/100\n|-status|p1a: Togekiss|psn\n|move|p1b: Miltank|Metronome|p1b: Miltank\n|move|p1b: Miltank|Thunder Fang|p2a: Dud|[from]move: Metronome\n|-damage|p2a: Dud|77\/100\n|move|p1a: Togekiss|Metronome|p1a: Togekiss\n|move|p1a: Togekiss|Rollout|p2a: Dud|[from]move: Metronome\n|-supereffective|p2a: Dud\n|-damage|p2a: Dud|68\/100\n|move|p2a: Dud|Metronome|p2a: Dud\n|move|p2a: Dud|Flail|p1a: Togekiss|[from]move: Metronome\n|-damage|p1a: Togekiss|30\/100 psn\n|\n|-damage|p1a: Togekiss|18\/100 psn|[from] psn\n|upkeep\n|turn|4\n|\n|t:|1696033267\n|move|p2b: Seraphim|Metronome|p2b: Seraphim\n|move|p2b: Seraphim|Dark Void|p1b: Miltank|[from]move: Metronome\n|-fail|p2b: Seraphim|move: Dark Void\n|-hint|Only a Pokemon whose form is Darkrai can use this move.\n|move|p1b: Miltank|Metronome|p1b: Miltank\n|move|p1b: Miltank|Overheat|p2a: Dud|[from]move: Metronome\n|-supereffective|p2a: Dud\n|-damage|p2a: Dud|43\/100\n|-unboost|p1b: Miltank|spa|2\n|move|p1a: Togekiss|Rollout|p2a: Dud|[from]lockedmove\n|-supereffective|p2a: Dud\n|-damage|p2a: Dud|25\/100\n|move|p2a: Dud|Metronome|p2a: Dud\n|move|p2a: Dud|Hold Back|p1a: Togekiss|[from]move: Metronome\n|-damage|p1a: Togekiss|13\/100 psn\n|\n|-damage|p1a: Togekiss|1\/100 psn|[from] psn\n|upkeep\n|turn|5\n|\n|t:|1696033288\n|switch|p1b: Politoed|Politoed, F|100\/100\n|switch|p2a: T|Polteageist|100\/100\n|move|p2b: Seraphim|Metronome|p2b: Seraphim\n|move|p2b: Seraphim|Sandsear Storm|p1b: Politoed|[from]move: Metronome|[spread] p1b\n|-immune|p1a: Togekiss\n|-damage|p1b: Politoed|67\/100\n|move|p1a: Togekiss|Rollout|p2b: Seraphim|[from]lockedmove\n|-damage|p2b: Seraphim|59\/100\n|\n|-damage|p1a: Togekiss|0 fnt|[from] psn\n|faint|p1a: Togekiss\n|upkeep\n|\n|t:|1696033303\n|switch|p1a: Miltank|Miltank, F|89\/100\n|turn|6\n|\n|t:|1696033306\n|move|p2b: Seraphim|Metronome|p2b: Seraphim\n|move|p2b: Seraphim|Freeze-Dry|p1b: Politoed|[from]move: Metronome\n|-supereffective|p1b: Politoed\n|-damage|p1b: Politoed|6\/100\n|move|p2a: T|Metronome|p2a: T\n|move|p2a: T|Fake Tears|p1b: Politoed|[from]move: Metronome\n|-unboost|p1b: Politoed|spd|2\n|move|p1a: Miltank|Metronome|p1a: Miltank\n|move|p1a: Miltank|Psychic Fangs|p2a: T|[from]move: Metronome\n|-damage|p2a: T|74\/100\n|-ability|p2a: T|Weak Armor|boost\n|-unboost|p2a: T|def|1\n|-boost|p2a: T|spe|2\n|move|p1b: Politoed|Metronome|p1b: Politoed\n|move|p1b: Politoed|Clanging Scales|p2b: Seraphim|[from]move: Metronome|[spread] p2a\n|-immune|p2b: Seraphim\n|-damage|p2a: T|49\/100\n|-unboost|p1b: Politoed|def|1\n|\n|upkeep\n|turn|7\n|\n|t:|1696033324\n|move|p2a: T|Metronome|p2a: T\n|move|p2a: T|Flail|p1b: Politoed|[from]move: Metronome\n|-damage|p1b: Politoed|0 fnt\n|faint|p1b: Politoed\n|move|p2b: Seraphim|Metronome|p2b: Seraphim\n|move|p2b: Seraphim|Jaw Lock|p1a: Miltank|[from]move: Metronome\n|-damage|p1a: Miltank|73\/100\n|-activate|p2b: Seraphim|trapped\n|-activate|p1a: Miltank|trapped\n|move|p1a: Miltank|Metronome|p1a: Miltank\n|move|p1a: Miltank|Lunge|p2a: T|[from]move: Metronome\n|-resisted|p2a: T\n|-damage|p2a: T|29\/100\n|-unboost|p2a: T|atk|1\n|-ability|p2a: T|Weak Armor|boost\n|-unboost|p2a: T|def|1\n|-boost|p2a: T|spe|2\n|\n|upkeep\n|\n|t:|1696033343\n|switch|p1b: Lilligant|Lilligant-Hisui, F|100\/100\n|turn|8\n|\n|t:|1696033347\n|move|p2a: T|Metronome|p2a: T\n|move|p2a: T|Barb Barrage|p1a: Miltank|[from]move: Metronome\n|-damage|p1a: Miltank|68\/100\n|move|p2b: Seraphim|Metronome|p2b: Seraphim\n|move|p2b: Seraphim|Sand Tomb|p1a: Miltank|[from]move: Metronome\n|-damage|p1a: Miltank|61\/100\n|-activate|p1a: Miltank|move: Sand Tomb|[of] p2b: Seraphim\n|move|p1b: Lilligant|Metronome|p1b: Lilligant\n|move|p1b: Lilligant|Torch Song|p2b: Seraphim|[from]move: Metronome\n|-damage|p2b: Seraphim|54\/100\n|-boost|p1b: Lilligant|spa|1\n|move|p1a: Miltank|Metronome|p1a: Miltank\n|move|p1a: Miltank|Poison Tail|p2a: T|[from]move: Metronome\n|-resisted|p2a: T\n|-damage|p2a: T|13\/100\n|-ability|p2a: T|Weak Armor|boost\n|-unboost|p2a: T|def|1\n|-boost|p2a: T|spe|2\n|\n|-damage|p1a: Miltank|49\/100|[from] move: Sand Tomb|[partiallytrapped]\n|upkeep\n|turn|9\n|\n|t:|1696033366\n|move|p2a: T|Metronome|p2a: T\n|move|p2a: T|Infernal Parade|p1a: Miltank|[from]move: Metronome\n|-immune|p1a: Miltank\n|move|p2b: Seraphim|Metronome|p2b: Seraphim\n|move|p2b: Seraphim|Cotton Guard|p2b: Seraphim|[from]move: Metronome\n|-boost|p2b: Seraphim|def|3\n|move|p1b: Lilligant|Metronome|p1b: Lilligant\n|move|p1b: Lilligant|Mega Kick|p2b: Seraphim|[from]move: Metronome|[miss]\n|-miss|p1b: Lilligant|p2b: Seraphim\n|move|p1a: Miltank|Metronome|p1a: Miltank\n|move|p1a: Miltank|Lumina Crash|p2b: Seraphim|[from]move: Metronome\n|-resisted|p2b: Seraphim\n|-damage|p2b: Seraphim|51\/100\n|-unboost|p2b: Seraphim|spd|2\n|\n|-damage|p1a: Miltank|36\/100|[from] move: Sand Tomb|[partiallytrapped]\n|upkeep\n|turn|10\n|\n|t:|1696033383\n|move|p2a: T|Metronome|p2a: T\n|move|p2a: T|Surf|p1b: Lilligant|[from]move: Metronome|[spread] p2b,p1a,p1b\n|-resisted|p1b: Lilligant\n|-damage|p2b: Seraphim|28\/100\n|-damage|p1a: Miltank|15\/100\n|-damage|p1b: Lilligant|89\/100\n|move|p2b: Seraphim|Metronome|p2b: Seraphim\n|move|p2b: Seraphim|Aura Sphere|p1b: Lilligant|[from]move: Metronome\n|-damage|p1b: Lilligant|43\/100\n|move|p1b: Lilligant|Metronome|p1b: Lilligant\n|move|p1b: Lilligant|Play Nice|p2b: Seraphim|[from]move: Metronome\n|-unboost|p2b: Seraphim|atk|1\n|move|p1a: Miltank|Metronome|p1a: Miltank\n|move|p1a: Miltank|Synthesis|p1a: Miltank|[from]move: Metronome\n|-heal|p1a: Miltank|65\/100\n|\n|-damage|p1a: Miltank|53\/100|[from] move: Sand Tomb|[partiallytrapped]\n|upkeep\n|turn|11\n|\n|t:|1696033398\n|move|p2a: T|Metronome|p2a: T\n|move|p2a: T|Wild Charge|p1a: Miltank|[from]move: Metronome\n|-damage|p1a: Miltank|45\/100\n|-damage|p2a: T|10\/100|[from] Recoil\n|move|p2b: Seraphim|Metronome|p2b: Seraphim\n|move|p2b: Seraphim|Magical Leaf|p1a: Miltank|[from]move: Metronome\n|-damage|p1a: Miltank|13\/100\n|move|p1b: Lilligant|Metronome|p1b: Lilligant\n|move|p1b: Lilligant|Happy Hour|p1b: Lilligant|[from]move: Metronome\n|move|p1a: Miltank|Metronome|p1a: Miltank\n|move|p1a: Miltank|Headlong Rush|p2a: T|[from]move: Metronome\n|-damage|p2a: T|0 fnt\n|-unboost|p1a: Miltank|def|1\n|-unboost|p1a: Miltank|spd|1\n|faint|p2a: T\n|\n|-damage|p1a: Miltank|1\/100|[from] move: Sand Tomb|[partiallytrapped]\n|upkeep\n|\n|t:|1696033416\n|switch|p2a: Wigglytuff|Wigglytuff, M|100\/100\n|turn|12\n|\n|t:|1696033420\n|move|p2b: Seraphim|Metronome|p2b: Seraphim\n|move|p2b: Seraphim|Fell Stinger|p1b: Lilligant|[from]move: Metronome\n|-damage|p1b: Lilligant|34\/100\n|move|p1b: Lilligant|Metronome|p1b: Lilligant\n|move|p1b: Lilligant|Lock-On|p2b: Seraphim|[from]move: Metronome\n|-activate|p1b: Lilligant|move: Lock-On|[of] p2b: Seraphim\n|move|p1a: Miltank|Metronome|p1a: Miltank\n|move|p1a: Miltank|Roost|p1a: Miltank|[from]move: Metronome\n|-heal|p1a: Miltank|51\/100\n|-singleturn|p1a: Miltank|move: Roost\n|move|p2a: Wigglytuff|Metronome|p2a: Wigglytuff\n|move|p2a: Wigglytuff|Rock Slide|p1b: Lilligant|[from]move: Metronome|[spread] p1a\n|-miss|p2a: Wigglytuff|p1b: Lilligant\n|-damage|p1a: Miltank|38\/100\n|\n|-damage|p1a: Miltank|26\/100|[from] move: Sand Tomb|[partiallytrapped]\n|upkeep\n|turn|13\n|\n|t:|1696033434\n|move|p2b: Seraphim|Metronome|p2b: Seraphim\n|move|p2b: Seraphim|Ice Fang|p1a: Miltank|[from]move: Metronome\n|-damage|p1a: Miltank|12\/100\n|-status|p1a: Miltank|frz\n|move|p1b: Lilligant|Metronome|p1b: Lilligant\n|move|p1b: Lilligant|Phantom Force||[from]move: Metronome|[still]\n|-prepare|p1b: Lilligant|Phantom Force\n|cant|p1a: Miltank|frz\n|move|p2a: Wigglytuff|Metronome|p2a: Wigglytuff\n|move|p2a: Wigglytuff|Block|p1b: Lilligant|[from]move: Metronome|[miss]\n|-miss|p2a: Wigglytuff|p1b: Lilligant\n|\n|-end|p1a: Miltank|Sand Tomb|[partiallytrapped]\n|upkeep\n|turn|14\n|\n|t:|1696033450\n|move|p2b: Seraphim|Metronome|p2b: Seraphim\n|move|p2b: Seraphim|Dragon Rush|p1a: Miltank|[from]move: Metronome\n|-damage|p1a: Miltank|0 fnt\n|faint|p1a: Miltank\n|move|p1b: Lilligant|Phantom Force|p2a: Wigglytuff|[from]lockedmove\n|-immune|p2a: Wigglytuff\n|move|p2a: Wigglytuff|Metronome|p2a: Wigglytuff\n|move|p2a: Wigglytuff|Charge|p2a: Wigglytuff|[from]move: Metronome\n|-boost|p2a: Wigglytuff|spd|1\n|-start|p2a: Wigglytuff|Charge\n|\n|upkeep\n|\n|t:|1696033461\n|switch|p1a: Muk|Muk-Alola, F|100\/100\n|turn|15\n|\n|t:|1696033464\n|move|p2b: Seraphim|Metronome|p2b: Seraphim\n|move|p2b: Seraphim|Pollen Puff|p1b: Lilligant|[from]move: Metronome\n|-damage|p1b: Lilligant|0 fnt\n|faint|p1b: Lilligant\n|move|p1a: Muk|Metronome|p1a: Muk\n|move|p1a: Muk|Double Hit|p2b: Seraphim|[from]move: Metronome\n|-damage|p2b: Seraphim|23\/100\n|-damage|p2b: Seraphim|18\/100\n|-hitcount|p2b: Seraphim|2\n|move|p2a: Wigglytuff|Metronome|p2a: Wigglytuff\n|move|p2a: Wigglytuff|Psych Up|p1a: Muk|[from]move: Metronome\n|-copyboost|p2a: Wigglytuff|p1a: Muk|[from] move: Psych Up\n|\n|upkeep\n|\n|t:|1696033477\n|switch|p1b: Delphox|Delphox, M|100\/100\n|turn|16\n|\n|t:|1696033481\n|move|p2b: Seraphim|Metronome|p2b: Seraphim\n|move|p2b: Seraphim|Low Kick|p1b: Delphox|[from]move: Metronome\n|-resisted|p1b: Delphox\n|-damage|p1b: Delphox|96\/100\n|-enditem|p2b: Seraphim|Leppa Berry|[eat]\n|-activate|p2b: Seraphim|item: Leppa Berry|Metronome|[consumed]\n|move|p1b: Delphox|Metronome|p1b: Delphox\n|move|p1b: Delphox|Magma Storm|p2b: Seraphim|[from]move: Metronome\n|-damage|p2b: Seraphim|0 fnt\n|faint|p2b: Seraphim\n|move|p1a: Muk|Metronome|p1a: Muk\n|move|p1a: Muk|Swift|p2a: Wigglytuff|[from]move: Metronome\n|-damage|p2a: Wigglytuff|92\/100\n|move|p2a: Wigglytuff|Metronome|p2a: Wigglytuff\n|move|p2a: Wigglytuff|Pound|p1b: Delphox|[from]move: Metronome\n|-damage|p1b: Delphox|85\/100\n|\n|upkeep\n|\n|t:|1696033498\n|switch|p2b: Luna|Clefable, F|100\/100\n|turn|17\n|\n|t:|1696033502\n|move|p1b: Delphox|Metronome|p1b: Delphox\n|move|p1b: Delphox|Poltergeist|p2b: Luna|[from]move: Metronome\n|-activate|p2b: Luna|move: Poltergeist|Leppa Berry\n|-damage|p2b: Luna|84\/100\n|move|p2b: Luna|Metronome|p2b: Luna\n|move|p2b: Luna|Sucker Punch||[from]move: Metronome|[still]\n|-fail|p2b: Luna\n|move|p1a: Muk|Metronome|p1a: Muk\n|move|p1a: Muk|Zap Cannon|p2a: Wigglytuff|[from]move: Metronome|[miss]\n|-miss|p1a: Muk|p2a: Wigglytuff\n|move|p2a: Wigglytuff|Metronome|p2a: Wigglytuff\n|move|p2a: Wigglytuff|Rollout|p1a: Muk|[from]move: Metronome\n|-damage|p1a: Muk|96\/100\n|\n|upkeep\n|turn|18\n|\n|t:|1696033515\n|move|p1b: Delphox|Metronome|p1b: Delphox\n|move|p1b: Delphox|Aerial Ace|p2b: Luna|[from]move: Metronome\n|-damage|p2b: Luna|76\/100\n|move|p2b: Luna|Metronome|p2b: Luna\n|move|p2b: Luna|Arm Thrust|p1b: Delphox|[from]move: Metronome\n|-resisted|p1b: Delphox\n|-damage|p1b: Delphox|84\/100\n|-resisted|p1b: Delphox\n|-damage|p1b: Delphox|82\/100\n|-hitcount|p1b: Delphox|2\n|move|p1a: Muk|Metronome|p1a: Muk\n|move|p1a: Muk|Shock Wave|p2a: Wigglytuff|[from]move: Metronome\n|-damage|p2a: Wigglytuff|83\/100\n|move|p2a: Wigglytuff|Rollout|p1a: Muk|[from]lockedmove\n|-damage|p1a: Muk|87\/100\n|\n|upkeep\n|turn|19\n|\n|t:|1696033530\n|move|p1b: Delphox|Metronome|p1b: Delphox\n|move|p1b: Delphox|Ivy Cudgel|p2a: Wigglytuff|[from]move: Metronome\n|-damage|p2a: Wigglytuff|68\/100\n|move|p2b: Luna|Metronome|p2b: Luna\n|move|p2b: Luna|Magic Powder|p1a: Muk|[from]move: Metronome\n|-start|p1a: Muk|typechange|Psychic\n|move|p1a: Muk|Metronome|p1a: Muk\n|move|p1a: Muk|Razor Shell|p2b: Luna|[from]move: Metronome\n|-damage|p2b: Luna|54\/100\n|move|p2a: Wigglytuff|Rollout|p1a: Muk|[from]lockedmove\n|-damage|p1a: Muk|69\/100\n|\n|upkeep\n|turn|20\n|\n|t:|1696033542\n|move|p1b: Delphox|Metronome|p1b: Delphox\n|move|p1b: Delphox|Grass Pledge|p2b: Luna|[from]move: Metronome\n|-crit|p2b: Luna\n|-damage|p2b: Luna|27\/100\n|move|p2b: Luna|Metronome|p2b: Luna\n|move|p2b: Luna|Screech|p1a: Muk|[from]move: Metronome\n|-unboost|p1a: Muk|def|2\n|move|p1a: Muk|Metronome|p1a: Muk\n|move|p1a: Muk|Acrobatics|p2a: Wigglytuff|[from]move: Metronome\n|-damage|p2a: Wigglytuff|49\/100\n|-status|p2a: Wigglytuff|psn|[from] ability: Poison Touch|[of] p1a: Muk\n|move|p2a: Wigglytuff|Rollout|p1a: Muk|[from]lockedmove\n|-damage|p1a: Muk|0 fnt\n|faint|p1a: Muk\n|\n|-damage|p2a: Wigglytuff|37\/100 psn|[from] psn\n|upkeep\n|turn|21\n|\n|t:|1696033558\n|move|p1b: Delphox|Metronome|p1b: Delphox\n|move|p1b: Delphox|Water Pledge|p2a: Wigglytuff|[from]move: Metronome\n|-damage|p2a: Wigglytuff|16\/100 psn\n|move|p2b: Luna|Metronome|p2b: Luna\n|move|p2b: Luna|Psychic|p1b: Delphox|[from]move: Metronome\n|-resisted|p1b: Delphox\n|-damage|p1b: Delphox|73\/100\n|move|p2a: Wigglytuff|Rollout|p1b: Delphox|[from]lockedmove\n|-supereffective|p1b: Delphox\n|-damage|p1b: Delphox|0 fnt\n|faint|p1b: Delphox\n|\n|win|Mistol\n|l|\u2606Joel Leepine\n|l|\u2606Mistol\n|l| Beagles725\n","uploadtime":1696033571,"views":14,"p1id":"joelleepine","p2id":"mistol","formatid":"gen9nationaldexdoubles","rating":0,"private":0,"password":""}