{"id":"gen9nationaldexdoubles-1996291680","p1":"Saywha413","p2":"Red_Ice_Games","format":"[Gen 9] National Dex Doubles","log":"|j|\u2606Saywha413\n|j|\u2606Red_Ice_Games\n|t:|1700668135\n|gametype|doubles\n|player|p1|Saywha413|hugh|1221\n|player|p2|Red_Ice_Games|psychic|1159\n|teamsize|p1|6\n|teamsize|p2|6\n|gen|9\n|tier|[Gen 9] National Dex Doubles\n|rated|\n|rule|HP Percentage Mod: HP is shown in percentages\n|rule|Endless Battle Clause: Forcing endless battles is banned\n|rule|OHKO Clause: OHKO moves are banned\n|rule|Evasion Moves Clause: Evasion moves are banned\n|rule|Evasion Abilities Clause: Evasion abilities are banned\n|rule|Species Clause: Limit one of each Pok\u00e9mon\n|rule|Gravity Sleep Clause: The combination of sleep-inducing moves with imperfect accuracy and Gravity or Gigantamax Orbeetle are banned\n|clearpoke\n|poke|p1|Bouffalant, M|\n|poke|p1|Eelektross, M|\n|poke|p1|Flygon, M|\n|poke|p1|Serperior, F|\n|poke|p1|Salamence, F|\n|poke|p1|Arcanine, F|\n|poke|p2|Roaring Moon|\n|poke|p2|Iron Valiant|\n|poke|p2|Chien-Pao|\n|poke|p2|Ninjask, M|\n|poke|p2|Shiftry, M|\n|poke|p2|Espeon, F|\n|teampreview\n|\n|t:|1700668158\n|start\n|switch|p1a: Bouffalant|Bouffalant, M|100\/100\n|switch|p1b: Eelektross|Eelektross, M|100\/100\n|switch|p2a: Chien-Pao|Chien-Pao|100\/100\n|switch|p2b: Roaring Moon|Roaring Moon, shiny|100\/100\n|-ability|p2a: Chien-Pao|Sword of Ruin\n|-enditem|p2b: Roaring Moon|Booster Energy\n|-activate|p2b: Roaring Moon|ability: Protosynthesis|[fromitem]\n|-start|p2b: Roaring Moon|protosynthesisatk\n|turn|1\n|inactive|Battle timer is ON: inactive players will automatically lose when time's up. (requested by Red_Ice_Games)\n|\n|t:|1700668180\n|move|p2a: Chien-Pao|Sacred Sword|p1a: Bouffalant\n|-supereffective|p1a: Bouffalant\n|-damage|p1a: Bouffalant|20\/100\n|move|p2b: Roaring Moon|Dragon Dance|p2b: Roaring Moon\n|-boost|p2b: Roaring Moon|atk|1\n|-boost|p2b: Roaring Moon|spe|1\n|move|p1a: Bouffalant|Head Charge|p2b: Roaring Moon\n|-damage|p2b: Roaring Moon|0 fnt\n|faint|p2b: Roaring Moon\n|-end|p2b: Roaring Moon|Protosynthesis|[silent]\n|-damage|p1a: Bouffalant|0 fnt|[from] Recoil\n|faint|p1a: Bouffalant\n|move|p1b: Eelektross|Flamethrower|p2a: Chien-Pao\n|-supereffective|p2a: Chien-Pao\n|-enditem|p2a: Chien-Pao|Focus Sash\n|-damage|p2a: Chien-Pao|1\/100\n|\n|upkeep\n|\n|t:|1700668196\n|switch|p2b: Iron Valiant|Iron Valiant|100\/100\n|switch|p1a: Arcanine|Arcanine, F|100\/100\n|-ability|p1a: Arcanine|Intimidate|boost\n|-unboost|p2a: Chien-Pao|atk|1\n|-unboost|p2b: Iron Valiant|atk|1\n|turn|2\n|\n|t:|1700668210\n|move|p1a: Arcanine|Extreme Speed|p2a: Chien-Pao\n|-damage|p2a: Chien-Pao|0 fnt\n|faint|p2a: Chien-Pao\n|move|p2b: Iron Valiant|Swords Dance|p2b: Iron Valiant\n|-boost|p2b: Iron Valiant|atk|2\n|move|p1b: Eelektross|Thunderbolt|p2b: Iron Valiant\n|-damage|p2b: Iron Valiant|27\/100\n|\n|upkeep\n|\n|t:|1700668214\n|switch|p2a: Espeon|Espeon, F|100\/100\n|turn|3\n|\n|t:|1700668224\n|move|p2b: Iron Valiant|Spirit Break|p1b: Eelektross\n|-damage|p1b: Eelektross|32\/100\n|-unboost|p1b: Eelektross|spa|1\n|move|p2a: Espeon|Yawn|p1a: Arcanine\n|-start|p1a: Arcanine|move: Yawn|[of] p2a: Espeon\n|move|p1a: Arcanine|Raging Fury|p2a: Espeon\n|-enditem|p2a: Espeon|Focus Sash\n|-damage|p2a: Espeon|1\/100\n|move|p1b: Eelektross|Thunderbolt|p2b: Iron Valiant\n|-damage|p2b: Iron Valiant|0 fnt\n|faint|p2b: Iron Valiant\n|-end|p2b: Iron Valiant|Quark Drive|[silent]\n|\n|upkeep\n|\n|t:|1700668228\n|switch|p2b: Shiftry|Shiftry, M|100\/100\n|turn|4\n|\n|t:|1700668240\n|move|p2a: Espeon|Psychic|p1b: Eelektross\n|-damage|p1b: Eelektross|0 fnt\n|faint|p1b: Eelektross\n|move|p1a: Arcanine|Raging Fury|p2b: Shiftry|[from]lockedmove\n|-supereffective|p2b: Shiftry\n|-enditem|p2b: Shiftry|Focus Sash\n|-damage|p2b: Shiftry|1\/100\n|-start|p1a: Arcanine|confusion|[fatigue]\n|move|p2b: Shiftry|Tailwind|p2b: Shiftry\n|-sidestart|p2: Red_Ice_Games|move: Tailwind\n|-ability|p2b: Shiftry|Wind Rider|boost\n|-boost|p2b: Shiftry|atk|1\n|\n|-end|p1a: Arcanine|move: Yawn|[silent]\n|-status|p1a: Arcanine|slp\n|upkeep\n|\n|t:|1700668255\n|switch|p1b: Flygon|Flygon, M|100\/100\n|turn|5\n|\n|t:|1700668267\n|-terastallize|p2b: Shiftry|Flying\n|cant|p1a: Arcanine|slp\n|move|p2a: Espeon|Psychic|p1b: Flygon\n|-damage|p1b: Flygon|33\/100\n|move|p2b: Shiftry|Tera Blast|p1b: Flygon|[anim] Tera Blast Flying\n|-damage|p1b: Flygon|0 fnt\n|faint|p1b: Flygon\n|\n|upkeep\n|\n|t:|1700668278\n|switch|p1b: Serperior|Serperior, F|100\/100\n|turn|6\n|\n|t:|1700668283\n|cant|p1a: Arcanine|slp\n|move|p2a: Espeon|Psychic|p1a: Arcanine\n|-damage|p1a: Arcanine|42\/100 slp\n|-unboost|p1a: Arcanine|spd|1\n|move|p2b: Shiftry|Tera Blast|p1b: Serperior|[anim] Tera Blast Flying\n|-supereffective|p1b: Serperior\n|-damage|p1b: Serperior|0 fnt\n|faint|p1b: Serperior\n|\n|upkeep\n|\n|t:|1700668294\n|switch|p1b: Salamence|Salamence, F|100\/100\n|-ability|p1b: Salamence|Intimidate|boost\n|-unboost|p2a: Espeon|atk|1\n|-unboost|p2b: Shiftry|atk|1\n|turn|7\n|\n|t:|1700668305\n|detailschange|p1b: Salamence|Salamence-Mega, F\n|-mega|p1b: Salamence|Salamence|Salamencite\n|-curestatus|p1a: Arcanine|slp|[msg]\n|-activate|p1a: Arcanine|confusion\n|move|p1a: Arcanine|Extreme Speed|p2b: Shiftry\n|-damage|p2b: Shiftry|0 fnt\n|faint|p2b: Shiftry\n|move|p2a: Espeon|Psychic|p1a: Arcanine\n|-damage|p1a: Arcanine|0 fnt\n|faint|p1a: Arcanine\n|move|p1b: Salamence|Dual Wingbeat|p2a: Espeon\n|-damage|p2a: Espeon|0 fnt\n|faint|p2a: Espeon\n|-hitcount|p2: Espeon|1\n|\n|-sideend|p2: Red_Ice_Games|move: Tailwind\n|upkeep\n|\n|t:|1700668319\n|switch|p2b: Ninjask|Ninjask, M|100\/100\n|turn|8\n|\n|t:|1700668325\n|move|p2b: Ninjask|Substitute|p2b: Ninjask\n|-start|p2b: Ninjask|Substitute\n|-damage|p2b: Ninjask|75\/100\n|move|p1b: Salamence|Dual Wingbeat|p2b: Ninjask\n|-supereffective|p2b: Ninjask\n|-end|p2b: Ninjask|Substitute\n|-supereffective|p2b: Ninjask\n|-damage|p2b: Ninjask|0 fnt\n|faint|p2b: Ninjask\n|-hitcount|p2: Ninjask|2\n|\n|win|Saywha413\n|raw|Saywha413's rating: 1221 &rarr; <strong>1242<\/strong><br \/>(+21 for winning)\n|raw|Red_Ice_Games's rating: 1159 &rarr; <strong>1138<\/strong><br \/>(-21 for losing)\n|l|\u2606Red_Ice_Games\n","uploadtime":1700668345,"views":11,"p1id":"saywha413","p2id":"redicegames","formatid":"gen9nationaldexdoubles","rating":1138,"private":0,"password":""}