{"id":"gen9nationaldexdoubles-1972291440","p1":"gen2isgoated","p2":"Pineblue12","format":"[Gen 9] National Dex Doubles","log":"|j|\u2606gen2isgoated\n|j|\u2606Pineblue12\n|t:|1697828541\n|gametype|doubles\n|player|p1|gen2isgoated|ethan|\n|player|p2|Pineblue12|steven|\n|teamsize|p1|6\n|teamsize|p2|6\n|gen|9\n|tier|[Gen 9] National Dex Doubles\n|rule|HP Percentage Mod: HP is shown in percentages\n|rule|Endless Battle Clause: Forcing endless battles is banned\n|rule|OHKO Clause: OHKO moves are banned\n|rule|Evasion Moves Clause: Evasion moves are banned\n|rule|Evasion Abilities Clause: Evasion abilities are banned\n|rule|Species Clause: Limit one of each Pok\u00e9mon\n|rule|Gravity Sleep Clause: The combination of sleep-inducing moves with imperfect accuracy and Gravity or Gigantamax Orbeetle are banned\n|clearpoke\n|poke|p1|Togedemaru-Totem, F|\n|poke|p1|Tsareena, F|\n|poke|p1|Primarina, M|\n|poke|p1|Marowak-Alola, F|\n|poke|p1|Turtonator, M|\n|poke|p1|Vikavolt, M|\n|poke|p2|Krookodile, M|\n|poke|p2|Archeops, M|\n|poke|p2|Carracosta, F|\n|poke|p2|Zoroark, F|\n|poke|p2|Vanilluxe, M|\n|poke|p2|Klinklang|\n|teampreview\n|\n|t:|1697828588\n|start\n|switch|p1a: Togedemaru|Togedemaru-Totem, F|100\/100\n|switch|p1b: Turtonator|Turtonator, M|100\/100\n|switch|p2a: Klinklang|Klinklang|100\/100\n|switch|p2b: Archeops|Archeops, M|100\/100\n|turn|1\n|\n|t:|1697828607\n|move|p2b: Archeops|Tailwind|p2b: Archeops\n|-sidestart|p2: Pineblue12|move: Tailwind\n|move|p2a: Klinklang|Thunder Wave|p1b: Turtonator\n|-status|p1b: Turtonator|par\n|move|p1a: Togedemaru|U-turn|p2b: Archeops\n|-resisted|p2b: Archeops\n|-damage|p2b: Archeops|80\/100\n|-damage|p1a: Togedemaru|91\/100|[from] item: Life Orb\n|\n|t:|1697828621\n|switch|p1a: Primarina|Primarina, M|100\/100|[from] U-turn\n|cant|p1b: Turtonator|par\n|\n|-heal|p2b: Archeops|86\/100|[from] item: Leftovers\n|upkeep\n|turn|2\n|l|\u2606Pineblue12\n|player|p2|\n|j|\u2606Pineblue12\n|player|p2|Pineblue12|steven\n|\n|t:|1697828682\n|switch|p2b: Vanilluxe|Vanilluxe, M, shiny|100\/100\n|-weather|Snow|[from] ability: Snow Warning|[of] p2b: Vanilluxe\n|move|p2a: Klinklang|Shift Gear|p2a: Klinklang\n|-boost|p2a: Klinklang|spe|2\n|-boost|p2a: Klinklang|atk|1\n|move|p1a: Primarina|Hyper Voice|p2b: Vanilluxe|[spread] p2a,p2b\n|-damage|p2a: Klinklang|54\/100\n|-damage|p2b: Vanilluxe|63\/100\n|-enditem|p1a: Primarina|Throat Spray\n|-boost|p1a: Primarina|spa|1|[from] item: Throat Spray\n|move|p1b: Turtonator|Shell Smash|p1b: Turtonator\n|-unboost|p1b: Turtonator|def|1\n|-unboost|p1b: Turtonator|spd|1\n|-boost|p1b: Turtonator|atk|2\n|-boost|p1b: Turtonator|spa|2\n|-boost|p1b: Turtonator|spe|2\n|-enditem|p1b: Turtonator|White Herb\n|-clearnegativeboost|p1b: Turtonator|[silent]\n|\n|-weather|Snow|[upkeep]\n|-heal|p2a: Klinklang|60\/100|[from] item: Leftovers\n|-heal|p2b: Vanilluxe|69\/100|[from] item: Leftovers\n|upkeep\n|turn|3\n|\n|t:|1697828714\n|switch|p1a: Marowak|Marowak-Alola, F|100\/100\n|move|p2a: Klinklang|Gear Grind|p1a: Marowak\n|-resisted|p1a: Marowak\n|-damage|p1a: Marowak|88\/100\n|-resisted|p1a: Marowak\n|-damage|p1a: Marowak|75\/100\n|-hitcount|p1a: Marowak|2\n|move|p2b: Vanilluxe|Light Screen|p2b: Vanilluxe\n|-sidestart|p2: Pineblue12|move: Light Screen\n|cant|p1b: Turtonator|par\n|\n|-weather|Snow|[upkeep]\n|-heal|p2a: Klinklang|66\/100|[from] item: Leftovers\n|-heal|p2b: Vanilluxe|75\/100|[from] item: Leftovers\n|upkeep\n|turn|4\n|\n|t:|1697828740\n|move|p2a: Klinklang|Gear Grind|p1a: Marowak|[miss]\n|-miss|p2a: Klinklang|p1a: Marowak\n|move|p2b: Vanilluxe|Blizzard|p1a: Marowak|[spread] p1a,p1b\n|-resisted|p1a: Marowak\n|-damage|p1a: Marowak|49\/100\n|-damage|p1b: Turtonator|34\/100 par\n|move|p1b: Turtonator|Heat Crash|p2b: Vanilluxe\n|-supereffective|p2b: Vanilluxe\n|-damage|p2b: Vanilluxe|0 fnt\n|faint|p2b: Vanilluxe\n|move|p1a: Marowak|Flare Blitz|p2a: Klinklang\n|-supereffective|p2a: Klinklang\n|-damage|p2a: Klinklang|0 fnt\n|faint|p2a: Klinklang\n|\n|-weather|Snow|[upkeep]\n|-sideend|p2: Pineblue12|move: Tailwind\n|upkeep\n|\n|t:|1697828761\n|switch|p2a: Archeops|Archeops, M|86\/100\n|switch|p2b: Krookodile|Krookodile, M|100\/100\n|turn|5\n|\n|t:|1697828778\n|move|p2a: Archeops|Tailwind|p2a: Archeops\n|-sidestart|p2: Pineblue12|move: Tailwind\n|move|p2b: Krookodile|Rain Dance|p2b: Krookodile\n|-weather|RainDance\n|move|p1b: Turtonator|Dragon Claw|p2a: Archeops\n|-damage|p2a: Archeops|0 fnt\n|faint|p2a: Archeops\n|move|p1a: Marowak|Flare Blitz|p2b: Krookodile\n|-damage|p2b: Krookodile|7\/100\n|replace|p2b: Zoroark|Zoroark, F, shiny\n|-end|p2b: Zoroark|Illusion\n|\n|-weather|RainDance|[upkeep]\n|-heal|p2b: Zoroark|13\/100|[from] item: Leftovers\n|upkeep\n|\n|t:|1697828786\n|switch|p2a: Carracosta|Carracosta, F, shiny|100\/100\n|turn|6\n|\n|t:|1697828804\n|move|p2b: Zoroark|Dark Pulse|p1a: Marowak\n|-supereffective|p1a: Marowak\n|-damage|p1a: Marowak|0 fnt\n|faint|p1a: Marowak\n|move|p2a: Carracosta|Shell Smash|p2a: Carracosta\n|-unboost|p2a: Carracosta|def|1\n|-unboost|p2a: Carracosta|spd|1\n|-boost|p2a: Carracosta|atk|2\n|-boost|p2a: Carracosta|spa|2\n|-boost|p2a: Carracosta|spe|2\n|-enditem|p2a: Carracosta|White Herb\n|-clearnegativeboost|p2a: Carracosta|[silent]\n|move|p1b: Turtonator|Body Press|p2a: Carracosta\n|-supereffective|p2a: Carracosta\n|-damage|p2a: Carracosta|64\/100\n|\n|-weather|RainDance|[upkeep]\n|-heal|p2b: Zoroark|19\/100|[from] item: Leftovers\n|upkeep\n|\n|t:|1697828830\n|switch|p1a: Togedemaru|Togedemaru-Totem, F|91\/100\n|turn|7\n|\n|t:|1697828842\n|move|p1a: Togedemaru|Spiky Shield|p1a: Togedemaru\n|-singleturn|p1a: Togedemaru|move: Protect\n|move|p2a: Carracosta|Knock Off|p1a: Togedemaru\n|-activate|p1a: Togedemaru|move: Protect\n|-damage|p2a: Carracosta|51\/100|[from] Spiky Shield|[of] p1a: Togedemaru\n|move|p2b: Zoroark|Dark Pulse|p1b: Turtonator\n|-damage|p1b: Turtonator|0 fnt\n|faint|p1b: Turtonator\n|\n|-weather|RainDance|[upkeep]\n|-heal|p2b: Zoroark|25\/100|[from] item: Leftovers\n|-sideend|p2: Pineblue12|move: Light Screen\n|upkeep\n|\n|t:|1697828858\n|switch|p1b: Primarina|Primarina, M|100\/100\n|turn|8\n|\n|t:|1697828873\n|switch|p1a: Vikavolt|Vikavolt, M|100\/100\n|move|p2a: Carracosta|Knock Off|p1a: Vikavolt\n|-damage|p1a: Vikavolt|33\/100\n|-enditem|p1a: Vikavolt|Assault Vest|[from] move: Knock Off|[of] p2a: Carracosta\n|move|p2b: Zoroark|Burning Jealousy|p1a: Vikavolt|[spread] p1a,p1b\n|-supereffective|p1a: Vikavolt\n|-resisted|p1b: Primarina\n|-damage|p1a: Vikavolt|11\/100\n|-damage|p1b: Primarina|97\/100\n|move|p1b: Primarina|Hyper Voice|p2a: Carracosta|[spread] p2a,p2b\n|-damage|p2a: Carracosta|0 fnt\n|-damage|p2b: Zoroark|0 fnt\n|faint|p2a: Carracosta\n|faint|p2b: Zoroark\n|\n|-weather|RainDance|[upkeep]\n|-sideend|p2: Pineblue12|move: Tailwind\n|upkeep\n|\n|t:|1697828886\n|switch|p2b: Krookodile|Krookodile, M|100\/100\n|-ability|p2b: Krookodile|Intimidate|boost\n|-unboost|p1a: Vikavolt|atk|1\n|-unboost|p1b: Primarina|atk|1\n|turn|9\n|\n|t:|1697828899\n|-terastallize|p2b: Krookodile|Ground\n|move|p2b: Krookodile|Rock Slide|p1b: Primarina|[spread] p1a,p1b\n|-supereffective|p1a: Vikavolt\n|-damage|p1a: Vikavolt|0 fnt\n|-damage|p1b: Primarina|77\/100\n|faint|p1a: Vikavolt\n|cant|p1b: Primarina|flinch\n|\n|-weather|none\n|upkeep\n|\n|t:|1697828907\n|switch|p1a: Tsareena|Tsareena, F|100\/100\n|turn|10\n|\n|t:|1697828914\n|move|p2b: Krookodile|Fire Fang|p1a: Tsareena\n|-supereffective|p1a: Tsareena\n|-damage|p1a: Tsareena|61\/100\n|move|p1a: Tsareena|Seed Bomb|p2b: Krookodile\n|-supereffective|p2b: Krookodile\n|-damage|p2b: Krookodile|0 fnt\n|faint|p2b: Krookodile\n|\n|win|gen2isgoated\n|l|\u2606gen2isgoated\n","uploadtime":1697828919,"views":10,"p1id":"gen2isgoated","p2id":"pineblue12","formatid":"gen9nationaldexdoubles","rating":0,"private":0,"password":""}