{"id":"gen9nationaldexdoubles-1984171232","p1":"The Lopster","p2":"Theadonia","format":"[Gen 9] National Dex Doubles","log":"|j|\u2606The Lopster\n|j|\u2606Theadonia\n|t:|1699226201\n|gametype|doubles\n|player|p1|The Lopster|psychic-gen4|1164\n|player|p2|Theadonia|roxie|1138\n|teamsize|p1|6\n|teamsize|p2|6\n|gen|9\n|tier|[Gen 9] National Dex Doubles\n|rated|\n|rule|HP Percentage Mod: HP is shown in percentages\n|rule|Endless Battle Clause: Forcing endless battles is banned\n|rule|OHKO Clause: OHKO moves are banned\n|rule|Evasion Moves Clause: Evasion moves are banned\n|rule|Evasion Abilities Clause: Evasion abilities are banned\n|rule|Species Clause: Limit one of each Pok\u00e9mon\n|rule|Gravity Sleep Clause: The combination of sleep-inducing moves with imperfect accuracy and Gravity or Gigantamax Orbeetle are banned\n|clearpoke\n|poke|p1|Appletun, M|\n|poke|p1|Alcremie, F|\n|poke|p1|Dachsbun, M|\n|poke|p1|Vanilluxe, F|\n|poke|p1|Heatran, F|\n|poke|p1|Miltank, F|\n|poke|p2|Delphox, F|\n|poke|p2|Oricorio-Sensu, F|\n|poke|p2|Kommo-o, M|\n|poke|p2|Wailord, F|\n|poke|p2|Cresselia, F|\n|poke|p2|Ribombee, F|\n|teampreview\n|\n|t:|1699226213\n|start\n|switch|p1a: Ice Cream|Vanilluxe, F|100\/100\n|switch|p1b: Whipped Cream|Alcremie, F|100\/100\n|switch|p2a: Oricorio|Oricorio-Sensu, F, shiny|100\/100\n|switch|p2b: Ribombee|Ribombee, F|100\/100\n|-weather|Snow|[from] ability: Snow Warning|[of] p1a: Ice Cream\n|turn|1\n|\n|t:|1699226252\n|move|p2b: Ribombee|Quiver Dance|p2b: Ribombee\n|-boost|p2b: Ribombee|spa|1\n|-boost|p2b: Ribombee|spd|1\n|-boost|p2b: Ribombee|spe|1\n|-activate|p2a: Oricorio|ability: Dancer\n|move|p2a: Oricorio|Quiver Dance|p2a: Oricorio|[from]ability: Dancer\n|-boost|p2a: Oricorio|spa|1\n|-boost|p2a: Oricorio|spd|1\n|-boost|p2a: Oricorio|spe|1\n|move|p2a: Oricorio|Quiver Dance|p2a: Oricorio\n|-boost|p2a: Oricorio|spa|1\n|-boost|p2a: Oricorio|spd|1\n|-boost|p2a: Oricorio|spe|1\n|move|p1a: Ice Cream|Aurora Veil|p1a: Ice Cream\n|-sidestart|p1: The Lopster|move: Aurora Veil\n|move|p1b: Whipped Cream|Calm Mind|p1b: Whipped Cream\n|-boost|p1b: Whipped Cream|spa|1\n|-boost|p1b: Whipped Cream|spd|1\n|\n|-weather|Snow|[upkeep]\n|upkeep\n|turn|2\n|\n|t:|1699226274\n|move|p2b: Ribombee|Quiver Dance|p2b: Ribombee\n|-boost|p2b: Ribombee|spa|1\n|-boost|p2b: Ribombee|spd|1\n|-boost|p2b: Ribombee|spe|1\n|-activate|p2a: Oricorio|ability: Dancer\n|move|p2a: Oricorio|Quiver Dance|p2a: Oricorio|[from]ability: Dancer\n|-boost|p2a: Oricorio|spa|1\n|-boost|p2a: Oricorio|spd|1\n|-boost|p2a: Oricorio|spe|1\n|move|p2a: Oricorio|Quiver Dance|p2a: Oricorio\n|-boost|p2a: Oricorio|spa|1\n|-boost|p2a: Oricorio|spd|1\n|-boost|p2a: Oricorio|spe|1\n|move|p1a: Ice Cream|Icy Wind|p2a: Oricorio|[spread] p2a,p2b\n|-supereffective|p2a: Oricorio\n|-damage|p2a: Oricorio|86\/100\n|-damage|p2b: Ribombee|87\/100\n|-unboost|p2a: Oricorio|spe|1\n|-unboost|p2b: Ribombee|spe|1\n|move|p1b: Whipped Cream|Draining Kiss|p2a: Oricorio\n|-damage|p2a: Oricorio|74\/100\n|\n|-weather|Snow|[upkeep]\n|upkeep\n|turn|3\n|\n|t:|1699226294\n|move|p2a: Oricorio|Quiver Dance|p2a: Oricorio\n|-boost|p2a: Oricorio|spa|1\n|-boost|p2a: Oricorio|spd|1\n|-boost|p2a: Oricorio|spe|1\n|move|p2b: Ribombee|Pollen Puff|p2a: Oricorio\n|-heal|p2a: Oricorio|100\/100\n|move|p1a: Ice Cream|Taunt|p2b: Ribombee\n|-start|p2b: Ribombee|move: Taunt\n|move|p1b: Whipped Cream|Calm Mind|p1b: Whipped Cream\n|-boost|p1b: Whipped Cream|spa|1\n|-boost|p1b: Whipped Cream|spd|1\n|\n|-weather|Snow|[upkeep]\n|upkeep\n|turn|4\n|\n|t:|1699226324\n|move|p2a: Oricorio|Baton Pass|p2a: Oricorio\n|\n|t:|1699226332\n|switch|p2a: Wailord|Wailord, F, shiny|100\/100|[from] Baton Pass\n|-ability|p2a: Wailord|Pressure\n|move|p2b: Ribombee|Dazzling Gleam|p1a: Ice Cream|[spread] p1a,p1b\n|-damage|p1a: Ice Cream|61\/100\n|-damage|p1b: Whipped Cream|85\/100\n|move|p1a: Ice Cream|Taunt|p2a: Wailord\n|-start|p2a: Wailord|move: Taunt\n|move|p1b: Whipped Cream|Calm Mind|p1b: Whipped Cream\n|-boost|p1b: Whipped Cream|spa|1\n|-boost|p1b: Whipped Cream|spd|1\n|\n|-weather|Snow|[upkeep]\n|upkeep\n|turn|5\n|\n|t:|1699226351\n|-terastallize|p2a: Wailord|Water\n|move|p2b: Ribombee|Dazzling Gleam|p1b: Whipped Cream|[spread] p1a,p1b\n|-damage|p1a: Ice Cream|22\/100\n|-damage|p1b: Whipped Cream|72\/100\n|move|p2a: Wailord|Water Spout|p1b: Whipped Cream|[spread] p1a,p1b\n|-damage|p1a: Ice Cream|0 fnt\n|-damage|p1b: Whipped Cream|22\/100\n|faint|p1a: Ice Cream\n|move|p1b: Whipped Cream|Draining Kiss|p2a: Wailord\n|-damage|p2a: Wailord|84\/100\n|-heal|p1b: Whipped Cream|42\/100|[from] drain|[of] p2a: Wailord\n|\n|-weather|none\n|-heal|p2a: Wailord|91\/100|[from] item: Leftovers\n|upkeep\n|\n|t:|1699226365\n|switch|p1a: Bread|Dachsbun, M|100\/100\n|turn|6\n|\n|t:|1699226374\n|-terastallize|p1a: Bread|Fighting\n|move|p2b: Ribombee|Pollen Puff|p2a: Wailord\n|-heal|p2a: Wailord|100\/100\n|move|p2a: Wailord|Water Spout|p1b: Whipped Cream|[spread] p1a,p1b\n|-damage|p1a: Bread|0 fnt\n|-damage|p1b: Whipped Cream|0 fnt\n|faint|p1a: Bread\n|faint|p1b: Whipped Cream\n|\n|-end|p2b: Ribombee|move: Taunt\n|-end|p2a: Wailord|move: Taunt\n|upkeep\n|\n|t:|1699226386\n|switch|p1a: Apple Pie|Appletun, M, shiny|100\/100\n|switch|p1b: Oven|Heatran, F|100\/100\n|turn|7\n|\n|t:|1699226393\n|move|p1b: Oven|Protect|p1b: Oven\n|-singleturn|p1b: Oven|Protect\n|move|p2b: Ribombee|Dazzling Gleam|p1a: Apple Pie|[spread] p1a\n|-activate|p1b: Oven|move: Protect\n|-supereffective|p1a: Apple Pie\n|-damage|p1a: Apple Pie|54\/100\n|move|p2a: Wailord|Water Spout|p1a: Apple Pie|[spread] p1a\n|-activate|p1b: Oven|move: Protect\n|-resisted|p1a: Apple Pie\n|-damage|p1a: Apple Pie|29\/100\n|move|p1a: Apple Pie|Leech Seed|p2a: Wailord\n|-start|p2a: Wailord|move: Leech Seed\n|\n|-heal|p1a: Apple Pie|35\/100|[from] item: Leftovers\n|-damage|p2a: Wailord|88\/100|[from] Leech Seed|[of] p1a: Apple Pie\n|-heal|p1a: Apple Pie|51\/100|[silent]\n|upkeep\n|turn|8\n|\n|t:|1699226411\n|move|p1b: Oven|Protect|p1b: Oven\n|-singleturn|p1b: Oven|Protect\n|move|p2b: Ribombee|Dazzling Gleam|p1b: Oven|[spread] p1a\n|-activate|p1b: Oven|move: Protect\n|-supereffective|p1a: Apple Pie\n|-damage|p1a: Apple Pie|0 fnt\n|faint|p1a: Apple Pie\n|move|p2a: Wailord|Water Spout|p1b: Oven\n|-activate|p1b: Oven|move: Protect\n|\n|-heal|p2a: Wailord|94\/100|[from] item: Leftovers\n|-sideend|p1: The Lopster|move: Aurora Veil\n|upkeep\n|-message|The Lopster forfeited.\n|\n|win|Theadonia\n|raw|The Lopster's rating: 1164 &rarr; <strong>1137<\/strong><br \/>(-27 for losing)\n|raw|Theadonia's rating: 1138 &rarr; <strong>1165<\/strong><br \/>(+27 for winning)\n|l|\u2606The Lopster\n","uploadtime":1699226424,"views":4,"p1id":"thelopster","p2id":"theadonia","formatid":"gen9nationaldexdoubles","rating":1137,"private":0,"password":""}