{"id":"gen9nationaldexdoubles-1968464313","p1":"Trainer $pitt !!!","p2":"goshia25","format":"[Gen 9] National Dex Doubles","log":"|j|\u2606Trainer $pitt !!!\n|j|\u2606goshia25\n|t:|1697421366\n|gametype|doubles\n|player|p1|Trainer $pitt !!!|sabrina|1101\n|player|p2|goshia25|169|1085\n|teamsize|p1|6\n|teamsize|p2|6\n|gen|9\n|tier|[Gen 9] National Dex Doubles\n|rated|\n|rule|HP Percentage Mod: HP is shown in percentages\n|rule|Endless Battle Clause: Forcing endless battles is banned\n|rule|OHKO Clause: OHKO moves are banned\n|rule|Evasion Moves Clause: Evasion moves are banned\n|rule|Evasion Abilities Clause: Evasion abilities are banned\n|rule|Species Clause: Limit one of each Pok\u00e9mon\n|rule|Gravity Sleep Clause: The combination of sleep-inducing moves with imperfect accuracy and Gravity or Gigantamax Orbeetle are banned\n|clearpoke\n|poke|p1|Arboliva, F|\n|poke|p1|Roserade, F|\n|poke|p1|Ferrothorn, F|\n|poke|p1|Appletun, F|\n|poke|p1|Lurantis, F|\n|poke|p1|Tsareena, F|\n|poke|p2|Zoroark, M|\n|poke|p2|Delphox, F|\n|poke|p2|Drifblim, M|\n|poke|p2|Dusclops, F|\n|poke|p2|Mimikyu, F|\n|poke|p2|Meowscarada, F|\n|teampreview\n|\n|t:|1697421401\n|start\n|switch|p1a: Arboliva|Arboliva, F, shiny|100\/100\n|switch|p1b: Lurantis|Lurantis, F|100\/100\n|switch|p2a: Dusclops|Dusclops, F|100\/100\n|switch|p2b: Meowscarada|Meowscarada, F|100\/100\n|turn|1\n|\n|t:|1697421424\n|move|p2b: Meowscarada|Knock Off|p1a: Arboliva\n|-start|p2b: Meowscarada|typechange|Dark|[from] ability: Protean\n|-damage|p1a: Arboliva|50\/100\n|-fieldstart|move: Grassy Terrain|[from] ability: Seed Sower|[of] p1a: Arboliva\n|-enditem|p1a: Arboliva|Light Clay|[from] move: Knock Off|[of] p2b: Meowscarada\n|move|p2a: Dusclops|Sludge Bomb|p1a: Arboliva\n|-supereffective|p1a: Arboliva\n|-damage|p1a: Arboliva|9\/100\n|move|p1b: Lurantis|Superpower|p2b: Meowscarada\n|-supereffective|p2b: Meowscarada\n|-damage|p2b: Meowscarada|8\/100\n|-boost|p1b: Lurantis|atk|1\n|-boost|p1b: Lurantis|def|1\n|move|p1a: Arboliva|Reflect|p1a: Arboliva\n|-sidestart|p1: Trainer $pitt !!!|Reflect\n|\n|-heal|p2b: Meowscarada|14\/100|[from] Grassy Terrain\n|-heal|p1a: Arboliva|15\/100|[from] Grassy Terrain\n|upkeep\n|turn|2\n|\n|t:|1697421458\n|move|p2b: Meowscarada|U-turn|p1b: Lurantis\n|-supereffective|p1b: Lurantis\n|-damage|p1b: Lurantis|79\/100\n|\n|t:|1697421463\n|switch|p2b: Drifblim|Drifblim, M|100\/100|[from] U-turn\n|move|p2a: Dusclops|Sludge Bomb|p1b: Lurantis\n|-supereffective|p1b: Lurantis\n|-damage|p1b: Lurantis|43\/100\n|move|p1b: Lurantis|Superpower|p2b: Drifblim\n|-immune|p2b: Drifblim\n|move|p1a: Arboliva|Strength Sap|p2a: Dusclops\n|-unboost|p2a: Dusclops|atk|1\n|-heal|p1a: Arboliva|69\/100\n|\n|-heal|p1b: Lurantis|49\/100|[from] Grassy Terrain\n|-heal|p1a: Arboliva|75\/100|[from] Grassy Terrain\n|upkeep\n|turn|3\n|\n|t:|1697421486\n|move|p2a: Dusclops|Flamethrower|p1b: Lurantis\n|-supereffective|p1b: Lurantis\n|-damage|p1b: Lurantis|13\/100\n|move|p2b: Drifblim|Tailwind|p2b: Drifblim\n|-sidestart|p2: goshia25|move: Tailwind\n|move|p1b: Lurantis|Petal Blizzard|p2b: Drifblim|[spread] p1a,p2a,p2b\n|-resisted|p1a: Arboliva\n|-resisted|p2b: Drifblim\n|-damage|p1a: Arboliva|57\/100\n|-enditem|p2a: Dusclops|Focus Sash\n|-damage|p2a: Dusclops|1\/100\n|-damage|p2b: Drifblim|70\/100\n|replace|p2a: Zoroark|Zoroark, M\n|-end|p2a: Zoroark|Illusion\n|move|p1a: Arboliva|Light Screen|p1a: Arboliva\n|-sidestart|p1: Trainer $pitt !!!|move: Light Screen\n|\n|-heal|p2a: Zoroark|7\/100|[from] Grassy Terrain\n|-heal|p1b: Lurantis|19\/100|[from] Grassy Terrain\n|-heal|p1a: Arboliva|63\/100|[from] Grassy Terrain\n|upkeep\n|turn|4\n|\n|t:|1697421515\n|move|p2a: Zoroark|Flamethrower|p1b: Lurantis\n|-supereffective|p1b: Lurantis\n|-damage|p1b: Lurantis|0 fnt\n|faint|p1b: Lurantis\n|move|p2b: Drifblim|Will-O-Wisp|p1a: Arboliva|[miss]\n|-miss|p2b: Drifblim|p1a: Arboliva\n|move|p1a: Arboliva|Hyper Voice|p2b: Drifblim|[spread] p2a\n|-immune|p2b: Drifblim\n|-damage|p2a: Zoroark|0 fnt\n|faint|p2a: Zoroark\n|\n|-heal|p1a: Arboliva|69\/100|[from] Grassy Terrain\n|upkeep\n|\n|t:|1697421539\n|switch|p2a: Meowscarada|Meowscarada, F|14\/100\n|switch|p1b: Tsareena|Tsareena, F|100\/100\n|-enditem|p1b: Tsareena|Grassy Seed\n|-boost|p1b: Tsareena|def|1|[from] item: Grassy Seed\n|turn|5\n|\n|t:|1697421571\n|move|p2a: Meowscarada|U-turn|p1b: Tsareena\n|-start|p2a: Meowscarada|typechange|Bug|[from] ability: Protean\n|-supereffective|p1b: Tsareena\n|-damage|p1b: Tsareena|71\/100\n|\n|t:|1697421577\n|switch|p2a: Dusclops|Dusclops, F|100\/100|[from] U-turn\n|-ability|p2a: Dusclops|Pressure\n|move|p2b: Drifblim|Will-O-Wisp|p1b: Tsareena\n|-status|p1b: Tsareena|brn\n|move|p1b: Tsareena|Rapid Spin|p2a: Dusclops\n|-immune|p2a: Dusclops\n|move|p1a: Arboliva|Strength Sap|p2b: Drifblim\n|-unboost|p2b: Drifblim|atk|1\n|-heal|p1a: Arboliva|100\/100\n|\n|-heal|p1b: Tsareena|77\/100 brn|[from] Grassy Terrain\n|-damage|p1b: Tsareena|71\/100 brn|[from] brn\n|-sideend|p1: Trainer $pitt !!!|Reflect\n|-fieldend|move: Grassy Terrain\n|upkeep\n|turn|6\n|\n|t:|1697421603\n|switch|p1b: Ferrothorn|Ferrothorn, F, shiny|100\/100\n|switch|p1a: Roserade|Roserade, F, shiny|100\/100\n|move|p2b: Drifblim|Shadow Ball|p1b: Ferrothorn\n|-damage|p1b: Ferrothorn|84\/100\n|move|p2a: Dusclops|Ice Beam|p1a: Roserade\n|-supereffective|p1a: Roserade\n|-damage|p1a: Roserade|87\/100\n|\n|-heal|p1a: Roserade|93\/100|[from] item: Black Sludge\n|-heal|p1b: Ferrothorn|90\/100|[from] item: Leftovers\n|-sideend|p2: goshia25|move: Tailwind\n|upkeep\n|turn|7\n|\n|t:|1697421628\n|move|p1a: Roserade|Sleep Powder|p2a: Dusclops|[miss]\n|-miss|p1a: Roserade|p2a: Dusclops\n|move|p2b: Drifblim|Will-O-Wisp|p1b: Ferrothorn\n|-status|p1b: Ferrothorn|brn\n|move|p2a: Dusclops|Ice Beam|p1a: Roserade\n|-supereffective|p1a: Roserade\n|-crit|p1a: Roserade\n|-damage|p1a: Roserade|61\/100\n|move|p1b: Ferrothorn|Leech Seed|p2b: Drifblim\n|-start|p2b: Drifblim|move: Leech Seed\n|\n|-heal|p1a: Roserade|67\/100|[from] item: Black Sludge\n|-heal|p1b: Ferrothorn|96\/100 brn|[from] item: Leftovers\n|-damage|p2b: Drifblim|57\/100|[from] Leech Seed|[of] p1b: Ferrothorn\n|-heal|p1b: Ferrothorn|100\/100 brn|[silent]\n|-damage|p1b: Ferrothorn|95\/100 brn|[from] brn\n|-sideend|p1: Trainer $pitt !!!|move: Light Screen\n|upkeep\n|turn|8\n|\n|t:|1697421648\n|switch|p2b: Meowscarada|Meowscarada, F|14\/100\n|move|p1a: Roserade|Sleep Powder|p2a: Dusclops\n|-status|p2a: Dusclops|slp|[from] move: Sleep Powder\n|cant|p2a: Dusclops|slp\n|move|p1b: Ferrothorn|Leech Seed|p2a: Dusclops\n|-start|p2a: Dusclops|move: Leech Seed\n|\n|-heal|p1a: Roserade|74\/100|[from] item: Black Sludge\n|-heal|p1b: Ferrothorn|100\/100 brn|[from] item: Leftovers\n|-damage|p2a: Dusclops|88\/100 slp|[from] Leech Seed|[of] p1b: Ferrothorn\n|-damage|p1b: Ferrothorn|95\/100 brn|[from] brn\n|upkeep\n|turn|9\n|\n|t:|1697421681\n|switch|p1a: Arboliva|Arboliva, F, shiny|100\/100\n|switch|p2a: Drifblim|Drifblim, M|57\/100\n|move|p2b: Meowscarada|Knock Off|p1a: Arboliva\n|-start|p2b: Meowscarada|typechange|Dark|[from] ability: Protean\n|-damage|p1a: Arboliva|66\/100\n|-fieldstart|move: Grassy Terrain|[from] ability: Seed Sower|[of] p1a: Arboliva\n|move|p1b: Ferrothorn|Acid Spray|p2b: Meowscarada\n|-damage|p2b: Meowscarada|8\/100\n|-unboost|p2b: Meowscarada|spd|2\n|\n|-heal|p2b: Meowscarada|14\/100|[from] Grassy Terrain\n|-heal|p1a: Arboliva|72\/100|[from] Grassy Terrain\n|-heal|p1b: Ferrothorn|100\/100 brn|[from] Grassy Terrain\n|-damage|p1b: Ferrothorn|95\/100 brn|[from] brn\n|upkeep\n|turn|10\n|\n|t:|1697421709\n|move|p2b: Meowscarada|U-turn|p1a: Arboliva\n|-supereffective|p1a: Arboliva\n|-damage|p1a: Arboliva|19\/100\n|\n|t:|1697421714\n|switch|p2b: Dusclops|Dusclops, F|88\/100 slp|[from] U-turn\n|-ability|p2b: Dusclops|Pressure\n|move|p2a: Drifblim|Will-O-Wisp|p1a: Arboliva\n|-status|p1a: Arboliva|brn\n|move|p1a: Arboliva|Reflect|p1a: Arboliva\n|-sidestart|p1: Trainer $pitt !!!|Reflect\n|move|p1b: Ferrothorn|Gyro Ball|p2b: Dusclops\n|-damage|p2b: Dusclops|84\/100 slp\n|\n|-heal|p1a: Arboliva|25\/100 brn|[from] Grassy Terrain\n|-heal|p2b: Dusclops|90\/100 slp|[from] Grassy Terrain\n|-heal|p1b: Ferrothorn|100\/100 brn|[from] Grassy Terrain\n|-damage|p1a: Arboliva|19\/100 brn|[from] brn\n|-damage|p1b: Ferrothorn|95\/100 brn|[from] brn\n|upkeep\n|turn|11\n|\n|t:|1697421737\n|move|p2a: Drifblim|Shadow Ball|p1a: Arboliva\n|-immune|p1a: Arboliva\n|move|p1a: Arboliva|Strength Sap|p2b: Dusclops\n|-unboost|p2b: Dusclops|atk|1\n|-heal|p1a: Arboliva|60\/100 brn\n|-curestatus|p2b: Dusclops|slp|[msg]\n|move|p2b: Dusclops|Ice Beam|p1a: Arboliva\n|-supereffective|p1a: Arboliva\n|-damage|p1a: Arboliva|41\/100 brn\n|move|p1b: Ferrothorn|Leech Seed|p2a: Drifblim\n|-start|p2a: Drifblim|move: Leech Seed\n|\n|-heal|p1a: Arboliva|47\/100 brn|[from] Grassy Terrain\n|-heal|p2b: Dusclops|96\/100|[from] Grassy Terrain\n|-heal|p1b: Ferrothorn|100\/100 brn|[from] Grassy Terrain\n|-damage|p2a: Drifblim|45\/100|[from] Leech Seed|[of] p1b: Ferrothorn\n|-damage|p1a: Arboliva|41\/100 brn|[from] brn\n|-damage|p1b: Ferrothorn|95\/100 brn|[from] brn\n|upkeep\n|turn|12\n|\n|t:|1697421764\n|switch|p2a: Meowscarada|Meowscarada, F|14\/100\n|move|p1a: Arboliva|Light Screen|p1a: Arboliva\n|-sidestart|p1: Trainer $pitt !!!|move: Light Screen\n|move|p2b: Dusclops|Taunt|p1b: Ferrothorn\n|-start|p1b: Ferrothorn|move: Taunt\n|cant|p1b: Ferrothorn|move: Taunt|Leech Seed\n|\n|-heal|p2a: Meowscarada|20\/100|[from] Grassy Terrain\n|-heal|p1a: Arboliva|47\/100 brn|[from] Grassy Terrain\n|-heal|p2b: Dusclops|100\/100|[from] Grassy Terrain\n|-heal|p1b: Ferrothorn|100\/100 brn|[from] Grassy Terrain\n|-damage|p1a: Arboliva|41\/100 brn|[from] brn\n|-damage|p1b: Ferrothorn|95\/100 brn|[from] brn\n|upkeep\n|turn|13\n|\n|t:|1697421788\n|move|p2a: Meowscarada|U-turn|p1a: Arboliva\n|-start|p2a: Meowscarada|typechange|Bug|[from] ability: Protean\n|-supereffective|p1a: Arboliva\n|-damage|p1a: Arboliva|0 fnt\n|faint|p1a: Arboliva\n|inactive|Battle timer is ON: inactive players will automatically lose when time's up. (requested by goshia25)\n|-message|Trainer $pitt !!! forfeited.\n|\n|win|goshia25\n|raw|Trainer $pitt !!!'s rating: 1101 &rarr; <strong>1075<\/strong><br \/>(-26 for losing)\n|raw|goshia25's rating: 1085 &rarr; <strong>1114<\/strong><br \/>(+29 for winning)\n|l|\u2606Trainer $pitt !!!\n","uploadtime":1697421870,"views":9,"p1id":"trainerpitt","p2id":"goshia25","formatid":"gen9nationaldexdoubles","rating":1075,"private":0,"password":""}