{"id":"gen9nationaldexdoubles-1974484663","p1":"fumbari 24","p2":"The OG Trainer Red","format":"[Gen 9] National Dex Doubles","log":"|j|\u2606fumbari 24\n|j|\u2606The OG Trainer Red\n|t:|1698090845\n|gametype|doubles\n|player|p1|fumbari 24|hilbert|1437\n|player|p2|The OG Trainer Red|fisherman-gen4|1298\n|teamsize|p1|6\n|teamsize|p2|6\n|gen|9\n|tier|[Gen 9] National Dex Doubles\n|rated|\n|rule|HP Percentage Mod: HP is shown in percentages\n|rule|Endless Battle Clause: Forcing endless battles is banned\n|rule|OHKO Clause: OHKO moves are banned\n|rule|Evasion Moves Clause: Evasion moves are banned\n|rule|Evasion Abilities Clause: Evasion abilities are banned\n|rule|Species Clause: Limit one of each Pok\u00e9mon\n|rule|Gravity Sleep Clause: The combination of sleep-inducing moves with imperfect accuracy and Gravity or Gigantamax Orbeetle are banned\n|clearpoke\n|poke|p1|Alakazam, M|\n|poke|p1|Indeedee-F, F|\n|poke|p1|Meowscarada, M|\n|poke|p1|Garchomp, M|\n|poke|p1|Blastoise, M|\n|poke|p1|Suicune|\n|poke|p2|Typhlosion-Hisui, F|\n|poke|p2|Charizard, F|\n|poke|p2|Ogerpon-Wellspring, F|\n|poke|p2|Pelipper, F|\n|poke|p2|Cresselia, F|\n|poke|p2|Snorlax, F|\n|teampreview\n|inactive|Battle timer is ON: inactive players will automatically lose when time's up. (requested by The OG Trainer Red)\n|\n|t:|1698090879\n|start\n|switch|p1a: Delusion|Alakazam, M|100\/100\n|switch|p1b: Indeedee|Indeedee-F, F|100\/100\n|switch|p2a: Typhlosion|Typhlosion-Hisui, F|100\/100\n|switch|p2b: Charizard|Charizard, F|100\/100\n|-fieldstart|move: Psychic Terrain|[from] ability: Psychic Surge|[of] p1b: Indeedee\n|-enditem|p1b: Indeedee|Psychic Seed\n|-boost|p1b: Indeedee|spd|1|[from] item: Psychic Seed\n|turn|1\n|\n|t:|1698090896\n|detailschange|p2b: Charizard|Charizard-Mega-Y, F\n|-mega|p2b: Charizard|Charizard|Charizardite Y\n|-weather|SunnyDay|[from] ability: Drought|[of] p2b: Charizard\n|move|p1a: Delusion|Protect|p1a: Delusion\n|-singleturn|p1a: Delusion|Protect\n|move|p2a: Typhlosion|Eruption|p1a: Delusion|[spread] p1b\n|-activate|p1a: Delusion|move: Protect\n|-damage|p1b: Indeedee|50\/100\n|move|p2b: Charizard|Heat Wave|p1a: Delusion|[spread] p1b\n|-activate|p1a: Delusion|move: Protect\n|-damage|p1b: Indeedee|10\/100\n|move|p1b: Indeedee|Expanding Force|p2b: Charizard|[spread] p2a,p2b\n|-damage|p2a: Typhlosion|48\/100\n|-damage|p2b: Charizard|62\/100\n|\n|-weather|SunnyDay|[upkeep]\n|upkeep\n|turn|2\n|inactive|The OG Trainer Red has 120 seconds left.\n|c|\u2606The OG Trainer Red|My Indeedee has max Hp\/ sp. defense and can't even come close to surviving just the eruption alone... what the hell..\n|inactive|The OG Trainer Red has 90 seconds left.\n|\n|t:|1698090958\n|detailschange|p1a: Delusion|Alakazam-Mega, M\n|-mega|p1a: Delusion|Alakazam|Alakazite\n|-ability|p1a: Delusion|Blaze|[from] ability: Trace|[of] p2a: Typhlosion\n|move|p1b: Indeedee|Helping Hand|p1a: Delusion\n|-singleturn|p1a: Delusion|Helping Hand|[of] p1b: Indeedee\n|move|p2a: Typhlosion|Eruption|p1b: Indeedee|[spread] p1a,p1b\n|-crit|p1b: Indeedee\n|-damage|p1a: Delusion|56\/100\n|-damage|p1b: Indeedee|0 fnt\n|faint|p1b: Indeedee\n|move|p1a: Delusion|Expanding Force|p2a: Typhlosion|[spread] p2a,p2b\n|-damage|p2a: Typhlosion|0 fnt\n|-damage|p2b: Charizard|0 fnt\n|faint|p2a: Typhlosion\n|faint|p2b: Charizard\n|\n|-weather|SunnyDay|[upkeep]\n|upkeep\n|\n|t:|1698090978\n|switch|p2b: Snorlax|Snorlax, F|100\/100\n|switch|p2a: Cresselia|Cresselia, F|100\/100\n|switch|p1b: A.Banderas|Meowscarada, M|100\/100\n|turn|3\n|inactive|The OG Trainer Red has 120 seconds left.\n|\n|t:|1698090998\n|move|p1a: Delusion|Substitute|p1a: Delusion\n|-start|p1a: Delusion|Substitute\n|-damage|p1a: Delusion|31\/100\n|move|p1b: A.Banderas|Taunt|p2a: Cresselia\n|-start|p2a: Cresselia|move: Taunt\n|cant|p2a: Cresselia|move: Taunt|Calm Mind\n|move|p2b: Snorlax|Gunk Shot|p1a: Delusion\n|-end|p1a: Delusion|Substitute\n|\n|-weather|SunnyDay|[upkeep]\n|upkeep\n|turn|4\n|inactive|The OG Trainer Red has 120 seconds left.\n|\n|t:|1698091017\n|-terastallize|p1b: A.Banderas|Grass\n|move|p1a: Delusion|Protect|p1a: Delusion\n|-singleturn|p1a: Delusion|Protect\n|move|p1b: A.Banderas|Flower Trick|p2b: Snorlax\n|-crit|p2b: Snorlax\n|-damage|p2b: Snorlax|54\/100\n|move|p2a: Cresselia|Moonblast|p1b: A.Banderas\n|-damage|p1b: A.Banderas|71\/100\n|move|p2b: Snorlax|Gunk Shot|p1a: Delusion\n|-activate|p1a: Delusion|move: Protect\n|\n|-weather|SunnyDay|[upkeep]\n|upkeep\n|turn|5\n|\n|t:|1698091040\n|move|p1a: Delusion|Expanding Force|p2a: Cresselia|[spread] p2a,p2b\n|-resisted|p2a: Cresselia\n|-damage|p2a: Cresselia|77\/100\n|-damage|p2b: Snorlax|12\/100\n|-enditem|p2b: Snorlax|Sitrus Berry|[eat]\n|-heal|p2b: Snorlax|37\/100|[from] item: Sitrus Berry\n|move|p1b: A.Banderas|Flower Trick|p2b: Snorlax\n|-crit|p2b: Snorlax\n|-damage|p2b: Snorlax|0 fnt\n|faint|p2b: Snorlax\n|move|p2a: Cresselia|Moonblast|p1a: Delusion\n|-damage|p1a: Delusion|9\/100\n|-unboost|p1a: Delusion|spa|1\n|\n|-weather|none\n|-heal|p2a: Cresselia|83\/100|[from] item: Leftovers\n|-end|p2a: Cresselia|move: Taunt\n|-fieldend|move: Psychic Terrain\n|upkeep\n|inactive|The OG Trainer Red has 120 seconds left.\n|-message|The OG Trainer Red forfeited.\n|\n|win|fumbari 24\n|raw|fumbari 24's rating: 1437 &rarr; <strong>1449<\/strong><br \/>(+12 for winning)\n|raw|The OG Trainer Red's rating: 1298 &rarr; <strong>1283<\/strong><br \/>(-15 for losing)\n|l|\u2606The OG Trainer Red\n","uploadtime":1698091056,"views":8,"p1id":"fumbari24","p2id":"theogtrainerred","formatid":"gen9nationaldexdoubles","rating":1283,"private":0,"password":""}