{"id":"gen9nationaldexdoubles-1980624403","p1":"lxvliiz","p2":"Obsidrugon","format":"[Gen 9] National Dex Doubles","log":"|j|\u2606lxvliiz\n|j|\u2606Obsidrugon\n|t:|1698804606\n|gametype|doubles\n|player|p1|lxvliiz|gambler|1131\n|player|p2|Obsidrugon|erika-gen1|1165\n|teamsize|p1|6\n|teamsize|p2|6\n|gen|9\n|tier|[Gen 9] National Dex Doubles\n|rated|\n|rule|HP Percentage Mod: HP is shown in percentages\n|rule|Endless Battle Clause: Forcing endless battles is banned\n|rule|OHKO Clause: OHKO moves are banned\n|rule|Evasion Moves Clause: Evasion moves are banned\n|rule|Evasion Abilities Clause: Evasion abilities are banned\n|rule|Species Clause: Limit one of each Pok\u00e9mon\n|rule|Gravity Sleep Clause: The combination of sleep-inducing moves with imperfect accuracy and Gravity or Gigantamax Orbeetle are banned\n|clearpoke\n|poke|p1|Lilligant-Hisui, F|\n|poke|p1|Kommo-o, F|\n|poke|p1|Volcarona, F|\n|poke|p1|Oricorio-Pom-Pom, M|\n|poke|p1|Quaquaval, M|\n|poke|p1|Flamigo, F|\n|poke|p2|Diancie|\n|poke|p2|Oricorio-Pom-Pom, M|\n|poke|p2|Tornadus, M|\n|poke|p2|Iron Moth|\n|poke|p2|Vivillon-Monsoon, F|\n|poke|p2|Comfey, M|\n|teampreview\n|c|\u2606Obsidrugon|glhf\n|c|\u2606lxvliiz|dance\n|c|\u2606Obsidrugon|dance\n|\n|t:|1698804621\n|start\n|switch|p1a: dance dance|Volcarona, F|100\/100\n|switch|p1b: dancer|Oricorio-Pom-Pom, M|100\/100\n|switch|p2a: Oricorio|Oricorio-Pom-Pom, M, shiny|100\/100\n|switch|p2b: Comfey|Comfey, M|100\/100\n|turn|1\n|j| Walccer\n|c|\u2606lxvliiz|you are very wise\n|c| Walccer|damn\n|c| Walccer|it's dancers\n|c|\u2606Obsidrugon|we having the dance off\n|c|\u2606Obsidrugon|frfr\n|\n|t:|1698804645\n|move|p2b: Comfey|Role Play|p1b: dancer\n|-endability|p2b: Comfey|Triage|[from] move: Role Play\n|-ability|p2b: Comfey|Dancer|[from] move: Role Play|[of] p1b: dancer\n|move|p1b: dancer|Revelation Dance|p2a: Oricorio\n|-damage|p2a: Oricorio|49\/100\n|-activate|p2a: Oricorio|ability: Dancer\n|move|p2a: Oricorio|Revelation Dance|p1b: dancer|[from]ability: Dancer\n|-damage|p1b: dancer|54\/100\n|-activate|p2b: Comfey|ability: Dancer\n|move|p2b: Comfey|Revelation Dance|p1b: dancer|[from]ability: Dancer\n|-damage|p1b: dancer|14\/100\n|move|p1a: dance dance|Fiery Dance|p2b: Comfey\n|-damage|p2b: Comfey|54\/100\n|-activate|p2a: Oricorio|ability: Dancer\n|move|p2a: Oricorio|Fiery Dance|p1a: dance dance|[from]ability: Dancer\n|-damage|p1a: dance dance|81\/100\n|-boost|p2a: Oricorio|spa|1\n|-enditem|p1b: dancer|Mirror Herb\n|-boost|p1b: dancer|spa|1|[from] item: Mirror Herb\n|-activate|p1b: dancer|ability: Dancer\n|move|p1b: dancer|Fiery Dance|p2b: Comfey|[from]ability: Dancer\n|-damage|p2b: Comfey|20\/100\n|-boost|p1b: dancer|spa|1\n|-enditem|p2b: Comfey|Sitrus Berry|[eat]\n|-heal|p2b: Comfey|45\/100|[from] item: Sitrus Berry\n|-activate|p2b: Comfey|ability: Dancer\n|move|p2b: Comfey|Fiery Dance|p1a: dance dance|[from]ability: Dancer\n|-damage|p1a: dance dance|64\/100\n|move|p2a: Oricorio|Quiver Dance|p2a: Oricorio\n|-boost|p2a: Oricorio|spa|1\n|-boost|p2a: Oricorio|spd|1\n|-boost|p2a: Oricorio|spe|1\n|-activate|p1b: dancer|ability: Dancer\n|move|p1b: dancer|Quiver Dance|p1b: dancer|[from]ability: Dancer\n|-boost|p1b: dancer|spa|1\n|-boost|p1b: dancer|spd|1\n|-boost|p1b: dancer|spe|1\n|-activate|p2b: Comfey|ability: Dancer\n|move|p2b: Comfey|Quiver Dance|p2b: Comfey|[from]ability: Dancer\n|-boost|p2b: Comfey|spa|1\n|-boost|p2b: Comfey|spd|1\n|-boost|p2b: Comfey|spe|1\n|\n|upkeep\n|turn|2\n|\n|t:|1698804684\n|-terastallize|p2a: Oricorio|Ground\n|move|p2b: Comfey|Protect|p2b: Comfey\n|-singleturn|p2b: Comfey|Protect\n|move|p1b: dancer|Revelation Dance|p2a: Oricorio\n|-immune|p2a: Oricorio\n|move|p2a: Oricorio|Revelation Dance|p1a: dance dance\n|-damage|p1a: dance dance|2\/100\n|-enditem|p1a: dance dance|Wiki Berry|[eat]\n|-heal|p1a: dance dance|35\/100|[from] item: Wiki Berry\n|-activate|p1b: dancer|ability: Dancer\n|move|p1b: dancer|Revelation Dance|p2a: Oricorio|[from]ability: Dancer\n|-immune|p2a: Oricorio\n|-activate|p2b: Comfey|ability: Dancer\n|move|p2b: Comfey|Revelation Dance|p1a: dance dance|[from]ability: Dancer\n|-resisted|p1a: dance dance\n|-damage|p1a: dance dance|16\/100\n|move|p1a: dance dance|Fiery Dance|p2b: Comfey\n|-activate|p2b: Comfey|move: Protect\n|\n|upkeep\n|turn|3\n|c|\u2606lxvliiz|dance party \ud83e\udd76\ud83d\udcaf\n|\n|t:|1698804724\n|move|p1a: dance dance|Rage Powder|p1a: dance dance\n|-singleturn|p1a: dance dance|move: Rage Powder\n|move|p2b: Comfey|Floral Healing|p1a: dance dance\n|-heal|p1a: dance dance|66\/100\n|move|p1b: dancer|Revelation Dance|p2b: Comfey\n|-crit|p2b: Comfey\n|-damage|p2b: Comfey|0 fnt\n|faint|p2b: Comfey\n|-activate|p2a: Oricorio|ability: Dancer\n|move|p2a: Oricorio|Revelation Dance|p1a: dance dance|[from]ability: Dancer\n|-damage|p1a: dance dance|7\/100\n|move|p2a: Oricorio|Revelation Dance|p1a: dance dance\n|-damage|p1a: dance dance|0 fnt\n|faint|p1a: dance dance\n|-activate|p1b: dancer|ability: Dancer\n|move|p1b: dancer|Revelation Dance|p2a: Oricorio|[from]ability: Dancer\n|-immune|p2a: Oricorio\n|\n|upkeep\n|\n|t:|1698804749\n|switch|p2b: Tornadus|Tornadus, M|100\/100\n|switch|p1a: dance dance dance|Flamigo, F|100\/100\n|-copyboost|p1a: dance dance dance|p1b: dancer|[from] ability: Costar\n|turn|4\n|\n|t:|1698804775\n|move|p2b: Tornadus|Role Play|p2a: Oricorio\n|-endability|p2b: Tornadus|Prankster|[from] move: Role Play\n|-ability|p2b: Tornadus|Dancer|[from] move: Role Play|[of] p2a: Oricorio\n|move|p1b: dancer|Revelation Dance|p2b: Tornadus\n|-supereffective|p2b: Tornadus\n|-damage|p2b: Tornadus|0 fnt\n|faint|p2b: Tornadus\n|-activate|p2a: Oricorio|ability: Dancer\n|move|p2a: Oricorio|Revelation Dance|p1b: dancer|[from]ability: Dancer\n|-immune|p1b: dancer\n|move|p1a: dance dance dance|Acrobatics|p2a: Oricorio\n|-damage|p2a: Oricorio|0 fnt\n|faint|p2a: Oricorio\n|\n|upkeep\n|\n|t:|1698804784\n|switch|p2b: Vivillon|Vivillon-Monsoon, F, shiny|100\/100\n|switch|p2a: Iron Moth|Iron Moth|100\/100\n|-enditem|p2a: Iron Moth|Booster Energy\n|-activate|p2a: Iron Moth|ability: Quark Drive|[fromitem]\n|-start|p2a: Iron Moth|quarkdrivespe\n|turn|5\n|\n|t:|1698804802\n|move|p2a: Iron Moth|Sludge Wave|p1a: dance dance dance|[spread] p2b,p1a,p1b\n|-damage|p2b: Vivillon|24\/100\n|-damage|p1a: dance dance dance|65\/100\n|-damage|p1b: dancer|0 fnt\n|-status|p2b: Vivillon|psn\n|faint|p1b: dancer\n|move|p1a: dance dance dance|Acrobatics|p2b: Vivillon\n|-supereffective|p2b: Vivillon\n|-damage|p2b: Vivillon|0 fnt\n|faint|p2b: Vivillon\n|\n|upkeep\n|\n|t:|1698804810\n|switch|p1b: dancing|Quaquaval, M|100\/100\n|switch|p2b: Diancie|Diancie|100\/100\n|turn|6\n|\n|t:|1698804823\n|detailschange|p2b: Diancie|Diancie-Mega\n|-mega|p2b: Diancie|Diancie|Diancite\n|-terastallize|p1b: dancing|Water\n|move|p2a: Iron Moth|Dazzling Gleam|p1a: dance dance dance|[spread] p1a,p1b\n|-supereffective|p1a: dance dance dance\n|-damage|p1a: dance dance dance|21\/100\n|-damage|p1b: dancing|74\/100\n|move|p1a: dance dance dance|Tailwind|p1a: dance dance dance\n|-sidestart|p1: lxvliiz|move: Tailwind\n|move|p1b: dancing|Aqua Step|p2b: Diancie\n|-supereffective|p2b: Diancie\n|-damage|p2b: Diancie|0 fnt\n|-boost|p1b: dancing|spe|1\n|faint|p2b: Diancie\n|-ability|p1b: dancing|Moxie|boost\n|-boost|p1b: dancing|atk|1\n|\n|upkeep\n|turn|7\n|\n|t:|1698804836\n|move|p1a: dance dance dance|Acrobatics|p2a: Iron Moth\n|-damage|p2a: Iron Moth|25\/100\n|move|p1b: dancing|Aqua Step|p2a: Iron Moth\n|-supereffective|p2a: Iron Moth\n|-damage|p2a: Iron Moth|0 fnt\n|-boost|p1b: dancing|spe|1\n|faint|p2a: Iron Moth\n|-end|p2a: Iron Moth|Quark Drive|[silent]\n|\n|win|lxvliiz\n|raw|lxvliiz's rating: 1131 &rarr; <strong>1158<\/strong><br \/>(+27 for winning)\n|raw|Obsidrugon's rating: 1165 &rarr; <strong>1138<\/strong><br \/>(-27 for losing)\n|c|\u2606lxvliiz|ggs\n|c|\u2606Obsidrugon|gg\n|c|\u2606lxvliiz|it was fun dancing\n|l| Walccer\n|l|\u2606Obsidrugon\n","uploadtime":1698804848,"views":8,"p1id":"lxvliiz","p2id":"obsidrugon","formatid":"gen9nationaldexdoubles","rating":1138,"private":0,"password":""}