{"id":"gen9nationaldexdoubles-1956512148","p1":"Bananamann457","p2":"S1r.sweepsaLot","format":"[Gen 9] National Dex Doubles","log":"|j|\u2606Bananamann457\n|j|\u2606S1r.sweepsaLot\n|t:|1696115569\n|gametype|doubles\n|player|p1|Bananamann457|scientist-gen4|\n|player|p2|S1r.sweepsaLot|marshal|\n|teamsize|p1|6\n|teamsize|p2|6\n|gen|9\n|tier|[Gen 9] National Dex Doubles\n|rule|HP Percentage Mod: HP is shown in percentages\n|rule|Endless Battle Clause: Forcing endless battles is banned\n|rule|OHKO Clause: OHKO moves are banned\n|rule|Evasion Moves Clause: Evasion moves are banned\n|rule|Evasion Abilities Clause: Evasion abilities are banned\n|rule|Species Clause: Limit one of each Pok\u00e9mon\n|rule|Gravity Sleep Clause: The combination of sleep-inducing moves with imperfect accuracy and Gravity or Gigantamax Orbeetle are banned\n|clearpoke\n|poke|p1|Mudsdale, F|\n|poke|p1|Flutter Mane|\n|poke|p1|Palafin, F|\n|poke|p1|Arcanine, F|\n|poke|p1|Whimsicott, F|\n|poke|p1|Lucario, M|\n|poke|p2|Tyranitar, M|\n|poke|p2|Excadrill, M|\n|poke|p2|Togekiss, M|\n|poke|p2|Kommo-o, M|\n|poke|p2|Gholdengo|\n|poke|p2|Incineroar, F|\n|teampreview\n|j| peeepee\n|j| Pugplayer\n|j| thundervoltss\n|\n|t:|1696115633\n|start\n|switch|p1a: Bestest Boy|Whimsicott, F|100\/100\n|switch|p1b: Sokka|Lucario, M|100\/100\n|switch|p2a: Look at Me|Togekiss, M|100\/100\n|switch|p2b: Concert Speaker|Kommo-o, M|100\/100\n|turn|1\n|c| Pugplayer|My bet is one bananananana\n|c|\u2606Bananamann457|naaaaahhh\n|\n|t:|1696115679\n|move|p2a: Look at Me|Follow Me|p2a: Look at Me\n|-singleturn|p2a: Look at Me|move: Follow Me\n|move|p1a: Bestest Boy|Moonblast|p2a: Look at Me\n|-damage|p2a: Look at Me|73\/100\n|-unboost|p2a: Look at Me|spa|1\n|move|p1b: Sokka|Rock Slide|p2b: Concert Speaker|[spread] p2a,p2b\n|-supereffective|p2a: Look at Me\n|-resisted|p2b: Concert Speaker\n|-damage|p2a: Look at Me|41\/100\n|-damage|p2b: Concert Speaker|91\/100\n|-damage|p1b: Sokka|91\/100|[from] item: Life Orb\n|move|p2b: Concert Speaker|Clangorous Soul|p2b: Concert Speaker\n|-boost|p2b: Concert Speaker|atk|1\n|-boost|p2b: Concert Speaker|def|1\n|-boost|p2b: Concert Speaker|spa|1\n|-boost|p2b: Concert Speaker|spd|1\n|-boost|p2b: Concert Speaker|spe|1\n|-damage|p2b: Concert Speaker|58\/100\n|-enditem|p2b: Concert Speaker|Throat Spray\n|-boost|p2b: Concert Speaker|spa|1|[from] item: Throat Spray\n|\n|upkeep\n|turn|2\n|l| peeepee\n|\n|t:|1696115706\n|switch|p2a: Nala|Incineroar, F|100\/100\n|-ability|p2a: Nala|Intimidate|boost\n|-unboost|p1a: Bestest Boy|atk|1\n|-unboost|p1b: Sokka|atk|1\n|-terastallize|p2b: Concert Speaker|Fire\n|move|p1a: Bestest Boy|Tailwind|p1a: Bestest Boy\n|-sidestart|p1: Bananamann457|move: Tailwind\n|move|p1b: Sokka|Rock Slide|p2a: Nala|[spread] p2a,p2b\n|-supereffective|p2a: Nala\n|-supereffective|p2b: Concert Speaker\n|-damage|p2a: Nala|76\/100\n|-damage|p2b: Concert Speaker|37\/100\n|-damage|p1b: Sokka|81\/100|[from] item: Life Orb\n|cant|p2b: Concert Speaker|flinch\n|\n|upkeep\n|turn|3\n|j| peeepee\n|\n|t:|1696115731\n|move|p1b: Sokka|Protect|p1b: Sokka\n|-singleturn|p1b: Sokka|Protect\n|move|p2a: Nala|Fake Out|p1b: Sokka\n|-activate|p1b: Sokka|move: Protect\n|move|p1a: Bestest Boy|Moonblast|p2b: Concert Speaker\n|-resisted|p2b: Concert Speaker\n|-damage|p2b: Concert Speaker|21\/100\n|move|p2b: Concert Speaker|Flamethrower|p1a: Bestest Boy\n|-supereffective|p1a: Bestest Boy\n|-damage|p1a: Bestest Boy|0 fnt\n|faint|p1a: Bestest Boy\n|\n|upkeep\n|\n|t:|1696115743\n|switch|p1a: Furry Incinerator|Arcanine, F|100\/100\n|turn|4\n|\n|t:|1696115754\n|move|p2b: Concert Speaker|Protect|p2b: Concert Speaker\n|-singleturn|p2b: Concert Speaker|Protect\n|move|p1a: Furry Incinerator|Howl|p1a: Furry Incinerator|[spread] p1a,p1b\n|-boost|p1a: Furry Incinerator|atk|1\n|-boost|p1b: Sokka|atk|1\n|move|p1b: Sokka|Rock Slide|p2b: Concert Speaker|[spread] p2a\n|-activate|p2b: Concert Speaker|move: Protect\n|-supereffective|p2a: Nala\n|-crit|p2a: Nala\n|-damage|p2a: Nala|19\/100\n|-enditem|p2a: Nala|Figy Berry|[eat]\n|-heal|p2a: Nala|52\/100|[from] item: Figy Berry\n|-damage|p1b: Sokka|71\/100|[from] item: Life Orb\n|move|p2a: Nala|Parting Shot|p1b: Sokka\n|-unboost|p1b: Sokka|atk|1\n|-unboost|p1b: Sokka|spa|1\n|\n|t:|1696115770\n|switch|p2a: Look at Me|Togekiss, M|41\/100|[from] Parting Shot\n|\n|upkeep\n|turn|5\n|\n|t:|1696115784\n|switch|p2a: Nala|Incineroar, F|52\/100\n|-ability|p2a: Nala|Intimidate|boost\n|-unboost|p1a: Furry Incinerator|atk|1\n|-unboost|p1b: Sokka|atk|1\n|move|p1a: Furry Incinerator|Howl|p1a: Furry Incinerator|[spread] p1a,p1b\n|-boost|p1a: Furry Incinerator|atk|1\n|-boost|p1b: Sokka|atk|1\n|move|p1b: Sokka|Rock Slide|p2a: Nala|[spread] p2a,p2b\n|-supereffective|p2a: Nala\n|-crit|p2a: Nala\n|-supereffective|p2b: Concert Speaker\n|-damage|p2a: Nala|0 fnt\n|-damage|p2b: Concert Speaker|2\/100\n|faint|p2a: Nala\n|-damage|p1b: Sokka|61\/100|[from] item: Life Orb\n|move|p2b: Concert Speaker|Flamethrower|p1b: Sokka\n|-supereffective|p1b: Sokka\n|-damage|p1b: Sokka|0 fnt\n|faint|p1b: Sokka\n|\n|-sideend|p1: Bananamann457|move: Tailwind\n|upkeep\n|\n|t:|1696115802\n|switch|p1b: Mudsdale|Mudsdale, F|100\/100\n|switch|p2a: Look at Me|Togekiss, M|41\/100\n|turn|6\n|\n|t:|1696115810\n|move|p2b: Concert Speaker|Protect|p2b: Concert Speaker\n|-singleturn|p2b: Concert Speaker|Protect\n|move|p1a: Furry Incinerator|Howl|p1a: Furry Incinerator|[spread] p1a,p1b\n|-boost|p1a: Furry Incinerator|atk|1\n|-boost|p1b: Mudsdale|atk|1\n|move|p2a: Look at Me|Tailwind|p2a: Look at Me\n|-sidestart|p2: S1r.sweepsaLot|move: Tailwind\n|move|p1b: Mudsdale|Rock Slide|p2a: Look at Me|[spread] p2a\n|-activate|p2b: Concert Speaker|move: Protect\n|-supereffective|p2a: Look at Me\n|-damage|p2a: Look at Me|0 fnt\n|faint|p2a: Look at Me\n|\n|upkeep\n|\n|t:|1696115824\n|switch|p2a: Godzilla|Tyranitar, M|100\/100\n|-weather|Sandstorm|[from] ability: Sand Stream|[of] p2a: Godzilla\n|turn|7\n|c| thundervoltss|damn two rock slide crit twice on incin\n|c| thundervoltss|it wanted it dead\n|\n|t:|1696115841\n|move|p1a: Furry Incinerator|Extreme Speed|p2b: Concert Speaker\n|-damage|p2b: Concert Speaker|0 fnt\n|faint|p2b: Concert Speaker\n|-zpower|p2a: Godzilla\n|move|p2a: Godzilla|Continental Crush|p1a: Furry Incinerator|[zeffect]\n|-supereffective|p1a: Furry Incinerator\n|-damage|p1a: Furry Incinerator|0 fnt\n|faint|p1a: Furry Incinerator\n|move|p1b: Mudsdale|High Horsepower|p2a: Godzilla\n|-supereffective|p2a: Godzilla\n|-damage|p2a: Godzilla|0 fnt\n|faint|p2a: Godzilla\n|\n|-weather|Sandstorm|[upkeep]\n|upkeep\n|c|\u2606Bananamann457|fax\n|\n|t:|1696115855\n|switch|p1a: All Might|Palafin, F|100\/100\n|switch|p2b: Money Bags|Gholdengo, shiny|100\/100\n|switch|p2a: Home Depot|Excadrill, M|100\/100\n|turn|8\n|\n|t:|1696115895\n|detailschange|p1a: All Might|Palafin-Hero, F\n|switch|p1a: Flushdrivus|Flutter Mane|100\/100\n|-enditem|p1a: Flushdrivus|Booster Energy\n|-activate|p1a: Flushdrivus|ability: Protosynthesis|[fromitem]\n|-start|p1a: Flushdrivus|protosynthesisspa\n|move|p2b: Money Bags|Protect|p2b: Money Bags\n|-singleturn|p2b: Money Bags|Protect\n|move|p2a: Home Depot|High Horsepower|p1a: Flushdrivus\n|-damage|p1a: Flushdrivus|3\/100\n|-damage|p2a: Home Depot|91\/100|[from] item: Life Orb\n|move|p1b: Mudsdale|High Horsepower|p2b: Money Bags\n|-activate|p2b: Money Bags|move: Protect\n|\n|-weather|Sandstorm|[upkeep]\n|-damage|p1a: Flushdrivus|0 fnt|[from] Sandstorm\n|faint|p1a: Flushdrivus\n|-end|p1a: Flushdrivus|Protosynthesis|[silent]\n|upkeep\n|\n|t:|1696115903\n|switch|p1a: All Might|Palafin-Hero, F|100\/100\n|-activate|p1a: All Might|ability: Zero to Hero\n|turn|9\n|\n|t:|1696115926\n|move|p1a: All Might|Protect|p1a: All Might\n|-singleturn|p1a: All Might|Protect\n|move|p2a: Home Depot|High Horsepower|p1a: All Might\n|-activate|p1a: All Might|move: Protect\n|move|p2b: Money Bags|Shadow Ball|p1b: Mudsdale\n|-damage|p1b: Mudsdale|71\/100\n|-ability|p1b: Mudsdale|Stamina|boost\n|-boost|p1b: Mudsdale|def|1\n|move|p1b: Mudsdale|High Horsepower|p2b: Money Bags|[miss]\n|-miss|p1b: Mudsdale|p2b: Money Bags\n|\n|-weather|Sandstorm|[upkeep]\n|-damage|p1a: All Might|94\/100|[from] Sandstorm\n|-sideend|p2: S1r.sweepsaLot|move: Tailwind\n|upkeep\n|turn|10\n|\n|t:|1696115955\n|-terastallize|p1a: All Might|Water\n|move|p1a: All Might|Jet Punch|p2a: Home Depot\n|-supereffective|p2a: Home Depot\n|-damage|p2a: Home Depot|0 fnt\n|faint|p2a: Home Depot\n|move|p2b: Money Bags|Shadow Ball|p1a: All Might\n|-damage|p1a: All Might|54\/100\n|move|p1b: Mudsdale|High Horsepower|p2b: Money Bags\n|-supereffective|p2b: Money Bags\n|-damage|p2b: Money Bags|0 fnt\n|faint|p2b: Money Bags\n|\n|win|Bananamann457\n|l|\u2606Bananamann457\n|l| peeepee\n|l| thundervoltss\n","uploadtime":1696115970,"views":10,"p1id":"bananamann457","p2id":"s1rsweepsalot","formatid":"gen9nationaldexdoubles","rating":0,"private":0,"password":""}