{"id":"gen9nationaldexdoubles-1965595863","p1":"sniper12138","p2":"ReZisTLust","format":"[Gen 9] National Dex Doubles","log":"|j|\u2606sniper12138\n|j|\u2606ReZisTLust\n|t:|1697094084\n|gametype|doubles\n|player|p1|sniper12138|170|1029\n|player|p2|ReZisTLust|backersf|1000\n|teamsize|p1|6\n|teamsize|p2|6\n|gen|9\n|tier|[Gen 9] National Dex Doubles\n|rated|\n|rule|HP Percentage Mod: HP is shown in percentages\n|rule|Endless Battle Clause: Forcing endless battles is banned\n|rule|OHKO Clause: OHKO moves are banned\n|rule|Evasion Moves Clause: Evasion moves are banned\n|rule|Evasion Abilities Clause: Evasion abilities are banned\n|rule|Species Clause: Limit one of each Pok\u00e9mon\n|rule|Gravity Sleep Clause: The combination of sleep-inducing moves with imperfect accuracy and Gravity or Gigantamax Orbeetle are banned\n|clearpoke\n|poke|p1|Hatterene, F|\n|poke|p1|Sinistcha-Masterpiece|\n|poke|p1|Ursaluna-Bloodmoon, M|\n|poke|p1|Scizor, F|\n|poke|p1|Ferrothorn, F|\n|poke|p1|Baxcalibur, M|\n|poke|p2|Gallade, M|\n|poke|p2|Flamigo, M|\n|poke|p2|Primeape, F|\n|poke|p2|Toxicroak, M|\n|poke|p2|Infernape, F|\n|poke|p2|Breloom, F|\n|teampreview\n|\n|t:|1697094093\n|start\n|switch|p1a: Hatterene|Hatterene, F|100\/100\n|switch|p1b: Scizor|Scizor, F|100\/100\n|switch|p2a: Toxicroak|Toxicroak, M|100\/100\n|switch|p2b: Primeape|Primeape, F|100\/100\n|turn|1\n|\n|t:|1697094108\n|detailschange|p1b: Scizor|Scizor-Mega, F\n|-mega|p1b: Scizor|Scizor|Scizorite\n|move|p2b: Primeape|Fling|p1b: Scizor\n|-damage|p1b: Scizor|79\/100\n|-enditem|p2b: Primeape|Assault Vest|[from] move: Fling\n|move|p2a: Toxicroak|Thief|p1b: Scizor\n|-damage|p1b: Scizor|63\/100\n|move|p1b: Scizor|Swords Dance|p1b: Scizor\n|-boost|p1b: Scizor|atk|2\n|move|p1a: Hatterene|Trick Room|p1a: Hatterene\n|-fieldstart|move: Trick Room|[of] p1a: Hatterene\n|\n|-damage|p2a: Toxicroak|88\/100|[from] item: Sticky Barb\n|upkeep\n|turn|2\n|c|\u2606ReZisTLust|Operation ayo jump his ass failed :[\n|\n|t:|1697094153\n|move|p1b: Scizor|Detect|p1b: Scizor\n|-singleturn|p1b: Scizor|Protect\n|move|p1a: Hatterene|Misty Explosion|p2a: Toxicroak|[spread] p2a,p2b\n|-activate|p1b: Scizor|move: Protect\n|-supereffective|p2b: Primeape\n|-damage|p2a: Toxicroak|34\/100\n|-damage|p2b: Primeape|0 fnt\n|faint|p1a: Hatterene\n|faint|p2b: Primeape\n|move|p2a: Toxicroak|Bounce||[still]\n|-prepare|p2a: Toxicroak|Bounce\n|\n|-damage|p2a: Toxicroak|22\/100|[from] item: Sticky Barb\n|upkeep\n|\n|t:|1697094171\n|switch|p1a: Ursaluna|Ursaluna-Bloodmoon, M|100\/100\n|switch|p2b: Flamigo|Flamigo, M|100\/100\n|-copyboost|p2b: Flamigo|p2a: Toxicroak|[from] ability: Costar\n|turn|3\n|\n|t:|1697094181\n|move|p1b: Scizor|Bullet Punch|p2a: Toxicroak|[miss]\n|-miss|p1b: Scizor|p2a: Toxicroak\n|move|p1a: Ursaluna|Blood Moon|p2b: Flamigo\n|-damage|p2b: Flamigo|14\/100\n|move|p2a: Toxicroak|Bounce|p1b: Scizor|[from]lockedmove\n|-damage|p1b: Scizor|42\/100\n|move|p2b: Flamigo|Copycat|p2b: Flamigo\n|move|p2b: Flamigo|Bounce||[from]move: Copycat|[still]\n|-prepare|p2b: Flamigo|Bounce\n|\n|-damage|p2a: Toxicroak|9\/100|[from] item: Sticky Barb\n|upkeep\n|turn|4\n|\n|t:|1697094206\n|move|p1b: Scizor|Detect|p1b: Scizor\n|-singleturn|p1b: Scizor|Protect\n|move|p1a: Ursaluna|Vacuum Wave|p2a: Toxicroak\n|-resisted|p2a: Toxicroak\n|-damage|p2a: Toxicroak|2\/100\n|move|p2a: Toxicroak|Thief|p1a: Ursaluna\n|-damage|p1a: Ursaluna|89\/100\n|move|p2b: Flamigo|Bounce|p1a: Ursaluna|[from]lockedmove|[miss]\n|-miss|p2b: Flamigo|p1a: Ursaluna\n|\n|-damage|p2a: Toxicroak|0 fnt|[from] item: Sticky Barb\n|faint|p2a: Toxicroak\n|upkeep\n|\n|t:|1697094236\n|switch|p2a: Breloom|Breloom, F|100\/100\n|turn|5\n|\n|t:|1697094248\n|move|p1b: Scizor|Bullet Punch|p2b: Flamigo\n|-damage|p2b: Flamigo|0 fnt\n|faint|p2b: Flamigo\n|-zpower|p1a: Ursaluna\n|move|p1a: Ursaluna|Breakneck Blitz|p2a: Breloom|[zeffect]\n|-damage|p2a: Breloom|0 fnt\n|faint|p2a: Breloom\n|\n|-fieldend|move: Trick Room\n|upkeep\n|\n|t:|1697094260\n|switch|p2a: Gallade|Gallade, M|100\/100\n|switch|p2b: Infernape|Infernape, F|100\/100\n|turn|6\n|\n|t:|1697094278\n|detailschange|p2a: Gallade|Gallade-Mega, M\n|-mega|p2a: Gallade|Gallade|Galladite\n|-terastallize|p2b: Infernape|Fire\n|move|p1b: Scizor|Bullet Punch|p2a: Gallade\n|-damage|p2a: Gallade|31\/100\n|move|p2b: Infernape|Dig||[still]\n|-prepare|p2b: Infernape|Dig\n|move|p2a: Gallade|Drain Punch|p1a: Ursaluna\n|-supereffective|p1a: Ursaluna\n|-damage|p1a: Ursaluna|31\/100\n|-heal|p2a: Gallade|70\/100|[from] drain|[of] p1a: Ursaluna\n|move|p1a: Ursaluna|Blood Moon|p2b: Infernape|[miss]\n|-miss|p1a: Ursaluna|p2b: Infernape\n|\n|upkeep\n|turn|7\n|\n|t:|1697094302\n|move|p1b: Scizor|Bullet Punch|p2a: Gallade\n|-damage|p2a: Gallade|7\/100\n|move|p1a: Ursaluna|Vacuum Wave|p2a: Gallade\n|-resisted|p2a: Gallade\n|-damage|p2a: Gallade|0 fnt\n|faint|p2a: Gallade\n|move|p2b: Infernape|Dig|p1a: Ursaluna|[from]lockedmove\n|-damage|p1a: Ursaluna|19\/100\n|\n|upkeep\n|turn|8\n|-message|ReZisTLust forfeited.\n|\n|win|sniper12138\n|raw|sniper12138's rating: 1029 &rarr; <strong>1062<\/strong><br \/>(+33 for winning)\n|raw|ReZisTLust's rating: 1000 &rarr; <strong>1000<\/strong><br \/>(+0 for losing)\n|l|\u2606ReZisTLust\n","uploadtime":1697094320,"views":7,"p1id":"sniper12138","p2id":"rezistlust","formatid":"gen9nationaldexdoubles","rating":1000,"private":0,"password":""}