{"id":"gen9nationaldexdoubles-1958624620","p1":"Theadonia","p2":"wymla wimp","format":"[Gen 9] National Dex Doubles","log":"|j|\u2606Theadonia\n|j|\u203dwymla wimp\n|t:|1696345955\n|gametype|doubles\n|player|p1|Theadonia|caitlin|1127\n|player|p2|wymla wimp|2|1070\n|teamsize|p1|6\n|teamsize|p2|6\n|gen|9\n|tier|[Gen 9] National Dex Doubles\n|rated|\n|rule|HP Percentage Mod: HP is shown in percentages\n|rule|Endless Battle Clause: Forcing endless battles is banned\n|rule|OHKO Clause: OHKO moves are banned\n|rule|Evasion Moves Clause: Evasion moves are banned\n|rule|Evasion Abilities Clause: Evasion abilities are banned\n|rule|Species Clause: Limit one of each Pok\u00e9mon\n|rule|Gravity Sleep Clause: The combination of sleep-inducing moves with imperfect accuracy and Gravity or Gigantamax Orbeetle are banned\n|clearpoke\n|poke|p1|Delphox, M|\n|poke|p1|Oricorio-Sensu, M|\n|poke|p1|Kommo-o, F|\n|poke|p1|Riolu, M|\n|poke|p1|Cresselia, F|\n|poke|p1|Smeargle, F|\n|poke|p2|Amoonguss, F|\n|poke|p2|Diancie|\n|poke|p2|Cresselia, F|\n|poke|p2|Camerupt, F|\n|poke|p2|Rotom-Wash|\n|poke|p2|Scrafty, F|\n|teampreview\n|\n|t:|1696345979\n|start\n|switch|p1a: Kommo-o|Kommo-o, F, shiny|100\/100\n|switch|p1b: Smeargle|Smeargle, F|100\/100\n|switch|p2a: Cresselia|Cresselia, F, shiny|100\/100\n|switch|p2b: Camerupt|Camerupt, F, shiny|100\/100\n|turn|1\n|\n|t:|1696345988\n|detailschange|p2b: Camerupt|Camerupt-Mega, F, shiny\n|-mega|p2b: Camerupt|Camerupt|Cameruptite\n|move|p2b: Camerupt|Protect|p2b: Camerupt\n|-singleturn|p2b: Camerupt|Protect\n|move|p1b: Smeargle|Simple Beam|p1a: Kommo-o\n|-endability|p1a: Kommo-o|Soundproof|[from] move: Simple Beam\n|-ability|p1a: Kommo-o|Simple|[from] move: Simple Beam\n|-zpower|p1a: Kommo-o\n|move|p1a: Kommo-o|Clangorous Soulblaze|p2a: Cresselia|[zeffect]|[spread] p2a,p2b\n|-zbroken|p2b: Camerupt\n|-damage|p2a: Cresselia|70\/100\n|-damage|p2b: Camerupt|90\/100\n|-boost|p1a: Kommo-o|atk|2\n|-boost|p1a: Kommo-o|def|2\n|-boost|p1a: Kommo-o|spa|2\n|-boost|p1a: Kommo-o|spd|2\n|-boost|p1a: Kommo-o|spe|2\n|move|p2a: Cresselia|Trick Room|p2a: Cresselia\n|-fieldstart|move: Trick Room|[of] p2a: Cresselia\n|\n|upkeep\n|turn|2\n|\n|t:|1696346012\n|switch|p1b: Oricorio|Oricorio-Sensu, M, shiny|100\/100\n|move|p2a: Cresselia|Helping Hand|p2b: Camerupt\n|-singleturn|p2b: Camerupt|Helping Hand|[of] p2a: Cresselia\n|move|p2b: Camerupt|Heat Wave|p1b: Oricorio|[spread] p1a,p1b\n|-resisted|p1a: Kommo-o\n|-damage|p1a: Kommo-o|73\/100\n|-damage|p1b: Oricorio|0 fnt\n|faint|p1b: Oricorio\n|move|p1a: Kommo-o|Clangorous Soul|p1a: Kommo-o\n|-boost|p1a: Kommo-o|atk|2\n|-boost|p1a: Kommo-o|def|2\n|-boost|p1a: Kommo-o|spa|2\n|-boost|p1a: Kommo-o|spd|2\n|-boost|p1a: Kommo-o|spe|2\n|-damage|p1a: Kommo-o|40\/100\n|\n|upkeep\n|\n|t:|1696346023\n|switch|p1b: Riolu|Riolu, M|100\/100\n|turn|3\n|\n|t:|1696346033\n|move|p2a: Cresselia|Helping Hand|p2b: Camerupt\n|-singleturn|p2b: Camerupt|Helping Hand|[of] p2a: Cresselia\n|move|p1b: Riolu|Copycat||[still]\n|-fail|p1b: Riolu\n|move|p2b: Camerupt|Heat Wave|p1a: Kommo-o|[spread] p1a,p1b\n|-resisted|p1a: Kommo-o\n|-damage|p1a: Kommo-o|21\/100\n|-damage|p1b: Riolu|0 fnt\n|faint|p1b: Riolu\n|move|p1a: Kommo-o|Clanging Scales|p2a: Cresselia|[spread] p2a,p2b\n|-damage|p2a: Cresselia|19\/100\n|-damage|p2b: Camerupt|16\/100\n|-unboost|p1a: Kommo-o|def|2\n|\n|upkeep\n|\n|t:|1696346038\n|switch|p1b: Smeargle|Smeargle, F|100\/100\n|turn|4\n|\n|t:|1696346056\n|move|p2a: Cresselia|Helping Hand|p2b: Camerupt\n|-singleturn|p2b: Camerupt|Helping Hand|[of] p2a: Cresselia\n|move|p1b: Smeargle|Extreme Speed|p2a: Cresselia\n|-damage|p2a: Cresselia|14\/100\n|move|p2b: Camerupt|Heat Wave|p1b: Smeargle|[spread] p1a,p1b\n|-resisted|p1a: Kommo-o\n|-damage|p1a: Kommo-o|4\/100\n|-damage|p1b: Smeargle|0 fnt\n|faint|p1b: Smeargle\n|move|p1a: Kommo-o|Drain Punch|p2b: Camerupt\n|-damage|p2b: Camerupt|0 fnt\n|-heal|p1a: Kommo-o|13\/100|[from] drain|[of] p2b: Camerupt\n|faint|p2b: Camerupt\n|\n|upkeep\n|\n|t:|1696346078\n|switch|p2b: Rotom|Rotom-Wash, shiny|100\/100\n|switch|p1b: Cresselia|Cresselia, F|100\/100\n|turn|5\n|\n|t:|1696346095\n|move|p2a: Cresselia|Moonlight|p2a: Cresselia\n|-heal|p2a: Cresselia|64\/100\n|move|p2b: Rotom|Thunderbolt|p1a: Kommo-o\n|-resisted|p1a: Kommo-o\n|-damage|p1a: Kommo-o|5\/100\n|move|p1b: Cresselia|Psych Up|p1a: Kommo-o\n|-copyboost|p1b: Cresselia|p1a: Kommo-o|[from] move: Psych Up\n|move|p1a: Kommo-o|Drain Punch|p2b: Rotom\n|-damage|p2b: Rotom|0 fnt\n|-heal|p1a: Kommo-o|57\/100|[from] drain|[of] p2b: Rotom\n|faint|p2b: Rotom\n|\n|-fieldend|move: Trick Room\n|upkeep\n|\n|t:|1696346102\n|switch|p2b: Scrafty|Scrafty, F, shiny|100\/100\n|-ability|p2b: Scrafty|Intimidate|boost\n|-unboost|p1a: Kommo-o|atk|2\n|-unboost|p1b: Cresselia|atk|1\n|turn|6\n|\n|t:|1696346124\n|move|p1a: Kommo-o|Clanging Scales|p2a: Cresselia|[spread] p2a,p2b\n|-crit|p2a: Cresselia\n|-damage|p2a: Cresselia|0 fnt\n|-damage|p2b: Scrafty|18\/100\n|faint|p2a: Cresselia\n|-unboost|p1a: Kommo-o|def|2\n|move|p1b: Cresselia|Stored Power|p2b: Scrafty\n|-immune|p2b: Scrafty\n|move|p2b: Scrafty|Knock Off|p1b: Cresselia\n|-supereffective|p1b: Cresselia\n|-damage|p1b: Cresselia|63\/100\n|-enditem|p1b: Cresselia|Leftovers|[from] move: Knock Off|[of] p2b: Scrafty\n|-damage|p2b: Scrafty|8\/100|[from] item: Life Orb\n|\n|upkeep\n|\n|t:|1696346139\n|switch|p2a: Diancie|Diancie, shiny|100\/100\n|turn|7\n|\n|t:|1696346147\n|move|p1a: Kommo-o|Poison Jab|p2a: Diancie\n|-damage|p2a: Diancie|61\/100\n|move|p1b: Cresselia|Icy Wind|p2a: Diancie|[spread] p2a,p2b\n|-damage|p2a: Diancie|34\/100\n|-damage|p2b: Scrafty|0 fnt\n|faint|p2b: Scrafty\n|move|p2a: Diancie|Trick Room|p2a: Diancie\n|-fieldstart|move: Trick Room|[of] p2a: Diancie\n|\n|upkeep\n|\n|t:|1696346151\n|switch|p2b: Amoonguss|Amoonguss, F, shiny|100\/100\n|turn|8\n|\n|t:|1696346164\n|move|p2b: Amoonguss|Spore|p1b: Cresselia\n|-status|p1b: Cresselia|slp|[from] move: Spore\n|move|p2a: Diancie|Diamond Storm|p1b: Cresselia|[spread] p1a,p1b\n|-resisted|p1a: Kommo-o\n|-damage|p1a: Kommo-o|42\/100\n|-damage|p1b: Cresselia|54\/100 slp\n|cant|p1b: Cresselia|slp\n|move|p1a: Kommo-o|Poison Jab|p2a: Diancie\n|-damage|p2a: Diancie|0 fnt\n|faint|p2a: Diancie\n|\n|upkeep\n|turn|9\n|\n|t:|1696346173\n|move|p2b: Amoonguss|Spore|p1a: Kommo-o\n|-status|p1a: Kommo-o|slp|[from] move: Spore\n|-curestatus|p1b: Cresselia|slp|[msg]\n|move|p1b: Cresselia|Stored Power|p2b: Amoonguss\n|-supereffective|p2b: Amoonguss\n|-damage|p2b: Amoonguss|0 fnt\n|faint|p2b: Amoonguss\n|\n|win|Theadonia\n|raw|Theadonia's rating: 1127 &rarr; <strong>1148<\/strong><br \/>(+21 for winning)\n|raw|wymla wimp's rating: 1070 &rarr; <strong>1053<\/strong><br \/>(-17 for losing)\n|l|\u203dwymla wimp\n|c|\u2606Theadonia|Ggwp\n","uploadtime":1696346186,"views":13,"p1id":"theadonia","p2id":"wymlawimp","formatid":"gen9nationaldexdoubles","rating":1053,"private":0,"password":""}