{"id":"gen9nationaldexdoubles-1970975771","p1":"NinjiBro","p2":"Flames98765","format":"[Gen 9] National Dex Doubles","log":"|j|\u2606NinjiBro\n|j|\u2606Flames98765\n|t:|1697687297\n|gametype|doubles\n|player|p1|NinjiBro|ryuki|\n|player|p2|Flames98765|jasmine|\n|teamsize|p1|6\n|teamsize|p2|6\n|gen|9\n|tier|[Gen 9] National Dex Doubles\n|rule|HP Percentage Mod: HP is shown in percentages\n|rule|Endless Battle Clause: Forcing endless battles is banned\n|rule|OHKO Clause: OHKO moves are banned\n|rule|Evasion Moves Clause: Evasion moves are banned\n|rule|Evasion Abilities Clause: Evasion abilities are banned\n|rule|Species Clause: Limit one of each Pok\u00e9mon\n|rule|Gravity Sleep Clause: The combination of sleep-inducing moves with imperfect accuracy and Gravity or Gigantamax Orbeetle are banned\n|clearpoke\n|poke|p1|Ogerpon-Hearthflame, F|\n|poke|p1|Urshifu-*, F|\n|poke|p1|Sandy Shocks|\n|poke|p1|Tornadus, M|\n|poke|p1|Kommo-o, M|\n|poke|p1|Flutter Mane|\n|poke|p2|Camerupt, F|\n|poke|p2|Cresselia, F|\n|poke|p2|Ursaluna, F|\n|poke|p2|Walking Wake|\n|poke|p2|Tornadus, M|\n|poke|p2|Armarouge, F|\n|teampreview\n|c|\u2606NinjiBro|GLHF\n|c|\u2606Flames98765|you too\n|\n|t:|1697687375\n|start\n|switch|p1a: Tornadus|Tornadus, M, shiny|100\/100\n|switch|p1b: Urshifu|Urshifu-Rapid-Strike, F|100\/100\n|switch|p2a: Tornadus|Tornadus, M|100\/100\n|switch|p2b: Walking Wake|Walking Wake|100\/100\n|turn|1\n|\n|t:|1697687406\n|move|p2a: Tornadus|Protect|p2a: Tornadus\n|-singleturn|p2a: Tornadus|Protect\n|move|p1b: Urshifu|Protect|p1b: Urshifu\n|-singleturn|p1b: Urshifu|Protect\n|move|p1a: Tornadus|Rain Dance|p1a: Tornadus\n|-weather|RainDance\n|move|p2b: Walking Wake|Hydro Steam|p1a: Tornadus\n|-damage|p1a: Tornadus|10\/100\n|\n|-weather|RainDance|[upkeep]\n|upkeep\n|turn|2\n|\n|t:|1697687422\n|move|p2a: Tornadus|Sunny Day|p2a: Tornadus\n|-weather|SunnyDay\n|-activate|p2b: Walking Wake|ability: Protosynthesis\n|-start|p2b: Walking Wake|protosynthesisspe\n|move|p1a: Tornadus|Tailwind|p1a: Tornadus\n|-sidestart|p1: NinjiBro|move: Tailwind\n|move|p1b: Urshifu|Close Combat|p2b: Walking Wake\n|-damage|p2b: Walking Wake|28\/100\n|-unboost|p1b: Urshifu|def|1\n|-unboost|p1b: Urshifu|spd|1\n|move|p2b: Walking Wake|Hydro Steam|p1a: Tornadus\n|-damage|p1a: Tornadus|0 fnt\n|faint|p1a: Tornadus\n|\n|-weather|SunnyDay|[upkeep]\n|upkeep\n|\n|t:|1697687435\n|switch|p1a: Flutter Mane|Flutter Mane, shiny|100\/100\n|-activate|p1a: Flutter Mane|ability: Protosynthesis\n|-start|p1a: Flutter Mane|protosynthesisspa\n|turn|3\n|\n|t:|1697687464\n|switch|p1b: Sandy Shocks|Sandy Shocks, shiny|100\/100\n|-activate|p1b: Sandy Shocks|ability: Protosynthesis\n|-start|p1b: Sandy Shocks|protosynthesisspa\n|switch|p2a: Cresselia|Cresselia, F|100\/100\n|move|p1a: Flutter Mane|Dazzling Gleam|p2b: Walking Wake|[spread] p2a,p2b\n|-supereffective|p2b: Walking Wake\n|-damage|p2a: Cresselia|75\/100\n|-damage|p2b: Walking Wake|0 fnt\n|faint|p2b: Walking Wake\n|-end|p2b: Walking Wake|Protosynthesis|[silent]\n|\n|-weather|SunnyDay|[upkeep]\n|upkeep\n|\n|t:|1697687477\n|switch|p2b: Ursaluna|Ursaluna, F|100\/100\n|turn|4\n|\n|t:|1697687507\n|-terastallize|p1b: Sandy Shocks|Ice\n|-terastallize|p2a: Cresselia|Steel\n|move|p2b: Ursaluna|Protect|p2b: Ursaluna\n|-singleturn|p2b: Ursaluna|Protect\n|move|p1a: Flutter Mane|Dazzling Gleam|p2b: Ursaluna|[spread] p2a\n|-activate|p2b: Ursaluna|move: Protect\n|-resisted|p2a: Cresselia\n|-damage|p2a: Cresselia|62\/100\n|move|p1b: Sandy Shocks|Tera Blast|p2b: Ursaluna|[anim] Tera Blast Ice\n|-activate|p2b: Ursaluna|move: Protect\n|move|p2a: Cresselia|Trick Room|p2a: Cresselia\n|-fieldstart|move: Trick Room|[of] p2a: Cresselia\n|\n|-weather|SunnyDay|[upkeep]\n|-status|p2b: Ursaluna|brn|[from] item: Flame Orb\n|upkeep\n|turn|5\n|\n|t:|1697687536\n|-end|p1a: Flutter Mane|Protosynthesis|[silent]\n|switch|p1a: Urshifu|Urshifu-Rapid-Strike, F|100\/100\n|move|p2a: Cresselia|Helping Hand|p2b: Ursaluna\n|-singleturn|p2b: Ursaluna|Helping Hand|[of] p2a: Cresselia\n|move|p2b: Ursaluna|Earthquake|p1b: Sandy Shocks|[spread] p1a,p1b\n|-immune|p2a: Cresselia|[from] ability: Levitate\n|-damage|p1a: Urshifu|1\/100\n|-enditem|p1b: Sandy Shocks|Focus Sash\n|-damage|p1b: Sandy Shocks|1\/100\n|move|p1b: Sandy Shocks|Tera Blast|p2b: Ursaluna|[anim] Tera Blast Ice\n|-supereffective|p2b: Ursaluna\n|-damage|p2b: Ursaluna|3\/100 brn\n|\n|-weather|SunnyDay|[upkeep]\n|-damage|p2b: Ursaluna|0 fnt|[from] brn\n|faint|p2b: Ursaluna\n|-sideend|p1: NinjiBro|move: Tailwind\n|upkeep\n|\n|t:|1697687560\n|switch|p2b: Camerupt|Camerupt, F|100\/100\n|turn|6\n|\n|t:|1697687586\n|detailschange|p2b: Camerupt|Camerupt-Mega, F\n|-mega|p2b: Camerupt|Camerupt|Cameruptite\n|move|p1a: Urshifu|Protect|p1a: Urshifu\n|-singleturn|p1a: Urshifu|Protect\n|move|p1b: Sandy Shocks|Protect|p1b: Sandy Shocks\n|-singleturn|p1b: Sandy Shocks|Protect\n|move|p2b: Camerupt|Earth Power|p1b: Sandy Shocks\n|-activate|p1b: Sandy Shocks|move: Protect\n|move|p2a: Cresselia|Moonblast|p1a: Urshifu\n|-activate|p1a: Urshifu|move: Protect\n|\n|-weather|SunnyDay|[upkeep]\n|upkeep\n|turn|7\n|\n|t:|1697687618\n|-end|p1b: Sandy Shocks|Protosynthesis|[silent]\n|switch|p1b: Flutter Mane|Flutter Mane, shiny|100\/100\n|-activate|p1b: Flutter Mane|ability: Protosynthesis\n|-start|p1b: Flutter Mane|protosynthesisspa\n|move|p1a: Urshifu|Aqua Jet|p2b: Camerupt\n|-supereffective|p2b: Camerupt\n|-damage|p2b: Camerupt|52\/100\n|move|p2b: Camerupt|Heat Wave|p1b: Flutter Mane|[spread] p1a,p1b\n|-resisted|p1a: Urshifu\n|-damage|p1a: Urshifu|0 fnt\n|-damage|p1b: Flutter Mane|6\/100\n|faint|p1a: Urshifu\n|move|p2a: Cresselia|Lunar Blessing|p2a: Cresselia|[spread] p2a,p2b\n|-heal|p2a: Cresselia|87\/100\n|-heal|p2b: Camerupt|77\/100\n|\n|-weather|SunnyDay|[upkeep]\n|upkeep\n|\n|t:|1697687636\n|switch|p1a: Sandy Shocks|Sandy Shocks, shiny, tera:Ice|1\/100\n|-activate|p1a: Sandy Shocks|ability: Protosynthesis\n|-start|p1a: Sandy Shocks|protosynthesisspa\n|turn|8\n|\n|t:|1697687659\n|switch|p2a: Tornadus|Tornadus, M|100\/100\n|move|p1a: Sandy Shocks|Protect|p1a: Sandy Shocks\n|-singleturn|p1a: Sandy Shocks|Protect\n|move|p2b: Camerupt|Heat Wave|p1b: Flutter Mane|[spread] \n|-activate|p1a: Sandy Shocks|move: Protect\n|-miss|p2b: Camerupt|p1b: Flutter Mane\n|move|p1b: Flutter Mane|Shadow Ball|p2b: Camerupt\n|-damage|p2b: Camerupt|21\/100\n|\n|-weather|SunnyDay|[upkeep]\n|-fieldend|move: Trick Room\n|upkeep\n|turn|9\n|\n|t:|1697687685\n|move|p2b: Camerupt|Protect|p2b: Camerupt\n|-singleturn|p2b: Camerupt|Protect\n|move|p1b: Flutter Mane|Shadow Ball|p2b: Camerupt\n|-activate|p2b: Camerupt|move: Protect\n|move|p2a: Tornadus|Bleakwind Storm|p1a: Sandy Shocks|[spread] p1b\n|-miss|p2a: Tornadus|p1a: Sandy Shocks\n|-damage|p1b: Flutter Mane|0 fnt\n|faint|p1b: Flutter Mane\n|-end|p1b: Flutter Mane|Protosynthesis|[silent]\n|move|p1a: Sandy Shocks|Tera Blast|p2a: Tornadus|[anim] Tera Blast Ice\n|-supereffective|p2a: Tornadus\n|-damage|p2a: Tornadus|0 fnt\n|faint|p2a: Tornadus\n|\n|-weather|none\n|-end|p1a: Sandy Shocks|Protosynthesis\n|upkeep\n|\n|t:|1697687705\n|switch|p1b: Kommo-o|Kommo-o, M, shiny|100\/100\n|switch|p2a: Armarouge|Armarouge, F|100\/100\n|turn|10\n|\n|t:|1697687716\n|switch|p2b: Cresselia|Cresselia, F, tera:Steel|87\/100\n|move|p1a: Sandy Shocks|Earth Power|p2a: Armarouge\n|-supereffective|p2a: Armarouge\n|-damage|p2a: Armarouge|10\/100\n|-zpower|p1b: Kommo-o\n|move|p1b: Kommo-o|Clangorous Soulblaze|p2b: Cresselia|[zeffect]|[spread] p2a,p2b\n|-resisted|p2b: Cresselia\n|-damage|p2a: Armarouge|0 fnt\n|-damage|p2b: Cresselia|72\/100\n|faint|p2a: Armarouge\n|-boost|p1b: Kommo-o|atk|1\n|-boost|p1b: Kommo-o|def|1\n|-boost|p1b: Kommo-o|spa|1\n|-boost|p1b: Kommo-o|spd|1\n|-boost|p1b: Kommo-o|spe|1\n|\n|upkeep\n|\n|t:|1697687732\n|switch|p2a: Camerupt|Camerupt-Mega, F|21\/100\n|turn|11\n|\n|t:|1697687740\n|move|p2a: Camerupt|Protect|p2a: Camerupt\n|-singleturn|p2a: Camerupt|Protect\n|move|p1b: Kommo-o|Flamethrower|p2b: Cresselia\n|-supereffective|p2b: Cresselia\n|-damage|p2b: Cresselia|31\/100\n|move|p1a: Sandy Shocks|Earth Power|p2a: Camerupt\n|-activate|p2a: Camerupt|move: Protect\n|move|p2b: Cresselia|Trick Room|p2b: Cresselia\n|-fieldstart|move: Trick Room|[of] p2b: Cresselia\n|\n|upkeep\n|turn|12\n|\n|t:|1697687758\n|move|p1a: Sandy Shocks|Protect|p1a: Sandy Shocks\n|-singleturn|p1a: Sandy Shocks|Protect\n|move|p2a: Camerupt|Heat Wave|p1b: Kommo-o|[spread] p1b\n|-activate|p1a: Sandy Shocks|move: Protect\n|-resisted|p1b: Kommo-o\n|-damage|p1b: Kommo-o|78\/100\n|move|p2b: Cresselia|Moonblast|p1b: Kommo-o\n|-supereffective|p1b: Kommo-o\n|-damage|p1b: Kommo-o|26\/100\n|move|p1b: Kommo-o|Flamethrower|p2b: Cresselia\n|-supereffective|p2b: Cresselia\n|-damage|p2b: Cresselia|0 fnt\n|faint|p2b: Cresselia\n|\n|upkeep\n|turn|13\n|\n|t:|1697687775\n|move|p2a: Camerupt|Heat Wave|p1a: Sandy Shocks|[spread] p1a,p1b\n|-supereffective|p1a: Sandy Shocks\n|-crit|p1a: Sandy Shocks\n|-resisted|p1b: Kommo-o\n|-damage|p1a: Sandy Shocks|0 fnt\n|-damage|p1b: Kommo-o|5\/100\n|faint|p1a: Sandy Shocks\n|-end|p1a: Sandy Shocks|Protosynthesis|[silent]\n|move|p1b: Kommo-o|Clanging Scales|p2a: Camerupt\n|-damage|p2a: Camerupt|0 fnt\n|faint|p2a: Camerupt\n|\n|win|NinjiBro\n|c|\u2606Flames98765|gg\n|c|\u2606NinjiBro|GG\n","uploadtime":1697687790,"views":6,"p1id":"ninjibro","p2id":"flames98765","formatid":"gen9nationaldexdoubles","rating":0,"private":0,"password":""}