{"id":"gen9nationaldexdoubles-1995317870","p1":"Sargenbob","p2":"Brendan(games)1","format":"[Gen 9] National Dex Doubles","log":"|j|\u2606Sargenbob\n|j|\u2606Brendan(games)1\n|t:|1700552711\n|gametype|doubles\n|player|p1|Sargenbob|red|1106\n|player|p2|Brendan(games)1|unknown|1061\n|teamsize|p1|6\n|teamsize|p2|6\n|gen|9\n|tier|[Gen 9] National Dex Doubles\n|rated|\n|rule|HP Percentage Mod: HP is shown in percentages\n|rule|Endless Battle Clause: Forcing endless battles is banned\n|rule|OHKO Clause: OHKO moves are banned\n|rule|Evasion Moves Clause: Evasion moves are banned\n|rule|Evasion Abilities Clause: Evasion abilities are banned\n|rule|Species Clause: Limit one of each Pok\u00e9mon\n|rule|Gravity Sleep Clause: The combination of sleep-inducing moves with imperfect accuracy and Gravity or Gigantamax Orbeetle are banned\n|clearpoke\n|poke|p1|Ursaluna, F|\n|poke|p1|Gothitelle, F|\n|poke|p1|Salamence, F|\n|poke|p1|Amoonguss, F|\n|poke|p1|Diancie|\n|poke|p1|Incineroar, F|\n|poke|p2|Armarouge, F|\n|poke|p2|Chien-Pao|\n|poke|p2|Iron Hands|\n|poke|p2|Gholdengo|\n|poke|p2|Ursaluna-Bloodmoon, M|\n|poke|p2|Palafin, M|\n|teampreview\n|inactive|Battle timer is ON: inactive players will automatically lose when time's up. (requested by Sargenbob)\n|\n|t:|1700552726\n|start\n|switch|p1a: El-Macho|Incineroar, F, shiny|100\/100\n|switch|p1b: Shenron|Salamence, F, shiny|100\/100\n|switch|p2a: Diego|Chien-Pao|100\/100\n|switch|p2b: 1$ Superman|Palafin, M|100\/100\n|-ability|p2a: Diego|Sword of Ruin\n|-ability|p1b: Shenron|Intimidate|boost\n|-unboost|p2a: Diego|atk|1\n|-unboost|p2b: 1$ Superman|atk|1\n|-ability|p1a: El-Macho|Intimidate|boost\n|-unboost|p2a: Diego|atk|1\n|-unboost|p2b: 1$ Superman|atk|1\n|turn|1\n|\n|t:|1700552747\n|switch|p2a: MoonBear|Ursaluna-Bloodmoon, M|100\/100\n|detailschange|p1b: Shenron|Salamence-Mega, F, shiny\n|-mega|p1b: Shenron|Salamence|Salamencite\n|move|p1a: El-Macho|Fake Out|p2a: MoonBear\n|-damage|p2a: MoonBear|94\/100\n|move|p1b: Shenron|Breaking Swipe|p2b: 1$ Superman|[spread] p2a,p2b\n|-damage|p2a: MoonBear|79\/100\n|-damage|p2b: 1$ Superman|74\/100\n|-unboost|p2a: MoonBear|atk|1\n|-unboost|p2b: 1$ Superman|atk|1\n|move|p2b: 1$ Superman|Flip Turn|p1a: El-Macho\n|-supereffective|p1a: El-Macho\n|-damage|p1a: El-Macho|83\/100\n|\n|t:|1700552761\n|detailschange|p2b: 1$ Superman|Palafin-Hero, M\n|switch|p2b: Diego|Chien-Pao|100\/100|[from] Flip Turn\n|-ability|p2b: Diego|Sword of Ruin\n|\n|-heal|p2a: MoonBear|85\/100|[from] item: Leftovers\n|upkeep\n|turn|2\n|\n|t:|1700552768\n|switch|p1b: Crystal|Diancie, shiny|100\/100\n|move|p2b: Diego|Brick Break|p1a: El-Macho\n|-supereffective|p1a: El-Macho\n|-damage|p1a: El-Macho|9\/100\n|-damage|p2b: Diego|91\/100|[from] item: Life Orb\n|move|p1a: El-Macho|Flare Blitz|p2b: Diego\n|-supereffective|p2b: Diego\n|-damage|p2b: Diego|0 fnt\n|faint|p2b: Diego\n|-damage|p1a: El-Macho|0 fnt|[from] Recoil\n|faint|p1a: El-Macho\n|move|p2a: MoonBear|Blood Moon|p1b: Crystal\n|-resisted|p1b: Crystal\n|-damage|p1b: Crystal|68\/100\n|\n|-heal|p2a: MoonBear|91\/100|[from] item: Leftovers\n|upkeep\n|\n|t:|1700552786\n|switch|p2b: 1$ Superman|Palafin-Hero, M|74\/100\n|switch|p1a: Shenron|Salamence-Mega, F, shiny|100\/100\n|-activate|p2b: 1$ Superman|ability: Zero to Hero\n|turn|3\n|\n|t:|1700552795\n|move|p1a: Shenron|Breaking Swipe|p2b: 1$ Superman|[spread] p2a,p2b\n|-damage|p2a: MoonBear|75\/100\n|-damage|p2b: 1$ Superman|52\/100\n|-unboost|p2a: MoonBear|atk|1\n|-unboost|p2b: 1$ Superman|atk|1\n|move|p2b: 1$ Superman|Ice Punch|p1a: Shenron\n|-supereffective|p1a: Shenron\n|-damage|p1a: Shenron|26\/100\n|move|p2a: MoonBear|Earth Power|p1b: Crystal\n|-supereffective|p1b: Crystal\n|-damage|p1b: Crystal|0 fnt\n|faint|p1b: Crystal\n|\n|-heal|p2a: MoonBear|81\/100|[from] item: Leftovers\n|upkeep\n|\n|t:|1700552803\n|switch|p1b: Freddy|Ursaluna, F, shiny|100\/100\n|turn|4\n|\n|t:|1700552818\n|switch|p2b: IM LEFT IM RIGHT|Iron Hands|100\/100\n|-enditem|p2b: IM LEFT IM RIGHT|Booster Energy\n|-activate|p2b: IM LEFT IM RIGHT|ability: Quark Drive|[fromitem]\n|-start|p2b: IM LEFT IM RIGHT|quarkdriveatk\n|move|p1b: Freddy|Protect|p1b: Freddy\n|-singleturn|p1b: Freddy|Protect\n|move|p1a: Shenron|Hyper Voice|p2b: IM LEFT IM RIGHT|[spread] p2a,p2b\n|-damage|p2a: MoonBear|37\/100\n|-damage|p2b: IM LEFT IM RIGHT|63\/100\n|move|p2a: MoonBear|Blood Moon|p1a: Shenron\n|-damage|p1a: Shenron|0 fnt\n|faint|p1a: Shenron\n|\n|-heal|p2a: MoonBear|43\/100|[from] item: Leftovers\n|-status|p1b: Freddy|brn|[from] item: Flame Orb\n|upkeep\n|\n|t:|1700552833\n|switch|p1a: Toad|Amoonguss, F, shiny|100\/100\n|turn|5\n|\n|t:|1700552839\n|move|p2b: IM LEFT IM RIGHT|Fake Out|p1b: Freddy\n|-damage|p1b: Freddy|86\/100 brn\n|move|p2a: MoonBear|Moonlight|p2a: MoonBear\n|-heal|p2a: MoonBear|93\/100\n|cant|p1b: Freddy|flinch\n|move|p1a: Toad|Spore|p2a: MoonBear\n|-status|p2a: MoonBear|slp|[from] move: Spore\n|\n|-heal|p2a: MoonBear|99\/100 slp|[from] item: Leftovers\n|-damage|p1b: Freddy|80\/100 brn|[from] brn\n|upkeep\n|turn|6\n|\n|t:|1700552855\n|switch|p2a: MONEY MONEY|Gholdengo|100\/100\n|move|p1a: Toad|Rage Powder|p1a: Toad\n|-singleturn|p1a: Toad|move: Rage Powder\n|move|p2b: IM LEFT IM RIGHT|Drain Punch|p1a: Toad\n|-resisted|p1a: Toad\n|-damage|p1a: Toad|78\/100\n|-heal|p2b: IM LEFT IM RIGHT|73\/100|[from] drain|[of] p1a: Toad\n|-damage|p2b: IM LEFT IM RIGHT|56\/100|[from] item: Rocky Helmet|[of] p1a: Toad\n|move|p1b: Freddy|Facade|p2b: IM LEFT IM RIGHT\n|-damage|p2b: IM LEFT IM RIGHT|0 fnt\n|faint|p2b: IM LEFT IM RIGHT\n|-end|p2b: IM LEFT IM RIGHT|Quark Drive|[silent]\n|\n|-damage|p1b: Freddy|74\/100 brn|[from] brn\n|upkeep\n|\n|t:|1700552862\n|switch|p2b: Mega-Man|Armarouge, F|100\/100\n|turn|7\n|\n|t:|1700552869\n|-terastallize|p1a: Toad|Water\n|move|p2a: MONEY MONEY|Nasty Plot|p2a: MONEY MONEY\n|-boost|p2a: MONEY MONEY|spa|2\n|move|p2b: Mega-Man|Aura Sphere|p1b: Freddy\n|-supereffective|p1b: Freddy\n|-damage|p1b: Freddy|12\/100 brn\n|move|p1b: Freddy|Headlong Rush|p2a: MONEY MONEY\n|-supereffective|p2a: MONEY MONEY\n|-crit|p2a: MONEY MONEY\n|-damage|p2a: MONEY MONEY|0 fnt\n|-unboost|p1b: Freddy|def|1\n|-unboost|p1b: Freddy|spd|1\n|faint|p2a: MONEY MONEY\n|move|p1a: Toad|Spore|p2b: Mega-Man\n|-status|p2b: Mega-Man|slp|[from] move: Spore\n|\n|-damage|p1b: Freddy|6\/100 brn|[from] brn\n|upkeep\n|\n|t:|1700552879\n|switch|p2a: 1$ Superman|Palafin-Hero, M|52\/100\n|turn|8\n|\n|t:|1700552893\n|move|p1a: Toad|Rage Powder|p1a: Toad\n|-singleturn|p1a: Toad|move: Rage Powder\n|move|p2a: 1$ Superman|Jet Punch|p1a: Toad\n|-resisted|p1a: Toad\n|-damage|p1a: Toad|61\/100\n|-damage|p2a: 1$ Superman|36\/100|[from] item: Rocky Helmet|[of] p1a: Toad\n|cant|p2b: Mega-Man|slp\n|move|p1b: Freddy|Facade|p2a: 1$ Superman\n|-damage|p2a: 1$ Superman|0 fnt\n|faint|p2a: 1$ Superman\n|\n|-damage|p1b: Freddy|0 fnt|[from] brn\n|faint|p1b: Freddy\n|upkeep\n|\n|t:|1700552903\n|switch|p2a: MoonBear|Ursaluna-Bloodmoon, M|99\/100 slp\n|switch|p1b: Waifu|Gothitelle, F, shiny|100\/100\n|turn|9\n|\n|t:|1700552910\n|-curestatus|p2b: Mega-Man|slp|[msg]\n|move|p2b: Mega-Man|Shadow Ball|p1b: Waifu\n|-supereffective|p1b: Waifu\n|-damage|p1b: Waifu|43\/100\n|-enditem|p1b: Waifu|Sitrus Berry|[eat]\n|-heal|p1b: Waifu|68\/100|[from] item: Sitrus Berry\n|move|p1b: Waifu|Psychic|p2a: MoonBear\n|-damage|p2a: MoonBear|63\/100 slp\n|cant|p2a: MoonBear|slp\n|move|p1a: Toad|Pollen Puff|p2a: MoonBear\n|-damage|p2a: MoonBear|44\/100 slp\n|\n|-heal|p2a: MoonBear|50\/100 slp|[from] item: Leftovers\n|upkeep\n|turn|10\n|\n|t:|1700552927\n|move|p2b: Mega-Man|Shadow Ball|p1b: Waifu\n|-supereffective|p1b: Waifu\n|-damage|p1b: Waifu|10\/100\n|move|p1b: Waifu|Psychic|p2a: MoonBear\n|-damage|p2a: MoonBear|17\/100 slp\n|cant|p2a: MoonBear|slp\n|move|p1a: Toad|Pollen Puff|p2a: MoonBear\n|-damage|p2a: MoonBear|0 fnt\n|faint|p2a: MoonBear\n|\n|upkeep\n|turn|11\n|\n|t:|1700552938\n|move|p1b: Waifu|Protect|p1b: Waifu\n|-singleturn|p1b: Waifu|Protect\n|move|p2b: Mega-Man|Shadow Ball|p1b: Waifu\n|-activate|p1b: Waifu|move: Protect\n|move|p1a: Toad|Spore|p2b: Mega-Man\n|-status|p2b: Mega-Man|slp|[from] move: Spore\n|\n|upkeep\n|turn|12\n|\n|t:|1700552948\n|cant|p2b: Mega-Man|slp\n|move|p1b: Waifu|Psychic|p2b: Mega-Man\n|-resisted|p2b: Mega-Man\n|-damage|p2b: Mega-Man|80\/100 slp\n|-unboost|p2b: Mega-Man|spd|1\n|move|p1a: Toad|Pollen Puff|p2b: Mega-Man\n|-damage|p2b: Mega-Man|45\/100 slp\n|\n|upkeep\n|turn|13\n|\n|t:|1700552959\n|cant|p2b: Mega-Man|slp\n|move|p1b: Waifu|Psychic|p2b: Mega-Man\n|-resisted|p2b: Mega-Man\n|-damage|p2b: Mega-Man|13\/100 slp\n|move|p1a: Toad|Pollen Puff|p2b: Mega-Man\n|-damage|p2b: Mega-Man|0 fnt\n|faint|p2b: Mega-Man\n|\n|win|Sargenbob\n|raw|Sargenbob's rating: 1106 &rarr; <strong>1128<\/strong><br \/>(+22 for winning)\n|raw|Brendan(games)1's rating: 1061 &rarr; <strong>1044<\/strong><br \/>(-17 for losing)\n|l|\u2606Brendan(games)1\n|c|\u2606Sargenbob|gg\n","uploadtime":1700552970,"views":1,"p1id":"sargenbob","p2id":"brendangames1","formatid":"gen9nationaldexdoubles","rating":1044,"private":0,"password":""}