{"id":"gen9nationaldexdoubles-1994035772","p1":"Edu6cr","p2":"psng","format":"[Gen 9] National Dex Doubles","log":"|j|\u2606Edu6cr\n|j|\u2606psng\n|t:|1700397571\n|gametype|doubles\n|player|p1|Edu6cr|drayden|1109\n|player|p2|psng|wallace|1226\n|teamsize|p1|6\n|teamsize|p2|6\n|gen|9\n|tier|[Gen 9] National Dex Doubles\n|rated|\n|rule|HP Percentage Mod: HP is shown in percentages\n|rule|Endless Battle Clause: Forcing endless battles is banned\n|rule|OHKO Clause: OHKO moves are banned\n|rule|Evasion Moves Clause: Evasion moves are banned\n|rule|Evasion Abilities Clause: Evasion abilities are banned\n|rule|Species Clause: Limit one of each Pok\u00e9mon\n|rule|Gravity Sleep Clause: The combination of sleep-inducing moves with imperfect accuracy and Gravity or Gigantamax Orbeetle are banned\n|clearpoke\n|poke|p1|Charizard, M|\n|poke|p1|Jolteon, M|\n|poke|p1|Urshifu-*, F|\n|poke|p1|Grafaiai, F|\n|poke|p1|Munchlax, F|\n|poke|p1|Samurott-Hisui, M|\n|poke|p2|Hatterene, F|\n|poke|p2|Incineroar, M|\n|poke|p2|Gastrodon-East, M|\n|poke|p2|Aggron, M|\n|poke|p2|Porygon2|\n|poke|p2|Rillaboom, M|\n|teampreview\n|inactive|Battle timer is ON: inactive players will automatically lose when time's up. (requested by psng)\n|inactive|Edu6cr has 120 seconds left.\n|inactive|psng has 120 seconds left.\n|inactive|Edu6cr has 90 seconds left.\n|inactive|Edu6cr has 60 seconds left.\n|\n|t:|1700397681\n|start\n|switch|p1a: Ronin|Samurott-Hisui, M|100\/100\n|switch|p1b: Samantha|Munchlax, F|100\/100\n|switch|p2a: Hatterene|Hatterene, F, shiny|100\/100\n|switch|p2b: Incineroar|Incineroar, M, shiny|100\/100\n|-ability|p2b: Incineroar|Intimidate|boost\n|-unboost|p1a: Ronin|atk|1\n|-unboost|p1b: Samantha|atk|1\n|turn|1\n|inactive|Edu6cr has 120 seconds left.\n|\n|t:|1700397701\n|move|p2b: Incineroar|Fake Out|p1a: Ronin\n|-damage|p1a: Ronin|89\/100\n|cant|p1a: Ronin|flinch\n|move|p1b: Samantha|Curse|p1b: Samantha\n|-unboost|p1b: Samantha|spe|1\n|-boost|p1b: Samantha|atk|1\n|-boost|p1b: Samantha|def|1\n|move|p2a: Hatterene|Trick Room|p2a: Hatterene\n|-fieldstart|move: Trick Room|[of] p2a: Hatterene\n|\n|upkeep\n|turn|2\n|inactive|Edu6cr has 120 seconds left.\n|\n|t:|1700397724\n|move|p1b: Samantha|Curse|p1b: Samantha\n|-unboost|p1b: Samantha|spe|1\n|-boost|p1b: Samantha|atk|1\n|-boost|p1b: Samantha|def|1\n|move|p2a: Hatterene|Dazzling Gleam|p1b: Samantha|[spread] p1a,p1b\n|-supereffective|p1a: Ronin\n|-damage|p1a: Ronin|25\/100\n|-damage|p1b: Samantha|80\/100\n|-damage|p2a: Hatterene|91\/100|[from] item: Life Orb\n|move|p2b: Incineroar|Knock Off|p1b: Samantha\n|-damage|p1b: Samantha|67\/100\n|-enditem|p1b: Samantha|Eviolite|[from] move: Knock Off|[of] p2b: Incineroar\n|move|p1a: Ronin|Knock Off|p2a: Hatterene\n|-damage|p2a: Hatterene|62\/100\n|-enditem|p2a: Hatterene|Life Orb|[from] move: Knock Off|[of] p1a: Ronin\n|\n|upkeep\n|turn|3\n|\n|t:|1700397745\n|switch|p2b: Aggron|Aggron, M, shiny|100\/100\n|move|p1b: Samantha|Stomping Tantrum|p2b: Aggron\n|-supereffective|p2b: Aggron\n|-damage|p2b: Aggron|33\/100\n|move|p2a: Hatterene|Dazzling Gleam|p1a: Ronin|[spread] p1a,p1b\n|-supereffective|p1a: Ronin\n|-damage|p1a: Ronin|0 fnt\n|-damage|p1b: Samantha|41\/100\n|faint|p1a: Ronin\n|\n|upkeep\n|inactive|Edu6cr has 120 seconds left.\n|\n|t:|1700397758\n|switch|p1a: Isabell|Grafaiai, F|100\/100\n|turn|4\n|\n|t:|1700397777\n|detailschange|p2b: Aggron|Aggron-Mega, M, shiny\n|-mega|p2b: Aggron|Aggron|Aggronite\n|move|p1b: Samantha|Stomping Tantrum|p2b: Aggron\n|-supereffective|p2b: Aggron\n|-crit|p2b: Aggron\n|-damage|p2b: Aggron|2\/100\n|move|p2a: Hatterene|Psyshock|p1a: Isabell\n|-supereffective|p1a: Isabell\n|-damage|p1a: Isabell|6\/100\n|move|p2b: Aggron|Body Press|p1b: Samantha\n|-supereffective|p1b: Samantha\n|-crit|p1b: Samantha\n|-damage|p1b: Samantha|0 fnt\n|faint|p1b: Samantha\n|move|p1a: Isabell|Poison Jab|p2a: Hatterene\n|-supereffective|p2a: Hatterene\n|-damage|p2a: Hatterene|0 fnt\n|faint|p2a: Hatterene\n|\n|upkeep\n|\n|t:|1700397796\n|switch|p1b: Urshifurro|Urshifu-Rapid-Strike, F|100\/100\n|switch|p2a: Porygon2|Porygon2, shiny|100\/100\n|-ability|p2a: Porygon2|Download|boost\n|-boost|p2a: Porygon2|spa|1\n|turn|5\n|\n|t:|1700397821\n|move|p1b: Urshifurro|Aqua Jet|p2b: Aggron\n|-damage|p2b: Aggron|0 fnt\n|faint|p2b: Aggron\n|move|p1a: Isabell|Switcheroo|p2a: Porygon2\n|-activate|p1a: Isabell|move: Trick|[of] p2a: Porygon2\n|-item|p2a: Porygon2|Lagging Tail|[from] move: Switcheroo\n|-item|p1a: Isabell|Eviolite|[from] move: Switcheroo\n|move|p2a: Porygon2|Discharge|p1a: Isabell|[spread] p1a,p1b\n|-supereffective|p1b: Urshifurro\n|-damage|p1a: Isabell|0 fnt\n|-damage|p1b: Urshifurro|16\/100\n|-status|p1b: Urshifurro|par\n|faint|p1a: Isabell\n|\n|-fieldend|move: Trick Room\n|upkeep\n|l|\u2606psng\n|inactive|psng disconnected and has a minute to reconnect!\n|player|p2|\n|inactive|psng has 30 seconds to reconnect!\n|inactive|psng has 20 seconds to reconnect!\n|j|\u2606psng\n|inactive|psng reconnected and has 105 seconds left.\n|player|p2|psng|wallace\n|inactive|psng has 90 seconds left.\n|\n|t:|1700397882\n|switch|p1a: Shnaider|Jolteon, M|100\/100\n|switch|p2b: Rillaboom|Rillaboom, M, shiny|100\/100\n|-item|p1a: Shnaider|Air Balloon\n|-fieldstart|move: Grassy Terrain|[from] ability: Grassy Surge|[of] p2b: Rillaboom\n|turn|6\n|\n|t:|1700397903\n|move|p2b: Rillaboom|Fake Out|p1a: Shnaider\n|-damage|p1a: Shnaider|72\/100\n|-enditem|p1a: Shnaider|Air Balloon\n|cant|p1a: Shnaider|flinch\n|move|p1b: Urshifurro|Ice Spinner|p2b: Rillaboom\n|-supereffective|p2b: Rillaboom\n|-damage|p2b: Rillaboom|52\/100\n|-fieldend|move: Grassy Terrain\n|move|p2a: Porygon2|Trick Room|p2a: Porygon2\n|-fieldstart|move: Trick Room|[of] p2a: Porygon2\n|\n|upkeep\n|turn|7\n|\n|t:|1700397930\n|move|p1b: Urshifurro|Brick Break|p2a: Porygon2\n|-supereffective|p2a: Porygon2\n|-damage|p2a: Porygon2|10\/100\n|move|p2b: Rillaboom|Grassy Glide|p1b: Urshifurro\n|-supereffective|p1b: Urshifurro\n|-damage|p1b: Urshifurro|0 fnt\n|faint|p1b: Urshifurro\n|move|p1a: Shnaider|Thunderbolt|p2a: Porygon2\n|-damage|p2a: Porygon2|0 fnt\n|faint|p2a: Porygon2\n|\n|upkeep\n|inactive|psng has 120 seconds left.\n|\n|t:|1700397962\n|switch|p2a: Incineroar|Incineroar, M, shiny|100\/100\n|switch|p1b: Lizardo|Charizard, M, shiny|100\/100\n|-ability|p2a: Incineroar|Intimidate|boost\n|-unboost|p1a: Shnaider|atk|1\n|-unboost|p1b: Lizardo|atk|1\n|turn|8\n|\n|t:|1700397978\n|-terastallize|p2b: Rillaboom|Rock\n|move|p1a: Shnaider|Protect|p1a: Shnaider\n|-singleturn|p1a: Shnaider|Protect\n|move|p2a: Incineroar|Fake Out|p1a: Shnaider\n|-activate|p1a: Shnaider|move: Protect\n|move|p2b: Rillaboom|Tera Blast|p1b: Lizardo|[anim] Tera Blast Rock\n|-supereffective|p1b: Lizardo\n|-damage|p1b: Lizardo|0 fnt\n|faint|p1b: Lizardo\n|\n|upkeep\n|turn|9\n|\n|t:|1700397991\n|move|p2a: Incineroar|Knock Off|p1a: Shnaider\n|-damage|p1a: Shnaider|20\/100\n|move|p2b: Rillaboom|Tera Blast|p1a: Shnaider|[anim] Tera Blast Rock\n|-damage|p1a: Shnaider|0 fnt\n|faint|p1a: Shnaider\n|\n|win|psng\n|raw|Edu6cr's rating: 1109 &rarr; <strong>1092<\/strong><br \/>(-17 for losing)\n|raw|psng's rating: 1226 &rarr; <strong>1243<\/strong><br \/>(+17 for winning)\n","uploadtime":1700397999,"views":3,"p1id":"edu6cr","p2id":"psng","formatid":"gen9nationaldexdoubles","rating":1092,"private":0,"password":""}