{"id":"gen9nationaldexdoubles-1965853928","p1":"Boshigoat","p2":"the maraculous","format":"[Gen 9] National Dex Doubles","log":"|j|\u2606Boshigoat\n|j|\u2606the maraculous\n|t:|1697124763\n|gametype|doubles\n|player|p1|Boshigoat|169|1505\n|player|p2|the maraculous|dragontamer|1405\n|teamsize|p1|6\n|teamsize|p2|6\n|gen|9\n|tier|[Gen 9] National Dex Doubles\n|rated|\n|rule|HP Percentage Mod: HP is shown in percentages\n|rule|Endless Battle Clause: Forcing endless battles is banned\n|rule|OHKO Clause: OHKO moves are banned\n|rule|Evasion Moves Clause: Evasion moves are banned\n|rule|Evasion Abilities Clause: Evasion abilities are banned\n|rule|Species Clause: Limit one of each Pok\u00e9mon\n|rule|Gravity Sleep Clause: The combination of sleep-inducing moves with imperfect accuracy and Gravity or Gigantamax Orbeetle are banned\n|clearpoke\n|poke|p1|Regieleki|\n|poke|p1|Tapu Koko|\n|poke|p1|Iron Bundle|\n|poke|p1|Zeraora|\n|poke|p1|Landorus-Therian, M|\n|poke|p1|Xurkitree|\n|poke|p2|Xurkitree|\n|poke|p2|Iron Valiant|\n|poke|p2|Chandelure, F|\n|poke|p2|Landorus-Therian, M|\n|poke|p2|Kartana|\n|poke|p2|Farigiraf, M|\n|teampreview\n|\n|t:|1697124783\n|start\n|switch|p1a: Regieleki|Regieleki|100\/100\n|switch|p1b: Landorus|Landorus-Therian, M|100\/100\n|switch|p2a: Iron Valiant|Iron Valiant|100\/100\n|switch|p2b: Xurkitree|Xurkitree|100\/100\n|-ability|p1b: Landorus|Intimidate|boost\n|-unboost|p2a: Iron Valiant|atk|1\n|-unboost|p2b: Xurkitree|atk|1\n|turn|1\n|\n|t:|1697124805\n|move|p2a: Iron Valiant|Wide Guard|p2a: Iron Valiant\n|-singleturn|p2a: Iron Valiant|Wide Guard\n|move|p1a: Regieleki|Light Screen|p1a: Regieleki\n|-sidestart|p1: Boshigoat|move: Light Screen\n|move|p2b: Xurkitree|Electric Terrain|p2b: Xurkitree\n|-fieldstart|move: Electric Terrain\n|-activate|p2a: Iron Valiant|ability: Quark Drive\n|-start|p2a: Iron Valiant|quarkdrivespe\n|move|p1b: Landorus|Stomping Tantrum|p2b: Xurkitree\n|-supereffective|p2b: Xurkitree\n|-damage|p2b: Xurkitree|0 fnt\n|faint|p2b: Xurkitree\n|\n|upkeep\n|\n|t:|1697124828\n|switch|p2b: Kartana|Kartana|100\/100\n|turn|2\n|\n|t:|1697124849\n|move|p1a: Regieleki|Rising Voltage|p2b: Kartana\n|-hint|Rising Voltage's BP doubled on grounded target.\n|-resisted|p2b: Kartana\n|-enditem|p2b: Kartana|Focus Sash\n|-damage|p2b: Kartana|1\/100\n|move|p2a: Iron Valiant|Destiny Bond|p2a: Iron Valiant\n|-singlemove|p2a: Iron Valiant|Destiny Bond\n|move|p2b: Kartana|Tailwind|p2b: Kartana\n|-sidestart|p2: the maraculous|move: Tailwind\n|move|p1b: Landorus|Stomping Tantrum|p2a: Iron Valiant\n|-damage|p2a: Iron Valiant|45\/100\n|\n|upkeep\n|turn|3\n|\n|t:|1697124870\n|move|p2a: Iron Valiant|Moonblast|p1a: Regieleki\n|-damage|p1a: Regieleki|26\/100\n|-damage|p2a: Iron Valiant|36\/100|[from] item: Life Orb\n|move|p2b: Kartana|Leaf Blade|p1a: Regieleki\n|-damage|p1a: Regieleki|0 fnt\n|faint|p1a: Regieleki\n|-ability|p2b: Kartana|Beast Boost|boost\n|-boost|p2b: Kartana|atk|1\n|move|p1b: Landorus|U-turn|p2b: Kartana\n|-damage|p2b: Kartana|0 fnt\n|faint|p2b: Kartana\n|\n|t:|1697124882\n|switch|p1b: Zeraora|Zeraora|100\/100|[from] U-turn\n|\n|upkeep\n|\n|t:|1697124892\n|switch|p1a: Landorus|Landorus-Therian, M|100\/100\n|switch|p2b: Landorus|Landorus-Therian, M|100\/100\n|-ability|p2b: Landorus|Intimidate|boost\n|-unboost|p1a: Landorus|atk|1\n|-unboost|p1b: Zeraora|atk|1\n|-ability|p1a: Landorus|Intimidate|boost\n|-unboost|p2a: Iron Valiant|atk|1\n|-unboost|p2b: Landorus|atk|1\n|turn|4\n|\n|t:|1697124910\n|switch|p2b: Farigiraf|Farigiraf, M|100\/100\n|move|p1b: Zeraora|Fake Out||[still]\n|cant|p2b: Farigiraf|ability: Armor Tail|Fake Out|[of] p1b: Zeraora\n|move|p2a: Iron Valiant|Destiny Bond|p2a: Iron Valiant\n|-singlemove|p2a: Iron Valiant|Destiny Bond\n|move|p1a: Landorus|Stomping Tantrum|p2a: Iron Valiant\n|-crit|p2a: Iron Valiant\n|-damage|p2a: Iron Valiant|0 fnt\n|faint|p2a: Iron Valiant\n|-activate|p2a: Iron Valiant|move: Destiny Bond\n|-end|p2a: Iron Valiant|Quark Drive|[silent]\n|faint|p1a: Landorus\n|\n|upkeep\n|\n|t:|1697124921\n|switch|p2a: Chandelure|Chandelure, F|100\/100\n|switch|p1a: Iron Bundle|Iron Bundle|100\/100\n|-activate|p1a: Iron Bundle|ability: Quark Drive\n|-start|p1a: Iron Bundle|quarkdrivespe\n|-item|p2a: Chandelure|Air Balloon\n|turn|5\n|\n|t:|1697124937\n|-terastallize|p2a: Chandelure|Ghost\n|move|p1a: Iron Bundle|Protect|p1a: Iron Bundle\n|-singleturn|p1a: Iron Bundle|Protect\n|move|p1b: Zeraora|Plasma Fists|p2b: Farigiraf\n|-damage|p2b: Farigiraf|46\/100\n|-fieldactivate|move: Ion Deluge\n|-hint|Normal-type moves become Electric-type after using Plasma Fists.\n|-damage|p1b: Zeraora|91\/100|[from] item: Life Orb\n|move|p2b: Farigiraf|Nasty Plot|p2b: Farigiraf\n|-boost|p2b: Farigiraf|spa|2\n|move|p2a: Chandelure|Trick Room|p2a: Chandelure\n|-fieldstart|move: Trick Room|[of] p2a: Chandelure\n|\n|-heal|p2b: Farigiraf|52\/100|[from] item: Leftovers\n|-sideend|p2: the maraculous|move: Tailwind\n|-fieldend|move: Electric Terrain\n|-end|p1a: Iron Bundle|Quark Drive\n|upkeep\n|turn|6\n|\n|t:|1697124956\n|-end|p1a: Iron Bundle|Quark Drive|[silent]\n|switch|p1a: Tapu Koko|Tapu Koko|100\/100\n|-fieldstart|move: Electric Terrain|[from] ability: Electric Surge|[of] p1a: Tapu Koko\n|move|p2b: Farigiraf|Hyper Voice|p1a: Tapu Koko|[spread] p1a,p1b\n|-damage|p1a: Tapu Koko|35\/100\n|-damage|p1b: Zeraora|34\/100\n|move|p2a: Chandelure|Shadow Ball|p1a: Tapu Koko\n|-damage|p1a: Tapu Koko|0 fnt\n|faint|p1a: Tapu Koko\n|move|p1b: Zeraora|Plasma Fists|p2a: Chandelure\n|-damage|p2a: Chandelure|44\/100\n|-fieldactivate|move: Ion Deluge\n|-hint|Normal-type moves become Electric-type after using Plasma Fists.\n|-enditem|p2a: Chandelure|Air Balloon\n|-damage|p1b: Zeraora|24\/100|[from] item: Life Orb\n|\n|-heal|p2b: Farigiraf|58\/100|[from] item: Leftovers\n|upkeep\n|\n|t:|1697124968\n|switch|p1a: Xurkitree|Xurkitree|100\/100\n|turn|7\n|\n|t:|1697124980\n|move|p2b: Farigiraf|Hyper Voice|p1a: Xurkitree|[spread] p1a,p1b\n|-damage|p1a: Xurkitree|32\/100\n|-damage|p1b: Zeraora|0 fnt\n|faint|p1b: Zeraora\n|move|p2a: Chandelure|Shadow Ball|p1a: Xurkitree\n|-damage|p1a: Xurkitree|0 fnt\n|faint|p1a: Xurkitree\n|\n|-heal|p2b: Farigiraf|64\/100|[from] item: Leftovers\n|upkeep\n|\n|t:|1697124984\n|switch|p1b: Iron Bundle|Iron Bundle|100\/100\n|-activate|p1b: Iron Bundle|ability: Quark Drive\n|-start|p1b: Iron Bundle|quarkdrivespe\n|turn|8\n|\n|t:|1697124992\n|move|p1b: Iron Bundle|Protect|p1b: Iron Bundle\n|-singleturn|p1b: Iron Bundle|Protect\n|move|p2b: Farigiraf|Twin Beam|p1b: Iron Bundle\n|-activate|p1b: Iron Bundle|move: Protect\n|move|p2a: Chandelure|Shadow Ball|p1b: Iron Bundle\n|-activate|p1b: Iron Bundle|move: Protect\n|\n|-heal|p2b: Farigiraf|70\/100|[from] item: Leftovers\n|-sideend|p1: Boshigoat|move: Light Screen\n|upkeep\n|turn|9\n|\n|t:|1697125004\n|move|p2b: Farigiraf|Twin Beam|p1b: Iron Bundle\n|-damage|p1b: Iron Bundle|21\/100\n|-damage|p1b: Iron Bundle|0 fnt\n|faint|p1b: Iron Bundle\n|-end|p1b: Iron Bundle|Quark Drive|[silent]\n|-hitcount|p1: Iron Bundle|2\n|\n|win|the maraculous\n|raw|Boshigoat's rating: 1505 &rarr; <strong>1479<\/strong><br \/>(-26 for losing)\n|raw|the maraculous's rating: 1405 &rarr; <strong>1431<\/strong><br \/>(+26 for winning)\n","uploadtime":1697125010,"views":8,"p1id":"boshigoat","p2id":"themaraculous","formatid":"gen9nationaldexdoubles","rating":1431,"private":0,"password":""}