{"id":"gen9nationaldexdoubles-1970250478","p1":"crowfooTT","p2":"Black VN","format":"[Gen 9] National Dex Doubles","log":"|j|\u2606crowfooTT\n|j|\u2606Black VN\n|t:|1697617234\n|gametype|doubles\n|player|p1|crowfooTT|li|1341\n|player|p2|Black VN|red|1390\n|teamsize|p1|6\n|teamsize|p2|6\n|gen|9\n|tier|[Gen 9] National Dex Doubles\n|rated|\n|rule|HP Percentage Mod: HP is shown in percentages\n|rule|Endless Battle Clause: Forcing endless battles is banned\n|rule|OHKO Clause: OHKO moves are banned\n|rule|Evasion Moves Clause: Evasion moves are banned\n|rule|Evasion Abilities Clause: Evasion abilities are banned\n|rule|Species Clause: Limit one of each Pok\u00e9mon\n|rule|Gravity Sleep Clause: The combination of sleep-inducing moves with imperfect accuracy and Gravity or Gigantamax Orbeetle are banned\n|clearpoke\n|poke|p1|Deoxys-Attack|\n|poke|p1|Tapu Lele|\n|poke|p1|Beedrill, M|\n|poke|p1|Mew|\n|poke|p1|Ogerpon-Hearthflame, F|\n|poke|p1|Tornadus, M|\n|poke|p2|Goodra-Hisui, M|\n|poke|p2|Grimmsnarl, M|\n|poke|p2|Incineroar, F|\n|poke|p2|Rillaboom, F|\n|poke|p2|Ting-Lu|\n|poke|p2|Sinistcha-Masterpiece|\n|teampreview\n|inactive|Battle timer is ON: inactive players will automatically lose when time's up. (requested by crowfooTT)\n|\n|t:|1697617258\n|start\n|switch|p1a: RPG|Deoxys-Attack|100\/100\n|switch|p1b: Shake My Hand|Tapu Lele, shiny|100\/100\n|switch|p2a: Goodra|Goodra-Hisui, M|100\/100\n|switch|p2b: Grimmsnarl|Grimmsnarl, M|100\/100\n|-ability|p1a: RPG|Pressure\n|-fieldstart|move: Psychic Terrain|[from] ability: Psychic Surge|[of] p1b: Shake My Hand\n|turn|1\n|\n|t:|1697617280\n|move|p2b: Grimmsnarl|Light Screen|p2b: Grimmsnarl\n|-sidestart|p2: Black VN|move: Light Screen\n|move|p1a: RPG|Superpower|p2b: Grimmsnarl\n|-damage|p2b: Grimmsnarl|56\/100\n|-unboost|p1a: RPG|atk|1\n|-unboost|p1a: RPG|def|1\n|move|p1b: Shake My Hand|Focus Blast|p2a: Goodra|[miss]\n|-miss|p1b: Shake My Hand|p2a: Goodra\n|move|p2a: Goodra|Acid Armor|p2a: Goodra\n|-boost|p2a: Goodra|def|2\n|\n|upkeep\n|turn|2\n|l|\u2606Black VN\n|inactive|Black VN disconnected and has a minute to reconnect!\n|player|p2|\n|j|\u2606Black VN\n|inactive|Black VN reconnected and has 135 seconds left.\n|player|p2|Black VN|red\n|inactive|crowfooTT has 120 seconds left.\n|inactive|Black VN has 120 seconds left.\n|\n|t:|1697617322\n|-terastallize|p2a: Goodra|Flying\n|move|p1a: RPG|Detect|p1a: RPG\n|-singleturn|p1a: RPG|Protect\n|move|p2b: Grimmsnarl|Reflect|p2b: Grimmsnarl\n|-sidestart|p2: Black VN|Reflect\n|move|p1b: Shake My Hand|Focus Blast|p2a: Goodra\n|-resisted|p2a: Goodra\n|-damage|p2a: Goodra|88\/100\n|move|p2a: Goodra|Acid Armor|p2a: Goodra\n|-boost|p2a: Goodra|def|2\n|\n|-heal|p2a: Goodra|94\/100|[from] item: Leftovers\n|upkeep\n|turn|3\n|inactive|Black VN has 120 seconds left.\n|inactive|crowfooTT has 120 seconds left.\n|\n|t:|1697617353\n|switch|p1a: Tornadus|Tornadus, M|100\/100\n|switch|p1b: G.O.A.T|Mew, shiny|100\/100\n|move|p2b: Grimmsnarl|Spirit Break|p1a: Tornadus\n|-damage|p1a: Tornadus|65\/100\n|-unboost|p1a: Tornadus|spa|1\n|move|p2a: Goodra|Heavy Slam|p1b: G.O.A.T\n|-damage|p1b: G.O.A.T|68\/100\n|\n|-heal|p2a: Goodra|99\/100|[from] item: Leftovers\n|upkeep\n|turn|4\n|inactive|crowfooTT has 120 seconds left.\n|inactive|Black VN has 120 seconds left.\n|\n|t:|1697617379\n|move|p1a: Tornadus|Defog|p2b: Grimmsnarl\n|-activate|p2b: Grimmsnarl|move: Psychic Terrain\n|move|p2b: Grimmsnarl|Parting Shot|p1a: Tornadus\n|-unboost|p1a: Tornadus|atk|1\n|-unboost|p1a: Tornadus|spa|1\n|\n|t:|1697617394\n|switch|p2b: Incineroar|Incineroar, F|100\/100|[from] Parting Shot\n|-ability|p2b: Incineroar|Intimidate|boost\n|-unboost|p1a: Tornadus|atk|1\n|-unboost|p1b: G.O.A.T|atk|1\n|move|p1b: G.O.A.T|Ice Beam|p2a: Goodra\n|-supereffective|p2a: Goodra\n|-damage|p2a: Goodra|82\/100\n|move|p2a: Goodra|Acid Armor|p2a: Goodra\n|-boost|p2a: Goodra|def|2\n|\n|-heal|p2a: Goodra|88\/100|[from] item: Leftovers\n|upkeep\n|turn|5\n|inactive|Black VN has 120 seconds left.\n|inactive|crowfooTT has 120 seconds left.\n|\n|t:|1697617415\n|move|p1a: Tornadus|Taunt|p2b: Incineroar\n|-activate|p2b: Incineroar|move: Psychic Terrain\n|move|p1b: G.O.A.T|Tailwind|p1b: G.O.A.T\n|-sidestart|p1: crowfooTT|move: Tailwind\n|move|p2a: Goodra|Body Press|p1a: Tornadus\n|-resisted|p1a: Tornadus\n|-damage|p1a: Tornadus|4\/100\n|move|p2b: Incineroar|Parting Shot|p1b: G.O.A.T\n|-unboost|p1b: G.O.A.T|atk|1\n|-unboost|p1b: G.O.A.T|spa|1\n|inactive|Black VN has 120 seconds left.\n|\n|t:|1697617428\n|switch|p2b: Ting-Lu|Ting-Lu|100\/100|[from] Parting Shot\n|-ability|p2b: Ting-Lu|Vessel of Ruin\n|\n|-heal|p2a: Goodra|94\/100|[from] item: Leftovers\n|-fieldend|move: Psychic Terrain\n|upkeep\n|turn|6\n|inactive|Black VN has 120 seconds left.\n|\n|t:|1697617449\n|move|p1a: Tornadus|Defog|p2b: Ting-Lu\n|-hint|Since gen 7, Dark is immune to Prankster moves.\n|-immune|p2b: Ting-Lu\n|move|p1b: G.O.A.T|Stealth Rock|p2a: Goodra\n|-sidestart|p2: Black VN|move: Stealth Rock\n|move|p2a: Goodra|Body Press|p1a: Tornadus\n|-resisted|p1a: Tornadus\n|-damage|p1a: Tornadus|0 fnt\n|faint|p1a: Tornadus\n|move|p2b: Ting-Lu|Stomping Tantrum|p1b: G.O.A.T\n|-damage|p1b: G.O.A.T|40\/100\n|\n|-heal|p2a: Goodra|99\/100|[from] item: Leftovers\n|upkeep\n|\n|t:|1697617459\n|switch|p1a: RPG|Deoxys-Attack|100\/100\n|-ability|p1a: RPG|Pressure\n|turn|7\n|\n|t:|1697617478\n|switch|p1b: Shake My Hand|Tapu Lele, shiny|100\/100\n|-fieldstart|move: Psychic Terrain|[from] ability: Psychic Surge|[of] p1b: Shake My Hand\n|-zpower|p1a: RPG\n|move|p1a: RPG|Shattered Psyche|p2a: Goodra|[zeffect]\n|-damage|p2a: Goodra|50\/100\n|move|p2a: Goodra|Life Dew||[still]|[spread] p2a,p2b\n|-heal|p2a: Goodra|75\/100\n|-fail|p2b: Ting-Lu|heal\n|move|p2b: Ting-Lu|Stomping Tantrum|p1a: RPG\n|-damage|p1a: RPG|0 fnt\n|faint|p1a: RPG\n|\n|-heal|p2a: Goodra|81\/100|[from] item: Leftovers\n|upkeep\n|\n|t:|1697617494\n|switch|p1a: G.O.A.T|Mew, shiny|40\/100\n|turn|8\n|\n|t:|1697617507\n|move|p1b: Shake My Hand|Psychic|p2a: Goodra\n|-damage|p2a: Goodra|55\/100\n|move|p1a: G.O.A.T|Ice Beam|p2a: Goodra\n|-supereffective|p2a: Goodra\n|-damage|p2a: Goodra|43\/100\n|move|p2a: Goodra|Body Press|p1a: G.O.A.T\n|-resisted|p1a: G.O.A.T\n|-damage|p1a: G.O.A.T|4\/100\n|-enditem|p1a: G.O.A.T|Wiki Berry|[eat]\n|-heal|p1a: G.O.A.T|37\/100|[from] item: Wiki Berry\n|move|p2b: Ting-Lu|Heavy Slam|p1b: Shake My Hand\n|-supereffective|p1b: Shake My Hand\n|-damage|p1b: Shake My Hand|0 fnt\n|faint|p1b: Shake My Hand\n|\n|-heal|p2a: Goodra|49\/100|[from] item: Leftovers\n|-sideend|p2: Black VN|move: Light Screen\n|-sideend|p1: crowfooTT|move: Tailwind\n|upkeep\n|\n|t:|1697617518\n|switch|p1b: Ogerpon|Ogerpon-Hearthflame, F|100\/100\n|-ability|p1b: Ogerpon|Mold Breaker\n|turn|9\n|-message|crowfooTT forfeited.\n|\n|win|Black VN\n|raw|crowfooTT's rating: 1341 &rarr; <strong>1324<\/strong><br \/>(-17 for losing)\n|raw|Black VN's rating: 1390 &rarr; <strong>1407<\/strong><br \/>(+17 for winning)\n|l|\u2606crowfooTT\n","uploadtime":1697617532,"views":13,"p1id":"crowfoott","p2id":"blackvn","formatid":"gen9nationaldexdoubles","rating":1324,"private":0,"password":""}