{"id":"gen9nationaldexdoubles-1969957668","p1":"Grunt2222222","p2":"The OG Trainer Red","format":"[Gen 9] National Dex Doubles","log":"|j|\u2606Grunt2222222\n|j|\u2606The OG Trainer Red\n|t:|1697579478\n|gametype|doubles\n|player|p1|Grunt2222222|rocketgrunt|1136\n|player|p2|The OG Trainer Red|fisherman-gen4|1187\n|teamsize|p1|6\n|teamsize|p2|6\n|gen|9\n|tier|[Gen 9] National Dex Doubles\n|rated|\n|rule|HP Percentage Mod: HP is shown in percentages\n|rule|Endless Battle Clause: Forcing endless battles is banned\n|rule|OHKO Clause: OHKO moves are banned\n|rule|Evasion Moves Clause: Evasion moves are banned\n|rule|Evasion Abilities Clause: Evasion abilities are banned\n|rule|Species Clause: Limit one of each Pok\u00e9mon\n|rule|Gravity Sleep Clause: The combination of sleep-inducing moves with imperfect accuracy and Gravity or Gigantamax Orbeetle are banned\n|clearpoke\n|poke|p1|Delcatty, M|\n|poke|p1|Pyroar, F|\n|poke|p1|Perrserker, M|\n|poke|p1|Persian, F|\n|poke|p1|Espeon, M|\n|poke|p1|Indeedee-F, F|\n|poke|p2|Ninetales, F|\n|poke|p2|Leafeon, F|\n|poke|p2|Espeon, F|\n|poke|p2|Indeedee-F, F|\n|poke|p2|Ursaluna-Bloodmoon, M|\n|poke|p2|Umbreon, F|\n|teampreview\n|c|\u2606Grunt2222222|Eevees!\n|inactive|Battle timer is ON: inactive players will automatically lose when time's up. (requested by Grunt2222222)\n|\n|t:|1697579518\n|start\n|switch|p1a: Persian|Persian, F|100\/100\n|switch|p1b: Pyroar|Pyroar, F|100\/100\n|switch|p2a: Indeedee|Indeedee-F, F|100\/100\n|switch|p2b: Ursaluna|Ursaluna-Bloodmoon, M|100\/100\n|-fieldstart|move: Psychic Terrain|[from] ability: Psychic Surge|[of] p2a: Indeedee\n|turn|1\n|\n|t:|1697579536\n|-terastallize|p1b: Pyroar|Normal\n|move|p1b: Pyroar|Hyper Voice|p2b: Ursaluna|[spread] p2a,p2b\n|-damage|p2a: Indeedee|13\/100\n|-damage|p2b: Ursaluna|62\/100\n|move|p1a: Persian|Taunt|p2a: Indeedee\n|-start|p2a: Indeedee|move: Taunt\n|move|p2b: Ursaluna|Earth Power|p1b: Pyroar\n|-damage|p1b: Pyroar|28\/100\n|cant|p2a: Indeedee|move: Taunt|Trick Room\n|\n|upkeep\n|turn|2\n|\n|t:|1697579560\n|switch|p2a: Ninetales|Ninetales, F|100\/100\n|-weather|SunnyDay|[from] ability: Drought|[of] p2a: Ninetales\n|move|p1b: Pyroar|Hyper Voice|p2b: Ursaluna|[spread] p2a,p2b\n|-damage|p2a: Ninetales|0 fnt\n|-damage|p2b: Ursaluna|22\/100\n|faint|p2a: Ninetales\n|move|p1a: Persian|Knock Off|p2b: Ursaluna\n|-damage|p2b: Ursaluna|6\/100\n|-enditem|p2b: Ursaluna|Assault Vest|[from] move: Knock Off|[of] p1a: Persian\n|move|p2b: Ursaluna|Hyper Voice|p1b: Pyroar|[spread] p1a,p1b\n|-damage|p1a: Persian|46\/100\n|-damage|p1b: Pyroar|0 fnt\n|faint|p1b: Pyroar\n|\n|-weather|SunnyDay|[upkeep]\n|upkeep\n|\n|t:|1697579577\n|switch|p1b: Delcatty|Delcatty, M|100\/100\n|switch|p2a: Leafeon|Leafeon, F|100\/100\n|turn|3\n|\n|t:|1697579601\n|move|p2a: Leafeon|Solar Blade||[still]\n|-prepare|p2a: Leafeon|Solar Blade\n|-anim|p2a: Leafeon|Solar Blade|p1b: Delcatty\n|-damage|p1b: Delcatty|0 fnt\n|-start|p2a: Leafeon|Attract|[from] ability: Cute Charm|[of] p1b: Delcatty\n|faint|p1b: Delcatty\n|-end|p2a: Leafeon|Attract|[silent]\n|move|p1a: Persian|Knock Off|p2b: Ursaluna\n|-damage|p2b: Ursaluna|0 fnt\n|faint|p2b: Ursaluna\n|\n|-weather|SunnyDay|[upkeep]\n|upkeep\n|c|\u2606The OG Trainer Red|Your lack of eevees is your downfall\n|\n|t:|1697579621\n|switch|p1b: Perrserker|Perrserker, M|100\/100\n|switch|p2b: Espeon|Espeon, F|100\/100\n|turn|4\n|\n|t:|1697579643\n|move|p2a: Leafeon|Solar Blade||[still]\n|-prepare|p2a: Leafeon|Solar Blade\n|-anim|p2a: Leafeon|Solar Blade|p1a: Persian\n|-damage|p1a: Persian|0 fnt\n|faint|p1a: Persian\n|move|p2b: Espeon|Calm Mind|p2b: Espeon\n|-boost|p2b: Espeon|spa|1\n|-boost|p2b: Espeon|spd|1\n|move|p1b: Perrserker|Iron Head|p2a: Leafeon\n|-damage|p2a: Leafeon|40\/100\n|-damage|p1b: Perrserker|91\/100|[from] item: Life Orb\n|\n|-weather|SunnyDay|[upkeep]\n|upkeep\n|\n|t:|1697579657\n|switch|p1a: Indeedee|Indeedee-F, F|100\/100\n|turn|5\n|\n|t:|1697579668\n|move|p1a: Indeedee|Helping Hand|p1b: Perrserker\n|-singleturn|p1b: Perrserker|Helping Hand|[of] p1a: Indeedee\n|move|p2a: Leafeon|Solar Blade||[still]\n|-prepare|p2a: Leafeon|Solar Blade\n|-anim|p2a: Leafeon|Solar Blade|p1b: Perrserker\n|-resisted|p1b: Perrserker\n|-damage|p1b: Perrserker|64\/100\n|move|p2b: Espeon|Expanding Force|p1a: Indeedee|[spread] p1a,p1b\n|-resisted|p1a: Indeedee\n|-resisted|p1b: Perrserker\n|-damage|p1a: Indeedee|59\/100\n|-damage|p1b: Perrserker|0 fnt\n|faint|p1b: Perrserker\n|\n|-weather|SunnyDay|[upkeep]\n|-heal|p1a: Indeedee|65\/100|[from] item: Leftovers\n|-fieldend|move: Psychic Terrain\n|upkeep\n|\n|t:|1697579678\n|switch|p1b: Espeon|Espeon, M|100\/100\n|turn|6\n|c|\u2606The OG Trainer Red|It's over Anakin, I have the high ground\n|inactive|The OG Trainer Red has 120 seconds left.\n|\n|t:|1697579717\n|move|p1a: Indeedee|Follow Me|p1a: Indeedee\n|-singleturn|p1a: Indeedee|move: Follow Me\n|move|p2a: Leafeon|X-Scissor|p1a: Indeedee\n|-supereffective|p1a: Indeedee\n|-damage|p1a: Indeedee|4\/100\n|move|p2b: Espeon|Expanding Force|p1a: Indeedee\n|-resisted|p1a: Indeedee\n|-damage|p1a: Indeedee|0 fnt\n|faint|p1a: Indeedee\n|move|p1b: Espeon|Dazzling Gleam|p2b: Espeon|[spread] p2a,p2b\n|-damage|p2a: Leafeon|16\/100\n|-damage|p2b: Espeon|75\/100\n|-damage|p1b: Espeon|91\/100|[from] item: Life Orb\n|\n|-weather|none\n|upkeep\n|turn|7\n|\n|t:|1697579733\n|switch|p2a: Indeedee|Indeedee-F, F|13\/100\n|-fieldstart|move: Psychic Terrain|[from] ability: Psychic Surge|[of] p2a: Indeedee\n|move|p2b: Espeon|Expanding Force|p1b: Espeon\n|-resisted|p1b: Espeon\n|-damage|p1b: Espeon|13\/100\n|move|p1b: Espeon|Dazzling Gleam|p2b: Espeon|[spread] p2a,p2b\n|-damage|p2a: Indeedee|0 fnt\n|-damage|p2b: Espeon|52\/100\n|faint|p2a: Indeedee\n|-damage|p1b: Espeon|3\/100|[from] item: Life Orb\n|\n|upkeep\n|inactive|The OG Trainer Red has 120 seconds left.\n|\n|t:|1697579745\n|switch|p2a: Umbreon|Umbreon, F|100\/100\n|turn|8\n|c|\u2606The OG Trainer Red|You were my Eevee Brother!\n|c|\u2606The OG Trainer Red|I Loved you!\n|inactive|The OG Trainer Red has 120 seconds left.\n|c|\u2606Grunt2222222|Aww\n|c|\u2606The OG Trainer Red|We were supposed to destroy late gens not join them!\n|inactive|Grunt2222222 has 120 seconds left.\n|c|\u2606Grunt2222222|Lol\n|c|\u2606The OG Trainer Red|Don't try it..\n|c|\u2606Grunt2222222|I enjoyed our battle\n|\n|t:|1697579791\n|move|p2b: Espeon|Calm Mind|p2b: Espeon\n|-boost|p2b: Espeon|spa|1\n|-boost|p2b: Espeon|spd|1\n|move|p1b: Espeon|Dazzling Gleam|p2a: Umbreon|[spread] p2a,p2b\n|-supereffective|p2a: Umbreon\n|-damage|p2a: Umbreon|66\/100\n|-damage|p2b: Espeon|35\/100\n|-damage|p1b: Espeon|0 fnt|[from] item: Life Orb\n|faint|p1b: Espeon\n|\n|win|The OG Trainer Red\n|raw|Grunt2222222's rating: 1136 &rarr; <strong>1115<\/strong><br \/>(-21 for losing)\n|raw|The OG Trainer Red's rating: 1187 &rarr; <strong>1208<\/strong><br \/>(+21 for winning)\n|c|\u2606Grunt2222222|Buh buy\n|l|\u2606Grunt2222222\n|c|\u2606The OG Trainer Red|I can't watch this, I'm sory\n","uploadtime":1697579946,"views":5,"p1id":"grunt2222222","p2id":"theogtrainerred","formatid":"gen9nationaldexdoubles","rating":1115,"private":0,"password":""}