{"id":"gen9nationaldexdoubles-1982488979","p1":"VivaLaResistance","p2":"Inkubone","format":"[Gen 9] National Dex Doubles","log":"|j|\u2606VivaLaResistance\n|j|\u2606Inkubone\n|t:|1699019628\n|gametype|doubles\n|player|p1|VivaLaResistance|valerie|1070\n|player|p2|Inkubone|yellow|1192\n|teamsize|p1|6\n|teamsize|p2|6\n|gen|9\n|tier|[Gen 9] National Dex Doubles\n|rated|\n|rule|HP Percentage Mod: HP is shown in percentages\n|rule|Endless Battle Clause: Forcing endless battles is banned\n|rule|OHKO Clause: OHKO moves are banned\n|rule|Evasion Moves Clause: Evasion moves are banned\n|rule|Evasion Abilities Clause: Evasion abilities are banned\n|rule|Species Clause: Limit one of each Pok\u00e9mon\n|rule|Gravity Sleep Clause: The combination of sleep-inducing moves with imperfect accuracy and Gravity or Gigantamax Orbeetle are banned\n|clearpoke\n|poke|p1|Mawile, F|\n|poke|p1|Jirachi|\n|poke|p1|Flamigo, M|\n|poke|p1|Urshifu-*, M|\n|poke|p1|Ribombee, F|\n|poke|p1|Indeedee-F, F|\n|poke|p2|Jirachi|\n|poke|p2|Scream Tail|\n|poke|p2|Slither Wing|\n|poke|p2|Charizard, M|\n|poke|p2|Venusaur, M|\n|poke|p2|Greninja-*, M|\n|teampreview\n|\n|t:|1699019637\n|start\n|switch|p1a: Vriska|Mawile, F, shiny|100\/100\n|switch|p1b: Ferefi|Ribombee, F|100\/100\n|switch|p2a: Venusaur|Venusaur, M, shiny|100\/100\n|switch|p2b: Greninja|Greninja, M, shiny|100\/100\n|-ability|p1a: Vriska|Intimidate|boost\n|-unboost|p2a: Venusaur|atk|1\n|-unboost|p2b: Greninja|atk|1\n|turn|1\n|\n|t:|1699019661\n|detailschange|p1a: Vriska|Mawile-Mega, F, shiny\n|-mega|p1a: Vriska|Mawile|Mawilite\n|move|p1b: Ferefi|Speed Swap|p1a: Vriska\n|-activate|p1b: Ferefi|move: Speed Swap|[of] p1a: Vriska\n|move|p1a: Vriska|Play Rough|p2b: Greninja\n|-supereffective|p2b: Greninja\n|-damage|p2b: Greninja|0 fnt\n|faint|p2b: Greninja\n|move|p2a: Venusaur|Sleep Powder|p1a: Vriska|[miss]\n|-miss|p2a: Venusaur|p1a: Vriska\n|\n|upkeep\n|\n|t:|1699019678\n|switch|p2b: Charizard|Charizard, M, shiny|100\/100\n|turn|2\n|\n|t:|1699019695\n|detailschange|p2b: Charizard|Charizard-Mega-Y, M, shiny\n|-mega|p2b: Charizard|Charizard|Charizardite Y\n|-weather|SunnyDay|[from] ability: Drought|[of] p2b: Charizard\n|move|p1a: Vriska|Sucker Punch|p2b: Charizard\n|-damage|p2b: Charizard|44\/100\n|move|p2a: Venusaur|Sleep Powder|p1a: Vriska\n|-block|p1a: Vriska|ability: Sweet Veil|[of] p1b: Ferefi\n|move|p2b: Charizard|Fire Pledge|p1b: Ferefi\n|-supereffective|p1b: Ferefi\n|-enditem|p1b: Ferefi|Focus Sash\n|-damage|p1b: Ferefi|1\/100\n|move|p1b: Ferefi|Stun Spore|p2b: Charizard|[miss]\n|-miss|p1b: Ferefi|p2b: Charizard\n|\n|-weather|SunnyDay|[upkeep]\n|upkeep\n|turn|3\n|\n|t:|1699019710\n|switch|p1b: Nepeta|Indeedee-F, F|100\/100\n|-fieldstart|move: Psychic Terrain|[from] ability: Psychic Surge|[of] p1b: Nepeta\n|move|p1a: Vriska|Protect|p1a: Vriska\n|-singleturn|p1a: Vriska|Protect\n|move|p2a: Venusaur|Weather Ball|p1a: Vriska\n|-activate|p1a: Vriska|move: Protect\n|move|p2b: Charizard|Roost|p2b: Charizard\n|-heal|p2b: Charizard|94\/100\n|-singleturn|p2b: Charizard|move: Roost\n|\n|-weather|SunnyDay|[upkeep]\n|upkeep\n|turn|4\n|\n|t:|1699019724\n|move|p1b: Nepeta|Follow Me|p1b: Nepeta\n|-singleturn|p1b: Nepeta|move: Follow Me\n|move|p2a: Venusaur|Grass Pledge|p1b: Nepeta\n|-waiting|p2a: Venusaur|p2b: Charizard\n|move|p2b: Charizard|Fire Pledge|p1b: Nepeta|[from]move: Grass Pledge\n|-combine\n|-damage|p1b: Nepeta|0 fnt\n|-sidestart|p1: VivaLaResistance|Fire Pledge\n|faint|p1b: Nepeta\n|move|p1a: Vriska|Play Rough|p2b: Charizard\n|-resisted|p2b: Charizard\n|-damage|p2b: Charizard|45\/100\n|\n|-weather|SunnyDay|[upkeep]\n|-damage|p1a: Vriska|88\/100|[from] Fire Pledge\n|upkeep\n|\n|t:|1699019738\n|switch|p1b: Aradia|Jirachi, shiny|100\/100\n|turn|5\n|\n|t:|1699019754\n|move|p2a: Venusaur|Weather Ball|p1a: Vriska\n|-supereffective|p1a: Vriska\n|-damage|p1a: Vriska|0 fnt\n|faint|p1a: Vriska\n|-zpower|p1b: Aradia\n|move|p1b: Aradia|Z-Happy Hour|p1b: Aradia|[anim]Happy Hour\n|-boost|p1b: Aradia|atk|1|[zeffect]\n|-boost|p1b: Aradia|def|1|[zeffect]\n|-boost|p1b: Aradia|spa|1|[zeffect]\n|-boost|p1b: Aradia|spd|1|[zeffect]\n|-boost|p1b: Aradia|spe|1|[zeffect]\n|move|p2b: Charizard|Roost|p2b: Charizard\n|-heal|p2b: Charizard|95\/100\n|-singleturn|p2b: Charizard|move: Roost\n|\n|-weather|SunnyDay|[upkeep]\n|-damage|p1b: Aradia|88\/100|[from] Fire Pledge\n|upkeep\n|\n|t:|1699019767\n|switch|p1a: Karkat|Flamigo, M|100\/100\n|-copyboost|p1a: Karkat|p1b: Aradia|[from] ability: Costar\n|turn|6\n|\n|t:|1699019773\n|move|p2a: Venusaur|Weather Ball|p1b: Aradia\n|-supereffective|p1b: Aradia\n|-damage|p1b: Aradia|24\/100\n|move|p1b: Aradia|Zen Headbutt|p2b: Charizard\n|-damage|p2b: Charizard|21\/100\n|move|p1a: Karkat|Brave Bird|p2a: Venusaur\n|-supereffective|p2a: Venusaur\n|-damage|p2a: Venusaur|0 fnt\n|faint|p2a: Venusaur\n|-damage|p1a: Karkat|68\/100|[from] Recoil\n|cant|p2b: Charizard|flinch\n|\n|-weather|none\n|-damage|p1b: Aradia|11\/100|[from] Fire Pledge\n|-damage|p1a: Karkat|56\/100|[from] Fire Pledge\n|upkeep\n|\n|t:|1699019795\n|switch|p2a: Jirachi|Jirachi, shiny|100\/100\n|turn|7\n|\n|t:|1699019840\n|move|p1b: Aradia|Fire Punch|p2a: Jirachi\n|-supereffective|p2a: Jirachi\n|-damage|p2a: Jirachi|40\/100\n|-status|p2a: Jirachi|brn\n|move|p1a: Karkat|Close Combat|p2b: Charizard\n|-resisted|p2b: Charizard\n|-damage|p2b: Charizard|0 fnt\n|-unboost|p1a: Karkat|def|1\n|-unboost|p1a: Karkat|spd|1\n|faint|p2b: Charizard\n|move|p2a: Jirachi|Zen Headbutt|p1a: Karkat\n|-supereffective|p1a: Karkat\n|-damage|p1a: Karkat|0 fnt\n|faint|p1a: Karkat\n|\n|-damage|p1b: Aradia|0 fnt|[from] Fire Pledge\n|faint|p1b: Aradia\n|-damage|p2a: Jirachi|33\/100 brn|[from] brn\n|-sideend|p1: VivaLaResistance|Fire Pledge\n|-fieldend|move: Psychic Terrain\n|upkeep\n|\n|t:|1699019862\n|switch|p1b: Ferefi|Ribombee, F|1\/100\n|switch|p1a: Equius|Urshifu-Rapid-Strike, M|100\/100\n|switch|p2b: Scream Tail|Scream Tail|100\/100\n|turn|8\n|\n|t:|1699019876\n|move|p1a: Equius|Detect|p1a: Equius\n|-singleturn|p1a: Equius|Protect\n|move|p1b: Ferefi|Stun Spore|p2b: Scream Tail\n|-status|p2b: Scream Tail|par\n|move|p2a: Jirachi|Zen Headbutt|p1a: Equius\n|-activate|p1a: Equius|move: Protect\n|move|p2b: Scream Tail|Boomburst|p1a: Equius|[spread] p2a,p1b\n|-activate|p1a: Equius|move: Protect\n|-resisted|p2a: Jirachi\n|-damage|p2a: Jirachi|21\/100 brn\n|-damage|p1b: Ferefi|0 fnt\n|faint|p1b: Ferefi\n|-enditem|p2b: Scream Tail|Throat Spray\n|-boost|p2b: Scream Tail|spa|1|[from] item: Throat Spray\n|\n|-damage|p2a: Jirachi|15\/100 brn|[from] brn\n|upkeep\n|turn|9\n|\n|t:|1699019898\n|move|p1a: Equius|Aqua Jet|p2a: Jirachi\n|-damage|p2a: Jirachi|0 fnt\n|faint|p2a: Jirachi\n|move|p2b: Scream Tail|Dazzling Gleam|p1a: Equius\n|-supereffective|p1a: Equius\n|-damage|p1a: Equius|0 fnt\n|faint|p1a: Equius\n|\n|win|Inkubone\n|raw|VivaLaResistance's rating: 1070 &rarr; <strong>1056<\/strong><br \/>(-14 for losing)\n|raw|Inkubone's rating: 1192 &rarr; <strong>1209<\/strong><br \/>(+17 for winning)\n|l|\u2606VivaLaResistance\n","uploadtime":1699019917,"views":7,"p1id":"vivalaresistance","p2id":"inkubone","formatid":"gen9nationaldexdoubles","rating":1056,"private":0,"password":""}