{"id":"gen9nationaldexdoubles-1994811210","p1":"SnepsWiseSam","p2":"Grasshop555","format":"[Gen 9] National Dex Doubles","log":"|j|\u2606SnepsWiseSam\n|j|\u2606Grasshop555\n|t:|1700495000\n|gametype|doubles\n|player|p1|SnepsWiseSam|benga|1085\n|player|p2|Grasshop555|backersf|1085\n|teamsize|p1|6\n|teamsize|p2|6\n|gen|9\n|tier|[Gen 9] National Dex Doubles\n|rated|\n|rule|HP Percentage Mod: HP is shown in percentages\n|rule|Endless Battle Clause: Forcing endless battles is banned\n|rule|OHKO Clause: OHKO moves are banned\n|rule|Evasion Moves Clause: Evasion moves are banned\n|rule|Evasion Abilities Clause: Evasion abilities are banned\n|rule|Species Clause: Limit one of each Pok\u00e9mon\n|rule|Gravity Sleep Clause: The combination of sleep-inducing moves with imperfect accuracy and Gravity or Gigantamax Orbeetle are banned\n|clearpoke\n|poke|p1|Volcarona, F|\n|poke|p1|Oricorio-Pom-Pom, M|\n|poke|p1|Florges-Orange, F|\n|poke|p1|Lilligant-Hisui, F|\n|poke|p1|Quaquaval, F|\n|poke|p1|Dragapult, F|\n|poke|p2|Ogerpon-Wellspring, F|\n|poke|p2|Scovillain, F|\n|poke|p2|Arcanine-Hisui, F|\n|poke|p2|Torkoal, F|\n|poke|p2|Gholdengo|\n|poke|p2|Tinkaton, F|\n|teampreview\n|\n|t:|1700495019\n|start\n|switch|p1a: Lilligant|Lilligant-Hisui, F|100\/100\n|switch|p1b: Oricorio|Oricorio-Pom-Pom, M|100\/100\n|switch|p2a: Arcanine|Arcanine-Hisui, F|100\/100\n|switch|p2b: Torkoal|Torkoal, F|100\/100\n|-weather|SunnyDay|[from] ability: Drought|[of] p2b: Torkoal\n|turn|1\n|\n|t:|1700495033\n|move|p1a: Lilligant|Victory Dance|p1a: Lilligant\n|-boost|p1a: Lilligant|atk|1\n|-boost|p1a: Lilligant|def|1\n|-boost|p1a: Lilligant|spe|1\n|-activate|p1b: Oricorio|ability: Dancer\n|move|p1b: Oricorio|Victory Dance|p1b: Oricorio|[from]ability: Dancer\n|-boost|p1b: Oricorio|atk|1\n|-boost|p1b: Oricorio|def|1\n|-boost|p1b: Oricorio|spe|1\n|move|p1b: Oricorio|Quiver Dance|p1b: Oricorio\n|-boost|p1b: Oricorio|spa|1\n|-boost|p1b: Oricorio|spd|1\n|-boost|p1b: Oricorio|spe|1\n|move|p2a: Arcanine|Power Gem|p1b: Oricorio\n|-supereffective|p1b: Oricorio\n|-damage|p1b: Oricorio|32\/100\n|move|p2b: Torkoal|Eruption|p1a: Lilligant|[spread] p1a,p1b\n|-supereffective|p1a: Lilligant\n|-damage|p1a: Lilligant|0 fnt\n|-damage|p1b: Oricorio|0 fnt\n|faint|p1a: Lilligant\n|faint|p1b: Oricorio\n|\n|-weather|SunnyDay|[upkeep]\n|upkeep\n|c|\u2606SnepsWiseSam|Soooo closeeeee\n|\n|t:|1700495070\n|switch|p1a: Florges|Florges-Orange, F|100\/100\n|switch|p1b: Quaquaval|Quaquaval, F|100\/100\n|turn|2\n|\n|t:|1700495083\n|move|p2a: Arcanine|Power Gem|p1a: Florges\n|-damage|p1a: Florges|82\/100\n|move|p1b: Quaquaval|Aqua Step|p2a: Arcanine\n|-supereffective|p2a: Arcanine\n|-damage|p2a: Arcanine|0 fnt\n|-boost|p1b: Quaquaval|spe|1\n|faint|p2a: Arcanine\n|-ability|p1b: Quaquaval|Moxie|boost\n|-boost|p1b: Quaquaval|atk|1\n|-damage|p1b: Quaquaval|91\/100|[from] item: Life Orb\n|move|p1a: Florges|Moonblast|p2b: Torkoal\n|-resisted|p2b: Torkoal\n|-damage|p2b: Torkoal|71\/100\n|-unboost|p2b: Torkoal|spa|1\n|move|p2b: Torkoal|Eruption|p1b: Quaquaval|[spread] p1a,p1b\n|-resisted|p1b: Quaquaval\n|-damage|p1a: Florges|65\/100\n|-damage|p1b: Quaquaval|67\/100\n|\n|-weather|SunnyDay|[upkeep]\n|-heal|p1a: Florges|71\/100|[from] item: Leftovers\n|upkeep\n|\n|t:|1700495100\n|switch|p2a: Scovillain|Scovillain, F|100\/100\n|turn|3\n|\n|t:|1700495112\n|move|p1b: Quaquaval|Aqua Step|p2b: Torkoal\n|-supereffective|p2b: Torkoal\n|-damage|p2b: Torkoal|0 fnt\n|-boost|p1b: Quaquaval|spe|1\n|faint|p2b: Torkoal\n|-ability|p1b: Quaquaval|Moxie|boost\n|-boost|p1b: Quaquaval|atk|1\n|-damage|p1b: Quaquaval|57\/100|[from] item: Life Orb\n|move|p2a: Scovillain|Leech Seed|p1b: Quaquaval\n|-start|p1b: Quaquaval|move: Leech Seed\n|move|p1a: Florges|Toxic|p2a: Scovillain\n|-status|p2a: Scovillain|tox\n|\n|-weather|SunnyDay|[upkeep]\n|-heal|p1a: Florges|77\/100|[from] item: Leftovers\n|-damage|p1b: Quaquaval|45\/100|[from] Leech Seed|[of] p2a: Scovillain\n|-damage|p2a: Scovillain|95\/100 tox|[from] psn\n|-ability|p2a: Scovillain|Moody|boost\n|-boost|p2a: Scovillain|spe|2\n|-unboost|p2a: Scovillain|spd|1\n|upkeep\n|\n|t:|1700495131\n|switch|p2b: Tinkaton|Tinkaton, F|100\/100\n|-ability|p2b: Tinkaton|Mold Breaker\n|turn|4\n|\n|t:|1700495145\n|move|p1b: Quaquaval|Aqua Step|p2a: Scovillain\n|-damage|p2a: Scovillain|16\/100 tox\n|-boost|p1b: Quaquaval|spe|1\n|-enditem|p2a: Scovillain|Aguav Berry|[eat]\n|-heal|p2a: Scovillain|49\/100 tox|[from] item: Aguav Berry\n|-damage|p1b: Quaquaval|35\/100|[from] item: Life Orb\n|move|p2a: Scovillain|Super Fang|p1a: Florges\n|-damage|p1a: Florges|39\/100\n|move|p2b: Tinkaton|Swords Dance|p2b: Tinkaton\n|-boost|p2b: Tinkaton|atk|2\n|move|p1a: Florges|Petal Dance|p2b: Tinkaton\n|-resisted|p2b: Tinkaton\n|-damage|p2b: Tinkaton|85\/100\n|\n|-weather|SunnyDay|[upkeep]\n|-heal|p1a: Florges|45\/100|[from] item: Leftovers\n|-damage|p1b: Quaquaval|22\/100|[from] Leech Seed|[of] p2a: Scovillain\n|-heal|p2a: Scovillain|60\/100 tox|[silent]\n|-damage|p2a: Scovillain|48\/100 tox|[from] psn\n|-ability|p2a: Scovillain|Moody|boost\n|-boost|p2a: Scovillain|atk|2\n|-unboost|p2a: Scovillain|spe|1\n|upkeep\n|turn|5\n|\n|t:|1700495168\n|move|p1b: Quaquaval|Aqua Step|p2a: Scovillain\n|-damage|p2a: Scovillain|0 fnt\n|-boost|p1b: Quaquaval|spe|1\n|faint|p2a: Scovillain\n|-ability|p1b: Quaquaval|Moxie|boost\n|-boost|p1b: Quaquaval|atk|1\n|-damage|p1b: Quaquaval|12\/100|[from] item: Life Orb\n|move|p2b: Tinkaton|Gigaton Hammer|p1a: Florges\n|-supereffective|p1a: Florges\n|-damage|p1a: Florges|0 fnt\n|faint|p1a: Florges\n|\n|-weather|none\n|upkeep\n|\n|t:|1700495181\n|switch|p2a: Gholdengo|Gholdengo|100\/100\n|switch|p1a: Volcarona|Volcarona, F|100\/100\n|turn|6\n|\n|t:|1700495193\n|move|p1b: Quaquaval|Aqua Step|p2b: Tinkaton\n|-damage|p2b: Tinkaton|0 fnt\n|-boost|p1b: Quaquaval|spe|1\n|faint|p2b: Tinkaton\n|-ability|p1b: Quaquaval|Moxie|boost\n|-boost|p1b: Quaquaval|atk|1\n|-damage|p1b: Quaquaval|2\/100|[from] item: Life Orb\n|move|p1a: Volcarona|Fiery Dance|p2a: Gholdengo\n|-supereffective|p2a: Gholdengo\n|-damage|p2a: Gholdengo|0 fnt\n|-boost|p1a: Volcarona|spa|1\n|faint|p2a: Gholdengo\n|\n|upkeep\n|\n|t:|1700495202\n|switch|p2b: Ogerpon|Ogerpon-Wellspring, F|100\/100\n|turn|7\n|\n|t:|1700495220\n|move|p1b: Quaquaval|Close Combat|p2b: Ogerpon\n|-damage|p2b: Ogerpon|0 fnt\n|-unboost|p1b: Quaquaval|def|1\n|-unboost|p1b: Quaquaval|spd|1\n|faint|p2b: Ogerpon\n|-damage|p1b: Quaquaval|0 fnt|[from] item: Life Orb\n|faint|p1b: Quaquaval\n|\n|win|SnepsWiseSam\n|raw|SnepsWiseSam's rating: 1085 &rarr; <strong>1112<\/strong><br \/>(+27 for winning)\n|raw|Grasshop555's rating: 1085 &rarr; <strong>1062<\/strong><br \/>(-23 for losing)\n|l|\u2606Grasshop555\n|c|\u2606SnepsWiseSam|gg\n","uploadtime":1700495240,"views":1,"p1id":"snepswisesam","p2id":"grasshop555","formatid":"gen9nationaldexdoubles","rating":1062,"private":0,"password":""}