{"id":"gen9nationaldexdoubles-1959486348","p1":"Astro Excaliburn","p2":"Paldea Athens 420","format":"[Gen 9] National Dex Doubles","log":"|j|\u2606Astro Excaliburn\n|j|\u203dPaldea Athens 420\n|t:|1696431969\n|gametype|doubles\n|player|p1|Astro Excaliburn|chase|1306\n|player|p2|Paldea Athens 420|102|1600\n|teamsize|p1|6\n|teamsize|p2|6\n|gen|9\n|tier|[Gen 9] National Dex Doubles\n|rated|\n|rule|HP Percentage Mod: HP is shown in percentages\n|rule|Endless Battle Clause: Forcing endless battles is banned\n|rule|OHKO Clause: OHKO moves are banned\n|rule|Evasion Moves Clause: Evasion moves are banned\n|rule|Evasion Abilities Clause: Evasion abilities are banned\n|rule|Species Clause: Limit one of each Pok\u00e9mon\n|rule|Gravity Sleep Clause: The combination of sleep-inducing moves with imperfect accuracy and Gravity or Gigantamax Orbeetle are banned\n|clearpoke\n|poke|p1|Lucario, F|\n|poke|p1|Whimsicott, M|\n|poke|p1|Tapu Lele|\n|poke|p1|Aegislash, M|\n|poke|p1|Deoxys-Attack|\n|poke|p1|Zygarde|\n|poke|p2|Kingambit, F|\n|poke|p2|Marshadow|\n|poke|p2|Charizard, F|\n|poke|p2|Tornadus, M|\n|poke|p2|Ogerpon-Hearthflame, F|\n|poke|p2|Chien-Pao|\n|teampreview\n|\n|t:|1696432000\n|start\n|switch|p1a: Oxicotton|Whimsicott, M|100\/100\n|switch|p1b: Xenophillic|Deoxys-Attack|100\/100\n|switch|p2a: Tornadus|Tornadus, M|100\/100\n|switch|p2b: Charizard|Charizard, F|100\/100\n|-ability|p1b: Xenophillic|Pressure\n|turn|1\n|\n|t:|1696432021\n|move|p2b: Charizard|Protect|p2b: Charizard\n|-singleturn|p2b: Charizard|Protect\n|move|p1a: Oxicotton|Taunt|p2a: Tornadus\n|-start|p2a: Tornadus|move: Taunt\n|-enditem|p2a: Tornadus|Mental Herb\n|-end|p2a: Tornadus|move: Taunt\n|move|p2a: Tornadus|Taunt|p1a: Oxicotton\n|-start|p1a: Oxicotton|move: Taunt\n|move|p1b: Xenophillic|Substitute|p1b: Xenophillic\n|-start|p1b: Xenophillic|Substitute\n|-damage|p1b: Xenophillic|76\/100\n|\n|upkeep\n|turn|2\n|\n|t:|1696432045\n|switch|p1a: Serpentine|Zygarde|100\/100\n|-ability|p1a: Serpentine|Aura Break\n|detailschange|p2b: Charizard|Charizard-Mega-Y, F\n|-mega|p2b: Charizard|Charizard|Charizardite Y\n|-weather|SunnyDay|[from] ability: Drought|[of] p2b: Charizard\n|move|p2a: Tornadus|Tailwind|p2a: Tornadus\n|-sidestart|p2: Paldea Athens 420|move: Tailwind\n|move|p2b: Charizard|Heat Wave|p1b: Xenophillic|[spread] p1a,p1b\n|-end|p1b: Xenophillic|Substitute\n|-resisted|p1a: Serpentine\n|-damage|p1a: Serpentine|66\/100\n|move|p1b: Xenophillic|Psycho Boost|p2b: Charizard\n|-damage|p2b: Charizard|7\/100\n|-unboost|p1b: Xenophillic|spa|2\n|\n|-weather|SunnyDay|[upkeep]\n|upkeep\n|turn|3\n|\n|t:|1696432064\n|switch|p1b: Magistus|Tapu Lele|100\/100\n|-fieldstart|move: Psychic Terrain|[from] ability: Psychic Surge|[of] p1b: Magistus\n|move|p1a: Serpentine|Extreme Speed|p2b: Charizard\n|-hint|Psychic Terrain doesn't affect Pok\u00e9mon immune to Ground.\n|-damage|p2b: Charizard|0 fnt\n|faint|p2b: Charizard\n|move|p2a: Tornadus|Bleakwind Storm|p1a: Serpentine|[spread] p1a,p1b\n|-damage|p1a: Serpentine|35\/100\n|-damage|p1b: Magistus|73\/100\n|-unboost|p1b: Magistus|spe|1\n|\n|-weather|SunnyDay|[upkeep]\n|upkeep\n|\n|t:|1696432087\n|switch|p2b: Marshadow|Marshadow|100\/100\n|turn|4\n|\n|t:|1696432096\n|move|p1a: Serpentine|Extreme Speed|p2a: Tornadus\n|-hint|Psychic Terrain doesn't affect Pok\u00e9mon immune to Ground.\n|-damage|p2a: Tornadus|55\/100\n|move|p2b: Marshadow|Spectral Thief|p1b: Magistus\n|-supereffective|p1b: Magistus\n|-damage|p1b: Magistus|0 fnt\n|faint|p1b: Magistus\n|move|p2a: Tornadus|Bleakwind Storm|p1a: Serpentine\n|-damage|p1a: Serpentine|0 fnt\n|faint|p1a: Serpentine\n|\n|-weather|SunnyDay|[upkeep]\n|upkeep\n|\n|t:|1696432105\n|switch|p1b: Oxicotton|Whimsicott, M|100\/100\n|switch|p1a: Xenophillic|Deoxys-Attack|76\/100\n|-ability|p1a: Xenophillic|Pressure\n|turn|5\n|\n|t:|1696432125\n|move|p1a: Xenophillic|Detect|p1a: Xenophillic\n|-singleturn|p1a: Xenophillic|Protect\n|move|p1b: Oxicotton|Tailwind|p1b: Oxicotton\n|-sidestart|p1: Astro Excaliburn|move: Tailwind\n|move|p2b: Marshadow|Spectral Thief|p1a: Xenophillic\n|-activate|p1a: Xenophillic|move: Protect\n|move|p2a: Tornadus|Bleakwind Storm|p1b: Oxicotton|[spread] p1b\n|-activate|p1a: Xenophillic|move: Protect\n|-supereffective|p1b: Oxicotton\n|-enditem|p1b: Oxicotton|Focus Sash\n|-damage|p1b: Oxicotton|1\/100\n|-unboost|p1b: Oxicotton|spe|1\n|\n|-weather|SunnyDay|[upkeep]\n|-sideend|p2: Paldea Athens 420|move: Tailwind\n|upkeep\n|turn|6\n|\n|t:|1696432161\n|move|p2b: Marshadow|Protect|p2b: Marshadow\n|-singleturn|p2b: Marshadow|Protect\n|move|p1b: Oxicotton|Taunt|p2a: Tornadus\n|-start|p2a: Tornadus|move: Taunt\n|move|p1a: Xenophillic|Substitute|p1a: Xenophillic\n|-start|p1a: Xenophillic|Substitute\n|-damage|p1a: Xenophillic|51\/100\n|move|p2a: Tornadus|Bleakwind Storm|p1a: Xenophillic|[spread] p1a,p1b\n|-end|p1a: Xenophillic|Substitute\n|-supereffective|p1b: Oxicotton\n|-damage|p1b: Oxicotton|0 fnt\n|faint|p1b: Oxicotton\n|\n|-weather|none\n|upkeep\n|\n|t:|1696432174\n|switch|p1b: Valorant|Aegislash, M|100\/100\n|turn|7\n|\n|t:|1696432186\n|switch|p2b: Kingambit|Kingambit, F|100\/100\n|-activate|p2b: Kingambit|ability: Supreme Overlord\n|-start|p2b: Kingambit|fallen1|[silent]\n|switch|p2a: Chien-Pao|Chien-Pao|100\/100\n|-ability|p2a: Chien-Pao|Sword of Ruin\n|move|p1b: Valorant|Wide Guard|p1b: Valorant\n|-singleturn|p1b: Valorant|Wide Guard\n|move|p1a: Xenophillic|Psycho Boost|p2b: Kingambit\n|-immune|p2b: Kingambit\n|\n|-fieldend|move: Psychic Terrain\n|upkeep\n|turn|8\n|\n|t:|1696432213\n|-terastallize|p2b: Kingambit|Water\n|move|p1a: Xenophillic|Detect|p1a: Xenophillic\n|-singleturn|p1a: Xenophillic|Protect\n|move|p2a: Chien-Pao|Sucker Punch|p1b: Valorant\n|-supereffective|p1b: Valorant\n|-damage|p1b: Valorant|32\/100\n|-enditem|p1b: Valorant|Weakness Policy\n|-boost|p1b: Valorant|atk|2|[from] item: Weakness Policy\n|-boost|p1b: Valorant|spa|2|[from] item: Weakness Policy\n|-formechange|p1b: Valorant|Aegislash-Blade||[from] ability: Stance Change\n|move|p1b: Valorant|Flash Cannon|p2a: Chien-Pao\n|-supereffective|p2a: Chien-Pao\n|-enditem|p2a: Chien-Pao|Focus Sash\n|-damage|p2a: Chien-Pao|1\/100\n|move|p2b: Kingambit|Kowtow Cleave|p1a: Xenophillic\n|-activate|p1a: Xenophillic|move: Protect\n|\n|-sideend|p1: Astro Excaliburn|move: Tailwind\n|upkeep\n|turn|9\n|\n|t:|1696432234\n|switch|p1a: Zenkai|Lucario, F|100\/100\n|-formechange|p1b: Valorant|Aegislash||[from] ability: Stance Change\n|move|p1b: Valorant|King's Shield|p1b: Valorant\n|-singleturn|p1b: Valorant|Protect\n|move|p2a: Chien-Pao|Sucker Punch||[still]\n|-fail|p2a: Chien-Pao\n|move|p2b: Kingambit|Sucker Punch||[still]\n|-fail|p2b: Kingambit\n|\n|upkeep\n|turn|10\n|\n|t:|1696432256\n|move|p1a: Zenkai|Follow Me|p1a: Zenkai\n|-singleturn|p1a: Zenkai|move: Follow Me\n|move|p2a: Chien-Pao|Sucker Punch||[still]\n|-fail|p2a: Chien-Pao\n|move|p2b: Kingambit|Brick Break|p1a: Zenkai\n|-supereffective|p1a: Zenkai\n|-crit|p1a: Zenkai\n|-damage|p1a: Zenkai|0 fnt\n|faint|p1a: Zenkai\n|-formechange|p1b: Valorant|Aegislash-Blade||[from] ability: Stance Change\n|move|p1b: Valorant|Shadow Ball|p2b: Kingambit\n|-damage|p2b: Kingambit|40\/100\n|\n|upkeep\n|\n|t:|1696432266\n|switch|p1a: Xenophillic|Deoxys-Attack|51\/100\n|-ability|p1a: Xenophillic|Pressure\n|turn|11\n|inactive|Battle timer is ON: inactive players will automatically lose when time's up. (requested by Paldea Athens 420)\n|\n|t:|1696432323\n|-terastallize|p1b: Valorant|Fairy\n|move|p2a: Chien-Pao|Sucker Punch|p1b: Valorant\n|-resisted|p1b: Valorant\n|-damage|p1b: Valorant|0 fnt\n|faint|p1b: Valorant\n|move|p2b: Kingambit|Sucker Punch||[still]\n|-fail|p2b: Kingambit\n|move|p1a: Xenophillic|Substitute|p1a: Xenophillic\n|-start|p1a: Xenophillic|Substitute\n|-damage|p1a: Xenophillic|26\/100\n|\n|upkeep\n|turn|12\n|\n|t:|1696432350\n|move|p1a: Xenophillic|Detect|p1a: Xenophillic\n|-singleturn|p1a: Xenophillic|Protect\n|move|p2a: Chien-Pao|Sucker Punch||[still]\n|-fail|p2a: Chien-Pao\n|move|p2b: Kingambit|Kowtow Cleave|p1a: Xenophillic\n|-activate|p1a: Xenophillic|move: Protect\n|\n|upkeep\n|turn|13\n|\n|t:|1696432367\n|move|p2a: Chien-Pao|Sucker Punch|p1a: Xenophillic\n|-supereffective|p1a: Xenophillic\n|-end|p1a: Xenophillic|Substitute\n|move|p2b: Kingambit|Sucker Punch|p1a: Xenophillic\n|-supereffective|p1a: Xenophillic\n|-damage|p1a: Xenophillic|0 fnt\n|faint|p1a: Xenophillic\n|\n|win|Paldea Athens 420\n|raw|Astro Excaliburn's rating: 1306 &rarr; <strong>1300<\/strong><br \/>(-6 for losing)\n|raw|Paldea Athens 420's rating: 1600 &rarr; <strong>1606<\/strong><br \/>(+6 for winning)\n|l|\u2606Astro Excaliburn\n|j|\u2606Astro Excaliburn\n|player|p1|Astro Excaliburn|chase\n","uploadtime":1696432388,"views":9,"p1id":"astroexcaliburn","p2id":"paldeaathens420","formatid":"gen9nationaldexdoubles","rating":1300,"private":0,"password":""}