{"id":"gen9nationaldexdoubles-1994031433","p1":"psng","p2":"lowbrim","format":"[Gen 9] National Dex Doubles","log":"|j|\u2606psng\n|j|\u2606lowbrim\n|t:|1700396815\n|gametype|doubles\n|player|p1|psng|wallace|1207\n|player|p2|lowbrim|265|1121\n|teamsize|p1|6\n|teamsize|p2|6\n|gen|9\n|tier|[Gen 9] National Dex Doubles\n|rated|\n|rule|HP Percentage Mod: HP is shown in percentages\n|rule|Endless Battle Clause: Forcing endless battles is banned\n|rule|OHKO Clause: OHKO moves are banned\n|rule|Evasion Moves Clause: Evasion moves are banned\n|rule|Evasion Abilities Clause: Evasion abilities are banned\n|rule|Species Clause: Limit one of each Pok\u00e9mon\n|rule|Gravity Sleep Clause: The combination of sleep-inducing moves with imperfect accuracy and Gravity or Gigantamax Orbeetle are banned\n|clearpoke\n|poke|p1|Hatterene, F|\n|poke|p1|Incineroar, F|\n|poke|p1|Gastrodon-East, M|\n|poke|p1|Mawile, M|\n|poke|p1|Porygon2|\n|poke|p1|Rillaboom, M|\n|poke|p2|Mamoswine, M|\n|poke|p2|Talonflame, M|\n|poke|p2|Ribombee, F|\n|poke|p2|Roserade, M|\n|poke|p2|Boltund, M|\n|poke|p2|Gallade, M|\n|teampreview\n|inactive|Battle timer is ON: inactive players will automatically lose when time's up. (requested by psng)\n|\n|t:|1700396833\n|start\n|switch|p1a: Incineroar|Incineroar, F, shiny|100\/100\n|switch|p1b: Porygon2|Porygon2, shiny|100\/100\n|switch|p2a: Mamoswine|Mamoswine, M|100\/100\n|switch|p2b: Talonflame|Talonflame, M|100\/100\n|-ability|p1a: Incineroar|Intimidate|boost\n|-unboost|p2a: Mamoswine|atk|1\n|-unboost|p2b: Talonflame|atk|1\n|-ability|p1b: Porygon2|Download|boost\n|-boost|p1b: Porygon2|spa|1\n|turn|1\n|\n|t:|1700396855\n|move|p1a: Incineroar|Fake Out|p2b: Talonflame\n|-damage|p2b: Talonflame|85\/100\n|cant|p2b: Talonflame|flinch\n|move|p2a: Mamoswine|Earthquake|p1a: Incineroar|[spread] p1a,p1b\n|-immune|p2b: Talonflame\n|-supereffective|p1a: Incineroar\n|-damage|p1a: Incineroar|54\/100\n|-damage|p1b: Porygon2|81\/100\n|move|p1b: Porygon2|Trick Room|p1b: Porygon2\n|-fieldstart|move: Trick Room|[of] p1b: Porygon2\n|\n|-heal|p1a: Incineroar|60\/100|[from] item: Leftovers\n|upkeep\n|turn|2\n|\n|t:|1700396879\n|move|p1b: Porygon2|Tri Attack|p2b: Talonflame\n|-damage|p2b: Talonflame|0 fnt\n|faint|p2b: Talonflame\n|move|p1a: Incineroar|Parting Shot|p2a: Mamoswine\n|-unboost|p2a: Mamoswine|atk|1\n|-unboost|p2a: Mamoswine|spa|1\n|inactive|psng has 120 seconds left.\n|\n|t:|1700396897\n|switch|p1a: Rillaboom|Rillaboom, M, shiny|100\/100|[from] Parting Shot\n|-fieldstart|move: Grassy Terrain|[from] ability: Grassy Surge|[of] p1a: Rillaboom\n|move|p2a: Mamoswine|Earthquake|p1a: Rillaboom|[spread] p1a,p1b\n|-resisted|p1a: Rillaboom\n|-damage|p1a: Rillaboom|96\/100\n|-damage|p1b: Porygon2|73\/100\n|\n|-heal|p1b: Porygon2|79\/100|[from] Grassy Terrain\n|-heal|p1a: Rillaboom|100\/100|[from] Grassy Terrain\n|upkeep\n|\n|t:|1700396912\n|switch|p2b: Ribombee|Ribombee, F|100\/100\n|turn|3\n|\n|t:|1700396928\n|switch|p2a: Boltund|Boltund, M|100\/100\n|move|p1a: Rillaboom|Fake Out|p2b: Ribombee\n|-damage|p2b: Ribombee|71\/100\n|move|p1b: Porygon2|Tri Attack|p2a: Boltund\n|-damage|p2a: Boltund|0 fnt\n|faint|p2a: Boltund\n|move|p2b: Ribombee|Pollen Puff|p1a: Rillaboom\n|-supereffective|p1a: Rillaboom\n|-damage|p1a: Rillaboom|43\/100\n|\n|-heal|p1b: Porygon2|85\/100|[from] Grassy Terrain\n|-heal|p1a: Rillaboom|50\/100|[from] Grassy Terrain\n|-heal|p2b: Ribombee|77\/100|[from] Grassy Terrain\n|upkeep\n|\n|t:|1700396944\n|switch|p2a: Roserade|Roserade, M|100\/100\n|turn|4\n|inactive|psng has 120 seconds left.\n|\n|t:|1700396980\n|switch|p1a: Incineroar|Incineroar, F, shiny|60\/100\n|-ability|p1a: Incineroar|Intimidate|boost\n|-unboost|p2a: Roserade|atk|1\n|-unboost|p2b: Ribombee|atk|1\n|move|p1b: Porygon2|Tri Attack|p2b: Ribombee\n|-damage|p2b: Ribombee|0 fnt\n|faint|p2b: Ribombee\n|move|p2a: Roserade|Sludge Bomb|p1a: Incineroar\n|-damage|p1a: Incineroar|31\/100\n|-status|p1a: Incineroar|psn\n|\n|-heal|p1b: Porygon2|91\/100|[from] Grassy Terrain\n|-heal|p1a: Incineroar|37\/100 psn|[from] Grassy Terrain\n|-heal|p1a: Incineroar|44\/100 psn|[from] item: Leftovers\n|-damage|p1a: Incineroar|31\/100 psn|[from] psn\n|upkeep\n|\n|t:|1700397002\n|switch|p2b: Mamoswine|Mamoswine, M|100\/100\n|turn|5\n|\n|t:|1700397009\n|move|p1a: Incineroar|Fake Out|p2b: Mamoswine\n|-damage|p2b: Mamoswine|88\/100\n|move|p1b: Porygon2|Tri Attack|p2a: Roserade\n|-damage|p2a: Roserade|25\/100\n|-status|p2a: Roserade|frz\n|cant|p2b: Mamoswine|flinch\n|cant|p2a: Roserade|frz\n|\n|-heal|p1b: Porygon2|97\/100|[from] Grassy Terrain\n|-heal|p1a: Incineroar|37\/100 psn|[from] Grassy Terrain\n|-heal|p1a: Incineroar|43\/100 psn|[from] item: Leftovers\n|-heal|p2b: Mamoswine|94\/100|[from] Grassy Terrain\n|-heal|p2a: Roserade|32\/100 frz|[from] Grassy Terrain\n|-damage|p1a: Incineroar|31\/100 psn|[from] psn\n|-fieldend|move: Trick Room\n|upkeep\n|turn|6\n|\n|t:|1700397034\n|cant|p2a: Roserade|frz\n|move|p2b: Mamoswine|Earthquake|p1b: Porygon2|[spread] p2a,p1a,p1b\n|-supereffective|p1a: Incineroar\n|-damage|p2a: Roserade|0 fnt\n|-damage|p1a: Incineroar|0 fnt\n|-damage|p1b: Porygon2|81\/100\n|faint|p2a: Roserade\n|faint|p1a: Incineroar\n|move|p1b: Porygon2|Trick Room|p1b: Porygon2\n|-fieldstart|move: Trick Room|[of] p1b: Porygon2\n|\n|-heal|p1b: Porygon2|87\/100|[from] Grassy Terrain\n|-heal|p2b: Mamoswine|99\/100|[from] Grassy Terrain\n|-fieldend|move: Grassy Terrain\n|upkeep\n|\n|t:|1700397047\n|switch|p1a: Rillaboom|Rillaboom, M, shiny|50\/100\n|switch|p2a: Gallade|Gallade, M|100\/100\n|-fieldstart|move: Grassy Terrain|[from] ability: Grassy Surge|[of] p1a: Rillaboom\n|turn|7\n|\n|t:|1700397066\n|move|p1a: Rillaboom|Fake Out|p2a: Gallade\n|-damage|p2a: Gallade|74\/100\n|move|p1b: Porygon2|Tri Attack|p2b: Mamoswine\n|-damage|p2b: Mamoswine|16\/100\n|move|p2b: Mamoswine|Icicle Spear|p1a: Rillaboom\n|-supereffective|p1a: Rillaboom\n|-damage|p1a: Rillaboom|24\/100\n|-supereffective|p1a: Rillaboom\n|-damage|p1a: Rillaboom|0 fnt\n|faint|p1a: Rillaboom\n|-hitcount|p1: Rillaboom|2\n|cant|p2a: Gallade|flinch\n|\n|-heal|p1b: Porygon2|93\/100|[from] Grassy Terrain\n|-heal|p2a: Gallade|80\/100|[from] Grassy Terrain\n|-heal|p2b: Mamoswine|22\/100|[from] Grassy Terrain\n|upkeep\n|\n|t:|1700397074\n|switch|p1a: Mawile|Mawile, M, shiny|100\/100\n|-ability|p1a: Mawile|Intimidate|boost\n|-unboost|p2a: Gallade|atk|1\n|-unboost|p2b: Mamoswine|atk|1\n|turn|8\n|\n|t:|1700397090\n|detailschange|p1a: Mawile|Mawile-Mega, M, shiny\n|-mega|p1a: Mawile|Mawile|Mawilite\n|move|p1a: Mawile|Swords Dance|p1a: Mawile\n|-boost|p1a: Mawile|atk|2\n|move|p1b: Porygon2|Tri Attack|p2b: Mamoswine\n|-damage|p2b: Mamoswine|0 fnt\n|faint|p2b: Mamoswine\n|move|p2a: Gallade|Sacred Sword|p1b: Porygon2\n|-supereffective|p1b: Porygon2\n|-damage|p1b: Porygon2|17\/100\n|\n|-heal|p1b: Porygon2|24\/100|[from] Grassy Terrain\n|-heal|p2a: Gallade|86\/100|[from] Grassy Terrain\n|upkeep\n|turn|9\n|inactive|psng has 120 seconds left.\n|\n|t:|1700397121\n|move|p1a: Mawile|Play Rough|p2a: Gallade|[miss]\n|-miss|p1a: Mawile|p2a: Gallade\n|move|p1b: Porygon2|Shadow Ball|p2a: Gallade\n|-supereffective|p2a: Gallade\n|-crit|p2a: Gallade\n|-damage|p2a: Gallade|4\/100\n|move|p2a: Gallade|Sacred Sword|p1b: Porygon2\n|-supereffective|p1b: Porygon2\n|-damage|p1b: Porygon2|0 fnt\n|faint|p1b: Porygon2\n|\n|-heal|p2a: Gallade|10\/100|[from] Grassy Terrain\n|upkeep\n|inactive|psng has 120 seconds left.\n|\n|t:|1700397132\n|switch|p1b: Hatterene|Hatterene, F, shiny|100\/100\n|turn|10\n|\n|t:|1700397142\n|move|p1b: Hatterene|Protect|p1b: Hatterene\n|-singleturn|p1b: Hatterene|Protect\n|move|p1a: Mawile|Iron Head|p2a: Gallade\n|-damage|p2a: Gallade|0 fnt\n|faint|p2a: Gallade\n|\n|win|psng\n|raw|psng's rating: 1207 &rarr; <strong>1226<\/strong><br \/>(+19 for winning)\n|raw|lowbrim's rating: 1121 &rarr; <strong>1102<\/strong><br \/>(-19 for losing)\n","uploadtime":1700397151,"views":3,"p1id":"psng","p2id":"lowbrim","formatid":"gen9nationaldexdoubles","rating":1102,"private":0,"password":""}