{"id":"gen9nationaldexdoubles-1989074970","p1":"Autumn kings","p2":"imjustthatawsom","format":"[Gen 9] National Dex Doubles","log":"|j|\u2606Autumn kings\n|j|\u2606imjustthatawsom\n|t:|1699809432\n|gametype|doubles\n|player|p1|Autumn kings|1|\n|player|p2|imjustthatawsom|101|\n|teamsize|p1|6\n|teamsize|p2|6\n|gen|9\n|tier|[Gen 9] National Dex Doubles\n|rule|HP Percentage Mod: HP is shown in percentages\n|rule|Endless Battle Clause: Forcing endless battles is banned\n|rule|OHKO Clause: OHKO moves are banned\n|rule|Evasion Moves Clause: Evasion moves are banned\n|rule|Evasion Abilities Clause: Evasion abilities are banned\n|rule|Species Clause: Limit one of each Pok\u00e9mon\n|rule|Gravity Sleep Clause: The combination of sleep-inducing moves with imperfect accuracy and Gravity or Gigantamax Orbeetle are banned\n|clearpoke\n|poke|p1|Kilowattrel, F|\n|poke|p1|Bastiodon, F|\n|poke|p1|Breloom, F|\n|poke|p1|Banette, M|\n|poke|p1|Ceruledge, F|\n|poke|p1|Kingambit, M|\n|poke|p2|Oricorio, M|\n|poke|p2|Volcarona, M|\n|poke|p2|Vaporeon, M|\n|poke|p2|Grafaiai, M|\n|poke|p2|Iron Valiant|\n|poke|p2|Swampert, M|\n|teampreview\n|\n|t:|1699809438\n|start\n|switch|p1a: Kilowattrel|Kilowattrel, F|100\/100\n|switch|p1b: Bastiodon|Bastiodon, F|100\/100\n|switch|p2a: She Ori|Oricorio, M|100\/100\n|switch|p2b: On my Cori|Volcarona, M|100\/100\n|turn|1\n|\n|t:|1699809459\n|move|p1a: Kilowattrel|Tailwind|p1a: Kilowattrel\n|-sidestart|p1: Autumn kings|move: Tailwind\n|-start|p1a: Kilowattrel|Charge|Tailwind|[from] ability: Wind Power\n|move|p2a: She Ori|Tailwind|p2a: She Ori\n|-sidestart|p2: imjustthatawsom|move: Tailwind\n|move|p2b: On my Cori|Fiery Dance|p1b: Bastiodon\n|-damage|p1b: Bastiodon|67\/100\n|-activate|p2a: She Ori|ability: Dancer\n|move|p2a: She Ori|Fiery Dance|p1b: Bastiodon|[from]ability: Dancer\n|-damage|p1b: Bastiodon|42\/100\n|move|p1b: Bastiodon|Roar|p2b: On my Cori\n|drag|p2b: Til I O|Swampert, M|100\/100\n|\n|-heal|p1b: Bastiodon|49\/100|[from] item: Leftovers\n|upkeep\n|turn|2\n|\n|t:|1699809487\n|move|p2a: She Ori|Protect|p2a: She Ori\n|-singleturn|p2a: She Ori|Protect\n|move|p1b: Bastiodon|Magic Coat|p1b: Bastiodon\n|-singleturn|p1b: Bastiodon|move: Magic Coat\n|move|p1a: Kilowattrel|Electro Ball|p2a: She Ori\n|-activate|p2a: She Ori|move: Protect\n|-end|p1a: Kilowattrel|Charge|[silent]\n|move|p2b: Til I O|Waterfall|p1b: Bastiodon\n|-supereffective|p1b: Bastiodon\n|-damage|p1b: Bastiodon|0 fnt\n|faint|p1b: Bastiodon\n|\n|upkeep\n|\n|t:|1699809498\n|switch|p1b: Banette|Banette, M, shiny|100\/100\n|turn|3\n|\n|t:|1699809539\n|detailschange|p1b: Banette|Banette-Mega, M, shiny\n|-mega|p1b: Banette|Banette|Banettite\n|move|p1a: Kilowattrel|Electro Ball|p2a: She Ori\n|-supereffective|p2a: She Ori\n|-enditem|p2a: She Ori|Focus Sash\n|-damage|p2a: She Ori|1\/100\n|move|p2a: She Ori|Revelation Dance|p1a: Kilowattrel\n|-damage|p1a: Kilowattrel|30\/100\n|move|p1b: Banette|Poltergeist|p2b: Til I O\n|-activate|p2b: Til I O|move: Poltergeist|Choice Band\n|-damage|p2b: Til I O|42\/100\n|move|p2b: Til I O|Waterfall|p1a: Kilowattrel\n|-damage|p1a: Kilowattrel|0 fnt\n|faint|p1a: Kilowattrel\n|\n|upkeep\n|\n|t:|1699809554\n|switch|p1a: Breloom|Breloom, F|100\/100\n|turn|4\n|\n|t:|1699809565\n|move|p2a: She Ori|Protect|p2a: She Ori\n|-singleturn|p2a: She Ori|Protect\n|move|p1b: Banette|Destiny Bond|p1b: Banette\n|-singlemove|p1b: Banette|Destiny Bond\n|move|p1a: Breloom|Dynamic Punch|p2b: Til I O\n|-damage|p2b: Til I O|0 fnt\n|faint|p2b: Til I O\n|\n|-sideend|p2: imjustthatawsom|move: Tailwind\n|-sideend|p1: Autumn kings|move: Tailwind\n|-status|p1a: Breloom|tox|[from] item: Toxic Orb\n|upkeep\n|\n|t:|1699809580\n|switch|p2b: On my Cori|Volcarona, M|100\/100\n|turn|5\n|\n|t:|1699809606\n|move|p1b: Banette|Destiny Bond||[still]\n|-fail|p1b: Banette\n|move|p2a: She Ori|Tailwind|p2a: She Ori\n|-sidestart|p2: imjustthatawsom|move: Tailwind\n|move|p2b: On my Cori|Fiery Dance|p1a: Breloom\n|-supereffective|p1a: Breloom\n|-damage|p1a: Breloom|0 fnt\n|-boost|p2b: On my Cori|spa|1\n|faint|p1a: Breloom\n|-activate|p2a: She Ori|ability: Dancer\n|move|p2a: She Ori|Fiery Dance|p1b: Banette|[from]ability: Dancer\n|-crit|p1b: Banette\n|-damage|p1b: Banette|27\/100\n|\n|upkeep\n|\n|t:|1699809618\n|switch|p1a: Ceruledge|Ceruledge, F|100\/100\n|turn|6\n|\n|t:|1699809634\n|move|p1b: Banette|Destiny Bond|p1b: Banette\n|-singlemove|p1b: Banette|Destiny Bond\n|move|p2a: She Ori|Air Slash|p1a: Ceruledge\n|-damage|p1a: Ceruledge|63\/100\n|move|p2b: On my Cori|Fiery Dance|p1b: Banette\n|-damage|p1b: Banette|0 fnt\n|-boost|p2b: On my Cori|spa|1\n|faint|p1b: Banette\n|-activate|p1b: Banette|move: Destiny Bond\n|faint|p2b: On my Cori\n|-activate|p2a: She Ori|ability: Dancer\n|move|p2a: She Ori|Fiery Dance|p1a: Ceruledge|[from]ability: Dancer\n|-resisted|p1a: Ceruledge\n|-damage|p1a: Ceruledge|44\/100\n|move|p1a: Ceruledge|Substitute|p1a: Ceruledge\n|-start|p1a: Ceruledge|Substitute\n|-damage|p1a: Ceruledge|19\/100\n|\n|upkeep\n|\n|t:|1699809655\n|switch|p2b: OU|Iron Valiant|100\/100\n|switch|p1b: Kingambit|Kingambit, M|100\/100\n|-activate|p1b: Kingambit|ability: Supreme Overlord\n|-start|p1b: Kingambit|fallen4|[silent]\n|turn|7\n|\n|t:|1699809672\n|move|p2b: OU|Close Combat|p1b: Kingambit\n|-supereffective|p1b: Kingambit\n|-enditem|p1b: Kingambit|Focus Sash\n|-damage|p1b: Kingambit|1\/100\n|-unboost|p2b: OU|def|1\n|-unboost|p2b: OU|spd|1\n|move|p2a: She Ori|Air Slash|p1a: Ceruledge\n|-end|p1a: Ceruledge|Substitute\n|move|p1a: Ceruledge|Flare Blitz|p2a: She Ori\n|-resisted|p2a: She Ori\n|-damage|p2a: She Ori|0 fnt\n|faint|p2a: She Ori\n|-damage|p1a: Ceruledge|19\/100|[from] Recoil\n|move|p1b: Kingambit|Metal Burst|p2b: OU\n|-damage|p2b: OU|0 fnt\n|faint|p2b: OU\n|-end|p2b: OU|Quark Drive|[silent]\n|\n|upkeep\n|\n|t:|1699809688\n|switch|p2b: Bob|Grafaiai, M|100\/100\n|switch|p2a: Copypasta|Vaporeon, M|100\/100\n|turn|8\n|\n|t:|1699809702\n|move|p2b: Bob|Knock Off|p1a: Ceruledge\n|-supereffective|p1a: Ceruledge\n|-damage|p1a: Ceruledge|0 fnt\n|-enditem|p1a: Ceruledge|Charcoal|[from] move: Knock Off|[of] p2b: Bob\n|faint|p1a: Ceruledge\n|move|p2a: Copypasta|Scald|p1b: Kingambit\n|-damage|p1b: Kingambit|0 fnt\n|faint|p1b: Kingambit\n|-end|p1b: Kingambit|fallen4|[silent]\n|\n|win|imjustthatawsom\n|c|\u2606imjustthatawsom|gg\n","uploadtime":1699809732,"views":38,"p1id":"autumnkings","p2id":"imjustthatawsom","formatid":"gen9nationaldexdoubles","rating":0,"private":0,"password":""}