{"id":"gen9nationaldexdoubles-1980753183","p1":"dancingpig","p2":"Tournesun","format":"[Gen 9] National Dex Doubles","log":"|j|\u2606dancingpig\n|j|\u2606Tournesun\n|t:|1698826220\n|gametype|doubles\n|player|p1|dancingpig|n|1370\n|player|p2|Tournesun|workerice|1305\n|teamsize|p1|6\n|teamsize|p2|6\n|gen|9\n|tier|[Gen 9] National Dex Doubles\n|rated|\n|rule|HP Percentage Mod: HP is shown in percentages\n|rule|Endless Battle Clause: Forcing endless battles is banned\n|rule|OHKO Clause: OHKO moves are banned\n|rule|Evasion Moves Clause: Evasion moves are banned\n|rule|Evasion Abilities Clause: Evasion abilities are banned\n|rule|Species Clause: Limit one of each Pok\u00e9mon\n|rule|Gravity Sleep Clause: The combination of sleep-inducing moves with imperfect accuracy and Gravity or Gigantamax Orbeetle are banned\n|clearpoke\n|poke|p1|Tyranitar, M|\n|poke|p1|Lycanroc, F|\n|poke|p1|Excadrill, F|\n|poke|p1|Salamence, M|\n|poke|p1|Aegislash, F|\n|poke|p1|Tinkaton, F|\n|poke|p2|Enamorus, F|\n|poke|p2|Flamigo, F|\n|poke|p2|Oricorio-Pom-Pom, F|\n|poke|p2|Incineroar, F|\n|poke|p2|Quaquaval, F|\n|poke|p2|Victini|\n|teampreview\n|inactive|Battle timer is ON: inactive players will automatically lose when time's up. (requested by dancingpig)\n|\n|t:|1698826257\n|start\n|switch|p1a: Salamence|Salamence, M|100\/100\n|switch|p1b: Tinkaton|Tinkaton, F|100\/100\n|switch|p2a: Enamorus|Enamorus, F|100\/100\n|switch|p2b: Incineroar|Incineroar, F|100\/100\n|-ability|p1a: Salamence|Intimidate|boost\n|-boost|p2a: Enamorus|atk|1\n|-unboost|p2b: Incineroar|atk|1\n|-ability|p2b: Incineroar|Intimidate|boost\n|-unboost|p1a: Salamence|atk|1\n|-fail|p1b: Tinkaton|unboost|Attack|[from] ability: Own Tempo|[of] p1b: Tinkaton\n|turn|1\n|inactive|Tournesun has 120 seconds left.\n|\n|t:|1698826289\n|-terastallize|p2a: Enamorus|Steel\n|move|p1a: Salamence|Protect|p1a: Salamence\n|-singleturn|p1a: Salamence|Protect\n|move|p1b: Tinkaton|Protect|p1b: Tinkaton\n|-singleturn|p1b: Tinkaton|Protect\n|move|p2b: Incineroar|Fake Out|p1b: Tinkaton\n|-activate|p1b: Tinkaton|move: Protect\n|move|p2a: Enamorus|Superpower|p1b: Tinkaton\n|-activate|p1b: Tinkaton|move: Protect\n|\n|upkeep\n|turn|2\n|\n|t:|1698826308\n|switch|p1b: Aegislash|Aegislash, F|100\/100\n|detailschange|p1a: Salamence|Salamence-Mega, M\n|-mega|p1a: Salamence|Salamence|Salamencite\n|move|p1a: Salamence|Fire Blast|p2a: Enamorus\n|-supereffective|p2a: Enamorus\n|-damage|p2a: Enamorus|37\/100\n|move|p2a: Enamorus|Superpower|p1b: Aegislash\n|-immune|p1b: Aegislash\n|move|p2b: Incineroar|Flare Blitz|p1b: Aegislash\n|-supereffective|p1b: Aegislash\n|-damage|p1b: Aegislash|50\/100\n|-damage|p2b: Incineroar|87\/100|[from] Recoil\n|\n|-heal|p1b: Aegislash|56\/100|[from] item: Leftovers\n|upkeep\n|turn|3\n|\n|t:|1698826329\n|move|p1b: Aegislash|King's Shield|p1b: Aegislash\n|-singleturn|p1b: Aegislash|Protect\n|move|p1a: Salamence|Fire Blast|p2a: Enamorus|[miss]\n|-miss|p1a: Salamence|p2a: Enamorus\n|move|p2a: Enamorus|Iron Head|p1a: Salamence\n|-damage|p1a: Salamence|57\/100\n|move|p2b: Incineroar|Parting Shot|p1a: Salamence\n|-unboost|p1a: Salamence|atk|1\n|-unboost|p1a: Salamence|spa|1\n|inactive|Tournesun has 120 seconds left.\n|\n|t:|1698826345\n|switch|p2b: Victini|Victini|100\/100|[from] Parting Shot\n|\n|-heal|p1b: Aegislash|62\/100|[from] item: Leftovers\n|upkeep\n|turn|4\n|\n|t:|1698826370\n|-terastallize|p1b: Aegislash|Fire\n|move|p1a: Salamence|Fire Blast|p2a: Enamorus\n|-supereffective|p2a: Enamorus\n|-damage|p2a: Enamorus|0 fnt\n|faint|p2a: Enamorus\n|move|p2b: Victini|Encore|p1b: Aegislash\n|-start|p1b: Aegislash|Encore\n|move|p1b: Aegislash|King's Shield||[still]\n|-fail|p1b: Aegislash\n|\n|-heal|p1b: Aegislash|68\/100|[from] item: Leftovers\n|upkeep\n|inactive|Tournesun has 120 seconds left.\n|\n|t:|1698826381\n|switch|p2a: Incineroar|Incineroar, F|87\/100\n|-ability|p2a: Incineroar|Intimidate|boost\n|-unboost|p1a: Salamence|atk|1\n|-unboost|p1b: Aegislash|atk|1\n|turn|5\n|\n|t:|1698826397\n|switch|p1b: Tyranitar|Tyranitar, M|100\/100\n|-weather|Sandstorm|[from] ability: Sand Stream|[of] p1b: Tyranitar\n|move|p1a: Salamence|Protect|p1a: Salamence\n|-singleturn|p1a: Salamence|Protect\n|move|p2a: Incineroar|Fake Out|p1a: Salamence\n|-activate|p1a: Salamence|move: Protect\n|move|p2b: Victini|Bolt Strike|p1a: Salamence\n|-activate|p1a: Salamence|move: Protect\n|\n|-weather|Sandstorm|[upkeep]\n|-damage|p1a: Salamence|51\/100|[from] Sandstorm\n|-damage|p2b: Victini|94\/100|[from] Sandstorm\n|-damage|p2a: Incineroar|81\/100|[from] Sandstorm\n|upkeep\n|turn|6\n|\n|t:|1698826420\n|switch|p1a: Excadrill|Excadrill, F|100\/100\n|move|p2b: Victini|Bolt Strike|p1b: Tyranitar\n|-damage|p1b: Tyranitar|73\/100\n|move|p1b: Tyranitar|Rock Slide|p2a: Incineroar|[spread] p2a,p2b\n|-supereffective|p2a: Incineroar\n|-supereffective|p2b: Victini\n|-damage|p2a: Incineroar|32\/100\n|-damage|p2b: Victini|36\/100\n|-enditem|p2a: Incineroar|Sitrus Berry|[eat]\n|-heal|p2a: Incineroar|57\/100|[from] item: Sitrus Berry\n|cant|p2a: Incineroar|flinch\n|\n|-weather|Sandstorm|[upkeep]\n|-damage|p2b: Victini|30\/100|[from] Sandstorm\n|-damage|p2a: Incineroar|51\/100|[from] Sandstorm\n|upkeep\n|turn|7\n|\n|t:|1698826440\n|move|p1a: Excadrill|Rock Slide|p2b: Victini|[spread] p2a,p2b\n|-supereffective|p2a: Incineroar\n|-supereffective|p2b: Victini\n|-damage|p2a: Incineroar|0 fnt\n|-damage|p2b: Victini|0 fnt\n|faint|p2a: Incineroar\n|faint|p2b: Victini\n|-damage|p1a: Excadrill|91\/100|[from] item: Life Orb\n|move|p1b: Tyranitar|Dragon Dance|p1b: Tyranitar\n|-boost|p1b: Tyranitar|atk|1\n|-boost|p1b: Tyranitar|spe|1\n|\n|-weather|Sandstorm|[upkeep]\n|upkeep\n|\n|t:|1698826449\n|switch|p2b: Oricorio|Oricorio-Pom-Pom, F|100\/100\n|switch|p2a: Quaquaval|Quaquaval, F|100\/100\n|turn|8\n|inactive|Tournesun has 120 seconds left.\n|\n|t:|1698826498\n|move|p2b: Oricorio|Protect|p2b: Oricorio\n|-singleturn|p2b: Oricorio|Protect\n|move|p1a: Excadrill|Rock Slide|p2b: Oricorio|[spread] p2a\n|-activate|p2b: Oricorio|move: Protect\n|-resisted|p2a: Quaquaval\n|-damage|p2a: Quaquaval|81\/100\n|-damage|p1a: Excadrill|81\/100|[from] item: Life Orb\n|move|p1b: Tyranitar|Rock Slide|p2b: Oricorio|[spread] p2a\n|-activate|p2b: Oricorio|move: Protect\n|-resisted|p2a: Quaquaval\n|-damage|p2a: Quaquaval|54\/100\n|move|p2a: Quaquaval|Aqua Step|p1a: Excadrill\n|-supereffective|p1a: Excadrill\n|-damage|p1a: Excadrill|0 fnt\n|-boost|p2a: Quaquaval|spe|1\n|faint|p1a: Excadrill\n|-ability|p2a: Quaquaval|Moxie|boost\n|-boost|p2a: Quaquaval|atk|1\n|-activate|p2b: Oricorio|ability: Dancer\n|move|p2b: Oricorio|Aqua Step|p1b: Tyranitar|[from]ability: Dancer\n|-supereffective|p1b: Tyranitar\n|-damage|p1b: Tyranitar|55\/100\n|-boost|p2b: Oricorio|spe|1\n|-enditem|p1b: Tyranitar|Weakness Policy\n|-boost|p1b: Tyranitar|atk|2|[from] item: Weakness Policy\n|-boost|p1b: Tyranitar|spa|2|[from] item: Weakness Policy\n|\n|-weather|Sandstorm|[upkeep]\n|-damage|p2a: Quaquaval|47\/100|[from] Sandstorm\n|-damage|p2b: Oricorio|94\/100|[from] Sandstorm\n|-heal|p2a: Quaquaval|54\/100|[from] item: Leftovers\n|upkeep\n|\n|t:|1698826523\n|switch|p1a: Lycanroc|Lycanroc, F|100\/100\n|turn|9\n|inactive|Tournesun has 120 seconds left.\n|\n|t:|1698826555\n|move|p1b: Tyranitar|Protect|p1b: Tyranitar\n|-singleturn|p1b: Tyranitar|Protect\n|move|p1a: Lycanroc|Rock Slide|p2b: Oricorio|[spread] p2a,p2b\n|-resisted|p2a: Quaquaval\n|-supereffective|p2b: Oricorio\n|-damage|p2a: Quaquaval|35\/100\n|-damage|p2b: Oricorio|16\/100\n|move|p2a: Quaquaval|Close Combat|p1b: Tyranitar\n|-activate|p1b: Tyranitar|move: Protect\n|cant|p2b: Oricorio|flinch\n|\n|-weather|none\n|-heal|p2a: Quaquaval|41\/100|[from] item: Leftovers\n|upkeep\n|turn|10\n|inactive|Tournesun has 120 seconds left.\n|inactive|dancingpig has 120 seconds left.\n|\n|t:|1698826586\n|switch|p1b: Salamence|Salamence-Mega, M|51\/100\n|move|p2a: Quaquaval|Close Combat|p1b: Salamence\n|-resisted|p1b: Salamence\n|-damage|p1b: Salamence|18\/100\n|-unboost|p2a: Quaquaval|def|1\n|-unboost|p2a: Quaquaval|spd|1\n|move|p2b: Oricorio|Revelation Dance|p1a: Lycanroc\n|-damage|p1a: Lycanroc|32\/100\n|move|p1a: Lycanroc|Rock Slide|p2b: Oricorio|[spread] p2a,p2b\n|-resisted|p2a: Quaquaval\n|-supereffective|p2b: Oricorio\n|-crit|p2b: Oricorio\n|-damage|p2a: Quaquaval|13\/100\n|-damage|p2b: Oricorio|0 fnt\n|faint|p2b: Oricorio\n|\n|-heal|p2a: Quaquaval|19\/100|[from] item: Leftovers\n|upkeep\n|\n|t:|1698826611\n|switch|p2b: Flamigo|Flamigo, F|100\/100\n|-copyboost|p2b: Flamigo|p2a: Quaquaval|[from] ability: Costar\n|turn|11\n|inactive|Tournesun has 120 seconds left.\n|\n|t:|1698826626\n|switch|p1b: Tyranitar|Tyranitar, M|55\/100\n|-weather|Sandstorm|[from] ability: Sand Stream|[of] p1b: Tyranitar\n|move|p1a: Lycanroc|Rock Slide|p2b: Flamigo|[spread] p2a,p2b\n|-resisted|p2a: Quaquaval\n|-damage|p2a: Quaquaval|0 fnt\n|-damage|p2b: Flamigo|46\/100\n|faint|p2a: Quaquaval\n|cant|p2b: Flamigo|flinch\n|\n|-weather|Sandstorm|[upkeep]\n|-damage|p2b: Flamigo|40\/100|[from] Sandstorm\n|upkeep\n|turn|12\n|-message|Tournesun forfeited.\n|\n|win|dancingpig\n|raw|dancingpig's rating: 1370 &rarr; <strong>1386<\/strong><br \/>(+16 for winning)\n|raw|Tournesun's rating: 1305 &rarr; <strong>1289<\/strong><br \/>(-16 for losing)\n|l|\u2606Tournesun\n","uploadtime":1698826653,"views":11,"p1id":"dancingpig","p2id":"tournesun","formatid":"gen9nationaldexdoubles","rating":1289,"private":0,"password":""}