{"id":"gen9nationaldexdoubles-1950729782","p1":"srythatwasu","p2":"sparkia \u2764","format":"[Gen 9] National Dex Doubles","log":"|j|\u2606srythatwasu\n|j|\u2606sparkia \u2764\n|t:|1695500501\n|gametype|doubles\n|player|p1|srythatwasu|volo|1055\n|player|p2|sparkia \u2764|elesa-gen5bw2|1068\n|teamsize|p1|6\n|teamsize|p2|6\n|gen|9\n|tier|[Gen 9] National Dex Doubles\n|rated|\n|rule|HP Percentage Mod: HP is shown in percentages\n|rule|Endless Battle Clause: Forcing endless battles is banned\n|rule|OHKO Clause: OHKO moves are banned\n|rule|Evasion Moves Clause: Evasion moves are banned\n|rule|Evasion Abilities Clause: Evasion abilities are banned\n|rule|Species Clause: Limit one of each Pok\u00e9mon\n|rule|Gravity Sleep Clause: The combination of sleep-inducing moves with imperfect accuracy and Gravity or Gigantamax Orbeetle are banned\n|clearpoke\n|poke|p1|Vikavolt, M|\n|poke|p1|Dusclops, F|\n|poke|p1|Ursaluna-Bloodmoon, M|\n|poke|p1|Conkeldurr, F|\n|poke|p1|Sinistcha-Masterpiece|\n|poke|p1|Charjabug, F|\n|poke|p2|Florges, F|\n|poke|p2|Masquerain, M|\n|poke|p2|Indeedee, M|\n|poke|p2|Ursaluna-Bloodmoon, M|\n|poke|p2|Conkeldurr, F|\n|poke|p2|Hoppip, F|\n|teampreview\n|c|\u2606srythatwasu|glhf\n|c|\u2606sparkia \u2764|u2'\n|\n|t:|1695500519\n|start\n|switch|p1a: Vikavolt|Vikavolt, M, shiny|100\/100\n|switch|p1b: Dusclops|Dusclops, F|100\/100\n|switch|p2a: Florges|Florges, F, shiny|100\/100\n|switch|p2b: Hoppip|Hoppip, F, shiny|100\/100\n|-ability|p1b: Dusclops|Pressure\n|turn|1\n|\n|t:|1695500532\n|move|p1a: Vikavolt|Protect|p1a: Vikavolt\n|-singleturn|p1a: Vikavolt|Protect\n|move|p2b: Hoppip|Cotton Guard|p2b: Hoppip\n|-boost|p2b: Hoppip|def|3\n|move|p2a: Florges|Copycat|p2a: Florges\n|move|p2a: Florges|Cotton Guard|p2a: Florges|[from]move: Copycat\n|-boost|p2a: Florges|def|3\n|move|p1b: Dusclops|Trick Room|p1b: Dusclops\n|-fieldstart|move: Trick Room|[of] p1b: Dusclops\n|\n|upkeep\n|turn|2\n|\n|t:|1695500551\n|move|p1b: Dusclops|Night Shade|p2b: Hoppip\n|-damage|p2b: Hoppip|53\/100\n|move|p1a: Vikavolt|Thunderbolt|p2b: Hoppip\n|-damage|p2b: Hoppip|0 fnt\n|faint|p2b: Hoppip\n|move|p2a: Florges|Calm Mind|p2a: Florges\n|-boost|p2a: Florges|spa|1\n|-boost|p2a: Florges|spd|1\n|\n|upkeep\n|\n|t:|1695500562\n|switch|p2b: Ursaluna|Ursaluna-Bloodmoon, M|100\/100\n|turn|3\n|\n|t:|1695500574\n|move|p1b: Dusclops|Night Shade|p2a: Florges\n|-damage|p2a: Florges|67\/100\n|move|p1a: Vikavolt|Thunderbolt|p2a: Florges\n|-crit|p2a: Florges\n|-damage|p2a: Florges|1\/100\n|move|p2b: Ursaluna|Blood Moon|p1b: Dusclops\n|-damage|p1b: Dusclops|49\/100\n|move|p2a: Florges|Calm Mind|p2a: Florges\n|-boost|p2a: Florges|spa|1\n|-boost|p2a: Florges|spd|1\n|\n|-heal|p2a: Florges|7\/100|[from] item: Leftovers\n|upkeep\n|turn|4\n|\n|t:|1695500595\n|-terastallize|p2a: Florges|Normal\n|move|p1b: Dusclops|Pain Split|p2b: Ursaluna\n|-sethp|p2b: Ursaluna|67\/100|[from] move: Pain Split|[silent]\n|-sethp|p1b: Dusclops|100\/100|[from] move: Pain Split\n|move|p1a: Vikavolt|Thunderbolt|p2a: Florges\n|-damage|p2a: Florges|0 fnt\n|faint|p2a: Florges\n|move|p2b: Ursaluna|Moonblast|p1a: Vikavolt\n|-damage|p1a: Vikavolt|55\/100\n|-unboost|p1a: Vikavolt|spa|1\n|\n|upkeep\n|\n|t:|1695500608\n|switch|p2a: Conkeldurr|Conkeldurr, F|100\/100\n|turn|5\n|\n|t:|1695500648\n|switch|p1a: Charjabug|Charjabug, F|100\/100\n|move|p1b: Dusclops|Night Shade|p2a: Conkeldurr\n|-damage|p2a: Conkeldurr|76\/100\n|move|p2a: Conkeldurr|Knock Off|p1b: Dusclops\n|-supereffective|p1b: Dusclops\n|-damage|p1b: Dusclops|23\/100\n|-enditem|p1b: Dusclops|Eviolite|[from] move: Knock Off|[of] p2a: Conkeldurr\n|move|p2b: Ursaluna|Moonblast|p1a: Charjabug\n|-damage|p1a: Charjabug|67\/100\n|-unboost|p1a: Charjabug|spa|1\n|\n|-fieldend|move: Trick Room\n|upkeep\n|turn|6\n|\n|t:|1695500710\n|move|p1a: Charjabug|Protect|p1a: Charjabug\n|-singleturn|p1a: Charjabug|Protect\n|move|p2b: Ursaluna|Blood Moon|p1b: Dusclops\n|-damage|p1b: Dusclops|0 fnt\n|faint|p1b: Dusclops\n|move|p2a: Conkeldurr|Knock Off|p1a: Charjabug\n|-activate|p1a: Charjabug|move: Protect\n|\n|upkeep\n|\n|t:|1695500718\n|switch|p1b: Sinistcha|Sinistcha-Masterpiece|100\/100\n|-heal|p1a: Charjabug|91\/100|[from] ability: Hospitality|[of] p1b: Sinistcha\n|turn|7\n|\n|t:|1695500729\n|move|p2b: Ursaluna|Earth Power|p1a: Charjabug\n|-damage|p1a: Charjabug|40\/100\n|move|p2a: Conkeldurr|Knock Off|p1b: Sinistcha\n|-supereffective|p1b: Sinistcha\n|-crit|p1b: Sinistcha\n|-damage|p1b: Sinistcha|0 fnt\n|-enditem|p1b: Sinistcha|Bright Powder|[from] move: Knock Off|[of] p2a: Conkeldurr\n|faint|p1b: Sinistcha\n|move|p1a: Charjabug|Substitute|p1a: Charjabug\n|-start|p1a: Charjabug|Substitute\n|-damage|p1a: Charjabug|15\/100\n|\n|upkeep\n|\n|t:|1695500740\n|switch|p1b: Vikavolt|Vikavolt, M, shiny|55\/100\n|turn|8\n|\n|t:|1695500810\n|move|p1a: Charjabug|Protect|p1a: Charjabug\n|-singleturn|p1a: Charjabug|Protect\n|move|p2b: Ursaluna|Moonblast|p1a: Charjabug\n|-activate|p1a: Charjabug|move: Protect\n|move|p2a: Conkeldurr|Knock Off|p1b: Vikavolt\n|-damage|p1b: Vikavolt|0 fnt\n|-enditem|p1b: Vikavolt|Heavy-Duty Boots|[from] move: Knock Off|[of] p2a: Conkeldurr\n|faint|p1b: Vikavolt\n|\n|upkeep\n|\n|t:|1695500824\n|switch|p1b: Conkeldurr|Conkeldurr, F|100\/100\n|turn|9\n|\n|t:|1695500850\n|switch|p2a: Masquerain|Masquerain, M, shiny|100\/100\n|-ability|p2a: Masquerain|Intimidate|boost\n|-immune|p1a: Charjabug\n|-unboost|p1b: Conkeldurr|atk|1\n|move|p1b: Conkeldurr|Protect|p1b: Conkeldurr\n|-singleturn|p1b: Conkeldurr|Protect\n|move|p2b: Ursaluna|Earth Power|p1a: Charjabug\n|-end|p1a: Charjabug|Substitute\n|move|p1a: Charjabug|Rest|p1a: Charjabug\n|-status|p1a: Charjabug|slp|[from] move: Rest\n|-heal|p1a: Charjabug|100\/100 slp|[silent]\n|\n|-status|p1b: Conkeldurr|brn|[from] item: Flame Orb\n|upkeep\n|turn|10\n|\n|t:|1695500887\n|move|p2a: Masquerain|Pounce|p1b: Conkeldurr\n|-resisted|p1b: Conkeldurr\n|-damage|p1b: Conkeldurr|95\/100 brn\n|-unboost|p1b: Conkeldurr|spe|1\n|move|p2b: Ursaluna|Calm Mind|p2b: Ursaluna\n|-boost|p2b: Ursaluna|spa|1\n|-boost|p2b: Ursaluna|spd|1\n|cant|p1a: Charjabug|slp\n|move|p1a: Charjabug|Sleep Talk|p1a: Charjabug\n|move|p1a: Charjabug|Protect|p1a: Charjabug|[from]move: Sleep Talk\n|-singleturn|p1a: Charjabug|Protect\n|move|p1b: Conkeldurr|Drain Punch|p2b: Ursaluna\n|-supereffective|p2b: Ursaluna\n|-crit|p2b: Ursaluna\n|-damage|p2b: Ursaluna|0 fnt\n|-heal|p1b: Conkeldurr|100\/100 brn|[from] drain|[of] p2b: Ursaluna\n|faint|p2b: Ursaluna\n|\n|-damage|p1b: Conkeldurr|94\/100 brn|[from] brn\n|upkeep\n|\n|t:|1695500922\n|switch|p2b: Indeedee|Indeedee, M, shiny|100\/100\n|-fieldstart|move: Psychic Terrain|[from] ability: Psychic Surge|[of] p2b: Indeedee\n|turn|11\n|\n|t:|1695500934\n|move|p2b: Indeedee|Psychic|p1b: Conkeldurr\n|-supereffective|p1b: Conkeldurr\n|-damage|p1b: Conkeldurr|0 fnt\n|faint|p1b: Conkeldurr\n|move|p2a: Masquerain|Pounce|p1a: Charjabug\n|-damage|p1a: Charjabug|95\/100 slp\n|-unboost|p1a: Charjabug|spe|1\n|cant|p1a: Charjabug|slp\n|move|p1a: Charjabug|Sleep Talk|p1a: Charjabug\n|move|p1a: Charjabug|Protect||[from]move: Sleep Talk|[still]\n|-fail|p1a: Charjabug\n|\n|upkeep\n|\n|t:|1695500946\n|switch|p1b: Ursaluna|Ursaluna-Bloodmoon, M|100\/100\n|turn|12\n|\n|t:|1695500969\n|move|p2b: Indeedee|Psychic|p1a: Charjabug\n|-crit|p1a: Charjabug\n|-damage|p1a: Charjabug|20\/100 slp\n|move|p2a: Masquerain|Stun Spore|p1b: Ursaluna|[miss]\n|-miss|p2a: Masquerain|p1b: Ursaluna\n|move|p1b: Ursaluna|Calm Mind|p1b: Ursaluna\n|-boost|p1b: Ursaluna|spa|1\n|-boost|p1b: Ursaluna|spd|1\n|-curestatus|p1a: Charjabug|slp|[msg]\n|move|p1a: Charjabug|Substitute|p1a: Charjabug\n|-fail|p1a: Charjabug|move: Substitute|[weak]\n|\n|upkeep\n|turn|13\n|\n|t:|1695500984\n|move|p1a: Charjabug|Protect|p1a: Charjabug\n|-singleturn|p1a: Charjabug|Protect\n|move|p2b: Indeedee|Psychic|p1a: Charjabug\n|-activate|p1a: Charjabug|move: Protect\n|move|p2a: Masquerain|Stun Spore|p1b: Ursaluna|[miss]\n|-miss|p2a: Masquerain|p1b: Ursaluna\n|move|p1b: Ursaluna|Blood Moon|p2b: Indeedee\n|-crit|p2b: Indeedee\n|-damage|p2b: Indeedee|0 fnt\n|faint|p2b: Indeedee\n|\n|upkeep\n|\n|t:|1695501047\n|switch|p2b: Conkeldurr|Conkeldurr, F|76\/100\n|turn|14\n|\n|t:|1695501060\n|move|p1a: Charjabug|Protect||[still]\n|-fail|p1a: Charjabug\n|move|p2a: Masquerain|Stun Spore|p1b: Ursaluna|[miss]\n|-miss|p2a: Masquerain|p1b: Ursaluna\n|move|p2b: Conkeldurr|Earthquake|p1a: Charjabug|[spread] p1a,p1b\n|-immune|p2a: Masquerain\n|-damage|p1a: Charjabug|0 fnt\n|-damage|p1b: Ursaluna|71\/100\n|faint|p1a: Charjabug\n|move|p1b: Ursaluna|Earth Power|p2b: Conkeldurr\n|-damage|p2b: Conkeldurr|0 fnt\n|faint|p2b: Conkeldurr\n|\n|-heal|p1b: Ursaluna|77\/100|[from] item: Leftovers\n|upkeep\n|turn|15\n|\n|t:|1695501081\n|move|p2a: Masquerain|Pounce|p1b: Ursaluna\n|-damage|p1b: Ursaluna|69\/100\n|-unboost|p1b: Ursaluna|spe|1\n|move|p1b: Ursaluna|Blood Moon|p2a: Masquerain\n|-enditem|p2a: Masquerain|Focus Sash\n|-damage|p2a: Masquerain|1\/100\n|\n|-heal|p1b: Ursaluna|75\/100|[from] item: Leftovers\n|upkeep\n|turn|16\n|\n|t:|1695501097\n|move|p2a: Masquerain|Pounce|p1b: Ursaluna\n|-damage|p1b: Ursaluna|67\/100\n|-unboost|p1b: Ursaluna|spe|1\n|move|p1b: Ursaluna|Moonlight|p1b: Ursaluna\n|-heal|p1b: Ursaluna|100\/100\n|\n|upkeep\n|turn|17\n|-message|sparkia \u2764 forfeited.\n|\n|win|srythatwasu\n|raw|srythatwasu's rating: 1055 &rarr; <strong>1085<\/strong><br \/>(+30 for winning)\n|raw|sparkia \u2764's rating: 1039 &rarr; <strong>1024<\/strong><br \/>(-15 for losing)\n|l|\u2606sparkia \u2764\n","uploadtime":1695501110,"views":13,"p1id":"srythatwasu","p2id":"sparkia","formatid":"gen9nationaldexdoubles","rating":1024,"private":0,"password":""}