{"id":"gen9nationaldexdoubles-1983893959","p1":"BucketAxolotlYT","p2":"13KStephen","format":"[Gen 9] National Dex Doubles","log":"|j|\u2606BucketAxolotlYT\n|j|\u260613KStephen\n|t:|1699197095\n|gametype|doubles\n|player|p1|BucketAxolotlYT|sonia-masters|1078\n|player|p2|13KStephen|lucas|1083\n|teamsize|p1|6\n|teamsize|p2|6\n|gen|9\n|tier|[Gen 9] National Dex Doubles\n|rated|\n|rule|HP Percentage Mod: HP is shown in percentages\n|rule|Endless Battle Clause: Forcing endless battles is banned\n|rule|OHKO Clause: OHKO moves are banned\n|rule|Evasion Moves Clause: Evasion moves are banned\n|rule|Evasion Abilities Clause: Evasion abilities are banned\n|rule|Species Clause: Limit one of each Pok\u00e9mon\n|rule|Gravity Sleep Clause: The combination of sleep-inducing moves with imperfect accuracy and Gravity or Gigantamax Orbeetle are banned\n|clearpoke\n|poke|p1|Heatmor, F|\n|poke|p1|Cresselia, F|\n|poke|p1|Ursaluna-Bloodmoon, M|\n|poke|p1|Muk-Alola, F|\n|poke|p1|Escavalier, M|\n|poke|p1|Iron Bundle|\n|poke|p2|Absol, F|\n|poke|p2|Flutter Mane|\n|poke|p2|Conkeldurr, F|\n|poke|p2|Torkoal, M|\n|poke|p2|Leafeon, M|\n|poke|p2|Gastrodon, M|\n|teampreview\n|\n|t:|1699197114\n|start\n|switch|p1a: Brick Room|Cresselia, F, shiny|100\/100\n|switch|p1b: Fuck it we FBlast|Heatmor, F|100\/100\n|switch|p2a: Mr. Brightside|Torkoal, M|100\/100\n|switch|p2b: Chloe|Absol, F|100\/100\n|-weather|SunnyDay|[from] ability: Drought|[of] p2a: Mr. Brightside\n|turn|1\n|\n|t:|1699197130\n|move|p1b: Fuck it we FBlast|Protect|p1b: Fuck it we FBlast\n|-singleturn|p1b: Fuck it we FBlast|Protect\n|move|p2b: Chloe|Taunt|p1a: Brick Room\n|-start|p1a: Brick Room|move: Taunt\n|move|p2a: Mr. Brightside|Stealth Rock|p1b: Fuck it we FBlast\n|-sidestart|p1: BucketAxolotlYT|move: Stealth Rock\n|cant|p1a: Brick Room|move: Taunt|Trick Room\n|\n|-weather|SunnyDay|[upkeep]\n|upkeep\n|turn|2\n|\n|t:|1699197165\n|switch|p2b: Nessie|Gastrodon, M|100\/100\n|move|p1a: Brick Room|Dazzling Gleam|p2b: Nessie|[spread] p2a,p2b\n|-resisted|p2a: Mr. Brightside\n|-damage|p2a: Mr. Brightside|94\/100\n|-damage|p2b: Nessie|91\/100\n|move|p1b: Fuck it we FBlast|Focus Blast|p2b: Nessie\n|-damage|p2b: Nessie|54\/100\n|move|p2a: Mr. Brightside|Solar Beam||[still]\n|-prepare|p2a: Mr. Brightside|Solar Beam\n|-anim|p2a: Mr. Brightside|Solar Beam|p1a: Brick Room\n|-damage|p1a: Brick Room|84\/100\n|\n|-weather|SunnyDay|[upkeep]\n|-heal|p2b: Nessie|61\/100|[from] item: Leftovers\n|upkeep\n|turn|3\n|\n|t:|1699197185\n|move|p1a: Brick Room|Dazzling Gleam|p2b: Nessie|[spread] p2a,p2b\n|-resisted|p2a: Mr. Brightside\n|-damage|p2a: Mr. Brightside|88\/100\n|-damage|p2b: Nessie|51\/100\n|move|p1b: Fuck it we FBlast|Giga Drain|p2b: Nessie\n|-supereffective|p2b: Nessie\n|-damage|p2b: Nessie|0 fnt\n|faint|p2b: Nessie\n|move|p2a: Mr. Brightside|Solar Beam||[still]\n|-prepare|p2a: Mr. Brightside|Solar Beam\n|-anim|p2a: Mr. Brightside|Solar Beam|p1a: Brick Room\n|-damage|p1a: Brick Room|67\/100\n|\n|-weather|SunnyDay|[upkeep]\n|-end|p1a: Brick Room|move: Taunt\n|upkeep\n|\n|t:|1699197199\n|switch|p2b: Chloe|Absol, F|100\/100\n|turn|4\n|\n|t:|1699197208\n|move|p2b: Chloe|Taunt|p1a: Brick Room\n|-start|p1a: Brick Room|move: Taunt\n|move|p1a: Brick Room|Dazzling Gleam|p2a: Mr. Brightside|[spread] p2a,p2b\n|-resisted|p2a: Mr. Brightside\n|-supereffective|p2b: Chloe\n|-damage|p2a: Mr. Brightside|82\/100\n|-damage|p2b: Chloe|56\/100\n|move|p1b: Fuck it we FBlast|Focus Blast|p2b: Chloe|[miss]\n|-miss|p1b: Fuck it we FBlast|p2b: Chloe\n|move|p2a: Mr. Brightside|Solar Beam||[still]\n|-prepare|p2a: Mr. Brightside|Solar Beam\n|-anim|p2a: Mr. Brightside|Solar Beam|p1b: Fuck it we FBlast\n|-resisted|p1b: Fuck it we FBlast\n|-damage|p1b: Fuck it we FBlast|79\/100\n|\n|-weather|SunnyDay|[upkeep]\n|upkeep\n|turn|5\n|\n|t:|1699197225\n|move|p2b: Chloe|Sucker Punch|p1a: Brick Room\n|-supereffective|p1a: Brick Room\n|-damage|p1a: Brick Room|13\/100\n|-damage|p2b: Chloe|40\/100|[from] item: Rocky Helmet|[of] p1a: Brick Room\n|move|p1a: Brick Room|Dazzling Gleam|p2a: Mr. Brightside|[spread] p2a,p2b\n|-resisted|p2a: Mr. Brightside\n|-supereffective|p2b: Chloe\n|-damage|p2a: Mr. Brightside|75\/100\n|-damage|p2b: Chloe|1\/100\n|move|p1b: Fuck it we FBlast|Focus Blast|p2b: Chloe\n|-supereffective|p2b: Chloe\n|-damage|p2b: Chloe|0 fnt\n|faint|p2b: Chloe\n|move|p2a: Mr. Brightside|Solar Beam||[still]\n|-prepare|p2a: Mr. Brightside|Solar Beam\n|-anim|p2a: Mr. Brightside|Solar Beam|p1b: Fuck it we FBlast\n|-resisted|p1b: Fuck it we FBlast\n|-damage|p1b: Fuck it we FBlast|59\/100\n|\n|-weather|none\n|upkeep\n|\n|t:|1699197260\n|switch|p2b: Flutter Mane|Flutter Mane|100\/100\n|turn|6\n|\n|t:|1699197273\n|switch|p1a: 1988 Chevy Camaro|Escavalier, M|100\/100\n|-damage|p1a: 1988 Chevy Camaro|88\/100|[from] Stealth Rock\n|switch|p2a: The Violence|Conkeldurr, F|100\/100\n|move|p1b: Fuck it we FBlast|Protect|p1b: Fuck it we FBlast\n|-singleturn|p1b: Fuck it we FBlast|Protect\n|move|p2b: Flutter Mane|Shadow Ball|p1a: 1988 Chevy Camaro\n|-damage|p1a: 1988 Chevy Camaro|24\/100\n|\n|-status|p2a: The Violence|brn|[from] item: Flame Orb\n|upkeep\n|turn|7\n|\n|t:|1699197299\n|move|p2b: Flutter Mane|Shadow Ball|p1a: 1988 Chevy Camaro\n|-damage|p1a: 1988 Chevy Camaro|0 fnt\n|faint|p1a: 1988 Chevy Camaro\n|move|p1b: Fuck it we FBlast|Flamethrower|p2b: Flutter Mane\n|-damage|p2b: Flutter Mane|55\/100\n|move|p2a: The Violence|Smack Down|p1b: Fuck it we FBlast\n|-supereffective|p1b: Fuck it we FBlast\n|-damage|p1b: Fuck it we FBlast|0 fnt\n|faint|p1b: Fuck it we FBlast\n|\n|-damage|p2a: The Violence|94\/100 brn|[from] brn\n|upkeep\n|\n|t:|1699197320\n|switch|p1b: Goopy|Muk-Alola, F|100\/100\n|switch|p1a: FNAF joke here|Ursaluna-Bloodmoon, M|100\/100\n|-damage|p1a: FNAF joke here|94\/100|[from] Stealth Rock\n|-damage|p1b: Goopy|88\/100|[from] Stealth Rock\n|turn|8\n|\n|t:|1699197331\n|-end|p2b: Flutter Mane|Protosynthesis|[silent]\n|switch|p2b: Mr. Brightside|Torkoal, M|75\/100\n|-weather|SunnyDay|[from] ability: Drought|[of] p2b: Mr. Brightside\n|move|p1a: FNAF joke here|Blood Moon|p2b: Mr. Brightside\n|-damage|p2b: Mr. Brightside|0 fnt\n|faint|p2b: Mr. Brightside\n|-damage|p1a: FNAF joke here|84\/100|[from] item: Life Orb\n|move|p1b: Goopy|Crunch|p2a: The Violence\n|-resisted|p2a: The Violence\n|-damage|p2a: The Violence|81\/100 brn\n|move|p2a: The Violence|Drain Punch|p1a: FNAF joke here\n|-supereffective|p1a: FNAF joke here\n|-damage|p1a: FNAF joke here|0 fnt\n|-heal|p2a: The Violence|100\/100 brn|[from] drain|[of] p1a: FNAF joke here\n|faint|p1a: FNAF joke here\n|-ability|p1b: Goopy|Mind's Eye|[from] ability: Power of Alchemy|[of] p1a: FNAF joke here\n|\n|-weather|SunnyDay|[upkeep]\n|-heal|p1b: Goopy|94\/100|[from] item: Leftovers\n|-damage|p2a: The Violence|94\/100 brn|[from] brn\n|upkeep\n|\n|t:|1699197358\n|switch|p1a: SnowBotClubPenguin|Iron Bundle|100\/100\n|switch|p2b: Flutter Mane|Flutter Mane|55\/100\n|-damage|p1a: SnowBotClubPenguin|76\/100|[from] Stealth Rock\n|-activate|p2b: Flutter Mane|ability: Protosynthesis\n|-start|p2b: Flutter Mane|protosynthesisspe\n|-enditem|p1a: SnowBotClubPenguin|Booster Energy\n|-activate|p1a: SnowBotClubPenguin|ability: Quark Drive|[fromitem]\n|-start|p1a: SnowBotClubPenguin|quarkdrivespe\n|turn|9\n|\n|t:|1699197388\n|-terastallize|p2b: Flutter Mane|Fire\n|-terastallize|p1b: Goopy|Normal\n|move|p1a: SnowBotClubPenguin|Icy Wind|p2b: Flutter Mane|[spread] p2a,p2b\n|-resisted|p2b: Flutter Mane\n|-damage|p2a: The Violence|70\/100 brn\n|-damage|p2b: Flutter Mane|44\/100\n|-unboost|p2a: The Violence|spe|1\n|-unboost|p2b: Flutter Mane|spe|1\n|move|p2b: Flutter Mane|Mystical Fire|p1a: SnowBotClubPenguin\n|-damage|p1a: SnowBotClubPenguin|0 fnt\n|faint|p1a: SnowBotClubPenguin\n|-end|p1a: SnowBotClubPenguin|Quark Drive|[silent]\n|move|p1b: Goopy|Explosion|p2b: Flutter Mane|[spread] p2a,p2b\n|-damage|p2a: The Violence|15\/100 brn\n|-damage|p2b: Flutter Mane|0 fnt\n|faint|p1b: Goopy\n|faint|p2b: Flutter Mane\n|-end|p2b: Flutter Mane|Protosynthesis|[silent]\n|move|p2a: The Violence|Drain Punch|p1: SnowBotClubPenguin|[notarget]\n|-fail|p2a: The Violence\n|\n|-weather|SunnyDay|[upkeep]\n|-damage|p2a: The Violence|9\/100 brn|[from] brn\n|upkeep\n|\n|t:|1699197410\n|switch|p2b: Dorian|Leafeon, M|100\/100\n|switch|p1b: Brick Room|Cresselia, F, shiny|13\/100\n|-damage|p1b: Brick Room|0 fnt|[from] Stealth Rock\n|faint|p1b: Brick Room\n|\n|win|13KStephen\n|raw|BucketAxolotlYT's rating: 1102 &rarr; <strong>1076<\/strong><br \/>(-26 for losing)\n|raw|13KStephen's rating: 1083 &rarr; <strong>1112<\/strong><br \/>(+29 for winning)\n|c|\u2606BucketAxolotlYT|gg\n|c|\u260613KStephen|Gg\n|l|\u2606BucketAxolotlYT\n|l|\u260613KStephen\n|j|\u260613KStephen\n|player|p2|13KStephen|lucas\n","uploadtime":1699197987,"views":4,"p1id":"bucketaxolotlyt","p2id":"13kstephen","formatid":"gen9nationaldexdoubles","rating":1076,"private":0,"password":""}