{"id":"gen9nationaldexdoubles-1986100747","p1":"Material Pain","p2":"kitsu-aria","format":"[Gen 9] National Dex Doubles","log":"|j|\u2606Material Pain\n|j|\u2606kitsu-aria\n|t:|1699450132\n|gametype|doubles\n|player|p1|Material Pain|hugh|1509\n|player|p2|kitsu-aria|roxie|1564\n|teamsize|p1|6\n|teamsize|p2|6\n|gen|9\n|tier|[Gen 9] National Dex Doubles\n|rated|\n|rule|HP Percentage Mod: HP is shown in percentages\n|rule|Endless Battle Clause: Forcing endless battles is banned\n|rule|OHKO Clause: OHKO moves are banned\n|rule|Evasion Moves Clause: Evasion moves are banned\n|rule|Evasion Abilities Clause: Evasion abilities are banned\n|rule|Species Clause: Limit one of each Pok\u00e9mon\n|rule|Gravity Sleep Clause: The combination of sleep-inducing moves with imperfect accuracy and Gravity or Gigantamax Orbeetle are banned\n|clearpoke\n|poke|p1|Metagross|\n|poke|p1|Milotic, M|\n|poke|p1|Tapu Lele|\n|poke|p1|Armarouge, M|\n|poke|p1|Hydreigon, M|\n|poke|p1|Regieleki|\n|poke|p2|Iron Hands|\n|poke|p2|Gliscor, M|\n|poke|p2|Sinistcha|\n|poke|p2|Ninetales-Alola, F|\n|poke|p2|Zygarde|\n|poke|p2|Tapu Koko|\n|teampreview\n|\n|t:|1699450165\n|start\n|switch|p1a: Regieleki|Regieleki|100\/100\n|switch|p1b: Metagross|Metagross|100\/100\n|switch|p2a: Gliscor|Gliscor, M|100\/100\n|switch|p2b: Ninetales|Ninetales-Alola, F|100\/100\n|-weather|Snow|[from] ability: Snow Warning|[of] p2b: Ninetales\n|turn|1\n|\n|t:|1699450183\n|detailschange|p1b: Metagross|Metagross-Mega\n|-mega|p1b: Metagross|Metagross|Metagrossite\n|move|p1a: Regieleki|Volt Switch|p2b: Ninetales\n|-damage|p2b: Ninetales|53\/100\n|\n|t:|1699450189\n|switch|p1a: Hydreigon|Hydreigon, M|100\/100|[from] Volt Switch\n|move|p1b: Metagross|Iron Head|p2b: Ninetales\n|-supereffective|p2b: Ninetales\n|-damage|p2b: Ninetales|0 fnt\n|faint|p2b: Ninetales\n|move|p2a: Gliscor|Spikes|p1b: Metagross\n|-sidestart|p1: Material Pain|Spikes\n|\n|-weather|Snow|[upkeep]\n|-status|p2a: Gliscor|tox|[from] item: Toxic Orb\n|upkeep\n|\n|t:|1699450201\n|switch|p2b: Tapu Koko|Tapu Koko|100\/100\n|-fieldstart|move: Electric Terrain|[from] ability: Electric Surge|[of] p2b: Tapu Koko\n|turn|2\n|\n|t:|1699450211\n|move|p2b: Tapu Koko|Volt Switch|p1b: Metagross\n|-damage|p1b: Metagross|58\/100\n|\n|t:|1699450215\n|switch|p2b: Iron Hands|Iron Hands|100\/100|[from] Volt Switch\n|-activate|p2b: Iron Hands|ability: Quark Drive\n|-start|p2b: Iron Hands|quarkdriveatk\n|move|p1b: Metagross|Ice Punch|p2a: Gliscor\n|-supereffective|p2a: Gliscor\n|-damage|p2a: Gliscor|9\/100 tox\n|move|p1a: Hydreigon|Tailwind|p1a: Hydreigon\n|-sidestart|p1: Material Pain|move: Tailwind\n|move|p2a: Gliscor|High Horsepower|p1b: Metagross\n|-supereffective|p1b: Metagross\n|-damage|p1b: Metagross|8\/100\n|\n|-weather|Snow|[upkeep]\n|-heal|p2a: Gliscor|21\/100 tox|[from] ability: Poison Heal\n|upkeep\n|turn|3\n|\n|t:|1699450240\n|switch|p1a: Tapu Lele|Tapu Lele|100\/100\n|-damage|p1a: Tapu Lele|88\/100|[from] Spikes\n|-fieldstart|move: Psychic Terrain|[from] ability: Psychic Surge|[of] p1a: Tapu Lele\n|-end|p2b: Iron Hands|Quark Drive\n|move|p2a: Gliscor|Protect|p2a: Gliscor\n|-singleturn|p2a: Gliscor|Protect\n|move|p1b: Metagross|Zen Headbutt|p2b: Iron Hands\n|-supereffective|p2b: Iron Hands\n|-damage|p2b: Iron Hands|0 fnt\n|faint|p2b: Iron Hands\n|-end|p2b: Iron Hands|Quark Drive|[silent]\n|\n|-weather|Snow|[upkeep]\n|-heal|p2a: Gliscor|34\/100 tox|[from] ability: Poison Heal\n|upkeep\n|\n|t:|1699450253\n|switch|p2b: Tapu Koko|Tapu Koko|100\/100\n|-fieldstart|move: Electric Terrain|[from] ability: Electric Surge|[of] p2b: Tapu Koko\n|turn|4\n|\n|t:|1699450272\n|switch|p2a: Zygarde|Zygarde|100\/100\n|-ability|p2a: Zygarde|Aura Break\n|move|p1b: Metagross|Protect|p1b: Metagross\n|-singleturn|p1b: Metagross|Protect\n|move|p1a: Tapu Lele|Dazzling Gleam|p2b: Tapu Koko|[spread] p2a,p2b\n|-supereffective|p2a: Zygarde\n|-damage|p2a: Zygarde|52\/100\n|-damage|p2b: Tapu Koko|48\/100\n|move|p2b: Tapu Koko|Thunder Wave|p1a: Tapu Lele\n|-status|p1a: Tapu Lele|par\n|\n|-weather|Snow|[upkeep]\n|upkeep\n|turn|5\n|\n|t:|1699450294\n|move|p1b: Metagross|Protect||[still]\n|-fail|p1b: Metagross\n|move|p2a: Zygarde|Protect|p2a: Zygarde\n|-singleturn|p2a: Zygarde|Protect\n|move|p2b: Tapu Koko|Thunderbolt|p1b: Metagross\n|-damage|p1b: Metagross|0 fnt\n|faint|p1b: Metagross\n|-zpower|p1a: Tapu Lele\n|move|p1a: Tapu Lele|All-Out Pummeling|p2a: Zygarde|[zeffect]\n|-zbroken|p2a: Zygarde\n|-damage|p2a: Zygarde|37\/100\n|\n|-weather|none\n|-sideend|p1: Material Pain|move: Tailwind\n|upkeep\n|\n|t:|1699450302\n|switch|p1b: Milotic|Milotic, M|100\/100\n|-damage|p1b: Milotic|88\/100|[from] Spikes\n|turn|6\n|\n|t:|1699450308\n|-terastallize|p1b: Milotic|Grass\n|-terastallize|p2a: Zygarde|Normal\n|move|p2b: Tapu Koko|Thunderbolt|p1a: Tapu Lele\n|-damage|p1a: Tapu Lele|38\/100 par\n|move|p1b: Milotic|Icy Wind|p2b: Tapu Koko|[spread] p2a,p2b\n|-damage|p2a: Zygarde|27\/100\n|-damage|p2b: Tapu Koko|30\/100\n|-unboost|p2b: Tapu Koko|spe|1\n|move|p2a: Zygarde|Coil|p2a: Zygarde\n|-boost|p2a: Zygarde|atk|1\n|-boost|p2a: Zygarde|def|1\n|-boost|p2a: Zygarde|accuracy|1\n|move|p1a: Tapu Lele|Dazzling Gleam|p2a: Zygarde|[spread] p2a,p2b\n|-damage|p2a: Zygarde|2\/100\n|-damage|p2b: Tapu Koko|0 fnt\n|faint|p2b: Tapu Koko\n|\n|upkeep\n|\n|t:|1699450317\n|switch|p2b: Sinistcha|Sinistcha|100\/100\n|-heal|p2a: Zygarde|27\/100|[from] ability: Hospitality|[of] p2b: Sinistcha\n|turn|7\n|\n|t:|1699450326\n|move|p2a: Zygarde|Protect|p2a: Zygarde\n|-singleturn|p2a: Zygarde|Protect\n|move|p1b: Milotic|Icy Wind|p2a: Zygarde|[spread] p2b\n|-activate|p2a: Zygarde|move: Protect\n|-supereffective|p2b: Sinistcha\n|-damage|p2b: Sinistcha|80\/100\n|-unboost|p2b: Sinistcha|spe|1\n|move|p1a: Tapu Lele|Dazzling Gleam|p2b: Sinistcha|[spread] p2b\n|-activate|p2a: Zygarde|move: Protect\n|-damage|p2b: Sinistcha|53\/100\n|move|p2b: Sinistcha|Matcha Gotcha|p1b: Milotic|[spread] p1a,p1b\n|-resisted|p1b: Milotic\n|-damage|p1a: Tapu Lele|13\/100 par\n|-heal|p2b: Sinistcha|63\/100|[from] drain|[of] p1a: Tapu Lele\n|-damage|p1b: Milotic|78\/100\n|-heal|p2b: Sinistcha|68\/100|[from] drain|[of] p1b: Milotic\n|-status|p1b: Milotic|brn\n|\n|-damage|p1b: Milotic|72\/100 brn|[from] brn\n|upkeep\n|turn|8\n|\n|t:|1699450347\n|switch|p1a: Hydreigon|Hydreigon, M|100\/100\n|move|p1b: Milotic|Icy Wind|p2b: Sinistcha|[spread] p2a,p2b\n|-supereffective|p2b: Sinistcha\n|-damage|p2a: Zygarde|17\/100\n|-damage|p2b: Sinistcha|48\/100\n|-unboost|p2b: Sinistcha|spe|1\n|move|p2a: Zygarde|Thousand Arrows|p1b: Milotic|[spread] p1a,p1b\n|-crit|p1a: Hydreigon\n|-resisted|p1b: Milotic\n|-damage|p1a: Hydreigon|24\/100\n|-damage|p1b: Milotic|45\/100 brn\n|-start|p1a: Hydreigon|Smack Down\n|move|p2b: Sinistcha|Trick Room|p2b: Sinistcha\n|-fieldstart|move: Trick Room|[of] p2b: Sinistcha\n|\n|-damage|p1b: Milotic|38\/100 brn|[from] brn\n|-fieldend|move: Electric Terrain\n|upkeep\n|turn|9\n|\n|t:|1699450365\n|switch|p1a: Tapu Lele|Tapu Lele|13\/100 par\n|-damage|p1a: Tapu Lele|0 fnt|[from] Spikes\n|faint|p1a: Tapu Lele\n|move|p2a: Zygarde|Protect|p2a: Zygarde\n|-singleturn|p2a: Zygarde|Protect\n|move|p2b: Sinistcha|Strength Sap|p1b: Milotic\n|-unboost|p1b: Milotic|atk|1\n|-ability|p1b: Milotic|Competitive|boost\n|-boost|p1b: Milotic|spa|2\n|-heal|p2b: Sinistcha|80\/100\n|move|p1b: Milotic|Scald|p2a: Zygarde\n|-activate|p2a: Zygarde|move: Protect\n|\n|-damage|p1b: Milotic|32\/100 brn|[from] brn\n|upkeep\n|\n|t:|1699450378\n|switch|p1a: Armarouge|Armarouge, M|100\/100\n|-damage|p1a: Armarouge|88\/100|[from] Spikes\n|turn|10\n|\n|t:|1699450386\n|move|p2b: Sinistcha|Matcha Gotcha|p1b: Milotic|[spread] p1a,p1b\n|-resisted|p1a: Armarouge\n|-resisted|p1b: Milotic\n|-damage|p1a: Armarouge|73\/100\n|-heal|p2b: Sinistcha|87\/100|[from] drain|[of] p1a: Armarouge\n|-damage|p1b: Milotic|23\/100 brn\n|-heal|p2b: Sinistcha|92\/100|[from] drain|[of] p1b: Milotic\n|move|p2a: Zygarde|Thousand Arrows|p1b: Milotic|[spread] p1a,p1b\n|-supereffective|p1a: Armarouge\n|-resisted|p1b: Milotic\n|-damage|p1a: Armarouge|0 fnt\n|-damage|p1b: Milotic|0 fnt\n|faint|p1a: Armarouge\n|faint|p1b: Milotic\n|\n|upkeep\n|l|\u2606Material Pain\n|player|p1|\n|c|\u2606kitsu-aria|Gg\n|inactive|Battle timer is ON: inactive players will automatically lose when time's up. (requested by kitsu-aria)\n|inactive|Material Pain has 30 seconds to reconnect!\n|inactive|Material Pain has 20 seconds to reconnect!\n|inactive|Material Pain has 15 seconds to reconnect!\n|inactive|Material Pain has 10 seconds to reconnect!\n|inactive|Material Pain has 5 seconds to reconnect!\n|-message|Material Pain lost due to inactivity.\n|\n|win|kitsu-aria\n|raw|Material Pain's rating: 1509 &rarr; <strong>1492<\/strong><br \/>(-17 for losing)\n|raw|kitsu-aria's rating: 1564 &rarr; <strong>1581<\/strong><br \/>(+17 for winning)\n","uploadtime":1699450533,"views":32,"p1id":"materialpain","p2id":"kitsuaria","formatid":"gen9nationaldexdoubles","rating":1492,"private":0,"password":""}