{"id":"gen9nationaldexdoubles-1996984005","p1":"quagsy","p2":"fumbari 24","format":"[Gen 9] National Dex Doubles","log":"|j|\u2606quagsy\n|j|\u2606fumbari 24\n|t:|1700752529\n|gametype|doubles\n|player|p1|quagsy|1|1350\n|player|p2|fumbari 24|hilbert|1172\n|teamsize|p1|6\n|teamsize|p2|6\n|gen|9\n|tier|[Gen 9] National Dex Doubles\n|rated|\n|rule|HP Percentage Mod: HP is shown in percentages\n|rule|Endless Battle Clause: Forcing endless battles is banned\n|rule|OHKO Clause: OHKO moves are banned\n|rule|Evasion Moves Clause: Evasion moves are banned\n|rule|Evasion Abilities Clause: Evasion abilities are banned\n|rule|Species Clause: Limit one of each Pok\u00e9mon\n|rule|Gravity Sleep Clause: The combination of sleep-inducing moves with imperfect accuracy and Gravity or Gigantamax Orbeetle are banned\n|clearpoke\n|poke|p1|Salamence, F|\n|poke|p1|Farigiraf, M|\n|poke|p1|Flutter Mane|\n|poke|p1|Kingambit, F|\n|poke|p1|Iron Hands|\n|poke|p1|Ogerpon-Wellspring, F|\n|poke|p2|Urshifu-*, F|\n|poke|p2|Marowak, F|\n|poke|p2|Tapu Fini|\n|poke|p2|Aegislash, M|\n|poke|p2|Dragonite, F|\n|poke|p2|Ogerpon-Wellspring, F|\n|teampreview\n|\n|t:|1700752557\n|start\n|switch|p1a: Salamence|Salamence, F|100\/100\n|switch|p1b: Iron Hands|Iron Hands|100\/100\n|switch|p2a: Aegislash|Aegislash, M, shiny|100\/100\n|switch|p2b: Marowak|Marowak, F|100\/100\n|-ability|p1a: Salamence|Intimidate|boost\n|-unboost|p2a: Aegislash|atk|1\n|-unboost|p2b: Marowak|atk|1\n|turn|1\n|\n|t:|1700752574\n|detailschange|p1a: Salamence|Salamence-Mega, F\n|-mega|p1a: Salamence|Salamence|Salamencite\n|move|p2b: Marowak|Detect|p2b: Marowak\n|-singleturn|p2b: Marowak|Protect\n|move|p1b: Iron Hands|Fake Out|p2b: Marowak\n|-activate|p2b: Marowak|move: Protect\n|move|p1a: Salamence|Tailwind|p1a: Salamence\n|-sidestart|p1: quagsy|move: Tailwind\n|-zpower|p2a: Aegislash\n|-formechange|p2a: Aegislash|Aegislash-Blade||[from] ability: Stance Change\n|move|p2a: Aegislash|Never-Ending Nightmare|p1a: Salamence|[zeffect]\n|-damage|p1a: Salamence|8\/100\n|\n|upkeep\n|turn|2\n|\n|t:|1700752599\n|move|p2a: Aegislash|Wide Guard|p2a: Aegislash\n|-singleturn|p2a: Aegislash|Wide Guard\n|move|p1a: Salamence|Hyper Voice|p2a: Aegislash|[spread] \n|-activate|p2a: Aegislash|move: Wide Guard\n|-activate|p2b: Marowak|move: Wide Guard\n|move|p1b: Iron Hands|Drain Punch|p2b: Marowak\n|-damage|p2b: Marowak|55\/100\n|move|p2b: Marowak|Rock Slide|p1a: Salamence|[spread] p1a,p1b\n|-supereffective|p1a: Salamence\n|-resisted|p1b: Iron Hands\n|-damage|p1a: Salamence|0 fnt\n|-damage|p1b: Iron Hands|94\/100\n|faint|p1a: Salamence\n|\n|upkeep\n|\n|t:|1700752610\n|switch|p1a: Kingambit|Kingambit, F|100\/100\n|turn|3\n|\n|t:|1700752622\n|switch|p2b: Tapu Fini|Tapu Fini, shiny|100\/100\n|-fieldstart|move: Misty Terrain|[from] ability: Misty Surge|[of] p2b: Tapu Fini\n|-formechange|p2a: Aegislash|Aegislash||[from] ability: Stance Change\n|move|p2a: Aegislash|King's Shield||[still]\n|-fail|p2a: Aegislash\n|move|p1b: Iron Hands|Drain Punch|p2b: Tapu Fini\n|-resisted|p2b: Tapu Fini\n|-damage|p2b: Tapu Fini|80\/100\n|-heal|p1b: Iron Hands|100\/100|[from] drain|[of] p2b: Tapu Fini\n|move|p1a: Kingambit|Knock Off|p2a: Aegislash\n|-supereffective|p2a: Aegislash\n|-damage|p2a: Aegislash|41\/100\n|\n|-heal|p2b: Tapu Fini|86\/100|[from] item: Leftovers\n|upkeep\n|turn|4\n|\n|t:|1700752643\n|move|p1b: Iron Hands|Wild Charge|p2b: Tapu Fini\n|-supereffective|p2b: Tapu Fini\n|-damage|p2b: Tapu Fini|0 fnt\n|faint|p2b: Tapu Fini\n|-damage|p1b: Iron Hands|85\/100|[from] Recoil\n|move|p1a: Kingambit|Knock Off|p2a: Aegislash\n|-supereffective|p2a: Aegislash\n|-damage|p2a: Aegislash|0 fnt\n|faint|p2a: Aegislash\n|\n|-sideend|p1: quagsy|move: Tailwind\n|upkeep\n|\n|t:|1700752653\n|switch|p2b: Marowak|Marowak, F|55\/100\n|switch|p2a: Urshifu|Urshifu-Rapid-Strike, F|100\/100\n|turn|5\n|\n|t:|1700752666\n|-terastallize|p1a: Kingambit|Flying\n|move|p2b: Marowak|Detect|p2b: Marowak\n|-singleturn|p2b: Marowak|Protect\n|move|p2a: Urshifu|Swords Dance|p2a: Urshifu\n|-boost|p2a: Urshifu|atk|2\n|move|p1b: Iron Hands|Wild Charge|p2b: Marowak\n|-activate|p2b: Marowak|ability: Lightning Rod\n|-activate|p2b: Marowak|move: Protect\n|move|p1a: Kingambit|Knock Off|p2b: Marowak\n|-activate|p2b: Marowak|move: Protect\n|\n|upkeep\n|turn|6\n|\n|t:|1700752692\n|-terastallize|p2a: Urshifu|Water\n|move|p1a: Kingambit|Sucker Punch|p2b: Marowak\n|-damage|p2b: Marowak|12\/100\n|move|p2a: Urshifu|Surging Strikes|p1a: Kingambit\n|-crit|p1a: Kingambit\n|-damage|p1a: Kingambit|54\/100\n|-crit|p1a: Kingambit\n|-damage|p1a: Kingambit|6\/100\n|-crit|p1a: Kingambit\n|-damage|p1a: Kingambit|0 fnt\n|faint|p1a: Kingambit\n|-hitcount|p1: Kingambit|3\n|move|p1b: Iron Hands|Wild Charge|p2b: Marowak\n|-activate|p2b: Marowak|ability: Lightning Rod\n|-ability|p2b: Marowak|Lightning Rod|boost\n|-boost|p2b: Marowak|spa|1\n|move|p2b: Marowak|Bonemerang|p1b: Iron Hands|[miss]\n|-miss|p2b: Marowak|p1b: Iron Hands\n|\n|upkeep\n|\n|t:|1700752700\n|switch|p1a: Ogerpon|Ogerpon-Wellspring, F|100\/100\n|turn|7\n|\n|t:|1700752719\n|move|p2b: Marowak|Detect|p2b: Marowak\n|-singleturn|p2b: Marowak|Protect\n|move|p1a: Ogerpon|Horn Leech|p2b: Marowak\n|-activate|p2b: Marowak|move: Protect\n|move|p2a: Urshifu|Drain Punch|p1a: Ogerpon\n|-damage|p1a: Ogerpon|30\/100\n|move|p1b: Iron Hands|Wild Charge|p2b: Marowak\n|-activate|p2b: Marowak|ability: Lightning Rod\n|-activate|p2b: Marowak|move: Protect\n|\n|-fieldend|Misty Terrain\n|upkeep\n|turn|8\n|\n|t:|1700752739\n|switch|p2b: Dragonite|Dragonite, F|100\/100\n|move|p2a: Urshifu|Detect|p2a: Urshifu\n|-singleturn|p2a: Urshifu|Protect\n|move|p1a: Ogerpon|Follow Me|p1a: Ogerpon\n|-singleturn|p1a: Ogerpon|move: Follow Me\n|move|p1b: Iron Hands|Drain Punch|p2b: Dragonite\n|-resisted|p2b: Dragonite\n|-damage|p2b: Dragonite|77\/100\n|-heal|p1b: Iron Hands|94\/100|[from] drain|[of] p2b: Dragonite\n|\n|upkeep\n|turn|9\n|\n|t:|1700752759\n|move|p1a: Ogerpon|Follow Me|p1a: Ogerpon\n|-singleturn|p1a: Ogerpon|move: Follow Me\n|move|p2b: Dragonite|Extreme Speed|p1a: Ogerpon\n|-damage|p1a: Ogerpon|0 fnt\n|faint|p1a: Ogerpon\n|move|p2a: Urshifu|Surging Strikes|p1b: Iron Hands\n|-crit|p1b: Iron Hands\n|-damage|p1b: Iron Hands|53\/100\n|-crit|p1b: Iron Hands\n|-damage|p1b: Iron Hands|15\/100\n|-crit|p1b: Iron Hands\n|-damage|p1b: Iron Hands|0 fnt\n|faint|p1b: Iron Hands\n|-end|p1b: Iron Hands|Quark Drive|[silent]\n|-hitcount|p1: Iron Hands|3\n|\n|upkeep\n|\n|t:|1700752767\n|switch|p1a: Flutter Mane|Flutter Mane|100\/100\n|switch|p1b: Farigiraf|Farigiraf, M|100\/100\n|turn|10\n|\n|t:|1700752774\n|switch|p2b: Ogerpon|Ogerpon-Wellspring, F|100\/100\n|move|p1a: Flutter Mane|Dazzling Gleam|p2b: Ogerpon|[spread] p2a,p2b\n|-damage|p2a: Urshifu|58\/100\n|-damage|p2b: Ogerpon|62\/100\n|-damage|p1a: Flutter Mane|91\/100|[from] item: Life Orb\n|move|p2a: Urshifu|Surging Strikes|p1a: Flutter Mane\n|-crit|p1a: Flutter Mane\n|-damage|p1a: Flutter Mane|0 fnt\n|faint|p1a: Flutter Mane\n|-end|p1a: Flutter Mane|Protosynthesis|[silent]\n|-hitcount|p1: Flutter Mane|1\n|move|p1b: Farigiraf|Trick Room|p1b: Farigiraf\n|-fieldstart|move: Trick Room|[of] p1b: Farigiraf\n|\n|upkeep\n|turn|11\n|-message|quagsy forfeited.\n|\n|win|fumbari 24\n|raw|quagsy's rating: 1350 &rarr; <strong>1321<\/strong><br \/>(-29 for losing)\n|raw|fumbari 24's rating: 1172 &rarr; <strong>1209<\/strong><br \/>(+37 for winning)\n|l|\u2606quagsy\n","uploadtime":1700752799,"views":7,"p1id":"quagsy","p2id":"fumbari24","formatid":"gen9nationaldexdoubles","rating":1209,"private":0,"password":""}