{"id":"gen9nationaldexdoubles-1961879258","p1":"Play Tale of Wuxia","p2":"Datagne","format":"[Gen 9] National Dex Doubles","log":"|j|\u2606Play Tale of Wuxia\n|j|\u2606Datagne\n|t:|1696684195\n|gametype|doubles\n|player|p1|Play Tale of Wuxia|gentleman|\n|player|p2|Datagne|will|\n|teamsize|p1|6\n|teamsize|p2|6\n|gen|9\n|tier|[Gen 9] National Dex Doubles\n|rule|HP Percentage Mod: HP is shown in percentages\n|rule|Endless Battle Clause: Forcing endless battles is banned\n|rule|OHKO Clause: OHKO moves are banned\n|rule|Evasion Moves Clause: Evasion moves are banned\n|rule|Evasion Abilities Clause: Evasion abilities are banned\n|rule|Species Clause: Limit one of each Pok\u00e9mon\n|rule|Gravity Sleep Clause: The combination of sleep-inducing moves with imperfect accuracy and Gravity or Gigantamax Orbeetle are banned\n|clearpoke\n|poke|p1|Tornadus, M|\n|poke|p1|Iron Bundle|\n|poke|p1|Primarina, M|\n|poke|p1|Iron Treads|\n|poke|p1|Dragonite, F|\n|poke|p1|Qwilfish-Hisui, M|\n|poke|p2|Kingambit, M|\n|poke|p2|Enamorus-Therian, F|\n|poke|p2|Great Tusk|\n|poke|p2|Klefki, F|\n|poke|p2|Gigalith, F|\n|poke|p2|Gothitelle, M|\n|teampreview\n|j| SgtSmilies\n|j| 2wb\n|\n|t:|1696684204\n|start\n|switch|p1a: rockslide.exe|Iron Treads|100\/100\n|switch|p1b: Leonarth|Primarina, M|100\/100\n|switch|p2a: Vegimite|Enamorus-Therian, F|100\/100\n|switch|p2b: Sucks|Klefki, F|100\/100\n|turn|1\n|\n|t:|1696684218\n|move|p2b: Sucks|Protect|p2b: Sucks\n|-singleturn|p2b: Sucks|Protect\n|move|p1a: rockslide.exe|Electric Terrain|p1a: rockslide.exe\n|-fieldstart|move: Electric Terrain\n|-activate|p1a: rockslide.exe|ability: Quark Drive\n|-start|p1a: rockslide.exe|quarkdrivespe\n|move|p1b: Leonarth|Hyper Voice|p2b: Sucks|[spread] p2a\n|-activate|p2b: Sucks|move: Protect\n|-damage|p2a: Vegimite|78\/100\n|move|p2a: Vegimite|Earth Power|p1a: rockslide.exe\n|-supereffective|p1a: rockslide.exe\n|-damage|p1a: rockslide.exe|0 fnt\n|faint|p1a: rockslide.exe\n|-end|p1a: rockslide.exe|Quark Drive|[silent]\n|\n|upkeep\n|\n|t:|1696684231\n|switch|p1a: Cool Bird|Iron Bundle|100\/100\n|-activate|p1a: Cool Bird|ability: Quark Drive\n|-start|p1a: Cool Bird|quarkdrivespe\n|turn|2\n|\n|t:|1696684251\n|move|p2b: Sucks|Light Screen|p2b: Sucks\n|-sidestart|p2: Datagne|move: Light Screen\n|move|p1a: Cool Bird|Blizzard|p2a: Vegimite|[spread] p2b\n|-miss|p1a: Cool Bird|p2a: Vegimite\n|-resisted|p2b: Sucks\n|-damage|p2b: Sucks|85\/100\n|move|p1b: Leonarth|Hyper Voice|p2a: Vegimite|[spread] p2a,p2b\n|-damage|p2a: Vegimite|62\/100\n|-damage|p2b: Sucks|52\/100\n|move|p2a: Vegimite|Moonblast|p1a: Cool Bird\n|-damage|p1a: Cool Bird|0 fnt\n|faint|p1a: Cool Bird\n|-end|p1a: Cool Bird|Quark Drive|[silent]\n|\n|upkeep\n|\n|t:|1696684270\n|switch|p1a: be nice to me|Tornadus, M|100\/100\n|turn|3\n|\n|t:|1696684279\n|move|p2b: Sucks|Protect|p2b: Sucks\n|-singleturn|p2b: Sucks|Protect\n|move|p1a: be nice to me|Snowscape|p1a: be nice to me\n|-weather|Snow\n|move|p1b: Leonarth|Blizzard|p2b: Sucks|[spread] p2a\n|-activate|p2b: Sucks|move: Protect\n|-supereffective|p2a: Vegimite\n|-damage|p2a: Vegimite|36\/100\n|move|p2a: Vegimite|Springtide Storm|p1a: be nice to me|[spread] p1a\n|-miss|p2a: Vegimite|p1b: Leonarth\n|-damage|p1a: be nice to me|54\/100\n|-unboost|p1a: be nice to me|atk|1\n|\n|-weather|Snow|[upkeep]\n|upkeep\n|turn|4\n|c|\u2606Play Tale of Wuxia|yeah, i've thrown this already\n|\n|t:|1696684305\n|switch|p2b: Limestone|Gigalith, F|100\/100\n|-weather|Sandstorm|[from] ability: Sand Stream|[of] p2b: Limestone\n|move|p1a: be nice to me|Grass Knot|p2b: Limestone\n|-supereffective|p2b: Limestone\n|-damage|p2b: Limestone|72\/100\n|move|p1b: Leonarth|Blizzard|p2a: Vegimite|[spread] p2a\n|-miss|p1b: Leonarth|p2b: Limestone\n|-supereffective|p2a: Vegimite\n|-damage|p2a: Vegimite|11\/100\n|move|p2a: Vegimite|Springtide Storm|p1b: Leonarth|[spread] p1b\n|-miss|p2a: Vegimite|p1a: be nice to me\n|-damage|p1b: Leonarth|61\/100\n|\n|-weather|Sandstorm|[upkeep]\n|-damage|p1a: be nice to me|48\/100|[from] Sandstorm\n|-damage|p1b: Leonarth|55\/100|[from] Sandstorm\n|-heal|p1b: Leonarth|61\/100|[from] item: Leftovers\n|upkeep\n|turn|5\n|\n|t:|1696684333\n|switch|p2a: Mother|Gothitelle, M|100\/100\n|move|p2b: Limestone|Wide Guard|p2b: Limestone\n|-singleturn|p2b: Limestone|Wide Guard\n|move|p1a: be nice to me|Snowscape|p1a: be nice to me\n|-weather|Snow\n|move|p1b: Leonarth|Blizzard|p2a: Mother|[spread] \n|-activate|p2a: Mother|move: Wide Guard\n|-activate|p2b: Limestone|move: Wide Guard\n|\n|-weather|Snow|[upkeep]\n|-heal|p1b: Leonarth|67\/100|[from] item: Leftovers\n|-fieldend|move: Electric Terrain\n|upkeep\n|turn|6\n|\n|t:|1696684348\n|move|p1a: be nice to me|Grass Knot|p2b: Limestone\n|-supereffective|p2b: Limestone\n|-damage|p2b: Limestone|33\/100\n|move|p1b: Leonarth|Life Dew|p1b: Leonarth|[spread] p1a,p1b\n|-heal|p1a: be nice to me|73\/100\n|-heal|p1b: Leonarth|92\/100\n|move|p2b: Limestone|Rock Slide|p1a: be nice to me|[spread] \n|-miss|p2b: Limestone|p1a: be nice to me\n|-miss|p2b: Limestone|p1b: Leonarth\n|move|p2a: Mother|Trick Room|p2a: Mother\n|-fieldstart|move: Trick Room|[of] p2a: Mother\n|\n|-weather|Snow|[upkeep]\n|-heal|p1b: Leonarth|98\/100|[from] item: Leftovers\n|upkeep\n|turn|7\n|\n|t:|1696684374\n|move|p1a: be nice to me|Taunt|p2a: Mother\n|-start|p2a: Mother|move: Taunt\n|move|p2b: Limestone|Rock Slide|p1a: be nice to me|[spread] p1a,p1b\n|-supereffective|p1a: be nice to me\n|-damage|p1a: be nice to me|8\/100\n|-damage|p1b: Leonarth|70\/100\n|cant|p2a: Mother|move: Taunt|Heal Pulse\n|cant|p1b: Leonarth|flinch\n|\n|-weather|Snow|[upkeep]\n|-heal|p1b: Leonarth|76\/100|[from] item: Leftovers\n|upkeep\n|turn|8\n|\n|t:|1696684390\n|switch|p2a: Aun|Kingambit, M|100\/100\n|move|p1a: be nice to me|Taunt|p2b: Limestone\n|-start|p2b: Limestone|move: Taunt\n|move|p2b: Limestone|Rock Slide|p1b: Leonarth|[spread] p1a,p1b\n|-supereffective|p1a: be nice to me\n|-damage|p1a: be nice to me|0 fnt\n|-damage|p1b: Leonarth|44\/100\n|faint|p1a: be nice to me\n|move|p1b: Leonarth|Hyper Voice|p2a: Aun|[spread] p2a,p2b\n|-supereffective|p2b: Limestone\n|-damage|p2a: Aun|75\/100\n|-damage|p2b: Limestone|0 fnt\n|faint|p2b: Limestone\n|\n|-weather|Snow|[upkeep]\n|-heal|p1b: Leonarth|50\/100|[from] item: Leftovers\n|upkeep\n|\n|t:|1696684406\n|switch|p2b: Mother|Gothitelle, M|100\/100\n|switch|p1a: Big D|Dragonite, F|100\/100\n|turn|9\n|\n|t:|1696684416\n|move|p2a: Aun|Iron Head|p1a: Big D\n|-damage|p1a: Big D|29\/100\n|-damage|p2a: Aun|65\/100|[from] item: Life Orb\n|move|p2b: Mother|Cosmic Power|p2b: Mother\n|-boost|p2b: Mother|def|1\n|-boost|p2b: Mother|spd|1\n|move|p1b: Leonarth|Blizzard|p2a: Aun|[spread] p2a,p2b\n|-resisted|p2a: Aun\n|-damage|p2a: Aun|55\/100\n|-damage|p2b: Mother|90\/100\n|-status|p2b: Mother|frz\n|move|p1a: Big D|Rock Slide|p2a: Aun|[spread] p2a,p2b\n|-resisted|p2a: Aun\n|-damage|p2a: Aun|45\/100\n|-damage|p2b: Mother|69\/100 frz\n|\n|-weather|none\n|-heal|p2b: Mother|75\/100 frz|[from] item: Leftovers\n|-heal|p1b: Leonarth|56\/100|[from] item: Leftovers\n|-sideend|p2: Datagne|move: Light Screen\n|upkeep\n|turn|10\n|\n|t:|1696684438\n|move|p2a: Aun|Iron Head|p1a: Big D\n|-damage|p1a: Big D|0 fnt\n|faint|p1a: Big D\n|-damage|p2a: Aun|35\/100|[from] item: Life Orb\n|cant|p2b: Mother|frz\n|move|p1b: Leonarth|Hyper Voice|p2b: Mother|[spread] p2a,p2b\n|-crit|p2a: Aun\n|-damage|p2a: Aun|0 fnt\n|-damage|p2b: Mother|58\/100 frz\n|faint|p2a: Aun\n|\n|-heal|p2b: Mother|64\/100 frz|[from] item: Leftovers\n|-heal|p1b: Leonarth|62\/100|[from] item: Leftovers\n|-fieldend|move: Trick Room\n|upkeep\n|\n|t:|1696684454\n|switch|p1a: fish?|Qwilfish-Hisui, M|100\/100\n|switch|p2a: Horny|Great Tusk|100\/100\n|-ability|p1a: fish?|Intimidate|boost\n|-unboost|p2a: Horny|atk|1\n|-unboost|p2b: Mother|atk|1\n|turn|11\n|\n|t:|1696684465\n|switch|p2b: Vegimite|Enamorus-Therian, F|11\/100\n|move|p2a: Horny|Earthquake|p1b: Leonarth|[spread] p1a,p1b\n|-immune|p2b: Vegimite\n|-supereffective|p1a: fish?\n|-damage|p1a: fish?|57\/100\n|-damage|p1b: Leonarth|30\/100\n|move|p1a: fish?|Blizzard|p2a: Horny|[spread] p2a,p2b\n|-supereffective|p2a: Horny\n|-supereffective|p2b: Vegimite\n|-damage|p2a: Horny|64\/100\n|-damage|p2b: Vegimite|0 fnt\n|faint|p2b: Vegimite\n|move|p1b: Leonarth|Hyper Voice|p2a: Horny\n|-supereffective|p2a: Horny\n|-damage|p2a: Horny|0 fnt\n|faint|p2a: Horny\n|-end|p2a: Horny|Protosynthesis|[silent]\n|\n|-heal|p1b: Leonarth|36\/100|[from] item: Leftovers\n|upkeep\n|\n|t:|1696684481\n|switch|p2a: Sucks|Klefki, F|52\/100\n|switch|p2b: Mother|Gothitelle, M|64\/100 frz\n|turn|12\n|-message|Datagne forfeited.\n|\n|win|Play Tale of Wuxia\n","uploadtime":1696684494,"views":14,"p1id":"playtaleofwuxia","p2id":"datagne","formatid":"gen9nationaldexdoubles","rating":0,"private":0,"password":""}