{"id":"gen9nationaldexdoubles-1985135960","p1":"Boltundover","p2":"yiwanmadai","format":"[Gen 9] National Dex Doubles","log":"|j|\u2606Boltundover\n|j|\u2606yiwanmadai\n|t:|1699336245\n|gametype|doubles\n|player|p1|Boltundover|leaf-masters|1129\n|player|p2|yiwanmadai|marnie|1153\n|teamsize|p1|6\n|teamsize|p2|6\n|gen|9\n|tier|[Gen 9] National Dex Doubles\n|rated|\n|rule|HP Percentage Mod: HP is shown in percentages\n|rule|Endless Battle Clause: Forcing endless battles is banned\n|rule|OHKO Clause: OHKO moves are banned\n|rule|Evasion Moves Clause: Evasion moves are banned\n|rule|Evasion Abilities Clause: Evasion abilities are banned\n|rule|Species Clause: Limit one of each Pok\u00e9mon\n|rule|Gravity Sleep Clause: The combination of sleep-inducing moves with imperfect accuracy and Gravity or Gigantamax Orbeetle are banned\n|clearpoke\n|poke|p1|Beheeyem, F|\n|poke|p1|Gourgeist-*, F|\n|poke|p1|Indeedee-F, F|\n|poke|p1|Ambipom, F|\n|poke|p1|Nihilego|\n|poke|p1|Tsareena, F|\n|poke|p2|Indeedee-F, F|\n|poke|p2|Armarouge, F|\n|poke|p2|Ursaluna-Bloodmoon, M|\n|poke|p2|Sinistcha-Masterpiece|\n|poke|p2|Incineroar, M|\n|poke|p2|Iron Hands|\n|teampreview\n|inactive|Battle timer is ON: inactive players will automatically lose when time's up. (requested by yiwanmadai)\n|\n|t:|1699336263\n|start\n|switch|p1a: Beheeyem|Beheeyem, F, shiny|100\/100\n|switch|p1b: Gourgeist|Gourgeist-Super, F|100\/100\n|switch|p2a: Indeedee|Indeedee-F, F|100\/100\n|switch|p2b: Armarouge|Armarouge, F|100\/100\n|-fieldstart|move: Psychic Terrain|[from] ability: Psychic Surge|[of] p2a: Indeedee\n|turn|1\n|\n|t:|1699336288\n|move|p1b: Gourgeist|Ally Switch|p1b: Gourgeist\n|swap|p1b: Gourgeist|0|[from] move: Ally Switch\n|move|p2b: Armarouge|Expanding Force|p1b: Beheeyem|[spread] p1a,p1b\n|-resisted|p1b: Beheeyem\n|-damage|p1a: Gourgeist|22\/100\n|-damage|p1b: Beheeyem|69\/100\n|move|p1b: Beheeyem|Meteor Beam||[still]\n|-prepare|p1b: Beheeyem|Meteor Beam\n|-boost|p1b: Beheeyem|spa|1\n|-enditem|p1b: Beheeyem|Power Herb\n|-anim|p1b: Beheeyem|Meteor Beam|p2b: Armarouge\n|-supereffective|p2b: Armarouge\n|-enditem|p2b: Armarouge|Focus Sash\n|-damage|p2b: Armarouge|1\/100\n|move|p2a: Indeedee|Trick Room|p2a: Indeedee\n|-fieldstart|move: Trick Room|[of] p2a: Indeedee\n|-enditem|p1a: Gourgeist|Room Service\n|-unboost|p1a: Gourgeist|spe|1|[from] item: Room Service\n|\n|-item|p1a: Gourgeist|Power Herb|[from] ability: Pickup\n|upkeep\n|turn|2\n|\n|t:|1699336315\n|move|p2b: Armarouge|Protect|p2b: Armarouge\n|-singleturn|p2b: Armarouge|Protect\n|move|p1a: Gourgeist|Trick|p1b: Beheeyem\n|-activate|p1a: Gourgeist|move: Trick|[of] p1b: Beheeyem\n|-item|p1b: Beheeyem|Power Herb|[from] move: Trick\n|-enditem|p1a: Gourgeist|Power Herb|[silent]|[from] move: Trick\n|move|p1b: Beheeyem|Expanding Force|p2b: Armarouge|[spread] p2a\n|-activate|p2b: Armarouge|move: Protect\n|-resisted|p2a: Indeedee\n|-damage|p2a: Indeedee|56\/100\n|move|p2a: Indeedee|Expanding Force|p1b: Beheeyem|[spread] p1a,p1b\n|-resisted|p1b: Beheeyem\n|-damage|p1a: Gourgeist|0 fnt\n|-damage|p1b: Beheeyem|48\/100\n|faint|p1a: Gourgeist\n|\n|upkeep\n|\n|t:|1699336323\n|switch|p1a: Indeedee|Indeedee-F, F|100\/100\n|turn|3\n|\n|t:|1699336353\n|move|p2a: Indeedee|Follow Me|p2a: Indeedee\n|-singleturn|p2a: Indeedee|move: Follow Me\n|move|p1a: Indeedee|Follow Me|p1a: Indeedee\n|-singleturn|p1a: Indeedee|move: Follow Me\n|move|p1b: Beheeyem|Expanding Force|p2b: Armarouge|[spread] p2a,p2b\n|-resisted|p2a: Indeedee\n|-resisted|p2b: Armarouge\n|-damage|p2a: Indeedee|7\/100\n|-damage|p2b: Armarouge|0 fnt\n|faint|p2b: Armarouge\n|\n|upkeep\n|inactive|yiwanmadai has 120 seconds left.\n|\n|t:|1699336374\n|switch|p2b: Ursaluna|Ursaluna-Bloodmoon, M|100\/100\n|turn|4\n|inactive|yiwanmadai has 120 seconds left.\n|\n|t:|1699336393\n|move|p2a: Indeedee|Protect|p2a: Indeedee\n|-singleturn|p2a: Indeedee|Protect\n|move|p1a: Indeedee|Follow Me|p1a: Indeedee\n|-singleturn|p1a: Indeedee|move: Follow Me\n|move|p1b: Beheeyem|Expanding Force|p2a: Indeedee|[spread] p2b\n|-activate|p2a: Indeedee|move: Protect\n|-damage|p2b: Ursaluna|36\/100\n|move|p2b: Ursaluna|Blood Moon|p1a: Indeedee\n|-damage|p1a: Indeedee|12\/100\n|\n|upkeep\n|turn|5\n|\n|t:|1699336411\n|switch|p2a: Sinistcha|Sinistcha-Masterpiece|100\/100\n|-heal|p2b: Ursaluna|61\/100|[from] ability: Hospitality|[of] p2a: Sinistcha\n|move|p1a: Indeedee|Follow Me|p1a: Indeedee\n|-singleturn|p1a: Indeedee|move: Follow Me\n|move|p1b: Beheeyem|Expanding Force|p2b: Ursaluna|[spread] p2a,p2b\n|-damage|p2a: Sinistcha|0 fnt\n|-damage|p2b: Ursaluna|0 fnt\n|faint|p2a: Sinistcha\n|faint|p2b: Ursaluna\n|\n|-fieldend|move: Trick Room\n|-fieldend|move: Psychic Terrain\n|upkeep\n|inactive|yiwanmadai has 120 seconds left.\n|\n|t:|1699336431\n|switch|p2a: Incineroar|Incineroar, M|100\/100\n|switch|p2b: Iron Hands|Iron Hands|100\/100\n|-ability|p2a: Incineroar|Intimidate|boost\n|-unboost|p1a: Indeedee|atk|1\n|-unboost|p1b: Beheeyem|atk|1\n|turn|6\n|\n|t:|1699336460\n|-terastallize|p1b: Beheeyem|Rock\n|move|p2b: Iron Hands|Fake Out|p1a: Indeedee\n|-damage|p1a: Indeedee|0 fnt\n|faint|p1a: Indeedee\n|move|p2a: Incineroar|Snarl|p1b: Beheeyem\n|-crit|p1b: Beheeyem\n|-damage|p1b: Beheeyem|28\/100\n|-unboost|p1b: Beheeyem|spa|1\n|move|p1b: Beheeyem|Expanding Force|p2b: Iron Hands\n|-supereffective|p2b: Iron Hands\n|-damage|p2b: Iron Hands|46\/100\n|\n|upkeep\n|\n|t:|1699336469\n|switch|p1a: Tsareena|Tsareena, F|100\/100\n|turn|7\n|\n|t:|1699336496\n|switch|p1b: Ambipom|Ambipom, F|100\/100\n|-terastallize|p2a: Incineroar|Grass\n|move|p1a: Tsareena|U-turn|p2a: Incineroar\n|-supereffective|p2a: Incineroar\n|-damage|p2a: Incineroar|68\/100\n|\n|t:|1699336510\n|switch|p1a: Nihilego|Nihilego|100\/100|[from] U-turn\n|move|p2a: Incineroar|Flare Blitz|p1a: Nihilego\n|-resisted|p1a: Nihilego\n|-damage|p1a: Nihilego|56\/100\n|-damage|p2a: Incineroar|54\/100|[from] Recoil\n|move|p2b: Iron Hands|Drain Punch|p1b: Ambipom\n|-supereffective|p1b: Ambipom\n|-damage|p1b: Ambipom|0 fnt\n|-heal|p2b: Iron Hands|85\/100|[from] drain|[of] p1b: Ambipom\n|faint|p1b: Ambipom\n|\n|upkeep\n|\n|t:|1699336514\n|switch|p1b: Tsareena|Tsareena, F|100\/100\n|turn|8\n|\n|t:|1699336540\n|move|p1a: Nihilego|Meteor Beam||[still]\n|-prepare|p1a: Nihilego|Meteor Beam\n|-boost|p1a: Nihilego|spa|1\n|-enditem|p1a: Nihilego|Power Herb\n|-anim|p1a: Nihilego|Meteor Beam|p2b: Iron Hands\n|-resisted|p2b: Iron Hands\n|-damage|p2b: Iron Hands|62\/100\n|move|p1b: Tsareena|Power Whip|p2b: Iron Hands\n|-damage|p2b: Iron Hands|18\/100\n|move|p2a: Incineroar|Snarl|p1b: Tsareena|[spread] p1a,p1b\n|-damage|p1a: Nihilego|49\/100\n|-damage|p1b: Tsareena|94\/100\n|-unboost|p1a: Nihilego|spa|1\n|-unboost|p1b: Tsareena|spa|1\n|move|p2b: Iron Hands|Drain Punch|p1b: Tsareena\n|-damage|p1b: Tsareena|52\/100\n|-heal|p2b: Iron Hands|34\/100|[from] drain|[of] p1b: Tsareena\n|\n|upkeep\n|turn|9\n|inactive|yiwanmadai has 120 seconds left.\n|\n|t:|1699336589\n|switch|p1b: Beheeyem|Beheeyem, F, shiny, tera:Rock|28\/100\n|move|p1a: Nihilego|Sludge Wave|p2b: Iron Hands|[spread] p1b,p2a,p2b\n|-resisted|p1b: Beheeyem\n|-supereffective|p2a: Incineroar\n|-damage|p1b: Beheeyem|9\/100\n|-damage|p2a: Incineroar|0 fnt\n|-damage|p2b: Iron Hands|16\/100\n|faint|p2a: Incineroar\n|-ability|p1a: Nihilego|Beast Boost|boost\n|-boost|p1a: Nihilego|spa|1\n|move|p2b: Iron Hands|Drain Punch|p1a: Nihilego\n|-damage|p1a: Nihilego|0 fnt\n|-heal|p2b: Iron Hands|35\/100|[from] drain|[of] p1a: Nihilego\n|faint|p1a: Nihilego\n|\n|upkeep\n|\n|t:|1699336606\n|switch|p1a: Tsareena|Tsareena, F|52\/100\n|switch|p2a: Indeedee|Indeedee-F, F|7\/100\n|-fieldstart|move: Psychic Terrain|[from] ability: Psychic Surge|[of] p2a: Indeedee\n|turn|10\n|inactive|yiwanmadai has 120 seconds left.\n|\n|t:|1699336657\n|move|p1a: Tsareena|Power Whip|p2b: Iron Hands\n|-damage|p2b: Iron Hands|0 fnt\n|faint|p2b: Iron Hands\n|-end|p2b: Iron Hands|Quark Drive|[silent]\n|move|p2a: Indeedee|Expanding Force|p1a: Tsareena|[spread] p1a,p1b\n|-damage|p1a: Tsareena|26\/100\n|-damage|p1b: Beheeyem|0 fnt\n|faint|p1b: Beheeyem\n|\n|upkeep\n|turn|11\n|inactive|yiwanmadai has 120 seconds left.\n|\n|t:|1699336683\n|move|p1a: Tsareena|U-turn|p2a: Indeedee\n|-supereffective|p2a: Indeedee\n|-damage|p2a: Indeedee|0 fnt\n|-damage|p1a: Tsareena|9\/100|[from] item: Rocky Helmet|[of] p2a: Indeedee\n|faint|p2a: Indeedee\n|\n|win|Boltundover\n|raw|Boltundover's rating: 1145 &rarr; <strong>1171<\/strong><br \/>(+26 for winning)\n|raw|yiwanmadai's rating: 1153 &rarr; <strong>1127<\/strong><br \/>(-26 for losing)\n","uploadtime":1699336686,"views":5,"p1id":"boltundover","p2id":"yiwanmadai","formatid":"gen9nationaldexdoubles","rating":1127,"private":0,"password":""}