{"id":"gen9nationaldexdoubles-1961900922","p1":"RaWingedDragon","p2":"AdvancedDigit","format":"[Gen 9] National Dex Doubles","log":"|j|\u2606RaWingedDragon\n|j|\u2606AdvancedDigit\n|t:|1696686848\n|gametype|doubles\n|player|p1|RaWingedDragon|102|1339\n|player|p2|AdvancedDigit|hilbert|1227\n|teamsize|p1|6\n|teamsize|p2|6\n|gen|9\n|tier|[Gen 9] National Dex Doubles\n|rated|\n|rule|HP Percentage Mod: HP is shown in percentages\n|rule|Endless Battle Clause: Forcing endless battles is banned\n|rule|OHKO Clause: OHKO moves are banned\n|rule|Evasion Moves Clause: Evasion moves are banned\n|rule|Evasion Abilities Clause: Evasion abilities are banned\n|rule|Species Clause: Limit one of each Pok\u00e9mon\n|rule|Gravity Sleep Clause: The combination of sleep-inducing moves with imperfect accuracy and Gravity or Gigantamax Orbeetle are banned\n|clearpoke\n|poke|p1|Tyranitar, F|\n|poke|p1|Lycanroc, M|\n|poke|p1|Tornadus, M|\n|poke|p1|Houndstone, F|\n|poke|p1|Hippowdon, F|\n|poke|p1|Dracozolt|\n|poke|p2|Scizor, M|\n|poke|p2|Mr. Mime, F|\n|poke|p2|Clefairy, F|\n|poke|p2|Amoonguss, F|\n|poke|p2|Chi-Yu|\n|poke|p2|Volbeat, M|\n|teampreview\n|\n|t:|1696686867\n|start\n|switch|p1a: Lycanroc|Lycanroc, M|100\/100\n|switch|p1b: Tornadus|Tornadus, M|100\/100\n|switch|p2a: Scizor|Scizor, M|100\/100\n|switch|p2b: Mr. Mime|Mr. Mime, F|100\/100\n|turn|1\n|\n|t:|1696686885\n|move|p2b: Mr. Mime|Fake Out|p1b: Tornadus\n|-damage|p1b: Tornadus|95\/100\n|cant|p1b: Tornadus|flinch\n|move|p1a: Lycanroc|Rock Slide|p2b: Mr. Mime|[spread] p2a,p2b\n|-damage|p2a: Scizor|72\/100\n|-damage|p2b: Mr. Mime|53\/100\n|move|p2a: Scizor|Swords Dance|p2a: Scizor\n|-boost|p2a: Scizor|atk|2\n|\n|-heal|p2b: Mr. Mime|59\/100|[from] item: Leftovers\n|upkeep\n|turn|2\n|\n|t:|1696686901\n|-terastallize|p2a: Scizor|Steel\n|move|p2b: Mr. Mime|Wide Guard|p2b: Mr. Mime\n|-singleturn|p2b: Mr. Mime|Wide Guard\n|move|p2a: Scizor|Bullet Punch|p1b: Tornadus\n|-damage|p1b: Tornadus|0 fnt\n|faint|p1b: Tornadus\n|move|p1a: Lycanroc|Rock Slide|p2b: Mr. Mime|[spread] \n|-activate|p2a: Scizor|move: Wide Guard\n|-activate|p2b: Mr. Mime|move: Wide Guard\n|\n|-heal|p2b: Mr. Mime|65\/100|[from] item: Leftovers\n|upkeep\n|\n|t:|1696686908\n|switch|p1b: Hippowdon|Hippowdon, F|100\/100\n|-weather|Sandstorm|[from] ability: Sand Stream|[of] p1b: Hippowdon\n|turn|3\n|\n|t:|1696686923\n|move|p2b: Mr. Mime|Wide Guard|p2b: Mr. Mime\n|-singleturn|p2b: Mr. Mime|Wide Guard\n|move|p1a: Lycanroc|Stealth Rock|p2a: Scizor\n|-sidestart|p2: AdvancedDigit|move: Stealth Rock\n|move|p2a: Scizor|Trailblaze|p1b: Hippowdon\n|-supereffective|p1b: Hippowdon\n|-damage|p1b: Hippowdon|35\/100\n|-boost|p2a: Scizor|spe|1\n|move|p1b: Hippowdon|Whirlwind|p2a: Scizor\n|drag|p2a: Volbeat|Volbeat, M|100\/100\n|-damage|p2a: Volbeat|76\/100|[from] Stealth Rock\n|\n|-weather|Sandstorm|[upkeep]\n|-damage|p2b: Mr. Mime|59\/100|[from] Sandstorm\n|-damage|p2a: Volbeat|70\/100|[from] Sandstorm\n|-heal|p2b: Mr. Mime|65\/100|[from] item: Leftovers\n|upkeep\n|turn|4\n|\n|t:|1696686941\n|move|p2a: Volbeat|Encore|p1b: Hippowdon\n|-start|p1b: Hippowdon|Encore\n|move|p1a: Lycanroc|Rock Slide|p2b: Mr. Mime|[spread] p2a,p2b\n|-supereffective|p2a: Volbeat\n|-crit|p2b: Mr. Mime\n|-damage|p2a: Volbeat|0 fnt\n|-damage|p2b: Mr. Mime|0 fnt\n|faint|p2a: Volbeat\n|faint|p2b: Mr. Mime\n|move|p1b: Hippowdon|Whirlwind|p2: Volbeat|[notarget]\n|-fail|p1b: Hippowdon\n|\n|-weather|Sandstorm|[upkeep]\n|upkeep\n|\n|t:|1696686956\n|switch|p2b: Amoonguss|Amoonguss, F|100\/100\n|switch|p2a: Scizor|Scizor, M, tera:Steel|72\/100\n|-damage|p2a: Scizor|66\/100|[from] Stealth Rock\n|-damage|p2b: Amoonguss|88\/100|[from] Stealth Rock\n|turn|5\n|\n|t:|1696686968\n|move|p2b: Amoonguss|Rage Powder|p2b: Amoonguss\n|-singleturn|p2b: Amoonguss|move: Rage Powder\n|move|p1a: Lycanroc|Endeavor|p2b: Amoonguss\n|-damage|p2b: Amoonguss|68\/100\n|move|p2a: Scizor|Swords Dance|p2a: Scizor\n|-boost|p2a: Scizor|atk|2\n|move|p1b: Hippowdon|Whirlwind|p2b: Amoonguss\n|drag|p2b: Chi-Yu|Chi-Yu|100\/100\n|-damage|p2b: Chi-Yu|76\/100|[from] Stealth Rock\n|-ability|p2b: Chi-Yu|Beads of Ruin\n|\n|-weather|Sandstorm|[upkeep]\n|-damage|p2b: Chi-Yu|70\/100|[from] Sandstorm\n|upkeep\n|turn|6\n|\n|t:|1696686977\n|switch|p2b: Clefairy|Clefairy, F|100\/100\n|-damage|p2b: Clefairy|88\/100|[from] Stealth Rock\n|move|p2a: Scizor|Quick Attack|p1b: Hippowdon\n|-crit|p1b: Hippowdon\n|-damage|p1b: Hippowdon|0 fnt\n|faint|p1b: Hippowdon\n|move|p1a: Lycanroc|Rock Slide|p2a: Scizor|[spread] p2a\n|-miss|p1a: Lycanroc|p2b: Clefairy\n|-resisted|p2a: Scizor\n|-damage|p2a: Scizor|55\/100\n|\n|-weather|Sandstorm|[upkeep]\n|-damage|p2b: Clefairy|82\/100|[from] Sandstorm\n|upkeep\n|\n|t:|1696686982\n|switch|p1b: Dracozolt|Dracozolt|100\/100\n|turn|7\n|\n|t:|1696686995\n|move|p2b: Clefairy|Helping Hand|p2a: Scizor\n|-singleturn|p2a: Scizor|Helping Hand|[of] p2b: Clefairy\n|move|p2a: Scizor|Bullet Punch|p1b: Dracozolt\n|-resisted|p1b: Dracozolt\n|-crit|p1b: Dracozolt\n|-damage|p1b: Dracozolt|0 fnt\n|faint|p1b: Dracozolt\n|move|p1a: Lycanroc|Rock Slide|p2a: Scizor|[spread] p2a\n|-miss|p1a: Lycanroc|p2b: Clefairy\n|-resisted|p2a: Scizor\n|-damage|p2a: Scizor|45\/100\n|\n|-weather|Sandstorm|[upkeep]\n|-damage|p2b: Clefairy|76\/100|[from] Sandstorm\n|upkeep\n|\n|t:|1696687001\n|switch|p1b: Houndstone|Houndstone, F|100\/100\n|turn|8\n|\n|t:|1696687008\n|-terastallize|p1b: Houndstone|Grass\n|move|p2b: Clefairy|Follow Me|p2b: Clefairy\n|-singleturn|p2b: Clefairy|move: Follow Me\n|move|p2a: Scizor|Bullet Punch|p1b: Houndstone\n|-damage|p1b: Houndstone|0 fnt\n|faint|p1b: Houndstone\n|move|p1a: Lycanroc|Rock Slide|p2b: Clefairy|[spread] p2a,p2b\n|-resisted|p2a: Scizor\n|-damage|p2a: Scizor|33\/100\n|-damage|p2b: Clefairy|41\/100\n|\n|-weather|Sandstorm|[upkeep]\n|-damage|p2b: Clefairy|35\/100|[from] Sandstorm\n|upkeep\n|\n|t:|1696687015\n|switch|p1b: Tyranitar|Tyranitar, F|100\/100\n|turn|9\n|\n|t:|1696687019\n|move|p2b: Clefairy|Follow Me|p2b: Clefairy\n|-singleturn|p2b: Clefairy|move: Follow Me\n|move|p2a: Scizor|Bullet Punch|p1b: Tyranitar\n|-supereffective|p1b: Tyranitar\n|-crit|p1b: Tyranitar\n|-damage|p1b: Tyranitar|0 fnt\n|faint|p1b: Tyranitar\n|move|p1a: Lycanroc|Rock Slide|p2a: Scizor|[spread] p2a\n|-miss|p1a: Lycanroc|p2b: Clefairy\n|-resisted|p2a: Scizor\n|-damage|p2a: Scizor|22\/100\n|\n|-weather|Sandstorm|[upkeep]\n|-damage|p2b: Clefairy|29\/100|[from] Sandstorm\n|upkeep\n|turn|10\n|\n|t:|1696687026\n|move|p2b: Clefairy|Helping Hand|p2a: Scizor\n|-singleturn|p2a: Scizor|Helping Hand|[of] p2b: Clefairy\n|move|p2a: Scizor|Bullet Punch|p1a: Lycanroc\n|-supereffective|p1a: Lycanroc\n|-enditem|p1a: Lycanroc|Focus Sash\n|-damage|p1a: Lycanroc|1\/100\n|move|p1a: Lycanroc|Rock Slide|p2b: Clefairy|[spread] p2a,p2b\n|-resisted|p2a: Scizor\n|-damage|p2a: Scizor|11\/100\n|-damage|p2b: Clefairy|0 fnt\n|faint|p2b: Clefairy\n|\n|-weather|none\n|upkeep\n|-message|RaWingedDragon forfeited.\n|\n|win|AdvancedDigit\n|raw|RaWingedDragon's rating: 1339 &rarr; <strong>1313<\/strong><br \/>(-26 for losing)\n|raw|AdvancedDigit's rating: 1227 &rarr; <strong>1260<\/strong><br \/>(+33 for winning)\n|l|\u2606RaWingedDragon\n","uploadtime":1696687038,"views":9,"p1id":"rawingeddragon","p2id":"advanceddigit","formatid":"gen9nationaldexdoubles","rating":1260,"private":0,"password":""}