{"id":"gen9nationaldexdoubles-1959766389","p1":"Phill110","p2":"AOokie","format":"[Gen 9] National Dex Doubles","log":"|j|\u2606Phill110\n|j|\u2606AOokie\n|t:|1696453513\n|gametype|doubles\n|player|p1|Phill110|veteran|\n|player|p2|AOokie|dawn|\n|teamsize|p1|6\n|teamsize|p2|6\n|gen|9\n|tier|[Gen 9] National Dex Doubles\n|rule|HP Percentage Mod: HP is shown in percentages\n|rule|Endless Battle Clause: Forcing endless battles is banned\n|rule|OHKO Clause: OHKO moves are banned\n|rule|Evasion Moves Clause: Evasion moves are banned\n|rule|Evasion Abilities Clause: Evasion abilities are banned\n|rule|Species Clause: Limit one of each Pok\u00e9mon\n|rule|Gravity Sleep Clause: The combination of sleep-inducing moves with imperfect accuracy and Gravity or Gigantamax Orbeetle are banned\n|clearpoke\n|poke|p1|Chandelure, M|\n|poke|p1|Mimikyu, F|\n|poke|p1|Hatterene, F|\n|poke|p1|Grimmsnarl, M|\n|poke|p1|Flutter Mane|\n|poke|p1|Gholdengo|\n|poke|p2|Tyranitar, M|\n|poke|p2|Lycanroc-Midnight, F|\n|poke|p2|Zoroark-Hisui, F|\n|poke|p2|Houndstone, M|\n|poke|p2|Delphox, F|\n|poke|p2|Mabosstiff, F|\n|teampreview\n|\n|t:|1696453555\n|start\n|switch|p1a: Grimmsnarl|Grimmsnarl, M|100\/100\n|switch|p1b: Flutter Mane|Flutter Mane|100\/100\n|switch|p2a: Honorary Dog|Tyranitar, M|100\/100\n|switch|p2b: Furcon attendee|Delphox, F|100\/100\n|-weather|Sandstorm|[from] ability: Sand Stream|[of] p2a: Honorary Dog\n|turn|1\n|\n|t:|1696453586\n|move|p1a: Grimmsnarl|Fake Out|p2b: Furcon attendee\n|-immune|p2b: Furcon attendee\n|move|p1b: Flutter Mane|Shadow Ball|p2b: Furcon attendee\n|-immune|p2b: Furcon attendee\n|move|p2b: Furcon attendee|Shadow Ball|p1b: Flutter Mane\n|-supereffective|p1b: Flutter Mane\n|-damage|p1b: Flutter Mane|12\/100\n|move|p2a: Honorary Dog|Stealth Rock|p1b: Flutter Mane\n|-sidestart|p1: Phill110|move: Stealth Rock\n|\n|-weather|Sandstorm|[upkeep]\n|-damage|p1b: Flutter Mane|6\/100|[from] Sandstorm\n|-damage|p1a: Grimmsnarl|94\/100|[from] Sandstorm\n|-heal|p1a: Grimmsnarl|100\/100|[from] item: Leftovers\n|upkeep\n|turn|2\n|\n|t:|1696453613\n|move|p1b: Flutter Mane|Protect|p1b: Flutter Mane\n|-singleturn|p1b: Flutter Mane|Protect\n|move|p2b: Furcon attendee|U-turn|p1a: Grimmsnarl\n|-damage|p1a: Grimmsnarl|78\/100\n|\n|t:|1696453620\n|switch|p2b: Wolf|Lycanroc-Midnight, F, shiny|100\/100|[from] U-turn\n|move|p1a: Grimmsnarl|Darkest Lariat|p2b: Wolf\n|-damage|p2b: Wolf|38\/100\n|move|p2a: Honorary Dog|Ice Punch|p1b: Flutter Mane\n|-activate|p1b: Flutter Mane|move: Protect\n|\n|-weather|Sandstorm|[upkeep]\n|-damage|p1b: Flutter Mane|0 fnt|[from] Sandstorm\n|-damage|p1a: Grimmsnarl|72\/100|[from] Sandstorm\n|faint|p1b: Flutter Mane\n|-end|p1b: Flutter Mane|Protosynthesis|[silent]\n|-heal|p1a: Grimmsnarl|78\/100|[from] item: Leftovers\n|upkeep\n|\n|t:|1696453636\n|switch|p1b: Gholdengo|Gholdengo|100\/100\n|-damage|p1b: Gholdengo|94\/100|[from] Stealth Rock\n|turn|3\n|\n|t:|1696453669\n|move|p2b: Wolf|Rock Slide|p1b: Gholdengo|[spread] p1a,p1b\n|-resisted|p1b: Gholdengo\n|-damage|p1a: Grimmsnarl|43\/100\n|-damage|p1b: Gholdengo|79\/100\n|move|p1b: Gholdengo|Make It Rain|p2b: Wolf|[spread] p2a,p2b\n|-supereffective|p2a: Honorary Dog\n|-supereffective|p2b: Wolf\n|-damage|p2a: Honorary Dog|47\/100\n|-damage|p2b: Wolf|0 fnt\n|-unboost|p1b: Gholdengo|spa|1\n|faint|p2b: Wolf\n|move|p1a: Grimmsnarl|Drain Punch|p2a: Honorary Dog\n|-supereffective|p2a: Honorary Dog\n|-damage|p2a: Honorary Dog|0 fnt\n|-heal|p1a: Grimmsnarl|71\/100|[from] drain|[of] p2a: Honorary Dog\n|faint|p2a: Honorary Dog\n|\n|-weather|Sandstorm|[upkeep]\n|-damage|p1a: Grimmsnarl|65\/100|[from] Sandstorm\n|-heal|p1a: Grimmsnarl|71\/100|[from] item: Leftovers\n|upkeep\n|\n|t:|1696453690\n|switch|p2b: Goodest boy|Houndstone, M|100\/100\n|switch|p2a: Furcon attendee|Delphox, F|100\/100\n|turn|4\n|\n|t:|1696453721\n|move|p1b: Gholdengo|Protect|p1b: Gholdengo\n|-singleturn|p1b: Gholdengo|Protect\n|move|p2b: Goodest boy|Last Respects|p1b: Gholdengo\n|-activate|p1b: Gholdengo|move: Protect\n|move|p2a: Furcon attendee|Dark Pulse|p1a: Grimmsnarl\n|-resisted|p1a: Grimmsnarl\n|-crit|p1a: Grimmsnarl\n|-damage|p1a: Grimmsnarl|59\/100\n|move|p1a: Grimmsnarl|Darkest Lariat|p2b: Goodest boy\n|-supereffective|p2b: Goodest boy\n|-damage|p2b: Goodest boy|0 fnt\n|faint|p2b: Goodest boy\n|\n|-weather|Sandstorm|[upkeep]\n|-damage|p1a: Grimmsnarl|52\/100|[from] Sandstorm\n|-heal|p1a: Grimmsnarl|59\/100|[from] item: Leftovers\n|upkeep\n|\n|t:|1696453739\n|switch|p2b: Gertrude|Mabosstiff, F, shiny|100\/100\n|-ability|p2b: Gertrude|Intimidate|boost\n|-unboost|p1a: Grimmsnarl|atk|1\n|-unboost|p1b: Gholdengo|atk|1\n|turn|5\n|\n|t:|1696453794\n|-terastallize|p2b: Gertrude|Steel\n|move|p2a: Furcon attendee|Shadow Ball|p1b: Gholdengo\n|-supereffective|p1b: Gholdengo\n|-damage|p1b: Gholdengo|0 fnt\n|faint|p1b: Gholdengo\n|move|p1a: Grimmsnarl|Play Rough|p2b: Gertrude\n|-resisted|p2b: Gertrude\n|-damage|p2b: Gertrude|85\/100\n|move|p2b: Gertrude|Tera Blast|p1a: Grimmsnarl|[anim] Tera Blast Steel\n|-supereffective|p1a: Grimmsnarl\n|-damage|p1a: Grimmsnarl|0 fnt\n|faint|p1a: Grimmsnarl\n|\n|-weather|Sandstorm|[upkeep]\n|upkeep\n|\n|t:|1696453815\n|switch|p1b: Chandelure|Chandelure, M|100\/100\n|switch|p1a: Hatterene|Hatterene, F|100\/100\n|-damage|p1b: Chandelure|76\/100|[from] Stealth Rock\n|-damage|p1a: Hatterene|88\/100|[from] Stealth Rock\n|turn|6\n|\n|t:|1696453836\n|move|p2a: Furcon attendee|Shadow Ball|p1b: Chandelure\n|-supereffective|p1b: Chandelure\n|-crit|p1b: Chandelure\n|-damage|p1b: Chandelure|0 fnt\n|faint|p1b: Chandelure\n|move|p2b: Gertrude|Tera Blast|p1a: Hatterene|[anim] Tera Blast Steel\n|-supereffective|p1a: Hatterene\n|-damage|p1a: Hatterene|0 fnt\n|faint|p1a: Hatterene\n|\n|-weather|Sandstorm|[upkeep]\n|upkeep\n|\n|t:|1696453885\n|switch|p1a: Mimikyu|Mimikyu, F|100\/100\n|-damage|p1a: Mimikyu|88\/100|[from] Stealth Rock\n|turn|7\n|\n|t:|1696453905\n|move|p2a: Furcon attendee|Shadow Ball|p1a: Mimikyu\n|-activate|p1a: Mimikyu|ability: Disguise\n|-damage|p1a: Mimikyu|88\/100\n|detailschange|p1a: Mimikyu|Mimikyu-Busted, F\n|-damage|p1a: Mimikyu|76\/100|[from] pokemon: Mimikyu-Busted\n|-zpower|p1a: Mimikyu\n|move|p1a: Mimikyu|Let's Snuggle Forever|p2b: Gertrude|[zeffect]\n|-resisted|p2b: Gertrude\n|-damage|p2b: Gertrude|43\/100\n|move|p2b: Gertrude|Tera Blast|p1a: Mimikyu|[anim] Tera Blast Steel\n|-supereffective|p1a: Mimikyu\n|-damage|p1a: Mimikyu|0 fnt\n|faint|p1a: Mimikyu\n|\n|win|AOokie\n","uploadtime":1696453971,"views":12,"p1id":"phill110","p2id":"aookie","formatid":"gen9nationaldexdoubles","rating":0,"private":0,"password":""}