{"id":"gen9nationaldexdoubles-1967076214","p1":"LightNovas","p2":"im_eating_rn","format":"[Gen 9] National Dex Doubles","log":"|j|\u2606LightNovas\n|j|\u2606im_eating_rn\n|t:|1697251442\n|gametype|doubles\n|player|p1|LightNovas|cynthia|1100\n|player|p2|im_eating_rn|skier|1394\n|teamsize|p1|6\n|teamsize|p2|6\n|gen|9\n|tier|[Gen 9] National Dex Doubles\n|rated|\n|rule|HP Percentage Mod: HP is shown in percentages\n|rule|Endless Battle Clause: Forcing endless battles is banned\n|rule|OHKO Clause: OHKO moves are banned\n|rule|Evasion Moves Clause: Evasion moves are banned\n|rule|Evasion Abilities Clause: Evasion abilities are banned\n|rule|Species Clause: Limit one of each Pok\u00e9mon\n|rule|Gravity Sleep Clause: The combination of sleep-inducing moves with imperfect accuracy and Gravity or Gigantamax Orbeetle are banned\n|clearpoke\n|poke|p1|Torkoal, M|\n|poke|p1|Ninetales-Alola, M|\n|poke|p1|Slowking, F|\n|poke|p1|Pelipper, M|\n|poke|p1|Dragonite, M|\n|poke|p1|Ogerpon-Wellspring, F|\n|poke|p2|Oranguru, F|\n|poke|p2|Diancie|\n|poke|p2|Amoonguss, F|\n|poke|p2|Stakataka|\n|poke|p2|Ursaluna-Bloodmoon, M|\n|poke|p2|Urshifu-*, F|\n|teampreview\n|inactive|Battle timer is ON: inactive players will automatically lose when time's up. (requested by LightNovas)\n|inactive|im_eating_rn has 120 seconds left.\n|inactive|im_eating_rn has 90 seconds left.\n|inactive|im_eating_rn has 60 seconds left.\n|\n|t:|1697251595\n|start\n|switch|p1a: Wildcard|Dragonite, M|100\/100\n|switch|p1b: Nami|Ninetales-Alola, M|100\/100\n|switch|p2a: Oranguru|Oranguru, F|100\/100\n|switch|p2b: Ursaluna|Ursaluna-Bloodmoon, M|100\/100\n|-weather|Snow|[from] ability: Snow Warning|[of] p1b: Nami\n|turn|1\n|\n|t:|1697251609\n|move|p1b: Nami|Aurora Veil|p1b: Nami\n|-sidestart|p1: LightNovas|move: Aurora Veil\n|move|p1a: Wildcard|Blizzard|p2b: Ursaluna|[spread] p2a,p2b\n|-supereffective|p2b: Ursaluna\n|-damage|p2a: Oranguru|78\/100\n|-damage|p2b: Ursaluna|54\/100\n|move|p2b: Ursaluna|Hyper Voice|p1a: Wildcard|[spread] p1a,p1b\n|-damage|p1a: Wildcard|88\/100\n|-damage|p1b: Nami|68\/100\n|-enditem|p2b: Ursaluna|Throat Spray\n|-boost|p2b: Ursaluna|spa|1|[from] item: Throat Spray\n|-activate|p2a: Oranguru|ability: Symbiosis|Throat Spray|[of] p2b: Ursaluna\n|move|p2a: Oranguru|Trick Room|p2a: Oranguru\n|-fieldstart|move: Trick Room|[of] p2a: Oranguru\n|\n|-weather|Snow|[upkeep]\n|upkeep\n|turn|2\n|c|\u2606LightNovas|oh son of a bitch\n|\n|t:|1697251623\n|-terastallize|p2b: Ursaluna|Normal\n|move|p2b: Ursaluna|Hyper Voice|p1b: Nami|[spread] p1a,p1b\n|-damage|p1a: Wildcard|32\/100\n|-damage|p1b: Nami|0 fnt\n|faint|p1b: Nami\n|-enditem|p2b: Ursaluna|Throat Spray\n|-boost|p2b: Ursaluna|spa|1|[from] item: Throat Spray\n|move|p2a: Oranguru|Instruct|p2b: Ursaluna\n|-singleturn|p2b: Ursaluna|move: Instruct|[of] p2a: Oranguru\n|move|p2b: Ursaluna|Hyper Voice|p1a: Wildcard\n|-damage|p1a: Wildcard|0 fnt\n|faint|p1a: Wildcard\n|\n|-weather|Snow|[upkeep]\n|upkeep\n|c|\u2606LightNovas|its over bruh\n|c|\u2606im_eating_rn|yep\n|\n|t:|1697251632\n|switch|p1a: toliet bird|Pelipper, M|100\/100\n|switch|p1b: Sanji|Slowking, F|100\/100\n|-weather|RainDance|[from] ability: Drizzle|[of] p1a: toliet bird\n|turn|3\n|c|\u2606LightNovas|only one way outta this\n|inactive|im_eating_rn has 120 seconds left.\n|c|\u2606LightNovas|CHANNELING ALL MY LUCK\n|\n|t:|1697251665\n|move|p1b: Sanji|Protect|p1b: Sanji\n|-singleturn|p1b: Sanji|Protect\n|move|p1a: toliet bird|Protect|p1a: toliet bird\n|-singleturn|p1a: toliet bird|Protect\n|move|p2a: Oranguru|Ally Switch|p2a: Oranguru\n|swap|p2a: Oranguru|1|[from] move: Ally Switch\n|move|p2a: Ursaluna|Hyper Voice|p1b: Sanji|[spread] \n|-activate|p1a: toliet bird|move: Protect\n|-activate|p1b: Sanji|move: Protect\n|\n|-weather|RainDance|[upkeep]\n|upkeep\n|turn|4\n|c|\u2606LightNovas|AAAAAAAAAAAAAAAAAAAAAAAAAAAAAAAAAAAA\n|\n|t:|1697251678\n|move|p1b: Sanji|Protect||[still]\n|-fail|p1b: Sanji\n|move|p1a: toliet bird|Protect||[still]\n|-fail|p1a: toliet bird\n|move|p2a: Ursaluna|Hyper Voice|p1b: Sanji|[spread] p1a,p1b\n|-damage|p1a: toliet bird|1\/100\n|-damage|p1b: Sanji|40\/100\n|move|p2b: Oranguru|Instruct|p2a: Ursaluna\n|-singleturn|p2a: Ursaluna|move: Instruct|[of] p2b: Oranguru\n|move|p2a: Ursaluna|Hyper Voice|p1a: toliet bird|[spread] p1a,p1b\n|-damage|p1a: toliet bird|0 fnt\n|-damage|p1b: Sanji|0 fnt\n|faint|p1a: toliet bird\n|faint|p1b: Sanji\n|\n|-weather|RainDance|[upkeep]\n|upkeep\n|c|\u2606im_eating_rn|lol\n|c|\u2606im_eating_rn|thought for sure sloking would be slower than me\n|inactive|LightNovas has 120 seconds left.\n|\n|t:|1697251726\n|switch|p1b: Cinna|Ogerpon-Wellspring, F|100\/100\n|switch|p1a: Fast|Torkoal, M|100\/100\n|-weather|SunnyDay|[from] ability: Drought|[of] p1a: Fast\n|turn|5\n|c|\u2606LightNovas|im FREE\n|c|\u2606LightNovas|free from this hell\n|c|\u2606LightNovas|finally\n|inactive|im_eating_rn has 120 seconds left.\n|\n|t:|1697251785\n|switch|p2b: Diancie|Diancie|100\/100\n|move|p1a: Fast|Protect|p1a: Fast\n|-singleturn|p1a: Fast|Protect\n|move|p1b: Cinna|Spiky Shield|p1b: Cinna\n|-singleturn|p1b: Cinna|move: Protect\n|move|p2a: Ursaluna|Hyper Voice|p1b: Cinna|[spread] \n|-activate|p1a: Fast|move: Protect\n|-activate|p1b: Cinna|move: Protect\n|\n|-weather|SunnyDay|[upkeep]\n|-fieldend|move: Trick Room\n|upkeep\n|turn|6\n|\n|t:|1697251805\n|move|p1b: Cinna|Spiky Shield|p1b: Cinna\n|-singleturn|p1b: Cinna|move: Protect\n|move|p2a: Ursaluna|Vacuum Wave|p1a: Fast\n|-damage|p1a: Fast|75\/100\n|move|p1a: Fast|Lava Plume|p2a: Ursaluna|[spread] p2a,p2b\n|-activate|p1b: Cinna|move: Protect\n|-resisted|p2b: Diancie\n|-damage|p2a: Ursaluna|27\/100\n|-damage|p2b: Diancie|91\/100\n|-status|p2b: Diancie|brn\n|move|p2b: Diancie|Trick Room|p2b: Diancie\n|-fieldstart|move: Trick Room|[of] p2b: Diancie\n|\n|-weather|SunnyDay|[upkeep]\n|-damage|p2b: Diancie|84\/100 brn|[from] brn\n|upkeep\n|turn|7\n|c|\u2606LightNovas|oh god dammit\n|inactive|im_eating_rn has 120 seconds left.\n|c|\u2606im_eating_rn|no eruption?\n|c|\u2606LightNovas|nah i didnt make this team- its for a tourney and im just practicing it\n|\n|t:|1697251834\n|-terastallize|p1a: Fast|Fire\n|move|p1b: Cinna|Spiky Shield||[still]\n|-fail|p1b: Cinna\n|move|p1a: Fast|Lava Plume|p2b: Diancie|[spread] p1b,p2a,p2b\n|-resisted|p2b: Diancie\n|-damage|p1b: Cinna|78\/100\n|-damage|p2a: Ursaluna|0 fnt\n|-damage|p2b: Diancie|72\/100 brn\n|-status|p1b: Cinna|brn\n|faint|p2a: Ursaluna\n|move|p2b: Diancie|Diamond Storm|p1b: Cinna|[spread] p1a,p1b\n|-supereffective|p1a: Fast\n|-damage|p1a: Fast|66\/100\n|-damage|p1b: Cinna|69\/100 brn\n|\n|-weather|SunnyDay|[upkeep]\n|-damage|p2b: Diancie|65\/100 brn|[from] brn\n|-damage|p1b: Cinna|63\/100 brn|[from] brn\n|upkeep\n|inactive|im_eating_rn has 120 seconds left.\n|c|\u2606LightNovas|NAOOOOO\n|c|\u2606LightNovas|I GOT BURNNED\n|c|\u2606LightNovas|agony\n|\n|t:|1697251857\n|switch|p2a: Stakataka|Stakataka|100\/100\n|turn|8\n|inactive|im_eating_rn has 120 seconds left.\n|\n|t:|1697251872\n|switch|p2b: Oranguru|Oranguru, F|78\/100\n|move|p2a: Stakataka|Gyro Ball|p1a: Fast\n|-resisted|p1a: Fast\n|-damage|p1a: Fast|56\/100\n|-damage|p2a: Stakataka|91\/100|[from] item: Life Orb\n|move|p1a: Fast|Lava Plume|p2a: Stakataka|[spread] p1b,p2a,p2b\n|-damage|p1b: Cinna|41\/100 brn\n|-damage|p2a: Stakataka|53\/100\n|-damage|p2b: Oranguru|46\/100\n|-status|p2a: Stakataka|brn\n|move|p1b: Cinna|Stomping Tantrum|p2a: Stakataka\n|-supereffective|p2a: Stakataka\n|-damage|p2a: Stakataka|0 fnt\n|faint|p2a: Stakataka\n|\n|-weather|SunnyDay|[upkeep]\n|-damage|p1b: Cinna|35\/100 brn|[from] brn\n|-sideend|p1: LightNovas|move: Aurora Veil\n|upkeep\n|inactive|im_eating_rn has 120 seconds left.\n|c|\u2606LightNovas|oh my god that still murderd\n|c|\u2606LightNovas|murdered*\n|\n|t:|1697251889\n|switch|p2a: Diancie|Diancie|65\/100 brn\n|turn|9\n|\n|t:|1697251894\n|move|p1b: Cinna|Spiky Shield|p1b: Cinna\n|-singleturn|p1b: Cinna|move: Protect\n|move|p1a: Fast|Lava Plume|p2b: Oranguru|[spread] p2a,p2b\n|-activate|p1b: Cinna|move: Protect\n|-resisted|p2a: Diancie\n|-damage|p2a: Diancie|52\/100 brn\n|-damage|p2b: Oranguru|16\/100\n|move|p2a: Diancie|Diamond Storm|p1b: Cinna|[spread] p1a\n|-activate|p1b: Cinna|move: Protect\n|-supereffective|p1a: Fast\n|-damage|p1a: Fast|41\/100\n|move|p2b: Oranguru|Instruct|p2a: Diancie\n|-singleturn|p2a: Diancie|move: Instruct|[of] p2b: Oranguru\n|move|p2a: Diancie|Diamond Storm|p1a: Fast|[spread] p1a\n|-activate|p1b: Cinna|move: Protect\n|-supereffective|p1a: Fast\n|-damage|p1a: Fast|26\/100\n|\n|-weather|none\n|-damage|p2a: Diancie|46\/100 brn|[from] brn\n|-damage|p1b: Cinna|29\/100 brn|[from] brn\n|upkeep\n|turn|10\n|inactive|im_eating_rn has 120 seconds left.\n|\n|t:|1697251925\n|move|p1a: Fast|Lava Plume|p2b: Oranguru|[spread] p1b,p2a,p2b\n|-resisted|p2a: Diancie\n|-damage|p1b: Cinna|5\/100 brn\n|-damage|p2a: Diancie|36\/100 brn\n|-damage|p2b: Oranguru|0 fnt\n|faint|p2b: Oranguru\n|move|p2a: Diancie|Diamond Storm|p1a: Fast|[spread] p1a,p1b\n|-supereffective|p1a: Fast\n|-damage|p1a: Fast|11\/100\n|-damage|p1b: Cinna|0 fnt\n|-boost|p2a: Diancie|def|2\n|faint|p1b: Cinna\n|\n|-damage|p2a: Diancie|30\/100 brn|[from] brn\n|-fieldend|move: Trick Room\n|upkeep\n|inactive|im_eating_rn has 120 seconds left.\n|c|\u2606im_eating_rn|bulky ass torkoal\n|\n|t:|1697251937\n|switch|p2b: Urshifu|Urshifu-Rapid-Strike, F|100\/100\n|turn|11\n|inactive|LightNovas has 120 seconds left.\n|c|\u2606LightNovas|gg\n|\n|t:|1697251971\n|move|p2b: Urshifu|Close Combat|p1a: Fast\n|-damage|p1a: Fast|0 fnt\n|-unboost|p2b: Urshifu|def|1\n|-unboost|p2b: Urshifu|spd|1\n|faint|p1a: Fast\n|\n|win|im_eating_rn\n|raw|LightNovas's rating: 1100 &rarr; <strong>1093<\/strong><br \/>(-7 for losing)\n|raw|im_eating_rn's rating: 1403 &rarr; <strong>1409<\/strong><br \/>(+6 for winning)\n","uploadtime":1697251616,"views":3,"p1id":"lightnovas","p2id":"imeatingrn","formatid":"gen9nationaldexdoubles","rating":1093,"private":0,"password":""}