{"id":"gen9nationaldexdoubles-1997917099","p1":"Somberiety","p2":"Arthur3a","format":"[Gen 9] National Dex Doubles","log":"|j|\u2606Somberiety\n|j|\u2606Arthur3a\n|t:|1700867202\n|gametype|doubles\n|player|p1|Somberiety|170|1092\n|player|p2|Arthur3a|candice|1043\n|teamsize|p1|6\n|teamsize|p2|6\n|gen|9\n|tier|[Gen 9] National Dex Doubles\n|rated|\n|rule|HP Percentage Mod: HP is shown in percentages\n|rule|Endless Battle Clause: Forcing endless battles is banned\n|rule|OHKO Clause: OHKO moves are banned\n|rule|Evasion Moves Clause: Evasion moves are banned\n|rule|Evasion Abilities Clause: Evasion abilities are banned\n|rule|Species Clause: Limit one of each Pok\u00e9mon\n|rule|Gravity Sleep Clause: The combination of sleep-inducing moves with imperfect accuracy and Gravity or Gigantamax Orbeetle are banned\n|clearpoke\n|poke|p1|Arctozolt|\n|poke|p1|Abomasnow, F|\n|poke|p1|Sableye, F|\n|poke|p1|Aggron, F|\n|poke|p1|Deoxys-Defense|\n|poke|p1|Sinistcha-Masterpiece|\n|poke|p2|Oricorio-Pom-Pom, M|\n|poke|p2|Volcarona, F|\n|poke|p2|Lilligant, F|\n|poke|p2|Masquerain, M|\n|poke|p2|Ribombee, F|\n|poke|p2|Chi-Yu|\n|teampreview\n|inactive|Battle timer is ON: inactive players will automatically lose when time's up. (requested by Arthur3a)\n|\n|t:|1700867213\n|start\n|switch|p1a: Somber!|Arctozolt, shiny|100\/100\n|switch|p1b: Hissss|Abomasnow, F, shiny|100\/100\n|switch|p2a: Masquerain|Masquerain, M|100\/100\n|switch|p2b: Chi-Yu|Chi-Yu|100\/100\n|-ability|p2b: Chi-Yu|Beads of Ruin\n|-ability|p2a: Masquerain|Intimidate|boost\n|-unboost|p1a: Somber!|atk|1\n|-unboost|p1b: Hissss|atk|1\n|-weather|Snow|[from] ability: Snow Warning|[of] p1b: Hissss\n|turn|1\n|\n|t:|1700867236\n|-terastallize|p1a: Somber!|Electric\n|move|p1a: Somber!|Bolt Beak|p2b: Chi-Yu\n|-damage|p2b: Chi-Yu|0 fnt\n|faint|p2b: Chi-Yu\n|move|p2a: Masquerain|Sticky Web|p1b: Hissss\n|-sidestart|p1: Somberiety|move: Sticky Web\n|move|p1b: Hissss|Blizzard|p2a: Masquerain\n|-supereffective|p2a: Masquerain\n|-enditem|p2a: Masquerain|Focus Sash\n|-damage|p2a: Masquerain|1\/100\n|\n|-weather|Snow|[upkeep]\n|upkeep\n|\n|t:|1700867258\n|switch|p2b: Lilligant|Lilligant, F|100\/100\n|turn|2\n|\n|t:|1700867272\n|move|p1a: Somber!|Icicle Crash|p2b: Lilligant\n|-supereffective|p2b: Lilligant\n|-damage|p2b: Lilligant|19\/100\n|move|p2b: Lilligant|Giga Drain|p1a: Somber!\n|-damage|p1a: Somber!|31\/100\n|-heal|p2b: Lilligant|59\/100|[from] drain|[of] p1a: Somber!\n|-damage|p2b: Lilligant|49\/100|[from] item: Life Orb\n|move|p2a: Masquerain|Bug Buzz|p1b: Hissss\n|-supereffective|p1b: Hissss\n|-damage|p1b: Hissss|26\/100\n|move|p1b: Hissss|Blizzard|p2a: Masquerain|[spread] p2a,p2b\n|-supereffective|p2a: Masquerain\n|-supereffective|p2b: Lilligant\n|-damage|p2a: Masquerain|0 fnt\n|-damage|p2b: Lilligant|0 fnt\n|faint|p2a: Masquerain\n|faint|p2b: Lilligant\n|\n|-weather|Snow|[upkeep]\n|-heal|p1a: Somber!|38\/100|[from] item: Leftovers\n|upkeep\n|c|\u2606Somberiety|I like your team!\n|\n|t:|1700867287\n|switch|p2b: Ribombee|Ribombee, F|100\/100\n|switch|p2a: Oricorio|Oricorio-Pom-Pom, M|100\/100\n|turn|3\n|\n|t:|1700867304\n|move|p1a: Somber!|Bolt Beak|p2b: Ribombee\n|-enditem|p2b: Ribombee|Focus Sash\n|-damage|p2b: Ribombee|1\/100\n|move|p2b: Ribombee|Quiver Dance|p2b: Ribombee\n|-boost|p2b: Ribombee|spa|1\n|-boost|p2b: Ribombee|spd|1\n|-boost|p2b: Ribombee|spe|1\n|-activate|p2a: Oricorio|ability: Dancer\n|move|p2a: Oricorio|Quiver Dance|p2a: Oricorio|[from]ability: Dancer\n|-boost|p2a: Oricorio|spa|1\n|-boost|p2a: Oricorio|spd|1\n|-boost|p2a: Oricorio|spe|1\n|move|p2a: Oricorio|Quiver Dance|p2a: Oricorio\n|-boost|p2a: Oricorio|spa|1\n|-boost|p2a: Oricorio|spd|1\n|-boost|p2a: Oricorio|spe|1\n|move|p1b: Hissss|Blizzard|p2a: Oricorio|[spread] p2a,p2b\n|-supereffective|p2a: Oricorio\n|-damage|p2a: Oricorio|47\/100\n|-damage|p2b: Ribombee|0 fnt\n|faint|p2b: Ribombee\n|\n|-weather|Snow|[upkeep]\n|-heal|p1a: Somber!|44\/100|[from] item: Leftovers\n|upkeep\n|\n|t:|1700867313\n|switch|p2b: Volcarona|Volcarona, F|100\/100\n|turn|4\n|\n|t:|1700867330\n|move|p2a: Oricorio|Revelation Dance|p1a: Somber!\n|-resisted|p1a: Somber!\n|-damage|p1a: Somber!|0 fnt\n|faint|p1a: Somber!\n|move|p2b: Volcarona|Fiery Dance|p1b: Hissss\n|-supereffective|p1b: Hissss\n|-damage|p1b: Hissss|0 fnt\n|-boost|p2b: Volcarona|spa|1\n|faint|p1b: Hissss\n|-activate|p2a: Oricorio|ability: Dancer\n|move|p2a: Oricorio|Fiery Dance|p1: Somber!|[from]ability: Dancer|[notarget]\n|-fail|p2a: Oricorio\n|\n|-weather|Snow|[upkeep]\n|upkeep\n|\n|t:|1700867350\n|switch|p1a: Train horn|Aggron, F|100\/100\n|switch|p1b: Gloop|Sinistcha-Masterpiece|100\/100\n|-activate|p1b: Gloop|move: Sticky Web\n|-unboost|p1b: Gloop|spe|1\n|-activate|p1a: Train horn|move: Sticky Web\n|-unboost|p1a: Train horn|spe|1\n|turn|5\n|c|\u2606Arthur3a|Ty\n|\n|t:|1700867379\n|detailschange|p1a: Train horn|Aggron-Mega, F\n|-mega|p1a: Train horn|Aggron|Aggronite\n|-terastallize|p2a: Oricorio|Electric\n|move|p2a: Oricorio|Revelation Dance|p1a: Train horn\n|-damage|p1a: Train horn|0 fnt\n|faint|p1a: Train horn\n|move|p2b: Volcarona|Fiery Dance|p1b: Gloop\n|-supereffective|p1b: Gloop\n|-damage|p1b: Gloop|0 fnt\n|-boost|p2b: Volcarona|spa|1\n|faint|p1b: Gloop\n|-activate|p2a: Oricorio|ability: Dancer\n|move|p2a: Oricorio|Fiery Dance|p1: Train horn|[from]ability: Dancer|[notarget]\n|-fail|p2a: Oricorio\n|\n|-weather|none\n|upkeep\n|inactive|Somberiety has 120 seconds left.\n|\n|t:|1700867398\n|switch|p1b: Keke|Sableye, F, shiny|100\/100\n|switch|p1a: Gunk|Deoxys-Defense, shiny|100\/100\n|-ability|p1a: Gunk|Pressure\n|-activate|p1b: Keke|move: Sticky Web\n|-unboost|p1b: Keke|spe|1\n|turn|6\n|\n|t:|1700867416\n|move|p1b: Keke|Light Screen|p1b: Keke\n|-sidestart|p1: Somberiety|move: Light Screen\n|move|p2a: Oricorio|Revelation Dance|p1b: Keke\n|-damage|p1b: Keke|17\/100\n|move|p2b: Volcarona|Fiery Dance|p1a: Gunk\n|-damage|p1a: Gunk|52\/100\n|-activate|p2a: Oricorio|ability: Dancer\n|move|p2a: Oricorio|Fiery Dance|p1a: Gunk|[from]ability: Dancer\n|-damage|p1a: Gunk|24\/100\n|move|p1a: Gunk|Knock Off|p2a: Oricorio\n|-damage|p2a: Oricorio|18\/100\n|-enditem|p2a: Oricorio|Focus Sash|[from] move: Knock Off|[of] p1a: Gunk\n|\n|upkeep\n|turn|7\n|c|\u2606Somberiety|I\u2019m fearful\n|inactive|Somberiety has 120 seconds left.\n|\n|t:|1700867461\n|move|p1b: Keke|Encore|p2b: Volcarona\n|-start|p2b: Volcarona|Encore\n|move|p2a: Oricorio|Revelation Dance|p1b: Keke\n|-damage|p1b: Keke|0 fnt\n|faint|p1b: Keke\n|move|p2b: Volcarona|Fiery Dance|p1a: Gunk\n|-damage|p1a: Gunk|0 fnt\n|-boost|p2b: Volcarona|spa|1\n|faint|p1a: Gunk\n|-activate|p2a: Oricorio|ability: Dancer\n|move|p2a: Oricorio|Fiery Dance|p1: Gunk|[from]ability: Dancer|[notarget]\n|-fail|p2a: Oricorio\n|\n|win|Arthur3a\n|raw|Somberiety's rating: 1092 &rarr; <strong>1065<\/strong><br \/>(-27 for losing)\n|raw|Arthur3a's rating: 1043 &rarr; <strong>1081<\/strong><br \/>(+38 for winning)\n|c|\u2606Arthur3a|Gg\n|c|\u2606Somberiety|Gg!\n","uploadtime":1700867482,"views":0,"p1id":"somberiety","p2id":"arthur3a","formatid":"gen9nationaldexdoubles","rating":1065,"private":0,"password":""}