{"id":"gen9nationaldexdoubles-1989431335","p1":"Samotheus","p2":"pbone__17","format":"[Gen 9] National Dex Doubles","log":"|j|\u2606Samotheus\n|j|\u2606pbone__17\n|t:|1699849479\n|gametype|doubles\n|player|p1|Samotheus|aromalady|\n|player|p2|pbone__17|blaine|\n|teamsize|p1|6\n|teamsize|p2|6\n|gen|9\n|tier|[Gen 9] National Dex Doubles\n|rule|HP Percentage Mod: HP is shown in percentages\n|rule|Endless Battle Clause: Forcing endless battles is banned\n|rule|OHKO Clause: OHKO moves are banned\n|rule|Evasion Moves Clause: Evasion moves are banned\n|rule|Evasion Abilities Clause: Evasion abilities are banned\n|rule|Species Clause: Limit one of each Pok\u00e9mon\n|rule|Gravity Sleep Clause: The combination of sleep-inducing moves with imperfect accuracy and Gravity or Gigantamax Orbeetle are banned\n|clearpoke\n|poke|p1|Salazzle, F|\n|poke|p1|Toxapex, M|\n|poke|p1|Gastrodon, F|\n|poke|p1|Staraptor, M|\n|poke|p1|Muk-Alola, M|\n|poke|p1|Raichu, F|\n|poke|p2|Flamigo, M|\n|poke|p2|Kommo-o, F|\n|poke|p2|Clefairy, M|\n|poke|p2|Falinks|\n|poke|p2|Hatterene, F|\n|poke|p2|Fezandipiti, M|\n|teampreview\n|c|\u2606Samotheus|you already know i cooked\n|\n|t:|1699849531\n|start\n|switch|p1a: Muk|Muk-Alola, M|100\/100\n|switch|p1b: Staraptor|Staraptor, M|100\/100\n|switch|p2a: Fezandipiti|Fezandipiti, M|100\/100\n|switch|p2b: Falinks|Falinks|100\/100\n|-ability|p1b: Staraptor|Intimidate|boost\n|-unboost|p2a: Fezandipiti|atk|1\n|-unboost|p2b: Falinks|atk|1\n|-ability|p2b: Falinks|Defiant|boost\n|-boost|p2b: Falinks|atk|2\n|turn|1\n|\n|t:|1699849572\n|-terastallize|p2b: Falinks|Steel\n|move|p1b: Staraptor|Brave Bird|p2b: Falinks\n|-resisted|p2b: Falinks\n|-damage|p2b: Falinks|61\/100\n|-damage|p1b: Staraptor|89\/100|[from] Recoil\n|move|p2b: Falinks|No Retreat|p2b: Falinks\n|-boost|p2b: Falinks|atk|1\n|-boost|p2b: Falinks|def|1\n|-boost|p2b: Falinks|spa|1\n|-boost|p2b: Falinks|spd|1\n|-boost|p2b: Falinks|spe|1\n|-start|p2b: Falinks|move: No Retreat\n|move|p2a: Fezandipiti|Dazzling Gleam|p1a: Muk|[spread] p1a,p1b\n|-damage|p1a: Muk|91\/100\n|-damage|p1b: Staraptor|60\/100\n|move|p1a: Muk|Poison Jab|p2b: Falinks\n|-immune|p2b: Falinks\n|\n|upkeep\n|turn|2\n|\n|t:|1699849588\n|move|p2b: Falinks|Rock Slide|p1b: Staraptor|[spread] p1a,p1b\n|-supereffective|p1b: Staraptor\n|-damage|p1a: Muk|56\/100\n|-damage|p1b: Staraptor|0 fnt\n|faint|p1b: Staraptor\n|move|p2a: Fezandipiti|Dazzling Gleam|p1a: Muk\n|-damage|p1a: Muk|44\/100\n|cant|p1a: Muk|flinch\n|\n|upkeep\n|\n|t:|1699849600\n|switch|p1b: Raichu|Raichu, F|100\/100\n|turn|3\n|\n|t:|1699849612\n|move|p1b: Raichu|Fake Out|p2b: Falinks\n|-resisted|p2b: Falinks\n|-damage|p2b: Falinks|58\/100\n|cant|p2b: Falinks|flinch\n|move|p2a: Fezandipiti|Dazzling Gleam|p1a: Muk|[spread] p1a,p1b\n|-damage|p1a: Muk|34\/100\n|-damage|p1b: Raichu|73\/100\n|move|p1a: Muk|Knock Off|p2b: Falinks\n|-damage|p2b: Falinks|20\/100\n|-enditem|p2b: Falinks|Lum Berry|[from] move: Knock Off|[of] p1a: Muk\n|\n|upkeep\n|turn|4\n|\n|t:|1699849651\n|move|p2b: Falinks|Rock Slide|p1a: Muk|[spread] p1a,p1b\n|-damage|p1a: Muk|0 fnt\n|-damage|p1b: Raichu|0 fnt\n|faint|p1a: Muk\n|faint|p1b: Raichu\n|move|p2a: Fezandipiti|Dazzling Gleam|p1: Muk|[notarget]\n|-fail|p2a: Fezandipiti\n|\n|upkeep\n|\n|t:|1699849658\n|switch|p1b: Gastrodon|Gastrodon, F|100\/100\n|switch|p1a: Toxapex|Toxapex, M|100\/100\n|turn|5\n|\n|t:|1699849668\n|switch|p2a: Flamigo|Flamigo, M|100\/100\n|-copyboost|p2a: Flamigo|p2b: Falinks|[from] ability: Costar\n|move|p2b: Falinks|Rock Slide|p1a: Toxapex|[spread] p1a,p1b\n|-resisted|p1b: Gastrodon\n|-damage|p1a: Toxapex|74\/100\n|-damage|p1b: Gastrodon|82\/100\n|move|p1b: Gastrodon|Surf|p2a: Flamigo|[spread] p1a,p2a,p2b\n|-resisted|p1a: Toxapex\n|-damage|p1a: Toxapex|62\/100\n|-damage|p2a: Flamigo|66\/100\n|-damage|p2b: Falinks|0 fnt\n|faint|p2b: Falinks\n|move|p1a: Toxapex|Surf|p2a: Flamigo|[spread] p2a\n|-ability|p1b: Gastrodon|Storm Drain|boost\n|-boost|p1b: Gastrodon|spa|1\n|-damage|p2a: Flamigo|41\/100\n|\n|-heal|p1b: Gastrodon|88\/100|[from] item: Leftovers\n|-heal|p1a: Toxapex|68\/100|[from] item: Leftovers\n|upkeep\n|\n|t:|1699849685\n|switch|p2b: Hatterene|Hatterene, F|100\/100\n|turn|6\n|c|\u2606Samotheus|imagine taking more than 10 seconds to decide your move\n|c|\u2606Samotheus|couldnt be me\n|\n|t:|1699849737\n|move|p1a: Toxapex|Baneful Bunker|p1a: Toxapex\n|-singleturn|p1a: Toxapex|move: Protect\n|move|p2a: Flamigo|Close Combat|p1b: Gastrodon\n|-damage|p1b: Gastrodon|0 fnt\n|-unboost|p2a: Flamigo|def|1\n|-unboost|p2a: Flamigo|spd|1\n|faint|p1b: Gastrodon\n|-damage|p2a: Flamigo|31\/100|[from] item: Life Orb\n|move|p2b: Hatterene|Calm Mind|p2b: Hatterene\n|-boost|p2b: Hatterene|spa|1\n|-boost|p2b: Hatterene|spd|1\n|\n|-heal|p1a: Toxapex|74\/100|[from] item: Leftovers\n|upkeep\n|\n|t:|1699849747\n|switch|p1b: Salazzle|Salazzle, F|100\/100\n|turn|7\n|\n|t:|1699849772\n|move|p2a: Flamigo|Close Combat|p1b: Salazzle\n|-resisted|p1b: Salazzle\n|-damage|p1b: Salazzle|0 fnt\n|-unboost|p2a: Flamigo|def|1\n|-unboost|p2a: Flamigo|spd|1\n|faint|p1b: Salazzle\n|-damage|p2a: Flamigo|21\/100|[from] item: Life Orb\n|move|p1a: Toxapex|Venoshock|p2b: Hatterene\n|-supereffective|p2b: Hatterene\n|-damage|p2b: Hatterene|70\/100\n|move|p2b: Hatterene|Stored Power|p1a: Toxapex\n|-supereffective|p1a: Toxapex\n|-damage|p1a: Toxapex|0 fnt\n|faint|p1a: Toxapex\n|-damage|p2b: Hatterene|61\/100|[from] item: Life Orb\n|\n|win|pbone__17\n|l|\u2606Samotheus\n","uploadtime":1699849792,"views":12,"p1id":"samotheus","p2id":"pbone17","formatid":"gen9nationaldexdoubles","rating":0,"private":0,"password":""}