{"id":"gen9nationaldexdoubles-1991043567","p1":"TrunkoTron69","p2":"Yakogoro","format":"[Gen 9] National Dex Doubles","log":"|j|\u2606TrunkoTron69\n|j|\u203dYakogoro\n|t:|1700033496\n|gametype|doubles\n|player|p1|TrunkoTron69|2|1100\n|player|p2|Yakogoro|workerice|1040\n|teamsize|p1|6\n|teamsize|p2|6\n|gen|9\n|tier|[Gen 9] National Dex Doubles\n|rated|\n|rule|HP Percentage Mod: HP is shown in percentages\n|rule|Endless Battle Clause: Forcing endless battles is banned\n|rule|OHKO Clause: OHKO moves are banned\n|rule|Evasion Moves Clause: Evasion moves are banned\n|rule|Evasion Abilities Clause: Evasion abilities are banned\n|rule|Species Clause: Limit one of each Pok\u00e9mon\n|rule|Gravity Sleep Clause: The combination of sleep-inducing moves with imperfect accuracy and Gravity or Gigantamax Orbeetle are banned\n|clearpoke\n|poke|p1|Gliscor, M|\n|poke|p1|Talonflame, M|\n|poke|p1|Sinistcha-Masterpiece|\n|poke|p1|Cresselia, F|\n|poke|p1|Weavile, F|\n|poke|p1|Regidrago|\n|poke|p2|Okidogi, M|\n|poke|p2|Armarouge, F|\n|poke|p2|Ogerpon-Wellspring, F|\n|poke|p2|Indeedee-F, F|\n|poke|p2|Tornadus, M|\n|poke|p2|Urshifu-*, M|\n|teampreview\n|inactive|Battle timer is ON: inactive players will automatically lose when time's up. (requested by Yakogoro)\n|\n|t:|1700033517\n|start\n|switch|p1a: Regidrago|Regidrago|100\/100\n|switch|p1b: Gliscor|Gliscor, M|100\/100\n|switch|p2a: Armarouge|Armarouge, F, shiny|100\/100\n|switch|p2b: Urshifu|Urshifu-Rapid-Strike, M|100\/100\n|turn|1\n|\n|t:|1700033524\n|move|p2a: Armarouge|Endure|p2a: Armarouge\n|-singleturn|p2a: Armarouge|move: Endure\n|move|p2b: Urshifu|Surging Strikes|p2a: Armarouge\n|-supereffective|p2a: Armarouge\n|-crit|p2a: Armarouge\n|-damage|p2a: Armarouge|50\/100\n|-ability|p2a: Armarouge|Weak Armor|boost\n|-unboost|p2a: Armarouge|def|1\n|-boost|p2a: Armarouge|spe|2\n|-enditem|p2a: Armarouge|Weakness Policy\n|-boost|p2a: Armarouge|atk|2|[from] item: Weakness Policy\n|-boost|p2a: Armarouge|spa|2|[from] item: Weakness Policy\n|-supereffective|p2a: Armarouge\n|-crit|p2a: Armarouge\n|-activate|p2a: Armarouge|move: Endure\n|-damage|p2a: Armarouge|1\/100\n|-ability|p2a: Armarouge|Weak Armor|boost\n|-unboost|p2a: Armarouge|def|1\n|-boost|p2a: Armarouge|spe|2\n|-supereffective|p2a: Armarouge\n|-crit|p2a: Armarouge\n|-activate|p2a: Armarouge|move: Endure\n|-damage|p2a: Armarouge|1\/100\n|-ability|p2a: Armarouge|Weak Armor|boost\n|-unboost|p2a: Armarouge|def|1\n|-boost|p2a: Armarouge|spe|2\n|-hitcount|p2a: Armarouge|3\n|move|p1b: Gliscor|Swords Dance|p1b: Gliscor\n|-boost|p1b: Gliscor|atk|2\n|move|p1a: Regidrago|Dragon Energy|p2a: Armarouge|[spread] p2a,p2b\n|-activate|p2a: Armarouge|move: Endure\n|-damage|p2a: Armarouge|1\/100\n|-damage|p2b: Urshifu|16\/100\n|\n|-status|p1b: Gliscor|tox|[from] item: Toxic Orb\n|upkeep\n|turn|2\n|c|\u2606TrunkoTron69|Nice gimmick !!\n|inactive|TrunkoTron69 has 120 seconds left.\n|inactive|Yakogoro has 120 seconds left.\n|j| wkx6v587\n|inactive|TrunkoTron69 has 90 seconds left.\n|\n|t:|1700033589\n|switch|p2b: Indeedee|Indeedee-F, F|100\/100\n|-fieldstart|move: Psychic Terrain|[from] ability: Psychic Surge|[of] p2b: Indeedee\n|move|p1a: Regidrago|Protect|p1a: Regidrago\n|-singleturn|p1a: Regidrago|Protect\n|move|p2a: Armarouge|Heat Wave|p1b: Gliscor|[spread] p1b\n|-activate|p1a: Regidrago|move: Protect\n|-damage|p1b: Gliscor|0 fnt\n|faint|p1b: Gliscor\n|\n|upkeep\n|\n|t:|1700033600\n|switch|p1b: Weavile|Weavile, F|100\/100\n|-ability|p1b: Weavile|Pressure\n|turn|3\n|\n|t:|1700033612\n|move|p2b: Indeedee|Follow Me|p2b: Indeedee\n|-singleturn|p2b: Indeedee|move: Follow Me\n|move|p1b: Weavile|Ice Shard|p2b: Indeedee\n|-activate|p2b: Indeedee|move: Psychic Terrain\n|move|p2a: Armarouge|Heat Wave|p1a: Regidrago|[spread] p1a,p1b\n|-resisted|p1a: Regidrago\n|-crit|p1a: Regidrago\n|-supereffective|p1b: Weavile\n|-damage|p1a: Regidrago|41\/100\n|-damage|p1b: Weavile|0 fnt\n|faint|p1b: Weavile\n|move|p1a: Regidrago|Dragon Energy|p2b: Indeedee|[spread] p2a,p2b\n|-damage|p2a: Armarouge|0 fnt\n|-damage|p2b: Indeedee|78\/100\n|faint|p2a: Armarouge\n|\n|upkeep\n|inactive|TrunkoTron69 has 120 seconds left.\n|\n|t:|1700033625\n|switch|p1b: Sinistcha|Sinistcha-Masterpiece|100\/100\n|switch|p2a: Urshifu|Urshifu-Rapid-Strike, M|16\/100\n|-heal|p1a: Regidrago|66\/100|[from] ability: Hospitality|[of] p1b: Sinistcha\n|turn|4\n|l| wkx6v587\n|inactive|TrunkoTron69 has 120 seconds left.\n|\n|t:|1700033645\n|move|p1b: Sinistcha|Rage Powder|p1b: Sinistcha\n|-singleturn|p1b: Sinistcha|move: Rage Powder\n|move|p2a: Urshifu|Fling|p1b: Sinistcha\n|-supereffective|p1b: Sinistcha\n|-damage|p1b: Sinistcha|92\/100\n|-enditem|p2a: Urshifu|Choice Scarf|[from] move: Fling\n|move|p1a: Regidrago|Dragon Energy|p2a: Urshifu|[spread] p2a,p2b\n|-crit|p2b: Indeedee\n|-damage|p2a: Urshifu|0 fnt\n|-damage|p2b: Indeedee|25\/100\n|-enditem|p2b: Indeedee|Sitrus Berry|[eat]\n|-heal|p2b: Indeedee|50\/100|[from] item: Sitrus Berry\n|faint|p2a: Urshifu\n|move|p2b: Indeedee|Psybeam|p1b: Sinistcha\n|-damage|p1b: Sinistcha|61\/100\n|\n|-heal|p1b: Sinistcha|67\/100|[from] item: Leftovers\n|upkeep\n|\n|t:|1700033655\n|switch|p2a: Okidogi|Okidogi, M|100\/100\n|-enditem|p2a: Okidogi|Psychic Seed\n|-boost|p2a: Okidogi|spd|1|[from] item: Psychic Seed\n|turn|5\n|inactive|TrunkoTron69 has 120 seconds left.\n|\n|t:|1700033693\n|-terastallize|p2a: Okidogi|Dragon\n|move|p1a: Regidrago|Protect|p1a: Regidrago\n|-singleturn|p1a: Regidrago|Protect\n|move|p2a: Okidogi|Bulk Up|p2a: Okidogi\n|-boost|p2a: Okidogi|atk|1\n|-boost|p2a: Okidogi|def|1\n|move|p1b: Sinistcha|Life Dew|p1b: Sinistcha|[spread] p1a,p1b\n|-heal|p1a: Regidrago|91\/100\n|-heal|p1b: Sinistcha|92\/100\n|move|p2b: Indeedee|Psybeam|p1a: Regidrago\n|-activate|p1a: Regidrago|move: Protect\n|\n|-heal|p1b: Sinistcha|98\/100|[from] item: Leftovers\n|upkeep\n|turn|6\n|l|\u203dYakogoro\n|inactive|Yakogoro disconnected and has a minute to reconnect!\n|player|p2|\n|j|\u203dYakogoro\n|inactive|Yakogoro reconnected and has 110 seconds left.\n|player|p2|Yakogoro|workerice\n|n|\u203dYakogoro|yakogoro\n|\n|t:|1700033753\n|move|p1b: Sinistcha|Rage Powder|p1b: Sinistcha\n|-singleturn|p1b: Sinistcha|move: Rage Powder\n|move|p1a: Regidrago|Dragon Energy|p2a: Okidogi|[spread] p2a,p2b\n|-supereffective|p2a: Okidogi\n|-damage|p2a: Okidogi|37\/100\n|-damage|p2b: Indeedee|0 fnt\n|faint|p2b: Indeedee\n|move|p2a: Okidogi|Bulk Up|p2a: Okidogi\n|-boost|p2a: Okidogi|atk|1\n|-boost|p2a: Okidogi|def|1\n|\n|-heal|p1b: Sinistcha|100\/100|[from] item: Leftovers\n|-fieldend|move: Psychic Terrain\n|upkeep\n|\n|t:|1700033758\n|switch|p2b: Tornadus|Tornadus, M|100\/100\n|turn|7\n|\n|t:|1700033777\n|move|p1b: Sinistcha|Rage Powder|p1b: Sinistcha\n|-singleturn|p1b: Sinistcha|move: Rage Powder\n|move|p2b: Tornadus|Tailwind|p2b: Tornadus\n|-sidestart|p2: Yakogoro|move: Tailwind\n|move|p2a: Okidogi|Drain Punch|p1b: Sinistcha\n|-immune|p1b: Sinistcha\n|move|p1a: Regidrago|Dragon Energy|p2b: Tornadus|[spread] p2a,p2b\n|-supereffective|p2a: Okidogi\n|-damage|p2a: Okidogi|0 fnt\n|-damage|p2b: Tornadus|34\/100\n|faint|p2a: Okidogi\n|\n|upkeep\n|\n|t:|1700033780\n|switch|p2a: Ogerpon|Ogerpon-Wellspring, F|100\/100\n|turn|8\n|-message|Yakogoro forfeited.\n|\n|win|TrunkoTron69\n|raw|TrunkoTron69's rating: 1129 &rarr; <strong>1148<\/strong><br \/>(+19 for winning)\n|raw|Yakogoro's rating: 1040 &rarr; <strong>1028<\/strong><br \/>(-12 for losing)\n|l|\u203dYakogoro\n","uploadtime":1700033815,"views":7,"p1id":"trunkotron69","p2id":"yakogoro","formatid":"gen9nationaldexdoubles","rating":1028,"private":0,"password":""}