{"id":"gen9nationaldexdoubles-1947587968","p1":"EthanMenos10","p2":"Perc & sec","format":"[Gen 9] National Dex Doubles","log":"|j|\u2606EthanMenos10\n|j|\u2606Perc & sec\n|t:|1695175321\n|gametype|doubles\n|player|p1|EthanMenos10|cyclist-gen4|1179\n|player|p2|Perc & sec|266|1166\n|teamsize|p1|6\n|teamsize|p2|6\n|gen|9\n|tier|[Gen 9] National Dex Doubles\n|rated|\n|rule|HP Percentage Mod: HP is shown in percentages\n|rule|Endless Battle Clause: Forcing endless battles is banned\n|rule|OHKO Clause: OHKO moves are banned\n|rule|Evasion Moves Clause: Evasion moves are banned\n|rule|Evasion Abilities Clause: Evasion abilities are banned\n|rule|Species Clause: Limit one of each Pok\u00e9mon\n|rule|Gravity Sleep Clause: The combination of sleep-inducing moves with imperfect accuracy and Gravity or Gigantamax Orbeetle are banned\n|clearpoke\n|poke|p1|Eevee, F|\n|poke|p1|Ogerpon-Cornerstone, F|\n|poke|p1|Sinistcha|\n|poke|p1|Great Tusk|\n|poke|p1|Espeon, F|\n|poke|p1|Lopunny, F|\n|poke|p2|Landorus-Therian, M|\n|poke|p2|Tyranitar, F|\n|poke|p2|Heatran, M|\n|poke|p2|Conkeldurr, F|\n|poke|p2|Cresselia, F|\n|poke|p2|Thundurus, M|\n|teampreview\n|\n|t:|1695175345\n|start\n|switch|p1a: \"Don't lose hope \"|Lopunny, F, shiny|100\/100\n|switch|p1b: \" so get up \"|Great Tusk, shiny|100\/100\n|switch|p2a: Cresselia|Cresselia, F|100\/100\n|switch|p2b: Conkeldurr|Conkeldurr, F|100\/100\n|turn|1\n|\n|t:|1695175369\n|-end|p1b: \" so get up \"|Protosynthesis|[silent]\n|switch|p1b: \"its not over yet\"|Espeon, F, shiny|100\/100\n|switch|p2b: Landorus|Landorus-Therian, M|100\/100\n|-ability|p2b: Landorus|Intimidate|boost\n|-unboost|p1a: \"Don't lose hope \"|atk|1\n|-unboost|p1b: \"its not over yet\"|atk|1\n|detailschange|p1a: \"Don't lose hope \"|Lopunny-Mega, F, shiny\n|-mega|p1a: \"Don't lose hope \"|Lopunny|Lopunnite\n|move|p1a: \"Don't lose hope \"|Fake Out|p2a: Cresselia\n|-damage|p2a: Cresselia|89\/100\n|cant|p2a: Cresselia|flinch\n|\n|upkeep\n|turn|2\n|\n|t:|1695175401\n|move|p1a: \"Don't lose hope \"|U-turn|p2a: Cresselia\n|-supereffective|p2a: Cresselia\n|-damage|p2a: Cresselia|64\/100\n|\n|t:|1695175405\n|switch|p1a: \" so get up \"|Great Tusk, shiny|100\/100|[from] U-turn\n|move|p2b: Landorus|U-turn|p1b: \"its not over yet\"\n|-supereffective|p1b: \"its not over yet\"\n|-damage|p1b: \"its not over yet\"|0 fnt\n|faint|p1b: \"its not over yet\"\n|\n|t:|1695175417\n|switch|p2b: Conkeldurr|Conkeldurr, F|100\/100|[from] U-turn\n|move|p2a: Cresselia|Trick Room|p2a: Cresselia\n|-fieldstart|move: Trick Room|[of] p2a: Cresselia\n|\n|upkeep\n|\n|t:|1695175422\n|switch|p1b: \"Don't lose hope \"|Lopunny-Mega, F, shiny|100\/100\n|turn|3\n|\n|t:|1695175439\n|move|p1b: \"Don't lose hope \"|Fake Out|p2a: Cresselia\n|-damage|p2a: Cresselia|50\/100\n|move|p2b: Conkeldurr|Mach Punch|p1b: \"Don't lose hope \"\n|-supereffective|p1b: \"Don't lose hope \"\n|-damage|p1b: \"Don't lose hope \"|3\/100\n|-damage|p2b: Conkeldurr|91\/100|[from] item: Life Orb\n|cant|p2a: Cresselia|flinch\n|move|p1a: \" so get up \"|Stealth Rock|p2b: Conkeldurr\n|-sidestart|p2: Perc & sec|move: Stealth Rock\n|\n|upkeep\n|turn|4\n|\n|t:|1695175477\n|switch|p1b: \"be yourself \"|Sinistcha, shiny|100\/100\n|-terastallize|p1a: \" so get up \"|Steel\n|move|p2b: Conkeldurr|Ice Punch|p1a: \" so get up \"\n|-resisted|p1a: \" so get up \"\n|-damage|p1a: \" so get up \"|84\/100\n|-damage|p2b: Conkeldurr|81\/100|[from] item: Life Orb\n|move|p2a: Cresselia|Psyshock|p1b: \"be yourself \"\n|-damage|p1b: \"be yourself \"|76\/100\n|move|p1a: \" so get up \"|Ice Spinner|p2a: Cresselia\n|-damage|p2a: Cresselia|31\/100\n|\n|-heal|p1b: \"be yourself \"|82\/100|[from] item: Leftovers\n|upkeep\n|turn|5\n|\n|t:|1695175501\n|-end|p1a: \" so get up \"|Protosynthesis|[silent]\n|switch|p1a: \"Don't lose hope \"|Lopunny-Mega, F, shiny|3\/100\n|move|p2b: Conkeldurr|Hammer Arm|p1a: \"Don't lose hope \"\n|-supereffective|p1a: \"Don't lose hope \"\n|-damage|p1a: \"Don't lose hope \"|0 fnt\n|-unboost|p2b: Conkeldurr|spe|1\n|faint|p1a: \"Don't lose hope \"\n|-damage|p2b: Conkeldurr|71\/100|[from] item: Life Orb\n|move|p2a: Cresselia|Rest|p2a: Cresselia\n|-status|p2a: Cresselia|slp|[from] move: Rest\n|-heal|p2a: Cresselia|100\/100 slp|[silent]\n|move|p1b: \"be yourself \"|Shadow Ball|p2a: Cresselia\n|-supereffective|p2a: Cresselia\n|-damage|p2a: Cresselia|52\/100 slp\n|-unboost|p2a: Cresselia|spd|1\n|\n|-heal|p1b: \"be yourself \"|88\/100|[from] item: Leftovers\n|upkeep\n|\n|t:|1695175516\n|switch|p1a: \"AND GO BEYOND!\"|Eevee, F|100\/100\n|turn|6\n|\n|t:|1695175530\n|move|p1a: \"AND GO BEYOND!\"|Protect|p1a: \"AND GO BEYOND!\"\n|-singleturn|p1a: \"AND GO BEYOND!\"|Protect\n|move|p2b: Conkeldurr|Hammer Arm|p1a: \"AND GO BEYOND!\"\n|-activate|p1a: \"AND GO BEYOND!\"|move: Protect\n|cant|p2a: Cresselia|slp\n|move|p1b: \"be yourself \"|Matcha Gotcha|p2a: Cresselia|[spread] p2a,p2b\n|-damage|p2a: Cresselia|27\/100 slp\n|-heal|p1b: \"be yourself \"|100\/100|[from] drain|[of] p2a: Cresselia\n|-damage|p2b: Conkeldurr|39\/100\n|-status|p2b: Conkeldurr|brn\n|\n|-damage|p2b: Conkeldurr|32\/100 brn|[from] brn\n|-fieldend|move: Trick Room\n|upkeep\n|turn|7\n|\n|t:|1695175587\n|move|p1a: \"AND GO BEYOND!\"|Protect||[still]\n|-fail|p1a: \"AND GO BEYOND!\"\n|move|p2b: Conkeldurr|Mach Punch|p1a: \"AND GO BEYOND!\"\n|-supereffective|p1a: \"AND GO BEYOND!\"\n|-damage|p1a: \"AND GO BEYOND!\"|30\/100\n|-damage|p2b: Conkeldurr|23\/100 brn|[from] item: Life Orb\n|move|p1b: \"be yourself \"|Shadow Ball|p2a: Cresselia\n|-supereffective|p2a: Cresselia\n|-damage|p2a: Cresselia|0 fnt\n|faint|p2a: Cresselia\n|\n|-damage|p2b: Conkeldurr|16\/100 brn|[from] brn\n|upkeep\n|\n|t:|1695175596\n|switch|p2a: Heatran|Heatran, M|100\/100\n|-damage|p2a: Heatran|88\/100|[from] Stealth Rock\n|turn|8\n|\n|t:|1695175614\n|move|p1b: \"be yourself \"|Matcha Gotcha|p2a: Heatran|[spread] p2a,p2b\n|-resisted|p2a: Heatran\n|-damage|p2a: Heatran|82\/100\n|-damage|p2b: Conkeldurr|0 fnt\n|faint|p2b: Conkeldurr\n|move|p2a: Heatran|Heat Wave|p1a: \"AND GO BEYOND!\"|[spread] p1a,p1b\n|-supereffective|p1b: \"be yourself \"\n|-damage|p1a: \"AND GO BEYOND!\"|0 fnt\n|-damage|p1b: \"be yourself \"|0 fnt\n|faint|p1a: \"AND GO BEYOND!\"\n|faint|p1b: \"be yourself \"\n|\n|upkeep\n|\n|t:|1695175624\n|switch|p1b: \"GIVE YOUR BEST\"|Ogerpon-Cornerstone, F|100\/100\n|switch|p1a: \" so get up \"|Great Tusk, shiny, tera:Steel|84\/100\n|switch|p2b: Thundurus|Thundurus, M|100\/100\n|-damage|p2b: Thundurus|76\/100|[from] Stealth Rock\n|turn|9\n|\n|t:|1695175640\n|move|p2b: Thundurus|Thunder Wave|p1b: \"GIVE YOUR BEST\"\n|-status|p1b: \"GIVE YOUR BEST\"|par\n|move|p1a: \" so get up \"|Ice Spinner|p2a: Heatran\n|-resisted|p2a: Heatran\n|-damage|p2a: Heatran|76\/100\n|cant|p1b: \"GIVE YOUR BEST\"|par\n|move|p2a: Heatran|Heat Wave|p1a: \" so get up \"|[spread] p1a,p1b\n|-supereffective|p1a: \" so get up \"\n|-damage|p1a: \" so get up \"|0 fnt\n|-damage|p1b: \"GIVE YOUR BEST\"|40\/100 par\n|faint|p1a: \" so get up \"\n|-end|p1a: \" so get up \"|Protosynthesis|[silent]\n|\n|-heal|p2b: Thundurus|82\/100|[from] item: Leftovers\n|upkeep\n|turn|10\n|\n|t:|1695175654\n|move|p2b: Thundurus|Defog|p1b: \"GIVE YOUR BEST\"\n|-unboost|p1b: \"GIVE YOUR BEST\"|evasion|1\n|-sideend|p2: Perc & sec|Stealth Rock|[from] move: Defog|[of] p2b: Thundurus\n|move|p1b: \"GIVE YOUR BEST\"|Ivy Cudgel|p2b: Thundurus\n|-supereffective|p2b: Thundurus\n|-damage|p2b: Thundurus|0 fnt\n|faint|p2b: Thundurus\n|move|p2a: Heatran|Eruption|p1b: \"GIVE YOUR BEST\"\n|-damage|p1b: \"GIVE YOUR BEST\"|0 fnt\n|faint|p1b: \"GIVE YOUR BEST\"\n|\n|win|Perc & sec\n|raw|EthanMenos10's rating: 1179 &rarr; <strong>1153<\/strong><br \/>(-26 for losing)\n|raw|Perc &amp; sec's rating: 1166 &rarr; <strong>1192<\/strong><br \/>(+26 for winning)\n|c|\u2606Perc & sec|g\n|c|\u2606Perc & sec|g\n|c|\u2606EthanMenos10|gg\n","uploadtime":1695175670,"views":5,"p1id":"ethanmenos10","p2id":"percsec","formatid":"gen9nationaldexdoubles","rating":1153,"private":0,"password":""}