{"id":"gen9nationaldexdoubles-1985414254","p1":"Namertyu","p2":"Evil_nDeVrZ","format":"[Gen 9] National Dex Doubles","log":"|j|\u2606Namertyu\n|j|\u2606Evil_nDeVrZ\n|t:|1699372705\n|gametype|doubles\n|player|p1|Namertyu|lady-gen4|1010\n|player|p2|Evil_nDeVrZ|alder|1153\n|teamsize|p1|6\n|teamsize|p2|6\n|gen|9\n|tier|[Gen 9] National Dex Doubles\n|rated|\n|rule|HP Percentage Mod: HP is shown in percentages\n|rule|Endless Battle Clause: Forcing endless battles is banned\n|rule|OHKO Clause: OHKO moves are banned\n|rule|Evasion Moves Clause: Evasion moves are banned\n|rule|Evasion Abilities Clause: Evasion abilities are banned\n|rule|Species Clause: Limit one of each Pok\u00e9mon\n|rule|Gravity Sleep Clause: The combination of sleep-inducing moves with imperfect accuracy and Gravity or Gigantamax Orbeetle are banned\n|clearpoke\n|poke|p1|Glalie, M|\n|poke|p1|Landorus, M|\n|poke|p1|Metagross|\n|poke|p1|Magnezone|\n|poke|p1|Blacephalon|\n|poke|p1|Regirock|\n|poke|p2|Venusaur, M|\n|poke|p2|Charizard, F|\n|poke|p2|Sandy Shocks|\n|poke|p2|Mew|\n|poke|p2|Tauros-Paldea-Aqua, M|\n|poke|p2|Snorlax, F|\n|teampreview\n|inactive|Battle timer is ON: inactive players will automatically lose when time's up. (requested by Evil_nDeVrZ)\n|\n|t:|1699372717\n|start\n|switch|p1a: Frost Head|Glalie, M, shiny|100\/100\n|switch|p1b: Rock Giant|Regirock, shiny|100\/100\n|switch|p2a: Sativa|Venusaur, M|100\/100\n|switch|p2b: Enderer Dragon|Charizard, F|100\/100\n|turn|1\n|\n|t:|1699372733\n|detailschange|p2b: Enderer Dragon|Charizard-Mega-Y, F\n|-mega|p2b: Enderer Dragon|Charizard|Charizardite Y\n|-weather|SunnyDay|[from] ability: Drought|[of] p2b: Enderer Dragon\n|move|p1a: Frost Head|Protect|p1a: Frost Head\n|-singleturn|p1a: Frost Head|Protect\n|move|p1b: Rock Giant|Protect|p1b: Rock Giant\n|-singleturn|p1b: Rock Giant|Protect\n|move|p2a: Sativa|Growth|p2a: Sativa\n|-boost|p2a: Sativa|atk|2\n|-boost|p2a: Sativa|spa|2\n|move|p2b: Enderer Dragon|Heat Wave|p1b: Rock Giant|[spread] \n|-activate|p1a: Frost Head|move: Protect\n|-activate|p1b: Rock Giant|move: Protect\n|\n|-weather|SunnyDay|[upkeep]\n|upkeep\n|turn|2\n|\n|t:|1699372751\n|move|p2a: Sativa|Grass Pledge|p1a: Frost Head\n|-waiting|p2a: Sativa|p2b: Enderer Dragon\n|move|p2b: Enderer Dragon|Fire Pledge|p1a: Frost Head|[from]move: Grass Pledge\n|-combine\n|-supereffective|p1a: Frost Head\n|-damage|p1a: Frost Head|0 fnt\n|-sidestart|p1: Namertyu|Fire Pledge\n|faint|p1a: Frost Head\n|move|p1b: Rock Giant|Thunder Wave|p2a: Sativa\n|-status|p2a: Sativa|par\n|\n|-weather|SunnyDay|[upkeep]\n|-damage|p1b: Rock Giant|88\/100|[from] Fire Pledge\n|upkeep\n|\n|t:|1699372762\n|switch|p1a: Land Genie|Landorus, M, shiny|100\/100\n|turn|3\n|\n|t:|1699372769\n|move|p2b: Enderer Dragon|Heat Wave|p1a: Land Genie|[spread] p1a\n|-miss|p2b: Enderer Dragon|p1b: Rock Giant\n|-damage|p1a: Land Genie|41\/100\n|move|p1a: Land Genie|Sandstorm|p1a: Land Genie\n|-weather|Sandstorm\n|move|p1b: Rock Giant|Stone Edge|p2b: Enderer Dragon\n|-supereffective|p2b: Enderer Dragon\n|-damage|p2b: Enderer Dragon|0 fnt\n|faint|p2b: Enderer Dragon\n|move|p2a: Sativa|Grass Pledge|p1b: Rock Giant\n|-supereffective|p1b: Rock Giant\n|-damage|p1b: Rock Giant|0 fnt\n|faint|p1b: Rock Giant\n|-damage|p2a: Sativa|91\/100 par|[from] item: Life Orb\n|\n|-weather|Sandstorm|[upkeep]\n|-damage|p2a: Sativa|85\/100 par|[from] Sandstorm\n|-damage|p1a: Land Genie|29\/100|[from] Fire Pledge\n|upkeep\n|\n|t:|1699372786\n|switch|p2b: Garfield|Mew, shiny|100\/100\n|switch|p1b: White Computer|Metagross, shiny|100\/100\n|turn|4\n|\n|t:|1699372797\n|detailschange|p1b: White Computer|Metagross-Mega, shiny\n|-mega|p1b: White Computer|Metagross|Metagrossite\n|move|p1b: White Computer|Protect|p1b: White Computer\n|-singleturn|p1b: White Computer|Protect\n|move|p2b: Garfield|Water Pledge|p1a: Land Genie\n|-waiting|p2b: Garfield|p2a: Sativa\n|move|p2a: Sativa|Grass Pledge|p1a: Land Genie|[from]move: Water Pledge\n|-combine\n|-damage|p1a: Land Genie|0 fnt\n|-sidestart|p1: Namertyu|Grass Pledge\n|faint|p1a: Land Genie\n|-damage|p2a: Sativa|75\/100 par|[from] item: Life Orb\n|\n|-weather|Sandstorm|[upkeep]\n|-damage|p2b: Garfield|94\/100|[from] Sandstorm\n|-damage|p2a: Sativa|69\/100 par|[from] Sandstorm\n|-damage|p1b: White Computer|88\/100|[from] Fire Pledge\n|upkeep\n|\n|t:|1699372812\n|switch|p1a: Alien Magnet|Magnezone, shiny|100\/100\n|turn|5\n|\n|t:|1699372829\n|switch|p2a: Bull Market|Tauros-Paldea-Aqua, M|100\/100\n|move|p2b: Garfield|Frost Breath|p2a: Bull Market\n|-resisted|p2a: Bull Market\n|-crit|p2a: Bull Market\n|-damage|p2a: Bull Market|92\/100\n|-setboost|p2a: Bull Market|atk|6|[from] ability: Anger Point\n|move|p1b: White Computer|Psychic|p2a: Bull Market\n|-supereffective|p2a: Bull Market\n|-damage|p2a: Bull Market|19\/100\n|-unboost|p2a: Bull Market|spd|1\n|move|p1a: Alien Magnet|Flash Cannon|p2b: Garfield\n|-damage|p2b: Garfield|58\/100\n|\n|-weather|Sandstorm|[upkeep]\n|-damage|p2b: Garfield|51\/100|[from] Sandstorm\n|-damage|p2a: Bull Market|13\/100|[from] Sandstorm\n|-damage|p1b: White Computer|76\/100|[from] Fire Pledge\n|-damage|p1a: Alien Magnet|88\/100|[from] Fire Pledge\n|-sideend|p1: Namertyu|Fire Pledge\n|upkeep\n|turn|6\n|\n|t:|1699372855\n|move|p1b: White Computer|Protect|p1b: White Computer\n|-singleturn|p1b: White Computer|Protect\n|-zpower|p2b: Garfield\n|move|p2b: Garfield|Z-Transform|p1b: White Computer|[anim]Transform\n|-heal|p2b: Garfield|100\/100|[zeffect]\n|-transform|p2b: Garfield|p1b: White Computer\n|move|p2a: Bull Market|Earthquake|p1a: Alien Magnet|[spread] p2b,p1a\n|-activate|p1b: White Computer|move: Protect\n|-supereffective|p2b: Garfield\n|-supereffective|p1a: Alien Magnet\n|-damage|p2b: Garfield|7\/100\n|-damage|p1a: Alien Magnet|0 fnt\n|faint|p1a: Alien Magnet\n|\n|-weather|Sandstorm|[upkeep]\n|-damage|p2a: Bull Market|6\/100|[from] Sandstorm\n|upkeep\n|-message|Namertyu forfeited.\n|\n|win|Evil_nDeVrZ\n|raw|Namertyu's rating: 1010 &rarr; <strong>1003<\/strong><br \/>(-7 for losing)\n|raw|Evil_nDeVrZ's rating: 1153 &rarr; <strong>1168<\/strong><br \/>(+15 for winning)\n|l|\u2606Namertyu\n","uploadtime":1699372873,"views":5,"p1id":"namertyu","p2id":"evilndevrz","formatid":"gen9nationaldexdoubles","rating":1003,"private":0,"password":""}