{"id":"gen9nationaldexdoubles-1982013452","p1":"Whimsity","p2":"NotTheSpy5","format":"[Gen 9] National Dex Doubles","log":"|j|\u2606Whimsity\n|j|\u2606NotTheSpy5\n|t:|1698959632\n|gametype|doubles\n|player|p1|Whimsity|2|1155\n|player|p2|NotTheSpy5|170|1132\n|teamsize|p1|6\n|teamsize|p2|6\n|gen|9\n|tier|[Gen 9] National Dex Doubles\n|rated|\n|rule|HP Percentage Mod: HP is shown in percentages\n|rule|Endless Battle Clause: Forcing endless battles is banned\n|rule|OHKO Clause: OHKO moves are banned\n|rule|Evasion Moves Clause: Evasion moves are banned\n|rule|Evasion Abilities Clause: Evasion abilities are banned\n|rule|Species Clause: Limit one of each Pok\u00e9mon\n|rule|Gravity Sleep Clause: The combination of sleep-inducing moves with imperfect accuracy and Gravity or Gigantamax Orbeetle are banned\n|clearpoke\n|poke|p1|Whimsicott, F|\n|poke|p1|Grimmsnarl, M|\n|poke|p1|Ninjask, M|\n|poke|p1|Altaria, F|\n|poke|p1|Iron Bundle|\n|poke|p1|Sinistcha-Masterpiece|\n|poke|p2|Golurk|\n|poke|p2|Cresselia, F|\n|poke|p2|Amoonguss, F|\n|poke|p2|Hariyama, F|\n|poke|p2|Indeedee-F, F|\n|poke|p2|Yanmega, M|\n|teampreview\n|\n|t:|1698959644\n|start\n|switch|p1a: Whimsicott|Whimsicott, F|100\/100\n|switch|p1b: Grimmsnarl|Grimmsnarl, M|100\/100\n|switch|p2a: Cresselia|Cresselia, F|100\/100\n|switch|p2b: Hariyama|Hariyama, F, shiny|100\/100\n|turn|1\n|\n|t:|1698959653\n|move|p1b: Grimmsnarl|Fake Out|p2b: Hariyama\n|-damage|p2b: Hariyama|85\/100\n|move|p1a: Whimsicott|Taunt|p2a: Cresselia\n|-start|p2a: Cresselia|move: Taunt\n|cant|p2b: Hariyama|flinch\n|cant|p2a: Cresselia|move: Taunt|Trick Room\n|\n|-status|p2b: Hariyama|brn|[from] item: Flame Orb\n|upkeep\n|turn|2\n|\n|t:|1698959685\n|switch|p2a: Among us|Amoonguss, F|100\/100\n|switch|p2b: Janmega|Yanmega, M, shiny|100\/100\n|move|p1a: Whimsicott|Leech Seed|p2b: Janmega\n|-start|p2b: Janmega|move: Leech Seed\n|move|p1b: Grimmsnarl|Reflect|p1b: Grimmsnarl\n|-sidestart|p1: Whimsity|Reflect\n|\n|-damage|p2b: Janmega|88\/100|[from] Leech Seed|[of] p1a: Whimsicott\n|upkeep\n|turn|3\n|\n|t:|1698959699\n|move|p2a: Among us|Rage Powder|p2a: Among us\n|-singleturn|p2a: Among us|move: Rage Powder\n|move|p1a: Whimsicott|Taunt|p2a: Among us\n|-start|p2a: Among us|move: Taunt\n|move|p1b: Grimmsnarl|Light Screen|p1b: Grimmsnarl\n|-sidestart|p1: Whimsity|move: Light Screen\n|move|p2b: Janmega|Air Cutter|p1b: Grimmsnarl|[spread] p1a,p1b\n|-supereffective|p1a: Whimsicott\n|-crit|p1a: Whimsicott\n|-damage|p1a: Whimsicott|2\/100\n|-damage|p1b: Grimmsnarl|84\/100\n|\n|-heal|p1a: Whimsicott|8\/100|[from] item: Leftovers\n|-damage|p2b: Janmega|76\/100|[from] Leech Seed|[of] p1a: Whimsicott\n|-heal|p1a: Whimsicott|20\/100|[silent]\n|upkeep\n|turn|4\n|\n|t:|1698959717\n|switch|p1a: Sinistcha|Sinistcha-Masterpiece|100\/100\n|-heal|p1b: Grimmsnarl|100\/100|[from] ability: Hospitality|[of] p1a: Sinistcha\n|move|p2b: Janmega|Air Cutter|p1a: Sinistcha|[spread] p1a,p1b\n|-supereffective|p1a: Sinistcha\n|-crit|p1b: Grimmsnarl\n|-damage|p1a: Sinistcha|66\/100\n|-damage|p1b: Grimmsnarl|62\/100\n|move|p1b: Grimmsnarl|Darkest Lariat|p2a: Among us\n|-damage|p2a: Among us|62\/100\n|move|p2a: Among us|Pollen Puff|p2b: Janmega\n|-heal|p2b: Janmega|100\/100\n|\n|-heal|p1a: Sinistcha|72\/100|[from] item: Leftovers\n|-damage|p2b: Janmega|88\/100|[from] Leech Seed|[of] p1a: Sinistcha\n|-heal|p1a: Sinistcha|83\/100|[silent]\n|upkeep\n|turn|5\n|\n|t:|1698959764\n|move|p2b: Janmega|Bug Buzz|p1a: Sinistcha\n|-crit|p1a: Sinistcha\n|-damage|p1a: Sinistcha|4\/100\n|move|p1a: Sinistcha|Calm Mind|p1a: Sinistcha\n|-boost|p1a: Sinistcha|spa|1\n|-boost|p1a: Sinistcha|spd|1\n|move|p1b: Grimmsnarl|Darkest Lariat|p2a: Among us\n|-damage|p2a: Among us|23\/100\n|-enditem|p2a: Among us|Sitrus Berry|[eat]\n|-heal|p2a: Among us|48\/100|[from] item: Sitrus Berry\n|move|p2a: Among us|Pollen Puff|p2b: Janmega\n|-heal|p2b: Janmega|100\/100\n|\n|-heal|p1a: Sinistcha|10\/100|[from] item: Leftovers\n|-damage|p2b: Janmega|88\/100|[from] Leech Seed|[of] p1a: Sinistcha\n|-heal|p1a: Sinistcha|21\/100|[silent]\n|upkeep\n|turn|6\n|\n|t:|1698959782\n|switch|p1a: Altaria|Altaria, F|100\/100\n|move|p2b: Janmega|Ominous Wind|p1a: Altaria\n|-damage|p1a: Altaria|84\/100\n|move|p1b: Grimmsnarl|Darkest Lariat|p2a: Among us\n|-damage|p2a: Among us|13\/100\n|move|p2a: Among us|Clear Smog|p1a: Altaria\n|-damage|p1a: Altaria|73\/100\n|-clearboost|p1a: Altaria\n|\n|-damage|p2b: Janmega|76\/100|[from] Leech Seed|[of] p1a: Altaria\n|-heal|p1a: Altaria|86\/100|[silent]\n|-end|p2a: Among us|move: Taunt\n|upkeep\n|turn|7\n|\n|t:|1698959812\n|detailschange|p1a: Altaria|Altaria-Mega, F\n|-mega|p1a: Altaria|Altaria|Altarianite\n|move|p2a: Among us|Rage Powder|p2a: Among us\n|-singleturn|p2a: Among us|move: Rage Powder\n|move|p2b: Janmega|Bug Buzz|p1b: Grimmsnarl\n|-damage|p1b: Grimmsnarl|30\/100\n|move|p1a: Altaria|Dragon Dance|p1a: Altaria\n|-boost|p1a: Altaria|atk|1\n|-boost|p1a: Altaria|spe|1\n|move|p1b: Grimmsnarl|Darkest Lariat|p2a: Among us\n|-damage|p2a: Among us|0 fnt\n|faint|p2a: Among us\n|\n|-damage|p2b: Janmega|63\/100|[from] Leech Seed|[of] p1a: Altaria\n|-heal|p1a: Altaria|99\/100|[silent]\n|upkeep\n|\n|t:|1698959824\n|switch|p2a: Indeedee|Indeedee-F, F|100\/100\n|-fieldstart|move: Psychic Terrain|[from] ability: Psychic Surge|[of] p2a: Indeedee\n|turn|8\n|inactive|Battle timer is ON: inactive players will automatically lose when time's up. (requested by Whimsity)\n|\n|t:|1698959850\n|switch|p1b: Ninjask|Ninjask, M|100\/100\n|move|p1a: Altaria|Return|p2b: Janmega\n|-damage|p2b: Janmega|0 fnt\n|faint|p2b: Janmega\n|move|p2a: Indeedee|Heal Pulse|p2: Janmega|[notarget]\n|-fail|p2a: Indeedee\n|\n|upkeep\n|\n|t:|1698959859\n|switch|p2b: Hariyama|Hariyama, F, shiny|85\/100 brn\n|turn|9\n|\n|t:|1698959867\n|move|p2b: Hariyama|Fake Out|p1a: Altaria\n|-activate|p1a: Altaria|move: Psychic Terrain\n|move|p1b: Ninjask|Substitute|p1b: Ninjask\n|-start|p1b: Ninjask|Substitute\n|-damage|p1b: Ninjask|76\/100\n|move|p1a: Altaria|Return|p2b: Hariyama\n|-supereffective|p2b: Hariyama\n|-damage|p2b: Hariyama|0 fnt\n|faint|p2b: Hariyama\n|move|p2a: Indeedee|Trick Room|p2a: Indeedee\n|-fieldstart|move: Trick Room|[of] p2a: Indeedee\n|\n|-sideend|p1: Whimsity|Reflect\n|-ability|p1b: Ninjask|Speed Boost|boost\n|-boost|p1b: Ninjask|spe|1\n|upkeep\n|\n|t:|1698959883\n|switch|p2b: THE HE|Golurk, shiny|100\/100\n|turn|10\n|\n|t:|1698959904\n|-terastallize|p2b: THE HE|Water\n|move|p2a: Indeedee|Follow Me|p2a: Indeedee\n|-singleturn|p2a: Indeedee|move: Follow Me\n|move|p2b: THE HE|Curse|p2b: THE HE\n|-unboost|p2b: THE HE|spe|1\n|-boost|p2b: THE HE|atk|1\n|-boost|p2b: THE HE|def|1\n|move|p1a: Altaria|Return|p2a: Indeedee\n|-damage|p2a: Indeedee|16\/100\n|-enditem|p2a: Indeedee|Aguav Berry|[eat]\n|-heal|p2a: Indeedee|49\/100|[from] item: Aguav Berry\n|-zpower|p1b: Ninjask\n|move|p1b: Ninjask|Savage Spin-Out|p2a: Indeedee|[zeffect]\n|-supereffective|p2a: Indeedee\n|-damage|p2a: Indeedee|0 fnt\n|faint|p2a: Indeedee\n|\n|-sideend|p1: Whimsity|move: Light Screen\n|-ability|p1b: Ninjask|Speed Boost|boost\n|-boost|p1b: Ninjask|spe|1\n|upkeep\n|inactive|NotTheSpy5 has 120 seconds left.\n|\n|t:|1698959936\n|switch|p2a: Cresselia|Cresselia, F|100\/100\n|turn|11\n|\n|t:|1698959950\n|move|p2a: Cresselia|Ally Switch|p2a: Cresselia\n|swap|p2a: Cresselia|1|[from] move: Ally Switch\n|move|p2a: THE HE|Ice Punch|p1a: Altaria\n|-supereffective|p1a: Altaria\n|-crit|p1a: Altaria\n|-damage|p1a: Altaria|0 fnt\n|faint|p1a: Altaria\n|move|p1b: Ninjask|Swords Dance|p1b: Ninjask\n|-boost|p1b: Ninjask|atk|2\n|\n|-ability|p1b: Ninjask|Speed Boost|boost\n|-boost|p1b: Ninjask|spe|1\n|upkeep\n|\n|t:|1698959964\n|switch|p1a: Whimsicott|Whimsicott, F|20\/100\n|turn|12\n|\n|t:|1698959989\n|move|p2a: THE HE|Thunder Punch|p1b: Ninjask\n|-supereffective|p1b: Ninjask\n|-end|p1b: Ninjask|Substitute\n|move|p2b: Cresselia|Psychic|p1b: Ninjask\n|-damage|p1b: Ninjask|35\/100\n|-unboost|p1b: Ninjask|spd|1\n|move|p1a: Whimsicott|Dazzling Gleam|p2a: THE HE|[spread] p2a,p2b\n|-damage|p2a: THE HE|78\/100\n|-damage|p2b: Cresselia|91\/100\n|move|p1b: Ninjask|Leech Life|p2a: THE HE\n|-damage|p2a: THE HE|48\/100\n|-heal|p1b: Ninjask|50\/100|[from] drain|[of] p2a: THE HE\n|\n|-heal|p2b: Cresselia|98\/100|[from] item: Leftovers\n|-heal|p1a: Whimsicott|26\/100|[from] item: Leftovers\n|-fieldend|move: Psychic Terrain\n|-ability|p1b: Ninjask|Speed Boost|boost\n|-boost|p1b: Ninjask|spe|1\n|upkeep\n|turn|13\n|\n|t:|1698960014\n|move|p1a: Whimsicott|Leech Seed|p2a: THE HE\n|-start|p2a: THE HE|move: Leech Seed\n|move|p2a: THE HE|Drain Punch|p1b: Ninjask\n|-resisted|p1b: Ninjask\n|-damage|p1b: Ninjask|24\/100\n|-heal|p2a: THE HE|61\/100|[from] drain|[of] p1b: Ninjask\n|move|p2b: Cresselia|Lunar Blessing|p2b: Cresselia|[spread] p2a,p2b\n|-heal|p2a: THE HE|86\/100\n|-heal|p2b: Cresselia|100\/100\n|move|p1b: Ninjask|Leech Life|p2b: Cresselia\n|-supereffective|p2b: Cresselia\n|-crit|p2b: Cresselia\n|-damage|p2b: Cresselia|16\/100\n|-heal|p1b: Ninjask|81\/100|[from] drain|[of] p2b: Cresselia\n|\n|-heal|p2b: Cresselia|22\/100|[from] item: Leftovers\n|-heal|p1a: Whimsicott|32\/100|[from] item: Leftovers\n|-damage|p2a: THE HE|74\/100|[from] Leech Seed|[of] p1a: Whimsicott\n|-heal|p1a: Whimsicott|44\/100|[silent]\n|-fieldend|move: Trick Room\n|-ability|p1b: Ninjask|Speed Boost|boost\n|-boost|p1b: Ninjask|spe|1\n|upkeep\n|turn|14\n|c|\u2606Whimsity|1610 speed rn\n|inactive|Whimsity has 120 seconds left.\n|\n|t:|1698960047\n|move|p1a: Whimsicott|Tailwind|p1a: Whimsicott\n|-sidestart|p1: Whimsity|move: Tailwind\n|move|p1b: Ninjask|Leech Life|p2a: THE HE\n|-damage|p2a: THE HE|45\/100\n|-heal|p1b: Ninjask|95\/100|[from] drain|[of] p2a: THE HE\n|move|p2a: THE HE|Thunder Punch|p1b: Ninjask\n|-supereffective|p1b: Ninjask\n|-crit|p1b: Ninjask\n|-damage|p1b: Ninjask|0 fnt\n|faint|p1b: Ninjask\n|move|p2b: Cresselia|Trick Room|p2b: Cresselia\n|-fieldstart|move: Trick Room|[of] p2b: Cresselia\n|\n|-heal|p2b: Cresselia|28\/100|[from] item: Leftovers\n|-heal|p1a: Whimsicott|50\/100|[from] item: Leftovers\n|-damage|p2a: THE HE|33\/100|[from] Leech Seed|[of] p1a: Whimsicott\n|-heal|p1a: Whimsicott|63\/100|[silent]\n|upkeep\n|inactive|Whimsity has 120 seconds left.\n|c|\u2606Whimsity|3220\n|\n|t:|1698960063\n|switch|p1b: Grimmsnarl|Grimmsnarl, M|30\/100\n|turn|15\n|\n|t:|1698960088\n|move|p1b: Grimmsnarl|Fake Out|p2a: THE HE\n|-damage|p2a: THE HE|24\/100\n|move|p2b: Cresselia|Ally Switch|p2b: Cresselia\n|swap|p2b: Cresselia|0|[from] move: Ally Switch\n|move|p1a: Whimsicott|Taunt|p2b: THE HE\n|-start|p2b: THE HE|move: Taunt\n|cant|p2b: THE HE|flinch\n|\n|-heal|p2a: Cresselia|34\/100|[from] item: Leftovers\n|-heal|p1a: Whimsicott|69\/100|[from] item: Leftovers\n|-damage|p2b: THE HE|11\/100|[from] Leech Seed|[of] p1a: Whimsicott\n|-heal|p1a: Whimsicott|81\/100|[silent]\n|upkeep\n|turn|16\n|\n|t:|1698960113\n|move|p1b: Grimmsnarl|Reflect|p1b: Grimmsnarl\n|-sidestart|p1: Whimsity|Reflect\n|move|p1a: Whimsicott|Leech Seed|p2a: Cresselia\n|-start|p2a: Cresselia|move: Leech Seed\n|move|p2b: THE HE|Drain Punch|p1b: Grimmsnarl\n|-damage|p1b: Grimmsnarl|0 fnt\n|-heal|p2b: THE HE|30\/100|[from] drain|[of] p1b: Grimmsnarl\n|faint|p1b: Grimmsnarl\n|move|p2a: Cresselia|Lunar Blessing|p2a: Cresselia|[spread] p2a,p2b\n|-heal|p2a: Cresselia|59\/100\n|-heal|p2b: THE HE|55\/100\n|\n|-heal|p2a: Cresselia|65\/100|[from] item: Leftovers\n|-heal|p1a: Whimsicott|87\/100|[from] item: Leftovers\n|-damage|p2b: THE HE|43\/100|[from] Leech Seed|[of] p1a: Whimsicott\n|-heal|p1a: Whimsicott|99\/100|[silent]\n|-damage|p2a: Cresselia|53\/100|[from] Leech Seed|[of] p1a: Whimsicott\n|-heal|p1a: Whimsicott|100\/100|[silent]\n|upkeep\n|\n|t:|1698960129\n|switch|p1b: Iron Bundle|Iron Bundle|100\/100\n|-enditem|p1b: Iron Bundle|Booster Energy\n|-activate|p1b: Iron Bundle|ability: Quark Drive|[fromitem]\n|-start|p1b: Iron Bundle|quarkdrivespe\n|turn|17\n|\n|t:|1698960142\n|move|p1a: Whimsicott|Taunt|p2a: Cresselia\n|-start|p2a: Cresselia|move: Taunt\n|move|p2b: THE HE|Drain Punch|p1b: Iron Bundle\n|-supereffective|p1b: Iron Bundle\n|-crit|p1b: Iron Bundle\n|-damage|p1b: Iron Bundle|0 fnt\n|-heal|p2b: THE HE|83\/100|[from] drain|[of] p1b: Iron Bundle\n|faint|p1b: Iron Bundle\n|-end|p1b: Iron Bundle|Quark Drive|[silent]\n|cant|p2a: Cresselia|move: Taunt|Lunar Blessing\n|\n|-heal|p2a: Cresselia|59\/100|[from] item: Leftovers\n|-damage|p2b: THE HE|70\/100|[from] Leech Seed|[of] p1a: Whimsicott\n|-damage|p2a: Cresselia|46\/100|[from] Leech Seed|[of] p1a: Whimsicott\n|-end|p2b: THE HE|move: Taunt\n|-sideend|p1: Whimsity|move: Tailwind\n|upkeep\n|\n|t:|1698960155\n|switch|p1b: Sinistcha|Sinistcha-Masterpiece|21\/100\n|turn|18\n|inactive|NotTheSpy5 has 120 seconds left.\n|\n|t:|1698960185\n|move|p2b: THE HE|Ice Punch|p1a: Whimsicott\n|-supereffective|p1a: Whimsicott\n|-damage|p1a: Whimsicott|45\/100\n|move|p2a: Cresselia|Psychic|p1b: Sinistcha\n|-damage|p1b: Sinistcha|0 fnt\n|faint|p1b: Sinistcha\n|move|p1a: Whimsicott|Dazzling Gleam|p2a: Cresselia|[spread] p2a,p2b\n|-damage|p2a: Cresselia|36\/100\n|-damage|p2b: THE HE|48\/100\n|\n|-heal|p2a: Cresselia|42\/100|[from] item: Leftovers\n|-heal|p1a: Whimsicott|51\/100|[from] item: Leftovers\n|-damage|p2b: THE HE|36\/100|[from] Leech Seed|[of] p1a: Whimsicott\n|-heal|p1a: Whimsicott|63\/100|[silent]\n|-damage|p2a: Cresselia|30\/100|[from] Leech Seed|[of] p1a: Whimsicott\n|-heal|p1a: Whimsicott|80\/100|[silent]\n|-fieldend|move: Trick Room\n|upkeep\n|turn|19\n|c|\u2606NotTheSpy5|You was talking all that flaunting ur speed and for what\n|c|\u2606NotTheSpy5|Its a trick room team\n|c|\u2606NotTheSpy5|Ggs\n|inactive|NotTheSpy5 has 120 seconds left.\n|c|\u2606Whimsity|i know\n|c|\u2606NotTheSpy5|Friendly tip be more versatile\n|c|\u2606Whimsity|i was jus saying\n|\n|t:|1698960229\n|move|p1a: Whimsicott|Dazzling Gleam|p2b: THE HE|[spread] p2a,p2b\n|-damage|p2a: Cresselia|21\/100\n|-damage|p2b: THE HE|14\/100\n|move|p2a: Cresselia|Psychic|p1a: Whimsicott\n|-damage|p1a: Whimsicott|49\/100\n|move|p2b: THE HE|Ice Punch|p1a: Whimsicott\n|-supereffective|p1a: Whimsicott\n|-damage|p1a: Whimsicott|0 fnt\n|faint|p1a: Whimsicott\n|\n|win|NotTheSpy5\n|raw|Whimsity's rating: 1155 &rarr; <strong>1128<\/strong><br \/>(-27 for losing)\n|raw|NotTheSpy5's rating: 1132 &rarr; <strong>1159<\/strong><br \/>(+27 for winning)\n|c|\u2606Whimsity|like winning isnt that important my guy\n|l|\u2606Whimsity\n","uploadtime":1698960248,"views":4,"p1id":"whimsity","p2id":"notthespy5","formatid":"gen9nationaldexdoubles","rating":1128,"private":0,"password":""}