{"id":"gen9nationaldexdoubles-1969986357","p1":"i2ac","p2":"Naz0337","format":"[Gen 9] National Dex Doubles","log":"|j|\u203di2ac\n|j|\u2606Naz0337\n|t:|1697582322\n|gametype|doubles\n|player|p1|i2ac|cameraman|1099\n|player|p2|Naz0337|iris-gen5bw2|1051\n|teamsize|p1|6\n|teamsize|p2|6\n|gen|9\n|tier|[Gen 9] National Dex Doubles\n|rated|\n|rule|HP Percentage Mod: HP is shown in percentages\n|rule|Endless Battle Clause: Forcing endless battles is banned\n|rule|OHKO Clause: OHKO moves are banned\n|rule|Evasion Moves Clause: Evasion moves are banned\n|rule|Evasion Abilities Clause: Evasion abilities are banned\n|rule|Species Clause: Limit one of each Pok\u00e9mon\n|rule|Gravity Sleep Clause: The combination of sleep-inducing moves with imperfect accuracy and Gravity or Gigantamax Orbeetle are banned\n|clearpoke\n|poke|p1|Swoobat, M|\n|poke|p1|Medicham, M|\n|poke|p1|Lilligant, F|\n|poke|p1|Heracross, F|\n|poke|p1|Farfetch\u2019d, M|\n|poke|p1|Clefable, M|\n|poke|p2|Flutter Mane|\n|poke|p2|Torkoal, F|\n|poke|p2|Gengar, M|\n|poke|p2|Arcanine, M|\n|poke|p2|Rotom-Heat|\n|poke|p2|Maushold-Four|\n|teampreview\n|\n|t:|1697582329\n|start\n|switch|p1a: Swoobat|Swoobat, M|100\/100\n|switch|p1b: Lilligant|Lilligant, F|100\/100\n|switch|p2a: Torkoal|Torkoal, F|100\/100\n|switch|p2b: Gengar|Gengar, M|100\/100\n|-weather|SunnyDay|[from] ability: Drought|[of] p2a: Torkoal\n|turn|1\n|\n|t:|1697582362\n|-terastallize|p2b: Gengar|Ghost\n|move|p1a: Swoobat|Simple Beam|p1b: Lilligant\n|-endability|p1b: Lilligant|Own Tempo|[from] move: Simple Beam\n|-ability|p1b: Lilligant|Simple|[from] move: Simple Beam\n|move|p2b: Gengar|Toxic|p1a: Swoobat\n|-status|p1a: Swoobat|tox\n|move|p1b: Lilligant|Quiver Dance|p1b: Lilligant\n|-boost|p1b: Lilligant|spa|2\n|-boost|p1b: Lilligant|spd|2\n|-boost|p1b: Lilligant|spe|2\n|move|p2a: Torkoal|Rock Slide|p1b: Lilligant|[spread] p1a,p1b\n|-supereffective|p1a: Swoobat\n|-damage|p1a: Swoobat|45\/100 tox\n|-damage|p1b: Lilligant|78\/100\n|\n|-weather|SunnyDay|[upkeep]\n|-heal|p1b: Lilligant|84\/100|[from] item: Leftovers\n|-heal|p1a: Swoobat|51\/100 tox|[from] item: Leftovers\n|-damage|p1a: Swoobat|45\/100 tox|[from] psn\n|upkeep\n|turn|2\n|\n|t:|1697582421\n|move|p1b: Lilligant|Quiver Dance|p1b: Lilligant\n|-boost|p1b: Lilligant|spa|2\n|-boost|p1b: Lilligant|spd|2\n|-boost|p1b: Lilligant|spe|2\n|move|p1a: Swoobat|Psychic|p2b: Gengar\n|-damage|p2b: Gengar|44\/100\n|move|p2b: Gengar|Confuse Ray|p1b: Lilligant\n|-start|p1b: Lilligant|confusion\n|move|p2a: Torkoal|Rock Slide|p1b: Lilligant|[spread] p1a,p1b\n|-supereffective|p1a: Swoobat\n|-damage|p1a: Swoobat|0 fnt\n|-damage|p1b: Lilligant|62\/100\n|faint|p1a: Swoobat\n|\n|-weather|SunnyDay|[upkeep]\n|-heal|p1b: Lilligant|68\/100|[from] item: Leftovers\n|upkeep\n|\n|t:|1697582437\n|switch|p1a: Clefable|Clefable, M|100\/100\n|turn|3\n|\n|t:|1697582459\n|-activate|p1b: Lilligant|confusion\n|move|p1b: Lilligant|Light Screen|p1b: Lilligant\n|-sidestart|p1: i2ac|move: Light Screen\n|move|p2b: Gengar|Hex|p1b: Lilligant\n|-damage|p1b: Lilligant|52\/100\n|move|p1a: Clefable|Heal Pulse|p1b: Lilligant\n|-heal|p1b: Lilligant|100\/100\n|move|p2a: Torkoal|Rock Slide|p1a: Clefable|[spread] p1a\n|-miss|p2a: Torkoal|p1b: Lilligant\n|-damage|p1a: Clefable|85\/100\n|\n|-weather|SunnyDay|[upkeep]\n|-heal|p1a: Clefable|91\/100|[from] item: Leftovers\n|upkeep\n|turn|4\n|\n|t:|1697582490\n|switch|p2a: Arcanine|Arcanine, M|100\/100\n|-ability|p2a: Arcanine|Intimidate|boost\n|-unboost|p1a: Clefable|atk|1\n|-unboost|p1b: Lilligant|atk|2\n|-activate|p1b: Lilligant|confusion\n|-damage|p1b: Lilligant|97\/100|[from] confusion\n|move|p2b: Gengar|Toxic|p1b: Lilligant\n|-status|p1b: Lilligant|tox\n|move|p1a: Clefable|Reflect|p1a: Clefable\n|-sidestart|p1: i2ac|Reflect\n|\n|-weather|SunnyDay|[upkeep]\n|-heal|p1b: Lilligant|100\/100 tox|[from] item: Leftovers\n|-heal|p1a: Clefable|97\/100|[from] item: Leftovers\n|-damage|p1b: Lilligant|94\/100 tox|[from] psn\n|upkeep\n|turn|5\n|\n|t:|1697582532\n|-end|p1b: Lilligant|confusion\n|move|p1b: Lilligant|Giga Drain|p2b: Gengar\n|-damage|p2b: Gengar|0 fnt\n|-heal|p1b: Lilligant|100\/100 tox|[from] drain|[of] p2b: Gengar\n|faint|p2b: Gengar\n|move|p2a: Arcanine|Flame Charge|p1b: Lilligant\n|-supereffective|p1b: Lilligant\n|-damage|p1b: Lilligant|33\/100 tox\n|-boost|p2a: Arcanine|spe|1\n|move|p1a: Clefable|Counter||[still]\n|-fail|p1a: Clefable\n|\n|-weather|SunnyDay|[upkeep]\n|-heal|p1b: Lilligant|39\/100 tox|[from] item: Leftovers\n|-heal|p1a: Clefable|100\/100|[from] item: Leftovers\n|-damage|p1b: Lilligant|27\/100 tox|[from] psn\n|upkeep\n|\n|t:|1697582553\n|switch|p2b: Maushold|Maushold-Four|100\/100\n|turn|6\n|\n|t:|1697582586\n|move|p1b: Lilligant|Giga Drain|p2b: Maushold\n|-damage|p2b: Maushold|0 fnt\n|-heal|p1b: Lilligant|90\/100 tox|[from] drain|[of] p2b: Maushold\n|faint|p2b: Maushold\n|move|p2a: Arcanine|Flame Charge|p1b: Lilligant\n|-supereffective|p1b: Lilligant\n|-damage|p1b: Lilligant|21\/100 tox\n|-boost|p2a: Arcanine|spe|1\n|move|p1a: Clefable|Heal Pulse|p1b: Lilligant\n|-heal|p1b: Lilligant|72\/100 tox\n|\n|-weather|SunnyDay|[upkeep]\n|-heal|p1b: Lilligant|78\/100 tox|[from] item: Leftovers\n|-damage|p1b: Lilligant|60\/100 tox|[from] psn\n|upkeep\n|\n|t:|1697582603\n|switch|p2b: Rotom|Rotom-Heat|100\/100\n|turn|7\n|\n|t:|1697582621\n|move|p1a: Clefable|Helping Hand|p1b: Lilligant\n|-singleturn|p1b: Lilligant|Helping Hand|[of] p1a: Clefable\n|move|p1b: Lilligant|Giga Drain|p2a: Arcanine\n|-resisted|p2a: Arcanine\n|-damage|p2a: Arcanine|51\/100\n|-heal|p1b: Lilligant|93\/100 tox|[from] drain|[of] p2a: Arcanine\n|move|p2a: Arcanine|Flame Charge|p1b: Lilligant\n|-supereffective|p1b: Lilligant\n|-damage|p1b: Lilligant|28\/100 tox\n|-boost|p2a: Arcanine|spe|1\n|move|p2b: Rotom|Defog|p1a: Clefable\n|-unboost|p1a: Clefable|evasion|1\n|-sideend|p1: i2ac|Reflect\n|-sideend|p1: i2ac|move: Light Screen\n|\n|-weather|SunnyDay|[upkeep]\n|-heal|p1b: Lilligant|34\/100 tox|[from] item: Leftovers\n|-damage|p1b: Lilligant|9\/100 tox|[from] psn\n|upkeep\n|turn|8\n|\n|t:|1697582647\n|move|p1b: Lilligant|Sleep Powder|p2a: Arcanine\n|-status|p2a: Arcanine|slp|[from] move: Sleep Powder\n|cant|p2a: Arcanine|slp\n|move|p2b: Rotom|Overheat|p1a: Clefable\n|-damage|p1a: Clefable|39\/100\n|-unboost|p2b: Rotom|spa|2\n|move|p1a: Clefable|Heal Pulse|p1b: Lilligant\n|-heal|p1b: Lilligant|60\/100 tox\n|\n|-weather|none\n|-heal|p1b: Lilligant|66\/100 tox|[from] item: Leftovers\n|-heal|p1a: Clefable|45\/100|[from] item: Leftovers\n|-damage|p1b: Lilligant|35\/100 tox|[from] psn\n|upkeep\n|turn|9\n|\n|t:|1697582674\n|-terastallize|p1b: Lilligant|Grass\n|cant|p2a: Arcanine|slp\n|move|p1b: Lilligant|Giga Drain|p2a: Arcanine\n|-resisted|p2a: Arcanine\n|-damage|p2a: Arcanine|7\/100 slp\n|-heal|p1b: Lilligant|66\/100 tox|[from] drain|[of] p2a: Arcanine\n|move|p2b: Rotom|Hex|p1b: Lilligant\n|-damage|p1b: Lilligant|56\/100 tox\n|move|p1a: Clefable|Heal Pulse|p1b: Lilligant\n|-heal|p1b: Lilligant|100\/100 tox\n|\n|-heal|p1a: Clefable|52\/100|[from] item: Leftovers\n|-damage|p1b: Lilligant|64\/100 tox|[from] psn\n|upkeep\n|turn|10\n|\n|t:|1697582698\n|switch|p2a: Torkoal|Torkoal, F|100\/100\n|-weather|SunnyDay|[from] ability: Drought|[of] p2a: Torkoal\n|move|p1b: Lilligant|Giga Drain|p2a: Torkoal\n|-resisted|p2a: Torkoal\n|-damage|p2a: Torkoal|2\/100\n|-heal|p1b: Lilligant|100\/100 tox|[from] drain|[of] p2a: Torkoal\n|move|p2b: Rotom|Overheat|p1b: Lilligant\n|-supereffective|p1b: Lilligant\n|-damage|p1b: Lilligant|55\/100 tox\n|-unboost|p2b: Rotom|spa|2\n|move|p1a: Clefable|Heal Pulse|p1b: Lilligant\n|-heal|p1b: Lilligant|100\/100 tox\n|\n|-weather|SunnyDay|[upkeep]\n|-heal|p1a: Clefable|58\/100|[from] item: Leftovers\n|-damage|p1b: Lilligant|58\/100 tox|[from] psn\n|upkeep\n|turn|11\n|\n|t:|1697582719\n|move|p1b: Lilligant|Giga Drain|p2b: Rotom\n|-resisted|p2b: Rotom\n|-damage|p2b: Rotom|11\/100\n|-heal|p1b: Lilligant|97\/100 tox|[from] drain|[of] p2b: Rotom\n|move|p2b: Rotom|Hex|p1a: Clefable\n|-damage|p1a: Clefable|45\/100\n|move|p1a: Clefable|Heal Pulse|p1b: Lilligant\n|-heal|p1b: Lilligant|100\/100 tox\n|move|p2a: Torkoal|Rock Slide|p1b: Lilligant|[spread] p1a,p1b\n|-damage|p1a: Clefable|30\/100\n|-damage|p1b: Lilligant|80\/100 tox\n|\n|-weather|SunnyDay|[upkeep]\n|-heal|p1b: Lilligant|86\/100 tox|[from] item: Leftovers\n|-heal|p1a: Clefable|36\/100|[from] item: Leftovers\n|-damage|p1b: Lilligant|38\/100 tox|[from] psn\n|upkeep\n|turn|12\n|\n|t:|1697582757\n|move|p1b: Lilligant|Giga Drain|p2a: Torkoal\n|-resisted|p2a: Torkoal\n|-damage|p2a: Torkoal|0 fnt\n|-heal|p1b: Lilligant|39\/100 tox|[from] drain|[of] p2a: Torkoal\n|faint|p2a: Torkoal\n|move|p2b: Rotom|Overheat|p1b: Lilligant\n|-supereffective|p1b: Lilligant\n|-damage|p1b: Lilligant|7\/100 tox\n|-unboost|p2b: Rotom|spa|2\n|move|p1a: Clefable|Heal Pulse|p1b: Lilligant\n|-heal|p1b: Lilligant|57\/100 tox\n|\n|-weather|SunnyDay|[upkeep]\n|-heal|p1b: Lilligant|63\/100 tox|[from] item: Leftovers\n|-heal|p1a: Clefable|42\/100|[from] item: Leftovers\n|-damage|p1b: Lilligant|8\/100 tox|[from] psn\n|upkeep\n|\n|t:|1697582762\n|switch|p2a: Flutter Mane|Flutter Mane|100\/100\n|-activate|p2a: Flutter Mane|ability: Protosynthesis\n|-start|p2a: Flutter Mane|protosynthesisspe\n|turn|13\n|\n|t:|1697582776\n|move|p1b: Lilligant|Giga Drain|p2a: Flutter Mane\n|-damage|p2a: Flutter Mane|0 fnt\n|-heal|p1b: Lilligant|60\/100 tox|[from] drain|[of] p2a: Flutter Mane\n|faint|p2a: Flutter Mane\n|-end|p2a: Flutter Mane|Protosynthesis|[silent]\n|move|p2b: Rotom|Thunder|p1a: Clefable|[miss]\n|-miss|p2b: Rotom|p1a: Clefable\n|move|p1a: Clefable|Heal Pulse|p1b: Lilligant\n|-heal|p1b: Lilligant|100\/100 tox\n|\n|-weather|SunnyDay|[upkeep]\n|-heal|p1a: Clefable|48\/100|[from] item: Leftovers\n|-damage|p1b: Lilligant|40\/100 tox|[from] psn\n|upkeep\n|\n|t:|1697582780\n|switch|p2a: Arcanine|Arcanine, M|7\/100 slp\n|-ability|p2a: Arcanine|Intimidate|boost\n|-unboost|p1a: Clefable|atk|1\n|-unboost|p1b: Lilligant|atk|2\n|turn|14\n|\n|t:|1697582789\n|move|p1b: Lilligant|Giga Drain|p2b: Rotom\n|-resisted|p2b: Rotom\n|-damage|p2b: Rotom|0 fnt\n|-heal|p1b: Lilligant|45\/100 tox|[from] drain|[of] p2b: Rotom\n|faint|p2b: Rotom\n|cant|p2a: Arcanine|slp\n|move|p1a: Clefable|Heal Pulse|p1b: Lilligant\n|-heal|p1b: Lilligant|95\/100 tox\n|\n|-weather|SunnyDay|[upkeep]\n|-heal|p1b: Lilligant|100\/100 tox|[from] item: Leftovers\n|-heal|p1a: Clefable|55\/100|[from] item: Leftovers\n|-damage|p1b: Lilligant|34\/100 tox|[from] psn\n|upkeep\n|turn|15\n|-message|Naz0337 forfeited.\n|\n|win|i2ac\n|raw|i2ac's rating: 1099 &rarr; <strong>1121<\/strong><br \/>(+22 for winning)\n|raw|Naz0337's rating: 1051 &rarr; <strong>1036<\/strong><br \/>(-15 for losing)\n|l|\u2606Naz0337\n","uploadtime":1697582798,"views":9,"p1id":"i2ac","p2id":"naz0337","formatid":"gen9nationaldexdoubles","rating":1036,"private":0,"password":""}