{"id":"gen9nationaldexdoubles-1951974427","p1":"Flick1","p2":"Schuey_007","format":"[Gen 9] National Dex Doubles","log":"|j|\u2606Flick1\n|j|\u2606Schuey_007\n|t:|1695646521\n|gametype|doubles\n|player|p1|Flick1|skyla|1000\n|player|p2|Schuey_007|benga|1090\n|teamsize|p1|6\n|teamsize|p2|6\n|gen|9\n|tier|[Gen 9] National Dex Doubles\n|rated|\n|rule|HP Percentage Mod: HP is shown in percentages\n|rule|Endless Battle Clause: Forcing endless battles is banned\n|rule|OHKO Clause: OHKO moves are banned\n|rule|Evasion Moves Clause: Evasion moves are banned\n|rule|Evasion Abilities Clause: Evasion abilities are banned\n|rule|Species Clause: Limit one of each Pok\u00e9mon\n|rule|Gravity Sleep Clause: The combination of sleep-inducing moves with imperfect accuracy and Gravity or Gigantamax Orbeetle are banned\n|clearpoke\n|poke|p1|Gardevoir, F|\n|poke|p1|Indeedee-F, F|\n|poke|p1|Kommo-o, M|\n|poke|p1|Dusclops, M|\n|poke|p1|Tornadus, M|\n|poke|p1|Furret, M|\n|poke|p2|Cramorant, F|\n|poke|p2|Gastrodon, F|\n|poke|p2|Grapploct, F|\n|poke|p2|Lurantis, M|\n|poke|p2|Ninetales, M|\n|poke|p2|Houndoom, M|\n|teampreview\n|inactive|Battle timer is ON: inactive players will automatically lose when time's up. (requested by Flick1)\n|\n|t:|1695646528\n|start\n|switch|p1a: Furret|Furret, M, shiny|100\/100\n|switch|p1b: Kommo-o|Kommo-o, M|100\/100\n|switch|p2a: Lurantis|Lurantis, M, shiny|100\/100\n|switch|p2b: Grapploct|Grapploct, F, shiny|100\/100\n|-item|p2a: Lurantis|Assault Vest|[from] ability: Frisk|[of] p1a: Furret|[identify]\n|-item|p2b: Grapploct|Leftovers|[from] ability: Frisk|[of] p1a: Furret|[identify]\n|turn|1\n|\n|t:|1695646542\n|move|p1a: Furret|Follow Me|p1a: Furret\n|-singleturn|p1a: Furret|move: Follow Me\n|-zpower|p1b: Kommo-o\n|move|p1b: Kommo-o|Clangorous Soulblaze|p2b: Grapploct|[zeffect]|[spread] p2a,p2b\n|-damage|p2a: Lurantis|72\/100\n|-damage|p2b: Grapploct|36\/100\n|-boost|p1b: Kommo-o|atk|1\n|-boost|p1b: Kommo-o|def|1\n|-boost|p1b: Kommo-o|spa|1\n|-boost|p1b: Kommo-o|spd|1\n|-boost|p1b: Kommo-o|spe|1\n|move|p2a: Lurantis|Leaf Storm|p1a: Furret\n|-damage|p1a: Furret|38\/100\n|-boost|p2a: Lurantis|spa|2\n|move|p2b: Grapploct|Octolock|p1a: Furret\n|-start|p1a: Furret|move: Octolock|[of] p2b: Grapploct\n|\n|-heal|p1a: Furret|44\/100|[from] item: Leftovers\n|-heal|p2b: Grapploct|42\/100|[from] item: Leftovers\n|-unboost|p1a: Furret|def|1\n|-unboost|p1a: Furret|spd|1\n|upkeep\n|turn|2\n|inactive|Flick1 has 120 seconds left.\n|inactive|Schuey_007 has 120 seconds left.\n|\n|t:|1695646574\n|-terastallize|p2a: Lurantis|Fairy\n|move|p1a: Furret|Follow Me|p1a: Furret\n|-singleturn|p1a: Furret|move: Follow Me\n|move|p1b: Kommo-o|Clanging Scales|p2a: Lurantis|[spread] p2b\n|-immune|p2a: Lurantis\n|-damage|p2b: Grapploct|0 fnt\n|faint|p2b: Grapploct\n|-unboost|p1b: Kommo-o|def|1\n|move|p2a: Lurantis|Giga Drain|p1a: Furret\n|-damage|p1a: Furret|0 fnt\n|-heal|p2a: Lurantis|92\/100|[from] drain|[of] p1a: Furret\n|faint|p1a: Furret\n|\n|upkeep\n|\n|t:|1695646592\n|switch|p1a: Gardevoir|Gardevoir, F, shiny|100\/100\n|switch|p2b: Cramorant|Cramorant, F, shiny|100\/100\n|turn|3\n|\n|t:|1695646605\n|detailschange|p1a: Gardevoir|Gardevoir-Mega, F, shiny\n|-mega|p1a: Gardevoir|Gardevoir|Gardevoirite\n|move|p1b: Kommo-o|Protect|p1b: Kommo-o\n|-singleturn|p1b: Kommo-o|Protect\n|move|p1a: Gardevoir|Psych Up|p1b: Kommo-o\n|-copyboost|p1a: Gardevoir|p1b: Kommo-o|[from] move: Psych Up\n|move|p2b: Cramorant|Air Slash|p1b: Kommo-o\n|-activate|p1b: Kommo-o|move: Protect\n|move|p2a: Lurantis|Leaf Storm|p1a: Gardevoir\n|-damage|p1a: Gardevoir|54\/100\n|-boost|p2a: Lurantis|spa|2\n|\n|upkeep\n|turn|4\n|\n|t:|1695646634\n|switch|p1b: Indeedee|Indeedee-F, F|100\/100\n|-fieldstart|move: Psychic Terrain|[from] ability: Psychic Surge|[of] p1b: Indeedee\n|move|p1a: Gardevoir|Expanding Force|p2b: Cramorant|[spread] p2a,p2b\n|-damage|p2a: Lurantis|32\/100\n|-damage|p2b: Cramorant|0 fnt\n|faint|p2b: Cramorant\n|move|p2a: Lurantis|Tera Blast|p1b: Indeedee|[anim] Tera Blast Fairy\n|-damage|p1b: Indeedee|31\/100\n|\n|upkeep\n|\n|t:|1695646644\n|switch|p2b: Gastrodon|Gastrodon, F|100\/100\n|turn|5\n|\n|t:|1695646652\n|move|p1b: Indeedee|Helping Hand|p1a: Gardevoir\n|-singleturn|p1a: Gardevoir|Helping Hand|[of] p1b: Indeedee\n|move|p1a: Gardevoir|Expanding Force|p2b: Gastrodon|[spread] p2a,p2b\n|-crit|p2b: Gastrodon\n|-damage|p2a: Lurantis|0 fnt\n|-damage|p2b: Gastrodon|0 fnt\n|faint|p2a: Lurantis\n|faint|p2b: Gastrodon\n|\n|upkeep\n|\n|t:|1695646659\n|switch|p2a: Ninetales|Ninetales, M|100\/100\n|switch|p2b: Houndoom|Houndoom, M|100\/100\n|-weather|SunnyDay|[from] ability: Drought|[of] p2a: Ninetales\n|turn|6\n|\n|t:|1695646671\n|detailschange|p2b: Houndoom|Houndoom-Mega, M\n|-mega|p2b: Houndoom|Houndoom|Houndoominite\n|move|p1b: Indeedee|Follow Me|p1b: Indeedee\n|-singleturn|p1b: Indeedee|move: Follow Me\n|move|p1a: Gardevoir|Hyper Voice|p2a: Ninetales|[spread] p2a,p2b\n|-resisted|p2a: Ninetales\n|-damage|p2a: Ninetales|60\/100\n|-damage|p2b: Houndoom|12\/100\n|move|p2b: Houndoom|Dark Pulse|p1b: Indeedee\n|-supereffective|p1b: Indeedee\n|-damage|p1b: Indeedee|0 fnt\n|faint|p1b: Indeedee\n|move|p2a: Ninetales|Fire Blast|p1a: Gardevoir\n|-damage|p1a: Gardevoir|0 fnt\n|faint|p1a: Gardevoir\n|\n|-weather|SunnyDay|[upkeep]\n|-damage|p2b: Houndoom|0 fnt|[from] ability: Solar Power|[of] p2b: Houndoom\n|faint|p2b: Houndoom\n|upkeep\n|\n|t:|1695646692\n|switch|p1a: Dusclops|Dusclops, M|100\/100\n|switch|p1b: Kommo-o|Kommo-o, M|100\/100\n|-ability|p1a: Dusclops|Pressure\n|turn|7\n|\n|t:|1695646704\n|move|p2a: Ninetales|Fire Blast|p1a: Dusclops\n|-damage|p1a: Dusclops|64\/100\n|move|p1b: Kommo-o|Clanging Scales|p2a: Ninetales\n|-damage|p2a: Ninetales|3\/100\n|-unboost|p1b: Kommo-o|def|1\n|move|p1a: Dusclops|Shadow Punch|p2a: Ninetales\n|-damage|p2a: Ninetales|0 fnt\n|faint|p2a: Ninetales\n|\n|win|Flick1\n|raw|Flick1's rating: 1000 &rarr; <strong>1050<\/strong><br \/>(+50 for winning)\n|raw|Schuey_007's rating: 1090 &rarr; <strong>1061<\/strong><br \/>(-29 for losing)\n|l|\u2606Schuey_007\n","uploadtime":1695646719,"views":8,"p1id":"flick1","p2id":"schuey007","formatid":"gen9nationaldexdoubles","rating":1050,"private":0,"password":""}