{"id":"gen9nationaldexdoubles-1978734461","p1":"PyraFox","p2":"Gi th Uk if if","format":"[Gen 9] National Dex Doubles","log":"|j|\u2606PyraFox\n|j|\u2606Gi th Uk if if\n|t:|1698588638\n|gametype|doubles\n|player|p1|PyraFox|veteran|1045\n|player|p2|Gi th Uk if if|lucas|1000\n|teamsize|p1|6\n|teamsize|p2|6\n|gen|9\n|tier|[Gen 9] National Dex Doubles\n|rated|\n|rule|HP Percentage Mod: HP is shown in percentages\n|rule|Endless Battle Clause: Forcing endless battles is banned\n|rule|OHKO Clause: OHKO moves are banned\n|rule|Evasion Moves Clause: Evasion moves are banned\n|rule|Evasion Abilities Clause: Evasion abilities are banned\n|rule|Species Clause: Limit one of each Pok\u00e9mon\n|rule|Gravity Sleep Clause: The combination of sleep-inducing moves with imperfect accuracy and Gravity or Gigantamax Orbeetle are banned\n|clearpoke\n|poke|p1|Arboliva, F|\n|poke|p1|Trevenant, M|\n|poke|p1|Oricorio, M|\n|poke|p1|Espathra, F|\n|poke|p1|Grafaiai, M|\n|poke|p1|Grimmsnarl, M|\n|poke|p2|Indeedee, M|\n|poke|p2|Deoxys-Attack|\n|poke|p2|Typhlosion, M|\n|poke|p2|Kartana|\n|poke|p2|Murkrow, F|\n|poke|p2|Shuckle, F|\n|teampreview\n|\n|t:|1698588644\n|start\n|switch|p1a: Oricorio|Oricorio, M, shiny|100\/100\n|switch|p1b: Espathra|Espathra, F, shiny|100\/100\n|switch|p2a: Murkrow|Murkrow, F|100\/100\n|switch|p2b: Shuckle|Shuckle, F|100\/100\n|turn|1\n|inactive|Battle timer is ON: inactive players will automatically lose when time's up. (requested by Gi th Uk if if)\n|\n|t:|1698588658\n|-terastallize|p1b: Espathra|Fairy\n|move|p2a: Murkrow|Perish Song|p2a: Murkrow\n|-start|p1a: Oricorio|perish3|[silent]\n|-start|p1b: Espathra|perish3|[silent]\n|-start|p2a: Murkrow|perish3|[silent]\n|-start|p2b: Shuckle|perish3|[silent]\n|-fieldactivate|move: Perish Song\n|move|p1b: Espathra|Tera Blast|p2a: Murkrow|[anim] Tera Blast Fairy\n|-supereffective|p2a: Murkrow\n|-enditem|p2a: Murkrow|Focus Sash\n|-damage|p2a: Murkrow|1\/100\n|move|p1a: Oricorio|Tailwind|p1a: Oricorio\n|-sidestart|p1: PyraFox|move: Tailwind\n|move|p2b: Shuckle|Stealth Rock|p1b: Espathra\n|-sidestart|p1: PyraFox|move: Stealth Rock\n|\n|-start|p1b: Espathra|perish3\n|-start|p1a: Oricorio|perish3\n|-start|p2a: Murkrow|perish3\n|-start|p2b: Shuckle|perish3\n|upkeep\n|turn|2\n|inactive|PyraFox has 120 seconds left.\n|\n|t:|1698588696\n|move|p2a: Murkrow|Tailwind|p2a: Murkrow\n|-sidestart|p2: Gi th Uk if if|move: Tailwind\n|move|p1b: Espathra|Lumina Crash|p2b: Shuckle\n|-damage|p2b: Shuckle|78\/100\n|-unboost|p2b: Shuckle|spd|2\n|move|p1a: Oricorio|Air Slash|p2a: Murkrow\n|-damage|p2a: Murkrow|0 fnt\n|faint|p2a: Murkrow\n|move|p2b: Shuckle|Toxic|p1a: Oricorio|[miss]\n|-miss|p2b: Shuckle|p1a: Oricorio\n|\n|-start|p1b: Espathra|perish2\n|-start|p1a: Oricorio|perish2\n|-start|p2b: Shuckle|perish2\n|upkeep\n|inactive|Gi th Uk if if has 120 seconds left.\n|\n|t:|1698588724\n|switch|p2a: Kartana|Kartana|100\/100\n|turn|3\n|inactive|Gi th Uk if if has 120 seconds left.\n|\n|t:|1698588753\n|switch|p1b: Grimmsnarl|Grimmsnarl, M|100\/100\n|-damage|p1b: Grimmsnarl|88\/100|[from] Stealth Rock\n|switch|p1a: Grafaiai|Grafaiai, M|100\/100\n|-damage|p1a: Grafaiai|88\/100|[from] Stealth Rock\n|move|p2a: Kartana|Smart Strike|p1b: Grimmsnarl\n|-supereffective|p1b: Grimmsnarl\n|-damage|p1b: Grimmsnarl|0 fnt\n|faint|p1b: Grimmsnarl\n|-ability|p2a: Kartana|Beast Boost|boost\n|-boost|p2a: Kartana|atk|1\n|move|p2b: Shuckle|Toxic|p1a: Grafaiai|[miss]\n|-miss|p2b: Shuckle|p1a: Grafaiai\n|\n|-heal|p1a: Grafaiai|94\/100|[from] item: Black Sludge\n|-start|p2b: Shuckle|perish1\n|upkeep\n|inactive|PyraFox has 120 seconds left.\n|\n|t:|1698588773\n|switch|p1b: Espathra|Espathra, F, shiny, tera:Fairy|100\/100\n|-damage|p1b: Espathra|88\/100|[from] Stealth Rock\n|turn|4\n|\n|t:|1698588788\n|switch|p2b: Indeedee|Indeedee, M|100\/100\n|-fieldstart|move: Psychic Terrain|[from] ability: Psychic Surge|[of] p2b: Indeedee\n|move|p1a: Grafaiai|Switcheroo|p2a: Kartana\n|-activate|p2a: Kartana|move: Psychic Terrain\n|move|p2a: Kartana|Smart Strike|p1b: Espathra\n|-supereffective|p1b: Espathra\n|-damage|p1b: Espathra|0 fnt\n|faint|p1b: Espathra\n|-ability|p2a: Kartana|Beast Boost|boost\n|-boost|p2a: Kartana|atk|1\n|\n|-heal|p1a: Grafaiai|99\/100|[from] item: Black Sludge\n|-sideend|p1: PyraFox|move: Tailwind\n|upkeep\n|\n|t:|1698588799\n|switch|p1b: Oricorio|Oricorio, M, shiny|100\/100\n|-damage|p1b: Oricorio|51\/100|[from] Stealth Rock\n|turn|5\n|\n|t:|1698588812\n|move|p1a: Grafaiai|Swords Dance|p1a: Grafaiai\n|-boost|p1a: Grafaiai|atk|2\n|-activate|p1b: Oricorio|ability: Dancer\n|move|p1b: Oricorio|Swords Dance|p1b: Oricorio|[from]ability: Dancer\n|-boost|p1b: Oricorio|atk|2\n|move|p2a: Kartana|Smart Strike|p1a: Grafaiai\n|-damage|p1a: Grafaiai|0 fnt\n|faint|p1a: Grafaiai\n|-ability|p2a: Kartana|Beast Boost|boost\n|-boost|p2a: Kartana|atk|1\n|-enditem|p1b: Oricorio|Mirror Herb\n|-boost|p1b: Oricorio|atk|1|[from] item: Mirror Herb\n|move|p2b: Indeedee|Expanding Force|p1b: Oricorio\n|-damage|p1b: Oricorio|0 fnt\n|faint|p1b: Oricorio\n|\n|-sideend|p2: Gi th Uk if if|move: Tailwind\n|upkeep\n|\n|t:|1698588829\n|switch|p1a: Arboliva|Arboliva, F|100\/100\n|switch|p1b: Trevenant|Trevenant, M|100\/100\n|-damage|p1b: Trevenant|88\/100|[from] Stealth Rock\n|-damage|p1a: Arboliva|88\/100|[from] Stealth Rock\n|turn|6\n|\n|t:|1698588847\n|-terastallize|p2b: Indeedee|Psychic\n|move|p1a: Arboliva|Protect|p1a: Arboliva\n|-singleturn|p1a: Arboliva|Protect\n|move|p2a: Kartana|Smart Strike|p1b: Trevenant\n|-damage|p1b: Trevenant|0 fnt\n|faint|p1b: Trevenant\n|-ability|p2a: Kartana|Beast Boost|boost\n|-boost|p2a: Kartana|atk|1\n|move|p2b: Indeedee|Expanding Force|p1a: Arboliva\n|-activate|p1a: Arboliva|move: Protect\n|\n|upkeep\n|turn|7\n|-message|PyraFox forfeited.\n|\n|win|Gi th Uk if if\n|raw|PyraFox's rating: 1045 &rarr; <strong>1026<\/strong><br \/>(-19 for losing)\n|raw|Gi th Uk if if's rating: 1000 &rarr; <strong>1045<\/strong><br \/>(+45 for winning)\n|l|\u2606PyraFox\n","uploadtime":1698588860,"views":11,"p1id":"pyrafox","p2id":"githukifif","formatid":"gen9nationaldexdoubles","rating":1026,"private":0,"password":""}