{"id":"gen9nationaldexdoubles-1983843233","p1":"Jolly stranger","p2":"Play Tale of Wuxia","format":"[Gen 9] National Dex Doubles","log":"|j|\u2606Jolly stranger\n|j|\u2606Play Tale of Wuxia\n|t:|1699190585\n|gametype|doubles\n|player|p1|Jolly stranger|gentleman-gen4dp|\n|player|p2|Play Tale of Wuxia|gentleman|\n|teamsize|p1|6\n|teamsize|p2|6\n|gen|9\n|tier|[Gen 9] National Dex Doubles\n|rule|HP Percentage Mod: HP is shown in percentages\n|rule|Endless Battle Clause: Forcing endless battles is banned\n|rule|OHKO Clause: OHKO moves are banned\n|rule|Evasion Moves Clause: Evasion moves are banned\n|rule|Evasion Abilities Clause: Evasion abilities are banned\n|rule|Species Clause: Limit one of each Pok\u00e9mon\n|rule|Gravity Sleep Clause: The combination of sleep-inducing moves with imperfect accuracy and Gravity or Gigantamax Orbeetle are banned\n|clearpoke\n|poke|p1|Dudunsparce-*, F|\n|poke|p1|Indeedee-F, F|\n|poke|p1|Hatterene, F|\n|poke|p1|Maushold-Four|\n|poke|p1|Froslass, F|\n|poke|p1|Palafin, M|\n|poke|p2|Tornadus, M|\n|poke|p2|Dragonite, M|\n|poke|p2|Iron Bundle|\n|poke|p2|Iron Treads|\n|poke|p2|Primarina, M|\n|poke|p2|Iron Valiant|\n|teampreview\n|j| SgtSmilies\n|j| Datagne\n|inactive|Battle timer is ON: inactive players will automatically lose when time's up. (requested by Jolly stranger)\n|\n|t:|1699190606\n|start\n|switch|p1a: Dudummy|Dudunsparce-Three-Segment, F|100\/100\n|switch|p1b: Maushold-Five|Maushold-Four|100\/100\n|switch|p2a: Mr T|Tornadus, M|100\/100\n|switch|p2b: rockslide.exe|Iron Treads|100\/100\n|turn|1\n|\n|t:|1699190619\n|move|p2a: Mr T|Tailwind|p2a: Mr T\n|-sidestart|p2: Play Tale of Wuxia|move: Tailwind\n|move|p2b: rockslide.exe|Knock Off|p1a: Dudummy\n|-damage|p1a: Dudummy|82\/100\n|-ability|p1a: Dudummy|Rattled|boost\n|-boost|p1a: Dudummy|spe|1\n|-enditem|p1a: Dudummy|Weakness Policy|[from] move: Knock Off|[of] p2b: rockslide.exe\n|move|p1b: Maushold-Five|Beat Up|p1a: Dudummy\n|-damage|p1a: Dudummy|80\/100\n|-ability|p1a: Dudummy|Rattled|boost\n|-boost|p1a: Dudummy|spe|1\n|-damage|p1a: Dudummy|79\/100\n|-ability|p1a: Dudummy|Rattled|boost\n|-boost|p1a: Dudummy|spe|1\n|-crit|p1a: Dudummy\n|-damage|p1a: Dudummy|77\/100\n|-ability|p1a: Dudummy|Rattled|boost\n|-boost|p1a: Dudummy|spe|1\n|-damage|p1a: Dudummy|76\/100\n|-ability|p1a: Dudummy|Rattled|boost\n|-boost|p1a: Dudummy|spe|1\n|-damage|p1a: Dudummy|74\/100\n|-ability|p1a: Dudummy|Rattled|boost\n|-boost|p1a: Dudummy|spe|1\n|-damage|p1a: Dudummy|73\/100\n|-hitcount|p1a: Dudummy|6\n|move|p1a: Dudummy|Baton Pass|p1a: Dudummy\n|\n|t:|1699190628\n|switch|p1a: THE DEEDEEMENSION|Indeedee-F, F|100\/100|[from] Baton Pass\n|-fieldstart|move: Psychic Terrain|[from] ability: Psychic Surge|[of] p1a: THE DEEDEEMENSION\n|\n|upkeep\n|turn|2\n|\n|t:|1699190650\n|-terastallize|p1a: THE DEEDEEMENSION|Psychic\n|move|p1b: Maushold-Five|Follow Me|p1b: Maushold-Five\n|-singleturn|p1b: Maushold-Five|move: Follow Me\n|move|p1a: THE DEEDEEMENSION|Expanding Force|p2b: rockslide.exe|[spread] p2a,p2b\n|-resisted|p2b: rockslide.exe\n|-damage|p2a: Mr T|0 fnt\n|-damage|p2b: rockslide.exe|59\/100\n|faint|p2a: Mr T\n|move|p2b: rockslide.exe|Steel Roller|p1b: Maushold-Five\n|-damage|p1b: Maushold-Five|16\/100\n|-fieldend|move: Psychic Terrain\n|\n|upkeep\n|inactive|Play Tale of Wuxia has 270 seconds left.\n|\n|t:|1699190667\n|switch|p2a: do not bond|Iron Valiant|100\/100\n|turn|3\n|inactive|Play Tale of Wuxia has 270 seconds left.\n|\n|t:|1699190694\n|-terastallize|p2a: do not bond|Dark\n|move|p1b: Maushold-Five|Follow Me|p1b: Maushold-Five\n|-singleturn|p1b: Maushold-Five|move: Follow Me\n|move|p1a: THE DEEDEEMENSION|Stored Power|p2a: do not bond\n|-immune|p2a: do not bond\n|move|p2a: do not bond|Knock Off|p1b: Maushold-Five\n|-damage|p1b: Maushold-Five|0 fnt\n|-enditem|p1b: Maushold-Five|Focus Sash|[from] move: Knock Off|[of] p2a: do not bond\n|faint|p1b: Maushold-Five\n|move|p2b: rockslide.exe|Knock Off|p1a: THE DEEDEEMENSION\n|-supereffective|p1a: THE DEEDEEMENSION\n|-damage|p1a: THE DEEDEEMENSION|5\/100\n|-enditem|p1a: THE DEEDEEMENSION|Twisted Spoon|[from] move: Knock Off|[of] p2b: rockslide.exe\n|\n|upkeep\n|\n|t:|1699190709\n|switch|p1b: Froslass|Froslass, F|100\/100\n|turn|4\n|\n|t:|1699190729\n|move|p1b: Froslass|Ally Switch|p1b: Froslass\n|swap|p1b: Froslass|0|[from] move: Ally Switch\n|move|p1b: THE DEEDEEMENSION|Baton Pass|p1b: THE DEEDEEMENSION\n|\n|t:|1699190732\n|switch|p1b: Tricky hat|Hatterene, F|100\/100|[from] Baton Pass\n|move|p2a: do not bond|Knock Off|p1b: Tricky hat\n|-damage|p1b: Tricky hat|41\/100\n|-enditem|p1b: Tricky hat|Leftovers|[from] move: Knock Off|[of] p2a: do not bond\n|move|p2b: rockslide.exe|Knock Off|p1a: Froslass\n|-supereffective|p1a: Froslass\n|-damage|p1a: Froslass|0 fnt\n|-enditem|p1a: Froslass|Wide Lens|[from] move: Knock Off|[of] p2b: rockslide.exe\n|faint|p1a: Froslass\n|\n|-sideend|p2: Play Tale of Wuxia|move: Tailwind\n|upkeep\n|\n|t:|1699190744\n|switch|p1a: Palafin|Palafin, M|100\/100\n|turn|5\n|\n|t:|1699190754\n|detailschange|p1a: Palafin|Palafin-Hero, M\n|switch|p1a: THE DEEDEEMENSION|Indeedee-F, F, tera:Psychic|5\/100\n|-fieldstart|move: Psychic Terrain|[from] ability: Psychic Surge|[of] p1a: THE DEEDEEMENSION\n|move|p1b: Tricky hat|Dazzling Gleam|p2b: rockslide.exe|[spread] p2a,p2b\n|-supereffective|p2a: do not bond\n|-resisted|p2b: rockslide.exe\n|-enditem|p2a: do not bond|Focus Sash\n|-damage|p2a: do not bond|1\/100\n|-damage|p2b: rockslide.exe|42\/100\n|move|p2a: do not bond|Leaf Blade|p1a: THE DEEDEEMENSION\n|-damage|p1a: THE DEEDEEMENSION|0 fnt\n|faint|p1a: THE DEEDEEMENSION\n|move|p2b: rockslide.exe|High Horsepower|p1b: Tricky hat\n|-damage|p1b: Tricky hat|0 fnt\n|faint|p1b: Tricky hat\n|\n|upkeep\n|\n|t:|1699190765\n|switch|p1a: Palafin|Palafin-Hero, M|100\/100\n|switch|p1b: Dudummy|Dudunsparce-Three-Segment, F|73\/100\n|-activate|p1a: Palafin|ability: Zero to Hero\n|turn|6\n|\n|t:|1699190779\n|move|p2a: do not bond|Leaf Blade|p1a: Palafin\n|-supereffective|p1a: Palafin\n|-damage|p1a: Palafin|35\/100\n|move|p2b: rockslide.exe|High Horsepower|p1b: Dudummy\n|-damage|p1b: Dudummy|40\/100\n|move|p1a: Palafin|Drain Punch|p2b: rockslide.exe\n|-supereffective|p2b: rockslide.exe\n|-damage|p2b: rockslide.exe|0 fnt\n|-heal|p1a: Palafin|54\/100|[from] drain|[of] p2b: rockslide.exe\n|faint|p2b: rockslide.exe\n|-end|p2b: rockslide.exe|Quark Drive|[silent]\n|move|p1b: Dudummy|Ice Beam|p2a: do not bond\n|-damage|p2a: do not bond|0 fnt\n|faint|p2a: do not bond\n|-end|p2a: do not bond|Quark Drive|[silent]\n|\n|upkeep\n|inactive|Play Tale of Wuxia has 270 seconds left.\n|\n|t:|1699190810\n|switch|p2a: blizzard.exe|Iron Bundle|100\/100\n|switch|p2b: Hatsune Leonarth|Primarina, M|100\/100\n|-enditem|p2a: blizzard.exe|Booster Energy\n|-activate|p2a: blizzard.exe|ability: Quark Drive|[fromitem]\n|-start|p2a: blizzard.exe|quarkdrivespe\n|turn|7\n|\n|t:|1699190821\n|move|p2a: blizzard.exe|Freeze-Dry|p1a: Palafin\n|-supereffective|p1a: Palafin\n|-crit|p1a: Palafin\n|-damage|p1a: Palafin|0 fnt\n|faint|p1a: Palafin\n|move|p1b: Dudummy|Calm Mind|p1b: Dudummy\n|-boost|p1b: Dudummy|spa|1\n|-boost|p1b: Dudummy|spd|1\n|move|p2b: Hatsune Leonarth|Hyper Voice|p1b: Dudummy\n|-damage|p1b: Dudummy|6\/100\n|\n|upkeep\n|turn|8\n|\n|t:|1699190833\n|move|p2a: blizzard.exe|Freeze-Dry|p1b: Dudummy\n|-damage|p1b: Dudummy|0 fnt\n|faint|p1b: Dudummy\n|\n|win|Play Tale of Wuxia\n","uploadtime":1699190839,"views":14,"p1id":"jollystranger","p2id":"playtaleofwuxia","formatid":"gen9nationaldexdoubles","rating":0,"private":0,"password":""}