{"id":"gen9nationaldexdoubles-1974664732","p1":"Syph0n_78","p2":"Battlesmudge","format":"[Gen 9] National Dex Doubles","log":"|j|\u2606Syph0n_78\n|j|\u2606Battlesmudge\n|t:|1698108153\n|gametype|doubles\n|player|p1|Syph0n_78|170|\n|player|p2|Battlesmudge|pokemonbreeder-gen4|\n|teamsize|p1|6\n|teamsize|p2|6\n|gen|9\n|tier|[Gen 9] National Dex Doubles\n|rule|HP Percentage Mod: HP is shown in percentages\n|rule|Endless Battle Clause: Forcing endless battles is banned\n|rule|OHKO Clause: OHKO moves are banned\n|rule|Evasion Moves Clause: Evasion moves are banned\n|rule|Evasion Abilities Clause: Evasion abilities are banned\n|rule|Species Clause: Limit one of each Pok\u00e9mon\n|rule|Gravity Sleep Clause: The combination of sleep-inducing moves with imperfect accuracy and Gravity or Gigantamax Orbeetle are banned\n|clearpoke\n|poke|p1|Torterra, F|\n|poke|p1|Tyranitar, F|\n|poke|p1|Excadrill, M|\n|poke|p1|Ferrothorn, F|\n|poke|p1|Cradily, F|\n|poke|p1|Ogerpon-Cornerstone, F|\n|poke|p2|Charizard, M|\n|poke|p2|Alomomola, F|\n|poke|p2|Heatran, M|\n|poke|p2|Kommo-o, M|\n|poke|p2|Corviknight, F|\n|poke|p2|Clodsire, F|\n|teampreview\n|j| YaBoiCrim\n|c|\u2606Syph0n_78|wsg\n|c|\u2606Battlesmudge|interesting\n|c| YaBoiCrim|wsp\n|c|\u2606Battlesmudge|also scary\n|\n|t:|1698108191\n|start\n|switch|p1a: Tyranitar|Tyranitar, F|100\/100\n|switch|p1b: Ogerpon|Ogerpon-Cornerstone, F|100\/100\n|switch|p2a: Heatran|Heatran, M|100\/100\n|switch|p2b: Kommo-o|Kommo-o, M|100\/100\n|-weather|Sandstorm|[from] ability: Sand Stream|[of] p1a: Tyranitar\n|turn|1\n|\n|t:|1698108210\n|-terastallize|p2a: Heatran|Grass\n|move|p1b: Ogerpon|Play Rough|p2b: Kommo-o\n|-supereffective|p2b: Kommo-o\n|-damage|p2b: Kommo-o|0 fnt\n|faint|p2b: Kommo-o\n|move|p2a: Heatran|Magma Storm|p1b: Ogerpon\n|-damage|p1b: Ogerpon|52\/100\n|-activate|p1b: Ogerpon|move: Magma Storm|[of] p2a: Heatran\n|move|p1a: Tyranitar|Dragon Dance|p1a: Tyranitar\n|-boost|p1a: Tyranitar|atk|1\n|-boost|p1a: Tyranitar|spe|1\n|\n|-weather|Sandstorm|[upkeep]\n|-damage|p2a: Heatran|94\/100|[from] Sandstorm\n|-damage|p1b: Ogerpon|40\/100|[from] move: Magma Storm|[partiallytrapped]\n|upkeep\n|c|\u2606Syph0n_78|not THIS TIME BUCKO\n|c|\u2606Battlesmudge|please tell me you didnt build this specifically with my team in mind\n|c|\u2606Syph0n_78|No lol\n|\n|t:|1698108243\n|switch|p2b: Alomomola|Alomomola, F|100\/100\n|turn|2\n|c|\u2606Syph0n_78|I just knew you'd lead kommo-o so I led my only mon with a super effective move :Skull:\n|\n|t:|1698108284\n|move|p1b: Ogerpon|Spiky Shield|p1b: Ogerpon\n|-singleturn|p1b: Ogerpon|move: Protect\n|move|p2b: Alomomola|Protect|p2b: Alomomola\n|-singleturn|p2b: Alomomola|Protect\n|move|p1a: Tyranitar|Rock Slide|p2b: Alomomola|[spread] p2a\n|-activate|p2b: Alomomola|move: Protect\n|-damage|p2a: Heatran|55\/100\n|move|p2a: Heatran|Hidden Power|p1a: Tyranitar\n|-supereffective|p1a: Tyranitar\n|-damage|p1a: Tyranitar|62\/100\n|\n|-weather|Sandstorm|[upkeep]\n|-damage|p2a: Heatran|49\/100|[from] Sandstorm\n|-damage|p2b: Alomomola|94\/100|[from] Sandstorm\n|-damage|p1b: Ogerpon|28\/100|[from] move: Magma Storm|[partiallytrapped]\n|upkeep\n|turn|3\n|c|\u2606Syph0n_78|hp fighting?\n|c|\u2606Battlesmudge|I meant to put tera blast on this... I even changed it back to tera blast and saved but it keeps reverting to hp grass\n|c|\u2606Syph0n_78|thats\n|c|\u2606Syph0n_78|weird\n|\n|t:|1698108337\n|move|p1b: Ogerpon|Horn Leech|p2b: Alomomola\n|-supereffective|p2b: Alomomola\n|-damage|p2b: Alomomola|43\/100\n|-heal|p1b: Ogerpon|73\/100|[from] drain|[of] p2b: Alomomola\n|-enditem|p2b: Alomomola|Red Card|[of] p1b: Ogerpon\n|drag|p1b: Cradily|Cradily, F|100\/100\n|move|p1a: Tyranitar|Rock Slide|p2a: Heatran|[spread] p2a,p2b\n|-damage|p2a: Heatran|6\/100\n|-damage|p2b: Alomomola|18\/100\n|move|p2a: Heatran|Earth Power|p1a: Tyranitar\n|-supereffective|p1a: Tyranitar\n|-damage|p1a: Tyranitar|24\/100\n|move|p2b: Alomomola|Flip Turn|p1b: Cradily\n|-activate|p1b: Cradily|ability: Storm Drain\n|-ability|p1b: Cradily|Storm Drain|boost\n|-boost|p1b: Cradily|spa|1\n|\n|-weather|Sandstorm|[upkeep]\n|-damage|p2a: Heatran|0 fnt|[from] Sandstorm\n|-damage|p2b: Alomomola|11\/100|[from] Sandstorm\n|faint|p2a: Heatran\n|upkeep\n|c|\u2606Syph0n_78|dudeeeeeee\n|c|\u2606Syph0n_78|that was SO good for me\n|\n|t:|1698108362\n|switch|p2a: Corviknight|Corviknight, F|100\/100\n|turn|4\n|\n|t:|1698108374\n|switch|p1a: Excadrill|Excadrill, M, shiny|100\/100\n|move|p2b: Alomomola|Protect|p2b: Alomomola\n|-singleturn|p2b: Alomomola|Protect\n|move|p2a: Corviknight|Brave Bird|p1b: Cradily\n|-damage|p1b: Cradily|72\/100\n|-damage|p2a: Corviknight|91\/100|[from] Recoil\n|move|p1b: Cradily|Leech Seed|p2a: Corviknight\n|-start|p2a: Corviknight|move: Leech Seed\n|\n|-weather|Sandstorm|[upkeep]\n|-damage|p2b: Alomomola|5\/100|[from] Sandstorm\n|-heal|p1b: Cradily|78\/100|[from] item: Leftovers\n|-damage|p2a: Corviknight|78\/100|[from] Leech Seed|[of] p1b: Cradily\n|-heal|p1b: Cradily|90\/100|[silent]\n|upkeep\n|turn|5\n|\n|t:|1698108392\n|switch|p2b: Clodsire|Clodsire, F|100\/100\n|move|p1a: Excadrill|Swords Dance|p1a: Excadrill\n|-boost|p1a: Excadrill|atk|2\n|move|p2a: Corviknight|U-turn|p1b: Cradily\n|-supereffective|p1b: Cradily\n|-damage|p1b: Cradily|69\/100\n|\n|t:|1698108401\n|switch|p2a: Charizard|Charizard, M|100\/100|[from] U-turn\n|move|p1b: Cradily|Rock Slide|p2a: Charizard|[spread] p2a,p2b\n|-supereffective|p2a: Charizard\n|-resisted|p2b: Clodsire\n|-damage|p2a: Charizard|8\/100\n|-damage|p2b: Clodsire|92\/100\n|\n|-weather|none\n|-heal|p1b: Cradily|75\/100|[from] item: Leftovers\n|-heal|p2b: Clodsire|98\/100|[from] item: Leftovers\n|upkeep\n|turn|6\n|c|\u2606Battlesmudge|...\n|c|\u2606Syph0n_78|lmao\n|\n|t:|1698108423\n|switch|p1b: Tyranitar|Tyranitar, F|24\/100\n|-weather|Sandstorm|[from] ability: Sand Stream|[of] p1b: Tyranitar\n|move|p1a: Excadrill|Rock Slide|p2a: Charizard|[spread] p2a,p2b\n|-supereffective|p2a: Charizard\n|-resisted|p2b: Clodsire\n|-damage|p2a: Charizard|0 fnt\n|-damage|p2b: Clodsire|72\/100\n|faint|p2a: Charizard\n|cant|p2b: Clodsire|flinch\n|\n|-weather|Sandstorm|[upkeep]\n|-heal|p2b: Clodsire|79\/100|[from] item: Leftovers\n|upkeep\n|c|\u2606Syph0n_78|oh AND the flinch\n|c|\u2606Syph0n_78|dude tyranitar is a monster man\n|inactive|Battle timer is ON: inactive players will automatically lose when time's up. (requested by Battlesmudge)\n|c|\u2606Battlesmudge|E\n|\n|t:|1698108472\n|switch|p2a: Alomomola|Alomomola, F|39\/100\n|turn|7\n|\n|t:|1698108480\n|switch|p1b: Cradily|Cradily, F|75\/100\n|switch|p2a: Corviknight|Corviknight, F|78\/100\n|move|p1a: Excadrill|High Horsepower|p2b: Clodsire\n|-supereffective|p2b: Clodsire\n|-damage|p2b: Clodsire|0 fnt\n|faint|p2b: Clodsire\n|\n|-weather|Sandstorm|[upkeep]\n|-heal|p1b: Cradily|82\/100|[from] item: Leftovers\n|upkeep\n|\n|t:|1698108490\n|switch|p2b: Alomomola|Alomomola, F|72\/100\n|turn|8\n|c|\u2606Syph0n_78|nice read\n|c|\u2606Syph0n_78|kinda\n|c|\u2606Syph0n_78|with the swap\n|c|\u2606Syph0n_78|to cradily\n|c|\u2606Syph0n_78|idk\n|\n|t:|1698108513\n|move|p1a: Excadrill|Protect|p1a: Excadrill\n|-singleturn|p1a: Excadrill|Protect\n|move|p1b: Cradily|Protect|p1b: Cradily\n|-singleturn|p1b: Cradily|Protect\n|move|p2b: Alomomola|Wish|p2b: Alomomola\n|move|p2a: Corviknight|Brave Bird|p1a: Excadrill\n|-activate|p1a: Excadrill|move: Protect\n|\n|-weather|Sandstorm|[upkeep]\n|-damage|p2b: Alomomola|66\/100|[from] Sandstorm\n|-heal|p1b: Cradily|88\/100|[from] item: Leftovers\n|upkeep\n|turn|9\n|\n|t:|1698108542\n|move|p1a: Excadrill|Rock Slide|p2a: Corviknight|[spread] p2a,p2b\n|-damage|p2a: Corviknight|42\/100\n|-damage|p2b: Alomomola|41\/100\n|move|p2b: Alomomola|Ice Beam|p1a: Excadrill\n|-damage|p1a: Excadrill|86\/100\n|move|p2a: Corviknight|U-turn|p1b: Cradily\n|-supereffective|p1b: Cradily\n|-damage|p1b: Cradily|65\/100\n|move|p1b: Cradily|Leech Seed|p2a: Corviknight\n|-start|p2a: Corviknight|move: Leech Seed\n|\n|-weather|Sandstorm|[upkeep]\n|-damage|p2b: Alomomola|35\/100|[from] Sandstorm\n|-heal|p2b: Alomomola|85\/100|[from] move: Wish|[wisher] Alomomola\n|-heal|p1b: Cradily|71\/100|[from] item: Leftovers\n|-damage|p2a: Corviknight|30\/100|[from] Leech Seed|[of] p1b: Cradily\n|-heal|p1b: Cradily|83\/100|[silent]\n|upkeep\n|turn|10\n|c| YaBoiCrim|zeesue save this replay and send it to me\n|c|\u2606Syph0n_78|kk\n|\n|t:|1698108569\n|move|p1a: Excadrill|Rock Slide|p2b: Alomomola|[spread] p2b\n|-miss|p1a: Excadrill|p2a: Corviknight\n|-damage|p2b: Alomomola|63\/100\n|cant|p2b: Alomomola|flinch\n|move|p2a: Corviknight|Brave Bird|p1b: Cradily\n|-damage|p1b: Cradily|56\/100\n|-damage|p2a: Corviknight|20\/100|[from] Recoil\n|move|p1b: Cradily|Leech Seed|p2b: Alomomola\n|-start|p2b: Alomomola|move: Leech Seed\n|\n|-weather|none\n|-heal|p1b: Cradily|62\/100|[from] item: Leftovers\n|-damage|p2b: Alomomola|51\/100|[from] Leech Seed|[of] p1b: Cradily\n|-heal|p1b: Cradily|79\/100|[silent]\n|-damage|p2a: Corviknight|8\/100|[from] Leech Seed|[of] p1b: Cradily\n|-heal|p1b: Cradily|91\/100|[silent]\n|upkeep\n|turn|11\n|c|\u2606Battlesmudge|my team is weak into rock and ground\n|c|\u2606Battlesmudge|aaaaaaa\n|c|\u2606Syph0n_78|pov sun team\n|\n|t:|1698108596\n|switch|p1b: Tyranitar|Tyranitar, F|24\/100\n|-weather|Sandstorm|[from] ability: Sand Stream|[of] p1b: Tyranitar\n|move|p1a: Excadrill|High Horsepower|p2b: Alomomola\n|-damage|p2b: Alomomola|0 fnt\n|faint|p2b: Alomomola\n|move|p2a: Corviknight|Brave Bird|p1b: Tyranitar\n|-resisted|p1b: Tyranitar\n|-damage|p1b: Tyranitar|9\/100\n|-damage|p2a: Corviknight|2\/100|[from] Recoil\n|\n|-weather|Sandstorm|[upkeep]\n|-damage|p2a: Corviknight|0 fnt|[from] Leech Seed|[of] p1b: Tyranitar\n|-heal|p1b: Tyranitar|10\/100|[silent]\n|faint|p2a: Corviknight\n|\n|win|Syph0n_78\n|upkeep\n|c|\u2606Battlesmudge|do not tempt me\n|c|\u2606Syph0n_78|lmfaoooo\n|c|\u2606Syph0n_78|what, rain?>\n|c|\u2606Syph0n_78|4\/6 of my team is grass\n|c|\u2606Battlesmudge|i will resubmit my team with mega charizard y\n|c|\u2606Syph0n_78|lmfao why didn't you\n|c|\u2606Syph0n_78|make it\n|l| YaBoiCrim\n|c|\u2606Syph0n_78|y\n","uploadtime":1698108641,"views":8,"p1id":"syph0n78","p2id":"battlesmudge","formatid":"gen9nationaldexdoubles","rating":0,"private":0,"password":""}