{"id":"gen9nationaldexdoubles-1973557341","p1":"omegashenronone","p2":"Battlesmudge","format":"[Gen 9] National Dex Doubles","log":"|j|\u2606omegashenronone\n|j|\u2606Battlesmudge\n|t:|1697990536\n|gametype|doubles\n|player|p1|omegashenronone|hugh|\n|player|p2|Battlesmudge|pokemonbreeder-gen4|\n|teamsize|p1|6\n|teamsize|p2|6\n|gen|9\n|tier|[Gen 9] National Dex Doubles\n|rule|HP Percentage Mod: HP is shown in percentages\n|rule|Endless Battle Clause: Forcing endless battles is banned\n|rule|OHKO Clause: OHKO moves are banned\n|rule|Evasion Moves Clause: Evasion moves are banned\n|rule|Evasion Abilities Clause: Evasion abilities are banned\n|rule|Species Clause: Limit one of each Pok\u00e9mon\n|rule|Gravity Sleep Clause: The combination of sleep-inducing moves with imperfect accuracy and Gravity or Gigantamax Orbeetle are banned\n|clearpoke\n|poke|p1|Pelipper, M|\n|poke|p1|Gyarados, F|\n|poke|p1|Greninja-*, M|\n|poke|p1|Dracovish|\n|poke|p1|Walking Wake|\n|poke|p1|Rotom-Wash|\n|poke|p2|Charizard, F|\n|poke|p2|Alomomola, F|\n|poke|p2|Heatran, F|\n|poke|p2|Kommo-o, F|\n|poke|p2|Corviknight, M|\n|poke|p2|Clodsire, F|\n|teampreview\n|inactive|Battle timer is ON: inactive players will automatically lose when time's up. (requested by omegashenronone)\n|inactive|Battlesmudge also wants the timer to be on.\n|c|\u2606Battlesmudge|I thought walking wake and dracovish were ubers\n|c|\u2606omegashenronone|Ze fish is op\n|inactive|Battlesmudge has 270 seconds left.\n|c|\u2606omegashenronone|Nope OU\n|c|\u2606omegashenronone|Well i rhink their OU\n|\n|t:|1697990594\n|start\n|switch|p1a: Happy|Pelipper, M|100\/100\n|switch|p1b: Ze Fish?|Dracovish|100\/100\n|switch|p2a: Corviknight|Corviknight, M|100\/100\n|switch|p2b: Charizard|Charizard, F|100\/100\n|-weather|RainDance|[from] ability: Drizzle|[of] p1a: Happy\n|turn|1\n|c|\u2606omegashenronone|Since i can use them outside of ubers\n|\n|t:|1697990612\n|detailschange|p2b: Charizard|Charizard-Mega-X, F\n|-mega|p2b: Charizard|Charizard|Charizardite X\n|move|p1b: Ze Fish?|Fishious Rend|p2b: Charizard\n|-crit|p2b: Charizard\n|-damage|p2b: Charizard|0 fnt\n|faint|p2b: Charizard\n|move|p1a: Happy|Tailwind|p1a: Happy\n|-sidestart|p1: omegashenronone|move: Tailwind\n|move|p2a: Corviknight|Tailwind|p2a: Corviknight\n|-sidestart|p2: Battlesmudge|move: Tailwind\n|\n|-weather|RainDance|[upkeep]\n|upkeep\n|\n|t:|1697990620\n|switch|p2b: Kommo-o|Kommo-o, F|100\/100\n|turn|2\n|c|\u2606omegashenronone|X was the wrong choice\n|c|\u2606omegashenronone|Shouldve gone doe mega Y\n|\n|t:|1697990644\n|move|p1b: Ze Fish?|Fishious Rend|p2a: Corviknight\n|-damage|p2a: Corviknight|0 fnt\n|-damage|p1b: Ze Fish?|84\/100|[from] item: Rocky Helmet|[of] p2a: Corviknight\n|faint|p2a: Corviknight\n|-zpower|p2b: Kommo-o\n|move|p2b: Kommo-o|Clangorous Soulblaze|p1b: Ze Fish?|[zeffect]|[spread] p1a,p1b\n|-supereffective|p1b: Ze Fish?\n|-damage|p1a: Happy|46\/100\n|-damage|p1b: Ze Fish?|0 fnt\n|faint|p1b: Ze Fish?\n|-boost|p2b: Kommo-o|atk|1\n|-boost|p2b: Kommo-o|def|1\n|-boost|p2b: Kommo-o|spa|1\n|-boost|p2b: Kommo-o|spd|1\n|-boost|p2b: Kommo-o|spe|1\n|move|p1a: Happy|Hurricane|p2b: Kommo-o\n|-supereffective|p2b: Kommo-o\n|-damage|p2b: Kommo-o|40\/100\n|\n|-weather|RainDance|[upkeep]\n|upkeep\n|c|\u2606Battlesmudge|Not a sun team\n|inactive|Battlesmudge has 270 seconds left.\n|c|\u2606omegashenronone|Dam kommo-o Zmove is op\n|\n|t:|1697990683\n|switch|p1b: Former rotom phone|Rotom-Wash, shiny|100\/100\n|switch|p2a: Heatran|Heatran, F|100\/100\n|turn|3\n|\n|t:|1697990699\n|-terastallize|p2a: Heatran|Grass\n|move|p2b: Kommo-o|Clanging Scales|p1a: Happy|[spread] p1a,p1b\n|-damage|p1a: Happy|0 fnt\n|-damage|p1b: Former rotom phone|54\/100\n|faint|p1a: Happy\n|-unboost|p2b: Kommo-o|def|1\n|move|p1b: Former rotom phone|Thunder|p2b: Kommo-o\n|-resisted|p2b: Kommo-o\n|-damage|p2b: Kommo-o|15\/100\n|-damage|p1b: Former rotom phone|44\/100|[from] item: Life Orb\n|move|p2a: Heatran|Hidden Power|p1b: Former rotom phone\n|-supereffective|p1b: Former rotom phone\n|-damage|p1b: Former rotom phone|0 fnt\n|faint|p1b: Former rotom phone\n|\n|-weather|RainDance|[upkeep]\n|upkeep\n|\n|t:|1697990723\n|switch|p1b: CHERRY|Gyarados, F, shiny|100\/100\n|switch|p1a: Genji|Greninja, M, shiny|100\/100\n|-ability|p1b: CHERRY|Intimidate|boost\n|-unboost|p2a: Heatran|atk|1\n|-unboost|p2b: Kommo-o|atk|1\n|turn|4\n|c|\u2606Battlesmudge|Uuuuhhh\n|inactive|Battlesmudge has 270 seconds left.\n|c|\u2606omegashenronone|Lol\n|\n|t:|1697990760\n|switch|p2b: Clodsire|Clodsire, F|100\/100\n|detailschange|p1b: CHERRY|Gyarados-Mega, F, shiny\n|-mega|p1b: CHERRY|Gyarados|Gyaradosite\n|-ability|p1b: CHERRY|Mold Breaker\n|move|p1a: Genji|Ice Beam|p2a: Heatran\n|-start|p1a: Genji|typechange|Ice|[from] ability: Protean\n|-supereffective|p2a: Heatran\n|-damage|p2a: Heatran|28\/100\n|move|p1b: CHERRY|Waterfall|p2b: Clodsire\n|-supereffective|p2b: Clodsire\n|-damage|p2b: Clodsire|0 fnt\n|faint|p2b: Clodsire\n|move|p2a: Heatran|Hidden Power|p1a: Genji\n|-damage|p1a: Genji|46\/100\n|\n|-weather|RainDance|[upkeep]\n|-sideend|p2: Battlesmudge|move: Tailwind\n|-sideend|p1: omegashenronone|move: Tailwind\n|upkeep\n|j| PeanutChewer\n|c|\u2606Battlesmudge|Oh mold breaker\n|c|\u2606Battlesmudge|dang\n|c|\u2606omegashenronone|Yup?\n|inactive|Battlesmudge has 240 seconds left.\n|c|\u2606Battlesmudge|Had water absorb\n|c|\u2606omegashenronone|Thats the passive mega gyarados ability\n|\n|t:|1697990797\n|switch|p2b: Alomomola|Alomomola, F|100\/100\n|turn|5\n|inactive|Battlesmudge has 240 seconds left.\n|\n|t:|1697990847\n|move|p1a: Genji|Ice Beam|p2a: Heatran\n|-supereffective|p2a: Heatran\n|-damage|p2a: Heatran|0 fnt\n|faint|p2a: Heatran\n|move|p1b: CHERRY|Dragon Dance|p1b: CHERRY\n|-boost|p1b: CHERRY|atk|1\n|-boost|p1b: CHERRY|spe|1\n|move|p2b: Alomomola|Wish|p2b: Alomomola\n|\n|-weather|RainDance|[upkeep]\n|upkeep\n|\n|t:|1697990850\n|switch|p2a: Kommo-o|Kommo-o, F|15\/100\n|turn|6\n|inactive|Battlesmudge has 240 seconds left.\n|c|\u2606Battlesmudge|Gg\n|\n|t:|1697990866\n|move|p1b: CHERRY|Waterfall|p2b: Alomomola\n|-resisted|p2b: Alomomola\n|-damage|p2b: Alomomola|68\/100\n|-enditem|p2b: Alomomola|Red Card|[of] p1b: CHERRY\n|drag|p1b: Waking walk|Walking Wake|100\/100\n|-enditem|p1b: Waking walk|Booster Energy\n|-activate|p1b: Waking walk|ability: Protosynthesis|[fromitem]\n|-start|p1b: Waking walk|protosynthesisspa\n|move|p1a: Genji|Ice Beam|p2a: Kommo-o\n|-supereffective|p2a: Kommo-o\n|-damage|p2a: Kommo-o|0 fnt\n|faint|p2a: Kommo-o\n|move|p2b: Alomomola|Ice Beam|p1a: Genji\n|-resisted|p1a: Genji\n|-damage|p1a: Genji|38\/100\n|\n|-weather|RainDance|[upkeep]\n|-heal|p2b: Alomomola|100\/100|[from] move: Wish|[wisher] Alomomola\n|upkeep\n|turn|7\n|\n|t:|1697990889\n|move|p1a: Genji|Ice Beam|p2b: Alomomola\n|-resisted|p2b: Alomomola\n|-damage|p2b: Alomomola|67\/100\n|-status|p2b: Alomomola|frz\n|move|p1b: Waking walk|Hydro Steam|p2b: Alomomola\n|-resisted|p2b: Alomomola\n|-damage|p2b: Alomomola|12\/100 frz\n|-curestatus|p2b: Alomomola|frz|[msg]\n|move|p2b: Alomomola|Ice Beam|p1b: Waking walk\n|-damage|p1b: Waking walk|89\/100\n|\n|-weather|RainDance|[upkeep]\n|upkeep\n|turn|8\n|inactive|Battlesmudge has 270 seconds left.\n|\n|t:|1697990897\n|move|p2b: Alomomola|Protect|p2b: Alomomola\n|-singleturn|p2b: Alomomola|Protect\n|move|p1a: Genji|Ice Beam|p2b: Alomomola\n|-activate|p2b: Alomomola|move: Protect\n|move|p1b: Waking walk|Hydro Steam|p2b: Alomomola\n|-activate|p2b: Alomomola|move: Protect\n|\n|-weather|none\n|upkeep\n|turn|9\n|c|\u2606omegashenronone|Close match\n|\n|t:|1697990904\n|move|p1a: Genji|Ice Beam|p2b: Alomomola\n|-resisted|p2b: Alomomola\n|-damage|p2b: Alomomola|0 fnt\n|faint|p2b: Alomomola\n|\n|win|omegashenronone\n|c|\u2606Battlesmudge|Wanna go again?\n|c|\u2606omegashenronone|Ive only been accepting 1 battle per person a day since khush battled me 3 times in a row\n|c|\u2606Battlesmudge|Got it\n|c|\u2606Battlesmudge|see ya then\n|l| PeanutChewer\n|c|\u2606omegashenronone|Gpod luck with tomorrows match\n","uploadtime":1697990971,"views":8,"p1id":"omegashenronone","p2id":"battlesmudge","formatid":"gen9nationaldexdoubles","rating":0,"private":0,"password":""}