{"id":"gen9nationaldexdoubles-1967377742","p1":"ccD8 3+","p2":"Uchaku","format":"[Gen 9] National Dex Doubles","log":"|j|\u2606ccD8 3+\n|j|\u2606Uchaku\n|t:|1697295907\n|gametype|doubles\n|player|p1|ccD8 3+|2|1295\n|player|p2|Uchaku|colress|1386\n|teamsize|p1|6\n|teamsize|p2|6\n|gen|9\n|tier|[Gen 9] National Dex Doubles\n|rated|\n|rule|HP Percentage Mod: HP is shown in percentages\n|rule|Endless Battle Clause: Forcing endless battles is banned\n|rule|OHKO Clause: OHKO moves are banned\n|rule|Evasion Moves Clause: Evasion moves are banned\n|rule|Evasion Abilities Clause: Evasion abilities are banned\n|rule|Species Clause: Limit one of each Pok\u00e9mon\n|rule|Gravity Sleep Clause: The combination of sleep-inducing moves with imperfect accuracy and Gravity or Gigantamax Orbeetle are banned\n|clearpoke\n|poke|p1|Tapu Fini|\n|poke|p1|Metagross|\n|poke|p1|Rillaboom, F|\n|poke|p1|Zygarde|\n|poke|p1|Incineroar, M|\n|poke|p1|Tornadus, M|\n|poke|p2|Ursaluna-Bloodmoon, M|\n|poke|p2|Slowbro-Galar, M|\n|poke|p2|Spiritomb, M|\n|poke|p2|Copperajah, M|\n|poke|p2|Exeggutor-Alola, F|\n|poke|p2|Volcanion|\n|teampreview\n|inactive|Battle timer is ON: inactive players will automatically lose when time's up. (requested by ccD8 3+)\n|inactive|ccD8 3+ has 120 seconds left.\n|c|\u2606ccD8 3+|!learn Copperajah, trick room\n|c| ccD8 3+|\/raw <div class=\"infobox\">In [Gen 9] National Dex Doubles, Copperajah <span class=\"message-learn-cannotlearn\">can't<\/span> learn Trick Room<\/div>\n|c|\u2606ccD8 3+|!learn volcanion, trickroom\n|c| ccD8 3+|\/raw <div class=\"infobox\">In [Gen 9] National Dex Doubles, Volcanion <span class=\"message-learn-cannotlearn\">can't<\/span> learn Trick Room<\/div>\n|inactive|ccD8 3+ has 90 seconds left.\n|\n|t:|1697295989\n|start\n|switch|p1a: Tornadus|Tornadus, M|100\/100\n|switch|p1b: Tapu Fini|Tapu Fini|100\/100\n|switch|p2a: Spiritomb|Spiritomb, M, shiny|100\/100\n|switch|p2b: Copperajah|Copperajah, M, shiny|100\/100\n|-fieldstart|move: Misty Terrain|[from] ability: Misty Surge|[of] p1b: Tapu Fini\n|turn|1\n|\n|t:|1697296007\n|move|p1a: Tornadus|Protect|p1a: Tornadus\n|-singleturn|p1a: Tornadus|Protect\n|move|p1b: Tapu Fini|Trick|p2a: Spiritomb\n|-activate|p1b: Tapu Fini|move: Trick|[of] p2a: Spiritomb\n|-item|p2a: Spiritomb|Choice Scarf|[from] move: Trick\n|-item|p1b: Tapu Fini|Room Service|[from] move: Trick\n|move|p2b: Copperajah|Heavy Slam|p1b: Tapu Fini\n|-damage|p1b: Tapu Fini|0 fnt\n|faint|p1b: Tapu Fini\n|move|p2a: Spiritomb|Trick Room|p2a: Spiritomb\n|-fieldstart|move: Trick Room|[of] p2a: Spiritomb\n|\n|upkeep\n|inactive|ccD8 3+ has 120 seconds left.\n|inactive|ccD8 3+ has 90 seconds left.\n|\n|t:|1697296072\n|switch|p1b: Zygarde|Zygarde|100\/100\n|-ability|p1b: Zygarde|Aura Break\n|turn|2\n|\n|t:|1697296084\n|switch|p2a: Ursaluna|Ursaluna-Bloodmoon, M|100\/100\n|move|p1a: Tornadus|Tailwind|p1a: Tornadus\n|-sidestart|p1: ccD8 3+|move: Tailwind\n|move|p2b: Copperajah|Heavy Slam|p1a: Tornadus\n|-damage|p1a: Tornadus|0 fnt\n|faint|p1a: Tornadus\n|move|p1b: Zygarde|Thousand Arrows|p2b: Copperajah|[spread] p2a,p2b\n|-supereffective|p2b: Copperajah\n|-damage|p2a: Ursaluna|80\/100\n|-damage|p2b: Copperajah|38\/100\n|\n|-heal|p2a: Ursaluna|86\/100|[from] item: Leftovers\n|upkeep\n|inactive|ccD8 3+ has 90 seconds left.\n|\n|t:|1697296124\n|switch|p1a: Incineroar|Incineroar, M|100\/100\n|-ability|p1a: Incineroar|Intimidate|boost\n|-unboost|p2a: Ursaluna|atk|1\n|-unboost|p2b: Copperajah|atk|1\n|turn|3\n|\n|t:|1697296137\n|move|p1a: Incineroar|Fake Out|p2a: Ursaluna\n|-damage|p2a: Ursaluna|79\/100\n|move|p2b: Copperajah|Heavy Slam|p1b: Zygarde\n|-damage|p1b: Zygarde|56\/100\n|cant|p2a: Ursaluna|flinch\n|move|p1b: Zygarde|Substitute|p1b: Zygarde\n|-start|p1b: Zygarde|Substitute\n|-damage|p1b: Zygarde|31\/100\n|\n|-heal|p2a: Ursaluna|85\/100|[from] item: Leftovers\n|-heal|p1b: Zygarde|37\/100|[from] item: Leftovers\n|upkeep\n|turn|4\n|inactive|ccD8 3+ has 90 seconds left.\n|inactive|ccD8 3+ has 60 seconds left.\n|\n|t:|1697296195\n|move|p1b: Zygarde|Protect|p1b: Zygarde\n|-singleturn|p1b: Zygarde|Protect\n|move|p2b: Copperajah|Heavy Slam|p1b: Zygarde\n|-activate|p1b: Zygarde|move: Protect\n|move|p2a: Ursaluna|Earth Power|p1a: Incineroar\n|-supereffective|p1a: Incineroar\n|-damage|p1a: Incineroar|19\/100\n|move|p1a: Incineroar|Parting Shot|p2b: Copperajah\n|-unboost|p2b: Copperajah|atk|1\n|-unboost|p2b: Copperajah|spa|1\n|\n|t:|1697296209\n|switch|p1a: Rillaboom|Rillaboom, F|100\/100|[from] Parting Shot\n|-fieldstart|move: Grassy Terrain|[from] ability: Grassy Surge|[of] p1a: Rillaboom\n|\n|-heal|p2b: Copperajah|44\/100|[from] Grassy Terrain\n|-heal|p2a: Ursaluna|91\/100|[from] Grassy Terrain\n|-heal|p2a: Ursaluna|97\/100|[from] item: Leftovers\n|-heal|p1b: Zygarde|43\/100|[from] Grassy Terrain\n|-heal|p1b: Zygarde|50\/100|[from] item: Leftovers\n|upkeep\n|turn|5\n|inactive|ccD8 3+ has 60 seconds left.\n|\n|t:|1697296235\n|switch|p2b: Exeggutor|Exeggutor-Alola, F, shiny|100\/100\n|move|p1a: Rillaboom|Fake Out|p2a: Ursaluna\n|-damage|p2a: Ursaluna|86\/100\n|cant|p2a: Ursaluna|flinch\n|move|p1b: Zygarde|Dragon Dance|p1b: Zygarde\n|-boost|p1b: Zygarde|atk|1\n|-boost|p1b: Zygarde|spe|1\n|\n|-heal|p2a: Ursaluna|92\/100|[from] Grassy Terrain\n|-heal|p2a: Ursaluna|98\/100|[from] item: Leftovers\n|-heal|p1b: Zygarde|56\/100|[from] Grassy Terrain\n|-heal|p1b: Zygarde|62\/100|[from] item: Leftovers\n|-sideend|p1: ccD8 3+|move: Tailwind\n|-fieldend|move: Trick Room\n|upkeep\n|turn|6\n|inactive|ccD8 3+ has 60 seconds left.\n|inactive|ccD8 3+ has 30 seconds left.\n|inactive|ccD8 3+ has 20 seconds left.\n|\n|t:|1697296303\n|move|p1b: Zygarde|Dragon Dance|p1b: Zygarde\n|-boost|p1b: Zygarde|atk|1\n|-boost|p1b: Zygarde|spe|1\n|move|p1a: Rillaboom|Wood Hammer|p2a: Ursaluna\n|-supereffective|p2a: Ursaluna\n|-damage|p2a: Ursaluna|0 fnt\n|faint|p2a: Ursaluna\n|-damage|p1a: Rillaboom|66\/100|[from] Recoil\n|move|p2b: Exeggutor|Trick Room|p2b: Exeggutor\n|-fieldstart|move: Trick Room|[of] p2b: Exeggutor\n|\n|-heal|p1a: Rillaboom|72\/100|[from] Grassy Terrain\n|-heal|p1b: Zygarde|68\/100|[from] Grassy Terrain\n|-heal|p1b: Zygarde|74\/100|[from] item: Leftovers\n|upkeep\n|inactive|ccD8 3+ has 25 seconds left this turn.\n|\n|t:|1697296317\n|switch|p2a: Slowbro|Slowbro-Galar, M, shiny|100\/100\n|turn|7\n|-activate|p2a: Slowbro|ability: Quick Draw\n|\n|t:|1697296326\n|move|p2a: Slowbro|Shell Side Arm|p1a: Rillaboom|[anim] Shell Side Arm Physical\n|-supereffective|p1a: Rillaboom\n|-damage|p1a: Rillaboom|0 fnt\n|-hint|Physical Shell Side Arm\n|faint|p1a: Rillaboom\n|move|p2b: Exeggutor|Energy Ball|p1b: Zygarde\n|-end|p1b: Zygarde|Substitute\n|move|p1b: Zygarde|Thousand Arrows|p2a: Slowbro|[spread] p2a,p2b\n|-supereffective|p2a: Slowbro\n|-resisted|p2b: Exeggutor\n|-damage|p2a: Slowbro|0 fnt\n|-damage|p2b: Exeggutor|72\/100\n|faint|p2a: Slowbro\n|\n|-heal|p2b: Exeggutor|78\/100|[from] Grassy Terrain\n|-heal|p1b: Zygarde|80\/100|[from] Grassy Terrain\n|-heal|p1b: Zygarde|86\/100|[from] item: Leftovers\n|upkeep\n|inactive|ccD8 3+ has 60 seconds left.\n|\n|t:|1697296350\n|switch|p2a: Volcanion|Volcanion|100\/100\n|switch|p1a: Incineroar|Incineroar, M|19\/100\n|-ability|p1a: Incineroar|Intimidate|boost\n|-unboost|p2a: Volcanion|atk|1\n|-unboost|p2b: Exeggutor|atk|1\n|turn|8\n|\n|t:|1697296361\n|move|p1a: Incineroar|Fake Out|p2b: Exeggutor\n|-damage|p2b: Exeggutor|67\/100\n|cant|p2b: Exeggutor|flinch\n|move|p2a: Volcanion|Haze|p2a: Volcanion\n|-clearallboost\n|move|p1b: Zygarde|Thousand Arrows|p2a: Volcanion|[spread] p2a,p2b\n|-supereffective|p2a: Volcanion\n|-resisted|p2b: Exeggutor\n|-damage|p2a: Volcanion|52\/100\n|-damage|p2b: Exeggutor|51\/100\n|\n|-heal|p2b: Exeggutor|57\/100|[from] Grassy Terrain\n|-heal|p2a: Volcanion|58\/100|[from] Grassy Terrain\n|-heal|p1a: Incineroar|25\/100|[from] Grassy Terrain\n|-heal|p1b: Zygarde|93\/100|[from] Grassy Terrain\n|-heal|p1b: Zygarde|99\/100|[from] item: Leftovers\n|-fieldend|move: Grassy Terrain\n|upkeep\n|turn|9\n|inactive|ccD8 3+ has 60 seconds left.\n|\n|t:|1697296397\n|move|p1b: Zygarde|Protect|p1b: Zygarde\n|-singleturn|p1b: Zygarde|Protect\n|move|p2b: Exeggutor|Energy Ball|p1b: Zygarde\n|-activate|p1b: Zygarde|move: Protect\n|move|p2a: Volcanion|Scorching Sands|p1a: Incineroar\n|-supereffective|p1a: Incineroar\n|-damage|p1a: Incineroar|0 fnt\n|faint|p1a: Incineroar\n|-damage|p2a: Volcanion|48\/100|[from] item: Life Orb\n|\n|-heal|p1b: Zygarde|100\/100|[from] item: Leftovers\n|upkeep\n|\n|t:|1697296406\n|switch|p1a: Metagross|Metagross|100\/100\n|turn|10\n|inactive|ccD8 3+ has 60 seconds left.\n|\n|t:|1697296438\n|detailschange|p1a: Metagross|Metagross-Mega\n|-mega|p1a: Metagross|Metagross|Metagrossite\n|-terastallize|p1b: Zygarde|Fire\n|move|p1a: Metagross|Protect|p1a: Metagross\n|-singleturn|p1a: Metagross|Protect\n|move|p2b: Exeggutor|Draco Meteor|p1b: Zygarde\n|-damage|p1b: Zygarde|27\/100\n|-unboost|p2b: Exeggutor|spa|2\n|move|p2a: Volcanion|Flamethrower|p1a: Metagross\n|-activate|p1a: Metagross|move: Protect\n|move|p1b: Zygarde|Substitute|p1b: Zygarde\n|-start|p1b: Zygarde|Substitute\n|-damage|p1b: Zygarde|2\/100\n|\n|-heal|p1b: Zygarde|9\/100|[from] item: Leftovers\n|-fieldend|move: Trick Room\n|upkeep\n|turn|11\n|inactive|ccD8 3+ has 60 seconds left.\n|\n|t:|1697296475\n|move|p1a: Metagross|Bullet Punch|p2b: Exeggutor\n|-damage|p2b: Exeggutor|26\/100\n|-enditem|p2b: Exeggutor|Sitrus Berry|[eat]\n|-heal|p2b: Exeggutor|51\/100|[from] item: Sitrus Berry\n|move|p1b: Zygarde|Thousand Arrows|p2a: Volcanion|[spread] p2a,p2b\n|-supereffective|p2a: Volcanion\n|-resisted|p2b: Exeggutor\n|-damage|p2a: Volcanion|0 fnt\n|-damage|p2b: Exeggutor|34\/100\n|faint|p2a: Volcanion\n|move|p2b: Exeggutor|Trick Room|p2b: Exeggutor\n|-fieldstart|move: Trick Room|[of] p2b: Exeggutor\n|\n|-heal|p1b: Zygarde|15\/100|[from] item: Leftovers\n|-item|p2b: Exeggutor|Sitrus Berry|[from] ability: Harvest\n|upkeep\n|-enditem|p2b: Exeggutor|Sitrus Berry|[eat]\n|-heal|p2b: Exeggutor|59\/100|[from] item: Sitrus Berry\n|\n|t:|1697296492\n|switch|p2a: Copperajah|Copperajah, M, shiny|44\/100\n|turn|12\n|\n|t:|1697296507\n|switch|p2b: Spiritomb|Spiritomb, M, shiny|100\/100\n|move|p2a: Copperajah|Heavy Slam|p1b: Zygarde\n|-resisted|p1b: Zygarde\n|-end|p1b: Zygarde|Substitute\n|move|p1b: Zygarde|Thousand Arrows|p2a: Copperajah|[spread] p2a,p2b\n|-supereffective|p2a: Copperajah\n|-damage|p2a: Copperajah|0 fnt\n|-damage|p2b: Spiritomb|67\/100\n|faint|p2a: Copperajah\n|move|p1a: Metagross|Stomping Tantrum|p2b: Spiritomb\n|-damage|p2b: Spiritomb|27\/100\n|\n|-heal|p1b: Zygarde|21\/100|[from] item: Leftovers\n|upkeep\n|\n|t:|1697296519\n|switch|p2a: Exeggutor|Exeggutor-Alola, F, shiny|59\/100\n|turn|13\n|inactive|ccD8 3+ has 90 seconds left.\n|\n|t:|1697296536\n|-terastallize|p2b: Spiritomb|Ghost\n|move|p1b: Zygarde|Protect|p1b: Zygarde\n|-singleturn|p1b: Zygarde|Protect\n|move|p1a: Metagross|Protect|p1a: Metagross\n|-singleturn|p1a: Metagross|Protect\n|move|p2a: Exeggutor|Energy Ball|p1b: Zygarde\n|-activate|p1b: Zygarde|move: Protect\n|move|p2b: Spiritomb|Poltergeist|p1a: Metagross\n|-activate|p1a: Metagross|move: Protect\n|\n|-heal|p1b: Zygarde|27\/100|[from] item: Leftovers\n|-item|p2a: Exeggutor|Sitrus Berry|[from] ability: Harvest\n|upkeep\n|turn|14\n|\n|t:|1697296554\n|move|p1a: Metagross|Bullet Punch|p2b: Spiritomb\n|-damage|p2b: Spiritomb|0 fnt\n|faint|p2b: Spiritomb\n|move|p2a: Exeggutor|Energy Ball|p1b: Zygarde\n|-resisted|p1b: Zygarde\n|-damage|p1b: Zygarde|4\/100\n|move|p1b: Zygarde|Thousand Arrows|p2a: Exeggutor\n|-resisted|p2a: Exeggutor\n|-damage|p2a: Exeggutor|38\/100\n|-enditem|p2a: Exeggutor|Sitrus Berry|[eat]\n|-heal|p2a: Exeggutor|62\/100|[from] item: Sitrus Berry\n|\n|-heal|p1b: Zygarde|11\/100|[from] item: Leftovers\n|upkeep\n|turn|15\n|\n|t:|1697296570\n|move|p1b: Zygarde|Protect|p1b: Zygarde\n|-singleturn|p1b: Zygarde|Protect\n|move|p1a: Metagross|Protect|p1a: Metagross\n|-singleturn|p1a: Metagross|Protect\n|move|p2a: Exeggutor|Energy Ball|p1b: Zygarde\n|-activate|p1b: Zygarde|move: Protect\n|\n|-heal|p1b: Zygarde|17\/100|[from] item: Leftovers\n|-fieldend|move: Trick Room\n|-item|p2a: Exeggutor|Sitrus Berry|[from] ability: Harvest\n|upkeep\n|turn|16\n|\n|t:|1697296588\n|move|p1a: Metagross|Bullet Punch|p2a: Exeggutor\n|-damage|p2a: Exeggutor|31\/100\n|-enditem|p2a: Exeggutor|Sitrus Berry|[eat]\n|-heal|p2a: Exeggutor|56\/100|[from] item: Sitrus Berry\n|move|p1b: Zygarde|Thousand Arrows|p2a: Exeggutor\n|-resisted|p2a: Exeggutor\n|-damage|p2a: Exeggutor|36\/100\n|move|p2a: Exeggutor|Energy Ball|p1b: Zygarde\n|-resisted|p1b: Zygarde\n|-damage|p1b: Zygarde|0 fnt\n|faint|p1b: Zygarde\n|\n|upkeep\n|turn|17\n|\n|t:|1697296602\n|move|p1a: Metagross|Bullet Punch|p2a: Exeggutor\n|-damage|p2a: Exeggutor|6\/100\n|move|p2a: Exeggutor|Trick Room|p2a: Exeggutor\n|-fieldstart|move: Trick Room|[of] p2a: Exeggutor\n|\n|upkeep\n|turn|18\n|\n|t:|1697296609\n|move|p1a: Metagross|Bullet Punch|p2a: Exeggutor\n|-damage|p2a: Exeggutor|0 fnt\n|faint|p2a: Exeggutor\n|\n|win|ccD8 3+\n|raw|ccD8 3+'s rating: 1295 &rarr; <strong>1326<\/strong><br \/>(+31 for winning)\n|raw|Uchaku's rating: 1386 &rarr; <strong>1361<\/strong><br \/>(-25 for losing)\n|l|\u2606Uchaku\n","uploadtime":1697296620,"views":11,"p1id":"ccd83","p2id":"uchaku","formatid":"gen9nationaldexdoubles","rating":1326,"private":0,"password":""}