{"id":"gen9nationaldexdoubles-1979279530","p1":"Xlander_99","p2":"Inkubone","format":"[Gen 9] National Dex Doubles","log":"|j|\u2606Xlander_99\n|j|\u2606Inkubone\n|t:|1698665582\n|gametype|doubles\n|player|p1|Xlander_99|266|1231\n|player|p2|Inkubone|yellow|1137\n|teamsize|p1|6\n|teamsize|p2|6\n|gen|9\n|tier|[Gen 9] National Dex Doubles\n|rated|\n|rule|HP Percentage Mod: HP is shown in percentages\n|rule|Endless Battle Clause: Forcing endless battles is banned\n|rule|OHKO Clause: OHKO moves are banned\n|rule|Evasion Moves Clause: Evasion moves are banned\n|rule|Evasion Abilities Clause: Evasion abilities are banned\n|rule|Species Clause: Limit one of each Pok\u00e9mon\n|rule|Gravity Sleep Clause: The combination of sleep-inducing moves with imperfect accuracy and Gravity or Gigantamax Orbeetle are banned\n|clearpoke\n|poke|p1|Bronzong|\n|poke|p1|Avalugg-Hisui, M|\n|poke|p1|Cresselia, F|\n|poke|p1|Ursaluna, F|\n|poke|p1|Crawdaunt, M|\n|poke|p1|Kingambit, F|\n|poke|p2|Victini|\n|poke|p2|Audino, F|\n|poke|p2|Slowbro, M|\n|poke|p2|Clefairy, F|\n|poke|p2|Ursaluna, F|\n|poke|p2|Enamorus-Therian, F|\n|teampreview\n|\n|t:|1698665599\n|start\n|switch|p1a: Bronzong|Bronzong|100\/100\n|switch|p1b: Avalugg|Avalugg-Hisui, M|100\/100\n|switch|p2a: Clefairy|Clefairy, F|100\/100\n|switch|p2b: Victini|Victini|100\/100\n|turn|1\n|\n|t:|1698665622\n|move|p2b: Victini|U-turn|p1a: Bronzong\n|-damage|p1a: Bronzong|84\/100\n|\n|t:|1698665630\n|switch|p2b: Slowbro|Slowbro, M|100\/100|[from] U-turn\n|move|p1b: Avalugg|High Horsepower|p2b: Slowbro\n|-damage|p2b: Slowbro|61\/100\n|-damage|p1b: Avalugg|91\/100|[from] item: Life Orb\n|move|p2a: Clefairy|Chilling Water|p1b: Avalugg\n|-supereffective|p1b: Avalugg\n|-damage|p1b: Avalugg|59\/100\n|-unboost|p1b: Avalugg|atk|1\n|move|p1a: Bronzong|Trick Room|p1a: Bronzong\n|-fieldstart|move: Trick Room|[of] p1a: Bronzong\n|\n|upkeep\n|turn|2\n|\n|t:|1698665664\n|move|p1a: Bronzong|Stealth Rock|p2a: Clefairy\n|-sidestart|p2: Inkubone|move: Stealth Rock\n|move|p2b: Slowbro|Flamethrower|p1a: Bronzong\n|-supereffective|p1a: Bronzong\n|-damage|p1a: Bronzong|49\/100\n|move|p2a: Clefairy|Life Dew||[still]|[spread] p2a,p2b\n|-fail|p2a: Clefairy|heal\n|-heal|p2b: Slowbro|86\/100\n|move|p1b: Avalugg|Ice Fang|p2a: Clefairy\n|-damage|p2a: Clefairy|56\/100\n|-status|p2a: Clefairy|frz\n|-damage|p1b: Avalugg|49\/100|[from] item: Life Orb\n|\n|upkeep\n|turn|3\n|\n|t:|1698665692\n|switch|p1a: Crawdaunt|Crawdaunt, M|100\/100\n|move|p2b: Slowbro|Scald|p1b: Avalugg\n|-supereffective|p1b: Avalugg\n|-damage|p1b: Avalugg|0 fnt\n|faint|p1b: Avalugg\n|cant|p2a: Clefairy|frz\n|\n|upkeep\n|\n|t:|1698665702\n|switch|p1b: Cresselia|Cresselia, F|100\/100\n|turn|4\n|\n|t:|1698665729\n|switch|p2b: Enamorus|Enamorus-Therian, F|100\/100\n|-damage|p2b: Enamorus|76\/100|[from] Stealth Rock\n|cant|p2a: Clefairy|frz\n|move|p1a: Crawdaunt|Swords Dance|p1a: Crawdaunt\n|-boost|p1a: Crawdaunt|atk|2\n|move|p1b: Cresselia|Moonblast|p2b: Enamorus\n|-damage|p2b: Enamorus|57\/100\n|\n|upkeep\n|turn|5\n|\n|t:|1698665760\n|cant|p2a: Clefairy|frz\n|move|p2b: Enamorus|Draining Kiss|p1a: Crawdaunt\n|-supereffective|p1a: Crawdaunt\n|-damage|p1a: Crawdaunt|26\/100\n|-heal|p2b: Enamorus|100\/100|[from] drain|[of] p1a: Crawdaunt\n|move|p1a: Crawdaunt|Sludge Bomb|p2b: Enamorus\n|-supereffective|p2b: Enamorus\n|-damage|p2b: Enamorus|56\/100\n|-status|p2b: Enamorus|psn\n|-damage|p1a: Crawdaunt|16\/100|[from] item: Life Orb\n|move|p1b: Cresselia|Moonblast|p2b: Enamorus\n|-damage|p2b: Enamorus|36\/100 psn\n|\n|-damage|p2b: Enamorus|24\/100 psn|[from] psn\n|-fieldend|move: Trick Room\n|upkeep\n|turn|6\n|c|\u2606Inkubone|Swords dance sludge bomb???\n|\n|t:|1698665816\n|move|p1a: Crawdaunt|Sludge Bomb|p2b: Enamorus\n|-supereffective|p2b: Enamorus\n|-damage|p2b: Enamorus|0 fnt\n|faint|p2b: Enamorus\n|-damage|p1a: Crawdaunt|6\/100|[from] item: Life Orb\n|cant|p2a: Clefairy|frz\n|move|p1b: Cresselia|Trick Room|p1b: Cresselia\n|-fieldstart|move: Trick Room|[of] p1b: Cresselia\n|\n|upkeep\n|\n|t:|1698665837\n|switch|p2b: Slowbro|Slowbro, M|100\/100\n|-damage|p2b: Slowbro|88\/100|[from] Stealth Rock\n|turn|7\n|\n|t:|1698665862\n|move|p2b: Slowbro|Scald|p1a: Crawdaunt\n|-resisted|p1a: Crawdaunt\n|-damage|p1a: Crawdaunt|0 fnt\n|faint|p1a: Crawdaunt\n|cant|p2a: Clefairy|frz\n|move|p1b: Cresselia|Lunar Blessing||[still]\n|-fail|p1b: Cresselia\n|\n|upkeep\n|\n|t:|1698665868\n|switch|p1a: Ursaluna|Ursaluna, F|100\/100\n|turn|8\n|\n|t:|1698665885\n|move|p1a: Ursaluna|Protect|p1a: Ursaluna\n|-singleturn|p1a: Ursaluna|Protect\n|move|p2b: Slowbro|Scald|p1a: Ursaluna\n|-activate|p1a: Ursaluna|move: Protect\n|-curestatus|p2a: Clefairy|frz|[msg]\n|move|p2a: Clefairy|Life Dew|p2a: Clefairy|[spread] p2a,p2b\n|-heal|p2a: Clefairy|81\/100\n|-heal|p2b: Slowbro|100\/100\n|move|p1b: Cresselia|Moonblast|p2b: Slowbro\n|-damage|p2b: Slowbro|80\/100\n|-unboost|p2b: Slowbro|spa|1\n|\n|-status|p1a: Ursaluna|brn|[from] item: Flame Orb\n|upkeep\n|turn|9\n|\n|t:|1698665914\n|move|p2b: Slowbro|Scald|p1a: Ursaluna\n|-supereffective|p1a: Ursaluna\n|-damage|p1a: Ursaluna|57\/100 brn\n|move|p2a: Clefairy|Chilling Water|p1a: Ursaluna\n|-supereffective|p1a: Ursaluna\n|-damage|p1a: Ursaluna|44\/100 brn\n|-unboost|p1a: Ursaluna|atk|1\n|move|p1a: Ursaluna|Facade|p2b: Slowbro\n|-damage|p2b: Slowbro|18\/100\n|-enditem|p2b: Slowbro|Wiki Berry|[eat]\n|-heal|p2b: Slowbro|51\/100|[from] item: Wiki Berry\n|move|p1b: Cresselia|Moonblast|p2a: Clefairy\n|-damage|p2a: Clefairy|64\/100\n|-unboost|p2a: Clefairy|spa|1\n|\n|-damage|p1a: Ursaluna|38\/100 brn|[from] brn\n|upkeep\n|turn|10\n|\n|t:|1698665936\n|move|p1a: Ursaluna|Protect|p1a: Ursaluna\n|-singleturn|p1a: Ursaluna|Protect\n|move|p2b: Slowbro|Scald|p1a: Ursaluna\n|-activate|p1a: Ursaluna|move: Protect\n|move|p2a: Clefairy|Life Dew|p2a: Clefairy|[spread] p2a,p2b\n|-heal|p2a: Clefairy|89\/100\n|-heal|p2b: Slowbro|76\/100\n|move|p1b: Cresselia|Lunar Blessing|p1b: Cresselia|[spread] p1a,p1b\n|-heal|p1a: Ursaluna|63\/100 brn\n|-curestatus|p1a: Ursaluna|brn|[msg]\n|\n|-fieldend|move: Trick Room\n|-status|p1a: Ursaluna|brn|[from] item: Flame Orb\n|upkeep\n|turn|11\n|\n|t:|1698665980\n|move|p1b: Cresselia|Moonblast|p2b: Slowbro\n|-damage|p2b: Slowbro|56\/100\n|move|p1a: Ursaluna|Facade|p2b: Slowbro\n|-crit|p2b: Slowbro\n|-damage|p2b: Slowbro|0 fnt\n|faint|p2b: Slowbro\n|move|p2a: Clefairy|Chilling Water|p1a: Ursaluna\n|-supereffective|p1a: Ursaluna\n|-damage|p1a: Ursaluna|53\/100 brn\n|-unboost|p1a: Ursaluna|atk|1\n|\n|-damage|p1a: Ursaluna|47\/100 brn|[from] brn\n|upkeep\n|\n|t:|1698665988\n|switch|p2b: Ursaluna|Ursaluna, F|100\/100\n|-damage|p2b: Ursaluna|94\/100|[from] Stealth Rock\n|turn|12\n|\n|t:|1698666011\n|move|p2a: Clefairy|Follow Me|p2a: Clefairy\n|-singleturn|p2a: Clefairy|move: Follow Me\n|move|p1b: Cresselia|Moonblast|p2a: Clefairy\n|-damage|p2a: Clefairy|73\/100\n|move|p2b: Ursaluna|High Horsepower|p1a: Ursaluna\n|-damage|p1a: Ursaluna|9\/100 brn\n|move|p1a: Ursaluna|Close Combat|p2a: Clefairy\n|-resisted|p2a: Clefairy\n|-damage|p2a: Clefairy|56\/100\n|-unboost|p1a: Ursaluna|def|1\n|-unboost|p1a: Ursaluna|spd|1\n|\n|-damage|p1a: Ursaluna|2\/100 brn|[from] brn\n|-status|p2b: Ursaluna|brn|[from] item: Flame Orb\n|upkeep\n|turn|13\n|\n|t:|1698666043\n|move|p2a: Clefairy|Follow Me|p2a: Clefairy\n|-singleturn|p2a: Clefairy|move: Follow Me\n|move|p2b: Ursaluna|Facade|p1b: Cresselia\n|-damage|p1b: Cresselia|26\/100\n|move|p1a: Ursaluna|Headlong Rush|p2a: Clefairy\n|-damage|p2a: Clefairy|7\/100\n|-unboost|p1a: Ursaluna|def|1\n|-unboost|p1a: Ursaluna|spd|1\n|move|p1b: Cresselia|Trick Room|p1b: Cresselia\n|-fieldstart|move: Trick Room|[of] p1b: Cresselia\n|\n|-damage|p1a: Ursaluna|0 fnt|[from] brn\n|faint|p1a: Ursaluna\n|-damage|p2b: Ursaluna|88\/100 brn|[from] brn\n|upkeep\n|\n|t:|1698666061\n|switch|p1a: Bronzong|Bronzong|49\/100\n|turn|14\n|\n|t:|1698666079\n|move|p1a: Bronzong|Ice Spinner|p2b: Ursaluna\n|-supereffective|p2b: Ursaluna\n|-damage|p2b: Ursaluna|64\/100 brn\n|move|p2a: Clefairy|Life Dew|p2a: Clefairy|[spread] p2a,p2b\n|-heal|p2a: Clefairy|32\/100\n|-heal|p2b: Ursaluna|89\/100 brn\n|move|p2b: Ursaluna|Rock Slide|p1b: Cresselia|[spread] p1a,p1b\n|-resisted|p1a: Bronzong\n|-damage|p1a: Bronzong|33\/100\n|-damage|p1b: Cresselia|5\/100\n|-enditem|p1b: Cresselia|Aguav Berry|[eat]\n|-heal|p1b: Cresselia|39\/100|[from] item: Aguav Berry\n|cant|p1b: Cresselia|flinch\n|\n|-damage|p2b: Ursaluna|83\/100 brn|[from] brn\n|upkeep\n|turn|15\n|\n|t:|1698666103\n|move|p1a: Bronzong|Gyro Ball|p2a: Clefairy\n|-supereffective|p2a: Clefairy\n|-damage|p2a: Clefairy|5\/100\n|move|p2a: Clefairy|Life Dew|p2a: Clefairy|[spread] p2a,p2b\n|-heal|p2a: Clefairy|31\/100\n|-heal|p2b: Ursaluna|100\/100 brn\n|move|p2b: Ursaluna|Facade|p1b: Cresselia\n|-damage|p1b: Cresselia|0 fnt\n|faint|p1b: Cresselia\n|\n|-damage|p2b: Ursaluna|94\/100 brn|[from] brn\n|upkeep\n|\n|t:|1698666117\n|switch|p1b: Kingambit|Kingambit, F|100\/100\n|-activate|p1b: Kingambit|ability: Supreme Overlord\n|-start|p1b: Kingambit|fallen4|[silent]\n|turn|16\n|\n|t:|1698666131\n|move|p2a: Clefairy|Follow Me|p2a: Clefairy\n|-singleturn|p2a: Clefairy|move: Follow Me\n|move|p1a: Bronzong|Gyro Ball|p2a: Clefairy\n|-supereffective|p2a: Clefairy\n|-damage|p2a: Clefairy|8\/100\n|move|p1b: Kingambit|Swords Dance|p1b: Kingambit\n|-boost|p1b: Kingambit|atk|2\n|move|p2b: Ursaluna|High Horsepower|p1b: Kingambit\n|-supereffective|p1b: Kingambit\n|-damage|p1b: Kingambit|0 fnt\n|faint|p1b: Kingambit\n|-end|p1b: Kingambit|fallen4|[silent]\n|\n|-damage|p2b: Ursaluna|88\/100 brn|[from] brn\n|upkeep\n|turn|17\n|c|\u2606Inkubone|Gg\n|c|\u2606Inkubone|Also thanks for the trick room didn't want to set it up myself\n|inactive|Battle timer is ON: inactive players will automatically lose when time's up. (requested by Inkubone)\n|inactive|Xlander_99 has 120 seconds left.\n|inactive|Xlander_99 has 90 seconds left.\n|inactive|Xlander_99 has 60 seconds left.\n|inactive|Xlander_99 has 30 seconds left.\n|inactive|Xlander_99 has 20 seconds left.\n|inactive|Xlander_99 has 15 seconds left.\n|inactive|Xlander_99 has 10 seconds left.\n|inactive|Xlander_99 has 5 seconds left.\n|-message|Xlander_99 lost due to inactivity.\n|\n|win|Inkubone\n|raw|Xlander_99's rating: 1234 &rarr; <strong>1202<\/strong><br \/>(-32 for losing)\n|raw|Inkubone's rating: 1137 &rarr; <strong>1169<\/strong><br \/>(+32 for winning)\n","uploadtime":1698666486,"views":26,"p1id":"xlander99","p2id":"inkubone","formatid":"gen9nationaldexdoubles","rating":1169,"private":0,"password":""}