{"id":"gen9nationaldexdoubles-1998393733","p1":"mcjuanito","p2":"Fedepoketrainer","format":"[Gen 9] National Dex Doubles","log":"|j|\u2606mcjuanito\n|j|\u2606Fedepoketrainer\n|t:|1700937338\n|gametype|doubles\n|player|p1|mcjuanito|101|\n|player|p2|Fedepoketrainer|ash-kalos|\n|teamsize|p1|6\n|teamsize|p2|6\n|gen|9\n|tier|[Gen 9] National Dex Doubles\n|rule|HP Percentage Mod: HP is shown in percentages\n|rule|Endless Battle Clause: Forcing endless battles is banned\n|rule|OHKO Clause: OHKO moves are banned\n|rule|Evasion Moves Clause: Evasion moves are banned\n|rule|Evasion Abilities Clause: Evasion abilities are banned\n|rule|Species Clause: Limit one of each Pok\u00e9mon\n|rule|Gravity Sleep Clause: The combination of sleep-inducing moves with imperfect accuracy and Gravity or Gigantamax Orbeetle are banned\n|clearpoke\n|poke|p1|Roaring Moon|\n|poke|p1|Oricorio-Sensu, F|\n|poke|p1|Ribombee, F|\n|poke|p1|Spinda, M|\n|poke|p1|Cresselia, F|\n|poke|p1|Scizor, M|\n|poke|p2|Oricorio-Sensu, F|\n|poke|p2|Volcarona, M|\n|poke|p2|Dragonite, F|\n|poke|p2|Gliscor, M|\n|poke|p2|Charizard, M|\n|poke|p2|Iron Valiant|\n|teampreview\n|\n|t:|1700937351\n|start\n|switch|p1a: Oricorio|Oricorio-Sensu, F|100\/100\n|switch|p1b: Spinda|Spinda, M|100\/100\n|switch|p2a: Oricorio|Oricorio-Sensu, F|100\/100\n|switch|p2b: Iron Valiant|Iron Valiant|100\/100\n|-enditem|p2b: Iron Valiant|Booster Energy\n|-activate|p2b: Iron Valiant|ability: Quark Drive|[fromitem]\n|-start|p2b: Iron Valiant|quarkdrivespe\n|turn|1\n|\n|t:|1700937371\n|move|p2b: Iron Valiant|Close Combat|p1b: Spinda\n|-supereffective|p1b: Spinda\n|-damage|p1b: Spinda|0 fnt\n|-unboost|p2b: Iron Valiant|def|1\n|-unboost|p2b: Iron Valiant|spd|1\n|faint|p1b: Spinda\n|move|p1a: Oricorio|Tailwind|p1a: Oricorio\n|-sidestart|p1: mcjuanito|move: Tailwind\n|move|p2a: Oricorio|Taunt|p1a: Oricorio\n|-start|p1a: Oricorio|move: Taunt\n|\n|upkeep\n|\n|t:|1700937385\n|switch|p1b: Roaring Moon|Roaring Moon|100\/100\n|-enditem|p1b: Roaring Moon|Booster Energy\n|-activate|p1b: Roaring Moon|ability: Protosynthesis|[fromitem]\n|-start|p1b: Roaring Moon|protosynthesisatk\n|turn|2\n|j| joakota\n|\n|t:|1700937425\n|-terastallize|p1b: Roaring Moon|Flying\n|move|p1b: Roaring Moon|Acrobatics|p2b: Iron Valiant\n|-supereffective|p2b: Iron Valiant\n|-damage|p2b: Iron Valiant|0 fnt\n|faint|p2b: Iron Valiant\n|-end|p2b: Iron Valiant|Quark Drive|[silent]\n|move|p1a: Oricorio|Revelation Dance|p2a: Oricorio\n|-supereffective|p2a: Oricorio\n|-damage|p2a: Oricorio|21\/100\n|-activate|p2a: Oricorio|ability: Dancer\n|move|p2a: Oricorio|Revelation Dance|p1a: Oricorio|[from]ability: Dancer\n|-supereffective|p1a: Oricorio\n|-damage|p1a: Oricorio|16\/100\n|-enditem|p1a: Oricorio|Wiki Berry|[eat]\n|-heal|p1a: Oricorio|49\/100|[from] item: Wiki Berry\n|move|p2a: Oricorio|Hurricane|p1b: Roaring Moon\n|-damage|p1b: Roaring Moon|63\/100\n|\n|upkeep\n|\n|t:|1700937470\n|switch|p2b: Dragonite|Dragonite, F|100\/100\n|turn|3\n|\n|t:|1700937486\n|move|p1b: Roaring Moon|Protect|p1b: Roaring Moon\n|-singleturn|p1b: Roaring Moon|Protect\n|move|p1a: Oricorio|Revelation Dance|p2a: Oricorio\n|-supereffective|p2a: Oricorio\n|-damage|p2a: Oricorio|0 fnt\n|faint|p2a: Oricorio\n|move|p2b: Dragonite|Ice Spinner|p1b: Roaring Moon\n|-activate|p1b: Roaring Moon|move: Protect\n|\n|upkeep\n|\n|t:|1700937503\n|switch|p2a: Gliscor|Gliscor, M|100\/100\n|turn|4\n|\n|t:|1700937536\n|-end|p1b: Roaring Moon|Protosynthesis|[silent]\n|switch|p1b: Cresselia|Cresselia, F|100\/100\n|move|p1a: Oricorio|Revelation Dance|p2a: Gliscor\n|-damage|p2a: Gliscor|56\/100\n|move|p2a: Gliscor|Swords Dance|p2a: Gliscor\n|-boost|p2a: Gliscor|atk|2\n|-activate|p1a: Oricorio|ability: Dancer\n|cant|p1a: Oricorio|move: Taunt|Swords Dance\n|move|p2b: Dragonite|Ice Spinner|p1b: Cresselia\n|-damage|p1b: Cresselia|79\/100\n|\n|-heal|p1b: Cresselia|85\/100|[from] item: Leftovers\n|-end|p1a: Oricorio|move: Taunt\n|-sideend|p1: mcjuanito|move: Tailwind\n|-status|p2a: Gliscor|tox|[from] item: Toxic Orb\n|upkeep\n|turn|5\n|\n|t:|1700937562\n|move|p2a: Gliscor|Knock Off|p1b: Cresselia\n|-supereffective|p1b: Cresselia\n|-damage|p1b: Cresselia|11\/100\n|-enditem|p1b: Cresselia|Leftovers|[from] move: Knock Off|[of] p2a: Gliscor\n|move|p1a: Oricorio|Tailwind|p1a: Oricorio\n|-sidestart|p1: mcjuanito|move: Tailwind\n|move|p1b: Cresselia|Ice Beam|p2a: Gliscor\n|-supereffective|p2a: Gliscor\n|-damage|p2a: Gliscor|0 fnt\n|faint|p2a: Gliscor\n|move|p2b: Dragonite|Outrage|p1a: Oricorio\n|-damage|p1a: Oricorio|0 fnt\n|faint|p1a: Oricorio\n|\n|upkeep\n|\n|t:|1700937580\n|switch|p2a: Charizard|Charizard, M|100\/100\n|switch|p1a: Ribombee|Ribombee, F|100\/100\n|turn|6\n|\n|t:|1700937594\n|detailschange|p2a: Charizard|Charizard-Mega-X, M\n|-mega|p2a: Charizard|Charizard|Charizardite X\n|move|p1a: Ribombee|Moonblast|p2b: Dragonite\n|-supereffective|p2b: Dragonite\n|-damage|p2b: Dragonite|11\/100\n|move|p1b: Cresselia|Ice Beam|p2b: Dragonite\n|-supereffective|p2b: Dragonite\n|-damage|p2b: Dragonite|0 fnt\n|faint|p2b: Dragonite\n|move|p2a: Charizard|Flare Blitz|p1a: Ribombee\n|-supereffective|p1a: Ribombee\n|-damage|p1a: Ribombee|0 fnt\n|faint|p1a: Ribombee\n|-damage|p2a: Charizard|72\/100|[from] Recoil\n|\n|upkeep\n|\n|t:|1700937611\n|switch|p1a: Roaring Moon|Roaring Moon, tera:Flying|63\/100\n|switch|p2b: Volcarona|Volcarona, M|100\/100\n|turn|7\n|\n|t:|1700937631\n|-terastallize|p2b: Volcarona|Grass\n|move|p1a: Roaring Moon|Acrobatics|p2a: Charizard\n|-damage|p2a: Charizard|5\/100\n|move|p1b: Cresselia|Psychic|p2a: Charizard\n|-damage|p2a: Charizard|0 fnt\n|faint|p2a: Charizard\n|move|p2b: Volcarona|Fiery Dance|p1a: Roaring Moon\n|-damage|p1a: Roaring Moon|20\/100\n|\n|upkeep\n|turn|8\n|\n|t:|1700937645\n|move|p1a: Roaring Moon|Acrobatics|p2b: Volcarona\n|-supereffective|p2b: Volcarona\n|-damage|p2b: Volcarona|0 fnt\n|-status|p1a: Roaring Moon|brn|[from] ability: Flame Body|[of] p2b: Volcarona\n|faint|p2b: Volcarona\n|\n|win|mcjuanito\n|l| joakota\n","uploadtime":1700937680,"views":6,"p1id":"mcjuanito","p2id":"fedepoketrainer","formatid":"gen9nationaldexdoubles","rating":0,"private":0,"password":""}