{"id":"gen9nationaldexdoubles-1962161425","p1":"Elite Four Spiffy","p2":"imwearingyourCUH","format":"[Gen 9] National Dex Doubles","log":"|j|\u2606Elite Four Spiffy\n|j|\u2606imwearingyourCUH\n|t:|1696713235\n|gametype|doubles\n|player|p1|Elite Four Spiffy|lance|1124\n|player|p2|imwearingyourCUH|preschooler|1071\n|teamsize|p1|6\n|teamsize|p2|6\n|gen|9\n|tier|[Gen 9] National Dex Doubles\n|rated|\n|rule|HP Percentage Mod: HP is shown in percentages\n|rule|Endless Battle Clause: Forcing endless battles is banned\n|rule|OHKO Clause: OHKO moves are banned\n|rule|Evasion Moves Clause: Evasion moves are banned\n|rule|Evasion Abilities Clause: Evasion abilities are banned\n|rule|Species Clause: Limit one of each Pok\u00e9mon\n|rule|Gravity Sleep Clause: The combination of sleep-inducing moves with imperfect accuracy and Gravity or Gigantamax Orbeetle are banned\n|clearpoke\n|poke|p1|Charizard, F|\n|poke|p1|Darmanitan, F|\n|poke|p1|Turtonator, F|\n|poke|p1|Ceruledge, F|\n|poke|p1|Armarouge, F|\n|poke|p1|Cinderace, F|\n|poke|p2|Volcarona, F|\n|poke|p2|Lopunny, F|\n|poke|p2|Haxorus, M|\n|poke|p2|Okidogi, M|\n|poke|p2|Thundurus-Therian, M|\n|poke|p2|Baxcalibur, M|\n|teampreview\n|inactive|Battle timer is ON: inactive players will automatically lose when time's up. (requested by Elite Four Spiffy)\n|c|\u2606imwearingyourCUH|Fire boi\n|\n|t:|1696713253\n|start\n|switch|p1a: Sol|Charizard, F|100\/100\n|switch|p1b: Janai|Ceruledge, F|100\/100\n|switch|p2a: Lopunny|Lopunny, F, shiny|100\/100\n|switch|p2b: Volcarona|Volcarona, F, shiny|100\/100\n|turn|1\n|\n|t:|1696713272\n|detailschange|p1a: Sol|Charizard-Mega-Y, F\n|-mega|p1a: Sol|Charizard|Charizardite Y\n|-weather|SunnyDay|[from] ability: Drought|[of] p1a: Sol\n|move|p2a: Lopunny|Fake Out|p1a: Sol\n|-damage|p1a: Sol|84\/100\n|move|p2b: Volcarona|Quiver Dance|p2b: Volcarona\n|-boost|p2b: Volcarona|spa|1\n|-boost|p2b: Volcarona|spd|1\n|-boost|p2b: Volcarona|spe|1\n|move|p1b: Janai|Swords Dance|p1b: Janai\n|-boost|p1b: Janai|atk|2\n|cant|p1a: Sol|flinch\n|\n|-weather|SunnyDay|[upkeep]\n|upkeep\n|turn|2\n|\n|t:|1696713297\n|move|p2b: Volcarona|Bug Buzz|p1b: Janai\n|-resisted|p1b: Janai\n|-damage|p1b: Janai|79\/100\n|move|p2a: Lopunny|Return|p1a: Sol\n|-damage|p1a: Sol|37\/100\n|move|p1b: Janai|Bitter Blade|p2b: Volcarona\n|-damage|p2b: Volcarona|0 fnt\n|-heal|p1b: Janai|100\/100|[from] drain|[of] p2b: Volcarona\n|faint|p2b: Volcarona\n|move|p1a: Sol|Weather Ball|p2a: Lopunny\n|-damage|p2a: Lopunny|0 fnt\n|faint|p2a: Lopunny\n|\n|-weather|SunnyDay|[upkeep]\n|upkeep\n|inactive|imwearingyourCUH has 120 seconds left.\n|\n|t:|1696713323\n|switch|p2a: Haxorus|Haxorus, M, shiny|100\/100\n|switch|p2b: Thundurus|Thundurus-Therian, M|100\/100\n|turn|3\n|inactive|imwearingyourCUH has 120 seconds left.\n|\n|t:|1696713342\n|move|p2b: Thundurus|Volt Switch|p1a: Sol\n|-supereffective|p1a: Sol\n|-damage|p1a: Sol|0 fnt\n|faint|p1a: Sol\n|\n|t:|1696713347\n|switch|p2b: Baxcalibur|Baxcalibur, M, shiny|100\/100|[from] Volt Switch\n|move|p1b: Janai|Shadow Claw|p2a: Haxorus\n|-damage|p2a: Haxorus|2\/100\n|move|p2a: Haxorus|Dragon Dance|p2a: Haxorus\n|-boost|p2a: Haxorus|atk|1\n|-boost|p2a: Haxorus|spe|1\n|\n|-weather|SunnyDay|[upkeep]\n|upkeep\n|\n|t:|1696713361\n|switch|p1a: Shelly|Turtonator, F|100\/100\n|turn|4\n|\n|t:|1696713379\n|-terastallize|p1a: Shelly|Dragon\n|move|p2a: Haxorus|Crunch|p1b: Janai\n|-supereffective|p1b: Janai\n|-damage|p1b: Janai|0 fnt\n|faint|p1b: Janai\n|move|p2b: Baxcalibur|Dragon Dance|p2b: Baxcalibur\n|-boost|p2b: Baxcalibur|atk|1\n|-boost|p2b: Baxcalibur|spe|1\n|move|p1a: Shelly|Dragon Pulse|p2a: Haxorus\n|-supereffective|p2a: Haxorus\n|-damage|p2a: Haxorus|0 fnt\n|faint|p2a: Haxorus\n|\n|-weather|SunnyDay|[upkeep]\n|upkeep\n|\n|t:|1696713395\n|switch|p1b: Lola|Cinderace, F|100\/100\n|switch|p2a: Okidogi|Okidogi, M|100\/100\n|turn|5\n|\n|t:|1696713409\n|move|p2b: Baxcalibur|Glaive Rush|p1a: Shelly\n|-supereffective|p1a: Shelly\n|-damage|p1a: Shelly|0 fnt\n|-singlemove|p2b: Baxcalibur|Glaive Rush|[silent]\n|faint|p1a: Shelly\n|move|p1b: Lola|Iron Head|p2b: Baxcalibur\n|-start|p1b: Lola|typechange|Steel|[from] ability: Libero\n|-supereffective|p2b: Baxcalibur\n|-damage|p2b: Baxcalibur|0 fnt\n|faint|p2b: Baxcalibur\n|move|p2a: Okidogi|Bulk Up|p2a: Okidogi\n|-boost|p2a: Okidogi|atk|1\n|-boost|p2a: Okidogi|def|1\n|\n|-weather|none\n|upkeep\n|\n|t:|1696713423\n|switch|p2b: Thundurus|Thundurus-Therian, M|100\/100\n|switch|p1a: Scarlett|Darmanitan, F|100\/100\n|turn|6\n|inactive|imwearingyourCUH has 120 seconds left.\n|\n|t:|1696713453\n|move|p1b: Lola|Pyro Ball|p2b: Thundurus\n|-damage|p2b: Thundurus|38\/100\n|move|p2b: Thundurus|Psychic|p1a: Scarlett\n|-damage|p1a: Scarlett|48\/100\n|move|p1a: Scarlett|Flare Blitz|p2a: Okidogi\n|-damage|p2a: Okidogi|45\/100\n|-damage|p1a: Scarlett|28\/100|[from] Recoil\n|move|p2a: Okidogi|Drain Punch|p1b: Lola\n|-supereffective|p1b: Lola\n|-damage|p1b: Lola|0 fnt\n|-heal|p2a: Okidogi|84\/100|[from] drain|[of] p1b: Lola\n|faint|p1b: Lola\n|\n|-heal|p2a: Okidogi|90\/100|[from] item: Leftovers\n|upkeep\n|\n|t:|1696713468\n|switch|p1b: Apollonia|Armarouge, F|100\/100\n|turn|7\n|\n|t:|1696713488\n|-terastallize|p2a: Okidogi|Psychic\n|move|p2b: Thundurus|Volt Switch|p1b: Apollonia\n|-damage|p1b: Apollonia|60\/100\n|move|p1a: Scarlett|Flare Blitz|p2b: Thundurus\n|-damage|p2b: Thundurus|0 fnt\n|faint|p2b: Thundurus\n|-damage|p1a: Scarlett|18\/100|[from] Recoil\n|move|p2a: Okidogi|Tera Blast|p1a: Scarlett|[anim] Tera Blast Psychic\n|-damage|p1a: Scarlett|0 fnt\n|faint|p1a: Scarlett\n|-zpower|p1b: Apollonia\n|move|p1b: Apollonia|Inferno Overdrive|p2a: Okidogi|[zeffect]\n|-damage|p2a: Okidogi|0 fnt\n|faint|p2a: Okidogi\n|\n|win|Elite Four Spiffy\n|raw|Elite Four Spiffy's rating: 1124 &rarr; <strong>1145<\/strong><br \/>(+21 for winning)\n|raw|imwearingyourCUH's rating: 1071 &rarr; <strong>1053<\/strong><br \/>(-18 for losing)\n|c|\u2606Elite Four Spiffy|gg\n","uploadtime":1696713507,"views":14,"p1id":"elitefourspiffy","p2id":"imwearingyourcuh","formatid":"gen9nationaldexdoubles","rating":1053,"private":0,"password":""}