{"id":"gen9nationaldexdoubles-1949015684","p1":"Qapi","p2":"L0rdBagel","format":"[Gen 9] National Dex Doubles","log":"|j|\u2606Qapi\n|j|\u2606L0rdBagel\n|t:|1695319451\n|gametype|doubles\n|player|p1|Qapi|clown|\n|player|p2|L0rdBagel|juan|\n|teamsize|p1|6\n|teamsize|p2|6\n|gen|9\n|tier|[Gen 9] National Dex Doubles\n|rule|HP Percentage Mod: HP is shown in percentages\n|rule|Endless Battle Clause: Forcing endless battles is banned\n|rule|OHKO Clause: OHKO moves are banned\n|rule|Evasion Moves Clause: Evasion moves are banned\n|rule|Evasion Abilities Clause: Evasion abilities are banned\n|rule|Species Clause: Limit one of each Pok\u00e9mon\n|rule|Gravity Sleep Clause: The combination of sleep-inducing moves with imperfect accuracy and Gravity or Gigantamax Orbeetle are banned\n|clearpoke\n|poke|p1|Orthworm, F|\n|poke|p1|Gyarados, M|\n|poke|p1|Kilowattrel, M|\n|poke|p1|Shiftry, F|\n|poke|p1|Farigiraf, M|\n|poke|p1|Iron Hands|\n|poke|p2|Pelipper, F|\n|poke|p2|Swampert, M|\n|poke|p2|Milotic, F|\n|poke|p2|Golisopod, M|\n|poke|p2|Rotom-Wash|\n|poke|p2|Kingdra, M|\n|teampreview\n|\n|t:|1695319470\n|start\n|switch|p1a: Farigiraf|Farigiraf, M|100\/100\n|switch|p1b: Iron Hands|Iron Hands|100\/100\n|switch|p2a: Pelipper|Pelipper, F|100\/100\n|switch|p2b: Golisopod|Golisopod, M|100\/100\n|-weather|RainDance|[from] ability: Drizzle|[of] p2a: Pelipper\n|-enditem|p1b: Iron Hands|Booster Energy\n|-activate|p1b: Iron Hands|ability: Quark Drive|[fromitem]\n|-start|p1b: Iron Hands|quarkdriveatk\n|turn|1\n|\n|t:|1695319480\n|move|p1b: Iron Hands|Fake Out|p2b: Golisopod\n|-damage|p2b: Golisopod|86\/100\n|cant|p2b: Golisopod|flinch\n|move|p2a: Pelipper|Tailwind|p2a: Pelipper\n|-sidestart|p2: L0rdBagel|move: Tailwind\n|move|p1a: Farigiraf|Trick Room|p1a: Farigiraf\n|-fieldstart|move: Trick Room|[of] p1a: Farigiraf\n|\n|-weather|RainDance|[upkeep]\n|upkeep\n|turn|2\n|\n|t:|1695319515\n|move|p1a: Farigiraf|Psychic|p2b: Golisopod\n|-damage|p2b: Golisopod|54\/100\n|move|p1b: Iron Hands|Thunder Punch|p2a: Pelipper\n|-supereffective|p2a: Pelipper\n|-damage|p2a: Pelipper|0 fnt\n|faint|p2a: Pelipper\n|move|p2b: Golisopod|Waterfall|p1a: Farigiraf\n|-damage|p1a: Farigiraf|35\/100\n|\n|-weather|RainDance|[upkeep]\n|upkeep\n|\n|t:|1695319522\n|switch|p2a: Rotom|Rotom-Wash|100\/100\n|turn|3\n|\n|t:|1695319549\n|move|p2a: Rotom|Protect|p2a: Rotom\n|-singleturn|p2a: Rotom|Protect\n|move|p1a: Farigiraf|Psychic|p2a: Rotom\n|-activate|p2a: Rotom|move: Protect\n|move|p1b: Iron Hands|Thunder Punch|p2a: Rotom\n|-activate|p2a: Rotom|move: Protect\n|move|p2b: Golisopod|Waterfall|p1a: Farigiraf\n|-damage|p1a: Farigiraf|0 fnt\n|faint|p1a: Farigiraf\n|\n|-weather|RainDance|[upkeep]\n|upkeep\n|\n|t:|1695319557\n|switch|p1a: Orthworm|Orthworm, F|100\/100\n|turn|4\n|\n|t:|1695319567\n|move|p1b: Iron Hands|Drain Punch|p2a: Rotom\n|-damage|p2a: Rotom|18\/100\n|move|p1a: Orthworm|Body Press|p2a: Rotom\n|-damage|p2a: Rotom|0 fnt\n|faint|p2a: Rotom\n|move|p2b: Golisopod|Waterfall|p1b: Iron Hands\n|-damage|p1b: Iron Hands|60\/100\n|\n|-weather|RainDance|[upkeep]\n|-sideend|p2: L0rdBagel|move: Tailwind\n|upkeep\n|\n|t:|1695319576\n|switch|p2a: Swampert|Swampert, M|100\/100\n|turn|5\n|\n|t:|1695319599\n|detailschange|p2a: Swampert|Swampert-Mega, M\n|-mega|p2a: Swampert|Swampert|Swampertite\n|move|p2b: Golisopod|Waterfall|p1a: Orthworm\n|-damage|p1a: Orthworm|50\/100\n|move|p1b: Iron Hands|Drain Punch|p2a: Swampert\n|-damage|p2a: Swampert|56\/100\n|-heal|p1b: Iron Hands|78\/100|[from] drain|[of] p2a: Swampert\n|move|p1a: Orthworm|Iron Defense|p1a: Orthworm\n|-boost|p1a: Orthworm|def|2\n|move|p2a: Swampert|Body Press|p1a: Orthworm\n|-supereffective|p1a: Orthworm\n|-damage|p1a: Orthworm|35\/100\n|\n|-weather|RainDance|[upkeep]\n|-fieldend|move: Trick Room\n|upkeep\n|turn|6\n|\n|t:|1695319624\n|move|p2b: Golisopod|Aqua Jet|p1a: Orthworm\n|-damage|p1a: Orthworm|22\/100\n|move|p2a: Swampert|Waterfall|p1a: Orthworm\n|-damage|p1a: Orthworm|0 fnt\n|faint|p1a: Orthworm\n|move|p1b: Iron Hands|Drain Punch|p2a: Swampert\n|-damage|p2a: Swampert|8\/100\n|-heal|p1b: Iron Hands|97\/100|[from] drain|[of] p2a: Swampert\n|\n|-weather|RainDance|[upkeep]\n|upkeep\n|\n|t:|1695319632\n|switch|p1a: Shiftry|Shiftry, F|100\/100\n|turn|7\n|\n|t:|1695319678\n|move|p1a: Shiftry|Fake Out|p2a: Swampert\n|-damage|p2a: Swampert|0 fnt\n|faint|p2a: Swampert\n|move|p1b: Iron Hands|Thunder Punch|p2b: Golisopod\n|-supereffective|p2b: Golisopod\n|-damage|p2b: Golisopod|0 fnt\n|faint|p2b: Golisopod\n|\n|-weather|RainDance|[upkeep]\n|upkeep\n|\n|t:|1695319684\n|switch|p2a: Kingdra|Kingdra, M|100\/100\n|switch|p2b: Milotic|Milotic, F|100\/100\n|turn|8\n|\n|t:|1695319700\n|move|p1a: Shiftry|Protect|p1a: Shiftry\n|-singleturn|p1a: Shiftry|Protect\n|move|p2a: Kingdra|Flash Cannon|p1a: Shiftry\n|-activate|p1a: Shiftry|move: Protect\n|move|p2b: Milotic|Ice Beam|p1a: Shiftry\n|-activate|p1a: Shiftry|move: Protect\n|move|p1b: Iron Hands|Thunder Punch|p2a: Kingdra\n|-damage|p2a: Kingdra|32\/100\n|\n|-weather|none\n|-status|p2b: Milotic|brn|[from] item: Flame Orb\n|upkeep\n|turn|9\n|\n|t:|1695319723\n|switch|p1a: Gyarados|Gyarados, M|100\/100\n|move|p2a: Kingdra|Flash Cannon|p1a: Gyarados\n|-resisted|p1a: Gyarados\n|-damage|p1a: Gyarados|88\/100\n|move|p2b: Milotic|Ice Beam|p1a: Gyarados\n|-damage|p1a: Gyarados|65\/100\n|move|p1b: Iron Hands|Thunder Punch|p2b: Milotic\n|-supereffective|p2b: Milotic\n|-damage|p2b: Milotic|22\/100 brn\n|\n|-damage|p2b: Milotic|16\/100 brn|[from] brn\n|upkeep\n|turn|10\n|\n|t:|1695319733\n|move|p1a: Gyarados|Protect|p1a: Gyarados\n|-singleturn|p1a: Gyarados|Protect\n|move|p2a: Kingdra|Flash Cannon|p1a: Gyarados\n|-activate|p1a: Gyarados|move: Protect\n|move|p2b: Milotic|Ice Beam|p1a: Gyarados\n|-activate|p1a: Gyarados|move: Protect\n|move|p1b: Iron Hands|Drain Punch|p2a: Kingdra\n|-damage|p2a: Kingdra|0 fnt\n|-heal|p1b: Iron Hands|100\/100|[from] drain|[of] p2a: Kingdra\n|faint|p2a: Kingdra\n|\n|-damage|p2b: Milotic|10\/100 brn|[from] brn\n|upkeep\n|turn|11\n|\n|t:|1695319749\n|move|p1a: Gyarados|Waterfall|p2b: Milotic\n|-resisted|p2b: Milotic\n|-damage|p2b: Milotic|0 fnt\n|faint|p2b: Milotic\n|\n|win|Qapi\n","uploadtime":1695319756,"views":6,"p1id":"qapi","p2id":"l0rdbagel","formatid":"gen9nationaldexdoubles","rating":0,"private":0,"password":""}