{"id":"gen9nationaldexdoubles-1976300143","p1":"Thaledi","p2":"TheJbro189","format":"[Gen 9] National Dex Doubles","log":"|j|\u2606Thaledi\n|j|\u2606TheJbro189\n|t:|1698283924\n|gametype|doubles\n|player|p1|Thaledi|cynthia|1285\n|player|p2|TheJbro189|102|1301\n|teamsize|p1|6\n|teamsize|p2|6\n|gen|9\n|tier|[Gen 9] National Dex Doubles\n|rated|\n|rule|HP Percentage Mod: HP is shown in percentages\n|rule|Endless Battle Clause: Forcing endless battles is banned\n|rule|OHKO Clause: OHKO moves are banned\n|rule|Evasion Moves Clause: Evasion moves are banned\n|rule|Evasion Abilities Clause: Evasion abilities are banned\n|rule|Species Clause: Limit one of each Pok\u00e9mon\n|rule|Gravity Sleep Clause: The combination of sleep-inducing moves with imperfect accuracy and Gravity or Gigantamax Orbeetle are banned\n|clearpoke\n|poke|p1|Gardevoir, F|\n|poke|p1|Spiritomb, M|\n|poke|p1|Garchomp, F|\n|poke|p1|Roserade, F|\n|poke|p1|Milotic, F|\n|poke|p1|Togekiss, F|\n|poke|p2|Torkoal, F|\n|poke|p2|Toxapex, F|\n|poke|p2|Scovillain, F|\n|poke|p2|Great Tusk|\n|poke|p2|Heatran, M|\n|poke|p2|Starmie|\n|teampreview\n|inactive|Battle timer is ON: inactive players will automatically lose when time's up. (requested by Thaledi)\n|\n|t:|1698283937\n|start\n|switch|p1a: Garchomp|Garchomp, F, shiny|100\/100\n|switch|p1b: Togekiss|Togekiss, F, shiny|100\/100\n|switch|p2a: Torkoal|Torkoal, F|100\/100\n|switch|p2b: Great Tusk|Great Tusk|100\/100\n|-weather|SunnyDay|[from] ability: Drought|[of] p2a: Torkoal\n|-activate|p2b: Great Tusk|ability: Protosynthesis\n|-start|p2b: Great Tusk|protosynthesisatk\n|turn|1\n|c|\u2606TheJbro189|Nice full cynthia team\n|\n|t:|1698283951\n|detailschange|p1a: Garchomp|Garchomp-Mega, F, shiny\n|-mega|p1a: Garchomp|Garchomp|Garchompite\n|move|p1a: Garchomp|Earthquake|p2b: Great Tusk|[spread] p2a,p2b\n|-immune|p1b: Togekiss\n|-supereffective|p2a: Torkoal\n|-damage|p2a: Torkoal|39\/100\n|-damage|p2b: Great Tusk|69\/100\n|move|p1b: Togekiss|Air Slash|p2a: Torkoal\n|-damage|p2a: Torkoal|0 fnt\n|faint|p2a: Torkoal\n|move|p2b: Great Tusk|Ice Spinner|p1a: Garchomp\n|-supereffective|p1a: Garchomp\n|-damage|p1a: Garchomp|0 fnt\n|faint|p1a: Garchomp\n|\n|-weather|SunnyDay|[upkeep]\n|upkeep\n|\n|t:|1698283970\n|switch|p1a: Milotic|Milotic, F, shiny|100\/100\n|switch|p2a: Heatran|Heatran, M|100\/100\n|turn|2\n|\n|t:|1698283987\n|-end|p2b: Great Tusk|Protosynthesis|[silent]\n|switch|p2b: Starmie|Starmie|100\/100\n|-terastallize|p2a: Heatran|Grass\n|move|p1b: Togekiss|Air Slash|p2b: Starmie\n|-crit|p2b: Starmie\n|-damage|p2b: Starmie|21\/100\n|move|p1a: Milotic|Muddy Water|p2b: Starmie|[spread] p2a,p2b\n|-resisted|p2a: Heatran\n|-resisted|p2b: Starmie\n|-damage|p2a: Heatran|95\/100\n|-damage|p2b: Starmie|13\/100\n|-unboost|p2a: Heatran|accuracy|1\n|move|p2a: Heatran|Tera Blast|p1a: Milotic|[anim] Tera Blast Grass\n|-supereffective|p1a: Milotic\n|-damage|p1a: Milotic|42\/100\n|\n|-weather|SunnyDay|[upkeep]\n|-heal|p2a: Heatran|100\/100|[from] item: Leftovers\n|-status|p1a: Milotic|brn|[from] item: Flame Orb\n|upkeep\n|turn|3\n|\n|t:|1698284009\n|-terastallize|p1a: Milotic|Poison\n|move|p2b: Starmie|Thunderbolt|p1a: Milotic\n|-damage|p1a: Milotic|17\/100 brn\n|-damage|p2b: Starmie|3\/100|[from] item: Life Orb\n|move|p1b: Togekiss|Ancient Power|p2b: Starmie\n|-damage|p2b: Starmie|0 fnt\n|faint|p2b: Starmie\n|move|p1a: Milotic|Recover|p1a: Milotic\n|-heal|p1a: Milotic|67\/100 brn\n|move|p2a: Heatran|Magma Storm|p1b: Togekiss\n|-damage|p1b: Togekiss|19\/100\n|-activate|p1b: Togekiss|move: Magma Storm|[of] p2a: Heatran\n|\n|-weather|SunnyDay|[upkeep]\n|-damage|p1a: Milotic|61\/100 brn|[from] brn\n|-damage|p1b: Togekiss|7\/100|[from] move: Magma Storm|[partiallytrapped]\n|upkeep\n|inactive|TheJbro189 has 120 seconds left.\n|\n|t:|1698284029\n|switch|p2b: Scovillain|Scovillain, F|100\/100\n|turn|4\n|\n|t:|1698284039\n|move|p2b: Scovillain|Fire Blast|p1a: Milotic\n|-damage|p1a: Milotic|3\/100 brn\n|move|p1b: Togekiss|Air Slash|p2a: Heatran\n|-supereffective|p2a: Heatran\n|-damage|p2a: Heatran|22\/100\n|move|p1a: Milotic|Recover|p1a: Milotic\n|-heal|p1a: Milotic|53\/100 brn\n|move|p2a: Heatran|Magma Storm|p1a: Milotic|[miss]\n|-miss|p2a: Heatran|p1a: Milotic\n|\n|-weather|SunnyDay|[upkeep]\n|-heal|p2a: Heatran|29\/100|[from] item: Leftovers\n|-damage|p1a: Milotic|47\/100 brn|[from] brn\n|-damage|p1b: Togekiss|0 fnt|[from] move: Magma Storm|[partiallytrapped]\n|faint|p1b: Togekiss\n|upkeep\n|\n|t:|1698284049\n|switch|p1b: Gardevoir|Gardevoir, F, shiny|100\/100\n|-ability|p1b: Gardevoir|Chlorophyll|[from] ability: Trace|[of] p2b: Scovillain\n|turn|5\n|\n|t:|1698284065\n|move|p1b: Gardevoir|Psychic|p2a: Heatran\n|-damage|p2a: Heatran|0 fnt\n|faint|p2a: Heatran\n|move|p2b: Scovillain|Fire Blast|p1a: Milotic\n|-damage|p1a: Milotic|0 fnt\n|faint|p1a: Milotic\n|\n|-weather|SunnyDay|[upkeep]\n|upkeep\n|\n|t:|1698284076\n|switch|p1a: Roserade|Roserade, F, shiny|100\/100\n|switch|p2a: Toxapex|Toxapex, F|100\/100\n|turn|6\n|\n|t:|1698284084\n|move|p1b: Gardevoir|Psychic|p2a: Toxapex\n|-supereffective|p2a: Toxapex\n|-damage|p2a: Toxapex|22\/100\n|move|p2b: Scovillain|Fire Blast|p1b: Gardevoir\n|-damage|p1b: Gardevoir|20\/100\n|move|p1a: Roserade|Sludge Bomb|p2b: Scovillain\n|-supereffective|p2b: Scovillain\n|-damage|p2b: Scovillain|0 fnt\n|faint|p2b: Scovillain\n|move|p2a: Toxapex|Sludge Bomb|p1b: Gardevoir\n|-supereffective|p1b: Gardevoir\n|-damage|p1b: Gardevoir|0 fnt\n|faint|p1b: Gardevoir\n|\n|-weather|SunnyDay|[upkeep]\n|-heal|p2a: Toxapex|29\/100|[from] item: Black Sludge\n|upkeep\n|\n|t:|1698284101\n|switch|p1b: Spiritomb|Spiritomb, M, shiny|100\/100\n|switch|p2b: Great Tusk|Great Tusk|69\/100\n|-activate|p2b: Great Tusk|ability: Protosynthesis\n|-start|p2b: Great Tusk|protosynthesisatk\n|turn|7\n|\n|t:|1698284113\n|move|p2a: Toxapex|Baneful Bunker|p2a: Toxapex\n|-singleturn|p2a: Toxapex|move: Protect\n|move|p1a: Roserade|Sludge Bomb|p2b: Great Tusk\n|-resisted|p2b: Great Tusk\n|-damage|p2b: Great Tusk|53\/100\n|move|p2b: Great Tusk|Headlong Rush|p1a: Roserade\n|-damage|p1a: Roserade|0 fnt\n|-unboost|p2b: Great Tusk|def|1\n|-unboost|p2b: Great Tusk|spd|1\n|faint|p1a: Roserade\n|move|p1b: Spiritomb|Poltergeist|p2a: Toxapex\n|-activate|p2a: Toxapex|move: Protect\n|\n|-weather|SunnyDay|[upkeep]\n|-heal|p2a: Toxapex|35\/100|[from] item: Black Sludge\n|upkeep\n|turn|8\n|\n|t:|1698284135\n|move|p2b: Great Tusk|Headlong Rush|p1b: Spiritomb\n|-damage|p1b: Spiritomb|25\/100\n|-unboost|p2b: Great Tusk|def|1\n|-unboost|p2b: Great Tusk|spd|1\n|move|p2a: Toxapex|Sludge Bomb|p1b: Spiritomb\n|-resisted|p1b: Spiritomb\n|-damage|p1b: Spiritomb|18\/100\n|move|p1b: Spiritomb|Trick Room|p1b: Spiritomb\n|-fieldstart|move: Trick Room|[of] p1b: Spiritomb\n|\n|-weather|none\n|-end|p2b: Great Tusk|Protosynthesis\n|-heal|p2a: Toxapex|41\/100|[from] item: Black Sludge\n|upkeep\n|turn|9\n|\n|t:|1698284152\n|move|p2a: Toxapex|Scald|p1b: Spiritomb\n|-damage|p1b: Spiritomb|6\/100\n|move|p1b: Spiritomb|Poltergeist|p2b: Great Tusk\n|-activate|p2b: Great Tusk|move: Poltergeist|Assault Vest\n|-damage|p2b: Great Tusk|0 fnt\n|faint|p2b: Great Tusk\n|-end|p2b: Great Tusk|Protosynthesis|[silent]\n|\n|-heal|p2a: Toxapex|47\/100|[from] item: Black Sludge\n|upkeep\n|turn|10\n|\n|t:|1698284164\n|-zpower|p1b: Spiritomb\n|move|p1b: Spiritomb|Never-Ending Nightmare|p2a: Toxapex|[zeffect]\n|-damage|p2a: Toxapex|1\/100\n|move|p2a: Toxapex|Scald|p1b: Spiritomb\n|-damage|p1b: Spiritomb|0 fnt\n|faint|p1b: Spiritomb\n|\n|win|TheJbro189\n|raw|Thaledi's rating: 1285 &rarr; <strong>1261<\/strong><br \/>(-24 for losing)\n|raw|TheJbro189's rating: 1301 &rarr; <strong>1320<\/strong><br \/>(+19 for winning)\n|c|\u2606Thaledi|gg\n|l|\u2606Thaledi\n|c|\u2606TheJbro189|Lmao gg\n","uploadtime":1698284206,"views":11,"p1id":"thaledi","p2id":"thejbro189","formatid":"gen9nationaldexdoubles","rating":1261,"private":0,"password":""}