{"id":"gen9nationaldexdoubles-1956709035","p1":"MachoSundew","p2":"sussyanime","format":"[Gen 9] National Dex Doubles","log":"|j|\u2606MachoSundew\n|j|\u2606sussyanime\n|t:|1696138725\n|gametype|doubles\n|player|p1|MachoSundew|shadowtriad|1059\n|player|p2|sussyanime|winona|1014\n|teamsize|p1|6\n|teamsize|p2|6\n|gen|9\n|tier|[Gen 9] National Dex Doubles\n|rated|\n|rule|HP Percentage Mod: HP is shown in percentages\n|rule|Endless Battle Clause: Forcing endless battles is banned\n|rule|OHKO Clause: OHKO moves are banned\n|rule|Evasion Moves Clause: Evasion moves are banned\n|rule|Evasion Abilities Clause: Evasion abilities are banned\n|rule|Species Clause: Limit one of each Pok\u00e9mon\n|rule|Gravity Sleep Clause: The combination of sleep-inducing moves with imperfect accuracy and Gravity or Gigantamax Orbeetle are banned\n|clearpoke\n|poke|p1|Kartana|\n|poke|p1|Rillaboom, F|\n|poke|p1|Tyranitar, F|\n|poke|p1|Houndstone, F|\n|poke|p1|Hatterene, F|\n|poke|p1|Skeledirge, F|\n|poke|p2|Clodsire, F|\n|poke|p2|Ludicolo, F|\n|poke|p2|Vespiquen, F|\n|poke|p2|Blaziken, F|\n|poke|p2|Jellicent, M|\n|poke|p2|Blacephalon|\n|teampreview\n|\n|t:|1696138738\n|start\n|switch|p1a: Hatterene|Hatterene, F, shiny|100\/100\n|switch|p1b: LeadSinger|Skeledirge, F, shiny|100\/100\n|switch|p2a: Blacephalon|Blacephalon|100\/100\n|switch|p2b: Jellicent|Jellicent, M|100\/100\n|turn|1\n|\n|t:|1696138765\n|move|p2a: Blacephalon|Mind Blown||[still]\n|cant|p2b: Jellicent|ability: Damp|Mind Blown|[of] p2a: Blacephalon\n|move|p2b: Jellicent|Toxic|p1b: LeadSinger\n|-status|p1b: LeadSinger|tox\n|move|p1b: LeadSinger|Night Shade|p2a: Blacephalon\n|-damage|p2a: Blacephalon|68\/100\n|move|p1a: Hatterene|Nuzzle|p2b: Jellicent\n|-supereffective|p2b: Jellicent\n|-damage|p2b: Jellicent|91\/100\n|-status|p2b: Jellicent|par\n|\n|-damage|p1b: LeadSinger|94\/100 tox|[from] psn\n|upkeep\n|turn|2\n|\n|t:|1696138805\n|move|p2a: Blacephalon|Pain Split|p1a: Hatterene\n|-sethp|p1a: Hatterene|84\/100|[from] move: Pain Split|[silent]\n|-sethp|p2a: Blacephalon|86\/100|[from] move: Pain Split\n|move|p1b: LeadSinger|Night Shade|p2a: Blacephalon\n|-damage|p2a: Blacephalon|53\/100\n|move|p2b: Jellicent|Will-O-Wisp|p1a: Hatterene\n|move|p1a: Hatterene|Will-O-Wisp||[from]ability: Magic Bounce|[still]\n|-fail|p1a: Hatterene\n|move|p1a: Hatterene|Nuzzle|p2a: Blacephalon\n|-damage|p2a: Blacephalon|45\/100\n|-status|p2a: Blacephalon|par\n|\n|-heal|p1a: Hatterene|89\/100|[from] item: Leftovers\n|-damage|p1b: LeadSinger|82\/100 tox|[from] psn\n|upkeep\n|turn|3\n|inactive|Battle timer is ON: inactive players will automatically lose when time's up. (requested by MachoSundew)\n|\n|t:|1696138826\n|move|p1b: LeadSinger|Torch Song|p2b: Jellicent\n|-resisted|p2b: Jellicent\n|-damage|p2b: Jellicent|75\/100 par\n|-boost|p1b: LeadSinger|spa|1\n|-enditem|p1b: LeadSinger|Throat Spray\n|-boost|p1b: LeadSinger|spa|1|[from] item: Throat Spray\n|move|p2a: Blacephalon|Pain Split|p1b: LeadSinger\n|-sethp|p1b: LeadSinger|60\/100 tox|[from] move: Pain Split|[silent]\n|-sethp|p2a: Blacephalon|73\/100 par|[from] move: Pain Split\n|move|p2b: Jellicent|Ice Beam|p1a: Hatterene\n|-damage|p1a: Hatterene|73\/100\n|move|p1a: Hatterene|Future Sight|p2a: Blacephalon\n|-start|p1a: Hatterene|move: Future Sight\n|\n|-heal|p1a: Hatterene|79\/100|[from] item: Leftovers\n|-damage|p1b: LeadSinger|41\/100 tox|[from] psn\n|upkeep\n|turn|4\n|\n|t:|1696138853\n|move|p1b: LeadSinger|Torch Song|p2b: Jellicent\n|-resisted|p2b: Jellicent\n|-damage|p2b: Jellicent|43\/100 par\n|-boost|p1b: LeadSinger|spa|1\n|move|p2a: Blacephalon|Explosion||[still]\n|cant|p2b: Jellicent|ability: Damp|Explosion|[of] p2a: Blacephalon\n|cant|p2b: Jellicent|par\n|move|p1a: Hatterene|Future Sight|p2b: Jellicent\n|-start|p1a: Hatterene|move: Future Sight\n|\n|-heal|p1a: Hatterene|85\/100|[from] item: Leftovers\n|-damage|p1b: LeadSinger|17\/100 tox|[from] psn\n|upkeep\n|turn|5\n|inactive|MachoSundew has 120 seconds left.\n|inactive|sussyanime has 120 seconds left.\n|\n|t:|1696138892\n|switch|p2b: Blaziken|Blaziken, F|100\/100\n|move|p1b: LeadSinger|Torch Song|p2b: Blaziken\n|-resisted|p2b: Blaziken\n|-damage|p2b: Blaziken|34\/100\n|-boost|p1b: LeadSinger|spa|1\n|move|p2a: Blacephalon|Pain Split|p1a: Hatterene\n|-sethp|p1a: Hatterene|78\/100|[from] move: Pain Split|[silent]\n|-sethp|p2a: Blacephalon|80\/100 par|[from] move: Pain Split\n|move|p1a: Hatterene|Substitute|p1a: Hatterene\n|-start|p1a: Hatterene|Substitute\n|-damage|p1a: Hatterene|53\/100\n|\n|-end|p2a: Blacephalon|move: Future Sight\n|-damage|p2a: Blacephalon|3\/100 par\n|-heal|p1a: Hatterene|59\/100|[from] item: Leftovers\n|-damage|p1b: LeadSinger|0 fnt|[from] psn\n|faint|p1b: LeadSinger\n|upkeep\n|inactive|MachoSundew has 120 seconds left.\n|\n|t:|1696138909\n|switch|p1b: Rillaboom|Rillaboom, F, shiny|100\/100\n|-fieldstart|move: Grassy Terrain|[from] ability: Grassy Surge|[of] p1b: Rillaboom\n|turn|6\n|\n|t:|1696138916\n|detailschange|p2b: Blaziken|Blaziken-Mega, F\n|-mega|p2b: Blaziken|Blaziken|Blazikenite\n|move|p2b: Blaziken|Protect|p2b: Blaziken\n|-singleturn|p2b: Blaziken|Protect\n|move|p1b: Rillaboom|Grassy Glide|p2a: Blacephalon\n|-resisted|p2a: Blacephalon\n|-crit|p2a: Blacephalon\n|-damage|p2a: Blacephalon|0 fnt\n|faint|p2a: Blacephalon\n|move|p1a: Hatterene|Nuzzle|p2b: Blaziken\n|-activate|p2b: Blaziken|move: Protect\n|\n|-end|p2b: Blaziken|move: Future Sight\n|-supereffective|p2b: Blaziken\n|-damage|p2b: Blaziken|0 fnt\n|faint|p2b: Blaziken\n|-heal|p1a: Hatterene|65\/100|[from] Grassy Terrain\n|-heal|p1a: Hatterene|71\/100|[from] item: Leftovers\n|upkeep\n|\n|t:|1696138929\n|switch|p2b: Ludicolo|Ludicolo, F|100\/100\n|switch|p2a: Clodsire|Clodsire, F|100\/100\n|turn|7\n|j| darechix\n|inactive|sussyanime has 120 seconds left.\n|\n|t:|1696138968\n|-terastallize|p1b: Rillaboom|Grass\n|move|p1b: Rillaboom|Grassy Glide|p2a: Clodsire\n|-damage|p2a: Clodsire|34\/100\n|-zpower|p2b: Ludicolo\n|move|p2b: Ludicolo|Z-Rain Dance|p2b: Ludicolo|[anim]Rain Dance\n|-boost|p2b: Ludicolo|spe|1|[zeffect]\n|-weather|RainDance\n|move|p1a: Hatterene|Nuzzle|p2b: Ludicolo\n|-damage|p2b: Ludicolo|95\/100\n|-status|p2b: Ludicolo|par\n|move|p2a: Clodsire|Sludge Wave|p1b: Rillaboom|[spread] p2b,p1a,p1b\n|-supereffective|p1a: Hatterene\n|-activate|p1a: Hatterene|move: Substitute|[damage]\n|-supereffective|p2b: Ludicolo\n|-supereffective|p1b: Rillaboom\n|-damage|p2b: Ludicolo|67\/100 par\n|-damage|p1b: Rillaboom|74\/100\n|\n|-weather|RainDance|[upkeep]\n|-heal|p2b: Ludicolo|73\/100 par|[from] Grassy Terrain\n|-heal|p1b: Rillaboom|80\/100|[from] Grassy Terrain\n|-heal|p1a: Hatterene|77\/100|[from] Grassy Terrain\n|-heal|p1a: Hatterene|83\/100|[from] item: Leftovers\n|-heal|p2a: Clodsire|40\/100|[from] Grassy Terrain\n|-heal|p2a: Clodsire|46\/100|[from] item: Black Sludge\n|upkeep\n|turn|8\n|\n|t:|1696138995\n|move|p1b: Rillaboom|Grassy Glide|p2a: Clodsire\n|-damage|p2a: Clodsire|0 fnt\n|faint|p2a: Clodsire\n|move|p2b: Ludicolo|Swords Dance|p2b: Ludicolo\n|-boost|p2b: Ludicolo|atk|2\n|move|p1a: Hatterene|Future Sight|p2b: Ludicolo\n|-start|p1a: Hatterene|move: Future Sight\n|\n|-weather|RainDance|[upkeep]\n|-heal|p2b: Ludicolo|79\/100 par|[from] Grassy Terrain\n|-heal|p1b: Rillaboom|86\/100|[from] Grassy Terrain\n|-heal|p1a: Hatterene|89\/100|[from] Grassy Terrain\n|-heal|p1a: Hatterene|95\/100|[from] item: Leftovers\n|upkeep\n|\n|t:|1696139001\n|switch|p2a: Jellicent|Jellicent, M|43\/100 par\n|turn|9\n|\n|t:|1696139012\n|move|p1b: Rillaboom|Grassy Glide|p2a: Jellicent\n|-supereffective|p2a: Jellicent\n|-damage|p2a: Jellicent|0 fnt\n|faint|p2a: Jellicent\n|move|p2b: Ludicolo|Swords Dance|p2b: Ludicolo\n|-boost|p2b: Ludicolo|atk|2\n|move|p1a: Hatterene|Future Sight||[still]\n|-fail|p1a: Hatterene\n|\n|-weather|RainDance|[upkeep]\n|-heal|p2b: Ludicolo|85\/100 par|[from] Grassy Terrain\n|-heal|p1b: Rillaboom|92\/100|[from] Grassy Terrain\n|-heal|p1a: Hatterene|100\/100|[from] Grassy Terrain\n|upkeep\n|\n|t:|1696139018\n|switch|p2a: Vespiquen|Vespiquen, F|100\/100\n|-ability|p2a: Vespiquen|Pressure\n|turn|10\n|\n|t:|1696139030\n|move|p2a: Vespiquen|Protect|p2a: Vespiquen\n|-singleturn|p2a: Vespiquen|Protect\n|move|p1b: Rillaboom|Grassy Glide|p2b: Ludicolo\n|-damage|p2b: Ludicolo|0 fnt\n|faint|p2b: Ludicolo\n|move|p1a: Hatterene|Nuzzle|p2a: Vespiquen\n|-activate|p2a: Vespiquen|move: Protect\n|\n|-weather|RainDance|[upkeep]\n|-hint|Future Sight did not hit because the target is fainted.\n|-heal|p1b: Rillaboom|99\/100|[from] Grassy Terrain\n|-fieldend|move: Grassy Terrain\n|upkeep\n|turn|11\n|\n|t:|1696139045\n|-terastallize|p2a: Vespiquen|Bug\n|move|p1b: Rillaboom|Grassy Glide|p2a: Vespiquen\n|-resisted|p2a: Vespiquen\n|-damage|p2a: Vespiquen|71\/100\n|move|p2a: Vespiquen|Defend Order|p2a: Vespiquen\n|-boost|p2a: Vespiquen|def|1\n|-boost|p2a: Vespiquen|spd|1\n|move|p1a: Hatterene|Nuzzle|p2a: Vespiquen\n|-crit|p2a: Vespiquen\n|-damage|p2a: Vespiquen|66\/100\n|-status|p2a: Vespiquen|par\n|\n|-weather|none\n|upkeep\n|turn|12\n|\n|t:|1696139060\n|move|p1b: Rillaboom|Grassy Glide|p2a: Vespiquen\n|-resisted|p2a: Vespiquen\n|-damage|p2a: Vespiquen|45\/100 par\n|move|p1a: Hatterene|Future Sight|p2a: Vespiquen\n|-start|p1a: Hatterene|move: Future Sight\n|cant|p2a: Vespiquen|par\n|\n|upkeep\n|turn|13\n|\n|t:|1696139071\n|move|p1b: Rillaboom|Grassy Glide|p2a: Vespiquen\n|-resisted|p2a: Vespiquen\n|-damage|p2a: Vespiquen|24\/100 par\n|move|p1a: Hatterene|Substitute|p1a: Hatterene\n|-fail|p1a: Hatterene|move: Substitute\n|move|p2a: Vespiquen|Attack Order|p1b: Rillaboom\n|-supereffective|p1b: Rillaboom\n|-crit|p1b: Rillaboom\n|-damage|p1b: Rillaboom|6\/100\n|\n|upkeep\n|turn|14\n|\n|t:|1696139082\n|move|p2a: Vespiquen|Protect|p2a: Vespiquen\n|-singleturn|p2a: Vespiquen|Protect\n|move|p1b: Rillaboom|Grassy Glide|p2a: Vespiquen\n|-activate|p2a: Vespiquen|move: Protect\n|move|p1a: Hatterene|Trick Room|p1a: Hatterene\n|-fieldstart|move: Trick Room|[of] p1a: Hatterene\n|\n|-end|p2a: Vespiquen|move: Future Sight\n|-damage|p2a: Vespiquen|0 fnt\n|faint|p2a: Vespiquen\n|\n|win|MachoSundew\n|upkeep\n|raw|MachoSundew's rating: 1059 &rarr; <strong>1086<\/strong><br \/>(+27 for winning)\n|raw|sussyanime's rating: 1014 &rarr; <strong>1003<\/strong><br \/>(-11 for losing)\n|l|\u2606sussyanime\n","uploadtime":1696139129,"views":8,"p1id":"machosundew","p2id":"sussyanime","formatid":"gen9nationaldexdoubles","rating":1003,"private":0,"password":""}