{"id":"gen9nationaldexdoubles-1971654138","p1":"Spiceman404","p2":"234tan","format":"[Gen 9] National Dex Doubles","log":"|j|\u2606Spiceman404\n|j|\u2606234tan\n|t:|1697757627\n|gametype|doubles\n|player|p1|Spiceman404|hilda|1145\n|player|p2|234tan|volkner|1046\n|teamsize|p1|6\n|teamsize|p2|6\n|gen|9\n|tier|[Gen 9] National Dex Doubles\n|rated|\n|rule|HP Percentage Mod: HP is shown in percentages\n|rule|Endless Battle Clause: Forcing endless battles is banned\n|rule|OHKO Clause: OHKO moves are banned\n|rule|Evasion Moves Clause: Evasion moves are banned\n|rule|Evasion Abilities Clause: Evasion abilities are banned\n|rule|Species Clause: Limit one of each Pok\u00e9mon\n|rule|Gravity Sleep Clause: The combination of sleep-inducing moves with imperfect accuracy and Gravity or Gigantamax Orbeetle are banned\n|clearpoke\n|poke|p1|Regigigas|\n|poke|p1|Chansey, F|\n|poke|p1|Amoonguss, F|\n|poke|p1|Zoroark, M|\n|poke|p1|Aegislash, M|\n|poke|p1|Heatran, F|\n|poke|p2|Empoleon, M|\n|poke|p2|Infernape, M|\n|poke|p2|Torterra, M|\n|poke|p2|Baxcalibur, M|\n|poke|p2|Venusaur, M|\n|poke|p2|Torkoal, M|\n|teampreview\n|\n|t:|1697757635\n|start\n|switch|p1a: Regigigas|Regigigas|100\/100\n|switch|p1b: Chansey|Chansey, F|100\/100\n|switch|p2a: Torkoal|Torkoal, M|100\/100\n|switch|p2b: Venusaur|Venusaur, M|100\/100\n|-start|p1a: Regigigas|ability: Slow Start\n|-weather|SunnyDay|[from] ability: Drought|[of] p2a: Torkoal\n|turn|1\n|\n|t:|1697757655\n|switch|p2b: Infernape|Infernape, M|100\/100\n|move|p1b: Chansey|Skill Swap|p1a: Regigigas\n|-activate|p1b: Chansey|move: Skill Swap|||[of] p1a: Regigigas\n|-end|p1a: Regigigas|Slow Start|[silent]\n|-start|p1b: Chansey|ability: Slow Start\n|move|p1a: Regigigas|Zen Headbutt|p2b: Infernape\n|-supereffective|p2b: Infernape\n|-damage|p2b: Infernape|0 fnt\n|faint|p2b: Infernape\n|move|p2a: Torkoal|Eruption|p1b: Chansey|[spread] p1a,p1b\n|-damage|p1a: Regigigas|44\/100\n|-damage|p1b: Chansey|66\/100\n|\n|-weather|SunnyDay|[upkeep]\n|-heal|p1a: Regigigas|50\/100|[from] item: Leftovers\n|upkeep\n|\n|t:|1697757677\n|switch|p2b: Empoleon|Empoleon, M|100\/100\n|turn|2\n|\n|t:|1697757690\n|move|p1a: Regigigas|Drain Punch|p2b: Empoleon\n|-supereffective|p2b: Empoleon\n|-damage|p2b: Empoleon|33\/100\n|-heal|p1a: Regigigas|80\/100|[from] drain|[of] p2b: Empoleon\n|move|p2b: Empoleon|Flash Cannon|p1b: Chansey\n|-damage|p1b: Chansey|54\/100\n|move|p1b: Chansey|Skill Swap|p2a: Torkoal\n|-activate|p1b: Chansey|move: Skill Swap|Drought|Slow Start|[of] p2a: Torkoal\n|-end|p1b: Chansey|Slow Start|[silent]\n|-start|p2a: Torkoal|ability: Slow Start\n|move|p2a: Torkoal|Eruption|p1b: Chansey|[spread] p1a,p1b\n|-damage|p1a: Regigigas|27\/100\n|-damage|p1b: Chansey|22\/100\n|-enditem|p1b: Chansey|Iapapa Berry|[eat]\n|-heal|p1b: Chansey|55\/100|[from] item: Iapapa Berry\n|\n|-weather|SunnyDay|[upkeep]\n|-heal|p1a: Regigigas|33\/100|[from] item: Leftovers\n|upkeep\n|turn|3\n|\n|t:|1697757721\n|-end|p2a: Torkoal|Slow Start|[silent]\n|switch|p2a: Baxcalibur|Baxcalibur, M|100\/100\n|move|p1a: Regigigas|Rock Slide|p2a: Baxcalibur|[spread] p2a,p2b\n|-supereffective|p2a: Baxcalibur\n|-resisted|p2b: Empoleon\n|-damage|p2a: Baxcalibur|48\/100\n|-damage|p2b: Empoleon|21\/100\n|move|p1b: Chansey|Heal Pulse|p1a: Regigigas\n|-heal|p1a: Regigigas|83\/100\n|move|p2b: Empoleon|Hydro Cannon|p1a: Regigigas\n|-damage|p1a: Regigigas|65\/100\n|-mustrecharge|p2b: Empoleon\n|\n|-weather|SunnyDay|[upkeep]\n|-heal|p1a: Regigigas|71\/100|[from] item: Leftovers\n|upkeep\n|turn|4\n|\n|t:|1697757759\n|move|p2a: Baxcalibur|Glaive Rush|p1b: Chansey\n|-damage|p1b: Chansey|0 fnt\n|-singlemove|p2a: Baxcalibur|Glaive Rush|[silent]\n|faint|p1b: Chansey\n|move|p1a: Regigigas|Rock Slide|p2b: Empoleon|[spread] p2a,p2b\n|-supereffective|p2a: Baxcalibur\n|-resisted|p2b: Empoleon\n|-damage|p2a: Baxcalibur|0 fnt\n|-damage|p2b: Empoleon|8\/100\n|faint|p2a: Baxcalibur\n|cant|p2b: Empoleon|recharge\n|\n|-weather|SunnyDay|[upkeep]\n|-heal|p1a: Regigigas|78\/100|[from] item: Leftovers\n|upkeep\n|\n|t:|1697757779\n|switch|p2a: Torkoal|Torkoal, M|100\/100\n|switch|p1b: Heatran|Heatran, F|100\/100\n|turn|5\n|\n|t:|1697757789\n|move|p1a: Regigigas|Rock Slide|p2a: Torkoal|[spread] p2b\n|-miss|p1a: Regigigas|p2a: Torkoal\n|-resisted|p2b: Empoleon\n|-damage|p2b: Empoleon|0 fnt\n|faint|p2b: Empoleon\n|move|p1b: Heatran|Earth Power|p2a: Torkoal\n|-supereffective|p2a: Torkoal\n|-crit|p2a: Torkoal\n|-damage|p2a: Torkoal|0 fnt\n|faint|p2a: Torkoal\n|\n|-weather|SunnyDay|[upkeep]\n|-heal|p1a: Regigigas|84\/100|[from] item: Leftovers\n|upkeep\n|\n|t:|1697757799\n|switch|p2b: Torterra|Torterra, M|100\/100\n|switch|p2a: Venusaur|Venusaur, M|100\/100\n|turn|6\n|\n|t:|1697757809\n|detailschange|p2a: Venusaur|Venusaur-Mega, M\n|-mega|p2a: Venusaur|Venusaur|Venusaurite\n|move|p2a: Venusaur|Earthquake|p1a: Regigigas|[spread] p2b,p1a,p1b\n|-resisted|p2b: Torterra\n|-supereffective|p1b: Heatran\n|-enditem|p1b: Heatran|Shuca Berry|[eat]\n|-enditem|p1b: Heatran|Shuca Berry|[weaken]\n|-damage|p2b: Torterra|93\/100\n|-damage|p1a: Regigigas|71\/100\n|-damage|p1b: Heatran|69\/100\n|move|p1a: Regigigas|Rock Slide|p2b: Torterra|[spread] p2a,p2b\n|-resisted|p2b: Torterra\n|-damage|p2a: Venusaur|76\/100\n|-damage|p2b: Torterra|81\/100\n|move|p1b: Heatran|Heat Wave|p2b: Torterra|[spread] p2a,p2b\n|-supereffective|p2a: Venusaur\n|-supereffective|p2b: Torterra\n|-damage|p2a: Venusaur|18\/100\n|-damage|p2b: Torterra|0 fnt\n|faint|p2b: Torterra\n|\n|-weather|SunnyDay|[upkeep]\n|-heal|p1a: Regigigas|77\/100|[from] item: Leftovers\n|upkeep\n|turn|7\n|\n|t:|1697757828\n|move|p2a: Venusaur|Earthquake|p1b: Heatran|[spread] p1a,p1b\n|-supereffective|p1b: Heatran\n|-damage|p1a: Regigigas|63\/100\n|-damage|p1b: Heatran|0 fnt\n|faint|p1b: Heatran\n|move|p1a: Regigigas|Zen Headbutt|p2a: Venusaur\n|-supereffective|p2a: Venusaur\n|-damage|p2a: Venusaur|0 fnt\n|faint|p2a: Venusaur\n|\n|win|Spiceman404\n|raw|Spiceman404's rating: 1145 &rarr; <strong>1163<\/strong><br \/>(+18 for winning)\n|raw|234tan's rating: 1046 &rarr; <strong>1034<\/strong><br \/>(-12 for losing)\n|l|\u2606234tan\n","uploadtime":1697757838,"views":7,"p1id":"spiceman404","p2id":"234tan","formatid":"gen9nationaldexdoubles","rating":1034,"private":0,"password":""}