{"id":"gen9nationaldexdoubles-1999808493","p1":"Star Guarden","p2":"Mibombilla","format":"[Gen 9] National Dex Doubles","log":"|j|\u2606Star Guarden\n|j|\u2606Mibombilla\n|t:|1701118623\n|gametype|doubles\n|player|p1|Star Guarden|lance|\n|player|p2|Mibombilla|benga|\n|teamsize|p1|6\n|teamsize|p2|6\n|gen|9\n|tier|[Gen 9] National Dex Doubles\n|rule|HP Percentage Mod: HP is shown in percentages\n|rule|Endless Battle Clause: Forcing endless battles is banned\n|rule|OHKO Clause: OHKO moves are banned\n|rule|Evasion Moves Clause: Evasion moves are banned\n|rule|Evasion Abilities Clause: Evasion abilities are banned\n|rule|Species Clause: Limit one of each Pok\u00e9mon\n|rule|Gravity Sleep Clause: The combination of sleep-inducing moves with imperfect accuracy and Gravity or Gigantamax Orbeetle are banned\n|clearpoke\n|poke|p1|Pincurchin, F|\n|poke|p1|Iron Thorns|\n|poke|p1|Eelektross, M|\n|poke|p1|Raichu-Alola, F|\n|poke|p1|Palafin, M|\n|poke|p1|Kilowattrel, M|\n|poke|p2|Arcanine, M|\n|poke|p2|Gothitelle, F|\n|poke|p2|Chansey, F|\n|poke|p2|Glimmora, F|\n|poke|p2|Ting-Lu|\n|poke|p2|Wo-Chien|\n|teampreview\n|j| carmen_pkm\n|c|\u2606Star Guarden|Elabora\n|c| carmen_pkm|Wtf y esos equipos?\n|c|\u2606Star Guarden|Yo el de Adal\n|\n|t:|1701118688\n|start\n|switch|p1a: Ekika|Pincurchin, F, shiny|100\/100\n|switch|p1b: Adalsteinn|Iron Thorns|100\/100\n|switch|p2a: Glimmora|Glimmora, F|100\/100\n|switch|p2b: Arcanine|Arcanine, M|100\/100\n|-ability|p2b: Arcanine|Intimidate|boost\n|-unboost|p1a: Ekika|atk|1\n|-unboost|p1b: Adalsteinn|atk|1\n|-fieldstart|move: Electric Terrain|[from] ability: Electric Surge|[of] p1a: Ekika\n|-activate|p1b: Adalsteinn|ability: Quark Drive\n|-start|p1b: Adalsteinn|quarkdrivedef\n|turn|1\n|\n|t:|1701118715\n|move|p2a: Glimmora|Spiky Shield|p2a: Glimmora\n|-singleturn|p2a: Glimmora|move: Protect\n|move|p2b: Arcanine|Will-O-Wisp|p1a: Ekika\n|-status|p1a: Ekika|brn\n|move|p1b: Adalsteinn|Earthquake|p2a: Glimmora|[spread] p1a,p2b\n|-activate|p2a: Glimmora|move: Protect\n|-supereffective|p1a: Ekika\n|-supereffective|p2b: Arcanine\n|-damage|p1a: Ekika|60\/100 brn\n|-damage|p2b: Arcanine|60\/100\n|-enditem|p1a: Ekika|Weakness Policy\n|-boost|p1a: Ekika|atk|2|[from] item: Weakness Policy\n|-boost|p1a: Ekika|spa|2|[from] item: Weakness Policy\n|move|p1a: Ekika|Curse|p1a: Ekika\n|-unboost|p1a: Ekika|spe|1\n|-boost|p1a: Ekika|atk|1\n|-boost|p1a: Ekika|def|1\n|\n|-damage|p1a: Ekika|54\/100 brn|[from] brn\n|upkeep\n|turn|2\n|\n|t:|1701118747\n|move|p1a: Ekika|Sucker Punch|p2b: Arcanine\n|-damage|p2b: Arcanine|43\/100\n|-enditem|p2b: Arcanine|Sitrus Berry|[eat]\n|-heal|p2b: Arcanine|68\/100|[from] item: Sitrus Berry\n|move|p2a: Glimmora|Toxic Spikes|p1b: Adalsteinn\n|-sidestart|p1: Star Guarden|move: Toxic Spikes\n|move|p2b: Arcanine|Snarl|p1a: Ekika|[spread] p1a,p1b\n|-damage|p1a: Ekika|42\/100 brn\n|-damage|p1b: Adalsteinn|90\/100\n|-unboost|p1a: Ekika|spa|1\n|-unboost|p1b: Adalsteinn|spa|1\n|move|p1b: Adalsteinn|Dragon Dance|p1b: Adalsteinn\n|-boost|p1b: Adalsteinn|atk|1\n|-boost|p1b: Adalsteinn|spe|1\n|\n|-damage|p1a: Ekika|36\/100 brn|[from] brn\n|upkeep\n|turn|3\n|\n|t:|1701118783\n|move|p2a: Glimmora|Spiky Shield|p2a: Glimmora\n|-singleturn|p2a: Glimmora|move: Protect\n|move|p1b: Adalsteinn|Thunder Punch|p2b: Arcanine\n|-damage|p2b: Arcanine|14\/100\n|move|p2b: Arcanine|Will-O-Wisp|p1b: Adalsteinn\n|-status|p1b: Adalsteinn|brn\n|move|p1a: Ekika|Recover|p1a: Ekika\n|-heal|p1a: Ekika|86\/100 brn\n|\n|-damage|p1b: Adalsteinn|83\/100 brn|[from] brn\n|-damage|p1a: Ekika|80\/100 brn|[from] brn\n|upkeep\n|turn|4\n|\n|t:|1701118812\n|-end|p1b: Adalsteinn|Quark Drive|[silent]\n|switch|p1b: Hyldr|Raichu-Alola, F|100\/100\n|move|p2b: Arcanine|Protect|p2b: Arcanine\n|-singleturn|p2b: Arcanine|Protect\n|move|p2a: Glimmora|Toxic Spikes|p1a: Ekika\n|-sidestart|p1: Star Guarden|move: Toxic Spikes\n|move|p1a: Ekika|Curse|p1a: Ekika\n|-unboost|p1a: Ekika|spe|1\n|-boost|p1a: Ekika|atk|1\n|-boost|p1a: Ekika|def|1\n|\n|-damage|p1a: Ekika|74\/100 brn|[from] brn\n|upkeep\n|turn|5\n|\n|t:|1701118835\n|move|p2a: Glimmora|Spiky Shield|p2a: Glimmora\n|-singleturn|p2a: Glimmora|move: Protect\n|move|p1a: Ekika|Sucker Punch|p2b: Arcanine\n|-damage|p2b: Arcanine|0 fnt\n|faint|p2b: Arcanine\n|move|p1b: Hyldr|Calm Mind|p1b: Hyldr\n|-boost|p1b: Hyldr|spa|1\n|-boost|p1b: Hyldr|spd|1\n|\n|-damage|p1a: Ekika|68\/100 brn|[from] brn\n|-fieldend|move: Electric Terrain\n|upkeep\n|\n|t:|1701118849\n|switch|p2b: Gothitelle|Gothitelle, F|100\/100\n|turn|6\n|\n|t:|1701118875\n|move|p2b: Gothitelle|Fake Out|p1a: Ekika\n|-damage|p1a: Ekika|65\/100 brn\n|cant|p1a: Ekika|flinch\n|move|p1b: Hyldr|Rain Dance|p1b: Hyldr\n|-weather|RainDance\n|move|p2a: Glimmora|Sludge Bomb|p1b: Hyldr\n|-damage|p1b: Hyldr|58\/100\n|\n|-weather|RainDance|[upkeep]\n|-damage|p1a: Ekika|59\/100 brn|[from] brn\n|upkeep\n|turn|7\n|\n|t:|1701118893\n|move|p2a: Glimmora|Spiky Shield|p2a: Glimmora\n|-singleturn|p2a: Glimmora|move: Protect\n|move|p1a: Ekika|Sucker Punch||[still]\n|-fail|p1a: Ekika\n|move|p1b: Hyldr|Discharge|p2b: Gothitelle|[spread] p1a,p2b\n|-activate|p2a: Glimmora|move: Protect\n|-resisted|p1a: Ekika\n|-damage|p1a: Ekika|35\/100 brn\n|-damage|p2b: Gothitelle|73\/100\n|-status|p2b: Gothitelle|par\n|move|p2b: Gothitelle|Heal Pulse|p1b: Hyldr\n|-heal|p1b: Hyldr|100\/100\n|\n|-weather|RainDance|[upkeep]\n|-heal|p2b: Gothitelle|79\/100 par|[from] item: Leftovers\n|-damage|p1a: Ekika|29\/100 brn|[from] brn\n|upkeep\n|turn|8\n|\n|t:|1701118940\n|move|p2b: Gothitelle|Protect|p2b: Gothitelle\n|-singleturn|p2b: Gothitelle|Protect\n|move|p1b: Hyldr|Electro Ball|p2b: Gothitelle\n|-activate|p2b: Gothitelle|move: Protect\n|move|p2a: Glimmora|Mortal Spin|p1b: Hyldr|[spread] p1a,p1b\n|-damage|p1a: Ekika|27\/100 brn\n|-damage|p1b: Hyldr|89\/100\n|-status|p1b: Hyldr|psn\n|move|p1a: Ekika|Recover|p1a: Ekika\n|-heal|p1a: Ekika|77\/100 brn\n|\n|-weather|RainDance|[upkeep]\n|-heal|p2b: Gothitelle|85\/100 par|[from] item: Leftovers\n|-damage|p1b: Hyldr|77\/100 psn|[from] psn\n|-damage|p1a: Ekika|71\/100 brn|[from] brn\n|upkeep\n|turn|9\n|\n|t:|1701118984\n|move|p2a: Glimmora|Spiky Shield|p2a: Glimmora\n|-singleturn|p2a: Glimmora|move: Protect\n|move|p1a: Ekika|Sucker Punch|p2b: Gothitelle\n|-supereffective|p2b: Gothitelle\n|-damage|p2b: Gothitelle|46\/100 par\n|move|p1b: Hyldr|Electro Ball|p2a: Glimmora\n|-activate|p2a: Glimmora|move: Protect\n|cant|p2b: Gothitelle|par\n|\n|-weather|RainDance|[upkeep]\n|-heal|p2b: Gothitelle|52\/100 par|[from] item: Leftovers\n|-damage|p1b: Hyldr|64\/100 psn|[from] psn\n|-damage|p1a: Ekika|65\/100 brn|[from] brn\n|upkeep\n|turn|10\n|\n|t:|1701119013\n|move|p1b: Hyldr|Electro Ball|p2a: Glimmora\n|-crit|p2a: Glimmora\n|-damage|p2a: Glimmora|35\/100\n|move|p2a: Glimmora|Sludge Bomb|p1a: Ekika\n|-damage|p1a: Ekika|14\/100 brn\n|cant|p2b: Gothitelle|par\n|move|p1a: Ekika|Recover|p1a: Ekika\n|-heal|p1a: Ekika|64\/100 brn\n|\n|-weather|none\n|-heal|p2b: Gothitelle|58\/100 par|[from] item: Leftovers\n|-damage|p1b: Hyldr|52\/100 psn|[from] psn\n|-damage|p1a: Ekika|58\/100 brn|[from] brn\n|upkeep\n|turn|11\n|\n|t:|1701119038\n|move|p2a: Glimmora|Spiky Shield|p2a: Glimmora\n|-singleturn|p2a: Glimmora|move: Protect\n|move|p1a: Ekika|Sucker Punch||[still]\n|-fail|p1a: Ekika\n|move|p1b: Hyldr|Electro Ball|p2a: Glimmora\n|-activate|p2a: Glimmora|move: Protect\n|cant|p2b: Gothitelle|par\n|\n|-heal|p2b: Gothitelle|64\/100 par|[from] item: Leftovers\n|-damage|p1b: Hyldr|40\/100 psn|[from] psn\n|-damage|p1a: Ekika|52\/100 brn|[from] brn\n|upkeep\n|turn|12\n|\n|t:|1701119061\n|move|p1b: Hyldr|Electro Ball|p2a: Glimmora\n|-damage|p2a: Glimmora|0 fnt\n|faint|p2a: Glimmora\n|move|p2b: Gothitelle|Heal Pulse|p2: Glimmora|[notarget]\n|-fail|p2b: Gothitelle\n|move|p1a: Ekika|Recover|p1a: Ekika\n|-heal|p1a: Ekika|100\/100 brn\n|\n|-heal|p2b: Gothitelle|70\/100 par|[from] item: Leftovers\n|-damage|p1b: Hyldr|28\/100 psn|[from] psn\n|-damage|p1a: Ekika|95\/100 brn|[from] brn\n|upkeep\n|\n|t:|1701119075\n|switch|p2a: Chansey|Chansey, F|100\/100\n|turn|13\n|\n|t:|1701119101\n|move|p2b: Gothitelle|Fake Out||[still]\n|-hint|Fake Out only works on your first turn out.\n|-fail|p2b: Gothitelle\n|move|p1a: Ekika|Sucker Punch||[still]\n|-fail|p1a: Ekika\n|move|p1b: Hyldr|Rain Dance|p1b: Hyldr\n|-weather|RainDance\n|move|p2a: Chansey|Seismic Toss|p1a: Ekika\n|-damage|p1a: Ekika|52\/100 brn\n|\n|-weather|RainDance|[upkeep]\n|-heal|p2b: Gothitelle|76\/100 par|[from] item: Leftovers\n|-damage|p1b: Hyldr|15\/100 psn|[from] psn\n|-damage|p1a: Ekika|46\/100 brn|[from] brn\n|upkeep\n|turn|14\n|\n|t:|1701119127\n|move|p1a: Ekika|Sucker Punch|p2b: Gothitelle\n|-supereffective|p2b: Gothitelle\n|-damage|p2b: Gothitelle|40\/100 par\n|move|p1b: Hyldr|Electro Ball|p2b: Gothitelle\n|-damage|p2b: Gothitelle|0 fnt\n|faint|p2b: Gothitelle\n|move|p2a: Chansey|Stealth Rock|p1a: Ekika\n|-sidestart|p1: Star Guarden|move: Stealth Rock\n|\n|-weather|RainDance|[upkeep]\n|-damage|p1b: Hyldr|3\/100 psn|[from] psn\n|-damage|p1a: Ekika|41\/100 brn|[from] brn\n|upkeep\n|\n|t:|1701119141\n|switch|p2b: Ting-Lu|Ting-Lu|100\/100\n|-ability|p2b: Ting-Lu|Vessel of Ruin\n|turn|15\n|\n|t:|1701119180\n|switch|p1b: Alektrum|Eelektross, M|100\/100\n|-damage|p1b: Alektrum|88\/100|[from] Stealth Rock\n|switch|p1a: Ragnarssen|Palafin, M|100\/100\n|-status|p1a: Ragnarssen|tox\n|-damage|p1a: Ragnarssen|88\/100 tox|[from] Stealth Rock\n|move|p2b: Ting-Lu|Protect|p2b: Ting-Lu\n|-singleturn|p2b: Ting-Lu|Protect\n|move|p2a: Chansey|Seismic Toss|p1a: Ragnarssen\n|-damage|p1a: Ragnarssen|59\/100 tox\n|-enditem|p1a: Ragnarssen|Eject Button\n|\n|t:|1701119206\n|detailschange|p1a: Ragnarssen|Palafin-Hero, M\n|switch|p1a: \u00cbnkidu|Kilowattrel, M, shiny|100\/100\n|\n|-weather|RainDance|[upkeep]\n|-heal|p1b: Alektrum|94\/100|[from] item: Leftovers\n|upkeep\n|turn|16\n|\n|t:|1701119256\n|move|p1a: \u00cbnkidu|Hurricane|p2b: Ting-Lu\n|-damage|p2b: Ting-Lu|77\/100\n|-start|p2b: Ting-Lu|confusion\n|move|p1b: Alektrum|Drain Punch|p2a: Chansey\n|-supereffective|p2a: Chansey\n|-damage|p2a: Chansey|68\/100\n|-heal|p1b: Alektrum|100\/100|[from] drain|[of] p2a: Chansey\n|move|p2a: Chansey|Thunderbolt|p1a: \u00cbnkidu\n|-immune|p1a: \u00cbnkidu|[from] ability: Volt Absorb\n|-activate|p2b: Ting-Lu|confusion\n|-damage|p2b: Ting-Lu|71\/100|[from] confusion\n|\n|-weather|RainDance|[upkeep]\n|-heal|p2b: Ting-Lu|77\/100|[from] item: Leftovers\n|upkeep\n|turn|17\n|\n|t:|1701119284\n|switch|p1b: Ragnarssen|Palafin-Hero, M|59\/100 tox\n|-damage|p1b: Ragnarssen|47\/100 tox|[from] Stealth Rock\n|-activate|p1b: Ragnarssen|ability: Zero to Hero\n|-activate|p2b: Ting-Lu|confusion\n|move|p2b: Ting-Lu|Protect|p2b: Ting-Lu\n|-singleturn|p2b: Ting-Lu|Protect\n|move|p1a: \u00cbnkidu|Hurricane|p2a: Chansey\n|-damage|p2a: Chansey|54\/100\n|move|p2a: Chansey|Seismic Toss|p1b: Ragnarssen\n|-damage|p1b: Ragnarssen|17\/100 tox\n|\n|-weather|none\n|-heal|p2b: Ting-Lu|83\/100|[from] item: Leftovers\n|-damage|p1b: Ragnarssen|11\/100 tox|[from] psn\n|upkeep\n|turn|18\n|\n|t:|1701119310\n|move|p1a: \u00cbnkidu|Tailwind|p1a: \u00cbnkidu\n|-sidestart|p1: Star Guarden|move: Tailwind\n|move|p1b: Ragnarssen|Drain Punch|p2a: Chansey\n|-supereffective|p2a: Chansey\n|-damage|p2a: Chansey|17\/100\n|-heal|p1b: Ragnarssen|49\/100 tox|[from] drain|[of] p2a: Chansey\n|move|p2a: Chansey|Soft-Boiled|p2a: Chansey\n|-heal|p2a: Chansey|67\/100\n|-activate|p2b: Ting-Lu|confusion\n|move|p2b: Ting-Lu|Whirlwind|p1a: \u00cbnkidu\n|drag|p1a: Alektrum|Eelektross, M|100\/100\n|-damage|p1a: Alektrum|88\/100|[from] Stealth Rock\n|\n|-heal|p1a: Alektrum|94\/100|[from] item: Leftovers\n|-heal|p2b: Ting-Lu|89\/100|[from] item: Leftovers\n|-damage|p1b: Ragnarssen|37\/100 tox|[from] psn\n|upkeep\n|turn|19\n|\n|t:|1701119341\n|move|p1b: Ragnarssen|Drain Punch|p2b: Ting-Lu\n|-supereffective|p2b: Ting-Lu\n|-damage|p2b: Ting-Lu|55\/100\n|-heal|p1b: Ragnarssen|63\/100 tox|[from] drain|[of] p2b: Ting-Lu\n|move|p1a: Alektrum|Thunder Wave|p2a: Chansey\n|-status|p2a: Chansey|par\n|-end|p2b: Ting-Lu|confusion\n|move|p2b: Ting-Lu|Stomping Tantrum|p1a: Alektrum\n|-immune|p1a: Alektrum|[from] ability: Levitate\n|cant|p2a: Chansey|par\n|\n|-heal|p1a: Alektrum|100\/100|[from] item: Leftovers\n|-heal|p2b: Ting-Lu|61\/100|[from] item: Leftovers\n|-damage|p1b: Ragnarssen|44\/100 tox|[from] psn\n|upkeep\n|turn|20\n|\n|t:|1701119366\n|move|p2b: Ting-Lu|Protect|p2b: Ting-Lu\n|-singleturn|p2b: Ting-Lu|Protect\n|move|p1b: Ragnarssen|Drain Punch|p2b: Ting-Lu\n|-activate|p2b: Ting-Lu|move: Protect\n|move|p1a: Alektrum|Drain Punch|p2b: Ting-Lu\n|-activate|p2b: Ting-Lu|move: Protect\n|cant|p2a: Chansey|par\n|\n|-heal|p2b: Ting-Lu|67\/100|[from] item: Leftovers\n|-damage|p1b: Ragnarssen|20\/100 tox|[from] psn\n|upkeep\n|turn|21\n|\n|t:|1701119400\n|move|p1b: Ragnarssen|Drain Punch|p2a: Chansey\n|-supereffective|p2a: Chansey\n|-damage|p2a: Chansey|25\/100 par\n|-heal|p1b: Ragnarssen|64\/100 tox|[from] drain|[of] p2a: Chansey\n|move|p1a: Alektrum|Drain Punch|p2b: Ting-Lu\n|-supereffective|p2b: Ting-Lu\n|-damage|p2b: Ting-Lu|39\/100\n|move|p2b: Ting-Lu|Stomping Tantrum|p1b: Ragnarssen\n|-crit|p1b: Ragnarssen\n|-damage|p1b: Ragnarssen|17\/100 tox\n|move|p2a: Chansey|Soft-Boiled|p2a: Chansey\n|-heal|p2a: Chansey|75\/100 par\n|\n|-heal|p2b: Ting-Lu|45\/100|[from] item: Leftovers\n|-damage|p1b: Ragnarssen|0 fnt|[from] psn\n|faint|p1b: Ragnarssen\n|-sideend|p1: Star Guarden|move: Tailwind\n|upkeep\n|\n|t:|1701119431\n|switch|p1b: Ekika|Pincurchin, F, shiny|41\/100 brn\n|-damage|p1b: Ekika|28\/100 brn|[from] Stealth Rock\n|-fieldstart|move: Electric Terrain|[from] ability: Electric Surge|[of] p1b: Ekika\n|turn|22\n|\n|t:|1701119446\n|switch|p1b: Adalsteinn|Iron Thorns|83\/100 brn\n|-damage|p1b: Adalsteinn|71\/100 brn|[from] Stealth Rock\n|-activate|p1b: Adalsteinn|ability: Quark Drive\n|-start|p1b: Adalsteinn|quarkdriveatk\n|move|p1a: Alektrum|Coil|p1a: Alektrum\n|-boost|p1a: Alektrum|atk|1\n|-boost|p1a: Alektrum|def|1\n|-boost|p1a: Alektrum|accuracy|1\n|move|p2b: Ting-Lu|Stomping Tantrum|p1b: Adalsteinn\n|-supereffective|p1b: Adalsteinn\n|-damage|p1b: Adalsteinn|0 fnt\n|-damage|p2b: Ting-Lu|28\/100|[from] item: Rocky Helmet|[of] p1b: Adalsteinn\n|faint|p1b: Adalsteinn\n|-end|p1b: Adalsteinn|Quark Drive|[silent]\n|move|p2a: Chansey|Seismic Toss|p1a: Alektrum\n|-damage|p1a: Alektrum|68\/100\n|\n|-heal|p1a: Alektrum|74\/100|[from] item: Leftovers\n|-heal|p2b: Ting-Lu|35\/100|[from] item: Leftovers\n|upkeep\n|\n|t:|1701119469\n|switch|p1b: \u00cbnkidu|Kilowattrel, M, shiny|100\/100\n|turn|23\n|\n|t:|1701119479\n|move|p1b: \u00cbnkidu|Tailwind|p1b: \u00cbnkidu\n|-sidestart|p1: Star Guarden|move: Tailwind\n|move|p1a: Alektrum|Drain Punch|p2a: Chansey\n|-supereffective|p2a: Chansey\n|-damage|p2a: Chansey|27\/100 par\n|-heal|p1a: Alektrum|100\/100|[from] drain|[of] p2a: Chansey\n|move|p2a: Chansey|Seismic Toss|p1a: Alektrum\n|-damage|p1a: Alektrum|68\/100\n|move|p2b: Ting-Lu|Whirlwind|p1b: \u00cbnkidu\n|drag|p1b: Ekika|Pincurchin, F, shiny|28\/100 brn\n|-damage|p1b: Ekika|16\/100 brn|[from] Stealth Rock\n|\n|-heal|p1a: Alektrum|74\/100|[from] item: Leftovers\n|-heal|p2b: Ting-Lu|41\/100|[from] item: Leftovers\n|-damage|p1b: Ekika|10\/100 brn|[from] brn\n|upkeep\n|turn|24\n|\n|t:|1701119504\n|move|p2b: Ting-Lu|Protect|p2b: Ting-Lu\n|-singleturn|p2b: Ting-Lu|Protect\n|move|p1a: Alektrum|Coil|p1a: Alektrum\n|-boost|p1a: Alektrum|atk|1\n|-boost|p1a: Alektrum|def|1\n|-boost|p1a: Alektrum|accuracy|1\n|move|p1b: Ekika|Rising Voltage|p2a: Chansey\n|-hint|Rising Voltage's BP doubled on grounded target.\n|-damage|p2a: Chansey|13\/100 par\n|cant|p2a: Chansey|par\n|\n|-heal|p1a: Alektrum|81\/100|[from] item: Leftovers\n|-heal|p2b: Ting-Lu|47\/100|[from] item: Leftovers\n|-damage|p1b: Ekika|4\/100 brn|[from] brn\n|upkeep\n|turn|25\n|\n|t:|1701119536\n|move|p1a: Alektrum|Drain Punch|p2b: Ting-Lu\n|-supereffective|p2b: Ting-Lu\n|-damage|p2b: Ting-Lu|0 fnt\n|-heal|p1a: Alektrum|100\/100|[from] drain|[of] p2b: Ting-Lu\n|faint|p2b: Ting-Lu\n|move|p1b: Ekika|Recover|p1b: Ekika\n|-heal|p1b: Ekika|55\/100 brn\n|cant|p2a: Chansey|par\n|\n|-damage|p1b: Ekika|49\/100 brn|[from] brn\n|upkeep\n|\n|t:|1701119548\n|switch|p2b: Wo-Chien|Wo-Chien|100\/100\n|-ability|p2b: Wo-Chien|Tablets of Ruin\n|turn|26\n|\n|t:|1701119562\n|move|p2b: Wo-Chien|Protect|p2b: Wo-Chien\n|-singleturn|p2b: Wo-Chien|Protect\n|move|p1a: Alektrum|Thunder Wave|p2b: Wo-Chien\n|-activate|p2b: Wo-Chien|move: Protect\n|move|p1b: Ekika|Recover|p1b: Ekika\n|-heal|p1b: Ekika|99\/100 brn\n|move|p2a: Chansey|Soft-Boiled|p2a: Chansey\n|-heal|p2a: Chansey|63\/100 par\n|\n|-damage|p1b: Ekika|93\/100 brn|[from] brn\n|-sideend|p1: Star Guarden|move: Tailwind\n|-fieldend|move: Electric Terrain\n|upkeep\n|turn|27\n|\n|t:|1701119583\n|move|p2b: Wo-Chien|Leech Seed|p1b: Ekika\n|-start|p1b: Ekika|move: Leech Seed\n|move|p1a: Alektrum|Coil|p1a: Alektrum\n|-boost|p1a: Alektrum|atk|1\n|-boost|p1a: Alektrum|def|1\n|-boost|p1a: Alektrum|accuracy|1\n|cant|p2a: Chansey|par\n|move|p1b: Ekika|Curse|p1b: Ekika\n|-unboost|p1b: Ekika|spe|1\n|-boost|p1b: Ekika|atk|1\n|-boost|p1b: Ekika|def|1\n|\n|-damage|p1b: Ekika|81\/100 brn|[from] Leech Seed|[of] p2b: Wo-Chien\n|-damage|p1b: Ekika|75\/100 brn|[from] brn\n|upkeep\n|turn|28\n|\n|t:|1701119618\n|move|p1b: Ekika|Sucker Punch|p2a: Chansey\n|-damage|p2a: Chansey|58\/100 par\n|move|p2b: Wo-Chien|Pollen Puff|p2a: Chansey\n|-heal|p2a: Chansey|100\/100 par\n|move|p1a: Alektrum|Coil|p1a: Alektrum\n|-boost|p1a: Alektrum|atk|1\n|-boost|p1a: Alektrum|def|1\n|-boost|p1a: Alektrum|accuracy|1\n|move|p2a: Chansey|Seismic Toss|p1a: Alektrum\n|-damage|p1a: Alektrum|68\/100\n|\n|-heal|p1a: Alektrum|74\/100|[from] item: Leftovers\n|-damage|p1b: Ekika|63\/100 brn|[from] Leech Seed|[of] p2b: Wo-Chien\n|-damage|p1b: Ekika|57\/100 brn|[from] brn\n|upkeep\n|turn|29\n|\n|t:|1701119647\n|move|p2b: Wo-Chien|Protect|p2b: Wo-Chien\n|-singleturn|p2b: Wo-Chien|Protect\n|move|p1a: Alektrum|Drain Punch|p1b: Ekika\n|-damage|p1b: Ekika|14\/100 brn\n|-heal|p1a: Alektrum|91\/100|[from] drain|[of] p1b: Ekika\n|move|p2a: Chansey|Seismic Toss|p1b: Ekika\n|-damage|p1b: Ekika|0 fnt\n|faint|p1b: Ekika\n|\n|-heal|p1a: Alektrum|97\/100|[from] item: Leftovers\n|upkeep\n|\n|t:|1701119662\n|switch|p1b: \u00cbnkidu|Kilowattrel, M, shiny|100\/100\n|turn|30\n|\n|t:|1701119675\n|move|p1b: \u00cbnkidu|Thunder|p2b: Wo-Chien\n|-resisted|p2b: Wo-Chien\n|-damage|p2b: Wo-Chien|82\/100\n|move|p2b: Wo-Chien|Foul Play|p1a: Alektrum\n|-damage|p1a: Alektrum|42\/100\n|move|p1a: Alektrum|Drain Punch|p2b: Wo-Chien\n|-supereffective|p2b: Wo-Chien\n|-damage|p2b: Wo-Chien|10\/100\n|-heal|p1a: Alektrum|85\/100|[from] drain|[of] p2b: Wo-Chien\n|move|p2a: Chansey|Seismic Toss|p1b: \u00cbnkidu\n|-damage|p1b: \u00cbnkidu|65\/100\n|\n|-heal|p2b: Wo-Chien|17\/100|[from] item: Leftovers\n|-heal|p1a: Alektrum|91\/100|[from] item: Leftovers\n|upkeep\n|turn|31\n|\n|t:|1701119698\n|move|p2b: Wo-Chien|Protect|p2b: Wo-Chien\n|-singleturn|p2b: Wo-Chien|Protect\n|move|p1b: \u00cbnkidu|Tailwind|p1b: \u00cbnkidu\n|-sidestart|p1: Star Guarden|move: Tailwind\n|move|p1a: Alektrum|Drain Punch|p2a: Chansey\n|-supereffective|p2a: Chansey\n|-damage|p2a: Chansey|33\/100 par\n|-heal|p1a: Alektrum|100\/100|[from] drain|[of] p2a: Chansey\n|move|p2a: Chansey|Seismic Toss|p1b: \u00cbnkidu\n|-damage|p1b: \u00cbnkidu|29\/100\n|\n|-heal|p2b: Wo-Chien|23\/100|[from] item: Leftovers\n|upkeep\n|turn|32\n|\n|t:|1701119720\n|move|p1b: \u00cbnkidu|Hurricane|p2b: Wo-Chien\n|-supereffective|p2b: Wo-Chien\n|-damage|p2b: Wo-Chien|0 fnt\n|faint|p2b: Wo-Chien\n|move|p1a: Alektrum|Drain Punch|p2a: Chansey\n|-supereffective|p2a: Chansey\n|-damage|p2a: Chansey|0 fnt\n|faint|p2a: Chansey\n|\n|win|Star Guarden\n","uploadtime":1701119736,"views":1,"p1id":"starguarden","p2id":"mibombilla","formatid":"gen9nationaldexdoubles","rating":0,"private":0,"password":""}