{"id":"gen9nationaldexdoubles-1984694942","p1":"Not_Paint","p2":"StickmenSwampert","format":"[Gen 9] National Dex Doubles","log":"|j|\u2606Not_Paint\n|j|\u2606StickmenSwampert\n|t:|1699291511\n|gametype|doubles\n|player|p1|Not_Paint|yellow|\n|player|p2|StickmenSwampert|unknown|\n|teamsize|p1|6\n|teamsize|p2|6\n|gen|9\n|tier|[Gen 9] National Dex Doubles\n|rule|HP Percentage Mod: HP is shown in percentages\n|rule|Endless Battle Clause: Forcing endless battles is banned\n|rule|OHKO Clause: OHKO moves are banned\n|rule|Evasion Moves Clause: Evasion moves are banned\n|rule|Evasion Abilities Clause: Evasion abilities are banned\n|rule|Species Clause: Limit one of each Pok\u00e9mon\n|rule|Gravity Sleep Clause: The combination of sleep-inducing moves with imperfect accuracy and Gravity or Gigantamax Orbeetle are banned\n|clearpoke\n|poke|p1|Brute Bonnet|\n|poke|p1|Iron Hands|\n|poke|p1|Flutter Mane|\n|poke|p1|Iron Bundle|\n|poke|p1|Roaring Moon|\n|poke|p1|Iron Valiant|\n|poke|p2|Skeledirge, M|\n|poke|p2|Cetitan, F|\n|poke|p2|Klawf, M|\n|poke|p2|Kilowattrel, F|\n|poke|p2|Veluza, F|\n|poke|p2|Great Tusk|\n|teampreview\n|\n|t:|1699291528\n|start\n|switch|p1a: Brute Bonnet|Brute Bonnet|100\/100\n|switch|p1b: Iron Hands|Iron Hands|100\/100\n|switch|p2a: Knightstorm|Kilowattrel, F|100\/100\n|switch|p2b: Bumper|Cetitan, F|100\/100\n|turn|1\n|\n|t:|1699291559\n|move|p2a: Knightstorm|Tailwind|p2a: Knightstorm\n|-sidestart|p2: StickmenSwampert|move: Tailwind\n|-start|p2a: Knightstorm|Charge|Tailwind|[from] ability: Wind Power\n|move|p2b: Bumper|Belly Drum|p2b: Bumper\n|-damage|p2b: Bumper|50\/100\n|-setboost|p2b: Bumper|atk|6|[from] move: Belly Drum\n|move|p1a: Brute Bonnet|Spore|p2b: Bumper\n|-status|p2b: Bumper|slp|[from] move: Spore\n|move|p1b: Iron Hands|Drain Punch|p2b: Bumper\n|-supereffective|p2b: Bumper\n|-damage|p2b: Bumper|0 fnt\n|faint|p2b: Bumper\n|\n|upkeep\n|\n|t:|1699291580\n|switch|p2b: Puff|Skeledirge, M|100\/100\n|turn|2\n|\n|t:|1699291610\n|move|p2a: Knightstorm|Air Slash|p1b: Iron Hands\n|-damage|p1b: Iron Hands|71\/100\n|move|p2b: Puff|Torch Song|p1a: Brute Bonnet\n|-supereffective|p1a: Brute Bonnet\n|-damage|p1a: Brute Bonnet|34\/100\n|-boost|p2b: Puff|spa|1\n|-enditem|p2b: Puff|Throat Spray\n|-boost|p2b: Puff|spa|1|[from] item: Throat Spray\n|move|p1a: Brute Bonnet|Spore|p2b: Puff\n|-status|p2b: Puff|slp|[from] move: Spore\n|cant|p1b: Iron Hands|flinch\n|\n|upkeep\n|turn|3\n|\n|t:|1699291642\n|move|p2a: Knightstorm|Air Slash|p1a: Brute Bonnet\n|-supereffective|p1a: Brute Bonnet\n|-damage|p1a: Brute Bonnet|0 fnt\n|faint|p1a: Brute Bonnet\n|-end|p1a: Brute Bonnet|Protosynthesis|[silent]\n|cant|p2b: Puff|slp\n|move|p1b: Iron Hands|Thunder Punch|p2b: Puff\n|-damage|p2b: Puff|59\/100 slp\n|\n|upkeep\n|\n|t:|1699291647\n|switch|p1a: Iron Bundle|Iron Bundle|100\/100\n|turn|4\n|\n|t:|1699291689\n|move|p2a: Knightstorm|Electro Ball|p1a: Iron Bundle\n|-supereffective|p1a: Iron Bundle\n|-damage|p1a: Iron Bundle|0 fnt\n|faint|p1a: Iron Bundle\n|-end|p1a: Iron Bundle|Quark Drive|[silent]\n|-end|p2a: Knightstorm|Charge|[silent]\n|cant|p2b: Puff|slp\n|move|p1b: Iron Hands|Thunder Punch|p2b: Puff\n|-damage|p2b: Puff|15\/100 slp\n|\n|-sideend|p2: StickmenSwampert|move: Tailwind\n|upkeep\n|\n|t:|1699291695\n|switch|p1a: Flutter Mane|Flutter Mane|100\/100\n|turn|5\n|\n|t:|1699291708\n|move|p1a: Flutter Mane|Shadow Ball|p2b: Puff\n|-supereffective|p2b: Puff\n|-damage|p2b: Puff|0 fnt\n|faint|p2b: Puff\n|move|p2a: Knightstorm|Tailwind|p2a: Knightstorm\n|-sidestart|p2: StickmenSwampert|move: Tailwind\n|-start|p2a: Knightstorm|Charge|Tailwind|[from] ability: Wind Power\n|move|p1b: Iron Hands|Ice Punch|p2a: Knightstorm\n|-supereffective|p2a: Knightstorm\n|-damage|p2a: Knightstorm|0 fnt\n|faint|p2a: Knightstorm\n|\n|upkeep\n|\n|t:|1699291725\n|switch|p2a: Donita|Veluza, F|100\/100\n|switch|p2b: Masterdon|Great Tusk, shiny|100\/100\n|-enditem|p2b: Masterdon|Booster Energy\n|-activate|p2b: Masterdon|ability: Protosynthesis|[fromitem]\n|-start|p2b: Masterdon|protosynthesisatk\n|turn|6\n|\n|t:|1699291741\n|-end|p1a: Flutter Mane|Protosynthesis|[silent]\n|switch|p1a: Roaring Moon|Roaring Moon|100\/100\n|-enditem|p1a: Roaring Moon|Booster Energy\n|-activate|p1a: Roaring Moon|ability: Protosynthesis|[fromitem]\n|-start|p1a: Roaring Moon|protosynthesisatk\n|-end|p1b: Iron Hands|Quark Drive|[silent]\n|switch|p1b: Iron Valiant|Iron Valiant|100\/100\n|-enditem|p1b: Iron Valiant|Booster Energy\n|-activate|p1b: Iron Valiant|ability: Quark Drive|[fromitem]\n|-start|p1b: Iron Valiant|quarkdriveatk\n|move|p2b: Masterdon|Headlong Rush|p1b: Iron Valiant\n|-damage|p1b: Iron Valiant|0 fnt\n|-unboost|p2b: Masterdon|def|1\n|-unboost|p2b: Masterdon|spd|1\n|faint|p1b: Iron Valiant\n|-end|p1b: Iron Valiant|Quark Drive|[silent]\n|move|p2a: Donita|Fillet Away|p2a: Donita\n|-boost|p2a: Donita|atk|2\n|-boost|p2a: Donita|spa|2\n|-boost|p2a: Donita|spe|2\n|-damage|p2a: Donita|50\/100\n|-enditem|p2a: Donita|Sitrus Berry|[eat]\n|-heal|p2a: Donita|75\/100|[from] item: Sitrus Berry\n|\n|upkeep\n|\n|t:|1699291746\n|switch|p1b: Flutter Mane|Flutter Mane|100\/100\n|turn|7\n|\n|t:|1699291779\n|move|p2a: Donita|Aqua Cutter|p1b: Flutter Mane\n|-damage|p1b: Flutter Mane|0 fnt\n|faint|p1b: Flutter Mane\n|-end|p1b: Flutter Mane|Protosynthesis|[silent]\n|move|p2b: Masterdon|Play Rough|p1a: Roaring Moon\n|-supereffective|p1a: Roaring Moon\n|-damage|p1a: Roaring Moon|0 fnt\n|faint|p1a: Roaring Moon\n|-end|p1a: Roaring Moon|Protosynthesis|[silent]\n|\n|upkeep\n|\n|t:|1699291785\n|switch|p1a: Iron Hands|Iron Hands|71\/100\n|turn|8\n|\n|t:|1699291791\n|move|p2a: Donita|Psycho Cut|p1a: Iron Hands\n|-supereffective|p1a: Iron Hands\n|-damage|p1a: Iron Hands|0 fnt\n|faint|p1a: Iron Hands\n|-end|p1a: Iron Hands|Quark Drive|[silent]\n|\n|win|StickmenSwampert\n","uploadtime":1699291803,"views":5,"p1id":"notpaint","p2id":"stickmenswampert","formatid":"gen9nationaldexdoubles","rating":0,"private":0,"password":""}