{"id":"gen9nationaldexdoubles-1994071388","p1":"Woundsave","p2":"fumbari 24","format":"[Gen 9] National Dex Doubles","log":"|j|\u2606Woundsave\n|j|\u2606fumbari 24\n|t:|1700403090\n|gametype|doubles\n|player|p1|Woundsave|101|1095\n|player|p2|fumbari 24|hilbert|1159\n|teamsize|p1|6\n|teamsize|p2|6\n|gen|9\n|tier|[Gen 9] National Dex Doubles\n|rated|\n|rule|HP Percentage Mod: HP is shown in percentages\n|rule|Endless Battle Clause: Forcing endless battles is banned\n|rule|OHKO Clause: OHKO moves are banned\n|rule|Evasion Moves Clause: Evasion moves are banned\n|rule|Evasion Abilities Clause: Evasion abilities are banned\n|rule|Species Clause: Limit one of each Pok\u00e9mon\n|rule|Gravity Sleep Clause: The combination of sleep-inducing moves with imperfect accuracy and Gravity or Gigantamax Orbeetle are banned\n|clearpoke\n|poke|p1|Incineroar, F|\n|poke|p1|Wo-Chien|\n|poke|p1|Ceruledge, F|\n|poke|p1|Sinistcha|\n|poke|p1|Arcanine-Hisui, M|\n|poke|p1|Iron Hands|\n|poke|p2|Ogerpon-Hearthflame, F|\n|poke|p2|Morpeko, M|\n|poke|p2|Inteleon, M|\n|poke|p2|Sinistcha|\n|poke|p2|Drapion, M|\n|poke|p2|Gyarados, M|\n|teampreview\n|inactive|Battle timer is ON: inactive players will automatically lose when time's up. (requested by Woundsave)\n|\n|t:|1700403110\n|start\n|switch|p1a: Incineroar|Incineroar, F, shiny|100\/100\n|switch|p1b: Ceruledge|Ceruledge, F|100\/100\n|switch|p2a: Gyarados|Gyarados, M|100\/100\n|switch|p2b: Inteleon|Inteleon, M|100\/100\n|-ability|p2a: Gyarados|Intimidate|boost\n|-unboost|p1a: Incineroar|atk|1\n|-unboost|p1b: Ceruledge|atk|1\n|-ability|p1a: Incineroar|Intimidate|boost\n|-unboost|p2a: Gyarados|atk|1\n|-unboost|p2b: Inteleon|atk|1\n|turn|1\n|\n|t:|1700403132\n|move|p1a: Incineroar|Fake Out|p2b: Inteleon\n|-crit|p2b: Inteleon\n|-damage|p2b: Inteleon|71\/100\n|cant|p2b: Inteleon|flinch\n|move|p2a: Gyarados|Thunder Wave|p1b: Ceruledge\n|-status|p1b: Ceruledge|par\n|move|p1b: Ceruledge|Bulk Up|p1b: Ceruledge\n|-boost|p1b: Ceruledge|atk|1\n|-boost|p1b: Ceruledge|def|1\n|\n|upkeep\n|turn|2\n|\n|t:|1700403152\n|move|p2b: Inteleon|Substitute|p2b: Inteleon\n|-start|p2b: Inteleon|Substitute\n|-damage|p2b: Inteleon|46\/100\n|move|p2a: Gyarados|Waterfall|p1a: Incineroar\n|-supereffective|p1a: Incineroar\n|-damage|p1a: Incineroar|54\/100\n|move|p1a: Incineroar|Brutal Swing|p2b: Inteleon|[spread] p1b,p2a,p2b\n|-activate|p2b: Inteleon|move: Substitute|[damage]\n|-supereffective|p1b: Ceruledge\n|-damage|p1b: Ceruledge|84\/100 par\n|-damage|p2a: Gyarados|88\/100\n|-ability|p1b: Ceruledge|Weak Armor|boost\n|-unboost|p1b: Ceruledge|def|1\n|-boost|p1b: Ceruledge|spe|2\n|-enditem|p1b: Ceruledge|Weakness Policy\n|-boost|p1b: Ceruledge|atk|2|[from] item: Weakness Policy\n|-boost|p1b: Ceruledge|spa|2|[from] item: Weakness Policy\n|move|p1b: Ceruledge|Bitter Blade|p2b: Inteleon\n|-resisted|p2b: Inteleon\n|-end|p2b: Inteleon|Substitute\n|-heal|p1b: Ceruledge|86\/100 par|[from] drain|[of] p2b: Inteleon\n|\n|upkeep\n|turn|3\n|inactive|Woundsave has 120 seconds left.\n|\n|t:|1700403194\n|switch|p2a: Drapion|Drapion, M|100\/100\n|move|p1b: Ceruledge|Shadow Sneak|p2b: Inteleon\n|-damage|p2b: Inteleon|0 fnt\n|faint|p2b: Inteleon\n|move|p1a: Incineroar|Parting Shot|p2a: Drapion\n|-unboost|p2a: Drapion|atk|1\n|-unboost|p2a: Drapion|spa|1\n|\n|t:|1700403204\n|switch|p1a: Arcanine|Arcanine-Hisui, M, shiny|100\/100|[from] Parting Shot\n|-ability|p1a: Arcanine|Intimidate|boost\n|-unboost|p2a: Drapion|atk|1\n|\n|upkeep\n|\n|t:|1700403207\n|switch|p2b: Gyarados|Gyarados, M|88\/100\n|-ability|p2b: Gyarados|Intimidate|boost\n|-unboost|p1a: Arcanine|atk|1\n|-unboost|p1b: Ceruledge|atk|1\n|turn|4\n|\n|t:|1700403217\n|switch|p1a: Incineroar|Incineroar, F, shiny|54\/100\n|-ability|p1a: Incineroar|Intimidate|boost\n|-unboost|p2a: Drapion|atk|1\n|-unboost|p2b: Gyarados|atk|1\n|move|p2b: Gyarados|Waterfall|p1b: Ceruledge\n|-supereffective|p1b: Ceruledge\n|-damage|p1b: Ceruledge|45\/100 par\n|-ability|p1b: Ceruledge|Weak Armor|boost\n|-unboost|p1b: Ceruledge|def|1\n|-boost|p1b: Ceruledge|spe|2\n|cant|p1b: Ceruledge|flinch\n|-zpower|p2a: Drapion\n|move|p2a: Drapion|Z-Acupressure|p2a: Drapion|[anim]Acupressure\n|-start|p2a: Drapion|move: Focus Energy|[zeffect]\n|-boost|p2a: Drapion|atk|2\n|\n|upkeep\n|turn|5\n|inactive|fumbari 24 has 120 seconds left.\n|\n|t:|1700403251\n|move|p1a: Incineroar|Fake Out|p2b: Gyarados\n|-damage|p2b: Gyarados|76\/100\n|move|p1b: Ceruledge|Bitter Blade|p2a: Drapion\n|-damage|p2a: Drapion|43\/100\n|-heal|p1b: Ceruledge|75\/100 par|[from] drain|[of] p2a: Drapion\n|cant|p2b: Gyarados|flinch\n|move|p2a: Drapion|Night Slash|p1b: Ceruledge\n|-supereffective|p1b: Ceruledge\n|-crit|p1b: Ceruledge\n|-damage|p1b: Ceruledge|0 fnt\n|faint|p1b: Ceruledge\n|\n|upkeep\n|\n|t:|1700403264\n|switch|p1b: Iron Hands|Iron Hands|100\/100\n|turn|6\n|\n|t:|1700403274\n|switch|p2b: Sinistcha|Sinistcha|100\/100\n|-heal|p2a: Drapion|68\/100|[from] ability: Hospitality|[of] p2b: Sinistcha\n|move|p1b: Iron Hands|Fake Out|p2a: Drapion\n|-damage|p2a: Drapion|54\/100\n|cant|p2a: Drapion|flinch\n|move|p1a: Incineroar|Knock Off|p2b: Sinistcha\n|-supereffective|p2b: Sinistcha\n|-damage|p2b: Sinistcha|27\/100\n|-enditem|p2b: Sinistcha|Leftovers|[from] move: Knock Off|[of] p1a: Incineroar\n|\n|upkeep\n|turn|7\n|\n|t:|1700403295\n|-end|p1b: Iron Hands|Quark Drive|[silent]\n|switch|p1b: Sinistcha|Sinistcha, shiny|100\/100\n|-heal|p1a: Incineroar|79\/100|[from] ability: Hospitality|[of] p1b: Sinistcha\n|move|p2a: Drapion|Cross Poison|p1a: Incineroar\n|-crit|p1a: Incineroar\n|-damage|p1a: Incineroar|29\/100\n|-enditem|p1a: Incineroar|Sitrus Berry|[eat]\n|-heal|p1a: Incineroar|54\/100|[from] item: Sitrus Berry\n|move|p2b: Sinistcha|Life Dew|p2b: Sinistcha|[spread] p2a,p2b\n|-heal|p2a: Drapion|79\/100\n|-heal|p2b: Sinistcha|52\/100\n|move|p1a: Incineroar|Brutal Swing|p2b: Sinistcha|[spread] p1b,p2a,p2b\n|-supereffective|p1b: Sinistcha\n|-resisted|p2a: Drapion\n|-supereffective|p2b: Sinistcha\n|-damage|p1b: Sinistcha|72\/100\n|-damage|p2a: Drapion|70\/100\n|-damage|p2b: Sinistcha|23\/100\n|\n|upkeep\n|turn|8\n|inactive|Woundsave has 120 seconds left.\n|\n|t:|1700403331\n|switch|p2b: Gyarados|Gyarados, M|76\/100\n|-ability|p2b: Gyarados|Intimidate|boost\n|-unboost|p1a: Incineroar|atk|1\n|-unboost|p1b: Sinistcha|atk|1\n|move|p2a: Drapion|Night Slash|p1b: Sinistcha\n|-supereffective|p1b: Sinistcha\n|-crit|p1b: Sinistcha\n|-damage|p1b: Sinistcha|0 fnt\n|faint|p1b: Sinistcha\n|move|p1a: Incineroar|Knock Off|p2b: Gyarados\n|-damage|p2b: Gyarados|50\/100\n|-enditem|p2b: Gyarados|Sitrus Berry|[from] move: Knock Off|[of] p1a: Incineroar\n|\n|upkeep\n|\n|t:|1700403342\n|switch|p1b: Arcanine|Arcanine-Hisui, M, shiny|100\/100\n|-ability|p1b: Arcanine|Intimidate|boost\n|-unboost|p2a: Drapion|atk|1\n|-unboost|p2b: Gyarados|atk|1\n|turn|9\n|\n|t:|1700403355\n|switch|p1a: Iron Hands|Iron Hands|100\/100\n|move|p2a: Drapion|Protect|p2a: Drapion\n|-singleturn|p2a: Drapion|Protect\n|move|p1b: Arcanine|Rock Slide|p2a: Drapion|[spread] p2b\n|-activate|p2a: Drapion|move: Protect\n|-supereffective|p2b: Gyarados\n|-damage|p2b: Gyarados|0 fnt\n|faint|p2b: Gyarados\n|\n|upkeep\n|\n|t:|1700403364\n|switch|p2b: Morpeko|Morpeko, M|100\/100\n|turn|10\n|\n|t:|1700403374\n|move|p2b: Morpeko|Fake Out|p1b: Arcanine\n|-resisted|p1b: Arcanine\n|-damage|p1b: Arcanine|94\/100\n|move|p1a: Iron Hands|Fake Out|p2b: Morpeko\n|-damage|p2b: Morpeko|67\/100\n|cant|p1b: Arcanine|flinch\n|move|p2a: Drapion|Night Slash|p1b: Arcanine\n|-crit|p1b: Arcanine\n|-damage|p1b: Arcanine|30\/100\n|\n|-formechange|p2b: Morpeko|Morpeko-Hangry||[from] ability: Hunger Switch\n|upkeep\n|turn|11\n|\n|t:|1700403398\n|switch|p1b: Incineroar|Incineroar, F, shiny|54\/100\n|-ability|p1b: Incineroar|Intimidate|boost\n|-unboost|p2a: Drapion|atk|1\n|-unboost|p2b: Morpeko|atk|1\n|move|p2b: Morpeko|Aura Wheel|p1b: Incineroar\n|-resisted|p1b: Incineroar\n|-damage|p1b: Incineroar|39\/100\n|-boost|p2b: Morpeko|spe|1\n|move|p2a: Drapion|Cross Poison|p1b: Incineroar\n|-crit|p1b: Incineroar\n|-damage|p1b: Incineroar|0 fnt\n|faint|p1b: Incineroar\n|move|p1a: Iron Hands|Drain Punch|p2b: Morpeko\n|-supereffective|p2b: Morpeko\n|-damage|p2b: Morpeko|0 fnt\n|faint|p2b: Morpeko\n|\n|upkeep\n|\n|t:|1700403413\n|switch|p2b: Sinistcha|Sinistcha|23\/100\n|switch|p1b: Arcanine|Arcanine-Hisui, M, shiny|30\/100\n|-ability|p1b: Arcanine|Intimidate|boost\n|-unboost|p2a: Drapion|atk|1\n|-unboost|p2b: Sinistcha|atk|1\n|-heal|p2a: Drapion|95\/100|[from] ability: Hospitality|[of] p2b: Sinistcha\n|turn|12\n|\n|t:|1700403425\n|move|p2b: Sinistcha|Rage Powder|p2b: Sinistcha\n|-singleturn|p2b: Sinistcha|move: Rage Powder\n|move|p1b: Arcanine|Rock Slide|p2b: Sinistcha|[spread] p2a\n|-miss|p1b: Arcanine|p2b: Sinistcha\n|-damage|p2a: Drapion|71\/100\n|cant|p2a: Drapion|flinch\n|move|p1a: Iron Hands|Drain Punch|p2b: Sinistcha\n|-immune|p2b: Sinistcha\n|\n|upkeep\n|turn|13\n|\n|t:|1700403443\n|move|p1b: Arcanine|Rock Slide|p2b: Sinistcha|[spread] p2a,p2b\n|-damage|p2a: Drapion|46\/100\n|-damage|p2b: Sinistcha|0 fnt\n|faint|p2b: Sinistcha\n|move|p2a: Drapion|Night Slash|p1b: Arcanine\n|-crit|p1b: Arcanine\n|-damage|p1b: Arcanine|0 fnt\n|faint|p1b: Arcanine\n|move|p1a: Iron Hands|Drain Punch|p2a: Drapion\n|-damage|p2a: Drapion|5\/100\n|\n|upkeep\n|\n|t:|1700403454\n|switch|p1b: Wo-Chien|Wo-Chien|100\/100\n|switch|p2b: Ogerpon|Ogerpon-Hearthflame, F|100\/100\n|-ability|p2b: Ogerpon|Mold Breaker\n|-ability|p1b: Wo-Chien|Tablets of Ruin\n|turn|14\n|\n|t:|1700403463\n|-terastallize|p2b: Ogerpon|Fire\n|detailschange|p2b: Ogerpon|Ogerpon-Hearthflame-Tera, F, tera:Fire\n|-ability|p2b: Ogerpon|Embody Aspect (Hearthflame)|boost\n|-boost|p2b: Ogerpon|atk|1\n|-terastallize|p1b: Wo-Chien|Water\n|move|p2a: Drapion|Protect|p2a: Drapion\n|-singleturn|p2a: Drapion|Protect\n|move|p2b: Ogerpon|Focus Energy|p2b: Ogerpon\n|-start|p2b: Ogerpon|move: Focus Energy\n|move|p1b: Wo-Chien|Snarl|p2a: Drapion|[spread] p2b\n|-activate|p2a: Drapion|move: Protect\n|-damage|p2b: Ogerpon|84\/100\n|-unboost|p2b: Ogerpon|spa|1\n|move|p1a: Iron Hands|Drain Punch|p2b: Ogerpon\n|-damage|p2b: Ogerpon|39\/100\n|\n|upkeep\n|turn|15\n|\n|t:|1700403486\n|move|p2b: Ogerpon|Horn Leech|p1a: Iron Hands\n|-crit|p1a: Iron Hands\n|-damage|p1a: Iron Hands|53\/100\n|-heal|p2b: Ogerpon|79\/100|[from] drain|[of] p1a: Iron Hands\n|move|p2a: Drapion|Cross Poison|p1a: Iron Hands\n|-crit|p1a: Iron Hands\n|-damage|p1a: Iron Hands|29\/100\n|-status|p1a: Iron Hands|psn\n|move|p1b: Wo-Chien|Leech Seed|p2b: Ogerpon\n|-start|p2b: Ogerpon|move: Leech Seed\n|move|p1a: Iron Hands|Drain Punch|p2a: Drapion\n|-damage|p2a: Drapion|0 fnt\n|-heal|p1a: Iron Hands|30\/100 psn|[from] drain|[of] p2a: Drapion\n|faint|p2a: Drapion\n|\n|-damage|p2b: Ogerpon|67\/100|[from] Leech Seed|[of] p1b: Wo-Chien\n|-damage|p1a: Iron Hands|18\/100 psn|[from] psn\n|upkeep\n|turn|16\n|\n|t:|1700403502\n|move|p2b: Ogerpon|Horn Leech|p1a: Iron Hands\n|-crit|p1a: Iron Hands\n|-damage|p1a: Iron Hands|0 fnt\n|-heal|p2b: Ogerpon|82\/100|[from] drain|[of] p1a: Iron Hands\n|faint|p1a: Iron Hands\n|-end|p1a: Iron Hands|Quark Drive|[silent]\n|move|p1b: Wo-Chien|Foul Play|p2b: Ogerpon\n|-damage|p2b: Ogerpon|0 fnt\n|faint|p2b: Ogerpon\n|\n|win|Woundsave\n|raw|Woundsave's rating: 1095 &rarr; <strong>1125<\/strong><br \/>(+30 for winning)\n|raw|fumbari 24's rating: 1159 &rarr; <strong>1129<\/strong><br \/>(-30 for losing)\n|l|\u2606fumbari 24\n","uploadtime":1700403513,"views":7,"p1id":"woundsave","p2id":"fumbari24","formatid":"gen9nationaldexdoubles","rating":1125,"private":0,"password":""}