{"id":"gen9nationaldexdoubles-1994451761","p1":"GunGalione","p2":"El Ryuk456","format":"[Gen 9] National Dex Doubles","log":"|j|\u2606GunGalione\n|j|\u2606El Ryuk456\n|t:|1700445473\n|gametype|doubles\n|player|p1|GunGalione|pokemonranger-gen4|1253\n|player|p2|El Ryuk456|ingo|1341\n|teamsize|p1|6\n|teamsize|p2|6\n|gen|9\n|tier|[Gen 9] National Dex Doubles\n|rated|\n|rule|HP Percentage Mod: HP is shown in percentages\n|rule|Endless Battle Clause: Forcing endless battles is banned\n|rule|OHKO Clause: OHKO moves are banned\n|rule|Evasion Moves Clause: Evasion moves are banned\n|rule|Evasion Abilities Clause: Evasion abilities are banned\n|rule|Species Clause: Limit one of each Pok\u00e9mon\n|rule|Gravity Sleep Clause: The combination of sleep-inducing moves with imperfect accuracy and Gravity or Gigantamax Orbeetle are banned\n|clearpoke\n|poke|p1|Iron Hands|\n|poke|p1|Ninetales-Alola, F|\n|poke|p1|Tapu Koko|\n|poke|p1|Arctozolt|\n|poke|p1|Clodsire, M|\n|poke|p1|Raichu-Alola, M|\n|poke|p2|Urshifu-*, F|\n|poke|p2|Ogerpon-Wellspring, F|\n|poke|p2|Tapu Fini|\n|poke|p2|Dragonite, F|\n|poke|p2|Marowak, F|\n|poke|p2|Aegislash, M|\n|teampreview\n|\n|t:|1700445490\n|start\n|switch|p1a: Ninetales|Ninetales-Alola, F|100\/100\n|switch|p1b: Tapu Koko|Tapu Koko|100\/100\n|switch|p2a: Aegislash|Aegislash, M, shiny|100\/100\n|switch|p2b: Marowak|Marowak, F|100\/100\n|-fieldstart|move: Electric Terrain|[from] ability: Electric Surge|[of] p1b: Tapu Koko\n|-weather|Snow|[from] ability: Snow Warning|[of] p1a: Ninetales\n|turn|1\n|inactive|Battle timer is ON: inactive players will automatically lose when time's up. (requested by El Ryuk456)\n|\n|t:|1700445514\n|move|p1b: Tapu Koko|Thunder Wave|p2b: Marowak\n|-activate|p2b: Marowak|ability: Lightning Rod\n|-ability|p2b: Marowak|Lightning Rod|boost\n|-boost|p2b: Marowak|spa|1\n|move|p1a: Ninetales|Aurora Veil|p1a: Ninetales\n|-sidestart|p1: GunGalione|move: Aurora Veil\n|move|p2b: Marowak|Brick Break|p1a: Ninetales\n|-sideend|p1: GunGalione|move: Aurora Veil\n|-damage|p1a: Ninetales|64\/100\n|-formechange|p2a: Aegislash|Aegislash-Blade||[from] ability: Stance Change\n|move|p2a: Aegislash|Gyro Ball|p1a: Ninetales\n|-supereffective|p1a: Ninetales\n|-damage|p1a: Ninetales|0 fnt\n|faint|p1a: Ninetales\n|\n|-weather|Snow|[upkeep]\n|upkeep\n|\n|t:|1700445526\n|switch|p1a: Arctozolt|Arctozolt|100\/100\n|turn|2\n|inactive|GunGalione has 120 seconds left.\n|\n|t:|1700445561\n|-terastallize|p1a: Arctozolt|Electric\n|move|p2b: Marowak|Detect|p2b: Marowak\n|-singleturn|p2b: Marowak|Protect\n|move|p1a: Arctozolt|Stomping Tantrum|p2a: Aegislash\n|-supereffective|p2a: Aegislash\n|-damage|p2a: Aegislash|12\/100\n|-damage|p1a: Arctozolt|91\/100|[from] item: Life Orb\n|move|p1b: Tapu Koko|U-turn|p2a: Aegislash\n|-resisted|p2a: Aegislash\n|-damage|p2a: Aegislash|5\/100\n|inactive|GunGalione has 120 seconds left.\n|\n|t:|1700445581\n|switch|p1b: Iron Hands|Iron Hands|100\/100|[from] U-turn\n|-activate|p1b: Iron Hands|ability: Quark Drive\n|-start|p1b: Iron Hands|quarkdriveatk\n|move|p2a: Aegislash|Gyro Ball|p1a: Arctozolt\n|-resisted|p1a: Arctozolt\n|-damage|p1a: Arctozolt|65\/100\n|\n|-weather|Snow|[upkeep]\n|upkeep\n|turn|3\n|inactive|GunGalione has 120 seconds left.\n|\n|t:|1700445617\n|switch|p2b: Tapu Fini|Tapu Fini|100\/100\n|-fieldstart|move: Misty Terrain|[from] ability: Misty Surge|[of] p2b: Tapu Fini\n|-end|p1b: Iron Hands|Quark Drive\n|move|p1b: Iron Hands|Fake Out|p2b: Tapu Fini\n|-damage|p2b: Tapu Fini|88\/100\n|move|p1a: Arctozolt|Blizzard|p2b: Tapu Fini|[spread] p2a,p2b\n|-resisted|p2a: Aegislash\n|-resisted|p2b: Tapu Fini\n|-damage|p2a: Aegislash|0 fnt\n|-damage|p2b: Tapu Fini|77\/100\n|faint|p2a: Aegislash\n|-damage|p1a: Arctozolt|55\/100|[from] item: Life Orb\n|\n|-weather|Snow|[upkeep]\n|-heal|p2b: Tapu Fini|83\/100|[from] item: Leftovers\n|upkeep\n|inactive|El Ryuk456 has 120 seconds left.\n|\n|t:|1700445633\n|switch|p2a: Dragonite|Dragonite, F|100\/100\n|turn|4\n|inactive|GunGalione has 120 seconds left.\n|\n|t:|1700445659\n|-end|p1b: Iron Hands|Quark Drive|[silent]\n|switch|p1b: Tapu Koko|Tapu Koko|100\/100\n|-fieldstart|move: Electric Terrain|[from] ability: Electric Surge|[of] p1b: Tapu Koko\n|-terastallize|p2a: Dragonite|Normal\n|move|p2a: Dragonite|Extreme Speed|p1a: Arctozolt\n|-damage|p1a: Arctozolt|0 fnt\n|faint|p1a: Arctozolt\n|move|p2b: Tapu Fini|Moonblast|p1b: Tapu Koko\n|-damage|p1b: Tapu Koko|53\/100\n|\n|-weather|Snow|[upkeep]\n|-heal|p2b: Tapu Fini|89\/100|[from] item: Leftovers\n|upkeep\n|\n|t:|1700445669\n|switch|p1a: Iron Hands|Iron Hands|100\/100\n|-activate|p1a: Iron Hands|ability: Quark Drive\n|-start|p1a: Iron Hands|quarkdriveatk\n|turn|5\n|-message|GunGalione forfeited.\n|\n|win|El Ryuk456\n|raw|GunGalione's rating: 1253 &rarr; <strong>1234<\/strong><br \/>(-19 for losing)\n|raw|El Ryuk456's rating: 1341 &rarr; <strong>1356<\/strong><br \/>(+15 for winning)\n|l|\u2606GunGalione\n","uploadtime":1700445679,"views":13,"p1id":"gungalione","p2id":"elryuk456","formatid":"gen9nationaldexdoubles","rating":1234,"private":0,"password":""}