{"id":"gen9nationaldexdoubles-1968154785","p1":"The OG Trainer Red","p2":"zxcvbnmy","format":"[Gen 9] National Dex Doubles","log":"|j|\u2606The OG Trainer Red\n|j|\u2606zxcvbnmy\n|t:|1697389764\n|gametype|doubles\n|player|p1|The OG Trainer Red|fisherman-gen4|1151\n|player|p2|zxcvbnmy|1|1182\n|teamsize|p1|6\n|teamsize|p2|6\n|gen|9\n|tier|[Gen 9] National Dex Doubles\n|rated|\n|rule|HP Percentage Mod: HP is shown in percentages\n|rule|Endless Battle Clause: Forcing endless battles is banned\n|rule|OHKO Clause: OHKO moves are banned\n|rule|Evasion Moves Clause: Evasion moves are banned\n|rule|Evasion Abilities Clause: Evasion abilities are banned\n|rule|Species Clause: Limit one of each Pok\u00e9mon\n|rule|Gravity Sleep Clause: The combination of sleep-inducing moves with imperfect accuracy and Gravity or Gigantamax Orbeetle are banned\n|clearpoke\n|poke|p1|Ninetales, F|\n|poke|p1|Leafeon, F|\n|poke|p1|Espeon, F|\n|poke|p1|Indeedee-F, F|\n|poke|p1|Ursaluna-Bloodmoon, M|\n|poke|p1|Umbreon, F|\n|poke|p2|Breloom, M|\n|poke|p2|Tornadus, M|\n|poke|p2|Metagross|\n|poke|p2|Hydreigon, F|\n|poke|p2|Arcanine-Hisui, M|\n|poke|p2|Okidogi, M|\n|teampreview\n|inactive|Battle timer is ON: inactive players will automatically lose when time's up. (requested by zxcvbnmy)\n|\n|t:|1697389770\n|start\n|switch|p1a: Espeon|Espeon, F|100\/100\n|switch|p1b: Indeedee|Indeedee-F, F|100\/100\n|switch|p2a: Breloom|Breloom, M|100\/100\n|switch|p2b: Tornadus|Tornadus, M|100\/100\n|-fieldstart|move: Psychic Terrain|[from] ability: Psychic Surge|[of] p1b: Indeedee\n|turn|1\n|\n|t:|1697389785\n|move|p2b: Tornadus|Tailwind|p2b: Tornadus\n|-sidestart|p2: zxcvbnmy|move: Tailwind\n|move|p2a: Breloom|Bullet Seed|p1a: Espeon\n|-damage|p1a: Espeon|56\/100\n|-damage|p1a: Espeon|12\/100\n|-crit|p1a: Espeon\n|-damage|p1a: Espeon|0 fnt\n|faint|p1a: Espeon\n|-hitcount|p1: Espeon|3\n|move|p1b: Indeedee|Expanding Force|p2a: Breloom|[spread] p2a,p2b\n|-supereffective|p2a: Breloom\n|-damage|p2a: Breloom|0 fnt\n|-damage|p2b: Tornadus|49\/100\n|faint|p2a: Breloom\n|\n|upkeep\n|\n|t:|1697389802\n|switch|p1a: Ursaluna|Ursaluna-Bloodmoon, M|100\/100\n|switch|p2a: Metagross|Metagross|100\/100\n|turn|2\n|\n|t:|1697389815\n|detailschange|p2a: Metagross|Metagross-Mega\n|-mega|p2a: Metagross|Metagross|Metagrossite\n|move|p2a: Metagross|Ice Punch|p1a: Ursaluna\n|-supereffective|p1a: Ursaluna\n|-damage|p1a: Ursaluna|51\/100\n|-status|p1a: Ursaluna|frz\n|move|p2b: Tornadus|Bleakwind Storm|p1b: Indeedee|[spread] p1a,p1b\n|-damage|p1a: Ursaluna|24\/100 frz\n|-damage|p1b: Indeedee|66\/100\n|-curestatus|p1a: Ursaluna|frz|[msg]\n|move|p1a: Ursaluna|Earth Power|p2a: Metagross\n|-supereffective|p2a: Metagross\n|-damage|p2a: Metagross|8\/100\n|move|p1b: Indeedee|Trick Room|p1b: Indeedee\n|-fieldstart|move: Trick Room|[of] p1b: Indeedee\n|\n|upkeep\n|turn|3\n|\n|t:|1697389840\n|move|p1a: Ursaluna|Hyper Voice|p2a: Metagross|[spread] p2a,p2b\n|-resisted|p2a: Metagross\n|-damage|p2a: Metagross|0 fnt\n|-damage|p2b: Tornadus|7\/100\n|-enditem|p2b: Tornadus|Aguav Berry|[eat]\n|-heal|p2b: Tornadus|40\/100|[from] item: Aguav Berry\n|faint|p2a: Metagross\n|move|p1b: Indeedee|Expanding Force|p2b: Tornadus\n|-damage|p2b: Tornadus|0 fnt\n|faint|p2b: Tornadus\n|\n|upkeep\n|inactive|zxcvbnmy has 120 seconds left.\n|\n|t:|1697389858\n|switch|p2b: Okidogi|Okidogi, M|100\/100\n|switch|p2a: Hydreigon|Hydreigon, F|100\/100\n|turn|4\n|\n|t:|1697389871\n|-terastallize|p2b: Okidogi|Dark\n|move|p1a: Ursaluna|Moonblast|p2a: Hydreigon\n|-supereffective|p2a: Hydreigon\n|-damage|p2a: Hydreigon|0 fnt\n|faint|p2a: Hydreigon\n|move|p1b: Indeedee|Expanding Force|p2b: Okidogi\n|-immune|p2b: Okidogi\n|move|p2b: Okidogi|Close Combat|p1b: Indeedee\n|-damage|p1b: Indeedee|0 fnt\n|-unboost|p2b: Okidogi|def|1\n|-unboost|p2b: Okidogi|spd|1\n|faint|p1b: Indeedee\n|\n|-sideend|p2: zxcvbnmy|move: Tailwind\n|upkeep\n|\n|t:|1697389888\n|switch|p1b: Ninetales|Ninetales, F|100\/100\n|switch|p2a: Arcanine|Arcanine-Hisui, M|100\/100\n|-weather|SunnyDay|[from] ability: Drought|[of] p1b: Ninetales\n|turn|5\n|\n|t:|1697389903\n|move|p1a: Ursaluna|Hyper Voice|p2a: Arcanine|[spread] p2a,p2b\n|-resisted|p2a: Arcanine\n|-damage|p2a: Arcanine|82\/100\n|-damage|p2b: Okidogi|54\/100\n|move|p2b: Okidogi|Ice Punch|p1a: Ursaluna\n|-supereffective|p1a: Ursaluna\n|-damage|p1a: Ursaluna|0 fnt\n|faint|p1a: Ursaluna\n|move|p2a: Arcanine|Head Smash|p1b: Ninetales\n|-supereffective|p1b: Ninetales\n|-damage|p1b: Ninetales|0 fnt\n|faint|p1b: Ninetales\n|\n|-weather|SunnyDay|[upkeep]\n|-fieldend|move: Psychic Terrain\n|upkeep\n|\n|t:|1697389916\n|switch|p1a: Umbreon|Umbreon, F|100\/100\n|switch|p1b: Leafeon|Leafeon, F|100\/100\n|turn|6\n|\n|t:|1697389926\n|move|p1a: Umbreon|Calm Mind|p1a: Umbreon\n|-boost|p1a: Umbreon|spa|1\n|-boost|p1a: Umbreon|spd|1\n|move|p2b: Okidogi|Close Combat|p1a: Umbreon\n|-supereffective|p1a: Umbreon\n|-damage|p1a: Umbreon|24\/100\n|-unboost|p2b: Okidogi|def|1\n|-unboost|p2b: Okidogi|spd|1\n|move|p2a: Arcanine|Head Smash|p1b: Leafeon\n|-damage|p1b: Leafeon|11\/100\n|move|p1b: Leafeon|X-Scissor|p2b: Okidogi\n|-supereffective|p2b: Okidogi\n|-damage|p2b: Okidogi|0 fnt\n|faint|p2b: Okidogi\n|\n|-weather|SunnyDay|[upkeep]\n|-heal|p1a: Umbreon|30\/100|[from] item: Leftovers\n|-fieldend|move: Trick Room\n|upkeep\n|turn|7\n|\n|t:|1697389952\n|move|p1b: Leafeon|Solar Blade||[still]\n|-prepare|p1b: Leafeon|Solar Blade\n|-anim|p1b: Leafeon|Solar Blade|p2a: Arcanine\n|-damage|p2a: Arcanine|18\/100\n|move|p2a: Arcanine|Head Smash|p1b: Leafeon\n|-damage|p1b: Leafeon|0 fnt\n|faint|p1b: Leafeon\n|move|p1a: Umbreon|Moonlight|p1a: Umbreon\n|-heal|p1a: Umbreon|97\/100\n|\n|-weather|SunnyDay|[upkeep]\n|-heal|p1a: Umbreon|100\/100|[from] item: Leftovers\n|upkeep\n|turn|8\n|\n|t:|1697389967\n|-terastallize|p1a: Umbreon|Ghost\n|move|p2a: Arcanine|Head Smash|p1a: Umbreon\n|-damage|p1a: Umbreon|31\/100\n|move|p1a: Umbreon|Dark Pulse|p2a: Arcanine\n|-damage|p2a: Arcanine|0 fnt\n|faint|p2a: Arcanine\n|\n|win|The OG Trainer Red\n|raw|The OG Trainer Red's rating: 1151 &rarr; <strong>1178<\/strong><br \/>(+27 for winning)\n|raw|zxcvbnmy's rating: 1182 &rarr; <strong>1155<\/strong><br \/>(-27 for losing)\n|l|\u2606zxcvbnmy\n|c|\u2606The OG Trainer Red|Eevees!\n","uploadtime":1697389986,"views":5,"p1id":"theogtrainerred","p2id":"zxcvbnmy","formatid":"gen9nationaldexdoubles","rating":1155,"private":0,"password":""}