{"id":"gen9nationaldexdoubles-1993840623","p1":"Fury7","p2":"yaya_x3","format":"[Gen 9] National Dex Doubles","log":"|j|\u2606Fury7\n|j|\u2606yaya_x3\n|t:|1700363867\n|gametype|doubles\n|player|p1|Fury7|hilbert|1263\n|player|p2|yaya_x3|acetrainerf|1507\n|teamsize|p1|6\n|teamsize|p2|6\n|gen|9\n|tier|[Gen 9] National Dex Doubles\n|rated|\n|rule|HP Percentage Mod: HP is shown in percentages\n|rule|Endless Battle Clause: Forcing endless battles is banned\n|rule|OHKO Clause: OHKO moves are banned\n|rule|Evasion Moves Clause: Evasion moves are banned\n|rule|Evasion Abilities Clause: Evasion abilities are banned\n|rule|Species Clause: Limit one of each Pok\u00e9mon\n|rule|Gravity Sleep Clause: The combination of sleep-inducing moves with imperfect accuracy and Gravity or Gigantamax Orbeetle are banned\n|clearpoke\n|poke|p1|Maushold|\n|poke|p1|Alakazam, F|\n|poke|p1|Bruxish, M|\n|poke|p1|Dragapult, F|\n|poke|p1|Qwilfish-Hisui, M|\n|poke|p1|Primeape, F|\n|poke|p2|Marshadow|\n|poke|p2|Rillaboom, M|\n|poke|p2|Chien-Pao|\n|poke|p2|Zamazenta-*|\n|poke|p2|Zygarde|\n|poke|p2|Whimsicott, F|\n|teampreview\n|\n|t:|1700363892\n|start\n|switch|p1a: Bruxish|Bruxish, M|100\/100\n|switch|p1b: Primeape|Primeape, F|100\/100\n|switch|p2a: \uff30\uff55\uff4c\uff4c \uff35\uff30|Marshadow|100\/100\n|switch|p2b: \ud835\udc03\ud835\udc28\ud835\udc20\ud835\udc1e \u0535\u03b1\u0572k|Zamazenta|100\/100\n|-ability|p2b: \ud835\udc03\ud835\udc28\ud835\udc20\ud835\udc1e \u0535\u03b1\u0572k|Dauntless Shield|boost\n|-boost|p2b: \ud835\udc03\ud835\udc28\ud835\udc20\ud835\udc1e \u0535\u03b1\u0572k|def|1\n|turn|1\n|\n|t:|1700363906\n|move|p1b: Primeape|Protect|p1b: Primeape\n|-singleturn|p1b: Primeape|Protect\n|move|p2b: \ud835\udc03\ud835\udc28\ud835\udc20\ud835\udc1e \u0535\u03b1\u0572k|Coaching|p2a: \uff30\uff55\uff4c\uff4c \uff35\uff30\n|-boost|p2a: \uff30\uff55\uff4c\uff4c \uff35\uff30|atk|1\n|-boost|p2a: \uff30\uff55\uff4c\uff4c \uff35\uff30|def|1\n|move|p2a: \uff30\uff55\uff4c\uff4c \uff35\uff30|Spectral Thief|p1a: Bruxish\n|-supereffective|p1a: Bruxish\n|-enditem|p1a: Bruxish|Focus Sash\n|-damage|p1a: Bruxish|1\/100\n|move|p1a: Bruxish|Trick Room|p1a: Bruxish\n|-fieldstart|move: Trick Room|[of] p1a: Bruxish\n|\n|upkeep\n|turn|2\n|\n|t:|1700363927\n|-terastallize|p1b: Primeape|Fairy\n|move|p2a: \uff30\uff55\uff4c\uff4c \uff35\uff30|Shadow Sneak||[still]\n|cant|p1a: Bruxish|ability: Dazzling|Shadow Sneak|[of] p2a: \uff30\uff55\uff4c\uff4c \uff35\uff30\n|move|p1b: Primeape|Rage Fist|p2a: \uff30\uff55\uff4c\uff4c \uff35\uff30\n|-supereffective|p2a: \uff30\uff55\uff4c\uff4c \uff35\uff30\n|-damage|p2a: \uff30\uff55\uff4c\uff4c \uff35\uff30|78\/100\n|move|p1a: Bruxish|Frost Breath|p1b: Primeape\n|-crit|p1b: Primeape\n|-damage|p1b: Primeape|87\/100\n|-setboost|p1b: Primeape|atk|6|[from] ability: Anger Point\n|move|p2b: \ud835\udc03\ud835\udc28\ud835\udc20\ud835\udc1e \u0535\u03b1\u0572k|Coaching|p2a: \uff30\uff55\uff4c\uff4c \uff35\uff30\n|-boost|p2a: \uff30\uff55\uff4c\uff4c \uff35\uff30|atk|1\n|-boost|p2a: \uff30\uff55\uff4c\uff4c \uff35\uff30|def|1\n|\n|upkeep\n|turn|3\n|\n|t:|1700363968\n|move|p1a: Bruxish|Ally Switch|p1a: Bruxish\n|swap|p1a: Bruxish|1|[from] move: Ally Switch\n|move|p1a: Primeape|Rage Fist|p2a: \uff30\uff55\uff4c\uff4c \uff35\uff30\n|-supereffective|p2a: \uff30\uff55\uff4c\uff4c \uff35\uff30\n|-damage|p2a: \uff30\uff55\uff4c\uff4c \uff35\uff30|0 fnt\n|faint|p2a: \uff30\uff55\uff4c\uff4c \uff35\uff30\n|move|p2b: \ud835\udc03\ud835\udc28\ud835\udc20\ud835\udc1e \u0535\u03b1\u0572k|Heavy Slam|p1a: Primeape\n|-supereffective|p1a: Primeape\n|-damage|p1a: Primeape|42\/100\n|\n|upkeep\n|\n|t:|1700363983\n|switch|p2a: (\ud835\ude7c\ud835\ude8e\ud835\ude90\ud835\ude8a) \u2022 Arbok|Zygarde, shiny|100\/100\n|-ability|p2a: (\ud835\ude7c\ud835\ude8e\ud835\ude90\ud835\ude8a) \u2022 Arbok|Aura Break\n|turn|4\n|\n|t:|1700364010\n|move|p2a: (\ud835\ude7c\ud835\ude8e\ud835\ude90\ud835\ude8a) \u2022 Arbok|Extreme Speed||[still]\n|cant|p1b: Bruxish|ability: Dazzling|Extreme Speed|[of] p2a: (\ud835\ude7c\ud835\ude8e\ud835\ude90\ud835\ude8a) \u2022 Arbok\n|move|p1a: Primeape|Drain Punch|p2b: \ud835\udc03\ud835\udc28\ud835\udc20\ud835\udc1e \u0535\u03b1\u0572k\n|-damage|p2b: \ud835\udc03\ud835\udc28\ud835\udc20\ud835\udc1e \u0535\u03b1\u0572k|32\/100\n|-heal|p1a: Primeape|81\/100|[from] drain|[of] p2b: \ud835\udc03\ud835\udc28\ud835\udc20\ud835\udc1e \u0535\u03b1\u0572k\n|-enditem|p2b: \ud835\udc03\ud835\udc28\ud835\udc20\ud835\udc1e \u0535\u03b1\u0572k|Sitrus Berry|[eat]\n|-heal|p2b: \ud835\udc03\ud835\udc28\ud835\udc20\ud835\udc1e \u0535\u03b1\u0572k|57\/100|[from] item: Sitrus Berry\n|move|p1b: Bruxish|Frost Breath|p2a: (\ud835\ude7c\ud835\ude8e\ud835\ude90\ud835\ude8a) \u2022 Arbok\n|-supereffective|p2a: (\ud835\ude7c\ud835\ude8e\ud835\ude90\ud835\ude8a) \u2022 Arbok\n|-crit|p2a: (\ud835\ude7c\ud835\ude8e\ud835\ude90\ud835\ude8a) \u2022 Arbok\n|-damage|p2a: (\ud835\ude7c\ud835\ude8e\ud835\ude90\ud835\ude8a) \u2022 Arbok|59\/100\n|move|p2b: \ud835\udc03\ud835\udc28\ud835\udc20\ud835\udc1e \u0535\u03b1\u0572k|Heavy Slam|p1a: Primeape\n|-supereffective|p1a: Primeape\n|-damage|p1a: Primeape|38\/100\n|\n|-heal|p2a: (\ud835\ude7c\ud835\ude8e\ud835\ude90\ud835\ude8a) \u2022 Arbok|65\/100|[from] item: Leftovers\n|upkeep\n|turn|5\n|c|\u2606yaya_x3|pretty cool team\n|\n|t:|1700364037\n|move|p2a: (\ud835\ude7c\ud835\ude8e\ud835\ude90\ud835\ude8a) \u2022 Arbok|Dragon Dance|p2a: (\ud835\ude7c\ud835\ude8e\ud835\ude90\ud835\ude8a) \u2022 Arbok\n|-boost|p2a: (\ud835\ude7c\ud835\ude8e\ud835\ude90\ud835\ude8a) \u2022 Arbok|atk|1\n|-boost|p2a: (\ud835\ude7c\ud835\ude8e\ud835\ude90\ud835\ude8a) \u2022 Arbok|spe|1\n|move|p1a: Primeape|Drain Punch|p2b: \ud835\udc03\ud835\udc28\ud835\udc20\ud835\udc1e \u0535\u03b1\u0572k\n|-damage|p2b: \ud835\udc03\ud835\udc28\ud835\udc20\ud835\udc1e \u0535\u03b1\u0572k|0 fnt\n|-heal|p1a: Primeape|71\/100|[from] drain|[of] p2b: \ud835\udc03\ud835\udc28\ud835\udc20\ud835\udc1e \u0535\u03b1\u0572k\n|faint|p2b: \ud835\udc03\ud835\udc28\ud835\udc20\ud835\udc1e \u0535\u03b1\u0572k\n|move|p1b: Bruxish|Frost Breath|p2a: (\ud835\ude7c\ud835\ude8e\ud835\ude90\ud835\ude8a) \u2022 Arbok|[miss]\n|-miss|p1b: Bruxish|p2a: (\ud835\ude7c\ud835\ude8e\ud835\ude90\ud835\ude8a) \u2022 Arbok\n|\n|-heal|p2a: (\ud835\ude7c\ud835\ude8e\ud835\ude90\ud835\ude8a) \u2022 Arbok|71\/100|[from] item: Leftovers\n|-fieldend|move: Trick Room\n|upkeep\n|c|\u2606Fury7|Ty\n|c|\u2606Fury7|U2\n|\n|t:|1700364054\n|switch|p2b: \ud835\udc03\ud835\udc28\ud835\udc20\ud835\udc1e \ud835\udde3\ud835\uddfc\ud835\ude04 !|Chien-Pao|100\/100\n|-ability|p2b: \ud835\udc03\ud835\udc28\ud835\udc20\ud835\udc1e \ud835\udde3\ud835\uddfc\ud835\ude04 !|Sword of Ruin\n|turn|6\n|\n|t:|1700364078\n|move|p1a: Primeape|Protect|p1a: Primeape\n|-singleturn|p1a: Primeape|Protect\n|move|p2b: \ud835\udc03\ud835\udc28\ud835\udc20\ud835\udc1e \ud835\udde3\ud835\uddfc\ud835\ude04 !|Swords Dance|p2b: \ud835\udc03\ud835\udc28\ud835\udc20\ud835\udc1e \ud835\udde3\ud835\uddfc\ud835\ude04 !\n|-boost|p2b: \ud835\udc03\ud835\udc28\ud835\udc20\ud835\udc1e \ud835\udde3\ud835\uddfc\ud835\ude04 !|atk|2\n|move|p2a: (\ud835\ude7c\ud835\ude8e\ud835\ude90\ud835\ude8a) \u2022 Arbok|Thousand Arrows|p1b: Bruxish|[spread] p1b\n|-activate|p1a: Primeape|move: Protect\n|-damage|p1b: Bruxish|0 fnt\n|faint|p1b: Bruxish\n|\n|-heal|p2a: (\ud835\ude7c\ud835\ude8e\ud835\ude90\ud835\ude8a) \u2022 Arbok|78\/100|[from] item: Leftovers\n|upkeep\n|\n|t:|1700364092\n|switch|p1b: Alakazam|Alakazam, F|100\/100\n|turn|7\n|\n|t:|1700364110\n|detailschange|p1b: Alakazam|Alakazam-Mega, F\n|-mega|p1b: Alakazam|Alakazam|Alakazite\n|-ability|p1b: Alakazam|Sword of Ruin\n|-ability|p1b: Alakazam|Sword of Ruin|[from] ability: Trace|[of] p2b: \ud835\udc03\ud835\udc28\ud835\udc20\ud835\udc1e \ud835\udde3\ud835\uddfc\ud835\ude04 !\n|-terastallize|p2a: (\ud835\ude7c\ud835\ude8e\ud835\ude90\ud835\ude8a) \u2022 Arbok|Normal\n|move|p2a: (\ud835\ude7c\ud835\ude8e\ud835\ude90\ud835\ude8a) \u2022 Arbok|Extreme Speed|p1b: Alakazam\n|-damage|p1b: Alakazam|0 fnt\n|faint|p1b: Alakazam\n|move|p2b: \ud835\udc03\ud835\udc28\ud835\udc20\ud835\udc1e \ud835\udde3\ud835\uddfc\ud835\ude04 !|Ice Spinner|p1a: Primeape\n|-damage|p1a: Primeape|0 fnt\n|faint|p1a: Primeape\n|\n|-heal|p2a: (\ud835\ude7c\ud835\ude8e\ud835\ude90\ud835\ude8a) \u2022 Arbok|84\/100|[from] item: Leftovers\n|upkeep\n|\n|t:|1700364127\n|switch|p1b: Dragapult|Dragapult, F|100\/100\n|switch|p1a: Qwilfish|Qwilfish-Hisui, M|100\/100\n|-ability|p1a: Qwilfish|Intimidate|boost\n|-unboost|p2a: (\ud835\ude7c\ud835\ude8e\ud835\ude90\ud835\ude8a) \u2022 Arbok|atk|1\n|-unboost|p2b: \ud835\udc03\ud835\udc28\ud835\udc20\ud835\udc1e \ud835\udde3\ud835\uddfc\ud835\ude04 !|atk|1\n|turn|8\n|\n|t:|1700364141\n|move|p2b: \ud835\udc03\ud835\udc28\ud835\udc20\ud835\udc1e \ud835\udde3\ud835\uddfc\ud835\ude04 !|Sucker Punch||[still]\n|-fail|p2b: \ud835\udc03\ud835\udc28\ud835\udc20\ud835\udc1e \ud835\udde3\ud835\uddfc\ud835\ude04 !\n|move|p1b: Dragapult|Reflect|p1b: Dragapult\n|-sidestart|p1: Fury7|Reflect\n|move|p2a: (\ud835\ude7c\ud835\ude8e\ud835\ude90\ud835\ude8a) \u2022 Arbok|Thousand Arrows|p1b: Dragapult|[spread] p1a,p1b\n|-supereffective|p1a: Qwilfish\n|-damage|p1a: Qwilfish|53\/100\n|-damage|p1b: Dragapult|73\/100\n|move|p1a: Qwilfish|Gunk Shot|p2b: \ud835\udc03\ud835\udc28\ud835\udc20\ud835\udc1e \ud835\udde3\ud835\uddfc\ud835\ude04 !\n|-damage|p2b: \ud835\udc03\ud835\udc28\ud835\udc20\ud835\udc1e \ud835\udde3\ud835\uddfc\ud835\ude04 !|50\/100\n|-status|p2b: \ud835\udc03\ud835\udc28\ud835\udc20\ud835\udc1e \ud835\udde3\ud835\uddfc\ud835\ude04 !|psn\n|\n|-heal|p2a: (\ud835\ude7c\ud835\ude8e\ud835\ude90\ud835\ude8a) \u2022 Arbok|90\/100|[from] item: Leftovers\n|-damage|p2b: \ud835\udc03\ud835\udc28\ud835\udc20\ud835\udc1e \ud835\udde3\ud835\uddfc\ud835\ude04 !|38\/100 psn|[from] psn\n|upkeep\n|turn|9\n|\n|t:|1700364169\n|move|p1a: Qwilfish|Protect|p1a: Qwilfish\n|-singleturn|p1a: Qwilfish|Protect\n|move|p2b: \ud835\udc03\ud835\udc28\ud835\udc20\ud835\udc1e \ud835\udde3\ud835\uddfc\ud835\ude04 !|Sucker Punch||[still]\n|-fail|p2b: \ud835\udc03\ud835\udc28\ud835\udc20\ud835\udc1e \ud835\udde3\ud835\uddfc\ud835\ude04 !\n|move|p1b: Dragapult|Thunder Wave|p2a: (\ud835\ude7c\ud835\ude8e\ud835\ude90\ud835\ude8a) \u2022 Arbok\n|-status|p2a: (\ud835\ude7c\ud835\ude8e\ud835\ude90\ud835\ude8a) \u2022 Arbok|par\n|move|p2a: (\ud835\ude7c\ud835\ude8e\ud835\ude90\ud835\ude8a) \u2022 Arbok|Thousand Arrows|p1b: Dragapult|[spread] p1b\n|-activate|p1a: Qwilfish|move: Protect\n|-damage|p1b: Dragapult|47\/100\n|\n|-heal|p2a: (\ud835\ude7c\ud835\ude8e\ud835\ude90\ud835\ude8a) \u2022 Arbok|96\/100 par|[from] item: Leftovers\n|-damage|p2b: \ud835\udc03\ud835\udc28\ud835\udc20\ud835\udc1e \ud835\udde3\ud835\uddfc\ud835\ude04 !|26\/100 psn|[from] psn\n|upkeep\n|turn|10\n|\n|t:|1700364207\n|move|p1b: Dragapult|Dragon Darts|p2a: (\ud835\ude7c\ud835\ude8e\ud835\ude90\ud835\ude8a) \u2022 Arbok\n|-damage|p2a: (\ud835\ude7c\ud835\ude8e\ud835\ude90\ud835\ude8a) \u2022 Arbok|75\/100 par\n|-anim|p1b: Dragapult|Dragon Darts|p2b: \ud835\udc03\ud835\udc28\ud835\udc20\ud835\udc1e \ud835\udde3\ud835\uddfc\ud835\ude04 !\n|-damage|p2b: \ud835\udc03\ud835\udc28\ud835\udc20\ud835\udc1e \ud835\udde3\ud835\uddfc\ud835\ude04 !|0 fnt\n|faint|p2b: \ud835\udc03\ud835\udc28\ud835\udc20\ud835\udc1e \ud835\udde3\ud835\uddfc\ud835\ude04 !\n|move|p1a: Qwilfish|Crunch|p2a: (\ud835\ude7c\ud835\ude8e\ud835\ude90\ud835\ude8a) \u2022 Arbok\n|-damage|p2a: (\ud835\ude7c\ud835\ude8e\ud835\ude90\ud835\ude8a) \u2022 Arbok|52\/100 par\n|cant|p2a: (\ud835\ude7c\ud835\ude8e\ud835\ude90\ud835\ude8a) \u2022 Arbok|par\n|\n|-heal|p2a: (\ud835\ude7c\ud835\ude8e\ud835\ude90\ud835\ude8a) \u2022 Arbok|59\/100 par|[from] item: Leftovers\n|upkeep\n|\n|t:|1700364225\n|switch|p2b: \u2b50 Twinkle \u2b50|Whimsicott, F, shiny|100\/100\n|turn|11\n|\n|t:|1700364237\n|move|p2b: \u2b50 Twinkle \u2b50|Encore|p1b: Dragapult\n|-start|p1b: Dragapult|Encore\n|move|p1b: Dragapult|Dragon Darts|p2a: (\ud835\ude7c\ud835\ude8e\ud835\ude90\ud835\ude8a) \u2022 Arbok\n|-damage|p2a: (\ud835\ude7c\ud835\ude8e\ud835\ude90\ud835\ude8a) \u2022 Arbok|44\/100 par\n|-anim|p1b: Dragapult|Dragon Darts|p2a: (\ud835\ude7c\ud835\ude8e\ud835\ude90\ud835\ude8a) \u2022 Arbok\n|-damage|p2a: (\ud835\ude7c\ud835\ude8e\ud835\ude90\ud835\ude8a) \u2022 Arbok|27\/100 par\n|move|p1a: Qwilfish|Gunk Shot|p2b: \u2b50 Twinkle \u2b50\n|-supereffective|p2b: \u2b50 Twinkle \u2b50\n|-damage|p2b: \u2b50 Twinkle \u2b50|0 fnt\n|faint|p2b: \u2b50 Twinkle \u2b50\n|cant|p2a: (\ud835\ude7c\ud835\ude8e\ud835\ude90\ud835\ude8a) \u2022 Arbok|par\n|\n|-heal|p2a: (\ud835\ude7c\ud835\ude8e\ud835\ude90\ud835\ude8a) \u2022 Arbok|33\/100 par|[from] item: Leftovers\n|upkeep\n|\n|t:|1700364251\n|switch|p2b: \uff2d\uff4f\uff4e\uff4b\uff45 \ud83d\udc12|Rillaboom, M|100\/100\n|-fieldstart|move: Grassy Terrain|[from] ability: Grassy Surge|[of] p2b: \uff2d\uff4f\uff4e\uff4b\uff45 \ud83d\udc12\n|turn|12\n|c|\u2606Fury7|Cool niknames\n|\n|t:|1700364280\n|move|p2b: \uff2d\uff4f\uff4e\uff4b\uff45 \ud83d\udc12|Fake Out|p1a: Qwilfish\n|-damage|p1a: Qwilfish|43\/100\n|-damage|p2b: \uff2d\uff4f\uff4e\uff4b\uff45 \ud83d\udc12|91\/100|[from] item: Life Orb\n|move|p1b: Dragapult|Dragon Darts|p2a: (\ud835\ude7c\ud835\ude8e\ud835\ude90\ud835\ude8a) \u2022 Arbok\n|-damage|p2a: (\ud835\ude7c\ud835\ude8e\ud835\ude90\ud835\ude8a) \u2022 Arbok|18\/100 par\n|-anim|p1b: Dragapult|Dragon Darts|p2b: \uff2d\uff4f\uff4e\uff4b\uff45 \ud83d\udc12\n|-damage|p2b: \uff2d\uff4f\uff4e\uff4b\uff45 \ud83d\udc12|71\/100\n|cant|p1a: Qwilfish|flinch\n|move|p2a: (\ud835\ude7c\ud835\ude8e\ud835\ude90\ud835\ude8a) \u2022 Arbok|Dragon Dance|p2a: (\ud835\ude7c\ud835\ude8e\ud835\ude90\ud835\ude8a) \u2022 Arbok\n|-boost|p2a: (\ud835\ude7c\ud835\ude8e\ud835\ude90\ud835\ude8a) \u2022 Arbok|atk|1\n|-boost|p2a: (\ud835\ude7c\ud835\ude8e\ud835\ude90\ud835\ude8a) \u2022 Arbok|spe|1\n|\n|-heal|p1b: Dragapult|53\/100|[from] Grassy Terrain\n|-heal|p2a: (\ud835\ude7c\ud835\ude8e\ud835\ude90\ud835\ude8a) \u2022 Arbok|24\/100 par|[from] Grassy Terrain\n|-heal|p2a: (\ud835\ude7c\ud835\ude8e\ud835\ude90\ud835\ude8a) \u2022 Arbok|30\/100 par|[from] item: Leftovers\n|-heal|p1a: Qwilfish|49\/100|[from] Grassy Terrain\n|-heal|p2b: \uff2d\uff4f\uff4e\uff4b\uff45 \ud83d\udc12|77\/100|[from] Grassy Terrain\n|upkeep\n|turn|13\n|c|\u2606yaya_x3|thanks!\n|\n|t:|1700364313\n|move|p1b: Dragapult|Dragon Darts|p2a: (\ud835\ude7c\ud835\ude8e\ud835\ude90\ud835\ude8a) \u2022 Arbok\n|-damage|p2a: (\ud835\ude7c\ud835\ude8e\ud835\ude90\ud835\ude8a) \u2022 Arbok|13\/100 par\n|-anim|p1b: Dragapult|Dragon Darts|p2b: \uff2d\uff4f\uff4e\uff4b\uff45 \ud83d\udc12\n|-damage|p2b: \uff2d\uff4f\uff4e\uff4b\uff45 \ud83d\udc12|60\/100\n|cant|p2a: (\ud835\ude7c\ud835\ude8e\ud835\ude90\ud835\ude8a) \u2022 Arbok|par\n|move|p1a: Qwilfish|Gunk Shot|p2b: \uff2d\uff4f\uff4e\uff4b\uff45 \ud83d\udc12|[miss]\n|-miss|p1a: Qwilfish|p2b: \uff2d\uff4f\uff4e\uff4b\uff45 \ud83d\udc12\n|move|p2b: \uff2d\uff4f\uff4e\uff4b\uff45 \ud83d\udc12|Swords Dance|p2b: \uff2d\uff4f\uff4e\uff4b\uff45 \ud83d\udc12\n|-boost|p2b: \uff2d\uff4f\uff4e\uff4b\uff45 \ud83d\udc12|atk|2\n|\n|-heal|p1b: Dragapult|59\/100|[from] Grassy Terrain\n|-heal|p2a: (\ud835\ude7c\ud835\ude8e\ud835\ude90\ud835\ude8a) \u2022 Arbok|19\/100 par|[from] Grassy Terrain\n|-heal|p2a: (\ud835\ude7c\ud835\ude8e\ud835\ude90\ud835\ude8a) \u2022 Arbok|25\/100 par|[from] item: Leftovers\n|-heal|p1a: Qwilfish|55\/100|[from] Grassy Terrain\n|-heal|p2b: \uff2d\uff4f\uff4e\uff4b\uff45 \ud83d\udc12|66\/100|[from] Grassy Terrain\n|-end|p1b: Dragapult|Encore\n|upkeep\n|turn|14\n|\n|t:|1700364345\n|move|p1a: Qwilfish|Protect|p1a: Qwilfish\n|-singleturn|p1a: Qwilfish|Protect\n|move|p1b: Dragapult|Thunder Wave|p2b: \uff2d\uff4f\uff4e\uff4b\uff45 \ud83d\udc12\n|-status|p2b: \uff2d\uff4f\uff4e\uff4b\uff45 \ud83d\udc12|par\n|move|p2a: (\ud835\ude7c\ud835\ude8e\ud835\ude90\ud835\ude8a) \u2022 Arbok|Thousand Arrows|p1a: Qwilfish|[spread] p1b\n|-activate|p1a: Qwilfish|move: Protect\n|-damage|p1b: Dragapult|27\/100\n|move|p2b: \uff2d\uff4f\uff4e\uff4b\uff45 \ud83d\udc12|Wood Hammer|p1b: Dragapult\n|-resisted|p1b: Dragapult\n|-damage|p1b: Dragapult|0 fnt\n|faint|p1b: Dragapult\n|-damage|p2b: \uff2d\uff4f\uff4e\uff4b\uff45 \ud83d\udc12|58\/100 par|[from] Recoil\n|-damage|p2b: \uff2d\uff4f\uff4e\uff4b\uff45 \ud83d\udc12|48\/100 par|[from] item: Life Orb\n|\n|-heal|p2a: (\ud835\ude7c\ud835\ude8e\ud835\ude90\ud835\ude8a) \u2022 Arbok|31\/100 par|[from] Grassy Terrain\n|-heal|p2a: (\ud835\ude7c\ud835\ude8e\ud835\ude90\ud835\ude8a) \u2022 Arbok|37\/100 par|[from] item: Leftovers\n|-heal|p1a: Qwilfish|61\/100|[from] Grassy Terrain\n|-heal|p2b: \uff2d\uff4f\uff4e\uff4b\uff45 \ud83d\udc12|54\/100 par|[from] Grassy Terrain\n|upkeep\n|\n|t:|1700364354\n|switch|p1b: Maushold|Maushold|100\/100\n|turn|15\n|\n|t:|1700364381\n|cant|p2a: (\ud835\ude7c\ud835\ude8e\ud835\ude90\ud835\ude8a) \u2022 Arbok|par\n|cant|p2b: \uff2d\uff4f\uff4e\uff4b\uff45 \ud83d\udc12|par\n|move|p1b: Maushold|Population Bomb|p2a: (\ud835\ude7c\ud835\ude8e\ud835\ude90\ud835\ude8a) \u2022 Arbok\n|-damage|p2a: (\ud835\ude7c\ud835\ude8e\ud835\ude90\ud835\ude8a) \u2022 Arbok|28\/100 par\n|-damage|p2a: (\ud835\ude7c\ud835\ude8e\ud835\ude90\ud835\ude8a) \u2022 Arbok|20\/100 par\n|-damage|p2a: (\ud835\ude7c\ud835\ude8e\ud835\ude90\ud835\ude8a) \u2022 Arbok|11\/100 par\n|-damage|p2a: (\ud835\ude7c\ud835\ude8e\ud835\ude90\ud835\ude8a) \u2022 Arbok|3\/100 par\n|-damage|p2a: (\ud835\ude7c\ud835\ude8e\ud835\ude90\ud835\ude8a) \u2022 Arbok|0 fnt\n|faint|p2a: (\ud835\ude7c\ud835\ude8e\ud835\ude90\ud835\ude8a) \u2022 Arbok\n|-hitcount|p2: (\ud835\ude7c\ud835\ude8e\ud835\ude90\ud835\ude8a) \u2022 Arbok|5\n|move|p1a: Qwilfish|Gunk Shot|p2b: \uff2d\uff4f\uff4e\uff4b\uff45 \ud83d\udc12\n|-supereffective|p2b: \uff2d\uff4f\uff4e\uff4b\uff45 \ud83d\udc12\n|-damage|p2b: \uff2d\uff4f\uff4e\uff4b\uff45 \ud83d\udc12|0 fnt\n|faint|p2b: \uff2d\uff4f\uff4e\uff4b\uff45 \ud83d\udc12\n|\n|win|Fury7\n|raw|Fury7's rating: 1263 &rarr; <strong>1303<\/strong><br \/>(+40 for winning)\n|raw|yaya_x3's rating: 1507 &rarr; <strong>1475<\/strong><br \/>(-32 for losing)\n|c|\u2606Fury7|Oh damn\n|c|\u2606yaya_x3|lol ggs!\n|c|\u2606Fury7|Gg\n","uploadtime":1700364431,"views":6,"p1id":"fury7","p2id":"yayax3","formatid":"gen9nationaldexdoubles","rating":1303,"private":0,"password":""}