{"id":"gen9nationaldexdoubles-1957580804","p1":"XiuKaiMeiLiZhi","p2":"anemi","format":"[Gen 9] National Dex Doubles","log":"|j|\u2606XiuKaiMeiLiZhi\n|j|\u2606anemi\n|t:|1696241609\n|gametype|doubles\n|player|p1|XiuKaiMeiLiZhi|emmet|\n|player|p2|anemi|rosa|\n|teamsize|p1|6\n|teamsize|p2|6\n|gen|9\n|tier|[Gen 9] National Dex Doubles\n|rule|HP Percentage Mod: HP is shown in percentages\n|rule|Endless Battle Clause: Forcing endless battles is banned\n|rule|OHKO Clause: OHKO moves are banned\n|rule|Evasion Moves Clause: Evasion moves are banned\n|rule|Evasion Abilities Clause: Evasion abilities are banned\n|rule|Species Clause: Limit one of each Pok\u00e9mon\n|rule|Gravity Sleep Clause: The combination of sleep-inducing moves with imperfect accuracy and Gravity or Gigantamax Orbeetle are banned\n|clearpoke\n|poke|p1|Lucario, F|\n|poke|p1|Flamigo, F|\n|poke|p1|Whimsicott, M|\n|poke|p1|Tauros-Paldea-Aqua, M|\n|poke|p1|Kubfu, M|\n|poke|p1|Medicham, F|\n|poke|p2|Hoopa-Unbound|\n|poke|p2|Morpeko, F|\n|poke|p2|Wo-Chien|\n|poke|p2|Sableye, F|\n|poke|p2|Okidogi, M|\n|poke|p2|Lokix, F|\n|teampreview\n|\n|t:|1696241650\n|start\n|switch|p1a: Lucario|Lucario, F|100\/100\n|switch|p1b: Whimsicott|Whimsicott, M|100\/100\n|switch|p2a: Sableye|Sableye, F|100\/100\n|switch|p2b: Morpeko|Morpeko, F|100\/100\n|turn|1\n|\n|t:|1696241665\n|move|p2a: Sableye|Reflect|p2a: Sableye\n|-sidestart|p2: anemi|Reflect\n|move|p1a: Lucario|Agility|p1a: Lucario\n|-boost|p1a: Lucario|spe|2\n|move|p1b: Whimsicott|Beat Up|p1a: Lucario\n|-resisted|p1a: Lucario\n|-damage|p1a: Lucario|98\/100\n|-ability|p1a: Lucario|Justified|boost\n|-boost|p1a: Lucario|atk|1\n|-resisted|p1a: Lucario\n|-damage|p1a: Lucario|97\/100\n|-ability|p1a: Lucario|Justified|boost\n|-boost|p1a: Lucario|atk|1\n|-resisted|p1a: Lucario\n|-damage|p1a: Lucario|95\/100\n|-ability|p1a: Lucario|Justified|boost\n|-boost|p1a: Lucario|atk|1\n|-resisted|p1a: Lucario\n|-damage|p1a: Lucario|93\/100\n|-ability|p1a: Lucario|Justified|boost\n|-boost|p1a: Lucario|atk|1\n|-resisted|p1a: Lucario\n|-damage|p1a: Lucario|91\/100\n|-ability|p1a: Lucario|Justified|boost\n|-boost|p1a: Lucario|atk|1\n|-resisted|p1a: Lucario\n|-damage|p1a: Lucario|89\/100\n|-ability|p1a: Lucario|Justified|boost\n|-boost|p1a: Lucario|atk|1\n|-hitcount|p1a: Lucario|6\n|move|p2b: Morpeko|Fire Fang|p1b: Whimsicott\n|-supereffective|p1b: Whimsicott\n|-damage|p1b: Whimsicott|57\/100\n|-status|p1b: Whimsicott|brn\n|-damage|p2b: Morpeko|91\/100|[from] item: Life Orb\n|\n|-heal|p1a: Lucario|96\/100|[from] item: Leftovers\n|-damage|p1b: Whimsicott|51\/100 brn|[from] brn\n|-formechange|p2b: Morpeko|Morpeko-Hangry||[from] ability: Hunger Switch\n|upkeep\n|turn|2\n|\n|t:|1696241718\n|switch|p2a: Okidogi|Okidogi, M|100\/100\n|move|p1a: Lucario|Bullet Punch|p2a: Okidogi\n|-crit|p2a: Okidogi\n|-damage|p2a: Okidogi|0 fnt\n|faint|p2a: Okidogi\n|move|p1b: Whimsicott|Encore|p2b: Morpeko\n|-hint|Since gen 7, Dark is immune to Prankster moves.\n|-immune|p2b: Morpeko\n|move|p2b: Morpeko|Fire Fang|p1b: Whimsicott\n|-supereffective|p1b: Whimsicott\n|-damage|p1b: Whimsicott|12\/100 brn\n|-damage|p2b: Morpeko|81\/100|[from] item: Life Orb\n|\n|-heal|p1a: Lucario|100\/100|[from] item: Leftovers\n|-damage|p1b: Whimsicott|6\/100 brn|[from] brn\n|-formechange|p2b: Morpeko|Morpeko||[from] ability: Hunger Switch\n|upkeep\n|\n|t:|1696241749\n|switch|p2a: Wo-Chien|Wo-Chien|100\/100\n|-ability|p2a: Wo-Chien|Tablets of Ruin\n|turn|3\n|\n|t:|1696241775\n|move|p1b: Whimsicott|Memento|p2b: Morpeko\n|-hint|Since gen 7, Dark is immune to Prankster moves.\n|-immune|p2b: Morpeko\n|move|p1a: Lucario|Ice Punch|p2a: Wo-Chien\n|-supereffective|p2a: Wo-Chien\n|-damage|p2a: Wo-Chien|31\/100\n|-damage|p1a: Lucario|84\/100|[from] item: Rocky Helmet|[of] p2a: Wo-Chien\n|move|p2b: Morpeko|Aura Wheel|p1b: Whimsicott\n|-resisted|p1b: Whimsicott\n|-damage|p1b: Whimsicott|0 fnt\n|-boost|p2b: Morpeko|spe|1\n|faint|p1b: Whimsicott\n|-damage|p2b: Morpeko|71\/100|[from] item: Life Orb\n|move|p2a: Wo-Chien|Leech Seed|p1a: Lucario\n|-start|p1a: Lucario|move: Leech Seed\n|\n|-heal|p1a: Lucario|90\/100|[from] item: Leftovers\n|-damage|p1a: Lucario|78\/100|[from] Leech Seed|[of] p2a: Wo-Chien\n|-heal|p2a: Wo-Chien|41\/100|[silent]\n|-formechange|p2b: Morpeko|Morpeko-Hangry||[from] ability: Hunger Switch\n|upkeep\n|\n|t:|1696241786\n|switch|p1b: Flamigo|Flamigo, F|100\/100\n|-copyboost|p1b: Flamigo|p1a: Lucario|[from] ability: Costar\n|turn|4\n|\n|t:|1696241814\n|switch|p2b: Hoopa|Hoopa-Unbound|100\/100\n|move|p2a: Wo-Chien|Protect|p2a: Wo-Chien\n|-singleturn|p2a: Wo-Chien|Protect\n|move|p1b: Flamigo|Close Combat|p2b: Hoopa\n|-damage|p2b: Hoopa|0 fnt\n|-unboost|p1b: Flamigo|def|1\n|-unboost|p1b: Flamigo|spd|1\n|-enditem|p1b: Flamigo|White Herb\n|-clearnegativeboost|p1b: Flamigo|[silent]\n|faint|p2b: Hoopa\n|move|p1a: Lucario|Ice Punch|p2a: Wo-Chien\n|-activate|p2a: Wo-Chien|move: Protect\n|\n|-heal|p1a: Lucario|84\/100|[from] item: Leftovers\n|-damage|p1a: Lucario|71\/100|[from] Leech Seed|[of] p2a: Wo-Chien\n|-heal|p2a: Wo-Chien|50\/100|[silent]\n|upkeep\n|\n|t:|1696241835\n|switch|p2b: Lokix|Lokix, F|100\/100\n|turn|5\n|\n|t:|1696241852\n|move|p2a: Wo-Chien|Protect||[still]\n|-fail|p2a: Wo-Chien\n|move|p1b: Flamigo|Acrobatics|p2a: Wo-Chien\n|-supereffective|p2a: Wo-Chien\n|-damage|p2a: Wo-Chien|0 fnt\n|-damage|p1b: Flamigo|84\/100|[from] item: Rocky Helmet|[of] p2a: Wo-Chien\n|faint|p2a: Wo-Chien\n|move|p1a: Lucario|Ice Punch|p2b: Lokix\n|-damage|p2b: Lokix|0 fnt\n|faint|p2b: Lokix\n|\n|-heal|p1a: Lucario|77\/100|[from] item: Leftovers\n|upkeep\n|-message|anemi forfeited.\n|\n|win|XiuKaiMeiLiZhi\n|l|\u2606anemi\n","uploadtime":1696241874,"views":31,"p1id":"xiukaimeilizhi","p2id":"anemi","formatid":"gen9nationaldexdoubles","rating":0,"private":0,"password":""}