{"id":"gen9nationaldexdoubles-1953110524","p1":"fumbari 24","p2":"Elite Four Waluigi","format":"[Gen 9] National Dex Doubles","log":"|j|\u2606fumbari 24\n|j|\u2606Elite Four Waluigi\n|t:|1695754955\n|gametype|doubles\n|player|p1|fumbari 24|265|1299\n|player|p2|Elite Four Waluigi|170|1075\n|teamsize|p1|6\n|teamsize|p2|6\n|gen|9\n|tier|[Gen 9] National Dex Doubles\n|rated|\n|rule|HP Percentage Mod: HP is shown in percentages\n|rule|Endless Battle Clause: Forcing endless battles is banned\n|rule|OHKO Clause: OHKO moves are banned\n|rule|Evasion Moves Clause: Evasion moves are banned\n|rule|Evasion Abilities Clause: Evasion abilities are banned\n|rule|Species Clause: Limit one of each Pok\u00e9mon\n|rule|Gravity Sleep Clause: The combination of sleep-inducing moves with imperfect accuracy and Gravity or Gigantamax Orbeetle are banned\n|clearpoke\n|poke|p1|Haxorus, F|\n|poke|p1|Krookodile, M|\n|poke|p1|Druddigon, F|\n|poke|p1|Salamence, M|\n|poke|p1|Aggron, F|\n|poke|p1|Cofagrigus, M|\n|poke|p2|Machamp, M|\n|poke|p2|Bronzong|\n|poke|p2|Basculegion, M|\n|poke|p2|Ursaluna, M|\n|poke|p2|Chandelure, M|\n|poke|p2|Cresselia, F|\n|teampreview\n|\n|t:|1695754973\n|start\n|switch|p1a: Atraco|Krookodile, M|100\/100\n|switch|p1b: Haxorus|Haxorus, F|100\/100\n|switch|p2a: Ursaluna|Ursaluna, M|100\/100\n|switch|p2b: Bronzong|Bronzong|100\/100\n|-ability|p1b: Haxorus|Mold Breaker\n|-ability|p1a: Atraco|Intimidate|boost\n|-unboost|p2a: Ursaluna|atk|1\n|-unboost|p2b: Bronzong|atk|1\n|turn|1\n|\n|t:|1695754987\n|switch|p1a: Blue Flame|Salamence, M|100\/100\n|-ability|p1a: Blue Flame|Intimidate|boost\n|-unboost|p2a: Ursaluna|atk|1\n|-unboost|p2b: Bronzong|atk|1\n|move|p2a: Ursaluna|Protect|p2a: Ursaluna\n|-singleturn|p2a: Ursaluna|Protect\n|move|p1b: Haxorus|Breaking Swipe|p2a: Ursaluna|[spread] p2b\n|-activate|p2a: Ursaluna|move: Protect\n|-resisted|p2b: Bronzong\n|-damage|p2b: Bronzong|90\/100\n|-unboost|p2b: Bronzong|atk|1\n|move|p2b: Bronzong|Trick Room|p2b: Bronzong\n|-fieldstart|move: Trick Room|[of] p2b: Bronzong\n|\n|-heal|p2b: Bronzong|97\/100|[from] item: Leftovers\n|-status|p2a: Ursaluna|brn|[from] item: Flame Orb\n|upkeep\n|turn|2\n|\n|t:|1695755012\n|move|p1a: Blue Flame|Protect|p1a: Blue Flame\n|-singleturn|p1a: Blue Flame|Protect\n|move|p2b: Bronzong|Iron Defense|p2b: Bronzong\n|-boost|p2b: Bronzong|def|2\n|move|p2a: Ursaluna|Facade|p1a: Blue Flame\n|-activate|p1a: Blue Flame|move: Protect\n|move|p1b: Haxorus|Breaking Swipe|p2b: Bronzong|[spread] p2a,p2b\n|-resisted|p2b: Bronzong\n|-damage|p2a: Ursaluna|83\/100 brn\n|-damage|p2b: Bronzong|92\/100\n|-unboost|p2a: Ursaluna|atk|1\n|-unboost|p2b: Bronzong|atk|1\n|\n|-heal|p2b: Bronzong|98\/100|[from] item: Leftovers\n|-damage|p2a: Ursaluna|77\/100 brn|[from] brn\n|upkeep\n|turn|3\n|inactive|Battle timer is ON: inactive players will automatically lose when time's up. (requested by fumbari 24)\n|\n|t:|1695755050\n|switch|p2a: Machamp|Machamp, M|100\/100\n|switch|p1a: Cofagrigus|Cofagrigus, M|100\/100\n|move|p2b: Bronzong|Iron Defense|p2b: Bronzong\n|-boost|p2b: Bronzong|def|2\n|move|p1b: Haxorus|Breaking Swipe|p2b: Bronzong|[spread] p2a,p2b\n|-resisted|p2b: Bronzong\n|-damage|p2a: Machamp|70\/100\n|-damage|p2b: Bronzong|95\/100\n|-unboost|p2a: Machamp|atk|1\n|-unboost|p2b: Bronzong|atk|1\n|\n|-heal|p2b: Bronzong|100\/100|[from] item: Leftovers\n|-heal|p2a: Machamp|76\/100|[from] item: Leftovers\n|upkeep\n|turn|4\n|\n|t:|1695755078\n|move|p1b: Haxorus|Protect|p1b: Haxorus\n|-singleturn|p1b: Haxorus|Protect\n|move|p1a: Cofagrigus|Will-O-Wisp|p2b: Bronzong\n|-status|p2b: Bronzong|brn\n|move|p2b: Bronzong|Iron Defense|p2b: Bronzong\n|-boost|p2b: Bronzong|def|2\n|move|p2a: Machamp|Dynamic Punch|p1b: Haxorus\n|-activate|p1b: Haxorus|move: Protect\n|\n|-heal|p2a: Machamp|83\/100|[from] item: Leftovers\n|-damage|p2b: Bronzong|94\/100 brn|[from] brn\n|upkeep\n|turn|5\n|\n|t:|1695755091\n|switch|p1b: Druddigon|Druddigon, F|100\/100\n|move|p1a: Cofagrigus|Shadow Ball|p2b: Bronzong\n|-supereffective|p2b: Bronzong\n|-damage|p2b: Bronzong|48\/100 brn\n|-unboost|p2b: Bronzong|spd|1\n|move|p2b: Bronzong|Body Press|p1b: Druddigon\n|-damage|p1b: Druddigon|56\/100\n|-damage|p2b: Bronzong|36\/100 brn|[from] ability: Rough Skin|[of] p1b: Druddigon\n|-damage|p2b: Bronzong|19\/100 brn|[from] item: Rocky Helmet|[of] p1b: Druddigon\n|move|p2a: Machamp|Dynamic Punch|p1b: Druddigon\n|-damage|p1b: Druddigon|29\/100\n|-start|p1b: Druddigon|confusion\n|-damage|p2a: Machamp|70\/100|[from] ability: Rough Skin|[of] p1b: Druddigon\n|-damage|p2a: Machamp|53\/100|[from] item: Rocky Helmet|[of] p1b: Druddigon\n|\n|-heal|p2b: Bronzong|25\/100 brn|[from] item: Leftovers\n|-heal|p2a: Machamp|60\/100|[from] item: Leftovers\n|-damage|p2b: Bronzong|19\/100 brn|[from] brn\n|-fieldend|move: Trick Room\n|upkeep\n|turn|6\n|inactive|Elite Four Waluigi has 120 seconds left.\n|\n|t:|1695755122\n|move|p2a: Machamp|Earthquake|p1a: Cofagrigus|[spread] p1a,p1b\n|-immune|p2b: Bronzong|[from] ability: Levitate\n|-crit|p1a: Cofagrigus\n|-damage|p1a: Cofagrigus|69\/100\n|-damage|p1b: Druddigon|16\/100\n|-activate|p1b: Druddigon|confusion\n|move|p1b: Druddigon|Rock Slide|p2a: Machamp|[spread] p2a,p2b\n|-resisted|p2a: Machamp\n|-resisted|p2b: Bronzong\n|-damage|p2a: Machamp|51\/100\n|-damage|p2b: Bronzong|18\/100 brn\n|move|p1a: Cofagrigus|Shadow Ball|p2b: Bronzong\n|-supereffective|p2b: Bronzong\n|-damage|p2b: Bronzong|0 fnt\n|faint|p2b: Bronzong\n|\n|-heal|p2a: Machamp|57\/100|[from] item: Leftovers\n|upkeep\n|inactive|Elite Four Waluigi has 120 seconds left.\n|\n|t:|1695755146\n|switch|p2b: Cresselia|Cresselia, F|100\/100\n|turn|7\n|\n|t:|1695755156\n|switch|p1b: Blue Flame|Salamence, M|100\/100\n|-ability|p1b: Blue Flame|Intimidate|boost\n|-unboost|p2a: Machamp|atk|1\n|-unboost|p2b: Cresselia|atk|1\n|move|p2a: Machamp|Protect|p2a: Machamp\n|-singleturn|p2a: Machamp|Protect\n|move|p1a: Cofagrigus|Will-O-Wisp|p2a: Machamp\n|-activate|p2a: Machamp|move: Protect\n|move|p2b: Cresselia|Trick Room|p2b: Cresselia\n|-fieldstart|move: Trick Room|[of] p2b: Cresselia\n|\n|-heal|p2a: Machamp|64\/100|[from] item: Leftovers\n|upkeep\n|turn|8\n|inactive|Elite Four Waluigi has 120 seconds left.\n|\n|t:|1695755201\n|switch|p2a: Chandelure|Chandelure, M|100\/100\n|move|p1b: Blue Flame|Protect|p1b: Blue Flame\n|-singleturn|p1b: Blue Flame|Protect\n|move|p1a: Cofagrigus|Shadow Ball|p2a: Chandelure\n|-supereffective|p2a: Chandelure\n|-damage|p2a: Chandelure|38\/100\n|move|p2b: Cresselia|Thunderbolt|p1b: Blue Flame\n|-activate|p1b: Blue Flame|move: Protect\n|\n|upkeep\n|turn|9\n|\n|t:|1695755216\n|switch|p1b: Atraco|Krookodile, M|100\/100\n|-ability|p1b: Atraco|Intimidate|boost\n|-unboost|p2a: Chandelure|atk|1\n|-unboost|p2b: Cresselia|atk|1\n|move|p1a: Cofagrigus|Shadow Ball|p2a: Chandelure\n|-supereffective|p2a: Chandelure\n|-damage|p2a: Chandelure|0 fnt\n|faint|p2a: Chandelure\n|move|p2b: Cresselia|Thunderbolt|p1b: Atraco\n|-immune|p1b: Atraco\n|\n|upkeep\n|inactive|Elite Four Waluigi has 120 seconds left.\n|\n|t:|1695755227\n|switch|p2a: Ursaluna|Ursaluna, M|77\/100 brn\n|turn|10\n|\n|t:|1695755237\n|switch|p1b: Druddigon|Druddigon, F|16\/100\n|move|p1a: Cofagrigus|Shadow Ball|p2b: Cresselia\n|-supereffective|p2b: Cresselia\n|-damage|p2b: Cresselia|72\/100\n|move|p2a: Ursaluna|Earthquake|p1b: Druddigon|[spread] p1a,p1b\n|-immune|p2b: Cresselia|[from] ability: Levitate\n|-damage|p1a: Cofagrigus|17\/100\n|-damage|p1b: Druddigon|0 fnt\n|faint|p1b: Druddigon\n|move|p2b: Cresselia|Psychic|p1a: Cofagrigus\n|-damage|p1a: Cofagrigus|0 fnt\n|faint|p1a: Cofagrigus\n|\n|-heal|p2b: Cresselia|78\/100|[from] item: Leftovers\n|-damage|p2a: Ursaluna|71\/100 brn|[from] brn\n|upkeep\n|inactive|fumbari 24 has 120 seconds left.\n|\n|t:|1695755265\n|switch|p1a: Atraco|Krookodile, M|100\/100\n|switch|p1b: Blue Flame|Salamence, M|100\/100\n|-ability|p1a: Atraco|Intimidate|boost\n|-unboost|p2a: Ursaluna|atk|1\n|-unboost|p2b: Cresselia|atk|1\n|-ability|p1b: Blue Flame|Intimidate|boost\n|-unboost|p2a: Ursaluna|atk|1\n|-unboost|p2b: Cresselia|atk|1\n|turn|11\n|\n|t:|1695755281\n|move|p2a: Ursaluna|Protect|p2a: Ursaluna\n|-singleturn|p2a: Ursaluna|Protect\n|move|p1b: Blue Flame|Protect|p1b: Blue Flame\n|-singleturn|p1b: Blue Flame|Protect\n|move|p2b: Cresselia|Lunar Blessing|p2b: Cresselia|[spread] p2a,p2b\n|-heal|p2a: Ursaluna|96\/100 brn\n|-curestatus|p2a: Ursaluna|brn|[msg]\n|-heal|p2b: Cresselia|100\/100\n|move|p1a: Atraco|Rock Slide|p2a: Ursaluna|[spread] \n|-activate|p2a: Ursaluna|move: Protect\n|-miss|p1a: Atraco|p2b: Cresselia\n|\n|-fieldend|move: Trick Room\n|-status|p2a: Ursaluna|brn|[from] item: Flame Orb\n|upkeep\n|turn|12\n|\n|t:|1695755307\n|detailschange|p1b: Blue Flame|Salamence-Mega, M\n|-mega|p1b: Blue Flame|Salamence|Salamencite\n|move|p1b: Blue Flame|Double-Edge|p2a: Ursaluna\n|-damage|p2a: Ursaluna|36\/100 brn\n|-damage|p1b: Blue Flame|74\/100|[from] Recoil\n|move|p1a: Atraco|Stomping Tantrum|p2a: Ursaluna\n|-damage|p2a: Ursaluna|0 fnt\n|faint|p2a: Ursaluna\n|move|p2b: Cresselia|Trick Room|p2b: Cresselia\n|-fieldstart|move: Trick Room|[of] p2b: Cresselia\n|\n|upkeep\n|\n|t:|1695755314\n|switch|p2a: Machamp|Machamp, M|64\/100\n|turn|13\n|\n|t:|1695755328\n|-terastallize|p1a: Atraco|Fairy\n|move|p2a: Machamp|Dynamic Punch|p1a: Atraco\n|-resisted|p1a: Atraco\n|-damage|p1a: Atraco|75\/100\n|-start|p1a: Atraco|confusion\n|move|p2b: Cresselia|Thunderbolt|p1b: Blue Flame\n|-damage|p1b: Blue Flame|56\/100\n|-activate|p1a: Atraco|confusion\n|-damage|p1a: Atraco|64\/100|[from] confusion\n|move|p1b: Blue Flame|Double-Edge|p2a: Machamp\n|-supereffective|p2a: Machamp\n|-damage|p2a: Machamp|0 fnt\n|faint|p2a: Machamp\n|-damage|p1b: Blue Flame|32\/100|[from] Recoil\n|\n|upkeep\n|\n|t:|1695755334\n|switch|p2a: Basculegion|Basculegion, M|100\/100\n|turn|14\n|\n|t:|1695755355\n|move|p2a: Basculegion|Last Respects|p1a: Atraco\n|-damage|p1a: Atraco|0 fnt\n|faint|p1a: Atraco\n|move|p2b: Cresselia|Psychic|p1b: Blue Flame\n|-damage|p1b: Blue Flame|5\/100\n|move|p1b: Blue Flame|Double-Edge|p2a: Basculegion\n|-damage|p2a: Basculegion|37\/100\n|-damage|p1b: Blue Flame|0 fnt|[from] Recoil\n|faint|p1b: Blue Flame\n|\n|upkeep\n|\n|t:|1695755365\n|switch|p1a: Haxorus|Haxorus, F|100\/100\n|switch|p1b: Aggron|Aggron, F|100\/100\n|-ability|p1a: Haxorus|Mold Breaker\n|turn|15\n|\n|t:|1695755377\n|-zpower|p1b: Aggron\n|move|p1b: Aggron|Continental Crush|p2a: Basculegion|[zeffect]\n|-damage|p2a: Basculegion|0 fnt\n|faint|p2a: Basculegion\n|move|p2b: Cresselia|Lunar Blessing||[still]\n|-fail|p2b: Cresselia\n|move|p1a: Haxorus|Breaking Swipe|p2b: Cresselia\n|-damage|p2b: Cresselia|75\/100\n|-unboost|p2b: Cresselia|atk|1\n|\n|-heal|p2b: Cresselia|82\/100|[from] item: Leftovers\n|upkeep\n|turn|16\n|\n|t:|1695755394\n|move|p1b: Aggron|Head Smash|p2b: Cresselia\n|-damage|p2b: Cresselia|27\/100\n|move|p2b: Cresselia|Thunderbolt|p1b: Aggron\n|-damage|p1b: Aggron|79\/100\n|move|p1a: Haxorus|Dragon Dance|p1a: Haxorus\n|-boost|p1a: Haxorus|atk|1\n|-boost|p1a: Haxorus|spe|1\n|\n|-heal|p2b: Cresselia|33\/100|[from] item: Leftovers\n|-fieldend|move: Trick Room\n|upkeep\n|turn|17\n|\n|t:|1695755402\n|move|p1a: Haxorus|Iron Head|p2b: Cresselia\n|-damage|p2b: Cresselia|0 fnt\n|faint|p2b: Cresselia\n|\n|win|fumbari 24\n|raw|fumbari 24's rating: 1299 &rarr; <strong>1310<\/strong><br \/>(+11 for winning)\n|raw|Elite Four Waluigi's rating: 1075 &rarr; <strong>1066<\/strong><br \/>(-9 for losing)\n|l|\u2606Elite Four Waluigi\n|j| El Ryuk456\n","uploadtime":1695755454,"views":15,"p1id":"fumbari24","p2id":"elitefourwaluigi","formatid":"gen9nationaldexdoubles","rating":1066,"private":0,"password":""}