{"id":"gen9nationaldexdoubles-1967414088","p1":"darksquidTwitch","p2":"Adog2908","format":"[Gen 9] National Dex Doubles","log":"|j|\u2606darksquidTwitch\n|j|\u2606Adog2908\n|t:|1697299508\n|gametype|doubles\n|player|p1|darksquidTwitch|volkner|1035\n|player|p2|Adog2908|giovanni|1000\n|teamsize|p1|4\n|teamsize|p2|6\n|gen|9\n|tier|[Gen 9] National Dex Doubles\n|rated|\n|rule|HP Percentage Mod: HP is shown in percentages\n|rule|Endless Battle Clause: Forcing endless battles is banned\n|rule|OHKO Clause: OHKO moves are banned\n|rule|Evasion Moves Clause: Evasion moves are banned\n|rule|Evasion Abilities Clause: Evasion abilities are banned\n|rule|Species Clause: Limit one of each Pok\u00e9mon\n|rule|Gravity Sleep Clause: The combination of sleep-inducing moves with imperfect accuracy and Gravity or Gigantamax Orbeetle are banned\n|clearpoke\n|poke|p1|Eevee, F|\n|poke|p1|Riolu, L69, M|\n|poke|p1|Cresselia, F|\n|poke|p1|Diancie|\n|poke|p2|Salamence, F|\n|poke|p2|Indeedee-F, F|\n|poke|p2|Baxcalibur, M|\n|poke|p2|Ferrothorn, F|\n|poke|p2|Cyclizar, F|\n|poke|p2|Urshifu-*, F|\n|teampreview\n|inactive|Battle timer is ON: inactive players will automatically lose when time's up. (requested by Adog2908)\n|\n|t:|1697299515\n|start\n|switch|p1a: Eevee|Eevee, F|100\/100\n|switch|p1b: Riolu|Riolu, L69, M, shiny|100\/100\n|switch|p2a: Salamence|Salamence, F|100\/100\n|switch|p2b: Indeedee|Indeedee-F, F|100\/100\n|-ability|p2a: Salamence|Intimidate|boost\n|-unboost|p1a: Eevee|atk|1\n|-unboost|p1b: Riolu|atk|1\n|-fieldstart|move: Psychic Terrain|[from] ability: Psychic Surge|[of] p2b: Indeedee\n|-enditem|p2b: Indeedee|Psychic Seed\n|-boost|p2b: Indeedee|spd|1|[from] item: Psychic Seed\n|turn|1\n|\n|t:|1697299532\n|move|p1b: Riolu|Follow Me|p1b: Riolu\n|-singleturn|p1b: Riolu|move: Follow Me\n|move|p2b: Indeedee|Follow Me|p2b: Indeedee\n|-singleturn|p2b: Indeedee|move: Follow Me\n|move|p2a: Salamence|Dragon Dance|p2a: Salamence\n|-boost|p2a: Salamence|atk|1\n|-boost|p2a: Salamence|spe|1\n|-zpower|p1a: Eevee\n|move|p1a: Eevee|Extreme Evoboost|p1a: Eevee\n|-boost|p1a: Eevee|atk|2\n|-boost|p1a: Eevee|def|2\n|-boost|p1a: Eevee|spa|2\n|-boost|p1a: Eevee|spd|2\n|-boost|p1a: Eevee|spe|2\n|\n|upkeep\n|turn|2\n|\n|t:|1697299556\n|detailschange|p2a: Salamence|Salamence-Mega, F\n|-mega|p2a: Salamence|Salamence|Salamencite\n|move|p1b: Riolu|Follow Me|p1b: Riolu\n|-singleturn|p1b: Riolu|move: Follow Me\n|move|p2b: Indeedee|Follow Me|p2b: Indeedee\n|-singleturn|p2b: Indeedee|move: Follow Me\n|move|p2a: Salamence|Double-Edge|p1b: Riolu\n|-supereffective|p1b: Riolu\n|-enditem|p1b: Riolu|Focus Sash\n|-damage|p1b: Riolu|1\/100\n|-damage|p2a: Salamence|85\/100|[from] Recoil\n|move|p1a: Eevee|Baton Pass|p1a: Eevee\n|\n|t:|1697299569\n|switch|p1a: Diancie|Diancie|100\/100|[from] Baton Pass\n|\n|upkeep\n|turn|3\n|\n|t:|1697299586\n|detailschange|p1a: Diancie|Diancie-Mega\n|-mega|p1a: Diancie|Diancie|Diancite\n|move|p1b: Riolu|Follow Me|p1b: Riolu\n|-singleturn|p1b: Riolu|move: Follow Me\n|move|p2b: Indeedee|Follow Me|p2b: Indeedee\n|-singleturn|p2b: Indeedee|move: Follow Me\n|move|p1a: Diancie|Stored Power|p2b: Indeedee\n|-resisted|p2b: Indeedee\n|-damage|p2b: Indeedee|36\/100\n|move|p2a: Salamence|Facade|p1b: Riolu\n|-supereffective|p1b: Riolu\n|-damage|p1b: Riolu|0 fnt\n|faint|p1b: Riolu\n|\n|upkeep\n|\n|t:|1697299604\n|switch|p1b: Eevee|Eevee, F|100\/100\n|turn|4\n|\n|t:|1697299614\n|move|p1b: Eevee|Helping Hand|p1a: Diancie\n|-singleturn|p1a: Diancie|Helping Hand|[of] p1b: Eevee\n|move|p2b: Indeedee|Follow Me|p2b: Indeedee\n|-singleturn|p2b: Indeedee|move: Follow Me\n|move|p1a: Diancie|Stored Power|p2b: Indeedee\n|-resisted|p2b: Indeedee\n|-damage|p2b: Indeedee|0 fnt\n|faint|p2b: Indeedee\n|move|p2a: Salamence|Double-Edge|p1a: Diancie\n|-resisted|p1a: Diancie\n|-damage|p1a: Diancie|56\/100\n|-damage|p2a: Salamence|75\/100|[from] Recoil\n|\n|upkeep\n|\n|t:|1697299633\n|switch|p2b: Urshifu|Urshifu-Rapid-Strike, F|100\/100\n|turn|5\n|\n|t:|1697299647\n|switch|p1b: Cresselia|Cresselia, F|100\/100\n|move|p1a: Diancie|Stored Power|p2b: Urshifu\n|-supereffective|p2b: Urshifu\n|-damage|p2b: Urshifu|0 fnt\n|faint|p2b: Urshifu\n|move|p2a: Salamence|Double-Edge|p1b: Cresselia\n|-damage|p1b: Cresselia|0 fnt\n|faint|p1b: Cresselia\n|-damage|p2a: Salamence|36\/100|[from] Recoil\n|\n|-fieldend|move: Psychic Terrain\n|upkeep\n|\n|t:|1697299665\n|switch|p2b: Cyclizar|Cyclizar, F|100\/100\n|switch|p1b: Eevee|Eevee, F|100\/100\n|turn|6\n|\n|t:|1697299685\n|move|p1b: Eevee|Helping Hand|p1a: Diancie\n|-singleturn|p1a: Diancie|Helping Hand|[of] p1b: Eevee\n|move|p1a: Diancie|Draining Kiss|p2a: Salamence\n|-supereffective|p2a: Salamence\n|-damage|p2a: Salamence|0 fnt\n|-heal|p1a: Diancie|93\/100|[from] drain|[of] p2a: Salamence\n|faint|p2a: Salamence\n|move|p2b: Cyclizar|Shift Gear|p2b: Cyclizar\n|-boost|p2b: Cyclizar|spe|2\n|-boost|p2b: Cyclizar|atk|1\n|\n|upkeep\n|\n|t:|1697299698\n|switch|p2a: Ferrothorn|Ferrothorn, F|100\/100\n|turn|7\n|\n|t:|1697299711\n|move|p1a: Diancie|Draining Kiss|p2b: Cyclizar\n|-supereffective|p2b: Cyclizar\n|-damage|p2b: Cyclizar|0 fnt\n|-heal|p1a: Diancie|100\/100|[from] drain|[of] p2b: Cyclizar\n|faint|p2b: Cyclizar\n|move|p1b: Eevee|Baton Pass||[still]\n|-fail|p1b: Eevee\n|move|p2a: Ferrothorn|Leech Seed|p1a: Diancie\n|move|p1a: Diancie|Leech Seed|p2a: Ferrothorn|[from]ability: Magic Bounce\n|-immune|p2a: Ferrothorn\n|\n|upkeep\n|\n|t:|1697299723\n|switch|p2b: Baxcalibur|Baxcalibur, M|100\/100\n|turn|8\n|\n|t:|1697299733\n|move|p2b: Baxcalibur|Ice Shard|p1a: Diancie\n|-damage|p1a: Diancie|77\/100\n|move|p1a: Diancie|Stored Power|p2b: Baxcalibur\n|-damage|p2b: Baxcalibur|0 fnt\n|faint|p2b: Baxcalibur\n|move|p1b: Eevee|Last Resort|p2a: Ferrothorn\n|-resisted|p2a: Ferrothorn\n|-damage|p2a: Ferrothorn|87\/100\n|-damage|p1b: Eevee|88\/100|[from] ability: Iron Barbs|[of] p2a: Ferrothorn\n|-damage|p1b: Eevee|72\/100|[from] item: Rocky Helmet|[of] p2a: Ferrothorn\n|move|p2a: Ferrothorn|Power Whip|p1a: Diancie\n|-supereffective|p1a: Diancie\n|-damage|p1a: Diancie|29\/100\n|\n|upkeep\n|turn|9\n|\n|t:|1697299755\n|move|p2a: Ferrothorn|Protect|p2a: Ferrothorn\n|-singleturn|p2a: Ferrothorn|Protect\n|move|p1a: Diancie|Stored Power|p2a: Ferrothorn\n|-activate|p2a: Ferrothorn|move: Protect\n|move|p1b: Eevee|Last Resort|p2a: Ferrothorn\n|-activate|p2a: Ferrothorn|move: Protect\n|\n|upkeep\n|turn|10\n|\n|t:|1697299770\n|move|p1b: Eevee|Helping Hand|p1a: Diancie\n|-singleturn|p1a: Diancie|Helping Hand|[of] p1b: Eevee\n|move|p1a: Diancie|Stored Power|p2a: Ferrothorn\n|-resisted|p2a: Ferrothorn\n|-damage|p2a: Ferrothorn|9\/100\n|move|p2a: Ferrothorn|Power Whip|p1a: Diancie\n|-supereffective|p1a: Diancie\n|-damage|p1a: Diancie|0 fnt\n|faint|p1a: Diancie\n|\n|upkeep\n|turn|11\n|\n|t:|1697299790\n|move|p1b: Eevee|Last Resort|p2a: Ferrothorn\n|-resisted|p2a: Ferrothorn\n|-damage|p2a: Ferrothorn|0 fnt\n|-damage|p1b: Eevee|59\/100|[from] ability: Iron Barbs|[of] p2a: Ferrothorn\n|-damage|p1b: Eevee|43\/100|[from] item: Rocky Helmet|[of] p2a: Ferrothorn\n|faint|p2a: Ferrothorn\n|\n|win|darksquidTwitch\n|raw|darksquidTwitch's rating: 1035 &rarr; <strong>1066<\/strong><br \/>(+31 for winning)\n|raw|Adog2908's rating: 1000 &rarr; <strong>1000<\/strong><br \/>(+0 for losing)\n|c|\u2606Adog2908|Gg\n|c|\u2606darksquidTwitch|If this kills\u2026\n|l|\u2606Adog2908\n|c|\u2606darksquidTwitch|GG\n","uploadtime":1697299807,"views":6,"p1id":"darksquidtwitch","p2id":"adog2908","formatid":"gen9nationaldexdoubles","rating":1000,"private":0,"password":""}