{"id":"gen9nationaldexdoubles-1959033382","p1":"Edras16","p2":"Ginesect","format":"[Gen 9] National Dex Doubles","log":"|j|\u2606Edras16\n|j|\u2606Ginesect\n|t:|1696379859\n|gametype|doubles\n|player|p1|Edras16|steven|\n|player|p2|Ginesect|leon-masters|\n|teamsize|p1|6\n|teamsize|p2|6\n|gen|9\n|tier|[Gen 9] National Dex Doubles\n|rule|HP Percentage Mod: HP is shown in percentages\n|rule|Endless Battle Clause: Forcing endless battles is banned\n|rule|OHKO Clause: OHKO moves are banned\n|rule|Evasion Moves Clause: Evasion moves are banned\n|rule|Evasion Abilities Clause: Evasion abilities are banned\n|rule|Species Clause: Limit one of each Pok\u00e9mon\n|rule|Gravity Sleep Clause: The combination of sleep-inducing moves with imperfect accuracy and Gravity or Gigantamax Orbeetle are banned\n|clearpoke\n|poke|p1|Charizard, F|\n|poke|p1|Chi-Yu|\n|poke|p1|Flutter Mane|\n|poke|p1|Tornadus, M|\n|poke|p1|Torkoal, F|\n|poke|p1|Walking Wake|\n|poke|p2|Farigiraf, M|\n|poke|p2|Indeedee-F, F|\n|poke|p2|Ursaluna-Bloodmoon, M|\n|poke|p2|Armarouge, M|\n|poke|p2|Maushold|\n|poke|p2|Arboliva, M|\n|teampreview\n|c|\u2606Edras16|Glhf\n|\n|t:|1696379885\n|start\n|switch|p1a: Torkoal|Torkoal, F|100\/100\n|switch|p1b: Chi-Yu|Chi-Yu|100\/100\n|switch|p2a: Indeedee|Indeedee-F, F|100\/100\n|switch|p2b: Maushold|Maushold|100\/100\n|-ability|p1b: Chi-Yu|Beads of Ruin\n|-fieldstart|move: Psychic Terrain|[from] ability: Psychic Surge|[of] p2a: Indeedee\n|-weather|SunnyDay|[from] ability: Drought|[of] p1a: Torkoal\n|turn|1\n|\n|t:|1696379896\n|-terastallize|p1b: Chi-Yu|Fire\n|move|p1a: Torkoal|Helping Hand|p1b: Chi-Yu\n|-singleturn|p1b: Chi-Yu|Helping Hand|[of] p1a: Torkoal\n|move|p1b: Chi-Yu|Heat Wave|p2a: Indeedee|[spread] p2a,p2b\n|-damage|p2a: Indeedee|14\/100\n|-enditem|p2b: Maushold|Focus Sash\n|-damage|p2b: Maushold|1\/100\n|move|p2b: Maushold|U-turn|p1b: Chi-Yu\n|-resisted|p1b: Chi-Yu\n|-damage|p1b: Chi-Yu|86\/100\n|c|\u2606Edras16|Fuck indeedee lives\n|\n|t:|1696379922\n|switch|p2b: Armarouge|Armarouge, M|100\/100|[from] U-turn\n|move|p2a: Indeedee|Trick Room|p2a: Indeedee\n|-fieldstart|move: Trick Room|[of] p2a: Indeedee\n|\n|-weather|SunnyDay|[upkeep]\n|upkeep\n|turn|2\n|c|\u2606Edras16|I think i lost already\n|c|\u2606Ginesect|Actually\n|c|\u2606Ginesect|Dedee was sash\n|c|\u2606Edras16|Of course it was\n|\n|t:|1696379946\n|-terastallize|p2b: Armarouge|Psychic\n|move|p1a: Torkoal|Protect|p1a: Torkoal\n|-singleturn|p1a: Torkoal|Protect\n|move|p2b: Armarouge|Expanding Force|p1a: Torkoal|[spread] p1b\n|-activate|p1a: Torkoal|move: Protect\n|-damage|p1b: Chi-Yu|0 fnt\n|faint|p1b: Chi-Yu\n|-damage|p2b: Armarouge|91\/100|[from] item: Life Orb\n|move|p2a: Indeedee|Hyper Voice|p1a: Torkoal\n|-activate|p1a: Torkoal|move: Protect\n|\n|-weather|SunnyDay|[upkeep]\n|upkeep\n|\n|t:|1696379961\n|switch|p1b: Flutter Mane|Flutter Mane|100\/100\n|-activate|p1b: Flutter Mane|ability: Protosynthesis\n|-start|p1b: Flutter Mane|protosynthesisspe\n|turn|3\n|\n|t:|1696379976\n|move|p1a: Torkoal|Helping Hand|p1b: Flutter Mane\n|-singleturn|p1b: Flutter Mane|Helping Hand|[of] p1a: Torkoal\n|move|p2a: Indeedee|Follow Me|p2a: Indeedee\n|-singleturn|p2a: Indeedee|move: Follow Me\n|move|p2b: Armarouge|Expanding Force|p1b: Flutter Mane|[spread] p1a,p1b\n|-damage|p1a: Torkoal|0 fnt\n|-damage|p1b: Flutter Mane|0 fnt\n|faint|p1a: Torkoal\n|faint|p1b: Flutter Mane\n|-end|p1b: Flutter Mane|Protosynthesis|[silent]\n|-damage|p2b: Armarouge|81\/100|[from] item: Life Orb\n|\n|-weather|SunnyDay|[upkeep]\n|upkeep\n|c|\u2606Ginesect|gg\n|\n|t:|1696379989\n|switch|p1a: Charizard|Charizard, F|100\/100\n|switch|p1b: Tornadus|Tornadus, M|100\/100\n|turn|4\n|\n|t:|1696380002\n|detailschange|p1a: Charizard|Charizard-Mega-Y, F\n|-mega|p1a: Charizard|Charizard|Charizardite Y\n|move|p2b: Armarouge|Expanding Force|p1b: Tornadus|[spread] p1a,p1b\n|-damage|p1a: Charizard|5\/100\n|-enditem|p1b: Tornadus|Focus Sash\n|-damage|p1b: Tornadus|1\/100\n|-damage|p2b: Armarouge|71\/100|[from] item: Life Orb\n|move|p2a: Indeedee|Hyper Voice|p1b: Tornadus|[spread] p1a,p1b\n|-damage|p1a: Charizard|0 fnt\n|-damage|p1b: Tornadus|0 fnt\n|faint|p1a: Charizard\n|faint|p1b: Tornadus\n|\n|-weather|SunnyDay|[upkeep]\n|upkeep\n|c|\u2606Ginesect|Actually\n|c|\u2606Edras16|Gg\n|\n|t:|1696380019\n|switch|p1a: Walking Wake|Walking Wake|100\/100\n|-activate|p1a: Walking Wake|ability: Protosynthesis\n|-start|p1a: Walking Wake|protosynthesisspe\n|turn|5\n|c|\u2606Ginesect|Bloodmoon is even more broken\n|c|\u2606Ginesect|I sweeped hussu and ninja with bm\n|c|\u2606Ginesect|It's fucking cancer\n|\n|t:|1696380042\n|move|p2b: Armarouge|Expanding Force|p1a: Walking Wake\n|-damage|p1a: Walking Wake|0 fnt\n|faint|p1a: Walking Wake\n|-end|p1a: Walking Wake|Protosynthesis|[silent]\n|-damage|p2b: Armarouge|61\/100|[from] item: Life Orb\n|\n|win|Ginesect\n|c|\u2606Edras16|Yeah it is\n|c|\u2606Edras16|Gg\n|l|\u2606Ginesect\n|c|\u2606Edras16|Ill beat you later though\n|l|\u2606Edras16\n|j|\u2606Ginesect\n|player|p2|Ginesect|leon-masters\n","uploadtime":1696380090,"views":6,"p1id":"edras16","p2id":"ginesect","formatid":"gen9nationaldexdoubles","rating":0,"private":0,"password":""}