{"id":"gen9nationaldexdoubles-1950707367","p1":"SlimeGuy98712","p2":"kylieminogueate","format":"[Gen 9] National Dex Doubles","log":"|j|\u2606SlimeGuy98712\n|j|\u2606kylieminogueate\n|t:|1695498483\n|gametype|doubles\n|player|p1|SlimeGuy98712|erika|1038\n|player|p2|kylieminogueate|winona|1095\n|teamsize|p1|4\n|teamsize|p2|6\n|gen|9\n|tier|[Gen 9] National Dex Doubles\n|rated|\n|rule|HP Percentage Mod: HP is shown in percentages\n|rule|Endless Battle Clause: Forcing endless battles is banned\n|rule|OHKO Clause: OHKO moves are banned\n|rule|Evasion Moves Clause: Evasion moves are banned\n|rule|Evasion Abilities Clause: Evasion abilities are banned\n|rule|Species Clause: Limit one of each Pok\u00e9mon\n|rule|Gravity Sleep Clause: The combination of sleep-inducing moves with imperfect accuracy and Gravity or Gigantamax Orbeetle are banned\n|clearpoke\n|poke|p1|Dipplin, F|\n|poke|p1|Ninetales-Alola, M|\n|poke|p1|Espathra, M|\n|poke|p1|Darkrai|\n|poke|p2|Alakazam, M|\n|poke|p2|Indeedee, M|\n|poke|p2|Tauros-Paldea-Aqua, M|\n|poke|p2|Meowscarada, F|\n|poke|p2|Noivern, F|\n|poke|p2|Toxtricity, M|\n|teampreview\n|\n|t:|1695498488\n|start\n|switch|p1a: Dipplin|Dipplin, F|100\/100\n|switch|p1b: Ninetales|Ninetales-Alola, M|100\/100\n|switch|p2a: Tauros|Tauros-Paldea-Aqua, M|100\/100\n|switch|p2b: Meowscarada|Meowscarada, F|100\/100\n|-weather|Snow|[from] ability: Snow Warning|[of] p1b: Ninetales\n|-ability|p1a: Dipplin|Supersweet Syrup\n|-ability|p1a: Dipplin|Supersweet Syrup|boost\n|-unboost|p2a: Tauros|evasion|1\n|-unboost|p2b: Meowscarada|evasion|1\n|turn|1\n|\n|t:|1695498504\n|-terastallize|p2a: Tauros|Poison\n|move|p2b: Meowscarada|Flower Trick|p2a: Tauros\n|-resisted|p2a: Tauros\n|-crit|p2a: Tauros\n|-damage|p2a: Tauros|84\/100\n|-setboost|p2a: Tauros|atk|6|[from] ability: Anger Point\n|move|p1b: Ninetales|Hypnosis|p2a: Tauros\n|-status|p2a: Tauros|slp|[from] move: Hypnosis\n|cant|p2a: Tauros|slp\n|move|p1a: Dipplin|Pollen Puff|p2b: Meowscarada\n|-supereffective|p2b: Meowscarada\n|-damage|p2b: Meowscarada|0 fnt\n|faint|p2b: Meowscarada\n|\n|-weather|Snow|[upkeep]\n|upkeep\n|\n|t:|1695498519\n|switch|p2b: Noivern|Noivern, F|100\/100\n|turn|2\n|\n|t:|1695498530\n|move|p2b: Noivern|Air Slash|p1b: Ninetales\n|-damage|p1b: Ninetales|60\/100\n|-damage|p2b: Noivern|91\/100|[from] item: Life Orb\n|cant|p1b: Ninetales|flinch\n|-curestatus|p2a: Tauros|slp|[msg]\n|move|p2a: Tauros|Tera Blast|p1a: Dipplin|[anim] Tera Blast Poison\n|-supereffective|p1a: Dipplin\n|-damage|p1a: Dipplin|0 fnt\n|faint|p1a: Dipplin\n|\n|-weather|Snow|[upkeep]\n|upkeep\n|\n|t:|1695498535\n|switch|p1a: Espathra|Espathra, M|100\/100\n|turn|3\n|\n|t:|1695498550\n|move|p2a: Tauros|Aqua Jet|p1b: Ninetales\n|-damage|p1b: Ninetales|8\/100\n|move|p2b: Noivern|Heat Wave|p1b: Ninetales|[spread] p1a,p1b\n|-supereffective|p1b: Ninetales\n|-damage|p1a: Espathra|64\/100\n|-damage|p1b: Ninetales|0 fnt\n|faint|p1b: Ninetales\n|-damage|p2b: Noivern|81\/100|[from] item: Life Orb\n|move|p1a: Espathra|Calm Mind|p1a: Espathra\n|-boost|p1a: Espathra|spa|1\n|-boost|p1a: Espathra|spd|1\n|\n|-weather|Snow|[upkeep]\n|-heal|p1a: Espathra|70\/100|[from] item: Leftovers\n|-ability|p1a: Espathra|Speed Boost|boost\n|-boost|p1a: Espathra|spe|1\n|upkeep\n|\n|t:|1695498556\n|switch|p1b: Darkrai|Darkrai|100\/100\n|turn|4\n|\n|t:|1695498569\n|move|p1a: Espathra|Protect|p1a: Espathra\n|-singleturn|p1a: Espathra|Protect\n|move|p2b: Noivern|Air Slash|p1b: Darkrai\n|-damage|p1b: Darkrai|50\/100\n|-damage|p2b: Noivern|71\/100|[from] item: Life Orb\n|move|p1b: Darkrai|Hypnosis|p2a: Tauros|[miss]\n|-miss|p1b: Darkrai|p2a: Tauros\n|move|p2a: Tauros|Raging Bull|p1a: Espathra\n|-activate|p1a: Espathra|move: Protect\n|\n|-weather|Snow|[upkeep]\n|-heal|p1a: Espathra|76\/100|[from] item: Leftovers\n|-ability|p1a: Espathra|Speed Boost|boost\n|-boost|p1a: Espathra|spe|1\n|upkeep\n|turn|5\n|\n|t:|1695498582\n|move|p2a: Tauros|Aqua Jet|p1b: Darkrai\n|-damage|p1b: Darkrai|0 fnt\n|faint|p1b: Darkrai\n|move|p1a: Espathra|Stored Power|p2a: Tauros\n|-supereffective|p2a: Tauros\n|-damage|p2a: Tauros|0 fnt\n|faint|p2a: Tauros\n|move|p2b: Noivern|Air Slash|p1a: Espathra\n|-crit|p1a: Espathra\n|-damage|p1a: Espathra|0 fnt\n|faint|p1a: Espathra\n|-damage|p2b: Noivern|61\/100|[from] item: Life Orb\n|\n|win|kylieminogueate\n|raw|SlimeGuy98712's rating: 1038 &rarr; <strong>1025<\/strong><br \/>(-13 for losing)\n|raw|kylieminogueate's rating: 1095 &rarr; <strong>1117<\/strong><br \/>(+22 for winning)\n|l|\u2606SlimeGuy98712\n","uploadtime":1695498597,"views":9,"p1id":"slimeguy98712","p2id":"kylieminogueate","formatid":"gen9nationaldexdoubles","rating":1025,"private":0,"password":""}