{"id":"gen9nationaldexdoubles-1970894813","p1":"Brick_Enjoyer_144","p2":"Hatterene France","format":"[Gen 9] National Dex Doubles","log":"|j|\u2606Brick_Enjoyer_144\n|j|\u2606Hatterene France\n|t:|1697678208\n|gametype|doubles\n|player|p1|Brick_Enjoyer_144|shauntal|1153\n|player|p2|Hatterene France|iono|1093\n|teamsize|p1|6\n|teamsize|p2|6\n|gen|9\n|tier|[Gen 9] National Dex Doubles\n|rated|\n|rule|HP Percentage Mod: HP is shown in percentages\n|rule|Endless Battle Clause: Forcing endless battles is banned\n|rule|OHKO Clause: OHKO moves are banned\n|rule|Evasion Moves Clause: Evasion moves are banned\n|rule|Evasion Abilities Clause: Evasion abilities are banned\n|rule|Species Clause: Limit one of each Pok\u00e9mon\n|rule|Gravity Sleep Clause: The combination of sleep-inducing moves with imperfect accuracy and Gravity or Gigantamax Orbeetle are banned\n|clearpoke\n|poke|p1|Spiritomb, M|\n|poke|p1|Escavalier, M|\n|poke|p1|Pincurchin, M|\n|poke|p1|Gothitelle, F|\n|poke|p1|Primarina, M|\n|poke|p1|Porygon2|\n|poke|p2|Urshifu-*, F|\n|poke|p2|Smeargle, F|\n|poke|p2|Incineroar, F|\n|poke|p2|Zygarde|\n|poke|p2|Tornadus, M|\n|poke|p2|Chien-Pao|\n|teampreview\n|inactive|Battle timer is ON: inactive players will automatically lose when time's up. (requested by Hatterene France)\n|inactive|Brick_Enjoyer_144 also wants the timer to be on.\n|c|\u2606Hatterene France|glhf\n|\n|t:|1697678218\n|start\n|switch|p1a: Spiritomb|Spiritomb, M|100\/100\n|switch|p1b: Escavalier|Escavalier, M|100\/100\n|switch|p2a: BOB ROSS|Smeargle, F, shiny|100\/100\n|switch|p2b: NINJAGO|Urshifu-Rapid-Strike, F|100\/100\n|-ability|p1a: Spiritomb|Pressure\n|turn|1\n|\n|t:|1697678233\n|switch|p2b: SMASHOTHY|Incineroar, F|100\/100\n|-ability|p2b: SMASHOTHY|Intimidate|boost\n|-unboost|p1a: Spiritomb|atk|1\n|-unboost|p1b: Escavalier|atk|1\n|move|p2a: BOB ROSS|Spore|p1b: Escavalier\n|-status|p1b: Escavalier|slp|[from] move: Spore\n|cant|p1b: Escavalier|slp\n|move|p1a: Spiritomb|Trick Room|p1a: Spiritomb\n|-fieldstart|move: Trick Room|[of] p1a: Spiritomb\n|\n|-ability|p2a: BOB ROSS|Moody|boost\n|-boost|p2a: BOB ROSS|spa|2\n|-unboost|p2a: BOB ROSS|spd|1\n|upkeep\n|turn|2\n|\n|t:|1697678252\n|switch|p1b: Primarina|Primarina, M|100\/100\n|move|p1a: Spiritomb|Night Shade|p2b: SMASHOTHY\n|-damage|p2b: SMASHOTHY|75\/100\n|move|p2b: SMASHOTHY|Flare Blitz|p1b: Primarina\n|-resisted|p1b: Primarina\n|-damage|p1b: Primarina|63\/100\n|-damage|p2b: SMASHOTHY|64\/100|[from] Recoil\n|move|p2a: BOB ROSS|Spore|p1a: Spiritomb\n|-status|p1a: Spiritomb|slp|[from] move: Spore\n|\n|-ability|p2a: BOB ROSS|Moody|boost\n|-boost|p2a: BOB ROSS|atk|2\n|-unboost|p2a: BOB ROSS|spe|1\n|upkeep\n|turn|3\n|\n|t:|1697678279\n|cant|p1a: Spiritomb|slp\n|move|p1b: Primarina|Hyper Voice|p2a: BOB ROSS|[spread] p2a,p2b\n|-supereffective|p2b: SMASHOTHY\n|-enditem|p2a: BOB ROSS|Focus Sash\n|-damage|p2a: BOB ROSS|1\/100\n|-damage|p2b: SMASHOTHY|0 fnt\n|faint|p2b: SMASHOTHY\n|move|p2a: BOB ROSS|Spore|p1b: Primarina\n|-status|p1b: Primarina|slp|[from] move: Spore\n|\n|-ability|p2a: BOB ROSS|Moody|boost\n|-boost|p2a: BOB ROSS|atk|2\n|-unboost|p2a: BOB ROSS|def|1\n|upkeep\n|inactive|Hatterene France has 120 seconds left.\n|\n|t:|1697678293\n|switch|p2b: SQUOSHY|Zygarde, shiny|100\/100\n|-ability|p2b: SQUOSHY|Aura Break\n|turn|4\n|\n|t:|1697678306\n|move|p2a: BOB ROSS|King's Shield|p2a: BOB ROSS\n|-singleturn|p2a: BOB ROSS|Protect\n|move|p2b: SQUOSHY|Protect|p2b: SQUOSHY\n|-singleturn|p2b: SQUOSHY|Protect\n|cant|p1a: Spiritomb|slp\n|cant|p1b: Primarina|slp\n|\n|-ability|p2a: BOB ROSS|Moody|boost\n|-boost|p2a: BOB ROSS|def|2\n|-unboost|p2a: BOB ROSS|atk|1\n|upkeep\n|turn|5\n|\n|t:|1697678328\n|switch|p2a: HOLY FUCK..|Tornadus, M|100\/100\n|cant|p1a: Spiritomb|slp\n|-curestatus|p1b: Primarina|slp|[msg]\n|move|p1b: Primarina|Draining Kiss|p2b: SQUOSHY\n|-supereffective|p2b: SQUOSHY\n|-damage|p2b: SQUOSHY|41\/100\n|-heal|p1b: Primarina|100\/100|[from] drain|[of] p2b: SQUOSHY\n|move|p2b: SQUOSHY|Dragon Dance|p2b: SQUOSHY\n|-boost|p2b: SQUOSHY|atk|1\n|-boost|p2b: SQUOSHY|spe|1\n|\n|-fieldend|move: Trick Room\n|upkeep\n|turn|6\n|\n|t:|1697678343\n|move|p2b: SQUOSHY|Thousand Arrows|p1b: Primarina|[spread] p1a,p1b\n|-damage|p1a: Spiritomb|54\/100 slp\n|-damage|p1b: Primarina|50\/100\n|move|p2a: HOLY FUCK..|Bleakwind Storm|p1b: Primarina|[spread] p1a,p1b\n|-damage|p1a: Spiritomb|27\/100 slp\n|-damage|p1b: Primarina|19\/100\n|move|p1b: Primarina|Hyper Voice|p2b: SQUOSHY|[spread] p2a,p2b\n|-damage|p2a: HOLY FUCK..|47\/100\n|-damage|p2b: SQUOSHY|8\/100\n|-curestatus|p1a: Spiritomb|slp|[msg]\n|move|p1a: Spiritomb|Trick Room|p1a: Spiritomb\n|-fieldstart|move: Trick Room|[of] p1a: Spiritomb\n|\n|-heal|p1a: Spiritomb|33\/100|[from] item: Leftovers\n|upkeep\n|turn|7\n|\n|t:|1697678359\n|move|p2b: SQUOSHY|Protect|p2b: SQUOSHY\n|-singleturn|p2b: SQUOSHY|Protect\n|move|p1a: Spiritomb|Pain Split|p2a: HOLY FUCK..\n|-sethp|p2a: HOLY FUCK..|41\/100|[from] move: Pain Split|[silent]\n|-sethp|p1a: Spiritomb|40\/100|[from] move: Pain Split\n|move|p1b: Primarina|Draining Kiss|p2b: SQUOSHY\n|-activate|p2b: SQUOSHY|move: Protect\n|move|p2a: HOLY FUCK..|Bleakwind Storm|p1a: Spiritomb|[spread] p1b\n|-miss|p2a: HOLY FUCK..|p1a: Spiritomb\n|-damage|p1b: Primarina|0 fnt\n|faint|p1b: Primarina\n|\n|-heal|p1a: Spiritomb|46\/100|[from] item: Leftovers\n|upkeep\n|\n|t:|1697678370\n|switch|p1b: Pincurchin|Pincurchin, M|100\/100\n|-fieldstart|move: Electric Terrain|[from] ability: Electric Surge|[of] p1b: Pincurchin\n|turn|8\n|\n|t:|1697678382\n|switch|p2b: NINJAGO|Urshifu-Rapid-Strike, F|100\/100\n|move|p1b: Pincurchin|Zing Zap|p2a: HOLY FUCK..\n|-supereffective|p2a: HOLY FUCK..\n|-damage|p2a: HOLY FUCK..|0 fnt\n|faint|p2a: HOLY FUCK..\n|move|p1a: Spiritomb|Foul Play|p2b: NINJAGO\n|-resisted|p2b: NINJAGO\n|-damage|p2b: NINJAGO|77\/100\n|\n|-heal|p1a: Spiritomb|52\/100|[from] item: Leftovers\n|upkeep\n|\n|t:|1697678388\n|switch|p2a: KIMARI|Chien-Pao|100\/100\n|-ability|p2a: KIMARI|Sword of Ruin\n|turn|9\n|\n|t:|1697678401\n|-zpower|p2b: NINJAGO\n|move|p2b: NINJAGO|Z-Detect|p2b: NINJAGO|[anim]Detect\n|-boost|p2b: NINJAGO|evasion|1|[zeffect]\n|-singleturn|p2b: NINJAGO|Protect\n|move|p2a: KIMARI|Protect|p2a: KIMARI\n|-singleturn|p2a: KIMARI|Protect\n|move|p1b: Pincurchin|Zing Zap|p2b: NINJAGO\n|-activate|p2b: NINJAGO|move: Protect\n|move|p1a: Spiritomb|Night Shade|p2a: KIMARI\n|-activate|p2a: KIMARI|move: Protect\n|\n|-heal|p1a: Spiritomb|59\/100|[from] item: Leftovers\n|upkeep\n|turn|10\n|\n|t:|1697678424\n|move|p1b: Pincurchin|Zing Zap|p2b: NINJAGO\n|-supereffective|p2b: NINJAGO\n|-damage|p2b: NINJAGO|0 fnt\n|faint|p2b: NINJAGO\n|move|p1a: Spiritomb|Night Shade|p2a: KIMARI\n|-damage|p2a: KIMARI|67\/100\n|move|p2a: KIMARI|Ice Spinner|p1b: Pincurchin\n|-damage|p1b: Pincurchin|43\/100\n|-fieldend|move: Electric Terrain\n|\n|-heal|p1a: Spiritomb|65\/100|[from] item: Leftovers\n|-fieldend|move: Trick Room\n|upkeep\n|\n|t:|1697678430\n|switch|p2b: BOB ROSS|Smeargle, F, shiny|1\/100\n|turn|11\n|\n|t:|1697678448\n|move|p2a: KIMARI|Ice Spinner|p1a: Spiritomb\n|-damage|p1a: Spiritomb|10\/100\n|move|p2b: BOB ROSS|Spore|p1a: Spiritomb\n|-status|p1a: Spiritomb|slp|[from] move: Spore\n|move|p1b: Pincurchin|Zing Zap|p2a: KIMARI\n|-damage|p2a: KIMARI|10\/100\n|cant|p1a: Spiritomb|slp\n|\n|-heal|p1a: Spiritomb|16\/100 slp|[from] item: Leftovers\n|-ability|p2b: BOB ROSS|Moody|boost\n|-boost|p2b: BOB ROSS|def|2\n|-unboost|p2b: BOB ROSS|spa|1\n|upkeep\n|turn|12\n|\n|t:|1697678478\n|move|p2a: KIMARI|Protect|p2a: KIMARI\n|-singleturn|p2a: KIMARI|Protect\n|move|p2b: BOB ROSS|Spore|p1b: Pincurchin\n|-status|p1b: Pincurchin|slp|[from] move: Spore\n|cant|p1b: Pincurchin|slp\n|cant|p1a: Spiritomb|slp\n|\n|-heal|p1a: Spiritomb|22\/100 slp|[from] item: Leftovers\n|-ability|p2b: BOB ROSS|Moody|boost\n|-boost|p2b: BOB ROSS|spa|2\n|-unboost|p2b: BOB ROSS|def|1\n|upkeep\n|turn|13\n|\n|t:|1697678492\n|move|p2a: KIMARI|Ice Spinner|p1a: Spiritomb\n|-damage|p1a: Spiritomb|0 fnt\n|faint|p1a: Spiritomb\n|move|p2b: BOB ROSS|Instruct|p2a: KIMARI\n|-singleturn|p2a: KIMARI|move: Instruct|[of] p2b: BOB ROSS\n|move|p2a: KIMARI|Ice Spinner|p1b: Pincurchin\n|-damage|p1b: Pincurchin|0 fnt\n|faint|p1b: Pincurchin\n|\n|-ability|p2b: BOB ROSS|Moody|boost\n|-boost|p2b: BOB ROSS|spd|2\n|-unboost|p2b: BOB ROSS|atk|1\n|upkeep\n|\n|t:|1697678499\n|switch|p1a: Porygon2|Porygon2|100\/100\n|switch|p1b: Gothitelle|Gothitelle, F|100\/100\n|-ability|p1a: Porygon2|Sword of Ruin\n|-ability|p1a: Porygon2|Sword of Ruin|[from] ability: Trace|[of] p2a: KIMARI\n|turn|14\n|\n|t:|1697678515\n|move|p2a: KIMARI|Throat Chop|p1b: Gothitelle\n|-supereffective|p1b: Gothitelle\n|-damage|p1b: Gothitelle|0 fnt\n|faint|p1b: Gothitelle\n|move|p2b: BOB ROSS|Spore|p1a: Porygon2\n|-status|p1a: Porygon2|slp|[from] move: Spore\n|cant|p1a: Porygon2|slp\n|\n|-ability|p2b: BOB ROSS|Moody|boost\n|-boost|p2b: BOB ROSS|def|2\n|-unboost|p2b: BOB ROSS|spd|1\n|upkeep\n|\n|t:|1697678518\n|switch|p1b: Escavalier|Escavalier, M|100\/100 slp\n|turn|15\n|\n|t:|1697678524\n|move|p2a: KIMARI|Sacred Sword|p1b: Escavalier\n|-damage|p1b: Escavalier|62\/100 slp\n|move|p2b: BOB ROSS|Instruct|p2a: KIMARI\n|-singleturn|p2a: KIMARI|move: Instruct|[of] p2b: BOB ROSS\n|move|p2a: KIMARI|Sacred Sword|p1b: Escavalier\n|-damage|p1b: Escavalier|22\/100 slp\n|cant|p1b: Escavalier|slp\n|cant|p1a: Porygon2|slp\n|\n|-ability|p2b: BOB ROSS|Moody|boost\n|-boost|p2b: BOB ROSS|spe|2\n|-unboost|p2b: BOB ROSS|atk|1\n|upkeep\n|turn|16\n|\n|t:|1697678537\n|move|p2b: BOB ROSS|Instruct|p2a: KIMARI\n|-singleturn|p2a: KIMARI|move: Instruct|[of] p2b: BOB ROSS\n|move|p2a: KIMARI|Sacred Sword|p1b: Escavalier\n|-damage|p1b: Escavalier|0 fnt\n|faint|p1b: Escavalier\n|move|p2a: KIMARI|Sacred Sword|p1a: Porygon2\n|-supereffective|p1a: Porygon2\n|-damage|p1a: Porygon2|72\/100 slp\n|-curestatus|p1a: Porygon2|slp|[msg]\n|move|p1a: Porygon2|Trick Room|p1a: Porygon2\n|-fieldstart|move: Trick Room|[of] p1a: Porygon2\n|\n|-ability|p2b: BOB ROSS|Moody|boost\n|-boost|p2b: BOB ROSS|spe|2\n|-unboost|p2b: BOB ROSS|spa|1\n|upkeep\n|turn|17\n|\n|t:|1697678552\n|move|p1a: Porygon2|Foul Play|p2b: BOB ROSS\n|-damage|p2b: BOB ROSS|0 fnt\n|faint|p2b: BOB ROSS\n|move|p2a: KIMARI|Sacred Sword|p1a: Porygon2\n|-supereffective|p1a: Porygon2\n|-damage|p1a: Porygon2|45\/100\n|\n|upkeep\n|\n|t:|1697678554\n|switch|p2b: SQUOSHY|Zygarde, shiny|8\/100\n|-ability|p2b: SQUOSHY|Aura Break\n|turn|18\n|\n|t:|1697678565\n|-terastallize|p2b: SQUOSHY|Normal\n|move|p2b: SQUOSHY|Extreme Speed|p1a: Porygon2\n|-damage|p1a: Porygon2|29\/100\n|move|p1a: Porygon2|Recover|p1a: Porygon2\n|-heal|p1a: Porygon2|79\/100\n|move|p2a: KIMARI|Sacred Sword|p1a: Porygon2\n|-supereffective|p1a: Porygon2\n|-crit|p1a: Porygon2\n|-damage|p1a: Porygon2|36\/100\n|\n|upkeep\n|turn|19\n|\n|t:|1697678583\n|move|p2a: KIMARI|Protect|p2a: KIMARI\n|-singleturn|p2a: KIMARI|Protect\n|move|p2b: SQUOSHY|Extreme Speed|p1a: Porygon2\n|-damage|p1a: Porygon2|22\/100\n|move|p1a: Porygon2|Recover|p1a: Porygon2\n|-heal|p1a: Porygon2|72\/100\n|\n|upkeep\n|turn|20\n|\n|t:|1697678592\n|move|p2b: SQUOSHY|Protect|p2b: SQUOSHY\n|-singleturn|p2b: SQUOSHY|Protect\n|move|p1a: Porygon2|Foul Play|p2b: SQUOSHY\n|-activate|p2b: SQUOSHY|move: Protect\n|move|p2a: KIMARI|Sacred Sword|p1a: Porygon2\n|-supereffective|p1a: Porygon2\n|-damage|p1a: Porygon2|42\/100\n|\n|-fieldend|move: Trick Room\n|upkeep\n|turn|21\n|\n|t:|1697678604\n|move|p2a: KIMARI|Sacred Sword|p1a: Porygon2\n|-supereffective|p1a: Porygon2\n|-damage|p1a: Porygon2|13\/100\n|move|p2b: SQUOSHY|Thousand Arrows|p1a: Porygon2\n|-damage|p1a: Porygon2|0 fnt\n|faint|p1a: Porygon2\n|\n|win|Hatterene France\n|raw|Brick_Enjoyer_144's rating: 1153 &rarr; <strong>1124<\/strong><br \/>(-29 for losing)\n|raw|Hatterene France's rating: 1093 &rarr; <strong>1124<\/strong><br \/>(+31 for winning)\n|c|\u2606Hatterene France|gg\n","uploadtime":1697678610,"views":6,"p1id":"brickenjoyer144","p2id":"hatterenefrance","formatid":"gen9nationaldexdoubles","rating":1124,"private":0,"password":""}