{"id":"gen9nationaldexdoubles-1972602792","p1":"LakeyWakey","p2":"PawmotLover06","format":"[Gen 9] National Dex Doubles","log":"|j|\u2606LakeyWakey\n|j|\u2606PawmotLover06\n|t:|1697862847\n|gametype|doubles\n|player|p1|LakeyWakey|ingo|\n|player|p2|PawmotLover06|nemona-s|\n|teamsize|p1|6\n|teamsize|p2|6\n|gen|9\n|tier|[Gen 9] National Dex Doubles\n|rule|HP Percentage Mod: HP is shown in percentages\n|rule|Endless Battle Clause: Forcing endless battles is banned\n|rule|OHKO Clause: OHKO moves are banned\n|rule|Evasion Moves Clause: Evasion moves are banned\n|rule|Evasion Abilities Clause: Evasion abilities are banned\n|rule|Species Clause: Limit one of each Pok\u00e9mon\n|rule|Gravity Sleep Clause: The combination of sleep-inducing moves with imperfect accuracy and Gravity or Gigantamax Orbeetle are banned\n|clearpoke\n|poke|p1|Farigiraf, M|\n|poke|p1|Amoonguss, M|\n|poke|p1|Orthworm, F|\n|poke|p1|Sinistcha|\n|poke|p1|Heatran, M|\n|poke|p1|Slither Wing|\n|poke|p2|Slither Wing|\n|poke|p2|Pawmot, M|\n|poke|p2|Appletun, M|\n|poke|p2|Lycanroc, F|\n|poke|p2|Clodsire, M|\n|poke|p2|Bombirdier, F|\n|teampreview\n|\n|t:|1697862860\n|start\n|switch|p1a: silly :3|Farigiraf, M|100\/100\n|switch|p1b: sussy baka|Amoonguss, M, shiny|100\/100\n|switch|p2a: Bingus|Slither Wing|100\/100\n|switch|p2b: Nemona is gay|Appletun, M|100\/100\n|-enditem|p2a: Bingus|Booster Energy\n|-activate|p2a: Bingus|ability: Protosynthesis|[fromitem]\n|-start|p2a: Bingus|protosynthesisspd\n|turn|1\n|\n|t:|1697862881\n|move|p1b: sussy baka|Rage Powder|p1b: sussy baka\n|-singleturn|p1b: sussy baka|move: Rage Powder\n|move|p2a: Bingus|Leech Life|p1b: sussy baka\n|-damage|p1b: sussy baka|70\/100\n|-damage|p2a: Bingus|84\/100|[from] item: Rocky Helmet|[of] p1b: sussy baka\n|move|p2b: Nemona is gay|Leech Seed|p1b: sussy baka\n|-immune|p1b: sussy baka\n|move|p1a: silly :3|Trick Room|p1a: silly :3\n|-fieldstart|move: Trick Room|[of] p1a: silly :3\n|\n|upkeep\n|turn|2\n|\n|t:|1697862900\n|move|p1b: sussy baka|Toxic|p2a: Bingus\n|-status|p2a: Bingus|tox\n|move|p1a: silly :3|Nasty Plot|p1a: silly :3\n|-boost|p1a: silly :3|spa|2\n|move|p2a: Bingus|Dual Wingbeat|p1b: sussy baka\n|-supereffective|p1b: sussy baka\n|-damage|p1b: sussy baka|49\/100\n|-damage|p2a: Bingus|67\/100 tox|[from] item: Rocky Helmet|[of] p1b: sussy baka\n|-supereffective|p1b: sussy baka\n|-damage|p1b: sussy baka|30\/100\n|-damage|p2a: Bingus|51\/100 tox|[from] item: Rocky Helmet|[of] p1b: sussy baka\n|-hitcount|p1b: sussy baka|2\n|move|p2b: Nemona is gay|Dragon Tail|p1b: sussy baka\n|-damage|p1b: sussy baka|16\/100\n|-damage|p2b: Nemona is gay|84\/100|[from] item: Rocky Helmet|[of] p1b: sussy baka\n|drag|p1b: wormy|Orthworm, F|100\/100\n|\n|-heal|p2b: Nemona is gay|90\/100|[from] item: Leftovers\n|-damage|p2a: Bingus|45\/100 tox|[from] psn\n|upkeep\n|turn|3\n|\n|t:|1697862929\n|-terastallize|p1b: wormy|Electric\n|move|p2b: Nemona is gay|Leech Seed|p1b: wormy\n|-start|p1b: wormy|move: Leech Seed\n|move|p1a: silly :3|Nasty Plot|p1a: silly :3\n|-boost|p1a: silly :3|spa|2\n|move|p1b: wormy|Iron Defense|p1b: wormy\n|-boost|p1b: wormy|def|2\n|move|p2a: Bingus|Dual Wingbeat|p1a: silly :3\n|-damage|p1a: silly :3|88\/100\n|-damage|p1a: silly :3|77\/100\n|-hitcount|p1a: silly :3|2\n|\n|-heal|p2b: Nemona is gay|96\/100|[from] item: Leftovers\n|-damage|p1b: wormy|88\/100|[from] Leech Seed|[of] p2b: Nemona is gay\n|-heal|p2b: Nemona is gay|100\/100|[silent]\n|-damage|p2a: Bingus|32\/100 tox|[from] psn\n|upkeep\n|turn|4\n|\n|t:|1697862964\n|move|p2b: Nemona is gay|Apple Acid|p1a: silly :3\n|-damage|p1a: silly :3|48\/100\n|-unboost|p1a: silly :3|spd|1\n|move|p1a: silly :3|Dazzling Gleam|p2b: Nemona is gay|[spread] p2a,p2b\n|-supereffective|p2a: Bingus\n|-supereffective|p2b: Nemona is gay\n|-damage|p2a: Bingus|0 fnt\n|-damage|p2b: Nemona is gay|15\/100\n|faint|p2a: Bingus\n|-end|p2a: Bingus|Protosynthesis|[silent]\n|move|p1b: wormy|Iron Defense|p1b: wormy\n|-boost|p1b: wormy|def|2\n|\n|-heal|p2b: Nemona is gay|21\/100|[from] item: Leftovers\n|-damage|p1b: wormy|75\/100|[from] Leech Seed|[of] p2b: Nemona is gay\n|-heal|p2b: Nemona is gay|31\/100|[silent]\n|upkeep\n|\n|t:|1697862981\n|switch|p2a: BORKBORKBORKBORK|Lycanroc, F|100\/100\n|turn|5\n|\n|t:|1697862994\n|move|p1a: silly :3|Psychic|p2b: Nemona is gay\n|-damage|p2b: Nemona is gay|0 fnt\n|faint|p2b: Nemona is gay\n|move|p1b: wormy|Body Press|p2a: BORKBORKBORKBORK\n|-supereffective|p2a: BORKBORKBORKBORK\n|-damage|p2a: BORKBORKBORKBORK|0 fnt\n|faint|p2a: BORKBORKBORKBORK\n|-damage|p1b: wormy|66\/100|[from] item: Life Orb\n|\n|-fieldend|move: Trick Room\n|upkeep\n|\n|t:|1697863004\n|switch|p2a: Idk his name yet|Clodsire, M|100\/100\n|switch|p2b: N\u00edspero|Pawmot, M|100\/100\n|turn|6\n|\n|t:|1697863020\n|move|p2b: N\u00edspero|Revival Blessing|p2b: N\u00edspero\n|\n|t:|1697863024\n|-heal|p2: Nemona is gay|50\/100|[from] move: Revival Blessing\n|move|p1b: wormy|Iron Head|p2a: Idk his name yet\n|-damage|p2a: Idk his name yet|77\/100\n|-damage|p1b: wormy|56\/100|[from] item: Life Orb\n|cant|p2a: Idk his name yet|flinch\n|move|p1a: silly :3|Trick Room|p1a: silly :3\n|-fieldstart|move: Trick Room|[of] p1a: silly :3\n|\n|-heal|p2a: Idk his name yet|84\/100|[from] item: Black Sludge\n|-damage|p1b: wormy|43\/100|[from] Leech Seed|[of] p2b: N\u00edspero\n|upkeep\n|turn|7\n|\n|t:|1697863042\n|move|p2a: Idk his name yet|Earthquake|p1b: wormy|[spread] p2b,p1a\n|-heal|p1b: wormy|68\/100|[from] ability: Earth Eater|[of] p2a: Idk his name yet\n|-supereffective|p2b: N\u00edspero\n|-damage|p2b: N\u00edspero|46\/100\n|-damage|p1a: silly :3|27\/100\n|move|p1a: silly :3|Psychic|p2a: Idk his name yet\n|-supereffective|p2a: Idk his name yet\n|-damage|p2a: Idk his name yet|20\/100\n|move|p1b: wormy|Body Press|p2b: N\u00edspero\n|-damage|p2b: N\u00edspero|0 fnt\n|faint|p2b: N\u00edspero\n|-damage|p1b: wormy|58\/100|[from] item: Life Orb\n|\n|-heal|p2a: Idk his name yet|26\/100|[from] item: Black Sludge\n|upkeep\n|\n|t:|1697863056\n|switch|p2b: Nemona is gay|Appletun, M|50\/100\n|turn|8\n|\n|t:|1697863071\n|move|p2a: Idk his name yet|Recover|p2a: Idk his name yet\n|-heal|p2a: Idk his name yet|76\/100\n|move|p2b: Nemona is gay|Recover|p2b: Nemona is gay\n|-heal|p2b: Nemona is gay|100\/100\n|move|p1a: silly :3|Dazzling Gleam|p2a: Idk his name yet|[spread] p2a,p2b\n|-resisted|p2a: Idk his name yet\n|-supereffective|p2b: Nemona is gay\n|-damage|p2a: Idk his name yet|69\/100\n|-damage|p2b: Nemona is gay|8\/100\n|move|p1b: wormy|Iron Head|p2a: Idk his name yet\n|-damage|p2a: Idk his name yet|44\/100\n|-damage|p1b: wormy|48\/100|[from] item: Life Orb\n|\n|-heal|p2a: Idk his name yet|51\/100|[from] item: Black Sludge\n|-heal|p2b: Nemona is gay|14\/100|[from] item: Leftovers\n|-damage|p1b: wormy|36\/100|[from] Leech Seed|[of] p2b: Nemona is gay\n|-heal|p2b: Nemona is gay|24\/100|[silent]\n|upkeep\n|turn|9\n|\n|t:|1697863096\n|move|p2a: Idk his name yet|Iron Head|p1a: silly :3\n|-damage|p1a: silly :3|11\/100\n|move|p2b: Nemona is gay|Recover|p2b: Nemona is gay\n|-heal|p2b: Nemona is gay|74\/100\n|cant|p1a: silly :3|flinch\n|move|p1b: wormy|Iron Head|p2b: Nemona is gay\n|-damage|p2b: Nemona is gay|46\/100\n|-damage|p1b: wormy|26\/100|[from] item: Life Orb\n|\n|-heal|p2a: Idk his name yet|57\/100|[from] item: Black Sludge\n|-heal|p2b: Nemona is gay|52\/100|[from] item: Leftovers\n|-damage|p1b: wormy|14\/100|[from] Leech Seed|[of] p2b: Nemona is gay\n|-heal|p2b: Nemona is gay|62\/100|[silent]\n|upkeep\n|turn|10\n|\n|t:|1697863116\n|switch|p1b: teatime!|Sinistcha, shiny|100\/100\n|-heal|p1a: silly :3|36\/100|[from] ability: Hospitality|[of] p1b: teatime!\n|move|p2a: Idk his name yet|Iron Head|p1a: silly :3\n|-damage|p1a: silly :3|22\/100\n|move|p2b: Nemona is gay|Recover|p2b: Nemona is gay\n|-heal|p2b: Nemona is gay|100\/100\n|move|p1a: silly :3|Dazzling Gleam|p2b: Nemona is gay|[spread] p2a,p2b\n|-resisted|p2a: Idk his name yet\n|-supereffective|p2b: Nemona is gay\n|-damage|p2a: Idk his name yet|50\/100\n|-damage|p2b: Nemona is gay|17\/100\n|\n|-heal|p2a: Idk his name yet|56\/100|[from] item: Black Sludge\n|-heal|p2b: Nemona is gay|23\/100|[from] item: Leftovers\n|-fieldend|move: Trick Room\n|upkeep\n|turn|11\n|\n|t:|1697863144\n|move|p1b: teatime!|Scald|p2a: Idk his name yet\n|-supereffective|p2a: Idk his name yet\n|-damage|p2a: Idk his name yet|16\/100\n|move|p2b: Nemona is gay|Recover|p2b: Nemona is gay\n|-heal|p2b: Nemona is gay|73\/100\n|move|p2a: Idk his name yet|Earthquake|p1b: teatime!|[spread] p2b,p1a,p1b\n|-resisted|p2b: Nemona is gay\n|-resisted|p1b: teatime!\n|-damage|p2b: Nemona is gay|64\/100\n|-damage|p1a: silly :3|1\/100\n|-damage|p1b: teatime!|90\/100\n|move|p1a: silly :3|Trick Room|p1a: silly :3\n|-fieldstart|move: Trick Room|[of] p1a: silly :3\n|\n|-heal|p2a: Idk his name yet|22\/100|[from] item: Black Sludge\n|-heal|p2b: Nemona is gay|70\/100|[from] item: Leftovers\n|-heal|p1b: teatime!|96\/100|[from] item: Leftovers\n|upkeep\n|turn|12\n|\n|t:|1697863162\n|move|p2a: Idk his name yet|Recover|p2a: Idk his name yet\n|-heal|p2a: Idk his name yet|72\/100\n|move|p2b: Nemona is gay|Recover|p2b: Nemona is gay\n|-heal|p2b: Nemona is gay|100\/100\n|move|p1a: silly :3|Dazzling Gleam|p2a: Idk his name yet|[spread] p2a,p2b\n|-resisted|p2a: Idk his name yet\n|-supereffective|p2b: Nemona is gay\n|-damage|p2a: Idk his name yet|65\/100\n|-damage|p2b: Nemona is gay|18\/100\n|move|p1b: teatime!|Shadow Ball|p2b: Nemona is gay\n|-damage|p2b: Nemona is gay|0 fnt\n|faint|p2b: Nemona is gay\n|\n|-heal|p2a: Idk his name yet|71\/100|[from] item: Black Sludge\n|-heal|p1b: teatime!|100\/100|[from] item: Leftovers\n|upkeep\n|\n|t:|1697863176\n|switch|p2b: Caw caw bitch|Bombirdier, F|100\/100\n|turn|13\n|\n|t:|1697863189\n|-terastallize|p2b: Caw caw bitch|Rock\n|move|p2a: Idk his name yet|Earthquake|p1b: teatime!|[spread] p2b,p1a,p1b\n|-supereffective|p2b: Caw caw bitch\n|-resisted|p1b: teatime!\n|-damage|p2b: Caw caw bitch|55\/100\n|-damage|p1a: silly :3|0 fnt\n|-damage|p1b: teatime!|90\/100\n|faint|p1a: silly :3\n|move|p1b: teatime!|Scald|p2a: Idk his name yet\n|-supereffective|p2a: Idk his name yet\n|-damage|p2a: Idk his name yet|27\/100\n|move|p2b: Caw caw bitch|Stone Edge|p1b: teatime!\n|-damage|p1b: teatime!|13\/100\n|\n|-heal|p2a: Idk his name yet|33\/100|[from] item: Black Sludge\n|-heal|p1b: teatime!|19\/100|[from] item: Leftovers\n|upkeep\n|\n|t:|1697863204\n|switch|p1a: Bingus|Slither Wing|100\/100\n|-enditem|p1a: Bingus|Booster Energy\n|-activate|p1a: Bingus|ability: Protosynthesis|[fromitem]\n|-start|p1a: Bingus|protosynthesisatk\n|turn|14\n|\n|t:|1697863216\n|move|p1a: Bingus|First Impression|p2b: Caw caw bitch\n|-crit|p2b: Caw caw bitch\n|-damage|p2b: Caw caw bitch|0 fnt\n|faint|p2b: Caw caw bitch\n|move|p2a: Idk his name yet|Recover|p2a: Idk his name yet\n|-heal|p2a: Idk his name yet|83\/100\n|move|p1b: teatime!|Scald|p2a: Idk his name yet\n|-supereffective|p2a: Idk his name yet\n|-damage|p2a: Idk his name yet|40\/100\n|\n|-heal|p2a: Idk his name yet|47\/100|[from] item: Black Sludge\n|-heal|p1b: teatime!|25\/100|[from] item: Leftovers\n|upkeep\n|turn|15\n|\n|t:|1697863232\n|move|p2a: Idk his name yet|Iron Head|p1a: Bingus\n|-damage|p1a: Bingus|83\/100\n|move|p1b: teatime!|Scald|p2a: Idk his name yet\n|-supereffective|p2a: Idk his name yet\n|-damage|p2a: Idk his name yet|7\/100\n|-status|p2a: Idk his name yet|brn\n|move|p1a: Bingus|Zen Headbutt|p2a: Idk his name yet\n|-supereffective|p2a: Idk his name yet\n|-damage|p2a: Idk his name yet|0 fnt\n|faint|p2a: Idk his name yet\n|\n|win|LakeyWakey\n|l|\u2606PawmotLover06\n","uploadtime":1697863246,"views":9,"p1id":"lakeywakey","p2id":"pawmotlover06","formatid":"gen9nationaldexdoubles","rating":0,"private":0,"password":""}