{"id":"gen9nationaldexdoubles-1993098391","p1":"cassndra","p2":"abysmal_reality","format":"[Gen 9] National Dex Doubles","log":"|j|\u2606cassndra\n|j|\u2606abysmal_reality\n|t:|1700264546\n|gametype|doubles\n|player|p1|cassndra|lisia|\n|player|p2|abysmal_reality|2|\n|teamsize|p1|6\n|teamsize|p2|6\n|gen|9\n|tier|[Gen 9] National Dex Doubles\n|rule|HP Percentage Mod: HP is shown in percentages\n|rule|Endless Battle Clause: Forcing endless battles is banned\n|rule|OHKO Clause: OHKO moves are banned\n|rule|Evasion Moves Clause: Evasion moves are banned\n|rule|Evasion Abilities Clause: Evasion abilities are banned\n|rule|Species Clause: Limit one of each Pok\u00e9mon\n|rule|Gravity Sleep Clause: The combination of sleep-inducing moves with imperfect accuracy and Gravity or Gigantamax Orbeetle are banned\n|clearpoke\n|poke|p1|Pelipper, F|\n|poke|p1|Zapdos|\n|poke|p1|Keldeo-Resolute|\n|poke|p1|Milotic, F|\n|poke|p1|Ogerpon-Wellspring, F|\n|poke|p1|Gastrodon, F|\n|poke|p2|Iron Valiant|\n|poke|p2|Baxcalibur, M|\n|poke|p2|Tapu Lele|\n|poke|p2|Zamazenta-*|\n|poke|p2|Volcarona, M|\n|poke|p2|Ursaluna-Bloodmoon, M|\n|teampreview\n|c|\u2606cassndra|glhf\n|c|\u2606abysmal_reality|glhf\n|c|\u2606abysmal_reality|I have the dumbest Bax set for this lol\n|\n|t:|1700264597\n|start\n|switch|p1a: The Postal Service|Pelipper, F|100\/100\n|switch|p1b: Cal Falcons|Zapdos|100\/100\n|switch|p2a: Baxcalibur|Baxcalibur, M|100\/100\n|switch|p2b: Zamazenta|Zamazenta|100\/100\n|-ability|p2b: Zamazenta|Dauntless Shield|boost\n|-boost|p2b: Zamazenta|def|1\n|-weather|RainDance|[from] ability: Drizzle|[of] p1a: The Postal Service\n|turn|1\n|c|\u2606cassndra|lol my gym makes dumb sets common af dont even worry\n|\n|t:|1700264615\n|move|p2b: Zamazenta|Wild Charge|p1a: The Postal Service\n|-supereffective|p1a: The Postal Service\n|-damage|p1a: The Postal Service|0 fnt\n|faint|p1a: The Postal Service\n|-damage|p2b: Zamazenta|80\/100|[from] Recoil\n|move|p1b: Cal Falcons|Thunder|p2a: Baxcalibur\n|-resisted|p2a: Baxcalibur\n|-damage|p2a: Baxcalibur|71\/100\n|move|p2a: Baxcalibur|Snowscape|p2a: Baxcalibur\n|-weather|Snow\n|\n|-weather|Snow|[upkeep]\n|-heal|p2a: Baxcalibur|78\/100|[from] ability: Ice Body\n|-heal|p2a: Baxcalibur|84\/100|[from] item: Leftovers\n|upkeep\n|\n|t:|1700264629\n|switch|p1a: Kiki|Ogerpon-Wellspring, F|100\/100\n|turn|2\n|\n|t:|1700264658\n|move|p1a: Kiki|Play Rough|p2a: Baxcalibur\n|-supereffective|p2a: Baxcalibur\n|-damage|p2a: Baxcalibur|46\/100\n|move|p2b: Zamazenta|Trailblaze|p1a: Kiki\n|-damage|p1a: Kiki|77\/100\n|-boost|p2b: Zamazenta|spe|1\n|move|p1b: Cal Falcons|Hurricane|p2b: Zamazenta\n|-supereffective|p2b: Zamazenta\n|-damage|p2b: Zamazenta|13\/100\n|move|p2a: Baxcalibur|Freeze-Dry|p1a: Kiki\n|-supereffective|p1a: Kiki\n|-damage|p1a: Kiki|0 fnt\n|faint|p1a: Kiki\n|\n|-weather|Snow|[upkeep]\n|-heal|p2a: Baxcalibur|52\/100|[from] ability: Ice Body\n|-heal|p2a: Baxcalibur|59\/100|[from] item: Leftovers\n|upkeep\n|c|\u2606abysmal_reality|yep\n|c|\u2606abysmal_reality|snow scape ice body leftovers freeze dry lmao\n|\n|t:|1700264688\n|switch|p1a: Kunik|Keldeo-Resolute|100\/100\n|turn|3\n|c|\u2606cassndra|skull emoji\n|c|\u2606abysmal_reality|I was gonna run specs but the rest of my team is already offensive lmaoooo\n|\n|t:|1700264719\n|move|p2a: Baxcalibur|Protect|p2a: Baxcalibur\n|-singleturn|p2a: Baxcalibur|Protect\n|move|p2b: Zamazenta|Wild Charge|p1a: Kunik\n|-supereffective|p1a: Kunik\n|-damage|p1a: Kunik|26\/100\n|-damage|p2b: Zamazenta|0 fnt|[from] Recoil\n|faint|p2b: Zamazenta\n|move|p1a: Kunik|Secret Sword|p2a: Baxcalibur\n|-activate|p2a: Baxcalibur|move: Protect\n|move|p1b: Cal Falcons|Hurricane|p2a: Baxcalibur\n|-activate|p2a: Baxcalibur|move: Protect\n|\n|-weather|Snow|[upkeep]\n|-heal|p2a: Baxcalibur|65\/100|[from] ability: Ice Body\n|-heal|p2a: Baxcalibur|71\/100|[from] item: Leftovers\n|upkeep\n|\n|t:|1700264736\n|switch|p2b: Ursaluna|Ursaluna-Bloodmoon, M|100\/100\n|turn|4\n|\n|t:|1700264754\n|move|p1a: Kunik|Hydro Pump|p2b: Ursaluna\n|-supereffective|p2b: Ursaluna\n|-damage|p2b: Ursaluna|24\/100\n|move|p1b: Cal Falcons|Hurricane|p2a: Baxcalibur\n|-damage|p2a: Baxcalibur|14\/100\n|move|p2a: Baxcalibur|Freeze-Dry|p1a: Kunik\n|-supereffective|p1a: Kunik\n|-damage|p1a: Kunik|0 fnt\n|faint|p1a: Kunik\n|move|p2b: Ursaluna|Blood Moon|p1b: Cal Falcons\n|-damage|p1b: Cal Falcons|24\/100\n|\n|-weather|Snow|[upkeep]\n|-heal|p2a: Baxcalibur|21\/100|[from] ability: Ice Body\n|-heal|p2a: Baxcalibur|27\/100|[from] item: Leftovers\n|upkeep\n|c|\u2606abysmal_reality|Dang I didn't know blood moon had a new animation too\n|\n|t:|1700264775\n|switch|p1a: Millie|Milotic, F|100\/100\n|turn|5\n|\n|t:|1700264787\n|move|p2a: Baxcalibur|Protect|p2a: Baxcalibur\n|-singleturn|p2a: Baxcalibur|Protect\n|move|p2b: Ursaluna|Vacuum Wave|p1a: Millie\n|-damage|p1a: Millie|89\/100\n|move|p1b: Cal Falcons|Hurricane|p2a: Baxcalibur\n|-activate|p2a: Baxcalibur|move: Protect\n|move|p1a: Millie|Draining Kiss|p2a: Baxcalibur\n|-activate|p2a: Baxcalibur|move: Protect\n|\n|-weather|none\n|-heal|p2a: Baxcalibur|33\/100|[from] item: Leftovers\n|-heal|p1a: Millie|95\/100|[from] item: Leftovers\n|upkeep\n|turn|6\n|c|\u2606cassndra|yeah blood moon and moonblast got new anims\n|c|\u2606cassndra|sick as hell\n|c|\u2606abysmal_reality|yup\n|\n|t:|1700264816\n|move|p2a: Baxcalibur|Protect||[still]\n|-fail|p2a: Baxcalibur\n|move|p1b: Cal Falcons|Hurricane|p2b: Ursaluna\n|-damage|p2b: Ursaluna|0 fnt\n|faint|p2b: Ursaluna\n|move|p1a: Millie|Draining Kiss|p2a: Baxcalibur\n|-supereffective|p2a: Baxcalibur\n|-damage|p2a: Baxcalibur|14\/100\n|-heal|p1a: Millie|100\/100|[from] drain|[of] p2a: Baxcalibur\n|\n|-heal|p2a: Baxcalibur|20\/100|[from] item: Leftovers\n|upkeep\n|\n|t:|1700264827\n|switch|p2b: Tapu Lele|Tapu Lele|100\/100\n|-fieldstart|move: Psychic Terrain|[from] ability: Psychic Surge|[of] p2b: Tapu Lele\n|turn|7\n|c|\u2606cassndra|at this point if i take out bax i'm happy\n|\n|t:|1700264856\n|move|p1a: Millie|Protect|p1a: Millie\n|-singleturn|p1a: Millie|Protect\n|move|p2b: Tapu Lele|Energy Ball|p1a: Millie\n|-activate|p1a: Millie|move: Protect\n|move|p1b: Cal Falcons|Hurricane|p2a: Baxcalibur\n|-damage|p2a: Baxcalibur|0 fnt\n|faint|p2a: Baxcalibur\n|\n|upkeep\n|c|\u2606abysmal_reality|Fair enough lol\n|\n|t:|1700264865\n|switch|p2a: Volcarona|Volcarona, M|100\/100\n|turn|8\n|c|\u2606cassndra|huge if true\n|\n|t:|1700264890\n|move|p1a: Millie|Protect|p1a: Millie\n|-singleturn|p1a: Millie|Protect\n|move|p2b: Tapu Lele|Energy Ball|p1b: Cal Falcons\n|-resisted|p1b: Cal Falcons\n|-damage|p1b: Cal Falcons|9\/100\n|move|p2a: Volcarona|Quiver Dance|p2a: Volcarona\n|-boost|p2a: Volcarona|spa|1\n|-boost|p2a: Volcarona|spd|1\n|-boost|p2a: Volcarona|spe|1\n|move|p1b: Cal Falcons|Hurricane|p2b: Tapu Lele\n|-damage|p2b: Tapu Lele|33\/100\n|-start|p2b: Tapu Lele|confusion\n|\n|upkeep\n|turn|9\n|c|\u2606abysmal_reality|damn\n|\n|t:|1700264918\n|-activate|p2b: Tapu Lele|confusion\n|move|p2b: Tapu Lele|Energy Ball|p1b: Cal Falcons\n|-resisted|p1b: Cal Falcons\n|-damage|p1b: Cal Falcons|0 fnt\n|faint|p1b: Cal Falcons\n|move|p2a: Volcarona|Giga Drain|p1a: Millie\n|-supereffective|p1a: Millie\n|-crit|p1a: Millie\n|-damage|p1a: Millie|11\/100\n|move|p1a: Millie|Scald|p2a: Volcarona\n|-supereffective|p2a: Volcarona\n|-enditem|p2a: Volcarona|Passho Berry|[eat]\n|-enditem|p2a: Volcarona|Passho Berry|[weaken]\n|-damage|p2a: Volcarona|81\/100\n|\n|-heal|p1a: Millie|17\/100|[from] item: Leftovers\n|upkeep\n|\n|t:|1700264931\n|switch|p1b: Friend :3|Gastrodon, F|100\/100\n|turn|10\n|\n|t:|1700264947\n|-activate|p2b: Tapu Lele|confusion\n|-damage|p2b: Tapu Lele|24\/100|[from] confusion\n|move|p2a: Volcarona|Giga Drain|p1b: Friend :3\n|-supereffective|p1b: Friend :3\n|-enditem|p1b: Friend :3|Focus Sash\n|-damage|p1b: Friend :3|1\/100\n|-heal|p2a: Volcarona|100\/100|[from] drain|[of] p1b: Friend :3\n|move|p1a: Millie|Scald|p1b: Friend :3\n|-activate|p1b: Friend :3|ability: Storm Drain\n|-ability|p1b: Friend :3|Storm Drain|boost\n|-boost|p1b: Friend :3|spa|1\n|move|p1b: Friend :3|Earth Power|p2b: Tapu Lele\n|-damage|p2b: Tapu Lele|0 fnt\n|faint|p2b: Tapu Lele\n|\n|-heal|p1a: Millie|23\/100|[from] item: Leftovers\n|upkeep\n|c|\u2606abysmal_reality|woah\n|\n|t:|1700264961\n|switch|p2b: Iron Valiant|Iron Valiant|100\/100\n|-enditem|p2b: Iron Valiant|Booster Energy\n|-activate|p2b: Iron Valiant|ability: Quark Drive|[fromitem]\n|-start|p2b: Iron Valiant|quarkdrivespe\n|turn|11\n|\n|t:|1700264971\n|move|p2b: Iron Valiant|Protect|p2b: Iron Valiant\n|-singleturn|p2b: Iron Valiant|Protect\n|move|p1a: Millie|Protect|p1a: Millie\n|-singleturn|p1a: Millie|Protect\n|move|p1b: Friend :3|Protect|p1b: Friend :3\n|-singleturn|p1b: Friend :3|Protect\n|move|p2a: Volcarona|Struggle Bug|p1b: Friend :3|[spread] \n|-activate|p1a: Millie|move: Protect\n|-activate|p1b: Friend :3|move: Protect\n|\n|-heal|p1a: Millie|29\/100|[from] item: Leftovers\n|-fieldend|move: Psychic Terrain\n|upkeep\n|turn|12\n|c|\u2606cassndra|LOL almost hit the quatro\n|c|\u2606abysmal_reality|lmao\n|\n|t:|1700265003\n|move|p2b: Iron Valiant|Thunderbolt|p1a: Millie\n|-supereffective|p1a: Millie\n|-damage|p1a: Millie|0 fnt\n|faint|p1a: Millie\n|move|p2a: Volcarona|Struggle Bug|p1b: Friend :3\n|-damage|p1b: Friend :3|0 fnt\n|faint|p1b: Friend :3\n|\n|win|abysmal_reality\n|c|\u2606cassndra|ggs!\n|c|\u2606abysmal_reality|gg\n|c|\u2606cassndra|congrats on the badge\n","uploadtime":1700265015,"views":6,"p1id":"cassndra","p2id":"abysmalreality","formatid":"gen9nationaldexdoubles","rating":0,"private":0,"password":""}