{"id":"gen9nationaldexdoubles-1962609256","p1":"Arcrey56","p2":"fumbari 24","format":"[Gen 9] National Dex Doubles","log":"|j|\u2606Arcrey56\n|j|\u2606fumbari 24\n|t:|1696774217\n|gametype|doubles\n|player|p1|Arcrey56|ethan|1130\n|player|p2|fumbari 24|266|1348\n|teamsize|p1|6\n|teamsize|p2|6\n|gen|9\n|tier|[Gen 9] National Dex Doubles\n|rated|\n|rule|HP Percentage Mod: HP is shown in percentages\n|rule|Endless Battle Clause: Forcing endless battles is banned\n|rule|OHKO Clause: OHKO moves are banned\n|rule|Evasion Moves Clause: Evasion moves are banned\n|rule|Evasion Abilities Clause: Evasion abilities are banned\n|rule|Species Clause: Limit one of each Pok\u00e9mon\n|rule|Gravity Sleep Clause: The combination of sleep-inducing moves with imperfect accuracy and Gravity or Gigantamax Orbeetle are banned\n|clearpoke\n|poke|p1|Metagross|\n|poke|p1|Kartana|\n|poke|p1|Gholdengo|\n|poke|p1|Lucario, F|\n|poke|p1|Kingambit, F|\n|poke|p1|Goodra-Hisui, M|\n|poke|p2|Kommo-o, M|\n|poke|p2|Clefairy, F|\n|poke|p2|Volcanion|\n|poke|p2|Sinistcha|\n|poke|p2|Gardevoir, F|\n|poke|p2|Gallade, M|\n|teampreview\n|\n|t:|1696774232\n|start\n|switch|p1a: Kartana|Kartana|100\/100\n|switch|p1b: Gholdengo|Gholdengo|100\/100\n|switch|p2a: ChunJu|Volcanion|100\/100\n|switch|p2b: Longyuan|Gallade, M|100\/100\n|turn|1\n|inactive|Battle timer is ON: inactive players will automatically lose when time's up. (requested by Arcrey56)\n|inactive|Arcrey56 has 120 seconds left.\n|\n|t:|1696774271\n|move|p2b: Longyuan|Wide Guard|p2b: Longyuan\n|-singleturn|p2b: Longyuan|Wide Guard\n|move|p1a: Kartana|X-Scissor|p2b: Longyuan\n|-damage|p2b: Longyuan|44\/100\n|move|p1b: Gholdengo|Thunderbolt|p2a: ChunJu\n|-supereffective|p2a: ChunJu\n|-damage|p2a: ChunJu|3\/100\n|move|p2a: ChunJu|Heat Wave|p1b: Gholdengo|[spread] p1a,p1b\n|-supereffective|p1a: Kartana\n|-supereffective|p1b: Gholdengo\n|-damage|p1a: Kartana|0 fnt\n|-damage|p1b: Gholdengo|16\/100\n|faint|p1a: Kartana\n|\n|-heal|p2a: ChunJu|9\/100|[from] item: Leftovers\n|upkeep\n|\n|t:|1696774288\n|switch|p1a: Kingambit|Kingambit, F|100\/100\n|turn|2\n|\n|t:|1696774304\n|move|p2b: Longyuan|Quick Guard|p2b: Longyuan\n|-singleturn|p2b: Longyuan|Quick Guard\n|move|p1a: Kingambit|Sucker Punch|p2a: ChunJu\n|-activate|p2a: ChunJu|move: Quick Guard\n|move|p1b: Gholdengo|Thunderbolt|p2b: Longyuan\n|-damage|p2b: Longyuan|0 fnt\n|faint|p2b: Longyuan\n|move|p2a: ChunJu|Heat Wave|p1b: Gholdengo|[spread] p1a,p1b\n|-supereffective|p1a: Kingambit\n|-supereffective|p1b: Gholdengo\n|-damage|p1a: Kingambit|41\/100\n|-damage|p1b: Gholdengo|0 fnt\n|faint|p1b: Gholdengo\n|\n|-heal|p2a: ChunJu|15\/100|[from] item: Leftovers\n|upkeep\n|\n|t:|1696774329\n|switch|p1b: Lucario|Lucario, F|100\/100\n|switch|p2b: Jin|Sinistcha|100\/100\n|-heal|p2a: ChunJu|40\/100|[from] ability: Hospitality|[of] p2b: Jin\n|turn|3\n|\n|t:|1696774351\n|move|p2b: Jin|Rage Powder|p2b: Jin\n|-singleturn|p2b: Jin|move: Rage Powder\n|move|p1a: Kingambit|Sucker Punch||[still]\n|-fail|p1a: Kingambit\n|move|p1b: Lucario|Blaze Kick|p2b: Jin\n|-supereffective|p2b: Jin\n|-damage|p2b: Jin|53\/100\n|move|p2a: ChunJu|Heat Wave|p1b: Lucario|[spread] p1a,p1b\n|-supereffective|p1a: Kingambit\n|-supereffective|p1b: Lucario\n|-damage|p1a: Kingambit|0 fnt\n|-damage|p1b: Lucario|0 fnt\n|faint|p1a: Kingambit\n|faint|p1b: Lucario\n|\n|-heal|p2a: ChunJu|46\/100|[from] item: Leftovers\n|upkeep\n|\n|t:|1696774367\n|switch|p1b: Goodra|Goodra-Hisui, M|100\/100\n|switch|p1a: Metagross|Metagross|100\/100\n|turn|4\n|inactive|Arcrey56 has 120 seconds left.\n|\n|t:|1696774400\n|detailschange|p1a: Metagross|Metagross-Mega\n|-mega|p1a: Metagross|Metagross|Metagrossite\n|-terastallize|p2a: ChunJu|Ground\n|-terastallize|p1b: Goodra|Steel\n|move|p2b: Jin|Rage Powder|p2b: Jin\n|-singleturn|p2b: Jin|move: Rage Powder\n|move|p1a: Metagross|Meteor Mash|p2b: Jin\n|-damage|p2b: Jin|0 fnt\n|faint|p2b: Jin\n|move|p2a: ChunJu|Heat Wave|p1b: Goodra|[spread] p1a,p1b\n|-supereffective|p1a: Metagross\n|-supereffective|p1b: Goodra\n|-damage|p1a: Metagross|33\/100\n|-damage|p1b: Goodra|42\/100\n|move|p1b: Goodra|Draco Meteor|p2a: ChunJu\n|-damage|p2a: ChunJu|0 fnt\n|-unboost|p1b: Goodra|spa|2\n|faint|p2a: ChunJu\n|\n|-heal|p1b: Goodra|48\/100|[from] item: Leftovers\n|upkeep\n|inactive|fumbari 24 has 120 seconds left.\n|\n|t:|1696774418\n|switch|p2a: Yohken|Kommo-o, M|100\/100\n|switch|p2b: Taia|Clefairy, F|100\/100\n|turn|5\n|\n|t:|1696774442\n|move|p2b: Taia|Helping Hand|p2a: Yohken\n|-singleturn|p2a: Yohken|Helping Hand|[of] p2b: Taia\n|move|p1a: Metagross|Meteor Mash|p2b: Taia\n|-supereffective|p2b: Taia\n|-damage|p2b: Taia|0 fnt\n|faint|p2b: Taia\n|-zpower|p2a: Yohken\n|move|p2a: Yohken|Clangorous Soulblaze|p1a: Metagross|[zeffect]|[spread] p1a,p1b\n|-resisted|p1a: Metagross\n|-resisted|p1b: Goodra\n|-damage|p1a: Metagross|0 fnt\n|-damage|p1b: Goodra|11\/100\n|faint|p1a: Metagross\n|-boost|p2a: Yohken|atk|1\n|-boost|p2a: Yohken|def|1\n|-boost|p2a: Yohken|spa|1\n|-boost|p2a: Yohken|spd|1\n|-boost|p2a: Yohken|spe|1\n|move|p1b: Goodra|Draco Meteor|p2a: Yohken|[miss]\n|-miss|p1b: Goodra|p2a: Yohken\n|\n|-heal|p1b: Goodra|17\/100|[from] item: Leftovers\n|upkeep\n|\n|t:|1696774463\n|switch|p2b: Mo Ye|Gardevoir, F|100\/100\n|-ability|p2b: Mo Ye|Gooey|[from] ability: Trace|[of] p1b: Goodra\n|turn|6\n|\n|t:|1696774476\n|detailschange|p2b: Mo Ye|Gardevoir-Mega, F\n|-mega|p2b: Mo Ye|Gardevoir|Gardevoirite\n|move|p2a: Yohken|Clanging Scales|p1b: Goodra\n|-resisted|p1b: Goodra\n|-damage|p1b: Goodra|0 fnt\n|faint|p1b: Goodra\n|\n|win|fumbari 24\n|raw|Arcrey56's rating: 1130 &rarr; <strong>1119<\/strong><br \/>(-11 for losing)\n|raw|fumbari 24's rating: 1348 &rarr; <strong>1357<\/strong><br \/>(+9 for winning)\n|l|\u2606Arcrey56\n","uploadtime":1696774507,"views":8,"p1id":"arcrey56","p2id":"fumbari24","formatid":"gen9nationaldexdoubles","rating":1119,"private":0,"password":""}