{"id":"gen9nationaldexdoubles-1958233871","p1":"Christheboss90","p2":"Not McBruh","format":"[Gen 9] National Dex Doubles","log":"|j|\u2606Christheboss90\n|j|\u2606Not McBruh\n|t:|1696300840\n|gametype|doubles\n|player|p1|Christheboss90|red|1145\n|player|p2|Not McBruh|colress|1436\n|teamsize|p1|6\n|teamsize|p2|6\n|gen|9\n|tier|[Gen 9] National Dex Doubles\n|rated|\n|rule|HP Percentage Mod: HP is shown in percentages\n|rule|Endless Battle Clause: Forcing endless battles is banned\n|rule|OHKO Clause: OHKO moves are banned\n|rule|Evasion Moves Clause: Evasion moves are banned\n|rule|Evasion Abilities Clause: Evasion abilities are banned\n|rule|Species Clause: Limit one of each Pok\u00e9mon\n|rule|Gravity Sleep Clause: The combination of sleep-inducing moves with imperfect accuracy and Gravity or Gigantamax Orbeetle are banned\n|clearpoke\n|poke|p1|Medicham, F|\n|poke|p1|Rapidash-Galar, F|\n|poke|p1|Regieleki|\n|poke|p1|Raichu-Alola, M|\n|poke|p1|Regigigas|\n|poke|p1|Zarude|\n|poke|p2|Mimikyu, M|\n|poke|p2|Kommo-o, M|\n|poke|p2|Indeedee-F, F|\n|poke|p2|Cresselia, F|\n|poke|p2|Rillaboom, M|\n|poke|p2|Flutter Mane|\n|teampreview\n|c|\u2606Not McBruh|glhf\n|inactive|Battle timer is ON: inactive players will automatically lose when time's up. (requested by Christheboss90)\n|\n|t:|1696300861\n|start\n|switch|p1a: Medicham|Medicham, F, shiny|100\/100\n|switch|p1b: RegiGG's|Regigigas, shiny|100\/100\n|switch|p2a: Sean|Mimikyu, M|100\/100\n|switch|p2b: Jonathan|Rillaboom, M|100\/100\n|-start|p1b: RegiGG's|ability: Slow Start\n|-fieldstart|move: Grassy Terrain|[from] ability: Grassy Surge|[of] p2b: Jonathan\n|turn|1\n|\n|t:|1696300877\n|detailschange|p1a: Medicham|Medicham-Mega, F, shiny\n|-mega|p1a: Medicham|Medicham|Medichamite\n|move|p2b: Jonathan|Fake Out|p1a: Medicham\n|-damage|p1a: Medicham|82\/100\n|move|p2a: Sean|Will-O-Wisp|p1b: RegiGG's\n|-status|p1b: RegiGG's|brn\n|cant|p1a: Medicham|flinch\n|move|p1b: RegiGG's|Darkest Lariat|p2a: Sean\n|-activate|p2a: Sean|ability: Disguise\n|-damage|p2a: Sean|100\/100\n|detailschange|p2a: Sean|Mimikyu-Busted, M\n|-damage|p2a: Sean|88\/100|[from] pokemon: Mimikyu-Busted\n|\n|-heal|p2a: Sean|94\/100|[from] Grassy Terrain\n|-heal|p1a: Medicham|89\/100|[from] Grassy Terrain\n|-damage|p1b: RegiGG's|94\/100 brn|[from] brn\n|upkeep\n|turn|2\n|j| RedCalamari\n|\n|t:|1696300898\n|move|p2a: Sean|Play Rough|p1a: Medicham\n|-supereffective|p1a: Medicham\n|-damage|p1a: Medicham|27\/100\n|move|p1a: Medicham|Skill Swap|p1b: RegiGG's\n|-activate|p1a: Medicham|move: Skill Swap|||[of] p1b: RegiGG's\n|-end|p1b: RegiGG's|Slow Start|[silent]\n|-start|p1a: Medicham|ability: Slow Start\n|move|p1b: RegiGG's|Ice Punch|p2b: Jonathan\n|-supereffective|p2b: Jonathan\n|-damage|p2b: Jonathan|34\/100\n|move|p2b: Jonathan|Knock Off|p1b: RegiGG's\n|-damage|p1b: RegiGG's|61\/100 brn\n|-enditem|p1b: RegiGG's|Leftovers|[from] move: Knock Off|[of] p2b: Jonathan\n|\n|-heal|p2a: Sean|99\/100|[from] Grassy Terrain\n|-heal|p1b: RegiGG's|67\/100 brn|[from] Grassy Terrain\n|-heal|p2b: Jonathan|40\/100|[from] Grassy Terrain\n|-heal|p1a: Medicham|33\/100|[from] Grassy Terrain\n|-damage|p1b: RegiGG's|61\/100 brn|[from] brn\n|upkeep\n|turn|3\n|c| RedCalamari|:)\n|\n|t:|1696300918\n|switch|p2b: Mary|Cresselia, F|100\/100\n|-end|p1a: Medicham|Slow Start|[silent]\n|switch|p1a: Zarude|Zarude|100\/100\n|move|p1b: RegiGG's|Protect|p1b: RegiGG's\n|-singleturn|p1b: RegiGG's|Protect\n|move|p2a: Sean|Shadow Sneak|p1a: Zarude\n|-resisted|p1a: Zarude\n|-damage|p1a: Zarude|94\/100\n|\n|-heal|p2a: Sean|100\/100|[from] Grassy Terrain\n|-heal|p1a: Zarude|99\/100|[from] Grassy Terrain\n|-heal|p1b: RegiGG's|67\/100 brn|[from] Grassy Terrain\n|-damage|p1b: RegiGG's|61\/100 brn|[from] brn\n|upkeep\n|turn|4\n|c| RedCalamari|RegiJesus\n|c| RedCalamari|he'll save us all\n|\n|t:|1696300939\n|-terastallize|p1b: RegiGG's|Ghost\n|move|p2a: Sean|Will-O-Wisp|p1a: Zarude\n|-status|p1a: Zarude|brn\n|move|p1a: Zarude|Jungle Healing|p1a: Zarude|[spread] p1a,p1b\n|-heal|p1a: Zarude|100\/100 brn\n|-curestatus|p1a: Zarude|brn|[msg]\n|-heal|p1b: RegiGG's|86\/100 brn\n|-curestatus|p1b: RegiGG's|brn|[msg]\n|move|p1b: RegiGG's|Ice Punch|p2b: Mary\n|-damage|p2b: Mary|68\/100\n|move|p2b: Mary|Lunar Blessing|p2b: Mary|[spread] p2a,p2b\n|-heal|p2b: Mary|93\/100\n|\n|-heal|p1b: RegiGG's|92\/100|[from] Grassy Terrain\n|upkeep\n|turn|5\n|\n|t:|1696300962\n|switch|p1a: Raichu|Raichu-Alola, M|100\/100\n|move|p1b: RegiGG's|Protect|p1b: RegiGG's\n|-singleturn|p1b: RegiGG's|Protect\n|move|p2a: Sean|Will-O-Wisp|p1b: RegiGG's\n|-activate|p1b: RegiGG's|move: Protect\n|move|p2b: Mary|Icy Wind|p1a: Raichu|[spread] p1a\n|-activate|p1b: RegiGG's|move: Protect\n|-damage|p1a: Raichu|90\/100\n|-unboost|p1a: Raichu|spe|1\n|\n|-heal|p1b: RegiGG's|98\/100|[from] Grassy Terrain\n|-heal|p1a: Raichu|96\/100|[from] Grassy Terrain\n|-fieldend|move: Grassy Terrain\n|upkeep\n|turn|6\n|c| RedCalamari|So what's your favorite pokemon? :)\n|\n|t:|1696300984\n|move|p2a: Sean|Will-O-Wisp|p1b: RegiGG's\n|-status|p1b: RegiGG's|brn\n|move|p1b: RegiGG's|Darkest Lariat|p2a: Sean\n|-damage|p2a: Sean|48\/100\n|move|p1a: Raichu|Thunder Wave|p2b: Mary\n|-status|p2b: Mary|par\n|move|p2b: Mary|Icy Wind|p1a: Raichu|[spread] p1a,p1b\n|-damage|p1a: Raichu|85\/100\n|-damage|p1b: RegiGG's|91\/100 brn\n|-unboost|p1a: Raichu|spe|1\n|-unboost|p1b: RegiGG's|spe|1\n|\n|-damage|p1b: RegiGG's|85\/100 brn|[from] brn\n|upkeep\n|turn|7\n|c| RedCalamari|Mine is Professor Oak\n|c| RedCalamari|:D\n|c|\u2606Not McBruh|mine is Hydreifon\n|c|\u2606Not McBruh|Hydreigo*\n|c|\u2606Not McBruh|Hydreigon**\n|inactive|Not McBruh has 120 seconds left.\n|c| RedCalamari|B-\n|c| RedCalamari|But...\n|\n|t:|1696301024\n|switch|p1a: Zarude|Zarude|100\/100\n|move|p2a: Sean|Play Rough|p1b: RegiGG's\n|-damage|p1b: RegiGG's|60\/100 brn\n|move|p1b: RegiGG's|Darkest Lariat|p2b: Mary\n|-supereffective|p2b: Mary\n|-damage|p2b: Mary|57\/100 par\n|move|p2b: Mary|Lunar Blessing|p2b: Mary|[spread] p2a,p2b\n|-heal|p2a: Sean|73\/100\n|-heal|p2b: Mary|82\/100 par\n|-curestatus|p2b: Mary|par|[msg]\n|\n|-damage|p1b: RegiGG's|54\/100 brn|[from] brn\n|upkeep\n|turn|8\n|c| RedCalamari|he's not on your team?\n|c| RedCalamari|How can you dis him like that :(\n|inactive|Not McBruh has 120 seconds left.\n|\n|t:|1696301041\n|move|p2a: Sean|Play Rough|p1a: Zarude\n|-supereffective|p1a: Zarude\n|-damage|p1a: Zarude|49\/100\n|move|p1a: Zarude|Jungle Healing|p1a: Zarude|[spread] p1a,p1b\n|-heal|p1a: Zarude|74\/100\n|-heal|p1b: RegiGG's|79\/100 brn\n|-curestatus|p1b: RegiGG's|brn|[msg]\n|move|p2b: Mary|Icy Wind|p1a: Zarude|[spread] p1a,p1b\n|-supereffective|p1a: Zarude\n|-crit|p1b: RegiGG's\n|-damage|p1a: Zarude|59\/100\n|-damage|p1b: RegiGG's|68\/100\n|-unboost|p1a: Zarude|spe|1\n|-unboost|p1b: RegiGG's|spe|1\n|move|p1b: RegiGG's|Darkest Lariat|p2a: Sean\n|-damage|p2a: Sean|0 fnt\n|faint|p2a: Sean\n|\n|upkeep\n|inactive|Not McBruh has 120 seconds left.\n|c|\u2606Not McBruh|This was a team made by a friend\n|c|\u2606Not McBruh|that i tried to improve by a bit\n|\n|t:|1696301066\n|switch|p2a: Karen|Flutter Mane|100\/100\n|-enditem|p2a: Karen|Booster Energy\n|-activate|p2a: Karen|ability: Protosynthesis|[fromitem]\n|-start|p2a: Karen|protosynthesisspe\n|turn|9\n|inactive|Not McBruh has 120 seconds left.\n|\n|t:|1696301080\n|switch|p1a: Regieleki|Regieleki, shiny|100\/100\n|-item|p1a: Regieleki|Air Balloon\n|-terastallize|p2a: Karen|Fairy\n|move|p1b: RegiGG's|Protect|p1b: RegiGG's\n|-singleturn|p1b: RegiGG's|Protect\n|move|p2b: Mary|Ally Switch|p2b: Mary\n|swap|p2b: Mary|0|[from] move: Ally Switch\n|move|p2b: Karen|Shadow Ball|p1b: RegiGG's\n|-activate|p1b: RegiGG's|move: Protect\n|\n|upkeep\n|turn|10\n|c| RedCalamari|:)\n|\n|t:|1696301096\n|move|p2b: Karen|Protect|p2b: Karen\n|-singleturn|p2b: Karen|Protect\n|move|p1a: Regieleki|Explosion|p2b: Karen|[spread] p2a\n|-activate|p2b: Karen|move: Protect\n|-immune|p1b: RegiGG's\n|-damage|p2a: Mary|52\/100\n|faint|p1a: Regieleki\n|move|p2a: Mary|Icy Wind|p1b: RegiGG's\n|-damage|p1b: RegiGG's|60\/100\n|-unboost|p1b: RegiGG's|spe|1\n|move|p1b: RegiGG's|Darkest Lariat|p2a: Mary\n|-supereffective|p2a: Mary\n|-damage|p2a: Mary|0 fnt\n|faint|p2a: Mary\n|\n|upkeep\n|c|\u2606Not McBruh|thats why he's not here\n|c| RedCalamari|personally\n|c| RedCalamari|I'd get a paras on my team\n|\n|t:|1696301124\n|switch|p1a: Zarude|Zarude|59\/100\n|switch|p2a: Richard|Kommo-o, M|100\/100\n|turn|11\n|c|\u2606Not McBruh|that's kinda funny\n|c| RedCalamari|D:\n|c| RedCalamari|but...he's not funny...\n|c| RedCalamari|he's cool\n|\n|t:|1696301148\n|move|p2b: Karen|Protect||[still]\n|-fail|p2b: Karen\n|move|p1a: Zarude|Jungle Healing|p1a: Zarude|[spread] p1a,p1b\n|-heal|p1a: Zarude|85\/100\n|-heal|p1b: RegiGG's|84\/100\n|-zpower|p2a: Richard\n|move|p2a: Richard|Clangorous Soulblaze|p1a: Zarude|[zeffect]|[spread] p1a,p1b\n|-damage|p1a: Zarude|36\/100\n|-damage|p1b: RegiGG's|42\/100\n|-boost|p2a: Richard|atk|1\n|-boost|p2a: Richard|def|1\n|-boost|p2a: Richard|spa|1\n|-boost|p2a: Richard|spd|1\n|-boost|p2a: Richard|spe|1\n|move|p1b: RegiGG's|Ice Punch|p2a: Richard\n|-supereffective|p2a: Richard\n|-damage|p2a: Richard|28\/100\n|\n|upkeep\n|turn|12\n|\n|t:|1696301170\n|move|p2b: Karen|Shadow Ball|p1b: RegiGG's\n|-supereffective|p1b: RegiGG's\n|-damage|p1b: RegiGG's|0 fnt\n|faint|p1b: RegiGG's\n|move|p2a: Richard|Drain Punch|p1a: Zarude\n|-supereffective|p1a: Zarude\n|-damage|p1a: Zarude|0 fnt\n|-heal|p2a: Richard|46\/100|[from] drain|[of] p1a: Zarude\n|faint|p1a: Zarude\n|\n|upkeep\n|\n|t:|1696301182\n|switch|p1a: Raichu|Raichu-Alola, M|85\/100\n|switch|p1b: Rapidash|Rapidash-Galar, F|100\/100\n|turn|13\n|c| RedCalamari|NO REGIJEASUS\n|c| RedCalamari|SUS\n|c| RedCalamari|;-;\n|\n|t:|1696301190\n|move|p2b: Karen|Protect|p2b: Karen\n|-singleturn|p2b: Karen|Protect\n|move|p2a: Richard|Clangorous Soul|p2a: Richard\n|-boost|p2a: Richard|atk|1\n|-boost|p2a: Richard|def|1\n|-boost|p2a: Richard|spa|1\n|-boost|p2a: Richard|spd|1\n|-boost|p2a: Richard|spe|1\n|-damage|p2a: Richard|13\/100\n|move|p1a: Raichu|Thunder Wave|p2b: Karen\n|-activate|p2b: Karen|move: Protect\n|move|p1b: Rapidash|Psychic Terrain|p1b: Rapidash\n|-fieldstart|move: Psychic Terrain\n|\n|upkeep\n|turn|14\n|\n|t:|1696301210\n|move|p2b: Karen|Shadow Ball|p1b: Rapidash\n|-supereffective|p1b: Rapidash\n|-damage|p1b: Rapidash|0 fnt\n|faint|p1b: Rapidash\n|move|p2a: Richard|Clanging Scales|p1a: Raichu\n|-damage|p1a: Raichu|0 fnt\n|faint|p1a: Raichu\n|-unboost|p2a: Richard|def|1\n|\n|upkeep\n|c|\u2606Not McBruh|gg\n|\n|t:|1696301220\n|switch|p1a: Medicham|Medicham-Mega, F, shiny|33\/100\n|turn|15\n|c|\u2606Not McBruh|well played\n|c|\u2606Christheboss90|the one time i take out malamar\n|c|\u2606Christheboss90|gg\n|c| RedCalamari|skill issue chriss\n|c| RedCalamari|:)\n|l| RedCalamari\n|\n|t:|1696301241\n|move|p2b: Karen|Protect|p2b: Karen\n|-singleturn|p2b: Karen|Protect\n|move|p2a: Richard|Clanging Scales|p1a: Medicham\n|-damage|p1a: Medicham|0 fnt\n|faint|p1a: Medicham\n|\n|win|Not McBruh\n|raw|Christheboss90's rating: 1145 &rarr; <strong>1137<\/strong><br \/>(-8 for losing)\n|raw|Not McBruh's rating: 1436 &rarr; <strong>1442<\/strong><br \/>(+6 for winning)\n|l|\u2606Christheboss90\n","uploadtime":1696301255,"views":13,"p1id":"christheboss90","p2id":"notmcbruh","formatid":"gen9nationaldexdoubles","rating":1137,"private":0,"password":""}