{"id":"gen9nationaldexdoubles-1957370708","p1":"Mokaccino321","p2":"Orbidz","format":"[Gen 9] National Dex Doubles","log":"|j|\u2606Mokaccino321\n|j|\u2606Orbidz\n|t:|1696213323\n|gametype|doubles\n|player|p1|Mokaccino321|265|\n|player|p2|Orbidz|169|\n|teamsize|p1|6\n|teamsize|p2|6\n|gen|9\n|tier|[Gen 9] National Dex Doubles\n|rule|HP Percentage Mod: HP is shown in percentages\n|rule|Endless Battle Clause: Forcing endless battles is banned\n|rule|OHKO Clause: OHKO moves are banned\n|rule|Evasion Moves Clause: Evasion moves are banned\n|rule|Evasion Abilities Clause: Evasion abilities are banned\n|rule|Species Clause: Limit one of each Pok\u00e9mon\n|rule|Gravity Sleep Clause: The combination of sleep-inducing moves with imperfect accuracy and Gravity or Gigantamax Orbeetle are banned\n|clearpoke\n|poke|p1|Cradily, M|\n|poke|p1|Aerodactyl, M|\n|poke|p1|Arcanine-Hisui, F|\n|poke|p1|Nihilego|\n|poke|p1|Tyranitar, M|\n|poke|p1|Aggron, M|\n|poke|p2|Pelipper, M|\n|poke|p2|Floatzel, M|\n|poke|p2|Comfey, M|\n|poke|p2|Swampert, F|\n|poke|p2|Ferrothorn, M|\n|poke|p2|Greninja-*, M|\n|teampreview\n|c|\u2606Mokaccino321|glhf :3\n|\n|t:|1696213375\n|start\n|switch|p1a: Aerodactyl|Aerodactyl, M|100\/100\n|switch|p1b: Nihilego|Nihilego|100\/100\n|switch|p2a: Ferrothorn|Ferrothorn, M|100\/100\n|switch|p2b: Greninja|Greninja, M, shiny|100\/100\n|-ability|p1a: Aerodactyl|Unnerve\n|turn|1\n|\n|t:|1696213408\n|move|p1b: Nihilego|Protect|p1b: Nihilego\n|-singleturn|p1b: Nihilego|Protect\n|move|p1a: Aerodactyl|Sky Drop||[still]\n|-prepare|p1a: Aerodactyl|Sky Drop|p2b: Greninja\n|move|p2a: Ferrothorn|Thunder Wave|p1b: Nihilego\n|-activate|p1b: Nihilego|move: Protect\n|\n|upkeep\n|turn|2\n|\n|t:|1696213423\n|move|p1a: Aerodactyl|Sky Drop|p2b: Greninja|[from]lockedmove\n|-damage|p2b: Greninja|65\/100\n|-end|p2b: Greninja|Sky Drop\n|move|p2b: Greninja|Ice Beam|p1a: Aerodactyl\n|-start|p2b: Greninja|typechange|Ice|[from] ability: Protean\n|-supereffective|p1a: Aerodactyl\n|-enditem|p1a: Aerodactyl|Focus Sash\n|-damage|p1a: Aerodactyl|1\/100\n|-zpower|p1b: Nihilego\n|move|p1b: Nihilego|Continental Crush|p2b: Greninja|[zeffect]\n|-supereffective|p2b: Greninja\n|-damage|p2b: Greninja|0 fnt\n|faint|p2b: Greninja\n|-ability|p1b: Nihilego|Beast Boost|boost\n|-boost|p1b: Nihilego|spa|1\n|move|p2a: Ferrothorn|Thunder Wave|p1b: Nihilego\n|-status|p1b: Nihilego|par\n|\n|upkeep\n|\n|t:|1696213443\n|switch|p2b: Floatzel|Floatzel, M, shiny|100\/100\n|turn|3\n|\n|t:|1696213463\n|switch|p1b: Cradily|Cradily, M|100\/100\n|move|p2b: Floatzel|Aqua Jet|p1b: Cradily\n|-activate|p1b: Cradily|ability: Storm Drain\n|-ability|p1b: Cradily|Storm Drain|boost\n|-boost|p1b: Cradily|spa|1\n|move|p1a: Aerodactyl|Tailwind|p1a: Aerodactyl\n|-sidestart|p1: Mokaccino321|move: Tailwind\n|move|p2a: Ferrothorn|Knock Off|p1b: Cradily\n|-damage|p1b: Cradily|81\/100\n|-enditem|p1b: Cradily|Power Herb|[from] move: Knock Off|[of] p2a: Ferrothorn\n|\n|upkeep\n|turn|4\n|\n|t:|1696213504\n|switch|p2b: Pelipper|Pelipper, M|100\/100\n|-weather|RainDance|[from] ability: Drizzle|[of] p2b: Pelipper\n|move|p1a: Aerodactyl|Taunt|p2a: Ferrothorn\n|-start|p2a: Ferrothorn|move: Taunt\n|move|p1b: Cradily|Giga Drain|p2b: Pelipper\n|-damage|p2b: Pelipper|57\/100\n|-heal|p1b: Cradily|99\/100|[from] drain|[of] p2b: Pelipper\n|cant|p2a: Ferrothorn|move: Taunt|Thunder Wave\n|\n|-weather|RainDance|[upkeep]\n|upkeep\n|turn|5\n|\n|t:|1696213542\n|switch|p2a: Comfey|Comfey, M|100\/100\n|move|p1a: Aerodactyl|Sky Drop||[still]\n|-prepare|p1a: Aerodactyl|Sky Drop|p2a: Comfey\n|move|p1b: Cradily|Giga Drain|p2b: Pelipper\n|-damage|p2b: Pelipper|12\/100\n|-heal|p1b: Cradily|100\/100|[from] drain|[of] p2b: Pelipper\n|move|p2b: Pelipper|Hurricane|p1a: Aerodactyl\n|-resisted|p1a: Aerodactyl\n|-damage|p1a: Aerodactyl|0 fnt\n|faint|p1a: Aerodactyl\n|-end|p2a: Comfey|Sky Drop|[interrupt]\n|\n|-weather|RainDance|[upkeep]\n|upkeep\n|\n|t:|1696213552\n|switch|p1a: Arcanine|Arcanine-Hisui, F|100\/100\n|turn|6\n|\n|t:|1696213571\n|switch|p2b: Swampert|Swampert, F|100\/100\n|move|p1a: Arcanine|Head Smash|p2a: Comfey\n|-damage|p2a: Comfey|0 fnt\n|faint|p2a: Comfey\n|move|p1b: Cradily|Giga Drain|p2b: Swampert\n|-supereffective|p2b: Swampert\n|-damage|p2b: Swampert|0 fnt\n|faint|p2b: Swampert\n|\n|-weather|RainDance|[upkeep]\n|-sideend|p1: Mokaccino321|move: Tailwind\n|upkeep\n|\n|t:|1696213592\n|switch|p2a: Pelipper|Pelipper, M|12\/100\n|switch|p2b: Ferrothorn|Ferrothorn, M|100\/100\n|turn|7\n|\n|t:|1696213671\n|switch|p1a: Nihilego|Nihilego|100\/100 par\n|move|p2a: Pelipper|Roost|p2a: Pelipper\n|-heal|p2a: Pelipper|62\/100\n|-singleturn|p2a: Pelipper|move: Roost\n|move|p1b: Cradily|Giga Drain|p2a: Pelipper\n|-supereffective|p2a: Pelipper\n|-damage|p2a: Pelipper|0 fnt\n|faint|p2a: Pelipper\n|move|p2b: Ferrothorn|Thunder Wave|p1a: Nihilego\n|-fail|p1a: Nihilego|par\n|\n|-weather|RainDance|[upkeep]\n|upkeep\n|\n|t:|1696213684\n|switch|p2a: Floatzel|Floatzel, M, shiny|100\/100\n|turn|8\n|\n|t:|1696213704\n|switch|p1a: Tyranitar|Tyranitar, M|100\/100\n|-weather|Sandstorm|[from] ability: Sand Stream|[of] p1a: Tyranitar\n|-terastallize|p2a: Floatzel|Water\n|move|p2a: Floatzel|Liquidation|p1b: Cradily\n|-activate|p1b: Cradily|ability: Storm Drain\n|-ability|p1b: Cradily|Storm Drain|boost\n|-boost|p1b: Cradily|spa|1\n|move|p1b: Cradily|Giga Drain|p2a: Floatzel\n|-supereffective|p2a: Floatzel\n|-damage|p2a: Floatzel|0 fnt\n|faint|p2a: Floatzel\n|move|p2b: Ferrothorn|Gyro Ball|p1b: Cradily\n|-supereffective|p1b: Cradily\n|-damage|p1b: Cradily|50\/100\n|\n|-weather|Sandstorm|[upkeep]\n|upkeep\n|turn|9\n|c|\u2606Mokaccino321|Tera is not allowed btw :3\n|c|\u2606Orbidz|o my bad\n|c|\u2606Orbidz|didnt really matter either way i only had water moves on him\n|c|\u2606Mokaccino321|but it doenst change anything :'3 so all good\n|\n|t:|1696213740\n|move|p1a: Tyranitar|Superpower|p2b: Ferrothorn\n|-supereffective|p2b: Ferrothorn\n|-damage|p2b: Ferrothorn|21\/100\n|-unboost|p1a: Tyranitar|atk|1\n|-unboost|p1a: Tyranitar|def|1\n|-damage|p1a: Tyranitar|88\/100|[from] ability: Iron Barbs|[of] p2b: Ferrothorn\n|-damage|p1a: Tyranitar|78\/100|[from] item: Life Orb\n|move|p1b: Cradily|Earth Power|p2b: Ferrothorn\n|-damage|p2b: Ferrothorn|0 fnt\n|faint|p2b: Ferrothorn\n|\n|win|Mokaccino321\n|c|\u2606Orbidz|ggs\n|c|\u2606Mokaccino321|gg :3\n|l|\u2606Orbidz\n","uploadtime":1696213755,"views":15,"p1id":"mokaccino321","p2id":"orbidz","formatid":"gen9nationaldexdoubles","rating":0,"private":0,"password":""}