{"id":"gen9nationaldexdoubles-1957879585","p1":"Theadonia","p2":"Pompomlover","format":"[Gen 9] National Dex Doubles","log":"|j|\u2606Theadonia\n|j|\u2606Pompomlover\n|t:|1696270112\n|gametype|doubles\n|player|p1|Theadonia|caitlin|1064\n|player|p2|Pompomlover|266|1000\n|teamsize|p1|6\n|teamsize|p2|6\n|gen|9\n|tier|[Gen 9] National Dex Doubles\n|rated|\n|rule|HP Percentage Mod: HP is shown in percentages\n|rule|Endless Battle Clause: Forcing endless battles is banned\n|rule|OHKO Clause: OHKO moves are banned\n|rule|Evasion Moves Clause: Evasion moves are banned\n|rule|Evasion Abilities Clause: Evasion abilities are banned\n|rule|Species Clause: Limit one of each Pok\u00e9mon\n|rule|Gravity Sleep Clause: The combination of sleep-inducing moves with imperfect accuracy and Gravity or Gigantamax Orbeetle are banned\n|clearpoke\n|poke|p1|Delphox, M|\n|poke|p1|Oricorio-Sensu, M|\n|poke|p1|Kommo-o, M|\n|poke|p1|Riolu, M|\n|poke|p1|Cresselia, F|\n|poke|p1|Smeargle, F|\n|poke|p2|Ogerpon-Hearthflame, F|\n|poke|p2|Iron Bundle|\n|poke|p2|Sinistcha-Masterpiece|\n|poke|p2|Ribombee, F|\n|poke|p2|Palafin, M|\n|poke|p2|Garganacl, F|\n|teampreview\n|inactive|Battle timer is ON: inactive players will automatically lose when time's up. (requested by Pompomlover)\n|\n|t:|1696270125\n|start\n|switch|p1a: Kommo-o|Kommo-o, M, shiny|100\/100\n|switch|p1b: Smeargle|Smeargle, F|100\/100\n|switch|p2a: Fadinha|Ribombee, F, shiny|100\/100\n|switch|p2b: All might|Palafin, M|100\/100\n|turn|1\n|\n|t:|1696270136\n|move|p1b: Smeargle|Extreme Speed|p2a: Fadinha\n|-damage|p2a: Fadinha|81\/100\n|move|p2a: Fadinha|Sticky Web|p1a: Kommo-o\n|-sidestart|p1: Theadonia|move: Sticky Web\n|move|p2b: All might|Flip Turn|p1b: Smeargle\n|-damage|p1b: Smeargle|42\/100\n|\n|t:|1696270151\n|detailschange|p2b: All might|Palafin-Hero, M\n|switch|p2b: Chamaa|Ogerpon-Hearthflame, F|100\/100|[from] Flip Turn\n|-ability|p2b: Chamaa|Mold Breaker\n|move|p1a: Kommo-o|Poison Jab|p2a: Fadinha\n|-supereffective|p2a: Fadinha\n|-damage|p2a: Fadinha|0 fnt\n|faint|p2a: Fadinha\n|\n|upkeep\n|\n|t:|1696270159\n|switch|p2a: Pingulo|Iron Bundle, shiny|100\/100\n|turn|2\n|\n|t:|1696270179\n|switch|p1b: Cresselia|Cresselia, F|100\/100\n|switch|p1a: Delphox|Delphox, M, shiny|100\/100\n|-activate|p1a: Delphox|move: Sticky Web\n|-unboost|p1a: Delphox|spe|1\n|move|p2a: Pingulo|Freeze-Dry|p1a: Delphox\n|-resisted|p1a: Delphox\n|-damage|p1a: Delphox|69\/100\n|move|p2b: Chamaa|Swords Dance|p2b: Chamaa\n|-boost|p2b: Chamaa|atk|2\n|\n|upkeep\n|turn|3\n|\n|t:|1696270194\n|-end|p2a: Pingulo|Quark Drive|[silent]\n|switch|p2a: All might|Palafin-Hero, M|100\/100\n|-activate|p2a: All might|ability: Zero to Hero\n|move|p2b: Chamaa|Knock Off|p1a: Delphox\n|-supereffective|p1a: Delphox\n|-damage|p1a: Delphox|0 fnt\n|-enditem|p1a: Delphox|Blunder Policy|[from] move: Knock Off|[of] p2b: Chamaa\n|faint|p1a: Delphox\n|move|p1b: Cresselia|Icy Wind|p2b: Chamaa|[spread] p2a,p2b\n|-resisted|p2a: All might\n|-damage|p2a: All might|97\/100\n|-damage|p2b: Chamaa|87\/100\n|-unboost|p2a: All might|spe|1\n|-unboost|p2b: Chamaa|spe|1\n|\n|upkeep\n|\n|t:|1696270199\n|switch|p1a: Smeargle|Smeargle, F|42\/100\n|-activate|p1a: Smeargle|move: Sticky Web\n|-unboost|p1a: Smeargle|spe|1\n|turn|4\n|\n|t:|1696270213\n|switch|p1b: Kommo-o|Kommo-o, M, shiny|100\/100\n|-activate|p1b: Kommo-o|move: Sticky Web\n|-unboost|p1b: Kommo-o|spe|1\n|move|p2a: All might|Jet Punch|p1b: Kommo-o\n|-resisted|p1b: Kommo-o\n|-damage|p1b: Kommo-o|82\/100\n|move|p1a: Smeargle|Simple Beam|p1b: Kommo-o\n|-endability|p1b: Kommo-o|Soundproof|[from] move: Simple Beam\n|-ability|p1b: Kommo-o|Simple|[from] move: Simple Beam\n|move|p2b: Chamaa|Ivy Cudgel|p1a: Smeargle\n|-damage|p1a: Smeargle|0 fnt\n|faint|p1a: Smeargle\n|\n|upkeep\n|\n|t:|1696270224\n|switch|p1a: Riolu|Riolu, M|100\/100\n|-activate|p1a: Riolu|move: Sticky Web\n|-unboost|p1a: Riolu|spe|1\n|turn|5\n|\n|t:|1696270239\n|move|p2a: All might|Jet Punch|p1a: Riolu\n|-damage|p1a: Riolu|31\/100\n|move|p1a: Riolu|Coaching|p1b: Kommo-o\n|-boost|p1b: Kommo-o|atk|2\n|-boost|p1b: Kommo-o|def|2\n|move|p2b: Chamaa|Knock Off|p1b: Kommo-o\n|-resisted|p1b: Kommo-o\n|-damage|p1b: Kommo-o|70\/100\n|-zpower|p1b: Kommo-o\n|move|p1b: Kommo-o|Clangorous Soulblaze|p2a: All might|[zeffect]|[spread] p2a,p2b\n|-crit|p2b: Chamaa\n|-damage|p2a: All might|60\/100\n|-damage|p2b: Chamaa|1\/100\n|-boost|p1b: Kommo-o|atk|2\n|-boost|p1b: Kommo-o|def|2\n|-boost|p1b: Kommo-o|spa|2\n|-boost|p1b: Kommo-o|spd|2\n|-boost|p1b: Kommo-o|spe|2\n|\n|upkeep\n|turn|6\n|\n|t:|1696270260\n|move|p2a: All might|Jet Punch|p1a: Riolu\n|-damage|p1a: Riolu|0 fnt\n|faint|p1a: Riolu\n|move|p1b: Kommo-o|Drain Punch|p2a: All might\n|-damage|p2a: All might|0 fnt\n|-heal|p1b: Kommo-o|100\/100|[from] drain|[of] p2a: All might\n|faint|p2a: All might\n|move|p2b: Chamaa|Ivy Cudgel|p1b: Kommo-o\n|-resisted|p1b: Kommo-o\n|-damage|p1b: Kommo-o|80\/100\n|\n|upkeep\n|\n|t:|1696270273\n|switch|p2a: Pingulo|Iron Bundle, shiny|100\/100\n|switch|p1a: Oricorio|Oricorio-Sensu, M, shiny|100\/100\n|turn|7\n|\n|t:|1696270284\n|-terastallize|p1a: Oricorio|Fairy\n|move|p1b: Kommo-o|Drain Punch|p2a: Pingulo\n|-supereffective|p2a: Pingulo\n|-damage|p2a: Pingulo|0 fnt\n|-heal|p1b: Kommo-o|100\/100|[from] drain|[of] p2a: Pingulo\n|faint|p2a: Pingulo\n|-end|p2a: Pingulo|Quark Drive|[silent]\n|move|p2b: Chamaa|Ivy Cudgel|p1a: Oricorio\n|-damage|p1a: Oricorio|0 fnt\n|faint|p1a: Oricorio\n|\n|upkeep\n|\n|t:|1696270291\n|switch|p2a: Saleiro \u00b2|Garganacl, F|100\/100\n|switch|p1a: Cresselia|Cresselia, F|100\/100\n|turn|8\n|\n|t:|1696270299\n|-terastallize|p2a: Saleiro \u00b2|Fairy\n|move|p1b: Kommo-o|Clangorous Soul|p1b: Kommo-o\n|-boost|p1b: Kommo-o|atk|2\n|-boost|p1b: Kommo-o|def|2\n|-boost|p1b: Kommo-o|spa|2\n|-boost|p1b: Kommo-o|spd|2\n|-boost|p1b: Kommo-o|spe|2\n|-damage|p1b: Kommo-o|68\/100\n|move|p2b: Chamaa|Ivy Cudgel|p1b: Kommo-o\n|-resisted|p1b: Kommo-o\n|-damage|p1b: Kommo-o|52\/100\n|move|p1a: Cresselia|Psych Up|p1b: Kommo-o\n|-copyboost|p1a: Cresselia|p1b: Kommo-o|[from] move: Psych Up\n|move|p2a: Saleiro \u00b2|Salt Cure|p1b: Kommo-o\n|-resisted|p1b: Kommo-o\n|-damage|p1b: Kommo-o|51\/100\n|-start|p1b: Kommo-o|Salt Cure\n|\n|-damage|p1b: Kommo-o|38\/100|[from] Salt Cure\n|upkeep\n|turn|9\n|\n|t:|1696270316\n|move|p1b: Kommo-o|Poison Jab|p2a: Saleiro \u00b2\n|-supereffective|p2a: Saleiro \u00b2\n|-damage|p2a: Saleiro \u00b2|0 fnt\n|faint|p2a: Saleiro \u00b2\n|move|p1a: Cresselia|Icy Wind|p2b: Chamaa\n|-damage|p2b: Chamaa|0 fnt\n|faint|p2b: Chamaa\n|\n|-damage|p1b: Kommo-o|26\/100|[from] Salt Cure\n|upkeep\n|-message|Pompomlover forfeited.\n|\n|win|Theadonia\n|raw|Theadonia's rating: 1064 &rarr; <strong>1089<\/strong><br \/>(+25 for winning)\n|raw|Pompomlover's rating: 1000 &rarr; <strong>1000<\/strong><br \/>(+0 for losing)\n|l|\u2606Pompomlover\n","uploadtime":1696270328,"views":6,"p1id":"theadonia","p2id":"pompomlover","formatid":"gen9nationaldexdoubles","rating":1000,"private":0,"password":""}