{"id":"gen9nationaldexdoubles-1969658080","p1":"elgueritoestaaqui","p2":"FizzyEnzo","format":"[Gen 9] National Dex Doubles","log":"|j|\u2606elgueritoestaaqui\n|j|\u2606FizzyEnzo\n|t:|1697555486\n|gametype|doubles\n|player|p1|elgueritoestaaqui|2|1017\n|player|p2|FizzyEnzo|dawn|1066\n|teamsize|p1|6\n|teamsize|p2|6\n|gen|9\n|tier|[Gen 9] National Dex Doubles\n|rated|\n|rule|HP Percentage Mod: HP is shown in percentages\n|rule|Endless Battle Clause: Forcing endless battles is banned\n|rule|OHKO Clause: OHKO moves are banned\n|rule|Evasion Moves Clause: Evasion moves are banned\n|rule|Evasion Abilities Clause: Evasion abilities are banned\n|rule|Species Clause: Limit one of each Pok\u00e9mon\n|rule|Gravity Sleep Clause: The combination of sleep-inducing moves with imperfect accuracy and Gravity or Gigantamax Orbeetle are banned\n|clearpoke\n|poke|p1|Gliscor, F|\n|poke|p1|Furret, F|\n|poke|p1|Sinistcha-Masterpiece|\n|poke|p1|Leavanny, M|\n|poke|p1|Kommo-o, F|\n|poke|p1|Ursaluna-Bloodmoon, M|\n|poke|p2|Ursaluna, F|\n|poke|p2|Flamigo, F|\n|poke|p2|Weavile, F|\n|poke|p2|Clefairy, F|\n|poke|p2|Jirachi|\n|poke|p2|Greninja-*, M|\n|teampreview\n|inactive|Battle timer is ON: inactive players will automatically lose when time's up. (requested by FizzyEnzo)\n|\n|t:|1697555494\n|start\n|switch|p1a: Gliscor|Gliscor, F|100\/100\n|switch|p1b: Ursaluna|Ursaluna-Bloodmoon, M|100\/100\n|switch|p2a: Ursaluna|Ursaluna, F|100\/100\n|switch|p2b: Clefairy|Clefairy, F|100\/100\n|turn|1\n|\n|t:|1697555509\n|move|p2b: Clefairy|Follow Me|p2b: Clefairy\n|-singleturn|p2b: Clefairy|move: Follow Me\n|move|p1a: Gliscor|Knock Off|p2b: Clefairy\n|-resisted|p2b: Clefairy\n|-damage|p2b: Clefairy|86\/100\n|-enditem|p2b: Clefairy|Eviolite|[from] move: Knock Off|[of] p1a: Gliscor\n|move|p2a: Ursaluna|Belly Drum|p2a: Ursaluna\n|-damage|p2a: Ursaluna|51\/100\n|-setboost|p2a: Ursaluna|atk|6|[from] move: Belly Drum\n|move|p1b: Ursaluna|Calm Mind|p1b: Ursaluna\n|-boost|p1b: Ursaluna|spa|1\n|-boost|p1b: Ursaluna|spd|1\n|\n|-status|p1a: Gliscor|tox|[from] item: Toxic Orb\n|-status|p2a: Ursaluna|brn|[from] item: Flame Orb\n|upkeep\n|turn|2\n|\n|t:|1697555537\n|move|p2b: Clefairy|Follow Me|p2b: Clefairy\n|-singleturn|p2b: Clefairy|move: Follow Me\n|move|p1a: Gliscor|Dual Wingbeat|p2b: Clefairy\n|-damage|p2b: Clefairy|61\/100\n|-damage|p2b: Clefairy|35\/100\n|-hitcount|p2b: Clefairy|2\n|move|p2a: Ursaluna|Drain Punch|p1b: Ursaluna\n|-supereffective|p1b: Ursaluna\n|-damage|p1b: Ursaluna|0 fnt\n|-heal|p2a: Ursaluna|90\/100 brn|[from] drain|[of] p1b: Ursaluna\n|-damage|p2a: Ursaluna|74\/100 brn|[from] item: Rocky Helmet|[of] p1b: Ursaluna\n|faint|p1b: Ursaluna\n|\n|-damage|p2a: Ursaluna|68\/100 brn|[from] brn\n|upkeep\n|inactive|elgueritoestaaqui has 120 seconds left.\n|\n|t:|1697555561\n|switch|p1b: Leavanny|Leavanny, M|100\/100\n|turn|3\n|\n|t:|1697555571\n|move|p2b: Clefairy|Follow Me|p2b: Clefairy\n|-singleturn|p2b: Clefairy|move: Follow Me\n|move|p1a: Gliscor|Earthquake|p2b: Clefairy|[spread] p1b,p2a,p2b\n|-resisted|p1b: Leavanny\n|-damage|p1b: Leavanny|92\/100\n|-damage|p2a: Ursaluna|53\/100 brn\n|-damage|p2b: Clefairy|0 fnt\n|faint|p2b: Clefairy\n|move|p1b: Leavanny|Sticky Web|p2a: Ursaluna\n|-sidestart|p2: FizzyEnzo|move: Sticky Web\n|move|p2a: Ursaluna|Drain Punch|p1a: Gliscor\n|-resisted|p1a: Gliscor\n|-damage|p1a: Gliscor|39\/100 tox\n|-heal|p2a: Ursaluna|74\/100 brn|[from] drain|[of] p1a: Gliscor\n|\n|-heal|p1a: Gliscor|51\/100 tox|[from] ability: Poison Heal\n|-damage|p2a: Ursaluna|68\/100 brn|[from] brn\n|upkeep\n|\n|t:|1697555582\n|switch|p2b: Flamigo|Flamigo, F|100\/100\n|-copyboost|p2b: Flamigo|p2a: Ursaluna|[from] ability: Costar\n|turn|4\n|\n|t:|1697555598\n|move|p2b: Flamigo|Endure|p2b: Flamigo\n|-singleturn|p2b: Flamigo|move: Endure\n|move|p2a: Ursaluna|Protect|p2a: Ursaluna\n|-singleturn|p2a: Ursaluna|Protect\n|move|p1a: Gliscor|Dual Wingbeat|p2b: Flamigo|[miss]\n|-miss|p1a: Gliscor|p2b: Flamigo\n|move|p1b: Leavanny|Leaf Blade|p2a: Ursaluna\n|-activate|p2a: Ursaluna|move: Protect\n|\n|-heal|p1a: Gliscor|63\/100 tox|[from] ability: Poison Heal\n|-damage|p2a: Ursaluna|62\/100 brn|[from] brn\n|upkeep\n|turn|5\n|inactive|FizzyEnzo has 120 seconds left.\n|\n|t:|1697555633\n|move|p2b: Flamigo|Endure||[still]\n|-fail|p2b: Flamigo\n|move|p1a: Gliscor|Dual Wingbeat|p2b: Flamigo\n|-supereffective|p2b: Flamigo\n|-damage|p2b: Flamigo|59\/100\n|-supereffective|p2b: Flamigo\n|-damage|p2b: Flamigo|20\/100\n|-enditem|p2b: Flamigo|Salac Berry|[eat]\n|-boost|p2b: Flamigo|spe|1|[from] item: Salac Berry\n|-hitcount|p2b: Flamigo|2\n|move|p1b: Leavanny|Reflect|p1b: Leavanny\n|-sidestart|p1: elgueritoestaaqui|Reflect\n|move|p2a: Ursaluna|Drain Punch|p1b: Leavanny\n|-resisted|p1b: Leavanny\n|-damage|p1b: Leavanny|15\/100\n|-heal|p2a: Ursaluna|89\/100 brn|[from] drain|[of] p1b: Leavanny\n|\n|-heal|p1a: Gliscor|76\/100 tox|[from] ability: Poison Heal\n|-damage|p2a: Ursaluna|83\/100 brn|[from] brn\n|upkeep\n|turn|6\n|\n|t:|1697555655\n|move|p2b: Flamigo|Endure|p2b: Flamigo\n|-singleturn|p2b: Flamigo|move: Endure\n|move|p1a: Gliscor|Earthquake|p2b: Flamigo|[spread] p1b,p2a\n|-immune|p2b: Flamigo\n|-resisted|p1b: Leavanny\n|-damage|p1b: Leavanny|9\/100\n|-damage|p2a: Ursaluna|64\/100 brn\n|move|p1b: Leavanny|Leaf Blade|p2a: Ursaluna\n|-supereffective|p2a: Ursaluna\n|-damage|p2a: Ursaluna|4\/100 brn\n|move|p2a: Ursaluna|Drain Punch|p1a: Gliscor\n|-resisted|p1a: Gliscor\n|-damage|p1a: Gliscor|34\/100 tox\n|-heal|p2a: Ursaluna|18\/100 brn|[from] drain|[of] p1a: Gliscor\n|\n|-heal|p1a: Gliscor|46\/100 tox|[from] ability: Poison Heal\n|-damage|p2a: Ursaluna|12\/100 brn|[from] brn\n|upkeep\n|turn|7\n|\n|t:|1697555680\n|move|p2b: Flamigo|Liquidation|p1a: Gliscor\n|-supereffective|p1a: Gliscor\n|-damage|p1a: Gliscor|0 fnt\n|faint|p1a: Gliscor\n|move|p1b: Leavanny|Leaf Blade|p2a: Ursaluna\n|-supereffective|p2a: Ursaluna\n|-damage|p2a: Ursaluna|0 fnt\n|faint|p2a: Ursaluna\n|\n|upkeep\n|\n|t:|1697555695\n|switch|p1a: Sinistcha|Sinistcha-Masterpiece|100\/100\n|switch|p2a: Weavile|Weavile, F|100\/100\n|-activate|p2a: Weavile|move: Sticky Web\n|-unboost|p2a: Weavile|spe|1\n|-ability|p2a: Weavile|Pressure\n|-heal|p1b: Leavanny|34\/100|[from] ability: Hospitality|[of] p1a: Sinistcha\n|turn|8\n|\n|t:|1697555721\n|move|p2b: Flamigo|Acrobatics|p1b: Leavanny\n|-supereffective|p1b: Leavanny\n|-damage|p1b: Leavanny|0 fnt\n|faint|p1b: Leavanny\n|move|p2a: Weavile|Psych Up|p2b: Flamigo\n|-copyboost|p2a: Weavile|p2b: Flamigo|[from] move: Psych Up\n|move|p1a: Sinistcha|Matcha Gotcha|p2a: Weavile|[spread] p2a,p2b\n|-resisted|p2b: Flamigo\n|-damage|p2a: Weavile|56\/100\n|-damage|p2b: Flamigo|0 fnt\n|faint|p2b: Flamigo\n|\n|upkeep\n|\n|t:|1697555734\n|switch|p2b: Jirachi|Jirachi|100\/100\n|switch|p1b: Furret|Furret, F, shiny|100\/100\n|-activate|p2b: Jirachi|move: Sticky Web\n|-unboost|p2b: Jirachi|spe|1\n|turn|9\n|\n|t:|1697555748\n|move|p2b: Jirachi|Follow Me|p2b: Jirachi\n|-singleturn|p2b: Jirachi|move: Follow Me\n|move|p2a: Weavile|Knock Off|p1a: Sinistcha\n|-supereffective|p1a: Sinistcha\n|-damage|p1a: Sinistcha|0 fnt\n|-enditem|p1a: Sinistcha|Heavy-Duty Boots|[from] move: Knock Off|[of] p2a: Weavile\n|faint|p1a: Sinistcha\n|move|p1b: Furret|Play Rough|p2b: Jirachi\n|-resisted|p2b: Jirachi\n|-damage|p2b: Jirachi|93\/100\n|\n|-heal|p2b: Jirachi|99\/100|[from] item: Leftovers\n|-sideend|p1: elgueritoestaaqui|Reflect\n|upkeep\n|\n|t:|1697555760\n|switch|p1a: Kommo-o|Kommo-o, F|100\/100\n|turn|10\n|\n|t:|1697555784\n|move|p1b: Furret|Helping Hand|p1a: Kommo-o\n|-singleturn|p1a: Kommo-o|Helping Hand|[of] p1b: Furret\n|move|p2b: Jirachi|Follow Me|p2b: Jirachi\n|-singleturn|p2b: Jirachi|move: Follow Me\n|move|p2a: Weavile|Triple Axel|p1a: Kommo-o\n|-supereffective|p1a: Kommo-o\n|-damage|p1a: Kommo-o|35\/100\n|-supereffective|p1a: Kommo-o\n|-damage|p1a: Kommo-o|0 fnt\n|faint|p1a: Kommo-o\n|-hitcount|p1: Kommo-o|2\n|\n|-heal|p2b: Jirachi|100\/100|[from] item: Leftovers\n|upkeep\n|turn|11\n|\n|t:|1697555798\n|move|p2b: Jirachi|Follow Me|p2b: Jirachi\n|-singleturn|p2b: Jirachi|move: Follow Me\n|move|p2a: Weavile|Knock Off|p1b: Furret\n|-damage|p1b: Furret|0 fnt\n|-enditem|p1b: Furret|Salac Berry|[from] move: Knock Off|[of] p2a: Weavile\n|faint|p1b: Furret\n|\n|win|FizzyEnzo\n|raw|elgueritoestaaqui's rating: 1017 &rarr; <strong>1006<\/strong><br \/>(-11 for losing)\n|raw|FizzyEnzo's rating: 1066 &rarr; <strong>1092<\/strong><br \/>(+26 for winning)\n","uploadtime":1697555972,"views":11,"p1id":"elgueritoestaaqui","p2id":"fizzyenzo","formatid":"gen9nationaldexdoubles","rating":1006,"private":0,"password":""}