{"id":"gen9nationaldexdoubles-1967003077","p1":"Theadonia","p2":"ybybybbb","format":"[Gen 9] National Dex Doubles","log":"|j|\u2606Theadonia\n|j|\u2606ybybybbb\n|t:|1697243017\n|gametype|doubles\n|player|p1|Theadonia|caitlin|1185\n|player|p2|ybybybbb|266|1271\n|teamsize|p1|6\n|teamsize|p2|6\n|gen|9\n|tier|[Gen 9] National Dex Doubles\n|rated|\n|rule|HP Percentage Mod: HP is shown in percentages\n|rule|Endless Battle Clause: Forcing endless battles is banned\n|rule|OHKO Clause: OHKO moves are banned\n|rule|Evasion Moves Clause: Evasion moves are banned\n|rule|Evasion Abilities Clause: Evasion abilities are banned\n|rule|Species Clause: Limit one of each Pok\u00e9mon\n|rule|Gravity Sleep Clause: The combination of sleep-inducing moves with imperfect accuracy and Gravity or Gigantamax Orbeetle are banned\n|clearpoke\n|poke|p1|Nidoking, M|\n|poke|p1|Delcatty, F|\n|poke|p1|Torterra, M|\n|poke|p1|Magcargo, M|\n|poke|p1|Tatsugiri-Droopy, M|\n|poke|p1|Gourgeist-*, M|\n|poke|p2|Ninetales-Alola, F|\n|poke|p2|Charizard, M|\n|poke|p2|Flutter Mane|\n|poke|p2|Rillaboom, F|\n|poke|p2|Chi-Yu|\n|poke|p2|Landorus-Therian, M|\n|teampreview\n|l|\u2606ybybybbb\n|player|p2|\n|inactive|Battle timer is ON: inactive players will automatically lose when time's up. (requested by Theadonia)\n|j|\u2606ybybybbb\n|inactive|ybybybbb reconnected and has 125 seconds left.\n|player|p2|ybybybbb|266\n|inactive|ybybybbb has 120 seconds left.\n|\n|t:|1697243089\n|start\n|switch|p1a: Magcargo|Magcargo, M, shiny|100\/100\n|switch|p1b: Delcatty|Delcatty, F|100\/100\n|switch|p2a: Ninetales|Ninetales-Alola, F|100\/100\n|switch|p2b: Landorus|Landorus-Therian, M|100\/100\n|-weather|Snow|[from] ability: Snow Warning|[of] p2a: Ninetales\n|-ability|p2b: Landorus|Intimidate|boost\n|-unboost|p1a: Magcargo|atk|1\n|-unboost|p1b: Delcatty|atk|1\n|-enditem|p1a: Magcargo|White Herb\n|-clearnegativeboost|p1a: Magcargo|[silent]\n|turn|1\n|\n|t:|1697243116\n|-terastallize|p1a: Magcargo|Flying\n|move|p2a: Ninetales|Aurora Veil|p2a: Ninetales\n|-sidestart|p2: ybybybbb|move: Aurora Veil\n|move|p1b: Delcatty|Simple Beam|p1a: Magcargo\n|-endability|p1a: Magcargo|Flame Body|[from] move: Simple Beam\n|-ability|p1a: Magcargo|Simple|[from] move: Simple Beam\n|move|p2b: Landorus|Rock Slide|p1a: Magcargo|[spread] p1a,p1b\n|-supereffective|p1a: Magcargo\n|-damage|p1a: Magcargo|53\/100\n|-damage|p1b: Delcatty|65\/100\n|move|p1a: Magcargo|Shell Smash|p1a: Magcargo\n|-unboost|p1a: Magcargo|def|2\n|-unboost|p1a: Magcargo|spd|2\n|-boost|p1a: Magcargo|atk|4\n|-boost|p1a: Magcargo|spa|4\n|-boost|p1a: Magcargo|spe|4\n|\n|-weather|Snow|[upkeep]\n|upkeep\n|turn|2\n|\n|t:|1697243142\n|move|p1a: Magcargo|Heat Wave|p2b: Landorus|[spread] p2a,p2b\n|-supereffective|p2a: Ninetales\n|-damage|p2a: Ninetales|0 fnt\n|-damage|p2b: Landorus|26\/100\n|faint|p2a: Ninetales\n|move|p1b: Delcatty|Double-Edge|p2b: Landorus\n|-damage|p2b: Landorus|11\/100\n|-damage|p1b: Delcatty|60\/100|[from] Recoil\n|move|p2b: Landorus|Rock Slide|p1a: Magcargo|[spread] p1b\n|-miss|p2b: Landorus|p1a: Magcargo\n|-damage|p1b: Delcatty|27\/100\n|\n|-weather|Snow|[upkeep]\n|upkeep\n|inactive|ybybybbb has 120 seconds left.\n|\n|t:|1697243158\n|switch|p2a: Rillaboom|Rillaboom, F|100\/100\n|-fieldstart|move: Grassy Terrain|[from] ability: Grassy Surge|[of] p2a: Rillaboom\n|turn|3\n|\n|t:|1697243166\n|move|p2a: Rillaboom|Fake Out|p1a: Magcargo\n|-damage|p1a: Magcargo|21\/100\n|cant|p1a: Magcargo|flinch\n|move|p1b: Delcatty|Thunder Wave|p2a: Rillaboom\n|-status|p2a: Rillaboom|par\n|move|p2b: Landorus|Rock Slide|p1a: Magcargo|[spread] p1a\n|-miss|p2b: Landorus|p1b: Delcatty\n|-supereffective|p1a: Magcargo\n|-damage|p1a: Magcargo|0 fnt\n|faint|p1a: Magcargo\n|\n|-weather|Snow|[upkeep]\n|-heal|p1b: Delcatty|33\/100|[from] Grassy Terrain\n|upkeep\n|\n|t:|1697243179\n|switch|p1a: Torterra|Torterra, M|100\/100\n|turn|4\n|\n|t:|1697243198\n|cant|p2a: Rillaboom|par\n|move|p1b: Delcatty|Simple Beam|p1a: Torterra\n|-endability|p1a: Torterra|Shell Armor|[from] move: Simple Beam\n|-ability|p1a: Torterra|Simple|[from] move: Simple Beam\n|move|p2b: Landorus|U-turn|p1b: Delcatty\n|-damage|p1b: Delcatty|0 fnt\n|faint|p1b: Delcatty\n|\n|t:|1697243210\n|switch|p2b: Charizard|Charizard, M|100\/100|[from] U-turn\n|move|p1a: Torterra|Shell Smash|p1a: Torterra\n|-unboost|p1a: Torterra|def|2\n|-unboost|p1a: Torterra|spd|2\n|-boost|p1a: Torterra|atk|4\n|-boost|p1a: Torterra|spa|4\n|-boost|p1a: Torterra|spe|4\n|\n|-weather|Snow|[upkeep]\n|upkeep\n|\n|t:|1697243222\n|switch|p1b: Gourgeist|Gourgeist-Super, M, shiny|100\/100\n|turn|5\n|\n|t:|1697243233\n|detailschange|p2b: Charizard|Charizard-Mega-Y, M\n|-mega|p2b: Charizard|Charizard|Charizardite Y\n|-weather|SunnyDay|[from] ability: Drought|[of] p2b: Charizard\n|-terastallize|p2a: Rillaboom|Grass\n|move|p2a: Rillaboom|Grassy Glide|p1a: Torterra\n|-damage|p1a: Torterra|3\/100\n|move|p1a: Torterra|Rock Blast|p2b: Charizard\n|-supereffective|p2b: Charizard\n|-damage|p2b: Charizard|10\/100\n|-supereffective|p2b: Charizard\n|-damage|p2b: Charizard|0 fnt\n|faint|p2b: Charizard\n|-hitcount|p2: Charizard|2\n|-zpower|p1b: Gourgeist\n|move|p1b: Gourgeist|Z-Trick-or-Treat||[anim]Trick-or-Treat|[still]\n|-boost|p1b: Gourgeist|atk|1|[zeffect]\n|-boost|p1b: Gourgeist|def|1|[zeffect]\n|-boost|p1b: Gourgeist|spa|1|[zeffect]\n|-boost|p1b: Gourgeist|spd|1|[zeffect]\n|-boost|p1b: Gourgeist|spe|1|[zeffect]\n|-fail|p1b: Gourgeist\n|\n|-weather|SunnyDay|[upkeep]\n|-heal|p1a: Torterra|9\/100|[from] Grassy Terrain\n|upkeep\n|inactive|ybybybbb has 120 seconds left.\n|\n|t:|1697243263\n|switch|p2b: Flutter Mane|Flutter Mane|100\/100\n|-activate|p2b: Flutter Mane|ability: Protosynthesis\n|-start|p2b: Flutter Mane|protosynthesisspe\n|turn|6\n|\n|t:|1697243276\n|move|p1b: Gourgeist|Shadow Sneak|p2b: Flutter Mane\n|-supereffective|p2b: Flutter Mane\n|-damage|p2b: Flutter Mane|42\/100\n|cant|p2a: Rillaboom|par\n|move|p1a: Torterra|Rock Blast|p2a: Rillaboom\n|-crit|p2a: Rillaboom\n|-damage|p2a: Rillaboom|66\/100 par\n|-damage|p2a: Rillaboom|51\/100 par\n|-damage|p2a: Rillaboom|37\/100 par\n|-damage|p2a: Rillaboom|20\/100 par\n|-hitcount|p2a: Rillaboom|4\n|move|p2b: Flutter Mane|Moonblast|p1b: Gourgeist\n|-damage|p1b: Gourgeist|64\/100\n|\n|-weather|SunnyDay|[upkeep]\n|-heal|p1a: Torterra|15\/100|[from] Grassy Terrain\n|-heal|p2b: Flutter Mane|48\/100|[from] Grassy Terrain\n|-heal|p1b: Gourgeist|71\/100|[from] Grassy Terrain\n|-heal|p2a: Rillaboom|26\/100 par|[from] Grassy Terrain\n|upkeep\n|turn|7\n|\n|t:|1697243302\n|switch|p2a: Landorus|Landorus-Therian, M|11\/100\n|-ability|p2a: Landorus|Intimidate|boost\n|-unboost|p1a: Torterra|atk|2\n|-unboost|p1b: Gourgeist|atk|1\n|move|p2b: Flutter Mane|Protect|p2b: Flutter Mane\n|-singleturn|p2b: Flutter Mane|Protect\n|move|p1b: Gourgeist|Shadow Sneak|p2a: Landorus\n|-damage|p2a: Landorus|1\/100\n|move|p1a: Torterra|Rock Blast|p2b: Flutter Mane\n|-activate|p2b: Flutter Mane|move: Protect\n|\n|-weather|SunnyDay|[upkeep]\n|-heal|p1a: Torterra|21\/100|[from] Grassy Terrain\n|-heal|p2b: Flutter Mane|53\/100|[from] Grassy Terrain\n|-heal|p1b: Gourgeist|77\/100|[from] Grassy Terrain\n|-fieldend|move: Grassy Terrain\n|upkeep\n|turn|8\n|inactive|ybybybbb has 120 seconds left.\n|\n|t:|1697243337\n|move|p1b: Gourgeist|Shadow Sneak|p2b: Flutter Mane\n|-supereffective|p2b: Flutter Mane\n|-damage|p2b: Flutter Mane|12\/100\n|move|p1a: Torterra|Bullet Seed|p2a: Landorus\n|-damage|p2a: Landorus|0 fnt\n|faint|p2a: Landorus\n|-hitcount|p2: Landorus|1\n|move|p2b: Flutter Mane|Dazzling Gleam|p1a: Torterra|[spread] p1a,p1b\n|-damage|p1a: Torterra|0 fnt\n|-damage|p1b: Gourgeist|54\/100\n|faint|p1a: Torterra\n|\n|-weather|SunnyDay|[upkeep]\n|-sideend|p2: ybybybbb|move: Aurora Veil\n|upkeep\n|\n|t:|1697243359\n|switch|p2a: Rillaboom|Rillaboom, F, tera:Grass|26\/100 par\n|switch|p1a: Nidoking|Nidoking, M|100\/100\n|-fieldstart|move: Grassy Terrain|[from] ability: Grassy Surge|[of] p2a: Rillaboom\n|turn|9\n|\n|t:|1697243370\n|move|p2b: Flutter Mane|Protect|p2b: Flutter Mane\n|-singleturn|p2b: Flutter Mane|Protect\n|move|p1b: Gourgeist|Shadow Sneak|p2b: Flutter Mane\n|-activate|p2b: Flutter Mane|move: Protect\n|move|p1a: Nidoking|Poison Jab|p2a: Rillaboom\n|-supereffective|p2a: Rillaboom\n|-damage|p2a: Rillaboom|0 fnt\n|faint|p2a: Rillaboom\n|\n|-weather|none\n|-end|p2b: Flutter Mane|Protosynthesis\n|-heal|p2b: Flutter Mane|18\/100|[from] Grassy Terrain\n|-heal|p1b: Gourgeist|60\/100|[from] Grassy Terrain\n|upkeep\n|\n|t:|1697243385\n|switch|p2a: Chi-Yu|Chi-Yu|100\/100\n|-ability|p2a: Chi-Yu|Beads of Ruin\n|turn|10\n|\n|t:|1697243397\n|move|p1b: Gourgeist|Shadow Sneak|p2b: Flutter Mane\n|-supereffective|p2b: Flutter Mane\n|-damage|p2b: Flutter Mane|0 fnt\n|faint|p2b: Flutter Mane\n|-end|p2b: Flutter Mane|Protosynthesis|[silent]\n|move|p2a: Chi-Yu|Heat Wave|p1a: Nidoking|[spread] p1a,p1b\n|-supereffective|p1b: Gourgeist\n|-damage|p1a: Nidoking|24\/100\n|-damage|p1b: Gourgeist|0 fnt\n|faint|p1b: Gourgeist\n|move|p1a: Nidoking|Scorching Sands|p2a: Chi-Yu\n|-supereffective|p2a: Chi-Yu\n|-damage|p2a: Chi-Yu|34\/100\n|\n|-heal|p2a: Chi-Yu|40\/100|[from] Grassy Terrain\n|-heal|p1a: Nidoking|30\/100|[from] Grassy Terrain\n|-heal|p1a: Nidoking|36\/100|[from] item: Black Sludge\n|upkeep\n|\n|t:|1697243411\n|switch|p1b: Tatsugiri|Tatsugiri-Droopy, M, shiny|100\/100\n|turn|11\n|\n|t:|1697243422\n|move|p2a: Chi-Yu|Heat Wave|p1a: Nidoking|[spread] p1a,p1b\n|-resisted|p1b: Tatsugiri\n|-damage|p1a: Nidoking|0 fnt\n|-damage|p1b: Tatsugiri|85\/100\n|faint|p1a: Nidoking\n|move|p1b: Tatsugiri|Draco Meteor|p2a: Chi-Yu\n|-damage|p2a: Chi-Yu|0 fnt\n|-unboost|p1b: Tatsugiri|spa|2\n|faint|p2a: Chi-Yu\n|\n|win|Theadonia\n|raw|Theadonia's rating: 1185 &rarr; <strong>1216<\/strong><br \/>(+31 for winning)\n|raw|ybybybbb's rating: 1271 &rarr; <strong>1240<\/strong><br \/>(-31 for losing)\n|c|\u2606Theadonia|Gg\n|l|\u2606ybybybbb\n","uploadtime":1697243445,"views":8,"p1id":"theadonia","p2id":"ybybybbb","formatid":"gen9nationaldexdoubles","rating":1216,"private":0,"password":""}