{"id":"gen9nationaldexdoubles-1982177192","p1":"MikazukiRex_","p2":"decidoustree","format":"[Gen 9] National Dex Doubles","log":"|j|\u2606MikazukiRex_\n|j|\u2606decidoustree\n|t:|1698975907\n|gametype|doubles\n|player|p1|MikazukiRex_|ltsurge|\n|player|p2|decidoustree|veteranf|\n|teamsize|p1|6\n|teamsize|p2|6\n|gen|9\n|tier|[Gen 9] National Dex Doubles\n|rule|HP Percentage Mod: HP is shown in percentages\n|rule|Endless Battle Clause: Forcing endless battles is banned\n|rule|OHKO Clause: OHKO moves are banned\n|rule|Evasion Moves Clause: Evasion moves are banned\n|rule|Evasion Abilities Clause: Evasion abilities are banned\n|rule|Species Clause: Limit one of each Pok\u00e9mon\n|rule|Gravity Sleep Clause: The combination of sleep-inducing moves with imperfect accuracy and Gravity or Gigantamax Orbeetle are banned\n|clearpoke\n|poke|p1|Chi-Yu|\n|poke|p1|Tsareena, F|\n|poke|p1|Dragonite, M|\n|poke|p1|Great Tusk|\n|poke|p1|Murkrow, M|\n|poke|p1|Dragapult, F|\n|poke|p2|Indeedee-F, F|\n|poke|p2|Scolipede, M|\n|poke|p2|Audino, F|\n|poke|p2|Garbodor, M|\n|poke|p2|Aegislash, M|\n|poke|p2|Krookodile, M|\n|teampreview\n|\n|t:|1698975927\n|start\n|switch|p1a: Murkrow|Murkrow, M|100\/100\n|switch|p1b: Great Tusk|Great Tusk|100\/100\n|switch|p2a: Amine|Audino, F|100\/100\n|switch|p2b: Eye Sword|Aegislash, M|100\/100\n|turn|1\n|\n|t:|1698975953\n|move|p1a: Murkrow|Sunny Day|p1a: Murkrow\n|-weather|SunnyDay\n|-activate|p1b: Great Tusk|ability: Protosynthesis\n|-start|p1b: Great Tusk|protosynthesisatk\n|move|p1b: Great Tusk|Earthquake|p2b: Eye Sword|[spread] p2a,p2b\n|-immune|p1a: Murkrow\n|-supereffective|p2b: Eye Sword\n|-damage|p2a: Amine|59\/100\n|-damage|p2b: Eye Sword|5\/100\n|-enditem|p2b: Eye Sword|Weakness Policy\n|-boost|p2b: Eye Sword|atk|2|[from] item: Weakness Policy\n|-boost|p2b: Eye Sword|spa|2|[from] item: Weakness Policy\n|move|p2b: Eye Sword|Swords Dance|p2b: Eye Sword\n|-boost|p2b: Eye Sword|atk|2\n|move|p2a: Amine|Trick Room|p2a: Amine\n|-fieldstart|move: Trick Room|[of] p2a: Amine\n|\n|-weather|SunnyDay|[upkeep]\n|upkeep\n|turn|2\n|\n|t:|1698975999\n|move|p2a: Amine|Helping Hand|p2b: Eye Sword\n|-singleturn|p2b: Eye Sword|Helping Hand|[of] p2a: Amine\n|move|p1a: Murkrow|Tailwind|p1a: Murkrow\n|-sidestart|p1: MikazukiRex_|move: Tailwind\n|-formechange|p2b: Eye Sword|Aegislash-Blade||[from] ability: Stance Change\n|move|p2b: Eye Sword|Sacred Sword|p1b: Great Tusk\n|-damage|p1b: Great Tusk|0 fnt\n|faint|p1b: Great Tusk\n|-end|p1b: Great Tusk|Protosynthesis|[silent]\n|\n|-weather|SunnyDay|[upkeep]\n|upkeep\n|\n|t:|1698976014\n|switch|p1b: Chi-Yu|Chi-Yu|100\/100\n|-ability|p1b: Chi-Yu|Beads of Ruin\n|turn|3\n|\n|t:|1698976031\n|move|p2a: Amine|Draining Kiss|p1a: Murkrow\n|-supereffective|p1a: Murkrow\n|-damage|p1a: Murkrow|77\/100\n|-heal|p2a: Amine|75\/100|[from] drain|[of] p1a: Murkrow\n|move|p2b: Eye Sword|Sacred Sword|p1b: Chi-Yu\n|-supereffective|p1b: Chi-Yu\n|-damage|p1b: Chi-Yu|0 fnt\n|faint|p1b: Chi-Yu\n|move|p1a: Murkrow|Brave Bird|p2a: Amine\n|-damage|p2a: Amine|48\/100\n|-damage|p1a: Murkrow|67\/100|[from] Recoil\n|\n|-weather|SunnyDay|[upkeep]\n|upkeep\n|\n|t:|1698976045\n|switch|p1b: Tsareena|Tsareena, F|100\/100\n|turn|4\n|\n|t:|1698976066\n|move|p2a: Amine|Draining Kiss|p1a: Murkrow\n|-supereffective|p1a: Murkrow\n|-damage|p1a: Murkrow|51\/100\n|-heal|p2a: Amine|60\/100|[from] drain|[of] p1a: Murkrow\n|move|p2b: Eye Sword|Iron Head|p1b: Tsareena\n|-damage|p1b: Tsareena|0 fnt\n|faint|p1b: Tsareena\n|move|p1a: Murkrow|Brave Bird|p2b: Eye Sword\n|-resisted|p2b: Eye Sword\n|-damage|p2b: Eye Sword|0 fnt\n|faint|p2b: Eye Sword\n|-damage|p1a: Murkrow|50\/100|[from] Recoil\n|\n|-weather|SunnyDay|[upkeep]\n|upkeep\n|c|\u2606MikazukiRex_|man sucks your trick room outplays me\n|c|\u2606MikazukiRex_|ph well\n|\n|t:|1698976089\n|switch|p2b: Garbage|Garbodor, M|100\/100\n|switch|p1b: Dragapult|Dragapult, F|100\/100\n|turn|5\n|\n|t:|1698976108\n|move|p2a: Amine|Draining Kiss|p1a: Murkrow\n|-supereffective|p1a: Murkrow\n|-damage|p1a: Murkrow|34\/100\n|-heal|p2a: Amine|71\/100|[from] drain|[of] p1a: Murkrow\n|move|p2b: Garbage|Rock Blast|p1b: Dragapult\n|-damage|p1b: Dragapult|92\/100\n|-damage|p1b: Dragapult|84\/100\n|-hitcount|p1b: Dragapult|2\n|move|p1a: Murkrow|Brave Bird|p2b: Garbage\n|-damage|p2b: Garbage|68\/100\n|-damage|p1a: Murkrow|21\/100|[from] Recoil\n|cant|p1b: Dragapult|flinch\n|\n|-weather|none\n|-heal|p2b: Garbage|74\/100|[from] item: Black Sludge\n|-sideend|p1: MikazukiRex_|move: Tailwind\n|-fieldend|move: Trick Room\n|upkeep\n|turn|6\n|c|\u2606decidoustree|i kind of like using trick room\n|c|\u2606MikazukiRex_|yea ggs\n|-message|MikazukiRex_ forfeited.\n|\n|win|decidoustree\n|l|\u2606MikazukiRex_\n","uploadtime":1698976133,"views":39,"p1id":"mikazukirex","p2id":"decidoustree","formatid":"gen9nationaldexdoubles","rating":0,"private":0,"password":""}