{"id":"gen9nationaldexdoubles-2000543217","p1":"dowwil6826","p2":"Raydalor","format":"[Gen 9] National Dex Doubles","log":"|j|\u2606dowwil6826\n|j|\u2606Raydalor\n|t:|1701203842\n|gametype|doubles\n|player|p1|dowwil6826|brycenman|1105\n|player|p2|Raydalor|101|1030\n|teamsize|p1|6\n|teamsize|p2|6\n|gen|9\n|tier|[Gen 9] National Dex Doubles\n|rated|\n|rule|HP Percentage Mod: HP is shown in percentages\n|rule|Endless Battle Clause: Forcing endless battles is banned\n|rule|OHKO Clause: OHKO moves are banned\n|rule|Evasion Moves Clause: Evasion moves are banned\n|rule|Evasion Abilities Clause: Evasion abilities are banned\n|rule|Species Clause: Limit one of each Pok\u00e9mon\n|rule|Gravity Sleep Clause: The combination of sleep-inducing moves with imperfect accuracy and Gravity or Gigantamax Orbeetle are banned\n|clearpoke\n|poke|p1|Houndoom, F|\n|poke|p1|Walking Wake|\n|poke|p1|Cherrim, F|\n|poke|p1|Scovillain, F|\n|poke|p1|Ogerpon-Hearthflame, F|\n|poke|p1|Torkoal, M|\n|poke|p2|Diancie|\n|poke|p2|Slowbro, M|\n|poke|p2|Indeedee-F, F|\n|poke|p2|Garchomp, M|\n|poke|p2|Tyranitar, M|\n|poke|p2|Orthworm, F|\n|teampreview\n|c|\u2606dowwil6826|GLHF\n|inactive|Battle timer is ON: inactive players will automatically lose when time's up. (requested by dowwil6826)\n|\n|t:|1701203850\n|start\n|switch|p1a: Torkoal|Torkoal, M|100\/100\n|switch|p1b: Scovillain|Scovillain, F|100\/100\n|switch|p2a: Indeedee|Indeedee-F, F|100\/100\n|switch|p2b: Tyranitar|Tyranitar, M|100\/100\n|-fieldstart|move: Psychic Terrain|[from] ability: Psychic Surge|[of] p2a: Indeedee\n|-weather|Sandstorm|[from] ability: Sand Stream|[of] p2b: Tyranitar\n|-weather|SunnyDay|[from] ability: Drought|[of] p1a: Torkoal\n|turn|1\n|\n|t:|1701203879\n|switch|p2b: Garchomp|Garchomp, M|100\/100\n|switch|p1a: Cherrim|Cherrim, F, shiny|100\/100\n|-formechange|p1a: Cherrim|Cherrim-Sunshine|[msg]|[from] ability: Flower Gift\n|move|p1b: Scovillain|Solar Beam||[still]\n|-prepare|p1b: Scovillain|Solar Beam\n|-anim|p1b: Scovillain|Solar Beam|p2b: Garchomp\n|-damage|p2b: Garchomp|52\/100\n|move|p2a: Indeedee|Reflect|p2a: Indeedee\n|-sidestart|p2: Raydalor|Reflect\n|\n|-weather|SunnyDay|[upkeep]\n|upkeep\n|turn|2\n|\n|t:|1701203898\n|switch|p2b: Tyranitar|Tyranitar, M|100\/100\n|-weather|Sandstorm|[from] ability: Sand Stream|[of] p2b: Tyranitar\n|-formechange|p1a: Cherrim|Cherrim|[msg]|[from] ability: Flower Gift\n|move|p2a: Indeedee|Light Screen|p2a: Indeedee\n|-sidestart|p2: Raydalor|move: Light Screen\n|move|p1a: Cherrim|Pollen Puff|p1b: Scovillain\n|-immune|p1b: Scovillain\n|move|p1b: Scovillain|Flamethrower|p2a: Indeedee\n|-damage|p2a: Indeedee|74\/100\n|\n|-weather|Sandstorm|[upkeep]\n|-damage|p2a: Indeedee|68\/100|[from] Sandstorm\n|-damage|p1a: Cherrim|94\/100|[from] Sandstorm\n|-damage|p1b: Scovillain|95\/100|[from] Sandstorm\n|-heal|p1a: Cherrim|100\/100|[from] item: Leftovers\n|upkeep\n|turn|3\n|inactive|Raydalor has 120 seconds left.\n|\n|t:|1701203933\n|switch|p1a: Torkoal|Torkoal, M|100\/100\n|-weather|SunnyDay|[from] ability: Drought|[of] p1a: Torkoal\n|switch|p1b: Walking Wake|Walking Wake|100\/100\n|-activate|p1b: Walking Wake|ability: Protosynthesis\n|-start|p1b: Walking Wake|protosynthesisspa\n|move|p2a: Indeedee|Energy Ball|p1a: Torkoal\n|-resisted|p1a: Torkoal\n|-damage|p1a: Torkoal|89\/100\n|move|p2b: Tyranitar|Thunder Punch|p1b: Walking Wake\n|-damage|p1b: Walking Wake|76\/100\n|\n|-weather|SunnyDay|[upkeep]\n|upkeep\n|turn|4\n|inactive|dowwil6826 has 120 seconds left.\n|\n|t:|1701203964\n|switch|p2b: Orthworm|Orthworm, F|100\/100\n|move|p1a: Torkoal|Protect|p1a: Torkoal\n|-singleturn|p1a: Torkoal|Protect\n|move|p1b: Walking Wake|Hydro Steam|p2b: Orthworm\n|-damage|p2b: Orthworm|21\/100\n|move|p2a: Indeedee|Energy Ball|p1b: Walking Wake\n|-damage|p1b: Walking Wake|54\/100\n|\n|-weather|SunnyDay|[upkeep]\n|-heal|p2b: Orthworm|27\/100|[from] item: Leftovers\n|upkeep\n|turn|5\n|\n|t:|1701203988\n|switch|p2b: Tyranitar|Tyranitar, M|100\/100\n|-weather|Sandstorm|[from] ability: Sand Stream|[of] p2b: Tyranitar\n|-end|p1b: Walking Wake|Protosynthesis\n|switch|p1a: Cherrim|Cherrim, F, shiny|100\/100\n|move|p1b: Walking Wake|Agility|p1b: Walking Wake\n|-boost|p1b: Walking Wake|spe|2\n|move|p2a: Indeedee|Energy Ball|p1b: Walking Wake\n|-damage|p1b: Walking Wake|28\/100\n|\n|-weather|Sandstorm|[upkeep]\n|-damage|p1b: Walking Wake|22\/100|[from] Sandstorm\n|-damage|p1a: Cherrim|94\/100|[from] Sandstorm\n|-damage|p2a: Indeedee|62\/100|[from] Sandstorm\n|-heal|p1a: Cherrim|100\/100|[from] item: Leftovers\n|-fieldend|move: Psychic Terrain\n|upkeep\n|turn|6\n|\n|t:|1701204015\n|switch|p1a: Torkoal|Torkoal, M|89\/100\n|-weather|SunnyDay|[from] ability: Drought|[of] p1a: Torkoal\n|-activate|p1b: Walking Wake|ability: Protosynthesis\n|-start|p1b: Walking Wake|protosynthesisspe\n|move|p1b: Walking Wake|Hydro Steam|p2b: Tyranitar\n|-supereffective|p2b: Tyranitar\n|-damage|p2b: Tyranitar|24\/100\n|move|p2a: Indeedee|Energy Ball|p1b: Walking Wake\n|-damage|p1b: Walking Wake|0 fnt\n|faint|p1b: Walking Wake\n|-end|p1b: Walking Wake|Protosynthesis|[silent]\n|move|p2b: Tyranitar|Thunder Punch|p1a: Torkoal\n|-damage|p1a: Torkoal|71\/100\n|\n|-weather|SunnyDay|[upkeep]\n|upkeep\n|inactive|dowwil6826 has 120 seconds left.\n|\n|t:|1701204036\n|switch|p1b: Ogerpon|Ogerpon-Hearthflame, F|100\/100\n|-ability|p1b: Ogerpon|Mold Breaker\n|turn|7\n|inactive|dowwil6826 has 120 seconds left.\n|\n|t:|1701204053\n|switch|p2b: Garchomp|Garchomp, M|52\/100\n|move|p1b: Ogerpon|Solar Blade||[still]\n|-prepare|p1b: Ogerpon|Solar Blade\n|-anim|p1b: Ogerpon|Solar Blade|p2b: Garchomp\n|-damage|p2b: Garchomp|10\/100\n|-damage|p1b: Ogerpon|88\/100|[from] ability: Rough Skin|[of] p2b: Garchomp\n|move|p2a: Indeedee|Heal Pulse|p2b: Garchomp\n|-heal|p2b: Garchomp|60\/100\n|move|p1a: Torkoal|Toxic|p2a: Indeedee\n|-status|p2a: Indeedee|tox\n|\n|-weather|SunnyDay|[upkeep]\n|-damage|p2a: Indeedee|56\/100 tox|[from] psn\n|upkeep\n|turn|8\n|inactive|dowwil6826 has 120 seconds left.\n|\n|t:|1701204098\n|switch|p2a: Tyranitar|Tyranitar, M|24\/100\n|-weather|Sandstorm|[from] ability: Sand Stream|[of] p2a: Tyranitar\n|switch|p1a: Cherrim|Cherrim, F, shiny|100\/100\n|move|p1b: Ogerpon|Knock Off|p2b: Garchomp\n|-damage|p2b: Garchomp|35\/100\n|-damage|p1b: Ogerpon|76\/100|[from] ability: Rough Skin|[of] p2b: Garchomp\n|-enditem|p2b: Garchomp|Choice Band|[from] move: Knock Off|[of] p1b: Ogerpon\n|move|p2b: Garchomp|Aqua Tail|p1b: Ogerpon\n|-damage|p1b: Ogerpon|37\/100\n|\n|-weather|Sandstorm|[upkeep]\n|-damage|p1b: Ogerpon|30\/100|[from] Sandstorm\n|-damage|p1a: Cherrim|94\/100|[from] Sandstorm\n|-heal|p1a: Cherrim|100\/100|[from] item: Leftovers\n|-sideend|p2: Raydalor|Reflect\n|upkeep\n|turn|9\n|inactive|dowwil6826 has 120 seconds left.\n|\n|t:|1701204128\n|switch|p1a: Torkoal|Torkoal, M|71\/100\n|-weather|SunnyDay|[from] ability: Drought|[of] p1a: Torkoal\n|switch|p2a: Orthworm|Orthworm, F|27\/100\n|-terastallize|p1b: Ogerpon|Fire\n|detailschange|p1b: Ogerpon|Ogerpon-Hearthflame-Tera, F, tera:Fire\n|-ability|p1b: Ogerpon|Embody Aspect (Hearthflame)|boost\n|-boost|p1b: Ogerpon|atk|1\n|move|p1b: Ogerpon|Solar Blade||[still]\n|-prepare|p1b: Ogerpon|Solar Blade\n|-anim|p1b: Ogerpon|Solar Blade|p2a: Orthworm\n|-resisted|p2a: Orthworm\n|-damage|p2a: Orthworm|0 fnt\n|faint|p2a: Orthworm\n|move|p2b: Garchomp|Aqua Tail|p1b: Ogerpon\n|-supereffective|p1b: Ogerpon\n|-damage|p1b: Ogerpon|0 fnt\n|faint|p1b: Ogerpon\n|\n|-weather|SunnyDay|[upkeep]\n|-sideend|p2: Raydalor|move: Light Screen\n|upkeep\n|inactive|dowwil6826 has 120 seconds left.\n|\n|t:|1701204156\n|switch|p1b: Cherrim|Cherrim, F, shiny|100\/100\n|switch|p2a: Diancie|Diancie|100\/100\n|-formechange|p1b: Cherrim|Cherrim-Sunshine|[msg]|[from] ability: Flower Gift\n|turn|10\n|inactive|dowwil6826 has 120 seconds left.\n|\n|t:|1701204177\n|switch|p2b: Tyranitar|Tyranitar, M|24\/100\n|-weather|Sandstorm|[from] ability: Sand Stream|[of] p2b: Tyranitar\n|-formechange|p1b: Cherrim|Cherrim|[msg]|[from] ability: Flower Gift\n|move|p1b: Cherrim|Energy Ball|p2b: Tyranitar\n|-supereffective|p2b: Tyranitar\n|-damage|p2b: Tyranitar|0 fnt\n|faint|p2b: Tyranitar\n|move|p2a: Diancie|Earth Power|p1a: Torkoal\n|-supereffective|p1a: Torkoal\n|-damage|p1a: Torkoal|22\/100\n|-unboost|p1a: Torkoal|spd|1\n|move|p1a: Torkoal|Toxic|p2a: Diancie\n|-status|p2a: Diancie|tox\n|\n|-weather|Sandstorm|[upkeep]\n|-damage|p1b: Cherrim|94\/100|[from] Sandstorm\n|-damage|p1a: Torkoal|16\/100|[from] Sandstorm\n|-heal|p1b: Cherrim|100\/100|[from] item: Leftovers\n|-damage|p2a: Diancie|94\/100 tox|[from] psn\n|upkeep\n|\n|t:|1701204201\n|switch|p2b: Garchomp|Garchomp, M|35\/100\n|turn|11\n|\n|t:|1701204215\n|switch|p1a: Scovillain|Scovillain, F|95\/100\n|move|p2b: Garchomp|Poison Jab|p1b: Cherrim\n|-supereffective|p1b: Cherrim\n|-damage|p1b: Cherrim|48\/100\n|-status|p1b: Cherrim|psn\n|move|p1b: Cherrim|Synthesis|p1b: Cherrim\n|-heal|p1b: Cherrim|73\/100 psn\n|move|p2a: Diancie|Diamond Storm|p1a: Scovillain|[spread] p1a,p1b\n|-supereffective|p1a: Scovillain\n|-damage|p1a: Scovillain|10\/100\n|-damage|p1b: Cherrim|49\/100 psn\n|-boost|p2a: Diancie|def|2\n|\n|-weather|Sandstorm|[upkeep]\n|-damage|p1b: Cherrim|43\/100 psn|[from] Sandstorm\n|-damage|p1a: Scovillain|4\/100|[from] Sandstorm\n|-heal|p1b: Cherrim|49\/100 psn|[from] item: Leftovers\n|-damage|p1b: Cherrim|37\/100 psn|[from] psn\n|-damage|p2a: Diancie|82\/100 tox|[from] psn\n|upkeep\n|turn|12\n|\n|t:|1701204244\n|switch|p1b: Torkoal|Torkoal, M|16\/100\n|-weather|SunnyDay|[from] ability: Drought|[of] p1b: Torkoal\n|move|p1a: Scovillain|Giga Drain|p2a: Diancie\n|-supereffective|p2a: Diancie\n|-damage|p2a: Diancie|33\/100 tox\n|-heal|p1a: Scovillain|30\/100|[from] drain|[of] p2a: Diancie\n|move|p2b: Garchomp|Poison Jab|p1b: Torkoal\n|-damage|p1b: Torkoal|0 fnt\n|faint|p1b: Torkoal\n|move|p2a: Diancie|Diamond Storm|p1a: Scovillain\n|-supereffective|p1a: Scovillain\n|-damage|p1a: Scovillain|0 fnt\n|-boost|p2a: Diancie|def|2\n|faint|p1a: Scovillain\n|\n|-weather|SunnyDay|[upkeep]\n|-damage|p2a: Diancie|14\/100 tox|[from] psn\n|upkeep\n|inactive|dowwil6826 has 120 seconds left.\n|\n|t:|1701204261\n|switch|p1a: Cherrim|Cherrim, F, shiny|37\/100 psn\n|switch|p1b: Houndoom|Houndoom, F|100\/100\n|-formechange|p1a: Cherrim|Cherrim-Sunshine|[msg]|[from] ability: Flower Gift\n|turn|13\n|inactive|dowwil6826 has 120 seconds left.\n|\n|t:|1701204292\n|detailschange|p1b: Houndoom|Houndoom-Mega, F\n|-mega|p1b: Houndoom|Houndoom|Houndoominite\n|move|p1b: Houndoom|Flame Charge|p2b: Garchomp\n|-resisted|p2b: Garchomp\n|-damage|p2b: Garchomp|23\/100\n|-boost|p1b: Houndoom|spe|1\n|-damage|p1b: Houndoom|88\/100|[from] ability: Rough Skin|[of] p2b: Garchomp\n|move|p2b: Garchomp|Poison Jab|p1a: Cherrim\n|-supereffective|p1a: Cherrim\n|-damage|p1a: Cherrim|0 fnt\n|faint|p1a: Cherrim\n|move|p2a: Diancie|Diamond Storm|p1b: Houndoom\n|-supereffective|p1b: Houndoom\n|-damage|p1b: Houndoom|18\/100\n|-boost|p2a: Diancie|def|2\n|\n|-weather|SunnyDay|[upkeep]\n|-damage|p1b: Houndoom|5\/100|[from] ability: Solar Power|[of] p1b: Houndoom\n|-damage|p2a: Diancie|0 fnt|[from] psn\n|faint|p2a: Diancie\n|upkeep\n|\n|t:|1701204315\n|switch|p2a: Slowbro|Slowbro, M|100\/100\n|turn|14\n|c|\u2606dowwil6826|gg\n|\n|t:|1701204325\n|detailschange|p2a: Slowbro|Slowbro-Mega, M\n|-mega|p2a: Slowbro|Slowbro|Slowbronite\n|move|p1b: Houndoom|Heat Wave|p2a: Slowbro|[spread] p2a,p2b\n|-resisted|p2a: Slowbro\n|-resisted|p2b: Garchomp\n|-damage|p2a: Slowbro|63\/100\n|-damage|p2b: Garchomp|0 fnt\n|faint|p2b: Garchomp\n|move|p2a: Slowbro|Scald|p1b: Houndoom\n|-supereffective|p1b: Houndoom\n|-damage|p1b: Houndoom|0 fnt\n|faint|p1b: Houndoom\n|\n|win|Raydalor\n|raw|dowwil6826's rating: 1105 &rarr; <strong>1075<\/strong><br \/>(-30 for losing)\n|raw|Raydalor's rating: 1030 &rarr; <strong>1073<\/strong><br \/>(+43 for winning)\n|l|\u2606dowwil6826\n","uploadtime":1701204342,"views":17,"p1id":"dowwil6826","p2id":"raydalor","formatid":"gen9nationaldexdoubles","rating":1073,"private":0,"password":""}