{"id":"gen9nationaldexdoubles-1996469527","p1":"fumbari 24","p2":"Quesolover4eva","format":"[Gen 9] National Dex Doubles","log":"|j|\u2606fumbari 24\n|j|\u2606Quesolover4eva\n|t:|1700685058\n|gametype|doubles\n|player|p1|fumbari 24|hilbert|1114\n|player|p2|Quesolover4eva|hilda|1145\n|teamsize|p1|6\n|teamsize|p2|6\n|gen|9\n|tier|[Gen 9] National Dex Doubles\n|rated|\n|rule|HP Percentage Mod: HP is shown in percentages\n|rule|Endless Battle Clause: Forcing endless battles is banned\n|rule|OHKO Clause: OHKO moves are banned\n|rule|Evasion Moves Clause: Evasion moves are banned\n|rule|Evasion Abilities Clause: Evasion abilities are banned\n|rule|Species Clause: Limit one of each Pok\u00e9mon\n|rule|Gravity Sleep Clause: The combination of sleep-inducing moves with imperfect accuracy and Gravity or Gigantamax Orbeetle are banned\n|clearpoke\n|poke|p1|Baxcalibur, M|\n|poke|p1|Dipplin, F|\n|poke|p1|Abomasnow, M|\n|poke|p1|Wigglytuff, F|\n|poke|p1|Pelipper, F|\n|poke|p1|Maushold-Four|\n|poke|p2|Shuckle, F|\n|poke|p2|Ninjask, M|\n|poke|p2|Jolteon, F|\n|poke|p2|Amoonguss, F|\n|poke|p2|Enamorus, F|\n|poke|p2|Flutter Mane|\n|teampreview\n|inactive|Battle timer is ON: inactive players will automatically lose when time's up. (requested by Quesolover4eva)\n|\n|t:|1700685075\n|start\n|switch|p1a: Baxcalibur|Baxcalibur, M|100\/100\n|switch|p1b: Abomasnow|Abomasnow, M|100\/100\n|switch|p2a: Shuckle|Shuckle, F|100\/100\n|switch|p2b: Ninjask|Ninjask, M|100\/100\n|-weather|Snow|[from] ability: Snow Warning|[of] p1b: Abomasnow\n|turn|1\n|\n|t:|1700685091\n|detailschange|p1b: Abomasnow|Abomasnow-Mega, M\n|-mega|p1b: Abomasnow|Abomasnow|Abomasite\n|move|p2b: Ninjask|Defog|p2a: Shuckle\n|-boost|p2a: Shuckle|evasion|1\n|move|p1a: Baxcalibur|Swords Dance|p1a: Baxcalibur\n|-boost|p1a: Baxcalibur|atk|2\n|move|p1b: Abomasnow|Aurora Veil|p1b: Abomasnow\n|-sidestart|p1: fumbari 24|move: Aurora Veil\n|move|p2a: Shuckle|Acupressure|p2b: Ninjask\n|-boost|p2b: Ninjask|atk|2\n|\n|-weather|Snow|[upkeep]\n|-ability|p2b: Ninjask|Speed Boost|boost\n|-boost|p2b: Ninjask|spe|1\n|upkeep\n|turn|2\n|inactive|fumbari 24 has 120 seconds left.\n|inactive|Quesolover4eva has 120 seconds left.\n|\n|t:|1700685138\n|move|p1a: Baxcalibur|Ice Shard|p2b: Ninjask\n|-supereffective|p2b: Ninjask\n|-damage|p2b: Ninjask|0 fnt\n|faint|p2b: Ninjask\n|move|p1b: Abomasnow|Blizzard|p2a: Shuckle\n|-damage|p2a: Shuckle|61\/100\n|move|p2a: Shuckle|Acupressure|p2: Ninjask|[notarget]\n|-fail|p2a: Shuckle\n|\n|-weather|Snow|[upkeep]\n|-heal|p2a: Shuckle|67\/100|[from] item: Leftovers\n|upkeep\n|inactive|Quesolover4eva has 120 seconds left.\n|\n|t:|1700685160\n|switch|p2b: Flutter Mane|Flutter Mane|100\/100\n|-enditem|p2b: Flutter Mane|Booster Energy\n|-activate|p2b: Flutter Mane|ability: Protosynthesis|[fromitem]\n|-start|p2b: Flutter Mane|protosynthesisspe\n|turn|3\n|inactive|Quesolover4eva has 120 seconds left.\n|\n|t:|1700685180\n|-terastallize|p2b: Flutter Mane|Fairy\n|move|p1a: Baxcalibur|Ice Shard|p2b: Flutter Mane\n|-damage|p2b: Flutter Mane|39\/100\n|move|p2b: Flutter Mane|Dazzling Gleam|p1b: Abomasnow|[spread] p1a,p1b\n|-supereffective|p1a: Baxcalibur\n|-damage|p1a: Baxcalibur|56\/100\n|-damage|p1b: Abomasnow|80\/100\n|move|p1b: Abomasnow|Blizzard|p2a: Shuckle|[spread] p2a,p2b\n|-damage|p2a: Shuckle|38\/100\n|-damage|p2b: Flutter Mane|4\/100\n|move|p2a: Shuckle|Gyro Ball|p1a: Baxcalibur\n|-supereffective|p1a: Baxcalibur\n|-damage|p1a: Baxcalibur|49\/100\n|\n|-weather|Snow|[upkeep]\n|-heal|p2a: Shuckle|44\/100|[from] item: Leftovers\n|upkeep\n|turn|4\n|inactive|Quesolover4eva has 120 seconds left.\n|\n|t:|1700685203\n|move|p2a: Shuckle|Protect|p2a: Shuckle\n|-singleturn|p2a: Shuckle|Protect\n|move|p1a: Baxcalibur|Ice Shard|p2b: Flutter Mane\n|-damage|p2b: Flutter Mane|0 fnt\n|faint|p2b: Flutter Mane\n|-end|p2b: Flutter Mane|Protosynthesis|[silent]\n|move|p1b: Abomasnow|Blizzard|p2a: Shuckle\n|-activate|p2a: Shuckle|move: Protect\n|\n|-weather|Snow|[upkeep]\n|-heal|p2a: Shuckle|50\/100|[from] item: Leftovers\n|upkeep\n|\n|t:|1700685208\n|switch|p2b: Enamorus|Enamorus, F|100\/100\n|turn|5\n|\n|t:|1700685223\n|move|p1a: Baxcalibur|Ice Shard|p2b: Enamorus\n|-supereffective|p2b: Enamorus\n|-damage|p2b: Enamorus|0 fnt\n|faint|p2b: Enamorus\n|move|p1b: Abomasnow|Blizzard|p2a: Shuckle\n|-damage|p2a: Shuckle|10\/100\n|-status|p2a: Shuckle|frz\n|-curestatus|p2a: Shuckle|frz|[msg]\n|move|p2a: Shuckle|Acupressure|p2: Enamorus|[notarget]\n|-fail|p2a: Shuckle\n|\n|-weather|none\n|-heal|p2a: Shuckle|16\/100|[from] item: Leftovers\n|-sideend|p1: fumbari 24|move: Aurora Veil\n|upkeep\n|\n|t:|1700685225\n|switch|p2b: Jolteon|Jolteon, F|100\/100\n|turn|6\n|\n|t:|1700685239\n|switch|p1b: Pelipper|Pelipper, F|100\/100\n|-weather|RainDance|[from] ability: Drizzle|[of] p1b: Pelipper\n|move|p1a: Baxcalibur|Ice Shard|p2b: Jolteon\n|-damage|p2b: Jolteon|26\/100\n|move|p2b: Jolteon|Thunder Wave|p1a: Baxcalibur\n|-status|p1a: Baxcalibur|par\n|move|p2a: Shuckle|Power Trick|p2a: Shuckle\n|-start|p2a: Shuckle|Power Trick\n|\n|-weather|RainDance|[upkeep]\n|-heal|p2a: Shuckle|23\/100|[from] item: Leftovers\n|upkeep\n|turn|7\n|\n|t:|1700685266\n|switch|p1b: Abomasnow|Abomasnow-Mega, M|80\/100\n|-weather|Snow|[from] ability: Snow Warning|[of] p1b: Abomasnow\n|move|p1a: Baxcalibur|Ice Shard|p2b: Jolteon\n|-damage|p2b: Jolteon|0 fnt\n|faint|p2b: Jolteon\n|move|p2a: Shuckle|Gyro Ball|p1a: Baxcalibur\n|-supereffective|p1a: Baxcalibur\n|-damage|p1a: Baxcalibur|0 fnt\n|faint|p1a: Baxcalibur\n|\n|-weather|Snow|[upkeep]\n|-heal|p2a: Shuckle|29\/100|[from] item: Leftovers\n|upkeep\n|\n|t:|1700685282\n|switch|p2b: Amoonguss|Amoonguss, F|100\/100\n|switch|p1a: Wigglytuff|Wigglytuff, F|100\/100\n|turn|8\n|\n|t:|1700685292\n|move|p2b: Amoonguss|Rage Powder|p2b: Amoonguss\n|-singleturn|p2b: Amoonguss|move: Rage Powder\n|move|p1a: Wigglytuff|Fire Blast|p2b: Amoonguss\n|-supereffective|p2b: Amoonguss\n|-damage|p2b: Amoonguss|59\/100\n|-status|p2b: Amoonguss|brn\n|move|p1b: Abomasnow|Blizzard|p2b: Amoonguss|[spread] p2a,p2b\n|-crit|p2a: Shuckle\n|-supereffective|p2b: Amoonguss\n|-damage|p2a: Shuckle|0 fnt\n|-damage|p2b: Amoonguss|0 fnt\n|faint|p2a: Shuckle\n|faint|p2b: Amoonguss\n|\n|win|fumbari 24\n|raw|fumbari 24's rating: 1114 &rarr; <strong>1141<\/strong><br \/>(+27 for winning)\n|raw|Quesolover4eva's rating: 1145 &rarr; <strong>1118<\/strong><br \/>(-27 for losing)\n|l|\u2606Quesolover4eva\n","uploadtime":1700685300,"views":3,"p1id":"fumbari24","p2id":"quesolover4eva","formatid":"gen9nationaldexdoubles","rating":1118,"private":0,"password":""}