{"id":"gen9nationaldexdoubles-1989193849","p1":"Vican259","p2":"Ubitroll","format":"[Gen 9] National Dex Doubles","log":"|j|\u2606Vican259\n|j|\u2606Ubitroll\n|t:|1699822060\n|gametype|doubles\n|player|p1|Vican259|bellelba|\n|player|p2|Ubitroll|depotagent|\n|teamsize|p1|6\n|teamsize|p2|6\n|gen|9\n|tier|[Gen 9] National Dex Doubles\n|rule|HP Percentage Mod: HP is shown in percentages\n|rule|Endless Battle Clause: Forcing endless battles is banned\n|rule|OHKO Clause: OHKO moves are banned\n|rule|Evasion Moves Clause: Evasion moves are banned\n|rule|Evasion Abilities Clause: Evasion abilities are banned\n|rule|Species Clause: Limit one of each Pok\u00e9mon\n|rule|Gravity Sleep Clause: The combination of sleep-inducing moves with imperfect accuracy and Gravity or Gigantamax Orbeetle are banned\n|clearpoke\n|poke|p1|Ting-Lu|\n|poke|p1|Crawdaunt, M|\n|poke|p1|Honchkrow, M|\n|poke|p1|Wo-Chien|\n|poke|p1|Houndoom, F|\n|poke|p1|Hydreigon, M|\n|poke|p2|Azumarill, F|\n|poke|p2|Iron Valiant|\n|poke|p2|Tinkaton, F|\n|poke|p2|Sylveon, F|\n|poke|p2|Gardevoir, F|\n|poke|p2|Dachsbun, M|\n|teampreview\n|\n|t:|1699822074\n|start\n|switch|p1a: No sp atac|Ting-Lu|100\/100\n|switch|p1b: Crawdaunt|Crawdaunt, M|100\/100\n|switch|p2a: Azumarill|Azumarill, F, shiny|100\/100\n|switch|p2b: Iron Valiant|Iron Valiant|100\/100\n|-ability|p1a: No sp atac|Vessel of Ruin\n|-enditem|p2b: Iron Valiant|Booster Energy\n|-activate|p2b: Iron Valiant|ability: Quark Drive|[fromitem]\n|-start|p2b: Iron Valiant|quarkdrivespe\n|turn|1\n|\n|t:|1699822096\n|move|p2a: Azumarill|Protect|p2a: Azumarill\n|-singleturn|p2a: Azumarill|Protect\n|move|p1a: No sp atac|Protect|p1a: No sp atac\n|-singleturn|p1a: No sp atac|Protect\n|move|p1b: Crawdaunt|Aqua Jet|p2b: Iron Valiant\n|-damage|p2b: Iron Valiant|41\/100\n|move|p2b: Iron Valiant|Close Combat|p1a: No sp atac\n|-activate|p1a: No sp atac|move: Protect\n|\n|upkeep\n|turn|2\n|\n|t:|1699822128\n|switch|p1a: No atac|Wo-Chien|100\/100\n|-ability|p1a: No atac|Tablets of Ruin\n|move|p1b: Crawdaunt|Aqua Jet|p2b: Iron Valiant\n|-damage|p2b: Iron Valiant|0 fnt\n|faint|p2b: Iron Valiant\n|-end|p2b: Iron Valiant|Quark Drive|[silent]\n|move|p2a: Azumarill|Belly Drum|p2a: Azumarill\n|-damage|p2a: Azumarill|50\/100\n|-setboost|p2a: Azumarill|atk|6|[from] move: Belly Drum\n|-enditem|p2a: Azumarill|Sitrus Berry|[eat]\n|-heal|p2a: Azumarill|75\/100|[from] item: Sitrus Berry\n|\n|upkeep\n|\n|t:|1699822175\n|switch|p2b: Gardevoir|Gardevoir, F, shiny|100\/100\n|-ability|p2b: Gardevoir|Adaptability|[from] ability: Trace|[of] p1b: Crawdaunt\n|turn|3\n|c|\u2606Ubitroll|!data adaptability\n|raw|<ul class=\"utilichart\"><li class=\"result\"><span class=\"col namecol\"><a href=\"https:\/\/dex.pokemonshowdown.com\/abilities\/adaptability\">Adaptability<\/a><\/span> <span class=\"col abilitydesccol\">This Pokemon's same-type attack bonus (STAB) is 2 instead of 1.5.<\/span> <\/li><li style=\"clear:both\"><\/li><\/ul>\n\n|\n|t:|1699822203\n|detailschange|p2b: Gardevoir|Gardevoir-Mega, F, shiny\n|-mega|p2b: Gardevoir|Gardevoir|Gardevoirite\n|move|p1a: No atac|Protect|p1a: No atac\n|-singleturn|p1a: No atac|Protect\n|move|p1b: Crawdaunt|Aqua Jet|p2b: Gardevoir\n|-damage|p2b: Gardevoir|65\/100\n|move|p2b: Gardevoir|Hyper Voice|p1a: No atac|[spread] p1b\n|-activate|p1a: No atac|move: Protect\n|-supereffective|p1b: Crawdaunt\n|-damage|p1b: Crawdaunt|0 fnt\n|faint|p1b: Crawdaunt\n|move|p2a: Azumarill|Knock Off|p1a: No atac\n|-activate|p1a: No atac|move: Protect\n|\n|upkeep\n|\n|t:|1699822215\n|switch|p1b: No sp atac|Ting-Lu|100\/100\n|-ability|p1b: No sp atac|Vessel of Ruin\n|turn|4\n|\n|t:|1699822230\n|move|p2a: Azumarill|Aqua Jet|p1b: No sp atac\n|-supereffective|p1b: No sp atac\n|-damage|p1b: No sp atac|19\/100\n|move|p2b: Gardevoir|Hyper Voice|p1a: No atac|[spread] p1a,p1b\n|-supereffective|p1a: No atac\n|-supereffective|p1b: No sp atac\n|-damage|p1a: No atac|57\/100\n|-damage|p1b: No sp atac|0 fnt\n|faint|p1b: No sp atac\n|move|p1a: No atac|Leech Seed|p2a: Azumarill\n|-start|p2a: Azumarill|move: Leech Seed\n|\n|-heal|p1a: No atac|63\/100|[from] item: Leftovers\n|-damage|p2a: Azumarill|63\/100|[from] Leech Seed|[of] p1a: No atac\n|-heal|p1a: No atac|76\/100|[silent]\n|upkeep\n|\n|t:|1699822245\n|switch|p1b: Hydreigon|Hydreigon, M|100\/100\n|turn|5\n|\n|t:|1699822256\n|-terastallize|p1b: Hydreigon|Steel\n|move|p1a: No atac|Protect|p1a: No atac\n|-singleturn|p1a: No atac|Protect\n|move|p2a: Azumarill|Aqua Jet|p1b: Hydreigon\n|-damage|p1b: Hydreigon|18\/100\n|move|p1b: Hydreigon|Flash Cannon|p2b: Gardevoir\n|-supereffective|p2b: Gardevoir\n|-damage|p2b: Gardevoir|0 fnt\n|faint|p2b: Gardevoir\n|\n|-heal|p1a: No atac|82\/100|[from] item: Leftovers\n|-damage|p2a: Azumarill|51\/100|[from] Leech Seed|[of] p1a: No atac\n|-heal|p1a: No atac|96\/100|[silent]\n|upkeep\n|\n|t:|1699822274\n|switch|p2b: Tinkaton|Tinkaton, F, shiny|100\/100\n|-ability|p2b: Tinkaton|Mold Breaker\n|turn|6\n|\n|t:|1699822318\n|switch|p1b: Honchkrow|Honchkrow, M|100\/100\n|move|p2a: Azumarill|Aqua Jet|p1b: Honchkrow\n|-damage|p1b: Honchkrow|0 fnt\n|faint|p1b: Honchkrow\n|move|p2b: Tinkaton|Encore|p1a: No atac\n|-start|p1a: No atac|Encore\n|move|p1a: No atac|Protect||[still]\n|-fail|p1a: No atac\n|\n|-heal|p1a: No atac|100\/100|[from] item: Leftovers\n|-damage|p2a: Azumarill|38\/100|[from] Leech Seed|[of] p1a: No atac\n|upkeep\n|\n|t:|1699822331\n|switch|p1b: Houndoom|Houndoom, F|100\/100\n|turn|7\n|\n|t:|1699822346\n|switch|p1a: Hydreigon|Hydreigon, M, tera:Steel|18\/100\n|detailschange|p1b: Houndoom|Houndoom-Mega, F\n|-mega|p1b: Houndoom|Houndoom|Houndoominite\n|move|p2a: Azumarill|Aqua Jet|p1b: Houndoom\n|-supereffective|p1b: Houndoom\n|-damage|p1b: Houndoom|0 fnt\n|faint|p1b: Houndoom\n|move|p2b: Tinkaton|Gigaton Hammer|p1a: Hydreigon\n|-resisted|p1a: Hydreigon\n|-damage|p1a: Hydreigon|0 fnt\n|faint|p1a: Hydreigon\n|\n|upkeep\n|\n|t:|1699822370\n|switch|p1a: No atac|Wo-Chien|100\/100\n|-ability|p1a: No atac|Tablets of Ruin\n|turn|8\n|\n|t:|1699822382\n|move|p2a: Azumarill|Aqua Jet|p1a: No atac\n|-resisted|p1a: No atac\n|-damage|p1a: No atac|72\/100\n|move|p2b: Tinkaton|Knock Off|p1a: No atac\n|-resisted|p1a: No atac\n|-damage|p1a: No atac|68\/100\n|-enditem|p1a: No atac|Leftovers|[from] move: Knock Off|[of] p2b: Tinkaton\n|move|p1a: No atac|Pollen Puff|p2a: Azumarill\n|-resisted|p2a: Azumarill\n|-damage|p2a: Azumarill|27\/100\n|\n|-damage|p2a: Azumarill|15\/100|[from] Leech Seed|[of] p1a: No atac\n|-heal|p1a: No atac|81\/100|[silent]\n|upkeep\n|turn|9\n|\n|t:|1699822400\n|move|p2a: Azumarill|Aqua Jet|p1a: No atac\n|-resisted|p1a: No atac\n|-damage|p1a: No atac|54\/100\n|move|p2b: Tinkaton|Gigaton Hammer|p1a: No atac\n|-damage|p1a: No atac|28\/100\n|move|p1a: No atac|Pollen Puff|p2a: Azumarill\n|-resisted|p2a: Azumarill\n|-damage|p2a: Azumarill|5\/100\n|\n|-damage|p2a: Azumarill|0 fnt|[from] Leech Seed|[of] p1a: No atac\n|-heal|p1a: No atac|33\/100|[silent]\n|faint|p2a: Azumarill\n|upkeep\n|\n|t:|1699822418\n|switch|p2a: Dachsbun|Dachsbun, M, shiny|100\/100\n|turn|10\n|\n|t:|1699822435\n|-terastallize|p2b: Tinkaton|Water\n|move|p2b: Tinkaton|Knock Off|p1a: No atac\n|-resisted|p1a: No atac\n|-damage|p1a: No atac|29\/100\n|move|p2a: Dachsbun|Body Press|p1a: No atac\n|-supereffective|p1a: No atac\n|-damage|p1a: No atac|0 fnt\n|faint|p1a: No atac\n|\n|win|Ubitroll\n","uploadtime":1699822448,"views":6,"p1id":"vican259","p2id":"ubitroll","formatid":"gen9nationaldexdoubles","rating":0,"private":0,"password":""}