{"id":"gen9nationaldexdoubles-1954527719","p1":"XKPTX","p2":"R.para ti","format":"[Gen 9] National Dex Doubles","log":"|j|\u2606XKPTX\n|j|\u2606R.para ti\n|t:|1695905876\n|gametype|doubles\n|player|p1|XKPTX|steven|1143\n|player|p2|R.para ti|265|1263\n|teamsize|p1|6\n|teamsize|p2|6\n|gen|9\n|tier|[Gen 9] National Dex Doubles\n|rated|\n|rule|HP Percentage Mod: HP is shown in percentages\n|rule|Endless Battle Clause: Forcing endless battles is banned\n|rule|OHKO Clause: OHKO moves are banned\n|rule|Evasion Moves Clause: Evasion moves are banned\n|rule|Evasion Abilities Clause: Evasion abilities are banned\n|rule|Species Clause: Limit one of each Pok\u00e9mon\n|rule|Gravity Sleep Clause: The combination of sleep-inducing moves with imperfect accuracy and Gravity or Gigantamax Orbeetle are banned\n|clearpoke\n|poke|p1|Mabosstiff, M|\n|poke|p1|Luxray, F|\n|poke|p1|Stantler, F|\n|poke|p1|Florges-Blue, F|\n|poke|p1|Gardevoir, F|\n|poke|p1|Oranguru, F|\n|poke|p2|Shuckle, F|\n|poke|p2|Mew|\n|poke|p2|Thundurus, M|\n|poke|p2|Eevee, M|\n|poke|p2|Kangaskhan, F|\n|poke|p2|Latios, M|\n|teampreview\n|\n|t:|1695905885\n|start\n|switch|p1a: Oranguru|Oranguru, F|100\/100\n|switch|p1b: Gardevoir|Gardevoir, F|100\/100\n|switch|p2a: Shuckle|Shuckle, F|100\/100\n|switch|p2b: Mew|Mew|100\/100\n|-ability|p1b: Gardevoir|Synchronize|[from] ability: Trace|[of] p2b: Mew\n|turn|1\n|j| azhduha\n|inactive|Battle timer is ON: inactive players will automatically lose when time's up. (requested by XKPTX)\n|\n|t:|1695905899\n|detailschange|p1b: Gardevoir|Gardevoir-Mega, F\n|-mega|p1b: Gardevoir|Gardevoir|Gardevoirite\n|-terastallize|p2b: Mew|Steel\n|move|p2b: Mew|Transform|p2a: Shuckle\n|-transform|p2b: Mew|p2a: Shuckle\n|move|p1b: Gardevoir|Hyper Voice|p2b: Mew|[spread] p2a,p2b\n|-resisted|p2b: Mew\n|-damage|p2a: Shuckle|67\/100\n|-damage|p2b: Mew|92\/100\n|move|p1a: Oranguru|Psychic Terrain|p1a: Oranguru\n|-fieldstart|move: Psychic Terrain\n|move|p2a: Shuckle|Toxic|p1a: Oranguru\n|-status|p1a: Oranguru|tox\n|\n|-heal|p2b: Mew|99\/100|[from] item: Leftovers\n|-damage|p1a: Oranguru|94\/100 tox|[from] psn\n|upkeep\n|turn|2\n|l| azhduha\n|j| azhduha\n|inactive|XKPTX has 120 seconds left.\n|\n|t:|1695905944\n|move|p1b: Gardevoir|Expanding Force|p2b: Mew|[spread] p2a,p2b\n|-resisted|p2b: Mew\n|-damage|p2a: Shuckle|19\/100\n|-damage|p2b: Mew|88\/100\n|move|p1a: Oranguru|Instruct|p1b: Gardevoir\n|-singleturn|p1b: Gardevoir|move: Instruct|[of] p1a: Oranguru\n|move|p1b: Gardevoir|Expanding Force|p2b: Mew|[spread] p2a,p2b\n|-resisted|p2b: Mew\n|-damage|p2a: Shuckle|0 fnt\n|-damage|p2b: Mew|76\/100\n|faint|p2a: Shuckle\n|move|p2b: Mew|Shell Smash|p2b: Mew\n|-boost|p2b: Mew|def|1\n|-boost|p2b: Mew|spd|1\n|-unboost|p2b: Mew|atk|2\n|-unboost|p2b: Mew|spa|2\n|-unboost|p2b: Mew|spe|2\n|\n|-heal|p1a: Oranguru|100\/100 tox|[from] item: Leftovers\n|-heal|p2b: Mew|82\/100|[from] item: Leftovers\n|-damage|p1a: Oranguru|88\/100 tox|[from] psn\n|upkeep\n|inactive|R.para ti has 120 seconds left.\n|\n|t:|1695905960\n|switch|p2a: Thundurus|Thundurus, M|100\/100\n|turn|3\n|inactive|XKPTX has 120 seconds left.\n|inactive|R.para ti has 120 seconds left.\n|\n|t:|1695906000\n|switch|p1a: Luxray|Luxray, F|100\/100\n|-ability|p1a: Luxray|Intimidate|boost\n|-unboost|p2a: Thundurus|atk|1\n|-boost|p2b: Mew|atk|1\n|move|p2a: Thundurus|Wildbolt Storm|p1b: Gardevoir|[spread] p1a,p1b\n|-resisted|p1a: Luxray\n|-damage|p1a: Luxray|87\/100\n|-damage|p1b: Gardevoir|69\/100\n|move|p1b: Gardevoir|Expanding Force|p2a: Thundurus|[spread] p2a,p2b\n|-resisted|p2b: Mew\n|-crit|p2b: Mew\n|-damage|p2a: Thundurus|27\/100\n|-damage|p2b: Mew|66\/100\n|move|p2b: Mew|Shell Smash|p2b: Mew\n|-boost|p2b: Mew|def|1\n|-boost|p2b: Mew|spd|1\n|-unboost|p2b: Mew|atk|2\n|-unboost|p2b: Mew|spa|2\n|-unboost|p2b: Mew|spe|2\n|\n|-heal|p2a: Thundurus|33\/100|[from] item: Leftovers\n|-heal|p2b: Mew|72\/100|[from] item: Leftovers\n|upkeep\n|turn|4\n|inactive|XKPTX has 120 seconds left.\n|inactive|R.para ti has 120 seconds left.\n|\n|t:|1695906033\n|switch|p2a: Latios|Latios, M|100\/100\n|move|p1b: Gardevoir|Expanding Force|p2a: Latios|[spread] p2a,p2b\n|-resisted|p2a: Latios\n|-resisted|p2b: Mew\n|-damage|p2a: Latios|73\/100\n|-damage|p2b: Mew|67\/100\n|move|p1a: Luxray|Trailblaze|p2a: Latios\n|-resisted|p2a: Latios\n|-damage|p2a: Latios|66\/100\n|-boost|p1a: Luxray|spe|1\n|move|p2b: Mew|Toxic|p1b: Gardevoir\n|-status|p1b: Gardevoir|tox\n|\n|-heal|p2a: Latios|72\/100|[from] item: Leftovers\n|-heal|p2b: Mew|73\/100|[from] item: Leftovers\n|-damage|p1b: Gardevoir|63\/100 tox|[from] psn\n|upkeep\n|turn|5\n|inactive|XKPTX has 120 seconds left.\n|inactive|R.para ti has 120 seconds left.\n|\n|t:|1695906062\n|move|p1a: Luxray|Wild Charge|p2b: Mew\n|-damage|p2b: Mew|64\/100\n|-damage|p1a: Luxray|84\/100|[from] Recoil\n|move|p2a: Latios|Psych Up|p2b: Mew\n|-copyboost|p2a: Latios|p2b: Mew|[from] move: Psych Up\n|move|p1b: Gardevoir|Hyper Voice|p2a: Latios|[spread] p2a,p2b\n|-supereffective|p2a: Latios\n|-resisted|p2b: Mew\n|-damage|p2a: Latios|37\/100\n|-damage|p2b: Mew|60\/100\n|move|p2b: Mew|Toxic|p1a: Luxray\n|-status|p1a: Luxray|tox\n|\n|-heal|p2a: Latios|43\/100|[from] item: Leftovers\n|-heal|p2b: Mew|67\/100|[from] item: Leftovers\n|-damage|p1a: Luxray|78\/100 tox|[from] psn\n|-damage|p1b: Gardevoir|50\/100 tox|[from] psn\n|-fieldend|move: Psychic Terrain\n|upkeep\n|turn|6\n|l| azhduha\n|inactive|XKPTX has 120 seconds left.\n|\n|t:|1695906084\n|move|p1a: Luxray|Play Rough|p2a: Latios\n|-supereffective|p2a: Latios\n|-damage|p2a: Latios|16\/100\n|move|p1b: Gardevoir|Hyper Voice|p2b: Mew|[spread] p2a,p2b\n|-supereffective|p2a: Latios\n|-resisted|p2b: Mew\n|-damage|p2a: Latios|0 fnt\n|-damage|p2b: Mew|63\/100\n|faint|p2a: Latios\n|move|p2b: Mew|Shell Smash|p2b: Mew\n|-boost|p2b: Mew|def|1\n|-boost|p2b: Mew|spd|1\n|-unboost|p2b: Mew|atk|2\n|-unboost|p2b: Mew|spa|2\n|-unboost|p2b: Mew|spe|2\n|\n|-heal|p2b: Mew|69\/100|[from] item: Leftovers\n|-damage|p1a: Luxray|66\/100 tox|[from] psn\n|-damage|p1b: Gardevoir|32\/100 tox|[from] psn\n|upkeep\n|j| azhduha\n|\n|t:|1695906092\n|switch|p2a: Thundurus|Thundurus, M|33\/100\n|turn|7\n|inactive|XKPTX has 120 seconds left.\n|\n|t:|1695906119\n|switch|p1b: Oranguru|Oranguru, F|88\/100 tox\n|move|p2a: Thundurus|Defog|p2b: Mew\n|-boost|p2b: Mew|evasion|1\n|move|p1a: Luxray|Play Rough|p2a: Thundurus\n|-damage|p2a: Thundurus|0 fnt\n|faint|p2a: Thundurus\n|move|p2b: Mew|Shell Smash|p2b: Mew\n|-boost|p2b: Mew|def|1\n|-boost|p2b: Mew|spd|1\n|-unboost|p2b: Mew|atk|1\n|-unboost|p2b: Mew|spa|0\n|-unboost|p2b: Mew|spe|0\n|\n|-heal|p1b: Oranguru|94\/100 tox|[from] item: Leftovers\n|-heal|p2b: Mew|75\/100|[from] item: Leftovers\n|-damage|p1a: Luxray|48\/100 tox|[from] psn\n|-damage|p1b: Oranguru|88\/100 tox|[from] psn\n|upkeep\n|\n|t:|1695906134\n|switch|p2a: Eevee|Eevee, M|100\/100\n|turn|8\n|\n|t:|1695906151\n|move|p1a: Luxray|Wild Charge|p2a: Eevee\n|-damage|p2a: Eevee|40\/100\n|-damage|p1a: Luxray|38\/100 tox|[from] Recoil\n|move|p1b: Oranguru|Instruct|p1a: Luxray\n|-singleturn|p1a: Luxray|move: Instruct|[of] p1b: Oranguru\n|move|p1a: Luxray|Wild Charge|p2a: Eevee\n|-damage|p2a: Eevee|0 fnt\n|faint|p2a: Eevee\n|-damage|p1a: Luxray|31\/100 tox|[from] Recoil\n|move|p2b: Mew|Infestation|p1b: Oranguru\n|-supereffective|p1b: Oranguru\n|-damage|p1b: Oranguru|87\/100 tox\n|-activate|p1b: Oranguru|move: Infestation|[of] p2b: Mew\n|\n|-heal|p1b: Oranguru|94\/100 tox|[from] item: Leftovers\n|-heal|p2b: Mew|81\/100|[from] item: Leftovers\n|-damage|p1a: Luxray|7\/100 tox|[from] psn\n|-damage|p1b: Oranguru|81\/100 tox|[from] psn\n|-damage|p1b: Oranguru|69\/100 tox|[from] move: Infestation|[partiallytrapped]\n|upkeep\n|inactive|R.para ti has 120 seconds left.\n|\n|t:|1695906178\n|switch|p2a: Kangaskhan|Kangaskhan, F|100\/100\n|turn|9\n|inactive|R.para ti has 120 seconds left.\n|\n|t:|1695906199\n|detailschange|p2a: Kangaskhan|Kangaskhan-Mega, F\n|-mega|p2a: Kangaskhan|Kangaskhan|Kangaskhanite\n|move|p1a: Luxray|Wild Charge|p2a: Kangaskhan\n|-damage|p2a: Kangaskhan|61\/100\n|-damage|p1a: Luxray|0 fnt|[from] Recoil\n|faint|p1a: Luxray\n|move|p2a: Kangaskhan|Power-Up Punch|p1b: Oranguru\n|-damage|p1b: Oranguru|56\/100 tox\n|-boost|p2a: Kangaskhan|atk|1\n|-damage|p1b: Oranguru|51\/100 tox\n|-boost|p2a: Kangaskhan|atk|1\n|-hitcount|p1b: Oranguru|2\n|move|p1b: Oranguru|Expanding Force|p2a: Kangaskhan\n|-damage|p2a: Kangaskhan|42\/100\n|move|p2b: Mew|Shell Smash|p2b: Mew\n|-boost|p2b: Mew|def|1\n|-boost|p2b: Mew|spd|1\n|-unboost|p2b: Mew|atk|0\n|-unboost|p2b: Mew|spa|0\n|-unboost|p2b: Mew|spe|0\n|\n|-heal|p1b: Oranguru|57\/100 tox|[from] item: Leftovers\n|-heal|p2b: Mew|88\/100|[from] item: Leftovers\n|-damage|p1b: Oranguru|38\/100 tox|[from] psn\n|-damage|p1b: Oranguru|26\/100 tox|[from] move: Infestation|[partiallytrapped]\n|upkeep\n|inactive|XKPTX has 120 seconds left.\n|\n|t:|1695906228\n|switch|p1a: Mabosstiff|Mabosstiff, M|100\/100\n|-ability|p1a: Mabosstiff|Intimidate|boost\n|-unboost|p2a: Kangaskhan|atk|1\n|-boost|p2b: Mew|atk|1\n|turn|10\n|\n|t:|1695906239\n|move|p2a: Kangaskhan|Drain Punch|p1a: Mabosstiff\n|-supereffective|p1a: Mabosstiff\n|-damage|p1a: Mabosstiff|15\/100\n|-heal|p2a: Kangaskhan|79\/100|[from] drain|[of] p1a: Mabosstiff\n|-supereffective|p1a: Mabosstiff\n|-damage|p1a: Mabosstiff|0 fnt\n|-heal|p2a: Kangaskhan|86\/100|[from] drain|[of] p1a: Mabosstiff\n|faint|p1a: Mabosstiff\n|-hitcount|p1: Mabosstiff|2\n|move|p1b: Oranguru|Instruct|p1: Mabosstiff|[notarget]\n|-fail|p1b: Oranguru\n|move|p2b: Mew|Toxic|p1b: Oranguru\n|-fail|p1b: Oranguru|tox\n|\n|-heal|p1b: Oranguru|32\/100 tox|[from] item: Leftovers\n|-heal|p2b: Mew|94\/100|[from] item: Leftovers\n|-damage|p1b: Oranguru|7\/100 tox|[from] psn\n|-damage|p1b: Oranguru|0 fnt|[from] move: Infestation|[partiallytrapped]\n|faint|p1b: Oranguru\n|upkeep\n|inactive|XKPTX has 120 seconds left.\n|\n|t:|1695906262\n|switch|p1a: Stantler|Stantler, F|100\/100\n|switch|p1b: Gardevoir|Gardevoir-Mega, F|32\/100 tox\n|-ability|p1a: Stantler|Intimidate|boost\n|-unboost|p2a: Kangaskhan|atk|1\n|-boost|p2b: Mew|atk|1\n|turn|11\n|\n|t:|1695906279\n|-terastallize|p1a: Stantler|Ghost\n|move|p2a: Kangaskhan|Power-Up Punch|p1a: Stantler\n|-immune|p1a: Stantler\n|move|p1b: Gardevoir|Hyper Voice|p2b: Mew|[spread] p2a,p2b\n|-resisted|p2b: Mew\n|-damage|p2a: Kangaskhan|49\/100\n|-damage|p2b: Mew|92\/100\n|move|p1a: Stantler|Double-Edge|p2a: Kangaskhan\n|-damage|p2a: Kangaskhan|12\/100\n|-damage|p1a: Stantler|86\/100|[from] Recoil\n|move|p2b: Mew|Infestation|p1a: Stantler\n|-resisted|p1a: Stantler\n|-damage|p1a: Stantler|86\/100\n|-activate|p1a: Stantler|move: Infestation|[of] p2b: Mew\n|\n|-heal|p2b: Mew|98\/100|[from] item: Leftovers\n|-damage|p1b: Gardevoir|25\/100 tox|[from] psn\n|-damage|p1a: Stantler|74\/100|[from] move: Infestation|[partiallytrapped]\n|upkeep\n|turn|12\n|\n|t:|1695906304\n|move|p1b: Gardevoir|Vacuum Wave|p2a: Kangaskhan\n|-supereffective|p2a: Kangaskhan\n|-damage|p2a: Kangaskhan|0 fnt\n|faint|p2a: Kangaskhan\n|move|p1a: Stantler|Reflect|p1a: Stantler\n|-sidestart|p1: XKPTX|Reflect\n|move|p2b: Mew|Toxic|p1a: Stantler\n|-status|p1a: Stantler|tox\n|\n|-heal|p2b: Mew|100\/100|[from] item: Leftovers\n|-damage|p1b: Gardevoir|13\/100 tox|[from] psn\n|-damage|p1a: Stantler|68\/100 tox|[from] psn\n|-damage|p1a: Stantler|55\/100 tox|[from] move: Infestation|[partiallytrapped]\n|upkeep\n|turn|13\n|c| azhduha|1000IQ\n|\n|t:|1695906332\n|move|p2b: Mew|Protect|p2b: Mew\n|-singleturn|p2b: Mew|Protect\n|move|p1b: Gardevoir|Vacuum Wave|p2b: Mew\n|-activate|p2b: Mew|move: Protect\n|move|p1a: Stantler|Double-Edge|p2b: Mew\n|-activate|p2b: Mew|move: Protect\n|\n|-damage|p1b: Gardevoir|0 fnt|[from] psn\n|faint|p1b: Gardevoir\n|-damage|p1a: Stantler|43\/100 tox|[from] psn\n|-damage|p1a: Stantler|31\/100 tox|[from] move: Infestation|[partiallytrapped]\n|upkeep\n|inactive|XKPTX has 120 seconds left.\n|\n|t:|1695906343\n|switch|p1b: Florges|Florges-Blue, F|100\/100\n|turn|14\n|\n|t:|1695906361\n|move|p1a: Stantler|Double-Edge|p2b: Mew|[miss]\n|-miss|p1a: Stantler|p2b: Mew\n|move|p1b: Florges|Calm Mind|p1b: Florges\n|-boost|p1b: Florges|spa|1\n|-boost|p1b: Florges|spd|1\n|move|p2b: Mew|Toxic|p1b: Florges\n|-status|p1b: Florges|tox\n|\n|-damage|p1a: Stantler|13\/100 tox|[from] psn\n|-damage|p1b: Florges|94\/100 tox|[from] psn\n|-damage|p1a: Stantler|1\/100 tox|[from] move: Infestation|[partiallytrapped]\n|upkeep\n|turn|15\n|\n|t:|1695906382\n|move|p1a: Stantler|Double-Edge|p2b: Mew\n|-resisted|p2b: Mew\n|-damage|p2b: Mew|98\/100\n|-damage|p1a: Stantler|0 fnt|[from] Recoil\n|faint|p1a: Stantler\n|move|p1b: Florges|Chilling Water|p2b: Mew\n|-damage|p2b: Mew|96\/100\n|-boost|p2b: Mew|atk|1\n|move|p2b: Mew|Infestation|p1b: Florges\n|-resisted|p1b: Florges\n|-damage|p1b: Florges|94\/100 tox\n|-activate|p1b: Florges|move: Infestation|[of] p2b: Mew\n|\n|-heal|p1b: Florges|99\/100 tox|[from] item: Leftovers\n|-heal|p2b: Mew|100\/100|[from] item: Leftovers\n|-damage|p1b: Florges|88\/100 tox|[from] psn\n|-damage|p1b: Florges|75\/100 tox|[from] move: Infestation|[partiallytrapped]\n|upkeep\n|turn|16\n|-message|XKPTX forfeited.\n|\n|win|R.para ti\n|raw|XKPTX's rating: 1143 &rarr; <strong>1126<\/strong><br \/>(-17 for losing)\n|raw|R.para ti's rating: 1263 &rarr; <strong>1280<\/strong><br \/>(+17 for winning)\n|l|\u2606XKPTX\n","uploadtime":1695906413,"views":11,"p1id":"xkptx","p2id":"rparati","formatid":"gen9nationaldexdoubles","rating":1126,"private":0,"password":""}