{"id":"gen9nationaldexdoubles-1980517717","p1":"FearlessFluf1","p2":"AnimalJoker7068","format":"[Gen 9] National Dex Doubles","log":"|j|\u2606FearlessFluf1\n|j|\u203dAnimalJoker7068\n|t:|1698792737\n|gametype|doubles\n|player|p1|FearlessFluf1|pokemaniac|1002\n|player|p2|AnimalJoker7068|265|1000\n|teamsize|p1|6\n|teamsize|p2|6\n|gen|9\n|tier|[Gen 9] National Dex Doubles\n|rated|\n|rule|HP Percentage Mod: HP is shown in percentages\n|rule|Endless Battle Clause: Forcing endless battles is banned\n|rule|OHKO Clause: OHKO moves are banned\n|rule|Evasion Moves Clause: Evasion moves are banned\n|rule|Evasion Abilities Clause: Evasion abilities are banned\n|rule|Species Clause: Limit one of each Pok\u00e9mon\n|rule|Gravity Sleep Clause: The combination of sleep-inducing moves with imperfect accuracy and Gravity or Gigantamax Orbeetle are banned\n|clearpoke\n|poke|p1|Slowbro-Galar, M|\n|poke|p1|Lucario, M|\n|poke|p1|Regieleki|\n|poke|p1|Dragapult, F|\n|poke|p1|Ariados, M|\n|poke|p1|Magikarp, F|\n|poke|p2|Talonflame, F|\n|poke|p2|Goodra-Hisui, M|\n|poke|p2|Darkrai|\n|poke|p2|Volcanion|\n|poke|p2|Dragonite, M|\n|poke|p2|Grimmsnarl, M|\n|teampreview\n|\n|t:|1698792751\n|start\n|switch|p1a: Regieleki|Regieleki|100\/100\n|switch|p1b: Lucario|Lucario, M|100\/100\n|switch|p2a: Volcanion|Volcanion|100\/100\n|switch|p2b: Dragonite|Dragonite, M|100\/100\n|turn|1\n|\n|t:|1698792776\n|-terastallize|p1a: Regieleki|Ghost\n|move|p1b: Lucario|Extreme Speed|p2b: Dragonite\n|-damage|p2b: Dragonite|77\/100\n|move|p1a: Regieleki|Electric Terrain|p1a: Regieleki\n|-fieldstart|move: Electric Terrain\n|-enditem|p1a: Regieleki|Electric Seed\n|-boost|p1a: Regieleki|def|1|[from] item: Electric Seed\n|move|p2b: Dragonite|Double-Edge|p1a: Regieleki\n|-immune|p1a: Regieleki\n|move|p2a: Volcanion|Earthquake|p1b: Lucario|[spread] p1a,p1b\n|-immune|p2b: Dragonite\n|-supereffective|p1b: Lucario\n|-damage|p1a: Regieleki|76\/100\n|-damage|p1b: Lucario|39\/100\n|\n|upkeep\n|turn|2\n|\n|t:|1698792797\n|move|p1a: Regieleki|Thunderbolt|p2a: Volcanion\n|-supereffective|p2a: Volcanion\n|-damage|p2a: Volcanion|0 fnt\n|faint|p2a: Volcanion\n|move|p1b: Lucario|Drain Punch|p2b: Dragonite\n|-resisted|p2b: Dragonite\n|-damage|p2b: Dragonite|61\/100\n|-heal|p1b: Lucario|50\/100|[from] drain|[of] p2b: Dragonite\n|move|p2b: Dragonite|Blizzard|p1b: Lucario|[spread] p1a\n|-miss|p2b: Dragonite|p1b: Lucario\n|-damage|p1a: Regieleki|41\/100\n|\n|upkeep\n|\n|t:|1698792813\n|switch|p2a: Darkrai|Darkrai|100\/100\n|turn|3\n|\n|t:|1698792829\n|move|p1a: Regieleki|Thunderbolt|p2b: Dragonite\n|-damage|p2b: Dragonite|14\/100\n|move|p2a: Darkrai|Hypnosis|p1b: Lucario|[miss]\n|-miss|p2a: Darkrai|p1b: Lucario\n|move|p1b: Lucario|Drain Punch|p2a: Darkrai\n|-supereffective|p2a: Darkrai\n|-damage|p2a: Darkrai|21\/100\n|-heal|p1b: Lucario|93\/100|[from] drain|[of] p2a: Darkrai\n|move|p2b: Dragonite|Draco Meteor|p1a: Regieleki\n|-damage|p1a: Regieleki|0 fnt\n|-unboost|p2b: Dragonite|spa|2\n|faint|p1a: Regieleki\n|\n|upkeep\n|\n|t:|1698792845\n|switch|p1a: Dragapult|Dragapult, F|100\/100\n|turn|4\n|\n|t:|1698792858\n|move|p1b: Lucario|Extreme Speed|p2b: Dragonite\n|-damage|p2b: Dragonite|0 fnt\n|faint|p2b: Dragonite\n|move|p1a: Dragapult|U-turn|p2a: Darkrai\n|-supereffective|p2a: Darkrai\n|-damage|p2a: Darkrai|0 fnt\n|faint|p2a: Darkrai\n|\n|t:|1698792867\n|switch|p1a: Ariados|Ariados, M|100\/100|[from] U-turn\n|\n|upkeep\n|\n|t:|1698792875\n|switch|p2a: Talonflame|Talonflame, F|100\/100\n|switch|p2b: Grimmsnarl|Grimmsnarl, M|100\/100\n|turn|5\n|\n|t:|1698792899\n|move|p2a: Talonflame|Brave Bird|p1a: Ariados\n|-supereffective|p1a: Ariados\n|-enditem|p1a: Ariados|Focus Sash\n|-damage|p1a: Ariados|1\/100\n|-damage|p2a: Talonflame|71\/100|[from] Recoil\n|move|p1b: Lucario|Drain Punch|p2b: Grimmsnarl\n|-damage|p2b: Grimmsnarl|59\/100\n|-heal|p1b: Lucario|100\/100|[from] drain|[of] p2b: Grimmsnarl\n|move|p2b: Grimmsnarl|Foul Play|p1b: Lucario\n|-resisted|p1b: Lucario\n|-damage|p1b: Lucario|70\/100\n|move|p1a: Ariados|Captivate|p2a: Talonflame|[spread] p2a\n|-immune|p2b: Grimmsnarl\n|-unboost|p2a: Talonflame|spa|2\n|\n|-fieldend|move: Electric Terrain\n|upkeep\n|turn|6\n|\n|t:|1698792942\n|move|p2a: Talonflame|Brave Bird|p1b: Lucario\n|-damage|p1b: Lucario|4\/100\n|-damage|p2a: Talonflame|52\/100|[from] Recoil\n|move|p1b: Lucario|Drain Punch|p2b: Grimmsnarl\n|-damage|p2b: Grimmsnarl|14\/100\n|-heal|p1b: Lucario|34\/100|[from] drain|[of] p2b: Grimmsnarl\n|-enditem|p2b: Grimmsnarl|Aguav Berry|[eat]\n|-heal|p2b: Grimmsnarl|48\/100|[from] item: Aguav Berry\n|move|p2b: Grimmsnarl|Crunch|p1a: Ariados\n|-damage|p1a: Ariados|0 fnt\n|faint|p1a: Ariados\n|\n|upkeep\n|\n|t:|1698792960\n|switch|p1a: Magikarp|Magikarp, F, shiny|100\/100\n|turn|7\n|\n|t:|1698792971\n|move|p1b: Lucario|Extreme Speed|p2a: Talonflame\n|-damage|p2a: Talonflame|17\/100\n|move|p2a: Talonflame|Brave Bird|p1b: Lucario\n|-damage|p1b: Lucario|0 fnt\n|faint|p1b: Lucario\n|-damage|p2a: Talonflame|7\/100|[from] Recoil\n|move|p1a: Magikarp|Hydro Pump|p2a: Talonflame\n|-supereffective|p2a: Talonflame\n|-damage|p2a: Talonflame|0 fnt\n|faint|p2a: Talonflame\n|move|p2b: Grimmsnarl|Foul Play|p1a: Magikarp\n|-damage|p1a: Magikarp|82\/100\n|\n|upkeep\n|\n|t:|1698792989\n|switch|p2a: Goodra|Goodra-Hisui, M|100\/100\n|switch|p1b: Slowbro|Slowbro-Galar, M, shiny|100\/100\n|turn|8\n|\n|t:|1698793003\n|move|p1a: Magikarp|Bounce||[still]\n|-prepare|p1a: Magikarp|Bounce\n|move|p2b: Grimmsnarl|Foul Play|p1b: Slowbro\n|-supereffective|p1b: Slowbro\n|-crit|p1b: Slowbro\n|-damage|p1b: Slowbro|32\/100\n|move|p2a: Goodra|Draco Meteor|p1b: Slowbro\n|-damage|p1b: Slowbro|0 fnt\n|-unboost|p2a: Goodra|spa|2\n|faint|p1b: Slowbro\n|\n|upkeep\n|\n|t:|1698793015\n|switch|p1b: Dragapult|Dragapult, F|100\/100\n|turn|9\n|\n|t:|1698793028\n|move|p1b: Dragapult|Draco Meteor|p2a: Goodra\n|-damage|p2a: Goodra|46\/100\n|-unboost|p1b: Dragapult|spa|2\n|move|p1a: Magikarp|Bounce|p2b: Grimmsnarl|[from]lockedmove\n|-damage|p2b: Grimmsnarl|41\/100\n|-status|p2b: Grimmsnarl|par\n|move|p2a: Goodra|Draco Meteor|p1b: Dragapult\n|-supereffective|p1b: Dragapult\n|-damage|p1b: Dragapult|45\/100\n|-unboost|p2a: Goodra|spa|2\n|move|p2b: Grimmsnarl|Foul Play|p1b: Dragapult\n|-supereffective|p1b: Dragapult\n|-damage|p1b: Dragapult|0 fnt\n|faint|p1b: Dragapult\n|\n|upkeep\n|turn|10\n|\n|t:|1698793051\n|move|p1a: Magikarp|Hydro Pump|p2b: Grimmsnarl\n|-damage|p2b: Grimmsnarl|29\/100 par\n|move|p2a: Goodra|Draco Meteor|p1a: Magikarp\n|-damage|p1a: Magikarp|35\/100\n|-unboost|p2a: Goodra|spa|2\n|move|p2b: Grimmsnarl|Foul Play|p1a: Magikarp\n|-damage|p1a: Magikarp|19\/100\n|\n|upkeep\n|turn|11\n|inactive|Battle timer is ON: inactive players will automatically lose when time's up. (requested by FearlessFluf1)\n|\n|t:|1698793083\n|move|p1a: Magikarp|Hydro Pump|p2b: Grimmsnarl\n|-damage|p2b: Grimmsnarl|18\/100 par\n|move|p2a: Goodra|Draco Meteor|p1a: Magikarp|[miss]\n|-miss|p2a: Goodra|p1a: Magikarp\n|move|p2b: Grimmsnarl|Foul Play|p1a: Magikarp\n|-damage|p1a: Magikarp|1\/100\n|\n|upkeep\n|turn|12\n|inactive|AnimalJoker7068 has 120 seconds left.\n|\n|t:|1698793133\n|move|p1a: Magikarp|Flail|p2b: Grimmsnarl\n|-damage|p2b: Grimmsnarl|5\/100 par\n|move|p2a: Goodra|Draco Meteor|p1a: Magikarp\n|-damage|p1a: Magikarp|0 fnt\n|faint|p1a: Magikarp\n|\n|win|AnimalJoker7068\n|raw|FearlessFluf1's rating: 1002 &rarr; <strong>1000<\/strong><br \/>(-2 for losing)\n|raw|AnimalJoker7068's rating: 1000 &rarr; <strong>1040<\/strong><br \/>(+40 for winning)\n","uploadtime":1698793144,"views":12,"p1id":"fearlessfluf1","p2id":"animaljoker7068","formatid":"gen9nationaldexdoubles","rating":1000,"private":0,"password":""}