{"id":"gen9nationaldexdoubles-1979078032","p1":"Krishy2007","p2":"Beast of Moonlight","format":"[Gen 9] National Dex Doubles","log":"|j|\u2606Krishy2007\n|j|\u2606Beast of Moonlight\n|t:|1698629342\n|gametype|doubles\n|player|p1|Krishy2007|265|\n|player|p2|Beast of Moonlight|riley|\n|teamsize|p1|6\n|teamsize|p2|6\n|gen|9\n|tier|[Gen 9] National Dex Doubles\n|rule|HP Percentage Mod: HP is shown in percentages\n|rule|Endless Battle Clause: Forcing endless battles is banned\n|rule|OHKO Clause: OHKO moves are banned\n|rule|Evasion Moves Clause: Evasion moves are banned\n|rule|Evasion Abilities Clause: Evasion abilities are banned\n|rule|Species Clause: Limit one of each Pok\u00e9mon\n|rule|Gravity Sleep Clause: The combination of sleep-inducing moves with imperfect accuracy and Gravity or Gigantamax Orbeetle are banned\n|clearpoke\n|poke|p1|Grimmsnarl, M|\n|poke|p1|Cinderace, F|\n|poke|p1|Goodra-Hisui, F|\n|poke|p1|Landorus-Therian, M|\n|poke|p1|Cradily, M|\n|poke|p1|Aegislash, F|\n|poke|p2|Meowstic, M|\n|poke|p2|Quaquaval, F|\n|poke|p2|Heatran, M|\n|poke|p2|Ninetales-Alola, M|\n|poke|p2|Krookodile, F|\n|poke|p2|Jumpluff, F|\n|teampreview\n|inactive|Battle timer is ON: inactive players will automatically lose when time's up. (requested by Krishy2007)\n|\n|t:|1698629359\n|start\n|switch|p1a: Grimmsnarl|Grimmsnarl, M, shiny|100\/100\n|switch|p1b: Goodra|Goodra-Hisui, F|100\/100\n|switch|p2a: Acererak|Meowstic, M|100\/100\n|switch|p2b: Cupid Shuffle|Quaquaval, F|100\/100\n|turn|1\n|\n|t:|1698629382\n|move|p2a: Acererak|Thunder Wave|p1b: Goodra\n|-status|p1b: Goodra|par\n|move|p1a: Grimmsnarl|Reflect|p1a: Grimmsnarl\n|-sidestart|p1: Krishy2007|Reflect\n|move|p2b: Cupid Shuffle|Brick Break|p1b: Goodra\n|-sideend|p1: Krishy2007|Reflect\n|-supereffective|p1b: Goodra\n|-damage|p1b: Goodra|48\/100 par\n|cant|p1b: Goodra|par\n|\n|-heal|p1b: Goodra|54\/100 par|[from] item: Leftovers\n|upkeep\n|turn|2\n|\n|t:|1698629400\n|move|p2a: Acererak|Helping Hand|p2b: Cupid Shuffle\n|-singleturn|p2b: Cupid Shuffle|Helping Hand|[of] p2a: Acererak\n|move|p1b: Goodra|Protect|p1b: Goodra\n|-singleturn|p1b: Goodra|Protect\n|move|p1a: Grimmsnarl|Taunt|p2a: Acererak\n|-start|p2a: Acererak|move: Taunt\n|-enditem|p2a: Acererak|Mental Herb\n|-end|p2a: Acererak|move: Taunt\n|move|p2b: Cupid Shuffle|Brick Break|p1b: Goodra\n|-activate|p1b: Goodra|move: Protect\n|\n|-heal|p1b: Goodra|60\/100 par|[from] item: Leftovers\n|upkeep\n|turn|3\n|inactive|Beast of Moonlight has 270 seconds left.\n|inactive|Krishy2007 has 270 seconds left.\n|\n|t:|1698629438\n|switch|p1b: Landorus|Landorus-Therian, M, shiny|100\/100\n|-ability|p1b: Landorus|Intimidate|boost\n|-unboost|p2a: Acererak|atk|1\n|-unboost|p2b: Cupid Shuffle|atk|1\n|move|p2a: Acererak|Thunder Wave|p1a: Grimmsnarl\n|-hint|Since gen 7, Dark is immune to Prankster moves.\n|-immune|p1a: Grimmsnarl\n|move|p1a: Grimmsnarl|Reflect|p1a: Grimmsnarl\n|-sidestart|p1: Krishy2007|Reflect\n|move|p2b: Cupid Shuffle|Brick Break|p1a: Grimmsnarl\n|-sideend|p1: Krishy2007|Reflect\n|-damage|p1a: Grimmsnarl|73\/100\n|\n|upkeep\n|turn|4\n|inactive|Beast of Moonlight has 270 seconds left.\n|\n|t:|1698629465\n|switch|p1b: Cradily|Cradily, M, shiny|100\/100\n|switch|p2b: Diddy4Coconut|Krookodile, F|100\/100\n|-ability|p2b: Diddy4Coconut|Intimidate|boost\n|-unboost|p1a: Grimmsnarl|atk|1\n|-unboost|p1b: Cradily|atk|1\n|move|p2a: Acererak|Charm|p1b: Cradily\n|-unboost|p1b: Cradily|atk|2\n|move|p1a: Grimmsnarl|Taunt|p2a: Acererak\n|-start|p2a: Acererak|move: Taunt\n|\n|upkeep\n|turn|5\n|\n|t:|1698629486\n|switch|p2b: Jester|Ninetales-Alola, M, shiny|100\/100\n|-weather|Snow|[from] ability: Snow Warning|[of] p2b: Jester\n|switch|p2a: Hullbreaker|Jumpluff, F|100\/100\n|move|p1a: Grimmsnarl|Reflect|p1a: Grimmsnarl\n|-sidestart|p1: Krishy2007|Reflect\n|move|p1b: Cradily|Toxic|p2a: Hullbreaker|[miss]\n|-miss|p1b: Cradily|p2a: Hullbreaker\n|\n|-weather|Snow|[upkeep]\n|upkeep\n|turn|6\n|\n|t:|1698629513\n|switch|p2a: Moradin|Heatran, M|100\/100\n|move|p1a: Grimmsnarl|Parting Shot|p2a: Moradin\n|-unboost|p2a: Moradin|atk|1\n|-unboost|p2a: Moradin|spa|1\n|inactive|Krishy2007 has 270 seconds left.\n|\n|t:|1698629524\n|switch|p1a: Cinderace|Cinderace, F, shiny|100\/100|[from] Parting Shot\n|move|p2b: Jester|Blizzard|p1a: Cinderace|[spread] p1a,p1b\n|-resisted|p1a: Cinderace\n|-supereffective|p1b: Cradily\n|-damage|p1a: Cinderace|83\/100\n|-damage|p1b: Cradily|33\/100\n|move|p1b: Cradily|Toxic|p2a: Moradin\n|-immune|p2a: Moradin\n|\n|-weather|Snow|[upkeep]\n|-heal|p1b: Cradily|39\/100|[from] item: Leftovers\n|upkeep\n|turn|7\n|\n|t:|1698629542\n|switch|p2b: Diddy4Coconut|Krookodile, F|100\/100\n|-ability|p2b: Diddy4Coconut|Intimidate|boost\n|-unboost|p1a: Cinderace|atk|1\n|-unboost|p1b: Cradily|atk|1\n|switch|p1b: Landorus|Landorus-Therian, M, shiny|100\/100\n|-ability|p1b: Landorus|Intimidate|boost\n|-unboost|p2a: Moradin|atk|1\n|-unboost|p2b: Diddy4Coconut|atk|1\n|move|p1a: Cinderace|Pyro Ball|p2b: Diddy4Coconut\n|-damage|p2b: Diddy4Coconut|59\/100\n|move|p2a: Moradin|Substitute|p2a: Moradin\n|-start|p2a: Moradin|Substitute\n|-damage|p2a: Moradin|76\/100\n|\n|-weather|Snow|[upkeep]\n|-heal|p2a: Moradin|82\/100|[from] item: Leftovers\n|upkeep\n|turn|8\n|inactive|Beast of Moonlight has 270 seconds left.\n|\n|t:|1698629572\n|move|p2b: Diddy4Coconut|Rock Slide|p1a: Cinderace|[spread] p1a,p1b\n|-supereffective|p1a: Cinderace\n|-damage|p1a: Cinderace|63\/100\n|-damage|p1b: Landorus|91\/100\n|move|p1a: Cinderace|U-turn|p2b: Diddy4Coconut\n|-supereffective|p2b: Diddy4Coconut\n|-damage|p2b: Diddy4Coconut|27\/100\n|\n|t:|1698629579\n|switch|p1a: Grimmsnarl|Grimmsnarl, M, shiny|73\/100|[from] U-turn\n|move|p1b: Landorus|Earthquake|p2b: Diddy4Coconut|[spread] p1a,p2a,p2b\n|-supereffective|p2a: Moradin\n|-end|p2a: Moradin|Substitute\n|-damage|p1a: Grimmsnarl|41\/100\n|-damage|p2b: Diddy4Coconut|0 fnt\n|faint|p2b: Diddy4Coconut\n|move|p2a: Moradin|Will-O-Wisp|p1b: Landorus|[miss]\n|-miss|p2a: Moradin|p1b: Landorus\n|\n|-weather|Snow|[upkeep]\n|-heal|p1b: Landorus|97\/100|[from] item: Leftovers\n|-heal|p2a: Moradin|88\/100|[from] item: Leftovers\n|upkeep\n|inactive|Beast of Moonlight has 270 seconds left.\n|j| TheOfficialSlade\n|\n|t:|1698629594\n|switch|p2b: Cupid Shuffle|Quaquaval, F|100\/100\n|turn|9\n|\n|t:|1698629609\n|switch|p2a: Acererak|Meowstic, M|100\/100\n|move|p1a: Grimmsnarl|Parting Shot|p2b: Cupid Shuffle\n|-unboost|p2b: Cupid Shuffle|atk|1\n|-unboost|p2b: Cupid Shuffle|spa|1\n|\n|t:|1698629617\n|switch|p1a: Goodra|Goodra-Hisui, F|60\/100 par|[from] Parting Shot\n|move|p1b: Landorus|Earthquake|p2b: Cupid Shuffle|[spread] p1a,p2a,p2b\n|-supereffective|p1a: Goodra\n|-damage|p1a: Goodra|24\/100 par\n|-damage|p2a: Acererak|64\/100\n|-damage|p2b: Cupid Shuffle|46\/100\n|move|p2b: Cupid Shuffle|Aqua Step|p1a: Goodra\n|-resisted|p1a: Goodra\n|-damage|p1a: Goodra|17\/100 par\n|-boost|p2b: Cupid Shuffle|spe|1\n|\n|-weather|none\n|-heal|p1b: Landorus|100\/100|[from] item: Leftovers\n|-heal|p1a: Goodra|24\/100 par|[from] item: Leftovers\n|upkeep\n|turn|10\n|\n|t:|1698629637\n|switch|p1b: Cradily|Cradily, M, shiny|39\/100\n|move|p1a: Goodra|Protect|p1a: Goodra\n|-singleturn|p1a: Goodra|Protect\n|move|p2a: Acererak|Charm|p1b: Cradily\n|-unboost|p1b: Cradily|atk|2\n|move|p2b: Cupid Shuffle|Brick Break|p1a: Goodra\n|-activate|p1a: Goodra|move: Protect\n|\n|-heal|p1b: Cradily|45\/100|[from] item: Leftovers\n|-heal|p1a: Goodra|30\/100 par|[from] item: Leftovers\n|upkeep\n|turn|11\n|inactive|Beast of Moonlight has 270 seconds left.\n|\n|t:|1698629668\n|move|p2a: Acererak|Thunder Wave|p1b: Cradily\n|-status|p1b: Cradily|par\n|move|p2b: Cupid Shuffle|Ice Spinner|p1b: Cradily\n|-supereffective|p1b: Cradily\n|-damage|p1b: Cradily|31\/100 par\n|move|p1a: Goodra|Heavy Slam|p2a: Acererak\n|-damage|p2a: Acererak|28\/100\n|cant|p1b: Cradily|par\n|\n|-heal|p1a: Goodra|36\/100 par|[from] item: Leftovers\n|-heal|p1b: Cradily|37\/100 par|[from] item: Leftovers\n|upkeep\n|turn|12\n|\n|t:|1698629683\n|move|p2a: Acererak|Helping Hand|p2b: Cupid Shuffle\n|-singleturn|p2b: Cupid Shuffle|Helping Hand|[of] p2a: Acererak\n|move|p2b: Cupid Shuffle|Brick Break|p1b: Cradily\n|-sideend|p1: Krishy2007|Reflect\n|-supereffective|p1b: Cradily\n|-damage|p1b: Cradily|0 fnt\n|faint|p1b: Cradily\n|-ability|p2b: Cupid Shuffle|Moxie|boost\n|-boost|p2b: Cupid Shuffle|atk|1\n|move|p1a: Goodra|Body Press|p2b: Cupid Shuffle\n|-damage|p2b: Cupid Shuffle|14\/100\n|\n|-heal|p1a: Goodra|42\/100 par|[from] item: Leftovers\n|upkeep\n|\n|t:|1698629696\n|switch|p1b: Aegislash|Aegislash, F, shiny|100\/100\n|turn|13\n|\n|t:|1698629716\n|-terastallize|p2a: Acererak|Fairy\n|move|p2a: Acererak|Charm|p1b: Aegislash\n|-unboost|p1b: Aegislash|atk|2\n|-formechange|p1b: Aegislash|Aegislash-Blade||[from] ability: Stance Change\n|move|p1b: Aegislash|Shadow Sneak|p2b: Cupid Shuffle\n|-damage|p2b: Cupid Shuffle|0 fnt\n|faint|p2b: Cupid Shuffle\n|move|p1a: Goodra|Heavy Slam|p2a: Acererak\n|-supereffective|p2a: Acererak\n|-damage|p2a: Acererak|0 fnt\n|faint|p2a: Acererak\n|\n|-heal|p1a: Goodra|49\/100 par|[from] item: Leftovers\n|upkeep\n|inactive|Beast of Moonlight has 270 seconds left.\n|\n|t:|1698629738\n|switch|p2b: Jester|Ninetales-Alola, M, shiny|100\/100\n|switch|p2a: Moradin|Heatran, M|88\/100\n|-weather|Snow|[from] ability: Snow Warning|[of] p2b: Jester\n|turn|14\n|\n|t:|1698629751\n|move|p2b: Jester|Blizzard|p1a: Goodra|[spread] p1a,p1b\n|-resisted|p1b: Aegislash\n|-damage|p1a: Goodra|27\/100 par\n|-damage|p1b: Aegislash|64\/100\n|move|p1b: Aegislash|Swords Dance|p1b: Aegislash\n|-boost|p1b: Aegislash|atk|2\n|move|p2a: Moradin|Heat Wave|p1b: Aegislash|[spread] p1a\n|-miss|p2a: Moradin|p1b: Aegislash\n|-damage|p1a: Goodra|2\/100 par\n|move|p1a: Goodra|Heavy Slam|p2b: Jester\n|-supereffective|p2b: Jester\n|-damage|p2b: Jester|0 fnt\n|faint|p2b: Jester\n|\n|-weather|Snow|[upkeep]\n|-heal|p2a: Moradin|94\/100|[from] item: Leftovers\n|-heal|p1a: Goodra|8\/100 par|[from] item: Leftovers\n|upkeep\n|\n|t:|1698629766\n|switch|p2b: Hullbreaker|Jumpluff, F|100\/100\n|turn|15\n|\n|t:|1698629787\n|switch|p1b: Landorus|Landorus-Therian, M, shiny|100\/100\n|-ability|p1b: Landorus|Intimidate|boost\n|-unboost|p2a: Moradin|atk|1\n|-unboost|p2b: Hullbreaker|atk|1\n|switch|p1a: Cinderace|Cinderace, F, shiny|63\/100\n|move|p2b: Hullbreaker|Tailwind|p2b: Hullbreaker\n|-sidestart|p2: Beast of Moonlight|move: Tailwind\n|move|p2a: Moradin|Heat Wave|p1b: Landorus|[spread] p1a,p1b\n|-resisted|p1a: Cinderace\n|-damage|p1a: Cinderace|38\/100\n|-damage|p1b: Landorus|47\/100\n|\n|-weather|Snow|[upkeep]\n|-heal|p2a: Moradin|100\/100|[from] item: Leftovers\n|-heal|p1b: Landorus|53\/100|[from] item: Leftovers\n|upkeep\n|turn|16\n|\n|t:|1698629809\n|move|p2b: Hullbreaker|Strength Sap|p1a: Cinderace\n|-unboost|p1a: Cinderace|atk|1\n|move|p2a: Moradin|Will-O-Wisp|p1b: Landorus\n|-status|p1b: Landorus|brn\n|move|p1a: Cinderace|Pyro Ball|p2b: Hullbreaker\n|-supereffective|p2b: Hullbreaker\n|-crit|p2b: Hullbreaker\n|-damage|p2b: Hullbreaker|0 fnt\n|faint|p2b: Hullbreaker\n|move|p1b: Landorus|Earthquake|p2a: Moradin|[spread] p1a,p2a\n|-supereffective|p1a: Cinderace\n|-supereffective|p2a: Moradin\n|-damage|p1a: Cinderace|0 fnt\n|-damage|p2a: Moradin|30\/100\n|faint|p1a: Cinderace\n|\n|-weather|Snow|[upkeep]\n|-heal|p2a: Moradin|36\/100|[from] item: Leftovers\n|-heal|p1b: Landorus|59\/100 brn|[from] item: Leftovers\n|-damage|p1b: Landorus|53\/100 brn|[from] brn\n|upkeep\n|\n|t:|1698629822\n|switch|p1a: Aegislash|Aegislash, F, shiny|64\/100\n|turn|17\n|\n|t:|1698629828\n|move|p2a: Moradin|Heat Wave|p1a: Aegislash|[spread] p1a,p1b\n|-supereffective|p1a: Aegislash\n|-damage|p1a: Aegislash|0 fnt\n|-damage|p1b: Landorus|0 fnt\n|faint|p1a: Aegislash\n|faint|p1b: Landorus\n|\n|-weather|Snow|[upkeep]\n|-heal|p2a: Moradin|43\/100|[from] item: Leftovers\n|upkeep\n|\n|t:|1698629833\n|switch|p1b: Goodra|Goodra-Hisui, F|8\/100 par\n|switch|p1a: Grimmsnarl|Grimmsnarl, M, shiny|41\/100\n|turn|18\n|inactive|Krishy2007 has 270 seconds left.\n|\n|t:|1698629874\n|move|p1a: Grimmsnarl|Light Screen|p1a: Grimmsnarl\n|-sidestart|p1: Krishy2007|move: Light Screen\n|move|p2a: Moradin|Heat Wave|p1a: Grimmsnarl|[spread] p1a,p1b\n|-damage|p1a: Grimmsnarl|23\/100\n|-damage|p1b: Goodra|0 fnt\n|faint|p1b: Goodra\n|\n|-weather|none\n|-heal|p2a: Moradin|49\/100|[from] item: Leftovers\n|-sideend|p2: Beast of Moonlight|move: Tailwind\n|upkeep\n|turn|19\n|c|\u2606Krishy2007|gg\n|c|\u2606Beast of Moonlight|gg\n|inactive|Krishy2007 has 270 seconds left.\n|c|\u2606Krishy2007|misplayes :(\n|\n|t:|1698629895\n|move|p1a: Grimmsnarl|Reflect|p1a: Grimmsnarl\n|-sidestart|p1: Krishy2007|Reflect\n|move|p2a: Moradin|Flash Cannon|p1a: Grimmsnarl\n|-supereffective|p1a: Grimmsnarl\n|-damage|p1a: Grimmsnarl|0 fnt\n|faint|p1a: Grimmsnarl\n|\n|win|Beast of Moonlight\n|l|\u2606Krishy2007\n|l|\u2606Beast of Moonlight\n|j| landlord79\n","uploadtime":1698629904,"views":36,"p1id":"krishy2007","p2id":"beastofmoonlight","formatid":"gen9nationaldexdoubles","rating":0,"private":0,"password":""}