{"id":"gen9nationaldexdoubles-1956507172","p1":"Bananamann457","p2":"S1r.sweepsaLot","format":"[Gen 9] National Dex Doubles","log":"|j|\u2606Bananamann457\n|j|\u2606S1r.sweepsaLot\n|t:|1696115020\n|gametype|doubles\n|player|p1|Bananamann457|scientist-gen4|\n|player|p2|S1r.sweepsaLot|marshal|\n|teamsize|p1|6\n|teamsize|p2|6\n|gen|9\n|tier|[Gen 9] National Dex Doubles\n|rule|HP Percentage Mod: HP is shown in percentages\n|rule|Endless Battle Clause: Forcing endless battles is banned\n|rule|OHKO Clause: OHKO moves are banned\n|rule|Evasion Moves Clause: Evasion moves are banned\n|rule|Evasion Abilities Clause: Evasion abilities are banned\n|rule|Species Clause: Limit one of each Pok\u00e9mon\n|rule|Gravity Sleep Clause: The combination of sleep-inducing moves with imperfect accuracy and Gravity or Gigantamax Orbeetle are banned\n|clearpoke\n|poke|p1|Mudsdale, M|\n|poke|p1|Flutter Mane|\n|poke|p1|Palafin, M|\n|poke|p1|Arcanine, F|\n|poke|p1|Whimsicott, F|\n|poke|p1|Lucario, M|\n|poke|p2|Tyranitar, M|\n|poke|p2|Excadrill, F|\n|poke|p2|Togekiss, M|\n|poke|p2|Kommo-o, M|\n|poke|p2|Gholdengo|\n|poke|p2|Incineroar, F|\n|teampreview\n|j| peeepee\n|l| peeepee\n|j| peeepee\n|l| peeepee\n|j| peeepee\n|j| thundervoltss\n|\n|t:|1696115176\n|start\n|switch|p1a: All Might|Palafin, M|100\/100\n|switch|p1b: Flushdrivus|Flutter Mane|100\/100\n|switch|p2a: Nala|Incineroar, F|100\/100\n|switch|p2b: Money Bags|Gholdengo, shiny|100\/100\n|-ability|p2a: Nala|Intimidate|boost\n|-unboost|p1a: All Might|atk|1\n|-unboost|p1b: Flushdrivus|atk|1\n|-enditem|p1b: Flushdrivus|Booster Energy\n|-activate|p1b: Flushdrivus|ability: Protosynthesis|[fromitem]\n|-start|p1b: Flushdrivus|protosynthesisspa\n|turn|1\n|\n|t:|1696115201\n|move|p2b: Money Bags|Protect|p2b: Money Bags\n|-singleturn|p2b: Money Bags|Protect\n|move|p1b: Flushdrivus|Shadow Ball|p2b: Money Bags\n|-activate|p2b: Money Bags|move: Protect\n|move|p1a: All Might|Wave Crash|p2a: Nala\n|-supereffective|p2a: Nala\n|-damage|p2a: Nala|40\/100\n|-damage|p1a: All Might|80\/100|[from] Recoil\n|move|p2a: Nala|Parting Shot|p1b: Flushdrivus\n|-unboost|p1b: Flushdrivus|atk|1\n|-unboost|p1b: Flushdrivus|spa|1\n|\n|t:|1696115215\n|switch|p2a: Look at Me|Togekiss, M|100\/100|[from] Parting Shot\n|\n|upkeep\n|turn|2\n|\n|t:|1696115230\n|-end|p1b: Flushdrivus|Protosynthesis|[silent]\n|switch|p1b: Sokka|Lucario, M|100\/100\n|detailschange|p1a: All Might|Palafin-Hero, M\n|switch|p1a: Furry Incinerator|Arcanine, F|100\/100\n|move|p2a: Look at Me|Follow Me|p2a: Look at Me\n|-singleturn|p2a: Look at Me|move: Follow Me\n|move|p2b: Money Bags|Nasty Plot|p2b: Money Bags\n|-boost|p2b: Money Bags|spa|2\n|\n|upkeep\n|turn|3\n|j| Pugplayer\n|\n|t:|1696115250\n|switch|p2a: Nala|Incineroar, F|40\/100\n|-ability|p2a: Nala|Intimidate|boost\n|-unboost|p1a: Furry Incinerator|atk|1\n|-unboost|p1b: Sokka|atk|1\n|move|p2b: Money Bags|Protect|p2b: Money Bags\n|-singleturn|p2b: Money Bags|Protect\n|move|p1a: Furry Incinerator|Wild Charge|p2a: Nala\n|-damage|p2a: Nala|22\/100\n|-enditem|p2a: Nala|Figy Berry|[eat]\n|-heal|p2a: Nala|56\/100|[from] item: Figy Berry\n|-damage|p1a: Furry Incinerator|95\/100|[from] Recoil\n|move|p1b: Sokka|Rock Slide|p2a: Nala|[spread] p2a\n|-activate|p2b: Money Bags|move: Protect\n|-supereffective|p2a: Nala\n|-damage|p2a: Nala|30\/100\n|-damage|p1b: Sokka|91\/100|[from] item: Life Orb\n|\n|upkeep\n|turn|4\n|\n|t:|1696115286\n|switch|p1a: Mudsdale|Mudsdale, M|100\/100\n|move|p2a: Nala|Fake Out|p1a: Mudsdale\n|-damage|p1a: Mudsdale|91\/100\n|-ability|p1a: Mudsdale|Stamina|boost\n|-boost|p1a: Mudsdale|def|1\n|move|p1b: Sokka|Drain Punch|p2a: Nala\n|-supereffective|p2a: Nala\n|-damage|p2a: Nala|0 fnt\n|-heal|p1b: Sokka|100\/100|[from] drain|[of] p2a: Nala\n|faint|p2a: Nala\n|-damage|p1b: Sokka|91\/100|[from] item: Life Orb\n|move|p2b: Money Bags|Shadow Ball|p1a: Mudsdale\n|-damage|p1a: Mudsdale|33\/100\n|-ability|p1a: Mudsdale|Stamina|boost\n|-boost|p1a: Mudsdale|def|1\n|\n|upkeep\n|l| peeepee\n|\n|t:|1696115305\n|switch|p2a: Look at Me|Togekiss, M|100\/100\n|turn|5\n|\n|t:|1696115324\n|move|p1b: Sokka|Rock Slide|p2a: Look at Me|[spread] p2a,p2b\n|-supereffective|p2a: Look at Me\n|-resisted|p2b: Money Bags\n|-damage|p2a: Look at Me|77\/100\n|-damage|p2b: Money Bags|94\/100\n|-damage|p1b: Sokka|81\/100|[from] item: Life Orb\n|move|p2b: Money Bags|Make It Rain|p1b: Sokka|[spread] p1a,p1b\n|-resisted|p1b: Sokka\n|-damage|p1a: Mudsdale|0 fnt\n|-damage|p1b: Sokka|8\/100\n|-unboost|p2b: Money Bags|spa|1\n|faint|p1a: Mudsdale\n|cant|p2a: Look at Me|flinch\n|\n|-heal|p2b: Money Bags|99\/100|[from] item: Leftovers\n|upkeep\n|j| peeepee\n|\n|t:|1696115337\n|switch|p1a: Bestest Boy|Whimsicott, F|100\/100\n|turn|6\n|c| thundervoltss|wait i wasnt paying attention early\n|c| thundervoltss|furry incin?\n|\n|t:|1696115361\n|move|p1a: Bestest Boy|Tailwind|p1a: Bestest Boy\n|-sidestart|p1: Bananamann457|move: Tailwind\n|move|p1b: Sokka|Rock Slide|p2a: Look at Me|[spread] p2b\n|-miss|p1b: Sokka|p2a: Look at Me\n|-resisted|p2b: Money Bags\n|-damage|p2b: Money Bags|93\/100\n|-damage|p1b: Sokka|0 fnt|[from] item: Life Orb\n|faint|p1b: Sokka\n|cant|p2b: Money Bags|flinch\n|move|p2a: Look at Me|Yawn|p1a: Bestest Boy\n|-start|p1a: Bestest Boy|move: Yawn|[of] p2a: Look at Me\n|\n|-heal|p2b: Money Bags|99\/100|[from] item: Leftovers\n|upkeep\n|c| thundervoltss|as if it isnt already?\n|\n|t:|1696115376\n|switch|p1b: Furry Incinerator|Arcanine, F|95\/100\n|turn|7\n|\n|t:|1696115399\n|move|p2b: Money Bags|Protect|p2b: Money Bags\n|-singleturn|p2b: Money Bags|Protect\n|move|p1a: Bestest Boy|Taunt|p2a: Look at Me\n|-start|p2a: Look at Me|move: Taunt\n|move|p1b: Furry Incinerator|Howl|p1b: Furry Incinerator|[spread] p1a,p1b\n|-boost|p1a: Bestest Boy|atk|1\n|-boost|p1b: Furry Incinerator|atk|1\n|cant|p2a: Look at Me|move: Taunt|Tailwind\n|\n|-heal|p2b: Money Bags|100\/100|[from] item: Leftovers\n|-end|p1a: Bestest Boy|move: Yawn|[silent]\n|-status|p1a: Bestest Boy|slp\n|upkeep\n|turn|8\n|\n|t:|1696115423\n|switch|p1a: All Might|Palafin-Hero, M|80\/100\n|-activate|p1a: All Might|ability: Zero to Hero\n|switch|p2a: Godzilla|Tyranitar, M|100\/100\n|-weather|Sandstorm|[from] ability: Sand Stream|[of] p2a: Godzilla\n|-terastallize|p2b: Money Bags|Flying\n|move|p1b: Furry Incinerator|Flare Blitz|p2b: Money Bags\n|-damage|p2b: Money Bags|18\/100\n|-damage|p1b: Furry Incinerator|63\/100|[from] Recoil\n|move|p2b: Money Bags|Nasty Plot|p2b: Money Bags\n|-boost|p2b: Money Bags|spa|2\n|\n|-weather|Sandstorm|[upkeep]\n|-damage|p1b: Furry Incinerator|57\/100|[from] Sandstorm\n|-damage|p1a: All Might|74\/100|[from] Sandstorm\n|-damage|p2b: Money Bags|11\/100|[from] Sandstorm\n|-heal|p2b: Money Bags|18\/100|[from] item: Leftovers\n|upkeep\n|turn|9\n|\n|t:|1696115463\n|-terastallize|p1a: All Might|Water\n|move|p2b: Money Bags|Protect|p2b: Money Bags\n|-singleturn|p2b: Money Bags|Protect\n|move|p1b: Furry Incinerator|Flare Blitz|p2b: Money Bags\n|-activate|p2b: Money Bags|move: Protect\n|move|p1a: All Might|Wave Crash|p2a: Godzilla\n|-supereffective|p2a: Godzilla\n|-damage|p2a: Godzilla|0 fnt\n|faint|p2a: Godzilla\n|-damage|p1a: All Might|39\/100|[from] Recoil\n|\n|-weather|Sandstorm|[upkeep]\n|-damage|p1b: Furry Incinerator|51\/100|[from] Sandstorm\n|-damage|p1a: All Might|33\/100|[from] Sandstorm\n|-damage|p2b: Money Bags|11\/100|[from] Sandstorm\n|-heal|p2b: Money Bags|18\/100|[from] item: Leftovers\n|-sideend|p1: Bananamann457|move: Tailwind\n|upkeep\n|\n|t:|1696115473\n|switch|p2a: Home Depot|Excadrill, F|100\/100\n|turn|10\n|\n|t:|1696115484\n|move|p1a: All Might|Jet Punch|p2b: Money Bags\n|-damage|p2b: Money Bags|0 fnt\n|faint|p2b: Money Bags\n|move|p2a: Home Depot|Earthquake|p1b: Furry Incinerator|[spread] p1a,p1b\n|-supereffective|p1b: Furry Incinerator\n|-damage|p1a: All Might|0 fnt\n|-damage|p1b: Furry Incinerator|0 fnt\n|faint|p1a: All Might\n|faint|p1b: Furry Incinerator\n|-damage|p2a: Home Depot|91\/100|[from] item: Life Orb\n|\n|-weather|Sandstorm|[upkeep]\n|upkeep\n|l| peeepee\n|\n|t:|1696115491\n|switch|p1b: Flushdrivus|Flutter Mane|100\/100\n|switch|p1a: Bestest Boy|Whimsicott, F|100\/100 slp\n|switch|p2b: Look at Me|Togekiss, M|77\/100\n|turn|11\n|\n|t:|1696115501\n|move|p2b: Look at Me|Helping Hand|p2a: Home Depot\n|-singleturn|p2a: Home Depot|Helping Hand|[of] p2b: Look at Me\n|move|p1b: Flushdrivus|Protect|p1b: Flushdrivus\n|-singleturn|p1b: Flushdrivus|Protect\n|cant|p1a: Bestest Boy|slp\n|move|p2a: Home Depot|Earthquake|p1a: Bestest Boy|[spread] p1a\n|-activate|p1b: Flushdrivus|move: Protect\n|-immune|p2b: Look at Me\n|-resisted|p1a: Bestest Boy\n|-damage|p1a: Bestest Boy|35\/100 slp\n|-damage|p2a: Home Depot|81\/100|[from] item: Life Orb\n|\n|-weather|Sandstorm|[upkeep]\n|-damage|p1b: Flushdrivus|94\/100|[from] Sandstorm\n|-damage|p1a: Bestest Boy|29\/100 slp|[from] Sandstorm\n|upkeep\n|turn|12\n|c| Pugplayer|just like... start throwing\n|\n|t:|1696115519\n|move|p2b: Look at Me|Helping Hand|p2a: Home Depot\n|-singleturn|p2a: Home Depot|Helping Hand|[of] p2b: Look at Me\n|cant|p1a: Bestest Boy|slp\n|move|p2a: Home Depot|Earthquake|p1a: Bestest Boy|[spread] p1a,p1b\n|-immune|p2b: Look at Me\n|-resisted|p1a: Bestest Boy\n|-damage|p1a: Bestest Boy|0 fnt\n|-damage|p1b: Flushdrivus|0 fnt\n|faint|p1a: Bestest Boy\n|faint|p1b: Flushdrivus\n|-end|p1b: Flushdrivus|Protosynthesis|[silent]\n|-damage|p2a: Home Depot|71\/100|[from] item: Life Orb\n|\n|win|S1r.sweepsaLot\n|c|\u2606Bananamann457|ggs\n|l|\u2606Bananamann457\n|l| thundervoltss\n|l|\u2606S1r.sweepsaLot\n|j| peeepee\n|l| peeepee\n|j|\u2606S1r.sweepsaLot\n|player|p2|S1r.sweepsaLot|marshal\n","uploadtime":1696115544,"views":14,"p1id":"bananamann457","p2id":"s1rsweepsalot","formatid":"gen9nationaldexdoubles","rating":0,"private":0,"password":""}