{"id":"gen9nationaldexdoubles-1968252378","p1":"OEEM67","p2":"Kazutoxo","format":"[Gen 9] National Dex Doubles","log":"|j|\u2606OEEM67\n|j|\u2606Kazutoxo\n|t:|1697399201\n|gametype|doubles\n|player|p1|OEEM67|elesa|\n|player|p2|Kazutoxo|byron|\n|teamsize|p1|6\n|teamsize|p2|6\n|gen|9\n|tier|[Gen 9] National Dex Doubles\n|rule|HP Percentage Mod: HP is shown in percentages\n|rule|Endless Battle Clause: Forcing endless battles is banned\n|rule|OHKO Clause: OHKO moves are banned\n|rule|Evasion Moves Clause: Evasion moves are banned\n|rule|Evasion Abilities Clause: Evasion abilities are banned\n|rule|Species Clause: Limit one of each Pok\u00e9mon\n|rule|Gravity Sleep Clause: The combination of sleep-inducing moves with imperfect accuracy and Gravity or Gigantamax Orbeetle are banned\n|clearpoke\n|poke|p1|Iron Hands|\n|poke|p1|Zapdos|\n|poke|p1|Thundurus-Therian, M|\n|poke|p1|Tapu Koko|\n|poke|p1|Sandy Shocks|\n|poke|p1|Golem-Alola, F|\n|poke|p2|Sandy Shocks|\n|poke|p2|Zapdos|\n|poke|p2|Iron Hands|\n|poke|p2|Manectric, M|\n|poke|p2|Tapu Koko|\n|poke|p2|Iron Thorns|\n|teampreview\n|\n|t:|1697399218\n|start\n|switch|p1a: Tapu Koko|Tapu Koko|100\/100\n|switch|p1b: Iron Hands|Iron Hands|100\/100\n|switch|p2a: Zapdos|Zapdos|100\/100\n|switch|p2b: Manectric|Manectric, M|100\/100\n|-fieldstart|move: Electric Terrain|[from] ability: Electric Surge|[of] p1a: Tapu Koko\n|-activate|p1b: Iron Hands|ability: Quark Drive\n|-start|p1b: Iron Hands|quarkdriveatk\n|-ability|p2a: Zapdos|Pressure\n|turn|1\n|\n|t:|1697399241\n|detailschange|p2b: Manectric|Manectric-Mega, M\n|-mega|p2b: Manectric|Manectric|Manectite\n|-ability|p2b: Manectric|Intimidate|boost\n|-unboost|p1a: Tapu Koko|atk|1\n|-unboost|p1b: Iron Hands|atk|1\n|move|p2b: Manectric|Protect|p2b: Manectric\n|-singleturn|p2b: Manectric|Protect\n|move|p1b: Iron Hands|Fake Out|p2a: Zapdos\n|-damage|p2a: Zapdos|89\/100\n|move|p1a: Tapu Koko|Light Screen|p1a: Tapu Koko\n|-sidestart|p1: OEEM67|move: Light Screen\n|cant|p2a: Zapdos|flinch\n|\n|upkeep\n|turn|2\n|\n|t:|1697399273\n|switch|p1a: Zapdos|Zapdos|100\/100\n|move|p2b: Manectric|Volt Switch|p1b: Iron Hands\n|-resisted|p1b: Iron Hands\n|-damage|p1b: Iron Hands|92\/100\n|\n|t:|1697399288\n|switch|p2b: Sandy Shocks|Sandy Shocks|100\/100|[from] Volt Switch\n|-enditem|p2b: Sandy Shocks|Booster Energy\n|-activate|p2b: Sandy Shocks|ability: Protosynthesis|[fromitem]\n|-start|p2b: Sandy Shocks|protosynthesisspa\n|move|p2a: Zapdos|Reflect|p2a: Zapdos\n|-sidestart|p2: Kazutoxo|Reflect\n|move|p1b: Iron Hands|Ice Punch|p2a: Zapdos\n|-supereffective|p2a: Zapdos\n|-damage|p2a: Zapdos|66\/100\n|-status|p2a: Zapdos|frz\n|\n|upkeep\n|turn|3\n|\n|t:|1697399310\n|move|p2b: Sandy Shocks|Protect|p2b: Sandy Shocks\n|-singleturn|p2b: Sandy Shocks|Protect\n|move|p1a: Zapdos|Protect|p1a: Zapdos\n|-singleturn|p1a: Zapdos|Protect\n|cant|p2a: Zapdos|frz\n|move|p1b: Iron Hands|Earthquake|p2a: Zapdos|[spread] \n|-activate|p1a: Zapdos|move: Protect\n|-activate|p2b: Sandy Shocks|move: Protect\n|-immune|p2a: Zapdos\n|\n|upkeep\n|turn|4\n|\n|t:|1697399338\n|switch|p2a: Manectric|Manectric-Mega, M|100\/100\n|-ability|p2a: Manectric|Intimidate|boost\n|-unboost|p1a: Zapdos|atk|1\n|-unboost|p1b: Iron Hands|atk|1\n|move|p2b: Sandy Shocks|Earth Power|p1b: Iron Hands\n|-supereffective|p1b: Iron Hands\n|-damage|p1b: Iron Hands|49\/100\n|move|p1a: Zapdos|Tailwind|p1a: Zapdos\n|-sidestart|p1: OEEM67|move: Tailwind\n|move|p1b: Iron Hands|Ice Punch|p2a: Manectric\n|-crit|p2a: Manectric\n|-damage|p2a: Manectric|30\/100\n|\n|upkeep\n|turn|5\n|\n|t:|1697399379\n|-end|p1b: Iron Hands|Quark Drive|[silent]\n|switch|p1b: Thundurus|Thundurus-Therian, M|100\/100\n|move|p1a: Zapdos|Toxic|p2b: Sandy Shocks\n|-status|p2b: Sandy Shocks|tox\n|move|p2a: Manectric|Volt Switch|p1a: Zapdos\n|-damage|p1a: Zapdos|67\/100\n|\n|t:|1697399392\n|switch|p2a: Iron Hands|Iron Hands|100\/100|[from] Volt Switch\n|-activate|p2a: Iron Hands|ability: Quark Drive\n|-start|p2a: Iron Hands|quarkdriveatk\n|move|p2b: Sandy Shocks|Earth Power|p1b: Thundurus\n|-immune|p1b: Thundurus\n|\n|-damage|p2b: Sandy Shocks|94\/100 tox|[from] psn\n|-fieldend|move: Electric Terrain\n|-end|p2a: Iron Hands|Quark Drive\n|upkeep\n|turn|6\n|\n|t:|1697399413\n|move|p1a: Zapdos|Protect|p1a: Zapdos\n|-singleturn|p1a: Zapdos|Protect\n|move|p2a: Iron Hands|Fake Out|p1a: Zapdos\n|-activate|p1a: Zapdos|move: Protect\n|move|p1b: Thundurus|Hidden Power|p2b: Sandy Shocks\n|-supereffective|p2b: Sandy Shocks\n|-damage|p2b: Sandy Shocks|27\/100 tox\n|-damage|p1b: Thundurus|91\/100|[from] item: Life Orb\n|move|p2b: Sandy Shocks|Power Gem|p1b: Thundurus\n|-supereffective|p1b: Thundurus\n|-damage|p1b: Thundurus|26\/100\n|\n|-damage|p2b: Sandy Shocks|14\/100 tox|[from] psn\n|upkeep\n|turn|7\n|\n|t:|1697399461\n|move|p2b: Sandy Shocks|Protect|p2b: Sandy Shocks\n|-singleturn|p2b: Sandy Shocks|Protect\n|move|p1b: Thundurus|Hidden Power|p2b: Sandy Shocks\n|-activate|p2b: Sandy Shocks|move: Protect\n|move|p1a: Zapdos|Toxic|p2a: Iron Hands\n|-status|p2a: Iron Hands|tox\n|move|p2a: Iron Hands|Ice Punch|p1b: Thundurus\n|-supereffective|p1b: Thundurus\n|-damage|p1b: Thundurus|0 fnt\n|faint|p1b: Thundurus\n|\n|-damage|p2b: Sandy Shocks|0 fnt|[from] psn\n|faint|p2b: Sandy Shocks\n|-end|p2b: Sandy Shocks|Protosynthesis|[silent]\n|-damage|p2a: Iron Hands|94\/100 tox|[from] psn\n|-sideend|p1: OEEM67|move: Tailwind\n|upkeep\n|\n|t:|1697399486\n|switch|p1b: Sandy Shocks|Sandy Shocks|100\/100\n|switch|p2b: Zapdos|Zapdos|66\/100 frz\n|-ability|p2b: Zapdos|Pressure\n|turn|8\n|\n|t:|1697399529\n|-end|p2a: Iron Hands|Quark Drive|[silent]\n|switch|p2a: Tapu Koko|Tapu Koko|100\/100\n|-fieldstart|move: Electric Terrain|[from] ability: Electric Surge|[of] p2a: Tapu Koko\n|move|p1b: Sandy Shocks|Power Gem|p2b: Zapdos\n|-supereffective|p2b: Zapdos\n|-damage|p2b: Zapdos|0 fnt\n|faint|p2b: Zapdos\n|-damage|p1b: Sandy Shocks|91\/100|[from] item: Life Orb\n|move|p1a: Zapdos|Tailwind|p1a: Zapdos\n|-sidestart|p1: OEEM67|move: Tailwind\n|\n|-sideend|p1: OEEM67|move: Light Screen\n|upkeep\n|\n|t:|1697399547\n|switch|p2b: Iron Hands|Iron Hands|94\/100 tox\n|-activate|p2b: Iron Hands|ability: Quark Drive\n|-start|p2b: Iron Hands|quarkdriveatk\n|turn|9\n|\n|t:|1697399568\n|move|p1a: Zapdos|Protect|p1a: Zapdos\n|-singleturn|p1a: Zapdos|Protect\n|move|p2b: Iron Hands|Fake Out|p1b: Sandy Shocks\n|-damage|p1b: Sandy Shocks|71\/100\n|cant|p1b: Sandy Shocks|flinch\n|move|p2a: Tapu Koko|Roar|p1b: Sandy Shocks\n|-end|p1b: Sandy Shocks|Protosynthesis|[silent]\n|drag|p1b: Iron Hands|Iron Hands|49\/100\n|-activate|p1b: Iron Hands|ability: Quark Drive\n|-start|p1b: Iron Hands|quarkdriveatk\n|\n|-damage|p2b: Iron Hands|88\/100 tox|[from] psn\n|-sideend|p2: Kazutoxo|Reflect\n|upkeep\n|turn|10\n|\n|t:|1697399595\n|move|p1a: Zapdos|Toxic|p2a: Tapu Koko\n|-status|p2a: Tapu Koko|tox\n|move|p1b: Iron Hands|Earthquake|p2a: Tapu Koko|[spread] p2a,p2b\n|-immune|p1a: Zapdos\n|-supereffective|p2a: Tapu Koko\n|-supereffective|p2b: Iron Hands\n|-damage|p2a: Tapu Koko|31\/100 tox\n|-damage|p2b: Iron Hands|49\/100 tox\n|move|p2b: Iron Hands|Ice Punch|p1a: Zapdos\n|-supereffective|p1a: Zapdos\n|-damage|p1a: Zapdos|19\/100\n|move|p2a: Tapu Koko|Roar|p1b: Iron Hands\n|-end|p1b: Iron Hands|Quark Drive|[silent]\n|drag|p1b: Golem|Golem-Alola, F|100\/100\n|-item|p1b: Golem|Air Balloon\n|\n|-damage|p2a: Tapu Koko|24\/100 tox|[from] psn\n|-damage|p2b: Iron Hands|37\/100 tox|[from] psn\n|upkeep\n|turn|11\n|\n|t:|1697399626\n|move|p1a: Zapdos|Roost|p1a: Zapdos\n|-heal|p1a: Zapdos|69\/100\n|-singleturn|p1a: Zapdos|move: Roost\n|move|p1b: Golem|Earthquake|p2a: Tapu Koko|[spread] p1a,p2a,p2b\n|-supereffective|p1a: Zapdos\n|-supereffective|p2a: Tapu Koko\n|-supereffective|p2b: Iron Hands\n|-crit|p2b: Iron Hands\n|-damage|p1a: Zapdos|28\/100\n|-damage|p2a: Tapu Koko|0 fnt\n|-damage|p2b: Iron Hands|0 fnt\n|faint|p2a: Tapu Koko\n|faint|p2b: Iron Hands\n|-end|p2b: Iron Hands|Quark Drive|[silent]\n|\n|-sideend|p1: OEEM67|move: Tailwind\n|upkeep\n|\n|t:|1697399640\n|switch|p2a: Iron Thorns|Iron Thorns|100\/100\n|switch|p2b: Manectric|Manectric-Mega, M|30\/100\n|-ability|p2b: Manectric|Intimidate|boost\n|-unboost|p1a: Zapdos|atk|1\n|-unboost|p1b: Golem|atk|1\n|-activate|p2a: Iron Thorns|ability: Quark Drive\n|-start|p2a: Iron Thorns|quarkdriveatk\n|turn|12\n|\n|t:|1697399653\n|move|p2a: Iron Thorns|Protect|p2a: Iron Thorns\n|-singleturn|p2a: Iron Thorns|Protect\n|move|p2b: Manectric|Hyper Voice|p1a: Zapdos|[spread] p1a,p1b\n|-resisted|p1b: Golem\n|-damage|p1a: Zapdos|6\/100\n|-damage|p1b: Golem|84\/100\n|-enditem|p1b: Golem|Air Balloon\n|move|p1a: Zapdos|Tailwind|p1a: Zapdos\n|-sidestart|p1: OEEM67|move: Tailwind\n|move|p1b: Golem|Earthquake|p2a: Iron Thorns|[spread] p2b\n|-activate|p2a: Iron Thorns|move: Protect\n|-immune|p1a: Zapdos\n|-supereffective|p2b: Manectric\n|-damage|p2b: Manectric|0 fnt\n|faint|p2b: Manectric\n|\n|upkeep\n|turn|13\n|\n|t:|1697399679\n|move|p1a: Zapdos|Roost|p1a: Zapdos\n|-heal|p1a: Zapdos|56\/100\n|-singleturn|p1a: Zapdos|move: Roost\n|move|p2a: Iron Thorns|High Horsepower|p1b: Golem\n|-supereffective|p1b: Golem\n|-damage|p1b: Golem|0 fnt\n|faint|p1b: Golem\n|\n|upkeep\n|\n|t:|1697399688\n|switch|p1b: Sandy Shocks|Sandy Shocks|71\/100\n|turn|14\n|\n|t:|1697399696\n|move|p2a: Iron Thorns|Protect|p2a: Iron Thorns\n|-singleturn|p2a: Iron Thorns|Protect\n|move|p1b: Sandy Shocks|Earth Power|p2a: Iron Thorns\n|-activate|p2a: Iron Thorns|move: Protect\n|move|p1a: Zapdos|Toxic|p2a: Iron Thorns\n|-activate|p2a: Iron Thorns|move: Protect\n|\n|upkeep\n|turn|15\n|\n|t:|1697399719\n|move|p1b: Sandy Shocks|Earth Power|p2a: Iron Thorns\n|-supereffective|p2a: Iron Thorns\n|-damage|p2a: Iron Thorns|0 fnt\n|faint|p2a: Iron Thorns\n|-end|p2a: Iron Thorns|Quark Drive|[silent]\n|-damage|p1b: Sandy Shocks|61\/100|[from] item: Life Orb\n|\n|win|OEEM67\n|l|\u2606OEEM67\n","uploadtime":1697399729,"views":11,"p1id":"oeem67","p2id":"kazutoxo","formatid":"gen9nationaldexdoubles","rating":0,"private":0,"password":""}