{"id":"gen9nationaldexdoubles-1955673609","p1":"annoying oranje","p2":"Specific360","format":"[Gen 9] National Dex Doubles","log":"|j|\u2606annoying oranje\n|j|\u2606Specific360\n|t:|1696017271\n|gametype|doubles\n|player|p1|annoying oranje|lyra|\n|player|p2|Specific360|veteran|\n|teamsize|p1|6\n|teamsize|p2|6\n|gen|9\n|tier|[Gen 9] National Dex Doubles\n|rule|HP Percentage Mod: HP is shown in percentages\n|rule|Endless Battle Clause: Forcing endless battles is banned\n|rule|OHKO Clause: OHKO moves are banned\n|rule|Evasion Moves Clause: Evasion moves are banned\n|rule|Evasion Abilities Clause: Evasion abilities are banned\n|rule|Species Clause: Limit one of each Pok\u00e9mon\n|rule|Gravity Sleep Clause: The combination of sleep-inducing moves with imperfect accuracy and Gravity or Gigantamax Orbeetle are banned\n|clearpoke\n|poke|p1|Maushold-Four|\n|poke|p1|Landorus-Therian, M|\n|poke|p1|Whimsicott, M|\n|poke|p1|Marshadow|\n|poke|p1|Virizion|\n|poke|p1|Terrakion|\n|poke|p2|Nihilego|\n|poke|p2|Corviknight, M|\n|poke|p2|Vikavolt, M|\n|poke|p2|Gliscor, M|\n|poke|p2|Chandelure, F|\n|poke|p2|Hatterene, F|\n|teampreview\n|\n|t:|1696017329\n|start\n|switch|p1a: Yummy in my tummy|Marshadow|100\/100\n|switch|p1b: Lando Calrissian|Landorus-Therian, M|100\/100\n|switch|p2a: Drack|Gliscor, M|100\/100\n|switch|p2b: Lucas|Vikavolt, M|100\/100\n|-ability|p1b: Lando Calrissian|Intimidate|boost\n|-unboost|p2a: Drack|atk|1\n|-unboost|p2b: Lucas|atk|1\n|turn|1\n|\n|t:|1696017445\n|move|p1b: Lando Calrissian|Protect|p1b: Lando Calrissian\n|-singleturn|p1b: Lando Calrissian|Protect\n|move|p1a: Yummy in my tummy|Spectral Thief|p2b: Lucas\n|-crit|p2b: Lucas\n|-damage|p2b: Lucas|21\/100\n|move|p2a: Drack|Ice Fang|p1b: Lando Calrissian\n|-activate|p1b: Lando Calrissian|move: Protect\n|move|p2b: Lucas|Volt Switch|p1a: Yummy in my tummy\n|-damage|p1a: Yummy in my tummy|60\/100\n|\n|t:|1696017479\n|switch|p2b: Rook II|Corviknight, M, shiny|100\/100|[from] Volt Switch\n|\n|-status|p2a: Drack|tox|[from] item: Toxic Orb\n|upkeep\n|turn|2\n|\n|t:|1696017532\n|-terastallize|p1b: Lando Calrissian|Rock\n|move|p1a: Yummy in my tummy|Spectral Thief|p2b: Rook II\n|-damage|p2b: Rook II|61\/100\n|-damage|p1a: Yummy in my tummy|44\/100|[from] item: Rocky Helmet|[of] p2b: Rook II\n|move|p1b: Lando Calrissian|Rock Slide|p2b: Rook II|[spread] p2b\n|-miss|p1b: Lando Calrissian|p2a: Drack\n|-crit|p2b: Rook II\n|-damage|p2b: Rook II|34\/100\n|move|p2a: Drack|Ice Fang|p1b: Lando Calrissian\n|-damage|p1b: Lando Calrissian|86\/100\n|move|p2b: Rook II|Iron Defense|p2b: Rook II\n|-boost|p2b: Rook II|def|2\n|\n|upkeep\n|turn|3\n|\n|t:|1696017560\n|move|p1a: Yummy in my tummy|Spectral Thief||[still]\n|-clearpositiveboost|p2b: Rook II|p1a: Yummy in my tummy|move: Spectral Thief\n|-boost|p1a: Yummy in my tummy|def|2\n|-anim|p1a: Yummy in my tummy|Spectral Thief|p2b: Rook II\n|-damage|p2b: Rook II|0 fnt\n|-damage|p1a: Yummy in my tummy|27\/100|[from] item: Rocky Helmet|[of] p2b: Rook II\n|faint|p2b: Rook II\n|move|p1b: Lando Calrissian|Rock Slide|p2a: Drack\n|-damage|p2a: Drack|65\/100 tox\n|move|p2a: Drack|Earthquake|p1a: Yummy in my tummy|[spread] p1a,p1b\n|-supereffective|p1b: Lando Calrissian\n|-damage|p1a: Yummy in my tummy|13\/100\n|-damage|p1b: Lando Calrissian|27\/100\n|-enditem|p1b: Lando Calrissian|Sitrus Berry|[eat]\n|-heal|p1b: Lando Calrissian|52\/100|[from] item: Sitrus Berry\n|\n|-heal|p2a: Drack|78\/100 tox|[from] ability: Poison Heal\n|upkeep\n|j| JKogut\n|\n|t:|1696017588\n|switch|p2b: Not-Lillie|Nihilego|100\/100\n|-item|p2b: Not-Lillie|Air Balloon\n|turn|4\n|\n|t:|1696017652\n|switch|p1a: Dugtrio mice|Maushold-Four|100\/100\n|move|p2b: Not-Lillie|Protect|p2b: Not-Lillie\n|-singleturn|p2b: Not-Lillie|Protect\n|move|p1b: Lando Calrissian|Rock Slide|p2a: Drack|[spread] p2a\n|-activate|p2b: Not-Lillie|move: Protect\n|-damage|p2a: Drack|54\/100 tox\n|move|p2a: Drack|Earthquake|p1b: Lando Calrissian|[spread] p1a,p1b\n|-activate|p2b: Not-Lillie|move: Protect\n|-supereffective|p1b: Lando Calrissian\n|-damage|p1a: Dugtrio mice|72\/100\n|-damage|p1b: Lando Calrissian|1\/100\n|\n|-heal|p2a: Drack|66\/100 tox|[from] ability: Poison Heal\n|upkeep\n|turn|5\n|\n|t:|1696017726\n|-terastallize|p2b: Not-Lillie|Grass\n|move|p1a: Dugtrio mice|Encore|p2b: Not-Lillie\n|-start|p2b: Not-Lillie|Encore\n|move|p1b: Lando Calrissian|U-turn|p2a: Drack\n|-resisted|p2a: Drack\n|-damage|p2a: Drack|56\/100 tox\n|\n|t:|1696017732\n|switch|p1b: Honse|Virizion|100\/100|[from] U-turn\n|move|p2a: Drack|Earthquake|p1a: Dugtrio mice|[spread] p1a,p1b\n|-immune|p2b: Not-Lillie\n|-resisted|p1b: Honse\n|-damage|p1a: Dugtrio mice|44\/100\n|-damage|p1b: Honse|85\/100\n|move|p2b: Not-Lillie|Protect||[still]\n|-fail|p2b: Not-Lillie\n|\n|-heal|p2a: Drack|69\/100 tox|[from] ability: Poison Heal\n|upkeep\n|turn|6\n|\n|t:|1696017781\n|switch|p2b: Yaga|Hatterene, F, shiny|100\/100\n|move|p1a: Dugtrio mice|Beat Up|p1b: Honse\n|-resisted|p1b: Honse\n|-damage|p1b: Honse|83\/100\n|-ability|p1b: Honse|Justified|boost\n|-boost|p1b: Honse|atk|1\n|-resisted|p1b: Honse\n|-damage|p1b: Honse|80\/100\n|-ability|p1b: Honse|Justified|boost\n|-boost|p1b: Honse|atk|1\n|-resisted|p1b: Honse\n|-damage|p1b: Honse|78\/100\n|-ability|p1b: Honse|Justified|boost\n|-boost|p1b: Honse|atk|1\n|-resisted|p1b: Honse\n|-damage|p1b: Honse|74\/100\n|-ability|p1b: Honse|Justified|boost\n|-boost|p1b: Honse|atk|1\n|-resisted|p1b: Honse\n|-damage|p1b: Honse|71\/100\n|-ability|p1b: Honse|Justified|boost\n|-boost|p1b: Honse|atk|1\n|-resisted|p1b: Honse\n|-damage|p1b: Honse|68\/100\n|-ability|p1b: Honse|Justified|boost\n|-boost|p1b: Honse|atk|1\n|-hitcount|p1b: Honse|6\n|move|p1b: Honse|Leaf Blade|p2a: Drack\n|-damage|p2a: Drack|0 fnt\n|faint|p2a: Drack\n|\n|upkeep\n|\n|t:|1696017817\n|switch|p2a: Vlad|Chandelure, F, shiny|100\/100\n|turn|7\n|\n|t:|1696017912\n|switch|p1a: Yummy in my tummy|Marshadow|13\/100\n|move|p1b: Honse|Leaf Blade|p2b: Yaga\n|-damage|p2b: Yaga|0 fnt\n|faint|p2b: Yaga\n|move|p2a: Vlad|Trick Room|p2a: Vlad\n|-fieldstart|move: Trick Room|[of] p2a: Vlad\n|\n|upkeep\n|\n|t:|1696017942\n|switch|p2b: Not-Lillie|Nihilego, tera:Grass|100\/100\n|-item|p2b: Not-Lillie|Air Balloon\n|turn|8\n|j| ChronoTrigonometry\n|\n|t:|1696017956\n|move|p1b: Honse|Quick Attack|p2b: Not-Lillie\n|-damage|p2b: Not-Lillie|34\/100\n|-enditem|p2b: Not-Lillie|Air Balloon\n|move|p1a: Yummy in my tummy|Shadow Sneak|p2a: Vlad\n|-supereffective|p2a: Vlad\n|-enditem|p2a: Vlad|Focus Sash\n|-damage|p2a: Vlad|1\/100\n|move|p2a: Vlad|Shadow Ball|p1a: Yummy in my tummy\n|-supereffective|p1a: Yummy in my tummy\n|-damage|p1a: Yummy in my tummy|0 fnt\n|faint|p1a: Yummy in my tummy\n|move|p2b: Not-Lillie|Sludge Bomb|p1b: Honse\n|-supereffective|p1b: Honse\n|-damage|p1b: Honse|8\/100\n|\n|upkeep\n|j| Green133\n|\n|t:|1696017989\n|switch|p1a: Millhouse|Terrakion|100\/100\n|turn|9\n|\n|t:|1696018010\n|move|p2a: Vlad|Protect|p2a: Vlad\n|-singleturn|p2a: Vlad|Protect\n|move|p1b: Honse|Quick Attack|p2b: Not-Lillie\n|-damage|p2b: Not-Lillie|0 fnt\n|faint|p2b: Not-Lillie\n|move|p1a: Millhouse|Rock Slide|p2a: Vlad\n|-activate|p2a: Vlad|move: Protect\n|\n|upkeep\n|\n|t:|1696018021\n|switch|p2b: Lucas|Vikavolt, M|21\/100\n|turn|10\n|\n|t:|1696018040\n|move|p1b: Honse|Quick Attack|p2b: Lucas\n|-damage|p2b: Lucas|0 fnt\n|faint|p2b: Lucas\n|move|p2a: Vlad|Flamethrower|p1b: Honse\n|-supereffective|p1b: Honse\n|-damage|p1b: Honse|0 fnt\n|faint|p1b: Honse\n|move|p1a: Millhouse|Rock Slide|p2a: Vlad\n|-supereffective|p2a: Vlad\n|-damage|p2a: Vlad|0 fnt\n|faint|p2a: Vlad\n|\n|win|annoying oranje\n","uploadtime":1696018058,"views":11,"p1id":"annoyingoranje","p2id":"specific360","formatid":"gen9nationaldexdoubles","rating":0,"private":0,"password":""}