{"id":"gen9nationaldexdoubles-1965578097","p1":"Denvah_17","p2":"Mr. Juroku","format":"[Gen 9] National Dex Doubles","log":"|j|\u2606Denvah_17\n|j|\u2606Mr. Juroku\n|t:|1697091071\n|gametype|doubles\n|player|p1|Denvah_17|alder|1462\n|player|p2|Mr. Juroku|juggler|1413\n|teamsize|p1|6\n|teamsize|p2|6\n|gen|9\n|tier|[Gen 9] National Dex Doubles\n|rated|\n|rule|HP Percentage Mod: HP is shown in percentages\n|rule|Endless Battle Clause: Forcing endless battles is banned\n|rule|OHKO Clause: OHKO moves are banned\n|rule|Evasion Moves Clause: Evasion moves are banned\n|rule|Evasion Abilities Clause: Evasion abilities are banned\n|rule|Species Clause: Limit one of each Pok\u00e9mon\n|rule|Gravity Sleep Clause: The combination of sleep-inducing moves with imperfect accuracy and Gravity or Gigantamax Orbeetle are banned\n|clearpoke\n|poke|p1|Sinistcha-Masterpiece|\n|poke|p1|Enamorus, F|\n|poke|p1|Diancie|\n|poke|p1|Okidogi, M|\n|poke|p1|Ursaluna-Bloodmoon, M|\n|poke|p1|Volcanion|\n|poke|p2|Ferrothorn, M|\n|poke|p2|Sinistcha-Masterpiece|\n|poke|p2|Diancie|\n|poke|p2|Amoonguss, M|\n|poke|p2|Iron Moth|\n|poke|p2|Fezandipiti, M|\n|teampreview\n|inactive|Battle timer is ON: inactive players will automatically lose when time's up. (requested by Denvah_17)\n|c|\u2606Denvah_17|glhf\n|c|\u2606Denvah_17|even tho you have amogus hah\n|inactive|Mr. Juroku has 120 seconds left.\n|\n|t:|1697091115\n|start\n|switch|p1a: Rihanna|Diancie, shiny|100\/100\n|switch|p1b: Saxophone|Volcanion|100\/100\n|switch|p2a: Sinistcha|Sinistcha-Masterpiece|100\/100\n|switch|p2b: Ferrothorn|Ferrothorn, M|100\/100\n|turn|1\n|\n|t:|1697091129\n|switch|p2b: Fezandipiti|Fezandipiti, M|100\/100\n|-terastallize|p1b: Saxophone|Fire\n|move|p1b: Saxophone|Heat Wave|p2b: Fezandipiti|[spread] p2a,p2b\n|-supereffective|p2a: Sinistcha\n|-damage|p2a: Sinistcha|0 fnt\n|-damage|p2b: Fezandipiti|66\/100\n|faint|p2a: Sinistcha\n|move|p1a: Rihanna|Trick Room|p1a: Rihanna\n|-fieldstart|move: Trick Room|[of] p1a: Rihanna\n|\n|upkeep\n|\n|t:|1697091143\n|switch|p2a: Diancie|Diancie|100\/100\n|turn|2\n|\n|t:|1697091163\n|switch|p2b: Amoonguss|Amoonguss, M|100\/100\n|move|p2a: Diancie|Diamond Storm|p1a: Rihanna|[spread] p1a,p1b\n|-supereffective|p1b: Saxophone\n|-damage|p1a: Rihanna|75\/100\n|-damage|p1b: Saxophone|46\/100\n|move|p1a: Rihanna|Earth Power|p2a: Diancie\n|-supereffective|p2a: Diancie\n|-damage|p2a: Diancie|69\/100\n|-enditem|p2a: Diancie|Weakness Policy\n|-boost|p2a: Diancie|atk|2|[from] item: Weakness Policy\n|-boost|p2a: Diancie|spa|2|[from] item: Weakness Policy\n|move|p1b: Saxophone|Steam Eruption|p2a: Diancie\n|-supereffective|p2a: Diancie\n|-damage|p2a: Diancie|0 fnt\n|faint|p2a: Diancie\n|\n|-heal|p1b: Saxophone|52\/100|[from] item: Leftovers\n|upkeep\n|\n|t:|1697091179\n|switch|p2a: Ferrothorn|Ferrothorn, M|100\/100\n|turn|3\n|\n|t:|1697091196\n|switch|p1b: Grass Latte|Sinistcha-Masterpiece|100\/100\n|move|p2a: Ferrothorn|Curse|p2a: Ferrothorn\n|-unboost|p2a: Ferrothorn|spe|1\n|-boost|p2a: Ferrothorn|atk|1\n|-boost|p2a: Ferrothorn|def|1\n|move|p2b: Amoonguss|Spore|p1b: Grass Latte\n|-immune|p1b: Grass Latte\n|move|p1a: Rihanna|Trick Room|p1a: Rihanna\n|-fieldend|move: Trick Room\n|\n|upkeep\n|turn|4\n|inactive|Mr. Juroku has 120 seconds left.\n|\n|t:|1697091238\n|switch|p1a: Saxophone|Volcanion, tera:Fire|52\/100\n|move|p2b: Amoonguss|Rage Powder|p2b: Amoonguss\n|-singleturn|p2b: Amoonguss|move: Rage Powder\n|move|p1b: Grass Latte|Calm Mind|p1b: Grass Latte\n|-boost|p1b: Grass Latte|spa|1\n|-boost|p1b: Grass Latte|spd|1\n|move|p2a: Ferrothorn|Gyro Ball|p1a: Saxophone\n|-resisted|p1a: Saxophone\n|-damage|p1a: Saxophone|23\/100\n|\n|-heal|p1a: Saxophone|29\/100|[from] item: Leftovers\n|upkeep\n|turn|5\n|inactive|Mr. Juroku has 120 seconds left.\n|inactive|Denvah_17 has 120 seconds left.\n|\n|t:|1697091289\n|move|p1b: Grass Latte|Calm Mind|p1b: Grass Latte\n|-boost|p1b: Grass Latte|spa|1\n|-boost|p1b: Grass Latte|spd|1\n|move|p1a: Saxophone|Heat Wave|p2b: Amoonguss|[spread] p2a,p2b\n|-supereffective|p2a: Ferrothorn\n|-supereffective|p2b: Amoonguss\n|-damage|p2a: Ferrothorn|0 fnt\n|-damage|p2b: Amoonguss|12\/100\n|-status|p2b: Amoonguss|brn\n|-enditem|p2b: Amoonguss|Sitrus Berry|[eat]\n|-heal|p2b: Amoonguss|37\/100 brn|[from] item: Sitrus Berry\n|faint|p2a: Ferrothorn\n|move|p2b: Amoonguss|Clear Smog|p1b: Grass Latte\n|-damage|p1b: Grass Latte|92\/100\n|-clearboost|p1b: Grass Latte\n|\n|-heal|p1a: Saxophone|35\/100|[from] item: Leftovers\n|-damage|p2b: Amoonguss|31\/100 brn|[from] brn\n|upkeep\n|inactive|Mr. Juroku has 120 seconds left.\n|\n|t:|1697091309\n|switch|p2a: Fezandipiti|Fezandipiti, M|66\/100\n|turn|6\n|\n|t:|1697091317\n|move|p2a: Fezandipiti|Icy Wind|p1a: Saxophone|[spread] p1a,p1b\n|-resisted|p1a: Saxophone\n|-supereffective|p1b: Grass Latte\n|-damage|p1a: Saxophone|31\/100\n|-damage|p1b: Grass Latte|70\/100\n|-unboost|p1a: Saxophone|spe|1\n|-unboost|p1b: Grass Latte|spe|1\n|-enditem|p1b: Grass Latte|Weakness Policy\n|-boost|p1b: Grass Latte|atk|2|[from] item: Weakness Policy\n|-boost|p1b: Grass Latte|spa|2|[from] item: Weakness Policy\n|move|p1b: Grass Latte|Calm Mind|p1b: Grass Latte\n|-boost|p1b: Grass Latte|spa|1\n|-boost|p1b: Grass Latte|spd|1\n|move|p1a: Saxophone|Heat Wave|p2b: Amoonguss|[spread] p2a,p2b\n|-supereffective|p2b: Amoonguss\n|-damage|p2a: Fezandipiti|37\/100\n|-damage|p2b: Amoonguss|0 fnt\n|faint|p2b: Amoonguss\n|\n|-heal|p1a: Saxophone|37\/100|[from] item: Leftovers\n|upkeep\n|inactive|Mr. Juroku has 120 seconds left.\n|\n|t:|1697091336\n|switch|p2b: Iron Moth|Iron Moth|100\/100\n|-enditem|p2b: Iron Moth|Booster Energy\n|-activate|p2b: Iron Moth|ability: Quark Drive|[fromitem]\n|-start|p2b: Iron Moth|quarkdrivespe\n|turn|7\n|inactive|Denvah_17 has 120 seconds left.\n|\n|t:|1697091384\n|move|p2b: Iron Moth|Sludge Wave|p1a: Saxophone|[spread] p2a,p1a,p1b\n|-damage|p2a: Fezandipiti|15\/100\n|-damage|p1a: Saxophone|3\/100\n|-damage|p1b: Grass Latte|42\/100\n|move|p2a: Fezandipiti|Heat Wave|p1a: Saxophone|[spread] p1a,p1b\n|-resisted|p1a: Saxophone\n|-supereffective|p1b: Grass Latte\n|-damage|p1a: Saxophone|0 fnt\n|-damage|p1b: Grass Latte|29\/100\n|-status|p1b: Grass Latte|brn\n|faint|p1a: Saxophone\n|move|p1b: Grass Latte|Scald|p2b: Iron Moth\n|-supereffective|p2b: Iron Moth\n|-damage|p2b: Iron Moth|0 fnt\n|faint|p2b: Iron Moth\n|-end|p2b: Iron Moth|Quark Drive|[silent]\n|\n|-damage|p1b: Grass Latte|27\/100 brn|[from] brn\n|upkeep\n|\n|t:|1697091400\n|switch|p1a: Freddy Fazbear|Ursaluna-Bloodmoon, M|100\/100\n|turn|8\n|c|\u2606Denvah_17|gg\n|inactive|Mr. Juroku has 120 seconds left.\n|-message|Mr. Juroku forfeited.\n|\n|win|Denvah_17\n|raw|Denvah_17's rating: 1462 &rarr; <strong>1479<\/strong><br \/>(+17 for winning)\n|raw|Mr. Juroku's rating: 1413 &rarr; <strong>1396<\/strong><br \/>(-17 for losing)\n|l|\u2606Mr. Juroku\n|player|p1|Denvah_17|alder\n","uploadtime":1697092104,"views":11,"p1id":"denvah17","p2id":"mrjuroku","formatid":"gen9nationaldexdoubles","rating":1396,"private":0,"password":""}