{"id":"gen9nationaldexdoubles-1958078877","p1":"whenthetheyouknow","p2":"Brick_Enjoyer_144","format":"[Gen 9] National Dex Doubles","log":"|j|\u2606whenthetheyouknow\n|j|\u2606Brick_Enjoyer_144\n|t:|1696285906\n|gametype|doubles\n|player|p1|whenthetheyouknow|nanu|\n|player|p2|Brick_Enjoyer_144|shauntal|\n|teamsize|p1|6\n|teamsize|p2|6\n|gen|9\n|tier|[Gen 9] National Dex Doubles\n|rule|HP Percentage Mod: HP is shown in percentages\n|rule|Endless Battle Clause: Forcing endless battles is banned\n|rule|OHKO Clause: OHKO moves are banned\n|rule|Evasion Moves Clause: Evasion moves are banned\n|rule|Evasion Abilities Clause: Evasion abilities are banned\n|rule|Species Clause: Limit one of each Pok\u00e9mon\n|rule|Gravity Sleep Clause: The combination of sleep-inducing moves with imperfect accuracy and Gravity or Gigantamax Orbeetle are banned\n|clearpoke\n|poke|p1|Zygarde|\n|poke|p1|Grimmsnarl, M|\n|poke|p1|Clefairy, F|\n|poke|p1|Murkrow, F|\n|poke|p1|Volcarona, F|\n|poke|p1|Palafin, F|\n|poke|p2|Electivire, M|\n|poke|p2|Nidoking, M|\n|poke|p2|Infernape, M|\n|poke|p2|Cinccino, M|\n|poke|p2|Chien-Pao|\n|poke|p2|Sylveon, M|\n|teampreview\n|inactive|Battle timer is ON: inactive players will automatically lose when time's up. (requested by Brick_Enjoyer_144)\n|\n|t:|1696285917\n|start\n|switch|p1a: Grimmsnarl|Grimmsnarl, M|100\/100\n|switch|p1b: Palafin|Palafin, F|100\/100\n|switch|p2a: Electivire|Electivire, M|100\/100\n|switch|p2b: Nidoking|Nidoking, M|100\/100\n|turn|1\n|\n|t:|1696285944\n|detailschange|p1b: Palafin|Palafin-Hero, F\n|switch|p1b: Clefairy|Clefairy, F|100\/100\n|move|p1a: Grimmsnarl|Light Screen|p1a: Grimmsnarl\n|-sidestart|p1: whenthetheyouknow|move: Light Screen\n|move|p2b: Nidoking|Earth Power|p1a: Grimmsnarl\n|-damage|p1a: Grimmsnarl|80\/100\n|move|p2a: Electivire|Brick Break|p1b: Clefairy\n|-sideend|p1: whenthetheyouknow|move: Light Screen\n|-resisted|p1b: Clefairy\n|-damage|p1b: Clefairy|83\/100\n|\n|upkeep\n|turn|2\n|inactive|whenthetheyouknow has 270 seconds left.\n|\n|t:|1696285979\n|move|p1a: Grimmsnarl|Parting Shot|p2b: Nidoking\n|-unboost|p2b: Nidoking|atk|1\n|-unboost|p2b: Nidoking|spa|1\n|\n|t:|1696285982\n|switch|p1a: Zygarde|Zygarde|100\/100|[from] Parting Shot\n|-ability|p1a: Zygarde|Aura Break\n|move|p2b: Nidoking|Earth Power|p1b: Clefairy\n|-damage|p1b: Clefairy|57\/100\n|move|p2a: Electivire|Wild Charge|p1b: Clefairy\n|-damage|p1b: Clefairy|2\/100\n|-damage|p2a: Electivire|84\/100|[from] Recoil\n|move|p1b: Clefairy|Heal Pulse|p1a: Zygarde\n|-fail|p1a: Zygarde|heal\n|\n|upkeep\n|turn|3\n|inactive|whenthetheyouknow has 270 seconds left.\n|\n|t:|1696286021\n|-terastallize|p1a: Zygarde|Normal\n|move|p2b: Nidoking|Earth Power|p1b: Clefairy\n|-damage|p1b: Clefairy|0 fnt\n|faint|p1b: Clefairy\n|move|p1a: Zygarde|Thousand Arrows|p2b: Nidoking|[spread] p2a,p2b\n|-supereffective|p2a: Electivire\n|-supereffective|p2b: Nidoking\n|-damage|p2a: Electivire|0 fnt\n|-damage|p2b: Nidoking|13\/100\n|faint|p2a: Electivire\n|\n|upkeep\n|\n|t:|1696286036\n|switch|p2a: Infernape|Infernape, M|100\/100\n|switch|p1b: Grimmsnarl|Grimmsnarl, M|80\/100\n|turn|4\n|\n|t:|1696286054\n|switch|p1a: Volcarona|Volcarona, F|100\/100\n|move|p1b: Grimmsnarl|Reflect|p1b: Grimmsnarl\n|-sidestart|p1: whenthetheyouknow|Reflect\n|move|p2a: Infernape|Drain Punch|p1a: Volcarona\n|-resisted|p1a: Volcarona\n|-damage|p1a: Volcarona|79\/100\n|move|p2b: Nidoking|Earth Power|p1b: Grimmsnarl\n|-damage|p1b: Grimmsnarl|48\/100\n|\n|upkeep\n|turn|5\n|\n|t:|1696286077\n|move|p1b: Grimmsnarl|Light Screen|p1b: Grimmsnarl\n|-sidestart|p1: whenthetheyouknow|move: Light Screen\n|move|p2a: Infernape|Fire Punch|p1b: Grimmsnarl\n|-damage|p1b: Grimmsnarl|16\/100\n|move|p1a: Volcarona|Fiery Dance|p2b: Nidoking\n|-damage|p2b: Nidoking|0 fnt\n|-boost|p1a: Volcarona|spa|1\n|faint|p2b: Nidoking\n|\n|upkeep\n|\n|t:|1696286089\n|switch|p2b: Cinccino|Cinccino, M|100\/100\n|turn|6\n|\n|t:|1696286111\n|move|p1b: Grimmsnarl|Parting Shot|p2a: Infernape\n|-unboost|p2a: Infernape|atk|1\n|-unboost|p2a: Infernape|spa|1\n|\n|t:|1696286116\n|switch|p1b: Palafin|Palafin-Hero, F|100\/100|[from] Parting Shot\n|-activate|p1b: Palafin|ability: Zero to Hero\n|move|p2b: Cinccino|Rock Blast|p1a: Volcarona\n|-supereffective|p1a: Volcarona\n|-damage|p1a: Volcarona|33\/100\n|-supereffective|p1a: Volcarona\n|-damage|p1a: Volcarona|0 fnt\n|faint|p1a: Volcarona\n|-hitcount|p1: Volcarona|2\n|move|p2a: Infernape|Fire Punch|p1b: Palafin\n|-resisted|p1b: Palafin\n|-damage|p1b: Palafin|91\/100\n|\n|upkeep\n|inactive|whenthetheyouknow has 270 seconds left.\n|\n|t:|1696286142\n|switch|p1a: Zygarde|Zygarde, tera:Normal|100\/100\n|-ability|p1a: Zygarde|Aura Break\n|turn|7\n|inactive|whenthetheyouknow has 270 seconds left.\n|\n|t:|1696286165\n|move|p1b: Palafin|Jet Punch|p2a: Infernape\n|-supereffective|p2a: Infernape\n|-enditem|p2a: Infernape|Focus Sash\n|-damage|p2a: Infernape|1\/100\n|move|p2b: Cinccino|Bullet Seed|p1b: Palafin\n|-supereffective|p1b: Palafin\n|-damage|p1b: Palafin|75\/100\n|-supereffective|p1b: Palafin\n|-damage|p1b: Palafin|60\/100\n|-supereffective|p1b: Palafin\n|-crit|p1b: Palafin\n|-damage|p1b: Palafin|27\/100\n|-supereffective|p1b: Palafin\n|-damage|p1b: Palafin|14\/100\n|-hitcount|p1b: Palafin|4\n|move|p2a: Infernape|Drain Punch|p1a: Zygarde\n|-supereffective|p1a: Zygarde\n|-damage|p1a: Zygarde|71\/100\n|-heal|p2a: Infernape|19\/100|[from] drain|[of] p1a: Zygarde\n|move|p1a: Zygarde|Thousand Arrows|p2a: Infernape|[spread] p2a,p2b\n|-supereffective|p2a: Infernape\n|-damage|p2a: Infernape|0 fnt\n|-damage|p2b: Cinccino|48\/100\n|faint|p2a: Infernape\n|\n|-heal|p1a: Zygarde|78\/100|[from] item: Leftovers\n|upkeep\n|\n|t:|1696286189\n|switch|p2a: Sylveon|Sylveon, M|100\/100\n|turn|8\n|\n|t:|1696286209\n|move|p1a: Zygarde|Extreme Speed|p2b: Cinccino\n|-damage|p2b: Cinccino|0 fnt\n|faint|p2b: Cinccino\n|move|p2a: Sylveon|Hyper Voice|p1a: Zygarde|[spread] p1a,p1b\n|-damage|p1a: Zygarde|53\/100\n|-damage|p1b: Palafin|0 fnt\n|faint|p1b: Palafin\n|\n|-heal|p1a: Zygarde|59\/100|[from] item: Leftovers\n|upkeep\n|\n|t:|1696286220\n|switch|p2b: Chien-Pao|Chien-Pao|100\/100\n|switch|p1b: Grimmsnarl|Grimmsnarl, M|16\/100\n|-ability|p2b: Chien-Pao|Sword of Ruin\n|turn|9\n|\n|t:|1696286233\n|move|p1b: Grimmsnarl|Parting Shot|p2b: Chien-Pao\n|-hint|Since gen 7, Dark is immune to Prankster moves.\n|-immune|p2b: Chien-Pao\n|move|p2b: Chien-Pao|Sacred Sword|p1a: Zygarde\n|-supereffective|p1a: Zygarde\n|-damage|p1a: Zygarde|0 fnt\n|faint|p1a: Zygarde\n|move|p2a: Sylveon|Hyper Voice|p1b: Grimmsnarl\n|-supereffective|p1b: Grimmsnarl\n|-damage|p1b: Grimmsnarl|0 fnt\n|faint|p1b: Grimmsnarl\n|\n|upkeep\n|\n|t:|1696286242\n|switch|p1b: Murkrow|Murkrow, F|100\/100\n|turn|10\n|\n|t:|1696286259\n|move|p2b: Chien-Pao|Sacred Sword|p1b: Murkrow\n|-damage|p1b: Murkrow|44\/100\n|move|p2a: Sylveon|Hyper Voice|p1b: Murkrow\n|-supereffective|p1b: Murkrow\n|-damage|p1b: Murkrow|0 fnt\n|faint|p1b: Murkrow\n|\n|win|Brick_Enjoyer_144\n|l|\u2606whenthetheyouknow\n","uploadtime":1696286269,"views":9,"p1id":"whenthetheyouknow","p2id":"brickenjoyer144","formatid":"gen9nationaldexdoubles","rating":0,"private":0,"password":""}