{"id":"gen9nationaldexdoubles-1962426662","p1":"Kourtney2","p2":"4 Senpai","format":"[Gen 9] National Dex Doubles","log":"|j|\u2606Kourtney2\n|j|\u26064 Senpai\n|t:|1696744905\n|gametype|doubles\n|player|p1|Kourtney2|265|1000\n|player|p2|4 Senpai|caitlin|1091\n|teamsize|p1|6\n|teamsize|p2|6\n|gen|9\n|tier|[Gen 9] National Dex Doubles\n|rated|\n|rule|HP Percentage Mod: HP is shown in percentages\n|rule|Endless Battle Clause: Forcing endless battles is banned\n|rule|OHKO Clause: OHKO moves are banned\n|rule|Evasion Moves Clause: Evasion moves are banned\n|rule|Evasion Abilities Clause: Evasion abilities are banned\n|rule|Species Clause: Limit one of each Pok\u00e9mon\n|rule|Gravity Sleep Clause: The combination of sleep-inducing moves with imperfect accuracy and Gravity or Gigantamax Orbeetle are banned\n|clearpoke\n|poke|p1|Regigigas|\n|poke|p1|Medicham, F|\n|poke|p1|Kleavor, M|\n|poke|p1|Persian, M|\n|poke|p1|Gastrodon, F|\n|poke|p1|Raichu-Alola, F|\n|poke|p2|Lopunny, F|\n|poke|p2|Vespiquen, F|\n|poke|p2|Gengar, M|\n|poke|p2|Spiritomb, F|\n|poke|p2|Regigigas|\n|poke|p2|Koffing, M|\n|teampreview\n|\n|t:|1696744919\n|start\n|switch|p1a: Regigigas|Regigigas|100\/100\n|switch|p1b: Medicham|Medicham, F|100\/100\n|switch|p2a: Sensei-tional <3|Lopunny, F|100\/100\n|switch|p2b: QUEEN SLAE|Vespiquen, F, shiny|100\/100\n|-start|p1a: Regigigas|ability: Slow Start\n|-ability|p2b: QUEEN SLAE|Pressure\n|turn|1\n|inactive|Battle timer is ON: inactive players will automatically lose when time's up. (requested by 4 Senpai)\n|\n|t:|1696744940\n|detailschange|p2a: Sensei-tional <3|Lopunny-Mega, F\n|-mega|p2a: Sensei-tional <3|Lopunny|Lopunnite\n|-terastallize|p1a: Regigigas|Normal\n|move|p2a: Sensei-tional <3|Fake Out|p1b: Medicham\n|-damage|p1b: Medicham|74\/100\n|cant|p1b: Medicham|flinch\n|move|p1a: Regigigas|Fire Punch|p2b: QUEEN SLAE\n|-supereffective|p2b: QUEEN SLAE\n|-crit|p2b: QUEEN SLAE\n|-damage|p2b: QUEEN SLAE|59\/100\n|-enditem|p2b: QUEEN SLAE|Enigma Berry|[eat]\n|-heal|p2b: QUEEN SLAE|83\/100|[from] item: Enigma Berry|[of] p1a: Regigigas\n|-status|p2b: QUEEN SLAE|brn\n|move|p2b: QUEEN SLAE|Dual Wingbeat|p1b: Medicham\n|-supereffective|p1b: Medicham\n|-damage|p1b: Medicham|59\/100\n|-supereffective|p1b: Medicham\n|-damage|p1b: Medicham|43\/100\n|-hitcount|p1b: Medicham|2\n|\n|-damage|p2b: QUEEN SLAE|77\/100 brn|[from] brn\n|upkeep\n|turn|2\n|\n|t:|1696744968\n|move|p2b: QUEEN SLAE|Protect|p2b: QUEEN SLAE\n|-singleturn|p2b: QUEEN SLAE|Protect\n|move|p2a: Sensei-tional <3|Drain Punch|p1a: Regigigas\n|-supereffective|p1a: Regigigas\n|-damage|p1a: Regigigas|34\/100\n|move|p1b: Medicham|Skill Swap|p1a: Regigigas\n|-activate|p1b: Medicham|move: Skill Swap|||[of] p1a: Regigigas\n|-end|p1a: Regigigas|Slow Start|[silent]\n|-start|p1b: Medicham|ability: Slow Start\n|move|p1a: Regigigas|Fire Punch|p2b: QUEEN SLAE\n|-activate|p2b: QUEEN SLAE|move: Protect\n|\n|-damage|p2b: QUEEN SLAE|71\/100 brn|[from] brn\n|upkeep\n|turn|3\n|inactive|Kourtney2 has 120 seconds left.\n|\n|t:|1696745010\n|move|p2a: Sensei-tional <3|Drain Punch|p1a: Regigigas\n|-supereffective|p1a: Regigigas\n|-damage|p1a: Regigigas|0 fnt\n|faint|p1a: Regigigas\n|move|p1b: Medicham|Skill Swap|p2a: Sensei-tional <3\n|-activate|p1b: Medicham|move: Skill Swap|Scrappy|Slow Start|[of] p2a: Sensei-tional <3\n|-end|p1b: Medicham|Slow Start|[silent]\n|-start|p2a: Sensei-tional <3|ability: Slow Start\n|move|p2b: QUEEN SLAE|Defend Order|p2b: QUEEN SLAE\n|-boost|p2b: QUEEN SLAE|def|1\n|-boost|p2b: QUEEN SLAE|spd|1\n|\n|-damage|p2b: QUEEN SLAE|65\/100 brn|[from] brn\n|upkeep\n|\n|t:|1696745026\n|switch|p1a: Persian|Persian, M|100\/100\n|turn|4\n|inactive|Kourtney2 has 120 seconds left.\n|\n|t:|1696745038\n|-end|p2a: Sensei-tional <3|Slow Start|[silent]\n|switch|p2a: TomnNBoom|Spiritomb, F, shiny|100\/100\n|move|p2b: QUEEN SLAE|Protect|p2b: QUEEN SLAE\n|-singleturn|p2b: QUEEN SLAE|Protect\n|move|p1a: Persian|Aerial Ace|p2b: QUEEN SLAE\n|-activate|p2b: QUEEN SLAE|move: Protect\n|move|p1b: Medicham|Reflect|p1b: Medicham\n|-sidestart|p1: Kourtney2|Reflect\n|\n|-damage|p2b: QUEEN SLAE|59\/100 brn|[from] brn\n|upkeep\n|turn|5\n|\n|t:|1696745058\n|-terastallize|p2b: QUEEN SLAE|Flying\n|move|p1a: Persian|Power Gem|p2a: TomnNBoom\n|-damage|p2a: TomnNBoom|89\/100\n|-damage|p1a: Persian|91\/100|[from] item: Life Orb\n|move|p1b: Medicham|Light Screen|p1b: Medicham\n|-sidestart|p1: Kourtney2|move: Light Screen\n|move|p2b: QUEEN SLAE|Dual Wingbeat|p1b: Medicham|[miss]\n|-miss|p2b: QUEEN SLAE|p1b: Medicham\n|move|p2a: TomnNBoom|Trick Room|p2a: TomnNBoom\n|-fieldstart|move: Trick Room|[of] p2a: TomnNBoom\n|\n|-damage|p2b: QUEEN SLAE|53\/100 brn|[from] brn\n|upkeep\n|turn|6\n|\n|t:|1696745083\n|switch|p1b: Gastrodon|Gastrodon, F|100\/100\n|move|p2a: TomnNBoom|Will-O-Wisp|p1a: Persian\n|-status|p1a: Persian|brn\n|move|p2b: QUEEN SLAE|Dual Wingbeat|p1b: Gastrodon\n|-damage|p1b: Gastrodon|95\/100\n|-damage|p2b: QUEEN SLAE|36\/100 brn|[from] item: Rocky Helmet|[of] p1b: Gastrodon\n|-damage|p1b: Gastrodon|89\/100\n|-damage|p2b: QUEEN SLAE|19\/100 brn|[from] item: Rocky Helmet|[of] p1b: Gastrodon\n|-hitcount|p1b: Gastrodon|2\n|move|p1a: Persian|Aerial Ace|p2b: QUEEN SLAE\n|-damage|p2b: QUEEN SLAE|13\/100 brn\n|-damage|p1a: Persian|81\/100 brn|[from] item: Life Orb\n|\n|-damage|p2b: QUEEN SLAE|7\/100 brn|[from] brn\n|-damage|p1a: Persian|75\/100 brn|[from] brn\n|upkeep\n|turn|7\n|\n|t:|1696745112\n|move|p2a: TomnNBoom|Will-O-Wisp|p1b: Gastrodon\n|-status|p1b: Gastrodon|brn\n|move|p1b: Gastrodon|Liquidation|p2b: QUEEN SLAE\n|-damage|p2b: QUEEN SLAE|0 fnt\n|faint|p2b: QUEEN SLAE\n|move|p1a: Persian|Power Gem|p2a: TomnNBoom\n|-damage|p2a: TomnNBoom|76\/100\n|-damage|p1a: Persian|65\/100 brn|[from] item: Life Orb\n|\n|-damage|p1b: Gastrodon|83\/100 brn|[from] brn\n|-damage|p1a: Persian|59\/100 brn|[from] brn\n|upkeep\n|inactive|4 Senpai has 120 seconds left.\n|\n|t:|1696745127\n|switch|p2b: Sensei-tional <3|Lopunny-Mega, F|100\/100\n|turn|8\n|\n|t:|1696745144\n|move|p2b: Sensei-tional <3|Fake Out|p1b: Gastrodon\n|-damage|p1b: Gastrodon|66\/100 brn\n|-damage|p2b: Sensei-tional <3|84\/100|[from] item: Rocky Helmet|[of] p1b: Gastrodon\n|move|p2a: TomnNBoom|Foul Play|p1a: Persian\n|-damage|p1a: Persian|15\/100 brn\n|cant|p1b: Gastrodon|flinch\n|move|p1a: Persian|Double-Edge|p2b: Sensei-tional <3\n|-damage|p2b: Sensei-tional <3|52\/100\n|-damage|p1a: Persian|6\/100 brn|[from] Recoil\n|-damage|p1a: Persian|0 fnt|[from] item: Life Orb\n|faint|p1a: Persian\n|\n|-damage|p1b: Gastrodon|60\/100 brn|[from] brn\n|-sideend|p1: Kourtney2|Reflect\n|upkeep\n|\n|t:|1696745161\n|switch|p1a: Raichu|Raichu-Alola, F|100\/100\n|turn|9\n|\n|t:|1696745173\n|move|p2b: Sensei-tional <3|Protect|p2b: Sensei-tional <3\n|-singleturn|p2b: Sensei-tional <3|Protect\n|move|p2a: TomnNBoom|Destiny Bond|p2a: TomnNBoom\n|-singlemove|p2a: TomnNBoom|Destiny Bond\n|move|p1b: Gastrodon|Pain Split|p2a: TomnNBoom\n|-sethp|p2a: TomnNBoom|80\/100|[from] move: Pain Split|[silent]\n|-sethp|p1b: Gastrodon|57\/100 brn|[from] move: Pain Split\n|move|p1a: Raichu|Surf|p2a: TomnNBoom|[spread] p2a\n|-activate|p2b: Sensei-tional <3|move: Protect\n|-ability|p1b: Gastrodon|Storm Drain|boost\n|-boost|p1b: Gastrodon|spa|1\n|-damage|p2a: TomnNBoom|58\/100\n|\n|-damage|p1b: Gastrodon|51\/100 brn|[from] brn\n|-sideend|p1: Kourtney2|move: Light Screen\n|-fieldend|move: Trick Room\n|upkeep\n|turn|10\n|inactive|4 Senpai has 120 seconds left.\n|\n|t:|1696745205\n|switch|p1a: Kleavor|Kleavor, M|100\/100\n|move|p2b: Sensei-tional <3|Facade|p1b: Gastrodon\n|-damage|p1b: Gastrodon|9\/100 brn\n|-damage|p2b: Sensei-tional <3|36\/100|[from] item: Rocky Helmet|[of] p1b: Gastrodon\n|move|p1b: Gastrodon|Liquidation|p2b: Sensei-tional <3\n|-damage|p2b: Sensei-tional <3|21\/100\n|move|p2a: TomnNBoom|Foul Play|p1a: Kleavor\n|-damage|p1a: Kleavor|38\/100\n|\n|-damage|p1b: Gastrodon|3\/100 brn|[from] brn\n|upkeep\n|turn|11\n|\n|t:|1696745230\n|switch|p2b: Win.CON.exe|Koffing, M, shiny|100\/100\n|move|p1a: Kleavor|Stone Axe|p2a: TomnNBoom\n|-damage|p2a: TomnNBoom|8\/100\n|-sidestart|p2: 4 Senpai|move: Stealth Rock\n|move|p1b: Gastrodon|Memento|p2b: Win.CON.exe\n|-unboost|p2b: Win.CON.exe|atk|2\n|-unboost|p2b: Win.CON.exe|spa|2\n|faint|p1b: Gastrodon\n|move|p2a: TomnNBoom|Foul Play|p1a: Kleavor\n|-damage|p1a: Kleavor|0 fnt\n|faint|p1a: Kleavor\n|\n|upkeep\n|inactive|Kourtney2 has 120 seconds left.\n|\n|t:|1696745246\n|switch|p1a: Medicham|Medicham, F|43\/100\n|switch|p1b: Raichu|Raichu-Alola, F|100\/100\n|turn|12\n|\n|t:|1696745262\n|move|p2b: Win.CON.exe|Protect|p2b: Win.CON.exe\n|-singleturn|p2b: Win.CON.exe|Protect\n|move|p1b: Raichu|Surf|p2a: TomnNBoom|[spread] p1a,p2a\n|-activate|p2b: Win.CON.exe|move: Protect\n|-damage|p1a: Medicham|4\/100\n|-damage|p2a: TomnNBoom|0 fnt\n|faint|p2a: TomnNBoom\n|move|p1a: Medicham|Skill Swap|p1b: Raichu\n|-activate|p1a: Medicham|move: Skill Swap|||[of] p1b: Raichu\n|\n|upkeep\n|\n|t:|1696745273\n|switch|p2a: Ohhhh NOOOO >;3|Regigigas, shiny|100\/100\n|-damage|p2a: Ohhhh NOOOO >;3|88\/100|[from] Stealth Rock\n|-start|p2a: Ohhhh NOOOO >;3|ability: Slow Start\n|turn|13\n|\n|t:|1696745289\n|move|p1b: Raichu|Surf|p2a: Ohhhh NOOOO >;3|[spread] p1a,p2a,p2b\n|-damage|p1a: Medicham|0 fnt\n|-damage|p2a: Ohhhh NOOOO >;3|74\/100\n|-damage|p2b: Win.CON.exe|58\/100\n|faint|p1a: Medicham\n|move|p2a: Ohhhh NOOOO >;3|Darkest Lariat|p1b: Raichu\n|-supereffective|p1b: Raichu\n|-damage|p1b: Raichu|10\/100\n|move|p2b: Win.CON.exe|Clear Smog|p1b: Raichu\n|-damage|p1b: Raichu|1\/100\n|-clearboost|p1b: Raichu\n|\n|upkeep\n|turn|14\n|\n|t:|1696745303\n|move|p1b: Raichu|Surf|p2a: Ohhhh NOOOO >;3|[spread] p2a,p2b\n|-damage|p2a: Ohhhh NOOOO >;3|59\/100\n|-damage|p2b: Win.CON.exe|15\/100\n|move|p2a: Ohhhh NOOOO >;3|Earthquake|p1b: Raichu|[spread] p1b\n|-immune|p2b: Win.CON.exe|[from] ability: Levitate\n|-supereffective|p1b: Raichu\n|-damage|p1b: Raichu|0 fnt\n|faint|p1b: Raichu\n|\n|win|4 Senpai\n|raw|Kourtney2's rating: 1000 &rarr; <strong>1000<\/strong><br \/>(+0 for losing)\n|raw|4 Senpai's rating: 1091 &rarr; <strong>1111<\/strong><br \/>(+20 for winning)\n|l|\u2606Kourtney2\n","uploadtime":1696745322,"views":8,"p1id":"kourtney2","p2id":"4senpai","formatid":"gen9nationaldexdoubles","rating":1000,"private":0,"password":""}