{"id":"gen9nationaldexdoubles-1973732716","p1":"MaaChACaHOmEr","p2":"MightySalmon","format":"[Gen 9] National Dex Doubles","log":"|j|\u2606MaaChACaHOmEr\n|j|\u2606MightySalmon\n|t:|1698007915\n|gametype|doubles\n|player|p1|MaaChACaHOmEr|170|\n|player|p2|MightySalmon|harlequin|\n|teamsize|p1|6\n|teamsize|p2|6\n|gen|9\n|tier|[Gen 9] National Dex Doubles\n|rule|HP Percentage Mod: HP is shown in percentages\n|rule|Endless Battle Clause: Forcing endless battles is banned\n|rule|OHKO Clause: OHKO moves are banned\n|rule|Evasion Moves Clause: Evasion moves are banned\n|rule|Evasion Abilities Clause: Evasion abilities are banned\n|rule|Species Clause: Limit one of each Pok\u00e9mon\n|rule|Gravity Sleep Clause: The combination of sleep-inducing moves with imperfect accuracy and Gravity or Gigantamax Orbeetle are banned\n|clearpoke\n|poke|p1|Cradily, M|\n|poke|p1|Whimsicott, M|\n|poke|p1|Decidueye, F|\n|poke|p1|Ferrothorn, M|\n|poke|p1|Sceptile, M|\n|poke|p1|Meowscarada, M|\n|poke|p2|Ceruledge, M|\n|poke|p2|Ninetales, F|\n|poke|p2|Delphox, M|\n|poke|p2|Infernape, M|\n|poke|p2|Magcargo, F|\n|poke|p2|Talonflame, M|\n|teampreview\n|\n|t:|1698007939\n|start\n|switch|p1a: Whimsicott|Whimsicott, M|100\/100\n|switch|p1b: Meowscarada|Meowscarada, M|100\/100\n|switch|p2a: Ninetales|Ninetales, F|100\/100\n|switch|p2b: Delphox|Delphox, M|100\/100\n|-weather|SunnyDay|[from] ability: Drought|[of] p2a: Ninetales\n|turn|1\n|\n|t:|1698007963\n|move|p1a: Whimsicott|Toxic|p2b: Delphox\n|-status|p2b: Delphox|tox\n|move|p1b: Meowscarada|Shadow Claw|p2b: Delphox\n|-start|p1b: Meowscarada|typechange|Ghost|[from] ability: Protean\n|-supereffective|p2b: Delphox\n|-damage|p2b: Delphox|0 fnt\n|faint|p2b: Delphox\n|move|p2a: Ninetales|Flamethrower|p1b: Meowscarada\n|-damage|p1b: Meowscarada|40\/100\n|\n|-weather|SunnyDay|[upkeep]\n|upkeep\n|\n|t:|1698007976\n|switch|p2b: Infernape|Infernape, M|100\/100\n|turn|2\n|\n|t:|1698007994\n|move|p1a: Whimsicott|Moonblast|p2b: Infernape\n|-damage|p2b: Infernape|62\/100\n|-unboost|p2b: Infernape|spa|1\n|move|p2b: Infernape|Fire Punch|p1a: Whimsicott\n|-supereffective|p1a: Whimsicott\n|-damage|p1a: Whimsicott|0 fnt\n|faint|p1a: Whimsicott\n|move|p1b: Meowscarada|Thunder Punch|p2b: Infernape\n|-damage|p2b: Infernape|29\/100\n|-damage|p1b: Meowscarada|24\/100|[from] item: Rocky Helmet|[of] p2b: Infernape\n|move|p2a: Ninetales|Flamethrower|p1b: Meowscarada\n|-damage|p1b: Meowscarada|0 fnt\n|faint|p1b: Meowscarada\n|\n|-weather|SunnyDay|[upkeep]\n|upkeep\n|\n|t:|1698008018\n|switch|p1b: Ferrothorn|Ferrothorn, M|100\/100\n|switch|p1a: Decidueye|Decidueye, F|100\/100\n|-ability|p1b: Ferrothorn|Anticipation\n|turn|3\n|\n|t:|1698008042\n|move|p2b: Infernape|Fire Punch|p1b: Ferrothorn\n|-supereffective|p1b: Ferrothorn\n|-damage|p1b: Ferrothorn|0 fnt\n|faint|p1b: Ferrothorn\n|move|p2a: Ninetales|Flamethrower|p1a: Decidueye\n|-supereffective|p1a: Decidueye\n|-enditem|p1a: Decidueye|Focus Sash\n|-damage|p1a: Decidueye|1\/100\n|move|p1a: Decidueye|Feather Dance|p2b: Infernape\n|-unboost|p2b: Infernape|atk|2\n|\n|-weather|SunnyDay|[upkeep]\n|upkeep\n|\n|t:|1698008056\n|switch|p1b: Cradily|Cradily, M|100\/100\n|turn|4\n|\n|t:|1698008071\n|move|p2b: Infernape|Fire Punch|p1a: Decidueye\n|-supereffective|p1a: Decidueye\n|-damage|p1a: Decidueye|0 fnt\n|faint|p1a: Decidueye\n|move|p2a: Ninetales|Flamethrower|p1b: Cradily\n|-damage|p1b: Cradily|72\/100\n|move|p1b: Cradily|Ancient Power|p2b: Infernape\n|-damage|p2b: Infernape|0 fnt\n|faint|p2b: Infernape\n|\n|-weather|SunnyDay|[upkeep]\n|upkeep\n|\n|t:|1698008085\n|switch|p2b: Ceruledge|Ceruledge, M|100\/100\n|switch|p1a: Sceptile|Sceptile, M|100\/100\n|turn|5\n|\n|t:|1698008099\n|move|p1a: Sceptile|Dragon Dance|p1a: Sceptile\n|-boost|p1a: Sceptile|atk|1\n|-boost|p1a: Sceptile|spe|1\n|move|p2a: Ninetales|Disable|p1b: Cradily\n|-start|p1b: Cradily|Disable|Ancient Power\n|move|p2b: Ceruledge|Bitter Blade|p1a: Sceptile\n|-supereffective|p1a: Sceptile\n|-damage|p1a: Sceptile|0 fnt\n|faint|p1a: Sceptile\n|cant|p1b: Cradily|Disable|Ancient Power\n|\n|-weather|none\n|upkeep\n|turn|6\n|\n|t:|1698008122\n|move|p2a: Ninetales|Flamethrower|p1b: Cradily\n|-damage|p1b: Cradily|52\/100\n|move|p2b: Ceruledge|Lava Plume|p1b: Cradily|[spread] p2a,p1b\n|-resisted|p2a: Ninetales\n|-damage|p2a: Ninetales|94\/100\n|-damage|p1b: Cradily|42\/100\n|-status|p1b: Cradily|brn\n|move|p1b: Cradily|Toxic|p2b: Ceruledge\n|-status|p2b: Ceruledge|tox\n|\n|-damage|p2b: Ceruledge|94\/100 tox|[from] psn\n|-damage|p1b: Cradily|36\/100 brn|[from] brn\n|upkeep\n|turn|7\n|\n|t:|1698008140\n|move|p2a: Ninetales|Facade|p1b: Cradily\n|-resisted|p1b: Cradily\n|-damage|p1b: Cradily|30\/100 brn\n|move|p2b: Ceruledge|Lava Plume|p1b: Cradily|[spread] p2a,p1b\n|-resisted|p2a: Ninetales\n|-damage|p2a: Ninetales|88\/100\n|-damage|p1b: Cradily|19\/100 brn\n|move|p1b: Cradily|Infestation|p2b: Ceruledge\n|-resisted|p2b: Ceruledge\n|-damage|p2b: Ceruledge|93\/100 tox\n|-activate|p2b: Ceruledge|move: Infestation|[of] p1b: Cradily\n|\n|-damage|p2b: Ceruledge|81\/100 tox|[from] psn\n|-damage|p1b: Cradily|13\/100 brn|[from] brn\n|-damage|p2b: Ceruledge|68\/100 tox|[from] move: Infestation|[partiallytrapped]\n|upkeep\n|turn|8\n|\n|t:|1698008166\n|move|p2a: Ninetales|Encore|p1b: Cradily\n|-start|p1b: Cradily|Encore\n|move|p2b: Ceruledge|Lava Plume|p1b: Cradily|[spread] p2a,p1b\n|-resisted|p2a: Ninetales\n|-damage|p2a: Ninetales|82\/100\n|-damage|p1b: Cradily|2\/100 brn\n|move|p1b: Cradily|Infestation|p2a: Ninetales\n|-resisted|p2a: Ninetales\n|-damage|p2a: Ninetales|80\/100\n|-activate|p2a: Ninetales|move: Infestation|[of] p1b: Cradily\n|\n|-damage|p2b: Ceruledge|50\/100 tox|[from] psn\n|-damage|p1b: Cradily|0 fnt|[from] brn\n|faint|p1b: Cradily\n|\n|win|MightySalmon\n|upkeep\n|l|\u2606MaaChACaHOmEr\n|j| cynda3\n|l|\u2606MightySalmon\n","uploadtime":1698008181,"views":7,"p1id":"maachacahomer","p2id":"mightysalmon","formatid":"gen9nationaldexdoubles","rating":0,"private":0,"password":""}