{"id":"gen9nationaldexdoubles-1976132411","p1":"shiftygatito","p2":"Jack the Ripper21","format":"[Gen 9] National Dex Doubles","log":"|j|\u2606shiftygatito\n|j|\u2606Jack the Ripper21\n|t:|1698266479\n|gametype|doubles\n|player|p1|shiftygatito|102|\n|player|p2|Jack the Ripper21|gentleman-gen4dp|\n|teamsize|p1|6\n|teamsize|p2|6\n|gen|9\n|tier|[Gen 9] National Dex Doubles\n|rule|HP Percentage Mod: HP is shown in percentages\n|rule|Endless Battle Clause: Forcing endless battles is banned\n|rule|OHKO Clause: OHKO moves are banned\n|rule|Evasion Moves Clause: Evasion moves are banned\n|rule|Evasion Abilities Clause: Evasion abilities are banned\n|rule|Species Clause: Limit one of each Pok\u00e9mon\n|rule|Gravity Sleep Clause: The combination of sleep-inducing moves with imperfect accuracy and Gravity or Gigantamax Orbeetle are banned\n|clearpoke\n|poke|p1|Tapu Koko|\n|poke|p1|Iron Valiant|\n|poke|p1|Hawlucha, M|\n|poke|p1|Iron Moth|\n|poke|p1|Scizor, F|\n|poke|p1|Gliscor, M|\n|poke|p2|Venusaur, F|\n|poke|p2|Toxapex, M|\n|poke|p2|Iron Moth|\n|poke|p2|Sneasler, M|\n|poke|p2|Glimmora, M|\n|poke|p2|Slowking-Galar, M|\n|teampreview\n|inactive|Battle timer is ON: inactive players will automatically lose when time's up. (requested by shiftygatito)\n|\n|t:|1698266508\n|start\n|switch|p1a: Scizor|Scizor, F|100\/100\n|switch|p1b: Tapu Koko|Tapu Koko|100\/100\n|switch|p2a: tanky|Toxapex, M|100\/100\n|switch|p2b: Mutated Ballsack|Glimmora, M|100\/100\n|-fieldstart|move: Electric Terrain|[from] ability: Electric Surge|[of] p1b: Tapu Koko\n|turn|1\n|c|\u2606Jack the Ripper21|domain expansion\n|c|\u2606Jack the Ripper21|idle death gamble\n|c|\u2606shiftygatito|glhf\n|inactive|Jack the Ripper21 has 270 seconds left.\n|c|\u2606Jack the Ripper21|burn that bitch ass scizor lmao\n|\n|t:|1698266546\n|move|p1b: Tapu Koko|Thunderbolt|p2a: tanky\n|-supereffective|p2a: tanky\n|-damage|p2a: tanky|39\/100\n|move|p2b: Mutated Ballsack|Mortal Spin|p1a: Scizor|[spread] p1b\n|-immune|p1a: Scizor\n|-supereffective|p1b: Tapu Koko\n|-damage|p1b: Tapu Koko|91\/100\n|-status|p1b: Tapu Koko|psn\n|move|p1a: Scizor|Swords Dance|p1a: Scizor\n|-boost|p1a: Scizor|atk|2\n|move|p2a: tanky|Scald|p1a: Scizor\n|-damage|p1a: Scizor|76\/100\n|\n|-heal|p2a: tanky|45\/100|[from] item: Black Sludge\n|-damage|p1b: Tapu Koko|79\/100 psn|[from] psn\n|upkeep\n|turn|2\n|c|\u2606Jack the Ripper21|well shit\n|inactive|Jack the Ripper21 has 270 seconds left.\n|\n|t:|1698266574\n|switch|p2a: Sazae|Slowking-Galar, M|100\/100\n|detailschange|p1a: Scizor|Scizor-Mega, F\n|-mega|p1a: Scizor|Scizor|Scizorite\n|move|p1a: Scizor|Bullet Punch|p2b: Mutated Ballsack\n|-supereffective|p2b: Mutated Ballsack\n|-enditem|p2b: Mutated Ballsack|Focus Sash\n|-damage|p2b: Mutated Ballsack|1\/100\n|-activate|p2b: Mutated Ballsack|ability: Toxic Debris\n|-sidestart|p1: shiftygatito|move: Toxic Spikes\n|move|p1b: Tapu Koko|Thunderbolt|p2a: Sazae\n|-damage|p2a: Sazae|70\/100\n|-status|p2a: Sazae|par\n|move|p2b: Mutated Ballsack|Sludge Bomb|p1b: Tapu Koko\n|-supereffective|p1b: Tapu Koko\n|-damage|p1b: Tapu Koko|0 fnt\n|faint|p1b: Tapu Koko\n|\n|upkeep\n|c|\u2606shiftygatito|my scizor is immune to burns\n|\n|t:|1698266584\n|switch|p1b: Iron Moth|Iron Moth|100\/100\n|-sideend|p1: shiftygatito|move: Toxic Spikes|[of] p1b: Iron Moth\n|-activate|p1b: Iron Moth|ability: Quark Drive\n|-start|p1b: Iron Moth|quarkdrivespe\n|turn|3\n|\n|t:|1698266597\n|move|p2b: Mutated Ballsack|Spiky Shield|p2b: Mutated Ballsack\n|-singleturn|p2b: Mutated Ballsack|move: Protect\n|move|p1a: Scizor|Bullet Punch|p2a: Sazae\n|-damage|p2a: Sazae|18\/100 par\n|move|p1b: Iron Moth|Heat Wave|p2b: Mutated Ballsack|[spread] p2a\n|-activate|p2b: Mutated Ballsack|move: Protect\n|-damage|p2a: Sazae|0 fnt\n|faint|p2a: Sazae\n|\n|upkeep\n|\n|t:|1698266610\n|switch|p2a: tanky|Toxapex, M|78\/100\n|turn|4\n|\n|t:|1698266628\n|move|p1b: Iron Moth|Heat Wave|p2b: Mutated Ballsack|[spread] p2b\n|-miss|p1b: Iron Moth|p2a: tanky\n|-resisted|p2b: Mutated Ballsack\n|-damage|p2b: Mutated Ballsack|0 fnt\n|faint|p2b: Mutated Ballsack\n|move|p1a: Scizor|Trailblaze|p2a: tanky\n|-damage|p2a: tanky|41\/100\n|-boost|p1a: Scizor|spe|1\n|move|p2a: tanky|Haze|p2a: tanky\n|-clearallboost\n|\n|-heal|p2a: tanky|47\/100|[from] item: Black Sludge\n|upkeep\n|\n|t:|1698266643\n|switch|p2b: hello|Venusaur, F|100\/100\n|turn|5\n|\n|t:|1698266653\n|switch|p1a: Hawlucha|Hawlucha, M|100\/100\n|-enditem|p1a: Hawlucha|Electric Seed\n|-boost|p1a: Hawlucha|def|1|[from] item: Electric Seed\n|detailschange|p2b: hello|Venusaur-Mega, F\n|-mega|p2b: hello|Venusaur|Venusaurite\n|-terastallize|p1b: Iron Moth|Ground\n|move|p1b: Iron Moth|Tera Blast|p2a: tanky|[anim] Tera Blast Ground\n|-supereffective|p2a: tanky\n|-damage|p2a: tanky|0 fnt\n|faint|p2a: tanky\n|move|p2b: hello|Hidden Power|p1a: Hawlucha\n|-damage|p1a: Hawlucha|74\/100\n|\n|upkeep\n|c|\u2606Jack the Ripper21|ah shit\n|\n|t:|1698266678\n|switch|p2a: Ripper|Sneasler, M|100\/100\n|-item|p2a: Ripper|Air Balloon\n|turn|6\n|\n|t:|1698266694\n|-terastallize|p2a: Ripper|Flying\n|move|p1a: Hawlucha|Acrobatics|p2a: Ripper\n|-damage|p2a: Ripper|18\/100\n|-enditem|p2a: Ripper|Air Balloon\n|move|p2a: Ripper|Swords Dance|p2a: Ripper\n|-boost|p2a: Ripper|atk|2\n|move|p1b: Iron Moth|Heat Wave|p2b: hello|[spread] p2a,p2b\n|-supereffective|p2b: hello\n|-damage|p2a: Ripper|0 fnt\n|-damage|p2b: hello|72\/100\n|faint|p2a: Ripper\n|move|p2b: hello|Giga Drain|p1b: Iron Moth\n|-supereffective|p1b: Iron Moth\n|-damage|p1b: Iron Moth|41\/100\n|-heal|p2b: hello|99\/100|[from] drain|[of] p1b: Iron Moth\n|\n|upkeep\n|\n|t:|1698266709\n|switch|p2a: Its a moth|Iron Moth|100\/100\n|-activate|p2a: Its a moth|ability: Quark Drive\n|-start|p2a: Its a moth|quarkdrivespa\n|turn|7\n|c|\u2606Jack the Ripper21|yeah im screwed\n|c|\u2606Jack the Ripper21|played reckless\n|\n|t:|1698266736\n|move|p1a: Hawlucha|Acrobatics|p2b: hello\n|-supereffective|p2b: hello\n|-damage|p2b: hello|41\/100\n|move|p1b: Iron Moth|Tera Blast|p2a: Its a moth|[anim] Tera Blast Ground\n|-supereffective|p2a: Its a moth\n|-damage|p2a: Its a moth|0 fnt\n|faint|p2a: Its a moth\n|-end|p2a: Its a moth|Quark Drive|[silent]\n|move|p2b: hello|Giga Drain|p1b: Iron Moth\n|-supereffective|p1b: Iron Moth\n|-damage|p1b: Iron Moth|0 fnt\n|-heal|p2b: hello|60\/100|[from] drain|[of] p1b: Iron Moth\n|faint|p1b: Iron Moth\n|-end|p1b: Iron Moth|Quark Drive|[silent]\n|\n|upkeep\n|\n|t:|1698266747\n|switch|p1b: Iron Valiant|Iron Valiant|100\/100\n|-activate|p1b: Iron Valiant|ability: Quark Drive\n|-start|p1b: Iron Valiant|quarkdrivespe\n|turn|8\n|c|\u2606Jack the Ripper21|gg\n|\n|t:|1698266754\n|move|p1a: Hawlucha|Taunt|p2b: hello\n|-start|p2b: hello|move: Taunt\n|move|p1b: Iron Valiant|Moonblast|p2b: hello\n|-resisted|p2b: hello\n|-damage|p2b: hello|36\/100\n|-damage|p1b: Iron Valiant|91\/100|[from] item: Life Orb\n|cant|p2b: hello|move: Taunt|Synthesis\n|\n|-fieldend|move: Electric Terrain\n|-end|p1b: Iron Valiant|Quark Drive\n|upkeep\n|turn|9\n|c|\u2606shiftygatito|gg\n|\n|t:|1698266765\n|move|p1a: Hawlucha|Acrobatics|p2b: hello\n|-supereffective|p2b: hello\n|-damage|p2b: hello|0 fnt\n|faint|p2b: hello\n|\n|win|shiftygatito\n|c|\u2606Jack the Ripper21|alright\n","uploadtime":1698266774,"views":11,"p1id":"shiftygatito","p2id":"jacktheripper21","formatid":"gen9nationaldexdoubles","rating":0,"private":0,"password":""}