{"id":"gen9nationaldexdoubles-1975405815","p1":"shortbeen","p2":"Elnutriajp","format":"[Gen 9] National Dex Doubles","log":"|j|\u2606shortbeen\n|j|\u2606Elnutriajp\n|t:|1698187794\n|gametype|doubles\n|player|p1|shortbeen|giovanni|1095\n|player|p2|Elnutriajp|lucas|1143\n|teamsize|p1|6\n|teamsize|p2|6\n|gen|9\n|tier|[Gen 9] National Dex Doubles\n|rated|\n|rule|HP Percentage Mod: HP is shown in percentages\n|rule|Endless Battle Clause: Forcing endless battles is banned\n|rule|OHKO Clause: OHKO moves are banned\n|rule|Evasion Moves Clause: Evasion moves are banned\n|rule|Evasion Abilities Clause: Evasion abilities are banned\n|rule|Species Clause: Limit one of each Pok\u00e9mon\n|rule|Gravity Sleep Clause: The combination of sleep-inducing moves with imperfect accuracy and Gravity or Gigantamax Orbeetle are banned\n|clearpoke\n|poke|p1|Sylveon, F|\n|poke|p1|Blacephalon|\n|poke|p1|Porygon-Z|\n|poke|p1|Indeedee-F, F|\n|poke|p1|Amoonguss, M|\n|poke|p1|Diancie|\n|poke|p2|Murkrow, M|\n|poke|p2|Venusaur, F|\n|poke|p2|Mimikyu, M|\n|poke|p2|Floatzel, M|\n|poke|p2|Goodra-Hisui, F|\n|poke|p2|Volcarona, F|\n|teampreview\n|\n|t:|1698187804\n|start\n|switch|p1a: Sylveon|Sylveon, F|100\/100\n|switch|p1b: Porygon-Z|Porygon-Z|100\/100\n|switch|p2a: Jairo|Murkrow, M|100\/100\n|switch|p2b: minmi|Mimikyu, M|100\/100\n|turn|1\n|\n|t:|1698187841\n|move|p2a: Jairo|Tailwind|p2a: Jairo\n|-sidestart|p2: Elnutriajp|move: Tailwind\n|move|p2b: minmi|Swords Dance|p2b: minmi\n|-boost|p2b: minmi|atk|2\n|-zpower|p1b: Porygon-Z\n|move|p1b: Porygon-Z|Z-Conversion||[anim]Conversion|[still]\n|-boost|p1b: Porygon-Z|atk|1|[zeffect]\n|-boost|p1b: Porygon-Z|def|1|[zeffect]\n|-boost|p1b: Porygon-Z|spa|1|[zeffect]\n|-boost|p1b: Porygon-Z|spd|1|[zeffect]\n|-boost|p1b: Porygon-Z|spe|1|[zeffect]\n|-fail|p1b: Porygon-Z\n|move|p1a: Sylveon|Hyper Voice|p2a: Jairo|[spread] p2a,p2b\n|-supereffective|p2a: Jairo\n|-damage|p2a: Jairo|19\/100\n|-activate|p2b: minmi|ability: Disguise\n|-damage|p2b: minmi|100\/100\n|detailschange|p2b: minmi|Mimikyu-Busted, M\n|-damage|p2b: minmi|88\/100|[from] pokemon: Mimikyu-Busted\n|-enditem|p1a: Sylveon|Throat Spray\n|-boost|p1a: Sylveon|spa|1|[from] item: Throat Spray\n|\n|upkeep\n|turn|2\n|\n|t:|1698187873\n|move|p2a: Jairo|Rain Dance|p2a: Jairo\n|-weather|RainDance\n|move|p2b: minmi|Drain Punch|p1b: Porygon-Z\n|-supereffective|p1b: Porygon-Z\n|-damage|p1b: Porygon-Z|0 fnt\n|-heal|p2b: minmi|100\/100|[from] drain|[of] p1b: Porygon-Z\n|faint|p1b: Porygon-Z\n|-damage|p2b: minmi|91\/100|[from] item: Life Orb\n|move|p1a: Sylveon|Psych Up|p1: Porygon-Z|[notarget]\n|-fail|p1a: Sylveon\n|\n|-weather|RainDance|[upkeep]\n|upkeep\n|\n|t:|1698187890\n|switch|p1b: Blacephalon|Blacephalon|100\/100\n|turn|3\n|\n|t:|1698187904\n|move|p2b: minmi|Shadow Sneak|p1b: Blacephalon\n|-supereffective|p1b: Blacephalon\n|-damage|p1b: Blacephalon|0 fnt\n|faint|p1b: Blacephalon\n|-damage|p2b: minmi|81\/100|[from] item: Life Orb\n|move|p2a: Jairo|Taunt|p1a: Sylveon\n|-start|p1a: Sylveon|move: Taunt\n|move|p1a: Sylveon|Hyper Voice|p2a: Jairo|[spread] p2a,p2b\n|-supereffective|p2a: Jairo\n|-damage|p2a: Jairo|0 fnt\n|-damage|p2b: minmi|17\/100\n|faint|p2a: Jairo\n|\n|-weather|RainDance|[upkeep]\n|upkeep\n|\n|t:|1698187927\n|switch|p1b: Amoonguss|Amoonguss, M|100\/100\n|switch|p2a: Fluter|Floatzel, M|100\/100\n|turn|4\n|\n|t:|1698187945\n|move|p2a: Fluter|Ice Spinner|p1b: Amoonguss\n|-supereffective|p1b: Amoonguss\n|-damage|p1b: Amoonguss|24\/100\n|-damage|p2a: Fluter|91\/100|[from] item: Life Orb\n|move|p2b: minmi|Drain Punch|p1a: Sylveon\n|-resisted|p1a: Sylveon\n|-damage|p1a: Sylveon|68\/100\n|-heal|p2b: minmi|43\/100|[from] drain|[of] p1a: Sylveon\n|-damage|p2b: minmi|33\/100|[from] item: Life Orb\n|move|p1a: Sylveon|Hyper Voice|p2b: minmi|[spread] p2a,p2b\n|-damage|p2a: Fluter|6\/100\n|-damage|p2b: minmi|0 fnt\n|faint|p2b: minmi\n|move|p1b: Amoonguss|Clear Smog|p2a: Fluter\n|-damage|p2a: Fluter|0 fnt\n|-clearboost|p2a: Fluter\n|faint|p2a: Fluter\n|\n|-weather|RainDance|[upkeep]\n|-heal|p1b: Amoonguss|30\/100|[from] item: Leftovers\n|-sideend|p2: Elnutriajp|move: Tailwind\n|upkeep\n|\n|t:|1698187968\n|switch|p2a: Chokoo|Goodra-Hisui, F, shiny|100\/100\n|switch|p2b: Lechuga|Venusaur, F, shiny|100\/100\n|turn|5\n|\n|t:|1698187984\n|move|p2b: Lechuga|Swords Dance|p2b: Lechuga\n|-boost|p2b: Lechuga|atk|2\n|move|p1a: Sylveon|Hyper Voice|p2b: Lechuga|[spread] p2a,p2b\n|-resisted|p2b: Lechuga\n|-damage|p2a: Chokoo|75\/100\n|-damage|p2b: Lechuga|74\/100\n|move|p2a: Chokoo|Shelter|p2a: Chokoo\n|-boost|p2a: Chokoo|def|2\n|move|p1b: Amoonguss|Spore|p2a: Chokoo\n|-ability|p2a: Chokoo|Sap Sipper|boost\n|-boost|p2a: Chokoo|atk|1\n|\n|-weather|RainDance|[upkeep]\n|-heal|p1b: Amoonguss|37\/100|[from] item: Leftovers\n|-end|p1a: Sylveon|move: Taunt\n|upkeep\n|turn|6\n|\n|t:|1698188009\n|move|p2b: Lechuga|Petal Blizzard|p1a: Sylveon|[spread] p1a,p1b\n|-ability|p2a: Chokoo|Sap Sipper|boost\n|-boost|p2a: Chokoo|atk|1\n|-resisted|p1b: Amoonguss\n|-damage|p1a: Sylveon|0 fnt\n|-damage|p1b: Amoonguss|22\/100\n|faint|p1a: Sylveon\n|move|p2a: Chokoo|Gyro Ball|p1b: Amoonguss\n|-damage|p1b: Amoonguss|4\/100\n|move|p1b: Amoonguss|Clear Smog|p2b: Lechuga\n|-damage|p2b: Lechuga|58\/100\n|-clearboost|p2b: Lechuga\n|\n|-weather|none\n|-heal|p1b: Amoonguss|11\/100|[from] item: Leftovers\n|upkeep\n|\n|t:|1698188028\n|switch|p1a: Diancie|Diancie|100\/100\n|turn|7\n|\n|t:|1698188043\n|detailschange|p1a: Diancie|Diancie-Mega\n|-mega|p1a: Diancie|Diancie|Diancite\n|move|p2b: Lechuga|Petal Blizzard|p1b: Amoonguss|[spread] p1a,p1b\n|-ability|p2a: Chokoo|Sap Sipper|boost\n|-boost|p2a: Chokoo|atk|1\n|-supereffective|p1a: Diancie\n|-resisted|p1b: Amoonguss\n|-damage|p1a: Diancie|37\/100\n|-damage|p1b: Amoonguss|4\/100\n|move|p1a: Diancie|Earth Power|p2a: Chokoo\n|-supereffective|p2a: Chokoo\n|-damage|p2a: Chokoo|36\/100\n|move|p2a: Chokoo|Gyro Ball|p1a: Diancie\n|-supereffective|p1a: Diancie\n|-damage|p1a: Diancie|0 fnt\n|faint|p1a: Diancie\n|move|p1b: Amoonguss|Sludge Bomb|p2b: Lechuga\n|-damage|p2b: Lechuga|29\/100\n|\n|-heal|p1b: Amoonguss|10\/100|[from] item: Leftovers\n|upkeep\n|\n|t:|1698188061\n|switch|p1a: Indeedee|Indeedee-F, F|100\/100\n|-fieldstart|move: Psychic Terrain|[from] ability: Psychic Surge|[of] p1a: Indeedee\n|-enditem|p1a: Indeedee|Psychic Seed\n|-boost|p1a: Indeedee|spd|1|[from] item: Psychic Seed\n|turn|8\n|\n|t:|1698188077\n|detailschange|p2b: Lechuga|Venusaur-Mega, F, shiny\n|-mega|p2b: Lechuga|Venusaur|Venusaurite\n|move|p1a: Indeedee|Hyper Voice|p2b: Lechuga|[spread] p2a,p2b\n|-resisted|p2a: Chokoo\n|-crit|p2b: Lechuga\n|-damage|p2a: Chokoo|29\/100\n|-damage|p2b: Lechuga|0 fnt\n|faint|p2b: Lechuga\n|move|p2a: Chokoo|Rest|p2a: Chokoo\n|-status|p2a: Chokoo|slp|[from] move: Rest\n|-heal|p2a: Chokoo|100\/100 slp|[silent]\n|-enditem|p2a: Chokoo|Chesto Berry|[eat]\n|-curestatus|p2a: Chokoo|slp|[msg]\n|move|p1b: Amoonguss|Sludge Bomb|p2a: Chokoo\n|-immune|p2a: Chokoo\n|\n|-heal|p1b: Amoonguss|16\/100|[from] item: Leftovers\n|upkeep\n|\n|t:|1698188094\n|switch|p2b: Mostaza|Volcarona, F, shiny|100\/100\n|turn|9\n|\n|t:|1698188119\n|move|p2b: Mostaza|Fiery Dance|p1b: Amoonguss\n|-supereffective|p1b: Amoonguss\n|-damage|p1b: Amoonguss|0 fnt\n|-boost|p2b: Mostaza|spa|1\n|faint|p1b: Amoonguss\n|move|p1a: Indeedee|Heal Pulse|p1: Amoonguss|[notarget]\n|-fail|p1a: Indeedee\n|move|p2a: Chokoo|Body Press|p1a: Indeedee\n|-damage|p1a: Indeedee|36\/100\n|\n|upkeep\n|turn|10\n|-message|shortbeen forfeited.\n|\n|win|Elnutriajp\n|raw|shortbeen's rating: 1095 &rarr; <strong>1074<\/strong><br \/>(-21 for losing)\n|raw|Elnutriajp's rating: 1143 &rarr; <strong>1165<\/strong><br \/>(+22 for winning)\n|l|\u2606shortbeen\n","uploadtime":1698188143,"views":15,"p1id":"shortbeen","p2id":"elnutriajp","formatid":"gen9nationaldexdoubles","rating":1074,"private":0,"password":""}