{"id":"gen9nationaldexdoubles-1963765488","p1":"Moldy kk","p2":"the maraculous","format":"[Gen 9] National Dex Doubles","log":"|j|\u2606Moldy kk\n|j|\u2606the maraculous\n|t:|1696897883\n|gametype|doubles\n|player|p1|Moldy kk|266|1180\n|player|p2|the maraculous|dragontamer|1336\n|teamsize|p1|6\n|teamsize|p2|6\n|gen|9\n|tier|[Gen 9] National Dex Doubles\n|rated|\n|rule|HP Percentage Mod: HP is shown in percentages\n|rule|Endless Battle Clause: Forcing endless battles is banned\n|rule|OHKO Clause: OHKO moves are banned\n|rule|Evasion Moves Clause: Evasion moves are banned\n|rule|Evasion Abilities Clause: Evasion abilities are banned\n|rule|Species Clause: Limit one of each Pok\u00e9mon\n|rule|Gravity Sleep Clause: The combination of sleep-inducing moves with imperfect accuracy and Gravity or Gigantamax Orbeetle are banned\n|clearpoke\n|poke|p1|Weezing-Galar, F|\n|poke|p1|Regigigas|\n|poke|p1|Clefairy, M|\n|poke|p1|Celesteela|\n|poke|p1|Blastoise, F|\n|poke|p1|Archeops, M|\n|poke|p2|Xurkitree|\n|poke|p2|Iron Valiant|\n|poke|p2|Chandelure, M|\n|poke|p2|Landorus-Therian, M|\n|poke|p2|Kartana|\n|poke|p2|Farigiraf, M|\n|teampreview\n|inactive|Battle timer is ON: inactive players will automatically lose when time's up. (requested by Moldy kk)\n|\n|t:|1696897902\n|start\n|switch|p1a: Regigigas|Regigigas|100\/100\n|switch|p1b: Weezing|Weezing-Galar, F|100\/100\n|switch|p2a: Kartana|Kartana|100\/100\n|switch|p2b: Xurkitree|Xurkitree|100\/100\n|-ability|p1b: Weezing|Neutralizing Gas\n|turn|1\n|inactive|Moldy kk has 120 seconds left.\n|\n|t:|1696897937\n|move|p2a: Kartana|Tailwind|p2a: Kartana\n|-sidestart|p2: the maraculous|move: Tailwind\n|move|p2b: Xurkitree|Electric Terrain|p2b: Xurkitree\n|-fieldstart|move: Electric Terrain\n|move|p1a: Regigigas|Power-Up Punch|p2a: Kartana\n|-supereffective|p2a: Kartana\n|-damage|p2a: Kartana|51\/100\n|-boost|p1a: Regigigas|atk|1\n|-damage|p1a: Regigigas|91\/100|[from] item: Life Orb\n|move|p1b: Weezing|Flamethrower|p2a: Kartana\n|-supereffective|p2a: Kartana\n|-damage|p2a: Kartana|0 fnt\n|faint|p2a: Kartana\n|\n|upkeep\n|\n|t:|1696897958\n|switch|p2a: Farigiraf|Farigiraf, M|100\/100\n|turn|2\n|\n|t:|1696897975\n|move|p2b: Xurkitree|Rising Voltage|p1a: Regigigas\n|-hint|Rising Voltage's BP doubled on grounded target.\n|-damage|p1a: Regigigas|0 fnt\n|faint|p1a: Regigigas\n|-end|p1a: Regigigas|Slow Start|[silent]\n|move|p2a: Farigiraf|Hyper Voice|p1b: Weezing\n|-damage|p1b: Weezing|43\/100\n|-enditem|p1b: Weezing|Sitrus Berry|[eat]\n|-heal|p1b: Weezing|68\/100|[from] item: Sitrus Berry\n|move|p1b: Weezing|Dazzling Gleam|p2b: Xurkitree|[spread] p2a,p2b\n|-damage|p2a: Farigiraf|74\/100\n|-damage|p2b: Xurkitree|65\/100\n|\n|-heal|p2a: Farigiraf|80\/100|[from] item: Leftovers\n|upkeep\n|\n|t:|1696897992\n|switch|p1a: Blastoise|Blastoise, F|100\/100\n|turn|3\n|\n|t:|1696898003\n|-end|p1b: Weezing|ability: Neutralizing Gas\n|switch|p1b: Clefairy|Clefairy, M|100\/100\n|move|p1a: Blastoise|Protect|p1a: Blastoise\n|-singleturn|p1a: Blastoise|Protect\n|move|p2b: Xurkitree|Rising Voltage|p1b: Clefairy\n|-hint|Rising Voltage's BP doubled on grounded target.\n|-damage|p1b: Clefairy|26\/100\n|move|p2a: Farigiraf|Hyper Voice|p1a: Blastoise|[spread] p1b\n|-activate|p1a: Blastoise|move: Protect\n|-damage|p1b: Clefairy|6\/100\n|\n|-heal|p2a: Farigiraf|86\/100|[from] item: Leftovers\n|upkeep\n|turn|4\n|\n|t:|1696898018\n|move|p1b: Clefairy|Follow Me|p1b: Clefairy\n|-singleturn|p1b: Clefairy|move: Follow Me\n|move|p2b: Xurkitree|Dazzling Gleam|p1a: Blastoise|[spread] p1a,p1b\n|-damage|p1a: Blastoise|79\/100\n|-damage|p1b: Clefairy|0 fnt\n|faint|p1b: Clefairy\n|-ability|p2b: Xurkitree|Beast Boost|boost\n|-boost|p2b: Xurkitree|spa|1\n|move|p2a: Farigiraf|Hyper Voice|p1a: Blastoise\n|-damage|p1a: Blastoise|31\/100\n|move|p1a: Blastoise|Shell Smash|p1a: Blastoise\n|-unboost|p1a: Blastoise|def|1\n|-unboost|p1a: Blastoise|spd|1\n|-boost|p1a: Blastoise|atk|2\n|-boost|p1a: Blastoise|spa|2\n|-boost|p1a: Blastoise|spe|2\n|-enditem|p1a: Blastoise|White Herb\n|-clearnegativeboost|p1a: Blastoise|[silent]\n|\n|-heal|p2a: Farigiraf|92\/100|[from] item: Leftovers\n|-sideend|p2: the maraculous|move: Tailwind\n|upkeep\n|\n|t:|1696898033\n|switch|p1b: Archeops|Archeops, M|100\/100\n|turn|5\n|\n|t:|1696898043\n|move|p1a: Blastoise|Muddy Water|p2a: Farigiraf|[spread] p2a,p2b\n|-damage|p2a: Farigiraf|3\/100\n|-damage|p2b: Xurkitree|0 fnt\n|-unboost|p2a: Farigiraf|accuracy|1\n|faint|p2b: Xurkitree\n|move|p1b: Archeops|Meteor Beam||[still]\n|-prepare|p1b: Archeops|Meteor Beam\n|-boost|p1b: Archeops|spa|1\n|-enditem|p1b: Archeops|Power Herb\n|-anim|p1b: Archeops|Meteor Beam|p2a: Farigiraf\n|-damage|p2a: Farigiraf|0 fnt\n|faint|p2a: Farigiraf\n|\n|-fieldend|move: Electric Terrain\n|upkeep\n|\n|t:|1696898058\n|switch|p2b: Chandelure|Chandelure, M|100\/100\n|switch|p2a: Iron Valiant|Iron Valiant|100\/100\n|-item|p2b: Chandelure|Air Balloon\n|turn|6\n|\n|t:|1696898070\n|move|p2a: Iron Valiant|Wide Guard|p2a: Iron Valiant\n|-singleturn|p2a: Iron Valiant|Wide Guard\n|move|p1a: Blastoise|Muddy Water|p2a: Iron Valiant|[spread] \n|-activate|p2a: Iron Valiant|move: Wide Guard\n|-activate|p2b: Chandelure|move: Wide Guard\n|move|p1b: Archeops|Air Slash|p2a: Iron Valiant\n|-supereffective|p2a: Iron Valiant\n|-damage|p2a: Iron Valiant|0 fnt\n|faint|p2a: Iron Valiant\n|-end|p2a: Iron Valiant|Quark Drive|[silent]\n|move|p2b: Chandelure|Shadow Ball|p1a: Blastoise\n|-damage|p1a: Blastoise|0 fnt\n|faint|p1a: Blastoise\n|\n|upkeep\n|\n|t:|1696898083\n|switch|p2a: Landorus|Landorus-Therian, M|100\/100\n|switch|p1a: Celesteela|Celesteela|100\/100\n|-ability|p2a: Landorus|Intimidate|boost\n|-unboost|p1a: Celesteela|atk|1\n|-unboost|p1b: Archeops|atk|1\n|turn|7\n|\n|t:|1696898111\n|-terastallize|p2b: Chandelure|Ghost\n|move|p1b: Archeops|Dragon Pulse|p2b: Chandelure\n|-damage|p2b: Chandelure|55\/100\n|-enditem|p2b: Chandelure|Air Balloon\n|move|p1a: Celesteela|Air Slash|p2a: Landorus\n|-damage|p2a: Landorus|79\/100\n|cant|p2a: Landorus|flinch\n|move|p2b: Chandelure|Flamethrower|p1a: Celesteela\n|-supereffective|p1a: Celesteela\n|-damage|p1a: Celesteela|0 fnt\n|faint|p1a: Celesteela\n|\n|upkeep\n|\n|t:|1696898121\n|switch|p1a: Weezing|Weezing-Galar, F|68\/100\n|-ability|p1a: Weezing|Neutralizing Gas\n|turn|8\n|\n|t:|1696898134\n|move|p1b: Archeops|Air Slash|p2b: Chandelure\n|-damage|p2b: Chandelure|0 fnt\n|faint|p2b: Chandelure\n|move|p2a: Landorus|Rock Slide|p1b: Archeops|[spread] p1a,p1b\n|-supereffective|p1b: Archeops\n|-damage|p1a: Weezing|48\/100\n|-damage|p1b: Archeops|17\/100\n|move|p1a: Weezing|Strange Steam|p2a: Landorus\n|-damage|p2a: Landorus|55\/100\n|\n|upkeep\n|turn|9\n|\n|t:|1696898158\n|move|p1b: Archeops|Air Slash|p2a: Landorus\n|-damage|p2a: Landorus|20\/100\n|move|p2a: Landorus|Rock Slide|p1b: Archeops|[spread] p1a,p1b\n|-supereffective|p1b: Archeops\n|-damage|p1a: Weezing|27\/100\n|-damage|p1b: Archeops|0 fnt\n|faint|p1b: Archeops\n|cant|p1a: Weezing|flinch\n|\n|upkeep\n|turn|10\n|\n|t:|1696898166\n|move|p2a: Landorus|Stomping Tantrum|p1a: Weezing\n|-supereffective|p1a: Weezing\n|-damage|p1a: Weezing|0 fnt\n|faint|p1a: Weezing\n|-end|p1a: Weezing|ability: Neutralizing Gas\n|\n|win|the maraculous\n|raw|Moldy kk's rating: 1180 &rarr; <strong>1166<\/strong><br \/>(-14 for losing)\n|raw|the maraculous's rating: 1336 &rarr; <strong>1348<\/strong><br \/>(+12 for winning)\n|l|\u2606Moldy kk\n","uploadtime":1696898171,"views":5,"p1id":"moldykk","p2id":"themaraculous","formatid":"gen9nationaldexdoubles","rating":1166,"private":0,"password":""}