{"id":"gen9nationaldexdoubles-1956702039","p1":"KingGodzila","p2":"wlaaa","format":"[Gen 9] National Dex Doubles","log":"|j|\u2606KingGodzila\n|j|\u2606wlaaa\n|t:|1696137672\n|gametype|doubles\n|player|p1|KingGodzila|bugsy|1052\n|player|p2|wlaaa|dawn-gen4pt|1065\n|teamsize|p1|6\n|teamsize|p2|6\n|gen|9\n|tier|[Gen 9] National Dex Doubles\n|rated|\n|rule|HP Percentage Mod: HP is shown in percentages\n|rule|Endless Battle Clause: Forcing endless battles is banned\n|rule|OHKO Clause: OHKO moves are banned\n|rule|Evasion Moves Clause: Evasion moves are banned\n|rule|Evasion Abilities Clause: Evasion abilities are banned\n|rule|Species Clause: Limit one of each Pok\u00e9mon\n|rule|Gravity Sleep Clause: The combination of sleep-inducing moves with imperfect accuracy and Gravity or Gigantamax Orbeetle are banned\n|clearpoke\n|poke|p1|Vikavolt, M|\n|poke|p1|Lokix, M|\n|poke|p1|Golisopod, M|\n|poke|p1|Cresselia, F|\n|poke|p1|Escavalier, M|\n|poke|p1|Whirlipede, M|\n|poke|p2|Pincurchin, F|\n|poke|p2|Xurkitree|\n|poke|p2|Oricorio-Pom-Pom, F|\n|poke|p2|Rotom-Wash|\n|poke|p2|Pawmot, F|\n|poke|p2|Zeraora|\n|teampreview\n|\n|t:|1696137681\n|start\n|switch|p1a: \u7f8e\u68a6\u8001\u5988|Cresselia, F|100\/100\n|switch|p1b: \u4e38\u5b50\u9f99|Whirlipede, M, shiny|100\/100\n|switch|p2a: Oricorio|Oricorio-Pom-Pom, F|100\/100\n|switch|p2b: Pincurchin|Pincurchin, F|100\/100\n|-fieldstart|move: Electric Terrain|[from] ability: Electric Surge|[of] p2b: Pincurchin\n|turn|1\n|l|\u2606wlaaa\n|player|p2|\n|j|\u2606wlaaa\n|player|p2|wlaaa|dawn-gen4pt\n|\n|t:|1696137711\n|move|p2a: Oricorio|Quiver Dance|p2a: Oricorio\n|-boost|p2a: Oricorio|spa|1\n|-boost|p2a: Oricorio|spd|1\n|-boost|p2a: Oricorio|spe|1\n|move|p1b: \u4e38\u5b50\u9f99|Toxic Spikes|p2b: Pincurchin\n|-sidestart|p2: wlaaa|move: Toxic Spikes\n|move|p2b: Pincurchin|Acupressure|p2a: Oricorio\n|-boost|p2a: Oricorio|spd|2\n|move|p1a: \u7f8e\u68a6\u8001\u5988|Trick Room|p1a: \u7f8e\u68a6\u8001\u5988\n|-fieldstart|move: Trick Room|[of] p1a: \u7f8e\u68a6\u8001\u5988\n|\n|upkeep\n|turn|2\n|\n|t:|1696137731\n|move|p1b: \u4e38\u5b50\u9f99|Protect|p1b: \u4e38\u5b50\u9f99\n|-singleturn|p1b: \u4e38\u5b50\u9f99|Protect\n|move|p2b: Pincurchin|Acupressure|p2a: Oricorio\n|-boost|p2a: Oricorio|spd|2\n|move|p1a: \u7f8e\u68a6\u8001\u5988|Dazzling Gleam|p2a: Oricorio|[spread] p2a,p2b\n|-damage|p2a: Oricorio|97\/100\n|-damage|p2b: Pincurchin|85\/100\n|move|p2a: Oricorio|Quiver Dance|p2a: Oricorio\n|-boost|p2a: Oricorio|spa|1\n|-boost|p2a: Oricorio|spd|1\n|-boost|p2a: Oricorio|spe|1\n|\n|upkeep\n|turn|3\n|\n|t:|1696137756\n|switch|p1b: \u7535\u5149\u8f68\u9053\u70ae|Vikavolt, M|100\/100\n|switch|p1a: \u4e00\u592b\u5f53\u5173\u4e3a\u9a91\u58eb|Escavalier, M|100\/100\n|move|p2b: Pincurchin|Acupressure|p2a: Oricorio\n|-boost|p2a: Oricorio|spa|2\n|move|p2a: Oricorio|Quiver Dance|p2a: Oricorio\n|-boost|p2a: Oricorio|spa|1\n|-boost|p2a: Oricorio|spd|0\n|-boost|p2a: Oricorio|spe|1\n|\n|upkeep\n|turn|4\n|\n|t:|1696137791\n|move|p1a: \u4e00\u592b\u5f53\u5173\u4e3a\u9a91\u58eb|Drill Run|p2b: Pincurchin\n|-supereffective|p2b: Pincurchin\n|-crit|p2b: Pincurchin\n|-damage|p2b: Pincurchin|0 fnt\n|faint|p2b: Pincurchin\n|-damage|p1a: \u4e00\u592b\u5f53\u5173\u4e3a\u9a91\u58eb|91\/100|[from] item: Life Orb\n|move|p1b: \u7535\u5149\u8f68\u9053\u70ae|Volt Switch|p2a: Oricorio\n|-damage|p2a: Oricorio|82\/100\n|-damage|p1b: \u7535\u5149\u8f68\u9053\u70ae|91\/100|[from] item: Life Orb\n|\n|t:|1696137797\n|switch|p1b: \u7f8e\u68a6\u8001\u5988|Cresselia, F|100\/100|[from] Volt Switch\n|move|p2a: Oricorio|Baton Pass|p2a: Oricorio\n|\n|t:|1696137808\n|switch|p2a: Xurkitree|Xurkitree|100\/100|[from] Baton Pass\n|-status|p2a: Xurkitree|psn\n|\n|-damage|p2a: Xurkitree|88\/100 psn|[from] psn\n|upkeep\n|\n|t:|1696137819\n|switch|p2b: Rotom|Rotom-Wash|100\/100\n|turn|5\n|\n|t:|1696137839\n|switch|p2b: Zeraora|Zeraora, shiny|100\/100\n|-status|p2b: Zeraora|psn\n|-terastallize|p2a: Xurkitree|Electric\n|move|p1a: \u4e00\u592b\u5f53\u5173\u4e3a\u9a91\u58eb|Drill Run|p2a: Xurkitree\n|-supereffective|p2a: Xurkitree\n|-crit|p2a: Xurkitree\n|-damage|p2a: Xurkitree|0 fnt\n|faint|p2a: Xurkitree\n|-damage|p1a: \u4e00\u592b\u5f53\u5173\u4e3a\u9a91\u58eb|81\/100|[from] item: Life Orb\n|move|p1b: \u7f8e\u68a6\u8001\u5988|Toxic||[still]\n|-fail|p1b: \u7f8e\u68a6\u8001\u5988\n|\n|-damage|p2b: Zeraora|88\/100 psn|[from] psn\n|-fieldend|move: Trick Room\n|upkeep\n|\n|t:|1696137857\n|switch|p2a: Oricorio|Oricorio-Pom-Pom, F|82\/100\n|turn|6\n|\n|t:|1696137875\n|switch|p1a: \u80fd\u8fdb\u80fd\u9000\u65b9\u6b66\u8005|Golisopod, M, shiny|100\/100\n|move|p2b: Zeraora|Plasma Fists|p1b: \u7f8e\u68a6\u8001\u5988\n|-damage|p1b: \u7f8e\u68a6\u8001\u5988|71\/100\n|-fieldactivate|move: Ion Deluge\n|-hint|Normal-type moves become Electric-type after using Plasma Fists.\n|move|p2a: Oricorio|Quiver Dance|p2a: Oricorio\n|-boost|p2a: Oricorio|spa|1\n|-boost|p2a: Oricorio|spd|1\n|-boost|p2a: Oricorio|spe|1\n|move|p1b: \u7f8e\u68a6\u8001\u5988|Trick Room|p1b: \u7f8e\u68a6\u8001\u5988\n|-fieldstart|move: Trick Room|[of] p1b: \u7f8e\u68a6\u8001\u5988\n|\n|-heal|p1b: \u7f8e\u68a6\u8001\u5988|77\/100|[from] item: Leftovers\n|-damage|p2b: Zeraora|76\/100 psn|[from] psn\n|upkeep\n|turn|7\n|\n|t:|1696137894\n|move|p1a: \u80fd\u8fdb\u80fd\u9000\u65b9\u6b66\u8005|Knock Off|p2b: Zeraora\n|-damage|p2b: Zeraora|29\/100 psn\n|-enditem|p2b: Zeraora|Assault Vest|[from] move: Knock Off|[of] p1a: \u80fd\u8fdb\u80fd\u9000\u65b9\u6b66\u8005\n|move|p1b: \u7f8e\u68a6\u8001\u5988|Toxic|p2a: Oricorio\n|-status|p2a: Oricorio|tox\n|move|p2a: Oricorio|Quiver Dance|p2a: Oricorio\n|-boost|p2a: Oricorio|spa|1\n|-boost|p2a: Oricorio|spd|1\n|-boost|p2a: Oricorio|spe|1\n|move|p2b: Zeraora|Plasma Fists|p1a: \u80fd\u8fdb\u80fd\u9000\u65b9\u6b66\u8005\n|-supereffective|p1a: \u80fd\u8fdb\u80fd\u9000\u65b9\u6b66\u8005\n|-damage|p1a: \u80fd\u8fdb\u80fd\u9000\u65b9\u6b66\u8005|7\/100\n|-fieldactivate|move: Ion Deluge\n|-hint|Normal-type moves become Electric-type after using Plasma Fists.\n|-activate|p1a: \u80fd\u8fdb\u80fd\u9000\u65b9\u6b66\u8005|ability: Emergency Exit\n|\n|t:|1696137899\n|switch|p1a: \u4e38\u5b50\u9f99|Whirlipede, M, shiny|100\/100\n|\n|-heal|p1b: \u7f8e\u68a6\u8001\u5988|83\/100|[from] item: Leftovers\n|-damage|p2b: Zeraora|16\/100 psn|[from] psn\n|-damage|p2a: Oricorio|76\/100 tox|[from] psn\n|upkeep\n|turn|8\n|\n|t:|1696137931\n|move|p1a: \u4e38\u5b50\u9f99|Venom Drench|p2a: Oricorio|[spread] p2a,p2b\n|-unboost|p2a: Oricorio|atk|1\n|-unboost|p2a: Oricorio|spa|1\n|-unboost|p2a: Oricorio|spe|1\n|-unboost|p2b: Zeraora|atk|1\n|-unboost|p2b: Zeraora|spa|1\n|-unboost|p2b: Zeraora|spe|1\n|move|p1b: \u7f8e\u68a6\u8001\u5988|Lunar Dance|p1b: \u7f8e\u68a6\u8001\u5988\n|faint|p1b: \u7f8e\u68a6\u8001\u5988\n|-activate|p2a: Oricorio|ability: Dancer\n|move|p2a: Oricorio|Lunar Dance|p2a: Oricorio|[from]ability: Dancer\n|faint|p2a: Oricorio\n|move|p2b: Zeraora|Blaze Kick|p1a: \u4e38\u5b50\u9f99\n|-supereffective|p1a: \u4e38\u5b50\u9f99\n|-crit|p1a: \u4e38\u5b50\u9f99\n|-damage|p1a: \u4e38\u5b50\u9f99|37\/100\n|\n|-damage|p2b: Zeraora|4\/100 psn|[from] psn\n|-fieldend|move: Electric Terrain\n|upkeep\n|\n|t:|1696137949\n|switch|p1b: \u80fd\u8fdb\u80fd\u9000\u65b9\u6b66\u8005|Golisopod, M, shiny|7\/100\n|switch|p2a: Rotom|Rotom-Wash|100\/100\n|-heal|p1b: \u80fd\u8fdb\u80fd\u9000\u65b9\u6b66\u8005|100\/100|[from] move: Lunar Dance\n|turn|9\n|l|\u2606wlaaa\n|player|p2|\n|\n|t:|1696137976\n|switch|p1a: \u7535\u5149\u8f68\u9053\u70ae|Vikavolt, M|91\/100\n|move|p1b: \u80fd\u8fdb\u80fd\u9000\u65b9\u6b66\u8005|Knock Off|p2a: Rotom\n|-damage|p2a: Rotom|63\/100\n|-enditem|p2a: Rotom|Leftovers|[from] move: Knock Off|[of] p1b: \u80fd\u8fdb\u80fd\u9000\u65b9\u6b66\u8005\n|move|p2a: Rotom|Discharge|p1b: \u80fd\u8fdb\u80fd\u9000\u65b9\u6b66\u8005|[spread] p1a,p1b\n|-heal|p2b: Zeraora|29\/100 psn|[from] ability: Volt Absorb|[of] p2a: Rotom\n|-resisted|p1a: \u7535\u5149\u8f68\u9053\u70ae\n|-supereffective|p1b: \u80fd\u8fdb\u80fd\u9000\u65b9\u6b66\u8005\n|-damage|p1a: \u7535\u5149\u8f68\u9053\u70ae|75\/100\n|-damage|p1b: \u80fd\u8fdb\u80fd\u9000\u65b9\u6b66\u8005|66\/100\n|move|p2b: Zeraora|Electroweb|p1a: \u7535\u5149\u8f68\u9053\u70ae|[spread] p1a,p1b\n|-resisted|p1a: \u7535\u5149\u8f68\u9053\u70ae\n|-supereffective|p1b: \u80fd\u8fdb\u80fd\u9000\u65b9\u6b66\u8005\n|-damage|p1a: \u7535\u5149\u8f68\u9053\u70ae|69\/100\n|-damage|p1b: \u80fd\u8fdb\u80fd\u9000\u65b9\u6b66\u8005|52\/100\n|-unboost|p1a: \u7535\u5149\u8f68\u9053\u70ae|spe|1\n|-unboost|p1b: \u80fd\u8fdb\u80fd\u9000\u65b9\u6b66\u8005|spe|1\n|\n|-damage|p2b: Zeraora|17\/100 psn|[from] psn\n|upkeep\n|turn|10\n|j|\u2606wlaaa\n|player|p2|wlaaa|dawn-gen4pt\n|\n|t:|1696138010\n|move|p1b: \u80fd\u8fdb\u80fd\u9000\u65b9\u6b66\u8005|Knock Off|p2a: Rotom\n|-damage|p2a: Rotom|35\/100\n|move|p1a: \u7535\u5149\u8f68\u9053\u70ae|Energy Ball|p2a: Rotom\n|-supereffective|p2a: Rotom\n|-damage|p2a: Rotom|0 fnt\n|faint|p2a: Rotom\n|-damage|p1a: \u7535\u5149\u8f68\u9053\u70ae|59\/100|[from] item: Life Orb\n|move|p2b: Zeraora|Electroweb|p1a: \u7535\u5149\u8f68\u9053\u70ae|[spread] p1a,p1b\n|-resisted|p1a: \u7535\u5149\u8f68\u9053\u70ae\n|-supereffective|p1b: \u80fd\u8fdb\u80fd\u9000\u65b9\u6b66\u8005\n|-damage|p1a: \u7535\u5149\u8f68\u9053\u70ae|53\/100\n|-damage|p1b: \u80fd\u8fdb\u80fd\u9000\u65b9\u6b66\u8005|38\/100\n|-unboost|p1a: \u7535\u5149\u8f68\u9053\u70ae|spe|1\n|-unboost|p1b: \u80fd\u8fdb\u80fd\u9000\u65b9\u6b66\u8005|spe|1\n|-activate|p1b: \u80fd\u8fdb\u80fd\u9000\u65b9\u6b66\u8005|ability: Emergency Exit\n|\n|t:|1696138024\n|switch|p1b: \u70c8\u817f\u8757\u4fa0|Lokix, M|100\/100\n|\n|-damage|p2b: Zeraora|4\/100 psn|[from] psn\n|-fieldend|move: Trick Room\n|upkeep\n|\n|t:|1696138031\n|switch|p2a: Pawmot|Pawmot, F|100\/100\n|-status|p2a: Pawmot|psn\n|turn|11\n|\n|t:|1696138047\n|-terastallize|p1b: \u70c8\u817f\u8757\u4fa0|Bug\n|move|p2a: Pawmot|Fake Out|p1b: \u70c8\u817f\u8757\u4fa0\n|-damage|p1b: \u70c8\u817f\u8757\u4fa0|74\/100\n|cant|p1b: \u70c8\u817f\u8757\u4fa0|flinch\n|move|p2b: Zeraora|Blaze Kick|p1b: \u70c8\u817f\u8757\u4fa0\n|-supereffective|p1b: \u70c8\u817f\u8757\u4fa0\n|-damage|p1b: \u70c8\u817f\u8757\u4fa0|23\/100\n|move|p1a: \u7535\u5149\u8f68\u9053\u70ae|Bug Buzz|p2b: Zeraora\n|-damage|p2b: Zeraora|0 fnt\n|faint|p2b: Zeraora\n|-damage|p1a: \u7535\u5149\u8f68\u9053\u70ae|43\/100|[from] item: Life Orb\n|\n|-damage|p2a: Pawmot|88\/100 psn|[from] psn\n|upkeep\n|turn|12\n|-message|wlaaa forfeited.\n|\n|win|KingGodzila\n|raw|KingGodzila's rating: 1052 &rarr; <strong>1085<\/strong><br \/>(+33 for winning)\n|raw|wlaaa's rating: 1065 &rarr; <strong>1045<\/strong><br \/>(-20 for losing)\n|l|\u2606wlaaa\n","uploadtime":1696138101,"views":13,"p1id":"kinggodzila","p2id":"wlaaa","formatid":"gen9nationaldexdoubles","rating":1045,"private":0,"password":""}