{"id":"gen9nationaldexdoubles-1985570158","p1":"NPC At Home","p2":"Alola Vera 420","format":"[Gen 9] National Dex Doubles","log":"|j|\u2606NPC At Home\n|j|\u2606Alola Vera 420\n|t:|1699385466\n|gametype|doubles\n|player|p1|NPC At Home|piers|1390\n|player|p2|Alola Vera 420|volo|1444\n|teamsize|p1|6\n|teamsize|p2|6\n|gen|9\n|tier|[Gen 9] National Dex Doubles\n|rated|\n|rule|HP Percentage Mod: HP is shown in percentages\n|rule|Endless Battle Clause: Forcing endless battles is banned\n|rule|OHKO Clause: OHKO moves are banned\n|rule|Evasion Moves Clause: Evasion moves are banned\n|rule|Evasion Abilities Clause: Evasion abilities are banned\n|rule|Species Clause: Limit one of each Pok\u00e9mon\n|rule|Gravity Sleep Clause: The combination of sleep-inducing moves with imperfect accuracy and Gravity or Gigantamax Orbeetle are banned\n|clearpoke\n|poke|p1|Heracross, F|\n|poke|p1|Zygarde|\n|poke|p1|Ninetales-Alola, F|\n|poke|p1|Volcanion|\n|poke|p1|Tapu Koko|\n|poke|p1|Whimsicott, F|\n|poke|p2|Kingambit, M|\n|poke|p2|Marshadow|\n|poke|p2|Charizard, M|\n|poke|p2|Whimsicott, F|\n|poke|p2|Ogerpon-Hearthflame, F|\n|poke|p2|Chien-Pao|\n|teampreview\n|inactive|Battle timer is ON: inactive players will automatically lose when time's up. (requested by NPC At Home)\n|c|\u2606NPC At Home|Glhf\n|\n|t:|1699385494\n|start\n|switch|p1a: Volcanion|Volcanion|100\/100\n|switch|p1b: Tapu Koko|Tapu Koko|100\/100\n|switch|p2a: Charizard|Charizard, M|100\/100\n|switch|p2b: Whimsicott|Whimsicott, F|100\/100\n|-fieldstart|move: Electric Terrain|[from] ability: Electric Surge|[of] p1b: Tapu Koko\n|turn|1\n|\n|t:|1699385514\n|move|p2a: Charizard|Protect|p2a: Charizard\n|-singleturn|p2a: Charizard|Protect\n|move|p2b: Whimsicott|Tailwind|p2b: Whimsicott\n|-sidestart|p2: Alola Vera 420|move: Tailwind\n|move|p1b: Tapu Koko|Electroweb|p2b: Whimsicott|[spread] p2b\n|-activate|p2a: Charizard|move: Protect\n|-resisted|p2b: Whimsicott\n|-damage|p2b: Whimsicott|88\/100\n|-unboost|p2b: Whimsicott|spe|1\n|move|p1a: Volcanion|Heat Wave|p2b: Whimsicott|[spread] \n|-activate|p2a: Charizard|move: Protect\n|-miss|p1a: Volcanion|p2b: Whimsicott\n|\n|upkeep\n|turn|2\n|\n|t:|1699385541\n|detailschange|p2a: Charizard|Charizard-Mega-Y, M\n|-mega|p2a: Charizard|Charizard|Charizardite Y\n|-weather|SunnyDay|[from] ability: Drought|[of] p2a: Charizard\n|move|p2b: Whimsicott|Encore|p1a: Volcanion\n|-start|p1a: Volcanion|Encore\n|move|p2a: Charizard|Heat Wave|p1a: Volcanion|[spread] p1a,p1b\n|-resisted|p1a: Volcanion\n|-damage|p1a: Volcanion|91\/100\n|-damage|p1b: Tapu Koko|22\/100\n|-enditem|p1b: Tapu Koko|Sitrus Berry|[eat]\n|-heal|p1b: Tapu Koko|47\/100|[from] item: Sitrus Berry\n|move|p1b: Tapu Koko|Volt Switch|p2a: Charizard\n|-supereffective|p2a: Charizard\n|-damage|p2a: Charizard|34\/100\n|inactive|NPC At Home has 120 seconds left.\n|\n|t:|1699385565\n|switch|p1b: Kitsune|Ninetales-Alola, F|100\/100|[from] Volt Switch\n|-weather|Snow|[from] ability: Snow Warning|[of] p1b: Kitsune\n|move|p1a: Volcanion|Heat Wave|p2b: Whimsicott|[spread] p2a\n|-miss|p1a: Volcanion|p2b: Whimsicott\n|-resisted|p2a: Charizard\n|-damage|p2a: Charizard|14\/100\n|\n|-weather|Snow|[upkeep]\n|upkeep\n|turn|3\n|\n|t:|1699385585\n|move|p1b: Kitsune|Protect|p1b: Kitsune\n|-singleturn|p1b: Kitsune|Protect\n|move|p2b: Whimsicott|Taunt|p1b: Kitsune\n|-activate|p1b: Kitsune|move: Protect\n|move|p2a: Charizard|Heat Wave|p1a: Volcanion|[spread] p1a\n|-activate|p1b: Kitsune|move: Protect\n|-resisted|p1a: Volcanion\n|-damage|p1a: Volcanion|83\/100\n|move|p1a: Volcanion|Heat Wave|p2b: Whimsicott|[spread] p2a,p2b\n|-resisted|p2a: Charizard\n|-supereffective|p2b: Whimsicott\n|-damage|p2a: Charizard|0 fnt\n|-damage|p2b: Whimsicott|0 fnt\n|faint|p2a: Charizard\n|faint|p2b: Whimsicott\n|\n|-weather|Snow|[upkeep]\n|upkeep\n|\n|t:|1699385598\n|switch|p2b: Ogerpon|Ogerpon-Hearthflame, F|100\/100\n|switch|p2a: Marshadow|Marshadow|100\/100\n|-ability|p2b: Ogerpon|Mold Breaker\n|turn|4\n|\n|t:|1699385610\n|-terastallize|p2b: Ogerpon|Fire\n|detailschange|p2b: Ogerpon|Ogerpon-Hearthflame-Tera, F, tera:Fire\n|-ability|p2b: Ogerpon|Embody Aspect (Hearthflame)|boost\n|-boost|p2b: Ogerpon|atk|1\n|-zpower|p2a: Marshadow\n|move|p2a: Marshadow|Soul-Stealing 7-Star Strike|p1a: Volcanion|[zeffect]\n|-damage|p1a: Volcanion|9\/100\n|move|p2b: Ogerpon|Ivy Cudgel|p1b: Kitsune\n|-supereffective|p1b: Kitsune\n|-damage|p1b: Kitsune|0 fnt\n|faint|p1b: Kitsune\n|move|p1a: Volcanion|Heat Wave|p2a: Marshadow|[spread] p2a,p2b\n|-resisted|p2b: Ogerpon\n|-damage|p2a: Marshadow|54\/100\n|-damage|p2b: Ogerpon|77\/100\n|\n|-weather|Snow|[upkeep]\n|-end|p1a: Volcanion|Encore\n|-sideend|p2: Alola Vera 420|move: Tailwind\n|upkeep\n|inactive|NPC At Home has 120 seconds left.\n|\n|t:|1699385645\n|switch|p1b: Zygarde|Zygarde|100\/100\n|-ability|p1b: Zygarde|Aura Break\n|turn|5\n|\n|t:|1699385664\n|move|p2a: Marshadow|Shadow Sneak|p1a: Volcanion\n|-damage|p1a: Volcanion|0 fnt\n|faint|p1a: Volcanion\n|move|p2b: Ogerpon|Horn Leech|p1b: Zygarde\n|-damage|p1b: Zygarde|51\/100\n|-heal|p2b: Ogerpon|100\/100|[from] drain|[of] p1b: Zygarde\n|move|p1b: Zygarde|Thousand Arrows|p2b: Ogerpon|[spread] p2a,p2b\n|-supereffective|p2b: Ogerpon\n|-damage|p2a: Marshadow|18\/100\n|-damage|p2b: Ogerpon|30\/100\n|\n|-weather|Snow|[upkeep]\n|-fieldend|move: Electric Terrain\n|upkeep\n|inactive|NPC At Home has 120 seconds left.\n|\n|t:|1699385677\n|switch|p1a: Whimsicott|Whimsicott, F|100\/100\n|turn|6\n|\n|t:|1699385690\n|move|p2b: Ogerpon|Spiky Shield|p2b: Ogerpon\n|-singleturn|p2b: Ogerpon|move: Protect\n|move|p1a: Whimsicott|Tailwind|p1a: Whimsicott\n|-sidestart|p1: NPC At Home|move: Tailwind\n|move|p1b: Zygarde|Thousand Arrows|p2a: Marshadow|[spread] p2a\n|-activate|p2b: Ogerpon|move: Protect\n|-damage|p2a: Marshadow|0 fnt\n|faint|p2a: Marshadow\n|\n|-weather|none\n|upkeep\n|\n|t:|1699385699\n|switch|p2a: Chien-Pao|Chien-Pao|100\/100\n|-ability|p2a: Chien-Pao|Sword of Ruin\n|turn|7\n|\n|t:|1699385710\n|-terastallize|p1b: Zygarde|Normal\n|move|p1b: Zygarde|Extreme Speed|p2b: Ogerpon\n|-damage|p2b: Ogerpon|0 fnt\n|faint|p2b: Ogerpon\n|move|p1a: Whimsicott|Moonblast|p2a: Chien-Pao\n|-supereffective|p2a: Chien-Pao\n|-enditem|p2a: Chien-Pao|Focus Sash\n|-damage|p2a: Chien-Pao|1\/100\n|-unboost|p2a: Chien-Pao|spa|1\n|move|p2a: Chien-Pao|Ice Spinner|p1b: Zygarde\n|-damage|p1b: Zygarde|14\/100\n|\n|upkeep\n|\n|t:|1699385721\n|switch|p2b: Kingambit|Kingambit, M, shiny|100\/100\n|turn|8\n|\n|t:|1699385734\n|move|p2b: Kingambit|Protect|p2b: Kingambit\n|-singleturn|p2b: Kingambit|Protect\n|move|p1b: Zygarde|Extreme Speed|p2a: Chien-Pao\n|-damage|p2a: Chien-Pao|0 fnt\n|faint|p2a: Chien-Pao\n|move|p1a: Whimsicott|Moonblast|p2b: Kingambit\n|-activate|p2b: Kingambit|move: Protect\n|\n|upkeep\n|turn|9\n|\n|t:|1699385746\n|move|p1a: Whimsicott|Moonblast|p2b: Kingambit\n|-damage|p2b: Kingambit|66\/100\n|move|p1b: Zygarde|Thousand Arrows|p2b: Kingambit\n|-supereffective|p2b: Kingambit\n|-damage|p2b: Kingambit|22\/100\n|move|p2b: Kingambit|Brick Break|p1b: Zygarde\n|-supereffective|p1b: Zygarde\n|-damage|p1b: Zygarde|0 fnt\n|faint|p1b: Zygarde\n|\n|-heal|p2b: Kingambit|28\/100|[from] item: Leftovers\n|-sideend|p1: NPC At Home|move: Tailwind\n|upkeep\n|c|\u2606NPC At Home|Ggs\n|\n|t:|1699385760\n|switch|p1b: Heracross|Heracross, F|100\/100\n|turn|10\n|c|\u2606Alola Vera 420|i go play slots\n|\n|t:|1699385767\n|detailschange|p1b: Heracross|Heracross-Mega, F\n|-mega|p1b: Heracross|Heracross|Heracronite\n|move|p1a: Whimsicott|Moonblast|p2b: Kingambit\n|-damage|p2b: Kingambit|0 fnt\n|faint|p2b: Kingambit\n|\n|win|NPC At Home\n|raw|NPC At Home's rating: 1390 &rarr; <strong>1413<\/strong><br \/>(+23 for winning)\n|raw|Alola Vera 420's rating: 1444 &rarr; <strong>1421<\/strong><br \/>(-23 for losing)\n|c|\u2606Alola Vera 420|feeling lucky\n|c|\u2606Alola Vera 420|gg homie\n|c|\u2606NPC At Home|Ggs\n","uploadtime":1699385804,"views":5,"p1id":"npcathome","p2id":"alolavera420","formatid":"gen9nationaldexdoubles","rating":1413,"private":0,"password":""}