{"id":"gen9nationaldexdoubles-1985700965","p1":"Boltundover","p2":"chi yuh yuh","format":"[Gen 9] National Dex Doubles","log":"|j|\u2606Boltundover\n|j|\u2606chi yuh yuh\n|t:|1699397139\n|gametype|doubles\n|player|p1|Boltundover|rollerskaterf|1138\n|player|p2|chi yuh yuh|1|1263\n|teamsize|p1|6\n|teamsize|p2|6\n|gen|9\n|tier|[Gen 9] National Dex Doubles\n|rated|\n|rule|HP Percentage Mod: HP is shown in percentages\n|rule|Endless Battle Clause: Forcing endless battles is banned\n|rule|OHKO Clause: OHKO moves are banned\n|rule|Evasion Moves Clause: Evasion moves are banned\n|rule|Evasion Abilities Clause: Evasion abilities are banned\n|rule|Species Clause: Limit one of each Pok\u00e9mon\n|rule|Gravity Sleep Clause: The combination of sleep-inducing moves with imperfect accuracy and Gravity or Gigantamax Orbeetle are banned\n|clearpoke\n|poke|p1|Charizard, F|\n|poke|p1|Kingambit, M|\n|poke|p1|Minun, F|\n|poke|p1|Clefairy, M|\n|poke|p1|Mimikyu, F|\n|poke|p1|Heatran, M|\n|poke|p2|Luxray, F|\n|poke|p2|Ribombee, F|\n|poke|p2|Zeraora|\n|poke|p2|Latias, F|\n|poke|p2|Tapu Koko|\n|poke|p2|Hitmontop, M|\n|teampreview\n|inactive|Battle timer is ON: inactive players will automatically lose when time's up. (requested by chi yuh yuh)\n|\n|t:|1699397152\n|start\n|switch|p1a: Mimikyu|Mimikyu, F|100\/100\n|switch|p1b: Clefairy|Clefairy, M|100\/100\n|switch|p2a: Zeraora|Zeraora|100\/100\n|switch|p2b: Tapu Koko|Tapu Koko|100\/100\n|-fieldstart|move: Electric Terrain|[from] ability: Electric Surge|[of] p2b: Tapu Koko\n|turn|1\n|\n|t:|1699397167\n|-terastallize|p2a: Zeraora|Electric\n|move|p1b: Clefairy|Follow Me|p1b: Clefairy\n|-singleturn|p1b: Clefairy|move: Follow Me\n|move|p2a: Zeraora|Plasma Fists|p1b: Clefairy\n|-damage|p1b: Clefairy|0 fnt\n|-fieldactivate|move: Ion Deluge\n|-hint|Normal-type moves become Electric-type after using Plasma Fists.\n|faint|p1b: Clefairy\n|move|p2b: Tapu Koko|Thunderbolt|p1a: Mimikyu\n|-activate|p1a: Mimikyu|ability: Disguise\n|-damage|p1a: Mimikyu|100\/100\n|detailschange|p1a: Mimikyu|Mimikyu-Busted, F\n|-damage|p1a: Mimikyu|88\/100|[from] pokemon: Mimikyu-Busted\n|-enditem|p1a: Mimikyu|Red Card|[of] p2b: Tapu Koko\n|drag|p2b: Luxray|Luxray, F|100\/100\n|move|p1a: Mimikyu|Trick Room|p1a: Mimikyu\n|-fieldstart|move: Trick Room|[of] p1a: Mimikyu\n|\n|-status|p2b: Luxray|brn|[from] item: Flame Orb\n|upkeep\n|\n|t:|1699397183\n|switch|p1b: Heatran|Heatran, M|100\/100\n|turn|2\n|\n|t:|1699397204\n|switch|p2a: Latias|Latias, F|100\/100\n|-terastallize|p1b: Heatran|Grass\n|move|p2b: Luxray|Protect|p2b: Luxray\n|-singleturn|p2b: Luxray|Protect\n|move|p1a: Mimikyu|Shadow Sneak|p2a: Latias\n|-supereffective|p2a: Latias\n|-damage|p2a: Latias|57\/100\n|move|p1b: Heatran|Eruption|p2a: Latias|[spread] p2a\n|-activate|p2b: Luxray|move: Protect\n|-resisted|p2a: Latias\n|-crit|p2a: Latias\n|-damage|p2a: Latias|9\/100\n|\n|-damage|p2b: Luxray|95\/100 brn|[from] brn\n|upkeep\n|turn|3\n|\n|t:|1699397225\n|switch|p2a: Hitmontop|Hitmontop, M|100\/100\n|-ability|p2a: Hitmontop|Intimidate|boost\n|-unboost|p1a: Mimikyu|atk|1\n|-unboost|p1b: Heatran|atk|1\n|move|p2b: Luxray|Protect||[still]\n|-fail|p2b: Luxray\n|move|p1a: Mimikyu|Shadow Sneak|p2a: Hitmontop\n|-damage|p2a: Hitmontop|86\/100\n|move|p1b: Heatran|Eruption|p2b: Luxray|[spread] p2a,p2b\n|-damage|p2a: Hitmontop|24\/100\n|-damage|p2b: Luxray|0 fnt\n|faint|p2b: Luxray\n|\n|-heal|p2a: Hitmontop|30\/100|[from] item: Leftovers\n|upkeep\n|c|\u2606chi yuh yuh|f\n|c|\u2606chi yuh yuh|missclick\n|\n|t:|1699397239\n|switch|p2b: Ribombee|Ribombee, F|100\/100\n|turn|4\n|c|\u2606Boltundover|rip\n|\n|t:|1699397250\n|move|p1b: Heatran|Protect|p1b: Heatran\n|-singleturn|p1b: Heatran|Protect\n|move|p2a: Hitmontop|Fake Out|p1b: Heatran\n|-activate|p1b: Heatran|move: Protect\n|move|p1a: Mimikyu|Shadow Sneak|p2b: Ribombee\n|-damage|p2b: Ribombee|75\/100\n|move|p2b: Ribombee|Bug Buzz|p1b: Heatran\n|-activate|p1b: Heatran|move: Protect\n|\n|-heal|p2a: Hitmontop|37\/100|[from] item: Leftovers\n|upkeep\n|turn|5\n|-message|chi yuh yuh forfeited.\n|\n|win|Boltundover\n|raw|Boltundover's rating: 1138 &rarr; <strong>1172<\/strong><br \/>(+34 for winning)\n|raw|chi yuh yuh's rating: 1263 &rarr; <strong>1229<\/strong><br \/>(-34 for losing)\n|l|\u2606chi yuh yuh\n","uploadtime":1699397259,"views":5,"p1id":"boltundover","p2id":"chiyuhyuh","formatid":"gen9nationaldexdoubles","rating":1172,"private":0,"password":""}