{"id":"gen9nationaldexdoubles-1993720305","p1":"Ryan1Baek","p2":"Edelgard1162","format":"[Gen 9] National Dex Doubles","log":"|j|\u2606Ryan1Baek\n|j|\u2606Edelgard1162\n|t:|1700349313\n|gametype|doubles\n|player|p1|Ryan1Baek|carmine|1294\n|player|p2|Edelgard1162|rika|1350\n|teamsize|p1|6\n|teamsize|p2|6\n|gen|9\n|tier|[Gen 9] National Dex Doubles\n|rated|\n|rule|HP Percentage Mod: HP is shown in percentages\n|rule|Endless Battle Clause: Forcing endless battles is banned\n|rule|OHKO Clause: OHKO moves are banned\n|rule|Evasion Moves Clause: Evasion moves are banned\n|rule|Evasion Abilities Clause: Evasion abilities are banned\n|rule|Species Clause: Limit one of each Pok\u00e9mon\n|rule|Gravity Sleep Clause: The combination of sleep-inducing moves with imperfect accuracy and Gravity or Gigantamax Orbeetle are banned\n|clearpoke\n|poke|p1|Blastoise, M|\n|poke|p1|Indeedee-F, F|\n|poke|p1|Sneasler, F|\n|poke|p1|Landorus-Therian, M|\n|poke|p1|Heatran, M|\n|poke|p1|Sinistcha-Masterpiece|\n|poke|p2|Togedemaru, L1, F|\n|poke|p2|Liepard, M|\n|poke|p2|Rillaboom, F|\n|poke|p2|Tyranitar, M|\n|poke|p2|Diancie|\n|poke|p2|Gastrodon, M|\n|teampreview\n|inactive|Battle timer is ON: inactive players will automatically lose when time's up. (requested by Edelgard1162)\n|inactive|Ryan1Baek has 120 seconds left.\n|inactive|Edelgard1162 has 120 seconds left.\n|\n|t:|1700349359\n|start\n|switch|p1a: Indeedee|Indeedee-F, F, shiny|100\/100\n|switch|p1b: Sneasler|Sneasler, F|100\/100\n|switch|p2a: Rillaboom|Rillaboom, F|100\/100\n|switch|p2b: Tyranitar|Tyranitar, M|100\/100\n|-fieldstart|move: Psychic Terrain|[from] ability: Psychic Surge|[of] p1a: Indeedee\n|-enditem|p1b: Sneasler|Psychic Seed\n|-boost|p1b: Sneasler|spd|1|[from] item: Psychic Seed\n|-weather|Sandstorm|[from] ability: Sand Stream|[of] p2b: Tyranitar\n|-fieldstart|move: Grassy Terrain|[from] ability: Grassy Surge|[of] p2a: Rillaboom\n|turn|1\n|\n|t:|1700349381\n|move|p2a: Rillaboom|Fake Out|p1b: Sneasler\n|-damage|p1b: Sneasler|76\/100\n|move|p1a: Indeedee|Follow Me|p1a: Indeedee\n|-singleturn|p1a: Indeedee|move: Follow Me\n|cant|p1b: Sneasler|flinch\n|move|p2b: Tyranitar|Knock Off|p1a: Indeedee\n|-supereffective|p1a: Indeedee\n|-damage|p1a: Indeedee|0 fnt\n|-enditem|p1a: Indeedee|Sitrus Berry|[from] move: Knock Off|[of] p2b: Tyranitar\n|faint|p1a: Indeedee\n|\n|-weather|Sandstorm|[upkeep]\n|-damage|p1b: Sneasler|70\/100|[from] Sandstorm\n|-damage|p2a: Rillaboom|94\/100|[from] Sandstorm\n|-heal|p1b: Sneasler|76\/100|[from] Grassy Terrain\n|-heal|p2a: Rillaboom|100\/100|[from] Grassy Terrain\n|upkeep\n|c|\u2606Ryan1Baek|i didnt realize\n|inactive|Ryan1Baek has 120 seconds left.\n|c|\u2606Ryan1Baek|i didnt have psychic terrain\n|\n|t:|1700349408\n|switch|p1a: Landorus|Landorus-Therian, M, shiny|100\/100\n|-ability|p1a: Landorus|Intimidate|boost\n|-unboost|p2a: Rillaboom|atk|1\n|-unboost|p2b: Tyranitar|atk|1\n|turn|2\n|inactive|Edelgard1162 has 120 seconds left.\n|\n|t:|1700349446\n|switch|p2b: Diancie|Diancie|100\/100\n|switch|p2a: Gastrodon|Gastrodon, M|100\/100\n|move|p1b: Sneasler|Dire Claw|p2a: Gastrodon\n|-resisted|p2a: Gastrodon\n|-damage|p2a: Gastrodon|74\/100\n|-status|p2a: Gastrodon|par\n|move|p1a: Landorus|U-turn|p2b: Diancie\n|-resisted|p2b: Diancie\n|-damage|p2b: Diancie|89\/100\n|\n|t:|1700349458\n|switch|p1a: Sinistcha|Sinistcha-Masterpiece, shiny|100\/100|[from] U-turn\n|-heal|p1b: Sneasler|100\/100|[from] ability: Hospitality|[of] p1a: Sinistcha\n|\n|-weather|Sandstorm|[upkeep]\n|-damage|p1b: Sneasler|95\/100|[from] Sandstorm\n|-damage|p1a: Sinistcha|94\/100|[from] Sandstorm\n|-heal|p1b: Sneasler|100\/100|[from] Grassy Terrain\n|-heal|p2b: Diancie|95\/100|[from] Grassy Terrain\n|-heal|p1a: Sinistcha|100\/100|[from] Grassy Terrain\n|-heal|p2a: Gastrodon|80\/100 par|[from] Grassy Terrain\n|upkeep\n|turn|3\n|inactive|Ryan1Baek has 120 seconds left.\n|\n|t:|1700349497\n|switch|p1b: Landorus|Landorus-Therian, M, shiny|100\/100\n|-ability|p1b: Landorus|Intimidate|boost\n|-unboost|p2a: Gastrodon|atk|1\n|-fail|p2b: Diancie|unboost|[from] ability: Clear Body|[of] p2b: Diancie\n|detailschange|p2b: Diancie|Diancie-Mega\n|-mega|p2b: Diancie|Diancie|Diancite\n|move|p2b: Diancie|Diamond Storm|p1a: Sinistcha|[spread] p1a\n|-miss|p2b: Diancie|p1b: Landorus\n|-damage|p1a: Sinistcha|71\/100\n|move|p1a: Sinistcha|Matcha Gotcha|p2b: Diancie|[spread] p2a,p2b\n|-supereffective|p2a: Gastrodon\n|-supereffective|p2b: Diancie\n|-damage|p2a: Gastrodon|0 fnt\n|-heal|p1a: Sinistcha|100\/100|[from] drain|[of] p2a: Gastrodon\n|-damage|p2b: Diancie|47\/100\n|-status|p2b: Diancie|brn\n|faint|p2a: Gastrodon\n|\n|-weather|Sandstorm|[upkeep]\n|-damage|p1a: Sinistcha|94\/100|[from] Sandstorm\n|-heal|p2b: Diancie|53\/100 brn|[from] Grassy Terrain\n|-heal|p1a: Sinistcha|100\/100|[from] Grassy Terrain\n|-damage|p2b: Diancie|47\/100 brn|[from] brn\n|upkeep\n|inactive|Edelgard1162 has 120 seconds left.\n|c|\u2606Edelgard1162|Are you actually Ryan Baek?\n|\n|t:|1700349540\n|switch|p2a: Tyranitar|Tyranitar, M|100\/100\n|turn|4\n|c|\u2606Ryan1Baek|yeah?\n|c|\u2606Ryan1Baek|do you know me?\n|c|\u2606Edelgard1162|There is a top VGC player called Ryan Baek.\n|inactive|Edelgard1162 has 90 seconds left.\n|c|\u2606Ryan1Baek|oh lmao thats not me\n|\n|t:|1700349580\n|move|p2b: Diancie|Protect|p2b: Diancie\n|-singleturn|p2b: Diancie|Protect\n|move|p1b: Landorus|U-turn|p2a: Tyranitar\n|-supereffective|p2a: Tyranitar\n|-damage|p2a: Tyranitar|60\/100\n|c|\u2606Ryan1Baek|just a coincidence we have the same name\n|inactive|Ryan1Baek has 120 seconds left.\n|\n|t:|1700349600\n|switch|p1b: Sneasler|Sneasler, F|100\/100|[from] U-turn\n|move|p1a: Sinistcha|Matcha Gotcha|p2a: Tyranitar|[spread] p2a\n|-activate|p2b: Diancie|move: Protect\n|-supereffective|p2a: Tyranitar\n|-damage|p2a: Tyranitar|25\/100\n|-status|p2a: Tyranitar|brn\n|move|p2a: Tyranitar|Knock Off|p1a: Sinistcha\n|-supereffective|p1a: Sinistcha\n|-damage|p1a: Sinistcha|50\/100\n|-damage|p2a: Tyranitar|9\/100 brn|[from] item: Rocky Helmet|[of] p1a: Sinistcha\n|-enditem|p1a: Sinistcha|Rocky Helmet|[from] move: Knock Off|[of] p2a: Tyranitar\n|\n|-weather|Sandstorm|[upkeep]\n|-damage|p1b: Sneasler|95\/100|[from] Sandstorm\n|-damage|p1a: Sinistcha|44\/100|[from] Sandstorm\n|-heal|p2b: Diancie|53\/100 brn|[from] Grassy Terrain\n|-heal|p1b: Sneasler|100\/100|[from] Grassy Terrain\n|-heal|p1a: Sinistcha|50\/100|[from] Grassy Terrain\n|-heal|p2a: Tyranitar|15\/100 brn|[from] Grassy Terrain\n|-heal|p2a: Tyranitar|21\/100 brn|[from] item: Leftovers\n|-damage|p2b: Diancie|47\/100 brn|[from] brn\n|-damage|p2a: Tyranitar|15\/100 brn|[from] brn\n|upkeep\n|turn|5\n|inactive|Edelgard1162 has 90 seconds left.\n|inactive|Ryan1Baek has 120 seconds left.\n|\n|t:|1700349628\n|move|p2b: Diancie|Dazzling Gleam|p1b: Sneasler|[spread] p1a,p1b\n|-damage|p1a: Sinistcha|23\/100\n|-damage|p1b: Sneasler|57\/100\n|move|p1b: Sneasler|Dire Claw|p2b: Diancie\n|-damage|p2b: Diancie|0 fnt\n|faint|p2b: Diancie\n|move|p1a: Sinistcha|Matcha Gotcha|p2a: Tyranitar\n|-supereffective|p2a: Tyranitar\n|-damage|p2a: Tyranitar|0 fnt\n|-heal|p1a: Sinistcha|31\/100|[from] drain|[of] p2a: Tyranitar\n|faint|p2a: Tyranitar\n|\n|-weather|none\n|-heal|p1b: Sneasler|63\/100|[from] Grassy Terrain\n|-heal|p1a: Sinistcha|37\/100|[from] Grassy Terrain\n|-fieldend|move: Grassy Terrain\n|upkeep\n|inactive|Edelgard1162 has 90 seconds left.\n|\n|t:|1700349644\n|switch|p2b: Togedemaru|Togedemaru, L1, F|100\/100\n|switch|p2a: Liepard|Liepard, M|100\/100\n|turn|6\n|\n|t:|1700349656\n|move|p2a: Liepard|Fake Out|p1b: Sneasler\n|-damage|p1b: Sneasler|44\/100\n|move|p1a: Sinistcha|Rage Powder|p1a: Sinistcha\n|-singleturn|p1a: Sinistcha|move: Rage Powder\n|cant|p1b: Sneasler|flinch\n|move|p2b: Togedemaru|Endeavor|p1a: Sinistcha\n|-immune|p1a: Sinistcha\n|\n|upkeep\n|turn|7\n|inactive|Edelgard1162 has 120 seconds left.\n|\n|t:|1700349675\n|move|p2a: Liepard|Taunt|p1a: Sinistcha\n|-start|p1a: Sinistcha|move: Taunt\n|move|p1b: Sneasler|Close Combat|p2a: Liepard\n|-supereffective|p2a: Liepard\n|-enditem|p2a: Liepard|Focus Sash\n|-damage|p2a: Liepard|1\/100\n|-unboost|p1b: Sneasler|def|1\n|-unboost|p1b: Sneasler|spd|1\n|cant|p1a: Sinistcha|move: Taunt|Life Dew\n|move|p2b: Togedemaru|Endeavor|p1b: Sneasler\n|-damage|p1b: Sneasler|4\/100\n|\n|upkeep\n|turn|8\n|inactive|Edelgard1162 has 120 seconds left.\n|\n|t:|1700349695\n|move|p2b: Togedemaru|Spiky Shield|p2b: Togedemaru\n|-singleturn|p2b: Togedemaru|move: Protect\n|move|p2a: Liepard|Encore|p1a: Sinistcha\n|-start|p1a: Sinistcha|Encore\n|move|p1b: Sneasler|Close Combat|p2b: Togedemaru\n|-activate|p2b: Togedemaru|move: Protect\n|-damage|p1b: Sneasler|0 fnt|[from] Spiky Shield|[of] p2b: Togedemaru\n|faint|p1b: Sneasler\n|cant|p1a: Sinistcha|move: Taunt|Rage Powder\n|\n|upkeep\n|\n|t:|1700349704\n|switch|p1b: Heatran|Heatran, M|100\/100\n|turn|9\n|\n|t:|1700349717\n|switch|p1a: Landorus|Landorus-Therian, M, shiny|100\/100\n|-ability|p1a: Landorus|Intimidate|boost\n|-unboost|p2a: Liepard|atk|1\n|-unboost|p2b: Togedemaru|atk|1\n|move|p2a: Liepard|Sucker Punch||[still]\n|-fail|p2a: Liepard\n|move|p1b: Heatran|Eruption|p2a: Liepard|[spread] p2a,p2b\n|-supereffective|p2b: Togedemaru\n|-damage|p2a: Liepard|0 fnt\n|-ability|p2b: Togedemaru|Sturdy\n|-damage|p2b: Togedemaru|9\/100\n|faint|p2a: Liepard\n|move|p2b: Togedemaru|Endeavor|p1b: Heatran\n|-damage|p1b: Heatran|1\/100\n|-heal|p2b: Togedemaru|100\/100|[from] item: Shell Bell|[of] p1b: Heatran\n|\n|upkeep\n|\n|t:|1700349732\n|switch|p2a: Rillaboom|Rillaboom, F|100\/100\n|-fieldstart|move: Grassy Terrain|[from] ability: Grassy Surge|[of] p2a: Rillaboom\n|turn|10\n|\n|t:|1700349750\n|switch|p1b: Sinistcha|Sinistcha-Masterpiece, shiny|37\/100\n|move|p2a: Rillaboom|Fake Out|p1b: Sinistcha\n|-immune|p1b: Sinistcha\n|move|p1a: Landorus|Rock Slide|p2a: Rillaboom|[spread] p2a,p2b\n|-resisted|p2b: Togedemaru\n|-damage|p2a: Rillaboom|83\/100\n|-ability|p2b: Togedemaru|Sturdy\n|-damage|p2b: Togedemaru|9\/100\n|cant|p2b: Togedemaru|flinch\n|\n|-heal|p1b: Sinistcha|43\/100|[from] Grassy Terrain\n|-heal|p2a: Rillaboom|90\/100|[from] Grassy Terrain\n|-heal|p2a: Rillaboom|96\/100|[from] item: Leftovers\n|-heal|p2b: Togedemaru|17\/100|[from] Grassy Terrain\n|upkeep\n|turn|11\n|inactive|Edelgard1162 has 120 seconds left.\n|\n|t:|1700349804\n|switch|p1b: Blastoise|Blastoise, M|100\/100\n|move|p2a: Rillaboom|Grassy Glide|p1a: Landorus\n|-damage|p1a: Landorus|59\/100\n|move|p1a: Landorus|Rock Slide|p2b: Togedemaru|[spread] p2a,p2b\n|-resisted|p2b: Togedemaru\n|-damage|p2a: Rillaboom|77\/100\n|-damage|p2b: Togedemaru|0 fnt\n|faint|p2b: Togedemaru\n|\n|-heal|p2a: Rillaboom|83\/100|[from] Grassy Terrain\n|-heal|p2a: Rillaboom|89\/100|[from] item: Leftovers\n|upkeep\n|turn|12\n|inactive|Edelgard1162 has 120 seconds left.\n|\n|t:|1700349820\n|switch|p1a: Sinistcha|Sinistcha-Masterpiece, shiny|43\/100\n|switch|p1b: Heatran|Heatran, M|1\/100\n|move|p2a: Rillaboom|Grassy Glide|p1a: Sinistcha\n|-resisted|p1a: Sinistcha\n|-damage|p1a: Sinistcha|28\/100\n|\n|-heal|p1b: Heatran|7\/100|[from] Grassy Terrain\n|-heal|p1a: Sinistcha|34\/100|[from] Grassy Terrain\n|-heal|p2a: Rillaboom|95\/100|[from] Grassy Terrain\n|-heal|p2a: Rillaboom|100\/100|[from] item: Leftovers\n|upkeep\n|turn|13\n|\n|t:|1700349832\n|move|p2a: Rillaboom|Grassy Glide|p1b: Heatran\n|-resisted|p1b: Heatran\n|-damage|p1b: Heatran|0 fnt\n|faint|p1b: Heatran\n|move|p1a: Sinistcha|Life Dew|p1a: Sinistcha\n|-heal|p1a: Sinistcha|59\/100\n|\n|-heal|p1a: Sinistcha|65\/100|[from] Grassy Terrain\n|upkeep\n|\n|t:|1700349836\n|switch|p1b: Landorus|Landorus-Therian, M, shiny|59\/100\n|-ability|p1b: Landorus|Intimidate|boost\n|-unboost|p2a: Rillaboom|atk|1\n|turn|14\n|\n|t:|1700349842\n|-terastallize|p1b: Landorus|Flying\n|move|p1a: Sinistcha|Rage Powder|p1a: Sinistcha\n|-singleturn|p1a: Sinistcha|move: Rage Powder\n|move|p2a: Rillaboom|Grassy Glide|p1b: Landorus\n|-resisted|p1b: Landorus\n|-damage|p1b: Landorus|46\/100\n|move|p1b: Landorus|Tera Blast|p2a: Rillaboom|[anim] Tera Blast Flying\n|-supereffective|p2a: Rillaboom\n|-damage|p2a: Rillaboom|0 fnt\n|faint|p2a: Rillaboom\n|\n|win|Ryan1Baek\n|raw|Ryan1Baek's rating: 1294 &rarr; <strong>1323<\/strong><br \/>(+29 for winning)\n|raw|Edelgard1162's rating: 1350 &rarr; <strong>1327<\/strong><br \/>(-23 for losing)\n|l|\u2606Ryan1Baek\n","uploadtime":1700349845,"views":4,"p1id":"ryan1baek","p2id":"edelgard1162","formatid":"gen9nationaldexdoubles","rating":1323,"private":0,"password":""}