{"id":"gen9nationaldexdoubles-1959739469","p1":"massarojpr","p2":"NotBugSme","format":"[Gen 9] National Dex Doubles","log":"|j|\u2606massarojpr\n|j|\u2606NotBugSme\n|t:|1696451208\n|gametype|doubles\n|player|p1|massarojpr|169|\n|player|p2|NotBugSme|koga|\n|teamsize|p1|6\n|teamsize|p2|6\n|gen|9\n|tier|[Gen 9] National Dex Doubles\n|rule|HP Percentage Mod: HP is shown in percentages\n|rule|Endless Battle Clause: Forcing endless battles is banned\n|rule|OHKO Clause: OHKO moves are banned\n|rule|Evasion Moves Clause: Evasion moves are banned\n|rule|Evasion Abilities Clause: Evasion abilities are banned\n|rule|Species Clause: Limit one of each Pok\u00e9mon\n|rule|Gravity Sleep Clause: The combination of sleep-inducing moves with imperfect accuracy and Gravity or Gigantamax Orbeetle are banned\n|clearpoke\n|poke|p1|Gastrodon, M|\n|poke|p1|Tyranitar, F|\n|poke|p1|Togekiss, F|\n|poke|p1|Cinderace, M|\n|poke|p1|Volcarona, F|\n|poke|p1|Ninetales, M|\n|poke|p2|Kingambit, F|\n|poke|p2|Avalugg-Hisui, F|\n|poke|p2|Tyranitar, F|\n|poke|p2|Carbink|\n|poke|p2|Aggron, F|\n|poke|p2|Archeops, M|\n|teampreview\n|\n|t:|1696451229\n|start\n|switch|p1a: Gastrodon|Gastrodon, M|100\/100\n|switch|p1b: Togekiss|Togekiss, F|100\/100\n|switch|p2a: Big Boi|Tyranitar, F, shiny|100\/100\n|switch|p2b: Birb|Archeops, M, shiny|100\/100\n|-weather|Sandstorm|[from] ability: Sand Stream|[of] p2a: Big Boi\n|turn|1\n|inactive|Battle timer is ON: inactive players will automatically lose when time's up. (requested by massarojpr)\n|\n|t:|1696451250\n|move|p2b: Birb|Meteor Beam||[still]\n|-prepare|p2b: Birb|Meteor Beam\n|-boost|p2b: Birb|spa|1\n|-enditem|p2b: Birb|Power Herb\n|-anim|p2b: Birb|Meteor Beam|p1b: Togekiss\n|-supereffective|p1b: Togekiss\n|-damage|p1b: Togekiss|0 fnt\n|faint|p1b: Togekiss\n|move|p2a: Big Boi|Thunder Punch|p1a: Gastrodon\n|-immune|p1a: Gastrodon\n|move|p1a: Gastrodon|Earth Power|p2a: Big Boi\n|-supereffective|p2a: Big Boi\n|-damage|p2a: Big Boi|60\/100\n|\n|-weather|Sandstorm|[upkeep]\n|upkeep\n|\n|t:|1696451262\n|switch|p1b: Tyranitar|Tyranitar, F|100\/100\n|turn|2\n|inactive|NotBugSme has 270 seconds left.\n|\n|t:|1696451299\n|switch|p2a: Thicccc|Avalugg-Hisui, F, shiny|100\/100\n|move|p2b: Birb|Earth Power|p1a: Gastrodon\n|-damage|p1a: Gastrodon|63\/100\n|move|p1b: Tyranitar|Surf|p2a: Thicccc|[spread] p2a,p2b\n|-ability|p1a: Gastrodon|Storm Drain|boost\n|-boost|p1a: Gastrodon|spa|1\n|-supereffective|p2a: Thicccc\n|-supereffective|p2b: Birb\n|-damage|p2a: Thicccc|64\/100\n|-damage|p2b: Birb|68\/100\n|move|p1a: Gastrodon|Earth Power|p2a: Thicccc\n|-supereffective|p2a: Thicccc\n|-damage|p2a: Thicccc|0 fnt\n|faint|p2a: Thicccc\n|\n|-weather|Sandstorm|[upkeep]\n|-heal|p1a: Gastrodon|70\/100|[from] item: Leftovers\n|upkeep\n|\n|t:|1696451318\n|switch|p2a: Pacifier|Carbink, shiny|100\/100\n|turn|3\n|inactive|NotBugSme has 270 seconds left.\n|\n|t:|1696451335\n|switch|p2b: Smol Boi|Aggron, F, shiny|100\/100\n|move|p1b: Tyranitar|Surf|p2a: Pacifier|[spread] p2a,p2b\n|-ability|p1a: Gastrodon|Storm Drain|boost\n|-boost|p1a: Gastrodon|spa|1\n|-supereffective|p2a: Pacifier\n|-supereffective|p2b: Smol Boi\n|-damage|p2a: Pacifier|85\/100\n|-damage|p2b: Smol Boi|87\/100\n|move|p2a: Pacifier|Body Press|p1b: Tyranitar\n|-supereffective|p1b: Tyranitar\n|-damage|p1b: Tyranitar|1\/100\n|move|p1a: Gastrodon|Earth Power|p2a: Pacifier\n|-supereffective|p2a: Pacifier\n|-damage|p2a: Pacifier|24\/100\n|\n|-weather|Sandstorm|[upkeep]\n|-heal|p2a: Pacifier|30\/100|[from] item: Leftovers\n|-heal|p1a: Gastrodon|76\/100|[from] item: Leftovers\n|upkeep\n|turn|4\n|\n|t:|1696451357\n|move|p1b: Tyranitar|Surf|p2b: Smol Boi|[spread] p2a,p2b\n|-ability|p1a: Gastrodon|Storm Drain|boost\n|-boost|p1a: Gastrodon|spa|1\n|-supereffective|p2a: Pacifier\n|-supereffective|p2b: Smol Boi\n|-damage|p2a: Pacifier|14\/100\n|-damage|p2b: Smol Boi|73\/100\n|move|p2b: Smol Boi|Body Press|p1b: Tyranitar\n|-supereffective|p1b: Tyranitar\n|-damage|p1b: Tyranitar|0 fnt\n|faint|p1b: Tyranitar\n|move|p2a: Pacifier|Rest|p2a: Pacifier\n|-status|p2a: Pacifier|slp|[from] move: Rest\n|-heal|p2a: Pacifier|100\/100 slp|[silent]\n|move|p1a: Gastrodon|Earth Power|p2b: Smol Boi\n|-supereffective|p2b: Smol Boi\n|-damage|p2b: Smol Boi|0 fnt\n|faint|p2b: Smol Boi\n|\n|-weather|Sandstorm|[upkeep]\n|-heal|p1a: Gastrodon|82\/100|[from] item: Leftovers\n|upkeep\n|\n|t:|1696451381\n|switch|p1b: Cinderace|Cinderace, M|100\/100\n|switch|p2b: Big Boi|Tyranitar, F, shiny|60\/100\n|turn|5\n|\n|t:|1696451406\n|move|p1b: Cinderace|Iron Head|p2a: Pacifier\n|-start|p1b: Cinderace|typechange|Steel|[from] ability: Libero\n|-supereffective|p2a: Pacifier\n|-damage|p2a: Pacifier|5\/100 slp\n|move|p2b: Big Boi|Stone Edge|p1b: Cinderace|[miss]\n|-miss|p2b: Big Boi|p1b: Cinderace\n|cant|p2a: Pacifier|slp\n|cant|p2a: Pacifier|flinch\n|move|p1a: Gastrodon|Earth Power|p2b: Big Boi\n|-supereffective|p2b: Big Boi\n|-damage|p2b: Big Boi|0 fnt\n|faint|p2b: Big Boi\n|\n|-weather|none\n|-heal|p2a: Pacifier|11\/100 slp|[from] item: Leftovers\n|-heal|p1a: Gastrodon|88\/100|[from] item: Leftovers\n|upkeep\n|inactive|NotBugSme has 270 seconds left.\n|\n|t:|1696451428\n|switch|p2b: Birb|Archeops, M, shiny|68\/100\n|turn|6\n|\n|t:|1696451442\n|move|p1b: Cinderace|Iron Head|p2a: Pacifier\n|-supereffective|p2a: Pacifier\n|-damage|p2a: Pacifier|0 fnt\n|faint|p2a: Pacifier\n|move|p2b: Birb|Earth Power|p1b: Cinderace\n|-supereffective|p1b: Cinderace\n|-damage|p1b: Cinderace|15\/100\n|move|p1a: Gastrodon|Hydro Pump|p2b: Birb|[miss]\n|-miss|p1a: Gastrodon|p2b: Birb\n|\n|-heal|p1a: Gastrodon|94\/100|[from] item: Leftovers\n|upkeep\n|inactive|NotBugSme has 270 seconds left.\n|\n|t:|1696451453\n|switch|p2a: Big Daddy|Kingambit, F, shiny|100\/100\n|-activate|p2a: Big Daddy|ability: Supreme Overlord\n|-start|p2a: Big Daddy|fallen4|[silent]\n|turn|7\n|\n|t:|1696451462\n|move|p2a: Big Daddy|Sucker Punch|p1a: Gastrodon\n|-damage|p1a: Gastrodon|41\/100\n|move|p1b: Cinderace|Pyro Ball|p2a: Big Daddy\n|-supereffective|p2a: Big Daddy\n|-damage|p2a: Big Daddy|47\/100\n|move|p2b: Birb|Earth Power|p1b: Cinderace\n|-supereffective|p1b: Cinderace\n|-damage|p1b: Cinderace|0 fnt\n|faint|p1b: Cinderace\n|move|p1a: Gastrodon|Earth Power|p2a: Big Daddy\n|-supereffective|p2a: Big Daddy\n|-damage|p2a: Big Daddy|0 fnt\n|faint|p2a: Big Daddy\n|-end|p2a: Big Daddy|fallen4|[silent]\n|\n|-heal|p1a: Gastrodon|47\/100|[from] item: Leftovers\n|upkeep\n|\n|t:|1696451477\n|switch|p1b: Ninetales|Ninetales, M|100\/100\n|-weather|SunnyDay|[from] ability: Drought|[of] p1b: Ninetales\n|turn|8\n|\n|t:|1696451493\n|move|p1b: Ninetales|Protect|p1b: Ninetales\n|-singleturn|p1b: Ninetales|Protect\n|move|p1a: Gastrodon|Protect|p1a: Gastrodon\n|-singleturn|p1a: Gastrodon|Protect\n|move|p2b: Birb|Air Slash|p1a: Gastrodon\n|-activate|p1a: Gastrodon|move: Protect\n|\n|-weather|SunnyDay|[upkeep]\n|-heal|p1a: Gastrodon|53\/100|[from] item: Leftovers\n|upkeep\n|turn|9\n|\n|t:|1696451506\n|move|p2b: Birb|Air Slash|p1a: Gastrodon\n|-damage|p1a: Gastrodon|18\/100\n|move|p1b: Ninetales|Energy Ball|p2b: Birb\n|-damage|p2b: Birb|41\/100\n|move|p1a: Gastrodon|Hydro Pump|p2b: Birb\n|-supereffective|p2b: Birb\n|-damage|p2b: Birb|0 fnt\n|faint|p2b: Birb\n|\n|win|massarojpr\n","uploadtime":1696451518,"views":18,"p1id":"massarojpr","p2id":"notbugsme","formatid":"gen9nationaldexdoubles","rating":0,"private":0,"password":""}