{"id":"gen9nationaldexdoubles-1998952813","p1":"strawberry love17","p2":"GodDeadYT","format":"[Gen 9] National Dex Doubles","log":"|j|\u2606strawberry love17\n|j|\u2606GodDeadYT\n|t:|1701017131\n|gametype|doubles\n|player|p1|strawberry love17|nate|\n|player|p2|GodDeadYT|riley|\n|teamsize|p1|6\n|teamsize|p2|6\n|gen|9\n|tier|[Gen 9] National Dex Doubles\n|rule|HP Percentage Mod: HP is shown in percentages\n|rule|Endless Battle Clause: Forcing endless battles is banned\n|rule|OHKO Clause: OHKO moves are banned\n|rule|Evasion Moves Clause: Evasion moves are banned\n|rule|Evasion Abilities Clause: Evasion abilities are banned\n|rule|Species Clause: Limit one of each Pok\u00e9mon\n|rule|Gravity Sleep Clause: The combination of sleep-inducing moves with imperfect accuracy and Gravity or Gigantamax Orbeetle are banned\n|clearpoke\n|poke|p1|Oricorio-Pom-Pom, F|\n|poke|p1|Gyarados, F|\n|poke|p1|Volcarona, M|\n|poke|p1|Kommo-o, M|\n|poke|p1|Mimikyu, M|\n|poke|p1|Lucario, F|\n|poke|p2|Oricorio, F|\n|poke|p2|Tyranitar, F|\n|poke|p2|Scrafty, M|\n|poke|p2|Salamence, F|\n|poke|p2|Ribombee, F|\n|poke|p2|Lycanroc, M|\n|teampreview\n|c|\u2606GodDeadYT|Suerte\n|\n|t:|1701017151\n|start\n|switch|p1a: Poyo-Poyo|Oricorio-Pom-Pom, F, shiny|100\/100\n|switch|p1b: C.Pececito|Gyarados, F|100\/100\n|switch|p2a: Oricorio|Oricorio, F, shiny|100\/100\n|switch|p2b: Scrafty|Scrafty, M|100\/100\n|-ability|p1b: C.Pececito|Intimidate|boost\n|-unboost|p2a: Oricorio|atk|1\n|-unboost|p2b: Scrafty|atk|1\n|-ability|p2b: Scrafty|Intimidate|boost\n|-unboost|p1a: Poyo-Poyo|atk|1\n|-unboost|p1b: C.Pececito|atk|1\n|turn|1\n|\n|t:|1701017171\n|move|p2b: Scrafty|Fake Out|p1b: C.Pececito\n|-damage|p1b: C.Pececito|91\/100\n|move|p2a: Oricorio|Tailwind|p2a: Oricorio\n|-sidestart|p2: GodDeadYT|move: Tailwind\n|move|p1a: Poyo-Poyo|Tailwind|p1a: Poyo-Poyo\n|-sidestart|p1: strawberry love17|move: Tailwind\n|cant|p1b: C.Pececito|flinch\n|\n|upkeep\n|turn|2\n|j| ELGRANCRAC\n|c| ELGRANCRAC|Suerte a ambos\n|\n|t:|1701017198\n|switch|p2a: Salamence|Salamence, F|100\/100\n|-ability|p2a: Salamence|Intimidate|boost\n|-unboost|p1a: Poyo-Poyo|atk|1\n|-unboost|p1b: C.Pececito|atk|1\n|switch|p1b: Mercadona|Volcarona, M|100\/100\n|move|p1a: Poyo-Poyo|Revelation Dance|p2a: Salamence\n|-damage|p2a: Salamence|48\/100\n|move|p2b: Scrafty|Knock Off|p1a: Poyo-Poyo\n|-damage|p1a: Poyo-Poyo|59\/100\n|-enditem|p1a: Poyo-Poyo|Charti Berry|[from] move: Knock Off|[of] p2b: Scrafty\n|\n|upkeep\n|turn|3\n|\n|t:|1701017223\n|switch|p2b: Tyranitar|Tyranitar, F|100\/100\n|-weather|Sandstorm|[from] ability: Sand Stream|[of] p2b: Tyranitar\n|detailschange|p2a: Salamence|Salamence-Mega, F\n|-mega|p2a: Salamence|Salamence|Salamencite\n|move|p2a: Salamence|Hyper Voice|p1a: Poyo-Poyo|[spread] p1a,p1b\n|-resisted|p1a: Poyo-Poyo\n|-supereffective|p1b: Mercadona\n|-crit|p1b: Mercadona\n|-damage|p1a: Poyo-Poyo|31\/100\n|-damage|p1b: Mercadona|0 fnt\n|faint|p1b: Mercadona\n|move|p1a: Poyo-Poyo|Revelation Dance|p2a: Salamence\n|-damage|p2a: Salamence|0 fnt\n|faint|p2a: Salamence\n|\n|-weather|Sandstorm|[upkeep]\n|-damage|p1a: Poyo-Poyo|24\/100|[from] Sandstorm\n|upkeep\n|\n|t:|1701017250\n|switch|p2a: Scrafty|Scrafty, M|100\/100\n|switch|p1b: Ron-Kola|Kommo-o, M|100\/100\n|-ability|p2a: Scrafty|Intimidate|boost\n|-unboost|p1a: Poyo-Poyo|atk|1\n|-unboost|p1b: Ron-Kola|atk|1\n|turn|4\n|\n|t:|1701017267\n|switch|p1a: C.Pececito|Gyarados, F|91\/100\n|-ability|p1a: C.Pececito|Intimidate|boost\n|-unboost|p2a: Scrafty|atk|1\n|-unboost|p2b: Tyranitar|atk|1\n|move|p2a: Scrafty|Fake Out|p1b: Ron-Kola\n|-damage|p1b: Ron-Kola|94\/100\n|cant|p1b: Ron-Kola|flinch\n|move|p2b: Tyranitar|Rock Slide|p1b: Ron-Kola|[spread] p1a,p1b\n|-supereffective|p1a: C.Pececito\n|-resisted|p1b: Ron-Kola\n|-damage|p1a: C.Pececito|54\/100\n|-damage|p1b: Ron-Kola|87\/100\n|\n|-weather|Sandstorm|[upkeep]\n|-damage|p1a: C.Pececito|48\/100|[from] Sandstorm\n|-damage|p2a: Scrafty|95\/100|[from] Sandstorm\n|-heal|p2a: Scrafty|100\/100|[from] item: Leftovers\n|-sideend|p2: GodDeadYT|move: Tailwind\n|-sideend|p1: strawberry love17|move: Tailwind\n|upkeep\n|turn|5\n|\n|t:|1701017303\n|switch|p2a: Ribombee|Ribombee, F|100\/100\n|move|p2b: Tyranitar|Protect|p2b: Tyranitar\n|-singleturn|p2b: Tyranitar|Protect\n|move|p1a: C.Pececito|Waterfall|p2b: Tyranitar\n|-activate|p2b: Tyranitar|move: Protect\n|move|p1b: Ron-Kola|Brick Break|p2b: Tyranitar\n|-activate|p2b: Tyranitar|move: Protect\n|\n|-weather|Sandstorm|[upkeep]\n|-damage|p2a: Ribombee|94\/100|[from] Sandstorm\n|-damage|p1a: C.Pececito|42\/100|[from] Sandstorm\n|upkeep\n|turn|6\n|\n|t:|1701017335\n|switch|p2b: Scrafty|Scrafty, M|100\/100\n|-ability|p2b: Scrafty|Intimidate|boost\n|-unboost|p1a: C.Pececito|atk|1\n|-unboost|p1b: Ron-Kola|atk|1\n|move|p2a: Ribombee|Sticky Web|p1a: C.Pececito\n|-sidestart|p1: strawberry love17|move: Sticky Web\n|move|p1a: C.Pececito|Iron Head|p2a: Ribombee\n|-supereffective|p2a: Ribombee\n|-damage|p2a: Ribombee|15\/100\n|move|p1b: Ron-Kola|Brick Break|p2b: Scrafty\n|-supereffective|p2b: Scrafty\n|-damage|p2b: Scrafty|58\/100\n|\n|-weather|Sandstorm|[upkeep]\n|-damage|p2a: Ribombee|9\/100|[from] Sandstorm\n|-damage|p1a: C.Pececito|36\/100|[from] Sandstorm\n|-damage|p2b: Scrafty|53\/100|[from] Sandstorm\n|-heal|p2b: Scrafty|58\/100|[from] item: Leftovers\n|upkeep\n|turn|7\n|\n|t:|1701017365\n|move|p2b: Scrafty|Fake Out|p1a: C.Pececito\n|-crit|p1a: C.Pececito\n|-damage|p1a: C.Pececito|15\/100\n|move|p2a: Ribombee|Moonblast|p1b: Ron-Kola\n|-supereffective|p1b: Ron-Kola\n|-enditem|p1b: Ron-Kola|Roseli Berry|[eat]\n|-enditem|p1b: Ron-Kola|Roseli Berry|[weaken]\n|-damage|p1b: Ron-Kola|5\/100\n|cant|p1a: C.Pececito|flinch\n|move|p1b: Ron-Kola|Brick Break|p2b: Scrafty\n|-supereffective|p2b: Scrafty\n|-damage|p2b: Scrafty|19\/100\n|\n|-weather|Sandstorm|[upkeep]\n|-damage|p2a: Ribombee|3\/100|[from] Sandstorm\n|-damage|p1a: C.Pececito|9\/100|[from] Sandstorm\n|-damage|p2b: Scrafty|13\/100|[from] Sandstorm\n|-heal|p2b: Scrafty|19\/100|[from] item: Leftovers\n|upkeep\n|turn|8\n|c| ELGRANCRAC|Pq no llevas el z\n|\n|t:|1701017410\n|move|p1b: Ron-Kola|Protect|p1b: Ron-Kola\n|-singleturn|p1b: Ron-Kola|Protect\n|move|p2a: Ribombee|Moonblast|p1a: C.Pececito\n|-damage|p1a: C.Pececito|0 fnt\n|faint|p1a: C.Pececito\n|move|p2b: Scrafty|Knock Off|p1b: Ron-Kola\n|-activate|p1b: Ron-Kola|move: Protect\n|\n|-weather|Sandstorm|[upkeep]\n|-damage|p2a: Ribombee|0 fnt|[from] Sandstorm\n|-damage|p2b: Scrafty|13\/100|[from] Sandstorm\n|faint|p2a: Ribombee\n|-heal|p2b: Scrafty|19\/100|[from] item: Leftovers\n|upkeep\n|c| ELGRANCRAC|\ud83d\udc80\n|c| ELGRANCRAC|En ese caso hubieras llevado un belly drum  con salac Nery\n|l| ELGRANCRAC\n|\n|t:|1701017464\n|switch|p2a: Lycanroc|Lycanroc, M, shiny|100\/100\n|switch|p1a: Poyo-Poyo|Oricorio-Pom-Pom, F, shiny|24\/100\n|turn|9\n|\n|t:|1701017477\n|move|p2a: Lycanroc|Rock Slide|p1b: Ron-Kola|[spread] p1b\n|-miss|p2a: Lycanroc|p1a: Poyo-Poyo\n|-resisted|p1b: Ron-Kola\n|-damage|p1b: Ron-Kola|0 fnt\n|faint|p1b: Ron-Kola\n|move|p1a: Poyo-Poyo|Tailwind|p1a: Poyo-Poyo\n|-sidestart|p1: strawberry love17|move: Tailwind\n|move|p2b: Scrafty|Dragon Dance|p2b: Scrafty\n|-boost|p2b: Scrafty|atk|1\n|-boost|p2b: Scrafty|spe|1\n|-activate|p1a: Poyo-Poyo|ability: Dancer\n|move|p1a: Poyo-Poyo|Dragon Dance|p1a: Poyo-Poyo|[from]ability: Dancer\n|-boost|p1a: Poyo-Poyo|atk|1\n|-boost|p1a: Poyo-Poyo|spe|1\n|\n|-weather|Sandstorm|[upkeep]\n|-damage|p1a: Poyo-Poyo|18\/100|[from] Sandstorm\n|-damage|p2b: Scrafty|13\/100|[from] Sandstorm\n|-heal|p2b: Scrafty|19\/100|[from] item: Leftovers\n|upkeep\n|\n|t:|1701017495\n|switch|p1b: Paquito|Lucario, F|100\/100\n|-activate|p1b: Paquito|move: Sticky Web\n|-unboost|p1b: Paquito|spe|1\n|turn|10\n|\n|t:|1701017508\n|detailschange|p1b: Paquito|Lucario-Mega, F\n|-mega|p1b: Paquito|Lucario|Lucarionite\n|move|p1a: Poyo-Poyo|Air Slash|p2b: Scrafty\n|-supereffective|p2b: Scrafty\n|-damage|p2b: Scrafty|0 fnt\n|faint|p2b: Scrafty\n|move|p2a: Lycanroc|Rock Slide|p1a: Poyo-Poyo|[spread] p1a,p1b\n|-supereffective|p1a: Poyo-Poyo\n|-resisted|p1b: Paquito\n|-damage|p1a: Poyo-Poyo|0 fnt\n|-damage|p1b: Paquito|88\/100\n|faint|p1a: Poyo-Poyo\n|cant|p1b: Paquito|flinch\n|\n|-weather|none\n|upkeep\n|\n|t:|1701017523\n|switch|p1a: Zuzufan|Mimikyu, M|100\/100\n|switch|p2b: Oricorio|Oricorio, F, shiny|100\/100\n|-activate|p1a: Zuzufan|move: Sticky Web\n|-unboost|p1a: Zuzufan|spe|1\n|turn|11\n|\n|t:|1701017541\n|switch|p2a: Tyranitar|Tyranitar, F|100\/100\n|-weather|Sandstorm|[from] ability: Sand Stream|[of] p2a: Tyranitar\n|move|p1b: Paquito|Drain Punch|p2a: Tyranitar\n|-supereffective|p2a: Tyranitar\n|-damage|p2a: Tyranitar|0 fnt\n|-heal|p1b: Paquito|100\/100|[from] drain|[of] p2a: Tyranitar\n|faint|p2a: Tyranitar\n|move|p1a: Zuzufan|Shadow Claw|p2b: Oricorio\n|-crit|p2b: Oricorio\n|-damage|p2b: Oricorio|28\/100\n|move|p2b: Oricorio|Revelation Dance|p1b: Paquito\n|-supereffective|p1b: Paquito\n|-damage|p1b: Paquito|0 fnt\n|faint|p1b: Paquito\n|\n|-weather|Sandstorm|[upkeep]\n|-damage|p1a: Zuzufan|94\/100|[from] Sandstorm\n|-damage|p2b: Oricorio|22\/100|[from] Sandstorm\n|upkeep\n|\n|t:|1701017563\n|switch|p2a: Lycanroc|Lycanroc, M, shiny|100\/100\n|turn|12\n|\n|t:|1701017576\n|-terastallize|p2b: Oricorio|Steel\n|move|p2a: Lycanroc|Rock Slide|p1a: Zuzufan|[miss]\n|-miss|p2a: Lycanroc|p1a: Zuzufan\n|-zpower|p1a: Zuzufan\n|move|p1a: Zuzufan|Let's Snuggle Forever|p2a: Lycanroc|[zeffect]\n|-damage|p2a: Lycanroc|0 fnt\n|faint|p2a: Lycanroc\n|move|p2b: Oricorio|Revelation Dance|p1a: Zuzufan\n|-activate|p1a: Zuzufan|ability: Disguise\n|-damage|p1a: Zuzufan|94\/100\n|detailschange|p1a: Zuzufan|Mimikyu-Busted, M\n|-damage|p1a: Zuzufan|82\/100|[from] pokemon: Mimikyu-Busted\n|\n|-weather|Sandstorm|[upkeep]\n|-damage|p1a: Zuzufan|76\/100|[from] Sandstorm\n|-sideend|p1: strawberry love17|move: Tailwind\n|upkeep\n|turn|13\n|\n|t:|1701017604\n|move|p1a: Zuzufan|Shadow Sneak|p2b: Oricorio\n|-crit|p2b: Oricorio\n|-damage|p2b: Oricorio|0 fnt\n|faint|p2b: Oricorio\n|\n|win|strawberry love17\n|c|\u2606GodDeadYT|Gg\n","uploadtime":1701017620,"views":16,"p1id":"strawberrylove17","p2id":"goddeadyt","formatid":"gen9nationaldexdoubles","rating":0,"private":0,"password":""}