{"id":"gen9nationaldexdoubles-1980325523","p1":"schoolteen","p2":"Animekiller223","format":"[Gen 9] National Dex Doubles","log":"|j|\u2606schoolteen\n|j|\u2606Animekiller223\n|t:|1698775492\n|gametype|doubles\n|player|p1|schoolteen|cheryl|\n|player|p2|Animekiller223|linebacker|\n|teamsize|p1|6\n|teamsize|p2|6\n|gen|9\n|tier|[Gen 9] National Dex Doubles\n|rule|HP Percentage Mod: HP is shown in percentages\n|rule|Endless Battle Clause: Forcing endless battles is banned\n|rule|OHKO Clause: OHKO moves are banned\n|rule|Evasion Moves Clause: Evasion moves are banned\n|rule|Evasion Abilities Clause: Evasion abilities are banned\n|rule|Species Clause: Limit one of each Pok\u00e9mon\n|rule|Gravity Sleep Clause: The combination of sleep-inducing moves with imperfect accuracy and Gravity or Gigantamax Orbeetle are banned\n|clearpoke\n|poke|p1|Heracross, F|\n|poke|p1|Barraskewda, M|\n|poke|p1|Fezandipiti, M|\n|poke|p1|Infernape, M|\n|poke|p1|Dusclops, F|\n|poke|p1|Arcanine-Hisui, F|\n|poke|p2|Flutter Mane|\n|poke|p2|Appletun, M|\n|poke|p2|Azumarill, M|\n|poke|p2|Charizard, M|\n|poke|p2|Sneasler, M|\n|poke|p2|Blissey, F|\n|teampreview\n|inactive|Battle timer is ON: inactive players will automatically lose when time's up. (requested by schoolteen)\n|\n|t:|1698775520\n|start\n|switch|p1a: Heracross|Heracross, F|100\/100\n|switch|p1b: Barraskewda|Barraskewda, M|100\/100\n|switch|p2a: Charizard|Charizard, M|100\/100\n|switch|p2b: Flutter Mane|Flutter Mane|100\/100\n|turn|1\n|inactive|schoolteen has 270 seconds left.\n|\n|t:|1698775556\n|switch|p2a: Appletun|Appletun, M, shiny|100\/100\n|detailschange|p1a: Heracross|Heracross-Mega, F\n|-mega|p1a: Heracross|Heracross|Heracronite\n|-terastallize|p1b: Barraskewda|Water\n|move|p1b: Barraskewda|Liquidation|p2b: Flutter Mane\n|-damage|p2b: Flutter Mane|0 fnt\n|faint|p2b: Flutter Mane\n|-end|p2b: Flutter Mane|Protosynthesis|[silent]\n|move|p1a: Heracross|Thrash|p2a: Appletun\n|-damage|p2a: Appletun|53\/100\n|\n|upkeep\n|\n|t:|1698775573\n|switch|p2b: Azumarill|Azumarill, M, shiny|100\/100\n|turn|2\n|inactive|schoolteen has 270 seconds left.\n|\n|t:|1698775607\n|switch|p1b: Dusclops|Dusclops, F|100\/100\n|-ability|p1b: Dusclops|Pressure\n|move|p1a: Heracross|Thrash|p2a: Appletun|[from]lockedmove\n|-damage|p2a: Appletun|1\/100\n|move|p2b: Azumarill|Play Rough|p1a: Heracross\n|-supereffective|p1a: Heracross\n|-crit|p1a: Heracross\n|-damage|p1a: Heracross|0 fnt\n|faint|p1a: Heracross\n|move|p2a: Appletun|Apple Acid|p1b: Dusclops\n|-damage|p1b: Dusclops|78\/100\n|-unboost|p1b: Dusclops|spd|1\n|\n|upkeep\n|inactive|schoolteen has 240 seconds left.\n|\n|t:|1698775651\n|switch|p1a: Infernape|Infernape, M|100\/100\n|turn|3\n|inactive|schoolteen has 240 seconds left.\n|\n|t:|1698775668\n|move|p1a: Infernape|Fake Out|p2b: Azumarill\n|-damage|p2b: Azumarill|86\/100\n|cant|p2b: Azumarill|flinch\n|move|p2a: Appletun|Recover|p2a: Appletun\n|-heal|p2a: Appletun|51\/100\n|move|p1b: Dusclops|Power-Up Punch|p2a: Appletun\n|-damage|p2a: Appletun|45\/100\n|-boost|p1b: Dusclops|atk|1\n|\n|-heal|p2b: Azumarill|92\/100|[from] item: Leftovers\n|upkeep\n|turn|4\n|inactive|schoolteen has 240 seconds left.\n|\n|t:|1698775695\n|switch|p1a: Fezandipiti|Fezandipiti, M|100\/100\n|move|p2b: Azumarill|Play Rough|p1a: Fezandipiti\n|-resisted|p1a: Fezandipiti\n|-damage|p1a: Fezandipiti|74\/100\n|move|p2a: Appletun|Leech Seed|p1b: Dusclops\n|-start|p1b: Dusclops|move: Leech Seed\n|move|p1b: Dusclops|Disable|p2b: Azumarill\n|-start|p2b: Azumarill|Disable|Play Rough\n|\n|-heal|p2b: Azumarill|98\/100|[from] item: Leftovers\n|-damage|p1b: Dusclops|66\/100|[from] Leech Seed|[of] p2a: Appletun\n|-heal|p2a: Appletun|53\/100|[silent]\n|upkeep\n|turn|5\n|inactive|Animekiller223 has 270 seconds left.\n|\n|t:|1698775730\n|switch|p2b: Charizard|Charizard, M|100\/100\n|move|p1a: Fezandipiti|Swords Dance|p1a: Fezandipiti\n|-boost|p1a: Fezandipiti|atk|2\n|move|p2a: Appletun|Apple Acid|p1b: Dusclops\n|-damage|p1b: Dusclops|35\/100\n|-unboost|p1b: Dusclops|spd|1\n|move|p1b: Dusclops|Trick Room|p1b: Dusclops\n|-fieldstart|move: Trick Room|[of] p1b: Dusclops\n|\n|-damage|p1b: Dusclops|23\/100|[from] Leech Seed|[of] p2a: Appletun\n|-heal|p2a: Appletun|60\/100|[silent]\n|upkeep\n|turn|6\n|inactive|Animekiller223 has 270 seconds left.\n|\n|t:|1698775759\n|detailschange|p2b: Charizard|Charizard-Mega-Y, M\n|-mega|p2b: Charizard|Charizard|Charizardite Y\n|-weather|SunnyDay|[from] ability: Drought|[of] p2b: Charizard\n|move|p1b: Dusclops|Poltergeist|p2a: Appletun\n|-activate|p2a: Appletun|move: Poltergeist|Eviolite\n|-damage|p2a: Appletun|22\/100\n|move|p2a: Appletun|Dragon Pulse|p1a: Fezandipiti\n|-immune|p1a: Fezandipiti\n|move|p1a: Fezandipiti|Play Rough|p2b: Charizard\n|-resisted|p2b: Charizard\n|-damage|p2b: Charizard|47\/100\n|move|p2b: Charizard|Earthquake|p1b: Dusclops|[spread] p2a,p1a,p1b\n|-resisted|p2a: Appletun\n|-supereffective|p1a: Fezandipiti\n|-damage|p2a: Appletun|15\/100\n|-damage|p1a: Fezandipiti|40\/100\n|-damage|p1b: Dusclops|11\/100\n|\n|-weather|SunnyDay|[upkeep]\n|-damage|p1b: Dusclops|0 fnt|[from] Leech Seed|[of] p2a: Appletun\n|-heal|p2a: Appletun|21\/100|[silent]\n|faint|p1b: Dusclops\n|upkeep\n|inactive|schoolteen has 240 seconds left.\n|\n|t:|1698775786\n|switch|p1b: Arcanine|Arcanine-Hisui, F|100\/100\n|turn|7\n|inactive|schoolteen has 240 seconds left.\n|inactive|Animekiller223 has 270 seconds left.\n|\n|t:|1698775813\n|switch|p2b: Azumarill|Azumarill, M, shiny|98\/100\n|move|p2a: Appletun|Apple Acid|p1a: Fezandipiti\n|-resisted|p1a: Fezandipiti\n|-damage|p1a: Fezandipiti|27\/100\n|-unboost|p1a: Fezandipiti|spd|1\n|move|p1a: Fezandipiti|Cross Poison|p2a: Appletun\n|-supereffective|p2a: Appletun\n|-crit|p2a: Appletun\n|-damage|p2a: Appletun|0 fnt\n|faint|p2a: Appletun\n|move|p1b: Arcanine|Head Smash|p2b: Azumarill\n|-damage|p2b: Azumarill|13\/100\n|\n|-weather|SunnyDay|[upkeep]\n|-heal|p2b: Azumarill|19\/100|[from] item: Leftovers\n|upkeep\n|inactive|Animekiller223 has 270 seconds left.\n|\n|t:|1698775830\n|switch|p2a: Blissey|Blissey, F|100\/100\n|turn|8\n|inactive|Animekiller223 has 270 seconds left.\n|\n|t:|1698775846\n|move|p1a: Fezandipiti|Cross Poison|p2b: Azumarill\n|-supereffective|p2b: Azumarill\n|-damage|p2b: Azumarill|0 fnt\n|faint|p2b: Azumarill\n|move|p2a: Blissey|Reflect|p2a: Blissey\n|-sidestart|p2: Animekiller223|Reflect\n|move|p1b: Arcanine|Close Combat|p2a: Blissey\n|-supereffective|p2a: Blissey\n|-damage|p2a: Blissey|54\/100\n|-unboost|p1b: Arcanine|def|1\n|-unboost|p1b: Arcanine|spd|1\n|\n|-weather|SunnyDay|[upkeep]\n|-heal|p2a: Blissey|60\/100|[from] item: Leftovers\n|upkeep\n|inactive|Animekiller223 has 270 seconds left.\n|\n|t:|1698775857\n|switch|p2b: Sneasler|Sneasler, M|100\/100\n|turn|9\n|inactive|schoolteen has 270 seconds left.\n|\n|t:|1698775894\n|move|p2b: Sneasler|Endure|p2b: Sneasler\n|-singleturn|p2b: Sneasler|move: Endure\n|move|p1a: Fezandipiti|Acrobatics|p2b: Sneasler\n|-supereffective|p2b: Sneasler\n|-activate|p2b: Sneasler|move: Endure\n|-damage|p2b: Sneasler|1\/100\n|-enditem|p2b: Sneasler|Liechi Berry|[eat]\n|-boost|p2b: Sneasler|atk|1|[from] item: Liechi Berry\n|move|p2a: Blissey|Heal Pulse|p2b: Sneasler\n|-heal|p2b: Sneasler|51\/100\n|move|p1b: Arcanine|Close Combat|p2a: Blissey\n|-supereffective|p2a: Blissey\n|-damage|p2a: Blissey|16\/100\n|-unboost|p1b: Arcanine|def|1\n|-unboost|p1b: Arcanine|spd|1\n|\n|-weather|SunnyDay|[upkeep]\n|-heal|p2a: Blissey|22\/100|[from] item: Leftovers\n|-fieldend|move: Trick Room\n|upkeep\n|turn|10\n|inactive|schoolteen has 270 seconds left.\n|inactive|schoolteen has 240 seconds left.\n|\n|t:|1698775932\n|move|p2b: Sneasler|Close Combat|p1b: Arcanine\n|-supereffective|p1b: Arcanine\n|-damage|p1b: Arcanine|0 fnt\n|-unboost|p2b: Sneasler|def|1\n|-unboost|p2b: Sneasler|spd|1\n|faint|p1b: Arcanine\n|move|p1a: Fezandipiti|Acrobatics|p2b: Sneasler\n|-supereffective|p2b: Sneasler\n|-damage|p2b: Sneasler|0 fnt\n|faint|p2b: Sneasler\n|move|p2a: Blissey|Avalanche|p1a: Fezandipiti\n|-damage|p1a: Fezandipiti|23\/100\n|\n|-weather|none\n|-heal|p2a: Blissey|28\/100|[from] item: Leftovers\n|upkeep\n|\n|t:|1698775953\n|switch|p2b: Charizard|Charizard-Mega-Y, M|47\/100\n|switch|p1b: Infernape|Infernape, M|100\/100\n|-weather|SunnyDay|[from] ability: Drought|[of] p2b: Charizard\n|turn|11\n|\n|t:|1698775975\n|move|p1b: Infernape|Fake Out|p2b: Charizard\n|-damage|p2b: Charizard|33\/100\n|cant|p2b: Charizard|flinch\n|move|p2a: Blissey|Heal Pulse|p2b: Charizard\n|-heal|p2b: Charizard|84\/100\n|move|p1a: Fezandipiti|Play Rough|p2a: Blissey|[miss]\n|-miss|p1a: Fezandipiti|p2a: Blissey\n|\n|-weather|SunnyDay|[upkeep]\n|-heal|p2a: Blissey|34\/100|[from] item: Leftovers\n|upkeep\n|turn|12\n|inactive|schoolteen has 270 seconds left.\n|\n|t:|1698776011\n|move|p1b: Infernape|Raging Fury|p2a: Blissey\n|-damage|p2a: Blissey|0 fnt\n|faint|p2a: Blissey\n|move|p2b: Charizard|Earthquake|p1b: Infernape|[spread] p1a,p1b\n|-supereffective|p1a: Fezandipiti\n|-supereffective|p1b: Infernape\n|-damage|p1a: Fezandipiti|0 fnt\n|-damage|p1b: Infernape|43\/100\n|faint|p1a: Fezandipiti\n|\n|-weather|SunnyDay|[upkeep]\n|-sideend|p2: Animekiller223|Reflect\n|upkeep\n|inactive|schoolteen has 240 seconds left.\n|\n|t:|1698776023\n|switch|p1a: Barraskewda|Barraskewda, M, tera:Water|100\/100\n|turn|13\n|\n|t:|1698776033\n|move|p1a: Barraskewda|Liquidation|p2b: Charizard\n|-supereffective|p2b: Charizard\n|-damage|p2b: Charizard|0 fnt\n|faint|p2b: Charizard\n|\n|win|schoolteen\n|l|\u2606Animekiller223\n","uploadtime":1698776422,"views":6,"p1id":"schoolteen","p2id":"animekiller223","formatid":"gen9nationaldexdoubles","rating":0,"private":0,"password":""}