{"id":"gen9nationaldexdoubles-1992108437","p1":"AceCoyoteNK","p2":"blitzqueen","format":"[Gen 9] National Dex Doubles","log":"|j|\u2606AceCoyoteNK\n|j|\u2606blitzqueen\n|t:|1700155782\n|gametype|doubles\n|player|p1|AceCoyoteNK|lady|1245\n|player|p2|blitzqueen|bellelba|1169\n|teamsize|p1|6\n|teamsize|p2|6\n|gen|9\n|tier|[Gen 9] National Dex Doubles\n|rated|\n|rule|HP Percentage Mod: HP is shown in percentages\n|rule|Endless Battle Clause: Forcing endless battles is banned\n|rule|OHKO Clause: OHKO moves are banned\n|rule|Evasion Moves Clause: Evasion moves are banned\n|rule|Evasion Abilities Clause: Evasion abilities are banned\n|rule|Species Clause: Limit one of each Pok\u00e9mon\n|rule|Gravity Sleep Clause: The combination of sleep-inducing moves with imperfect accuracy and Gravity or Gigantamax Orbeetle are banned\n|clearpoke\n|poke|p1|Rotom-Wash|\n|poke|p1|Tyranitar, F|\n|poke|p1|Goodra-Hisui, F|\n|poke|p1|Ninetales-Alola, M|\n|poke|p1|Iron Hands|\n|poke|p1|Amoonguss, F|\n|poke|p2|Meganium, F|\n|poke|p2|Espeon, F|\n|poke|p2|Starmie|\n|poke|p2|Charizard, M|\n|poke|p2|Gholdengo|\n|poke|p2|Ambipom, F|\n|teampreview\n|inactive|Battle timer is ON: inactive players will automatically lose when time's up. (requested by blitzqueen)\n|inactive|AceCoyoteNK also wants the timer to be on.\n|\n|t:|1700155802\n|start\n|switch|p1a: Goodra|Goodra-Hisui, F|100\/100\n|switch|p1b: Amoonguss|Amoonguss, F|100\/100\n|switch|p2a: Charizard|Charizard, M|100\/100\n|switch|p2b: Ambipom|Ambipom, F|100\/100\n|turn|1\n|\n|t:|1700155817\n|detailschange|p2a: Charizard|Charizard-Mega-Y, M\n|-mega|p2a: Charizard|Charizard|Charizardite Y\n|-weather|SunnyDay|[from] ability: Drought|[of] p2a: Charizard\n|-terastallize|p1a: Goodra|Water\n|move|p2b: Ambipom|Fake Out|p1a: Goodra\n|-damage|p1a: Goodra|80\/100\n|move|p2a: Charizard|Fire Blast|p1b: Amoonguss\n|-supereffective|p1b: Amoonguss\n|-damage|p1b: Amoonguss|0 fnt\n|faint|p1b: Amoonguss\n|cant|p1a: Goodra|flinch\n|\n|-weather|SunnyDay|[upkeep]\n|-heal|p1a: Goodra|86\/100|[from] item: Leftovers\n|upkeep\n|\n|t:|1700155831\n|switch|p1b: Iron Hands|Iron Hands|100\/100\n|turn|2\n|\n|t:|1700155837\n|move|p2a: Charizard|Protect|p2a: Charizard\n|-singleturn|p2a: Charizard|Protect\n|move|p1b: Iron Hands|Fake Out|p2b: Ambipom\n|-damage|p2b: Ambipom|73\/100\n|cant|p2b: Ambipom|flinch\n|move|p1a: Goodra|Acid Armor|p1a: Goodra\n|-boost|p1a: Goodra|def|2\n|\n|-weather|SunnyDay|[upkeep]\n|-heal|p1a: Goodra|92\/100|[from] item: Leftovers\n|upkeep\n|turn|3\n|\n|t:|1700155850\n|switch|p2a: Gholdengo|Gholdengo|100\/100\n|move|p2b: Ambipom|Thunder Wave|p1a: Goodra|[miss]\n|-miss|p2b: Ambipom|p1a: Goodra\n|move|p1a: Goodra|Acid Armor|p1a: Goodra\n|-boost|p1a: Goodra|def|2\n|move|p1b: Iron Hands|Thunder Punch|p2a: Gholdengo\n|-damage|p2a: Gholdengo|49\/100\n|\n|-weather|SunnyDay|[upkeep]\n|-heal|p1a: Goodra|99\/100|[from] item: Leftovers\n|upkeep\n|turn|4\n|\n|t:|1700155865\n|move|p2a: Gholdengo|Protect|p2a: Gholdengo\n|-singleturn|p2a: Gholdengo|Protect\n|move|p1a: Goodra|Protect|p1a: Goodra\n|-singleturn|p1a: Goodra|Protect\n|move|p2b: Ambipom|Thunder Wave|p1a: Goodra\n|-activate|p1a: Goodra|move: Protect\n|move|p1b: Iron Hands|Drain Punch|p2b: Ambipom\n|-supereffective|p2b: Ambipom\n|-damage|p2b: Ambipom|0 fnt\n|faint|p2b: Ambipom\n|\n|-weather|SunnyDay|[upkeep]\n|-heal|p1a: Goodra|100\/100|[from] item: Leftovers\n|upkeep\n|\n|t:|1700155873\n|switch|p2b: Meganium|Meganium, F|100\/100\n|turn|5\n|\n|t:|1700155884\n|move|p2a: Gholdengo|Nasty Plot|p2a: Gholdengo\n|-boost|p2a: Gholdengo|spa|2\n|move|p2b: Meganium|Reflect|p2b: Meganium\n|-sidestart|p2: blitzqueen|Reflect\n|move|p1a: Goodra|Body Press|p2b: Meganium\n|-damage|p2b: Meganium|54\/100\n|-damage|p1a: Goodra|84\/100|[from] item: Rocky Helmet|[of] p2b: Meganium\n|move|p1b: Iron Hands|Ice Punch|p2b: Meganium\n|-supereffective|p2b: Meganium\n|-damage|p2b: Meganium|18\/100\n|-damage|p1b: Iron Hands|84\/100|[from] item: Rocky Helmet|[of] p2b: Meganium\n|\n|-weather|none\n|-heal|p1a: Goodra|90\/100|[from] item: Leftovers\n|upkeep\n|turn|6\n|\n|t:|1700155899\n|move|p1a: Goodra|Protect|p1a: Goodra\n|-singleturn|p1a: Goodra|Protect\n|move|p2a: Gholdengo|Shadow Ball|p1b: Iron Hands\n|-damage|p1b: Iron Hands|30\/100\n|move|p2b: Meganium|Leech Seed|p1a: Goodra\n|-activate|p1a: Goodra|move: Protect\n|move|p1b: Iron Hands|Thunder Punch|p2a: Gholdengo\n|-damage|p2a: Gholdengo|14\/100\n|\n|-heal|p1a: Goodra|97\/100|[from] item: Leftovers\n|upkeep\n|turn|7\n|\n|t:|1700155916\n|-end|p1b: Iron Hands|Quark Drive|[silent]\n|switch|p1b: Tyranitar|Tyranitar, F|100\/100\n|-ability|p1b: Tyranitar|Unnerve\n|move|p2a: Gholdengo|Shadow Ball|p1b: Tyranitar\n|-resisted|p1b: Tyranitar\n|-damage|p1b: Tyranitar|72\/100\n|move|p2b: Meganium|Energy Ball|p1a: Goodra\n|-ability|p1a: Goodra|Sap Sipper|boost\n|-boost|p1a: Goodra|atk|1\n|move|p1a: Goodra|Heavy Slam|p2a: Gholdengo\n|-resisted|p2a: Gholdengo\n|-damage|p2a: Gholdengo|0 fnt\n|faint|p2a: Gholdengo\n|\n|-heal|p1a: Goodra|100\/100|[from] item: Leftovers\n|upkeep\n|\n|t:|1700155925\n|switch|p2a: Starmie|Starmie|100\/100\n|turn|8\n|\n|t:|1700155942\n|switch|p1b: Iron Hands|Iron Hands|30\/100\n|move|p2a: Starmie|Scald|p1b: Iron Hands\n|-damage|p1b: Iron Hands|7\/100\n|-status|p1b: Iron Hands|brn\n|move|p2b: Meganium|Leech Seed|p1a: Goodra\n|-ability|p1a: Goodra|Sap Sipper|boost\n|-boost|p1a: Goodra|atk|1\n|move|p1a: Goodra|Body Press|p2a: Starmie\n|-resisted|p2a: Starmie\n|-damage|p2a: Starmie|62\/100\n|\n|-damage|p1b: Iron Hands|1\/100 brn|[from] brn\n|upkeep\n|turn|9\n|-message|blitzqueen forfeited.\n|\n|win|AceCoyoteNK\n|raw|AceCoyoteNK's rating: 1245 &rarr; <strong>1265<\/strong><br \/>(+20 for winning)\n|raw|blitzqueen's rating: 1169 &rarr; <strong>1149<\/strong><br \/>(-20 for losing)\n|l|\u2606blitzqueen\n","uploadtime":1700155974,"views":5,"p1id":"acecoyotenk","p2id":"blitzqueen","formatid":"gen9nationaldexdoubles","rating":1149,"private":0,"password":""}