{"id":"gen9nationaldexdoubles-1990795877","p1":"K3vss","p2":"El Ryuk456","format":"[Gen 9] National Dex Doubles","log":"|j|\u2606K3vss\n|j|\u2606El Ryuk456\n|t:|1700001667\n|gametype|doubles\n|player|p1|K3vss|veteran|1076\n|player|p2|El Ryuk456|ingo|1310\n|teamsize|p1|6\n|teamsize|p2|6\n|gen|9\n|tier|[Gen 9] National Dex Doubles\n|rated|\n|rule|HP Percentage Mod: HP is shown in percentages\n|rule|Endless Battle Clause: Forcing endless battles is banned\n|rule|OHKO Clause: OHKO moves are banned\n|rule|Evasion Moves Clause: Evasion moves are banned\n|rule|Evasion Abilities Clause: Evasion abilities are banned\n|rule|Species Clause: Limit one of each Pok\u00e9mon\n|rule|Gravity Sleep Clause: The combination of sleep-inducing moves with imperfect accuracy and Gravity or Gigantamax Orbeetle are banned\n|clearpoke\n|poke|p1|Charizard, M|\n|poke|p1|Xatu, M|\n|poke|p1|Zapdos|\n|poke|p1|Torkoal, M|\n|poke|p1|Lilligant-Hisui, F|\n|poke|p1|Venusaur, M|\n|poke|p2|Tsareena, F|\n|poke|p2|Talonflame, M|\n|poke|p2|Lapras, F|\n|poke|p2|Eldegoss, F|\n|poke|p2|Cinderace, F|\n|poke|p2|Goodra, M|\n|teampreview\n|inactive|Battle timer is ON: inactive players will automatically lose when time's up. (requested by K3vss)\n|\n|t:|1700001679\n|start\n|switch|p1a: Torkoal|Torkoal, M|100\/100\n|switch|p1b: Xatu|Xatu, M|100\/100\n|switch|p2a: Gale|Talonflame, M|100\/100\n|switch|p2b: Hanami|Cinderace, F|100\/100\n|-weather|SunnyDay|[from] ability: Drought|[of] p1a: Torkoal\n|turn|1\n|\n|t:|1700001691\n|move|p2a: Gale|Tailwind|p2a: Gale\n|-sidestart|p2: El Ryuk456|move: Tailwind\n|move|p2b: Hanami|Pyro Ball|p1a: Torkoal\n|-resisted|p1a: Torkoal\n|-damage|p1a: Torkoal|77\/100\n|move|p1b: Xatu|Foul Play|p2a: Gale\n|-damage|p2a: Gale|83\/100\n|move|p1a: Torkoal|Stealth Rock|p2b: Hanami\n|-sidestart|p2: El Ryuk456|move: Stealth Rock\n|\n|-weather|SunnyDay|[upkeep]\n|-heal|p1a: Torkoal|83\/100|[from] item: Leftovers\n|upkeep\n|turn|2\n|\n|t:|1700001707\n|move|p2b: Hanami|Pyro Ball|p1a: Torkoal\n|-resisted|p1a: Torkoal\n|-damage|p1a: Torkoal|59\/100\n|move|p2a: Gale|Heat Wave|p1b: Xatu|[spread] p1a,p1b\n|-resisted|p1a: Torkoal\n|-damage|p1a: Torkoal|40\/100\n|-damage|p1b: Xatu|73\/100\n|move|p1b: Xatu|Foul Play|p2b: Hanami\n|-damage|p2b: Hanami|63\/100\n|move|p1a: Torkoal|Toxic|p2b: Hanami\n|-status|p2b: Hanami|tox\n|\n|-weather|SunnyDay|[upkeep]\n|-heal|p1a: Torkoal|46\/100|[from] item: Leftovers\n|-damage|p2b: Hanami|57\/100 tox|[from] psn\n|upkeep\n|turn|3\n|\n|t:|1700001734\n|move|p2b: Hanami|Court Change|p2b: Hanami\n|-start|p2b: Hanami|typechange|Normal|[from] ability: Libero\n|-swapsideconditions\n|-activate|p2b: Hanami|move: Court Change\n|move|p1b: Xatu|Night Shade|p2a: Gale\n|-damage|p2a: Gale|55\/100\n|move|p2a: Gale|Heat Wave|p1a: Torkoal|[spread] p1a,p1b\n|-resisted|p1a: Torkoal\n|-crit|p1a: Torkoal\n|-damage|p1a: Torkoal|19\/100\n|-damage|p1b: Xatu|48\/100\n|move|p1a: Torkoal|Lava Plume|p2a: Gale|[spread] p1b,p2a,p2b\n|-resisted|p2a: Gale\n|-damage|p1b: Xatu|21\/100\n|-damage|p2a: Gale|40\/100\n|-damage|p2b: Hanami|25\/100 tox\n|\n|-weather|SunnyDay|[upkeep]\n|-heal|p1a: Torkoal|25\/100|[from] item: Leftovers\n|-damage|p2b: Hanami|13\/100 tox|[from] psn\n|upkeep\n|turn|4\n|\n|t:|1700001753\n|move|p1b: Xatu|Roost|p1b: Xatu\n|-heal|p1b: Xatu|71\/100\n|-singleturn|p1b: Xatu|move: Roost\n|move|p2b: Hanami|Pyro Ball|p1a: Torkoal\n|-resisted|p1a: Torkoal\n|-damage|p1a: Torkoal|10\/100\n|move|p2a: Gale|Heat Wave|p1b: Xatu|[spread] p1a,p1b\n|-resisted|p1a: Torkoal\n|-damage|p1a: Torkoal|0 fnt\n|-damage|p1b: Xatu|45\/100\n|faint|p1a: Torkoal\n|\n|-weather|SunnyDay|[upkeep]\n|-damage|p2b: Hanami|0 fnt|[from] psn\n|faint|p2b: Hanami\n|-sideend|p1: K3vss|move: Tailwind\n|upkeep\n|\n|t:|1700001774\n|switch|p2b: Lapras|Lapras, F|100\/100\n|switch|p1a: Venusaur|Venusaur, M|100\/100\n|-damage|p1a: Venusaur|88\/100|[from] Stealth Rock\n|turn|5\n|\n|t:|1700001784\n|move|p1a: Venusaur|Sludge Bomb|p2a: Gale\n|-damage|p2a: Gale|8\/100\n|move|p2a: Gale|Tailwind|p2a: Gale\n|-sidestart|p2: El Ryuk456|move: Tailwind\n|move|p2b: Lapras|Freeze-Dry|p1a: Venusaur\n|-supereffective|p1a: Venusaur\n|-damage|p1a: Venusaur|40\/100\n|move|p1b: Xatu|Defog|p2b: Lapras\n|-unboost|p2b: Lapras|evasion|1\n|-sideend|p1: K3vss|Stealth Rock|[from] move: Defog|[of] p1b: Xatu\n|\n|-weather|none\n|-heal|p1a: Venusaur|46\/100|[from] item: Black Sludge\n|upkeep\n|turn|6\n|\n|t:|1700001803\n|move|p2a: Gale|Heat Wave|p1b: Xatu|[spread] p1a,p1b\n|-supereffective|p1a: Venusaur\n|-damage|p1a: Venusaur|13\/100\n|-damage|p1b: Xatu|28\/100\n|move|p2b: Lapras|Freeze-Dry|p1b: Xatu\n|-supereffective|p1b: Xatu\n|-damage|p1b: Xatu|0 fnt\n|faint|p1b: Xatu\n|move|p1a: Venusaur|Giga Drain|p2b: Lapras\n|-supereffective|p2b: Lapras\n|-damage|p2b: Lapras|62\/100\n|-heal|p1a: Venusaur|37\/100|[from] drain|[of] p2b: Lapras\n|\n|-heal|p1a: Venusaur|43\/100|[from] item: Black Sludge\n|upkeep\n|\n|t:|1700001810\n|switch|p1b: Charizard|Charizard, M|100\/100\n|turn|7\n|\n|t:|1700001834\n|detailschange|p1b: Charizard|Charizard-Mega-Y, M\n|-mega|p1b: Charizard|Charizard|Charizardite Y\n|-weather|SunnyDay|[from] ability: Drought|[of] p1b: Charizard\n|-terastallize|p2b: Lapras|Fire\n|-terastallize|p1a: Venusaur|Grass\n|move|p2a: Gale|Heat Wave|p1a: Venusaur|[spread] p1b\n|-miss|p2a: Gale|p1a: Venusaur\n|-resisted|p1b: Charizard\n|-damage|p1b: Charizard|87\/100\n|move|p1a: Venusaur|Giga Drain|p2b: Lapras\n|-resisted|p2b: Lapras\n|-damage|p2b: Lapras|48\/100\n|-heal|p1a: Venusaur|52\/100|[from] drain|[of] p2b: Lapras\n|move|p2b: Lapras|Perish Song|p2b: Lapras\n|-start|p1a: Venusaur|perish3|[silent]\n|-start|p1b: Charizard|perish3|[silent]\n|-start|p2a: Gale|perish3|[silent]\n|-start|p2b: Lapras|perish3|[silent]\n|-fieldactivate|move: Perish Song\n|move|p1b: Charizard|Solar Beam||[still]\n|-prepare|p1b: Charizard|Solar Beam\n|-anim|p1b: Charizard|Solar Beam|p2b: Lapras\n|-resisted|p2b: Lapras\n|-damage|p2b: Lapras|28\/100\n|\n|-weather|SunnyDay|[upkeep]\n|-damage|p1a: Venusaur|40\/100|[from] item: Black Sludge\n|-start|p2a: Gale|perish3\n|-start|p1a: Venusaur|perish3\n|-start|p2b: Lapras|perish3\n|-start|p1b: Charizard|perish3\n|upkeep\n|turn|8\n|inactive|K3vss has 120 seconds left.\n|\n|t:|1700001865\n|move|p2a: Gale|Heat Wave|p1a: Venusaur|[spread] p1a,p1b\n|-supereffective|p1a: Venusaur\n|-resisted|p1b: Charizard\n|-damage|p1a: Venusaur|0 fnt\n|-damage|p1b: Charizard|72\/100\n|faint|p1a: Venusaur\n|move|p2b: Lapras|Life Dew|p2b: Lapras|[spread] p2a,p2b\n|-heal|p2a: Gale|33\/100\n|-heal|p2b: Lapras|53\/100\n|move|p1b: Charizard|Scorching Sands|p2b: Lapras\n|-supereffective|p2b: Lapras\n|-damage|p2b: Lapras|12\/100\n|-enditem|p2b: Lapras|Wiki Berry|[eat]\n|-heal|p2b: Lapras|45\/100|[from] item: Wiki Berry\n|\n|-weather|SunnyDay|[upkeep]\n|-start|p2a: Gale|perish2\n|-start|p2b: Lapras|perish2\n|-start|p1b: Charizard|perish2\n|-sideend|p2: El Ryuk456|move: Tailwind\n|upkeep\n|inactive|K3vss has 120 seconds left.\n|\n|t:|1700001878\n|switch|p1a: Zapdos|Zapdos|100\/100\n|turn|9\n|\n|t:|1700001892\n|switch|p2b: Goodra|Goodra, M|100\/100\n|move|p2a: Gale|Tailwind|p2a: Gale\n|-sidestart|p2: El Ryuk456|move: Tailwind\n|move|p1b: Charizard|Air Slash|p2a: Gale\n|-damage|p2a: Gale|0 fnt\n|faint|p2a: Gale\n|move|p1a: Zapdos|Volt Switch|p2b: Goodra\n|-resisted|p2b: Goodra\n|-damage|p2b: Goodra|92\/100\n|\n|t:|1700001902\n|switch|p1a: Lilligant|Lilligant-Hisui, F|100\/100|[from] Volt Switch\n|\n|-weather|SunnyDay|[upkeep]\n|-start|p1b: Charizard|perish1\n|upkeep\n|\n|t:|1700001910\n|switch|p2a: Beyonce|Tsareena, F|100\/100\n|turn|10\n|\n|t:|1700001927\n|switch|p1b: Zapdos|Zapdos|100\/100\n|move|p2a: Beyonce|Protect|p2a: Beyonce\n|-singleturn|p2a: Beyonce|Protect\n|move|p1a: Lilligant|Victory Dance|p1a: Lilligant\n|-boost|p1a: Lilligant|atk|1\n|-boost|p1a: Lilligant|def|1\n|-boost|p1a: Lilligant|spe|1\n|move|p2b: Goodra|Sludge Bomb|p1a: Lilligant\n|-supereffective|p1a: Lilligant\n|-damage|p1a: Lilligant|14\/100\n|\n|-weather|SunnyDay|[upkeep]\n|upkeep\n|turn|11\n|\n|t:|1700001955\n|move|p1a: Lilligant|Acrobatics|p2a: Beyonce\n|-supereffective|p2a: Beyonce\n|-damage|p2a: Beyonce|51\/100\n|move|p2a: Beyonce|Trop Kick|p1a: Lilligant\n|-resisted|p1a: Lilligant\n|-damage|p1a: Lilligant|0 fnt\n|faint|p1a: Lilligant\n|move|p2b: Goodra|Flamethrower|p1b: Zapdos\n|-damage|p1b: Zapdos|56\/100\n|move|p1b: Zapdos|Weather Ball|p2b: Goodra\n|-resisted|p2b: Goodra\n|-damage|p2b: Goodra|79\/100\n|\n|-weather|none\n|upkeep\n|inactive|K3vss has 120 seconds left.\n|\n|t:|1700001968\n|switch|p1a: Charizard|Charizard-Mega-Y, M|72\/100\n|-weather|SunnyDay|[from] ability: Drought|[of] p1a: Charizard\n|turn|12\n|\n|t:|1700001984\n|move|p2b: Goodra|Muddy Water|p1a: Charizard|[spread] p1a,p1b\n|-supereffective|p1a: Charizard\n|-damage|p1a: Charizard|51\/100\n|-damage|p1b: Zapdos|45\/100\n|-unboost|p1a: Charizard|accuracy|1\n|-unboost|p1b: Zapdos|accuracy|1\n|move|p2a: Beyonce|Taunt|p1b: Zapdos\n|-start|p1b: Zapdos|move: Taunt\n|move|p1a: Charizard|Weather Ball|p2a: Beyonce|[miss]\n|-miss|p1a: Charizard|p2a: Beyonce\n|move|p1b: Zapdos|Weather Ball|p2b: Goodra|[miss]\n|-miss|p1b: Zapdos|p2b: Goodra\n|\n|-weather|SunnyDay|[upkeep]\n|-sideend|p2: El Ryuk456|move: Tailwind\n|upkeep\n|turn|13\n|\n|t:|1700002001\n|move|p1a: Charizard|Weather Ball|p2b: Goodra\n|-resisted|p2b: Goodra\n|-damage|p2b: Goodra|59\/100\n|move|p1b: Zapdos|Weather Ball|p2b: Goodra|[miss]\n|-miss|p1b: Zapdos|p2b: Goodra\n|move|p2a: Beyonce|Trop Kick|p1b: Zapdos\n|-resisted|p1b: Zapdos\n|-damage|p1b: Zapdos|29\/100\n|-unboost|p1b: Zapdos|atk|1\n|-damage|p2a: Beyonce|35\/100|[from] item: Rocky Helmet|[of] p1b: Zapdos\n|-enditem|p2a: Beyonce|Sitrus Berry|[eat]\n|-heal|p2a: Beyonce|60\/100|[from] item: Sitrus Berry\n|move|p2b: Goodra|Muddy Water|p1b: Zapdos|[spread] p1a,p1b\n|-supereffective|p1a: Charizard\n|-damage|p1a: Charizard|32\/100\n|-damage|p1b: Zapdos|19\/100\n|-unboost|p1b: Zapdos|accuracy|1\n|\n|-weather|SunnyDay|[upkeep]\n|upkeep\n|turn|14\n|-message|K3vss forfeited.\n|\n|win|El Ryuk456\n|raw|K3vss's rating: 1076 &rarr; <strong>1067<\/strong><br \/>(-9 for losing)\n|raw|El Ryuk456's rating: 1310 &rarr; <strong>1318<\/strong><br \/>(+8 for winning)\n|l|\u2606K3vss\n","uploadtime":1700002021,"views":14,"p1id":"k3vss","p2id":"elryuk456","formatid":"gen9nationaldexdoubles","rating":1067,"private":0,"password":""}