{"id":"gen9nationaldexdoubles-1947962298","p1":"Green133","p2":"annoying oranje","format":"[Gen 9] National Dex Doubles","log":"|j|\u2606Green133\n|j|\u2606annoying oranje\n|t:|1695220264\n|gametype|doubles\n|player|p1|Green133|blue|\n|player|p2|annoying oranje|lyra|\n|teamsize|p1|6\n|teamsize|p2|6\n|gen|9\n|tier|[Gen 9] National Dex Doubles\n|rule|HP Percentage Mod: HP is shown in percentages\n|rule|Endless Battle Clause: Forcing endless battles is banned\n|rule|OHKO Clause: OHKO moves are banned\n|rule|Evasion Moves Clause: Evasion moves are banned\n|rule|Evasion Abilities Clause: Evasion abilities are banned\n|rule|Species Clause: Limit one of each Pok\u00e9mon\n|rule|Gravity Sleep Clause: The combination of sleep-inducing moves with imperfect accuracy and Gravity or Gigantamax Orbeetle are banned\n|clearpoke\n|poke|p1|Rillaboom, F|\n|poke|p1|Lucario, M|\n|poke|p1|Maushold-Four|\n|poke|p1|Ceruledge, M|\n|poke|p1|Torkoal, F|\n|poke|p1|Walking Wake|\n|poke|p2|Maushold-Four|\n|poke|p2|Landorus-Therian, M|\n|poke|p2|Whimsicott, M|\n|poke|p2|Marshadow|\n|poke|p2|Virizion|\n|poke|p2|Terrakion|\n|teampreview\n|l|\u2606Green133\n|player|p1|\n|j|\u2606Green133\n|player|p1|Green133|blue\n|\n|t:|1695220326\n|start\n|switch|p1a: Pompeii|Torkoal, F|100\/100\n|switch|p1b: Chop Suey|Walking Wake|100\/100\n|switch|p2a: Dugtrio mice|Maushold-Four|100\/100\n|switch|p2b: Lando Calrissian|Landorus-Therian, M|100\/100\n|-ability|p2b: Lando Calrissian|Intimidate|boost\n|-unboost|p1a: Pompeii|atk|1\n|-unboost|p1b: Chop Suey|atk|1\n|-weather|SunnyDay|[from] ability: Drought|[of] p1a: Pompeii\n|-activate|p1b: Chop Suey|ability: Protosynthesis\n|-start|p1b: Chop Suey|protosynthesisspe\n|turn|1\n|\n|t:|1695220358\n|move|p2b: Lando Calrissian|Protect|p2b: Lando Calrissian\n|-singleturn|p2b: Lando Calrissian|Protect\n|move|p1b: Chop Suey|Hydro Steam|p2b: Lando Calrissian\n|-activate|p2b: Lando Calrissian|move: Protect\n|move|p2a: Dugtrio mice|Population Bomb|p1b: Chop Suey\n|-crit|p1b: Chop Suey\n|-damage|p1b: Chop Suey|86\/100\n|-damage|p1b: Chop Suey|78\/100\n|-damage|p1b: Chop Suey|69\/100\n|-damage|p1b: Chop Suey|61\/100\n|-damage|p1b: Chop Suey|52\/100\n|-damage|p1b: Chop Suey|42\/100\n|-damage|p1b: Chop Suey|33\/100\n|-damage|p1b: Chop Suey|25\/100\n|-damage|p1b: Chop Suey|16\/100\n|-damage|p1b: Chop Suey|7\/100\n|-hitcount|p1b: Chop Suey|10\n|move|p1a: Pompeii|Eruption|p2a: Dugtrio mice|[spread] p2a\n|-activate|p2b: Lando Calrissian|move: Protect\n|-damage|p2a: Dugtrio mice|18\/100\n|\n|-weather|SunnyDay|[upkeep]\n|upkeep\n|turn|2\n|\n|t:|1695220398\n|move|p2a: Dugtrio mice|Follow Me|p2a: Dugtrio mice\n|-singleturn|p2a: Dugtrio mice|move: Follow Me\n|move|p1b: Chop Suey|Hydro Steam|p2a: Dugtrio mice\n|-damage|p2a: Dugtrio mice|0 fnt\n|faint|p2a: Dugtrio mice\n|move|p2b: Lando Calrissian|Rock Slide|p1a: Pompeii|[spread] p1b\n|-miss|p2b: Lando Calrissian|p1a: Pompeii\n|-damage|p1b: Chop Suey|0 fnt\n|faint|p1b: Chop Suey\n|-end|p1b: Chop Suey|Protosynthesis|[silent]\n|move|p1a: Pompeii|Eruption|p2b: Lando Calrissian\n|-damage|p2b: Lando Calrissian|0 fnt\n|faint|p2b: Lando Calrissian\n|\n|-weather|SunnyDay|[upkeep]\n|upkeep\n|\n|t:|1695220435\n|switch|p2a: NeighborhoodThreat|Whimsicott, M|100\/100\n|switch|p1b: Clint Eastwood|Rillaboom, F|100\/100\n|switch|p2b: Honse|Virizion|100\/100\n|-fieldstart|move: Grassy Terrain|[from] ability: Grassy Surge|[of] p1b: Clint Eastwood\n|turn|3\n|\n|t:|1695220460\n|move|p1b: Clint Eastwood|Fake Out|p2a: NeighborhoodThreat\n|-damage|p2a: NeighborhoodThreat|85\/100\n|cant|p2a: NeighborhoodThreat|flinch\n|move|p2b: Honse|Close Combat|p1a: Pompeii\n|-damage|p1a: Pompeii|63\/100\n|-unboost|p2b: Honse|def|1\n|-unboost|p2b: Honse|spd|1\n|move|p1a: Pompeii|Heat Wave|p2a: NeighborhoodThreat|[spread] p2a,p2b\n|-supereffective|p2a: NeighborhoodThreat\n|-supereffective|p2b: Honse\n|-damage|p2a: NeighborhoodThreat|0 fnt\n|-damage|p2b: Honse|31\/100\n|faint|p2a: NeighborhoodThreat\n|\n|-weather|SunnyDay|[upkeep]\n|-heal|p2b: Honse|37\/100|[from] Grassy Terrain\n|-heal|p1a: Pompeii|70\/100|[from] Grassy Terrain\n|-heal|p1a: Pompeii|76\/100|[from] item: Leftovers\n|upkeep\n|\n|t:|1695220479\n|switch|p2a: Millhouse|Terrakion|100\/100\n|turn|4\n|\n|t:|1695220548\n|switch|p1b: Ohio is for Lovers|Maushold-Four|100\/100\n|move|p2b: Honse|Close Combat|p1b: Ohio is for Lovers\n|-supereffective|p1b: Ohio is for Lovers\n|-damage|p1b: Ohio is for Lovers|0 fnt\n|-unboost|p2b: Honse|def|1\n|-unboost|p2b: Honse|spd|1\n|-damage|p2b: Honse|21\/100|[from] item: Rocky Helmet|[of] p1b: Ohio is for Lovers\n|faint|p1b: Ohio is for Lovers\n|move|p2a: Millhouse|Rock Slide|p1a: Pompeii\n|-supereffective|p1a: Pompeii\n|-damage|p1a: Pompeii|13\/100\n|cant|p1a: Pompeii|flinch\n|\n|-weather|SunnyDay|[upkeep]\n|-heal|p2b: Honse|27\/100|[from] Grassy Terrain\n|-heal|p1a: Pompeii|19\/100|[from] Grassy Terrain\n|-heal|p1a: Pompeii|25\/100|[from] item: Leftovers\n|upkeep\n|\n|t:|1695220575\n|switch|p1b: The Pretender|Lucario, M|100\/100\n|turn|5\n|\n|t:|1695220620\n|switch|p1a: Clint Eastwood|Rillaboom, F|100\/100\n|detailschange|p1b: The Pretender|Lucario-Mega, M\n|-mega|p1b: The Pretender|Lucario|Lucarionite\n|move|p1b: The Pretender|Bullet Punch|p2b: Honse\n|-damage|p2b: Honse|0 fnt\n|faint|p2b: Honse\n|move|p2a: Millhouse|Close Combat|p1a: Clint Eastwood\n|-damage|p1a: Clint Eastwood|47\/100\n|-unboost|p2a: Millhouse|def|1\n|-unboost|p2a: Millhouse|spd|1\n|\n|-weather|none\n|-heal|p1a: Clint Eastwood|53\/100|[from] Grassy Terrain\n|upkeep\n|\n|t:|1695220634\n|switch|p2b: Yummy in my tummy|Marshadow|100\/100\n|turn|6\n|\n|t:|1695220652\n|move|p1a: Clint Eastwood|Grassy Glide|p2b: Yummy in my tummy\n|-damage|p2b: Yummy in my tummy|57\/100\n|move|p2b: Yummy in my tummy|Spectral Thief|p1b: The Pretender\n|-damage|p1b: The Pretender|8\/100\n|move|p1b: The Pretender|Earthquake|p2a: Millhouse|[spread] p1a,p2a,p2b\n|-resisted|p1a: Clint Eastwood\n|-supereffective|p2a: Millhouse\n|-damage|p1a: Clint Eastwood|47\/100\n|-damage|p2a: Millhouse|47\/100\n|-damage|p2b: Yummy in my tummy|39\/100\n|-enditem|p2a: Millhouse|Sitrus Berry|[eat]\n|-heal|p2a: Millhouse|72\/100|[from] item: Sitrus Berry\n|move|p2a: Millhouse|Rock Slide|p1a: Clint Eastwood|[spread] p1a,p1b\n|-resisted|p1b: The Pretender\n|-damage|p1a: Clint Eastwood|22\/100\n|-damage|p1b: The Pretender|0 fnt\n|faint|p1b: The Pretender\n|\n|-heal|p2b: Yummy in my tummy|45\/100|[from] Grassy Terrain\n|-heal|p2a: Millhouse|78\/100|[from] Grassy Terrain\n|-heal|p1a: Clint Eastwood|28\/100|[from] Grassy Terrain\n|upkeep\n|\n|t:|1695220693\n|switch|p1b: The Ghost of You|Ceruledge, M|100\/100\n|turn|7\n|\n|t:|1695220719\n|-terastallize|p1b: The Ghost of You|Grass\n|move|p1b: The Ghost of You|Shadow Sneak|p2b: Yummy in my tummy\n|-supereffective|p2b: Yummy in my tummy\n|-damage|p2b: Yummy in my tummy|0 fnt\n|faint|p2b: Yummy in my tummy\n|move|p1a: Clint Eastwood|Grassy Glide|p2a: Millhouse\n|-supereffective|p2a: Millhouse\n|-damage|p2a: Millhouse|0 fnt\n|faint|p2a: Millhouse\n|\n|win|Green133\n|c|\u2606annoying oranje|gg\n","uploadtime":1695220753,"views":16,"p1id":"green133","p2id":"annoyingoranje","formatid":"gen9nationaldexdoubles","rating":0,"private":0,"password":""}