{"id":"gen9nationaldexdoubles-1989374964","p1":"MarcusTalks","p2":"decidoustree","format":"[Gen 9] National Dex Doubles","log":"|j|\u2606MarcusTalks\n|j|\u2606decidoustree\n|t:|1699842341\n|gametype|doubles\n|player|p1|MarcusTalks|steven|\n|player|p2|decidoustree|cheren-gen5bw2|\n|teamsize|p1|6\n|teamsize|p2|6\n|gen|9\n|tier|[Gen 9] National Dex Doubles\n|rule|HP Percentage Mod: HP is shown in percentages\n|rule|Endless Battle Clause: Forcing endless battles is banned\n|rule|OHKO Clause: OHKO moves are banned\n|rule|Evasion Moves Clause: Evasion moves are banned\n|rule|Evasion Abilities Clause: Evasion abilities are banned\n|rule|Species Clause: Limit one of each Pok\u00e9mon\n|rule|Gravity Sleep Clause: The combination of sleep-inducing moves with imperfect accuracy and Gravity or Gigantamax Orbeetle are banned\n|clearpoke\n|poke|p1|Oricorio-Pom-Pom, F|\n|poke|p1|Iron Moth|\n|poke|p1|Pincurchin, M|\n|poke|p1|Ribombee, F|\n|poke|p1|Iron Bundle|\n|poke|p1|Iron Hands|\n|poke|p2|Garbodor, M|\n|poke|p2|Audino, F|\n|poke|p2|Krookodile, M|\n|poke|p2|Indeedee-F, F|\n|poke|p2|Aegislash, M|\n|poke|p2|Scolipede, M|\n|teampreview\n|\n|t:|1699842355\n|start\n|switch|p1a: Ribombee|Ribombee, F, shiny|100\/100\n|switch|p1b: Iron Hands|Iron Hands|100\/100\n|switch|p2a: Amide|Indeedee-F, F|100\/100\n|switch|p2b: Acid Chloride|Scolipede, M|100\/100\n|-fieldstart|move: Psychic Terrain|[from] ability: Psychic Surge|[of] p2a: Amide\n|turn|1\n|\n|t:|1699842372\n|switch|p1a: Pincurchin|Pincurchin, M, shiny|100\/100\n|-fieldstart|move: Electric Terrain|[from] ability: Electric Surge|[of] p1a: Pincurchin\n|-activate|p1b: Iron Hands|ability: Quark Drive\n|-start|p1b: Iron Hands|quarkdriveatk\n|move|p1b: Iron Hands|Fake Out|p2a: Amide\n|-damage|p2a: Amide|70\/100\n|cant|p2a: Amide|flinch\n|move|p2b: Acid Chloride|Swords Dance|p2b: Acid Chloride\n|-boost|p2b: Acid Chloride|atk|2\n|\n|-heal|p2a: Amide|76\/100|[from] item: Leftovers\n|-ability|p2b: Acid Chloride|Speed Boost|boost\n|-boost|p2b: Acid Chloride|spe|1\n|upkeep\n|turn|2\n|\n|t:|1699842399\n|move|p2a: Amide|Protect|p2a: Amide\n|-singleturn|p2a: Amide|Protect\n|move|p1a: Pincurchin|Protect|p1a: Pincurchin\n|-singleturn|p1a: Pincurchin|Protect\n|move|p2b: Acid Chloride|Baton Pass|p2b: Acid Chloride\n|\n|t:|1699842405\n|switch|p2b: Kroko|Krookodile, M|100\/100|[from] Baton Pass\n|-ability|p2b: Kroko|Intimidate|boost\n|-unboost|p1a: Pincurchin|atk|1\n|-unboost|p1b: Iron Hands|atk|1\n|move|p1b: Iron Hands|Earthquake|p2b: Kroko|[spread] p2b\n|-activate|p1a: Pincurchin|move: Protect\n|-activate|p2a: Amide|move: Protect\n|-damage|p2b: Kroko|77\/100\n|\n|-heal|p2b: Kroko|83\/100|[from] item: Leftovers\n|-heal|p2a: Amide|82\/100|[from] item: Leftovers\n|upkeep\n|turn|3\n|\n|t:|1699842424\n|switch|p2a: Starbucks\ud83e\udd2e\ud83e\udd2e|Garbodor, M|100\/100\n|-item|p2a: Starbucks\ud83e\udd2e\ud83e\udd2e|Air Balloon\n|switch|p1a: Iron Moth|Iron Moth|100\/100\n|-activate|p1a: Iron Moth|ability: Quark Drive\n|-start|p1a: Iron Moth|quarkdrivespa\n|-item|p1a: Iron Moth|Air Balloon\n|move|p2b: Kroko|Earthquake|p1a: Iron Moth|[spread] p1b\n|-immune|p2a: Starbucks\ud83e\udd2e\ud83e\udd2e\n|-immune|p1a: Iron Moth\n|-supereffective|p1b: Iron Hands\n|-damage|p1b: Iron Hands|0 fnt\n|faint|p1b: Iron Hands\n|-end|p1b: Iron Hands|Quark Drive|[silent]\n|\n|-heal|p2b: Kroko|89\/100|[from] item: Leftovers\n|upkeep\n|\n|t:|1699842443\n|switch|p1b: Oricorio|Oricorio-Pom-Pom, F, shiny|100\/100\n|turn|4\n|\n|t:|1699842486\n|move|p2a: Starbucks\ud83e\udd2e\ud83e\udd2e|Protect|p2a: Starbucks\ud83e\udd2e\ud83e\udd2e\n|-singleturn|p2a: Starbucks\ud83e\udd2e\ud83e\udd2e|Protect\n|move|p1a: Iron Moth|Fiery Dance|p2b: Kroko\n|-damage|p2b: Kroko|11\/100\n|-activate|p1b: Oricorio|ability: Dancer\n|move|p1b: Oricorio|Fiery Dance|p2b: Kroko|[from]ability: Dancer\n|-damage|p2b: Kroko|0 fnt\n|faint|p2b: Kroko\n|move|p1b: Oricorio|Quiver Dance|p1b: Oricorio\n|-boost|p1b: Oricorio|spa|1\n|-boost|p1b: Oricorio|spd|1\n|-boost|p1b: Oricorio|spe|1\n|\n|upkeep\n|\n|t:|1699842500\n|switch|p2b: Amide|Indeedee-F, F|82\/100\n|-fieldstart|move: Psychic Terrain|[from] ability: Psychic Surge|[of] p2b: Amide\n|-end|p1a: Iron Moth|Quark Drive\n|turn|5\n|inactive|Battle timer is ON: inactive players will automatically lose when time's up. (requested by MarcusTalks)\n|\n|t:|1699842544\n|-end|p1a: Iron Moth|Quark Drive|[silent]\n|switch|p1a: Pincurchin|Pincurchin, M, shiny|100\/100\n|-fieldstart|move: Electric Terrain|[from] ability: Electric Surge|[of] p1a: Pincurchin\n|switch|p2b: Amine|Audino, F|100\/100\n|move|p1b: Oricorio|Air Slash|p2a: Starbucks\ud83e\udd2e\ud83e\udd2e\n|-damage|p2a: Starbucks\ud83e\udd2e\ud83e\udd2e|55\/100\n|-enditem|p2a: Starbucks\ud83e\udd2e\ud83e\udd2e|Air Balloon\n|move|p2a: Starbucks\ud83e\udd2e\ud83e\udd2e|Infestation|p1b: Oricorio\n|-resisted|p1b: Oricorio\n|-crit|p1b: Oricorio\n|-damage|p1b: Oricorio|97\/100\n|-activate|p1b: Oricorio|move: Infestation|[of] p2a: Starbucks\ud83e\udd2e\ud83e\udd2e\n|\n|-heal|p1b: Oricorio|100\/100|[from] item: Leftovers\n|-damage|p1b: Oricorio|88\/100|[from] move: Infestation|[partiallytrapped]\n|upkeep\n|turn|6\n|inactive|decidoustree has 270 seconds left.\n|inactive|MarcusTalks has 270 seconds left.\n|\n|t:|1699842588\n|move|p1b: Oricorio|Air Slash|p2a: Starbucks\ud83e\udd2e\ud83e\udd2e\n|-damage|p2a: Starbucks\ud83e\udd2e\ud83e\udd2e|5\/100\n|move|p2a: Starbucks\ud83e\udd2e\ud83e\udd2e|Toxic Spikes|p1a: Pincurchin\n|-sidestart|p1: MarcusTalks|move: Toxic Spikes\n|move|p2b: Amine|Yawn|p1b: Oricorio\n|-start|p1b: Oricorio|move: Yawn|[of] p2b: Amine\n|move|p1a: Pincurchin|Rising Voltage|p2b: Amine\n|-hint|Rising Voltage's BP doubled on grounded target.\n|-damage|p2b: Amine|63\/100\n|\n|-heal|p1b: Oricorio|94\/100|[from] item: Leftovers\n|-damage|p1b: Oricorio|82\/100|[from] move: Infestation|[partiallytrapped]\n|upkeep\n|turn|7\n|inactive|decidoustree has 270 seconds left.\n|c|\u2606MarcusTalks|how has it not flinched a single time\n|inactive|MarcusTalks has 270 seconds left.\n|\n|t:|1699842615\n|switch|p1a: Iron Moth|Iron Moth|100\/100\n|-activate|p1a: Iron Moth|ability: Quark Drive\n|-start|p1a: Iron Moth|quarkdrivespa\n|-item|p1a: Iron Moth|Air Balloon\n|move|p2a: Starbucks\ud83e\udd2e\ud83e\udd2e|Protect|p2a: Starbucks\ud83e\udd2e\ud83e\udd2e\n|-singleturn|p2a: Starbucks\ud83e\udd2e\ud83e\udd2e|Protect\n|move|p1b: Oricorio|Air Slash|p2b: Amine\n|-damage|p2b: Amine|27\/100\n|move|p2b: Amine|Yawn|p1a: Iron Moth\n|-start|p1a: Iron Moth|move: Yawn|[of] p2b: Amine\n|\n|-heal|p1b: Oricorio|88\/100|[from] item: Leftovers\n|-damage|p1b: Oricorio|76\/100|[from] move: Infestation|[partiallytrapped]\n|-end|p1b: Oricorio|move: Yawn|[silent]\n|-status|p1b: Oricorio|slp\n|upkeep\n|turn|8\n|inactive|decidoustree has 270 seconds left.\n|\n|t:|1699842647\n|switch|p2b: Acid Chloride|Scolipede, M|100\/100\n|cant|p1b: Oricorio|slp\n|move|p1a: Iron Moth|Fiery Dance|p2b: Acid Chloride\n|-supereffective|p2b: Acid Chloride\n|-enditem|p2b: Acid Chloride|Focus Sash\n|-damage|p2b: Acid Chloride|1\/100\n|-boost|p1a: Iron Moth|spa|1\n|-activate|p1b: Oricorio|ability: Dancer\n|cant|p1b: Oricorio|slp\n|move|p2a: Starbucks\ud83e\udd2e\ud83e\udd2e|Toxic Spikes|p1a: Iron Moth\n|-sidestart|p1: MarcusTalks|move: Toxic Spikes\n|\n|-heal|p1b: Oricorio|82\/100 slp|[from] item: Leftovers\n|-damage|p1b: Oricorio|70\/100 slp|[from] move: Infestation|[partiallytrapped]\n|-end|p1a: Iron Moth|move: Yawn|[silent]\n|-status|p1a: Iron Moth|slp\n|upkeep\n|turn|9\n|inactive|decidoustree has 270 seconds left.\n|c|\u2606MarcusTalks|this balloon is killing me now\n|inactive|decidoustree has 240 seconds left.\n|\n|t:|1699842687\n|-curestatus|p1b: Oricorio|slp|[msg]\n|move|p1b: Oricorio|Protect|p1b: Oricorio\n|-singleturn|p1b: Oricorio|Protect\n|cant|p1a: Iron Moth|slp\n|move|p2b: Acid Chloride|Swords Dance|p2b: Acid Chloride\n|-boost|p2b: Acid Chloride|atk|2\n|-activate|p1b: Oricorio|ability: Dancer\n|move|p1b: Oricorio|Swords Dance|p1b: Oricorio|[from]ability: Dancer\n|-boost|p1b: Oricorio|atk|2\n|move|p2a: Starbucks\ud83e\udd2e\ud83e\udd2e|Infestation|p1b: Oricorio\n|-activate|p1b: Oricorio|move: Protect\n|\n|-heal|p1b: Oricorio|76\/100|[from] item: Leftovers\n|-end|p1b: Oricorio|Infestation|[partiallytrapped]\n|-ability|p2b: Acid Chloride|Speed Boost|boost\n|-boost|p2b: Acid Chloride|spe|1\n|upkeep\n|turn|10\n|inactive|decidoustree has 240 seconds left.\n|\n|t:|1699842722\n|move|p2b: Acid Chloride|Poison Jab|p1b: Oricorio\n|-damage|p1b: Oricorio|0 fnt\n|faint|p1b: Oricorio\n|cant|p1a: Iron Moth|slp\n|move|p2a: Starbucks\ud83e\udd2e\ud83e\udd2e|Infestation|p1a: Iron Moth\n|-resisted|p1a: Iron Moth\n|-damage|p1a: Iron Moth|99\/100 slp\n|-activate|p1a: Iron Moth|move: Infestation|[of] p2a: Starbucks\ud83e\udd2e\ud83e\udd2e\n|-enditem|p1a: Iron Moth|Air Balloon\n|\n|-damage|p1a: Iron Moth|88\/100 slp|[from] move: Infestation|[partiallytrapped]\n|-ability|p2b: Acid Chloride|Speed Boost|boost\n|-boost|p2b: Acid Chloride|spe|1\n|upkeep\n|inactive|MarcusTalks has 270 seconds left.\n|\n|t:|1699842748\n|switch|p1b: Ribombee|Ribombee, F, shiny|100\/100\n|-status|p1b: Ribombee|tox\n|turn|11\n|inactive|MarcusTalks has 270 seconds left.\n|c|\u2606MarcusTalks|gg\n|inactive|MarcusTalks has 240 seconds left.\n|\n|t:|1699842793\n|switch|p1b: Pincurchin|Pincurchin, M, shiny|100\/100\n|-status|p1b: Pincurchin|tox\n|move|p2b: Acid Chloride|Poison Jab|p1b: Pincurchin\n|-damage|p1b: Pincurchin|30\/100 tox\n|-curestatus|p1a: Iron Moth|slp|[msg]\n|move|p1a: Iron Moth|Fiery Dance|p2b: Acid Chloride\n|-supereffective|p2b: Acid Chloride\n|-damage|p2b: Acid Chloride|0 fnt\n|-boost|p1a: Iron Moth|spa|1\n|faint|p2b: Acid Chloride\n|move|p2a: Starbucks\ud83e\udd2e\ud83e\udd2e|Infestation|p1b: Pincurchin\n|-damage|p1b: Pincurchin|26\/100 tox\n|-activate|p1b: Pincurchin|move: Infestation|[of] p2a: Starbucks\ud83e\udd2e\ud83e\udd2e\n|\n|-damage|p1b: Pincurchin|20\/100 tox|[from] psn\n|-damage|p1a: Iron Moth|75\/100|[from] move: Infestation|[partiallytrapped]\n|-damage|p1b: Pincurchin|8\/100 tox|[from] move: Infestation|[partiallytrapped]\n|upkeep\n|\n|t:|1699842812\n|switch|p2b: Amine|Audino, F|60\/100\n|turn|12\n|inactive|decidoustree has 270 seconds left.\n|\n|t:|1699842838\n|detailschange|p2b: Amine|Audino-Mega, F\n|-mega|p2b: Amine|Audino|Audinite\n|move|p1a: Iron Moth|Sludge Wave|p2a: Starbucks\ud83e\udd2e\ud83e\udd2e|[spread] p1b,p2a,p2b\n|-resisted|p2a: Starbucks\ud83e\udd2e\ud83e\udd2e\n|-supereffective|p2b: Amine\n|-damage|p1b: Pincurchin|0 fnt\n|-damage|p2a: Starbucks\ud83e\udd2e\ud83e\udd2e|0 fnt\n|-damage|p2b: Amine|0 fnt\n|faint|p1b: Pincurchin\n|faint|p2a: Starbucks\ud83e\udd2e\ud83e\udd2e\n|faint|p2b: Amine\n|\n|-end|p1a: Iron Moth|Infestation|[partiallytrapped]|[silent]\n|-fieldend|move: Electric Terrain\n|-end|p1a: Iron Moth|Quark Drive\n|upkeep\n|inactive|decidoustree has 270 seconds left.\n|c|\u2606MarcusTalks|unless?\n|inactive|MarcusTalks has 270 seconds left.\n|\n|t:|1699842858\n|switch|p2a: Eye Sword|Aegislash, M|100\/100\n|switch|p2b: Amide|Indeedee-F, F|82\/100\n|switch|p1b: Iron Bundle|Iron Bundle|100\/100\n|-status|p1b: Iron Bundle|tox\n|-fieldstart|move: Psychic Terrain|[from] ability: Psychic Surge|[of] p2b: Amide\n|turn|13\n|c|\u2606decidoustree|i lose here\n|c|\u2606MarcusTalks|maybe, maybe not\n|inactive|MarcusTalks has 270 seconds left.\n|inactive|decidoustree has 270 seconds left.\n|\n|t:|1699842892\n|move|p1b: Iron Bundle|Flip Turn|p2a: Eye Sword\n|-damage|p2a: Eye Sword|84\/100\n|\n|t:|1699842894\n|-end|p1b: Iron Bundle|Quark Drive|[silent]\n|switch|p1b: Ribombee|Ribombee, F, shiny|100\/100 tox|[from] Flip Turn\n|move|p1a: Iron Moth|Bug Buzz|p2b: Amide\n|-supereffective|p2b: Amide\n|-damage|p2b: Amide|0 fnt\n|faint|p2b: Amide\n|move|p2a: Eye Sword|Autotomize|p2a: Eye Sword\n|-boost|p2a: Eye Sword|spe|2\n|-start|p2a: Eye Sword|Autotomize\n|\n|-damage|p1b: Ribombee|94\/100 tox|[from] psn\n|upkeep\n|turn|14\n|inactive|decidoustree has 270 seconds left.\n|\n|t:|1699842927\n|-terastallize|p2a: Eye Sword|Steel\n|-formechange|p2a: Eye Sword|Aegislash-Blade||[from] ability: Stance Change\n|move|p2a: Eye Sword|Flash Cannon|p1a: Iron Moth\n|-resisted|p1a: Iron Moth\n|-damage|p1a: Iron Moth|29\/100\n|-damage|p2a: Eye Sword|75\/100|[from] item: Life Orb\n|move|p1a: Iron Moth|Fiery Dance|p2a: Eye Sword\n|-supereffective|p2a: Eye Sword\n|-damage|p2a: Eye Sword|0 fnt\n|-boost|p1a: Iron Moth|spa|1\n|faint|p2a: Eye Sword\n|\n|win|MarcusTalks\n|c|\u2606decidoustree|gg\n|c|\u2606MarcusTalks|gg\n|c|\u2606MarcusTalks|your terrain keeps messing me up\n|l|\u2606MarcusTalks\n","uploadtime":1699842940,"views":19,"p1id":"marcustalks","p2id":"decidoustree","formatid":"gen9nationaldexdoubles","rating":0,"private":0,"password":""}