{"id":"gen9nationaldexdoubles-1962796149","p1":"fifier","p2":"XMarcosPr710","format":"[Gen 9] National Dex Doubles","log":"|j|\u2606fifier\n|j|\u2606XMarcosPr710\n|t:|1696793007\n|gametype|doubles\n|player|p1|fifier|169|\n|player|p2|XMarcosPr710|benga|\n|teamsize|p1|6\n|teamsize|p2|6\n|gen|9\n|tier|[Gen 9] National Dex Doubles\n|rule|HP Percentage Mod: HP is shown in percentages\n|rule|Endless Battle Clause: Forcing endless battles is banned\n|rule|OHKO Clause: OHKO moves are banned\n|rule|Evasion Moves Clause: Evasion moves are banned\n|rule|Evasion Abilities Clause: Evasion abilities are banned\n|rule|Species Clause: Limit one of each Pok\u00e9mon\n|rule|Gravity Sleep Clause: The combination of sleep-inducing moves with imperfect accuracy and Gravity or Gigantamax Orbeetle are banned\n|clearpoke\n|poke|p1|Chien-Pao|\n|poke|p1|Iron Bundle|\n|poke|p1|Ninetales-Alola, M|\n|poke|p1|Baxcalibur, M|\n|poke|p1|Mamoswine, M|\n|poke|p1|Abomasnow, F|\n|poke|p2|Iron Hands|\n|poke|p2|Rotom-Wash|\n|poke|p2|Zapdos|\n|poke|p2|Manectric, F|\n|poke|p2|Thundurus, M|\n|poke|p2|Tapu Koko|\n|teampreview\n|c|\u2606XMarcosPr710|Tengo la voz de goma de fondo B)\n|c|\u2606fifier|u\n|c|\u2606fifier|se me olvido\n|c|\u2606fifier|le puse tera blast al pao\n|c|\u2606XMarcosPr710|Epico\n|c|\u2606XMarcosPr710|que tipo?\n|c|\u2606fifier|normal\n|c|\u2606fifier|broma\n|c|\u2606fifier|ground\n|c|\u2606XMarcosPr710|a\n|c|\u2606XMarcosPr710|XD\n|\n|t:|1696793051\n|start\n|switch|p1a: Ninetales|Ninetales-Alola, M, shiny|100\/100\n|switch|p1b: Mamoswine|Mamoswine, M|100\/100\n|switch|p2a: Iron Hands|Iron Hands|100\/100\n|switch|p2b: Rotom|Rotom-Wash, shiny|100\/100\n|-weather|Snow|[from] ability: Snow Warning|[of] p1a: Ninetales\n|turn|1\n|\n|t:|1696793064\n|move|p1a: Ninetales|Aurora Veil|p1a: Ninetales\n|-sidestart|p1: fifier|move: Aurora Veil\n|move|p1b: Mamoswine|High Horsepower|p2a: Iron Hands\n|-supereffective|p2a: Iron Hands\n|-damage|p2a: Iron Hands|39\/100\n|move|p2b: Rotom|Will-O-Wisp|p1b: Mamoswine|[miss]\n|-miss|p2b: Rotom|p1b: Mamoswine\n|move|p2a: Iron Hands|Heavy Slam|p1a: Ninetales\n|-supereffective|p1a: Ninetales\n|-damage|p1a: Ninetales|12\/100\n|\n|-weather|Snow|[upkeep]\n|upkeep\n|turn|2\n|\n|t:|1696793083\n|-end|p2a: Iron Hands|Quark Drive|[silent]\n|switch|p2a: Zapdos|Zapdos|100\/100\n|move|p1a: Ninetales|Encore|p2b: Rotom\n|-start|p2b: Rotom|Encore\n|move|p1b: Mamoswine|High Horsepower|p2a: Zapdos\n|-immune|p2a: Zapdos\n|move|p2b: Rotom|Will-O-Wisp|p1a: Ninetales\n|-status|p1a: Ninetales|brn\n|\n|-weather|Snow|[upkeep]\n|-damage|p1a: Ninetales|6\/100 brn|[from] brn\n|upkeep\n|turn|3\n|c|\u2606XMarcosPr710|wtf\n|c|\u2606XMarcosPr710|No se cambio la nat\n|c|\u2606XMarcosPr710|que co\u00f1o\n|c|\u2606fifier|q nub\n|\n|t:|1696793114\n|switch|p2b: Iron Hands|Iron Hands|39\/100\n|move|p2a: Zapdos|Protect|p2a: Zapdos\n|-singleturn|p2a: Zapdos|Protect\n|move|p1a: Ninetales|Icy Wind|p2a: Zapdos|[spread] p2b\n|-activate|p2a: Zapdos|move: Protect\n|-damage|p2b: Iron Hands|32\/100\n|-unboost|p2b: Iron Hands|spe|1\n|move|p1b: Mamoswine|Icicle Crash|p2a: Zapdos\n|-activate|p2a: Zapdos|move: Protect\n|\n|-weather|Snow|[upkeep]\n|-damage|p1a: Ninetales|0 fnt|[from] brn\n|faint|p1a: Ninetales\n|upkeep\n|\n|t:|1696793132\n|switch|p1a: Baxcalibur|Baxcalibur, M|100\/100\n|turn|4\n|\n|t:|1696793150\n|switch|p2a: Rotom|Rotom-Wash, shiny|100\/100\n|move|p2b: Iron Hands|Fake Out|p1a: Baxcalibur\n|-damage|p1a: Baxcalibur|95\/100\n|move|p1b: Mamoswine|Icicle Crash|p2a: Rotom\n|-resisted|p2a: Rotom\n|-damage|p2a: Rotom|81\/100\n|cant|p1a: Baxcalibur|flinch\n|\n|-weather|Snow|[upkeep]\n|upkeep\n|turn|5\n|c|\u2606fifier|ahora q veo\n|c|\u2606fifier|no tengo na pal rotom\n|\n|t:|1696793216\n|move|p1b: Mamoswine|Ice Shard|p2b: Iron Hands\n|-damage|p2b: Iron Hands|17\/100\n|move|p2a: Rotom|Will-O-Wisp|p1b: Mamoswine\n|-status|p1b: Mamoswine|brn\n|move|p1a: Baxcalibur|Icicle Crash|p2b: Iron Hands|[miss]\n|-miss|p1a: Baxcalibur|p2b: Iron Hands\n|move|p2b: Iron Hands|Drain Punch|p1a: Baxcalibur\n|-supereffective|p1a: Baxcalibur\n|-damage|p1a: Baxcalibur|62\/100\n|-heal|p2b: Iron Hands|33\/100|[from] drain|[of] p1a: Baxcalibur\n|\n|-weather|none\n|-damage|p1b: Mamoswine|94\/100 brn|[from] brn\n|upkeep\n|turn|6\n|c|\u2606fifier|bro\n|\n|t:|1696793245\n|-terastallize|p2b: Iron Hands|Grass\n|move|p1b: Mamoswine|Icicle Crash|p2b: Iron Hands\n|-supereffective|p2b: Iron Hands\n|-damage|p2b: Iron Hands|4\/100\n|move|p2a: Rotom|Volt Switch|p1a: Baxcalibur\n|-resisted|p1a: Baxcalibur\n|-damage|p1a: Baxcalibur|54\/100\n|\n|t:|1696793253\n|switch|p2a: Manectric|Manectric, F|100\/100|[from] Volt Switch\n|move|p1a: Baxcalibur|Dragon Dance|p1a: Baxcalibur\n|-boost|p1a: Baxcalibur|atk|1\n|-boost|p1a: Baxcalibur|spe|1\n|move|p2b: Iron Hands|Drain Punch|p1b: Mamoswine\n|-supereffective|p1b: Mamoswine\n|-damage|p1b: Mamoswine|33\/100 brn\n|-heal|p2b: Iron Hands|28\/100|[from] drain|[of] p1b: Mamoswine\n|\n|-damage|p1b: Mamoswine|26\/100 brn|[from] brn\n|upkeep\n|turn|7\n|c|\u2606fifier|se viene\n|\n|t:|1696793276\n|switch|p1b: Iron Bundle|Iron Bundle|100\/100\n|-enditem|p1b: Iron Bundle|Booster Energy\n|-activate|p1b: Iron Bundle|ability: Quark Drive|[fromitem]\n|-start|p1b: Iron Bundle|quarkdrivespe\n|detailschange|p2a: Manectric|Manectric-Mega, F\n|-mega|p2a: Manectric|Manectric|Manectite\n|-ability|p2a: Manectric|Intimidate|boost\n|-unboost|p1a: Baxcalibur|atk|1\n|-unboost|p1b: Iron Bundle|atk|1\n|move|p2a: Manectric|Protect|p2a: Manectric\n|-singleturn|p2a: Manectric|Protect\n|move|p1a: Baxcalibur|Icicle Crash|p2b: Iron Hands|[miss]\n|-miss|p1a: Baxcalibur|p2b: Iron Hands\n|move|p2b: Iron Hands|Drain Punch|p1a: Baxcalibur\n|-supereffective|p1a: Baxcalibur\n|-damage|p1a: Baxcalibur|3\/100\n|-heal|p2b: Iron Hands|51\/100|[from] drain|[of] p1a: Baxcalibur\n|\n|upkeep\n|turn|8\n|c|\u2606fifier|ojo\n|c|\u2606fifier|BRO\n|c|\u2606XMarcosPr710|JAJA\n|c|\u2606fifier|q te ries\n|\n|t:|1696793330\n|switch|p2a: Rotom|Rotom-Wash, shiny|81\/100\n|move|p1a: Baxcalibur|Protect|p1a: Baxcalibur\n|-singleturn|p1a: Baxcalibur|Protect\n|move|p1b: Iron Bundle|Icy Wind|p2b: Iron Hands|[spread] p2a,p2b\n|-resisted|p2a: Rotom\n|-supereffective|p2b: Iron Hands\n|-damage|p2a: Rotom|71\/100\n|-damage|p2b: Iron Hands|27\/100\n|-unboost|p2a: Rotom|spe|1\n|-unboost|p2b: Iron Hands|spe|1\n|move|p2b: Iron Hands|Drain Punch|p1b: Iron Bundle\n|-supereffective|p1b: Iron Bundle\n|-damage|p1b: Iron Bundle|35\/100\n|-heal|p2b: Iron Hands|44\/100|[from] drain|[of] p1b: Iron Bundle\n|\n|-sideend|p1: fifier|move: Aurora Veil\n|upkeep\n|turn|9\n|c|\u2606fifier|me voy a cagar en todo\n|\n|t:|1696793355\n|-end|p2b: Iron Hands|Quark Drive|[silent]\n|switch|p2b: Manectric|Manectric-Mega, F|100\/100\n|-ability|p2b: Manectric|Intimidate|boost\n|-unboost|p1a: Baxcalibur|atk|1\n|-unboost|p1b: Iron Bundle|atk|1\n|move|p1b: Iron Bundle|Hydro Pump|p2a: Rotom\n|-resisted|p2a: Rotom\n|-damage|p2a: Rotom|39\/100\n|move|p1a: Baxcalibur|Icicle Crash|p2b: Manectric\n|-damage|p2b: Manectric|52\/100\n|move|p2a: Rotom|Volt Switch|p1b: Iron Bundle\n|-supereffective|p1b: Iron Bundle\n|-damage|p1b: Iron Bundle|0 fnt\n|faint|p1b: Iron Bundle\n|-end|p1b: Iron Bundle|Quark Drive|[silent]\n|\n|t:|1696793366\n|switch|p2a: Iron Hands|Iron Hands, tera:Grass|44\/100|[from] Volt Switch\n|\n|upkeep\n|c|\u2606fifier|te juroi\n|\n|t:|1696793373\n|switch|p1b: Abomasnow|Abomasnow, F|100\/100\n|-weather|Snow|[from] ability: Snow Warning|[of] p1b: Abomasnow\n|turn|10\n|\n|t:|1696793385\n|detailschange|p1b: Abomasnow|Abomasnow-Mega, F\n|-mega|p1b: Abomasnow|Abomasnow|Abomasite\n|move|p1a: Baxcalibur|Protect|p1a: Baxcalibur\n|-singleturn|p1a: Baxcalibur|Protect\n|move|p2a: Iron Hands|Fake Out|p1a: Baxcalibur\n|-activate|p1a: Baxcalibur|move: Protect\n|move|p2b: Manectric|Flamethrower|p1b: Abomasnow\n|-supereffective|p1b: Abomasnow\n|-damage|p1b: Abomasnow|5\/100\n|move|p1b: Abomasnow|Icy Wind|p2b: Manectric|[spread] p2a,p2b\n|-supereffective|p2a: Iron Hands\n|-damage|p2a: Iron Hands|24\/100\n|-damage|p2b: Manectric|24\/100\n|-unboost|p2a: Iron Hands|spe|1\n|-unboost|p2b: Manectric|spe|1\n|\n|-weather|Snow|[upkeep]\n|upkeep\n|turn|11\n|c|\u2606fifier|q grande\n|\n|t:|1696793411\n|switch|p2b: Rotom|Rotom-Wash, shiny|39\/100\n|move|p1a: Baxcalibur|Icicle Crash|p2a: Iron Hands\n|-supereffective|p2a: Iron Hands\n|-damage|p2a: Iron Hands|0 fnt\n|faint|p2a: Iron Hands\n|-end|p2a: Iron Hands|Quark Drive|[silent]\n|move|p1b: Abomasnow|Earth Power|p2b: Rotom\n|-immune|p2b: Rotom|[from] ability: Levitate\n|\n|-weather|Snow|[upkeep]\n|upkeep\n|\n|t:|1696793424\n|switch|p2a: Tapu Koko|Tapu Koko, shiny|100\/100\n|-fieldstart|move: Electric Terrain|[from] ability: Electric Surge|[of] p2a: Tapu Koko\n|turn|12\n|\n|t:|1696793433\n|switch|p1b: Mamoswine|Mamoswine, M|26\/100 brn\n|move|p1a: Baxcalibur|Protect|p1a: Baxcalibur\n|-singleturn|p1a: Baxcalibur|Protect\n|move|p2a: Tapu Koko|Dazzling Gleam|p1b: Mamoswine|[spread] p1b\n|-activate|p1a: Baxcalibur|move: Protect\n|-damage|p1b: Mamoswine|0 fnt\n|faint|p1b: Mamoswine\n|move|p2b: Rotom|Volt Switch|p1a: Baxcalibur\n|-activate|p1a: Baxcalibur|move: Protect\n|\n|-weather|Snow|[upkeep]\n|upkeep\n|c|\u2606fifier|no aguanta\n|c|\u2606fifier|re[oifhjasdfjkasd\n|\n|t:|1696793445\n|switch|p1b: Chien-Pao|Chien-Pao|100\/100\n|-ability|p1b: Chien-Pao|Sword of Ruin\n|turn|13\n|l|\u2606XMarcosPr710\n|player|p2|\n|j|\u2606XMarcosPr710\n|player|p2|XMarcosPr710|benga\n|n|\u2606XMarcosPr710|xmarcospr710\n|c|\u2606XMarcosPr710|a\n|n|\u2606XMarcosPr710|xmarcospr710\n|c|\u2606XMarcosPr710|Se me cayo el sd\n|\n|t:|1696793509\n|-terastallize|p1b: Chien-Pao|Ground\n|move|p2a: Tapu Koko|Protect|p2a: Tapu Koko\n|-singleturn|p2a: Tapu Koko|Protect\n|move|p1b: Chien-Pao|Icicle Crash|p2a: Tapu Koko\n|-activate|p2a: Tapu Koko|move: Protect\n|move|p1a: Baxcalibur|Icicle Crash|p2b: Rotom|[miss]\n|-miss|p1a: Baxcalibur|p2b: Rotom\n|move|p2b: Rotom|Volt Switch|p1a: Baxcalibur\n|-resisted|p1a: Baxcalibur\n|-damage|p1a: Baxcalibur|0 fnt\n|faint|p1a: Baxcalibur\n|c|\u2606fifier|esto es una puta broma\n|\n|t:|1696793523\n|switch|p2b: Thundurus|Thundurus, M|100\/100|[from] Volt Switch\n|\n|-weather|Snow|[upkeep]\n|upkeep\n|\n|t:|1696793525\n|switch|p1a: Abomasnow|Abomasnow-Mega, F|5\/100\n|turn|14\n|c|\u2606XMarcosPr710|Tampoco matabas xd\n|c|\u2606fifier|era por el flinch\n|c|\u2606fifier|sacowea\n|\n|t:|1696793542\n|move|p1a: Abomasnow|Protect|p1a: Abomasnow\n|-singleturn|p1a: Abomasnow|Protect\n|move|p2b: Thundurus|Scary Face|p1b: Chien-Pao\n|-unboost|p1b: Chien-Pao|spe|2\n|move|p2a: Tapu Koko|Dazzling Gleam|p1b: Chien-Pao|[spread] p1b\n|-activate|p1a: Abomasnow|move: Protect\n|-damage|p1b: Chien-Pao|61\/100\n|move|p1b: Chien-Pao|Tera Blast|p2a: Tapu Koko|[anim] Tera Blast Ground\n|-supereffective|p2a: Tapu Koko\n|-enditem|p2a: Tapu Koko|Focus Sash\n|-damage|p2a: Tapu Koko|1\/100\n|\n|-weather|none\n|upkeep\n|turn|15\n|c|\u2606XMarcosPr710|La cosa es que en el siguiente combate si estara el rotom con el ev spread puesto XD\n|\n|t:|1696793573\n|switch|p2b: Rotom|Rotom-Wash, shiny|39\/100\n|move|p2a: Tapu Koko|Volt Switch|p1a: Abomasnow\n|-resisted|p1a: Abomasnow\n|-damage|p1a: Abomasnow|0 fnt\n|faint|p1a: Abomasnow\n|\n|t:|1696793583\n|switch|p2a: Zapdos|Zapdos|100\/100|[from] Volt Switch\n|move|p1b: Chien-Pao|Icicle Crash|p2b: Rotom\n|-resisted|p2b: Rotom\n|-damage|p2b: Rotom|15\/100\n|-enditem|p2b: Rotom|Wiki Berry|[eat]\n|-heal|p2b: Rotom|49\/100|[from] item: Wiki Berry\n|\n|upkeep\n|turn|16\n|-message|fifier forfeited.\n|\n|win|XMarcosPr710\n|c|\u2606fifier|recien me doy cuenta\n|c|\u2606XMarcosPr710|de que\n|c|\u2606fifier|le puse freezy dry al iron bundle\n|c|\u2606fifier|dfhujfhsduj\n","uploadtime":1696793614,"views":25,"p1id":"fifier","p2id":"xmarcospr710","formatid":"gen9nationaldexdoubles","rating":0,"private":0,"password":""}