{"id":"gen9nationaldexdoubles-1967411273","p1":"imjustthatawsom","p2":"usagi the weeb","format":"[Gen 9] National Dex Doubles","log":"|j|\u2606imjustthatawsom\n|j|\u2606usagi the weeb\n|t:|1697299225\n|gametype|doubles\n|player|p1|imjustthatawsom|170|\n|player|p2|usagi the weeb|juggler|\n|teamsize|p1|6\n|teamsize|p2|6\n|gen|9\n|tier|[Gen 9] National Dex Doubles\n|rule|HP Percentage Mod: HP is shown in percentages\n|rule|Endless Battle Clause: Forcing endless battles is banned\n|rule|OHKO Clause: OHKO moves are banned\n|rule|Evasion Moves Clause: Evasion moves are banned\n|rule|Evasion Abilities Clause: Evasion abilities are banned\n|rule|Species Clause: Limit one of each Pok\u00e9mon\n|rule|Gravity Sleep Clause: The combination of sleep-inducing moves with imperfect accuracy and Gravity or Gigantamax Orbeetle are banned\n|clearpoke\n|poke|p1|Grafaiai, F|\n|poke|p1|Regigigas|\n|poke|p1|Vaporeon, M|\n|poke|p1|Iron Valiant|\n|poke|p1|Bronzong|\n|poke|p1|Sableye, M|\n|poke|p2|Stonjourner, M|\n|poke|p2|Ursaluna, M|\n|poke|p2|Toxapex, M|\n|poke|p2|Gardevoir, F|\n|poke|p2|Moltres-Galar|\n|poke|p2|Torterra, F|\n|teampreview\n|\n|t:|1697299316\n|start\n|switch|p1a: Grafaiai|Grafaiai, F|100\/100\n|switch|p1b: Regigigas|Regigigas|100\/100\n|switch|p2a: ITS A TRAP|Toxapex, M, shiny|100\/100\n|switch|p2b: Rem|Gardevoir, F, shiny|100\/100\n|-start|p1b: Regigigas|ability: Slow Start\n|turn|1\n|\n|t:|1697299375\n|detailschange|p2b: Rem|Gardevoir-Mega, F, shiny\n|-mega|p2b: Rem|Gardevoir|Gardevoirite\n|move|p1a: Grafaiai|Doodle|p2a: ITS A TRAP\n|-endability|p1a: Grafaiai|Prankster|[from] move: Doodle\n|-ability|p1a: Grafaiai|Regenerator|[from] move: Doodle\n|-end|p1b: Regigigas|Slow Start|[silent]\n|-endability|p1b: Regigigas|Slow Start|[from] move: Doodle\n|-ability|p1b: Regigigas|Regenerator|[from] move: Doodle\n|move|p2b: Rem|Psychic|p1b: Regigigas\n|-damage|p1b: Regigigas|55\/100\n|move|p1b: Regigigas|Rock Slide|p2b: Rem|[spread] p2a,p2b\n|-damage|p2a: ITS A TRAP|84\/100\n|-damage|p2b: Rem|54\/100\n|cant|p2a: ITS A TRAP|flinch\n|\n|-heal|p1b: Regigigas|61\/100|[from] item: Leftovers\n|upkeep\n|turn|2\n|\n|t:|1697299448\n|move|p1a: Grafaiai|Parting Shot|p2b: Rem\n|-unboost|p2b: Rem|atk|1\n|-unboost|p2b: Rem|spa|1\n|\n|t:|1697299453\n|switch|p1a: Bronzong|Bronzong|100\/100|[from] Parting Shot\n|move|p2b: Rem|Psychic|p1a: Bronzong\n|-resisted|p1a: Bronzong\n|-damage|p1a: Bronzong|92\/100\n|move|p1b: Regigigas|Earthquake|p2a: ITS A TRAP|[spread] p2a,p2b\n|-immune|p1a: Bronzong|[from] ability: Levitate\n|-supereffective|p2a: ITS A TRAP\n|-damage|p2a: ITS A TRAP|41\/100\n|-damage|p2b: Rem|0 fnt\n|faint|p2b: Rem\n|move|p2a: ITS A TRAP|Gunk Shot|p1b: Regigigas\n|-damage|p1b: Regigigas|38\/100\n|\n|-heal|p1b: Regigigas|45\/100|[from] item: Leftovers\n|-heal|p1a: Bronzong|98\/100|[from] item: Leftovers\n|upkeep\n|\n|t:|1697299473\n|switch|p2b: Papa Bear|Ursaluna, M, shiny|100\/100\n|turn|3\n|\n|t:|1697299493\n|move|p1b: Regigigas|Earthquake|p2a: ITS A TRAP|[spread] p2a,p2b\n|-immune|p1a: Bronzong|[from] ability: Levitate\n|-supereffective|p2a: ITS A TRAP\n|-damage|p2a: ITS A TRAP|3\/100\n|-damage|p2b: Papa Bear|77\/100\n|move|p2b: Papa Bear|Earthquake|p1b: Regigigas|[spread] p2a,p1b\n|-immune|p1a: Bronzong|[from] ability: Levitate\n|-supereffective|p2a: ITS A TRAP\n|-damage|p2a: ITS A TRAP|0 fnt\n|-damage|p1b: Regigigas|10\/100\n|faint|p2a: ITS A TRAP\n|move|p1a: Bronzong|Body Press|p2b: Papa Bear\n|-supereffective|p2b: Papa Bear\n|-damage|p2b: Papa Bear|35\/100\n|\n|-heal|p1b: Regigigas|17\/100|[from] item: Leftovers\n|-heal|p1a: Bronzong|100\/100|[from] item: Leftovers\n|-status|p2b: Papa Bear|brn|[from] item: Flame Orb\n|upkeep\n|\n|t:|1697299514\n|switch|p2a: Phoenix|Moltres-Galar, shiny|100\/100\n|turn|4\n|\n|t:|1697299538\n|switch|p2b: Turtle|Torterra, F|100\/100\n|move|p2a: Phoenix|Fiery Wrath|p1a: Bronzong|[spread] p1a,p1b\n|-supereffective|p1a: Bronzong\n|-damage|p1a: Bronzong|48\/100\n|-damage|p1b: Regigigas|0 fnt\n|faint|p1b: Regigigas\n|move|p1a: Bronzong|Body Press|p2b: Turtle\n|-damage|p2b: Turtle|74\/100\n|\n|-heal|p1a: Bronzong|55\/100|[from] item: Leftovers\n|upkeep\n|\n|t:|1697299602\n|switch|p1b: Iron Valiant|Iron Valiant|100\/100\n|-enditem|p1b: Iron Valiant|Booster Energy\n|-activate|p1b: Iron Valiant|ability: Quark Drive|[fromitem]\n|-start|p1b: Iron Valiant|quarkdrivespe\n|turn|5\n|\n|t:|1697299625\n|move|p1b: Iron Valiant|Protect|p1b: Iron Valiant\n|-singleturn|p1b: Iron Valiant|Protect\n|move|p1a: Bronzong|Protect|p1a: Bronzong\n|-singleturn|p1a: Bronzong|Protect\n|move|p2a: Phoenix|Air Slash|p1b: Iron Valiant\n|-activate|p1b: Iron Valiant|move: Protect\n|move|p2b: Turtle|Headlong Rush|p1a: Bronzong\n|-activate|p1a: Bronzong|move: Protect\n|\n|-heal|p1a: Bronzong|61\/100|[from] item: Leftovers\n|upkeep\n|turn|6\n|\n|t:|1697299665\n|move|p1b: Iron Valiant|Brick Break|p2a: Phoenix\n|-damage|p2a: Phoenix|56\/100\n|move|p2a: Phoenix|Tailwind|p2a: Phoenix\n|-sidestart|p2: usagi the weeb|move: Tailwind\n|move|p2b: Turtle|Headlong Rush|p1a: Bronzong\n|-immune|p1a: Bronzong|[from] ability: Levitate\n|move|p1a: Bronzong|Night Shade|p2b: Turtle\n|-damage|p2b: Turtle|44\/100\n|\n|-heal|p1a: Bronzong|67\/100|[from] item: Leftovers\n|upkeep\n|turn|7\n|\n|t:|1697299694\n|switch|p2b: open says me|Stonjourner, M, shiny|100\/100\n|move|p1b: Iron Valiant|Protect|p1b: Iron Valiant\n|-singleturn|p1b: Iron Valiant|Protect\n|move|p2a: Phoenix|Air Slash|p1b: Iron Valiant\n|-activate|p1b: Iron Valiant|move: Protect\n|move|p1a: Bronzong|Body Press|p2a: Phoenix\n|-damage|p2a: Phoenix|22\/100\n|-ability|p2a: Phoenix|Berserk|boost\n|-boost|p2a: Phoenix|spa|1\n|\n|-heal|p1a: Bronzong|73\/100|[from] item: Leftovers\n|upkeep\n|turn|8\n|\n|t:|1697299725\n|-end|p1b: Iron Valiant|Quark Drive|[silent]\n|switch|p1b: Vaporeon|Vaporeon, M|100\/100\n|move|p2b: open says me|Protect|p2b: open says me\n|-singleturn|p2b: open says me|Protect\n|move|p2a: Phoenix|Fiery Wrath|p1a: Bronzong|[spread] p1a,p1b\n|-supereffective|p1a: Bronzong\n|-damage|p1a: Bronzong|0 fnt\n|-damage|p1b: Vaporeon|53\/100\n|faint|p1a: Bronzong\n|\n|upkeep\n|\n|t:|1697299743\n|switch|p1a: Iron Valiant|Iron Valiant|100\/100\n|turn|9\n|\n|t:|1697299765\n|move|p1a: Iron Valiant|Protect|p1a: Iron Valiant\n|-singleturn|p1a: Iron Valiant|Protect\n|move|p2b: open says me|Protect|p2b: open says me\n|-singleturn|p2b: open says me|Protect\n|move|p2a: Phoenix|Fiery Wrath|p1b: Vaporeon|[spread] p1b\n|-activate|p1a: Iron Valiant|move: Protect\n|-damage|p1b: Vaporeon|5\/100\n|move|p1b: Vaporeon|Scald|p2b: open says me\n|-activate|p2b: open says me|move: Protect\n|\n|-sideend|p2: usagi the weeb|move: Tailwind\n|upkeep\n|turn|10\n|\n|t:|1697299802\n|move|p1a: Iron Valiant|Brick Break|p2a: Phoenix\n|-damage|p2a: Phoenix|0 fnt\n|faint|p2a: Phoenix\n|move|p2b: open says me|Body Slam|p1a: Iron Valiant\n|-damage|p1a: Iron Valiant|71\/100\n|move|p1b: Vaporeon|Scald|p2b: open says me\n|-supereffective|p2b: open says me\n|-enditem|p2b: open says me|Focus Sash\n|-damage|p2b: open says me|1\/100\n|\n|upkeep\n|\n|t:|1697299816\n|switch|p2a: Turtle|Torterra, F|44\/100\n|turn|11\n|\n|t:|1697299852\n|move|p1a: Iron Valiant|Protect|p1a: Iron Valiant\n|-singleturn|p1a: Iron Valiant|Protect\n|move|p2b: open says me|Protect|p2b: open says me\n|-singleturn|p2b: open says me|Protect\n|move|p2a: Turtle|Headlong Rush|p1a: Iron Valiant\n|-activate|p1a: Iron Valiant|move: Protect\n|move|p1b: Vaporeon|Ice Beam|p2a: Turtle\n|-supereffective|p2a: Turtle\n|-damage|p2a: Turtle|0 fnt\n|faint|p2a: Turtle\n|\n|upkeep\n|\n|t:|1697299862\n|switch|p2a: Papa Bear|Ursaluna, M, shiny|35\/100 brn\n|turn|12\n|\n|t:|1697299882\n|move|p2b: open says me|Protect|p2b: open says me\n|-singleturn|p2b: open says me|Protect\n|move|p1a: Iron Valiant|Brick Break|p2a: Papa Bear\n|-supereffective|p2a: Papa Bear\n|-damage|p2a: Papa Bear|0 fnt\n|faint|p2a: Papa Bear\n|move|p1b: Vaporeon|Scald|p2b: open says me\n|-activate|p2b: open says me|move: Protect\n|\n|upkeep\n|turn|13\n|\n|t:|1697299894\n|move|p1a: Iron Valiant|Brick Break|p2b: open says me\n|-supereffective|p2b: open says me\n|-damage|p2b: open says me|0 fnt\n|faint|p2b: open says me\n|\n|win|imjustthatawsom\n","uploadtime":1697299907,"views":26,"p1id":"imjustthatawsom","p2id":"usagitheweeb","formatid":"gen9nationaldexdoubles","rating":0,"private":0,"password":""}