{"id":"gen9nationaldexdoubles-1976304485","p1":"R.para ti","p2":"LDP333","format":"[Gen 9] National Dex Doubles","log":"|j|\u2606R.para ti\n|j|\u2606LDP333\n|t:|1698284410\n|gametype|doubles\n|player|p1|R.para ti|266|1360\n|player|p2|LDP333|riley|1601\n|teamsize|p1|6\n|teamsize|p2|6\n|gen|9\n|tier|[Gen 9] National Dex Doubles\n|rated|\n|rule|HP Percentage Mod: HP is shown in percentages\n|rule|Endless Battle Clause: Forcing endless battles is banned\n|rule|OHKO Clause: OHKO moves are banned\n|rule|Evasion Moves Clause: Evasion moves are banned\n|rule|Evasion Abilities Clause: Evasion abilities are banned\n|rule|Species Clause: Limit one of each Pok\u00e9mon\n|rule|Gravity Sleep Clause: The combination of sleep-inducing moves with imperfect accuracy and Gravity or Gigantamax Orbeetle are banned\n|clearpoke\n|poke|p1|Meowstic, M|\n|poke|p1|Armarouge, F|\n|poke|p1|Alakazam, F|\n|poke|p1|Chi-Yu|\n|poke|p1|Flutter Mane|\n|poke|p1|Gothitelle, F|\n|poke|p2|Kommo-o, M|\n|poke|p2|Iron Bundle|\n|poke|p2|Manectric, F|\n|poke|p2|Flutter Mane|\n|poke|p2|Incineroar, M|\n|poke|p2|Rillaboom, F|\n|teampreview\n|\n|t:|1698284431\n|start\n|switch|p1a: Meowstic|Meowstic, M|100\/100\n|switch|p1b: Armarouge|Armarouge, F|100\/100\n|switch|p2a: NO.1|Incineroar, M|100\/100\n|switch|p2b: EleDog|Manectric, F|100\/100\n|-ability|p2a: NO.1|Intimidate|boost\n|-unboost|p1a: Meowstic|atk|1\n|-unboost|p1b: Armarouge|atk|1\n|turn|1\n|\n|t:|1698284464\n|detailschange|p2b: EleDog|Manectric-Mega, F\n|-mega|p2b: EleDog|Manectric|Manectite\n|-ability|p2b: EleDog|Intimidate|boost\n|-unboost|p1a: Meowstic|atk|1\n|-unboost|p1b: Armarouge|atk|1\n|-terastallize|p1b: Armarouge|Dark\n|move|p2b: EleDog|Volt Switch|p1b: Armarouge\n|-damage|p1b: Armarouge|71\/100\n|\n|t:|1698284477\n|switch|p2b: Komm-susser-Tod|Kommo-o, M, shiny|100\/100|[from] Volt Switch\n|move|p1a: Meowstic|Power-Up Punch|p1b: Armarouge\n|-supereffective|p1b: Armarouge\n|-damage|p1b: Armarouge|67\/100\n|-boost|p1a: Meowstic|atk|1\n|-ability|p1b: Armarouge|Weak Armor|boost\n|-unboost|p1b: Armarouge|def|1\n|-boost|p1b: Armarouge|spe|2\n|-enditem|p1b: Armarouge|Weakness Policy\n|-boost|p1b: Armarouge|atk|2|[from] item: Weakness Policy\n|-boost|p1b: Armarouge|spa|2|[from] item: Weakness Policy\n|move|p1b: Armarouge|Calm Mind|p1b: Armarouge\n|-boost|p1b: Armarouge|spa|1\n|-boost|p1b: Armarouge|spd|1\n|move|p2a: NO.1|Knock Off|p1b: Armarouge\n|-resisted|p1b: Armarouge\n|-crit|p1b: Armarouge\n|-damage|p1b: Armarouge|42\/100\n|-ability|p1b: Armarouge|Weak Armor|boost\n|-unboost|p1b: Armarouge|def|1\n|-boost|p1b: Armarouge|spe|2\n|\n|upkeep\n|turn|2\n|\n|t:|1698284509\n|move|p2b: Komm-susser-Tod|Protect|p2b: Komm-susser-Tod\n|-singleturn|p2b: Komm-susser-Tod|Protect\n|move|p1a: Meowstic|Psychic Terrain|p1a: Meowstic\n|-fieldstart|move: Psychic Terrain\n|move|p1b: Armarouge|Expanding Force|p2a: NO.1|[spread] \n|-activate|p2b: Komm-susser-Tod|move: Protect\n|-immune|p2a: NO.1\n|move|p2a: NO.1|Parting Shot|p1b: Armarouge\n|-unboost|p1b: Armarouge|atk|1\n|-unboost|p1b: Armarouge|spa|1\n|\n|t:|1698284515\n|switch|p2a: Yuanshen|Rillaboom, F|100\/100|[from] Parting Shot\n|-fieldstart|move: Grassy Terrain|[from] ability: Grassy Surge|[of] p2a: Yuanshen\n|\n|-heal|p1b: Armarouge|48\/100|[from] Grassy Terrain\n|upkeep\n|turn|3\n|\n|t:|1698284531\n|move|p1a: Meowstic|Psychic Terrain|p1a: Meowstic\n|-fieldstart|move: Psychic Terrain\n|move|p1b: Armarouge|Expanding Force|p2a: Yuanshen|[spread] p2a,p2b\n|-supereffective|p2b: Komm-susser-Tod\n|-damage|p2a: Yuanshen|0 fnt\n|-damage|p2b: Komm-susser-Tod|0 fnt\n|faint|p2a: Yuanshen\n|faint|p2b: Komm-susser-Tod\n|\n|upkeep\n|\n|t:|1698284556\n|switch|p2b: tie fei wu|Iron Bundle|100\/100\n|switch|p2a: EleDog|Manectric-Mega, F|100\/100\n|-ability|p2a: EleDog|Intimidate|boost\n|-unboost|p1a: Meowstic|atk|1\n|-unboost|p1b: Armarouge|atk|1\n|-enditem|p2b: tie fei wu|Booster Energy\n|-activate|p2b: tie fei wu|ability: Quark Drive|[fromitem]\n|-start|p2b: tie fei wu|quarkdrivespe\n|turn|4\n|\n|t:|1698284574\n|switch|p2a: NO.1|Incineroar, M|100\/100\n|-ability|p2a: NO.1|Intimidate|boost\n|-unboost|p1a: Meowstic|atk|1\n|-unboost|p1b: Armarouge|atk|1\n|move|p1a: Meowstic|Sunny Day|p1a: Meowstic\n|-weather|SunnyDay\n|move|p1b: Armarouge|Expanding Force|p2a: NO.1|[spread] p2b\n|-immune|p2a: NO.1\n|-damage|p2b: tie fei wu|0 fnt\n|faint|p2b: tie fei wu\n|-end|p2b: tie fei wu|Quark Drive|[silent]\n|\n|-weather|SunnyDay|[upkeep]\n|upkeep\n|\n|t:|1698284585\n|switch|p2b: EleDog|Manectric-Mega, F|100\/100\n|-ability|p2b: EleDog|Intimidate|boost\n|-unboost|p1a: Meowstic|atk|1\n|-unboost|p1b: Armarouge|atk|1\n|turn|5\n|\n|t:|1698284608\n|move|p2b: EleDog|Protect|p2b: EleDog\n|-singleturn|p2b: EleDog|Protect\n|move|p1a: Meowstic|Ally Switch|p1a: Meowstic\n|swap|p1a: Meowstic|1|[from] move: Ally Switch\n|move|p1a: Armarouge|Expanding Force|p2a: NO.1|[spread] \n|-activate|p2b: EleDog|move: Protect\n|-immune|p2a: NO.1\n|move|p2a: NO.1|Flare Blitz|p1b: Meowstic\n|-crit|p1b: Meowstic\n|-damage|p1b: Meowstic|6\/100\n|-damage|p2a: NO.1|72\/100|[from] Recoil\n|\n|-weather|SunnyDay|[upkeep]\n|-heal|p1b: Meowstic|12\/100|[from] item: Leftovers\n|upkeep\n|turn|6\n|\n|t:|1698284622\n|switch|p1b: Chi-Yu|Chi-Yu|100\/100\n|-ability|p1b: Chi-Yu|Beads of Ruin\n|move|p2b: EleDog|Protect||[still]\n|-fail|p2b: EleDog\n|move|p1a: Armarouge|Aura Sphere|p2a: NO.1\n|-supereffective|p2a: NO.1\n|-damage|p2a: NO.1|0 fnt\n|faint|p2a: NO.1\n|\n|-weather|SunnyDay|[upkeep]\n|upkeep\n|\n|t:|1698284629\n|switch|p2a: Flutter Mane|Flutter Mane|100\/100\n|-activate|p2a: Flutter Mane|ability: Protosynthesis\n|-start|p2a: Flutter Mane|protosynthesisspa\n|turn|7\n|\n|t:|1698284639\n|move|p1a: Armarouge|Expanding Force|p2a: Flutter Mane|[spread] p2a,p2b\n|-damage|p2a: Flutter Mane|0 fnt\n|-damage|p2b: EleDog|0 fnt\n|faint|p2a: Flutter Mane\n|-end|p2a: Flutter Mane|Protosynthesis|[silent]\n|faint|p2b: EleDog\n|\n|win|R.para ti\n|raw|R.para ti's rating: 1360 &rarr; <strong>1392<\/strong><br \/>(+32 for winning)\n|raw|LDP333's rating: 1601 &rarr; <strong>1569<\/strong><br \/>(-32 for losing)\n|l|\u2606LDP333\n","uploadtime":1698284665,"views":10,"p1id":"rparati","p2id":"ldp333","formatid":"gen9nationaldexdoubles","rating":1392,"private":0,"password":""}