{"id":"gen9nationaldexdoubles-1981269236","p1":"HaltingSphinx16","p2":"Carina17","format":"[Gen 9] National Dex Doubles","log":"|j|\u2606HaltingSphinx16\n|j|\u2606Carina17\n|t:|1698878183\n|gametype|doubles\n|player|p1|HaltingSphinx16|dawn|1035\n|player|p2|Carina17|cynthia|1009\n|teamsize|p1|6\n|teamsize|p2|4\n|gen|9\n|tier|[Gen 9] National Dex Doubles\n|rated|\n|rule|HP Percentage Mod: HP is shown in percentages\n|rule|Endless Battle Clause: Forcing endless battles is banned\n|rule|OHKO Clause: OHKO moves are banned\n|rule|Evasion Moves Clause: Evasion moves are banned\n|rule|Evasion Abilities Clause: Evasion abilities are banned\n|rule|Species Clause: Limit one of each Pok\u00e9mon\n|rule|Gravity Sleep Clause: The combination of sleep-inducing moves with imperfect accuracy and Gravity or Gigantamax Orbeetle are banned\n|clearpoke\n|poke|p1|Lopunny, F|\n|poke|p1|Garchomp, F|\n|poke|p1|Aegislash, F|\n|poke|p1|Rotom-Wash|\n|poke|p1|Tornadus, M|\n|poke|p1|Pachirisu, F|\n|poke|p2|Empoleon, M|\n|poke|p2|Volbeat, M|\n|poke|p2|Azelf|\n|poke|p2|Sylveon, F|\n|teampreview\n|inactive|Battle timer is ON: inactive players will automatically lose when time's up. (requested by Carina17)\n|\n|t:|1698878193\n|start\n|switch|p1a: Tornadus|Tornadus, M|100\/100\n|switch|p1b: Garchomp|Garchomp, F|100\/100\n|switch|p2a: Volbeat|Volbeat, M, shiny|100\/100\n|switch|p2b: Sylveon|Sylveon, F, shiny|100\/100\n|turn|1\n|\n|t:|1698878209\n|move|p1a: Tornadus|Tailwind|p1a: Tornadus\n|-sidestart|p1: HaltingSphinx16|move: Tailwind\n|move|p2a: Volbeat|Tail Glow|p2a: Volbeat\n|-boost|p2a: Volbeat|spa|3\n|move|p1b: Garchomp|Stealth Rock|p2a: Volbeat\n|-sidestart|p2: Carina17|move: Stealth Rock\n|move|p2b: Sylveon|Hyper Voice|p1a: Tornadus|[spread] p1a,p1b\n|-supereffective|p1b: Garchomp\n|-damage|p1a: Tornadus|52\/100\n|-damage|p1b: Garchomp|32\/100\n|\n|upkeep\n|turn|2\n|\n|t:|1698878226\n|move|p1a: Tornadus|Protect|p1a: Tornadus\n|-singleturn|p1a: Tornadus|Protect\n|move|p2a: Volbeat|Tailwind|p2a: Volbeat\n|-sidestart|p2: Carina17|move: Tailwind\n|-zpower|p1b: Garchomp\n|move|p1b: Garchomp|Devastating Drake|p2a: Volbeat|[zeffect]\n|-enditem|p2a: Volbeat|Focus Sash\n|-damage|p2a: Volbeat|1\/100\n|move|p2b: Sylveon|Hyper Voice|p1a: Tornadus|[spread] p1b\n|-activate|p1a: Tornadus|move: Protect\n|-supereffective|p1b: Garchomp\n|-damage|p1b: Garchomp|0 fnt\n|faint|p1b: Garchomp\n|\n|upkeep\n|\n|t:|1698878241\n|switch|p1b: Aegislash|Aegislash, F|100\/100\n|turn|3\n|\n|t:|1698878257\n|switch|p1a: Rotom|Rotom-Wash|100\/100\n|-terastallize|p2b: Sylveon|Fire\n|move|p2a: Volbeat|Baton Pass|p2a: Volbeat\n|\n|t:|1698878265\n|switch|p2a: Empoleon|Empoleon, M|100\/100|[from] Baton Pass\n|-damage|p2a: Empoleon|94\/100|[from] Stealth Rock\n|move|p2b: Sylveon|Mystical Fire|p1b: Aegislash\n|-supereffective|p1b: Aegislash\n|-damage|p1b: Aegislash|58\/100\n|-unboost|p1b: Aegislash|spa|1\n|-formechange|p1b: Aegislash|Aegislash-Blade||[from] ability: Stance Change\n|move|p1b: Aegislash|Flash Cannon|p2b: Sylveon\n|-resisted|p2b: Sylveon\n|-damage|p2b: Sylveon|89\/100\n|\n|-heal|p1b: Aegislash|64\/100|[from] item: Leftovers\n|upkeep\n|turn|4\n|\n|t:|1698878287\n|-formechange|p1b: Aegislash|Aegislash||[from] ability: Stance Change\n|move|p1b: Aegislash|King's Shield|p1b: Aegislash\n|-singleturn|p1b: Aegislash|Protect\n|move|p2b: Sylveon|Mystical Fire|p1b: Aegislash\n|-activate|p1b: Aegislash|move: Protect\n|move|p1a: Rotom|Hydro Pump|p2b: Sylveon\n|-supereffective|p2b: Sylveon\n|-damage|p2b: Sylveon|27\/100\n|-zpower|p2a: Empoleon\n|move|p2a: Empoleon|Hydro Vortex|p1a: Rotom|[zeffect]\n|-resisted|p1a: Rotom\n|-damage|p1a: Rotom|0 fnt\n|faint|p1a: Rotom\n|\n|-heal|p1b: Aegislash|70\/100|[from] item: Leftovers\n|-sideend|p1: HaltingSphinx16|move: Tailwind\n|upkeep\n|inactive|HaltingSphinx16 has 120 seconds left.\n|\n|t:|1698878312\n|switch|p1a: Tornadus|Tornadus, M|52\/100\n|turn|5\n|\n|t:|1698878322\n|move|p1a: Tornadus|Protect|p1a: Tornadus\n|-singleturn|p1a: Tornadus|Protect\n|move|p2b: Sylveon|Mystical Fire|p1b: Aegislash\n|-supereffective|p1b: Aegislash\n|-damage|p1b: Aegislash|27\/100\n|-unboost|p1b: Aegislash|spa|1\n|move|p2a: Empoleon|Ice Beam|p1a: Tornadus\n|-activate|p1a: Tornadus|move: Protect\n|-formechange|p1b: Aegislash|Aegislash-Blade||[from] ability: Stance Change\n|move|p1b: Aegislash|Shadow Ball|p2b: Sylveon\n|-damage|p2b: Sylveon|9\/100\n|\n|-heal|p1b: Aegislash|33\/100|[from] item: Leftovers\n|-sideend|p2: Carina17|move: Tailwind\n|upkeep\n|turn|6\n|inactive|Carina17 has 120 seconds left.\n|\n|t:|1698878357\n|-terastallize|p1a: Tornadus|Ghost\n|-formechange|p1b: Aegislash|Aegislash||[from] ability: Stance Change\n|move|p1b: Aegislash|King's Shield|p1b: Aegislash\n|-singleturn|p1b: Aegislash|Protect\n|move|p1a: Tornadus|Tailwind|p1a: Tornadus\n|-sidestart|p1: HaltingSphinx16|move: Tailwind\n|move|p2b: Sylveon|Mystical Fire|p1b: Aegislash\n|-activate|p1b: Aegislash|move: Protect\n|move|p2a: Empoleon|Ice Beam|p1a: Tornadus\n|-damage|p1a: Tornadus|0 fnt\n|faint|p1a: Tornadus\n|\n|-heal|p1b: Aegislash|39\/100|[from] item: Leftovers\n|upkeep\n|inactive|HaltingSphinx16 has 120 seconds left.\n|\n|t:|1698878372\n|switch|p1a: Lopunny|Lopunny, F, shiny|100\/100\n|turn|7\n|\n|t:|1698878391\n|switch|p1b: Pachirisu|Pachirisu, F, shiny|100\/100\n|detailschange|p1a: Lopunny|Lopunny-Mega, F, shiny\n|-mega|p1a: Lopunny|Lopunny|Lopunnite\n|move|p1a: Lopunny|Fake Out|p2b: Sylveon\n|-damage|p2b: Sylveon|0 fnt\n|faint|p2b: Sylveon\n|move|p2a: Empoleon|Hydro Pump|p1a: Lopunny\n|-crit|p1a: Lopunny\n|-damage|p1a: Lopunny|0 fnt\n|faint|p1a: Lopunny\n|\n|upkeep\n|\n|t:|1698878408\n|switch|p1a: Aegislash|Aegislash, F|39\/100\n|switch|p2b: Azelf|Azelf, shiny|100\/100\n|-damage|p2b: Azelf|88\/100|[from] Stealth Rock\n|turn|8\n|\n|t:|1698878426\n|move|p2b: Azelf|Protect|p2b: Azelf\n|-singleturn|p2b: Azelf|Protect\n|move|p1b: Pachirisu|Follow Me|p1b: Pachirisu\n|-singleturn|p1b: Pachirisu|move: Follow Me\n|-formechange|p1a: Aegislash|Aegislash-Blade||[from] ability: Stance Change\n|move|p1a: Aegislash|Shadow Ball|p2b: Azelf\n|-activate|p2b: Azelf|move: Protect\n|move|p2a: Empoleon|Hydro Pump|p1b: Pachirisu\n|-enditem|p1b: Pachirisu|Focus Sash\n|-damage|p1b: Pachirisu|1\/100\n|\n|-heal|p2b: Azelf|94\/100|[from] item: Leftovers\n|-heal|p1a: Aegislash|46\/100|[from] item: Leftovers\n|upkeep\n|turn|9\n|\n|t:|1698878447\n|move|p1b: Pachirisu|Follow Me|p1b: Pachirisu\n|-singleturn|p1b: Pachirisu|move: Follow Me\n|move|p2b: Azelf|Ally Switch||[still]\n|-fail|p2b: Azelf\n|move|p1a: Aegislash|Shadow Ball|p2b: Azelf\n|-supereffective|p2b: Azelf\n|-damage|p2b: Azelf|0 fnt\n|faint|p2b: Azelf\n|move|p2a: Empoleon|Hydro Pump|p1b: Pachirisu\n|-damage|p1b: Pachirisu|0 fnt\n|faint|p1b: Pachirisu\n|\n|-heal|p1a: Aegislash|52\/100|[from] item: Leftovers\n|-sideend|p1: HaltingSphinx16|move: Tailwind\n|upkeep\n|inactive|Carina17 has 120 seconds left.\n|\n|t:|1698878463\n|switch|p2b: Volbeat|Volbeat, M, shiny|1\/100\n|-damage|p2b: Volbeat|0 fnt|[from] Stealth Rock\n|faint|p2b: Volbeat\n|turn|10\n|inactive|Carina17 has 120 seconds left.\n|\n|t:|1698878492\n|-formechange|p1a: Aegislash|Aegislash||[from] ability: Stance Change\n|move|p1a: Aegislash|King's Shield|p1a: Aegislash\n|-singleturn|p1a: Aegislash|Protect\n|move|p2a: Empoleon|Hydro Pump|p1a: Aegislash\n|-activate|p1a: Aegislash|move: Protect\n|\n|-heal|p1a: Aegislash|58\/100|[from] item: Leftovers\n|upkeep\n|turn|11\n|\n|t:|1698878506\n|move|p2a: Empoleon|Hydro Pump|p1a: Aegislash\n|-damage|p1a: Aegislash|0 fnt\n|faint|p1a: Aegislash\n|\n|win|Carina17\n|raw|HaltingSphinx16's rating: 1035 &rarr; <strong>1019<\/strong><br \/>(-16 for losing)\n|raw|Carina17's rating: 1009 &rarr; <strong>1051<\/strong><br \/>(+42 for winning)\n","uploadtime":1698878533,"views":7,"p1id":"haltingsphinx16","p2id":"carina17","formatid":"gen9nationaldexdoubles","rating":1019,"private":0,"password":""}