{"id":"gen9nationaldexdoubles-1978516005","p1":"WillowBi","p2":"Alonso26ca","format":"[Gen 9] National Dex Doubles","log":"|j|\u2606WillowBi\n|j|\u2606Alonso26ca\n|t:|1698549249\n|gametype|doubles\n|player|p1|WillowBi|lady|\n|player|p2|Alonso26ca|n|\n|teamsize|p1|6\n|teamsize|p2|6\n|gen|9\n|tier|[Gen 9] National Dex Doubles\n|rule|HP Percentage Mod: HP is shown in percentages\n|rule|Endless Battle Clause: Forcing endless battles is banned\n|rule|OHKO Clause: OHKO moves are banned\n|rule|Evasion Moves Clause: Evasion moves are banned\n|rule|Evasion Abilities Clause: Evasion abilities are banned\n|rule|Species Clause: Limit one of each Pok\u00e9mon\n|rule|Gravity Sleep Clause: The combination of sleep-inducing moves with imperfect accuracy and Gravity or Gigantamax Orbeetle are banned\n|clearpoke\n|poke|p1|Totodile, F|\n|poke|p1|Scorbunny, F|\n|poke|p1|Riolu, F|\n|poke|p1|Grookey, F|\n|poke|p1|Larvitar, F|\n|poke|p1|Fuecoco, M|\n|poke|p2|Bulbasaur, F|\n|poke|p2|Scorbunny, M|\n|poke|p2|Litten, F|\n|poke|p2|Froakie, M|\n|poke|p2|Riolu, F|\n|poke|p2|Snivy, M|\n|teampreview\n|\n|t:|1698549309\n|start\n|switch|p1a: Totodile|Totodile, F|100\/100\n|switch|p1b: Scorbunny|Scorbunny, F|100\/100\n|switch|p2a: Riolu|Riolu, F|100\/100\n|switch|p2b: Litten|Litten, F|100\/100\n|-ability|p2b: Litten|Intimidate|boost\n|-unboost|p1a: Totodile|atk|1\n|-unboost|p1b: Scorbunny|atk|1\n|turn|1\n|\n|t:|1698549382\n|-terastallize|p2a: Riolu|Fighting\n|move|p2b: Litten|Fake Out|p1b: Scorbunny\n|-damage|p1b: Scorbunny|80\/100\n|move|p1a: Totodile|Aqua Jet|p2b: Litten\n|-supereffective|p2b: Litten\n|-damage|p2b: Litten|59\/100\n|cant|p1b: Scorbunny|flinch\n|move|p2a: Riolu|Close Combat|p1b: Scorbunny\n|-crit|p1b: Scorbunny\n|-damage|p1b: Scorbunny|0 fnt\n|-unboost|p2a: Riolu|def|1\n|-unboost|p2a: Riolu|spd|1\n|faint|p1b: Scorbunny\n|-damage|p2a: Riolu|91\/100|[from] item: Life Orb\n|\n|upkeep\n|\n|t:|1698549407\n|switch|p1b: Riolu|Riolu, F|100\/100\n|turn|2\n|\n|t:|1698549455\n|-terastallize|p1b: Riolu|Psychic\n|move|p2a: Riolu|Protect|p2a: Riolu\n|-singleturn|p2a: Riolu|Protect\n|move|p1b: Riolu|Drain Punch|p2a: Riolu\n|-activate|p2a: Riolu|move: Protect\n|move|p2b: Litten|Parting Shot|p1b: Riolu\n|-unboost|p1b: Riolu|atk|1\n|-unboost|p1b: Riolu|spa|1\n|\n|t:|1698549499\n|switch|p2b: Froakie|Froakie, M|100\/100|[from] Parting Shot\n|move|p1a: Totodile|Waterfall|p2b: Froakie\n|-resisted|p2b: Froakie\n|-damage|p2b: Froakie|67\/100\n|\n|upkeep\n|turn|3\n|\n|t:|1698549575\n|move|p2b: Froakie|U-turn|p1b: Riolu\n|-start|p2b: Froakie|typechange|Bug|[from] ability: Protean\n|-supereffective|p1b: Riolu\n|-enditem|p1b: Riolu|Focus Sash\n|-damage|p1b: Riolu|1\/100\n|\n|t:|1698549584\n|switch|p2b: Snivy|Snivy, M|100\/100|[from] U-turn\n|move|p1b: Riolu|Close Combat|p2b: Snivy\n|-damage|p2b: Snivy|34\/100\n|-unboost|p1b: Riolu|def|1\n|-unboost|p1b: Riolu|spd|1\n|move|p2a: Riolu|Swords Dance|p2a: Riolu\n|-boost|p2a: Riolu|atk|2\n|move|p1a: Totodile|Dragon Claw|p2a: Riolu\n|-damage|p2a: Riolu|35\/100\n|\n|-heal|p2b: Snivy|40\/100|[from] item: Leftovers\n|upkeep\n|turn|4\n|\n|t:|1698549608\n|move|p1b: Riolu|Protect|p1b: Riolu\n|-singleturn|p1b: Riolu|Protect\n|move|p2b: Snivy|Substitute|p2b: Snivy\n|-start|p2b: Snivy|Substitute\n|-damage|p2b: Snivy|16\/100\n|move|p2a: Riolu|Earthquake|p1b: Riolu|[spread] p2b,p1a\n|-activate|p1b: Riolu|move: Protect\n|-resisted|p2b: Snivy\n|-end|p2b: Snivy|Substitute\n|-damage|p1a: Totodile|48\/100\n|-damage|p2a: Riolu|25\/100|[from] item: Life Orb\n|move|p1a: Totodile|Dragon Claw|p2a: Riolu\n|-damage|p2a: Riolu|0 fnt\n|faint|p2a: Riolu\n|\n|-heal|p2b: Snivy|22\/100|[from] item: Leftovers\n|upkeep\n|\n|t:|1698549621\n|switch|p2a: Litten|Litten, F|59\/100\n|-ability|p2a: Litten|Intimidate|boost\n|-unboost|p1a: Totodile|atk|1\n|-fail|p1b: Riolu|unboost|Attack|[from] ability: Inner Focus|[of] p1b: Riolu\n|turn|5\n|\n|t:|1698549659\n|move|p2a: Litten|Fake Out|p1b: Riolu\n|-damage|p1b: Riolu|0 fnt\n|faint|p1b: Riolu\n|move|p1a: Totodile|Aqua Jet|p2a: Litten\n|-supereffective|p2a: Litten\n|-crit|p2a: Litten\n|-damage|p2a: Litten|0 fnt\n|faint|p2a: Litten\n|move|p2b: Snivy|Leaf Storm|p1a: Totodile\n|-supereffective|p1a: Totodile\n|-damage|p1a: Totodile|0 fnt\n|-boost|p2b: Snivy|spa|2\n|faint|p1a: Totodile\n|\n|-heal|p2b: Snivy|28\/100|[from] item: Leftovers\n|upkeep\n|\n|t:|1698549678\n|switch|p1b: Fuecoco|Fuecoco, M|100\/100\n|switch|p2a: Froakie|Froakie, M|67\/100\n|switch|p1a: Larvitar|Larvitar, F|100\/100\n|turn|6\n|\n|t:|1698549702\n|move|p1b: Fuecoco|Protect|p1b: Fuecoco\n|-singleturn|p1b: Fuecoco|Protect\n|move|p2a: Froakie|Ice Beam|p1a: Larvitar\n|-start|p2a: Froakie|typechange|Ice|[from] ability: Protean\n|-supereffective|p1a: Larvitar\n|-damage|p1a: Larvitar|31\/100\n|move|p2b: Snivy|Hidden Power|p1b: Fuecoco\n|-activate|p1b: Fuecoco|move: Protect\n|move|p1a: Larvitar|Dragon Dance|p1a: Larvitar\n|-boost|p1a: Larvitar|atk|1\n|-boost|p1a: Larvitar|spe|1\n|\n|-heal|p2b: Snivy|34\/100|[from] item: Leftovers\n|-status|p1a: Larvitar|brn|[from] item: Flame Orb\n|upkeep\n|turn|7\n|\n|t:|1698549775\n|switch|p1b: Grookey|Grookey, F|100\/100\n|-fieldstart|move: Grassy Terrain|[from] ability: Grassy Surge|[of] p1b: Grookey\n|move|p2a: Froakie|Ice Beam|p1a: Larvitar\n|-supereffective|p1a: Larvitar\n|-damage|p1a: Larvitar|0 fnt\n|faint|p1a: Larvitar\n|move|p2b: Snivy|Hidden Power|p1b: Grookey\n|-resisted|p1b: Grookey\n|-damage|p1b: Grookey|81\/100\n|\n|-heal|p2a: Froakie|73\/100|[from] Grassy Terrain\n|-heal|p2b: Snivy|40\/100|[from] Grassy Terrain\n|-heal|p2b: Snivy|46\/100|[from] item: Leftovers\n|-heal|p1b: Grookey|88\/100|[from] Grassy Terrain\n|-heal|p1b: Grookey|94\/100|[from] item: Leftovers\n|upkeep\n|\n|t:|1698549792\n|switch|p1a: Fuecoco|Fuecoco, M|100\/100\n|turn|8\n|\n|t:|1698549802\n|move|p2a: Froakie|Ice Beam|p1b: Grookey\n|-supereffective|p1b: Grookey\n|-damage|p1b: Grookey|1\/100\n|move|p2b: Snivy|Hidden Power|p1a: Fuecoco\n|-supereffective|p1a: Fuecoco\n|-damage|p1a: Fuecoco|69\/100\n|move|p1b: Grookey|Drain Punch|p2a: Froakie\n|-supereffective|p2a: Froakie\n|-damage|p2a: Froakie|0 fnt\n|-heal|p1b: Grookey|28\/100|[from] drain|[of] p2a: Froakie\n|faint|p2a: Froakie\n|move|p1a: Fuecoco|Flamethrower|p2b: Snivy\n|-supereffective|p2b: Snivy\n|-damage|p2b: Snivy|0 fnt\n|faint|p2b: Snivy\n|\n|-heal|p1b: Grookey|35\/100|[from] Grassy Terrain\n|-heal|p1b: Grookey|41\/100|[from] item: Leftovers\n|-heal|p1a: Fuecoco|75\/100|[from] Grassy Terrain\n|upkeep\n|\n|t:|1698549813\n|switch|p2a: Scorbunny|Scorbunny, M|100\/100\n|switch|p2b: Bulbasaur|Bulbasaur, F|100\/100\n|turn|9\n|\n|t:|1698549834\n|-zpower|p2a: Scorbunny\n|move|p2a: Scorbunny|Breakneck Blitz|p1a: Fuecoco|[zeffect]\n|-start|p2a: Scorbunny|typechange|Normal|[from] ability: Libero\n|-damage|p1a: Fuecoco|0 fnt\n|faint|p1a: Fuecoco\n|move|p1b: Grookey|Drain Punch|p2a: Scorbunny\n|-supereffective|p2a: Scorbunny\n|-damage|p2a: Scorbunny|25\/100\n|-heal|p1b: Grookey|72\/100|[from] drain|[of] p2a: Scorbunny\n|move|p2b: Bulbasaur|Giga Drain|p1b: Grookey\n|-resisted|p1b: Grookey\n|-damage|p1b: Grookey|50\/100\n|\n|-heal|p2a: Scorbunny|31\/100|[from] Grassy Terrain\n|-heal|p1b: Grookey|56\/100|[from] Grassy Terrain\n|-heal|p1b: Grookey|62\/100|[from] item: Leftovers\n|upkeep\n|turn|10\n|\n|t:|1698549851\n|move|p2a: Scorbunny|Bounce||[still]\n|-prepare|p2a: Scorbunny|Bounce\n|move|p1b: Grookey|Drain Punch|p2a: Scorbunny|[miss]\n|-miss|p1b: Grookey|p2a: Scorbunny\n|move|p2b: Bulbasaur|Giga Drain|p1b: Grookey\n|-resisted|p1b: Grookey\n|-damage|p1b: Grookey|37\/100\n|\n|-heal|p1b: Grookey|44\/100|[from] Grassy Terrain\n|-heal|p1b: Grookey|50\/100|[from] item: Leftovers\n|upkeep\n|turn|11\n|\n|t:|1698549860\n|move|p1b: Grookey|Protect|p1b: Grookey\n|-singleturn|p1b: Grookey|Protect\n|move|p2a: Scorbunny|Bounce|p1b: Grookey|[from]lockedmove\n|-activate|p1b: Grookey|move: Protect\n|move|p2b: Bulbasaur|Giga Drain|p1b: Grookey\n|-activate|p1b: Grookey|move: Protect\n|\n|-heal|p2a: Scorbunny|37\/100|[from] Grassy Terrain\n|-heal|p1b: Grookey|56\/100|[from] Grassy Terrain\n|-heal|p1b: Grookey|62\/100|[from] item: Leftovers\n|-fieldend|move: Grassy Terrain\n|upkeep\n|turn|12\n|\n|t:|1698549874\n|move|p2a: Scorbunny|U-turn|p1b: Grookey\n|-supereffective|p1b: Grookey\n|-damage|p1b: Grookey|14\/100\n|move|p1b: Grookey|Drain Punch|p2b: Bulbasaur\n|-resisted|p2b: Bulbasaur\n|-damage|p2b: Bulbasaur|92\/100\n|-heal|p1b: Grookey|19\/100|[from] drain|[of] p2b: Bulbasaur\n|move|p2b: Bulbasaur|Giga Drain|p1b: Grookey\n|-resisted|p1b: Grookey\n|-damage|p1b: Grookey|2\/100\n|-heal|p2b: Bulbasaur|99\/100|[from] drain|[of] p1b: Grookey\n|\n|-heal|p1b: Grookey|8\/100|[from] item: Leftovers\n|-heal|p2b: Bulbasaur|100\/100|[from] item: Leftovers\n|upkeep\n|turn|13\n|\n|t:|1698549889\n|move|p2a: Scorbunny|U-turn|p1b: Grookey\n|-supereffective|p1b: Grookey\n|-damage|p1b: Grookey|0 fnt\n|faint|p1b: Grookey\n|\n|win|Alonso26ca\n|c|\u2606Alonso26ca|gg\n","uploadtime":1698549895,"views":9,"p1id":"willowbi","p2id":"alonso26ca","formatid":"gen9nationaldexdoubles","rating":0,"private":0,"password":""}