{"id":"gen9nationaldexdoubles-1949672650","p1":"Clownbot","p2":"svts","format":"[Gen 9] National Dex Doubles","log":"|j|\u2606Clownbot\n|j|\u2606svts\n|t:|1695390353\n|gametype|doubles\n|player|p1|Clownbot|brycenman|1000\n|player|p2|svts|backersf|1076\n|teamsize|p1|6\n|teamsize|p2|6\n|gen|9\n|tier|[Gen 9] National Dex Doubles\n|rated|\n|rule|HP Percentage Mod: HP is shown in percentages\n|rule|Endless Battle Clause: Forcing endless battles is banned\n|rule|OHKO Clause: OHKO moves are banned\n|rule|Evasion Moves Clause: Evasion moves are banned\n|rule|Evasion Abilities Clause: Evasion abilities are banned\n|rule|Species Clause: Limit one of each Pok\u00e9mon\n|rule|Gravity Sleep Clause: The combination of sleep-inducing moves with imperfect accuracy and Gravity or Gigantamax Orbeetle are banned\n|clearpoke\n|poke|p1|Rillaboom, F|\n|poke|p1|Chien-Pao|\n|poke|p1|Walking Wake|\n|poke|p1|Grimmsnarl, M|\n|poke|p1|Murkrow, M|\n|poke|p1|Ogerpon-Hearthflame, F|\n|poke|p2|Xurkitree|\n|poke|p2|Sceptile, M|\n|poke|p2|Pincurchin, M|\n|poke|p2|Boltund, M|\n|poke|p2|Ursaluna-Bloodmoon, M|\n|poke|p2|Rhyperior, F|\n|teampreview\n|inactive|Battle timer is ON: inactive players will automatically lose when time's up. (requested by Clownbot)\n|\n|t:|1695390363\n|start\n|switch|p1a: Ogerpon|Ogerpon-Hearthflame, F|100\/100\n|switch|p1b: Murkrow|Murkrow, M|100\/100\n|switch|p2a: Ursaluna|Ursaluna-Bloodmoon, M|100\/100\n|switch|p2b: Boltund|Boltund, M, shiny|100\/100\n|-ability|p1a: Ogerpon|Mold Breaker\n|turn|1\n|\n|t:|1695390385\n|-terastallize|p1a: Ogerpon|Fire\n|detailschange|p1a: Ogerpon|Ogerpon-Hearthflame-Tera, F, tera:Fire\n|-ability|p1a: Ogerpon|Embody Aspect (Hearthflame)|boost\n|-boost|p1a: Ogerpon|atk|1\n|move|p1b: Murkrow|Sunny Day|p1b: Murkrow\n|-weather|SunnyDay\n|move|p2b: Boltund|Electrify|p1a: Ogerpon\n|-singleturn|p1a: Ogerpon|move: Electrify\n|move|p1a: Ogerpon|Wood Hammer|p2a: Ursaluna\n|-immune|p2a: Ursaluna\n|move|p2a: Ursaluna|Blood Moon|p1a: Ogerpon\n|-damage|p1a: Ogerpon|12\/100\n|\n|-weather|SunnyDay|[upkeep]\n|upkeep\n|turn|2\n|c|\u2606Clownbot|????\n|c|\u2606svts|>:)\n|inactive|Clownbot has 120 seconds left.\n|c|\u2606svts|good morning\n|c|\u2606Clownbot|Good morning\n|\n|t:|1695390441\n|move|p1a: Ogerpon|Spiky Shield|p1a: Ogerpon\n|-singleturn|p1a: Ogerpon|move: Protect\n|move|p1b: Murkrow|Tailwind|p1b: Murkrow\n|-sidestart|p1: Clownbot|move: Tailwind\n|move|p2b: Boltund|Hyper Voice|p1a: Ogerpon|[spread] p1b\n|-activate|p1a: Ogerpon|move: Protect\n|-damage|p1b: Murkrow|88\/100\n|move|p2a: Ursaluna|Moonblast|p1b: Murkrow\n|-supereffective|p1b: Murkrow\n|-damage|p1b: Murkrow|31\/100\n|-unboost|p1b: Murkrow|spa|1\n|\n|-weather|SunnyDay|[upkeep]\n|upkeep\n|turn|3\n|c|\u2606svts|yeah thats electrify\n|\n|t:|1695390458\n|switch|p1a: Rillaboom|Rillaboom, F, shiny|100\/100\n|-fieldstart|move: Grassy Terrain|[from] ability: Grassy Surge|[of] p1a: Rillaboom\n|switch|p1b: Grimmsnarl|Grimmsnarl, M|100\/100\n|move|p2b: Boltund|Hyper Voice|p1a: Rillaboom|[spread] p1a,p1b\n|-crit|p1b: Grimmsnarl\n|-damage|p1a: Rillaboom|89\/100\n|-damage|p1b: Grimmsnarl|81\/100\n|move|p2a: Ursaluna|Moonblast|p1b: Grimmsnarl\n|-supereffective|p1b: Grimmsnarl\n|-damage|p1b: Grimmsnarl|30\/100\n|\n|-weather|SunnyDay|[upkeep]\n|-heal|p1a: Rillaboom|95\/100|[from] Grassy Terrain\n|-heal|p1b: Grimmsnarl|36\/100|[from] Grassy Terrain\n|upkeep\n|turn|4\n|inactive|Clownbot has 120 seconds left.\n|\n|t:|1695390477\n|move|p1b: Grimmsnarl|Fake Out|p2b: Boltund\n|-damage|p2b: Boltund|82\/100\n|move|p1a: Rillaboom|Grassy Glide|p2a: Ursaluna\n|-supereffective|p2a: Ursaluna\n|-damage|p2a: Ursaluna|49\/100\n|cant|p2b: Boltund|flinch\n|move|p2a: Ursaluna|Blood Moon|p1a: Rillaboom\n|-damage|p1a: Rillaboom|30\/100\n|\n|-weather|SunnyDay|[upkeep]\n|-heal|p1a: Rillaboom|36\/100|[from] Grassy Terrain\n|-heal|p2b: Boltund|89\/100|[from] Grassy Terrain\n|-heal|p2b: Boltund|95\/100|[from] item: Leftovers\n|-heal|p1b: Grimmsnarl|42\/100|[from] Grassy Terrain\n|-heal|p2a: Ursaluna|55\/100|[from] Grassy Terrain\n|-heal|p2a: Ursaluna|61\/100|[from] item: Leftovers\n|upkeep\n|turn|5\n|c|\u2606Clownbot|What\n|inactive|svts has 120 seconds left.\n|\n|t:|1695390509\n|-terastallize|p2a: Ursaluna|Fairy\n|move|p1a: Rillaboom|Grassy Glide|p2a: Ursaluna\n|-damage|p2a: Ursaluna|35\/100\n|move|p1b: Grimmsnarl|Reflect|p1b: Grimmsnarl\n|-sidestart|p1: Clownbot|Reflect\n|move|p2b: Boltund|Electrify||[still]\n|-fail|p2b: Boltund\n|move|p2a: Ursaluna|Moonblast|p1b: Grimmsnarl\n|-supereffective|p1b: Grimmsnarl\n|-damage|p1b: Grimmsnarl|0 fnt\n|faint|p1b: Grimmsnarl\n|\n|-weather|none\n|-heal|p1a: Rillaboom|42\/100|[from] Grassy Terrain\n|-heal|p2b: Boltund|100\/100|[from] Grassy Terrain\n|-heal|p2a: Ursaluna|41\/100|[from] Grassy Terrain\n|-heal|p2a: Ursaluna|47\/100|[from] item: Leftovers\n|-sideend|p1: Clownbot|move: Tailwind\n|upkeep\n|inactive|Clownbot has 120 seconds left.\n|c|\u2606svts|?\n|-message|Clownbot forfeited.\n|\n|win|svts\n|raw|Clownbot's rating: 1000 &rarr; <strong>1000<\/strong><br \/>(+0 for losing)\n|raw|svts's rating: 1076 &rarr; <strong>1098<\/strong><br \/>(+22 for winning)\n","uploadtime":1695390529,"views":7,"p1id":"clownbot","p2id":"svts","formatid":"gen9nationaldexdoubles","rating":1000,"private":0,"password":""}