{"id":"gen9nationaldexdoubles-1967995851","p1":"SgtSmilies","p2":"Play Tale of Wuxia","format":"[Gen 9] National Dex Doubles","log":"|j|\u2606SgtSmilies\n|j|\u2606Play Tale of Wuxia\n|t:|1697371534\n|gametype|doubles\n|player|p1|SgtSmilies|acetrainerf|\n|player|p2|Play Tale of Wuxia|gentleman|\n|teamsize|p1|6\n|teamsize|p2|6\n|gen|9\n|tier|[Gen 9] National Dex Doubles\n|rule|HP Percentage Mod: HP is shown in percentages\n|rule|Endless Battle Clause: Forcing endless battles is banned\n|rule|OHKO Clause: OHKO moves are banned\n|rule|Evasion Moves Clause: Evasion moves are banned\n|rule|Evasion Abilities Clause: Evasion abilities are banned\n|rule|Species Clause: Limit one of each Pok\u00e9mon\n|rule|Gravity Sleep Clause: The combination of sleep-inducing moves with imperfect accuracy and Gravity or Gigantamax Orbeetle are banned\n|clearpoke\n|poke|p1|Torkoal, F|\n|poke|p1|Lilligant, F|\n|poke|p1|Dragapult, F|\n|poke|p1|Chien-Pao|\n|poke|p1|Murkrow, F|\n|poke|p1|Thundurus, M|\n|poke|p2|Tornadus, M|\n|poke|p2|Iron Treads|\n|poke|p2|Dragonite, M|\n|poke|p2|Iron Valiant|\n|poke|p2|Iron Bundle|\n|poke|p2|Arcanine-Hisui, F|\n|teampreview\n|j| Datagne\n|\n|t:|1697371565\n|start\n|switch|p1a: Torkoal|Torkoal, F|100\/100\n|switch|p1b: Lilligant|Lilligant, F|100\/100\n|switch|p2a: Tornadus|Tornadus, M|100\/100\n|switch|p2b: Arcanine|Arcanine-Hisui, F|100\/100\n|-ability|p2b: Arcanine|Intimidate|boost\n|-unboost|p1a: Torkoal|atk|1\n|-unboost|p1b: Lilligant|atk|1\n|-weather|SunnyDay|[from] ability: Drought|[of] p1a: Torkoal\n|turn|1\n|\n|t:|1697371602\n|move|p2a: Tornadus|Tailwind|p2a: Tornadus\n|-sidestart|p2: Play Tale of Wuxia|move: Tailwind\n|move|p2b: Arcanine|Rock Slide|p1a: Torkoal|[spread] p1a,p1b\n|-supereffective|p1a: Torkoal\n|-damage|p1a: Torkoal|63\/100\n|-damage|p1b: Lilligant|61\/100\n|move|p1b: Lilligant|After You|p1a: Torkoal\n|-activate|p1a: Torkoal|move: After You\n|move|p1a: Torkoal|Earth Power|p2b: Arcanine\n|-supereffective|p2b: Arcanine\n|-damage|p2b: Arcanine|0 fnt\n|faint|p2b: Arcanine\n|\n|-weather|SunnyDay|[upkeep]\n|upkeep\n|\n|t:|1697371622\n|switch|p2b: Iron Treads|Iron Treads|100\/100\n|turn|2\n|\n|t:|1697371629\n|move|p2a: Tornadus|Taunt|p1b: Lilligant\n|-start|p1b: Lilligant|move: Taunt\n|cant|p1b: Lilligant|move: Taunt|After You\n|move|p2b: Iron Treads|Rock Slide|p1a: Torkoal|[spread] p1a,p1b\n|-supereffective|p1a: Torkoal\n|-damage|p1a: Torkoal|23\/100\n|-damage|p1b: Lilligant|23\/100\n|move|p1a: Torkoal|Eruption|p2b: Iron Treads|[spread] p2a,p2b\n|-supereffective|p2b: Iron Treads\n|-damage|p2a: Tornadus|75\/100\n|-damage|p2b: Iron Treads|43\/100\n|\n|-weather|SunnyDay|[upkeep]\n|upkeep\n|turn|3\n|\n|t:|1697371675\n|switch|p1b: Murkrow|Murkrow, F|100\/100\n|switch|p1a: Dragapult|Dragapult, F|100\/100\n|move|p2a: Tornadus|Heat Wave|p1b: Murkrow|[spread] p1a,p1b\n|-resisted|p1a: Dragapult\n|-crit|p1a: Dragapult\n|-damage|p1a: Dragapult|63\/100\n|-damage|p1b: Murkrow|53\/100\n|move|p2b: Iron Treads|Rock Slide|p1a: Dragapult|[spread] p1b\n|-miss|p2b: Iron Treads|p1a: Dragapult\n|-supereffective|p1b: Murkrow\n|-damage|p1b: Murkrow|8\/100\n|\n|-weather|SunnyDay|[upkeep]\n|upkeep\n|turn|4\n|\n|t:|1697371701\n|-terastallize|p2b: Iron Treads|Fairy\n|move|p1b: Murkrow|Tailwind|p1b: Murkrow\n|-sidestart|p1: SgtSmilies|move: Tailwind\n|move|p1a: Dragapult|Shadow Ball|p2b: Iron Treads\n|-damage|p2b: Iron Treads|0 fnt\n|faint|p2b: Iron Treads\n|-end|p2b: Iron Treads|Quark Drive|[silent]\n|move|p2a: Tornadus|Heat Wave|p1b: Murkrow|[spread] p1a,p1b\n|-resisted|p1a: Dragapult\n|-damage|p1a: Dragapult|38\/100\n|-damage|p1b: Murkrow|0 fnt\n|faint|p1b: Murkrow\n|\n|-weather|SunnyDay|[upkeep]\n|-sideend|p2: Play Tale of Wuxia|move: Tailwind\n|upkeep\n|\n|t:|1697371721\n|switch|p2b: Iron Valiant|Iron Valiant|100\/100\n|switch|p1b: Chien-Pao|Chien-Pao|100\/100\n|-ability|p1b: Chien-Pao|Sword of Ruin\n|turn|5\n|\n|t:|1697371732\n|move|p2b: Iron Valiant|Protect|p2b: Iron Valiant\n|-singleturn|p2b: Iron Valiant|Protect\n|move|p1b: Chien-Pao|Sucker Punch||[still]\n|-fail|p1b: Chien-Pao\n|move|p2a: Tornadus|Tailwind|p2a: Tornadus\n|-sidestart|p2: Play Tale of Wuxia|move: Tailwind\n|move|p1a: Dragapult|Shadow Ball|p2b: Iron Valiant\n|-activate|p2b: Iron Valiant|move: Protect\n|\n|-weather|none\n|upkeep\n|turn|6\n|\n|t:|1697371759\n|move|p1a: Dragapult|Shadow Ball|p2b: Iron Valiant\n|-damage|p2b: Iron Valiant|2\/100\n|move|p1b: Chien-Pao|Ice Spinner|p2b: Iron Valiant\n|-damage|p2b: Iron Valiant|0 fnt\n|faint|p2b: Iron Valiant\n|-end|p2b: Iron Valiant|Quark Drive|[silent]\n|move|p2a: Tornadus|Bleakwind Storm|p1a: Dragapult|[spread] \n|-miss|p2a: Tornadus|p1a: Dragapult\n|-miss|p2a: Tornadus|p1b: Chien-Pao\n|\n|upkeep\n|\n|t:|1697371769\n|switch|p2b: Iron Bundle|Iron Bundle|100\/100\n|-enditem|p2b: Iron Bundle|Booster Energy\n|-activate|p2b: Iron Bundle|ability: Quark Drive|[fromitem]\n|-start|p2b: Iron Bundle|quarkdrivespe\n|turn|7\n|\n|t:|1697371826\n|switch|p1a: Torkoal|Torkoal, F|23\/100\n|-weather|SunnyDay|[from] ability: Drought|[of] p1a: Torkoal\n|move|p2b: Iron Bundle|Icy Wind|p1a: Torkoal|[spread] p1a,p1b\n|-resisted|p1a: Torkoal\n|-resisted|p1b: Chien-Pao\n|-damage|p1a: Torkoal|9\/100\n|-damage|p1b: Chien-Pao|85\/100\n|-unboost|p1a: Torkoal|spe|1\n|-unboost|p1b: Chien-Pao|spe|1\n|move|p2a: Tornadus|Heat Wave|p1a: Torkoal|[spread] p1a,p1b\n|-resisted|p1a: Torkoal\n|-supereffective|p1b: Chien-Pao\n|-damage|p1a: Torkoal|0 fnt\n|-damage|p1b: Chien-Pao|0 fnt\n|faint|p1a: Torkoal\n|faint|p1b: Chien-Pao\n|\n|-weather|SunnyDay|[upkeep]\n|-sideend|p1: SgtSmilies|move: Tailwind\n|upkeep\n|\n|t:|1697371851\n|switch|p1b: Thundurus|Thundurus, M|100\/100\n|switch|p1a: Lilligant|Lilligant, F|23\/100\n|turn|8\n|\n|t:|1697371868\n|move|p1b: Thundurus|Thunder Wave|p2b: Iron Bundle\n|-status|p2b: Iron Bundle|par\n|move|p1a: Lilligant|Giga Drain|p2b: Iron Bundle\n|-supereffective|p2b: Iron Bundle\n|-damage|p2b: Iron Bundle|0 fnt\n|-heal|p1a: Lilligant|67\/100|[from] drain|[of] p2b: Iron Bundle\n|faint|p2b: Iron Bundle\n|-end|p2b: Iron Bundle|Quark Drive|[silent]\n|move|p2a: Tornadus|Heat Wave|p1a: Lilligant|[spread] p1a,p1b\n|-supereffective|p1a: Lilligant\n|-damage|p1a: Lilligant|0 fnt\n|-damage|p1b: Thundurus|56\/100\n|faint|p1a: Lilligant\n|\n|-weather|SunnyDay|[upkeep]\n|-sideend|p2: Play Tale of Wuxia|move: Tailwind\n|upkeep\n|\n|t:|1697371881\n|switch|p2b: Dragonite|Dragonite, M|100\/100\n|switch|p1a: Dragapult|Dragapult, F|38\/100\n|turn|9\n|\n|t:|1697371892\n|move|p2a: Tornadus|Taunt|p1b: Thundurus\n|-start|p1b: Thundurus|move: Taunt\n|cant|p1b: Thundurus|move: Taunt|Eerie Impulse\n|move|p1a: Dragapult|Draco Meteor|p2b: Dragonite\n|-supereffective|p2b: Dragonite\n|-damage|p2b: Dragonite|17\/100\n|-unboost|p1a: Dragapult|spa|2\n|move|p2b: Dragonite|Dragon Dance|p2b: Dragonite\n|-boost|p2b: Dragonite|atk|1\n|-boost|p2b: Dragonite|spe|1\n|\n|-weather|SunnyDay|[upkeep]\n|-heal|p2b: Dragonite|23\/100|[from] item: Leftovers\n|upkeep\n|turn|10\n|\n|t:|1697371909\n|move|p2b: Dragonite|Protect|p2b: Dragonite\n|-singleturn|p2b: Dragonite|Protect\n|move|p1a: Dragapult|Draco Meteor|p2b: Dragonite\n|-activate|p2b: Dragonite|move: Protect\n|move|p2a: Tornadus|Bleakwind Storm|p1b: Thundurus|[spread] p1a\n|-miss|p2a: Tornadus|p1b: Thundurus\n|-damage|p1a: Dragapult|0 fnt\n|faint|p1a: Dragapult\n|move|p1b: Thundurus|Wildbolt Storm|p2a: Tornadus|[spread] \n|-activate|p2b: Dragonite|move: Protect\n|-miss|p1b: Thundurus|p2a: Tornadus\n|\n|-weather|SunnyDay|[upkeep]\n|-heal|p2b: Dragonite|29\/100|[from] item: Leftovers\n|upkeep\n|turn|11\n|\n|t:|1697371926\n|-terastallize|p1b: Thundurus|Ghost\n|move|p2b: Dragonite|Extreme Speed|p1b: Thundurus\n|-immune|p1b: Thundurus\n|move|p2a: Tornadus|Heat Wave|p1b: Thundurus\n|-damage|p1b: Thundurus|3\/100\n|-enditem|p1b: Thundurus|Sitrus Berry|[eat]\n|-heal|p1b: Thundurus|28\/100|[from] item: Sitrus Berry\n|move|p1b: Thundurus|Wildbolt Storm|p2a: Tornadus|[spread] p2a,p2b\n|-supereffective|p2a: Tornadus\n|-damage|p2a: Tornadus|0 fnt\n|-damage|p2b: Dragonite|0 fnt\n|faint|p2a: Tornadus\n|faint|p2b: Dragonite\n|\n|win|SgtSmilies\n|c|\u2606SgtSmilies|YES\n","uploadtime":1697371943,"views":14,"p1id":"sgtsmilies","p2id":"playtaleofwuxia","formatid":"gen9nationaldexdoubles","rating":0,"private":0,"password":""}