{"id":"gen9nationaldexdoubles-1983291363","p1":"Brrunitoth","p2":"NPC At Home","format":"[Gen 9] National Dex Doubles","log":"|j|\u2606Brrunitoth\n|j|\u2606NPC At Home\n|t:|1699114820\n|gametype|doubles\n|player|p1|Brrunitoth|adaman|1069\n|player|p2|NPC At Home|piers|1195\n|teamsize|p1|6\n|teamsize|p2|6\n|gen|9\n|tier|[Gen 9] National Dex Doubles\n|rated|\n|rule|HP Percentage Mod: HP is shown in percentages\n|rule|Endless Battle Clause: Forcing endless battles is banned\n|rule|OHKO Clause: OHKO moves are banned\n|rule|Evasion Moves Clause: Evasion moves are banned\n|rule|Evasion Abilities Clause: Evasion abilities are banned\n|rule|Species Clause: Limit one of each Pok\u00e9mon\n|rule|Gravity Sleep Clause: The combination of sleep-inducing moves with imperfect accuracy and Gravity or Gigantamax Orbeetle are banned\n|clearpoke\n|poke|p1|Charizard, M|\n|poke|p1|Chi-Yu|\n|poke|p1|Flutter Mane|\n|poke|p1|Whimsicott, F|\n|poke|p1|Kingambit, M|\n|poke|p1|Landorus-Therian, M|\n|poke|p2|Metagross|\n|poke|p2|Kommo-o, F|\n|poke|p2|Volcanion|\n|poke|p2|Kingambit, M|\n|poke|p2|Rillaboom, M|\n|poke|p2|Tornadus, M|\n|teampreview\n|inactive|Battle timer is ON: inactive players will automatically lose when time's up. (requested by NPC At Home)\n|c|\u2606Brrunitoth|glhf\n|c|\u2606NPC At Home|u2\n|\n|t:|1699114847\n|start\n|switch|p1a: the METAFOUR|Landorus-Therian, M|100\/100\n|switch|p1b: the king|Kingambit, M|100\/100\n|switch|p2a: Volcanion|Volcanion|100\/100\n|switch|p2b: Tornadus|Tornadus, M, shiny|100\/100\n|-ability|p1a: the METAFOUR|Intimidate|boost\n|-unboost|p2a: Volcanion|atk|1\n|-unboost|p2b: Tornadus|atk|1\n|turn|1\n|\n|t:|1699114869\n|-terastallize|p1b: the king|Fire\n|move|p2b: Tornadus|Tailwind|p2b: Tornadus\n|-sidestart|p2: NPC At Home|move: Tailwind\n|move|p2a: Volcanion|Steam Eruption|p1a: the METAFOUR\n|-supereffective|p1a: the METAFOUR\n|-crit|p1a: the METAFOUR\n|-damage|p1a: the METAFOUR|0 fnt\n|faint|p1a: the METAFOUR\n|move|p1b: the king|Knock Off|p2b: Tornadus\n|-damage|p2b: Tornadus|15\/100\n|-enditem|p2b: Tornadus|Covert Cloak|[from] move: Knock Off|[of] p1b: the king\n|\n|upkeep\n|\n|t:|1699114883\n|switch|p1a: the fool|Whimsicott, F|100\/100\n|turn|2\n|\n|t:|1699114890\n|move|p2b: Tornadus|Taunt|p1a: the fool\n|-start|p1a: the fool|move: Taunt\n|cant|p1a: the fool|move: Taunt|Tailwind\n|move|p2a: Volcanion|Steam Eruption|p1b: the king\n|-supereffective|p1b: the king\n|-damage|p1b: the king|30\/100\n|move|p1b: the king|Knock Off|p2a: Volcanion\n|-damage|p2a: Volcanion|55\/100\n|-enditem|p2a: Volcanion|Assault Vest|[from] move: Knock Off|[of] p1b: the king\n|\n|upkeep\n|turn|3\n|\n|t:|1699114905\n|move|p1b: the king|Sucker Punch|p2b: Tornadus\n|-damage|p2b: Tornadus|0 fnt\n|faint|p2b: Tornadus\n|move|p1a: the fool|Moonblast|p2a: Volcanion\n|-resisted|p2a: Volcanion\n|-damage|p2a: Volcanion|43\/100\n|move|p2a: Volcanion|Heat Wave|p1a: the fool|[spread] p1a,p1b\n|-supereffective|p1a: the fool\n|-crit|p1a: the fool\n|-resisted|p1b: the king\n|-damage|p1a: the fool|0 fnt\n|-damage|p1b: the king|20\/100\n|faint|p1a: the fool\n|\n|upkeep\n|c|\u2606Brrunitoth|another crit lol\n|\n|t:|1699114923\n|switch|p1a: the sun|Charizard, M|100\/100\n|switch|p2b: Rillaboom|Rillaboom, M|100\/100\n|-fieldstart|move: Grassy Terrain|[from] ability: Grassy Surge|[of] p2b: Rillaboom\n|turn|4\n|\n|t:|1699114934\n|move|p1a: the sun|Protect|p1a: the sun\n|-singleturn|p1a: the sun|Protect\n|move|p2b: Rillaboom|Fake Out|p1a: the sun\n|-activate|p1a: the sun|move: Protect\n|move|p2a: Volcanion|Steam Eruption|p1b: the king\n|-supereffective|p1b: the king\n|-damage|p1b: the king|0 fnt\n|faint|p1b: the king\n|\n|-heal|p2a: Volcanion|50\/100|[from] Grassy Terrain\n|-sideend|p2: NPC At Home|move: Tailwind\n|upkeep\n|\n|t:|1699114945\n|switch|p1b: the feesh|Chi-Yu|100\/100\n|-ability|p1b: the feesh|Beads of Ruin\n|turn|5\n|\n|t:|1699114973\n|detailschange|p1a: the sun|Charizard-Mega-Y, M\n|-mega|p1a: the sun|Charizard|Charizardite Y\n|-weather|SunnyDay|[from] ability: Drought|[of] p1a: the sun\n|move|p2b: Rillaboom|Grassy Glide|p1b: the feesh\n|-resisted|p1b: the feesh\n|-damage|p1b: the feesh|69\/100\n|move|p1a: the sun|Heat Wave|p2b: Rillaboom|[spread] p2a,p2b\n|-resisted|p2a: Volcanion\n|-supereffective|p2b: Rillaboom\n|-damage|p2a: Volcanion|33\/100\n|-damage|p2b: Rillaboom|0 fnt\n|faint|p2b: Rillaboom\n|move|p1b: the feesh|Dark Pulse|p2a: Volcanion\n|-damage|p2a: Volcanion|0 fnt\n|faint|p2a: Volcanion\n|\n|-weather|SunnyDay|[upkeep]\n|-heal|p1b: the feesh|75\/100|[from] Grassy Terrain\n|upkeep\n|inactive|NPC At Home has 120 seconds left.\n|\n|t:|1699114993\n|switch|p2b: Kingambit|Kingambit, M, shiny|100\/100\n|switch|p2a: Kommo-o|Kommo-o, F|100\/100\n|turn|6\n|\n|t:|1699115005\n|-terastallize|p2b: Kingambit|Dark\n|move|p1a: the sun|Heat Wave|p2b: Kingambit|[spread] p2a,p2b\n|-resisted|p2a: Kommo-o\n|-damage|p2a: Kommo-o|49\/100\n|-damage|p2b: Kingambit|20\/100\n|move|p1b: the feesh|Overheat|p2a: Kommo-o\n|-resisted|p2a: Kommo-o\n|-damage|p2a: Kommo-o|0 fnt\n|-unboost|p1b: the feesh|spa|2\n|faint|p2a: Kommo-o\n|move|p2b: Kingambit|Swords Dance|p2b: Kingambit\n|-boost|p2b: Kingambit|atk|2\n|\n|-weather|SunnyDay|[upkeep]\n|-heal|p1b: the feesh|81\/100|[from] Grassy Terrain\n|-heal|p2b: Kingambit|26\/100|[from] Grassy Terrain\n|upkeep\n|inactive|NPC At Home has 120 seconds left.\n|\n|t:|1699115022\n|switch|p2a: Metagross|Metagross, shiny|100\/100\n|turn|7\n|inactive|NPC At Home has 120 seconds left.\n|\n|t:|1699115052\n|detailschange|p2a: Metagross|Metagross-Mega, shiny\n|-mega|p2a: Metagross|Metagross|Metagrossite\n|move|p2b: Kingambit|Sucker Punch|p1a: the sun\n|-damage|p1a: the sun|0 fnt\n|faint|p1a: the sun\n|move|p2a: Metagross|Stomping Tantrum|p1b: the feesh\n|-supereffective|p1b: the feesh\n|-damage|p1b: the feesh|0 fnt\n|faint|p1b: the feesh\n|\n|-weather|SunnyDay|[upkeep]\n|-heal|p2b: Kingambit|33\/100|[from] Grassy Terrain\n|upkeep\n|\n|t:|1699115063\n|switch|p1b: the tank|Flutter Mane|100\/100\n|-activate|p1b: the tank|ability: Protosynthesis\n|-start|p1b: the tank|protosynthesisspe\n|turn|8\n|c|\u2606Brrunitoth|gg\n|\n|t:|1699115073\n|move|p2a: Metagross|Bullet Punch|p1b: the tank\n|-supereffective|p1b: the tank\n|-damage|p1b: the tank|0 fnt\n|faint|p1b: the tank\n|-end|p1b: the tank|Protosynthesis|[silent]\n|\n|win|NPC At Home\n|raw|Brrunitoth's rating: 1069 &rarr; <strong>1056<\/strong><br \/>(-13 for losing)\n|raw|NPC At Home's rating: 1195 &rarr; <strong>1211<\/strong><br \/>(+16 for winning)\n|l|\u2606Brrunitoth\n|c|\u2606NPC At Home|Ggs\n","uploadtime":1699115227,"views":6,"p1id":"brrunitoth","p2id":"npcathome","formatid":"gen9nationaldexdoubles","rating":1056,"private":0,"password":""}