{"id":"gen9nationaldexdoubles-1952083179","p1":"El Ryuk456","p2":"Endermo","format":"[Gen 9] National Dex Doubles","log":"|j|\u2606El Ryuk456\n|j|\u2606Endermo\n|t:|1695655682\n|gametype|doubles\n|player|p1|El Ryuk456|blaine|1246\n|player|p2|Endermo|169|1341\n|teamsize|p1|6\n|teamsize|p2|6\n|gen|9\n|tier|[Gen 9] National Dex Doubles\n|rated|\n|rule|HP Percentage Mod: HP is shown in percentages\n|rule|Endless Battle Clause: Forcing endless battles is banned\n|rule|OHKO Clause: OHKO moves are banned\n|rule|Evasion Moves Clause: Evasion moves are banned\n|rule|Evasion Abilities Clause: Evasion abilities are banned\n|rule|Species Clause: Limit one of each Pok\u00e9mon\n|rule|Gravity Sleep Clause: The combination of sleep-inducing moves with imperfect accuracy and Gravity or Gigantamax Orbeetle are banned\n|clearpoke\n|poke|p1|Sableye, M|\n|poke|p1|Mandibuzz, F|\n|poke|p1|Kleavor, M|\n|poke|p1|Samurott-Hisui, M|\n|poke|p1|Armarouge, M|\n|poke|p1|Skeledirge, M|\n|poke|p2|Ursaluna-Bloodmoon, M|\n|poke|p2|Cresselia, F|\n|poke|p2|Chi-Yu|\n|poke|p2|Torkoal, M|\n|poke|p2|Sinistcha|\n|poke|p2|Farigiraf, F|\n|teampreview\n|inactive|Battle timer is ON: inactive players will automatically lose when time's up. (requested by El Ryuk456)\n|\n|t:|1695655695\n|start\n|switch|p1a: Bushii|Samurott-Hisui, M|100\/100\n|switch|p1b: Kaido|Kleavor, M|100\/100\n|switch|p2a: Ursaluna|Ursaluna-Bloodmoon, M|100\/100\n|switch|p2b: Cresselia|Cresselia, F|100\/100\n|turn|1\n|\n|t:|1695655702\n|-terastallize|p2b: Cresselia|Electric\n|move|p2a: Ursaluna|Protect|p2a: Ursaluna\n|-singleturn|p2a: Ursaluna|Protect\n|move|p1b: Kaido|Stone Axe|p2b: Cresselia\n|-damage|p2b: Cresselia|69\/100\n|-sidestart|p2: Endermo|move: Stealth Rock\n|move|p1a: Bushii|Ceaseless Edge|p2b: Cresselia\n|-damage|p2b: Cresselia|45\/100\n|-sidestart|p2: Endermo|Spikes\n|move|p2b: Cresselia|Trick Room|p2b: Cresselia\n|-fieldstart|move: Trick Room|[of] p2b: Cresselia\n|\n|-heal|p2b: Cresselia|51\/100|[from] item: Leftovers\n|upkeep\n|turn|2\n|inactive|El Ryuk456 has 120 seconds left.\n|\n|t:|1695655736\n|move|p2a: Ursaluna|Blood Moon|p1a: Bushii\n|-damage|p1a: Bushii|46\/100\n|move|p2b: Cresselia|Lunar Blessing|p2b: Cresselia|[spread] p2a,p2b\n|-heal|p2b: Cresselia|76\/100\n|move|p1a: Bushii|Ceaseless Edge|p2b: Cresselia\n|-damage|p2b: Cresselia|49\/100\n|-sidestart|p2: Endermo|Spikes\n|move|p1b: Kaido|X-Scissor|p2b: Cresselia\n|-damage|p2b: Cresselia|15\/100\n|\n|-heal|p2b: Cresselia|21\/100|[from] item: Leftovers\n|upkeep\n|turn|3\n|\n|t:|1695655765\n|move|p2a: Ursaluna|Hyper Voice|p1b: Kaido|[spread] p1a,p1b\n|-resisted|p1b: Kaido\n|-damage|p1a: Bushii|14\/100\n|-damage|p1b: Kaido|73\/100\n|-enditem|p2a: Ursaluna|Throat Spray\n|-boost|p2a: Ursaluna|spa|1|[from] item: Throat Spray\n|move|p2b: Cresselia|Lunar Blessing|p2b: Cresselia|[spread] p2a,p2b\n|-heal|p2b: Cresselia|46\/100\n|move|p1a: Bushii|Ceaseless Edge|p2b: Cresselia\n|-damage|p2b: Cresselia|18\/100\n|-sidestart|p2: Endermo|Spikes\n|move|p1b: Kaido|X-Scissor|p2b: Cresselia\n|-damage|p2b: Cresselia|0 fnt\n|faint|p2b: Cresselia\n|\n|upkeep\n|\n|t:|1695655771\n|switch|p2b: Chi-Yu|Chi-Yu|100\/100\n|-damage|p2b: Chi-Yu|76\/100|[from] Stealth Rock\n|-damage|p2b: Chi-Yu|51\/100|[from] Spikes\n|-ability|p2b: Chi-Yu|Beads of Ruin\n|turn|4\n|\n|t:|1695655783\n|move|p1b: Kaido|Feint|p2b: Chi-Yu\n|-damage|p2b: Chi-Yu|32\/100\n|move|p1a: Bushii|Sucker Punch|p2b: Chi-Yu\n|-resisted|p2b: Chi-Yu\n|-damage|p2b: Chi-Yu|3\/100\n|move|p2a: Ursaluna|Hyper Voice|p1a: Bushii|[spread] p1a,p1b\n|-resisted|p1b: Kaido\n|-damage|p1a: Bushii|0 fnt\n|-damage|p1b: Kaido|18\/100\n|faint|p1a: Bushii\n|move|p2b: Chi-Yu|Overheat|p1b: Kaido\n|-damage|p1b: Kaido|0 fnt\n|-unboost|p2b: Chi-Yu|spa|2\n|faint|p1b: Kaido\n|\n|upkeep\n|\n|t:|1695655793\n|switch|p1a: Yami|Sableye, M|100\/100\n|switch|p1b: Rookie|Skeledirge, M|100\/100\n|turn|5\n|\n|t:|1695655803\n|-terastallize|p1b: Rookie|Water\n|move|p1a: Yami|Light Screen|p1a: Yami\n|-sidestart|p1: El Ryuk456|move: Light Screen\n|move|p2a: Ursaluna|Blood Moon|p1a: Yami\n|-damage|p1a: Yami|0 fnt\n|faint|p1a: Yami\n|move|p1b: Rookie|Snarl|p2b: Chi-Yu|[spread] p2a,p2b\n|-crit|p2a: Ursaluna\n|-resisted|p2b: Chi-Yu\n|-damage|p2a: Ursaluna|72\/100\n|-damage|p2b: Chi-Yu|0 fnt\n|-unboost|p2a: Ursaluna|spa|1\n|faint|p2b: Chi-Yu\n|\n|-fieldend|move: Trick Room\n|upkeep\n|\n|t:|1695655818\n|switch|p2b: Farigiraf|Farigiraf, F|100\/100\n|switch|p1a: Dai|Mandibuzz, F|100\/100\n|-damage|p2b: Farigiraf|88\/100|[from] Stealth Rock\n|-damage|p2b: Farigiraf|63\/100|[from] Spikes\n|turn|6\n|\n|t:|1695655827\n|move|p2a: Ursaluna|Protect|p2a: Ursaluna\n|-singleturn|p2a: Ursaluna|Protect\n|move|p1a: Dai|Snarl|p2a: Ursaluna|[spread] p2b\n|-activate|p2a: Ursaluna|move: Protect\n|-supereffective|p2b: Farigiraf\n|-damage|p2b: Farigiraf|49\/100\n|-unboost|p2b: Farigiraf|spa|1\n|move|p1b: Rookie|Snarl|p2b: Farigiraf|[spread] p2b\n|-activate|p2a: Ursaluna|move: Protect\n|-supereffective|p2b: Farigiraf\n|-damage|p2b: Farigiraf|29\/100\n|-unboost|p2b: Farigiraf|spa|1\n|move|p2b: Farigiraf|Trick Room|p2b: Farigiraf\n|-fieldstart|move: Trick Room|[of] p2b: Farigiraf\n|\n|-heal|p2b: Farigiraf|35\/100|[from] item: Leftovers\n|upkeep\n|turn|7\n|\n|t:|1695655847\n|move|p2a: Ursaluna|Blood Moon|p1b: Rookie\n|-damage|p1b: Rookie|48\/100\n|-enditem|p1b: Rookie|Sitrus Berry|[eat]\n|-heal|p1b: Rookie|72\/100|[from] item: Sitrus Berry\n|move|p2b: Farigiraf|Wish|p2b: Farigiraf\n|move|p1b: Rookie|Snarl|p2b: Farigiraf|[spread] p2a,p2b\n|-supereffective|p2b: Farigiraf\n|-damage|p2a: Ursaluna|57\/100\n|-damage|p2b: Farigiraf|15\/100\n|-unboost|p2a: Ursaluna|spa|1\n|-unboost|p2b: Farigiraf|spa|1\n|move|p1a: Dai|Snarl|p2a: Ursaluna|[spread] p2a,p2b\n|-supereffective|p2b: Farigiraf\n|-damage|p2a: Ursaluna|47\/100\n|-damage|p2b: Farigiraf|0 fnt\n|-unboost|p2a: Ursaluna|spa|1\n|faint|p2b: Farigiraf\n|\n|upkeep\n|\n|t:|1695655854\n|switch|p2b: Torkoal|Torkoal, M|100\/100\n|-damage|p2b: Torkoal|76\/100|[from] Stealth Rock\n|-damage|p2b: Torkoal|51\/100|[from] Spikes\n|-weather|SunnyDay|[from] ability: Drought|[of] p2b: Torkoal\n|turn|8\n|l|\u2606El Ryuk456\n|inactive|El Ryuk456 disconnected and has a minute to reconnect!\n|player|p1|\n|j|\u2606El Ryuk456\n|inactive|El Ryuk456 reconnected and has 125 seconds left.\n|player|p1|El Ryuk456|blaine\n|\n|t:|1695655884\n|switch|p2a: Sinistcha|Sinistcha|100\/100\n|-damage|p2a: Sinistcha|88\/100|[from] Stealth Rock\n|-damage|p2a: Sinistcha|63\/100|[from] Spikes\n|-heal|p2b: Torkoal|76\/100|[from] ability: Hospitality|[of] p2a: Sinistcha\n|move|p2b: Torkoal|Heat Wave|p1a: Dai|[spread] p1a,p1b\n|-resisted|p1b: Rookie\n|-damage|p1a: Dai|81\/100\n|-damage|p1b: Rookie|58\/100\n|move|p1b: Rookie|Snarl|p2a: Sinistcha|[spread] p2a,p2b\n|-supereffective|p2a: Sinistcha\n|-damage|p2a: Sinistcha|35\/100\n|-damage|p2b: Torkoal|60\/100\n|-unboost|p2a: Sinistcha|spa|1\n|-unboost|p2b: Torkoal|spa|1\n|move|p1a: Dai|Snarl|p2b: Torkoal|[spread] p2a,p2b\n|-supereffective|p2a: Sinistcha\n|-crit|p2b: Torkoal\n|-damage|p2a: Sinistcha|16\/100\n|-damage|p2b: Torkoal|41\/100\n|-unboost|p2a: Sinistcha|spa|1\n|-unboost|p2b: Torkoal|spa|1\n|\n|-weather|SunnyDay|[upkeep]\n|-heal|p2b: Torkoal|100\/100|[from] move: Wish|[wisher] Farigiraf\n|-heal|p1a: Dai|87\/100|[from] item: Leftovers\n|upkeep\n|turn|9\n|-message|Endermo forfeited.\n|\n|win|El Ryuk456\n|raw|El Ryuk456's rating: 1246 &rarr; <strong>1278<\/strong><br \/>(+32 for winning)\n|raw|Endermo's rating: 1341 &rarr; <strong>1316<\/strong><br \/>(-25 for losing)\n|l|\u2606Endermo\n","uploadtime":1695655905,"views":9,"p1id":"elryuk456","p2id":"endermo","formatid":"gen9nationaldexdoubles","rating":1278,"private":0,"password":""}