{"id":"gen9nationaldexdoubles-1968720574","p1":"PearlHarbor1996","p2":"AdvancedDigit","format":"[Gen 9] National Dex Doubles","log":"|j|\u2606PearlHarbor1996\n|j|\u2606AdvancedDigit\n|t:|1697457897\n|gametype|doubles\n|player|p1|PearlHarbor1996|rocketgrunt|1173\n|player|p2|AdvancedDigit|hilbert|1328\n|teamsize|p1|6\n|teamsize|p2|6\n|gen|9\n|tier|[Gen 9] National Dex Doubles\n|rated|\n|rule|HP Percentage Mod: HP is shown in percentages\n|rule|Endless Battle Clause: Forcing endless battles is banned\n|rule|OHKO Clause: OHKO moves are banned\n|rule|Evasion Moves Clause: Evasion moves are banned\n|rule|Evasion Abilities Clause: Evasion abilities are banned\n|rule|Species Clause: Limit one of each Pok\u00e9mon\n|rule|Gravity Sleep Clause: The combination of sleep-inducing moves with imperfect accuracy and Gravity or Gigantamax Orbeetle are banned\n|clearpoke\n|poke|p1|Coalossal, F|\n|poke|p1|Grafaiai, M|\n|poke|p1|Medicham, F|\n|poke|p1|Palafin, F|\n|poke|p1|Amoonguss, M|\n|poke|p1|Regigigas|\n|poke|p2|Lopunny, F|\n|poke|p2|Volbeat, M|\n|poke|p2|Ogerpon-Wellspring, F|\n|poke|p2|Greninja-*, M|\n|poke|p2|Maushold-Four|\n|poke|p2|Indeedee-F, F|\n|teampreview\n|inactive|Battle timer is ON: inactive players will automatically lose when time's up. (requested by PearlHarbor1996)\n|\n|t:|1697457908\n|start\n|switch|p1a: Grafaiai|Grafaiai, M|100\/100\n|switch|p1b: Regigigas|Regigigas|100\/100\n|switch|p2a: Lopunny|Lopunny, F|100\/100\n|switch|p2b: Volbeat|Volbeat, M|100\/100\n|-start|p1b: Regigigas|ability: Slow Start\n|turn|1\n|inactive|PearlHarbor1996 has 120 seconds left.\n|\n|t:|1697457943\n|move|p1a: Grafaiai|Parting Shot|p2a: Lopunny\n|-unboost|p2a: Lopunny|atk|1\n|-unboost|p2a: Lopunny|spa|1\n|\n|t:|1697457947\n|switch|p1a: Amoonguss|Amoonguss, M|100\/100|[from] Parting Shot\n|move|p2b: Volbeat|Tail Glow|p2b: Volbeat\n|-boost|p2b: Volbeat|spa|3\n|move|p2a: Lopunny|Switcheroo|p1a: Amoonguss\n|-activate|p2a: Lopunny|move: Trick|[of] p1a: Amoonguss\n|-item|p1a: Amoonguss|Assault Vest|[from] move: Switcheroo\n|-item|p2a: Lopunny|Leftovers|[from] move: Switcheroo\n|move|p1b: Regigigas|Drain Punch|p2a: Lopunny\n|-supereffective|p2a: Lopunny\n|-damage|p2a: Lopunny|62\/100\n|\n|upkeep\n|turn|2\n|c|\u2606AdvancedDigit|hhuge\n|inactive|PearlHarbor1996 has 120 seconds left.\n|\n|t:|1697457995\n|switch|p1a: Medicham|Medicham, F|100\/100\n|move|p2b: Volbeat|Tail Glow|p2b: Volbeat\n|-boost|p2b: Volbeat|spa|3\n|move|p2a: Lopunny|Thunder Wave|p1b: Regigigas\n|-status|p1b: Regigigas|par\n|move|p1b: Regigigas|Power-Up Punch|p2a: Lopunny\n|-supereffective|p2a: Lopunny\n|-damage|p2a: Lopunny|41\/100\n|-boost|p1b: Regigigas|atk|1\n|\n|upkeep\n|turn|3\n|inactive|PearlHarbor1996 has 120 seconds left.\n|\n|t:|1697458020\n|move|p2b: Volbeat|Baton Pass|p2b: Volbeat\n|\n|t:|1697458023\n|switch|p2b: Greninja|Greninja, M|100\/100|[from] Baton Pass\n|move|p1a: Medicham|Skill Swap|p1b: Regigigas\n|-activate|p1a: Medicham|move: Skill Swap|||[of] p1b: Regigigas\n|-end|p1b: Regigigas|Slow Start|[silent]\n|-start|p1a: Medicham|ability: Slow Start\n|move|p2a: Lopunny|Encore|p1b: Regigigas\n|-start|p1b: Regigigas|Encore\n|cant|p1b: Regigigas|par\n|\n|upkeep\n|turn|4\n|inactive|PearlHarbor1996 has 120 seconds left.\n|\n|t:|1697458062\n|-end|p1a: Medicham|Slow Start|[silent]\n|switch|p1a: Amoonguss|Amoonguss, M|100\/100\n|-terastallize|p2b: Greninja|Water\n|move|p2b: Greninja|Surf|p1a: Amoonguss|[spread] p2a,p1a,p1b\n|-resisted|p1a: Amoonguss\n|-damage|p2a: Lopunny|0 fnt\n|-damage|p1a: Amoonguss|48\/100\n|-damage|p1b: Regigigas|16\/100 par\n|faint|p2a: Lopunny\n|-ability|p2b: Greninja|Battle Bond|boost\n|-boost|p2b: Greninja|atk|1\n|-boost|p2b: Greninja|spe|1\n|-activate|p2b: Greninja|ability: Battle Bond\n|move|p1b: Regigigas|Power-Up Punch|p2b: Greninja\n|-damage|p2b: Greninja|10\/100\n|-boost|p1b: Regigigas|atk|1\n|\n|upkeep\n|\n|t:|1697458083\n|switch|p2a: Ogerpon|Ogerpon-Wellspring, F|100\/100\n|turn|5\n|\n|t:|1697458093\n|move|p2b: Greninja|Surf|p1a: Amoonguss|[spread] p1a,p1b\n|-immune|p2a: Ogerpon|[from] ability: Water Absorb\n|-resisted|p1a: Amoonguss\n|-damage|p1a: Amoonguss|0 fnt\n|-damage|p1b: Regigigas|0 fnt\n|faint|p1a: Amoonguss\n|faint|p1b: Regigigas\n|move|p2a: Ogerpon|Ivy Cudgel|p1: Amoonguss|[notarget]\n|-fail|p2a: Ogerpon\n|\n|upkeep\n|inactive|PearlHarbor1996 has 120 seconds left.\n|\n|t:|1697458115\n|switch|p1b: Palafin|Palafin, F|100\/100\n|switch|p1a: Coalossal|Coalossal, F|100\/100\n|turn|6\n|\n|t:|1697458130\n|-terastallize|p1a: Coalossal|Water\n|move|p2b: Greninja|Surf|p1b: Palafin|[spread] p1a,p1b\n|-immune|p2a: Ogerpon|[from] ability: Water Absorb\n|-resisted|p1a: Coalossal\n|-resisted|p1b: Palafin\n|-damage|p1a: Coalossal|35\/100\n|-damage|p1b: Palafin|0 fnt\n|-ability|p1a: Coalossal|Steam Engine|boost\n|-boost|p1a: Coalossal|spe|6\n|-enditem|p1a: Coalossal|Absorb Bulb\n|-boost|p1a: Coalossal|spa|1|[from] item: Absorb Bulb\n|faint|p1b: Palafin\n|move|p1a: Coalossal|Heat Wave|p2a: Ogerpon|[spread] p2a,p2b\n|-resisted|p2b: Greninja\n|-damage|p2a: Ogerpon|50\/100\n|-damage|p2b: Greninja|0 fnt\n|faint|p2b: Greninja\n|move|p2a: Ogerpon|Ivy Cudgel|p1a: Coalossal\n|-resisted|p1a: Coalossal\n|-damage|p1a: Coalossal|16\/100\n|\n|upkeep\n|\n|t:|1697458158\n|switch|p2b: Indeedee|Indeedee-F, F|100\/100\n|switch|p1b: Grafaiai|Grafaiai, M|100\/100\n|-fieldstart|move: Psychic Terrain|[from] ability: Psychic Surge|[of] p2b: Indeedee\n|turn|7\n|\n|t:|1697458174\n|move|p1a: Coalossal|Heat Wave|p2a: Ogerpon|[spread] p2a,p2b\n|-damage|p2a: Ogerpon|0 fnt\n|-damage|p2b: Indeedee|61\/100\n|faint|p2a: Ogerpon\n|move|p2b: Indeedee|Expanding Force|p1a: Coalossal|[spread] p1a,p1b\n|-supereffective|p1b: Grafaiai\n|-damage|p1a: Coalossal|0 fnt\n|-damage|p1b: Grafaiai|35\/100\n|faint|p1a: Coalossal\n|-enditem|p1b: Grafaiai|Eject Button\n|\n|t:|1697458183\n|switch|p1b: Medicham|Medicham, F|100\/100\n|\n|-heal|p2b: Indeedee|67\/100|[from] item: Leftovers\n|upkeep\n|\n|t:|1697458194\n|switch|p2a: Maushold|Maushold-Four|100\/100\n|switch|p1a: Grafaiai|Grafaiai, M|35\/100\n|turn|8\n|\n|t:|1697458211\n|move|p2a: Maushold|Helping Hand|p2b: Indeedee\n|-singleturn|p2b: Indeedee|Helping Hand|[of] p2a: Maushold\n|move|p1b: Medicham|Trick|p2a: Maushold\n|-activate|p1b: Medicham|move: Trick|[of] p2a: Maushold\n|-item|p2a: Maushold|Choice Scarf|[from] move: Trick\n|-item|p1b: Medicham|Leftovers|[from] move: Trick\n|move|p2b: Indeedee|Expanding Force|p1a: Grafaiai|[spread] p1a,p1b\n|-supereffective|p1a: Grafaiai\n|-damage|p1a: Grafaiai|0 fnt\n|-damage|p1b: Medicham|0 fnt\n|faint|p1a: Grafaiai\n|faint|p1b: Medicham\n|\n|win|AdvancedDigit\n|raw|PearlHarbor1996's rating: 1173 &rarr; <strong>1158<\/strong><br \/>(-15 for losing)\n|raw|AdvancedDigit's rating: 1328 &rarr; <strong>1340<\/strong><br \/>(+12 for winning)\n|c|\u2606AdvancedDigit|gg\n|l|\u2606PearlHarbor1996\n","uploadtime":1697458225,"views":8,"p1id":"pearlharbor1996","p2id":"advanceddigit","formatid":"gen9nationaldexdoubles","rating":1158,"private":0,"password":""}