{"id":"gen9nationaldexdoubles-1954556891","p1":"havic77","p2":"Jen eidh","format":"[Gen 9] National Dex Doubles","log":"|j|\u2606havic77\n|j|\u2606Jen eidh\n|t:|1695908453\n|gametype|doubles\n|player|p1|havic77|gambler|1086\n|player|p2|Jen eidh|lucas|1000\n|teamsize|p1|6\n|teamsize|p2|6\n|gen|9\n|tier|[Gen 9] National Dex Doubles\n|rated|\n|rule|HP Percentage Mod: HP is shown in percentages\n|rule|Endless Battle Clause: Forcing endless battles is banned\n|rule|OHKO Clause: OHKO moves are banned\n|rule|Evasion Moves Clause: Evasion moves are banned\n|rule|Evasion Abilities Clause: Evasion abilities are banned\n|rule|Species Clause: Limit one of each Pok\u00e9mon\n|rule|Gravity Sleep Clause: The combination of sleep-inducing moves with imperfect accuracy and Gravity or Gigantamax Orbeetle are banned\n|clearpoke\n|poke|p1|Gardevoir, F|\n|poke|p1|Ursaluna-Bloodmoon, M|\n|poke|p1|Gliscor, M|\n|poke|p1|Kommo-o, M|\n|poke|p1|Dragapult, F|\n|poke|p1|Rillaboom, M|\n|poke|p2|Blastoise, M|\n|poke|p2|Clefable, F|\n|poke|p2|Indeedee-F, F|\n|poke|p2|Mr. Mime, M|\n|poke|p2|Glastrier|\n|poke|p2|Oranguru, F|\n|teampreview\n|inactive|Battle timer is ON: inactive players will automatically lose when time's up. (requested by Jen eidh)\n|\n|t:|1695908465\n|start\n|switch|p1a: Gardevoir|Gardevoir, F|100\/100\n|switch|p1b: Kommo-o|Kommo-o, M|100\/100\n|switch|p2a: Glastrier|Glastrier|100\/100\n|switch|p2b: Indeedee|Indeedee-F, F|100\/100\n|-fieldstart|move: Psychic Terrain|[from] ability: Psychic Surge|[of] p1a: Gardevoir\n|-ability|p1a: Gardevoir|Psychic Surge|[from] ability: Trace|[of] p2b: Indeedee\n|turn|1\n|\n|t:|1695908485\n|detailschange|p1a: Gardevoir|Gardevoir-Mega, F\n|-mega|p1a: Gardevoir|Gardevoir|Gardevoirite\n|-terastallize|p1b: Kommo-o|Steel\n|move|p2a: Glastrier|Protect|p2a: Glastrier\n|-singleturn|p2a: Glastrier|Protect\n|move|p1a: Gardevoir|Skill Swap|p1b: Kommo-o\n|-activate|p1a: Gardevoir|move: Skill Swap|||[of] p1b: Kommo-o\n|move|p1b: Kommo-o|Boomburst|p2b: Indeedee|[spread] p2b\n|-activate|p2a: Glastrier|move: Protect\n|-immune|p1a: Gardevoir|[from] ability: Soundproof\n|-damage|p2b: Indeedee|63\/100\n|-enditem|p1b: Kommo-o|Throat Spray\n|-boost|p1b: Kommo-o|spa|1|[from] item: Throat Spray\n|move|p2b: Indeedee|Trick Room|p2b: Indeedee\n|-fieldstart|move: Trick Room|[of] p2b: Indeedee\n|\n|upkeep\n|turn|2\n|\n|t:|1695908514\n|-terastallize|p2a: Glastrier|Ice\n|move|p2b: Indeedee|Follow Me|p2b: Indeedee\n|-singleturn|p2b: Indeedee|move: Follow Me\n|move|p2a: Glastrier|Icicle Spear|p1a: Gardevoir\n|-damage|p1a: Gardevoir|62\/100\n|-damage|p1a: Gardevoir|25\/100\n|-damage|p1a: Gardevoir|0 fnt\n|faint|p1a: Gardevoir\n|-ability|p2a: Glastrier|Chilling Neigh|boost\n|-boost|p2a: Glastrier|atk|1\n|-hitcount|p1: Gardevoir|3\n|move|p1b: Kommo-o|Boomburst|p2b: Indeedee|[spread] p2a,p2b\n|-damage|p2a: Glastrier|60\/100\n|-damage|p2b: Indeedee|14\/100\n|\n|upkeep\n|inactive|havic77 has 120 seconds left.\n|\n|t:|1695908534\n|switch|p1a: Rillaboom|Rillaboom, M|100\/100\n|-fieldstart|move: Grassy Terrain|[from] ability: Grassy Surge|[of] p1a: Rillaboom\n|turn|3\n|\n|t:|1695908554\n|move|p1a: Rillaboom|Fake Out|p2a: Glastrier\n|-damage|p2a: Glastrier|49\/100\n|cant|p2a: Glastrier|flinch\n|move|p2b: Indeedee|Heal Pulse|p2a: Glastrier\n|-heal|p2a: Glastrier|99\/100\n|move|p1b: Kommo-o|Clanging Scales|p2b: Indeedee|[spread] p2a,p2b\n|-damage|p2a: Glastrier|55\/100\n|-damage|p2b: Indeedee|0 fnt\n|faint|p2b: Indeedee\n|-unboost|p1b: Kommo-o|def|1\n|\n|-heal|p2a: Glastrier|61\/100|[from] Grassy Terrain\n|upkeep\n|inactive|Jen eidh has 120 seconds left.\n|\n|t:|1695908578\n|switch|p2b: Clefable|Clefable, F|100\/100\n|turn|4\n|\n|t:|1695908600\n|move|p2a: Glastrier|Icicle Spear|p1a: Rillaboom\n|-supereffective|p1a: Rillaboom\n|-damage|p1a: Rillaboom|41\/100\n|-supereffective|p1a: Rillaboom\n|-damage|p1a: Rillaboom|0 fnt\n|faint|p1a: Rillaboom\n|-ability|p2a: Glastrier|Chilling Neigh|boost\n|-boost|p2a: Glastrier|atk|1\n|-hitcount|p1: Rillaboom|2\n|move|p2b: Clefable|Heal Pulse|p2a: Glastrier\n|-heal|p2a: Glastrier|100\/100\n|move|p1b: Kommo-o|Flash Cannon|p2a: Glastrier\n|-supereffective|p2a: Glastrier\n|-damage|p2a: Glastrier|23\/100\n|\n|-heal|p2a: Glastrier|29\/100|[from] Grassy Terrain\n|upkeep\n|\n|t:|1695908624\n|switch|p1a: Ursaluna|Ursaluna-Bloodmoon, M|100\/100\n|turn|5\n|\n|t:|1695908643\n|move|p1a: Ursaluna|Protect|p1a: Ursaluna\n|-singleturn|p1a: Ursaluna|Protect\n|move|p2b: Clefable|Follow Me|p2b: Clefable\n|-singleturn|p2b: Clefable|move: Follow Me\n|move|p2a: Glastrier|Stomping Tantrum|p1b: Kommo-o\n|-supereffective|p1b: Kommo-o\n|-damage|p1b: Kommo-o|0 fnt\n|faint|p1b: Kommo-o\n|-ability|p2a: Glastrier|Chilling Neigh|boost\n|-boost|p2a: Glastrier|atk|1\n|\n|-heal|p2a: Glastrier|35\/100|[from] Grassy Terrain\n|-fieldend|move: Trick Room\n|upkeep\n|\n|t:|1695908658\n|switch|p1b: Gliscor|Gliscor, M|100\/100\n|turn|6\n|\n|t:|1695908668\n|move|p2b: Clefable|Follow Me|p2b: Clefable\n|-singleturn|p2b: Clefable|move: Follow Me\n|move|p1b: Gliscor|Fling|p2b: Clefable\n|-resisted|p2b: Clefable\n|-damage|p2b: Clefable|97\/100\n|-status|p2b: Clefable|tox\n|-enditem|p1b: Gliscor|Toxic Orb|[from] move: Fling\n|move|p1a: Ursaluna|Blood Moon|p2b: Clefable\n|-damage|p2b: Clefable|25\/100 tox\n|move|p2a: Glastrier|Icicle Spear|p1a: Ursaluna\n|-supereffective|p1a: Ursaluna\n|-damage|p1a: Ursaluna|23\/100\n|-supereffective|p1a: Ursaluna\n|-damage|p1a: Ursaluna|0 fnt\n|faint|p1a: Ursaluna\n|-ability|p2a: Glastrier|Chilling Neigh|boost\n|-boost|p2a: Glastrier|atk|1\n|-hitcount|p1: Ursaluna|2\n|\n|-heal|p2b: Clefable|31\/100 tox|[from] Grassy Terrain\n|-heal|p2a: Glastrier|41\/100|[from] Grassy Terrain\n|upkeep\n|\n|t:|1695908689\n|switch|p1a: Dragapult|Dragapult, F|100\/100\n|turn|7\n|\n|t:|1695908702\n|move|p2b: Clefable|Follow Me|p2b: Clefable\n|-singleturn|p2b: Clefable|move: Follow Me\n|move|p1a: Dragapult|Phantom Force||[still]\n|-prepare|p1a: Dragapult|Phantom Force\n|move|p1b: Gliscor|Acrobatics|p2b: Clefable\n|-damage|p2b: Clefable|0 fnt\n|faint|p2b: Clefable\n|move|p2a: Glastrier|Icicle Spear|p1b: Gliscor\n|-supereffective|p1b: Gliscor\n|-damage|p1b: Gliscor|0 fnt\n|faint|p1b: Gliscor\n|-ability|p2a: Glastrier|Chilling Neigh|boost\n|-boost|p2a: Glastrier|atk|1\n|-hitcount|p1: Gliscor|1\n|\n|-heal|p2a: Glastrier|48\/100|[from] Grassy Terrain\n|-fieldend|move: Grassy Terrain\n|upkeep\n|\n|t:|1695908712\n|switch|p2b: Blastoise|Blastoise, M|100\/100\n|turn|8\n|\n|t:|1695908721\n|move|p2b: Blastoise|Follow Me|p2b: Blastoise\n|-singleturn|p2b: Blastoise|move: Follow Me\n|move|p1a: Dragapult|Phantom Force|p2b: Blastoise|[from]lockedmove\n|-damage|p2b: Blastoise|63\/100\n|move|p2a: Glastrier|Icicle Spear|p1a: Dragapult\n|-supereffective|p1a: Dragapult\n|-enditem|p1a: Dragapult|Focus Sash\n|-damage|p1a: Dragapult|1\/100\n|-supereffective|p1a: Dragapult\n|-damage|p1a: Dragapult|0 fnt\n|faint|p1a: Dragapult\n|-hitcount|p1: Dragapult|2\n|\n|win|Jen eidh\n|raw|havic77's rating: 1086 &rarr; <strong>1058<\/strong><br \/>(-28 for losing)\n|raw|Jen eidh's rating: 1000 &rarr; <strong>1050<\/strong><br \/>(+50 for winning)\n|l|\u2606havic77\n","uploadtime":1695908736,"views":13,"p1id":"havic77","p2id":"jeneidh","formatid":"gen9nationaldexdoubles","rating":1050,"private":0,"password":""}