{"id":"gen9nationaldexdoubles-1976027560","p1":"PR34CH3R_76","p2":"knightgem","format":"[Gen 9] National Dex Doubles","log":"|j|\u2606PR34CH3R_76\n|j|\u2606knightgem\n|t:|1698257670\n|gametype|doubles\n|player|p1|PR34CH3R_76|265|1228\n|player|p2|knightgem|#knightgem|1152\n|teamsize|p1|6\n|teamsize|p2|6\n|gen|9\n|tier|[Gen 9] National Dex Doubles\n|rated|\n|rule|HP Percentage Mod: HP is shown in percentages\n|rule|Endless Battle Clause: Forcing endless battles is banned\n|rule|OHKO Clause: OHKO moves are banned\n|rule|Evasion Moves Clause: Evasion moves are banned\n|rule|Evasion Abilities Clause: Evasion abilities are banned\n|rule|Species Clause: Limit one of each Pok\u00e9mon\n|rule|Gravity Sleep Clause: The combination of sleep-inducing moves with imperfect accuracy and Gravity or Gigantamax Orbeetle are banned\n|clearpoke\n|poke|p1|Hatterene, F|\n|poke|p1|Indeedee-F, F|\n|poke|p1|Zamazenta-*|\n|poke|p1|Zygarde|\n|poke|p1|Tapu Koko|\n|poke|p1|Sceptile, M|\n|poke|p2|Primarina, F|\n|poke|p2|Skeledirge, M|\n|poke|p2|Rillaboom, M|\n|poke|p2|Toxtricity, M|\n|poke|p2|Kommo-o, F|\n|poke|p2|Clefairy, M|\n|teampreview\n|inactive|Battle timer is ON: inactive players will automatically lose when time's up. (requested by knightgem)\n|inactive|PR34CH3R_76 also wants the timer to be on.\n|j| Maitre Montana\n|inactive|knightgem has 120 seconds left.\n|\n|t:|1698257718\n|start\n|switch|p1a: Hatterene|Hatterene, F|100\/100\n|switch|p1b: Indeedee|Indeedee-F, F|100\/100\n|switch|p2a: Sopraino|Primarina, F|100\/100\n|switch|p2b: Tenorch|Skeledirge, M|100\/100\n|-fieldstart|move: Psychic Terrain|[from] ability: Psychic Surge|[of] p1b: Indeedee\n|turn|1\n|\n|t:|1698257745\n|move|p1b: Indeedee|Shadow Ball|p2b: Tenorch\n|-supereffective|p2b: Tenorch\n|-damage|p2b: Tenorch|49\/100\n|move|p2b: Tenorch|Torch Song|p1a: Hatterene\n|-damage|p1a: Hatterene|71\/100\n|-boost|p2b: Tenorch|spa|1\n|-zpower|p2a: Sopraino\n|move|p2a: Sopraino|Oceanic Operetta|p1b: Indeedee|[zeffect]\n|-damage|p1b: Indeedee|0 fnt\n|faint|p1b: Indeedee\n|move|p1a: Hatterene|Expanding Force|p2a: Sopraino|[spread] p2a,p2b\n|-damage|p2a: Sopraino|43\/100\n|-damage|p2b: Tenorch|0 fnt\n|faint|p2b: Tenorch\n|\n|upkeep\n|\n|t:|1698257767\n|switch|p1b: Zamazenta|Zamazenta|100\/100\n|switch|p2b: Bongorilla|Rillaboom, M|100\/100\n|-ability|p1b: Zamazenta|Dauntless Shield|boost\n|-boost|p1b: Zamazenta|def|1\n|-fieldstart|move: Grassy Terrain|[from] ability: Grassy Surge|[of] p2b: Bongorilla\n|-enditem|p2b: Bongorilla|Grassy Seed\n|-boost|p2b: Bongorilla|def|1|[from] item: Grassy Seed\n|turn|2\n|\n|t:|1698257784\n|move|p2a: Sopraino|Protect|p2a: Sopraino\n|-singleturn|p2a: Sopraino|Protect\n|move|p1b: Zamazenta|Iron Head|p2a: Sopraino\n|-activate|p2a: Sopraino|move: Protect\n|move|p2b: Bongorilla|Swords Dance|p2b: Bongorilla\n|-boost|p2b: Bongorilla|atk|2\n|move|p1a: Hatterene|Trick Room|p1a: Hatterene\n|-fieldstart|move: Trick Room|[of] p1a: Hatterene\n|\n|-heal|p1a: Hatterene|77\/100|[from] Grassy Terrain\n|-heal|p2a: Sopraino|49\/100|[from] Grassy Terrain\n|upkeep\n|turn|3\n|\n|t:|1698257810\n|move|p2b: Bongorilla|Grassy Glide|p1a: Hatterene\n|-damage|p1a: Hatterene|0 fnt\n|faint|p1a: Hatterene\n|move|p2a: Sopraino|Moonblast|p1b: Zamazenta\n|-supereffective|p1b: Zamazenta\n|-crit|p1b: Zamazenta\n|-damage|p1b: Zamazenta|0 fnt\n|faint|p1b: Zamazenta\n|\n|-heal|p2a: Sopraino|55\/100|[from] Grassy Terrain\n|upkeep\n|inactive|PR34CH3R_76 has 120 seconds left.\n|\n|t:|1698257821\n|switch|p1a: Tapu Koko|Tapu Koko|100\/100\n|switch|p1b: Sceptile|Sceptile, M|100\/100\n|turn|4\n|\n|t:|1698257835\n|detailschange|p1b: Sceptile|Sceptile-Mega, M\n|-mega|p1b: Sceptile|Sceptile|Sceptilite\n|-terastallize|p1a: Tapu Koko|Electric\n|move|p2a: Sopraino|Protect|p2a: Sopraino\n|-singleturn|p2a: Sopraino|Protect\n|move|p2b: Bongorilla|Grassy Glide|p1a: Tapu Koko\n|-damage|p1a: Tapu Koko|5\/100\n|move|p1b: Sceptile|Earthquake|p2a: Sopraino|[spread] p2b\n|-activate|p2a: Sopraino|move: Protect\n|-activate|p1a: Tapu Koko|ability: Telepathy\n|-resisted|p2b: Bongorilla\n|-damage|p2b: Bongorilla|98\/100\n|move|p1a: Tapu Koko|Discharge|p2b: Bongorilla|[spread] p2b\n|-activate|p2a: Sopraino|move: Protect\n|-ability|p1b: Sceptile|Lightning Rod|boost\n|-boost|p1b: Sceptile|spa|1\n|-resisted|p2b: Bongorilla\n|-damage|p2b: Bongorilla|77\/100\n|\n|-heal|p2a: Sopraino|61\/100|[from] Grassy Terrain\n|-heal|p2b: Bongorilla|83\/100|[from] Grassy Terrain\n|-heal|p1a: Tapu Koko|11\/100|[from] Grassy Terrain\n|upkeep\n|turn|5\n|inactive|knightgem has 120 seconds left.\n|\n|t:|1698257869\n|move|p2b: Bongorilla|Grassy Glide|p1a: Tapu Koko\n|-damage|p1a: Tapu Koko|0 fnt\n|faint|p1a: Tapu Koko\n|move|p2a: Sopraino|Moonblast|p1b: Sceptile\n|-supereffective|p1b: Sceptile\n|-damage|p1b: Sceptile|0 fnt\n|faint|p1b: Sceptile\n|\n|-heal|p2a: Sopraino|67\/100|[from] Grassy Terrain\n|-heal|p2b: Bongorilla|89\/100|[from] Grassy Terrain\n|upkeep\n|inactive|PR34CH3R_76 has 120 seconds left.\n|-message|PR34CH3R_76 forfeited.\n|\n|win|knightgem\n|raw|PR34CH3R_76's rating: 1228 &rarr; <strong>1198<\/strong><br \/>(-30 for losing)\n|raw|knightgem's rating: 1152 &rarr; <strong>1182<\/strong><br \/>(+30 for winning)\n","uploadtime":1698257908,"views":11,"p1id":"pr34ch3r76","p2id":"knightgem","formatid":"gen9nationaldexdoubles","rating":1182,"private":0,"password":""}