{"id":"gen9nationaldexdoubles-1990080693","p1":"asdasdasd3","p2":"DrippinSauce","format":"[Gen 9] National Dex Doubles","log":"|j|\u2606asdasdasd3\n|j|\u2606DrippinSauce\n|t:|1699922458\n|gametype|doubles\n|player|p1|asdasdasd3|lucas|\n|player|p2|DrippinSauce|cynthia-masters|\n|teamsize|p1|6\n|teamsize|p2|6\n|gen|9\n|tier|[Gen 9] National Dex Doubles\n|rule|HP Percentage Mod: HP is shown in percentages\n|rule|Endless Battle Clause: Forcing endless battles is banned\n|rule|OHKO Clause: OHKO moves are banned\n|rule|Evasion Moves Clause: Evasion moves are banned\n|rule|Evasion Abilities Clause: Evasion abilities are banned\n|rule|Species Clause: Limit one of each Pok\u00e9mon\n|rule|Gravity Sleep Clause: The combination of sleep-inducing moves with imperfect accuracy and Gravity or Gigantamax Orbeetle are banned\n|clearpoke\n|poke|p1|Numel, F|\n|poke|p1|Camerupt, F|\n|poke|p1|Torkoal, F|\n|poke|p1|Mr. Mime, F|\n|poke|p1|Bronzong|\n|poke|p1|Indeedee-F, F|\n|poke|p2|Baxcalibur, F|\n|poke|p2|Ninetales-Alola, M|\n|poke|p2|Abomasnow, M|\n|poke|p2|Weavile, F|\n|poke|p2|Articuno-Galar|\n|poke|p2|Darmanitan-Galar, F|\n|teampreview\n|\n|t:|1699922486\n|start\n|switch|p1a: Torkoal|Torkoal, F|100\/100\n|switch|p1b: Bronzong|Bronzong|100\/100\n|switch|p2a: Burn In Hail|Abomasnow, M, shiny|100\/100\n|switch|p2b: Sneaky Icehole|Weavile, F|100\/100\n|-ability|p2b: Sneaky Icehole|Pressure\n|-weather|Snow|[from] ability: Snow Warning|[of] p2a: Burn In Hail\n|-weather|SunnyDay|[from] ability: Drought|[of] p1a: Torkoal\n|turn|1\n|\n|t:|1699922505\n|detailschange|p2a: Burn In Hail|Abomasnow-Mega, M, shiny\n|-mega|p2a: Burn In Hail|Abomasnow|Abomasite\n|-weather|Snow|[from] ability: Snow Warning|[of] p2a: Burn In Hail\n|move|p2a: Burn In Hail|Protect|p2a: Burn In Hail\n|-singleturn|p2a: Burn In Hail|Protect\n|move|p2b: Sneaky Icehole|Fake Out|p1b: Bronzong\n|-resisted|p1b: Bronzong\n|-damage|p1b: Bronzong|95\/100\n|move|p1a: Torkoal|Stealth Rock|p2a: Burn In Hail\n|-sidestart|p2: DrippinSauce|move: Stealth Rock\n|cant|p1b: Bronzong|flinch\n|\n|-weather|Snow|[upkeep]\n|upkeep\n|turn|2\n|\n|t:|1699922523\n|move|p2b: Sneaky Icehole|Knock Off|p1b: Bronzong\n|-supereffective|p1b: Bronzong\n|-damage|p1b: Bronzong|8\/100\n|-enditem|p1b: Bronzong|Light Clay|[from] move: Knock Off|[of] p2b: Sneaky Icehole\n|move|p2a: Burn In Hail|Earth Power|p1a: Torkoal\n|-supereffective|p1a: Torkoal\n|-damage|p1a: Torkoal|13\/100\n|move|p1a: Torkoal|Heat Wave|p2a: Burn In Hail|[spread] p2b\n|-miss|p1a: Torkoal|p2a: Burn In Hail\n|-supereffective|p2b: Sneaky Icehole\n|-damage|p2b: Sneaky Icehole|44\/100\n|move|p1b: Bronzong|Trick Room|p1b: Bronzong\n|-fieldstart|move: Trick Room|[of] p1b: Bronzong\n|\n|-weather|Snow|[upkeep]\n|upkeep\n|turn|3\n|\n|t:|1699922580\n|move|p2a: Burn In Hail|Protect|p2a: Burn In Hail\n|-singleturn|p2a: Burn In Hail|Protect\n|move|p1b: Bronzong|Light Screen|p1b: Bronzong\n|-sidestart|p1: asdasdasd3|move: Light Screen\n|move|p1a: Torkoal|Heat Wave|p2b: Sneaky Icehole|[spread] p2b\n|-activate|p2a: Burn In Hail|move: Protect\n|-supereffective|p2b: Sneaky Icehole\n|-damage|p2b: Sneaky Icehole|0 fnt\n|faint|p2b: Sneaky Icehole\n|\n|-weather|Snow|[upkeep]\n|upkeep\n|\n|t:|1699922598\n|switch|p2b: Ice Ice Baby|Ninetales-Alola, M, shiny|100\/100\n|-damage|p2b: Ice Ice Baby|76\/100|[from] Stealth Rock\n|turn|4\n|\n|t:|1699922611\n|switch|p1a: Indeedee|Indeedee-F, F|100\/100\n|-fieldstart|move: Psychic Terrain|[from] ability: Psychic Surge|[of] p1a: Indeedee\n|-terastallize|p2b: Ice Ice Baby|Fairy\n|move|p2a: Burn In Hail|Protect|p2a: Burn In Hail\n|-singleturn|p2a: Burn In Hail|Protect\n|move|p1b: Bronzong|Gyro Ball|p2b: Ice Ice Baby\n|-supereffective|p2b: Ice Ice Baby\n|-damage|p2b: Ice Ice Baby|0 fnt\n|faint|p2b: Ice Ice Baby\n|\n|-weather|Snow|[upkeep]\n|upkeep\n|\n|t:|1699922618\n|switch|p2b: Icy not Hot|Darmanitan-Galar, F|100\/100\n|-damage|p2b: Icy not Hot|75\/100|[from] Stealth Rock\n|turn|5\n|\n|t:|1699922714\n|switch|p1b: Torkoal|Torkoal, F|13\/100\n|-weather|SunnyDay|[from] ability: Drought|[of] p1b: Torkoal\n|move|p2a: Burn In Hail|Blizzard|p1b: Torkoal|[spread] \n|-miss|p2a: Burn In Hail|p1a: Indeedee\n|-miss|p2a: Burn In Hail|p1b: Torkoal\n|move|p1a: Indeedee|Expanding Force|p2b: Icy not Hot|[spread] p2a,p2b\n|-damage|p2a: Burn In Hail|69\/100\n|-damage|p2b: Icy not Hot|13\/100\n|-enditem|p2b: Icy not Hot|Salac Berry|[eat]\n|-boost|p2b: Icy not Hot|spe|1|[from] item: Salac Berry\n|move|p2b: Icy not Hot|Substitute|p2b: Icy not Hot\n|-fail|p2b: Icy not Hot|move: Substitute|[weak]\n|\n|-weather|SunnyDay|[upkeep]\n|-formechange|p2b: Icy not Hot|Darmanitan-Galar-Zen|\n|upkeep\n|turn|6\n|\n|t:|1699922742\n|move|p1b: Torkoal|Heat Wave|p2a: Burn In Hail|[spread] p2a,p2b\n|-supereffective|p2a: Burn In Hail\n|-damage|p2a: Burn In Hail|0 fnt\n|-damage|p2b: Icy not Hot|0 fnt\n|faint|p2a: Burn In Hail\n|faint|p2b: Icy not Hot\n|move|p1a: Indeedee|Expanding Force|p2: Burn In Hail|[notarget]\n|-fail|p1a: Indeedee\n|\n|-weather|SunnyDay|[upkeep]\n|-fieldend|move: Trick Room\n|upkeep\n|\n|t:|1699922748\n|switch|p2b: Articuno?|Articuno-Galar, shiny|100\/100\n|switch|p2a: Ice to Sweep you|Baxcalibur, F|100\/100\n|-damage|p2a: Ice to Sweep you|76\/100|[from] Stealth Rock\n|-damage|p2b: Articuno?|75\/100|[from] Stealth Rock\n|turn|7\n|\n|t:|1699922773\n|move|p2a: Ice to Sweep you|Icicle Spear|p1a: Indeedee\n|-damage|p1a: Indeedee|81\/100\n|-damage|p1a: Indeedee|60\/100\n|-damage|p1a: Indeedee|38\/100\n|-damage|p1a: Indeedee|17\/100\n|-hitcount|p1a: Indeedee|4\n|move|p2b: Articuno?|Freezing Glare|p1b: Torkoal\n|-damage|p1b: Torkoal|0 fnt\n|faint|p1b: Torkoal\n|move|p1a: Indeedee|Trick Room|p1a: Indeedee\n|-fieldstart|move: Trick Room|[of] p1a: Indeedee\n|\n|-weather|SunnyDay|[upkeep]\n|-sideend|p1: asdasdasd3|move: Light Screen\n|upkeep\n|\n|t:|1699922782\n|switch|p1b: Wednesday|Numel, F|100\/100\n|turn|8\n|\n|t:|1699922792\n|-terastallize|p1b: Wednesday|Fire\n|move|p1a: Indeedee|Follow Me|p1a: Indeedee\n|-singleturn|p1a: Indeedee|move: Follow Me\n|move|p2b: Articuno?|Ally Switch|p2b: Articuno?\n|swap|p2b: Articuno?|0|[from] move: Ally Switch\n|move|p1b: Wednesday|Growth|p1b: Wednesday\n|-boost|p1b: Wednesday|atk|4\n|-boost|p1b: Wednesday|spa|4\n|move|p2b: Ice to Sweep you|High Horsepower|p1a: Indeedee\n|-crit|p1a: Indeedee\n|-damage|p1a: Indeedee|0 fnt\n|faint|p1a: Indeedee\n|\n|-weather|SunnyDay|[upkeep]\n|-fieldend|move: Psychic Terrain\n|upkeep\n|\n|t:|1699922807\n|switch|p1a: Thursday|Camerupt, F|100\/100\n|turn|9\n|\n|t:|1699922816\n|detailschange|p1a: Thursday|Camerupt-Mega, F\n|-mega|p1a: Thursday|Camerupt|Cameruptite\n|move|p1a: Thursday|Eruption|p2b: Ice to Sweep you|[spread] p2a,p2b\n|-damage|p2a: Articuno?|0 fnt\n|-damage|p2b: Ice to Sweep you|0 fnt\n|faint|p2a: Articuno?\n|faint|p2b: Ice to Sweep you\n|\n|win|asdasdasd3\n","uploadtime":1699922954,"views":18,"p1id":"asdasdasd3","p2id":"drippinsauce","formatid":"gen9nationaldexdoubles","rating":0,"private":0,"password":""}