{"id":"gen9nationaldexdoubles-1968362574","p1":"Goldvixen","p2":"Brick_Enjoyer_144","format":"[Gen 9] National Dex Doubles","log":"|j|\u2606Goldvixen\n|j|\u2606Brick_Enjoyer_144\n|t:|1697410252\n|gametype|doubles\n|player|p1|Goldvixen|veteranf|1084\n|player|p2|Brick_Enjoyer_144|shauntal|1168\n|teamsize|p1|6\n|teamsize|p2|6\n|gen|9\n|tier|[Gen 9] National Dex Doubles\n|rated|\n|rule|HP Percentage Mod: HP is shown in percentages\n|rule|Endless Battle Clause: Forcing endless battles is banned\n|rule|OHKO Clause: OHKO moves are banned\n|rule|Evasion Moves Clause: Evasion moves are banned\n|rule|Evasion Abilities Clause: Evasion abilities are banned\n|rule|Species Clause: Limit one of each Pok\u00e9mon\n|rule|Gravity Sleep Clause: The combination of sleep-inducing moves with imperfect accuracy and Gravity or Gigantamax Orbeetle are banned\n|clearpoke\n|poke|p1|Ninetales, M|\n|poke|p1|Leafeon, M|\n|poke|p1|Venusaur, M|\n|poke|p1|Cinccino, F|\n|poke|p1|Minior-Violet|\n|poke|p1|Lycanroc-Dusk, M|\n|poke|p2|Banette, F|\n|poke|p2|Iron Valiant|\n|poke|p2|Dragonite, M|\n|poke|p2|Palafin, F|\n|poke|p2|Electrode-Hisui|\n|poke|p2|Meowscarada, F|\n|teampreview\n|inactive|Battle timer is ON: inactive players will automatically lose when time's up. (requested by Brick_Enjoyer_144)\n|\n|t:|1697410261\n|start\n|switch|p1a: Ninetales|Ninetales, M, shiny|100\/100\n|switch|p1b: Minior|Minior-Violet, shiny|100\/100\n|switch|p2a: Palafin|Palafin, F|100\/100\n|switch|p2b: Electrode|Electrode-Hisui|100\/100\n|-formechange|p1b: Minior|Minior-Meteor||[from] ability: Shields Down\n|-weather|SunnyDay|[from] ability: Drought|[of] p1a: Ninetales\n|turn|1\n|\n|t:|1697410285\n|switch|p1a: Venusaur|Venusaur, M|100\/100\n|detailschange|p2a: Palafin|Palafin-Hero, F\n|switch|p2a: Banette|Banette, F|100\/100\n|-item|p1a: Venusaur|Black Sludge|[from] ability: Frisk|[of] p2a: Banette|[identify]\n|-item|p1b: Minior|Focus Sash|[from] ability: Frisk|[of] p2a: Banette|[identify]\n|move|p2b: Electrode|Taunt|p1b: Minior\n|-start|p1b: Minior|move: Taunt\n|cant|p1b: Minior|move: Taunt|Shell Smash\n|\n|-weather|SunnyDay|[upkeep]\n|upkeep\n|turn|2\n|inactive|Brick_Enjoyer_144 has 120 seconds left.\n|\n|t:|1697410337\n|switch|p2a: Meowscarada|Meowscarada, F|100\/100\n|move|p1a: Venusaur|Sludge Bomb|p2b: Electrode\n|-supereffective|p2b: Electrode\n|-damage|p2b: Electrode|0 fnt\n|faint|p2b: Electrode\n|move|p1b: Minior|U-turn|p2a: Meowscarada\n|-supereffective|p2a: Meowscarada\n|-damage|p2a: Meowscarada|0 fnt\n|faint|p2a: Meowscarada\n|\n|t:|1697410352\n|switch|p1b: Cinccino|Cinccino, F|100\/100|[from] U-turn\n|\n|-weather|SunnyDay|[upkeep]\n|upkeep\n|\n|t:|1697410366\n|switch|p2b: Palafin|Palafin-Hero, F|100\/100\n|switch|p2a: Banette|Banette, F|100\/100\n|-activate|p2b: Palafin|ability: Zero to Hero\n|-item|p1a: Venusaur|Black Sludge|[from] ability: Frisk|[of] p2a: Banette|[identify]\n|-item|p1b: Cinccino|Loaded Dice|[from] ability: Frisk|[of] p2a: Banette|[identify]\n|turn|3\n|inactive|Brick_Enjoyer_144 has 120 seconds left.\n|\n|t:|1697410381\n|detailschange|p2a: Banette|Banette-Mega, F\n|-mega|p2a: Banette|Banette|Banettite\n|move|p2a: Banette|Will-O-Wisp|p1b: Cinccino\n|-status|p1b: Cinccino|brn\n|move|p1a: Venusaur|Giga Drain|p2b: Palafin\n|-supereffective|p2b: Palafin\n|-crit|p2b: Palafin\n|-damage|p2b: Palafin|0 fnt\n|faint|p2b: Palafin\n|move|p1b: Cinccino|Bullet Seed|p2a: Banette\n|-damage|p2a: Banette|93\/100\n|-damage|p2a: Banette|87\/100\n|-damage|p2a: Banette|80\/100\n|-damage|p2a: Banette|73\/100\n|-hitcount|p2a: Banette|4\n|\n|-weather|SunnyDay|[upkeep]\n|-damage|p1b: Cinccino|94\/100 brn|[from] brn\n|upkeep\n|inactive|Brick_Enjoyer_144 has 120 seconds left.\n|\n|t:|1697410394\n|switch|p2b: Iron Valiant|Iron Valiant|100\/100\n|-enditem|p2b: Iron Valiant|Booster Energy\n|-activate|p2b: Iron Valiant|ability: Quark Drive|[fromitem]\n|-start|p2b: Iron Valiant|quarkdrivespe\n|turn|4\n|\n|t:|1697410415\n|move|p2a: Banette|Disable|p1a: Venusaur\n|-start|p1a: Venusaur|Disable|Giga Drain\n|move|p2b: Iron Valiant|Aura Sphere|p1b: Cinccino\n|-supereffective|p1b: Cinccino\n|-damage|p1b: Cinccino|0 fnt\n|faint|p1b: Cinccino\n|move|p1a: Venusaur|Sludge Bomb|p2b: Iron Valiant\n|-supereffective|p2b: Iron Valiant\n|-damage|p2b: Iron Valiant|0 fnt\n|faint|p2b: Iron Valiant\n|-end|p2b: Iron Valiant|Quark Drive|[silent]\n|\n|-weather|SunnyDay|[upkeep]\n|upkeep\n|\n|t:|1697410429\n|switch|p2b: Dragonite|Dragonite, M|100\/100\n|switch|p1b: Lycanroc|Lycanroc-Dusk, M|100\/100\n|turn|5\n|\n|t:|1697410440\n|-terastallize|p2b: Dragonite|Normal\n|move|p2a: Banette|Will-O-Wisp|p1b: Lycanroc\n|-status|p1b: Lycanroc|brn\n|move|p1a: Venusaur|Sleep Powder|p2a: Banette\n|-status|p2a: Banette|slp|[from] move: Sleep Powder\n|move|p1b: Lycanroc|Outrage|p2b: Dragonite\n|-damage|p2b: Dragonite|83\/100\n|-damage|p1b: Lycanroc|91\/100 brn|[from] item: Life Orb\n|move|p2b: Dragonite|Dragon Dance|p2b: Dragonite\n|-boost|p2b: Dragonite|atk|1\n|-boost|p2b: Dragonite|spe|1\n|\n|-weather|SunnyDay|[upkeep]\n|-damage|p1b: Lycanroc|84\/100 brn|[from] brn\n|upkeep\n|turn|6\n|\n|t:|1697410466\n|move|p2b: Dragonite|Extreme Speed|p1a: Venusaur\n|-damage|p1a: Venusaur|13\/100\n|cant|p2a: Banette|slp\n|move|p1a: Venusaur|Sleep Powder|p2b: Dragonite|[miss]\n|-miss|p1a: Venusaur|p2b: Dragonite\n|move|p1b: Lycanroc|Outrage|p2b: Dragonite|[from]lockedmove\n|-damage|p2b: Dragonite|45\/100\n|-damage|p1b: Lycanroc|74\/100 brn|[from] item: Life Orb\n|-start|p1b: Lycanroc|confusion|[fatigue]\n|\n|-weather|SunnyDay|[upkeep]\n|-heal|p1a: Venusaur|19\/100|[from] item: Black Sludge\n|-damage|p1b: Lycanroc|68\/100 brn|[from] brn\n|upkeep\n|turn|7\n|inactive|Goldvixen has 120 seconds left.\n|\n|t:|1697410500\n|move|p2b: Dragonite|Extreme Speed|p1a: Venusaur\n|-damage|p1a: Venusaur|0 fnt\n|faint|p1a: Venusaur\n|-activate|p1b: Lycanroc|confusion\n|move|p1b: Lycanroc|Accelerock|p2b: Dragonite\n|-damage|p2b: Dragonite|27\/100\n|-damage|p1b: Lycanroc|58\/100 brn|[from] item: Life Orb\n|cant|p2a: Banette|slp\n|\n|-weather|SunnyDay|[upkeep]\n|-damage|p1b: Lycanroc|52\/100 brn|[from] brn\n|upkeep\n|inactive|Goldvixen has 120 seconds left.\n|\n|t:|1697410513\n|switch|p1a: Minior|Minior-Violet, shiny|100\/100\n|-formechange|p1a: Minior|Minior-Meteor||[from] ability: Shields Down\n|turn|8\n|\n|t:|1697410533\n|-terastallize|p1a: Minior|Rock\n|cant|p2a: Banette|slp\n|move|p2b: Dragonite|Ice Spinner|p1b: Lycanroc\n|-damage|p1b: Lycanroc|0 fnt\n|faint|p1b: Lycanroc\n|move|p1a: Minior|Rock Slide|p2b: Dragonite|[spread] p2a,p2b\n|-damage|p2a: Banette|39\/100 slp\n|-damage|p2b: Dragonite|0 fnt\n|faint|p2b: Dragonite\n|\n|-weather|none\n|upkeep\n|inactive|Goldvixen has 120 seconds left.\n|\n|t:|1697410544\n|switch|p1b: Ninetales|Ninetales, M, shiny|100\/100\n|-weather|SunnyDay|[from] ability: Drought|[of] p1b: Ninetales\n|turn|9\n|\n|t:|1697410554\n|-curestatus|p2a: Banette|slp|[msg]\n|move|p2a: Banette|Will-O-Wisp|p1a: Minior\n|-immune|p1a: Minior|[from] ability: Shields Down\n|move|p1b: Ninetales|Dream Eater|p2a: Banette\n|-immune|p2a: Banette\n|move|p1a: Minior|Rock Slide|p2a: Banette\n|-damage|p2a: Banette|0 fnt\n|faint|p2a: Banette\n|\n|win|Goldvixen\n|raw|Goldvixen's rating: 1084 &rarr; <strong>1118<\/strong><br \/>(+34 for winning)\n|raw|Brick_Enjoyer_144's rating: 1168 &rarr; <strong>1137<\/strong><br \/>(-31 for losing)\n","uploadtime":1697410569,"views":30,"p1id":"goldvixen","p2id":"brickenjoyer144","formatid":"gen9nationaldexdoubles","rating":1118,"private":0,"password":""}