{"id":"gen9nationaldexdoubles-1999335852","p1":"Whaleu","p2":"normie jean","format":"[Gen 9] National Dex Doubles","log":"|j|\u2606Whaleu\n|j|\u2606normie jean\n|t:|1701062287\n|gametype|doubles\n|player|p1|Whaleu|266|\n|player|p2|normie jean|clown|\n|teamsize|p1|6\n|teamsize|p2|6\n|gen|9\n|tier|[Gen 9] National Dex Doubles\n|rule|HP Percentage Mod: HP is shown in percentages\n|rule|Endless Battle Clause: Forcing endless battles is banned\n|rule|OHKO Clause: OHKO moves are banned\n|rule|Evasion Moves Clause: Evasion moves are banned\n|rule|Evasion Abilities Clause: Evasion abilities are banned\n|rule|Species Clause: Limit one of each Pok\u00e9mon\n|rule|Gravity Sleep Clause: The combination of sleep-inducing moves with imperfect accuracy and Gravity or Gigantamax Orbeetle are banned\n|rule|Item Clause: Limit one of each item\n|clearpoke\n|poke|p1|Magcargo, F|\n|poke|p1|Clefable, M|\n|poke|p1|Nidoking, M|\n|poke|p1|Umbreon, F|\n|poke|p1|Serperior, M|\n|poke|p1|Klinklang|\n|poke|p2|Thievul, M|\n|poke|p2|Lucario, M|\n|poke|p2|Meowscarada, F|\n|poke|p2|Inteleon, M|\n|poke|p2|Clefairy, F|\n|poke|p2|Pelipper, M|\n|teampreview|4\n|j| BROCKISAROCK\n|j| prophetofsnacc\n|j| specner4\n|j| Felis Regalis\n|\n|t:|1701062380\n|start\n|switch|p1a: Umbreon|Umbreon, F|100\/100\n|switch|p1b: Serperior|Serperior, M|100\/100\n|switch|p2a: Lucario|Lucario, M|100\/100\n|switch|p2b: Clefairy|Clefairy, F|100\/100\n|turn|1\n|\n|t:|1701062474\n|move|p2b: Clefairy|Helping Hand|p2a: Lucario\n|-singleturn|p2a: Lucario|Helping Hand|[of] p2b: Clefairy\n|move|p1a: Umbreon|Protect|p1a: Umbreon\n|-singleturn|p1a: Umbreon|Protect\n|move|p1b: Serperior|Glare|p2a: Lucario\n|-status|p2a: Lucario|par\n|cant|p2a: Lucario|par\n|\n|upkeep\n|turn|2\n|\n|t:|1701062554\n|switch|p1a: Nidoking|Nidoking, M|100\/100\n|detailschange|p2a: Lucario|Lucario-Mega, M\n|-mega|p2a: Lucario|Lucario|Lucarionite\n|move|p2b: Clefairy|Helping Hand|p2a: Lucario\n|-singleturn|p2a: Lucario|Helping Hand|[of] p2b: Clefairy\n|move|p1b: Serperior|Glare|p2b: Clefairy\n|-status|p2b: Clefairy|par\n|move|p2a: Lucario|Close Combat|p1a: Nidoking\n|-resisted|p1a: Nidoking\n|-damage|p1a: Nidoking|6\/100\n|-unboost|p2a: Lucario|def|1\n|-unboost|p2a: Lucario|spd|1\n|\n|upkeep\n|turn|3\n|\n|t:|1701062620\n|move|p2a: Lucario|Protect|p2a: Lucario\n|-singleturn|p2a: Lucario|Protect\n|move|p1b: Serperior|Leaf Storm|p2b: Clefairy|[miss]\n|-miss|p1b: Serperior|p2b: Clefairy\n|move|p1a: Nidoking|Flamethrower|p2a: Lucario\n|-activate|p2a: Lucario|move: Protect\n|cant|p2b: Clefairy|par\n|\n|upkeep\n|turn|4\n|\n|t:|1701062657\n|move|p2b: Clefairy|Helping Hand|p2a: Lucario\n|-singleturn|p2a: Lucario|Helping Hand|[of] p2b: Clefairy\n|move|p1b: Serperior|Leaf Storm|p2b: Clefairy\n|-damage|p2b: Clefairy|65\/100 par\n|-boost|p1b: Serperior|spa|2\n|move|p1a: Nidoking|Flamethrower|p2a: Lucario\n|-supereffective|p2a: Lucario\n|-damage|p2a: Lucario|0 fnt\n|faint|p2a: Lucario\n|\n|upkeep\n|\n|t:|1701062676\n|switch|p2a: Inteleon|Inteleon, M|100\/100\n|turn|5\n|\n|t:|1701062711\n|move|p2b: Clefairy|Helping Hand|p2a: Inteleon\n|-singleturn|p2a: Inteleon|Helping Hand|[of] p2b: Clefairy\n|move|p1b: Serperior|Leaf Storm|p2a: Inteleon\n|-supereffective|p2a: Inteleon\n|-enditem|p2a: Inteleon|Focus Sash\n|-damage|p2a: Inteleon|1\/100\n|-boost|p1b: Serperior|spa|2\n|move|p2a: Inteleon|Ice Beam|p1b: Serperior\n|-supereffective|p1b: Serperior\n|-damage|p1b: Serperior|0 fnt\n|faint|p1b: Serperior\n|move|p1a: Nidoking|Earth Power|p2b: Clefairy\n|-damage|p2b: Clefairy|26\/100 par\n|\n|upkeep\n|\n|t:|1701062739\n|switch|p1b: Umbreon|Umbreon, F|100\/100\n|turn|6\n|\n|t:|1701062766\n|move|p2a: Inteleon|Protect|p2a: Inteleon\n|-singleturn|p2a: Inteleon|Protect\n|move|p1a: Nidoking|Sludge Wave|p2b: Clefairy|[spread] p1b,p2b\n|-activate|p2a: Inteleon|move: Protect\n|-supereffective|p2b: Clefairy\n|-damage|p1b: Umbreon|65\/100\n|-damage|p2b: Clefairy|0 fnt\n|faint|p2b: Clefairy\n|move|p1b: Umbreon|Foul Play|p2a: Inteleon\n|-activate|p2a: Inteleon|move: Protect\n|\n|upkeep\n|\n|t:|1701062777\n|switch|p2b: Pelipper|Pelipper, M|100\/100\n|-weather|RainDance|[from] ability: Drizzle|[of] p2b: Pelipper\n|turn|7\n|\n|t:|1701062925\n|move|p2a: Inteleon|Icy Wind|p1a: Nidoking|[spread] p1a,p1b\n|-supereffective|p1a: Nidoking\n|-damage|p1a: Nidoking|0 fnt\n|-damage|p1b: Umbreon|55\/100\n|-unboost|p1b: Umbreon|spe|1\n|faint|p1a: Nidoking\n|move|p2b: Pelipper|Ice Beam|p1b: Umbreon\n|-damage|p1b: Umbreon|40\/100\n|move|p1b: Umbreon|Foul Play|p2a: Inteleon\n|-damage|p2a: Inteleon|0 fnt\n|faint|p2a: Inteleon\n|\n|-weather|RainDance|[upkeep]\n|upkeep\n|\n|t:|1701062936\n|switch|p1a: Klinklang|Klinklang|100\/100\n|turn|8\n|\n|t:|1701062970\n|move|p2b: Pelipper|Protect|p2b: Pelipper\n|-singleturn|p2b: Pelipper|Protect\n|move|p1b: Umbreon|Protect|p1b: Umbreon\n|-singleturn|p1b: Umbreon|Protect\n|move|p1a: Klinklang|Thunderbolt|p2b: Pelipper\n|-activate|p2b: Pelipper|move: Protect\n|\n|-weather|RainDance|[upkeep]\n|upkeep\n|turn|9\n|\n|t:|1701062989\n|move|p1a: Klinklang|Thunderbolt|p2b: Pelipper\n|-supereffective|p2b: Pelipper\n|-damage|p2b: Pelipper|42\/100\n|move|p2b: Pelipper|Ice Beam|p1b: Umbreon\n|-damage|p1b: Umbreon|26\/100\n|move|p1b: Umbreon|Wish|p1b: Umbreon\n|\n|-weather|RainDance|[upkeep]\n|-heal|p2b: Pelipper|49\/100|[from] item: Leftovers\n|upkeep\n|turn|10\n|\n|t:|1701063005\n|move|p2b: Pelipper|Protect|p2b: Pelipper\n|-singleturn|p2b: Pelipper|Protect\n|move|p1b: Umbreon|Protect|p1b: Umbreon\n|-singleturn|p1b: Umbreon|Protect\n|move|p1a: Klinklang|Thunderbolt|p2b: Pelipper\n|-activate|p2b: Pelipper|move: Protect\n|\n|-weather|RainDance|[upkeep]\n|-heal|p1b: Umbreon|76\/100|[from] move: Wish|[wisher] Umbreon\n|-heal|p2b: Pelipper|55\/100|[from] item: Leftovers\n|upkeep\n|turn|11\n|\n|t:|1701063020\n|move|p1a: Klinklang|Thunderbolt|p2b: Pelipper\n|-supereffective|p2b: Pelipper\n|-damage|p2b: Pelipper|0 fnt\n|faint|p2b: Pelipper\n|\n|win|Whaleu\n","uploadtime":1701063027,"views":10,"p1id":"whaleu","p2id":"normiejean","formatid":"gen9nationaldexdoubles","rating":0,"private":0,"password":""}