{"id":"gen9nationaldexdoubles-1983299090","p1":"ekirandom","p2":"Roncito","format":"[Gen 9] National Dex Doubles","log":"|j|\u2606ekirandom\n|j|\u2606Roncito\n|t:|1699115637\n|gametype|doubles\n|player|p1|ekirandom|266|\n|player|p2|Roncito|1|\n|teamsize|p1|6\n|teamsize|p2|6\n|gen|9\n|tier|[Gen 9] National Dex Doubles\n|rule|HP Percentage Mod: HP is shown in percentages\n|rule|Endless Battle Clause: Forcing endless battles is banned\n|rule|OHKO Clause: OHKO moves are banned\n|rule|Evasion Moves Clause: Evasion moves are banned\n|rule|Evasion Abilities Clause: Evasion abilities are banned\n|rule|Species Clause: Limit one of each Pok\u00e9mon\n|rule|Gravity Sleep Clause: The combination of sleep-inducing moves with imperfect accuracy and Gravity or Gigantamax Orbeetle are banned\n|clearpoke\n|poke|p1|Squirtle, F|\n|poke|p1|Chikorita, M|\n|poke|p1|Litten, M|\n|poke|p1|Scorbunny, M|\n|poke|p1|Larvitar, F|\n|poke|p1|Pichu, M|\n|poke|p2|Charmander, M|\n|poke|p2|Larvitar, M|\n|poke|p2|Totodile, M|\n|poke|p2|Sprigatito, F|\n|poke|p2|Bulbasaur, F|\n|poke|p2|Litten, M|\n|teampreview\n|\n|t:|1699115723\n|start\n|switch|p1a: Pichu|Pichu, M|100\/100\n|switch|p1b: Scorbunny|Scorbunny, M|100\/100\n|switch|p2a: Larvitar|Larvitar, M|100\/100\n|switch|p2b: Bulbasaur|Bulbasaur, F|100\/100\n|turn|1\n|\n|t:|1699115818\n|-terastallize|p1a: Pichu|Flying\n|move|p1b: Scorbunny|U-turn|p2b: Bulbasaur\n|-start|p1b: Scorbunny|typechange|Bug|[from] ability: Libero\n|-damage|p2b: Bulbasaur|54\/100\n|\n|t:|1699115857\n|switch|p1b: Squirtle|Squirtle, F|100\/100|[from] U-turn\n|move|p1a: Pichu|Nuzzle|p2b: Bulbasaur\n|-resisted|p2b: Bulbasaur\n|-damage|p2b: Bulbasaur|50\/100\n|-status|p2b: Bulbasaur|par\n|move|p2a: Larvitar|Earthquake|p1a: Pichu|[spread] p2b,p1b\n|-immune|p1a: Pichu\n|-damage|p2b: Bulbasaur|30\/100 par\n|-damage|p1b: Squirtle|80\/100\n|move|p2b: Bulbasaur|Giga Drain|p1b: Squirtle\n|-supereffective|p1b: Squirtle\n|-damage|p1b: Squirtle|32\/100\n|-heal|p2b: Bulbasaur|53\/100 par|[from] drain|[of] p1b: Squirtle\n|\n|-status|p2a: Larvitar|brn|[from] item: Flame Orb\n|upkeep\n|turn|2\n|\n|t:|1699115931\n|move|p1a: Pichu|Protect|p1a: Pichu\n|-singleturn|p1a: Pichu|Protect\n|move|p1b: Squirtle|Ice Beam|p2b: Bulbasaur\n|-supereffective|p2b: Bulbasaur\n|-damage|p2b: Bulbasaur|13\/100 par\n|move|p2a: Larvitar|Rock Slide|p1a: Pichu|[spread] p1b\n|-activate|p1a: Pichu|move: Protect\n|-damage|p1b: Squirtle|6\/100\n|move|p2b: Bulbasaur|Giga Drain|p1a: Pichu\n|-activate|p1a: Pichu|move: Protect\n|\n|-damage|p2a: Larvitar|94\/100 brn|[from] brn\n|upkeep\n|turn|3\n|\n|t:|1699115972\n|switch|p1a: Scorbunny|Scorbunny, M|100\/100\n|move|p1b: Squirtle|Protect|p1b: Squirtle\n|-singleturn|p1b: Squirtle|Protect\n|move|p2a: Larvitar|Dragon Dance|p2a: Larvitar\n|-boost|p2a: Larvitar|atk|1\n|-boost|p2a: Larvitar|spe|1\n|move|p2b: Bulbasaur|Giga Drain|p1a: Scorbunny\n|-resisted|p1a: Scorbunny\n|-damage|p1a: Scorbunny|72\/100\n|-heal|p2b: Bulbasaur|26\/100 par|[from] drain|[of] p1a: Scorbunny\n|\n|-damage|p2a: Larvitar|88\/100 brn|[from] brn\n|upkeep\n|turn|4\n|\n|t:|1699116020\n|switch|p1b: Litten|Litten, M|100\/100\n|-ability|p1b: Litten|Intimidate|boost\n|-unboost|p2a: Larvitar|atk|1\n|-unboost|p2b: Bulbasaur|atk|1\n|move|p1a: Scorbunny|U-turn|p2b: Bulbasaur\n|-start|p1a: Scorbunny|typechange|Bug|[from] ability: Libero\n|-damage|p2b: Bulbasaur|0 fnt\n|faint|p2b: Bulbasaur\n|\n|t:|1699116075\n|switch|p1a: Chikorita|Chikorita, M|100\/100|[from] U-turn\n|move|p2a: Larvitar|Iron Head|p1b: Litten\n|-resisted|p1b: Litten\n|-damage|p1b: Litten|70\/100\n|\n|-damage|p2a: Larvitar|82\/100 brn|[from] brn\n|upkeep\n|\n|t:|1699116089\n|switch|p2b: Charmander|Charmander, M|100\/100\n|turn|5\n|\n|t:|1699116283\n|switch|p1a: Squirtle|Squirtle, F|6\/100\n|move|p1b: Litten|Double Kick|p2b: Charmander\n|-crit|p2b: Charmander\n|-damage|p2b: Charmander|72\/100\n|-damage|p2b: Charmander|53\/100\n|-hitcount|p2b: Charmander|2\n|-damage|p1b: Litten|60\/100|[from] item: Life Orb\n|move|p2a: Larvitar|Earthquake|p1a: Squirtle|[spread] p2b,p1a,p1b\n|-supereffective|p2b: Charmander\n|-supereffective|p1b: Litten\n|-damage|p2b: Charmander|0 fnt\n|-damage|p1a: Squirtle|0 fnt\n|-damage|p1b: Litten|0 fnt\n|faint|p2b: Charmander\n|faint|p1a: Squirtle\n|faint|p1b: Litten\n|\n|-damage|p2a: Larvitar|76\/100 brn|[from] brn\n|upkeep\n|\n|t:|1699116316\n|switch|p1b: Scorbunny|Scorbunny, M|72\/100\n|switch|p2b: Litten|Litten, M|100\/100\n|switch|p1a: Chikorita|Chikorita, M|100\/100\n|-ability|p2b: Litten|Intimidate|boost\n|-unboost|p1a: Chikorita|atk|1\n|-unboost|p1b: Scorbunny|atk|1\n|turn|6\n|\n|t:|1699116404\n|switch|p1a: Larvitar|Larvitar, F|100\/100\n|move|p2b: Litten|Fake Out|p1a: Larvitar\n|-resisted|p1a: Larvitar\n|-damage|p1a: Larvitar|93\/100\n|move|p1b: Scorbunny|Low Kick|p2a: Larvitar\n|-start|p1b: Scorbunny|typechange|Fighting|[from] ability: Libero\n|-supereffective|p2a: Larvitar\n|-damage|p2a: Larvitar|0 fnt\n|faint|p2a: Larvitar\n|\n|-status|p1a: Larvitar|brn|[from] item: Flame Orb\n|upkeep\n|\n|t:|1699116434\n|switch|p2a: Totodile|Totodile, M|100\/100\n|turn|7\n|\n|t:|1699116471\n|move|p2b: Litten|U-turn|p1a: Larvitar\n|-damage|p1a: Larvitar|66\/100 brn\n|\n|t:|1699116480\n|switch|p2b: Sprigatito|Sprigatito, F|100\/100|[from] U-turn\n|move|p1b: Scorbunny|Low Kick|p2a: Totodile\n|-damage|p2a: Totodile|92\/100\n|move|p2a: Totodile|Ice Punch|p1a: Larvitar\n|-supereffective|p1a: Larvitar\n|-damage|p1a: Larvitar|0 fnt\n|faint|p1a: Larvitar\n|\n|upkeep\n|\n|t:|1699116493\n|switch|p1a: Pichu|Pichu, M, tera:Flying|100\/100\n|turn|8\n|\n|t:|1699116519\n|move|p2a: Totodile|Aqua Jet|p1b: Scorbunny\n|-damage|p1b: Scorbunny|34\/100\n|move|p1b: Scorbunny|Low Kick|p2b: Sprigatito\n|-damage|p2b: Sprigatito|81\/100\n|move|p2b: Sprigatito|U-turn|p1a: Pichu\n|-start|p2b: Sprigatito|typechange|Bug|[from] ability: Protean\n|-resisted|p1a: Pichu\n|-damage|p1a: Pichu|2\/100\n|-damage|p2b: Sprigatito|71\/100|[from] item: Life Orb\n|\n|t:|1699116533\n|switch|p2b: Litten|Litten, M|100\/100|[from] U-turn\n|-ability|p2b: Litten|Intimidate|boost\n|-unboost|p1a: Pichu|atk|1\n|-unboost|p1b: Scorbunny|atk|1\n|move|p1a: Pichu|Wild Charge|p2a: Totodile\n|-supereffective|p2a: Totodile\n|-damage|p2a: Totodile|56\/100\n|-damage|p1a: Pichu|0 fnt|[from] Recoil\n|faint|p1a: Pichu\n|\n|upkeep\n|\n|t:|1699116546\n|switch|p1a: Chikorita|Chikorita, M|100\/100\n|turn|9\n|\n|t:|1699116586\n|move|p2b: Litten|Flare Blitz|p1a: Chikorita\n|-supereffective|p1a: Chikorita\n|-damage|p1a: Chikorita|25\/100\n|-damage|p2b: Litten|72\/100|[from] Recoil\n|move|p1b: Scorbunny|Low Kick|p2b: Litten\n|-damage|p2b: Litten|57\/100\n|move|p2a: Totodile|Waterfall|p1b: Scorbunny\n|-damage|p1b: Scorbunny|0 fnt\n|faint|p1b: Scorbunny\n|move|p1a: Chikorita|Seed Bomb|p2a: Totodile\n|-supereffective|p2a: Totodile\n|-damage|p2a: Totodile|24\/100\n|\n|upkeep\n|turn|10\n|\n|t:|1699116616\n|move|p2b: Litten|Fake Out||[still]\n|-hint|Fake Out only works on your first turn out.\n|-fail|p2b: Litten\n|move|p2a: Totodile|Ice Punch|p1a: Chikorita\n|-supereffective|p1a: Chikorita\n|-damage|p1a: Chikorita|0 fnt\n|faint|p1a: Chikorita\n|\n|win|Roncito\n","uploadtime":1699116628,"views":10,"p1id":"ekirandom","p2id":"roncito","formatid":"gen9nationaldexdoubles","rating":0,"private":0,"password":""}