{"id":"gen9nationaldexdoubles-1956502555","p1":"Tentacruel69","p2":"Scummy strats","format":"[Gen 9] National Dex Doubles","log":"|j|\u2606Tentacruel69\n|j|\u2606Scummy strats\n|t:|1696114510\n|gametype|doubles\n|player|p1|Tentacruel69|lucas|1061\n|player|p2|Scummy strats|n|1181\n|teamsize|p1|6\n|teamsize|p2|6\n|gen|9\n|tier|[Gen 9] National Dex Doubles\n|rated|\n|rule|HP Percentage Mod: HP is shown in percentages\n|rule|Endless Battle Clause: Forcing endless battles is banned\n|rule|OHKO Clause: OHKO moves are banned\n|rule|Evasion Moves Clause: Evasion moves are banned\n|rule|Evasion Abilities Clause: Evasion abilities are banned\n|rule|Species Clause: Limit one of each Pok\u00e9mon\n|rule|Gravity Sleep Clause: The combination of sleep-inducing moves with imperfect accuracy and Gravity or Gigantamax Orbeetle are banned\n|clearpoke\n|poke|p1|Weezing-Galar, M|\n|poke|p1|Regigigas|\n|poke|p1|Dusclops, F|\n|poke|p1|Amoonguss, F|\n|poke|p1|Conkeldurr, M|\n|poke|p1|Ursaluna-Bloodmoon, M|\n|poke|p2|Weezing-Galar, M|\n|poke|p2|Regigigas|\n|poke|p2|Dusclops, M|\n|poke|p2|Amoonguss, F|\n|poke|p2|Conkeldurr, M|\n|poke|p2|Ursaluna-Bloodmoon, M|\n|teampreview\n|c|\u2606Tentacruel69|Hold up\n|c|\u2606Tentacruel69|Wait a minute\n|c|\u2606Tentacruel69|Is thst you\n|c|\u2606Tentacruel69|Kyle\n|c|\u2606Scummy strats|Yo jimmy\n|c|\u2606Tentacruel69|I havent seen you in donkeys mayte\n|c|\u2606Scummy strats|Nah its been ages\n|c|\u2606Tentacruel69|Still using this team ay\n|c|\u2606Tentacruel69|We made this team 72 years ago\n|\n|t:|1696114614\n|start\n|switch|p1a: Dusclops|Dusclops, F|100\/100\n|switch|p1b: Conkeldurr|Conkeldurr, M|100\/100\n|switch|p2a: Weezing|Weezing-Galar, M|100\/100\n|switch|p2b: Regigigas|Regigigas|100\/100\n|-ability|p2a: Weezing|Neutralizing Gas\n|turn|1\n|inactive|Battle timer is ON: inactive players will automatically lose when time's up. (requested by Tentacruel69)\n|\n|t:|1696114682\n|-terastallize|p2b: Regigigas|Psychic\n|-terastallize|p1b: Conkeldurr|Steel\n|move|p1a: Dusclops|Ally Switch|p1a: Dusclops\n|swap|p1a: Dusclops|1|[from] move: Ally Switch\n|move|p2b: Regigigas|Zen Headbutt|p1b: Dusclops\n|-damage|p1b: Dusclops|68\/100\n|move|p2a: Weezing|Strange Steam|p1b: Dusclops\n|-damage|p1b: Dusclops|52\/100\n|-start|p1b: Dusclops|confusion\n|move|p1a: Conkeldurr|Tera Blast|p2a: Weezing|[anim] Tera Blast Steel\n|-supereffective|p2a: Weezing\n|-damage|p2a: Weezing|20\/100\n|\n|-status|p1a: Conkeldurr|brn|[from] item: Flame Orb\n|upkeep\n|turn|2\n|inactive|Scummy strats has 120 seconds left.\n|inactive|Tentacruel69 has 120 seconds left.\n|inactiveoff|Battle timer is now OFF.\n|\n|t:|1696114770\n|move|p2b: Regigigas|Power-Up Punch|p1a: Conkeldurr\n|-supereffective|p1a: Conkeldurr\n|-damage|p1a: Conkeldurr|63\/100 brn\n|-boost|p2b: Regigigas|atk|1\n|move|p2a: Weezing|Strange Steam|p1a: Conkeldurr\n|-resisted|p1a: Conkeldurr\n|-damage|p1a: Conkeldurr|48\/100 brn\n|move|p1a: Conkeldurr|Tera Blast|p2a: Weezing|[anim] Tera Blast Steel\n|-supereffective|p2a: Weezing\n|-damage|p2a: Weezing|0 fnt\n|faint|p2a: Weezing\n|-end|p2a: Weezing|ability: Neutralizing Gas\n|-start|p2b: Regigigas|ability: Slow Start\n|-ability|p1b: Dusclops|Pressure\n|-activate|p1b: Dusclops|confusion\n|-damage|p1b: Dusclops|46\/100|[from] confusion\n|\n|-damage|p1a: Conkeldurr|42\/100 brn|[from] brn\n|upkeep\n|\n|t:|1696114814\n|switch|p2a: Conkeldurr|Conkeldurr, M|100\/100\n|turn|3\n|\n|t:|1696114854\n|move|p2b: Regigigas|Power-Up Punch|p1b: Dusclops\n|-immune|p1b: Dusclops\n|move|p2a: Conkeldurr|Drain Punch|p1a: Conkeldurr\n|-supereffective|p1a: Conkeldurr\n|-damage|p1a: Conkeldurr|0 fnt\n|faint|p1a: Conkeldurr\n|-activate|p1b: Dusclops|confusion\n|move|p1b: Dusclops|Trick Room|p1b: Dusclops\n|-fieldstart|move: Trick Room|[of] p1b: Dusclops\n|\n|-status|p2a: Conkeldurr|brn|[from] item: Flame Orb\n|upkeep\n|\n|t:|1696114881\n|switch|p1a: Ursaluna|Ursaluna-Bloodmoon, M|100\/100\n|-enditem|p1a: Ursaluna|Room Service\n|-unboost|p1a: Ursaluna|spe|1|[from] item: Room Service\n|turn|4\n|\n|t:|1696114913\n|-end|p1b: Dusclops|confusion\n|move|p1b: Dusclops|Ally Switch|p1b: Dusclops\n|swap|p1b: Dusclops|0|[from] move: Ally Switch\n|move|p1b: Ursaluna|Blood Moon|p2a: Conkeldurr\n|-damage|p2a: Conkeldurr|24\/100 brn\n|move|p2a: Conkeldurr|Drain Punch|p1a: Dusclops\n|-immune|p1a: Dusclops\n|move|p2b: Regigigas|Knock Off|p1b: Ursaluna\n|-damage|p1b: Ursaluna|85\/100\n|\n|-damage|p2a: Conkeldurr|18\/100 brn|[from] brn\n|upkeep\n|turn|5\n|\n|t:|1696114948\n|switch|p2a: Amoonguss|Amoonguss, F|100\/100\n|move|p1a: Dusclops|Earthquake|p2b: Regigigas|[spread] p1b,p2a,p2b\n|-damage|p1b: Ursaluna|76\/100\n|-damage|p2a: Amoonguss|90\/100\n|-damage|p2b: Regigigas|91\/100\n|move|p1b: Ursaluna|Calm Mind|p1b: Ursaluna\n|-boost|p1b: Ursaluna|spa|1\n|-boost|p1b: Ursaluna|spd|1\n|move|p2b: Regigigas|Power-Up Punch|p1b: Ursaluna\n|-supereffective|p1b: Ursaluna\n|-damage|p1b: Ursaluna|57\/100\n|-boost|p2b: Regigigas|atk|1\n|\n|upkeep\n|turn|6\n|\n|t:|1696114973\n|move|p2a: Amoonguss|Rage Powder|p2a: Amoonguss\n|-singleturn|p2a: Amoonguss|move: Rage Powder\n|move|p1a: Dusclops|Earthquake|p2b: Regigigas|[spread] p1b,p2a,p2b\n|-damage|p1b: Ursaluna|47\/100\n|-damage|p2a: Amoonguss|81\/100\n|-damage|p2b: Regigigas|82\/100\n|move|p1b: Ursaluna|Blood Moon|p2a: Amoonguss\n|-damage|p2a: Amoonguss|0 fnt\n|faint|p2a: Amoonguss\n|move|p2b: Regigigas|Power-Up Punch|p1b: Ursaluna\n|-supereffective|p1b: Ursaluna\n|-damage|p1b: Ursaluna|22\/100\n|-boost|p2b: Regigigas|atk|1\n|\n|-end|p2b: Regigigas|Slow Start\n|upkeep\n|\n|t:|1696114991\n|switch|p2a: Dusclops|Dusclops, M|100\/100\n|-item|p1a: Dusclops|Eviolite|[from] ability: Frisk|[of] p2a: Dusclops|[identify]\n|turn|7\n|\n|t:|1696115045\n|move|p2a: Dusclops|Protect|p2a: Dusclops\n|-singleturn|p2a: Dusclops|Protect\n|move|p1a: Dusclops|Earthquake|p2a: Dusclops|[spread] p1b,p2b\n|-activate|p2a: Dusclops|move: Protect\n|-damage|p1b: Ursaluna|12\/100\n|-damage|p2b: Regigigas|74\/100\n|move|p1b: Ursaluna|Earth Power|p2b: Regigigas\n|-damage|p2b: Regigigas|33\/100\n|move|p2b: Regigigas|Drain Punch|p1b: Ursaluna\n|-supereffective|p1b: Ursaluna\n|-damage|p1b: Ursaluna|0 fnt\n|-heal|p2b: Regigigas|39\/100|[from] drain|[of] p1b: Ursaluna\n|faint|p1b: Ursaluna\n|\n|-fieldend|move: Trick Room\n|upkeep\n|\n|t:|1696115076\n|switch|p1b: Amoonguss|Amoonguss, F|100\/100\n|turn|8\n|\n|t:|1696115094\n|move|p2a: Dusclops|Ally Switch||[still]\n|-fail|p2a: Dusclops\n|move|p2b: Regigigas|Knock Off|p1a: Dusclops\n|-supereffective|p1a: Dusclops\n|-damage|p1a: Dusclops|0 fnt\n|-enditem|p1a: Dusclops|Eviolite|[from] move: Knock Off|[of] p2b: Regigigas\n|faint|p1a: Dusclops\n|move|p1b: Amoonguss|Spore|p2b: Regigigas\n|-status|p2b: Regigigas|slp|[from] move: Spore\n|\n|upkeep\n|\n|t:|1696115114\n|switch|p1a: Regigigas|Regigigas|100\/100\n|-start|p1a: Regigigas|ability: Slow Start\n|turn|9\n|\n|t:|1696115140\n|switch|p1b: Weezing|Weezing-Galar, M|100\/100\n|-ability|p1b: Weezing|Neutralizing Gas\n|-end|p1a: Regigigas|Slow Start|[silent]\n|move|p2a: Dusclops|Ally Switch|p2a: Dusclops\n|swap|p2a: Dusclops|1|[from] move: Ally Switch\n|cant|p2a: Regigigas|slp\n|move|p1a: Regigigas|Knock Off|p2b: Dusclops\n|-supereffective|p2b: Dusclops\n|-damage|p2b: Dusclops|50\/100\n|-enditem|p2b: Dusclops|Eviolite|[from] move: Knock Off|[of] p1a: Regigigas\n|\n|upkeep\n|turn|10\n|\n|t:|1696115163\n|move|p2b: Dusclops|Protect||[still]\n|-fail|p2b: Dusclops\n|move|p1a: Regigigas|Knock Off|p2a: Regigigas\n|-supereffective|p2a: Regigigas\n|-damage|p2a: Regigigas|0 fnt\n|-enditem|p2a: Regigigas|Assault Vest|[from] move: Knock Off|[of] p1a: Regigigas\n|faint|p2a: Regigigas\n|-end|p2a: Regigigas|Slow Start|[silent]\n|move|p1b: Weezing|Poison Gas|p2b: Dusclops\n|-status|p2b: Dusclops|psn\n|\n|-damage|p2b: Dusclops|37\/100 psn|[from] psn\n|upkeep\n|\n|t:|1696115184\n|switch|p2a: Ursaluna|Ursaluna-Bloodmoon, M|100\/100\n|turn|11\n|\n|t:|1696115227\n|move|p1a: Regigigas|Knock Off|p2a: Ursaluna\n|-damage|p2a: Ursaluna|69\/100\n|-enditem|p2a: Ursaluna|Room Service|[from] move: Knock Off|[of] p1a: Regigigas\n|move|p1b: Weezing|Venoshock|p2b: Dusclops\n|-resisted|p2b: Dusclops\n|-damage|p2b: Dusclops|21\/100 psn\n|move|p2a: Ursaluna|Focus Blast|p1a: Regigigas\n|-supereffective|p1a: Regigigas\n|-damage|p1a: Regigigas|56\/100\n|move|p2b: Dusclops|Trick Room|p2b: Dusclops\n|-fieldstart|move: Trick Room|[of] p2b: Dusclops\n|\n|-damage|p2b: Dusclops|9\/100 psn|[from] psn\n|upkeep\n|turn|12\n|\n|t:|1696115272\n|move|p2b: Dusclops|Ally Switch|p2b: Dusclops\n|swap|p2b: Dusclops|0|[from] move: Ally Switch\n|move|p2b: Ursaluna|Calm Mind|p2b: Ursaluna\n|-boost|p2b: Ursaluna|spa|1\n|-boost|p2b: Ursaluna|spd|1\n|move|p1b: Weezing|Venoshock|p2a: Dusclops\n|-resisted|p2a: Dusclops\n|-damage|p2a: Dusclops|0 fnt\n|faint|p2a: Dusclops\n|move|p1a: Regigigas|Zen Headbutt|p2b: Ursaluna\n|-damage|p2b: Ursaluna|41\/100\n|\n|upkeep\n|\n|t:|1696115282\n|switch|p2a: Conkeldurr|Conkeldurr, M|18\/100 brn\n|turn|13\n|\n|t:|1696115299\n|move|p2a: Conkeldurr|Drain Punch|p1a: Regigigas\n|-supereffective|p1a: Regigigas\n|-damage|p1a: Regigigas|20\/100\n|-heal|p2a: Conkeldurr|38\/100 brn|[from] drain|[of] p1a: Regigigas\n|move|p2b: Ursaluna|Earth Power|p1b: Weezing\n|-supereffective|p1b: Weezing\n|-damage|p1b: Weezing|0 fnt\n|faint|p1b: Weezing\n|-end|p1b: Weezing|ability: Neutralizing Gas\n|-start|p1a: Regigigas|ability: Slow Start\n|move|p1a: Regigigas|Drain Punch|p2b: Ursaluna\n|-supereffective|p2b: Ursaluna\n|-damage|p2b: Ursaluna|18\/100\n|-heal|p1a: Regigigas|32\/100|[from] drain|[of] p2b: Ursaluna\n|\n|-damage|p2a: Conkeldurr|32\/100 brn|[from] brn\n|upkeep\n|\n|t:|1696115317\n|switch|p1b: Amoonguss|Amoonguss, F|100\/100\n|turn|14\n|\n|t:|1696115337\n|move|p1b: Amoonguss|Rage Powder|p1b: Amoonguss\n|-singleturn|p1b: Amoonguss|move: Rage Powder\n|move|p2a: Conkeldurr|Drain Punch|p1b: Amoonguss\n|-resisted|p1b: Amoonguss\n|-damage|p1b: Amoonguss|72\/100\n|-heal|p2a: Conkeldurr|49\/100 brn|[from] drain|[of] p1b: Amoonguss\n|-damage|p2a: Conkeldurr|33\/100 brn|[from] item: Rocky Helmet|[of] p1b: Amoonguss\n|move|p1a: Regigigas|Drain Punch|p2b: Ursaluna\n|-supereffective|p2b: Ursaluna\n|-damage|p2b: Ursaluna|0 fnt\n|-heal|p1a: Regigigas|41\/100|[from] drain|[of] p2b: Ursaluna\n|faint|p2b: Ursaluna\n|\n|-damage|p2a: Conkeldurr|26\/100 brn|[from] brn\n|upkeep\n|turn|15\n|\n|t:|1696115358\n|move|p1b: Amoonguss|Rage Powder|p1b: Amoonguss\n|-singleturn|p1b: Amoonguss|move: Rage Powder\n|move|p2a: Conkeldurr|Facade|p1b: Amoonguss\n|-damage|p1b: Amoonguss|4\/100\n|-damage|p2a: Conkeldurr|10\/100 brn|[from] item: Rocky Helmet|[of] p1b: Amoonguss\n|move|p1a: Regigigas|Zen Headbutt|p2a: Conkeldurr\n|-supereffective|p2a: Conkeldurr\n|-damage|p2a: Conkeldurr|0 fnt\n|faint|p2a: Conkeldurr\n|\n|win|Tentacruel69\n|raw|Tentacruel69's rating: 1061 &rarr; <strong>1102<\/strong><br \/>(+41 for winning)\n|raw|Scummy strats's rating: 1181 &rarr; <strong>1148<\/strong><br \/>(-33 for losing)\n","uploadtime":1696115373,"views":10,"p1id":"tentacruel69","p2id":"scummystrats","formatid":"gen9nationaldexdoubles","rating":1102,"private":0,"password":""}