{"id":"gen9nationaldexdoubles-1993365118","p1":"FemboyThighs22","p2":"psng","format":"[Gen 9] National Dex Doubles","log":"|j|\u2606FemboyThighs22\n|j|\u2606psng\n|t:|1700306664\n|gametype|doubles\n|player|p1|FemboyThighs22|iono|1241\n|player|p2|psng|wallace|1297\n|teamsize|p1|6\n|teamsize|p2|6\n|gen|9\n|tier|[Gen 9] National Dex Doubles\n|rated|\n|rule|HP Percentage Mod: HP is shown in percentages\n|rule|Endless Battle Clause: Forcing endless battles is banned\n|rule|OHKO Clause: OHKO moves are banned\n|rule|Evasion Moves Clause: Evasion moves are banned\n|rule|Evasion Abilities Clause: Evasion abilities are banned\n|rule|Species Clause: Limit one of each Pok\u00e9mon\n|rule|Gravity Sleep Clause: The combination of sleep-inducing moves with imperfect accuracy and Gravity or Gigantamax Orbeetle are banned\n|clearpoke\n|poke|p1|Urshifu-*, M|\n|poke|p1|Smeargle, F|\n|poke|p1|Incineroar, F|\n|poke|p1|Zygarde|\n|poke|p1|Tornadus, M|\n|poke|p1|Chien-Pao|\n|poke|p2|Hatterene, F|\n|poke|p2|Incineroar, F|\n|poke|p2|Gastrodon-East, F|\n|poke|p2|Mawile, F|\n|poke|p2|Porygon2|\n|poke|p2|Rillaboom, M|\n|teampreview\n|inactive|Battle timer is ON: inactive players will automatically lose when time's up. (requested by FemboyThighs22)\n|inactive|psng also wants the timer to be on.\n|c|\u2606FemboyThighs22|glhf\n|inactive|psng has 120 seconds left.\n|\n|t:|1700306696\n|start\n|switch|p1a: SUBSCRIBE!|Smeargle, F, shiny|100\/100\n|switch|p1b: SHITMON|Tornadus, M|100\/100\n|switch|p2a: Hatterene|Hatterene, F, shiny|100\/100\n|switch|p2b: Incineroar|Incineroar, F, shiny|100\/100\n|-ability|p2b: Incineroar|Intimidate|boost\n|-unboost|p1a: SUBSCRIBE!|atk|1\n|-unboost|p1b: SHITMON|atk|1\n|turn|1\n|\n|t:|1700306712\n|move|p2b: Incineroar|Fake Out|p1b: SHITMON\n|-crit|p1b: SHITMON\n|-damage|p1b: SHITMON|78\/100\n|move|p1b: SHITMON|Tailwind|p1b: SHITMON\n|-sidestart|p1: FemboyThighs22|move: Tailwind\n|move|p1a: SUBSCRIBE!|Spore|p2b: Incineroar\n|-status|p2b: Incineroar|slp|[from] move: Spore\n|move|p2a: Hatterene|Trick Room|p2a: Hatterene\n|-fieldstart|move: Trick Room|[of] p2a: Hatterene\n|\n|-ability|p1a: SUBSCRIBE!|Moody|boost\n|-boost|p1a: SUBSCRIBE!|atk|2\n|-unboost|p1a: SUBSCRIBE!|def|1\n|upkeep\n|turn|2\n|inactive|psng has 120 seconds left.\n|\n|t:|1700306742\n|switch|p2b: Rillaboom|Rillaboom, M, shiny|100\/100\n|-fieldstart|move: Grassy Terrain|[from] ability: Grassy Surge|[of] p2b: Rillaboom\n|move|p1a: SUBSCRIBE!|King's Shield|p1a: SUBSCRIBE!\n|-singleturn|p1a: SUBSCRIBE!|Protect\n|move|p2a: Hatterene|Dazzling Gleam|p1b: SHITMON|[spread] p1b\n|-activate|p1a: SUBSCRIBE!|move: Protect\n|-crit|p1b: SHITMON\n|-damage|p1b: SHITMON|2\/100\n|-damage|p2a: Hatterene|91\/100|[from] item: Life Orb\n|move|p1b: SHITMON|Bleakwind Storm|p2a: Hatterene|[spread] p2a,p2b\n|-supereffective|p2b: Rillaboom\n|-damage|p2a: Hatterene|61\/100\n|-damage|p2b: Rillaboom|39\/100\n|-unboost|p2b: Rillaboom|spe|1\n|\n|-heal|p2a: Hatterene|67\/100|[from] Grassy Terrain\n|-heal|p2b: Rillaboom|46\/100|[from] Grassy Terrain\n|-ability|p1a: SUBSCRIBE!|Moody|boost\n|-boost|p1a: SUBSCRIBE!|atk|2\n|-unboost|p1a: SUBSCRIBE!|spd|1\n|upkeep\n|turn|3\n|\n|t:|1700306765\n|switch|p1a: SMASH OR PASS?|Incineroar, F|100\/100\n|-ability|p1a: SMASH OR PASS?|Intimidate|boost\n|-unboost|p2a: Hatterene|atk|1\n|-unboost|p2b: Rillaboom|atk|1\n|move|p2a: Hatterene|Dazzling Gleam|p1b: SHITMON|[spread] p1a,p1b\n|-damage|p1a: SMASH OR PASS?|64\/100\n|-damage|p1b: SHITMON|0 fnt\n|faint|p1b: SHITMON\n|-damage|p2a: Hatterene|58\/100|[from] item: Life Orb\n|move|p2b: Rillaboom|Hammer Arm|p1a: SMASH OR PASS?\n|-supereffective|p1a: SMASH OR PASS?\n|-damage|p1a: SMASH OR PASS?|13\/100\n|-unboost|p2b: Rillaboom|spe|1\n|-enditem|p1a: SMASH OR PASS?|Sitrus Berry|[eat]\n|-heal|p1a: SMASH OR PASS?|38\/100|[from] item: Sitrus Berry\n|\n|-heal|p2a: Hatterene|64\/100|[from] Grassy Terrain\n|-heal|p2b: Rillaboom|52\/100|[from] Grassy Terrain\n|-heal|p1a: SMASH OR PASS?|44\/100|[from] Grassy Terrain\n|upkeep\n|inactive|FemboyThighs22 has 120 seconds left.\n|\n|t:|1700306791\n|switch|p1b: Urshifu-Single|Urshifu-Rapid-Strike, M|100\/100\n|turn|4\n|inactive|FemboyThighs22 has 120 seconds left.\n|\n|t:|1700306809\n|move|p1b: Urshifu-Single|Protect|p1b: Urshifu-Single\n|-singleturn|p1b: Urshifu-Single|Protect\n|move|p1a: SMASH OR PASS?|Fake Out|p2a: Hatterene\n|-damage|p2a: Hatterene|48\/100\n|cant|p2a: Hatterene|flinch\n|move|p2b: Rillaboom|U-turn|p1a: SMASH OR PASS?\n|-damage|p1a: SMASH OR PASS?|28\/100\n|\n|t:|1700306833\n|switch|p2b: Incineroar|Incineroar, F, shiny|100\/100 slp|[from] U-turn\n|-ability|p2b: Incineroar|Intimidate|boost\n|-unboost|p1a: SMASH OR PASS?|atk|1\n|-unboost|p1b: Urshifu-Single|atk|1\n|\n|-heal|p2a: Hatterene|54\/100|[from] Grassy Terrain\n|-heal|p1a: SMASH OR PASS?|34\/100|[from] Grassy Terrain\n|-sideend|p1: FemboyThighs22|move: Tailwind\n|upkeep\n|turn|5\n|inactive|FemboyThighs22 has 120 seconds left.\n|\n|t:|1700306869\n|-terastallize|p1b: Urshifu-Single|Water\n|move|p2a: Hatterene|Dazzling Gleam|p1a: SMASH OR PASS?|[spread] p1a,p1b\n|-damage|p1a: SMASH OR PASS?|0 fnt\n|-damage|p1b: Urshifu-Single|40\/100\n|faint|p1a: SMASH OR PASS?\n|-damage|p2a: Hatterene|44\/100|[from] item: Life Orb\n|cant|p2b: Incineroar|slp\n|move|p1b: Urshifu-Single|Surging Strikes|p2b: Incineroar\n|-supereffective|p2b: Incineroar\n|-crit|p2b: Incineroar\n|-damage|p2b: Incineroar|44\/100 slp\n|-supereffective|p2b: Incineroar\n|-crit|p2b: Incineroar\n|-damage|p2b: Incineroar|0 fnt\n|faint|p2b: Incineroar\n|-hitcount|p2: Incineroar|2\n|\n|-heal|p2a: Hatterene|50\/100|[from] Grassy Terrain\n|-heal|p1b: Urshifu-Single|46\/100|[from] Grassy Terrain\n|-fieldend|move: Trick Room\n|upkeep\n|\n|t:|1700306882\n|switch|p1a: SUBSCRIBE!|Smeargle, F, shiny|100\/100\n|switch|p2b: Porygon2|Porygon2, shiny|100\/100\n|-ability|p2b: Porygon2|Download|boost\n|-boost|p2b: Porygon2|spa|1\n|turn|6\n|\n|t:|1700306886\n|move|p1b: Urshifu-Single|Surging Strikes|p2a: Hatterene\n|-crit|p2a: Hatterene\n|-damage|p2a: Hatterene|15\/100\n|-crit|p2a: Hatterene\n|-damage|p2a: Hatterene|0 fnt\n|faint|p2a: Hatterene\n|-hitcount|p2: Hatterene|2\n|move|p1a: SUBSCRIBE!|Spore|p2b: Porygon2\n|-status|p2b: Porygon2|slp|[from] move: Spore\n|cant|p2b: Porygon2|slp\n|\n|-heal|p1b: Urshifu-Single|52\/100|[from] Grassy Terrain\n|-fieldend|move: Grassy Terrain\n|-ability|p1a: SUBSCRIBE!|Moody|boost\n|-boost|p1a: SUBSCRIBE!|def|2\n|-unboost|p1a: SUBSCRIBE!|spa|1\n|upkeep\n|\n|t:|1700306893\n|switch|p2a: Rillaboom|Rillaboom, M, shiny|52\/100\n|-fieldstart|move: Grassy Terrain|[from] ability: Grassy Surge|[of] p2a: Rillaboom\n|turn|7\n|\n|t:|1700306905\n|move|p1a: SUBSCRIBE!|Follow Me|p1a: SUBSCRIBE!\n|-singleturn|p1a: SUBSCRIBE!|move: Follow Me\n|move|p2a: Rillaboom|Grassy Glide|p1a: SUBSCRIBE!\n|-damage|p1a: SUBSCRIBE!|61\/100\n|move|p1b: Urshifu-Single|Close Combat|p2b: Porygon2\n|-supereffective|p2b: Porygon2\n|-damage|p2b: Porygon2|39\/100 slp\n|-unboost|p1b: Urshifu-Single|def|1\n|-unboost|p1b: Urshifu-Single|spd|1\n|-curestatus|p2b: Porygon2|slp|[msg]\n|move|p2b: Porygon2|Trick Room|p2b: Porygon2\n|-fieldstart|move: Trick Room|[of] p2b: Porygon2\n|\n|-heal|p2b: Porygon2|45\/100|[from] Grassy Terrain\n|-heal|p2a: Rillaboom|58\/100|[from] Grassy Terrain\n|-heal|p1a: SUBSCRIBE!|67\/100|[from] Grassy Terrain\n|-heal|p1b: Urshifu-Single|58\/100|[from] Grassy Terrain\n|-ability|p1a: SUBSCRIBE!|Moody|boost\n|-boost|p1a: SUBSCRIBE!|def|2\n|-unboost|p1a: SUBSCRIBE!|spa|1\n|upkeep\n|turn|8\n|\n|t:|1700306923\n|move|p1a: SUBSCRIBE!|Follow Me|p1a: SUBSCRIBE!\n|-singleturn|p1a: SUBSCRIBE!|move: Follow Me\n|move|p1b: Urshifu-Single|Aqua Jet|p2b: Porygon2\n|-damage|p2b: Porygon2|28\/100\n|move|p2b: Porygon2|Recover|p2b: Porygon2\n|-heal|p2b: Porygon2|78\/100\n|move|p2a: Rillaboom|Hammer Arm|p1a: SUBSCRIBE!\n|-supereffective|p1a: SUBSCRIBE!\n|-damage|p1a: SUBSCRIBE!|15\/100\n|-unboost|p2a: Rillaboom|spe|1\n|\n|-heal|p2b: Porygon2|84\/100|[from] Grassy Terrain\n|-heal|p2a: Rillaboom|64\/100|[from] Grassy Terrain\n|-heal|p1a: SUBSCRIBE!|21\/100|[from] Grassy Terrain\n|-heal|p1b: Urshifu-Single|64\/100|[from] Grassy Terrain\n|-ability|p1a: SUBSCRIBE!|Moody|boost\n|-boost|p1a: SUBSCRIBE!|spe|2\n|-unboost|p1a: SUBSCRIBE!|def|1\n|upkeep\n|turn|9\n|\n|t:|1700306951\n|move|p1a: SUBSCRIBE!|King's Shield|p1a: SUBSCRIBE!\n|-singleturn|p1a: SUBSCRIBE!|Protect\n|move|p2b: Porygon2|Thunderbolt|p1b: Urshifu-Single\n|-supereffective|p1b: Urshifu-Single\n|-damage|p1b: Urshifu-Single|0 fnt\n|faint|p1b: Urshifu-Single\n|move|p2a: Rillaboom|Hammer Arm|p1a: SUBSCRIBE!\n|-activate|p1a: SUBSCRIBE!|move: Protect\n|-unboost|p2a: Rillaboom|atk|1\n|\n|-heal|p2b: Porygon2|90\/100|[from] Grassy Terrain\n|-heal|p2a: Rillaboom|70\/100|[from] Grassy Terrain\n|-heal|p1a: SUBSCRIBE!|27\/100|[from] Grassy Terrain\n|-ability|p1a: SUBSCRIBE!|Moody|boost\n|-boost|p1a: SUBSCRIBE!|spe|2\n|-unboost|p1a: SUBSCRIBE!|atk|1\n|upkeep\n|\n|t:|1700306964\n|switch|p1b: BING CHILLING|Chien-Pao|100\/100\n|-ability|p1b: BING CHILLING|Sword of Ruin\n|turn|10\n|\n|t:|1700306969\n|move|p1a: SUBSCRIBE!|Follow Me|p1a: SUBSCRIBE!\n|-singleturn|p1a: SUBSCRIBE!|move: Follow Me\n|move|p2b: Porygon2|Tri Attack|p1a: SUBSCRIBE!\n|-damage|p1a: SUBSCRIBE!|0 fnt\n|faint|p1a: SUBSCRIBE!\n|move|p2a: Rillaboom|Hammer Arm|p1b: BING CHILLING\n|-supereffective|p1b: BING CHILLING\n|-enditem|p1b: BING CHILLING|Focus Sash\n|-damage|p1b: BING CHILLING|1\/100\n|-unboost|p2a: Rillaboom|spe|1\n|move|p1b: BING CHILLING|Ice Spinner|p2a: Rillaboom\n|-supereffective|p2a: Rillaboom\n|-damage|p2a: Rillaboom|0 fnt\n|-fieldend|move: Grassy Terrain\n|faint|p2a: Rillaboom\n|\n|upkeep\n|\n|t:|1700306983\n|switch|p2a: Mawile|Mawile, F, shiny|100\/100\n|switch|p1a: SQUISHY|Zygarde, shiny|100\/100\n|-ability|p2a: Mawile|Intimidate|boost\n|-fail|p1a: SQUISHY|unboost|[from] item: Clear Amulet|[of] p1a: SQUISHY\n|-unboost|p1b: BING CHILLING|atk|1\n|-ability|p1a: SQUISHY|Aura Break\n|turn|11\n|\n|t:|1700306994\n|detailschange|p2a: Mawile|Mawile-Mega, F, shiny\n|-mega|p2a: Mawile|Mawile|Mawilite\n|move|p1a: SQUISHY|Protect|p1a: SQUISHY\n|-singleturn|p1a: SQUISHY|Protect\n|move|p1b: BING CHILLING|Protect|p1b: BING CHILLING\n|-singleturn|p1b: BING CHILLING|Protect\n|move|p2a: Mawile|Play Rough|p1a: SQUISHY\n|-activate|p1a: SQUISHY|move: Protect\n|move|p2b: Porygon2|Tri Attack|p1b: BING CHILLING\n|-activate|p1b: BING CHILLING|move: Protect\n|\n|-fieldend|move: Trick Room\n|upkeep\n|turn|12\n|\n|t:|1700307009\n|move|p1b: BING CHILLING|Sacred Sword|p2b: Porygon2\n|-supereffective|p2b: Porygon2\n|-damage|p2b: Porygon2|48\/100\n|move|p1a: SQUISHY|Thousand Arrows|p2a: Mawile|[spread] p2a,p2b\n|-supereffective|p2a: Mawile\n|-damage|p2a: Mawile|34\/100\n|-damage|p2b: Porygon2|17\/100\n|move|p2a: Mawile|Rock Slide|p1a: SQUISHY|[spread] p1a,p1b\n|-resisted|p1a: SQUISHY\n|-supereffective|p1b: BING CHILLING\n|-damage|p1a: SQUISHY|84\/100\n|-damage|p1b: BING CHILLING|0 fnt\n|faint|p1b: BING CHILLING\n|move|p2b: Porygon2|Trick Room|p2b: Porygon2\n|-fieldstart|move: Trick Room|[of] p2b: Porygon2\n|\n|upkeep\n|turn|13\n|\n|t:|1700307023\n|move|p1a: SQUISHY|Extreme Speed|p2b: Porygon2\n|-damage|p2b: Porygon2|0 fnt\n|faint|p2b: Porygon2\n|move|p2a: Mawile|Play Rough|p1a: SQUISHY\n|-supereffective|p1a: SQUISHY\n|-crit|p1a: SQUISHY\n|-damage|p1a: SQUISHY|0 fnt\n|faint|p1a: SQUISHY\n|\n|win|psng\n|raw|FemboyThighs22's rating: 1241 &rarr; <strong>1220<\/strong><br \/>(-21 for losing)\n|raw|psng's rating: 1297 &rarr; <strong>1318<\/strong><br \/>(+21 for winning)\n|c|\u2606FemboyThighs22|gg\n","uploadtime":1700307033,"views":5,"p1id":"femboythighs22","p2id":"psng","formatid":"gen9nationaldexdoubles","rating":1220,"private":0,"password":""}