{"id":"gen9nationaldexdoubles-1955712723","p1":"SammySs","p2":"Strikershadow12x","format":"[Gen 9] National Dex Doubles","log":"|j|\u2606SammySs\n|j|\u2606Strikershadow12x\n|t:|1696020760\n|gametype|doubles\n|player|p1|SammySs|lance|\n|player|p2|Strikershadow12x|101|\n|teamsize|p1|6\n|teamsize|p2|6\n|gen|9\n|tier|[Gen 9] National Dex Doubles\n|rule|HP Percentage Mod: HP is shown in percentages\n|rule|Endless Battle Clause: Forcing endless battles is banned\n|rule|OHKO Clause: OHKO moves are banned\n|rule|Evasion Moves Clause: Evasion moves are banned\n|rule|Evasion Abilities Clause: Evasion abilities are banned\n|rule|Species Clause: Limit one of each Pok\u00e9mon\n|rule|Gravity Sleep Clause: The combination of sleep-inducing moves with imperfect accuracy and Gravity or Gigantamax Orbeetle are banned\n|clearpoke\n|poke|p1|Palafin, F|\n|poke|p1|Urshifu-*, M|\n|poke|p1|Walking Wake|\n|poke|p1|Iron Bundle|\n|poke|p1|Ogerpon-Wellspring, F|\n|poke|p1|Pelipper, F|\n|poke|p2|Pelipper, F|\n|poke|p2|Rotom-Wash|\n|poke|p2|Urshifu-*, M|\n|poke|p2|Gastrodon-East, F|\n|poke|p2|Ludicolo, M|\n|poke|p2|Politoed, M|\n|teampreview\n|j| XMarcosPr710\n|c| XMarcosPr710|Que epico\n|c| XMarcosPr710|Agua vs Agua\n|c|\u2606SammySs|esto ser\u00e1 divertido\n|c| XMarcosPr710|De hecho no\n|c|\u2606Strikershadow12x|Buena suerte\n|\n|t:|1696020793\n|start\n|switch|p1a: Iron Bundle|Iron Bundle|100\/100\n|switch|p1b: Urshifu|Urshifu-Rapid-Strike, M|100\/100\n|switch|p2a: Rotom|Rotom-Wash|100\/100\n|switch|p2b: Ludicolo|Ludicolo, M|100\/100\n|-enditem|p1a: Iron Bundle|Booster Energy\n|-activate|p1a: Iron Bundle|ability: Quark Drive|[fromitem]\n|-start|p1a: Iron Bundle|quarkdrivespe\n|turn|1\n|j| El_Gran_Wigglytuff\n|\n|t:|1696020813\n|move|p1a: Iron Bundle|Protect|p1a: Iron Bundle\n|-singleturn|p1a: Iron Bundle|Protect\n|move|p2b: Ludicolo|Fake Out|p1b: Urshifu\n|-damage|p1b: Urshifu|94\/100\n|move|p2a: Rotom|Thunderbolt|p1a: Iron Bundle\n|-activate|p1a: Iron Bundle|move: Protect\n|cant|p1b: Urshifu|flinch\n|\n|upkeep\n|turn|2\n|c| El_Gran_Wigglytuff|La gente solo sabe copiarme\n|c| XMarcosPr710|No\n|c| XMarcosPr710|Porque monotype agua es el mas usado\n|\n|t:|1696020833\n|-terastallize|p1a: Iron Bundle|Ghost\n|-terastallize|p2a: Rotom|Electric\n|move|p1a: Iron Bundle|Freeze-Dry|p2b: Ludicolo\n|-supereffective|p2b: Ludicolo\n|-damage|p2b: Ludicolo|0 fnt\n|faint|p2b: Ludicolo\n|move|p2a: Rotom|Thunderbolt|p1b: Urshifu\n|-supereffective|p1b: Urshifu\n|-damage|p1b: Urshifu|0 fnt\n|faint|p1b: Urshifu\n|\n|upkeep\n|c| El_Gran_Wigglytuff|Callate, Marcos\n|c| XMarcosPr710|Porque es el mejor en todos los aspectos\n|c|\u2606SammySs|rayos\n|c| XMarcosPr710|Tanto ofensiva como defensivamente\n|\n|t:|1696020855\n|switch|p1b: Walking Wake|Walking Wake|100\/100\n|switch|p2b: Politoed|Politoed, M|100\/100\n|-weather|RainDance|[from] ability: Drizzle|[of] p2b: Politoed\n|turn|3\n|\n|t:|1696020881\n|move|p1a: Iron Bundle|Freeze-Dry|p2b: Politoed\n|-supereffective|p2b: Politoed\n|-damage|p2b: Politoed|32\/100\n|move|p2a: Rotom|Thunderbolt|p1b: Walking Wake\n|-damage|p1b: Walking Wake|39\/100\n|move|p1b: Walking Wake|Hydro Steam|p2a: Rotom\n|-damage|p2a: Rotom|0 fnt\n|faint|p2a: Rotom\n|move|p2b: Politoed|Perish Song|p2b: Politoed\n|-start|p1a: Iron Bundle|perish3|[silent]\n|-start|p1b: Walking Wake|perish3|[silent]\n|-start|p2b: Politoed|perish3|[silent]\n|-fieldactivate|move: Perish Song\n|\n|-weather|RainDance|[upkeep]\n|-start|p1a: Iron Bundle|perish3\n|-start|p1b: Walking Wake|perish3\n|-start|p2b: Politoed|perish3\n|upkeep\n|\n|t:|1696020892\n|switch|p2a: Urshifu|Urshifu-Rapid-Strike, M|100\/100\n|turn|4\n|\n|t:|1696020908\n|move|p1a: Iron Bundle|Freeze-Dry|p2a: Urshifu\n|-supereffective|p2a: Urshifu\n|-damage|p2a: Urshifu|0 fnt\n|faint|p2a: Urshifu\n|move|p1b: Walking Wake|Hydro Steam|p2b: Politoed\n|-resisted|p2b: Politoed\n|-damage|p2b: Politoed|0 fnt\n|faint|p2b: Politoed\n|\n|-weather|RainDance|[upkeep]\n|-start|p1a: Iron Bundle|perish2\n|-start|p1b: Walking Wake|perish2\n|upkeep\n|\n|t:|1696020911\n|switch|p2a: Gastrodon|Gastrodon-East, F|100\/100\n|switch|p2b: Pelipper|Pelipper, F|100\/100\n|turn|5\n|c|\u2606Strikershadow12x|GG\n|\n|t:|1696020927\n|-end|p1b: Walking Wake|Protosynthesis|[silent]\n|switch|p1b: Ogerpon|Ogerpon-Wellspring, F|100\/100\n|move|p1a: Iron Bundle|Freeze-Dry|p2a: Gastrodon\n|-supereffective|p2a: Gastrodon\n|-damage|p2a: Gastrodon|0 fnt\n|faint|p2a: Gastrodon\n|move|p2b: Pelipper|Hurricane|p1a: Iron Bundle\n|-damage|p1a: Iron Bundle|30\/100\n|\n|-weather|RainDance|[upkeep]\n|-start|p1a: Iron Bundle|perish1\n|upkeep\n|turn|6\n|c| XMarcosPr710|a\n|c| XMarcosPr710|Que rapido\n|\n|t:|1696020954\n|-end|p1a: Iron Bundle|Quark Drive|[silent]\n|switch|p1a: Palafin|Palafin, F|100\/100\n|move|p1b: Ogerpon|Horn Leech|p2b: Pelipper\n|-damage|p2b: Pelipper|67\/100\n|move|p2b: Pelipper|Hurricane|p1b: Ogerpon\n|-supereffective|p1b: Ogerpon\n|-damage|p1b: Ogerpon|20\/100\n|\n|-weather|RainDance|[upkeep]\n|upkeep\n|turn|7\n|c|\u2606Strikershadow12x|Y pesaditos que se pusieron pingueandome\n|\n|t:|1696020969\n|detailschange|p1a: Palafin|Palafin-Hero, F\n|switch|p1a: Pelipper|Pelipper, F|100\/100\n|move|p2b: Pelipper|Protect|p2b: Pelipper\n|-singleturn|p2b: Pelipper|Protect\n|move|p1b: Ogerpon|Horn Leech|p2b: Pelipper\n|-activate|p2b: Pelipper|move: Protect\n|\n|-weather|RainDance|[upkeep]\n|upkeep\n|turn|8\n|c| El_Gran_Wigglytuff|Esos Marcos y Kaxxxx\n|\n|t:|1696020978\n|move|p1b: Ogerpon|Horn Leech|p2b: Pelipper\n|-damage|p2b: Pelipper|34\/100\n|-heal|p1b: Ogerpon|38\/100|[from] drain|[of] p2b: Pelipper\n|move|p1a: Pelipper|Hurricane|p2b: Pelipper\n|-damage|p2b: Pelipper|0 fnt\n|faint|p2b: Pelipper\n|\n|win|SammySs\n|c| XMarcosPr710|Baby hello\n|l|\u2606Strikershadow12x\n|l|\u2606SammySs\n|l| El_Gran_Wigglytuff\n|l| XMarcosPr710\n|j| Yvektak\n|l| Yvektak\n|j|\u2606Strikershadow12x\n|player|p2|Strikershadow12x|101\n|j| XMarcosPr710\n","uploadtime":1696021020,"views":6,"p1id":"sammyss","p2id":"strikershadow12x","formatid":"gen9nationaldexdoubles","rating":0,"private":0,"password":""}