{"id":"gen9nationaldexdoubles-1954757665","p1":"Skeliton Lord","p2":"Gojirapoke","format":"[Gen 9] National Dex Doubles","log":"|j|\u2606Skeliton Lord\n|j|\u2606Gojirapoke\n|t:|1695923691\n|gametype|doubles\n|player|p1|Skeliton Lord|2|1193\n|player|p2|Gojirapoke|hilbert|1115\n|teamsize|p1|6\n|teamsize|p2|6\n|gen|9\n|tier|[Gen 9] National Dex Doubles\n|rated|\n|rule|HP Percentage Mod: HP is shown in percentages\n|rule|Endless Battle Clause: Forcing endless battles is banned\n|rule|OHKO Clause: OHKO moves are banned\n|rule|Evasion Moves Clause: Evasion moves are banned\n|rule|Evasion Abilities Clause: Evasion abilities are banned\n|rule|Species Clause: Limit one of each Pok\u00e9mon\n|rule|Gravity Sleep Clause: The combination of sleep-inducing moves with imperfect accuracy and Gravity or Gigantamax Orbeetle are banned\n|clearpoke\n|poke|p1|Venusaur, M|\n|poke|p1|Charizard, M|\n|poke|p1|Flutter Mane|\n|poke|p1|Grimmsnarl, M|\n|poke|p1|Gholdengo|\n|poke|p1|Great Tusk|\n|poke|p2|Wailord, M|\n|poke|p2|Clefable, M|\n|poke|p2|Oranguru, F|\n|poke|p2|Garganacl, M|\n|poke|p2|Glimmora, F|\n|poke|p2|Sneasler, F|\n|teampreview\n|inactive|Battle timer is ON: inactive players will automatically lose when time's up. (requested by Skeliton Lord)\n|\n|t:|1695923698\n|start\n|switch|p1a: Charizard|Charizard, M|100\/100\n|switch|p1b: Flutter Mane|Flutter Mane|100\/100\n|switch|p2a: Glimmora|Glimmora, F|100\/100\n|switch|p2b: Garganacl|Garganacl, M|100\/100\n|-item|p2a: Glimmora|Air Balloon\n|turn|1\n|\n|t:|1695923719\n|detailschange|p1a: Charizard|Charizard-Mega-Y, M\n|-mega|p1a: Charizard|Charizard|Charizardite Y\n|-weather|SunnyDay|[from] ability: Drought|[of] p1a: Charizard\n|-activate|p1b: Flutter Mane|ability: Protosynthesis\n|-start|p1b: Flutter Mane|protosynthesisspe\n|move|p1a: Charizard|Protect|p1a: Charizard\n|-singleturn|p1a: Charizard|Protect\n|move|p1b: Flutter Mane|Dazzling Gleam|p2b: Garganacl|[spread] p2a,p2b\n|-resisted|p2a: Glimmora\n|-damage|p2a: Glimmora|73\/100\n|-damage|p2b: Garganacl|69\/100\n|-enditem|p2a: Glimmora|Air Balloon\n|move|p2a: Glimmora|Power Gem|p1a: Charizard\n|-activate|p1a: Charizard|move: Protect\n|move|p2b: Garganacl|Salt Cure|p1b: Flutter Mane\n|-damage|p1b: Flutter Mane|73\/100\n|-start|p1b: Flutter Mane|Salt Cure\n|\n|-weather|SunnyDay|[upkeep]\n|-damage|p1b: Flutter Mane|61\/100|[from] Salt Cure\n|upkeep\n|turn|2\n|\n|t:|1695923742\n|-end|p1b: Flutter Mane|Protosynthesis|[silent]\n|switch|p1b: Great Tusk|Great Tusk|100\/100\n|-activate|p1b: Great Tusk|ability: Protosynthesis\n|-start|p1b: Great Tusk|protosynthesisatk\n|move|p2b: Garganacl|Protect|p2b: Garganacl\n|-singleturn|p2b: Garganacl|Protect\n|move|p1a: Charizard|Tailwind|p1a: Charizard\n|-sidestart|p1: Skeliton Lord|move: Tailwind\n|move|p2a: Glimmora|Power Gem|p1a: Charizard\n|-supereffective|p1a: Charizard\n|-damage|p1a: Charizard|0 fnt\n|faint|p1a: Charizard\n|\n|-weather|SunnyDay|[upkeep]\n|upkeep\n|\n|t:|1695923747\n|switch|p1a: Gholdengo|Gholdengo|100\/100\n|turn|3\n|\n|t:|1695923766\n|move|p1a: Gholdengo|Make It Rain|p2a: Glimmora|[spread] p2a,p2b\n|-supereffective|p2a: Glimmora\n|-supereffective|p2b: Garganacl\n|-damage|p2a: Glimmora|0 fnt\n|-damage|p2b: Garganacl|6\/100\n|-unboost|p1a: Gholdengo|spa|1\n|-enditem|p2b: Garganacl|Wiki Berry|[eat]\n|-heal|p2b: Garganacl|39\/100|[from] item: Wiki Berry\n|faint|p2a: Glimmora\n|move|p1b: Great Tusk|Headlong Rush|p2b: Garganacl\n|-supereffective|p2b: Garganacl\n|-damage|p2b: Garganacl|0 fnt\n|-unboost|p1b: Great Tusk|def|1\n|-unboost|p1b: Great Tusk|spd|1\n|-enditem|p1b: Great Tusk|Eject Pack\n|faint|p2b: Garganacl\n|\n|t:|1695923778\n|-end|p1b: Great Tusk|Protosynthesis|[silent]\n|switch|p1b: Flutter Mane|Flutter Mane|61\/100\n|-activate|p1b: Flutter Mane|ability: Protosynthesis\n|-start|p1b: Flutter Mane|protosynthesisspe\n|\n|-weather|SunnyDay|[upkeep]\n|upkeep\n|inactive|Gojirapoke has 120 seconds left.\n|\n|t:|1695923807\n|switch|p2a: Sneasler|Sneasler, F|100\/100\n|switch|p2b: Clefable|Clefable, M|100\/100\n|turn|4\n|\n|t:|1695923823\n|-terastallize|p2b: Clefable|Steel\n|move|p1b: Flutter Mane|Shadow Ball|p2a: Sneasler\n|-damage|p2a: Sneasler|11\/100\n|-unboost|p2a: Sneasler|spd|1\n|move|p1a: Gholdengo|Make It Rain|p2b: Clefable|[spread] p2a,p2b\n|-resisted|p2b: Clefable\n|-damage|p2a: Sneasler|0 fnt\n|-damage|p2b: Clefable|91\/100\n|-unboost|p1a: Gholdengo|spa|1\n|faint|p2a: Sneasler\n|move|p2b: Clefable|Cosmic Power|p2b: Clefable\n|-boost|p2b: Clefable|def|1\n|-boost|p2b: Clefable|spd|1\n|\n|-weather|SunnyDay|[upkeep]\n|upkeep\n|\n|t:|1695923841\n|switch|p2a: Oranguru|Oranguru, F|100\/100\n|turn|5\n|\n|t:|1695923858\n|switch|p1a: Grimmsnarl|Grimmsnarl, M|100\/100\n|move|p1b: Flutter Mane|Shadow Ball|p2b: Clefable\n|-damage|p2b: Clefable|62\/100\n|move|p2a: Oranguru|Instruct|p2b: Clefable\n|-singleturn|p2b: Clefable|move: Instruct|[of] p2a: Oranguru\n|move|p2b: Clefable|Cosmic Power|p2b: Clefable\n|-boost|p2b: Clefable|def|1\n|-boost|p2b: Clefable|spd|1\n|move|p2b: Clefable|Cosmic Power|p2b: Clefable\n|-boost|p2b: Clefable|def|1\n|-boost|p2b: Clefable|spd|1\n|\n|-weather|none\n|-end|p1b: Flutter Mane|Protosynthesis\n|-sideend|p1: Skeliton Lord|move: Tailwind\n|upkeep\n|turn|6\n|\n|t:|1695923883\n|-end|p1b: Flutter Mane|Protosynthesis|[silent]\n|switch|p1b: Great Tusk|Great Tusk|100\/100\n|move|p1a: Grimmsnarl|Parting Shot|p2a: Oranguru\n|-unboost|p2a: Oranguru|atk|1\n|-unboost|p2a: Oranguru|spa|1\n|\n|t:|1695923886\n|switch|p1a: Flutter Mane|Flutter Mane|61\/100|[from] Parting Shot\n|move|p2b: Clefable|Stored Power|p1b: Great Tusk\n|-supereffective|p1b: Great Tusk\n|-damage|p1b: Great Tusk|0 fnt\n|faint|p1b: Great Tusk\n|-end|p1b: Great Tusk|Protosynthesis|[silent]\n|move|p2a: Oranguru|Yawn|p1a: Flutter Mane\n|-start|p1a: Flutter Mane|move: Yawn|[of] p2a: Oranguru\n|\n|upkeep\n|\n|t:|1695923892\n|switch|p1b: Gholdengo|Gholdengo|100\/100\n|turn|7\n|\n|t:|1695923916\n|-end|p1a: Flutter Mane|Protosynthesis|[silent]\n|switch|p1a: Venusaur|Venusaur, M|100\/100\n|move|p1b: Gholdengo|Trick|p2b: Clefable\n|-activate|p1b: Gholdengo|move: Trick|[of] p2b: Clefable\n|-item|p2b: Clefable|Choice Scarf|[from] move: Trick\n|-item|p1b: Gholdengo|Weakness Policy|[from] move: Trick\n|move|p2b: Clefable|Baton Pass|p2b: Clefable\n|\n|t:|1695923924\n|switch|p2b: Wailord|Wailord, M|100\/100|[from] Baton Pass\n|move|p2a: Oranguru|Pain Split|p1a: Venusaur\n|-sethp|p1a: Venusaur|100\/100|[from] move: Pain Split|[silent]\n|-sethp|p2a: Oranguru|95\/100|[from] move: Pain Split\n|\n|upkeep\n|turn|8\n|\n|t:|1695923948\n|move|p1b: Gholdengo|Shadow Ball|p2b: Wailord\n|-damage|p2b: Wailord|80\/100\n|move|p1a: Venusaur|Giga Drain|p2b: Wailord\n|-supereffective|p2b: Wailord\n|-damage|p2b: Wailord|42\/100\n|-damage|p1a: Venusaur|91\/100|[from] item: Life Orb\n|move|p2b: Wailord|Ice Beam|p1a: Venusaur\n|-supereffective|p1a: Venusaur\n|-damage|p1a: Venusaur|55\/100\n|move|p2a: Oranguru|Instruct|p2b: Wailord\n|-singleturn|p2b: Wailord|move: Instruct|[of] p2a: Oranguru\n|move|p2b: Wailord|Ice Beam|p1a: Venusaur\n|-supereffective|p1a: Venusaur\n|-crit|p1a: Venusaur\n|-damage|p1a: Venusaur|7\/100\n|-status|p1a: Venusaur|frz\n|\n|-heal|p2b: Wailord|48\/100|[from] item: Leftovers\n|upkeep\n|turn|9\n|inactive|Gojirapoke has 120 seconds left.\n|\n|t:|1695923995\n|move|p2b: Wailord|Protect|p2b: Wailord\n|-singleturn|p2b: Wailord|Protect\n|move|p1b: Gholdengo|Shadow Ball|p2b: Wailord\n|-activate|p2b: Wailord|move: Protect\n|-curestatus|p1a: Venusaur|frz|[msg]\n|move|p1a: Venusaur|Giga Drain|p2b: Wailord\n|-activate|p2b: Wailord|move: Protect\n|move|p2a: Oranguru|Hyper Voice|p1b: Gholdengo|[spread] p1a\n|-immune|p1b: Gholdengo\n|-damage|p1a: Venusaur|0 fnt\n|faint|p1a: Venusaur\n|\n|-heal|p2b: Wailord|55\/100|[from] item: Leftovers\n|upkeep\n|\n|t:|1695924001\n|switch|p1a: Flutter Mane|Flutter Mane|61\/100\n|turn|10\n|inactive|Gojirapoke has 120 seconds left.\n|\n|t:|1695924029\n|-terastallize|p1a: Flutter Mane|Ghost\n|move|p1a: Flutter Mane|Shadow Ball|p2b: Wailord\n|-damage|p2b: Wailord|15\/100\n|-unboost|p2b: Wailord|spd|1\n|move|p1b: Gholdengo|Shadow Ball|p2b: Wailord\n|-damage|p2b: Wailord|0 fnt\n|faint|p2b: Wailord\n|move|p2a: Oranguru|Yawn|p1a: Flutter Mane\n|-start|p1a: Flutter Mane|move: Yawn|[of] p2a: Oranguru\n|\n|upkeep\n|-message|Gojirapoke forfeited.\n|\n|win|Skeliton Lord\n|raw|Skeliton Lord's rating: 1193 &rarr; <strong>1212<\/strong><br \/>(+19 for winning)\n|raw|Gojirapoke's rating: 1115 &rarr; <strong>1096<\/strong><br \/>(-19 for losing)\n|l|\u2606Gojirapoke\n","uploadtime":1695924045,"views":12,"p1id":"skelitonlord","p2id":"gojirapoke","formatid":"gen9nationaldexdoubles","rating":1096,"private":0,"password":""}