{"id":"gen9nationaldexdoubles-1973139194","p1":"VikrThe","p2":"Denet12345","format":"[Gen 9] National Dex Doubles","log":"|j|\u2606VikrThe\n|j|\u2606Denet12345\n|t:|1697931972\n|gametype|doubles\n|player|p1|VikrThe|265|\n|player|p2|Denet12345|crasherwake|\n|teamsize|p1|6\n|teamsize|p2|6\n|gen|9\n|tier|[Gen 9] National Dex Doubles\n|rule|HP Percentage Mod: HP is shown in percentages\n|rule|Endless Battle Clause: Forcing endless battles is banned\n|rule|OHKO Clause: OHKO moves are banned\n|rule|Evasion Moves Clause: Evasion moves are banned\n|rule|Evasion Abilities Clause: Evasion abilities are banned\n|rule|Species Clause: Limit one of each Pok\u00e9mon\n|rule|Gravity Sleep Clause: The combination of sleep-inducing moves with imperfect accuracy and Gravity or Gigantamax Orbeetle are banned\n|clearpoke\n|poke|p1|Slowbro, M|\n|poke|p1|Snorlax, F|\n|poke|p1|Exeggutor-Alola, F|\n|poke|p1|Diggersby, M|\n|poke|p1|Ariados, F|\n|poke|p1|Scrafty, F|\n|poke|p2|Talonflame, M|\n|poke|p2|Nidoking, M|\n|poke|p2|Beedrill, F|\n|poke|p2|Milotic, M|\n|poke|p2|Arcanine-Hisui, F|\n|poke|p2|Scrafty, M|\n|teampreview\n|\n|t:|1697931996\n|start\n|switch|p1a: Slowbro|Slowbro, M|100\/100\n|switch|p1b: Ariados|Ariados, F|100\/100\n|switch|p2a: Talonflame|Talonflame, M|100\/100\n|switch|p2b: Beedrill|Beedrill, F|100\/100\n|turn|1\n|\n|t:|1697932014\n|detailschange|p2b: Beedrill|Beedrill-Mega, F\n|-mega|p2b: Beedrill|Beedrill|Beedrillite\n|-terastallize|p2a: Talonflame|Water\n|-terastallize|p1a: Slowbro|Water\n|move|p1b: Ariados|Rage Powder|p1b: Ariados\n|-singleturn|p1b: Ariados|move: Rage Powder\n|move|p2a: Talonflame|Taunt|p1b: Ariados\n|-start|p1b: Ariados|move: Taunt\n|move|p2b: Beedrill|U-turn|p1b: Ariados\n|-resisted|p1b: Ariados\n|-damage|p1b: Ariados|61\/100\n|c|\u2606Denet12345|what\n|c|\u2606Denet12345|why did talon terad\n|c|\u2606Denet12345|I didnt tera\n|\n|t:|1697932034\n|switch|p2b: Milotic|Milotic, M|100\/100|[from] U-turn\n|move|p1a: Slowbro|Trick Room|p1a: Slowbro\n|-fieldstart|move: Trick Room|[of] p1a: Slowbro\n|\n|upkeep\n|turn|2\n|l|\u2606VikrThe\n|player|p1|\n|j|\u2606VikrThe\n|player|p1|VikrThe|265\n|\n|t:|1697932055\n|switch|p2a: Scrafty|Scrafty, M|100\/100\n|-ability|p2a: Scrafty|Intimidate|boost\n|-fail|p1a: Slowbro|unboost|Attack|[from] ability: Oblivious|[of] p1a: Slowbro\n|-unboost|p1b: Ariados|atk|1\n|move|p1b: Ariados|Knock Off|p2a: Scrafty\n|-resisted|p2a: Scrafty\n|-damage|p2a: Scrafty|97\/100\n|-enditem|p2a: Scrafty|Assault Vest|[from] move: Knock Off|[of] p1b: Ariados\n|move|p2b: Milotic|Scald|p1b: Ariados\n|-crit|p1b: Ariados\n|-damage|p1b: Ariados|10\/100\n|move|p1a: Slowbro|Teleport|p1a: Slowbro\n|c|\u2606VikrThe|Oof\n|\n|t:|1697932073\n|switch|p1a: Snorlax|Snorlax, F|100\/100|[from] Teleport\n|\n|upkeep\n|turn|3\n|\n|t:|1697932081\n|move|p1a: Snorlax|Curse|p1a: Snorlax\n|-unboost|p1a: Snorlax|spe|1\n|-boost|p1a: Snorlax|atk|1\n|-boost|p1a: Snorlax|def|1\n|move|p1b: Ariados|Knock Off|p2b: Milotic\n|-damage|p2b: Milotic|86\/100\n|-enditem|p2b: Milotic|Leftovers|[from] move: Knock Off|[of] p1b: Ariados\n|move|p2b: Milotic|Scald|p1b: Ariados\n|-damage|p1b: Ariados|0 fnt\n|faint|p1b: Ariados\n|move|p2a: Scrafty|Close Combat|p1a: Snorlax\n|-supereffective|p1a: Snorlax\n|-damage|p1a: Snorlax|35\/100\n|-unboost|p2a: Scrafty|def|1\n|-unboost|p2a: Scrafty|spd|1\n|-enditem|p1a: Snorlax|Figy Berry|[eat]\n|-heal|p1a: Snorlax|68\/100|[from] item: Figy Berry\n|\n|upkeep\n|\n|t:|1697932098\n|switch|p1b: Diggersby|Diggersby, M|100\/100\n|turn|4\n|\n|t:|1697932105\n|switch|p2a: Arcanine|Arcanine-Hisui, F|100\/100\n|-ability|p2a: Arcanine|Intimidate|boost\n|-unboost|p1a: Snorlax|atk|1\n|-unboost|p1b: Diggersby|atk|1\n|move|p1a: Snorlax|Return|p2b: Milotic\n|-damage|p2b: Milotic|30\/100\n|move|p1b: Diggersby|Hammer Arm|p2a: Arcanine\n|-supereffective|p2a: Arcanine\n|-damage|p2a: Arcanine|0 fnt\n|-unboost|p1b: Diggersby|spe|1\n|faint|p2a: Arcanine\n|-damage|p1b: Diggersby|91\/100|[from] item: Life Orb\n|move|p2b: Milotic|Scald|p1b: Diggersby\n|-supereffective|p1b: Diggersby\n|-damage|p1b: Diggersby|4\/100\n|-status|p1b: Diggersby|brn\n|\n|-damage|p1b: Diggersby|0 fnt|[from] brn\n|faint|p1b: Diggersby\n|upkeep\n|\n|t:|1697932128\n|switch|p1b: Slowbro|Slowbro, M, tera:Water|100\/100\n|switch|p2a: Scrafty|Scrafty, M|97\/100\n|-ability|p2a: Scrafty|Intimidate|boost\n|-unboost|p1a: Snorlax|atk|1\n|-fail|p1b: Slowbro|unboost|Attack|[from] ability: Oblivious|[of] p1b: Slowbro\n|turn|5\n|\n|t:|1697932141\n|move|p2a: Scrafty|Fake Out|p1a: Snorlax\n|-crit|p1a: Snorlax\n|-damage|p1a: Snorlax|53\/100\n|cant|p1a: Snorlax|flinch\n|move|p1b: Slowbro|Scald|p2b: Milotic\n|-resisted|p2b: Milotic\n|-damage|p2b: Milotic|13\/100\n|move|p2b: Milotic|Recover|p2b: Milotic\n|-heal|p2b: Milotic|63\/100\n|\n|-fieldend|move: Trick Room\n|upkeep\n|turn|6\n|\n|t:|1697932156\n|move|p1a: Snorlax|Protect|p1a: Snorlax\n|-singleturn|p1a: Snorlax|Protect\n|move|p2a: Scrafty|Close Combat|p1a: Snorlax\n|-activate|p1a: Snorlax|move: Protect\n|move|p2b: Milotic|Hypnosis|p1b: Slowbro\n|-status|p1b: Slowbro|slp|[from] move: Hypnosis\n|cant|p1b: Slowbro|slp\n|\n|upkeep\n|turn|7\n|\n|t:|1697932171\n|switch|p2b: Talonflame|Talonflame, M, tera:Water|100\/100\n|move|p2a: Scrafty|Close Combat|p1a: Snorlax\n|-supereffective|p1a: Snorlax\n|-damage|p1a: Snorlax|0 fnt\n|-unboost|p2a: Scrafty|def|1\n|-unboost|p2a: Scrafty|spd|1\n|faint|p1a: Snorlax\n|cant|p1b: Slowbro|slp\n|\n|upkeep\n|\n|t:|1697932182\n|switch|p1a: Scrafty|Scrafty, F|100\/100\n|-ability|p1a: Scrafty|Intimidate|boost\n|-unboost|p2a: Scrafty|atk|1\n|-unboost|p2b: Talonflame|atk|1\n|turn|8\n|\n|t:|1697932196\n|switch|p2a: Milotic|Milotic, M|63\/100\n|move|p1a: Scrafty|Fake Out|p2a: Milotic\n|-damage|p2a: Milotic|45\/100\n|-damage|p1a: Scrafty|91\/100|[from] item: Life Orb\n|move|p2b: Talonflame|Brave Bird|p1a: Scrafty\n|-supereffective|p1a: Scrafty\n|-damage|p1a: Scrafty|38\/100\n|-damage|p2b: Talonflame|81\/100|[from] Recoil\n|-curestatus|p1b: Slowbro|slp|[msg]\n|move|p1b: Slowbro|Trick Room|p1b: Slowbro\n|-fieldstart|move: Trick Room|[of] p1b: Slowbro\n|\n|upkeep\n|turn|9\n|\n|t:|1697932219\n|switch|p2b: Scrafty|Scrafty, M|97\/100\n|-ability|p2b: Scrafty|Intimidate|boost\n|-unboost|p1a: Scrafty|atk|1\n|-fail|p1b: Slowbro|unboost|Attack|[from] ability: Oblivious|[of] p1b: Slowbro\n|move|p1b: Slowbro|Psychic|p2b: Scrafty\n|-immune|p2b: Scrafty\n|move|p1a: Scrafty|Close Combat|p2a: Milotic\n|-damage|p2a: Milotic|1\/100\n|-unboost|p1a: Scrafty|def|1\n|-unboost|p1a: Scrafty|spd|1\n|-damage|p1a: Scrafty|28\/100|[from] item: Life Orb\n|move|p2a: Milotic|Recover|p2a: Milotic\n|-heal|p2a: Milotic|51\/100\n|\n|upkeep\n|turn|10\n|\n|t:|1697932239\n|move|p2b: Scrafty|Fake Out|p1a: Scrafty\n|-damage|p1a: Scrafty|13\/100\n|move|p1b: Slowbro|Psychic|p2a: Milotic\n|-damage|p2a: Milotic|24\/100\n|cant|p1a: Scrafty|flinch\n|move|p2a: Milotic|Recover|p2a: Milotic\n|-heal|p2a: Milotic|74\/100\n|\n|upkeep\n|turn|11\n|\n|t:|1697932262\n|move|p1a: Scrafty|Close Combat|p2b: Scrafty\n|-supereffective|p2b: Scrafty\n|-damage|p2b: Scrafty|0 fnt\n|-unboost|p1a: Scrafty|def|1\n|-unboost|p1a: Scrafty|spd|1\n|faint|p2b: Scrafty\n|-damage|p1a: Scrafty|3\/100|[from] item: Life Orb\n|move|p2a: Milotic|Scald|p1a: Scrafty\n|-damage|p1a: Scrafty|0 fnt\n|faint|p1a: Scrafty\n|move|p1b: Slowbro|Teleport|p1b: Slowbro\n|c|\u2606VikrThe|Ariados was supposed to activate weakness policy earlier but Beedrill\n|\n|t:|1697932278\n|switch|p1b: Exeggutor|Exeggutor-Alola, F|100\/100|[from] Teleport\n|\n|upkeep\n|\n|t:|1697932282\n|switch|p1a: Slowbro|Slowbro, M, tera:Water|100\/100\n|switch|p2b: Beedrill|Beedrill-Mega, F|100\/100\n|turn|12\n|\n|t:|1697932294\n|move|p1b: Exeggutor|Giga Drain|p2a: Milotic\n|-supereffective|p2a: Milotic\n|-damage|p2a: Milotic|18\/100\n|move|p1a: Slowbro|Psychic|p2b: Beedrill\n|-supereffective|p2b: Beedrill\n|-damage|p2b: Beedrill|6\/100\n|move|p2a: Milotic|Ice Beam|p1b: Exeggutor\n|-supereffective|p1b: Exeggutor\n|-damage|p1b: Exeggutor|0 fnt\n|faint|p1b: Exeggutor\n|move|p2b: Beedrill|Poison Jab|p1a: Slowbro\n|-crit|p1a: Slowbro\n|-damage|p1a: Slowbro|26\/100\n|-status|p1a: Slowbro|psn\n|\n|-damage|p1a: Slowbro|13\/100 psn|[from] psn\n|-fieldend|move: Trick Room\n|upkeep\n|turn|13\n|\n|t:|1697932309\n|move|p2b: Beedrill|U-turn|p1a: Slowbro\n|-damage|p1a: Slowbro|0 fnt\n|faint|p1a: Slowbro\n|\n|win|Denet12345\n|c|\u2606Denet12345|gg\n|c|\u2606VikrThe|You\u2019re actually kidding me lmao\n|c|\u2606VikrThe|gg\n|c|\u2606Denet12345|wanna play again?\n|c|\u2606VikrThe|Yea\n|l|\u2606Denet12345\n|l|\u2606VikrThe\n|j|\u2606Denet12345\n|player|p2|Denet12345|crasherwake\n","uploadtime":1697933242,"views":13,"p1id":"vikrthe","p2id":"denet12345","formatid":"gen9nationaldexdoubles","rating":0,"private":0,"password":""}