{"id":"gen9nationaldexdoubles-1954933938","p1":"Mudkiped","p2":"trainerredtheog_17","format":"[Gen 9] National Dex Doubles","log":"|j|\u2606Mudkiped\n|j|\u2606trainerredtheog_17\n|t:|1695938577\n|gametype|doubles\n|player|p1|Mudkiped|crasherwake|1291\n|player|p2|trainerredtheog_17|fisherman-gen4|1341\n|teamsize|p1|6\n|teamsize|p2|6\n|gen|9\n|tier|[Gen 9] National Dex Doubles\n|rated|\n|rule|HP Percentage Mod: HP is shown in percentages\n|rule|Endless Battle Clause: Forcing endless battles is banned\n|rule|OHKO Clause: OHKO moves are banned\n|rule|Evasion Moves Clause: Evasion moves are banned\n|rule|Evasion Abilities Clause: Evasion abilities are banned\n|rule|Species Clause: Limit one of each Pok\u00e9mon\n|rule|Gravity Sleep Clause: The combination of sleep-inducing moves with imperfect accuracy and Gravity or Gigantamax Orbeetle are banned\n|clearpoke\n|poke|p1|Wo-Chien|\n|poke|p1|Sinistcha-Masterpiece|\n|poke|p1|Glimmora, F|\n|poke|p1|Kommo-o, M|\n|poke|p1|Ninetales-Alola, F|\n|poke|p1|Landorus-Therian, M|\n|poke|p2|Espeon, F|\n|poke|p2|Indeedee-F, F|\n|poke|p2|Ninetales, F|\n|poke|p2|Leafeon, F|\n|poke|p2|Ursaluna-Bloodmoon, M|\n|poke|p2|Dragonite, F|\n|teampreview\n|\n|t:|1695938604\n|start\n|switch|p1a: Big W|Wo-Chien|100\/100\n|switch|p1b: Big Kahuna|Kommo-o, M, shiny|100\/100\n|switch|p2a: Espeon|Espeon, F|100\/100\n|switch|p2b: Indeedee|Indeedee-F, F|100\/100\n|-fieldstart|move: Psychic Terrain|[from] ability: Psychic Surge|[of] p2b: Indeedee\n|-ability|p1a: Big W|Tablets of Ruin\n|turn|1\n|inactive|Battle timer is ON: inactive players will automatically lose when time's up. (requested by trainerredtheog_17)\n|\n|t:|1695938627\n|switch|p2b: Ninetales|Ninetales, F|100\/100\n|-weather|SunnyDay|[from] ability: Drought|[of] p2b: Ninetales\n|-terastallize|p1b: Big Kahuna|Steel\n|move|p2a: Espeon|Calm Mind|p2a: Espeon\n|-boost|p2a: Espeon|spa|1\n|-boost|p2a: Espeon|spd|1\n|move|p1b: Big Kahuna|Clangorous Soul|p1b: Big Kahuna\n|-boost|p1b: Big Kahuna|atk|1\n|-boost|p1b: Big Kahuna|def|1\n|-boost|p1b: Big Kahuna|spa|1\n|-boost|p1b: Big Kahuna|spd|1\n|-boost|p1b: Big Kahuna|spe|1\n|-damage|p1b: Big Kahuna|68\/100\n|move|p1a: Big W|Foul Play|p2b: Ninetales\n|-damage|p2b: Ninetales|69\/100\n|\n|-weather|SunnyDay|[upkeep]\n|upkeep\n|turn|2\n|inactive|Mudkiped has 120 seconds left.\n|\n|t:|1695938661\n|switch|p1a: WatchYoStep|Glimmora, F|100\/100\n|move|p1b: Big Kahuna|Flash Cannon|p2a: Espeon\n|-crit|p2a: Espeon\n|-enditem|p2a: Espeon|Focus Sash\n|-damage|p2a: Espeon|1\/100\n|move|p2a: Espeon|Calm Mind|p2a: Espeon\n|-boost|p2a: Espeon|spa|1\n|-boost|p2a: Espeon|spd|1\n|move|p2b: Ninetales|Flamethrower|p1b: Big Kahuna\n|-supereffective|p1b: Big Kahuna\n|-damage|p1b: Big Kahuna|0 fnt\n|faint|p1b: Big Kahuna\n|\n|-weather|SunnyDay|[upkeep]\n|upkeep\n|inactive|Mudkiped has 120 seconds left.\n|\n|t:|1695938680\n|switch|p1b: Mc Cloud|Ninetales-Alola, F, shiny|100\/100\n|-weather|Snow|[from] ability: Snow Warning|[of] p1b: Mc Cloud\n|turn|3\n|inactive|trainerredtheog_17 has 120 seconds left.\n|\n|t:|1695938711\n|-terastallize|p2a: Espeon|Fairy\n|move|p2a: Espeon|Draining Kiss|p1b: Mc Cloud\n|-damage|p1b: Mc Cloud|39\/100\n|-heal|p2a: Espeon|60\/100|[from] drain|[of] p1b: Mc Cloud\n|move|p1b: Mc Cloud|Aurora Veil|p1b: Mc Cloud\n|-sidestart|p1: Mudkiped|move: Aurora Veil\n|move|p2b: Ninetales|Flamethrower|p1b: Mc Cloud\n|-supereffective|p1b: Mc Cloud\n|-damage|p1b: Mc Cloud|0 fnt\n|faint|p1b: Mc Cloud\n|move|p1a: WatchYoStep|Mortal Spin|p2b: Ninetales|[spread] p2a,p2b\n|-supereffective|p2a: Espeon\n|-damage|p2a: Espeon|42\/100\n|-damage|p2b: Ninetales|62\/100\n|-status|p2a: Espeon|psn\n|-status|p2b: Ninetales|psn\n|\n|-weather|Snow|[upkeep]\n|-damage|p2a: Espeon|30\/100 psn|[from] psn\n|-damage|p2b: Ninetales|49\/100 psn|[from] psn\n|upkeep\n|inactive|Mudkiped has 120 seconds left.\n|\n|t:|1695938733\n|switch|p1b: Land of the T|Landorus-Therian, M|100\/100\n|-ability|p1b: Land of the T|Intimidate|boost\n|-unboost|p2a: Espeon|atk|1\n|-unboost|p2b: Ninetales|atk|1\n|turn|4\n|inactive|Mudkiped has 120 seconds left.\n|\n|t:|1695938758\n|move|p2a: Espeon|Expanding Force|p1a: WatchYoStep|[spread] p1a,p1b\n|-supereffective|p1a: WatchYoStep\n|-damage|p1a: WatchYoStep|0 fnt\n|-damage|p1b: Land of the T|28\/100\n|faint|p1a: WatchYoStep\n|move|p2b: Ninetales|Flamethrower|p1b: Land of the T\n|-damage|p1b: Land of the T|0 fnt\n|faint|p1b: Land of the T\n|\n|-weather|Snow|[upkeep]\n|-damage|p2a: Espeon|17\/100 psn|[from] psn\n|-damage|p2b: Ninetales|37\/100 psn|[from] psn\n|upkeep\n|\n|t:|1695938769\n|switch|p1b: In A Hot Tub|Sinistcha-Masterpiece, shiny|100\/100\n|switch|p1a: Big W|Wo-Chien|100\/100\n|-ability|p1a: Big W|Tablets of Ruin\n|turn|5\n|\n|t:|1695938781\n|move|p2a: Espeon|Draining Kiss|p1a: Big W\n|-supereffective|p1a: Big W\n|-damage|p1a: Big W|52\/100\n|-heal|p2a: Espeon|67\/100 psn|[from] drain|[of] p1a: Big W\n|move|p2b: Ninetales|Flamethrower|p1b: In A Hot Tub\n|-supereffective|p1b: In A Hot Tub\n|-damage|p1b: In A Hot Tub|32\/100\n|move|p1a: Big W|Pollen Puff|p2a: Espeon\n|-resisted|p2a: Espeon\n|-damage|p2a: Espeon|61\/100 psn\n|move|p1b: In A Hot Tub|Trick Room|p1b: In A Hot Tub\n|-fieldstart|move: Trick Room|[of] p1b: In A Hot Tub\n|\n|-weather|Snow|[upkeep]\n|-heal|p1a: Big W|58\/100|[from] item: Leftovers\n|-damage|p2b: Ninetales|24\/100 psn|[from] psn\n|-damage|p2a: Espeon|49\/100 psn|[from] psn\n|-fieldend|move: Psychic Terrain\n|upkeep\n|turn|6\n|inactive|Mudkiped has 120 seconds left.\n|\n|t:|1695938815\n|move|p1a: Big W|Foul Play|p2b: Ninetales\n|-damage|p2b: Ninetales|5\/100 psn\n|move|p1b: In A Hot Tub|Matcha Gotcha|p2a: Espeon|[spread] p2a,p2b\n|-resisted|p2b: Ninetales\n|-damage|p2a: Espeon|32\/100 psn\n|-heal|p1b: In A Hot Tub|39\/100|[from] drain|[of] p2a: Espeon\n|-damage|p2b: Ninetales|0 fnt\n|-heal|p1b: In A Hot Tub|41\/100|[from] drain|[of] p2b: Ninetales\n|faint|p2b: Ninetales\n|move|p2a: Espeon|Draining Kiss|p1a: Big W\n|-supereffective|p1a: Big W\n|-damage|p1a: Big W|7\/100\n|-heal|p2a: Espeon|85\/100 psn|[from] drain|[of] p1a: Big W\n|\n|-weather|Snow|[upkeep]\n|-heal|p1a: Big W|13\/100|[from] item: Leftovers\n|-damage|p2a: Espeon|73\/100 psn|[from] psn\n|upkeep\n|inactive|trainerredtheog_17 has 120 seconds left.\n|\n|t:|1695938833\n|switch|p2b: Ursaluna|Ursaluna-Bloodmoon, M|100\/100\n|turn|7\n|-message|Mudkiped forfeited.\n|\n|win|trainerredtheog_17\n|raw|Mudkiped's rating: 1291 &rarr; <strong>1270<\/strong><br \/>(-21 for losing)\n|raw|trainerredtheog_17's rating: 1341 &rarr; <strong>1358<\/strong><br \/>(+17 for winning)\n|l|\u2606Mudkiped\n","uploadtime":1695938858,"views":13,"p1id":"mudkiped","p2id":"trainerredtheog17","formatid":"gen9nationaldexdoubles","rating":1270,"private":0,"password":""}