{"id":"gen9nationaldexdoubles-1964091954","p1":"Missignozero","p2":"Tre123tre","format":"[Gen 9] National Dex Doubles","log":"|j|\u2606Missignozero\n|j|\u2606Tre123tre\n|t:|1696940325\n|gametype|doubles\n|player|p1|Missignozero|veteran|1104\n|player|p2|Tre123tre|dancer|1032\n|teamsize|p1|6\n|teamsize|p2|6\n|gen|9\n|tier|[Gen 9] National Dex Doubles\n|rated|\n|rule|HP Percentage Mod: HP is shown in percentages\n|rule|Endless Battle Clause: Forcing endless battles is banned\n|rule|OHKO Clause: OHKO moves are banned\n|rule|Evasion Moves Clause: Evasion moves are banned\n|rule|Evasion Abilities Clause: Evasion abilities are banned\n|rule|Species Clause: Limit one of each Pok\u00e9mon\n|rule|Gravity Sleep Clause: The combination of sleep-inducing moves with imperfect accuracy and Gravity or Gigantamax Orbeetle are banned\n|clearpoke\n|poke|p1|Walking Wake|\n|poke|p1|Grimmsnarl, M|\n|poke|p1|Regigigas|\n|poke|p1|Palafin, M|\n|poke|p1|Medicham, F|\n|poke|p1|Murkrow, M|\n|poke|p2|Registeel|\n|poke|p2|Regirock|\n|poke|p2|Regice|\n|poke|p2|Regigigas|\n|poke|p2|Regieleki|\n|poke|p2|Regidrago|\n|teampreview\n|inactive|Battle timer is ON: inactive players will automatically lose when time's up. (requested by Tre123tre)\n|\n|t:|1696940333\n|start\n|switch|p1a: Regigigas|Regigigas|100\/100\n|switch|p1b: Medicham|Medicham, F|100\/100\n|switch|p2a: Regieleki|Regieleki|100\/100\n|switch|p2b: Regidrago|Regidrago|100\/100\n|-start|p1a: Regigigas|ability: Slow Start\n|turn|1\n|\n|t:|1696940352\n|move|p2a: Regieleki|Electroweb|p1b: Medicham|[spread] p1a,p1b\n|-damage|p1a: Regigigas|77\/100\n|-damage|p1b: Medicham|58\/100\n|-unboost|p1a: Regigigas|spe|1\n|-unboost|p1b: Medicham|spe|1\n|move|p1b: Medicham|Skill Swap|p1a: Regigigas\n|-activate|p1b: Medicham|move: Skill Swap|||[of] p1a: Regigigas\n|-end|p1a: Regigigas|Slow Start|[silent]\n|-start|p1b: Medicham|ability: Slow Start\n|move|p1a: Regigigas|Frustration|p2b: Regidrago\n|-damage|p2b: Regidrago|0 fnt\n|faint|p2b: Regidrago\n|\n|upkeep\n|c|\u2606Tre123tre|Pure Regi\n|\n|t:|1696940370\n|switch|p2b: Regice|Regice|100\/100\n|turn|2\n|\n|t:|1696940381\n|-end|p1b: Medicham|Slow Start|[silent]\n|switch|p1b: Grimmsnarl|Grimmsnarl, M|100\/100\n|move|p2a: Regieleki|Electroweb|p1a: Regigigas|[spread] p1a,p1b\n|-damage|p1a: Regigigas|55\/100\n|-damage|p1b: Grimmsnarl|72\/100\n|-unboost|p1a: Regigigas|spe|1\n|-unboost|p1b: Grimmsnarl|spe|1\n|move|p1a: Regigigas|Brick Break|p2b: Regice\n|-supereffective|p2b: Regice\n|-damage|p2b: Regice|0 fnt\n|faint|p2b: Regice\n|\n|-heal|p1b: Grimmsnarl|78\/100|[from] item: Leftovers\n|upkeep\n|c|\u2606Tre123tre|Ok bro I might need that strat\n|inactive|Tre123tre has 120 seconds left.\n|\n|t:|1696940415\n|switch|p2b: Regirock|Regirock|100\/100\n|turn|3\n|\n|t:|1696940440\n|move|p1b: Grimmsnarl|Light Screen|p1b: Grimmsnarl\n|-sidestart|p1: Missignozero|move: Light Screen\n|move|p2a: Regieleki|Electroweb|p1b: Grimmsnarl|[spread] p1a,p1b\n|-damage|p1a: Regigigas|40\/100\n|-damage|p1b: Grimmsnarl|62\/100\n|-unboost|p1a: Regigigas|spe|1\n|-unboost|p1b: Grimmsnarl|spe|1\n|-enditem|p1a: Regigigas|Sitrus Berry|[eat]\n|-heal|p1a: Regigigas|65\/100|[from] item: Sitrus Berry\n|move|p2b: Regirock|Drain Punch|p1a: Regigigas\n|-supereffective|p1a: Regigigas\n|-damage|p1a: Regigigas|25\/100\n|move|p1a: Regigigas|High Horsepower|p2a: Regieleki\n|-supereffective|p2a: Regieleki\n|-crit|p2a: Regieleki\n|-damage|p2a: Regieleki|0 fnt\n|faint|p2a: Regieleki\n|\n|-heal|p1b: Grimmsnarl|68\/100|[from] item: Leftovers\n|upkeep\n|\n|t:|1696940460\n|switch|p2a: Regigigas|Regigigas|100\/100\n|-start|p2a: Regigigas|ability: Slow Start\n|turn|4\n|\n|t:|1696940471\n|move|p1b: Grimmsnarl|Reflect|p1b: Grimmsnarl\n|-sidestart|p1: Missignozero|Reflect\n|move|p2b: Regirock|Power-Up Punch|p1a: Regigigas\n|-supereffective|p1a: Regigigas\n|-crit|p1a: Regigigas\n|-damage|p1a: Regigigas|0 fnt\n|-boost|p2b: Regirock|atk|1\n|faint|p1a: Regigigas\n|move|p2a: Regigigas|Drain Punch|p1b: Grimmsnarl\n|-damage|p1b: Grimmsnarl|57\/100\n|\n|-heal|p1b: Grimmsnarl|63\/100|[from] item: Leftovers\n|upkeep\n|\n|t:|1696940485\n|switch|p1a: Palafin|Palafin, M|100\/100\n|turn|5\n|c|\u2606Tre123tre|Wait\n|c|\u2606Tre123tre|not zero to hero\n|\n|t:|1696940504\n|detailschange|p1a: Palafin|Palafin-Hero, M\n|switch|p1a: Murkrow|Murkrow, M|100\/100\n|move|p1b: Grimmsnarl|Parting Shot|p2b: Regirock\n|-unboost|p2b: Regirock|atk|1\n|-unboost|p2b: Regirock|spa|1\n|\n|t:|1696940510\n|switch|p1b: Palafin|Palafin-Hero, M|100\/100|[from] Parting Shot\n|-activate|p1b: Palafin|ability: Zero to Hero\n|move|p2b: Regirock|Rock Slide|p1a: Murkrow|[spread] p1a,p1b\n|-supereffective|p1a: Murkrow\n|-damage|p1a: Murkrow|42\/100\n|-damage|p1b: Palafin|80\/100\n|move|p2a: Regigigas|Return|p1b: Palafin\n|-damage|p1b: Palafin|58\/100\n|\n|upkeep\n|turn|6\n|\n|t:|1696940533\n|move|p1a: Murkrow|Tailwind|p1a: Murkrow\n|-sidestart|p1: Missignozero|move: Tailwind\n|move|p1b: Palafin|Liquidation|p2b: Regirock\n|-supereffective|p2b: Regirock\n|-damage|p2b: Regirock|32\/100\n|move|p2b: Regirock|Rock Slide|p1a: Murkrow|[spread] p1a,p1b\n|-supereffective|p1a: Murkrow\n|-damage|p1a: Murkrow|0 fnt\n|-damage|p1b: Palafin|35\/100\n|faint|p1a: Murkrow\n|move|p2a: Regigigas|Return|p1b: Palafin\n|-damage|p1b: Palafin|11\/100\n|\n|upkeep\n|\n|t:|1696940548\n|switch|p1a: Walking Wake|Walking Wake|100\/100\n|-enditem|p1a: Walking Wake|Booster Energy\n|-activate|p1a: Walking Wake|ability: Protosynthesis|[fromitem]\n|-start|p1a: Walking Wake|protosynthesisspa\n|turn|7\n|\n|t:|1696940558\n|move|p1b: Palafin|Jet Punch|p2b: Regirock\n|-supereffective|p2b: Regirock\n|-damage|p2b: Regirock|0 fnt\n|faint|p2b: Regirock\n|move|p1a: Walking Wake|Draco Meteor|p2a: Regigigas\n|-damage|p2a: Regigigas|42\/100\n|-unboost|p1a: Walking Wake|spa|2\n|move|p2a: Regigigas|Return|p1b: Palafin\n|-damage|p1b: Palafin|0 fnt\n|faint|p1b: Palafin\n|\n|-heal|p2a: Regigigas|48\/100|[from] item: Leftovers\n|-sideend|p1: Missignozero|move: Light Screen\n|upkeep\n|\n|t:|1696940575\n|switch|p1b: Grimmsnarl|Grimmsnarl, M|63\/100\n|switch|p2b: Registeel|Registeel|100\/100\n|turn|8\n|\n|t:|1696940595\n|-end|p1a: Walking Wake|Protosynthesis|[silent]\n|switch|p1a: Medicham|Medicham, F|58\/100\n|move|p1b: Grimmsnarl|Light Screen|p1b: Grimmsnarl\n|-sidestart|p1: Missignozero|move: Light Screen\n|move|p2b: Registeel|Flash Cannon|p1b: Grimmsnarl\n|-supereffective|p1b: Grimmsnarl\n|-damage|p1b: Grimmsnarl|18\/100\n|-unboost|p1b: Grimmsnarl|spd|1\n|move|p2a: Regigigas|Rest|p2a: Regigigas\n|-status|p2a: Regigigas|slp|[from] move: Rest\n|-heal|p2a: Regigigas|100\/100 slp|[silent]\n|\n|-heal|p1b: Grimmsnarl|24\/100|[from] item: Leftovers\n|-sideend|p1: Missignozero|Reflect\n|-end|p2a: Regigigas|Slow Start\n|upkeep\n|turn|9\n|\n|t:|1696940621\n|switch|p1b: Walking Wake|Walking Wake|100\/100\n|move|p1a: Medicham|Aura Sphere|p2b: Registeel\n|-supereffective|p2b: Registeel\n|-crit|p2b: Registeel\n|-damage|p2b: Registeel|53\/100\n|cant|p2a: Regigigas|slp\n|move|p2a: Regigigas|Sleep Talk|p2a: Regigigas\n|move|p2a: Regigigas|Return|p1b: Walking Wake|[from]move: Sleep Talk\n|-damage|p1b: Walking Wake|24\/100\n|move|p2b: Registeel|Flash Cannon|p1b: Walking Wake\n|-resisted|p1b: Walking Wake\n|-damage|p1b: Walking Wake|8\/100\n|-unboost|p1b: Walking Wake|spd|1\n|\n|-sideend|p1: Missignozero|move: Tailwind\n|upkeep\n|turn|10\n|inactive|Missignozero has 120 seconds left.\n|\n|t:|1696940656\n|move|p1a: Medicham|Aura Sphere|p2a: Regigigas\n|-supereffective|p2a: Regigigas\n|-damage|p2a: Regigigas|59\/100 slp\n|move|p1b: Walking Wake|Draco Meteor|p2a: Regigigas\n|-damage|p2a: Regigigas|12\/100 slp\n|-unboost|p1b: Walking Wake|spa|2\n|cant|p2a: Regigigas|slp\n|move|p2a: Regigigas|Sleep Talk|p2a: Regigigas\n|move|p2a: Regigigas|Rest||[from]move: Sleep Talk|[still]\n|-fail|p2a: Regigigas\n|move|p2b: Registeel|Hidden Power|p1b: Walking Wake\n|-crit|p1b: Walking Wake\n|-damage|p1b: Walking Wake|0 fnt\n|faint|p1b: Walking Wake\n|-end|p1b: Walking Wake|Protosynthesis|[silent]\n|\n|-heal|p2a: Regigigas|18\/100 slp|[from] item: Leftovers\n|upkeep\n|\n|t:|1696940677\n|switch|p1b: Grimmsnarl|Grimmsnarl, M|24\/100\n|turn|11\n|inactive|Missignozero has 120 seconds left.\n|\n|t:|1696940688\n|move|p1b: Grimmsnarl|Reflect|p1b: Grimmsnarl\n|-sidestart|p1: Missignozero|Reflect\n|move|p1a: Medicham|Aura Sphere|p2a: Regigigas\n|-supereffective|p2a: Regigigas\n|-damage|p2a: Regigigas|0 fnt\n|faint|p2a: Regigigas\n|-end|p2a: Regigigas|Slow Start|[silent]\n|move|p2b: Registeel|Flash Cannon|p1b: Grimmsnarl\n|-supereffective|p1b: Grimmsnarl\n|-damage|p1b: Grimmsnarl|0 fnt\n|faint|p1b: Grimmsnarl\n|\n|upkeep\n|turn|12\n|\n|t:|1696940702\n|move|p1a: Medicham|Aura Sphere|p2b: Registeel\n|-supereffective|p2b: Registeel\n|-damage|p2b: Registeel|16\/100\n|move|p2b: Registeel|Flash Cannon|p1a: Medicham\n|-damage|p1a: Medicham|17\/100\n|\n|-sideend|p1: Missignozero|move: Light Screen\n|upkeep\n|turn|13\n|\n|t:|1696940714\n|move|p1a: Medicham|Aura Sphere|p2b: Registeel\n|-supereffective|p2b: Registeel\n|-damage|p2b: Registeel|0 fnt\n|faint|p2b: Registeel\n|\n|win|Missignozero\n|raw|Missignozero's rating: 1104 &rarr; <strong>1124<\/strong><br \/>(+20 for winning)\n|raw|Tre123tre's rating: 1032 &rarr; <strong>1020<\/strong><br \/>(-12 for losing)\n|c|\u2606Tre123tre|Gg\n|c|\u2606Missignozero|Gg\n","uploadtime":1696940733,"views":12,"p1id":"missignozero","p2id":"tre123tre","formatid":"gen9nationaldexdoubles","rating":1020,"private":0,"password":""}