{"id":"gen9nationaldexdoubles-1961358188","p1":"Hushy123","p2":"O Megamente","format":"[Gen 9] National Dex Doubles","log":"|j|\u2606Hushy123\n|j|\u2606O Megamente\n|t:|1696618321\n|gametype|doubles\n|player|p1|Hushy123|blue|1035\n|player|p2|O Megamente|roxie|1196\n|teamsize|p1|6\n|teamsize|p2|6\n|gen|9\n|tier|[Gen 9] National Dex Doubles\n|rated|\n|rule|HP Percentage Mod: HP is shown in percentages\n|rule|Endless Battle Clause: Forcing endless battles is banned\n|rule|OHKO Clause: OHKO moves are banned\n|rule|Evasion Moves Clause: Evasion moves are banned\n|rule|Evasion Abilities Clause: Evasion abilities are banned\n|rule|Species Clause: Limit one of each Pok\u00e9mon\n|rule|Gravity Sleep Clause: The combination of sleep-inducing moves with imperfect accuracy and Gravity or Gigantamax Orbeetle are banned\n|clearpoke\n|poke|p1|Ribombee, F|\n|poke|p1|Ursaluna, F|\n|poke|p1|Volcarona, F|\n|poke|p1|Oricorio-Pom-Pom, M|\n|poke|p1|Gliscor, F|\n|poke|p1|Kommo-o, F|\n|poke|p2|Amoonguss, M|\n|poke|p2|Chien-Pao|\n|poke|p2|Fezandipiti, M|\n|poke|p2|Landorus, M|\n|poke|p2|Ogerpon-Hearthflame, F|\n|poke|p2|Palafin, M|\n|teampreview\n|\n|t:|1696618342\n|start\n|switch|p1a: Oricorio|Oricorio-Pom-Pom, M|100\/100\n|switch|p1b: Kommo-o|Kommo-o, F|100\/100\n|switch|p2a: Amoonguss|Amoonguss, M|100\/100\n|switch|p2b: Chien-Pao|Chien-Pao|100\/100\n|-ability|p2b: Chien-Pao|Sword of Ruin\n|turn|1\n|\n|t:|1696618357\n|move|p1a: Oricorio|Protect|p1a: Oricorio\n|-singleturn|p1a: Oricorio|Protect\n|move|p2b: Chien-Pao|Icicle Crash|p1a: Oricorio\n|-activate|p1a: Oricorio|move: Protect\n|move|p1b: Kommo-o|Clangorous Soul|p1b: Kommo-o\n|-boost|p1b: Kommo-o|atk|1\n|-boost|p1b: Kommo-o|def|1\n|-boost|p1b: Kommo-o|spa|1\n|-boost|p1b: Kommo-o|spd|1\n|-boost|p1b: Kommo-o|spe|1\n|-damage|p1b: Kommo-o|68\/100\n|-activate|p1a: Oricorio|ability: Dancer\n|move|p1a: Oricorio|Clangorous Soul|p1a: Oricorio|[from]ability: Dancer\n|-boost|p1a: Oricorio|atk|1\n|-boost|p1a: Oricorio|def|1\n|-boost|p1a: Oricorio|spa|1\n|-boost|p1a: Oricorio|spd|1\n|-boost|p1a: Oricorio|spe|1\n|-damage|p1a: Oricorio|68\/100\n|move|p2a: Amoonguss|Spore|p1b: Kommo-o\n|-status|p1b: Kommo-o|slp|[from] move: Spore\n|\n|upkeep\n|turn|2\n|\n|t:|1696618386\n|-terastallize|p1a: Oricorio|Electric\n|move|p1a: Oricorio|Revelation Dance|p2b: Chien-Pao\n|-enditem|p2b: Chien-Pao|Focus Sash\n|-damage|p2b: Chien-Pao|1\/100\n|cant|p1b: Kommo-o|slp\n|move|p2b: Chien-Pao|Icicle Crash|p1a: Oricorio\n|-crit|p1a: Oricorio\n|-damage|p1a: Oricorio|0 fnt\n|faint|p1a: Oricorio\n|move|p2a: Amoonguss|Clear Smog|p1b: Kommo-o\n|-damage|p1b: Kommo-o|55\/100 slp\n|-clearboost|p1b: Kommo-o\n|\n|upkeep\n|\n|t:|1696618400\n|switch|p1a: Volcarona|Volcarona, F|100\/100\n|turn|3\n|\n|t:|1696618410\n|move|p2b: Chien-Pao|Icicle Crash|p1b: Kommo-o\n|-supereffective|p1b: Kommo-o\n|-damage|p1b: Kommo-o|0 fnt\n|faint|p1b: Kommo-o\n|move|p1a: Volcarona|Fiery Dance|p2b: Chien-Pao\n|-supereffective|p2b: Chien-Pao\n|-damage|p2b: Chien-Pao|0 fnt\n|faint|p2b: Chien-Pao\n|move|p2a: Amoonguss|Spore|p1a: Volcarona\n|-status|p1a: Volcarona|slp|[from] move: Spore\n|\n|upkeep\n|\n|t:|1696618420\n|switch|p2b: Palafin|Palafin, M|100\/100\n|switch|p1b: Ursaluna|Ursaluna, F|100\/100\n|turn|4\n|\n|t:|1696618436\n|detailschange|p2b: Palafin|Palafin-Hero, M\n|switch|p2b: Landorus|Landorus, M|100\/100\n|cant|p1a: Volcarona|slp\n|move|p1b: Ursaluna|Facade|p2b: Landorus\n|-damage|p2b: Landorus|49\/100\n|move|p2a: Amoonguss|Spore|p1b: Ursaluna\n|-status|p1b: Ursaluna|slp|[from] move: Spore\n|\n|upkeep\n|turn|5\n|\n|t:|1696618453\n|move|p2b: Landorus|Earthquake|p1b: Ursaluna|[spread] p2a,p1a,p1b\n|-damage|p2a: Amoonguss|65\/100\n|-damage|p1a: Volcarona|24\/100 slp\n|-damage|p1b: Ursaluna|65\/100 slp\n|-damage|p2b: Landorus|39\/100|[from] item: Life Orb\n|cant|p1a: Volcarona|slp\n|cant|p1b: Ursaluna|slp\n|move|p2a: Amoonguss|Energy Ball|p1b: Ursaluna\n|-supereffective|p1b: Ursaluna\n|-damage|p1b: Ursaluna|18\/100 slp\n|\n|-heal|p1a: Volcarona|30\/100 slp|[from] item: Leftovers\n|upkeep\n|turn|6\n|\n|t:|1696618478\n|move|p2b: Landorus|Earthquake|p1a: Volcarona|[spread] p2a,p1a,p1b\n|-damage|p2a: Amoonguss|27\/100\n|-damage|p1a: Volcarona|0 fnt\n|-damage|p1b: Ursaluna|0 fnt\n|faint|p1a: Volcarona\n|faint|p1b: Ursaluna\n|-damage|p2b: Landorus|29\/100|[from] item: Life Orb\n|move|p2a: Amoonguss|Synthesis|p2a: Amoonguss\n|-heal|p2a: Amoonguss|77\/100\n|\n|upkeep\n|-message|Hushy123 forfeited.\n|\n|win|O Megamente\n|raw|Hushy123's rating: 1035 &rarr; <strong>1026<\/strong><br \/>(-9 for losing)\n|raw|O Megamente's rating: 1196 &rarr; <strong>1210<\/strong><br \/>(+14 for winning)\n|l|\u2606Hushy123\n","uploadtime":1696618507,"views":5,"p1id":"hushy123","p2id":"omegamente","formatid":"gen9nationaldexdoubles","rating":1026,"private":0,"password":""}