{"id":"gen9nationaldexdoubles-1979504099","p1":"fleeblefloop","p2":"Mikralas","format":"[Gen 9] National Dex Doubles","log":"|j|\u2606fleeblefloop\n|j|\u2606Mikralas\n|t:|1698687877\n|gametype|doubles\n|player|p1|fleeblefloop|102|1091\n|player|p2|Mikralas|jasmine-masters2|1068\n|teamsize|p1|6\n|teamsize|p2|6\n|gen|9\n|tier|[Gen 9] National Dex Doubles\n|rated|\n|rule|HP Percentage Mod: HP is shown in percentages\n|rule|Endless Battle Clause: Forcing endless battles is banned\n|rule|OHKO Clause: OHKO moves are banned\n|rule|Evasion Moves Clause: Evasion moves are banned\n|rule|Evasion Abilities Clause: Evasion abilities are banned\n|rule|Species Clause: Limit one of each Pok\u00e9mon\n|rule|Gravity Sleep Clause: The combination of sleep-inducing moves with imperfect accuracy and Gravity or Gigantamax Orbeetle are banned\n|clearpoke\n|poke|p1|Oranguru, M|\n|poke|p1|Hatterene, F|\n|poke|p1|Articuno-Galar|\n|poke|p1|Indeedee-F, F|\n|poke|p1|Raichu-Alola, F|\n|poke|p1|Armarouge, F|\n|poke|p2|Ampharos, F|\n|poke|p2|Cresselia, F|\n|poke|p2|Golduck, F|\n|poke|p2|Oranguru, F|\n|poke|p2|Mew|\n|poke|p2|Eevee, F|\n|teampreview\n|\n|t:|1698687883\n|start\n|switch|p1a: Oranguru|Oranguru, M|100\/100\n|switch|p1b: Hatterene|Hatterene, F|100\/100\n|switch|p2a: Golduck|Golduck, F|100\/100\n|switch|p2b: Eevee|Eevee, F|100\/100\n|turn|1\n|\n|t:|1698687892\n|move|p2a: Golduck|Simple Beam|p2b: Eevee\n|-endability|p2b: Eevee|Run Away|[from] move: Simple Beam\n|-ability|p2b: Eevee|Simple|[from] move: Simple Beam\n|-zpower|p2b: Eevee\n|move|p2b: Eevee|Extreme Evoboost|p2b: Eevee\n|-boost|p2b: Eevee|atk|4\n|-boost|p2b: Eevee|def|4\n|-boost|p2b: Eevee|spa|4\n|-boost|p2b: Eevee|spd|4\n|-boost|p2b: Eevee|spe|4\n|move|p1a: Oranguru|Psychic Terrain|p1a: Oranguru\n|-fieldstart|move: Psychic Terrain\n|move|p1b: Hatterene|Expanding Force|p2a: Golduck|[spread] p2a,p2b\n|-damage|p2a: Golduck|20\/100\n|-damage|p2b: Eevee|65\/100\n|\n|upkeep\n|turn|2\n|\n|t:|1698687917\n|-terastallize|p1b: Hatterene|Psychic\n|move|p2b: Eevee|Baton Pass|p2b: Eevee\n|\n|t:|1698687920\n|switch|p2b: Ampharos|Ampharos, F|100\/100|[from] Baton Pass\n|move|p2a: Golduck|Simple Beam|p1a: Oranguru\n|-endability|p1a: Oranguru|Symbiosis|[from] move: Simple Beam\n|-ability|p1a: Oranguru|Simple|[from] move: Simple Beam\n|move|p1a: Oranguru|Expanding Force|p2b: Ampharos|[spread] p2a,p2b\n|-damage|p2a: Golduck|0 fnt\n|-damage|p2b: Ampharos|85\/100\n|faint|p2a: Golduck\n|move|p1b: Hatterene|Expanding Force|p2b: Ampharos\n|-damage|p2b: Ampharos|41\/100\n|\n|upkeep\n|\n|t:|1698687935\n|switch|p2a: Oranguru|Oranguru, F|100\/100\n|turn|3\n|\n|t:|1698687947\n|move|p2b: Ampharos|Discharge|p1b: Hatterene|[spread] p1a,p1b\n|-activate|p2a: Oranguru|ability: Telepathy\n|-damage|p1a: Oranguru|42\/100\n|-damage|p1b: Hatterene|0 fnt\n|faint|p1b: Hatterene\n|move|p2a: Oranguru|Instruct|p2b: Ampharos\n|-singleturn|p2b: Ampharos|move: Instruct|[of] p2a: Oranguru\n|move|p2b: Ampharos|Discharge|p1a: Oranguru|[spread] p1a\n|-activate|p2a: Oranguru|ability: Telepathy\n|-damage|p1a: Oranguru|0 fnt\n|faint|p1a: Oranguru\n|\n|upkeep\n|\n|t:|1698687956\n|switch|p1a: Indeedee|Indeedee-F, F|100\/100\n|switch|p1b: Articuno|Articuno-Galar|100\/100\n|turn|4\n|\n|t:|1698687971\n|move|p2b: Ampharos|Discharge|p1a: Indeedee|[spread] p1a,p1b\n|-activate|p2a: Oranguru|ability: Telepathy\n|-supereffective|p1b: Articuno\n|-damage|p1a: Indeedee|0 fnt\n|-damage|p1b: Articuno|0 fnt\n|faint|p1a: Indeedee\n|faint|p1b: Articuno\n|move|p2a: Oranguru|Instruct|p2b: Ampharos\n|-singleturn|p2b: Ampharos|move: Instruct|[of] p2a: Oranguru\n|move|p2b: Ampharos|Discharge|p2a: Oranguru\n|-activate|p2a: Oranguru|ability: Telepathy\n|\n|upkeep\n|\n|t:|1698687976\n|switch|p1b: Armarouge|Armarouge, F|100\/100\n|switch|p1a: Raichu|Raichu-Alola, F|100\/100\n|turn|5\n|\n|t:|1698687983\n|move|p2b: Ampharos|Discharge|p1b: Armarouge|[spread] p1a,p1b\n|-activate|p2a: Oranguru|ability: Telepathy\n|-resisted|p1a: Raichu\n|-damage|p1a: Raichu|31\/100\n|-damage|p1b: Armarouge|0 fnt\n|faint|p1b: Armarouge\n|move|p1a: Raichu|Electric Terrain|p1a: Raichu\n|-fieldstart|move: Electric Terrain\n|move|p2a: Oranguru|Instruct|p2b: Ampharos\n|-singleturn|p2b: Ampharos|move: Instruct|[of] p2a: Oranguru\n|move|p2b: Ampharos|Discharge|p1a: Raichu|[spread] p1a\n|-activate|p2a: Oranguru|ability: Telepathy\n|-resisted|p1a: Raichu\n|-damage|p1a: Raichu|0 fnt\n|faint|p1a: Raichu\n|\n|win|Mikralas\n|raw|fleeblefloop's rating: 1091 &rarr; <strong>1066<\/strong><br \/>(-25 for losing)\n|raw|Mikralas's rating: 1068 &rarr; <strong>1100<\/strong><br \/>(+32 for winning)\n|l|\u2606fleeblefloop\n|l|\u2606Mikralas\n|j|\u2606Mikralas\n|player|p2|Mikralas|jasmine-masters2\n","uploadtime":1698688216,"views":13,"p1id":"fleeblefloop","p2id":"mikralas","formatid":"gen9nationaldexdoubles","rating":1066,"private":0,"password":""}