{"id":"gen9nationaldexdoubles-1998428057","p1":"Liarkingg","p2":"Nacho Viral","format":"[Gen 9] National Dex Doubles","log":"|j|\u2606Liarkingg\n|j|\u2606Nacho Viral\n|t:|1700941190\n|gametype|doubles\n|player|p1|Liarkingg|backpacker|\n|player|p2|Nacho Viral|169|\n|teamsize|p1|6\n|teamsize|p2|6\n|gen|9\n|tier|[Gen 9] National Dex Doubles\n|rule|HP Percentage Mod: HP is shown in percentages\n|rule|Endless Battle Clause: Forcing endless battles is banned\n|rule|OHKO Clause: OHKO moves are banned\n|rule|Evasion Moves Clause: Evasion moves are banned\n|rule|Evasion Abilities Clause: Evasion abilities are banned\n|rule|Species Clause: Limit one of each Pok\u00e9mon\n|rule|Gravity Sleep Clause: The combination of sleep-inducing moves with imperfect accuracy and Gravity or Gigantamax Orbeetle are banned\n|clearpoke\n|poke|p1|Rillaboom, F|\n|poke|p1|Amoonguss, F|\n|poke|p1|Ogerpon-Wellspring, F|\n|poke|p1|Wo-Chien|\n|poke|p1|Sinistcha|\n|poke|p1|Meowscarada, M|\n|poke|p2|Ursaluna, F|\n|poke|p2|Clodsire, M|\n|poke|p2|Gliscor, F|\n|poke|p2|Gastrodon, F|\n|poke|p2|Hippowdon, M|\n|poke|p2|Excadrill, M|\n|teampreview\n|c|\u2606Liarkingg|Xd\n|\n|t:|1700941211\n|start\n|switch|p1a: Meowscarada|Meowscarada, M|100\/100\n|switch|p1b: Amoonguss|Amoonguss, F|100\/100\n|switch|p2a: Gliscor|Gliscor, F|100\/100\n|switch|p2b: Clodsire|Clodsire, M|100\/100\n|turn|1\n|\n|t:|1700941238\n|move|p1b: Amoonguss|Rage Powder|p1b: Amoonguss\n|-singleturn|p1b: Amoonguss|move: Rage Powder\n|move|p1a: Meowscarada|Knock Off|p2a: Gliscor\n|-start|p1a: Meowscarada|typechange|Dark|[from] ability: Protean\n|-damage|p2a: Gliscor|45\/100\n|-enditem|p2a: Gliscor|Toxic Orb|[from] move: Knock Off|[of] p1a: Meowscarada\n|move|p2a: Gliscor|Taunt|p1b: Amoonguss\n|-start|p1b: Amoonguss|move: Taunt\n|move|p2b: Clodsire|Poison Jab|p1b: Amoonguss\n|-damage|p1b: Amoonguss|78\/100\n|\n|-heal|p1b: Amoonguss|84\/100|[from] item: Black Sludge\n|upkeep\n|turn|2\n|\n|t:|1700941270\n|move|p1a: Meowscarada|Knock Off|p2b: Clodsire\n|-damage|p2b: Clodsire|29\/100\n|-enditem|p2b: Clodsire|Black Sludge|[from] move: Knock Off|[of] p1a: Meowscarada\n|move|p2a: Gliscor|Roost|p2a: Gliscor\n|-heal|p2a: Gliscor|95\/100\n|-singleturn|p2a: Gliscor|move: Roost\n|move|p1b: Amoonguss|Foul Play|p2a: Gliscor\n|-damage|p2a: Gliscor|78\/100\n|move|p2b: Clodsire|Earthquake|p1a: Meowscarada|[spread] p2a,p1a,p1b\n|-damage|p2a: Gliscor|63\/100\n|-damage|p1a: Meowscarada|70\/100\n|-damage|p1b: Amoonguss|63\/100\n|\n|-heal|p1b: Amoonguss|70\/100|[from] item: Black Sludge\n|upkeep\n|turn|3\n|l|\u2606Liarkingg\n|player|p1|\n|j|\u2606Liarkingg\n|player|p1|Liarkingg|backpacker\n|\n|t:|1700941367\n|switch|p1b: Wo-Chien|Wo-Chien|100\/100\n|-ability|p1b: Wo-Chien|Tablets of Ruin\n|move|p1a: Meowscarada|Knock Off|p2b: Clodsire\n|-damage|p2b: Clodsire|0 fnt\n|faint|p2b: Clodsire\n|move|p2a: Gliscor|Knock Off|p1b: Wo-Chien\n|-resisted|p1b: Wo-Chien\n|-damage|p1b: Wo-Chien|93\/100\n|-enditem|p1b: Wo-Chien|Leftovers|[from] move: Knock Off|[of] p2a: Gliscor\n|\n|upkeep\n|l|\u2606Liarkingg\n|player|p1|\n|\n|t:|1700941396\n|switch|p2b: Excadrill|Excadrill, M|100\/100\n|turn|4\n|j|\u2606Liarkingg\n|player|p1|Liarkingg|backpacker\n|\n|t:|1700941455\n|switch|p2a: Hippowdon|Hippowdon, M|100\/100\n|-weather|Sandstorm|[from] ability: Sand Stream|[of] p2a: Hippowdon\n|-zpower|p2b: Excadrill\n|move|p2b: Excadrill|Corkscrew Crash|p1b: Wo-Chien|[zeffect]\n|-damage|p1b: Wo-Chien|26\/100\n|move|p1a: Meowscarada|Knock Off|p2b: Excadrill\n|-damage|p2b: Excadrill|54\/100\n|move|p1b: Wo-Chien|Leech Seed|p2a: Hippowdon\n|-start|p2a: Hippowdon|move: Leech Seed\n|\n|-weather|Sandstorm|[upkeep]\n|-damage|p1a: Meowscarada|64\/100|[from] Sandstorm\n|-damage|p1b: Wo-Chien|20\/100|[from] Sandstorm\n|-damage|p2a: Hippowdon|88\/100|[from] Leech Seed|[of] p1b: Wo-Chien\n|-heal|p1b: Wo-Chien|34\/100|[silent]\n|upkeep\n|turn|5\n|l|\u2606Liarkingg\n|player|p1|\n|j|\u2606Liarkingg\n|player|p1|Liarkingg|backpacker\n|\n|t:|1700941549\n|switch|p2a: Gliscor|Gliscor, F|63\/100\n|move|p2b: Excadrill|Earthquake|p1a: Meowscarada|[spread] p1a,p1b\n|-immune|p2a: Gliscor\n|-resisted|p1b: Wo-Chien\n|-damage|p1a: Meowscarada|14\/100\n|-damage|p1b: Wo-Chien|18\/100\n|move|p1a: Meowscarada|Knock Off|p2a: Gliscor\n|-crit|p2a: Gliscor\n|-damage|p2a: Gliscor|22\/100\n|move|p1b: Wo-Chien|Giga Drain|p2b: Excadrill\n|-damage|p2b: Excadrill|19\/100\n|-heal|p1b: Wo-Chien|35\/100|[from] drain|[of] p2b: Excadrill\n|\n|-weather|Sandstorm|[upkeep]\n|-damage|p1a: Meowscarada|8\/100|[from] Sandstorm\n|-damage|p1b: Wo-Chien|29\/100|[from] Sandstorm\n|upkeep\n|turn|6\n|\n|t:|1700941587\n|switch|p1a: Rillaboom|Rillaboom, F|100\/100\n|-fieldstart|move: Grassy Terrain|[from] ability: Grassy Surge|[of] p1a: Rillaboom\n|move|p2b: Excadrill|Swords Dance|p2b: Excadrill\n|-boost|p2b: Excadrill|atk|2\n|move|p2a: Gliscor|Roost|p2a: Gliscor\n|-heal|p2a: Gliscor|72\/100\n|-singleturn|p2a: Gliscor|move: Roost\n|move|p1b: Wo-Chien|Giga Drain|p2b: Excadrill\n|-damage|p2b: Excadrill|0 fnt\n|-heal|p1b: Wo-Chien|37\/100|[from] drain|[of] p2b: Excadrill\n|faint|p2b: Excadrill\n|\n|-weather|Sandstorm|[upkeep]\n|-damage|p1a: Rillaboom|94\/100|[from] Sandstorm\n|-damage|p1b: Wo-Chien|31\/100|[from] Sandstorm\n|-heal|p1a: Rillaboom|100\/100|[from] Grassy Terrain\n|-heal|p2a: Gliscor|78\/100|[from] Grassy Terrain\n|-heal|p1b: Wo-Chien|37\/100|[from] Grassy Terrain\n|upkeep\n|\n|t:|1700941622\n|switch|p2b: Ursaluna|Ursaluna, F|100\/100\n|turn|7\n|\n|t:|1700941666\n|-terastallize|p2b: Ursaluna|Normal\n|move|p1a: Rillaboom|Wood Hammer|p2b: Ursaluna\n|-damage|p2b: Ursaluna|62\/100\n|-damage|p1a: Rillaboom|83\/100|[from] Recoil\n|move|p2a: Gliscor|Knock Off|p1b: Wo-Chien\n|-resisted|p1b: Wo-Chien\n|-damage|p1b: Wo-Chien|33\/100\n|move|p1b: Wo-Chien|Leech Seed|p2a: Gliscor|[miss]\n|-miss|p1b: Wo-Chien|p2a: Gliscor\n|move|p2b: Ursaluna|Drain Punch|p1b: Wo-Chien\n|-supereffective|p1b: Wo-Chien\n|-damage|p1b: Wo-Chien|0 fnt\n|-heal|p2b: Ursaluna|75\/100|[from] drain|[of] p1b: Wo-Chien\n|faint|p1b: Wo-Chien\n|\n|-weather|Sandstorm|[upkeep]\n|-damage|p1a: Rillaboom|77\/100|[from] Sandstorm\n|-damage|p2b: Ursaluna|69\/100|[from] Sandstorm\n|-heal|p1a: Rillaboom|83\/100|[from] Grassy Terrain\n|-heal|p2b: Ursaluna|75\/100|[from] Grassy Terrain\n|-status|p2b: Ursaluna|brn|[from] item: Flame Orb\n|upkeep\n|\n|t:|1700941687\n|switch|p1b: Meowscarada|Meowscarada, M|8\/100\n|turn|8\n|\n|t:|1700941711\n|move|p1b: Meowscarada|Flower Trick|p2b: Ursaluna\n|-start|p1b: Meowscarada|typechange|Grass|[from] ability: Protean\n|-crit|p2b: Ursaluna\n|-damage|p2b: Ursaluna|13\/100 brn\n|move|p1a: Rillaboom|Wood Hammer|p2b: Ursaluna\n|-damage|p2b: Ursaluna|0 fnt\n|faint|p2b: Ursaluna\n|-damage|p1a: Rillaboom|78\/100|[from] Recoil\n|move|p2a: Gliscor|Knock Off|p1b: Meowscarada\n|-damage|p1b: Meowscarada|0 fnt\n|-enditem|p1b: Meowscarada|Choice Band|[from] move: Knock Off|[of] p2a: Gliscor\n|faint|p1b: Meowscarada\n|\n|-weather|none\n|-heal|p1a: Rillaboom|84\/100|[from] Grassy Terrain\n|upkeep\n|\n|t:|1700941733\n|switch|p1b: Ogerpon|Ogerpon-Wellspring, F|100\/100\n|switch|p2b: Hippowdon|Hippowdon, M|88\/100\n|-weather|Sandstorm|[from] ability: Sand Stream|[of] p2b: Hippowdon\n|turn|9\n|\n|t:|1700941772\n|move|p1b: Ogerpon|Swords Dance|p1b: Ogerpon\n|-boost|p1b: Ogerpon|atk|2\n|move|p1a: Rillaboom|Wood Hammer|p2b: Hippowdon\n|-supereffective|p2b: Hippowdon\n|-damage|p2b: Hippowdon|3\/100\n|-damage|p1a: Rillaboom|67\/100|[from] item: Rocky Helmet|[of] p2b: Hippowdon\n|-damage|p1a: Rillaboom|33\/100|[from] Recoil\n|move|p2a: Gliscor|Knock Off|p1b: Ogerpon\n|-damage|p1b: Ogerpon|82\/100\n|move|p2b: Hippowdon|Whirlwind|p1a: Rillaboom\n|drag|p1a: Sinistcha|Sinistcha|100\/100\n|-heal|p1b: Ogerpon|100\/100|[from] ability: Hospitality|[of] p1a: Sinistcha\n|\n|-weather|Sandstorm|[upkeep]\n|-damage|p1b: Ogerpon|95\/100|[from] Sandstorm\n|-damage|p1a: Sinistcha|94\/100|[from] Sandstorm\n|-heal|p1b: Ogerpon|100\/100|[from] Grassy Terrain\n|-heal|p1a: Sinistcha|100\/100|[from] Grassy Terrain\n|-heal|p2b: Hippowdon|10\/100|[from] Grassy Terrain\n|upkeep\n|turn|10\n|l|\u2606Liarkingg\n|player|p1|\n|j|\u2606Liarkingg\n|player|p1|Liarkingg|backpacker\n|l|\u2606Liarkingg\n|player|p1|\n|j|\u2606Liarkingg\n|player|p1|Liarkingg|backpacker\n|\n|t:|1700942010\n|switch|p2b: Gastrodon|Gastrodon, F|100\/100\n|-terastallize|p1a: Sinistcha|Grass\n|move|p1b: Ogerpon|Ivy Cudgel|p2b: Gastrodon|[anim] Ivy Cudgel Water\n|-activate|p2b: Gastrodon|ability: Storm Drain\n|-ability|p2b: Gastrodon|Storm Drain|boost\n|-boost|p2b: Gastrodon|spa|1\n|move|p2a: Gliscor|Earthquake|p1a: Sinistcha|[spread] p2b,p1a,p1b\n|-resisted|p1a: Sinistcha\n|-resisted|p1b: Ogerpon\n|-damage|p2b: Gastrodon|91\/100\n|-damage|p1a: Sinistcha|95\/100\n|-damage|p1b: Ogerpon|92\/100\n|move|p1a: Sinistcha|Matcha Gotcha|p2b: Gastrodon|[spread] p2a,p2b\n|-supereffective|p2b: Gastrodon\n|-damage|p2a: Gliscor|31\/100\n|-heal|p1a: Sinistcha|100\/100|[from] drain|[of] p2a: Gliscor\n|-damage|p2b: Gastrodon|0 fnt\n|faint|p2b: Gastrodon\n|\n|-weather|Sandstorm|[upkeep]\n|-damage|p1b: Ogerpon|86\/100|[from] Sandstorm\n|-damage|p1a: Sinistcha|94\/100|[from] Sandstorm\n|-heal|p1b: Ogerpon|92\/100|[from] Grassy Terrain\n|-heal|p1a: Sinistcha|100\/100|[from] Grassy Terrain\n|-fieldend|move: Grassy Terrain\n|upkeep\n|\n|t:|1700942039\n|switch|p2b: Hippowdon|Hippowdon, M|10\/100\n|turn|11\n|\n|t:|1700942049\n|move|p1b: Ogerpon|Swords Dance|p1b: Ogerpon\n|-boost|p1b: Ogerpon|atk|2\n|move|p2a: Gliscor|Roost|p2a: Gliscor\n|-heal|p2a: Gliscor|81\/100\n|-singleturn|p2a: Gliscor|move: Roost\n|move|p1a: Sinistcha|Matcha Gotcha|p2b: Hippowdon|[spread] p2a,p2b\n|-supereffective|p2a: Gliscor\n|-supereffective|p2b: Hippowdon\n|-damage|p2a: Gliscor|0 fnt\n|-damage|p2b: Hippowdon|0 fnt\n|faint|p2a: Gliscor\n|faint|p2b: Hippowdon\n|\n|win|Liarkingg\n","uploadtime":1700942065,"views":8,"p1id":"liarkingg","p2id":"nachoviral","formatid":"gen9nationaldexdoubles","rating":0,"private":0,"password":""}