{"id":"gen9nationaldexdoubles-1968484971","p1":"Zelphalopod","p2":"Camdar","format":"[Gen 9] National Dex Doubles","log":"|j|\u2606Zelphalopod\n|j|\u2606Camdar\n|t:|1697423648\n|gametype|doubles\n|player|p1|Zelphalopod|brendan-masters|\n|player|p2|Camdar|hilda|\n|teamsize|p1|6\n|teamsize|p2|6\n|gen|9\n|tier|[Gen 9] National Dex Doubles\n|rule|HP Percentage Mod: HP is shown in percentages\n|rule|Endless Battle Clause: Forcing endless battles is banned\n|rule|OHKO Clause: OHKO moves are banned\n|rule|Evasion Moves Clause: Evasion moves are banned\n|rule|Evasion Abilities Clause: Evasion abilities are banned\n|rule|Species Clause: Limit one of each Pok\u00e9mon\n|rule|Gravity Sleep Clause: The combination of sleep-inducing moves with imperfect accuracy and Gravity or Gigantamax Orbeetle are banned\n|clearpoke\n|poke|p1|Toxtricity, M|\n|poke|p1|Samurott-Hisui, M|\n|poke|p1|Volcanion|\n|poke|p1|Gyarados, M|\n|poke|p1|Glimmora, F|\n|poke|p1|Brute Bonnet|\n|poke|p2|Clefable, F|\n|poke|p2|Zapdos|\n|poke|p2|Baxcalibur, F|\n|poke|p2|Vivillon-Continental, M|\n|poke|p2|Garchomp, M|\n|poke|p2|Kleavor, M|\n|teampreview\n|j| Relleth\n|\n|t:|1697423661\n|start\n|switch|p1a: Shui-Long|Gyarados, M|100\/100\n|switch|p1b: Shimmer|Glimmora, F|100\/100\n|switch|p2a: uu|Garchomp, M|100\/100\n|switch|p2b: birb|Zapdos|100\/100\n|-ability|p1a: Shui-Long|Intimidate|boost\n|-unboost|p2a: uu|atk|1\n|-unboost|p2b: birb|atk|1\n|turn|1\n|\n|t:|1697423693\n|move|p1a: Shui-Long|Protect|p1a: Shui-Long\n|-singleturn|p1a: Shui-Long|Protect\n|move|p2a: uu|Swords Dance|p2a: uu\n|-boost|p2a: uu|atk|2\n|move|p1b: Shimmer|Stealth Rock|p2b: birb\n|-sidestart|p2: Camdar|move: Stealth Rock\n|move|p2b: birb|Discharge|p1a: Shui-Long|[spread] p1b\n|-activate|p1a: Shui-Long|move: Protect\n|-immune|p2a: uu\n|-damage|p1b: Shimmer|67\/100\n|\n|upkeep\n|turn|2\n|\n|t:|1697423716\n|switch|p1a: Among|Brute Bonnet|100\/100\n|-enditem|p1a: Among|Booster Energy\n|-activate|p1a: Among|ability: Protosynthesis|[fromitem]\n|-start|p1a: Among|protosynthesisdef\n|move|p2a: uu|Earthquake|p1a: Among|[spread] p1a,p1b\n|-immune|p2b: birb\n|-resisted|p1a: Among\n|-supereffective|p1b: Shimmer\n|-damage|p1a: Among|86\/100\n|-damage|p1b: Shimmer|0 fnt\n|-activate|p1b: Shimmer|ability: Toxic Debris\n|-sidestart|p2: Camdar|move: Toxic Spikes\n|faint|p1b: Shimmer\n|move|p2b: birb|Discharge|p1a: Among|[spread] p1a\n|-immune|p2a: uu\n|-resisted|p1a: Among\n|-damage|p1a: Among|76\/100\n|\n|upkeep\n|\n|t:|1697423744\n|switch|p1b: Lazarus|Toxtricity, M, shiny|100\/100\n|turn|3\n|\n|t:|1697423752\n|move|p1b: Lazarus|Boomburst|p2a: uu|[spread] p1a,p2a,p2b\n|-damage|p1a: Among|32\/100\n|-damage|p2a: uu|46\/100\n|-damage|p2b: birb|58\/100\n|move|p2a: uu|Earthquake|p1a: Among|[spread] p1a,p1b\n|-immune|p2b: birb\n|-resisted|p1a: Among\n|-supereffective|p1b: Lazarus\n|-damage|p1a: Among|17\/100\n|-damage|p1b: Lazarus|0 fnt\n|faint|p1b: Lazarus\n|move|p2b: birb|Hurricane|p1a: Among\n|-supereffective|p1a: Among\n|-damage|p1a: Among|0 fnt\n|faint|p1a: Among\n|-end|p1a: Among|Protosynthesis|[silent]\n|\n|upkeep\n|\n|t:|1697423767\n|switch|p1b: Shui-Long|Gyarados, M|100\/100\n|switch|p1a: Yin|Samurott-Hisui, M|100\/100\n|-ability|p1b: Shui-Long|Intimidate|boost\n|-unboost|p2a: uu|atk|1\n|-unboost|p2b: birb|atk|1\n|turn|4\n|\n|t:|1697423787\n|-terastallize|p2a: uu|Water\n|move|p2a: uu|Swords Dance|p2a: uu\n|-boost|p2a: uu|atk|2\n|move|p2b: birb|Volt Switch|p1b: Shui-Long\n|-supereffective|p1b: Shui-Long\n|-damage|p1b: Shui-Long|4\/100\n|-enditem|p1b: Shui-Long|Sitrus Berry|[eat]\n|-heal|p1b: Shui-Long|29\/100|[from] item: Sitrus Berry\n|\n|t:|1697423795\n|switch|p2b: orange|Vivillon-Continental, M|100\/100|[from] Volt Switch\n|-damage|p2b: orange|50\/100|[from] Stealth Rock\n|move|p1a: Yin|Ceaseless Edge|p2b: orange\n|-damage|p2b: orange|0 fnt\n|-sidestart|p2: Camdar|Spikes\n|faint|p2b: orange\n|move|p1b: Shui-Long|Ice Fang|p2a: uu\n|-resisted|p2a: uu\n|-damage|p2a: uu|36\/100\n|-damage|p1b: Shui-Long|17\/100|[from] ability: Rough Skin|[of] p2a: uu\n|\n|upkeep\n|\n|t:|1697423807\n|switch|p2b: birb|Zapdos|58\/100\n|-damage|p2b: birb|33\/100|[from] Stealth Rock\n|turn|5\n|\n|t:|1697423818\n|move|p1b: Shui-Long|Protect|p1b: Shui-Long\n|-singleturn|p1b: Shui-Long|Protect\n|move|p1a: Yin|Aqua Jet|p2b: birb\n|-damage|p2b: birb|17\/100\n|-damage|p1a: Yin|84\/100|[from] item: Rocky Helmet|[of] p2b: birb\n|move|p2a: uu|Earthquake|p1a: Yin|[spread] p1a\n|-activate|p1b: Shui-Long|move: Protect\n|-immune|p2b: birb\n|-damage|p1a: Yin|0 fnt\n|faint|p1a: Yin\n|move|p2b: birb|Roost|p2b: birb\n|-heal|p2b: birb|67\/100\n|-singleturn|p2b: birb|move: Roost\n|\n|upkeep\n|\n|t:|1697423832\n|switch|p1a: Storm|Volcanion|100\/100\n|turn|6\n|\n|t:|1697423851\n|move|p2a: uu|Protect|p2a: uu\n|-singleturn|p2a: uu|Protect\n|move|p2b: birb|Volt Switch|p1b: Shui-Long\n|-supereffective|p1b: Shui-Long\n|-damage|p1b: Shui-Long|0 fnt\n|faint|p1b: Shui-Long\n|\n|t:|1697423858\n|switch|p2b: ou|Clefable, F|100\/100|[from] Volt Switch\n|-damage|p2b: ou|88\/100|[from] Stealth Rock\n|-status|p2b: ou|psn\n|-damage|p2b: ou|76\/100 psn|[from] Spikes\n|move|p1a: Storm|Heat Wave|p2b: ou|[spread] p2b\n|-activate|p2a: uu|move: Protect\n|-damage|p2b: ou|44\/100 psn\n|\n|-heal|p2b: ou|50\/100 psn|[from] item: Leftovers\n|-damage|p2b: ou|38\/100 psn|[from] psn\n|upkeep\n|turn|7\n|\n|t:|1697423874\n|move|p2a: uu|Earthquake|p1a: Storm|[spread] p2b,p1a\n|-supereffective|p1a: Storm\n|-damage|p2b: ou|6\/100 psn\n|-damage|p1a: Storm|0 fnt\n|faint|p1a: Storm\n|\n|win|Camdar\n","uploadtime":1697423880,"views":14,"p1id":"zelphalopod","p2id":"camdar","formatid":"gen9nationaldexdoubles","rating":0,"private":0,"password":""}