{"id":"gen9nationaldexdoubles-1986039132","p1":"TheQuacken57","p2":"Schuey_007","format":"[Gen 9] National Dex Doubles","log":"|j|\u203dTheQuacken57\n|j|\u203dSchuey_007\n|t:|1699442423\n|gametype|doubles\n|player|p1|TheQuacken57|170|1040\n|player|p2|Schuey_007|benga|1033\n|teamsize|p1|6\n|teamsize|p2|6\n|gen|9\n|tier|[Gen 9] National Dex Doubles\n|rated|\n|rule|HP Percentage Mod: HP is shown in percentages\n|rule|Endless Battle Clause: Forcing endless battles is banned\n|rule|OHKO Clause: OHKO moves are banned\n|rule|Evasion Moves Clause: Evasion moves are banned\n|rule|Evasion Abilities Clause: Evasion abilities are banned\n|rule|Species Clause: Limit one of each Pok\u00e9mon\n|rule|Gravity Sleep Clause: The combination of sleep-inducing moves with imperfect accuracy and Gravity or Gigantamax Orbeetle are banned\n|clearpoke\n|poke|p1|Marowak-Alola, F|\n|poke|p1|Clefairy, M|\n|poke|p1|Gastrodon-East, M|\n|poke|p1|Hydreigon, M|\n|poke|p1|Klefki, F|\n|poke|p1|Arcanine, M|\n|poke|p2|Pincurchin, M|\n|poke|p2|Toxapex, F|\n|poke|p2|Shuckle, F|\n|poke|p2|Landorus-Therian, M|\n|poke|p2|Malamar, F|\n|poke|p2|Thundurus-Therian, M|\n|teampreview\n|\n|t:|1699442455\n|start\n|switch|p1a: Marowak|Marowak-Alola, F|100\/100\n|switch|p1b: Klefki|Klefki, F|100\/100\n|switch|p2a: Pincurchin|Pincurchin, M|100\/100\n|switch|p2b: Toxapex|Toxapex, F|100\/100\n|-item|p2a: Pincurchin|Air Balloon\n|turn|1\n|\n|t:|1699442477\n|move|p1a: Marowak|Protect|p1a: Marowak\n|-singleturn|p1a: Marowak|Protect\n|move|p1b: Klefki|Thunder Wave|p2a: Pincurchin\n|-activate|p2a: Pincurchin|ability: Lightning Rod\n|-ability|p2a: Pincurchin|Lightning Rod|boost\n|-boost|p2a: Pincurchin|spa|1\n|move|p2b: Toxapex|Chilling Water|p1a: Marowak\n|-activate|p1a: Marowak|move: Protect\n|move|p2a: Pincurchin|Thunder Wave|p1a: Marowak\n|-activate|p1a: Marowak|move: Protect\n|\n|upkeep\n|turn|2\n|\n|t:|1699442504\n|switch|p1a: Gastrodon|Gastrodon-East, M|100\/100\n|move|p1b: Klefki|Light Screen|p1b: Klefki\n|-sidestart|p1: TheQuacken57|move: Light Screen\n|move|p2b: Toxapex|Chilling Water|p1a: Gastrodon\n|-ability|p1a: Gastrodon|Storm Drain|boost\n|-boost|p1a: Gastrodon|spa|1\n|move|p2a: Pincurchin|Toxic Spikes|p1a: Gastrodon\n|-sidestart|p1: TheQuacken57|move: Toxic Spikes\n|\n|upkeep\n|turn|3\n|\n|t:|1699442536\n|move|p1b: Klefki|Foul Play|p2a: Pincurchin\n|-damage|p2a: Pincurchin|81\/100\n|-enditem|p2a: Pincurchin|Air Balloon\n|move|p1a: Gastrodon|Yawn|p2b: Toxapex\n|-start|p2b: Toxapex|move: Yawn|[of] p1a: Gastrodon\n|move|p2b: Toxapex|Ice Beam|p1a: Gastrodon\n|-damage|p1a: Gastrodon|92\/100\n|move|p2a: Pincurchin|Toxic Spikes|p1b: Klefki\n|-sidestart|p1: TheQuacken57|move: Toxic Spikes\n|\n|-heal|p1a: Gastrodon|98\/100|[from] item: Leftovers\n|upkeep\n|turn|4\n|\n|t:|1699442555\n|switch|p2b: Shuckle|Shuckle, F|100\/100\n|move|p1b: Klefki|Reflect|p1b: Klefki\n|-sidestart|p1: TheQuacken57|Reflect\n|move|p1a: Gastrodon|Earth Power|p2a: Pincurchin\n|-supereffective|p2a: Pincurchin\n|-damage|p2a: Pincurchin|0 fnt\n|faint|p2a: Pincurchin\n|\n|-heal|p1a: Gastrodon|100\/100|[from] item: Leftovers\n|upkeep\n|\n|t:|1699442572\n|switch|p2a: Malamar|Malamar, F|100\/100\n|turn|5\n|\n|t:|1699442592\n|move|p1b: Klefki|Foul Play|p2a: Malamar\n|-damage|p2a: Malamar|87\/100\n|move|p2a: Malamar|Acupressure|p2a: Malamar\n|-boost|p2a: Malamar|atk|2\n|move|p1a: Gastrodon|Hydro Pump|p2a: Malamar\n|-damage|p2a: Malamar|35\/100\n|move|p2b: Shuckle|Acupressure|p2a: Malamar\n|-boost|p2a: Malamar|accuracy|2\n|\n|-heal|p2a: Malamar|41\/100|[from] item: Leftovers\n|upkeep\n|turn|6\n|\n|t:|1699442617\n|move|p1b: Klefki|Foul Play|p2a: Malamar\n|-damage|p2a: Malamar|15\/100\n|move|p2a: Malamar|Attract|p1a: Gastrodon\n|-start|p1a: Gastrodon|Attract\n|-activate|p1a: Gastrodon|move: Attract|[of] p2a: Malamar\n|cant|p1a: Gastrodon|Attract\n|move|p2b: Shuckle|Shell Smash|p2b: Shuckle\n|-boost|p2b: Shuckle|def|1\n|-boost|p2b: Shuckle|spd|1\n|-unboost|p2b: Shuckle|atk|2\n|-unboost|p2b: Shuckle|spa|2\n|-unboost|p2b: Shuckle|spe|2\n|\n|-heal|p2a: Malamar|21\/100|[from] item: Leftovers\n|upkeep\n|turn|7\n|\n|t:|1699442639\n|move|p1b: Klefki|Foul Play|p2a: Malamar\n|-damage|p2a: Malamar|0 fnt\n|faint|p2a: Malamar\n|-end|p1a: Gastrodon|Attract|[silent]\n|move|p1a: Gastrodon|Earth Power|p2b: Shuckle\n|-damage|p2b: Shuckle|81\/100\n|-boost|p2b: Shuckle|spd|1\n|move|p2b: Shuckle|Shell Smash|p2b: Shuckle\n|-boost|p2b: Shuckle|def|1\n|-boost|p2b: Shuckle|spd|1\n|-unboost|p2b: Shuckle|atk|2\n|-unboost|p2b: Shuckle|spa|2\n|-unboost|p2b: Shuckle|spe|2\n|\n|-heal|p2b: Shuckle|87\/100|[from] item: Leftovers\n|upkeep\n|\n|t:|1699442657\n|switch|p2a: Toxapex|Toxapex, F|100\/100\n|turn|8\n|\n|t:|1699442666\n|move|p1b: Klefki|Thunder Wave|p2a: Toxapex\n|-status|p2a: Toxapex|par\n|move|p1a: Gastrodon|Yawn|p2b: Shuckle\n|-start|p2b: Shuckle|move: Yawn|[of] p1a: Gastrodon\n|cant|p2a: Toxapex|par\n|move|p2b: Shuckle|Acupressure|p2a: Toxapex\n|-boost|p2a: Toxapex|def|2\n|\n|-heal|p2b: Shuckle|93\/100|[from] item: Leftovers\n|upkeep\n|turn|9\n|\n|t:|1699442695\n|move|p1b: Klefki|Foul Play|p2b: Shuckle\n|-damage|p2b: Shuckle|92\/100\n|move|p1a: Gastrodon|Earth Power|p2a: Toxapex\n|-supereffective|p2a: Toxapex\n|-damage|p2a: Toxapex|25\/100 par\n|move|p2a: Toxapex|Ice Beam|p1a: Gastrodon\n|-damage|p1a: Gastrodon|92\/100\n|-status|p1a: Gastrodon|frz\n|move|p2b: Shuckle|Acupressure|p2a: Toxapex\n|-boost|p2a: Toxapex|evasion|2\n|\n|-heal|p1a: Gastrodon|98\/100 frz|[from] item: Leftovers\n|-heal|p2a: Toxapex|31\/100 par|[from] item: Black Sludge\n|-heal|p2b: Shuckle|98\/100|[from] item: Leftovers\n|-end|p2b: Shuckle|move: Yawn|[silent]\n|-status|p2b: Shuckle|slp\n|-sideend|p1: TheQuacken57|move: Light Screen\n|upkeep\n|turn|10\n|\n|t:|1699442727\n|move|p1b: Klefki|Light Screen|p1b: Klefki\n|-sidestart|p1: TheQuacken57|move: Light Screen\n|cant|p1a: Gastrodon|frz\n|move|p2a: Toxapex|Rest|p2a: Toxapex\n|-status|p2a: Toxapex|slp|[from] move: Rest\n|-heal|p2a: Toxapex|100\/100 slp|[silent]\n|cant|p2b: Shuckle|slp\n|\n|-heal|p1a: Gastrodon|100\/100 frz|[from] item: Leftovers\n|-heal|p2b: Shuckle|100\/100 slp|[from] item: Leftovers\n|upkeep\n|turn|11\n|\n|t:|1699442753\n|move|p1b: Klefki|Foul Play|p2a: Toxapex|[miss]\n|-miss|p1b: Klefki|p2a: Toxapex\n|cant|p1a: Gastrodon|frz\n|cant|p2a: Toxapex|slp\n|cant|p2b: Shuckle|slp\n|\n|-sideend|p1: TheQuacken57|Reflect\n|upkeep\n|turn|12\n|\n|t:|1699442767\n|move|p1b: Klefki|Reflect|p1b: Klefki\n|-sidestart|p1: TheQuacken57|Reflect\n|cant|p1a: Gastrodon|frz\n|cant|p2a: Toxapex|slp\n|cant|p2b: Shuckle|slp\n|\n|upkeep\n|turn|13\n|\n|t:|1699442800\n|move|p1b: Klefki|Foul Play|p2a: Toxapex\n|-damage|p2a: Toxapex|95\/100 slp\n|cant|p1a: Gastrodon|frz\n|-curestatus|p2a: Toxapex|slp|[msg]\n|move|p2a: Toxapex|Ice Beam|p1a: Gastrodon\n|-damage|p1a: Gastrodon|93\/100 frz\n|-curestatus|p2b: Shuckle|slp|[msg]\n|move|p2b: Shuckle|Infestation|p1a: Gastrodon\n|-damage|p1a: Gastrodon|93\/100 frz\n|-activate|p1a: Gastrodon|move: Infestation|[of] p2b: Shuckle\n|\n|-heal|p1a: Gastrodon|99\/100 frz|[from] item: Leftovers\n|-heal|p2a: Toxapex|100\/100|[from] item: Black Sludge\n|-damage|p1a: Gastrodon|86\/100 frz|[from] move: Infestation|[partiallytrapped]\n|upkeep\n|turn|14\n|j| whyisnoteveryone\n|\n|t:|1699442826\n|move|p1b: Klefki|Thunder Wave|p2a: Toxapex|[miss]\n|-miss|p1b: Klefki|p2a: Toxapex\n|-curestatus|p1a: Gastrodon|frz|[msg]\n|move|p1a: Gastrodon|Earth Power|p2a: Toxapex|[miss]\n|-miss|p1a: Gastrodon|p2a: Toxapex\n|move|p2a: Toxapex|Ice Beam|p1a: Gastrodon\n|-damage|p1a: Gastrodon|78\/100\n|move|p2b: Shuckle|Acupressure|p2a: Toxapex\n|-boost|p2a: Toxapex|def|2\n|\n|-heal|p1a: Gastrodon|84\/100|[from] item: Leftovers\n|-damage|p1a: Gastrodon|72\/100|[from] move: Infestation|[partiallytrapped]\n|upkeep\n|turn|15\n|l| whyisnoteveryone\n|\n|t:|1699442865\n|move|p1b: Klefki|Thunder Wave|p2a: Toxapex\n|-status|p2a: Toxapex|par\n|move|p1a: Gastrodon|Hydro Pump|p2b: Shuckle|[miss]\n|-miss|p1a: Gastrodon|p2b: Shuckle\n|move|p2a: Toxapex|Ice Beam|p1a: Gastrodon\n|-damage|p1a: Gastrodon|64\/100\n|move|p2b: Shuckle|Acupressure|p2a: Toxapex\n|-boost|p2a: Toxapex|spa|2\n|\n|-heal|p1a: Gastrodon|70\/100|[from] item: Leftovers\n|-damage|p1a: Gastrodon|57\/100|[from] move: Infestation|[partiallytrapped]\n|upkeep\n|turn|16\n|\n|t:|1699442885\n|move|p1b: Klefki|Thunder Wave|p2b: Shuckle\n|-status|p2b: Shuckle|par\n|move|p1a: Gastrodon|Hydro Pump|p2b: Shuckle\n|-supereffective|p2b: Shuckle\n|-damage|p2b: Shuckle|71\/100 par\n|move|p2a: Toxapex|Ice Beam|p1a: Gastrodon\n|-damage|p1a: Gastrodon|41\/100\n|move|p2b: Shuckle|Infestation|p1b: Klefki\n|-resisted|p1b: Klefki\n|-damage|p1b: Klefki|99\/100\n|-activate|p1b: Klefki|move: Infestation|[of] p2b: Shuckle\n|\n|-heal|p1a: Gastrodon|47\/100|[from] item: Leftovers\n|-heal|p2b: Shuckle|77\/100 par|[from] item: Leftovers\n|-damage|p1b: Klefki|88\/100|[from] move: Infestation|[partiallytrapped]\n|-damage|p1a: Gastrodon|34\/100|[from] move: Infestation|[partiallytrapped]\n|upkeep\n|turn|17\n|\n|t:|1699442905\n|move|p1b: Klefki|Foul Play|p2a: Toxapex\n|-damage|p2a: Toxapex|97\/100 par\n|move|p1a: Gastrodon|Recover|p1a: Gastrodon\n|-heal|p1a: Gastrodon|84\/100\n|move|p2a: Toxapex|Ice Beam|p1a: Gastrodon\n|-damage|p1a: Gastrodon|68\/100\n|move|p2b: Shuckle|Shell Smash|p2b: Shuckle\n|-boost|p2b: Shuckle|def|1\n|-boost|p2b: Shuckle|spd|1\n|-unboost|p2b: Shuckle|atk|2\n|-unboost|p2b: Shuckle|spa|2\n|-unboost|p2b: Shuckle|spe|2\n|\n|-heal|p1a: Gastrodon|74\/100|[from] item: Leftovers\n|-heal|p2a: Toxapex|100\/100 par|[from] item: Black Sludge\n|-heal|p2b: Shuckle|83\/100 par|[from] item: Leftovers\n|-damage|p1b: Klefki|76\/100|[from] move: Infestation|[partiallytrapped]\n|-damage|p1a: Gastrodon|62\/100|[from] move: Infestation|[partiallytrapped]\n|-sideend|p1: TheQuacken57|move: Light Screen\n|upkeep\n|turn|18\n|\n|t:|1699442929\n|move|p1b: Klefki|Light Screen|p1b: Klefki\n|-sidestart|p1: TheQuacken57|move: Light Screen\n|move|p1a: Gastrodon|Hydro Pump|p2b: Shuckle\n|-supereffective|p2b: Shuckle\n|-damage|p2b: Shuckle|59\/100 par\n|cant|p2a: Toxapex|par\n|move|p2b: Shuckle|Acupressure|p2a: Toxapex\n|-boost|p2a: Toxapex|spd|2\n|\n|-heal|p1a: Gastrodon|68\/100|[from] item: Leftovers\n|-heal|p2b: Shuckle|65\/100 par|[from] item: Leftovers\n|-damage|p1b: Klefki|63\/100|[from] move: Infestation|[partiallytrapped]\n|-end|p1a: Gastrodon|Infestation|[partiallytrapped]\n|upkeep\n|turn|19\n|\n|t:|1699442979\n|move|p1b: Klefki|Foul Play|p2b: Shuckle\n|-damage|p2b: Shuckle|64\/100 par\n|move|p1a: Gastrodon|Hydro Pump|p2b: Shuckle\n|-supereffective|p2b: Shuckle\n|-damage|p2b: Shuckle|38\/100 par\n|move|p2a: Toxapex|Ice Beam|p1a: Gastrodon\n|-damage|p1a: Gastrodon|53\/100\n|move|p2b: Shuckle|Acupressure|p2a: Toxapex\n|-boost|p2a: Toxapex|spa|2\n|\n|-heal|p1a: Gastrodon|59\/100|[from] item: Leftovers\n|-heal|p2b: Shuckle|44\/100 par|[from] item: Leftovers\n|-damage|p1b: Klefki|51\/100|[from] move: Infestation|[partiallytrapped]\n|-sideend|p1: TheQuacken57|Reflect\n|upkeep\n|turn|20\n|\n|t:|1699442997\n|move|p1b: Klefki|Reflect|p1b: Klefki\n|-sidestart|p1: TheQuacken57|Reflect\n|move|p1a: Gastrodon|Hydro Pump|p2b: Shuckle\n|-supereffective|p2b: Shuckle\n|-damage|p2b: Shuckle|18\/100 par\n|move|p2a: Toxapex|Ice Beam|p1a: Gastrodon\n|-damage|p1a: Gastrodon|35\/100\n|cant|p2b: Shuckle|par\n|\n|-heal|p1a: Gastrodon|41\/100|[from] item: Leftovers\n|-heal|p2b: Shuckle|24\/100 par|[from] item: Leftovers\n|-damage|p1b: Klefki|39\/100|[from] move: Infestation|[partiallytrapped]\n|upkeep\n|turn|21\n|\n|t:|1699443017\n|move|p1b: Klefki|Foul Play|p2b: Shuckle\n|-damage|p2b: Shuckle|23\/100 par\n|move|p1a: Gastrodon|Hydro Pump|p2b: Shuckle\n|-supereffective|p2b: Shuckle\n|-damage|p2b: Shuckle|0 fnt\n|faint|p2b: Shuckle\n|cant|p2a: Toxapex|par\n|\n|-heal|p1a: Gastrodon|47\/100|[from] item: Leftovers\n|-end|p1b: Klefki|Infestation|[partiallytrapped]\n|upkeep\n|\n|t:|1699443027\n|switch|p2b: Landorus|Landorus-Therian, M|100\/100\n|-ability|p2b: Landorus|Intimidate|boost\n|-unboost|p1a: Gastrodon|atk|1\n|-unboost|p1b: Klefki|atk|1\n|turn|22\n|\n|t:|1699443047\n|move|p2b: Landorus|Swords Dance|p2b: Landorus\n|-boost|p2b: Landorus|atk|2\n|move|p1b: Klefki|Foul Play|p2b: Landorus\n|-damage|p2b: Landorus|15\/100\n|move|p1a: Gastrodon|Earth Power|p2a: Toxapex|[miss]\n|-miss|p1a: Gastrodon|p2a: Toxapex\n|move|p2a: Toxapex|Ice Beam|p1a: Gastrodon\n|-damage|p1a: Gastrodon|26\/100\n|\n|-heal|p1a: Gastrodon|32\/100|[from] item: Leftovers\n|upkeep\n|turn|23\n|\n|t:|1699443073\n|move|p2b: Landorus|Stone Edge|p1b: Klefki\n|-resisted|p1b: Klefki\n|-damage|p1b: Klefki|17\/100\n|move|p1b: Klefki|Foul Play|p2b: Landorus\n|-damage|p2b: Landorus|0 fnt\n|faint|p2b: Landorus\n|move|p1a: Gastrodon|Recover|p1a: Gastrodon\n|-heal|p1a: Gastrodon|82\/100\n|move|p2a: Toxapex|Ice Beam|p1a: Gastrodon\n|-damage|p1a: Gastrodon|58\/100\n|-status|p1a: Gastrodon|frz\n|\n|-heal|p1a: Gastrodon|64\/100 frz|[from] item: Leftovers\n|upkeep\n|\n|t:|1699443080\n|switch|p2b: Thundurus|Thundurus-Therian, M|100\/100\n|turn|24\n|\n|t:|1699443104\n|move|p2b: Thundurus|Thunderbolt|p1b: Klefki\n|-damage|p1b: Klefki|0 fnt\n|faint|p1b: Klefki\n|cant|p1a: Gastrodon|frz\n|cant|p2a: Toxapex|par\n|\n|-heal|p1a: Gastrodon|70\/100 frz|[from] item: Leftovers\n|upkeep\n|\n|t:|1699443116\n|switch|p1b: Hydreigon|Hydreigon, M|100\/100\n|turn|25\n|\n|t:|1699443132\n|move|p2b: Thundurus|Hidden Power|p1b: Hydreigon\n|-supereffective|p1b: Hydreigon\n|-damage|p1b: Hydreigon|68\/100\n|move|p1b: Hydreigon|Draco Meteor|p2b: Thundurus\n|-damage|p2b: Thundurus|0 fnt\n|-unboost|p1b: Hydreigon|spa|2\n|faint|p2b: Thundurus\n|cant|p1a: Gastrodon|frz\n|move|p2a: Toxapex|Rest|p2a: Toxapex\n|-fail|p2a: Toxapex|heal\n|\n|-heal|p1a: Gastrodon|77\/100 frz|[from] item: Leftovers\n|-sideend|p1: TheQuacken57|move: Light Screen\n|upkeep\n|turn|26\n|\n|t:|1699443173\n|switch|p1b: Clefairy|Clefairy, M|100\/100\n|-status|p1b: Clefairy|tox\n|cant|p1a: Gastrodon|frz\n|move|p2a: Toxapex|Ice Beam|p1b: Clefairy\n|-crit|p1b: Clefairy\n|-damage|p1b: Clefairy|41\/100 tox\n|\n|-heal|p1a: Gastrodon|83\/100 frz|[from] item: Leftovers\n|-damage|p1b: Clefairy|35\/100 tox|[from] psn\n|upkeep\n|turn|27\n|\n|t:|1699443192\n|cant|p1a: Gastrodon|frz\n|move|p1b: Clefairy|Life Dew|p1b: Clefairy|[spread] p1b\n|-ability|p1a: Gastrodon|Storm Drain|boost\n|-boost|p1a: Gastrodon|spa|1\n|-heal|p1b: Clefairy|60\/100 tox\n|cant|p2a: Toxapex|par\n|\n|-heal|p1a: Gastrodon|89\/100 frz|[from] item: Leftovers\n|-damage|p1b: Clefairy|48\/100 tox|[from] psn\n|-sideend|p1: TheQuacken57|Reflect\n|upkeep\n|turn|28\n|\n|t:|1699443205\n|cant|p1a: Gastrodon|frz\n|move|p1b: Clefairy|Life Dew|p1b: Clefairy|[spread] p1b\n|-ability|p1a: Gastrodon|Storm Drain|boost\n|-boost|p1a: Gastrodon|spa|1\n|-heal|p1b: Clefairy|73\/100 tox\n|move|p2a: Toxapex|Ice Beam|p1a: Gastrodon\n|-damage|p1a: Gastrodon|62\/100 frz\n|\n|-heal|p1a: Gastrodon|68\/100 frz|[from] item: Leftovers\n|-damage|p1b: Clefairy|54\/100 tox|[from] psn\n|upkeep\n|turn|29\n|\n|t:|1699443218\n|cant|p1a: Gastrodon|frz\n|move|p1b: Clefairy|Life Dew|p1b: Clefairy|[spread] p1b\n|-ability|p1a: Gastrodon|Storm Drain|boost\n|-boost|p1a: Gastrodon|spa|1\n|-heal|p1b: Clefairy|79\/100 tox\n|move|p2a: Toxapex|Ice Beam|p1a: Gastrodon\n|-damage|p1a: Gastrodon|40\/100 frz\n|\n|-heal|p1a: Gastrodon|46\/100 frz|[from] item: Leftovers\n|-damage|p1b: Clefairy|55\/100 tox|[from] psn\n|upkeep\n|turn|30\n|\n|t:|1699443231\n|cant|p1a: Gastrodon|frz\n|move|p1b: Clefairy|Life Dew|p1b: Clefairy|[spread] p1b\n|-ability|p1a: Gastrodon|Storm Drain|boost\n|-boost|p1a: Gastrodon|spa|1\n|-heal|p1b: Clefairy|80\/100 tox\n|cant|p2a: Toxapex|par\n|\n|-heal|p1a: Gastrodon|52\/100 frz|[from] item: Leftovers\n|-damage|p1b: Clefairy|49\/100 tox|[from] psn\n|upkeep\n|turn|31\n|\n|t:|1699443243\n|cant|p1a: Gastrodon|frz\n|move|p1b: Clefairy|Life Dew|p1b: Clefairy|[spread] p1b\n|-ability|p1a: Gastrodon|Storm Drain|boost\n|-boost|p1a: Gastrodon|spa|1\n|-heal|p1b: Clefairy|74\/100 tox\n|move|p2a: Toxapex|Ice Beam|p1a: Gastrodon\n|-damage|p1a: Gastrodon|24\/100 frz\n|\n|-heal|p1a: Gastrodon|31\/100 frz|[from] item: Leftovers\n|-damage|p1b: Clefairy|38\/100 tox|[from] psn\n|upkeep\n|turn|32\n|\n|t:|1699443258\n|move|p1b: Clefairy|Follow Me|p1b: Clefairy\n|-singleturn|p1b: Clefairy|move: Follow Me\n|cant|p1a: Gastrodon|frz\n|move|p2a: Toxapex|Sleep Talk||[still]\n|-fail|p2a: Toxapex\n|\n|-heal|p1a: Gastrodon|37\/100 frz|[from] item: Leftovers\n|-damage|p1b: Clefairy|0 fnt|[from] psn\n|faint|p1b: Clefairy\n|upkeep\n|\n|t:|1699443271\n|switch|p1b: Hydreigon|Hydreigon, M|68\/100\n|turn|33\n|\n|t:|1699443277\n|move|p1b: Hydreigon|Draco Meteor|p2a: Toxapex\n|-damage|p2a: Toxapex|61\/100 par\n|-unboost|p1b: Hydreigon|spa|2\n|-curestatus|p1a: Gastrodon|frz|[msg]\n|move|p1a: Gastrodon|Recover|p1a: Gastrodon\n|-heal|p1a: Gastrodon|87\/100\n|move|p2a: Toxapex|Ice Beam|p1a: Gastrodon\n|-damage|p1a: Gastrodon|51\/100\n|-status|p1a: Gastrodon|frz\n|\n|-heal|p1a: Gastrodon|57\/100 frz|[from] item: Leftovers\n|-heal|p2a: Toxapex|67\/100 par|[from] item: Black Sludge\n|upkeep\n|turn|34\n|\n|t:|1699443305\n|switch|p1b: Arcanine|Arcanine, M|100\/100\n|-status|p1b: Arcanine|tox\n|-ability|p1b: Arcanine|Intimidate|boost\n|-unboost|p2a: Toxapex|atk|1\n|cant|p1a: Gastrodon|frz\n|move|p2a: Toxapex|Rest|p2a: Toxapex\n|-status|p2a: Toxapex|slp|[from] move: Rest\n|-heal|p2a: Toxapex|100\/100 slp|[silent]\n|\n|-heal|p1a: Gastrodon|63\/100 frz|[from] item: Leftovers\n|-damage|p1b: Arcanine|94\/100 tox|[from] psn\n|upkeep\n|turn|35\n|\n|t:|1699443333\n|move|p1b: Arcanine|Flare Blitz|p2a: Toxapex\n|-resisted|p2a: Toxapex\n|-damage|p2a: Toxapex|93\/100 slp\n|-damage|p1b: Arcanine|93\/100 tox|[from] Recoil\n|-curestatus|p1a: Gastrodon|frz|[msg]\n|move|p1a: Gastrodon|Earth Power|p2a: Toxapex\n|-supereffective|p2a: Toxapex\n|-damage|p2a: Toxapex|7\/100 slp\n|cant|p2a: Toxapex|slp\n|move|p2a: Toxapex|Sleep Talk|p2a: Toxapex\n|move|p2a: Toxapex|Rest||[from]move: Sleep Talk|[still]\n|-fail|p2a: Toxapex\n|\n|-heal|p1a: Gastrodon|69\/100|[from] item: Leftovers\n|-heal|p2a: Toxapex|13\/100 slp|[from] item: Black Sludge\n|-damage|p1b: Arcanine|81\/100 tox|[from] psn\n|upkeep\n|turn|36\n|\n|t:|1699443351\n|move|p1b: Arcanine|Extreme Speed|p2a: Toxapex\n|-damage|p2a: Toxapex|6\/100 slp\n|move|p1a: Gastrodon|Earth Power|p2a: Toxapex\n|-supereffective|p2a: Toxapex\n|-damage|p2a: Toxapex|0 fnt\n|faint|p2a: Toxapex\n|\n|win|TheQuacken57\n|raw|TheQuacken57's rating: 1040 &rarr; <strong>1073<\/strong><br \/>(+33 for winning)\n|raw|Schuey_007's rating: 1033 &rarr; <strong>1018<\/strong><br \/>(-15 for losing)\n","uploadtime":1699443364,"views":6,"p1id":"thequacken57","p2id":"schuey007","formatid":"gen9nationaldexdoubles","rating":1018,"private":0,"password":""}