{"id":"gen9nationaldexdoubles-1989122662","p1":"GibeLobe","p2":"Denvah_17","format":"[Gen 9] National Dex Doubles","log":"|j|\u2606GibeLobe\n|j|\u2606Denvah_17\n|t:|1699814664\n|gametype|doubles\n|player|p1|GibeLobe|1|1182\n|player|p2|Denvah_17|alder|1393\n|teamsize|p1|6\n|teamsize|p2|6\n|gen|9\n|tier|[Gen 9] National Dex Doubles\n|rated|\n|rule|HP Percentage Mod: HP is shown in percentages\n|rule|Endless Battle Clause: Forcing endless battles is banned\n|rule|OHKO Clause: OHKO moves are banned\n|rule|Evasion Moves Clause: Evasion moves are banned\n|rule|Evasion Abilities Clause: Evasion abilities are banned\n|rule|Species Clause: Limit one of each Pok\u00e9mon\n|rule|Gravity Sleep Clause: The combination of sleep-inducing moves with imperfect accuracy and Gravity or Gigantamax Orbeetle are banned\n|clearpoke\n|poke|p1|Tyranitar, F|\n|poke|p1|Dracovish|\n|poke|p1|Gothitelle, F|\n|poke|p1|Rillaboom, F|\n|poke|p1|Volcarona, M|\n|poke|p1|Flutter Mane|\n|poke|p2|Porygon2|\n|poke|p2|Marowak-Alola, F|\n|poke|p2|Slowbro-Galar, M|\n|poke|p2|Parasect, F|\n|poke|p2|Rhyperior, M|\n|poke|p2|Zapdos|\n|teampreview\n|inactive|Battle timer is ON: inactive players will automatically lose when time's up. (requested by GibeLobe)\n|\n|t:|1699814669\n|start\n|switch|p1a: Mega T|Tyranitar, F|100\/100\n|switch|p1b: If it's soeak|Gothitelle, F|100\/100\n|switch|p2a: silph_sys.exe|Porygon2|100\/100\n|switch|p2b: Lavender Townie|Marowak-Alola, F, shiny|100\/100\n|-weather|Sandstorm|[from] ability: Sand Stream|[of] p1a: Mega T\n|-ability|p2a: silph_sys.exe|Download|boost\n|-boost|p2a: silph_sys.exe|atk|1\n|turn|1\n|\n|t:|1699814690\n|detailschange|p1a: Mega T|Tyranitar-Mega, F\n|-mega|p1a: Mega T|Tyranitar|Tyranitarite\n|move|p1b: If it's soeak|Protect|p1b: If it's soeak\n|-singleturn|p1b: If it's soeak|Protect\n|move|p1a: Mega T|Rock Slide|p2a: silph_sys.exe|[spread] p2a,p2b\n|-supereffective|p2b: Lavender Townie\n|-damage|p2a: silph_sys.exe|82\/100\n|-damage|p2b: Lavender Townie|35\/100\n|move|p2b: Lavender Townie|Submission|p1a: Mega T\n|-supereffective|p1a: Mega T\n|-damage|p1a: Mega T|0 fnt\n|faint|p1a: Mega T\n|cant|p2a: silph_sys.exe|flinch\n|\n|-weather|Sandstorm|[upkeep]\n|-damage|p1b: If it's soeak|94\/100|[from] Sandstorm\n|-damage|p2a: silph_sys.exe|76\/100|[from] Sandstorm\n|-damage|p2b: Lavender Townie|29\/100|[from] Sandstorm\n|upkeep\n|inactive|GibeLobe has 120 seconds left.\n|\n|t:|1699814718\n|switch|p1a: Mobke|Rillaboom, F|100\/100\n|-fieldstart|move: Grassy Terrain|[from] ability: Grassy Surge|[of] p1a: Mobke\n|turn|2\n|\n|t:|1699814735\n|move|p1a: Mobke|Fake Out|p2a: silph_sys.exe\n|-damage|p2a: silph_sys.exe|67\/100\n|move|p1b: If it's soeak|Psychic|p2b: Lavender Townie\n|-damage|p2b: Lavender Townie|0 fnt\n|faint|p2b: Lavender Townie\n|cant|p2a: silph_sys.exe|flinch\n|\n|-weather|Sandstorm|[upkeep]\n|-damage|p1a: Mobke|94\/100|[from] Sandstorm\n|-damage|p1b: If it's soeak|88\/100|[from] Sandstorm\n|-damage|p2a: silph_sys.exe|61\/100|[from] Sandstorm\n|-heal|p1a: Mobke|100\/100|[from] Grassy Terrain\n|-heal|p1b: If it's soeak|94\/100|[from] Grassy Terrain\n|-heal|p2a: silph_sys.exe|67\/100|[from] Grassy Terrain\n|upkeep\n|\n|t:|1699814740\n|switch|p2b: Missingno|Parasect, F, shiny|100\/100\n|turn|3\n|\n|t:|1699814759\n|move|p1b: If it's soeak|Helping Hand|p1a: Mobke\n|-singleturn|p1a: Mobke|Helping Hand|[of] p1b: If it's soeak\n|move|p1a: Mobke|Superpower|p2a: silph_sys.exe\n|-supereffective|p2a: silph_sys.exe\n|-damage|p2a: silph_sys.exe|0 fnt\n|-unboost|p1a: Mobke|atk|1\n|-unboost|p1a: Mobke|def|1\n|faint|p2a: silph_sys.exe\n|move|p2b: Missingno|Leech Life|p1a: Mobke\n|-supereffective|p1a: Mobke\n|-damage|p1a: Mobke|1\/100\n|\n|-weather|Sandstorm|[upkeep]\n|-damage|p1a: Mobke|0 fnt|[from] Sandstorm\n|-damage|p1b: If it's soeak|88\/100|[from] Sandstorm\n|-damage|p2b: Missingno|94\/100|[from] Sandstorm\n|faint|p1a: Mobke\n|-heal|p1b: If it's soeak|94\/100|[from] Grassy Terrain\n|-heal|p2b: Missingno|100\/100|[from] Grassy Terrain\n|upkeep\n|inactive|GibeLobe has 120 seconds left.\n|inactive|Denvah_17 has 120 seconds left.\n|\n|t:|1699814794\n|switch|p1a: M r|Flutter Mane|100\/100\n|switch|p2a: Amnesiac|Slowbro-Galar, M, shiny|100\/100\n|turn|4\n|inactive|Denvah_17 has 120 seconds left.\n|inactive|GibeLobe has 120 seconds left.\n|\n|t:|1699814833\n|detailschange|p2a: Amnesiac|Slowbro-Mega, M, shiny\n|-mega|p2a: Amnesiac|Slowbro|Slowbronite\n|move|p1b: If it's soeak|Helping Hand|p1a: M r\n|-singleturn|p1a: M r|Helping Hand|[of] p1b: If it's soeak\n|move|p1a: M r|Shadow Ball|p2a: Amnesiac\n|-supereffective|p2a: Amnesiac\n|-damage|p2a: Amnesiac|0 fnt\n|faint|p2a: Amnesiac\n|move|p2b: Missingno|Leech Life|p1b: If it's soeak\n|-supereffective|p1b: If it's soeak\n|-damage|p1b: If it's soeak|31\/100\n|-enditem|p1b: If it's soeak|Sitrus Berry|[eat]\n|-heal|p1b: If it's soeak|56\/100|[from] item: Sitrus Berry\n|\n|-weather|Sandstorm|[upkeep]\n|-damage|p1a: M r|94\/100|[from] Sandstorm\n|-damage|p1b: If it's soeak|50\/100|[from] Sandstorm\n|-damage|p2b: Missingno|94\/100|[from] Sandstorm\n|-heal|p1a: M r|100\/100|[from] Grassy Terrain\n|-heal|p1b: If it's soeak|56\/100|[from] Grassy Terrain\n|-heal|p2b: Missingno|100\/100|[from] Grassy Terrain\n|upkeep\n|inactive|Denvah_17 has 120 seconds left.\n|\n|t:|1699814845\n|switch|p2a: Giovanni|Rhyperior, M, shiny|100\/100\n|turn|5\n|\n|t:|1699814868\n|move|p1b: If it's soeak|Helping Hand|p1a: M r\n|-singleturn|p1a: M r|Helping Hand|[of] p1b: If it's soeak\n|move|p1a: M r|Shadow Ball|p2a: Giovanni\n|-damage|p2a: Giovanni|56\/100\n|move|p2a: Giovanni|Megahorn|p1b: If it's soeak\n|-supereffective|p1b: If it's soeak\n|-damage|p1b: If it's soeak|0 fnt\n|faint|p1b: If it's soeak\n|move|p2b: Missingno|Spore|p1a: M r\n|-status|p1a: M r|slp|[from] move: Spore\n|\n|-weather|none\n|-heal|p2a: Giovanni|62\/100|[from] Grassy Terrain\n|upkeep\n|inactive|GibeLobe has 120 seconds left.\n|\n|t:|1699814884\n|switch|p1b: M dish|Dracovish|100\/100\n|turn|6\n|\n|t:|1699814896\n|-terastallize|p2a: Giovanni|Grass\n|cant|p1a: M r|slp\n|move|p1b: M dish|Fishious Rend|p2a: Giovanni\n|-resisted|p2a: Giovanni\n|-damage|p2a: Giovanni|37\/100\n|move|p2a: Giovanni|Rock Slide|p1b: M dish|[spread] \n|-miss|p2a: Giovanni|p1a: M r\n|-miss|p2a: Giovanni|p1b: M dish\n|move|p2b: Missingno|Spore|p1b: M dish\n|-status|p1b: M dish|slp|[from] move: Spore\n|\n|-heal|p2a: Giovanni|43\/100|[from] Grassy Terrain\n|-fieldend|move: Grassy Terrain\n|upkeep\n|turn|7\n|\n|t:|1699814919\n|cant|p1a: M r|slp\n|cant|p1b: M dish|slp\n|move|p2a: Giovanni|Earthquake|p1a: M r|[spread] p2b,p1a,p1b\n|-resisted|p2b: Missingno\n|-damage|p2b: Missingno|84\/100\n|-damage|p1a: M r|19\/100 slp\n|-damage|p1b: M dish|50\/100 slp\n|move|p2b: Missingno|Swords Dance|p2b: Missingno\n|-boost|p2b: Missingno|atk|2\n|\n|upkeep\n|turn|8\n|\n|t:|1699814939\n|cant|p1a: M r|slp\n|-curestatus|p1b: M dish|slp|[msg]\n|move|p1b: M dish|Fishious Rend|p2b: Missingno\n|-resisted|p2b: Missingno\n|-damage|p2b: Missingno|37\/100\n|-status|p1b: M dish|slp|[from] ability: Effect Spore|[of] p2b: Missingno\n|move|p2a: Giovanni|Rock Slide|p1a: M r|[spread] p1a,p1b\n|-damage|p1a: M r|0 fnt\n|-damage|p1b: M dish|11\/100 slp\n|faint|p1a: M r\n|-end|p1a: M r|Protosynthesis|[silent]\n|move|p2b: Missingno|Leech Life|p1b: M dish\n|-damage|p1b: M dish|0 fnt\n|-heal|p2b: Missingno|44\/100|[from] drain|[of] p1b: M dish\n|faint|p1b: M dish\n|\n|upkeep\n|\n|t:|1699814957\n|switch|p1b: Motra|Volcarona, M|100\/100\n|turn|9\n|\n|t:|1699814966\n|move|p1b: Motra|Heat Wave|p2b: Missingno|[spread] p2a,p2b\n|-supereffective|p2a: Giovanni\n|-supereffective|p2b: Missingno\n|-damage|p2a: Giovanni|1\/100\n|-damage|p2b: Missingno|0 fnt\n|faint|p2b: Missingno\n|move|p2a: Giovanni|Rock Slide|p1b: Motra\n|-supereffective|p1b: Motra\n|-damage|p1b: Motra|0 fnt\n|faint|p1b: Motra\n|\n|win|Denvah_17\n|raw|GibeLobe's rating: 1182 &rarr; <strong>1171<\/strong><br \/>(-11 for losing)\n|raw|Denvah_17's rating: 1393 &rarr; <strong>1402<\/strong><br \/>(+9 for winning)\n","uploadtime":1699814974,"views":7,"p1id":"gibelobe","p2id":"denvah17","formatid":"gen9nationaldexdoubles","rating":1171,"private":0,"password":""}