{"id":"gen9nationaldexdoubles-1993669563","p1":"tppisevil","p2":"dean44","format":"[Gen 9] National Dex Doubles","log":"|j|\u2606tppisevil\n|j|\u2606dean44\n|t:|1700343666\n|gametype|doubles\n|player|p1|tppisevil|102|1243\n|player|p2|dean44|101|1236\n|teamsize|p1|6\n|teamsize|p2|6\n|gen|9\n|tier|[Gen 9] National Dex Doubles\n|rated|\n|rule|HP Percentage Mod: HP is shown in percentages\n|rule|Endless Battle Clause: Forcing endless battles is banned\n|rule|OHKO Clause: OHKO moves are banned\n|rule|Evasion Moves Clause: Evasion moves are banned\n|rule|Evasion Abilities Clause: Evasion abilities are banned\n|rule|Species Clause: Limit one of each Pok\u00e9mon\n|rule|Gravity Sleep Clause: The combination of sleep-inducing moves with imperfect accuracy and Gravity or Gigantamax Orbeetle are banned\n|clearpoke\n|poke|p1|Volcarona, M|\n|poke|p1|Golduck, F|\n|poke|p1|Rillaboom, F|\n|poke|p1|Sneasler, M|\n|poke|p1|Jirachi|\n|poke|p1|Kommo-o, M|\n|poke|p2|Malamar, M|\n|poke|p2|Klefki, M|\n|poke|p2|Grapploct, M|\n|poke|p2|Hatterene, F|\n|poke|p2|Garganacl, M|\n|poke|p2|Tsareena, F|\n|teampreview\n|inactive|Battle timer is ON: inactive players will automatically lose when time's up. (requested by dean44)\n|\n|t:|1700343684\n|start\n|switch|p1a: Volcarona|Volcarona, M|100\/100\n|switch|p1b: Golduck|Golduck, F|100\/100\n|switch|p2a: Malamar|Malamar, M|100\/100\n|switch|p2b: Garganacl|Garganacl, M|100\/100\n|-ability|p1b: Golduck|Cloud Nine\n|turn|1\n|\n|t:|1700343698\n|-terastallize|p1a: Volcarona|Water\n|move|p2a: Malamar|Protect|p2a: Malamar\n|-singleturn|p2a: Malamar|Protect\n|move|p1b: Golduck|Simple Beam|p1a: Volcarona\n|-endability|p1a: Volcarona|Flame Body|[from] move: Simple Beam\n|-ability|p1a: Volcarona|Simple|[from] move: Simple Beam\n|move|p1a: Volcarona|Quiver Dance|p1a: Volcarona\n|-boost|p1a: Volcarona|spa|2\n|-boost|p1a: Volcarona|spd|2\n|-boost|p1a: Volcarona|spe|2\n|move|p2b: Garganacl|Salt Cure|p1a: Volcarona\n|-damage|p1a: Volcarona|73\/100\n|-start|p1a: Volcarona|Salt Cure\n|\n|-damage|p1a: Volcarona|48\/100|[from] Salt Cure\n|upkeep\n|turn|2\n|\n|t:|1700343718\n|move|p1a: Volcarona|Giga Drain|p2b: Garganacl\n|-supereffective|p2b: Garganacl\n|-damage|p2b: Garganacl|0 fnt\n|-heal|p1a: Volcarona|100\/100|[from] drain|[of] p2b: Garganacl\n|faint|p2b: Garganacl\n|move|p1b: Golduck|Simple Beam|p2a: Malamar\n|-endability|p2a: Malamar|Contrary|[from] move: Simple Beam\n|-ability|p2a: Malamar|Simple|[from] move: Simple Beam\n|move|p2a: Malamar|Trick Room|p2a: Malamar\n|-fieldstart|move: Trick Room|[of] p2a: Malamar\n|\n|-damage|p1a: Volcarona|75\/100|[from] Salt Cure\n|upkeep\n|\n|t:|1700343725\n|switch|p2b: Tsareena|Tsareena, F|100\/100\n|-enditem|p2b: Tsareena|Room Service\n|-unboost|p2b: Tsareena|spe|1|[from] item: Room Service\n|turn|3\n|\n|t:|1700343742\n|move|p2b: Tsareena|Trop Kick|p1a: Volcarona\n|-supereffective|p1a: Volcarona\n|-damage|p1a: Volcarona|0 fnt\n|faint|p1a: Volcarona\n|move|p2a: Malamar|Superpower|p1b: Golduck\n|-damage|p1b: Golduck|72\/100\n|-unboost|p2a: Malamar|atk|2\n|-unboost|p2a: Malamar|def|2\n|move|p1b: Golduck|Clear Smog|p2b: Tsareena\n|-supereffective|p2b: Tsareena\n|-crit|p2b: Tsareena\n|-damage|p2b: Tsareena|67\/100\n|-clearboost|p2b: Tsareena\n|\n|-heal|p1b: Golduck|78\/100|[from] item: Leftovers\n|upkeep\n|\n|t:|1700343760\n|switch|p1a: Kommo-o|Kommo-o, M|100\/100\n|turn|4\n|\n|t:|1700343788\n|switch|p2a: Klefki|Klefki, M|100\/100\n|move|p2b: Tsareena|Trop Kick|p1b: Golduck\n|-supereffective|p1b: Golduck\n|-damage|p1b: Golduck|0 fnt\n|faint|p1b: Golduck\n|move|p1a: Kommo-o|Flamethrower|p2b: Tsareena\n|-supereffective|p2b: Tsareena\n|-damage|p2b: Tsareena|10\/100\n|\n|upkeep\n|inactive|tppisevil has 120 seconds left.\n|\n|t:|1700343802\n|switch|p1b: Rillaboom|Rillaboom, F|100\/100\n|-fieldstart|move: Grassy Terrain|[from] ability: Grassy Surge|[of] p1b: Rillaboom\n|turn|5\n|\n|t:|1700343815\n|move|p1b: Rillaboom|Fake Out||[still]\n|cant|p2b: Tsareena|ability: Queenly Majesty|Fake Out|[of] p1b: Rillaboom\n|move|p2a: Klefki|Reflect|p2a: Klefki\n|-sidestart|p2: dean44|Reflect\n|move|p2b: Tsareena|Triple Axel|p1b: Rillaboom\n|-supereffective|p1b: Rillaboom\n|-crit|p1b: Rillaboom\n|-damage|p1b: Rillaboom|78\/100\n|-supereffective|p1b: Rillaboom\n|-damage|p1b: Rillaboom|48\/100\n|-supereffective|p1b: Rillaboom\n|-damage|p1b: Rillaboom|2\/100\n|-hitcount|p1b: Rillaboom|3\n|move|p1a: Kommo-o|Clangorous Soul|p1a: Kommo-o\n|-boost|p1a: Kommo-o|atk|1\n|-boost|p1a: Kommo-o|def|1\n|-boost|p1a: Kommo-o|spa|1\n|-boost|p1a: Kommo-o|spd|1\n|-boost|p1a: Kommo-o|spe|1\n|-damage|p1a: Kommo-o|68\/100\n|\n|-heal|p2b: Tsareena|16\/100|[from] Grassy Terrain\n|-heal|p1b: Rillaboom|8\/100|[from] Grassy Terrain\n|-heal|p1a: Kommo-o|74\/100|[from] Grassy Terrain\n|-heal|p1a: Kommo-o|80\/100|[from] item: Leftovers\n|upkeep\n|turn|6\n|\n|t:|1700343850\n|move|p2a: Klefki|Light Screen|p2a: Klefki\n|-sidestart|p2: dean44|move: Light Screen\n|move|p2b: Tsareena|Triple Axel|p1a: Kommo-o|[miss]\n|-miss|p2b: Tsareena|p1a: Kommo-o\n|move|p1b: Rillaboom|Brick Break|p2b: Tsareena\n|-sideend|p2: dean44|Reflect\n|-sideend|p2: dean44|move: Light Screen\n|-damage|p2b: Tsareena|0 fnt\n|faint|p2b: Tsareena\n|-damage|p1b: Rillaboom|0 fnt|[from] item: Life Orb\n|faint|p1b: Rillaboom\n|move|p1a: Kommo-o|Flamethrower|p2a: Klefki\n|-supereffective|p2a: Klefki\n|-damage|p2a: Klefki|4\/100\n|\n|-heal|p2a: Klefki|10\/100|[from] Grassy Terrain\n|-heal|p1a: Kommo-o|86\/100|[from] Grassy Terrain\n|-heal|p1a: Kommo-o|92\/100|[from] item: Leftovers\n|-fieldend|move: Trick Room\n|upkeep\n|\n|t:|1700343873\n|switch|p1b: Sneasler|Sneasler, M|100\/100\n|switch|p2b: Malamar|Malamar, M|100\/100\n|-enditem|p1b: Sneasler|Grassy Seed\n|-boost|p1b: Sneasler|def|1|[from] item: Grassy Seed\n|turn|7\n|\n|t:|1700343901\n|move|p2a: Klefki|Reflect|p2a: Klefki\n|-sidestart|p2: dean44|Reflect\n|move|p1b: Sneasler|Acrobatics|p2b: Malamar\n|-damage|p2b: Malamar|82\/100\n|move|p1a: Kommo-o|Flash Cannon|p2a: Klefki\n|-damage|p2a: Klefki|0 fnt\n|faint|p2a: Klefki\n|move|p2b: Malamar|Trick Room|p2b: Malamar\n|-fieldstart|move: Trick Room|[of] p2b: Malamar\n|\n|-heal|p2b: Malamar|88\/100|[from] Grassy Terrain\n|-heal|p2b: Malamar|94\/100|[from] item: Leftovers\n|-heal|p1a: Kommo-o|98\/100|[from] Grassy Terrain\n|-heal|p1a: Kommo-o|100\/100|[from] item: Leftovers\n|upkeep\n|\n|t:|1700343905\n|switch|p2a: Hatterene|Hatterene, F|100\/100\n|turn|8\n|\n|t:|1700343919\n|move|p2a: Hatterene|Dazzling Gleam|p1b: Sneasler|[spread] p1a,p1b\n|-supereffective|p1a: Kommo-o\n|-damage|p1a: Kommo-o|0 fnt\n|-damage|p1b: Sneasler|48\/100\n|faint|p1a: Kommo-o\n|move|p2b: Malamar|Superpower|p1b: Sneasler\n|-resisted|p1b: Sneasler\n|-damage|p1b: Sneasler|35\/100\n|-boost|p2b: Malamar|atk|1\n|-boost|p2b: Malamar|def|1\n|move|p1b: Sneasler|Rock Slide|p2b: Malamar|[spread] p2b\n|-miss|p1b: Sneasler|p2a: Hatterene\n|-damage|p2b: Malamar|87\/100\n|\n|-heal|p2b: Malamar|93\/100|[from] Grassy Terrain\n|-heal|p2b: Malamar|99\/100|[from] item: Leftovers\n|-heal|p1b: Sneasler|41\/100|[from] Grassy Terrain\n|upkeep\n|-message|tppisevil forfeited.\n|\n|win|dean44\n|raw|tppisevil's rating: 1243 &rarr; <strong>1217<\/strong><br \/>(-26 for losing)\n|raw|dean44's rating: 1236 &rarr; <strong>1262<\/strong><br \/>(+26 for winning)\n|l|\u2606tppisevil\n","uploadtime":1700343931,"views":7,"p1id":"tppisevil","p2id":"dean44","formatid":"gen9nationaldexdoubles","rating":1217,"private":0,"password":""}