{"id":"gen9nationaldexdoubles-1955711095","p1":"ValkoorMB","p2":"water10122246","format":"[Gen 9] National Dex Doubles","log":"|j|\u2606ValkoorMB\n|j|\u2606water10122246\n|t:|1696020615\n|gametype|doubles\n|player|p1|ValkoorMB|gardenia|1280\n|player|p2|water10122246|265|1216\n|teamsize|p1|6\n|teamsize|p2|6\n|gen|9\n|tier|[Gen 9] National Dex Doubles\n|rated|\n|rule|HP Percentage Mod: HP is shown in percentages\n|rule|Endless Battle Clause: Forcing endless battles is banned\n|rule|OHKO Clause: OHKO moves are banned\n|rule|Evasion Moves Clause: Evasion moves are banned\n|rule|Evasion Abilities Clause: Evasion abilities are banned\n|rule|Species Clause: Limit one of each Pok\u00e9mon\n|rule|Gravity Sleep Clause: The combination of sleep-inducing moves with imperfect accuracy and Gravity or Gigantamax Orbeetle are banned\n|clearpoke\n|poke|p1|Garchomp, M|\n|poke|p1|Tyranitar, M|\n|poke|p1|Mandibuzz, F|\n|poke|p1|Vikavolt, M|\n|poke|p1|Gholdengo|\n|poke|p1|Gastrodon, M|\n|poke|p2|Incineroar, M|\n|poke|p2|Iron Hands|\n|poke|p2|Smeargle, M|\n|poke|p2|Urshifu-*, F|\n|poke|p2|Chi-Yu|\n|poke|p2|Whimsicott, M|\n|teampreview\n|inactive|Battle timer is ON: inactive players will automatically lose when time's up. (requested by water10122246)\n|\n|t:|1696020630\n|start\n|switch|p1a: Scout|Mandibuzz, F|100\/100\n|switch|p1b: Heavy|Tyranitar, M|100\/100\n|switch|p2a: Whimsicott|Whimsicott, M, shiny|100\/100\n|switch|p2b: Incineroar|Incineroar, M|100\/100\n|-weather|Sandstorm|[from] ability: Sand Stream|[of] p1b: Heavy\n|-ability|p2b: Incineroar|Intimidate|boost\n|-unboost|p1a: Scout|atk|1\n|-unboost|p1b: Heavy|atk|1\n|turn|1\n|inactive|ValkoorMB has 120 seconds left.\n|\n|t:|1696020661\n|move|p2a: Whimsicott|Tailwind|p2a: Whimsicott\n|-sidestart|p2: water10122246|move: Tailwind\n|move|p2b: Incineroar|Parting Shot|p1b: Heavy\n|-unboost|p1b: Heavy|atk|1\n|-unboost|p1b: Heavy|spa|1\n|inactive|water10122246 has 120 seconds left.\n|\n|t:|1696020674\n|switch|p2b: Iron Hands|Iron Hands|100\/100|[from] Parting Shot\n|move|p1a: Scout|Taunt|p2a: Whimsicott\n|-start|p2a: Whimsicott|move: Taunt\n|move|p1b: Heavy|Knock Off|p2b: Iron Hands\n|-resisted|p2b: Iron Hands\n|-damage|p2b: Iron Hands|92\/100\n|-enditem|p2b: Iron Hands|Assault Vest|[from] move: Knock Off|[of] p1b: Heavy\n|\n|-weather|Sandstorm|[upkeep]\n|-damage|p2a: Whimsicott|94\/100|[from] Sandstorm\n|-damage|p2b: Iron Hands|86\/100|[from] Sandstorm\n|upkeep\n|turn|2\n|\n|t:|1696020697\n|switch|p1a: Soldier|Garchomp, M|100\/100\n|switch|p1b: Sniper|Vikavolt, M|100\/100\n|move|p2a: Whimsicott|Moonblast|p1a: Soldier\n|-supereffective|p1a: Soldier\n|-damage|p1a: Soldier|39\/100\n|-unboost|p1a: Soldier|spa|1\n|move|p2b: Iron Hands|Drain Punch|p1b: Sniper\n|-resisted|p1b: Sniper\n|-damage|p1b: Sniper|80\/100\n|-heal|p2b: Iron Hands|93\/100|[from] drain|[of] p1b: Sniper\n|\n|-weather|Sandstorm|[upkeep]\n|-damage|p2a: Whimsicott|88\/100|[from] Sandstorm\n|-damage|p2b: Iron Hands|87\/100|[from] Sandstorm\n|-damage|p1b: Sniper|73\/100|[from] Sandstorm\n|upkeep\n|turn|3\n|\n|t:|1696020722\n|detailschange|p1a: Soldier|Garchomp-Mega, M\n|-mega|p1a: Soldier|Garchomp|Garchompite\n|move|p2a: Whimsicott|Moonblast|p1a: Soldier\n|-supereffective|p1a: Soldier\n|-crit|p1a: Soldier\n|-damage|p1a: Soldier|0 fnt\n|faint|p1a: Soldier\n|move|p2b: Iron Hands|Ice Punch|p1b: Sniper\n|-damage|p1b: Sniper|45\/100\n|move|p1b: Sniper|Bug Buzz|p2a: Whimsicott\n|-damage|p2a: Whimsicott|0 fnt\n|faint|p2a: Whimsicott\n|\n|-weather|Sandstorm|[upkeep]\n|-damage|p2b: Iron Hands|81\/100|[from] Sandstorm\n|-damage|p1b: Sniper|39\/100|[from] Sandstorm\n|upkeep\n|\n|t:|1696020752\n|switch|p2a: Chi-Yu|Chi-Yu|100\/100\n|switch|p1a: Medic|Gastrodon, M|100\/100\n|-ability|p2a: Chi-Yu|Beads of Ruin\n|turn|4\n|\n|t:|1696020761\n|move|p2a: Chi-Yu|Heat Wave|p1a: Medic|[spread] p1a,p1b\n|-resisted|p1a: Medic\n|-supereffective|p1b: Sniper\n|-damage|p1a: Medic|71\/100\n|-damage|p1b: Sniper|0 fnt\n|faint|p1b: Sniper\n|-damage|p2a: Chi-Yu|91\/100|[from] item: Life Orb\n|move|p2b: Iron Hands|Ice Punch|p1a: Medic\n|-damage|p1a: Medic|41\/100\n|move|p1a: Medic|Muddy Water|p2a: Chi-Yu|[spread] p2a,p2b\n|-supereffective|p2a: Chi-Yu\n|-crit|p2b: Iron Hands\n|-damage|p2a: Chi-Yu|19\/100\n|-damage|p2b: Iron Hands|34\/100\n|\n|-weather|Sandstorm|[upkeep]\n|-damage|p2a: Chi-Yu|13\/100|[from] Sandstorm\n|-damage|p2b: Iron Hands|28\/100|[from] Sandstorm\n|-sideend|p2: water10122246|move: Tailwind\n|upkeep\n|\n|t:|1696020785\n|switch|p1b: Scout|Mandibuzz, F|100\/100\n|turn|5\n|\n|t:|1696020814\n|move|p2a: Chi-Yu|Heat Wave|p1b: Scout|[spread] p1a,p1b\n|-resisted|p1a: Medic\n|-damage|p1a: Medic|8\/100\n|-damage|p1b: Scout|47\/100\n|-enditem|p1b: Scout|Sitrus Berry|[eat]\n|-heal|p1b: Scout|72\/100|[from] item: Sitrus Berry\n|-damage|p2a: Chi-Yu|3\/100|[from] item: Life Orb\n|move|p1b: Scout|Tailwind|p1b: Scout\n|-sidestart|p1: ValkoorMB|move: Tailwind\n|move|p1a: Medic|Recover|p1a: Medic\n|-heal|p1a: Medic|58\/100\n|move|p2b: Iron Hands|Ice Punch|p1a: Medic\n|-crit|p1a: Medic\n|-damage|p1a: Medic|14\/100\n|\n|-weather|none\n|upkeep\n|turn|6\n|inactive|ValkoorMB has 120 seconds left.\n|\n|t:|1696020846\n|switch|p1a: Heavy|Tyranitar, M|100\/100\n|-weather|Sandstorm|[from] ability: Sand Stream|[of] p1a: Heavy\n|move|p2a: Chi-Yu|Protect|p2a: Chi-Yu\n|-singleturn|p2a: Chi-Yu|Protect\n|move|p1b: Scout|Snarl|p2a: Chi-Yu|[spread] p2b\n|-activate|p2a: Chi-Yu|move: Protect\n|-resisted|p2b: Iron Hands\n|-damage|p2b: Iron Hands|23\/100\n|-unboost|p2b: Iron Hands|spa|1\n|move|p2b: Iron Hands|Ice Punch|p1a: Heavy\n|-damage|p1a: Heavy|78\/100\n|\n|-weather|Sandstorm|[upkeep]\n|-damage|p2a: Chi-Yu|0 fnt|[from] Sandstorm\n|-damage|p2b: Iron Hands|17\/100|[from] Sandstorm\n|faint|p2a: Chi-Yu\n|upkeep\n|inactive|water10122246 has 120 seconds left.\n|\n|t:|1696020869\n|switch|p2a: Incineroar|Incineroar, M|100\/100\n|-ability|p2a: Incineroar|Intimidate|boost\n|-unboost|p1a: Heavy|atk|1\n|-unboost|p1b: Scout|atk|1\n|turn|7\n|\n|t:|1696020894\n|switch|p1a: Engineer|Gholdengo|100\/100\n|-item|p1a: Engineer|Air Balloon\n|move|p2a: Incineroar|Fake Out|p1a: Engineer\n|-immune|p1a: Engineer\n|move|p1b: Scout|Snarl|p2a: Incineroar|[spread] p2a,p2b\n|-resisted|p2a: Incineroar\n|-resisted|p2b: Iron Hands\n|-damage|p2a: Incineroar|97\/100\n|-damage|p2b: Iron Hands|14\/100\n|-unboost|p2a: Incineroar|spa|1\n|-unboost|p2b: Iron Hands|spa|1\n|move|p2b: Iron Hands|Drain Punch|p1a: Engineer\n|-immune|p1a: Engineer\n|\n|-weather|Sandstorm|[upkeep]\n|-damage|p2a: Incineroar|91\/100|[from] Sandstorm\n|-damage|p2b: Iron Hands|8\/100|[from] Sandstorm\n|upkeep\n|turn|8\n|inactive|ValkoorMB has 120 seconds left.\n|\n|t:|1696020925\n|-terastallize|p2a: Incineroar|Fire\n|move|p1a: Engineer|Make It Rain|p2a: Incineroar|[spread] p2a,p2b\n|-resisted|p2a: Incineroar\n|-resisted|p2b: Iron Hands\n|-damage|p2a: Incineroar|70\/100\n|-damage|p2b: Iron Hands|0 fnt\n|-unboost|p1a: Engineer|spa|1\n|faint|p2b: Iron Hands\n|-end|p2b: Iron Hands|Quark Drive|[silent]\n|move|p1b: Scout|Taunt|p2a: Incineroar\n|-start|p2a: Incineroar|move: Taunt\n|move|p2a: Incineroar|Flare Blitz|p1a: Engineer\n|-supereffective|p1a: Engineer\n|-damage|p1a: Engineer|0 fnt\n|-enditem|p1a: Engineer|Air Balloon\n|faint|p1a: Engineer\n|-damage|p2a: Incineroar|38\/100|[from] Recoil\n|-enditem|p2a: Incineroar|Sitrus Berry|[eat]\n|-heal|p2a: Incineroar|63\/100|[from] item: Sitrus Berry\n|\n|-weather|Sandstorm|[upkeep]\n|-damage|p2a: Incineroar|57\/100|[from] Sandstorm\n|-sideend|p1: ValkoorMB|move: Tailwind\n|upkeep\n|\n|t:|1696020943\n|switch|p1a: Medic|Gastrodon, M|14\/100\n|switch|p2b: Urshifu|Urshifu-Rapid-Strike, F|100\/100\n|turn|9\n|\n|t:|1696020963\n|move|p2b: Urshifu|Trailblaze|p1a: Medic\n|-supereffective|p1a: Medic\n|-crit|p1a: Medic\n|-enditem|p1a: Medic|Rindo Berry|[eat]\n|-enditem|p1a: Medic|Rindo Berry|[weaken]\n|-damage|p1a: Medic|0 fnt\n|-boost|p2b: Urshifu|spe|1\n|faint|p1a: Medic\n|move|p1b: Scout|Tailwind|p1b: Scout\n|-sidestart|p1: ValkoorMB|move: Tailwind\n|move|p2a: Incineroar|Flare Blitz|p1b: Scout\n|-damage|p1b: Scout|28\/100\n|-damage|p2a: Incineroar|41\/100|[from] Recoil\n|\n|-weather|Sandstorm|[upkeep]\n|-damage|p2b: Urshifu|94\/100|[from] Sandstorm\n|-damage|p2a: Incineroar|35\/100|[from] Sandstorm\n|upkeep\n|\n|t:|1696020968\n|switch|p1a: Heavy|Tyranitar, M|78\/100\n|turn|10\n|\n|t:|1696020985\n|-terastallize|p1a: Heavy|Flying\n|move|p2b: Urshifu|Drain Punch|p1a: Heavy\n|-resisted|p1a: Heavy\n|-damage|p1a: Heavy|60\/100\n|-heal|p2b: Urshifu|100\/100|[from] drain|[of] p1a: Heavy\n|move|p1b: Scout|Snarl|p2b: Urshifu|[spread] p2a,p2b\n|-resisted|p2b: Urshifu\n|-damage|p2a: Incineroar|28\/100\n|-damage|p2b: Urshifu|93\/100\n|-unboost|p2a: Incineroar|spa|1\n|-unboost|p2b: Urshifu|spa|1\n|move|p1a: Heavy|Superpower|p2b: Urshifu\n|-damage|p2b: Urshifu|43\/100\n|-unboost|p1a: Heavy|atk|1\n|-unboost|p1a: Heavy|def|1\n|move|p2a: Incineroar|Flare Blitz|p1b: Scout\n|-damage|p1b: Scout|0 fnt\n|faint|p1b: Scout\n|-damage|p2a: Incineroar|18\/100|[from] Recoil\n|\n|-weather|none\n|-end|p2a: Incineroar|move: Taunt\n|upkeep\n|turn|11\n|\n|t:|1696021008\n|move|p2b: Urshifu|Surging Strikes|p1a: Heavy\n|-crit|p1a: Heavy\n|-damage|p1a: Heavy|34\/100\n|-crit|p1a: Heavy\n|-damage|p1a: Heavy|5\/100\n|-crit|p1a: Heavy\n|-damage|p1a: Heavy|0 fnt\n|faint|p1a: Heavy\n|-hitcount|p1: Heavy|3\n|\n|win|water10122246\n|raw|ValkoorMB's rating: 1280 &rarr; <strong>1250<\/strong><br \/>(-30 for losing)\n|raw|water10122246's rating: 1216 &rarr; <strong>1246<\/strong><br \/>(+30 for winning)\n|c|\u2606water10122246|Gg nice predictions\n|c|\u2606ValkoorMB|gg\n","uploadtime":1696021034,"views":5,"p1id":"valkoormb","p2id":"water10122246","formatid":"gen9nationaldexdoubles","rating":1246,"private":0,"password":""}