{"id":"gen9nationaldexdoubles-1953690396","p1":"dragapult1977","p2":"SpectralIpaxor","format":"[Gen 9] National Dex Doubles","log":"|j|\u2606dragapult1977\n|j|\u2606SpectralIpaxor\n|t:|1695820683\n|gametype|doubles\n|player|p1|dragapult1977|fisherman-gen4|1082\n|player|p2|SpectralIpaxor|ingo-hisui|1200\n|teamsize|p1|6\n|teamsize|p2|6\n|gen|9\n|tier|[Gen 9] National Dex Doubles\n|rated|\n|rule|HP Percentage Mod: HP is shown in percentages\n|rule|Endless Battle Clause: Forcing endless battles is banned\n|rule|OHKO Clause: OHKO moves are banned\n|rule|Evasion Moves Clause: Evasion moves are banned\n|rule|Evasion Abilities Clause: Evasion abilities are banned\n|rule|Species Clause: Limit one of each Pok\u00e9mon\n|rule|Gravity Sleep Clause: The combination of sleep-inducing moves with imperfect accuracy and Gravity or Gigantamax Orbeetle are banned\n|clearpoke\n|poke|p1|Hatterene, F|\n|poke|p1|Indeedee-F, F|\n|poke|p1|Dragapult, F|\n|poke|p1|Grimmsnarl, M|\n|poke|p1|Amoonguss, F|\n|poke|p1|Maushold|\n|poke|p2|Ogerpon-Hearthflame, F|\n|poke|p2|Shaymin-Sky|\n|poke|p2|Ursaluna-Bloodmoon, M|\n|poke|p2|Fezandipiti, M|\n|poke|p2|Okidogi, M|\n|poke|p2|Vikavolt, M|\n|teampreview\n|inactive|Battle timer is ON: inactive players will automatically lose when time's up. (requested by SpectralIpaxor)\n|\n|t:|1695820693\n|start\n|switch|p1a: Indeedee|Indeedee-F, F|100\/100\n|switch|p1b: Hatterene|Hatterene, F|100\/100\n|switch|p2a: Deer|Shaymin-Sky|100\/100\n|switch|p2b: Oni|Ogerpon-Hearthflame, F|100\/100\n|-ability|p2b: Oni|Mold Breaker\n|-fieldstart|move: Psychic Terrain|[from] ability: Psychic Surge|[of] p1a: Indeedee\n|turn|1\n|\n|t:|1695820713\n|move|p1a: Indeedee|Follow Me|p1a: Indeedee\n|-singleturn|p1a: Indeedee|move: Follow Me\n|move|p2a: Deer|Seed Flare|p1a: Indeedee\n|-damage|p1a: Indeedee|48\/100\n|-unboost|p1a: Indeedee|spd|2\n|move|p2b: Oni|U-turn|p1a: Indeedee\n|-supereffective|p1a: Indeedee\n|-damage|p1a: Indeedee|0 fnt\n|faint|p1a: Indeedee\n|\n|t:|1695820721\n|switch|p2b: Photon|Vikavolt, M, shiny|100\/100|[from] U-turn\n|move|p1b: Hatterene|Substitute|p1b: Hatterene\n|-start|p1b: Hatterene|Substitute\n|-damage|p1b: Hatterene|76\/100\n|\n|-heal|p1b: Hatterene|82\/100|[from] item: Leftovers\n|upkeep\n|\n|t:|1695820728\n|switch|p1a: Maushold|Maushold|100\/100\n|turn|2\n|c|\u2606SpectralIpaxor|I was expecting trick room\n|c|\u2606dragapult1977|no\n|\n|t:|1695820738\n|move|p1a: Maushold|Follow Me|p1a: Maushold\n|-singleturn|p1a: Maushold|move: Follow Me\n|move|p2a: Deer|Seed Flare|p1a: Maushold\n|-damage|p1a: Maushold|29\/100\n|-enditem|p1a: Maushold|Sitrus Berry|[eat]\n|-heal|p1a: Maushold|54\/100|[from] item: Sitrus Berry\n|move|p2b: Photon|Bug Buzz|p1a: Maushold\n|-damage|p1a: Maushold|0 fnt\n|faint|p1a: Maushold\n|-damage|p2b: Photon|91\/100|[from] item: Life Orb\n|move|p1b: Hatterene|Swords Dance|p1b: Hatterene\n|-boost|p1b: Hatterene|atk|2\n|\n|-heal|p1b: Hatterene|88\/100|[from] item: Leftovers\n|upkeep\n|\n|t:|1695820752\n|switch|p1a: Grimmsnarl|Grimmsnarl, M|100\/100\n|turn|3\n|c|\u2606SpectralIpaxor|wgaht\n|c|\u2606SpectralIpaxor|sword dance hatterene?\n|c|\u2606SpectralIpaxor|Oh god.\n|\n|t:|1695820766\n|move|p1a: Grimmsnarl|Light Screen|p1a: Grimmsnarl\n|-sidestart|p1: dragapult1977|move: Light Screen\n|move|p2a: Deer|Seed Flare|p1a: Grimmsnarl|[miss]\n|-miss|p2a: Deer|p1a: Grimmsnarl\n|move|p2b: Photon|Air Slash|p1a: Grimmsnarl\n|-damage|p1a: Grimmsnarl|76\/100\n|-damage|p2b: Photon|81\/100|[from] item: Life Orb\n|move|p1b: Hatterene|Baton Pass|p1b: Hatterene\n|c|\u2606dragapult1977|hehe haha\n|\n|t:|1695820774\n|switch|p1b: Dragapult|Dragapult, F|100\/100|[from] Baton Pass\n|\n|upkeep\n|turn|4\n|j| IXLFL\n|c|\u2606SpectralIpaxor|I was expecting psychup prankster grimm then remembered it don't get psych up\n|\n|t:|1695820803\n|move|p1a: Grimmsnarl|Reflect|p1a: Grimmsnarl\n|-sidestart|p1: dragapult1977|Reflect\n|move|p1b: Dragapult|Phantom Force||[still]\n|-prepare|p1b: Dragapult|Phantom Force\n|move|p2a: Deer|Earth Power|p1b: Dragapult|[miss]\n|-miss|p2a: Deer|p1b: Dragapult\n|move|p2b: Photon|Bug Buzz|p1b: Dragapult|[miss]\n|-miss|p2b: Photon|p1b: Dragapult\n|\n|upkeep\n|turn|5\n|\n|t:|1695820819\n|move|p1a: Grimmsnarl|Taunt|p2a: Deer\n|-start|p2a: Deer|move: Taunt\n|move|p1b: Dragapult|Phantom Force|p2a: Deer|[from]lockedmove\n|-enditem|p2a: Deer|Focus Sash\n|-damage|p2a: Deer|1\/100\n|-damage|p1b: Dragapult|91\/100|[from] item: Life Orb\n|move|p2a: Deer|Air Slash|p1a: Grimmsnarl\n|-crit|p1a: Grimmsnarl\n|-damage|p1a: Grimmsnarl|25\/100\n|move|p2b: Photon|Discharge|p1a: Grimmsnarl|[spread] p2a,p1a,p1b\n|-resisted|p1b: Dragapult\n|-activate|p1b: Dragapult|move: Substitute|[damage]\n|-damage|p2a: Deer|0 fnt\n|-damage|p1a: Grimmsnarl|0 fnt\n|faint|p2a: Deer\n|faint|p1a: Grimmsnarl\n|-damage|p2b: Photon|71\/100|[from] item: Life Orb\n|\n|-fieldend|move: Psychic Terrain\n|upkeep\n|c|\u2606SpectralIpaxor|DEPLOY THE BEAR\n|\n|t:|1695820840\n|switch|p2a: Chimericon|Ursaluna-Bloodmoon, M|100\/100\n|switch|p1a: Amoonguss|Amoonguss, F|100\/100\n|turn|6\n|\n|t:|1695820848\n|move|p1b: Dragapult|Phantom Force||[still]\n|-prepare|p1b: Dragapult|Phantom Force\n|move|p2a: Chimericon|Blood Moon|p1a: Amoonguss\n|-damage|p1a: Amoonguss|58\/100\n|move|p2b: Photon|Discharge|p1a: Amoonguss|[spread] p1a\n|-miss|p2b: Photon|p1b: Dragapult\n|-immune|p2a: Chimericon\n|-resisted|p1a: Amoonguss\n|-damage|p1a: Amoonguss|44\/100\n|-enditem|p1a: Amoonguss|Sitrus Berry|[eat]\n|-heal|p1a: Amoonguss|69\/100|[from] item: Sitrus Berry\n|-damage|p2b: Photon|61\/100|[from] item: Life Orb\n|move|p1a: Amoonguss|Spore|p2a: Chimericon\n|-status|p2a: Chimericon|slp|[from] move: Spore\n|\n|upkeep\n|turn|7\n|c|\u2606dragapult1977|no more bear\n|c|\u2606SpectralIpaxor|bear will live\n|\n|t:|1695820873\n|move|p1b: Dragapult|Phantom Force|p2b: Photon|[from]lockedmove\n|-damage|p2b: Photon|0 fnt\n|faint|p2b: Photon\n|-damage|p1b: Dragapult|81\/100|[from] item: Life Orb\n|cant|p2a: Chimericon|slp\n|move|p1a: Amoonguss|Pollen Puff|p2a: Chimericon\n|-damage|p2a: Chimericon|83\/100 slp\n|\n|upkeep\n|c|\u2606SpectralIpaxor|bear will commit murder\n|\n|t:|1695820880\n|switch|p2b: Oni|Ogerpon-Hearthflame, F|100\/100\n|-ability|p2b: Oni|Mold Breaker\n|turn|8\n|c|\u2606SpectralIpaxor|eventrually\n|\n|t:|1695820898\n|-terastallize|p1a: Amoonguss|Water\n|move|p1b: Dragapult|Dragon Darts|p2b: Oni\n|-damage|p2b: Oni|22\/100\n|-anim|p1b: Dragapult|Dragon Darts|p2a: Chimericon\n|-damage|p2a: Chimericon|34\/100 slp\n|-damage|p1b: Dragapult|71\/100|[from] item: Life Orb\n|move|p2b: Oni|Ivy Cudgel|p1a: Amoonguss\n|-resisted|p1a: Amoonguss\n|-damage|p1a: Amoonguss|54\/100\n|cant|p2a: Chimericon|slp\n|move|p1a: Amoonguss|Spore|p2b: Oni\n|-immune|p2b: Oni\n|\n|upkeep\n|turn|9\n|c|\u2606SpectralIpaxor|oh lord\n|c|\u2606dragapult1977|oh lord\n|c|\u2606SpectralIpaxor|that just messed gthings\n|c|\u2606dragapult1977|i didnt know what to click\n|\n|t:|1695820922\n|move|p1b: Dragapult|Dragon Darts|p2b: Oni\n|-damage|p2b: Oni|0 fnt\n|-anim|p1b: Dragapult|Dragon Darts|p2a: Chimericon\n|-damage|p2a: Chimericon|0 fnt\n|faint|p2b: Oni\n|faint|p2a: Chimericon\n|-damage|p1b: Dragapult|61\/100|[from] item: Life Orb\n|move|p1a: Amoonguss|Pollen Puff|p1b: Dragapult\n|-heal|p1b: Dragapult|100\/100\n|\n|upkeep\n|\n|t:|1695820925\n|switch|p2b: Punish|Okidogi, M|100\/100\n|switch|p2a: Birb|Fezandipiti, M|100\/100\n|turn|10\n|c|\u2606dragapult1977|dragapult1977\n|\n|t:|1695820946\n|move|p1a: Amoonguss|Rage Powder|p1a: Amoonguss\n|-singleturn|p1a: Amoonguss|move: Rage Powder\n|move|p1b: Dragapult|Dragon Darts|p2b: Punish\n|-damage|p2b: Punish|48\/100\n|-anim|p1b: Dragapult|Dragon Darts|p2b: Punish\n|-damage|p2b: Punish|0 fnt\n|faint|p2b: Punish\n|-damage|p1b: Dragapult|91\/100|[from] item: Life Orb\n|move|p2a: Birb|Tailwind|p2a: Birb\n|-sidestart|p2: SpectralIpaxor|move: Tailwind\n|\n|-sideend|p1: dragapult1977|move: Light Screen\n|upkeep\n|turn|11\n|c|\u2606SpectralIpaxor|OPEN FIRE\n|c|\u2606dragapult1977|ow\n|c|\u2606SpectralIpaxor|oh shi\n|\n|t:|1695820962\n|move|p1a: Amoonguss|Rage Powder|p1a: Amoonguss\n|-singleturn|p1a: Amoonguss|move: Rage Powder\n|move|p2a: Birb|Play Rough|p1a: Amoonguss\n|-damage|p1a: Amoonguss|32\/100\n|move|p1b: Dragapult|Phantom Force||[still]\n|-prepare|p1b: Dragapult|Phantom Force\n|\n|-sideend|p1: dragapult1977|Reflect\n|upkeep\n|turn|12\n|c|\u2606dragapult1977|well\n|c|\u2606dragapult1977|ggs\n|c|\u2606SpectralIpaxor|ggs\n|\n|t:|1695820973\n|move|p1a: Amoonguss|Rage Powder|p1a: Amoonguss\n|-singleturn|p1a: Amoonguss|move: Rage Powder\n|move|p2a: Birb|Tail Slap|p1a: Amoonguss\n|-damage|p1a: Amoonguss|27\/100\n|-damage|p1a: Amoonguss|20\/100\n|-damage|p1a: Amoonguss|15\/100\n|-damage|p1a: Amoonguss|9\/100\n|-hitcount|p1a: Amoonguss|4\n|move|p1b: Dragapult|Phantom Force|p2a: Birb|[from]lockedmove\n|-enditem|p2a: Birb|Focus Sash\n|-damage|p2a: Birb|1\/100\n|-damage|p1b: Dragapult|81\/100|[from] item: Life Orb\n|\n|upkeep\n|turn|13\n|c|\u2606SpectralIpaxor|rage powder is damn scary\n|c|\u2606dragapult1977|smh !!\n|c| IXLFL|damn\n|c|\u2606dragapult1977|you like the strat\n|\n|t:|1695820992\n|move|p1a: Amoonguss|Rage Powder|p1a: Amoonguss\n|-singleturn|p1a: Amoonguss|move: Rage Powder\n|move|p2a: Birb|Play Rough|p1a: Amoonguss\n|-damage|p1a: Amoonguss|0 fnt\n|faint|p1a: Amoonguss\n|move|p1b: Dragapult|Dragon Darts|p2a: Birb\n|-immune|p2a: Birb\n|\n|-sideend|p2: SpectralIpaxor|move: Tailwind\n|upkeep\n|c| IXLFL|ws going on in chat\n|c|\u2606dragapult1977|wait\n|c|\u2606dragapult1977|whyt am i stupid LMFAO\n|\n|t:|1695821004\n|switch|p1a: Hatterene|Hatterene, F|88\/100\n|turn|14\n|c|\u2606SpectralIpaxor|LMAO\n|\n|t:|1695821010\n|move|p1b: Dragapult|Sucker Punch|p2a: Birb\n|-resisted|p2a: Birb\n|-damage|p2a: Birb|0 fnt\n|faint|p2a: Birb\n|-damage|p1b: Dragapult|71\/100|[from] item: Life Orb\n|\n|win|dragapult1977\n|raw|dragapult1977's rating: 1082 &rarr; <strong>1119<\/strong><br \/>(+37 for winning)\n|raw|SpectralIpaxor's rating: 1200 &rarr; <strong>1167<\/strong><br \/>(-33 for losing)\n|c|\u2606SpectralIpaxor|gg wp\n|c|\u2606dragapult1977|ggs\n|l|\u2606SpectralIpaxor\n","uploadtime":1695821021,"views":12,"p1id":"dragapult1977","p2id":"spectralipaxor","formatid":"gen9nationaldexdoubles","rating":1119,"private":0,"password":""}