{"id":"gen9nationaldexdoubles-1968529295","p1":"mint29","p2":"fumbari 24","format":"[Gen 9] National Dex Doubles","log":"|j|\u2606mint29\n|j|\u2606fumbari 24\n|t:|1697428963\n|gametype|doubles\n|player|p1|mint29|2|1139\n|player|p2|fumbari 24|hilbert|1440\n|teamsize|p1|6\n|teamsize|p2|6\n|gen|9\n|tier|[Gen 9] National Dex Doubles\n|rated|\n|rule|HP Percentage Mod: HP is shown in percentages\n|rule|Endless Battle Clause: Forcing endless battles is banned\n|rule|OHKO Clause: OHKO moves are banned\n|rule|Evasion Moves Clause: Evasion moves are banned\n|rule|Evasion Abilities Clause: Evasion abilities are banned\n|rule|Species Clause: Limit one of each Pok\u00e9mon\n|rule|Gravity Sleep Clause: The combination of sleep-inducing moves with imperfect accuracy and Gravity or Gigantamax Orbeetle are banned\n|clearpoke\n|poke|p1|Incineroar, M|\n|poke|p1|Ogerpon-Wellspring, F|\n|poke|p1|Ninetales-Alola, M|\n|poke|p1|Quaquaval, F|\n|poke|p1|Clodsire, M|\n|poke|p1|Sinistcha-Masterpiece|\n|poke|p2|Blastoise, M|\n|poke|p2|Urshifu-*, F|\n|poke|p2|Skarmory, M|\n|poke|p2|Meowscarada, M|\n|poke|p2|Ceruledge, M|\n|poke|p2|Ting-Lu|\n|teampreview\n|\n|t:|1697428985\n|start\n|switch|p1a: Quaquaval|Quaquaval, F|100\/100\n|switch|p1b: Ninetales|Ninetales-Alola, M|100\/100\n|switch|p2a: Urshifu|Urshifu-Rapid-Strike, F|100\/100\n|switch|p2b: Skraa|Skarmory, M|100\/100\n|-weather|Snow|[from] ability: Snow Warning|[of] p1b: Ninetales\n|turn|1\n|\n|t:|1697429005\n|move|p1b: Ninetales|Aurora Veil|p1b: Ninetales\n|-sidestart|p1: mint29|move: Aurora Veil\n|move|p1a: Quaquaval|Close Combat|p2b: Skraa\n|-damage|p2b: Skraa|51\/100\n|-unboost|p1a: Quaquaval|def|1\n|-unboost|p1a: Quaquaval|spd|1\n|move|p2a: Urshifu|Bulk Up|p2a: Urshifu\n|-boost|p2a: Urshifu|atk|1\n|-boost|p2a: Urshifu|def|1\n|move|p2b: Skraa|Iron Head|p1b: Ninetales\n|-supereffective|p1b: Ninetales\n|-damage|p1b: Ninetales|37\/100\n|\n|-weather|Snow|[upkeep]\n|upkeep\n|turn|2\n|\n|t:|1697429034\n|move|p2a: Urshifu|Detect|p2a: Urshifu\n|-singleturn|p2a: Urshifu|Protect\n|move|p1b: Ninetales|Freeze-Dry|p2a: Urshifu\n|-activate|p2a: Urshifu|move: Protect\n|move|p1a: Quaquaval|U-turn|p2a: Urshifu\n|-activate|p2a: Urshifu|move: Protect\n|move|p2b: Skraa|Tailwind|p2b: Skraa\n|-sidestart|p2: fumbari 24|move: Tailwind\n|\n|-weather|Snow|[upkeep]\n|upkeep\n|turn|3\n|\n|t:|1697429050\n|move|p2a: Urshifu|Surging Strikes|p1b: Ninetales\n|-crit|p1b: Ninetales\n|-damage|p1b: Ninetales|6\/100\n|-crit|p1b: Ninetales\n|-damage|p1b: Ninetales|0 fnt\n|faint|p1b: Ninetales\n|-hitcount|p1: Ninetales|2\n|-zpower|p2b: Skraa\n|move|p2b: Skraa|Supersonic Skystrike|p1a: Quaquaval|[zeffect]\n|-supereffective|p1a: Quaquaval\n|-damage|p1a: Quaquaval|0 fnt\n|faint|p1a: Quaquaval\n|\n|-weather|Snow|[upkeep]\n|upkeep\n|\n|t:|1697429069\n|switch|p1b: Clodsire|Clodsire, M|100\/100\n|switch|p1a: Sinistcha|Sinistcha-Masterpiece|100\/100\n|turn|4\n|\n|t:|1697429087\n|move|p2a: Urshifu|Detect|p2a: Urshifu\n|-singleturn|p2a: Urshifu|Protect\n|move|p2b: Skraa|Brave Bird|p1a: Sinistcha\n|-supereffective|p1a: Sinistcha\n|-damage|p1a: Sinistcha|46\/100\n|-damage|p2b: Skraa|33\/100|[from] Recoil\n|move|p1a: Sinistcha|Matcha Gotcha|p2a: Urshifu|[spread] p2b\n|-activate|p2a: Urshifu|move: Protect\n|-resisted|p2b: Skraa\n|-damage|p2b: Skraa|23\/100\n|-heal|p1a: Sinistcha|51\/100|[from] drain|[of] p2b: Skraa\n|move|p1b: Clodsire|Toxic|p2a: Urshifu\n|-activate|p2a: Urshifu|move: Protect\n|\n|-weather|Snow|[upkeep]\n|upkeep\n|turn|5\n|\n|t:|1697429104\n|switch|p1b: Incineroar|Incineroar, M|100\/100\n|-ability|p1b: Incineroar|Intimidate|boost\n|-unboost|p2a: Urshifu|atk|1\n|-unboost|p2b: Skraa|atk|1\n|move|p2a: Urshifu|Surging Strikes|p1a: Sinistcha\n|-resisted|p1a: Sinistcha\n|-crit|p1a: Sinistcha\n|-damage|p1a: Sinistcha|41\/100\n|-resisted|p1a: Sinistcha\n|-crit|p1a: Sinistcha\n|-damage|p1a: Sinistcha|30\/100\n|-resisted|p1a: Sinistcha\n|-crit|p1a: Sinistcha\n|-damage|p1a: Sinistcha|19\/100\n|-hitcount|p1a: Sinistcha|3\n|move|p2b: Skraa|Brave Bird|p1a: Sinistcha\n|-supereffective|p1a: Sinistcha\n|-damage|p1a: Sinistcha|0 fnt\n|faint|p1a: Sinistcha\n|-damage|p2b: Skraa|17\/100|[from] Recoil\n|\n|-weather|none\n|-sideend|p2: fumbari 24|move: Tailwind\n|upkeep\n|\n|t:|1697429122\n|switch|p1a: Ogerpon|Ogerpon-Wellspring, F|100\/100\n|turn|6\n|\n|t:|1697429131\n|move|p1a: Ogerpon|Horn Leech|p2a: Urshifu\n|-supereffective|p2a: Urshifu\n|-damage|p2a: Urshifu|51\/100\n|move|p2a: Urshifu|Bulk Up|p2a: Urshifu\n|-boost|p2a: Urshifu|atk|1\n|-boost|p2a: Urshifu|def|1\n|move|p1b: Incineroar|Darkest Lariat|p2b: Skraa\n|-damage|p2b: Skraa|0 fnt\n|faint|p2b: Skraa\n|\n|upkeep\n|\n|t:|1697429147\n|switch|p2b: Harbor|Blastoise, M|100\/100\n|turn|7\n|\n|t:|1697429159\n|move|p2b: Harbor|Fake Out|p1a: Ogerpon\n|-damage|p1a: Ogerpon|95\/100\n|cant|p1a: Ogerpon|flinch\n|move|p2a: Urshifu|Surging Strikes|p1b: Incineroar\n|-supereffective|p1b: Incineroar\n|-crit|p1b: Incineroar\n|-damage|p1b: Incineroar|43\/100\n|-supereffective|p1b: Incineroar\n|-crit|p1b: Incineroar\n|-damage|p1b: Incineroar|0 fnt\n|faint|p1b: Incineroar\n|-hitcount|p1: Incineroar|2\n|\n|upkeep\n|\n|t:|1697429167\n|switch|p1b: Clodsire|Clodsire, M|100\/100\n|turn|8\n|\n|t:|1697429173\n|move|p2a: Urshifu|Detect|p2a: Urshifu\n|-singleturn|p2a: Urshifu|Protect\n|move|p1a: Ogerpon|Horn Leech|p2a: Urshifu\n|-activate|p2a: Urshifu|move: Protect\n|move|p2b: Harbor|Icy Wind|p1a: Ogerpon|[spread] p1b\n|-miss|p2b: Harbor|p1a: Ogerpon\n|-supereffective|p1b: Clodsire\n|-crit|p1b: Clodsire\n|-damage|p1b: Clodsire|81\/100\n|-unboost|p1b: Clodsire|spe|1\n|move|p1b: Clodsire|Toxic|p2b: Harbor\n|-status|p2b: Harbor|tox\n|\n|-heal|p1b: Clodsire|87\/100|[from] item: Leftovers\n|-damage|p2b: Harbor|94\/100 tox|[from] psn\n|-sideend|p1: mint29|move: Aurora Veil\n|upkeep\n|turn|9\n|\n|t:|1697429186\n|move|p1b: Clodsire|Protect|p1b: Clodsire\n|-singleturn|p1b: Clodsire|Protect\n|move|p1a: Ogerpon|Horn Leech|p2a: Urshifu\n|-supereffective|p2a: Urshifu\n|-damage|p2a: Urshifu|8\/100\n|-heal|p1a: Ogerpon|100\/100|[from] drain|[of] p2a: Urshifu\n|move|p2a: Urshifu|Drain Punch|p1a: Ogerpon\n|-damage|p1a: Ogerpon|25\/100\n|-heal|p2a: Urshifu|37\/100|[from] drain|[of] p1a: Ogerpon\n|move|p2b: Harbor|Icy Wind|p1a: Ogerpon|[spread] p1a\n|-activate|p1b: Clodsire|move: Protect\n|-damage|p1a: Ogerpon|15\/100\n|-unboost|p1a: Ogerpon|spe|1\n|\n|-heal|p2b: Harbor|100\/100 tox|[from] item: Leftovers\n|-heal|p1b: Clodsire|94\/100|[from] item: Leftovers\n|-damage|p2b: Harbor|88\/100 tox|[from] psn\n|upkeep\n|turn|10\n|\n|t:|1697429206\n|move|p2a: Urshifu|Drain Punch|p1a: Ogerpon\n|-damage|p1a: Ogerpon|0 fnt\n|-heal|p2a: Urshifu|43\/100|[from] drain|[of] p1a: Ogerpon\n|faint|p1a: Ogerpon\n|move|p2b: Harbor|Scald|p1b: Clodsire\n|-supereffective|p1b: Clodsire\n|-damage|p1b: Clodsire|59\/100\n|-status|p1b: Clodsire|brn\n|move|p1b: Clodsire|Toxic|p2a: Urshifu\n|-status|p2a: Urshifu|tox\n|\n|-heal|p2b: Harbor|94\/100 tox|[from] item: Leftovers\n|-heal|p1b: Clodsire|65\/100 brn|[from] item: Leftovers\n|-damage|p2a: Urshifu|36\/100 tox|[from] psn\n|-damage|p2b: Harbor|76\/100 tox|[from] psn\n|-damage|p1b: Clodsire|59\/100 brn|[from] brn\n|upkeep\n|turn|11\n|inactive|Battle timer is ON: inactive players will automatically lose when time's up. (requested by fumbari 24)\n|\n|t:|1697429225\n|move|p2a: Urshifu|Surging Strikes|p1b: Clodsire\n|-supereffective|p1b: Clodsire\n|-crit|p1b: Clodsire\n|-damage|p1b: Clodsire|9\/100 brn\n|-supereffective|p1b: Clodsire\n|-crit|p1b: Clodsire\n|-damage|p1b: Clodsire|0 fnt\n|faint|p1b: Clodsire\n|-hitcount|p1: Clodsire|2\n|\n|win|fumbari 24\n|raw|mint29's rating: 1139 &rarr; <strong>1131<\/strong><br \/>(-8 for losing)\n|raw|fumbari 24's rating: 1440 &rarr; <strong>1446<\/strong><br \/>(+6 for winning)\n|l|\u2606mint29\n","uploadtime":1697429238,"views":12,"p1id":"mint29","p2id":"fumbari24","formatid":"gen9nationaldexdoubles","rating":1131,"private":0,"password":""}