{"id":"gen9nationaldexdoubles-1998912970","p1":"IsaxTrainer99","p2":"AltoMandoKuro","format":"[Gen 9] National Dex Doubles","log":"|j|\u2606IsaxTrainer99\n|j|\u2606AltoMandoKuro\n|t:|1701012281\n|gametype|doubles\n|player|p1|IsaxTrainer99|lucas|\n|player|p2|AltoMandoKuro|veteran|\n|teamsize|p1|6\n|teamsize|p2|6\n|gen|9\n|tier|[Gen 9] National Dex Doubles\n|rule|HP Percentage Mod: HP is shown in percentages\n|rule|Endless Battle Clause: Forcing endless battles is banned\n|rule|OHKO Clause: OHKO moves are banned\n|rule|Evasion Moves Clause: Evasion moves are banned\n|rule|Evasion Abilities Clause: Evasion abilities are banned\n|rule|Species Clause: Limit one of each Pok\u00e9mon\n|rule|Gravity Sleep Clause: The combination of sleep-inducing moves with imperfect accuracy and Gravity or Gigantamax Orbeetle are banned\n|clearpoke\n|poke|p1|Oricorio-Pom-Pom, F|\n|poke|p1|Quaquaval, M|\n|poke|p1|Smeargle, F|\n|poke|p1|Ogerpon, F|\n|poke|p1|Infernape, M|\n|poke|p1|Murkrow, F|\n|poke|p2|Chien-Pao|\n|poke|p2|Volcarona, F|\n|poke|p2|Kingambit, F|\n|poke|p2|Dragonite, M|\n|poke|p2|Oricorio-Sensu, F|\n|poke|p2|Ursaluna-Bloodmoon, M|\n|teampreview\n|c|\u2606AltoMandoKuro|glhf\n|\n|t:|1701012310\n|start\n|switch|p1a: Suertudo|Murkrow, F|100\/100\n|switch|p1b: Pomni|Oricorio-Pom-Pom, F, shiny|100\/100\n|switch|p2a: Chien-Pao|Chien-Pao|100\/100\n|switch|p2b: Volcarona|Volcarona, F|100\/100\n|-ability|p2a: Chien-Pao|Sword of Ruin\n|turn|1\n|\n|t:|1701012334\n|move|p1b: Pomni|Protect|p1b: Pomni\n|-singleturn|p1b: Pomni|Protect\n|move|p1a: Suertudo|Tailwind|p1a: Suertudo\n|-sidestart|p1: IsaxTrainer99|move: Tailwind\n|move|p2a: Chien-Pao|Ice Spinner|p1b: Pomni\n|-activate|p1b: Pomni|move: Protect\n|move|p2b: Volcarona|Quiver Dance|p2b: Volcarona\n|-boost|p2b: Volcarona|spa|1\n|-boost|p2b: Volcarona|spd|1\n|-boost|p2b: Volcarona|spe|1\n|-activate|p1b: Pomni|ability: Dancer\n|move|p1b: Pomni|Quiver Dance|p1b: Pomni|[from]ability: Dancer\n|-boost|p1b: Pomni|spa|1\n|-boost|p1b: Pomni|spd|1\n|-boost|p1b: Pomni|spe|1\n|\n|upkeep\n|turn|2\n|\n|t:|1701012370\n|move|p1b: Pomni|Revelation Dance|p2a: Chien-Pao\n|-damage|p2a: Chien-Pao|0 fnt\n|faint|p2a: Chien-Pao\n|move|p1a: Suertudo|Foul Play|p2b: Volcarona\n|-damage|p2b: Volcarona|76\/100\n|move|p2b: Volcarona|Heat Wave|p1b: Pomni|[spread] p1a\n|-miss|p2b: Volcarona|p1b: Pomni\n|-damage|p1a: Suertudo|4\/100\n|\n|upkeep\n|\n|t:|1701012398\n|switch|p2a: Kingambit|Kingambit, F|100\/100\n|turn|3\n|\n|t:|1701012408\n|move|p2a: Kingambit|Protect|p2a: Kingambit\n|-singleturn|p2a: Kingambit|Protect\n|move|p1a: Suertudo|Rain Dance|p1a: Suertudo\n|-weather|RainDance\n|move|p1b: Pomni|Revelation Dance|p2a: Kingambit\n|-activate|p2a: Kingambit|move: Protect\n|move|p2b: Volcarona|Heat Wave|p1b: Pomni|[spread] p1b\n|-miss|p2b: Volcarona|p1a: Suertudo\n|-crit|p1b: Pomni\n|-damage|p1b: Pomni|31\/100\n|\n|-weather|RainDance|[upkeep]\n|upkeep\n|turn|4\n|\n|t:|1701012428\n|move|p2a: Kingambit|Sucker Punch|p1b: Pomni\n|-damage|p1b: Pomni|0 fnt\n|faint|p1b: Pomni\n|move|p1a: Suertudo|Hurricane|p2b: Volcarona\n|-supereffective|p2b: Volcarona\n|-damage|p2b: Volcarona|17\/100\n|move|p2b: Volcarona|Heat Wave|p1a: Suertudo\n|-damage|p1a: Suertudo|0 fnt\n|faint|p1a: Suertudo\n|\n|-weather|RainDance|[upkeep]\n|-sideend|p1: IsaxTrainer99|move: Tailwind\n|upkeep\n|\n|t:|1701012454\n|switch|p1a: Speedy|Quaquaval, M, shiny|100\/100\n|switch|p1b: Infer|Infernape, M, shiny|100\/100\n|turn|5\n|\n|t:|1701012486\n|move|p2a: Kingambit|Protect|p2a: Kingambit\n|-singleturn|p2a: Kingambit|Protect\n|move|p2b: Volcarona|Giga Drain|p1a: Speedy\n|-supereffective|p1a: Speedy\n|-damage|p1a: Speedy|0 fnt\n|-heal|p2b: Volcarona|67\/100|[from] drain|[of] p1a: Speedy\n|faint|p1a: Speedy\n|move|p1b: Infer|Swords Dance|p1b: Infer\n|-boost|p1b: Infer|atk|2\n|\n|-weather|RainDance|[upkeep]\n|upkeep\n|\n|t:|1701012500\n|switch|p1a: Smargol|Smeargle, F|100\/100\n|turn|6\n|\n|t:|1701012527\n|move|p1a: Smargol|Follow Me|p1a: Smargol\n|-singleturn|p1a: Smargol|move: Follow Me\n|move|p2b: Volcarona|Giga Drain|p1a: Smargol\n|-damage|p1a: Smargol|38\/100\n|-heal|p2b: Volcarona|92\/100|[from] drain|[of] p1a: Smargol\n|-enditem|p1a: Smargol|Red Card|[of] p2b: Volcarona\n|drag|p2b: Oricorio|Oricorio-Sensu, F|100\/100\n|move|p1b: Infer|Thunder Punch|p2b: Oricorio\n|-supereffective|p2b: Oricorio\n|-damage|p2b: Oricorio|0 fnt\n|faint|p2b: Oricorio\n|move|p2a: Kingambit|Kowtow Cleave|p1a: Smargol\n|-crit|p1a: Smargol\n|-damage|p1a: Smargol|0 fnt\n|faint|p1a: Smargol\n|\n|-weather|RainDance|[upkeep]\n|upkeep\n|c|\u2606AltoMandoKuro|lol xd\n|\n|t:|1701012572\n|switch|p2b: Dragonite|Dragonite, M|100\/100\n|switch|p1a: OniSister|Ogerpon, F|100\/100\n|turn|7\n|c|\u2606IsaxTrainer99|gg\n|\n|t:|1701012590\n|-terastallize|p1a: OniSister|Grass\n|detailschange|p1a: OniSister|Ogerpon-Teal-Tera, F, tera:Grass\n|-ability|p1a: OniSister|Embody Aspect (Teal)|boost\n|-boost|p1a: OniSister|spe|1\n|move|p2a: Kingambit|Protect|p2a: Kingambit\n|-singleturn|p2a: Kingambit|Protect\n|move|p1b: Infer|Mach Punch|p2a: Kingambit\n|-activate|p2a: Kingambit|move: Protect\n|move|p1a: OniSister|Knock Off|p2b: Dragonite\n|-damage|p2b: Dragonite|85\/100\n|-enditem|p2b: Dragonite|Heavy-Duty Boots|[from] move: Knock Off|[of] p1a: OniSister\n|move|p2b: Dragonite|Ice Spinner|p1a: OniSister\n|-supereffective|p1a: OniSister\n|-damage|p1a: OniSister|18\/100\n|-enditem|p1a: OniSister|Sitrus Berry|[eat]\n|-heal|p1a: OniSister|43\/100|[from] item: Sitrus Berry\n|\n|-weather|none\n|upkeep\n|turn|8\n|\n|t:|1701012613\n|move|p1a: OniSister|Spiky Shield|p1a: OniSister\n|-singleturn|p1a: OniSister|move: Protect\n|move|p2b: Dragonite|Extreme Speed|p1a: OniSister\n|-activate|p1a: OniSister|move: Protect\n|-damage|p2b: Dragonite|73\/100|[from] Spiky Shield|[of] p1a: OniSister\n|move|p2a: Kingambit|Sucker Punch||[still]\n|-fail|p2a: Kingambit\n|move|p1b: Infer|Drain Punch|p2a: Kingambit\n|-supereffective|p2a: Kingambit\n|-damage|p2a: Kingambit|0 fnt\n|faint|p2a: Kingambit\n|\n|upkeep\n|\n|t:|1701012619\n|switch|p2a: Ursaluna|Ursaluna-Bloodmoon, M|100\/100\n|turn|9\n|\n|t:|1701012636\n|move|p1a: OniSister|Ivy Cudgel|p2a: Ursaluna\n|-supereffective|p2a: Ursaluna\n|-damage|p2a: Ursaluna|0 fnt\n|faint|p2a: Ursaluna\n|move|p1b: Infer|Thunder Punch|p2b: Dragonite\n|-damage|p2b: Dragonite|20\/100\n|move|p2b: Dragonite|Ice Spinner|p1a: OniSister\n|-supereffective|p1a: OniSister\n|-damage|p1a: OniSister|0 fnt\n|faint|p1a: OniSister\n|\n|upkeep\n|\n|t:|1701012642\n|switch|p2a: Volcarona|Volcarona, F|92\/100\n|turn|10\n|\n|t:|1701012656\n|move|p2b: Dragonite|Extreme Speed|p1b: Infer\n|-damage|p1b: Infer|56\/100\n|move|p1b: Infer|Thunder Punch|p2b: Dragonite\n|-damage|p2b: Dragonite|0 fnt\n|faint|p2b: Dragonite\n|move|p2a: Volcarona|Quiver Dance|p2a: Volcarona\n|-boost|p2a: Volcarona|spa|1\n|-boost|p2a: Volcarona|spd|1\n|-boost|p2a: Volcarona|spe|1\n|\n|upkeep\n|turn|11\n|\n|t:|1701012669\n|move|p2a: Volcarona|Protect|p2a: Volcarona\n|-singleturn|p2a: Volcarona|Protect\n|move|p1b: Infer|Drain Punch|p2a: Volcarona\n|-activate|p2a: Volcarona|move: Protect\n|\n|upkeep\n|turn|12\n|\n|t:|1701012677\n|move|p2a: Volcarona|Heat Wave|p1b: Infer\n|-resisted|p1b: Infer\n|-damage|p1b: Infer|0 fnt\n|faint|p1b: Infer\n|\n|win|AltoMandoKuro\n|c|\u2606AltoMandoKuro|gg\n|l|\u2606IsaxTrainer99\n|l|\u2606AltoMandoKuro\n|j|\u2606IsaxTrainer99\n|player|p1|IsaxTrainer99|lucas\n","uploadtime":1701012683,"views":2,"p1id":"isaxtrainer99","p2id":"altomandokuro","formatid":"gen9nationaldexdoubles","rating":0,"private":0,"password":""}