{"id":"gen9nationaldexdoubles-1964748955","p1":"Zera & Lucy","p2":"TheCheddarWhale","format":"[Gen 9] National Dex Doubles","log":"|j|\u2606Zera & Lucy\n|j|\u2606TheCheddarWhale\n|t:|1697002607\n|gametype|doubles\n|player|p1|Zera & Lucy|cynthia|1116\n|player|p2|TheCheddarWhale|serena-masters2|1000\n|teamsize|p1|6\n|teamsize|p2|6\n|gen|9\n|tier|[Gen 9] National Dex Doubles\n|rated|\n|rule|HP Percentage Mod: HP is shown in percentages\n|rule|Endless Battle Clause: Forcing endless battles is banned\n|rule|OHKO Clause: OHKO moves are banned\n|rule|Evasion Moves Clause: Evasion moves are banned\n|rule|Evasion Abilities Clause: Evasion abilities are banned\n|rule|Species Clause: Limit one of each Pok\u00e9mon\n|rule|Gravity Sleep Clause: The combination of sleep-inducing moves with imperfect accuracy and Gravity or Gigantamax Orbeetle are banned\n|clearpoke\n|poke|p1|Amoonguss, M|\n|poke|p1|Copperajah, M|\n|poke|p1|Grimmsnarl, M|\n|poke|p1|Iron Bundle|\n|poke|p1|Landorus-Therian, M|\n|poke|p1|Goodra-Hisui, M|\n|poke|p2|Sharpedo, F|\n|poke|p2|Charjabug, M|\n|poke|p2|Aegislash, M|\n|poke|p2|Rapidash-Galar, F|\n|poke|p2|Gholdengo|\n|poke|p2|Ditto|\n|teampreview\n|inactive|Battle timer is ON: inactive players will automatically lose when time's up. (requested by Zera & Lucy)\n|inactive|TheCheddarWhale has 120 seconds left.\n|\n|t:|1697002653\n|start\n|switch|p1a: Amoonguss|Amoonguss, M|100\/100\n|switch|p1b: Goodra|Goodra-Hisui, M|100\/100\n|switch|p2a: Free of Charge|Charjabug, M|100\/100\n|switch|p2b: Sharpedo|Sharpedo, F|100\/100\n|turn|1\n|\n|t:|1697002670\n|move|p2b: Sharpedo|Protect|p2b: Sharpedo\n|-singleturn|p2b: Sharpedo|Protect\n|move|p1b: Goodra|Acid Armor|p1b: Goodra\n|-boost|p1b: Goodra|def|2\n|move|p2a: Free of Charge|Thunder Wave|p1a: Amoonguss\n|-status|p1a: Amoonguss|par\n|move|p1a: Amoonguss|Spore|p2a: Free of Charge\n|-status|p2a: Free of Charge|slp|[from] move: Spore\n|\n|-ability|p2b: Sharpedo|Speed Boost|boost\n|-boost|p2b: Sharpedo|spe|1\n|upkeep\n|turn|2\n|inactive|TheCheddarWhale has 120 seconds left.\n|inactive|TheCheddarWhale has 90 seconds left.\n|inactive|TheCheddarWhale has 60 seconds left.\n|\n|t:|1697002764\n|detailschange|p2b: Sharpedo|Sharpedo-Mega, F\n|-mega|p2b: Sharpedo|Sharpedo|Sharpedonite\n|cant|p1a: Amoonguss|par\n|move|p2b: Sharpedo|Flip Turn|p1b: Goodra\n|-resisted|p1b: Goodra\n|-damage|p1b: Goodra|92\/100\n|inactive|TheCheddarWhale has 60 seconds left.\n|\n|t:|1697002774\n|switch|p2b: Rust in Peace|Aegislash, M|100\/100|[from] Flip Turn\n|move|p1b: Goodra|Body Press|p2b: Rust in Peace\n|-immune|p2b: Rust in Peace\n|cant|p2a: Free of Charge|slp\n|\n|-heal|p1b: Goodra|98\/100|[from] item: Leftovers\n|upkeep\n|turn|3\n|\n|t:|1697002794\n|cant|p1a: Amoonguss|par\n|move|p1b: Goodra|Acid Armor|p1b: Goodra\n|-boost|p1b: Goodra|def|2\n|-formechange|p2b: Rust in Peace|Aegislash-Blade||[from] ability: Stance Change\n|move|p2b: Rust in Peace|Shadow Ball|p1b: Goodra\n|-damage|p1b: Goodra|61\/100\n|cant|p2a: Free of Charge|slp\n|\n|-heal|p1b: Goodra|67\/100|[from] item: Leftovers\n|upkeep\n|turn|4\n|\n|t:|1697002820\n|move|p1b: Goodra|Heavy Slam|p2b: Rust in Peace\n|-resisted|p2b: Rust in Peace\n|-damage|p2b: Rust in Peace|60\/100\n|move|p2b: Rust in Peace|Shadow Ball|p1b: Goodra\n|-damage|p1b: Goodra|30\/100\n|cant|p2a: Free of Charge|slp\n|move|p1a: Amoonguss|Spore|p2b: Rust in Peace\n|-status|p2b: Rust in Peace|slp|[from] move: Spore\n|\n|-heal|p1b: Goodra|36\/100|[from] item: Leftovers\n|upkeep\n|turn|5\n|inactive|TheCheddarWhale has 90 seconds left.\n|\n|t:|1697002839\n|cant|p2b: Rust in Peace|slp\n|move|p1b: Goodra|Acid Armor|p1b: Goodra\n|-boost|p1b: Goodra|def|2\n|-curestatus|p2a: Free of Charge|slp|[msg]\n|move|p2a: Free of Charge|Lunge|p1b: Goodra\n|-resisted|p1b: Goodra\n|-damage|p1b: Goodra|33\/100\n|-unboost|p1b: Goodra|atk|1\n|move|p1a: Amoonguss|Sludge Bomb|p2a: Free of Charge\n|-damage|p2a: Free of Charge|74\/100\n|\n|-heal|p1b: Goodra|39\/100|[from] item: Leftovers\n|upkeep\n|turn|6\n|\n|t:|1697002862\n|move|p1a: Amoonguss|Rage Powder|p1a: Amoonguss\n|-singleturn|p1a: Amoonguss|move: Rage Powder\n|move|p1b: Goodra|Body Press|p2a: Free of Charge\n|-resisted|p2a: Free of Charge\n|-damage|p2a: Free of Charge|56\/100\n|cant|p2b: Rust in Peace|slp\n|move|p2a: Free of Charge|Thunder Wave|p1a: Amoonguss\n|-fail|p1a: Amoonguss|par\n|\n|-heal|p1b: Goodra|45\/100|[from] item: Leftovers\n|upkeep\n|turn|7\n|inactive|TheCheddarWhale has 120 seconds left.\n|\n|t:|1697002879\n|switch|p2a: Technicbots|Gholdengo|100\/100\n|-terastallize|p1b: Goodra|Steel\n|move|p1a: Amoonguss|Rage Powder|p1a: Amoonguss\n|-singleturn|p1a: Amoonguss|move: Rage Powder\n|move|p1b: Goodra|Heavy Slam|p2b: Rust in Peace\n|-resisted|p2b: Rust in Peace\n|-damage|p2b: Rust in Peace|18\/100 slp\n|-curestatus|p2b: Rust in Peace|slp|[msg]\n|move|p2b: Rust in Peace|Shadow Ball|p1a: Amoonguss\n|-damage|p1a: Amoonguss|71\/100 par\n|\n|-heal|p1b: Goodra|51\/100|[from] item: Leftovers\n|upkeep\n|turn|8\n|inactive|Zera & Lucy has 120 seconds left.\n|\n|t:|1697002917\n|switch|p2b: Free of Charge|Charjabug, M|56\/100\n|cant|p1a: Amoonguss|par\n|move|p2a: Technicbots|Make It Rain|p1a: Amoonguss|[spread] p1a,p1b\n|-resisted|p1b: Goodra\n|-damage|p1a: Amoonguss|16\/100 par\n|-damage|p1b: Goodra|25\/100\n|-unboost|p2a: Technicbots|spa|1\n|-damage|p2a: Technicbots|91\/100|[from] item: Life Orb\n|move|p1b: Goodra|Heavy Slam|p2a: Technicbots\n|-resisted|p2a: Technicbots\n|-crit|p2a: Technicbots\n|-damage|p2a: Technicbots|27\/100\n|\n|-heal|p1b: Goodra|31\/100|[from] item: Leftovers\n|upkeep\n|turn|9\n|inactive|Zera & Lucy has 120 seconds left.\n|\n|t:|1697002944\n|cant|p1a: Amoonguss|par\n|move|p2a: Technicbots|Make It Rain|p1b: Goodra|[spread] p1a,p1b\n|-resisted|p1b: Goodra\n|-damage|p1a: Amoonguss|0 fnt\n|-damage|p1b: Goodra|15\/100\n|-unboost|p2a: Technicbots|spa|1\n|faint|p1a: Amoonguss\n|-damage|p2a: Technicbots|17\/100|[from] item: Life Orb\n|move|p2b: Free of Charge|Thunder Wave|p1b: Goodra\n|-status|p1b: Goodra|par\n|cant|p1b: Goodra|par\n|\n|-heal|p1b: Goodra|21\/100 par|[from] item: Leftovers\n|upkeep\n|\n|t:|1697002962\n|switch|p1a: Copperajah|Copperajah, M|100\/100\n|turn|10\n|inactive|Zera & Lucy has 120 seconds left.\n|\n|t:|1697002992\n|switch|p2a: Rust in Peace|Aegislash, M|18\/100\n|move|p2b: Free of Charge|Thunder Wave|p1a: Copperajah\n|-status|p1a: Copperajah|par\n|move|p1b: Goodra|Body Press|p2b: Free of Charge\n|-resisted|p2b: Free of Charge\n|-damage|p2b: Free of Charge|36\/100\n|move|p1a: Copperajah|Heat Crash|p2a: Rust in Peace\n|-supereffective|p2a: Rust in Peace\n|-damage|p2a: Rust in Peace|0 fnt\n|faint|p2a: Rust in Peace\n|-damage|p1a: Copperajah|91\/100 par|[from] item: Life Orb\n|\n|-heal|p1b: Goodra|27\/100 par|[from] item: Leftovers\n|upkeep\n|inactive|TheCheddarWhale has 120 seconds left.\n|\n|t:|1697003004\n|switch|p2a: Sharpedo|Sharpedo-Mega, F|100\/100\n|turn|11\n|\n|t:|1697003021\n|switch|p2b: Tech Difficulties|Rapidash-Galar, F|100\/100\n|move|p2a: Sharpedo|Protect|p2a: Sharpedo\n|-singleturn|p2a: Sharpedo|Protect\n|move|p1b: Goodra|Heavy Slam|p2b: Tech Difficulties\n|-supereffective|p2b: Tech Difficulties\n|-enditem|p2b: Tech Difficulties|Focus Sash\n|-damage|p2b: Tech Difficulties|1\/100\n|move|p1a: Copperajah|Brick Break|p2a: Sharpedo\n|-activate|p2a: Sharpedo|move: Protect\n|\n|-heal|p1b: Goodra|33\/100 par|[from] item: Leftovers\n|upkeep\n|turn|12\n|\n|t:|1697003041\n|move|p2a: Sharpedo|Flip Turn|p1b: Goodra\n|-damage|p1b: Goodra|24\/100 par\n|\n|t:|1697003044\n|switch|p2a: Technicbots|Gholdengo|17\/100|[from] Flip Turn\n|move|p2b: Tech Difficulties|High Horsepower|p1b: Goodra\n|-supereffective|p1b: Goodra\n|-damage|p1b: Goodra|9\/100 par\n|cant|p1b: Goodra|par\n|move|p1a: Copperajah|Rock Slide|p2a: Technicbots|[spread] \n|-miss|p1a: Copperajah|p2a: Technicbots\n|-miss|p1a: Copperajah|p2b: Tech Difficulties\n|\n|-heal|p1b: Goodra|15\/100 par|[from] item: Leftovers\n|upkeep\n|turn|13\n|\n|t:|1697003062\n|move|p2a: Technicbots|Make It Rain|p1a: Copperajah|[spread] p1a,p1b\n|-resisted|p1a: Copperajah\n|-resisted|p1b: Goodra\n|-damage|p1a: Copperajah|60\/100 par\n|-damage|p1b: Goodra|0 fnt\n|-unboost|p2a: Technicbots|spa|1\n|faint|p1b: Goodra\n|-damage|p2a: Technicbots|7\/100|[from] item: Life Orb\n|move|p2b: Tech Difficulties|High Horsepower|p1a: Copperajah\n|-supereffective|p1a: Copperajah\n|-damage|p1a: Copperajah|0 fnt\n|faint|p1a: Copperajah\n|\n|upkeep\n|\n|t:|1697003075\n|switch|p1b: Landorus|Landorus-Therian, M|100\/100\n|switch|p1a: Iron Bundle|Iron Bundle|100\/100\n|-ability|p1b: Landorus|Intimidate|boost\n|-unboost|p2a: Technicbots|atk|1\n|-unboost|p2b: Tech Difficulties|atk|1\n|-enditem|p1a: Iron Bundle|Booster Energy\n|-activate|p1a: Iron Bundle|ability: Quark Drive|[fromitem]\n|-start|p1a: Iron Bundle|quarkdrivespe\n|turn|14\n|\n|t:|1697003089\n|move|p1a: Iron Bundle|Hydro Pump|p2b: Tech Difficulties\n|-damage|p2b: Tech Difficulties|0 fnt\n|faint|p2b: Tech Difficulties\n|move|p1b: Landorus|Stomping Tantrum|p2a: Technicbots\n|-supereffective|p2a: Technicbots\n|-damage|p2a: Technicbots|0 fnt\n|faint|p2a: Technicbots\n|-damage|p1b: Landorus|91\/100|[from] item: Life Orb\n|\n|upkeep\n|\n|t:|1697003097\n|switch|p2a: Sharpedo|Sharpedo-Mega, F|100\/100\n|switch|p2b: Free of Charge|Charjabug, M|36\/100\n|turn|15\n|\n|t:|1697003105\n|move|p2a: Sharpedo|Protect|p2a: Sharpedo\n|-singleturn|p2a: Sharpedo|Protect\n|move|p2b: Free of Charge|Protect|p2b: Free of Charge\n|-singleturn|p2b: Free of Charge|Protect\n|move|p1a: Iron Bundle|Freeze-Dry|p2a: Sharpedo\n|-activate|p2a: Sharpedo|move: Protect\n|move|p1b: Landorus|Stomping Tantrum|p2b: Free of Charge\n|-activate|p2b: Free of Charge|move: Protect\n|\n|upkeep\n|turn|16\n|\n|t:|1697003125\n|switch|p2b: Marvels of MAS|Ditto|100\/100\n|-transform|p2b: Marvels of MAS|p1a: Iron Bundle|[from] ability: Imposter\n|move|p1a: Iron Bundle|Freeze-Dry|p2a: Sharpedo\n|-supereffective|p2a: Sharpedo\n|-damage|p2a: Sharpedo|0 fnt\n|faint|p2a: Sharpedo\n|move|p1b: Landorus|Stomping Tantrum|p2b: Marvels of MAS\n|-damage|p2b: Marvels of MAS|41\/100\n|-damage|p1b: Landorus|81\/100|[from] item: Life Orb\n|\n|upkeep\n|\n|t:|1697003135\n|switch|p2a: Free of Charge|Charjabug, M|36\/100\n|turn|17\n|\n|t:|1697003165\n|-terastallize|p2b: Marvels of MAS|Water\n|move|p1a: Iron Bundle|Freeze-Dry|p2b: Marvels of MAS\n|-supereffective|p2b: Marvels of MAS\n|-damage|p2b: Marvels of MAS|0 fnt\n|faint|p2b: Marvels of MAS\n|-end|p2b: Marvels of MAS|Quark Drive|[silent]\n|move|p1b: Landorus|Stomping Tantrum|p2a: Free of Charge\n|-damage|p2a: Free of Charge|8\/100\n|-damage|p1b: Landorus|71\/100|[from] item: Life Orb\n|move|p2a: Free of Charge|Lunge|p1b: Landorus\n|-resisted|p1b: Landorus\n|-damage|p1b: Landorus|58\/100\n|-unboost|p1b: Landorus|atk|1\n|\n|upkeep\n|turn|18\n|\n|t:|1697003185\n|move|p1a: Iron Bundle|Freeze-Dry|p2a: Free of Charge\n|-damage|p2a: Free of Charge|0 fnt\n|faint|p2a: Free of Charge\n|\n|win|Zera & Lucy\n|raw|Zera &amp; Lucy's rating: 1116 &rarr; <strong>1133<\/strong><br \/>(+17 for winning)\n|raw|TheCheddarWhale's rating: 1000 &rarr; <strong>1000<\/strong><br \/>(+0 for losing)\n","uploadtime":1697003189,"views":14,"p1id":"zeralucy","p2id":"thecheddarwhale","formatid":"gen9nationaldexdoubles","rating":1000,"private":0,"password":""}