{"id":"gen9nationaldexdoubles-1956178826","p1":"Green133","p2":"annoying oranje","format":"[Gen 9] National Dex Doubles","log":"|j|\u2606Green133\n|j|\u2606annoying oranje\n|t:|1696082360\n|gametype|doubles\n|player|p1|Green133|blue|\n|player|p2|annoying oranje|lyra|\n|teamsize|p1|6\n|teamsize|p2|6\n|gen|9\n|tier|[Gen 9] National Dex Doubles\n|rule|HP Percentage Mod: HP is shown in percentages\n|rule|Endless Battle Clause: Forcing endless battles is banned\n|rule|OHKO Clause: OHKO moves are banned\n|rule|Evasion Moves Clause: Evasion moves are banned\n|rule|Evasion Abilities Clause: Evasion abilities are banned\n|rule|Species Clause: Limit one of each Pok\u00e9mon\n|rule|Gravity Sleep Clause: The combination of sleep-inducing moves with imperfect accuracy and Gravity or Gigantamax Orbeetle are banned\n|clearpoke\n|poke|p1|Rillaboom, F|\n|poke|p1|Lucario, M|\n|poke|p1|Maushold-Four|\n|poke|p1|Ceruledge, M|\n|poke|p1|Torkoal, M|\n|poke|p1|Walking Wake|\n|poke|p2|Maushold-Four|\n|poke|p2|Landorus-Therian, M|\n|poke|p2|Whimsicott, F|\n|poke|p2|Marshadow|\n|poke|p2|Virizion|\n|poke|p2|Terrakion|\n|teampreview\n|l|\u2606Green133\n|player|p1|\n|j|\u2606Green133\n|player|p1|Green133|blue\n|\n|t:|1696082427\n|start\n|switch|p1a: Pompeii|Torkoal, M|100\/100\n|switch|p1b: Chop Suey|Walking Wake|100\/100\n|switch|p2a: NeighborhoodThreat|Whimsicott, F|100\/100\n|switch|p2b: Millhouse|Terrakion|100\/100\n|-weather|SunnyDay|[from] ability: Drought|[of] p1a: Pompeii\n|-activate|p1b: Chop Suey|ability: Protosynthesis\n|-start|p1b: Chop Suey|protosynthesisspe\n|turn|1\n|\n|t:|1696082478\n|-terastallize|p1a: Pompeii|Water\n|move|p2a: NeighborhoodThreat|Beat Up|p2b: Millhouse\n|-resisted|p2b: Millhouse\n|-damage|p2b: Millhouse|99\/100\n|-ability|p2b: Millhouse|Justified|boost\n|-boost|p2b: Millhouse|atk|1\n|-resisted|p2b: Millhouse\n|-damage|p2b: Millhouse|98\/100\n|-ability|p2b: Millhouse|Justified|boost\n|-boost|p2b: Millhouse|atk|1\n|-resisted|p2b: Millhouse\n|-damage|p2b: Millhouse|97\/100\n|-ability|p2b: Millhouse|Justified|boost\n|-boost|p2b: Millhouse|atk|1\n|-resisted|p2b: Millhouse\n|-damage|p2b: Millhouse|96\/100\n|-ability|p2b: Millhouse|Justified|boost\n|-boost|p2b: Millhouse|atk|1\n|-resisted|p2b: Millhouse\n|-damage|p2b: Millhouse|94\/100\n|-ability|p2b: Millhouse|Justified|boost\n|-boost|p2b: Millhouse|atk|1\n|-resisted|p2b: Millhouse\n|-damage|p2b: Millhouse|93\/100\n|-ability|p2b: Millhouse|Justified|boost\n|-boost|p2b: Millhouse|atk|1\n|-hitcount|p2b: Millhouse|6\n|move|p2b: Millhouse|Rock Slide|p1a: Pompeii|[spread] p1a\n|-miss|p2b: Millhouse|p1b: Chop Suey\n|-damage|p1a: Pompeii|10\/100\n|move|p1a: Pompeii|Heat Wave|p2b: Millhouse|[spread] p2a,p2b\n|-supereffective|p2a: NeighborhoodThreat\n|-resisted|p2b: Millhouse\n|-enditem|p2a: NeighborhoodThreat|Focus Sash\n|-damage|p2a: NeighborhoodThreat|1\/100\n|-damage|p2b: Millhouse|70\/100\n|move|p1b: Chop Suey|Roar|p2b: Millhouse\n|drag|p2b: Yummy in my tummy|Marshadow|100\/100\n|\n|-weather|SunnyDay|[upkeep]\n|-heal|p1a: Pompeii|16\/100|[from] item: Leftovers\n|upkeep\n|turn|2\n|\n|t:|1696082543\n|switch|p1a: The Ghost of You|Ceruledge, M|100\/100\n|move|p2a: NeighborhoodThreat|Encore|p1b: Chop Suey\n|-start|p1b: Chop Suey|Encore\n|move|p1b: Chop Suey|Roar|p2a: NeighborhoodThreat\n|drag|p2a: Millhouse|Terrakion|70\/100\n|move|p2b: Yummy in my tummy|Iron Head|p1a: The Ghost of You\n|-resisted|p1a: The Ghost of You\n|-damage|p1a: The Ghost of You|75\/100\n|-ability|p1a: The Ghost of You|Weak Armor|boost\n|-unboost|p1a: The Ghost of You|def|1\n|-boost|p1a: The Ghost of You|spe|2\n|\n|-weather|SunnyDay|[upkeep]\n|upkeep\n|turn|3\n|\n|t:|1696082595\n|-end|p1b: Chop Suey|Protosynthesis|[silent]\n|switch|p1b: The Pretender|Lucario, M|100\/100\n|move|p1a: The Ghost of You|Protect|p1a: The Ghost of You\n|-singleturn|p1a: The Ghost of You|Protect\n|move|p2b: Yummy in my tummy|Iron Head|p1a: The Ghost of You\n|-activate|p1a: The Ghost of You|move: Protect\n|move|p2a: Millhouse|Iron Head|p1a: The Ghost of You\n|-activate|p1a: The Ghost of You|move: Protect\n|\n|-weather|SunnyDay|[upkeep]\n|upkeep\n|turn|4\n|\n|t:|1696082625\n|detailschange|p1b: The Pretender|Lucario-Mega, M\n|-mega|p1b: The Pretender|Lucario|Lucarionite\n|move|p1b: The Pretender|Bullet Punch|p2b: Yummy in my tummy\n|-damage|p2b: Yummy in my tummy|60\/100\n|move|p1a: The Ghost of You|Bitter Blade|p2b: Yummy in my tummy\n|-damage|p2b: Yummy in my tummy|0 fnt\n|-heal|p1a: The Ghost of You|100\/100|[from] drain|[of] p2b: Yummy in my tummy\n|faint|p2b: Yummy in my tummy\n|move|p2a: Millhouse|Iron Head|p1a: The Ghost of You\n|-resisted|p1a: The Ghost of You\n|-damage|p1a: The Ghost of You|71\/100\n|-ability|p1a: The Ghost of You|Weak Armor|boost\n|-unboost|p1a: The Ghost of You|def|1\n|-boost|p1a: The Ghost of You|spe|2\n|\n|-weather|SunnyDay|[upkeep]\n|upkeep\n|\n|t:|1696082654\n|switch|p2b: Lando Calrissian|Landorus-Therian, M|100\/100\n|-ability|p2b: Lando Calrissian|Intimidate|boost\n|-unboost|p1a: The Ghost of You|atk|1\n|-unboost|p1b: The Pretender|atk|1\n|turn|5\n|\n|t:|1696082675\n|switch|p1a: Clint Eastwood|Rillaboom, F|100\/100\n|-fieldstart|move: Grassy Terrain|[from] ability: Grassy Surge|[of] p1a: Clint Eastwood\n|move|p1b: The Pretender|Bullet Punch|p2a: Millhouse\n|-supereffective|p2a: Millhouse\n|-damage|p2a: Millhouse|26\/100\n|-enditem|p2a: Millhouse|Sitrus Berry|[eat]\n|-heal|p2a: Millhouse|51\/100|[from] item: Sitrus Berry\n|move|p2a: Millhouse|Rock Slide|p1b: The Pretender|[spread] p1a,p1b\n|-resisted|p1b: The Pretender\n|-damage|p1a: Clint Eastwood|74\/100\n|-damage|p1b: The Pretender|91\/100\n|move|p2b: Lando Calrissian|Rock Slide|p1a: Clint Eastwood|[spread] p1a,p1b\n|-resisted|p1b: The Pretender\n|-damage|p1a: Clint Eastwood|53\/100\n|-damage|p1b: The Pretender|84\/100\n|\n|-weather|none\n|-heal|p1b: The Pretender|90\/100|[from] Grassy Terrain\n|-heal|p2a: Millhouse|57\/100|[from] Grassy Terrain\n|-heal|p1a: Clint Eastwood|60\/100|[from] Grassy Terrain\n|upkeep\n|turn|6\n|\n|t:|1696082729\n|switch|p1b: Chop Suey|Walking Wake|100\/100\n|switch|p2a: Honse|Virizion|100\/100\n|move|p1a: Clint Eastwood|Fake Out|p2b: Lando Calrissian\n|-damage|p2b: Lando Calrissian|85\/100\n|cant|p2b: Lando Calrissian|flinch\n|\n|-heal|p1a: Clint Eastwood|66\/100|[from] Grassy Terrain\n|upkeep\n|turn|7\n|\n|t:|1696082781\n|move|p1b: Chop Suey|Dragon Pulse|p2a: Honse\n|-damage|p2a: Honse|75\/100\n|move|p2a: Honse|X-Scissor|p1a: Clint Eastwood\n|-supereffective|p1a: Clint Eastwood\n|-damage|p1a: Clint Eastwood|31\/100\n|move|p2b: Lando Calrissian|U-turn|p1a: Clint Eastwood\n|-supereffective|p1a: Clint Eastwood\n|-damage|p1a: Clint Eastwood|0 fnt\n|faint|p1a: Clint Eastwood\n|\n|t:|1696082802\n|switch|p2b: Dugtrio mice|Maushold-Four|100\/100|[from] U-turn\n|\n|-heal|p2a: Honse|81\/100|[from] Grassy Terrain\n|upkeep\n|\n|t:|1696082813\n|switch|p1a: The Pretender|Lucario-Mega, M|90\/100\n|turn|8\n|\n|t:|1696082880\n|move|p2b: Dugtrio mice|Beat Up|p2a: Honse\n|-resisted|p2a: Honse\n|-damage|p2a: Honse|78\/100\n|-ability|p2a: Honse|Justified|boost\n|-boost|p2a: Honse|atk|1\n|-resisted|p2a: Honse\n|-damage|p2a: Honse|76\/100\n|-ability|p2a: Honse|Justified|boost\n|-boost|p2a: Honse|atk|1\n|-resisted|p2a: Honse\n|-damage|p2a: Honse|73\/100\n|-ability|p2a: Honse|Justified|boost\n|-boost|p2a: Honse|atk|1\n|-resisted|p2a: Honse\n|-damage|p2a: Honse|70\/100\n|-ability|p2a: Honse|Justified|boost\n|-boost|p2a: Honse|atk|1\n|-resisted|p2a: Honse\n|-damage|p2a: Honse|67\/100\n|-ability|p2a: Honse|Justified|boost\n|-boost|p2a: Honse|atk|1\n|-hitcount|p2a: Honse|5\n|move|p1a: The Pretender|Close Combat|p2b: Dugtrio mice\n|-supereffective|p2b: Dugtrio mice\n|-crit|p2b: Dugtrio mice\n|-damage|p2b: Dugtrio mice|0 fnt\n|-unboost|p1a: The Pretender|def|1\n|-unboost|p1a: The Pretender|spd|1\n|faint|p2b: Dugtrio mice\n|move|p2a: Honse|Leaf Blade|p1b: Chop Suey\n|-damage|p1b: Chop Suey|0 fnt\n|faint|p1b: Chop Suey\n|-end|p1b: Chop Suey|Protosynthesis|[silent]\n|\n|-heal|p1a: The Pretender|96\/100|[from] Grassy Terrain\n|-heal|p2a: Honse|74\/100|[from] Grassy Terrain\n|upkeep\n|\n|t:|1696082923\n|switch|p2b: Lando Calrissian|Landorus-Therian, M|85\/100\n|switch|p1b: Pompeii|Torkoal, M, tera:Water|16\/100\n|-ability|p2b: Lando Calrissian|Intimidate|boost\n|-unboost|p1a: The Pretender|atk|1\n|-unboost|p1b: Pompeii|atk|1\n|-weather|SunnyDay|[from] ability: Drought|[of] p1b: Pompeii\n|turn|9\n|\n|t:|1696082984\n|move|p2a: Honse|Quick Attack|p1b: Pompeii\n|-damage|p1b: Pompeii|0 fnt\n|faint|p1b: Pompeii\n|move|p1a: The Pretender|Close Combat|p2a: Honse\n|-damage|p2a: Honse|0 fnt\n|-unboost|p1a: The Pretender|def|1\n|-unboost|p1a: The Pretender|spd|1\n|faint|p2a: Honse\n|move|p2b: Lando Calrissian|U-turn|p1a: The Pretender\n|-resisted|p1a: The Pretender\n|-damage|p1a: The Pretender|78\/100\n|\n|t:|1696083009\n|switch|p2b: NeighborhoodThreat|Whimsicott, F|1\/100|[from] U-turn\n|\n|-weather|SunnyDay|[upkeep]\n|-heal|p2b: NeighborhoodThreat|7\/100|[from] Grassy Terrain\n|-heal|p1a: The Pretender|84\/100|[from] Grassy Terrain\n|-fieldend|move: Grassy Terrain\n|upkeep\n|\n|t:|1696083018\n|switch|p2a: Millhouse|Terrakion|57\/100\n|switch|p1b: The Ghost of You|Ceruledge, M|71\/100\n|turn|10\n|\n|t:|1696083032\n|move|p2b: NeighborhoodThreat|Tailwind|p2b: NeighborhoodThreat\n|-sidestart|p2: annoying oranje|move: Tailwind\n|move|p1a: The Pretender|Bullet Punch|p2b: NeighborhoodThreat\n|-supereffective|p2b: NeighborhoodThreat\n|-damage|p2b: NeighborhoodThreat|0 fnt\n|faint|p2b: NeighborhoodThreat\n|move|p2a: Millhouse|Close Combat|p1a: The Pretender\n|-supereffective|p1a: The Pretender\n|-damage|p1a: The Pretender|0 fnt\n|-unboost|p2a: Millhouse|def|1\n|-unboost|p2a: Millhouse|spd|1\n|faint|p1a: The Pretender\n|move|p1b: The Ghost of You|Solar Blade||[still]\n|-prepare|p1b: The Ghost of You|Solar Blade\n|-anim|p1b: The Ghost of You|Solar Blade|p2a: Millhouse\n|-supereffective|p2a: Millhouse\n|-damage|p2a: Millhouse|0 fnt\n|faint|p2a: Millhouse\n|\n|-weather|SunnyDay|[upkeep]\n|upkeep\n|\n|t:|1696083052\n|switch|p2b: Lando Calrissian|Landorus-Therian, M|85\/100\n|switch|p1a: Ohio is for Lovers|Maushold-Four|100\/100\n|-ability|p2b: Lando Calrissian|Intimidate|boost\n|-unboost|p1a: Ohio is for Lovers|atk|1\n|-unboost|p1b: The Ghost of You|atk|1\n|turn|11\n|\n|t:|1696083098\n|-terastallize|p2b: Lando Calrissian|Rock\n|move|p1b: The Ghost of You|Protect|p1b: The Ghost of You\n|-singleturn|p1b: The Ghost of You|Protect\n|move|p2b: Lando Calrissian|Rock Slide|p1a: Ohio is for Lovers|[spread] p1a\n|-activate|p1b: The Ghost of You|move: Protect\n|-damage|p1a: Ohio is for Lovers|62\/100\n|cant|p1a: Ohio is for Lovers|flinch\n|\n|-weather|SunnyDay|[upkeep]\n|upkeep\n|turn|12\n|\n|t:|1696083120\n|move|p2b: Lando Calrissian|Rock Slide|p1b: The Ghost of You|[spread] p1a,p1b\n|-supereffective|p1b: The Ghost of You\n|-damage|p1a: Ohio is for Lovers|20\/100\n|-damage|p1b: The Ghost of You|4\/100\n|-ability|p1b: The Ghost of You|Weak Armor|boost\n|-unboost|p1b: The Ghost of You|def|1\n|-boost|p1b: The Ghost of You|spe|2\n|-enditem|p1b: The Ghost of You|Weakness Policy\n|-boost|p1b: The Ghost of You|atk|2|[from] item: Weakness Policy\n|-boost|p1b: The Ghost of You|spa|2|[from] item: Weakness Policy\n|cant|p1b: The Ghost of You|flinch\n|cant|p1a: Ohio is for Lovers|flinch\n|\n|-weather|SunnyDay|[upkeep]\n|upkeep\n|turn|13\n|c|\u2606annoying oranje|lmfao\n|\n|t:|1696083214\n|move|p1b: The Ghost of You|Shadow Sneak|p2b: Lando Calrissian\n|-damage|p2b: Lando Calrissian|49\/100\n|-enditem|p2b: Lando Calrissian|Sitrus Berry|[eat]\n|-heal|p2b: Lando Calrissian|74\/100|[from] item: Sitrus Berry\n|move|p2b: Lando Calrissian|Rock Slide|p1a: Ohio is for Lovers|[spread] p1a,p1b\n|-supereffective|p1b: The Ghost of You\n|-damage|p1a: Ohio is for Lovers|0 fnt\n|-damage|p1b: The Ghost of You|0 fnt\n|faint|p1a: Ohio is for Lovers\n|faint|p1b: The Ghost of You\n|\n|win|annoying oranje\n","uploadtime":1696083228,"views":14,"p1id":"green133","p2id":"annoyingoranje","formatid":"gen9nationaldexdoubles","rating":0,"private":0,"password":""}