{"id":"gen9nationaldexdoubles-1972628793","p1":"Chinckylink","p2":"Rikard & Frida","format":"[Gen 9] National Dex Doubles","log":"|j|\u2606Chinckylink\n|j|\u2606Rikard & Frida\n|t:|1697866975\n|gametype|doubles\n|player|p1|Chinckylink|brycen|1000\n|player|p2|Rikard & Frida|youngcouple-gen4dp|1165\n|teamsize|p1|6\n|teamsize|p2|6\n|gen|9\n|tier|[Gen 9] National Dex Doubles\n|rated|\n|rule|HP Percentage Mod: HP is shown in percentages\n|rule|Endless Battle Clause: Forcing endless battles is banned\n|rule|OHKO Clause: OHKO moves are banned\n|rule|Evasion Moves Clause: Evasion moves are banned\n|rule|Evasion Abilities Clause: Evasion abilities are banned\n|rule|Species Clause: Limit one of each Pok\u00e9mon\n|rule|Gravity Sleep Clause: The combination of sleep-inducing moves with imperfect accuracy and Gravity or Gigantamax Orbeetle are banned\n|clearpoke\n|poke|p1|Baxcalibur, M|\n|poke|p1|Ninetales-Alola, M|\n|poke|p1|Kyurem|\n|poke|p1|Mamoswine, M|\n|poke|p1|Cloyster, M|\n|poke|p1|Avalugg-Hisui, F|\n|poke|p2|Raichu-Alola, F|\n|poke|p2|Unfezant, F|\n|poke|p2|Roserade, F|\n|poke|p2|Blaziken, F|\n|poke|p2|Samurott, F|\n|poke|p2|Garchomp, F|\n|teampreview\n|inactive|Battle timer is ON: inactive players will automatically lose when time's up. (requested by Rikard & Frida)\n|\n|t:|1697866984\n|start\n|switch|p1a: Ninetales|Ninetales-Alola, M|100\/100\n|switch|p1b: Kyurem|Kyurem|100\/100\n|switch|p2a: Raichu|Raichu-Alola, F|100\/100\n|switch|p2b: Blaziken|Blaziken, F|100\/100\n|-weather|Snow|[from] ability: Snow Warning|[of] p1a: Ninetales\n|-ability|p1b: Kyurem|Pressure\n|turn|1\n|\n|t:|1697866996\n|move|p2a: Raichu|Fake Out|p1a: Ninetales\n|-damage|p1a: Ninetales|92\/100\n|cant|p1a: Ninetales|flinch\n|move|p1b: Kyurem|Blizzard|p2a: Raichu|[spread] p2a,p2b\n|-resisted|p2b: Blaziken\n|-damage|p2a: Raichu|42\/100\n|-damage|p2b: Blaziken|66\/100\n|move|p2b: Blaziken|Swords Dance|p2b: Blaziken\n|-boost|p2b: Blaziken|atk|2\n|\n|-weather|Snow|[upkeep]\n|-ability|p2b: Blaziken|Speed Boost|boost\n|-boost|p2b: Blaziken|spe|1\n|upkeep\n|turn|2\n|\n|t:|1697867007\n|move|p2b: Blaziken|Flare Blitz|p1a: Ninetales\n|-supereffective|p1a: Ninetales\n|-damage|p1a: Ninetales|0 fnt\n|faint|p1a: Ninetales\n|-damage|p2b: Blaziken|37\/100|[from] Recoil\n|-zpower|p2a: Raichu\n|move|p2a: Raichu|Stoked Sparksurfer|p1b: Kyurem|[zeffect]\n|-resisted|p1b: Kyurem\n|-crit|p1b: Kyurem\n|-damage|p1b: Kyurem|39\/100\n|-status|p1b: Kyurem|par\n|cant|p1b: Kyurem|par\n|\n|-weather|Snow|[upkeep]\n|-ability|p2b: Blaziken|Speed Boost|boost\n|-boost|p2b: Blaziken|spe|1\n|upkeep\n|\n|t:|1697867013\n|switch|p1a: Cloyster|Cloyster, M|100\/100\n|turn|3\n|\n|t:|1697867027\n|move|p2b: Blaziken|Close Combat|p1b: Kyurem\n|-supereffective|p1b: Kyurem\n|-damage|p1b: Kyurem|0 fnt\n|-unboost|p2b: Blaziken|def|1\n|-unboost|p2b: Blaziken|spd|1\n|faint|p1b: Kyurem\n|move|p2a: Raichu|Thunderbolt|p1a: Cloyster\n|-supereffective|p1a: Cloyster\n|-enditem|p1a: Cloyster|Focus Sash\n|-damage|p1a: Cloyster|1\/100\n|move|p1a: Cloyster|Icicle Spear|p2b: Blaziken\n|-resisted|p2b: Blaziken\n|-damage|p2b: Blaziken|23\/100\n|-enditem|p2b: Blaziken|Liechi Berry|[eat]\n|-boost|p2b: Blaziken|atk|1|[from] item: Liechi Berry\n|-resisted|p2b: Blaziken\n|-damage|p2b: Blaziken|10\/100\n|-resisted|p2b: Blaziken\n|-damage|p2b: Blaziken|0 fnt\n|faint|p2b: Blaziken\n|-hitcount|p2: Blaziken|3\n|\n|-weather|Snow|[upkeep]\n|upkeep\n|\n|t:|1697867049\n|switch|p1b: Mamoswine|Mamoswine, M|100\/100\n|switch|p2b: Samurott|Samurott, F|100\/100\n|turn|4\n|\n|t:|1697867054\n|move|p1a: Cloyster|Ice Shard|p2a: Raichu\n|-crit|p2a: Raichu\n|-damage|p2a: Raichu|0 fnt\n|faint|p2a: Raichu\n|move|p1b: Mamoswine|Earthquake|p2b: Samurott|[spread] p1a,p2b\n|-damage|p1a: Cloyster|0 fnt\n|-damage|p2b: Samurott|53\/100\n|faint|p1a: Cloyster\n|move|p2b: Samurott|Scald|p1b: Mamoswine\n|-supereffective|p1b: Mamoswine\n|-damage|p1b: Mamoswine|0 fnt\n|faint|p1b: Mamoswine\n|-damage|p2b: Samurott|43\/100|[from] item: Life Orb\n|\n|-weather|Snow|[upkeep]\n|upkeep\n|\n|t:|1697867070\n|switch|p2a: Garchomp|Garchomp, F|100\/100\n|switch|p1b: Avalugg|Avalugg-Hisui, F|100\/100\n|switch|p1a: Baxcalibur|Baxcalibur, M|100\/100\n|turn|5\n|\n|t:|1697867086\n|detailschange|p2a: Garchomp|Garchomp-Mega, F\n|-mega|p2a: Garchomp|Garchomp|Garchompite\n|move|p2a: Garchomp|Iron Head|p1b: Avalugg\n|-supereffective|p1b: Avalugg\n|-damage|p1b: Avalugg|63\/100\n|move|p1a: Baxcalibur|Icicle Crash|p2a: Garchomp\n|-supereffective|p2a: Garchomp\n|-damage|p2a: Garchomp|0 fnt\n|faint|p2a: Garchomp\n|move|p2b: Samurott|Scald|p1a: Baxcalibur\n|-resisted|p1a: Baxcalibur\n|-damage|p1a: Baxcalibur|74\/100\n|-damage|p2b: Samurott|33\/100|[from] item: Life Orb\n|move|p1b: Avalugg|Body Press|p2b: Samurott\n|-damage|p2b: Samurott|0 fnt\n|faint|p2b: Samurott\n|\n|-weather|none\n|-heal|p1b: Avalugg|69\/100|[from] item: Leftovers\n|upkeep\n|\n|t:|1697867098\n|switch|p2a: Roserade|Roserade, F|100\/100\n|switch|p2b: Unfezant|Unfezant, F|100\/100\n|turn|6\n|\n|t:|1697867116\n|-terastallize|p2b: Unfezant|Flying\n|move|p2b: Unfezant|Brave Bird|p1a: Baxcalibur\n|-crit|p1a: Baxcalibur\n|-damage|p1a: Baxcalibur|0 fnt\n|faint|p1a: Baxcalibur\n|-damage|p2b: Unfezant|71\/100|[from] Recoil\n|move|p2a: Roserade|Giga Drain|p1b: Avalugg\n|-supereffective|p1b: Avalugg\n|-damage|p1b: Avalugg|0 fnt\n|faint|p1b: Avalugg\n|\n|win|Rikard & Frida\n|raw|Chinckylink's rating: 1000 &rarr; <strong>1000<\/strong><br \/>(+0 for losing)\n|raw|Rikard &amp; Frida's rating: 1165 &rarr; <strong>1179<\/strong><br \/>(+14 for winning)\n|l|\u2606Chinckylink\n","uploadtime":1697867126,"views":8,"p1id":"chinckylink","p2id":"rikardfrida","formatid":"gen9nationaldexdoubles","rating":1000,"private":0,"password":""}