{"id":"gen9nationaldexdoubles-1961568666","p1":"Suspicious Salt","p2":"CrazyQuilman157","format":"[Gen 9] National Dex Doubles","log":"|j|\u2606Suspicious Salt\n|j|\u2606CrazyQuilman157\n|t:|1696638780\n|gametype|doubles\n|player|p1|Suspicious Salt|1|1132\n|player|p2|CrazyQuilman157|scientist-gen4dp|1029\n|teamsize|p1|6\n|teamsize|p2|6\n|gen|9\n|tier|[Gen 9] National Dex Doubles\n|rated|\n|rule|HP Percentage Mod: HP is shown in percentages\n|rule|Endless Battle Clause: Forcing endless battles is banned\n|rule|OHKO Clause: OHKO moves are banned\n|rule|Evasion Moves Clause: Evasion moves are banned\n|rule|Evasion Abilities Clause: Evasion abilities are banned\n|rule|Species Clause: Limit one of each Pok\u00e9mon\n|rule|Gravity Sleep Clause: The combination of sleep-inducing moves with imperfect accuracy and Gravity or Gigantamax Orbeetle are banned\n|clearpoke\n|poke|p1|Galvantula, M|\n|poke|p1|Typhlosion-Hisui, F|\n|poke|p1|Jirachi|\n|poke|p1|Tsareena, F|\n|poke|p1|Clawitzer, F|\n|poke|p1|Gliscor, F|\n|poke|p2|Klefki, M|\n|poke|p2|Ursaluna, M|\n|poke|p2|Slowking-Galar, F|\n|poke|p2|Frosmoth, M|\n|poke|p2|Skeledirge, F|\n|poke|p2|Appletun, F|\n|teampreview\n|inactive|Battle timer is ON: inactive players will automatically lose when time's up. (requested by Suspicious Salt)\n|\n|t:|1696638786\n|start\n|switch|p1a: Galvantula|Galvantula, M|100\/100\n|switch|p1b: Typhlosion|Typhlosion-Hisui, F|100\/100\n|switch|p2a: The Jingler|Klefki, M|100\/100\n|switch|p2b: Big Redd|Ursaluna, M, shiny|100\/100\n|turn|1\n|\n|t:|1696638809\n|switch|p1b: Gliscor|Gliscor, F|100\/100\n|move|p1a: Galvantula|Thunder Wave|p2b: Big Redd\n|-immune|p2b: Big Redd\n|move|p2b: Big Redd|Belly Drum|p2b: Big Redd\n|-damage|p2b: Big Redd|51\/100\n|-setboost|p2b: Big Redd|atk|6|[from] move: Belly Drum\n|move|p2a: The Jingler|Trick Room|p2a: The Jingler\n|-fieldstart|move: Trick Room|[of] p2a: The Jingler\n|\n|-status|p2b: Big Redd|brn|[from] item: Flame Orb\n|-status|p1b: Gliscor|tox|[from] item: Toxic Orb\n|upkeep\n|turn|2\n|inactive|Suspicious Salt has 120 seconds left.\n|\n|t:|1696638840\n|move|p2a: The Jingler|Light Screen|p2a: The Jingler\n|-sidestart|p2: CrazyQuilman157|move: Light Screen\n|move|p2b: Big Redd|Play Rough|p1b: Gliscor\n|-damage|p1b: Gliscor|0 fnt\n|faint|p1b: Gliscor\n|move|p1a: Galvantula|Sticky Web|p2b: Big Redd\n|-sidestart|p2: CrazyQuilman157|move: Sticky Web\n|\n|-damage|p2b: Big Redd|45\/100 brn|[from] brn\n|upkeep\n|inactive|Suspicious Salt has 120 seconds left.\n|\n|t:|1696638850\n|switch|p1b: Clawitzer|Clawitzer, F|100\/100\n|turn|3\n|\n|t:|1696638863\n|switch|p2a: Gracie|Appletun, F|100\/100\n|-activate|p2a: Gracie|move: Sticky Web\n|-unboost|p2a: Gracie|spe|1\n|move|p2b: Big Redd|Drain Punch|p1b: Clawitzer\n|-damage|p1b: Clawitzer|0 fnt\n|-heal|p2b: Big Redd|79\/100 brn|[from] drain|[of] p1b: Clawitzer\n|faint|p1b: Clawitzer\n|move|p1a: Galvantula|Volt Switch|p2a: Gracie\n|-resisted|p2a: Gracie\n|-damage|p2a: Gracie|96\/100\n|\n|t:|1696638876\n|switch|p1a: Tsareena|Tsareena, F|100\/100|[from] Volt Switch\n|\n|-damage|p2b: Big Redd|73\/100 brn|[from] brn\n|upkeep\n|\n|t:|1696638884\n|switch|p1b: Jirachi|Jirachi|100\/100\n|turn|4\n|\n|t:|1696638897\n|move|p1b: Jirachi|Follow Me|p1b: Jirachi\n|-singleturn|p1b: Jirachi|move: Follow Me\n|move|p2a: Gracie|Dragon Pulse|p1b: Jirachi\n|-resisted|p1b: Jirachi\n|-damage|p1b: Jirachi|80\/100\n|move|p2b: Big Redd|Drain Punch|p1b: Jirachi\n|-damage|p1b: Jirachi|0 fnt\n|-heal|p2b: Big Redd|100\/100 brn|[from] drain|[of] p1b: Jirachi\n|faint|p1b: Jirachi\n|move|p1a: Tsareena|High Jump Kick|p2b: Big Redd\n|-supereffective|p2b: Big Redd\n|-damage|p2b: Big Redd|37\/100 brn\n|\n|-damage|p2b: Big Redd|31\/100 brn|[from] brn\n|upkeep\n|\n|t:|1696638918\n|switch|p1b: Typhlosion|Typhlosion-Hisui, F|100\/100\n|turn|5\n|\n|t:|1696638933\n|-terastallize|p2b: Big Redd|Fighting\n|-terastallize|p1b: Typhlosion|Grass\n|move|p2a: Gracie|Dragon Pulse|p1b: Typhlosion\n|-damage|p1b: Typhlosion|48\/100\n|-enditem|p1b: Typhlosion|Sitrus Berry|[eat]\n|-heal|p1b: Typhlosion|73\/100|[from] item: Sitrus Berry\n|move|p2b: Big Redd|Drain Punch|p1a: Tsareena\n|-damage|p1a: Tsareena|0 fnt\n|-heal|p2b: Big Redd|65\/100 brn|[from] drain|[of] p1a: Tsareena\n|faint|p1a: Tsareena\n|move|p1b: Typhlosion|Tera Blast|p2b: Big Redd|[anim] Tera Blast Grass\n|-damage|p2b: Big Redd|44\/100 brn\n|\n|-damage|p2b: Big Redd|38\/100 brn|[from] brn\n|-fieldend|move: Trick Room\n|upkeep\n|\n|t:|1696638951\n|switch|p1a: Galvantula|Galvantula, M|100\/100\n|turn|6\n|\n|t:|1696638965\n|move|p1b: Typhlosion|Infernal Parade|p2b: Big Redd\n|-damage|p2b: Big Redd|6\/100 brn\n|move|p1a: Galvantula|Thunder|p2b: Big Redd\n|-damage|p2b: Big Redd|0 fnt\n|faint|p2b: Big Redd\n|move|p2a: Gracie|Apple Acid|p1b: Typhlosion\n|-resisted|p1b: Typhlosion\n|-damage|p1b: Typhlosion|48\/100\n|-unboost|p1b: Typhlosion|spd|1\n|\n|-sideend|p2: CrazyQuilman157|move: Light Screen\n|upkeep\n|\n|t:|1696638976\n|switch|p2b: Annaisse|Skeledirge, F|100\/100\n|-activate|p2b: Annaisse|move: Sticky Web\n|-unboost|p2b: Annaisse|spe|1\n|turn|7\n|\n|t:|1696638991\n|move|p1b: Typhlosion|Infernal Parade|p2b: Annaisse\n|-supereffective|p2b: Annaisse\n|-damage|p2b: Annaisse|44\/100\n|move|p1a: Galvantula|Thunder Wave|p2b: Annaisse\n|-status|p2b: Annaisse|par\n|move|p2a: Gracie|Apple Acid|p1a: Galvantula\n|-resisted|p1a: Galvantula\n|-damage|p1a: Galvantula|72\/100\n|-unboost|p1a: Galvantula|spd|1\n|move|p2b: Annaisse|Torch Song|p1b: Typhlosion\n|-supereffective|p1b: Typhlosion\n|-crit|p1b: Typhlosion\n|-damage|p1b: Typhlosion|0 fnt\n|-boost|p2b: Annaisse|spa|1\n|faint|p1b: Typhlosion\n|\n|upkeep\n|turn|8\n|-message|Suspicious Salt forfeited.\n|\n|win|CrazyQuilman157\n|raw|Suspicious Salt's rating: 1132 &rarr; <strong>1100<\/strong><br \/>(-32 for losing)\n|raw|CrazyQuilman157's rating: 1029 &rarr; <strong>1075<\/strong><br \/>(+46 for winning)\n|l|\u2606Suspicious Salt\n","uploadtime":1696639013,"views":7,"p1id":"suspicioussalt","p2id":"crazyquilman157","formatid":"gen9nationaldexdoubles","rating":1075,"private":0,"password":""}