{"id":"gen9nationaldexdoubles-1959757640","p1":"Phill110","p2":"AOokie","format":"[Gen 9] National Dex Doubles","log":"|j|\u2606Phill110\n|j|\u2606AOokie\n|t:|1696452739\n|gametype|doubles\n|player|p1|Phill110|veteran|\n|player|p2|AOokie|dawn|\n|teamsize|p1|6\n|teamsize|p2|6\n|gen|9\n|tier|[Gen 9] National Dex Doubles\n|rule|HP Percentage Mod: HP is shown in percentages\n|rule|Endless Battle Clause: Forcing endless battles is banned\n|rule|OHKO Clause: OHKO moves are banned\n|rule|Evasion Moves Clause: Evasion moves are banned\n|rule|Evasion Abilities Clause: Evasion abilities are banned\n|rule|Species Clause: Limit one of each Pok\u00e9mon\n|rule|Gravity Sleep Clause: The combination of sleep-inducing moves with imperfect accuracy and Gravity or Gigantamax Orbeetle are banned\n|clearpoke\n|poke|p1|Chandelure, M|\n|poke|p1|Mimikyu, M|\n|poke|p1|Hatterene, F|\n|poke|p1|Grimmsnarl, M|\n|poke|p1|Flutter Mane|\n|poke|p1|Gholdengo|\n|poke|p2|Tyranitar, M|\n|poke|p2|Lycanroc-Midnight, F|\n|poke|p2|Zoroark-Hisui, F|\n|poke|p2|Houndstone, M|\n|poke|p2|Delphox, F|\n|poke|p2|Mabosstiff, F|\n|teampreview\n|\n|t:|1696452937\n|start\n|switch|p1a: Grimmsnarl|Grimmsnarl, M|100\/100\n|switch|p1b: Flutter Mane|Flutter Mane|100\/100\n|switch|p2a: Honorary Dog|Tyranitar, M|100\/100\n|switch|p2b: Gertrude|Mabosstiff, F, shiny|100\/100\n|-weather|Sandstorm|[from] ability: Sand Stream|[of] p2a: Honorary Dog\n|turn|1\n|\n|t:|1696452970\n|-terastallize|p1b: Flutter Mane|Fairy\n|move|p1a: Grimmsnarl|Fake Out|p2a: Honorary Dog\n|-resisted|p2a: Honorary Dog\n|-damage|p2a: Honorary Dog|94\/100\n|move|p1b: Flutter Mane|Moonblast|p2b: Gertrude\n|-damage|p2b: Gertrude|0 fnt\n|replace|p2b: Chihuahua|Zoroark-Hisui, F\n|-end|p2b: Chihuahua|Illusion\n|faint|p2b: Chihuahua\n|cant|p2a: Honorary Dog|flinch\n|\n|-weather|Sandstorm|[upkeep]\n|-damage|p1b: Flutter Mane|95\/100|[from] Sandstorm\n|-damage|p1a: Grimmsnarl|94\/100|[from] Sandstorm\n|-heal|p1a: Grimmsnarl|100\/100|[from] item: Leftovers\n|upkeep\n|\n|t:|1696452994\n|switch|p2b: Wolf|Lycanroc-Midnight, F, shiny|100\/100\n|turn|2\n|\n|t:|1696453026\n|switch|p1a: Gholdengo|Gholdengo|100\/100\n|move|p1b: Flutter Mane|Protect|p1b: Flutter Mane\n|-singleturn|p1b: Flutter Mane|Protect\n|move|p2b: Wolf|Rock Slide|p1a: Gholdengo|[spread] p1a\n|-activate|p1b: Flutter Mane|move: Protect\n|-resisted|p1a: Gholdengo\n|-damage|p1a: Gholdengo|85\/100\n|move|p2a: Honorary Dog|Stealth Rock|p1b: Flutter Mane\n|-sidestart|p1: Phill110|move: Stealth Rock\n|\n|-weather|Sandstorm|[upkeep]\n|-damage|p1b: Flutter Mane|89\/100|[from] Sandstorm\n|upkeep\n|turn|3\n|\n|t:|1696453053\n|move|p2b: Wolf|Protect|p2b: Wolf\n|-singleturn|p2b: Wolf|Protect\n|move|p1b: Flutter Mane|Moonblast|p2a: Honorary Dog\n|-supereffective|p2a: Honorary Dog\n|-damage|p2a: Honorary Dog|15\/100\n|move|p1a: Gholdengo|Make It Rain|p2b: Wolf|[spread] p2a\n|-activate|p2b: Wolf|move: Protect\n|-supereffective|p2a: Honorary Dog\n|-damage|p2a: Honorary Dog|0 fnt\n|-unboost|p1a: Gholdengo|spa|1\n|faint|p2a: Honorary Dog\n|\n|-weather|Sandstorm|[upkeep]\n|-damage|p1b: Flutter Mane|83\/100|[from] Sandstorm\n|upkeep\n|\n|t:|1696453072\n|switch|p2a: Furcon attendee|Delphox, F|100\/100\n|turn|4\n|\n|t:|1696453105\n|move|p1b: Flutter Mane|Protect|p1b: Flutter Mane\n|-singleturn|p1b: Flutter Mane|Protect\n|move|p2a: Furcon attendee|Dazzling Gleam|p1a: Gholdengo|[spread] p1a\n|-activate|p1b: Flutter Mane|move: Protect\n|-resisted|p1a: Gholdengo\n|-damage|p1a: Gholdengo|75\/100\n|-item|p2a: Furcon attendee|Pixie Plate|[from] ability: Magician|[of] p1b: Flutter Mane\n|move|p2b: Wolf|Rock Slide|p1b: Flutter Mane|[spread] p1a\n|-activate|p1b: Flutter Mane|move: Protect\n|-resisted|p1a: Gholdengo\n|-damage|p1a: Gholdengo|60\/100\n|cant|p1a: Gholdengo|flinch\n|\n|-weather|Sandstorm|[upkeep]\n|-damage|p1b: Flutter Mane|77\/100|[from] Sandstorm\n|-damage|p2a: Furcon attendee|94\/100|[from] Sandstorm\n|upkeep\n|turn|5\n|\n|t:|1696453140\n|move|p1b: Flutter Mane|Protect||[still]\n|-fail|p1b: Flutter Mane\n|move|p2a: Furcon attendee|Dazzling Gleam|p1b: Flutter Mane|[spread] p1a,p1b\n|-resisted|p1a: Gholdengo\n|-damage|p1a: Gholdengo|48\/100\n|-damage|p1b: Flutter Mane|54\/100\n|move|p2b: Wolf|Iron Head|p1b: Flutter Mane\n|-supereffective|p1b: Flutter Mane\n|-damage|p1b: Flutter Mane|0 fnt\n|faint|p1b: Flutter Mane\n|-end|p1b: Flutter Mane|Protosynthesis|[silent]\n|move|p1a: Gholdengo|Nasty Plot|p1a: Gholdengo\n|-boost|p1a: Gholdengo|spa|2\n|\n|-weather|Sandstorm|[upkeep]\n|-damage|p2a: Furcon attendee|88\/100|[from] Sandstorm\n|upkeep\n|\n|t:|1696453175\n|switch|p1b: Grimmsnarl|Grimmsnarl, M|100\/100\n|-damage|p1b: Grimmsnarl|88\/100|[from] Stealth Rock\n|turn|6\n|\n|t:|1696453194\n|move|p1b: Grimmsnarl|Fake Out|p2b: Wolf\n|-resisted|p2b: Wolf\n|-damage|p2b: Wolf|91\/100\n|move|p2a: Furcon attendee|Foul Play|p1a: Gholdengo\n|-supereffective|p1a: Gholdengo\n|-damage|p1a: Gholdengo|24\/100\n|cant|p2b: Wolf|flinch\n|move|p1a: Gholdengo|Shadow Ball|p2a: Furcon attendee\n|-supereffective|p2a: Furcon attendee\n|-damage|p2a: Furcon attendee|0 fnt\n|faint|p2a: Furcon attendee\n|\n|-weather|Sandstorm|[upkeep]\n|-damage|p1b: Grimmsnarl|82\/100|[from] Sandstorm\n|-heal|p1b: Grimmsnarl|88\/100|[from] item: Leftovers\n|upkeep\n|\n|t:|1696453211\n|switch|p2a: Goodest boy|Houndstone, M|100\/100\n|turn|7\n|\n|t:|1696453245\n|-terastallize|p2a: Goodest boy|Fairy\n|move|p2a: Goodest boy|Crunch|p1a: Gholdengo\n|-supereffective|p1a: Gholdengo\n|-damage|p1a: Gholdengo|0 fnt\n|faint|p1a: Gholdengo\n|move|p2b: Wolf|Iron Head|p1b: Grimmsnarl\n|-supereffective|p1b: Grimmsnarl\n|-damage|p1b: Grimmsnarl|19\/100\n|cant|p1b: Grimmsnarl|flinch\n|\n|-weather|Sandstorm|[upkeep]\n|-damage|p1b: Grimmsnarl|13\/100|[from] Sandstorm\n|-heal|p1b: Grimmsnarl|19\/100|[from] item: Leftovers\n|upkeep\n|\n|t:|1696453262\n|switch|p1a: Chandelure|Chandelure, M|100\/100\n|-damage|p1a: Chandelure|76\/100|[from] Stealth Rock\n|turn|8\n|\n|t:|1696453284\n|move|p2a: Goodest boy|Last Respects|p1a: Chandelure\n|-supereffective|p1a: Chandelure\n|-damage|p1a: Chandelure|0 fnt\n|faint|p1a: Chandelure\n|move|p2b: Wolf|Rock Slide|p1b: Grimmsnarl\n|-damage|p1b: Grimmsnarl|0 fnt\n|faint|p1b: Grimmsnarl\n|\n|-weather|none\n|upkeep\n|\n|t:|1696453293\n|switch|p1a: Hatterene|Hatterene, F|100\/100\n|switch|p1b: Mimikyu|Mimikyu, M|100\/100\n|-damage|p1b: Mimikyu|88\/100|[from] Stealth Rock\n|-damage|p1a: Hatterene|88\/100|[from] Stealth Rock\n|turn|9\n|\n|t:|1696453325\n|move|p1b: Mimikyu|Shadow Claw|p2a: Goodest boy\n|-damage|p2a: Goodest boy|64\/100\n|move|p2b: Wolf|Rock Slide|p1b: Mimikyu|[spread] p1a,p1b\n|-damage|p1a: Hatterene|52\/100\n|-activate|p1b: Mimikyu|ability: Disguise\n|-damage|p1b: Mimikyu|88\/100\n|detailschange|p1b: Mimikyu|Mimikyu-Busted, M\n|-damage|p1b: Mimikyu|76\/100|[from] pokemon: Mimikyu-Busted\n|move|p2a: Goodest boy|Last Respects|p1b: Mimikyu\n|-supereffective|p1b: Mimikyu\n|-damage|p1b: Mimikyu|0 fnt\n|faint|p1b: Mimikyu\n|move|p1a: Hatterene|Dazzling Gleam|p2b: Wolf|[spread] p2a,p2b\n|-damage|p2a: Goodest boy|31\/100\n|-damage|p2b: Wolf|34\/100\n|\n|upkeep\n|turn|10\n|\n|t:|1696453381\n|move|p2b: Wolf|Iron Head|p1a: Hatterene\n|-supereffective|p1a: Hatterene\n|-damage|p1a: Hatterene|0 fnt\n|faint|p1a: Hatterene\n|\n|win|AOokie\n","uploadtime":1696453389,"views":13,"p1id":"phill110","p2id":"aookie","formatid":"gen9nationaldexdoubles","rating":0,"private":0,"password":""}