{"id":"gen9nationaldexdoubles-1996701737","p1":"El Ryuk456","p2":"BugCatcherCal","format":"[Gen 9] National Dex Doubles","log":"|j|\u2606El Ryuk456\n|j|\u2606BugCatcherCal\n|t:|1700711663\n|gametype|doubles\n|player|p1|El Ryuk456|ingo|1313\n|player|p2|BugCatcherCal|bugcatcher-gen4dp|1344\n|teamsize|p1|6\n|teamsize|p2|6\n|gen|9\n|tier|[Gen 9] National Dex Doubles\n|rated|\n|rule|HP Percentage Mod: HP is shown in percentages\n|rule|Endless Battle Clause: Forcing endless battles is banned\n|rule|OHKO Clause: OHKO moves are banned\n|rule|Evasion Moves Clause: Evasion moves are banned\n|rule|Evasion Abilities Clause: Evasion abilities are banned\n|rule|Species Clause: Limit one of each Pok\u00e9mon\n|rule|Gravity Sleep Clause: The combination of sleep-inducing moves with imperfect accuracy and Gravity or Gigantamax Orbeetle are banned\n|clearpoke\n|poke|p1|Lucario, M|\n|poke|p1|Ogerpon, F|\n|poke|p1|Tapu Lele|\n|poke|p1|Crobat, F|\n|poke|p1|Tinkaton, F|\n|poke|p1|Luxray, M|\n|poke|p2|Lopunny, M|\n|poke|p2|Aegislash, M|\n|poke|p2|Cresselia, F|\n|poke|p2|Ursaluna, M|\n|poke|p2|Tornadus, M|\n|poke|p2|Flutter Mane|\n|teampreview\n|\n|t:|1700711676\n|start\n|switch|p1a: Crobat|Crobat, F, shiny|100\/100\n|switch|p1b: Luxray|Luxray, M|100\/100\n|switch|p2a: Lopunny|Lopunny, M|100\/100\n|switch|p2b: Aegislash|Aegislash, M|100\/100\n|-ability|p1b: Luxray|Intimidate|boost\n|-unboost|p2a: Lopunny|atk|1\n|-unboost|p2b: Aegislash|atk|1\n|turn|1\n|\n|t:|1700711692\n|switch|p1a: Tapu Lele|Tapu Lele, shiny|100\/100\n|-fieldstart|move: Psychic Terrain|[from] ability: Psychic Surge|[of] p1a: Tapu Lele\n|detailschange|p2a: Lopunny|Lopunny-Mega, M\n|-mega|p2a: Lopunny|Lopunny|Lopunnite\n|move|p2a: Lopunny|Fake Out|p1a: Tapu Lele\n|-activate|p1a: Tapu Lele|move: Psychic Terrain\n|move|p1b: Luxray|Volt Switch|p2a: Lopunny\n|-damage|p2a: Lopunny|68\/100\n|\n|t:|1700711705\n|switch|p1b: Ogerpon|Ogerpon, F|100\/100|[from] Volt Switch\n|-formechange|p2b: Aegislash|Aegislash-Blade||[from] ability: Stance Change\n|move|p2b: Aegislash|Shadow Ball|p1b: Ogerpon\n|-damage|p1b: Ogerpon|68\/100\n|\n|upkeep\n|turn|2\n|\n|t:|1700711718\n|-formechange|p2b: Aegislash|Aegislash||[from] ability: Stance Change\n|move|p2b: Aegislash|King's Shield|p2b: Aegislash\n|-singleturn|p2b: Aegislash|Protect\n|move|p1b: Ogerpon|Follow Me|p1b: Ogerpon\n|-singleturn|p1b: Ogerpon|move: Follow Me\n|move|p2a: Lopunny|U-turn|p1b: Ogerpon\n|-supereffective|p1b: Ogerpon\n|-damage|p1b: Ogerpon|43\/100\n|-enditem|p1b: Ogerpon|Sitrus Berry|[eat]\n|-heal|p1b: Ogerpon|68\/100|[from] item: Sitrus Berry\n|\n|t:|1700711729\n|switch|p2a: Tornadus|Tornadus, M|100\/100|[from] U-turn\n|move|p1a: Tapu Lele|Moonblast|p2a: Tornadus\n|-damage|p2a: Tornadus|33\/100\n|\n|upkeep\n|turn|3\n|\n|t:|1700711742\n|move|p1b: Ogerpon|Follow Me|p1b: Ogerpon\n|-singleturn|p1b: Ogerpon|move: Follow Me\n|move|p2a: Tornadus|Tailwind|p2a: Tornadus\n|-sidestart|p2: BugCatcherCal|move: Tailwind\n|-formechange|p2b: Aegislash|Aegislash-Blade||[from] ability: Stance Change\n|move|p2b: Aegislash|Shadow Ball|p1b: Ogerpon\n|-damage|p1b: Ogerpon|36\/100\n|move|p1a: Tapu Lele|Moonblast|p2a: Tornadus\n|-damage|p2a: Tornadus|0 fnt\n|faint|p2a: Tornadus\n|\n|upkeep\n|inactive|Battle timer is ON: inactive players will automatically lose when time's up. (requested by El Ryuk456)\n|\n|t:|1700711767\n|switch|p2a: Lopunny|Lopunny-Mega, M|68\/100\n|turn|4\n|\n|t:|1700711777\n|-formechange|p2b: Aegislash|Aegislash||[from] ability: Stance Change\n|move|p2b: Aegislash|King's Shield|p2b: Aegislash\n|-singleturn|p2b: Aegislash|Protect\n|move|p1b: Ogerpon|Follow Me|p1b: Ogerpon\n|-singleturn|p1b: Ogerpon|move: Follow Me\n|move|p2a: Lopunny|Return|p1b: Ogerpon\n|-crit|p1b: Ogerpon\n|-damage|p1b: Ogerpon|0 fnt\n|faint|p1b: Ogerpon\n|move|p1a: Tapu Lele|Moonblast|p2a: Lopunny\n|-supereffective|p2a: Lopunny\n|-damage|p2a: Lopunny|0 fnt\n|faint|p2a: Lopunny\n|\n|upkeep\n|\n|t:|1700711798\n|switch|p2a: Flutter Mane|Flutter Mane|100\/100\n|switch|p1b: Luxray|Luxray, M|100\/100\n|-ability|p1b: Luxray|Intimidate|boost\n|-unboost|p2a: Flutter Mane|atk|1\n|-unboost|p2b: Aegislash|atk|1\n|turn|5\n|\n|t:|1700711806\n|move|p1a: Tapu Lele|Protect|p1a: Tapu Lele\n|-singleturn|p1a: Tapu Lele|Protect\n|move|p2a: Flutter Mane|Moonblast|p1b: Luxray\n|-damage|p1b: Luxray|54\/100\n|-unboost|p1b: Luxray|spa|1\n|-formechange|p2b: Aegislash|Aegislash-Blade||[from] ability: Stance Change\n|move|p2b: Aegislash|Shadow Ball|p1a: Tapu Lele\n|-activate|p1a: Tapu Lele|move: Protect\n|move|p1b: Luxray|Snarl|p2b: Aegislash|[spread] p2b\n|-miss|p1b: Luxray|p2a: Flutter Mane\n|-supereffective|p2b: Aegislash\n|-damage|p2b: Aegislash|86\/100\n|-unboost|p2b: Aegislash|spa|1\n|-enditem|p2b: Aegislash|Weakness Policy\n|-boost|p2b: Aegislash|atk|2|[from] item: Weakness Policy\n|-boost|p2b: Aegislash|spa|2|[from] item: Weakness Policy\n|\n|-fieldend|move: Psychic Terrain\n|upkeep\n|turn|6\n|\n|t:|1700711828\n|switch|p1a: Tinkaton|Tinkaton, F|100\/100\n|-ability|p1a: Tinkaton|Mold Breaker\n|move|p2a: Flutter Mane|Moonblast|p1b: Luxray\n|-damage|p1b: Luxray|5\/100\n|-enditem|p1b: Luxray|Mago Berry|[eat]\n|-heal|p1b: Luxray|38\/100|[from] item: Mago Berry\n|move|p2b: Aegislash|Shadow Ball|p1a: Tinkaton\n|-damage|p1a: Tinkaton|67\/100\n|move|p1b: Luxray|Snarl|p2a: Flutter Mane|[spread] p2a,p2b\n|-crit|p2a: Flutter Mane\n|-supereffective|p2b: Aegislash\n|-damage|p2a: Flutter Mane|85\/100\n|-damage|p2b: Aegislash|73\/100\n|-unboost|p2a: Flutter Mane|spa|1\n|-unboost|p2b: Aegislash|spa|1\n|\n|-sideend|p2: BugCatcherCal|move: Tailwind\n|upkeep\n|turn|7\n|\n|t:|1700711846\n|-formechange|p2b: Aegislash|Aegislash||[from] ability: Stance Change\n|move|p2b: Aegislash|King's Shield|p2b: Aegislash\n|-singleturn|p2b: Aegislash|Protect\n|move|p2a: Flutter Mane|Moonblast|p1b: Luxray\n|-damage|p1b: Luxray|10\/100\n|move|p1a: Tinkaton|Knock Off|p2a: Flutter Mane\n|-damage|p2a: Flutter Mane|44\/100\n|-enditem|p2a: Flutter Mane|Focus Sash|[from] move: Knock Off|[of] p1a: Tinkaton\n|move|p1b: Luxray|Snarl|p2b: Aegislash|[spread] p2a\n|-activate|p2b: Aegislash|move: Protect\n|-damage|p2a: Flutter Mane|37\/100\n|-unboost|p2a: Flutter Mane|spa|1\n|\n|upkeep\n|turn|8\n|\n|t:|1700711871\n|switch|p1b: Crobat|Crobat, F, shiny|100\/100\n|move|p2a: Flutter Mane|Moonblast|p1b: Crobat\n|-resisted|p1b: Crobat\n|-damage|p1b: Crobat|86\/100\n|-unboost|p1b: Crobat|spa|1\n|move|p1a: Tinkaton|Gigaton Hammer|p2a: Flutter Mane\n|-supereffective|p2a: Flutter Mane\n|-damage|p2a: Flutter Mane|0 fnt\n|faint|p2a: Flutter Mane\n|-end|p2a: Flutter Mane|Protosynthesis|[silent]\n|-formechange|p2b: Aegislash|Aegislash-Blade||[from] ability: Stance Change\n|move|p2b: Aegislash|Flash Cannon|p1a: Tinkaton\n|-damage|p1a: Tinkaton|45\/100\n|\n|upkeep\n|inactive|BugCatcherCal has 120 seconds left.\n|\n|t:|1700711888\n|switch|p2a: Ursaluna|Ursaluna, M|100\/100\n|turn|9\n|\n|t:|1700711899\n|-formechange|p2b: Aegislash|Aegislash||[from] ability: Stance Change\n|move|p2b: Aegislash|King's Shield|p2b: Aegislash\n|-singleturn|p2b: Aegislash|Protect\n|move|p1b: Crobat|Brave Bird|p2a: Ursaluna\n|-damage|p2a: Ursaluna|71\/100\n|-damage|p1b: Crobat|74\/100|[from] Recoil\n|move|p1a: Tinkaton|Knock Off|p2a: Ursaluna\n|-damage|p2a: Ursaluna|60\/100\n|-enditem|p2a: Ursaluna|Flame Orb|[from] move: Knock Off|[of] p1a: Tinkaton\n|move|p2a: Ursaluna|Earthquake|p1b: Crobat|[spread] p1a\n|-activate|p2b: Aegislash|move: Protect\n|-immune|p1b: Crobat\n|-supereffective|p1a: Tinkaton\n|-damage|p1a: Tinkaton|0 fnt\n|faint|p1a: Tinkaton\n|\n|upkeep\n|\n|t:|1700711914\n|switch|p1a: Luxray|Luxray, M|10\/100\n|-ability|p1a: Luxray|Intimidate|boost\n|-unboost|p2a: Ursaluna|atk|1\n|-unboost|p2b: Aegislash|atk|1\n|turn|10\n|\n|t:|1700711928\n|switch|p2a: Cresselia|Cresselia, F|100\/100\n|move|p1b: Crobat|Brave Bird|p2a: Cresselia\n|-damage|p2a: Cresselia|75\/100\n|-damage|p1b: Crobat|63\/100|[from] Recoil\n|move|p1a: Luxray|Snarl|p2a: Cresselia|[spread] p2a,p2b\n|-supereffective|p2a: Cresselia\n|-supereffective|p2b: Aegislash\n|-damage|p2a: Cresselia|63\/100\n|-damage|p2b: Aegislash|61\/100\n|-unboost|p2a: Cresselia|spa|1\n|-unboost|p2b: Aegislash|spa|1\n|-formechange|p2b: Aegislash|Aegislash-Blade||[from] ability: Stance Change\n|move|p2b: Aegislash|Shadow Ball|p1a: Luxray\n|-damage|p1a: Luxray|0 fnt\n|faint|p1a: Luxray\n|\n|upkeep\n|\n|t:|1700711937\n|switch|p1a: Tapu Lele|Tapu Lele, shiny|100\/100\n|-fieldstart|move: Psychic Terrain|[from] ability: Psychic Surge|[of] p1a: Tapu Lele\n|turn|11\n|\n|t:|1700711946\n|move|p1b: Crobat|Brave Bird|p2a: Cresselia\n|-damage|p2a: Cresselia|37\/100\n|-damage|p1b: Crobat|53\/100|[from] Recoil\n|move|p1a: Tapu Lele|Taunt|p2a: Cresselia\n|-start|p2a: Cresselia|move: Taunt\n|move|p2b: Aegislash|Shadow Ball|p1a: Tapu Lele\n|-supereffective|p1a: Tapu Lele\n|-damage|p1a: Tapu Lele|51\/100\n|cant|p2a: Cresselia|move: Taunt|Trick Room\n|\n|upkeep\n|turn|12\n|\n|t:|1700711971\n|move|p1b: Crobat|Brave Bird|p2a: Cresselia\n|-damage|p2a: Cresselia|9\/100\n|-damage|p1b: Crobat|42\/100|[from] Recoil\n|-zpower|p1a: Tapu Lele\n|move|p1a: Tapu Lele|Shattered Psyche|p2a: Cresselia|[zeffect]\n|-resisted|p2a: Cresselia\n|-damage|p2a: Cresselia|0 fnt\n|faint|p2a: Cresselia\n|move|p2b: Aegislash|Shadow Ball|p1a: Tapu Lele\n|-supereffective|p1a: Tapu Lele\n|-damage|p1a: Tapu Lele|4\/100\n|\n|upkeep\n|inactive|BugCatcherCal has 120 seconds left.\n|\n|t:|1700711982\n|switch|p2a: Ursaluna|Ursaluna, M|60\/100\n|turn|13\n|\n|t:|1700711993\n|move|p1a: Tapu Lele|Protect|p1a: Tapu Lele\n|-singleturn|p1a: Tapu Lele|Protect\n|-formechange|p2b: Aegislash|Aegislash||[from] ability: Stance Change\n|move|p2b: Aegislash|King's Shield|p2b: Aegislash\n|-singleturn|p2b: Aegislash|Protect\n|move|p1b: Crobat|Brave Bird|p2a: Ursaluna\n|-damage|p2a: Ursaluna|33\/100\n|-damage|p1b: Crobat|31\/100|[from] Recoil\n|move|p2a: Ursaluna|Facade|p1b: Crobat\n|-damage|p1b: Crobat|0 fnt\n|faint|p1b: Crobat\n|\n|upkeep\n|\n|t:|1700712003\n|switch|p1b: Lucario|Lucario, M|100\/100\n|turn|14\n|\n|t:|1700712015\n|detailschange|p1b: Lucario|Lucario-Mega, M\n|-mega|p1b: Lucario|Lucario|Lucarionite\n|move|p2a: Ursaluna|Protect|p2a: Ursaluna\n|-singleturn|p2a: Ursaluna|Protect\n|move|p1b: Lucario|Flash Cannon|p2b: Aegislash\n|-resisted|p2b: Aegislash\n|-crit|p2b: Aegislash\n|-damage|p2b: Aegislash|38\/100\n|move|p1a: Tapu Lele|Psychic|p2a: Ursaluna\n|-activate|p2a: Ursaluna|move: Protect\n|-formechange|p2b: Aegislash|Aegislash-Blade||[from] ability: Stance Change\n|move|p2b: Aegislash|Rock Slide|p1b: Lucario|[spread] p1b\n|-miss|p2b: Aegislash|p1a: Tapu Lele\n|-resisted|p1b: Lucario\n|-damage|p1b: Lucario|97\/100\n|\n|upkeep\n|turn|15\n|\n|t:|1700712035\n|move|p1b: Lucario|Flash Cannon|p2b: Aegislash\n|-resisted|p2b: Aegislash\n|-damage|p2b: Aegislash|7\/100\n|move|p1a: Tapu Lele|Psychic|p2a: Ursaluna\n|-crit|p2a: Ursaluna\n|-damage|p2a: Ursaluna|0 fnt\n|faint|p2a: Ursaluna\n|move|p2b: Aegislash|Rock Slide|p1a: Tapu Lele|[spread] p1b\n|-miss|p2b: Aegislash|p1a: Tapu Lele\n|-resisted|p1b: Lucario\n|-damage|p1b: Lucario|94\/100\n|\n|-fieldend|move: Psychic Terrain\n|upkeep\n|turn|16\n|-message|BugCatcherCal forfeited.\n|\n|win|El Ryuk456\n|raw|El Ryuk456's rating: 1313 &rarr; <strong>1335<\/strong><br \/>(+22 for winning)\n|raw|BugCatcherCal's rating: 1344 &rarr; <strong>1322<\/strong><br \/>(-22 for losing)\n|l|\u2606BugCatcherCal\n","uploadtime":1700712050,"views":2,"p1id":"elryuk456","p2id":"bugcatchercal","formatid":"gen9nationaldexdoubles","rating":1322,"private":0,"password":""}