{"id":"gen9nationaldexdoubles-1999222410","p1":"Sorry LOSER HAHA","p2":"wideguardluver","format":"[Gen 9] National Dex Doubles","log":"|j|\u2606Sorry LOSER HAHA\n|j|\u2606wideguardluver\n|t:|1701047339\n|gametype|doubles\n|player|p1|Sorry LOSER HAHA|camper|1000\n|player|p2|wideguardluver|argenta|1085\n|teamsize|p1|6\n|teamsize|p2|6\n|gen|9\n|tier|[Gen 9] National Dex Doubles\n|rated|\n|rule|HP Percentage Mod: HP is shown in percentages\n|rule|Endless Battle Clause: Forcing endless battles is banned\n|rule|OHKO Clause: OHKO moves are banned\n|rule|Evasion Moves Clause: Evasion moves are banned\n|rule|Evasion Abilities Clause: Evasion abilities are banned\n|rule|Species Clause: Limit one of each Pok\u00e9mon\n|rule|Gravity Sleep Clause: The combination of sleep-inducing moves with imperfect accuracy and Gravity or Gigantamax Orbeetle are banned\n|clearpoke\n|poke|p1|Blastoise, M|\n|poke|p1|Clefable, F|\n|poke|p1|Indeedee-F, F|\n|poke|p1|Mr. Mime, F|\n|poke|p1|Glastrier|\n|poke|p1|Oranguru, M|\n|poke|p2|Hatterene, F|\n|poke|p2|Maushold-Four|\n|poke|p2|Goodra-Hisui, F|\n|poke|p2|Glastrier|\n|poke|p2|Wo-Chien|\n|poke|p2|Clefable, M|\n|teampreview\n|\n|t:|1701047378\n|start\n|switch|p1a: Glastrier|Glastrier|100\/100\n|switch|p1b: Blastoise|Blastoise, M|100\/100\n|switch|p2a: Hatterene|Hatterene, F|100\/100\n|switch|p2b: Clefable|Clefable, M|100\/100\n|turn|1\n|\n|t:|1701047388\n|move|p1b: Blastoise|Scald|p2a: Hatterene\n|-damage|p2a: Hatterene|80\/100\n|move|p2b: Clefable|Cosmic Power|p2b: Clefable\n|-boost|p2b: Clefable|def|1\n|-boost|p2b: Clefable|spd|1\n|move|p2a: Hatterene|Dazzling Gleam|p1b: Blastoise|[spread] p1a,p1b\n|-damage|p1a: Glastrier|78\/100\n|-damage|p1b: Blastoise|77\/100\n|move|p1a: Glastrier|Smart Strike|p2a: Hatterene\n|-supereffective|p2a: Hatterene\n|-damage|p2a: Hatterene|27\/100\n|\n|-heal|p2a: Hatterene|33\/100|[from] item: Leftovers\n|upkeep\n|turn|2\n|\n|t:|1701047430\n|move|p2b: Clefable|Cosmic Power|p2b: Clefable\n|-boost|p2b: Clefable|def|1\n|-boost|p2b: Clefable|spd|1\n|move|p2a: Hatterene|Dazzling Gleam|p1a: Glastrier|[spread] p1a,p1b\n|-damage|p1a: Glastrier|56\/100\n|-damage|p1b: Blastoise|52\/100\n|move|p1a: Glastrier|Smart Strike|p2a: Hatterene\n|-supereffective|p2a: Hatterene\n|-damage|p2a: Hatterene|0 fnt\n|faint|p2a: Hatterene\n|-ability|p1a: Glastrier|Chilling Neigh|boost\n|-boost|p1a: Glastrier|atk|1\n|move|p1b: Blastoise|Roar|p2b: Clefable\n|drag|p2b: Glastrier|Glastrier|100\/100\n|\n|upkeep\n|\n|t:|1701047444\n|switch|p2a: Maushold|Maushold-Four|100\/100\n|turn|3\n|\n|t:|1701047528\n|-terastallize|p1a: Glastrier|Ice\n|move|p1b: Blastoise|Follow Me|p1b: Blastoise\n|-singleturn|p1b: Blastoise|move: Follow Me\n|move|p2a: Maushold|Population Bomb|p1b: Blastoise\n|-damage|p1b: Blastoise|46\/100\n|-damage|p1b: Blastoise|41\/100\n|-crit|p1b: Blastoise\n|-damage|p1b: Blastoise|32\/100\n|-damage|p1b: Blastoise|27\/100\n|-damage|p1b: Blastoise|21\/100\n|-enditem|p1b: Blastoise|Iapapa Berry|[eat]\n|-heal|p1b: Blastoise|54\/100|[from] item: Iapapa Berry\n|-damage|p1b: Blastoise|49\/100\n|-damage|p1b: Blastoise|44\/100\n|-damage|p1b: Blastoise|38\/100\n|-damage|p1b: Blastoise|33\/100\n|-damage|p1b: Blastoise|27\/100\n|-hitcount|p1b: Blastoise|10\n|move|p2b: Glastrier|Smart Strike|p1b: Blastoise\n|-resisted|p1b: Blastoise\n|-damage|p1b: Blastoise|17\/100\n|move|p1a: Glastrier|Icicle Spear|p2a: Maushold\n|-damage|p2a: Maushold|47\/100\n|-damage|p2a: Maushold|0 fnt\n|faint|p2a: Maushold\n|-ability|p1a: Glastrier|Chilling Neigh|boost\n|-boost|p1a: Glastrier|atk|1\n|-hitcount|p2: Maushold|2\n|\n|upkeep\n|\n|t:|1701047552\n|switch|p2a: Wo-Chien|Wo-Chien|100\/100\n|-ability|p2a: Wo-Chien|Tablets of Ruin\n|turn|4\n|\n|t:|1701047605\n|move|p1b: Blastoise|Follow Me|p1b: Blastoise\n|-singleturn|p1b: Blastoise|move: Follow Me\n|move|p2a: Wo-Chien|Poison Powder|p1b: Blastoise\n|-status|p1b: Blastoise|psn\n|move|p2b: Glastrier|Smart Strike|p1b: Blastoise\n|-resisted|p1b: Blastoise\n|-damage|p1b: Blastoise|9\/100 psn\n|move|p1a: Glastrier|Icicle Spear|p2a: Wo-Chien\n|-supereffective|p2a: Wo-Chien\n|-crit|p2a: Wo-Chien\n|-damage|p2a: Wo-Chien|17\/100\n|-supereffective|p2a: Wo-Chien\n|-damage|p2a: Wo-Chien|0 fnt\n|faint|p2a: Wo-Chien\n|-ability|p1a: Glastrier|Chilling Neigh|boost\n|-boost|p1a: Glastrier|atk|1\n|-hitcount|p2: Wo-Chien|2\n|\n|-damage|p1b: Blastoise|0 fnt|[from] psn\n|faint|p1b: Blastoise\n|upkeep\n|\n|t:|1701047617\n|switch|p1b: Clefable|Clefable, F|100\/100\n|switch|p2a: Goodra|Goodra-Hisui, F|100\/100\n|turn|5\n|inactive|Battle timer is ON: inactive players will automatically lose when time's up. (requested by wideguardluver)\n|\n|t:|1701047691\n|move|p1b: Clefable|Follow Me|p1b: Clefable\n|-singleturn|p1b: Clefable|move: Follow Me\n|move|p2a: Goodra|Flash Cannon|p1b: Clefable\n|-supereffective|p1b: Clefable\n|-damage|p1b: Clefable|35\/100\n|move|p2b: Glastrier|Smart Strike|p1b: Clefable\n|-supereffective|p1b: Clefable\n|-damage|p1b: Clefable|0 fnt\n|faint|p1b: Clefable\n|-ability|p2b: Glastrier|Chilling Neigh|boost\n|-boost|p2b: Glastrier|atk|1\n|move|p1a: Glastrier|Icicle Spear|p2a: Goodra\n|-damage|p2a: Goodra|53\/100\n|-damage|p2a: Goodra|1\/100\n|-damage|p2a: Goodra|0 fnt\n|faint|p2a: Goodra\n|-ability|p1a: Glastrier|Chilling Neigh|boost\n|-boost|p1a: Glastrier|atk|1\n|-hitcount|p2: Goodra|3\n|\n|upkeep\n|\n|t:|1701047705\n|switch|p1b: Indeedee|Indeedee-F, F|100\/100\n|switch|p2a: Clefable|Clefable, M|100\/100\n|-fieldstart|move: Psychic Terrain|[from] ability: Psychic Surge|[of] p1b: Indeedee\n|turn|6\n|inactive|Sorry LOSER HAHA has 120 seconds left.\n|inactive|Sorry LOSER HAHA has 90 seconds left.\n|\n|t:|1701047794\n|move|p1b: Indeedee|Follow Me|p1b: Indeedee\n|-singleturn|p1b: Indeedee|move: Follow Me\n|move|p2a: Clefable|Cosmic Power|p2a: Clefable\n|-boost|p2a: Clefable|def|1\n|-boost|p2a: Clefable|spd|1\n|move|p2b: Glastrier|Smart Strike|p1b: Indeedee\n|-damage|p1b: Indeedee|59\/100\n|move|p1a: Glastrier|Icicle Spear|p2a: Clefable\n|-damage|p2a: Clefable|64\/100\n|-damage|p2a: Clefable|27\/100\n|-damage|p2a: Clefable|0 fnt\n|faint|p2a: Clefable\n|-ability|p1a: Glastrier|Chilling Neigh|boost\n|-boost|p1a: Glastrier|atk|1\n|-hitcount|p2: Clefable|3\n|\n|upkeep\n|turn|7\n|\n|t:|1701047809\n|move|p1b: Indeedee|Follow Me|p1b: Indeedee\n|-singleturn|p1b: Indeedee|move: Follow Me\n|move|p1a: Glastrier|Smart Strike|p2b: Glastrier\n|-supereffective|p2b: Glastrier\n|-crit|p2b: Glastrier\n|-damage|p2b: Glastrier|0 fnt\n|faint|p2b: Glastrier\n|\n|win|Sorry LOSER HAHA\n|raw|Sorry LOSER HAHA's rating: 1047 &rarr; <strong>1084<\/strong><br \/>(+37 for winning)\n|raw|wideguardluver's rating: 1085 &rarr; <strong>1060<\/strong><br \/>(-25 for losing)\n","uploadtime":1701047812,"views":0,"p1id":"sorryloserhaha","p2id":"wideguardluver","formatid":"gen9nationaldexdoubles","rating":1060,"private":0,"password":""}