{"id":"gen9nationaldexdoubles-1948591452","p1":"kitty teve","p2":"10LA6","format":"[Gen 9] National Dex Doubles","log":"|j|\u2606kitty teve\n|j|\u260610LA6\n|t:|1695279015\n|gametype|doubles\n|player|p1|kitty teve|iris-gen5bw2|1243\n|player|p2|10LA6|cyclistf|1167\n|teamsize|p1|6\n|teamsize|p2|6\n|gen|9\n|tier|[Gen 9] National Dex Doubles\n|rated|\n|rule|HP Percentage Mod: HP is shown in percentages\n|rule|Endless Battle Clause: Forcing endless battles is banned\n|rule|OHKO Clause: OHKO moves are banned\n|rule|Evasion Moves Clause: Evasion moves are banned\n|rule|Evasion Abilities Clause: Evasion abilities are banned\n|rule|Species Clause: Limit one of each Pok\u00e9mon\n|rule|Gravity Sleep Clause: The combination of sleep-inducing moves with imperfect accuracy and Gravity or Gigantamax Orbeetle are banned\n|clearpoke\n|poke|p1|Flutter Mane|\n|poke|p1|Ogerpon-Wellspring, F|\n|poke|p1|Incineroar, F|\n|poke|p1|Salamence, F|\n|poke|p1|Ursaluna-Bloodmoon, M|\n|poke|p1|Jirachi|\n|poke|p2|Ursaluna, M|\n|poke|p2|Cresselia, F|\n|poke|p2|Hatterene, F|\n|poke|p2|Amoonguss, F|\n|poke|p2|Enamorus-Therian, F|\n|poke|p2|Indeedee-F, F|\n|teampreview\n|inactive|Battle timer is ON: inactive players will automatically lose when time's up. (requested by 10LA6)\n|inactive|kitty teve also wants the timer to be on.\n|\n|t:|1695279026\n|start\n|switch|p1a: lost kitty's|Incineroar, F, shiny|100\/100\n|switch|p1b: Ogerpon|Ogerpon-Wellspring, F, shiny|100\/100\n|switch|p2a: Hatterene|Hatterene, F|100\/100\n|switch|p2b: Indeedee|Indeedee-F, F|100\/100\n|-ability|p1a: lost kitty's|Intimidate|boost\n|-unboost|p2a: Hatterene|atk|1\n|-unboost|p2b: Indeedee|atk|1\n|-fieldstart|move: Psychic Terrain|[from] ability: Psychic Surge|[of] p2b: Indeedee\n|turn|1\n|\n|t:|1695279045\n|move|p2b: Indeedee|Follow Me|p2b: Indeedee\n|-singleturn|p2b: Indeedee|move: Follow Me\n|move|p1b: Ogerpon|Power Whip|p2b: Indeedee\n|-damage|p2b: Indeedee|16\/100\n|-damage|p1b: Ogerpon|84\/100|[from] item: Rocky Helmet|[of] p2b: Indeedee\n|move|p1a: lost kitty's|Flare Blitz|p2b: Indeedee\n|-damage|p2b: Indeedee|0 fnt\n|-damage|p1a: lost kitty's|84\/100|[from] item: Rocky Helmet|[of] p2b: Indeedee\n|faint|p2b: Indeedee\n|-damage|p1a: lost kitty's|80\/100|[from] Recoil\n|move|p2a: Hatterene|Trick Room|p2a: Hatterene\n|-fieldstart|move: Trick Room|[of] p2a: Hatterene\n|\n|upkeep\n|\n|t:|1695279059\n|switch|p2b: Enamorus|Enamorus-Therian, F|100\/100\n|turn|2\n|\n|t:|1695279071\n|-terastallize|p1b: Ogerpon|Water\n|detailschange|p1b: Ogerpon|Ogerpon-Wellspring-Tera, F, shiny, tera:Water\n|-ability|p1b: Ogerpon|Embody Aspect (Wellspring)|boost\n|-boost|p1b: Ogerpon|spd|1\n|move|p2a: Hatterene|Expanding Force|p1b: Ogerpon|[spread] p1b\n|-immune|p1a: lost kitty's\n|-damage|p1b: Ogerpon|29\/100\n|-damage|p2a: Hatterene|91\/100|[from] item: Life Orb\n|move|p2b: Enamorus|Moonblast|p1a: lost kitty's\n|-damage|p1a: lost kitty's|31\/100\n|move|p1a: lost kitty's|Snarl|p2b: Enamorus|[spread] p2a,p2b\n|-resisted|p2b: Enamorus\n|-damage|p2a: Hatterene|79\/100\n|-damage|p2b: Enamorus|96\/100\n|-unboost|p2a: Hatterene|spa|1\n|-unboost|p2b: Enamorus|spa|1\n|move|p1b: Ogerpon|Ivy Cudgel|p2a: Hatterene\n|-crit|p2a: Hatterene\n|-damage|p2a: Hatterene|0 fnt\n|faint|p2a: Hatterene\n|\n|upkeep\n|\n|t:|1695279083\n|switch|p2a: Ursaluna|Ursaluna, M|100\/100\n|turn|3\n|\n|t:|1695279092\n|switch|p1b: Salamence|Salamence, F|100\/100\n|-ability|p1b: Salamence|Intimidate|boost\n|-unboost|p2a: Ursaluna|atk|1\n|-unboost|p2b: Enamorus|atk|1\n|move|p2b: Enamorus|Moonblast|p1a: lost kitty's\n|-damage|p1a: lost kitty's|0 fnt\n|faint|p1a: lost kitty's\n|move|p2a: Ursaluna|Earthquake|p1b: Salamence|[spread] \n|-immune|p2b: Enamorus\n|-immune|p1b: Salamence\n|\n|-status|p2a: Ursaluna|brn|[from] item: Flame Orb\n|upkeep\n|\n|t:|1695279106\n|switch|p1a: Ursaluna|Ursaluna-Bloodmoon, M|100\/100\n|turn|4\n|\n|t:|1695279122\n|detailschange|p1b: Salamence|Salamence-Mega, F\n|-mega|p1b: Salamence|Salamence|Salamencite\n|move|p1a: Ursaluna|Protect|p1a: Ursaluna\n|-singleturn|p1a: Ursaluna|Protect\n|move|p2b: Enamorus|Moonblast|p1b: Salamence\n|-supereffective|p1b: Salamence\n|-damage|p1b: Salamence|27\/100\n|move|p2a: Ursaluna|Facade|p1a: Ursaluna\n|-activate|p1a: Ursaluna|move: Protect\n|move|p1b: Salamence|Hyper Voice|p2a: Ursaluna|[spread] p2a,p2b\n|-damage|p2a: Ursaluna|73\/100 brn\n|-damage|p2b: Enamorus|65\/100\n|\n|-damage|p2a: Ursaluna|67\/100 brn|[from] brn\n|upkeep\n|turn|5\n|\n|t:|1695279141\n|switch|p1a: Flutter Mane|Flutter Mane|100\/100\n|switch|p1b: Jirachi|Jirachi|100\/100\n|move|p2b: Enamorus|Moonblast|p1b: Jirachi\n|-resisted|p1b: Jirachi\n|-damage|p1b: Jirachi|83\/100\n|move|p2a: Ursaluna|Facade|p1a: Flutter Mane\n|-immune|p1a: Flutter Mane\n|\n|-damage|p2a: Ursaluna|61\/100 brn|[from] brn\n|-fieldend|move: Trick Room\n|-fieldend|move: Psychic Terrain\n|upkeep\n|turn|6\n|\n|t:|1695279159\n|switch|p2a: Amoonguss|Amoonguss, F|100\/100\n|switch|p2b: Cresselia|Cresselia, F|100\/100\n|move|p1b: Jirachi|Helping Hand|p1a: Flutter Mane\n|-singleturn|p1a: Flutter Mane|Helping Hand|[of] p1b: Jirachi\n|move|p1a: Flutter Mane|Dazzling Gleam|p2a: Amoonguss|[spread] p2a,p2b\n|-resisted|p2a: Amoonguss\n|-damage|p2a: Amoonguss|75\/100\n|-damage|p2b: Cresselia|58\/100\n|\n|upkeep\n|turn|7\n|\n|t:|1695279172\n|move|p2a: Amoonguss|Rage Powder|p2a: Amoonguss\n|-singleturn|p2a: Amoonguss|move: Rage Powder\n|move|p1a: Flutter Mane|Dazzling Gleam|p2b: Cresselia|[spread] p2a,p2b\n|-resisted|p2a: Amoonguss\n|-damage|p2a: Amoonguss|59\/100\n|-damage|p2b: Cresselia|30\/100\n|move|p1b: Jirachi|Iron Head|p2a: Amoonguss\n|-damage|p2a: Amoonguss|38\/100\n|-enditem|p2a: Amoonguss|Sitrus Berry|[eat]\n|-heal|p2a: Amoonguss|62\/100|[from] item: Sitrus Berry\n|move|p2b: Cresselia|Trick Room|p2b: Cresselia\n|-fieldstart|move: Trick Room|[of] p2b: Cresselia\n|\n|upkeep\n|turn|8\n|\n|t:|1695279187\n|move|p2a: Amoonguss|Spore|p1a: Flutter Mane\n|-status|p1a: Flutter Mane|slp|[from] move: Spore\n|move|p2b: Cresselia|Lunar Blessing|p2b: Cresselia|[spread] p2a,p2b\n|-heal|p2a: Amoonguss|88\/100\n|-heal|p2b: Cresselia|55\/100\n|cant|p1a: Flutter Mane|slp\n|move|p1b: Jirachi|Trick Room|p1b: Jirachi\n|-fieldend|move: Trick Room\n|\n|upkeep\n|turn|9\n|\n|t:|1695279205\n|-end|p1a: Flutter Mane|Protosynthesis|[silent]\n|switch|p1a: Ursaluna|Ursaluna-Bloodmoon, M|100\/100\n|move|p1b: Jirachi|Iron Head|p2a: Amoonguss\n|-damage|p2a: Amoonguss|66\/100\n|cant|p2a: Amoonguss|flinch\n|move|p2b: Cresselia|Trick Room|p2b: Cresselia\n|-fieldstart|move: Trick Room|[of] p2b: Cresselia\n|\n|upkeep\n|turn|10\n|\n|t:|1695279227\n|switch|p1b: Flutter Mane|Flutter Mane|100\/100 slp\n|move|p2b: Cresselia|Ally Switch|p2b: Cresselia\n|swap|p2b: Cresselia|0|[from] move: Ally Switch\n|move|p2b: Amoonguss|Spore|p1b: Flutter Mane\n|-fail|p1b: Flutter Mane|slp\n|move|p1a: Ursaluna|Hyper Voice|p2a: Cresselia|[spread] p2a,p2b\n|-damage|p2a: Cresselia|30\/100\n|-damage|p2b: Amoonguss|32\/100\n|\n|upkeep\n|turn|11\n|\n|t:|1695279246\n|switch|p2a: Enamorus|Enamorus-Therian, F|65\/100\n|move|p1a: Ursaluna|Protect|p1a: Ursaluna\n|-singleturn|p1a: Ursaluna|Protect\n|move|p2b: Amoonguss|Spore|p1a: Ursaluna\n|-activate|p1a: Ursaluna|move: Protect\n|cant|p1b: Flutter Mane|slp\n|\n|upkeep\n|turn|12\n|\n|t:|1695279265\n|switch|p1a: Salamence|Salamence-Mega, F|27\/100\n|-terastallize|p2a: Enamorus|Flying\n|move|p2b: Amoonguss|Spore|p1a: Salamence\n|-status|p1a: Salamence|slp|[from] move: Spore\n|move|p2a: Enamorus|Tera Blast|p1b: Flutter Mane|[anim] Tera Blast Flying\n|-damage|p1b: Flutter Mane|19\/100 slp\n|cant|p1b: Flutter Mane|slp\n|\n|upkeep\n|turn|13\n|\n|t:|1695279284\n|switch|p2b: Cresselia|Cresselia, F|30\/100\n|move|p2a: Enamorus|Tera Blast|p1b: Flutter Mane|[anim] Tera Blast Flying\n|-damage|p1b: Flutter Mane|0 fnt\n|faint|p1b: Flutter Mane\n|-end|p1b: Flutter Mane|Protosynthesis|[silent]\n|cant|p1a: Salamence|slp\n|\n|-fieldend|move: Trick Room\n|upkeep\n|\n|t:|1695279293\n|switch|p1b: Ursaluna|Ursaluna-Bloodmoon, M|100\/100\n|turn|14\n|\n|t:|1695279304\n|cant|p1a: Salamence|slp\n|move|p1b: Ursaluna|Hyper Voice|p2a: Enamorus|[spread] p2a,p2b\n|-damage|p2a: Enamorus|29\/100\n|-damage|p2b: Cresselia|5\/100\n|move|p2a: Enamorus|Tera Blast|p1b: Ursaluna|[anim] Tera Blast Flying\n|-damage|p1b: Ursaluna|0 fnt\n|faint|p1b: Ursaluna\n|move|p2b: Cresselia|Trick Room|p2b: Cresselia\n|-fieldstart|move: Trick Room|[of] p2b: Cresselia\n|\n|upkeep\n|\n|t:|1695279313\n|switch|p1b: Jirachi|Jirachi|83\/100\n|turn|15\n|\n|t:|1695279324\n|move|p1b: Jirachi|Follow Me|p1b: Jirachi\n|-singleturn|p1b: Jirachi|move: Follow Me\n|move|p2a: Enamorus|Tera Blast|p1b: Jirachi|[anim] Tera Blast Flying\n|-resisted|p1b: Jirachi\n|-damage|p1b: Jirachi|53\/100\n|move|p2b: Cresselia|Lunar Blessing|p2b: Cresselia|[spread] p2a,p2b\n|-heal|p2a: Enamorus|54\/100\n|-heal|p2b: Cresselia|30\/100\n|-curestatus|p1a: Salamence|slp|[msg]\n|move|p1a: Salamence|Hyper Voice|p2b: Cresselia|[spread] p2a,p2b\n|-damage|p2a: Enamorus|18\/100\n|-damage|p2b: Cresselia|9\/100\n|\n|upkeep\n|turn|16\n|\n|t:|1695279336\n|move|p1b: Jirachi|Follow Me|p1b: Jirachi\n|-singleturn|p1b: Jirachi|move: Follow Me\n|move|p2a: Enamorus|Tera Blast|p1b: Jirachi|[anim] Tera Blast Flying\n|-resisted|p1b: Jirachi\n|-damage|p1b: Jirachi|21\/100\n|move|p2b: Cresselia|Lunar Blessing|p2b: Cresselia|[spread] p2a,p2b\n|-heal|p2a: Enamorus|44\/100\n|-heal|p2b: Cresselia|34\/100\n|move|p1a: Salamence|Hyper Voice|p2a: Enamorus|[spread] p2a,p2b\n|-damage|p2a: Enamorus|11\/100\n|-damage|p2b: Cresselia|10\/100\n|\n|upkeep\n|turn|17\n|\n|t:|1695279347\n|move|p1b: Jirachi|Follow Me|p1b: Jirachi\n|-singleturn|p1b: Jirachi|move: Follow Me\n|move|p2a: Enamorus|Tera Blast|p1b: Jirachi|[anim] Tera Blast Flying\n|-resisted|p1b: Jirachi\n|-damage|p1b: Jirachi|0 fnt\n|faint|p1b: Jirachi\n|move|p2b: Cresselia|Lunar Blessing|p2b: Cresselia|[spread] p2a,p2b\n|-heal|p2a: Enamorus|36\/100\n|-heal|p2b: Cresselia|35\/100\n|move|p1a: Salamence|Hyper Voice|p2a: Enamorus|[spread] p2a,p2b\n|-damage|p2a: Enamorus|2\/100\n|-damage|p2b: Cresselia|12\/100\n|\n|upkeep\n|\n|t:|1695279353\n|switch|p1b: Ogerpon|Ogerpon-Wellspring-Tera, F, shiny, tera:Water|29\/100\n|-ability|p1b: Ogerpon|Embody Aspect (Wellspring)|boost\n|-boost|p1b: Ogerpon|spd|1\n|turn|18\n|\n|t:|1695279362\n|move|p1b: Ogerpon|Spiky Shield|p1b: Ogerpon\n|-singleturn|p1b: Ogerpon|move: Protect\n|move|p2a: Enamorus|Tera Blast|p1a: Salamence|[anim] Tera Blast Flying\n|-damage|p1a: Salamence|0 fnt\n|faint|p1a: Salamence\n|move|p2b: Cresselia|Lunar Blessing|p2b: Cresselia|[spread] p2a,p2b\n|-heal|p2a: Enamorus|27\/100\n|-heal|p2b: Cresselia|37\/100\n|\n|-fieldend|move: Trick Room\n|upkeep\n|turn|19\n|\n|t:|1695279371\n|move|p2b: Cresselia|Ally Switch|p2b: Cresselia\n|swap|p2b: Cresselia|0|[from] move: Ally Switch\n|move|p1b: Ogerpon|Ivy Cudgel|p2a: Cresselia\n|-damage|p2a: Cresselia|0 fnt\n|faint|p2a: Cresselia\n|move|p2b: Enamorus|Tera Blast|p1b: Ogerpon|[anim] Tera Blast Flying\n|-damage|p1b: Ogerpon|0 fnt\n|faint|p1b: Ogerpon\n|\n|win|10LA6\n|raw|kitty teve's rating: 1243 &rarr; <strong>1213<\/strong><br \/>(-30 for losing)\n|raw|10LA6's rating: 1167 &rarr; <strong>1197<\/strong><br \/>(+30 for winning)\n|l|\u2606kitty teve\n","uploadtime":1695279386,"views":14,"p1id":"kittyteve","p2id":"10la6","formatid":"gen9nationaldexdoubles","rating":1197,"private":0,"password":""}