{"id":"gen9nationaldexdoubles-1990625248","p1":"Tukitiko","p2":"ampronoob","format":"[Gen 9] National Dex Doubles","log":"|j|\u2606Tukitiko\n|j|\u2606ampronoob\n|t:|1699986722\n|gametype|doubles\n|player|p1|Tukitiko|lusamine-nihilego|1129\n|player|p2|ampronoob|266|1125\n|teamsize|p1|6\n|teamsize|p2|6\n|gen|9\n|tier|[Gen 9] National Dex Doubles\n|rated|\n|rule|HP Percentage Mod: HP is shown in percentages\n|rule|Endless Battle Clause: Forcing endless battles is banned\n|rule|OHKO Clause: OHKO moves are banned\n|rule|Evasion Moves Clause: Evasion moves are banned\n|rule|Evasion Abilities Clause: Evasion abilities are banned\n|rule|Species Clause: Limit one of each Pok\u00e9mon\n|rule|Gravity Sleep Clause: The combination of sleep-inducing moves with imperfect accuracy and Gravity or Gigantamax Orbeetle are banned\n|clearpoke\n|poke|p1|Scrafty, M|\n|poke|p1|Kingambit, M|\n|poke|p1|Dragapult, M|\n|poke|p1|Palafin, M|\n|poke|p1|Sharpedo, F|\n|poke|p1|Okidogi, M|\n|poke|p2|Walking Wake|\n|poke|p2|Charizard, F|\n|poke|p2|Garchomp, M|\n|poke|p2|Kommo-o, F|\n|poke|p2|Dragonite, M|\n|poke|p2|Salamence, M|\n|teampreview\n|inactive|Battle timer is ON: inactive players will automatically lose when time's up. (requested by Tukitiko)\n|inactive|ampronoob has 120 seconds left.\n|\n|t:|1699986757\n|start\n|switch|p1a: Shaggy|Scrafty, M|100\/100\n|switch|p1b: Rey Gamb\u00f3n|Kingambit, M|100\/100\n|switch|p2a: Salamence|Salamence, M|100\/100\n|switch|p2b: Kommo-o|Kommo-o, F|100\/100\n|-ability|p2a: Salamence|Intimidate|boost\n|-unboost|p1a: Shaggy|atk|1\n|-unboost|p1b: Rey Gamb\u00f3n|atk|1\n|-ability|p1b: Rey Gamb\u00f3n|Defiant|boost\n|-boost|p1b: Rey Gamb\u00f3n|atk|2\n|-ability|p1a: Shaggy|Intimidate|boost\n|-unboost|p2a: Salamence|atk|1\n|-unboost|p2b: Kommo-o|atk|1\n|turn|1\n|\n|t:|1699986773\n|move|p1a: Shaggy|Fake Out|p2b: Kommo-o\n|-damage|p2b: Kommo-o|94\/100\n|move|p2a: Salamence|Tailwind|p2a: Salamence\n|-sidestart|p2: ampronoob|move: Tailwind\n|cant|p2b: Kommo-o|flinch\n|move|p1b: Rey Gamb\u00f3n|Swords Dance|p1b: Rey Gamb\u00f3n\n|-boost|p1b: Rey Gamb\u00f3n|atk|2\n|\n|-heal|p2b: Kommo-o|100\/100|[from] item: Leftovers\n|upkeep\n|turn|2\n|\n|t:|1699986788\n|-terastallize|p1b: Rey Gamb\u00f3n|Ghost\n|move|p2a: Salamence|Brick Break|p1b: Rey Gamb\u00f3n\n|-immune|p1b: Rey Gamb\u00f3n\n|move|p2b: Kommo-o|Clangorous Soul|p2b: Kommo-o\n|-boost|p2b: Kommo-o|atk|1\n|-boost|p2b: Kommo-o|def|1\n|-boost|p2b: Kommo-o|spa|1\n|-boost|p2b: Kommo-o|spd|1\n|-boost|p2b: Kommo-o|spe|1\n|-damage|p2b: Kommo-o|68\/100\n|move|p1a: Shaggy|Rock Slide|p2a: Salamence|[spread] p2a,p2b\n|-supereffective|p2a: Salamence\n|-crit|p2a: Salamence\n|-resisted|p2b: Kommo-o\n|-damage|p2a: Salamence|42\/100\n|-damage|p2b: Kommo-o|65\/100\n|move|p1b: Rey Gamb\u00f3n|Iron Head|p2b: Kommo-o\n|-damage|p2b: Kommo-o|5\/100\n|\n|-heal|p2b: Kommo-o|11\/100|[from] item: Leftovers\n|upkeep\n|turn|3\n|\n|t:|1699986816\n|move|p1b: Rey Gamb\u00f3n|Sucker Punch|p2b: Kommo-o\n|-resisted|p2b: Kommo-o\n|-damage|p2b: Kommo-o|0 fnt\n|faint|p2b: Kommo-o\n|move|p2a: Salamence|Dual Wingbeat|p1a: Shaggy\n|-supereffective|p1a: Shaggy\n|-damage|p1a: Shaggy|72\/100\n|-supereffective|p1a: Shaggy\n|-damage|p1a: Shaggy|44\/100\n|-hitcount|p1a: Shaggy|2\n|move|p1a: Shaggy|Rock Slide|p2a: Salamence\n|-supereffective|p2a: Salamence\n|-damage|p2a: Salamence|9\/100\n|\n|upkeep\n|inactive|ampronoob has 120 seconds left.\n|\n|t:|1699986834\n|switch|p2b: Charizard|Charizard, F|100\/100\n|turn|4\n|\n|t:|1699986848\n|detailschange|p2b: Charizard|Charizard-Mega-X, F\n|-mega|p2b: Charizard|Charizard|Charizardite X\n|move|p1b: Rey Gamb\u00f3n|Sucker Punch|p2a: Salamence\n|-damage|p2a: Salamence|0 fnt\n|faint|p2a: Salamence\n|move|p2b: Charizard|Blaze Kick|p1b: Rey Gamb\u00f3n\n|-damage|p1b: Rey Gamb\u00f3n|58\/100\n|move|p1a: Shaggy|Rock Slide|p2b: Charizard\n|-supereffective|p2b: Charizard\n|-damage|p2b: Charizard|72\/100\n|\n|-heal|p1b: Rey Gamb\u00f3n|64\/100|[from] item: Leftovers\n|-sideend|p2: ampronoob|move: Tailwind\n|upkeep\n|\n|t:|1699986859\n|switch|p2a: Dragonite|Dragonite, M|100\/100\n|turn|5\n|\n|t:|1699986874\n|-terastallize|p2a: Dragonite|Normal\n|move|p1b: Rey Gamb\u00f3n|Sucker Punch|p2b: Charizard\n|-damage|p2b: Charizard|0 fnt\n|faint|p2b: Charizard\n|move|p2a: Dragonite|Dragon Dance|p2a: Dragonite\n|-boost|p2a: Dragonite|atk|1\n|-boost|p2a: Dragonite|spe|1\n|move|p1a: Shaggy|Rock Slide|p2a: Dragonite\n|-damage|p2a: Dragonite|92\/100\n|\n|-heal|p1b: Rey Gamb\u00f3n|71\/100|[from] item: Leftovers\n|upkeep\n|\n|t:|1699986890\n|switch|p2b: Garchomp|Garchomp, M|100\/100\n|turn|6\n|inactive|Tukitiko has 120 seconds left.\n|\n|t:|1699986920\n|move|p1b: Rey Gamb\u00f3n|Sucker Punch|p2b: Garchomp\n|-damage|p2b: Garchomp|4\/100\n|-damage|p1b: Rey Gamb\u00f3n|58\/100|[from] ability: Rough Skin|[of] p2b: Garchomp\n|move|p2a: Dragonite|Dragon Claw|p1b: Rey Gamb\u00f3n\n|-damage|p1b: Rey Gamb\u00f3n|0 fnt\n|faint|p1b: Rey Gamb\u00f3n\n|-damage|p2a: Dragonite|83\/100|[from] item: Life Orb\n|move|p2b: Garchomp|Iron Head|p1a: Shaggy\n|-damage|p1a: Shaggy|17\/100\n|move|p1a: Shaggy|Knock Off|p2b: Garchomp\n|-damage|p2b: Garchomp|0 fnt\n|-damage|p1a: Shaggy|4\/100|[from] ability: Rough Skin|[of] p2b: Garchomp\n|-enditem|p2b: Garchomp|Loaded Dice|[from] move: Knock Off|[of] p1a: Shaggy\n|faint|p2b: Garchomp\n|\n|upkeep\n|\n|t:|1699986936\n|switch|p2b: Walking Wake|Walking Wake|100\/100\n|switch|p1b: Kaito|Palafin, M|100\/100\n|turn|7\n|\n|t:|1699986950\n|detailschange|p1b: Kaito|Palafin-Hero, M\n|switch|p1b: Oppenheimer|Dragapult, M, shiny|100\/100\n|move|p2a: Dragonite|Dragon Claw|p1a: Shaggy\n|-damage|p1a: Shaggy|0 fnt\n|faint|p1a: Shaggy\n|-damage|p2a: Dragonite|73\/100|[from] item: Life Orb\n|move|p2b: Walking Wake|Sunny Day|p2b: Walking Wake\n|-weather|SunnyDay\n|-activate|p2b: Walking Wake|ability: Protosynthesis\n|-start|p2b: Walking Wake|protosynthesisspa\n|\n|-weather|SunnyDay|[upkeep]\n|upkeep\n|\n|t:|1699986966\n|switch|p1a: Perro panxon|Okidogi, M|100\/100\n|turn|8\n|\n|t:|1699986985\n|switch|p1b: Kaito|Palafin-Hero, M|100\/100\n|-activate|p1b: Kaito|ability: Zero to Hero\n|move|p2a: Dragonite|Extreme Speed|p1a: Perro panxon\n|-damage|p1a: Perro panxon|50\/100\n|-damage|p2a: Dragonite|63\/100|[from] item: Life Orb\n|move|p2b: Walking Wake|Dragon Pulse|p1b: Kaito\n|-damage|p1b: Kaito|37\/100\n|move|p1a: Perro panxon|Drain Punch|p2a: Dragonite\n|-supereffective|p2a: Dragonite\n|-damage|p2a: Dragonite|0 fnt\n|-heal|p1a: Perro panxon|77\/100|[from] drain|[of] p2a: Dragonite\n|faint|p2a: Dragonite\n|\n|-weather|SunnyDay|[upkeep]\n|-heal|p1b: Kaito|43\/100|[from] item: Leftovers\n|-heal|p1a: Perro panxon|83\/100|[from] item: Leftovers\n|upkeep\n|turn|9\n|\n|t:|1699987011\n|move|p1a: Perro panxon|Protect|p1a: Perro panxon\n|-singleturn|p1a: Perro panxon|Protect\n|move|p2b: Walking Wake|Dragon Pulse|p1b: Kaito\n|-damage|p1b: Kaito|0 fnt\n|faint|p1b: Kaito\n|\n|-weather|SunnyDay|[upkeep]\n|-heal|p1a: Perro panxon|89\/100|[from] item: Leftovers\n|upkeep\n|\n|t:|1699987016\n|switch|p1b: Aquamarine|Sharpedo, F|100\/100\n|turn|10\n|\n|t:|1699987023\n|move|p1b: Aquamarine|Protect|p1b: Aquamarine\n|-singleturn|p1b: Aquamarine|Protect\n|move|p2b: Walking Wake|Hydro Steam|p1a: Perro panxon\n|-damage|p1a: Perro panxon|4\/100\n|move|p1a: Perro panxon|Howl|p1a: Perro panxon|[spread] p1a,p1b\n|-boost|p1a: Perro panxon|atk|1\n|-boost|p1b: Aquamarine|atk|1\n|\n|-weather|SunnyDay|[upkeep]\n|-heal|p1a: Perro panxon|10\/100|[from] item: Leftovers\n|-ability|p1b: Aquamarine|Speed Boost|boost\n|-boost|p1b: Aquamarine|spe|1\n|upkeep\n|turn|11\n|\n|t:|1699987039\n|detailschange|p1b: Aquamarine|Sharpedo-Mega, F\n|-mega|p1b: Aquamarine|Sharpedo|Sharpedonite\n|move|p1a: Perro panxon|Protect|p1a: Perro panxon\n|-singleturn|p1a: Perro panxon|Protect\n|move|p1b: Aquamarine|Crunch|p2b: Walking Wake\n|-damage|p2b: Walking Wake|0 fnt\n|faint|p2b: Walking Wake\n|-end|p2b: Walking Wake|Protosynthesis|[silent]\n|\n|win|Tukitiko\n|raw|Tukitiko's rating: 1129 &rarr; <strong>1154<\/strong><br \/>(+25 for winning)\n|raw|ampronoob's rating: 1125 &rarr; <strong>1100<\/strong><br \/>(-25 for losing)\n|l|\u2606ampronoob\n","uploadtime":1699987050,"views":6,"p1id":"tukitiko","p2id":"ampronoob","formatid":"gen9nationaldexdoubles","rating":1100,"private":0,"password":""}