{"id":"gen9nationaldexdoubles-1973831522","p1":"rarwolf10","p2":"HornytSamedi","format":"[Gen 9] National Dex Doubles","log":"|j|\u2606rarwolf10\n|j|\u2606HornytSamedi\n|t:|1698018314\n|gametype|doubles\n|player|p1|rarwolf10|karen|\n|player|p2|HornytSamedi|sabrina|\n|teamsize|p1|6\n|teamsize|p2|6\n|gen|9\n|tier|[Gen 9] National Dex Doubles\n|rule|HP Percentage Mod: HP is shown in percentages\n|rule|Endless Battle Clause: Forcing endless battles is banned\n|rule|OHKO Clause: OHKO moves are banned\n|rule|Evasion Moves Clause: Evasion moves are banned\n|rule|Evasion Abilities Clause: Evasion abilities are banned\n|rule|Species Clause: Limit one of each Pok\u00e9mon\n|rule|Gravity Sleep Clause: The combination of sleep-inducing moves with imperfect accuracy and Gravity or Gigantamax Orbeetle are banned\n|clearpoke\n|poke|p1|Ribombee, M|\n|poke|p1|Scizor, M|\n|poke|p1|Heracross, F|\n|poke|p1|Kricketune, M|\n|poke|p1|Masquerain, F|\n|poke|p1|Kleavor, F|\n|poke|p2|Porygon2|\n|poke|p2|Ursaluna-Bloodmoon, M|\n|poke|p2|Snorlax, M|\n|poke|p2|Indeedee-F, F|\n|poke|p2|Maushold-Four|\n|poke|p2|Farigiraf, F|\n|teampreview\n|j| elianm10\n|\n|t:|1698018406\n|start\n|switch|p1a: Masquerain|Masquerain, F|100\/100\n|switch|p1b: Ribombee|Ribombee, M|100\/100\n|switch|p2a: Siete palabras|Ursaluna-Bloodmoon, M|100\/100\n|switch|p2b: Torettos|Maushold-Four|100\/100\n|-ability|p1a: Masquerain|Intimidate|boost\n|-unboost|p2a: Siete palabras|atk|1\n|-unboost|p2b: Torettos|atk|1\n|turn|1\n|\n|t:|1698018434\n|move|p1b: Ribombee|Struggle Bug|p2a: Siete palabras|[spread] p2a,p2b\n|-damage|p2a: Siete palabras|88\/100\n|-damage|p2b: Torettos|79\/100\n|-unboost|p2a: Siete palabras|spa|1\n|-unboost|p2b: Torettos|spa|1\n|move|p2b: Torettos|Taunt|p1b: Ribombee\n|-start|p1b: Ribombee|move: Taunt\n|move|p1a: Masquerain|Struggle Bug|p2a: Siete palabras|[spread] p2a,p2b\n|-damage|p2a: Siete palabras|76\/100\n|-damage|p2b: Torettos|60\/100\n|-unboost|p2a: Siete palabras|spa|1\n|-unboost|p2b: Torettos|spa|1\n|move|p2a: Siete palabras|Blood Moon|p1a: Masquerain\n|-crit|p1a: Masquerain\n|-damage|p1a: Masquerain|0 fnt\n|faint|p1a: Masquerain\n|\n|upkeep\n|\n|t:|1698018449\n|switch|p1a: Kleavor|Kleavor, F|100\/100\n|turn|2\n|c|\u2606HornytSamedi|E S E N C I A\n|\n|t:|1698018469\n|switch|p2a: Digimon't|Porygon2|100\/100\n|-ability|p2a: Digimon't|Shield Dust|[from] ability: Trace|[of] p1b: Ribombee\n|move|p1b: Ribombee|Struggle Bug|p2b: Torettos|[spread] p2a,p2b\n|-damage|p2a: Digimon't|94\/100\n|-damage|p2b: Torettos|41\/100\n|-unboost|p2b: Torettos|spa|1\n|move|p2b: Torettos|Charm|p1a: Kleavor\n|-unboost|p1a: Kleavor|atk|2\n|move|p1a: Kleavor|Psycho Cut|p2b: Torettos\n|-damage|p2b: Torettos|11\/100\n|-damage|p1a: Kleavor|91\/100|[from] item: Life Orb\n|\n|upkeep\n|turn|3\n|\n|t:|1698018486\n|move|p2b: Torettos|Protect|p2b: Torettos\n|-singleturn|p2b: Torettos|Protect\n|move|p1b: Ribombee|Struggle Bug|p2b: Torettos|[spread] p2a\n|-activate|p2b: Torettos|move: Protect\n|-damage|p2a: Digimon't|87\/100\n|move|p1a: Kleavor|Stone Axe|p2b: Torettos\n|-activate|p2b: Torettos|move: Protect\n|move|p2a: Digimon't|Ice Beam|p1b: Ribombee\n|-damage|p1b: Ribombee|61\/100\n|\n|upkeep\n|turn|4\n|\n|t:|1698018559\n|move|p1b: Ribombee|Moonblast|p2a: Digimon't\n|-damage|p2a: Digimon't|69\/100\n|move|p2b: Torettos|Charm|p1a: Kleavor\n|-unboost|p1a: Kleavor|atk|2\n|move|p1a: Kleavor|Close Combat|p2a: Digimon't\n|-supereffective|p2a: Digimon't\n|-damage|p2a: Digimon't|54\/100\n|-unboost|p1a: Kleavor|def|1\n|-unboost|p1a: Kleavor|spd|1\n|-damage|p1a: Kleavor|81\/100|[from] item: Life Orb\n|move|p2a: Digimon't|Trick Room|p2a: Digimon't\n|-fieldstart|move: Trick Room|[of] p2a: Digimon't\n|\n|-end|p1b: Ribombee|move: Taunt\n|upkeep\n|turn|5\n|\n|t:|1698018611\n|switch|p2a: El Guata|Snorlax, M|100\/100\n|switch|p1a: Scizor|Scizor, M|100\/100\n|switch|p2b: Hola Demonio|Indeedee-F, F|100\/100\n|-fieldstart|move: Psychic Terrain|[from] ability: Psychic Surge|[of] p2b: Hola Demonio\n|move|p1b: Ribombee|Moonblast|p2a: El Guata\n|-damage|p2a: El Guata|78\/100\n|\n|upkeep\n|turn|6\n|\n|t:|1698018634\n|detailschange|p1a: Scizor|Scizor-Mega, M\n|-mega|p1a: Scizor|Scizor|Scizorite\n|move|p2b: Hola Demonio|Fake Out|p1a: Scizor\n|-activate|p1a: Scizor|move: Psychic Terrain\n|move|p2a: El Guata|Return|p1b: Ribombee\n|-damage|p1b: Ribombee|0 fnt\n|faint|p1b: Ribombee\n|move|p1a: Scizor|Bug Bite|p2a: El Guata\n|-damage|p2a: El Guata|30\/100\n|-enditem|p2a: El Guata|Sitrus Berry|[from] stealeat|[move] Bug Bite|[of] p1a: Scizor\n|\n|upkeep\n|\n|t:|1698018653\n|switch|p1b: Kricketune|Kricketune, M|100\/100\n|turn|7\n|\n|t:|1698018677\n|-activate|p2b: Hola Demonio|move: Pursuit\n|move|p1a: Scizor|Pursuit|p2b: Hola Demonio|[from]Pursuit\n|-supereffective|p2b: Hola Demonio\n|-crit|p2b: Hola Demonio\n|-damage|p2b: Hola Demonio|0 fnt\n|faint|p2b: Hola Demonio\n|-hint|A Pokemon can't switch between when it runs out of HP and when it faints\n|move|p2a: El Guata|Crunch|p1a: Scizor\n|-damage|p1a: Scizor|81\/100\n|move|p1b: Kricketune|Fell Stinger|p2a: El Guata\n|-damage|p2a: El Guata|3\/100\n|\n|upkeep\n|\n|t:|1698018706\n|switch|p2b: Melman|Farigiraf, F|100\/100\n|turn|8\n|j| Ultra-Wach99\n|\n|t:|1698018732\n|move|p2a: El Guata|Return|p1b: Kricketune\n|-damage|p1b: Kricketune|13\/100\n|move|p2b: Melman|Light Screen|p2b: Melman\n|-sidestart|p2: HornytSamedi|move: Light Screen\n|move|p1b: Kricketune|Fell Stinger|p2a: El Guata\n|-crit|p2a: El Guata\n|-damage|p2a: El Guata|0 fnt\n|faint|p2a: El Guata\n|-boost|p1b: Kricketune|atk|3\n|move|p1a: Scizor|Bug Bite|p2b: Melman\n|-supereffective|p2b: Melman\n|-damage|p2b: Melman|2\/100\n|-enditem|p2b: Melman|Sitrus Berry|[from] stealeat|[move] Bug Bite|[of] p1a: Scizor\n|-heal|p1a: Scizor|100\/100|[from] item: Sitrus Berry\n|\n|-fieldend|move: Trick Room\n|upkeep\n|c| Ultra-Wach99|sex\n|\n|t:|1698018741\n|switch|p2a: Siete palabras|Ursaluna-Bloodmoon, M|76\/100\n|turn|9\n|j| EL GRAN CARPINCHO\n|c| EL GRAN CARPINCHO|SEXOOO\n|c|\u2606rarwolf10|deleleleWOOOOOOOOOOOOP\n|c|\u2606rarwolf10|espera no pusimo timer\n|\n|t:|1698018851\n|move|p1a: Scizor|Dual Wingbeat|p2a: Siete palabras\n|-damage|p2a: Siete palabras|59\/100\n|-damage|p2a: Siete palabras|40\/100\n|-enditem|p2a: Siete palabras|Sitrus Berry|[eat]\n|-heal|p2a: Siete palabras|65\/100|[from] item: Sitrus Berry\n|-hitcount|p2a: Siete palabras|2\n|move|p1b: Kricketune|Trailblaze|p2a: Siete palabras\n|-supereffective|p2a: Siete palabras\n|-damage|p2a: Siete palabras|0 fnt\n|-boost|p1b: Kricketune|spe|1\n|faint|p2a: Siete palabras\n|move|p2b: Melman|Trick Room|p2b: Melman\n|-fieldstart|move: Trick Room|[of] p2b: Melman\n|\n|-fieldend|move: Psychic Terrain\n|upkeep\n|\n|t:|1698018866\n|switch|p2a: Digimon't|Porygon2|54\/100\n|-ability|p2a: Digimon't|Technician|[from] ability: Trace|[of] p1a: Scizor\n|turn|10\n|\n|t:|1698018889\n|move|p2b: Melman|Protect|p2b: Melman\n|-singleturn|p2b: Melman|Protect\n|move|p2a: Digimon't|Ice Beam|p1b: Kricketune\n|-damage|p1b: Kricketune|0 fnt\n|faint|p1b: Kricketune\n|move|p1a: Scizor|Pursuit|p2b: Melman\n|-activate|p2b: Melman|move: Protect\n|\n|upkeep\n|\n|t:|1698018893\n|switch|p1b: Kleavor|Kleavor, F|81\/100\n|turn|11\n|\n|t:|1698018904\n|move|p2a: Digimon't|Ally Switch|p2a: Digimon't\n|swap|p2a: Digimon't|1|[from] move: Ally Switch\n|move|p2a: Melman|Dazzling Gleam|p1b: Kleavor|[spread] p1a,p1b\n|-resisted|p1a: Scizor\n|-damage|p1a: Scizor|93\/100\n|-damage|p1b: Kleavor|52\/100\n|move|p1a: Scizor|Pursuit|p2b: Digimon't\n|-damage|p2b: Digimon't|41\/100\n|move|p1b: Kleavor|Close Combat|p2a: Melman\n|-damage|p2a: Melman|0 fnt\n|-unboost|p1b: Kleavor|def|1\n|-unboost|p1b: Kleavor|spd|1\n|faint|p2a: Melman\n|-damage|p1b: Kleavor|42\/100|[from] item: Life Orb\n|\n|upkeep\n|\n|t:|1698018911\n|switch|p2a: Torettos|Maushold-Four|11\/100\n|turn|12\n|\n|t:|1698018922\n|move|p2a: Torettos|Protect|p2a: Torettos\n|-singleturn|p2a: Torettos|Protect\n|move|p1a: Scizor|Bullet Punch|p2a: Torettos\n|-activate|p2a: Torettos|move: Protect\n|move|p2b: Digimon't|Ice Beam|p1b: Kleavor\n|-damage|p1b: Kleavor|0 fnt\n|faint|p1b: Kleavor\n|\n|-sideend|p2: HornytSamedi|move: Light Screen\n|upkeep\n|c| Ultra-Wach99|GG\n|c|\u2606HornytSamedi|gg\n|\n|t:|1698018928\n|switch|p1b: Heracross|Heracross, F|100\/100\n|turn|13\n|c| EL GRAN CARPINCHO|OH NO HERMANO\n|\n|t:|1698018953\n|move|p1a: Scizor|Bullet Punch|p2a: Torettos\n|-damage|p2a: Torettos|0 fnt\n|faint|p2a: Torettos\n|move|p2b: Digimon't|Ice Beam|p1b: Heracross\n|-damage|p1b: Heracross|76\/100\n|-status|p1b: Heracross|frz\n|cant|p1b: Heracross|frz\n|\n|-fieldend|move: Trick Room\n|upkeep\n|turn|14\n|\n|t:|1698018969\n|move|p1a: Scizor|Bullet Punch|p2b: Digimon't\n|-damage|p2b: Digimon't|21\/100\n|cant|p1b: Heracross|frz\n|move|p2b: Digimon't|Ice Beam|p1b: Heracross\n|-damage|p1b: Heracross|49\/100 frz\n|\n|upkeep\n|turn|15\n|\n|t:|1698018977\n|move|p1a: Scizor|Bullet Punch|p2b: Digimon't\n|-damage|p2b: Digimon't|2\/100\n|cant|p1b: Heracross|frz\n|move|p2b: Digimon't|Ice Beam|p1b: Heracross\n|-damage|p1b: Heracross|22\/100 frz\n|\n|upkeep\n|turn|16\n|\n|t:|1698018981\n|move|p1a: Scizor|Bullet Punch|p2b: Digimon't\n|-damage|p2b: Digimon't|0 fnt\n|faint|p2b: Digimon't\n|\n|win|rarwolf10\n|c|\u2606HornytSamedi|gg\n|c|\u2606rarwolf10|gg\n|l|\u2606HornytSamedi\n|c| Ultra-Wach99|gg\n|c| EL GRAN CARPINCHO|ESE PORYGON MERECE UNA MEDALLA\n|l|\u2606rarwolf10\n","uploadtime":1698019004,"views":9,"p1id":"rarwolf10","p2id":"hornytsamedi","formatid":"gen9nationaldexdoubles","rating":0,"private":0,"password":""}