{"id":"gen9nationaldexdoubles-1989234579","p1":"TheOfficialSlade","p2":"usagi the weeb","format":"[Gen 9] National Dex Doubles","log":"|j|\u2606TheOfficialSlade\n|j|\u2606usagi the weeb\n|t:|1699826329\n|gametype|doubles\n|player|p1|TheOfficialSlade|shadowtriad|\n|player|p2|usagi the weeb|juggler|\n|teamsize|p1|6\n|teamsize|p2|6\n|gen|9\n|tier|[Gen 9] National Dex Doubles\n|rule|HP Percentage Mod: HP is shown in percentages\n|rule|Endless Battle Clause: Forcing endless battles is banned\n|rule|OHKO Clause: OHKO moves are banned\n|rule|Evasion Moves Clause: Evasion moves are banned\n|rule|Evasion Abilities Clause: Evasion abilities are banned\n|rule|Species Clause: Limit one of each Pok\u00e9mon\n|rule|Gravity Sleep Clause: The combination of sleep-inducing moves with imperfect accuracy and Gravity or Gigantamax Orbeetle are banned\n|clearpoke\n|poke|p1|Dusclops, F|\n|poke|p1|Inteleon, M|\n|poke|p1|Articuno|\n|poke|p1|Ferrothorn, F|\n|poke|p1|Espeon, F|\n|poke|p1|Ampharos, M|\n|poke|p2|Moltres-Galar|\n|poke|p2|Salazzle, F|\n|poke|p2|Torterra, M|\n|poke|p2|Gastrodon-East, M|\n|poke|p2|Revavroom, M|\n|poke|p2|Gardevoir, F|\n|teampreview\n|\n|t:|1699826354\n|start\n|switch|p1a: Articuno|Articuno|100\/100\n|switch|p1b: Ferrothorn|Ferrothorn, F|100\/100\n|switch|p2a: Phoenix|Moltres-Galar, shiny|100\/100\n|switch|p2b: The World|Torterra, M|100\/100\n|-ability|p1a: Articuno|Pressure\n|turn|1\n|\n|t:|1699826376\n|move|p2a: Phoenix|Steel Wing|p1a: Articuno\n|-supereffective|p1a: Articuno\n|-damage|p1a: Articuno|74\/100\n|move|p2b: The World|Shell Smash|p2b: The World\n|-unboost|p2b: The World|def|1\n|-unboost|p2b: The World|spd|1\n|-boost|p2b: The World|atk|2\n|-boost|p2b: The World|spa|2\n|-boost|p2b: The World|spe|2\n|-enditem|p2b: The World|White Herb\n|-clearnegativeboost|p2b: The World|[silent]\n|move|p1a: Articuno|Hail|p1a: Articuno\n|-weather|Hail\n|move|p1b: Ferrothorn|Spikes|p2b: The World\n|-sidestart|p2: usagi the weeb|Spikes\n|\n|-weather|Hail|[upkeep]\n|-damage|p2b: The World|94\/100|[from] Hail\n|-damage|p2a: Phoenix|94\/100|[from] Hail\n|-damage|p1b: Ferrothorn|94\/100|[from] Hail\n|-heal|p1b: Ferrothorn|100\/100|[from] item: Leftovers\n|upkeep\n|turn|2\n|\n|t:|1699826409\n|move|p2b: The World|Earthquake|p1a: Articuno|[spread] p1b\n|-immune|p2a: Phoenix\n|-immune|p1a: Articuno\n|-damage|p1b: Ferrothorn|59\/100\n|move|p2a: Phoenix|Air Slash|p1b: Ferrothorn\n|-damage|p1b: Ferrothorn|29\/100\n|move|p1a: Articuno|Blizzard|p2b: The World|[spread] p2a,p2b\n|-supereffective|p2a: Phoenix\n|-supereffective|p2b: The World\n|-damage|p2a: Phoenix|54\/100\n|-damage|p2b: The World|0 fnt\n|faint|p2b: The World\n|cant|p1b: Ferrothorn|flinch\n|\n|-weather|Hail|[upkeep]\n|-damage|p2a: Phoenix|48\/100|[from] Hail\n|-damage|p1b: Ferrothorn|23\/100|[from] Hail\n|-heal|p1b: Ferrothorn|29\/100|[from] item: Leftovers\n|upkeep\n|\n|t:|1699826431\n|switch|p2b: sizzle|Salazzle, F, shiny|100\/100\n|-damage|p2b: sizzle|88\/100|[from] Spikes\n|turn|3\n|\n|t:|1699826443\n|move|p2b: sizzle|Fire Blast|p1a: Articuno\n|-supereffective|p1a: Articuno\n|-damage|p1a: Articuno|11\/100\n|move|p2a: Phoenix|Air Slash|p1b: Ferrothorn\n|-damage|p1b: Ferrothorn|0 fnt\n|faint|p1b: Ferrothorn\n|move|p1a: Articuno|U-turn|p2b: sizzle\n|-resisted|p2b: sizzle\n|-damage|p2b: sizzle|81\/100\n|\n|t:|1699826451\n|switch|p1a: Inteleon|Inteleon, M|100\/100|[from] U-turn\n|\n|-weather|Hail|[upkeep]\n|-damage|p1a: Inteleon|94\/100|[from] Hail\n|-damage|p2b: sizzle|75\/100|[from] Hail\n|-damage|p2a: Phoenix|42\/100|[from] Hail\n|upkeep\n|\n|t:|1699826461\n|switch|p1b: Articuno|Articuno|11\/100\n|-ability|p1b: Articuno|Pressure\n|turn|4\n|\n|t:|1699826470\n|move|p1a: Inteleon|Blizzard|p2b: sizzle|[spread] p2a,p2b\n|-supereffective|p2a: Phoenix\n|-resisted|p2b: sizzle\n|-damage|p2a: Phoenix|0 fnt\n|-damage|p2b: sizzle|48\/100\n|faint|p2a: Phoenix\n|move|p2b: sizzle|Trailblaze|p1a: Inteleon\n|-supereffective|p1a: Inteleon\n|-damage|p1a: Inteleon|61\/100\n|-boost|p2b: sizzle|spe|1\n|move|p1b: Articuno|Aurora Veil|p1b: Articuno\n|-sidestart|p1: TheOfficialSlade|move: Aurora Veil\n|\n|-weather|Hail|[upkeep]\n|-damage|p2b: sizzle|42\/100|[from] Hail\n|-damage|p1a: Inteleon|55\/100|[from] Hail\n|upkeep\n|\n|t:|1699826487\n|switch|p2a: East Blue|Gastrodon-East, M|100\/100\n|-damage|p2a: East Blue|88\/100|[from] Spikes\n|turn|5\n|\n|t:|1699826539\n|-terastallize|p2b: sizzle|Poison\n|move|p2b: sizzle|Gunk Shot|p1a: Inteleon|[miss]\n|-miss|p2b: sizzle|p1a: Inteleon\n|move|p1a: Inteleon|Snipe Shot|p2b: sizzle\n|-damage|p2b: sizzle|0 fnt\n|faint|p2b: sizzle\n|move|p1b: Articuno|U-turn|p2a: East Blue\n|-damage|p2a: East Blue|74\/100\n|\n|t:|1699826558\n|switch|p1b: Espeon|Espeon, F|100\/100|[from] U-turn\n|move|p2a: East Blue|Acid Armor|p2a: East Blue\n|-boost|p2a: East Blue|def|2\n|\n|-weather|Hail|[upkeep]\n|-damage|p1a: Inteleon|49\/100|[from] Hail\n|-damage|p1b: Espeon|95\/100|[from] Hail\n|-damage|p2a: East Blue|68\/100|[from] Hail\n|-heal|p2a: East Blue|74\/100|[from] item: Leftovers\n|upkeep\n|\n|t:|1699826569\n|switch|p2b: Smog Dog|Revavroom, M, shiny|100\/100\n|-item|p2b: Smog Dog|Air Balloon\n|turn|6\n|\n|t:|1699826602\n|move|p1a: Inteleon|Blizzard|p2b: Smog Dog|[spread] p2a,p2b\n|-resisted|p2b: Smog Dog\n|-damage|p2a: East Blue|57\/100\n|-damage|p2b: Smog Dog|79\/100\n|-status|p2b: Smog Dog|frz\n|-enditem|p2b: Smog Dog|Air Balloon\n|move|p1b: Espeon|Psyshock|p2b: Smog Dog\n|-damage|p2b: Smog Dog|0 fnt\n|faint|p2b: Smog Dog\n|move|p2a: East Blue|Earthquake|p1a: Inteleon|[spread] p1a,p1b\n|-damage|p1a: Inteleon|24\/100\n|-damage|p1b: Espeon|67\/100\n|\n|-weather|Hail|[upkeep]\n|-damage|p1a: Inteleon|18\/100|[from] Hail\n|-damage|p1b: Espeon|61\/100|[from] Hail\n|-damage|p2a: East Blue|50\/100|[from] Hail\n|-heal|p2a: East Blue|57\/100|[from] item: Leftovers\n|upkeep\n|\n|t:|1699826617\n|switch|p2b: Rem|Gardevoir, F, shiny|100\/100\n|-damage|p2b: Rem|88\/100|[from] Spikes\n|turn|7\n|\n|t:|1699826628\n|move|p1a: Inteleon|Flip Turn|p2b: Rem\n|-damage|p2b: Rem|58\/100\n|\n|t:|1699826631\n|switch|p1a: Articuno|Articuno|11\/100|[from] Flip Turn\n|-ability|p1a: Articuno|Pressure\n|move|p1b: Espeon|Psyshock|p2a: East Blue\n|-damage|p2a: East Blue|23\/100\n|move|p2b: Rem|Draining Kiss|p1b: Espeon\n|-damage|p1b: Espeon|38\/100\n|-heal|p2b: Rem|75\/100|[from] drain|[of] p1b: Espeon\n|move|p2a: East Blue|Recover|p2a: East Blue\n|-heal|p2a: East Blue|73\/100\n|\n|-weather|Hail|[upkeep]\n|-damage|p1b: Espeon|32\/100|[from] Hail\n|-damage|p2b: Rem|68\/100|[from] Hail\n|-damage|p2a: East Blue|67\/100|[from] Hail\n|-heal|p2a: East Blue|73\/100|[from] item: Leftovers\n|upkeep\n|turn|8\n|\n|t:|1699826658\n|move|p1b: Espeon|Psyshock|p2a: East Blue\n|-damage|p2a: East Blue|40\/100\n|move|p2b: Rem|Draining Kiss|p1a: Articuno\n|-damage|p1a: Articuno|2\/100\n|-heal|p2b: Rem|78\/100|[from] drain|[of] p1a: Articuno\n|move|p1a: Articuno|Blizzard|p2b: Rem|[spread] p2a,p2b\n|-damage|p2a: East Blue|25\/100\n|-damage|p2b: Rem|52\/100\n|-status|p2a: East Blue|frz\n|cant|p2a: East Blue|frz\n|\n|-weather|none\n|-heal|p2a: East Blue|31\/100 frz|[from] item: Leftovers\n|-sideend|p1: TheOfficialSlade|move: Aurora Veil\n|upkeep\n|turn|9\n|\n|t:|1699826689\n|move|p1b: Espeon|Psyshock|p2a: East Blue\n|-damage|p2a: East Blue|0 fnt\n|faint|p2a: East Blue\n|move|p2b: Rem|Draining Kiss|p1a: Articuno\n|-damage|p1a: Articuno|0 fnt\n|-heal|p2b: Rem|54\/100|[from] drain|[of] p1a: Articuno\n|faint|p1a: Articuno\n|\n|upkeep\n|\n|t:|1699826697\n|switch|p1a: Dusclops|Dusclops, F|100\/100\n|-ability|p1a: Dusclops|Pressure\n|turn|10\n|\n|t:|1699826707\n|move|p1b: Espeon|Psyshock|p2b: Rem\n|-resisted|p2b: Rem\n|-damage|p2b: Rem|0 fnt\n|faint|p2b: Rem\n|\n|win|TheOfficialSlade\n","uploadtime":1699826714,"views":33,"p1id":"theofficialslade","p2id":"usagitheweeb","formatid":"gen9nationaldexdoubles","rating":0,"private":0,"password":""}