{"id":"gen9nationaldexdoubles-1964484931","p1":"Unclosetedrock","p2":"Junky Dummy","format":"[Gen 9] National Dex Doubles","log":"|j|\u2606Unclosetedrock\n|j|\u2606Junky Dummy\n|t:|1696972788\n|gametype|doubles\n|player|p1|Unclosetedrock|pokemonrangerf|1214\n|player|p2|Junky Dummy|266|1401\n|teamsize|p1|6\n|teamsize|p2|6\n|gen|9\n|tier|[Gen 9] National Dex Doubles\n|rated|\n|rule|HP Percentage Mod: HP is shown in percentages\n|rule|Endless Battle Clause: Forcing endless battles is banned\n|rule|OHKO Clause: OHKO moves are banned\n|rule|Evasion Moves Clause: Evasion moves are banned\n|rule|Evasion Abilities Clause: Evasion abilities are banned\n|rule|Species Clause: Limit one of each Pok\u00e9mon\n|rule|Gravity Sleep Clause: The combination of sleep-inducing moves with imperfect accuracy and Gravity or Gigantamax Orbeetle are banned\n|clearpoke\n|poke|p1|Armarouge, F|\n|poke|p1|Urshifu-*, F|\n|poke|p1|Goodra-Hisui, M|\n|poke|p1|Tyranitar, M|\n|poke|p1|Ursaluna, F|\n|poke|p1|Amoonguss, M|\n|poke|p2|Charizard, F|\n|poke|p2|Chi-Yu|\n|poke|p2|Flutter Mane|\n|poke|p2|Whimsicott, M|\n|poke|p2|Kingambit, F|\n|poke|p2|Landorus-Therian, M|\n|teampreview\n|inactive|Battle timer is ON: inactive players will automatically lose when time's up. (requested by Junky Dummy)\n|\n|t:|1696972792\n|start\n|switch|p1a: Armarouge|Armarouge, F|100\/100\n|switch|p1b: Ursaluna|Ursaluna, F|100\/100\n|switch|p2a: Charizard|Charizard, F, shiny|100\/100\n|switch|p2b: Chi-Yu|Chi-Yu|100\/100\n|-ability|p2b: Chi-Yu|Beads of Ruin\n|turn|1\n|\n|t:|1696972806\n|detailschange|p2a: Charizard|Charizard-Mega-Y, F, shiny\n|-mega|p2a: Charizard|Charizard|Charizardite Y\n|-weather|SunnyDay|[from] ability: Drought|[of] p2a: Charizard\n|move|p1b: Ursaluna|Protect|p1b: Ursaluna\n|-singleturn|p1b: Ursaluna|Protect\n|move|p2b: Chi-Yu|Dark Pulse|p1a: Armarouge\n|-supereffective|p1a: Armarouge\n|-damage|p1a: Armarouge|0 fnt\n|faint|p1a: Armarouge\n|move|p2a: Charizard|Solar Beam||[still]\n|-prepare|p2a: Charizard|Solar Beam\n|-anim|p2a: Charizard|Solar Beam|p1b: Ursaluna\n|-activate|p1b: Ursaluna|move: Protect\n|\n|-weather|SunnyDay|[upkeep]\n|-status|p1b: Ursaluna|brn|[from] item: Flame Orb\n|upkeep\n|\n|t:|1696972824\n|switch|p1a: Tyranitar|Tyranitar, M|100\/100\n|-weather|Sandstorm|[from] ability: Sand Stream|[of] p1a: Tyranitar\n|turn|2\n|inactive|Junky Dummy has 120 seconds left.\n|\n|t:|1696972865\n|switch|p2b: Kingambit|Kingambit, F, shiny|100\/100\n|switch|p2a: Landorus|Landorus-Therian, M, shiny|100\/100\n|-ability|p2a: Landorus|Intimidate|boost\n|-unboost|p1a: Tyranitar|atk|1\n|-unboost|p1b: Ursaluna|atk|1\n|-terastallize|p1a: Tyranitar|Flying\n|move|p1a: Tyranitar|Rock Slide|p2a: Landorus|[spread] p2a\n|-miss|p1a: Tyranitar|p2b: Kingambit\n|-damage|p2a: Landorus|84\/100\n|move|p1b: Ursaluna|Rock Slide|p2b: Kingambit|[spread] p2a,p2b\n|-resisted|p2b: Kingambit\n|-damage|p2a: Landorus|60\/100\n|-damage|p2b: Kingambit|93\/100\n|\n|-weather|Sandstorm|[upkeep]\n|-damage|p1a: Tyranitar|94\/100|[from] Sandstorm\n|-damage|p1b: Ursaluna|94\/100 brn|[from] brn\n|upkeep\n|turn|3\n|inactive|Junky Dummy has 120 seconds left.\n|\n|t:|1696972908\n|move|p2a: Landorus|U-turn|p1a: Tyranitar\n|-resisted|p1a: Tyranitar\n|-damage|p1a: Tyranitar|85\/100\n|\n|t:|1696972914\n|switch|p2a: Whimsicott|Whimsicott, M, shiny|100\/100|[from] U-turn\n|move|p2b: Kingambit|Low Kick|p1b: Ursaluna\n|-supereffective|p1b: Ursaluna\n|-damage|p1b: Ursaluna|34\/100 brn\n|move|p1a: Tyranitar|Tera Blast|p2a: Whimsicott|[anim] Tera Blast Flying\n|-supereffective|p2a: Whimsicott\n|-damage|p2a: Whimsicott|24\/100\n|move|p1b: Ursaluna|Headlong Rush|p2b: Kingambit\n|-supereffective|p2b: Kingambit\n|-damage|p2b: Kingambit|0 fnt\n|-unboost|p1b: Ursaluna|def|1\n|-unboost|p1b: Ursaluna|spd|1\n|faint|p2b: Kingambit\n|\n|-weather|Sandstorm|[upkeep]\n|-damage|p2a: Whimsicott|18\/100|[from] Sandstorm\n|-damage|p1a: Tyranitar|78\/100|[from] Sandstorm\n|-damage|p1b: Ursaluna|27\/100 brn|[from] brn\n|upkeep\n|inactive|Junky Dummy has 90 seconds left.\n|\n|t:|1696972926\n|switch|p2b: Landorus|Landorus-Therian, M, shiny|60\/100\n|-ability|p2b: Landorus|Intimidate|boost\n|-unboost|p1a: Tyranitar|atk|1\n|-unboost|p1b: Ursaluna|atk|1\n|turn|4\n|inactive|Junky Dummy has 90 seconds left.\n|\n|t:|1696972953\n|move|p2a: Whimsicott|Tailwind|p2a: Whimsicott\n|-sidestart|p2: Junky Dummy|move: Tailwind\n|move|p2b: Landorus|Earthquake|p1b: Ursaluna|[spread] p2a,p1b\n|-immune|p1a: Tyranitar\n|-resisted|p2a: Whimsicott\n|-damage|p2a: Whimsicott|0 fnt\n|-damage|p1b: Ursaluna|0 fnt\n|faint|p2a: Whimsicott\n|faint|p1b: Ursaluna\n|move|p1a: Tyranitar|Tera Blast|p2b: Landorus|[anim] Tera Blast Flying\n|-damage|p2b: Landorus|37\/100\n|\n|-weather|Sandstorm|[upkeep]\n|-damage|p1a: Tyranitar|72\/100|[from] Sandstorm\n|upkeep\n|\n|t:|1696972969\n|switch|p2a: Charizard|Charizard-Mega-Y, F, shiny|100\/100\n|switch|p1b: Goodra|Goodra-Hisui, M|100\/100\n|-weather|SunnyDay|[from] ability: Drought|[of] p2a: Charizard\n|turn|5\n|inactive|Junky Dummy has 120 seconds left.\n|\n|t:|1696972993\n|switch|p1b: Amoonguss|Amoonguss, M|100\/100\n|move|p2a: Charizard|Hidden Power|p1a: Tyranitar\n|-supereffective|p1a: Tyranitar\n|-damage|p1a: Tyranitar|42\/100\n|-zpower|p2b: Landorus\n|move|p2b: Landorus|Tectonic Rage|p1b: Amoonguss|[zeffect]\n|-damage|p1b: Amoonguss|8\/100\n|-enditem|p1b: Amoonguss|Sitrus Berry|[eat]\n|-heal|p1b: Amoonguss|33\/100|[from] item: Sitrus Berry\n|move|p1a: Tyranitar|Rock Slide|p2b: Landorus|[spread] p2b\n|-miss|p1a: Tyranitar|p2a: Charizard\n|-damage|p2b: Landorus|24\/100\n|\n|-weather|SunnyDay|[upkeep]\n|upkeep\n|turn|6\n|inactive|Junky Dummy has 120 seconds left.\n|\n|t:|1696973023\n|move|p1b: Amoonguss|Rage Powder|p1b: Amoonguss\n|-singleturn|p1b: Amoonguss|move: Rage Powder\n|move|p2a: Charizard|Heat Wave|p1a: Tyranitar|[spread] p1a,p1b\n|-supereffective|p1b: Amoonguss\n|-damage|p1a: Tyranitar|6\/100\n|-damage|p1b: Amoonguss|0 fnt\n|faint|p1b: Amoonguss\n|move|p2b: Landorus|U-turn|p1a: Tyranitar\n|-resisted|p1a: Tyranitar\n|-damage|p1a: Tyranitar|0 fnt\n|faint|p1a: Tyranitar\n|\n|t:|1696973031\n|switch|p2b: Chi-Yu|Chi-Yu|100\/100|[from] U-turn\n|-ability|p2b: Chi-Yu|Beads of Ruin\n|\n|-weather|SunnyDay|[upkeep]\n|upkeep\n|\n|t:|1696973036\n|switch|p1a: Urshifu|Urshifu-Rapid-Strike, F|100\/100\n|switch|p1b: Goodra|Goodra-Hisui, M|100\/100\n|turn|7\n|\n|t:|1696973050\n|move|p2b: Chi-Yu|Overheat|p1b: Goodra\n|-damage|p1b: Goodra|26\/100\n|-unboost|p2b: Chi-Yu|spa|2\n|move|p2a: Charizard|Solar Beam||[still]\n|-prepare|p2a: Charizard|Solar Beam\n|-anim|p2a: Charizard|Solar Beam|p1a: Urshifu\n|-supereffective|p1a: Urshifu\n|-enditem|p1a: Urshifu|Focus Sash\n|-damage|p1a: Urshifu|1\/100\n|move|p1a: Urshifu|Surging Strikes|p2a: Charizard\n|-supereffective|p2a: Charizard\n|-crit|p2a: Charizard\n|-damage|p2a: Charizard|75\/100\n|-supereffective|p2a: Charizard\n|-crit|p2a: Charizard\n|-damage|p2a: Charizard|52\/100\n|-supereffective|p2a: Charizard\n|-crit|p2a: Charizard\n|-damage|p2a: Charizard|28\/100\n|-hitcount|p2a: Charizard|3\n|move|p1b: Goodra|Shelter|p1b: Goodra\n|-boost|p1b: Goodra|def|2\n|\n|-weather|SunnyDay|[upkeep]\n|-heal|p1b: Goodra|32\/100|[from] item: Leftovers\n|-sideend|p2: Junky Dummy|move: Tailwind\n|upkeep\n|turn|8\n|\n|t:|1696973074\n|move|p2a: Charizard|Protect|p2a: Charizard\n|-singleturn|p2a: Charizard|Protect\n|move|p1a: Urshifu|Aqua Jet|p2a: Charizard\n|-supereffective|p2a: Charizard\n|-damage|p2a: Charizard|4\/100\n|move|p2b: Chi-Yu|Heat Wave|p1a: Urshifu|[spread] p1a\n|-miss|p2b: Chi-Yu|p1b: Goodra\n|-resisted|p1a: Urshifu\n|-damage|p1a: Urshifu|0 fnt\n|faint|p1a: Urshifu\n|move|p1b: Goodra|Body Press|p2b: Chi-Yu\n|-supereffective|p2b: Chi-Yu\n|-enditem|p2b: Chi-Yu|Focus Sash\n|-damage|p2b: Chi-Yu|1\/100\n|\n|-weather|SunnyDay|[upkeep]\n|-heal|p1b: Goodra|38\/100|[from] item: Leftovers\n|upkeep\n|turn|9\n|\n|t:|1696973097\n|move|p2b: Chi-Yu|Overheat|p1b: Goodra\n|-damage|p1b: Goodra|0 fnt\n|-unboost|p2b: Chi-Yu|spa|2\n|faint|p1b: Goodra\n|\n|win|Junky Dummy\n|raw|Unclosetedrock's rating: 1214 &rarr; <strong>1201<\/strong><br \/>(-13 for losing)\n|raw|Junky Dummy's rating: 1401 &rarr; <strong>1411<\/strong><br \/>(+10 for winning)\n|l|\u2606Unclosetedrock\n","uploadtime":1696973108,"views":9,"p1id":"unclosetedrock","p2id":"junkydummy","formatid":"gen9nationaldexdoubles","rating":1201,"private":0,"password":""}