{"id":"gen9nationaldexdoubles-1955606926","p1":"Nickalip","p2":"HeroTTM","format":"[Gen 9] National Dex Doubles","log":"|j|\u2606Nickalip\n|j|\u2606HeroTTM\n|t:|1696011558\n|gametype|doubles\n|player|p1|Nickalip|steven|1110\n|player|p2|HeroTTM|265|1093\n|teamsize|p1|6\n|teamsize|p2|6\n|gen|9\n|tier|[Gen 9] National Dex Doubles\n|rated|\n|rule|HP Percentage Mod: HP is shown in percentages\n|rule|Endless Battle Clause: Forcing endless battles is banned\n|rule|OHKO Clause: OHKO moves are banned\n|rule|Evasion Moves Clause: Evasion moves are banned\n|rule|Evasion Abilities Clause: Evasion abilities are banned\n|rule|Species Clause: Limit one of each Pok\u00e9mon\n|rule|Gravity Sleep Clause: The combination of sleep-inducing moves with imperfect accuracy and Gravity or Gigantamax Orbeetle are banned\n|clearpoke\n|poke|p1|Gallade, M|\n|poke|p1|Scizor, M|\n|poke|p1|Serperior, F|\n|poke|p1|Ceruledge, M|\n|poke|p1|Swampert, M|\n|poke|p1|Gardevoir, F|\n|poke|p2|Ribombee, M|\n|poke|p2|Mawile, M|\n|poke|p2|Fezandipiti, M|\n|poke|p2|Mimikyu, F|\n|poke|p2|Enamorus, F|\n|poke|p2|Dedenne, M|\n|teampreview\n|\n|t:|1696011572\n|start\n|switch|p1a: Rana Qliaa|Swampert, M|100\/100\n|switch|p1b: Snake|Serperior, F, shiny|100\/100\n|switch|p2a: Ribombee|Ribombee, M|100\/100\n|switch|p2b: Fezandipiti|Fezandipiti, M|100\/100\n|turn|1\n|\n|t:|1696011621\n|move|p2a: Ribombee|Quiver Dance|p2a: Ribombee\n|-boost|p2a: Ribombee|spa|1\n|-boost|p2a: Ribombee|spd|1\n|-boost|p2a: Ribombee|spe|1\n|move|p2b: Fezandipiti|Icy Wind|p1a: Rana Qliaa|[spread] p1a,p1b\n|-crit|p1a: Rana Qliaa\n|-supereffective|p1b: Snake\n|-damage|p1a: Rana Qliaa|94\/100\n|-damage|p1b: Snake|84\/100\n|-unboost|p1a: Rana Qliaa|spe|1\n|-boost|p1b: Snake|spe|1\n|move|p1b: Snake|Knock Off|p2a: Ribombee\n|-resisted|p2a: Ribombee\n|-damage|p2a: Ribombee|84\/100\n|-enditem|p2a: Ribombee|Aguav Berry|[from] move: Knock Off|[of] p1b: Snake\n|move|p1a: Rana Qliaa|Earthquake|p2a: Ribombee|[spread] p1b,p2a,p2b\n|-resisted|p1b: Snake\n|-resisted|p2a: Ribombee\n|-supereffective|p2b: Fezandipiti\n|-damage|p1b: Snake|66\/100\n|-damage|p2a: Ribombee|56\/100\n|-damage|p2b: Fezandipiti|15\/100\n|-enditem|p2b: Fezandipiti|Aguav Berry|[eat]\n|-heal|p2b: Fezandipiti|48\/100|[from] item: Aguav Berry\n|\n|-heal|p1b: Snake|73\/100|[from] item: Leftovers\n|upkeep\n|turn|2\n|\n|t:|1696011652\n|move|p2a: Ribombee|Dazzling Gleam|p1a: Rana Qliaa|[spread] p1a,p1b\n|-damage|p1a: Rana Qliaa|70\/100\n|-damage|p1b: Snake|21\/100\n|move|p1b: Snake|Knock Off|p2a: Ribombee\n|-resisted|p2a: Ribombee\n|-damage|p2a: Ribombee|45\/100\n|move|p2b: Fezandipiti|Icy Wind|p1a: Rana Qliaa|[spread] p1a,p1b\n|-crit|p1a: Rana Qliaa\n|-supereffective|p1b: Snake\n|-damage|p1a: Rana Qliaa|64\/100\n|-damage|p1b: Snake|3\/100\n|-unboost|p1a: Rana Qliaa|spe|1\n|-boost|p1b: Snake|spe|1\n|move|p1a: Rana Qliaa|Earthquake|p2b: Fezandipiti|[spread] p1b,p2a,p2b\n|-resisted|p1b: Snake\n|-resisted|p2a: Ribombee\n|-supereffective|p2b: Fezandipiti\n|-damage|p1b: Snake|0 fnt\n|-damage|p2a: Ribombee|17\/100\n|-damage|p2b: Fezandipiti|0 fnt\n|faint|p1b: Snake\n|faint|p2b: Fezandipiti\n|\n|upkeep\n|\n|t:|1696011672\n|switch|p2b: Enamorus|Enamorus, F|100\/100\n|switch|p1b: Choro-Y|Scizor, M, shiny|100\/100\n|turn|3\n|\n|t:|1696011692\n|move|p1b: Choro-Y|Protect|p1b: Choro-Y\n|-singleturn|p1b: Choro-Y|Protect\n|move|p2a: Ribombee|Bug Buzz|p1a: Rana Qliaa\n|-damage|p1a: Rana Qliaa|27\/100\n|move|p2b: Enamorus|Superpower|p1b: Choro-Y\n|-activate|p1b: Choro-Y|move: Protect\n|move|p1a: Rana Qliaa|Sludge Wave|p2b: Enamorus|[spread] p2a,p2b\n|-activate|p1b: Choro-Y|move: Protect\n|-supereffective|p2a: Ribombee\n|-supereffective|p2b: Enamorus\n|-damage|p2a: Ribombee|0 fnt\n|-damage|p2b: Enamorus|71\/100\n|faint|p2a: Ribombee\n|\n|upkeep\n|\n|t:|1696011716\n|switch|p2a: Mawile|Mawile, M|100\/100\n|turn|4\n|\n|t:|1696011728\n|detailschange|p2a: Mawile|Mawile-Mega, M\n|-mega|p2a: Mawile|Mawile|Mawilite\n|move|p1b: Choro-Y|Bullet Punch|p2b: Enamorus\n|-supereffective|p2b: Enamorus\n|-damage|p2b: Enamorus|0 fnt\n|faint|p2b: Enamorus\n|move|p2a: Mawile|Swords Dance|p2a: Mawile\n|-boost|p2a: Mawile|atk|2\n|move|p1a: Rana Qliaa|Earthquake|p2a: Mawile|[spread] p1b,p2a\n|-supereffective|p2a: Mawile\n|-damage|p1b: Choro-Y|76\/100\n|-damage|p2a: Mawile|44\/100\n|\n|upkeep\n|\n|t:|1696011755\n|switch|p2b: Dedenne|Dedenne, M|100\/100\n|turn|5\n|\n|t:|1696011768\n|move|p1b: Choro-Y|Protect|p1b: Choro-Y\n|-singleturn|p1b: Choro-Y|Protect\n|move|p2b: Dedenne|Thunderbolt|p1b: Choro-Y\n|-activate|p1b: Choro-Y|move: Protect\n|move|p2a: Mawile|Play Rough|p1a: Rana Qliaa\n|-damage|p1a: Rana Qliaa|0 fnt\n|faint|p1a: Rana Qliaa\n|\n|upkeep\n|\n|t:|1696011783\n|switch|p1a: K\u0101v|Ceruledge, M|100\/100\n|turn|6\n|\n|t:|1696011795\n|move|p1b: Choro-Y|Bullet Punch|p2b: Dedenne\n|-damage|p2b: Dedenne|43\/100\n|move|p2a: Mawile|Sucker Punch|p1a: K\u0101v\n|-supereffective|p1a: K\u0101v\n|-damage|p1a: K\u0101v|0 fnt\n|faint|p1a: K\u0101v\n|move|p2b: Dedenne|Thunderbolt|p1b: Choro-Y\n|-crit|p1b: Choro-Y\n|-damage|p1b: Choro-Y|25\/100\n|\n|upkeep\n|\n|t:|1696011805\n|switch|p1a: Nick|Gallade, M|100\/100\n|turn|7\n|\n|t:|1696011814\n|detailschange|p1a: Nick|Gallade-Mega, M\n|-mega|p1a: Nick|Gallade|Galladite\n|move|p1b: Choro-Y|Bullet Punch|p2b: Dedenne\n|-damage|p2b: Dedenne|0 fnt\n|faint|p2b: Dedenne\n|move|p1a: Nick|Earthquake|p2a: Mawile|[spread] p1b,p2a\n|-supereffective|p2a: Mawile\n|-damage|p1b: Choro-Y|0 fnt\n|-damage|p2a: Mawile|0 fnt\n|faint|p1b: Choro-Y\n|faint|p2a: Mawile\n|\n|upkeep\n|\n|t:|1696011825\n|switch|p2b: Mimikyu|Mimikyu, F|100\/100\n|switch|p1b: Himiko|Gardevoir, F|100\/100\n|turn|8\n|\n|t:|1696011847\n|move|p1a: Nick|Shadow Sneak|p2b: Mimikyu\n|-activate|p2b: Mimikyu|ability: Disguise\n|-damage|p2b: Mimikyu|100\/100\n|detailschange|p2b: Mimikyu|Mimikyu-Busted, F\n|-damage|p2b: Mimikyu|88\/100|[from] pokemon: Mimikyu-Busted\n|-zpower|p2b: Mimikyu\n|move|p2b: Mimikyu|Let's Snuggle Forever|p1a: Nick|[zeffect]\n|-supereffective|p1a: Nick\n|-damage|p1a: Nick|0 fnt\n|faint|p1a: Nick\n|move|p1b: Himiko|Shadow Ball|p2b: Mimikyu\n|-supereffective|p2b: Mimikyu\n|-damage|p2b: Mimikyu|20\/100\n|\n|upkeep\n|turn|9\n|\n|t:|1696011867\n|move|p2b: Mimikyu|Shadow Claw|p1b: Himiko\n|-supereffective|p1b: Himiko\n|-damage|p1b: Himiko|3\/100\n|move|p1b: Himiko|Shadow Ball|p2b: Mimikyu\n|-supereffective|p2b: Mimikyu\n|-damage|p2b: Mimikyu|0 fnt\n|faint|p2b: Mimikyu\n|\n|win|Nickalip\n|raw|Nickalip's rating: 1110 &rarr; <strong>1134<\/strong><br \/>(+24 for winning)\n|raw|HeroTTM's rating: 1093 &rarr; <strong>1070<\/strong><br \/>(-23 for losing)\n|c|\u2606HeroTTM|gg\n|c|\u2606Nickalip|So close\n|c|\u2606Nickalip|gg brl\n|c|\u2606HeroTTM|ye\n|c|\u2606Nickalip|Bro*\n","uploadtime":1696011904,"views":7,"p1id":"nickalip","p2id":"herottm","formatid":"gen9nationaldexdoubles","rating":1070,"private":0,"password":""}