{"id":"gen9nationaldexdoubles-1953372983","p1":"dragapult1977","p2":"femspencer","format":"[Gen 9] National Dex Doubles","log":"|j|\u2606dragapult1977\n|j|\u2606femspencer\n|t:|1695779528\n|gametype|doubles\n|player|p1|dragapult1977|fisherman-gen4|1000\n|player|p2|femspencer|nurse|1187\n|teamsize|p1|6\n|teamsize|p2|6\n|gen|9\n|tier|[Gen 9] National Dex Doubles\n|rated|\n|rule|HP Percentage Mod: HP is shown in percentages\n|rule|Endless Battle Clause: Forcing endless battles is banned\n|rule|OHKO Clause: OHKO moves are banned\n|rule|Evasion Moves Clause: Evasion moves are banned\n|rule|Evasion Abilities Clause: Evasion abilities are banned\n|rule|Species Clause: Limit one of each Pok\u00e9mon\n|rule|Gravity Sleep Clause: The combination of sleep-inducing moves with imperfect accuracy and Gravity or Gigantamax Orbeetle are banned\n|clearpoke\n|poke|p1|Hatterene, F|\n|poke|p1|Indeedee-F, F|\n|poke|p1|Dragapult, F|\n|poke|p1|Grimmsnarl, M|\n|poke|p1|Amoonguss, M|\n|poke|p1|Maushold|\n|poke|p2|Sinistcha-Masterpiece|\n|poke|p2|Chandelure, M|\n|poke|p2|Flutter Mane|\n|poke|p2|Cofagrigus, M|\n|poke|p2|Gourgeist-*, F|\n|poke|p2|Dragapult, F|\n|teampreview\n|inactive|Battle timer is ON: inactive players will automatically lose when time's up. (requested by dragapult1977)\n|\n|t:|1695779539\n|start\n|switch|p1a: Indeedee|Indeedee-F, F|100\/100\n|switch|p1b: Hatterene|Hatterene, F|100\/100\n|switch|p2a: Flutter Mane|Flutter Mane|100\/100\n|switch|p2b: Gourgeist|Gourgeist, F|100\/100\n|-item|p1a: Indeedee|Safety Goggles|[from] ability: Frisk|[of] p2b: Gourgeist|[identify]\n|-item|p1b: Hatterene|Leftovers|[from] ability: Frisk|[of] p2b: Gourgeist|[identify]\n|-fieldstart|move: Psychic Terrain|[from] ability: Psychic Surge|[of] p1a: Indeedee\n|turn|1\n|\n|t:|1695779560\n|-terastallize|p2a: Flutter Mane|Fairy\n|move|p1a: Indeedee|Follow Me|p1a: Indeedee\n|-singleturn|p1a: Indeedee|move: Follow Me\n|move|p2b: Gourgeist|Shadow Sneak|p1a: Indeedee\n|-activate|p1a: Indeedee|move: Psychic Terrain\n|move|p2a: Flutter Mane|Moonblast|p1a: Indeedee\n|-damage|p1a: Indeedee|40\/100\n|move|p1b: Hatterene|Substitute|p1b: Hatterene\n|-start|p1b: Hatterene|Substitute\n|-damage|p1b: Hatterene|76\/100\n|\n|-heal|p1b: Hatterene|82\/100|[from] item: Leftovers\n|upkeep\n|turn|2\n|\n|t:|1695779578\n|move|p2a: Flutter Mane|Moonblast|p1a: Indeedee\n|-damage|p1a: Indeedee|0 fnt\n|faint|p1a: Indeedee\n|move|p2b: Gourgeist|Phantom Force||[still]\n|-prepare|p2b: Gourgeist|Phantom Force\n|move|p1b: Hatterene|Swords Dance|p1b: Hatterene\n|-boost|p1b: Hatterene|atk|2\n|\n|-heal|p1b: Hatterene|88\/100|[from] item: Leftovers\n|upkeep\n|\n|t:|1695779587\n|switch|p1a: Maushold|Maushold|100\/100\n|turn|3\n|\n|t:|1695779593\n|move|p1a: Maushold|Follow Me|p1a: Maushold\n|-singleturn|p1a: Maushold|move: Follow Me\n|move|p2a: Flutter Mane|Moonblast|p1a: Maushold\n|-damage|p1a: Maushold|17\/100\n|-enditem|p1a: Maushold|Sitrus Berry|[eat]\n|-heal|p1a: Maushold|42\/100|[from] item: Sitrus Berry\n|move|p2b: Gourgeist|Phantom Force|p1a: Maushold|[from]lockedmove\n|-immune|p1a: Maushold\n|move|p1b: Hatterene|Baton Pass|p1b: Hatterene\n|\n|t:|1695779607\n|switch|p1b: Dragapult|Dragapult, F|100\/100|[from] Baton Pass\n|\n|upkeep\n|turn|4\n|\n|t:|1695779625\n|move|p1a: Maushold|Follow Me|p1a: Maushold\n|-singleturn|p1a: Maushold|move: Follow Me\n|move|p2a: Flutter Mane|Moonblast|p1a: Maushold\n|-damage|p1a: Maushold|0 fnt\n|faint|p1a: Maushold\n|move|p1b: Dragapult|Dragon Dance|p1b: Dragapult\n|-boost|p1b: Dragapult|atk|1\n|-boost|p1b: Dragapult|spe|1\n|move|p2b: Gourgeist|Phantom Force||[still]\n|-prepare|p2b: Gourgeist|Phantom Force\n|\n|upkeep\n|\n|t:|1695779639\n|switch|p1a: Grimmsnarl|Grimmsnarl, M|100\/100\n|turn|5\n|\n|t:|1695779645\n|move|p1a: Grimmsnarl|Reflect|p1a: Grimmsnarl\n|-sidestart|p1: dragapult1977|Reflect\n|move|p1b: Dragapult|Phantom Force||[still]\n|-prepare|p1b: Dragapult|Phantom Force\n|move|p2a: Flutter Mane|Moonblast|p1b: Dragapult|[miss]\n|-miss|p2a: Flutter Mane|p1b: Dragapult\n|move|p2b: Gourgeist|Phantom Force|p1b: Dragapult|[from]lockedmove|[miss]\n|-miss|p2b: Gourgeist|p1b: Dragapult\n|\n|-fieldend|move: Psychic Terrain\n|upkeep\n|turn|6\n|\n|t:|1695779658\n|move|p1a: Grimmsnarl|Light Screen|p1a: Grimmsnarl\n|-sidestart|p1: dragapult1977|move: Light Screen\n|move|p1b: Dragapult|Phantom Force|p2a: Flutter Mane|[from]lockedmove\n|-damage|p2a: Flutter Mane|0 fnt\n|faint|p2a: Flutter Mane\n|-end|p2a: Flutter Mane|Protosynthesis|[silent]\n|-damage|p1b: Dragapult|91\/100|[from] item: Life Orb\n|move|p2b: Gourgeist|Phantom Force||[still]\n|-prepare|p2b: Gourgeist|Phantom Force\n|\n|upkeep\n|\n|t:|1695779668\n|switch|p2a: Cofagrigus|Cofagrigus, M|100\/100\n|turn|7\n|\n|t:|1695779675\n|move|p1a: Grimmsnarl|Taunt|p2a: Cofagrigus\n|-start|p2a: Cofagrigus|move: Taunt\n|move|p1b: Dragapult|Phantom Force||[still]\n|-prepare|p1b: Dragapult|Phantom Force\n|move|p2b: Gourgeist|Phantom Force|p1b: Dragapult|[from]lockedmove|[miss]\n|-miss|p2b: Gourgeist|p1b: Dragapult\n|cant|p2a: Cofagrigus|move: Taunt|Iron Defense\n|\n|upkeep\n|turn|8\n|\n|t:|1695779689\n|move|p2b: Gourgeist|Shadow Sneak|p1a: Grimmsnarl\n|-resisted|p1a: Grimmsnarl\n|-damage|p1a: Grimmsnarl|94\/100\n|move|p1a: Grimmsnarl|Parting Shot|p2b: Gourgeist\n|-unboost|p2b: Gourgeist|atk|1\n|-unboost|p2b: Gourgeist|spa|1\n|\n|t:|1695779696\n|switch|p1a: Amoonguss|Amoonguss, M|100\/100|[from] Parting Shot\n|move|p1b: Dragapult|Phantom Force|p2a: Cofagrigus|[from]lockedmove\n|-supereffective|p2a: Cofagrigus\n|-damage|p2a: Cofagrigus|0 fnt\n|-activate|p2a: Cofagrigus|ability: Mummy|Clear Body|[of] p1b: Dragapult\n|faint|p2a: Cofagrigus\n|-damage|p1b: Dragapult|81\/100|[from] item: Life Orb\n|\n|upkeep\n|\n|t:|1695779708\n|switch|p2a: Dragapult|Dragapult, F, shiny|100\/100\n|turn|9\n|\n|t:|1695779718\n|move|p1a: Amoonguss|Rage Powder|p1a: Amoonguss\n|-singleturn|p1a: Amoonguss|move: Rage Powder\n|move|p1b: Dragapult|Sucker Punch|p2a: Dragapult\n|-supereffective|p2a: Dragapult\n|-damage|p2a: Dragapult|0 fnt\n|faint|p2a: Dragapult\n|-damage|p1b: Dragapult|71\/100|[from] item: Life Orb\n|move|p2b: Gourgeist|Phantom Force||[still]\n|-prepare|p2b: Gourgeist|Phantom Force\n|\n|upkeep\n|\n|t:|1695779726\n|switch|p2a: Chandelure|Chandelure, M|100\/100\n|turn|10\n|\n|t:|1695779732\n|-terastallize|p1a: Amoonguss|Water\n|move|p1a: Amoonguss|Rage Powder|p1a: Amoonguss\n|-singleturn|p1a: Amoonguss|move: Rage Powder\n|move|p1b: Dragapult|Phantom Force||[still]\n|-prepare|p1b: Dragapult|Phantom Force\n|move|p2a: Chandelure|Flamethrower|p1a: Amoonguss\n|-resisted|p1a: Amoonguss\n|-damage|p1a: Amoonguss|87\/100\n|move|p2b: Gourgeist|Phantom Force|p1b: Dragapult|[from]lockedmove|[miss]\n|-miss|p2b: Gourgeist|p1b: Dragapult\n|\n|upkeep\n|turn|11\n|-message|femspencer forfeited.\n|\n|win|dragapult1977\n|raw|dragapult1977's rating: 1000 &rarr; <strong>1060<\/strong><br \/>(+60 for winning)\n|raw|femspencer's rating: 1187 &rarr; <strong>1150<\/strong><br \/>(-37 for losing)\n|l|\u2606femspencer\n|n|\u2606dragapult1977|dragapult1977\n","uploadtime":1695779765,"views":12,"p1id":"dragapult1977","p2id":"femspencer","formatid":"gen9nationaldexdoubles","rating":1060,"private":0,"password":""}