{"id":"gen9nationaldexdoubles-1985625067","p1":"MoobleGooble","p2":"Elite Four Spiffy","format":"[Gen 9] National Dex Doubles","log":"|j|\u2606MoobleGooble\n|j|\u2606Elite Four Spiffy\n|t:|1699390111\n|gametype|doubles\n|player|p1|MoobleGooble|bianca|1104\n|player|p2|Elite Four Spiffy|ethan-masters|1189\n|teamsize|p1|6\n|teamsize|p2|6\n|gen|9\n|tier|[Gen 9] National Dex Doubles\n|rated|\n|rule|HP Percentage Mod: HP is shown in percentages\n|rule|Endless Battle Clause: Forcing endless battles is banned\n|rule|OHKO Clause: OHKO moves are banned\n|rule|Evasion Moves Clause: Evasion moves are banned\n|rule|Evasion Abilities Clause: Evasion abilities are banned\n|rule|Species Clause: Limit one of each Pok\u00e9mon\n|rule|Gravity Sleep Clause: The combination of sleep-inducing moves with imperfect accuracy and Gravity or Gigantamax Orbeetle are banned\n|clearpoke\n|poke|p1|Zangoose, F|\n|poke|p1|Ninetales-Alola, M|\n|poke|p1|Audino, F|\n|poke|p1|Pawmot, F|\n|poke|p1|Grimmsnarl, M|\n|poke|p1|Dudunsparce-*, F|\n|poke|p2|Galvantula, M|\n|poke|p2|Iron Thorns|\n|poke|p2|Arctozolt|\n|poke|p2|Manectric, M|\n|poke|p2|Raichu-Alola, M|\n|poke|p2|Morpeko, M|\n|teampreview\n|inactive|Battle timer is ON: inactive players will automatically lose when time's up. (requested by Elite Four Spiffy)\n|\n|t:|1699390122\n|start\n|switch|p1a: Ninetales|Ninetales-Alola, M|100\/100\n|switch|p1b: Dudunsparce|Dudunsparce-Three-Segment, F|100\/100\n|switch|p2a: Spider-Bug|Galvantula, M|100\/100\n|switch|p2b: Iron Titan|Iron Thorns|100\/100\n|-weather|Snow|[from] ability: Snow Warning|[of] p1a: Ninetales\n|turn|1\n|\n|t:|1699390137\n|move|p1a: Ninetales|Aurora Veil|p1a: Ninetales\n|-sidestart|p1: MoobleGooble|move: Aurora Veil\n|move|p2a: Spider-Bug|Sticky Web|p1a: Ninetales\n|-sidestart|p1: MoobleGooble|move: Sticky Web\n|move|p2b: Iron Titan|Electric Terrain|p2b: Iron Titan\n|-fieldstart|move: Electric Terrain\n|-activate|p2b: Iron Titan|ability: Quark Drive\n|-start|p2b: Iron Titan|quarkdriveatk\n|move|p1b: Dudunsparce|Rock Slide|p2a: Spider-Bug|[spread] p2a,p2b\n|-supereffective|p2a: Spider-Bug\n|-damage|p2a: Spider-Bug|36\/100\n|-damage|p2b: Iron Titan|86\/100\n|\n|-weather|Snow|[upkeep]\n|upkeep\n|turn|2\n|inactive|MoobleGooble has 120 seconds left.\n|\n|t:|1699390169\n|move|p1a: Ninetales|Calm Mind|p1a: Ninetales\n|-boost|p1a: Ninetales|spa|1\n|-boost|p1a: Ninetales|spd|1\n|move|p2a: Spider-Bug|Thunder|p1b: Dudunsparce\n|-damage|p1b: Dudunsparce|75\/100\n|-status|p1b: Dudunsparce|par\n|move|p2b: Iron Titan|Rock Slide|p1b: Dudunsparce|[spread] p1a,p1b\n|-supereffective|p1a: Ninetales\n|-damage|p1a: Ninetales|45\/100\n|-damage|p1b: Dudunsparce|50\/100 par\n|move|p1b: Dudunsparce|Rock Slide|p2a: Spider-Bug|[spread] p2a\n|-miss|p1b: Dudunsparce|p2b: Iron Titan\n|-supereffective|p2a: Spider-Bug\n|-damage|p2a: Spider-Bug|0 fnt\n|faint|p2a: Spider-Bug\n|\n|-weather|Snow|[upkeep]\n|-heal|p1a: Ninetales|51\/100|[from] item: Leftovers\n|upkeep\n|\n|t:|1699390186\n|switch|p2a: Abomination|Arctozolt|100\/100\n|turn|3\n|\n|t:|1699390212\n|switch|p1a: Grimmsnarl|Grimmsnarl, M|100\/100\n|-activate|p1a: Grimmsnarl|move: Sticky Web\n|-unboost|p1a: Grimmsnarl|spe|1\n|switch|p1b: Zangoose|Zangoose, F, shiny|100\/100\n|-activate|p1b: Zangoose|move: Sticky Web\n|-unboost|p1b: Zangoose|spe|1\n|move|p2a: Abomination|Bolt Beak|p1b: Zangoose\n|-damage|p1b: Zangoose|0 fnt\n|faint|p1b: Zangoose\n|move|p2b: Iron Titan|Rock Slide|p1a: Grimmsnarl\n|-damage|p1a: Grimmsnarl|51\/100\n|\n|-weather|Snow|[upkeep]\n|upkeep\n|inactive|MoobleGooble has 120 seconds left.\n|\n|t:|1699390226\n|switch|p1b: Pawmot|Pawmot, F|100\/100\n|-activate|p1b: Pawmot|move: Sticky Web\n|-unboost|p1b: Pawmot|spe|1\n|turn|4\n|\n|t:|1699390240\n|-end|p2b: Iron Titan|Quark Drive|[silent]\n|switch|p2b: Zenitsu|Raichu-Alola, M|100\/100\n|move|p1b: Pawmot|Fake Out|p2a: Abomination\n|-damage|p2a: Abomination|90\/100\n|cant|p2a: Abomination|flinch\n|move|p1a: Grimmsnarl|Drain Punch|p2a: Abomination\n|-supereffective|p2a: Abomination\n|-damage|p2a: Abomination|61\/100\n|-heal|p1a: Grimmsnarl|63\/100|[from] drain|[of] p2a: Abomination\n|\n|-weather|Snow|[upkeep]\n|upkeep\n|turn|5\n|inactive|MoobleGooble has 120 seconds left.\n|\n|t:|1699390278\n|move|p2b: Zenitsu|Psychic|p1b: Pawmot\n|-supereffective|p1b: Pawmot\n|-damage|p1b: Pawmot|6\/100\n|move|p2a: Abomination|Bolt Beak|p1a: Grimmsnarl\n|-damage|p1a: Grimmsnarl|0 fnt\n|faint|p1a: Grimmsnarl\n|move|p1b: Pawmot|Revival Blessing|p1b: Pawmot\n|inactive|MoobleGooble has 90 seconds left.\n|-message|MoobleGooble forfeited.\n|\n|win|Elite Four Spiffy\n|raw|MoobleGooble's rating: 1104 &rarr; <strong>1085<\/strong><br \/>(-19 for losing)\n|raw|Elite Four Spiffy's rating: 1189 &rarr; <strong>1208<\/strong><br \/>(+19 for winning)\n|l|\u2606MoobleGooble\n","uploadtime":1699390332,"views":5,"p1id":"mooblegooble","p2id":"elitefourspiffy","formatid":"gen9nationaldexdoubles","rating":1085,"private":0,"password":""}