{"id":"gen9nationaldexdoubles-1964549950","p1":"Tritus ELITE 4","p2":"Gumbus wumbus","format":"[Gen 9] National Dex Doubles","log":"|j|\u2606Tritus ELITE 4\n|j|\u2606Gumbus wumbus\n|t:|1696979208\n|gametype|doubles\n|player|p1|Tritus ELITE 4|wulfric|1088\n|player|p2|Gumbus wumbus|clown|1096\n|teamsize|p1|6\n|teamsize|p2|6\n|gen|9\n|tier|[Gen 9] National Dex Doubles\n|rated|\n|rule|HP Percentage Mod: HP is shown in percentages\n|rule|Endless Battle Clause: Forcing endless battles is banned\n|rule|OHKO Clause: OHKO moves are banned\n|rule|Evasion Moves Clause: Evasion moves are banned\n|rule|Evasion Abilities Clause: Evasion abilities are banned\n|rule|Species Clause: Limit one of each Pok\u00e9mon\n|rule|Gravity Sleep Clause: The combination of sleep-inducing moves with imperfect accuracy and Gravity or Gigantamax Orbeetle are banned\n|clearpoke\n|poke|p1|Basculegion-F, F|\n|poke|p1|Swampert, M|\n|poke|p1|Pelipper, F|\n|poke|p1|Araquanid, F|\n|poke|p1|Milotic, F|\n|poke|p1|Ludicolo, M|\n|poke|p2|Stoutland, F|\n|poke|p2|Clawitzer, F|\n|poke|p2|Cryogonal|\n|poke|p2|Arcanine, M|\n|poke|p2|Garganacl, M|\n|poke|p2|Dachsbun, F|\n|teampreview\n|inactive|Battle timer is ON: inactive players will automatically lose when time's up. (requested by Tritus ELITE 4)\n|\n|t:|1696979222\n|start\n|switch|p1a: Pelipper|Pelipper, F|100\/100\n|switch|p1b: Milotic|Milotic, F|100\/100\n|switch|p2a: Only|Arcanine, M, shiny|100\/100\n|switch|p2b: Single|Garganacl, M, shiny|100\/100\n|-ability|p2a: Only|Intimidate|boost\n|-unboost|p1a: Pelipper|atk|1\n|-unboost|p1b: Milotic|atk|1\n|-ability|p1b: Milotic|Competitive|boost\n|-boost|p1b: Milotic|spa|2\n|-weather|RainDance|[from] ability: Drizzle|[of] p1a: Pelipper\n|turn|1\n|\n|t:|1696979241\n|-terastallize|p2b: Single|Grass\n|move|p2a: Only|Protect|p2a: Only\n|-singleturn|p2a: Only|Protect\n|move|p1b: Milotic|Coil|p1b: Milotic\n|-boost|p1b: Milotic|atk|1\n|-boost|p1b: Milotic|def|1\n|-boost|p1b: Milotic|accuracy|1\n|move|p1a: Pelipper|Scald|p2b: Single\n|-resisted|p2b: Single\n|-crit|p2b: Single\n|-damage|p2b: Single|79\/100\n|move|p2b: Single|Salt Cure|p1b: Milotic\n|-crit|p1b: Milotic\n|-damage|p1b: Milotic|71\/100\n|-start|p1b: Milotic|Salt Cure\n|\n|-weather|RainDance|[upkeep]\n|-heal|p1b: Milotic|77\/100|[from] item: Leftovers\n|-damage|p1b: Milotic|52\/100|[from] Salt Cure\n|upkeep\n|turn|2\n|\n|t:|1696979267\n|switch|p2a: A|Dachsbun, F, shiny|100\/100\n|move|p2b: Single|Protect|p2b: Single\n|-singleturn|p2b: Single|Protect\n|move|p1b: Milotic|Muddy Water|p2a: A|[spread] p2a\n|-activate|p2b: Single|move: Protect\n|-damage|p2a: A|34\/100\n|-unboost|p2a: A|accuracy|1\n|move|p1a: Pelipper|Hurricane|p2b: Single\n|-activate|p2b: Single|move: Protect\n|\n|-weather|RainDance|[upkeep]\n|-heal|p1b: Milotic|58\/100|[from] item: Leftovers\n|-damage|p1b: Milotic|33\/100|[from] Salt Cure\n|upkeep\n|turn|3\n|inactive|Gumbus wumbus has 120 seconds left.\n|\n|t:|1696979299\n|switch|p2b: Lone|Stoutland, F, shiny|100\/100\n|move|p2a: A|Play Rough|p1a: Pelipper\n|-damage|p1a: Pelipper|67\/100\n|move|p1b: Milotic|Muddy Water|p2b: Lone|[spread] p2a,p2b\n|-damage|p2a: A|0 fnt\n|-damage|p2b: Lone|34\/100\n|faint|p2a: A\n|move|p1a: Pelipper|Hurricane|p2b: Lone\n|-damage|p2b: Lone|2\/100\n|\n|-weather|RainDance|[upkeep]\n|-heal|p2b: Lone|9\/100|[from] item: Leftovers\n|-heal|p1b: Milotic|39\/100|[from] item: Leftovers\n|-heal|p1a: Pelipper|73\/100|[from] item: Leftovers\n|-damage|p1b: Milotic|14\/100|[from] Salt Cure\n|upkeep\n|inactive|Gumbus wumbus has 120 seconds left.\n|\n|t:|1696979318\n|switch|p2a: Single|Garganacl, M, shiny, tera:Grass|79\/100\n|turn|4\n|\n|t:|1696979326\n|move|p2b: Lone|Protect|p2b: Lone\n|-singleturn|p2b: Lone|Protect\n|move|p2a: Single|Protect|p2a: Single\n|-singleturn|p2a: Single|Protect\n|move|p1b: Milotic|Muddy Water|p2b: Lone|[spread] \n|-activate|p2a: Single|move: Protect\n|-activate|p2b: Lone|move: Protect\n|move|p1a: Pelipper|Hurricane|p2a: Single\n|-activate|p2a: Single|move: Protect\n|\n|-weather|RainDance|[upkeep]\n|-heal|p2b: Lone|15\/100|[from] item: Leftovers\n|-heal|p1b: Milotic|20\/100|[from] item: Leftovers\n|-heal|p1a: Pelipper|79\/100|[from] item: Leftovers\n|-damage|p1b: Milotic|0 fnt|[from] Salt Cure\n|faint|p1b: Milotic\n|upkeep\n|\n|t:|1696979335\n|switch|p1b: Swampert|Swampert, M|100\/100\n|turn|5\n|inactive|Gumbus wumbus has 120 seconds left.\n|\n|t:|1696979373\n|switch|p2a: Only|Arcanine, M, shiny|100\/100\n|-ability|p2a: Only|Intimidate|boost\n|-unboost|p1a: Pelipper|atk|1\n|-unboost|p1b: Swampert|atk|1\n|detailschange|p1b: Swampert|Swampert-Mega, M\n|-mega|p1b: Swampert|Swampert|Swampertite\n|move|p1b: Swampert|Waterfall|p2b: Lone\n|-damage|p2b: Lone|0 fnt\n|faint|p2b: Lone\n|move|p1a: Pelipper|U-turn|p2a: Only\n|-resisted|p2a: Only\n|-damage|p2a: Only|97\/100\n|\n|t:|1696979389\n|switch|p1a: Araquanid|Araquanid, F|100\/100|[from] U-turn\n|\n|-weather|none\n|upkeep\n|inactive|Gumbus wumbus has 120 seconds left.\n|\n|t:|1696979398\n|switch|p2b: Single|Garganacl, M, shiny, tera:Grass|79\/100\n|turn|6\n|\n|t:|1696979409\n|switch|p1b: Pelipper|Pelipper, F|79\/100\n|-weather|RainDance|[from] ability: Drizzle|[of] p1b: Pelipper\n|move|p2a: Only|Heat Crash|p1a: Araquanid\n|-damage|p1a: Araquanid|96\/100\n|move|p1a: Araquanid|Liquidation|p2a: Only\n|-supereffective|p2a: Only\n|-damage|p2a: Only|0 fnt\n|faint|p2a: Only\n|-damage|p1a: Araquanid|86\/100|[from] item: Life Orb\n|move|p2b: Single|Salt Cure|p1b: Pelipper\n|-supereffective|p1b: Pelipper\n|-damage|p1b: Pelipper|42\/100\n|-start|p1b: Pelipper|Salt Cure\n|\n|-weather|RainDance|[upkeep]\n|-heal|p1b: Pelipper|48\/100|[from] item: Leftovers\n|-damage|p1b: Pelipper|23\/100|[from] Salt Cure\n|upkeep\n|\n|t:|1696979429\n|switch|p2a: Solitary|Clawitzer, F, shiny|100\/100\n|turn|7\n|\n|t:|1696979448\n|switch|p1b: Swampert|Swampert-Mega, M|100\/100\n|move|p2b: Single|Protect|p2b: Single\n|-singleturn|p2b: Single|Protect\n|move|p2a: Solitary|Ice Beam|p1a: Araquanid\n|-resisted|p1a: Araquanid\n|-damage|p1a: Araquanid|66\/100\n|-damage|p2a: Solitary|91\/100|[from] item: Life Orb\n|move|p1a: Araquanid|Lunge|p2b: Single\n|-activate|p2b: Single|move: Protect\n|\n|-weather|RainDance|[upkeep]\n|upkeep\n|turn|8\n|\n|t:|1696979472\n|switch|p2b: Unique|Cryogonal, shiny|100\/100\n|move|p1b: Swampert|Waterfall|p2a: Solitary\n|-resisted|p2a: Solitary\n|-damage|p2a: Solitary|48\/100\n|move|p2a: Solitary|Ice Beam|p1b: Swampert\n|-damage|p1b: Swampert|66\/100\n|-damage|p2a: Solitary|39\/100|[from] item: Life Orb\n|move|p1a: Araquanid|Lunge|p2b: Unique\n|-damage|p2b: Unique|39\/100\n|-unboost|p2b: Unique|atk|1\n|-damage|p1a: Araquanid|56\/100|[from] item: Life Orb\n|\n|-weather|RainDance|[upkeep]\n|upkeep\n|turn|9\n|inactive|Tritus ELITE 4 has 120 seconds left.\n|inactive|Gumbus wumbus has 120 seconds left.\n|\n|t:|1696979513\n|move|p1b: Swampert|Waterfall|p2a: Solitary\n|-resisted|p2a: Solitary\n|-damage|p2a: Solitary|0 fnt\n|faint|p2a: Solitary\n|move|p2b: Unique|Freeze-Dry|p1b: Swampert\n|-supereffective|p1b: Swampert\n|-damage|p1b: Swampert|0 fnt\n|faint|p1b: Swampert\n|move|p1a: Araquanid|Liquidation|p2b: Unique\n|-damage|p2b: Unique|0 fnt\n|faint|p2b: Unique\n|-damage|p1a: Araquanid|47\/100|[from] item: Life Orb\n|\n|-weather|RainDance|[upkeep]\n|upkeep\n|inactive|Gumbus wumbus has 120 seconds left.\n|\n|t:|1696979552\n|switch|p2b: Single|Garganacl, M, shiny, tera:Grass|79\/100\n|switch|p1b: Ludicolo|Ludicolo, M|100\/100\n|turn|10\n|\n|t:|1696979569\n|move|p1b: Ludicolo|Swords Dance|p1b: Ludicolo\n|-boost|p1b: Ludicolo|atk|2\n|move|p1a: Araquanid|Leech Life|p2b: Single\n|-supereffective|p2b: Single\n|-damage|p2b: Single|26\/100\n|-heal|p1a: Araquanid|85\/100|[from] drain|[of] p2b: Single\n|-damage|p1a: Araquanid|75\/100|[from] item: Life Orb\n|move|p2b: Single|Salt Cure|p1a: Araquanid\n|-supereffective|p1a: Araquanid\n|-damage|p1a: Araquanid|36\/100\n|-start|p1a: Araquanid|Salt Cure\n|\n|-weather|none\n|-damage|p1a: Araquanid|11\/100|[from] Salt Cure\n|upkeep\n|turn|11\n|\n|t:|1696979586\n|move|p1b: Ludicolo|Waterfall|p2b: Single\n|-resisted|p2b: Single\n|-damage|p2b: Single|0 fnt\n|faint|p2b: Single\n|-damage|p1b: Ludicolo|91\/100|[from] item: Life Orb\n|\n|win|Tritus ELITE 4\n|raw|Tritus ELITE 4's rating: 1088 &rarr; <strong>1115<\/strong><br \/>(+27 for winning)\n|raw|Gumbus wumbus's rating: 1096 &rarr; <strong>1071<\/strong><br \/>(-25 for losing)\n|l|\u2606Tritus ELITE 4\n|c|\u2606Gumbus wumbus|Gg\n","uploadtime":1696979594,"views":11,"p1id":"trituselite4","p2id":"gumbuswumbus","formatid":"gen9nationaldexdoubles","rating":1071,"private":0,"password":""}