{"id":"gen9nationaldexdoubles-1967374880","p1":"Tyten123","p2":"Rain Team Guru","format":"[Gen 9] National Dex Doubles","log":"|j|\u2606Tyten123\n|j|\u2606Rain Team Guru\n|t:|1697295603\n|gametype|doubles\n|player|p1|Tyten123|dawn|1016\n|player|p2|Rain Team Guru|boarder|1107\n|teamsize|p1|6\n|teamsize|p2|6\n|gen|9\n|tier|[Gen 9] National Dex Doubles\n|rated|\n|rule|HP Percentage Mod: HP is shown in percentages\n|rule|Endless Battle Clause: Forcing endless battles is banned\n|rule|OHKO Clause: OHKO moves are banned\n|rule|Evasion Moves Clause: Evasion moves are banned\n|rule|Evasion Abilities Clause: Evasion abilities are banned\n|rule|Species Clause: Limit one of each Pok\u00e9mon\n|rule|Gravity Sleep Clause: The combination of sleep-inducing moves with imperfect accuracy and Gravity or Gigantamax Orbeetle are banned\n|clearpoke\n|poke|p1|Grimmsnarl, M|\n|poke|p1|Okidogi, M|\n|poke|p1|Cresselia, F|\n|poke|p1|Kingambit, M|\n|poke|p1|Ursaluna-Bloodmoon, M|\n|poke|p1|Ninetales-Alola, F|\n|poke|p2|Jirachi|\n|poke|p2|Stakataka|\n|poke|p2|Bronzong|\n|poke|p2|Aegislash, F|\n|poke|p2|Goodra-Hisui, F|\n|poke|p2|Magnezone|\n|teampreview\n|\n|t:|1697295628\n|start\n|switch|p1a: Grimmsnarl|Grimmsnarl, M|100\/100\n|switch|p1b: Ninetales|Ninetales-Alola, F|100\/100\n|switch|p2a: The Great Wall|Stakataka|100\/100\n|switch|p2b: Aegislash|Aegislash, F|100\/100\n|-weather|Snow|[from] ability: Snow Warning|[of] p1b: Ninetales\n|-item|p2a: The Great Wall|Air Balloon\n|turn|1\n|inactive|Battle timer is ON: inactive players will automatically lose when time's up. (requested by Rain Team Guru)\n|\n|t:|1697295642\n|move|p2b: Aegislash|King's Shield|p2b: Aegislash\n|-singleturn|p2b: Aegislash|Protect\n|move|p1a: Grimmsnarl|Light Screen|p1a: Grimmsnarl\n|-sidestart|p1: Tyten123|move: Light Screen\n|move|p1b: Ninetales|Aurora Veil|p1b: Ninetales\n|-sidestart|p1: Tyten123|move: Aurora Veil\n|move|p2a: The Great Wall|Gyro Ball|p1b: Ninetales\n|-supereffective|p1b: Ninetales\n|-damage|p1b: Ninetales|0 fnt\n|faint|p1b: Ninetales\n|-ability|p2a: The Great Wall|Beast Boost|boost\n|-boost|p2a: The Great Wall|atk|1\n|\n|-weather|Snow|[upkeep]\n|upkeep\n|\n|t:|1697295665\n|switch|p1b: Kingambit|Kingambit, M|100\/100\n|-activate|p1b: Kingambit|ability: Supreme Overlord\n|-start|p1b: Kingambit|fallen1|[silent]\n|turn|2\n|\n|t:|1697295687\n|-terastallize|p1a: Grimmsnarl|Ice\n|move|p1a: Grimmsnarl|Reflect|p1a: Grimmsnarl\n|-sidestart|p1: Tyten123|Reflect\n|move|p1b: Kingambit|Low Kick|p2a: The Great Wall\n|-supereffective|p2a: The Great Wall\n|-damage|p2a: The Great Wall|0 fnt\n|-enditem|p2a: The Great Wall|Air Balloon\n|faint|p2a: The Great Wall\n|move|p2b: Aegislash|Substitute|p2b: Aegislash\n|-start|p2b: Aegislash|Substitute\n|-damage|p2b: Aegislash|75\/100\n|\n|-weather|Snow|[upkeep]\n|-heal|p2b: Aegislash|82\/100|[from] item: Leftovers\n|upkeep\n|\n|t:|1697295693\n|switch|p2a: Bronzong|Bronzong|100\/100\n|turn|3\n|inactive|Rain Team Guru has 120 seconds left.\n|\n|t:|1697295731\n|move|p1a: Grimmsnarl|Sucker Punch||[still]\n|-fail|p1a: Grimmsnarl\n|move|p1b: Kingambit|Knock Off|p2b: Aegislash\n|-supereffective|p2b: Aegislash\n|-end|p2b: Aegislash|Substitute\n|move|p2b: Aegislash|Toxic|p1a: Grimmsnarl\n|-status|p1a: Grimmsnarl|tox\n|move|p2a: Bronzong|Trick Room|p2a: Bronzong\n|-fieldstart|move: Trick Room|[of] p2a: Bronzong\n|\n|-weather|Snow|[upkeep]\n|-heal|p2b: Aegislash|88\/100|[from] item: Leftovers\n|-damage|p1a: Grimmsnarl|94\/100 tox|[from] psn\n|upkeep\n|turn|4\n|\n|t:|1697295747\n|move|p2b: Aegislash|King's Shield|p2b: Aegislash\n|-singleturn|p2b: Aegislash|Protect\n|move|p1a: Grimmsnarl|Sucker Punch||[still]\n|-fail|p1a: Grimmsnarl\n|move|p1b: Kingambit|Sucker Punch||[still]\n|-fail|p1b: Kingambit\n|move|p2a: Bronzong|Reflect|p2a: Bronzong\n|-sidestart|p2: Rain Team Guru|Reflect\n|\n|-weather|Snow|[upkeep]\n|-heal|p2b: Aegislash|94\/100|[from] item: Leftovers\n|-damage|p1a: Grimmsnarl|82\/100 tox|[from] psn\n|upkeep\n|turn|5\n|inactive|Rain Team Guru has 120 seconds left.\n|\n|t:|1697295779\n|move|p1a: Grimmsnarl|Sucker Punch|p2b: Aegislash\n|-supereffective|p2b: Aegislash\n|-damage|p2b: Aegislash|63\/100\n|move|p2a: Bronzong|Light Screen|p2a: Bronzong\n|-sidestart|p2: Rain Team Guru|move: Light Screen\n|-formechange|p2b: Aegislash|Aegislash-Blade||[from] ability: Stance Change\n|move|p2b: Aegislash|Shadow Ball|p1a: Grimmsnarl\n|-crit|p1a: Grimmsnarl\n|-damage|p1a: Grimmsnarl|7\/100 tox\n|move|p1b: Kingambit|Knock Off|p2a: Bronzong\n|-supereffective|p2a: Bronzong\n|-damage|p2a: Bronzong|46\/100\n|-enditem|p2a: Bronzong|Light Clay|[from] move: Knock Off|[of] p1b: Kingambit\n|\n|-weather|none\n|-heal|p2b: Aegislash|69\/100|[from] item: Leftovers\n|-damage|p1a: Grimmsnarl|0 fnt|[from] psn\n|faint|p1a: Grimmsnarl\n|upkeep\n|inactive|Tyten123 has 120 seconds left.\n|\n|t:|1697295808\n|switch|p1a: Ursaluna|Ursaluna-Bloodmoon, M|100\/100\n|turn|6\n|\n|t:|1697295834\n|switch|p2a: Jirachi|Jirachi|100\/100\n|move|p2b: Aegislash|Substitute|p2b: Aegislash\n|-start|p2b: Aegislash|Substitute\n|-damage|p2b: Aegislash|44\/100\n|move|p1a: Ursaluna|Blood Moon|p2b: Aegislash\n|-resisted|p2b: Aegislash\n|-end|p2b: Aegislash|Substitute\n|move|p1b: Kingambit|Knock Off|p2a: Jirachi\n|-supereffective|p2a: Jirachi\n|-damage|p2a: Jirachi|50\/100\n|-enditem|p2a: Jirachi|Sitrus Berry|[from] move: Knock Off|[of] p1b: Kingambit\n|\n|-heal|p2b: Aegislash|50\/100|[from] item: Leftovers\n|upkeep\n|turn|7\n|\n|t:|1697295852\n|-formechange|p2b: Aegislash|Aegislash||[from] ability: Stance Change\n|move|p2b: Aegislash|King's Shield|p2b: Aegislash\n|-singleturn|p2b: Aegislash|Protect\n|move|p1a: Ursaluna|Calm Mind|p1a: Ursaluna\n|-boost|p1a: Ursaluna|spa|1\n|-boost|p1a: Ursaluna|spd|1\n|move|p1b: Kingambit|Knock Off|p2b: Aegislash\n|-activate|p2b: Aegislash|move: Protect\n|-unboost|p1b: Kingambit|atk|1\n|move|p2a: Jirachi|Iron Head|p1a: Ursaluna\n|-damage|p1a: Ursaluna|85\/100\n|\n|-heal|p2b: Aegislash|56\/100|[from] item: Leftovers\n|-heal|p1a: Ursaluna|91\/100|[from] item: Leftovers\n|-fieldend|move: Trick Room\n|upkeep\n|turn|8\n|\n|t:|1697295873\n|move|p2a: Jirachi|Follow Me|p2a: Jirachi\n|-singleturn|p2a: Jirachi|move: Follow Me\n|move|p1b: Kingambit|Sucker Punch||[still]\n|-fail|p1b: Kingambit\n|move|p1a: Ursaluna|Blood Moon|p2a: Jirachi\n|-resisted|p2a: Jirachi\n|-damage|p2a: Jirachi|28\/100\n|move|p2b: Aegislash|Toxic|p1a: Ursaluna\n|-status|p1a: Ursaluna|tox\n|\n|-heal|p1a: Ursaluna|97\/100 tox|[from] item: Leftovers\n|-heal|p2b: Aegislash|63\/100|[from] item: Leftovers\n|-damage|p1a: Ursaluna|91\/100 tox|[from] psn\n|-sideend|p1: Tyten123|move: Light Screen\n|-sideend|p1: Tyten123|move: Aurora Veil\n|upkeep\n|turn|9\n|\n|t:|1697295897\n|move|p2a: Jirachi|Follow Me|p2a: Jirachi\n|-singleturn|p2a: Jirachi|move: Follow Me\n|move|p1b: Kingambit|Knock Off|p2a: Jirachi\n|-supereffective|p2a: Jirachi\n|-damage|p2a: Jirachi|8\/100\n|move|p1a: Ursaluna|Earth Power|p2a: Jirachi\n|-supereffective|p2a: Jirachi\n|-damage|p2a: Jirachi|0 fnt\n|faint|p2a: Jirachi\n|move|p2b: Aegislash|Substitute|p2b: Aegislash\n|-start|p2b: Aegislash|Substitute\n|-damage|p2b: Aegislash|38\/100\n|\n|-heal|p1a: Ursaluna|97\/100 tox|[from] item: Leftovers\n|-heal|p2b: Aegislash|44\/100|[from] item: Leftovers\n|-damage|p1a: Ursaluna|85\/100 tox|[from] psn\n|-sideend|p1: Tyten123|Reflect\n|upkeep\n|\n|t:|1697295905\n|switch|p2a: Bronzong|Bronzong|46\/100\n|turn|10\n|\n|t:|1697295916\n|move|p2b: Aegislash|King's Shield|p2b: Aegislash\n|-singleturn|p2b: Aegislash|Protect\n|move|p1b: Kingambit|Knock Off|p2b: Aegislash\n|-activate|p2b: Aegislash|move: Protect\n|-unboost|p1b: Kingambit|atk|1\n|move|p1a: Ursaluna|Calm Mind|p1a: Ursaluna\n|-boost|p1a: Ursaluna|spa|1\n|-boost|p1a: Ursaluna|spd|1\n|move|p2a: Bronzong|Trick Room|p2a: Bronzong\n|-fieldstart|move: Trick Room|[of] p2a: Bronzong\n|\n|-heal|p2b: Aegislash|50\/100|[from] item: Leftovers\n|-heal|p1a: Ursaluna|91\/100 tox|[from] item: Leftovers\n|-damage|p1a: Ursaluna|73\/100 tox|[from] psn\n|upkeep\n|turn|11\n|inactive|Rain Team Guru has 120 seconds left.\n|\n|t:|1697295953\n|-end|p1b: Kingambit|fallen1|[silent]\n|switch|p1b: Okidogi|Okidogi, M|100\/100\n|move|p2a: Bronzong|Gyro Ball|p1a: Ursaluna\n|-damage|p1a: Ursaluna|58\/100 tox\n|-formechange|p2b: Aegislash|Aegislash-Blade||[from] ability: Stance Change\n|move|p2b: Aegislash|Shadow Ball|p1b: Okidogi\n|-damage|p1b: Okidogi|55\/100\n|move|p1a: Ursaluna|Earth Power|p2b: Aegislash\n|-supereffective|p2b: Aegislash\n|-crit|p2b: Aegislash\n|-end|p2b: Aegislash|Substitute\n|\n|-heal|p2b: Aegislash|56\/100|[from] item: Leftovers\n|-heal|p1a: Ursaluna|64\/100 tox|[from] item: Leftovers\n|-heal|p1b: Okidogi|61\/100|[from] item: Leftovers\n|-damage|p1a: Ursaluna|40\/100 tox|[from] psn\n|-sideend|p2: Rain Team Guru|Reflect\n|upkeep\n|turn|12\n|inactive|Rain Team Guru has 120 seconds left.\n|\n|t:|1697295997\n|-formechange|p2b: Aegislash|Aegislash||[from] ability: Stance Change\n|move|p2b: Aegislash|King's Shield|p2b: Aegislash\n|-singleturn|p2b: Aegislash|Protect\n|move|p2a: Bronzong|Reflect|p2a: Bronzong\n|-sidestart|p2: Rain Team Guru|Reflect\n|move|p1a: Ursaluna|Blood Moon|p2b: Aegislash\n|-activate|p2b: Aegislash|move: Protect\n|move|p1b: Okidogi|Close Combat|p2a: Bronzong\n|-damage|p2a: Bronzong|11\/100\n|-unboost|p1b: Okidogi|def|1\n|-unboost|p1b: Okidogi|spd|1\n|\n|-heal|p2b: Aegislash|62\/100|[from] item: Leftovers\n|-heal|p1a: Ursaluna|46\/100 tox|[from] item: Leftovers\n|-heal|p1b: Okidogi|67\/100|[from] item: Leftovers\n|-damage|p1a: Ursaluna|15\/100 tox|[from] psn\n|-sideend|p2: Rain Team Guru|move: Light Screen\n|upkeep\n|turn|13\n|inactive|Rain Team Guru has 120 seconds left.\n|\n|t:|1697296011\n|switch|p1b: Cresselia|Cresselia, F|100\/100\n|move|p2a: Bronzong|Light Screen|p2a: Bronzong\n|-sidestart|p2: Rain Team Guru|move: Light Screen\n|move|p2b: Aegislash|Substitute|p2b: Aegislash\n|-start|p2b: Aegislash|Substitute\n|-damage|p2b: Aegislash|37\/100\n|move|p1a: Ursaluna|Earth Power|p2a: Bronzong\n|-supereffective|p2a: Bronzong\n|-damage|p2a: Bronzong|0 fnt\n|faint|p2a: Bronzong\n|\n|-heal|p2b: Aegislash|43\/100|[from] item: Leftovers\n|-heal|p1a: Ursaluna|21\/100 tox|[from] item: Leftovers\n|-damage|p1a: Ursaluna|0 fnt|[from] psn\n|faint|p1a: Ursaluna\n|upkeep\n|inactive|Rain Team Guru has 120 seconds left.\n|inactive|Rain Team Guru has 90 seconds left.\n|\n|t:|1697296074\n|switch|p2a: Magnezone|Magnezone|100\/100\n|switch|p1a: Okidogi|Okidogi, M|67\/100\n|turn|14\n|\n|t:|1697296086\n|move|p2b: Aegislash|King's Shield|p2b: Aegislash\n|-singleturn|p2b: Aegislash|Protect\n|move|p1b: Cresselia|Magic Coat|p1b: Cresselia\n|-singleturn|p1b: Cresselia|move: Magic Coat\n|move|p2a: Magnezone|Volt Switch|p1a: Okidogi\n|-damage|p1a: Okidogi|3\/100\n|\n|t:|1697296094\n|switch|p2a: Goodra|Goodra-Hisui, F|100\/100|[from] Volt Switch\n|move|p1a: Okidogi|Bulk Up|p1a: Okidogi\n|-boost|p1a: Okidogi|atk|1\n|-boost|p1a: Okidogi|def|1\n|\n|-heal|p2b: Aegislash|50\/100|[from] item: Leftovers\n|-heal|p1a: Okidogi|9\/100|[from] item: Leftovers\n|-fieldend|move: Trick Room\n|upkeep\n|turn|15\n|\n|t:|1697296111\n|move|p1a: Okidogi|Close Combat|p2a: Goodra\n|-supereffective|p2a: Goodra\n|-damage|p2a: Goodra|24\/100\n|-unboost|p1a: Okidogi|def|1\n|-unboost|p1a: Okidogi|spd|1\n|move|p1b: Cresselia|Lunar Dance|p1b: Cresselia\n|faint|p1b: Cresselia\n|move|p2a: Goodra|Acid Armor|p2a: Goodra\n|-boost|p2a: Goodra|def|2\n|-formechange|p2b: Aegislash|Aegislash-Blade||[from] ability: Stance Change\n|move|p2b: Aegislash|Shadow Ball|p1a: Okidogi\n|-damage|p1a: Okidogi|0 fnt\n|faint|p1a: Okidogi\n|\n|-heal|p2a: Goodra|30\/100|[from] item: Leftovers\n|-heal|p2b: Aegislash|56\/100|[from] item: Leftovers\n|upkeep\n|\n|t:|1697296125\n|switch|p1a: Kingambit|Kingambit, M|100\/100\n|-activate|p1a: Kingambit|ability: Supreme Overlord\n|-start|p1a: Kingambit|fallen5|[silent]\n|turn|16\n|\n|t:|1697296142\n|move|p1a: Kingambit|Low Kick|p2a: Goodra\n|-supereffective|p2a: Goodra\n|-damage|p2a: Goodra|5\/100\n|move|p2a: Goodra|Body Press|p1a: Kingambit\n|-supereffective|p1a: Kingambit\n|-damage|p1a: Kingambit|0 fnt\n|faint|p1a: Kingambit\n|-end|p1a: Kingambit|fallen5|[silent]\n|\n|win|Rain Team Guru\n|raw|Tyten123's rating: 1012 &rarr; <strong>1003<\/strong><br \/>(-9 for losing)\n|raw|Rain Team Guru's rating: 1107 &rarr; <strong>1125<\/strong><br \/>(+18 for winning)\n","uploadtime":1697296146,"views":8,"p1id":"tyten123","p2id":"rainteamguru","formatid":"gen9nationaldexdoubles","rating":1003,"private":0,"password":""}