{"id":"gen9nationaldexdoubles-1994953962","p1":"DracoAxel","p2":"hanagakiUBD","format":"[Gen 9] National Dex Doubles","log":"|j|\u2606DracoAxel\n|j|\u2606hanagakiUBD\n|t:|1700507734\n|gametype|doubles\n|player|p1|DracoAxel|nate|\n|player|p2|hanagakiUBD|iris-gen5bw2|\n|teamsize|p1|6\n|teamsize|p2|6\n|gen|9\n|tier|[Gen 9] National Dex Doubles\n|rule|HP Percentage Mod: HP is shown in percentages\n|rule|Endless Battle Clause: Forcing endless battles is banned\n|rule|OHKO Clause: OHKO moves are banned\n|rule|Evasion Moves Clause: Evasion moves are banned\n|rule|Evasion Abilities Clause: Evasion abilities are banned\n|rule|Species Clause: Limit one of each Pok\u00e9mon\n|rule|Gravity Sleep Clause: The combination of sleep-inducing moves with imperfect accuracy and Gravity or Gigantamax Orbeetle are banned\n|clearpoke\n|poke|p1|Charizard, M|\n|poke|p1|Venusaur, M|\n|poke|p1|Flutter Mane|\n|poke|p1|Ogerpon-Hearthflame, F|\n|poke|p1|Roaring Moon|\n|poke|p1|Grimmsnarl, M|\n|poke|p2|Omastar, F|\n|poke|p2|Gastrodon, M|\n|poke|p2|Keldeo-Resolute|\n|poke|p2|Iron Bundle|\n|poke|p2|Kingdra, F|\n|poke|p2|Politoed, M|\n|teampreview\n|inactive|Battle timer is ON: inactive players will automatically lose when time's up. (requested by hanagakiUBD)\n|c|\u2606hanagakiUBD|Full agua\n|\n|t:|1700507752\n|start\n|switch|p1a: Charizard|Charizard, M|100\/100\n|switch|p1b: Venusaur|Venusaur, M|100\/100\n|switch|p2a: Gastrodon|Gastrodon, M|100\/100\n|switch|p2b: Keldeo|Keldeo-Resolute|100\/100\n|turn|1\n|\n|t:|1700507772\n|detailschange|p1a: Charizard|Charizard-Mega-Y, M\n|-mega|p1a: Charizard|Charizard|Charizardite Y\n|-weather|SunnyDay|[from] ability: Drought|[of] p1a: Charizard\n|move|p1b: Venusaur|Energy Ball|p2a: Gastrodon\n|-supereffective|p2a: Gastrodon\n|-damage|p2a: Gastrodon|0 fnt\n|faint|p2a: Gastrodon\n|-damage|p1b: Venusaur|91\/100|[from] item: Life Orb\n|move|p2b: Keldeo|Icy Wind|p1b: Venusaur|[spread] p1a,p1b\n|-supereffective|p1b: Venusaur\n|-damage|p1a: Charizard|77\/100\n|-damage|p1b: Venusaur|43\/100\n|-unboost|p1a: Charizard|spe|1\n|-unboost|p1b: Venusaur|spe|1\n|move|p1a: Charizard|Air Slash|p2b: Keldeo\n|-supereffective|p2b: Keldeo\n|-damage|p2b: Keldeo|0 fnt\n|faint|p2b: Keldeo\n|\n|-weather|SunnyDay|[upkeep]\n|upkeep\n|inactive|hanagakiUBD has 270 seconds left.\n|\n|t:|1700507791\n|switch|p2b: Kingdra|Kingdra, F|100\/100\n|switch|p2a: Politoed|Politoed, M|100\/100\n|-weather|RainDance|[from] ability: Drizzle|[of] p2a: Politoed\n|turn|2\n|\n|t:|1700507806\n|switch|p1a: Grimmsnarl|Grimmsnarl, M|100\/100\n|switch|p1b: Roaring Moon|Roaring Moon|100\/100\n|move|p2b: Kingdra|Dragon Pulse|p1b: Roaring Moon\n|-supereffective|p1b: Roaring Moon\n|-damage|p1b: Roaring Moon|11\/100\n|-damage|p2b: Kingdra|91\/100|[from] item: Life Orb\n|move|p2a: Politoed|Surf|p1b: Roaring Moon|[spread] p2b,p1a,p1b\n|-resisted|p2b: Kingdra\n|-resisted|p1b: Roaring Moon\n|-damage|p2b: Kingdra|81\/100\n|-damage|p1a: Grimmsnarl|70\/100\n|-damage|p1b: Roaring Moon|0 fnt\n|faint|p1b: Roaring Moon\n|-end|p1b: Roaring Moon|Protosynthesis|[silent]\n|\n|-weather|RainDance|[upkeep]\n|upkeep\n|\n|t:|1700507822\n|switch|p1b: Charizard|Charizard-Mega-Y, M|77\/100\n|-weather|SunnyDay|[from] ability: Drought|[of] p1b: Charizard\n|turn|3\n|j| CrisWWE\n|\n|t:|1700507839\n|switch|p2a: Iron Bundle|Iron Bundle|100\/100\n|-enditem|p2a: Iron Bundle|Booster Energy\n|-activate|p2a: Iron Bundle|ability: Quark Drive|[fromitem]\n|-start|p2a: Iron Bundle|quarkdrivedef\n|move|p1a: Grimmsnarl|Light Screen|p1a: Grimmsnarl\n|-sidestart|p1: DracoAxel|move: Light Screen\n|move|p1b: Charizard|Air Slash|p2a: Iron Bundle\n|-damage|p2a: Iron Bundle|14\/100\n|move|p2b: Kingdra|Surf|p1a: Grimmsnarl|[spread] p2a,p1a,p1b\n|-resisted|p2a: Iron Bundle\n|-supereffective|p1b: Charizard\n|-damage|p2a: Iron Bundle|0 fnt\n|-damage|p1a: Grimmsnarl|57\/100\n|-damage|p1b: Charizard|49\/100\n|faint|p2a: Iron Bundle\n|-end|p2a: Iron Bundle|Quark Drive|[silent]\n|-damage|p2b: Kingdra|71\/100|[from] item: Life Orb\n|\n|-weather|SunnyDay|[upkeep]\n|upkeep\n|\n|t:|1700507851\n|switch|p2a: Politoed|Politoed, M|100\/100\n|-weather|RainDance|[from] ability: Drizzle|[of] p2a: Politoed\n|turn|4\n|\n|t:|1700507860\n|switch|p1b: Venusaur|Venusaur, M|43\/100\n|switch|p1a: Flutter Mane|Flutter Mane|100\/100\n|move|p2b: Kingdra|Surf|p1b: Venusaur|[spread] p2a,p1a,p1b\n|-resisted|p2a: Politoed\n|-resisted|p1b: Venusaur\n|-damage|p2a: Politoed|74\/100\n|-damage|p1a: Flutter Mane|60\/100\n|-damage|p1b: Venusaur|21\/100\n|-damage|p2b: Kingdra|61\/100|[from] item: Life Orb\n|move|p2a: Politoed|Surf|p1b: Venusaur|[spread] p2b,p1a,p1b\n|-resisted|p2b: Kingdra\n|-resisted|p1b: Venusaur\n|-damage|p2b: Kingdra|50\/100\n|-damage|p1a: Flutter Mane|39\/100\n|-damage|p1b: Venusaur|9\/100\n|\n|-weather|RainDance|[upkeep]\n|-heal|p2a: Politoed|81\/100|[from] item: Leftovers\n|upkeep\n|turn|5\n|\n|t:|1700507871\n|-end|p1a: Flutter Mane|Protosynthesis|[silent]\n|switch|p1a: Charizard|Charizard-Mega-Y, M|49\/100\n|-weather|SunnyDay|[from] ability: Drought|[of] p1a: Charizard\n|move|p1b: Venusaur|Energy Ball|p2a: Politoed\n|-supereffective|p2a: Politoed\n|-damage|p2a: Politoed|0 fnt\n|faint|p2a: Politoed\n|-damage|p1b: Venusaur|0 fnt|[from] item: Life Orb\n|faint|p1b: Venusaur\n|move|p2b: Kingdra|Surf|p1a: Charizard\n|-supereffective|p1a: Charizard\n|-damage|p1a: Charizard|10\/100\n|-damage|p2b: Kingdra|41\/100|[from] item: Life Orb\n|\n|-weather|SunnyDay|[upkeep]\n|upkeep\n|\n|t:|1700507885\n|switch|p2a: Omastar|Omastar, F|100\/100\n|switch|p1b: Flutter Mane|Flutter Mane|39\/100\n|-activate|p1b: Flutter Mane|ability: Protosynthesis\n|-start|p1b: Flutter Mane|protosynthesisspa\n|turn|6\n|\n|t:|1700507909\n|-terastallize|p2a: Omastar|Rock\n|move|p1b: Flutter Mane|Dazzling Gleam|p2b: Kingdra|[spread] p2a,p2b\n|-supereffective|p2b: Kingdra\n|-damage|p2a: Omastar|1\/100\n|-damage|p2b: Kingdra|0 fnt\n|faint|p2b: Kingdra\n|-damage|p1b: Flutter Mane|29\/100|[from] item: Life Orb\n|move|p1a: Charizard|Scorching Sands|p2a: Omastar\n|-supereffective|p2a: Omastar\n|-damage|p2a: Omastar|0 fnt\n|faint|p2a: Omastar\n|\n|win|DracoAxel\n|l|\u2606hanagakiUBD\n","uploadtime":1700507924,"views":6,"p1id":"dracoaxel","p2id":"hanagakiubd","formatid":"gen9nationaldexdoubles","rating":0,"private":0,"password":""}