{"id":"gen9nationaldexdoubles-1949976010","p1":"dedpoel","p2":"Anna Lisa Melculo","format":"[Gen 9] National Dex Doubles","log":"|j|\u2606dedpoel\n|j|\u2606Anna Lisa Melculo\n|t:|1695414040\n|gametype|doubles\n|player|p1|dedpoel|1|1098\n|player|p2|Anna Lisa Melculo|101|1329\n|teamsize|p1|6\n|teamsize|p2|6\n|gen|9\n|tier|[Gen 9] National Dex Doubles\n|rated|\n|rule|HP Percentage Mod: HP is shown in percentages\n|rule|Endless Battle Clause: Forcing endless battles is banned\n|rule|OHKO Clause: OHKO moves are banned\n|rule|Evasion Moves Clause: Evasion moves are banned\n|rule|Evasion Abilities Clause: Evasion abilities are banned\n|rule|Species Clause: Limit one of each Pok\u00e9mon\n|rule|Gravity Sleep Clause: The combination of sleep-inducing moves with imperfect accuracy and Gravity or Gigantamax Orbeetle are banned\n|clearpoke\n|poke|p1|Garchomp, M|\n|poke|p1|Ferrothorn, F|\n|poke|p1|Gyarados, M|\n|poke|p1|Amoonguss, M|\n|poke|p1|Chandelure, M|\n|poke|p1|Gardevoir, F|\n|poke|p2|Torkoal, M|\n|poke|p2|Flutter Mane|\n|poke|p2|Walking Wake|\n|poke|p2|Volcanion|\n|poke|p2|Chien-Pao|\n|poke|p2|Kingambit, M|\n|teampreview\n|\n|t:|1695414084\n|start\n|switch|p1a: amongus|Amoonguss, M, shiny|100\/100\n|switch|p1b: Chandelure|Chandelure, M|100\/100\n|switch|p2a: Pana Zulia|Torkoal, M|100\/100\n|switch|p2b: Agua Potable|Walking Wake|100\/100\n|-weather|SunnyDay|[from] ability: Drought|[of] p2a: Pana Zulia\n|-activate|p2b: Agua Potable|ability: Protosynthesis\n|-start|p2b: Agua Potable|protosynthesisspe\n|turn|1\n|\n|t:|1695414111\n|switch|p1b: Gardevoir|Gardevoir, F|100\/100\n|-ability|p1b: Gardevoir|Drought|[from] ability: Trace|[of] p2a: Pana Zulia\n|move|p2b: Agua Potable|Flip Turn|p1b: Gardevoir\n|-damage|p1b: Gardevoir|85\/100\n|\n|t:|1695414120\n|-end|p2b: Agua Potable|Protosynthesis|[silent]\n|switch|p2b: Cheems-Pao|Chien-Pao|100\/100|[from] Flip Turn\n|-ability|p2b: Cheems-Pao|Sword of Ruin\n|move|p1a: amongus|Spore|p2a: Pana Zulia\n|-status|p2a: Pana Zulia|slp|[from] move: Spore\n|cant|p2a: Pana Zulia|slp\n|\n|-weather|SunnyDay|[upkeep]\n|upkeep\n|turn|2\n|\n|t:|1695414143\n|switch|p1a: Chandelure|Chandelure, M|100\/100\n|detailschange|p1b: Gardevoir|Gardevoir-Mega, F\n|-mega|p1b: Gardevoir|Gardevoir|Gardevoirite\n|move|p2b: Cheems-Pao|Ice Spinner|p1a: Chandelure\n|-resisted|p1a: Chandelure\n|-crit|p1a: Chandelure\n|-damage|p1a: Chandelure|48\/100\n|move|p1b: Gardevoir|Hyper Voice|p2b: Cheems-Pao|[spread] p2a,p2b\n|-resisted|p2a: Pana Zulia\n|-supereffective|p2b: Cheems-Pao\n|-damage|p2a: Pana Zulia|71\/100 slp\n|-enditem|p2b: Cheems-Pao|Focus Sash\n|-damage|p2b: Cheems-Pao|1\/100\n|cant|p2a: Pana Zulia|slp\n|\n|-weather|SunnyDay|[upkeep]\n|upkeep\n|turn|3\n|\n|t:|1695414169\n|move|p2b: Cheems-Pao|Crunch|p1b: Gardevoir\n|-damage|p1b: Gardevoir|0 fnt\n|faint|p1b: Gardevoir\n|move|p1a: Chandelure|Shadow Ball|p2a: Pana Zulia\n|-damage|p2a: Pana Zulia|21\/100 slp\n|-unboost|p2a: Pana Zulia|spd|1\n|-curestatus|p2a: Pana Zulia|slp|[msg]\n|move|p2a: Pana Zulia|Stealth Rock|p1a: Chandelure\n|-sidestart|p1: dedpoel|move: Stealth Rock\n|\n|-weather|SunnyDay|[upkeep]\n|upkeep\n|\n|t:|1695414188\n|switch|p1b: Gyarados|Gyarados, M|100\/100\n|-damage|p1b: Gyarados|76\/100|[from] Stealth Rock\n|-ability|p1b: Gyarados|Intimidate|boost\n|-unboost|p2a: Pana Zulia|atk|1\n|-unboost|p2b: Cheems-Pao|atk|1\n|turn|4\n|\n|t:|1695414205\n|switch|p2a: Kingambit|Kingambit, M|100\/100\n|move|p2b: Cheems-Pao|Crunch|p1b: Gyarados\n|-damage|p1b: Gyarados|28\/100\n|-unboost|p1b: Gyarados|def|1\n|move|p1a: Chandelure|Energy Ball|p2b: Cheems-Pao\n|-damage|p2b: Cheems-Pao|0 fnt\n|faint|p2b: Cheems-Pao\n|move|p1b: Gyarados|Waterfall|p2a: Kingambit\n|-damage|p2a: Kingambit|85\/100\n|\n|-weather|SunnyDay|[upkeep]\n|-heal|p1b: Gyarados|34\/100|[from] item: Leftovers\n|upkeep\n|\n|t:|1695414222\n|switch|p2b: PeloeQk|Flutter Mane|100\/100\n|-activate|p2b: PeloeQk|ability: Protosynthesis\n|-start|p2b: PeloeQk|protosynthesisspe\n|turn|5\n|\n|t:|1695414233\n|move|p2a: Kingambit|Sucker Punch||[still]\n|-fail|p2a: Kingambit\n|move|p2b: PeloeQk|Shadow Ball|p1a: Chandelure\n|-supereffective|p1a: Chandelure\n|-damage|p1a: Chandelure|0 fnt\n|faint|p1a: Chandelure\n|-damage|p2b: PeloeQk|90\/100|[from] item: Life Orb\n|move|p1b: Gyarados|Dragon Dance|p1b: Gyarados\n|-boost|p1b: Gyarados|atk|1\n|-boost|p1b: Gyarados|spe|1\n|\n|-weather|none\n|-end|p2b: PeloeQk|Protosynthesis\n|-heal|p1b: Gyarados|40\/100|[from] item: Leftovers\n|upkeep\n|\n|t:|1695414248\n|switch|p1a: Ferrothorn|Ferrothorn, F|100\/100\n|-damage|p1a: Ferrothorn|94\/100|[from] Stealth Rock\n|turn|6\n|\n|t:|1695414262\n|move|p1b: Gyarados|Dragon Dance|p1b: Gyarados\n|-boost|p1b: Gyarados|atk|1\n|-boost|p1b: Gyarados|spe|1\n|move|p2b: PeloeQk|Mystical Fire|p1a: Ferrothorn\n|-supereffective|p1a: Ferrothorn\n|-damage|p1a: Ferrothorn|0 fnt\n|faint|p1a: Ferrothorn\n|-damage|p2b: PeloeQk|80\/100|[from] item: Life Orb\n|move|p2a: Kingambit|Kowtow Cleave|p1b: Gyarados\n|-damage|p1b: Gyarados|0 fnt\n|faint|p1b: Gyarados\n|\n|upkeep\n|\n|t:|1695414274\n|switch|p1b: amongus|Amoonguss, M, shiny|100\/100\n|switch|p1a: Garchomp|Garchomp, M|100\/100\n|-damage|p1a: Garchomp|94\/100|[from] Stealth Rock\n|-damage|p1b: amongus|88\/100|[from] Stealth Rock\n|turn|7\n|\n|t:|1695414312\n|move|p2a: Kingambit|Sucker Punch|p1a: Garchomp\n|-damage|p1a: Garchomp|57\/100\n|-damage|p2a: Kingambit|73\/100|[from] ability: Rough Skin|[of] p1a: Garchomp\n|-damage|p2a: Kingambit|56\/100|[from] item: Rocky Helmet|[of] p1a: Garchomp\n|move|p2b: PeloeQk|Dazzling Gleam|p1b: amongus|[spread] p1a,p1b\n|-supereffective|p1a: Garchomp\n|-resisted|p1b: amongus\n|-damage|p1a: Garchomp|0 fnt\n|-damage|p1b: amongus|71\/100\n|faint|p1a: Garchomp\n|-enditem|p1b: amongus|Red Card|[of] p2b: PeloeQk\n|-end|p2b: PeloeQk|Protosynthesis|[silent]\n|drag|p2b: Volcanion|Volcanion|100\/100\n|move|p1b: amongus|Spore|p2a: Kingambit\n|-status|p2a: Kingambit|slp|[from] move: Spore\n|\n|upkeep\n|turn|8\n|\n|t:|1695414330\n|move|p2b: Volcanion|Heat Wave|p1b: amongus\n|-supereffective|p1b: amongus\n|-damage|p1b: amongus|0 fnt\n|faint|p1b: amongus\n|\n|win|Anna Lisa Melculo\n|raw|dedpoel's rating: 1098 &rarr; <strong>1088<\/strong><br \/>(-10 for losing)\n|raw|Anna Lisa Melculo's rating: 1329 &rarr; <strong>1337<\/strong><br \/>(+8 for winning)\n","uploadtime":1695414341,"views":6,"p1id":"dedpoel","p2id":"annalisamelculo","formatid":"gen9nationaldexdoubles","rating":1088,"private":0,"password":""}