{"id":"gen9nationaldexdoubles-1989171715","p1":"Croc\/MK","p2":"LightOfTheRuin","format":"[Gen 9] National Dex Doubles","log":"|j|\u2606Croc\/MK\n|j|\u2606LightOfTheRuin\n|t:|1699819788\n|gametype|doubles\n|player|p1|Croc\/MK|169|1073\n|player|p2|LightOfTheRuin|mallow-masters|1236\n|teamsize|p1|6\n|teamsize|p2|6\n|gen|9\n|tier|[Gen 9] National Dex Doubles\n|rated|\n|rule|HP Percentage Mod: HP is shown in percentages\n|rule|Endless Battle Clause: Forcing endless battles is banned\n|rule|OHKO Clause: OHKO moves are banned\n|rule|Evasion Moves Clause: Evasion moves are banned\n|rule|Evasion Abilities Clause: Evasion abilities are banned\n|rule|Species Clause: Limit one of each Pok\u00e9mon\n|rule|Gravity Sleep Clause: The combination of sleep-inducing moves with imperfect accuracy and Gravity or Gigantamax Orbeetle are banned\n|clearpoke\n|poke|p1|Chi-Yu|\n|poke|p1|Gholdengo|\n|poke|p1|Flutter Mane|\n|poke|p1|Kingambit, F|\n|poke|p1|Ursaluna, F|\n|poke|p1|Chien-Pao|\n|poke|p2|Cherrim, F|\n|poke|p2|Lurantis, F|\n|poke|p2|Charizard, M|\n|poke|p2|Malamar, M|\n|poke|p2|Walking Wake|\n|poke|p2|Golurk|\n|teampreview\n|inactive|Battle timer is ON: inactive players will automatically lose when time's up. (requested by Croc\/MK)\n|inactive|LightOfTheRuin has 120 seconds left.\n|\n|t:|1699819912\n|start\n|switch|p1a: Chien-Pao|Chien-Pao|100\/100\n|switch|p1b: Gholdengo|Gholdengo|100\/100\n|switch|p2a: Hades|Malamar, M|100\/100\n|switch|p2b: Poseidon|Walking Wake|100\/100\n|-ability|p1a: Chien-Pao|Sword of Ruin\n|turn|1\n|inactive|LightOfTheRuin has 120 seconds left.\n|inactive|LightOfTheRuin has 90 seconds left.\n|\n|t:|1699819972\n|move|p1a: Chien-Pao|Protect|p1a: Chien-Pao\n|-singleturn|p1a: Chien-Pao|Protect\n|move|p2b: Poseidon|Flip Turn|p1b: Gholdengo\n|-damage|p1b: Gholdengo|77\/100\n|inactive|LightOfTheRuin has 90 seconds left.\n|\n|t:|1699819982\n|-end|p2b: Poseidon|Protosynthesis|[silent]\n|switch|p2b: Thanatos|Golurk, shiny|100\/100|[from] Flip Turn\n|move|p1b: Gholdengo|Make It Rain|p2b: Thanatos|[spread] p2a,p2b\n|-damage|p2a: Hades|55\/100\n|-damage|p2b: Thanatos|36\/100\n|-unboost|p1b: Gholdengo|spa|1\n|-damage|p1b: Gholdengo|67\/100|[from] item: Life Orb\n|move|p2a: Hades|Trick Room|p2a: Hades\n|-fieldstart|move: Trick Room|[of] p2a: Hades\n|\n|upkeep\n|turn|2\n|\n|t:|1699820009\n|move|p1a: Chien-Pao|Sucker Punch|p2a: Hades\n|-damage|p2a: Hades|9\/100\n|move|p2b: Thanatos|Drain Punch|p1a: Chien-Pao\n|-supereffective|p1a: Chien-Pao\n|-enditem|p1a: Chien-Pao|Focus Sash\n|-damage|p1a: Chien-Pao|1\/100\n|-heal|p2b: Thanatos|75\/100|[from] drain|[of] p1a: Chien-Pao\n|move|p2a: Hades|Knock Off|p1b: Gholdengo\n|-supereffective|p1b: Gholdengo\n|-damage|p1b: Gholdengo|0 fnt\n|-enditem|p1b: Gholdengo|Life Orb|[from] move: Knock Off|[of] p2a: Hades\n|faint|p1b: Gholdengo\n|\n|upkeep\n|inactive|Croc\/MK has 120 seconds left.\n|\n|t:|1699820039\n|switch|p1b: Kingambit|Kingambit, F, shiny|100\/100\n|-activate|p1b: Kingambit|ability: Supreme Overlord\n|-start|p1b: Kingambit|fallen1|[silent]\n|turn|3\n|inactive|Croc\/MK has 120 seconds left.\n|\n|t:|1699820047\n|-terastallize|p2b: Thanatos|Steel\n|move|p2a: Hades|Protect|p2a: Hades\n|-singleturn|p2a: Hades|Protect\n|move|p1b: Kingambit|Sucker Punch|p2b: Thanatos\n|-damage|p2b: Thanatos|20\/100\n|move|p1a: Chien-Pao|Sucker Punch||[still]\n|-fail|p1a: Chien-Pao\n|move|p2b: Thanatos|Earthquake|p1a: Chien-Pao|[spread] p1a,p1b\n|-activate|p2a: Hades|move: Protect\n|-supereffective|p1b: Kingambit\n|-damage|p1a: Chien-Pao|0 fnt\n|-damage|p1b: Kingambit|0 fnt\n|faint|p1a: Chien-Pao\n|faint|p1b: Kingambit\n|-end|p1b: Kingambit|fallen1|[silent]\n|\n|upkeep\n|inactive|Croc\/MK has 120 seconds left.\n|\n|t:|1699820073\n|switch|p1b: Chi-Yu|Chi-Yu|100\/100\n|switch|p1a: Flutter Mane|Flutter Mane, shiny|100\/100\n|-ability|p1b: Chi-Yu|Beads of Ruin\n|-enditem|p1a: Flutter Mane|Booster Energy\n|-activate|p1a: Flutter Mane|ability: Protosynthesis|[fromitem]\n|-start|p1a: Flutter Mane|protosynthesisspa\n|turn|4\n|inactive|Croc\/MK has 120 seconds left.\n|\n|t:|1699820096\n|move|p2b: Thanatos|Drain Punch|p1b: Chi-Yu\n|-supereffective|p1b: Chi-Yu\n|-damage|p1b: Chi-Yu|0 fnt\n|-heal|p2b: Thanatos|53\/100|[from] drain|[of] p1b: Chi-Yu\n|faint|p1b: Chi-Yu\n|move|p2a: Hades|Knock Off|p1a: Flutter Mane\n|-damage|p1a: Flutter Mane|60\/100\n|move|p1a: Flutter Mane|Dazzling Gleam|p2a: Hades|[spread] p2a,p2b\n|-supereffective|p2a: Hades\n|-resisted|p2b: Thanatos\n|-damage|p2a: Hades|0 fnt\n|-damage|p2b: Thanatos|31\/100\n|faint|p2a: Hades\n|\n|upkeep\n|\n|t:|1699820120\n|switch|p2a: Apollo|Charizard, M|100\/100\n|switch|p1b: Ursaluna|Ursaluna, F, shiny|100\/100\n|turn|5\n|\n|t:|1699820148\n|move|p2a: Apollo|Protect|p2a: Apollo\n|-singleturn|p2a: Apollo|Protect\n|move|p2b: Thanatos|Shadow Punch|p1a: Flutter Mane\n|-supereffective|p1a: Flutter Mane\n|-damage|p1a: Flutter Mane|0 fnt\n|faint|p1a: Flutter Mane\n|-end|p1a: Flutter Mane|Protosynthesis|[silent]\n|move|p1b: Ursaluna|Facade|p2b: Thanatos\n|-resisted|p2b: Thanatos\n|-damage|p2b: Thanatos|9\/100\n|\n|-fieldend|move: Trick Room\n|-status|p1b: Ursaluna|brn|[from] item: Flame Orb\n|upkeep\n|turn|6\n|\n|t:|1699820178\n|detailschange|p2a: Apollo|Charizard-Mega-Y, M\n|-mega|p2a: Apollo|Charizard|Charizardite Y\n|-weather|SunnyDay|[from] ability: Drought|[of] p2a: Apollo\n|move|p2a: Apollo|Heat Wave|p1b: Ursaluna\n|-damage|p1b: Ursaluna|22\/100 brn\n|move|p1b: Ursaluna|Facade|p2a: Apollo\n|-damage|p2a: Apollo|0 fnt\n|faint|p2a: Apollo\n|move|p2b: Thanatos|Drain Punch|p1b: Ursaluna\n|-supereffective|p1b: Ursaluna\n|-damage|p1b: Ursaluna|0 fnt\n|-heal|p2b: Thanatos|23\/100|[from] drain|[of] p1b: Ursaluna\n|faint|p1b: Ursaluna\n|\n|win|LightOfTheRuin\n|raw|Croc&#x2f;MK's rating: 1073 &rarr; <strong>1061<\/strong><br \/>(-12 for losing)\n|raw|LightOfTheRuin's rating: 1236 &rarr; <strong>1250<\/strong><br \/>(+14 for winning)\n","uploadtime":1699820183,"views":11,"p1id":"crocmk","p2id":"lightoftheruin","formatid":"gen9nationaldexdoubles","rating":1061,"private":0,"password":""}