{"id":"gen9nationaldexdoubles-1966708584","p1":"Colorless Energy","p2":"jhdreamer","format":"[Gen 9] National Dex Doubles","log":"|j|\u2606Colorless Energy\n|j|\u2606jhdreamer\n|t:|1697215364\n|gametype|doubles\n|player|p1|Colorless Energy|larry|1440\n|player|p2|jhdreamer|102|1631\n|teamsize|p1|6\n|teamsize|p2|6\n|gen|9\n|tier|[Gen 9] National Dex Doubles\n|rated|\n|rule|HP Percentage Mod: HP is shown in percentages\n|rule|Endless Battle Clause: Forcing endless battles is banned\n|rule|OHKO Clause: OHKO moves are banned\n|rule|Evasion Moves Clause: Evasion moves are banned\n|rule|Evasion Abilities Clause: Evasion abilities are banned\n|rule|Species Clause: Limit one of each Pok\u00e9mon\n|rule|Gravity Sleep Clause: The combination of sleep-inducing moves with imperfect accuracy and Gravity or Gigantamax Orbeetle are banned\n|clearpoke\n|poke|p1|Ursaluna, M|\n|poke|p1|Staraptor, F|\n|poke|p1|Indeedee-F, F|\n|poke|p1|Oranguru, M|\n|poke|p1|Kangaskhan, F|\n|poke|p1|Meloetta|\n|poke|p2|Gardevoir, F|\n|poke|p2|Gallade, M|\n|poke|p2|Whimsicott, F|\n|poke|p2|Landorus-Therian, M|\n|poke|p2|Volcanion|\n|poke|p2|Indeedee-F, F|\n|teampreview\n|\n|t:|1697215434\n|start\n|switch|p1a: Kazooie|Staraptor, F, shiny|100\/100\n|switch|p1b: Mumbo Jumbo|Oranguru, M|100\/100\n|switch|p2a: Landorus|Landorus-Therian, M|100\/100\n|switch|p2b: Gardevoir|Gardevoir, F, shiny|100\/100\n|-ability|p1a: Kazooie|Intimidate|boost\n|-unboost|p2a: Landorus|atk|1\n|-unboost|p2b: Gardevoir|atk|1\n|-ability|p2a: Landorus|Intimidate|boost\n|-unboost|p1a: Kazooie|atk|1\n|-fail|p1b: Mumbo Jumbo|unboost|Attack|[from] ability: Inner Focus|[of] p1b: Mumbo Jumbo\n|-ability|p2b: Gardevoir|Intimidate|boost\n|-unboost|p1a: Kazooie|atk|1\n|-fail|p1b: Mumbo Jumbo|unboost|Attack|[from] ability: Inner Focus|[of] p1b: Mumbo Jumbo\n|-ability|p2b: Gardevoir|Intimidate|[from] ability: Trace|[of] p1a: Kazooie\n|turn|1\n|\n|t:|1697215448\n|move|p2b: Gardevoir|Protect|p2b: Gardevoir\n|-singleturn|p2b: Gardevoir|Protect\n|move|p1a: Kazooie|Final Gambit|p2a: Landorus\n|-damage|p2a: Landorus|2\/100\n|faint|p1a: Kazooie\n|move|p2a: Landorus|Rock Slide|p1b: Mumbo Jumbo\n|-damage|p1b: Mumbo Jumbo|78\/100\n|move|p1b: Mumbo Jumbo|Trick Room|p1b: Mumbo Jumbo\n|-fieldstart|move: Trick Room|[of] p1b: Mumbo Jumbo\n|\n|upkeep\n|\n|t:|1697215459\n|switch|p1a: Banjo|Ursaluna, M|100\/100\n|turn|2\n|\n|t:|1697215475\n|switch|p2a: Gallade|Gallade, M|100\/100\n|move|p1a: Banjo|Protect|p1a: Banjo\n|-singleturn|p1a: Banjo|Protect\n|move|p2b: Gardevoir|Protect|p2b: Gardevoir\n|-singleturn|p2b: Gardevoir|Protect\n|move|p1b: Mumbo Jumbo|Imprison|p1b: Mumbo Jumbo\n|-start|p1b: Mumbo Jumbo|move: Imprison\n|\n|-status|p1a: Banjo|brn|[from] item: Flame Orb\n|upkeep\n|turn|3\n|\n|t:|1697215491\n|switch|p2b: Landorus|Landorus-Therian, M|2\/100\n|-ability|p2b: Landorus|Intimidate|boost\n|-unboost|p1a: Banjo|atk|1\n|-fail|p1b: Mumbo Jumbo|unboost|Attack|[from] ability: Inner Focus|[of] p1b: Mumbo Jumbo\n|-terastallize|p1a: Banjo|Normal\n|move|p1a: Banjo|Facade|p2a: Gallade\n|-damage|p2a: Gallade|0 fnt\n|faint|p2a: Gallade\n|move|p1b: Mumbo Jumbo|Instruct|p1a: Banjo\n|-singleturn|p1a: Banjo|move: Instruct|[of] p1b: Mumbo Jumbo\n|move|p1a: Banjo|Facade|p2b: Landorus\n|-damage|p2b: Landorus|0 fnt\n|faint|p2b: Landorus\n|\n|-damage|p1a: Banjo|94\/100 brn|[from] brn\n|upkeep\n|\n|t:|1697215510\n|switch|p2a: Gardevoir|Gardevoir, F, shiny|100\/100\n|switch|p2b: Indeedee|Indeedee-F, F, shiny|100\/100\n|-ability|p2a: Gardevoir|Inner Focus|[from] ability: Trace|[of] p1b: Mumbo Jumbo\n|-fieldstart|move: Psychic Terrain|[from] ability: Psychic Surge|[of] p2b: Indeedee\n|-enditem|p2b: Indeedee|Psychic Seed\n|-boost|p2b: Indeedee|spd|1|[from] item: Psychic Seed\n|turn|4\n|\n|t:|1697215525\n|detailschange|p2a: Gardevoir|Gardevoir-Mega, F, shiny\n|-mega|p2a: Gardevoir|Gardevoir|Gardevoirite\n|move|p2b: Indeedee|Follow Me|p2b: Indeedee\n|-singleturn|p2b: Indeedee|move: Follow Me\n|move|p1a: Banjo|Facade|p2b: Indeedee\n|-damage|p2b: Indeedee|0 fnt\n|faint|p2b: Indeedee\n|move|p1b: Mumbo Jumbo|Instruct|p1a: Banjo\n|-singleturn|p1a: Banjo|move: Instruct|[of] p1b: Mumbo Jumbo\n|move|p1a: Banjo|Facade|p2a: Gardevoir\n|-damage|p2a: Gardevoir|0 fnt\n|faint|p2a: Gardevoir\n|\n|-damage|p1a: Banjo|88\/100 brn|[from] brn\n|upkeep\n|\n|t:|1697215534\n|switch|p2b: Volcanion|Volcanion|100\/100\n|switch|p2a: Whimsicott|Whimsicott, F, shiny|100\/100\n|turn|5\n|l|\u2606jhdreamer\n|player|p2|\n|inactive|Battle timer is ON: inactive players will automatically lose when time's up. (requested by Colorless Energy)\n|inactive|jhdreamer has 30 seconds to reconnect!\n|inactive|jhdreamer has 20 seconds to reconnect!\n|inactive|jhdreamer has 15 seconds to reconnect!\n|inactive|jhdreamer has 10 seconds to reconnect!\n|inactive|jhdreamer has 5 seconds to reconnect!\n|-message|jhdreamer lost due to inactivity.\n|\n|win|Colorless Energy\n|raw|Colorless Energy's rating: 1440 &rarr; <strong>1470<\/strong><br \/>(+30 for winning)\n|raw|jhdreamer's rating: 1631 &rarr; <strong>1601<\/strong><br \/>(-30 for losing)\n","uploadtime":1697215641,"views":8,"p1id":"colorlessenergy","p2id":"jhdreamer","formatid":"gen9nationaldexdoubles","rating":1470,"private":0,"password":""}