{"id":"gen9nationaldexdoubles-1983425128","p1":"Colinz_the_best","p2":"ZippyZappyZeke","format":"[Gen 9] National Dex Doubles","log":"|j|\u2606Colinz_the_best\n|j|\u2606ZippyZappyZeke\n|t:|1699128776\n|gametype|doubles\n|player|p1|Colinz_the_best|101|\n|player|p2|ZippyZappyZeke|volkner|\n|teamsize|p1|6\n|teamsize|p2|6\n|gen|9\n|tier|[Gen 9] National Dex Doubles\n|rule|HP Percentage Mod: HP is shown in percentages\n|rule|Endless Battle Clause: Forcing endless battles is banned\n|rule|OHKO Clause: OHKO moves are banned\n|rule|Evasion Moves Clause: Evasion moves are banned\n|rule|Evasion Abilities Clause: Evasion abilities are banned\n|rule|Species Clause: Limit one of each Pok\u00e9mon\n|rule|Gravity Sleep Clause: The combination of sleep-inducing moves with imperfect accuracy and Gravity or Gigantamax Orbeetle are banned\n|clearpoke\n|poke|p1|Tyranitar, F|\n|poke|p1|Excadrill, M|\n|poke|p1|Sandslash, M|\n|poke|p1|Flygon, M|\n|poke|p1|Stoutland, M|\n|poke|p1|Krookodile, M|\n|poke|p2|Serperior, M|\n|poke|p2|Infernape, F|\n|poke|p2|Torterra, M|\n|poke|p2|Porygon-Z|\n|poke|p2|Ninetales, F|\n|poke|p2|Gallade, M|\n|teampreview\n|c|\u2606Colinz_the_best|Same team?\n|c|\u2606ZippyZappyZeke|indeed\n|c|\u2606ZippyZappyZeke|same team different strategy\n|\n|t:|1699128813\n|start\n|switch|p1a: Titan|Tyranitar, F|100\/100\n|switch|p1b: Big guy|Krookodile, M|100\/100\n|switch|p2a: Not Zoro|Gallade, M|100\/100\n|switch|p2b: Royal Snake|Serperior, M|100\/100\n|-weather|Sandstorm|[from] ability: Sand Stream|[of] p1a: Titan\n|turn|1\n|\n|t:|1699128825\n|-terastallize|p1b: Big guy|Dark\n|move|p2b: Royal Snake|Leaf Storm|p1b: Big guy|[miss]\n|-miss|p2b: Royal Snake|p1b: Big guy\n|move|p1b: Big guy|Close Combat|p2b: Royal Snake\n|-damage|p2b: Royal Snake|50\/100\n|-unboost|p1b: Big guy|def|1\n|-unboost|p1b: Big guy|spd|1\n|-enditem|p1b: Big guy|White Herb\n|-clearnegativeboost|p1b: Big guy|[silent]\n|move|p2a: Not Zoro|Sacred Sword|p1a: Titan\n|-supereffective|p1a: Titan\n|-damage|p1a: Titan|0 fnt\n|faint|p1a: Titan\n|\n|-weather|Sandstorm|[upkeep]\n|-damage|p2b: Royal Snake|43\/100|[from] Sandstorm\n|-damage|p1b: Big guy|94\/100|[from] Sandstorm\n|-damage|p2a: Not Zoro|94\/100|[from] Sandstorm\n|upkeep\n|c|\u2606ZippyZappyZeke|you are JOKING\n|\n|t:|1699128848\n|switch|p1a: Invisible|Excadrill, M|100\/100\n|turn|2\n|\n|t:|1699128865\n|switch|p1a: Desert|Flygon, M, shiny|100\/100\n|move|p2b: Royal Snake|Toxic|p1b: Big guy\n|-status|p1b: Big guy|tox\n|move|p1b: Big guy|Earthquake|p2a: Not Zoro|[spread] p2a,p2b\n|-immune|p1a: Desert|[from] ability: Levitate\n|-resisted|p2b: Royal Snake\n|-damage|p2a: Not Zoro|27\/100\n|-damage|p2b: Royal Snake|21\/100\n|move|p2a: Not Zoro|Sacred Sword|p1a: Desert\n|-damage|p1a: Desert|9\/100\n|\n|-weather|Sandstorm|[upkeep]\n|-damage|p2b: Royal Snake|15\/100|[from] Sandstorm\n|-damage|p1b: Big guy|88\/100 tox|[from] Sandstorm\n|-damage|p2a: Not Zoro|21\/100|[from] Sandstorm\n|-damage|p1b: Big guy|82\/100 tox|[from] psn\n|upkeep\n|turn|3\n|\n|t:|1699128903\n|move|p2b: Royal Snake|Dragon Pulse|p1a: Desert\n|-supereffective|p1a: Desert\n|-damage|p1a: Desert|0 fnt\n|faint|p1a: Desert\n|-damage|p2b: Royal Snake|5\/100|[from] item: Life Orb\n|move|p1b: Big guy|Earthquake|p2a: Not Zoro|[spread] p2a,p2b\n|-resisted|p2b: Royal Snake\n|-damage|p2a: Not Zoro|0 fnt\n|-damage|p2b: Royal Snake|0 fnt\n|faint|p2a: Not Zoro\n|faint|p2b: Royal Snake\n|-ability|p1b: Big guy|Moxie|boost\n|-boost|p1b: Big guy|atk|2\n|\n|-weather|Sandstorm|[upkeep]\n|-damage|p1b: Big guy|76\/100 tox|[from] Sandstorm\n|-damage|p1b: Big guy|64\/100 tox|[from] psn\n|upkeep\n|\n|t:|1699128922\n|switch|p2b: THEY BUFFED HIM|Torterra, M|100\/100\n|switch|p1a: Claws|Sandslash, M|100\/100\n|switch|p2a: Buffed Monke?|Infernape, F|100\/100\n|turn|4\n|\n|t:|1699128943\n|move|p1a: Claws|Swords Dance|p1a: Claws\n|-boost|p1a: Claws|atk|2\n|move|p2a: Buffed Monke?|Aura Sphere|p1b: Big guy\n|-supereffective|p1b: Big guy\n|-damage|p1b: Big guy|0 fnt\n|faint|p1b: Big guy\n|move|p2b: THEY BUFFED HIM|Body Press|p1a: Claws\n|-damage|p1a: Claws|80\/100\n|\n|-weather|Sandstorm|[upkeep]\n|-damage|p2a: Buffed Monke?|94\/100|[from] Sandstorm\n|upkeep\n|\n|t:|1699128955\n|switch|p1b: Ole faithful|Stoutland, M|100\/100\n|turn|5\n|c|\u2606ZippyZappyZeke|two sand rush mons?\n|\n|t:|1699128971\n|move|p1b: Ole faithful|Return|p2b: THEY BUFFED HIM\n|-damage|p2b: THEY BUFFED HIM|59\/100\n|move|p1a: Claws|Earthquake|p2a: Buffed Monke?|[spread] p1b,p2a,p2b\n|-supereffective|p2a: Buffed Monke?\n|-crit|p2a: Buffed Monke?\n|-resisted|p2b: THEY BUFFED HIM\n|-damage|p1b: Ole faithful|0 fnt\n|-damage|p2a: Buffed Monke?|0 fnt\n|-damage|p2b: THEY BUFFED HIM|18\/100\n|faint|p1b: Ole faithful\n|faint|p2a: Buffed Monke?\n|-damage|p1a: Claws|70\/100|[from] item: Life Orb\n|move|p2b: THEY BUFFED HIM|Zen Headbutt|p1a: Claws\n|-damage|p1a: Claws|40\/100\n|\n|-weather|Sandstorm|[upkeep]\n|upkeep\n|c|\u2606Colinz_the_best|Yep\n|\n|t:|1699129008\n|switch|p2a: Downloadig...|Porygon-Z|100\/100\n|switch|p1b: Invisible|Excadrill, M|100\/100\n|turn|6\n|\n|t:|1699129019\n|move|p1b: Invisible|Iron Head|p2a: Downloadig...\n|-damage|p2a: Downloadig...|33\/100\n|move|p1a: Claws|Earthquake|p2a: Downloadig...|[spread] p1b,p2a,p2b\n|-supereffective|p1b: Invisible\n|-resisted|p2b: THEY BUFFED HIM\n|-damage|p1b: Invisible|0 fnt\n|-damage|p2a: Downloadig...|0 fnt\n|-damage|p2b: THEY BUFFED HIM|0 fnt\n|faint|p1b: Invisible\n|faint|p2a: Downloadig...\n|faint|p2b: THEY BUFFED HIM\n|-damage|p1a: Claws|30\/100|[from] item: Life Orb\n|\n|-weather|Sandstorm|[upkeep]\n|upkeep\n|\n|t:|1699129024\n|switch|p2b: Naruto-Defense|Ninetales, F|100\/100\n|turn|7\n|\n|t:|1699129028\n|move|p1a: Claws|Earthquake|p2b: Naruto-Defense\n|-supereffective|p2b: Naruto-Defense\n|-damage|p2b: Naruto-Defense|0 fnt\n|faint|p2b: Naruto-Defense\n|-damage|p1a: Claws|20\/100|[from] item: Life Orb\n|\n|win|Colinz_the_best\n|c|\u2606ZippyZappyZeke|DANG ITTTT\n|c|\u2606Colinz_the_best|Gg\n|c|\u2606ZippyZappyZeke|GG\n","uploadtime":1699129038,"views":8,"p1id":"colinzthebest","p2id":"zippyzappyzeke","formatid":"gen9nationaldexdoubles","rating":0,"private":0,"password":""}