{"id":"gen9nationaldexdoubles-1996879724","p1":"Trap7110","p2":"iwkaid","format":"[Gen 9] National Dex Doubles","log":"|j|\u2606Trap7110\n|j|\u2606iwkaid\n|t:|1700739461\n|gametype|doubles\n|player|p1|Trap7110|hilda-wonderlauncher|1202\n|player|p2|iwkaid|n|1089\n|teamsize|p1|6\n|teamsize|p2|6\n|gen|9\n|tier|[Gen 9] National Dex Doubles\n|rated|\n|rule|HP Percentage Mod: HP is shown in percentages\n|rule|Endless Battle Clause: Forcing endless battles is banned\n|rule|OHKO Clause: OHKO moves are banned\n|rule|Evasion Moves Clause: Evasion moves are banned\n|rule|Evasion Abilities Clause: Evasion abilities are banned\n|rule|Species Clause: Limit one of each Pok\u00e9mon\n|rule|Gravity Sleep Clause: The combination of sleep-inducing moves with imperfect accuracy and Gravity or Gigantamax Orbeetle are banned\n|clearpoke\n|poke|p1|Tyranitar, M|\n|poke|p1|Ting-Lu|\n|poke|p1|Amoonguss, F|\n|poke|p1|Tapu Fini|\n|poke|p1|Flutter Mane|\n|poke|p1|Incineroar, F|\n|poke|p2|Oranguru, F|\n|poke|p2|Ursaluna-Bloodmoon, M|\n|poke|p2|Ninetales-Alola, F|\n|poke|p2|Glastrier|\n|poke|p2|Banette, F|\n|poke|p2|Porygon2|\n|teampreview\n|inactive|Battle timer is ON: inactive players will automatically lose when time's up. (requested by iwkaid)\n|\n|t:|1700739469\n|start\n|switch|p1a: AdolfH|Tyranitar, M|100\/100\n|switch|p1b: MichaelJackson|Incineroar, F, shiny|100\/100\n|switch|p2a: Ursaluna|Ursaluna-Bloodmoon, M|100\/100\n|switch|p2b: Oranguru|Oranguru, F|100\/100\n|-weather|Sandstorm|[from] ability: Sand Stream|[of] p1a: AdolfH\n|-ability|p1b: MichaelJackson|Intimidate|boost\n|-unboost|p2a: Ursaluna|atk|1\n|-unboost|p2b: Oranguru|atk|1\n|turn|1\n|\n|t:|1700739488\n|move|p2b: Oranguru|Protect|p2b: Oranguru\n|-singleturn|p2b: Oranguru|Protect\n|move|p1b: MichaelJackson|Fake Out|p2a: Ursaluna\n|-damage|p2a: Ursaluna|92\/100\n|move|p1a: AdolfH|Stealth Rock|p2a: Ursaluna\n|-sidestart|p2: iwkaid|move: Stealth Rock\n|cant|p2a: Ursaluna|flinch\n|\n|-weather|Sandstorm|[upkeep]\n|-damage|p2b: Oranguru|94\/100|[from] Sandstorm\n|-damage|p1b: MichaelJackson|94\/100|[from] Sandstorm\n|-heal|p2b: Oranguru|100\/100|[from] item: Leftovers\n|-heal|p2a: Ursaluna|98\/100|[from] item: Leftovers\n|upkeep\n|turn|2\n|\n|t:|1700739513\n|move|p2b: Oranguru|Protect|p2b: Oranguru\n|-singleturn|p2b: Oranguru|Protect\n|move|p1a: AdolfH|Rock Slide|p2b: Oranguru|[spread] \n|-activate|p2b: Oranguru|move: Protect\n|-miss|p1a: AdolfH|p2a: Ursaluna\n|move|p1b: MichaelJackson|Parting Shot|p2a: Ursaluna\n|-unboost|p2a: Ursaluna|atk|1\n|-unboost|p2a: Ursaluna|spa|1\n|inactive|Trap7110 has 120 seconds left.\n|\n|t:|1700739533\n|switch|p1b: Dick|Ting-Lu|100\/100|[from] Parting Shot\n|-ability|p1b: Dick|Vessel of Ruin\n|move|p2a: Ursaluna|Calm Mind|p2a: Ursaluna\n|-boost|p2a: Ursaluna|spa|1\n|-boost|p2a: Ursaluna|spd|1\n|\n|-weather|Sandstorm|[upkeep]\n|-damage|p2b: Oranguru|94\/100|[from] Sandstorm\n|-heal|p2b: Oranguru|100\/100|[from] item: Leftovers\n|-heal|p2a: Ursaluna|100\/100|[from] item: Leftovers\n|upkeep\n|turn|3\n|inactive|Trap7110 has 120 seconds left.\n|\n|t:|1700739558\n|detailschange|p1a: AdolfH|Tyranitar-Mega, M\n|-mega|p1a: AdolfH|Tyranitar|Tyranitarite\n|move|p2b: Oranguru|Instruct|p2a: Ursaluna\n|-singleturn|p2a: Ursaluna|move: Instruct|[of] p2b: Oranguru\n|move|p2a: Ursaluna|Calm Mind|p2a: Ursaluna\n|-boost|p2a: Ursaluna|spa|1\n|-boost|p2a: Ursaluna|spd|1\n|move|p1a: AdolfH|Rock Slide|p2a: Ursaluna|[spread] p2a,p2b\n|-resisted|p2a: Ursaluna\n|-damage|p2a: Ursaluna|90\/100\n|-damage|p2b: Oranguru|75\/100\n|move|p2a: Ursaluna|Blood Moon|p1b: Dick\n|-damage|p1b: Dick|53\/100\n|move|p1b: Dick|Spikes|p2a: Ursaluna\n|-sidestart|p2: iwkaid|Spikes\n|\n|-weather|Sandstorm|[upkeep]\n|-damage|p2b: Oranguru|69\/100|[from] Sandstorm\n|-heal|p2b: Oranguru|75\/100|[from] item: Leftovers\n|-heal|p2a: Ursaluna|96\/100|[from] item: Leftovers\n|-heal|p1b: Dick|59\/100|[from] item: Leftovers\n|upkeep\n|turn|4\n|inactive|Trap7110 has 120 seconds left.\n|\n|t:|1700739586\n|move|p2b: Oranguru|Instruct|p2a: Ursaluna\n|-singleturn|p2a: Ursaluna|move: Instruct|[of] p2b: Oranguru\n|move|p2a: Ursaluna|Blood Moon|p1b: Dick\n|-damage|p1b: Dick|7\/100\n|-hint|Some effects can force a Pokemon to use Blood Moon again in a row.\n|move|p1a: AdolfH|Rock Slide|p2a: Ursaluna|[spread] p2a,p2b\n|-resisted|p2a: Ursaluna\n|-damage|p2a: Ursaluna|85\/100\n|-damage|p2b: Oranguru|50\/100\n|move|p2a: Ursaluna|Calm Mind|p2a: Ursaluna\n|-boost|p2a: Ursaluna|spa|1\n|-boost|p2a: Ursaluna|spd|1\n|move|p1b: Dick|Whirlwind|p2a: Ursaluna\n|drag|p2a: Porygon2|Porygon2|100\/100\n|-damage|p2a: Porygon2|88\/100|[from] Stealth Rock\n|-damage|p2a: Porygon2|75\/100|[from] Spikes\n|-ability|p2a: Porygon2|Download|boost\n|-boost|p2a: Porygon2|spa|1\n|\n|-weather|Sandstorm|[upkeep]\n|-damage|p2b: Oranguru|44\/100|[from] Sandstorm\n|-damage|p2a: Porygon2|69\/100|[from] Sandstorm\n|-heal|p2b: Oranguru|50\/100|[from] item: Leftovers\n|-heal|p1b: Dick|13\/100|[from] item: Leftovers\n|upkeep\n|turn|5\n|\n|t:|1700739611\n|switch|p1b: MichaelJackson|Incineroar, F, shiny|94\/100\n|-ability|p1b: MichaelJackson|Intimidate|boost\n|-unboost|p2a: Porygon2|atk|1\n|-unboost|p2b: Oranguru|atk|1\n|move|p2b: Oranguru|Protect|p2b: Oranguru\n|-singleturn|p2b: Oranguru|Protect\n|move|p1a: AdolfH|Rock Slide|p2b: Oranguru|[spread] p2a\n|-activate|p2b: Oranguru|move: Protect\n|-damage|p2a: Porygon2|51\/100\n|move|p2a: Porygon2|Trick Room|p2a: Porygon2\n|-fieldstart|move: Trick Room|[of] p2a: Porygon2\n|\n|-weather|none\n|-heal|p2b: Oranguru|56\/100|[from] item: Leftovers\n|upkeep\n|turn|6\n|inactive|Trap7110 has 120 seconds left.\n|inactive|iwkaid has 120 seconds left.\n|\n|t:|1700739643\n|switch|p1a: AmoonguSUS|Amoonguss, F, shiny|100\/100\n|switch|p2b: Ninetales|Ninetales-Alola, F|100\/100\n|-damage|p2b: Ninetales|76\/100|[from] Stealth Rock\n|-damage|p2b: Ninetales|63\/100|[from] Spikes\n|-weather|Snow|[from] ability: Snow Warning|[of] p2b: Ninetales\n|move|p2a: Porygon2|Protect|p2a: Porygon2\n|-singleturn|p2a: Porygon2|Protect\n|move|p1b: MichaelJackson|Knock Off|p2b: Ninetales\n|-resisted|p2b: Ninetales\n|-damage|p2b: Ninetales|45\/100\n|-enditem|p2b: Ninetales|Light Clay|[from] move: Knock Off|[of] p1b: MichaelJackson\n|\n|-weather|Snow|[upkeep]\n|upkeep\n|turn|7\n|\n|t:|1700739667\n|switch|p1a: AdolfH|Tyranitar-Mega, M|100\/100\n|-weather|Sandstorm|[from] ability: Sand Stream|[of] p1a: AdolfH\n|move|p2a: Porygon2|Recover|p2a: Porygon2\n|-heal|p2a: Porygon2|100\/100\n|move|p1b: MichaelJackson|Flare Blitz|p2b: Ninetales\n|-supereffective|p2b: Ninetales\n|-damage|p2b: Ninetales|0 fnt\n|faint|p2b: Ninetales\n|-damage|p1b: MichaelJackson|81\/100|[from] Recoil\n|\n|-weather|Sandstorm|[upkeep]\n|-damage|p2a: Porygon2|94\/100|[from] Sandstorm\n|-damage|p1b: MichaelJackson|75\/100|[from] Sandstorm\n|upkeep\n|inactive|iwkaid has 120 seconds left.\n|\n|t:|1700739680\n|switch|p2b: Glastrier|Glastrier|100\/100\n|-damage|p2b: Glastrier|75\/100|[from] Stealth Rock\n|-damage|p2b: Glastrier|63\/100|[from] Spikes\n|turn|8\n|\n|t:|1700739694\n|move|p2b: Glastrier|Close Combat|p1a: AdolfH\n|-supereffective|p1a: AdolfH\n|-damage|p1a: AdolfH|0 fnt\n|-unboost|p2b: Glastrier|def|1\n|-unboost|p2b: Glastrier|spd|1\n|faint|p1a: AdolfH\n|-ability|p2b: Glastrier|Chilling Neigh|boost\n|-boost|p2b: Glastrier|atk|1\n|move|p2a: Porygon2|Recover|p2a: Porygon2\n|-heal|p2a: Porygon2|100\/100\n|move|p1b: MichaelJackson|Parting Shot|p2b: Glastrier\n|-unboost|p2b: Glastrier|atk|1\n|-unboost|p2b: Glastrier|spa|1\n|\n|t:|1700739716\n|switch|p1b: AmoonguSUS|Amoonguss, F, shiny|100\/100|[from] Parting Shot\n|\n|-weather|Sandstorm|[upkeep]\n|-damage|p2b: Glastrier|57\/100|[from] Sandstorm\n|-damage|p1b: AmoonguSUS|94\/100|[from] Sandstorm\n|-damage|p2a: Porygon2|94\/100|[from] Sandstorm\n|-heal|p2b: Glastrier|63\/100|[from] item: Leftovers\n|upkeep\n|\n|t:|1700739718\n|switch|p1a: Child|Flutter Mane|100\/100\n|-enditem|p1a: Child|Booster Energy\n|-activate|p1a: Child|ability: Protosynthesis|[fromitem]\n|-start|p1a: Child|protosynthesisspe\n|turn|9\n|\n|t:|1700739737\n|move|p2b: Glastrier|Icicle Crash|p1a: Child\n|-damage|p1a: Child|25\/100\n|move|p1b: AmoonguSUS|Spore|p2a: Porygon2\n|-status|p2a: Porygon2|slp|[from] move: Spore\n|cant|p2a: Porygon2|slp\n|cant|p1a: Child|flinch\n|\n|-weather|Sandstorm|[upkeep]\n|-damage|p2b: Glastrier|57\/100|[from] Sandstorm\n|-damage|p1b: AmoonguSUS|88\/100|[from] Sandstorm\n|-damage|p2a: Porygon2|88\/100 slp|[from] Sandstorm\n|-damage|p1a: Child|19\/100|[from] Sandstorm\n|-heal|p2b: Glastrier|63\/100|[from] item: Leftovers\n|-fieldend|move: Trick Room\n|upkeep\n|turn|10\n|\n|t:|1700739753\n|-curestatus|p2a: Porygon2|slp|[msg]\n|move|p2a: Porygon2|Protect|p2a: Porygon2\n|-singleturn|p2a: Porygon2|Protect\n|move|p1b: AmoonguSUS|Rage Powder|p1b: AmoonguSUS\n|-singleturn|p1b: AmoonguSUS|move: Rage Powder\n|move|p1a: Child|Dazzling Gleam|p2b: Glastrier|[spread] p2b\n|-activate|p2a: Porygon2|move: Protect\n|-damage|p2b: Glastrier|31\/100\n|move|p2b: Glastrier|Icicle Crash|p1b: AmoonguSUS\n|-supereffective|p1b: AmoonguSUS\n|-damage|p1b: AmoonguSUS|8\/100\n|\n|-weather|Sandstorm|[upkeep]\n|-damage|p1a: Child|13\/100|[from] Sandstorm\n|-damage|p2a: Porygon2|82\/100|[from] Sandstorm\n|-damage|p1b: AmoonguSUS|2\/100|[from] Sandstorm\n|-damage|p2b: Glastrier|25\/100|[from] Sandstorm\n|-heal|p2b: Glastrier|31\/100|[from] item: Leftovers\n|upkeep\n|turn|11\n|\n|t:|1700739775\n|move|p1a: Child|Dazzling Gleam|p2b: Glastrier|[spread] p2a,p2b\n|-damage|p2a: Porygon2|65\/100\n|-damage|p2b: Glastrier|0 fnt\n|faint|p2b: Glastrier\n|move|p1b: AmoonguSUS|Pollen Puff|p1a: Child\n|-heal|p1a: Child|63\/100\n|move|p2a: Porygon2|Trick Room|p2a: Porygon2\n|-fieldstart|move: Trick Room|[of] p2a: Porygon2\n|\n|-weather|none\n|upkeep\n|\n|t:|1700739784\n|switch|p2b: Banette|Banette, F|100\/100\n|-damage|p2b: Banette|88\/100|[from] Stealth Rock\n|-damage|p2b: Banette|76\/100|[from] Spikes\n|-item|p1b: AmoonguSUS|Rocky Helmet|[from] ability: Frisk|[of] p2b: Banette|[identify]\n|turn|12\n|\n|t:|1700739797\n|detailschange|p2b: Banette|Banette-Mega, F\n|-mega|p2b: Banette|Banette|Banettite\n|move|p1a: Child|Protect|p1a: Child\n|-singleturn|p1a: Child|Protect\n|move|p2b: Banette|Shadow Sneak|p1a: Child\n|-activate|p1a: Child|move: Protect\n|move|p1b: AmoonguSUS|Spore|p2b: Banette\n|-status|p2b: Banette|slp|[from] move: Spore\n|move|p2a: Porygon2|Recover|p2a: Porygon2\n|-heal|p2a: Porygon2|100\/100\n|\n|upkeep\n|turn|13\n|\n|t:|1700739816\n|cant|p2b: Banette|slp\n|move|p1b: AmoonguSUS|Pollen Puff|p1a: Child\n|-heal|p1a: Child|100\/100\n|move|p2a: Porygon2|Discharge|p1b: AmoonguSUS|[spread] p2b,p1a,p1b\n|-crit|p1a: Child\n|-resisted|p1b: AmoonguSUS\n|-damage|p2b: Banette|52\/100 slp\n|-damage|p1a: Child|74\/100\n|-damage|p1b: AmoonguSUS|0 fnt\n|faint|p1b: AmoonguSUS\n|move|p1a: Child|Shadow Ball|p2b: Banette\n|-supereffective|p2b: Banette\n|-damage|p2b: Banette|0 fnt\n|faint|p2b: Banette\n|\n|upkeep\n|\n|t:|1700739831\n|switch|p1b: MichaelJackson|Incineroar, F, shiny|75\/100\n|switch|p2b: Ursaluna|Ursaluna-Bloodmoon, M|85\/100\n|-damage|p2b: Ursaluna|79\/100|[from] Stealth Rock\n|-damage|p2b: Ursaluna|67\/100|[from] Spikes\n|-ability|p1b: MichaelJackson|Intimidate|boost\n|-unboost|p2a: Porygon2|atk|1\n|-unboost|p2b: Ursaluna|atk|1\n|turn|14\n|\n|t:|1700739857\n|-terastallize|p1a: Child|Fairy\n|move|p1b: MichaelJackson|Fake Out|p2b: Ursaluna\n|-damage|p2b: Ursaluna|58\/100\n|cant|p2b: Ursaluna|flinch\n|move|p2a: Porygon2|Discharge|p1b: MichaelJackson|[spread] p1a,p1b\n|-immune|p2b: Ursaluna\n|-damage|p1a: Child|55\/100\n|-damage|p1b: MichaelJackson|60\/100\n|-status|p1b: MichaelJackson|par\n|move|p1a: Child|Moonblast|p2b: Ursaluna\n|-damage|p2b: Ursaluna|0 fnt\n|faint|p2b: Ursaluna\n|\n|upkeep\n|-message|iwkaid forfeited.\n|\n|win|Trap7110\n|raw|Trap7110's rating: 1202 &rarr; <strong>1219<\/strong><br \/>(+17 for winning)\n|raw|iwkaid's rating: 1089 &rarr; <strong>1073<\/strong><br \/>(-16 for losing)\n|l|\u2606iwkaid\n","uploadtime":1700739901,"views":8,"p1id":"trap7110","p2id":"iwkaid","formatid":"gen9nationaldexdoubles","rating":1073,"private":0,"password":""}