{"id":"gen9nationaldexdoubles-1995788846","p1":"DazzlingBrilliance","p2":"fiyp","format":"[Gen 9] National Dex Doubles","log":"|j|\u2606DazzlingBrilliance\n|j|\u2606fiyp\n|t:|1700603280\n|gametype|doubles\n|player|p1|DazzlingBrilliance|striker|1105\n|player|p2|fiyp|drayden|1153\n|teamsize|p1|6\n|teamsize|p2|6\n|gen|9\n|tier|[Gen 9] National Dex Doubles\n|rated|\n|rule|HP Percentage Mod: HP is shown in percentages\n|rule|Endless Battle Clause: Forcing endless battles is banned\n|rule|OHKO Clause: OHKO moves are banned\n|rule|Evasion Moves Clause: Evasion moves are banned\n|rule|Evasion Abilities Clause: Evasion abilities are banned\n|rule|Species Clause: Limit one of each Pok\u00e9mon\n|rule|Gravity Sleep Clause: The combination of sleep-inducing moves with imperfect accuracy and Gravity or Gigantamax Orbeetle are banned\n|clearpoke\n|poke|p1|Blissey, F|\n|poke|p1|Eldegoss, M|\n|poke|p1|Golduck, M|\n|poke|p1|Dodrio, M|\n|poke|p1|Hitmonchan, M|\n|poke|p1|Chandelure, M|\n|poke|p2|Grimmsnarl, M|\n|poke|p2|Hatterene, F|\n|poke|p2|Shaymin-Sky|\n|poke|p2|Chi-Yu|\n|poke|p2|Dragapult, M|\n|poke|p2|Ninetales-Alola, M|\n|teampreview\n|inactive|Battle timer is ON: inactive players will automatically lose when time's up. (requested by fiyp)\n|c|\u2606fiyp|hello motherfucker\n|\n|t:|1700603309\n|start\n|switch|p1a: Blissey|Blissey, F, shiny|100\/100\n|switch|p1b: Dodrio|Dodrio, M, shiny|100\/100\n|switch|p2a: Shaymin|Shaymin-Sky|100\/100\n|switch|p2b: Ninetales|Ninetales-Alola, M|100\/100\n|-weather|Snow|[from] ability: Snow Warning|[of] p2b: Ninetales\n|turn|1\n|inactive|DazzlingBrilliance has 120 seconds left.\n|\n|t:|1700603347\n|switch|p1a: Golduck|Golduck, M, shiny|100\/100\n|-ability|p1a: Golduck|Cloud Nine\n|move|p2a: Shaymin|Tailwind|p2a: Shaymin\n|-sidestart|p2: fiyp|move: Tailwind\n|move|p2b: Ninetales|Aurora Veil||[still]\n|-fail|p2b: Ninetales\n|move|p1b: Dodrio|Acupressure|p1a: Golduck\n|-boost|p1a: Golduck|spe|2\n|\n|-weather|Snow|[upkeep]\n|upkeep\n|turn|2\n|inactive|DazzlingBrilliance has 120 seconds left.\n|inactive|fiyp has 120 seconds left.\n|\n|t:|1700603393\n|switch|p1b: Blissey|Blissey, F, shiny|100\/100\n|move|p2a: Shaymin|Seed Flare|p1a: Golduck\n|-supereffective|p1a: Golduck\n|-damage|p1a: Golduck|0 fnt\n|faint|p1a: Golduck\n|move|p2b: Ninetales|Misty Terrain|p2b: Ninetales\n|-fieldstart|move: Misty Terrain\n|\n|-weather|Snow|[upkeep]\n|upkeep\n|inactive|DazzlingBrilliance has 90 seconds left.\n|\n|t:|1700603425\n|switch|p1a: Chandelure|Chandelure, M, shiny|100\/100\n|turn|3\n|inactive|DazzlingBrilliance has 90 seconds left.\n|inactive|fiyp has 120 seconds left.\n|\n|t:|1700603448\n|move|p2a: Shaymin|Earth Power|p1a: Chandelure\n|-supereffective|p1a: Chandelure\n|-damage|p1a: Chandelure|33\/100\n|move|p2b: Ninetales|Aurora Veil|p2b: Ninetales\n|-sidestart|p2: fiyp|move: Aurora Veil\n|move|p1a: Chandelure|Calm Mind|p1a: Chandelure\n|-boost|p1a: Chandelure|spa|1\n|-boost|p1a: Chandelure|spd|1\n|move|p1b: Blissey|Charge Beam|p2a: Shaymin\n|-damage|p2a: Shaymin|93\/100\n|-boost|p1b: Blissey|spa|1\n|\n|-weather|Snow|[upkeep]\n|-heal|p1a: Chandelure|39\/100|[from] item: Leftovers\n|upkeep\n|turn|4\n|inactive|DazzlingBrilliance has 90 seconds left.\n|\n|t:|1700603482\n|move|p2a: Shaymin|Earth Power|p1a: Chandelure\n|-supereffective|p1a: Chandelure\n|-damage|p1a: Chandelure|0 fnt\n|faint|p1a: Chandelure\n|move|p2b: Ninetales|Moonblast|p1b: Blissey\n|-damage|p1b: Blissey|86\/100\n|move|p1b: Blissey|Charge Beam|p2a: Shaymin\n|-damage|p2a: Shaymin|81\/100\n|-boost|p1b: Blissey|spa|1\n|\n|-weather|Snow|[upkeep]\n|-heal|p1b: Blissey|92\/100|[from] item: Leftovers\n|-sideend|p2: fiyp|move: Tailwind\n|upkeep\n|\n|t:|1700603506\n|switch|p1a: Eldegoss|Eldegoss, M, shiny|100\/100\n|turn|5\n|\n|t:|1700603528\n|move|p2a: Shaymin|Air Slash|p1a: Eldegoss\n|-supereffective|p1a: Eldegoss\n|-damage|p1a: Eldegoss|25\/100\n|move|p2b: Ninetales|Blizzard|p1b: Blissey|[spread] p1a,p1b\n|-supereffective|p1a: Eldegoss\n|-damage|p1a: Eldegoss|0 fnt\n|-damage|p1b: Blissey|80\/100\n|faint|p1a: Eldegoss\n|move|p1b: Blissey|Mud-Slap|p2b: Ninetales\n|-damage|p2b: Ninetales|94\/100\n|-unboost|p2b: Ninetales|accuracy|1\n|\n|-weather|none\n|-heal|p1b: Blissey|86\/100|[from] item: Leftovers\n|upkeep\n|\n|t:|1700603545\n|switch|p1a: Dodrio|Dodrio, M, shiny|100\/100\n|turn|6\n|inactive|DazzlingBrilliance has 90 seconds left.\n|\n|t:|1700603563\n|switch|p2b: Hatterene|Hatterene, F|100\/100\n|move|p2a: Shaymin|Tailwind|p2a: Shaymin\n|-sidestart|p2: fiyp|move: Tailwind\n|-zpower|p1a: Dodrio\n|move|p1a: Dodrio|Z-Acupressure|p1a: Dodrio|[anim]Acupressure\n|-start|p1a: Dodrio|move: Focus Energy|[zeffect]\n|-boost|p1a: Dodrio|accuracy|2\n|move|p1b: Blissey|Charge Beam|p2a: Shaymin\n|-damage|p2a: Shaymin|66\/100\n|-boost|p1b: Blissey|spa|1\n|\n|-heal|p1b: Blissey|92\/100|[from] item: Leftovers\n|-fieldend|Misty Terrain\n|upkeep\n|turn|7\n|inactive|DazzlingBrilliance has 90 seconds left.\n|inactive|fiyp has 120 seconds left.\n|inactive|DazzlingBrilliance has 60 seconds left.\n|\n|t:|1700603614\n|move|p2a: Shaymin|Air Slash|p1a: Dodrio\n|-damage|p1a: Dodrio|40\/100\n|cant|p1a: Dodrio|flinch\n|move|p2b: Hatterene|Psychic|p1a: Dodrio\n|-damage|p1a: Dodrio|0 fnt\n|faint|p1a: Dodrio\n|move|p1b: Blissey|Charge Beam|p2a: Shaymin\n|-damage|p2a: Shaymin|46\/100\n|-boost|p1b: Blissey|spa|1\n|\n|-heal|p1b: Blissey|98\/100|[from] item: Leftovers\n|upkeep\n|\n|t:|1700603629\n|switch|p1a: Get Fisted|Hitmonchan, M, shiny|100\/100\n|turn|8\n|inactive|DazzlingBrilliance has 60 seconds left.\n|\n|t:|1700603655\n|-terastallize|p1a: Get Fisted|Ghost\n|move|p2a: Shaymin|Air Slash|p1a: Get Fisted\n|-damage|p1a: Get Fisted|50\/100\n|move|p1a: Get Fisted|Power-Up Punch|p2b: Hatterene\n|-resisted|p2b: Hatterene\n|-damage|p2b: Hatterene|96\/100\n|-boost|p1a: Get Fisted|atk|1\n|move|p2b: Hatterene|Psychic|p1a: Get Fisted\n|-crit|p1a: Get Fisted\n|-damage|p1a: Get Fisted|0 fnt\n|faint|p1a: Get Fisted\n|move|p1b: Blissey|Mud-Slap|p2b: Hatterene\n|-crit|p2b: Hatterene\n|-damage|p2b: Hatterene|77\/100\n|-unboost|p2b: Hatterene|accuracy|1\n|\n|-heal|p1b: Blissey|100\/100|[from] item: Leftovers\n|upkeep\n|turn|9\n|inactive|DazzlingBrilliance has 60 seconds left.\n|inactive|DazzlingBrilliance has 30 seconds left.\n|\n|t:|1700603708\n|switch|p2a: Ninetales|Ninetales-Alola, M|94\/100\n|-weather|Snow|[from] ability: Snow Warning|[of] p2a: Ninetales\n|switch|p2b: Dragapult|Dragapult, M|100\/100\n|move|p1b: Blissey|Charge Beam|p2a: Ninetales\n|-damage|p2a: Ninetales|71\/100\n|-boost|p1b: Blissey|spa|1\n|\n|-weather|Snow|[upkeep]\n|-sideend|p2: fiyp|move: Tailwind\n|upkeep\n|turn|10\n|inactive|DazzlingBrilliance has 30 seconds left.\n|\n|t:|1700603731\n|move|p2b: Dragapult|Dragon Darts|p1b: Blissey\n|-damage|p1b: Blissey|77\/100\n|-anim|p2b: Dragapult|Dragon Darts|p1b: Blissey\n|-damage|p1b: Blissey|54\/100\n|move|p2a: Ninetales|Misty Terrain|p2a: Ninetales\n|-fieldstart|move: Misty Terrain\n|move|p1b: Blissey|Shadow Ball|p2b: Dragapult\n|-supereffective|p2b: Dragapult\n|-damage|p2b: Dragapult|0 fnt\n|faint|p2b: Dragapult\n|\n|-weather|Snow|[upkeep]\n|-heal|p1b: Blissey|60\/100|[from] item: Leftovers\n|-sideend|p2: fiyp|move: Aurora Veil\n|upkeep\n|\n|t:|1700603739\n|switch|p2b: Hatterene|Hatterene, F|77\/100\n|turn|11\n|\n|t:|1700603754\n|move|p2a: Ninetales|Aurora Veil|p2a: Ninetales\n|-sidestart|p2: fiyp|move: Aurora Veil\n|move|p1b: Blissey|Shadow Ball|p2b: Hatterene\n|-supereffective|p2b: Hatterene\n|-damage|p2b: Hatterene|0 fnt\n|faint|p2b: Hatterene\n|\n|-weather|Snow|[upkeep]\n|-heal|p1b: Blissey|66\/100|[from] item: Leftovers\n|upkeep\n|\n|t:|1700603762\n|switch|p2b: Grimmsnarl|Grimmsnarl, M|100\/100\n|turn|12\n|\n|t:|1700603771\n|move|p2b: Grimmsnarl|Fake Out|p1b: Blissey\n|-damage|p1b: Blissey|53\/100\n|move|p2a: Ninetales|Moonblast|p1b: Blissey\n|-damage|p1b: Blissey|38\/100\n|-unboost|p1b: Blissey|spa|1\n|cant|p1b: Blissey|flinch\n|\n|-weather|Snow|[upkeep]\n|-heal|p1b: Blissey|44\/100|[from] item: Leftovers\n|upkeep\n|turn|13\n|inactive|DazzlingBrilliance has 90 seconds left.\n|\n|t:|1700603789\n|move|p2a: Ninetales|Moonblast|p1b: Blissey\n|-damage|p1b: Blissey|29\/100\n|move|p1b: Blissey|Mud-Slap|p2b: Grimmsnarl\n|-damage|p2b: Grimmsnarl|92\/100\n|-unboost|p2b: Grimmsnarl|accuracy|1\n|move|p2b: Grimmsnarl|Spirit Break|p1b: Blissey|[miss]\n|-miss|p2b: Grimmsnarl|p1b: Blissey\n|\n|-weather|none\n|-heal|p1b: Blissey|35\/100|[from] item: Leftovers\n|-heal|p2b: Grimmsnarl|98\/100|[from] item: Leftovers\n|upkeep\n|turn|14\n|inactive|DazzlingBrilliance has 90 seconds left.\n|\n|t:|1700603819\n|move|p2a: Ninetales|Moonblast|p1b: Blissey\n|-damage|p1b: Blissey|21\/100\n|move|p1b: Blissey|Shadow Ball|p2a: Ninetales\n|-damage|p2a: Ninetales|33\/100\n|move|p2b: Grimmsnarl|Spirit Break|p1b: Blissey\n|-damage|p1b: Blissey|0 fnt\n|faint|p1b: Blissey\n|\n|win|fiyp\n|raw|DazzlingBrilliance's rating: 1105 &rarr; <strong>1083<\/strong><br \/>(-22 for losing)\n|raw|fiyp's rating: 1153 &rarr; <strong>1175<\/strong><br \/>(+22 for winning)\n","uploadtime":1700603297,"views":0,"p1id":"dazzlingbrilliance","p2id":"fiyp","formatid":"gen9nationaldexdoubles","rating":1083,"private":0,"password":""}