{"id":"gen9nationaldexdoubles-1984113410","p1":"FriedBeaver01","p2":"Prankbox454","format":"[Gen 9] National Dex Doubles","log":"|j|\u2606FriedBeaver01\n|j|\u2606Prankbox454\n|t:|1699220054\n|gametype|doubles\n|player|p1|FriedBeaver01|101|\n|player|p2|Prankbox454|burgh|\n|teamsize|p1|6\n|teamsize|p2|6\n|gen|9\n|tier|[Gen 9] National Dex Doubles\n|rule|HP Percentage Mod: HP is shown in percentages\n|rule|Endless Battle Clause: Forcing endless battles is banned\n|rule|OHKO Clause: OHKO moves are banned\n|rule|Evasion Moves Clause: Evasion moves are banned\n|rule|Evasion Abilities Clause: Evasion abilities are banned\n|rule|Species Clause: Limit one of each Pok\u00e9mon\n|rule|Gravity Sleep Clause: The combination of sleep-inducing moves with imperfect accuracy and Gravity or Gigantamax Orbeetle are banned\n|clearpoke\n|poke|p1|Dragapult, M|\n|poke|p1|Grimmsnarl, M|\n|poke|p1|Iron Hands|\n|poke|p1|Pincurchin, M|\n|poke|p1|Heatran, M|\n|poke|p1|Torterra, M|\n|poke|p2|Regigigas|\n|poke|p2|Medicham, M|\n|poke|p2|Comfey, F|\n|poke|p2|Tornadus, M|\n|poke|p2|Kingambit, M|\n|poke|p2|Clefairy, M|\n|teampreview\n|c|\u2606FriedBeaver01|Invite the fella\n|c|\u2606Prankbox454|ok one sec\n|j| bubbybean\n|c| bubbybean|Aqui\n|c|\u2606FriedBeaver01|Hey\n|c|\u2606Prankbox454|howdy\n|c| bubbybean|Howdy\n|\n|t:|1699220164\n|start\n|switch|p1a: EXTRA THICC|Grimmsnarl, M, shiny|100\/100\n|switch|p1b: Hedgeshock|Pincurchin, M, shiny|100\/100\n|switch|p2a: Regigigas|Regigigas|100\/100\n|switch|p2b: Medicham|Medicham, M|100\/100\n|-start|p2a: Regigigas|ability: Slow Start\n|-fieldstart|move: Electric Terrain|[from] ability: Electric Surge|[of] p1b: Hedgeshock\n|-enditem|p1b: Hedgeshock|Electric Seed\n|-boost|p1b: Hedgeshock|def|1|[from] item: Electric Seed\n|turn|1\n|c|\u2606Prankbox454|i was thinking too hard about this lead lol\n|c|\u2606FriedBeaver01|hhmmm\n|c|\u2606FriedBeaver01|Hopefully this works\n|c| bubbybean|I'll hop off once this match is over guys, I'm gonna watch the cowboys game lol\n|\n|t:|1699220314\n|move|p2a: Regigigas|Protect|p2a: Regigigas\n|-singleturn|p2a: Regigigas|Protect\n|move|p2b: Medicham|Fake Out|p1b: Hedgeshock\n|-damage|p1b: Hedgeshock|88\/100\n|move|p1a: EXTRA THICC|Taunt|p2b: Medicham\n|-start|p2b: Medicham|move: Taunt\n|cant|p1b: Hedgeshock|flinch\n|\n|upkeep\n|turn|2\n|c|\u2606FriedBeaver01|Perfect\n|c|\u2606Prankbox454|King of Taunt\n|c|\u2606FriedBeaver01|The Return of the King\n|c|\u2606Prankbox454|yea no i just wipe\n|c|\u2606Prankbox454|ggs\n|c| bubbybean|What\n|\n|t:|1699220404\n|switch|p2b: Comfey|Comfey, F|100\/100\n|-end|p2a: Regigigas|Slow Start|[silent]\n|switch|p2a: Clefairy|Clefairy, M|100\/100\n|move|p1a: EXTRA THICC|Parting Shot|p2a: Clefairy\n|-unboost|p2a: Clefairy|atk|1\n|-unboost|p2a: Clefairy|spa|1\n|\n|t:|1699220415\n|switch|p1a: Krakatoada|Heatran, M, shiny|100\/100|[from] Parting Shot\n|-item|p1a: Krakatoada|Air Balloon\n|move|p1b: Hedgeshock|Toxic Spikes|p2a: Clefairy\n|-sidestart|p2: Prankbox454|move: Toxic Spikes\n|\n|upkeep\n|turn|3\n|c|\u2606FriedBeaver01|Seriously Taunt is highkey op\n|c|\u2606Prankbox454|It is against me\n|\n|t:|1699220486\n|move|p2a: Clefairy|Protect|p2a: Clefairy\n|-singleturn|p2a: Clefairy|Protect\n|move|p2b: Comfey|Tailwind|p2b: Comfey\n|-sidestart|p2: Prankbox454|move: Tailwind\n|move|p1a: Krakatoada|Eruption|p2b: Comfey|[spread] p2b\n|-activate|p2a: Clefairy|move: Protect\n|-damage|p2b: Comfey|45\/100\n|-enditem|p2b: Comfey|Sitrus Berry|[eat]\n|-heal|p2b: Comfey|70\/100|[from] item: Sitrus Berry\n|move|p1b: Hedgeshock|Rising Voltage|p2a: Clefairy\n|-activate|p2a: Clefairy|move: Protect\n|\n|upkeep\n|turn|4\n|c| bubbybean|Yeah, I think I'll skedaddle now\n|c|\u2606FriedBeaver01|You break down through numerous strategies if the opponent doesn\u2019t Taunt you back or have a mental herb\n|c| bubbybean|It was nice to meet y'all\n|c|\u2606Prankbox454|Ok see ya\n|c| bubbybean|Buh-bye\n|c|\u2606FriedBeaver01|Cya bud\n|c|\u2606Prankbox454|:)\n|c|\u2606FriedBeaver01|;)\n|c| bubbybean|>:)\n|l| bubbybean\n|\n|t:|1699220563\n|move|p2b: Comfey|Draining Kiss|p1b: Hedgeshock\n|-damage|p1b: Hedgeshock|60\/100\n|-heal|p2b: Comfey|88\/100|[from] drain|[of] p1b: Hedgeshock\n|move|p1a: Krakatoada|Eruption|p2a: Clefairy|[spread] p2a,p2b\n|-damage|p2a: Clefairy|38\/100\n|-damage|p2b: Comfey|33\/100\n|move|p2a: Clefairy|Role Play|p2b: Comfey\n|-endability|p2a: Clefairy|Friend Guard|[from] move: Role Play\n|-ability|p2a: Clefairy|Triage|[from] move: Role Play|[of] p2b: Comfey\n|move|p1b: Hedgeshock|Rising Voltage|p2b: Comfey\n|-hint|Rising Voltage's BP doubled on grounded target.\n|-damage|p2b: Comfey|0 fnt\n|faint|p2b: Comfey\n|\n|upkeep\n|c|\u2606FriedBeaver01|The demon is doing God\u2019s work\n|c|\u2606FriedBeaver01|(Ironic)\n|\n|t:|1699220596\n|switch|p2b: Regigigas|Regigigas|100\/100\n|-status|p2b: Regigigas|psn\n|-start|p2b: Regigigas|ability: Slow Start\n|turn|5\n|\n|t:|1699220613\n|move|p2b: Regigigas|Protect|p2b: Regigigas\n|-singleturn|p2b: Regigigas|Protect\n|move|p2a: Clefairy|Follow Me|p2a: Clefairy\n|-singleturn|p2a: Clefairy|move: Follow Me\n|move|p1a: Krakatoada|Eruption|p2a: Clefairy|[spread] p2a\n|-activate|p2b: Regigigas|move: Protect\n|-damage|p2a: Clefairy|0 fnt\n|faint|p2a: Clefairy\n|move|p1b: Hedgeshock|Rising Voltage|p2b: Regigigas\n|-activate|p2b: Regigigas|move: Protect\n|\n|-damage|p2b: Regigigas|88\/100 psn|[from] psn\n|-fieldend|move: Electric Terrain\n|upkeep\n|\n|t:|1699220624\n|switch|p2a: Medicham|Medicham, M|100\/100\n|-status|p2a: Medicham|psn\n|turn|6\n|\n|t:|1699220666\n|switch|p1b: Lizardgeist|Dragapult, M, shiny|100\/100\n|move|p2a: Medicham|Skill Swap|p2b: Regigigas\n|-activate|p2a: Medicham|move: Skill Swap|||[of] p2b: Regigigas\n|-end|p2b: Regigigas|Slow Start|[silent]\n|-start|p2a: Medicham|ability: Slow Start\n|move|p2b: Regigigas|Power-Up Punch|p1a: Krakatoada\n|-supereffective|p1a: Krakatoada\n|-crit|p1a: Krakatoada\n|-damage|p1a: Krakatoada|0 fnt\n|-boost|p2b: Regigigas|atk|1\n|-enditem|p1a: Krakatoada|Air Balloon\n|faint|p1a: Krakatoada\n|\n|-heal|p2b: Regigigas|94\/100 psn|[from] item: Leftovers\n|-damage|p2b: Regigigas|82\/100 psn|[from] psn\n|-damage|p2a: Medicham|88\/100 psn|[from] psn\n|-sideend|p2: Prankbox454|move: Tailwind\n|upkeep\n|c|\u2606Prankbox454|I appreciate the crit :P\n|\n|t:|1699220701\n|switch|p1a: Hedgeshock|Pincurchin, M, shiny|60\/100\n|-fieldstart|move: Electric Terrain|[from] ability: Electric Surge|[of] p1a: Hedgeshock\n|turn|7\n|\n|t:|1699220732\n|-end|p2a: Medicham|Slow Start|[silent]\n|switch|p2a: Kingambit|Kingambit, M|100\/100\n|move|p2b: Regigigas|Protect|p2b: Regigigas\n|-singleturn|p2b: Regigigas|Protect\n|move|p1a: Hedgeshock|Sucker Punch||[still]\n|-fail|p1a: Hedgeshock\n|move|p1b: Lizardgeist|U-turn|p2b: Regigigas\n|-activate|p2b: Regigigas|move: Protect\n|\n|-heal|p2b: Regigigas|88\/100 psn|[from] item: Leftovers\n|-damage|p2b: Regigigas|76\/100 psn|[from] psn\n|upkeep\n|turn|8\n|c|\u2606FriedBeaver01|I don\u2019t\n|\n|t:|1699220799\n|switch|p1b: Big Slapper|Iron Hands, shiny|100\/100\n|-activate|p1b: Big Slapper|ability: Quark Drive\n|-start|p1b: Big Slapper|quarkdriveatk\n|move|p2a: Kingambit|Sucker Punch||[still]\n|-fail|p2a: Kingambit\n|move|p2b: Regigigas|Return|p1a: Hedgeshock\n|-damage|p1a: Hedgeshock|0 fnt\n|faint|p1a: Hedgeshock\n|\n|-heal|p2b: Regigigas|82\/100 psn|[from] item: Leftovers\n|-damage|p2b: Regigigas|69\/100 psn|[from] psn\n|upkeep\n|\n|t:|1699220819\n|switch|p1a: EXTRA THICC|Grimmsnarl, M, shiny|100\/100\n|turn|9\n|\n|t:|1699220938\n|-terastallize|p2a: Kingambit|Flying\n|move|p2b: Regigigas|Protect|p2b: Regigigas\n|-singleturn|p2b: Regigigas|Protect\n|move|p1a: EXTRA THICC|Parting Shot|p2b: Regigigas\n|-activate|p2b: Regigigas|move: Protect\n|move|p2a: Kingambit|Iron Head|p1a: EXTRA THICC\n|-supereffective|p1a: EXTRA THICC\n|-crit|p1a: EXTRA THICC\n|-damage|p1a: EXTRA THICC|0 fnt\n|-damage|p2a: Kingambit|84\/100|[from] item: Rocky Helmet|[of] p1a: EXTRA THICC\n|faint|p1a: EXTRA THICC\n|move|p1b: Big Slapper|Drain Punch|p2a: Kingambit\n|-resisted|p2a: Kingambit\n|-damage|p2a: Kingambit|57\/100\n|\n|-heal|p2b: Regigigas|76\/100 psn|[from] item: Leftovers\n|-damage|p2b: Regigigas|63\/100 psn|[from] psn\n|upkeep\n|c|\u2606FriedBeaver01|Where are you pulling out all these crits?\n|c|\u2606Prankbox454|Brother\n|\n|t:|1699220964\n|switch|p1a: Tortellini|Torterra, M, shiny|100\/100\n|turn|10\n|c|\u2606Prankbox454|It's a stab super effective iron head\n|c|\u2606Prankbox454|I dont think it mattered :P\n|\n|t:|1699221036\n|switch|p2a: Medicham|Medicham, M|88\/100 psn\n|-terastallize|p1b: Big Slapper|Bug\n|move|p2b: Regigigas|Return|p1b: Big Slapper\n|-damage|p1b: Big Slapper|0 fnt\n|faint|p1b: Big Slapper\n|-end|p1b: Big Slapper|Quark Drive|[silent]\n|move|p1a: Tortellini|Leech Seed|p2a: Medicham\n|-start|p2a: Medicham|move: Leech Seed\n|\n|-heal|p2b: Regigigas|69\/100 psn|[from] item: Leftovers\n|-damage|p2a: Medicham|76\/100 psn|[from] Leech Seed|[of] p1a: Tortellini\n|-damage|p2a: Medicham|63\/100 psn|[from] psn\n|-damage|p2b: Regigigas|57\/100 psn|[from] psn\n|upkeep\n|\n|t:|1699221044\n|switch|p1b: Lizardgeist|Dragapult, M, shiny|100\/100\n|turn|11\n|\n|t:|1699221105\n|move|p1a: Tortellini|Protect|p1a: Tortellini\n|-singleturn|p1a: Tortellini|Protect\n|move|p2a: Medicham|Fake Out|p1a: Tortellini\n|-activate|p1a: Tortellini|move: Protect\n|move|p1b: Lizardgeist|Psychic Fangs|p2b: Regigigas\n|-damage|p2b: Regigigas|26\/100 psn\n|move|p2b: Regigigas|Knock Off|p1b: Lizardgeist\n|-supereffective|p1b: Lizardgeist\n|-damage|p1b: Lizardgeist|0 fnt\n|-enditem|p1b: Lizardgeist|Choice Band|[from] move: Knock Off|[of] p2b: Regigigas\n|faint|p1b: Lizardgeist\n|\n|-heal|p2b: Regigigas|32\/100 psn|[from] item: Leftovers\n|-damage|p2a: Medicham|51\/100 psn|[from] Leech Seed|[of] p1a: Tortellini\n|-damage|p2a: Medicham|39\/100 psn|[from] psn\n|-damage|p2b: Regigigas|20\/100 psn|[from] psn\n|-fieldend|move: Electric Terrain\n|upkeep\n|turn|12\n|c|\u2606Prankbox454|remember when i said it was joever at the beginning?\n|c|\u2606FriedBeaver01|Yes\n|c|\u2606FriedBeaver01|it was Joever mama\n|c|\u2606FriedBeaver01|:smugpin;\n|c|\u2606Prankbox454|I only realized at the end\n|c|\u2606Prankbox454|That i could just switch them out and try again :P\n|\n|t:|1699221168\n|switch|p2a: Tornadus|Tornadus, M|100\/100\n|move|p2b: Regigigas|Return|p1a: Tortellini\n|-damage|p1a: Tortellini|0 fnt\n|faint|p1a: Tortellini\n|\n|win|Prankbox454\n|c|\u2606FriedBeaver01|Man\n|c|\u2606FriedBeaver01|they should totally rename Regigigas\n","uploadtime":1699221184,"views":7,"p1id":"friedbeaver01","p2id":"prankbox454","formatid":"gen9nationaldexdoubles","rating":0,"private":0,"password":""}