{"id":"gen9nationaldexdoubles-1972538214","p1":"Larger Fudge","p2":"Brick_Enjoyer_144","format":"[Gen 9] National Dex Doubles","log":"|j|\u2606Larger Fudge\n|j|\u2606Brick_Enjoyer_144\n|t:|1697854428\n|gametype|doubles\n|player|p1|Larger Fudge|cynthia|1303\n|player|p2|Brick_Enjoyer_144|shauntal|1198\n|teamsize|p1|6\n|teamsize|p2|6\n|gen|9\n|tier|[Gen 9] National Dex Doubles\n|rated|\n|rule|HP Percentage Mod: HP is shown in percentages\n|rule|Endless Battle Clause: Forcing endless battles is banned\n|rule|OHKO Clause: OHKO moves are banned\n|rule|Evasion Moves Clause: Evasion moves are banned\n|rule|Evasion Abilities Clause: Evasion abilities are banned\n|rule|Species Clause: Limit one of each Pok\u00e9mon\n|rule|Gravity Sleep Clause: The combination of sleep-inducing moves with imperfect accuracy and Gravity or Gigantamax Orbeetle are banned\n|clearpoke\n|poke|p1|Dracovish|\n|poke|p1|Porygon-Z|\n|poke|p1|Togekiss, F|\n|poke|p1|Murkrow, F|\n|poke|p1|Sinistcha-Masterpiece|\n|poke|p1|Incineroar, F|\n|poke|p2|Spiritomb, F|\n|poke|p2|Escavalier, M|\n|poke|p2|Pincurchin, F|\n|poke|p2|Hatterene, F|\n|poke|p2|Primarina, M|\n|poke|p2|Porygon2|\n|teampreview\n|inactive|Battle timer is ON: inactive players will automatically lose when time's up. (requested by Larger Fudge)\n|inactive|Brick_Enjoyer_144 also wants the timer to be on.\n|\n|t:|1697854436\n|start\n|switch|p1a: Murkrow|Murkrow, F|100\/100\n|switch|p1b: Dracovish|Dracovish|100\/100\n|switch|p2a: Spiritomb|Spiritomb, F|100\/100\n|switch|p2b: Escavalier|Escavalier, M|100\/100\n|-ability|p2a: Spiritomb|Pressure\n|turn|1\n|\n|t:|1697854449\n|move|p1a: Murkrow|Tailwind|p1a: Murkrow\n|-sidestart|p1: Larger Fudge|move: Tailwind\n|move|p1b: Dracovish|Fishious Rend|p2a: Spiritomb\n|-damage|p2a: Spiritomb|0 fnt\n|faint|p2a: Spiritomb\n|move|p2b: Escavalier|Swords Dance|p2b: Escavalier\n|-boost|p2b: Escavalier|atk|2\n|\n|upkeep\n|\n|t:|1697854465\n|switch|p2a: Pincurchin|Pincurchin, F|100\/100\n|-fieldstart|move: Electric Terrain|[from] ability: Electric Surge|[of] p2a: Pincurchin\n|turn|2\n|\n|t:|1697854479\n|switch|p1a: Incineroar|Incineroar, F|100\/100\n|-ability|p1a: Incineroar|Intimidate|boost\n|-unboost|p2a: Pincurchin|atk|1\n|-unboost|p2b: Escavalier|atk|1\n|move|p1b: Dracovish|Fishious Rend|p2b: Escavalier\n|-enditem|p2b: Escavalier|Focus Sash\n|-damage|p2b: Escavalier|1\/100\n|move|p2b: Escavalier|Knock Off|p1b: Dracovish\n|-damage|p1b: Dracovish|36\/100\n|-enditem|p1b: Dracovish|Choice Band|[from] move: Knock Off|[of] p2b: Escavalier\n|move|p2a: Pincurchin|Zing Zap|p1a: Incineroar\n|-damage|p1a: Incineroar|64\/100\n|\n|upkeep\n|turn|3\n|\n|t:|1697854503\n|move|p1a: Incineroar|Darkest Lariat|p2b: Escavalier\n|-damage|p2b: Escavalier|0 fnt\n|faint|p2b: Escavalier\n|move|p1b: Dracovish|Fishious Rend|p2a: Pincurchin\n|-damage|p2a: Pincurchin|0 fnt\n|faint|p2a: Pincurchin\n|\n|upkeep\n|\n|t:|1697854512\n|switch|p2b: Porygon2|Porygon2|100\/100\n|switch|p2a: Primarina|Primarina, M|100\/100\n|-ability|p2b: Porygon2|Strong Jaw|[from] ability: Trace|[of] p1b: Dracovish\n|turn|4\n|\n|t:|1697854521\n|switch|p1a: Sinistcha|Sinistcha-Masterpiece|100\/100\n|-heal|p1b: Dracovish|61\/100|[from] ability: Hospitality|[of] p1a: Sinistcha\n|move|p1b: Dracovish|Fishious Rend|p2b: Porygon2\n|-damage|p2b: Porygon2|46\/100\n|move|p2a: Primarina|Echoed Voice|p1a: Sinistcha\n|-resisted|p1a: Sinistcha\n|-damage|p1a: Sinistcha|88\/100\n|move|p2b: Porygon2|Trick Room|p2b: Porygon2\n|-fieldstart|move: Trick Room|[of] p2b: Porygon2\n|\n|-heal|p1a: Sinistcha|94\/100|[from] item: Leftovers\n|-sideend|p1: Larger Fudge|move: Tailwind\n|upkeep\n|turn|5\n|\n|t:|1697854550\n|move|p1a: Sinistcha|Rage Powder|p1a: Sinistcha\n|-singleturn|p1a: Sinistcha|move: Rage Powder\n|move|p2a: Primarina|Draining Kiss|p1a: Sinistcha\n|-damage|p1a: Sinistcha|60\/100\n|move|p2b: Porygon2|Recover|p2b: Porygon2\n|-heal|p2b: Porygon2|96\/100\n|move|p1b: Dracovish|Fishious Rend|p2b: Porygon2\n|-damage|p2b: Porygon2|72\/100\n|\n|-heal|p1a: Sinistcha|66\/100|[from] item: Leftovers\n|upkeep\n|turn|6\n|\n|t:|1697854571\n|switch|p1b: Porygon-Z|Porygon-Z|100\/100\n|move|p2a: Primarina|Calm Mind|p2a: Primarina\n|-boost|p2a: Primarina|spa|1\n|-boost|p2a: Primarina|spd|1\n|move|p2b: Porygon2|Foul Play|p1a: Sinistcha\n|-supereffective|p1a: Sinistcha\n|-damage|p1a: Sinistcha|51\/100\n|move|p1a: Sinistcha|Matcha Gotcha|p2b: Porygon2|[spread] p2a,p2b\n|-supereffective|p2a: Primarina\n|-damage|p2a: Primarina|74\/100\n|-heal|p1a: Sinistcha|65\/100|[from] drain|[of] p2a: Primarina\n|-damage|p2b: Porygon2|55\/100\n|-heal|p1a: Sinistcha|74\/100|[from] drain|[of] p2b: Porygon2\n|-status|p2a: Primarina|brn\n|\n|-heal|p1a: Sinistcha|81\/100|[from] item: Leftovers\n|-damage|p2a: Primarina|68\/100 brn|[from] brn\n|upkeep\n|turn|7\n|\n|t:|1697854595\n|move|p1a: Sinistcha|Rage Powder|p1a: Sinistcha\n|-singleturn|p1a: Sinistcha|move: Rage Powder\n|move|p2a: Primarina|Echoed Voice|p1a: Sinistcha\n|-resisted|p1a: Sinistcha\n|-damage|p1a: Sinistcha|59\/100\n|move|p2b: Porygon2|Foul Play|p1a: Sinistcha\n|-supereffective|p1a: Sinistcha\n|-damage|p1a: Sinistcha|44\/100\n|move|p1b: Porygon-Z|Tri Attack|p2b: Porygon2\n|-damage|p2b: Porygon2|0 fnt\n|faint|p2b: Porygon2\n|\n|-heal|p1a: Sinistcha|50\/100|[from] item: Leftovers\n|-damage|p2a: Primarina|61\/100 brn|[from] brn\n|upkeep\n|\n|t:|1697854604\n|switch|p2b: Hatterene|Hatterene, F|100\/100\n|turn|8\n|\n|t:|1697854614\n|move|p1a: Sinistcha|Rage Powder|p1a: Sinistcha\n|-singleturn|p1a: Sinistcha|move: Rage Powder\n|move|p2b: Hatterene|Draining Kiss|p1a: Sinistcha\n|-damage|p1a: Sinistcha|0 fnt\n|faint|p1a: Sinistcha\n|move|p2a: Primarina|Echoed Voice|p1b: Porygon-Z\n|-damage|p1b: Porygon-Z|0 fnt\n|faint|p1b: Porygon-Z\n|\n|-damage|p2a: Primarina|55\/100 brn|[from] brn\n|-fieldend|move: Trick Room\n|upkeep\n|\n|t:|1697854627\n|switch|p1b: Dracovish|Dracovish|61\/100\n|switch|p1a: Murkrow|Murkrow, F|100\/100\n|turn|9\n|\n|t:|1697854635\n|-terastallize|p1b: Dracovish|Water\n|move|p1a: Murkrow|Tailwind|p1a: Murkrow\n|-sidestart|p1: Larger Fudge|move: Tailwind\n|move|p1b: Dracovish|Fishious Rend|p2a: Primarina\n|-resisted|p2a: Primarina\n|-damage|p2a: Primarina|0 fnt\n|faint|p2a: Primarina\n|move|p2b: Hatterene|Draining Kiss|p1b: Dracovish\n|-damage|p1b: Dracovish|1\/100\n|\n|-fieldend|move: Electric Terrain\n|upkeep\n|turn|10\n|\n|t:|1697854649\n|move|p1a: Murkrow|Icy Wind|p2b: Hatterene\n|-damage|p2b: Hatterene|88\/100\n|-unboost|p2b: Hatterene|spe|1\n|move|p1b: Dracovish|Fishious Rend|p2b: Hatterene\n|-damage|p2b: Hatterene|0 fnt\n|faint|p2b: Hatterene\n|\n|win|Larger Fudge\n|raw|Larger Fudge's rating: 1303 &rarr; <strong>1317<\/strong><br \/>(+14 for winning)\n|raw|Brick_Enjoyer_144's rating: 1198 &rarr; <strong>1180<\/strong><br \/>(-18 for losing)\n|l|\u2606Larger Fudge\n","uploadtime":1697854662,"views":7,"p1id":"largerfudge","p2id":"brickenjoyer144","formatid":"gen9nationaldexdoubles","rating":1180,"private":0,"password":""}