{"id":"gen9nationaldexdoubles-1956878723","p1":"Camdar","p2":"Play Tale of Wuxia","format":"[Gen 9] National Dex Doubles","log":"|j|\u2606Camdar\n|j|\u2606Play Tale of Wuxia\n|t:|1696165263\n|gametype|doubles\n|player|p1|Camdar|hilda|\n|player|p2|Play Tale of Wuxia|gentleman|\n|teamsize|p1|6\n|teamsize|p2|6\n|gen|9\n|tier|[Gen 9] National Dex Doubles\n|rule|HP Percentage Mod: HP is shown in percentages\n|rule|Endless Battle Clause: Forcing endless battles is banned\n|rule|OHKO Clause: OHKO moves are banned\n|rule|Evasion Moves Clause: Evasion moves are banned\n|rule|Evasion Abilities Clause: Evasion abilities are banned\n|rule|Species Clause: Limit one of each Pok\u00e9mon\n|rule|Gravity Sleep Clause: The combination of sleep-inducing moves with imperfect accuracy and Gravity or Gigantamax Orbeetle are banned\n|clearpoke\n|poke|p1|Zapdos|\n|poke|p1|Garchomp, M|\n|poke|p1|Kleavor, M|\n|poke|p1|Clefable, M|\n|poke|p1|Vivillon-Polar, M|\n|poke|p1|Gholdengo|\n|poke|p2|Dragonite, F|\n|poke|p2|Tornadus, M|\n|poke|p2|Arcanine-Hisui, F|\n|poke|p2|Qwilfish-Hisui, F|\n|poke|p2|Iron Bundle|\n|poke|p2|Iron Treads|\n|teampreview\n|j| 2wb\n|\n|t:|1696165285\n|start\n|switch|p1a: the fire nation|Zapdos|100\/100\n|switch|p1b: still the best '06|Garchomp, M|100\/100\n|switch|p2a: be nice to me|Tornadus, M|100\/100\n|switch|p2b: rockslide.exe|Iron Treads|100\/100\n|turn|1\n|\n|t:|1696165299\n|move|p2b: rockslide.exe|Rock Slide|p1b: still the best '06|[spread] p1a,p1b\n|-supereffective|p1a: the fire nation\n|-resisted|p1b: still the best '06\n|-damage|p1a: the fire nation|63\/100\n|-damage|p1b: still the best '06|92\/100\n|move|p2a: be nice to me|Icy Wind|p1b: still the best '06|[spread] p1a,p1b\n|-supereffective|p1a: the fire nation\n|-enditem|p1a: the fire nation|Yache Berry|[eat]\n|-enditem|p1a: the fire nation|Yache Berry|[weaken]\n|-supereffective|p1b: still the best '06\n|-damage|p1a: the fire nation|49\/100\n|-damage|p1b: still the best '06|25\/100\n|-unboost|p1a: the fire nation|spe|1\n|-unboost|p1b: still the best '06|spe|1\n|move|p1b: still the best '06|Earthquake|p2a: be nice to me|[spread] p2b\n|-immune|p1a: the fire nation\n|-immune|p2a: be nice to me\n|-supereffective|p2b: rockslide.exe\n|-damage|p2b: rockslide.exe|21\/100\n|cant|p1a: the fire nation|flinch\n|\n|upkeep\n|turn|2\n|\n|t:|1696165324\n|-terastallize|p1b: still the best '06|Steel\n|move|p1a: the fire nation|Protect|p1a: the fire nation\n|-singleturn|p1a: the fire nation|Protect\n|move|p2b: rockslide.exe|Rock Slide|p1b: still the best '06|[spread] p1b\n|-activate|p1a: the fire nation|move: Protect\n|-resisted|p1b: still the best '06\n|-damage|p1b: still the best '06|17\/100\n|move|p2a: be nice to me|Icy Wind|p1a: the fire nation|[spread] p1b\n|-activate|p1a: the fire nation|move: Protect\n|-resisted|p1b: still the best '06\n|-damage|p1b: still the best '06|9\/100\n|-unboost|p1b: still the best '06|spe|1\n|move|p1b: still the best '06|Earthquake|p2a: be nice to me|[spread] p2b\n|-activate|p1a: the fire nation|move: Protect\n|-immune|p2a: be nice to me\n|-supereffective|p2b: rockslide.exe\n|-damage|p2b: rockslide.exe|0 fnt\n|faint|p2b: rockslide.exe\n|-end|p2b: rockslide.exe|Quark Drive|[silent]\n|\n|upkeep\n|\n|t:|1696165356\n|switch|p2b: Cool Bird|Iron Bundle|100\/100\n|-enditem|p2b: Cool Bird|Booster Energy\n|-activate|p2b: Cool Bird|ability: Quark Drive|[fromitem]\n|-start|p2b: Cool Bird|quarkdrivespe\n|turn|3\n|\n|t:|1696165367\n|switch|p1b: budget clefairy|Vivillon-Polar, M|100\/100\n|move|p2b: Cool Bird|Icy Wind|p1a: the fire nation|[spread] p1a,p1b\n|-supereffective|p1a: the fire nation\n|-supereffective|p1b: budget clefairy\n|-damage|p1a: the fire nation|19\/100\n|-damage|p1b: budget clefairy|36\/100\n|-unboost|p1a: the fire nation|spe|1\n|-unboost|p1b: budget clefairy|spe|1\n|move|p2a: be nice to me|Icy Wind|p1a: the fire nation|[spread] p1a,p1b\n|-supereffective|p1a: the fire nation\n|-supereffective|p1b: budget clefairy\n|-damage|p1a: the fire nation|0 fnt\n|-damage|p1b: budget clefairy|0 fnt\n|faint|p1a: the fire nation\n|faint|p1b: budget clefairy\n|\n|upkeep\n|\n|t:|1696165381\n|switch|p1b: i hate umbrellas|Gholdengo|100\/100\n|switch|p1a: tera rock|Kleavor, M|100\/100\n|turn|4\n|\n|t:|1696165395\n|move|p2a: be nice to me|Tailwind|p2a: be nice to me\n|-sidestart|p2: Play Tale of Wuxia|move: Tailwind\n|move|p2b: Cool Bird|Hydro Pump|p1a: tera rock\n|-supereffective|p1a: tera rock\n|-damage|p1a: tera rock|0 fnt\n|faint|p1a: tera rock\n|move|p1b: i hate umbrellas|Nasty Plot|p1b: i hate umbrellas\n|-boost|p1b: i hate umbrellas|spa|2\n|\n|upkeep\n|\n|t:|1696165403\n|switch|p1a: namebrand clefairy|Clefable, M|100\/100\n|turn|5\n|\n|t:|1696165417\n|switch|p2a: fish?|Qwilfish-Hisui, F|100\/100\n|-ability|p2a: fish?|Intimidate|boost\n|-unboost|p1a: namebrand clefairy|atk|1\n|-unboost|p1b: i hate umbrellas|atk|1\n|move|p2b: Cool Bird|Hydro Pump|p1b: i hate umbrellas\n|-damage|p1b: i hate umbrellas|44\/100\n|move|p1b: i hate umbrellas|Make It Rain|p2a: fish?|[spread] p2a,p2b\n|-damage|p2a: fish?|0 fnt\n|-damage|p2b: Cool Bird|0 fnt\n|-unboost|p1b: i hate umbrellas|spa|1\n|faint|p2a: fish?\n|faint|p2b: Cool Bird\n|-end|p2b: Cool Bird|Quark Drive|[silent]\n|-damage|p1b: i hate umbrellas|34\/100|[from] item: Life Orb\n|move|p1a: namebrand clefairy|Chilling Water|p2: fish?|[notarget]\n|-fail|p1a: namebrand clefairy\n|\n|upkeep\n|\n|t:|1696165441\n|switch|p2b: be nice to me|Tornadus, M|100\/100\n|switch|p2a: Iron RK9|Arcanine-Hisui, F|100\/100\n|turn|6\n|\n|t:|1696165455\n|move|p1a: namebrand clefairy|Follow Me|p1a: namebrand clefairy\n|-singleturn|p1a: namebrand clefairy|move: Follow Me\n|move|p2a: Iron RK9|Flare Blitz|p1a: namebrand clefairy\n|-damage|p1a: namebrand clefairy|40\/100\n|move|p2b: be nice to me|Bleakwind Storm|p1b: i hate umbrellas|[spread] p1a,p1b\n|-resisted|p1b: i hate umbrellas\n|-damage|p1a: namebrand clefairy|7\/100\n|-damage|p1b: i hate umbrellas|15\/100\n|-unboost|p1a: namebrand clefairy|spe|1\n|move|p1b: i hate umbrellas|Make It Rain|p2a: Iron RK9|[spread] p2a,p2b\n|-damage|p2a: Iron RK9|0 fnt\n|-enditem|p2b: be nice to me|Focus Sash\n|-damage|p2b: be nice to me|1\/100\n|-unboost|p1b: i hate umbrellas|spa|1\n|faint|p2a: Iron RK9\n|-damage|p1b: i hate umbrellas|5\/100|[from] item: Life Orb\n|\n|-heal|p1a: namebrand clefairy|13\/100|[from] item: Leftovers\n|upkeep\n|\n|t:|1696165473\n|switch|p2a: Big D|Dragonite, F|100\/100\n|turn|7\n|\n|t:|1696165498\n|move|p2b: be nice to me|Bleakwind Storm|p1a: namebrand clefairy|[spread] p1a\n|-miss|p2b: be nice to me|p1b: i hate umbrellas\n|-damage|p1a: namebrand clefairy|0 fnt\n|faint|p1a: namebrand clefairy\n|move|p2a: Big D|Dual Wingbeat|p1b: i hate umbrellas\n|-resisted|p1b: i hate umbrellas\n|-damage|p1b: i hate umbrellas|0 fnt\n|faint|p1b: i hate umbrellas\n|-hitcount|p1: i hate umbrellas|1\n|\n|-sideend|p2: Play Tale of Wuxia|move: Tailwind\n|upkeep\n|\n|t:|1696165536\n|switch|p1b: still the best '06|Garchomp, M, tera:Steel|9\/100\n|turn|8\n|\n|t:|1696165541\n|move|p2b: be nice to me|Icy Wind|p1b: still the best '06|[miss]\n|-miss|p2b: be nice to me|p1b: still the best '06\n|move|p1b: still the best '06|Scale Shot|p2a: Big D\n|-supereffective|p2a: Big D\n|-damage|p2a: Big D|85\/100\n|-supereffective|p2a: Big D\n|-damage|p2a: Big D|53\/100\n|-supereffective|p2a: Big D\n|-damage|p2a: Big D|23\/100\n|-supereffective|p2a: Big D\n|-damage|p2a: Big D|0 fnt\n|faint|p2a: Big D\n|-hitcount|p2: Big D|4\n|-unboost|p1b: still the best '06|def|1\n|-boost|p1b: still the best '06|spe|1\n|\n|upkeep\n|turn|9\n|\n|t:|1696165556\n|move|p1b: still the best '06|Scale Shot|p2b: be nice to me\n|-damage|p2b: be nice to me|0 fnt\n|faint|p2b: be nice to me\n|-hitcount|p2: be nice to me|1\n|\n|win|Camdar\n|l|\u2606Play Tale of Wuxia\n|c|\u2606Camdar|holy shit\n","uploadtime":1696165571,"views":23,"p1id":"camdar","p2id":"playtaleofwuxia","formatid":"gen9nationaldexdoubles","rating":0,"private":0,"password":""}