{"id":"gen9nationaldexdoubles-1962906450","p1":"brothajustplay","p2":"thundervoltss","format":"[Gen 9] National Dex Doubles","log":"|j|\u2606brothajustplay\n|j|\u203dthundervoltss\n|t:|1696803948\n|gametype|doubles\n|player|p1|brothajustplay|musician|1326\n|player|p2|thundervoltss|169|1340\n|teamsize|p1|6\n|teamsize|p2|6\n|gen|9\n|tier|[Gen 9] National Dex Doubles\n|rated|\n|rule|HP Percentage Mod: HP is shown in percentages\n|rule|Endless Battle Clause: Forcing endless battles is banned\n|rule|OHKO Clause: OHKO moves are banned\n|rule|Evasion Moves Clause: Evasion moves are banned\n|rule|Evasion Abilities Clause: Evasion abilities are banned\n|rule|Species Clause: Limit one of each Pok\u00e9mon\n|rule|Gravity Sleep Clause: The combination of sleep-inducing moves with imperfect accuracy and Gravity or Gigantamax Orbeetle are banned\n|clearpoke\n|poke|p1|Oricorio, F|\n|poke|p1|Togekiss, M|\n|poke|p1|Roaring Moon|\n|poke|p1|Gholdengo|\n|poke|p1|Vikavolt, M|\n|poke|p1|Sceptile, F|\n|poke|p2|Kommo-o, F|\n|poke|p2|Blacephalon|\n|poke|p2|Indeedee-F, F|\n|poke|p2|Incineroar, F|\n|poke|p2|Sneasler, M|\n|poke|p2|Rillaboom, M|\n|teampreview\n|inactive|Battle timer is ON: inactive players will automatically lose when time's up. (requested by brothajustplay)\n|\n|t:|1696803968\n|start\n|switch|p1a: Vikavolt|Vikavolt, M, shiny|100\/100\n|switch|p1b: Sceptile|Sceptile, F, shiny|100\/100\n|switch|p2a: Rillaboom|Rillaboom, M, shiny|100\/100\n|switch|p2b: Sneasler|Sneasler, M|100\/100\n|-fieldstart|move: Grassy Terrain|[from] ability: Grassy Surge|[of] p2a: Rillaboom\n|-enditem|p2b: Sneasler|Grassy Seed\n|-boost|p2b: Sneasler|def|1|[from] item: Grassy Seed\n|turn|1\n|\n|t:|1696803987\n|detailschange|p1b: Sceptile|Sceptile-Mega, F, shiny\n|-mega|p1b: Sceptile|Sceptile|Sceptilite\n|-terastallize|p2b: Sneasler|Rock\n|move|p2a: Rillaboom|Fake Out|p1b: Sceptile\n|-damage|p1b: Sceptile|77\/100\n|move|p2b: Sneasler|Rock Slide|p1a: Vikavolt|[spread] p1a,p1b\n|-supereffective|p1a: Vikavolt\n|-damage|p1a: Vikavolt|35\/100\n|-damage|p1b: Sceptile|25\/100\n|-enditem|p1a: Vikavolt|Red Card|[of] p2b: Sneasler\n|drag|p2b: Incineroar|Incineroar, F|100\/100\n|-ability|p2b: Incineroar|Intimidate|boost\n|-unboost|p1a: Vikavolt|atk|1\n|-unboost|p1b: Sceptile|atk|1\n|cant|p1b: Sceptile|flinch\n|move|p1a: Vikavolt|Discharge|p2b: Incineroar|[spread] p2a,p2b\n|-ability|p1b: Sceptile|Lightning Rod|boost\n|-boost|p1b: Sceptile|spa|1\n|-resisted|p2a: Rillaboom\n|-damage|p2a: Rillaboom|87\/100\n|-damage|p2b: Incineroar|69\/100\n|-status|p2b: Incineroar|par\n|\n|-heal|p1b: Sceptile|31\/100|[from] Grassy Terrain\n|-heal|p2a: Rillaboom|93\/100|[from] Grassy Terrain\n|-heal|p2b: Incineroar|75\/100 par|[from] Grassy Terrain\n|upkeep\n|turn|2\n|inactive|thundervoltss has 120 seconds left.\n|\n|t:|1696804018\n|cant|p2b: Incineroar|par\n|move|p1b: Sceptile|Dragon Pulse|p2a: Rillaboom\n|-damage|p2a: Rillaboom|41\/100\n|move|p2a: Rillaboom|Knock Off|p1b: Sceptile\n|-damage|p1b: Sceptile|0 fnt\n|faint|p1b: Sceptile\n|move|p1a: Vikavolt|Discharge|p2b: Incineroar|[spread] p2a,p2b\n|-resisted|p2a: Rillaboom\n|-damage|p2a: Rillaboom|28\/100\n|-damage|p2b: Incineroar|45\/100 par\n|-status|p2a: Rillaboom|par\n|-enditem|p2b: Incineroar|Sitrus Berry|[eat]\n|-heal|p2b: Incineroar|70\/100 par|[from] item: Sitrus Berry\n|\n|-heal|p2a: Rillaboom|34\/100 par|[from] Grassy Terrain\n|-heal|p2b: Incineroar|76\/100 par|[from] Grassy Terrain\n|upkeep\n|inactive|brothajustplay has 120 seconds left.\n|\n|t:|1696804040\n|switch|p1b: Oricorio|Oricorio, F|100\/100\n|turn|3\n|\n|t:|1696804052\n|switch|p2a: Kommo-o|Kommo-o, F|100\/100\n|move|p1b: Oricorio|Quiver Dance|p1b: Oricorio\n|-boost|p1b: Oricorio|spa|1\n|-boost|p1b: Oricorio|spd|1\n|-boost|p1b: Oricorio|spe|1\n|move|p1a: Vikavolt|Bug Buzz|p2a: Kommo-o\n|-resisted|p2a: Kommo-o\n|-damage|p2a: Kommo-o|75\/100\n|-unboost|p2a: Kommo-o|spd|1\n|move|p2b: Incineroar|Flare Blitz|p1a: Vikavolt\n|-supereffective|p1a: Vikavolt\n|-damage|p1a: Vikavolt|0 fnt\n|faint|p1a: Vikavolt\n|-damage|p2b: Incineroar|66\/100 par|[from] Recoil\n|\n|-heal|p2a: Kommo-o|82\/100|[from] Grassy Terrain\n|-heal|p2b: Incineroar|72\/100 par|[from] Grassy Terrain\n|upkeep\n|inactive|brothajustplay has 120 seconds left.\n|\n|t:|1696804068\n|switch|p1a: Roaring Moon|Roaring Moon|100\/100\n|-enditem|p1a: Roaring Moon|Booster Energy\n|-activate|p1a: Roaring Moon|ability: Protosynthesis|[fromitem]\n|-start|p1a: Roaring Moon|protosynthesisatk\n|turn|4\n|\n|t:|1696804079\n|switch|p2a: Sneasler|Sneasler, M, tera:Rock|100\/100\n|move|p1b: Oricorio|Quiver Dance|p1b: Oricorio\n|-boost|p1b: Oricorio|spa|1\n|-boost|p1b: Oricorio|spd|1\n|-boost|p1b: Oricorio|spe|1\n|move|p1a: Roaring Moon|Dragon Claw|p2a: Sneasler\n|-damage|p2a: Sneasler|0 fnt\n|faint|p2a: Sneasler\n|move|p2b: Incineroar|Taunt|p1b: Oricorio\n|-start|p1b: Oricorio|move: Taunt\n|\n|-heal|p2b: Incineroar|78\/100 par|[from] Grassy Terrain\n|upkeep\n|inactive|thundervoltss has 120 seconds left.\n|\n|t:|1696804107\n|switch|p2a: Blacephalon|Blacephalon|100\/100\n|turn|5\n|\n|t:|1696804128\n|switch|p2b: Indeedee|Indeedee-F, F|100\/100\n|-fieldstart|move: Psychic Terrain|[from] ability: Psychic Surge|[of] p2b: Indeedee\n|-enditem|p2b: Indeedee|Psychic Seed\n|-boost|p2b: Indeedee|spd|1|[from] item: Psychic Seed\n|-terastallize|p1a: Roaring Moon|Ground\n|move|p1b: Oricorio|Hurricane|p2a: Blacephalon|[miss]\n|-miss|p1b: Oricorio|p2a: Blacephalon\n|move|p2a: Blacephalon|Expanding Force|p1a: Roaring Moon|[spread] p1a,p1b\n|-damage|p1a: Roaring Moon|42\/100\n|-damage|p1b: Oricorio|52\/100\n|-damage|p2a: Blacephalon|91\/100|[from] item: Life Orb\n|move|p1a: Roaring Moon|Earthquake|p2a: Blacephalon|[spread] p2a,p2b\n|-immune|p1b: Oricorio\n|-supereffective|p2a: Blacephalon\n|-crit|p2a: Blacephalon\n|-damage|p2a: Blacephalon|0 fnt\n|-damage|p2b: Indeedee|33\/100\n|faint|p2a: Blacephalon\n|\n|upkeep\n|\n|t:|1696804143\n|switch|p2a: Rillaboom|Rillaboom, M, shiny|34\/100 par\n|-fieldstart|move: Grassy Terrain|[from] ability: Grassy Surge|[of] p2a: Rillaboom\n|turn|6\n|inactive|brothajustplay has 120 seconds left.\n|\n|t:|1696804190\n|cant|p2a: Rillaboom|par\n|move|p1b: Oricorio|Revelation Dance|p2b: Indeedee\n|-damage|p2b: Indeedee|0 fnt\n|faint|p2b: Indeedee\n|move|p1a: Roaring Moon|Dragon Claw|p2a: Rillaboom\n|-damage|p2a: Rillaboom|0 fnt\n|faint|p2a: Rillaboom\n|\n|-heal|p1a: Roaring Moon|48\/100|[from] Grassy Terrain\n|upkeep\n|\n|t:|1696804197\n|switch|p2b: Kommo-o|Kommo-o, F|82\/100\n|switch|p2a: Incineroar|Incineroar, F|78\/100 par\n|-ability|p2a: Incineroar|Intimidate|boost\n|-unboost|p1a: Roaring Moon|atk|1\n|-unboost|p1b: Oricorio|atk|1\n|turn|7\n|\n|t:|1696804211\n|cant|p2a: Incineroar|par\n|move|p1b: Oricorio|Hurricane|p2b: Kommo-o|[miss]\n|-miss|p1b: Oricorio|p2b: Kommo-o\n|move|p1a: Roaring Moon|Earthquake|p2a: Incineroar|[spread] p2a,p2b\n|-immune|p1b: Oricorio\n|-supereffective|p2a: Incineroar\n|-damage|p2a: Incineroar|42\/100 par\n|-damage|p2b: Kommo-o|60\/100\n|-zpower|p2b: Kommo-o\n|move|p2b: Kommo-o|Clangorous Soulblaze|p1b: Oricorio|[zeffect]|[spread] p1a,p1b\n|-damage|p1a: Roaring Moon|0 fnt\n|-damage|p1b: Oricorio|12\/100\n|faint|p1a: Roaring Moon\n|-end|p1a: Roaring Moon|Protosynthesis|[silent]\n|-boost|p2b: Kommo-o|atk|1\n|-boost|p2b: Kommo-o|def|1\n|-boost|p2b: Kommo-o|spa|1\n|-boost|p2b: Kommo-o|spd|1\n|-boost|p2b: Kommo-o|spe|1\n|\n|-heal|p2b: Kommo-o|66\/100|[from] Grassy Terrain\n|-heal|p2a: Incineroar|48\/100 par|[from] Grassy Terrain\n|-end|p1b: Oricorio|move: Taunt\n|upkeep\n|inactive|brothajustplay has 120 seconds left.\n|\n|t:|1696804234\n|switch|p1a: Togekiss|Togekiss, M|100\/100\n|turn|8\n|\n|t:|1696804257\n|move|p2b: Kommo-o|Protect|p2b: Kommo-o\n|-singleturn|p2b: Kommo-o|Protect\n|move|p1a: Togekiss|Follow Me|p1a: Togekiss\n|-singleturn|p1a: Togekiss|move: Follow Me\n|move|p1b: Oricorio|Hurricane|p2b: Kommo-o\n|-activate|p2b: Kommo-o|move: Protect\n|move|p2a: Incineroar|Flare Blitz|p1a: Togekiss\n|-damage|p1a: Togekiss|59\/100\n|-damage|p2a: Incineroar|35\/100 par|[from] Recoil\n|\n|-heal|p2b: Kommo-o|72\/100|[from] Grassy Terrain\n|-heal|p1a: Togekiss|65\/100|[from] item: Leftovers\n|-heal|p2a: Incineroar|41\/100 par|[from] Grassy Terrain\n|upkeep\n|turn|9\n|\n|t:|1696804274\n|move|p1a: Togekiss|Follow Me|p1a: Togekiss\n|-singleturn|p1a: Togekiss|move: Follow Me\n|move|p1b: Oricorio|Hurricane|p2b: Kommo-o|[miss]\n|-miss|p1b: Oricorio|p2b: Kommo-o\n|move|p2b: Kommo-o|Iron Head|p1a: Togekiss\n|-supereffective|p1a: Togekiss\n|-damage|p1a: Togekiss|9\/100\n|move|p2a: Incineroar|Flare Blitz|p1a: Togekiss\n|-damage|p1a: Togekiss|0 fnt\n|faint|p1a: Togekiss\n|-damage|p2a: Incineroar|38\/100 par|[from] Recoil\n|\n|-heal|p2b: Kommo-o|78\/100|[from] Grassy Terrain\n|-heal|p2a: Incineroar|44\/100 par|[from] Grassy Terrain\n|upkeep\n|\n|t:|1696804288\n|switch|p1a: Gholdengo|Gholdengo|100\/100\n|-item|p1a: Gholdengo|Air Balloon\n|turn|10\n|\n|t:|1696804305\n|move|p2b: Kommo-o|Protect|p2b: Kommo-o\n|-singleturn|p2b: Kommo-o|Protect\n|move|p1b: Oricorio|Hurricane|p2b: Kommo-o\n|-activate|p2b: Kommo-o|move: Protect\n|move|p1a: Gholdengo|Shadow Ball|p2a: Incineroar\n|-resisted|p2a: Incineroar\n|-damage|p2a: Incineroar|25\/100 par\n|move|p2a: Incineroar|Flare Blitz|p1b: Oricorio\n|-resisted|p1b: Oricorio\n|-damage|p1b: Oricorio|0 fnt\n|faint|p1b: Oricorio\n|-damage|p2a: Incineroar|22\/100 par|[from] Recoil\n|\n|-heal|p2b: Kommo-o|84\/100|[from] Grassy Terrain\n|-heal|p2a: Incineroar|28\/100 par|[from] Grassy Terrain\n|-fieldend|move: Grassy Terrain\n|upkeep\n|turn|11\n|-message|brothajustplay forfeited.\n|\n|win|thundervoltss\n|raw|brothajustplay's rating: 1326 &rarr; <strong>1307<\/strong><br \/>(-19 for losing)\n|raw|thundervoltss's rating: 1340 &rarr; <strong>1359<\/strong><br \/>(+19 for winning)\n|l|\u2606brothajustplay\n|l|\u203dthundervoltss\n|j|\u203dthundervoltss\n|player|p2|thundervoltss|169\n","uploadtime":1696804340,"views":10,"p1id":"brothajustplay","p2id":"thundervoltss","formatid":"gen9nationaldexdoubles","rating":1307,"private":0,"password":""}