{"id":"gen9nationaldexdoubles-1964968204","p1":"Nickalip","p2":"Cristobalvaras","format":"[Gen 9] National Dex Doubles","log":"|j|\u2606Nickalip\n|j|\u2606Cristobalvaras\n|t:|1697031789\n|gametype|doubles\n|player|p1|Nickalip|steven|\n|player|p2|Cristobalvaras|hiker-gen4|\n|teamsize|p1|6\n|teamsize|p2|6\n|gen|9\n|tier|[Gen 9] National Dex Doubles\n|rule|HP Percentage Mod: HP is shown in percentages\n|rule|Endless Battle Clause: Forcing endless battles is banned\n|rule|OHKO Clause: OHKO moves are banned\n|rule|Evasion Moves Clause: Evasion moves are banned\n|rule|Evasion Abilities Clause: Evasion abilities are banned\n|rule|Species Clause: Limit one of each Pok\u00e9mon\n|rule|Gravity Sleep Clause: The combination of sleep-inducing moves with imperfect accuracy and Gravity or Gigantamax Orbeetle are banned\n|clearpoke\n|poke|p1|Iron Valiant|\n|poke|p1|Scizor, M|\n|poke|p1|Serperior, F|\n|poke|p1|Ceruledge, M|\n|poke|p1|Swampert, M|\n|poke|p1|Gardevoir, F|\n|poke|p2|Shuckle, M|\n|poke|p2|Dondozo, M|\n|poke|p2|Pachirisu, M|\n|poke|p2|Lucario, M|\n|poke|p2|Whimsicott, M|\n|poke|p2|Maushold-Four|\n|teampreview\n|inactive|Battle timer is ON: inactive players will automatically lose when time's up. (requested by Cristobalvaras)\n|\n|t:|1697031802\n|start\n|switch|p1a: Snake|Serperior, F, shiny|100\/100\n|switch|p1b: K\u0101v|Ceruledge, M|100\/100\n|switch|p2a: Lucario|Lucario, M|100\/100\n|switch|p2b: Whimsicott|Whimsicott, M|100\/100\n|turn|1\n|\n|t:|1697031826\n|move|p1a: Snake|Leaf Storm|p2a: Lucario\n|-resisted|p2a: Lucario\n|-damage|p2a: Lucario|63\/100\n|-boost|p1a: Snake|spa|2\n|move|p2b: Whimsicott|Beat Up|p2a: Lucario\n|-resisted|p2a: Lucario\n|-damage|p2a: Lucario|61\/100\n|-ability|p2a: Lucario|Justified|boost\n|-boost|p2a: Lucario|atk|1\n|-resisted|p2a: Lucario\n|-damage|p2a: Lucario|59\/100\n|-ability|p2a: Lucario|Justified|boost\n|-boost|p2a: Lucario|atk|1\n|-resisted|p2a: Lucario\n|-damage|p2a: Lucario|58\/100\n|-ability|p2a: Lucario|Justified|boost\n|-boost|p2a: Lucario|atk|1\n|-resisted|p2a: Lucario\n|-damage|p2a: Lucario|57\/100\n|-ability|p2a: Lucario|Justified|boost\n|-boost|p2a: Lucario|atk|1\n|-resisted|p2a: Lucario\n|-damage|p2a: Lucario|55\/100\n|-ability|p2a: Lucario|Justified|boost\n|-boost|p2a: Lucario|atk|1\n|-resisted|p2a: Lucario\n|-damage|p2a: Lucario|53\/100\n|-ability|p2a: Lucario|Justified|boost\n|-boost|p2a: Lucario|atk|1\n|-hitcount|p2a: Lucario|6\n|move|p1b: K\u0101v|Bitter Blade|p2b: Whimsicott\n|-supereffective|p2b: Whimsicott\n|-damage|p2b: Whimsicott|0 fnt\n|faint|p2b: Whimsicott\n|move|p2a: Lucario|Rock Slide|p1a: Snake|[spread] p1a,p1b\n|-supereffective|p1b: K\u0101v\n|-damage|p1a: Snake|0 fnt\n|-damage|p1b: K\u0101v|0 fnt\n|faint|p1a: Snake\n|faint|p1b: K\u0101v\n|\n|upkeep\n|inactive|Nickalip has 270 seconds left.\n|\n|t:|1697031861\n|switch|p1a: Meka-Nick|Iron Valiant, shiny|100\/100\n|switch|p2b: Pachirisu|Pachirisu, M, shiny|100\/100\n|switch|p1b: \ud83e\udd7a|Swampert, M|100\/100\n|-enditem|p1a: Meka-Nick|Booster Energy\n|-activate|p1a: Meka-Nick|ability: Quark Drive|[fromitem]\n|-start|p1a: Meka-Nick|quarkdrivespe\n|turn|2\n|\n|t:|1697031877\n|move|p2b: Pachirisu|Follow Me|p2b: Pachirisu\n|-singleturn|p2b: Pachirisu|move: Follow Me\n|move|p1a: Meka-Nick|Drain Punch|p2b: Pachirisu\n|-damage|p2b: Pachirisu|37\/100\n|move|p2a: Lucario|Drain Punch|p1b: \ud83e\udd7a\n|-damage|p1b: \ud83e\udd7a|0 fnt\n|-heal|p2a: Lucario|100\/100|[from] drain|[of] p1b: \ud83e\udd7a\n|faint|p1b: \ud83e\udd7a\n|\n|upkeep\n|\n|t:|1697031889\n|switch|p1b: Choro-Y|Scizor, M, shiny|100\/100\n|turn|3\n|\n|t:|1697031905\n|move|p1a: Meka-Nick|Drain Punch|p2a: Lucario\n|-supereffective|p2a: Lucario\n|-damage|p2a: Lucario|0 fnt\n|faint|p2a: Lucario\n|move|p2b: Pachirisu|U-turn|p1a: Meka-Nick\n|-resisted|p1a: Meka-Nick\n|-damage|p1a: Meka-Nick|98\/100\n|\n|t:|1697031915\n|switch|p2b: Shuckle|Shuckle, M, shiny|100\/100|[from] U-turn\n|move|p1b: Choro-Y|Swords Dance|p1b: Choro-Y\n|-boost|p1b: Choro-Y|atk|2\n|\n|upkeep\n|\n|t:|1697031924\n|switch|p2a: Maushold|Maushold-Four|100\/100\n|turn|4\n|\n|t:|1697031935\n|move|p1b: Choro-Y|Bullet Punch|p2a: Maushold\n|-damage|p2a: Maushold|28\/100\n|move|p1a: Meka-Nick|Drain Punch|p2a: Maushold\n|-supereffective|p2a: Maushold\n|-damage|p2a: Maushold|0 fnt\n|-heal|p1a: Meka-Nick|100\/100|[from] drain|[of] p2a: Maushold\n|faint|p2a: Maushold\n|move|p2b: Shuckle|Toxic|p1a: Meka-Nick\n|-status|p1a: Meka-Nick|tox\n|\n|-damage|p1a: Meka-Nick|94\/100 tox|[from] psn\n|upkeep\n|\n|t:|1697031950\n|switch|p2a: Pablo|Dondozo, M, shiny|100\/100\n|turn|5\n|\n|t:|1697031961\n|switch|p2b: Pachirisu|Pachirisu, M, shiny|37\/100\n|move|p1b: Choro-Y|Bullet Punch|p2b: Pachirisu\n|-resisted|p2b: Pachirisu\n|-damage|p2b: Pachirisu|0 fnt\n|faint|p2b: Pachirisu\n|move|p1a: Meka-Nick|Drain Punch|p2a: Pablo\n|-damage|p2a: Pablo|77\/100\n|-heal|p1a: Meka-Nick|100\/100 tox|[from] drain|[of] p2a: Pablo\n|move|p2a: Pablo|Rest|p2a: Pablo\n|-status|p2a: Pablo|slp|[from] move: Rest\n|-heal|p2a: Pablo|100\/100 slp|[silent]\n|\n|-damage|p1a: Meka-Nick|88\/100 tox|[from] psn\n|upkeep\n|\n|t:|1697031980\n|switch|p2b: Shuckle|Shuckle, M, shiny|100\/100\n|turn|6\n|\n|t:|1697031992\n|move|p2b: Shuckle|Protect|p2b: Shuckle\n|-singleturn|p2b: Shuckle|Protect\n|move|p1b: Choro-Y|Bullet Punch|p2b: Shuckle\n|-activate|p2b: Shuckle|move: Protect\n|move|p1a: Meka-Nick|Thunderbolt|p2a: Pablo\n|-supereffective|p2a: Pablo\n|-damage|p2a: Pablo|57\/100 slp\n|cant|p2a: Pablo|slp\n|move|p2a: Pablo|Sleep Talk|p2a: Pablo\n|move|p2a: Pablo|Curse|p2a: Pablo|[from]move: Sleep Talk\n|-unboost|p2a: Pablo|spe|1\n|-boost|p2a: Pablo|atk|1\n|-boost|p2a: Pablo|def|1\n|\n|-heal|p2a: Pablo|63\/100 slp|[from] item: Leftovers\n|-damage|p1a: Meka-Nick|69\/100 tox|[from] psn\n|upkeep\n|turn|7\n|inactive|Cristobalvaras has 270 seconds left.\n|\n|t:|1697032022\n|move|p1b: Choro-Y|Bullet Punch|p2b: Shuckle\n|-supereffective|p2b: Shuckle\n|-damage|p2b: Shuckle|15\/100\n|-damage|p1b: Choro-Y|84\/100|[from] item: Rocky Helmet|[of] p2b: Shuckle\n|move|p1a: Meka-Nick|Thunderbolt|p2a: Pablo\n|-supereffective|p2a: Pablo\n|-damage|p2a: Pablo|19\/100 slp\n|cant|p2a: Pablo|slp\n|move|p2a: Pablo|Sleep Talk|p2a: Pablo\n|move|p2a: Pablo|Rest||[from]move: Sleep Talk|[still]\n|-fail|p2a: Pablo\n|move|p2b: Shuckle|Stealth Rock|p1a: Meka-Nick\n|-sidestart|p1: Nickalip|move: Stealth Rock\n|\n|-heal|p2a: Pablo|25\/100 slp|[from] item: Leftovers\n|-damage|p1a: Meka-Nick|44\/100 tox|[from] psn\n|upkeep\n|turn|8\n|\n|t:|1697032047\n|move|p2b: Shuckle|Protect|p2b: Shuckle\n|-singleturn|p2b: Shuckle|Protect\n|move|p1b: Choro-Y|Bullet Punch|p2b: Shuckle\n|-activate|p2b: Shuckle|move: Protect\n|move|p1a: Meka-Nick|Thunderbolt|p2a: Pablo\n|-supereffective|p2a: Pablo\n|-damage|p2a: Pablo|0 fnt\n|faint|p2a: Pablo\n|\n|-damage|p1a: Meka-Nick|13\/100 tox|[from] psn\n|upkeep\n|turn|9\n|\n|t:|1697032070\n|move|p2b: Shuckle|Protect||[still]\n|-fail|p2b: Shuckle\n|move|p1a: Meka-Nick|Ice Punch|p1b: Choro-Y\n|-resisted|p1b: Choro-Y\n|-damage|p1b: Choro-Y|71\/100\n|-status|p1b: Choro-Y|frz\n|cant|p1b: Choro-Y|frz\n|\n|-damage|p1a: Meka-Nick|0 fnt|[from] psn\n|faint|p1a: Meka-Nick\n|-end|p1a: Meka-Nick|Quark Drive|[silent]\n|upkeep\n|\n|t:|1697032082\n|switch|p1a: Himiko|Gardevoir, F|100\/100\n|-damage|p1a: Himiko|88\/100|[from] Stealth Rock\n|-ability|p1a: Himiko|Contrary|[from] ability: Trace|[of] p2b: Shuckle\n|turn|10\n|\n|t:|1697032097\n|detailschange|p1a: Himiko|Gardevoir-Mega, F\n|-mega|p1a: Himiko|Gardevoir|Gardevoirite\n|cant|p1b: Choro-Y|frz\n|move|p1a: Himiko|Thunderbolt|p2b: Shuckle\n|-damage|p2b: Shuckle|0 fnt\n|faint|p2b: Shuckle\n|\n|win|Nickalip\n","uploadtime":1697032115,"views":3,"p1id":"nickalip","p2id":"cristobalvaras","formatid":"gen9nationaldexdoubles","rating":0,"private":0,"password":""}