{"id":"gen9nationaldexdoubles-1990018191","p1":"Denvah_17","p2":"TeddyWarlock","format":"[Gen 9] National Dex Doubles","log":"|j|\u2606Denvah_17\n|j|\u2606TeddyWarlock\n|t:|1699915859\n|gametype|doubles\n|player|p1|Denvah_17|alder|1409\n|player|p2|TeddyWarlock|rood|1363\n|teamsize|p1|6\n|teamsize|p2|6\n|gen|9\n|tier|[Gen 9] National Dex Doubles\n|rated|\n|rule|HP Percentage Mod: HP is shown in percentages\n|rule|Endless Battle Clause: Forcing endless battles is banned\n|rule|OHKO Clause: OHKO moves are banned\n|rule|Evasion Moves Clause: Evasion moves are banned\n|rule|Evasion Abilities Clause: Evasion abilities are banned\n|rule|Species Clause: Limit one of each Pok\u00e9mon\n|rule|Gravity Sleep Clause: The combination of sleep-inducing moves with imperfect accuracy and Gravity or Gigantamax Orbeetle are banned\n|clearpoke\n|poke|p1|Porygon2|\n|poke|p1|Marowak-Alola, F|\n|poke|p1|Slowbro-Galar, M|\n|poke|p1|Parasect, M|\n|poke|p1|Rhyperior, M|\n|poke|p1|Zapdos|\n|poke|p2|Tyranitar, F|\n|poke|p2|Glimmora, M|\n|poke|p2|Garganacl, M|\n|poke|p2|Gholdengo|\n|poke|p2|Landorus-Therian, M|\n|poke|p2|Iron Hands|\n|teampreview\n|inactive|Battle timer is ON: inactive players will automatically lose when time's up. (requested by TeddyWarlock)\n|inactive|Denvah_17 has 120 seconds left.\n|\n|t:|1699915891\n|start\n|switch|p1a: silph_sys.exe|Porygon2|100\/100\n|switch|p1b: Amnesiac|Slowbro-Galar, M, shiny|100\/100\n|switch|p2a: Glimmora|Glimmora, M, shiny|100\/100\n|switch|p2b: Gholdengo|Gholdengo, shiny|100\/100\n|-ability|p1a: silph_sys.exe|Download|boost\n|-boost|p1a: silph_sys.exe|spa|1\n|turn|1\n|inactive|Denvah_17 has 120 seconds left.\n|\n|t:|1699915934\n|detailschange|p1b: Amnesiac|Slowbro-Mega, M, shiny\n|-mega|p1b: Amnesiac|Slowbro|Slowbronite\n|move|p2a: Glimmora|Mortal Spin|p1b: Amnesiac|[spread] p1a,p1b\n|-damage|p1a: silph_sys.exe|98\/100\n|-damage|p1b: Amnesiac|98\/100\n|-status|p1a: silph_sys.exe|psn\n|-status|p1b: Amnesiac|psn\n|move|p2b: Gholdengo|Nasty Plot|p2b: Gholdengo\n|-boost|p2b: Gholdengo|spa|2\n|move|p1b: Amnesiac|Scald|p2a: Glimmora\n|-supereffective|p2a: Glimmora\n|-enditem|p2a: Glimmora|Focus Sash\n|-damage|p2a: Glimmora|1\/100\n|move|p1a: silph_sys.exe|Trick Room|p1a: silph_sys.exe\n|-fieldstart|move: Trick Room|[of] p1a: silph_sys.exe\n|\n|-damage|p1b: Amnesiac|86\/100 psn|[from] psn\n|-damage|p1a: silph_sys.exe|86\/100 psn|[from] psn\n|upkeep\n|turn|2\n|inactive|Denvah_17 has 120 seconds left.\n|inactive|TeddyWarlock has 120 seconds left.\n|\n|t:|1699915967\n|move|p1b: Amnesiac|Scald|p2b: Gholdengo\n|-damage|p2b: Gholdengo|42\/100\n|move|p1a: silph_sys.exe|Ice Beam|p2b: Gholdengo\n|-resisted|p2b: Gholdengo\n|-damage|p2b: Gholdengo|21\/100\n|move|p2b: Gholdengo|Make It Rain|p1b: Amnesiac|[spread] p1a,p1b\n|-resisted|p1b: Amnesiac\n|-damage|p1a: silph_sys.exe|28\/100 psn\n|-damage|p1b: Amnesiac|33\/100 psn\n|-unboost|p2b: Gholdengo|spa|1\n|move|p2a: Glimmora|Energy Ball|p1b: Amnesiac\n|-supereffective|p1b: Amnesiac\n|-damage|p1b: Amnesiac|0 fnt\n|faint|p1b: Amnesiac\n|\n|-heal|p2b: Gholdengo|27\/100|[from] item: Leftovers\n|-damage|p1a: silph_sys.exe|15\/100 psn|[from] psn\n|upkeep\n|\n|t:|1699915982\n|switch|p1b: Giovanni|Rhyperior, M, shiny|100\/100\n|turn|3\n|\n|t:|1699915998\n|move|p2b: Gholdengo|Protect|p2b: Gholdengo\n|-singleturn|p2b: Gholdengo|Protect\n|move|p1b: Giovanni|Rock Slide|p2a: Glimmora|[spread] p2a\n|-activate|p2b: Gholdengo|move: Protect\n|-damage|p2a: Glimmora|0 fnt\n|-activate|p2a: Glimmora|ability: Toxic Debris\n|-sidestart|p1: Denvah_17|move: Toxic Spikes\n|faint|p2a: Glimmora\n|move|p1a: silph_sys.exe|Recover|p1a: silph_sys.exe\n|-heal|p1a: silph_sys.exe|65\/100 psn\n|\n|-heal|p2b: Gholdengo|33\/100|[from] item: Leftovers\n|-damage|p1a: silph_sys.exe|53\/100 psn|[from] psn\n|upkeep\n|\n|t:|1699916012\n|switch|p2a: Iron Hands|Iron Hands, shiny|100\/100\n|turn|4\n|\n|t:|1699916026\n|move|p2a: Iron Hands|Fake Out|p1a: silph_sys.exe\n|-damage|p1a: silph_sys.exe|46\/100 psn\n|move|p1b: Giovanni|Earthquake|p2a: Iron Hands|[spread] p1a,p2a,p2b\n|-supereffective|p2a: Iron Hands\n|-supereffective|p2b: Gholdengo\n|-damage|p1a: silph_sys.exe|19\/100 psn\n|-damage|p2a: Iron Hands|49\/100\n|-damage|p2b: Gholdengo|0 fnt\n|faint|p2b: Gholdengo\n|cant|p1a: silph_sys.exe|flinch\n|\n|-damage|p1a: silph_sys.exe|7\/100 psn|[from] psn\n|upkeep\n|\n|t:|1699916038\n|switch|p2b: Landorus|Landorus-Therian, M|100\/100\n|-ability|p2b: Landorus|Intimidate|boost\n|-unboost|p1a: silph_sys.exe|atk|1\n|-unboost|p1b: Giovanni|atk|1\n|turn|5\n|\n|t:|1699916048\n|move|p1b: Giovanni|Earthquake|p2a: Iron Hands|[spread] p1a,p2a\n|-immune|p2b: Landorus\n|-supereffective|p2a: Iron Hands\n|-damage|p1a: silph_sys.exe|0 fnt\n|-damage|p2a: Iron Hands|13\/100\n|faint|p1a: silph_sys.exe\n|move|p2a: Iron Hands|Drain Punch|p1b: Giovanni\n|-supereffective|p1b: Giovanni\n|-damage|p1b: Giovanni|63\/100\n|-heal|p2a: Iron Hands|27\/100|[from] drain|[of] p1b: Giovanni\n|move|p2b: Landorus|U-turn|p1b: Giovanni\n|-damage|p1b: Giovanni|42\/100\n|\n|t:|1699916060\n|switch|p2b: Tyranitar|Tyranitar, F|100\/100|[from] U-turn\n|-weather|Sandstorm|[from] ability: Sand Stream|[of] p2b: Tyranitar\n|\n|-weather|Sandstorm|[upkeep]\n|-damage|p2a: Iron Hands|21\/100|[from] Sandstorm\n|-fieldend|move: Trick Room\n|upkeep\n|\n|t:|1699916065\n|switch|p1a: Missingno|Parasect, M, shiny|100\/100\n|-status|p1a: Missingno|psn\n|turn|6\n|\n|t:|1699916081\n|-end|p2a: Iron Hands|Quark Drive|[silent]\n|switch|p2a: Landorus|Landorus-Therian, M|100\/100\n|-ability|p2a: Landorus|Intimidate|boost\n|-unboost|p1a: Missingno|atk|1\n|-unboost|p1b: Giovanni|atk|1\n|detailschange|p2b: Tyranitar|Tyranitar-Mega, F\n|-mega|p2b: Tyranitar|Tyranitar|Tyranitarite\n|move|p2b: Tyranitar|Knock Off|p1a: Missingno\n|-damage|p1a: Missingno|18\/100 psn\n|-status|p2b: Tyranitar|slp|[from] ability: Effect Spore|[of] p1a: Missingno\n|-enditem|p1a: Missingno|Focus Sash|[from] move: Knock Off|[of] p2b: Tyranitar\n|move|p1b: Giovanni|Earthquake|p2b: Tyranitar|[spread] p1a,p2b\n|-immune|p2a: Landorus\n|-resisted|p1a: Missingno\n|-supereffective|p2b: Tyranitar\n|-crit|p2b: Tyranitar\n|-damage|p1a: Missingno|10\/100 psn\n|-damage|p2b: Tyranitar|20\/100 slp\n|move|p1a: Missingno|Spore|p2b: Tyranitar\n|-fail|p2b: Tyranitar|slp\n|\n|-weather|Sandstorm|[upkeep]\n|-damage|p1a: Missingno|4\/100 psn|[from] Sandstorm\n|-damage|p1a: Missingno|0 fnt|[from] psn\n|faint|p1a: Missingno\n|upkeep\n|\n|t:|1699916087\n|switch|p1a: Power Plant Prince|Zapdos, shiny|100\/100\n|turn|7\n|\n|t:|1699916109\n|switch|p2b: Iron Hands|Iron Hands, shiny|21\/100\n|move|p2a: Landorus|Stomping Tantrum|p1b: Giovanni\n|-supereffective|p1b: Giovanni\n|-damage|p1b: Giovanni|0 fnt\n|faint|p1b: Giovanni\n|move|p1a: Power Plant Prince|Hurricane|p2a: Landorus\n|-crit|p2a: Landorus\n|-damage|p2a: Landorus|0 fnt\n|faint|p2a: Landorus\n|\n|-weather|Sandstorm|[upkeep]\n|-damage|p1a: Power Plant Prince|94\/100|[from] Sandstorm\n|-damage|p2b: Iron Hands|15\/100|[from] Sandstorm\n|upkeep\n|\n|t:|1699916121\n|switch|p2a: Garganacl|Garganacl, M|100\/100\n|switch|p1b: Lavender Townie|Marowak-Alola, F, shiny|100\/100\n|-status|p1b: Lavender Townie|psn\n|turn|8\n|inactive|Denvah_17 has 120 seconds left.\n|\n|t:|1699916154\n|move|p2b: Iron Hands|Fake Out|p1a: Power Plant Prince\n|-damage|p1a: Power Plant Prince|81\/100\n|-damage|p2b: Iron Hands|0 fnt|[from] item: Rocky Helmet|[of] p1a: Power Plant Prince\n|faint|p2b: Iron Hands\n|-end|p2b: Iron Hands|Quark Drive|[silent]\n|cant|p1a: Power Plant Prince|flinch\n|move|p2a: Garganacl|Salt Cure|p1a: Power Plant Prince\n|-supereffective|p1a: Power Plant Prince\n|-damage|p1a: Power Plant Prince|54\/100\n|-start|p1a: Power Plant Prince|Salt Cure\n|move|p1b: Lavender Townie|Submission|p2a: Garganacl\n|-supereffective|p2a: Garganacl\n|-damage|p2a: Garganacl|43\/100\n|\n|-weather|Sandstorm|[upkeep]\n|-damage|p1a: Power Plant Prince|48\/100|[from] Sandstorm\n|-damage|p1b: Lavender Townie|94\/100 psn|[from] Sandstorm\n|-heal|p2a: Garganacl|49\/100|[from] item: Leftovers\n|-damage|p1b: Lavender Townie|82\/100 psn|[from] psn\n|-damage|p1a: Power Plant Prince|35\/100|[from] Salt Cure\n|upkeep\n|\n|t:|1699916172\n|switch|p2b: Tyranitar|Tyranitar-Mega, F|20\/100 slp\n|turn|9\n|\n|t:|1699916184\n|-terastallize|p1a: Power Plant Prince|Electric\n|-terastallize|p2a: Garganacl|Ghost\n|move|p1a: Power Plant Prince|Discharge|p2b: Tyranitar|[spread] p1b,p2a,p2b\n|-damage|p1b: Lavender Townie|31\/100 psn\n|-damage|p2a: Garganacl|15\/100\n|-damage|p2b: Tyranitar|0 fnt\n|faint|p2b: Tyranitar\n|move|p2a: Garganacl|Recover|p2a: Garganacl\n|-heal|p2a: Garganacl|65\/100\n|move|p1b: Lavender Townie|Submission|p2a: Garganacl\n|-immune|p2a: Garganacl\n|\n|-weather|none\n|-heal|p2a: Garganacl|71\/100|[from] item: Leftovers\n|-damage|p1b: Lavender Townie|18\/100 psn|[from] psn\n|-damage|p1a: Power Plant Prince|23\/100|[from] Salt Cure\n|upkeep\n|turn|10\n|\n|t:|1699916201\n|move|p2a: Garganacl|Protect|p2a: Garganacl\n|-singleturn|p2a: Garganacl|Protect\n|move|p1a: Power Plant Prince|Roost|p1a: Power Plant Prince\n|-heal|p1a: Power Plant Prince|73\/100\n|move|p1b: Lavender Townie|Shadow Bone|p2a: Garganacl\n|-activate|p2a: Garganacl|move: Protect\n|\n|-heal|p2a: Garganacl|77\/100|[from] item: Leftovers\n|-damage|p1b: Lavender Townie|6\/100 psn|[from] psn\n|-damage|p1a: Power Plant Prince|61\/100|[from] Salt Cure\n|upkeep\n|turn|11\n|\n|t:|1699916213\n|move|p1a: Power Plant Prince|Discharge|p2a: Garganacl|[spread] p1b,p2a\n|-damage|p1b: Lavender Townie|0 fnt\n|-damage|p2a: Garganacl|45\/100\n|faint|p1b: Lavender Townie\n|move|p2a: Garganacl|Recover|p2a: Garganacl\n|-heal|p2a: Garganacl|95\/100\n|\n|-heal|p2a: Garganacl|100\/100|[from] item: Leftovers\n|-damage|p1a: Power Plant Prince|49\/100|[from] Salt Cure\n|upkeep\n|turn|12\n|\n|t:|1699916224\n|move|p1a: Power Plant Prince|Roost|p1a: Power Plant Prince\n|-heal|p1a: Power Plant Prince|99\/100\n|move|p2a: Garganacl|Salt Cure|p1a: Power Plant Prince\n|-crit|p1a: Power Plant Prince\n|-damage|p1a: Power Plant Prince|77\/100\n|\n|-damage|p1a: Power Plant Prince|64\/100|[from] Salt Cure\n|upkeep\n|turn|13\n|\n|t:|1699916233\n|move|p1a: Power Plant Prince|Hurricane|p2a: Garganacl\n|-damage|p2a: Garganacl|54\/100\n|-start|p2a: Garganacl|confusion\n|-activate|p2a: Garganacl|confusion\n|move|p2a: Garganacl|Salt Cure|p1a: Power Plant Prince\n|-damage|p1a: Power Plant Prince|50\/100\n|\n|-heal|p2a: Garganacl|60\/100|[from] item: Leftovers\n|-damage|p1a: Power Plant Prince|37\/100|[from] Salt Cure\n|upkeep\n|turn|14\n|\n|t:|1699916243\n|move|p1a: Power Plant Prince|Roost|p1a: Power Plant Prince\n|-heal|p1a: Power Plant Prince|87\/100\n|-activate|p2a: Garganacl|confusion\n|move|p2a: Garganacl|Recover|p2a: Garganacl\n|-heal|p2a: Garganacl|100\/100\n|\n|-damage|p1a: Power Plant Prince|75\/100|[from] Salt Cure\n|upkeep\n|turn|15\n|c|\u2606Denvah_17|!dt purifying salt\n|raw|<ul class=\"utilichart\"><li class=\"result\"><span class=\"col namecol\"><a href=\"https:\/\/dex.pokemonshowdown.com\/abilities\/purifyingsalt\">Purifying Salt<\/a><\/span> <span class=\"col abilitydesccol\">Ghost damage to this Pokemon dealt with a halved offensive stat; can't be statused.<\/span> <\/li><li style=\"clear:both\"><\/li><\/ul>\n|raw|<font size=\"1\"><font color=\"#686868\">Gen:<\/font> 9&nbsp;|&ThickSpace;&#10003; Ignored by Mold Breaker<\/font>\n\n|\n|t:|1699916272\n|-activate|p2a: Garganacl|confusion\n|move|p2a: Garganacl|Protect|p2a: Garganacl\n|-singleturn|p2a: Garganacl|Protect\n|move|p1a: Power Plant Prince|Hurricane|p2a: Garganacl\n|-activate|p2a: Garganacl|move: Protect\n|\n|-damage|p1a: Power Plant Prince|63\/100|[from] Salt Cure\n|upkeep\n|turn|16\n|\n|t:|1699916281\n|move|p1a: Power Plant Prince|Roost|p1a: Power Plant Prince\n|-heal|p1a: Power Plant Prince|100\/100\n|-activate|p2a: Garganacl|confusion\n|move|p2a: Garganacl|Salt Cure|p1a: Power Plant Prince\n|-damage|p1a: Power Plant Prince|86\/100\n|\n|-damage|p1a: Power Plant Prince|74\/100|[from] Salt Cure\n|upkeep\n|turn|17\n|\n|t:|1699916292\n|move|p1a: Power Plant Prince|Hurricane|p2a: Garganacl\n|-damage|p2a: Garganacl|54\/100\n|-end|p2a: Garganacl|confusion\n|move|p2a: Garganacl|Salt Cure|p1a: Power Plant Prince\n|-damage|p1a: Power Plant Prince|61\/100\n|\n|-heal|p2a: Garganacl|61\/100|[from] item: Leftovers\n|-damage|p1a: Power Plant Prince|48\/100|[from] Salt Cure\n|upkeep\n|turn|18\n|\n|t:|1699916302\n|move|p2a: Garganacl|Protect|p2a: Garganacl\n|-singleturn|p2a: Garganacl|Protect\n|move|p1a: Power Plant Prince|Roost|p1a: Power Plant Prince\n|-heal|p1a: Power Plant Prince|98\/100\n|\n|-heal|p2a: Garganacl|67\/100|[from] item: Leftovers\n|-damage|p1a: Power Plant Prince|86\/100|[from] Salt Cure\n|upkeep\n|turn|19\n|\n|t:|1699916312\n|move|p1a: Power Plant Prince|Hurricane|p2a: Garganacl|[miss]\n|-miss|p1a: Power Plant Prince|p2a: Garganacl\n|move|p2a: Garganacl|Recover|p2a: Garganacl\n|-heal|p2a: Garganacl|100\/100\n|\n|-damage|p1a: Power Plant Prince|74\/100|[from] Salt Cure\n|upkeep\n|turn|20\n|\n|t:|1699916321\n|move|p1a: Power Plant Prince|Hurricane|p2a: Garganacl\n|-crit|p2a: Garganacl\n|-damage|p2a: Garganacl|31\/100\n|move|p2a: Garganacl|Salt Cure|p1a: Power Plant Prince\n|-damage|p1a: Power Plant Prince|60\/100\n|\n|-heal|p2a: Garganacl|37\/100|[from] item: Leftovers\n|-damage|p1a: Power Plant Prince|47\/100|[from] Salt Cure\n|upkeep\n|turn|21\n|\n|t:|1699916337\n|move|p2a: Garganacl|Protect|p2a: Garganacl\n|-singleturn|p2a: Garganacl|Protect\n|move|p1a: Power Plant Prince|Hurricane|p2a: Garganacl\n|-activate|p2a: Garganacl|move: Protect\n|\n|-heal|p2a: Garganacl|43\/100|[from] item: Leftovers\n|-damage|p1a: Power Plant Prince|35\/100|[from] Salt Cure\n|upkeep\n|turn|22\n|\n|t:|1699916345\n|move|p1a: Power Plant Prince|Hurricane|p2a: Garganacl\n|-damage|p2a: Garganacl|0 fnt\n|faint|p2a: Garganacl\n|\n|win|Denvah_17\n|raw|Denvah_17's rating: 1409 &rarr; <strong>1426<\/strong><br \/>(+17 for winning)\n|raw|TeddyWarlock's rating: 1363 &rarr; <strong>1346<\/strong><br \/>(-17 for losing)\n|c|\u2606Denvah_17|GG\n|c|\u2606TeddyWarlock|gg\n|l|\u2606TeddyWarlock\n","uploadtime":1699916366,"views":5,"p1id":"denvah17","p2id":"teddywarlock","formatid":"gen9nationaldexdoubles","rating":1346,"private":0,"password":""}