{"id":"gen9nationaldexdoubles-1968053444","p1":"Salfy","p2":"Altilt","format":"[Gen 9] National Dex Doubles","log":"|j|\u2606Salfy\n|j|\u2606Altilt\n|t:|1697379260\n|gametype|doubles\n|player|p1|Salfy|depotagent|\n|player|p2|Altilt|scientist-gen4dp|\n|teamsize|p1|6\n|teamsize|p2|6\n|gen|9\n|tier|[Gen 9] National Dex Doubles\n|rule|HP Percentage Mod: HP is shown in percentages\n|rule|Endless Battle Clause: Forcing endless battles is banned\n|rule|OHKO Clause: OHKO moves are banned\n|rule|Evasion Moves Clause: Evasion moves are banned\n|rule|Evasion Abilities Clause: Evasion abilities are banned\n|rule|Species Clause: Limit one of each Pok\u00e9mon\n|rule|Gravity Sleep Clause: The combination of sleep-inducing moves with imperfect accuracy and Gravity or Gigantamax Orbeetle are banned\n|clearpoke\n|poke|p1|Zapdos-Galar|\n|poke|p1|Great Tusk|\n|poke|p1|Blaziken, M|\n|poke|p1|Bewear, M|\n|poke|p1|Falinks|\n|poke|p1|Toxicroak, M|\n|poke|p2|Blaziken, F|\n|poke|p2|Zapdos-Galar|\n|poke|p2|Bewear, M|\n|poke|p2|Toxicroak, M|\n|poke|p2|Mienshao, M|\n|poke|p2|Great Tusk|\n|teampreview\n|c|\u2606Salfy|glhf\n|c|\u2606Altilt|u2\n|\n|t:|1697379292\n|start\n|switch|p1a: Zapdos|Zapdos-Galar|100\/100\n|switch|p1b: Toxicroak|Toxicroak, M|100\/100\n|switch|p2a: Zapdos|Zapdos-Galar|100\/100\n|switch|p2b: Toxicroak|Toxicroak, M|100\/100\n|turn|1\n|c|\u2606Altilt|well\n|\n|t:|1697379320\n|move|p2b: Toxicroak|Fake Out|p1b: Toxicroak\n|-damage|p1b: Toxicroak|83\/100\n|cant|p1b: Toxicroak|flinch\n|move|p1a: Zapdos|Brave Bird|p2a: Zapdos\n|-supereffective|p2a: Zapdos\n|-damage|p2a: Zapdos|0 fnt\n|faint|p2a: Zapdos\n|-damage|p1a: Zapdos|67\/100|[from] Recoil\n|\n|upkeep\n|c|\u2606Salfy|the speedest of tues\n|\n|t:|1697379332\n|switch|p2a: Bewear|Bewear, M|100\/100\n|turn|2\n|\n|t:|1697379380\n|switch|p1b: Bewear|Bewear, M|100\/100\n|-terastallize|p1a: Zapdos|Flying\n|-terastallize|p2a: Bewear|Ghost\n|move|p2b: Toxicroak|Protect|p2b: Toxicroak\n|-singleturn|p2b: Toxicroak|Protect\n|move|p1a: Zapdos|Brave Bird|p2a: Bewear\n|-damage|p2a: Bewear|61\/100\n|-damage|p1a: Zapdos|49\/100|[from] Recoil\n|move|p2a: Bewear|Zen Headbutt|p1a: Zapdos\n|-damage|p1a: Zapdos|17\/100\n|\n|upkeep\n|turn|3\n|\n|t:|1697379409\n|move|p1a: Zapdos|Brave Bird|p2b: Toxicroak\n|-supereffective|p2b: Toxicroak\n|-enditem|p2b: Toxicroak|Focus Sash\n|-damage|p2b: Toxicroak|1\/100\n|-damage|p1a: Zapdos|0 fnt|[from] Recoil\n|faint|p1a: Zapdos\n|move|p2b: Toxicroak|Close Combat|p1b: Bewear\n|-supereffective|p1b: Bewear\n|-damage|p1b: Bewear|39\/100\n|-unboost|p2b: Toxicroak|def|1\n|-unboost|p2b: Toxicroak|spd|1\n|move|p1b: Bewear|Shadow Claw|p2a: Bewear\n|-supereffective|p2a: Bewear\n|-damage|p2a: Bewear|36\/100\n|-enditem|p2a: Bewear|Sitrus Berry|[eat]\n|-heal|p2a: Bewear|61\/100|[from] item: Sitrus Berry\n|move|p2a: Bewear|Bulk Up|p2a: Bewear\n|-boost|p2a: Bewear|atk|1\n|-boost|p2a: Bewear|def|1\n|\n|upkeep\n|\n|t:|1697379434\n|switch|p1a: Blaziken|Blaziken, M|100\/100\n|turn|4\n|\n|t:|1697379463\n|detailschange|p1a: Blaziken|Blaziken-Mega, M\n|-mega|p1a: Blaziken|Blaziken|Blazikenite\n|move|p1a: Blaziken|Protect|p1a: Blaziken\n|-singleturn|p1a: Blaziken|Protect\n|move|p2b: Toxicroak|Close Combat|p1a: Blaziken\n|-activate|p1a: Blaziken|move: Protect\n|move|p1b: Bewear|Shadow Claw|p2a: Bewear\n|-supereffective|p2a: Bewear\n|-damage|p2a: Bewear|43\/100\n|move|p2a: Bewear|Drain Punch|p1b: Bewear\n|-supereffective|p1b: Bewear\n|-damage|p1b: Bewear|0 fnt\n|-heal|p2a: Bewear|61\/100|[from] drain|[of] p1b: Bewear\n|faint|p1b: Bewear\n|\n|-ability|p1a: Blaziken|Speed Boost|boost\n|-boost|p1a: Blaziken|spe|1\n|upkeep\n|\n|t:|1697379478\n|switch|p1b: Falinks|Falinks|100\/100\n|turn|5\n|\n|t:|1697379497\n|move|p1a: Blaziken|Flare Blitz|p2b: Toxicroak\n|-damage|p2b: Toxicroak|0 fnt\n|faint|p2b: Toxicroak\n|-damage|p1a: Blaziken|99\/100|[from] Recoil\n|move|p1b: Falinks|No Retreat|p1b: Falinks\n|-boost|p1b: Falinks|atk|1\n|-boost|p1b: Falinks|def|1\n|-boost|p1b: Falinks|spa|1\n|-boost|p1b: Falinks|spd|1\n|-boost|p1b: Falinks|spe|1\n|-start|p1b: Falinks|move: No Retreat\n|move|p2a: Bewear|Zen Headbutt|p1a: Blaziken\n|-supereffective|p1a: Blaziken\n|-damage|p1a: Blaziken|0 fnt\n|faint|p1a: Blaziken\n|\n|upkeep\n|\n|t:|1697379527\n|switch|p1a: Toxicroak|Toxicroak, M|83\/100\n|switch|p2b: Great Tusk|Great Tusk|100\/100\n|-enditem|p2b: Great Tusk|Booster Energy\n|-activate|p2b: Great Tusk|ability: Protosynthesis|[fromitem]\n|-start|p2b: Great Tusk|protosynthesisatk\n|turn|6\n|\n|t:|1697379545\n|move|p1a: Toxicroak|Fake Out|p2b: Great Tusk\n|-damage|p2b: Great Tusk|91\/100\n|move|p1b: Falinks|Zen Headbutt|p2a: Bewear|[miss]\n|-miss|p1b: Falinks|p2a: Bewear\n|cant|p2b: Great Tusk|flinch\n|move|p2a: Bewear|Zen Headbutt|p1b: Falinks\n|-supereffective|p1b: Falinks\n|-damage|p1b: Falinks|22\/100\n|\n|upkeep\n|turn|7\n|\n|t:|1697379563\n|move|p2a: Bewear|Protect|p2a: Bewear\n|-singleturn|p2a: Bewear|Protect\n|move|p1b: Falinks|Zen Headbutt|p2a: Bewear\n|-activate|p2a: Bewear|move: Protect\n|move|p2b: Great Tusk|Earthquake|p1b: Falinks|[spread] p1a,p1b\n|-activate|p2a: Bewear|move: Protect\n|-supereffective|p1a: Toxicroak\n|-crit|p1a: Toxicroak\n|-damage|p1a: Toxicroak|0 fnt\n|-damage|p1b: Falinks|0 fnt\n|faint|p1a: Toxicroak\n|faint|p1b: Falinks\n|\n|upkeep\n|\n|t:|1697379567\n|switch|p1a: Great Tusk|Great Tusk|100\/100\n|turn|8\n|\n|t:|1697379578\n|move|p2b: Great Tusk|Ice Spinner|p1a: Great Tusk\n|-supereffective|p1a: Great Tusk\n|-damage|p1a: Great Tusk|44\/100\n|-damage|p2b: Great Tusk|74\/100|[from] item: Rocky Helmet|[of] p1a: Great Tusk\n|move|p1a: Great Tusk|Play Rough|p2b: Great Tusk\n|-supereffective|p2b: Great Tusk\n|-damage|p2b: Great Tusk|34\/100\n|move|p2a: Bewear|Zen Headbutt|p1a: Great Tusk\n|-supereffective|p1a: Great Tusk\n|-damage|p1a: Great Tusk|0 fnt\n|-damage|p2a: Bewear|44\/100|[from] item: Rocky Helmet|[of] p1a: Great Tusk\n|faint|p1a: Great Tusk\n|-end|p1a: Great Tusk|Protosynthesis|[silent]\n|\n|win|Altilt\n|l|\u2606Altilt\n|c|\u2606Salfy|gg\n|l|\u2606Salfy\n|j|\u2606Salfy\n|player|p1|Salfy|depotagent\n","uploadtime":1697379758,"views":10,"p1id":"salfy","p2id":"altilt","formatid":"gen9nationaldexdoubles","rating":0,"private":0,"password":""}