{"id":"gen9nationaldexdoubles-1954053026","p1":"Immagamer","p2":"Drakhar_LoveSensei","format":"[Gen 9] National Dex Doubles","log":"|j|\u2606Immagamer\n|j|\u2606Drakhar_LoveSensei\n|t:|1695849181\n|gametype|doubles\n|player|p1|Immagamer|lucas|1298\n|player|p2|Drakhar_LoveSensei|idol|1098\n|teamsize|p1|6\n|teamsize|p2|6\n|gen|9\n|tier|[Gen 9] National Dex Doubles\n|rated|\n|rule|HP Percentage Mod: HP is shown in percentages\n|rule|Endless Battle Clause: Forcing endless battles is banned\n|rule|OHKO Clause: OHKO moves are banned\n|rule|Evasion Moves Clause: Evasion moves are banned\n|rule|Evasion Abilities Clause: Evasion abilities are banned\n|rule|Species Clause: Limit one of each Pok\u00e9mon\n|rule|Gravity Sleep Clause: The combination of sleep-inducing moves with imperfect accuracy and Gravity or Gigantamax Orbeetle are banned\n|clearpoke\n|poke|p1|Eevee, F|\n|poke|p1|Maushold-Four|\n|poke|p1|Chandelure, M|\n|poke|p1|Mr. Mime, F|\n|poke|p1|Gardevoir, F|\n|poke|p1|Indeedee-F, F|\n|poke|p2|Zeraora|\n|poke|p2|Tapu Koko|\n|poke|p2|Noivern, M|\n|poke|p2|Manectric, M|\n|poke|p2|Vikavolt, M|\n|poke|p2|Electivire, M|\n|teampreview\n|inactive|Battle timer is ON: inactive players will automatically lose when time's up. (requested by Immagamer)\n|\n|t:|1695849187\n|start\n|switch|p1a: Eevee|Eevee, F|100\/100\n|switch|p1b: Maushold|Maushold-Four|100\/100\n|switch|p2a: Tapu Koko|Tapu Koko, shiny|100\/100\n|switch|p2b: Noivern|Noivern, M, shiny|100\/100\n|-fieldstart|move: Electric Terrain|[from] ability: Electric Surge|[of] p2a: Tapu Koko\n|turn|1\n|\n|t:|1695849196\n|-terastallize|p2b: Noivern|Electric\n|move|p1b: Maushold|Follow Me|p1b: Maushold\n|-singleturn|p1b: Maushold|move: Follow Me\n|move|p2a: Tapu Koko|U-turn|p1b: Maushold\n|-damage|p1b: Maushold|73\/100\n|\n|t:|1695849201\n|switch|p2a: Zeraora|Zeraora|100\/100|[from] U-turn\n|move|p2b: Noivern|Boomburst|p1a: Eevee|[spread] p2a,p1a,p1b\n|-crit|p1b: Maushold\n|-damage|p2a: Zeraora|43\/100\n|-damage|p1a: Eevee|46\/100\n|-damage|p1b: Maushold|0 fnt\n|faint|p1b: Maushold\n|-zpower|p1a: Eevee\n|move|p1a: Eevee|Extreme Evoboost|p1a: Eevee\n|-boost|p1a: Eevee|atk|2\n|-boost|p1a: Eevee|def|2\n|-boost|p1a: Eevee|spa|2\n|-boost|p1a: Eevee|spd|2\n|-boost|p1a: Eevee|spe|2\n|\n|upkeep\n|inactive|Immagamer has 120 seconds left.\n|\n|t:|1695849231\n|switch|p1b: Indeedee|Indeedee-F, F|100\/100\n|-fieldstart|move: Psychic Terrain|[from] ability: Psychic Surge|[of] p1b: Indeedee\n|turn|2\n|\n|t:|1695849238\n|move|p1b: Indeedee|Follow Me|p1b: Indeedee\n|-singleturn|p1b: Indeedee|move: Follow Me\n|move|p1a: Eevee|Baton Pass|p1a: Eevee\n|\n|t:|1695849242\n|switch|p1a: Chandelure|Chandelure, M|100\/100|[from] Baton Pass\n|move|p2a: Zeraora|Plasma Fists|p1b: Indeedee\n|-damage|p1b: Indeedee|39\/100\n|-fieldactivate|move: Ion Deluge\n|-hint|Normal-type moves become Electric-type after using Plasma Fists.\n|move|p2b: Noivern|Boomburst|p1a: Chandelure|[spread] p1a,p1b\n|-heal|p2a: Zeraora|68\/100|[from] ability: Volt Absorb|[of] p2b: Noivern\n|-damage|p1a: Chandelure|51\/100\n|-damage|p1b: Indeedee|0 fnt\n|faint|p1b: Indeedee\n|\n|upkeep\n|\n|t:|1695849260\n|switch|p1b: Gardevoir|Gardevoir, F|100\/100\n|turn|3\n|\n|t:|1695849271\n|detailschange|p1b: Gardevoir|Gardevoir-Mega, F\n|-mega|p1b: Gardevoir|Gardevoir|Gardevoirite\n|-terastallize|p1a: Chandelure|Fire\n|move|p1a: Chandelure|Heat Wave|p2b: Noivern|[spread] p2a,p2b\n|-crit|p2a: Zeraora\n|-damage|p2a: Zeraora|0 fnt\n|-damage|p2b: Noivern|0 fnt\n|faint|p2a: Zeraora\n|faint|p2b: Noivern\n|move|p1b: Gardevoir|Psych Up|p1a: Chandelure\n|-copyboost|p1b: Gardevoir|p1a: Chandelure|[from] move: Psych Up\n|\n|upkeep\n|\n|t:|1695849279\n|switch|p2a: Tapu Koko|Tapu Koko, shiny|100\/100\n|switch|p2b: Manectric|Manectric, M, shiny|100\/100\n|-fieldstart|move: Electric Terrain|[from] ability: Electric Surge|[of] p2a: Tapu Koko\n|turn|4\n|\n|t:|1695849298\n|detailschange|p2b: Manectric|Manectric-Mega, M, shiny\n|-mega|p2b: Manectric|Manectric|Manectite\n|-ability|p2b: Manectric|Intimidate|boost\n|-unboost|p1a: Chandelure|atk|1\n|-unboost|p1b: Gardevoir|atk|1\n|move|p2a: Tapu Koko|Protect|p2a: Tapu Koko\n|-singleturn|p2a: Tapu Koko|Protect\n|move|p1b: Gardevoir|Hyper Voice|p2a: Tapu Koko|[spread] p2b\n|-activate|p2a: Tapu Koko|move: Protect\n|-damage|p2b: Manectric|0 fnt\n|faint|p2b: Manectric\n|move|p1a: Chandelure|Shadow Ball|p2a: Tapu Koko\n|-activate|p2a: Tapu Koko|move: Protect\n|\n|upkeep\n|\n|t:|1695849308\n|switch|p2b: Vikavolt|Vikavolt, M, shiny|100\/100\n|turn|5\n|\n|t:|1695849319\n|move|p1b: Gardevoir|Stored Power|p2b: Vikavolt\n|-damage|p2b: Vikavolt|0 fnt\n|faint|p2b: Vikavolt\n|move|p1a: Chandelure|Shadow Ball|p2a: Tapu Koko\n|-damage|p2a: Tapu Koko|0 fnt\n|faint|p2a: Tapu Koko\n|\n|upkeep\n|c|\u2606Drakhar_LoveSensei|nah baton pass its op\n|-message|Drakhar_LoveSensei forfeited.\n|\n|win|Immagamer\n|raw|Immagamer's rating: 1287 &rarr; <strong>1300<\/strong><br \/>(+13 for winning)\n|raw|Drakhar_LoveSensei's rating: 1098 &rarr; <strong>1086<\/strong><br \/>(-12 for losing)\n|l|\u2606Drakhar_LoveSensei\n","uploadtime":1695849336,"views":4,"p1id":"immagamer","p2id":"drakharlovesensei","formatid":"gen9nationaldexdoubles","rating":1086,"private":0,"password":""}