{"id":"gen9nationaldexdoubles-1968739234","p1":"LeChaelum","p2":"Miiirza","format":"[Gen 9] National Dex Doubles","log":"|j|\u2606LeChaelum\n|j|\u2606Miiirza\n|t:|1697460014\n|gametype|doubles\n|player|p1|LeChaelum|schoolkid-gen4|1349\n|player|p2|Miiirza|saturn|1641\n|teamsize|p1|6\n|teamsize|p2|6\n|gen|9\n|tier|[Gen 9] National Dex Doubles\n|rated|\n|rule|HP Percentage Mod: HP is shown in percentages\n|rule|Endless Battle Clause: Forcing endless battles is banned\n|rule|OHKO Clause: OHKO moves are banned\n|rule|Evasion Moves Clause: Evasion moves are banned\n|rule|Evasion Abilities Clause: Evasion abilities are banned\n|rule|Species Clause: Limit one of each Pok\u00e9mon\n|rule|Gravity Sleep Clause: The combination of sleep-inducing moves with imperfect accuracy and Gravity or Gigantamax Orbeetle are banned\n|clearpoke\n|poke|p1|Charizard, M|\n|poke|p1|Roaring Moon|\n|poke|p1|Incineroar, M|\n|poke|p1|Vivillon-River, M|\n|poke|p1|Oricorio-Sensu, M|\n|poke|p1|Lilligant-Hisui, F|\n|poke|p2|Incineroar, M|\n|poke|p2|Gastrodon-East, M|\n|poke|p2|Rillaboom, M|\n|poke|p2|Zygarde|\n|poke|p2|Amoonguss, M|\n|poke|p2|Chien-Pao|\n|teampreview\n|inactive|Battle timer is ON: inactive players will automatically lose when time's up. (requested by Miiirza)\n|\n|t:|1697460035\n|start\n|switch|p1a: Charizard|Charizard, M|100\/100\n|switch|p1b: Lilligant|Lilligant-Hisui, F|100\/100\n|switch|p2a: Chien-Pao|Chien-Pao|100\/100\n|switch|p2b: Incineroar|Incineroar, M, shiny|100\/100\n|-ability|p2a: Chien-Pao|Sword of Ruin\n|-ability|p2b: Incineroar|Intimidate|boost\n|-unboost|p1a: Charizard|atk|1\n|-unboost|p1b: Lilligant|atk|1\n|turn|1\n|\n|t:|1697460049\n|move|p1a: Charizard|Protect|p1a: Charizard\n|-singleturn|p1a: Charizard|Protect\n|move|p2b: Incineroar|Fake Out|p1b: Lilligant\n|-damage|p1b: Lilligant|72\/100\n|move|p2a: Chien-Pao|Ice Spinner|p1b: Lilligant\n|-supereffective|p1b: Lilligant\n|-damage|p1b: Lilligant|0 fnt\n|faint|p1b: Lilligant\n|\n|upkeep\n|\n|t:|1697460058\n|switch|p1b: Incineroar|Incineroar, M|100\/100\n|-ability|p1b: Incineroar|Intimidate|boost\n|-unboost|p2a: Chien-Pao|atk|1\n|-unboost|p2b: Incineroar|atk|1\n|turn|2\n|\n|t:|1697460067\n|detailschange|p1a: Charizard|Charizard-Mega-Y, M\n|-mega|p1a: Charizard|Charizard|Charizardite Y\n|-weather|SunnyDay|[from] ability: Drought|[of] p1a: Charizard\n|move|p2a: Chien-Pao|Protect|p2a: Chien-Pao\n|-singleturn|p2a: Chien-Pao|Protect\n|move|p1b: Incineroar|Fake Out|p2b: Incineroar\n|-damage|p2b: Incineroar|84\/100\n|move|p1a: Charizard|Heat Wave|p2b: Incineroar|[spread] p2b\n|-activate|p2a: Chien-Pao|move: Protect\n|-resisted|p2b: Incineroar\n|-damage|p2b: Incineroar|55\/100\n|cant|p2b: Incineroar|flinch\n|\n|-weather|SunnyDay|[upkeep]\n|upkeep\n|turn|3\n|\n|t:|1697460083\n|switch|p2a: Gastrodon|Gastrodon-East, M, shiny|100\/100\n|switch|p1b: Vivillon|Vivillon-River, M|100\/100\n|move|p1a: Charizard|Heat Wave|p2b: Incineroar|[spread] p2a\n|-miss|p1a: Charizard|p2b: Incineroar\n|-resisted|p2a: Gastrodon\n|-damage|p2a: Gastrodon|71\/100\n|move|p2b: Incineroar|Parting Shot|p1a: Charizard\n|-unboost|p1a: Charizard|atk|1\n|-unboost|p1a: Charizard|spa|1\n|\n|t:|1697460098\n|switch|p2b: Zygarde|Zygarde, shiny|100\/100|[from] Parting Shot\n|-ability|p2b: Zygarde|Aura Break\n|\n|-weather|SunnyDay|[upkeep]\n|-heal|p2a: Gastrodon|77\/100|[from] item: Leftovers\n|upkeep\n|turn|4\n|\n|t:|1697460111\n|switch|p2b: Amoonguss|Amoonguss, M|100\/100\n|-terastallize|p2a: Gastrodon|Fire\n|move|p1a: Charizard|Solar Beam||[still]\n|-prepare|p1a: Charizard|Solar Beam\n|-anim|p1a: Charizard|Solar Beam|p2a: Gastrodon\n|-resisted|p2a: Gastrodon\n|-damage|p2a: Gastrodon|63\/100\n|move|p1b: Vivillon|Sleep Powder|p2b: Amoonguss\n|-immune|p2b: Amoonguss\n|move|p2a: Gastrodon|Ice Beam|p1b: Vivillon\n|-supereffective|p1b: Vivillon\n|-damage|p1b: Vivillon|3\/100\n|\n|-weather|SunnyDay|[upkeep]\n|-heal|p2a: Gastrodon|69\/100|[from] item: Leftovers\n|upkeep\n|turn|5\n|\n|t:|1697460127\n|switch|p2b: Zygarde|Zygarde, shiny|100\/100\n|-ability|p2b: Zygarde|Aura Break\n|move|p2a: Gastrodon|Protect|p2a: Gastrodon\n|-singleturn|p2a: Gastrodon|Protect\n|move|p1a: Charizard|Heat Wave|p2b: Zygarde|[spread] p2b\n|-activate|p2a: Gastrodon|move: Protect\n|-resisted|p2b: Zygarde\n|-damage|p2b: Zygarde|87\/100\n|-status|p2b: Zygarde|brn\n|move|p1b: Vivillon|Sleep Powder|p2a: Gastrodon\n|-activate|p2a: Gastrodon|move: Protect\n|\n|-weather|SunnyDay|[upkeep]\n|-heal|p2b: Zygarde|93\/100 brn|[from] item: Leftovers\n|-heal|p2a: Gastrodon|75\/100|[from] item: Leftovers\n|-damage|p2b: Zygarde|87\/100 brn|[from] brn\n|upkeep\n|turn|6\n|\n|t:|1697460153\n|switch|p1b: Incineroar|Incineroar, M|100\/100\n|-ability|p1b: Incineroar|Intimidate|boost\n|-unboost|p2a: Gastrodon|atk|1\n|-unboost|p2b: Zygarde|atk|1\n|move|p2b: Zygarde|Extreme Speed|p1b: Incineroar\n|-damage|p1b: Incineroar|94\/100\n|move|p1a: Charizard|Air Slash|p2b: Zygarde\n|-damage|p2b: Zygarde|65\/100 brn\n|move|p2a: Gastrodon|Muddy Water|p1b: Incineroar|[spread] p1a\n|-miss|p2a: Gastrodon|p1b: Incineroar\n|-supereffective|p1a: Charizard\n|-damage|p1a: Charizard|72\/100\n|\n|-weather|none\n|-heal|p2b: Zygarde|71\/100 brn|[from] item: Leftovers\n|-heal|p2a: Gastrodon|81\/100|[from] item: Leftovers\n|-damage|p2b: Zygarde|65\/100 brn|[from] brn\n|upkeep\n|turn|7\n|c|\u2606Miiirza|ugh\n|\n|t:|1697460183\n|switch|p1a: Vivillon|Vivillon-River, M|3\/100\n|move|p2b: Zygarde|Dragon Dance|p2b: Zygarde\n|-boost|p2b: Zygarde|atk|1\n|-boost|p2b: Zygarde|spe|1\n|move|p1b: Incineroar|Drain Punch|p2a: Gastrodon\n|-damage|p2a: Gastrodon|61\/100\n|-heal|p1b: Incineroar|100\/100|[from] drain|[of] p2a: Gastrodon\n|move|p2a: Gastrodon|Muddy Water|p1a: Vivillon|[spread] p1a,p1b\n|-supereffective|p1b: Incineroar\n|-damage|p1a: Vivillon|0 fnt\n|-damage|p1b: Incineroar|61\/100\n|-enditem|p1b: Incineroar|Weakness Policy\n|-boost|p1b: Incineroar|atk|2|[from] item: Weakness Policy\n|-boost|p1b: Incineroar|spa|2|[from] item: Weakness Policy\n|faint|p1a: Vivillon\n|\n|-heal|p2b: Zygarde|71\/100 brn|[from] item: Leftovers\n|-heal|p2a: Gastrodon|67\/100|[from] item: Leftovers\n|-damage|p2b: Zygarde|65\/100 brn|[from] brn\n|upkeep\n|inactive|LeChaelum has 120 seconds left.\n|\n|t:|1697460204\n|switch|p1a: Charizard|Charizard-Mega-Y, M|72\/100\n|-weather|SunnyDay|[from] ability: Drought|[of] p1a: Charizard\n|turn|8\n|\n|t:|1697460210\n|switch|p1a: Roaring Moon|Roaring Moon|100\/100\n|-activate|p1a: Roaring Moon|ability: Protosynthesis\n|-start|p1a: Roaring Moon|protosynthesisatk\n|move|p2a: Gastrodon|Protect|p2a: Gastrodon\n|-singleturn|p2a: Gastrodon|Protect\n|move|p2b: Zygarde|Thousand Arrows|p1a: Roaring Moon|[spread] p1a,p1b\n|-supereffective|p1b: Incineroar\n|-damage|p1a: Roaring Moon|83\/100\n|-damage|p1b: Incineroar|36\/100\n|move|p1b: Incineroar|Power Trip|p2a: Gastrodon\n|-activate|p2a: Gastrodon|move: Protect\n|\n|-weather|SunnyDay|[upkeep]\n|-heal|p2b: Zygarde|71\/100 brn|[from] item: Leftovers\n|-heal|p2a: Gastrodon|73\/100|[from] item: Leftovers\n|-damage|p2b: Zygarde|65\/100 brn|[from] brn\n|upkeep\n|turn|9\n|\n|t:|1697460228\n|switch|p2a: Incineroar|Incineroar, M, shiny|55\/100\n|-ability|p2a: Incineroar|Intimidate|boost\n|-unboost|p1a: Roaring Moon|atk|1\n|-unboost|p1b: Incineroar|atk|1\n|move|p1a: Roaring Moon|Dragon Claw|p2b: Zygarde\n|-supereffective|p2b: Zygarde\n|-damage|p2b: Zygarde|0 fnt\n|faint|p2b: Zygarde\n|-damage|p1a: Roaring Moon|73\/100|[from] item: Life Orb\n|move|p1b: Incineroar|Drain Punch|p2a: Incineroar\n|-supereffective|p2a: Incineroar\n|-damage|p2a: Incineroar|0 fnt\n|-heal|p1b: Incineroar|63\/100|[from] drain|[of] p2a: Incineroar\n|faint|p2a: Incineroar\n|\n|-weather|SunnyDay|[upkeep]\n|upkeep\n|\n|t:|1697460243\n|switch|p2b: Chien-Pao|Chien-Pao|100\/100\n|switch|p2a: Rillaboom|Rillaboom, M|100\/100\n|-ability|p2b: Chien-Pao|Sword of Ruin\n|-fieldstart|move: Grassy Terrain|[from] ability: Grassy Surge|[of] p2a: Rillaboom\n|turn|10\n|\n|t:|1697460269\n|move|p2b: Chien-Pao|Ice Spinner|p1a: Roaring Moon\n|-supereffective|p1a: Roaring Moon\n|-damage|p1a: Roaring Moon|0 fnt\n|-fieldend|move: Grassy Terrain\n|faint|p1a: Roaring Moon\n|-end|p1a: Roaring Moon|Protosynthesis|[silent]\n|move|p2a: Rillaboom|Superpower|p1b: Incineroar\n|-supereffective|p1b: Incineroar\n|-damage|p1b: Incineroar|0 fnt\n|-unboost|p2a: Rillaboom|atk|1\n|-unboost|p2a: Rillaboom|def|1\n|faint|p1b: Incineroar\n|\n|-weather|SunnyDay|[upkeep]\n|upkeep\n|inactive|LeChaelum has 120 seconds left.\n|\n|t:|1697460280\n|switch|p1a: Oricorio|Oricorio-Sensu, M|100\/100\n|switch|p1b: Charizard|Charizard-Mega-Y, M|72\/100\n|turn|11\n|\n|t:|1697460290\n|switch|p2a: Amoonguss|Amoonguss, M|100\/100\n|move|p2b: Chien-Pao|Ice Spinner|p1a: Oricorio\n|-supereffective|p1a: Oricorio\n|-enditem|p1a: Oricorio|Focus Sash\n|-damage|p1a: Oricorio|1\/100\n|move|p1b: Charizard|Heat Wave|p2a: Amoonguss|[spread] p2a\n|-miss|p1b: Charizard|p2b: Chien-Pao\n|-supereffective|p2a: Amoonguss\n|-damage|p2a: Amoonguss|0 fnt\n|faint|p2a: Amoonguss\n|move|p1a: Oricorio|Quiver Dance|p1a: Oricorio\n|-boost|p1a: Oricorio|spa|1\n|-boost|p1a: Oricorio|spd|1\n|-boost|p1a: Oricorio|spe|1\n|\n|-weather|SunnyDay|[upkeep]\n|upkeep\n|\n|t:|1697460304\n|switch|p2a: Rillaboom|Rillaboom, M|100\/100\n|-fieldstart|move: Grassy Terrain|[from] ability: Grassy Surge|[of] p2a: Rillaboom\n|turn|12\n|\n|t:|1697460320\n|move|p2a: Rillaboom|Fake Out|p1b: Charizard\n|-damage|p1b: Charizard|46\/100\n|move|p1a: Oricorio|Revelation Dance|p2b: Chien-Pao\n|-resisted|p2b: Chien-Pao\n|-damage|p2b: Chien-Pao|52\/100\n|move|p2b: Chien-Pao|Crunch|p1b: Charizard\n|-damage|p1b: Charizard|0 fnt\n|faint|p1b: Charizard\n|\n|-weather|none\n|-heal|p2b: Chien-Pao|58\/100|[from] Grassy Terrain\n|upkeep\n|turn|13\n|\n|t:|1697460333\n|move|p2a: Rillaboom|Grassy Glide|p1a: Oricorio\n|-resisted|p1a: Oricorio\n|-damage|p1a: Oricorio|0 fnt\n|faint|p1a: Oricorio\n|\n|win|Miiirza\n|raw|LeChaelum's rating: 1349 &rarr; <strong>1343<\/strong><br \/>(-6 for losing)\n|raw|Miiirza's rating: 1641 &rarr; <strong>1647<\/strong><br \/>(+6 for winning)\n|c|\u2606LeChaelum|ggs, at least it didn't matter\n|l|\u2606LeChaelum\n|n| Mmirza|miiirza\n","uploadtime":1697460426,"views":12,"p1id":"lechaelum","p2id":"miiirza","formatid":"gen9nationaldexdoubles","rating":1343,"private":0,"password":""}