{"id":"gen9nationaldexdoubles-1969257006","p1":"RocketsThemeTeams","p2":"Kazanshin","format":"[Gen 9] National Dex Doubles","log":"|j|\u2606RocketsThemeTeams\n|j|\u2606Kazanshin\n|t:|1697506794\n|gametype|doubles\n|player|p1|RocketsThemeTeams|1|\n|player|p2|Kazanshin|richboy-gen4|\n|teamsize|p1|3\n|teamsize|p2|3\n|gen|9\n|tier|[Gen 9] National Dex Doubles\n|rule|HP Percentage Mod: HP is shown in percentages\n|rule|Endless Battle Clause: Forcing endless battles is banned\n|rule|OHKO Clause: OHKO moves are banned\n|rule|Evasion Moves Clause: Evasion moves are banned\n|rule|Evasion Abilities Clause: Evasion abilities are banned\n|rule|Species Clause: Limit one of each Pok\u00e9mon\n|rule|Gravity Sleep Clause: The combination of sleep-inducing moves with imperfect accuracy and Gravity or Gigantamax Orbeetle are banned\n|clearpoke\n|poke|p1|Bulbasaur, L15, F|\n|poke|p1|Pikachu, L15, M|\n|poke|p1|Marill, L15, F|\n|poke|p2|Sandshrew, L15, M|\n|poke|p2|Poochyena, L15, M|\n|poke|p2|Murkrow, L13, M|\n|teampreview\n|\n|t:|1697506808\n|start\n|switch|p1a: Powerline|Pikachu, L15, M|100\/100\n|switch|p1b: Destiny|Marill, L15, F|100\/100\n|switch|p2a: Poochyena|Poochyena, L15, M|100\/100\n|switch|p2b: Sandshrew|Sandshrew, L15, M|100\/100\n|turn|1\n|\n|t:|1697506829\n|move|p1a: Powerline|Thunder Wave|p2a: Poochyena\n|-status|p2a: Poochyena|par\n|move|p1b: Destiny|Tail Whip|p2a: Poochyena|[spread] p2a,p2b\n|-unboost|p2a: Poochyena|def|1\n|-unboost|p2b: Sandshrew|def|1\n|move|p2b: Sandshrew|Cut|p1a: Powerline\n|-damage|p1a: Powerline|65\/100\n|-status|p2b: Sandshrew|par|[from] ability: Static|[of] p1a: Powerline\n|-enditem|p2b: Sandshrew|Cheri Berry|[eat]\n|-curestatus|p2b: Sandshrew|par|[msg]\n|move|p2a: Poochyena|Howl|p2a: Poochyena|[spread] p2a,p2b\n|-boost|p2a: Poochyena|atk|1\n|-boost|p2b: Sandshrew|atk|1\n|\n|upkeep\n|turn|2\n|\n|t:|1697506861\n|move|p1a: Powerline|Quick Attack|p2b: Sandshrew\n|-damage|p2b: Sandshrew|85\/100\n|move|p1b: Destiny|Tackle|p2a: Poochyena\n|-damage|p2a: Poochyena|68\/100 par\n|move|p2b: Sandshrew|Cut|p1a: Powerline\n|-damage|p1a: Powerline|10\/100\n|-enditem|p1a: Powerline|Oran Berry|[eat]\n|-heal|p1a: Powerline|35\/100|[from] item: Oran Berry\n|cant|p2a: Poochyena|par\n|\n|upkeep\n|turn|3\n|\n|t:|1697506879\n|move|p1a: Powerline|Thunder Shock|p2a: Poochyena\n|-damage|p2a: Poochyena|35\/100 par\n|-enditem|p2a: Poochyena|Oran Berry|[eat]\n|-heal|p2a: Poochyena|60\/100 par|[from] item: Oran Berry\n|move|p1b: Destiny|Bubble Beam|p2b: Sandshrew\n|-supereffective|p2b: Sandshrew\n|-damage|p2b: Sandshrew|30\/100\n|move|p2b: Sandshrew|Cut|p1a: Powerline\n|-damage|p1a: Powerline|0 fnt\n|-status|p2b: Sandshrew|par|[from] ability: Static|[of] p1a: Powerline\n|faint|p1a: Powerline\n|cant|p2a: Poochyena|par\n|\n|upkeep\n|\n|t:|1697506892\n|switch|p1a: Ginger|Bulbasaur, L15, F|100\/100\n|turn|4\n|\n|t:|1697506936\n|switch|p2a: Murkrow|Murkrow, L13, M|100\/100\n|move|p1a: Ginger|Tackle|p2b: Sandshrew\n|-damage|p2b: Sandshrew|16\/100 par\n|move|p1b: Destiny|Bounce||[still]\n|-prepare|p1b: Destiny|Bounce\n|move|p2b: Sandshrew|Cut|p1b: Destiny|[miss]\n|-miss|p2b: Sandshrew|p1b: Destiny\n|\n|upkeep\n|turn|5\n|\n|t:|1697506964\n|move|p2a: Murkrow|Astonish|p1a: Ginger\n|-damage|p1a: Ginger|89\/100\n|move|p1a: Ginger|Tackle|p2b: Sandshrew\n|-damage|p2b: Sandshrew|0 fnt\n|faint|p2b: Sandshrew\n|move|p1b: Destiny|Bounce|p2a: Murkrow|[from]lockedmove\n|-damage|p2a: Murkrow|48\/100\n|-enditem|p2a: Murkrow|Oran Berry|[eat]\n|-heal|p2a: Murkrow|72\/100|[from] item: Oran Berry\n|\n|upkeep\n|\n|t:|1697506973\n|switch|p2b: Poochyena|Poochyena, L15, M|60\/100 par\n|turn|6\n|\n|t:|1697506985\n|move|p2a: Murkrow|Astonish|p1a: Ginger\n|-damage|p1a: Ginger|77\/100\n|move|p1a: Ginger|Leech Seed|p2b: Poochyena\n|-start|p2b: Poochyena|move: Leech Seed\n|move|p1b: Destiny|Bubble Beam|p2a: Murkrow\n|-damage|p2a: Murkrow|43\/100\n|move|p2b: Poochyena|Howl|p2b: Poochyena|[spread] p2a,p2b\n|-boost|p2a: Murkrow|atk|1\n|-boost|p2b: Poochyena|atk|1\n|\n|-damage|p2b: Poochyena|48\/100 par|[from] Leech Seed|[of] p1a: Ginger\n|-heal|p1a: Ginger|89\/100|[silent]\n|upkeep\n|turn|7\n|\n|t:|1697507008\n|move|p2a: Murkrow|Astonish|p1a: Ginger\n|-damage|p1a: Ginger|73\/100\n|move|p1a: Ginger|Tackle|p2b: Poochyena\n|-damage|p2b: Poochyena|28\/100 par\n|move|p1b: Destiny|Tackle|p2a: Murkrow\n|-damage|p2a: Murkrow|20\/100\n|move|p2b: Poochyena|Bite|p1a: Ginger\n|-damage|p1a: Ginger|21\/100\n|-enditem|p1a: Ginger|Oran Berry|[eat]\n|-heal|p1a: Ginger|45\/100|[from] item: Oran Berry\n|\n|-damage|p2b: Poochyena|15\/100 par|[from] Leech Seed|[of] p1a: Ginger\n|-heal|p1a: Ginger|56\/100|[silent]\n|upkeep\n|turn|8\n|\n|t:|1697507036\n|move|p2a: Murkrow|Astonish|p1a: Ginger\n|-damage|p1a: Ginger|38\/100\n|move|p1a: Ginger|Tackle|p2a: Murkrow\n|-damage|p2a: Murkrow|0 fnt\n|faint|p2a: Murkrow\n|move|p1b: Destiny|Tackle|p2b: Poochyena\n|-damage|p2b: Poochyena|0 fnt\n|faint|p2b: Poochyena\n|\n|win|RocketsThemeTeams\n|c|\u2606RocketsThemeTeams|Gg\n|c|\u2606Kazanshin|Gg\n","uploadtime":1697507051,"views":5,"p1id":"rocketsthemeteams","p2id":"kazanshin","formatid":"gen9nationaldexdoubles","rating":0,"private":0,"password":""}