{"id":"gen9nationaldexdoubles-1977758400","p1":"SFDds sd","p2":"busterdragofn","format":"[Gen 9] National Dex Doubles","log":"|j|\u2606SFDds sd\n|j|\u2606busterdragofn\n|t:|1698446153\n|gametype|doubles\n|player|p1|SFDds sd|lucas|1074\n|player|p2|busterdragofn|102|1004\n|teamsize|p1|6\n|teamsize|p2|6\n|gen|9\n|tier|[Gen 9] National Dex Doubles\n|rated|\n|rule|HP Percentage Mod: HP is shown in percentages\n|rule|Endless Battle Clause: Forcing endless battles is banned\n|rule|OHKO Clause: OHKO moves are banned\n|rule|Evasion Moves Clause: Evasion moves are banned\n|rule|Evasion Abilities Clause: Evasion abilities are banned\n|rule|Species Clause: Limit one of each Pok\u00e9mon\n|rule|Gravity Sleep Clause: The combination of sleep-inducing moves with imperfect accuracy and Gravity or Gigantamax Orbeetle are banned\n|clearpoke\n|poke|p1|Indeedee-F, F|\n|poke|p1|Oranguru, M|\n|poke|p1|Glastrier|\n|poke|p1|Hoopa-Unbound|\n|poke|p1|Ursaluna, F|\n|poke|p1|Zygarde|\n|poke|p2|Heliolisk, F|\n|poke|p2|Torkoal, M|\n|poke|p2|Glimmora, F|\n|poke|p2|Weavile, F|\n|poke|p2|Landorus-Therian, M|\n|poke|p2|Sceptile, M|\n|teampreview\n|\n|t:|1698446164\n|start\n|switch|p1a: Hoopa|Hoopa-Unbound|100\/100\n|switch|p1b: Zygarde|Zygarde|100\/100\n|switch|p2a: Heliolisk|Heliolisk, F, shiny|100\/100\n|switch|p2b: Sceptile|Sceptile, M|100\/100\n|-ability|p1b: Zygarde|Aura Break\n|turn|1\n|inactive|Battle timer is ON: inactive players will automatically lose when time's up. (requested by SFDds sd)\n|\n|t:|1698446175\n|detailschange|p2b: Sceptile|Sceptile-Mega, M\n|-mega|p2b: Sceptile|Sceptile|Sceptilite\n|move|p2b: Sceptile|Dragon Pulse|p1b: Zygarde\n|-supereffective|p1b: Zygarde\n|-damage|p1b: Zygarde|42\/100\n|move|p2a: Heliolisk|Parabolic Charge|p1a: Hoopa|[spread] p1a\n|-ability|p2b: Sceptile|Lightning Rod|boost\n|-boost|p2b: Sceptile|spa|1\n|-immune|p1b: Zygarde\n|-damage|p1a: Hoopa|74\/100\n|move|p1b: Zygarde|Coil|p1b: Zygarde\n|-boost|p1b: Zygarde|atk|1\n|-boost|p1b: Zygarde|def|1\n|-boost|p1b: Zygarde|accuracy|1\n|move|p1a: Hoopa|Trick Room|p1a: Hoopa\n|-fieldstart|move: Trick Room|[of] p1a: Hoopa\n|-enditem|p1b: Zygarde|Room Service\n|-unboost|p1b: Zygarde|spe|1|[from] item: Room Service\n|-enditem|p1a: Hoopa|Room Service\n|-unboost|p1a: Hoopa|spe|1|[from] item: Room Service\n|\n|upkeep\n|turn|2\n|\n|t:|1698446197\n|move|p1a: Hoopa|Dark Pulse|p2b: Sceptile\n|-damage|p2b: Sceptile|18\/100\n|move|p1b: Zygarde|Thousand Arrows|p2b: Sceptile|[spread] p2a,p2b\n|-supereffective|p2a: Heliolisk\n|-resisted|p2b: Sceptile\n|-damage|p2a: Heliolisk|0 fnt\n|-damage|p2b: Sceptile|0 fnt\n|faint|p2a: Heliolisk\n|faint|p2b: Sceptile\n|\n|upkeep\n|\n|t:|1698446209\n|switch|p2a: Landorus|Landorus-Therian, M|100\/100\n|switch|p2b: Weavile|Weavile, F|100\/100\n|-ability|p2a: Landorus|Intimidate|boost\n|-unboost|p1a: Hoopa|atk|1\n|-unboost|p1b: Zygarde|atk|1\n|turn|3\n|\n|t:|1698446222\n|-terastallize|p2b: Weavile|Ice\n|move|p2b: Weavile|Ice Shard|p1b: Zygarde\n|-supereffective|p1b: Zygarde\n|-damage|p1b: Zygarde|0 fnt\n|faint|p1b: Zygarde\n|move|p1a: Hoopa|Dark Pulse|p2a: Landorus\n|-damage|p2a: Landorus|26\/100\n|-item|p1a: Hoopa|Leftovers|[from] ability: Magician|[of] p2a: Landorus\n|move|p2a: Landorus|Brick Break|p1a: Hoopa\n|-damage|p1a: Hoopa|32\/100\n|\n|-heal|p1a: Hoopa|38\/100|[from] item: Leftovers\n|upkeep\n|\n|t:|1698446241\n|switch|p1b: Glastrier|Glastrier|100\/100\n|turn|4\n|\n|t:|1698446250\n|move|p2b: Weavile|Ice Shard|p1a: Hoopa\n|-crit|p1a: Hoopa\n|-damage|p1a: Hoopa|0 fnt\n|faint|p1a: Hoopa\n|move|p1b: Glastrier|Double Kick|p2b: Weavile\n|-supereffective|p2b: Weavile\n|-damage|p2b: Weavile|61\/100\n|-supereffective|p2b: Weavile\n|-damage|p2b: Weavile|21\/100\n|-hitcount|p2b: Weavile|2\n|move|p2a: Landorus|Earth Power|p1b: Glastrier\n|-damage|p1b: Glastrier|75\/100\n|\n|upkeep\n|\n|t:|1698446266\n|switch|p1a: Oranguru|Oranguru, M|100\/100\n|turn|5\n|\n|t:|1698446278\n|move|p2b: Weavile|Ice Shard|p1a: Oranguru\n|-damage|p1a: Oranguru|83\/100\n|move|p1b: Glastrier|Icicle Spear|p2a: Landorus\n|-supereffective|p2a: Landorus\n|-damage|p2a: Landorus|0 fnt\n|faint|p2a: Landorus\n|-ability|p1b: Glastrier|Chilling Neigh|boost\n|-boost|p1b: Glastrier|atk|1\n|-hitcount|p2: Landorus|1\n|move|p1a: Oranguru|Instruct|p1b: Glastrier\n|-singleturn|p1b: Glastrier|move: Instruct|[of] p1a: Oranguru\n|move|p1b: Glastrier|Icicle Spear|p2b: Weavile\n|-resisted|p2b: Weavile\n|-damage|p2b: Weavile|0 fnt\n|faint|p2b: Weavile\n|-ability|p1b: Glastrier|Chilling Neigh|boost\n|-boost|p1b: Glastrier|atk|1\n|-hitcount|p2: Weavile|1\n|\n|-fieldend|move: Trick Room\n|upkeep\n|\n|t:|1698446294\n|switch|p2b: Torkoal|Torkoal, M|100\/100\n|switch|p2a: Glimmora|Glimmora, F|100\/100\n|-weather|SunnyDay|[from] ability: Drought|[of] p2b: Torkoal\n|turn|6\n|\n|t:|1698446315\n|-terastallize|p1a: Oranguru|Water\n|move|p2a: Glimmora|Stealth Rock|p1b: Glastrier\n|-sidestart|p1: SFDds sd|move: Stealth Rock\n|move|p2b: Torkoal|Lava Plume|p1b: Glastrier|[spread] p2a,p1a,p1b\n|-resisted|p2a: Glimmora\n|-resisted|p1a: Oranguru\n|-supereffective|p1b: Glastrier\n|-damage|p2a: Glimmora|82\/100\n|-damage|p1a: Oranguru|67\/100\n|-damage|p1b: Glastrier|19\/100\n|move|p1b: Glastrier|Stomping Tantrum|p2b: Torkoal\n|-supereffective|p2b: Torkoal\n|-damage|p2b: Torkoal|2\/100\n|move|p1a: Oranguru|Trick Room|p1a: Oranguru\n|-fieldstart|move: Trick Room|[of] p1a: Oranguru\n|\n|-weather|SunnyDay|[upkeep]\n|upkeep\n|turn|7\n|\n|t:|1698446340\n|move|p1b: Glastrier|Stomping Tantrum|p2b: Torkoal\n|-supereffective|p2b: Torkoal\n|-damage|p2b: Torkoal|0 fnt\n|faint|p2b: Torkoal\n|-ability|p1b: Glastrier|Chilling Neigh|boost\n|-boost|p1b: Glastrier|atk|1\n|move|p1a: Oranguru|Instruct|p1b: Glastrier\n|-singleturn|p1b: Glastrier|move: Instruct|[of] p1a: Oranguru\n|move|p1b: Glastrier|Stomping Tantrum|p2a: Glimmora\n|-supereffective|p2a: Glimmora\n|-damage|p2a: Glimmora|0 fnt\n|faint|p2a: Glimmora\n|\n|win|SFDds sd\n|raw|SFDds sd's rating: 1074 &rarr; <strong>1097<\/strong><br \/>(+23 for winning)\n|raw|busterdragofn's rating: 1004 &rarr; <strong>1000<\/strong><br \/>(-4 for losing)\n|l|\u2606busterdragofn\n","uploadtime":1698446356,"views":6,"p1id":"sfddssd","p2id":"busterdragofn","formatid":"gen9nationaldexdoubles","rating":1000,"private":0,"password":""}