{"id":"gen9nationaldexdoubles-1960495121","p1":"fifier","p2":"Spay","format":"[Gen 9] National Dex Doubles","log":"|j|\u2606fifier\n|j|\u2606Spay\n|t:|1696529646\n|gametype|doubles\n|player|p1|fifier|266|\n|player|p2|Spay|lady|\n|teamsize|p1|6\n|teamsize|p2|6\n|gen|9\n|tier|[Gen 9] National Dex Doubles\n|rule|HP Percentage Mod: HP is shown in percentages\n|rule|Endless Battle Clause: Forcing endless battles is banned\n|rule|OHKO Clause: OHKO moves are banned\n|rule|Evasion Moves Clause: Evasion moves are banned\n|rule|Evasion Abilities Clause: Evasion abilities are banned\n|rule|Species Clause: Limit one of each Pok\u00e9mon\n|rule|Gravity Sleep Clause: The combination of sleep-inducing moves with imperfect accuracy and Gravity or Gigantamax Orbeetle are banned\n|clearpoke\n|poke|p1|Iron Hands|\n|poke|p1|Tapu Koko|\n|poke|p1|Manectric, F|\n|poke|p1|Rotom-Wash|\n|poke|p1|Regieleki|\n|poke|p1|Thundurus, M|\n|poke|p2|Diancie|\n|poke|p2|Garganacl, M|\n|poke|p2|Glimmora, M|\n|poke|p2|Ogerpon-Cornerstone, F|\n|poke|p2|Arcanine-Hisui, F|\n|poke|p2|Tyranitar, M|\n|teampreview\n|inactive|Battle timer is ON: inactive players will automatically lose when time's up. (requested by Spay)\n|c|\u2606fifier|quita timer\n|inactiveoff|Battle timer is now OFF.\n|j| El_Gran_Wigglytuff\n|c|\u2606Spay|Ya\n|\n|t:|1696529680\n|start\n|switch|p1a: Iron Hands|Iron Hands|100\/100\n|switch|p1b: Thundurus|Thundurus, M|100\/100\n|switch|p2a: Garnet|Diancie, shiny|100\/100\n|switch|p2b: Weird Grass-Type|Glimmora, M|100\/100\n|turn|1\n|\n|t:|1696529695\n|move|p1a: Iron Hands|Fake Out|p2b: Weird Grass-Type\n|-resisted|p2b: Weird Grass-Type\n|-damage|p2b: Weird Grass-Type|93\/100\n|-activate|p2b: Weird Grass-Type|ability: Toxic Debris\n|-sidestart|p1: fifier|move: Toxic Spikes\n|move|p1b: Thundurus|Thunder Wave|p2a: Garnet\n|-status|p2a: Garnet|par\n|cant|p2b: Weird Grass-Type|flinch\n|move|p2a: Garnet|Diamond Storm|p1a: Iron Hands|[spread] p1a,p1b\n|-resisted|p1a: Iron Hands\n|-supereffective|p1b: Thundurus\n|-damage|p1a: Iron Hands|91\/100\n|-damage|p1b: Thundurus|54\/100\n|\n|upkeep\n|turn|2\n|\n|t:|1696529714\n|move|p1b: Thundurus|Taunt|p2b: Weird Grass-Type\n|-start|p2b: Weird Grass-Type|move: Taunt\n|move|p2b: Weird Grass-Type|Mortal Spin|p1a: Iron Hands|[spread] p1a,p1b\n|-damage|p1a: Iron Hands|88\/100\n|-damage|p1b: Thundurus|49\/100\n|-status|p1a: Iron Hands|psn\n|-status|p1b: Thundurus|psn\n|move|p1a: Iron Hands|Heavy Slam|p2a: Garnet\n|-supereffective|p2a: Garnet\n|-damage|p2a: Garnet|0 fnt\n|faint|p2a: Garnet\n|\n|-damage|p1b: Thundurus|37\/100 psn|[from] psn\n|-damage|p1a: Iron Hands|75\/100 psn|[from] psn\n|upkeep\n|\n|t:|1696529746\n|switch|p2a: Dog|Arcanine-Hisui, F, shiny|100\/100\n|turn|3\n|c| El_Gran_Wigglytuff|Imagina que la Tormenta de Diamantes hubiera subido la defensa\n|\n|t:|1696529770\n|-end|p1a: Iron Hands|Quark Drive|[silent]\n|switch|p1a: Rotom|Rotom-Wash|100\/100\n|-terastallize|p2a: Dog|Fighting\n|move|p1b: Thundurus|Thunder Wave|p2a: Dog\n|-status|p2a: Dog|par\n|move|p2b: Weird Grass-Type|Mortal Spin|p1a: Rotom|[spread] p1a,p1b\n|-damage|p1a: Rotom|96\/100\n|-damage|p1b: Thundurus|33\/100 psn\n|-status|p1a: Rotom|psn\n|move|p2a: Dog|Tera Blast|p1a: Rotom|[anim] Tera Blast Fighting\n|-damage|p1a: Rotom|42\/100 psn\n|-enditem|p1a: Rotom|Sitrus Berry|[eat]\n|-heal|p1a: Rotom|67\/100 psn|[from] item: Sitrus Berry\n|\n|-damage|p1b: Thundurus|20\/100 psn|[from] psn\n|-damage|p1a: Rotom|55\/100 psn|[from] psn\n|upkeep\n|-enditem|p1b: Thundurus|Iapapa Berry|[eat]\n|-heal|p1b: Thundurus|54\/100 psn|[from] item: Iapapa Berry\n|turn|4\n|c|\u2606fifier|hubiera matado igual xd\n|\n|t:|1696529794\n|move|p1b: Thundurus|Thunder Wave|p2b: Weird Grass-Type\n|-status|p2b: Weird Grass-Type|par\n|move|p1a: Rotom|Will-O-Wisp||[still]\n|-fail|p1a: Rotom\n|move|p2a: Dog|Tera Blast|p1b: Thundurus|[anim] Tera Blast Fighting\n|-resisted|p1b: Thundurus\n|-damage|p1b: Thundurus|26\/100 psn\n|move|p2b: Weird Grass-Type|Mortal Spin|p1a: Rotom|[spread] p1a,p1b\n|-crit|p1a: Rotom\n|-damage|p1a: Rotom|48\/100 psn\n|-damage|p1b: Thundurus|21\/100 psn\n|\n|-damage|p1b: Thundurus|9\/100 psn|[from] psn\n|-damage|p1a: Rotom|35\/100 psn|[from] psn\n|-end|p2b: Weird Grass-Type|move: Taunt\n|upkeep\n|turn|5\n|c|\u2606fifier|soy tonto\n|\n|t:|1696529814\n|switch|p1b: Iron Hands|Iron Hands|75\/100 psn\n|move|p2b: Weird Grass-Type|Spiky Shield|p2b: Weird Grass-Type\n|-singleturn|p2b: Weird Grass-Type|move: Protect\n|move|p1a: Rotom|Volt Switch|p2a: Dog\n|-damage|p2a: Dog|67\/100 par\n|\n|t:|1696529839\n|switch|p1a: Tapu Koko|Tapu Koko|100\/100|[from] Volt Switch\n|-status|p1a: Tapu Koko|psn\n|-fieldstart|move: Electric Terrain|[from] ability: Electric Surge|[of] p1a: Tapu Koko\n|-activate|p1b: Iron Hands|ability: Quark Drive\n|-start|p1b: Iron Hands|quarkdriveatk\n|move|p2a: Dog|Tera Blast|p1a: Tapu Koko|[anim] Tera Blast Fighting\n|-resisted|p1a: Tapu Koko\n|-damage|p1a: Tapu Koko|61\/100 psn\n|\n|-damage|p1a: Tapu Koko|49\/100 psn|[from] psn\n|-damage|p1b: Iron Hands|63\/100 psn|[from] psn\n|upkeep\n|turn|6\n|\n|t:|1696529876\n|move|p1b: Iron Hands|Fake Out|p2b: Weird Grass-Type\n|-resisted|p2b: Weird Grass-Type\n|-damage|p2b: Weird Grass-Type|84\/100 par\n|-activate|p2b: Weird Grass-Type|ability: Toxic Debris\n|-sidestart|p1: fifier|move: Toxic Spikes\n|-zpower|p1a: Tapu Koko\n|move|p1a: Tapu Koko|Twinkle Tackle|p2a: Dog|[zeffect]\n|-supereffective|p2a: Dog\n|-damage|p2a: Dog|0 fnt\n|faint|p2a: Dog\n|cant|p2b: Weird Grass-Type|flinch\n|\n|-damage|p1a: Tapu Koko|37\/100 psn|[from] psn\n|-damage|p1b: Iron Hands|50\/100 psn|[from] psn\n|upkeep\n|c|\u2606fifier|twinckle tackle\n|\n|t:|1696529892\n|switch|p2a: Aku Aku|Ogerpon-Cornerstone, F|100\/100\n|turn|7\n|\n|t:|1696529902\n|move|p1a: Tapu Koko|Protect|p1a: Tapu Koko\n|-singleturn|p1a: Tapu Koko|Protect\n|move|p2a: Aku Aku|Ivy Cudgel|p1b: Iron Hands\n|-resisted|p1b: Iron Hands\n|-damage|p1b: Iron Hands|30\/100 psn\n|move|p1b: Iron Hands|Drain Punch|p2a: Aku Aku\n|-supereffective|p2a: Aku Aku\n|-ability|p2a: Aku Aku|Sturdy\n|-damage|p2a: Aku Aku|1\/100\n|-heal|p1b: Iron Hands|63\/100 psn|[from] drain|[of] p2a: Aku Aku\n|move|p2b: Weird Grass-Type|Stealth Rock|p1b: Iron Hands\n|-sidestart|p1: fifier|move: Stealth Rock\n|\n|-damage|p1a: Tapu Koko|24\/100 psn|[from] psn\n|-damage|p1b: Iron Hands|50\/100 psn|[from] psn\n|upkeep\n|turn|8\n|c|\u2606fifier|me mentiste baby\n|\n|t:|1696529928\n|move|p1a: Tapu Koko|Dazzling Gleam|p2b: Weird Grass-Type|[spread] p2a,p2b\n|-resisted|p2b: Weird Grass-Type\n|-damage|p2a: Aku Aku|0 fnt\n|-damage|p2b: Weird Grass-Type|69\/100 par\n|faint|p2a: Aku Aku\n|move|p1b: Iron Hands|Drain Punch|p2b: Weird Grass-Type\n|-damage|p2b: Weird Grass-Type|15\/100 par\n|-heal|p1b: Iron Hands|72\/100 psn|[from] drain|[of] p2b: Weird Grass-Type\n|move|p2b: Weird Grass-Type|Spikes|p1b: Iron Hands\n|-sidestart|p1: fifier|Spikes\n|\n|-damage|p1a: Tapu Koko|12\/100 psn|[from] psn\n|-damage|p1b: Iron Hands|60\/100 psn|[from] psn\n|upkeep\n|c|\u2606fifier|mucha cosa\n|\n|t:|1696529943\n|switch|p2a: Rock Lizard|Tyranitar, M, shiny|100\/100\n|-weather|Sandstorm|[from] ability: Sand Stream|[of] p2a: Rock Lizard\n|turn|9\n|\n|t:|1696529957\n|detailschange|p2a: Rock Lizard|Tyranitar-Mega, M, shiny\n|-mega|p2a: Rock Lizard|Tyranitar|Tyranitarite\n|move|p2b: Weird Grass-Type|Spiky Shield|p2b: Weird Grass-Type\n|-singleturn|p2b: Weird Grass-Type|move: Protect\n|move|p1a: Tapu Koko|Thunderbolt|p2b: Weird Grass-Type\n|-activate|p2b: Weird Grass-Type|move: Protect\n|move|p2a: Rock Lizard|Curse|p2a: Rock Lizard\n|-unboost|p2a: Rock Lizard|spe|1\n|-boost|p2a: Rock Lizard|atk|1\n|-boost|p2a: Rock Lizard|def|1\n|move|p1b: Iron Hands|Drain Punch|p2a: Rock Lizard\n|-supereffective|p2a: Rock Lizard\n|-damage|p2a: Rock Lizard|13\/100\n|-heal|p1b: Iron Hands|98\/100 psn|[from] drain|[of] p2a: Rock Lizard\n|\n|-weather|Sandstorm|[upkeep]\n|-damage|p1a: Tapu Koko|6\/100 psn|[from] Sandstorm\n|-damage|p1b: Iron Hands|92\/100 psn|[from] Sandstorm\n|-damage|p1a: Tapu Koko|0 fnt|[from] psn\n|faint|p1a: Tapu Koko\n|-damage|p1b: Iron Hands|79\/100 psn|[from] psn\n|-fieldend|move: Electric Terrain\n|-end|p1b: Iron Hands|Quark Drive\n|upkeep\n|\n|t:|1696529981\n|switch|p1a: Rotom|Rotom-Wash|35\/100 psn\n|-damage|p1a: Rotom|23\/100 psn|[from] Stealth Rock\n|turn|10\n|c|\u2606Spay|Si no te mato a Ferropalma cagu\u00e9\n|\n|t:|1696530004\n|move|p1a: Rotom|Volt Switch|p2b: Weird Grass-Type\n|-damage|p2b: Weird Grass-Type|0 fnt\n|faint|p2b: Weird Grass-Type\n|\n|t:|1696530009\n|switch|p1a: Manectric|Manectric, F|100\/100|[from] Volt Switch\n|-status|p1a: Manectric|tox\n|-damage|p1a: Manectric|88\/100 tox|[from] Stealth Rock\n|-damage|p1a: Manectric|76\/100 tox|[from] Spikes\n|move|p1b: Iron Hands|Drain Punch|p2a: Rock Lizard\n|-supereffective|p2a: Rock Lizard\n|-damage|p2a: Rock Lizard|0 fnt\n|-heal|p1b: Iron Hands|85\/100 psn|[from] drain|[of] p2a: Rock Lizard\n|faint|p2a: Rock Lizard\n|\n|-weather|Sandstorm|[upkeep]\n|-damage|p1a: Manectric|70\/100 tox|[from] Sandstorm\n|-damage|p1b: Iron Hands|79\/100 psn|[from] Sandstorm\n|-damage|p1a: Manectric|63\/100 tox|[from] psn\n|-damage|p1b: Iron Hands|67\/100 psn|[from] psn\n|upkeep\n|c|\u2606fifier|xd\n|\n|t:|1696530029\n|switch|p2a: Minecraft|Garganacl, M|100\/100\n|turn|11\n|c| El_Gran_Wigglytuff|Tongo\n|\n|t:|1696530036\n|detailschange|p1a: Manectric|Manectric-Mega, F\n|-mega|p1a: Manectric|Manectric|Manectite\n|-ability|p1a: Manectric|Intimidate|boost\n|-unboost|p2a: Minecraft|atk|1\n|move|p1a: Manectric|Rising Voltage|p2a: Minecraft\n|-damage|p2a: Minecraft|84\/100\n|move|p1b: Iron Hands|Drain Punch|p2a: Minecraft\n|-supereffective|p2a: Minecraft\n|-damage|p2a: Minecraft|29\/100\n|-heal|p1b: Iron Hands|91\/100 psn|[from] drain|[of] p2a: Minecraft\n|move|p2a: Minecraft|Dig||[still]\n|-prepare|p2a: Minecraft|Dig\n|\n|-weather|Sandstorm|[upkeep]\n|-damage|p1a: Manectric|57\/100 tox|[from] Sandstorm\n|-damage|p1b: Iron Hands|85\/100 psn|[from] Sandstorm\n|-damage|p1a: Manectric|45\/100 tox|[from] psn\n|-damage|p1b: Iron Hands|72\/100 psn|[from] psn\n|upkeep\n|turn|12\n|\n|t:|1696530054\n|-end|p1b: Iron Hands|Quark Drive|[silent]\n|switch|p1b: Rotom|Rotom-Wash|23\/100 psn\n|-damage|p1b: Rotom|11\/100 psn|[from] Stealth Rock\n|move|p1a: Manectric|Protect|p1a: Manectric\n|-singleturn|p1a: Manectric|Protect\n|move|p2a: Minecraft|Dig|p1b: Rotom|[from]lockedmove\n|-immune|p1b: Rotom|[from] ability: Levitate\n|\n|-weather|Sandstorm|[upkeep]\n|-damage|p1a: Manectric|39\/100 tox|[from] Sandstorm\n|-damage|p1b: Rotom|5\/100 psn|[from] Sandstorm\n|-damage|p1a: Manectric|21\/100 tox|[from] psn\n|-damage|p1b: Rotom|0 fnt|[from] psn\n|faint|p1b: Rotom\n|upkeep\n|\n|t:|1696530064\n|switch|p1b: Iron Hands|Iron Hands|72\/100 psn\n|-damage|p1b: Iron Hands|66\/100 psn|[from] Stealth Rock\n|-damage|p1b: Iron Hands|54\/100 psn|[from] Spikes\n|turn|13\n|c|\u2606Spay|Tongo\n|c|\u2606fifier|Tongo\n|c| El_Gran_Wigglytuff|Tongo\n|\n|t:|1696530076\n|move|p1b: Iron Hands|Fake Out|p2a: Minecraft\n|-resisted|p2a: Minecraft\n|-damage|p2a: Minecraft|25\/100\n|move|p1a: Manectric|Rising Voltage|p2a: Minecraft\n|-damage|p2a: Minecraft|9\/100\n|cant|p2a: Minecraft|flinch\n|\n|-weather|none\n|-damage|p1a: Manectric|0 fnt|[from] psn\n|faint|p1a: Manectric\n|-damage|p1b: Iron Hands|41\/100 psn|[from] psn\n|upkeep\n|\n|t:|1696530082\n|switch|p1a: Thundurus|Thundurus, M|9\/100 psn\n|-damage|p1a: Thundurus|0 fnt|[from] Stealth Rock\n|faint|p1a: Thundurus\n|\n|t:|1696530083\n|switch|p1a: Regieleki|Regieleki|100\/100\n|-status|p1a: Regieleki|tox\n|-damage|p1a: Regieleki|88\/100 tox|[from] Stealth Rock\n|-damage|p1a: Regieleki|76\/100 tox|[from] Spikes\n|turn|14\n|c|\u2606fifier|omg\n|c|\u2606fifier|perdere\n|c|\u2606Spay|Creo que ahora es cuando muero\n|c| El_Gran_Wigglytuff|A lo tonto las trampas han funcionado\n|c| El_Gran_Wigglytuff|M\u00e1s o menos\n|c|\u2606fifier|aja\n|c|\u2606Spay|De hecho estar\u00eda gracioso ganar ahora\n|\n|t:|1696530121\n|move|p1a: Regieleki|Rising Voltage|p2a: Minecraft\n|-damage|p2a: Minecraft|0 fnt\n|faint|p2a: Minecraft\n|\n|win|fifier\n|c|\u2606fifier|de hecho\n","uploadtime":1696530127,"views":11,"p1id":"fifier","p2id":"spay","formatid":"gen9nationaldexdoubles","rating":0,"private":0,"password":""}