{"id":"gen9nationaldexdoubles-1953715202","p1":"uuuuyyttfcvbnml","p2":"SanjaDreams","format":"[Gen 9] National Dex Doubles","log":"|j|\u2606uuuuyyttfcvbnml\n|j|\u2606SanjaDreams\n|t:|1695822762\n|gametype|doubles\n|player|p1|uuuuyyttfcvbnml|169|1000\n|player|p2|SanjaDreams|twins-gen4|1049\n|teamsize|p1|6\n|teamsize|p2|6\n|gen|9\n|tier|[Gen 9] National Dex Doubles\n|rated|\n|rule|HP Percentage Mod: HP is shown in percentages\n|rule|Endless Battle Clause: Forcing endless battles is banned\n|rule|OHKO Clause: OHKO moves are banned\n|rule|Evasion Moves Clause: Evasion moves are banned\n|rule|Evasion Abilities Clause: Evasion abilities are banned\n|rule|Species Clause: Limit one of each Pok\u00e9mon\n|rule|Gravity Sleep Clause: The combination of sleep-inducing moves with imperfect accuracy and Gravity or Gigantamax Orbeetle are banned\n|clearpoke\n|poke|p1|Ursaluna, F|\n|poke|p1|Hatterene, F|\n|poke|p1|Dondozo, M|\n|poke|p1|Goodra-Hisui, F|\n|poke|p1|Indeedee-F, F|\n|poke|p1|Slowking-Galar, M|\n|poke|p2|Throh, M|\n|poke|p2|Slowbro-Galar, M|\n|poke|p2|Incineroar, F|\n|poke|p2|Indeedee-F, F|\n|poke|p2|Oranguru, F|\n|poke|p2|Slowking-Galar, M|\n|teampreview\n|\n|t:|1695822782\n|start\n|switch|p1a: Indeedee|Indeedee-F, F|100\/100\n|switch|p1b: Hatterene|Hatterene, F|100\/100\n|switch|p2a: Throh|Throh, M|100\/100\n|switch|p2b: Slowking|Slowking-Galar, M|100\/100\n|-fieldstart|move: Psychic Terrain|[from] ability: Psychic Surge|[of] p1a: Indeedee\n|-enditem|p1a: Indeedee|Psychic Seed\n|-boost|p1a: Indeedee|spd|1|[from] item: Psychic Seed\n|turn|1\n|\n|t:|1695822799\n|move|p1a: Indeedee|Protect|p1a: Indeedee\n|-singleturn|p1a: Indeedee|Protect\n|move|p2b: Slowking|Nasty Plot|p2b: Slowking\n|-boost|p2b: Slowking|spa|2\n|move|p2a: Throh|Fling|p2b: Slowking\n|-supereffective|p2b: Slowking\n|-damage|p2b: Slowking|93\/100\n|-boost|p2b: Slowking|spa|1|[from] item: Petaya Berry\n|-enditem|p2b: Slowking|Weakness Policy\n|-boost|p2b: Slowking|atk|2|[from] item: Weakness Policy\n|-boost|p2b: Slowking|spa|2|[from] item: Weakness Policy\n|-enditem|p2a: Throh|Petaya Berry|[from] move: Fling\n|move|p1b: Hatterene|Trick Room|p1b: Hatterene\n|-fieldstart|move: Trick Room|[of] p1b: Hatterene\n|\n|upkeep\n|turn|2\n|\n|t:|1695822828\n|move|p2a: Throh|Helping Hand|p2b: Slowking\n|-singleturn|p2b: Slowking|Helping Hand|[of] p2a: Throh\n|move|p1a: Indeedee|Follow Me|p1a: Indeedee\n|-singleturn|p1a: Indeedee|move: Follow Me\n|move|p1b: Hatterene|Nuzzle|p2b: Slowking\n|-damage|p2b: Slowking|88\/100\n|-status|p2b: Slowking|par\n|move|p2b: Slowking|Expanding Force|p1b: Hatterene|[spread] p1a,p1b\n|-resisted|p1a: Indeedee\n|-resisted|p1b: Hatterene\n|-crit|p1b: Hatterene\n|-damage|p1a: Indeedee|27\/100\n|-enditem|p1b: Hatterene|Focus Sash\n|-damage|p1b: Hatterene|1\/100\n|\n|upkeep\n|turn|3\n|\n|t:|1695822853\n|switch|p1b: Ursaluna|Ursaluna, F|100\/100\n|move|p2a: Throh|Helping Hand|p2b: Slowking\n|-singleturn|p2b: Slowking|Helping Hand|[of] p2a: Throh\n|move|p1a: Indeedee|Protect|p1a: Indeedee\n|-singleturn|p1a: Indeedee|Protect\n|move|p2b: Slowking|Expanding Force|p1a: Indeedee|[spread] p1b\n|-activate|p1a: Indeedee|move: Protect\n|-damage|p1b: Ursaluna|0 fnt\n|faint|p1b: Ursaluna\n|\n|upkeep\n|\n|t:|1695822861\n|switch|p1b: Goodra|Goodra-Hisui, F|100\/100\n|turn|4\n|\n|t:|1695822874\n|move|p2a: Throh|Helping Hand|p2b: Slowking\n|-singleturn|p2b: Slowking|Helping Hand|[of] p2a: Throh\n|move|p1a: Indeedee|Helping Hand|p1b: Goodra\n|-singleturn|p1b: Goodra|Helping Hand|[of] p1a: Indeedee\n|move|p2b: Slowking|Expanding Force|p1b: Goodra|[spread] p1a,p1b\n|-resisted|p1a: Indeedee\n|-resisted|p1b: Goodra\n|-damage|p1a: Indeedee|0 fnt\n|-damage|p1b: Goodra|5\/100\n|faint|p1a: Indeedee\n|move|p1b: Goodra|Flash Cannon|p2b: Slowking\n|-damage|p2b: Slowking|45\/100 par\n|\n|-heal|p1b: Goodra|11\/100|[from] item: Leftovers\n|upkeep\n|\n|t:|1695822878\n|switch|p1a: Dondozo|Dondozo, M|100\/100\n|turn|5\n|\n|t:|1695822893\n|move|p2a: Throh|Helping Hand|p2b: Slowking\n|-singleturn|p2b: Slowking|Helping Hand|[of] p2a: Throh\n|move|p2b: Slowking|Expanding Force|p1b: Goodra|[spread] p1a,p1b\n|-resisted|p1b: Goodra\n|-damage|p1a: Dondozo|7\/100\n|-damage|p1b: Goodra|0 fnt\n|faint|p1b: Goodra\n|move|p1a: Dondozo|Curse|p1a: Dondozo\n|-unboost|p1a: Dondozo|spe|1\n|-boost|p1a: Dondozo|atk|1\n|-boost|p1a: Dondozo|def|1\n|\n|-fieldend|move: Trick Room\n|-fieldend|move: Psychic Terrain\n|upkeep\n|-message|uuuuyyttfcvbnml forfeited.\n|\n|win|SanjaDreams\n|raw|uuuuyyttfcvbnml's rating: 1000 &rarr; <strong>1000<\/strong><br \/>(+0 for losing)\n|raw|SanjaDreams's rating: 1049 &rarr; <strong>1077<\/strong><br \/>(+28 for winning)\n|l|\u2606uuuuyyttfcvbnml\n","uploadtime":1695822914,"views":19,"p1id":"uuuuyyttfcvbnml","p2id":"sanjadreams","formatid":"gen9nationaldexdoubles","rating":1000,"private":0,"password":""}