{"id":"gen9nationaldexdoubles-1958862848","p1":"1234www4321","p2":"impastabot4000","format":"[Gen 9] National Dex Doubles","log":"|j|\u26061234www4321\n|j|\u2606impastabot4000\n|t:|1696363757\n|gametype|doubles\n|player|p1|1234www4321|ethan|1146\n|player|p2|impastabot4000|nate|1147\n|teamsize|p1|6\n|teamsize|p2|6\n|gen|9\n|tier|[Gen 9] National Dex Doubles\n|rated|\n|rule|HP Percentage Mod: HP is shown in percentages\n|rule|Endless Battle Clause: Forcing endless battles is banned\n|rule|OHKO Clause: OHKO moves are banned\n|rule|Evasion Moves Clause: Evasion moves are banned\n|rule|Evasion Abilities Clause: Evasion abilities are banned\n|rule|Species Clause: Limit one of each Pok\u00e9mon\n|rule|Gravity Sleep Clause: The combination of sleep-inducing moves with imperfect accuracy and Gravity or Gigantamax Orbeetle are banned\n|clearpoke\n|poke|p1|Okidogi, M|\n|poke|p1|Arcanine-Hisui, F|\n|poke|p1|Zapdos-Galar|\n|poke|p1|Regidrago|\n|poke|p1|Baxcalibur, F|\n|poke|p1|Gliscor, F|\n|poke|p2|Rillaboom, M|\n|poke|p2|Salamence, M|\n|poke|p2|Volcanion|\n|poke|p2|Chien-Pao|\n|poke|p2|Flutter Mane|\n|poke|p2|Ogerpon-Cornerstone, F|\n|teampreview\n|inactive|Battle timer is ON: inactive players will automatically lose when time's up. (requested by impastabot4000)\n|inactive|impastabot4000 has 120 seconds left.\n|\n|t:|1696363788\n|start\n|switch|p1a: Okidogi|Okidogi, M|100\/100\n|switch|p1b: Arcanine|Arcanine-Hisui, F, shiny|100\/100\n|switch|p2a: Rillaboom|Rillaboom, M|100\/100\n|switch|p2b: Flutter Mane|Flutter Mane|100\/100\n|-fieldstart|move: Grassy Terrain|[from] ability: Grassy Surge|[of] p2a: Rillaboom\n|turn|1\n|inactive|impastabot4000 has 120 seconds left.\n|inactive|impastabot4000 has 90 seconds left.\n|\n|t:|1696363861\n|move|p2a: Rillaboom|Fake Out|p1a: Okidogi\n|-damage|p1a: Okidogi|88\/100\n|move|p2b: Flutter Mane|Moonblast|p1a: Okidogi\n|-damage|p1a: Okidogi|9\/100\n|move|p1b: Arcanine|Flare Blitz|p2a: Rillaboom\n|-supereffective|p2a: Rillaboom\n|-damage|p2a: Rillaboom|0 fnt\n|faint|p2a: Rillaboom\n|cant|p1a: Okidogi|flinch\n|\n|-heal|p1a: Okidogi|15\/100|[from] Grassy Terrain\n|-heal|p1a: Okidogi|21\/100|[from] item: Leftovers\n|upkeep\n|inactive|impastabot4000 has 60 seconds left.\n|\n|t:|1696363886\n|switch|p2a: Ogerpon|Ogerpon-Cornerstone, F|100\/100\n|turn|2\n|inactive|impastabot4000 has 60 seconds left.\n|\n|t:|1696363922\n|switch|p1a: Zapdos|Zapdos-Galar, shiny|100\/100\n|move|p2b: Flutter Mane|Moonblast|p1a: Zapdos\n|-supereffective|p1a: Zapdos\n|-damage|p1a: Zapdos|0 fnt\n|faint|p1a: Zapdos\n|move|p2a: Ogerpon|Ivy Cudgel|p1b: Arcanine\n|-supereffective|p1b: Arcanine\n|-damage|p1b: Arcanine|0 fnt\n|faint|p1b: Arcanine\n|\n|upkeep\n|\n|t:|1696363935\n|switch|p1a: Gliscor|Gliscor, F, shiny|100\/100\n|switch|p1b: Baxcalibur|Baxcalibur, F, shiny|100\/100\n|turn|3\n|inactive|impastabot4000 has 60 seconds left.\n|\n|t:|1696363956\n|switch|p2a: Salamence|Salamence, M|100\/100\n|-ability|p2a: Salamence|Intimidate|boost\n|-unboost|p1a: Gliscor|atk|1\n|-unboost|p1b: Baxcalibur|atk|1\n|-terastallize|p1a: Gliscor|Normal\n|move|p2b: Flutter Mane|Moonblast|p1b: Baxcalibur\n|-supereffective|p1b: Baxcalibur\n|-damage|p1b: Baxcalibur|0 fnt\n|faint|p1b: Baxcalibur\n|move|p1a: Gliscor|Swords Dance|p1a: Gliscor\n|-boost|p1a: Gliscor|atk|2\n|\n|-status|p1a: Gliscor|tox|[from] item: Toxic Orb\n|upkeep\n|\n|t:|1696363969\n|switch|p1b: Regidrago|Regidrago, shiny|100\/100\n|turn|4\n|\n|t:|1696363984\n|detailschange|p2a: Salamence|Salamence-Mega, M\n|-mega|p2a: Salamence|Salamence|Salamencite\n|move|p2b: Flutter Mane|Moonblast|p1b: Regidrago\n|-supereffective|p1b: Regidrago\n|-damage|p1b: Regidrago|0 fnt\n|faint|p1b: Regidrago\n|move|p2a: Salamence|Dragon Dance|p2a: Salamence\n|-boost|p2a: Salamence|atk|1\n|-boost|p2a: Salamence|spe|1\n|move|p1a: Gliscor|Earthquake|p2b: Flutter Mane|[spread] p2b\n|-immune|p2a: Salamence\n|-damage|p2b: Flutter Mane|48\/100\n|\n|-heal|p2b: Flutter Mane|54\/100|[from] Grassy Terrain\n|upkeep\n|\n|t:|1696363997\n|switch|p1b: Okidogi|Okidogi, M|21\/100\n|turn|5\n|\n|t:|1696364005\n|move|p2a: Salamence|Dragon Dance|p2a: Salamence\n|-boost|p2a: Salamence|atk|1\n|-boost|p2a: Salamence|spe|1\n|move|p2b: Flutter Mane|Moonblast|p1b: Okidogi\n|-damage|p1b: Okidogi|0 fnt\n|faint|p1b: Okidogi\n|move|p1a: Gliscor|Facade|p2a: Salamence\n|-damage|p2a: Salamence|38\/100\n|\n|-heal|p2b: Flutter Mane|60\/100|[from] Grassy Terrain\n|-fieldend|move: Grassy Terrain\n|upkeep\n|turn|6\n|inactive|impastabot4000 has 120 seconds left.\n|-message|1234www4321 forfeited.\n|\n|win|impastabot4000\n|raw|1234www4321's rating: 1146 &rarr; <strong>1121<\/strong><br \/>(-25 for losing)\n|raw|impastabot4000's rating: 1147 &rarr; <strong>1172<\/strong><br \/>(+25 for winning)\n|l|\u26061234www4321\n","uploadtime":1696364062,"views":10,"p1id":"1234www4321","p2id":"impastabot4000","formatid":"gen9nationaldexdoubles","rating":1121,"private":0,"password":""}