{"id":"gen9nationaldexdoubles-1950895714","p1":"ItzWild_Yt","p2":"Theonlykev","format":"[Gen 9] National Dex Doubles","log":"|j|\u2606ItzWild_Yt\n|j|\u2606Theonlykev\n|t:|1695517036\n|gametype|doubles\n|player|p1|ItzWild_Yt|170|1172\n|player|p2|Theonlykev|ltsurge|1190\n|teamsize|p1|6\n|teamsize|p2|6\n|gen|9\n|tier|[Gen 9] National Dex Doubles\n|rated|\n|rule|HP Percentage Mod: HP is shown in percentages\n|rule|Endless Battle Clause: Forcing endless battles is banned\n|rule|OHKO Clause: OHKO moves are banned\n|rule|Evasion Moves Clause: Evasion moves are banned\n|rule|Evasion Abilities Clause: Evasion abilities are banned\n|rule|Species Clause: Limit one of each Pok\u00e9mon\n|rule|Gravity Sleep Clause: The combination of sleep-inducing moves with imperfect accuracy and Gravity or Gigantamax Orbeetle are banned\n|clearpoke\n|poke|p1|Hippowdon, F|\n|poke|p1|Garganacl, F|\n|poke|p1|Gliscor, M|\n|poke|p1|Gastrodon, F|\n|poke|p1|Toedscool, M|\n|poke|p1|Garchomp, M|\n|poke|p2|Landorus-Therian, M|\n|poke|p2|Tornadus, M|\n|poke|p2|Enamorus-Therian, F|\n|poke|p2|Thundurus, M|\n|poke|p2|Ogerpon-Hearthflame, F|\n|poke|p2|Palafin, M|\n|teampreview\n|\n|t:|1695517047\n|start\n|switch|p1a: Hippowdon|Hippowdon, F|100\/100\n|switch|p1b: Toedscool|Toedscool, M|100\/100\n|switch|p2a: Tornadus|Tornadus, M|100\/100\n|switch|p2b: Palafin|Palafin, M|100\/100\n|-weather|Sandstorm|[from] ability: Sand Stream|[of] p1a: Hippowdon\n|turn|1\n|\n|t:|1695517065\n|move|p2a: Tornadus|Tailwind|p2a: Tornadus\n|-sidestart|p2: Theonlykev|move: Tailwind\n|move|p2b: Palafin|Flip Turn|p1a: Hippowdon\n|-supereffective|p1a: Hippowdon\n|-damage|p1a: Hippowdon|62\/100\n|\n|t:|1695517074\n|detailschange|p2b: Palafin|Palafin-Hero, M\n|switch|p2b: Landorus|Landorus-Therian, M|100\/100|[from] Flip Turn\n|-ability|p2b: Landorus|Intimidate|boost\n|-unboost|p1a: Hippowdon|atk|1\n|-unboost|p1b: Toedscool|atk|1\n|move|p1a: Hippowdon|Rock Slide|p2b: Landorus|[spread] p2a,p2b\n|-supereffective|p2a: Tornadus\n|-damage|p2a: Tornadus|67\/100\n|-damage|p2b: Landorus|91\/100\n|move|p1b: Toedscool|Trick Room|p1b: Toedscool\n|-fieldstart|move: Trick Room|[of] p1b: Toedscool\n|\n|-weather|Sandstorm|[upkeep]\n|-damage|p2a: Tornadus|61\/100|[from] Sandstorm\n|upkeep\n|turn|2\n|\n|t:|1695517098\n|move|p2a: Tornadus|Taunt|p1b: Toedscool\n|-start|p1b: Toedscool|move: Taunt\n|move|p1a: Hippowdon|Rock Slide|p2a: Tornadus|[spread] p2b\n|-miss|p1a: Hippowdon|p2a: Tornadus\n|-damage|p2b: Landorus|82\/100\n|move|p1b: Toedscool|Giga Drain|p2b: Landorus\n|-damage|p2b: Landorus|71\/100\n|move|p2b: Landorus|Earthquake|p1b: Toedscool|[spread] p1a,p1b\n|-immune|p2a: Tornadus\n|-resisted|p1b: Toedscool\n|-damage|p1a: Hippowdon|34\/100\n|-damage|p1b: Toedscool|73\/100\n|\n|-weather|Sandstorm|[upkeep]\n|-damage|p2a: Tornadus|55\/100|[from] Sandstorm\n|upkeep\n|turn|3\n|\n|t:|1695517129\n|move|p1a: Hippowdon|Rock Slide|p2a: Tornadus|[spread] p2a,p2b\n|-supereffective|p2a: Tornadus\n|-damage|p2a: Tornadus|22\/100\n|-damage|p2b: Landorus|61\/100\n|move|p1b: Toedscool|Giga Drain|p2b: Landorus\n|-damage|p2b: Landorus|50\/100\n|-heal|p1b: Toedscool|80\/100|[from] drain|[of] p2b: Landorus\n|cant|p2b: Landorus|flinch\n|move|p2a: Tornadus|Bleakwind Storm|p1a: Hippowdon|[spread] p1b\n|-miss|p2a: Tornadus|p1a: Hippowdon\n|-supereffective|p1b: Toedscool\n|-damage|p1b: Toedscool|25\/100\n|\n|-weather|Sandstorm|[upkeep]\n|-damage|p2a: Tornadus|16\/100|[from] Sandstorm\n|upkeep\n|turn|4\n|\n|t:|1695517154\n|switch|p1a: Garganacl|Garganacl, F|100\/100\n|switch|p1b: Gastrodon|Gastrodon, F|100\/100\n|move|p2a: Tornadus|Protect|p2a: Tornadus\n|-singleturn|p2a: Tornadus|Protect\n|move|p2b: Landorus|Earthquake|p1a: Garganacl|[spread] p1a,p1b\n|-activate|p2a: Tornadus|move: Protect\n|-supereffective|p1a: Garganacl\n|-damage|p1a: Garganacl|41\/100\n|-damage|p1b: Gastrodon|63\/100\n|\n|-weather|Sandstorm|[upkeep]\n|-damage|p2a: Tornadus|10\/100|[from] Sandstorm\n|-heal|p1b: Gastrodon|69\/100|[from] item: Leftovers\n|-sideend|p2: Theonlykev|move: Tailwind\n|upkeep\n|turn|5\n|\n|t:|1695517180\n|move|p2a: Tornadus|Taunt|p1a: Garganacl\n|-start|p1a: Garganacl|move: Taunt\n|move|p1b: Gastrodon|Rock Slide|p2b: Landorus|[spread] p2a,p2b\n|-supereffective|p2a: Tornadus\n|-damage|p2a: Tornadus|0 fnt\n|-damage|p2b: Landorus|36\/100\n|faint|p2a: Tornadus\n|move|p1a: Garganacl|Salt Cure|p2b: Landorus\n|-damage|p2b: Landorus|15\/100\n|-start|p2b: Landorus|Salt Cure\n|-damage|p1a: Garganacl|31\/100|[from] item: Life Orb\n|cant|p2b: Landorus|flinch\n|\n|-weather|Sandstorm|[upkeep]\n|-heal|p1b: Gastrodon|75\/100|[from] item: Leftovers\n|-damage|p2b: Landorus|3\/100|[from] Salt Cure\n|-fieldend|move: Trick Room\n|upkeep\n|\n|t:|1695517202\n|switch|p2a: Enamorus|Enamorus-Therian, F|100\/100\n|turn|6\n|\n|t:|1695517221\n|move|p2b: Landorus|Rock Slide|p1a: Garganacl|[spread] p1a,p1b\n|-resisted|p1b: Gastrodon\n|-damage|p1a: Garganacl|16\/100\n|-damage|p1b: Gastrodon|66\/100\n|move|p2a: Enamorus|Springtide Storm|p1b: Gastrodon|[spread] p1a\n|-miss|p2a: Enamorus|p1b: Gastrodon\n|-damage|p1a: Garganacl|0 fnt\n|faint|p1a: Garganacl\n|move|p1b: Gastrodon|Liquidation|p2a: Enamorus\n|-damage|p2a: Enamorus|80\/100\n|\n|-weather|Sandstorm|[upkeep]\n|-heal|p2a: Enamorus|86\/100|[from] item: Leftovers\n|-heal|p1b: Gastrodon|72\/100|[from] item: Leftovers\n|-damage|p2b: Landorus|0 fnt|[from] Salt Cure\n|faint|p2b: Landorus\n|upkeep\n|\n|t:|1695517241\n|switch|p2b: Palafin|Palafin-Hero, M|100\/100\n|switch|p1a: Toedscool|Toedscool, M|25\/100\n|-activate|p2b: Palafin|ability: Zero to Hero\n|turn|7\n|\n|t:|1695517266\n|move|p2b: Palafin|Jet Punch|p1a: Toedscool\n|-damage|p1a: Toedscool|0 fnt\n|faint|p1a: Toedscool\n|move|p2a: Enamorus|Springtide Storm|p1b: Gastrodon\n|-damage|p1b: Gastrodon|23\/100\n|move|p1b: Gastrodon|Rock Slide|p2b: Palafin|[spread] p2a,p2b\n|-supereffective|p2a: Enamorus\n|-damage|p2a: Enamorus|62\/100\n|-damage|p2b: Palafin|87\/100\n|\n|-weather|Sandstorm|[upkeep]\n|-damage|p2b: Palafin|81\/100|[from] Sandstorm\n|-heal|p2a: Enamorus|68\/100|[from] item: Leftovers\n|-heal|p1b: Gastrodon|29\/100|[from] item: Leftovers\n|upkeep\n|\n|t:|1695517284\n|switch|p1a: Garchomp|Garchomp, M|100\/100\n|turn|8\n|\n|t:|1695517292\n|move|p2b: Palafin|Jet Punch|p1a: Garchomp\n|-damage|p1a: Garchomp|59\/100\n|-damage|p2b: Palafin|68\/100|[from] ability: Rough Skin|[of] p1a: Garchomp\n|move|p1a: Garchomp|Earthquake|p2b: Palafin|[spread] p1b,p2b\n|-immune|p2a: Enamorus\n|-damage|p1b: Gastrodon|0 fnt\n|-damage|p2b: Palafin|29\/100\n|faint|p1b: Gastrodon\n|move|p2a: Enamorus|Springtide Storm|p1a: Garchomp\n|-supereffective|p1a: Garchomp\n|-damage|p1a: Garchomp|0 fnt\n|faint|p1a: Garchomp\n|\n|-weather|none\n|-heal|p2a: Enamorus|75\/100|[from] item: Leftovers\n|upkeep\n|j| qasxcfdcvbjhygtf\n|l| qasxcfdcvbjhygtf\n|\n|t:|1695517308\n|switch|p1a: Gliscor|Gliscor, M|100\/100\n|switch|p1b: Hippowdon|Hippowdon, F|34\/100\n|-weather|Sandstorm|[from] ability: Sand Stream|[of] p1b: Hippowdon\n|turn|9\n|\n|t:|1695517324\n|-terastallize|p1a: Gliscor|Poison\n|move|p2b: Palafin|Jet Punch|p1a: Gliscor\n|-damage|p1a: Gliscor|53\/100\n|move|p1a: Gliscor|Cross Poison|p2a: Enamorus\n|-supereffective|p2a: Enamorus\n|-crit|p2a: Enamorus\n|-damage|p2a: Enamorus|0 fnt\n|faint|p2a: Enamorus\n|move|p1b: Hippowdon|Rock Slide|p2b: Palafin\n|-damage|p2b: Palafin|11\/100\n|\n|-weather|Sandstorm|[upkeep]\n|-damage|p1a: Gliscor|47\/100|[from] Sandstorm\n|-damage|p2b: Palafin|4\/100|[from] Sandstorm\n|upkeep\n|\n|t:|1695517339\n|switch|p2a: Thundurus|Thundurus, M|100\/100\n|turn|10\n|\n|t:|1695517354\n|move|p2a: Thundurus|Thunder Wave|p1a: Gliscor\n|-status|p1a: Gliscor|par\n|move|p2b: Palafin|Jet Punch|p1a: Gliscor\n|-crit|p1a: Gliscor\n|-damage|p1a: Gliscor|0 fnt\n|faint|p1a: Gliscor\n|move|p1b: Hippowdon|Rock Slide|p2b: Palafin|[spread] p2a,p2b\n|-supereffective|p2a: Thundurus\n|-damage|p2a: Thundurus|56\/100\n|-damage|p2b: Palafin|0 fnt\n|faint|p2b: Palafin\n|\n|-weather|Sandstorm|[upkeep]\n|-damage|p2a: Thundurus|50\/100|[from] Sandstorm\n|upkeep\n|\n|t:|1695517369\n|switch|p2b: Ogerpon|Ogerpon-Hearthflame, F|100\/100\n|-ability|p2b: Ogerpon|Mold Breaker\n|turn|11\n|\n|t:|1695517381\n|-terastallize|p2b: Ogerpon|Fire\n|detailschange|p2b: Ogerpon|Ogerpon-Hearthflame-Tera, F, tera:Fire\n|-ability|p2b: Ogerpon|Embody Aspect (Hearthflame)|boost\n|-boost|p2b: Ogerpon|atk|1\n|move|p2b: Ogerpon|Ivy Cudgel|p1b: Hippowdon\n|-crit|p1b: Hippowdon\n|-damage|p1b: Hippowdon|0 fnt\n|faint|p1b: Hippowdon\n|\n|win|Theonlykev\n|raw|ItzWild_Yt's rating: 1172 &rarr; <strong>1148<\/strong><br \/>(-24 for losing)\n|raw|Theonlykev's rating: 1190 &rarr; <strong>1214<\/strong><br \/>(+24 for winning)\n|c|\u2606Theonlykev|Gg\n|l|\u2606ItzWild_Yt\n","uploadtime":1695517395,"views":8,"p1id":"itzwildyt","p2id":"theonlykev","formatid":"gen9nationaldexdoubles","rating":1148,"private":0,"password":""}