{"id":"gen9nationaldexdoubles-1962343996","p1":"impastabot4000","p2":"xiaochou0629","format":"[Gen 9] National Dex Doubles","log":"|j|\u2606impastabot4000\n|j|\u2606xiaochou0629\n|t:|1696733575\n|gametype|doubles\n|player|p1|impastabot4000|nate|1401\n|player|p2|xiaochou0629|1|1323\n|teamsize|p1|6\n|teamsize|p2|6\n|gen|9\n|tier|[Gen 9] National Dex Doubles\n|rated|\n|rule|HP Percentage Mod: HP is shown in percentages\n|rule|Endless Battle Clause: Forcing endless battles is banned\n|rule|OHKO Clause: OHKO moves are banned\n|rule|Evasion Moves Clause: Evasion moves are banned\n|rule|Evasion Abilities Clause: Evasion abilities are banned\n|rule|Species Clause: Limit one of each Pok\u00e9mon\n|rule|Gravity Sleep Clause: The combination of sleep-inducing moves with imperfect accuracy and Gravity or Gigantamax Orbeetle are banned\n|clearpoke\n|poke|p1|Salamence, M|\n|poke|p1|Flutter Mane|\n|poke|p1|Rillaboom, M|\n|poke|p1|Ogerpon-Wellspring, F|\n|poke|p1|Ursaluna-Bloodmoon, M|\n|poke|p1|Cresselia, F|\n|poke|p2|Ogerpon-Hearthflame, F|\n|poke|p2|Rillaboom, F|\n|poke|p2|Tornadus, M|\n|poke|p2|Kommo-o, F|\n|poke|p2|Gardevoir, F|\n|poke|p2|Naganadel|\n|teampreview\n|inactive|Battle timer is ON: inactive players will automatically lose when time's up. (requested by impastabot4000)\n|\n|t:|1696733597\n|start\n|switch|p1a: Flutter Mane|Flutter Mane|100\/100\n|switch|p1b: Salamence|Salamence, M|100\/100\n|switch|p2a: Naganadel|Naganadel|100\/100\n|switch|p2b: Tornadus|Tornadus, M|100\/100\n|-ability|p1b: Salamence|Intimidate|boost\n|-unboost|p2a: Naganadel|atk|1\n|-unboost|p2b: Tornadus|atk|1\n|turn|1\n|\n|t:|1696733624\n|detailschange|p1b: Salamence|Salamence-Mega, M\n|-mega|p1b: Salamence|Salamence|Salamencite\n|move|p2b: Tornadus|Tailwind|p2b: Tornadus\n|-sidestart|p2: xiaochou0629|move: Tailwind\n|move|p2a: Naganadel|Sludge Bomb|p1a: Flutter Mane\n|-damage|p1a: Flutter Mane|44\/100\n|move|p1a: Flutter Mane|Icy Wind|p2a: Naganadel|[spread] p2a,p2b\n|-supereffective|p2a: Naganadel\n|-supereffective|p2b: Tornadus\n|-damage|p2a: Naganadel|35\/100\n|-damage|p2b: Tornadus|38\/100\n|-unboost|p2a: Naganadel|spe|1\n|-unboost|p2b: Tornadus|spe|1\n|move|p1b: Salamence|Tailwind|p1b: Salamence\n|-sidestart|p1: impastabot4000|move: Tailwind\n|\n|upkeep\n|turn|2\n|\n|t:|1696733641\n|move|p1a: Flutter Mane|Icy Wind|p2a: Naganadel|[spread] p2a,p2b\n|-supereffective|p2a: Naganadel\n|-supereffective|p2b: Tornadus\n|-damage|p2a: Naganadel|0 fnt\n|-damage|p2b: Tornadus|0 fnt\n|faint|p2a: Naganadel\n|faint|p2b: Tornadus\n|move|p1b: Salamence|Hyper Voice|p2: Naganadel|[notarget]\n|-fail|p1b: Salamence\n|\n|upkeep\n|\n|t:|1696733654\n|switch|p2b: Kommo-o|Kommo-o, F|100\/100\n|switch|p2a: Gardevoir|Gardevoir, F|100\/100\n|-ability|p2a: Gardevoir|Aerilate|[from] ability: Trace|[of] p1b: Salamence\n|turn|3\n|\n|t:|1696733675\n|detailschange|p2a: Gardevoir|Gardevoir-Mega, F\n|-mega|p2a: Gardevoir|Gardevoir|Gardevoirite\n|move|p1b: Salamence|Protect|p1b: Salamence\n|-singleturn|p1b: Salamence|Protect\n|move|p1a: Flutter Mane|Icy Wind|p2b: Kommo-o|[spread] p2a,p2b\n|-supereffective|p2b: Kommo-o\n|-crit|p2b: Kommo-o\n|-damage|p2a: Gardevoir|78\/100\n|-damage|p2b: Kommo-o|21\/100\n|-unboost|p2a: Gardevoir|spe|1\n|-unboost|p2b: Kommo-o|spe|1\n|move|p2a: Gardevoir|Hyper Voice|p1a: Flutter Mane|[spread] p1a\n|-activate|p1b: Salamence|move: Protect\n|-damage|p1a: Flutter Mane|0 fnt\n|faint|p1a: Flutter Mane\n|-end|p1a: Flutter Mane|Protosynthesis|[silent]\n|-zpower|p2b: Kommo-o\n|move|p2b: Kommo-o|Clangorous Soulblaze|p1b: Salamence|[zeffect]\n|-supereffective|p1b: Salamence\n|-zbroken|p1b: Salamence\n|-damage|p1b: Salamence|59\/100\n|-boost|p2b: Kommo-o|atk|1\n|-boost|p2b: Kommo-o|def|1\n|-boost|p2b: Kommo-o|spa|1\n|-boost|p2b: Kommo-o|spd|1\n|-boost|p2b: Kommo-o|spe|1\n|\n|upkeep\n|inactive|impastabot4000 has 120 seconds left.\n|\n|t:|1696733712\n|switch|p1a: Ursaluna|Ursaluna-Bloodmoon, M|100\/100\n|turn|4\n|inactive|impastabot4000 has 120 seconds left.\n|inactive|xiaochou0629 has 120 seconds left.\n|inactive|impastabot4000 has 90 seconds left.\n|inactive|xiaochou0629 has 90 seconds left.\n|inactive|xiaochou0629 has 60 seconds left.\n|j| wkx3333\n|inactive|xiaochou0629 has 30 seconds left.\n|inactive|xiaochou0629 has 20 seconds left.\n|inactive|xiaochou0629 has 15 seconds left.\n|\n|t:|1696733851\n|move|p1b: Salamence|Hyper Voice|p2a: Gardevoir|[spread] p2a,p2b\n|-supereffective|p2b: Kommo-o\n|-damage|p2a: Gardevoir|44\/100\n|-damage|p2b: Kommo-o|0 fnt\n|faint|p2b: Kommo-o\n|move|p2a: Gardevoir|Hyper Voice|p1a: Ursaluna|[spread] p1a,p1b\n|-crit|p1a: Ursaluna\n|-supereffective|p1b: Salamence\n|-damage|p1a: Ursaluna|31\/100\n|-damage|p1b: Salamence|0 fnt\n|faint|p1b: Salamence\n|-zpower|p1a: Ursaluna\n|move|p1a: Ursaluna|Breakneck Blitz|p2a: Gardevoir|[zeffect]\n|-damage|p2a: Gardevoir|0 fnt\n|faint|p2a: Gardevoir\n|\n|-sideend|p2: xiaochou0629|move: Tailwind\n|-sideend|p1: impastabot4000|move: Tailwind\n|upkeep\n|inactive|impastabot4000 has 90 seconds left.\n|inactive|xiaochou0629 has 30 seconds left.\n|\n|t:|1696733870\n|switch|p1b: Cresselia|Cresselia, F|100\/100\n|switch|p2a: Rillaboom|Rillaboom, F|100\/100\n|switch|p2b: Ogerpon|Ogerpon-Hearthflame, F|100\/100\n|-ability|p2b: Ogerpon|Mold Breaker\n|-fieldstart|move: Grassy Terrain|[from] ability: Grassy Surge|[of] p2a: Rillaboom\n|turn|5\n|inactive|impastabot4000 has 90 seconds left.\n|\n|t:|1696733894\n|switch|p1a: Rillaboom|Rillaboom, M|100\/100\n|move|p2a: Rillaboom|Fake Out|p1b: Cresselia\n|-damage|p1b: Cresselia|92\/100\n|move|p2b: Ogerpon|Swords Dance|p2b: Ogerpon\n|-boost|p2b: Ogerpon|atk|2\n|cant|p1b: Cresselia|flinch\n|\n|upkeep\n|turn|6\n|inactive|xiaochou0629 has 60 seconds left.\n|inactive|impastabot4000 has 90 seconds left.\n|\n|t:|1696733922\n|move|p1a: Rillaboom|Fake Out|p2b: Ogerpon\n|-damage|p2b: Ogerpon|84\/100\n|cant|p2b: Ogerpon|flinch\n|move|p2a: Rillaboom|Knock Off|p1b: Cresselia\n|-supereffective|p1b: Cresselia\n|-damage|p1b: Cresselia|48\/100\n|-enditem|p1b: Cresselia|Safety Goggles|[from] move: Knock Off|[of] p2a: Rillaboom\n|move|p1b: Cresselia|Trick Room|p1b: Cresselia\n|-fieldstart|move: Trick Room|[of] p1b: Cresselia\n|\n|-heal|p2b: Ogerpon|90\/100|[from] Grassy Terrain\n|upkeep\n|turn|7\n|inactive|xiaochou0629 has 60 seconds left.\n|inactive|impastabot4000 has 90 seconds left.\n|\n|t:|1696733952\n|move|p2a: Rillaboom|Grassy Glide|p1b: Cresselia\n|-damage|p1b: Cresselia|25\/100\n|move|p2b: Ogerpon|Grassy Glide|p1b: Cresselia\n|-damage|p1b: Cresselia|0 fnt\n|faint|p1b: Cresselia\n|move|p1a: Rillaboom|U-turn|p2b: Ogerpon\n|-damage|p2b: Ogerpon|60\/100\n|\n|t:|1696733962\n|switch|p1a: Ogerpon|Ogerpon-Wellspring, F|100\/100|[from] U-turn\n|\n|-heal|p2b: Ogerpon|66\/100|[from] Grassy Terrain\n|upkeep\n|\n|t:|1696733967\n|switch|p1b: Rillaboom|Rillaboom, M|100\/100\n|turn|8\n|\n|t:|1696733976\n|move|p1b: Rillaboom|Fake Out|p2b: Ogerpon\n|-damage|p2b: Ogerpon|49\/100\n|move|p2a: Rillaboom|Grassy Glide|p1a: Ogerpon\n|-damage|p1a: Ogerpon|54\/100\n|cant|p2b: Ogerpon|flinch\n|move|p1a: Ogerpon|Ivy Cudgel|p2b: Ogerpon\n|-damage|p2b: Ogerpon|0 fnt\n|faint|p2b: Ogerpon\n|\n|-heal|p1a: Ogerpon|60\/100|[from] Grassy Terrain\n|upkeep\n|turn|9\n|-message|xiaochou0629 forfeited.\n|\n|win|impastabot4000\n|raw|impastabot4000's rating: 1401 &rarr; <strong>1417<\/strong><br \/>(+16 for winning)\n|raw|xiaochou0629's rating: 1323 &rarr; <strong>1307<\/strong><br \/>(-16 for losing)\n|l|\u2606xiaochou0629\n|c|\u2606impastabot4000|gg sir\n","uploadtime":1696733997,"views":10,"p1id":"impastabot4000","p2id":"xiaochou0629","formatid":"gen9nationaldexdoubles","rating":1307,"private":0,"password":""}