{"id":"gen9nationaldexdoubles-1967763004","p1":"xiaoqing three","p2":"dusttrustblueberry","format":"[Gen 9] National Dex Doubles","log":"|j|\u2606xiaoqing three\n|j|\u2606dusttrustblueberry\n|t:|1697335648\n|gametype|doubles\n|player|p1|xiaoqing three|juliana-s|\n|player|p2|dusttrustblueberry|steven-masters2|\n|teamsize|p1|6\n|teamsize|p2|6\n|gen|9\n|tier|[Gen 9] National Dex Doubles\n|rule|HP Percentage Mod: HP is shown in percentages\n|rule|Endless Battle Clause: Forcing endless battles is banned\n|rule|OHKO Clause: OHKO moves are banned\n|rule|Evasion Moves Clause: Evasion moves are banned\n|rule|Evasion Abilities Clause: Evasion abilities are banned\n|rule|Species Clause: Limit one of each Pok\u00e9mon\n|rule|Gravity Sleep Clause: The combination of sleep-inducing moves with imperfect accuracy and Gravity or Gigantamax Orbeetle are banned\n|clearpoke\n|poke|p1|Marshadow|\n|poke|p1|Rillaboom, F|\n|poke|p1|Diancie|\n|poke|p1|Palafin, F|\n|poke|p1|Salamence, F|\n|poke|p1|Heatran, M|\n|poke|p2|Tornadus, M|\n|poke|p2|Regidrago|\n|poke|p2|Rillaboom, F|\n|poke|p2|Heatran, M|\n|poke|p2|Amoonguss, F|\n|poke|p2|Incineroar, M|\n|teampreview\n|inactive|Battle timer is ON: inactive players will automatically lose when time's up. (requested by dusttrustblueberry)\n|c|\u2606dusttrustblueberry|\u5148\u6253\u6211\u7ecf\u5178\u4e2d\u7684\u7ecf\u5178\n|c|\u2606xiaoqing three|\u4e0a\u4e00\u628a\u7684\u90a3\u4e2a\u5bb6\u4f19\u592a\u62bd\u8c61\u4e86\n|c|\u2606dusttrustblueberry|\u6a02\n|inactive|dusttrustblueberry has 270 seconds left.\n|\n|t:|1697335691\n|start\n|switch|p1a: Diancie|Diancie, shiny|100\/100\n|switch|p1b: Palafin|Palafin, F, shiny|100\/100\n|switch|p2a: Rillaboom|Rillaboom, F|100\/100\n|switch|p2b: Regidrago|Regidrago|100\/100\n|-fieldstart|move: Grassy Terrain|[from] ability: Grassy Surge|[of] p2a: Rillaboom\n|turn|1\n|c|\u2606xiaoqing three|\u7535\u809a\u86d9\u52a0\u7535\u706f\u602a\n|\n|t:|1697335713\n|detailschange|p1b: Palafin|Palafin-Hero, F, shiny\n|switch|p1b: Heatran|Heatran, M|100\/100\n|move|p2a: Rillaboom|Fake Out|p1a: Diancie\n|-resisted|p1a: Diancie\n|-damage|p1a: Diancie|93\/100\n|-damage|p2a: Rillaboom|91\/100|[from] item: Life Orb\n|move|p2b: Regidrago|Draco Meteor|p1b: Heatran\n|-resisted|p1b: Heatran\n|-damage|p1b: Heatran|62\/100\n|-unboost|p2b: Regidrago|spa|2\n|cant|p1a: Diancie|flinch\n|\n|-heal|p2a: Rillaboom|97\/100|[from] Grassy Terrain\n|-heal|p1b: Heatran|69\/100|[from] Grassy Terrain\n|-heal|p1a: Diancie|99\/100|[from] Grassy Terrain\n|upkeep\n|turn|2\n|\n|t:|1697335732\n|switch|p2b: Heatran|Heatran, M|100\/100\n|move|p2a: Rillaboom|Grassy Glide|p1a: Diancie\n|-supereffective|p1a: Diancie\n|-damage|p1a: Diancie|17\/100\n|-enditem|p1a: Diancie|Weakness Policy\n|-boost|p1a: Diancie|atk|2|[from] item: Weakness Policy\n|-boost|p1a: Diancie|spa|2|[from] item: Weakness Policy\n|-damage|p2a: Rillaboom|87\/100|[from] item: Life Orb\n|move|p1b: Heatran|Heat Wave|p2a: Rillaboom|[spread] p2a\n|-start|p2b: Heatran|ability: Flash Fire\n|-supereffective|p2a: Rillaboom\n|-damage|p2a: Rillaboom|2\/100\n|move|p1a: Diancie|Trick Room|p1a: Diancie\n|-fieldstart|move: Trick Room|[of] p1a: Diancie\n|\n|-heal|p1a: Diancie|23\/100|[from] Grassy Terrain\n|-heal|p1b: Heatran|75\/100|[from] Grassy Terrain\n|-heal|p2a: Rillaboom|8\/100|[from] Grassy Terrain\n|upkeep\n|turn|3\n|inactive|dusttrustblueberry has 270 seconds left.\n|\n|t:|1697335771\n|switch|p2a: Tornadus|Tornadus, M|100\/100\n|-terastallize|p2b: Heatran|Fire\n|move|p1a: Diancie|Protect|p1a: Diancie\n|-singleturn|p1a: Diancie|Protect\n|move|p1b: Heatran|Tera Blast|p2a: Tornadus\n|-damage|p2a: Tornadus|67\/100\n|move|p2b: Heatran|Earth Power|p1b: Heatran\n|-supereffective|p1b: Heatran\n|-damage|p1b: Heatran|4\/100\n|\n|-heal|p1a: Diancie|29\/100|[from] Grassy Terrain\n|-heal|p1b: Heatran|11\/100|[from] Grassy Terrain\n|upkeep\n|turn|4\n|inactive|dusttrustblueberry has 270 seconds left.\n|\n|t:|1697335798\n|switch|p2a: Amoonguss|Amoonguss, F|100\/100\n|move|p2b: Heatran|Protect|p2b: Heatran\n|-singleturn|p2b: Heatran|Protect\n|move|p1a: Diancie|Diamond Storm|p2a: Amoonguss|[spread] p2a\n|-activate|p2b: Heatran|move: Protect\n|-damage|p2a: Amoonguss|44\/100\n|-enditem|p2a: Amoonguss|Sitrus Berry|[eat]\n|-heal|p2a: Amoonguss|69\/100|[from] item: Sitrus Berry\n|move|p1b: Heatran|Earth Power|p2b: Heatran\n|-activate|p2b: Heatran|move: Protect\n|\n|-heal|p2a: Amoonguss|76\/100|[from] Grassy Terrain\n|-heal|p1a: Diancie|35\/100|[from] Grassy Terrain\n|-heal|p1b: Heatran|17\/100|[from] Grassy Terrain\n|upkeep\n|turn|5\n|inactive|dusttrustblueberry has 270 seconds left.\n|\n|t:|1697335820\n|move|p1a: Diancie|Protect|p1a: Diancie\n|-singleturn|p1a: Diancie|Protect\n|move|p2a: Amoonguss|Spore|p1a: Diancie\n|-activate|p1a: Diancie|move: Protect\n|move|p1b: Heatran|Heat Wave|p2a: Amoonguss|[spread] p2a\n|-immune|p2b: Heatran|[from] ability: Flash Fire\n|-supereffective|p2a: Amoonguss\n|-damage|p2a: Amoonguss|15\/100\n|move|p2b: Heatran|Earth Power|p1b: Heatran\n|-supereffective|p1b: Heatran\n|-damage|p1b: Heatran|0 fnt\n|faint|p1b: Heatran\n|\n|-heal|p2a: Amoonguss|21\/100|[from] Grassy Terrain\n|-heal|p1a: Diancie|42\/100|[from] Grassy Terrain\n|-fieldend|move: Grassy Terrain\n|upkeep\n|\n|t:|1697335830\n|switch|p1b: Palafin|Palafin-Hero, F, shiny|100\/100\n|-activate|p1b: Palafin|ability: Zero to Hero\n|turn|6\n|c|\u2606xiaoqing three|\u6d77\u8c5a\u4fa0\u5f00\u59cb\u5065\u7f8e\uff01\n|\n|t:|1697335853\n|-end|p2b: Heatran|ability: Flash Fire|[silent]\n|switch|p2b: Incineroar|Incineroar, M|100\/100\n|-ability|p2b: Incineroar|Intimidate|boost\n|-fail|p1a: Diancie|unboost|[from] ability: Clear Body|[of] p1a: Diancie\n|-unboost|p1b: Palafin|atk|1\n|move|p2a: Amoonguss|Spore|p1a: Diancie\n|-status|p1a: Diancie|slp|[from] move: Spore\n|cant|p1a: Diancie|slp\n|move|p1b: Palafin|Bulk Up|p1b: Palafin\n|-boost|p1b: Palafin|atk|1\n|-boost|p1b: Palafin|def|1\n|\n|-fieldend|move: Trick Room\n|upkeep\n|turn|7\n|\n|t:|1697335870\n|switch|p2a: Rillaboom|Rillaboom, F|8\/100\n|-fieldstart|move: Grassy Terrain|[from] ability: Grassy Surge|[of] p2a: Rillaboom\n|move|p2b: Incineroar|Fake Out|p1b: Palafin\n|-damage|p1b: Palafin|94\/100\n|cant|p1b: Palafin|flinch\n|cant|p1a: Diancie|slp\n|\n|-heal|p1b: Palafin|99\/100|[from] Grassy Terrain\n|-heal|p2a: Rillaboom|14\/100|[from] Grassy Terrain\n|-heal|p1a: Diancie|48\/100 slp|[from] Grassy Terrain\n|upkeep\n|turn|8\n|\n|t:|1697335879\n|move|p1b: Palafin|Jet Punch|p2a: Rillaboom\n|-resisted|p2a: Rillaboom\n|-damage|p2a: Rillaboom|0 fnt\n|faint|p2a: Rillaboom\n|move|p2b: Incineroar|Parting Shot|p1b: Palafin\n|-unboost|p1b: Palafin|atk|1\n|-unboost|p1b: Palafin|spa|1\n|\n|t:|1697335888\n|switch|p2b: Regidrago|Regidrago|100\/100|[from] Parting Shot\n|-curestatus|p1a: Diancie|slp|[msg]\n|move|p1a: Diancie|Diamond Storm|p2b: Regidrago\n|-crit|p2b: Regidrago\n|-damage|p2b: Regidrago|0 fnt\n|faint|p2b: Regidrago\n|\n|-heal|p1b: Palafin|100\/100|[from] Grassy Terrain\n|-heal|p1a: Diancie|54\/100|[from] Grassy Terrain\n|upkeep\n|c|\u2606dusttrustblueberry|nm\n|c|\u2606xiaoqing three|\u554a\uff1f\n|c|\u2606dusttrustblueberry|\u8fd9\u6837\u7f81\u7eca\n|\n|t:|1697335915\n|switch|p2b: Heatran|Heatran, M, tera:Fire|100\/100\n|switch|p2a: Tornadus|Tornadus, M|67\/100\n|turn|9\n|\n|t:|1697335924\n|move|p2b: Heatran|Protect|p2b: Heatran\n|-singleturn|p2b: Heatran|Protect\n|move|p2a: Tornadus|Tailwind|p2a: Tornadus\n|-sidestart|p2: dusttrustblueberry|move: Tailwind\n|move|p1b: Palafin|Bulk Up|p1b: Palafin\n|-boost|p1b: Palafin|atk|1\n|-boost|p1b: Palafin|def|1\n|move|p1a: Diancie|Diamond Storm|p2b: Heatran|[spread] p2a\n|-activate|p2b: Heatran|move: Protect\n|-supereffective|p2a: Tornadus\n|-damage|p2a: Tornadus|0 fnt\n|faint|p2a: Tornadus\n|\n|-heal|p1a: Diancie|60\/100|[from] Grassy Terrain\n|upkeep\n|\n|t:|1697335940\n|switch|p2a: Amoonguss|Amoonguss, F|54\/100\n|turn|10\n|\n|t:|1697335948\n|move|p2b: Heatran|Heat Wave|p1a: Diancie|[spread] p1a,p1b\n|-resisted|p1a: Diancie\n|-crit|p1a: Diancie\n|-resisted|p1b: Palafin\n|-damage|p1a: Diancie|33\/100\n|-damage|p1b: Palafin|79\/100\n|move|p1b: Palafin|Bulk Up|p1b: Palafin\n|-boost|p1b: Palafin|atk|1\n|-boost|p1b: Palafin|def|1\n|move|p2a: Amoonguss|Spore|p1a: Diancie\n|-status|p1a: Diancie|slp|[from] move: Spore\n|cant|p1a: Diancie|slp\n|\n|-heal|p1b: Palafin|85\/100|[from] Grassy Terrain\n|-heal|p2a: Amoonguss|60\/100|[from] Grassy Terrain\n|-heal|p1a: Diancie|39\/100 slp|[from] Grassy Terrain\n|upkeep\n|turn|11\n|\n|t:|1697335965\n|move|p2b: Heatran|Protect|p2b: Heatran\n|-singleturn|p2b: Heatran|Protect\n|move|p1b: Palafin|Jet Punch|p2b: Heatran\n|-activate|p2b: Heatran|move: Protect\n|move|p2a: Amoonguss|Spore|p1b: Palafin\n|-activate|p1b: Palafin|item: Safety Goggles|Spore\n|cant|p1a: Diancie|slp\n|\n|-heal|p1b: Palafin|92\/100|[from] Grassy Terrain\n|-heal|p2a: Amoonguss|67\/100|[from] Grassy Terrain\n|-heal|p1a: Diancie|46\/100 slp|[from] Grassy Terrain\n|-fieldend|move: Grassy Terrain\n|upkeep\n|turn|12\n|c|\u2606dusttrustblueberry|nm\u4e00\u4e2a\u56de\u5408\n|c|\u2606dusttrustblueberry|\u5c40\u52bf\u5927\u9006\u8f6c\n|\n|t:|1697335987\n|move|p2a: Amoonguss|Rage Powder|p2a: Amoonguss\n|-singleturn|p2a: Amoonguss|move: Rage Powder\n|move|p1b: Palafin|Jet Punch|p2b: Heatran\n|-supereffective|p2b: Heatran\n|-damage|p2b: Heatran|0 fnt\n|faint|p2b: Heatran\n|-curestatus|p1a: Diancie|slp|[msg]\n|move|p1a: Diancie|Diamond Storm|p2a: Amoonguss\n|-damage|p2a: Amoonguss|0 fnt\n|-boost|p1a: Diancie|def|2\n|faint|p2a: Amoonguss\n|\n|-sideend|p2: dusttrustblueberry|move: Tailwind\n|upkeep\n|-message|dusttrustblueberry forfeited.\n|\n|win|xiaoqing three\n|c|\u2606dusttrustblueberry|\u4e0d\u9192\u6211\u591a\u62c9\u683c\u771f\u6740\u7a7f\n|c|\u2606dusttrustblueberry|nm\n","uploadtime":1697336011,"views":12,"p1id":"xiaoqingthree","p2id":"dusttrustblueberry","formatid":"gen9nationaldexdoubles","rating":0,"private":0,"password":""}