{"id":"gen9nationaldexdoubles-1973880674","p1":"TMFLEVI","p2":"slinboy468","format":"[Gen 9] National Dex Doubles","log":"|j|\u2606TMFLEVI\n|j|\u2606slinboy468\n|t:|1698023770\n|gametype|doubles\n|player|p1|TMFLEVI|cynthia|\n|player|p2|slinboy468|170|\n|teamsize|p1|6\n|teamsize|p2|6\n|gen|9\n|tier|[Gen 9] National Dex Doubles\n|rule|HP Percentage Mod: HP is shown in percentages\n|rule|Endless Battle Clause: Forcing endless battles is banned\n|rule|OHKO Clause: OHKO moves are banned\n|rule|Evasion Moves Clause: Evasion moves are banned\n|rule|Evasion Abilities Clause: Evasion abilities are banned\n|rule|Species Clause: Limit one of each Pok\u00e9mon\n|rule|Gravity Sleep Clause: The combination of sleep-inducing moves with imperfect accuracy and Gravity or Gigantamax Orbeetle are banned\n|clearpoke\n|poke|p1|Togekiss, F|\n|poke|p1|Sylveon, M|\n|poke|p1|Grimmsnarl, M|\n|poke|p1|Azumarill, F|\n|poke|p1|Klefki, M|\n|poke|p1|Gardevoir, M|\n|poke|p2|Charizard, M|\n|poke|p2|Iron Hands|\n|poke|p2|Lucario, M|\n|poke|p2|Corviknight, M|\n|poke|p2|Gengar, M|\n|poke|p2|Hydreigon, M|\n|teampreview\n|inactive|Battle timer is ON: inactive players will automatically lose when time's up. (requested by TMFLEVI)\n|\n|t:|1698023798\n|start\n|switch|p1a: Klefki|Klefki, M|100\/100\n|switch|p1b: Grimmsnarl|Grimmsnarl, M|100\/100\n|switch|p2a: Hydreigon|Hydreigon, M, shiny|100\/100\n|switch|p2b: Charizard|Charizard, M, shiny|100\/100\n|turn|1\n|inactive|TMFLEVI has 270 seconds left.\n|\n|t:|1698023830\n|move|p1a: Klefki|Thunder Wave|p2a: Hydreigon\n|-hint|Since gen 7, Dark is immune to Prankster moves.\n|-immune|p2a: Hydreigon\n|move|p1b: Grimmsnarl|Light Screen|p1b: Grimmsnarl\n|-sidestart|p1: TMFLEVI|move: Light Screen\n|move|p2a: Hydreigon|Hyper Beam|p1a: Klefki\n|-resisted|p1a: Klefki\n|-damage|p1a: Klefki|78\/100\n|-mustrecharge|p2a: Hydreigon\n|move|p2b: Charizard|Sunny Day|p2b: Charizard\n|-weather|SunnyDay\n|\n|-weather|SunnyDay|[upkeep]\n|-damage|p2b: Charizard|88\/100|[from] ability: Solar Power|[of] p2b: Charizard\n|-heal|p1a: Klefki|84\/100|[from] item: Leftovers\n|upkeep\n|turn|2\n|inactive|TMFLEVI has 270 seconds left.\n|\n|t:|1698023859\n|move|p1a: Klefki|Spikes|p2a: Hydreigon\n|-sidestart|p2: slinboy468|Spikes\n|move|p1b: Grimmsnarl|Reflect|p1b: Grimmsnarl\n|-sidestart|p1: TMFLEVI|Reflect\n|cant|p2a: Hydreigon|recharge\n|move|p2b: Charizard|Flare Blitz|p1a: Klefki\n|-supereffective|p1a: Klefki\n|-damage|p1a: Klefki|0 fnt\n|faint|p1a: Klefki\n|-damage|p2b: Charizard|59\/100|[from] Recoil\n|-damage|p2b: Charizard|49\/100|[from] item: Life Orb\n|\n|-weather|SunnyDay|[upkeep]\n|-damage|p2b: Charizard|37\/100|[from] ability: Solar Power|[of] p2b: Charizard\n|upkeep\n|inactive|TMFLEVI has 270 seconds left.\n|\n|t:|1698023874\n|switch|p1a: Sylveon|Sylveon, M|100\/100\n|turn|3\n|\n|t:|1698023885\n|move|p2a: Hydreigon|Hyper Beam|p1b: Grimmsnarl\n|-damage|p1b: Grimmsnarl|71\/100\n|-mustrecharge|p2a: Hydreigon\n|move|p2b: Charizard|Aerial Ace|p1b: Grimmsnarl\n|-damage|p1b: Grimmsnarl|44\/100\n|-damage|p2b: Charizard|27\/100|[from] item: Life Orb\n|move|p1a: Sylveon|Hyper Voice|p2b: Charizard|[spread] p2a,p2b\n|-supereffective|p2a: Hydreigon\n|-resisted|p2b: Charizard\n|-damage|p2a: Hydreigon|0 fnt\n|-damage|p2b: Charizard|0 fnt\n|faint|p2a: Hydreigon\n|faint|p2b: Charizard\n|-enditem|p1a: Sylveon|Throat Spray\n|-boost|p1a: Sylveon|spa|1|[from] item: Throat Spray\n|move|p1b: Grimmsnarl|Spirit Break|p2: Hydreigon|[notarget]\n|-fail|p1b: Grimmsnarl\n|\n|-weather|SunnyDay|[upkeep]\n|upkeep\n|inactive|slinboy468 has 270 seconds left.\n|\n|t:|1698023910\n|switch|p2b: Iron Hands|Iron Hands|100\/100\n|switch|p2a: Corviknight|Corviknight, M, shiny|100\/100\n|-ability|p2a: Corviknight|Pressure\n|-damage|p2b: Iron Hands|88\/100|[from] Spikes\n|turn|4\n|\n|t:|1698023929\n|move|p2a: Corviknight|Bulk Up|p2a: Corviknight\n|-boost|p2a: Corviknight|atk|1\n|-boost|p2a: Corviknight|def|1\n|move|p1a: Sylveon|Hyper Voice|p2a: Corviknight|[spread] p2a,p2b\n|-resisted|p2a: Corviknight\n|-supereffective|p2b: Iron Hands\n|-damage|p2a: Corviknight|70\/100\n|-damage|p2b: Iron Hands|0 fnt\n|faint|p2b: Iron Hands\n|-end|p2b: Iron Hands|Quark Drive|[silent]\n|move|p1b: Grimmsnarl|Spirit Break|p2a: Corviknight\n|-resisted|p2a: Corviknight\n|-damage|p2a: Corviknight|61\/100\n|-unboost|p2a: Corviknight|spa|1\n|\n|-weather|SunnyDay|[upkeep]\n|-heal|p2a: Corviknight|67\/100|[from] item: Leftovers\n|upkeep\n|\n|t:|1698023946\n|switch|p2b: Gengar|Gengar, M, shiny|100\/100\n|-damage|p2b: Gengar|88\/100|[from] Spikes\n|turn|5\n|inactive|slinboy468 has 270 seconds left.\n|\n|t:|1698023977\n|move|p1b: Grimmsnarl|Parting Shot|p2a: Corviknight\n|-unboost|p2a: Corviknight|atk|1\n|-unboost|p2a: Corviknight|spa|1\n|\n|t:|1698023983\n|switch|p1b: Azumarill|Azumarill, F|100\/100|[from] Parting Shot\n|move|p2b: Gengar|Hypnosis|p1b: Azumarill|[miss]\n|-miss|p2b: Gengar|p1b: Azumarill\n|move|p2a: Corviknight|Brave Bird|p1a: Sylveon\n|-damage|p1a: Sylveon|58\/100\n|-damage|p2a: Corviknight|53\/100|[from] Recoil\n|move|p1a: Sylveon|Hyper Voice|p2a: Corviknight|[spread] p2a,p2b\n|-resisted|p2a: Corviknight\n|-resisted|p2b: Gengar\n|-damage|p2a: Corviknight|23\/100\n|-damage|p2b: Gengar|34\/100\n|-start|p1a: Sylveon|Disable|Hyper Voice|[from] ability: Cursed Body|[of] p2b: Gengar\n|\n|-weather|none\n|-heal|p2a: Corviknight|29\/100|[from] item: Leftovers\n|upkeep\n|turn|6\n|\n|t:|1698024012\n|move|p2b: Gengar|Hypnosis|p1b: Azumarill|[miss]\n|-miss|p2b: Gengar|p1b: Azumarill\n|move|p2a: Corviknight|Brave Bird|p1a: Sylveon\n|-damage|p1a: Sylveon|13\/100\n|-damage|p2a: Corviknight|14\/100|[from] Recoil\n|move|p1a: Sylveon|Dazzling Gleam|p2b: Gengar|[spread] p2a,p2b\n|-resisted|p2a: Corviknight\n|-resisted|p2b: Gengar\n|-damage|p2a: Corviknight|0 fnt\n|-damage|p2b: Gengar|0 fnt\n|faint|p2a: Corviknight\n|faint|p2b: Gengar\n|move|p1b: Azumarill|Belly Drum|p1b: Azumarill\n|-damage|p1b: Azumarill|50\/100\n|-setboost|p1b: Azumarill|atk|6|[from] move: Belly Drum\n|-enditem|p1b: Azumarill|Sitrus Berry|[eat]\n|-heal|p1b: Azumarill|75\/100|[from] item: Sitrus Berry\n|\n|upkeep\n|inactive|slinboy468 has 270 seconds left.\n|\n|t:|1698024030\n|switch|p2b: Lucario|Lucario, M, shiny|100\/100\n|-damage|p2b: Lucario|88\/100|[from] Spikes\n|turn|7\n|\n|t:|1698024039\n|move|p2b: Lucario|Swords Dance|p2b: Lucario\n|-boost|p2b: Lucario|atk|2\n|move|p1a: Sylveon|Moonblast|p2b: Lucario\n|-damage|p2b: Lucario|0 fnt\n|faint|p2b: Lucario\n|\n|win|TMFLEVI\n|l|\u2606slinboy468\n","uploadtime":1698024053,"views":7,"p1id":"tmflevi","p2id":"slinboy468","formatid":"gen9nationaldexdoubles","rating":0,"private":0,"password":""}