{"id":"gen9nationaldexdoubles-1962032811","p1":"sussyanime","p2":"icybro12","format":"[Gen 9] National Dex Doubles","log":"|j|\u2606sussyanime\n|j|\u2606icybro12\n|t:|1696700515\n|gametype|doubles\n|player|p1|sussyanime|winona|1042\n|player|p2|icybro12|psychic|1182\n|teamsize|p1|6\n|teamsize|p2|6\n|gen|9\n|tier|[Gen 9] National Dex Doubles\n|rated|\n|rule|HP Percentage Mod: HP is shown in percentages\n|rule|Endless Battle Clause: Forcing endless battles is banned\n|rule|OHKO Clause: OHKO moves are banned\n|rule|Evasion Moves Clause: Evasion moves are banned\n|rule|Evasion Abilities Clause: Evasion abilities are banned\n|rule|Species Clause: Limit one of each Pok\u00e9mon\n|rule|Gravity Sleep Clause: The combination of sleep-inducing moves with imperfect accuracy and Gravity or Gigantamax Orbeetle are banned\n|clearpoke\n|poke|p1|Venusaur, F|\n|poke|p1|Stakataka|\n|poke|p1|Mew|\n|poke|p1|Ditto|\n|poke|p1|Conkeldurr, M|\n|poke|p1|Lapras, M|\n|poke|p2|Whimsicott, M|\n|poke|p2|Regigigas|\n|poke|p2|Alcremie, F|\n|poke|p2|Tapu Lele|\n|poke|p2|Meloetta|\n|poke|p2|Pidgeot, F|\n|teampreview\n|\n|t:|1696700522\n|start\n|switch|p1a: Mew|Mew|100\/100\n|switch|p1b: Stakataka|Stakataka|100\/100\n|switch|p2a: Meloetta|Meloetta|100\/100\n|switch|p2b: Whimsicott|Whimsicott, M|100\/100\n|turn|1\n|\n|t:|1696700538\n|move|p1b: Stakataka|Protect|p1b: Stakataka\n|-singleturn|p1b: Stakataka|Protect\n|move|p2b: Whimsicott|Taunt|p1b: Stakataka\n|-activate|p1b: Stakataka|move: Protect\n|-zpower|p2a: Meloetta\n|move|p2a: Meloetta|Z-Celebrate|p2a: Meloetta|[anim]Celebrate\n|-boost|p2a: Meloetta|atk|1|[zeffect]\n|-boost|p2a: Meloetta|def|1|[zeffect]\n|-boost|p2a: Meloetta|spa|1|[zeffect]\n|-boost|p2a: Meloetta|spd|1|[zeffect]\n|-boost|p2a: Meloetta|spe|1|[zeffect]\n|-activate|p2a: Meloetta|move: Celebrate\n|move|p1a: Mew|Cosmic Power|p1a: Mew\n|-boost|p1a: Mew|def|1\n|-boost|p1a: Mew|spd|1\n|\n|upkeep\n|turn|2\n|\n|t:|1696700585\n|move|p2b: Whimsicott|Taunt|p1a: Mew\n|-start|p1a: Mew|move: Taunt\n|move|p2a: Meloetta|Shadow Ball|p1a: Mew\n|-supereffective|p1a: Mew\n|-damage|p1a: Mew|53\/100\n|cant|p1a: Mew|move: Taunt|Psychic Terrain\n|move|p1b: Stakataka|Rock Slide|p2b: Whimsicott|[spread] p2a,p2b\n|-damage|p2a: Meloetta|80\/100\n|-damage|p2b: Whimsicott|81\/100\n|\n|-heal|p2b: Whimsicott|87\/100|[from] item: Leftovers\n|upkeep\n|turn|3\n|\n|t:|1696700613\n|move|p2b: Whimsicott|Taunt|p1b: Stakataka\n|-start|p1b: Stakataka|move: Taunt\n|move|p2a: Meloetta|Hyper Voice|p1b: Stakataka|[spread] p1a,p1b\n|-resisted|p1b: Stakataka\n|-damage|p1a: Mew|22\/100\n|-damage|p1b: Stakataka|90\/100\n|move|p1a: Mew|Electroweb|p2a: Meloetta|[spread] p2a,p2b\n|-resisted|p2b: Whimsicott\n|-damage|p2a: Meloetta|75\/100\n|-damage|p2b: Whimsicott|80\/100\n|-unboost|p2a: Meloetta|spe|1\n|-unboost|p2b: Whimsicott|spe|1\n|move|p1b: Stakataka|Gyro Ball|p2b: Whimsicott\n|-supereffective|p2b: Whimsicott\n|-damage|p2b: Whimsicott|0 fnt\n|faint|p2b: Whimsicott\n|-ability|p1b: Stakataka|Beast Boost|boost\n|-boost|p1b: Stakataka|def|1\n|\n|-heal|p1b: Stakataka|96\/100|[from] item: Leftovers\n|upkeep\n|\n|t:|1696700629\n|switch|p2b: Regigigas|Regigigas|100\/100\n|-start|p2b: Regigigas|ability: Slow Start\n|turn|4\n|\n|t:|1696700648\n|-terastallize|p1a: Mew|Psychic\n|move|p2a: Meloetta|Shadow Ball|p1b: Stakataka\n|-damage|p1b: Stakataka|60\/100\n|move|p1a: Mew|Expanding Force|p2a: Meloetta\n|-resisted|p2a: Meloetta\n|-damage|p2a: Meloetta|66\/100\n|move|p2b: Regigigas|Earthquake|p1a: Mew|[spread] p2a,p1a,p1b\n|-supereffective|p1b: Stakataka\n|-damage|p2a: Meloetta|51\/100\n|-damage|p1a: Mew|12\/100\n|-damage|p1b: Stakataka|34\/100\n|move|p1b: Stakataka|Body Press|p2a: Meloetta\n|-damage|p2a: Meloetta|3\/100\n|\n|-heal|p1b: Stakataka|40\/100|[from] item: Leftovers\n|-end|p1a: Mew|move: Taunt\n|upkeep\n|turn|5\n|\n|t:|1696700674\n|switch|p1a: Ditto|Ditto, shiny|100\/100\n|-transform|p1a: Ditto|p2b: Regigigas|[from] ability: Imposter\n|-start|p1a: Ditto|ability: Slow Start\n|switch|p1b: Lapras|Lapras, M|100\/100\n|move|p2a: Meloetta|Shadow Ball|p1b: Lapras\n|-damage|p1b: Lapras|71\/100\n|-unboost|p1b: Lapras|spd|1\n|move|p2b: Regigigas|Crush Grip|p1a: Ditto\n|-damage|p1a: Ditto|57\/100\n|\n|upkeep\n|turn|6\n|\n|t:|1696700708\n|-end|p2b: Regigigas|Slow Start|[silent]\n|switch|p2b: Alcremie|Alcremie, F|100\/100\n|move|p1a: Ditto|Protect|p1a: Ditto\n|-singleturn|p1a: Ditto|Protect\n|move|p2a: Meloetta|Hyper Voice|p1a: Ditto|[spread] p1b\n|-activate|p1a: Ditto|move: Protect\n|-damage|p1b: Lapras|15\/100\n|-enditem|p1b: Lapras|Aguav Berry|[eat]\n|-heal|p1b: Lapras|48\/100|[from] item: Aguav Berry\n|move|p1b: Lapras|Icy Wind|p2b: Alcremie|[spread] p2a,p2b\n|-damage|p2a: Meloetta|0 fnt\n|-damage|p2b: Alcremie|92\/100\n|-unboost|p2b: Alcremie|spe|1\n|faint|p2a: Meloetta\n|\n|-heal|p2b: Alcremie|98\/100|[from] item: Leftovers\n|upkeep\n|\n|t:|1696700723\n|switch|p2a: Pidgeot|Pidgeot, F|100\/100\n|turn|7\n|\n|t:|1696700752\n|move|p2a: Pidgeot|Protect|p2a: Pidgeot\n|-singleturn|p2a: Pidgeot|Protect\n|move|p1b: Lapras|Protect|p1b: Lapras\n|-singleturn|p1b: Lapras|Protect\n|move|p1a: Ditto|Earthquake|p2a: Pidgeot|[spread] p2b\n|-activate|p1b: Lapras|move: Protect\n|-activate|p2a: Pidgeot|move: Protect\n|-damage|p2b: Alcremie|77\/100\n|move|p2b: Alcremie|Decorate|p2a: Pidgeot\n|-boost|p2a: Pidgeot|atk|2\n|-boost|p2a: Pidgeot|spa|2\n|\n|-heal|p2b: Alcremie|83\/100|[from] item: Leftovers\n|upkeep\n|turn|8\n|\n|t:|1696700794\n|detailschange|p2a: Pidgeot|Pidgeot-Mega, F\n|-mega|p2a: Pidgeot|Pidgeot|Pidgeotite\n|move|p2a: Pidgeot|Heat Wave|p1a: Ditto|[spread] p1a,p1b\n|-damage|p1a: Ditto|5\/100\n|-damage|p1b: Lapras|0 fnt\n|faint|p1b: Lapras\n|move|p1a: Ditto|Crush Grip|p2a: Pidgeot\n|-damage|p2a: Pidgeot|49\/100\n|move|p2b: Alcremie|Decorate|p2a: Pidgeot\n|-boost|p2a: Pidgeot|atk|2\n|-boost|p2a: Pidgeot|spa|2\n|\n|-heal|p2b: Alcremie|89\/100|[from] item: Leftovers\n|upkeep\n|\n|t:|1696700812\n|switch|p1b: Conkeldurr|Conkeldurr, M|100\/100\n|turn|9\n|\n|t:|1696700818\n|move|p2a: Pidgeot|Protect|p2a: Pidgeot\n|-singleturn|p2a: Pidgeot|Protect\n|move|p1a: Ditto|Protect|p1a: Ditto\n|-singleturn|p1a: Ditto|Protect\n|move|p1b: Conkeldurr|Bulk Up|p1b: Conkeldurr\n|-boost|p1b: Conkeldurr|atk|1\n|-boost|p1b: Conkeldurr|def|1\n|move|p2b: Alcremie|Misty Explosion|p1b: Conkeldurr|[spread] p1b\n|-activate|p2a: Pidgeot|move: Protect\n|-activate|p1a: Ditto|move: Protect\n|-supereffective|p1b: Conkeldurr\n|-damage|p1b: Conkeldurr|52\/100\n|faint|p2b: Alcremie\n|\n|-heal|p1b: Conkeldurr|58\/100|[from] item: Leftovers\n|-end|p1a: Ditto|Slow Start\n|upkeep\n|\n|t:|1696700826\n|switch|p2b: Tapu Lele|Tapu Lele|100\/100\n|turn|10\n|\n|t:|1696700840\n|-zpower|p1a: Ditto\n|move|p1a: Ditto|Z-Protect||[anim]Protect|[still]\n|-clearnegativeboost|p1a: Ditto|[zeffect]\n|-fail|p1a: Ditto\n|move|p2b: Tapu Lele|Ally Switch|p2b: Tapu Lele\n|swap|p2b: Tapu Lele|0|[from] move: Ally Switch\n|move|p2b: Pidgeot|Heat Wave|p1a: Ditto|[spread] p1a,p1b\n|-damage|p1a: Ditto|0 fnt\n|-damage|p1b: Conkeldurr|0 fnt\n|faint|p1a: Ditto\n|-end|p1a: Ditto|Slow Start|[silent]\n|faint|p1b: Conkeldurr\n|\n|upkeep\n|\n|t:|1696700853\n|switch|p1a: Stakataka|Stakataka|40\/100\n|switch|p1b: Venusaur|Venusaur, F|100\/100\n|turn|11\n|\n|t:|1696700863\n|detailschange|p1b: Venusaur|Venusaur-Mega, F\n|-mega|p1b: Venusaur|Venusaur|Venusaurite\n|move|p2b: Pidgeot|Heat Wave|p1a: Stakataka|[spread] p1a,p1b\n|-supereffective|p1b: Venusaur\n|-damage|p1a: Stakataka|0 fnt\n|-damage|p1b: Venusaur|39\/100\n|faint|p1a: Stakataka\n|move|p1b: Venusaur|Sleep Powder|p2b: Pidgeot\n|-status|p2b: Pidgeot|slp|[from] move: Sleep Powder\n|move|p2a: Tapu Lele|Dazzling Gleam|p1b: Venusaur\n|-resisted|p1b: Venusaur\n|-damage|p1b: Venusaur|23\/100\n|\n|upkeep\n|\n|t:|1696700875\n|switch|p1a: Mew|Mew, tera:Psychic|12\/100\n|turn|12\n|\n|t:|1696700911\n|cant|p2b: Pidgeot|slp\n|move|p1a: Mew|Electroweb|p2b: Pidgeot|[spread] p2a,p2b\n|-supereffective|p2b: Pidgeot\n|-crit|p2b: Pidgeot\n|-damage|p2a: Tapu Lele|94\/100\n|-damage|p2b: Pidgeot|10\/100 slp\n|-unboost|p2a: Tapu Lele|spe|1\n|-unboost|p2b: Pidgeot|spe|1\n|move|p1b: Venusaur|Giga Drain|p2a: Tapu Lele\n|-damage|p2a: Tapu Lele|74\/100\n|-heal|p1b: Venusaur|34\/100|[from] drain|[of] p2a: Tapu Lele\n|move|p2a: Tapu Lele|Dazzling Gleam|p1b: Venusaur|[spread] p1a,p1b\n|-resisted|p1b: Venusaur\n|-damage|p1a: Mew|0 fnt\n|-damage|p1b: Venusaur|22\/100\n|faint|p1a: Mew\n|\n|-heal|p2a: Tapu Lele|80\/100|[from] item: Leftovers\n|upkeep\n|turn|13\n|\n|t:|1696700934\n|move|p1b: Venusaur|Sleep Powder|p2a: Tapu Lele|[miss]\n|-miss|p1b: Venusaur|p2a: Tapu Lele\n|cant|p2b: Pidgeot|slp\n|move|p2a: Tapu Lele|Dazzling Gleam|p1b: Venusaur\n|-resisted|p1b: Venusaur\n|-damage|p1b: Venusaur|7\/100\n|\n|-heal|p2a: Tapu Lele|86\/100|[from] item: Leftovers\n|upkeep\n|turn|14\n|\n|t:|1696700948\n|move|p1b: Venusaur|Sleep Powder|p2a: Tapu Lele\n|-status|p2a: Tapu Lele|slp|[from] move: Sleep Powder\n|cant|p2b: Pidgeot|slp\n|cant|p2a: Tapu Lele|slp\n|\n|-heal|p2a: Tapu Lele|92\/100 slp|[from] item: Leftovers\n|upkeep\n|turn|15\n|\n|t:|1696700968\n|move|p1b: Venusaur|Swords Dance|p1b: Venusaur\n|-boost|p1b: Venusaur|atk|2\n|-curestatus|p2b: Pidgeot|slp|[msg]\n|move|p2b: Pidgeot|Hurricane|p1b: Venusaur\n|-supereffective|p1b: Venusaur\n|-damage|p1b: Venusaur|0 fnt\n|faint|p1b: Venusaur\n|\n|win|icybro12\n|raw|sussyanime's rating: 1042 &rarr; <strong>1032<\/strong><br \/>(-10 for losing)\n|raw|icybro12's rating: 1182 &rarr; <strong>1197<\/strong><br \/>(+15 for winning)\n|l|\u2606sussyanime\n","uploadtime":1696700976,"views":7,"p1id":"sussyanime","p2id":"icybro12","formatid":"gen9nationaldexdoubles","rating":1032,"private":0,"password":""}