{"id":"gen9nationaldexdoubles-1976235108","p1":"dexois","p2":"El Ryuk456","format":"[Gen 9] National Dex Doubles","log":"|j|\u2606dexois\n|j|\u2606El Ryuk456\n|t:|1698276820\n|gametype|doubles\n|player|p1|dexois|unknown|1178\n|player|p2|El Ryuk456|ingo|1380\n|teamsize|p1|6\n|teamsize|p2|6\n|gen|9\n|tier|[Gen 9] National Dex Doubles\n|rated|\n|rule|HP Percentage Mod: HP is shown in percentages\n|rule|Endless Battle Clause: Forcing endless battles is banned\n|rule|OHKO Clause: OHKO moves are banned\n|rule|Evasion Moves Clause: Evasion moves are banned\n|rule|Evasion Abilities Clause: Evasion abilities are banned\n|rule|Species Clause: Limit one of each Pok\u00e9mon\n|rule|Gravity Sleep Clause: The combination of sleep-inducing moves with imperfect accuracy and Gravity or Gigantamax Orbeetle are banned\n|clearpoke\n|poke|p1|Ribombee, M|\n|poke|p1|Kommo-o, M|\n|poke|p1|Oricorio-Sensu, M|\n|poke|p1|Volcarona, F|\n|poke|p1|Lilligant, F|\n|poke|p1|Iron Hands|\n|poke|p2|Landorus-Therian, M|\n|poke|p2|Chien-Pao|\n|poke|p2|Armarouge, M|\n|poke|p2|Blastoise, M|\n|poke|p2|Braviary, M|\n|poke|p2|Arboliva, F|\n|teampreview\n|\n|t:|1698276849\n|start\n|switch|p1a: Ribombee|Ribombee, M|100\/100\n|switch|p1b: Iron Hands|Iron Hands|100\/100\n|switch|p2a: Wildfire|Armarouge, M|100\/100\n|switch|p2b: Bastion|Blastoise, M|100\/100\n|turn|1\n|inactive|Battle timer is ON: inactive players will automatically lose when time's up. (requested by El Ryuk456)\n|\n|t:|1698276866\n|move|p2b: Bastion|Protect|p2b: Bastion\n|-singleturn|p2b: Bastion|Protect\n|move|p1b: Iron Hands|Fake Out|p2a: Wildfire\n|-damage|p2a: Wildfire|85\/100\n|move|p1a: Ribombee|Sticky Web|p2a: Wildfire\n|-sidestart|p2: El Ryuk456|move: Sticky Web\n|move|p2a: Wildfire|Heat Wave|p1b: Iron Hands|[spread] p1a,p1b\n|-supereffective|p1a: Ribombee\n|-enditem|p1a: Ribombee|Focus Sash\n|-damage|p1a: Ribombee|1\/100\n|-damage|p1b: Iron Hands|81\/100\n|\n|upkeep\n|turn|2\n|\n|t:|1698276886\n|switch|p2b: Landorus|Landorus-Therian, M|100\/100\n|-ability|p2b: Landorus|Intimidate|boost\n|-unboost|p1a: Ribombee|atk|1\n|-unboost|p1b: Iron Hands|atk|1\n|move|p1a: Ribombee|Stun Spore|p2b: Landorus|[miss]\n|-miss|p1a: Ribombee|p2b: Landorus\n|move|p2a: Wildfire|Heat Wave|p1a: Ribombee|[spread] p1a,p1b\n|-supereffective|p1a: Ribombee\n|-damage|p1a: Ribombee|0 fnt\n|-damage|p1b: Iron Hands|60\/100\n|faint|p1a: Ribombee\n|move|p1b: Iron Hands|Volt Switch|p2b: Landorus\n|-immune|p2b: Landorus\n|\n|upkeep\n|\n|t:|1698276899\n|switch|p1a: Kommo-o|Kommo-o, M|100\/100\n|turn|3\n|\n|t:|1698276910\n|-terastallize|p1a: Kommo-o|Fairy\n|move|p2a: Wildfire|Wide Guard|p2a: Wildfire\n|-singleturn|p2a: Wildfire|Wide Guard\n|move|p2b: Landorus|U-turn|p1b: Iron Hands\n|-resisted|p1b: Iron Hands\n|-damage|p1b: Iron Hands|51\/100\n|\n|t:|1698276919\n|switch|p2b: Olivia|Arboliva, F|100\/100|[from] U-turn\n|-activate|p2b: Olivia|move: Sticky Web\n|-unboost|p2b: Olivia|spe|1\n|move|p1a: Kommo-o|Clanging Scales|p2a: Wildfire|[spread] \n|-activate|p2a: Wildfire|move: Wide Guard\n|-activate|p2b: Olivia|move: Wide Guard\n|move|p1b: Iron Hands|Volt Switch|p2a: Wildfire\n|-damage|p2a: Wildfire|73\/100\n|\n|t:|1698276932\n|-end|p1b: Iron Hands|Quark Drive|[silent]\n|switch|p1b: Oricorio|Oricorio-Sensu, M|100\/100|[from] Volt Switch\n|\n|upkeep\n|turn|4\n|\n|t:|1698276956\n|move|p1b: Oricorio|Protect|p1b: Oricorio\n|-singleturn|p1b: Oricorio|Protect\n|move|p1a: Kommo-o|Clangorous Soul|p1a: Kommo-o\n|-boost|p1a: Kommo-o|atk|1\n|-boost|p1a: Kommo-o|def|1\n|-boost|p1a: Kommo-o|spa|1\n|-boost|p1a: Kommo-o|spd|1\n|-boost|p1a: Kommo-o|spe|1\n|-damage|p1a: Kommo-o|68\/100\n|-activate|p1b: Oricorio|ability: Dancer\n|move|p1b: Oricorio|Clangorous Soul|p1b: Oricorio|[from]ability: Dancer\n|-boost|p1b: Oricorio|atk|1\n|-boost|p1b: Oricorio|def|1\n|-boost|p1b: Oricorio|spa|1\n|-boost|p1b: Oricorio|spd|1\n|-boost|p1b: Oricorio|spe|1\n|-damage|p1b: Oricorio|68\/100\n|move|p2b: Olivia|Strength Sap|p1a: Kommo-o\n|-unboost|p1a: Kommo-o|atk|1\n|move|p2a: Wildfire|Trick Room|p2a: Wildfire\n|-fieldstart|move: Trick Room|[of] p2a: Wildfire\n|\n|-heal|p1b: Oricorio|74\/100|[from] item: Leftovers\n|upkeep\n|turn|5\n|inactive|El Ryuk456 has 120 seconds left.\n|\n|t:|1698277004\n|move|p2b: Olivia|Hyper Voice|p1b: Oricorio|[spread] p1a\n|-immune|p1b: Oricorio\n|-damage|p1a: Kommo-o|44\/100\n|move|p2a: Wildfire|Heat Wave|p1a: Kommo-o|[spread] p1a\n|-miss|p2a: Wildfire|p1b: Oricorio\n|-damage|p1a: Kommo-o|19\/100\n|move|p1a: Kommo-o|Clanging Scales|p2b: Olivia|[spread] p2a,p2b\n|-damage|p2a: Wildfire|12\/100\n|-damage|p2b: Olivia|45\/100\n|-fieldstart|move: Grassy Terrain|[from] ability: Seed Sower|[of] p2b: Olivia\n|-unboost|p1a: Kommo-o|def|1\n|move|p1b: Oricorio|Revelation Dance|p2a: Wildfire\n|-supereffective|p2a: Wildfire\n|-damage|p2a: Wildfire|0 fnt\n|faint|p2a: Wildfire\n|\n|-heal|p2b: Olivia|51\/100|[from] Grassy Terrain\n|-heal|p2b: Olivia|57\/100|[from] item: Leftovers\n|-heal|p1a: Kommo-o|26\/100|[from] Grassy Terrain\n|-heal|p1b: Oricorio|80\/100|[from] item: Leftovers\n|upkeep\n|\n|t:|1698277019\n|switch|p2a: Bastion|Blastoise, M|100\/100\n|-activate|p2a: Bastion|move: Sticky Web\n|-unboost|p2a: Bastion|spe|1\n|turn|6\n|inactive|El Ryuk456 has 120 seconds left.\n|\n|t:|1698277040\n|detailschange|p2a: Bastion|Blastoise-Mega, M\n|-mega|p2a: Bastion|Blastoise|Blastoisinite\n|move|p2b: Olivia|Giga Drain|p1b: Oricorio\n|-resisted|p1b: Oricorio\n|-damage|p1b: Oricorio|59\/100\n|-heal|p2b: Olivia|68\/100|[from] drain|[of] p1b: Oricorio\n|move|p2a: Bastion|Water Spout|p1a: Kommo-o|[spread] p1a,p1b\n|-damage|p1a: Kommo-o|0 fnt\n|-damage|p1b: Oricorio|1\/100\n|faint|p1a: Kommo-o\n|move|p1b: Oricorio|Revelation Dance|p2b: Olivia\n|-immune|p2b: Olivia\n|\n|-heal|p2b: Olivia|74\/100|[from] Grassy Terrain\n|-heal|p2b: Olivia|80\/100|[from] item: Leftovers\n|-heal|p1b: Oricorio|7\/100|[from] item: Leftovers\n|upkeep\n|inactive|dexois has 120 seconds left.\n|\n|t:|1698277058\n|switch|p1a: Iron Hands|Iron Hands|51\/100\n|turn|7\n|\n|t:|1698277065\n|move|p2a: Bastion|Protect|p2a: Bastion\n|-singleturn|p2a: Bastion|Protect\n|move|p1b: Oricorio|Protect|p1b: Oricorio\n|-singleturn|p1b: Oricorio|Protect\n|move|p1a: Iron Hands|Fake Out|p2a: Bastion\n|-activate|p2a: Bastion|move: Protect\n|move|p2b: Olivia|Giga Drain|p1b: Oricorio\n|-activate|p1b: Oricorio|move: Protect\n|\n|-heal|p2b: Olivia|86\/100|[from] Grassy Terrain\n|-heal|p2b: Olivia|92\/100|[from] item: Leftovers\n|-heal|p1a: Iron Hands|57\/100|[from] Grassy Terrain\n|-heal|p1b: Oricorio|13\/100|[from] item: Leftovers\n|upkeep\n|turn|8\n|\n|t:|1698277081\n|move|p1b: Oricorio|Protect|p1b: Oricorio\n|-singleturn|p1b: Oricorio|Protect\n|move|p2b: Olivia|Earth Power|p1a: Iron Hands\n|-supereffective|p1a: Iron Hands\n|-damage|p1a: Iron Hands|20\/100\n|move|p1a: Iron Hands|Thunder Punch|p2a: Bastion\n|-supereffective|p2a: Bastion\n|-damage|p2a: Bastion|20\/100\n|move|p2a: Bastion|Water Spout|p1b: Oricorio|[spread] p1a\n|-activate|p1b: Oricorio|move: Protect\n|-damage|p1a: Iron Hands|13\/100\n|\n|-heal|p2b: Olivia|99\/100|[from] Grassy Terrain\n|-heal|p2b: Olivia|100\/100|[from] item: Leftovers\n|-heal|p1a: Iron Hands|19\/100|[from] Grassy Terrain\n|-heal|p2a: Bastion|26\/100|[from] Grassy Terrain\n|-heal|p1b: Oricorio|20\/100|[from] item: Leftovers\n|-fieldend|move: Trick Room\n|upkeep\n|turn|9\n|\n|t:|1698277106\n|move|p1b: Oricorio|Roost|p1b: Oricorio\n|-heal|p1b: Oricorio|70\/100\n|-singleturn|p1b: Oricorio|move: Roost\n|move|p2a: Bastion|Aura Sphere|p1a: Iron Hands\n|-damage|p1a: Iron Hands|0 fnt\n|faint|p1a: Iron Hands\n|-end|p1a: Iron Hands|Quark Drive|[silent]\n|move|p2b: Olivia|Giga Drain|p1b: Oricorio\n|-damage|p1b: Oricorio|30\/100\n|\n|-heal|p1b: Oricorio|36\/100|[from] Grassy Terrain\n|-heal|p1b: Oricorio|42\/100|[from] item: Leftovers\n|-heal|p2a: Bastion|33\/100|[from] Grassy Terrain\n|-fieldend|move: Grassy Terrain\n|upkeep\n|inactive|dexois has 120 seconds left.\n|\n|t:|1698277121\n|switch|p1a: Volcarona|Volcarona, F|100\/100\n|turn|10\n|\n|t:|1698277129\n|-terastallize|p2b: Olivia|Normal\n|move|p1b: Oricorio|Protect|p1b: Oricorio\n|-singleturn|p1b: Oricorio|Protect\n|move|p1a: Volcarona|Quiver Dance|p1a: Volcarona\n|-boost|p1a: Volcarona|spa|1\n|-boost|p1a: Volcarona|spd|1\n|-boost|p1a: Volcarona|spe|1\n|-activate|p1b: Oricorio|ability: Dancer\n|move|p1b: Oricorio|Quiver Dance|p1b: Oricorio|[from]ability: Dancer\n|-boost|p1b: Oricorio|spa|1\n|-boost|p1b: Oricorio|spd|1\n|-boost|p1b: Oricorio|spe|1\n|move|p2a: Bastion|Shell Smash|p2a: Bastion\n|-unboost|p2a: Bastion|def|1\n|-unboost|p2a: Bastion|spd|1\n|-boost|p2a: Bastion|atk|2\n|-boost|p2a: Bastion|spa|2\n|-boost|p2a: Bastion|spe|2\n|move|p2b: Olivia|Hyper Voice|p1a: Volcarona|[spread] p1a\n|-activate|p1b: Oricorio|move: Protect\n|-damage|p1a: Volcarona|77\/100\n|\n|-heal|p1b: Oricorio|48\/100|[from] item: Leftovers\n|upkeep\n|turn|11\n|inactive|dexois has 120 seconds left.\n|\n|t:|1698277164\n|switch|p2b: Landorus|Landorus-Therian, M|100\/100\n|-ability|p2b: Landorus|Intimidate|boost\n|-unboost|p1a: Volcarona|atk|1\n|-unboost|p1b: Oricorio|atk|1\n|move|p2a: Bastion|Protect|p2a: Bastion\n|-singleturn|p2a: Bastion|Protect\n|move|p1b: Oricorio|Revelation Dance|p2a: Bastion\n|-activate|p2a: Bastion|move: Protect\n|move|p1a: Volcarona|Bug Buzz|p2b: Landorus\n|-resisted|p2b: Landorus\n|-damage|p2b: Landorus|65\/100\n|\n|-heal|p1b: Oricorio|54\/100|[from] item: Leftovers\n|upkeep\n|turn|12\n|\n|t:|1698277178\n|move|p1b: Oricorio|Protect|p1b: Oricorio\n|-singleturn|p1b: Oricorio|Protect\n|move|p1a: Volcarona|Quiver Dance|p1a: Volcarona\n|-boost|p1a: Volcarona|spa|1\n|-boost|p1a: Volcarona|spd|1\n|-boost|p1a: Volcarona|spe|1\n|-activate|p1b: Oricorio|ability: Dancer\n|move|p1b: Oricorio|Quiver Dance|p1b: Oricorio|[from]ability: Dancer\n|-boost|p1b: Oricorio|spa|1\n|-boost|p1b: Oricorio|spd|1\n|-boost|p1b: Oricorio|spe|1\n|move|p2b: Landorus|Rock Slide|p1b: Oricorio|[spread] p1a\n|-activate|p1b: Oricorio|move: Protect\n|-supereffective|p1a: Volcarona\n|-damage|p1a: Volcarona|0 fnt\n|faint|p1a: Volcarona\n|move|p2a: Bastion|Water Spout|p1b: Oricorio\n|-activate|p1b: Oricorio|move: Protect\n|\n|-heal|p1b: Oricorio|61\/100|[from] item: Leftovers\n|upkeep\n|\n|t:|1698277197\n|switch|p1a: Lilligant|Lilligant, F|100\/100\n|turn|13\n|\n|t:|1698277212\n|move|p1b: Oricorio|Revelation Dance|p2b: Landorus\n|-damage|p2b: Landorus|0 fnt\n|faint|p2b: Landorus\n|move|p2a: Bastion|Shell Smash|p2a: Bastion\n|-unboost|p2a: Bastion|def|1\n|-unboost|p2a: Bastion|spd|1\n|-boost|p2a: Bastion|atk|2\n|-boost|p2a: Bastion|spa|2\n|-boost|p2a: Bastion|spe|2\n|move|p1a: Lilligant|Giga Drain|p2a: Bastion\n|-supereffective|p2a: Bastion\n|-damage|p2a: Bastion|0 fnt\n|faint|p2a: Bastion\n|-damage|p1a: Lilligant|91\/100|[from] item: Life Orb\n|\n|-heal|p1b: Oricorio|67\/100|[from] item: Leftovers\n|upkeep\n|\n|t:|1698277221\n|switch|p2b: Chien-Pao|Chien-Pao|100\/100\n|switch|p2a: D.K|Braviary, M|100\/100\n|-activate|p2b: Chien-Pao|move: Sticky Web\n|-unboost|p2b: Chien-Pao|spe|1\n|-ability|p2b: Chien-Pao|Sword of Ruin\n|turn|14\n|\n|t:|1698277242\n|move|p1b: Oricorio|Protect|p1b: Oricorio\n|-singleturn|p1b: Oricorio|Protect\n|move|p2b: Chien-Pao|Sucker Punch||[still]\n|-fail|p2b: Chien-Pao\n|move|p1a: Lilligant|Quiver Dance|p1a: Lilligant\n|-boost|p1a: Lilligant|spa|1\n|-boost|p1a: Lilligant|spd|1\n|-boost|p1a: Lilligant|spe|1\n|-activate|p1b: Oricorio|ability: Dancer\n|move|p1b: Oricorio|Quiver Dance|p1b: Oricorio|[from]ability: Dancer\n|-boost|p1b: Oricorio|spa|1\n|-boost|p1b: Oricorio|spd|1\n|-boost|p1b: Oricorio|spe|1\n|-zpower|p2a: D.K\n|move|p2a: D.K|Supersonic Skystrike|p1a: Lilligant|[zeffect]\n|-supereffective|p1a: Lilligant\n|-damage|p1a: Lilligant|0 fnt\n|faint|p1a: Lilligant\n|\n|-heal|p1b: Oricorio|73\/100|[from] item: Leftovers\n|upkeep\n|turn|15\n|\n|t:|1698277267\n|move|p2b: Chien-Pao|Sucker Punch|p1b: Oricorio\n|-supereffective|p1b: Oricorio\n|-damage|p1b: Oricorio|0 fnt\n|faint|p1b: Oricorio\n|\n|win|El Ryuk456\n|raw|dexois's rating: 1178 &rarr; <strong>1166<\/strong><br \/>(-12 for losing)\n|raw|El Ryuk456's rating: 1380 &rarr; <strong>1390<\/strong><br \/>(+10 for winning)\n|l|\u2606dexois\n","uploadtime":1698277273,"views":14,"p1id":"dexois","p2id":"elryuk456","formatid":"gen9nationaldexdoubles","rating":1166,"private":0,"password":""}