{"id":"gen9nationaldexdoubles-1955981732","p1":"magicgril","p2":"BackW1thM1lk","format":"[Gen 9] National Dex Doubles","log":"|j|\u2606magicgril\n|j|\u2606BackW1thM1lk\n|t:|1696052102\n|gametype|doubles\n|player|p1|magicgril|iono|1309\n|player|p2|BackW1thM1lk|ghetsis|1395\n|teamsize|p1|6\n|teamsize|p2|6\n|gen|9\n|tier|[Gen 9] National Dex Doubles\n|rated|\n|rule|HP Percentage Mod: HP is shown in percentages\n|rule|Endless Battle Clause: Forcing endless battles is banned\n|rule|OHKO Clause: OHKO moves are banned\n|rule|Evasion Moves Clause: Evasion moves are banned\n|rule|Evasion Abilities Clause: Evasion abilities are banned\n|rule|Species Clause: Limit one of each Pok\u00e9mon\n|rule|Gravity Sleep Clause: The combination of sleep-inducing moves with imperfect accuracy and Gravity or Gigantamax Orbeetle are banned\n|clearpoke\n|poke|p1|Tapu Lele|\n|poke|p1|Deoxys-Attack|\n|poke|p1|Alakazam, M|\n|poke|p1|Flutter Mane|\n|poke|p1|Ogerpon-Hearthflame, F|\n|poke|p1|Chien-Pao|\n|poke|p2|Armarouge, F|\n|poke|p2|Tapu Lele|\n|poke|p2|Greninja-*, M|\n|poke|p2|Ninetales-Alola, F|\n|poke|p2|Sinistcha-Masterpiece|\n|poke|p2|Kommo-o, F|\n|teampreview\n|inactive|Battle timer is ON: inactive players will automatically lose when time's up. (requested by magicgril)\n|\n|t:|1696052118\n|start\n|switch|p1a: Alakazam|Alakazam, M|100\/100\n|switch|p1b: Flutter Mane|Flutter Mane|100\/100\n|switch|p2a: Greninja|Greninja, M|100\/100\n|switch|p2b: Kommo-o|Kommo-o, F|100\/100\n|turn|1\n|\n|t:|1696052139\n|move|p1b: Flutter Mane|Moonblast|p2a: Greninja\n|-supereffective|p2a: Greninja\n|-enditem|p2a: Greninja|Focus Sash\n|-damage|p2a: Greninja|1\/100\n|move|p2a: Greninja|Mat Block|p2a: Greninja\n|-start|p2a: Greninja|typechange|Fighting|[from] ability: Protean\n|-singleturn|p2a: Greninja|Mat Block\n|move|p1a: Alakazam|Dazzling Gleam|p2a: Greninja|[spread] \n|-activate|p2a: Greninja|move: Mat Block|Dazzling Gleam\n|-activate|p2b: Kommo-o|move: Mat Block|Dazzling Gleam\n|-zpower|p2b: Kommo-o\n|move|p2b: Kommo-o|Clangorous Soulblaze|p1a: Alakazam|[zeffect]|[spread] p1a\n|-immune|p1b: Flutter Mane\n|-damage|p1a: Alakazam|14\/100\n|-boost|p2b: Kommo-o|atk|1\n|-boost|p2b: Kommo-o|def|1\n|-boost|p2b: Kommo-o|spa|1\n|-boost|p2b: Kommo-o|spd|1\n|-boost|p2b: Kommo-o|spe|1\n|\n|upkeep\n|turn|2\n|inactive|BackW1thM1lk has 120 seconds left.\n|\n|t:|1696052174\n|move|p2b: Kommo-o|Flash Cannon|p1b: Flutter Mane\n|-supereffective|p1b: Flutter Mane\n|-damage|p1b: Flutter Mane|30\/100\n|move|p1b: Flutter Mane|Moonblast|p2b: Kommo-o\n|-supereffective|p2b: Kommo-o\n|-damage|p2b: Kommo-o|0 fnt\n|faint|p2b: Kommo-o\n|move|p2a: Greninja|Dark Pulse|p1a: Alakazam\n|-supereffective|p1a: Alakazam\n|-damage|p1a: Alakazam|0 fnt\n|faint|p1a: Alakazam\n|\n|upkeep\n|\n|t:|1696052187\n|switch|p1a: Ogerpon|Ogerpon-Hearthflame, F|100\/100\n|switch|p2b: Ninetales|Ninetales-Alola, F, shiny|100\/100\n|-ability|p1a: Ogerpon|Mold Breaker\n|-weather|Snow|[from] ability: Snow Warning|[of] p2b: Ninetales\n|turn|3\n|\n|t:|1696052199\n|move|p1b: Flutter Mane|Moonblast|p2a: Greninja\n|-supereffective|p2a: Greninja\n|-damage|p2a: Greninja|0 fnt\n|faint|p2a: Greninja\n|move|p1a: Ogerpon|Ivy Cudgel|p2b: Ninetales\n|-supereffective|p2b: Ninetales\n|-damage|p2b: Ninetales|9\/100\n|move|p2b: Ninetales|Aurora Veil|p2b: Ninetales\n|-sidestart|p2: BackW1thM1lk|move: Aurora Veil\n|\n|-weather|Snow|[upkeep]\n|upkeep\n|\n|t:|1696052216\n|switch|p2a: Tapu Lele|Tapu Lele, shiny|100\/100\n|-fieldstart|move: Psychic Terrain|[from] ability: Psychic Surge|[of] p2a: Tapu Lele\n|turn|4\n|\n|t:|1696052234\n|move|p1b: Flutter Mane|Moonblast|p2a: Tapu Lele\n|-damage|p2a: Tapu Lele|73\/100\n|move|p1a: Ogerpon|Ivy Cudgel|p2a: Tapu Lele\n|-damage|p2a: Tapu Lele|28\/100\n|move|p2b: Ninetales|Blizzard|p1b: Flutter Mane|[spread] p1a,p1b\n|-damage|p1a: Ogerpon|71\/100\n|-damage|p1b: Flutter Mane|6\/100\n|move|p2a: Tapu Lele|Shadow Ball|p1b: Flutter Mane\n|-supereffective|p1b: Flutter Mane\n|-damage|p1b: Flutter Mane|0 fnt\n|faint|p1b: Flutter Mane\n|-end|p1b: Flutter Mane|Protosynthesis|[silent]\n|\n|-weather|Snow|[upkeep]\n|upkeep\n|\n|t:|1696052251\n|switch|p1b: Chien-Pao|Chien-Pao|100\/100\n|-ability|p1b: Chien-Pao|Sword of Ruin\n|turn|5\n|\n|t:|1696052262\n|move|p1b: Chien-Pao|Ice Spinner|p2a: Tapu Lele\n|-damage|p2a: Tapu Lele|0 fnt\n|-fieldend|move: Psychic Terrain\n|faint|p2a: Tapu Lele\n|move|p1a: Ogerpon|Horn Leech|p2b: Ninetales\n|-damage|p2b: Ninetales|0 fnt\n|-heal|p1a: Ogerpon|76\/100|[from] drain|[of] p2b: Ninetales\n|faint|p2b: Ninetales\n|\n|-weather|Snow|[upkeep]\n|upkeep\n|\n|t:|1696052273\n|switch|p2b: Sinistcha|Sinistcha-Masterpiece, shiny|100\/100\n|switch|p2a: Armarouge|Armarouge, F, shiny|100\/100\n|turn|6\n|\n|t:|1696052299\n|move|p1b: Chien-Pao|Swords Dance|p1b: Chien-Pao\n|-boost|p1b: Chien-Pao|atk|2\n|move|p1a: Ogerpon|Ivy Cudgel|p2b: Sinistcha\n|-supereffective|p2b: Sinistcha\n|-damage|p2b: Sinistcha|5\/100\n|move|p2a: Armarouge|Armor Cannon|p1b: Chien-Pao\n|-supereffective|p1b: Chien-Pao\n|-enditem|p1b: Chien-Pao|Focus Sash\n|-damage|p1b: Chien-Pao|1\/100\n|-unboost|p2a: Armarouge|def|1\n|-unboost|p2a: Armarouge|spd|1\n|move|p2b: Sinistcha|Shadow Ball|p1a: Ogerpon\n|-damage|p1a: Ogerpon|36\/100\n|\n|-weather|Snow|[upkeep]\n|upkeep\n|turn|7\n|inactive|BackW1thM1lk has 120 seconds left.\n|\n|t:|1696052331\n|move|p1b: Chien-Pao|Throat Chop|p2a: Armarouge\n|-supereffective|p2a: Armarouge\n|-enditem|p2a: Armarouge|Focus Sash\n|-damage|p2a: Armarouge|1\/100\n|-start|p2a: Armarouge|Throat Chop|[silent]\n|-ability|p2a: Armarouge|Weak Armor|boost\n|-unboost|p2a: Armarouge|def|1\n|-boost|p2a: Armarouge|spe|2\n|move|p2a: Armarouge|Clear Smog|p1b: Chien-Pao\n|-damage|p1b: Chien-Pao|0 fnt\n|-clearboost|p1b: Chien-Pao\n|faint|p1b: Chien-Pao\n|move|p1a: Ogerpon|Ivy Cudgel|p2b: Sinistcha\n|-supereffective|p2b: Sinistcha\n|-damage|p2b: Sinistcha|0 fnt\n|faint|p2b: Sinistcha\n|\n|-weather|none\n|upkeep\n|\n|t:|1696052341\n|switch|p1b: Deoxys|Deoxys-Attack|100\/100\n|-ability|p1b: Deoxys|Pressure\n|turn|8\n|\n|t:|1696052360\n|-terastallize|p2a: Armarouge|Grass\n|move|p2a: Armarouge|Armor Cannon|p1b: Deoxys\n|-enditem|p1b: Deoxys|Focus Sash\n|-damage|p1b: Deoxys|1\/100\n|-unboost|p2a: Armarouge|def|1\n|-unboost|p2a: Armarouge|spd|1\n|move|p1b: Deoxys|Psycho Boost|p2a: Armarouge\n|-damage|p2a: Armarouge|0 fnt\n|-unboost|p1b: Deoxys|spa|2\n|faint|p2a: Armarouge\n|\n|win|magicgril\n|raw|magicgril's rating: 1309 &rarr; <strong>1334<\/strong><br \/>(+25 for winning)\n|raw|BackW1thM1lk's rating: 1395 &rarr; <strong>1370<\/strong><br \/>(-25 for losing)\n","uploadtime":1696052377,"views":10,"p1id":"magicgril","p2id":"backw1thm1lk","formatid":"gen9nationaldexdoubles","rating":1334,"private":0,"password":""}