{"id":"gen9nationaldexdoubles-1962082001","p1":"Kin+ak (\u2727\u2207\u2727)","p2":"Kindyy","format":"[Gen 9] National Dex Doubles","log":"|j|\u2606Kin+ak (\u2727\u2207\u2727)\n|j|\u2606Kindyy\n|t:|1696705364\n|gametype|doubles\n|player|p1|Kin+ak (\u2727\u2207\u2727)|wally|\n|player|p2|Kindyy|lillie-masters|\n|teamsize|p1|6\n|teamsize|p2|6\n|gen|9\n|tier|[Gen 9] National Dex Doubles\n|rated|Tournament battle\n|rule|HP Percentage Mod: HP is shown in percentages\n|rule|Endless Battle Clause: Forcing endless battles is banned\n|rule|OHKO Clause: OHKO moves are banned\n|rule|Evasion Moves Clause: Evasion moves are banned\n|rule|Evasion Abilities Clause: Evasion abilities are banned\n|rule|Species Clause: Limit one of each Pok\u00e9mon\n|rule|Gravity Sleep Clause: The combination of sleep-inducing moves with imperfect accuracy and Gravity or Gigantamax Orbeetle are banned\n|clearpoke\n|poke|p1|Charizard, M|\n|poke|p1|Chi-Yu|\n|poke|p1|Flutter Mane|\n|poke|p1|Ogerpon-Hearthflame, F|\n|poke|p1|Rillaboom, F|\n|poke|p1|Walking Wake|\n|poke|p2|Cresselia, F|\n|poke|p2|Glastrier|\n|poke|p2|Camerupt, F|\n|poke|p2|Indeedee-F, F|\n|poke|p2|Ursaluna, M|\n|poke|p2|Porygon2|\n|teampreview\n|j| Turtlek\n|c|\u2606Kindyy|Gl\n|j| Nosaka_0\n|l| Nosaka_0\n|c|\u2606Kin+ak (\u2727\u2207\u2727)|Gl\n|c|\u2606Kin+ak (\u2727\u2207\u2727)|Hf\n|\n|t:|1696705392\n|start\n|switch|p1a: Chi-Yu|Chi-Yu|100\/100\n|switch|p1b: Charizard|Charizard, M|100\/100\n|switch|p2a: Porygon2|Porygon2, shiny|100\/100\n|switch|p2b: Camerupt|Camerupt, F, shiny|100\/100\n|-ability|p1a: Chi-Yu|Beads of Ruin\n|-ability|p2a: Porygon2|Blaze|[from] ability: Trace|[of] p1b: Charizard\n|turn|1\n|\n|t:|1696705424\n|detailschange|p1b: Charizard|Charizard-Mega-Y, M\n|-mega|p1b: Charizard|Charizard|Charizardite Y\n|-weather|SunnyDay|[from] ability: Drought|[of] p1b: Charizard\n|detailschange|p2b: Camerupt|Camerupt-Mega, F, shiny\n|-mega|p2b: Camerupt|Camerupt|Cameruptite\n|move|p2b: Camerupt|Protect|p2b: Camerupt\n|-singleturn|p2b: Camerupt|Protect\n|move|p1a: Chi-Yu|Overheat|p2a: Porygon2\n|-damage|p2a: Porygon2|6\/100\n|-unboost|p1a: Chi-Yu|spa|2\n|move|p1b: Charizard|Heat Wave|p2b: Camerupt|[spread] p2a\n|-activate|p2b: Camerupt|move: Protect\n|-damage|p2a: Porygon2|0 fnt\n|faint|p2a: Porygon2\n|\n|-weather|SunnyDay|[upkeep]\n|upkeep\n|\n|t:|1696705470\n|switch|p2a: Cresselia|Cresselia, F, shiny|100\/100\n|turn|2\n|\n|t:|1696705484\n|switch|p1a: Rillaboom|Rillaboom, F|100\/100\n|-fieldstart|move: Grassy Terrain|[from] ability: Grassy Surge|[of] p1a: Rillaboom\n|switch|p1b: Flutter Mane|Flutter Mane|100\/100\n|-activate|p1b: Flutter Mane|ability: Protosynthesis\n|-start|p1b: Flutter Mane|protosynthesisspe\n|move|p2b: Camerupt|Heat Wave|p1a: Rillaboom|[spread] p1a,p1b\n|-supereffective|p1a: Rillaboom\n|-crit|p1b: Flutter Mane\n|-damage|p1a: Rillaboom|0 fnt\n|-damage|p1b: Flutter Mane|0 fnt\n|faint|p1a: Rillaboom\n|faint|p1b: Flutter Mane\n|-end|p1b: Flutter Mane|Protosynthesis|[silent]\n|move|p2a: Cresselia|Trick Room|p2a: Cresselia\n|-fieldstart|move: Trick Room|[of] p2a: Cresselia\n|\n|-weather|SunnyDay|[upkeep]\n|upkeep\n|\n|t:|1696705494\n|switch|p1a: Chi-Yu|Chi-Yu|100\/100\n|switch|p1b: Charizard|Charizard-Mega-Y, M|100\/100\n|-ability|p1a: Chi-Yu|Beads of Ruin\n|turn|3\n|c|\u2606Kin+ak (\u2727\u2207\u2727)|Rah mes teams.sont bokou trop fortes\n|c|\u2606Kin+ak (\u2727\u2207\u2727)|Faut doser\n|\n|t:|1696705518\n|move|p2a: Cresselia|Ally Switch|p2a: Cresselia\n|swap|p2a: Cresselia|1|[from] move: Ally Switch\n|move|p2a: Camerupt|Earth Power|p1a: Chi-Yu\n|-supereffective|p1a: Chi-Yu\n|-damage|p1a: Chi-Yu|0 fnt\n|faint|p1a: Chi-Yu\n|move|p1b: Charizard|Heat Wave|p2a: Camerupt|[spread] p2a,p2b\n|-resisted|p2a: Camerupt\n|-damage|p2a: Camerupt|69\/100\n|-damage|p2b: Cresselia|71\/100\n|\n|-weather|SunnyDay|[upkeep]\n|-heal|p2a: Camerupt|75\/100|[from] Grassy Terrain\n|upkeep\n|\n|t:|1696705533\n|switch|p1a: Ogerpon|Ogerpon-Hearthflame, F|100\/100\n|-ability|p1a: Ogerpon|Mold Breaker\n|turn|4\n|\n|t:|1696705548\n|move|p2a: Camerupt|Heat Wave|p1a: Ogerpon|[spread] p1b\n|-miss|p2a: Camerupt|p1a: Ogerpon\n|-resisted|p1b: Charizard\n|-damage|p1b: Charizard|55\/100\n|move|p2b: Cresselia|Ice Beam|p1b: Charizard\n|-damage|p1b: Charizard|38\/100\n|move|p1b: Charizard|Heat Wave|p2a: Camerupt|[spread] p2a,p2b\n|-resisted|p2a: Camerupt\n|-damage|p2a: Camerupt|44\/100\n|-damage|p2b: Cresselia|41\/100\n|move|p1a: Ogerpon|Stomping Tantrum|p2a: Camerupt\n|-supereffective|p2a: Camerupt\n|-damage|p2a: Camerupt|0 fnt\n|faint|p2a: Camerupt\n|\n|-weather|SunnyDay|[upkeep]\n|upkeep\n|\n|t:|1696705566\n|switch|p2a: Glastrier|Glastrier|100\/100\n|turn|5\n|\n|t:|1696705604\n|move|p2a: Glastrier|Icicle Crash|p1a: Ogerpon\n|-damage|p1a: Ogerpon|35\/100\n|move|p2b: Cresselia|Ice Beam|p1b: Charizard\n|-damage|p1b: Charizard|23\/100\n|move|p1b: Charizard|Solar Beam||[still]\n|-prepare|p1b: Charizard|Solar Beam\n|-anim|p1b: Charizard|Solar Beam|p2b: Cresselia\n|-damage|p2b: Cresselia|19\/100\n|move|p1a: Ogerpon|Ivy Cudgel|p2a: Glastrier\n|-supereffective|p2a: Glastrier\n|-damage|p2a: Glastrier|0 fnt\n|faint|p2a: Glastrier\n|\n|-weather|none\n|-heal|p1a: Ogerpon|41\/100|[from] Grassy Terrain\n|upkeep\n|j|@Giga\u32dbCHANDELURE-\u2602\n|\n|t:|1696705624\n|switch|p2a: Ursaluna|Ursaluna, M, shiny|100\/100\n|turn|6\n|\n|t:|1696705652\n|switch|p1a: Walking Wake|Walking Wake|100\/100\n|move|p1b: Charizard|Protect|p1b: Charizard\n|-singleturn|p1b: Charizard|Protect\n|move|p2b: Cresselia|Ally Switch|p2b: Cresselia\n|swap|p2b: Cresselia|0|[from] move: Ally Switch\n|move|p2b: Ursaluna|Facade|p1b: Charizard\n|-activate|p1b: Charizard|move: Protect\n|\n|-fieldend|move: Trick Room\n|-fieldend|move: Grassy Terrain\n|-status|p2b: Ursaluna|brn|[from] item: Flame Orb\n|upkeep\n|turn|7\n|\n|t:|1696705676\n|move|p2b: Ursaluna|Protect|p2b: Ursaluna\n|-singleturn|p2b: Ursaluna|Protect\n|move|p1a: Walking Wake|Hydro Steam|p2b: Ursaluna\n|-activate|p2b: Ursaluna|move: Protect\n|move|p1b: Charizard|Heat Wave|p2b: Ursaluna|[spread] \n|-activate|p2b: Ursaluna|move: Protect\n|-miss|p1b: Charizard|p2a: Cresselia\n|move|p2a: Cresselia|Trick Room|p2a: Cresselia\n|-fieldstart|move: Trick Room|[of] p2a: Cresselia\n|\n|-damage|p2b: Ursaluna|94\/100 brn|[from] brn\n|upkeep\n|turn|8\n|c|\u2606Kin+ak (\u2727\u2207\u2727)|LE HAXX\n|c|\u2606Kindyy|Sorry\n|c|\u2606Kin+ak (\u2727\u2207\u2727)|Allez gg\n|\n|t:|1696705712\n|move|p2b: Ursaluna|Facade|p1a: Walking Wake\n|-damage|p1a: Walking Wake|0 fnt\n|faint|p1a: Walking Wake\n|-end|p1a: Walking Wake|Protosynthesis|[silent]\n|move|p2a: Cresselia|Lunar Blessing|p2a: Cresselia|[spread] p2a,p2b\n|-heal|p2a: Cresselia|44\/100\n|-heal|p2b: Ursaluna|100\/100 brn\n|-curestatus|p2b: Ursaluna|brn|[msg]\n|move|p1b: Charizard|Heat Wave|p2b: Ursaluna|[spread] p2a,p2b\n|-damage|p2a: Cresselia|23\/100\n|-damage|p2b: Ursaluna|65\/100\n|\n|-status|p2b: Ursaluna|brn|[from] item: Flame Orb\n|upkeep\n|c| Turtlek|C\u2019est le destin\n|c|\u2606Kin+ak (\u2727\u2207\u2727)|Pokemon c'est tout inclus\n|\n|t:|1696705721\n|switch|p1a: Ogerpon|Ogerpon-Hearthflame, F|41\/100\n|-ability|p1a: Ogerpon|Mold Breaker\n|turn|9\n|\n|t:|1696705739\n|move|p2b: Ursaluna|Facade|p1a: Ogerpon\n|-damage|p1a: Ogerpon|0 fnt\n|faint|p1a: Ogerpon\n|move|p2a: Cresselia|Lunar Blessing|p2a: Cresselia|[spread] p2a,p2b\n|-heal|p2a: Cresselia|48\/100\n|-heal|p2b: Ursaluna|90\/100 brn\n|-curestatus|p2b: Ursaluna|brn|[msg]\n|move|p1b: Charizard|Air Slash|p2b: Ursaluna\n|-damage|p2b: Ursaluna|48\/100\n|\n|-status|p2b: Ursaluna|brn|[from] item: Flame Orb\n|upkeep\n|turn|10\n|c|\u2606Kin+ak (\u2727\u2207\u2727)|Allez\n|\n|t:|1696705755\n|move|p1b: Charizard|Protect|p1b: Charizard\n|-singleturn|p1b: Charizard|Protect\n|move|p2b: Ursaluna|Facade|p1b: Charizard\n|-activate|p1b: Charizard|move: Protect\n|move|p2a: Cresselia|Lunar Blessing|p2a: Cresselia|[spread] p2a,p2b\n|-heal|p2a: Cresselia|73\/100\n|-heal|p2b: Ursaluna|73\/100 brn\n|-curestatus|p2b: Ursaluna|brn|[msg]\n|\n|-status|p2b: Ursaluna|brn|[from] item: Flame Orb\n|upkeep\n|turn|11\n|c|\u2606Kin+ak (\u2727\u2207\u2727)|TR> SUN\n|\n|t:|1696705765\n|move|p1b: Charizard|Protect||[still]\n|-fail|p1b: Charizard\n|move|p2b: Ursaluna|Facade|p1b: Charizard\n|-damage|p1b: Charizard|0 fnt\n|faint|p1b: Charizard\n|\n|win|Kindyy\n|n|\u2606Kin+ak (\u2727\u2207\u2727)|kinak\n|n|\u2606Kindyy|kindyy\n|n| Turtlek|turtlek\n|n| Giga\u32dbCHANDELURE-\u2602|gigachandelure\n","uploadtime":1696705770,"views":8,"p1id":"kinak","p2id":"kindyy","formatid":"gen9nationaldexdoubles","rating":0,"private":0,"password":""}