{"id":"gen9nationaldexdoubles-1995240898","p1":"Brick_Enjoyer_144","p2":"whenthetheyouknow","format":"[Gen 9] National Dex Doubles","log":"|j|\u2606Brick_Enjoyer_144\n|j|\u2606whenthetheyouknow\n|t:|1700538846\n|gametype|doubles\n|player|p1|Brick_Enjoyer_144|shauntal|\n|player|p2|whenthetheyouknow|nanu|\n|teamsize|p1|6\n|teamsize|p2|6\n|gen|9\n|tier|[Gen 9] National Dex Doubles\n|rule|HP Percentage Mod: HP is shown in percentages\n|rule|Endless Battle Clause: Forcing endless battles is banned\n|rule|OHKO Clause: OHKO moves are banned\n|rule|Evasion Moves Clause: Evasion moves are banned\n|rule|Evasion Abilities Clause: Evasion abilities are banned\n|rule|Species Clause: Limit one of each Pok\u00e9mon\n|rule|Gravity Sleep Clause: The combination of sleep-inducing moves with imperfect accuracy and Gravity or Gigantamax Orbeetle are banned\n|clearpoke\n|poke|p1|Smeargle, M|\n|poke|p1|Kartana|\n|poke|p1|Roaring Moon|\n|poke|p1|Minior-Violet|\n|poke|p1|Mawile, M|\n|poke|p1|Zapdos|\n|poke|p2|Xurkitree|\n|poke|p2|Sceptile, F|\n|poke|p2|Tapu Koko|\n|poke|p2|Zygarde|\n|poke|p2|Basculegion, M|\n|poke|p2|Sneasler, F|\n|teampreview\n|inactive|Battle timer is ON: inactive players will automatically lose when time's up. (requested by Brick_Enjoyer_144)\n|inactive|whenthetheyouknow has 270 seconds left.\n|\n|t:|1700538892\n|start\n|switch|p1a: Smeargle|Smeargle, M, shiny|100\/100\n|switch|p1b: Minior|Minior-Violet, shiny|100\/100\n|switch|p2a: Sneasler|Sneasler, F|100\/100\n|switch|p2b: Tapu Koko|Tapu Koko|100\/100\n|-fieldstart|move: Electric Terrain|[from] ability: Electric Surge|[of] p2b: Tapu Koko\n|-enditem|p2a: Sneasler|Electric Seed\n|-boost|p2a: Sneasler|def|1|[from] item: Electric Seed\n|-formechange|p1b: Minior|Minior-Meteor||[from] ability: Shields Down\n|turn|1\n|\n|t:|1700538909\n|move|p1a: Smeargle|Fake Out|p2a: Sneasler\n|-damage|p2a: Sneasler|95\/100\n|cant|p2a: Sneasler|flinch\n|move|p2b: Tapu Koko|U-turn|p1a: Smeargle\n|-damage|p1a: Smeargle|58\/100\n|\n|t:|1700538916\n|switch|p2b: Zygarde|Zygarde|100\/100|[from] U-turn\n|-ability|p2b: Zygarde|Aura Break\n|move|p1b: Minior|Shell Smash|p1b: Minior\n|-unboost|p1b: Minior|def|1\n|-unboost|p1b: Minior|spd|1\n|-boost|p1b: Minior|atk|2\n|-boost|p1b: Minior|spa|2\n|-boost|p1b: Minior|spe|2\n|\n|-heal|p1a: Smeargle|64\/100|[from] item: Leftovers\n|upkeep\n|turn|2\n|inactive|whenthetheyouknow has 270 seconds left.\n|inactive|whenthetheyouknow has 240 seconds left.\n|\n|t:|1700538987\n|move|p2a: Sneasler|Dire Claw|p1b: Minior\n|-resisted|p1b: Minior\n|-damage|p1b: Minior|56\/100\n|move|p1b: Minior|Acrobatics|p2a: Sneasler\n|-supereffective|p2a: Sneasler\n|-damage|p2a: Sneasler|7\/100\n|move|p1a: Smeargle|Stealth Rock|p2a: Sneasler\n|-sidestart|p2: whenthetheyouknow|move: Stealth Rock\n|move|p2b: Zygarde|Thousand Arrows|p1a: Smeargle|[spread] p1a,p1b\n|-damage|p1a: Smeargle|0 fnt\n|-damage|p1b: Minior|0 fnt\n|faint|p1a: Smeargle\n|faint|p1b: Minior\n|\n|upkeep\n|inactive|Brick_Enjoyer_144 has 270 seconds left.\n|\n|t:|1700539008\n|switch|p1b: Mawile|Mawile, M, shiny|100\/100\n|switch|p1a: Roaring Moon|Roaring Moon, shiny|100\/100\n|-enditem|p1a: Roaring Moon|Booster Energy\n|-activate|p1a: Roaring Moon|ability: Protosynthesis|[fromitem]\n|-start|p1a: Roaring Moon|protosynthesisatk\n|turn|3\n|\n|t:|1700539030\n|detailschange|p1b: Mawile|Mawile-Mega, M, shiny\n|-mega|p1b: Mawile|Mawile|Mawilite\n|-terastallize|p2b: Zygarde|Steel\n|move|p2a: Sneasler|Swords Dance|p2a: Sneasler\n|-boost|p2a: Sneasler|atk|2\n|move|p1a: Roaring Moon|Acrobatics|p2a: Sneasler\n|-supereffective|p2a: Sneasler\n|-damage|p2a: Sneasler|0 fnt\n|faint|p2a: Sneasler\n|move|p2b: Zygarde|Thousand Arrows|p1a: Roaring Moon|[spread] p1a,p1b\n|-supereffective|p1b: Mawile\n|-damage|p1a: Roaring Moon|59\/100\n|-damage|p1b: Mawile|18\/100\n|move|p1b: Mawile|Ice Punch|p2b: Zygarde\n|-resisted|p2b: Zygarde\n|-damage|p2b: Zygarde|85\/100\n|\n|-heal|p2b: Zygarde|91\/100|[from] item: Leftovers\n|upkeep\n|inactive|whenthetheyouknow has 240 seconds left.\n|inactive|whenthetheyouknow has 210 seconds left.\n|\n|t:|1700539078\n|switch|p2a: Basculegion|Basculegion, M|100\/100\n|-damage|p2a: Basculegion|88\/100|[from] Stealth Rock\n|turn|4\n|inactive|Brick_Enjoyer_144 has 270 seconds left.\n|\n|t:|1700539113\n|move|p2a: Basculegion|Aqua Jet|p1b: Mawile\n|-damage|p1b: Mawile|0 fnt\n|faint|p1b: Mawile\n|move|p1a: Roaring Moon|Knock Off|p2b: Zygarde\n|-damage|p2b: Zygarde|45\/100\n|-enditem|p2b: Zygarde|Leftovers|[from] move: Knock Off|[of] p1a: Roaring Moon\n|move|p2b: Zygarde|Thousand Arrows|p1a: Roaring Moon\n|-damage|p1a: Roaring Moon|8\/100\n|\n|upkeep\n|inactive|Brick_Enjoyer_144 has 270 seconds left.\n|\n|t:|1700539126\n|switch|p1b: Kartana|Kartana, shiny|100\/100\n|turn|5\n|inactive|whenthetheyouknow has 240 seconds left.\n|\n|t:|1700539147\n|switch|p2a: Tapu Koko|Tapu Koko|100\/100\n|-damage|p2a: Tapu Koko|88\/100|[from] Stealth Rock\n|move|p1a: Roaring Moon|Knock Off|p2a: Tapu Koko\n|-resisted|p2a: Tapu Koko\n|-damage|p2a: Tapu Koko|52\/100\n|-enditem|p2a: Tapu Koko|Light Clay|[from] move: Knock Off|[of] p1a: Roaring Moon\n|move|p1b: Kartana|Leaf Blade|p2a: Tapu Koko\n|-damage|p2a: Tapu Koko|0 fnt\n|faint|p2a: Tapu Koko\n|-ability|p1b: Kartana|Beast Boost|boost\n|-boost|p1b: Kartana|atk|1\n|move|p2b: Zygarde|Glare|p1b: Kartana\n|-status|p1b: Kartana|par\n|\n|-fieldend|move: Electric Terrain\n|upkeep\n|\n|t:|1700539173\n|switch|p2a: Basculegion|Basculegion, M|88\/100\n|-damage|p2a: Basculegion|76\/100|[from] Stealth Rock\n|turn|6\n|inactive|whenthetheyouknow has 210 seconds left.\n|\n|t:|1700539204\n|move|p2a: Basculegion|Flip Turn|p1a: Roaring Moon\n|-resisted|p1a: Roaring Moon\n|-damage|p1a: Roaring Moon|0 fnt\n|faint|p1a: Roaring Moon\n|-end|p1a: Roaring Moon|Protosynthesis|[silent]\n|inactive|whenthetheyouknow has 210 seconds left.\n|\n|t:|1700539212\n|switch|p2a: Sceptile|Sceptile, F|100\/100|[from] Flip Turn\n|-damage|p2a: Sceptile|88\/100|[from] Stealth Rock\n|move|p2b: Zygarde|Thousand Arrows|p1b: Kartana\n|-damage|p1b: Kartana|57\/100 par\n|cant|p1b: Kartana|par\n|\n|upkeep\n|\n|t:|1700539223\n|switch|p1a: Zapdos|Zapdos, shiny|100\/100\n|turn|7\n|\n|t:|1700539237\n|detailschange|p2a: Sceptile|Sceptile-Mega, F\n|-mega|p2a: Sceptile|Sceptile|Sceptilite\n|move|p2a: Sceptile|Focus Blast|p1b: Kartana\n|-supereffective|p1b: Kartana\n|-damage|p1b: Kartana|0 fnt\n|faint|p1b: Kartana\n|move|p1a: Zapdos|Heat Wave|p2b: Zygarde|[spread] p2a,p2b\n|-supereffective|p2b: Zygarde\n|-damage|p2a: Sceptile|53\/100\n|-damage|p2b: Zygarde|6\/100\n|move|p2b: Zygarde|Thousand Arrows|p1a: Zapdos\n|-damage|p1a: Zapdos|38\/100\n|-start|p1a: Zapdos|Smack Down\n|\n|upkeep\n|turn|8\n|\n|t:|1700539257\n|move|p2b: Zygarde|Protect|p2b: Zygarde\n|-singleturn|p2b: Zygarde|Protect\n|move|p2a: Sceptile|Dragon Pulse|p1a: Zapdos\n|-damage|p1a: Zapdos|0 fnt\n|faint|p1a: Zapdos\n|\n|win|whenthetheyouknow\n","uploadtime":1700539268,"views":2,"p1id":"brickenjoyer144","p2id":"whenthetheyouknow","formatid":"gen9nationaldexdoubles","rating":0,"private":0,"password":""}