{"id":"gen9nationaldexdoubles-1971460588","p1":"MoxyyMaroon","p2":"qtip6996","format":"[Gen 9] National Dex Doubles","log":"|j|\u2606MoxyyMaroon\n|j|\u2606qtip6996\n|t:|1697740253\n|gametype|doubles\n|player|p1|MoxyyMaroon|caitlin|\n|player|p2|qtip6996|2|\n|teamsize|p1|6\n|teamsize|p2|6\n|gen|9\n|tier|[Gen 9] National Dex Doubles\n|rule|HP Percentage Mod: HP is shown in percentages\n|rule|Endless Battle Clause: Forcing endless battles is banned\n|rule|OHKO Clause: OHKO moves are banned\n|rule|Evasion Moves Clause: Evasion moves are banned\n|rule|Evasion Abilities Clause: Evasion abilities are banned\n|rule|Species Clause: Limit one of each Pok\u00e9mon\n|rule|Gravity Sleep Clause: The combination of sleep-inducing moves with imperfect accuracy and Gravity or Gigantamax Orbeetle are banned\n|clearpoke\n|poke|p1|Serperior, F|\n|poke|p1|Azumarill, F|\n|poke|p1|Porygon-Z|\n|poke|p1|Lanturn, F|\n|poke|p1|Ninetales-Alola, M|\n|poke|p1|Arcanine-Hisui, F|\n|poke|p2|Gengar, M|\n|poke|p2|Murkrow, M|\n|poke|p2|Amoonguss, M|\n|poke|p2|Torkoal, M|\n|poke|p2|Scizor, M|\n|poke|p2|Garchomp, F|\n|teampreview\n|\n|t:|1697740275\n|start\n|switch|p1a: Ninetales|Ninetales-Alola, M|100\/100\n|switch|p1b: Azumarill|Azumarill, F|100\/100\n|switch|p2a: Murkrow|Murkrow, M|100\/100\n|switch|p2b: Gengar|Gengar, M|100\/100\n|-weather|Snow|[from] ability: Snow Warning|[of] p1a: Ninetales\n|turn|1\n|\n|t:|1697740311\n|move|p2a: Murkrow|Tailwind|p2a: Murkrow\n|-sidestart|p2: qtip6996|move: Tailwind\n|move|p2b: Gengar|Sludge Bomb|p1a: Ninetales\n|-supereffective|p1a: Ninetales\n|-damage|p1a: Ninetales|0 fnt\n|faint|p1a: Ninetales\n|move|p1b: Azumarill|Belly Drum|p1b: Azumarill\n|-damage|p1b: Azumarill|50\/100\n|-setboost|p1b: Azumarill|atk|6|[from] move: Belly Drum\n|-enditem|p1b: Azumarill|Sitrus Berry|[eat]\n|-heal|p1b: Azumarill|75\/100|[from] item: Sitrus Berry\n|\n|-weather|Snow|[upkeep]\n|upkeep\n|\n|t:|1697740327\n|switch|p1a: Arcanine|Arcanine-Hisui, F|100\/100\n|turn|2\n|\n|t:|1697740337\n|move|p1b: Azumarill|Aqua Jet|p2b: Gengar\n|-damage|p2b: Gengar|0 fnt\n|faint|p2b: Gengar\n|move|p2a: Murkrow|U-turn|p1a: Arcanine\n|-resisted|p1a: Arcanine\n|-damage|p1a: Arcanine|91\/100\n|\n|t:|1697740356\n|switch|p2a: Torkoal|Torkoal, M|100\/100|[from] U-turn\n|move|p1a: Arcanine|Head Smash|p2a: Torkoal\n|-supereffective|p2a: Torkoal\n|-damage|p2a: Torkoal|0 fnt\n|faint|p2a: Torkoal\n|-damage|p1a: Arcanine|81\/100|[from] item: Life Orb\n|\n|-weather|Snow|[upkeep]\n|upkeep\n|\n|t:|1697740444\n|switch|p2b: Amoonguss|Amoonguss, M|100\/100\n|switch|p2a: Garchomp|Garchomp, F|100\/100\n|turn|3\n|\n|t:|1697740484\n|switch|p1b: Lanturn|Lanturn, F, shiny|100\/100\n|move|p2a: Garchomp|Dragon Claw|p1a: Arcanine\n|-damage|p1a: Arcanine|32\/100\n|move|p1a: Arcanine|Flare Blitz|p2b: Amoonguss\n|-supereffective|p2b: Amoonguss\n|-damage|p2b: Amoonguss|0 fnt\n|faint|p2b: Amoonguss\n|-damage|p1a: Arcanine|22\/100|[from] item: Life Orb\n|\n|-weather|Snow|[upkeep]\n|upkeep\n|\n|t:|1697740498\n|switch|p2b: Murkrow|Murkrow, M|100\/100\n|turn|4\n|\n|t:|1697740510\n|move|p2b: Murkrow|Tailwind||[still]\n|-fail|p2b: Murkrow\n|move|p2a: Garchomp|Dragon Claw|p1a: Arcanine\n|-damage|p1a: Arcanine|0 fnt\n|faint|p1a: Arcanine\n|move|p1b: Lanturn|Thunder Wave|p2a: Garchomp\n|-immune|p2a: Garchomp\n|\n|-weather|Snow|[upkeep]\n|-sideend|p2: qtip6996|move: Tailwind\n|upkeep\n|\n|t:|1697740528\n|switch|p1a: Porygon-Z|Porygon-Z|100\/100\n|turn|5\n|\n|t:|1697740610\n|move|p2b: Murkrow|Tailwind|p2b: Murkrow\n|-sidestart|p2: qtip6996|move: Tailwind\n|move|p2a: Garchomp|Swords Dance|p2a: Garchomp\n|-boost|p2a: Garchomp|atk|2\n|move|p1a: Porygon-Z|Tri Attack|p2a: Garchomp\n|-damage|p2a: Garchomp|33\/100\n|move|p1b: Lanturn|Aqua Ring|p1b: Lanturn\n|-start|p1b: Lanturn|Aqua Ring\n|\n|-weather|none\n|-heal|p2a: Garchomp|39\/100|[from] item: Leftovers\n|upkeep\n|turn|6\n|\n|t:|1697740653\n|move|p2b: Murkrow|Feather Dance|p1b: Lanturn\n|-unboost|p1b: Lanturn|atk|2\n|move|p2a: Garchomp|Dragon Claw|p1a: Porygon-Z\n|-damage|p1a: Porygon-Z|0 fnt\n|faint|p1a: Porygon-Z\n|move|p1b: Lanturn|Whirlpool|p2a: Garchomp\n|-damage|p2a: Garchomp|30\/100\n|-activate|p2a: Garchomp|move: Whirlpool|[of] p1b: Lanturn\n|\n|-heal|p2a: Garchomp|36\/100|[from] item: Leftovers\n|-damage|p2a: Garchomp|23\/100|[from] move: Whirlpool|[partiallytrapped]\n|upkeep\n|\n|t:|1697740671\n|switch|p1a: Azumarill|Azumarill, F|75\/100\n|turn|7\n|\n|t:|1697740706\n|move|p1a: Azumarill|Aqua Jet|p2a: Garchomp\n|-damage|p2a: Garchomp|0 fnt\n|-damage|p1a: Azumarill|63\/100|[from] ability: Rough Skin|[of] p2a: Garchomp\n|faint|p2a: Garchomp\n|move|p2b: Murkrow|U-turn|p1a: Azumarill\n|-resisted|p1a: Azumarill\n|-crit|p1a: Azumarill\n|-damage|p1a: Azumarill|53\/100\n|\n|t:|1697740714\n|switch|p2b: Scizor|Scizor, M|100\/100|[from] U-turn\n|move|p1b: Lanturn|Thunder Wave|p2b: Scizor\n|-status|p2b: Scizor|par\n|\n|upkeep\n|\n|t:|1697740721\n|switch|p2a: Murkrow|Murkrow, M|100\/100\n|turn|8\n|\n|t:|1697740781\n|-terastallize|p1a: Azumarill|Water\n|move|p2a: Murkrow|Feather Dance|p1a: Azumarill\n|-unboost|p1a: Azumarill|atk|2\n|move|p1b: Lanturn|Thunder Wave|p2a: Murkrow\n|-status|p2a: Murkrow|par\n|move|p2b: Scizor|Dual Wingbeat|p1a: Azumarill\n|-damage|p1a: Azumarill|24\/100\n|-damage|p1a: Azumarill|0 fnt\n|faint|p1a: Azumarill\n|-hitcount|p1: Azumarill|2\n|-damage|p2b: Scizor|91\/100 par|[from] item: Life Orb\n|\n|-sideend|p2: qtip6996|move: Tailwind\n|upkeep\n|\n|t:|1697740795\n|switch|p1a: Serperior|Serperior, F, shiny|100\/100\n|turn|9\n|\n|t:|1697740821\n|move|p2a: Murkrow|Tailwind|p2a: Murkrow\n|-sidestart|p2: qtip6996|move: Tailwind\n|move|p1a: Serperior|Leaf Storm|p2b: Scizor\n|-resisted|p2b: Scizor\n|-crit|p2b: Scizor\n|-damage|p2b: Scizor|68\/100 par\n|-boost|p1a: Serperior|spa|2\n|move|p1b: Lanturn|Whirlpool|p2b: Scizor|[miss]\n|-miss|p1b: Lanturn|p2b: Scizor\n|move|p2b: Scizor|Dual Wingbeat|p1a: Serperior\n|-supereffective|p1a: Serperior\n|-damage|p1a: Serperior|21\/100\n|-supereffective|p1a: Serperior\n|-damage|p1a: Serperior|0 fnt\n|faint|p1a: Serperior\n|-hitcount|p1: Serperior|2\n|-damage|p2b: Scizor|58\/100 par|[from] item: Life Orb\n|\n|upkeep\n|turn|10\n|\n|t:|1697740843\n|move|p2a: Murkrow|Feather Dance|p1b: Lanturn\n|-unboost|p1b: Lanturn|atk|2\n|move|p1b: Lanturn|Whirlpool|p2a: Murkrow\n|-damage|p2a: Murkrow|94\/100 par\n|-activate|p2a: Murkrow|move: Whirlpool|[of] p1b: Lanturn\n|move|p2b: Scizor|Dual Wingbeat|p1b: Lanturn\n|-resisted|p1b: Lanturn\n|-damage|p1b: Lanturn|84\/100\n|-resisted|p1b: Lanturn\n|-damage|p1b: Lanturn|67\/100\n|-hitcount|p1b: Lanturn|2\n|-damage|p2b: Scizor|48\/100 par|[from] item: Life Orb\n|\n|-heal|p1b: Lanturn|73\/100|[from] item: Leftovers\n|-heal|p1b: Lanturn|80\/100|[from] Aqua Ring\n|-damage|p2a: Murkrow|81\/100 par|[from] move: Whirlpool|[partiallytrapped]\n|upkeep\n|turn|11\n|\n|t:|1697740875\n|move|p2a: Murkrow|Feather Dance|p1b: Lanturn\n|-unboost|p1b: Lanturn|atk|2\n|move|p1b: Lanturn|Whirlpool|p2b: Scizor\n|-damage|p2b: Scizor|37\/100 par\n|-activate|p2b: Scizor|move: Whirlpool|[of] p1b: Lanturn\n|cant|p2b: Scizor|par\n|\n|-heal|p1b: Lanturn|86\/100|[from] item: Leftovers\n|-heal|p1b: Lanturn|92\/100|[from] Aqua Ring\n|-damage|p2a: Murkrow|69\/100 par|[from] move: Whirlpool|[partiallytrapped]\n|-damage|p2b: Scizor|25\/100 par|[from] move: Whirlpool|[partiallytrapped]\n|upkeep\n|turn|12\n|\n|t:|1697740983\n|move|p2a: Murkrow|U-turn|p1b: Lanturn\n|-damage|p1b: Lanturn|75\/100\n|move|p1b: Lanturn|Whirlpool|p2b: Scizor\n|-damage|p2b: Scizor|15\/100 par\n|move|p2b: Scizor|Dual Wingbeat|p1b: Lanturn\n|-resisted|p1b: Lanturn\n|-crit|p1b: Lanturn\n|-damage|p1b: Lanturn|49\/100\n|-resisted|p1b: Lanturn\n|-damage|p1b: Lanturn|30\/100\n|-hitcount|p1b: Lanturn|2\n|-damage|p2b: Scizor|5\/100 par|[from] item: Life Orb\n|\n|-heal|p1b: Lanturn|36\/100|[from] item: Leftovers\n|-heal|p1b: Lanturn|43\/100|[from] Aqua Ring\n|-damage|p2a: Murkrow|57\/100 par|[from] move: Whirlpool|[partiallytrapped]\n|-damage|p2b: Scizor|0 fnt|[from] move: Whirlpool|[partiallytrapped]\n|faint|p2b: Scizor\n|-sideend|p2: qtip6996|move: Tailwind\n|upkeep\n|turn|13\n|c|\u2606qtip6996|shit i might lose\n|\n|t:|1697741009\n|move|p1b: Lanturn|Rest|p1b: Lanturn\n|-status|p1b: Lanturn|slp|[from] move: Rest\n|-heal|p1b: Lanturn|100\/100 slp|[silent]\n|move|p2a: Murkrow|U-turn|p1b: Lanturn\n|-damage|p1b: Lanturn|86\/100 slp\n|\n|-heal|p1b: Lanturn|92\/100 slp|[from] item: Leftovers\n|-heal|p1b: Lanturn|98\/100 slp|[from] Aqua Ring\n|-damage|p2a: Murkrow|44\/100 par|[from] move: Whirlpool|[partiallytrapped]\n|upkeep\n|turn|14\n|c|\u2606qtip6996|not cool\n|c|\u2606MoxyyMaroon|SO cool\n|\n|t:|1697741028\n|cant|p1b: Lanturn|slp\n|cant|p2a: Murkrow|par\n|\n|-heal|p1b: Lanturn|100\/100 slp|[from] item: Leftovers\n|-damage|p2a: Murkrow|32\/100 par|[from] move: Whirlpool|[partiallytrapped]\n|upkeep\n|turn|15\n|c|\u2606qtip6996|>:(\n|\n|t:|1697741065\n|cant|p1b: Lanturn|slp\n|move|p2a: Murkrow|U-turn|p1b: Lanturn\n|-damage|p1b: Lanturn|84\/100 slp\n|\n|-heal|p1b: Lanturn|90\/100 slp|[from] item: Leftovers\n|-heal|p1b: Lanturn|96\/100 slp|[from] Aqua Ring\n|-end|p2a: Murkrow|Whirlpool|[partiallytrapped]\n|upkeep\n|turn|16\n|\n|t:|1697741075\n|-curestatus|p1b: Lanturn|slp|[msg]\n|move|p1b: Lanturn|Whirlpool|p2a: Murkrow\n|-damage|p2a: Murkrow|24\/100 par\n|-activate|p2a: Murkrow|move: Whirlpool|[of] p1b: Lanturn\n|cant|p2a: Murkrow|par\n|\n|-heal|p1b: Lanturn|100\/100|[from] item: Leftovers\n|-damage|p2a: Murkrow|12\/100 par|[from] move: Whirlpool|[partiallytrapped]\n|upkeep\n|turn|17\n|c|\u2606qtip6996|most intense battle\n|\n|t:|1697741089\n|move|p1b: Lanturn|Whirlpool|p2a: Murkrow\n|-damage|p2a: Murkrow|4\/100 par\n|cant|p2a: Murkrow|par\n|\n|-damage|p2a: Murkrow|0 fnt|[from] move: Whirlpool|[partiallytrapped]\n|faint|p2a: Murkrow\n|\n|win|MoxyyMaroon\n|upkeep\n|c|\u2606qtip6996|FUCKJ\n|c|\u2606qtip6996|FCU\n|c|\u2606MoxyyMaroon|# Aesome\n|c|\u2606qtip6996|not cool chat\n|c|\u2606qtip6996|YOU SPELT IT WRONG FOREHEAD\n|l|\u2606qtip6996\n|c|\u2606MoxyyMaroon|You spelled fuck wrong .. .\n","uploadtime":1697741128,"views":5,"p1id":"moxyymaroon","p2id":"qtip6996","formatid":"gen9nationaldexdoubles","rating":0,"private":0,"password":""}