{"id":"gen9nationaldexdoubles-1985548045","p1":"lxvliiz","p2":"Epilepsy Espeon","format":"[Gen 9] National Dex Doubles","log":"|j|\u2606lxvliiz\n|j|\u2606Epilepsy Espeon\n|t:|1699383659\n|gametype|doubles\n|player|p1|lxvliiz|guitarist|1092\n|player|p2|Epilepsy Espeon|psychic-gen4|1160\n|teamsize|p1|6\n|teamsize|p2|6\n|gen|9\n|tier|[Gen 9] National Dex Doubles\n|rated|\n|rule|HP Percentage Mod: HP is shown in percentages\n|rule|Endless Battle Clause: Forcing endless battles is banned\n|rule|OHKO Clause: OHKO moves are banned\n|rule|Evasion Moves Clause: Evasion moves are banned\n|rule|Evasion Abilities Clause: Evasion abilities are banned\n|rule|Species Clause: Limit one of each Pok\u00e9mon\n|rule|Gravity Sleep Clause: The combination of sleep-inducing moves with imperfect accuracy and Gravity or Gigantamax Orbeetle are banned\n|clearpoke\n|poke|p1|Kommo-o, F|\n|poke|p1|Volcarona, F|\n|poke|p1|Oricorio-Pom-Pom, F|\n|poke|p1|Quaquaval, F|\n|poke|p1|Flamigo, F|\n|poke|p1|Marshadow|\n|poke|p2|Espeon, F|\n|poke|p2|Lurantis, F|\n|poke|p2|Corsola-Galar, F|\n|poke|p2|Sableye, M|\n|poke|p2|Chimecho, M|\n|poke|p2|Muk-Alola, M|\n|teampreview\n|\n|t:|1699383667\n|start\n|switch|p1a: dance with me|Volcarona, F, shiny|100\/100\n|switch|p1b: dancer|Oricorio-Pom-Pom, F, shiny|100\/100\n|switch|p2a: Chimecho|Chimecho, M|100\/100\n|switch|p2b: Muk|Muk-Alola, M|100\/100\n|turn|1\n|\n|t:|1699383692\n|move|p1b: dancer|Revelation Dance|p2b: Muk\n|-damage|p2b: Muk|60\/100\n|move|p1a: dance with me|Fiery Dance|p2a: Chimecho\n|-damage|p2a: Chimecho|59\/100\n|-boost|p1a: dance with me|spa|1\n|-activate|p1b: dancer|ability: Dancer\n|move|p1b: dancer|Fiery Dance|p2a: Chimecho|[from]ability: Dancer\n|-damage|p2a: Chimecho|38\/100\n|-boost|p1b: dancer|spa|1\n|move|p2b: Muk|Rock Polish|p2b: Muk\n|-boost|p2b: Muk|spe|2\n|-enditem|p1b: dancer|Mirror Herb\n|-boost|p1b: dancer|spe|2|[from] item: Mirror Herb\n|move|p2a: Chimecho|Skill Swap|p1b: dancer\n|-activate|p2a: Chimecho|move: Skill Swap|Dancer|Levitate|[of] p1b: dancer\n|\n|-heal|p2b: Muk|66\/100|[from] item: Black Sludge\n|-heal|p2a: Chimecho|44\/100|[from] item: Leftovers\n|upkeep\n|turn|2\n|l|\u2606lxvliiz\n|player|p1|\n|j|\u2606lxvliiz\n|player|p1|lxvliiz|guitarist\n|\n|t:|1699383728\n|move|p1b: dancer|Revelation Dance|p2b: Muk\n|-damage|p2b: Muk|15\/100\n|-activate|p2a: Chimecho|ability: Dancer\n|move|p2a: Chimecho|Revelation Dance|p1b: dancer|[from]ability: Dancer\n|-damage|p1b: dancer|50\/100\n|move|p2b: Muk|Rock Slide|p1b: dancer|[spread] p1a\n|-miss|p2b: Muk|p1b: dancer\n|-supereffective|p1a: dance with me\n|-damage|p1a: dance with me|3\/100\n|-enditem|p1a: dance with me|Wiki Berry|[eat]\n|-heal|p1a: dance with me|36\/100|[from] item: Wiki Berry\n|move|p1a: dance with me|Fiery Dance|p2a: Chimecho\n|-damage|p2a: Chimecho|0 fnt\n|-boost|p1a: dance with me|spa|1\n|faint|p2a: Chimecho\n|-ability|p2b: Muk|Dancer|[from] ability: Power of Alchemy|[of] p2a: Chimecho\n|-activate|p2b: Muk|ability: Dancer\n|move|p2b: Muk|Fiery Dance|p1a: dance with me|[from]ability: Dancer\n|-damage|p1a: dance with me|23\/100\n|-boost|p2b: Muk|spa|1\n|\n|-heal|p2b: Muk|21\/100|[from] item: Black Sludge\n|upkeep\n|\n|t:|1699383756\n|switch|p2a: Sableye|Sableye, M|100\/100\n|turn|3\n|\n|t:|1699383775\n|move|p1a: dance with me|Rage Powder|p1a: dance with me\n|-singleturn|p1a: dance with me|move: Rage Powder\n|move|p2a: Sableye|Confuse Ray|p1a: dance with me\n|-start|p1a: dance with me|confusion\n|move|p1b: dancer|Baton Pass|p1b: dancer\n|\n|t:|1699383781\n|switch|p1b: dancing|Quaquaval, F, shiny|100\/100|[from] Baton Pass\n|move|p2b: Muk|Rock Slide|p1b: dancing|[spread] p1a,p1b\n|-supereffective|p1a: dance with me\n|-resisted|p1b: dancing\n|-damage|p1a: dance with me|0 fnt\n|-damage|p1b: dancing|90\/100\n|faint|p1a: dance with me\n|\n|-heal|p2b: Muk|27\/100|[from] item: Black Sludge\n|upkeep\n|\n|t:|1699383784\n|switch|p1a: dance floor|Marshadow|100\/100\n|turn|4\n|\n|t:|1699383796\n|-terastallize|p1b: dancing|Water\n|move|p1a: dance floor|Shadow Sneak|p2a: Sableye\n|-damage|p2a: Sableye|70\/100\n|move|p2a: Sableye|Confuse Ray|p1a: dance floor\n|-start|p1a: dance floor|confusion\n|move|p1b: dancing|Aqua Step|p2b: Muk\n|-damage|p2b: Muk|0 fnt\n|-boost|p1b: dancing|spe|1\n|faint|p2b: Muk\n|-ability|p1b: dancing|Moxie|boost\n|-boost|p1b: dancing|atk|1\n|\n|upkeep\n|\n|t:|1699383812\n|switch|p2b: Corsola|Corsola-Galar, F|100\/100\n|turn|5\n|\n|t:|1699383822\n|move|p2a: Sableye|Confuse Ray|p1b: dancing\n|-start|p1b: dancing|confusion\n|-activate|p1b: dancing|confusion\n|move|p1b: dancing|Aqua Step|p2b: Corsola\n|-damage|p2b: Corsola|39\/100\n|-boost|p1b: dancing|spe|1\n|-activate|p1a: dance floor|confusion\n|-zpower|p1a: dance floor\n|move|p1a: dance floor|Soul-Stealing 7-Star Strike|p2a: Sableye|[zeffect]\n|-damage|p2a: Sableye|0 fnt\n|faint|p2a: Sableye\n|move|p2b: Corsola|Strength Sap|p1b: dancing\n|-unboost|p1b: dancing|atk|1\n|-heal|p2b: Corsola|100\/100\n|\n|upkeep\n|\n|t:|1699383843\n|switch|p2a: Espeon|Espeon, F|100\/100\n|turn|6\n|\n|t:|1699383860\n|-terastallize|p2a: Espeon|Normal\n|-activate|p1a: dance floor|confusion\n|-damage|p1a: dance floor|84\/100|[from] confusion\n|-activate|p1b: dancing|confusion\n|move|p1b: dancing|Aqua Step|p2b: Corsola\n|-damage|p2b: Corsola|54\/100\n|-boost|p1b: dancing|spe|1\n|move|p2a: Espeon|Psychic|p1a: dance floor\n|-supereffective|p1a: dance floor\n|-damage|p1a: dance floor|0 fnt\n|faint|p1a: dance floor\n|move|p2b: Corsola|Strength Sap|p1b: dancing\n|-unboost|p1b: dancing|atk|1\n|-heal|p2b: Corsola|100\/100\n|\n|upkeep\n|\n|t:|1699383872\n|switch|p1a: dance dance dance|Kommo-o, F, shiny|100\/100\n|turn|7\n|\n|t:|1699383890\n|-end|p1b: dancing|confusion\n|move|p1b: dancing|Aqua Step|p2a: Espeon\n|-damage|p2a: Espeon|26\/100\n|-boost|p1b: dancing|spe|1\n|move|p2a: Espeon|Dazzling Gleam|p1b: dancing|[spread] p1a,p1b\n|-supereffective|p1a: dance dance dance\n|-crit|p1b: dancing\n|-damage|p1a: dance dance dance|2\/100\n|-damage|p1b: dancing|47\/100\n|move|p1a: dance dance dance|Drain Punch|p2a: Espeon\n|-supereffective|p2a: Espeon\n|-damage|p2a: Espeon|0 fnt\n|-heal|p1a: dance dance dance|14\/100|[from] drain|[of] p2a: Espeon\n|faint|p2a: Espeon\n|move|p2b: Corsola|Strength Sap|p1b: dancing\n|-unboost|p1b: dancing|atk|1\n|\n|upkeep\n|\n|t:|1699383906\n|switch|p2a: Lurantis|Lurantis, F|100\/100\n|turn|8\n|\n|t:|1699383914\n|move|p1b: dancing|Ice Spinner|p2a: Lurantis\n|-supereffective|p2a: Lurantis\n|-damage|p2a: Lurantis|73\/100\n|move|p1a: dance dance dance|Shadow Claw|p2b: Corsola\n|-supereffective|p2b: Corsola\n|-damage|p2b: Corsola|70\/100\n|move|p2a: Lurantis|Leaf Storm|p1b: dancing\n|-supereffective|p1b: dancing\n|-damage|p1b: dancing|0 fnt\n|-boost|p2a: Lurantis|spa|2\n|faint|p1b: dancing\n|move|p2b: Corsola|Strength Sap|p2a: Lurantis\n|-boost|p2a: Lurantis|atk|1\n|-heal|p2b: Corsola|100\/100\n|\n|upkeep\n|\n|t:|1699383919\n|switch|p1b: dance party|Flamigo, F, shiny|100\/100\n|-copyboost|p1b: dance party|p1a: dance dance dance|[from] ability: Costar\n|turn|9\n|\n|t:|1699383943\n|move|p1b: dance party|Fly||[still]\n|-prepare|p1b: dance party|Fly\n|-enditem|p1b: dance party|Power Herb\n|-anim|p1b: dance party|Fly|p2a: Lurantis\n|-supereffective|p2a: Lurantis\n|-damage|p2a: Lurantis|0 fnt\n|faint|p2a: Lurantis\n|move|p1a: dance dance dance|Drain Punch|p2b: Corsola\n|-immune|p2b: Corsola\n|move|p2b: Corsola|Confuse Ray|p1b: dance party\n|-start|p1b: dance party|confusion\n|\n|upkeep\n|turn|10\n|\n|t:|1699383956\n|-activate|p1b: dance party|confusion\n|-damage|p1b: dance party|82\/100|[from] confusion\n|move|p1a: dance dance dance|Shadow Claw|p2b: Corsola\n|-supereffective|p2b: Corsola\n|-damage|p2b: Corsola|70\/100\n|-start|p1a: dance dance dance|Disable|Shadow Claw|[from] ability: Cursed Body|[of] p2b: Corsola\n|move|p2b: Corsola|Confuse Ray|p1a: dance dance dance\n|-start|p1a: dance dance dance|confusion\n|\n|upkeep\n|turn|11\n|\n|t:|1699383964\n|-activate|p1b: dance party|confusion\n|move|p1b: dance party|Acrobatics|p2b: Corsola\n|-damage|p2b: Corsola|36\/100\n|-activate|p1a: dance dance dance|confusion\n|move|p1a: dance dance dance|Dragon Claw|p2b: Corsola\n|-damage|p2b: Corsola|12\/100\n|move|p2b: Corsola|Strength Sap|p1b: dance party\n|-unboost|p1b: dance party|atk|1\n|-heal|p2b: Corsola|100\/100\n|\n|upkeep\n|turn|12\n|c|\u2606lxvliiz|bro\n|\n|t:|1699383980\n|switch|p1a: dancer|Oricorio-Pom-Pom, F, shiny|50\/100\n|-activate|p1b: dance party|confusion\n|move|p1b: dance party|Acrobatics|p2b: Corsola\n|-damage|p2b: Corsola|73\/100\n|move|p2b: Corsola|Night Shade|p1b: dance party\n|-damage|p1b: dance party|49\/100\n|\n|upkeep\n|turn|13\n|\n|t:|1699383989\n|switch|p1b: dance dance dance|Kommo-o, F, shiny|14\/100\n|move|p1a: dancer|Roost|p1a: dancer\n|-heal|p1a: dancer|99\/100\n|-singleturn|p1a: dancer|move: Roost\n|move|p2b: Corsola|Strength Sap|p1b: dance dance dance\n|-unboost|p1b: dance dance dance|atk|1\n|-heal|p2b: Corsola|100\/100\n|\n|upkeep\n|turn|14\n|\n|t:|1699383999\n|move|p1a: dancer|Quiver Dance|p1a: dancer\n|-boost|p1a: dancer|spa|1\n|-boost|p1a: dancer|spd|1\n|-boost|p1a: dancer|spe|1\n|move|p1b: dance dance dance|Clangorous Soul||[still]\n|-fail|p1b: dance dance dance\n|move|p2b: Corsola|Confuse Ray|p1a: dancer\n|-start|p1a: dancer|confusion\n|\n|upkeep\n|turn|15\n|\n|t:|1699384011\n|switch|p1b: dance party|Flamigo, F, shiny|49\/100\n|-copyboost|p1b: dance party|p1a: dancer|[from] ability: Costar\n|-activate|p1a: dancer|confusion\n|move|p1a: dancer|Quiver Dance|p1a: dancer\n|-boost|p1a: dancer|spa|1\n|-boost|p1a: dancer|spd|1\n|-boost|p1a: dancer|spe|1\n|move|p2b: Corsola|Strength Sap|p1b: dance party\n|-unboost|p1b: dance party|atk|1\n|\n|upkeep\n|turn|16\n|\n|t:|1699384020\n|-activate|p1a: dancer|confusion\n|move|p1a: dancer|Revelation Dance|p2b: Corsola\n|-damage|p2b: Corsola|62\/100\n|move|p1b: dance party|Acrobatics|p2b: Corsola\n|-damage|p2b: Corsola|35\/100\n|-start|p1b: dance party|Disable|Acrobatics|[from] ability: Cursed Body|[of] p2b: Corsola\n|move|p2b: Corsola|Mirror Coat|p1a: dancer\n|-damage|p1a: dancer|14\/100\n|\n|upkeep\n|turn|17\n|\n|t:|1699384032\n|-end|p1a: dancer|confusion\n|move|p1a: dancer|Revelation Dance|p2b: Corsola\n|-damage|p2b: Corsola|0 fnt\n|faint|p2b: Corsola\n|\n|win|lxvliiz\n|raw|lxvliiz's rating: 1092 &rarr; <strong>1123<\/strong><br \/>(+31 for winning)\n|raw|Epilepsy Espeon's rating: 1160 &rarr; <strong>1130<\/strong><br \/>(-30 for losing)\n|c|\u2606Epilepsy Espeon|GG\n","uploadtime":1699384040,"views":5,"p1id":"lxvliiz","p2id":"epilepsyespeon","formatid":"gen9nationaldexdoubles","rating":1123,"private":0,"password":""}