{"id":"gen9nationaldexdoubles-1963334629","p1":"Denvah_17","p2":"wavver","format":"[Gen 9] National Dex Doubles","log":"|j|\u2606Denvah_17\n|j|\u2606wavver\n|t:|1696858803\n|gametype|doubles\n|player|p1|Denvah_17|alder|1253\n|player|p2|wavver|unknown|1130\n|teamsize|p1|6\n|teamsize|p2|6\n|gen|9\n|tier|[Gen 9] National Dex Doubles\n|rated|\n|rule|HP Percentage Mod: HP is shown in percentages\n|rule|Endless Battle Clause: Forcing endless battles is banned\n|rule|OHKO Clause: OHKO moves are banned\n|rule|Evasion Moves Clause: Evasion moves are banned\n|rule|Evasion Abilities Clause: Evasion abilities are banned\n|rule|Species Clause: Limit one of each Pok\u00e9mon\n|rule|Gravity Sleep Clause: The combination of sleep-inducing moves with imperfect accuracy and Gravity or Gigantamax Orbeetle are banned\n|clearpoke\n|poke|p1|Sinistcha-Masterpiece|\n|poke|p1|Enamorus, F|\n|poke|p1|Volcanion|\n|poke|p1|Scizor, M|\n|poke|p1|Okidogi, M|\n|poke|p1|Ursaluna-Bloodmoon, M|\n|poke|p2|Pangoro, M|\n|poke|p2|Clefairy, F|\n|poke|p2|Hippowdon, M|\n|poke|p2|Regigigas|\n|poke|p2|Araquanid, M|\n|poke|p2|Scizor, M|\n|teampreview\n|inactive|Battle timer is ON: inactive players will automatically lose when time's up. (requested by Denvah_17)\n|inactive|wavver has 120 seconds left.\n|inactive|wavver has 90 seconds left.\n|\n|t:|1696858871\n|start\n|switch|p1a: Sonria|Enamorus, F|100\/100\n|switch|p1b: Grass Latte|Sinistcha-Masterpiece|100\/100\n|switch|p2a: \u041f\u0430\u043d\u0434\u0430|Pangoro, M|100\/100\n|switch|p2b: \u0422\u0438\u0442\u0430\u043d|Regigigas|100\/100\n|-start|p2b: \u0422\u0438\u0442\u0430\u043d|ability: Slow Start\n|turn|1\n|inactive|Denvah_17 has 120 seconds left.\n|\n|t:|1696858905\n|-terastallize|p1b: Grass Latte|Grass\n|move|p1a: Sonria|Superpower|p2a: \u041f\u0430\u043d\u0434\u0430\n|-supereffective|p2a: \u041f\u0430\u043d\u0434\u0430\n|-damage|p2a: \u041f\u0430\u043d\u0434\u0430|24\/100\n|-boost|p1a: Sonria|atk|1\n|-boost|p1a: Sonria|def|1\n|move|p1b: Grass Latte|Calm Mind|p1b: Grass Latte\n|-boost|p1b: Grass Latte|spa|1\n|-boost|p1b: Grass Latte|spd|1\n|move|p2a: \u041f\u0430\u043d\u0434\u0430|Entrainment|p2b: \u0422\u0438\u0442\u0430\u043d\n|-end|p2b: \u0422\u0438\u0442\u0430\u043d|Slow Start|[silent]\n|-endability|p2b: \u0422\u0438\u0442\u0430\u043d|Slow Start|[from] move: Entrainment\n|-ability|p2b: \u0422\u0438\u0442\u0430\u043d|Iron Fist|[from] move: Entrainment\n|move|p2b: \u0422\u0438\u0442\u0430\u043d|Ice Punch|p1a: Sonria\n|-supereffective|p1a: Sonria\n|-damage|p1a: Sonria|21\/100\n|\n|upkeep\n|turn|2\n|inactive|Denvah_17 has 120 seconds left.\n|\n|t:|1696858938\n|move|p2a: \u041f\u0430\u043d\u0434\u0430|Bullet Punch|p1a: Sonria\n|-supereffective|p1a: Sonria\n|-damage|p1a: Sonria|0 fnt\n|faint|p1a: Sonria\n|move|p2b: \u0422\u0438\u0442\u0430\u043d|Ice Punch|p1b: Grass Latte\n|-supereffective|p1b: Grass Latte\n|-damage|p1b: Grass Latte|28\/100\n|-enditem|p1b: Grass Latte|Weakness Policy\n|-boost|p1b: Grass Latte|atk|2|[from] item: Weakness Policy\n|-boost|p1b: Grass Latte|spa|2|[from] item: Weakness Policy\n|move|p1b: Grass Latte|Matcha Gotcha|p2b: \u0422\u0438\u0442\u0430\u043d|[spread] p2a,p2b\n|-damage|p2a: \u041f\u0430\u043d\u0434\u0430|0 fnt\n|-heal|p1b: Grass Latte|42\/100|[from] drain|[of] p2a: \u041f\u0430\u043d\u0434\u0430\n|-damage|p2b: \u0422\u0438\u0442\u0430\u043d|52\/100\n|-heal|p1b: Grass Latte|73\/100|[from] drain|[of] p2b: \u0422\u0438\u0442\u0430\u043d\n|faint|p2a: \u041f\u0430\u043d\u0434\u0430\n|\n|upkeep\n|inactive|Denvah_17 has 120 seconds left.\n|\n|t:|1696858981\n|switch|p1a: Sudafed|Scizor, M|100\/100\n|switch|p2a: \u041c\u0430\u043b\u0435\u043d\u044c\u043a\u0430\u044f \u0444\u0435\u044f|Clefairy, F|100\/100\n|turn|3\n|\n|t:|1696858996\n|detailschange|p1a: Sudafed|Scizor-Mega, M\n|-mega|p1a: Sudafed|Scizor|Scizorite\n|move|p2b: \u0422\u0438\u0442\u0430\u043d|Fire Punch|p1b: Grass Latte\n|-supereffective|p1b: Grass Latte\n|-damage|p1b: Grass Latte|38\/100\n|move|p1a: Sudafed|Swords Dance|p1a: Sudafed\n|-boost|p1a: Sudafed|atk|2\n|move|p1b: Grass Latte|Strength Sap|p2b: \u0422\u0438\u0442\u0430\u043d\n|-unboost|p2b: \u0422\u0438\u0442\u0430\u043d|atk|1\n|-heal|p1b: Grass Latte|100\/100\n|move|p2a: \u041c\u0430\u043b\u0435\u043d\u044c\u043a\u0430\u044f \u0444\u0435\u044f|Life Dew||[still]|[spread] p2a,p2b\n|-fail|p2a: \u041c\u0430\u043b\u0435\u043d\u044c\u043a\u0430\u044f \u0444\u0435\u044f|heal\n|-heal|p2b: \u0422\u0438\u0442\u0430\u043d|77\/100\n|\n|upkeep\n|turn|4\n|j| infog\n|\n|t:|1696859022\n|move|p1a: Sudafed|Bullet Punch|p2a: \u041c\u0430\u043b\u0435\u043d\u044c\u043a\u0430\u044f \u0444\u0435\u044f\n|-supereffective|p2a: \u041c\u0430\u043b\u0435\u043d\u044c\u043a\u0430\u044f \u0444\u0435\u044f\n|-damage|p2a: \u041c\u0430\u043b\u0435\u043d\u044c\u043a\u0430\u044f \u0444\u0435\u044f|0 fnt\n|faint|p2a: \u041c\u0430\u043b\u0435\u043d\u044c\u043a\u0430\u044f \u0444\u0435\u044f\n|move|p2b: \u0422\u0438\u0442\u0430\u043d|Fire Punch|p1a: Sudafed\n|-supereffective|p1a: Sudafed\n|-damage|p1a: Sudafed|13\/100\n|move|p1b: Grass Latte|Matcha Gotcha|p2b: \u0422\u0438\u0442\u0430\u043d\n|-damage|p2b: \u0422\u0438\u0442\u0430\u043d|10\/100\n|\n|upkeep\n|\n|t:|1696859031\n|switch|p2a: \u041f\u0430\u0443\u043a|Araquanid, M|100\/100\n|turn|5\n|l| infog\n|\n|t:|1696859042\n|move|p1a: Sudafed|Bullet Punch|p2b: \u0422\u0438\u0442\u0430\u043d\n|-damage|p2b: \u0422\u0438\u0442\u0430\u043d|0 fnt\n|faint|p2b: \u0422\u0438\u0442\u0430\u043d\n|move|p1b: Grass Latte|Matcha Gotcha|p2a: \u041f\u0430\u0443\u043a\n|-damage|p2a: \u041f\u0430\u0443\u043a|7\/100\n|-enditem|p2a: \u041f\u0430\u0443\u043a|Aguav Berry|[eat]\n|-heal|p2a: \u041f\u0430\u0443\u043a|40\/100|[from] item: Aguav Berry\n|move|p2a: \u041f\u0430\u0443\u043a|Leech Life|p1b: Grass Latte\n|-supereffective|p1b: Grass Latte\n|-damage|p1b: Grass Latte|45\/100\n|-heal|p2a: \u041f\u0430\u0443\u043a|68\/100|[from] drain|[of] p1b: Grass Latte\n|\n|upkeep\n|\n|t:|1696859057\n|switch|p2b: \u041f\u0435\u0441\u0447\u0430\u043d\u044b\u0439 \u0431\u0435\u0433\u0435\u043c\u043e\u0442|Hippowdon, M|100\/100\n|-weather|Sandstorm|[from] ability: Sand Stream|[of] p2b: \u041f\u0435\u0441\u0447\u0430\u043d\u044b\u0439 \u0431\u0435\u0433\u0435\u043c\u043e\u0442\n|turn|6\n|\n|t:|1696859068\n|move|p1a: Sudafed|Bullet Punch|p2a: \u041f\u0430\u0443\u043a\n|-resisted|p2a: \u041f\u0430\u0443\u043a\n|-damage|p2a: \u041f\u0430\u0443\u043a|18\/100\n|move|p1b: Grass Latte|Matcha Gotcha|p2a: \u041f\u0430\u0443\u043a|[spread] p2a,p2b\n|-supereffective|p2b: \u041f\u0435\u0441\u0447\u0430\u043d\u044b\u0439 \u0431\u0435\u0433\u0435\u043c\u043e\u0442\n|-damage|p2a: \u041f\u0430\u0443\u043a|0 fnt\n|-heal|p1b: Grass Latte|54\/100|[from] drain|[of] p2a: \u041f\u0430\u0443\u043a\n|-damage|p2b: \u041f\u0435\u0441\u0447\u0430\u043d\u044b\u0439 \u0431\u0435\u0433\u0435\u043c\u043e\u0442|0 fnt\n|-heal|p1b: Grass Latte|100\/100|[from] drain|[of] p2b: \u041f\u0435\u0441\u0447\u0430\u043d\u044b\u0439 \u0431\u0435\u0433\u0435\u043c\u043e\u0442\n|faint|p2a: \u041f\u0430\u0443\u043a\n|faint|p2b: \u041f\u0435\u0441\u0447\u0430\u043d\u044b\u0439 \u0431\u0435\u0433\u0435\u043c\u043e\u0442\n|\n|-weather|Sandstorm|[upkeep]\n|-damage|p1b: Grass Latte|94\/100|[from] Sandstorm\n|upkeep\n|\n|t:|1696859084\n|switch|p2b: \u0431\u043e\u0433\u043e\u043c\u043e\u043b|Scizor, M|100\/100\n|turn|7\n|\n|t:|1696859097\n|move|p1a: Sudafed|Roost|p1a: Sudafed\n|-heal|p1a: Sudafed|63\/100\n|-singleturn|p1a: Sudafed|move: Roost\n|move|p1b: Grass Latte|Strength Sap|p2b: \u0431\u043e\u0433\u043e\u043c\u043e\u043b\n|-unboost|p2b: \u0431\u043e\u0433\u043e\u043c\u043e\u043b|atk|1\n|-heal|p1b: Grass Latte|100\/100\n|move|p2b: \u0431\u043e\u0433\u043e\u043c\u043e\u043b|Dual Wingbeat|p1b: Grass Latte\n|-supereffective|p1b: Grass Latte\n|-damage|p1b: Grass Latte|62\/100\n|-supereffective|p1b: Grass Latte\n|-damage|p1b: Grass Latte|22\/100\n|-hitcount|p1b: Grass Latte|2\n|-damage|p2b: \u0431\u043e\u0433\u043e\u043c\u043e\u043b|91\/100|[from] item: Life Orb\n|\n|-weather|Sandstorm|[upkeep]\n|-damage|p1b: Grass Latte|16\/100|[from] Sandstorm\n|upkeep\n|turn|8\n|\n|t:|1696859121\n|move|p1a: Sudafed|Bullet Punch|p2b: \u0431\u043e\u0433\u043e\u043c\u043e\u043b\n|-resisted|p2b: \u0431\u043e\u0433\u043e\u043c\u043e\u043b\n|-damage|p2b: \u0431\u043e\u0433\u043e\u043c\u043e\u043b|55\/100\n|move|p1b: Grass Latte|Strength Sap|p1a: Sudafed\n|-unboost|p1a: Sudafed|atk|1\n|-heal|p1b: Grass Latte|100\/100\n|move|p2b: \u0431\u043e\u0433\u043e\u043c\u043e\u043b|Dual Wingbeat|p1b: Grass Latte\n|-supereffective|p1b: Grass Latte\n|-damage|p1b: Grass Latte|62\/100\n|-supereffective|p1b: Grass Latte\n|-damage|p1b: Grass Latte|22\/100\n|-hitcount|p1b: Grass Latte|2\n|-damage|p2b: \u0431\u043e\u0433\u043e\u043c\u043e\u043b|45\/100|[from] item: Life Orb\n|\n|-weather|Sandstorm|[upkeep]\n|-damage|p1b: Grass Latte|16\/100|[from] Sandstorm\n|upkeep\n|turn|9\n|\n|t:|1696859142\n|move|p2b: \u0431\u043e\u0433\u043e\u043c\u043e\u043b|Bullet Punch|p1b: Grass Latte\n|-damage|p1b: Grass Latte|0 fnt\n|faint|p1b: Grass Latte\n|-damage|p2b: \u0431\u043e\u0433\u043e\u043c\u043e\u043b|35\/100|[from] item: Life Orb\n|move|p1a: Sudafed|Bug Bite|p2b: \u0431\u043e\u0433\u043e\u043c\u043e\u043b\n|-resisted|p2b: \u0431\u043e\u0433\u043e\u043c\u043e\u043b\n|-damage|p2b: \u0431\u043e\u0433\u043e\u043c\u043e\u043b|0 fnt\n|faint|p2b: \u0431\u043e\u0433\u043e\u043c\u043e\u043b\n|\n|win|Denvah_17\n|raw|Denvah_17's rating: 1253 &rarr; <strong>1270<\/strong><br \/>(+17 for winning)\n|raw|wavver's rating: 1130 &rarr; <strong>1113<\/strong><br \/>(-17 for losing)\n|l|\u2606wavver\n","uploadtime":1696859154,"views":5,"p1id":"denvah17","p2id":"wavver","formatid":"gen9nationaldexdoubles","rating":1113,"private":0,"password":""}