{"id":"gen9nationaldexdoubles-1954345200","p1":"Koge Takashii","p2":"ReadBlueExorcist","format":"[Gen 9] National Dex Doubles","log":"|j|\u2606Koge Takashii\n|j|\u2606ReadBlueExorcist\n|t:|1695882645\n|gametype|doubles\n|player|p1|Koge Takashii|jupiter|1203\n|player|p2|ReadBlueExorcist|265|1238\n|teamsize|p1|6\n|teamsize|p2|6\n|gen|9\n|tier|[Gen 9] National Dex Doubles\n|rated|\n|rule|HP Percentage Mod: HP is shown in percentages\n|rule|Endless Battle Clause: Forcing endless battles is banned\n|rule|OHKO Clause: OHKO moves are banned\n|rule|Evasion Moves Clause: Evasion moves are banned\n|rule|Evasion Abilities Clause: Evasion abilities are banned\n|rule|Species Clause: Limit one of each Pok\u00e9mon\n|rule|Gravity Sleep Clause: The combination of sleep-inducing moves with imperfect accuracy and Gravity or Gigantamax Orbeetle are banned\n|clearpoke\n|poke|p1|Gholdengo|\n|poke|p1|Volbeat, M|\n|poke|p1|Tropius, M|\n|poke|p1|Illumise, F|\n|poke|p1|Charizard, M|\n|poke|p1|Tyranitar, M|\n|poke|p2|Chandelure, M|\n|poke|p2|Sinistcha-Masterpiece|\n|poke|p2|Florges, F|\n|poke|p2|Sableye, F|\n|poke|p2|Hydreigon, M|\n|poke|p2|Quaquaval, M|\n|teampreview\n|inactive|Battle timer is ON: inactive players will automatically lose when time's up. (requested by ReadBlueExorcist)\n|\n|t:|1695882675\n|start\n|switch|p1a: Tropius|Tropius, M, shiny|100\/100\n|switch|p1b: Volbeat|Volbeat, M, shiny|100\/100\n|switch|p2a: Chandelure|Chandelure, M|100\/100\n|switch|p2b: Florges|Florges, F, shiny|100\/100\n|turn|1\n|inactive|ReadBlueExorcist has 120 seconds left.\n|\n|t:|1695882709\n|-terastallize|p1a: Tropius|Dragon\n|move|p1b: Volbeat|Light Screen|p1b: Volbeat\n|-sidestart|p1: Koge Takashii|move: Light Screen\n|move|p2b: Florges|Moonblast|p1a: Tropius\n|-supereffective|p1a: Tropius\n|-damage|p1a: Tropius|26\/100\n|move|p1a: Tropius|Dragon Tail|p2a: Chandelure\n|-damage|p2a: Chandelure|82\/100\n|drag|p2a: Hydreigon|Hydreigon, M|100\/100\n|\n|upkeep\n|turn|2\n|inactive|ReadBlueExorcist has 120 seconds left.\n|\n|t:|1695882743\n|switch|p1a: Tyranitar|Tyranitar, M, shiny|100\/100\n|-weather|Sandstorm|[from] ability: Sand Stream|[of] p1a: Tyranitar\n|move|p2a: Hydreigon|Dark Pulse|p1b: Volbeat\n|-damage|p1b: Volbeat|72\/100\n|-enditem|p1b: Volbeat|Red Card|[of] p2a: Hydreigon\n|drag|p2a: Sableye|Sableye, F|100\/100\n|move|p1b: Volbeat|U-turn|p2a: Sableye\n|-damage|p2a: Sableye|69\/100\n|inactive|Koge Takashii has 120 seconds left.\n|\n|t:|1695882756\n|switch|p1b: Charizard|Charizard, M, shiny|100\/100|[from] U-turn\n|move|p2b: Florges|Moonblast|p1a: Tyranitar\n|-supereffective|p1a: Tyranitar\n|-damage|p1a: Tyranitar|65\/100\n|\n|-weather|Sandstorm|[upkeep]\n|-damage|p1b: Charizard|94\/100|[from] Sandstorm\n|-damage|p2b: Florges|94\/100|[from] Sandstorm\n|-damage|p2a: Sableye|64\/100|[from] Sandstorm\n|-heal|p2b: Florges|100\/100|[from] item: Leftovers\n|upkeep\n|turn|3\n|inactive|ReadBlueExorcist has 120 seconds left.\n|\n|t:|1695882788\n|switch|p2a: Quaquaval|Quaquaval, M|100\/100\n|detailschange|p1b: Charizard|Charizard-Mega-X, M, shiny\n|-mega|p1b: Charizard|Charizard|Charizardite X\n|move|p1b: Charizard|Flamethrower|p2a: Quaquaval\n|-resisted|p2a: Quaquaval\n|-damage|p2a: Quaquaval|67\/100\n|move|p1a: Tyranitar|Sunny Day|p1a: Tyranitar\n|-weather|SunnyDay\n|move|p2b: Florges|Trailblaze|p2a: Quaquaval\n|-supereffective|p2a: Quaquaval\n|-damage|p2a: Quaquaval|49\/100\n|-boost|p2b: Florges|spe|1\n|-enditem|p2a: Quaquaval|Weakness Policy\n|-boost|p2a: Quaquaval|atk|2|[from] item: Weakness Policy\n|-boost|p2a: Quaquaval|spa|2|[from] item: Weakness Policy\n|\n|-weather|SunnyDay|[upkeep]\n|upkeep\n|turn|4\n|inactive|ReadBlueExorcist has 120 seconds left.\n|inactive|Koge Takashii has 120 seconds left.\n|inactive|ReadBlueExorcist has 90 seconds left.\n|\n|t:|1695882840\n|switch|p1b: Gholdengo|Gholdengo, shiny|100\/100\n|switch|p1a: Illumise|Illumise, F|100\/100\n|move|p2a: Quaquaval|Protect|p2a: Quaquaval\n|-singleturn|p2a: Quaquaval|Protect\n|move|p2b: Florges|Trailblaze|p1a: Illumise\n|-resisted|p1a: Illumise\n|-damage|p1a: Illumise|96\/100\n|-boost|p2b: Florges|spe|1\n|-enditem|p1a: Illumise|Red Card|[of] p2b: Florges\n|drag|p2b: Sableye|Sableye, F|64\/100\n|\n|-weather|SunnyDay|[upkeep]\n|upkeep\n|turn|5\n|inactive|ReadBlueExorcist has 90 seconds left.\n|\n|t:|1695882876\n|move|p1a: Illumise|Thunder Wave|p2a: Quaquaval\n|-status|p2a: Quaquaval|par\n|move|p2b: Sableye|Trick|p1b: Gholdengo\n|-immune|p1b: Gholdengo|[from] ability: Good as Gold\n|move|p1b: Gholdengo|Electro Ball|p2a: Quaquaval\n|-supereffective|p2a: Quaquaval\n|-damage|p2a: Quaquaval|0 fnt\n|faint|p2a: Quaquaval\n|\n|-weather|SunnyDay|[upkeep]\n|-sideend|p1: Koge Takashii|move: Light Screen\n|upkeep\n|\n|t:|1695882890\n|switch|p2a: Chandelure|Chandelure, M|82\/100\n|turn|6\n|inactive|ReadBlueExorcist has 90 seconds left.\n|\n|t:|1695882911\n|switch|p1b: Tyranitar|Tyranitar, M, shiny|65\/100\n|-weather|Sandstorm|[from] ability: Sand Stream|[of] p1b: Tyranitar\n|switch|p1a: Charizard|Charizard-Mega-X, M, shiny|94\/100\n|switch|p2b: Sinistcha|Sinistcha-Masterpiece|100\/100\n|-heal|p2a: Chandelure|100\/100|[from] ability: Hospitality|[of] p2b: Sinistcha\n|move|p2a: Chandelure|Trick Room|p2a: Chandelure\n|-fieldstart|move: Trick Room|[of] p2a: Chandelure\n|\n|-weather|Sandstorm|[upkeep]\n|-damage|p2b: Sinistcha|94\/100|[from] Sandstorm\n|-damage|p2a: Chandelure|94\/100|[from] Sandstorm\n|-damage|p1a: Charizard|88\/100|[from] Sandstorm\n|-heal|p2b: Sinistcha|100\/100|[from] item: Leftovers\n|upkeep\n|turn|7\n|inactive|ReadBlueExorcist has 90 seconds left.\n|\n|t:|1695882951\n|move|p2b: Sinistcha|Matcha Gotcha|p1a: Charizard|[spread] p1a,p1b\n|-resisted|p1a: Charizard\n|-supereffective|p1b: Tyranitar\n|-damage|p1a: Charizard|81\/100\n|-damage|p1b: Tyranitar|36\/100\n|move|p2a: Chandelure|Shadow Ball|p1a: Charizard\n|-damage|p1a: Charizard|16\/100\n|move|p1b: Tyranitar|Pursuit|p2a: Chandelure\n|-supereffective|p2a: Chandelure\n|-damage|p2a: Chandelure|44\/100\n|move|p1a: Charizard|Flamethrower|p2b: Sinistcha\n|-supereffective|p2b: Sinistcha\n|-damage|p2b: Sinistcha|0 fnt\n|faint|p2b: Sinistcha\n|\n|-weather|Sandstorm|[upkeep]\n|-damage|p2a: Chandelure|38\/100|[from] Sandstorm\n|-damage|p1a: Charizard|10\/100|[from] Sandstorm\n|upkeep\n|inactive|ReadBlueExorcist has 60 seconds left.\n|\n|t:|1695882977\n|switch|p2b: Florges|Florges, F, shiny|100\/100\n|turn|8\n|inactive|ReadBlueExorcist has 60 seconds left.\n|\n|t:|1695883009\n|switch|p1b: Volbeat|Volbeat, M, shiny|72\/100\n|switch|p1a: Tropius|Tropius, M, shiny, tera:Dragon|26\/100\n|move|p2a: Chandelure|Protect|p2a: Chandelure\n|-singleturn|p2a: Chandelure|Protect\n|move|p2b: Florges|Moonblast|p1b: Volbeat\n|-damage|p1b: Volbeat|17\/100\n|\n|-weather|Sandstorm|[upkeep]\n|-damage|p2a: Chandelure|32\/100|[from] Sandstorm\n|-damage|p2b: Florges|94\/100|[from] Sandstorm\n|-damage|p1a: Tropius|20\/100|[from] Sandstorm\n|-damage|p1b: Volbeat|10\/100|[from] Sandstorm\n|-heal|p2b: Florges|100\/100|[from] item: Leftovers\n|upkeep\n|turn|9\n|inactive|ReadBlueExorcist has 60 seconds left.\n|\n|t:|1695883032\n|move|p1b: Volbeat|Thunder Wave|p1a: Tropius\n|-status|p1a: Tropius|par\n|move|p1a: Tropius|Dragon Pulse|p2a: Chandelure\n|-damage|p2a: Chandelure|0 fnt\n|faint|p2a: Chandelure\n|move|p2b: Florges|Pollen Puff|p2: Chandelure|[notarget]\n|-fail|p2b: Florges\n|\n|-weather|Sandstorm|[upkeep]\n|-damage|p1a: Tropius|14\/100 par|[from] Sandstorm\n|-damage|p2b: Florges|94\/100|[from] Sandstorm\n|-damage|p1b: Volbeat|4\/100|[from] Sandstorm\n|-heal|p2b: Florges|100\/100|[from] item: Leftovers\n|upkeep\n|c|\u2606ReadBlueExorcist|SMART\n|inactive|ReadBlueExorcist has 30 seconds left.\n|c|\u2606ReadBlueExorcist|HUGE BRAIN\n|c|\u2606ReadBlueExorcist|nice\n|inactive|ReadBlueExorcist has 20 seconds left.\n|inactive|ReadBlueExorcist has 15 seconds left.\n|\n|t:|1695883072\n|switch|p2a: Sableye|Sableye, F|64\/100\n|turn|10\n|inactive|ReadBlueExorcist has 30 seconds left.\n|inactive|ReadBlueExorcist has 20 seconds left.\n|inactive|ReadBlueExorcist has 15 seconds left.\n|inactive|Koge Takashii has 120 seconds left.\n|inactive|ReadBlueExorcist has 10 seconds left.\n|inactive|Koge Takashii has 90 seconds left.\n|\n|t:|1695883144\n|move|p1b: Volbeat|Thunder Wave|p2b: Florges\n|-status|p2b: Florges|par\n|move|p2a: Sableye|Trick|p1a: Tropius\n|-activate|p2a: Sableye|move: Trick|[of] p1a: Tropius\n|-item|p1a: Tropius|Lagging Tail|[from] move: Trick\n|-item|p2a: Sableye|Choice Specs|[from] move: Trick\n|move|p2b: Florges|Pollen Puff|p2a: Sableye\n|-heal|p2a: Sableye|100\/100\n|move|p1a: Tropius|Dragon Pulse|p2a: Sableye\n|-damage|p2a: Sableye|67\/100\n|\n|-weather|none\n|-fieldend|move: Trick Room\n|upkeep\n|turn|11\n|inactive|ReadBlueExorcist has 30 seconds left.\n|inactive|Koge Takashii has 90 seconds left.\n|inactive|ReadBlueExorcist has 20 seconds left.\n|inactive|ReadBlueExorcist has 15 seconds left.\n|inactive|ReadBlueExorcist has 10 seconds left.\n|inactive|ReadBlueExorcist has 5 seconds left.\n|\n|t:|1695883178\n|move|p1b: Volbeat|Light Screen|p1b: Volbeat\n|-sidestart|p1: Koge Takashii|move: Light Screen\n|move|p2a: Sableye|Trick|p2b: Florges\n|-activate|p2a: Sableye|move: Trick|[of] p2b: Florges\n|-item|p2b: Florges|Choice Specs|[from] move: Trick\n|-item|p2a: Sableye|Leftovers|[from] move: Trick\n|move|p2b: Florges|Trailblaze|p1b: Volbeat\n|-resisted|p1b: Volbeat\n|-crit|p1b: Volbeat\n|-damage|p1b: Volbeat|0 fnt\n|-boost|p2b: Florges|spe|1\n|faint|p1b: Volbeat\n|cant|p1a: Tropius|par\n|\n|-heal|p2a: Sableye|73\/100|[from] item: Leftovers\n|upkeep\n|inactive|ReadBlueExorcist has 10 seconds left this turn.\n|\n|t:|1695883196\n|switch|p1b: Gholdengo|Gholdengo, shiny|100\/100\n|turn|12\n|inactive|Koge Takashii has 90 seconds left.\n|inactive|ReadBlueExorcist has 30 seconds left.\n|inactive|ReadBlueExorcist has 20 seconds left.\n|inactive|ReadBlueExorcist has 15 seconds left.\n|inactive|ReadBlueExorcist has 10 seconds left.\n|inactive|ReadBlueExorcist has 5 seconds left.\n|-message|ReadBlueExorcist lost due to inactivity.\n|\n|win|Koge Takashii\n|raw|Koge Takashii's rating: 1203 &rarr; <strong>1231<\/strong><br \/>(+28 for winning)\n|raw|ReadBlueExorcist's rating: 1238 &rarr; <strong>1210<\/strong><br \/>(-28 for losing)\n|l|\u2606ReadBlueExorcist\n","uploadtime":1695883274,"views":8,"p1id":"kogetakashii","p2id":"readblueexorcist","formatid":"gen9nationaldexdoubles","rating":1210,"private":0,"password":""}