{"id":"gen9nationaldexdoubles-1988105199","p1":"Muslceman2033","p2":"decidoustree","format":"[Gen 9] National Dex Doubles","log":"|j|\u2606Muslceman2033\n|j|\u2606decidoustree\n|t:|1699670144\n|gametype|doubles\n|player|p1|Muslceman2033|benga|\n|player|p2|decidoustree|caitlin|\n|teamsize|p1|6\n|teamsize|p2|6\n|gen|9\n|tier|[Gen 9] National Dex Doubles\n|rule|HP Percentage Mod: HP is shown in percentages\n|rule|Endless Battle Clause: Forcing endless battles is banned\n|rule|OHKO Clause: OHKO moves are banned\n|rule|Evasion Moves Clause: Evasion moves are banned\n|rule|Evasion Abilities Clause: Evasion abilities are banned\n|rule|Species Clause: Limit one of each Pok\u00e9mon\n|rule|Gravity Sleep Clause: The combination of sleep-inducing moves with imperfect accuracy and Gravity or Gigantamax Orbeetle are banned\n|clearpoke\n|poke|p1|Palafin, M|\n|poke|p1|Scizor, F|\n|poke|p1|Iron Bundle|\n|poke|p1|Armarouge, F|\n|poke|p1|Great Tusk|\n|poke|p1|Kingambit, M|\n|poke|p2|Indeedee-F, F|\n|poke|p2|Scolipede, M|\n|poke|p2|Audino, F|\n|poke|p2|Garbodor, M|\n|poke|p2|Aegislash, M|\n|poke|p2|Krookodile, M|\n|teampreview\n|\n|t:|1699670156\n|start\n|switch|p1a: Palafin|Palafin, M|100\/100\n|switch|p1b: Scizor|Scizor, F|100\/100\n|switch|p2a: Eye Sword|Aegislash, M|100\/100\n|switch|p2b: Amine|Audino, F|100\/100\n|turn|1\n|\n|t:|1699670177\n|detailschange|p1a: Palafin|Palafin-Hero, M\n|switch|p1a: Iron Bundle|Iron Bundle|100\/100\n|-enditem|p1a: Iron Bundle|Booster Energy\n|-activate|p1a: Iron Bundle|ability: Quark Drive|[fromitem]\n|-start|p1a: Iron Bundle|quarkdrivespe\n|detailschange|p1b: Scizor|Scizor-Mega, F\n|-mega|p1b: Scizor|Scizor|Scizorite\n|move|p2a: Eye Sword|King's Shield|p2a: Eye Sword\n|-singleturn|p2a: Eye Sword|Protect\n|move|p1b: Scizor|Bullet Punch|p2b: Amine\n|-damage|p2b: Amine|68\/100\n|move|p2b: Amine|Trick Room|p2b: Amine\n|-fieldstart|move: Trick Room|[of] p2b: Amine\n|\n|upkeep\n|turn|2\n|j| MikazukiRex_\n|\n|t:|1699670206\n|move|p1b: Scizor|Bullet Punch|p2b: Amine\n|-damage|p2b: Amine|40\/100\n|move|p2b: Amine|Yawn|p1b: Scizor\n|-start|p1b: Scizor|move: Yawn|[of] p2b: Amine\n|move|p2a: Eye Sword|Swords Dance|p2a: Eye Sword\n|-boost|p2a: Eye Sword|atk|2\n|move|p1a: Iron Bundle|Chilling Water|p2b: Amine\n|-damage|p2b: Amine|18\/100\n|-unboost|p2b: Amine|atk|1\n|\n|upkeep\n|turn|3\n|\n|t:|1699670234\n|switch|p2b: Amide|Indeedee-F, F|100\/100\n|-fieldstart|move: Psychic Terrain|[from] ability: Psychic Surge|[of] p2b: Amide\n|move|p1b: Scizor|Bullet Punch|p2b: Amide\n|-activate|p2b: Amide|move: Psychic Terrain\n|-formechange|p2a: Eye Sword|Aegislash-Blade||[from] ability: Stance Change\n|move|p2a: Eye Sword|Sacred Sword|p1a: Iron Bundle\n|-supereffective|p1a: Iron Bundle\n|-damage|p1a: Iron Bundle|0 fnt\n|faint|p1a: Iron Bundle\n|-end|p1a: Iron Bundle|Quark Drive|[silent]\n|\n|-end|p1b: Scizor|move: Yawn|[silent]\n|-status|p1b: Scizor|slp\n|upkeep\n|\n|t:|1699670249\n|switch|p1a: Armarouge|Armarouge, F|100\/100\n|turn|4\n|\n|t:|1699670260\n|switch|p2b: Amine|Audino, F|52\/100\n|-formechange|p2a: Eye Sword|Aegislash||[from] ability: Stance Change\n|move|p2a: Eye Sword|King's Shield|p2a: Eye Sword\n|-singleturn|p2a: Eye Sword|Protect\n|move|p1a: Armarouge|Armor Cannon|p2a: Eye Sword\n|-activate|p2a: Eye Sword|move: Protect\n|cant|p1b: Scizor|slp\n|\n|upkeep\n|turn|5\n|c| MikazukiRex_|holy shit what a play decidous\n|\n|t:|1699670288\n|-terastallize|p2a: Eye Sword|Fire\n|move|p2b: Amine|Helping Hand|p2a: Eye Sword\n|-singleturn|p2a: Eye Sword|Helping Hand|[of] p2b: Amine\n|-curestatus|p1b: Scizor|slp|[msg]\n|move|p1b: Scizor|Bullet Punch|p2b: Amine\n|-activate|p2b: Amine|move: Psychic Terrain\n|-formechange|p2a: Eye Sword|Aegislash-Blade||[from] ability: Stance Change\n|move|p2a: Eye Sword|Sacred Sword|p1b: Scizor\n|-damage|p1b: Scizor|23\/100\n|move|p1a: Armarouge|Armor Cannon|p2a: Eye Sword\n|-resisted|p2a: Eye Sword\n|-damage|p2a: Eye Sword|41\/100\n|-unboost|p1a: Armarouge|def|1\n|-unboost|p1a: Armarouge|spd|1\n|\n|-fieldend|move: Trick Room\n|upkeep\n|turn|6\n|\n|t:|1699670320\n|detailschange|p2b: Amine|Audino-Mega, F\n|-mega|p2b: Amine|Audino|Audinite\n|-terastallize|p1a: Armarouge|Fire\n|-formechange|p2a: Eye Sword|Aegislash||[from] ability: Stance Change\n|move|p2a: Eye Sword|King's Shield|p2a: Eye Sword\n|-singleturn|p2a: Eye Sword|Protect\n|move|p1b: Scizor|Dual Wingbeat|p2b: Amine\n|-damage|p2b: Amine|36\/100\n|-damage|p2b: Amine|22\/100\n|-hitcount|p2b: Amine|2\n|move|p1a: Armarouge|Aura Sphere|p2a: Eye Sword\n|-activate|p2a: Eye Sword|move: Protect\n|move|p2b: Amine|Trick Room|p2b: Amine\n|-fieldstart|move: Trick Room|[of] p2b: Amine\n|\n|upkeep\n|turn|7\n|\n|t:|1699670362\n|move|p2b: Amine|Helping Hand|p2a: Eye Sword\n|-singleturn|p2a: Eye Sword|Helping Hand|[of] p2b: Amine\n|-formechange|p2a: Eye Sword|Aegislash-Blade||[from] ability: Stance Change\n|move|p2a: Eye Sword|Sacred Sword|p1a: Armarouge\n|-damage|p1a: Armarouge|0 fnt\n|faint|p1a: Armarouge\n|move|p1b: Scizor|Dual Wingbeat|p2b: Amine\n|-damage|p2b: Amine|5\/100\n|-crit|p2b: Amine\n|-damage|p2b: Amine|0 fnt\n|faint|p2b: Amine\n|-hitcount|p2: Amine|2\n|\n|-fieldend|move: Psychic Terrain\n|upkeep\n|\n|t:|1699670385\n|switch|p2b: Amide|Indeedee-F, F|100\/100\n|switch|p1a: Great Tusk|Great Tusk|100\/100\n|-fieldstart|move: Psychic Terrain|[from] ability: Psychic Surge|[of] p2b: Amide\n|-enditem|p1a: Great Tusk|Booster Energy\n|-activate|p1a: Great Tusk|ability: Protosynthesis|[fromitem]\n|-start|p1a: Great Tusk|protosynthesisatk\n|turn|8\n|\n|t:|1699670427\n|move|p2a: Eye Sword|Sacred Sword|p1a: Great Tusk\n|-damage|p1a: Great Tusk|50\/100\n|move|p1b: Scizor|Bug Bite|p2b: Amide\n|-supereffective|p2b: Amide\n|-damage|p2b: Amide|0 fnt\n|faint|p2b: Amide\n|move|p1a: Great Tusk|Headlong Rush|p2a: Eye Sword\n|-supereffective|p2a: Eye Sword\n|-damage|p2a: Eye Sword|0 fnt\n|-unboost|p1a: Great Tusk|def|1\n|-unboost|p1a: Great Tusk|spd|1\n|faint|p2a: Eye Sword\n|\n|upkeep\n|\n|t:|1699670449\n|switch|p2a: Starbucks\ud83e\udd2e\ud83e\udd2e|Garbodor, M|100\/100\n|switch|p2b: Acidic Chloride|Scolipede, M|100\/100\n|turn|9\n|\n|t:|1699670494\n|switch|p2b: Kroko|Krookodile, M|100\/100\n|move|p2a: Starbucks\ud83e\udd2e\ud83e\udd2e|Rock Blast|p1a: Great Tusk\n|-resisted|p1a: Great Tusk\n|-damage|p1a: Great Tusk|48\/100\n|-resisted|p1a: Great Tusk\n|-damage|p1a: Great Tusk|47\/100\n|-resisted|p1a: Great Tusk\n|-damage|p1a: Great Tusk|45\/100\n|-resisted|p1a: Great Tusk\n|-damage|p1a: Great Tusk|44\/100\n|-resisted|p1a: Great Tusk\n|-damage|p1a: Great Tusk|42\/100\n|-hitcount|p1a: Great Tusk|5\n|move|p1b: Scizor|Dual Wingbeat|p2b: Kroko\n|-damage|p2b: Kroko|69\/100\n|-damage|p2b: Kroko|40\/100\n|-hitcount|p2b: Kroko|2\n|move|p1a: Great Tusk|Zen Headbutt|p2a: Starbucks\ud83e\udd2e\ud83e\udd2e\n|-supereffective|p2a: Starbucks\ud83e\udd2e\ud83e\udd2e\n|-damage|p2a: Starbucks\ud83e\udd2e\ud83e\udd2e|16\/100\n|\n|upkeep\n|turn|10\n|\n|t:|1699670530\n|move|p1b: Scizor|Dual Wingbeat|p2b: Kroko|[miss]\n|-miss|p1b: Scizor|p2b: Kroko\n|move|p2a: Starbucks\ud83e\udd2e\ud83e\udd2e|Rock Blast|p1b: Scizor\n|-damage|p1b: Scizor|18\/100\n|-damage|p1b: Scizor|14\/100\n|-damage|p1b: Scizor|10\/100\n|-damage|p1b: Scizor|5\/100\n|-damage|p1b: Scizor|1\/100\n|-hitcount|p1b: Scizor|5\n|move|p1a: Great Tusk|Zen Headbutt|p2a: Starbucks\ud83e\udd2e\ud83e\udd2e\n|-supereffective|p2a: Starbucks\ud83e\udd2e\ud83e\udd2e\n|-damage|p2a: Starbucks\ud83e\udd2e\ud83e\udd2e|0 fnt\n|faint|p2a: Starbucks\ud83e\udd2e\ud83e\udd2e\n|move|p2b: Kroko|Earthquake|p1a: Great Tusk|[spread] p1a,p1b\n|-damage|p1a: Great Tusk|0 fnt\n|-damage|p1b: Scizor|0 fnt\n|faint|p1a: Great Tusk\n|-end|p1a: Great Tusk|Protosynthesis|[silent]\n|faint|p1b: Scizor\n|-ability|p2b: Kroko|Moxie|boost\n|-boost|p2b: Kroko|atk|2\n|\n|-fieldend|move: Trick Room\n|upkeep\n|\n|t:|1699670556\n|switch|p1a: Palafin|Palafin-Hero, M|100\/100\n|switch|p2a: Acidic Chloride|Scolipede, M|100\/100\n|switch|p1b: Kingambit|Kingambit, M|100\/100\n|-activate|p1a: Palafin|ability: Zero to Hero\n|-activate|p1b: Kingambit|ability: Supreme Overlord\n|-start|p1b: Kingambit|fallen4|[silent]\n|turn|11\n|\n|t:|1699670568\n|move|p2b: Kroko|Earthquake|p1a: Palafin|[spread] p2a,p1a,p1b\n|-supereffective|p1b: Kingambit\n|-enditem|p2a: Acidic Chloride|Focus Sash\n|-damage|p2a: Acidic Chloride|1\/100\n|-damage|p1a: Palafin|42\/100\n|-damage|p1b: Kingambit|0 fnt\n|faint|p1b: Kingambit\n|-end|p1b: Kingambit|fallen4|[silent]\n|-ability|p2b: Kroko|Moxie|boost\n|-boost|p2b: Kroko|atk|1\n|move|p2a: Acidic Chloride|Swords Dance|p2a: Acidic Chloride\n|-boost|p2a: Acidic Chloride|atk|2\n|move|p1a: Palafin|Drain Punch|p2b: Kroko\n|-supereffective|p2b: Kroko\n|-damage|p2b: Kroko|0 fnt\n|-heal|p1a: Palafin|58\/100|[from] drain|[of] p2b: Kroko\n|faint|p2b: Kroko\n|\n|-ability|p2a: Acidic Chloride|Speed Boost|boost\n|-boost|p2a: Acidic Chloride|spe|1\n|upkeep\n|turn|12\n|\n|t:|1699670593\n|move|p2a: Acidic Chloride|Poison Jab|p1a: Palafin\n|-damage|p1a: Palafin|0 fnt\n|faint|p1a: Palafin\n|\n|win|decidoustree\n|c| MikazukiRex_|ggs\n|c|\u2606decidoustree|gg\n|l|\u2606Muslceman2033\n|l| MikazukiRex_\n","uploadtime":1699670601,"views":67,"p1id":"muslceman2033","p2id":"decidoustree","formatid":"gen9nationaldexdoubles","rating":0,"private":0,"password":""}