{"id":"gen9nationaldexdoubles-1949398924","p1":"Anna Lisa Melculo","p2":"Thalassophobia","format":"[Gen 9] National Dex Doubles","log":"|j|\u2606Anna Lisa Melculo\n|j|\u2606Thalassophobia\n|t:|1695355634\n|gametype|doubles\n|player|p1|Anna Lisa Melculo|1|1127\n|player|p2|Thalassophobia|pokekid|1092\n|teamsize|p1|6\n|teamsize|p2|6\n|gen|9\n|tier|[Gen 9] National Dex Doubles\n|rated|\n|rule|HP Percentage Mod: HP is shown in percentages\n|rule|Endless Battle Clause: Forcing endless battles is banned\n|rule|OHKO Clause: OHKO moves are banned\n|rule|Evasion Moves Clause: Evasion moves are banned\n|rule|Evasion Abilities Clause: Evasion abilities are banned\n|rule|Species Clause: Limit one of each Pok\u00e9mon\n|rule|Gravity Sleep Clause: The combination of sleep-inducing moves with imperfect accuracy and Gravity or Gigantamax Orbeetle are banned\n|clearpoke\n|poke|p1|Torkoal, M|\n|poke|p1|Flutter Mane|\n|poke|p1|Walking Wake|\n|poke|p1|Slither Wing|\n|poke|p1|Chien-Pao|\n|poke|p1|Kingambit, M|\n|poke|p2|Umbreon, F|\n|poke|p2|Vaporeon, F|\n|poke|p2|Sylveon, M|\n|poke|p2|Ambipom, M|\n|poke|p2|Floatzel, M|\n|poke|p2|Glaceon, F|\n|teampreview\n|inactive|Battle timer is ON: inactive players will automatically lose when time's up. (requested by Thalassophobia)\n|\n|t:|1695355661\n|start\n|switch|p1a: PeloeQk|Flutter Mane|100\/100\n|switch|p1b: Cheems-Pao|Chien-Pao|100\/100\n|switch|p2a: Umbreon|Umbreon, F, shiny|100\/100\n|switch|p2b: Ambipom|Ambipom, M|100\/100\n|-ability|p1b: Cheems-Pao|Sword of Ruin\n|turn|1\n|\n|t:|1695355681\n|switch|p1b: Pana Zulia|Torkoal, M|100\/100\n|-weather|SunnyDay|[from] ability: Drought|[of] p1b: Pana Zulia\n|-activate|p1a: PeloeQk|ability: Protosynthesis\n|-start|p1a: PeloeQk|protosynthesisspe\n|move|p2b: Ambipom|Fake Out|p1b: Pana Zulia\n|-damage|p1b: Pana Zulia|80\/100\n|-damage|p2b: Ambipom|91\/100|[from] item: Life Orb\n|move|p1a: PeloeQk|Calm Mind|p1a: PeloeQk\n|-boost|p1a: PeloeQk|spa|1\n|-boost|p1a: PeloeQk|spd|1\n|move|p2a: Umbreon|Calm Mind|p2a: Umbreon\n|-boost|p2a: Umbreon|spa|1\n|-boost|p2a: Umbreon|spd|1\n|\n|-weather|SunnyDay|[upkeep]\n|upkeep\n|turn|2\n|\n|t:|1695355709\n|move|p1a: PeloeQk|Dazzling Gleam|p2b: Ambipom|[spread] p2a,p2b\n|-supereffective|p2a: Umbreon\n|-damage|p2a: Umbreon|52\/100\n|-damage|p2b: Ambipom|0 fnt\n|faint|p2b: Ambipom\n|-damage|p1a: PeloeQk|90\/100|[from] item: Life Orb\n|move|p2a: Umbreon|Baton Pass|p2a: Umbreon\n|\n|t:|1695355720\n|switch|p2a: Glaceon|Glaceon, F, shiny|100\/100|[from] Baton Pass\n|move|p1b: Pana Zulia|Eruption|p2a: Glaceon\n|-supereffective|p2a: Glaceon\n|-damage|p2a: Glaceon|13\/100\n|\n|-weather|SunnyDay|[upkeep]\n|upkeep\n|\n|t:|1695355728\n|switch|p2b: Vaporeon|Vaporeon, F|100\/100\n|turn|3\n|\n|t:|1695355736\n|move|p1a: PeloeQk|Dazzling Gleam|p2b: Vaporeon|[spread] p2a,p2b\n|-damage|p2a: Glaceon|0 fnt\n|-damage|p2b: Vaporeon|58\/100\n|faint|p2a: Glaceon\n|-damage|p1a: PeloeQk|80\/100|[from] item: Life Orb\n|move|p2b: Vaporeon|Aqua Ring|p2b: Vaporeon\n|-start|p2b: Vaporeon|Aqua Ring\n|move|p1b: Pana Zulia|Stealth Rock|p2b: Vaporeon\n|-sidestart|p2: Thalassophobia|move: Stealth Rock\n|\n|-weather|SunnyDay|[upkeep]\n|-heal|p2b: Vaporeon|65\/100|[from] item: Leftovers\n|-heal|p2b: Vaporeon|71\/100|[from] Aqua Ring\n|upkeep\n|\n|t:|1695355748\n|switch|p2a: Floatzel|Floatzel, M|100\/100\n|-damage|p2a: Floatzel|88\/100|[from] Stealth Rock\n|turn|4\n|\n|t:|1695355759\n|move|p1a: PeloeQk|Calm Mind|p1a: PeloeQk\n|-boost|p1a: PeloeQk|spa|1\n|-boost|p1a: PeloeQk|spd|1\n|move|p2a: Floatzel|Surf|p1a: PeloeQk|[spread] p1a,p1b\n|-heal|p2b: Vaporeon|96\/100|[from] ability: Water Absorb|[of] p2a: Floatzel\n|-supereffective|p1b: Pana Zulia\n|-damage|p1a: PeloeQk|76\/100\n|-damage|p1b: Pana Zulia|57\/100\n|move|p2b: Vaporeon|Scald|p1a: PeloeQk\n|-damage|p1a: PeloeQk|67\/100\n|move|p1b: Pana Zulia|Yawn|p2b: Vaporeon\n|-start|p2b: Vaporeon|move: Yawn|[of] p1b: Pana Zulia\n|\n|-weather|SunnyDay|[upkeep]\n|-heal|p2a: Floatzel|94\/100|[from] item: Leftovers\n|-heal|p2b: Vaporeon|100\/100|[from] item: Leftovers\n|upkeep\n|turn|5\n|\n|t:|1695355785\n|switch|p1b: Cheems-Pao|Chien-Pao|100\/100\n|-ability|p1b: Cheems-Pao|Sword of Ruin\n|move|p1a: PeloeQk|Dazzling Gleam|p2a: Floatzel|[spread] p2a,p2b\n|-damage|p2a: Floatzel|0 fnt\n|-damage|p2b: Vaporeon|47\/100\n|faint|p2a: Floatzel\n|-damage|p1a: PeloeQk|57\/100|[from] item: Life Orb\n|move|p2b: Vaporeon|Scald|p1a: PeloeQk\n|-damage|p1a: PeloeQk|49\/100\n|\n|-weather|none\n|-end|p1a: PeloeQk|Protosynthesis\n|-heal|p2b: Vaporeon|54\/100|[from] item: Leftovers\n|-heal|p2b: Vaporeon|60\/100|[from] Aqua Ring\n|-end|p2b: Vaporeon|move: Yawn|[silent]\n|-status|p2b: Vaporeon|slp\n|upkeep\n|inactive|Thalassophobia has 120 seconds left.\n|\n|t:|1695355805\n|switch|p2a: Umbreon|Umbreon, F, shiny|52\/100\n|-damage|p2a: Umbreon|40\/100|[from] Stealth Rock\n|turn|6\n|\n|t:|1695355817\n|-terastallize|p2a: Umbreon|Psychic\n|move|p1b: Cheems-Pao|Ice Spinner|p2a: Umbreon\n|-damage|p2a: Umbreon|10\/100\n|move|p1a: PeloeQk|Dazzling Gleam|p2a: Umbreon|[spread] p2a,p2b\n|-damage|p2a: Umbreon|0 fnt\n|-damage|p2b: Vaporeon|3\/100 slp\n|faint|p2a: Umbreon\n|-damage|p1a: PeloeQk|39\/100|[from] item: Life Orb\n|cant|p2b: Vaporeon|slp\n|\n|-heal|p2b: Vaporeon|10\/100 slp|[from] item: Leftovers\n|-heal|p2b: Vaporeon|16\/100 slp|[from] Aqua Ring\n|upkeep\n|\n|t:|1695355830\n|switch|p2a: Sylveon|Sylveon, M|100\/100\n|-damage|p2a: Sylveon|88\/100|[from] Stealth Rock\n|turn|7\n|\n|t:|1695355839\n|move|p1b: Cheems-Pao|Ice Spinner|p2a: Sylveon\n|-damage|p2a: Sylveon|27\/100\n|move|p1a: PeloeQk|Dazzling Gleam|p2a: Sylveon|[spread] p2a,p2b\n|-damage|p2a: Sylveon|0 fnt\n|-damage|p2b: Vaporeon|0 fnt\n|faint|p2a: Sylveon\n|faint|p2b: Vaporeon\n|-damage|p1a: PeloeQk|29\/100|[from] item: Life Orb\n|\n|win|Anna Lisa Melculo\n|raw|Anna Lisa Melculo's rating: 1127 &rarr; <strong>1149<\/strong><br \/>(+22 for winning)\n|raw|Thalassophobia's rating: 1092 &rarr; <strong>1071<\/strong><br \/>(-21 for losing)\n|l|\u2606Thalassophobia\n","uploadtime":1695355853,"views":7,"p1id":"annalisamelculo","p2id":"thalassophobia","formatid":"gen9nationaldexdoubles","rating":1071,"private":0,"password":""}