{"id":"gen9nationaldexdoubles-1961412577","p1":"Redzone92","p2":"MosheahVOWS","format":"[Gen 9] National Dex Doubles","log":"|j|\u2606Redzone92\n|j|\u2606MosheahVOWS\n|t:|1696623049\n|gametype|doubles\n|player|p1|Redzone92|alder|\n|player|p2|MosheahVOWS|burglar|\n|teamsize|p1|6\n|teamsize|p2|6\n|gen|9\n|tier|[Gen 9] National Dex Doubles\n|rule|HP Percentage Mod: HP is shown in percentages\n|rule|Endless Battle Clause: Forcing endless battles is banned\n|rule|OHKO Clause: OHKO moves are banned\n|rule|Evasion Moves Clause: Evasion moves are banned\n|rule|Evasion Abilities Clause: Evasion abilities are banned\n|rule|Species Clause: Limit one of each Pok\u00e9mon\n|rule|Gravity Sleep Clause: The combination of sleep-inducing moves with imperfect accuracy and Gravity or Gigantamax Orbeetle are banned\n|clearpoke\n|poke|p1|Zarude|\n|poke|p1|Kommo-o, M|\n|poke|p1|Heatran, F|\n|poke|p1|Rabsca, M|\n|poke|p1|Aerodactyl, F|\n|poke|p1|Zoroark-Hisui, F|\n|poke|p2|Skarmory, F|\n|poke|p2|Tapu Koko|\n|poke|p2|Latios, M|\n|poke|p2|Gallade, M|\n|poke|p2|Heatran, M|\n|poke|p2|Iron Hands|\n|teampreview\n|\n|t:|1696623079\n|start\n|switch|p1a: Heatran|Heatran, F|100\/100\n|switch|p1b: Rabsca|Rabsca, M|100\/100\n|switch|p2a: Latios|Latios, M|100\/100\n|switch|p2b: Gallade|Gallade, M|100\/100\n|turn|1\n|\n|t:|1696623109\n|detailschange|p2b: Gallade|Gallade-Mega, M\n|-mega|p2b: Gallade|Gallade|Galladite\n|move|p1a: Heatran|Bitter Malice|p2a: Latios\n|-supereffective|p2a: Latios\n|-damage|p2a: Latios|25\/100\n|-unboost|p2a: Latios|atk|1\n|-enditem|p2a: Latios|Salac Berry|[eat]\n|-boost|p2a: Latios|spe|1|[from] item: Salac Berry\n|move|p2a: Latios|Tailwind|p2a: Latios\n|-sidestart|p2: MosheahVOWS|move: Tailwind\n|move|p2b: Gallade|Swords Dance|p2b: Gallade\n|-boost|p2b: Gallade|atk|2\n|move|p1b: Rabsca|Reflect|p1b: Rabsca\n|-sidestart|p1: Redzone92|Reflect\n|\n|upkeep\n|turn|2\n|\n|t:|1696623142\n|move|p2a: Latios|Dragon Pulse|p1b: Rabsca\n|-damage|p1b: Rabsca|71\/100\n|move|p2b: Gallade|Close Combat|p1a: Heatran\n|-immune|p1a: Heatran\n|move|p1a: Heatran|Bitter Malice|p2a: Latios\n|-supereffective|p2a: Latios\n|-damage|p2a: Latios|0 fnt\n|faint|p2a: Latios\n|move|p1b: Rabsca|Light Screen|p1b: Rabsca\n|-sidestart|p1: Redzone92|move: Light Screen\n|\n|upkeep\n|\n|t:|1696623164\n|switch|p2a: Tapu Koko|Tapu Koko|100\/100\n|-fieldstart|move: Electric Terrain|[from] ability: Electric Surge|[of] p2a: Tapu Koko\n|turn|3\n|j| Flungusdungus\n|l| Flungusdungus\n|\n|t:|1696623192\n|move|p2a: Tapu Koko|Dazzling Gleam|p1b: Rabsca|[spread] p1a,p1b\n|-damage|p1a: Heatran|64\/100\n|-damage|p1b: Rabsca|54\/100\n|replace|p1a: Zoroark|Zoroark-Hisui, F\n|-end|p1a: Zoroark|Illusion\n|move|p2b: Gallade|Psycho Cut|p1a: Zoroark\n|-damage|p1a: Zoroark|0 fnt\n|faint|p1a: Zoroark\n|move|p1b: Rabsca|Bug Buzz|p2b: Gallade\n|-damage|p2b: Gallade|48\/100\n|-unboost|p2b: Gallade|spd|1\n|\n|upkeep\n|\n|t:|1696623218\n|switch|p1a: Aerodactyl|Aerodactyl, F|100\/100\n|turn|4\n|\n|t:|1696623269\n|detailschange|p1a: Aerodactyl|Aerodactyl-Mega, F\n|-mega|p1a: Aerodactyl|Aerodactyl|Aerodactylite\n|move|p2b: Gallade|Endure|p2b: Gallade\n|-singleturn|p2b: Gallade|move: Endure\n|move|p2a: Tapu Koko|Volt Switch|p1a: Aerodactyl\n|-supereffective|p1a: Aerodactyl\n|-damage|p1a: Aerodactyl|39\/100\n|\n|t:|1696623276\n|switch|p2a: Skarmory|Skarmory, F|100\/100|[from] Volt Switch\n|move|p1a: Aerodactyl|Dragon Dance|p1a: Aerodactyl\n|-boost|p1a: Aerodactyl|atk|1\n|-boost|p1a: Aerodactyl|spe|1\n|move|p1b: Rabsca|Bug Buzz|p2b: Gallade\n|-activate|p2b: Gallade|move: Endure\n|-damage|p2b: Gallade|1\/100\n|\n|-sideend|p2: MosheahVOWS|move: Tailwind\n|upkeep\n|turn|5\n|\n|t:|1696623303\n|move|p2b: Gallade|Endure|p2b: Gallade\n|-singleturn|p2b: Gallade|move: Endure\n|move|p1a: Aerodactyl|Dual Wingbeat|p2b: Gallade\n|-supereffective|p2b: Gallade\n|-activate|p2b: Gallade|move: Endure\n|-damage|p2b: Gallade|1\/100\n|-supereffective|p2b: Gallade\n|-activate|p2b: Gallade|move: Endure\n|-damage|p2b: Gallade|1\/100\n|-hitcount|p2b: Gallade|2\n|move|p1b: Rabsca|Revival Blessing|p1b: Rabsca\n|\n|t:|1696623312\n|-heal|p1: Zoroark|50\/100|[from] move: Revival Blessing\n|move|p2a: Skarmory|Whirlwind|p1a: Aerodactyl\n|drag|p1a: Zarude|Zarude|100\/100\n|\n|upkeep\n|turn|6\n|\n|t:|1696623363\n|switch|p1b: Heatran|Heatran, F|100\/100\n|move|p2b: Gallade|Close Combat|p1a: Zarude\n|-supereffective|p1a: Zarude\n|-damage|p1a: Zarude|0 fnt\n|-unboost|p2b: Gallade|def|1\n|-unboost|p2b: Gallade|spd|1\n|faint|p1a: Zarude\n|move|p2a: Skarmory|Brave Bird|p1b: Heatran\n|-resisted|p1b: Heatran\n|-damage|p1b: Heatran|92\/100\n|-damage|p2a: Skarmory|84\/100|[from] item: Rocky Helmet|[of] p1b: Heatran\n|-damage|p2a: Skarmory|81\/100|[from] Recoil\n|\n|-heal|p2a: Skarmory|87\/100|[from] item: Leftovers\n|upkeep\n|\n|t:|1696623386\n|switch|p1a: Rabsca|Rabsca, M|50\/100\n|turn|7\n|\n|t:|1696623417\n|move|p1a: Rabsca|Flamethrower|p2a: Skarmory\n|-supereffective|p2a: Skarmory\n|-damage|p2a: Skarmory|0 fnt\n|faint|p2a: Skarmory\n|move|p2b: Gallade|Psycho Cut|p1b: Heatran\n|-resisted|p1b: Heatran\n|-damage|p1b: Heatran|71\/100\n|move|p1b: Heatran|Earth Power|p2b: Gallade\n|-damage|p2b: Gallade|0 fnt\n|faint|p2b: Gallade\n|\n|-fieldend|move: Electric Terrain\n|upkeep\n|\n|t:|1696623432\n|switch|p2b: Iron Hands|Iron Hands|100\/100\n|switch|p2a: Tapu Koko|Tapu Koko|100\/100\n|-fieldstart|move: Electric Terrain|[from] ability: Electric Surge|[of] p2a: Tapu Koko\n|-activate|p2b: Iron Hands|ability: Quark Drive\n|-start|p2b: Iron Hands|quarkdriveatk\n|turn|8\n|\n|t:|1696623488\n|-terastallize|p1b: Heatran|Grass\n|move|p2a: Tapu Koko|Dazzling Gleam|p1a: Rabsca|[spread] p1a,p1b\n|-damage|p1a: Rabsca|12\/100\n|-damage|p1b: Heatran|52\/100\n|replace|p1a: Zoroark|Zoroark-Hisui, F\n|-end|p1a: Zoroark|Illusion\n|move|p1a: Zoroark|Hyper Voice|p2b: Iron Hands|[spread] p2a,p2b\n|-crit|p2a: Tapu Koko\n|-damage|p2a: Tapu Koko|18\/100\n|-damage|p2b: Iron Hands|78\/100\n|move|p1b: Heatran|Lava Plume|p2b: Iron Hands|[spread] p1a,p2a,p2b\n|-damage|p1a: Zoroark|0 fnt\n|-damage|p2a: Tapu Koko|0 fnt\n|-damage|p2b: Iron Hands|56\/100\n|faint|p1a: Zoroark\n|faint|p2a: Tapu Koko\n|move|p2b: Iron Hands|Swords Dance|p2b: Iron Hands\n|-boost|p2b: Iron Hands|atk|2\n|\n|-heal|p2b: Iron Hands|62\/100|[from] item: Leftovers\n|-sideend|p1: Redzone92|Reflect\n|upkeep\n|\n|t:|1696623505\n|switch|p2a: Heatran|Heatran, M|100\/100\n|switch|p1a: Aerodactyl|Aerodactyl-Mega, F|39\/100\n|turn|9\n|\n|t:|1696623541\n|move|p1a: Aerodactyl|Earthquake|p2a: Heatran|[spread] p1b,p2a,p2b\n|-resisted|p1b: Heatran\n|-supereffective|p2a: Heatran\n|-supereffective|p2b: Iron Hands\n|-damage|p1b: Heatran|42\/100\n|-damage|p2a: Heatran|4\/100\n|-damage|p2b: Iron Hands|27\/100\n|move|p1b: Heatran|Earth Power|p2b: Iron Hands\n|-supereffective|p2b: Iron Hands\n|-damage|p2b: Iron Hands|0 fnt\n|faint|p2b: Iron Hands\n|-end|p2b: Iron Hands|Quark Drive|[silent]\n|move|p2a: Heatran|Flash Cannon|p1a: Aerodactyl\n|-supereffective|p1a: Aerodactyl\n|-crit|p1a: Aerodactyl\n|-damage|p1a: Aerodactyl|0 fnt\n|faint|p1a: Aerodactyl\n|\n|-sideend|p1: Redzone92|move: Light Screen\n|upkeep\n|\n|t:|1696623554\n|switch|p1a: Rabsca|Rabsca, M|54\/100\n|turn|10\n|\n|t:|1696623561\n|move|p1b: Heatran|Earth Power|p2a: Heatran\n|-supereffective|p2a: Heatran\n|-crit|p2a: Heatran\n|-damage|p2a: Heatran|0 fnt\n|faint|p2a: Heatran\n|\n|win|Redzone92\n|l|\u2606MosheahVOWS\n","uploadtime":1696625584,"views":69,"p1id":"redzone92","p2id":"mosheahvows","formatid":"gen9nationaldexdoubles","rating":0,"private":0,"password":""}