{"id":"gen9nationaldexdoubles-1981151652","p1":"pastachu C","p2":"Octolockr","format":"[Gen 9] National Dex Doubles","log":"|j|\u2606pastachu C\n|j|\u2606Octolockr\n|t:|1698867758\n|gametype|doubles\n|player|p1|pastachu C|fisherman-gen4|1014\n|player|p2|Octolockr|blackbelt-gen4dp|1188\n|teamsize|p1|6\n|teamsize|p2|6\n|gen|9\n|tier|[Gen 9] National Dex Doubles\n|rated|\n|rule|HP Percentage Mod: HP is shown in percentages\n|rule|Endless Battle Clause: Forcing endless battles is banned\n|rule|OHKO Clause: OHKO moves are banned\n|rule|Evasion Moves Clause: Evasion moves are banned\n|rule|Evasion Abilities Clause: Evasion abilities are banned\n|rule|Species Clause: Limit one of each Pok\u00e9mon\n|rule|Gravity Sleep Clause: The combination of sleep-inducing moves with imperfect accuracy and Gravity or Gigantamax Orbeetle are banned\n|clearpoke\n|poke|p1|Ribombee, F|\n|poke|p1|Oricorio, F|\n|poke|p1|Sinistcha-Masterpiece|\n|poke|p1|Clefairy, M|\n|poke|p1|Grimmsnarl, M|\n|poke|p1|Azumarill, M|\n|poke|p2|Excadrill, F|\n|poke|p2|Togekiss, M|\n|poke|p2|Quaquaval, M|\n|poke|p2|Lopunny, F|\n|poke|p2|Ninetales-Alola, F|\n|poke|p2|Zangoose, M|\n|teampreview\n|inactive|Battle timer is ON: inactive players will automatically lose when time's up. (requested by pastachu C)\n|c|\u2606pastachu C|hi\n|\n|t:|1698867771\n|start\n|switch|p1a: set|Grimmsnarl, M|100\/100\n|switch|p1b: azule|Azumarill, M|100\/100\n|switch|p2a: Togekiss|Togekiss, M|100\/100\n|switch|p2b: Quaquaval|Quaquaval, M|100\/100\n|turn|1\n|\n|t:|1698867787\n|switch|p2b: Excadrill|Excadrill, F|100\/100\n|-ability|p2b: Excadrill|Mold Breaker\n|move|p1a: set|Fake Out|p2b: Excadrill\n|-resisted|p2b: Excadrill\n|-damage|p2b: Excadrill|92\/100\n|move|p2a: Togekiss|Tailwind|p2a: Togekiss\n|-sidestart|p2: Octolockr|move: Tailwind\n|move|p1b: azule|Ice Spinner|p2a: Togekiss\n|-supereffective|p2a: Togekiss\n|-damage|p2a: Togekiss|41\/100\n|\n|-heal|p2a: Togekiss|47\/100|[from] item: Leftovers\n|upkeep\n|turn|2\n|\n|t:|1698867808\n|move|p1a: set|Reflect|p1a: set\n|-sidestart|p1: pastachu C|Reflect\n|move|p2b: Excadrill|Iron Head|p1a: set\n|-supereffective|p1a: set\n|-damage|p1a: set|30\/100\n|move|p2a: Togekiss|Air Slash|p1b: azule|[miss]\n|-miss|p2a: Togekiss|p1b: azule\n|move|p1b: azule|Belly Drum|p1b: azule\n|-damage|p1b: azule|50\/100\n|-setboost|p1b: azule|atk|6|[from] move: Belly Drum\n|\n|-heal|p2a: Togekiss|53\/100|[from] item: Leftovers\n|-heal|p1b: azule|57\/100|[from] item: Leftovers\n|upkeep\n|turn|3\n|\n|t:|1698867826\n|move|p1a: set|Light Screen|p1a: set\n|-sidestart|p1: pastachu C|move: Light Screen\n|move|p1b: azule|Aqua Jet|p2b: Excadrill\n|-supereffective|p2b: Excadrill\n|-damage|p2b: Excadrill|0 fnt\n|faint|p2b: Excadrill\n|move|p2a: Togekiss|Air Slash|p1b: azule\n|-damage|p1b: azule|32\/100\n|\n|-heal|p2a: Togekiss|60\/100|[from] item: Leftovers\n|-heal|p1b: azule|39\/100|[from] item: Leftovers\n|upkeep\n|\n|t:|1698867838\n|switch|p2b: Lopunny|Lopunny, F|100\/100\n|turn|4\n|\n|t:|1698867850\n|switch|p1a: tea|Sinistcha-Masterpiece|100\/100\n|-heal|p1b: azule|64\/100|[from] ability: Hospitality|[of] p1a: tea\n|detailschange|p2b: Lopunny|Lopunny-Mega, F\n|-mega|p2b: Lopunny|Lopunny|Lopunnite\n|move|p2b: Lopunny|Fake Out|p1b: azule\n|-damage|p1b: azule|48\/100\n|move|p2a: Togekiss|Air Slash|p1a: tea\n|-supereffective|p1a: tea\n|-damage|p1a: tea|51\/100\n|cant|p1b: azule|flinch\n|\n|-heal|p2a: Togekiss|66\/100|[from] item: Leftovers\n|-heal|p1a: tea|57\/100|[from] item: Leftovers\n|-heal|p1b: azule|54\/100|[from] item: Leftovers\n|-sideend|p2: Octolockr|move: Tailwind\n|upkeep\n|turn|5\n|\n|t:|1698867872\n|move|p2a: Togekiss|Follow Me|p2a: Togekiss\n|-singleturn|p2a: Togekiss|move: Follow Me\n|move|p2b: Lopunny|Return|p1b: azule\n|-damage|p1b: azule|14\/100\n|move|p1a: tea|Stun Spore|p2a: Togekiss\n|-status|p2a: Togekiss|par\n|move|p1b: azule|Draining Kiss|p2a: Togekiss\n|-damage|p2a: Togekiss|57\/100 par\n|-heal|p1b: azule|21\/100|[from] drain|[of] p2a: Togekiss\n|\n|-heal|p1a: tea|63\/100|[from] item: Leftovers\n|-heal|p1b: azule|27\/100|[from] item: Leftovers\n|-heal|p2a: Togekiss|63\/100 par|[from] item: Leftovers\n|upkeep\n|turn|6\n|\n|t:|1698867893\n|move|p2b: Lopunny|Quick Attack|p1b: azule\n|-damage|p1b: azule|11\/100\n|move|p1b: azule|Aqua Jet|p2a: Togekiss\n|-damage|p2a: Togekiss|0 fnt\n|faint|p2a: Togekiss\n|move|p1a: tea|Poltergeist|p2b: Lopunny\n|-immune|p2b: Lopunny\n|\n|-heal|p1a: tea|69\/100|[from] item: Leftovers\n|-heal|p1b: azule|18\/100|[from] item: Leftovers\n|-sideend|p1: pastachu C|Reflect\n|upkeep\n|\n|t:|1698867906\n|switch|p2a: Quaquaval|Quaquaval, M|100\/100\n|turn|7\n|\n|t:|1698867912\n|move|p2b: Lopunny|Quick Attack|p1b: azule\n|-damage|p1b: azule|0 fnt\n|faint|p1b: azule\n|move|p2a: Quaquaval|Aqua Jet|p1a: tea\n|-resisted|p1a: tea\n|-damage|p1a: tea|59\/100\n|move|p1a: tea|Matcha Gotcha|p2b: Lopunny|[spread] p2a,p2b\n|-supereffective|p2a: Quaquaval\n|-damage|p2a: Quaquaval|6\/100\n|-heal|p1a: tea|100\/100|[from] drain|[of] p2a: Quaquaval\n|-damage|p2b: Lopunny|55\/100\n|-status|p2a: Quaquaval|brn\n|\n|-damage|p2a: Quaquaval|0 fnt|[from] brn\n|faint|p2a: Quaquaval\n|-sideend|p1: pastachu C|move: Light Screen\n|upkeep\n|\n|t:|1698867928\n|switch|p2a: Ninetales|Ninetales-Alola, F|100\/100\n|switch|p1b: bom|Ribombee, F|100\/100\n|-weather|Snow|[from] ability: Snow Warning|[of] p2a: Ninetales\n|turn|8\n|\n|t:|1698867940\n|switch|p1a: ole|Oricorio, F|100\/100\n|move|p2b: Lopunny|Return|p1b: bom\n|-damage|p1b: bom|4\/100\n|move|p2a: Ninetales|Aurora Veil|p2a: Ninetales\n|-sidestart|p2: Octolockr|move: Aurora Veil\n|move|p1b: bom|Quiver Dance|p1b: bom\n|-boost|p1b: bom|spa|1\n|-boost|p1b: bom|spd|1\n|-boost|p1b: bom|spe|1\n|-activate|p1a: ole|ability: Dancer\n|move|p1a: ole|Quiver Dance|p1a: ole|[from]ability: Dancer\n|-boost|p1a: ole|spa|1\n|-boost|p1a: ole|spd|1\n|-boost|p1a: ole|spe|1\n|\n|-weather|Snow|[upkeep]\n|upkeep\n|turn|9\n|\n|t:|1698867962\n|move|p2a: Ninetales|Protect|p2a: Ninetales\n|-singleturn|p2a: Ninetales|Protect\n|move|p2b: Lopunny|Quick Attack|p1b: bom\n|-damage|p1b: bom|0 fnt\n|faint|p1b: bom\n|move|p1a: ole|Air Cutter|p2a: Ninetales|[spread] p2b\n|-activate|p2a: Ninetales|move: Protect\n|-supereffective|p2b: Lopunny\n|-damage|p2b: Lopunny|0 fnt\n|faint|p2b: Lopunny\n|-damage|p1a: ole|91\/100|[from] item: Life Orb\n|\n|-weather|Snow|[upkeep]\n|upkeep\n|\n|t:|1698867975\n|switch|p2b: Zangoose|Zangoose, M|100\/100\n|switch|p1b: little|Clefairy, M|100\/100\n|turn|10\n|\n|t:|1698867989\n|-terastallize|p2b: Zangoose|Ghost\n|move|p1b: little|Follow Me|p1b: little\n|-singleturn|p1b: little|move: Follow Me\n|move|p1a: ole|Revelation Dance|p2b: Zangoose\n|-damage|p2b: Zangoose|10\/100\n|-damage|p1a: ole|81\/100|[from] item: Life Orb\n|move|p2a: Ninetales|Blizzard|p1b: little|[spread] p1a,p1b\n|-damage|p1a: ole|59\/100\n|-damage|p1b: little|83\/100\n|move|p2b: Zangoose|Shadow Claw|p1b: little\n|-damage|p1b: little|43\/100\n|\n|-weather|Snow|[upkeep]\n|-status|p2b: Zangoose|tox|[from] item: Toxic Orb\n|upkeep\n|turn|11\n|\n|t:|1698868012\n|move|p1b: little|Follow Me|p1b: little\n|-singleturn|p1b: little|move: Follow Me\n|move|p1a: ole|Air Cutter|p2a: Ninetales|[spread] p2a,p2b\n|-damage|p2a: Ninetales|72\/100\n|-damage|p2b: Zangoose|0 fnt\n|faint|p2b: Zangoose\n|-damage|p1a: ole|49\/100|[from] item: Life Orb\n|move|p2a: Ninetales|Freeze-Dry|p1b: little\n|-damage|p1b: little|28\/100\n|\n|-weather|Snow|[upkeep]\n|upkeep\n|turn|12\n|\n|t:|1698868024\n|switch|p1b: tea|Sinistcha-Masterpiece|100\/100\n|-heal|p1a: ole|74\/100|[from] ability: Hospitality|[of] p1b: tea\n|move|p1a: ole|Revelation Dance|p2a: Ninetales\n|-supereffective|p2a: Ninetales\n|-damage|p2a: Ninetales|0 fnt\n|faint|p2a: Ninetales\n|-damage|p1a: ole|64\/100|[from] item: Life Orb\n|\n|win|pastachu C\n|raw|pastachu C's rating: 1014 &rarr; <strong>1069<\/strong><br \/>(+55 for winning)\n|raw|Octolockr's rating: 1188 &rarr; <strong>1151<\/strong><br \/>(-37 for losing)\n|c|\u2606pastachu C|gg\n","uploadtime":1698868042,"views":10,"p1id":"pastachuc","p2id":"octolockr","formatid":"gen9nationaldexdoubles","rating":1069,"private":0,"password":""}