{"id":"gen9nationaldexdoubles-1960574520","p1":"fumbari 24","p2":"zak142","format":"[Gen 9] National Dex Doubles","log":"|j|\u2606fumbari 24\n|j|\u2606zak142\n|t:|1696535841\n|gametype|doubles\n|player|p1|fumbari 24|1|1390\n|player|p2|zak142|102|1102\n|teamsize|p1|6\n|teamsize|p2|6\n|gen|9\n|tier|[Gen 9] National Dex Doubles\n|rated|\n|rule|HP Percentage Mod: HP is shown in percentages\n|rule|Endless Battle Clause: Forcing endless battles is banned\n|rule|OHKO Clause: OHKO moves are banned\n|rule|Evasion Moves Clause: Evasion moves are banned\n|rule|Evasion Abilities Clause: Evasion abilities are banned\n|rule|Species Clause: Limit one of each Pok\u00e9mon\n|rule|Gravity Sleep Clause: The combination of sleep-inducing moves with imperfect accuracy and Gravity or Gigantamax Orbeetle are banned\n|clearpoke\n|poke|p1|Sableye, M|\n|poke|p1|Charizard, M|\n|poke|p1|Hydreigon, M|\n|poke|p1|Aegislash, M|\n|poke|p1|Granbull, F|\n|poke|p1|Dragapult, M|\n|poke|p2|Tornadus, M|\n|poke|p2|Pelipper, F|\n|poke|p2|Thundurus-Therian, M|\n|poke|p2|Ogerpon-Wellspring, F|\n|poke|p2|Politoed, M|\n|poke|p2|Landorus-Therian, M|\n|teampreview\n|\n|t:|1696535859\n|start\n|switch|p1a: Kermit|Hydreigon, M|100\/100\n|switch|p1b: Aegislash|Aegislash, M|100\/100\n|switch|p2a: Tornadus|Tornadus, M|100\/100\n|switch|p2b: Politoed|Politoed, M|100\/100\n|-weather|RainDance|[from] ability: Drizzle|[of] p2b: Politoed\n|turn|1\n|inactive|Battle timer is ON: inactive players will automatically lose when time's up. (requested by fumbari 24)\n|\n|t:|1696535896\n|move|p2a: Tornadus|Tailwind|p2a: Tornadus\n|-sidestart|p2: zak142|move: Tailwind\n|move|p2b: Politoed|Earth Power|p1b: Aegislash\n|-supereffective|p1b: Aegislash\n|-damage|p1b: Aegislash|71\/100\n|move|p1a: Kermit|Snarl|p2b: Politoed|[spread] p2a,p2b\n|-damage|p2a: Tornadus|76\/100\n|-damage|p2b: Politoed|86\/100\n|-unboost|p2a: Tornadus|spa|1\n|-unboost|p2b: Politoed|spa|1\n|-zpower|p1b: Aegislash\n|-formechange|p1b: Aegislash|Aegislash-Blade||[from] ability: Stance Change\n|move|p1b: Aegislash|Never-Ending Nightmare|p2a: Tornadus|[zeffect]\n|-damage|p2a: Tornadus|0 fnt\n|faint|p2a: Tornadus\n|\n|-weather|RainDance|[upkeep]\n|upkeep\n|\n|t:|1696535919\n|switch|p2a: Landorus|Landorus-Therian, M|100\/100\n|-ability|p2a: Landorus|Intimidate|boost\n|-unboost|p1a: Kermit|atk|1\n|-unboost|p1b: Aegislash|atk|1\n|turn|2\n|\n|t:|1696535932\n|-formechange|p1b: Aegislash|Aegislash||[from] ability: Stance Change\n|move|p1b: Aegislash|King's Shield|p1b: Aegislash\n|-singleturn|p1b: Aegislash|Protect\n|move|p2a: Landorus|Sandsear Storm|p1a: Kermit|[spread] \n|-activate|p1b: Aegislash|move: Protect\n|-immune|p1a: Kermit|[from] ability: Levitate\n|move|p2b: Politoed|Encore|p1b: Aegislash\n|-start|p1b: Aegislash|Encore\n|move|p1a: Kermit|Snarl|p2a: Landorus|[spread] p2a,p2b\n|-damage|p2a: Landorus|78\/100\n|-damage|p2b: Politoed|72\/100\n|-unboost|p2a: Landorus|spa|1\n|-unboost|p2b: Politoed|spa|1\n|\n|-weather|RainDance|[upkeep]\n|upkeep\n|turn|3\n|inactive|zak142 has 120 seconds left.\n|c|\u2606zak142|the frog\n|\n|t:|1696535970\n|switch|p1b: Dragapult|Dragapult, M|100\/100\n|-zpower|p2a: Landorus\n|move|p2a: Landorus|Tectonic Rage|p1b: Dragapult|[zeffect]\n|-damage|p1b: Dragapult|44\/100\n|-enditem|p1b: Dragapult|Sitrus Berry|[eat]\n|-heal|p1b: Dragapult|69\/100|[from] item: Sitrus Berry\n|move|p2b: Politoed|Toxic|p1a: Kermit\n|-status|p1a: Kermit|tox\n|move|p1a: Kermit|Dark Pulse|p2a: Landorus\n|-damage|p2a: Landorus|36\/100\n|\n|-weather|RainDance|[upkeep]\n|-damage|p1a: Kermit|94\/100 tox|[from] psn\n|upkeep\n|turn|4\n|inactive|zak142 has 120 seconds left.\n|inactive|fumbari 24 has 120 seconds left.\n|\n|t:|1696536020\n|move|p2a: Landorus|Weather Ball|p1b: Dragapult\n|-resisted|p1b: Dragapult\n|-damage|p1b: Dragapult|50\/100\n|move|p2b: Politoed|Hydro Pump|p1b: Dragapult\n|-resisted|p1b: Dragapult\n|-damage|p1b: Dragapult|35\/100\n|move|p1b: Dragapult|Shadow Ball|p2a: Landorus\n|-damage|p2a: Landorus|2\/100\n|move|p1a: Kermit|Dark Pulse|p2b: Politoed\n|-damage|p2b: Politoed|48\/100\n|\n|-weather|RainDance|[upkeep]\n|-damage|p1a: Kermit|82\/100 tox|[from] psn\n|-sideend|p2: zak142|move: Tailwind\n|upkeep\n|turn|5\n|inactive|zak142 has 120 seconds left.\n|inactive|fumbari 24 has 120 seconds left.\n|\n|t:|1696536048\n|move|p1b: Dragapult|U-turn|p2a: Landorus\n|-resisted|p2a: Landorus\n|-crit|p2a: Landorus\n|-damage|p2a: Landorus|0 fnt\n|faint|p2a: Landorus\n|inactive|fumbari 24 has 120 seconds left.\n|\n|t:|1696536055\n|switch|p1b: Aegislash|Aegislash, M|71\/100|[from] U-turn\n|move|p1a: Kermit|Dark Pulse|p2b: Politoed\n|-damage|p2b: Politoed|21\/100\n|move|p2b: Politoed|Hydro Pump|p1b: Aegislash\n|-crit|p1b: Aegislash\n|-damage|p1b: Aegislash|11\/100\n|\n|-weather|RainDance|[upkeep]\n|-damage|p1a: Kermit|64\/100 tox|[from] psn\n|upkeep\n|inactive|zak142 has 90 seconds left.\n|\n|t:|1696536085\n|switch|p2a: Ogerpon|Ogerpon-Wellspring, F|100\/100\n|turn|6\n|\n|t:|1696536096\n|move|p2a: Ogerpon|Play Rough|p1a: Kermit\n|-supereffective|p1a: Kermit\n|-damage|p1a: Kermit|0 fnt\n|faint|p1a: Kermit\n|move|p2b: Politoed|Earth Power|p1b: Aegislash\n|-supereffective|p1b: Aegislash\n|-damage|p1b: Aegislash|0 fnt\n|faint|p1b: Aegislash\n|\n|-weather|RainDance|[upkeep]\n|upkeep\n|\n|t:|1696536102\n|switch|p1a: Iggy|Granbull, F|100\/100\n|switch|p1b: Dragapult|Dragapult, M|35\/100\n|-ability|p1a: Iggy|Intimidate|boost\n|-unboost|p2a: Ogerpon|atk|1\n|-unboost|p2b: Politoed|atk|1\n|turn|7\n|\n|t:|1696536121\n|-terastallize|p2a: Ogerpon|Water\n|detailschange|p2a: Ogerpon|Ogerpon-Wellspring-Tera, F, tera:Water\n|-ability|p2a: Ogerpon|Embody Aspect (Wellspring)|boost\n|-boost|p2a: Ogerpon|spd|1\n|move|p1b: Dragapult|Will-O-Wisp|p2a: Ogerpon\n|-status|p2a: Ogerpon|brn\n|move|p2a: Ogerpon|Play Rough|p1b: Dragapult\n|-supereffective|p1b: Dragapult\n|-damage|p1b: Dragapult|9\/100\n|move|p2b: Politoed|Toxic|p1a: Iggy\n|-status|p1a: Iggy|tox\n|move|p1a: Iggy|Play Rough|p2b: Politoed\n|-damage|p2b: Politoed|0 fnt\n|faint|p2b: Politoed\n|\n|-weather|RainDance|[upkeep]\n|-damage|p1a: Iggy|94\/100 tox|[from] psn\n|-damage|p2a: Ogerpon|95\/100 brn|[from] brn\n|upkeep\n|inactive|zak142 has 120 seconds left.\n|\n|t:|1696536140\n|switch|p2b: Thundurus|Thundurus-Therian, M|100\/100\n|turn|8\n|\n|t:|1696536153\n|move|p1b: Dragapult|Light Screen|p1b: Dragapult\n|-sidestart|p1: fumbari 24|move: Light Screen\n|move|p2a: Ogerpon|Play Rough|p1b: Dragapult\n|-supereffective|p1b: Dragapult\n|-damage|p1b: Dragapult|0 fnt\n|faint|p1b: Dragapult\n|move|p2b: Thundurus|Sludge Bomb|p1a: Iggy\n|-supereffective|p1a: Iggy\n|-damage|p1a: Iggy|47\/100 tox\n|move|p1a: Iggy|Counter||[still]\n|-fail|p1a: Iggy\n|\n|-weather|none\n|-damage|p1a: Iggy|35\/100 tox|[from] psn\n|-damage|p2a: Ogerpon|89\/100 brn|[from] brn\n|upkeep\n|\n|t:|1696536162\n|switch|p1b: Yami|Sableye, M|100\/100\n|turn|9\n|\n|t:|1696536185\n|switch|p2b: Pelipper|Pelipper, F|100\/100\n|-weather|RainDance|[from] ability: Drizzle|[of] p2b: Pelipper\n|move|p1b: Yami|Fake Out|p2b: Pelipper\n|-damage|p2b: Pelipper|95\/100\n|move|p2a: Ogerpon|Play Rough|p1b: Yami\n|-supereffective|p1b: Yami\n|-damage|p1b: Yami|68\/100\n|move|p1a: Iggy|Snarl|p2b: Pelipper|[spread] p2a,p2b\n|-damage|p2a: Ogerpon|83\/100 brn\n|-damage|p2b: Pelipper|87\/100\n|-unboost|p2a: Ogerpon|spa|1\n|-unboost|p2b: Pelipper|spa|1\n|\n|-weather|RainDance|[upkeep]\n|-heal|p1b: Yami|74\/100|[from] item: Leftovers\n|-damage|p1a: Iggy|17\/100 tox|[from] psn\n|-damage|p2a: Ogerpon|77\/100 brn|[from] brn\n|upkeep\n|turn|10\n|inactive|zak142 has 120 seconds left.\n|\n|t:|1696536220\n|move|p2b: Pelipper|Helping Hand|p2a: Ogerpon\n|-singleturn|p2a: Ogerpon|Helping Hand|[of] p2b: Pelipper\n|move|p1b: Yami|Sunny Day|p1b: Yami\n|-weather|SunnyDay\n|move|p2a: Ogerpon|Play Rough|p1b: Yami\n|-supereffective|p1b: Yami\n|-damage|p1b: Yami|27\/100\n|move|p1a: Iggy|Snarl|p2b: Pelipper|[spread] p2a,p2b\n|-damage|p2a: Ogerpon|72\/100 brn\n|-damage|p2b: Pelipper|78\/100\n|-unboost|p2a: Ogerpon|spa|1\n|-unboost|p2b: Pelipper|spa|1\n|\n|-weather|SunnyDay|[upkeep]\n|-heal|p1b: Yami|33\/100|[from] item: Leftovers\n|-damage|p1a: Iggy|0 fnt|[from] psn\n|faint|p1a: Iggy\n|-damage|p2a: Ogerpon|66\/100 brn|[from] brn\n|upkeep\n|\n|t:|1696536231\n|switch|p1a: Charizard|Charizard, M|100\/100\n|turn|11\n|\n|t:|1696536246\n|switch|p2a: Thundurus|Thundurus-Therian, M|100\/100\n|-terastallize|p1a: Charizard|Fire\n|move|p1a: Charizard|Heat Wave|p2a: Thundurus|[spread] p2a,p2b\n|-resisted|p2b: Pelipper\n|-damage|p2a: Thundurus|0 fnt\n|-damage|p2b: Pelipper|0 fnt\n|faint|p2a: Thundurus\n|faint|p2b: Pelipper\n|move|p1b: Yami|Foul Play|p2: Thundurus|[notarget]\n|-fail|p1b: Yami\n|\n|-weather|SunnyDay|[upkeep]\n|-damage|p1a: Charizard|88\/100|[from] ability: Solar Power|[of] p1a: Charizard\n|-heal|p1b: Yami|40\/100|[from] item: Leftovers\n|upkeep\n|\n|t:|1696536257\n|switch|p2b: Ogerpon|Ogerpon-Wellspring-Tera, F, tera:Water|66\/100 brn\n|-ability|p2b: Ogerpon|Embody Aspect (Wellspring)|boost\n|-boost|p2b: Ogerpon|spd|1\n|turn|12\n|\n|t:|1696536269\n|move|p1a: Charizard|Heat Wave|p2b: Ogerpon\n|-resisted|p2b: Ogerpon\n|-damage|p2b: Ogerpon|8\/100 brn\n|move|p2b: Ogerpon|Ivy Cudgel|p1a: Charizard\n|-supereffective|p1a: Charizard\n|-damage|p1a: Charizard|34\/100\n|move|p1b: Yami|Foul Play|p2b: Ogerpon\n|-damage|p2b: Ogerpon|0 fnt\n|faint|p2b: Ogerpon\n|\n|win|fumbari 24\n|raw|fumbari 24's rating: 1390 &rarr; <strong>1396<\/strong><br \/>(+6 for winning)\n|raw|zak142's rating: 1102 &rarr; <strong>1094<\/strong><br \/>(-8 for losing)\n|l|\u2606zak142\n|c|\u2606fumbari 24|Gg\n","uploadtime":1696536288,"views":8,"p1id":"fumbari24","p2id":"zak142","formatid":"gen9nationaldexdoubles","rating":1094,"private":0,"password":""}