{"id":"gen9nationaldexdoubles-1952645083","p1":"Dyln_L33","p2":"Atempt6","format":"[Gen 9] National Dex Doubles","log":"|j|\u2606Dyln_L33\n|j|\u2606Atempt6\n|t:|1695708837\n|gametype|doubles\n|player|p1|Dyln_L33|candice|1147\n|player|p2|Atempt6|steven|1053\n|teamsize|p1|6\n|teamsize|p2|6\n|gen|9\n|tier|[Gen 9] National Dex Doubles\n|rated|\n|rule|HP Percentage Mod: HP is shown in percentages\n|rule|Endless Battle Clause: Forcing endless battles is banned\n|rule|OHKO Clause: OHKO moves are banned\n|rule|Evasion Moves Clause: Evasion moves are banned\n|rule|Evasion Abilities Clause: Evasion abilities are banned\n|rule|Species Clause: Limit one of each Pok\u00e9mon\n|rule|Gravity Sleep Clause: The combination of sleep-inducing moves with imperfect accuracy and Gravity or Gigantamax Orbeetle are banned\n|clearpoke\n|poke|p1|Fezandipiti, M|\n|poke|p1|Indeedee-F, F|\n|poke|p1|Goodra-Hisui, M|\n|poke|p1|Masquerain, F|\n|poke|p1|Houndoom, M|\n|poke|p1|Ogerpon-Wellspring, F|\n|poke|p2|Swampert, M|\n|poke|p2|Ursaluna-Bloodmoon, M|\n|poke|p2|Urshifu-*, M|\n|poke|p2|Pelipper, M|\n|poke|p2|Ferrothorn, F|\n|poke|p2|Vikavolt, M|\n|teampreview\n|inactive|Battle timer is ON: inactive players will automatically lose when time's up. (requested by Dyln_L33)\n|\n|t:|1695708847\n|start\n|switch|p1a: Fezandipiti|Fezandipiti, M|100\/100\n|switch|p1b: Masquerain|Masquerain, F|100\/100\n|switch|p2a: Ferrothorn|Ferrothorn, F|100\/100\n|switch|p2b: Vikavolt|Vikavolt, M|100\/100\n|-ability|p1b: Masquerain|Intimidate|boost\n|-unboost|p2a: Ferrothorn|atk|1\n|-unboost|p2b: Vikavolt|atk|1\n|turn|1\n|\n|t:|1695708856\n|move|p1a: Fezandipiti|Icy Wind|p2a: Ferrothorn|[spread] p2a,p2b\n|-damage|p2a: Ferrothorn|93\/100\n|-damage|p2b: Vikavolt|89\/100\n|-unboost|p2a: Ferrothorn|spe|1\n|-unboost|p2b: Vikavolt|spe|1\n|-status|p2b: Vikavolt|tox|[from] ability: Toxic Chain|[of] p1a: Fezandipiti\n|move|p1b: Masquerain|Sticky Web|p2b: Vikavolt\n|-sidestart|p2: Atempt6|move: Sticky Web\n|move|p2b: Vikavolt|Thunder Wave|p1b: Masquerain\n|-status|p1b: Masquerain|par\n|move|p2a: Ferrothorn|Thunder Wave|p1a: Fezandipiti|[miss]\n|-miss|p2a: Ferrothorn|p1a: Fezandipiti\n|\n|-heal|p2b: Vikavolt|95\/100 tox|[from] item: Leftovers\n|-damage|p2b: Vikavolt|89\/100 tox|[from] psn\n|upkeep\n|turn|2\n|\n|t:|1695708874\n|move|p1a: Fezandipiti|Icy Wind|p2b: Vikavolt|[spread] p2a,p2b\n|-damage|p2a: Ferrothorn|85\/100\n|-damage|p2b: Vikavolt|77\/100 tox\n|-unboost|p2a: Ferrothorn|spe|1\n|-unboost|p2b: Vikavolt|spe|1\n|move|p1b: Masquerain|Quiver Dance|p1b: Masquerain\n|-boost|p1b: Masquerain|spa|1\n|-boost|p1b: Masquerain|spd|1\n|-boost|p1b: Masquerain|spe|1\n|move|p2b: Vikavolt|Sticky Web|p1b: Masquerain\n|-sidestart|p1: Dyln_L33|move: Sticky Web\n|move|p2a: Ferrothorn|Leech Seed|p1a: Fezandipiti\n|-start|p1a: Fezandipiti|move: Leech Seed\n|\n|-heal|p2b: Vikavolt|83\/100 tox|[from] item: Leftovers\n|-damage|p1a: Fezandipiti|88\/100|[from] Leech Seed|[of] p2a: Ferrothorn\n|-heal|p2a: Ferrothorn|96\/100|[silent]\n|-damage|p2b: Vikavolt|71\/100 tox|[from] psn\n|upkeep\n|turn|3\n|\n|t:|1695708892\n|move|p1a: Fezandipiti|Icy Wind|p2a: Ferrothorn|[spread] p2a,p2b\n|-damage|p2a: Ferrothorn|89\/100\n|-damage|p2b: Vikavolt|59\/100 tox\n|-unboost|p2a: Ferrothorn|spe|1\n|-unboost|p2b: Vikavolt|spe|1\n|move|p1b: Masquerain|Quiver Dance|p1b: Masquerain\n|-boost|p1b: Masquerain|spa|1\n|-boost|p1b: Masquerain|spd|1\n|-boost|p1b: Masquerain|spe|1\n|move|p2b: Vikavolt|Thunder Wave|p1a: Fezandipiti\n|-status|p1a: Fezandipiti|par\n|move|p2a: Ferrothorn|Leech Seed|p1b: Masquerain\n|-start|p1b: Masquerain|move: Leech Seed\n|\n|-heal|p1a: Fezandipiti|94\/100 par|[from] item: Leftovers\n|-heal|p2b: Vikavolt|65\/100 tox|[from] item: Leftovers\n|-damage|p1b: Masquerain|88\/100 par|[from] Leech Seed|[of] p2a: Ferrothorn\n|-heal|p2a: Ferrothorn|99\/100|[silent]\n|-damage|p1a: Fezandipiti|82\/100 par|[from] Leech Seed|[of] p2a: Ferrothorn\n|-heal|p2a: Ferrothorn|100\/100|[silent]\n|-damage|p2b: Vikavolt|47\/100 tox|[from] psn\n|upkeep\n|turn|4\n|\n|t:|1695708917\n|switch|p1a: Indeedee|Indeedee-F, F|100\/100\n|-activate|p1a: Indeedee|move: Sticky Web\n|-unboost|p1a: Indeedee|spe|1\n|-fieldstart|move: Psychic Terrain|[from] ability: Psychic Surge|[of] p1a: Indeedee\n|-enditem|p1a: Indeedee|Psychic Seed\n|-boost|p1a: Indeedee|spd|1|[from] item: Psychic Seed\n|move|p1b: Masquerain|Air Slash|p2a: Ferrothorn\n|-damage|p2a: Ferrothorn|45\/100\n|move|p2b: Vikavolt|Volt Switch|p1b: Masquerain\n|-supereffective|p1b: Masquerain\n|-damage|p1b: Masquerain|42\/100 par\n|inactive|Atempt6 has 120 seconds left.\n|\n|t:|1695708934\n|switch|p2b: Pelipper|Pelipper, M|100\/100|[from] Volt Switch\n|-weather|RainDance|[from] ability: Drizzle|[of] p2b: Pelipper\n|move|p2a: Ferrothorn|Spikes|p1a: Indeedee\n|-sidestart|p1: Dyln_L33|Spikes\n|\n|-weather|RainDance|[upkeep]\n|-damage|p1b: Masquerain|30\/100 par|[from] Leech Seed|[of] p2a: Ferrothorn\n|-heal|p2a: Ferrothorn|56\/100|[silent]\n|upkeep\n|turn|5\n|\n|t:|1695708946\n|move|p1b: Masquerain|Giga Drain|p2b: Pelipper\n|-damage|p2b: Pelipper|46\/100\n|-heal|p1b: Masquerain|61\/100 par|[from] drain|[of] p2b: Pelipper\n|move|p1a: Indeedee|Heal Pulse|p1b: Masquerain\n|-heal|p1b: Masquerain|100\/100 par\n|move|p2b: Pelipper|Knock Off|p1b: Masquerain\n|-damage|p1b: Masquerain|73\/100 par\n|-enditem|p1b: Masquerain|Focus Sash|[from] move: Knock Off|[of] p2b: Pelipper\n|move|p2a: Ferrothorn|Thunder Wave|p1a: Indeedee|[miss]\n|-miss|p2a: Ferrothorn|p1a: Indeedee\n|\n|-weather|RainDance|[upkeep]\n|-heal|p2b: Pelipper|53\/100|[from] item: Leftovers\n|-damage|p1b: Masquerain|61\/100 par|[from] Leech Seed|[of] p2a: Ferrothorn\n|-heal|p2a: Ferrothorn|66\/100|[silent]\n|upkeep\n|turn|6\n|\n|t:|1695708976\n|move|p1b: Masquerain|Giga Drain|p2b: Pelipper\n|-damage|p2b: Pelipper|0 fnt\n|-heal|p1b: Masquerain|91\/100 par|[from] drain|[of] p2b: Pelipper\n|faint|p2b: Pelipper\n|move|p1a: Indeedee|Expanding Force|p2a: Ferrothorn\n|-resisted|p2a: Ferrothorn\n|-damage|p2a: Ferrothorn|45\/100\n|move|p2a: Ferrothorn|Leech Seed|p1a: Indeedee\n|-start|p1a: Indeedee|move: Leech Seed\n|\n|-weather|RainDance|[upkeep]\n|-damage|p1b: Masquerain|79\/100 par|[from] Leech Seed|[of] p2a: Ferrothorn\n|-heal|p2a: Ferrothorn|55\/100|[silent]\n|-damage|p1a: Indeedee|88\/100|[from] Leech Seed|[of] p2a: Ferrothorn\n|-heal|p2a: Ferrothorn|67\/100|[silent]\n|upkeep\n|\n|t:|1695708980\n|switch|p2b: Ursaluna|Ursaluna-Bloodmoon, M|100\/100\n|-activate|p2b: Ursaluna|move: Sticky Web\n|-unboost|p2b: Ursaluna|spe|1\n|turn|7\n|\n|t:|1695708990\n|move|p1b: Masquerain|Giga Drain|p2b: Ursaluna\n|-supereffective|p2b: Ursaluna\n|-damage|p2b: Ursaluna|0 fnt\n|-heal|p1b: Masquerain|100\/100 par|[from] drain|[of] p2b: Ursaluna\n|faint|p2b: Ursaluna\n|move|p1a: Indeedee|Heal Pulse|p1b: Masquerain\n|-fail|p1b: Masquerain|heal\n|move|p2a: Ferrothorn|Thunder Wave|p1a: Indeedee\n|-status|p1a: Indeedee|par\n|\n|-weather|RainDance|[upkeep]\n|-damage|p1b: Masquerain|88\/100 par|[from] Leech Seed|[of] p2a: Ferrothorn\n|-heal|p2a: Ferrothorn|77\/100|[silent]\n|-damage|p1a: Indeedee|76\/100 par|[from] Leech Seed|[of] p2a: Ferrothorn\n|-heal|p2a: Ferrothorn|89\/100|[silent]\n|upkeep\n|\n|t:|1695709000\n|switch|p2b: Swampert|Swampert, M|100\/100\n|-activate|p2b: Swampert|move: Sticky Web\n|-unboost|p2b: Swampert|spe|1\n|turn|8\n|j| azurecoralsea\n|\n|t:|1695709017\n|detailschange|p2b: Swampert|Swampert-Mega, M\n|-mega|p2b: Swampert|Swampert|Swampertite\n|move|p1a: Indeedee|Follow Me|p1a: Indeedee\n|-singleturn|p1a: Indeedee|move: Follow Me\n|move|p2b: Swampert|Ice Punch|p1a: Indeedee\n|-damage|p1a: Indeedee|33\/100 par\n|move|p1b: Masquerain|Giga Drain|p2b: Swampert\n|-supereffective|p2b: Swampert\n|-damage|p2b: Swampert|0 fnt\n|-heal|p1b: Masquerain|100\/100 par|[from] drain|[of] p2b: Swampert\n|faint|p2b: Swampert\n|move|p2a: Ferrothorn|Spikes|p1b: Masquerain\n|-sidestart|p1: Dyln_L33|Spikes\n|\n|-weather|none\n|-damage|p1b: Masquerain|88\/100 par|[from] Leech Seed|[of] p2a: Ferrothorn\n|-heal|p2a: Ferrothorn|99\/100|[silent]\n|-damage|p1a: Indeedee|20\/100 par|[from] Leech Seed|[of] p2a: Ferrothorn\n|-heal|p2a: Ferrothorn|100\/100|[silent]\n|-fieldend|move: Psychic Terrain\n|upkeep\n|\n|t:|1695709024\n|switch|p2b: Urshifu|Urshifu-Rapid-Strike, M|100\/100\n|-activate|p2b: Urshifu|move: Sticky Web\n|-unboost|p2b: Urshifu|spe|1\n|turn|9\n|j| kitty teve\n|inactive|Atempt6 has 120 seconds left.\n|l| kitty teve\n|-message|Atempt6 forfeited.\n|\n|win|Dyln_L33\n|raw|Dyln_L33's rating: 1147 &rarr; <strong>1165<\/strong><br \/>(+18 for winning)\n|raw|Atempt6's rating: 1053 &rarr; <strong>1040<\/strong><br \/>(-13 for losing)\n|l|\u2606Atempt6\n","uploadtime":1695709080,"views":19,"p1id":"dylnl33","p2id":"atempt6","formatid":"gen9nationaldexdoubles","rating":1040,"private":0,"password":""}