{"id":"gen9nationaldexdoubles-1955218004","p1":"The Mago3011","p2":"Begula on SD","format":"[Gen 9] National Dex Doubles","log":"|j|\u2606The Mago3011\n|j|\u2606Begula on SD\n|t:|1695973120\n|gametype|doubles\n|player|p1|The Mago3011|korrina-masters|\n|player|p2|Begula on SD|170|\n|teamsize|p1|6\n|teamsize|p2|6\n|gen|9\n|tier|[Gen 9] National Dex Doubles\n|rule|HP Percentage Mod: HP is shown in percentages\n|rule|Endless Battle Clause: Forcing endless battles is banned\n|rule|OHKO Clause: OHKO moves are banned\n|rule|Evasion Moves Clause: Evasion moves are banned\n|rule|Evasion Abilities Clause: Evasion abilities are banned\n|rule|Species Clause: Limit one of each Pok\u00e9mon\n|rule|Gravity Sleep Clause: The combination of sleep-inducing moves with imperfect accuracy and Gravity or Gigantamax Orbeetle are banned\n|clearpoke\n|poke|p1|Armarouge, M|\n|poke|p1|Indeedee-F, F|\n|poke|p1|Ursaluna, M|\n|poke|p1|Cresselia, F|\n|poke|p1|Grimmsnarl, M|\n|poke|p1|Tapu Lele|\n|poke|p2|Eevee, M|\n|poke|p2|Espathra, M|\n|poke|p2|Slowbro, M|\n|poke|p2|Indeedee-F, F|\n|poke|p2|Clefable, F|\n|poke|p2|Cresselia, F|\n|teampreview\n|inactive|Battle timer is ON: inactive players will automatically lose when time's up. (requested by Begula on SD)\n|inactive|The Mago3011 has 270 seconds left.\n|\n|t:|1695973151\n|start\n|switch|p1a: Gaster|Armarouge, M|100\/100\n|switch|p1b: Feedsuni|Indeedee-F, F|100\/100\n|switch|p2a: Slowbro|Slowbro, M|100\/100\n|switch|p2b: Cresselia|Cresselia, F|100\/100\n|-fieldstart|move: Psychic Terrain|[from] ability: Psychic Surge|[of] p1b: Feedsuni\n|turn|1\n|\n|t:|1695973169\n|move|p2b: Cresselia|Reflect|p2b: Cresselia\n|-sidestart|p2: Begula on SD|Reflect\n|move|p1b: Feedsuni|Imprison|p1b: Feedsuni\n|-start|p1b: Feedsuni|move: Imprison\n|move|p1a: Gaster|Heat Wave|p2a: Slowbro|[spread] p2a\n|-miss|p1a: Gaster|p2b: Cresselia\n|-resisted|p2a: Slowbro\n|-damage|p2a: Slowbro|73\/100\n|-damage|p1a: Gaster|91\/100|[from] item: Life Orb\n|move|p2a: Slowbro|Light Screen|p2a: Slowbro\n|-sidestart|p2: Begula on SD|move: Light Screen\n|\n|upkeep\n|turn|2\n|c|\u2606Begula on SD|Let's see\n|\n|t:|1695973190\n|switch|p1b: Stervwhen|Grimmsnarl, M|100\/100\n|switch|p1a: Monke Hater|Tapu Lele|100\/100\n|move|p2b: Cresselia|Ally Switch|p2b: Cresselia\n|swap|p2b: Cresselia|0|[from] move: Ally Switch\n|move|p2b: Slowbro|Yawn|p1b: Stervwhen\n|-start|p1b: Stervwhen|move: Yawn|[of] p2b: Slowbro\n|\n|upkeep\n|turn|3\n|\n|t:|1695973203\n|switch|p1b: Pablo Eskobear|Ursaluna, M|100\/100\n|move|p2a: Cresselia|Lunar Dance|p2a: Cresselia\n|faint|p2a: Cresselia\n|move|p1a: Monke Hater|Thunderbolt|p2b: Slowbro\n|-supereffective|p2b: Slowbro\n|-damage|p2b: Slowbro|1\/100\n|move|p2b: Slowbro|Teleport|p2b: Slowbro\n|\n|t:|1695973214\n|switch|p2b: Eevee|Eevee, M|100\/100|[from] Teleport\n|\n|-status|p1b: Pablo Eskobear|brn|[from] item: Flame Orb\n|upkeep\n|\n|t:|1695973215\n|switch|p2a: Espathra|Espathra, M|100\/100\n|turn|4\n|\n|t:|1695973232\n|move|p2a: Espathra|Protect|p2a: Espathra\n|-singleturn|p2a: Espathra|Protect\n|move|p1a: Monke Hater|Thunderbolt|p2a: Espathra\n|-activate|p2a: Espathra|move: Protect\n|-zpower|p2b: Eevee\n|move|p2b: Eevee|Extreme Evoboost|p2b: Eevee\n|-boost|p2b: Eevee|atk|2\n|-boost|p2b: Eevee|def|2\n|-boost|p2b: Eevee|spa|2\n|-boost|p2b: Eevee|spd|2\n|-boost|p2b: Eevee|spe|2\n|move|p1b: Pablo Eskobear|Facade|p2a: Espathra\n|-activate|p2a: Espathra|move: Protect\n|\n|-damage|p1b: Pablo Eskobear|94\/100 brn|[from] brn\n|upkeep\n|turn|5\n|c|\u2606Begula on SD|Wait mirror herb and opurtunist didn't work?\n|inactive|Begula on SD has 270 seconds left.\n|c|\u2606Begula on SD|Heh\n|c|\u2606The Mago3011|That's not how it works\n|c|\u2606Begula on SD|It doesn't?\n|j| Asphalt the pro\n|c|\u2606The Mago3011|Nope\n|c|\u2606Begula on SD|Lol\n|inactive|Begula on SD has 240 seconds left.\n|\n|t:|1695973293\n|move|p2a: Espathra|Dazzling Gleam|p1b: Pablo Eskobear|[spread] p1a,p1b\n|-damage|p1a: Monke Hater|84\/100\n|-damage|p1b: Pablo Eskobear|79\/100 brn\n|move|p2b: Eevee|Trailblaze|p1b: Pablo Eskobear\n|-supereffective|p1b: Pablo Eskobear\n|-damage|p1b: Pablo Eskobear|48\/100 brn\n|-boost|p2b: Eevee|spe|1\n|move|p1a: Monke Hater|Thunderbolt|p2a: Espathra\n|-damage|p2a: Espathra|52\/100\n|move|p1b: Pablo Eskobear|Facade|p2a: Espathra\n|-damage|p2a: Espathra|0 fnt\n|faint|p2a: Espathra\n|\n|-damage|p1b: Pablo Eskobear|42\/100 brn|[from] brn\n|-sideend|p2: Begula on SD|Reflect\n|-sideend|p2: Begula on SD|move: Light Screen\n|-fieldend|move: Psychic Terrain\n|upkeep\n|\n|t:|1695973297\n|switch|p2a: Indeedee|Indeedee-F, F|100\/100\n|-fieldstart|move: Psychic Terrain|[from] ability: Psychic Surge|[of] p2a: Indeedee\n|turn|6\n|\n|t:|1695973307\n|switch|p1a: The Wall|Cresselia, F|100\/100\n|switch|p1b: Stervwhen|Grimmsnarl, M|100\/100\n|move|p2a: Indeedee|Follow Me|p2a: Indeedee\n|-singleturn|p2a: Indeedee|move: Follow Me\n|move|p2b: Eevee|Body Slam|p1a: The Wall\n|-damage|p1a: The Wall|54\/100\n|-status|p1a: The Wall|par\n|\n|-heal|p1a: The Wall|60\/100 par|[from] item: Leftovers\n|upkeep\n|turn|7\n|\n|t:|1695973318\n|move|p2a: Indeedee|Follow Me|p2a: Indeedee\n|-singleturn|p2a: Indeedee|move: Follow Me\n|move|p2b: Eevee|Quick Attack|p1b: Stervwhen\n|-activate|p1b: Stervwhen|move: Psychic Terrain\n|move|p1b: Stervwhen|Reflect|p1b: Stervwhen\n|-sidestart|p1: The Mago3011|Reflect\n|cant|p1a: The Wall|par\n|\n|-heal|p1a: The Wall|66\/100 par|[from] item: Leftovers\n|upkeep\n|turn|8\n|\n|t:|1695973328\n|move|p2a: Indeedee|Follow Me|p2a: Indeedee\n|-singleturn|p2a: Indeedee|move: Follow Me\n|move|p1b: Stervwhen|Light Screen|p1b: Stervwhen\n|-sidestart|p1: The Mago3011|move: Light Screen\n|move|p2b: Eevee|Last Resort|p1b: Stervwhen\n|-damage|p1b: Stervwhen|29\/100\n|cant|p1a: The Wall|par\n|\n|-heal|p1a: The Wall|72\/100 par|[from] item: Leftovers\n|upkeep\n|turn|9\n|\n|t:|1695973348\n|move|p2b: Eevee|Last Resort|p1a: The Wall\n|-damage|p1a: The Wall|20\/100 par\n|move|p2a: Indeedee|Dazzling Gleam|p1b: Stervwhen|[spread] p1a,p1b\n|-supereffective|p1b: Stervwhen\n|-damage|p1a: The Wall|13\/100 par\n|-damage|p1b: Stervwhen|6\/100\n|move|p1b: Stervwhen|Spirit Break|p2a: Indeedee\n|-damage|p2a: Indeedee|50\/100\n|-unboost|p2a: Indeedee|spa|1\n|move|p1a: The Wall|Trick Room|p1a: The Wall\n|-fieldstart|move: Trick Room|[of] p1a: The Wall\n|\n|-heal|p1a: The Wall|19\/100 par|[from] item: Leftovers\n|upkeep\n|turn|10\n|\n|t:|1695973369\n|move|p2a: Indeedee|Follow Me|p2a: Indeedee\n|-singleturn|p2a: Indeedee|move: Follow Me\n|move|p1a: The Wall|Lunar Blessing|p1a: The Wall|[spread] p1a,p1b\n|-heal|p1a: The Wall|44\/100 par\n|-curestatus|p1a: The Wall|par|[msg]\n|-heal|p1b: Stervwhen|31\/100\n|move|p1b: Stervwhen|Spirit Break|p2a: Indeedee\n|-damage|p2a: Indeedee|0 fnt\n|faint|p2a: Indeedee\n|move|p2b: Eevee|Last Resort|p1a: The Wall\n|-damage|p1a: The Wall|0 fnt\n|faint|p1a: The Wall\n|\n|upkeep\n|\n|t:|1695973393\n|switch|p1a: Pablo Eskobear|Ursaluna, M|42\/100 brn\n|switch|p2a: Clefable|Clefable, F|100\/100\n|turn|11\n|\n|t:|1695973401\n|move|p2a: Clefable|Follow Me|p2a: Clefable\n|-singleturn|p2a: Clefable|move: Follow Me\n|move|p1a: Pablo Eskobear|Drain Punch|p2a: Clefable\n|-resisted|p2a: Clefable\n|-crit|p2a: Clefable\n|-damage|p2a: Clefable|61\/100\n|-heal|p1a: Pablo Eskobear|59\/100 brn|[from] drain|[of] p2a: Clefable\n|move|p1b: Stervwhen|Spirit Break|p2a: Clefable\n|-damage|p2a: Clefable|30\/100\n|-unboost|p2a: Clefable|spa|1\n|move|p2b: Eevee|Last Resort|p1a: Pablo Eskobear\n|-damage|p1a: Pablo Eskobear|0 fnt\n|faint|p1a: Pablo Eskobear\n|\n|-heal|p2a: Clefable|36\/100|[from] item: Leftovers\n|upkeep\n|\n|t:|1695973407\n|switch|p1a: Gaster|Armarouge, M|91\/100\n|turn|12\n|\n|t:|1695973421\n|move|p2a: Clefable|Follow Me|p2a: Clefable\n|-singleturn|p2a: Clefable|move: Follow Me\n|move|p1a: Gaster|Expanding Force|p2b: Eevee|[spread] p2a,p2b\n|-crit|p2b: Eevee\n|-damage|p2a: Clefable|0 fnt\n|-damage|p2b: Eevee|0 fnt\n|faint|p2a: Clefable\n|faint|p2b: Eevee\n|-damage|p1a: Gaster|81\/100|[from] item: Life Orb\n|move|p1b: Stervwhen|Spirit Break|p2: Clefable|[notarget]\n|-fail|p1b: Stervwhen\n|\n|upkeep\n|\n|t:|1695973428\n|switch|p2b: Slowbro|Slowbro, M|34\/100\n|turn|13\n|c|\u2606Begula on SD|I almost made Eevee work\n|\n|t:|1695973443\n|detailschange|p2b: Slowbro|Slowbro-Mega, M\n|-mega|p2b: Slowbro|Slowbro|Slowbronite\n|-terastallize|p1a: Gaster|Grass\n|move|p2b: Slowbro|Yawn|p1a: Gaster\n|-start|p1a: Gaster|move: Yawn|[of] p2b: Slowbro\n|move|p1a: Gaster|Expanding Force|p2b: Slowbro\n|-resisted|p2b: Slowbro\n|-damage|p2b: Slowbro|0 fnt\n|faint|p2b: Slowbro\n|-damage|p1a: Gaster|71\/100|[from] item: Life Orb\n|\n|win|The Mago3011\n|c|\u2606Begula on SD|Ggs\n|l| Asphalt the pro\n|c|\u2606The Mago3011|gg\n","uploadtime":1695973521,"views":8,"p1id":"themago3011","p2id":"begulaonsd","formatid":"gen9nationaldexdoubles","rating":0,"private":0,"password":""}