{"id":"gen9nationaldexdoubles-1964383658","p1":"Fumo on a Roomba","p2":"WillowYT","format":"[Gen 9] National Dex Doubles","log":"|j|\u2606Fumo on a Roomba\n|j|\u2606WillowYT\n|t:|1696964351\n|gametype|doubles\n|player|p1|Fumo on a Roomba|acetrainerf|1012\n|player|p2|WillowYT|firebreather|1159\n|teamsize|p1|6\n|teamsize|p2|6\n|gen|9\n|tier|[Gen 9] National Dex Doubles\n|rated|\n|rule|HP Percentage Mod: HP is shown in percentages\n|rule|Endless Battle Clause: Forcing endless battles is banned\n|rule|OHKO Clause: OHKO moves are banned\n|rule|Evasion Moves Clause: Evasion moves are banned\n|rule|Evasion Abilities Clause: Evasion abilities are banned\n|rule|Species Clause: Limit one of each Pok\u00e9mon\n|rule|Gravity Sleep Clause: The combination of sleep-inducing moves with imperfect accuracy and Gravity or Gigantamax Orbeetle are banned\n|clearpoke\n|poke|p1|Regigigas|\n|poke|p1|Spinda, M|\n|poke|p1|Manaphy|\n|poke|p1|Clefable, F|\n|poke|p1|Tornadus, M|\n|poke|p1|Mew|\n|poke|p2|Ogerpon-Hearthflame, F|\n|poke|p2|Amoonguss, F|\n|poke|p2|Walking Wake|\n|poke|p2|Torkoal, M|\n|poke|p2|Flutter Mane|\n|poke|p2|Ursaluna, F|\n|teampreview\n|inactive|Battle timer is ON: inactive players will automatically lose when time's up. (requested by WillowYT)\n|inactive|Fumo on a Roomba also wants the timer to be on.\n|\n|t:|1696964371\n|start\n|switch|p1a: Regigigas|Regigigas|100\/100\n|switch|p1b: Spinda|Spinda, M|100\/100\n|switch|p2a: Amoonguss|Amoonguss, F|100\/100\n|switch|p2b: Ogerpon|Ogerpon-Hearthflame, F|100\/100\n|-ability|p2b: Ogerpon|Mold Breaker\n|-start|p1a: Regigigas|ability: Slow Start\n|turn|1\n|\n|t:|1696964391\n|move|p2b: Ogerpon|Spiky Shield|p2b: Ogerpon\n|-singleturn|p2b: Ogerpon|move: Protect\n|move|p1b: Spinda|Skill Swap|p1a: Regigigas\n|-activate|p1b: Spinda|move: Skill Swap|||[of] p1a: Regigigas\n|-end|p1a: Regigigas|Slow Start|[silent]\n|-start|p1b: Spinda|ability: Slow Start\n|move|p1a: Regigigas|Superpower|p2b: Ogerpon\n|-activate|p2b: Ogerpon|move: Protect\n|-damage|p1a: Regigigas|88\/100|[from] Spiky Shield|[of] p2b: Ogerpon\n|move|p2a: Amoonguss|Spore|p1a: Regigigas\n|-status|p1a: Regigigas|slp|[from] move: Spore\n|\n|-heal|p1a: Regigigas|94\/100 slp|[from] item: Leftovers\n|upkeep\n|turn|2\n|\n|t:|1696964410\n|-end|p1b: Spinda|Slow Start|[silent]\n|switch|p1b: Clefable|Clefable, F|100\/100\n|move|p2a: Amoonguss|Rage Powder|p2a: Amoonguss\n|-singleturn|p2a: Amoonguss|move: Rage Powder\n|move|p2b: Ogerpon|Encore||[still]\n|-fail|p2b: Ogerpon\n|cant|p1a: Regigigas|slp\n|\n|-heal|p1a: Regigigas|99\/100 slp|[from] item: Leftovers\n|upkeep\n|turn|3\n|\n|t:|1696964421\n|move|p2b: Ogerpon|Knock Off|p1a: Regigigas\n|-damage|p1a: Regigigas|66\/100 slp\n|-enditem|p1a: Regigigas|Leftovers|[from] move: Knock Off|[of] p2b: Ogerpon\n|cant|p1a: Regigigas|slp\n|move|p1b: Clefable|Aromatherapy|p1b: Clefable\n|-activate|p1b: Clefable|move: Aromatherapy\n|-curestatus|p1a: Regigigas|slp|[msg]\n|move|p2a: Amoonguss|Spore|p1b: Clefable\n|-status|p1b: Clefable|slp|[from] move: Spore\n|\n|upkeep\n|turn|4\n|\n|t:|1696964443\n|switch|p1b: Mew|Mew|100\/100\n|move|p2b: Ogerpon|Spiky Shield|p2b: Ogerpon\n|-singleturn|p2b: Ogerpon|move: Protect\n|move|p1a: Regigigas|Rock Slide|p2b: Ogerpon|[spread] p2a\n|-activate|p2b: Ogerpon|move: Protect\n|-damage|p2a: Amoonguss|77\/100\n|move|p2a: Amoonguss|Spore|p1a: Regigigas\n|-status|p1a: Regigigas|slp|[from] move: Spore\n|\n|-heal|p2a: Amoonguss|83\/100|[from] item: Leftovers\n|upkeep\n|turn|5\n|\n|t:|1696964458\n|move|p2b: Ogerpon|Ivy Cudgel|p1a: Regigigas\n|-damage|p1a: Regigigas|15\/100 slp\n|cant|p1a: Regigigas|slp\n|move|p1b: Mew|Heal Bell|p1b: Mew\n|-activate|p1b: Mew|move: Heal Bell\n|-curestatus|p1a: Regigigas|slp|[msg]\n|-curestatus|p1: Clefable|slp|[msg]\n|move|p2a: Amoonguss|Spore|p1b: Mew\n|-status|p1b: Mew|slp|[from] move: Spore\n|\n|-heal|p2a: Amoonguss|89\/100|[from] item: Leftovers\n|upkeep\n|turn|6\n|\n|t:|1696964480\n|switch|p1b: Clefable|Clefable, F|100\/100\n|-terastallize|p1a: Regigigas|Fighting\n|move|p2b: Ogerpon|Spiky Shield|p2b: Ogerpon\n|-singleturn|p2b: Ogerpon|move: Protect\n|move|p1a: Regigigas|Superpower|p2a: Amoonguss\n|-resisted|p2a: Amoonguss\n|-damage|p2a: Amoonguss|50\/100\n|-boost|p1a: Regigigas|atk|1\n|-boost|p1a: Regigigas|def|1\n|move|p2a: Amoonguss|Spore|p1a: Regigigas\n|-status|p1a: Regigigas|slp|[from] move: Spore\n|\n|-heal|p2a: Amoonguss|56\/100|[from] item: Leftovers\n|upkeep\n|turn|7\n|\n|t:|1696964495\n|switch|p2a: Torkoal|Torkoal, M|100\/100\n|-weather|SunnyDay|[from] ability: Drought|[of] p2a: Torkoal\n|move|p1b: Clefable|Follow Me|p1b: Clefable\n|-singleturn|p1b: Clefable|move: Follow Me\n|move|p2b: Ogerpon|Ivy Cudgel|p1b: Clefable\n|-damage|p1b: Clefable|0 fnt\n|faint|p1b: Clefable\n|cant|p1a: Regigigas|slp\n|\n|-weather|SunnyDay|[upkeep]\n|upkeep\n|\n|t:|1696964510\n|switch|p1b: Tornadus|Tornadus, M|100\/100\n|turn|8\n|inactive|WillowYT has 120 seconds left.\n|\n|t:|1696964543\n|move|p1b: Tornadus|Tailwind|p1b: Tornadus\n|-sidestart|p1: Fumo on a Roomba|move: Tailwind\n|-curestatus|p1a: Regigigas|slp|[msg]\n|move|p1a: Regigigas|Rock Slide|p2a: Torkoal|[spread] p2a,p2b\n|-supereffective|p2a: Torkoal\n|-supereffective|p2b: Ogerpon\n|-damage|p2a: Torkoal|58\/100\n|-damage|p2b: Ogerpon|11\/100\n|move|p2b: Ogerpon|Ivy Cudgel|p1a: Regigigas\n|-damage|p1a: Regigigas|0 fnt\n|faint|p1a: Regigigas\n|cant|p2a: Torkoal|flinch\n|\n|-weather|SunnyDay|[upkeep]\n|upkeep\n|\n|t:|1696964556\n|switch|p1a: Spinda|Spinda, M|100\/100\n|turn|9\n|inactive|WillowYT has 120 seconds left.\n|\n|t:|1696964605\n|switch|p2a: Amoonguss|Amoonguss, F|89\/100\n|move|p1b: Tornadus|Bleakwind Storm|p2b: Ogerpon|[spread] p2b\n|-miss|p1b: Tornadus|p2a: Amoonguss\n|-supereffective|p2b: Ogerpon\n|-damage|p2b: Ogerpon|0 fnt\n|faint|p2b: Ogerpon\n|move|p1a: Spinda|Superpower|p2a: Amoonguss\n|-resisted|p2a: Amoonguss\n|-damage|p2a: Amoonguss|75\/100\n|-boost|p1a: Spinda|atk|1\n|-boost|p1a: Spinda|def|1\n|\n|-weather|SunnyDay|[upkeep]\n|-heal|p2a: Amoonguss|81\/100|[from] item: Leftovers\n|upkeep\n|inactive|WillowYT has 90 seconds left.\n|\n|t:|1696964628\n|switch|p2b: Flutter Mane|Flutter Mane|100\/100\n|-activate|p2b: Flutter Mane|ability: Protosynthesis\n|-start|p2b: Flutter Mane|protosynthesisspe\n|turn|10\n|\n|t:|1696964650\n|move|p2a: Amoonguss|Rage Powder|p2a: Amoonguss\n|-singleturn|p2a: Amoonguss|move: Rage Powder\n|move|p1b: Tornadus|Icy Wind|p2b: Flutter Mane|[spread] p2a,p2b\n|-supereffective|p2a: Amoonguss\n|-damage|p2a: Amoonguss|63\/100\n|-damage|p2b: Flutter Mane|85\/100\n|-unboost|p2a: Amoonguss|spe|1\n|-unboost|p2b: Flutter Mane|spe|1\n|move|p1a: Spinda|Rock Slide|p2b: Flutter Mane|[spread] p2b\n|-miss|p1a: Spinda|p2a: Amoonguss\n|-damage|p2b: Flutter Mane|49\/100\n|cant|p2b: Flutter Mane|flinch\n|\n|-weather|SunnyDay|[upkeep]\n|-heal|p2a: Amoonguss|69\/100|[from] item: Leftovers\n|upkeep\n|turn|11\n|\n|t:|1696964673\n|move|p1b: Tornadus|Bleakwind Storm|p2b: Flutter Mane|[spread] p2a\n|-miss|p1b: Tornadus|p2b: Flutter Mane\n|-supereffective|p2a: Amoonguss\n|-damage|p2a: Amoonguss|19\/100\n|move|p1a: Spinda|Rock Slide|p2b: Flutter Mane|[spread] p2a,p2b\n|-damage|p2a: Amoonguss|0 fnt\n|-damage|p2b: Flutter Mane|7\/100\n|faint|p2a: Amoonguss\n|cant|p2b: Flutter Mane|flinch\n|\n|-weather|SunnyDay|[upkeep]\n|-sideend|p1: Fumo on a Roomba|move: Tailwind\n|upkeep\n|-message|WillowYT forfeited.\n|\n|win|Fumo on a Roomba\n|raw|Fumo on a Roomba's rating: 1012 &rarr; <strong>1065<\/strong><br \/>(+53 for winning)\n|raw|WillowYT's rating: 1159 &rarr; <strong>1124<\/strong><br \/>(-35 for losing)\n|l|\u2606WillowYT\n","uploadtime":1696964693,"views":12,"p1id":"fumoonaroomba","p2id":"willowyt","formatid":"gen9nationaldexdoubles","rating":1065,"private":0,"password":""}