{"id":"gen9nationaldexdoubles-1994150012","p1":"killahj","p2":"fumbari 24","format":"[Gen 9] National Dex Doubles","log":"|j|\u2606killahj\n|j|\u2606fumbari 24\n|t:|1700412701\n|gametype|doubles\n|player|p1|killahj|silver|1097\n|player|p2|fumbari 24|hilbert|1248\n|teamsize|p1|6\n|teamsize|p2|6\n|gen|9\n|tier|[Gen 9] National Dex Doubles\n|rated|\n|rule|HP Percentage Mod: HP is shown in percentages\n|rule|Endless Battle Clause: Forcing endless battles is banned\n|rule|OHKO Clause: OHKO moves are banned\n|rule|Evasion Moves Clause: Evasion moves are banned\n|rule|Evasion Abilities Clause: Evasion abilities are banned\n|rule|Species Clause: Limit one of each Pok\u00e9mon\n|rule|Gravity Sleep Clause: The combination of sleep-inducing moves with imperfect accuracy and Gravity or Gigantamax Orbeetle are banned\n|clearpoke\n|poke|p1|Gastrodon, F|\n|poke|p1|Raichu-Alola, M|\n|poke|p1|Haxorus, F|\n|poke|p1|Chandelure, M|\n|poke|p1|Sylveon, M|\n|poke|p1|Medicham, F|\n|poke|p2|Audino, F|\n|poke|p2|Zoroark, M|\n|poke|p2|Mimikyu, M|\n|poke|p2|Gholdengo|\n|poke|p2|Moltres-Galar|\n|poke|p2|Ogerpon-Cornerstone, F|\n|teampreview\n|\n|t:|1700412736\n|start\n|switch|p1a: Gastrodon|Gastrodon, F|100\/100\n|switch|p1b: Raichu|Raichu-Alola, M|100\/100\n|switch|p2a: Mimikyu|Mimikyu, M|100\/100\n|switch|p2b: Gholdengo|Gholdengo|100\/100\n|turn|1\n|\n|t:|1700412755\n|move|p1b: Raichu|Thunderbolt|p2a: Mimikyu\n|-activate|p2a: Mimikyu|ability: Disguise\n|-damage|p2a: Mimikyu|100\/100\n|detailschange|p2a: Mimikyu|Mimikyu-Busted, M\n|-damage|p2a: Mimikyu|88\/100|[from] pokemon: Mimikyu-Busted\n|move|p2b: Gholdengo|Knock Off|p1a: Gastrodon\n|-damage|p1a: Gastrodon|52\/100\n|-enditem|p1a: Gastrodon|Aguav Berry|[from] move: Knock Off|[of] p2b: Gholdengo\n|-zpower|p2a: Mimikyu\n|move|p2a: Mimikyu|Let's Snuggle Forever|p1a: Gastrodon|[zeffect]\n|-damage|p1a: Gastrodon|0 fnt\n|faint|p1a: Gastrodon\n|\n|upkeep\n|inactive|Battle timer is ON: inactive players will automatically lose when time's up. (requested by fumbari 24)\n|\n|t:|1700412775\n|switch|p1a: Medicham|Medicham, F|100\/100\n|turn|2\n|\n|t:|1700412787\n|detailschange|p1a: Medicham|Medicham-Mega, F\n|-mega|p1a: Medicham|Medicham|Medichamite\n|move|p2b: Gholdengo|Detect|p2b: Gholdengo\n|-singleturn|p2b: Gholdengo|Protect\n|move|p1a: Medicham|Bullet Punch|p2a: Mimikyu\n|-supereffective|p2a: Mimikyu\n|-damage|p2a: Mimikyu|22\/100\n|move|p1b: Raichu|Thunderbolt|p2a: Mimikyu\n|-damage|p2a: Mimikyu|0 fnt\n|faint|p2a: Mimikyu\n|\n|upkeep\n|\n|t:|1700412798\n|switch|p2a: Moltres|Moltres-Galar|100\/100\n|turn|3\n|\n|t:|1700412812\n|switch|p1a: Chandelure|Chandelure, M|100\/100\n|-terastallize|p2a: Moltres|Poison\n|move|p1b: Raichu|Thunderbolt|p2a: Moltres\n|-damage|p2a: Moltres|73\/100\n|move|p2b: Gholdengo|Knock Off|p1a: Chandelure\n|-supereffective|p1a: Chandelure\n|-damage|p1a: Chandelure|0 fnt\n|-enditem|p1a: Chandelure|Life Orb|[from] move: Knock Off|[of] p2b: Gholdengo\n|faint|p1a: Chandelure\n|move|p2a: Moltres|Fiery Wrath|p1b: Raichu\n|-supereffective|p1b: Raichu\n|-enditem|p1b: Raichu|Focus Sash\n|-damage|p1b: Raichu|1\/100\n|\n|upkeep\n|\n|t:|1700412835\n|switch|p1a: Sylveon|Sylveon, M|100\/100\n|turn|4\n|\n|t:|1700412843\n|-terastallize|p1a: Sylveon|Fire\n|move|p2b: Gholdengo|Sucker Punch|p1b: Raichu\n|-supereffective|p1b: Raichu\n|-damage|p1b: Raichu|0 fnt\n|faint|p1b: Raichu\n|move|p2a: Moltres|Nasty Plot|p2a: Moltres\n|-boost|p2a: Moltres|spa|2\n|move|p1a: Sylveon|Mystical Fire|p2b: Gholdengo\n|-damage|p2b: Gholdengo|22\/100\n|-unboost|p2b: Gholdengo|spa|1\n|replace|p2b: Zoroark|Zoroark, M\n|-end|p2b: Zoroark|Illusion\n|\n|upkeep\n|\n|t:|1700412860\n|switch|p1b: Medicham|Medicham-Mega, F|100\/100\n|turn|5\n|\n|t:|1700412872\n|move|p2a: Moltres|Protect|p2a: Moltres\n|-singleturn|p2a: Moltres|Protect\n|move|p1b: Medicham|Fake Out|p2b: Zoroark\n|-damage|p2b: Zoroark|0 fnt\n|faint|p2b: Zoroark\n|move|p1a: Sylveon|Psychic|p2a: Moltres\n|-activate|p2a: Moltres|move: Protect\n|\n|upkeep\n|\n|t:|1700412878\n|switch|p2b: Audino|Audino, F, shiny|100\/100\n|turn|6\n|\n|t:|1700412887\n|detailschange|p2b: Audino|Audino-Mega, F, shiny\n|-mega|p2b: Audino|Audino|Audinite\n|move|p2b: Audino|Ally Switch|p2b: Audino\n|swap|p2b: Audino|0|[from] move: Ally Switch\n|move|p1b: Medicham|Drain Punch|p2b: Moltres\n|-resisted|p2b: Moltres\n|-damage|p2b: Moltres|41\/100\n|-ability|p2b: Moltres|Berserk|boost\n|-boost|p2b: Moltres|spa|1\n|-enditem|p2b: Moltres|Sitrus Berry|[eat]\n|-heal|p2b: Moltres|65\/100|[from] item: Sitrus Berry\n|move|p2b: Moltres|Fiery Wrath|p1b: Medicham|[spread] p1a,p1b\n|-damage|p1a: Sylveon|68\/100\n|-damage|p1b: Medicham|0 fnt\n|faint|p1b: Medicham\n|cant|p1a: Sylveon|flinch\n|\n|upkeep\n|\n|t:|1700412904\n|switch|p1b: Haxorus|Haxorus, F, shiny|100\/100\n|-ability|p1b: Haxorus|Mold Breaker\n|turn|7\n|\n|t:|1700412915\n|move|p1b: Haxorus|Shadow Claw|p2b: Moltres\n|-damage|p2b: Moltres|36\/100\n|-ability|p2b: Moltres|Berserk|boost\n|-boost|p2b: Moltres|spa|1\n|move|p2b: Moltres|Fiery Wrath|p1b: Haxorus|[spread] p1a,p1b\n|-damage|p1a: Sylveon|28\/100\n|-damage|p1b: Haxorus|0 fnt\n|faint|p1b: Haxorus\n|cant|p1a: Sylveon|flinch\n|move|p2a: Audino|Dazzling Gleam|p1a: Sylveon\n|-resisted|p1a: Sylveon\n|-damage|p1a: Sylveon|22\/100\n|\n|upkeep\n|turn|8\n|\n|t:|1700412931\n|move|p2b: Moltres|Fiery Wrath|p1a: Sylveon\n|-damage|p1a: Sylveon|0 fnt\n|faint|p1a: Sylveon\n|\n|win|fumbari 24\n|raw|killahj's rating: 1097 &rarr; <strong>1082<\/strong><br \/>(-15 for losing)\n|raw|fumbari 24's rating: 1248 &rarr; <strong>1263<\/strong><br \/>(+15 for winning)\n|l|\u2606killahj\n","uploadtime":1700412934,"views":13,"p1id":"killahj","p2id":"fumbari24","formatid":"gen9nationaldexdoubles","rating":1082,"private":0,"password":""}