{"id":"gen9nationaldexdoubles-1986206233","p1":"Saywha413","p2":"Pachirice","format":"[Gen 9] National Dex Doubles","log":"|j|\u2606Saywha413\n|j|\u2606Pachirice\n|t:|1699459768\n|gametype|doubles\n|player|p1|Saywha413|hugh|1030\n|player|p2|Pachirice|102|1040\n|teamsize|p1|6\n|teamsize|p2|6\n|gen|9\n|tier|[Gen 9] National Dex Doubles\n|rated|\n|rule|HP Percentage Mod: HP is shown in percentages\n|rule|Endless Battle Clause: Forcing endless battles is banned\n|rule|OHKO Clause: OHKO moves are banned\n|rule|Evasion Moves Clause: Evasion moves are banned\n|rule|Evasion Abilities Clause: Evasion abilities are banned\n|rule|Species Clause: Limit one of each Pok\u00e9mon\n|rule|Gravity Sleep Clause: The combination of sleep-inducing moves with imperfect accuracy and Gravity or Gigantamax Orbeetle are banned\n|clearpoke\n|poke|p1|Bouffalant, F|\n|poke|p1|Eelektross, F|\n|poke|p1|Flygon, M|\n|poke|p1|Serperior, M|\n|poke|p1|Salamence, M|\n|poke|p1|Arcanine, F|\n|poke|p2|Dedenne, F|\n|poke|p2|Klinklang|\n|poke|p2|Ampharos, M|\n|poke|p2|Manectric, M|\n|poke|p2|Iron Valiant|\n|poke|p2|Toxtricity-Low-Key, M|\n|teampreview\n|\n|t:|1699459772\n|start\n|switch|p1a: Bouffalant|Bouffalant, F|100\/100\n|switch|p1b: Eelektross|Eelektross, F|100\/100\n|switch|p2a: Ichimatsu|Toxtricity-Low-Key, M|100\/100\n|switch|p2b: Suuji|Klinklang|100\/100\n|turn|1\n|\n|t:|1699459788\n|move|p2b: Suuji|Gear Up|p2b: Suuji\n|-boost|p2a: Ichimatsu|atk|1\n|-boost|p2a: Ichimatsu|spa|1\n|-boost|p2b: Suuji|atk|1\n|-boost|p2b: Suuji|spa|1\n|move|p2a: Ichimatsu|Magnetic Flux|p2a: Ichimatsu\n|-boost|p2a: Ichimatsu|def|1\n|-boost|p2a: Ichimatsu|spd|1\n|-boost|p2b: Suuji|def|1\n|-boost|p2b: Suuji|spd|1\n|move|p1a: Bouffalant|Earthquake|p2a: Ichimatsu|[spread] p2a,p2b\n|-immune|p1b: Eelektross|[from] ability: Levitate\n|-supereffective|p2a: Ichimatsu\n|-supereffective|p2b: Suuji\n|-damage|p2a: Ichimatsu|0 fnt\n|-damage|p2b: Suuji|55\/100\n|faint|p2a: Ichimatsu\n|move|p1b: Eelektross|Signal Beam|p2b: Suuji\n|-resisted|p2b: Suuji\n|-damage|p2b: Suuji|45\/100\n|\n|upkeep\n|\n|t:|1699459802\n|switch|p2a: Jyuichi|Iron Valiant|100\/100\n|-enditem|p2a: Jyuichi|Booster Energy\n|-activate|p2a: Jyuichi|ability: Quark Drive|[fromitem]\n|-start|p2a: Jyuichi|quarkdrivespe\n|turn|2\n|\n|t:|1699459814\n|move|p2a: Jyuichi|Wide Guard|p2a: Jyuichi\n|-singleturn|p2a: Jyuichi|Wide Guard\n|move|p2b: Suuji|Magnetic Flux|p2b: Suuji\n|-boost|p2b: Suuji|def|1\n|-boost|p2b: Suuji|spd|1\n|move|p1a: Bouffalant|Earthquake|p2b: Suuji|[spread] \n|-activate|p2a: Jyuichi|move: Wide Guard\n|-activate|p2b: Suuji|move: Wide Guard\n|-immune|p1b: Eelektross|[from] ability: Levitate\n|move|p1b: Eelektross|Flamethrower|p2b: Suuji\n|-supereffective|p2b: Suuji\n|-damage|p2b: Suuji|4\/100\n|\n|upkeep\n|turn|3\n|\n|t:|1699459832\n|move|p2a: Jyuichi|Wide Guard|p2a: Jyuichi\n|-singleturn|p2a: Jyuichi|Wide Guard\n|move|p2b: Suuji|Gear Grind|p1b: Eelektross\n|-resisted|p1b: Eelektross\n|-damage|p1b: Eelektross|86\/100\n|-resisted|p1b: Eelektross\n|-damage|p1b: Eelektross|71\/100\n|-hitcount|p1b: Eelektross|2\n|move|p1a: Bouffalant|Earthquake|p2b: Suuji|[spread] \n|-activate|p2a: Jyuichi|move: Wide Guard\n|-activate|p2b: Suuji|move: Wide Guard\n|-immune|p1b: Eelektross|[from] ability: Levitate\n|move|p1b: Eelektross|Flamethrower|p2b: Suuji\n|-supereffective|p2b: Suuji\n|-damage|p2b: Suuji|0 fnt\n|faint|p2b: Suuji\n|\n|upkeep\n|\n|t:|1699459846\n|switch|p2b: Jushimatsu|Ampharos, M|100\/100\n|turn|4\n|\n|t:|1699459856\n|detailschange|p2b: Jushimatsu|Ampharos-Mega, M\n|-mega|p2b: Jushimatsu|Ampharos|Ampharosite\n|-ability|p2b: Jushimatsu|Mold Breaker\n|move|p2a: Jyuichi|Wide Guard|p2a: Jyuichi\n|-singleturn|p2a: Jyuichi|Wide Guard\n|move|p2b: Jushimatsu|Dazzling Gleam|p1b: Eelektross|[spread] p1a,p1b\n|-damage|p1a: Bouffalant|75\/100\n|-damage|p1b: Eelektross|42\/100\n|move|p1a: Bouffalant|Earthquake|p2a: Jyuichi|[spread] \n|-activate|p2a: Jyuichi|move: Wide Guard\n|-activate|p2b: Jushimatsu|move: Wide Guard\n|-immune|p1b: Eelektross|[from] ability: Levitate\n|move|p1b: Eelektross|Thunderbolt|p2a: Jyuichi\n|-damage|p2a: Jyuichi|36\/100\n|\n|upkeep\n|turn|5\n|\n|t:|1699459876\n|move|p2a: Jyuichi|Wide Guard|p2a: Jyuichi\n|-singleturn|p2a: Jyuichi|Wide Guard\n|move|p2b: Jushimatsu|Signal Beam|p1b: Eelektross\n|-damage|p1b: Eelektross|7\/100\n|-start|p1b: Eelektross|confusion\n|move|p1a: Bouffalant|Earthquake|p2b: Jushimatsu|[spread] \n|-activate|p2a: Jyuichi|move: Wide Guard\n|-activate|p2b: Jushimatsu|move: Wide Guard\n|-immune|p1b: Eelektross|[from] ability: Levitate\n|-activate|p1b: Eelektross|confusion\n|move|p1b: Eelektross|Thunderbolt|p2a: Jyuichi\n|-damage|p2a: Jyuichi|0 fnt\n|faint|p2a: Jyuichi\n|-end|p2a: Jyuichi|Quark Drive|[silent]\n|\n|upkeep\n|\n|t:|1699459892\n|switch|p2a: Ichi|Manectric, M|100\/100\n|turn|6\n|\n|t:|1699459901\n|move|p2a: Ichi|Fire Fang|p1a: Bouffalant\n|-damage|p1a: Bouffalant|59\/100\n|move|p2b: Jushimatsu|Dazzling Gleam|p1b: Eelektross|[spread] p1a,p1b\n|-damage|p1a: Bouffalant|35\/100\n|-damage|p1b: Eelektross|0 fnt\n|faint|p1b: Eelektross\n|cant|p1a: Bouffalant|flinch\n|\n|upkeep\n|\n|t:|1699459912\n|switch|p1b: Flygon|Flygon, M|100\/100\n|turn|7\n|\n|t:|1699459933\n|move|p1b: Flygon|Earth Power|p2b: Jushimatsu\n|-supereffective|p2b: Jushimatsu\n|-damage|p2b: Jushimatsu|0 fnt\n|faint|p2b: Jushimatsu\n|move|p2a: Ichi|Fire Fang|p1a: Bouffalant\n|-damage|p1a: Bouffalant|19\/100\n|move|p1a: Bouffalant|Earthquake|p2a: Ichi|[spread] p2a\n|-immune|p1b: Flygon|[from] ability: Levitate\n|-supereffective|p2a: Ichi\n|-enditem|p2a: Ichi|Focus Sash\n|-damage|p2a: Ichi|1\/100\n|\n|upkeep\n|\n|t:|1699459941\n|switch|p2b: Jyushi|Dedenne, F|100\/100\n|turn|8\n|\n|t:|1699459951\n|move|p2a: Ichi|Quick Attack|p1a: Bouffalant\n|-damage|p1a: Bouffalant|7\/100\n|move|p1b: Flygon|Earth Power|p2a: Ichi\n|-supereffective|p2a: Ichi\n|-damage|p2a: Ichi|0 fnt\n|faint|p2a: Ichi\n|move|p2b: Jyushi|Dazzling Gleam|p1b: Flygon|[spread] p1a,p1b\n|-supereffective|p1b: Flygon\n|-damage|p1a: Bouffalant|0 fnt\n|-damage|p1b: Flygon|39\/100\n|faint|p1a: Bouffalant\n|\n|upkeep\n|-message|Pachirice forfeited.\n|\n|win|Saywha413\n|raw|Saywha413's rating: 1030 &rarr; <strong>1067<\/strong><br \/>(+37 for winning)\n|raw|Pachirice's rating: 1040 &rarr; <strong>1024<\/strong><br \/>(-16 for losing)\n|l|\u2606Pachirice\n","uploadtime":1699459964,"views":36,"p1id":"saywha413","p2id":"pachirice","formatid":"gen9nationaldexdoubles","rating":1024,"private":0,"password":""}