{"id":"gen9nationaldexdoubles-1967022758","p1":"MaKaPoWkA_","p2":"MonoScaryyType","format":"[Gen 9] National Dex Doubles","log":"|j|\u2606MaKaPoWkA_\n|j|\u2606MonoScaryyType\n|t:|1697245273\n|gametype|doubles\n|player|p1|MaKaPoWkA_|fisherman-gen4|1072\n|player|p2|MonoScaryyType|caitlin|1000\n|teamsize|p1|4\n|teamsize|p2|6\n|gen|9\n|tier|[Gen 9] National Dex Doubles\n|rated|\n|rule|HP Percentage Mod: HP is shown in percentages\n|rule|Endless Battle Clause: Forcing endless battles is banned\n|rule|OHKO Clause: OHKO moves are banned\n|rule|Evasion Moves Clause: Evasion moves are banned\n|rule|Evasion Abilities Clause: Evasion abilities are banned\n|rule|Species Clause: Limit one of each Pok\u00e9mon\n|rule|Gravity Sleep Clause: The combination of sleep-inducing moves with imperfect accuracy and Gravity or Gigantamax Orbeetle are banned\n|clearpoke\n|poke|p1|Krookodile, F|\n|poke|p1|Blacephalon|\n|poke|p1|Tornadus, M|\n|poke|p1|Heatran, M|\n|poke|p2|Phantump, F|\n|poke|p2|Pumpkaboo-*, F|\n|poke|p2|Flutter Mane|\n|poke|p2|Gholdengo|\n|poke|p2|Spectrier|\n|poke|p2|Banette, F|\n|teampreview\n|\n|t:|1697245289\n|start\n|switch|p1a: Tornadus|Tornadus, M|100\/100\n|switch|p1b: Blacephalon|Blacephalon|100\/100\n|switch|p2a: fearwood|Phantump, F, shiny|100\/100\n|switch|p2b: MLP MVP tho|Spectrier|100\/100\n|-item|p1a: Tornadus|Heat Rock|[from] ability: Frisk|[of] p2a: fearwood|[identify]\n|-item|p1b: Blacephalon|Life Orb|[from] ability: Frisk|[of] p2a: fearwood|[identify]\n|turn|1\n|inactive|Battle timer is ON: inactive players will automatically lose when time's up. (requested by MonoScaryyType)\n|inactive|MaKaPoWkA_ has 120 seconds left.\n|\n|t:|1697245325\n|move|p1b: Blacephalon|Protect|p1b: Blacephalon\n|-singleturn|p1b: Blacephalon|Protect\n|move|p1a: Tornadus|Sunny Day|p1a: Tornadus\n|-weather|SunnyDay\n|move|p2b: MLP MVP tho|Shadow Ball|p1b: Blacephalon\n|-activate|p1b: Blacephalon|move: Protect\n|move|p2a: fearwood|Trick Room|p2a: fearwood\n|-fieldstart|move: Trick Room|[of] p2a: fearwood\n|\n|-weather|SunnyDay|[upkeep]\n|upkeep\n|turn|2\n|inactive|MaKaPoWkA_ has 120 seconds left.\n|\n|t:|1697245368\n|switch|p2b: ugh money again|Gholdengo|100\/100\n|move|p2a: fearwood|Leech Seed|p1a: Tornadus\n|-start|p1a: Tornadus|move: Leech Seed\n|move|p1b: Blacephalon|Shadow Ball|p2b: ugh money again\n|-supereffective|p2b: ugh money again\n|-damage|p2b: ugh money again|0 fnt\n|faint|p2b: ugh money again\n|-ability|p1b: Blacephalon|Beast Boost|boost\n|-boost|p1b: Blacephalon|spa|1\n|-damage|p1b: Blacephalon|91\/100|[from] item: Life Orb\n|move|p1a: Tornadus|Heat Wave|p2a: fearwood\n|-supereffective|p2a: fearwood\n|-enditem|p2a: fearwood|Focus Sash\n|-damage|p2a: fearwood|1\/100\n|-status|p2a: fearwood|brn\n|\n|-weather|SunnyDay|[upkeep]\n|-damage|p1a: Tornadus|88\/100|[from] Leech Seed|[of] p2a: fearwood\n|-heal|p2a: fearwood|14\/100 brn|[silent]\n|-damage|p2a: fearwood|7\/100 brn|[from] brn\n|upkeep\n|inactive|MonoScaryyType has 120 seconds left.\n|\n|t:|1697245387\n|switch|p2b: Scary Spice|Banette, F|100\/100\n|turn|3\n|inactive|MaKaPoWkA_ has 120 seconds left.\n|\n|t:|1697245411\n|detailschange|p2b: Scary Spice|Banette-Mega, F\n|-mega|p2b: Scary Spice|Banette|Banettite\n|move|p2b: Scary Spice|Cotton Guard|p2b: Scary Spice\n|-boost|p2b: Scary Spice|def|3\n|move|p1a: Tornadus|Taunt|p2b: Scary Spice\n|-start|p2b: Scary Spice|move: Taunt\n|move|p2a: fearwood|Destiny Bond|p2a: fearwood\n|-singlemove|p2a: fearwood|Destiny Bond\n|move|p1b: Blacephalon|Shadow Ball|p2b: Scary Spice\n|-supereffective|p2b: Scary Spice\n|-damage|p2b: Scary Spice|0 fnt\n|faint|p2b: Scary Spice\n|-ability|p1b: Blacephalon|Beast Boost|boost\n|-boost|p1b: Blacephalon|spa|1\n|-damage|p1b: Blacephalon|81\/100|[from] item: Life Orb\n|\n|-weather|SunnyDay|[upkeep]\n|-damage|p1a: Tornadus|76\/100|[from] Leech Seed|[of] p2a: fearwood\n|-heal|p2a: fearwood|20\/100 brn|[silent]\n|-damage|p2a: fearwood|14\/100 brn|[from] brn\n|upkeep\n|inactive|MonoScaryyType has 120 seconds left.\n|\n|t:|1697245429\n|switch|p2b: Gourdy|Pumpkaboo-Super, F|100\/100\n|turn|4\n|inactive|MonoScaryyType has 120 seconds left.\n|inactive|MaKaPoWkA_ has 120 seconds left.\n|\n|t:|1697245478\n|move|p1b: Blacephalon|Protect|p1b: Blacephalon\n|-singleturn|p1b: Blacephalon|Protect\n|move|p2a: fearwood|Giga Drain|p1b: Blacephalon\n|-activate|p1b: Blacephalon|move: Protect\n|move|p2b: Gourdy|Giga Drain|p1b: Blacephalon\n|-activate|p1b: Blacephalon|move: Protect\n|move|p1a: Tornadus|Heat Wave|p2a: fearwood|[spread] p2a,p2b\n|-supereffective|p2a: fearwood\n|-supereffective|p2b: Gourdy\n|-damage|p2a: fearwood|0 fnt\n|-damage|p2b: Gourdy|37\/100\n|faint|p2a: fearwood\n|\n|-weather|SunnyDay|[upkeep]\n|upkeep\n|inactive|MonoScaryyType has 120 seconds left.\n|\n|t:|1697245497\n|switch|p2a: MLP MVP tho|Spectrier|100\/100\n|turn|5\n|inactive|MaKaPoWkA_ has 120 seconds left.\n|\n|t:|1697245524\n|move|p2b: Gourdy|Shadow Sneak|p1b: Blacephalon\n|-supereffective|p1b: Blacephalon\n|-damage|p1b: Blacephalon|39\/100\n|move|p2a: MLP MVP tho|Shadow Ball|p1b: Blacephalon\n|-supereffective|p1b: Blacephalon\n|-damage|p1b: Blacephalon|0 fnt\n|faint|p1b: Blacephalon\n|-ability|p2a: MLP MVP tho|Grim Neigh|boost\n|-boost|p2a: MLP MVP tho|spa|1\n|move|p1a: Tornadus|Heat Wave|p2a: MLP MVP tho|[spread] p2a,p2b\n|-supereffective|p2b: Gourdy\n|-damage|p2a: MLP MVP tho|77\/100\n|-damage|p2b: Gourdy|0 fnt\n|faint|p2b: Gourdy\n|\n|-weather|SunnyDay|[upkeep]\n|-damage|p1a: Tornadus|63\/100|[from] Leech Seed|[of] p2a: MLP MVP tho\n|-heal|p2a: MLP MVP tho|87\/100|[silent]\n|-fieldend|move: Trick Room\n|upkeep\n|inactive|MaKaPoWkA_ has 120 seconds left.\n|\n|t:|1697245551\n|switch|p1b: Krookodile|Krookodile, F|100\/100\n|switch|p2b: MissFotrune|Flutter Mane|100\/100\n|-activate|p2b: MissFotrune|ability: Protosynthesis\n|-start|p2b: MissFotrune|protosynthesisspa\n|turn|6\n|inactive|MaKaPoWkA_ has 120 seconds left.\n|\n|t:|1697245592\n|-terastallize|p2a: MLP MVP tho|Fairy\n|move|p1a: Tornadus|Tailwind|p1a: Tornadus\n|-sidestart|p1: MaKaPoWkA_|move: Tailwind\n|move|p1b: Krookodile|Knock Off|p2a: MLP MVP tho\n|-resisted|p2a: MLP MVP tho\n|-damage|p2a: MLP MVP tho|47\/100\n|-enditem|p2a: MLP MVP tho|Assault Vest|[from] move: Knock Off|[of] p1b: Krookodile\n|-damage|p1b: Krookodile|91\/100|[from] item: Life Orb\n|move|p2b: MissFotrune|Substitute|p2b: MissFotrune\n|-start|p2b: MissFotrune|Substitute\n|-damage|p2b: MissFotrune|76\/100\n|move|p2a: MLP MVP tho|Draining Kiss|p1a: Tornadus\n|-damage|p1a: Tornadus|0 fnt\n|-heal|p2a: MLP MVP tho|82\/100|[from] drain|[of] p1a: Tornadus\n|faint|p1a: Tornadus\n|-ability|p2a: MLP MVP tho|Grim Neigh|boost\n|-boost|p2a: MLP MVP tho|spa|1\n|\n|-weather|SunnyDay|[upkeep]\n|upkeep\n|inactive|MaKaPoWkA_ has 90 seconds left.\n|\n|t:|1697245609\n|switch|p1a: Heatran|Heatran, M|100\/100\n|-item|p1a: Heatran|Air Balloon\n|turn|7\n|inactive|MaKaPoWkA_ has 90 seconds left.\n|\n|t:|1697245634\n|move|p1b: Krookodile|Earthquake|p2a: MLP MVP tho|[spread] p2a,p2b\n|-immune|p1a: Heatran\n|-end|p2b: MissFotrune|Substitute\n|-damage|p2a: MLP MVP tho|14\/100\n|-damage|p1b: Krookodile|81\/100|[from] item: Life Orb\n|move|p1a: Heatran|Eruption|p2a: MLP MVP tho|[spread] p2a,p2b\n|-damage|p2a: MLP MVP tho|0 fnt\n|-damage|p2b: MissFotrune|0 fnt\n|faint|p2a: MLP MVP tho\n|faint|p2b: MissFotrune\n|-end|p2b: MissFotrune|Protosynthesis|[silent]\n|\n|win|MaKaPoWkA_\n|raw|MaKaPoWkA_'s rating: 1072 &rarr; <strong>1095<\/strong><br \/>(+23 for winning)\n|raw|MonoScaryyType's rating: 1000 &rarr; <strong>1000<\/strong><br \/>(+0 for losing)\n|l|\u2606MaKaPoWkA_\n","uploadtime":1697245653,"views":7,"p1id":"makapowka","p2id":"monoscaryytype","formatid":"gen9nationaldexdoubles","rating":1000,"private":0,"password":""}