{"id":"gen9nationaldexdoubles-1954898444","p1":"pokeedro","p2":"Weavil4","format":"[Gen 9] National Dex Doubles","log":"|j|\u2606pokeedro\n|j|\u2606Weavil4\n|t:|1695935213\n|gametype|doubles\n|player|p1|pokeedro|cilan|1182\n|player|p2|Weavil4|cyclistf-gen4|1170\n|teamsize|p1|6\n|teamsize|p2|6\n|gen|9\n|tier|[Gen 9] National Dex Doubles\n|rated|\n|rule|HP Percentage Mod: HP is shown in percentages\n|rule|Endless Battle Clause: Forcing endless battles is banned\n|rule|OHKO Clause: OHKO moves are banned\n|rule|Evasion Moves Clause: Evasion moves are banned\n|rule|Evasion Abilities Clause: Evasion abilities are banned\n|rule|Species Clause: Limit one of each Pok\u00e9mon\n|rule|Gravity Sleep Clause: The combination of sleep-inducing moves with imperfect accuracy and Gravity or Gigantamax Orbeetle are banned\n|clearpoke\n|poke|p1|Weavile, M|\n|poke|p1|Houndstone, F|\n|poke|p1|Shiinotic, M|\n|poke|p1|Perrserker, M|\n|poke|p1|Goodra, M|\n|poke|p1|Rotom-Frost|\n|poke|p2|Ursaluna-Bloodmoon, M|\n|poke|p2|Cresselia, F|\n|poke|p2|Iron Hands|\n|poke|p2|Torkoal, M|\n|poke|p2|Lilligant-Hisui, F|\n|poke|p2|Flutter Mane|\n|teampreview\n|\n|t:|1695935229\n|start\n|switch|p1a: Perrserker|Perrserker, M|100\/100\n|switch|p1b: Shiinotic|Shiinotic, M, shiny|100\/100\n|switch|p2a: Trippy|Cresselia, F, shiny|100\/100\n|switch|p2b: Feddy fazbear|Ursaluna-Bloodmoon, M|100\/100\n|turn|1\n|\n|t:|1695935246\n|move|p1a: Perrserker|Fake Out|p2b: Feddy fazbear\n|-damage|p2b: Feddy fazbear|87\/100\n|cant|p2b: Feddy fazbear|flinch\n|move|p1b: Shiinotic|Spore|p2b: Feddy fazbear\n|-status|p2b: Feddy fazbear|slp|[from] move: Spore\n|move|p2a: Trippy|Trick Room|p2a: Trippy\n|-fieldstart|move: Trick Room|[of] p2a: Trippy\n|\n|upkeep\n|turn|2\n|\n|t:|1695935267\n|switch|p2b: MyStranglinghands|Iron Hands, shiny|100\/100\n|move|p2a: Trippy|Ally Switch|p2a: Trippy\n|swap|p2a: Trippy|1|[from] move: Ally Switch\n|move|p1b: Shiinotic|Leech Seed|p2a: MyStranglinghands\n|-start|p2a: MyStranglinghands|move: Leech Seed\n|move|p1a: Perrserker|Close Combat|p2b: Trippy\n|-resisted|p2b: Trippy\n|-damage|p2b: Trippy|83\/100\n|-unboost|p1a: Perrserker|def|1\n|-unboost|p1a: Perrserker|spd|1\n|\n|-damage|p2a: MyStranglinghands|88\/100|[from] Leech Seed|[of] p1b: Shiinotic\n|upkeep\n|turn|3\n|\n|t:|1695935290\n|move|p2a: MyStranglinghands|Fake Out|p1a: Perrserker\n|-resisted|p1a: Perrserker\n|-damage|p1a: Perrserker|88\/100\n|move|p1b: Shiinotic|Strength Sap|p2a: MyStranglinghands\n|-unboost|p2a: MyStranglinghands|atk|1\n|cant|p1a: Perrserker|flinch\n|move|p2b: Trippy|Lunar Blessing|p2b: Trippy|[spread] p2a,p2b\n|-heal|p2a: MyStranglinghands|100\/100\n|-heal|p2b: Trippy|100\/100\n|\n|-damage|p2a: MyStranglinghands|88\/100|[from] Leech Seed|[of] p1b: Shiinotic\n|upkeep\n|turn|4\n|\n|t:|1695935311\n|-end|p2a: MyStranglinghands|Quark Drive|[silent]\n|switch|p2a: Feddy fazbear|Ursaluna-Bloodmoon, M|87\/100 slp\n|move|p2b: Trippy|Ally Switch|p2b: Trippy\n|swap|p2b: Trippy|0|[from] move: Ally Switch\n|move|p1b: Shiinotic|Spore|p2b: Feddy fazbear\n|-fail|p2b: Feddy fazbear|slp\n|move|p1a: Perrserker|Play Rough|p2a: Trippy\n|-damage|p2a: Trippy|72\/100\n|\n|upkeep\n|turn|5\n|\n|t:|1695935327\n|move|p1b: Shiinotic|Leech Seed|p2a: Trippy\n|-start|p2a: Trippy|move: Leech Seed\n|cant|p2b: Feddy fazbear|slp\n|move|p1a: Perrserker|Close Combat|p2b: Feddy fazbear\n|-supereffective|p2b: Feddy fazbear\n|-damage|p2b: Feddy fazbear|13\/100 slp\n|-unboost|p1a: Perrserker|def|1\n|-unboost|p1a: Perrserker|spd|1\n|-enditem|p2b: Feddy fazbear|Sitrus Berry|[eat]\n|-heal|p2b: Feddy fazbear|38\/100 slp|[from] item: Sitrus Berry\n|move|p2a: Trippy|Lunar Blessing|p2a: Trippy|[spread] p2a,p2b\n|-heal|p2a: Trippy|97\/100\n|-heal|p2b: Feddy fazbear|63\/100 slp\n|-curestatus|p2b: Feddy fazbear|slp|[msg]\n|\n|-damage|p2a: Trippy|84\/100|[from] Leech Seed|[of] p1b: Shiinotic\n|-fieldend|move: Trick Room\n|upkeep\n|turn|6\n|\n|t:|1695935361\n|move|p2a: Trippy|Ally Switch|p2a: Trippy\n|swap|p2a: Trippy|1|[from] move: Ally Switch\n|move|p1a: Perrserker|Close Combat|p2b: Trippy\n|-resisted|p2b: Trippy\n|-damage|p2b: Trippy|66\/100\n|-unboost|p1a: Perrserker|def|1\n|-unboost|p1a: Perrserker|spd|1\n|move|p2a: Feddy fazbear|Earth Power|p1a: Perrserker\n|-supereffective|p1a: Perrserker\n|-damage|p1a: Perrserker|0 fnt\n|faint|p1a: Perrserker\n|move|p1b: Shiinotic|Leech Seed||[still]\n|-fail|p1b: Shiinotic\n|\n|-damage|p2b: Trippy|53\/100|[from] Leech Seed|[of] p1b: Shiinotic\n|upkeep\n|\n|t:|1695935379\n|switch|p1a: Weavile|Weavile, M|100\/100\n|-ability|p1a: Weavile|Pressure\n|turn|7\n|\n|t:|1695935396\n|move|p2a: Feddy fazbear|Vacuum Wave|p1a: Weavile\n|-supereffective|p1a: Weavile\n|-damage|p1a: Weavile|5\/100\n|move|p1a: Weavile|Triple Axel|p2a: Feddy fazbear\n|-supereffective|p2a: Feddy fazbear\n|-damage|p2a: Feddy fazbear|50\/100\n|-supereffective|p2a: Feddy fazbear\n|-damage|p2a: Feddy fazbear|23\/100\n|-supereffective|p2a: Feddy fazbear\n|-damage|p2a: Feddy fazbear|0 fnt\n|faint|p2a: Feddy fazbear\n|-hitcount|p2: Feddy fazbear|3\n|move|p1b: Shiinotic|Leech Seed||[still]\n|-fail|p1b: Shiinotic\n|move|p2b: Trippy|Trick Room|p2b: Trippy\n|-fieldstart|move: Trick Room|[of] p2b: Trippy\n|\n|-damage|p2b: Trippy|41\/100|[from] Leech Seed|[of] p1b: Shiinotic\n|upkeep\n|\n|t:|1695935410\n|switch|p2a: MyStranglinghands|Iron Hands, shiny|88\/100\n|turn|8\n|\n|t:|1695935441\n|move|p2a: MyStranglinghands|Fake Out|p1a: Weavile\n|-damage|p1a: Weavile|0 fnt\n|faint|p1a: Weavile\n|move|p1b: Shiinotic|Spore|p2a: MyStranglinghands\n|-status|p2a: MyStranglinghands|slp|[from] move: Spore\n|move|p2b: Trippy|Lunar Blessing|p2b: Trippy|[spread] p2a,p2b\n|-heal|p2a: MyStranglinghands|100\/100 slp\n|-curestatus|p2a: MyStranglinghands|slp|[msg]\n|-heal|p2b: Trippy|66\/100\n|\n|-damage|p2b: Trippy|53\/100|[from] Leech Seed|[of] p1b: Shiinotic\n|upkeep\n|\n|t:|1695935459\n|switch|p1a: Goodra|Goodra, M, shiny|100\/100\n|turn|9\n|\n|t:|1695935479\n|move|p2a: MyStranglinghands|Ice Punch|p1a: Goodra\n|-supereffective|p1a: Goodra\n|-damage|p1a: Goodra|16\/100\n|move|p1b: Shiinotic|Moonblast|p2a: MyStranglinghands\n|-supereffective|p2a: MyStranglinghands\n|-damage|p2a: MyStranglinghands|66\/100\n|-unboost|p2a: MyStranglinghands|spa|1\n|move|p2b: Trippy|Lunar Blessing|p2b: Trippy|[spread] p2a,p2b\n|-heal|p2a: MyStranglinghands|91\/100\n|-heal|p2b: Trippy|78\/100\n|move|p1a: Goodra|Fire Blast|p2b: Trippy\n|-damage|p2b: Trippy|51\/100\n|\n|-damage|p2b: Trippy|38\/100|[from] Leech Seed|[of] p1b: Shiinotic\n|upkeep\n|turn|10\n|\n|t:|1695935508\n|move|p2a: MyStranglinghands|Ice Punch|p1b: Shiinotic\n|-supereffective|p1b: Shiinotic\n|-damage|p1b: Shiinotic|23\/100\n|move|p1b: Shiinotic|Leech Seed|p2a: MyStranglinghands\n|-start|p2a: MyStranglinghands|move: Leech Seed\n|move|p2b: Trippy|Psychic|p1a: Goodra\n|-damage|p1a: Goodra|0 fnt\n|faint|p1a: Goodra\n|\n|-damage|p2a: MyStranglinghands|79\/100|[from] Leech Seed|[of] p1b: Shiinotic\n|-heal|p1b: Shiinotic|48\/100|[silent]\n|-damage|p2b: Trippy|26\/100|[from] Leech Seed|[of] p1b: Shiinotic\n|-heal|p1b: Shiinotic|70\/100|[silent]\n|upkeep\n|\n|t:|1695935524\n|switch|p1a: Houndstone|Houndstone, F, shiny|100\/100\n|turn|11\n|\n|t:|1695935538\n|move|p2a: MyStranglinghands|Ice Punch|p1b: Shiinotic\n|-supereffective|p1b: Shiinotic\n|-damage|p1b: Shiinotic|0 fnt\n|faint|p1b: Shiinotic\n|move|p2b: Trippy|Lunar Blessing|p2b: Trippy|[spread] p2a,p2b\n|-heal|p2a: MyStranglinghands|100\/100\n|-heal|p2b: Trippy|51\/100\n|move|p1a: Houndstone|Last Respects|p2b: Trippy\n|-supereffective|p2b: Trippy\n|-damage|p2b: Trippy|0 fnt\n|faint|p2b: Trippy\n|\n|-fieldend|move: Trick Room\n|upkeep\n|\n|t:|1695935551\n|switch|p2b: Genesis 1:3-5|Torkoal, M, shiny|100\/100\n|switch|p1b: Rotom|Rotom-Frost, shiny|100\/100\n|-weather|SunnyDay|[from] ability: Drought|[of] p2b: Genesis 1:3-5\n|turn|12\n|\n|t:|1695935578\n|-end|p2a: MyStranglinghands|Quark Drive|[silent]\n|switch|p2a: Iamspeed|Lilligant-Hisui, F, shiny|100\/100\n|-terastallize|p2b: Genesis 1:3-5|Fire\n|move|p2b: Genesis 1:3-5|Protect|p2b: Genesis 1:3-5\n|-singleturn|p2b: Genesis 1:3-5|Protect\n|move|p1b: Rotom|Will-O-Wisp|p2a: Iamspeed|[miss]\n|-miss|p1b: Rotom|p2a: Iamspeed\n|move|p1a: Houndstone|Last Respects|p2b: Genesis 1:3-5\n|-activate|p2b: Genesis 1:3-5|move: Protect\n|\n|-weather|SunnyDay|[upkeep]\n|upkeep\n|turn|13\n|\n|t:|1695935594\n|move|p2a: Iamspeed|After You|p2b: Genesis 1:3-5\n|-activate|p2b: Genesis 1:3-5|move: After You\n|move|p2b: Genesis 1:3-5|Eruption|p1a: Houndstone|[spread] p1a,p1b\n|-supereffective|p1b: Rotom\n|-damage|p1a: Houndstone|0 fnt\n|-damage|p1b: Rotom|0 fnt\n|faint|p1a: Houndstone\n|faint|p1b: Rotom\n|\n|win|Weavil4\n|raw|pokeedro's rating: 1182 &rarr; <strong>1156<\/strong><br \/>(-26 for losing)\n|raw|Weavil4's rating: 1170 &rarr; <strong>1196<\/strong><br \/>(+26 for winning)\n|l|\u2606pokeedro\n|c|\u2606Weavil4|gg\n","uploadtime":1695935608,"views":13,"p1id":"pokeedro","p2id":"weavil4","formatid":"gen9nationaldexdoubles","rating":1156,"private":0,"password":""}