{"id":"gen9nationaldexdoubles-1957684710","p1":"Lizza04","p2":"Kinglid","format":"[Gen 9] National Dex Doubles","log":"|j|\u2606Lizza04\n|j|\u2606Kinglid\n|t:|1696252994\n|gametype|doubles\n|player|p1|Lizza04|hilda-wonderlauncher|1000\n|player|p2|Kinglid|dancer|1069\n|teamsize|p1|6\n|teamsize|p2|6\n|gen|9\n|tier|[Gen 9] National Dex Doubles\n|rated|\n|rule|HP Percentage Mod: HP is shown in percentages\n|rule|Endless Battle Clause: Forcing endless battles is banned\n|rule|OHKO Clause: OHKO moves are banned\n|rule|Evasion Moves Clause: Evasion moves are banned\n|rule|Evasion Abilities Clause: Evasion abilities are banned\n|rule|Species Clause: Limit one of each Pok\u00e9mon\n|rule|Gravity Sleep Clause: The combination of sleep-inducing moves with imperfect accuracy and Gravity or Gigantamax Orbeetle are banned\n|clearpoke\n|poke|p1|Lurantis, F|\n|poke|p1|Tornadus, M|\n|poke|p1|Amoonguss, F|\n|poke|p1|Gholdengo|\n|poke|p1|Arcanine-Hisui, M|\n|poke|p1|Victini|\n|poke|p2|Golisopod, F|\n|poke|p2|Manectric, F|\n|poke|p2|Ceruledge, F|\n|poke|p2|Tsareena, F|\n|poke|p2|Garchomp, F|\n|poke|p2|Togekiss, F|\n|teampreview\n|inactive|Battle timer is ON: inactive players will automatically lose when time's up. (requested by Kinglid)\n|\n|t:|1696253026\n|start\n|switch|p1a: Grumpy Cloud|Tornadus, M|100\/100\n|switch|p1b: Cheetos|Gholdengo|100\/100\n|switch|p2a: Manectric|Manectric, F|100\/100\n|switch|p2b: Ceruledge|Ceruledge, F|100\/100\n|-item|p2a: Manectric|Air Balloon\n|turn|1\n|\n|t:|1696253055\n|move|p1a: Grumpy Cloud|Tailwind|p1a: Grumpy Cloud\n|-sidestart|p1: Lizza04|move: Tailwind\n|move|p1b: Cheetos|Shadow Ball|p2b: Ceruledge\n|-supereffective|p2b: Ceruledge\n|-damage|p2b: Ceruledge|0 fnt\n|faint|p2b: Ceruledge\n|move|p2a: Manectric|Thunderbolt|p1a: Grumpy Cloud\n|-supereffective|p1a: Grumpy Cloud\n|-damage|p1a: Grumpy Cloud|19\/100\n|\n|upkeep\n|\n|t:|1696253069\n|switch|p2b: Togekiss|Togekiss, F|100\/100\n|turn|2\n|inactive|Lizza04 has 120 seconds left.\n|\n|t:|1696253104\n|switch|p1b: Caio's Friend|Victini|100\/100\n|switch|p1a: Florence|Lurantis, F|100\/100\n|move|p2a: Manectric|Flamethrower|p1b: Caio's Friend\n|-resisted|p1b: Caio's Friend\n|-damage|p1b: Caio's Friend|88\/100\n|move|p2b: Togekiss|Heat Wave|p1b: Caio's Friend|[spread] p1a,p1b\n|-supereffective|p1a: Florence\n|-resisted|p1b: Caio's Friend\n|-damage|p1a: Florence|49\/100\n|-damage|p1b: Caio's Friend|78\/100\n|-enditem|p1a: Florence|Sitrus Berry|[eat]\n|-heal|p1a: Florence|73\/100|[from] item: Sitrus Berry\n|\n|upkeep\n|turn|3\n|\n|t:|1696253124\n|move|p1b: Caio's Friend|Skill Swap|p1a: Florence\n|-activate|p1b: Caio's Friend|move: Skill Swap|||[of] p1a: Florence\n|move|p2a: Manectric|Flamethrower|p1a: Florence\n|-supereffective|p1a: Florence\n|-damage|p1a: Florence|21\/100\n|move|p1a: Florence|Sunny Day|p1a: Florence\n|-weather|SunnyDay\n|move|p2b: Togekiss|Air Slash|p1b: Caio's Friend\n|-damage|p1b: Caio's Friend|45\/100\n|-enditem|p1b: Caio's Friend|Sitrus Berry|[eat]\n|-heal|p1b: Caio's Friend|70\/100|[from] item: Sitrus Berry\n|\n|-weather|SunnyDay|[upkeep]\n|upkeep\n|turn|4\n|\n|t:|1696253150\n|switch|p1a: Strawberry|Arcanine-Hisui, M|100\/100\n|move|p1b: Caio's Friend|V-create|p2b: Togekiss\n|-damage|p2b: Togekiss|0 fnt\n|-boost|p1b: Caio's Friend|spe|1\n|-boost|p1b: Caio's Friend|def|1\n|-boost|p1b: Caio's Friend|spd|1\n|faint|p2b: Togekiss\n|move|p2a: Manectric|Thunderbolt|p1b: Caio's Friend\n|-damage|p1b: Caio's Friend|47\/100\n|-status|p1b: Caio's Friend|par\n|\n|-weather|SunnyDay|[upkeep]\n|-sideend|p1: Lizza04|move: Tailwind\n|upkeep\n|\n|t:|1696253161\n|switch|p2b: Golisopod|Golisopod, F|100\/100\n|turn|5\n|\n|t:|1696253181\n|move|p2b: Golisopod|First Impression|p1b: Caio's Friend\n|-damage|p1b: Caio's Friend|14\/100 par\n|move|p2a: Manectric|Volt Switch|p1b: Caio's Friend\n|-damage|p1b: Caio's Friend|0 fnt\n|faint|p1b: Caio's Friend\n|\n|t:|1696253194\n|switch|p2a: Tsareena|Tsareena, F|100\/100|[from] Volt Switch\n|move|p1a: Strawberry|Flare Blitz|p2a: Tsareena\n|-supereffective|p2a: Tsareena\n|-damage|p2a: Tsareena|0 fnt\n|faint|p2a: Tsareena\n|\n|-weather|SunnyDay|[upkeep]\n|upkeep\n|-message|Kinglid forfeited.\n|\n|win|Lizza04\n|raw|Lizza04's rating: 1000 &rarr; <strong>1048<\/strong><br \/>(+48 for winning)\n|raw|Kinglid's rating: 1069 &rarr; <strong>1045<\/strong><br \/>(-24 for losing)\n|l|\u2606Kinglid\n","uploadtime":1696253211,"views":10,"p1id":"lizza04","p2id":"kinglid","formatid":"gen9nationaldexdoubles","rating":1045,"private":0,"password":""}