{"id":"gen9nationaldexdoubles-1978895313","p1":"Okto481","p2":"JaxHook1","format":"[Gen 9] National Dex Doubles","log":"|j|\u2606Okto481\n|j|\u2606JaxHook1\n|t:|1698607569\n|gametype|doubles\n|player|p1|Okto481|102|\n|player|p2|JaxHook1|acetrainer-gen4dp|\n|teamsize|p1|6\n|teamsize|p2|6\n|gen|9\n|tier|[Gen 9] National Dex Doubles\n|rule|HP Percentage Mod: HP is shown in percentages\n|rule|Endless Battle Clause: Forcing endless battles is banned\n|rule|OHKO Clause: OHKO moves are banned\n|rule|Evasion Moves Clause: Evasion moves are banned\n|rule|Evasion Abilities Clause: Evasion abilities are banned\n|rule|Species Clause: Limit one of each Pok\u00e9mon\n|rule|Gravity Sleep Clause: The combination of sleep-inducing moves with imperfect accuracy and Gravity or Gigantamax Orbeetle are banned\n|clearpoke\n|poke|p1|Tapu Lele|\n|poke|p1|Gardevoir, F|\n|poke|p1|Gallade, M|\n|poke|p1|Indeedee-F, F|\n|poke|p1|Dottler, F|\n|poke|p1|Armarouge, M|\n|poke|p2|Maushold-Four|\n|poke|p2|Glimmora, F|\n|poke|p2|Eelektross, M|\n|poke|p2|Talonflame, F|\n|poke|p2|Hydreigon, F|\n|poke|p2|Meowscarada, M|\n|teampreview\n|j| Jack the Ripper21\n|\n|t:|1698607620\n|start\n|switch|p1a: Indeedee|Indeedee-F, F|100\/100\n|switch|p1b: Dottler|Dottler, F|100\/100\n|switch|p2a: Glimmora|Glimmora, F|100\/100\n|switch|p2b: Talonflame|Talonflame, F|100\/100\n|-fieldstart|move: Psychic Terrain|[from] ability: Psychic Surge|[of] p1a: Indeedee\n|turn|1\n|\n|t:|1698607635\n|move|p2b: Talonflame|Tailwind|p2b: Talonflame\n|-sidestart|p2: JaxHook1|move: Tailwind\n|move|p2a: Glimmora|Stealth Rock|p1b: Dottler\n|-sidestart|p1: Okto481|move: Stealth Rock\n|move|p1a: Indeedee|Expanding Force|p2a: Glimmora|[spread] p2a,p2b\n|-supereffective|p2a: Glimmora\n|-crit|p2b: Talonflame\n|-damage|p2a: Glimmora|3\/100\n|-damage|p2b: Talonflame|5\/100\n|move|p1b: Dottler|Iron Defense|p1b: Dottler\n|-boost|p1b: Dottler|def|2\n|\n|-heal|p2a: Glimmora|9\/100|[from] item: Leftovers\n|upkeep\n|turn|2\n|\n|t:|1698607658\n|move|p2b: Talonflame|Brave Bird|p1a: Indeedee\n|-damage|p1a: Indeedee|18\/100\n|-damage|p2b: Talonflame|0 fnt|[from] Recoil\n|faint|p2b: Talonflame\n|move|p2a: Glimmora|Power Gem|p1b: Dottler\n|-supereffective|p1b: Dottler\n|-crit|p1b: Dottler\n|-damage|p1b: Dottler|33\/100\n|move|p1a: Indeedee|Expanding Force|p2a: Glimmora\n|-supereffective|p2a: Glimmora\n|-damage|p2a: Glimmora|0 fnt\n|faint|p2a: Glimmora\n|move|p1b: Dottler|Sticky Web|p2: Glimmora\n|-sidestart|p2: JaxHook1|move: Sticky Web\n|\n|upkeep\n|\n|t:|1698607670\n|switch|p2b: Eelektross|Eelektross, M|100\/100\n|switch|p2a: Maushold|Maushold-Four|100\/100\n|-activate|p2a: Maushold|move: Sticky Web\n|-unboost|p2a: Maushold|spe|1\n|turn|3\n|\n|t:|1698607684\n|move|p2a: Maushold|Shadow Claw|p1b: Dottler\n|-supereffective|p1b: Dottler\n|-damage|p1b: Dottler|14\/100\n|-damage|p2a: Maushold|90\/100|[from] item: Life Orb\n|move|p2b: Eelektross|Crunch|p1a: Indeedee\n|-supereffective|p1a: Indeedee\n|-enditem|p1a: Indeedee|Colbur Berry|[eat]\n|-enditem|p1a: Indeedee|Colbur Berry|[weaken]\n|-damage|p1a: Indeedee|0 fnt\n|faint|p1a: Indeedee\n|move|p1b: Dottler|Body Press|p2a: Maushold\n|-supereffective|p2a: Maushold\n|-damage|p2a: Maushold|6\/100\n|\n|upkeep\n|\n|t:|1698607695\n|switch|p1a: Gallade|Gallade, M|100\/100\n|-damage|p1a: Gallade|94\/100|[from] Stealth Rock\n|turn|4\n|c| Jack the Ripper21|i would of used tidy up\n|\n|t:|1698607725\n|move|p2a: Maushold|Population Bomb|p1a: Gallade|[miss]\n|-miss|p2a: Maushold|p1a: Gallade\n|move|p2b: Eelektross|Crunch|p1b: Dottler\n|-supereffective|p1b: Dottler\n|-damage|p1b: Dottler|0 fnt\n|faint|p1b: Dottler\n|move|p1a: Gallade|Sacred Sword|p2b: Eelektross\n|-damage|p2b: Eelektross|0 fnt\n|faint|p2b: Eelektross\n|\n|-sideend|p2: JaxHook1|move: Tailwind\n|upkeep\n|\n|t:|1698607739\n|switch|p2b: Hydreigon|Hydreigon, F|100\/100\n|switch|p1b: Gardevoir|Gardevoir, F|100\/100\n|-damage|p1b: Gardevoir|88\/100|[from] Stealth Rock\n|-ability|p1b: Gardevoir|Technician|[from] ability: Trace|[of] p2a: Maushold\n|turn|5\n|\n|t:|1698607754\n|detailschange|p1b: Gardevoir|Gardevoir-Mega, F\n|-mega|p1b: Gardevoir|Gardevoir|Gardevoirite\n|move|p1b: Gardevoir|Aura Sphere|p2b: Hydreigon\n|-supereffective|p2b: Hydreigon\n|-damage|p2b: Hydreigon|40\/100\n|move|p1a: Gallade|Sacred Sword|p2b: Hydreigon\n|-supereffective|p2b: Hydreigon\n|-damage|p2b: Hydreigon|0 fnt\n|faint|p2b: Hydreigon\n|move|p2a: Maushold|Population Bomb|p1b: Gardevoir\n|-damage|p1b: Gardevoir|64\/100\n|-damage|p1b: Gardevoir|44\/100\n|-damage|p1b: Gardevoir|22\/100\n|-hitcount|p1b: Gardevoir|3\n|-damage|p2a: Maushold|0 fnt|[from] item: Life Orb\n|faint|p2a: Maushold\n|\n|-fieldend|move: Psychic Terrain\n|upkeep\n|\n|t:|1698607762\n|switch|p2a: Meowscarada|Meowscarada, M|100\/100\n|-activate|p2a: Meowscarada|move: Sticky Web\n|-fail|p2a: Meowscarada|unboost|[from] item: Clear Amulet|[of] p2a: Meowscarada\n|turn|6\n|\n|t:|1698607787\n|-terastallize|p2a: Meowscarada|Grass\n|move|p1b: Gardevoir|Protect|p1b: Gardevoir\n|-singleturn|p1b: Gardevoir|Protect\n|move|p2a: Meowscarada|Flower Trick|p1b: Gardevoir\n|-activate|p1b: Gardevoir|move: Protect\n|move|p1a: Gallade|Sacred Sword|p2a: Meowscarada\n|-damage|p2a: Meowscarada|0 fnt\n|faint|p2a: Meowscarada\n|\n|win|Okto481\n|c|\u2606JaxHook1|gg\n|l|\u2606JaxHook1\n|c|\u2606Okto481|gg\n","uploadtime":1698607803,"views":11,"p1id":"okto481","p2id":"jaxhook1","formatid":"gen9nationaldexdoubles","rating":0,"private":0,"password":""}