{"id":"gen9nationaldexdoubles-1956382918","p1":"the mudkip warrior","p2":"Mokaccino321","format":"[Gen 9] National Dex Doubles","log":"|j|\u2606the mudkip warrior\n|j|\u2606Mokaccino321\n|t:|1696102453\n|gametype|doubles\n|player|p1|the mudkip warrior|acetrainer-gen4dp|1616\n|player|p2|Mokaccino321|1|1496\n|teamsize|p1|6\n|teamsize|p2|6\n|gen|9\n|tier|[Gen 9] National Dex Doubles\n|rated|\n|rule|HP Percentage Mod: HP is shown in percentages\n|rule|Endless Battle Clause: Forcing endless battles is banned\n|rule|OHKO Clause: OHKO moves are banned\n|rule|Evasion Moves Clause: Evasion moves are banned\n|rule|Evasion Abilities Clause: Evasion abilities are banned\n|rule|Species Clause: Limit one of each Pok\u00e9mon\n|rule|Gravity Sleep Clause: The combination of sleep-inducing moves with imperfect accuracy and Gravity or Gigantamax Orbeetle are banned\n|clearpoke\n|poke|p1|Chien-Pao|\n|poke|p1|Dragonite, F|\n|poke|p1|Tornadus, M|\n|poke|p1|Charizard, M|\n|poke|p1|Farigiraf, F|\n|poke|p1|Kingambit, M|\n|poke|p2|Cradily, F|\n|poke|p2|Aerodactyl, M|\n|poke|p2|Arcanine-Hisui, M|\n|poke|p2|Nihilego|\n|poke|p2|Tyranitar, M|\n|poke|p2|Aggron, M|\n|teampreview\n|c|\u2606Mokaccino321|haii\n|c|\u2606Mokaccino321|its u\n|c|\u2606the mudkip warrior|still climbing with rocks?\n|c|\u2606the mudkip warrior|youve bested me, like, a lot\n|c|\u2606Mokaccino321|kinda stuck around 1500\n|c|\u2606Mokaccino321|a lot of zygarde higher up\n|c|\u2606Mokaccino321|cant really deal with em\n|c|\u2606the mudkip warrior|honestly still respectable\n|c|\u2606Mokaccino321|tyty :3\n|c|\u2606the mudkip warrior|unfortunately im #5 on the ladder; i got my eyes on the prize\n|\n|t:|1696102536\n|start\n|switch|p1a: Al'akir|Tornadus, M|100\/100\n|switch|p1b: Schimitar|Kingambit, M|100\/100\n|switch|p2a: Aerodactyl|Aerodactyl, M|100\/100\n|switch|p2b: Nihilego|Nihilego|100\/100\n|-ability|p2a: Aerodactyl|Unnerve\n|turn|1\n|c|\u2606Mokaccino321|ohhh im ready to be bullied\n|c|\u2606the mudkip warrior|or vice versa\n|\n|t:|1696102558\n|move|p2b: Nihilego|Protect|p2b: Nihilego\n|-singleturn|p2b: Nihilego|Protect\n|move|p1a: Al'akir|Taunt|p2a: Aerodactyl\n|-start|p2a: Aerodactyl|move: Taunt\n|cant|p2a: Aerodactyl|move: Taunt|Tailwind\n|move|p1b: Schimitar|Iron Head|p2b: Nihilego\n|-activate|p2b: Nihilego|move: Protect\n|\n|upkeep\n|turn|2\n|c|\u2606the mudkip warrior|hold nothing back; you already know i wont\n|c|\u2606Mokaccino321|haha\n|c|\u2606Mokaccino321|sorry im slow\n|c|\u2606the mudkip warrior|no worries\n|\n|t:|1696102608\n|move|p1a: Al'akir|Tailwind|p1a: Al'akir\n|-sidestart|p1: the mudkip warrior|move: Tailwind\n|move|p2a: Aerodactyl|Sky Drop||[still]\n|-prepare|p2a: Aerodactyl|Sky Drop|p1b: Schimitar\n|move|p2b: Nihilego|Meteor Beam||[still]\n|-prepare|p2b: Nihilego|Meteor Beam\n|-boost|p2b: Nihilego|spa|1\n|-enditem|p2b: Nihilego|Power Herb\n|-anim|p2b: Nihilego|Meteor Beam|p1a: Al'akir\n|-supereffective|p1a: Al'akir\n|-damage|p1a: Al'akir|0 fnt\n|faint|p1a: Al'akir\n|-ability|p2b: Nihilego|Beast Boost|boost\n|-boost|p2b: Nihilego|spa|1\n|\n|upkeep\n|c|\u2606Mokaccino321|im annoyed since they added the weight limit to sky drop\n|c|\u2606Mokaccino321|i have to google if i can skydrop kingambit or he too fat x.x\n|c|\u2606the mudkip warrior|im assuming i am not too heavy\n|\n|t:|1696102648\n|switch|p1a: Yusuke|Chien-Pao|100\/100\n|-ability|p1a: Yusuke|Sword of Ruin\n|turn|3\n|c|\u2606Mokaccino321|not as fat as iron hands C:\n|\n|t:|1696102659\n|move|p1a: Yusuke|Protect|p1a: Yusuke\n|-singleturn|p1a: Yusuke|Protect\n|move|p2b: Nihilego|Protect|p2b: Nihilego\n|-singleturn|p2b: Nihilego|Protect\n|move|p2a: Aerodactyl|Sky Drop|p1b: Schimitar|[from]lockedmove\n|-resisted|p1b: Schimitar\n|-damage|p1b: Schimitar|91\/100\n|-end|p1b: Schimitar|Sky Drop\n|move|p1b: Schimitar|Iron Head|p2b: Nihilego\n|-activate|p2b: Nihilego|move: Protect\n|\n|-end|p2a: Aerodactyl|move: Taunt\n|upkeep\n|turn|4\n|\n|t:|1696102680\n|move|p1a: Yusuke|Ice Spinner|p2a: Aerodactyl\n|-supereffective|p2a: Aerodactyl\n|-enditem|p2a: Aerodactyl|Focus Sash\n|-damage|p2a: Aerodactyl|1\/100\n|move|p2a: Aerodactyl|Tailwind|p2a: Aerodactyl\n|-sidestart|p2: Mokaccino321|move: Tailwind\n|move|p2b: Nihilego|Grass Knot|p1a: Yusuke\n|-enditem|p1a: Yusuke|Focus Sash\n|-damage|p1a: Yusuke|1\/100\n|move|p1b: Schimitar|Iron Head|p2b: Nihilego\n|-supereffective|p2b: Nihilego\n|-damage|p2b: Nihilego|0 fnt\n|faint|p2b: Nihilego\n|\n|upkeep\n|\n|t:|1696102690\n|switch|p2b: Tyranitar|Tyranitar, M|100\/100\n|-weather|Sandstorm|[from] ability: Sand Stream|[of] p2b: Tyranitar\n|turn|5\n|\n|t:|1696102704\n|switch|p1a: Ditalini|Farigiraf, F|100\/100\n|switch|p2a: Arcanine|Arcanine-Hisui, M|100\/100\n|switch|p2b: Cradily|Cradily, F|100\/100\n|move|p1b: Schimitar|Brick Break|p2b: Cradily\n|-supereffective|p2b: Cradily\n|-damage|p2b: Cradily|48\/100\n|\n|-weather|Sandstorm|[upkeep]\n|-damage|p1a: Ditalini|94\/100|[from] Sandstorm\n|-sideend|p1: the mudkip warrior|move: Tailwind\n|upkeep\n|turn|6\n|\n|t:|1696102725\n|-terastallize|p1b: Schimitar|Ghost\n|move|p2b: Cradily|Protect|p2b: Cradily\n|-singleturn|p2b: Cradily|Protect\n|move|p2a: Arcanine|Flare Blitz|p1a: Ditalini\n|-damage|p1a: Ditalini|13\/100\n|-enditem|p1a: Ditalini|Sitrus Berry|[eat]\n|-heal|p1a: Ditalini|38\/100|[from] item: Sitrus Berry\n|move|p1a: Ditalini|Psyshock|p2b: Cradily\n|-activate|p2b: Cradily|move: Protect\n|move|p1b: Schimitar|Brick Break|p2a: Arcanine\n|-supereffective|p2a: Arcanine\n|-damage|p2a: Arcanine|29\/100\n|\n|-weather|Sandstorm|[upkeep]\n|-damage|p1a: Ditalini|32\/100|[from] Sandstorm\n|-damage|p1b: Schimitar|85\/100|[from] Sandstorm\n|upkeep\n|turn|7\n|\n|t:|1696102746\n|-terastallize|p2a: Arcanine|Fire\n|move|p2a: Arcanine|Flare Blitz|p1b: Schimitar\n|-damage|p1b: Schimitar|12\/100\n|move|p2b: Cradily|Meteor Beam||[still]\n|-prepare|p2b: Cradily|Meteor Beam\n|-boost|p2b: Cradily|spa|1\n|-enditem|p2b: Cradily|Power Herb\n|-anim|p2b: Cradily|Meteor Beam|p1b: Schimitar\n|-damage|p1b: Schimitar|0 fnt\n|faint|p1b: Schimitar\n|move|p1a: Ditalini|Psyshock|p2a: Arcanine\n|-damage|p2a: Arcanine|0 fnt\n|faint|p2a: Arcanine\n|\n|-weather|Sandstorm|[upkeep]\n|-damage|p1a: Ditalini|26\/100|[from] Sandstorm\n|-sideend|p2: Mokaccino321|move: Tailwind\n|upkeep\n|\n|t:|1696102764\n|switch|p2a: Aerodactyl|Aerodactyl, M|1\/100\n|switch|p1b: Galakrond|Charizard, M, shiny|100\/100\n|-ability|p2a: Aerodactyl|Unnerve\n|turn|8\n|\n|t:|1696102782\n|detailschange|p1b: Galakrond|Charizard-Mega-Y, M, shiny\n|-mega|p1b: Galakrond|Charizard|Charizardite Y\n|-weather|SunnyDay|[from] ability: Drought|[of] p1b: Galakrond\n|move|p2a: Aerodactyl|Sky Drop||[still]\n|-prepare|p2a: Aerodactyl|Sky Drop|p1b: Galakrond\n|move|p1a: Ditalini|Psyshock|p2a: Aerodactyl|[miss]\n|-miss|p1a: Ditalini|p2a: Aerodactyl\n|move|p2b: Cradily|Giga Drain|p1a: Ditalini\n|-damage|p1a: Ditalini|0 fnt\n|-heal|p2b: Cradily|62\/100|[from] drain|[of] p1a: Ditalini\n|faint|p1a: Ditalini\n|\n|-weather|SunnyDay|[upkeep]\n|upkeep\n|\n|t:|1696102791\n|switch|p1a: Yusuke|Chien-Pao|1\/100\n|-ability|p1a: Yusuke|Sword of Ruin\n|turn|9\n|\n|t:|1696102804\n|switch|p2b: Tyranitar|Tyranitar, M|100\/100\n|-weather|Sandstorm|[from] ability: Sand Stream|[of] p2b: Tyranitar\n|move|p1a: Yusuke|Ice Spinner|p2b: Tyranitar\n|-damage|p2b: Tyranitar|54\/100\n|move|p2a: Aerodactyl|Sky Drop|p1b: Galakrond|[from]lockedmove\n|-immune|p1b: Galakrond\n|move|p1b: Galakrond|Heat Wave|p2b: Tyranitar|[spread] p2a,p2b\n|-resisted|p2a: Aerodactyl\n|-resisted|p2b: Tyranitar\n|-damage|p2a: Aerodactyl|0 fnt\n|-damage|p2b: Tyranitar|39\/100\n|faint|p2a: Aerodactyl\n|\n|-weather|Sandstorm|[upkeep]\n|-damage|p1a: Yusuke|0 fnt|[from] Sandstorm\n|-damage|p1b: Galakrond|94\/100|[from] Sandstorm\n|faint|p1a: Yusuke\n|upkeep\n|\n|t:|1696102816\n|switch|p1a: Dolce|Dragonite, F|100\/100\n|switch|p2a: Aggron|Aggron, M|100\/100\n|turn|10\n|c|\u2606the mudkip warrior|im assuming flying types cant be hurt by sky drop?\n|c|\u2606Mokaccino321|nope but they still can be kidnapped\n|\n|t:|1696102847\n|move|p1b: Galakrond|Protect|p1b: Galakrond\n|-singleturn|p1b: Galakrond|Protect\n|move|p2b: Tyranitar|Rock Slide|p1b: Galakrond|[spread] p1a\n|-activate|p1b: Galakrond|move: Protect\n|-supereffective|p1a: Dolce\n|-damage|p1a: Dolce|67\/100\n|cant|p1a: Dolce|flinch\n|move|p2a: Aggron|Body Press|p1b: Galakrond\n|-activate|p1b: Galakrond|move: Protect\n|\n|-weather|Sandstorm|[upkeep]\n|-damage|p1b: Galakrond|88\/100|[from] Sandstorm\n|-damage|p1a: Dolce|61\/100|[from] Sandstorm\n|upkeep\n|turn|11\n|\n|t:|1696102873\n|move|p1b: Galakrond|Scorching Sands|p2a: Aggron\n|-supereffective|p2a: Aggron\n|-ability|p2a: Aggron|Sturdy\n|-damage|p2a: Aggron|1\/100\n|move|p2b: Tyranitar|Rock Slide|p1b: Galakrond|[spread] p1a,p1b\n|-supereffective|p1a: Dolce\n|-supereffective|p1b: Galakrond\n|-damage|p1a: Dolce|0 fnt\n|-damage|p1b: Galakrond|0 fnt\n|faint|p1a: Dolce\n|faint|p1b: Galakrond\n|\n|win|Mokaccino321\n|raw|the mudkip warrior's rating: 1616 &rarr; <strong>1589<\/strong><br \/>(-27 for losing)\n|raw|Mokaccino321's rating: 1496 &rarr; <strong>1523<\/strong><br \/>(+27 for winning)\n|c|\u2606Mokaccino321|gg :3\n|c|\u2606the mudkip warrior|damn top 10 and i still lose to rocks\n|c|\u2606the mudkip warrior|good stuff dude\n|c|\u2606the mudkip warrior|gg\n|c|\u2606Mokaccino321|gg :3\n","uploadtime":1696102928,"views":8,"p1id":"themudkipwarrior","p2id":"mokaccino321","formatid":"gen9nationaldexdoubles","rating":1523,"private":0,"password":""}