{"id":"gen9nationaldexdoubles-1990238717","p1":"Darklight7o2","p2":"lachlan008","format":"[Gen 9] National Dex Doubles","log":"|j|\u2606Darklight7o2\n|j|\u2606lachlan008\n|t:|1699942497\n|gametype|doubles\n|player|p1|Darklight7o2|gardenia|1024\n|player|p2|lachlan008|larry|1037\n|teamsize|p1|6\n|teamsize|p2|6\n|gen|9\n|tier|[Gen 9] National Dex Doubles\n|rated|\n|rule|HP Percentage Mod: HP is shown in percentages\n|rule|Endless Battle Clause: Forcing endless battles is banned\n|rule|OHKO Clause: OHKO moves are banned\n|rule|Evasion Moves Clause: Evasion moves are banned\n|rule|Evasion Abilities Clause: Evasion abilities are banned\n|rule|Species Clause: Limit one of each Pok\u00e9mon\n|rule|Gravity Sleep Clause: The combination of sleep-inducing moves with imperfect accuracy and Gravity or Gigantamax Orbeetle are banned\n|clearpoke\n|poke|p1|Kommo-o, M|\n|poke|p1|Maushold-Four|\n|poke|p1|Gliscor, M|\n|poke|p1|Metagross|\n|poke|p1|Armarouge, M|\n|poke|p1|Tinkaton, F|\n|poke|p2|Regigigas|\n|poke|p2|Whimsicott, M|\n|poke|p2|Thundurus, M|\n|poke|p2|Seismitoad, F|\n|poke|p2|Lucario, F|\n|poke|p2|Kingler, M|\n|teampreview\n|\n|t:|1699942506\n|start\n|switch|p1a: Kommo-o|Kommo-o, M|100\/100\n|switch|p1b: Maushold|Maushold-Four|100\/100\n|switch|p2a: Thundurus|Thundurus, M|100\/100\n|switch|p2b: Lucario|Lucario, F|100\/100\n|turn|1\n|\n|t:|1699942520\n|move|p1b: Maushold|Population Bomb|p2a: Thundurus\n|-damage|p2a: Thundurus|83\/100\n|-damage|p2a: Thundurus|67\/100\n|-damage|p2a: Thundurus|50\/100\n|-damage|p2a: Thundurus|32\/100\n|-damage|p2a: Thundurus|16\/100\n|-damage|p2a: Thundurus|1\/100\n|-damage|p2a: Thundurus|0 fnt\n|faint|p2a: Thundurus\n|-hitcount|p2: Thundurus|7\n|move|p2b: Lucario|Blaze Kick|p1a: Kommo-o\n|-resisted|p1a: Kommo-o\n|-damage|p1a: Kommo-o|89\/100\n|move|p1a: Kommo-o|Clangorous Soul|p1a: Kommo-o\n|-boost|p1a: Kommo-o|atk|1\n|-boost|p1a: Kommo-o|def|1\n|-boost|p1a: Kommo-o|spa|1\n|-boost|p1a: Kommo-o|spd|1\n|-boost|p1a: Kommo-o|spe|1\n|-damage|p1a: Kommo-o|56\/100\n|\n|upkeep\n|\n|t:|1699942534\n|switch|p2a: Kingler|Kingler, M|100\/100\n|turn|2\n|l|\u2606Darklight7o2\n|player|p1|\n|j|\u2606Darklight7o2\n|player|p1|Darklight7o2|gardenia\n|\n|t:|1699942551\n|move|p2a: Kingler|Ally Switch|p2a: Kingler\n|swap|p2a: Kingler|1|[from] move: Ally Switch\n|move|p1b: Maushold|Bullet Seed|p2a: Lucario\n|-resisted|p2a: Lucario\n|-damage|p2a: Lucario|93\/100\n|-resisted|p2a: Lucario\n|-damage|p2a: Lucario|87\/100\n|-resisted|p2a: Lucario\n|-damage|p2a: Lucario|79\/100\n|-resisted|p2a: Lucario\n|-damage|p2a: Lucario|71\/100\n|-hitcount|p2a: Lucario|4\n|move|p2a: Lucario|Brick Break|p1b: Maushold\n|-supereffective|p1b: Maushold\n|-damage|p1b: Maushold|0 fnt\n|faint|p1b: Maushold\n|move|p1a: Kommo-o|Drain Punch|p2b: Kingler\n|-damage|p2b: Kingler|48\/100\n|-heal|p1a: Kommo-o|80\/100|[from] drain|[of] p2b: Kingler\n|\n|-heal|p2b: Kingler|54\/100|[from] item: Leftovers\n|upkeep\n|\n|t:|1699942561\n|switch|p1b: Gliscor|Gliscor, M|100\/100\n|turn|3\n|\n|t:|1699942575\n|move|p1b: Gliscor|Knock Off|p2a: Lucario\n|-resisted|p2a: Lucario\n|-damage|p2a: Lucario|50\/100\n|-ability|p2a: Lucario|Justified|boost\n|-boost|p2a: Lucario|atk|1\n|-enditem|p2a: Lucario|Sitrus Berry|[from] move: Knock Off|[of] p1b: Gliscor\n|move|p2a: Lucario|Brick Break|p1a: Kommo-o\n|-damage|p1a: Kommo-o|48\/100\n|move|p1a: Kommo-o|Drain Punch|p2b: Kingler\n|-damage|p2b: Kingler|0 fnt\n|-heal|p1a: Kommo-o|72\/100|[from] drain|[of] p2b: Kingler\n|faint|p2b: Kingler\n|\n|-status|p1b: Gliscor|tox|[from] item: Toxic Orb\n|upkeep\n|\n|t:|1699942588\n|switch|p2b: Seismitoad|Seismitoad, F|100\/100\n|turn|4\n|\n|t:|1699942605\n|move|p1b: Gliscor|Fling|p2b: Seismitoad\n|-damage|p2b: Seismitoad|89\/100\n|-status|p2b: Seismitoad|tox\n|-enditem|p1b: Gliscor|Toxic Orb|[from] move: Fling\n|move|p2a: Lucario|Brick Break|p1a: Kommo-o\n|-damage|p1a: Kommo-o|40\/100\n|move|p1a: Kommo-o|Drain Punch|p2a: Lucario\n|-supereffective|p2a: Lucario\n|-damage|p2a: Lucario|0 fnt\n|-heal|p1a: Kommo-o|60\/100|[from] drain|[of] p2a: Lucario\n|faint|p2a: Lucario\n|move|p2b: Seismitoad|Ice Punch|p1a: Kommo-o\n|-supereffective|p1a: Kommo-o\n|-damage|p1a: Kommo-o|22\/100\n|-enditem|p1a: Kommo-o|Weakness Policy\n|-boost|p1a: Kommo-o|atk|2|[from] item: Weakness Policy\n|-boost|p1a: Kommo-o|spa|2|[from] item: Weakness Policy\n|\n|-damage|p2b: Seismitoad|83\/100 tox|[from] psn\n|upkeep\n|\n|t:|1699942625\n|switch|p2a: Whimsicott|Whimsicott, M|100\/100\n|turn|5\n|\n|t:|1699942637\n|move|p2a: Whimsicott|Tailwind|p2a: Whimsicott\n|-sidestart|p2: lachlan008|move: Tailwind\n|move|p2b: Seismitoad|Ice Punch|p1a: Kommo-o\n|-supereffective|p1a: Kommo-o\n|-damage|p1a: Kommo-o|0 fnt\n|faint|p1a: Kommo-o\n|move|p1b: Gliscor|Facade|p2b: Seismitoad\n|-damage|p2b: Seismitoad|39\/100 tox\n|\n|-damage|p2b: Seismitoad|27\/100 tox|[from] psn\n|upkeep\n|\n|t:|1699942652\n|switch|p1a: Armarouge|Armarouge, M|100\/100\n|turn|6\n|\n|t:|1699942660\n|switch|p2b: Regigigas|Regigigas|100\/100\n|-start|p2b: Regigigas|ability: Slow Start\n|move|p2a: Whimsicott|Worry Seed|p2b: Regigigas\n|-end|p2b: Regigigas|Slow Start|[silent]\n|-endability|p2b: Regigigas|Slow Start|[from] move: Worry Seed\n|-ability|p2b: Regigigas|Insomnia|[from] move: Worry Seed\n|move|p1b: Gliscor|Knock Off|p2a: Whimsicott\n|-resisted|p2a: Whimsicott\n|-damage|p2a: Whimsicott|84\/100\n|-enditem|p2a: Whimsicott|Mental Herb|[from] move: Knock Off|[of] p1b: Gliscor\n|move|p1a: Armarouge|Calm Mind|p1a: Armarouge\n|-boost|p1a: Armarouge|spa|1\n|-boost|p1a: Armarouge|spd|1\n|\n|upkeep\n|turn|7\n|\n|t:|1699942683\n|move|p2a: Whimsicott|Worry Seed|p1b: Gliscor\n|-endability|p1b: Gliscor|Poison Heal|[from] move: Worry Seed\n|-ability|p1b: Gliscor|Insomnia|[from] move: Worry Seed\n|move|p2b: Regigigas|Crush Grip|p1a: Armarouge\n|-enditem|p1a: Armarouge|Focus Sash\n|-damage|p1a: Armarouge|1\/100\n|move|p1b: Gliscor|Facade|p2b: Regigigas\n|-damage|p2b: Regigigas|63\/100\n|move|p1a: Armarouge|Calm Mind|p1a: Armarouge\n|-boost|p1a: Armarouge|spa|1\n|-boost|p1a: Armarouge|spd|1\n|\n|-damage|p1b: Gliscor|76\/100 tox|[from] psn\n|upkeep\n|turn|8\n|\n|t:|1699942707\n|move|p2b: Regigigas|Crush Grip|p1b: Gliscor\n|-damage|p1b: Gliscor|0 fnt\n|faint|p1b: Gliscor\n|move|p2a: Whimsicott|Dazzling Gleam|p1a: Armarouge\n|-resisted|p1a: Armarouge\n|-damage|p1a: Armarouge|0 fnt\n|faint|p1a: Armarouge\n|\n|-sideend|p2: lachlan008|move: Tailwind\n|upkeep\n|\n|t:|1699942711\n|switch|p1b: Tinkaton|Tinkaton, F|100\/100\n|switch|p1a: Metagross|Metagross|100\/100\n|turn|9\n|\n|t:|1699942726\n|detailschange|p1a: Metagross|Metagross-Mega\n|-mega|p1a: Metagross|Metagross|Metagrossite\n|move|p2a: Whimsicott|Tailwind|p2a: Whimsicott\n|-sidestart|p2: lachlan008|move: Tailwind\n|move|p2b: Regigigas|Crush Grip|p1a: Metagross\n|-resisted|p1a: Metagross\n|-damage|p1a: Metagross|51\/100\n|move|p1a: Metagross|Meteor Mash|p2b: Regigigas\n|-damage|p2b: Regigigas|7\/100\n|move|p1b: Tinkaton|Steel Beam|p2b: Regigigas\n|-damage|p2b: Regigigas|0 fnt\n|-damage|p1b: Tinkaton|50\/100|[from] steelbeam\n|faint|p2b: Regigigas\n|\n|upkeep\n|\n|t:|1699942739\n|switch|p2b: Seismitoad|Seismitoad, F|27\/100 tox\n|turn|10\n|\n|t:|1699942747\n|move|p2a: Whimsicott|Dazzling Gleam|p1a: Metagross|[spread] p1a,p1b\n|-resisted|p1a: Metagross\n|-resisted|p1b: Tinkaton\n|-damage|p1a: Metagross|41\/100\n|-damage|p1b: Tinkaton|41\/100\n|move|p2b: Seismitoad|Earthquake|p1a: Metagross|[spread] p2a,p1a,p1b\n|-resisted|p2a: Whimsicott\n|-supereffective|p1a: Metagross\n|-supereffective|p1b: Tinkaton\n|-damage|p2a: Whimsicott|56\/100\n|-damage|p1a: Metagross|0 fnt\n|-damage|p1b: Tinkaton|0 fnt\n|faint|p1a: Metagross\n|faint|p1b: Tinkaton\n|\n|win|lachlan008\n|raw|Darklight7o2's rating: 1024 &rarr; <strong>1011<\/strong><br \/>(-13 for losing)\n|raw|lachlan008's rating: 1037 &rarr; <strong>1070<\/strong><br \/>(+33 for winning)\n","uploadtime":1699942760,"views":10,"p1id":"darklight7o2","p2id":"lachlan008","formatid":"gen9nationaldexdoubles","rating":1011,"private":0,"password":""}