{"id":"gen9nationaldexdoubles-1995994370","p1":"lemonjohn","p2":"heitaok","format":"[Gen 9] National Dex Doubles","log":"|j|\u2606lemonjohn\n|j|\u2606heitaok\n|t:|1700626673\n|gametype|doubles\n|player|p1|lemonjohn|dawn|1377\n|player|p2|heitaok|gentleman|1160\n|teamsize|p1|6\n|teamsize|p2|6\n|gen|9\n|tier|[Gen 9] National Dex Doubles\n|rated|\n|rule|HP Percentage Mod: HP is shown in percentages\n|rule|Endless Battle Clause: Forcing endless battles is banned\n|rule|OHKO Clause: OHKO moves are banned\n|rule|Evasion Moves Clause: Evasion moves are banned\n|rule|Evasion Abilities Clause: Evasion abilities are banned\n|rule|Species Clause: Limit one of each Pok\u00e9mon\n|rule|Gravity Sleep Clause: The combination of sleep-inducing moves with imperfect accuracy and Gravity or Gigantamax Orbeetle are banned\n|clearpoke\n|poke|p1|Venusaur, F|\n|poke|p1|Torkoal, M|\n|poke|p1|Walking Wake|\n|poke|p1|Whimsicott, F|\n|poke|p1|Rhyperior, F|\n|poke|p1|Farigiraf, F|\n|poke|p2|Salamence, F|\n|poke|p2|Flutter Mane|\n|poke|p2|Tornadus, M|\n|poke|p2|Kommo-o, F|\n|poke|p2|Landorus-Therian, M|\n|poke|p2|Incineroar, F|\n|teampreview\n|inactive|Battle timer is ON: inactive players will automatically lose when time's up. (requested by heitaok)\n|\n|t:|1700626695\n|start\n|switch|p1a: Walking Wake|Walking Wake|100\/100\n|switch|p1b: Whimsicott|Whimsicott, F, shiny|100\/100\n|switch|p2a: Tornadus|Tornadus, M|100\/100\n|switch|p2b: Salamence|Salamence, F|100\/100\n|-ability|p2b: Salamence|Intimidate|boost\n|-unboost|p1a: Walking Wake|atk|1\n|-unboost|p1b: Whimsicott|atk|1\n|-enditem|p1a: Walking Wake|White Herb\n|-clearnegativeboost|p1a: Walking Wake|[silent]\n|turn|1\n|\n|t:|1700626708\n|detailschange|p2b: Salamence|Salamence-Mega, F\n|-mega|p2b: Salamence|Salamence|Salamencite\n|move|p2a: Tornadus|Tailwind|p2a: Tornadus\n|-sidestart|p2: heitaok|move: Tailwind\n|move|p1b: Whimsicott|Tailwind|p1b: Whimsicott\n|-sidestart|p1: lemonjohn|move: Tailwind\n|move|p2b: Salamence|Double-Edge|p1a: Walking Wake\n|-damage|p1a: Walking Wake|21\/100\n|-damage|p2b: Salamence|74\/100|[from] Recoil\n|move|p1a: Walking Wake|Draco Meteor|p2b: Salamence\n|-supereffective|p2b: Salamence\n|-damage|p2b: Salamence|0 fnt\n|-unboost|p1a: Walking Wake|spa|2\n|faint|p2b: Salamence\n|\n|upkeep\n|inactive|heitaok has 120 seconds left.\n|\n|t:|1700626741\n|switch|p2b: Flutter Mane|Flutter Mane|100\/100\n|turn|2\n|\n|t:|1700626750\n|-end|p1a: Walking Wake|Protosynthesis|[silent]\n|switch|p1a: Venusaur|Venusaur, F, shiny|100\/100\n|move|p1b: Whimsicott|Sunny Day|p1b: Whimsicott\n|-weather|SunnyDay\n|-activate|p2b: Flutter Mane|ability: Protosynthesis\n|-start|p2b: Flutter Mane|protosynthesisspe\n|move|p2b: Flutter Mane|Power Gem|p1a: Venusaur\n|-damage|p1a: Venusaur|50\/100\n|move|p2a: Tornadus|Bleakwind Storm|p1a: Venusaur|[spread] p1a,p1b\n|-supereffective|p1a: Venusaur\n|-supereffective|p1b: Whimsicott\n|-damage|p1a: Venusaur|0 fnt\n|-damage|p1b: Whimsicott|5\/100\n|faint|p1a: Venusaur\n|\n|-weather|SunnyDay|[upkeep]\n|upkeep\n|\n|t:|1700626768\n|switch|p1a: Farigiraf|Farigiraf, F|100\/100\n|turn|3\n|\n|t:|1700626798\n|move|p1b: Whimsicott|Fake Tears|p2b: Flutter Mane\n|-unboost|p2b: Flutter Mane|spd|2\n|move|p2b: Flutter Mane|Power Gem|p1a: Farigiraf\n|-damage|p1a: Farigiraf|58\/100\n|move|p2a: Tornadus|Bleakwind Storm|p1b: Whimsicott|[spread] p1a,p1b\n|-supereffective|p1b: Whimsicott\n|-damage|p1a: Farigiraf|21\/100\n|-damage|p1b: Whimsicott|0 fnt\n|-unboost|p1a: Farigiraf|spe|1\n|faint|p1b: Whimsicott\n|move|p1a: Farigiraf|Trick Room|p1a: Farigiraf\n|-fieldstart|move: Trick Room|[of] p1a: Farigiraf\n|\n|-weather|SunnyDay|[upkeep]\n|upkeep\n|\n|t:|1700626806\n|switch|p1b: Torkoal|Torkoal, M, shiny|100\/100\n|turn|4\n|\n|t:|1700626813\n|switch|p2a: Incineroar|Incineroar, F|100\/100\n|-ability|p2a: Incineroar|Intimidate|boost\n|-unboost|p1a: Farigiraf|atk|1\n|-unboost|p1b: Torkoal|atk|1\n|-end|p2b: Flutter Mane|Protosynthesis|[silent]\n|switch|p2b: Landorus|Landorus-Therian, M|100\/100\n|-ability|p2b: Landorus|Intimidate|boost\n|-unboost|p1a: Farigiraf|atk|1\n|-unboost|p1b: Torkoal|atk|1\n|-terastallize|p1b: Torkoal|Fire\n|move|p1a: Farigiraf|Helping Hand|p1b: Torkoal\n|-singleturn|p1b: Torkoal|Helping Hand|[of] p1a: Farigiraf\n|move|p1b: Torkoal|Eruption|p2b: Landorus|[spread] p2a,p2b\n|-resisted|p2a: Incineroar\n|-damage|p2a: Incineroar|29\/100\n|-damage|p2b: Landorus|0 fnt\n|-enditem|p2a: Incineroar|Sitrus Berry|[eat]\n|-heal|p2a: Incineroar|54\/100|[from] item: Sitrus Berry\n|faint|p2b: Landorus\n|\n|-weather|SunnyDay|[upkeep]\n|-sideend|p2: heitaok|move: Tailwind\n|-sideend|p1: lemonjohn|move: Tailwind\n|upkeep\n|\n|t:|1700626835\n|switch|p2b: Kommo-o|Kommo-o, F|100\/100\n|turn|5\n|\n|t:|1700626848\n|move|p1b: Torkoal|Protect|p1b: Torkoal\n|-singleturn|p1b: Torkoal|Protect\n|move|p2b: Kommo-o|Protect|p2b: Kommo-o\n|-singleturn|p2b: Kommo-o|Protect\n|move|p1a: Farigiraf|Dazzling Gleam|p2b: Kommo-o|[spread] p2a\n|-activate|p2b: Kommo-o|move: Protect\n|-damage|p2a: Incineroar|41\/100\n|move|p2a: Incineroar|Knock Off|p1b: Torkoal\n|-activate|p1b: Torkoal|move: Protect\n|\n|-weather|SunnyDay|[upkeep]\n|upkeep\n|turn|6\n|\n|t:|1700626866\n|move|p1b: Torkoal|Eruption|p2b: Kommo-o|[spread] p2a,p2b\n|-resisted|p2a: Incineroar\n|-resisted|p2b: Kommo-o\n|-damage|p2a: Incineroar|0 fnt\n|-damage|p2b: Kommo-o|31\/100\n|faint|p2a: Incineroar\n|move|p1a: Farigiraf|Dazzling Gleam|p2b: Kommo-o\n|-supereffective|p2b: Kommo-o\n|-damage|p2b: Kommo-o|0 fnt\n|faint|p2b: Kommo-o\n|\n|-weather|none\n|upkeep\n|\n|t:|1700626878\n|switch|p2a: Tornadus|Tornadus, M|100\/100\n|switch|p2b: Flutter Mane|Flutter Mane|100\/100\n|turn|7\n|\n|t:|1700626884\n|move|p1a: Farigiraf|Helping Hand|p1b: Torkoal\n|-singleturn|p1b: Torkoal|Helping Hand|[of] p1a: Farigiraf\n|move|p1b: Torkoal|Eruption|p2a: Tornadus|[spread] p2a,p2b\n|-damage|p2a: Tornadus|0 fnt\n|-damage|p2b: Flutter Mane|0 fnt\n|faint|p2a: Tornadus\n|faint|p2b: Flutter Mane\n|-end|p2b: Flutter Mane|Protosynthesis|[silent]\n|\n|win|lemonjohn\n|raw|lemonjohn's rating: 1377 &rarr; <strong>1386<\/strong><br \/>(+9 for winning)\n|raw|heitaok's rating: 1160 &rarr; <strong>1149<\/strong><br \/>(-11 for losing)\n","uploadtime":1700626888,"views":3,"p1id":"lemonjohn","p2id":"heitaok","formatid":"gen9nationaldexdoubles","rating":1149,"private":0,"password":""}