{"id":"gen9nationaldexdoubles-1962733155","p1":"Pietexe","p2":"dupoludek","format":"[Gen 9] National Dex Doubles","log":"|j|\u2606Pietexe\n|j|\u2606dupoludek\n|t:|1696787036\n|gametype|doubles\n|player|p1|Pietexe|red|\n|player|p2|dupoludek|teamrocket|\n|teamsize|p1|6\n|teamsize|p2|6\n|gen|9\n|tier|[Gen 9] National Dex Doubles\n|rule|HP Percentage Mod: HP is shown in percentages\n|rule|Endless Battle Clause: Forcing endless battles is banned\n|rule|OHKO Clause: OHKO moves are banned\n|rule|Evasion Moves Clause: Evasion moves are banned\n|rule|Evasion Abilities Clause: Evasion abilities are banned\n|rule|Species Clause: Limit one of each Pok\u00e9mon\n|rule|Gravity Sleep Clause: The combination of sleep-inducing moves with imperfect accuracy and Gravity or Gigantamax Orbeetle are banned\n|clearpoke\n|poke|p1|Dragonite, M|\n|poke|p1|Dondozo, M|\n|poke|p1|Hawlucha, M|\n|poke|p1|Metagross|\n|poke|p1|Kilowattrel, M|\n|poke|p1|Shiftry, M|\n|poke|p2|Infernape, M|\n|poke|p2|Inteleon, M|\n|poke|p2|Jirachi|\n|poke|p2|Dudunsparce-*, M|\n|poke|p2|Sinistcha-Masterpiece|\n|poke|p2|Yanmega, F|\n|teampreview\n|inactive|Battle timer is ON: inactive players will automatically lose when time's up. (requested by Pietexe)\n|\n|t:|1696787058\n|start\n|switch|p1a: KilowodyNieTrolluj|Kilowattrel, M, shiny|100\/100\n|switch|p1b: Shiftry|Shiftry, M, shiny|100\/100\n|switch|p2a: LiquidDild'o|Sinistcha-Masterpiece|100\/100\n|switch|p2b: JanekMega|Yanmega, F|100\/100\n|turn|1\n|inactive|Pietexe has 270 seconds left.\n|inactive|dupoludek has 270 seconds left.\n|\n|t:|1696787089\n|move|p2b: JanekMega|Protect|p2b: JanekMega\n|-singleturn|p2b: JanekMega|Protect\n|move|p1a: KilowodyNieTrolluj|Tailwind|p1a: KilowodyNieTrolluj\n|-sidestart|p1: Pietexe|move: Tailwind\n|-start|p1a: KilowodyNieTrolluj|Charge|Tailwind|[from] ability: Wind Power\n|-ability|p1b: Shiftry|Wind Rider|boost\n|-boost|p1b: Shiftry|atk|1\n|move|p1b: Shiftry|Foul Play|p2a: LiquidDild'o\n|-supereffective|p2a: LiquidDild'o\n|-damage|p2a: LiquidDild'o|71\/100\n|move|p2a: LiquidDild'o|Matcha Gotcha|p1a: KilowodyNieTrolluj|[spread] p1a,p1b\n|-resisted|p1a: KilowodyNieTrolluj\n|-resisted|p1b: Shiftry\n|-damage|p1a: KilowodyNieTrolluj|80\/100\n|-heal|p2a: LiquidDild'o|83\/100|[from] drain|[of] p1a: KilowodyNieTrolluj\n|-damage|p1b: Shiftry|78\/100\n|-heal|p2a: LiquidDild'o|96\/100|[from] drain|[of] p1b: Shiftry\n|\n|-heal|p1a: KilowodyNieTrolluj|87\/100|[from] item: Leftovers\n|-heal|p2a: LiquidDild'o|100\/100|[from] item: Leftovers\n|-ability|p2b: JanekMega|Speed Boost|boost\n|-boost|p2b: JanekMega|spe|1\n|upkeep\n|turn|2\n|inactive|Pietexe has 270 seconds left.\n|inactive|dupoludek has 270 seconds left.\n|\n|t:|1696787119\n|move|p1a: KilowodyNieTrolluj|Thunderbolt|p2b: JanekMega\n|-supereffective|p2b: JanekMega\n|-damage|p2b: JanekMega|0 fnt\n|faint|p2b: JanekMega\n|-end|p1a: KilowodyNieTrolluj|Charge|[silent]\n|move|p1b: Shiftry|Foul Play|p2a: LiquidDild'o\n|-supereffective|p2a: LiquidDild'o\n|-crit|p2a: LiquidDild'o\n|-damage|p2a: LiquidDild'o|55\/100\n|move|p2a: LiquidDild'o|Matcha Gotcha|p1a: KilowodyNieTrolluj|[spread] p1a,p1b\n|-resisted|p1a: KilowodyNieTrolluj\n|-resisted|p1b: Shiftry\n|-damage|p1a: KilowodyNieTrolluj|68\/100\n|-heal|p2a: LiquidDild'o|67\/100|[from] drain|[of] p1a: KilowodyNieTrolluj\n|-damage|p1b: Shiftry|56\/100\n|-heal|p2a: LiquidDild'o|80\/100|[from] drain|[of] p1b: Shiftry\n|\n|-heal|p1a: KilowodyNieTrolluj|74\/100|[from] item: Leftovers\n|-heal|p2a: LiquidDild'o|86\/100|[from] item: Leftovers\n|upkeep\n|\n|t:|1696787147\n|switch|p2b: ThreeSegmentDild'o|Dudunsparce-Three-Segment, M|100\/100\n|turn|3\n|\n|t:|1696787159\n|move|p1a: KilowodyNieTrolluj|Electric Terrain|p1a: KilowodyNieTrolluj\n|-fieldstart|move: Electric Terrain\n|move|p1b: Shiftry|Foul Play|p2a: LiquidDild'o\n|-supereffective|p2a: LiquidDild'o\n|-damage|p2a: LiquidDild'o|60\/100\n|move|p2a: LiquidDild'o|Matcha Gotcha|p1b: Shiftry|[spread] p1a,p1b\n|-resisted|p1a: KilowodyNieTrolluj\n|-resisted|p1b: Shiftry\n|-damage|p1a: KilowodyNieTrolluj|53\/100\n|-heal|p2a: LiquidDild'o|73\/100|[from] drain|[of] p1a: KilowodyNieTrolluj\n|-damage|p1b: Shiftry|33\/100\n|-heal|p2a: LiquidDild'o|85\/100|[from] drain|[of] p1b: Shiftry\n|move|p2b: ThreeSegmentDild'o|Boomburst|p1a: KilowodyNieTrolluj|[spread] p1a,p1b\n|-immune|p2a: LiquidDild'o\n|-damage|p1a: KilowodyNieTrolluj|3\/100\n|-damage|p1b: Shiftry|0 fnt\n|faint|p1b: Shiftry\n|\n|-heal|p1a: KilowodyNieTrolluj|9\/100|[from] item: Leftovers\n|-heal|p2a: LiquidDild'o|91\/100|[from] item: Leftovers\n|upkeep\n|\n|t:|1696787177\n|switch|p1b: Hawlucha|Hawlucha, M|100\/100\n|-enditem|p1b: Hawlucha|Electric Seed\n|-boost|p1b: Hawlucha|def|1|[from] item: Electric Seed\n|turn|4\n|\n|t:|1696787188\n|move|p1b: Hawlucha|Dual Wingbeat|p2a: LiquidDild'o\n|-supereffective|p2a: LiquidDild'o\n|-damage|p2a: LiquidDild'o|57\/100\n|-supereffective|p2a: LiquidDild'o\n|-damage|p2a: LiquidDild'o|25\/100\n|-hitcount|p2a: LiquidDild'o|2\n|move|p1a: KilowodyNieTrolluj|Thunderbolt|p2b: ThreeSegmentDild'o\n|-damage|p2b: ThreeSegmentDild'o|83\/100\n|move|p2a: LiquidDild'o|Night Shade|p1b: Hawlucha\n|-damage|p1b: Hawlucha|67\/100\n|move|p2b: ThreeSegmentDild'o|Boomburst|p1a: KilowodyNieTrolluj|[spread] p1a,p1b\n|-immune|p2a: LiquidDild'o\n|-damage|p1a: KilowodyNieTrolluj|0 fnt\n|-damage|p1b: Hawlucha|17\/100\n|faint|p1a: KilowodyNieTrolluj\n|\n|-heal|p2a: LiquidDild'o|31\/100|[from] item: Leftovers\n|-sideend|p1: Pietexe|move: Tailwind\n|upkeep\n|\n|t:|1696787211\n|switch|p1a: Metagross|Metagross, shiny|100\/100\n|turn|5\n|\n|t:|1696787226\n|detailschange|p1a: Metagross|Metagross-Mega, shiny\n|-mega|p1a: Metagross|Metagross|Metagrossite\n|move|p1b: Hawlucha|Dual Wingbeat|p2a: LiquidDild'o\n|-supereffective|p2a: LiquidDild'o\n|-damage|p2a: LiquidDild'o|0 fnt\n|faint|p2a: LiquidDild'o\n|-hitcount|p2: LiquidDild'o|1\n|move|p1a: Metagross|Power-Up Punch|p2b: ThreeSegmentDild'o\n|-supereffective|p2b: ThreeSegmentDild'o\n|-damage|p2b: ThreeSegmentDild'o|55\/100\n|-boost|p1a: Metagross|atk|1\n|move|p2b: ThreeSegmentDild'o|Boomburst|p1b: Hawlucha|[spread] p1a,p1b\n|-resisted|p1a: Metagross\n|-crit|p1a: Metagross\n|-damage|p1a: Metagross|78\/100\n|-damage|p1b: Hawlucha|0 fnt\n|faint|p1b: Hawlucha\n|\n|upkeep\n|\n|t:|1696787244\n|switch|p1b: Dragonite|Dragonite, M, shiny|100\/100\n|switch|p2a: StarDild'o|Jirachi|100\/100\n|turn|6\n|\n|t:|1696787261\n|-terastallize|p1b: Dragonite|Normal\n|move|p1b: Dragonite|Extreme Speed|p2a: StarDild'o\n|-resisted|p2a: StarDild'o\n|-damage|p2a: StarDild'o|78\/100\n|move|p1a: Metagross|Brutal Swing|p2a: StarDild'o|[spread] p1b,p2a,p2b\n|-supereffective|p2a: StarDild'o\n|-crit|p2b: ThreeSegmentDild'o\n|-damage|p1b: Dragonite|81\/100\n|-damage|p2a: StarDild'o|14\/100\n|-damage|p2b: ThreeSegmentDild'o|21\/100\n|-enditem|p2a: StarDild'o|Weakness Policy\n|-boost|p2a: StarDild'o|atk|2|[from] item: Weakness Policy\n|-boost|p2a: StarDild'o|spa|2|[from] item: Weakness Policy\n|move|p2a: StarDild'o|Ice Punch|p1b: Dragonite\n|-damage|p1b: Dragonite|31\/100\n|-status|p1b: Dragonite|frz\n|move|p2b: ThreeSegmentDild'o|Boomburst|p1b: Dragonite|[spread] p2a,p1a,p1b\n|-resisted|p2a: StarDild'o\n|-resisted|p1a: Metagross\n|-damage|p2a: StarDild'o|0 fnt\n|-damage|p1a: Metagross|61\/100\n|-damage|p1b: Dragonite|0 fnt\n|faint|p2a: StarDild'o\n|faint|p1b: Dragonite\n|\n|upkeep\n|\n|t:|1696787286\n|switch|p2a: AssBurnsDild'o|Infernape, M, shiny|100\/100\n|switch|p1b: Dondozo|Dondozo, M, shiny|100\/100\n|turn|7\n|\n|t:|1696787302\n|move|p1a: Metagross|Power-Up Punch|p2b: ThreeSegmentDild'o\n|-supereffective|p2b: ThreeSegmentDild'o\n|-damage|p2b: ThreeSegmentDild'o|0 fnt\n|-boost|p1a: Metagross|atk|1\n|faint|p2b: ThreeSegmentDild'o\n|move|p2a: AssBurnsDild'o|Blaze Kick|p1a: Metagross\n|-supereffective|p1a: Metagross\n|-damage|p1a: Metagross|0 fnt\n|faint|p1a: Metagross\n|move|p1b: Dondozo|Waterfall|p2a: AssBurnsDild'o\n|-supereffective|p2a: AssBurnsDild'o\n|-enditem|p2a: AssBurnsDild'o|Focus Sash\n|-damage|p2a: AssBurnsDild'o|1\/100\n|\n|-fieldend|move: Electric Terrain\n|upkeep\n|\n|t:|1696787316\n|switch|p2b: LongTailedDild'o|Inteleon, M|100\/100\n|turn|8\n|\n|t:|1696787329\n|move|p2b: LongTailedDild'o|Snipe Shot|p1b: Dondozo\n|-resisted|p1b: Dondozo\n|-crit|p1b: Dondozo\n|-damage|p1b: Dondozo|52\/100\n|move|p2a: AssBurnsDild'o|Thunder Punch|p1b: Dondozo\n|-supereffective|p1b: Dondozo\n|-damage|p1b: Dondozo|18\/100\n|move|p1b: Dondozo|Earthquake|p2b: LongTailedDild'o|[spread] p2a,p2b\n|-supereffective|p2a: AssBurnsDild'o\n|-damage|p2a: AssBurnsDild'o|0 fnt\n|-damage|p2b: LongTailedDild'o|61\/100\n|faint|p2a: AssBurnsDild'o\n|\n|-heal|p1b: Dondozo|24\/100|[from] item: Leftovers\n|upkeep\n|turn|9\n|\n|t:|1696787342\n|move|p2b: LongTailedDild'o|Snipe Shot|p1b: Dondozo\n|-resisted|p1b: Dondozo\n|-damage|p1b: Dondozo|3\/100\n|move|p1b: Dondozo|Rest|p1b: Dondozo\n|-status|p1b: Dondozo|slp|[from] move: Rest\n|-heal|p1b: Dondozo|100\/100 slp|[silent]\n|\n|upkeep\n|turn|10\n|\n|t:|1696787358\n|move|p2b: LongTailedDild'o|Snipe Shot|p1b: Dondozo\n|-resisted|p1b: Dondozo\n|-crit|p1b: Dondozo\n|-damage|p1b: Dondozo|55\/100 slp\n|cant|p1b: Dondozo|slp\n|move|p1b: Dondozo|Sleep Talk|p1b: Dondozo\n|move|p1b: Dondozo|Rest||[from]move: Sleep Talk|[still]\n|-fail|p1b: Dondozo\n|\n|-heal|p1b: Dondozo|61\/100 slp|[from] item: Leftovers\n|upkeep\n|turn|11\n|\n|t:|1696787368\n|move|p2b: LongTailedDild'o|Snipe Shot|p1b: Dondozo\n|-resisted|p1b: Dondozo\n|-damage|p1b: Dondozo|39\/100 slp\n|cant|p1b: Dondozo|slp\n|move|p1b: Dondozo|Sleep Talk|p1b: Dondozo\n|move|p1b: Dondozo|Rest||[from]move: Sleep Talk|[still]\n|-fail|p1b: Dondozo\n|\n|-heal|p1b: Dondozo|45\/100 slp|[from] item: Leftovers\n|upkeep\n|turn|12\n|\n|t:|1696787387\n|move|p2b: LongTailedDild'o|Snipe Shot|p1b: Dondozo\n|-resisted|p1b: Dondozo\n|-damage|p1b: Dondozo|22\/100 slp\n|-curestatus|p1b: Dondozo|slp|[msg]\n|move|p1b: Dondozo|Earthquake|p2b: LongTailedDild'o\n|-damage|p2b: LongTailedDild'o|13\/100\n|\n|-heal|p1b: Dondozo|29\/100|[from] item: Leftovers\n|upkeep\n|turn|13\n|\n|t:|1696787397\n|move|p2b: LongTailedDild'o|Snipe Shot|p1b: Dondozo\n|-resisted|p1b: Dondozo\n|-damage|p1b: Dondozo|7\/100\n|move|p1b: Dondozo|Rest|p1b: Dondozo\n|-status|p1b: Dondozo|slp|[from] move: Rest\n|-heal|p1b: Dondozo|100\/100 slp|[silent]\n|\n|upkeep\n|turn|14\n|\n|t:|1696787405\n|move|p2b: LongTailedDild'o|Snipe Shot|p1b: Dondozo\n|-resisted|p1b: Dondozo\n|-damage|p1b: Dondozo|77\/100 slp\n|cant|p1b: Dondozo|slp\n|move|p1b: Dondozo|Sleep Talk|p1b: Dondozo\n|move|p1b: Dondozo|Rest||[from]move: Sleep Talk|[still]\n|-fail|p1b: Dondozo\n|\n|-heal|p1b: Dondozo|83\/100 slp|[from] item: Leftovers\n|upkeep\n|turn|15\n|j| ROLOUKU\n|\n|t:|1696787415\n|move|p2b: LongTailedDild'o|Snipe Shot|p1b: Dondozo\n|-resisted|p1b: Dondozo\n|-crit|p1b: Dondozo\n|-damage|p1b: Dondozo|31\/100 slp\n|cant|p1b: Dondozo|slp\n|move|p1b: Dondozo|Sleep Talk|p1b: Dondozo\n|move|p1b: Dondozo|Rest||[from]move: Sleep Talk|[still]\n|-fail|p1b: Dondozo\n|\n|-heal|p1b: Dondozo|37\/100 slp|[from] item: Leftovers\n|upkeep\n|turn|16\n|\n|t:|1696787425\n|move|p2b: LongTailedDild'o|Snipe Shot|p1b: Dondozo\n|-resisted|p1b: Dondozo\n|-damage|p1b: Dondozo|17\/100 slp\n|-curestatus|p1b: Dondozo|slp|[msg]\n|move|p1b: Dondozo|Earthquake|p2b: LongTailedDild'o\n|-damage|p2b: LongTailedDild'o|0 fnt\n|faint|p2b: LongTailedDild'o\n|\n|win|Pietexe\n","uploadtime":1696787436,"views":12,"p1id":"pietexe","p2id":"dupoludek","formatid":"gen9nationaldexdoubles","rating":0,"private":0,"password":""}