{"id":"gen9nationaldexdoubles-1950856674","p1":"Twohance","p2":"srythatwasu","format":"[Gen 9] National Dex Doubles","log":"|j|\u2606Twohance\n|j|\u2606srythatwasu\n|t:|1695512929\n|gametype|doubles\n|player|p1|Twohance|2|1186\n|player|p2|srythatwasu|volo|1174\n|teamsize|p1|6\n|teamsize|p2|6\n|gen|9\n|tier|[Gen 9] National Dex Doubles\n|rated|\n|rule|HP Percentage Mod: HP is shown in percentages\n|rule|Endless Battle Clause: Forcing endless battles is banned\n|rule|OHKO Clause: OHKO moves are banned\n|rule|Evasion Moves Clause: Evasion moves are banned\n|rule|Evasion Abilities Clause: Evasion abilities are banned\n|rule|Species Clause: Limit one of each Pok\u00e9mon\n|rule|Gravity Sleep Clause: The combination of sleep-inducing moves with imperfect accuracy and Gravity or Gigantamax Orbeetle are banned\n|clearpoke\n|poke|p1|Rillaboom, F|\n|poke|p1|Kartana|\n|poke|p1|Chien-Pao|\n|poke|p1|Incineroar, F|\n|poke|p1|Metagross|\n|poke|p1|Zamazenta-*|\n|poke|p2|Vikavolt, F|\n|poke|p2|Dusclops, F|\n|poke|p2|Ursaluna-Bloodmoon, M|\n|poke|p2|Conkeldurr, M|\n|poke|p2|Sinistcha-Masterpiece|\n|poke|p2|Charjabug, F|\n|teampreview\n|c|\u2606srythatwasu|glhf\n|\n|t:|1695512944\n|start\n|switch|p1a: Incineroar|Incineroar, F|100\/100\n|switch|p1b: Metagross|Metagross|100\/100\n|switch|p2a: Vikavolt|Vikavolt, F, shiny|100\/100\n|switch|p2b: Dusclops|Dusclops, F|100\/100\n|-ability|p1a: Incineroar|Intimidate|boost\n|-unboost|p2a: Vikavolt|atk|1\n|-unboost|p2b: Dusclops|atk|1\n|-ability|p2b: Dusclops|Pressure\n|turn|1\n|\n|t:|1695512956\n|switch|p1b: Rillaboom|Rillaboom, F|100\/100\n|-fieldstart|move: Grassy Terrain|[from] ability: Grassy Surge|[of] p1b: Rillaboom\n|move|p2a: Vikavolt|Protect|p2a: Vikavolt\n|-singleturn|p2a: Vikavolt|Protect\n|move|p1a: Incineroar|Fake Out|p2a: Vikavolt\n|-activate|p2a: Vikavolt|move: Protect\n|move|p2b: Dusclops|Trick Room|p2b: Dusclops\n|-fieldstart|move: Trick Room|[of] p2b: Dusclops\n|\n|upkeep\n|turn|2\n|\n|t:|1695512975\n|-terastallize|p2a: Vikavolt|Water\n|move|p1b: Rillaboom|Fake Out|p2a: Vikavolt\n|-damage|p2a: Vikavolt|84\/100\n|move|p2b: Dusclops|Night Shade|p1a: Incineroar\n|-damage|p1a: Incineroar|75\/100\n|cant|p2a: Vikavolt|flinch\n|move|p1a: Incineroar|U-turn|p2b: Dusclops\n|-resisted|p2b: Dusclops\n|-damage|p2b: Dusclops|95\/100\n|\n|t:|1695512988\n|switch|p1a: Metagross|Metagross|100\/100|[from] U-turn\n|\n|-heal|p2b: Dusclops|100\/100|[from] Grassy Terrain\n|upkeep\n|turn|3\n|\n|t:|1695512998\n|move|p1b: Rillaboom|Grassy Glide|p2a: Vikavolt\n|-supereffective|p2a: Vikavolt\n|-damage|p2a: Vikavolt|0 fnt\n|faint|p2a: Vikavolt\n|move|p2b: Dusclops|Will-O-Wisp|p1a: Metagross\n|-status|p1a: Metagross|brn\n|move|p1a: Metagross|Iron Head|p2b: Dusclops\n|-damage|p2b: Dusclops|86\/100\n|\n|-heal|p2b: Dusclops|92\/100|[from] Grassy Terrain\n|-damage|p1a: Metagross|95\/100 brn|[from] brn\n|upkeep\n|\n|t:|1695513029\n|switch|p2a: Conkeldurr|Conkeldurr, M|100\/100\n|turn|4\n|\n|t:|1695513050\n|switch|p1b: Incineroar|Incineroar, F|75\/100\n|-ability|p1b: Incineroar|Intimidate|boost\n|-unboost|p2a: Conkeldurr|atk|1\n|-unboost|p2b: Dusclops|atk|1\n|move|p2b: Dusclops|Night Shade|p1a: Metagross\n|-damage|p1a: Metagross|61\/100 brn\n|move|p2a: Conkeldurr|Knock Off|p1b: Incineroar\n|-resisted|p1b: Incineroar\n|-damage|p1b: Incineroar|64\/100\n|-enditem|p1b: Incineroar|Assault Vest|[from] move: Knock Off|[of] p2a: Conkeldurr\n|move|p1a: Metagross|Iron Head|p2b: Dusclops\n|-damage|p2b: Dusclops|77\/100\n|\n|-heal|p2b: Dusclops|83\/100|[from] Grassy Terrain\n|-heal|p1b: Incineroar|70\/100|[from] Grassy Terrain\n|-heal|p1a: Metagross|67\/100 brn|[from] Grassy Terrain\n|-damage|p1a: Metagross|61\/100 brn|[from] brn\n|-status|p2a: Conkeldurr|brn|[from] item: Flame Orb\n|upkeep\n|turn|5\n|\n|t:|1695513084\n|detailschange|p1a: Metagross|Metagross-Mega\n|-mega|p1a: Metagross|Metagross|Metagrossite\n|move|p1a: Metagross|Protect|p1a: Metagross\n|-singleturn|p1a: Metagross|Protect\n|move|p1b: Incineroar|Fake Out|p2a: Conkeldurr\n|-damage|p2a: Conkeldurr|91\/100 brn\n|move|p2b: Dusclops|Night Shade|p1b: Incineroar\n|-damage|p1b: Incineroar|45\/100\n|cant|p2a: Conkeldurr|flinch\n|\n|-heal|p2b: Dusclops|89\/100|[from] Grassy Terrain\n|-heal|p2a: Conkeldurr|97\/100 brn|[from] Grassy Terrain\n|-heal|p1b: Incineroar|51\/100|[from] Grassy Terrain\n|-heal|p1a: Metagross|67\/100 brn|[from] Grassy Terrain\n|-damage|p2a: Conkeldurr|91\/100 brn|[from] brn\n|-damage|p1a: Metagross|61\/100 brn|[from] brn\n|-fieldend|move: Trick Room\n|-fieldend|move: Grassy Terrain\n|upkeep\n|turn|6\n|\n|t:|1695513106\n|switch|p2a: Ursaluna|Ursaluna-Bloodmoon, M|100\/100\n|move|p1a: Metagross|Iron Head|p2b: Dusclops\n|-damage|p2b: Dusclops|70\/100\n|move|p1b: Incineroar|Knock Off|p2b: Dusclops\n|-supereffective|p2b: Dusclops\n|-damage|p2b: Dusclops|21\/100\n|-enditem|p2b: Dusclops|Eviolite|[from] move: Knock Off|[of] p1b: Incineroar\n|move|p2b: Dusclops|Trick Room|p2b: Dusclops\n|-fieldstart|move: Trick Room|[of] p2b: Dusclops\n|\n|-damage|p1a: Metagross|55\/100 brn|[from] brn\n|upkeep\n|turn|7\n|\n|t:|1695513129\n|move|p1a: Metagross|Bullet Punch|p2b: Dusclops\n|-damage|p2b: Dusclops|5\/100\n|move|p2b: Dusclops|Pain Split|p1a: Metagross\n|-sethp|p1a: Metagross|30\/100 brn|[from] move: Pain Split|[silent]\n|-sethp|p2b: Dusclops|32\/100|[from] move: Pain Split\n|move|p2a: Ursaluna|Blood Moon|p1b: Incineroar\n|-damage|p1b: Incineroar|0 fnt\n|faint|p1b: Incineroar\n|\n|-damage|p1a: Metagross|24\/100 brn|[from] brn\n|upkeep\n|\n|t:|1695513151\n|switch|p1b: Rillaboom|Rillaboom, F|100\/100\n|-fieldstart|move: Grassy Terrain|[from] ability: Grassy Surge|[of] p1b: Rillaboom\n|turn|8\n|\n|t:|1695513167\n|switch|p2a: Charjabug|Charjabug, F|100\/100\n|move|p1b: Rillaboom|Fake Out|p2a: Charjabug\n|-damage|p2a: Charjabug|92\/100\n|move|p2b: Dusclops|Pain Split|p1b: Rillaboom\n|-sethp|p1b: Rillaboom|62\/100|[from] move: Pain Split|[silent]\n|-sethp|p2b: Dusclops|87\/100|[from] move: Pain Split\n|move|p1a: Metagross|Iron Head|p2b: Dusclops\n|-damage|p2b: Dusclops|59\/100\n|\n|-heal|p2b: Dusclops|65\/100|[from] Grassy Terrain\n|-heal|p2a: Charjabug|98\/100|[from] Grassy Terrain\n|-heal|p1b: Rillaboom|68\/100|[from] Grassy Terrain\n|-heal|p1a: Metagross|30\/100 brn|[from] Grassy Terrain\n|-damage|p1a: Metagross|24\/100 brn|[from] brn\n|upkeep\n|turn|9\n|\n|t:|1695513204\n|switch|p2a: Conkeldurr|Conkeldurr, M|91\/100 brn\n|move|p2b: Dusclops|Pain Split|p1b: Rillaboom\n|-sethp|p1b: Rillaboom|57\/100|[from] move: Pain Split|[silent]\n|-sethp|p2b: Dusclops|80\/100|[from] move: Pain Split\n|move|p1b: Rillaboom|Taunt|p2b: Dusclops\n|-start|p2b: Dusclops|move: Taunt\n|move|p1a: Metagross|Stomping Tantrum|p2a: Conkeldurr\n|-damage|p2a: Conkeldurr|75\/100 brn\n|\n|-heal|p2b: Dusclops|86\/100|[from] Grassy Terrain\n|-heal|p2a: Conkeldurr|81\/100 brn|[from] Grassy Terrain\n|-heal|p1b: Rillaboom|63\/100|[from] Grassy Terrain\n|-heal|p1a: Metagross|30\/100 brn|[from] Grassy Terrain\n|-damage|p2a: Conkeldurr|75\/100 brn|[from] brn\n|-damage|p1a: Metagross|24\/100 brn|[from] brn\n|upkeep\n|turn|10\n|\n|t:|1695513233\n|move|p1a: Metagross|Protect|p1a: Metagross\n|-singleturn|p1a: Metagross|Protect\n|move|p2b: Dusclops|Night Shade|p1a: Metagross\n|-activate|p1a: Metagross|move: Protect\n|move|p2a: Conkeldurr|Drain Punch|p1b: Rillaboom\n|-damage|p1b: Rillaboom|0 fnt\n|-heal|p2a: Conkeldurr|100\/100 brn|[from] drain|[of] p1b: Rillaboom\n|faint|p1b: Rillaboom\n|\n|-heal|p2b: Dusclops|92\/100|[from] Grassy Terrain\n|-heal|p1a: Metagross|30\/100 brn|[from] Grassy Terrain\n|-damage|p2a: Conkeldurr|94\/100 brn|[from] brn\n|-damage|p1a: Metagross|24\/100 brn|[from] brn\n|-fieldend|move: Trick Room\n|upkeep\n|\n|t:|1695513242\n|switch|p1b: Chien-Pao|Chien-Pao|100\/100\n|-ability|p1b: Chien-Pao|Sword of Ruin\n|turn|11\n|\n|t:|1695513254\n|move|p1b: Chien-Pao|Icicle Crash|p2a: Conkeldurr|[miss]\n|-miss|p1b: Chien-Pao|p2a: Conkeldurr\n|move|p1a: Metagross|Iron Head|p2a: Conkeldurr\n|-damage|p2a: Conkeldurr|62\/100 brn\n|move|p2a: Conkeldurr|Drain Punch|p1b: Chien-Pao\n|-supereffective|p1b: Chien-Pao\n|-enditem|p1b: Chien-Pao|Focus Sash\n|-damage|p1b: Chien-Pao|1\/100\n|-heal|p2a: Conkeldurr|99\/100 brn|[from] drain|[of] p1b: Chien-Pao\n|move|p2b: Dusclops|Night Shade|p1a: Metagross\n|-damage|p1a: Metagross|0 fnt\n|faint|p1a: Metagross\n|\n|-heal|p1b: Chien-Pao|7\/100|[from] Grassy Terrain\n|-heal|p2a: Conkeldurr|100\/100 brn|[from] Grassy Terrain\n|-heal|p2b: Dusclops|98\/100|[from] Grassy Terrain\n|-damage|p2a: Conkeldurr|94\/100 brn|[from] brn\n|upkeep\n|\n|t:|1695513264\n|switch|p1a: Zamazenta|Zamazenta|100\/100\n|-ability|p1a: Zamazenta|Dauntless Shield|boost\n|-boost|p1a: Zamazenta|def|1\n|turn|12\n|\n|t:|1695513290\n|-terastallize|p1b: Chien-Pao|Ghost\n|move|p2a: Conkeldurr|Protect|p2a: Conkeldurr\n|-singleturn|p2a: Conkeldurr|Protect\n|move|p1b: Chien-Pao|Sucker Punch|p2b: Dusclops\n|-supereffective|p2b: Dusclops\n|-damage|p2b: Dusclops|12\/100\n|move|p1a: Zamazenta|Coaching|p1b: Chien-Pao\n|-boost|p1b: Chien-Pao|atk|1\n|-boost|p1b: Chien-Pao|def|1\n|move|p2b: Dusclops|Night Shade|p1b: Chien-Pao\n|-damage|p1b: Chien-Pao|0 fnt\n|faint|p1b: Chien-Pao\n|\n|-heal|p2a: Conkeldurr|100\/100 brn|[from] Grassy Terrain\n|-heal|p2b: Dusclops|18\/100|[from] Grassy Terrain\n|-damage|p2a: Conkeldurr|94\/100 brn|[from] brn\n|-end|p2b: Dusclops|move: Taunt\n|-fieldend|move: Grassy Terrain\n|upkeep\n|\n|t:|1695513296\n|switch|p1b: Kartana|Kartana|100\/100\n|turn|13\n|\n|t:|1695513321\n|move|p1a: Zamazenta|Body Press|p2a: Conkeldurr\n|-damage|p2a: Conkeldurr|54\/100 brn\n|move|p1b: Kartana|Leaf Blade|p2b: Dusclops\n|-crit|p2b: Dusclops\n|-damage|p2b: Dusclops|0 fnt\n|faint|p2b: Dusclops\n|-ability|p1b: Kartana|Beast Boost|boost\n|-boost|p1b: Kartana|atk|1\n|move|p2a: Conkeldurr|Drain Punch|p1b: Kartana\n|-supereffective|p1b: Kartana\n|-damage|p1b: Kartana|0 fnt\n|-heal|p2a: Conkeldurr|85\/100 brn|[from] drain|[of] p1b: Kartana\n|faint|p1b: Kartana\n|\n|-damage|p2a: Conkeldurr|79\/100 brn|[from] brn\n|upkeep\n|-message|Twohance forfeited.\n|\n|win|srythatwasu\n|raw|Twohance's rating: 1186 &rarr; <strong>1160<\/strong><br \/>(-26 for losing)\n|raw|srythatwasu's rating: 1174 &rarr; <strong>1200<\/strong><br \/>(+26 for winning)\n|l|\u2606Twohance\n","uploadtime":1695513340,"views":17,"p1id":"twohance","p2id":"srythatwasu","formatid":"gen9nationaldexdoubles","rating":1160,"private":0,"password":""}