{"id":"gen9nationaldexdoubles-1978471967","p1":"Chad Tankers","p2":"El Ryuk456","format":"[Gen 9] National Dex Doubles","log":"|j|\u2606Chad Tankers\n|j|\u2606El Ryuk456\n|t:|1698543336\n|gametype|doubles\n|player|p1|Chad Tankers|piers|1433\n|player|p2|El Ryuk456|ingo|1385\n|teamsize|p1|6\n|teamsize|p2|6\n|gen|9\n|tier|[Gen 9] National Dex Doubles\n|rated|\n|rule|HP Percentage Mod: HP is shown in percentages\n|rule|Endless Battle Clause: Forcing endless battles is banned\n|rule|OHKO Clause: OHKO moves are banned\n|rule|Evasion Moves Clause: Evasion moves are banned\n|rule|Evasion Abilities Clause: Evasion abilities are banned\n|rule|Species Clause: Limit one of each Pok\u00e9mon\n|rule|Gravity Sleep Clause: The combination of sleep-inducing moves with imperfect accuracy and Gravity or Gigantamax Orbeetle are banned\n|clearpoke\n|poke|p1|Ninetales-Alola, M|\n|poke|p1|Arctozolt|\n|poke|p1|Zapdos-Galar|\n|poke|p1|Volcanion|\n|poke|p1|Zygarde|\n|poke|p1|Salamence, F|\n|poke|p2|Thundurus-Therian, M|\n|poke|p2|Latias, F|\n|poke|p2|Pelipper, M|\n|poke|p2|Blastoise, M|\n|poke|p2|Gardevoir, F|\n|poke|p2|Meowscarada, M|\n|teampreview\n|inactive|Battle timer is ON: inactive players will automatically lose when time's up. (requested by Chad Tankers)\n|inactive|El Ryuk456 has 120 seconds left.\n|\n|t:|1698543368\n|start\n|switch|p1a: Ninetales|Ninetales-Alola, M|100\/100\n|switch|p1b: Arctozolt|Arctozolt, shiny|100\/100\n|switch|p2a: Thundurus|Thundurus-Therian, M|100\/100\n|switch|p2b: Harbor|Blastoise, M|100\/100\n|-weather|Snow|[from] ability: Snow Warning|[of] p1a: Ninetales\n|turn|1\n|\n|t:|1698543387\n|switch|p2b: Mine Mine|Pelipper, M|100\/100\n|-weather|RainDance|[from] ability: Drizzle|[of] p2b: Mine Mine\n|move|p1a: Ninetales|Aurora Veil||[still]\n|-fail|p1a: Ninetales\n|move|p2a: Thundurus|Wildbolt Storm|p1b: Arctozolt|[spread] p1a,p1b\n|-resisted|p1b: Arctozolt\n|-crit|p1b: Arctozolt\n|-damage|p1a: Ninetales|36\/100\n|-damage|p1b: Arctozolt|37\/100\n|move|p1b: Arctozolt|Substitute|p1b: Arctozolt\n|-start|p1b: Arctozolt|Substitute\n|-damage|p1b: Arctozolt|12\/100\n|\n|-weather|RainDance|[upkeep]\n|-heal|p1b: Arctozolt|18\/100|[from] item: Leftovers\n|upkeep\n|turn|2\n|\n|t:|1698543412\n|switch|p1a: Zygarde|Zygarde|100\/100\n|-ability|p1a: Zygarde|Aura Break\n|-terastallize|p2b: Mine Mine|Steel\n|move|p2a: Thundurus|Wildbolt Storm|p1b: Arctozolt|[spread] p1b\n|-immune|p1a: Zygarde\n|-resisted|p1b: Arctozolt\n|-end|p1b: Arctozolt|Substitute\n|move|p1b: Arctozolt|Bolt Beak|p2b: Mine Mine\n|-damage|p2b: Mine Mine|25\/100\n|move|p2b: Mine Mine|Scald|p1b: Arctozolt\n|-damage|p1b: Arctozolt|0 fnt\n|faint|p1b: Arctozolt\n|\n|-weather|RainDance|[upkeep]\n|upkeep\n|inactive|Chad Tankers has 120 seconds left.\n|\n|t:|1698543443\n|switch|p1b: Zapdos|Zapdos-Galar|100\/100\n|turn|3\n|inactive|Chad Tankers has 120 seconds left.\n|\n|t:|1698543459\n|move|p1a: Zygarde|Protect|p1a: Zygarde\n|-singleturn|p1a: Zygarde|Protect\n|move|p2b: Mine Mine|Wide Guard|p2b: Mine Mine\n|-singleturn|p2b: Mine Mine|Wide Guard\n|move|p1b: Zapdos|U-turn|p2b: Mine Mine\n|-resisted|p2b: Mine Mine\n|-damage|p2b: Mine Mine|12\/100\n|\n|t:|1698543475\n|switch|p1b: Salamence|Salamence, F|100\/100|[from] U-turn\n|-ability|p1b: Salamence|Intimidate|boost\n|-unboost|p2a: Thundurus|atk|1\n|-unboost|p2b: Mine Mine|atk|1\n|move|p2a: Thundurus|Wildbolt Storm|p1b: Salamence|[spread] p1b\n|-activate|p1a: Zygarde|move: Protect\n|-damage|p1b: Salamence|36\/100\n|\n|-weather|RainDance|[upkeep]\n|upkeep\n|turn|4\n|inactive|Chad Tankers has 120 seconds left.\n|inactive|El Ryuk456 has 120 seconds left.\n|\n|t:|1698543531\n|detailschange|p1b: Salamence|Salamence-Mega, F\n|-mega|p1b: Salamence|Salamence|Salamencite\n|move|p2b: Mine Mine|Wide Guard|p2b: Mine Mine\n|-singleturn|p2b: Mine Mine|Wide Guard\n|move|p1b: Salamence|Double-Edge|p2a: Thundurus\n|-resisted|p2a: Thundurus\n|-damage|p2a: Thundurus|48\/100\n|-damage|p1b: Salamence|19\/100|[from] Recoil\n|move|p2a: Thundurus|Wildbolt Storm|p1b: Salamence|[spread] p1b\n|-immune|p1a: Zygarde\n|-damage|p1b: Salamence|0 fnt\n|faint|p1b: Salamence\n|move|p1a: Zygarde|Coil|p1a: Zygarde\n|-boost|p1a: Zygarde|atk|1\n|-boost|p1a: Zygarde|def|1\n|-boost|p1a: Zygarde|accuracy|1\n|\n|-weather|RainDance|[upkeep]\n|upkeep\n|\n|t:|1698543550\n|switch|p1b: Zapdos|Zapdos-Galar|100\/100\n|turn|5\n|inactive|El Ryuk456 has 120 seconds left.\n|\n|t:|1698543567\n|switch|p2a: Latias|Latias, F|100\/100\n|switch|p2b: Harbor|Blastoise, M|100\/100\n|move|p1b: Zapdos|U-turn|p2a: Latias\n|-supereffective|p2a: Latias\n|-damage|p2a: Latias|46\/100\n|\n|t:|1698543576\n|switch|p1b: Volcanion|Volcanion|100\/100|[from] U-turn\n|move|p1a: Zygarde|Coil|p1a: Zygarde\n|-boost|p1a: Zygarde|atk|1\n|-boost|p1a: Zygarde|def|1\n|-boost|p1a: Zygarde|accuracy|1\n|\n|-weather|RainDance|[upkeep]\n|upkeep\n|turn|6\n|\n|t:|1698543589\n|move|p1a: Zygarde|Protect|p1a: Zygarde\n|-singleturn|p1a: Zygarde|Protect\n|move|p2b: Harbor|Fake Out|p1a: Zygarde\n|-activate|p1a: Zygarde|move: Protect\n|move|p2a: Latias|Icy Wind|p1b: Volcanion|[spread] p1b\n|-activate|p1a: Zygarde|move: Protect\n|-resisted|p1b: Volcanion\n|-damage|p1b: Volcanion|99\/100\n|-unboost|p1b: Volcanion|spe|1\n|move|p1b: Volcanion|Steam Eruption|p2a: Latias\n|-resisted|p2a: Latias\n|-damage|p2a: Latias|12\/100\n|\n|-weather|RainDance|[upkeep]\n|upkeep\n|turn|7\n|\n|t:|1698543608\n|move|p2b: Harbor|Follow Me|p2b: Harbor\n|-singleturn|p2b: Harbor|move: Follow Me\n|move|p2a: Latias|Icy Wind|p1b: Volcanion|[spread] p1a,p1b\n|-supereffective|p1a: Zygarde\n|-resisted|p1b: Volcanion\n|-damage|p1a: Zygarde|57\/100\n|-damage|p1b: Volcanion|97\/100\n|-unboost|p1b: Volcanion|spe|1\n|move|p1a: Zygarde|Thousand Arrows|p2b: Harbor|[spread] p2a,p2b\n|-damage|p2a: Latias|0 fnt\n|-damage|p2b: Harbor|61\/100\n|faint|p2a: Latias\n|move|p1b: Volcanion|Steam Eruption|p2b: Harbor\n|-resisted|p2b: Harbor\n|-damage|p2b: Harbor|27\/100\n|\n|-weather|RainDance|[upkeep]\n|-heal|p2b: Harbor|33\/100|[from] ability: Rain Dish\n|-heal|p2b: Harbor|39\/100|[from] item: Leftovers\n|upkeep\n|\n|t:|1698543634\n|switch|p2a: Thundurus|Thundurus-Therian, M|48\/100\n|turn|8\n|j| ToxicBerry\n|\n|t:|1698543655\n|-terastallize|p1b: Volcanion|Ground\n|move|p1a: Zygarde|Extreme Speed|p2a: Thundurus\n|-damage|p2a: Thundurus|0 fnt\n|faint|p2a: Thundurus\n|move|p2b: Harbor|Follow Me|p2b: Harbor\n|-singleturn|p2b: Harbor|move: Follow Me\n|move|p1b: Volcanion|Steam Eruption|p2b: Harbor\n|-resisted|p2b: Harbor\n|-damage|p2b: Harbor|7\/100\n|\n|-weather|none\n|-heal|p2b: Harbor|13\/100|[from] item: Leftovers\n|upkeep\n|\n|t:|1698543664\n|switch|p2a: Meowscarada|Meowscarada, M|100\/100\n|turn|9\n|\n|t:|1698543685\n|switch|p2b: Mine Mine|Pelipper, M, tera:Steel|12\/100\n|-weather|RainDance|[from] ability: Drizzle|[of] p2b: Mine Mine\n|move|p1a: Zygarde|Extreme Speed|p2a: Meowscarada\n|-damage|p2a: Meowscarada|31\/100\n|move|p2a: Meowscarada|Flower Trick|p1a: Zygarde\n|-crit|p1a: Zygarde\n|-damage|p1a: Zygarde|1\/100\n|move|p1b: Volcanion|Heat Wave|p2b: Mine Mine|[spread] p2b\n|-miss|p1b: Volcanion|p2a: Meowscarada\n|-supereffective|p2b: Mine Mine\n|-damage|p2b: Mine Mine|0 fnt\n|faint|p2b: Mine Mine\n|\n|-weather|RainDance|[upkeep]\n|upkeep\n|\n|t:|1698543700\n|switch|p2b: Harbor|Blastoise, M|13\/100\n|turn|10\n|\n|t:|1698543718\n|move|p1a: Zygarde|Protect|p1a: Zygarde\n|-singleturn|p1a: Zygarde|Protect\n|move|p2b: Harbor|Fake Out|p1a: Zygarde\n|-activate|p1a: Zygarde|move: Protect\n|move|p2a: Meowscarada|Flower Trick|p1b: Volcanion\n|-supereffective|p1b: Volcanion\n|-crit|p1b: Volcanion\n|-damage|p1b: Volcanion|0 fnt\n|faint|p1b: Volcanion\n|\n|-weather|RainDance|[upkeep]\n|-heal|p2b: Harbor|20\/100|[from] ability: Rain Dish\n|-heal|p2b: Harbor|26\/100|[from] item: Leftovers\n|upkeep\n|\n|t:|1698543734\n|switch|p1b: Zapdos|Zapdos-Galar|100\/100\n|turn|11\n|\n|t:|1698543743\n|move|p1a: Zygarde|Extreme Speed|p2b: Harbor\n|-crit|p2b: Harbor\n|-damage|p2b: Harbor|0 fnt\n|faint|p2b: Harbor\n|move|p2a: Meowscarada|Sucker Punch||[still]\n|-fail|p2a: Meowscarada\n|move|p1b: Zapdos|U-turn|p2a: Meowscarada\n|-supereffective|p2a: Meowscarada\n|-damage|p2a: Meowscarada|0 fnt\n|faint|p2a: Meowscarada\n|-message|El Ryuk456 forfeited.\n|\n|win|Chad Tankers\n|raw|Chad Tankers's rating: 1433 &rarr; <strong>1450<\/strong><br \/>(+17 for winning)\n|raw|El Ryuk456's rating: 1385 &rarr; <strong>1368<\/strong><br \/>(-17 for losing)\n|l|\u2606El Ryuk456\n|l|\u2606Chad Tankers\n|j|\u2606Chad Tankers\n|player|p1|Chad Tankers|piers\n","uploadtime":1698543833,"views":10,"p1id":"chadtankers","p2id":"elryuk456","formatid":"gen9nationaldexdoubles","rating":1368,"private":0,"password":""}