{"id":"gen9nationaldexdoubles-1980984245","p1":"Octolockr","p2":"Zares08","format":"[Gen 9] National Dex Doubles","log":"|j|\u2606Octolockr\n|j|\u2606Zares08\n|t:|1698854423\n|gametype|doubles\n|player|p1|Octolockr|plasmagrunt-gen5bw|1066\n|player|p2|Zares08|hilbert-wonderlauncher|1239\n|teamsize|p1|6\n|teamsize|p2|6\n|gen|9\n|tier|[Gen 9] National Dex Doubles\n|rated|\n|rule|HP Percentage Mod: HP is shown in percentages\n|rule|Endless Battle Clause: Forcing endless battles is banned\n|rule|OHKO Clause: OHKO moves are banned\n|rule|Evasion Moves Clause: Evasion moves are banned\n|rule|Evasion Abilities Clause: Evasion abilities are banned\n|rule|Species Clause: Limit one of each Pok\u00e9mon\n|rule|Gravity Sleep Clause: The combination of sleep-inducing moves with imperfect accuracy and Gravity or Gigantamax Orbeetle are banned\n|clearpoke\n|poke|p1|Excadrill, F|\n|poke|p1|Togekiss, M|\n|poke|p1|Quaquaval, M|\n|poke|p1|Lopunny, F|\n|poke|p1|Ninetales-Alola, F|\n|poke|p1|Zangoose, F|\n|poke|p2|Ceruledge, M|\n|poke|p2|Sneasler, F|\n|poke|p2|Diancie|\n|poke|p2|Ambipom, F|\n|poke|p2|Cloyster, F|\n|poke|p2|Marshadow|\n|teampreview\n|\n|t:|1698854436\n|start\n|switch|p1a: Quaquaval|Quaquaval, M|100\/100\n|switch|p1b: Lopunny|Lopunny, F|100\/100\n|switch|p2a: Diancie|Diancie, shiny|100\/100\n|switch|p2b: Sneasler|Sneasler, F, shiny|100\/100\n|turn|1\n|\n|t:|1698854459\n|detailschange|p1b: Lopunny|Lopunny-Mega, F\n|-mega|p1b: Lopunny|Lopunny|Lopunnite\n|move|p1b: Lopunny|Fake Out|p2b: Sneasler\n|-crit|p2b: Sneasler\n|-damage|p2b: Sneasler|52\/100\n|cant|p2b: Sneasler|flinch\n|move|p1a: Quaquaval|Aqua Step|p2a: Diancie\n|-supereffective|p2a: Diancie\n|-damage|p2a: Diancie|22\/100\n|-boost|p1a: Quaquaval|spe|1\n|move|p2a: Diancie|Baton Pass|p2a: Diancie\n|inactive|Battle timer is ON: inactive players will automatically lose when time's up. (requested by Zares08)\n|\n|t:|1698854468\n|switch|p2a: Marshadow|Marshadow|100\/100|[from] Baton Pass\n|\n|upkeep\n|turn|2\n|\n|t:|1698854482\n|switch|p2b: Diancie|Diancie, shiny|22\/100\n|-terastallize|p2a: Marshadow|Fighting\n|move|p1b: Lopunny|Quick Attack|p2b: Diancie\n|-resisted|p2b: Diancie\n|-damage|p2b: Diancie|15\/100\n|move|p1a: Quaquaval|Aqua Step|p2a: Marshadow\n|-damage|p2a: Marshadow|40\/100\n|-boost|p1a: Quaquaval|spe|1\n|move|p2a: Marshadow|Spectral Thief||[still]\n|-clearpositiveboost|p1a: Quaquaval|p2a: Marshadow|move: Spectral Thief\n|-boost|p2a: Marshadow|spe|2\n|-anim|p2a: Marshadow|Spectral Thief|p1a: Quaquaval\n|-damage|p1a: Quaquaval|36\/100\n|\n|upkeep\n|turn|3\n|\n|t:|1698854507\n|switch|p1a: Zangoose|Zangoose, F|100\/100\n|detailschange|p2b: Diancie|Diancie-Mega, shiny\n|-mega|p2b: Diancie|Diancie|Diancite\n|move|p2b: Diancie|Ally Switch|p2b: Diancie\n|swap|p2b: Diancie|0|[from] move: Ally Switch\n|move|p2b: Marshadow|Force Palm|p1b: Lopunny\n|-supereffective|p1b: Lopunny\n|-damage|p1b: Lopunny|0 fnt\n|faint|p1b: Lopunny\n|\n|-status|p1a: Zangoose|tox|[from] item: Toxic Orb\n|upkeep\n|inactive|Octolockr has 120 seconds left.\n|\n|t:|1698854524\n|switch|p1b: Ninetales|Ninetales-Alola, F|100\/100\n|-weather|Snow|[from] ability: Snow Warning|[of] p1b: Ninetales\n|turn|4\n|\n|t:|1698854539\n|move|p1b: Ninetales|Protect|p1b: Ninetales\n|-singleturn|p1b: Ninetales|Protect\n|move|p2b: Marshadow|Force Palm|p1a: Zangoose\n|-supereffective|p1a: Zangoose\n|-damage|p1a: Zangoose|0 fnt\n|faint|p1a: Zangoose\n|move|p2a: Diancie|Diamond Storm|p1b: Ninetales\n|-activate|p1b: Ninetales|move: Protect\n|\n|-weather|Snow|[upkeep]\n|upkeep\n|\n|t:|1698854549\n|switch|p1a: Quaquaval|Quaquaval, M|36\/100\n|turn|5\n|\n|t:|1698854557\n|move|p1a: Quaquaval|Aqua Jet|p2b: Marshadow\n|-crit|p2b: Marshadow\n|-damage|p2b: Marshadow|0 fnt\n|faint|p2b: Marshadow\n|-ability|p1a: Quaquaval|Moxie|boost\n|-boost|p1a: Quaquaval|atk|1\n|move|p1b: Ninetales|Blizzard|p2a: Diancie\n|-damage|p2a: Diancie|0 fnt\n|faint|p2a: Diancie\n|\n|-weather|Snow|[upkeep]\n|upkeep\n|\n|t:|1698854565\n|switch|p2b: Ambipom|Ambipom, F, shiny|100\/100\n|switch|p2a: Sneasler|Sneasler, F, shiny|52\/100\n|turn|6\n|\n|t:|1698854584\n|move|p1b: Ninetales|Protect|p1b: Ninetales\n|-singleturn|p1b: Ninetales|Protect\n|move|p2b: Ambipom|Fake Out|p1b: Ninetales\n|-activate|p1b: Ninetales|move: Protect\n|move|p2a: Sneasler|Fake Out|p1a: Quaquaval\n|-enditem|p2a: Sneasler|Normal Gem|[from] gem\n|-damage|p1a: Quaquaval|13\/100\n|cant|p1a: Quaquaval|flinch\n|\n|-weather|Snow|[upkeep]\n|upkeep\n|turn|7\n|\n|t:|1698854600\n|move|p2a: Sneasler|Dire Claw|p1a: Quaquaval\n|-damage|p1a: Quaquaval|0 fnt\n|faint|p1a: Quaquaval\n|move|p1b: Ninetales|Blizzard|p2b: Ambipom|[spread] p2a,p2b\n|-damage|p2a: Sneasler|21\/100\n|-damage|p2b: Ambipom|59\/100\n|move|p2b: Ambipom|U-turn|p1b: Ninetales\n|-resisted|p1b: Ninetales\n|-damage|p1b: Ninetales|91\/100\n|\n|t:|1698854609\n|switch|p2b: Cloyster|Cloyster, F, shiny|100\/100|[from] U-turn\n|\n|-weather|Snow|[upkeep]\n|upkeep\n|\n|t:|1698854626\n|switch|p1a: Excadrill|Excadrill, F|100\/100\n|-ability|p1a: Excadrill|Mold Breaker\n|turn|8\n|\n|t:|1698854636\n|move|p2a: Sneasler|Brick Break|p1a: Excadrill\n|-supereffective|p1a: Excadrill\n|-damage|p1a: Excadrill|0 fnt\n|faint|p1a: Excadrill\n|move|p1b: Ninetales|Freeze-Dry|p2a: Sneasler\n|-damage|p2a: Sneasler|0 fnt\n|faint|p2a: Sneasler\n|move|p2b: Cloyster|Shell Smash|p2b: Cloyster\n|-unboost|p2b: Cloyster|def|1\n|-unboost|p2b: Cloyster|spd|1\n|-boost|p2b: Cloyster|atk|2\n|-boost|p2b: Cloyster|spa|2\n|-boost|p2b: Cloyster|spe|2\n|-enditem|p2b: Cloyster|White Herb\n|-clearnegativeboost|p2b: Cloyster|[silent]\n|\n|-weather|none\n|upkeep\n|\n|t:|1698854651\n|switch|p1a: Togekiss|Togekiss, M|100\/100\n|switch|p2a: Ambipom|Ambipom, F, shiny|59\/100\n|turn|9\n|\n|t:|1698854660\n|move|p2a: Ambipom|Fake Out|p1a: Togekiss\n|-enditem|p2a: Ambipom|Normal Gem|[from] gem\n|-damage|p1a: Togekiss|67\/100\n|move|p2b: Cloyster|Rock Blast|p1b: Ninetales\n|-supereffective|p1b: Ninetales\n|-damage|p1b: Ninetales|47\/100\n|-supereffective|p1b: Ninetales\n|-damage|p1b: Ninetales|7\/100\n|-supereffective|p1b: Ninetales\n|-damage|p1b: Ninetales|0 fnt\n|faint|p1b: Ninetales\n|-hitcount|p1: Ninetales|3\n|cant|p1a: Togekiss|flinch\n|\n|-heal|p1a: Togekiss|73\/100|[from] item: Leftovers\n|upkeep\n|turn|10\n|inactive|Octolockr has 120 seconds left.\n|\n|t:|1698854692\n|move|p2b: Cloyster|Icicle Spear|p1a: Togekiss\n|-supereffective|p1a: Togekiss\n|-damage|p1a: Togekiss|32\/100\n|-supereffective|p1a: Togekiss\n|-damage|p1a: Togekiss|0 fnt\n|faint|p1a: Togekiss\n|-hitcount|p1: Togekiss|2\n|\n|win|Zares08\n|raw|Octolockr's rating: 1066 &rarr; <strong>1055<\/strong><br \/>(-11 for losing)\n|raw|Zares08's rating: 1239 &rarr; <strong>1252<\/strong><br \/>(+13 for winning)\n|l|\u2606Octolockr\n|j|\u2606Octolockr\n|player|p1|Octolockr|plasmagrunt-gen5bw\n","uploadtime":1698854717,"views":6,"p1id":"octolockr","p2id":"zares08","formatid":"gen9nationaldexdoubles","rating":1055,"private":0,"password":""}