{"id":"gen9nationaldexdoubles-1994550134","p1":"Eliminathan","p2":"Dylanpika99","format":"[Gen 9] National Dex Doubles","log":"|j|\u2606Eliminathan\n|j|\u2606Dylanpika99\n|t:|1700458268\n|gametype|doubles\n|player|p1|Eliminathan|schoolkid-gen4|\n|player|p2|Dylanpika99|1|\n|teamsize|p1|6\n|teamsize|p2|6\n|gen|9\n|tier|[Gen 9] National Dex Doubles\n|rule|HP Percentage Mod: HP is shown in percentages\n|rule|Endless Battle Clause: Forcing endless battles is banned\n|rule|OHKO Clause: OHKO moves are banned\n|rule|Evasion Moves Clause: Evasion moves are banned\n|rule|Evasion Abilities Clause: Evasion abilities are banned\n|rule|Species Clause: Limit one of each Pok\u00e9mon\n|rule|Gravity Sleep Clause: The combination of sleep-inducing moves with imperfect accuracy and Gravity or Gigantamax Orbeetle are banned\n|clearpoke\n|poke|p1|Zygarde|\n|poke|p1|Zamazenta-*|\n|poke|p1|Jirachi|\n|poke|p1|Kangaskhan, F|\n|poke|p1|Glimmora, F|\n|poke|p1|Iron Hands|\n|poke|p2|Manectric, M|\n|poke|p2|Ogerpon-Wellspring, F|\n|poke|p2|Incineroar, M|\n|poke|p2|Sinistcha-Masterpiece|\n|poke|p2|Chien-Pao|\n|poke|p2|Zeraora|\n|teampreview\n|c|\u2606Dylanpika99|bldhf\n|c|\u2606Eliminathan|thats crazy\n|c|\u2606Eliminathan|same toyou\n|c|\u2606Dylanpika99|<3\n|\n|t:|1700458336\n|start\n|switch|p1a: pointy|Glimmora, F|100\/100\n|switch|p1b: Watch out|Iron Hands|100\/100\n|switch|p2a: Incineroar|Incineroar, M|100\/100\n|switch|p2b: Sinistcha|Sinistcha-Masterpiece|100\/100\n|-ability|p2a: Incineroar|Intimidate|boost\n|-unboost|p1a: pointy|atk|1\n|-unboost|p1b: Watch out|atk|1\n|turn|1\n|\n|t:|1700458367\n|move|p2a: Incineroar|Fake Out|p1b: Watch out\n|-crit|p1b: Watch out\n|-damage|p1b: Watch out|91\/100\n|cant|p1b: Watch out|flinch\n|move|p1a: pointy|Stealth Rock|p2a: Incineroar\n|-sidestart|p2: Dylanpika99|move: Stealth Rock\n|move|p2b: Sinistcha|Matcha Gotcha|p1b: Watch out|[spread] p1a,p1b\n|-damage|p1a: pointy|62\/100\n|-damage|p1b: Watch out|79\/100\n|-status|p1a: pointy|brn\n|-status|p1b: Watch out|brn\n|\n|-damage|p1a: pointy|56\/100 brn|[from] brn\n|-damage|p1b: Watch out|73\/100 brn|[from] brn\n|upkeep\n|turn|2\n|c|\u2606Dylanpika99|cool\n|\n|t:|1700458388\n|move|p1a: pointy|Earth Power|p2a: Incineroar\n|-supereffective|p2a: Incineroar\n|-damage|p2a: Incineroar|49\/100\n|move|p2a: Incineroar|Parting Shot|p1b: Watch out\n|-unboost|p1b: Watch out|atk|1\n|-unboost|p1b: Watch out|spa|1\n|\n|t:|1700458418\n|switch|p2a: Manectric|Manectric, M|100\/100|[from] Parting Shot\n|-damage|p2a: Manectric|88\/100|[from] Stealth Rock\n|move|p2b: Sinistcha|Matcha Gotcha|p1b: Watch out|[spread] p1a,p1b\n|-damage|p1a: pointy|23\/100 brn\n|-damage|p1b: Watch out|61\/100 brn\n|move|p1b: Watch out|Drain Punch|p2a: Manectric\n|-damage|p2a: Manectric|70\/100\n|-heal|p1b: Watch out|66\/100 brn|[from] drain|[of] p2a: Manectric\n|\n|-damage|p1a: pointy|17\/100 brn|[from] brn\n|-damage|p1b: Watch out|60\/100 brn|[from] brn\n|upkeep\n|turn|3\n|\n|t:|1700458437\n|-end|p1b: Watch out|Quark Drive|[silent]\n|switch|p1b: FIX THE PROBLEM!|Jirachi|100\/100\n|detailschange|p2a: Manectric|Manectric-Mega, M\n|-mega|p2a: Manectric|Manectric|Manectite\n|-ability|p2a: Manectric|Intimidate|boost\n|-unboost|p1a: pointy|atk|1\n|-unboost|p1b: FIX THE PROBLEM!|atk|1\n|move|p2a: Manectric|Volt Switch|p1a: pointy\n|-damage|p1a: pointy|0 fnt\n|faint|p1a: pointy\n|\n|t:|1700458452\n|switch|p2a: Incineroar|Incineroar, M|49\/100|[from] Volt Switch\n|-damage|p2a: Incineroar|24\/100|[from] Stealth Rock\n|-ability|p2a: Incineroar|Intimidate|boost\n|-unboost|p1b: FIX THE PROBLEM!|atk|1\n|-enditem|p2a: Incineroar|Aguav Berry|[eat]\n|-heal|p2a: Incineroar|57\/100|[from] item: Aguav Berry\n|move|p2b: Sinistcha|Matcha Gotcha|p1b: FIX THE PROBLEM!\n|-resisted|p1b: FIX THE PROBLEM!\n|-damage|p1b: FIX THE PROBLEM!|89\/100\n|\n|-heal|p1b: FIX THE PROBLEM!|95\/100|[from] item: Leftovers\n|upkeep\n|\n|t:|1700458486\n|switch|p1a: Ginkle|Zygarde|100\/100\n|-ability|p1a: Ginkle|Aura Break\n|turn|4\n|\n|t:|1700458505\n|-terastallize|p1a: Ginkle|Fire\n|move|p1a: Ginkle|Thousand Arrows|p2a: Incineroar|[spread] p2a,p2b\n|-supereffective|p2a: Incineroar\n|-resisted|p2b: Sinistcha\n|-damage|p2a: Incineroar|8\/100\n|-damage|p2b: Sinistcha|88\/100\n|move|p1b: FIX THE PROBLEM!|Thunder Wave|p2b: Sinistcha\n|-status|p2b: Sinistcha|par\n|move|p2a: Incineroar|Knock Off|p1b: FIX THE PROBLEM!\n|-supereffective|p1b: FIX THE PROBLEM!\n|-damage|p1b: FIX THE PROBLEM!|42\/100\n|-enditem|p1b: FIX THE PROBLEM!|Leftovers|[from] move: Knock Off|[of] p2a: Incineroar\n|move|p2b: Sinistcha|Matcha Gotcha|p1a: Ginkle|[spread] p1a,p1b\n|-resisted|p1a: Ginkle\n|-resisted|p1b: FIX THE PROBLEM!\n|-damage|p1a: Ginkle|88\/100\n|-heal|p2b: Sinistcha|95\/100 par|[from] drain|[of] p1a: Ginkle\n|-damage|p1b: FIX THE PROBLEM!|32\/100\n|-heal|p2b: Sinistcha|100\/100 par|[from] drain|[of] p1b: FIX THE PROBLEM!\n|\n|upkeep\n|turn|5\n|\n|t:|1700458544\n|switch|p1b: Watch out|Iron Hands|60\/100 brn\n|move|p1a: Ginkle|Thousand Arrows|p2a: Incineroar|[spread] p2a,p2b\n|-supereffective|p2a: Incineroar\n|-resisted|p2b: Sinistcha\n|-damage|p2a: Incineroar|0 fnt\n|-damage|p2b: Sinistcha|87\/100 par\n|faint|p2a: Incineroar\n|cant|p2b: Sinistcha|par\n|\n|-damage|p1b: Watch out|54\/100 brn|[from] brn\n|upkeep\n|\n|t:|1700458552\n|switch|p2a: Ogerpon|Ogerpon-Wellspring, F|100\/100\n|-damage|p2a: Ogerpon|88\/100|[from] Stealth Rock\n|turn|6\n|\n|t:|1700458573\n|move|p2a: Ogerpon|Spiky Shield|p2a: Ogerpon\n|-singleturn|p2a: Ogerpon|move: Protect\n|move|p1b: Watch out|Fake Out|p2a: Ogerpon\n|-activate|p2a: Ogerpon|move: Protect\n|-damage|p1b: Watch out|41\/100 brn|[from] Spiky Shield|[of] p2a: Ogerpon\n|move|p1a: Ginkle|Dragon Dance|p1a: Ginkle\n|-boost|p1a: Ginkle|atk|1\n|-boost|p1a: Ginkle|spe|1\n|cant|p2b: Sinistcha|par\n|\n|-damage|p1b: Watch out|35\/100 brn|[from] brn\n|upkeep\n|turn|7\n|\n|t:|1700458617\n|-end|p1b: Watch out|Quark Drive|[silent]\n|switch|p1b: momma|Kangaskhan, F|100\/100\n|move|p1a: Ginkle|Protect|p1a: Ginkle\n|-singleturn|p1a: Ginkle|Protect\n|move|p2a: Ogerpon|Ivy Cudgel|p1a: Ginkle|[anim] Ivy Cudgel Water\n|-activate|p1a: Ginkle|move: Protect\n|cant|p2b: Sinistcha|par\n|\n|upkeep\n|turn|8\n|\n|t:|1700458633\n|detailschange|p1b: momma|Kangaskhan-Mega, F\n|-mega|p1b: momma|Kangaskhan|Kangaskhanite\n|move|p2a: Ogerpon|Spiky Shield|p2a: Ogerpon\n|-singleturn|p2a: Ogerpon|move: Protect\n|move|p1b: momma|Fake Out|p2a: Ogerpon\n|-activate|p2a: Ogerpon|move: Protect\n|-damage|p1b: momma|88\/100|[from] Spiky Shield|[of] p2a: Ogerpon\n|move|p1a: Ginkle|Dragon Dance|p1a: Ginkle\n|-boost|p1a: Ginkle|atk|1\n|-boost|p1a: Ginkle|spe|1\n|move|p2b: Sinistcha|Matcha Gotcha|p1b: momma|[spread] p1a,p1b\n|-resisted|p1a: Ginkle\n|-damage|p1a: Ginkle|74\/100\n|-heal|p2b: Sinistcha|94\/100 par|[from] drain|[of] p1a: Ginkle\n|-damage|p1b: momma|65\/100\n|-heal|p2b: Sinistcha|100\/100 par|[from] drain|[of] p1b: momma\n|\n|upkeep\n|turn|9\n|\n|t:|1700458648\n|-terastallize|p2a: Ogerpon|Water\n|detailschange|p2a: Ogerpon|Ogerpon-Wellspring-Tera, F, tera:Water\n|-ability|p2a: Ogerpon|Embody Aspect (Wellspring)|boost\n|-boost|p2a: Ogerpon|spd|1\n|move|p2b: Sinistcha|Rage Powder|p2b: Sinistcha\n|-singleturn|p2b: Sinistcha|move: Rage Powder\n|move|p1b: momma|Sucker Punch||[still]\n|-fail|p1b: momma\n|move|p1a: Ginkle|Thousand Arrows|p2b: Sinistcha|[spread] p2a,p2b\n|-resisted|p2b: Sinistcha\n|-crit|p2b: Sinistcha\n|-damage|p2a: Ogerpon|2\/100\n|-damage|p2b: Sinistcha|62\/100 par\n|move|p2a: Ogerpon|Ivy Cudgel|p1a: Ginkle|[anim] Ivy Cudgel Water\n|-supereffective|p1a: Ginkle\n|-damage|p1a: Ginkle|0 fnt\n|faint|p1a: Ginkle\n|\n|upkeep\n|\n|t:|1700458663\n|switch|p1a: Spanky|Zamazenta|100\/100\n|-ability|p1a: Spanky|Dauntless Shield|boost\n|-boost|p1a: Spanky|def|1\n|turn|10\n|\n|t:|1700458684\n|move|p2b: Sinistcha|Rage Powder|p2b: Sinistcha\n|-singleturn|p2b: Sinistcha|move: Rage Powder\n|move|p1b: momma|Sucker Punch||[still]\n|-fail|p1b: momma\n|move|p1a: Spanky|Snarl|p2b: Sinistcha|[spread] p2a,p2b\n|-supereffective|p2b: Sinistcha\n|-crit|p2b: Sinistcha\n|-damage|p2a: Ogerpon|0 fnt\n|-damage|p2b: Sinistcha|37\/100 par\n|-unboost|p2b: Sinistcha|spa|1\n|faint|p2a: Ogerpon\n|\n|upkeep\n|\n|t:|1700458709\n|switch|p2a: Zeraora|Zeraora|100\/100\n|-damage|p2a: Zeraora|88\/100|[from] Stealth Rock\n|turn|11\n|\n|t:|1700458728\n|switch|p2b: Chien-Pao|Chien-Pao|100\/100\n|-damage|p2b: Chien-Pao|76\/100|[from] Stealth Rock\n|-ability|p2b: Chien-Pao|Sword of Ruin\n|move|p1b: momma|Sucker Punch|p2a: Zeraora\n|-damage|p2a: Zeraora|53\/100\n|-damage|p2a: Zeraora|44\/100\n|-hitcount|p2a: Zeraora|2\n|move|p2a: Zeraora|Plasma Fists|p1b: momma\n|-damage|p1b: momma|0 fnt\n|-fieldactivate|move: Ion Deluge\n|-hint|Normal-type moves become Electric-type after using Plasma Fists.\n|faint|p1b: momma\n|-damage|p2a: Zeraora|34\/100|[from] item: Life Orb\n|move|p1a: Spanky|Body Press|p2a: Zeraora\n|-damage|p2a: Zeraora|0 fnt\n|faint|p2a: Zeraora\n|\n|upkeep\n|\n|t:|1700458748\n|switch|p2a: Manectric|Manectric-Mega, M|70\/100\n|switch|p1b: Watch out|Iron Hands|35\/100 brn\n|-damage|p2a: Manectric|57\/100|[from] Stealth Rock\n|-ability|p2a: Manectric|Intimidate|boost\n|-unboost|p1a: Spanky|atk|1\n|-unboost|p1b: Watch out|atk|1\n|turn|12\n|\n|t:|1700458768\n|move|p2b: Chien-Pao|Protect|p2b: Chien-Pao\n|-singleturn|p2b: Chien-Pao|Protect\n|move|p2a: Manectric|Protect|p2a: Manectric\n|-singleturn|p2a: Manectric|Protect\n|move|p1b: Watch out|Fake Out|p2b: Chien-Pao\n|-activate|p2b: Chien-Pao|move: Protect\n|move|p1a: Spanky|Snarl|p2a: Manectric|[spread] \n|-activate|p2a: Manectric|move: Protect\n|-activate|p2b: Chien-Pao|move: Protect\n|\n|-damage|p1b: Watch out|29\/100 brn|[from] brn\n|upkeep\n|turn|13\n|\n|t:|1700458796\n|switch|p2b: Sinistcha|Sinistcha-Masterpiece|37\/100 par\n|-damage|p2b: Sinistcha|25\/100 par|[from] Stealth Rock\n|-heal|p2a: Manectric|82\/100|[from] ability: Hospitality|[of] p2b: Sinistcha\n|move|p1a: Spanky|Body Press|p2b: Sinistcha\n|-immune|p2b: Sinistcha\n|move|p2a: Manectric|Thunderbolt|p1a: Spanky\n|-damage|p1a: Spanky|61\/100\n|move|p1b: Watch out|Drain Punch|p2a: Manectric\n|-damage|p2a: Manectric|64\/100\n|-heal|p1b: Watch out|34\/100 brn|[from] drain|[of] p2a: Manectric\n|\n|-damage|p1b: Watch out|28\/100 brn|[from] brn\n|upkeep\n|turn|14\n|\n|t:|1700458814\n|cant|p2b: Sinistcha|par\n|move|p1a: Spanky|Snarl|p2b: Sinistcha|[spread] p2a,p2b\n|-supereffective|p2b: Sinistcha\n|-damage|p2a: Manectric|53\/100\n|-damage|p2b: Sinistcha|11\/100 par\n|-unboost|p2a: Manectric|spa|1\n|-unboost|p2b: Sinistcha|spa|1\n|move|p2a: Manectric|Thunderbolt|p1a: Spanky\n|-damage|p1a: Spanky|38\/100\n|-enditem|p1a: Spanky|Sitrus Berry|[eat]\n|-heal|p1a: Spanky|63\/100|[from] item: Sitrus Berry\n|move|p1b: Watch out|Drain Punch|p2a: Manectric\n|-damage|p2a: Manectric|34\/100\n|-heal|p1b: Watch out|34\/100 brn|[from] drain|[of] p2a: Manectric\n|\n|-damage|p1b: Watch out|28\/100 brn|[from] brn\n|upkeep\n|turn|15\n|\n|t:|1700458829\n|move|p1a: Spanky|Snarl|p2a: Manectric|[spread] p2a,p2b\n|-supereffective|p2b: Sinistcha\n|-damage|p2a: Manectric|24\/100\n|-damage|p2b: Sinistcha|0 fnt\n|-unboost|p2a: Manectric|spa|1\n|faint|p2b: Sinistcha\n|move|p2a: Manectric|Volt Switch|p1a: Spanky\n|-damage|p1a: Spanky|47\/100\n|\n|t:|1700458836\n|switch|p2a: Chien-Pao|Chien-Pao|76\/100|[from] Volt Switch\n|-damage|p2a: Chien-Pao|51\/100|[from] Stealth Rock\n|-ability|p2a: Chien-Pao|Sword of Ruin\n|move|p1b: Watch out|Drain Punch|p2a: Chien-Pao\n|-supereffective|p2a: Chien-Pao\n|-damage|p2a: Chien-Pao|0 fnt\n|-heal|p1b: Watch out|43\/100 brn|[from] drain|[of] p2a: Chien-Pao\n|faint|p2a: Chien-Pao\n|\n|-damage|p1b: Watch out|37\/100 brn|[from] brn\n|upkeep\n|\n|t:|1700458839\n|switch|p2b: Manectric|Manectric-Mega, M|24\/100\n|-damage|p2b: Manectric|11\/100|[from] Stealth Rock\n|-ability|p2b: Manectric|Intimidate|boost\n|-unboost|p1a: Spanky|atk|1\n|-unboost|p1b: Watch out|atk|1\n|turn|16\n|\n|t:|1700458848\n|move|p1a: Spanky|Body Press|p2b: Manectric\n|-damage|p2b: Manectric|0 fnt\n|faint|p2b: Manectric\n|\n|win|Eliminathan\n|c|\u2606Eliminathan|gg\n|c|\u2606Dylanpika99|gg\n","uploadtime":1700458854,"views":7,"p1id":"eliminathan","p2id":"dylanpika99","formatid":"gen9nationaldexdoubles","rating":0,"private":0,"password":""}