{"id":"gen9nationaldexdoubles-1959069957","p1":"f1r35t0rm_96","p2":"Milklv","format":"[Gen 9] National Dex Doubles","log":"|j|\u2606f1r35t0rm_96\n|j|\u2606Milklv\n|t:|1696383571\n|gametype|doubles\n|player|p1|f1r35t0rm_96|morty-masters|\n|player|p2|Milklv|veteran|\n|teamsize|p1|6\n|teamsize|p2|6\n|gen|9\n|tier|[Gen 9] National Dex Doubles\n|rule|HP Percentage Mod: HP is shown in percentages\n|rule|Endless Battle Clause: Forcing endless battles is banned\n|rule|OHKO Clause: OHKO moves are banned\n|rule|Evasion Moves Clause: Evasion moves are banned\n|rule|Evasion Abilities Clause: Evasion abilities are banned\n|rule|Species Clause: Limit one of each Pok\u00e9mon\n|rule|Gravity Sleep Clause: The combination of sleep-inducing moves with imperfect accuracy and Gravity or Gigantamax Orbeetle are banned\n|clearpoke\n|poke|p1|Raichu-Alola, F|\n|poke|p1|Pincurchin, M|\n|poke|p1|Iron Hands|\n|poke|p1|Iron Leaves|\n|poke|p1|Sneasler, M|\n|poke|p1|Thundurus, M|\n|poke|p2|Ursaluna-Bloodmoon, M|\n|poke|p2|Indeedee-F, F|\n|poke|p2|Iron Hands|\n|poke|p2|Armarouge, F|\n|poke|p2|Sinistcha-Masterpiece|\n|poke|p2|Mawile, M|\n|teampreview\n|inactive|Battle timer is ON: inactive players will automatically lose when time's up. (requested by Milklv)\n|\n|t:|1696383592\n|start\n|switch|p1a: Thundurus|Thundurus, M|100\/100\n|switch|p1b: Iron Hands|Iron Hands|100\/100\n|switch|p2a: Sinistcha|Sinistcha-Masterpiece|100\/100\n|switch|p2b: Iron Hands|Iron Hands|100\/100\n|-enditem|p1b: Iron Hands|Booster Energy\n|-activate|p1b: Iron Hands|ability: Quark Drive|[fromitem]\n|-start|p1b: Iron Hands|quarkdrivedef\n|-enditem|p2b: Iron Hands|Booster Energy\n|-activate|p2b: Iron Hands|ability: Quark Drive|[fromitem]\n|-start|p2b: Iron Hands|quarkdriveatk\n|turn|1\n|\n|t:|1696383604\n|move|p2b: Iron Hands|Fake Out|p1a: Thundurus\n|-damage|p1a: Thundurus|74\/100\n|cant|p1a: Thundurus|flinch\n|move|p1b: Iron Hands|Swords Dance|p1b: Iron Hands\n|-boost|p1b: Iron Hands|atk|2\n|move|p2a: Sinistcha|Trick Room|p2a: Sinistcha\n|-fieldstart|move: Trick Room|[of] p2a: Sinistcha\n|\n|upkeep\n|turn|2\n|inactive|f1r35t0rm_96 has 270 seconds left.\n|\n|t:|1696383642\n|switch|p1a: Pincurchin|Pincurchin, M|100\/100\n|-fieldstart|move: Electric Terrain|[from] ability: Electric Surge|[of] p1a: Pincurchin\n|move|p1b: Iron Hands|Drain Punch|p2b: Iron Hands\n|-damage|p2b: Iron Hands|58\/100\n|move|p2b: Iron Hands|Rock Slide|p1a: Pincurchin|[spread] p1a,p1b\n|-crit|p1a: Pincurchin\n|-resisted|p1b: Iron Hands\n|-damage|p1a: Pincurchin|62\/100\n|-damage|p1b: Iron Hands|95\/100\n|move|p2a: Sinistcha|Matcha Gotcha|p1a: Pincurchin|[spread] p1a,p1b\n|-damage|p1a: Pincurchin|34\/100\n|-damage|p1b: Iron Hands|73\/100\n|\n|-heal|p1a: Pincurchin|40\/100|[from] item: Leftovers\n|upkeep\n|turn|3\n|\n|t:|1696383665\n|move|p1a: Pincurchin|Thunder Wave|p2a: Sinistcha\n|-status|p2a: Sinistcha|par\n|move|p2a: Sinistcha|Matcha Gotcha|p1a: Pincurchin|[spread] p1a,p1b\n|-damage|p1a: Pincurchin|10\/100\n|-damage|p1b: Iron Hands|50\/100\n|-status|p1b: Iron Hands|brn\n|move|p1b: Iron Hands|Drain Punch|p2b: Iron Hands\n|-damage|p2b: Iron Hands|36\/100\n|-heal|p1b: Iron Hands|61\/100 brn|[from] drain|[of] p2b: Iron Hands\n|move|p2b: Iron Hands|Close Combat|p1b: Iron Hands\n|-damage|p1b: Iron Hands|24\/100 brn\n|-unboost|p2b: Iron Hands|def|1\n|-unboost|p2b: Iron Hands|spd|1\n|\n|-heal|p1a: Pincurchin|16\/100|[from] item: Leftovers\n|-damage|p1b: Iron Hands|18\/100 brn|[from] brn\n|upkeep\n|turn|4\n|c|\u2606Milklv|So that was not good\n|inactive|Milklv has 270 seconds left.\n|c|\u2606f1r35t0rm_96|no\n|\n|t:|1696383700\n|move|p1a: Pincurchin|Rising Voltage|p2b: Iron Hands\n|-hint|Rising Voltage's BP doubled on grounded target.\n|-resisted|p2b: Iron Hands\n|-crit|p2b: Iron Hands\n|-damage|p2b: Iron Hands|0 fnt\n|faint|p2b: Iron Hands\n|-end|p2b: Iron Hands|Quark Drive|[silent]\n|cant|p2a: Sinistcha|par\n|move|p1b: Iron Hands|Earthquake|p2a: Sinistcha|[spread] p1a,p2a\n|-supereffective|p1a: Pincurchin\n|-resisted|p2a: Sinistcha\n|-damage|p1a: Pincurchin|0 fnt\n|-damage|p2a: Sinistcha|93\/100 par\n|faint|p1a: Pincurchin\n|\n|-damage|p1b: Iron Hands|11\/100 brn|[from] brn\n|upkeep\n|\n|t:|1696383710\n|switch|p1a: Sneasler|Sneasler, M|100\/100\n|switch|p2b: Indeedee|Indeedee-F, F|100\/100\n|-fieldstart|move: Psychic Terrain|[from] ability: Psychic Surge|[of] p2b: Indeedee\n|turn|5\n|inactive|f1r35t0rm_96 has 270 seconds left.\n|c|\u2606Milklv|You basically help me in trick room\n|inactive|f1r35t0rm_96 has 240 seconds left.\n|\n|t:|1696383790\n|-end|p1b: Iron Hands|Quark Drive|[silent]\n|switch|p1b: Thundurus|Thundurus, M|74\/100\n|move|p1a: Sneasler|Protect|p1a: Sneasler\n|-singleturn|p1a: Sneasler|Protect\n|cant|p2a: Sinistcha|par\n|move|p2b: Indeedee|Psychic|p1a: Sneasler\n|-activate|p1a: Sneasler|move: Protect\n|\n|-fieldend|move: Trick Room\n|upkeep\n|turn|6\n|inactive|f1r35t0rm_96 has 240 seconds left.\n|\n|t:|1696383813\n|-terastallize|p1a: Sneasler|Flying\n|move|p2b: Indeedee|Follow Me|p2b: Indeedee\n|-singleturn|p2b: Indeedee|move: Follow Me\n|move|p1b: Thundurus|Electric Terrain|p1b: Thundurus\n|-fieldstart|move: Electric Terrain\n|-enditem|p1a: Sneasler|Electric Seed\n|-boost|p1a: Sneasler|def|1|[from] item: Electric Seed\n|move|p1a: Sneasler|Dire Claw|p2b: Indeedee\n|-damage|p2b: Indeedee|55\/100\n|cant|p2a: Sinistcha|par\n|\n|upkeep\n|turn|7\n|\n|t:|1696383827\n|move|p2b: Indeedee|Follow Me|p2b: Indeedee\n|-singleturn|p2b: Indeedee|move: Follow Me\n|move|p1b: Thundurus|Taunt|p2b: Indeedee\n|-start|p2b: Indeedee|move: Taunt\n|move|p1a: Sneasler|Acrobatics|p2b: Indeedee\n|-damage|p2b: Indeedee|0 fnt\n|faint|p2b: Indeedee\n|move|p2a: Sinistcha|Trick Room|p2a: Sinistcha\n|-fieldstart|move: Trick Room|[of] p2a: Sinistcha\n|\n|upkeep\n|\n|t:|1696383847\n|switch|p2b: Ursaluna|Ursaluna-Bloodmoon, M|100\/100\n|turn|8\n|inactive|f1r35t0rm_96 has 270 seconds left.\n|\n|t:|1696383860\n|move|p1b: Thundurus|Thunder Wave|p1a: Sneasler\n|-status|p1a: Sneasler|par\n|move|p2a: Sinistcha|Matcha Gotcha|p1a: Sneasler|[spread] p1a,p1b\n|-resisted|p1a: Sneasler\n|-resisted|p1b: Thundurus\n|-damage|p1a: Sneasler|85\/100 par\n|-heal|p2a: Sinistcha|100\/100 par|[from] drain|[of] p1a: Sneasler\n|-damage|p1b: Thundurus|63\/100\n|move|p2b: Ursaluna|Blood Moon|p1a: Sneasler\n|-damage|p1a: Sneasler|0 fnt\n|faint|p1a: Sneasler\n|\n|upkeep\n|inactive|f1r35t0rm_96 has 270 seconds left.\n|\n|t:|1696383873\n|switch|p1a: Raichu|Raichu-Alola, F|100\/100\n|turn|9\n|\n|t:|1696383888\n|move|p1a: Raichu|Fake Out|p2b: Ursaluna\n|-damage|p2b: Ursaluna|95\/100\n|cant|p2a: Sinistcha|par\n|cant|p2b: Ursaluna|flinch\n|move|p1b: Thundurus|U-turn|p2a: Sinistcha\n|-damage|p2a: Sinistcha|87\/100 par\n|\n|t:|1696383891\n|switch|p1b: Iron Hands|Iron Hands|11\/100 brn|[from] U-turn\n|-activate|p1b: Iron Hands|ability: Quark Drive\n|-start|p1b: Iron Hands|quarkdrivedef\n|\n|-damage|p1b: Iron Hands|5\/100 brn|[from] brn\n|upkeep\n|turn|10\n|\n|t:|1696383900\n|-terastallize|p2b: Ursaluna|Ground\n|move|p2a: Sinistcha|Matcha Gotcha|p1b: Iron Hands|[spread] p1a,p1b\n|-crit|p1a: Raichu\n|-damage|p1a: Raichu|44\/100\n|-heal|p2a: Sinistcha|100\/100 par|[from] drain|[of] p1a: Raichu\n|-damage|p1b: Iron Hands|0 fnt\n|faint|p1b: Iron Hands\n|-end|p1b: Iron Hands|Quark Drive|[silent]\n|move|p2b: Ursaluna|Earth Power|p1a: Raichu\n|-supereffective|p1a: Raichu\n|-crit|p1a: Raichu\n|-damage|p1a: Raichu|0 fnt\n|faint|p1a: Raichu\n|\n|upkeep\n|\n|t:|1696383905\n|switch|p1b: Future Virizion|Iron Leaves|100\/100\n|switch|p1a: Thundurus|Thundurus, M|63\/100\n|-activate|p1b: Future Virizion|ability: Quark Drive\n|-start|p1b: Future Virizion|quarkdrivespe\n|turn|11\n|\n|t:|1696383921\n|cant|p2a: Sinistcha|par\n|move|p2b: Ursaluna|Hyper Voice|p1a: Thundurus|[spread] p1a,p1b\n|-damage|p1a: Thundurus|28\/100\n|-damage|p1b: Future Virizion|61\/100\n|move|p1a: Thundurus|U-turn|p2a: Sinistcha\n|-damage|p2a: Sinistcha|88\/100 par\n|move|p1b: Future Virizion|Psyblade|p2b: Ursaluna\n|-damage|p2b: Ursaluna|36\/100\n|\n|-fieldend|move: Trick Room\n|upkeep\n|turn|12\n|c|\u2606f1r35t0rm_96|that sitcha is good support\n|\n|t:|1696383944\n|switch|p2b: Armarouge|Armarouge, F|100\/100\n|move|p1a: Thundurus|Taunt|p2a: Sinistcha\n|-start|p2a: Sinistcha|move: Taunt\n|move|p1b: Future Virizion|Psyblade|p2b: Armarouge\n|-resisted|p2b: Armarouge\n|-damage|p2b: Armarouge|64\/100\n|move|p2a: Sinistcha|Shadow Ball|p1b: Future Virizion\n|-supereffective|p1b: Future Virizion\n|-damage|p1b: Future Virizion|5\/100\n|\n|upkeep\n|turn|13\n|c|\u2606f1r35t0rm_96|i lost T_T\n|c|\u2606f1r35t0rm_96|hate trick room\n|c|\u2606f1r35t0rm_96|GG man\n|c|\u2606Milklv|Lol\n|c|\u2606f1r35t0rm_96|my team is base speed\n|inactive|Milklv has 270 seconds left.\n|c|\u2606f1r35t0rm_96|but pretty good\n|c|\u2606Milklv|Most not even a negative speed nature on my team\n|inactive|Milklv has 240 seconds left.\n|\n|t:|1696384012\n|move|p1b: Future Virizion|Psyblade|p2a: Sinistcha\n|-damage|p2a: Sinistcha|26\/100 par\n|-enditem|p2a: Sinistcha|Sitrus Berry|[eat]\n|-heal|p2a: Sinistcha|50\/100 par|[from] item: Sitrus Berry\n|move|p1a: Thundurus|U-turn|p2a: Sinistcha\n|-damage|p2a: Sinistcha|39\/100 par\n|move|p2b: Armarouge|Armor Cannon|p1a: Thundurus\n|-damage|p1a: Thundurus|0 fnt\n|-unboost|p2b: Armarouge|def|1\n|-unboost|p2b: Armarouge|spd|1\n|faint|p1a: Thundurus\n|cant|p2a: Sinistcha|par\n|\n|-fieldend|move: Electric Terrain\n|-end|p1b: Future Virizion|Quark Drive\n|upkeep\n|turn|14\n|\n|t:|1696384040\n|move|p1b: Future Virizion|Psyblade|p2a: Sinistcha\n|-damage|p2a: Sinistcha|0 fnt\n|faint|p2a: Sinistcha\n|move|p2b: Armarouge|Armor Cannon|p1b: Future Virizion\n|-supereffective|p1b: Future Virizion\n|-damage|p1b: Future Virizion|0 fnt\n|-unboost|p2b: Armarouge|def|1\n|-unboost|p2b: Armarouge|spd|1\n|faint|p1b: Future Virizion\n|-end|p1b: Future Virizion|Quark Drive|[silent]\n|\n|win|Milklv\n|c|\u2606f1r35t0rm_96|f\n|c|\u2606f1r35t0rm_96|rip my team\n|c|\u2606f1r35t0rm_96|hate that thing\n|c|\u2606f1r35t0rm_96|that burn cost me\n|c|\u2606f1r35t0rm_96|now i know is a threat\n|c|\u2606f1r35t0rm_96|in double\n|c|\u2606Milklv|It a great support Mon\n|c|\u2606f1r35t0rm_96|i can see that\n|c|\u2606f1r35t0rm_96|and deadly\n|c|\u2606f1r35t0rm_96|all my combo was fk up just for that mon\n|c|\u2606f1r35t0rm_96|btw what you think about my team\n|c|\u2606Milklv|!showset 5\n|c| Milklv|\/raw <div class=\"infobox\">Sinistcha (Sinistcha-Masterpiece) @ Sitrus Berry  <br \/>Ability: Hospitality  <br \/>Tera Type: Grass  <br \/>EVs: 252 HP &#x2f; 252 Def &#x2f; 4 SpA  <br \/>Bold Nature  <br \/>IVs: 0 Atk  <br \/>- Matcha Gotcha  <br \/>- Shadow Ball  <br \/>- Trick Room  <br \/>- Strength Sap  <br \/><br \/><\/div>\n|c|\u2606f1r35t0rm_96|!showteam\n|c| f1r35t0rm_96|\/raw <div class=\"infobox\"><details><summary>View team<\/summary>Raichu (Raichu-Alola) @ Focus Sash  <br \/>Ability: Surge Surfer  <br \/>Tera Type: Ice  <br \/>EVs: 252 SpA &#x2f; 4 SpD &#x2f; 252 Spe  <br \/>Timid Nature  <br \/>- Rising Voltage  <br \/>- Fake Out  <br \/>- Psyshock  <br \/>- Tera Blast  <br \/><br \/>Pincurchin @ Leftovers  <br \/>Ability: Electric Surge  <br \/>Tera Type: Electric  <br \/>EVs: 252 HP &#x2f; 208 Def &#x2f; 4 SpA &#x2f; 44 SpD  <br \/>Relaxed Nature  <br \/>IVs: 0 Atk  <br \/>- Scald  <br \/>- Thunder Wave  <br \/>- Rising Voltage  <br \/>- Protect  <br \/><br \/>Iron Hands @ Booster Energy  <br \/>Ability: Quark Drive  <br \/>Tera Type: Fighting  <br \/>EVs: 248 HP &#x2f; 40 Atk &#x2f; 184 Def &#x2f; 36 SpD  <br \/>Impish Nature  <br \/>- Swords Dance  <br \/>- Drain Punch  <br \/>- Earthquake  <br \/>- Thunder Punch  <br \/><br \/>Future Virizion (Iron Leaves) @ Choice Band  <br \/>Ability: Quark Drive  <br \/>Tera Type: Fighting  <br \/>EVs: 104 HP &#x2f; 156 Atk &#x2f; 248 Spe  <br \/>Jolly Nature  <br \/>- Psyblade  <br \/>- Close Combat  <br \/>- Wild Charge  <br \/>- Leaf Blade  <br \/><br \/>Sneasler @ Electric Seed  <br \/>Ability: Unburden  <br \/>Tera Type: Flying  <br \/>EVs: 144 HP &#x2f; 252 Atk &#x2f; 4 SpD &#x2f; 108 Spe  <br \/>Adamant Nature  <br \/>- Acrobatics  <br \/>- Dire Claw  <br \/>- Close Combat  <br \/>- Protect  <br \/><br \/>Thundurus (M) @ Terrain Extender  <br \/>Ability: Prankster  <br \/>Tera Type: Electric  <br \/>EVs: 252 HP &#x2f; 44 Def &#x2f; 212 SpD  <br \/>Careful Nature  <br \/>- Electric Terrain  <br \/>- Taunt  <br \/>- Thunder Wave  <br \/>- U-turn  <br \/><br \/><\/details><\/div>\n|c|\u2606Milklv|Rematch?\n|c|\u2606f1r35t0rm_96|i para my pokemon to outspeed it but no use\n|c|\u2606f1r35t0rm_96|cant\n|c|\u2606f1r35t0rm_96|only can watch\n|c|\u2606f1r35t0rm_96|g2g soon\n|c|\u2606f1r35t0rm_96|tomorrow got all day again\n|c|\u2606Milklv|Ok\n|l|\u2606f1r35t0rm_96\n|c|\u2606Milklv|I probably going to post this on discord so Umbreoing can watch\n","uploadtime":1696384285,"views":7,"p1id":"f1r35t0rm96","p2id":"milklv","formatid":"gen9nationaldexdoubles","rating":0,"private":0,"password":""}