{"id":"gen9nationaldexdoubles-2000027883","p1":"game18","p2":"ToxicLily4","format":"[Gen 9] National Dex Doubles","log":"|j|\u2606game18\n|j|\u2606ToxicLily4\n|t:|1701143048\n|gametype|doubles\n|player|p1|game18|ghetsis|1278\n|player|p2|ToxicLily4|lady-gen4|1359\n|teamsize|p1|6\n|teamsize|p2|6\n|gen|9\n|tier|[Gen 9] National Dex Doubles\n|rated|\n|rule|HP Percentage Mod: HP is shown in percentages\n|rule|Endless Battle Clause: Forcing endless battles is banned\n|rule|OHKO Clause: OHKO moves are banned\n|rule|Evasion Moves Clause: Evasion moves are banned\n|rule|Evasion Abilities Clause: Evasion abilities are banned\n|rule|Species Clause: Limit one of each Pok\u00e9mon\n|rule|Gravity Sleep Clause: The combination of sleep-inducing moves with imperfect accuracy and Gravity or Gigantamax Orbeetle are banned\n|clearpoke\n|poke|p1|Flutter Mane|\n|poke|p1|Chien-Pao|\n|poke|p1|Tornadus, M|\n|poke|p1|Rillaboom, M|\n|poke|p1|Salamence, M|\n|poke|p1|Ogerpon-Hearthflame, F|\n|poke|p2|Chien-Pao|\n|poke|p2|Tauros-Paldea-Blaze, M|\n|poke|p2|Scizor, M|\n|poke|p2|Ribombee, F|\n|poke|p2|Ogerpon-Wellspring, F|\n|poke|p2|Murkrow, F|\n|teampreview\n|c|\u2606ToxicLily4|Glhf\n|inactive|Battle timer is ON: inactive players will automatically lose when time's up. (requested by ToxicLily4)\n|\n|t:|1701143061\n|start\n|switch|p1a: Tornadus|Tornadus, M|100\/100\n|switch|p1b: Chien-Pao|Chien-Pao|100\/100\n|switch|p2a: Ribbon|Ribombee, F, shiny|100\/100\n|switch|p2b: Pacifist|Scizor, M|100\/100\n|-ability|p1b: Chien-Pao|Sword of Ruin\n|turn|1\n|\n|t:|1701143074\n|switch|p1b: Ogerpon|Ogerpon-Hearthflame, F|100\/100\n|-ability|p1b: Ogerpon|Mold Breaker\n|detailschange|p2b: Pacifist|Scizor-Mega, M\n|-mega|p2b: Pacifist|Scizor|Scizorite\n|move|p1a: Tornadus|Tailwind|p1a: Tornadus\n|-sidestart|p1: game18|move: Tailwind\n|move|p2b: Pacifist|Bullet Punch|p1b: Ogerpon\n|-resisted|p1b: Ogerpon\n|-damage|p1b: Ogerpon|81\/100\n|move|p2a: Ribbon|U-turn|p1b: Ogerpon\n|-damage|p1b: Ogerpon|64\/100\n|inactive|ToxicLily4 has 120 seconds left.\n|\n|t:|1701143109\n|switch|p2a: Familiar|Murkrow, F, shiny|100\/100|[from] U-turn\n|\n|upkeep\n|turn|2\n|inactive|ToxicLily4 has 120 seconds left.\n|\n|t:|1701143139\n|switch|p2b: Friendly Girl|Ogerpon-Wellspring, F|100\/100\n|-terastallize|p1b: Ogerpon|Fire\n|detailschange|p1b: Ogerpon|Ogerpon-Hearthflame-Tera, F, tera:Fire\n|-ability|p1b: Ogerpon|Embody Aspect (Hearthflame)|boost\n|-boost|p1b: Ogerpon|atk|1\n|move|p1a: Tornadus|Sunny Day|p1a: Tornadus\n|-weather|SunnyDay\n|move|p1b: Ogerpon|Ivy Cudgel|p2b: Friendly Girl|[anim] Ivy Cudgel Fire\n|-damage|p2b: Friendly Girl|0 fnt\n|faint|p2b: Friendly Girl\n|move|p2a: Familiar|Foul Play|p1b: Ogerpon\n|-damage|p1b: Ogerpon|0 fnt\n|faint|p1b: Ogerpon\n|\n|-weather|SunnyDay|[upkeep]\n|upkeep\n|inactive|ToxicLily4 has 120 seconds left.\n|\n|t:|1701143169\n|switch|p1b: Flutter Mane|Flutter Mane|100\/100\n|switch|p2b: Pacifist|Scizor-Mega, M|100\/100\n|-activate|p1b: Flutter Mane|ability: Protosynthesis\n|-start|p1b: Flutter Mane|protosynthesisspe\n|turn|3\n|\n|t:|1701143179\n|-end|p1b: Flutter Mane|Protosynthesis|[silent]\n|switch|p1b: Salamence|Salamence, M|100\/100\n|-ability|p1b: Salamence|Intimidate|boost\n|-unboost|p2a: Familiar|atk|1\n|-unboost|p2b: Pacifist|atk|1\n|move|p2a: Familiar|Taunt|p1a: Tornadus\n|-start|p1a: Tornadus|move: Taunt\n|move|p2b: Pacifist|Bullet Punch|p1b: Salamence\n|-damage|p1b: Salamence|71\/100\n|move|p1a: Tornadus|Bleakwind Storm|p2a: Familiar|[spread] p2a,p2b\n|-damage|p2a: Familiar|57\/100\n|-damage|p2b: Pacifist|68\/100\n|\n|-weather|SunnyDay|[upkeep]\n|upkeep\n|turn|4\n|inactive|ToxicLily4 has 120 seconds left.\n|\n|t:|1701143229\n|switch|p2a: Stampede|Tauros-Paldea-Blaze, M|100\/100\n|-ability|p2a: Stampede|Intimidate|boost\n|-unboost|p1a: Tornadus|atk|1\n|-unboost|p1b: Salamence|atk|1\n|detailschange|p1b: Salamence|Salamence-Mega, M\n|-mega|p1b: Salamence|Salamence|Salamencite\n|move|p1a: Tornadus|Bleakwind Storm|p2b: Pacifist|[spread] p2a,p2b\n|-supereffective|p2a: Stampede\n|-damage|p2a: Stampede|0 fnt\n|-damage|p2b: Pacifist|36\/100\n|faint|p2a: Stampede\n|move|p1b: Salamence|Return|p2b: Pacifist\n|-damage|p2b: Pacifist|0 fnt\n|faint|p2b: Pacifist\n|\n|-weather|SunnyDay|[upkeep]\n|-sideend|p1: game18|move: Tailwind\n|upkeep\n|\n|t:|1701143240\n|switch|p2a: Familiar|Murkrow, F, shiny|57\/100\n|switch|p2b: Trouble|Chien-Pao|100\/100\n|-ability|p2b: Trouble|Sword of Ruin\n|turn|5\n|\n|t:|1701143260\n|-terastallize|p2b: Trouble|Steel\n|move|p2a: Familiar|Tailwind|p2a: Familiar\n|-sidestart|p2: ToxicLily4|move: Tailwind\n|move|p2b: Trouble|Ice Spinner|p1b: Salamence\n|-supereffective|p1b: Salamence\n|-damage|p1b: Salamence|0 fnt\n|faint|p1b: Salamence\n|-damage|p2b: Trouble|91\/100|[from] item: Life Orb\n|move|p1a: Tornadus|Bleakwind Storm|p2b: Trouble|[spread] p2b\n|-miss|p1a: Tornadus|p2a: Familiar\n|-resisted|p2b: Trouble\n|-damage|p2b: Trouble|60\/100\n|\n|-weather|SunnyDay|[upkeep]\n|-end|p1a: Tornadus|move: Taunt\n|upkeep\n|inactive|game18 has 120 seconds left.\n|\n|t:|1701143280\n|switch|p1b: Chien-Pao|Chien-Pao|100\/100\n|-ability|p1b: Chien-Pao|Sword of Ruin\n|turn|6\n|inactive|ToxicLily4 has 120 seconds left.\n|\n|t:|1701143314\n|move|p2a: Familiar|Protect|p2a: Familiar\n|-singleturn|p2a: Familiar|Protect\n|move|p1a: Tornadus|Tailwind|p1a: Tornadus\n|-sidestart|p1: game18|move: Tailwind\n|move|p2b: Trouble|Sacred Sword|p1b: Chien-Pao\n|-supereffective|p1b: Chien-Pao\n|-enditem|p1b: Chien-Pao|Focus Sash\n|-damage|p1b: Chien-Pao|1\/100\n|-damage|p2b: Trouble|50\/100|[from] item: Life Orb\n|move|p1b: Chien-Pao|Sacred Sword|p2b: Trouble\n|-supereffective|p2b: Trouble\n|-damage|p2b: Trouble|0 fnt\n|faint|p2b: Trouble\n|\n|-weather|none\n|upkeep\n|\n|t:|1701143327\n|switch|p2b: Ribbon|Ribombee, F, shiny|100\/100\n|turn|7\n|inactive|ToxicLily4 has 120 seconds left.\n|\n|t:|1701143344\n|move|p1b: Chien-Pao|Ice Spinner|p2b: Ribbon\n|-damage|p2b: Ribbon|0 fnt\n|faint|p2b: Ribbon\n|move|p1a: Tornadus|Bleakwind Storm|p2a: Familiar|[miss]\n|-miss|p1a: Tornadus|p2a: Familiar\n|move|p2a: Familiar|Foul Play|p1a: Tornadus\n|-damage|p1a: Tornadus|59\/100\n|\n|upkeep\n|turn|8\n|c|\u2606ToxicLily4|Gg\n|-message|ToxicLily4 forfeited.\n|\n|win|game18\n|raw|game18's rating: 1278 &rarr; <strong>1309<\/strong><br \/>(+31 for winning)\n|raw|ToxicLily4's rating: 1359 &rarr; <strong>1334<\/strong><br \/>(-25 for losing)\n|l|\u2606ToxicLily4\n","uploadtime":1701143363,"views":0,"p1id":"game18","p2id":"toxiclily4","formatid":"gen9nationaldexdoubles","rating":1309,"private":0,"password":""}