{"id":"gen9nationaldexdoubles-1951251760","p1":"taoe","p2":"poketrainer729","format":"[Gen 9] National Dex Doubles","log":"|j|\u2606taoe\n|j|\u2606poketrainer729\n|t:|1695565013\n|gametype|doubles\n|player|p1|taoe|lucas|1031\n|player|p2|poketrainer729|colress|1054\n|teamsize|p1|6\n|teamsize|p2|6\n|gen|9\n|tier|[Gen 9] National Dex Doubles\n|rated|\n|rule|HP Percentage Mod: HP is shown in percentages\n|rule|Endless Battle Clause: Forcing endless battles is banned\n|rule|OHKO Clause: OHKO moves are banned\n|rule|Evasion Moves Clause: Evasion moves are banned\n|rule|Evasion Abilities Clause: Evasion abilities are banned\n|rule|Species Clause: Limit one of each Pok\u00e9mon\n|rule|Gravity Sleep Clause: The combination of sleep-inducing moves with imperfect accuracy and Gravity or Gigantamax Orbeetle are banned\n|clearpoke\n|poke|p1|Dhelmise|\n|poke|p1|Hatterene, F|\n|poke|p1|Araquanid, M|\n|poke|p1|Hippowdon, M|\n|poke|p1|Gigalith, F|\n|poke|p1|Flutter Mane|\n|poke|p2|Cinccino, F|\n|poke|p2|Togekiss, F|\n|poke|p2|Volcanion|\n|poke|p2|Charizard, M|\n|poke|p2|Blastoise, M|\n|poke|p2|Stoutland, M|\n|teampreview\n|inactive|Battle timer is ON: inactive players will automatically lose when time's up. (requested by poketrainer729)\n|\n|t:|1695565028\n|start\n|switch|p1a: Araquanid|Araquanid, M, shiny|100\/100\n|switch|p1b: Hippowdon|Hippowdon, M, shiny|100\/100\n|switch|p2a: Rar|Charizard, M, shiny|100\/100\n|switch|p2b: Tuttle|Blastoise, M|100\/100\n|-weather|Sandstorm|[from] ability: Sand Stream|[of] p1b: Hippowdon\n|turn|1\n|\n|t:|1695565054\n|move|p2a: Rar|Air Cutter|p1a: Araquanid|[spread] p1a,p1b\n|-supereffective|p1a: Araquanid\n|-damage|p1a: Araquanid|70\/100\n|-damage|p1b: Hippowdon|78\/100\n|move|p2b: Tuttle|Water Pledge|p1b: Hippowdon\n|-supereffective|p1b: Hippowdon\n|-damage|p1b: Hippowdon|10\/100\n|move|p1b: Hippowdon|Stealth Rock|p2b: Tuttle\n|-sidestart|p2: poketrainer729|move: Stealth Rock\n|move|p1a: Araquanid|Poison Jab|p2a: Rar\n|-damage|p2a: Rar|55\/100\n|\n|-weather|Sandstorm|[upkeep]\n|-damage|p2a: Rar|49\/100|[from] Sandstorm\n|-damage|p2b: Tuttle|94\/100|[from] Sandstorm\n|-damage|p1a: Araquanid|64\/100|[from] Sandstorm\n|-heal|p1b: Hippowdon|16\/100|[from] item: Leftovers\n|upkeep\n|turn|2\n|inactive|taoe has 120 seconds left.\n|\n|t:|1695565084\n|switch|p1b: Hatterene|Hatterene, F, shiny|100\/100\n|detailschange|p2b: Tuttle|Blastoise-Mega, M\n|-mega|p2b: Tuttle|Blastoise|Blastoisinite\n|move|p2a: Rar|Fire Pledge|p1a: Araquanid\n|-waiting|p2a: Rar|p2b: Tuttle\n|move|p2b: Tuttle|Water Pledge|p1a: Araquanid|[from]move: Fire Pledge\n|-combine\n|-resisted|p1a: Araquanid\n|-damage|p1a: Araquanid|32\/100\n|-sidestart|p2: poketrainer729|Water Pledge\n|move|p1a: Araquanid|Poison Jab|p2b: Tuttle\n|-damage|p2b: Tuttle|68\/100\n|-status|p2b: Tuttle|psn\n|\n|-weather|Sandstorm|[upkeep]\n|-damage|p2a: Rar|43\/100|[from] Sandstorm\n|-damage|p2b: Tuttle|62\/100 psn|[from] Sandstorm\n|-damage|p1a: Araquanid|26\/100|[from] Sandstorm\n|-damage|p1b: Hatterene|95\/100|[from] Sandstorm\n|-damage|p2b: Tuttle|50\/100 psn|[from] psn\n|upkeep\n|turn|3\n|inactive|poketrainer729 has 120 seconds left.\n|\n|t:|1695565136\n|move|p2a: Rar|Air Cutter|p1a: Araquanid|[spread] p1a,p1b\n|-supereffective|p1a: Araquanid\n|-damage|p1a: Araquanid|0 fnt\n|-damage|p1b: Hatterene|72\/100\n|faint|p1a: Araquanid\n|move|p2b: Tuttle|Blizzard|p1b: Hatterene\n|-damage|p1b: Hatterene|28\/100\n|move|p1b: Hatterene|Trick Room|p1b: Hatterene\n|-fieldstart|move: Trick Room|[of] p1b: Hatterene\n|\n|-weather|Sandstorm|[upkeep]\n|-damage|p1b: Hatterene|22\/100|[from] Sandstorm\n|-damage|p2b: Tuttle|44\/100 psn|[from] Sandstorm\n|-damage|p2a: Rar|37\/100|[from] Sandstorm\n|-damage|p2b: Tuttle|31\/100 psn|[from] psn\n|upkeep\n|\n|t:|1695565141\n|switch|p1a: Gigalith|Gigalith, F, shiny|100\/100\n|turn|4\n|inactive|poketrainer729 has 120 seconds left.\n|\n|t:|1695565154\n|move|p1b: Hatterene|Dazzling Gleam|p2a: Rar|[spread] p2a,p2b\n|-resisted|p2a: Rar\n|-crit|p2a: Rar\n|-damage|p2a: Rar|4\/100\n|-damage|p2b: Tuttle|4\/100 psn\n|move|p1a: Gigalith|Stone Edge|p2a: Rar\n|-supereffective|p2a: Rar\n|-damage|p2a: Rar|0 fnt\n|faint|p2a: Rar\n|move|p2b: Tuttle|Water Pledge|p1a: Gigalith\n|-supereffective|p1a: Gigalith\n|-damage|p1a: Gigalith|30\/100\n|\n|-weather|Sandstorm|[upkeep]\n|-damage|p1b: Hatterene|16\/100|[from] Sandstorm\n|-damage|p2b: Tuttle|0 fnt|[from] Sandstorm\n|faint|p2b: Tuttle\n|upkeep\n|inactive|poketrainer729 has 120 seconds left.\n|\n|t:|1695565173\n|switch|p2b: Flitter-Flutter|Togekiss, F, shiny|100\/100\n|switch|p2a: Steam Engine|Volcanion|100\/100\n|-damage|p2a: Steam Engine|75\/100|[from] Stealth Rock\n|-damage|p2b: Flitter-Flutter|76\/100|[from] Stealth Rock\n|turn|5\n|\n|t:|1695565184\n|move|p1b: Hatterene|Expanding Force|p2b: Flitter-Flutter\n|-damage|p2b: Flitter-Flutter|28\/100\n|move|p1a: Gigalith|Stone Edge|p2a: Steam Engine\n|-supereffective|p2a: Steam Engine\n|-crit|p2a: Steam Engine\n|-damage|p2a: Steam Engine|0 fnt\n|faint|p2a: Steam Engine\n|move|p2b: Flitter-Flutter|Air Cutter|p1a: Gigalith|[spread] p1a,p1b\n|-resisted|p1a: Gigalith\n|-damage|p1a: Gigalith|21\/100\n|-damage|p1b: Hatterene|0 fnt\n|faint|p1b: Hatterene\n|\n|-weather|none\n|-sideend|p2: poketrainer729|Water Pledge\n|upkeep\n|-message|poketrainer729 forfeited.\n|\n|win|taoe\n|raw|taoe's rating: 1031 &rarr; <strong>1069<\/strong><br \/>(+38 for winning)\n|raw|poketrainer729's rating: 1054 &rarr; <strong>1035<\/strong><br \/>(-19 for losing)\n|l|\u2606poketrainer729\n","uploadtime":1695565202,"views":8,"p1id":"taoe","p2id":"poketrainer729","formatid":"gen9nationaldexdoubles","rating":1035,"private":0,"password":""}