{"id":"gen9nationaldexdoubles-1998674001","p1":"lxvliiz","p2":"Thelassone","format":"[Gen 9] National Dex Doubles","log":"|j|\u2606lxvliiz\n|j|\u2606Thelassone\n|t:|1700970743\n|gametype|doubles\n|player|p1|lxvliiz|firebreather|1083\n|player|p2|Thelassone|acetrainerf-gen4dp|1055\n|teamsize|p1|6\n|teamsize|p2|6\n|gen|9\n|tier|[Gen 9] National Dex Doubles\n|rated|\n|rule|HP Percentage Mod: HP is shown in percentages\n|rule|Endless Battle Clause: Forcing endless battles is banned\n|rule|OHKO Clause: OHKO moves are banned\n|rule|Evasion Moves Clause: Evasion moves are banned\n|rule|Evasion Abilities Clause: Evasion abilities are banned\n|rule|Species Clause: Limit one of each Pok\u00e9mon\n|rule|Gravity Sleep Clause: The combination of sleep-inducing moves with imperfect accuracy and Gravity or Gigantamax Orbeetle are banned\n|clearpoke\n|poke|p1|Tyranitar, M|\n|poke|p1|Dracovish|\n|poke|p1|Excadrill, F|\n|poke|p1|Skarmory, M|\n|poke|p1|Diancie|\n|poke|p1|Hippowdon, F|\n|poke|p2|Haxorus, M|\n|poke|p2|Rabsca, M|\n|poke|p2|Orthworm, F|\n|poke|p2|Musharna, F|\n|poke|p2|Galvantula, M|\n|poke|p2|Unfezant, F|\n|teampreview\n|c|\u2606lxvliiz|hi\n|\n|t:|1700970756\n|start\n|switch|p1a: Hippowdon|Hippowdon, F|100\/100\n|switch|p1b: Dracovish|Dracovish|100\/100\n|switch|p2a: Haxorus|Haxorus, M|100\/100\n|switch|p2b: Musharna|Musharna, F|100\/100\n|-weather|Sandstorm|[from] ability: Sand Stream|[of] p1a: Hippowdon\n|turn|1\n|\n|t:|1700970788\n|-terastallize|p1b: Dracovish|Water\n|move|p1b: Dracovish|Fishious Rend|p2a: Haxorus\n|-resisted|p2a: Haxorus\n|-damage|p2a: Haxorus|12\/100\n|move|p2a: Haxorus|Earthquake|p1b: Dracovish|[spread] p1a,p1b\n|-activate|p2b: Musharna|ability: Telepathy\n|-damage|p1a: Hippowdon|90\/100\n|-damage|p1b: Dracovish|69\/100\n|move|p1a: Hippowdon|Substitute|p1a: Hippowdon\n|-start|p1a: Hippowdon|Substitute\n|-damage|p1a: Hippowdon|65\/100\n|move|p2b: Musharna|Dazzling Gleam|p1a: Hippowdon|[spread] p1a,p1b\n|-activate|p1a: Hippowdon|move: Substitute|[damage]\n|-damage|p1b: Dracovish|46\/100\n|\n|-weather|Sandstorm|[upkeep]\n|-damage|p2a: Haxorus|6\/100|[from] Sandstorm\n|-damage|p2b: Musharna|94\/100|[from] Sandstorm\n|-heal|p1a: Hippowdon|71\/100|[from] item: Leftovers\n|upkeep\n|turn|2\n|\n|t:|1700970815\n|move|p1b: Dracovish|Fishious Rend|p2b: Musharna\n|-damage|p2b: Musharna|0 fnt\n|faint|p2b: Musharna\n|move|p2a: Haxorus|Earthquake|p1a: Hippowdon|[spread] p1a,p1b\n|-end|p1a: Hippowdon|Substitute\n|-damage|p1b: Dracovish|18\/100\n|move|p1a: Hippowdon|Heavy Slam|p2a: Haxorus\n|-damage|p2a: Haxorus|0 fnt\n|faint|p2a: Haxorus\n|\n|-weather|Sandstorm|[upkeep]\n|-heal|p1a: Hippowdon|77\/100|[from] item: Leftovers\n|upkeep\n|\n|t:|1700970856\n|switch|p2a: Rabsca|Rabsca, M|100\/100\n|switch|p2b: Galvantula|Galvantula, M|100\/100\n|turn|3\n|\n|t:|1700970872\n|move|p1b: Dracovish|Fishious Rend|p2b: Galvantula\n|-damage|p2b: Galvantula|0 fnt\n|faint|p2b: Galvantula\n|move|p2a: Rabsca|Revival Blessing|p2a: Rabsca\n|\n|t:|1700970877\n|-heal|p2: Haxorus|50\/100|[from] move: Revival Blessing\n|move|p1a: Hippowdon|Heavy Slam|p2a: Rabsca\n|-damage|p2a: Rabsca|68\/100\n|\n|-weather|Sandstorm|[upkeep]\n|-damage|p2a: Rabsca|62\/100|[from] Sandstorm\n|-heal|p1a: Hippowdon|84\/100|[from] item: Leftovers\n|upkeep\n|\n|t:|1700970893\n|switch|p2b: Unfezant|Unfezant, F|100\/100\n|turn|4\n|\n|t:|1700970917\n|move|p1b: Dracovish|Fishious Rend|p2b: Unfezant\n|-damage|p2b: Unfezant|0 fnt\n|faint|p2b: Unfezant\n|-activate|p2a: Rabsca|move: Struggle\n|move|p2a: Rabsca|Struggle|p1a: Hippowdon\n|-damage|p1a: Hippowdon|81\/100\n|-damage|p2a: Rabsca|37\/100|[from] recoil\n|move|p1a: Hippowdon|Substitute|p1a: Hippowdon\n|-start|p1a: Hippowdon|Substitute\n|-damage|p1a: Hippowdon|56\/100\n|\n|-weather|Sandstorm|[upkeep]\n|-damage|p2a: Rabsca|31\/100|[from] Sandstorm\n|-heal|p1a: Hippowdon|62\/100|[from] item: Leftovers\n|upkeep\n|\n|t:|1700970934\n|switch|p2b: Orthworm|Orthworm, F|100\/100\n|turn|5\n|\n|t:|1700970956\n|switch|p1b: Skarmory|Skarmory, M|100\/100\n|switch|p1a: Diancie|Diancie|100\/100\n|-activate|p2a: Rabsca|move: Struggle\n|move|p2a: Rabsca|Struggle|p1b: Skarmory\n|-damage|p1b: Skarmory|98\/100\n|-damage|p2a: Rabsca|6\/100|[from] recoil\n|move|p2b: Orthworm|Shed Tail|p2b: Orthworm\n|-start|p2b: Orthworm|Substitute|[from] move: Shed Tail\n|-damage|p2b: Orthworm|50\/100\n|\n|t:|1700970968\n|switch|p2b: Haxorus|Haxorus, M|50\/100|[from] Shed Tail\n|\n|-weather|none\n|-heal|p1b: Skarmory|100\/100|[from] item: Leftovers\n|upkeep\n|turn|6\n|\n|t:|1700970992\n|move|p2b: Haxorus|Earthquake|p1a: Diancie|[spread] p1a\n|-activate|p2a: Rabsca|ability: Telepathy\n|-immune|p1b: Skarmory\n|-supereffective|p1a: Diancie\n|-damage|p1a: Diancie|48\/100\n|move|p1a: Diancie|Iron Defense|p1a: Diancie\n|-boost|p1a: Diancie|def|2\n|-activate|p2a: Rabsca|move: Struggle\n|move|p2a: Rabsca|Struggle|p1b: Skarmory\n|-damage|p1b: Skarmory|98\/100\n|-damage|p2a: Rabsca|0 fnt|[from] recoil\n|faint|p2a: Rabsca\n|move|p1b: Skarmory|Counter|p2b: Haxorus|[notarget]\n|-fail|p1b: Skarmory\n|\n|-heal|p1b: Skarmory|100\/100|[from] item: Leftovers\n|upkeep\n|\n|t:|1700971009\n|switch|p2a: Orthworm|Orthworm, F|50\/100\n|turn|7\n|j| lqfsb\n|l| lqfsb\n|\n|t:|1700971020\n|switch|p1b: Hippowdon|Hippowdon, F|62\/100\n|-weather|Sandstorm|[from] ability: Sand Stream|[of] p1b: Hippowdon\n|detailschange|p1a: Diancie|Diancie-Mega\n|-mega|p1a: Diancie|Diancie|Diancite\n|move|p2a: Orthworm|Helping Hand|p2b: Haxorus\n|-singleturn|p2b: Haxorus|Helping Hand|[of] p2a: Orthworm\n|move|p2b: Haxorus|Earthquake|p1b: Hippowdon|[spread] p1a,p1b\n|-heal|p2a: Orthworm|75\/100|[from] ability: Earth Eater|[of] p2b: Haxorus\n|-supereffective|p1a: Diancie\n|-crit|p1a: Diancie\n|-damage|p1a: Diancie|0 fnt\n|-damage|p1b: Hippowdon|46\/100\n|faint|p1a: Diancie\n|\n|-weather|Sandstorm|[upkeep]\n|-damage|p2b: Haxorus|44\/100|[from] Sandstorm\n|-heal|p1b: Hippowdon|53\/100|[from] item: Leftovers\n|upkeep\n|\n|t:|1700971033\n|switch|p1a: Excadrill|Excadrill, F|100\/100\n|turn|8\n|\n|t:|1700971046\n|move|p2a: Orthworm|Helping Hand|p2b: Haxorus\n|-singleturn|p2b: Haxorus|Helping Hand|[of] p2a: Orthworm\n|move|p1a: Excadrill|Iron Head|p2b: Haxorus\n|-end|p2b: Haxorus|Substitute\n|move|p2b: Haxorus|Earthquake|p1b: Hippowdon|[spread] p1a,p1b\n|-heal|p2a: Orthworm|99\/100|[from] ability: Earth Eater|[of] p2b: Haxorus\n|-supereffective|p1a: Excadrill\n|-damage|p1a: Excadrill|11\/100\n|-damage|p1b: Hippowdon|34\/100\n|move|p1b: Hippowdon|Substitute|p1b: Hippowdon\n|-start|p1b: Hippowdon|Substitute\n|-damage|p1b: Hippowdon|10\/100\n|\n|-weather|Sandstorm|[upkeep]\n|-damage|p2b: Haxorus|38\/100|[from] Sandstorm\n|-heal|p1a: Excadrill|17\/100|[from] item: Leftovers\n|-heal|p1b: Hippowdon|16\/100|[from] item: Leftovers\n|upkeep\n|turn|9\n|\n|t:|1700971072\n|switch|p1b: Skarmory|Skarmory, M|100\/100\n|move|p2a: Orthworm|Helping Hand|p2b: Haxorus\n|-singleturn|p2b: Haxorus|Helping Hand|[of] p2a: Orthworm\n|move|p1a: Excadrill|Iron Head|p2b: Haxorus\n|-damage|p2b: Haxorus|0 fnt\n|faint|p2b: Haxorus\n|\n|-weather|Sandstorm|[upkeep]\n|-heal|p1a: Excadrill|23\/100|[from] item: Leftovers\n|upkeep\n|turn|10\n|-message|Thelassone forfeited.\n|\n|win|lxvliiz\n|raw|lxvliiz's rating: 1083 &rarr; <strong>1108<\/strong><br \/>(+25 for winning)\n|raw|Thelassone's rating: 1055 &rarr; <strong>1038<\/strong><br \/>(-17 for losing)\n|l|\u2606Thelassone\n","uploadtime":1700971085,"views":0,"p1id":"lxvliiz","p2id":"thelassone","formatid":"gen9nationaldexdoubles","rating":1038,"private":0,"password":""}