{"id":"gen9nationaldexdoubles-1994468070","p1":"Brick_Enjoyer_144","p2":"bigdubwes","format":"[Gen 9] National Dex Doubles","log":"|j|\u2606Brick_Enjoyer_144\n|j|\u2606bigdubwes\n|t:|1700447380\n|gametype|doubles\n|player|p1|Brick_Enjoyer_144|shauntal|1189\n|player|p2|bigdubwes|sailor|1068\n|teamsize|p1|6\n|teamsize|p2|6\n|gen|9\n|tier|[Gen 9] National Dex Doubles\n|rated|\n|rule|HP Percentage Mod: HP is shown in percentages\n|rule|Endless Battle Clause: Forcing endless battles is banned\n|rule|OHKO Clause: OHKO moves are banned\n|rule|Evasion Moves Clause: Evasion moves are banned\n|rule|Evasion Abilities Clause: Evasion abilities are banned\n|rule|Species Clause: Limit one of each Pok\u00e9mon\n|rule|Gravity Sleep Clause: The combination of sleep-inducing moves with imperfect accuracy and Gravity or Gigantamax Orbeetle are banned\n|clearpoke\n|poke|p1|Smeargle, M|\n|poke|p1|Kartana|\n|poke|p1|Roaring Moon|\n|poke|p1|Minior-Violet|\n|poke|p1|Mawile, M|\n|poke|p1|Zapdos|\n|poke|p2|Orthworm, F|\n|poke|p2|Rillaboom, F|\n|poke|p2|Volcanion|\n|poke|p2|Dragapult, F|\n|poke|p2|Iron Hands|\n|poke|p2|Indeedee-F, F|\n|teampreview\n|inactive|Battle timer is ON: inactive players will automatically lose when time's up. (requested by Brick_Enjoyer_144)\n|\n|t:|1700447400\n|start\n|switch|p1a: Smeargle|Smeargle, M, shiny|100\/100\n|switch|p1b: Minior|Minior-Violet, shiny|100\/100\n|switch|p2a: Volcanion|Volcanion|100\/100\n|switch|p2b: Rillaboom|Rillaboom, F|100\/100\n|-formechange|p1b: Minior|Minior-Meteor||[from] ability: Shields Down\n|turn|1\n|\n|t:|1700447425\n|move|p1a: Smeargle|Fake Out|p2b: Rillaboom\n|-damage|p2b: Rillaboom|97\/100\n|cant|p2b: Rillaboom|flinch\n|move|p1b: Minior|Shell Smash|p1b: Minior\n|-unboost|p1b: Minior|def|1\n|-unboost|p1b: Minior|spd|1\n|-boost|p1b: Minior|atk|2\n|-boost|p1b: Minior|spa|2\n|-boost|p1b: Minior|spe|2\n|move|p2a: Volcanion|Substitute|p2a: Volcanion\n|-start|p2a: Volcanion|Substitute\n|-damage|p2a: Volcanion|76\/100\n|\n|-heal|p2a: Volcanion|82\/100|[from] item: Leftovers\n|upkeep\n|turn|2\n|inactive|Brick_Enjoyer_144 has 120 seconds left.\n|inactive|bigdubwes has 120 seconds left.\n|\n|t:|1700447479\n|move|p1b: Minior|Acrobatics|p2b: Rillaboom\n|-supereffective|p2b: Rillaboom\n|-damage|p2b: Rillaboom|27\/100\n|move|p1a: Smeargle|Stealth Rock|p2a: Volcanion\n|-sidestart|p2: bigdubwes|move: Stealth Rock\n|move|p2b: Rillaboom|Grassy Glide|p1a: Smeargle\n|-damage|p1a: Smeargle|0 fnt\n|faint|p1a: Smeargle\n|move|p2a: Volcanion|Steam Eruption|p1b: Minior\n|-supereffective|p1b: Minior\n|-enditem|p1b: Minior|Focus Sash\n|-damage|p1b: Minior|1\/100\n|\n|-heal|p2a: Volcanion|88\/100|[from] item: Leftovers\n|-formechange|p1b: Minior|Minior-Violet||[from] ability: Shields Down\n|upkeep\n|\n|t:|1700447497\n|switch|p1a: Roaring Moon|Roaring Moon, shiny|100\/100\n|-enditem|p1a: Roaring Moon|Booster Energy\n|-activate|p1a: Roaring Moon|ability: Protosynthesis|[fromitem]\n|-start|p1a: Roaring Moon|protosynthesisatk\n|turn|3\n|inactive|bigdubwes has 120 seconds left.\n|\n|t:|1700447532\n|move|p1b: Minior|Acrobatics|p2b: Rillaboom\n|-supereffective|p2b: Rillaboom\n|-damage|p2b: Rillaboom|0 fnt\n|faint|p2b: Rillaboom\n|move|p1a: Roaring Moon|Stone Edge|p2a: Volcanion\n|-supereffective|p2a: Volcanion\n|-crit|p2a: Volcanion\n|-end|p2a: Volcanion|Substitute\n|move|p2a: Volcanion|Steam Eruption|p1b: Minior|[miss]\n|-miss|p2a: Volcanion|p1b: Minior\n|\n|-heal|p2a: Volcanion|94\/100|[from] item: Leftovers\n|upkeep\n|inactive|bigdubwes has 90 seconds left.\n|\n|t:|1700447553\n|switch|p2b: Iron Hands|Iron Hands|100\/100\n|-damage|p2b: Iron Hands|94\/100|[from] Stealth Rock\n|turn|4\n|inactive|bigdubwes has 90 seconds left.\n|\n|t:|1700447573\n|-terastallize|p2a: Volcanion|Fire\n|move|p2b: Iron Hands|Fake Out|p1b: Minior\n|-resisted|p1b: Minior\n|-damage|p1b: Minior|0 fnt\n|faint|p1b: Minior\n|move|p1a: Roaring Moon|Stone Edge|p2a: Volcanion\n|-supereffective|p2a: Volcanion\n|-damage|p2a: Volcanion|20\/100\n|move|p2a: Volcanion|Heat Wave|p1a: Roaring Moon\n|-resisted|p1a: Roaring Moon\n|-damage|p1a: Roaring Moon|69\/100\n|\n|-heal|p2a: Volcanion|26\/100|[from] item: Leftovers\n|upkeep\n|inactive|Brick_Enjoyer_144 has 120 seconds left.\n|\n|t:|1700447589\n|switch|p1b: Zapdos|Zapdos, shiny|100\/100\n|turn|5\n|\n|t:|1700447615\n|-end|p2b: Iron Hands|Quark Drive|[silent]\n|switch|p2b: Dragapult|Dragapult, F|100\/100\n|-damage|p2b: Dragapult|88\/100|[from] Stealth Rock\n|move|p2a: Volcanion|Protect|p2a: Volcanion\n|-singleturn|p2a: Volcanion|Protect\n|move|p1a: Roaring Moon|Knock Off|p2a: Volcanion\n|-activate|p2a: Volcanion|move: Protect\n|move|p1b: Zapdos|Hurricane|p2b: Dragapult\n|-damage|p2b: Dragapult|9\/100\n|\n|-heal|p2a: Volcanion|32\/100|[from] item: Leftovers\n|upkeep\n|turn|6\n|\n|t:|1700447645\n|move|p2b: Dragapult|Surf|p1b: Zapdos|[spread] p1a,p1b\n|-heal|p2a: Volcanion|56\/100|[from] ability: Water Absorb|[of] p2b: Dragapult\n|-resisted|p1a: Roaring Moon\n|-damage|p1a: Roaring Moon|60\/100\n|-damage|p1b: Zapdos|79\/100\n|-damage|p2b: Dragapult|0 fnt|[from] item: Life Orb\n|faint|p2b: Dragapult\n|move|p1a: Roaring Moon|Knock Off|p2a: Volcanion\n|-damage|p2a: Volcanion|2\/100\n|-enditem|p2a: Volcanion|Leftovers|[from] move: Knock Off|[of] p1a: Roaring Moon\n|move|p1b: Zapdos|Discharge|p2a: Volcanion|[spread] p1a,p2a\n|-resisted|p1a: Roaring Moon\n|-damage|p1a: Roaring Moon|46\/100\n|-damage|p2a: Volcanion|0 fnt\n|faint|p2a: Volcanion\n|\n|upkeep\n|inactive|bigdubwes has 90 seconds left.\n|\n|t:|1700447661\n|switch|p2b: Iron Hands|Iron Hands|94\/100\n|switch|p2a: Orthworm|Orthworm, F|100\/100\n|-damage|p2a: Orthworm|94\/100|[from] Stealth Rock\n|-damage|p2b: Iron Hands|88\/100|[from] Stealth Rock\n|turn|7\n|inactive|bigdubwes has 90 seconds left.\n|\n|t:|1700447690\n|move|p2b: Iron Hands|Fake Out|p1a: Roaring Moon\n|-damage|p1a: Roaring Moon|25\/100\n|cant|p1a: Roaring Moon|flinch\n|move|p1b: Zapdos|Heat Wave|p2a: Orthworm|[spread] p2a,p2b\n|-supereffective|p2a: Orthworm\n|-damage|p2a: Orthworm|15\/100\n|-damage|p2b: Iron Hands|73\/100\n|-status|p2a: Orthworm|brn\n|move|p2a: Orthworm|Steel Beam|p1b: Zapdos\n|-resisted|p1b: Zapdos\n|-damage|p1b: Zapdos|60\/100\n|-damage|p2a: Orthworm|0 fnt|[from] steelbeam\n|faint|p2a: Orthworm\n|\n|upkeep\n|\n|t:|1700447703\n|switch|p2a: Indeedee|Indeedee-F, F|100\/100\n|-damage|p2a: Indeedee|88\/100|[from] Stealth Rock\n|turn|8\n|inactive|bigdubwes has 90 seconds left.\n|\n|t:|1700447723\n|move|p1a: Roaring Moon|Acrobatics|p2b: Iron Hands\n|-damage|p2b: Iron Hands|39\/100\n|move|p1b: Zapdos|Heat Wave|p2b: Iron Hands|[spread] p2a,p2b\n|-damage|p2a: Indeedee|68\/100\n|-damage|p2b: Iron Hands|24\/100\n|move|p2a: Indeedee|Expanding Force|p1a: Roaring Moon\n|-immune|p1a: Roaring Moon\n|move|p2b: Iron Hands|Body Press|p1b: Zapdos\n|-resisted|p1b: Zapdos\n|-damage|p1b: Zapdos|39\/100\n|\n|upkeep\n|turn|9\n|inactive|bigdubwes has 90 seconds left.\n|\n|t:|1700447743\n|move|p2a: Indeedee|Follow Me|p2a: Indeedee\n|-singleturn|p2a: Indeedee|move: Follow Me\n|move|p1a: Roaring Moon|Acrobatics|p2a: Indeedee\n|-damage|p2a: Indeedee|0 fnt\n|faint|p2a: Indeedee\n|move|p1b: Zapdos|Heat Wave|p2b: Iron Hands\n|-damage|p2b: Iron Hands|6\/100\n|-status|p2b: Iron Hands|brn\n|move|p2b: Iron Hands|Body Press|p1a: Roaring Moon\n|-supereffective|p1a: Roaring Moon\n|-damage|p1a: Roaring Moon|0 fnt\n|faint|p1a: Roaring Moon\n|-end|p1a: Roaring Moon|Protosynthesis|[silent]\n|\n|-damage|p2b: Iron Hands|0 fnt|[from] brn\n|faint|p2b: Iron Hands\n|-end|p2b: Iron Hands|Quark Drive|[silent]\n|\n|win|Brick_Enjoyer_144\n|upkeep\n|raw|Brick_Enjoyer_144's rating: 1189 &rarr; <strong>1206<\/strong><br \/>(+17 for winning)\n|raw|bigdubwes's rating: 1068 &rarr; <strong>1055<\/strong><br \/>(-13 for losing)\n","uploadtime":1700447768,"views":3,"p1id":"brickenjoyer144","p2id":"bigdubwes","formatid":"gen9nationaldexdoubles","rating":1055,"private":0,"password":""}