{"id":"gen9nationaldexdoubles-1975197141","p1":"retgfrgtr","p2":"Inkubone","format":"[Gen 9] National Dex Doubles","log":"|j|\u2606retgfrgtr\n|j|\u2606Inkubone\n|t:|1698169434\n|gametype|doubles\n|player|p1|retgfrgtr|blackbelt|1031\n|player|p2|Inkubone|yellow|1098\n|teamsize|p1|6\n|teamsize|p2|6\n|gen|9\n|tier|[Gen 9] National Dex Doubles\n|rated|\n|rule|HP Percentage Mod: HP is shown in percentages\n|rule|Endless Battle Clause: Forcing endless battles is banned\n|rule|OHKO Clause: OHKO moves are banned\n|rule|Evasion Moves Clause: Evasion moves are banned\n|rule|Evasion Abilities Clause: Evasion abilities are banned\n|rule|Species Clause: Limit one of each Pok\u00e9mon\n|rule|Gravity Sleep Clause: The combination of sleep-inducing moves with imperfect accuracy and Gravity or Gigantamax Orbeetle are banned\n|clearpoke\n|poke|p1|Noivern, M|\n|poke|p1|Sandy Shocks|\n|poke|p1|Hawlucha, M|\n|poke|p1|Slaking, M|\n|poke|p1|Rillaboom, M|\n|poke|p1|Typhlosion, M|\n|poke|p2|Cherrim, F|\n|poke|p2|Torkoal, F|\n|poke|p2|Arcanine-Hisui, M|\n|poke|p2|Meowscarada, M|\n|poke|p2|Iron Hands|\n|poke|p2|Lilligant-Hisui, F|\n|teampreview\n|\n|t:|1698169444\n|start\n|switch|p1a: Hawlucha|Hawlucha, M, shiny|100\/100\n|switch|p1b: Rillaboom|Rillaboom, M|100\/100\n|switch|p2a: Torkoal|Torkoal, F|100\/100\n|switch|p2b: Meowscarada|Meowscarada, M|100\/100\n|-fieldstart|move: Grassy Terrain|[from] ability: Grassy Surge|[of] p1b: Rillaboom\n|-enditem|p1a: Hawlucha|Grassy Seed\n|-boost|p1a: Hawlucha|def|1|[from] item: Grassy Seed\n|-weather|SunnyDay|[from] ability: Drought|[of] p2a: Torkoal\n|turn|1\n|\n|t:|1698169484\n|switch|p2b: Arcanine|Arcanine-Hisui, M|100\/100\n|move|p1a: Hawlucha|U-turn|p2b: Arcanine\n|-resisted|p2b: Arcanine\n|-damage|p2b: Arcanine|90\/100\n|\n|t:|1698169489\n|switch|p1a: Noivern|Noivern, M|100\/100|[from] U-turn\n|move|p1b: Rillaboom|Earthquake|p2a: Torkoal|[spread] p2a,p2b\n|-activate|p1a: Noivern|ability: Telepathy\n|-supereffective|p2a: Torkoal\n|-supereffective|p2b: Arcanine\n|-damage|p2a: Torkoal|73\/100\n|-damage|p2b: Arcanine|0 fnt\n|faint|p2b: Arcanine\n|move|p2a: Torkoal|Heat Wave|p1a: Noivern|[spread] p1a,p1b\n|-resisted|p1a: Noivern\n|-supereffective|p1b: Rillaboom\n|-damage|p1a: Noivern|74\/100\n|-damage|p1b: Rillaboom|0 fnt\n|faint|p1b: Rillaboom\n|\n|-weather|SunnyDay|[upkeep]\n|-heal|p2a: Torkoal|79\/100|[from] Grassy Terrain\n|upkeep\n|\n|t:|1698169515\n|switch|p2b: Meowscarada|Meowscarada, M|100\/100\n|switch|p1b: Sandy Shocks|Sandy Shocks|100\/100\n|-activate|p1b: Sandy Shocks|ability: Protosynthesis\n|-start|p1b: Sandy Shocks|protosynthesisspe\n|turn|2\n|\n|t:|1698169543\n|move|p2b: Meowscarada|Flower Trick|p1b: Sandy Shocks\n|-start|p2b: Meowscarada|typechange|Grass|[from] ability: Protean\n|-supereffective|p1b: Sandy Shocks\n|-crit|p1b: Sandy Shocks\n|-damage|p1b: Sandy Shocks|0 fnt\n|faint|p1b: Sandy Shocks\n|-end|p1b: Sandy Shocks|Protosynthesis|[silent]\n|move|p1a: Noivern|Heat Wave|p2a: Torkoal|[spread] p2a,p2b\n|-resisted|p2a: Torkoal\n|-supereffective|p2b: Meowscarada\n|-damage|p2a: Torkoal|58\/100\n|-damage|p2b: Meowscarada|12\/100\n|move|p2a: Torkoal|Heat Wave|p1a: Noivern\n|-resisted|p1a: Noivern\n|-damage|p1a: Noivern|34\/100\n|\n|-weather|SunnyDay|[upkeep]\n|-heal|p2b: Meowscarada|19\/100|[from] Grassy Terrain\n|-heal|p2a: Torkoal|64\/100|[from] Grassy Terrain\n|upkeep\n|\n|t:|1698169562\n|switch|p1b: Hawlucha|Hawlucha, M, shiny|100\/100\n|turn|3\n|\n|t:|1698169596\n|switch|p2b: Iron Hands|Iron Hands|100\/100\n|move|p1b: Hawlucha|Acrobatics|p2a: Torkoal\n|-damage|p2a: Torkoal|34\/100\n|move|p1a: Noivern|Heat Wave|p2a: Torkoal|[spread] p2a,p2b\n|-resisted|p2a: Torkoal\n|-crit|p2a: Torkoal\n|-damage|p2a: Torkoal|5\/100\n|-damage|p2b: Iron Hands|82\/100\n|move|p2a: Torkoal|Heat Wave|p1b: Hawlucha|[spread] p1a,p1b\n|-resisted|p1a: Noivern\n|-damage|p1a: Noivern|8\/100\n|-damage|p1b: Hawlucha|31\/100\n|-status|p1a: Noivern|brn\n|\n|-weather|SunnyDay|[upkeep]\n|-heal|p2b: Iron Hands|88\/100|[from] Grassy Terrain\n|-heal|p2a: Torkoal|12\/100|[from] Grassy Terrain\n|-damage|p1a: Noivern|2\/100 brn|[from] brn\n|upkeep\n|turn|4\n|\n|t:|1698169637\n|switch|p2a: Cherrim|Cherrim, F|100\/100\n|-formechange|p2a: Cherrim|Cherrim-Sunshine|[msg]|[from] ability: Flower Gift\n|move|p2b: Iron Hands|Fake Out|p1b: Hawlucha\n|-damage|p1b: Hawlucha|0 fnt\n|faint|p1b: Hawlucha\n|move|p1a: Noivern|Super Fang|p2b: Iron Hands\n|-damage|p2b: Iron Hands|44\/100\n|\n|-weather|SunnyDay|[upkeep]\n|-heal|p2b: Iron Hands|50\/100|[from] Grassy Terrain\n|-damage|p1a: Noivern|0 fnt|[from] brn\n|faint|p1a: Noivern\n|upkeep\n|\n|t:|1698169650\n|switch|p1b: Slaking|Slaking, M|100\/100\n|switch|p1a: Typhlosion|Typhlosion, M|100\/100\n|turn|5\n|\n|t:|1698169695\n|-end|p2b: Iron Hands|Quark Drive|[silent]\n|switch|p2b: Meowscarada|Meowscarada, M|19\/100\n|-terastallize|p2a: Cherrim|Fire\n|move|p1b: Slaking|Body Slam|p2a: Cherrim\n|-crit|p2a: Cherrim\n|-damage|p2a: Cherrim|0 fnt\n|faint|p2a: Cherrim\n|move|p1a: Typhlosion|Heat Wave|p2b: Meowscarada\n|-supereffective|p2b: Meowscarada\n|-damage|p2b: Meowscarada|0 fnt\n|faint|p2b: Meowscarada\n|\n|-weather|SunnyDay|[upkeep]\n|-fieldend|move: Grassy Terrain\n|upkeep\n|\n|t:|1698169707\n|switch|p2b: Lilligant|Lilligant-Hisui, F|100\/100\n|switch|p2a: Iron Hands|Iron Hands|50\/100\n|turn|6\n|\n|t:|1698169732\n|move|p2a: Iron Hands|Fake Out|p1a: Typhlosion\n|-damage|p1a: Typhlosion|82\/100\n|move|p2b: Lilligant|Close Combat|p1b: Slaking\n|-supereffective|p1b: Slaking\n|-damage|p1b: Slaking|20\/100\n|-unboost|p2b: Lilligant|def|1\n|-unboost|p2b: Lilligant|spd|1\n|cant|p1b: Slaking|ability: Truant\n|cant|p1a: Typhlosion|flinch\n|\n|-weather|SunnyDay|[upkeep]\n|upkeep\n|turn|7\n|\n|t:|1698169760\n|-end|p2a: Iron Hands|Quark Drive|[silent]\n|switch|p2a: Torkoal|Torkoal, F|12\/100\n|move|p2b: Lilligant|Close Combat|p1a: Typhlosion\n|-damage|p1a: Typhlosion|24\/100\n|-unboost|p2b: Lilligant|def|1\n|-unboost|p2b: Lilligant|spd|1\n|move|p1b: Slaking|Play Rough|p2a: Torkoal\n|-resisted|p2a: Torkoal\n|-damage|p2a: Torkoal|0 fnt\n|faint|p2a: Torkoal\n|move|p1a: Typhlosion|Heat Wave|p2b: Lilligant\n|-supereffective|p2b: Lilligant\n|-damage|p2b: Lilligant|0 fnt\n|faint|p2b: Lilligant\n|\n|-weather|SunnyDay|[upkeep]\n|upkeep\n|\n|t:|1698169769\n|switch|p2b: Iron Hands|Iron Hands|50\/100\n|turn|8\n|\n|t:|1698169821\n|-terastallize|p1b: Slaking|Ghost\n|cant|p1b: Slaking|ability: Truant\n|move|p1a: Typhlosion|Heat Wave|p2b: Iron Hands|[miss]\n|-miss|p1a: Typhlosion|p2b: Iron Hands\n|move|p2b: Iron Hands|Drain Punch|p1a: Typhlosion\n|-damage|p1a: Typhlosion|0 fnt\n|-heal|p2b: Iron Hands|57\/100|[from] drain|[of] p1a: Typhlosion\n|faint|p1a: Typhlosion\n|\n|-weather|none\n|upkeep\n|turn|9\n|\n|t:|1698169837\n|move|p1b: Slaking|Play Rough|p2b: Iron Hands\n|-supereffective|p2b: Iron Hands\n|-damage|p2b: Iron Hands|10\/100\n|move|p2b: Iron Hands|Ice Punch|p1b: Slaking\n|-damage|p1b: Slaking|0 fnt\n|faint|p1b: Slaking\n|\n|win|Inkubone\n|raw|retgfrgtr's rating: 1031 &rarr; <strong>1019<\/strong><br \/>(-12 for losing)\n|raw|Inkubone's rating: 1098 &rarr; <strong>1118<\/strong><br \/>(+20 for winning)\n|l|\u2606retgfrgtr\n|c|\u2606Inkubone|Gg\n","uploadtime":1698169883,"views":9,"p1id":"retgfrgtr","p2id":"inkubone","formatid":"gen9nationaldexdoubles","rating":1019,"private":0,"password":""}