{"id":"gen9nationaldexdoubles-1966048571","p1":"flutteringfairryyy","p2":"Ancientguirus","format":"[Gen 9] National Dex Doubles","log":"|j|\u2606flutteringfairryyy\n|j|\u2606Ancientguirus\n|t:|1697140378\n|gametype|doubles\n|player|p1|flutteringfairryyy|skierf|\n|player|p2|Ancientguirus|raihan|\n|teamsize|p1|6\n|teamsize|p2|6\n|gen|9\n|tier|[Gen 9] National Dex Doubles\n|rule|HP Percentage Mod: HP is shown in percentages\n|rule|Endless Battle Clause: Forcing endless battles is banned\n|rule|OHKO Clause: OHKO moves are banned\n|rule|Evasion Moves Clause: Evasion moves are banned\n|rule|Evasion Abilities Clause: Evasion abilities are banned\n|rule|Species Clause: Limit one of each Pok\u00e9mon\n|rule|Gravity Sleep Clause: The combination of sleep-inducing moves with imperfect accuracy and Gravity or Gigantamax Orbeetle are banned\n|clearpoke\n|poke|p1|Clefable, F|\n|poke|p1|Amoonguss, M|\n|poke|p1|Cresselia, F|\n|poke|p1|Comfey, M|\n|poke|p1|Audino, M|\n|poke|p1|Eldegoss, M|\n|poke|p2|Skeledirge, M|\n|poke|p2|Feraligatr, M|\n|poke|p2|Okidogi, M|\n|poke|p2|Grimmsnarl, M|\n|poke|p2|Marshadow|\n|poke|p2|Serperior, M|\n|teampreview\n|\n|t:|1697140431\n|start\n|switch|p1a: a|Clefable, F|100\/100\n|switch|p1b: hhhh|Eldegoss, M, shiny|100\/100\n|switch|p2a: croc|Skeledirge, M|100\/100\n|switch|p2b: gator|Feraligatr, M, shiny|100\/100\n|turn|1\n|\n|t:|1697140460\n|switch|p1b: death|Cresselia, F, shiny|100\/100\n|move|p1a: a|Protect|p1a: a\n|-singleturn|p1a: a|Protect\n|move|p2b: gator|Dragon Dance|p2b: gator\n|-boost|p2b: gator|atk|1\n|-boost|p2b: gator|spe|1\n|move|p2a: croc|Torch Song|p1b: death\n|-damage|p1b: death|76\/100\n|-boost|p2a: croc|spa|1\n|\n|upkeep\n|turn|2\n|\n|t:|1697140495\n|-terastallize|p1b: death|Electric\n|move|p2b: gator|Dragon Dance|p2b: gator\n|-boost|p2b: gator|atk|1\n|-boost|p2b: gator|spe|1\n|move|p1b: death|Thunderbolt|p2a: croc\n|-damage|p2a: croc|77\/100\n|move|p2a: croc|Shadow Ball|p1b: death\n|-damage|p1b: death|37\/100\n|move|p1a: a|Moonblast|p2b: gator\n|-damage|p2b: gator|41\/100\n|-unboost|p2b: gator|spa|1\n|\n|upkeep\n|turn|3\n|\n|t:|1697140541\n|move|p2b: gator|Rock Slide|p1a: a|[spread] p1a,p1b\n|-damage|p1a: a|35\/100\n|-damage|p1b: death|0 fnt\n|faint|p1b: death\n|move|p2a: croc|Torch Song|p1a: a\n|-crit|p1a: a\n|-damage|p1a: a|0 fnt\n|-boost|p2a: croc|spa|1\n|faint|p1a: a\n|\n|upkeep\n|\n|t:|1697140597\n|switch|p1b: hh|Audino, M|100\/100\n|switch|p1a: Amoonguss|Amoonguss, M|100\/100\n|turn|4\n|\n|t:|1697140620\n|move|p2b: gator|Rock Slide|p1b: hh|[spread] p1a,p1b\n|-damage|p1a: Amoonguss|51\/100\n|-damage|p1b: hh|43\/100\n|move|p2a: croc|Torch Song|p1a: Amoonguss\n|-supereffective|p1a: Amoonguss\n|-damage|p1a: Amoonguss|0 fnt\n|-boost|p2a: croc|spa|1\n|faint|p1a: Amoonguss\n|move|p1b: hh|Knock Off|p2a: croc\n|-supereffective|p2a: croc\n|-damage|p2a: croc|53\/100\n|-enditem|p2a: croc|Assault Vest|[from] move: Knock Off|[of] p1b: hh\n|\n|upkeep\n|\n|t:|1697140636\n|switch|p1a: rosary|Comfey, M|100\/100\n|turn|5\n|\n|t:|1697140672\n|move|p1b: hh|Protect|p1b: hh\n|-singleturn|p1b: hh|Protect\n|move|p1a: rosary|Giga Drain|p2b: gator\n|-supereffective|p2b: gator\n|-damage|p2b: gator|0 fnt\n|faint|p2b: gator\n|move|p2a: croc|Torch Song|p1b: hh\n|-activate|p1b: hh|move: Protect\n|\n|upkeep\n|\n|t:|1697140688\n|switch|p2b: Ruff Day|Okidogi, M|100\/100\n|turn|6\n|\n|t:|1697140708\n|move|p1a: rosary|Protect|p1a: rosary\n|-singleturn|p1a: rosary|Protect\n|move|p2b: Ruff Day|Bulk Up|p2b: Ruff Day\n|-boost|p2b: Ruff Day|atk|1\n|-boost|p2b: Ruff Day|def|1\n|move|p2a: croc|Torch Song|p1b: hh\n|-damage|p1b: hh|0 fnt\n|-boost|p2a: croc|spa|1\n|faint|p1b: hh\n|\n|upkeep\n|\n|t:|1697140718\n|switch|p1b: hhhh|Eldegoss, M, shiny|100\/100\n|turn|7\n|\n|t:|1697140734\n|move|p1a: rosary|Giga Drain|p2b: Ruff Day\n|-resisted|p2b: Ruff Day\n|-damage|p2b: Ruff Day|89\/100\n|move|p2b: Ruff Day|Poison Jab|p1a: rosary\n|-supereffective|p1a: rosary\n|-damage|p1a: rosary|0 fnt\n|faint|p1a: rosary\n|move|p2a: croc|Torch Song|p1b: hhhh\n|-supereffective|p1b: hhhh\n|-damage|p1b: hhhh|0 fnt\n|-boost|p2a: croc|spa|1\n|faint|p1b: hhhh\n|\n|win|Ancientguirus\n|l|\u2606flutteringfairryyy\n","uploadtime":1697140778,"views":8,"p1id":"flutteringfairryyy","p2id":"ancientguirus","formatid":"gen9nationaldexdoubles","rating":0,"private":0,"password":""}