{"id":"gen9nationaldexdoubles-1965550380","p1":"ShrimpTheShrimp","p2":"Slash Death","format":"[Gen 9] National Dex Doubles","log":"|j|\u2606ShrimpTheShrimp\n|j|\u2606Slash Death\n|t:|1697086578\n|gametype|doubles\n|player|p1|ShrimpTheShrimp|ltsurge|\n|player|p2|Slash Death|unknown|\n|teamsize|p1|6\n|teamsize|p2|6\n|gen|9\n|tier|[Gen 9] National Dex Doubles\n|rated|Tournament battle\n|rule|HP Percentage Mod: HP is shown in percentages\n|rule|Endless Battle Clause: Forcing endless battles is banned\n|rule|OHKO Clause: OHKO moves are banned\n|rule|Evasion Moves Clause: Evasion moves are banned\n|rule|Evasion Abilities Clause: Evasion abilities are banned\n|rule|Species Clause: Limit one of each Pok\u00e9mon\n|rule|Gravity Sleep Clause: The combination of sleep-inducing moves with imperfect accuracy and Gravity or Gigantamax Orbeetle are banned\n|clearpoke\n|poke|p1|Rillaboom, F|\n|poke|p1|Entei|\n|poke|p1|Charizard, M|\n|poke|p1|Lilligant-Hisui, F|\n|poke|p1|Walking Wake|\n|poke|p1|Chi-Yu|\n|poke|p2|Ting-Lu|\n|poke|p2|Iron Hands|\n|poke|p2|Palafin, F|\n|poke|p2|Rillaboom, M|\n|poke|p2|Jirachi|\n|poke|p2|Diancie|\n|teampreview\n|c|\u2606ShrimpTheShrimp|hmm this team looks familiar lol\n|\n|t:|1697086623\n|start\n|switch|p1a: Entei|Entei, shiny|100\/100\n|switch|p1b: Charizard|Charizard, M, shiny|100\/100\n|switch|p2a: King Dunk|Rillaboom, M|100\/100\n|switch|p2b: Super Dumbass|Palafin, F|100\/100\n|-fieldstart|move: Grassy Terrain|[from] ability: Grassy Surge|[of] p2a: King Dunk\n|turn|1\n|c|\u2606Slash Death|Jello used my team\n|c|\u2606ShrimpTheShrimp|Hmm\n|\n|t:|1697086646\n|detailschange|p2b: Super Dumbass|Palafin-Hero, F\n|switch|p2b: Minerals|Diancie|100\/100\n|switch|p2a: Bowl of Cereal|Ting-Lu|100\/100\n|-ability|p2a: Bowl of Cereal|Vessel of Ruin\n|detailschange|p1b: Charizard|Charizard-Mega-Y, M, shiny\n|-mega|p1b: Charizard|Charizard|Charizardite Y\n|-weather|SunnyDay|[from] ability: Drought|[of] p1b: Charizard\n|move|p1b: Charizard|Protect|p1b: Charizard\n|-singleturn|p1b: Charizard|Protect\n|move|p1a: Entei|Sacred Fire|p2b: Minerals\n|-resisted|p2b: Minerals\n|-damage|p2b: Minerals|76\/100\n|\n|-weather|SunnyDay|[upkeep]\n|-heal|p2b: Minerals|82\/100|[from] Grassy Terrain\n|upkeep\n|turn|2\n|\n|t:|1697086680\n|switch|p1b: Rillaboom|Rillaboom, F, shiny|100\/100\n|move|p1a: Entei|Sacred Fire|p2a: Bowl of Cereal|[miss]\n|-miss|p1a: Entei|p2a: Bowl of Cereal\n|move|p2a: Bowl of Cereal|Stomping Tantrum|p1a: Entei\n|-supereffective|p1a: Entei\n|-damage|p1a: Entei|56\/100\n|move|p2b: Minerals|Trick Room|p2b: Minerals\n|-fieldstart|move: Trick Room|[of] p2b: Minerals\n|\n|-weather|SunnyDay|[upkeep]\n|-heal|p2b: Minerals|88\/100|[from] Grassy Terrain\n|-heal|p1a: Entei|62\/100|[from] Grassy Terrain\n|upkeep\n|turn|3\n|c|\u2606ShrimpTheShrimp|epic\n|\n|t:|1697086695\n|move|p2b: Minerals|Protect|p2b: Minerals\n|-singleturn|p2b: Minerals|Protect\n|move|p1b: Rillaboom|Fake Out|p2b: Minerals\n|-activate|p2b: Minerals|move: Protect\n|move|p2a: Bowl of Cereal|Stomping Tantrum|p1a: Entei\n|-supereffective|p1a: Entei\n|-damage|p1a: Entei|15\/100\n|move|p1a: Entei|Sacred Fire|p2a: Bowl of Cereal\n|-damage|p2a: Bowl of Cereal|64\/100\n|\n|-weather|SunnyDay|[upkeep]\n|-heal|p2a: Bowl of Cereal|70\/100|[from] Grassy Terrain\n|-heal|p2a: Bowl of Cereal|77\/100|[from] item: Leftovers\n|-heal|p2b: Minerals|95\/100|[from] Grassy Terrain\n|-heal|p1a: Entei|21\/100|[from] Grassy Terrain\n|upkeep\n|turn|4\n|\n|t:|1697086709\n|-terastallize|p2b: Minerals|Grass\n|-terastallize|p1b: Rillaboom|Grass\n|move|p1a: Entei|Protect|p1a: Entei\n|-singleturn|p1a: Entei|Protect\n|move|p2a: Bowl of Cereal|Spikes|p1b: Rillaboom\n|-sidestart|p1: ShrimpTheShrimp|Spikes\n|move|p2b: Minerals|Diamond Storm|p1b: Rillaboom|[spread] p1b\n|-activate|p1a: Entei|move: Protect\n|-damage|p1b: Rillaboom|71\/100\n|move|p1b: Rillaboom|Wood Hammer|p2b: Minerals\n|-resisted|p2b: Minerals\n|-damage|p2b: Minerals|37\/100\n|-enditem|p2b: Minerals|Sitrus Berry|[eat]\n|-heal|p2b: Minerals|62\/100|[from] item: Sitrus Berry\n|-damage|p1b: Rillaboom|56\/100|[from] Recoil\n|\n|-weather|SunnyDay|[upkeep]\n|-heal|p2a: Bowl of Cereal|83\/100|[from] Grassy Terrain\n|-heal|p2a: Bowl of Cereal|89\/100|[from] item: Leftovers\n|-heal|p2b: Minerals|68\/100|[from] Grassy Terrain\n|-heal|p1b: Rillaboom|62\/100|[from] Grassy Terrain\n|-heal|p1a: Entei|27\/100|[from] Grassy Terrain\n|upkeep\n|turn|5\n|\n|t:|1697086722\n|move|p1a: Entei|Extreme Speed|p2b: Minerals\n|-damage|p2b: Minerals|50\/100\n|move|p2a: Bowl of Cereal|Spikes|p1a: Entei\n|-sidestart|p1: ShrimpTheShrimp|Spikes\n|move|p2b: Minerals|Diamond Storm|p1b: Rillaboom|[spread] p1a,p1b\n|-supereffective|p1a: Entei\n|-damage|p1a: Entei|0 fnt\n|-damage|p1b: Rillaboom|28\/100\n|faint|p1a: Entei\n|move|p1b: Rillaboom|Wood Hammer|p2a: Bowl of Cereal\n|-supereffective|p2a: Bowl of Cereal\n|-damage|p2a: Bowl of Cereal|0 fnt\n|faint|p2a: Bowl of Cereal\n|-damage|p1b: Rillaboom|0 fnt|[from] Recoil\n|faint|p1b: Rillaboom\n|\n|-weather|none\n|-heal|p2b: Minerals|56\/100|[from] Grassy Terrain\n|-fieldend|move: Grassy Terrain\n|upkeep\n|\n|t:|1697086736\n|switch|p2a: To a T|Iron Hands|100\/100\n|switch|p1b: Lilligant|Lilligant-Hisui, F, shiny|100\/100\n|switch|p1a: Charizard|Charizard-Mega-Y, M, shiny|100\/100\n|-weather|SunnyDay|[from] ability: Drought|[of] p1a: Charizard\n|-damage|p1b: Lilligant|84\/100|[from] Spikes\n|turn|6\n|\n|t:|1697086795\n|move|p1a: Charizard|Protect|p1a: Charizard\n|-singleturn|p1a: Charizard|Protect\n|move|p1b: Lilligant|Protect|p1b: Lilligant\n|-singleturn|p1b: Lilligant|Protect\n|move|p2b: Minerals|Diamond Storm|p1b: Lilligant|[spread] \n|-activate|p1a: Charizard|move: Protect\n|-activate|p1b: Lilligant|move: Protect\n|move|p2a: To a T|Ice Punch|p1b: Lilligant\n|-activate|p1b: Lilligant|move: Protect\n|\n|-weather|SunnyDay|[upkeep]\n|-fieldend|move: Trick Room\n|upkeep\n|turn|7\n|\n|t:|1697086812\n|move|p2b: Minerals|Protect|p2b: Minerals\n|-singleturn|p2b: Minerals|Protect\n|move|p1b: Lilligant|Sleep Powder|p2a: To a T|[miss]\n|-miss|p1b: Lilligant|p2a: To a T\n|move|p1a: Charizard|Heat Wave|p2b: Minerals|[spread] p2a\n|-activate|p2b: Minerals|move: Protect\n|-damage|p2a: To a T|68\/100\n|move|p2a: To a T|Wild Charge|p1a: Charizard\n|-supereffective|p1a: Charizard\n|-damage|p1a: Charizard|0 fnt\n|faint|p1a: Charizard\n|-damage|p2a: To a T|52\/100|[from] Recoil\n|\n|-weather|SunnyDay|[upkeep]\n|upkeep\n|c|\u2606ShrimpTheShrimp|ah\n|c|\u2606ShrimpTheShrimp|neat\n|\n|t:|1697086830\n|switch|p1a: Chi-Yu|Chi-Yu|100\/100\n|-damage|p1a: Chi-Yu|84\/100|[from] Spikes\n|-ability|p1a: Chi-Yu|Beads of Ruin\n|turn|8\n|\n|t:|1697086850\n|switch|p2b: Wishes coming true|Jirachi|100\/100\n|move|p1b: Lilligant|Solar Blade||[still]\n|-prepare|p1b: Lilligant|Solar Blade\n|-anim|p1b: Lilligant|Solar Blade|p2b: Wishes coming true\n|-resisted|p2b: Wishes coming true\n|-crit|p2b: Wishes coming true\n|-damage|p2b: Wishes coming true|82\/100\n|move|p1a: Chi-Yu|Heat Wave|p2b: Wishes coming true|[spread] p2b\n|-miss|p1a: Chi-Yu|p2a: To a T\n|-supereffective|p2b: Wishes coming true\n|-damage|p2b: Wishes coming true|0 fnt\n|faint|p2b: Wishes coming true\n|move|p2a: To a T|Drain Punch|p1a: Chi-Yu\n|-supereffective|p1a: Chi-Yu\n|-damage|p1a: Chi-Yu|0 fnt\n|-heal|p2a: To a T|75\/100|[from] drain|[of] p1a: Chi-Yu\n|faint|p1a: Chi-Yu\n|\n|-weather|SunnyDay|[upkeep]\n|upkeep\n|c|\u2606ShrimpTheShrimp|*sigh*\n|\n|t:|1697086894\n|switch|p1a: Walking Wake|Walking Wake|100\/100\n|switch|p2b: King Dunk|Rillaboom, M|100\/100\n|-damage|p1a: Walking Wake|84\/100|[from] Spikes\n|-activate|p1a: Walking Wake|ability: Protosynthesis\n|-start|p1a: Walking Wake|protosynthesisspe\n|-fieldstart|move: Grassy Terrain|[from] ability: Grassy Surge|[of] p2b: King Dunk\n|turn|9\n|\n|t:|1697086918\n|move|p2b: King Dunk|Fake Out|p1b: Lilligant\n|-damage|p1b: Lilligant|66\/100\n|cant|p1b: Lilligant|flinch\n|move|p1a: Walking Wake|Flamethrower|p2b: King Dunk\n|-supereffective|p2b: King Dunk\n|-damage|p2b: King Dunk|11\/100\n|-damage|p1a: Walking Wake|74\/100|[from] item: Life Orb\n|move|p2a: To a T|Wild Charge|p1a: Walking Wake\n|-crit|p1a: Walking Wake\n|-damage|p1a: Walking Wake|0 fnt\n|faint|p1a: Walking Wake\n|-end|p1a: Walking Wake|Protosynthesis|[silent]\n|-damage|p2a: To a T|61\/100|[from] Recoil\n|\n|-weather|SunnyDay|[upkeep]\n|-heal|p1b: Lilligant|72\/100|[from] Grassy Terrain\n|-heal|p2b: King Dunk|17\/100|[from] Grassy Terrain\n|-heal|p2a: To a T|68\/100|[from] Grassy Terrain\n|upkeep\n|turn|10\n|c|\u2606ShrimpTheShrimp|cool\n|\n|t:|1697086937\n|move|p2b: King Dunk|Grassy Glide|p1b: Lilligant\n|-resisted|p1b: Lilligant\n|-damage|p1b: Lilligant|48\/100\n|move|p1b: Lilligant|Sleep Powder|p2a: To a T\n|-status|p2a: To a T|slp|[from] move: Sleep Powder\n|cant|p2a: To a T|slp\n|\n|-weather|none\n|-heal|p1b: Lilligant|54\/100|[from] Grassy Terrain\n|-heal|p2b: King Dunk|24\/100|[from] Grassy Terrain\n|-heal|p2a: To a T|74\/100 slp|[from] Grassy Terrain\n|upkeep\n|turn|11\n|-message|ShrimpTheShrimp forfeited.\n|\n|win|Slash Death\n|n|\u2606ShrimpTheShrimp|shrimptheshrimp\n|n|\u2606Slash Death|slashdeath\n|l|\u2606ShrimpTheShrimp\n|c|\u2606Slash Death|Gg\n|l|\u2606Slash Death\n|j| Smudge\n","uploadtime":1697087021,"views":27,"p1id":"shrimptheshrimp","p2id":"slashdeath","formatid":"gen9nationaldexdoubles","rating":0,"private":0,"password":""}