{"id":"gen9nationaldexdoubles-1969300983","p1":"uuubeast","p2":"Mmirza","format":"[Gen 9] National Dex Doubles","log":"|j|\u2606uuubeast\n|j|\u2606Mmirza\n|t:|1697511496\n|gametype|doubles\n|player|p1|uuubeast|265|1307\n|player|p2|Mmirza|saturn|1613\n|teamsize|p1|6\n|teamsize|p2|6\n|gen|9\n|tier|[Gen 9] National Dex Doubles\n|rated|\n|rule|HP Percentage Mod: HP is shown in percentages\n|rule|Endless Battle Clause: Forcing endless battles is banned\n|rule|OHKO Clause: OHKO moves are banned\n|rule|Evasion Moves Clause: Evasion moves are banned\n|rule|Evasion Abilities Clause: Evasion abilities are banned\n|rule|Species Clause: Limit one of each Pok\u00e9mon\n|rule|Gravity Sleep Clause: The combination of sleep-inducing moves with imperfect accuracy and Gravity or Gigantamax Orbeetle are banned\n|clearpoke\n|poke|p1|Pelipper, M|\n|poke|p1|Greninja-*, M|\n|poke|p1|Swampert, F|\n|poke|p1|Meloetta|\n|poke|p1|Primarina, F|\n|poke|p1|Zeraora|\n|poke|p2|Incineroar, M|\n|poke|p2|Gastrodon-East, M|\n|poke|p2|Rillaboom, M|\n|poke|p2|Zygarde|\n|poke|p2|Amoonguss, M|\n|poke|p2|Chien-Pao|\n|teampreview\n|inactive|Battle timer is ON: inactive players will automatically lose when time's up. (requested by Mmirza)\n|inactive|Mmirza has 120 seconds left.\n|\n|t:|1697511534\n|start\n|switch|p1a: Pelipper|Pelipper, M|100\/100\n|switch|p1b: Zeraora|Zeraora|100\/100\n|switch|p2a: Incineroar|Incineroar, M, shiny|100\/100\n|switch|p2b: Chien-Pao|Chien-Pao|100\/100\n|-ability|p2b: Chien-Pao|Sword of Ruin\n|-ability|p2a: Incineroar|Intimidate|boost\n|-unboost|p1a: Pelipper|atk|1\n|-unboost|p1b: Zeraora|atk|1\n|-weather|RainDance|[from] ability: Drizzle|[of] p1a: Pelipper\n|turn|1\n|\n|t:|1697511552\n|switch|p2b: Gastrodon|Gastrodon-East, M, shiny|100\/100\n|move|p1b: Zeraora|Volt Switch|p2b: Gastrodon\n|-immune|p2b: Gastrodon\n|move|p2a: Incineroar|Knock Off|p1a: Pelipper\n|-damage|p1a: Pelipper|44\/100\n|-enditem|p1a: Pelipper|Damp Rock|[from] move: Knock Off|[of] p2a: Incineroar\n|move|p1a: Pelipper|Tailwind|p1a: Pelipper\n|-sidestart|p1: uuubeast|move: Tailwind\n|\n|-weather|RainDance|[upkeep]\n|upkeep\n|turn|2\n|\n|t:|1697511571\n|switch|p2a: Zygarde|Zygarde, shiny|100\/100\n|-ability|p2a: Zygarde|Aura Break\n|move|p1b: Zeraora|Volt Switch|p2a: Zygarde\n|-immune|p2a: Zygarde\n|move|p1a: Pelipper|Echoed Voice|p2b: Gastrodon\n|-damage|p2b: Gastrodon|88\/100\n|move|p2b: Gastrodon|Earth Power|p1b: Zeraora\n|-supereffective|p1b: Zeraora\n|-damage|p1b: Zeraora|2\/100\n|\n|-weather|RainDance|[upkeep]\n|-heal|p2b: Gastrodon|94\/100|[from] item: Leftovers\n|upkeep\n|turn|3\n|\n|t:|1697511589\n|move|p1b: Zeraora|Echoed Voice|p2b: Gastrodon\n|-damage|p2b: Gastrodon|76\/100\n|move|p1a: Pelipper|Hurricane|p2b: Gastrodon\n|-damage|p2b: Gastrodon|31\/100\n|move|p2a: Zygarde|Dragon Dance|p2a: Zygarde\n|-boost|p2a: Zygarde|atk|1\n|-boost|p2a: Zygarde|spe|1\n|move|p2b: Gastrodon|Ice Beam|p1a: Pelipper\n|-damage|p1a: Pelipper|11\/100\n|\n|-weather|RainDance|[upkeep]\n|-heal|p2b: Gastrodon|37\/100|[from] item: Leftovers\n|upkeep\n|turn|4\n|\n|t:|1697511612\n|move|p2b: Gastrodon|Protect|p2b: Gastrodon\n|-singleturn|p2b: Gastrodon|Protect\n|move|p1b: Zeraora|Echoed Voice|p2a: Zygarde\n|-damage|p2a: Zygarde|80\/100\n|move|p2a: Zygarde|Dragon Dance|p2a: Zygarde\n|-boost|p2a: Zygarde|atk|1\n|-boost|p2a: Zygarde|spe|1\n|move|p1a: Pelipper|Hurricane|p2b: Gastrodon\n|-activate|p2b: Gastrodon|move: Protect\n|\n|-weather|RainDance|[upkeep]\n|-heal|p2a: Zygarde|86\/100|[from] item: Leftovers\n|-heal|p2b: Gastrodon|43\/100|[from] item: Leftovers\n|-sideend|p1: uuubeast|move: Tailwind\n|upkeep\n|turn|5\n|\n|t:|1697511627\n|switch|p2b: Incineroar|Incineroar, M, shiny|100\/100\n|-ability|p2b: Incineroar|Intimidate|boost\n|-unboost|p1a: Pelipper|atk|1\n|-unboost|p1b: Zeraora|atk|1\n|move|p2a: Zygarde|Thousand Arrows|p1b: Zeraora|[spread] p1a,p1b\n|-supereffective|p1b: Zeraora\n|-damage|p1a: Pelipper|0 fnt\n|-damage|p1b: Zeraora|0 fnt\n|faint|p1a: Pelipper\n|faint|p1b: Zeraora\n|\n|-weather|RainDance|[upkeep]\n|-heal|p2a: Zygarde|92\/100|[from] item: Leftovers\n|upkeep\n|\n|t:|1697511637\n|switch|p1b: Primarina|Primarina, F|100\/100\n|switch|p1a: Swampert|Swampert, F|100\/100\n|turn|6\n|\n|t:|1697511654\n|detailschange|p1a: Swampert|Swampert-Mega, F\n|-mega|p1a: Swampert|Swampert|Swampertite\n|-terastallize|p2a: Zygarde|Normal\n|move|p2b: Incineroar|Fake Out|p1b: Primarina\n|-damage|p1b: Primarina|78\/100\n|move|p1a: Swampert|Echoed Voice|p2b: Incineroar\n|-damage|p2b: Incineroar|89\/100\n|move|p2a: Zygarde|Thousand Arrows|p1a: Swampert|[spread] p1a,p1b\n|-damage|p1a: Swampert|55\/100\n|-damage|p1b: Primarina|4\/100\n|cant|p1b: Primarina|flinch\n|\n|-weather|RainDance|[upkeep]\n|-heal|p2a: Zygarde|98\/100|[from] item: Leftovers\n|upkeep\n|turn|7\n|l|\u2606uuubeast\n|inactive|uuubeast disconnected and has a minute to reconnect!\n|player|p1|\n|inactive|uuubeast has 30 seconds to reconnect!\n|inactive|uuubeast has 20 seconds to reconnect!\n|inactive|uuubeast has 15 seconds to reconnect!\n|inactive|uuubeast has 10 seconds to reconnect!\n|inactive|uuubeast has 5 seconds to reconnect!\n|-message|uuubeast lost due to inactivity.\n|\n|win|Mmirza\n|raw|uuubeast's rating: 1307 &rarr; <strong>1301<\/strong><br \/>(-6 for losing)\n|raw|Mmirza's rating: 1613 &rarr; <strong>1619<\/strong><br \/>(+6 for winning)\n","uploadtime":1697511732,"views":12,"p1id":"uuubeast","p2id":"mmirza","formatid":"gen9nationaldexdoubles","rating":1301,"private":0,"password":""}