{"id":"gen9nationaldexdoubles-1950746528","p1":"qasxcfdcvbjhygtf","p2":"GoldenAct4","format":"[Gen 9] National Dex Doubles","log":"|j|\u2606qasxcfdcvbjhygtf\n|j|\u2606GoldenAct4\n|t:|1695502028\n|gametype|doubles\n|player|p1|qasxcfdcvbjhygtf|guzma|1087\n|player|p2|GoldenAct4|riley|1197\n|teamsize|p1|6\n|teamsize|p2|6\n|gen|9\n|tier|[Gen 9] National Dex Doubles\n|rated|\n|rule|HP Percentage Mod: HP is shown in percentages\n|rule|Endless Battle Clause: Forcing endless battles is banned\n|rule|OHKO Clause: OHKO moves are banned\n|rule|Evasion Moves Clause: Evasion moves are banned\n|rule|Evasion Abilities Clause: Evasion abilities are banned\n|rule|Species Clause: Limit one of each Pok\u00e9mon\n|rule|Gravity Sleep Clause: The combination of sleep-inducing moves with imperfect accuracy and Gravity or Gigantamax Orbeetle are banned\n|clearpoke\n|poke|p1|Sinistcha|\n|poke|p1|Snorlax, F|\n|poke|p1|Torkoal, F|\n|poke|p1|Ursaluna-Bloodmoon, M|\n|poke|p1|Hatterene, F|\n|poke|p1|Pheromosa|\n|poke|p2|Amoonguss, M|\n|poke|p2|Iron Hands|\n|poke|p2|Corviknight, M|\n|poke|p2|Kartana|\n|poke|p2|Nosepass, L1, M|\n|poke|p2|Flutter Mane|\n|teampreview\n|\n|t:|1695502066\n|start\n|switch|p1a: Mmm Tasty|Sinistcha|100\/100\n|switch|p1b: Snorlax|Snorlax, F|100\/100\n|switch|p2a: Flutter Mane|Flutter Mane, shiny|100\/100\n|switch|p2b: Iron Hands|Iron Hands|100\/100\n|-enditem|p2a: Flutter Mane|Booster Energy\n|-activate|p2a: Flutter Mane|ability: Protosynthesis|[fromitem]\n|-start|p2a: Flutter Mane|protosynthesisspe\n|turn|1\n|\n|t:|1695502105\n|switch|p1b: Margret Thatcher|Hatterene, F|100\/100\n|-terastallize|p1a: Mmm Tasty|Water\n|move|p2a: Flutter Mane|Shadow Ball|p1a: Mmm Tasty\n|-damage|p1a: Mmm Tasty|68\/100\n|move|p2b: Iron Hands|Drain Punch|p1b: Margret Thatcher\n|-resisted|p1b: Margret Thatcher\n|-damage|p1b: Margret Thatcher|87\/100\n|move|p1a: Mmm Tasty|Trick Room|p1a: Mmm Tasty\n|-fieldstart|move: Trick Room|[of] p1a: Mmm Tasty\n|\n|upkeep\n|turn|2\n|\n|t:|1695502124\n|move|p1a: Mmm Tasty|Rage Powder|p1a: Mmm Tasty\n|-singleturn|p1a: Mmm Tasty|move: Rage Powder\n|-zpower|p1b: Margret Thatcher\n|move|p1b: Margret Thatcher|Twinkle Tackle|p2b: Iron Hands|[zeffect]\n|-supereffective|p2b: Iron Hands\n|-damage|p2b: Iron Hands|0 fnt\n|faint|p2b: Iron Hands\n|-end|p2b: Iron Hands|Quark Drive|[silent]\n|move|p2a: Flutter Mane|Shadow Ball|p1a: Mmm Tasty\n|-damage|p1a: Mmm Tasty|34\/100\n|\n|upkeep\n|\n|t:|1695502135\n|switch|p2b: Kartana|Kartana, shiny|100\/100\n|turn|3\n|inactive|Battle timer is ON: inactive players will automatically lose when time's up. (requested by GoldenAct4)\n|\n|t:|1695502157\n|switch|p1b: Yogi Bear|Ursaluna-Bloodmoon, M|100\/100\n|move|p1a: Mmm Tasty|Strength Sap|p2b: Kartana\n|-unboost|p2b: Kartana|atk|1\n|-heal|p1a: Mmm Tasty|100\/100\n|move|p2b: Kartana|Leaf Blade|p1a: Mmm Tasty\n|-supereffective|p1a: Mmm Tasty\n|-damage|p1a: Mmm Tasty|27\/100\n|-damage|p2b: Kartana|84\/100|[from] item: Rocky Helmet|[of] p1a: Mmm Tasty\n|move|p2a: Flutter Mane|Shadow Ball|p1b: Yogi Bear\n|-immune|p1b: Yogi Bear\n|\n|upkeep\n|turn|4\n|inactive|GoldenAct4 has 120 seconds left.\n|\n|t:|1695502190\n|move|p1b: Yogi Bear|Calm Mind|p1b: Yogi Bear\n|-boost|p1b: Yogi Bear|spa|1\n|-boost|p1b: Yogi Bear|spd|1\n|move|p1a: Mmm Tasty|Strength Sap|p2b: Kartana\n|-unboost|p2b: Kartana|atk|1\n|-heal|p1a: Mmm Tasty|100\/100\n|move|p2b: Kartana|Leaf Blade|p1b: Yogi Bear\n|-supereffective|p1b: Yogi Bear\n|-damage|p1b: Yogi Bear|61\/100\n|move|p2a: Flutter Mane|Dazzling Gleam|p1a: Mmm Tasty|[spread] p1a,p1b\n|-damage|p1a: Mmm Tasty|78\/100\n|-damage|p1b: Yogi Bear|41\/100\n|\n|upkeep\n|turn|5\n|inactive|qasxcfdcvbjhygtf has 120 seconds left.\n|\n|t:|1695502230\n|-terastallize|p2a: Flutter Mane|Fairy\n|move|p1b: Yogi Bear|Blood Moon|p2a: Flutter Mane\n|-damage|p2a: Flutter Mane|0 fnt\n|faint|p2a: Flutter Mane\n|-end|p2a: Flutter Mane|Protosynthesis|[silent]\n|-damage|p1b: Yogi Bear|31\/100|[from] item: Life Orb\n|move|p1a: Mmm Tasty|Strength Sap|p2b: Kartana\n|-unboost|p2b: Kartana|atk|1\n|-heal|p1a: Mmm Tasty|100\/100\n|move|p2b: Kartana|Leaf Blade|p1a: Mmm Tasty\n|-supereffective|p1a: Mmm Tasty\n|-damage|p1a: Mmm Tasty|57\/100\n|-damage|p2b: Kartana|67\/100|[from] item: Rocky Helmet|[of] p1a: Mmm Tasty\n|\n|-fieldend|move: Trick Room\n|upkeep\n|\n|t:|1695502244\n|switch|p2a: Nosepass|Nosepass, L1, M, shiny|100\/100\n|turn|6\n|\n|t:|1695502258\n|move|p2b: Kartana|Leaf Blade|p1b: Yogi Bear\n|-supereffective|p1b: Yogi Bear\n|-damage|p1b: Yogi Bear|0 fnt\n|faint|p1b: Yogi Bear\n|-ability|p2b: Kartana|Beast Boost|boost\n|-boost|p2b: Kartana|atk|1\n|move|p2a: Nosepass|Pain Split|p1a: Mmm Tasty\n|-sethp|p1a: Mmm Tasty|30\/100|[from] move: Pain Split|[silent]\n|-sethp|p2a: Nosepass|100\/100|[from] move: Pain Split\n|move|p1a: Mmm Tasty|Trick Room|p1a: Mmm Tasty\n|-fieldstart|move: Trick Room|[of] p1a: Mmm Tasty\n|\n|upkeep\n|inactive|qasxcfdcvbjhygtf has 120 seconds left.\n|\n|t:|1695502273\n|switch|p1b: Torkoal|Torkoal, F|100\/100\n|-weather|SunnyDay|[from] ability: Drought|[of] p1b: Torkoal\n|turn|7\n|\n|t:|1695502280\n|move|p2a: Nosepass|Pain Split|p1b: Torkoal\n|-sethp|p1b: Torkoal|52\/100|[from] move: Pain Split|[silent]\n|-sethp|p2a: Nosepass|100\/100|[from] move: Pain Split\n|move|p1b: Torkoal|Heat Wave|p2b: Kartana|[spread] p2a,p2b\n|-resisted|p2a: Nosepass\n|-supereffective|p2b: Kartana\n|-ability|p2a: Nosepass|Sturdy\n|-damage|p2a: Nosepass|10\/100\n|-damage|p2b: Kartana|0 fnt\n|-enditem|p2a: Nosepass|Berry Juice\n|-heal|p2a: Nosepass|100\/100|[from] item: Berry Juice\n|faint|p2b: Kartana\n|move|p1a: Mmm Tasty|Matcha Gotcha|p2a: Nosepass\n|-supereffective|p2a: Nosepass\n|-ability|p2a: Nosepass|Sturdy\n|-damage|p2a: Nosepass|10\/100\n|-heal|p1a: Mmm Tasty|32\/100|[from] drain|[of] p2a: Nosepass\n|\n|-weather|SunnyDay|[upkeep]\n|upkeep\n|\n|t:|1695502298\n|switch|p2b: Corviknight|Corviknight, M, shiny|100\/100\n|turn|8\n|\n|t:|1695502307\n|move|p1a: Mmm Tasty|Rage Powder|p1a: Mmm Tasty\n|-singleturn|p1a: Mmm Tasty|move: Rage Powder\n|move|p2a: Nosepass|Pain Split|p1a: Mmm Tasty\n|-sethp|p1a: Mmm Tasty|16\/100|[from] move: Pain Split|[silent]\n|-sethp|p2a: Nosepass|100\/100|[from] move: Pain Split\n|move|p1b: Torkoal|Heat Wave|p2a: Nosepass|[spread] p2b\n|-miss|p1b: Torkoal|p2a: Nosepass\n|-supereffective|p2b: Corviknight\n|-crit|p2b: Corviknight\n|-damage|p2b: Corviknight|0 fnt\n|faint|p2b: Corviknight\n|\n|-weather|SunnyDay|[upkeep]\n|upkeep\n|\n|t:|1695502317\n|switch|p2b: Amoonguss|Amoonguss, M, shiny|100\/100\n|turn|9\n|\n|t:|1695502327\n|move|p2a: Nosepass|Pain Split|p1b: Torkoal\n|-sethp|p1b: Torkoal|28\/100|[from] move: Pain Split|[silent]\n|-sethp|p2a: Nosepass|100\/100|[from] move: Pain Split\n|move|p1b: Torkoal|Heat Wave|p2a: Nosepass|[spread] p2a,p2b\n|-resisted|p2a: Nosepass\n|-supereffective|p2b: Amoonguss\n|-ability|p2a: Nosepass|Sturdy\n|-damage|p2a: Nosepass|10\/100\n|-damage|p2b: Amoonguss|12\/100\n|-enditem|p2b: Amoonguss|Sitrus Berry|[eat]\n|-heal|p2b: Amoonguss|37\/100|[from] item: Sitrus Berry\n|move|p2b: Amoonguss|Spore|p1b: Torkoal\n|-status|p1b: Torkoal|slp|[from] move: Spore\n|move|p1a: Mmm Tasty|Matcha Gotcha|p2b: Amoonguss|[spread] p2a,p2b\n|-supereffective|p2a: Nosepass\n|-resisted|p2b: Amoonguss\n|-damage|p2a: Nosepass|0 fnt\n|-heal|p1a: Mmm Tasty|16\/100|[from] drain|[of] p2a: Nosepass\n|-damage|p2b: Amoonguss|32\/100\n|-heal|p1a: Mmm Tasty|20\/100|[from] drain|[of] p2b: Amoonguss\n|-status|p2b: Amoonguss|brn\n|faint|p2a: Nosepass\n|\n|-weather|SunnyDay|[upkeep]\n|-damage|p2b: Amoonguss|26\/100 brn|[from] brn\n|upkeep\n|turn|10\n|-message|GoldenAct4 forfeited.\n|\n|win|qasxcfdcvbjhygtf\n|raw|qasxcfdcvbjhygtf's rating: 1087 &rarr; <strong>1122<\/strong><br \/>(+35 for winning)\n|raw|GoldenAct4's rating: 1197 &rarr; <strong>1164<\/strong><br \/>(-33 for losing)\n|l|\u2606GoldenAct4\n|l|\u2606qasxcfdcvbjhygtf\n|j|\u2606qasxcfdcvbjhygtf\n|player|p1|qasxcfdcvbjhygtf|guzma\n","uploadtime":1695502390,"views":7,"p1id":"qasxcfdcvbjhygtf","p2id":"goldenact4","formatid":"gen9nationaldexdoubles","rating":1122,"private":0,"password":""}