{"id":"gen9nationaldexdoubles-1999611024","p1":"IsaacDanger7","p2":"Xero Dracohart","format":"[Gen 9] National Dex Doubles","log":"|j|\u203dIsaacDanger7\n|j|\u2606Xero Dracohart\n|t:|1701101027\n|gametype|doubles\n|player|p1|IsaacDanger7|265|1148\n|player|p2|Xero Dracohart|backers|1040\n|teamsize|p1|6\n|teamsize|p2|6\n|gen|9\n|tier|[Gen 9] National Dex Doubles\n|rated|\n|rule|HP Percentage Mod: HP is shown in percentages\n|rule|Endless Battle Clause: Forcing endless battles is banned\n|rule|OHKO Clause: OHKO moves are banned\n|rule|Evasion Moves Clause: Evasion moves are banned\n|rule|Evasion Abilities Clause: Evasion abilities are banned\n|rule|Species Clause: Limit one of each Pok\u00e9mon\n|rule|Gravity Sleep Clause: The combination of sleep-inducing moves with imperfect accuracy and Gravity or Gigantamax Orbeetle are banned\n|clearpoke\n|poke|p1|Darkrai|\n|poke|p1|Amoonguss, F|\n|poke|p1|Garganacl, M|\n|poke|p1|Brute Bonnet|\n|poke|p1|Goodra-Hisui, F|\n|poke|p1|Regieleki|\n|poke|p2|Espeon, M|\n|poke|p2|Espathra, M|\n|poke|p2|Jirachi|\n|poke|p2|Ogerpon-Hearthflame, F|\n|poke|p2|Grimmsnarl, M|\n|poke|p2|Dragonite, F|\n|teampreview\n|inactive|Battle timer is ON: inactive players will automatically lose when time's up. (requested by IsaacDanger7)\n|\n|t:|1701101053\n|start\n|switch|p1a: Regieleki|Regieleki|100\/100\n|switch|p1b: Brute Bonnet|Brute Bonnet|100\/100\n|switch|p2a: Espathra|Espathra, M|100\/100\n|switch|p2b: Ogerpon|Ogerpon-Hearthflame, F|100\/100\n|-ability|p2b: Ogerpon|Mold Breaker\n|turn|1\n|\n|t:|1701101066\n|move|p2a: Espathra|Protect|p2a: Espathra\n|-singleturn|p2a: Espathra|Protect\n|move|p2b: Ogerpon|Protect|p2b: Ogerpon\n|-singleturn|p2b: Ogerpon|Protect\n|move|p1a: Regieleki|Electroweb|p2b: Ogerpon|[spread] \n|-activate|p2a: Espathra|move: Protect\n|-activate|p2b: Ogerpon|move: Protect\n|move|p1b: Brute Bonnet|Spore|p2a: Espathra\n|-activate|p2a: Espathra|move: Protect\n|\n|-ability|p2a: Espathra|Speed Boost|boost\n|-boost|p2a: Espathra|spe|1\n|upkeep\n|turn|2\n|\n|t:|1701101089\n|move|p2b: Ogerpon|Follow Me|p2b: Ogerpon\n|-singleturn|p2b: Ogerpon|move: Follow Me\n|move|p1a: Regieleki|Electroweb|p2a: Espathra|[spread] p2a,p2b\n|-resisted|p2b: Ogerpon\n|-damage|p2a: Espathra|66\/100\n|-damage|p2b: Ogerpon|90\/100\n|-unboost|p2a: Espathra|spe|1\n|-unboost|p2b: Ogerpon|spe|1\n|move|p2a: Espathra|Substitute|p2a: Espathra\n|-start|p2a: Espathra|Substitute\n|-damage|p2a: Espathra|41\/100\n|move|p1b: Brute Bonnet|Spore|p2b: Ogerpon\n|-immune|p2b: Ogerpon\n|\n|-heal|p2a: Espathra|47\/100|[from] item: Leftovers\n|-ability|p2a: Espathra|Speed Boost|boost\n|-boost|p2a: Espathra|spe|1\n|upkeep\n|turn|3\n|\n|t:|1701101111\n|move|p2a: Espathra|Protect|p2a: Espathra\n|-singleturn|p2a: Espathra|Protect\n|move|p2b: Ogerpon|Protect|p2b: Ogerpon\n|-singleturn|p2b: Ogerpon|Protect\n|move|p1a: Regieleki|Electroweb|p2b: Ogerpon|[spread] \n|-activate|p2a: Espathra|move: Protect\n|-activate|p2b: Ogerpon|move: Protect\n|move|p1b: Brute Bonnet|Stomping Tantrum|p2b: Ogerpon\n|-activate|p2b: Ogerpon|move: Protect\n|\n|-heal|p2a: Espathra|53\/100|[from] item: Leftovers\n|-ability|p2a: Espathra|Speed Boost|boost\n|-boost|p2a: Espathra|spe|1\n|upkeep\n|turn|4\n|\n|t:|1701101131\n|move|p2a: Espathra|Calm Mind|p2a: Espathra\n|-boost|p2a: Espathra|spa|1\n|-boost|p2a: Espathra|spd|1\n|move|p1a: Regieleki|Electroweb|p2b: Ogerpon|[spread] p2a,p2b\n|-activate|p2a: Espathra|move: Substitute|[damage]\n|-resisted|p2b: Ogerpon\n|-damage|p2b: Ogerpon|80\/100\n|-unboost|p2b: Ogerpon|spe|1\n|move|p1b: Brute Bonnet|Stomping Tantrum|p2b: Ogerpon\n|-damage|p2b: Ogerpon|53\/100\n|move|p2b: Ogerpon|Ivy Cudgel|p1b: Brute Bonnet|[anim] Ivy Cudgel Fire\n|-supereffective|p1b: Brute Bonnet\n|-damage|p1b: Brute Bonnet|23\/100\n|\n|-heal|p2a: Espathra|59\/100|[from] item: Leftovers\n|-heal|p1b: Brute Bonnet|29\/100|[from] item: Leftovers\n|-ability|p2a: Espathra|Speed Boost|boost\n|-boost|p2a: Espathra|spe|1\n|upkeep\n|turn|5\n|\n|t:|1701101159\n|move|p2b: Ogerpon|Protect|p2b: Ogerpon\n|-singleturn|p2b: Ogerpon|Protect\n|move|p2a: Espathra|Calm Mind|p2a: Espathra\n|-boost|p2a: Espathra|spa|1\n|-boost|p2a: Espathra|spd|1\n|move|p1a: Regieleki|Electroweb|p2a: Espathra|[spread] p2a\n|-activate|p2b: Ogerpon|move: Protect\n|-end|p2a: Espathra|Substitute\n|move|p1b: Brute Bonnet|Pollen Puff|p2b: Ogerpon\n|-activate|p2b: Ogerpon|move: Protect\n|\n|-heal|p2a: Espathra|65\/100|[from] item: Leftovers\n|-heal|p1b: Brute Bonnet|35\/100|[from] item: Leftovers\n|-ability|p2a: Espathra|Speed Boost|boost\n|-boost|p2a: Espathra|spe|1\n|upkeep\n|turn|6\n|\n|t:|1701101172\n|move|p2a: Espathra|Protect|p2a: Espathra\n|-singleturn|p2a: Espathra|Protect\n|move|p1a: Regieleki|Electroweb|p2b: Ogerpon|[spread] p2b\n|-activate|p2a: Espathra|move: Protect\n|-resisted|p2b: Ogerpon\n|-damage|p2b: Ogerpon|43\/100\n|-unboost|p2b: Ogerpon|spe|1\n|move|p1b: Brute Bonnet|Pollen Puff|p2b: Ogerpon\n|-damage|p2b: Ogerpon|27\/100\n|move|p2b: Ogerpon|Ivy Cudgel|p1a: Regieleki|[anim] Ivy Cudgel Fire\n|-damage|p1a: Regieleki|8\/100\n|\n|-heal|p2a: Espathra|71\/100|[from] item: Leftovers\n|-heal|p1a: Regieleki|14\/100|[from] item: Leftovers\n|-heal|p1b: Brute Bonnet|41\/100|[from] item: Leftovers\n|-ability|p2a: Espathra|Speed Boost|boost\n|-boost|p2a: Espathra|spe|1\n|upkeep\n|turn|7\n|\n|t:|1701101198\n|move|p2b: Ogerpon|Follow Me|p2b: Ogerpon\n|-singleturn|p2b: Ogerpon|move: Follow Me\n|move|p2a: Espathra|Substitute|p2a: Espathra\n|-start|p2a: Espathra|Substitute\n|-damage|p2a: Espathra|46\/100\n|move|p1a: Regieleki|Electroweb|p2b: Ogerpon|[spread] p2a,p2b\n|-activate|p2a: Espathra|move: Substitute|[damage]\n|-resisted|p2b: Ogerpon\n|-damage|p2b: Ogerpon|15\/100\n|-unboost|p2b: Ogerpon|spe|1\n|move|p1b: Brute Bonnet|Pollen Puff|p2b: Ogerpon\n|-damage|p2b: Ogerpon|0 fnt\n|faint|p2b: Ogerpon\n|\n|-heal|p2a: Espathra|52\/100|[from] item: Leftovers\n|-heal|p1a: Regieleki|20\/100|[from] item: Leftovers\n|-heal|p1b: Brute Bonnet|47\/100|[from] item: Leftovers\n|-ability|p2a: Espathra|Speed Boost|boost\n|-boost|p2a: Espathra|spe|1\n|upkeep\n|inactive|Xero Dracohart has 120 seconds left.\n|\n|t:|1701101223\n|switch|p2b: Dragonite|Dragonite, F|100\/100\n|turn|8\n|inactive|Xero Dracohart has 120 seconds left.\n|\n|t:|1701101258\n|move|p1a: Regieleki|Protect|p1a: Regieleki\n|-singleturn|p1a: Regieleki|Protect\n|move|p2a: Espathra|Stored Power|p1a: Regieleki\n|-activate|p1a: Regieleki|move: Protect\n|move|p2b: Dragonite|Ice Spinner|p1b: Brute Bonnet\n|-supereffective|p1b: Brute Bonnet\n|-damage|p1b: Brute Bonnet|5\/100\n|move|p1b: Brute Bonnet|Spore|p2b: Dragonite\n|-status|p2b: Dragonite|slp|[from] move: Spore\n|\n|-heal|p2a: Espathra|59\/100|[from] item: Leftovers\n|-heal|p1a: Regieleki|26\/100|[from] item: Leftovers\n|-heal|p1b: Brute Bonnet|11\/100|[from] item: Leftovers\n|upkeep\n|turn|9\n|inactive|Xero Dracohart has 120 seconds left.\n|\n|t:|1701101280\n|-end|p1b: Brute Bonnet|Protosynthesis|[silent]\n|switch|p1b: Darkrai|Darkrai|100\/100\n|move|p2a: Espathra|Calm Mind|p2a: Espathra\n|-boost|p2a: Espathra|spa|1\n|-boost|p2a: Espathra|spd|1\n|move|p1a: Regieleki|Electroweb|p2a: Espathra|[spread] p2a,p2b\n|-end|p2a: Espathra|Substitute\n|-crit|p2b: Dragonite\n|-damage|p2b: Dragonite|62\/100 slp\n|-unboost|p2b: Dragonite|spe|1\n|cant|p2b: Dragonite|slp\n|\n|-heal|p2a: Espathra|65\/100|[from] item: Leftovers\n|-heal|p1a: Regieleki|32\/100|[from] item: Leftovers\n|-damage|p2b: Dragonite|50\/100 slp|[from] ability: Bad Dreams|[of] p1b: Darkrai\n|upkeep\n|turn|10\n|inactive|Xero Dracohart has 120 seconds left.\n|\n|t:|1701101312\n|move|p2a: Espathra|Protect|p2a: Espathra\n|-singleturn|p2a: Espathra|Protect\n|move|p1a: Regieleki|Electroweb|p2a: Espathra|[spread] p2b\n|-activate|p2a: Espathra|move: Protect\n|-damage|p2b: Dragonite|23\/100 slp\n|-unboost|p2b: Dragonite|spe|1\n|move|p1b: Darkrai|Dark Pulse|p2a: Espathra\n|-activate|p2a: Espathra|move: Protect\n|cant|p2b: Dragonite|slp\n|\n|-heal|p2a: Espathra|71\/100|[from] item: Leftovers\n|-heal|p1a: Regieleki|38\/100|[from] item: Leftovers\n|-damage|p2b: Dragonite|11\/100 slp|[from] ability: Bad Dreams|[of] p1b: Darkrai\n|upkeep\n|turn|11\n|\n|t:|1701101324\n|switch|p2b: Grimmsnarl|Grimmsnarl, M|100\/100\n|move|p2a: Espathra|Substitute|p2a: Espathra\n|-start|p2a: Espathra|Substitute\n|-damage|p2a: Espathra|46\/100\n|move|p1a: Regieleki|Electroweb|p2b: Grimmsnarl|[spread] p2a,p2b\n|-activate|p2a: Espathra|move: Substitute|[damage]\n|-damage|p2b: Grimmsnarl|77\/100\n|-unboost|p2b: Grimmsnarl|spe|1\n|move|p1b: Darkrai|Dark Pulse|p2a: Espathra\n|-supereffective|p2a: Espathra\n|-end|p2a: Espathra|Substitute\n|\n|-heal|p2a: Espathra|52\/100|[from] item: Leftovers\n|-heal|p1a: Regieleki|44\/100|[from] item: Leftovers\n|-heal|p2b: Grimmsnarl|83\/100|[from] item: Leftovers\n|upkeep\n|turn|12\n|\n|t:|1701101341\n|move|p2a: Espathra|Protect|p2a: Espathra\n|-singleturn|p2a: Espathra|Protect\n|move|p1a: Regieleki|Electroweb|p2a: Espathra|[spread] p2b\n|-activate|p2a: Espathra|move: Protect\n|-damage|p2b: Grimmsnarl|60\/100\n|-unboost|p2b: Grimmsnarl|spe|1\n|move|p1b: Darkrai|Dark Pulse|p2a: Espathra\n|-activate|p2a: Espathra|move: Protect\n|move|p2b: Grimmsnarl|Play Rough|p1b: Darkrai\n|-supereffective|p1b: Darkrai\n|-damage|p1b: Darkrai|4\/100\n|\n|-heal|p2a: Espathra|58\/100|[from] item: Leftovers\n|-heal|p1a: Regieleki|50\/100|[from] item: Leftovers\n|-heal|p1b: Darkrai|10\/100|[from] item: Leftovers\n|-heal|p2b: Grimmsnarl|66\/100|[from] item: Leftovers\n|upkeep\n|turn|13\n|inactive|Xero Dracohart has 120 seconds left.\n|\n|t:|1701101386\n|switch|p1b: Amoonguss|Amoonguss, F|100\/100\n|move|p2a: Espathra|Substitute|p2a: Espathra\n|-start|p2a: Espathra|Substitute\n|-damage|p2a: Espathra|33\/100\n|move|p1a: Regieleki|Electroweb|p2a: Espathra|[spread] p2a,p2b\n|-crit|p2a: Espathra\n|-end|p2a: Espathra|Substitute\n|-damage|p2b: Grimmsnarl|41\/100\n|-unboost|p2b: Grimmsnarl|spe|1\n|move|p2b: Grimmsnarl|Play Rough|p1b: Amoonguss\n|-resisted|p1b: Amoonguss\n|-damage|p1b: Amoonguss|82\/100\n|\n|-heal|p2a: Espathra|39\/100|[from] item: Leftovers\n|-heal|p1a: Regieleki|56\/100|[from] item: Leftovers\n|-heal|p1b: Amoonguss|89\/100|[from] item: Leftovers\n|-heal|p2b: Grimmsnarl|47\/100|[from] item: Leftovers\n|upkeep\n|turn|14\n|inactive|Xero Dracohart has 120 seconds left.\n|\n|t:|1701101411\n|move|p2b: Grimmsnarl|Taunt|p1b: Amoonguss\n|-start|p1b: Amoonguss|move: Taunt\n|move|p2a: Espathra|Stored Power|p1a: Regieleki\n|-damage|p1a: Regieleki|0 fnt\n|faint|p1a: Regieleki\n|cant|p1b: Amoonguss|move: Taunt|Spore\n|\n|-heal|p2a: Espathra|45\/100|[from] item: Leftovers\n|-heal|p1b: Amoonguss|95\/100|[from] item: Leftovers\n|-heal|p2b: Grimmsnarl|53\/100|[from] item: Leftovers\n|upkeep\n|\n|t:|1701101422\n|switch|p1a: Garganacl|Garganacl, M|100\/100\n|turn|15\n|\n|t:|1701101434\n|switch|p1b: Goodra|Goodra-Hisui, F|100\/100\n|-terastallize|p1a: Garganacl|Ghost\n|move|p2b: Grimmsnarl|Parting Shot|p1b: Goodra\n|-unboost|p1b: Goodra|atk|1\n|-unboost|p1b: Goodra|spa|1\n|\n|t:|1701101442\n|switch|p2b: Jirachi|Jirachi|100\/100|[from] Parting Shot\n|move|p2a: Espathra|Substitute|p2a: Espathra\n|-start|p2a: Espathra|Substitute\n|-damage|p2a: Espathra|20\/100\n|move|p1a: Garganacl|Salt Cure|p2a: Espathra\n|-activate|p2a: Espathra|move: Substitute|[damage]\n|\n|-heal|p2a: Espathra|26\/100|[from] item: Leftovers\n|upkeep\n|turn|16\n|\n|t:|1701101466\n|move|p2b: Jirachi|Follow Me|p2b: Jirachi\n|-singleturn|p2b: Jirachi|move: Follow Me\n|move|p2a: Espathra|Stored Power|p1a: Garganacl\n|-damage|p1a: Garganacl|0 fnt\n|faint|p1a: Garganacl\n|move|p1b: Goodra|Fire Punch|p2b: Jirachi\n|-supereffective|p2b: Jirachi\n|-damage|p2b: Jirachi|77\/100\n|\n|-heal|p2a: Espathra|33\/100|[from] item: Leftovers\n|-heal|p2b: Jirachi|83\/100|[from] item: Leftovers\n|upkeep\n|\n|t:|1701101475\n|switch|p1a: Amoonguss|Amoonguss, F|95\/100\n|turn|17\n|\n|t:|1701101486\n|move|p2b: Jirachi|Follow Me|p2b: Jirachi\n|-singleturn|p2b: Jirachi|move: Follow Me\n|move|p2a: Espathra|Stored Power|p1a: Amoonguss\n|-supereffective|p1a: Amoonguss\n|-damage|p1a: Amoonguss|0 fnt\n|faint|p1a: Amoonguss\n|move|p1b: Goodra|Dragon Tail|p2b: Jirachi\n|-resisted|p2b: Jirachi\n|-damage|p2b: Jirachi|77\/100\n|drag|p2b: Espeon|Espeon, M|100\/100\n|\n|-heal|p2a: Espathra|39\/100|[from] item: Leftovers\n|upkeep\n|\n|t:|1701101494\n|switch|p1a: Darkrai|Darkrai|10\/100\n|turn|18\n|\n|t:|1701101503\n|move|p2a: Espathra|Stored Power|p1b: Goodra\n|-resisted|p1b: Goodra\n|-damage|p1b: Goodra|2\/100\n|move|p1a: Darkrai|Dark Pulse|p2a: Espathra\n|-supereffective|p2a: Espathra\n|-end|p2a: Espathra|Substitute\n|move|p2b: Espeon|Dazzling Gleam|p1a: Darkrai|[spread] p1a,p1b\n|-supereffective|p1a: Darkrai\n|-damage|p1a: Darkrai|0 fnt\n|-damage|p1b: Goodra|0 fnt\n|faint|p1a: Darkrai\n|faint|p1b: Goodra\n|\n|-heal|p2a: Espathra|45\/100|[from] item: Leftovers\n|upkeep\n|\n|t:|1701101512\n|switch|p1b: Brute Bonnet|Brute Bonnet|11\/100\n|turn|19\n|\n|t:|1701101518\n|switch|p2a: Grimmsnarl|Grimmsnarl, M|53\/100\n|move|p2b: Espeon|Dazzling Gleam|p1b: Brute Bonnet\n|-supereffective|p1b: Brute Bonnet\n|-damage|p1b: Brute Bonnet|0 fnt\n|faint|p1b: Brute Bonnet\n|-end|p1b: Brute Bonnet|Protosynthesis|[silent]\n|\n|win|Xero Dracohart\n|raw|IsaacDanger7's rating: 1119 &rarr; <strong>1088<\/strong><br \/>(-31 for losing)\n|raw|Xero Dracohart's rating: 1040 &rarr; <strong>1082<\/strong><br \/>(+42 for winning)\n|l|\u203dIsaacDanger7\n","uploadtime":1701101531,"views":1,"p1id":"isaacdanger7","p2id":"xerodracohart","formatid":"gen9nationaldexdoubles","rating":1082,"private":0,"password":""}