{"id":"gen9nationaldexdoubles-1985065241","p1":"BirbOnFire","p2":"fumbari 24","format":"[Gen 9] National Dex Doubles","log":"|j|\u2606BirbOnFire\n|j|\u2606fumbari 24\n|t:|1699326468\n|gametype|doubles\n|player|p1|BirbOnFire|rollerskaterf|1285\n|player|p2|fumbari 24|hilbert|1356\n|teamsize|p1|6\n|teamsize|p2|6\n|gen|9\n|tier|[Gen 9] National Dex Doubles\n|rated|\n|rule|HP Percentage Mod: HP is shown in percentages\n|rule|Endless Battle Clause: Forcing endless battles is banned\n|rule|OHKO Clause: OHKO moves are banned\n|rule|Evasion Moves Clause: Evasion moves are banned\n|rule|Evasion Abilities Clause: Evasion abilities are banned\n|rule|Species Clause: Limit one of each Pok\u00e9mon\n|rule|Gravity Sleep Clause: The combination of sleep-inducing moves with imperfect accuracy and Gravity or Gigantamax Orbeetle are banned\n|clearpoke\n|poke|p1|Accelgor, F|\n|poke|p1|Charjabug, F|\n|poke|p1|Sylveon, M|\n|poke|p1|Aurorus, M|\n|poke|p1|Indeedee-F, F|\n|poke|p1|Primarina, F|\n|poke|p2|Manectric, M|\n|poke|p2|Crobat, F|\n|poke|p2|Boltund, M|\n|poke|p2|Lucario, M|\n|poke|p2|Tinkaton, F|\n|poke|p2|Arboliva, F|\n|teampreview\n|inactive|Battle timer is ON: inactive players will automatically lose when time's up. (requested by fumbari 24)\n|\n|t:|1699326480\n|start\n|switch|p1a: Accelgor|Accelgor, F, shiny|100\/100\n|switch|p1b: Primarina|Primarina, F, shiny|100\/100\n|switch|p2a: Boltund|Boltund, M|100\/100\n|switch|p2b: Tinkaton|Tinkaton, F|100\/100\n|-ability|p2b: Tinkaton|Mold Breaker\n|turn|1\n|\n|t:|1699326498\n|move|p2b: Tinkaton|Fake Out|p1a: Accelgor\n|-damage|p1a: Accelgor|84\/100\n|cant|p1a: Accelgor|flinch\n|move|p2a: Boltund|Snarl|p1a: Accelgor|[spread] p1a,p1b\n|-resisted|p1b: Primarina\n|-damage|p1a: Accelgor|69\/100\n|-damage|p1b: Primarina|97\/100\n|-unboost|p1a: Accelgor|spa|1\n|-unboost|p1b: Primarina|spa|1\n|move|p1b: Primarina|Round|p2a: Boltund\n|-damage|p2a: Boltund|47\/100\n|\n|upkeep\n|turn|2\n|\n|t:|1699326517\n|move|p2a: Boltund|Protect|p2a: Boltund\n|-singleturn|p2a: Boltund|Protect\n|move|p1a: Accelgor|Round|p2b: Tinkaton\n|-resisted|p2b: Tinkaton\n|-damage|p2b: Tinkaton|96\/100\n|move|p1b: Primarina|Round|p2a: Boltund|[from]move: Round\n|-activate|p2a: Boltund|move: Protect\n|move|p2b: Tinkaton|Gigaton Hammer|p1b: Primarina\n|-damage|p1b: Primarina|44\/100\n|\n|upkeep\n|turn|3\n|\n|t:|1699326546\n|switch|p2a: Olivia|Arboliva, F|100\/100\n|move|p1a: Accelgor|Round|p2b: Tinkaton\n|-resisted|p2b: Tinkaton\n|-crit|p2b: Tinkaton\n|-damage|p2b: Tinkaton|85\/100\n|move|p1b: Primarina|Round|p2b: Tinkaton|[from]move: Round\n|-damage|p2b: Tinkaton|29\/100\n|-enditem|p2b: Tinkaton|Sitrus Berry|[eat]\n|-heal|p2b: Tinkaton|54\/100|[from] item: Sitrus Berry\n|move|p2b: Tinkaton|Skill Swap|p1a: Accelgor\n|-activate|p2b: Tinkaton|move: Skill Swap|Unburden|Mold Breaker|[of] p1a: Accelgor\n|-ability|p1a: Accelgor|Mold Breaker\n|\n|upkeep\n|turn|4\n|\n|t:|1699326572\n|switch|p1a: Indeedee|Indeedee-F, F|100\/100\n|-fieldstart|move: Psychic Terrain|[from] ability: Psychic Surge|[of] p1a: Indeedee\n|switch|p1b: Sylveon|Sylveon, M, shiny|100\/100\n|move|p2b: Tinkaton|Gigaton Hammer|p1b: Sylveon\n|-supereffective|p1b: Sylveon\n|-damage|p1b: Sylveon|0 fnt\n|faint|p1b: Sylveon\n|move|p2a: Olivia|Pollen Puff|p2b: Tinkaton\n|-heal|p2b: Tinkaton|100\/100\n|\n|upkeep\n|\n|t:|1699326580\n|switch|p1b: Primarina|Primarina, F, shiny|44\/100\n|turn|5\n|\n|t:|1699326607\n|move|p1a: Indeedee|Round|p2b: Tinkaton\n|-resisted|p2b: Tinkaton\n|-damage|p2b: Tinkaton|90\/100\n|move|p1b: Primarina|Round|p2b: Tinkaton|[from]move: Round\n|-damage|p2b: Tinkaton|9\/100\n|move|p2b: Tinkaton|Skill Swap|p1b: Primarina\n|-activate|p2b: Tinkaton|move: Skill Swap|Liquid Voice|Unburden|[of] p1b: Primarina\n|move|p2a: Olivia|Giga Drain|p1b: Primarina\n|-supereffective|p1b: Primarina\n|-damage|p1b: Primarina|0 fnt\n|faint|p1b: Primarina\n|\n|upkeep\n|\n|t:|1699326628\n|switch|p1b: Aurorus|Aurorus, M, shiny|100\/100\n|turn|6\n|\n|t:|1699326649\n|-terastallize|p1b: Aurorus|Ice\n|-terastallize|p2a: Olivia|Normal\n|move|p1a: Indeedee|Round|p2b: Tinkaton\n|-resisted|p2b: Tinkaton\n|-damage|p2b: Tinkaton|0 fnt\n|faint|p2b: Tinkaton\n|move|p1b: Aurorus|Round|p2a: Olivia|[from]move: Round\n|-damage|p2a: Olivia|13\/100\n|-fieldstart|move: Grassy Terrain|[from] ability: Seed Sower|[of] p2a: Olivia\n|move|p2a: Olivia|Giga Drain|p1b: Aurorus\n|-damage|p1b: Aurorus|60\/100\n|-heal|p2a: Olivia|38\/100|[from] drain|[of] p1b: Aurorus\n|\n|-heal|p1b: Aurorus|67\/100|[from] Grassy Terrain\n|-heal|p2a: Olivia|44\/100|[from] Grassy Terrain\n|-heal|p2a: Olivia|50\/100|[from] item: Leftovers\n|upkeep\n|inactive|fumbari 24 has 120 seconds left.\n|\n|t:|1699326666\n|switch|p2b: Lucario|Lucario, M|100\/100\n|turn|7\n|inactive|BirbOnFire has 120 seconds left.\n|\n|t:|1699326708\n|switch|p1a: Accelgor|Accelgor, F, shiny|69\/100\n|switch|p1b: Charjabug|Charjabug, F, shiny|100\/100\n|move|p2b: Lucario|Flash Cannon|p1b: Charjabug\n|-resisted|p1b: Charjabug\n|-damage|p1b: Charjabug|84\/100\n|move|p2a: Olivia|Giga Drain|p1a: Accelgor\n|-resisted|p1a: Accelgor\n|-damage|p1a: Accelgor|31\/100\n|-heal|p2a: Olivia|67\/100|[from] drain|[of] p1a: Accelgor\n|\n|-heal|p1a: Accelgor|37\/100|[from] Grassy Terrain\n|-heal|p2a: Olivia|73\/100|[from] Grassy Terrain\n|-heal|p2a: Olivia|79\/100|[from] item: Leftovers\n|-heal|p1b: Charjabug|90\/100|[from] Grassy Terrain\n|upkeep\n|turn|8\n|\n|t:|1699326726\n|switch|p1a: Indeedee|Indeedee-F, F|100\/100\n|-fieldstart|move: Psychic Terrain|[from] ability: Psychic Surge|[of] p1a: Indeedee\n|move|p2b: Lucario|Metal Sound|p1b: Charjabug\n|-unboost|p1b: Charjabug|spd|2\n|-enditem|p2b: Lucario|Throat Spray\n|-boost|p2b: Lucario|spa|1|[from] item: Throat Spray\n|move|p2a: Olivia|Hyper Voice|p1a: Indeedee|[spread] p1a,p1b\n|-damage|p1a: Indeedee|47\/100\n|-damage|p1b: Charjabug|12\/100\n|move|p1b: Charjabug|Light Screen|p1b: Charjabug\n|-sidestart|p1: BirbOnFire|move: Light Screen\n|\n|-heal|p2a: Olivia|85\/100|[from] item: Leftovers\n|upkeep\n|turn|9\n|\n|t:|1699326740\n|move|p1a: Indeedee|Mystical Fire|p2b: Lucario\n|-supereffective|p2b: Lucario\n|-damage|p2b: Lucario|27\/100\n|-unboost|p2b: Lucario|spa|1\n|move|p2b: Lucario|Flash Cannon|p1a: Indeedee\n|-damage|p1a: Indeedee|21\/100\n|move|p2a: Olivia|Hyper Voice|p1b: Charjabug|[spread] p1a,p1b\n|-damage|p1a: Indeedee|0 fnt\n|-damage|p1b: Charjabug|0 fnt\n|faint|p1a: Indeedee\n|faint|p1b: Charjabug\n|\n|-heal|p2a: Olivia|91\/100|[from] item: Leftovers\n|upkeep\n|\n|t:|1699326744\n|switch|p1a: Accelgor|Accelgor, F, shiny|37\/100\n|switch|p1b: Aurorus|Aurorus, M, shiny, tera:Ice|67\/100\n|-enditem|p1a: Accelgor|Psychic Seed\n|-boost|p1a: Accelgor|spd|1|[from] item: Psychic Seed\n|turn|10\n|\n|t:|1699326756\n|move|p2b: Lucario|Follow Me|p2b: Lucario\n|-singleturn|p2b: Lucario|move: Follow Me\n|move|p1a: Accelgor|Round|p2b: Lucario\n|-resisted|p2b: Lucario\n|-damage|p2b: Lucario|16\/100\n|move|p1b: Aurorus|Round|p2b: Lucario|[from]move: Round\n|-resisted|p2b: Lucario\n|-damage|p2b: Lucario|0 fnt\n|faint|p2b: Lucario\n|move|p2a: Olivia|Hyper Voice|p1b: Aurorus|[spread] p1a,p1b\n|-damage|p1a: Accelgor|6\/100\n|-damage|p1b: Aurorus|43\/100\n|\n|-heal|p2a: Olivia|97\/100|[from] item: Leftovers\n|upkeep\n|\n|t:|1699326771\n|switch|p2b: Boltund|Boltund, M|47\/100\n|turn|11\n|\n|t:|1699326790\n|move|p1a: Accelgor|Round|p2b: Boltund\n|-damage|p2b: Boltund|24\/100\n|move|p1b: Aurorus|Round|p2a: Olivia|[from]move: Round\n|-damage|p2a: Olivia|1\/100\n|-fieldstart|move: Grassy Terrain|[from] ability: Seed Sower|[of] p2a: Olivia\n|move|p2b: Boltund|Thunderbolt|p1a: Accelgor\n|-damage|p1a: Accelgor|0 fnt\n|faint|p1a: Accelgor\n|move|p2a: Olivia|Hyper Voice|p1b: Aurorus\n|-damage|p1b: Aurorus|9\/100\n|\n|-heal|p2b: Boltund|30\/100|[from] Grassy Terrain\n|-heal|p1b: Aurorus|16\/100|[from] Grassy Terrain\n|-heal|p2a: Olivia|7\/100|[from] Grassy Terrain\n|-heal|p2a: Olivia|13\/100|[from] item: Leftovers\n|upkeep\n|turn|12\n|-message|BirbOnFire forfeited.\n|\n|win|fumbari 24\n|raw|BirbOnFire's rating: 1245 &rarr; <strong>1230<\/strong><br \/>(-15 for losing)\n|raw|fumbari 24's rating: 1389 &rarr; <strong>1401<\/strong><br \/>(+12 for winning)\n|l|\u2606BirbOnFire\n","uploadtime":1699326804,"views":10,"p1id":"birbonfire","p2id":"fumbari24","formatid":"gen9nationaldexdoubles","rating":1230,"private":0,"password":""}