{"id":"gen9nationaldexdoubles-1967993881","p1":"SgtSmilies","p2":"Play Tale of Wuxia","format":"[Gen 9] National Dex Doubles","log":"|j|\u2606SgtSmilies\n|j|\u2606Play Tale of Wuxia\n|t:|1697371232\n|gametype|doubles\n|player|p1|SgtSmilies|acetrainerf|\n|player|p2|Play Tale of Wuxia|gentleman|\n|teamsize|p1|6\n|teamsize|p2|6\n|gen|9\n|tier|[Gen 9] National Dex Doubles\n|rule|HP Percentage Mod: HP is shown in percentages\n|rule|Endless Battle Clause: Forcing endless battles is banned\n|rule|OHKO Clause: OHKO moves are banned\n|rule|Evasion Moves Clause: Evasion moves are banned\n|rule|Evasion Abilities Clause: Evasion abilities are banned\n|rule|Species Clause: Limit one of each Pok\u00e9mon\n|rule|Gravity Sleep Clause: The combination of sleep-inducing moves with imperfect accuracy and Gravity or Gigantamax Orbeetle are banned\n|clearpoke\n|poke|p1|Torkoal, F|\n|poke|p1|Lilligant, F|\n|poke|p1|Dragapult, F|\n|poke|p1|Chien-Pao|\n|poke|p1|Murkrow, M|\n|poke|p1|Thundurus, M|\n|poke|p2|Tornadus, M|\n|poke|p2|Iron Treads|\n|poke|p2|Dragonite, M|\n|poke|p2|Iron Valiant|\n|poke|p2|Qwilfish-Hisui, M|\n|poke|p2|Iron Bundle|\n|teampreview\n|j| Datagne\n|\n|t:|1697371263\n|start\n|switch|p1a: Torkoal|Torkoal, F|100\/100\n|switch|p1b: Lilligant|Lilligant, F|100\/100\n|switch|p2a: Tornadus|Tornadus, M|100\/100\n|switch|p2b: Iron Treads|Iron Treads|100\/100\n|-weather|SunnyDay|[from] ability: Drought|[of] p1a: Torkoal\n|turn|1\n|\n|t:|1697371277\n|move|p2a: Tornadus|Tailwind|p2a: Tornadus\n|-sidestart|p2: Play Tale of Wuxia|move: Tailwind\n|move|p1b: Lilligant|After You|p1a: Torkoal\n|-activate|p1a: Torkoal|move: After You\n|move|p1a: Torkoal|Eruption|p2a: Tornadus|[spread] p2a,p2b\n|-supereffective|p2b: Iron Treads\n|-crit|p2b: Iron Treads\n|-damage|p2a: Tornadus|0 fnt\n|-damage|p2b: Iron Treads|0 fnt\n|faint|p2a: Tornadus\n|faint|p2b: Iron Treads\n|-end|p2b: Iron Treads|Quark Drive|[silent]\n|\n|-weather|SunnyDay|[upkeep]\n|upkeep\n|c| Datagne|Holy shit bro\n|\n|t:|1697371300\n|switch|p2a: Iron Valiant|Iron Valiant|100\/100\n|switch|p2b: Dragonite|Dragonite, M|100\/100\n|turn|2\n|inactive|Battle timer is ON: inactive players will automatically lose when time's up. (requested by SgtSmilies)\n|\n|t:|1697371358\n|switch|p1b: Chien-Pao|Chien-Pao|100\/100\n|-ability|p1b: Chien-Pao|Sword of Ruin\n|switch|p1a: Dragapult|Dragapult, F|100\/100\n|move|p2a: Iron Valiant|Moonblast|p1a: Dragapult\n|-supereffective|p1a: Dragapult\n|-damage|p1a: Dragapult|0 fnt\n|faint|p1a: Dragapult\n|move|p2b: Dragonite|Fire Punch|p1b: Chien-Pao\n|-supereffective|p1b: Chien-Pao\n|-enditem|p1b: Chien-Pao|Focus Sash\n|-damage|p1b: Chien-Pao|1\/100\n|\n|-weather|SunnyDay|[upkeep]\n|upkeep\n|inactive|SgtSmilies has 270 seconds left.\n|\n|t:|1697371394\n|switch|p1a: Lilligant|Lilligant, F|100\/100\n|turn|3\n|\n|t:|1697371404\n|-terastallize|p1b: Chien-Pao|Ghost\n|move|p2a: Iron Valiant|Protect|p2a: Iron Valiant\n|-singleturn|p2a: Iron Valiant|Protect\n|move|p1a: Lilligant|Leaf Storm|p2a: Iron Valiant\n|-activate|p2a: Iron Valiant|move: Protect\n|move|p2b: Dragonite|Fire Punch|p1a: Lilligant\n|-supereffective|p1a: Lilligant\n|-damage|p1a: Lilligant|0 fnt\n|faint|p1a: Lilligant\n|move|p1b: Chien-Pao|Ice Spinner|p2b: Dragonite\n|-supereffective|p2b: Dragonite\n|-damage|p2b: Dragonite|0 fnt\n|faint|p2b: Dragonite\n|\n|-weather|SunnyDay|[upkeep]\n|upkeep\n|\n|t:|1697371422\n|switch|p2b: Iron Bundle|Iron Bundle|100\/100\n|switch|p1a: Thundurus|Thundurus, M|100\/100\n|-enditem|p2b: Iron Bundle|Booster Energy\n|-activate|p2b: Iron Bundle|ability: Quark Drive|[fromitem]\n|-start|p2b: Iron Bundle|quarkdrivespe\n|turn|4\n|\n|t:|1697371430\n|move|p1b: Chien-Pao|Protect|p1b: Chien-Pao\n|-singleturn|p1b: Chien-Pao|Protect\n|move|p2b: Iron Bundle|Icy Wind|p1b: Chien-Pao|[spread] p1a\n|-activate|p1b: Chien-Pao|move: Protect\n|-supereffective|p1a: Thundurus\n|-damage|p1a: Thundurus|55\/100\n|-unboost|p1a: Thundurus|spe|1\n|move|p2a: Iron Valiant|Moonblast|p1a: Thundurus\n|-damage|p1a: Thundurus|0 fnt\n|faint|p1a: Thundurus\n|\n|-weather|SunnyDay|[upkeep]\n|-sideend|p2: Play Tale of Wuxia|move: Tailwind\n|upkeep\n|\n|t:|1697371445\n|switch|p1a: Murkrow|Murkrow, M|100\/100\n|turn|5\n|\n|t:|1697371456\n|move|p1a: Murkrow|Quash|p2b: Iron Bundle\n|-activate|p2b: Iron Bundle|move: Quash\n|move|p1b: Chien-Pao|Sacred Sword|p2b: Iron Bundle\n|-supereffective|p2b: Iron Bundle\n|-damage|p2b: Iron Bundle|4\/100\n|move|p2a: Iron Valiant|Moonblast|p1a: Murkrow\n|-supereffective|p1a: Murkrow\n|-damage|p1a: Murkrow|0 fnt\n|faint|p1a: Murkrow\n|move|p2b: Iron Bundle|Icy Wind|p1b: Chien-Pao\n|-damage|p1b: Chien-Pao|0 fnt\n|faint|p1b: Chien-Pao\n|\n|-weather|none\n|upkeep\n|\n|t:|1697371469\n|switch|p1a: Torkoal|Torkoal, F|100\/100\n|-weather|SunnyDay|[from] ability: Drought|[of] p1a: Torkoal\n|turn|6\n|\n|t:|1697371483\n|move|p2b: Iron Bundle|Hydro Pump|p1a: Torkoal\n|-supereffective|p1a: Torkoal\n|-damage|p1a: Torkoal|31\/100\n|move|p2a: Iron Valiant|Moonblast|p1a: Torkoal\n|-resisted|p1a: Torkoal\n|-damage|p1a: Torkoal|2\/100\n|move|p1a: Torkoal|Eruption|p2a: Iron Valiant|[spread] p2a,p2b\n|-damage|p2a: Iron Valiant|99\/100\n|-damage|p2b: Iron Bundle|3\/100\n|\n|-weather|SunnyDay|[upkeep]\n|upkeep\n|turn|7\n|\n|t:|1697371496\n|move|p2b: Iron Bundle|Freeze-Dry|p1a: Torkoal\n|-resisted|p1a: Torkoal\n|-damage|p1a: Torkoal|0 fnt\n|faint|p1a: Torkoal\n|\n|win|Play Tale of Wuxia\n|c| Datagne|What an opening match\n|l|\u2606SgtSmilies\n|l|\u2606Play Tale of Wuxia\n","uploadtime":1697371501,"views":15,"p1id":"sgtsmilies","p2id":"playtaleofwuxia","formatid":"gen9nationaldexdoubles","rating":0,"private":0,"password":""}