{"id":"gen9nationaldexdoubles-1959759507","p1":"Alexjames99","p2":"DJAYX","format":"[Gen 9] National Dex Doubles","log":"|j|\u2606Alexjames99\n|j|\u2606DJAYX\n|t:|1696452905\n|gametype|doubles\n|player|p1|Alexjames99|acetrainer-gen4dp|1035\n|player|p2|DJAYX|youngcouple|1149\n|teamsize|p1|6\n|teamsize|p2|6\n|gen|9\n|tier|[Gen 9] National Dex Doubles\n|rated|\n|rule|HP Percentage Mod: HP is shown in percentages\n|rule|Endless Battle Clause: Forcing endless battles is banned\n|rule|OHKO Clause: OHKO moves are banned\n|rule|Evasion Moves Clause: Evasion moves are banned\n|rule|Evasion Abilities Clause: Evasion abilities are banned\n|rule|Species Clause: Limit one of each Pok\u00e9mon\n|rule|Gravity Sleep Clause: The combination of sleep-inducing moves with imperfect accuracy and Gravity or Gigantamax Orbeetle are banned\n|clearpoke\n|poke|p1|Latios, M|\n|poke|p1|Pangoro, F|\n|poke|p1|Mudsdale, F|\n|poke|p1|Florges, F|\n|poke|p1|Serperior, M|\n|poke|p1|Darkrai|\n|poke|p2|Charizard, M|\n|poke|p2|Garchomp, F|\n|poke|p2|Tyranitar, M|\n|poke|p2|Salamence, F|\n|poke|p2|Rotom-Mow|\n|poke|p2|Lucario, F|\n|teampreview\n|inactive|Battle timer is ON: inactive players will automatically lose when time's up. (requested by DJAYX)\n|\n|t:|1696452917\n|start\n|switch|p1a: Latios|Latios, M|100\/100\n|switch|p1b: Florges|Florges, F|100\/100\n|switch|p2a: Tyranitar|Tyranitar, M|100\/100\n|switch|p2b: Garchomp|Garchomp, F|100\/100\n|-weather|Sandstorm|[from] ability: Sand Stream|[of] p2a: Tyranitar\n|turn|1\n|inactive|DJAYX has 120 seconds left.\n|\n|t:|1696452950\n|detailschange|p1a: Latios|Latios-Mega, M\n|-mega|p1a: Latios|Latios|Latiosite\n|-terastallize|p2a: Tyranitar|Rock\n|move|p2a: Tyranitar|Rock Slide|p1b: Florges|[spread] p1b\n|-miss|p2a: Tyranitar|p1a: Latios\n|-damage|p1b: Florges|51\/100\n|move|p2b: Garchomp|Dragon Claw|p1a: Latios\n|-supereffective|p1a: Latios\n|-damage|p1a: Latios|0 fnt\n|faint|p1a: Latios\n|-damage|p2b: Garchomp|90\/100|[from] item: Life Orb\n|move|p1b: Florges|Calm Mind|p1b: Florges\n|-boost|p1b: Florges|spa|1\n|-boost|p1b: Florges|spd|1\n|\n|-weather|Sandstorm|[upkeep]\n|-damage|p1b: Florges|45\/100|[from] Sandstorm\n|-enditem|p1b: Florges|Sitrus Berry|[eat]\n|-heal|p1b: Florges|70\/100|[from] item: Sitrus Berry\n|upkeep\n|inactive|Alexjames99 has 120 seconds left.\n|\n|t:|1696452973\n|switch|p1a: Mudsdale|Mudsdale, F|100\/100\n|turn|2\n|\n|t:|1696452985\n|move|p2b: Garchomp|Protect|p2b: Garchomp\n|-singleturn|p2b: Garchomp|Protect\n|move|p1a: Mudsdale|Protect|p1a: Mudsdale\n|-singleturn|p1a: Mudsdale|Protect\n|move|p2a: Tyranitar|Rock Slide|p1a: Mudsdale|[spread] p1b\n|-activate|p1a: Mudsdale|move: Protect\n|-damage|p1b: Florges|20\/100\n|cant|p1b: Florges|flinch\n|\n|-weather|Sandstorm|[upkeep]\n|-damage|p1b: Florges|14\/100|[from] Sandstorm\n|upkeep\n|turn|3\n|\n|t:|1696453009\n|move|p2a: Tyranitar|Rock Slide|p1a: Mudsdale|[spread] p1a,p1b\n|-resisted|p1a: Mudsdale\n|-damage|p1a: Mudsdale|87\/100\n|-damage|p1b: Florges|0 fnt\n|-ability|p1a: Mudsdale|Stamina|boost\n|-boost|p1a: Mudsdale|def|1\n|faint|p1b: Florges\n|move|p2b: Garchomp|Dragon Claw|p1a: Mudsdale\n|-damage|p1a: Mudsdale|61\/100\n|-ability|p1a: Mudsdale|Stamina|boost\n|-boost|p1a: Mudsdale|def|1\n|-damage|p2b: Garchomp|80\/100|[from] item: Life Orb\n|move|p1a: Mudsdale|High Horsepower|p2a: Tyranitar\n|-supereffective|p2a: Tyranitar\n|-damage|p2a: Tyranitar|28\/100\n|\n|-weather|Sandstorm|[upkeep]\n|-heal|p1a: Mudsdale|67\/100|[from] item: Leftovers\n|upkeep\n|inactive|Alexjames99 has 120 seconds left.\n|\n|t:|1696453033\n|switch|p1b: Pangoro|Pangoro, F|100\/100\n|turn|4\n|\n|t:|1696453042\n|move|p1a: Mudsdale|Protect|p1a: Mudsdale\n|-singleturn|p1a: Mudsdale|Protect\n|move|p1b: Pangoro|Bullet Punch|p2a: Tyranitar\n|-supereffective|p2a: Tyranitar\n|-damage|p2a: Tyranitar|0 fnt\n|faint|p2a: Tyranitar\n|-damage|p1b: Pangoro|91\/100|[from] item: Life Orb\n|move|p2b: Garchomp|Dragon Claw|p1b: Pangoro\n|-damage|p1b: Pangoro|36\/100\n|-damage|p2b: Garchomp|70\/100|[from] item: Life Orb\n|\n|-weather|Sandstorm|[upkeep]\n|-damage|p1b: Pangoro|30\/100|[from] Sandstorm\n|-heal|p1a: Mudsdale|73\/100|[from] item: Leftovers\n|upkeep\n|\n|t:|1696453057\n|switch|p2a: Salamence|Salamence, F|100\/100\n|-ability|p2a: Salamence|Intimidate|boost\n|-unboost|p1a: Mudsdale|atk|1\n|-unboost|p1b: Pangoro|atk|1\n|turn|5\n|\n|t:|1696453081\n|move|p1b: Pangoro|Bullet Punch|p2a: Salamence\n|-damage|p2a: Salamence|83\/100\n|-damage|p1b: Pangoro|20\/100|[from] item: Life Orb\n|move|p2b: Garchomp|Dragon Claw|p1a: Mudsdale\n|-damage|p1a: Mudsdale|54\/100\n|-ability|p1a: Mudsdale|Stamina|boost\n|-boost|p1a: Mudsdale|def|1\n|-damage|p2b: Garchomp|60\/100|[from] item: Life Orb\n|move|p2a: Salamence|Rock Tomb|p1b: Pangoro\n|-resisted|p1b: Pangoro\n|-damage|p1b: Pangoro|12\/100\n|-unboost|p1b: Pangoro|spe|1\n|move|p1a: Mudsdale|Body Press|p2b: Garchomp\n|-damage|p2b: Garchomp|0 fnt\n|-damage|p1a: Mudsdale|42\/100|[from] ability: Rough Skin|[of] p2b: Garchomp\n|faint|p2b: Garchomp\n|\n|-weather|none\n|-heal|p1a: Mudsdale|48\/100|[from] item: Leftovers\n|upkeep\n|\n|t:|1696453100\n|switch|p2b: Rotom|Rotom-Mow|100\/100\n|turn|6\n|\n|t:|1696453122\n|move|p1a: Mudsdale|Protect|p1a: Mudsdale\n|-singleturn|p1a: Mudsdale|Protect\n|move|p1b: Pangoro|Bullet Punch|p2a: Salamence\n|-damage|p2a: Salamence|64\/100\n|-damage|p1b: Pangoro|2\/100|[from] item: Life Orb\n|move|p2a: Salamence|Rock Tomb|p1b: Pangoro\n|-resisted|p1b: Pangoro\n|-damage|p1b: Pangoro|0 fnt\n|faint|p1b: Pangoro\n|move|p2b: Rotom|Leaf Storm|p1a: Mudsdale\n|-activate|p1a: Mudsdale|move: Protect\n|\n|-heal|p1a: Mudsdale|54\/100|[from] item: Leftovers\n|upkeep\n|inactive|Alexjames99 has 120 seconds left.\n|\n|t:|1696453145\n|switch|p1b: Serperior|Serperior, M, shiny|100\/100\n|turn|7\n|inactive|Alexjames99 has 120 seconds left.\n|\n|t:|1696453175\n|-terastallize|p1b: Serperior|Dragon\n|move|p1b: Serperior|Dragon Pulse|p2a: Salamence\n|-supereffective|p2a: Salamence\n|-enditem|p2a: Salamence|Haban Berry|[eat]\n|-enditem|p2a: Salamence|Haban Berry|[weaken]\n|-damage|p2a: Salamence|31\/100\n|move|p2a: Salamence|Fire Blast|p1b: Serperior\n|-resisted|p1b: Serperior\n|-damage|p1b: Serperior|81\/100\n|move|p2b: Rotom|Leaf Storm|p1a: Mudsdale\n|-supereffective|p1a: Mudsdale\n|-damage|p1a: Mudsdale|0 fnt\n|-unboost|p2b: Rotom|spa|2\n|faint|p1a: Mudsdale\n|\n|upkeep\n|\n|t:|1696453191\n|switch|p1a: Darkrai|Darkrai|100\/100\n|turn|8\n|inactive|Alexjames99 has 120 seconds left.\n|\n|t:|1696453206\n|move|p1a: Darkrai|Dark Pulse|p2a: Salamence\n|-crit|p2a: Salamence\n|-damage|p2a: Salamence|0 fnt\n|faint|p2a: Salamence\n|move|p1b: Serperior|Dragon Pulse|p2b: Rotom\n|-damage|p2b: Rotom|68\/100\n|move|p2b: Rotom|Thunderbolt|p1a: Darkrai\n|-damage|p1a: Darkrai|81\/100\n|\n|upkeep\n|\n|t:|1696453222\n|switch|p2a: Lucario|Lucario, F|100\/100\n|turn|9\n|\n|t:|1696453237\n|detailschange|p2a: Lucario|Lucario-Mega, F\n|-mega|p2a: Lucario|Lucario|Lucarionite\n|move|p1a: Darkrai|Hypnosis|p2a: Lucario|[miss]\n|-miss|p1a: Darkrai|p2a: Lucario\n|-enditem|p1a: Darkrai|Blunder Policy\n|-boost|p1a: Darkrai|spe|2\n|move|p2a: Lucario|Close Combat|p1a: Darkrai\n|-supereffective|p1a: Darkrai\n|-damage|p1a: Darkrai|0 fnt\n|-unboost|p2a: Lucario|def|1\n|-unboost|p2a: Lucario|spd|1\n|faint|p1a: Darkrai\n|move|p1b: Serperior|Reflect|p1b: Serperior\n|-sidestart|p1: Alexjames99|Reflect\n|move|p2b: Rotom|Thunderbolt|p1b: Serperior\n|-resisted|p1b: Serperior\n|-damage|p1b: Serperior|70\/100\n|-status|p1b: Serperior|par\n|\n|upkeep\n|turn|10\n|\n|t:|1696453260\n|move|p2a: Lucario|Bullet Punch|p1b: Serperior\n|-damage|p1b: Serperior|44\/100 par\n|move|p2b: Rotom|Leaf Storm|p1b: Serperior\n|-resisted|p1b: Serperior\n|-damage|p1b: Serperior|29\/100 par\n|-unboost|p2b: Rotom|spa|2\n|move|p1b: Serperior|Leaf Storm|p2a: Lucario\n|-resisted|p2a: Lucario\n|-damage|p2a: Lucario|40\/100\n|-boost|p1b: Serperior|spa|2\n|\n|upkeep\n|turn|11\n|\n|t:|1696453281\n|move|p2a: Lucario|Bullet Punch|p1b: Serperior\n|-damage|p1b: Serperior|5\/100 par\n|move|p2b: Rotom|Thunderbolt|p1b: Serperior\n|-resisted|p1b: Serperior\n|-damage|p1b: Serperior|0 fnt\n|faint|p1b: Serperior\n|\n|win|DJAYX\n|raw|Alexjames99's rating: 1035 &rarr; <strong>1025<\/strong><br \/>(-10 for losing)\n|raw|DJAYX's rating: 1149 &rarr; <strong>1166<\/strong><br \/>(+17 for winning)\n|c|\u2606DJAYX|gg\n|l|\u2606Alexjames99\n|c|\u2606DJAYX|good team\n","uploadtime":1696453300,"views":6,"p1id":"alexjames99","p2id":"djayx","formatid":"gen9nationaldexdoubles","rating":1025,"private":0,"password":""}