{"id":"gen9nationaldexdoubles-1962793143","p1":"cynda3","p2":"lustforlifee","format":"[Gen 9] National Dex Doubles","log":"|j|\u2606cynda3\n|j|\u2606lustforlifee\n|t:|1696792724\n|gametype|doubles\n|player|p1|cynda3|lyra|1173\n|player|p2|lustforlifee|elesa|1165\n|teamsize|p1|6\n|teamsize|p2|6\n|gen|9\n|tier|[Gen 9] National Dex Doubles\n|rated|\n|rule|HP Percentage Mod: HP is shown in percentages\n|rule|Endless Battle Clause: Forcing endless battles is banned\n|rule|OHKO Clause: OHKO moves are banned\n|rule|Evasion Moves Clause: Evasion moves are banned\n|rule|Evasion Abilities Clause: Evasion abilities are banned\n|rule|Species Clause: Limit one of each Pok\u00e9mon\n|rule|Gravity Sleep Clause: The combination of sleep-inducing moves with imperfect accuracy and Gravity or Gigantamax Orbeetle are banned\n|clearpoke\n|poke|p1|Scizor, M|\n|poke|p1|Illumise, F|\n|poke|p1|Volcarona, M|\n|poke|p1|Shuckle, M|\n|poke|p1|Araquanid, M|\n|poke|p1|Vikavolt, F|\n|poke|p2|Articuno-Galar|\n|poke|p2|Zapdos-Galar|\n|poke|p2|Moltres-Galar|\n|poke|p2|Pidgeot, F|\n|poke|p2|Talonflame, F|\n|poke|p2|Unfezant, M|\n|teampreview\n|c|\u2606cynda3|Bug vs flying\n|c|\u2606cynda3|God save me\n|c|\u2606lustforlifee|loool\n|\n|t:|1696792751\n|start\n|switch|p1a: Scizor|Scizor, M|100\/100\n|switch|p1b: Araquanid|Araquanid, M|100\/100\n|switch|p2a: Talonflame|Talonflame, F, shiny|100\/100\n|switch|p2b: Unfezant|Unfezant, M, shiny|100\/100\n|turn|1\n|c|\u2606cynda3|I don't like neither your brave bird with priority nor your flare blitz\n|\n|t:|1696792789\n|switch|p1a: Shuckle|Shuckle, M|100\/100\n|move|p2a: Talonflame|Will-O-Wisp|p1a: Shuckle\n|-status|p1a: Shuckle|brn\n|move|p2b: Unfezant|Brave Bird|p1b: Araquanid\n|-supereffective|p1b: Araquanid\n|-damage|p1b: Araquanid|0 fnt\n|faint|p1b: Araquanid\n|-damage|p2b: Unfezant|63\/100|[from] Recoil\n|-damage|p2b: Unfezant|53\/100|[from] item: Life Orb\n|\n|-damage|p1a: Shuckle|94\/100 brn|[from] brn\n|upkeep\n|c|\u2606cynda3|xd\n|\n|t:|1696792800\n|switch|p1b: Illumise|Illumise, F|100\/100\n|-item|p1b: Illumise|Air Balloon\n|turn|2\n|\n|t:|1696792815\n|move|p1b: Illumise|Thunder Wave|p2a: Talonflame|[miss]\n|-miss|p1b: Illumise|p2a: Talonflame\n|move|p2a: Talonflame|Flame Charge|p1b: Illumise\n|-supereffective|p1b: Illumise\n|-damage|p1b: Illumise|32\/100\n|-boost|p2a: Talonflame|spe|1\n|-enditem|p1b: Illumise|Air Balloon\n|move|p2b: Unfezant|Brave Bird|p1a: Shuckle\n|-damage|p1a: Shuckle|46\/100 brn\n|-damage|p2b: Unfezant|40\/100|[from] Recoil\n|-damage|p2b: Unfezant|30\/100|[from] item: Life Orb\n|move|p1a: Shuckle|Stealth Rock|p2a: Talonflame\n|-sidestart|p2: lustforlifee|move: Stealth Rock\n|\n|-heal|p1a: Shuckle|52\/100 brn|[from] item: Leftovers\n|-damage|p1a: Shuckle|46\/100 brn|[from] brn\n|upkeep\n|turn|3\n|c|\u2606cynda3|I like birds\n|c|\u2606lustforlifee|i hate bugs\n|c|\u2606cynda3|HAHAH\n|\n|t:|1696792841\n|move|p1b: Illumise|Thunder Wave|p2a: Talonflame\n|-status|p2a: Talonflame|par\n|move|p2b: Unfezant|Steel Wing|p1a: Shuckle\n|-supereffective|p1a: Shuckle\n|-crit|p1a: Shuckle\n|-damage|p1a: Shuckle|0 fnt\n|faint|p1a: Shuckle\n|-damage|p2b: Unfezant|20\/100|[from] item: Life Orb\n|move|p2a: Talonflame|Flame Charge|p1b: Illumise\n|-supereffective|p1b: Illumise\n|-damage|p1b: Illumise|0 fnt\n|-boost|p2a: Talonflame|spe|1\n|faint|p1b: Illumise\n|\n|upkeep\n|c|\u2606cynda3|To tell you the truth\n|c|\u2606cynda3|I have a tournament with friend\n|c|\u2606cynda3|And the types were random\n|\n|t:|1696792872\n|switch|p1b: Vikavolt|Vikavolt, F|100\/100\n|switch|p1a: Scizor|Scizor, M|100\/100\n|turn|4\n|c|\u2606lustforlifee|lol\n|c|\u2606cynda3|So here I am\n|\n|t:|1696792893\n|detailschange|p1a: Scizor|Scizor-Mega, M\n|-mega|p1a: Scizor|Scizor|Scizorite\n|move|p1a: Scizor|Bullet Punch|p2b: Unfezant\n|-damage|p2b: Unfezant|0 fnt\n|faint|p2b: Unfezant\n|cant|p2a: Talonflame|par\n|move|p1b: Vikavolt|Thunderbolt|p2a: Talonflame\n|-supereffective|p2a: Talonflame\n|-crit|p2a: Talonflame\n|-damage|p2a: Talonflame|0 fnt\n|faint|p2a: Talonflame\n|\n|upkeep\n|c|\u2606cynda3|Trying to make anything worth of bugs\n|c|\u2606lustforlifee|time for my downfall\n|c|\u2606cynda3|Not sure bro\n|c|\u2606cynda3|Pidgeot with heat wave\n|c|\u2606lustforlifee|u should use at least one of the ultra beast bugs tbh\n|\n|t:|1696792926\n|switch|p2a: Pidgeot|Pidgeot, F, shiny|100\/100\n|switch|p2b: Zapdos|Zapdos-Galar, shiny|100\/100\n|-damage|p2a: Pidgeot|75\/100|[from] Stealth Rock\n|turn|5\n|c|\u2606cynda3|Buzzwole?\n|c|\u2606cynda3|I don't know how to use it\n|c|\u2606lustforlifee|yea buzz or pheromosa whichever u prefer\n|c|\u2606cynda3|pheromosa is uber\n|c|\u2606lustforlifee|omg forgot\n|c|\u2606cynda3|xD\n|\n|t:|1696792978\n|detailschange|p2a: Pidgeot|Pidgeot-Mega, F, shiny\n|-mega|p2a: Pidgeot|Pidgeot|Pidgeotite\n|move|p1a: Scizor|Bullet Punch|p2a: Pidgeot\n|-damage|p2a: Pidgeot|27\/100\n|move|p2a: Pidgeot|Brave Bird|p1b: Vikavolt\n|-damage|p1b: Vikavolt|49\/100\n|-damage|p2a: Pidgeot|8\/100|[from] Recoil\n|move|p2b: Zapdos|Blaze Kick|p1a: Scizor\n|-supereffective|p1a: Scizor\n|-damage|p1a: Scizor|24\/100\n|move|p1b: Vikavolt|Thunderbolt|p2b: Zapdos\n|-supereffective|p2b: Zapdos\n|-damage|p2b: Zapdos|0 fnt\n|faint|p2b: Zapdos\n|\n|upkeep\n|\n|t:|1696792995\n|switch|p2b: Articuno|Articuno-Galar, shiny|100\/100\n|-damage|p2b: Articuno|76\/100|[from] Stealth Rock\n|turn|6\n|\n|t:|1696793014\n|move|p1a: Scizor|Bullet Punch|p2a: Pidgeot\n|-damage|p2a: Pidgeot|0 fnt\n|faint|p2a: Pidgeot\n|move|p2b: Articuno|Freezing Glare|p1a: Scizor\n|-resisted|p1a: Scizor\n|-damage|p1a: Scizor|2\/100\n|move|p1b: Vikavolt|Thunderbolt|p2b: Articuno\n|-supereffective|p2b: Articuno\n|-damage|p2b: Articuno|0 fnt\n|faint|p2b: Articuno\n|\n|upkeep\n|c|\u2606lustforlifee|omgggg\n|c|\u2606cynda3|I like the shiny of the lkanto birds\n|c|\u2606lustforlifee|i started so good too\n|c|\u2606lustforlifee|same\n|c|\u2606cynda3|Hahhaahha\n|c|\u2606lustforlifee|i love the legendary bird\n|c|\u2606lustforlifee|s\n|c|\u2606cynda3|I got lucky there\n|\n|t:|1696793036\n|switch|p2b: Moltres|Moltres-Galar, shiny|100\/100\n|-damage|p2b: Moltres|76\/100|[from] Stealth Rock\n|turn|7\n|\n|t:|1696793050\n|-terastallize|p2b: Moltres|Fire\n|move|p1a: Scizor|Bullet Punch|p2b: Moltres\n|-resisted|p2b: Moltres\n|-damage|p2b: Moltres|53\/100\n|move|p2b: Moltres|Fiery Wrath|p1a: Scizor|[spread] p1a,p1b\n|-damage|p1a: Scizor|0 fnt\n|-damage|p1b: Vikavolt|12\/100\n|faint|p1a: Scizor\n|cant|p1b: Vikavolt|flinch\n|\n|upkeep\n|c|\u2606cynda3|hope you don't have an Aoe attackj\n|c|\u2606cynda3|NOOOOO\n|\n|t:|1696793061\n|switch|p1a: Volcarona|Volcarona, M|100\/100\n|turn|8\n|\n|t:|1696793072\n|move|p1a: Volcarona|Quiver Dance|p1a: Volcarona\n|-boost|p1a: Volcarona|spa|1\n|-boost|p1a: Volcarona|spd|1\n|-boost|p1a: Volcarona|spe|1\n|move|p2b: Moltres|Fiery Wrath|p1b: Vikavolt|[spread] p1a,p1b\n|-damage|p1a: Volcarona|79\/100\n|-damage|p1b: Vikavolt|0 fnt\n|faint|p1b: Vikavolt\n|\n|upkeep\n|turn|9\n|c|\u2606lustforlifee|this is my endd\n|\n|t:|1696793085\n|move|p1a: Volcarona|Bug Buzz|p2b: Moltres\n|-resisted|p2b: Moltres\n|-damage|p2b: Moltres|20\/100\n|-ability|p2b: Moltres|Berserk|boost\n|-boost|p2b: Moltres|spa|1\n|move|p2b: Moltres|Air Slash|p1a: Volcarona\n|-supereffective|p1a: Volcarona\n|-damage|p1a: Volcarona|9\/100\n|\n|upkeep\n|turn|10\n|c|\u2606cynda3|OH GOD\n|\n|t:|1696793095\n|move|p1a: Volcarona|Bug Buzz|p2b: Moltres\n|-resisted|p2b: Moltres\n|-damage|p2b: Moltres|0 fnt\n|faint|p2b: Moltres\n|\n|win|cynda3\n|raw|cynda3's rating: 1173 &rarr; <strong>1197<\/strong><br \/>(+24 for winning)\n|raw|lustforlifee's rating: 1165 &rarr; <strong>1141<\/strong><br \/>(-24 for losing)\n|c|\u2606cynda3|What a game\n|c|\u2606cynda3|GG\n|c|\u2606lustforlifee|gg@\n|c|\u2606lustforlifee|!\n|l|\u2606lustforlifee\n|c|\u2606cynda3|I have another bug team\n|c|\u2606cynda3|Wanna try?\n","uploadtime":1696793124,"views":15,"p1id":"cynda3","p2id":"lustforlifee","formatid":"gen9nationaldexdoubles","rating":1141,"private":0,"password":""}