{"id":"gen9nationaldexdoubles-1978446520","p1":"loch2009","p2":"Kingofspades13","format":"[Gen 9] National Dex Doubles","log":"|j|\u2606loch2009\n|j|\u2606Kingofspades13\n|t:|1698540057\n|gametype|doubles\n|player|p1|loch2009|cynthia-gen4|\n|player|p2|Kingofspades13|plasmagrunt-gen5bw|\n|teamsize|p1|6\n|teamsize|p2|6\n|gen|9\n|tier|[Gen 9] National Dex Doubles\n|rated|Tournament battle\n|rule|HP Percentage Mod: HP is shown in percentages\n|rule|Endless Battle Clause: Forcing endless battles is banned\n|rule|OHKO Clause: OHKO moves are banned\n|rule|Evasion Moves Clause: Evasion moves are banned\n|rule|Evasion Abilities Clause: Evasion abilities are banned\n|rule|Species Clause: Limit one of each Pok\u00e9mon\n|rule|Gravity Sleep Clause: The combination of sleep-inducing moves with imperfect accuracy and Gravity or Gigantamax Orbeetle are banned\n|clearpoke\n|poke|p1|Flutter Mane|\n|poke|p1|Braviary-Hisui, M|\n|poke|p1|Indeedee-F, F|\n|poke|p1|Gardevoir, M|\n|poke|p1|Roaring Moon|\n|poke|p1|Haxorus, F|\n|poke|p2|Grapploct, M|\n|poke|p2|Flutter Mane|\n|poke|p2|Volcanion|\n|poke|p2|Rillaboom, M|\n|poke|p2|Empoleon, F|\n|poke|p2|Zygarde|\n|teampreview\n|c|\u2606loch2009|cool team\n|c|\u2606loch2009|have fun\n|\n|t:|1698540080\n|start\n|switch|p1a: Braviary|Braviary-Hisui, M|100\/100\n|switch|p1b: Indeedee|Indeedee-F, F|100\/100\n|switch|p2a: Flutter Mane|Flutter Mane|100\/100\n|switch|p2b: Empoleon|Empoleon, F|100\/100\n|-fieldstart|move: Psychic Terrain|[from] ability: Psychic Surge|[of] p1b: Indeedee\n|-enditem|p2a: Flutter Mane|Booster Energy\n|-activate|p2a: Flutter Mane|ability: Protosynthesis|[fromitem]\n|-start|p2a: Flutter Mane|protosynthesisspe\n|turn|1\n|\n|t:|1698540096\n|move|p1b: Indeedee|Follow Me|p1b: Indeedee\n|-singleturn|p1b: Indeedee|move: Follow Me\n|move|p2a: Flutter Mane|Shadow Ball|p1b: Indeedee\n|-immune|p1b: Indeedee\n|move|p1a: Braviary|Esper Wing|p2a: Flutter Mane\n|-damage|p2a: Flutter Mane|57\/100\n|-boost|p1a: Braviary|spe|1\n|move|p2b: Empoleon|Flash Cannon|p1b: Indeedee\n|-damage|p1b: Indeedee|64\/100\n|\n|upkeep\n|turn|2\n|\n|t:|1698540113\n|move|p1b: Indeedee|Follow Me|p1b: Indeedee\n|-singleturn|p1b: Indeedee|move: Follow Me\n|move|p2a: Flutter Mane|Dazzling Gleam|p1b: Indeedee|[spread] p1a,p1b\n|-damage|p1a: Braviary|66\/100\n|-damage|p1b: Indeedee|34\/100\n|move|p1a: Braviary|Calm Mind|p1a: Braviary\n|-boost|p1a: Braviary|spa|1\n|-boost|p1a: Braviary|spd|1\n|move|p2b: Empoleon|Ice Beam|p1b: Indeedee\n|-damage|p1b: Indeedee|4\/100\n|\n|upkeep\n|turn|3\n|\n|t:|1698540140\n|switch|p1b: Flutter Mane|Flutter Mane|100\/100\n|move|p2a: Flutter Mane|Dazzling Gleam|p1a: Braviary|[spread] p1a,p1b\n|-damage|p1a: Braviary|41\/100\n|-damage|p1b: Flutter Mane|65\/100\n|move|p1a: Braviary|Esper Wing|p2a: Flutter Mane\n|-crit|p2a: Flutter Mane\n|-damage|p2a: Flutter Mane|0 fnt\n|-boost|p1a: Braviary|spe|1\n|faint|p2a: Flutter Mane\n|-end|p2a: Flutter Mane|Protosynthesis|[silent]\n|move|p2b: Empoleon|Ice Beam|p1a: Braviary\n|-supereffective|p1a: Braviary\n|-damage|p1a: Braviary|0 fnt\n|faint|p1a: Braviary\n|\n|upkeep\n|\n|t:|1698540162\n|switch|p2a: Rillaboom|Rillaboom, M|100\/100\n|switch|p1a: Gardevoir|Gardevoir, M|100\/100\n|-fieldstart|move: Grassy Terrain|[from] ability: Grassy Surge|[of] p2a: Rillaboom\n|turn|4\n|\n|t:|1698540177\n|switch|p1a: Indeedee|Indeedee-F, F|4\/100\n|-fieldstart|move: Psychic Terrain|[from] ability: Psychic Surge|[of] p1a: Indeedee\n|move|p2a: Rillaboom|Fake Out|p1a: Indeedee\n|-activate|p1a: Indeedee|move: Psychic Terrain\n|move|p1b: Flutter Mane|Shadow Ball|p2a: Rillaboom\n|-damage|p2a: Rillaboom|8\/100\n|-unboost|p2a: Rillaboom|spd|1\n|move|p2b: Empoleon|Flash Cannon|p1b: Flutter Mane\n|-supereffective|p1b: Flutter Mane\n|-damage|p1b: Flutter Mane|0 fnt\n|faint|p1b: Flutter Mane\n|-end|p1b: Flutter Mane|Protosynthesis|[silent]\n|\n|-heal|p2a: Rillaboom|14\/100|[from] item: Leftovers\n|upkeep\n|\n|t:|1698540197\n|switch|p1b: Haxorus|Haxorus, F|100\/100\n|-ability|p1b: Haxorus|Mold Breaker\n|turn|5\n|\n|t:|1698540205\n|move|p1a: Indeedee|Follow Me|p1a: Indeedee\n|-singleturn|p1a: Indeedee|move: Follow Me\n|move|p2a: Rillaboom|Taunt|p1a: Indeedee\n|-start|p1a: Indeedee|move: Taunt\n|move|p1b: Haxorus|Dragon Dance|p1b: Haxorus\n|-boost|p1b: Haxorus|atk|1\n|-boost|p1b: Haxorus|spe|1\n|move|p2b: Empoleon|Ice Beam|p1a: Indeedee\n|-damage|p1a: Indeedee|0 fnt\n|faint|p1a: Indeedee\n|\n|-heal|p2a: Rillaboom|20\/100|[from] item: Leftovers\n|upkeep\n|j| ChainlessJoe\n|\n|t:|1698540225\n|switch|p1a: Gardevoir|Gardevoir, M|100\/100\n|turn|6\n|l| ChainlessJoe\n|\n|t:|1698540251\n|switch|p2a: Volcanion|Volcanion|100\/100\n|detailschange|p1a: Gardevoir|Gardevoir-Mega, M\n|-mega|p1a: Gardevoir|Gardevoir|Gardevoirite\n|move|p1b: Haxorus|Dragon Claw|p2a: Volcanion\n|-damage|p2a: Volcanion|53\/100\n|move|p1a: Gardevoir|Aura Sphere|p2b: Empoleon\n|-supereffective|p2b: Empoleon\n|-damage|p2b: Empoleon|40\/100\n|move|p2b: Empoleon|Ice Beam|p1b: Haxorus\n|-supereffective|p1b: Haxorus\n|-damage|p1b: Haxorus|6\/100\n|\n|-heal|p2a: Volcanion|59\/100|[from] item: Leftovers\n|-heal|p2b: Empoleon|46\/100|[from] item: Leftovers\n|upkeep\n|turn|7\n|\n|t:|1698540281\n|-terastallize|p2b: Empoleon|Ghost\n|move|p1b: Haxorus|Earthquake|p2a: Volcanion|[spread] p1a,p2a,p2b\n|-supereffective|p2a: Volcanion\n|-damage|p1a: Gardevoir|22\/100\n|-damage|p2a: Volcanion|2\/100\n|-damage|p2b: Empoleon|0 fnt\n|faint|p2b: Empoleon\n|move|p1a: Gardevoir|Aura Sphere|p2a: Volcanion\n|-damage|p2a: Volcanion|0 fnt\n|faint|p2a: Volcanion\n|\n|upkeep\n|\n|t:|1698540298\n|switch|p2a: Rillaboom|Rillaboom, M|20\/100\n|switch|p2b: Grapploct|Grapploct, M|100\/100\n|-fieldstart|move: Grassy Terrain|[from] ability: Grassy Surge|[of] p2a: Rillaboom\n|turn|8\n|\n|t:|1698540316\n|move|p1b: Haxorus|Dragon Claw|p2a: Rillaboom\n|-damage|p2a: Rillaboom|0 fnt\n|faint|p2a: Rillaboom\n|move|p1a: Gardevoir|Hyper Voice|p2b: Grapploct\n|-supereffective|p2b: Grapploct\n|-damage|p2b: Grapploct|0 fnt\n|faint|p2b: Grapploct\n|\n|-heal|p1b: Haxorus|12\/100|[from] Grassy Terrain\n|-heal|p1a: Gardevoir|28\/100|[from] Grassy Terrain\n|upkeep\n|c|\u2606loch2009|no fake out?\n|\n|t:|1698540333\n|switch|p2b: Zygarde|Zygarde|100\/100\n|-ability|p2b: Zygarde|Aura Break\n|turn|9\n|c|\u2606loch2009|or grassy glide\n|c|\u2606loch2009|aura break? over power construct\n|\n|t:|1698540354\n|move|p1b: Haxorus|Dragon Claw|p2b: Zygarde\n|-supereffective|p2b: Zygarde\n|-damage|p2b: Zygarde|0 fnt\n|faint|p2b: Zygarde\n|\n|win|loch2009\n|n|\u2606loch2009|loch2009\n|n|\u2606Kingofspades13|kingofspades13\n|l|\u2606Kingofspades13\n|c|\u2606loch2009|gg\n|j|\u2606Kingofspades13\n|player|p2|Kingofspades13|plasmagrunt-gen5bw\n|l|\u2606Kingofspades13\n|player|p2|\n","uploadtime":1698540626,"views":8,"p1id":"loch2009","p2id":"kingofspades13","formatid":"gen9nationaldexdoubles","rating":0,"private":0,"password":""}