{"id":"gen9nationaldexdoubles-1951586089","p1":"SgtSmilies","p2":"Datagne","format":"[Gen 9] National Dex Doubles","log":"|j|\u2606SgtSmilies\n|j|\u2606Datagne\n|t:|1695596406\n|gametype|doubles\n|player|p1|SgtSmilies|acetrainerf|\n|player|p2|Datagne|will|\n|teamsize|p1|6\n|teamsize|p2|6\n|gen|9\n|tier|[Gen 9] National Dex Doubles\n|rule|HP Percentage Mod: HP is shown in percentages\n|rule|Endless Battle Clause: Forcing endless battles is banned\n|rule|OHKO Clause: OHKO moves are banned\n|rule|Evasion Moves Clause: Evasion moves are banned\n|rule|Evasion Abilities Clause: Evasion abilities are banned\n|rule|Species Clause: Limit one of each Pok\u00e9mon\n|rule|Gravity Sleep Clause: The combination of sleep-inducing moves with imperfect accuracy and Gravity or Gigantamax Orbeetle are banned\n|clearpoke\n|poke|p1|Chien-Pao|\n|poke|p1|Dracovish|\n|poke|p1|Dragapult, M|\n|poke|p1|Slither Wing|\n|poke|p1|Lilligant, F|\n|poke|p1|Torkoal, M|\n|poke|p2|Gigalith, F|\n|poke|p2|Kingambit, F|\n|poke|p2|Klefki, M|\n|poke|p2|Enamorus-Therian, F|\n|poke|p2|Glastrier|\n|poke|p2|Salamence, M|\n|teampreview\n|j| Camdar\n|j| 2wb\n|inactive|Battle timer is ON: inactive players will automatically lose when time's up. (requested by SgtSmilies)\n|\n|t:|1695596451\n|start\n|switch|p1a: Ratheon|Dragapult, M|100\/100\n|switch|p1b: Weavile 2|Chien-Pao|100\/100\n|switch|p2a: Pups|Salamence, M|100\/100\n|switch|p2b: Jingles|Klefki, M|100\/100\n|-ability|p1b: Weavile 2|Sword of Ruin\n|-ability|p2a: Pups|Intimidate|boost\n|-unboost|p1a: Ratheon|atk|1\n|-unboost|p1b: Weavile 2|atk|1\n|turn|1\n|\n|t:|1695596476\n|move|p2a: Pups|Protect|p2a: Pups\n|-singleturn|p2a: Pups|Protect\n|move|p2b: Jingles|Imprison|p2b: Jingles\n|-start|p2b: Jingles|move: Imprison\n|move|p1b: Weavile 2|Ice Spinner|p2a: Pups\n|-activate|p2a: Pups|move: Protect\n|move|p1a: Ratheon|Fire Blast|p2b: Jingles|[miss]\n|-miss|p1a: Ratheon|p2b: Jingles\n|\n|upkeep\n|turn|2\n|\n|t:|1695596505\n|switch|p2a: Aun|Kingambit, F|100\/100\n|move|p2b: Jingles|Thunder Wave|p1a: Ratheon\n|-status|p1a: Ratheon|par\n|move|p1b: Weavile 2|Ice Spinner|p2a: Aun\n|-resisted|p2a: Aun\n|-damage|p2a: Aun|86\/100\n|cant|p1a: Ratheon|par\n|\n|upkeep\n|turn|3\n|\n|t:|1695596527\n|move|p1b: Weavile 2|Brick Break|p2a: Aun\n|-supereffective|p2a: Aun\n|-damage|p2a: Aun|14\/100\n|move|p1a: Ratheon|Fire Blast|p2b: Jingles\n|-supereffective|p2b: Jingles\n|-damage|p2b: Jingles|0 fnt\n|faint|p2b: Jingles\n|-damage|p1a: Ratheon|91\/100 par|[from] item: Life Orb\n|move|p2a: Aun|Stone Edge|p1b: Weavile 2\n|-supereffective|p1b: Weavile 2\n|-enditem|p1b: Weavile 2|Focus Sash\n|-damage|p1b: Weavile 2|1\/100\n|-damage|p2a: Aun|4\/100|[from] item: Life Orb\n|\n|upkeep\n|inactive|Datagne has 270 seconds left.\n|\n|t:|1695596543\n|switch|p2b: Tortle|Enamorus-Therian, F|100\/100\n|turn|4\n|\n|t:|1695596555\n|move|p2a: Aun|Protect|p2a: Aun\n|-singleturn|p2a: Aun|Protect\n|move|p1b: Weavile 2|Ice Spinner|p2b: Tortle\n|-supereffective|p2b: Tortle\n|-damage|p2b: Tortle|48\/100\n|move|p1a: Ratheon|Shadow Ball|p2b: Tortle\n|-damage|p2b: Tortle|0 fnt\n|faint|p2b: Tortle\n|-damage|p1a: Ratheon|81\/100 par|[from] item: Life Orb\n|\n|upkeep\n|\n|t:|1695596568\n|switch|p2b: Limestone|Gigalith, F|100\/100\n|-weather|Sandstorm|[from] ability: Sand Stream|[of] p2b: Limestone\n|turn|5\n|\n|t:|1695596597\n|switch|p1b: only one move|Torkoal, M|100\/100\n|-weather|SunnyDay|[from] ability: Drought|[of] p1b: only one move\n|move|p2b: Limestone|Protect|p2b: Limestone\n|-singleturn|p2b: Limestone|Protect\n|move|p2a: Aun|Sucker Punch||[still]\n|-fail|p2a: Aun\n|cant|p1a: Ratheon|par\n|\n|-weather|SunnyDay|[upkeep]\n|upkeep\n|turn|6\n|\n|t:|1695596619\n|switch|p2b: Pups|Salamence, M|100\/100\n|-ability|p2b: Pups|Intimidate|boost\n|-unboost|p1a: Ratheon|atk|1\n|-unboost|p1b: only one move|atk|1\n|move|p2a: Aun|Protect|p2a: Aun\n|-singleturn|p2a: Aun|Protect\n|move|p1a: Ratheon|Draco Meteor|p2b: Pups\n|-supereffective|p2b: Pups\n|-damage|p2b: Pups|0 fnt\n|-unboost|p1a: Ratheon|spa|2\n|faint|p2b: Pups\n|-damage|p1a: Ratheon|71\/100 par|[from] item: Life Orb\n|move|p1b: only one move|Eruption|p2a: Aun\n|-activate|p2a: Aun|move: Protect\n|\n|-weather|SunnyDay|[upkeep]\n|upkeep\n|\n|t:|1695596635\n|switch|p2b: Limestone|Gigalith, F|100\/100\n|-weather|Sandstorm|[from] ability: Sand Stream|[of] p2b: Limestone\n|turn|7\n|\n|t:|1695596652\n|switch|p1b: Weavile 2|Chien-Pao|1\/100\n|-ability|p1b: Weavile 2|Sword of Ruin\n|move|p2a: Aun|Sucker Punch|p1a: Ratheon\n|-supereffective|p1a: Ratheon\n|-damage|p1a: Ratheon|0 fnt\n|faint|p1a: Ratheon\n|-damage|p2a: Aun|0 fnt|[from] item: Life Orb\n|faint|p2a: Aun\n|move|p2b: Limestone|Rock Slide|p1b: Weavile 2\n|-supereffective|p1b: Weavile 2\n|-damage|p1b: Weavile 2|0 fnt\n|faint|p1b: Weavile 2\n|\n|-weather|Sandstorm|[upkeep]\n|upkeep\n|inactive|SgtSmilies has 270 seconds left.\n|\n|t:|1695596684\n|switch|p1b: mr fish|Dracovish|100\/100\n|switch|p1a: Heracross 2|Slither Wing|100\/100\n|switch|p2a: Jack|Glastrier|100\/100\n|-enditem|p1a: Heracross 2|Booster Energy\n|-activate|p1a: Heracross 2|ability: Protosynthesis|[fromitem]\n|-start|p1a: Heracross 2|protosynthesisatk\n|turn|8\n|inactive|Datagne has 270 seconds left.\n|\n|t:|1695596718\n|-terastallize|p1b: mr fish|Water\n|-terastallize|p2a: Jack|Ghost\n|move|p2b: Limestone|Protect|p2b: Limestone\n|-singleturn|p2b: Limestone|Protect\n|move|p1b: mr fish|Fishious Rend|p2b: Limestone\n|-activate|p2b: Limestone|move: Protect\n|move|p1a: Heracross 2|Close Combat|p2a: Jack\n|-immune|p2a: Jack\n|move|p2a: Jack|Icicle Crash|p1b: mr fish|[miss]\n|-miss|p2a: Jack|p1b: mr fish\n|\n|-weather|Sandstorm|[upkeep]\n|-damage|p1b: mr fish|94\/100|[from] Sandstorm\n|-damage|p1a: Heracross 2|94\/100|[from] Sandstorm\n|-damage|p2a: Jack|94\/100|[from] Sandstorm\n|upkeep\n|turn|9\n|c|\u2606Datagne|Nooo\n|c|\u2606SgtSmilies|good play, however:\n|inactive|Datagne has 270 seconds left.\n|\n|t:|1695596749\n|move|p1b: mr fish|Fishious Rend|p2a: Jack\n|-damage|p2a: Jack|0 fnt\n|faint|p2a: Jack\n|move|p1a: Heracross 2|Close Combat|p2b: Limestone\n|-supereffective|p2b: Limestone\n|-damage|p2b: Limestone|0 fnt\n|-unboost|p1a: Heracross 2|def|1\n|-unboost|p1a: Heracross 2|spd|1\n|faint|p2b: Limestone\n|\n|win|SgtSmilies\n|c|\u2606Datagne|This is so sad\n|l|\u2606SgtSmilies\n|l|\u2606Datagne\n|l| Camdar\n|j| Camdar\n","uploadtime":1695597249,"views":18,"p1id":"sgtsmilies","p2id":"datagne","formatid":"gen9nationaldexdoubles","rating":0,"private":0,"password":""}