{"id":"gen9nationaldexdoubles-1997804514","p1":"Thatfunniguy","p2":"OrangeObama","format":"[Gen 9] National Dex Doubles","log":"|j|\u2606Thatfunniguy\n|j|\u2606OrangeObama\n|t:|1700854521\n|gametype|doubles\n|player|p1|Thatfunniguy|fisherman-gen4|1287\n|player|p2|OrangeObama|acetrainer-gen4dp|1178\n|teamsize|p1|6\n|teamsize|p2|6\n|gen|9\n|tier|[Gen 9] National Dex Doubles\n|rated|\n|rule|HP Percentage Mod: HP is shown in percentages\n|rule|Endless Battle Clause: Forcing endless battles is banned\n|rule|OHKO Clause: OHKO moves are banned\n|rule|Evasion Moves Clause: Evasion moves are banned\n|rule|Evasion Abilities Clause: Evasion abilities are banned\n|rule|Species Clause: Limit one of each Pok\u00e9mon\n|rule|Gravity Sleep Clause: The combination of sleep-inducing moves with imperfect accuracy and Gravity or Gigantamax Orbeetle are banned\n|clearpoke\n|poke|p1|Farigiraf, M|\n|poke|p1|Hoopa-Unbound|\n|poke|p1|Camerupt, F|\n|poke|p1|Diancie|\n|poke|p1|Stakataka|\n|poke|p1|Tapu Fini|\n|poke|p2|Latios, M|\n|poke|p2|Landorus-Therian, M|\n|poke|p2|Ogerpon-Wellspring, F|\n|poke|p2|Hitmontop, M|\n|poke|p2|Clefairy, M|\n|poke|p2|Eevee, M|\n|teampreview\n|inactive|Battle timer is ON: inactive players will automatically lose when time's up. (requested by OrangeObama)\n|\n|t:|1700854546\n|start\n|switch|p1a: Faerie|Tapu Fini|100\/100\n|switch|p1b: Mining Away|Diancie|100\/100\n|switch|p2a: Clefairy|Clefairy, M|100\/100\n|switch|p2b: Eevee|Eevee, M|100\/100\n|-fieldstart|move: Misty Terrain|[from] ability: Misty Surge|[of] p1a: Faerie\n|turn|1\n|\n|t:|1700854560\n|move|p2a: Clefairy|Follow Me|p2a: Clefairy\n|-singleturn|p2a: Clefairy|move: Follow Me\n|-zpower|p2b: Eevee\n|move|p2b: Eevee|Extreme Evoboost|p2b: Eevee\n|-boost|p2b: Eevee|atk|2\n|-boost|p2b: Eevee|def|2\n|-boost|p2b: Eevee|spa|2\n|-boost|p2b: Eevee|spd|2\n|-boost|p2b: Eevee|spe|2\n|move|p1a: Faerie|Scald|p2a: Clefairy\n|-damage|p2a: Clefairy|73\/100\n|move|p1b: Mining Away|Trick Room|p1b: Mining Away\n|-fieldstart|move: Trick Room|[of] p1b: Mining Away\n|\n|upkeep\n|turn|2\n|inactive|OrangeObama has 120 seconds left.\n|\n|t:|1700854604\n|switch|p1a: Best Movie|Hoopa-Unbound|100\/100\n|-enditem|p1a: Best Movie|Room Service\n|-unboost|p1a: Best Movie|spe|1|[from] item: Room Service\n|move|p2a: Clefairy|Protect|p2a: Clefairy\n|-singleturn|p2a: Clefairy|Protect\n|move|p1b: Mining Away|Diamond Storm|p2a: Clefairy|[spread] p2b\n|-activate|p2a: Clefairy|move: Protect\n|-damage|p2b: Eevee|73\/100\n|move|p2b: Eevee|Baton Pass|p2b: Eevee\n|\n|t:|1700854617\n|switch|p2b: Latios|Latios, M|100\/100|[from] Baton Pass\n|\n|upkeep\n|turn|3\n|\n|t:|1700854626\n|detailschange|p2b: Latios|Latios-Mega, M\n|-mega|p2b: Latios|Latios|Latiosite\n|move|p2a: Clefairy|Follow Me|p2a: Clefairy\n|-singleturn|p2a: Clefairy|move: Follow Me\n|move|p1b: Mining Away|Diamond Storm|p2b: Latios|[spread] p2a,p2b\n|-damage|p2a: Clefairy|43\/100\n|-damage|p2b: Latios|88\/100\n|-boost|p1b: Mining Away|def|2\n|move|p1a: Best Movie|Destiny Bond|p1a: Best Movie\n|-singlemove|p1a: Best Movie|Destiny Bond\n|move|p2b: Latios|Aura Sphere|p1a: Best Movie\n|-damage|p1a: Best Movie|49\/100\n|\n|upkeep\n|turn|4\n|\n|t:|1700854646\n|move|p1b: Mining Away|Diamond Storm|p2a: Clefairy|[spread] p2a,p2b\n|-damage|p2a: Clefairy|12\/100\n|-damage|p2b: Latios|74\/100\n|move|p1a: Best Movie|Hyperspace Fury|p2b: Latios\n|-supereffective|p2b: Latios\n|-damage|p2b: Latios|30\/100\n|-unboost|p1a: Best Movie|def|1\n|move|p2a: Clefairy|Moonblast|p1a: Best Movie\n|-supereffective|p1a: Best Movie\n|-damage|p1a: Best Movie|19\/100\n|move|p2b: Latios|Stored Power|p1b: Mining Away\n|-damage|p1b: Mining Away|0 fnt\n|faint|p1b: Mining Away\n|\n|upkeep\n|inactive|Thatfunniguy has 120 seconds left.\n|\n|t:|1700854668\n|switch|p1b: Blocky|Stakataka, shiny|100\/100\n|-item|p1b: Blocky|Air Balloon\n|turn|5\n|\n|t:|1700854691\n|move|p2a: Clefairy|Protect|p2a: Clefairy\n|-singleturn|p2a: Clefairy|Protect\n|move|p2b: Latios|Protect|p2b: Latios\n|-singleturn|p2b: Latios|Protect\n|move|p1b: Blocky|Rock Slide|p2a: Clefairy|[spread] \n|-activate|p2a: Clefairy|move: Protect\n|-activate|p2b: Latios|move: Protect\n|move|p1a: Best Movie|Destiny Bond|p1a: Best Movie\n|-singlemove|p1a: Best Movie|Destiny Bond\n|\n|-fieldend|move: Trick Room\n|-fieldend|Misty Terrain\n|upkeep\n|turn|6\n|\n|t:|1700854714\n|switch|p1b: Faerie|Tapu Fini|100\/100\n|-fieldstart|move: Misty Terrain|[from] ability: Misty Surge|[of] p1b: Faerie\n|move|p2b: Latios|Recover|p2b: Latios\n|-heal|p2b: Latios|80\/100\n|move|p2a: Clefairy|Moonblast|p1a: Best Movie\n|-supereffective|p1a: Best Movie\n|-damage|p1a: Best Movie|0 fnt\n|faint|p1a: Best Movie\n|-activate|p1a: Best Movie|move: Destiny Bond\n|faint|p2a: Clefairy\n|\n|upkeep\n|\n|t:|1700854735\n|switch|p1a: Astro|Farigiraf, M|100\/100\n|switch|p2a: Ogerpon|Ogerpon-Wellspring, F|100\/100\n|turn|7\n|\n|t:|1700854750\n|move|p2b: Latios|Stored Power|p1b: Faerie\n|-damage|p1b: Faerie|0 fnt\n|faint|p1b: Faerie\n|move|p2a: Ogerpon|Ivy Cudgel|p1a: Astro|[anim] Ivy Cudgel Water\n|-damage|p1a: Astro|49\/100\n|move|p1a: Astro|Trick Room|p1a: Astro\n|-fieldstart|move: Trick Room|[of] p1a: Astro\n|\n|upkeep\n|\n|t:|1700854760\n|switch|p1b: Blocky|Stakataka, shiny|100\/100\n|-item|p1b: Blocky|Air Balloon\n|turn|8\n|\n|t:|1700854768\n|move|p2b: Latios|Protect|p2b: Latios\n|-singleturn|p2b: Latios|Protect\n|move|p1a: Astro|Ally Switch|p1a: Astro\n|swap|p1a: Astro|1|[from] move: Ally Switch\n|move|p1a: Blocky|Gyro Ball|p2b: Latios\n|-activate|p2b: Latios|move: Protect\n|move|p2a: Ogerpon|Ivy Cudgel|p1b: Astro|[anim] Ivy Cudgel Water\n|-damage|p1b: Astro|0 fnt\n|faint|p1b: Astro\n|\n|upkeep\n|\n|t:|1700854770\n|switch|p1b: AAA|Camerupt, F, shiny|100\/100\n|turn|9\n|\n|t:|1700854792\n|detailschange|p1b: AAA|Camerupt-Mega, F, shiny\n|-mega|p1b: AAA|Camerupt|Cameruptite\n|-terastallize|p1a: Blocky|Grass\n|-terastallize|p2a: Ogerpon|Water\n|detailschange|p2a: Ogerpon|Ogerpon-Wellspring-Tera, F, tera:Water\n|-ability|p2a: Ogerpon|Embody Aspect (Wellspring)|boost\n|-boost|p2a: Ogerpon|spd|1\n|move|p2a: Ogerpon|Follow Me|p2a: Ogerpon\n|-singleturn|p2a: Ogerpon|move: Follow Me\n|move|p1a: Blocky|Gyro Ball|p2a: Ogerpon\n|-resisted|p2a: Ogerpon\n|-damage|p2a: Ogerpon|69\/100\n|move|p1b: AAA|Heat Wave|p2a: Ogerpon|[spread] p2a,p2b\n|-resisted|p2a: Ogerpon\n|-resisted|p2b: Latios\n|-damage|p2a: Ogerpon|52\/100\n|-damage|p2b: Latios|68\/100\n|move|p2b: Latios|Aura Sphere|p1a: Blocky\n|-damage|p1a: Blocky|29\/100\n|-enditem|p1a: Blocky|Air Balloon\n|\n|upkeep\n|turn|10\n|\n|t:|1700854816\n|move|p2a: Ogerpon|Follow Me|p2a: Ogerpon\n|-singleturn|p2a: Ogerpon|move: Follow Me\n|move|p1a: Blocky|Rock Slide|p2b: Latios|[spread] p2a,p2b\n|-damage|p2a: Ogerpon|27\/100\n|-damage|p2b: Latios|53\/100\n|move|p1b: AAA|Heat Wave|p2b: Latios|[spread] p2b\n|-miss|p1b: AAA|p2a: Ogerpon\n|-resisted|p2b: Latios\n|-damage|p2b: Latios|42\/100\n|cant|p2b: Latios|flinch\n|\n|-fieldend|Misty Terrain\n|upkeep\n|turn|11\n|\n|t:|1700854831\n|switch|p2a: Hitmontop|Hitmontop, M|100\/100\n|-ability|p2a: Hitmontop|Intimidate|boost\n|-unboost|p1a: Blocky|atk|1\n|-unboost|p1b: AAA|atk|1\n|move|p2b: Latios|Protect|p2b: Latios\n|-singleturn|p2b: Latios|Protect\n|move|p1a: Blocky|Rock Slide|p2b: Latios|[spread] p2a\n|-activate|p2b: Latios|move: Protect\n|-resisted|p2a: Hitmontop\n|-damage|p2a: Hitmontop|88\/100\n|move|p1b: AAA|Heat Wave|p2b: Latios|[spread] p2a\n|-activate|p2b: Latios|move: Protect\n|-damage|p2a: Hitmontop|23\/100\n|-enditem|p2a: Hitmontop|Sitrus Berry|[eat]\n|-heal|p2a: Hitmontop|48\/100|[from] item: Sitrus Berry\n|\n|-fieldend|move: Trick Room\n|upkeep\n|turn|12\n|\n|t:|1700854848\n|move|p2b: Latios|Stored Power|p1b: AAA\n|-damage|p1b: AAA|0 fnt\n|faint|p1b: AAA\n|move|p2a: Hitmontop|Close Combat|p1a: Blocky\n|-damage|p1a: Blocky|0 fnt\n|-unboost|p2a: Hitmontop|def|1\n|-unboost|p2a: Hitmontop|spd|1\n|faint|p1a: Blocky\n|\n|win|OrangeObama\n|raw|Thatfunniguy's rating: 1287 &rarr; <strong>1254<\/strong><br \/>(-33 for losing)\n|raw|OrangeObama's rating: 1178 &rarr; <strong>1211<\/strong><br \/>(+33 for winning)\n|l|\u2606Thatfunniguy\n","uploadtime":1700854860,"views":2,"p1id":"thatfunniguy","p2id":"orangeobama","formatid":"gen9nationaldexdoubles","rating":1211,"private":0,"password":""}