{"id":"gen9nationaldexdoubles-1986990340","p1":"lopover6552","p2":"Saywha413","format":"[Gen 9] National Dex Doubles","log":"|j|\u203dlopover6552\n|j|\u2606Saywha413\n|t:|1699547126\n|gametype|doubles\n|player|p1|lopover6552|170|1071\n|player|p2|Saywha413|hugh|1057\n|teamsize|p1|4\n|teamsize|p2|6\n|gen|9\n|tier|[Gen 9] National Dex Doubles\n|rated|\n|rule|HP Percentage Mod: HP is shown in percentages\n|rule|Endless Battle Clause: Forcing endless battles is banned\n|rule|OHKO Clause: OHKO moves are banned\n|rule|Evasion Moves Clause: Evasion moves are banned\n|rule|Evasion Abilities Clause: Evasion abilities are banned\n|rule|Species Clause: Limit one of each Pok\u00e9mon\n|rule|Gravity Sleep Clause: The combination of sleep-inducing moves with imperfect accuracy and Gravity or Gigantamax Orbeetle are banned\n|clearpoke\n|poke|p1|Ursaluna-Bloodmoon, M|\n|poke|p1|Sylveon, F|\n|poke|p1|Murkrow, F|\n|poke|p1|Glimmora, F|\n|poke|p2|Bouffalant, M|\n|poke|p2|Eelektross, M|\n|poke|p2|Flygon, F|\n|poke|p2|Serperior, F|\n|poke|p2|Salamence, M|\n|poke|p2|Arcanine, F|\n|teampreview\n|\n|t:|1699547133\n|start\n|switch|p1a: Murkrow|Murkrow, F|100\/100\n|switch|p1b: Glimmora|Glimmora, F|100\/100\n|switch|p2a: Bouffalant|Bouffalant, M|100\/100\n|switch|p2b: Eelektross|Eelektross, M|100\/100\n|turn|1\n|\n|t:|1699547166\n|switch|p2a: Flygon|Flygon, F|100\/100\n|move|p1a: Murkrow|Tailwind|p1a: Murkrow\n|-sidestart|p1: lopover6552|move: Tailwind\n|move|p1b: Glimmora|Stealth Rock|p2a: Flygon\n|-sidestart|p2: Saywha413|move: Stealth Rock\n|move|p2b: Eelektross|Giga Drain|p1b: Glimmora\n|-damage|p1b: Glimmora|80\/100\n|\n|upkeep\n|turn|2\n|inactive|Battle timer is ON: inactive players will automatically lose when time's up. (requested by lopover6552)\n|\n|t:|1699547195\n|move|p1a: Murkrow|Brave Bird|p2a: Flygon\n|-damage|p2a: Flygon|48\/100\n|-damage|p1a: Murkrow|79\/100|[from] Recoil\n|move|p1b: Glimmora|Explosion|p2a: Flygon|[spread] p1a,p2a,p2b\n|-damage|p1a: Murkrow|7\/100\n|-damage|p2a: Flygon|13\/100\n|-damage|p2b: Eelektross|73\/100\n|faint|p1b: Glimmora\n|move|p2a: Flygon|Earth Power|p1a: Murkrow\n|-immune|p1a: Murkrow\n|move|p2b: Eelektross|Thunderbolt|p1a: Murkrow\n|-supereffective|p1a: Murkrow\n|-damage|p1a: Murkrow|0 fnt\n|faint|p1a: Murkrow\n|\n|upkeep\n|\n|t:|1699547211\n|switch|p1a: Ursaluna|Ursaluna-Bloodmoon, M|100\/100\n|switch|p1b: Sylveon|Sylveon, F|100\/100\n|turn|3\n|\n|t:|1699547222\n|-terastallize|p1b: Sylveon|Fairy\n|move|p1a: Ursaluna|Blood Moon|p2a: Flygon\n|-damage|p2a: Flygon|0 fnt\n|faint|p2a: Flygon\n|move|p1b: Sylveon|Copycat|p1b: Sylveon\n|move|p1b: Sylveon|Blood Moon|p2b: Eelektross|[from]move: Copycat\n|-damage|p2b: Eelektross|0 fnt\n|faint|p2b: Eelektross\n|\n|upkeep\n|\n|t:|1699547236\n|switch|p2a: Bouffalant|Bouffalant, M|100\/100\n|switch|p2b: Serperior|Serperior, F|100\/100\n|-damage|p2b: Serperior|88\/100|[from] Stealth Rock\n|-damage|p2a: Bouffalant|88\/100|[from] Stealth Rock\n|turn|4\n|\n|t:|1699547249\n|move|p1a: Ursaluna|Protect|p1a: Ursaluna\n|-singleturn|p1a: Ursaluna|Protect\n|move|p1b: Sylveon|Protect|p1b: Sylveon\n|-singleturn|p1b: Sylveon|Protect\n|move|p2b: Serperior|Toxic|p1a: Ursaluna\n|-activate|p1a: Ursaluna|move: Protect\n|move|p2a: Bouffalant|Head Charge|p1b: Sylveon\n|-activate|p1b: Sylveon|move: Protect\n|\n|-sideend|p1: lopover6552|move: Tailwind\n|upkeep\n|turn|5\n|\n|t:|1699547263\n|move|p2b: Serperior|Toxic|p1a: Ursaluna\n|-status|p1a: Ursaluna|tox\n|move|p1a: Ursaluna|Blood Moon|p2a: Bouffalant\n|-damage|p2a: Bouffalant|26\/100\n|move|p1b: Sylveon|Copycat|p1b: Sylveon\n|move|p1b: Sylveon|Blood Moon|p2b: Serperior|[from]move: Copycat\n|-damage|p2b: Serperior|0 fnt\n|faint|p2b: Serperior\n|move|p2a: Bouffalant|Head Charge|p1b: Sylveon\n|-damage|p1b: Sylveon|0 fnt\n|faint|p1b: Sylveon\n|-damage|p2a: Bouffalant|0 fnt|[from] Recoil\n|faint|p2a: Bouffalant\n|\n|-damage|p1a: Ursaluna|95\/100 tox|[from] psn\n|upkeep\n|\n|t:|1699547278\n|switch|p2b: Arcanine|Arcanine, F|100\/100\n|switch|p2a: Salamence|Salamence, M|100\/100\n|-damage|p2b: Arcanine|76\/100|[from] Stealth Rock\n|-ability|p2b: Arcanine|Intimidate|boost\n|-unboost|p1a: Ursaluna|atk|1\n|-damage|p2a: Salamence|76\/100|[from] Stealth Rock\n|-ability|p2a: Salamence|Intimidate|boost\n|-unboost|p1a: Ursaluna|atk|1\n|turn|6\n|\n|t:|1699547289\n|detailschange|p2a: Salamence|Salamence-Mega, M\n|-mega|p2a: Salamence|Salamence|Salamencite\n|move|p2a: Salamence|Dragon Dance|p2a: Salamence\n|-boost|p2a: Salamence|atk|1\n|-boost|p2a: Salamence|spe|1\n|move|p2b: Arcanine|Will-O-Wisp||[still]\n|-fail|p2b: Arcanine\n|move|p1a: Ursaluna|Earth Power|p2b: Arcanine\n|-supereffective|p2b: Arcanine\n|-damage|p2b: Arcanine|0 fnt\n|faint|p2b: Arcanine\n|\n|-damage|p1a: Ursaluna|83\/100 tox|[from] psn\n|upkeep\n|turn|7\n|\n|t:|1699547306\n|move|p2a: Salamence|Aqua Tail|p1a: Ursaluna\n|-supereffective|p1a: Ursaluna\n|-damage|p1a: Ursaluna|0 fnt\n|faint|p1a: Ursaluna\n|\n|win|Saywha413\n|raw|lopover6552's rating: 1071 &rarr; <strong>1050<\/strong><br \/>(-21 for losing)\n|raw|Saywha413's rating: 1057 &rarr; <strong>1090<\/strong><br \/>(+33 for winning)\n|l|\u203dlopover6552\n","uploadtime":1699547315,"views":19,"p1id":"lopover6552","p2id":"saywha413","formatid":"gen9nationaldexdoubles","rating":1050,"private":0,"password":""}