{"id":"gen9nationaldexdoubles-1979732532","p1":"Funny-GuyPKM","p2":"lxvliiz","format":"[Gen 9] National Dex Doubles","log":"|j|\u2606Funny-GuyPKM\n|j|\u2606lxvliiz\n|t:|1698707610\n|gametype|doubles\n|player|p1|Funny-GuyPKM|roxie|1045\n|player|p2|lxvliiz|1|1048\n|teamsize|p1|6\n|teamsize|p2|6\n|gen|9\n|tier|[Gen 9] National Dex Doubles\n|rated|\n|rule|HP Percentage Mod: HP is shown in percentages\n|rule|Endless Battle Clause: Forcing endless battles is banned\n|rule|OHKO Clause: OHKO moves are banned\n|rule|Evasion Moves Clause: Evasion moves are banned\n|rule|Evasion Abilities Clause: Evasion abilities are banned\n|rule|Species Clause: Limit one of each Pok\u00e9mon\n|rule|Gravity Sleep Clause: The combination of sleep-inducing moves with imperfect accuracy and Gravity or Gigantamax Orbeetle are banned\n|clearpoke\n|poke|p1|Wishiwashi, F|\n|poke|p1|Amoonguss, M|\n|poke|p1|Tauros-Paldea-Blaze, M|\n|poke|p1|Grimmsnarl, M|\n|poke|p1|Klefki, M|\n|poke|p1|Ursaluna-Bloodmoon, M|\n|poke|p2|Moltres-Galar|\n|poke|p2|Murkrow, L1, F|\n|poke|p2|Weavile, F|\n|poke|p2|Greninja-*, M|\n|poke|p2|Incineroar, F|\n|poke|p2|Meowscarada, F|\n|teampreview\n|inactive|Battle timer is ON: inactive players will automatically lose when time's up. (requested by Funny-GuyPKM)\n|\n|t:|1698707626\n|start\n|switch|p1a: Grimmsnarl|Grimmsnarl, M|100\/100\n|switch|p1b: Tauros|Tauros-Paldea-Blaze, M|100\/100\n|switch|p2a: Meowscarada|Meowscarada, F|100\/100\n|switch|p2b: Moltres|Moltres-Galar|100\/100\n|turn|1\n|\n|t:|1698707643\n|-terastallize|p2b: Moltres|Dark\n|move|p1a: Grimmsnarl|Reflect|p1a: Grimmsnarl\n|-sidestart|p1: Funny-GuyPKM|Reflect\n|move|p2a: Meowscarada|Flower Trick|p1a: Grimmsnarl\n|-crit|p1a: Grimmsnarl\n|-damage|p1a: Grimmsnarl|45\/100\n|move|p1b: Tauros|Substitute|p1b: Tauros\n|-start|p1b: Tauros|Substitute\n|-damage|p1b: Tauros|75\/100\n|move|p2b: Moltres|Nasty Plot|p2b: Moltres\n|-boost|p2b: Moltres|spa|2\n|\n|upkeep\n|turn|2\n|\n|t:|1698707664\n|switch|p1a: Amoonguss|Amoonguss, M|100\/100\n|move|p2a: Meowscarada|Spikes|p1a: Amoonguss\n|-sidestart|p1: Funny-GuyPKM|Spikes\n|move|p1b: Tauros|Close Combat|p2b: Moltres\n|-supereffective|p2b: Moltres\n|-damage|p2b: Moltres|0 fnt\n|-unboost|p1b: Tauros|def|1\n|-unboost|p1b: Tauros|spd|1\n|faint|p2b: Moltres\n|\n|upkeep\n|\n|t:|1698707671\n|switch|p2b: Murkrow|Murkrow, L1, F|100\/100\n|turn|3\n|\n|t:|1698707683\n|move|p1a: Amoonguss|Rage Powder|p1a: Amoonguss\n|-singleturn|p1a: Amoonguss|move: Rage Powder\n|move|p2b: Murkrow|Tailwind|p2b: Murkrow\n|-sidestart|p2: lxvliiz|move: Tailwind\n|move|p2a: Meowscarada|Flower Trick|p1b: Tauros\n|-resisted|p1b: Tauros\n|-crit|p1b: Tauros\n|-end|p1b: Tauros|Substitute\n|move|p1b: Tauros|Close Combat|p2a: Meowscarada\n|-supereffective|p2a: Meowscarada\n|-enditem|p2a: Meowscarada|Focus Sash\n|-damage|p2a: Meowscarada|1\/100\n|-unboost|p1b: Tauros|def|1\n|-unboost|p1b: Tauros|spd|1\n|\n|upkeep\n|turn|4\n|\n|t:|1698707708\n|move|p1a: Amoonguss|Rage Powder|p1a: Amoonguss\n|-singleturn|p1a: Amoonguss|move: Rage Powder\n|move|p2a: Meowscarada|Flower Trick|p1b: Tauros\n|-resisted|p1b: Tauros\n|-crit|p1b: Tauros\n|-damage|p1b: Tauros|0 fnt\n|faint|p1b: Tauros\n|move|p2b: Murkrow|Whirlwind|p1a: Amoonguss\n|drag|p1a: Grimmsnarl|Grimmsnarl, M|45\/100\n|-damage|p1a: Grimmsnarl|32\/100|[from] Spikes\n|\n|upkeep\n|inactive|Funny-GuyPKM has 120 seconds left.\n|\n|t:|1698707736\n|switch|p1b: Amoonguss|Amoonguss, M|100\/100\n|-damage|p1b: Amoonguss|88\/100|[from] Spikes\n|turn|5\n|inactive|Funny-GuyPKM has 120 seconds left.\n|\n|t:|1698707748\n|move|p1b: Amoonguss|Protect|p1b: Amoonguss\n|-singleturn|p1b: Amoonguss|Protect\n|move|p1a: Grimmsnarl|Parting Shot|p2a: Meowscarada\n|-hint|Since gen 7, Dark is immune to Prankster moves.\n|-immune|p2a: Meowscarada\n|move|p2a: Meowscarada|Flower Trick|p1a: Grimmsnarl\n|-crit|p1a: Grimmsnarl\n|-damage|p1a: Grimmsnarl|0 fnt\n|faint|p1a: Grimmsnarl\n|move|p2b: Murkrow|Whirlwind|p1b: Amoonguss\n|drag|p1b: Wishiwashi|Wishiwashi, F|100\/100\n|-damage|p1b: Wishiwashi|88\/100|[from] Spikes\n|-formechange|p1b: Wishiwashi|Wishiwashi-School||[from] ability: Schooling\n|\n|upkeep\n|inactive|Funny-GuyPKM has 120 seconds left.\n|c|\u2606lxvliiz|damn\n|\n|t:|1698707763\n|switch|p1a: Klefki|Klefki, M|100\/100\n|-damage|p1a: Klefki|88\/100|[from] Spikes\n|turn|6\n|\n|t:|1698707775\n|move|p2b: Murkrow|Taunt|p1a: Klefki\n|-start|p1a: Klefki|move: Taunt\n|move|p2a: Meowscarada|Flower Trick|p1b: Wishiwashi\n|-supereffective|p1b: Wishiwashi\n|-crit|p1b: Wishiwashi\n|-damage|p1b: Wishiwashi|0 fnt\n|faint|p1b: Wishiwashi\n|cant|p1a: Klefki|move: Taunt|Trick Room\n|\n|-heal|p1a: Klefki|94\/100|[from] item: Leftovers\n|-sideend|p2: lxvliiz|move: Tailwind\n|upkeep\n|c|\u2606Funny-GuyPKM|Oh duck\n|inactive|Funny-GuyPKM has 120 seconds left.\n|\n|t:|1698707792\n|switch|p1b: Amoonguss|Amoonguss, M|100\/100\n|-damage|p1b: Amoonguss|88\/100|[from] Spikes\n|turn|7\n|c|\u2606lxvliiz|ngl this is the first time this team is working \ud83d\udc80\ud83d\udc80\n|c|\u2606Funny-GuyPKM|Im not good in doubles lol\n|\n|t:|1698707809\n|switch|p1a: Ursaluna|Ursaluna-Bloodmoon, M|100\/100\n|-damage|p1a: Ursaluna|88\/100|[from] Spikes\n|move|p1b: Amoonguss|Protect|p1b: Amoonguss\n|-singleturn|p1b: Amoonguss|Protect\n|move|p2b: Murkrow|Tailwind|p2b: Murkrow\n|-sidestart|p2: lxvliiz|move: Tailwind\n|move|p2a: Meowscarada|Knock Off|p1b: Amoonguss\n|-activate|p1b: Amoonguss|move: Protect\n|\n|-heal|p1b: Amoonguss|94\/100|[from] item: Leftovers\n|upkeep\n|turn|8\n|c|\u2606Funny-GuyPKM|I depend on prankster tho\n|c|\u2606lxvliiz|lmao\n|inactive|Funny-GuyPKM has 120 seconds left.\n|\n|t:|1698707840\n|move|p1a: Ursaluna|Vacuum Wave|p2a: Meowscarada\n|-supereffective|p2a: Meowscarada\n|-damage|p2a: Meowscarada|0 fnt\n|faint|p2a: Meowscarada\n|move|p1b: Amoonguss|Pollen Puff|p1a: Ursaluna\n|-heal|p1a: Ursaluna|100\/100\n|move|p2b: Murkrow|Whirlwind|p1b: Amoonguss\n|drag|p1b: Klefki|Klefki, M|94\/100\n|-damage|p1b: Klefki|82\/100|[from] Spikes\n|\n|-heal|p1b: Klefki|88\/100|[from] item: Leftovers\n|-sideend|p1: Funny-GuyPKM|Reflect\n|upkeep\n|c|\u2606lxvliiz|klefki is useless against my team tho all dark \ud83d\ude14\ud83d\ude14\n|\n|t:|1698707855\n|switch|p2a: Greninja|Greninja, M|100\/100\n|turn|9\n|\n|t:|1698707871\n|move|p2a: Greninja|Scald|p1a: Ursaluna\n|-supereffective|p1a: Ursaluna\n|-damage|p1a: Ursaluna|35\/100\n|move|p1a: Ursaluna|Moonblast|p2a: Greninja\n|-supereffective|p2a: Greninja\n|-damage|p2a: Greninja|0 fnt\n|faint|p2a: Greninja\n|move|p2b: Murkrow|Whirlwind|p1a: Ursaluna\n|drag|p1a: Amoonguss|Amoonguss, M|100\/100\n|-damage|p1a: Amoonguss|88\/100|[from] Spikes\n|move|p1b: Klefki|Trick Room|p1b: Klefki\n|-fieldstart|move: Trick Room|[of] p1b: Klefki\n|\n|-heal|p1a: Amoonguss|94\/100|[from] item: Leftovers\n|-heal|p1b: Klefki|94\/100|[from] item: Leftovers\n|upkeep\n|c|\u2606lxvliiz|oh ni\n|c|\u2606lxvliiz|no\n|\n|t:|1698707888\n|switch|p2a: Incineroar|Incineroar, F|100\/100\n|-ability|p2a: Incineroar|Intimidate|boost\n|-unboost|p1a: Amoonguss|atk|1\n|-unboost|p1b: Klefki|atk|1\n|turn|10\n|c|\u2606Funny-GuyPKM|YESS\n|\n|t:|1698707903\n|switch|p1b: Ursaluna|Ursaluna-Bloodmoon, M|35\/100\n|-damage|p1b: Ursaluna|23\/100|[from] Spikes\n|move|p1a: Amoonguss|Rage Powder|p1a: Amoonguss\n|-singleturn|p1a: Amoonguss|move: Rage Powder\n|move|p2b: Murkrow|Taunt|p1a: Amoonguss\n|-start|p1a: Amoonguss|move: Taunt\n|move|p2a: Incineroar|Flare Blitz|p1a: Amoonguss\n|-supereffective|p1a: Amoonguss\n|-damage|p1a: Amoonguss|0 fnt\n|faint|p1a: Amoonguss\n|-damage|p2a: Incineroar|66\/100|[from] Recoil\n|\n|-sideend|p2: lxvliiz|move: Tailwind\n|upkeep\n|c|\u2606Funny-GuyPKM|I think i still lose lol\n|\n|t:|1698707915\n|switch|p1a: Klefki|Klefki, M|94\/100\n|-damage|p1a: Klefki|82\/100|[from] Spikes\n|turn|11\n|\n|t:|1698707925\n|move|p1a: Klefki|Protect|p1a: Klefki\n|-singleturn|p1a: Klefki|Protect\n|move|p2b: Murkrow|Taunt|p1a: Klefki\n|-activate|p1a: Klefki|move: Protect\n|move|p1b: Ursaluna|Earth Power|p2a: Incineroar\n|-supereffective|p2a: Incineroar\n|-damage|p2a: Incineroar|0 fnt\n|faint|p2a: Incineroar\n|\n|-heal|p1a: Klefki|88\/100|[from] item: Leftovers\n|upkeep\n|\n|t:|1698707928\n|switch|p2a: Weavile|Weavile, F|100\/100\n|-ability|p2a: Weavile|Pressure\n|turn|12\n|\n|t:|1698707942\n|move|p1a: Klefki|Magic Coat|p1a: Klefki\n|-singleturn|p1a: Klefki|move: Magic Coat\n|move|p2a: Weavile|Ice Shard|p1b: Ursaluna\n|-supereffective|p1b: Ursaluna\n|-damage|p1b: Ursaluna|0 fnt\n|faint|p1b: Ursaluna\n|move|p2b: Murkrow|Whirlwind|p1a: Klefki\n|move|p1a: Klefki|Whirlwind|p2b: Murkrow|[from]Magic Coat\n|-hint|Since gen 7, Dark is immune to Prankster moves.\n|-immune|p2b: Murkrow\n|\n|-heal|p1a: Klefki|94\/100|[from] item: Leftovers\n|upkeep\n|turn|13\n|c|\u2606lxvliiz|idk u might clutch\n|c|\u2606lxvliiz|oh\n|c|\u2606Funny-GuyPKM|Yea gg\n|-message|Funny-GuyPKM forfeited.\n|\n|win|lxvliiz\n|raw|Funny-GuyPKM's rating: 1045 &rarr; <strong>1028<\/strong><br \/>(-17 for losing)\n|raw|lxvliiz's rating: 1048 &rarr; <strong>1081<\/strong><br \/>(+33 for winning)\n|l|\u2606Funny-GuyPKM\n|c|\u2606lxvliiz|ggs\n","uploadtime":1698707968,"views":8,"p1id":"funnyguypkm","p2id":"lxvliiz","formatid":"gen9nationaldexdoubles","rating":1028,"private":0,"password":""}