{"id":"gen9nationaldexdoubles-1985015245","p1":"Yonderd","p2":"Jett Yes","format":"[Gen 9] National Dex Doubles","log":"|j|\u2606Yonderd\n|j|\u2606Jett Yes\n|t:|1699320905\n|gametype|doubles\n|player|p1|Yonderd|pokemonbreederf-gen4|\n|player|p2|Jett Yes|dawn|\n|teamsize|p1|4\n|teamsize|p2|4\n|gen|9\n|tier|[Gen 9] National Dex Doubles\n|rule|HP Percentage Mod: HP is shown in percentages\n|rule|Endless Battle Clause: Forcing endless battles is banned\n|rule|OHKO Clause: OHKO moves are banned\n|rule|Evasion Moves Clause: Evasion moves are banned\n|rule|Evasion Abilities Clause: Evasion abilities are banned\n|rule|Species Clause: Limit one of each Pok\u00e9mon\n|rule|Gravity Sleep Clause: The combination of sleep-inducing moves with imperfect accuracy and Gravity or Gigantamax Orbeetle are banned\n|clearpoke\n|poke|p1|Sharpedo, F|\n|poke|p1|Bewear, F|\n|poke|p1|Spiritomb, M|\n|poke|p1|Scrafty, M|\n|poke|p2|Greninja-*, M|\n|poke|p2|Grimmsnarl, M|\n|poke|p2|Drapion, F|\n|poke|p2|Malamar, M|\n|teampreview\n|j| Biancaval\n|c|\u2606Yonderd|Good to start?\n|j| Killerkiller93\n|\n|t:|1699320963\n|start\n|switch|p1a: Scrafty|Scrafty, M|100\/100\n|switch|p1b: Sharpedo|Sharpedo, F|100\/100\n|switch|p2a: Greninja|Greninja, M|100\/100\n|switch|p2b: Grimmsnarl|Grimmsnarl, M|100\/100\n|-ability|p1a: Scrafty|Intimidate|boost\n|-unboost|p2a: Greninja|atk|1\n|-unboost|p2b: Grimmsnarl|atk|1\n|turn|1\n|\n|t:|1699320999\n|move|p1b: Sharpedo|Protect|p1b: Sharpedo\n|-singleturn|p1b: Sharpedo|Protect\n|move|p2b: Grimmsnarl|Thunder Wave|p1b: Sharpedo\n|-activate|p1b: Sharpedo|move: Protect\n|move|p2a: Greninja|U-turn|p1a: Scrafty\n|-start|p2a: Greninja|typechange|Bug|[from] ability: Protean\n|-damage|p1a: Scrafty|84\/100\n|\n|t:|1699321016\n|switch|p2a: Drapion|Drapion, F|100\/100|[from] U-turn\n|move|p1a: Scrafty|Dragon Dance|p1a: Scrafty\n|-boost|p1a: Scrafty|atk|1\n|-boost|p1a: Scrafty|spe|1\n|\n|-ability|p1b: Sharpedo|Speed Boost|boost\n|-boost|p1b: Sharpedo|spe|1\n|upkeep\n|turn|2\n|\n|t:|1699321070\n|move|p1b: Sharpedo|Waterfall|p2a: Drapion\n|-damage|p2a: Drapion|42\/100\n|-damage|p1b: Sharpedo|91\/100|[from] item: Life Orb\n|move|p1a: Scrafty|Drain Punch|p2a: Drapion\n|-crit|p2a: Drapion\n|-damage|p2a: Drapion|0 fnt\n|-heal|p1a: Scrafty|100\/100|[from] drain|[of] p2a: Drapion\n|faint|p2a: Drapion\n|move|p2b: Grimmsnarl|Spirit Break|p1a: Scrafty\n|-supereffective|p1a: Scrafty\n|-damage|p1a: Scrafty|6\/100\n|-unboost|p1a: Scrafty|spa|1\n|\n|-ability|p1b: Sharpedo|Speed Boost|boost\n|-boost|p1b: Sharpedo|spe|1\n|upkeep\n|\n|t:|1699321089\n|switch|p2a: Greninja|Greninja, M|100\/100\n|turn|3\n|\n|t:|1699321107\n|move|p1a: Scrafty|Protect|p1a: Scrafty\n|-singleturn|p1a: Scrafty|Protect\n|move|p2b: Grimmsnarl|Thunder Wave|p1b: Sharpedo\n|-hint|Since gen 7, Dark is immune to Prankster moves.\n|-immune|p1b: Sharpedo\n|move|p1b: Sharpedo|Waterfall|p2a: Greninja\n|-resisted|p2a: Greninja\n|-damage|p2a: Greninja|50\/100\n|-damage|p1b: Sharpedo|81\/100|[from] item: Life Orb\n|move|p2a: Greninja|Dark Pulse|p1b: Sharpedo\n|-start|p2a: Greninja|typechange|Dark|[from] ability: Protean\n|-resisted|p1b: Sharpedo\n|-damage|p1b: Sharpedo|20\/100\n|\n|-ability|p1b: Sharpedo|Speed Boost|boost\n|-boost|p1b: Sharpedo|spe|1\n|upkeep\n|turn|4\n|\n|t:|1699321142\n|move|p1b: Sharpedo|Waterfall|p2a: Greninja\n|-damage|p2a: Greninja|0 fnt\n|faint|p2a: Greninja\n|-damage|p1b: Sharpedo|10\/100|[from] item: Life Orb\n|move|p1a: Scrafty|Drain Punch|p2b: Grimmsnarl\n|-damage|p2b: Grimmsnarl|44\/100\n|-heal|p1a: Scrafty|47\/100|[from] drain|[of] p2b: Grimmsnarl\n|move|p2b: Grimmsnarl|Spirit Break|p1b: Sharpedo\n|-supereffective|p1b: Sharpedo\n|-damage|p1b: Sharpedo|0 fnt\n|faint|p1b: Sharpedo\n|\n|upkeep\n|\n|t:|1699321157\n|switch|p2a: Malamar|Malamar, M|100\/100\n|switch|p1b: Bewear|Bewear, F|100\/100\n|turn|5\n|\n|t:|1699321178\n|move|p1a: Scrafty|Drain Punch|p2b: Grimmsnarl\n|-damage|p2b: Grimmsnarl|0 fnt\n|-heal|p1a: Scrafty|79\/100|[from] drain|[of] p2b: Grimmsnarl\n|faint|p2b: Grimmsnarl\n|move|p2a: Malamar|Superpower|p1b: Bewear\n|-supereffective|p1b: Bewear\n|-damage|p1b: Bewear|66\/100\n|-boost|p2a: Malamar|atk|1\n|-boost|p2a: Malamar|def|1\n|move|p1b: Bewear|Double-Edge|p2a: Malamar\n|-damage|p2a: Malamar|53\/100\n|-damage|p1b: Bewear|53\/100|[from] Recoil\n|\n|upkeep\n|turn|6\n|\n|t:|1699321202\n|move|p1a: Scrafty|Drain Punch|p2a: Malamar\n|-damage|p2a: Malamar|20\/100\n|-heal|p1a: Scrafty|100\/100|[from] drain|[of] p2a: Malamar\n|move|p2a: Malamar|Psycho Cut|p1b: Bewear\n|-supereffective|p1b: Bewear\n|-damage|p1b: Bewear|0 fnt\n|faint|p1b: Bewear\n|\n|upkeep\n|\n|t:|1699321210\n|switch|p1b: Spiritomb|Spiritomb, M|100\/100\n|turn|7\n|\n|t:|1699321238\n|move|p1b: Spiritomb|Protect|p1b: Spiritomb\n|-singleturn|p1b: Spiritomb|Protect\n|move|p1a: Scrafty|Drain Punch|p2a: Malamar\n|-damage|p2a: Malamar|0 fnt\n|faint|p2a: Malamar\n|\n|win|Yonderd\n","uploadtime":1699321248,"views":5,"p1id":"yonderd","p2id":"jettyes","formatid":"gen9nationaldexdoubles","rating":0,"private":0,"password":""}