{"id":"gen9nationaldexdoubles-1989825339","p1":"MagnetYoshi","p2":"Darklight7o2","format":"[Gen 9] National Dex Doubles","log":"|j|\u2606MagnetYoshi\n|j|\u2606Darklight7o2\n|t:|1699898897\n|gametype|doubles\n|player|p1|MagnetYoshi|silver|1067\n|player|p2|Darklight7o2|101|1026\n|teamsize|p1|6\n|teamsize|p2|6\n|gen|9\n|tier|[Gen 9] National Dex Doubles\n|rated|\n|rule|HP Percentage Mod: HP is shown in percentages\n|rule|Endless Battle Clause: Forcing endless battles is banned\n|rule|OHKO Clause: OHKO moves are banned\n|rule|Evasion Moves Clause: Evasion moves are banned\n|rule|Evasion Abilities Clause: Evasion abilities are banned\n|rule|Species Clause: Limit one of each Pok\u00e9mon\n|rule|Gravity Sleep Clause: The combination of sleep-inducing moves with imperfect accuracy and Gravity or Gigantamax Orbeetle are banned\n|clearpoke\n|poke|p1|Gastrodon, M|\n|poke|p1|Clodsire, M|\n|poke|p1|Lanturn, M|\n|poke|p1|Zebstrika, M|\n|poke|p1|Ambipom, F|\n|poke|p1|Azumarill, F|\n|poke|p2|Aron, M|\n|poke|p2|Kommo-o, F|\n|poke|p2|Maushold-Four|\n|poke|p2|Sandslash-Alola, M|\n|poke|p2|Ninetales-Alola, M|\n|poke|p2|Gliscor, M|\n|teampreview\n|\n|t:|1699898909\n|start\n|switch|p1a: Ambipom|Ambipom, F|100\/100\n|switch|p1b: Azumarill|Azumarill, F|100\/100\n|switch|p2a: Sandslash|Sandslash-Alola, M|100\/100\n|switch|p2b: Aron|Aron, M|100\/100\n|turn|1\n|\n|t:|1699898925\n|move|p1a: Ambipom|Power-Up Punch|p2a: Sandslash\n|-supereffective|p2a: Sandslash\n|-damage|p2a: Sandslash|42\/100\n|-boost|p1a: Ambipom|atk|1\n|move|p1b: Azumarill|Belly Drum|p1b: Azumarill\n|-damage|p1b: Azumarill|50\/100\n|-setboost|p1b: Azumarill|atk|6|[from] move: Belly Drum\n|-enditem|p1b: Azumarill|Sitrus Berry|[eat]\n|-heal|p1b: Azumarill|75\/100|[from] item: Sitrus Berry\n|move|p2b: Aron|Toxic|p1b: Azumarill\n|-status|p1b: Azumarill|tox\n|move|p2a: Sandslash|Avalanche|p1a: Ambipom\n|-damage|p1a: Ambipom|5\/100\n|\n|-damage|p1b: Azumarill|69\/100 tox|[from] psn\n|upkeep\n|turn|2\n|\n|t:|1699898955\n|move|p1a: Ambipom|Power-Up Punch|p2a: Sandslash\n|-supereffective|p2a: Sandslash\n|-damage|p2a: Sandslash|0 fnt\n|-boost|p1a: Ambipom|atk|1\n|faint|p2a: Sandslash\n|move|p1b: Azumarill|Soak|p2b: Aron\n|-start|p2b: Aron|typechange|Water\n|move|p2b: Aron|Hone Claws|p2b: Aron\n|-boost|p2b: Aron|atk|1\n|-boost|p2b: Aron|accuracy|1\n|\n|-damage|p1b: Azumarill|57\/100 tox|[from] psn\n|upkeep\n|\n|t:|1699898969\n|switch|p2a: Maushold|Maushold-Four|100\/100\n|turn|3\n|\n|t:|1699898986\n|move|p1a: Ambipom|Return|p2a: Maushold\n|-damage|p2a: Maushold|0 fnt\n|faint|p2a: Maushold\n|move|p1b: Azumarill|Waterfall|p2b: Aron\n|-resisted|p2b: Aron\n|-ability|p2b: Aron|Sturdy\n|-damage|p2b: Aron|1\/100\n|cant|p2b: Aron|flinch\n|\n|-damage|p1b: Azumarill|38\/100 tox|[from] psn\n|upkeep\n|\n|t:|1699898999\n|switch|p2a: Gliscor|Gliscor, M|100\/100\n|turn|4\n|\n|t:|1699899010\n|move|p1a: Ambipom|Return|p2a: Gliscor\n|-damage|p2a: Gliscor|0 fnt\n|faint|p2a: Gliscor\n|move|p1b: Azumarill|Waterfall|p2b: Aron\n|-resisted|p2b: Aron\n|-damage|p2b: Aron|0 fnt\n|faint|p2b: Aron\n|\n|-damage|p1b: Azumarill|14\/100 tox|[from] psn\n|upkeep\n|\n|t:|1699899023\n|switch|p2a: Kommo-o|Kommo-o, F|100\/100\n|switch|p2b: Ninetales|Ninetales-Alola, M|100\/100\n|-weather|Snow|[from] ability: Snow Warning|[of] p2b: Ninetales\n|turn|5\n|\n|t:|1699899033\n|move|p1a: Ambipom|Return|p2b: Ninetales\n|-crit|p2b: Ninetales\n|-damage|p2b: Ninetales|0 fnt\n|faint|p2b: Ninetales\n|move|p2a: Kommo-o|Bulk Up|p2a: Kommo-o\n|-boost|p2a: Kommo-o|atk|1\n|-boost|p2a: Kommo-o|def|1\n|move|p1b: Azumarill|Soak|p2a: Kommo-o\n|-start|p2a: Kommo-o|typechange|Water\n|\n|-weather|Snow|[upkeep]\n|-damage|p1b: Azumarill|0 fnt|[from] psn\n|faint|p1b: Azumarill\n|upkeep\n|\n|t:|1699899039\n|switch|p1b: Lanturn|Lanturn, M|100\/100\n|turn|6\n|\n|t:|1699899056\n|move|p1a: Ambipom|Return|p2a: Kommo-o\n|-damage|p2a: Kommo-o|40\/100\n|move|p2a: Kommo-o|Drain Punch|p1a: Ambipom\n|-supereffective|p1a: Ambipom\n|-damage|p1a: Ambipom|0 fnt\n|-heal|p2a: Kommo-o|42\/100|[from] drain|[of] p1a: Ambipom\n|faint|p1a: Ambipom\n|move|p1b: Lanturn|Thunder Wave|p2a: Kommo-o\n|-status|p2a: Kommo-o|par\n|\n|-weather|Snow|[upkeep]\n|upkeep\n|\n|t:|1699899067\n|switch|p1a: Zebstrika|Zebstrika, M|100\/100\n|turn|7\n|\n|t:|1699899072\n|move|p1a: Zebstrika|Discharge|p2a: Kommo-o|[spread] p2a\n|-immune|p1b: Lanturn|[from] ability: Volt Absorb\n|-supereffective|p2a: Kommo-o\n|-damage|p2a: Kommo-o|0 fnt\n|faint|p2a: Kommo-o\n|\n|win|MagnetYoshi\n|raw|MagnetYoshi's rating: 1067 &rarr; <strong>1093<\/strong><br \/>(+26 for winning)\n|raw|Darklight7o2's rating: 1026 &rarr; <strong>1014<\/strong><br \/>(-12 for losing)\n","uploadtime":1699899077,"views":40,"p1id":"magnetyoshi","p2id":"darklight7o2","formatid":"gen9nationaldexdoubles","rating":1014,"private":0,"password":""}