{"id":"gen9nationaldexdoubles-1965988213","p1":"jayc_fgc","p2":"MegaMania001","format":"[Gen 9] National Dex Doubles","log":"|j|\u2606jayc_fgc\n|j|\u2606MegaMania001\n|t:|1697135429\n|gametype|doubles\n|player|p1|jayc_fgc|2|\n|player|p2|MegaMania001|winona|\n|teamsize|p1|6\n|teamsize|p2|6\n|gen|9\n|tier|[Gen 9] National Dex Doubles\n|rule|HP Percentage Mod: HP is shown in percentages\n|rule|Endless Battle Clause: Forcing endless battles is banned\n|rule|OHKO Clause: OHKO moves are banned\n|rule|Evasion Moves Clause: Evasion moves are banned\n|rule|Evasion Abilities Clause: Evasion abilities are banned\n|rule|Species Clause: Limit one of each Pok\u00e9mon\n|rule|Gravity Sleep Clause: The combination of sleep-inducing moves with imperfect accuracy and Gravity or Gigantamax Orbeetle are banned\n|clearpoke\n|poke|p1|Ninetales-Alola, F|\n|poke|p1|Mamoswine, F|\n|poke|p1|Flareon, M|\n|poke|p1|Swampert, F|\n|poke|p1|Froslass, F|\n|poke|p1|Baxcalibur, M|\n|poke|p2|Iron Valiant|\n|poke|p2|Meowscarada, M|\n|poke|p2|Incineroar, M|\n|poke|p2|Aegislash, M|\n|poke|p2|Decidueye-Hisui, F|\n|poke|p2|Articuno-Galar|\n|teampreview\n|inactive|Battle timer is ON: inactive players will automatically lose when time's up. (requested by MegaMania001)\n|\n|t:|1697135441\n|start\n|switch|p1a: Ninetales|Ninetales-Alola, F|100\/100\n|switch|p1b: Mamoswine|Mamoswine, F|100\/100\n|switch|p2a: Meowscarada|Meowscarada, M|100\/100\n|switch|p2b: Aegislash|Aegislash, M|100\/100\n|-weather|Snow|[from] ability: Snow Warning|[of] p1a: Ninetales\n|turn|1\n|\n|t:|1697135458\n|move|p2a: Meowscarada|Flower Trick|p1b: Mamoswine\n|-start|p2a: Meowscarada|typechange|Grass|[from] ability: Protean\n|-supereffective|p1b: Mamoswine\n|-crit|p1b: Mamoswine\n|-damage|p1b: Mamoswine|0 fnt\n|faint|p1b: Mamoswine\n|move|p1a: Ninetales|Aurora Veil|p1a: Ninetales\n|-sidestart|p1: jayc_fgc|move: Aurora Veil\n|move|p2b: Aegislash|Toxic|p1a: Ninetales\n|-status|p1a: Ninetales|tox\n|\n|-weather|Snow|[upkeep]\n|-damage|p1a: Ninetales|95\/100 tox|[from] psn\n|upkeep\n|\n|t:|1697135469\n|switch|p1b: Flareon|Flareon, M|100\/100\n|turn|2\n|\n|t:|1697135483\n|switch|p2a: Incineroar|Incineroar, M, shiny|100\/100\n|-ability|p2a: Incineroar|Intimidate|boost\n|-unboost|p1a: Ninetales|atk|1\n|-unboost|p1b: Flareon|atk|1\n|move|p1a: Ninetales|Chilling Water|p2b: Aegislash\n|-damage|p2b: Aegislash|92\/100\n|-unboost|p2b: Aegislash|atk|1\n|move|p1b: Flareon|Fire Blast|p2a: Incineroar|[miss]\n|-miss|p1b: Flareon|p2a: Incineroar\n|move|p2b: Aegislash|Toxic|p1b: Flareon\n|-status|p1b: Flareon|tox\n|\n|-weather|Snow|[upkeep]\n|-heal|p2b: Aegislash|98\/100|[from] item: Leftovers\n|-damage|p1a: Ninetales|83\/100 tox|[from] psn\n|-damage|p1b: Flareon|95\/100 tox|[from] psn\n|upkeep\n|turn|3\n|\n|t:|1697135508\n|move|p2a: Incineroar|Fake Out|p1a: Ninetales\n|-damage|p1a: Ninetales|72\/100 tox\n|cant|p1a: Ninetales|flinch\n|move|p1b: Flareon|Fire Blast|p2b: Aegislash\n|-supereffective|p2b: Aegislash\n|-damage|p2b: Aegislash|35\/100\n|-status|p2b: Aegislash|brn\n|-formechange|p2b: Aegislash|Aegislash-Blade||[from] ability: Stance Change\n|move|p2b: Aegislash|Shadow Claw|p1b: Flareon\n|-damage|p1b: Flareon|83\/100 tox\n|\n|-weather|Snow|[upkeep]\n|-heal|p2b: Aegislash|41\/100 brn|[from] item: Leftovers\n|-damage|p1a: Ninetales|54\/100 tox|[from] psn\n|-damage|p1b: Flareon|71\/100 tox|[from] psn\n|-damage|p2b: Aegislash|35\/100 brn|[from] brn\n|upkeep\n|turn|4\n|\n|t:|1697135532\n|-formechange|p2b: Aegislash|Aegislash||[from] ability: Stance Change\n|move|p2b: Aegislash|King's Shield|p2b: Aegislash\n|-singleturn|p2b: Aegislash|Protect\n|move|p1a: Ninetales|Aqua Tail|p2a: Incineroar\n|-supereffective|p2a: Incineroar\n|-damage|p2a: Incineroar|83\/100\n|move|p1b: Flareon|Overheat|p2b: Aegislash\n|-activate|p2b: Aegislash|move: Protect\n|move|p2a: Incineroar|Flare Blitz|p1a: Ninetales\n|-supereffective|p1a: Ninetales\n|-damage|p1a: Ninetales|0 fnt\n|faint|p1a: Ninetales\n|-damage|p2a: Incineroar|70\/100|[from] Recoil\n|\n|-weather|Snow|[upkeep]\n|-heal|p2b: Aegislash|41\/100 brn|[from] item: Leftovers\n|-damage|p1b: Flareon|53\/100 tox|[from] psn\n|-damage|p2b: Aegislash|35\/100 brn|[from] brn\n|upkeep\n|\n|t:|1697135537\n|switch|p1a: Swampert|Swampert, F|100\/100\n|turn|5\n|inactive|MegaMania001 has 270 seconds left.\n|\n|t:|1697135587\n|move|p2b: Aegislash|King's Shield||[still]\n|-fail|p2b: Aegislash\n|move|p1b: Flareon|Quick Attack|p2a: Incineroar\n|-damage|p2a: Incineroar|63\/100\n|move|p2a: Incineroar|Darkest Lariat|p1b: Flareon\n|-damage|p1b: Flareon|3\/100 tox\n|move|p1a: Swampert|Hydro Pump|p2a: Incineroar\n|-supereffective|p2a: Incineroar\n|-damage|p2a: Incineroar|8\/100\n|\n|-weather|none\n|-heal|p2b: Aegislash|41\/100 brn|[from] item: Leftovers\n|-damage|p1b: Flareon|0 fnt|[from] psn\n|faint|p1b: Flareon\n|-damage|p2b: Aegislash|35\/100 brn|[from] brn\n|-sideend|p1: jayc_fgc|move: Aurora Veil\n|upkeep\n|\n|t:|1697135592\n|switch|p1b: Froslass|Froslass, F|100\/100\n|turn|6\n|inactive|MegaMania001 has 270 seconds left.\n|\n|t:|1697135617\n|move|p1b: Froslass|Thunder|p2a: Incineroar\n|-damage|p2a: Incineroar|0 fnt\n|faint|p2a: Incineroar\n|move|p2b: Aegislash|Toxic|p1a: Swampert\n|-status|p1a: Swampert|tox\n|move|p1a: Swampert|Hydro Pump|p2b: Aegislash|[miss]\n|-miss|p1a: Swampert|p2b: Aegislash\n|\n|-heal|p2b: Aegislash|41\/100 brn|[from] item: Leftovers\n|-damage|p1a: Swampert|94\/100 tox|[from] psn\n|-damage|p2b: Aegislash|35\/100 brn|[from] brn\n|upkeep\n|\n|t:|1697135633\n|switch|p2a: Decidueye|Decidueye-Hisui, F|100\/100\n|turn|7\n|inactive|MegaMania001 has 270 seconds left.\n|\n|t:|1697135647\n|move|p2a: Decidueye|Sucker Punch|p1b: Froslass\n|-supereffective|p1b: Froslass\n|-enditem|p1b: Froslass|Focus Sash\n|-damage|p1b: Froslass|1\/100\n|-damage|p2a: Decidueye|91\/100|[from] item: Life Orb\n|move|p1b: Froslass|Draining Kiss|p2b: Aegislash\n|-resisted|p2b: Aegislash\n|-damage|p2b: Aegislash|31\/100 brn\n|-heal|p1b: Froslass|4\/100|[from] drain|[of] p2b: Aegislash\n|-formechange|p2b: Aegislash|Aegislash-Blade||[from] ability: Stance Change\n|move|p2b: Aegislash|Shadow Claw|p1b: Froslass\n|-supereffective|p1b: Froslass\n|-damage|p1b: Froslass|0 fnt\n|faint|p1b: Froslass\n|move|p1a: Swampert|Hydro Pump|p2a: Decidueye\n|-resisted|p2a: Decidueye\n|-damage|p2a: Decidueye|68\/100\n|\n|-heal|p2b: Aegislash|37\/100 brn|[from] item: Leftovers\n|-damage|p1a: Swampert|82\/100 tox|[from] psn\n|-damage|p2b: Aegislash|31\/100 brn|[from] brn\n|upkeep\n|\n|t:|1697135650\n|switch|p1b: Baxcalibur|Baxcalibur, M|100\/100\n|turn|8\n|\n|t:|1697135671\n|-formechange|p2b: Aegislash|Aegislash||[from] ability: Stance Change\n|move|p2b: Aegislash|King's Shield|p2b: Aegislash\n|-singleturn|p2b: Aegislash|Protect\n|move|p1b: Baxcalibur|Body Press|p2a: Decidueye\n|-damage|p2a: Decidueye|47\/100\n|move|p1a: Swampert|Darkest Lariat|p2b: Aegislash\n|-activate|p2b: Aegislash|move: Protect\n|-unboost|p1a: Swampert|atk|1\n|move|p2a: Decidueye|Giga Drain|p1a: Swampert\n|-supereffective|p1a: Swampert\n|-damage|p1a: Swampert|0 fnt\n|-heal|p2a: Decidueye|94\/100|[from] drain|[of] p1a: Swampert\n|faint|p1a: Swampert\n|-damage|p2a: Decidueye|84\/100|[from] item: Life Orb\n|\n|-heal|p2b: Aegislash|37\/100 brn|[from] item: Leftovers\n|-damage|p2b: Aegislash|31\/100 brn|[from] brn\n|upkeep\n|turn|9\n|\n|t:|1697135696\n|move|p1b: Baxcalibur|Glaive Rush|p2b: Aegislash\n|-resisted|p2b: Aegislash\n|-damage|p2b: Aegislash|8\/100 brn\n|-singlemove|p1b: Baxcalibur|Glaive Rush|[silent]\n|move|p2b: Aegislash|Toxic|p1b: Baxcalibur\n|-status|p1b: Baxcalibur|tox\n|move|p2a: Decidueye|Triple Arrows|p1b: Baxcalibur\n|-supereffective|p1b: Baxcalibur\n|-damage|p1b: Baxcalibur|0 fnt\n|faint|p1b: Baxcalibur\n|-damage|p2a: Decidueye|74\/100|[from] item: Life Orb\n|\n|win|MegaMania001\n","uploadtime":1697135713,"views":12,"p1id":"jaycfgc","p2id":"megamania001","formatid":"gen9nationaldexdoubles","rating":0,"private":0,"password":""}