{"id":"gen9nationaldexdoubles-1962581200","p1":"CharmanditoABM","p2":"GorgeousIvys","format":"[Gen 9] National Dex Doubles","log":"|j|\u2606CharmanditoABM\n|j|\u2606GorgeousIvys\n|t:|1696770795\n|gametype|doubles\n|player|p1|CharmanditoABM|cynthia-gen4|1074\n|player|p2|GorgeousIvys|skyla|1000\n|teamsize|p1|6\n|teamsize|p2|6\n|gen|9\n|tier|[Gen 9] National Dex Doubles\n|rated|\n|rule|HP Percentage Mod: HP is shown in percentages\n|rule|Endless Battle Clause: Forcing endless battles is banned\n|rule|OHKO Clause: OHKO moves are banned\n|rule|Evasion Moves Clause: Evasion moves are banned\n|rule|Evasion Abilities Clause: Evasion abilities are banned\n|rule|Species Clause: Limit one of each Pok\u00e9mon\n|rule|Gravity Sleep Clause: The combination of sleep-inducing moves with imperfect accuracy and Gravity or Gigantamax Orbeetle are banned\n|clearpoke\n|poke|p1|Azumarill, M|\n|poke|p1|Pelipper, F|\n|poke|p1|Swampert, M|\n|poke|p1|Dracovish|\n|poke|p1|Blastoise, M|\n|poke|p1|Greninja-*, M|\n|poke|p2|Audino, F|\n|poke|p2|Cinderace, M|\n|poke|p2|Garchomp, F|\n|poke|p2|Diancie|\n|poke|p2|Kingambit, F|\n|poke|p2|Dragonite, F|\n|teampreview\n|\n|t:|1696770809\n|start\n|switch|p1a: Greninja|Greninja, M|100\/100\n|switch|p1b: Ca\u00f1onazo|Blastoise, M|100\/100\n|switch|p2a: Audino|Audino, F|100\/100\n|switch|p2b: Cinderace|Cinderace, M|100\/100\n|turn|1\n|c|\u2606CharmanditoABM|Suerte!!\n|\n|t:|1696770820\n|move|p1a: Greninja|Water Shuriken|p2b: Cinderace\n|-supereffective|p2b: Cinderace\n|-damage|p2b: Cinderace|80\/100\n|-supereffective|p2b: Cinderace\n|-crit|p2b: Cinderace\n|-damage|p2b: Cinderace|51\/100\n|-supereffective|p2b: Cinderace\n|-damage|p2b: Cinderace|33\/100\n|-hitcount|p2b: Cinderace|3\n|move|p2b: Cinderace|U-turn|p1a: Greninja\n|-start|p2b: Cinderace|typechange|Bug|[from] ability: Libero\n|-supereffective|p1a: Greninja\n|-damage|p1a: Greninja|0 fnt\n|faint|p1a: Greninja\n|\n|t:|1696770832\n|switch|p2b: Garchomp|Garchomp, F|100\/100|[from] U-turn\n|move|p1b: Ca\u00f1onazo|Shell Smash|p1b: Ca\u00f1onazo\n|-unboost|p1b: Ca\u00f1onazo|def|1\n|-unboost|p1b: Ca\u00f1onazo|spd|1\n|-boost|p1b: Ca\u00f1onazo|atk|2\n|-boost|p1b: Ca\u00f1onazo|spa|2\n|-boost|p1b: Ca\u00f1onazo|spe|2\n|-enditem|p1b: Ca\u00f1onazo|White Herb\n|-clearnegativeboost|p1b: Ca\u00f1onazo|[silent]\n|move|p2a: Audino|Simple Beam|p2b: Garchomp\n|-endability|p2b: Garchomp|Rough Skin|[from] move: Simple Beam\n|-ability|p2b: Garchomp|Simple|[from] move: Simple Beam\n|\n|upkeep\n|\n|t:|1696770842\n|switch|p1a: Jesusete|Azumarill, M, shiny|100\/100\n|turn|2\n|\n|t:|1696770859\n|move|p1a: Jesusete|Aqua Jet|p2a: Audino\n|-damage|p2a: Audino|89\/100\n|move|p1b: Ca\u00f1onazo|Aura Sphere|p2b: Garchomp\n|-damage|p2b: Garchomp|52\/100\n|move|p2b: Garchomp|Swords Dance|p2b: Garchomp\n|-boost|p2b: Garchomp|atk|4\n|move|p2a: Audino|Reflect|p2a: Audino\n|-sidestart|p2: GorgeousIvys|Reflect\n|\n|upkeep\n|turn|3\n|\n|t:|1696770886\n|move|p1b: Ca\u00f1onazo|Dragon Pulse|p2b: Garchomp\n|-supereffective|p2b: Garchomp\n|-damage|p2b: Garchomp|0 fnt\n|faint|p2b: Garchomp\n|move|p1a: Jesusete|Belly Drum|p1a: Jesusete\n|-damage|p1a: Jesusete|50\/100\n|-setboost|p1a: Jesusete|atk|6|[from] move: Belly Drum\n|-enditem|p1a: Jesusete|Sitrus Berry|[eat]\n|-heal|p1a: Jesusete|75\/100|[from] item: Sitrus Berry\n|move|p2a: Audino|Light Screen|p2a: Audino\n|-sidestart|p2: GorgeousIvys|move: Light Screen\n|\n|upkeep\n|\n|t:|1696770899\n|switch|p2b: Dragonite|Dragonite, F|100\/100\n|turn|4\n|\n|t:|1696770906\n|move|p2b: Dragonite|Extreme Speed|p1b: Ca\u00f1onazo\n|-damage|p1b: Ca\u00f1onazo|63\/100\n|move|p1a: Jesusete|Aqua Jet|p2b: Dragonite\n|-resisted|p2b: Dragonite\n|-damage|p2b: Dragonite|90\/100\n|move|p1b: Ca\u00f1onazo|Shell Smash|p1b: Ca\u00f1onazo\n|-unboost|p1b: Ca\u00f1onazo|def|1\n|-unboost|p1b: Ca\u00f1onazo|spd|1\n|-boost|p1b: Ca\u00f1onazo|atk|2\n|-boost|p1b: Ca\u00f1onazo|spa|2\n|-boost|p1b: Ca\u00f1onazo|spe|2\n|move|p2a: Audino|Simple Beam|p2b: Dragonite\n|-endability|p2b: Dragonite|Multiscale|[from] move: Simple Beam\n|-ability|p2b: Dragonite|Simple|[from] move: Simple Beam\n|\n|upkeep\n|turn|5\n|\n|t:|1696770931\n|move|p1b: Ca\u00f1onazo|Dragon Pulse|p2b: Dragonite\n|-supereffective|p2b: Dragonite\n|-damage|p2b: Dragonite|0 fnt\n|faint|p2b: Dragonite\n|move|p2a: Audino|Rest|p2a: Audino\n|-status|p2a: Audino|slp|[from] move: Rest\n|-heal|p2a: Audino|100\/100 slp|[silent]\n|-enditem|p2a: Audino|Chesto Berry|[eat]\n|-curestatus|p2a: Audino|slp|[msg]\n|move|p1a: Jesusete|Play Rough|p2a: Audino\n|-damage|p2a: Audino|28\/100\n|\n|upkeep\n|\n|t:|1696770944\n|switch|p2b: Diancie|Diancie|100\/100\n|turn|6\n|\n|t:|1696770956\n|detailschange|p2b: Diancie|Diancie-Mega\n|-mega|p2b: Diancie|Diancie|Diancite\n|move|p1a: Jesusete|Aqua Jet|p2b: Diancie\n|-supereffective|p2b: Diancie\n|-damage|p2b: Diancie|29\/100\n|move|p1b: Ca\u00f1onazo|Scald|p2b: Diancie\n|-supereffective|p2b: Diancie\n|-damage|p2b: Diancie|0 fnt\n|faint|p2b: Diancie\n|move|p2a: Audino|Simple Beam|p2: Diancie|[notarget]\n|-fail|p2a: Audino\n|\n|-sideend|p2: GorgeousIvys|Reflect\n|upkeep\n|\n|t:|1696770967\n|switch|p2b: Cinderace|Cinderace, M|33\/100\n|turn|7\n|\n|t:|1696770982\n|move|p1a: Jesusete|Aqua Jet|p2b: Cinderace\n|-supereffective|p2b: Cinderace\n|-damage|p2b: Cinderace|0 fnt\n|faint|p2b: Cinderace\n|move|p1b: Ca\u00f1onazo|Aura Sphere|p2a: Audino\n|-supereffective|p2a: Audino\n|-damage|p2a: Audino|0 fnt\n|faint|p2a: Audino\n|\n|-sideend|p2: GorgeousIvys|move: Light Screen\n|upkeep\n|\n|t:|1696770994\n|switch|p2b: Kingambit|Kingambit, F|100\/100\n|-activate|p2b: Kingambit|ability: Supreme Overlord\n|-start|p2b: Kingambit|fallen5|[silent]\n|turn|8\n|\n|t:|1696771005\n|-terastallize|p2b: Kingambit|Fairy\n|move|p1a: Jesusete|Aqua Jet|p2b: Kingambit\n|-damage|p2b: Kingambit|67\/100\n|move|p1b: Ca\u00f1onazo|Aura Sphere|p2b: Kingambit\n|-resisted|p2b: Kingambit\n|-damage|p2b: Kingambit|36\/100\n|move|p2b: Kingambit|Swords Dance|p2b: Kingambit\n|-boost|p2b: Kingambit|atk|2\n|\n|-heal|p2b: Kingambit|42\/100|[from] item: Leftovers\n|upkeep\n|turn|9\n|\n|t:|1696771017\n|move|p2b: Kingambit|Sucker Punch|p1b: Ca\u00f1onazo\n|-damage|p1b: Ca\u00f1onazo|0 fnt\n|faint|p1b: Ca\u00f1onazo\n|move|p1a: Jesusete|Aqua Jet|p2b: Kingambit\n|-damage|p2b: Kingambit|6\/100\n|\n|-heal|p2b: Kingambit|12\/100|[from] item: Leftovers\n|upkeep\n|\n|t:|1696771024\n|switch|p1b: Sasaki|Pelipper, F|100\/100\n|-weather|RainDance|[from] ability: Drizzle|[of] p1b: Sasaki\n|turn|10\n|\n|t:|1696771033\n|move|p2b: Kingambit|Sucker Punch|p1a: Jesusete\n|-resisted|p1a: Jesusete\n|-damage|p1a: Jesusete|11\/100\n|move|p1a: Jesusete|Aqua Jet|p2b: Kingambit\n|-damage|p2b: Kingambit|0 fnt\n|faint|p2b: Kingambit\n|-end|p2b: Kingambit|fallen5|[silent]\n|\n|win|CharmanditoABM\n|raw|CharmanditoABM's rating: 1074 &rarr; <strong>1097<\/strong><br \/>(+23 for winning)\n|raw|GorgeousIvys's rating: 1000 &rarr; <strong>1000<\/strong><br \/>(+0 for losing)\n|l|\u2606GorgeousIvys\n","uploadtime":1696771246,"views":13,"p1id":"charmanditoabm","p2id":"gorgeousivys","formatid":"gen9nationaldexdoubles","rating":1000,"private":0,"password":""}