{"id":"gen9nationaldexdoubles-1986270928","p1":"AdvancedDigit","p2":"TLJblade","format":"[Gen 9] National Dex Doubles","log":"|j|\u2606AdvancedDigit\n|j|\u2606TLJblade\n|t:|1699465047\n|gametype|doubles\n|player|p1|AdvancedDigit|hilbert|1164\n|player|p2|TLJblade|1|1045\n|teamsize|p1|6\n|teamsize|p2|6\n|gen|9\n|tier|[Gen 9] National Dex Doubles\n|rated|\n|rule|HP Percentage Mod: HP is shown in percentages\n|rule|Endless Battle Clause: Forcing endless battles is banned\n|rule|OHKO Clause: OHKO moves are banned\n|rule|Evasion Moves Clause: Evasion moves are banned\n|rule|Evasion Abilities Clause: Evasion abilities are banned\n|rule|Species Clause: Limit one of each Pok\u00e9mon\n|rule|Gravity Sleep Clause: The combination of sleep-inducing moves with imperfect accuracy and Gravity or Gigantamax Orbeetle are banned\n|clearpoke\n|poke|p1|Slurpuff, F|\n|poke|p1|Mr. Mime, M|\n|poke|p1|Sinistcha-Masterpiece|\n|poke|p1|Clefairy, M|\n|poke|p1|Indeedee-F, F|\n|poke|p1|Flamigo, M|\n|poke|p2|Gliscor, F|\n|poke|p2|Grimmsnarl, M|\n|poke|p2|Maushold-Four|\n|poke|p2|Dudunsparce-*, M|\n|poke|p2|Salazzle, F|\n|poke|p2|Toxapex, F|\n|teampreview\n|inactive|Battle timer is ON: inactive players will automatically lose when time's up. (requested by TLJblade)\n|inactive|AdvancedDigit has 120 seconds left.\n|\n|t:|1699465108\n|start\n|switch|p1a: Slurpuff|Slurpuff, F|100\/100\n|switch|p1b: Mr. Mime|Mr. Mime, M|100\/100\n|switch|p2a: Grimmsnarl|Grimmsnarl, M|100\/100\n|switch|p2b: Dudunsparce|Dudunsparce-Three-Segment, M|100\/100\n|turn|1\n|inactive|TLJblade has 120 seconds left.\n|\n|t:|1699465149\n|move|p1b: Mr. Mime|Follow Me|p1b: Mr. Mime\n|-singleturn|p1b: Mr. Mime|move: Follow Me\n|move|p2a: Grimmsnarl|Light Screen|p2a: Grimmsnarl\n|-sidestart|p2: TLJblade|move: Light Screen\n|move|p1a: Slurpuff|Belly Drum|p1a: Slurpuff\n|-damage|p1a: Slurpuff|50\/100\n|-setboost|p1a: Slurpuff|atk|6|[from] move: Belly Drum\n|-enditem|p1a: Slurpuff|Sitrus Berry|[eat]\n|-heal|p1a: Slurpuff|75\/100|[from] item: Sitrus Berry\n|move|p2b: Dudunsparce|Body Slam|p1b: Mr. Mime\n|-damage|p1b: Mr. Mime|39\/100\n|\n|-heal|p1b: Mr. Mime|45\/100|[from] item: Leftovers\n|upkeep\n|turn|2\n|inactive|TLJblade has 120 seconds left.\n|\n|t:|1699465183\n|-terastallize|p2b: Dudunsparce|Poison\n|move|p2a: Grimmsnarl|Reflect|p2a: Grimmsnarl\n|-sidestart|p2: TLJblade|Reflect\n|move|p1a: Slurpuff|Drain Punch|p2b: Dudunsparce\n|-resisted|p2b: Dudunsparce\n|-damage|p2b: Dudunsparce|82\/100\n|-heal|p1a: Slurpuff|86\/100|[from] drain|[of] p2b: Dudunsparce\n|move|p1b: Mr. Mime|Thunder Wave|p2a: Grimmsnarl\n|-status|p2a: Grimmsnarl|par\n|move|p2b: Dudunsparce|Poison Jab|p1a: Slurpuff\n|-supereffective|p1a: Slurpuff\n|-damage|p1a: Slurpuff|14\/100\n|-status|p1a: Slurpuff|psn\n|\n|-heal|p1b: Mr. Mime|51\/100|[from] item: Leftovers\n|-heal|p2b: Dudunsparce|88\/100|[from] item: Leftovers\n|-damage|p1a: Slurpuff|1\/100 psn|[from] psn\n|upkeep\n|turn|3\n|inactive|TLJblade has 120 seconds left.\n|inactive|AdvancedDigit has 120 seconds left.\n|inactive|TLJblade has 90 seconds left.\n|\n|t:|1699465225\n|switch|p1b: Flamigo|Flamigo, M|100\/100\n|-copyboost|p1b: Flamigo|p1a: Slurpuff|[from] ability: Costar\n|switch|p2a: Gliscor|Gliscor, F|100\/100\n|move|p1a: Slurpuff|Return|p2b: Dudunsparce\n|-damage|p2b: Dudunsparce|41\/100\n|move|p2b: Dudunsparce|Tailwind|p2b: Dudunsparce\n|-sidestart|p2: TLJblade|move: Tailwind\n|\n|-heal|p2b: Dudunsparce|47\/100|[from] item: Leftovers\n|-damage|p1a: Slurpuff|0 fnt|[from] psn\n|faint|p1a: Slurpuff\n|-status|p2a: Gliscor|tox|[from] item: Toxic Orb\n|upkeep\n|\n|t:|1699465245\n|switch|p1a: Clefairy|Clefairy, M|100\/100\n|turn|4\n|inactive|TLJblade has 90 seconds left.\n|\n|t:|1699465284\n|move|p1a: Clefairy|Follow Me|p1a: Clefairy\n|-singleturn|p1a: Clefairy|move: Follow Me\n|move|p2a: Gliscor|Swords Dance|p2a: Gliscor\n|-boost|p2a: Gliscor|atk|2\n|move|p1b: Flamigo|Liquidation|p2a: Gliscor\n|-supereffective|p2a: Gliscor\n|-damage|p2a: Gliscor|0 fnt\n|faint|p2a: Gliscor\n|move|p2b: Dudunsparce|Body Slam|p1a: Clefairy\n|-damage|p1a: Clefairy|56\/100\n|-status|p1a: Clefairy|par\n|\n|-heal|p2b: Dudunsparce|53\/100|[from] item: Leftovers\n|upkeep\n|inactive|TLJblade has 60 seconds left.\n|\n|t:|1699465323\n|switch|p2a: Salazzle|Salazzle, F|100\/100\n|turn|5\n|inactive|TLJblade has 60 seconds left.\n|\n|t:|1699465361\n|move|p1a: Clefairy|Follow Me|p1a: Clefairy\n|-singleturn|p1a: Clefairy|move: Follow Me\n|move|p2a: Salazzle|Nasty Plot|p2a: Salazzle\n|-boost|p2a: Salazzle|spa|2\n|move|p1b: Flamigo|Liquidation|p2b: Dudunsparce\n|-damage|p2b: Dudunsparce|0 fnt\n|faint|p2b: Dudunsparce\n|\n|upkeep\n|\n|t:|1699465374\n|switch|p2b: Maushold|Maushold-Four|100\/100\n|turn|6\n|inactive|TLJblade has 60 seconds left.\n|\n|t:|1699465388\n|move|p2b: Maushold|Follow Me|p2b: Maushold\n|-singleturn|p2b: Maushold|move: Follow Me\n|move|p1a: Clefairy|Follow Me|p1a: Clefairy\n|-singleturn|p1a: Clefairy|move: Follow Me\n|move|p2a: Salazzle|Flamethrower|p1a: Clefairy\n|-damage|p1a: Clefairy|1\/100 par\n|move|p1b: Flamigo|Liquidation|p2b: Maushold\n|-damage|p2b: Maushold|24\/100\n|\n|-sideend|p2: TLJblade|move: Tailwind\n|upkeep\n|turn|7\n|inactive|TLJblade has 60 seconds left.\n|\n|t:|1699465431\n|switch|p2a: Toxapex|Toxapex, F|100\/100\n|switch|p2b: Grimmsnarl|Grimmsnarl, M|100\/100 par\n|move|p1a: Clefairy|Follow Me|p1a: Clefairy\n|-singleturn|p1a: Clefairy|move: Follow Me\n|move|p1b: Flamigo|Liquidation|p2a: Toxapex\n|-resisted|p2a: Toxapex\n|-damage|p2a: Toxapex|73\/100\n|-damage|p1b: Flamigo|84\/100|[from] item: Rocky Helmet|[of] p2a: Toxapex\n|\n|upkeep\n|turn|8\n|inactive|TLJblade has 60 seconds left.\n|\n|t:|1699465455\n|move|p1a: Clefairy|Follow Me|p1a: Clefairy\n|-singleturn|p1a: Clefairy|move: Follow Me\n|move|p1b: Flamigo|Acrobatics|p2b: Grimmsnarl\n|-damage|p2b: Grimmsnarl|0 fnt\n|faint|p2b: Grimmsnarl\n|move|p2a: Toxapex|Haze|p2a: Toxapex\n|-clearallboost\n|\n|-sideend|p2: TLJblade|move: Light Screen\n|upkeep\n|\n|t:|1699465469\n|switch|p2b: Salazzle|Salazzle, F|100\/100\n|turn|9\n|inactive|TLJblade has 60 seconds left.\n|\n|t:|1699465480\n|move|p2b: Salazzle|Nasty Plot|p2b: Salazzle\n|-boost|p2b: Salazzle|spa|2\n|move|p1b: Flamigo|Liquidation|p2b: Salazzle\n|-supereffective|p2b: Salazzle\n|-damage|p2b: Salazzle|34\/100\n|move|p2a: Toxapex|Infestation|p1a: Clefairy\n|-resisted|p1a: Clefairy\n|-damage|p1a: Clefairy|0 fnt\n|faint|p1a: Clefairy\n|\n|-sideend|p2: TLJblade|Reflect\n|upkeep\n|\n|t:|1699465501\n|switch|p1a: Indeedee|Indeedee-F, F|100\/100\n|-fieldstart|move: Psychic Terrain|[from] ability: Psychic Surge|[of] p1a: Indeedee\n|turn|10\n|inactive|TLJblade has 60 seconds left.\n|\n|t:|1699465534\n|move|p1a: Indeedee|Follow Me|p1a: Indeedee\n|-singleturn|p1a: Indeedee|move: Follow Me\n|move|p2b: Salazzle|Flamethrower|p1a: Indeedee\n|-damage|p1a: Indeedee|17\/100\n|move|p1b: Flamigo|Liquidation|p2b: Salazzle\n|-supereffective|p2b: Salazzle\n|-damage|p2b: Salazzle|0 fnt\n|faint|p2b: Salazzle\n|move|p2a: Toxapex|Infestation|p1a: Indeedee\n|-supereffective|p1a: Indeedee\n|-crit|p1a: Indeedee\n|-damage|p1a: Indeedee|9\/100\n|-activate|p1a: Indeedee|move: Infestation|[of] p2a: Toxapex\n|\n|-heal|p1a: Indeedee|15\/100|[from] item: Leftovers\n|-damage|p1a: Indeedee|2\/100|[from] move: Infestation|[partiallytrapped]\n|upkeep\n|\n|t:|1699465550\n|switch|p2b: Maushold|Maushold-Four|24\/100\n|turn|11\n|inactive|TLJblade has 60 seconds left.\n|\n|t:|1699465565\n|move|p1a: Indeedee|Follow Me|p1a: Indeedee\n|-singleturn|p1a: Indeedee|move: Follow Me\n|move|p2b: Maushold|Follow Me|p2b: Maushold\n|-singleturn|p2b: Maushold|move: Follow Me\n|move|p1b: Flamigo|Liquidation|p2b: Maushold\n|-damage|p2b: Maushold|0 fnt\n|faint|p2b: Maushold\n|move|p2a: Toxapex|Recover|p2a: Toxapex\n|-heal|p2a: Toxapex|100\/100\n|\n|-heal|p1a: Indeedee|8\/100|[from] item: Leftovers\n|-damage|p1a: Indeedee|0 fnt|[from] move: Infestation|[partiallytrapped]\n|faint|p1a: Indeedee\n|upkeep\n|\n|t:|1699465568\n|switch|p1a: Sinistcha|Sinistcha-Masterpiece|100\/100\n|-heal|p1b: Flamigo|100\/100|[from] ability: Hospitality|[of] p1a: Sinistcha\n|turn|12\n|\n|t:|1699465587\n|move|p2a: Toxapex|Baneful Bunker|p2a: Toxapex\n|-singleturn|p2a: Toxapex|move: Protect\n|move|p1b: Flamigo|Acrobatics|p2a: Toxapex\n|-activate|p2a: Toxapex|move: Protect\n|-status|p1b: Flamigo|psn\n|move|p1a: Sinistcha|Shadow Ball|p2a: Toxapex\n|-activate|p2a: Toxapex|move: Protect\n|\n|-damage|p1b: Flamigo|88\/100 psn|[from] psn\n|upkeep\n|turn|13\n|inactive|TLJblade has 90 seconds left.\n|\n|t:|1699465608\n|switch|p1b: Mr. Mime|Mr. Mime, M|51\/100\n|move|p1a: Sinistcha|Shadow Ball|p2a: Toxapex\n|-damage|p2a: Toxapex|64\/100\n|move|p2a: Toxapex|Infestation|p1a: Sinistcha\n|-damage|p1a: Sinistcha|97\/100\n|-activate|p1a: Sinistcha|move: Infestation|[of] p2a: Toxapex\n|\n|-heal|p1b: Mr. Mime|57\/100|[from] item: Leftovers\n|-heal|p1a: Sinistcha|100\/100|[from] item: Leftovers\n|-damage|p1a: Sinistcha|88\/100|[from] move: Infestation|[partiallytrapped]\n|upkeep\n|turn|14\n|\n|t:|1699465624\n|switch|p1a: Flamigo|Flamigo, M|88\/100 psn\n|-copyboost|p1a: Flamigo|p1b: Mr. Mime|[from] ability: Costar\n|move|p1b: Mr. Mime|Thunder Wave|p2a: Toxapex\n|-status|p2a: Toxapex|par\n|move|p2a: Toxapex|Recover|p2a: Toxapex\n|-heal|p2a: Toxapex|100\/100 par\n|\n|-heal|p1b: Mr. Mime|63\/100|[from] item: Leftovers\n|-damage|p1a: Flamigo|76\/100 psn|[from] psn\n|-fieldend|move: Psychic Terrain\n|upkeep\n|turn|15\n|inactive|TLJblade has 120 seconds left.\n|inactive|TLJblade has 90 seconds left.\n|\n|t:|1699465674\n|move|p2a: Toxapex|Baneful Bunker|p2a: Toxapex\n|-singleturn|p2a: Toxapex|move: Protect\n|move|p1b: Mr. Mime|Follow Me|p1b: Mr. Mime\n|-singleturn|p1b: Mr. Mime|move: Follow Me\n|move|p1a: Flamigo|Acrobatics|p2a: Toxapex\n|-activate|p2a: Toxapex|move: Protect\n|\n|-heal|p1b: Mr. Mime|69\/100|[from] item: Leftovers\n|-damage|p1a: Flamigo|63\/100 psn|[from] psn\n|upkeep\n|turn|16\n|inactive|AdvancedDigit has 120 seconds left.\n|\n|t:|1699465719\n|switch|p1b: Sinistcha|Sinistcha-Masterpiece|88\/100\n|-heal|p1a: Flamigo|88\/100 psn|[from] ability: Hospitality|[of] p1b: Sinistcha\n|move|p1a: Flamigo|Acrobatics|p2a: Toxapex\n|-damage|p2a: Toxapex|57\/100 par\n|-damage|p1a: Flamigo|72\/100 psn|[from] item: Rocky Helmet|[of] p2a: Toxapex\n|move|p2a: Toxapex|Recover|p2a: Toxapex\n|-heal|p2a: Toxapex|100\/100 par\n|\n|-heal|p1b: Sinistcha|94\/100|[from] item: Leftovers\n|-damage|p1a: Flamigo|59\/100 psn|[from] psn\n|upkeep\n|turn|17\n|inactive|AdvancedDigit has 120 seconds left.\n|\n|t:|1699465735\n|switch|p1a: Mr. Mime|Mr. Mime, M|69\/100\n|move|p2a: Toxapex|Baneful Bunker|p2a: Toxapex\n|-singleturn|p2a: Toxapex|move: Protect\n|move|p1b: Sinistcha|Shadow Ball|p2a: Toxapex\n|-activate|p2a: Toxapex|move: Protect\n|\n|-heal|p1a: Mr. Mime|75\/100|[from] item: Leftovers\n|-heal|p1b: Sinistcha|99\/100|[from] item: Leftovers\n|upkeep\n|turn|18\n|inactive|TLJblade has 120 seconds left.\n|\n|t:|1699465758\n|switch|p1b: Flamigo|Flamigo, M|59\/100 psn\n|-copyboost|p1b: Flamigo|p1a: Mr. Mime|[from] ability: Costar\n|move|p1a: Mr. Mime|Fake Out|p2a: Toxapex\n|-damage|p2a: Toxapex|96\/100 par\n|-damage|p1a: Mr. Mime|59\/100|[from] item: Rocky Helmet|[of] p2a: Toxapex\n|cant|p2a: Toxapex|flinch\n|\n|-heal|p1a: Mr. Mime|65\/100|[from] item: Leftovers\n|-damage|p1b: Flamigo|47\/100 psn|[from] psn\n|upkeep\n|turn|19\n|inactive|TLJblade has 120 seconds left.\n|\n|t:|1699465775\n|switch|p1a: Sinistcha|Sinistcha-Masterpiece|99\/100\n|-heal|p1b: Flamigo|72\/100 psn|[from] ability: Hospitality|[of] p1a: Sinistcha\n|move|p2a: Toxapex|Baneful Bunker|p2a: Toxapex\n|-singleturn|p2a: Toxapex|move: Protect\n|move|p1b: Flamigo|Acrobatics|p2a: Toxapex\n|-activate|p2a: Toxapex|move: Protect\n|\n|-heal|p1a: Sinistcha|100\/100|[from] item: Leftovers\n|-damage|p1b: Flamigo|59\/100 psn|[from] psn\n|upkeep\n|turn|20\n|\n|t:|1699465789\n|switch|p1b: Mr. Mime|Mr. Mime, M|65\/100\n|move|p1a: Sinistcha|Shadow Ball|p2a: Toxapex\n|-damage|p2a: Toxapex|65\/100 par\n|move|p2a: Toxapex|Infestation|p1a: Sinistcha\n|-damage|p1a: Sinistcha|97\/100\n|-activate|p1a: Sinistcha|move: Infestation|[of] p2a: Toxapex\n|\n|-heal|p1b: Mr. Mime|71\/100|[from] item: Leftovers\n|-heal|p1a: Sinistcha|100\/100|[from] item: Leftovers\n|-damage|p1a: Sinistcha|88\/100|[from] move: Infestation|[partiallytrapped]\n|upkeep\n|turn|21\n|\n|t:|1699465805\n|switch|p1a: Flamigo|Flamigo, M|59\/100 psn\n|-copyboost|p1a: Flamigo|p1b: Mr. Mime|[from] ability: Costar\n|move|p1b: Mr. Mime|Fake Out|p2a: Toxapex\n|-damage|p2a: Toxapex|61\/100 par\n|-damage|p1b: Mr. Mime|54\/100|[from] item: Rocky Helmet|[of] p2a: Toxapex\n|cant|p2a: Toxapex|flinch\n|\n|-heal|p1b: Mr. Mime|60\/100|[from] item: Leftovers\n|-damage|p1a: Flamigo|47\/100 psn|[from] psn\n|upkeep\n|turn|22\n|\n|t:|1699465827\n|switch|p1b: Sinistcha|Sinistcha-Masterpiece|88\/100\n|-heal|p1a: Flamigo|72\/100 psn|[from] ability: Hospitality|[of] p1b: Sinistcha\n|move|p1a: Flamigo|Acrobatics|p2a: Toxapex\n|-damage|p2a: Toxapex|16\/100 par\n|-damage|p1a: Flamigo|55\/100 psn|[from] item: Rocky Helmet|[of] p2a: Toxapex\n|cant|p2a: Toxapex|par\n|\n|-heal|p1b: Sinistcha|94\/100|[from] item: Leftovers\n|-damage|p1a: Flamigo|43\/100 psn|[from] psn\n|upkeep\n|turn|23\n|c|\u2606AdvancedDigit|gg\n|\n|t:|1699465841\n|move|p2a: Toxapex|Baneful Bunker|p2a: Toxapex\n|-singleturn|p2a: Toxapex|move: Protect\n|move|p1a: Flamigo|Acrobatics|p2a: Toxapex\n|-activate|p2a: Toxapex|move: Protect\n|move|p1b: Sinistcha|Shadow Ball|p2a: Toxapex\n|-activate|p2a: Toxapex|move: Protect\n|\n|-heal|p1b: Sinistcha|99\/100|[from] item: Leftovers\n|-damage|p1a: Flamigo|30\/100 psn|[from] psn\n|upkeep\n|turn|24\n|\n|t:|1699465854\n|move|p1a: Flamigo|Acrobatics|p2a: Toxapex\n|-damage|p2a: Toxapex|0 fnt\n|-damage|p1a: Flamigo|14\/100 psn|[from] item: Rocky Helmet|[of] p2a: Toxapex\n|faint|p2a: Toxapex\n|\n|win|AdvancedDigit\n|raw|AdvancedDigit's rating: 1164 &rarr; <strong>1181<\/strong><br \/>(+17 for winning)\n|raw|TLJblade's rating: 1045 &rarr; <strong>1034<\/strong><br \/>(-11 for losing)\n","uploadtime":1699465859,"views":5,"p1id":"advanceddigit","p2id":"tljblade","formatid":"gen9nationaldexdoubles","rating":1034,"private":0,"password":""}