{"id":"gen9nationaldexdoubles-1956339606","p1":"Babypanda592","p2":"xsXQXSX","format":"[Gen 9] National Dex Doubles","log":"|j|\u2606Babypanda592\n|j|\u2606xsXQXSX\n|t:|1696098287\n|gametype|doubles\n|player|p1|Babypanda592|candice|1000\n|player|p2|xsXQXSX|169|1000\n|teamsize|p1|6\n|teamsize|p2|6\n|gen|9\n|tier|[Gen 9] National Dex Doubles\n|rated|\n|rule|HP Percentage Mod: HP is shown in percentages\n|rule|Endless Battle Clause: Forcing endless battles is banned\n|rule|OHKO Clause: OHKO moves are banned\n|rule|Evasion Moves Clause: Evasion moves are banned\n|rule|Evasion Abilities Clause: Evasion abilities are banned\n|rule|Species Clause: Limit one of each Pok\u00e9mon\n|rule|Gravity Sleep Clause: The combination of sleep-inducing moves with imperfect accuracy and Gravity or Gigantamax Orbeetle are banned\n|clearpoke\n|poke|p1|Politoed, M|\n|poke|p1|Slowking, F|\n|poke|p1|Toxapex, M|\n|poke|p1|Ludicolo, F|\n|poke|p1|Urshifu-*, F|\n|poke|p1|Swampert, F|\n|poke|p2|Moltres-Galar|\n|poke|p2|Incineroar, M|\n|poke|p2|Regieleki|\n|poke|p2|Regigigas|\n|poke|p2|Weezing, M|\n|poke|p2|Landorus-Therian, M|\n|teampreview\n|inactive|Battle timer is ON: inactive players will automatically lose when time's up. (requested by xsXQXSX)\n|\n|t:|1696098296\n|start\n|switch|p1a: Politoed|Politoed, M|100\/100\n|switch|p1b: Slowking|Slowking, F|100\/100\n|switch|p2a: Regieleki|Regieleki, shiny|100\/100\n|switch|p2b: Incineroar|Incineroar, M, shiny|100\/100\n|-weather|RainDance|[from] ability: Drizzle|[of] p1a: Politoed\n|-ability|p2b: Incineroar|Intimidate|boost\n|-unboost|p1a: Politoed|atk|1\n|-unboost|p1b: Slowking|atk|1\n|turn|1\n|\n|t:|1696098313\n|switch|p1a: Toxapex|Toxapex, M|100\/100\n|move|p2b: Incineroar|Fake Out|p1a: Toxapex\n|-damage|p1a: Toxapex|93\/100\n|move|p2a: Regieleki|Light Screen|p2a: Regieleki\n|-sidestart|p2: xsXQXSX|move: Light Screen\n|move|p1b: Slowking|Trick Room|p1b: Slowking\n|-fieldstart|move: Trick Room|[of] p1b: Slowking\n|\n|-weather|RainDance|[upkeep]\n|-heal|p1a: Toxapex|99\/100|[from] item: Black Sludge\n|upkeep\n|turn|2\n|\n|t:|1696098332\n|move|p1b: Slowking|Psychic|p2a: Regieleki\n|-damage|p2a: Regieleki|57\/100\n|move|p1a: Toxapex|Toxic Spikes|p2b: Incineroar\n|-sidestart|p2: xsXQXSX|move: Toxic Spikes\n|move|p2b: Incineroar|Darkest Lariat|p1b: Slowking\n|-supereffective|p1b: Slowking\n|-damage|p1b: Slowking|50\/100\n|move|p2a: Regieleki|Reflect|p2a: Regieleki\n|-sidestart|p2: xsXQXSX|Reflect\n|\n|-weather|RainDance|[upkeep]\n|-heal|p1a: Toxapex|100\/100|[from] item: Black Sludge\n|upkeep\n|turn|3\n|\n|t:|1696098361\n|move|p1b: Slowking|Psychic|p2a: Regieleki\n|-damage|p2a: Regieleki|15\/100\n|move|p1a: Toxapex|Scald|p2b: Incineroar\n|-supereffective|p2b: Incineroar\n|-damage|p2b: Incineroar|76\/100\n|move|p2b: Incineroar|Parting Shot|p1b: Slowking\n|-unboost|p1b: Slowking|atk|1\n|-unboost|p1b: Slowking|spa|1\n|\n|t:|1696098370\n|switch|p2b: Weezing|Weezing, M, shiny|100\/100|[from] Parting Shot\n|-ability|p2b: Weezing|Neutralizing Gas\n|-sideend|p2: xsXQXSX|move: Toxic Spikes|[of] p2b: Weezing\n|move|p2a: Regieleki|Volt Switch|p1a: Toxapex\n|-supereffective|p1a: Toxapex\n|-damage|p1a: Toxapex|47\/100\n|\n|t:|1696098378\n|switch|p2a: Regigigas|Regigigas|100\/100|[from] Volt Switch\n|\n|-weather|RainDance|[upkeep]\n|-heal|p1a: Toxapex|53\/100|[from] item: Black Sludge\n|upkeep\n|turn|4\n|\n|t:|1696098395\n|move|p2b: Weezing|Protect|p2b: Weezing\n|-singleturn|p2b: Weezing|Protect\n|move|p1b: Slowking|Heal Pulse|p1a: Toxapex\n|-heal|p1a: Toxapex|100\/100\n|move|p1a: Toxapex|Toxic Spikes|p2b: Weezing\n|-sidestart|p2: xsXQXSX|move: Toxic Spikes\n|move|p2a: Regigigas|High Horsepower|p1a: Toxapex\n|-supereffective|p1a: Toxapex\n|-damage|p1a: Toxapex|38\/100\n|-damage|p2a: Regigigas|91\/100|[from] item: Life Orb\n|\n|-weather|RainDance|[upkeep]\n|-heal|p1a: Toxapex|44\/100|[from] item: Black Sludge\n|upkeep\n|turn|5\n|inactive|Babypanda592 has 120 seconds left.\n|\n|t:|1696098429\n|move|p1b: Slowking|Yawn|p2a: Regigigas\n|-start|p2a: Regigigas|move: Yawn|[of] p1b: Slowking\n|move|p1a: Toxapex|Recover|p1a: Toxapex\n|-heal|p1a: Toxapex|94\/100\n|move|p2b: Weezing|Taunt|p1b: Slowking\n|-start|p1b: Slowking|move: Taunt\n|move|p2a: Regigigas|Frustration|p1a: Toxapex\n|-damage|p1a: Toxapex|46\/100\n|-damage|p2a: Regigigas|81\/100|[from] item: Life Orb\n|\n|-weather|none\n|-heal|p1a: Toxapex|52\/100|[from] item: Black Sludge\n|-fieldend|move: Trick Room\n|upkeep\n|turn|6\n|\n|t:|1696098447\n|-end|p2a: Regigigas|Slow Start|[silent]\n|switch|p2a: Landorus|Landorus-Therian, M|100\/100\n|move|p2b: Weezing|Taunt|p1a: Toxapex\n|-start|p1a: Toxapex|move: Taunt\n|cant|p1a: Toxapex|move: Taunt|Recover\n|move|p1b: Slowking|Psychic|p2b: Weezing\n|-supereffective|p2b: Weezing\n|-damage|p2b: Weezing|69\/100\n|\n|-heal|p1a: Toxapex|58\/100|[from] item: Black Sludge\n|upkeep\n|turn|7\n|inactive|Babypanda592 has 120 seconds left.\n|\n|t:|1696098478\n|move|p2a: Landorus|U-turn|p1b: Slowking\n|-supereffective|p1b: Slowking\n|-damage|p1b: Slowking|10\/100\n|-enditem|p1b: Slowking|Aguav Berry|[eat]\n|-heal|p1b: Slowking|43\/100|[from] item: Aguav Berry\n|\n|t:|1696098484\n|switch|p2a: Regieleki|Regieleki, shiny|15\/100|[from] U-turn\n|-status|p2a: Regieleki|psn\n|move|p2b: Weezing|Will-O-Wisp|p1a: Toxapex\n|-status|p1a: Toxapex|brn\n|move|p1a: Toxapex|Scald|p2a: Regieleki\n|-damage|p2a: Regieleki|0 fnt\n|faint|p2a: Regieleki\n|move|p1b: Slowking|Psychic|p2b: Weezing\n|-supereffective|p2b: Weezing\n|-damage|p2b: Weezing|42\/100\n|\n|-heal|p1a: Toxapex|64\/100 brn|[from] item: Black Sludge\n|-damage|p1a: Toxapex|58\/100 brn|[from] brn\n|upkeep\n|\n|t:|1696098499\n|switch|p2a: Regigigas|Regigigas|81\/100\n|-status|p2a: Regigigas|psn\n|turn|8\n|\n|t:|1696098516\n|move|p2a: Regigigas|Frustration|p1b: Slowking\n|-damage|p1b: Slowking|0 fnt\n|faint|p1b: Slowking\n|-damage|p2a: Regigigas|71\/100 psn|[from] item: Life Orb\n|move|p2b: Weezing|Sludge Bomb|p1a: Toxapex\n|-resisted|p1a: Toxapex\n|-damage|p1a: Toxapex|46\/100 brn\n|move|p1a: Toxapex|Venoshock|p2a: Regigigas\n|-crit|p2a: Regigigas\n|-damage|p2a: Regigigas|34\/100 psn\n|\n|-heal|p1a: Toxapex|52\/100 brn|[from] item: Black Sludge\n|-damage|p2a: Regigigas|21\/100 psn|[from] psn\n|-damage|p1a: Toxapex|46\/100 brn|[from] brn\n|-end|p1a: Toxapex|move: Taunt\n|-sideend|p2: xsXQXSX|move: Light Screen\n|upkeep\n|\n|t:|1696098537\n|switch|p1b: Politoed|Politoed, M|100\/100\n|turn|9\n|\n|t:|1696098559\n|move|p2b: Weezing|Protect|p2b: Weezing\n|-singleturn|p2b: Weezing|Protect\n|move|p2a: Regigigas|Frustration|p1a: Toxapex\n|-damage|p1a: Toxapex|0 fnt\n|faint|p1a: Toxapex\n|-damage|p2a: Regigigas|11\/100 psn|[from] item: Life Orb\n|move|p1b: Politoed|Scald|p2b: Weezing\n|-activate|p2b: Weezing|move: Protect\n|\n|-damage|p2a: Regigigas|0 fnt|[from] psn\n|faint|p2a: Regigigas\n|-end|p2a: Regigigas|Slow Start|[silent]\n|-sideend|p2: xsXQXSX|Reflect\n|upkeep\n|\n|t:|1696098579\n|switch|p2a: Landorus|Landorus-Therian, M|100\/100\n|switch|p1a: Ludicolo|Ludicolo, F|100\/100\n|turn|10\n|\n|t:|1696098601\n|move|p2a: Landorus|Fly||[still]\n|-prepare|p2a: Landorus|Fly\n|move|p1a: Ludicolo|Leech Seed|p2a: Landorus|[miss]\n|-miss|p1a: Ludicolo|p2a: Landorus\n|move|p2b: Weezing|Will-O-Wisp|p1b: Politoed\n|-status|p1b: Politoed|brn\n|move|p1b: Politoed|Ice Beam|p2a: Landorus|[miss]\n|-miss|p1b: Politoed|p2a: Landorus\n|\n|-damage|p1b: Politoed|94\/100 brn|[from] brn\n|upkeep\n|turn|11\n|\n|t:|1696098628\n|move|p2a: Landorus|Fly|p1a: Ludicolo|[from]lockedmove\n|-supereffective|p1a: Ludicolo\n|-damage|p1a: Ludicolo|0 fnt\n|faint|p1a: Ludicolo\n|move|p2b: Weezing|Sludge Bomb|p1b: Politoed\n|-damage|p1b: Politoed|71\/100 brn\n|move|p1b: Politoed|Encore|p2b: Weezing\n|-start|p2b: Weezing|Encore\n|\n|-damage|p1b: Politoed|65\/100 brn|[from] brn\n|upkeep\n|inactive|Babypanda592 has 120 seconds left.\n|\n|t:|1696098640\n|switch|p1a: Swampert|Swampert, F|100\/100\n|turn|12\n|\n|t:|1696098654\n|move|p2a: Landorus|Fly||[still]\n|-prepare|p2a: Landorus|Fly\n|move|p2b: Weezing|Sludge Bomb|p1a: Swampert\n|-resisted|p1a: Swampert\n|-damage|p1a: Swampert|89\/100\n|move|p1b: Politoed|Ice Beam|p2a: Landorus|[miss]\n|-miss|p1b: Politoed|p2a: Landorus\n|move|p1a: Swampert|Stealth Rock|p2b: Weezing\n|-sidestart|p2: xsXQXSX|move: Stealth Rock\n|\n|-damage|p1b: Politoed|59\/100 brn|[from] brn\n|upkeep\n|turn|13\n|\n|t:|1696098673\n|move|p2a: Landorus|Fly|p1a: Swampert|[from]lockedmove\n|-damage|p1a: Swampert|45\/100\n|move|p2b: Weezing|Sludge Bomb|p1a: Swampert\n|-resisted|p1a: Swampert\n|-damage|p1a: Swampert|33\/100\n|move|p1b: Politoed|Scald|p2b: Weezing\n|-damage|p2b: Weezing|14\/100\n|move|p1a: Swampert|Waterfall|p2a: Landorus\n|-supereffective|p2a: Landorus\n|-damage|p2a: Landorus|8\/100\n|\n|-damage|p1b: Politoed|53\/100 brn|[from] brn\n|upkeep\n|turn|14\n|\n|t:|1696098691\n|move|p2a: Landorus|Earthquake|p1a: Swampert|[spread] p2b,p1a,p1b\n|-supereffective|p2b: Weezing\n|-enditem|p2b: Weezing|Shuca Berry|[eat]\n|-enditem|p2b: Weezing|Shuca Berry|[weaken]\n|-damage|p2b: Weezing|0 fnt\n|-damage|p1a: Swampert|0 fnt\n|-damage|p1b: Politoed|19\/100 brn\n|faint|p2b: Weezing\n|-end|p2b: Weezing|ability: Neutralizing Gas\n|-ability|p2a: Landorus|Intimidate|boost\n|-unboost|p1b: Politoed|atk|1\n|-weather|RainDance|[from] ability: Drizzle|[of] p1b: Politoed\n|faint|p1a: Swampert\n|move|p1b: Politoed|Rest|p1b: Politoed\n|-status|p1b: Politoed|slp|[from] move: Rest\n|-heal|p1b: Politoed|100\/100 slp|[silent]\n|-enditem|p1b: Politoed|Chesto Berry|[eat]\n|-curestatus|p1b: Politoed|slp|[msg]\n|\n|-weather|RainDance|[upkeep]\n|upkeep\n|\n|t:|1696098705\n|switch|p2b: Incineroar|Incineroar, M, shiny|76\/100\n|switch|p1a: Urshifu|Urshifu-Rapid-Strike, F|100\/100\n|-status|p2b: Incineroar|psn\n|-damage|p2b: Incineroar|51\/100 psn|[from] Stealth Rock\n|-ability|p2b: Incineroar|Intimidate|boost\n|-unboost|p1a: Urshifu|atk|1\n|-unboost|p1b: Politoed|atk|1\n|turn|15\n|\n|t:|1696098720\n|move|p2b: Incineroar|Fake Out|p1a: Urshifu\n|-damage|p1a: Urshifu|91\/100\n|cant|p1a: Urshifu|flinch\n|move|p2a: Landorus|Fly||[still]\n|-prepare|p2a: Landorus|Fly\n|move|p1b: Politoed|Scald|p2a: Landorus|[miss]\n|-miss|p1b: Politoed|p2a: Landorus\n|\n|-weather|RainDance|[upkeep]\n|-damage|p2b: Incineroar|39\/100 psn|[from] psn\n|upkeep\n|-enditem|p2b: Incineroar|Sitrus Berry|[eat]\n|-heal|p2b: Incineroar|64\/100 psn|[from] item: Sitrus Berry\n|turn|16\n|\n|t:|1696098740\n|move|p1a: Urshifu|Aqua Jet|p2b: Incineroar\n|-supereffective|p2b: Incineroar\n|-damage|p2b: Incineroar|25\/100 psn\n|move|p2a: Landorus|Fly|p1a: Urshifu|[from]lockedmove\n|-supereffective|p1a: Urshifu\n|-damage|p1a: Urshifu|2\/100\n|-enditem|p1a: Urshifu|Figy Berry|[eat]\n|-heal|p1a: Urshifu|35\/100|[from] item: Figy Berry\n|move|p1b: Politoed|Encore|p2a: Landorus\n|-start|p2a: Landorus|Encore\n|move|p2b: Incineroar|Darkest Lariat|p1b: Politoed\n|-damage|p1b: Politoed|74\/100\n|\n|-weather|RainDance|[upkeep]\n|-damage|p2b: Incineroar|12\/100 psn|[from] psn\n|upkeep\n|turn|17\n|\n|t:|1696098763\n|move|p1a: Urshifu|Aqua Jet|p2a: Landorus\n|-supereffective|p2a: Landorus\n|-damage|p2a: Landorus|0 fnt\n|faint|p2a: Landorus\n|move|p1b: Politoed|Scald|p2b: Incineroar\n|-supereffective|p2b: Incineroar\n|-damage|p2b: Incineroar|0 fnt\n|faint|p2b: Incineroar\n|\n|-weather|RainDance|[upkeep]\n|upkeep\n|\n|t:|1696098771\n|switch|p2b: Moltres|Moltres-Galar|100\/100\n|-damage|p2b: Moltres|76\/100|[from] Stealth Rock\n|turn|18\n|\n|t:|1696098791\n|-terastallize|p2b: Moltres|Dark\n|move|p2b: Moltres|Air Slash|p1a: Urshifu\n|-supereffective|p1a: Urshifu\n|-damage|p1a: Urshifu|0 fnt\n|faint|p1a: Urshifu\n|move|p1b: Politoed|Ice Beam|p2b: Moltres\n|-damage|p2b: Moltres|60\/100\n|\n|-weather|none\n|upkeep\n|turn|19\n|\n|t:|1696098801\n|move|p2b: Moltres|Nasty Plot|p2b: Moltres\n|-boost|p2b: Moltres|spa|2\n|move|p1b: Politoed|Encore|p2b: Moltres\n|-start|p2b: Moltres|Encore\n|\n|upkeep\n|turn|20\n|\n|t:|1696098809\n|move|p2b: Moltres|Nasty Plot|p2b: Moltres\n|-boost|p2b: Moltres|spa|2\n|move|p1b: Politoed|Scald|p2b: Moltres\n|-damage|p2b: Moltres|35\/100\n|-ability|p2b: Moltres|Berserk|boost\n|-boost|p2b: Moltres|spa|1\n|\n|upkeep\n|turn|21\n|\n|t:|1696098821\n|move|p2b: Moltres|Nasty Plot|p2b: Moltres\n|-boost|p2b: Moltres|spa|1\n|move|p1b: Politoed|Scald|p2b: Moltres\n|-damage|p2b: Moltres|12\/100\n|-status|p2b: Moltres|brn\n|\n|-damage|p2b: Moltres|5\/100 brn|[from] brn\n|upkeep\n|turn|22\n|-message|xsXQXSX forfeited.\n|\n|win|Babypanda592\n|raw|Babypanda592's rating: 1000 &rarr; <strong>1040<\/strong><br \/>(+40 for winning)\n|raw|xsXQXSX's rating: 1000 &rarr; <strong>1000<\/strong><br \/>(+0 for losing)\n|l|\u2606xsXQXSX\n","uploadtime":1696098839,"views":12,"p1id":"babypanda592","p2id":"xsxqxsx","formatid":"gen9nationaldexdoubles","rating":1000,"private":0,"password":""}