{"id":"gen9nationaldexdoubles-1974535010","p1":"Tukitiko","p2":"elmaptiv","format":"[Gen 9] National Dex Doubles","log":"|j|\u2606Tukitiko\n|j|\u2606elmaptiv\n|t:|1698095101\n|gametype|doubles\n|player|p1|Tukitiko|lusamine-nihilego|\n|player|p2|elmaptiv|ghetsis|\n|teamsize|p1|6\n|teamsize|p2|6\n|gen|9\n|tier|[Gen 9] National Dex Doubles\n|rule|HP Percentage Mod: HP is shown in percentages\n|rule|Endless Battle Clause: Forcing endless battles is banned\n|rule|OHKO Clause: OHKO moves are banned\n|rule|Evasion Moves Clause: Evasion moves are banned\n|rule|Evasion Abilities Clause: Evasion abilities are banned\n|rule|Species Clause: Limit one of each Pok\u00e9mon\n|rule|Gravity Sleep Clause: The combination of sleep-inducing moves with imperfect accuracy and Gravity or Gigantamax Orbeetle are banned\n|clearpoke\n|poke|p1|Golurk|\n|poke|p1|Drifblim, F|\n|poke|p1|Reuniclus, M|\n|poke|p1|Scrafty, M|\n|poke|p1|Lokix, F|\n|poke|p1|Pangoro, M|\n|poke|p2|Ribombee, F|\n|poke|p2|Crawdaunt, M|\n|poke|p2|Drapion, M|\n|poke|p2|Articuno-Galar|\n|poke|p2|Muk, M|\n|poke|p2|Sableye, M|\n|teampreview\n|c|\u2606elmaptiv|cambie una cosa\n|c|\u2606elmaptiv|jujuju\n|\n|t:|1698095120\n|start\n|switch|p1a: Lokix|Lokix, F|100\/100\n|switch|p1b: Shaggy|Scrafty, M|100\/100\n|switch|p2a: Sableye|Sableye, M|100\/100\n|switch|p2b: Crawdaunt|Crawdaunt, M|100\/100\n|-ability|p1b: Shaggy|Intimidate|boost\n|-unboost|p2a: Sableye|atk|1\n|-unboost|p2b: Crawdaunt|atk|1\n|turn|1\n|\n|t:|1698095143\n|switch|p2b: Muk|Muk, M|100\/100\n|move|p1b: Shaggy|Fake Out|p2b: Muk\n|-damage|p2b: Muk|89\/100\n|move|p2a: Sableye|Will-O-Wisp|p1a: Lokix\n|-hint|Since gen 7, Dark is immune to Prankster moves.\n|-immune|p1a: Lokix\n|move|p1a: Lokix|U-turn|p2a: Sableye\n|-damage|p2a: Sableye|43\/100\n|-damage|p1a: Lokix|91\/100|[from] item: Life Orb\n|\n|t:|1698095148\n|switch|p1a: laleyendadepo|Pangoro, M|100\/100|[from] U-turn\n|\n|upkeep\n|turn|2\n|c|\u2606elmaptiv|puta me soy imbecil\n|\n|t:|1698095165\n|move|p2a: Sableye|Recover|p2a: Sableye\n|-heal|p2a: Sableye|93\/100\n|move|p1b: Shaggy|Crunch|p2b: Muk\n|-damage|p2b: Muk|52\/100\n|move|p1a: laleyendadepo|Poison Jab|p2a: Sableye\n|-resisted|p2a: Sableye\n|-damage|p2a: Sableye|72\/100\n|-status|p2a: Sableye|psn\n|move|p2b: Muk|Zap Cannon|p1b: Shaggy\n|-damage|p1b: Shaggy|90\/100\n|-status|p1b: Shaggy|par\n|\n|-damage|p2a: Sableye|60\/100 psn|[from] psn\n|upkeep\n|turn|3\n|c|\u2606Tukitiko|q pesao\n|c|\u2606Tukitiko|brrrr\n|\n|t:|1698095190\n|move|p2a: Sableye|Recover|p2a: Sableye\n|-heal|p2a: Sableye|100\/100 psn\n|move|p1a: laleyendadepo|Poison Jab|p2a: Sableye\n|-resisted|p2a: Sableye\n|-damage|p2a: Sableye|80\/100 psn\n|move|p2b: Muk|Gunk Shot|p1a: laleyendadepo\n|-damage|p1a: laleyendadepo|53\/100\n|-status|p1a: laleyendadepo|psn\n|move|p1b: Shaggy|Crunch|p2b: Muk\n|-damage|p2b: Muk|19\/100\n|\n|-damage|p1a: laleyendadepo|41\/100 psn|[from] psn\n|-damage|p2a: Sableye|68\/100 psn|[from] psn\n|upkeep\n|turn|4\n|\n|t:|1698095208\n|move|p2a: Sableye|Recover|p2a: Sableye\n|-heal|p2a: Sableye|100\/100 psn\n|move|p1a: laleyendadepo|Thief|p2b: Muk\n|-damage|p2b: Muk|0 fnt\n|faint|p2b: Muk\n|move|p1b: Shaggy|Crunch|p2a: Sableye\n|-damage|p2a: Sableye|53\/100 psn\n|\n|-damage|p1a: laleyendadepo|28\/100 psn|[from] psn\n|-damage|p2a: Sableye|41\/100 psn|[from] psn\n|upkeep\n|\n|t:|1698095225\n|switch|p2b: Articuno|Articuno-Galar|100\/100\n|turn|5\n|\n|t:|1698095236\n|-terastallize|p2b: Articuno|Fairy\n|move|p2a: Sableye|Recover|p2a: Sableye\n|-heal|p2a: Sableye|91\/100 psn\n|move|p2b: Articuno|Tera Blast|p1b: Shaggy|[anim] Tera Blast Fairy\n|-supereffective|p1b: Shaggy\n|-damage|p1b: Shaggy|17\/100 par\n|move|p1a: laleyendadepo|Thief|p2b: Articuno\n|-resisted|p2b: Articuno\n|-damage|p2b: Articuno|83\/100\n|move|p1b: Shaggy|Crunch|p2a: Sableye\n|-damage|p2a: Sableye|46\/100 psn\n|\n|-damage|p1a: laleyendadepo|16\/100 psn|[from] psn\n|-damage|p2a: Sableye|34\/100 psn|[from] psn\n|upkeep\n|-enditem|p1a: laleyendadepo|Aguav Berry|[eat]\n|-heal|p1a: laleyendadepo|49\/100 psn|[from] item: Aguav Berry\n|turn|6\n|\n|t:|1698095255\n|move|p2a: Sableye|Recover|p2a: Sableye\n|-heal|p2a: Sableye|84\/100 psn\n|move|p2b: Articuno|Tera Blast|p1b: Shaggy|[anim] Tera Blast Fairy\n|-supereffective|p1b: Shaggy\n|-crit|p1b: Shaggy\n|-damage|p1b: Shaggy|0 fnt\n|faint|p1b: Shaggy\n|move|p1a: laleyendadepo|Poison Jab|p2b: Articuno\n|-supereffective|p2b: Articuno\n|-damage|p2b: Articuno|21\/100\n|-status|p2b: Articuno|psn\n|\n|-damage|p2b: Articuno|9\/100 psn|[from] psn\n|-damage|p1a: laleyendadepo|37\/100 psn|[from] psn\n|-damage|p2a: Sableye|72\/100 psn|[from] psn\n|upkeep\n|c|\u2606Tukitiko|y el x4 se la pela\n|c|\u2606Tukitiko|brrr\n|\n|t:|1698095269\n|switch|p1b: Bonk machine|Golurk, shiny|100\/100\n|turn|7\n|\n|t:|1698095286\n|move|p1b: Bonk machine|Ally Switch|p1b: Bonk machine\n|swap|p1b: Bonk machine|0|[from] move: Ally Switch\n|move|p2a: Sableye|Will-O-Wisp|p1b: laleyendadepo\n|-hint|Since gen 7, Dark is immune to Prankster moves.\n|-immune|p1b: laleyendadepo\n|move|p2b: Articuno|Expanding Force|p1b: laleyendadepo\n|-immune|p1b: laleyendadepo\n|move|p1b: laleyendadepo|Thief|p2b: Articuno\n|-resisted|p2b: Articuno\n|-damage|p2b: Articuno|0 fnt\n|-enditem|p2b: Articuno|Colbur Berry|[silent]|[from] move: Thief|[of] p1b: laleyendadepo\n|-item|p1b: laleyendadepo|Colbur Berry|[from] move: Thief|[of] p2b: Articuno\n|faint|p2b: Articuno\n|\n|-damage|p1b: laleyendadepo|24\/100 psn|[from] psn\n|-damage|p2a: Sableye|60\/100 psn|[from] psn\n|upkeep\n|c|\u2606elmaptiv|cabron\n|\n|t:|1698095296\n|switch|p2b: Crawdaunt|Crawdaunt, M|100\/100\n|turn|8\n|c|\u2606Tukitiko|Ally switch mi general\n|\n|t:|1698095323\n|move|p1b: laleyendadepo|Protect|p1b: laleyendadepo\n|-singleturn|p1b: laleyendadepo|Protect\n|move|p2a: Sableye|Trick|p1b: laleyendadepo\n|-activate|p1b: laleyendadepo|move: Protect\n|move|p2b: Crawdaunt|Crabhammer|p1b: laleyendadepo\n|-activate|p1b: laleyendadepo|move: Protect\n|move|p1a: Bonk machine|Trick|p2a: Sableye\n|-activate|p1a: Bonk machine|move: Trick|[of] p2a: Sableye\n|-item|p2a: Sableye|Assault Vest|[from] move: Trick\n|-item|p1a: Bonk machine|Lagging Tail|[from] move: Trick\n|\n|-damage|p1b: laleyendadepo|12\/100 psn|[from] psn\n|-damage|p2a: Sableye|47\/100 psn|[from] psn\n|upkeep\n|turn|9\n|c|\u2606Tukitiko|TONTOOOOOO\n|c|\u2606elmaptiv|tonto tu\n|c|\u2606Tukitiko|METEME TU TRICK AHORA INVE-\n|\n|t:|1698095352\n|move|p2b: Crawdaunt|Aqua Jet|p1b: laleyendadepo\n|-damage|p1b: laleyendadepo|0 fnt\n|faint|p1b: laleyendadepo\n|-damage|p2b: Crawdaunt|91\/100|[from] item: Life Orb\n|move|p1a: Bonk machine|Trick|p2b: Crawdaunt\n|-activate|p1a: Bonk machine|move: Trick|[of] p2b: Crawdaunt\n|-item|p2b: Crawdaunt|Lagging Tail|[from] move: Trick\n|-item|p1a: Bonk machine|Life Orb|[from] move: Trick\n|move|p2a: Sableye|Dark Pulse|p1a: Bonk machine\n|-supereffective|p1a: Bonk machine\n|-damage|p1a: Bonk machine|58\/100\n|\n|-damage|p2a: Sableye|35\/100 psn|[from] psn\n|upkeep\n|c|\u2606elmaptiv|AAAAAAAAAA\n|\n|t:|1698095368\n|switch|p1b: El globos returns|Drifblim, F|100\/100\n|turn|10\n|c|\u2606Tukitiko|Jujujujuju\n|\n|t:|1698095381\n|move|p1b: El globos returns|Protect|p1b: El globos returns\n|-singleturn|p1b: El globos returns|Protect\n|move|p1a: Bonk machine|Poltergeist|p2a: Sableye\n|-activate|p2a: Sableye|move: Poltergeist|Assault Vest\n|-damage|p2a: Sableye|0 fnt\n|faint|p2a: Sableye\n|move|p2b: Crawdaunt|Thief|p1b: El globos returns\n|-activate|p1b: El globos returns|move: Protect\n|\n|-status|p1b: El globos returns|brn|[from] item: Flame Orb\n|upkeep\n|\n|t:|1698095385\n|switch|p2a: Ribombee|Ribombee, F|100\/100\n|turn|11\n|\n|t:|1698095401\n|move|p1a: Bonk machine|Ally Switch|p1a: Bonk machine\n|swap|p1a: Bonk machine|1|[from] move: Ally Switch\n|move|p2a: Ribombee|Trick|p1a: El globos returns\n|-activate|p2a: Ribombee|move: Trick|[of] p1a: El globos returns\n|-item|p1a: El globos returns|Choice Scarf|[from] move: Trick\n|-item|p2a: Ribombee|Flame Orb|[from] move: Trick\n|move|p1a: El globos returns|Air Slash|p2a: Ribombee\n|-supereffective|p2a: Ribombee\n|-damage|p2a: Ribombee|10\/100\n|move|p2b: Crawdaunt|Dragon Dance|p2b: Crawdaunt\n|-boost|p2b: Crawdaunt|atk|1\n|-boost|p2b: Crawdaunt|spe|1\n|\n|-damage|p1a: El globos returns|94\/100 brn|[from] brn\n|-status|p2a: Ribombee|brn|[from] item: Flame Orb\n|upkeep\n|turn|12\n|c|\u2606Tukitiko|soy god cabron\n|\n|t:|1698095430\n|move|p2a: Ribombee|Ally Switch|p2a: Ribombee\n|swap|p2a: Ribombee|1|[from] move: Ally Switch\n|move|p1a: El globos returns|Air Slash|p2b: Ribombee\n|-supereffective|p2b: Ribombee\n|-damage|p2b: Ribombee|0 fnt\n|faint|p2b: Ribombee\n|move|p1b: Bonk machine|Earthquake|p2a: Crawdaunt|[spread] p2a\n|-immune|p1a: El globos returns\n|-damage|p2a: Crawdaunt|31\/100\n|move|p2a: Crawdaunt|Crabhammer|p1b: Bonk machine\n|-supereffective|p1b: Bonk machine\n|-damage|p1b: Bonk machine|0 fnt\n|faint|p1b: Bonk machine\n|\n|-damage|p1a: El globos returns|88\/100 brn|[from] brn\n|upkeep\n|\n|t:|1698095450\n|switch|p2b: Drapion|Drapion, M|100\/100\n|switch|p1b: Fetito|Reuniclus, M, shiny|100\/100\n|turn|13\n|\n|t:|1698095485\n|move|p2b: Drapion|Thief|p1a: El globos returns\n|-supereffective|p1a: El globos returns\n|-damage|p1a: El globos returns|17\/100 brn\n|move|p1a: El globos returns|Air Slash|p2a: Crawdaunt|[miss]\n|-miss|p1a: El globos returns|p2a: Crawdaunt\n|move|p1b: Fetito|Shadow Ball|p2a: Crawdaunt\n|-resisted|p2a: Crawdaunt\n|-damage|p2a: Crawdaunt|8\/100\n|-unboost|p2a: Crawdaunt|spd|1\n|move|p2a: Crawdaunt|Crabhammer|p1b: Fetito|[miss]\n|-miss|p2a: Crawdaunt|p1b: Fetito\n|\n|-damage|p1a: El globos returns|11\/100 brn|[from] brn\n|-status|p1b: Fetito|tox|[from] item: Toxic Orb\n|upkeep\n|turn|14\n|c|\u2606elmaptiv|AAAAAAAAAAAAAAAAAAAAAAAAAAAAAAAAAA\n|c|\u2606Tukitiko|diablo\n|\n|t:|1698095506\n|move|p1b: Fetito|Ally Switch|p1b: Fetito\n|swap|p1b: Fetito|0|[from] move: Ally Switch\n|move|p2a: Crawdaunt|Aqua Jet|p1a: Fetito\n|-damage|p1a: Fetito|53\/100 tox\n|move|p2b: Drapion|Thief|p1b: El globos returns\n|-supereffective|p1b: El globos returns\n|-damage|p1b: El globos returns|0 fnt\n|faint|p1b: El globos returns\n|\n|upkeep\n|c|\u2606Tukitiko|es choice?\n|\n|t:|1698095512\n|switch|p1b: Lokix|Lokix, F|91\/100\n|turn|15\n|\n|t:|1698095527\n|move|p1b: Lokix|First Impression|p2a: Crawdaunt\n|-supereffective|p2a: Crawdaunt\n|-crit|p2a: Crawdaunt\n|-damage|p2a: Crawdaunt|0 fnt\n|faint|p2a: Crawdaunt\n|-damage|p1b: Lokix|81\/100|[from] item: Life Orb\n|move|p2b: Drapion|Thief|p1a: Fetito\n|-supereffective|p1a: Fetito\n|-damage|p1a: Fetito|0 fnt\n|faint|p1a: Fetito\n|\n|upkeep\n|turn|16\n|c|\u2606elmaptiv|PORFAVOR BUILD DE CRITICO QUE TE PUSE\n|\n|t:|1698095548\n|-terastallize|p1b: Lokix|Bug\n|move|p2b: Drapion|Cross Poison|p1b: Lokix\n|-damage|p1b: Lokix|39\/100\n|move|p1b: Lokix|U-turn|p2b: Drapion\n|-damage|p2b: Drapion|37\/100\n|-damage|p1b: Lokix|29\/100|[from] item: Life Orb\n|\n|upkeep\n|turn|17\n|c|\u2606elmaptiv|FUNCIONA PARA ALGO\n|c|\u2606elmaptiv|ERES UN GILIPOLLAS\n|\n|t:|1698095560\n|move|p1b: Lokix|Sucker Punch|p2b: Drapion\n|-resisted|p2b: Drapion\n|-damage|p2b: Drapion|0 fnt\n|faint|p2b: Drapion\n|-damage|p1b: Lokix|20\/100|[from] item: Life Orb\n|\n|win|Tukitiko\n|c|\u2606elmaptiv|AAAAAAAAAAAA\n|c|\u2606Tukitiko|RAAAAAAAG\n|c|\u2606Tukitiko|En vd\n|c|\u2606Tukitiko|q locura de combates\n|c|\u2606elmaptiv|el assault vest se esta muriendo un poco de hambre ahi\n|c|\u2606Tukitiko|solo un poco\n|c|\u2606elmaptiv|pero lo que si que se muere es el rimbombee\n|c|\u2606Tukitiko|Pero mi golurk con assault vest>>>>\n|c|\u2606Tukitiko|Lo q se muere es el pangorto\n","uploadtime":1698095648,"views":12,"p1id":"tukitiko","p2id":"elmaptiv","formatid":"gen9nationaldexdoubles","rating":0,"private":0,"password":""}