{"id":"gen9nationaldexdoubles-1969833845","p1":"Proxis666","p2":"Sonic42069","format":"[Gen 9] National Dex Doubles","log":"|j|\u2606Proxis666\n|j|\u2606Sonic42069\n|t:|1697568907\n|gametype|doubles\n|player|p1|Proxis666|psychic|1181\n|player|p2|Sonic42069|brycenman|1103\n|teamsize|p1|6\n|teamsize|p2|6\n|gen|9\n|tier|[Gen 9] National Dex Doubles\n|rated|\n|rule|HP Percentage Mod: HP is shown in percentages\n|rule|Endless Battle Clause: Forcing endless battles is banned\n|rule|OHKO Clause: OHKO moves are banned\n|rule|Evasion Moves Clause: Evasion moves are banned\n|rule|Evasion Abilities Clause: Evasion abilities are banned\n|rule|Species Clause: Limit one of each Pok\u00e9mon\n|rule|Gravity Sleep Clause: The combination of sleep-inducing moves with imperfect accuracy and Gravity or Gigantamax Orbeetle are banned\n|clearpoke\n|poke|p1|Toxtricity, F|\n|poke|p1|Dracozolt|\n|poke|p1|Kilowattrel, M|\n|poke|p1|Electivire, M|\n|poke|p1|Manectric, M|\n|poke|p1|Bellibolt, M|\n|poke|p2|Incineroar, F|\n|poke|p2|Charizard, F|\n|poke|p2|Venusaur, F|\n|poke|p2|Greninja-*, F|\n|poke|p2|Torterra, F|\n|poke|p2|Quaquaval, F|\n|teampreview\n|\n|t:|1697568914\n|start\n|switch|p1a: Kilowattrel|Kilowattrel, M|100\/100\n|switch|p1b: Dracozolt|Dracozolt|100\/100\n|switch|p2a: Torterra|Torterra, F|100\/100\n|switch|p2b: Incineroar|Incineroar, F|100\/100\n|-ability|p2b: Incineroar|Intimidate|boost\n|-unboost|p1a: Kilowattrel|atk|1\n|-unboost|p1b: Dracozolt|atk|1\n|turn|1\n|inactive|Battle timer is ON: inactive players will automatically lose when time's up. (requested by Sonic42069)\n|\n|t:|1697568925\n|move|p2b: Incineroar|Fake Out|p1a: Kilowattrel\n|-damage|p1a: Kilowattrel|73\/100\n|cant|p1a: Kilowattrel|flinch\n|move|p1b: Dracozolt|Bolt Beak|p2b: Incineroar\n|-damage|p2b: Incineroar|68\/100\n|-damage|p1b: Dracozolt|91\/100|[from] item: Life Orb\n|move|p2a: Torterra|Rock Blast|p1a: Kilowattrel\n|-supereffective|p1a: Kilowattrel\n|-damage|p1a: Kilowattrel|42\/100\n|-supereffective|p1a: Kilowattrel\n|-damage|p1a: Kilowattrel|9\/100\n|-supereffective|p1a: Kilowattrel\n|-damage|p1a: Kilowattrel|0 fnt\n|faint|p1a: Kilowattrel\n|-hitcount|p1: Kilowattrel|3\n|\n|upkeep\n|\n|t:|1697568935\n|switch|p1a: Electivire|Electivire, M|100\/100\n|turn|2\n|\n|t:|1697568945\n|move|p1a: Electivire|Ice Punch|p2a: Torterra\n|-supereffective|p2a: Torterra\n|-damage|p2a: Torterra|0 fnt\n|faint|p2a: Torterra\n|-damage|p1a: Electivire|91\/100|[from] item: Life Orb\n|move|p1b: Dracozolt|Low Kick|p2b: Incineroar\n|-supereffective|p2b: Incineroar\n|-damage|p2b: Incineroar|32\/100\n|-enditem|p2b: Incineroar|Sitrus Berry|[eat]\n|-heal|p2b: Incineroar|57\/100|[from] item: Sitrus Berry\n|-damage|p1b: Dracozolt|81\/100|[from] item: Life Orb\n|move|p2b: Incineroar|Darkest Lariat|p1a: Electivire\n|-damage|p1a: Electivire|23\/100\n|\n|upkeep\n|\n|t:|1697568957\n|switch|p2a: Charizard|Charizard, F|100\/100\n|turn|3\n|\n|t:|1697568981\n|detailschange|p2a: Charizard|Charizard-Mega-Y, F\n|-mega|p2a: Charizard|Charizard|Charizardite Y\n|-weather|SunnyDay|[from] ability: Drought|[of] p2a: Charizard\n|move|p2a: Charizard|Scorching Sands|p1a: Electivire\n|-supereffective|p1a: Electivire\n|-damage|p1a: Electivire|0 fnt\n|faint|p1a: Electivire\n|move|p1b: Dracozolt|Bolt Beak|p2a: Charizard\n|-supereffective|p2a: Charizard\n|-damage|p2a: Charizard|6\/100\n|-damage|p1b: Dracozolt|71\/100|[from] item: Life Orb\n|move|p2b: Incineroar|U-turn|p1b: Dracozolt\n|-damage|p1b: Dracozolt|42\/100\n|\n|t:|1697568992\n|switch|p2b: Venusaur|Venusaur, F|100\/100|[from] U-turn\n|\n|-weather|SunnyDay|[upkeep]\n|upkeep\n|\n|t:|1697568997\n|switch|p1a: Manectric|Manectric, M|100\/100\n|turn|4\n|\n|t:|1697569010\n|detailschange|p1a: Manectric|Manectric-Mega, M\n|-mega|p1a: Manectric|Manectric|Manectite\n|-ability|p1a: Manectric|Intimidate|boost\n|-unboost|p2a: Charizard|atk|1\n|-unboost|p2b: Venusaur|atk|1\n|move|p2b: Venusaur|Sleep Powder|p1a: Manectric\n|-status|p1a: Manectric|slp|[from] move: Sleep Powder\n|cant|p1a: Manectric|slp\n|move|p2a: Charizard|Scorching Sands|p1b: Dracozolt\n|-supereffective|p1b: Dracozolt\n|-damage|p1b: Dracozolt|0 fnt\n|faint|p1b: Dracozolt\n|\n|-weather|SunnyDay|[upkeep]\n|upkeep\n|\n|t:|1697569027\n|switch|p1b: Toxtricity|Toxtricity, F|100\/100\n|turn|5\n|\n|t:|1697569033\n|move|p2b: Venusaur|Sleep Powder|p1b: Toxtricity\n|-status|p1b: Toxtricity|slp|[from] move: Sleep Powder\n|cant|p1a: Manectric|slp\n|move|p2a: Charizard|Scorching Sands|p1b: Toxtricity\n|-supereffective|p1b: Toxtricity\n|-damage|p1b: Toxtricity|0 fnt\n|faint|p1b: Toxtricity\n|\n|-weather|SunnyDay|[upkeep]\n|upkeep\n|\n|t:|1697569049\n|switch|p1b: Bellibolt|Bellibolt, M|100\/100\n|turn|6\n|\n|t:|1697569055\n|move|p2b: Venusaur|Earth Power|p1a: Manectric\n|-supereffective|p1a: Manectric\n|-damage|p1a: Manectric|24\/100 slp\n|-curestatus|p1a: Manectric|slp|[msg]\n|move|p1a: Manectric|Overheat|p2b: Venusaur\n|-supereffective|p2b: Venusaur\n|-crit|p2b: Venusaur\n|-enditem|p2b: Venusaur|Focus Sash\n|-damage|p2b: Venusaur|1\/100\n|-unboost|p1a: Manectric|spa|2\n|move|p2a: Charizard|Scorching Sands|p1a: Manectric\n|-supereffective|p1a: Manectric\n|-damage|p1a: Manectric|0 fnt\n|faint|p1a: Manectric\n|move|p1b: Bellibolt|Parabolic Charge|p2b: Venusaur|[spread] p2a,p2b\n|-supereffective|p2a: Charizard\n|-resisted|p2b: Venusaur\n|-damage|p2a: Charizard|0 fnt\n|-damage|p2b: Venusaur|0 fnt\n|faint|p2a: Charizard\n|faint|p2b: Venusaur\n|\n|-weather|SunnyDay|[upkeep]\n|upkeep\n|\n|t:|1697569069\n|switch|p2a: Incineroar|Incineroar, F|57\/100\n|switch|p2b: Quaquaval|Quaquaval, F|100\/100\n|-ability|p2a: Incineroar|Intimidate|boost\n|-unboost|p1b: Bellibolt|atk|1\n|turn|7\n|\n|t:|1697569076\n|move|p2a: Incineroar|Fake Out|p1b: Bellibolt\n|-damage|p1b: Bellibolt|89\/100\n|-start|p1b: Bellibolt|Charge|Fake Out|[from] ability: Electromorphosis\n|move|p2b: Quaquaval|Aqua Step|p1b: Bellibolt\n|-crit|p1b: Bellibolt\n|-damage|p1b: Bellibolt|54\/100\n|-boost|p2b: Quaquaval|spe|1\n|-start|p1b: Bellibolt|Charge|Aqua Step|[from] ability: Electromorphosis\n|-damage|p2b: Quaquaval|91\/100|[from] item: Life Orb\n|cant|p1b: Bellibolt|flinch\n|-end|p1b: Bellibolt|Charge|[silent]\n|\n|-weather|none\n|-heal|p1b: Bellibolt|60\/100|[from] item: Leftovers\n|upkeep\n|turn|8\n|\n|t:|1697569085\n|-terastallize|p1b: Bellibolt|Water\n|move|p2b: Quaquaval|Close Combat|p1b: Bellibolt\n|-crit|p1b: Bellibolt\n|-damage|p1b: Bellibolt|0 fnt\n|-unboost|p2b: Quaquaval|def|1\n|-unboost|p2b: Quaquaval|spd|1\n|faint|p1b: Bellibolt\n|-damage|p2b: Quaquaval|81\/100|[from] item: Life Orb\n|\n|win|Sonic42069\n|raw|Proxis666's rating: 1181 &rarr; <strong>1150<\/strong><br \/>(-31 for losing)\n|raw|Sonic42069's rating: 1103 &rarr; <strong>1134<\/strong><br \/>(+31 for winning)\n","uploadtime":1697569094,"views":11,"p1id":"proxis666","p2id":"sonic42069","formatid":"gen9nationaldexdoubles","rating":1134,"private":0,"password":""}