{"id":"gen9nationaldexdoubles-1986166471","p1":"PearDaddy","p2":"SlamOnyx","format":"[Gen 9] National Dex Doubles","log":"|j|\u2606PearDaddy\n|j|\u2606SlamOnyx\n|t:|1699456388\n|gametype|doubles\n|player|p1|PearDaddy|norman|1038\n|player|p2|SlamOnyx|brendan|1020\n|teamsize|p1|6\n|teamsize|p2|6\n|gen|9\n|tier|[Gen 9] National Dex Doubles\n|rated|\n|rule|HP Percentage Mod: HP is shown in percentages\n|rule|Endless Battle Clause: Forcing endless battles is banned\n|rule|OHKO Clause: OHKO moves are banned\n|rule|Evasion Moves Clause: Evasion moves are banned\n|rule|Evasion Abilities Clause: Evasion abilities are banned\n|rule|Species Clause: Limit one of each Pok\u00e9mon\n|rule|Gravity Sleep Clause: The combination of sleep-inducing moves with imperfect accuracy and Gravity or Gigantamax Orbeetle are banned\n|clearpoke\n|poke|p1|Darmanitan-Galar, M|\n|poke|p1|Dewgong, F|\n|poke|p1|Gothitelle, F|\n|poke|p1|Ninetales-Alola, M|\n|poke|p1|Lapras, M|\n|poke|p1|Froslass, F|\n|poke|p2|Swellow, F|\n|poke|p2|Malamar, M|\n|poke|p2|Whimsicott, F|\n|poke|p2|Spinda, M|\n|poke|p2|Thundurus, M|\n|poke|p2|Liepard, M|\n|teampreview\n|inactive|Battle timer is ON: inactive players will automatically lose when time's up. (requested by SlamOnyx)\n|\n|t:|1699456395\n|start\n|switch|p1a: Bubbles|Darmanitan-Galar, M|100\/100\n|switch|p1b: I Blow Bubbles|Dewgong, F|100\/100\n|switch|p2a: Spinda|Spinda, M|100\/100\n|switch|p2b: Whimsicott|Whimsicott, F|100\/100\n|turn|1\n|c|\u2606SlamOnyx|AYO?\n|c|\u2606PearDaddy|im sorry these names were chosen in poor taste admittedly\n|inactive|PearDaddy has 120 seconds left.\n|\n|t:|1699456433\n|move|p1b: I Blow Bubbles|Protect|p1b: I Blow Bubbles\n|-singleturn|p1b: I Blow Bubbles|Protect\n|move|p2b: Whimsicott|Charm|p2a: Spinda\n|-boost|p2a: Spinda|atk|2\n|move|p1a: Bubbles|Icicle Crash|p2b: Whimsicott\n|-supereffective|p2b: Whimsicott\n|-damage|p2b: Whimsicott|0 fnt\n|faint|p2b: Whimsicott\n|move|p2a: Spinda|Superpower|p1a: Bubbles\n|-supereffective|p1a: Bubbles\n|-damage|p1a: Bubbles|0 fnt\n|-boost|p2a: Spinda|atk|1\n|-boost|p2a: Spinda|def|1\n|faint|p1a: Bubbles\n|\n|upkeep\n|c|\u2606SlamOnyx|Actually funny as hell I love it\n|\n|t:|1699456449\n|switch|p1a: Paint|Froslass, F|100\/100\n|switch|p2b: Thundurus|Thundurus, M|100\/100\n|turn|2\n|\n|t:|1699456463\n|move|p2b: Thundurus|Scary Face|p2a: Spinda\n|-boost|p2a: Spinda|spe|2\n|move|p2a: Spinda|Superpower|p1b: I Blow Bubbles\n|-supereffective|p1b: I Blow Bubbles\n|-damage|p1b: I Blow Bubbles|0 fnt\n|-boost|p2a: Spinda|atk|1\n|-boost|p2a: Spinda|def|1\n|faint|p1b: I Blow Bubbles\n|move|p1a: Paint|Will-O-Wisp|p2a: Spinda\n|-status|p2a: Spinda|brn\n|\n|-damage|p2a: Spinda|94\/100 brn|[from] brn\n|upkeep\n|\n|t:|1699456480\n|switch|p1b: His Gothitelle|Gothitelle, F|100\/100\n|turn|3\n|\n|t:|1699456499\n|switch|p1a: I Finger Paint|Lapras, M|100\/100\n|move|p1b: His Gothitelle|Fake Out|p2a: Spinda\n|-damage|p2a: Spinda|89\/100 brn\n|move|p2b: Thundurus|Scary Face|p2a: Spinda\n|-boost|p2a: Spinda|spe|2\n|cant|p2a: Spinda|flinch\n|\n|-damage|p2a: Spinda|83\/100 brn|[from] brn\n|upkeep\n|turn|4\n|\n|t:|1699456516\n|switch|p1b: Her Ninetails|Ninetales-Alola, M|100\/100\n|-weather|Snow|[from] ability: Snow Warning|[of] p1b: Her Ninetails\n|move|p2b: Thundurus|Scary Face|p2a: Spinda\n|-boost|p2a: Spinda|spe|2\n|move|p2a: Spinda|Superpower|p1a: I Finger Paint\n|-supereffective|p1a: I Finger Paint\n|-damage|p1a: I Finger Paint|61\/100\n|-boost|p2a: Spinda|atk|1\n|-boost|p2a: Spinda|def|1\n|move|p1a: I Finger Paint|Perish Song|p1a: I Finger Paint\n|-start|p1a: I Finger Paint|perish3|[silent]\n|-start|p1b: Her Ninetails|perish3|[silent]\n|-start|p2a: Spinda|perish3|[silent]\n|-start|p2b: Thundurus|perish3|[silent]\n|-fieldactivate|move: Perish Song\n|\n|-weather|Snow|[upkeep]\n|-damage|p2a: Spinda|77\/100 brn|[from] brn\n|-start|p2a: Spinda|perish3\n|-start|p2b: Thundurus|perish3\n|-start|p1b: Her Ninetails|perish3\n|-start|p1a: I Finger Paint|perish3\n|upkeep\n|turn|5\n|inactive|SlamOnyx has 120 seconds left.\n|inactive|SlamOnyx has 90 seconds left.\n|inactive|SlamOnyx has 60 seconds left.\n|\n|t:|1699456611\n|switch|p1a: His Gothitelle|Gothitelle, F|100\/100\n|move|p2a: Spinda|Superpower|p1a: His Gothitelle\n|-resisted|p1a: His Gothitelle\n|-crit|p1a: His Gothitelle\n|-damage|p1a: His Gothitelle|68\/100\n|-boost|p2a: Spinda|atk|1\n|-boost|p2a: Spinda|def|1\n|move|p2b: Thundurus|Weather Ball|p1a: His Gothitelle\n|-damage|p1a: His Gothitelle|45\/100\n|-enditem|p1a: His Gothitelle|Sitrus Berry|[eat]\n|-heal|p1a: His Gothitelle|70\/100|[from] item: Sitrus Berry\n|move|p1b: Her Ninetails|Aurora Veil|p1b: Her Ninetails\n|-sidestart|p1: PearDaddy|move: Aurora Veil\n|\n|-weather|Snow|[upkeep]\n|-damage|p2a: Spinda|71\/100 brn|[from] brn\n|-start|p2a: Spinda|perish2\n|-start|p2b: Thundurus|perish2\n|-start|p1b: Her Ninetails|perish2\n|upkeep\n|turn|6\n|\n|t:|1699456636\n|move|p1a: His Gothitelle|Fake Out|p2a: Spinda\n|-damage|p2a: Spinda|68\/100 brn\n|move|p2b: Thundurus|Eerie Impulse|p2a: Spinda\n|-boost|p2a: Spinda|spa|2\n|cant|p2a: Spinda|flinch\n|move|p1b: Her Ninetails|Disable|p2b: Thundurus\n|-start|p2b: Thundurus|Disable|Eerie Impulse\n|\n|-weather|Snow|[upkeep]\n|-damage|p2a: Spinda|61\/100 brn|[from] brn\n|-start|p2a: Spinda|perish1\n|-start|p2b: Thundurus|perish1\n|-start|p1b: Her Ninetails|perish1\n|upkeep\n|turn|7\n|\n|t:|1699456654\n|switch|p1b: I Finger Paint|Lapras, M|61\/100\n|move|p1a: His Gothitelle|Protect|p1a: His Gothitelle\n|-singleturn|p1a: His Gothitelle|Protect\n|move|p2a: Spinda|Superpower|p1b: I Finger Paint\n|-supereffective|p1b: I Finger Paint\n|-damage|p1b: I Finger Paint|29\/100\n|-boost|p2a: Spinda|def|1\n|move|p2b: Thundurus|Weather Ball|p1a: His Gothitelle\n|-activate|p1a: His Gothitelle|move: Protect\n|\n|-weather|Snow|[upkeep]\n|-damage|p2a: Spinda|55\/100 brn|[from] brn\n|-start|p2a: Spinda|perish0\n|-start|p2b: Thundurus|perish0\n|faint|p2a: Spinda\n|faint|p2b: Thundurus\n|upkeep\n|-message|SlamOnyx forfeited.\n|\n|win|PearDaddy\n|raw|PearDaddy's rating: 1038 &rarr; <strong>1071<\/strong><br \/>(+33 for winning)\n|raw|SlamOnyx's rating: 1020 &rarr; <strong>1008<\/strong><br \/>(-12 for losing)\n|l|\u2606SlamOnyx\n","uploadtime":1699456676,"views":11,"p1id":"peardaddy","p2id":"slamonyx","formatid":"gen9nationaldexdoubles","rating":1008,"private":0,"password":""}