{"id":"gen9nationaldexdoubles-1961990120","p1":"fumbari 24","p2":"Zetious","format":"[Gen 9] National Dex Doubles","log":"|j|\u2606fumbari 24\n|j|\u2606Zetious\n|t:|1696696236\n|gametype|doubles\n|player|p1|fumbari 24|170|1268\n|player|p2|Zetious|102|1449\n|teamsize|p1|6\n|teamsize|p2|6\n|gen|9\n|tier|[Gen 9] National Dex Doubles\n|rated|\n|rule|HP Percentage Mod: HP is shown in percentages\n|rule|Endless Battle Clause: Forcing endless battles is banned\n|rule|OHKO Clause: OHKO moves are banned\n|rule|Evasion Moves Clause: Evasion moves are banned\n|rule|Evasion Abilities Clause: Evasion abilities are banned\n|rule|Species Clause: Limit one of each Pok\u00e9mon\n|rule|Gravity Sleep Clause: The combination of sleep-inducing moves with imperfect accuracy and Gravity or Gigantamax Orbeetle are banned\n|clearpoke\n|poke|p1|Charizard, M|\n|poke|p1|Sableye, M|\n|poke|p1|Aegislash, M|\n|poke|p1|Hydreigon, M|\n|poke|p1|Dragapult, M|\n|poke|p1|Granbull, F|\n|poke|p2|Gardevoir, F|\n|poke|p2|Indeedee-F, F|\n|poke|p2|Alakazam, F|\n|poke|p2|Urshifu-*, F|\n|poke|p2|Whimsicott, F|\n|poke|p2|Tapu Lele|\n|teampreview\n|\n|t:|1696696259\n|start\n|switch|p1a: Aegislash|Aegislash, M|100\/100\n|switch|p1b: Iggy|Granbull, F|100\/100\n|switch|p2a: Whimsicott|Whimsicott, F|100\/100\n|switch|p2b: Urshifu|Urshifu-Rapid-Strike, F|100\/100\n|-ability|p1b: Iggy|Intimidate|boost\n|-unboost|p2a: Whimsicott|atk|1\n|-unboost|p2b: Urshifu|atk|1\n|turn|1\n|inactive|Battle timer is ON: inactive players will automatically lose when time's up. (requested by Zetious)\n|inactive|fumbari 24 also wants the timer to be on.\n|\n|t:|1696696278\n|-terastallize|p2b: Urshifu|Water\n|move|p2a: Whimsicott|Taunt|p1b: Iggy\n|-start|p1b: Iggy|move: Taunt\n|move|p2b: Urshifu|Surging Strikes|p1a: Aegislash\n|-crit|p1a: Aegislash\n|-damage|p1a: Aegislash|75\/100\n|-crit|p1a: Aegislash\n|-damage|p1a: Aegislash|51\/100\n|-crit|p1a: Aegislash\n|-damage|p1a: Aegislash|25\/100\n|-hitcount|p1a: Aegislash|3\n|-zpower|p1a: Aegislash\n|-formechange|p1a: Aegislash|Aegislash-Blade||[from] ability: Stance Change\n|move|p1a: Aegislash|Never-Ending Nightmare|p2b: Urshifu|[zeffect]\n|-damage|p2b: Urshifu|0 fnt\n|faint|p2b: Urshifu\n|move|p1b: Iggy|Play Rough|p2a: Whimsicott\n|-damage|p2a: Whimsicott|55\/100\n|\n|upkeep\n|\n|t:|1696696300\n|switch|p2b: Indeedee|Indeedee-F, F|100\/100\n|-fieldstart|move: Psychic Terrain|[from] ability: Psychic Surge|[of] p2b: Indeedee\n|turn|2\n|\n|t:|1696696314\n|move|p1a: Aegislash|Wide Guard|p1a: Aegislash\n|-singleturn|p1a: Aegislash|Wide Guard\n|move|p2a: Whimsicott|Tailwind|p2a: Whimsicott\n|-sidestart|p2: Zetious|move: Tailwind\n|move|p2b: Indeedee|Expanding Force|p1a: Aegislash|[spread] \n|-activate|p1a: Aegislash|move: Wide Guard\n|-activate|p1b: Iggy|move: Wide Guard\n|move|p1b: Iggy|Snarl|p2b: Indeedee|[spread] p2a,p2b\n|-resisted|p2a: Whimsicott\n|-supereffective|p2b: Indeedee\n|-damage|p2a: Whimsicott|51\/100\n|-damage|p2b: Indeedee|89\/100\n|-unboost|p2a: Whimsicott|spa|1\n|-unboost|p2b: Indeedee|spa|1\n|\n|upkeep\n|turn|3\n|\n|t:|1696696328\n|-formechange|p1a: Aegislash|Aegislash||[from] ability: Stance Change\n|move|p1a: Aegislash|King's Shield||[still]\n|-fail|p1a: Aegislash\n|move|p2a: Whimsicott|U-turn|p1b: Iggy\n|-resisted|p1b: Iggy\n|-damage|p1b: Iggy|97\/100\n|\n|t:|1696696335\n|switch|p2a: Gardevoir|Gardevoir, F|100\/100|[from] U-turn\n|-enditem|p2a: Gardevoir|Psychic Seed\n|-boost|p2a: Gardevoir|spd|1|[from] item: Psychic Seed\n|-ability|p2a: Gardevoir|Intimidate|boost\n|-unboost|p1a: Aegislash|atk|1\n|-unboost|p1b: Iggy|atk|1\n|-ability|p2a: Gardevoir|Intimidate|[from] ability: Trace|[of] p1b: Iggy\n|move|p2b: Indeedee|Psychic|p1a: Aegislash\n|-resisted|p1a: Aegislash\n|-damage|p1a: Aegislash|15\/100\n|move|p1b: Iggy|Snarl|p2b: Indeedee|[spread] p2b\n|-miss|p1b: Iggy|p2a: Gardevoir\n|-supereffective|p2b: Indeedee\n|-damage|p2b: Indeedee|78\/100\n|-unboost|p2b: Indeedee|spa|1\n|\n|-end|p1b: Iggy|move: Taunt\n|upkeep\n|turn|4\n|inactive|fumbari 24 has 120 seconds left.\n|\n|t:|1696696367\n|move|p1a: Aegislash|Wide Guard|p1a: Aegislash\n|-singleturn|p1a: Aegislash|Wide Guard\n|move|p2b: Indeedee|Psychic|p1a: Aegislash\n|-resisted|p1a: Aegislash\n|-damage|p1a: Aegislash|8\/100\n|move|p2a: Gardevoir|Expanding Force|p1b: Iggy|[spread] \n|-activate|p1a: Aegislash|move: Wide Guard\n|-activate|p1b: Iggy|move: Wide Guard\n|move|p1b: Iggy|Snarl|p2a: Gardevoir|[spread] p2a\n|-miss|p1b: Iggy|p2b: Indeedee\n|-damage|p2a: Gardevoir|95\/100\n|-unboost|p2a: Gardevoir|spa|1\n|\n|upkeep\n|turn|5\n|\n|t:|1696696378\n|move|p1a: Aegislash|Wide Guard|p1a: Aegislash\n|-singleturn|p1a: Aegislash|Wide Guard\n|move|p2b: Indeedee|Psychic|p1a: Aegislash\n|-resisted|p1a: Aegislash\n|-damage|p1a: Aegislash|1\/100\n|move|p2a: Gardevoir|Expanding Force|p1b: Iggy|[spread] \n|-activate|p1a: Aegislash|move: Wide Guard\n|-activate|p1b: Iggy|move: Wide Guard\n|move|p1b: Iggy|Snarl|p2a: Gardevoir|[spread] p2a,p2b\n|-supereffective|p2b: Indeedee\n|-damage|p2a: Gardevoir|91\/100\n|-damage|p2b: Indeedee|66\/100\n|-unboost|p2a: Gardevoir|spa|1\n|-unboost|p2b: Indeedee|spa|1\n|\n|-sideend|p2: Zetious|move: Tailwind\n|upkeep\n|turn|6\n|\n|t:|1696696391\n|switch|p2a: Whimsicott|Whimsicott, F|51\/100\n|move|p1a: Aegislash|Wide Guard|p1a: Aegislash\n|-singleturn|p1a: Aegislash|Wide Guard\n|move|p2b: Indeedee|Psychic|p1a: Aegislash\n|-resisted|p1a: Aegislash\n|-damage|p1a: Aegislash|0 fnt\n|faint|p1a: Aegislash\n|move|p1b: Iggy|Snarl|p2a: Whimsicott|[spread] p2a,p2b\n|-resisted|p2a: Whimsicott\n|-supereffective|p2b: Indeedee\n|-damage|p2a: Whimsicott|47\/100\n|-damage|p2b: Indeedee|55\/100\n|-unboost|p2a: Whimsicott|spa|1\n|-unboost|p2b: Indeedee|spa|1\n|\n|-fieldend|move: Psychic Terrain\n|upkeep\n|\n|t:|1696696415\n|switch|p1a: Dragapult|Dragapult, M|100\/100\n|turn|7\n|\n|t:|1696696424\n|switch|p2b: Tapu Lele|Tapu Lele|100\/100\n|-fieldstart|move: Psychic Terrain|[from] ability: Psychic Surge|[of] p2b: Tapu Lele\n|move|p2a: Whimsicott|Tailwind|p2a: Whimsicott\n|-sidestart|p2: Zetious|move: Tailwind\n|move|p1a: Dragapult|Light Screen|p1a: Dragapult\n|-sidestart|p1: fumbari 24|move: Light Screen\n|move|p1b: Iggy|Play Rough|p2a: Whimsicott\n|-damage|p2a: Whimsicott|20\/100\n|\n|upkeep\n|turn|8\n|\n|t:|1696696443\n|move|p2a: Whimsicott|U-turn|p1b: Iggy\n|-resisted|p1b: Iggy\n|-damage|p1b: Iggy|91\/100\n|\n|t:|1696696447\n|switch|p2a: Gardevoir|Gardevoir, F|91\/100|[from] U-turn\n|-ability|p2a: Gardevoir|Clear Body|[from] ability: Trace|[of] p1a: Dragapult\n|move|p2b: Tapu Lele|Psyshock|p1b: Iggy\n|-damage|p1b: Iggy|54\/100\n|move|p1a: Dragapult|U-turn|p2a: Gardevoir\n|-damage|p2a: Gardevoir|64\/100\n|\n|t:|1696696464\n|switch|p1a: Kermit|Hydreigon, M|100\/100|[from] U-turn\n|move|p1b: Iggy|Snarl|p2a: Gardevoir|[spread] p2a,p2b\n|-damage|p2a: Gardevoir|57\/100\n|-damage|p2b: Tapu Lele|94\/100\n|-unboost|p2b: Tapu Lele|spa|1\n|\n|upkeep\n|turn|9\n|\n|t:|1696696479\n|-terastallize|p1a: Kermit|Steel\n|move|p2b: Tapu Lele|Psyshock|p1b: Iggy\n|-damage|p1b: Iggy|28\/100\n|move|p2a: Gardevoir|Dazzling Gleam|p1b: Iggy|[spread] p1a,p1b\n|-resisted|p1a: Kermit\n|-damage|p1a: Kermit|94\/100\n|-damage|p1b: Iggy|6\/100\n|move|p1a: Kermit|Flash Cannon|p2a: Gardevoir\n|-supereffective|p2a: Gardevoir\n|-damage|p2a: Gardevoir|0 fnt\n|faint|p2a: Gardevoir\n|move|p1b: Iggy|Snarl|p2b: Tapu Lele\n|-damage|p2b: Tapu Lele|85\/100\n|-unboost|p2b: Tapu Lele|spa|1\n|\n|upkeep\n|-message|Zetious forfeited.\n|\n|win|fumbari 24\n|raw|fumbari 24's rating: 1268 &rarr; <strong>1305<\/strong><br \/>(+37 for winning)\n|raw|Zetious's rating: 1449 &rarr; <strong>1419<\/strong><br \/>(-30 for losing)\n|l|\u2606Zetious\n","uploadtime":1696696497,"views":11,"p1id":"fumbari24","p2id":"zetious","formatid":"gen9nationaldexdoubles","rating":1305,"private":0,"password":""}