{"id":"gen9nationaldexdoubles-1977086347","p1":"sootywhisper73","p2":"Lord Highkage","format":"[Gen 9] National Dex Doubles","log":"|j|\u2606sootywhisper73\n|j|\u2606Lord Highkage\n|t:|1698369992\n|gametype|doubles\n|player|p1|sootywhisper73|dawn-gen4pt|\n|player|p2|Lord Highkage|102|\n|teamsize|p1|6\n|teamsize|p2|6\n|gen|9\n|tier|[Gen 9] National Dex Doubles\n|rule|HP Percentage Mod: HP is shown in percentages\n|rule|Endless Battle Clause: Forcing endless battles is banned\n|rule|OHKO Clause: OHKO moves are banned\n|rule|Evasion Moves Clause: Evasion moves are banned\n|rule|Evasion Abilities Clause: Evasion abilities are banned\n|rule|Species Clause: Limit one of each Pok\u00e9mon\n|rule|Gravity Sleep Clause: The combination of sleep-inducing moves with imperfect accuracy and Gravity or Gigantamax Orbeetle are banned\n|clearpoke\n|poke|p1|Charizard, M|\n|poke|p1|Samurott, M|\n|poke|p1|Lucario, F|\n|poke|p1|Tapu Koko|\n|poke|p1|Espeon, M|\n|poke|p1|Skarmory, F|\n|poke|p2|Torterra, M|\n|poke|p2|Hydreigon, F|\n|poke|p2|Jirachi|\n|poke|p2|Starmie|\n|poke|p2|Wyrdeer, F|\n|poke|p2|Salamence, M|\n|teampreview\n|\n|t:|1698370015\n|start\n|switch|p1a: Samurott|Samurott, M|100\/100\n|switch|p1b: Espeon|Espeon, M|100\/100\n|switch|p2a: Torterra|Torterra, M|100\/100\n|switch|p2b: Jirachi|Jirachi|100\/100\n|turn|1\n|\n|t:|1698370043\n|switch|p2a: Starmie|Starmie|100\/100\n|move|p1b: Espeon|Light Screen|p1b: Espeon\n|-sidestart|p1: sootywhisper73|move: Light Screen\n|move|p1a: Samurott|Avalanche|p2a: Starmie\n|-resisted|p2a: Starmie\n|-damage|p2a: Starmie|88\/100\n|-damage|p1a: Samurott|91\/100|[from] item: Life Orb\n|move|p2b: Jirachi|Trick Room|p2b: Jirachi\n|-fieldstart|move: Trick Room|[of] p2b: Jirachi\n|\n|upkeep\n|turn|2\n|\n|t:|1698370076\n|move|p2b: Jirachi|Cosmic Power|p2b: Jirachi\n|-boost|p2b: Jirachi|def|1\n|-boost|p2b: Jirachi|spd|1\n|move|p1a: Samurott|Drill Run|p2b: Jirachi\n|-supereffective|p2b: Jirachi\n|-damage|p2b: Jirachi|68\/100\n|-damage|p1a: Samurott|81\/100|[from] item: Life Orb\n|move|p2a: Starmie|Rain Dance|p2a: Starmie\n|-weather|RainDance\n|move|p1b: Espeon|Thunder Wave|p2a: Starmie\n|-status|p2a: Starmie|par\n|\n|-weather|RainDance|[upkeep]\n|-heal|p2b: Jirachi|75\/100|[from] item: Leftovers\n|upkeep\n|turn|3\n|\n|t:|1698370106\n|-curestatus|p2a: Starmie|par|[from] ability: Natural Cure\n|switch|p2a: Wyrdeer|Wyrdeer, F|100\/100\n|move|p2b: Jirachi|Cosmic Power|p2b: Jirachi\n|-boost|p2b: Jirachi|def|1\n|-boost|p2b: Jirachi|spd|1\n|move|p1a: Samurott|Drill Run|p2b: Jirachi\n|-supereffective|p2b: Jirachi\n|-damage|p2b: Jirachi|47\/100\n|-damage|p1a: Samurott|71\/100|[from] item: Life Orb\n|move|p1b: Espeon|Thunder Wave|p2b: Jirachi\n|-status|p2b: Jirachi|par\n|\n|-weather|RainDance|[upkeep]\n|-heal|p2b: Jirachi|53\/100 par|[from] item: Leftovers\n|upkeep\n|turn|4\n|\n|t:|1698370128\n|switch|p1b: Skarmory|Skarmory, F|100\/100\n|move|p2b: Jirachi|Life Dew||[still]|[spread] p2a,p2b\n|-fail|p2a: Wyrdeer|heal\n|-heal|p2b: Jirachi|78\/100 par\n|move|p2a: Wyrdeer|Megahorn|p1b: Skarmory\n|-resisted|p1b: Skarmory\n|-damage|p1b: Skarmory|94\/100\n|move|p1a: Samurott|Razor Shell|p2a: Wyrdeer\n|-damage|p2a: Wyrdeer|28\/100\n|-unboost|p2a: Wyrdeer|def|1\n|-damage|p1a: Samurott|61\/100|[from] item: Life Orb\n|\n|-weather|RainDance|[upkeep]\n|-heal|p2b: Jirachi|84\/100 par|[from] item: Leftovers\n|-heal|p2a: Wyrdeer|34\/100|[from] item: Leftovers\n|-heal|p1b: Skarmory|99\/100|[from] item: Leftovers\n|upkeep\n|turn|5\n|\n|t:|1698370158\n|switch|p2b: Salamence|Salamence, M|100\/100\n|-ability|p2b: Salamence|Intimidate|boost\n|-unboost|p1a: Samurott|atk|1\n|-unboost|p1b: Skarmory|atk|1\n|move|p2a: Wyrdeer|Psyshield Bash|p1a: Samurott\n|-damage|p1a: Samurott|26\/100\n|-boost|p2a: Wyrdeer|def|1\n|move|p1b: Skarmory|Tailwind|p1b: Skarmory\n|-sidestart|p1: sootywhisper73|move: Tailwind\n|move|p1a: Samurott|Razor Shell|p2a: Wyrdeer\n|-damage|p2a: Wyrdeer|0 fnt\n|faint|p2a: Wyrdeer\n|-damage|p1a: Samurott|16\/100|[from] item: Life Orb\n|\n|-weather|RainDance|[upkeep]\n|-heal|p1b: Skarmory|100\/100|[from] item: Leftovers\n|-sideend|p1: sootywhisper73|move: Light Screen\n|-fieldend|move: Trick Room\n|upkeep\n|\n|t:|1698370180\n|switch|p2a: Jirachi|Jirachi|84\/100 par\n|turn|6\n|\n|t:|1698370191\n|move|p1b: Skarmory|Stealth Rock|p2a: Jirachi\n|-sidestart|p2: Lord Highkage|move: Stealth Rock\n|move|p2b: Salamence|Dragon Claw|p1a: Samurott\n|-damage|p1a: Samurott|0 fnt\n|faint|p1a: Samurott\n|move|p2a: Jirachi|Trick Room|p2a: Jirachi\n|-fieldstart|move: Trick Room|[of] p2a: Jirachi\n|\n|-weather|none\n|-heal|p2a: Jirachi|90\/100 par|[from] item: Leftovers\n|upkeep\n|\n|t:|1698370198\n|switch|p1a: Espeon|Espeon, M|100\/100\n|turn|7\n|\n|t:|1698370208\n|switch|p1b: Charizard|Charizard, M, shiny|100\/100\n|move|p2a: Jirachi|Cosmic Power|p2a: Jirachi\n|-boost|p2a: Jirachi|def|1\n|-boost|p2a: Jirachi|spd|1\n|move|p2b: Salamence|Crunch|p1a: Espeon\n|-supereffective|p1a: Espeon\n|-damage|p1a: Espeon|17\/100\n|move|p1a: Espeon|Thunder Wave|p2b: Salamence\n|-status|p2b: Salamence|par\n|\n|-heal|p2a: Jirachi|97\/100 par|[from] item: Leftovers\n|-heal|p1a: Espeon|23\/100|[from] item: Leftovers\n|upkeep\n|turn|8\n|\n|t:|1698370247\n|switch|p2a: Starmie|Starmie|88\/100\n|-damage|p2a: Starmie|76\/100|[from] Stealth Rock\n|detailschange|p1b: Charizard|Charizard-Mega-Y, M, shiny\n|-mega|p1b: Charizard|Charizard|Charizardite Y\n|-weather|SunnyDay|[from] ability: Drought|[of] p1b: Charizard\n|move|p2b: Salamence|Crunch|p1a: Espeon\n|-supereffective|p1a: Espeon\n|-damage|p1a: Espeon|0 fnt\n|faint|p1a: Espeon\n|move|p1b: Charizard|Hidden Power|p2b: Salamence\n|-supereffective|p2b: Salamence\n|-damage|p2b: Salamence|32\/100 par\n|\n|-weather|SunnyDay|[upkeep]\n|-sideend|p1: sootywhisper73|move: Tailwind\n|upkeep\n|\n|t:|1698370257\n|switch|p1a: Skarmory|Skarmory, F|100\/100\n|turn|9\n|\n|t:|1698370277\n|move|p2b: Salamence|Crunch|p1a: Skarmory\n|-damage|p1a: Skarmory|78\/100\n|move|p1a: Skarmory|Tailwind|p1a: Skarmory\n|-sidestart|p1: sootywhisper73|move: Tailwind\n|move|p2a: Starmie|Power Gem|p1b: Charizard\n|-supereffective|p1b: Charizard\n|-damage|p1b: Charizard|0 fnt\n|faint|p1b: Charizard\n|-damage|p2a: Starmie|66\/100|[from] item: Life Orb\n|\n|-weather|SunnyDay|[upkeep]\n|-heal|p1a: Skarmory|84\/100|[from] item: Leftovers\n|upkeep\n|\n|t:|1698370285\n|switch|p1b: Tapu Koko|Tapu Koko, shiny|100\/100\n|-fieldstart|move: Electric Terrain|[from] ability: Electric Surge|[of] p1b: Tapu Koko\n|turn|10\n|\n|t:|1698370300\n|move|p2b: Salamence|Earthquake|p1a: Skarmory|[spread] p2a,p1b\n|-immune|p1a: Skarmory\n|-supereffective|p1b: Tapu Koko\n|-damage|p2a: Starmie|39\/100\n|-damage|p1b: Tapu Koko|25\/100\n|-enditem|p1b: Tapu Koko|Aguav Berry|[eat]\n|-heal|p1b: Tapu Koko|58\/100|[from] item: Aguav Berry\n|move|p2a: Starmie|Reflect Type|p1a: Skarmory\n|-start|p2a: Starmie|typechange|[from] move: Reflect Type|[of] p1a: Skarmory\n|move|p1a: Skarmory|Drill Peck|p2b: Salamence\n|-damage|p2b: Salamence|5\/100 par\n|move|p1b: Tapu Koko|Thunderbolt|p2a: Starmie\n|-supereffective|p2a: Starmie\n|-damage|p2a: Starmie|0 fnt\n|faint|p2a: Starmie\n|\n|-weather|SunnyDay|[upkeep]\n|-heal|p1a: Skarmory|90\/100|[from] item: Leftovers\n|-fieldend|move: Trick Room\n|upkeep\n|\n|t:|1698370320\n|switch|p2a: Jirachi|Jirachi|97\/100 par\n|-damage|p2a: Jirachi|90\/100 par|[from] Stealth Rock\n|turn|11\n|\n|t:|1698370363\n|move|p1b: Tapu Koko|Volt Switch|p2b: Salamence\n|-damage|p2b: Salamence|0 fnt\n|faint|p2b: Salamence\n|\n|t:|1698370366\n|switch|p1b: Lucario|Lucario, F|100\/100|[from] Volt Switch\n|move|p1a: Skarmory|Drill Peck|p2a: Jirachi\n|-resisted|p2a: Jirachi\n|-damage|p2a: Jirachi|78\/100 par\n|move|p2a: Jirachi|Trick Room|p2a: Jirachi\n|-fieldstart|move: Trick Room|[of] p2a: Jirachi\n|\n|-weather|SunnyDay|[upkeep]\n|-heal|p2a: Jirachi|84\/100 par|[from] item: Leftovers\n|-heal|p1a: Skarmory|96\/100|[from] item: Leftovers\n|upkeep\n|\n|t:|1698370384\n|switch|p2b: Hydreigon|Hydreigon, F|100\/100\n|-damage|p2b: Hydreigon|88\/100|[from] Stealth Rock\n|turn|12\n|\n|t:|1698370410\n|move|p2a: Jirachi|Cosmic Power|p2a: Jirachi\n|-boost|p2a: Jirachi|def|1\n|-boost|p2a: Jirachi|spd|1\n|move|p2b: Hydreigon|Fire Blast|p1b: Lucario\n|-supereffective|p1b: Lucario\n|-damage|p1b: Lucario|0 fnt\n|faint|p1b: Lucario\n|-damage|p2b: Hydreigon|78\/100|[from] item: Life Orb\n|move|p1a: Skarmory|Iron Head|p2b: Hydreigon\n|-damage|p2b: Hydreigon|51\/100\n|\n|-weather|none\n|-heal|p2a: Jirachi|90\/100 par|[from] item: Leftovers\n|-heal|p1a: Skarmory|100\/100|[from] item: Leftovers\n|-sideend|p1: sootywhisper73|move: Tailwind\n|upkeep\n|\n|t:|1698370419\n|switch|p1b: Tapu Koko|Tapu Koko, shiny|58\/100\n|turn|13\n|\n|t:|1698370435\n|move|p2a: Jirachi|Meteor Mash|p1b: Tapu Koko\n|-damage|p1b: Tapu Koko|15\/100\n|-boost|p2a: Jirachi|atk|1\n|move|p1a: Skarmory|Tailwind|p1a: Skarmory\n|-sidestart|p1: sootywhisper73|move: Tailwind\n|move|p2b: Hydreigon|Fire Blast|p1a: Skarmory\n|-supereffective|p1a: Skarmory\n|-ability|p1a: Skarmory|Sturdy\n|-damage|p1a: Skarmory|1\/100\n|-damage|p2b: Hydreigon|41\/100|[from] item: Life Orb\n|move|p1b: Tapu Koko|Dazzling Gleam|p2b: Hydreigon|[spread] p2a,p2b\n|-resisted|p2a: Jirachi\n|-supereffective|p2b: Hydreigon\n|-damage|p2a: Jirachi|85\/100 par\n|-damage|p2b: Hydreigon|0 fnt\n|faint|p2b: Hydreigon\n|\n|-heal|p2a: Jirachi|91\/100 par|[from] item: Leftovers\n|-heal|p1a: Skarmory|7\/100|[from] item: Leftovers\n|upkeep\n|\n|t:|1698370452\n|switch|p2b: Torterra|Torterra, M|100\/100\n|-damage|p2b: Torterra|94\/100|[from] Stealth Rock\n|turn|14\n|\n|t:|1698370470\n|move|p2a: Jirachi|Meteor Mash|p1a: Skarmory\n|-resisted|p1a: Skarmory\n|-damage|p1a: Skarmory|0 fnt\n|faint|p1a: Skarmory\n|move|p2b: Torterra|High Horsepower|p1b: Tapu Koko\n|-supereffective|p1b: Tapu Koko\n|-damage|p1b: Tapu Koko|0 fnt\n|faint|p1b: Tapu Koko\n|\n|win|Lord Highkage\n|c|\u2606sootywhisper73|ggs\n|c|\u2606Lord Highkage|gg\n|l|\u2606sootywhisper73\n","uploadtime":1698370479,"views":15,"p1id":"sootywhisper73","p2id":"lordhighkage","formatid":"gen9nationaldexdoubles","rating":0,"private":0,"password":""}