{"id":"gen9nationaldexdoubles-1987220750","p1":"Vican259","p2":"xephos223","format":"[Gen 9] National Dex Doubles","log":"|j|\u2606Vican259\n|j|\u2606xephos223\n|t:|1699566557\n|gametype|doubles\n|player|p1|Vican259|bellelba|\n|player|p2|xephos223|gambler|\n|teamsize|p1|6\n|teamsize|p2|6\n|gen|9\n|tier|[Gen 9] National Dex Doubles\n|rule|HP Percentage Mod: HP is shown in percentages\n|rule|Endless Battle Clause: Forcing endless battles is banned\n|rule|OHKO Clause: OHKO moves are banned\n|rule|Evasion Moves Clause: Evasion moves are banned\n|rule|Evasion Abilities Clause: Evasion abilities are banned\n|rule|Species Clause: Limit one of each Pok\u00e9mon\n|rule|Gravity Sleep Clause: The combination of sleep-inducing moves with imperfect accuracy and Gravity or Gigantamax Orbeetle are banned\n|clearpoke\n|poke|p1|Ting-Lu|\n|poke|p1|Crawdaunt, M|\n|poke|p1|Honchkrow, M|\n|poke|p1|Wo-Chien|\n|poke|p1|Houndoom, F|\n|poke|p1|Hydreigon, M|\n|poke|p2|Gallade, M|\n|poke|p2|Ceruledge, M|\n|poke|p2|Iron Moth|\n|poke|p2|Raichu-Alola, M|\n|poke|p2|Decidueye, F|\n|poke|p2|Toxapex, F|\n|teampreview\n|\n|t:|1699566581\n|start\n|switch|p1a: No sp atac|Ting-Lu|100\/100\n|switch|p1b: Crawdaunt|Crawdaunt, M|100\/100\n|switch|p2a: Iron Moth|Iron Moth|100\/100\n|switch|p2b: Raichu|Raichu-Alola, M|100\/100\n|-ability|p1a: No sp atac|Vessel of Ruin\n|-enditem|p2a: Iron Moth|Booster Energy\n|-activate|p2a: Iron Moth|ability: Quark Drive|[fromitem]\n|-start|p2a: Iron Moth|quarkdrivespa\n|turn|1\n|\n|t:|1699566613\n|move|p1a: No sp atac|Protect|p1a: No sp atac\n|-singleturn|p1a: No sp atac|Protect\n|move|p1b: Crawdaunt|Aqua Jet|p2a: Iron Moth\n|-supereffective|p2a: Iron Moth\n|-damage|p2a: Iron Moth|0 fnt\n|faint|p2a: Iron Moth\n|-end|p2a: Iron Moth|Quark Drive|[silent]\n|move|p2b: Raichu|Focus Blast|p1b: Crawdaunt\n|-supereffective|p1b: Crawdaunt\n|-damage|p1b: Crawdaunt|0 fnt\n|faint|p1b: Crawdaunt\n|\n|upkeep\n|\n|t:|1699566636\n|switch|p2a: Ceruledge|Ceruledge, M, shiny|100\/100\n|switch|p1b: Honchkrow|Honchkrow, M|100\/100\n|turn|2\n|\n|t:|1699566661\n|move|p2b: Raichu|Focus Blast|p1a: No sp atac\n|-supereffective|p1a: No sp atac\n|-damage|p1a: No sp atac|52\/100\n|move|p2a: Ceruledge|Swords Dance|p2a: Ceruledge\n|-boost|p2a: Ceruledge|atk|2\n|move|p1b: Honchkrow|Night Slash|p2a: Ceruledge\n|-supereffective|p2a: Ceruledge\n|-damage|p2a: Ceruledge|3\/100\n|-ability|p2a: Ceruledge|Weak Armor|boost\n|-unboost|p2a: Ceruledge|def|1\n|-boost|p2a: Ceruledge|spe|2\n|move|p1a: No sp atac|Earthquake|p2a: Ceruledge|[spread] p2a,p2b\n|-immune|p1b: Honchkrow\n|-supereffective|p2a: Ceruledge\n|-supereffective|p2b: Raichu\n|-damage|p2a: Ceruledge|0 fnt\n|-damage|p2b: Raichu|0 fnt\n|faint|p2a: Ceruledge\n|faint|p2b: Raichu\n|\n|-heal|p1a: No sp atac|58\/100|[from] item: Leftovers\n|upkeep\n|\n|t:|1699566683\n|switch|p2b: Decidueye|Decidueye, F|100\/100\n|switch|p2a: Gallade|Gallade, M|100\/100\n|turn|3\n|\n|t:|1699566701\n|switch|p1a: No atac|Wo-Chien|100\/100\n|-ability|p1a: No atac|Tablets of Ruin\n|move|p2b: Decidueye|Spirit Shackle|p1b: Honchkrow\n|-resisted|p1b: Honchkrow\n|-damage|p1b: Honchkrow|79\/100\n|-activate|p1b: Honchkrow|trapped\n|move|p2a: Gallade|Knock Off|p1b: Honchkrow\n|-resisted|p1b: Honchkrow\n|-damage|p1b: Honchkrow|46\/100\n|-enditem|p1b: Honchkrow|Heavy-Duty Boots|[from] move: Knock Off|[of] p2a: Gallade\n|move|p1b: Honchkrow|U-turn|p2a: Gallade\n|-damage|p2a: Gallade|68\/100\n|\n|t:|1699566718\n|switch|p1b: Houndoom|Houndoom, F|100\/100|[from] U-turn\n|\n|upkeep\n|turn|4\n|\n|t:|1699566728\n|detailschange|p1b: Houndoom|Houndoom-Mega, F\n|-mega|p1b: Houndoom|Houndoom|Houndoominite\n|move|p1a: No atac|Protect|p1a: No atac\n|-singleturn|p1a: No atac|Protect\n|move|p2b: Decidueye|Spirit Shackle|p1a: No atac\n|-activate|p1a: No atac|move: Protect\n|move|p1b: Houndoom|Flamethrower|p2b: Decidueye\n|-supereffective|p2b: Decidueye\n|-damage|p2b: Decidueye|0 fnt\n|faint|p2b: Decidueye\n|move|p2a: Gallade|Knock Off|p1b: Houndoom\n|-resisted|p1b: Houndoom\n|-damage|p1b: Houndoom|86\/100\n|\n|upkeep\n|\n|t:|1699566740\n|switch|p2b: Toxapex|Toxapex, F|100\/100\n|turn|5\n|\n|t:|1699566754\n|-terastallize|p2a: Gallade|Dark\n|move|p1b: Houndoom|Flamethrower|p2a: Gallade\n|-damage|p2a: Gallade|17\/100\n|move|p2a: Gallade|Knock Off|p1b: Houndoom\n|-resisted|p1b: Houndoom\n|-damage|p1b: Houndoom|63\/100\n|move|p1a: No atac|Leech Seed|p2b: Toxapex\n|-start|p2b: Toxapex|move: Leech Seed\n|move|p2b: Toxapex|Scald|p1b: Houndoom\n|-supereffective|p1b: Houndoom\n|-damage|p1b: Houndoom|18\/100\n|\n|-damage|p2b: Toxapex|88\/100|[from] Leech Seed|[of] p1a: No atac\n|upkeep\n|turn|6\n|\n|t:|1699566783\n|move|p1b: Houndoom|Dark Pulse|p2a: Gallade\n|-resisted|p2a: Gallade\n|-damage|p2a: Gallade|0 fnt\n|faint|p2a: Gallade\n|move|p1a: No atac|Ruination|p2b: Toxapex\n|-damage|p2b: Toxapex|44\/100\n|move|p2b: Toxapex|Scald|p1b: Houndoom\n|-supereffective|p1b: Houndoom\n|-damage|p1b: Houndoom|0 fnt\n|faint|p1b: Houndoom\n|\n|-heal|p2b: Toxapex|50\/100|[from] item: Black Sludge\n|-damage|p2b: Toxapex|38\/100|[from] Leech Seed|[of] p1a: No atac\n|upkeep\n|\n|t:|1699566796\n|switch|p1b: Hydreigon|Hydreigon, M|100\/100\n|turn|7\n|\n|t:|1699566827\n|-terastallize|p1b: Hydreigon|Steel\n|move|p1a: No atac|Protect|p1a: No atac\n|-singleturn|p1a: No atac|Protect\n|move|p1b: Hydreigon|Flash Cannon|p2b: Toxapex\n|-resisted|p2b: Toxapex\n|-damage|p2b: Toxapex|14\/100\n|move|p2b: Toxapex|Scald|p1b: Hydreigon\n|-damage|p1b: Hydreigon|83\/100\n|\n|-heal|p2b: Toxapex|20\/100|[from] item: Black Sludge\n|-damage|p2b: Toxapex|7\/100|[from] Leech Seed|[of] p1a: No atac\n|upkeep\n|turn|8\n|\n|t:|1699566843\n|move|p1b: Hydreigon|Flash Cannon|p2b: Toxapex\n|-resisted|p2b: Toxapex\n|-damage|p2b: Toxapex|0 fnt\n|faint|p2b: Toxapex\n|\n|win|Vican259\n","uploadtime":1699566853,"views":8,"p1id":"vican259","p2id":"xephos223","formatid":"gen9nationaldexdoubles","rating":0,"private":0,"password":""}