{"id":"gen9nationaldexdoubles-1979657837","p1":"B0SS-GI0VANNI","p2":"Delphox23102008","format":"[Gen 9] National Dex Doubles","log":"|j|\u2606B0SS-GI0VANNI\n|j|\u2606Delphox23102008\n|t:|1698700590\n|gametype|doubles\n|player|p1|B0SS-GI0VANNI|jessiejames-gen1|1000\n|player|p2|Delphox23102008|az|1089\n|teamsize|p1|5\n|teamsize|p2|6\n|gen|9\n|tier|[Gen 9] National Dex Doubles\n|rated|\n|rule|HP Percentage Mod: HP is shown in percentages\n|rule|Endless Battle Clause: Forcing endless battles is banned\n|rule|OHKO Clause: OHKO moves are banned\n|rule|Evasion Moves Clause: Evasion moves are banned\n|rule|Evasion Abilities Clause: Evasion abilities are banned\n|rule|Species Clause: Limit one of each Pok\u00e9mon\n|rule|Gravity Sleep Clause: The combination of sleep-inducing moves with imperfect accuracy and Gravity or Gigantamax Orbeetle are banned\n|clearpoke\n|poke|p1|Regigigas|\n|poke|p1|Drifblim, M|\n|poke|p1|Rillaboom, M|\n|poke|p1|Sinistcha-Masterpiece|\n|poke|p1|Indeedee-F, F|\n|poke|p2|Garchomp, F|\n|poke|p2|Pyroar, M|\n|poke|p2|Sableye, M|\n|poke|p2|Talonflame, M|\n|poke|p2|Indeedee, M|\n|poke|p2|Stonjourner, F|\n|teampreview\n|inactive|Battle timer is ON: inactive players will automatically lose when time's up. (requested by Delphox23102008)\n|c|\u2606Delphox23102008|Only 5 Pok\u00e9mon?\n|\n|t:|1698700613\n|start\n|switch|p1a: Regigigas|Regigigas|100\/100\n|switch|p1b: Drifblim|Drifblim, M|100\/100\n|switch|p2a: Garchomp|Garchomp, F|100\/100\n|switch|p2b: Pyroar|Pyroar, M|100\/100\n|-start|p1a: Regigigas|ability: Slow Start\n|turn|1\n|\n|t:|1698700620\n|move|p2b: Pyroar|Entrainment|p2a: Garchomp\n|-endability|p2a: Garchomp|Rough Skin|[from] move: Entrainment\n|-ability|p2a: Garchomp|Moxie|[from] move: Entrainment\n|move|p2a: Garchomp|Earthquake|p1a: Regigigas|[spread] p2b,p1a\n|-immune|p1b: Drifblim\n|-supereffective|p2b: Pyroar\n|-damage|p2b: Pyroar|0 fnt\n|-damage|p1a: Regigigas|57\/100\n|faint|p2b: Pyroar\n|-ability|p2a: Garchomp|Moxie|boost\n|-boost|p2a: Garchomp|atk|1\n|move|p1b: Drifblim|Skill Swap|p1a: Regigigas\n|-activate|p1b: Drifblim|move: Skill Swap|||[of] p1a: Regigigas\n|-end|p1a: Regigigas|Slow Start|[silent]\n|-start|p1b: Drifblim|ability: Slow Start\n|move|p1a: Regigigas|Substitute|p1a: Regigigas\n|-start|p1a: Regigigas|Substitute\n|-damage|p1a: Regigigas|32\/100\n|\n|upkeep\n|\n|t:|1698700624\n|switch|p2b: Sableye|Sableye, M|100\/100\n|turn|2\n|\n|t:|1698700648\n|-end|p1b: Drifblim|Slow Start|[silent]\n|switch|p1b: Rillaboom|Rillaboom, M|100\/100\n|-fieldstart|move: Grassy Terrain|[from] ability: Grassy Surge|[of] p1b: Rillaboom\n|-enditem|p1a: Regigigas|Grassy Seed\n|-boost|p1a: Regigigas|def|1|[from] item: Grassy Seed\n|-terastallize|p2a: Garchomp|Ground\n|-terastallize|p1a: Regigigas|Fighting\n|move|p2b: Sableye|Gravity|p2b: Sableye\n|-fieldstart|move: Gravity\n|move|p1a: Regigigas|Drain Punch|p2a: Garchomp\n|-damage|p2a: Garchomp|47\/100\n|-heal|p1a: Regigigas|55\/100|[from] drain|[of] p2a: Garchomp\n|move|p2a: Garchomp|Earthquake|p1a: Regigigas|[spread] p2b,p1a,p1b\n|-crit|p1a: Regigigas\n|-end|p1a: Regigigas|Substitute\n|-resisted|p1b: Rillaboom\n|-damage|p2b: Sableye|34\/100\n|-damage|p1b: Rillaboom|67\/100\n|\n|-heal|p1a: Regigigas|61\/100|[from] Grassy Terrain\n|-heal|p2a: Garchomp|53\/100|[from] Grassy Terrain\n|-heal|p1b: Rillaboom|74\/100|[from] Grassy Terrain\n|-heal|p1b: Rillaboom|80\/100|[from] item: Leftovers\n|-heal|p2b: Sableye|40\/100|[from] Grassy Terrain\n|upkeep\n|turn|3\n|inactive|B0SS-GI0VANNI has 120 seconds left.\n|\n|t:|1698700687\n|switch|p1b: Indeedee|Indeedee-F, F|100\/100\n|-fieldstart|move: Psychic Terrain|[from] ability: Psychic Surge|[of] p1b: Indeedee\n|move|p2b: Sableye|Disable|p1a: Regigigas\n|-activate|p1a: Regigigas|move: Psychic Terrain\n|move|p1a: Regigigas|Drain Punch|p2a: Garchomp\n|-damage|p2a: Garchomp|1\/100\n|-heal|p1a: Regigigas|83\/100|[from] drain|[of] p2a: Garchomp\n|move|p2a: Garchomp|Earthquake|p1a: Regigigas|[spread] p2b,p1a,p1b\n|-damage|p2b: Sableye|0 fnt\n|-damage|p1a: Regigigas|23\/100\n|-damage|p1b: Indeedee|0 fnt\n|faint|p2b: Sableye\n|faint|p1b: Indeedee\n|-ability|p2a: Garchomp|Moxie|boost\n|-boost|p2a: Garchomp|atk|2\n|\n|upkeep\n|\n|t:|1698700706\n|switch|p1b: Rillaboom|Rillaboom, M|80\/100\n|switch|p2b: Talonflame|Talonflame, M|100\/100\n|-fieldstart|move: Grassy Terrain|[from] ability: Grassy Surge|[of] p1b: Rillaboom\n|turn|4\n|\n|t:|1698700736\n|move|p1b: Rillaboom|Fake Out|p2b: Talonflame\n|-damage|p2b: Talonflame|83\/100\n|-damage|p1b: Rillaboom|63\/100|[from] item: Rocky Helmet|[of] p2b: Talonflame\n|move|p1a: Regigigas|Drain Punch|p2a: Garchomp\n|-damage|p2a: Garchomp|0 fnt\n|-heal|p1a: Regigigas|23\/100|[from] drain|[of] p2a: Garchomp\n|faint|p2a: Garchomp\n|cant|p2b: Talonflame|flinch\n|\n|-heal|p1a: Regigigas|29\/100|[from] Grassy Terrain\n|-heal|p2b: Talonflame|89\/100|[from] Grassy Terrain\n|-heal|p1b: Rillaboom|69\/100|[from] Grassy Terrain\n|-heal|p1b: Rillaboom|75\/100|[from] item: Leftovers\n|upkeep\n|\n|t:|1698700740\n|switch|p2a: Indeedee|Indeedee, M|100\/100\n|-fieldstart|move: Psychic Terrain|[from] ability: Psychic Surge|[of] p2a: Indeedee\n|turn|5\n|\n|t:|1698700762\n|switch|p1b: Sinistcha|Sinistcha-Masterpiece|100\/100\n|-heal|p1a: Regigigas|54\/100|[from] ability: Hospitality|[of] p1b: Sinistcha\n|move|p1a: Regigigas|Drain Punch|p2a: Indeedee\n|-damage|p2a: Indeedee|0 fnt\n|-heal|p1a: Regigigas|85\/100|[from] drain|[of] p2a: Indeedee\n|faint|p2a: Indeedee\n|move|p2b: Talonflame|Tailwind|p2b: Talonflame\n|-sidestart|p2: Delphox23102008|move: Tailwind\n|\n|upkeep\n|-message|Delphox23102008 forfeited.\n|\n|win|B0SS-GI0VANNI\n|raw|B0SS-GI0VANNI's rating: 1000 &rarr; <strong>1050<\/strong><br \/>(+50 for winning)\n|raw|Delphox23102008's rating: 1089 &rarr; <strong>1060<\/strong><br \/>(-29 for losing)\n|l|\u2606Delphox23102008\n","uploadtime":1698700778,"views":14,"p1id":"b0ssgi0vanni","p2id":"delphox23102008","formatid":"gen9nationaldexdoubles","rating":1050,"private":0,"password":""}