{"id":"gen9nationaldexdoubles-1966687939","p1":"Sakura the blossom","p2":"henreyeyee","format":"[Gen 9] National Dex Doubles","log":"|j|\u2606Sakura the blossom\n|j|\u2606henreyeyee\n|t:|1697213715\n|gametype|doubles\n|player|p1|Sakura the blossom|caitlin|\n|player|p2|henreyeyee|lucas|\n|teamsize|p1|6\n|teamsize|p2|6\n|gen|9\n|tier|[Gen 9] National Dex Doubles\n|rule|HP Percentage Mod: HP is shown in percentages\n|rule|Endless Battle Clause: Forcing endless battles is banned\n|rule|OHKO Clause: OHKO moves are banned\n|rule|Evasion Moves Clause: Evasion moves are banned\n|rule|Evasion Abilities Clause: Evasion abilities are banned\n|rule|Species Clause: Limit one of each Pok\u00e9mon\n|rule|Gravity Sleep Clause: The combination of sleep-inducing moves with imperfect accuracy and Gravity or Gigantamax Orbeetle are banned\n|clearpoke\n|poke|p1|Oricorio-Sensu, F|\n|poke|p1|Volcarona, M|\n|poke|p1|Indeedee-F, F|\n|poke|p1|Alakazam, M|\n|poke|p1|Gallade, M|\n|poke|p1|Metagross|\n|poke|p2|Farigiraf, F|\n|poke|p2|Rillaboom, M|\n|poke|p2|Gyarados, F|\n|poke|p2|Ribombee, F|\n|poke|p2|Dracovish|\n|poke|p2|Pelipper, M|\n|teampreview\n|inactive|Battle timer is ON: inactive players will automatically lose when time's up. (requested by henreyeyee)\n|inactive|Sakura the blossom also wants the timer to be on.\n|c|\u2606henreyeyee|woah\n|c|\u2606henreyeyee|alright good luck\n|c|\u2606Sakura the blossom|Is dracovish not in ubers? Huh\n|c|\u2606Sakura the blossom|Gl hf\n|inactive|Sakura the blossom has 270 seconds left.\n|c|\u2606henreyeyee|WTF\n|c|\u2606Sakura the blossom|It may be just singles ubers\n|c|\u2606henreyeyee|yea\n|c|\u2606henreyeyee|it is\n|c|\u2606henreyeyee|sorry i typed in the wrong chat there lol\n|c|\u2606Sakura the blossom|Yeah just double checking lmao\n|inactive|Sakura the blossom has 240 seconds left.\n|inactive|henreyeyee no longer wants the timer on, but the timer is staying on because sakuratheblossom still does.\n|\n|t:|1697213788\n|start\n|switch|p1a: Gallade|Gallade, M, shiny|100\/100\n|switch|p1b: Metagross|Metagross, shiny|100\/100\n|switch|p2a: Ribombee|Ribombee, F|100\/100\n|switch|p2b: Pelipper|Pelipper, M|100\/100\n|-weather|RainDance|[from] ability: Drizzle|[of] p2b: Pelipper\n|turn|1\n|\n|t:|1697213811\n|detailschange|p1a: Gallade|Gallade-Mega, M, shiny\n|-mega|p1a: Gallade|Gallade|Galladite\n|move|p2a: Ribombee|Sticky Web|p1a: Gallade\n|-sidestart|p1: Sakura the blossom|move: Sticky Web\n|move|p1a: Gallade|Knock Off|p2b: Pelipper\n|-crit|p2b: Pelipper\n|-damage|p2b: Pelipper|35\/100\n|-enditem|p2b: Pelipper|Damp Rock|[from] move: Knock Off|[of] p1a: Gallade\n|move|p1b: Metagross|Agility|p1b: Metagross\n|-boost|p1b: Metagross|spe|2\n|move|p2b: Pelipper|U-turn|p1b: Metagross\n|-damage|p1b: Metagross|93\/100\n|\n|t:|1697213831\n|switch|p2b: Rillaboom|Rillaboom, M|100\/100|[from] U-turn\n|-fieldstart|move: Grassy Terrain|[from] ability: Grassy Surge|[of] p2b: Rillaboom\n|\n|-weather|RainDance|[upkeep]\n|-heal|p1b: Metagross|99\/100|[from] Grassy Terrain\n|upkeep\n|turn|2\n|c|\u2606henreyeyee|no Tera right\n|\n|t:|1697213850\n|move|p2b: Rillaboom|Fake Out|p1b: Metagross\n|-resisted|p1b: Metagross\n|-damage|p1b: Metagross|92\/100\n|cant|p1b: Metagross|flinch\n|move|p2a: Ribombee|Moonblast|p1a: Gallade\n|-supereffective|p1a: Gallade\n|-damage|p1a: Gallade|18\/100\n|-unboost|p1a: Gallade|spa|1\n|move|p1a: Gallade|Psycho Cut|p2a: Ribombee\n|-damage|p2a: Ribombee|21\/100\n|\n|-weather|RainDance|[upkeep]\n|-heal|p1b: Metagross|98\/100|[from] Grassy Terrain\n|-heal|p2a: Ribombee|27\/100|[from] Grassy Terrain\n|-heal|p1a: Gallade|24\/100|[from] Grassy Terrain\n|upkeep\n|turn|3\n|inactive|Sakura the blossom has 270 seconds left.\n|\n|t:|1697213884\n|move|p1a: Gallade|Shadow Sneak|p2a: Ribombee\n|-damage|p2a: Ribombee|0 fnt\n|faint|p2a: Ribombee\n|move|p2b: Rillaboom|Grassy Glide|p1a: Gallade\n|-damage|p1a: Gallade|0 fnt\n|faint|p1a: Gallade\n|move|p1b: Metagross|Iron Head|p2b: Rillaboom\n|-damage|p2b: Rillaboom|48\/100\n|\n|-weather|RainDance|[upkeep]\n|-heal|p1b: Metagross|100\/100|[from] Grassy Terrain\n|-heal|p2b: Rillaboom|54\/100|[from] Grassy Terrain\n|upkeep\n|c|\u2606Sakura the blossom|No tera\n|\n|t:|1697213911\n|switch|p2a: Gyarados|Gyarados, F|100\/100\n|switch|p1a: Volcarona|Volcarona, M|100\/100\n|-activate|p1a: Volcarona|move: Sticky Web\n|-unboost|p1a: Volcarona|spe|1\n|-ability|p2a: Gyarados|Intimidate|boost\n|-unboost|p1a: Volcarona|atk|1\n|-fail|p1b: Metagross|unboost|[from] ability: Clear Body|[of] p1b: Metagross\n|turn|4\n|inactive|henreyeyee has 270 seconds left.\n|\n|t:|1697213944\n|detailschange|p2a: Gyarados|Gyarados-Mega, F\n|-mega|p2a: Gyarados|Gyarados|Gyaradosite\n|-ability|p2a: Gyarados|Mold Breaker\n|move|p1b: Metagross|Psycho Cut|p2a: Gyarados\n|-immune|p2a: Gyarados\n|move|p2b: Rillaboom|Knock Off|p1b: Metagross\n|-supereffective|p1b: Metagross\n|-damage|p1b: Metagross|39\/100\n|-enditem|p1b: Metagross|Weakness Policy\n|-boost|p1b: Metagross|atk|2|[from] item: Weakness Policy\n|-boost|p1b: Metagross|spa|2|[from] item: Weakness Policy\n|move|p2a: Gyarados|Earthquake|p1b: Metagross|[spread] p2b,p1a,p1b\n|-resisted|p2b: Rillaboom\n|-supereffective|p1b: Metagross\n|-damage|p2b: Rillaboom|45\/100\n|-damage|p1a: Volcarona|74\/100\n|-damage|p1b: Metagross|10\/100\n|move|p1a: Volcarona|Bug Buzz|p2b: Rillaboom\n|-supereffective|p2b: Rillaboom\n|-damage|p2b: Rillaboom|0 fnt\n|faint|p2b: Rillaboom\n|\n|-weather|RainDance|[upkeep]\n|-heal|p1b: Metagross|16\/100|[from] Grassy Terrain\n|-heal|p1a: Volcarona|81\/100|[from] Grassy Terrain\n|upkeep\n|inactive|henreyeyee has 270 seconds left.\n|\n|t:|1697213963\n|switch|p2b: Dracovish|Dracovish|100\/100\n|turn|5\n|inactive|henreyeyee has 270 seconds left.\n|\n|t:|1697213978\n|move|p1b: Metagross|Psycho Cut|p2b: Dracovish\n|-damage|p2b: Dracovish|19\/100\n|move|p2a: Gyarados|Dragon Dance|p2a: Gyarados\n|-boost|p2a: Gyarados|atk|1\n|-boost|p2a: Gyarados|spe|1\n|move|p2b: Dracovish|Fishious Rend|p1b: Metagross\n|-damage|p1b: Metagross|0 fnt\n|faint|p1b: Metagross\n|move|p1a: Volcarona|Bug Buzz|p2a: Gyarados\n|-supereffective|p2a: Gyarados\n|-damage|p2a: Gyarados|26\/100\n|\n|-weather|RainDance|[upkeep]\n|-heal|p2a: Gyarados|32\/100|[from] Grassy Terrain\n|-heal|p2b: Dracovish|25\/100|[from] Grassy Terrain\n|-heal|p1a: Volcarona|87\/100|[from] Grassy Terrain\n|-fieldend|move: Grassy Terrain\n|upkeep\n|\n|t:|1697213998\n|switch|p1b: Indeedee|Indeedee-F, F, shiny|100\/100\n|-activate|p1b: Indeedee|move: Sticky Web\n|-unboost|p1b: Indeedee|spe|1\n|-fieldstart|move: Psychic Terrain|[from] ability: Psychic Surge|[of] p1b: Indeedee\n|-enditem|p1b: Indeedee|Psychic Seed\n|-boost|p1b: Indeedee|spd|1|[from] item: Psychic Seed\n|turn|6\n|\n|t:|1697214011\n|move|p1b: Indeedee|Follow Me|p1b: Indeedee\n|-singleturn|p1b: Indeedee|move: Follow Me\n|move|p2a: Gyarados|Crunch|p1b: Indeedee\n|-supereffective|p1b: Indeedee\n|-damage|p1b: Indeedee|0 fnt\n|faint|p1b: Indeedee\n|move|p2b: Dracovish|Fishious Rend|p1a: Volcarona\n|-supereffective|p1a: Volcarona\n|-damage|p1a: Volcarona|0 fnt\n|-status|p2b: Dracovish|brn|[from] ability: Flame Body|[of] p1a: Volcarona\n|faint|p1a: Volcarona\n|\n|-weather|RainDance|[upkeep]\n|-damage|p2b: Dracovish|19\/100 brn|[from] brn\n|upkeep\n|c|\u2606henreyeyee|same ol' oricorio\n|\n|t:|1697214027\n|switch|p1a: Alakazam|Alakazam, M|100\/100\n|switch|p1b: Oricorio|Oricorio-Sensu, F, shiny|100\/100\n|-activate|p1a: Alakazam|move: Sticky Web\n|-unboost|p1a: Alakazam|spe|1\n|turn|7\n|\n|t:|1697214041\n|move|p2a: Gyarados|Crunch|p1a: Alakazam\n|-supereffective|p1a: Alakazam\n|-damage|p1a: Alakazam|0 fnt\n|faint|p1a: Alakazam\n|move|p1b: Oricorio|Icy Wind|p2a: Gyarados|[spread] p2a,p2b\n|-resisted|p2a: Gyarados\n|-damage|p2a: Gyarados|28\/100\n|-damage|p2b: Dracovish|3\/100 brn\n|-unboost|p2a: Gyarados|spe|1\n|-unboost|p2b: Dracovish|spe|1\n|move|p2b: Dracovish|Fishious Rend|p1b: Oricorio\n|-damage|p1b: Oricorio|33\/100\n|\n|-weather|RainDance|[upkeep]\n|-damage|p2b: Dracovish|0 fnt|[from] brn\n|faint|p2b: Dracovish\n|upkeep\n|\n|t:|1697214053\n|switch|p2b: Farigiraf|Farigiraf, F|100\/100\n|turn|8\n|c|\u2606henreyeyee|ggwp\n|\n|t:|1697214066\n|move|p2b: Farigiraf|Protect|p2b: Farigiraf\n|-singleturn|p2b: Farigiraf|Protect\n|move|p1b: Oricorio|Air Slash|p2a: Gyarados\n|-damage|p2a: Gyarados|3\/100\n|cant|p2a: Gyarados|flinch\n|\n|-weather|none\n|upkeep\n|turn|9\n|c|\u2606Sakura the blossom|Gg\n|c|\u2606Sakura the blossom|Oh\n|c|\u2606henreyeyee|uh no\n|c|\u2606henreyeyee|hell no\n|\n|t:|1697214082\n|move|p1b: Oricorio|Icy Wind|p2b: Farigiraf|[spread] p2a,p2b\n|-resisted|p2a: Gyarados\n|-damage|p2a: Gyarados|0 fnt\n|-damage|p2b: Farigiraf|89\/100\n|-unboost|p2b: Farigiraf|spe|1\n|faint|p2a: Gyarados\n|move|p2b: Farigiraf|Dazzling Gleam|p1b: Oricorio\n|-damage|p1b: Oricorio|3\/100\n|\n|-heal|p2b: Farigiraf|95\/100|[from] item: Leftovers\n|upkeep\n|\n|t:|1697214088\n|switch|p2a: Pelipper|Pelipper, M|35\/100\n|-weather|RainDance|[from] ability: Drizzle|[of] p2a: Pelipper\n|turn|10\n|\n|t:|1697214100\n|move|p1b: Oricorio|Revelation Dance|p2a: Pelipper\n|-damage|p2a: Pelipper|0 fnt\n|faint|p2a: Pelipper\n|move|p2b: Farigiraf|Dazzling Gleam|p1b: Oricorio\n|-crit|p1b: Oricorio\n|-damage|p1b: Oricorio|0 fnt\n|faint|p1b: Oricorio\n|\n|win|henreyeyee\n|c|\u2606henreyeyee|GGS LMAOO\n|c|\u2606henreyeyee|I WAS SOO SCARED\n|c|\u2606Sakura the blossom|Aint going down without a fight\n|c|\u2606Sakura the blossom|Gg\n","uploadtime":1697214119,"views":12,"p1id":"sakuratheblossom","p2id":"henreyeyee","formatid":"gen9nationaldexdoubles","rating":0,"private":0,"password":""}