{"id":"gen9nationaldexdoubles-1983704906","p1":"Xalvadore","p2":"Kurususilver11","format":"[Gen 9] National Dex Doubles","log":"|j|\u2606Xalvadore\n|j|\u2606Kurususilver11\n|t:|1699164053\n|gametype|doubles\n|player|p1|Xalvadore|marnie|1382\n|player|p2|Kurususilver11|266|1223\n|teamsize|p1|6\n|teamsize|p2|6\n|gen|9\n|tier|[Gen 9] National Dex Doubles\n|rated|\n|rule|HP Percentage Mod: HP is shown in percentages\n|rule|Endless Battle Clause: Forcing endless battles is banned\n|rule|OHKO Clause: OHKO moves are banned\n|rule|Evasion Moves Clause: Evasion moves are banned\n|rule|Evasion Abilities Clause: Evasion abilities are banned\n|rule|Species Clause: Limit one of each Pok\u00e9mon\n|rule|Gravity Sleep Clause: The combination of sleep-inducing moves with imperfect accuracy and Gravity or Gigantamax Orbeetle are banned\n|clearpoke\n|poke|p1|Tyranitar, F|\n|poke|p1|Gastrodon, F|\n|poke|p1|Excadrill, F|\n|poke|p1|Zapdos|\n|poke|p1|Latias, F|\n|poke|p1|Hitmontop, M|\n|poke|p2|Diancie|\n|poke|p2|Eevee, F|\n|poke|p2|Flutter Mane|\n|poke|p2|Cresselia, F|\n|poke|p2|Indeedee-F, F|\n|poke|p2|Iron Bundle|\n|teampreview\n|c|\u2606Kurususilver11|hi.\n|inactive|Battle timer is ON: inactive players will automatically lose when time's up. (requested by Kurususilver11)\n|c|\u2606Xalvadore|Hey\n|c|\u2606Kurususilver11|Your team looks cool.\n|inactive|Xalvadore has 120 seconds left.\n|c|\u2606Xalvadore|Cres still gives it a headache, so don't worry too much\n|\n|t:|1699164138\n|start\n|switch|p1a: Excadrill|Excadrill, F|100\/100\n|switch|p1b: Hitmontop|Hitmontop, M|100\/100\n|switch|p2a: Eevee|Eevee, F, shiny|100\/100\n|switch|p2b: Indeedee|Indeedee-F, F, shiny|100\/100\n|-fieldstart|move: Psychic Terrain|[from] ability: Psychic Surge|[of] p2b: Indeedee\n|-ability|p1b: Hitmontop|Intimidate|boost\n|-unboost|p2a: Eevee|atk|1\n|-unboost|p2b: Indeedee|atk|1\n|turn|1\n|\n|t:|1699164158\n|move|p2b: Indeedee|Follow Me|p2b: Indeedee\n|-singleturn|p2b: Indeedee|move: Follow Me\n|move|p1a: Excadrill|Rock Slide|p2a: Eevee|[spread] p2a,p2b\n|-damage|p2a: Eevee|70\/100\n|-damage|p2b: Indeedee|77\/100\n|move|p1b: Hitmontop|Close Combat|p2b: Indeedee\n|-damage|p2b: Indeedee|30\/100\n|-unboost|p1b: Hitmontop|def|1\n|-unboost|p1b: Hitmontop|spd|1\n|-zpower|p2a: Eevee\n|move|p2a: Eevee|Extreme Evoboost|p2a: Eevee\n|-boost|p2a: Eevee|atk|2\n|-boost|p2a: Eevee|def|2\n|-boost|p2a: Eevee|spa|2\n|-boost|p2a: Eevee|spd|2\n|-boost|p2a: Eevee|spe|2\n|\n|-heal|p2b: Indeedee|36\/100|[from] item: Leftovers\n|upkeep\n|turn|2\n|\n|t:|1699164181\n|move|p2b: Indeedee|Follow Me|p2b: Indeedee\n|-singleturn|p2b: Indeedee|move: Follow Me\n|move|p2a: Eevee|Baton Pass|p2a: Eevee\n|\n|t:|1699164185\n|switch|p2a: Hard Candy|Diancie, shiny|100\/100|[from] Baton Pass\n|move|p1a: Excadrill|Substitute|p1a: Excadrill\n|-start|p1a: Excadrill|Substitute\n|-damage|p1a: Excadrill|76\/100\n|move|p1b: Hitmontop|Close Combat|p2b: Indeedee\n|-damage|p2b: Indeedee|0 fnt\n|-unboost|p1b: Hitmontop|def|1\n|-unboost|p1b: Hitmontop|spd|1\n|faint|p2b: Indeedee\n|\n|upkeep\n|\n|t:|1699164196\n|switch|p2b: Silver Deli|Iron Bundle, shiny|100\/100\n|-enditem|p2b: Silver Deli|Booster Energy\n|-activate|p2b: Silver Deli|ability: Quark Drive|[fromitem]\n|-start|p2b: Silver Deli|quarkdrivespe\n|turn|3\n|\n|t:|1699164208\n|detailschange|p2a: Hard Candy|Diancie-Mega, shiny\n|-mega|p2a: Hard Candy|Diancie|Diancite\n|move|p2a: Hard Candy|Protect|p2a: Hard Candy\n|-singleturn|p2a: Hard Candy|Protect\n|move|p1b: Hitmontop|Wide Guard|p1b: Hitmontop\n|-singleturn|p1b: Hitmontop|Wide Guard\n|move|p2b: Silver Deli|Blizzard|p1a: Excadrill|[spread] \n|-activate|p1a: Excadrill|move: Wide Guard\n|-activate|p1b: Hitmontop|move: Wide Guard\n|-zpower|p1a: Excadrill\n|move|p1a: Excadrill|Tectonic Rage|p2a: Hard Candy|[zeffect]\n|-supereffective|p2a: Hard Candy\n|-zbroken|p2a: Hard Candy\n|-damage|p2a: Hard Candy|67\/100\n|\n|upkeep\n|turn|4\n|c|\u2606Kurususilver11|well there goes ur z move\n|inactive|Kurususilver11 has 120 seconds left.\n|\n|t:|1699164241\n|move|p1b: Hitmontop|Wide Guard|p1b: Hitmontop\n|-singleturn|p1b: Hitmontop|Wide Guard\n|move|p2a: Hard Candy|Stored Power|p1b: Hitmontop\n|-supereffective|p1b: Hitmontop\n|-damage|p1b: Hitmontop|0 fnt\n|faint|p1b: Hitmontop\n|move|p2b: Silver Deli|Freeze-Dry|p1a: Excadrill\n|-end|p1a: Excadrill|Substitute\n|move|p1a: Excadrill|Earthquake|p2a: Hard Candy|[spread] p2a,p2b\n|-supereffective|p2a: Hard Candy\n|-damage|p2a: Hard Candy|6\/100\n|-damage|p2b: Silver Deli|47\/100\n|\n|upkeep\n|c|\u2606Xalvadore|That damage may still be useful\n|inactive|Xalvadore has 120 seconds left.\n|\n|t:|1699164254\n|switch|p1b: Tyranitar|Tyranitar, F|100\/100\n|-weather|Sandstorm|[from] ability: Sand Stream|[of] p1b: Tyranitar\n|turn|5\n|c|\u2606Kurususilver11|stored power is awesome with these boosts\n|\n|t:|1699164277\n|move|p1b: Tyranitar|Protect|p1b: Tyranitar\n|-singleturn|p1b: Tyranitar|Protect\n|move|p2a: Hard Candy|Stored Power|p1a: Excadrill\n|-resisted|p1a: Excadrill\n|-damage|p1a: Excadrill|0 fnt\n|faint|p1a: Excadrill\n|move|p2b: Silver Deli|Freeze-Dry|p1b: Tyranitar\n|-activate|p1b: Tyranitar|move: Protect\n|\n|-weather|Sandstorm|[upkeep]\n|-damage|p2b: Silver Deli|41\/100|[from] Sandstorm\n|-fieldend|move: Psychic Terrain\n|upkeep\n|\n|t:|1699164291\n|switch|p1a: Gastrodon|Gastrodon, F|100\/100\n|turn|6\n|c|\u2606Kurususilver11|jeez my spa is 838\n|\n|t:|1699164321\n|move|p1b: Tyranitar|Protect|p1b: Tyranitar\n|-singleturn|p1b: Tyranitar|Protect\n|move|p2a: Hard Candy|Stored Power|p1a: Gastrodon\n|-damage|p1a: Gastrodon|0 fnt\n|faint|p1a: Gastrodon\n|move|p2b: Silver Deli|Freeze-Dry|p1b: Tyranitar\n|-activate|p1b: Tyranitar|move: Protect\n|\n|-weather|Sandstorm|[upkeep]\n|-damage|p2b: Silver Deli|35\/100|[from] Sandstorm\n|upkeep\n|\n|t:|1699164330\n|switch|p1a: Latias|Latias, F|100\/100\n|turn|7\n|\n|t:|1699164344\n|move|p2a: Hard Candy|Stored Power|p1a: Latias\n|-resisted|p1a: Latias\n|-damage|p1a: Latias|42\/100\n|-enditem|p1a: Latias|Sitrus Berry|[eat]\n|-heal|p1a: Latias|67\/100|[from] item: Sitrus Berry\n|move|p2b: Silver Deli|Freeze-Dry|p1b: Tyranitar\n|-damage|p1b: Tyranitar|84\/100\n|move|p1a: Latias|Draco Meteor|p2b: Silver Deli\n|-damage|p2b: Silver Deli|0 fnt\n|-unboost|p1a: Latias|spa|2\n|faint|p2b: Silver Deli\n|-end|p2b: Silver Deli|Quark Drive|[silent]\n|move|p1b: Tyranitar|Rock Slide|p2a: Hard Candy\n|-damage|p2a: Hard Candy|0 fnt\n|faint|p2a: Hard Candy\n|\n|-weather|Sandstorm|[upkeep]\n|-damage|p1a: Latias|61\/100|[from] Sandstorm\n|upkeep\n|\n|t:|1699164349\n|switch|p2b: Cresselia|Cresselia, F|100\/100\n|switch|p2a: Para|Flutter Mane|100\/100\n|-enditem|p2a: Para|Booster Energy\n|-activate|p2a: Para|ability: Protosynthesis|[fromitem]\n|-start|p2a: Para|protosynthesisspe\n|turn|8\n|\n|t:|1699164370\n|switch|p1a: Zapdos|Zapdos|100\/100\n|-ability|p1a: Zapdos|Pressure\n|-terastallize|p2a: Para|Fairy\n|move|p1b: Tyranitar|Protect|p1b: Tyranitar\n|-singleturn|p1b: Tyranitar|Protect\n|move|p2a: Para|Dazzling Gleam|p1b: Tyranitar|[spread] p1a\n|-activate|p1b: Tyranitar|move: Protect\n|-damage|p1a: Zapdos|59\/100\n|move|p2b: Cresselia|Reflect|p2b: Cresselia\n|-sidestart|p2: Kurususilver11|Reflect\n|\n|-weather|Sandstorm|[upkeep]\n|-damage|p2a: Para|95\/100|[from] Sandstorm\n|-damage|p2b: Cresselia|94\/100|[from] Sandstorm\n|-damage|p1a: Zapdos|53\/100|[from] Sandstorm\n|-heal|p2b: Cresselia|100\/100|[from] item: Leftovers\n|upkeep\n|turn|9\n|\n|t:|1699164395\n|-terastallize|p1b: Tyranitar|Rock\n|move|p2a: Para|Dazzling Gleam|p1a: Zapdos|[spread] p1a,p1b\n|-damage|p1a: Zapdos|5\/100\n|-damage|p1b: Tyranitar|64\/100\n|-enditem|p1a: Zapdos|Sitrus Berry|[eat]\n|-heal|p1a: Zapdos|30\/100|[from] item: Sitrus Berry\n|move|p2b: Cresselia|Calm Mind|p2b: Cresselia\n|-boost|p2b: Cresselia|spa|1\n|-boost|p2b: Cresselia|spd|1\n|move|p1a: Zapdos|Discharge|p2a: Para|[spread] p1b,p2a,p2b\n|-damage|p1b: Tyranitar|50\/100\n|-damage|p2a: Para|61\/100\n|-damage|p2b: Cresselia|86\/100\n|-status|p1b: Tyranitar|par\n|-status|p2a: Para|par\n|move|p1b: Tyranitar|Rock Slide|p2b: Cresselia|[spread] p2a,p2b\n|-damage|p2a: Para|1\/100 par\n|-damage|p2b: Cresselia|70\/100\n|\n|-weather|none\n|-heal|p2b: Cresselia|76\/100|[from] item: Leftovers\n|upkeep\n|turn|10\n|\n|t:|1699164420\n|move|p1b: Tyranitar|Protect|p1b: Tyranitar\n|-singleturn|p1b: Tyranitar|Protect\n|move|p2a: Para|Dazzling Gleam|p1b: Tyranitar|[spread] p1a\n|-activate|p1b: Tyranitar|move: Protect\n|-damage|p1a: Zapdos|0 fnt\n|faint|p1a: Zapdos\n|move|p2b: Cresselia|Lunar Blessing|p2b: Cresselia|[spread] p2a,p2b\n|-heal|p2a: Para|26\/100 par\n|-curestatus|p2a: Para|par|[msg]\n|-heal|p2b: Cresselia|100\/100\n|\n|upkeep\n|inactive|Xalvadore has 120 seconds left.\n|\n|t:|1699164432\n|switch|p1a: Latias|Latias, F|61\/100\n|turn|11\n|\n|t:|1699164439\n|move|p1a: Latias|Helping Hand|p1b: Tyranitar\n|-singleturn|p1b: Tyranitar|Helping Hand|[of] p1a: Latias\n|move|p2a: Para|Dazzling Gleam|p1a: Latias|[spread] p1a,p1b\n|-supereffective|p1a: Latias\n|-damage|p1a: Latias|0 fnt\n|-damage|p1b: Tyranitar|19\/100 par\n|faint|p1a: Latias\n|move|p2b: Cresselia|Lunar Blessing|p2b: Cresselia|[spread] p2a,p2b\n|-heal|p2a: Para|51\/100\n|cant|p1b: Tyranitar|par\n|\n|upkeep\n|turn|12\n|c|\u2606Xalvadore|gg\n|c|\u2606Kurususilver11|gg\n|\n|t:|1699164457\n|move|p2a: Para|Dazzling Gleam|p1b: Tyranitar\n|-damage|p1b: Tyranitar|0 fnt\n|faint|p1b: Tyranitar\n|\n|win|Kurususilver11\n|raw|Xalvadore's rating: 1382 &rarr; <strong>1353<\/strong><br \/>(-29 for losing)\n|raw|Kurususilver11's rating: 1223 &rarr; <strong>1259<\/strong><br \/>(+36 for winning)\n","uploadtime":1699164463,"views":9,"p1id":"xalvadore","p2id":"kurususilver11","formatid":"gen9nationaldexdoubles","rating":1259,"private":0,"password":""}