{"id":"gen9nationaldexdoubles-1963639502","p1":"Immagamer","p2":"bombexplode00","format":"[Gen 9] National Dex Doubles","log":"|j|\u2606Immagamer\n|j|\u2606bombexplode00\n|t:|1696885494\n|gametype|doubles\n|player|p1|Immagamer|lucas|1334\n|player|p2|bombexplode00|unknown|1231\n|teamsize|p1|6\n|teamsize|p2|6\n|gen|9\n|tier|[Gen 9] National Dex Doubles\n|rated|\n|rule|HP Percentage Mod: HP is shown in percentages\n|rule|Endless Battle Clause: Forcing endless battles is banned\n|rule|OHKO Clause: OHKO moves are banned\n|rule|Evasion Moves Clause: Evasion moves are banned\n|rule|Evasion Abilities Clause: Evasion abilities are banned\n|rule|Species Clause: Limit one of each Pok\u00e9mon\n|rule|Gravity Sleep Clause: The combination of sleep-inducing moves with imperfect accuracy and Gravity or Gigantamax Orbeetle are banned\n|clearpoke\n|poke|p1|Eevee, F|\n|poke|p1|Maushold|\n|poke|p1|Naganadel|\n|poke|p1|Mr. Mime, F|\n|poke|p1|Tapu Lele|\n|poke|p1|Indeedee-F, F|\n|poke|p2|Glimmora, F|\n|poke|p2|Flutter Mane|\n|poke|p2|Charizard, M|\n|poke|p2|Incineroar, F|\n|poke|p2|Landorus-Therian, M|\n|poke|p2|Amoonguss, F|\n|teampreview\n|inactive|Battle timer is ON: inactive players will automatically lose when time's up. (requested by Immagamer)\n|\n|t:|1696885508\n|start\n|switch|p1a: Eevee|Eevee, F|100\/100\n|switch|p1b: Mr. Mime|Mr. Mime, F|100\/100\n|switch|p2a: Charizard|Charizard, M|100\/100\n|switch|p2b: Glimmora|Glimmora, F|100\/100\n|turn|1\n|\n|t:|1696885524\n|detailschange|p2a: Charizard|Charizard-Mega-Y, M\n|-mega|p2a: Charizard|Charizard|Charizardite Y\n|-weather|SunnyDay|[from] ability: Drought|[of] p2a: Charizard\n|move|p1a: Eevee|Protect|p1a: Eevee\n|-singleturn|p1a: Eevee|Protect\n|move|p1b: Mr. Mime|Protect|p1b: Mr. Mime\n|-singleturn|p1b: Mr. Mime|Protect\n|move|p2a: Charizard|Heat Wave|p1b: Mr. Mime|[spread] \n|-activate|p1a: Eevee|move: Protect\n|-activate|p1b: Mr. Mime|move: Protect\n|move|p2b: Glimmora|Dazzling Gleam|p1a: Eevee|[spread] \n|-activate|p1a: Eevee|move: Protect\n|-activate|p1b: Mr. Mime|move: Protect\n|\n|-weather|SunnyDay|[upkeep]\n|upkeep\n|turn|2\n|\n|t:|1696885547\n|move|p1b: Mr. Mime|Wide Guard|p1b: Mr. Mime\n|-singleturn|p1b: Mr. Mime|Wide Guard\n|move|p2a: Charizard|Heat Wave|p1a: Eevee|[spread] \n|-activate|p1a: Eevee|move: Wide Guard\n|-activate|p1b: Mr. Mime|move: Wide Guard\n|move|p2b: Glimmora|Dazzling Gleam|p1a: Eevee|[spread] \n|-activate|p1a: Eevee|move: Wide Guard\n|-activate|p1b: Mr. Mime|move: Wide Guard\n|-zpower|p1a: Eevee\n|move|p1a: Eevee|Extreme Evoboost|p1a: Eevee\n|-boost|p1a: Eevee|atk|2\n|-boost|p1a: Eevee|def|2\n|-boost|p1a: Eevee|spa|2\n|-boost|p1a: Eevee|spd|2\n|-boost|p1a: Eevee|spe|2\n|\n|-weather|SunnyDay|[upkeep]\n|upkeep\n|turn|3\n|\n|t:|1696885576\n|move|p1b: Mr. Mime|Wide Guard|p1b: Mr. Mime\n|-singleturn|p1b: Mr. Mime|Wide Guard\n|move|p1a: Eevee|Baton Pass|p1a: Eevee\n|\n|t:|1696885578\n|switch|p1a: Naganadel|Naganadel|100\/100|[from] Baton Pass\n|move|p2a: Charizard|Solar Beam||[still]\n|-prepare|p2a: Charizard|Solar Beam\n|-anim|p2a: Charizard|Solar Beam|p1a: Naganadel\n|-resisted|p1a: Naganadel\n|-damage|p1a: Naganadel|91\/100\n|move|p2b: Glimmora|Energy Ball|p1a: Naganadel\n|-resisted|p1a: Naganadel\n|-damage|p1a: Naganadel|85\/100\n|\n|-weather|SunnyDay|[upkeep]\n|upkeep\n|turn|4\n|\n|t:|1696885603\n|switch|p2b: Incineroar|Incineroar, F|100\/100\n|-ability|p2b: Incineroar|Intimidate|boost\n|-unboost|p1a: Naganadel|atk|1\n|-unboost|p1b: Mr. Mime|atk|1\n|-terastallize|p1a: Naganadel|Poison\n|move|p1b: Mr. Mime|Follow Me|p1b: Mr. Mime\n|-singleturn|p1b: Mr. Mime|move: Follow Me\n|move|p1a: Naganadel|Sludge Wave|p2b: Incineroar|[spread] p1b,p2a,p2b\n|-supereffective|p1b: Mr. Mime\n|-enditem|p1b: Mr. Mime|Focus Sash\n|-damage|p1b: Mr. Mime|1\/100\n|-damage|p2a: Charizard|0 fnt\n|-damage|p2b: Incineroar|0 fnt\n|faint|p2a: Charizard\n|faint|p2b: Incineroar\n|-ability|p1a: Naganadel|Beast Boost|boost\n|-boost|p1a: Naganadel|spa|2\n|\n|-weather|SunnyDay|[upkeep]\n|upkeep\n|inactive|bombexplode00 has 120 seconds left.\n|\n|t:|1696885628\n|switch|p2a: Glimmora|Glimmora, F|100\/100\n|switch|p2b: Flutter Mane|Flutter Mane|100\/100\n|-activate|p2b: Flutter Mane|ability: Protosynthesis\n|-start|p2b: Flutter Mane|protosynthesisspe\n|turn|5\n|inactive|bombexplode00 has 120 seconds left.\n|\n|t:|1696885649\n|move|p2a: Glimmora|Spiky Shield|p2a: Glimmora\n|-singleturn|p2a: Glimmora|move: Protect\n|move|p1b: Mr. Mime|Follow Me|p1b: Mr. Mime\n|-singleturn|p1b: Mr. Mime|move: Follow Me\n|move|p1a: Naganadel|Fire Blast|p2b: Flutter Mane\n|-damage|p2b: Flutter Mane|0 fnt\n|faint|p2b: Flutter Mane\n|-end|p2b: Flutter Mane|Protosynthesis|[silent]\n|-ability|p1a: Naganadel|Beast Boost|boost\n|-boost|p1a: Naganadel|spa|1\n|\n|-weather|none\n|upkeep\n|inactive|bombexplode00 has 120 seconds left.\n|-message|bombexplode00 forfeited.\n|\n|win|Immagamer\n|raw|Immagamer's rating: 1321 &rarr; <strong>1336<\/strong><br \/>(+15 for winning)\n|raw|bombexplode00's rating: 1231 &rarr; <strong>1212<\/strong><br \/>(-19 for losing)\n|l|\u2606bombexplode00\n","uploadtime":1696885670,"views":9,"p1id":"immagamer","p2id":"bombexplode00","formatid":"gen9nationaldexdoubles","rating":1212,"private":0,"password":""}