{"id":"gen9nationaldexdoubles-1958139983","p1":"Dooooooooooooood","p2":"Aesthetic Chills","format":"[Gen 9] National Dex Doubles","log":"|j|\u2606Dooooooooooooood\n|j|\u2606Aesthetic Chills\n|t:|1696291669\n|gametype|doubles\n|player|p1|Dooooooooooooood|unknown|\n|player|p2|Aesthetic Chills|marlon|\n|teamsize|p1|6\n|teamsize|p2|6\n|gen|9\n|tier|[Gen 9] National Dex Doubles\n|rule|HP Percentage Mod: HP is shown in percentages\n|rule|Endless Battle Clause: Forcing endless battles is banned\n|rule|OHKO Clause: OHKO moves are banned\n|rule|Evasion Moves Clause: Evasion moves are banned\n|rule|Evasion Abilities Clause: Evasion abilities are banned\n|rule|Species Clause: Limit one of each Pok\u00e9mon\n|rule|Gravity Sleep Clause: The combination of sleep-inducing moves with imperfect accuracy and Gravity or Gigantamax Orbeetle are banned\n|clearpoke\n|poke|p1|Garganacl, M|\n|poke|p1|Hippowdon, F|\n|poke|p1|Gastrodon, F|\n|poke|p1|Dugtrio, M|\n|poke|p1|Slowbro, M|\n|poke|p1|Sableye, M|\n|poke|p2|Dragapult, M|\n|poke|p2|Iron Moth|\n|poke|p2|Hoopa-Unbound|\n|poke|p2|Hydreigon, M|\n|poke|p2|Mimikyu, M|\n|poke|p2|Dugtrio-Alola, F|\n|teampreview\n|j| ULTRA Nights\n|j| Lejix\n|\n|t:|1696291785\n|start\n|switch|p1a: SamSamSam|Dugtrio, M, shiny|100\/100\n|switch|p1b: Gamer|Sableye, M|100\/100\n|switch|p2a: Hydreigon|Hydreigon, M|100\/100\n|switch|p2b: Mimikyu|Mimikyu, M|100\/100\n|turn|1\n|inactive|Battle timer is ON: inactive players will automatically lose when time's up. (requested by Aesthetic Chills)\n|\n|t:|1696291836\n|switch|p1b: Hungry Hippo|Hippowdon, F|100\/100\n|-weather|Sandstorm|[from] ability: Sand Stream|[of] p1b: Hungry Hippo\n|move|p1a: SamSamSam|Stone Edge|p2a: Hydreigon\n|-damage|p2a: Hydreigon|33\/100\n|move|p2a: Hydreigon|Nasty Plot|p2a: Hydreigon\n|-boost|p2a: Hydreigon|spa|2\n|move|p2b: Mimikyu|Play Rough|p1b: Hungry Hippo\n|-damage|p1b: Hungry Hippo|71\/100\n|-damage|p2b: Mimikyu|91\/100|[from] item: Life Orb\n|\n|-weather|Sandstorm|[upkeep]\n|-damage|p2a: Hydreigon|27\/100|[from] Sandstorm\n|-damage|p2b: Mimikyu|85\/100|[from] Sandstorm\n|-heal|p2a: Hydreigon|33\/100|[from] item: Leftovers\n|upkeep\n|turn|2\n|inactive|Dooooooooooooood has 270 seconds left.\n|inactive|Aesthetic Chills has 270 seconds left.\n|\n|t:|1696291884\n|switch|p2a: Dugtrio|Dugtrio-Alola, F|100\/100\n|switch|p1b: Steve|Garganacl, M|100\/100\n|move|p1a: SamSamSam|Stone Edge|p2a: Dugtrio\n|-resisted|p2a: Dugtrio\n|-damage|p2a: Dugtrio|66\/100\n|move|p2b: Mimikyu|Shadow Claw|p1a: SamSamSam\n|-damage|p1a: SamSamSam|2\/100\n|-damage|p2b: Mimikyu|75\/100|[from] item: Life Orb\n|\n|-weather|Sandstorm|[upkeep]\n|-damage|p2b: Mimikyu|69\/100|[from] Sandstorm\n|upkeep\n|turn|3\n|inactive|Aesthetic Chills has 270 seconds left.\n|inactive|Dooooooooooooood has 270 seconds left.\n|\n|t:|1696291929\n|move|p2b: Mimikyu|Shadow Sneak|p1a: SamSamSam\n|-damage|p1a: SamSamSam|0 fnt\n|faint|p1a: SamSamSam\n|-damage|p2b: Mimikyu|59\/100|[from] item: Life Orb\n|move|p2a: Dugtrio|Iron Head|p1b: Steve\n|-supereffective|p1b: Steve\n|-damage|p1b: Steve|34\/100\n|-damage|p2a: Dugtrio|56\/100|[from] item: Life Orb\n|move|p1b: Steve|Iron Defense|p1b: Steve\n|-boost|p1b: Steve|def|2\n|\n|-weather|Sandstorm|[upkeep]\n|-damage|p2b: Mimikyu|53\/100|[from] Sandstorm\n|-heal|p1b: Steve|40\/100|[from] item: Leftovers\n|upkeep\n|inactive|Dooooooooooooood has 240 seconds left.\n|\n|t:|1696291945\n|switch|p1a: Gamer|Sableye, M|100\/100\n|turn|4\n|\n|t:|1696291956\n|move|p1a: Gamer|Fake Out|p2a: Dugtrio\n|-resisted|p2a: Dugtrio\n|-damage|p2a: Dugtrio|47\/100\n|-ability|p2a: Dugtrio|Tangling Hair\n|-unboost|p1a: Gamer|spe|1\n|cant|p2a: Dugtrio|flinch\n|move|p2b: Mimikyu|Play Rough|p1a: Gamer\n|-supereffective|p1a: Gamer\n|-damage|p1a: Gamer|0 fnt\n|faint|p1a: Gamer\n|-damage|p2b: Mimikyu|43\/100|[from] item: Life Orb\n|move|p1b: Steve|Recover|p1b: Steve\n|-heal|p1b: Steve|90\/100\n|\n|-weather|Sandstorm|[upkeep]\n|-damage|p2b: Mimikyu|37\/100|[from] Sandstorm\n|-heal|p1b: Steve|97\/100|[from] item: Leftovers\n|upkeep\n|inactive|Dooooooooooooood has 240 seconds left.\n|\n|t:|1696291981\n|switch|p1a: ChillBro|Slowbro, M|100\/100\n|turn|5\n|\n|t:|1696291999\n|move|p1a: ChillBro|Protect|p1a: ChillBro\n|-singleturn|p1a: ChillBro|Protect\n|move|p2a: Dugtrio|Iron Head|p1b: Steve\n|-supereffective|p1b: Steve\n|-damage|p1b: Steve|67\/100\n|-damage|p2a: Dugtrio|37\/100|[from] item: Life Orb\n|move|p2b: Mimikyu|Swords Dance|p2b: Mimikyu\n|-boost|p2b: Mimikyu|atk|2\n|move|p1b: Steve|Body Press|p2a: Dugtrio\n|-supereffective|p2a: Dugtrio\n|-damage|p2a: Dugtrio|0 fnt\n|-ability|p2a: Dugtrio|Tangling Hair\n|-unboost|p1b: Steve|spe|1\n|faint|p2a: Dugtrio\n|\n|-weather|none\n|-heal|p1b: Steve|73\/100|[from] item: Leftovers\n|upkeep\n|inactive|Aesthetic Chills has 270 seconds left.\n|\n|t:|1696292019\n|switch|p2a: Hydreigon|Hydreigon, M|33\/100\n|turn|6\n|inactive|Dooooooooooooood has 270 seconds left.\n|\n|t:|1696292060\n|switch|p1a: Hungry Hippo|Hippowdon, F|71\/100\n|-weather|Sandstorm|[from] ability: Sand Stream|[of] p1a: Hungry Hippo\n|move|p2a: Hydreigon|Flash Cannon|p1b: Steve\n|-supereffective|p1b: Steve\n|-damage|p1b: Steve|49\/100\n|move|p2b: Mimikyu|Shadow Claw|p1a: Hungry Hippo\n|-damage|p1a: Hungry Hippo|21\/100\n|-enditem|p1a: Hungry Hippo|Sitrus Berry|[eat]\n|-heal|p1a: Hungry Hippo|46\/100|[from] item: Sitrus Berry\n|-damage|p2b: Mimikyu|27\/100|[from] item: Life Orb\n|move|p1b: Steve|Body Press|p2a: Hydreigon\n|-supereffective|p2a: Hydreigon\n|-damage|p2a: Hydreigon|0 fnt\n|faint|p2a: Hydreigon\n|\n|-weather|Sandstorm|[upkeep]\n|-damage|p2b: Mimikyu|21\/100|[from] Sandstorm\n|-heal|p1b: Steve|55\/100|[from] item: Leftovers\n|upkeep\n|inactive|Aesthetic Chills has 270 seconds left.\n|\n|t:|1696292090\n|switch|p2a: Dragapult|Dragapult, M|100\/100\n|turn|7\n|inactive|Dooooooooooooood has 270 seconds left.\n|inactive|Aesthetic Chills has 270 seconds left.\n|inactive|Dooooooooooooood has 240 seconds left.\n|\n|t:|1696292130\n|-zpower|p2a: Dragapult\n|move|p2a: Dragapult|Devastating Drake|p1b: Steve|[zeffect]\n|-damage|p1b: Steve|13\/100\n|move|p2b: Mimikyu|Shadow Claw|p1a: Hungry Hippo\n|-damage|p1a: Hungry Hippo|0 fnt\n|faint|p1a: Hungry Hippo\n|-damage|p2b: Mimikyu|11\/100|[from] item: Life Orb\n|move|p1b: Steve|Salt Cure|p2a: Dragapult\n|-damage|p2a: Dragapult|83\/100\n|-start|p2a: Dragapult|Salt Cure\n|\n|-weather|Sandstorm|[upkeep]\n|-damage|p2a: Dragapult|77\/100|[from] Sandstorm\n|-damage|p2b: Mimikyu|5\/100|[from] Sandstorm\n|-heal|p1b: Steve|19\/100|[from] item: Leftovers\n|-damage|p2a: Dragapult|65\/100|[from] Salt Cure\n|upkeep\n|inactive|Dooooooooooooood has 240 seconds left.\n|\n|t:|1696292151\n|switch|p1a: Goober|Gastrodon, F|100\/100\n|turn|8\n|inactive|Aesthetic Chills has 270 seconds left.\n|inactive|Aesthetic Chills has 240 seconds left.\n|\n|t:|1696292226\n|move|p2a: Dragapult|Draco Meteor|p1b: Steve\n|-damage|p1b: Steve|0 fnt\n|-unboost|p2a: Dragapult|spa|2\n|faint|p1b: Steve\n|move|p2b: Mimikyu|Play Rough|p1a: Goober\n|-damage|p1a: Goober|0 fnt\n|faint|p1a: Goober\n|-damage|p2b: Mimikyu|0 fnt|[from] item: Life Orb\n|faint|p2b: Mimikyu\n|\n|-weather|Sandstorm|[upkeep]\n|-damage|p2a: Dragapult|59\/100|[from] Sandstorm\n|-damage|p2a: Dragapult|47\/100|[from] Salt Cure\n|upkeep\n|inactive|Aesthetic Chills has 240 seconds left.\n|inactive|Dooooooooooooood has 240 seconds left.\n|inactive|Aesthetic Chills has 210 seconds left.\n|inactive|Dooooooooooooood has 210 seconds left.\n|\n|t:|1696292290\n|switch|p2b: Hoopa|Hoopa-Unbound|100\/100\n|switch|p1a: ChillBro|Slowbro, M|100\/100\n|turn|9\n|inactive|Aesthetic Chills has 210 seconds left.\n|inactive|Aesthetic Chills has 180 seconds left.\n|inactive|Dooooooooooooood has 210 seconds left.\n|\n|t:|1696292353\n|move|p2a: Dragapult|U-turn|p1a: ChillBro\n|-supereffective|p1a: ChillBro\n|-damage|p1a: ChillBro|78\/100\n|\n|t:|1696292355\n|switch|p2a: Iron Moth|Iron Moth|100\/100|[from] U-turn\n|-enditem|p2a: Iron Moth|Booster Energy\n|-activate|p2a: Iron Moth|ability: Quark Drive|[fromitem]\n|-start|p2a: Iron Moth|quarkdrivespe\n|move|p2b: Hoopa|Dark Pulse|p1a: ChillBro\n|-supereffective|p1a: ChillBro\n|-damage|p1a: ChillBro|0 fnt\n|faint|p1a: ChillBro\n|\n|win|Aesthetic Chills\n|l| ULTRA Nights\n|l| Lejix\n","uploadtime":1696292388,"views":10,"p1id":"dooooooooooooood","p2id":"aestheticchills","formatid":"gen9nationaldexdoubles","rating":0,"private":0,"password":""}