{"id":"gen9nationaldexdoubles-1964302202","p1":"Real Bani-Banani","p2":"Cambrian James","format":"[Gen 9] National Dex Doubles","log":"|j|\u2606Real Bani-Banani\n|j|\u2606Cambrian James\n|t:|1696958027\n|gametype|doubles\n|player|p1|Real Bani-Banani|rocketgruntf|1075\n|player|p2|Cambrian James|bugcatcher-gen4dp|1066\n|teamsize|p1|6\n|teamsize|p2|6\n|gen|9\n|tier|[Gen 9] National Dex Doubles\n|rated|\n|rule|HP Percentage Mod: HP is shown in percentages\n|rule|Endless Battle Clause: Forcing endless battles is banned\n|rule|OHKO Clause: OHKO moves are banned\n|rule|Evasion Moves Clause: Evasion moves are banned\n|rule|Evasion Abilities Clause: Evasion abilities are banned\n|rule|Species Clause: Limit one of each Pok\u00e9mon\n|rule|Gravity Sleep Clause: The combination of sleep-inducing moves with imperfect accuracy and Gravity or Gigantamax Orbeetle are banned\n|clearpoke\n|poke|p1|Furret, M|\n|poke|p1|Eelektross, M|\n|poke|p1|Sableye, F|\n|poke|p1|Drifblim, M|\n|poke|p1|Vanilluxe, M|\n|poke|p1|Carbink|\n|poke|p2|Iron Jugulis|\n|poke|p2|Victini|\n|poke|p2|Rillaboom, F|\n|poke|p2|Spinda, F|\n|poke|p2|Sirfetch\u2019d, M|\n|poke|p2|Flamigo, F|\n|teampreview\n|\n|t:|1696958037\n|start\n|switch|p1a: Falmer|Sableye, F|100\/100\n|switch|p1b: BananaForScale|Furret, M|100\/100\n|switch|p2a: Spinda|Spinda, F|100\/100\n|switch|p2b: Sirfetch\u2019d|Sirfetch\u2019d, M, shiny|100\/100\n|-item|p2a: Spinda|Focus Sash|[from] ability: Frisk|[of] p1b: BananaForScale|[identify]\n|-item|p2b: Sirfetch\u2019d|Choice Band|[from] ability: Frisk|[of] p1b: BananaForScale|[identify]\n|turn|1\n|\n|t:|1696958062\n|switch|p2a: Iron Jugulis|Iron Jugulis|100\/100\n|-enditem|p2a: Iron Jugulis|Booster Energy\n|-activate|p2a: Iron Jugulis|ability: Quark Drive|[fromitem]\n|-start|p2a: Iron Jugulis|quarkdrivespa\n|switch|p1a: TheRetchingNetch|Drifblim, M|100\/100\n|move|p1b: BananaForScale|Trick|p2a: Iron Jugulis\n|-activate|p1b: BananaForScale|move: Trick|[of] p2a: Iron Jugulis\n|-item|p2a: Iron Jugulis|Choice Scarf|[from] move: Trick\n|-enditem|p1b: BananaForScale|Choice Scarf|[silent]|[from] move: Trick\n|move|p2b: Sirfetch\u2019d|Knock Off|p1a: TheRetchingNetch\n|-supereffective|p1a: TheRetchingNetch\n|-damage|p1a: TheRetchingNetch|0 fnt\n|-damage|p2b: Sirfetch\u2019d|75\/100|[from] ability: Aftermath|[of] p1a: TheRetchingNetch\n|-damage|p2b: Sirfetch\u2019d|59\/100|[from] item: Rocky Helmet|[of] p1a: TheRetchingNetch\n|-enditem|p1a: TheRetchingNetch|Rocky Helmet|[from] move: Knock Off|[of] p2b: Sirfetch\u2019d\n|faint|p1a: TheRetchingNetch\n|\n|upkeep\n|\n|t:|1696958083\n|switch|p1a: Stalhrim|Carbink|100\/100\n|turn|2\n|\n|t:|1696958099\n|switch|p2b: Rillaboom|Rillaboom, F|100\/100\n|-fieldstart|move: Grassy Terrain|[from] ability: Grassy Surge|[of] p2b: Rillaboom\n|-enditem|p2b: Rillaboom|Grassy Seed\n|-boost|p2b: Rillaboom|def|1|[from] item: Grassy Seed\n|move|p1a: Stalhrim|Ally Switch|p1a: Stalhrim\n|swap|p1a: Stalhrim|1|[from] move: Ally Switch\n|move|p2a: Iron Jugulis|Earth Power|p1a: BananaForScale\n|-damage|p1a: BananaForScale|24\/100\n|move|p1a: BananaForScale|Facade|p2b: Rillaboom\n|-damage|p2b: Rillaboom|79\/100\n|\n|-heal|p2b: Rillaboom|85\/100|[from] Grassy Terrain\n|-heal|p1a: BananaForScale|30\/100|[from] Grassy Terrain\n|upkeep\n|turn|3\n|\n|t:|1696958123\n|switch|p1b: FrostAtronach|Vanilluxe, M|100\/100\n|move|p2a: Iron Jugulis|Earth Power|p1a: BananaForScale\n|-damage|p1a: BananaForScale|0 fnt\n|faint|p1a: BananaForScale\n|move|p2b: Rillaboom|Wood Hammer|p1b: FrostAtronach\n|-damage|p1b: FrostAtronach|0 fnt\n|faint|p1b: FrostAtronach\n|-damage|p2b: Rillaboom|54\/100|[from] Recoil\n|\n|-heal|p2b: Rillaboom|60\/100|[from] Grassy Terrain\n|upkeep\n|\n|t:|1696958135\n|switch|p1a: Stalhrim|Carbink|100\/100\n|switch|p1b: Falmer|Sableye, F|100\/100\n|turn|4\n|\n|t:|1696958145\n|move|p1b: Falmer|Skill Swap|p1a: Stalhrim\n|-activate|p1b: Falmer|move: Skill Swap|||[of] p1a: Stalhrim\n|move|p2a: Iron Jugulis|Earth Power|p1a: Stalhrim\n|-supereffective|p1a: Stalhrim\n|-damage|p1a: Stalhrim|31\/100\n|move|p2b: Rillaboom|Knock Off|p1b: Falmer\n|-damage|p1b: Falmer|50\/100\n|-enditem|p1b: Falmer|Eject Button|[from] move: Knock Off|[of] p2b: Rillaboom\n|move|p1a: Stalhrim|Body Press|p2a: Iron Jugulis\n|-damage|p2a: Iron Jugulis|64\/100\n|\n|-heal|p2b: Rillaboom|66\/100|[from] Grassy Terrain\n|-heal|p1b: Falmer|56\/100|[from] Grassy Terrain\n|-heal|p1a: Stalhrim|36\/100|[from] Grassy Terrain\n|upkeep\n|turn|5\n|\n|t:|1696958166\n|move|p1a: Stalhrim|Ally Switch|p1a: Stalhrim\n|swap|p1a: Stalhrim|1|[from] move: Ally Switch\n|move|p2a: Iron Jugulis|Earth Power|p1a: Falmer\n|-damage|p1a: Falmer|0 fnt\n|faint|p1a: Falmer\n|move|p2b: Rillaboom|Wood Hammer|p1b: Stalhrim\n|-supereffective|p1b: Stalhrim\n|-damage|p1b: Stalhrim|0 fnt\n|-damage|p2b: Rillaboom|49\/100|[from] item: Rocky Helmet|[of] p1b: Stalhrim\n|faint|p1b: Stalhrim\n|-damage|p2b: Rillaboom|39\/100|[from] Recoil\n|\n|-heal|p2b: Rillaboom|45\/100|[from] Grassy Terrain\n|upkeep\n|\n|t:|1696958173\n|switch|p1b: Nazeem|Eelektross, M|100\/100\n|turn|6\n|inactive|Battle timer is ON: inactive players will automatically lose when time's up. (requested by Real Bani-Banani)\n|\n|t:|1696958185\n|move|p2a: Iron Jugulis|Earth Power|p1b: Nazeem\n|-immune|p1b: Nazeem|[from] ability: Levitate\n|move|p2b: Rillaboom|Wood Hammer|p1b: Nazeem\n|-damage|p1b: Nazeem|6\/100\n|-damage|p2b: Rillaboom|11\/100|[from] Recoil\n|move|p1b: Nazeem|Drain Punch|p2b: Rillaboom\n|-damage|p2b: Rillaboom|0 fnt\n|-heal|p1b: Nazeem|11\/100|[from] drain|[of] p2b: Rillaboom\n|faint|p2b: Rillaboom\n|\n|-fieldend|move: Grassy Terrain\n|upkeep\n|\n|t:|1696958204\n|switch|p2b: Sirfetch\u2019d|Sirfetch\u2019d, M, shiny|59\/100\n|turn|7\n|\n|t:|1696958214\n|move|p2a: Iron Jugulis|Earth Power|p1b: Nazeem\n|-immune|p1b: Nazeem|[from] ability: Levitate\n|move|p2b: Sirfetch\u2019d|Superpower|p1b: Nazeem\n|-damage|p1b: Nazeem|0 fnt\n|-unboost|p2b: Sirfetch\u2019d|atk|1\n|-unboost|p2b: Sirfetch\u2019d|def|1\n|faint|p1b: Nazeem\n|\n|win|Cambrian James\n|raw|Real Bani-Banani's rating: 1075 &rarr; <strong>1053<\/strong><br \/>(-22 for losing)\n|raw|Cambrian James's rating: 1066 &rarr; <strong>1097<\/strong><br \/>(+31 for winning)\n|c|\u2606Real Bani-Banani|gg wp\n|l|\u2606Real Bani-Banani\n|c|\u2606Cambrian James|gg\n","uploadtime":1696958228,"views":4,"p1id":"realbanibanani","p2id":"cambrianjames","formatid":"gen9nationaldexdoubles","rating":1053,"private":0,"password":""}