{"id":"gen9nationaldexdoubles-2000297066","p1":"The Ice Age Master","p2":"ayanamicat","format":"[Gen 9] National Dex Doubles","log":"|j|\u2606The Ice Age Master\n|j|\u2606ayanamicat\n|t:|1701182481\n|gametype|doubles\n|player|p1|The Ice Age Master|silver|1073\n|player|p2|ayanamicat|rocketgruntf|1000\n|teamsize|p1|6\n|teamsize|p2|6\n|gen|9\n|tier|[Gen 9] National Dex Doubles\n|rated|\n|rule|HP Percentage Mod: HP is shown in percentages\n|rule|Endless Battle Clause: Forcing endless battles is banned\n|rule|OHKO Clause: OHKO moves are banned\n|rule|Evasion Moves Clause: Evasion moves are banned\n|rule|Evasion Abilities Clause: Evasion abilities are banned\n|rule|Species Clause: Limit one of each Pok\u00e9mon\n|rule|Gravity Sleep Clause: The combination of sleep-inducing moves with imperfect accuracy and Gravity or Gigantamax Orbeetle are banned\n|clearpoke\n|poke|p1|Abomasnow, F|\n|poke|p1|Hatterene, F|\n|poke|p1|Alomomola, M|\n|poke|p1|Gliscor, M|\n|poke|p1|Cetitan, M|\n|poke|p1|Heatran, F|\n|poke|p2|Roaring Moon|\n|poke|p2|Chien-Pao|\n|poke|p2|Incineroar, F|\n|poke|p2|Sinistcha|\n|poke|p2|Iron Hands|\n|poke|p2|Flutter Mane|\n|teampreview\n|inactive|Battle timer is ON: inactive players will automatically lose when time's up. (requested by ayanamicat)\n|inactive|The Ice Age Master also wants the timer to be on.\n|\n|t:|1701182504\n|start\n|switch|p1a: Alomomola|Alomomola, M|100\/100\n|switch|p1b: Abomasnow|Abomasnow, F|100\/100\n|switch|p2a: Incineroar|Incineroar, F|100\/100\n|switch|p2b: Iron Hands|Iron Hands|100\/100\n|-weather|Snow|[from] ability: Snow Warning|[of] p1b: Abomasnow\n|-ability|p2a: Incineroar|Intimidate|boost\n|-unboost|p1a: Alomomola|atk|1\n|-unboost|p1b: Abomasnow|atk|1\n|turn|1\n|\n|t:|1701182525\n|switch|p1b: Heatran|Heatran, F|100\/100\n|move|p2a: Incineroar|Fake Out|p1b: Heatran\n|-resisted|p1b: Heatran\n|-damage|p1b: Heatran|96\/100\n|move|p1a: Alomomola|Wish|p1a: Alomomola\n|move|p2b: Iron Hands|Drain Punch|p1a: Alomomola\n|-damage|p1a: Alomomola|74\/100\n|\n|-weather|Snow|[upkeep]\n|-heal|p1b: Heatran|100\/100|[from] item: Leftovers\n|upkeep\n|turn|2\n|\n|t:|1701182546\n|move|p1b: Heatran|Stealth Rock|p2a: Incineroar\n|-sidestart|p2: ayanamicat|move: Stealth Rock\n|move|p2a: Incineroar|Parting Shot|p1b: Heatran\n|-unboost|p1b: Heatran|atk|1\n|-unboost|p1b: Heatran|spa|1\n|\n|t:|1701182558\n|switch|p2a: Chien-Pao|Chien-Pao|100\/100|[from] Parting Shot\n|-damage|p2a: Chien-Pao|76\/100|[from] Stealth Rock\n|-ability|p2a: Chien-Pao|Sword of Ruin\n|move|p1a: Alomomola|Toxic|p2b: Iron Hands\n|-status|p2b: Iron Hands|tox\n|move|p2b: Iron Hands|Drain Punch|p1b: Heatran\n|-supereffective|p1b: Heatran\n|-damage|p1b: Heatran|0 fnt\n|faint|p1b: Heatran\n|\n|-weather|Snow|[upkeep]\n|-heal|p1a: Alomomola|100\/100|[from] move: Wish|[wisher] Alomomola\n|-damage|p2b: Iron Hands|94\/100 tox|[from] psn\n|upkeep\n|\n|t:|1701182567\n|switch|p1b: Cetitan|Cetitan, M|100\/100\n|turn|3\n|\n|t:|1701182575\n|move|p2a: Chien-Pao|Protect|p2a: Chien-Pao\n|-singleturn|p2a: Chien-Pao|Protect\n|move|p1b: Cetitan|Belly Drum|p1b: Cetitan\n|-damage|p1b: Cetitan|51\/100\n|-setboost|p1b: Cetitan|atk|6|[from] move: Belly Drum\n|move|p1a: Alomomola|Wish|p1a: Alomomola\n|move|p2b: Iron Hands|Drain Punch|p1b: Cetitan\n|-supereffective|p1b: Cetitan\n|-damage|p1b: Cetitan|0 fnt\n|-heal|p2b: Iron Hands|100\/100 tox|[from] drain|[of] p1b: Cetitan\n|faint|p1b: Cetitan\n|\n|-weather|Snow|[upkeep]\n|-damage|p2b: Iron Hands|88\/100 tox|[from] psn\n|upkeep\n|\n|t:|1701182586\n|switch|p1b: Hatterene|Hatterene, F|100\/100\n|turn|4\n|\n|t:|1701182605\n|move|p1a: Alomomola|Protect|p1a: Alomomola\n|-singleturn|p1a: Alomomola|Protect\n|move|p2a: Chien-Pao|Icicle Crash|p1b: Hatterene\n|-damage|p1b: Hatterene|38\/100\n|move|p2b: Iron Hands|Wild Charge|p1a: Alomomola\n|-activate|p1a: Alomomola|move: Protect\n|move|p1b: Hatterene|Draining Kiss|p2a: Chien-Pao\n|-supereffective|p2a: Chien-Pao\n|-damage|p2a: Chien-Pao|0 fnt\n|-heal|p1b: Hatterene|92\/100|[from] drain|[of] p2a: Chien-Pao\n|faint|p2a: Chien-Pao\n|\n|-weather|Snow|[upkeep]\n|-heal|p1b: Hatterene|98\/100|[from] item: Leftovers\n|-damage|p2b: Iron Hands|70\/100 tox|[from] psn\n|upkeep\n|\n|t:|1701182616\n|switch|p2a: Incineroar|Incineroar, F|100\/100\n|-damage|p2a: Incineroar|76\/100|[from] Stealth Rock\n|-ability|p2a: Incineroar|Intimidate|boost\n|-unboost|p1a: Alomomola|atk|1\n|-unboost|p1b: Hatterene|atk|1\n|turn|5\n|\n|t:|1701182624\n|move|p2a: Incineroar|Fake Out|p1b: Hatterene\n|-damage|p1b: Hatterene|86\/100\n|move|p1a: Alomomola|Flip Turn|p2a: Incineroar\n|-supereffective|p2a: Incineroar\n|-damage|p2a: Incineroar|63\/100\n|\n|t:|1701182632\n|switch|p1a: Gliscor|Gliscor, M|100\/100|[from] Flip Turn\n|move|p2b: Iron Hands|Drain Punch|p1a: Gliscor\n|-resisted|p1a: Gliscor\n|-damage|p1a: Gliscor|82\/100\n|-heal|p2b: Iron Hands|76\/100 tox|[from] drain|[of] p1a: Gliscor\n|cant|p1b: Hatterene|flinch\n|\n|-weather|Snow|[upkeep]\n|-heal|p1b: Hatterene|92\/100|[from] item: Leftovers\n|-damage|p2b: Iron Hands|52\/100 tox|[from] psn\n|-status|p1a: Gliscor|tox|[from] item: Toxic Orb\n|upkeep\n|turn|6\n|\n|t:|1701182649\n|-end|p2b: Iron Hands|Quark Drive|[silent]\n|switch|p2b: Roaring Moon|Roaring Moon|100\/100\n|-damage|p2b: Roaring Moon|88\/100|[from] Stealth Rock\n|-enditem|p2b: Roaring Moon|Booster Energy\n|-activate|p2b: Roaring Moon|ability: Protosynthesis|[fromitem]\n|-start|p2b: Roaring Moon|protosynthesisatk\n|move|p1a: Gliscor|Earthquake|p2b: Roaring Moon|[spread] p1b,p2a,p2b\n|-supereffective|p2a: Incineroar\n|-damage|p1b: Hatterene|65\/100\n|-damage|p2a: Incineroar|26\/100\n|-damage|p2b: Roaring Moon|55\/100\n|move|p2a: Incineroar|Parting Shot|p1b: Hatterene\n|move|p1b: Hatterene|Parting Shot|p2a: Incineroar|[from]ability: Magic Bounce\n|-unboost|p2a: Incineroar|atk|1\n|-unboost|p2a: Incineroar|spa|1\n|inactive|The Ice Age Master has 120 seconds left.\n|\n|t:|1701182682\n|switch|p1b: Alomomola|Alomomola, M|100\/100|[from] Parting Shot\n|\n|-weather|Snow|[upkeep]\n|-heal|p1a: Gliscor|95\/100 tox|[from] ability: Poison Heal\n|upkeep\n|turn|7\n|\n|t:|1701182699\n|move|p2b: Roaring Moon|Knock Off|p1a: Gliscor\n|-damage|p1a: Gliscor|43\/100 tox\n|-enditem|p1a: Gliscor|Toxic Orb|[from] move: Knock Off|[of] p2b: Roaring Moon\n|move|p1a: Gliscor|U-turn|p2b: Roaring Moon\n|-supereffective|p2b: Roaring Moon\n|-damage|p2b: Roaring Moon|11\/100\n|\n|t:|1701182707\n|switch|p1a: Hatterene|Hatterene, F|65\/100|[from] U-turn\n|move|p2a: Incineroar|Parting Shot|p1a: Hatterene\n|move|p1a: Hatterene|Parting Shot|p2a: Incineroar|[from]ability: Magic Bounce\n|-unboost|p2a: Incineroar|atk|1\n|-unboost|p2a: Incineroar|spa|1\n|\n|t:|1701182717\n|switch|p1a: Gliscor|Gliscor, M|43\/100 tox|[from] Parting Shot\n|move|p1b: Alomomola|Wish|p1b: Alomomola\n|\n|-weather|Snow|[upkeep]\n|-heal|p1a: Gliscor|55\/100 tox|[from] ability: Poison Heal\n|upkeep\n|turn|8\n|\n|t:|1701182739\n|switch|p2a: Sinistcha|Sinistcha|100\/100\n|-damage|p2a: Sinistcha|88\/100|[from] Stealth Rock\n|-heal|p2b: Roaring Moon|36\/100|[from] ability: Hospitality|[of] p2a: Sinistcha\n|move|p2b: Roaring Moon|Protect|p2b: Roaring Moon\n|-singleturn|p2b: Roaring Moon|Protect\n|move|p1a: Gliscor|U-turn|p2b: Roaring Moon\n|-activate|p2b: Roaring Moon|move: Protect\n|move|p1b: Alomomola|Flip Turn|p2a: Sinistcha\n|-resisted|p2a: Sinistcha\n|-damage|p2a: Sinistcha|82\/100\n|\n|t:|1701182746\n|switch|p1b: Hatterene|Hatterene, F|65\/100|[from] Flip Turn\n|\n|-weather|none\n|-heal|p1b: Hatterene|100\/100|[from] move: Wish|[wisher] Alomomola\n|-heal|p2a: Sinistcha|88\/100|[from] item: Leftovers\n|-heal|p1a: Gliscor|68\/100 tox|[from] ability: Poison Heal\n|upkeep\n|turn|9\n|\n|t:|1701182764\n|-terastallize|p2b: Roaring Moon|Poison\n|-terastallize|p1a: Gliscor|Fairy\n|move|p2a: Sinistcha|Rage Powder|p2a: Sinistcha\n|-singleturn|p2a: Sinistcha|move: Rage Powder\n|move|p2b: Roaring Moon|Knock Off|p1b: Hatterene\n|-damage|p1b: Hatterene|18\/100\n|-enditem|p1b: Hatterene|Leftovers|[from] move: Knock Off|[of] p2b: Roaring Moon\n|move|p1a: Gliscor|U-turn|p2a: Sinistcha\n|-crit|p2a: Sinistcha\n|-damage|p2a: Sinistcha|70\/100\n|\n|t:|1701182781\n|switch|p1a: Abomasnow|Abomasnow, F|100\/100|[from] U-turn\n|-weather|Snow|[from] ability: Snow Warning|[of] p1a: Abomasnow\n|move|p1b: Hatterene|Mystical Fire|p2a: Sinistcha\n|-supereffective|p2a: Sinistcha\n|-damage|p2a: Sinistcha|0 fnt\n|faint|p2a: Sinistcha\n|\n|-weather|Snow|[upkeep]\n|upkeep\n|\n|t:|1701182792\n|switch|p2a: Iron Hands|Iron Hands|52\/100 tox\n|-damage|p2a: Iron Hands|46\/100 tox|[from] Stealth Rock\n|turn|10\n|\n|t:|1701182803\n|move|p2a: Iron Hands|Fake Out|p1b: Hatterene\n|-damage|p1b: Hatterene|0 fnt\n|faint|p1b: Hatterene\n|move|p2b: Roaring Moon|Acrobatics|p1a: Abomasnow\n|-supereffective|p1a: Abomasnow\n|-damage|p1a: Abomasnow|13\/100\n|move|p1a: Abomasnow|Earth Power|p2b: Roaring Moon\n|-supereffective|p2b: Roaring Moon\n|-damage|p2b: Roaring Moon|0 fnt\n|faint|p2b: Roaring Moon\n|-end|p2b: Roaring Moon|Protosynthesis|[silent]\n|\n|-weather|Snow|[upkeep]\n|-damage|p2a: Iron Hands|40\/100 tox|[from] psn\n|upkeep\n|\n|t:|1701182813\n|switch|p2b: Incineroar|Incineroar, F|26\/100\n|switch|p1b: Gliscor|Gliscor, M, tera:Fairy|68\/100 tox\n|-damage|p2b: Incineroar|2\/100|[from] Stealth Rock\n|-ability|p2b: Incineroar|Intimidate|boost\n|-unboost|p1a: Abomasnow|atk|1\n|-unboost|p1b: Gliscor|atk|1\n|-enditem|p2b: Incineroar|Iapapa Berry|[eat]\n|-heal|p2b: Incineroar|35\/100|[from] item: Iapapa Berry\n|turn|11\n|\n|t:|1701182840\n|move|p2b: Incineroar|Fake Out|p1b: Gliscor\n|-damage|p1b: Gliscor|59\/100 tox\n|move|p1a: Abomasnow|Earth Power|p2b: Incineroar\n|-supereffective|p2b: Incineroar\n|-damage|p2b: Incineroar|0 fnt\n|faint|p2b: Incineroar\n|cant|p1b: Gliscor|flinch\n|move|p2a: Iron Hands|Drain Punch|p1a: Abomasnow\n|-supereffective|p1a: Abomasnow\n|-damage|p1a: Abomasnow|0 fnt\n|-heal|p2a: Iron Hands|44\/100 tox|[from] drain|[of] p1a: Abomasnow\n|faint|p1a: Abomasnow\n|\n|-weather|Snow|[upkeep]\n|-heal|p1b: Gliscor|72\/100 tox|[from] ability: Poison Heal\n|-damage|p2a: Iron Hands|32\/100 tox|[from] psn\n|upkeep\n|\n|t:|1701182850\n|switch|p1a: Alomomola|Alomomola, M|100\/100\n|switch|p2b: Flutter Mane|Flutter Mane|100\/100\n|-damage|p2b: Flutter Mane|88\/100|[from] Stealth Rock\n|turn|12\n|\n|t:|1701182871\n|move|p1b: Gliscor|Protect|p1b: Gliscor\n|-singleturn|p1b: Gliscor|Protect\n|move|p1a: Alomomola|Protect|p1a: Alomomola\n|-singleturn|p1a: Alomomola|Protect\n|-zpower|p2b: Flutter Mane\n|move|p2b: Flutter Mane|Never-Ending Nightmare|p1a: Alomomola|[zeffect]\n|-zbroken|p1a: Alomomola\n|-damage|p1a: Alomomola|82\/100\n|move|p2a: Iron Hands|Heavy Slam|p1b: Gliscor\n|-activate|p1b: Gliscor|move: Protect\n|\n|-weather|Snow|[upkeep]\n|-heal|p1b: Gliscor|84\/100 tox|[from] ability: Poison Heal\n|-damage|p2a: Iron Hands|14\/100 tox|[from] psn\n|upkeep\n|turn|13\n|\n|t:|1701182891\n|move|p2b: Flutter Mane|Dazzling Gleam|p1a: Alomomola|[spread] p1a,p1b\n|-damage|p1a: Alomomola|54\/100\n|-damage|p1b: Gliscor|59\/100 tox\n|move|p1b: Gliscor|Earthquake|p2b: Flutter Mane|[spread] p1a,p2a,p2b\n|-supereffective|p2a: Iron Hands\n|-damage|p1a: Alomomola|45\/100\n|-damage|p2a: Iron Hands|0 fnt\n|-damage|p2b: Flutter Mane|52\/100\n|faint|p2a: Iron Hands\n|-end|p2a: Iron Hands|Quark Drive|[silent]\n|move|p1a: Alomomola|Wish|p1a: Alomomola\n|\n|-weather|Snow|[upkeep]\n|-heal|p1b: Gliscor|72\/100 tox|[from] ability: Poison Heal\n|upkeep\n|turn|14\n|\n|t:|1701182902\n|move|p2b: Flutter Mane|Thunderbolt|p1a: Alomomola\n|-supereffective|p1a: Alomomola\n|-damage|p1a: Alomomola|0 fnt\n|faint|p1a: Alomomola\n|move|p1b: Gliscor|U-turn|p2b: Flutter Mane\n|-resisted|p2b: Flutter Mane\n|-damage|p2b: Flutter Mane|47\/100\n|\n|-weather|Snow|[upkeep]\n|-heal|p1b: Gliscor|84\/100 tox|[from] ability: Poison Heal\n|upkeep\n|turn|15\n|\n|t:|1701182920\n|move|p2b: Flutter Mane|Shadow Ball|p1b: Gliscor\n|-damage|p1b: Gliscor|49\/100 tox\n|-unboost|p1b: Gliscor|spd|1\n|move|p1b: Gliscor|Earthquake|p2b: Flutter Mane\n|-damage|p2b: Flutter Mane|0 fnt\n|faint|p2b: Flutter Mane\n|-end|p2b: Flutter Mane|Protosynthesis|[silent]\n|\n|win|The Ice Age Master\n|raw|The Ice Age Master's rating: 1073 &rarr; <strong>1096<\/strong><br \/>(+23 for winning)\n|raw|ayanamicat's rating: 1000 &rarr; <strong>1000<\/strong><br \/>(+0 for losing)\n|l|ayanamicat\n","uploadtime":1701182929,"views":3,"p1id":"theiceagemaster","p2id":"ayanamicat","formatid":"gen9nationaldexdoubles","rating":1000,"private":0,"password":""}