{"id":"gen9nationaldexdoubles-1969109301","p1":"mixco","p2":"OnlyPyper","format":"[Gen 9] National Dex Doubles","log":"|j|\u2606mixco\n|j|\u2606OnlyPyper\n|t:|1697490803\n|gametype|doubles\n|player|p1|mixco|penny|\n|player|p2|OnlyPyper|candice|\n|teamsize|p1|6\n|teamsize|p2|6\n|gen|9\n|tier|[Gen 9] National Dex Doubles\n|rule|HP Percentage Mod: HP is shown in percentages\n|rule|Endless Battle Clause: Forcing endless battles is banned\n|rule|OHKO Clause: OHKO moves are banned\n|rule|Evasion Moves Clause: Evasion moves are banned\n|rule|Evasion Abilities Clause: Evasion abilities are banned\n|rule|Species Clause: Limit one of each Pok\u00e9mon\n|rule|Gravity Sleep Clause: The combination of sleep-inducing moves with imperfect accuracy and Gravity or Gigantamax Orbeetle are banned\n|clearpoke\n|poke|p1|Venusaur, F|\n|poke|p1|Butterfree, F|\n|poke|p1|Raticate, M|\n|poke|p1|Arcanine, M|\n|poke|p1|Jolteon, M|\n|poke|p1|Lapras, F|\n|poke|p2|Roserade, F|\n|poke|p2|Vespiquen, F|\n|poke|p2|Mismagius, F|\n|poke|p2|Milotic, F|\n|poke|p2|Rhyperior, F|\n|poke|p2|Meloetta|\n|teampreview\n|c|\u2606OnlyPyper|Suerte uwu\n|\n|t:|1697490878\n|start\n|switch|p1a: Sparky|Jolteon, M|100\/100\n|switch|p1b: Silky|Butterfree, F|100\/100\n|switch|p2a: Meloetta|Meloetta|100\/100\n|switch|p2b: Hex|Mismagius, F|100\/100\n|turn|1\n|c|\u2606mixco|Con nuestro firme e impasible corazooon\n|l|\u2606mixco\n|player|p1|\n|c|\u2606OnlyPyper|Ekisde\n|j|\u2606mixco\n|player|p1|mixco|penny\n|\n|t:|1697490956\n|switch|p2a: Kiret|Rhyperior, F, shiny|100\/100\n|move|p1a: Sparky|Shadow Ball|p2b: Hex\n|-supereffective|p2b: Hex\n|-damage|p2b: Hex|7\/100\n|-unboost|p2b: Hex|spd|1\n|move|p2b: Hex|Icy Wind|p1a: Sparky|[spread] p1a,p1b\n|-supereffective|p1b: Silky\n|-damage|p1a: Sparky|85\/100\n|-damage|p1b: Silky|67\/100\n|-unboost|p1a: Sparky|spe|1\n|-unboost|p1b: Silky|spe|1\n|move|p1b: Silky|Sleep Powder|p2a: Kiret\n|-status|p2a: Kiret|slp|[from] move: Sleep Powder\n|\n|upkeep\n|turn|2\n|\n|t:|1697490989\n|switch|p1a: Fri fayer|Raticate, M|100\/100\n|switch|p2a: Meloetta|Meloetta|100\/100\n|move|p2b: Hex|Destiny Bond|p2b: Hex\n|-singlemove|p2b: Hex|Destiny Bond\n|move|p1b: Silky|Tailwind|p1b: Silky\n|-sidestart|p1: mixco|move: Tailwind\n|\n|-status|p1a: Fri fayer|brn|[from] item: Flame Orb\n|upkeep\n|turn|3\n|\n|t:|1697491016\n|switch|p1b: Melody|Lapras, F|100\/100\n|switch|p2a: Kiret|Rhyperior, F, shiny|100\/100 slp\n|move|p1a: Fri fayer|Facade|p2a: Kiret\n|-resisted|p2a: Kiret\n|-damage|p2a: Kiret|71\/100 slp\n|move|p2b: Hex|Icy Wind|p1b: Melody|[spread] p1a,p1b\n|-resisted|p1b: Melody\n|-damage|p1a: Fri fayer|77\/100 brn\n|-damage|p1b: Melody|99\/100\n|-unboost|p1a: Fri fayer|spe|1\n|-unboost|p1b: Melody|spe|1\n|\n|-damage|p1a: Fri fayer|71\/100 brn|[from] brn\n|upkeep\n|turn|4\n|\n|t:|1697491049\n|move|p1a: Fri fayer|Crunch|p2b: Hex\n|-supereffective|p2b: Hex\n|-enditem|p2b: Hex|Colbur Berry|[eat]\n|-enditem|p2b: Hex|Colbur Berry|[weaken]\n|-damage|p2b: Hex|0 fnt\n|faint|p2b: Hex\n|move|p1b: Melody|Freeze-Dry|p2a: Kiret\n|-supereffective|p2a: Kiret\n|-damage|p2a: Kiret|25\/100 slp\n|-enditem|p2a: Kiret|Weakness Policy\n|-boost|p2a: Kiret|atk|2|[from] item: Weakness Policy\n|-boost|p2a: Kiret|spa|2|[from] item: Weakness Policy\n|cant|p2a: Kiret|slp\n|\n|-damage|p1a: Fri fayer|65\/100 brn|[from] brn\n|upkeep\n|\n|t:|1697491067\n|switch|p2b: Honey|Vespiquen, F|100\/100\n|-ability|p2b: Honey|Unnerve\n|turn|5\n|\n|t:|1697491084\n|switch|p1a: Sparky|Jolteon, M|85\/100\n|cant|p2a: Kiret|slp\n|move|p1b: Melody|Freeze-Dry|p2a: Kiret\n|-supereffective|p2a: Kiret\n|-damage|p2a: Kiret|0 fnt\n|faint|p2a: Kiret\n|move|p2b: Honey|Tailwind|p2b: Honey\n|-sidestart|p2: OnlyPyper|move: Tailwind\n|\n|-sideend|p1: mixco|move: Tailwind\n|upkeep\n|\n|t:|1697491103\n|switch|p2a: Rosita|Roserade, F|100\/100\n|turn|6\n|\n|t:|1697491115\n|switch|p1a: Hana|Venusaur, F|100\/100\n|switch|p2b: Meloetta|Meloetta|100\/100\n|move|p1b: Melody|Protect|p1b: Melody\n|-singleturn|p1b: Melody|Protect\n|move|p2a: Rosita|Hidden Power|p1a: Hana\n|-damage|p1a: Hana|55\/100\n|\n|upkeep\n|turn|7\n|\n|t:|1697491139\n|switch|p2a: Honey|Vespiquen, F|100\/100\n|-ability|p2a: Honey|Unnerve\n|switch|p1b: Silky|Butterfree, F|67\/100\n|detailschange|p1a: Hana|Venusaur-Mega, F\n|-mega|p1a: Hana|Venusaur|Venusaurite\n|-zpower|p2b: Meloetta\n|move|p2b: Meloetta|Z-Celebrate|p2b: Meloetta|[anim]Celebrate\n|-boost|p2b: Meloetta|atk|1|[zeffect]\n|-boost|p2b: Meloetta|def|1|[zeffect]\n|-boost|p2b: Meloetta|spa|1|[zeffect]\n|-boost|p2b: Meloetta|spd|1|[zeffect]\n|-boost|p2b: Meloetta|spe|1|[zeffect]\n|-activate|p2b: Meloetta|move: Celebrate\n|move|p1a: Hana|Synthesis|p1a: Hana\n|-heal|p1a: Hana|100\/100\n|\n|upkeep\n|turn|8\n|\n|t:|1697491163\n|switch|p1a: Melody|Lapras, F|99\/100\n|move|p2a: Honey|Helping Hand|p2b: Meloetta\n|-singleturn|p2b: Meloetta|Helping Hand|[of] p2a: Honey\n|move|p2b: Meloetta|Psyshock|p1a: Melody\n|-damage|p1a: Melody|18\/100\n|move|p1b: Silky|Tailwind|p1b: Silky\n|-sidestart|p1: mixco|move: Tailwind\n|\n|-sideend|p2: OnlyPyper|move: Tailwind\n|upkeep\n|turn|9\n|\n|t:|1697491184\n|move|p1b: Silky|Pollen Puff|p2b: Meloetta\n|-supereffective|p2b: Meloetta\n|-damage|p2b: Meloetta|71\/100\n|move|p2b: Meloetta|Hyper Voice|p1a: Melody|[spread] p1a,p1b\n|-damage|p1a: Melody|0 fnt\n|-damage|p1b: Silky|0 fnt\n|faint|p1a: Melody\n|faint|p1b: Silky\n|move|p2a: Honey|Tailwind|p2a: Honey\n|-sidestart|p2: OnlyPyper|move: Tailwind\n|\n|upkeep\n|\n|t:|1697491207\n|switch|p1b: Sparky|Jolteon, M|85\/100\n|switch|p1a: Fri fayer|Raticate, M|65\/100 brn\n|turn|10\n|\n|t:|1697491239\n|move|p2a: Honey|Helping Hand|p2b: Meloetta\n|-singleturn|p2b: Meloetta|Helping Hand|[of] p2a: Honey\n|move|p2b: Meloetta|Hyper Voice|p1b: Sparky|[spread] p1a,p1b\n|-damage|p1a: Fri fayer|0 fnt\n|-damage|p1b: Sparky|0 fnt\n|faint|p1a: Fri fayer\n|faint|p1b: Sparky\n|\n|upkeep\n|c|\u2606mixco|Lol\n|c|\u2606mixco|Claro\n|c|\u2606mixco|El +1\n|c|\u2606mixco|Soy pendeja\n|c|\u2606OnlyPyper|*Pat pat *\n|c|\u2606mixco|gg\n|-message|mixco forfeited.\n|\n|win|OnlyPyper\n|c|\u2606OnlyPyper|Gg\n","uploadtime":1697491281,"views":10,"p1id":"mixco","p2id":"onlypyper","formatid":"gen9nationaldexdoubles","rating":0,"private":0,"password":""}