{"id":"gen9nationaldexdoubles-1964006566","p1":"Hgi jf","p2":"Kalwyn","format":"[Gen 9] National Dex Doubles","log":"|j|\u2606Hgi jf\n|j|\u2606Kalwyn\n|t:|1696929268\n|gametype|doubles\n|player|p1|Hgi jf|lucas|1000\n|player|p2|Kalwyn|proton|1103\n|teamsize|p1|6\n|teamsize|p2|6\n|gen|9\n|tier|[Gen 9] National Dex Doubles\n|rated|\n|rule|HP Percentage Mod: HP is shown in percentages\n|rule|Endless Battle Clause: Forcing endless battles is banned\n|rule|OHKO Clause: OHKO moves are banned\n|rule|Evasion Moves Clause: Evasion moves are banned\n|rule|Evasion Abilities Clause: Evasion abilities are banned\n|rule|Species Clause: Limit one of each Pok\u00e9mon\n|rule|Gravity Sleep Clause: The combination of sleep-inducing moves with imperfect accuracy and Gravity or Gigantamax Orbeetle are banned\n|clearpoke\n|poke|p1|Indeedee, M|\n|poke|p1|Deoxys-Attack|\n|poke|p1|Typhlosion, F|\n|poke|p1|Kartana|\n|poke|p1|Murkrow, M|\n|poke|p1|Shuckle, M|\n|poke|p2|Urshifu-*, M|\n|poke|p2|Tauros-Paldea-Aqua, M|\n|poke|p2|Basculegion, M|\n|poke|p2|Palafin, F|\n|poke|p2|Iron Bundle|\n|poke|p2|Ogerpon-Wellspring, F|\n|teampreview\n|inactive|Battle timer is ON: inactive players will automatically lose when time's up. (requested by Kalwyn)\n|\n|t:|1696929286\n|start\n|switch|p1a: Murkrow|Murkrow, M|100\/100\n|switch|p1b: Shuckle|Shuckle, M|100\/100\n|switch|p2a: Urshifu|Urshifu-Rapid-Strike, M|100\/100\n|switch|p2b: Tauros|Tauros-Paldea-Aqua, M|100\/100\n|turn|1\n|\n|t:|1696929296\n|move|p2b: Tauros|Endure|p2b: Tauros\n|-singleturn|p2b: Tauros|move: Endure\n|move|p1a: Murkrow|Perish Song|p1a: Murkrow\n|-start|p1a: Murkrow|perish3|[silent]\n|-start|p1b: Shuckle|perish3|[silent]\n|-start|p2a: Urshifu|perish3|[silent]\n|-start|p2b: Tauros|perish3|[silent]\n|-fieldactivate|move: Perish Song\n|move|p2a: Urshifu|Surging Strikes|p2b: Tauros\n|-resisted|p2b: Tauros\n|-crit|p2b: Tauros\n|-damage|p2b: Tauros|90\/100\n|-setboost|p2b: Tauros|atk|6|[from] ability: Anger Point\n|-resisted|p2b: Tauros\n|-crit|p2b: Tauros\n|-damage|p2b: Tauros|79\/100\n|-resisted|p2b: Tauros\n|-crit|p2b: Tauros\n|-damage|p2b: Tauros|68\/100\n|-hitcount|p2b: Tauros|3\n|move|p1b: Shuckle|Sticky Web|p2a: Urshifu\n|-sidestart|p2: Kalwyn|move: Sticky Web\n|\n|-heal|p2b: Tauros|74\/100|[from] item: Leftovers\n|-start|p2a: Urshifu|perish3\n|-start|p2b: Tauros|perish3\n|-start|p1a: Murkrow|perish3\n|-start|p1b: Shuckle|perish3\n|upkeep\n|turn|2\n|\n|t:|1696929324\n|move|p1a: Murkrow|Haze|p1a: Murkrow\n|-clearallboost\n|move|p2a: Urshifu|Surging Strikes|p1b: Shuckle\n|-supereffective|p1b: Shuckle\n|-crit|p1b: Shuckle\n|-damage|p1b: Shuckle|78\/100\n|-supereffective|p1b: Shuckle\n|-crit|p1b: Shuckle\n|-damage|p1b: Shuckle|54\/100\n|-supereffective|p1b: Shuckle\n|-crit|p1b: Shuckle\n|-damage|p1b: Shuckle|27\/100\n|-hitcount|p1b: Shuckle|3\n|move|p2b: Tauros|Liquidation|p1a: Murkrow\n|-damage|p1a: Murkrow|48\/100\n|move|p1b: Shuckle|Stealth Rock|p2a: Urshifu\n|-sidestart|p2: Kalwyn|move: Stealth Rock\n|\n|-heal|p2b: Tauros|80\/100|[from] item: Leftovers\n|-start|p2a: Urshifu|perish2\n|-start|p2b: Tauros|perish2\n|-start|p1a: Murkrow|perish2\n|-start|p1b: Shuckle|perish2\n|upkeep\n|turn|3\n|\n|t:|1696929349\n|move|p1a: Murkrow|Tailwind|p1a: Murkrow\n|-sidestart|p1: Hgi jf|move: Tailwind\n|move|p2a: Urshifu|Surging Strikes|p1a: Murkrow\n|-crit|p1a: Murkrow\n|-damage|p1a: Murkrow|21\/100\n|-crit|p1a: Murkrow\n|-damage|p1a: Murkrow|0 fnt\n|faint|p1a: Murkrow\n|-hitcount|p1: Murkrow|2\n|move|p2b: Tauros|Liquidation|p1b: Shuckle\n|-supereffective|p1b: Shuckle\n|-crit|p1b: Shuckle\n|-damage|p1b: Shuckle|0 fnt\n|faint|p1b: Shuckle\n|\n|-heal|p2b: Tauros|86\/100|[from] item: Leftovers\n|-start|p2a: Urshifu|perish1\n|-start|p2b: Tauros|perish1\n|upkeep\n|inactive|Hgi jf has 120 seconds left.\n|\n|t:|1696929380\n|switch|p1a: Indeedee|Indeedee, M|100\/100\n|switch|p1b: Kartana|Kartana|100\/100\n|-fieldstart|move: Psychic Terrain|[from] ability: Psychic Surge|[of] p1a: Indeedee\n|turn|4\n|\n|t:|1696929390\n|switch|p2a: Ogerpon|Ogerpon-Wellspring, F|100\/100\n|-activate|p2a: Ogerpon|move: Sticky Web\n|-unboost|p2a: Ogerpon|spe|1\n|-damage|p2a: Ogerpon|88\/100|[from] Stealth Rock\n|switch|p2b: Palafin|Palafin, F|100\/100\n|-activate|p2b: Palafin|move: Sticky Web\n|-unboost|p2b: Palafin|spe|1\n|-damage|p2b: Palafin|88\/100|[from] Stealth Rock\n|-terastallize|p1a: Indeedee|Psychic\n|move|p1b: Kartana|Leaf Blade|p2b: Palafin\n|-supereffective|p2b: Palafin\n|-damage|p2b: Palafin|0 fnt\n|faint|p2b: Palafin\n|-ability|p1b: Kartana|Beast Boost|boost\n|-boost|p1b: Kartana|atk|1\n|move|p1a: Indeedee|Expanding Force|p2a: Ogerpon\n|-damage|p2a: Ogerpon|0 fnt\n|faint|p2a: Ogerpon\n|\n|upkeep\n|\n|t:|1696929410\n|switch|p2a: Tauros|Tauros-Paldea-Aqua, M|86\/100\n|switch|p2b: Urshifu|Urshifu-Rapid-Strike, M|100\/100\n|-activate|p2b: Urshifu|move: Sticky Web\n|-unboost|p2b: Urshifu|spe|1\n|-damage|p2b: Urshifu|94\/100|[from] Stealth Rock\n|-activate|p2a: Tauros|move: Sticky Web\n|-unboost|p2a: Tauros|spe|1\n|-damage|p2a: Tauros|80\/100|[from] Stealth Rock\n|turn|5\n|\n|t:|1696929421\n|move|p2a: Tauros|Endure|p2a: Tauros\n|-singleturn|p2a: Tauros|move: Endure\n|move|p1b: Kartana|Leaf Blade|p2a: Tauros\n|-supereffective|p2a: Tauros\n|-activate|p2a: Tauros|move: Endure\n|-damage|p2a: Tauros|1\/100\n|move|p1a: Indeedee|Expanding Force|p2b: Urshifu|[spread] p2a,p2b\n|-supereffective|p2a: Tauros\n|-supereffective|p2b: Urshifu\n|-activate|p2a: Tauros|move: Endure\n|-damage|p2a: Tauros|1\/100\n|-damage|p2b: Urshifu|0 fnt\n|faint|p2b: Urshifu\n|\n|-heal|p2a: Tauros|7\/100|[from] item: Leftovers\n|upkeep\n|\n|t:|1696929438\n|switch|p2b: Iron Bundle|Iron Bundle|100\/100\n|-activate|p2b: Iron Bundle|move: Sticky Web\n|-unboost|p2b: Iron Bundle|spe|1\n|-damage|p2b: Iron Bundle|76\/100|[from] Stealth Rock\n|-enditem|p2b: Iron Bundle|Booster Energy\n|-activate|p2b: Iron Bundle|ability: Quark Drive|[fromitem]\n|-start|p2b: Iron Bundle|quarkdrivespa\n|turn|6\n|\n|t:|1696929451\n|move|p1b: Kartana|Leaf Blade|p2b: Iron Bundle\n|-supereffective|p2b: Iron Bundle\n|-damage|p2b: Iron Bundle|0 fnt\n|faint|p2b: Iron Bundle\n|-end|p2b: Iron Bundle|Quark Drive|[silent]\n|-ability|p1b: Kartana|Beast Boost|boost\n|-boost|p1b: Kartana|atk|1\n|move|p1a: Indeedee|Expanding Force|p2a: Tauros\n|-supereffective|p2a: Tauros\n|-damage|p2a: Tauros|0 fnt\n|faint|p2a: Tauros\n|\n|-sideend|p1: Hgi jf|move: Tailwind\n|upkeep\n|\n|t:|1696929463\n|switch|p2a: Basculegion|Basculegion, M, shiny|100\/100\n|-activate|p2a: Basculegion|move: Sticky Web\n|-unboost|p2a: Basculegion|spe|1\n|-damage|p2a: Basculegion|88\/100|[from] Stealth Rock\n|turn|7\n|\n|t:|1696929472\n|move|p1b: Kartana|Leaf Blade|p2a: Basculegion\n|-supereffective|p2a: Basculegion\n|-damage|p2a: Basculegion|0 fnt\n|faint|p2a: Basculegion\n|\n|win|Hgi jf\n|raw|Hgi jf's rating: 1000 &rarr; <strong>1052<\/strong><br \/>(+52 for winning)\n|raw|Kalwyn's rating: 1103 &rarr; <strong>1071<\/strong><br \/>(-32 for losing)\n|l|\u2606Kalwyn\n","uploadtime":1696929476,"views":10,"p1id":"hgijf","p2id":"kalwyn","formatid":"gen9nationaldexdoubles","rating":1052,"private":0,"password":""}