{"id":"gen9nationaldexdoubles-1969042909","p1":"MegaMania001","p2":"Draggy Gutsfree","format":"[Gen 9] National Dex Doubles","log":"|j|\u2606MegaMania001\n|j|\u2606Draggy Gutsfree\n|t:|1697485176\n|gametype|doubles\n|player|p1|MegaMania001|winona|\n|player|p2|Draggy Gutsfree|roxie|\n|teamsize|p1|6\n|teamsize|p2|6\n|gen|9\n|tier|[Gen 9] National Dex Doubles\n|rule|HP Percentage Mod: HP is shown in percentages\n|rule|Endless Battle Clause: Forcing endless battles is banned\n|rule|OHKO Clause: OHKO moves are banned\n|rule|Evasion Moves Clause: Evasion moves are banned\n|rule|Evasion Abilities Clause: Evasion abilities are banned\n|rule|Species Clause: Limit one of each Pok\u00e9mon\n|rule|Gravity Sleep Clause: The combination of sleep-inducing moves with imperfect accuracy and Gravity or Gigantamax Orbeetle are banned\n|clearpoke\n|poke|p1|Meowscarada, M|\n|poke|p1|Incineroar, M|\n|poke|p1|Aegislash, M|\n|poke|p1|Fezandipiti, M|\n|poke|p1|Articuno-Galar|\n|poke|p1|Regieleki|\n|poke|p2|Sinistcha-Masterpiece|\n|poke|p2|Grimmsnarl, M|\n|poke|p2|Gyarados, M|\n|poke|p2|Goodra-Hisui, M|\n|poke|p2|Urshifu-*, M|\n|poke|p2|Gengar, M|\n|teampreview\n|inactive|Battle timer is ON: inactive players will automatically lose when time's up. (requested by MegaMania001)\n|j| Burstdragon1\n|\n|t:|1697485205\n|start\n|switch|p1a: Gazerbeam|Articuno-Galar|100\/100\n|switch|p1b: John Cena|Incineroar, M, shiny|100\/100\n|switch|p2a: Gyarados|Gyarados, M|100\/100\n|switch|p2b: NiceToMatcha|Sinistcha-Masterpiece|100\/100\n|-ability|p2a: Gyarados|Intimidate|boost\n|-unboost|p1a: Gazerbeam|atk|1\n|-ability|p1a: Gazerbeam|Competitive|boost\n|-boost|p1a: Gazerbeam|spa|2\n|-unboost|p1b: John Cena|atk|1\n|-ability|p1b: John Cena|Intimidate|boost\n|-unboost|p2a: Gyarados|atk|1\n|-unboost|p2b: NiceToMatcha|atk|1\n|turn|1\n|\n|t:|1697485230\n|move|p1b: John Cena|Fake Out|p2a: Gyarados\n|-damage|p2a: Gyarados|88\/100\n|move|p1a: Gazerbeam|Freezing Glare|p2a: Gyarados\n|-damage|p2a: Gyarados|0 fnt\n|faint|p2a: Gyarados\n|move|p2b: NiceToMatcha|Shadow Ball|p1a: Gazerbeam\n|-supereffective|p1a: Gazerbeam\n|-damage|p1a: Gazerbeam|8\/100\n|\n|upkeep\n|\n|t:|1697485241\n|switch|p2a: Bricked Up|Grimmsnarl, M, shiny|100\/100\n|turn|2\n|\n|t:|1697485271\n|switch|p1b: Polly|Fezandipiti, M|100\/100\n|move|p2a: Bricked Up|Light Screen|p2a: Bricked Up\n|-sidestart|p2: Draggy Gutsfree|move: Light Screen\n|move|p1a: Gazerbeam|Freezing Glare|p2b: NiceToMatcha\n|-damage|p2b: NiceToMatcha|0 fnt\n|faint|p2b: NiceToMatcha\n|\n|upkeep\n|\n|t:|1697485283\n|switch|p2b: Urshifu|Urshifu-Rapid-Strike, M|100\/100\n|turn|3\n|\n|t:|1697485300\n|move|p2b: Urshifu|Aqua Jet|p1a: Gazerbeam\n|-damage|p1a: Gazerbeam|0 fnt\n|faint|p1a: Gazerbeam\n|move|p2a: Bricked Up|Reflect|p2a: Bricked Up\n|-sidestart|p2: Draggy Gutsfree|Reflect\n|move|p1b: Polly|Dazzling Gleam|p2b: Urshifu|[spread] p2a,p2b\n|-supereffective|p2a: Bricked Up\n|-supereffective|p2b: Urshifu\n|-damage|p2a: Bricked Up|57\/100\n|-damage|p2b: Urshifu|45\/100\n|-status|p2a: Bricked Up|tox|[from] ability: Toxic Chain|[of] p1b: Polly\n|-status|p2b: Urshifu|tox|[from] ability: Toxic Chain|[of] p1b: Polly\n|-damage|p1b: Polly|91\/100|[from] item: Life Orb\n|\n|-damage|p2b: Urshifu|39\/100 tox|[from] psn\n|-damage|p2a: Bricked Up|51\/100 tox|[from] psn\n|upkeep\n|\n|t:|1697485315\n|switch|p1a: Zippy zappy|Regieleki|100\/100\n|turn|4\n|\n|t:|1697485338\n|move|p2a: Bricked Up|Taunt|p1a: Zippy zappy\n|-start|p1a: Zippy zappy|move: Taunt\n|move|p1a: Zippy zappy|Electro Ball|p2b: Urshifu\n|-supereffective|p2b: Urshifu\n|-damage|p2b: Urshifu|0 fnt\n|faint|p2b: Urshifu\n|move|p1b: Polly|Venoshock|p2a: Bricked Up\n|-supereffective|p2a: Bricked Up\n|-damage|p2a: Bricked Up|0 fnt\n|faint|p2a: Bricked Up\n|-damage|p1b: Polly|81\/100|[from] item: Life Orb\n|\n|upkeep\n|\n|t:|1697485349\n|switch|p2b: Gengar|Gengar, M|100\/100\n|switch|p2a: Goodra|Goodra-Hisui, M|100\/100\n|turn|5\n|\n|t:|1697485367\n|switch|p1b: John Cena|Incineroar, M, shiny|100\/100\n|-ability|p1b: John Cena|Intimidate|boost\n|-unboost|p2a: Goodra|atk|1\n|-unboost|p2b: Gengar|atk|1\n|move|p1a: Zippy zappy|Electroweb|p2a: Goodra|[spread] p2a,p2b\n|-resisted|p2a: Goodra\n|-crit|p2a: Goodra\n|-damage|p2a: Goodra|87\/100\n|-damage|p2b: Gengar|70\/100\n|-unboost|p2a: Goodra|spe|1\n|-unboost|p2b: Gengar|spe|1\n|move|p2b: Gengar|Shadow Ball|p1b: John Cena\n|-resisted|p1b: John Cena\n|-damage|p1b: John Cena|79\/100\n|move|p2a: Goodra|Acid Armor|p2a: Goodra\n|-boost|p2a: Goodra|def|2\n|\n|upkeep\n|turn|6\n|\n|t:|1697485388\n|move|p1a: Zippy zappy|Electroweb|p2b: Gengar|[spread] p2a,p2b\n|-resisted|p2a: Goodra\n|-crit|p2b: Gengar\n|-damage|p2a: Goodra|81\/100\n|-damage|p2b: Gengar|0 fnt\n|-unboost|p2a: Goodra|spe|1\n|-start|p1a: Zippy zappy|Disable|Electroweb|[from] ability: Cursed Body|[of] p2b: Gengar\n|faint|p2b: Gengar\n|move|p1b: John Cena|Brick Break|p2a: Goodra\n|-sideend|p2: Draggy Gutsfree|Reflect\n|-sideend|p2: Draggy Gutsfree|move: Light Screen\n|-supereffective|p2a: Goodra\n|-damage|p2a: Goodra|59\/100\n|-damage|p1b: John Cena|63\/100|[from] item: Rocky Helmet|[of] p2a: Goodra\n|move|p2a: Goodra|Acid Armor|p2a: Goodra\n|-boost|p2a: Goodra|def|2\n|\n|-end|p1a: Zippy zappy|move: Taunt\n|upkeep\n|turn|7\n|\n|t:|1697485411\n|move|p1a: Zippy zappy|Electro Ball|p2a: Goodra\n|-resisted|p2a: Goodra\n|-damage|p2a: Goodra|28\/100\n|move|p1b: John Cena|Flare Blitz|p2a: Goodra\n|-crit|p2a: Goodra\n|-damage|p2a: Goodra|0 fnt\n|-damage|p1b: John Cena|46\/100|[from] item: Rocky Helmet|[of] p2a: Goodra\n|faint|p2a: Goodra\n|-damage|p1b: John Cena|38\/100|[from] Recoil\n|\n|win|MegaMania001\n","uploadtime":1697485420,"views":8,"p1id":"megamania001","p2id":"draggygutsfree","formatid":"gen9nationaldexdoubles","rating":0,"private":0,"password":""}