{"id":"gen9nationaldexdoubles-1960268046","p1":"Blonking","p2":"Dalender","format":"[Gen 9] National Dex Doubles","log":"|j|\u2606Blonking\n|j|\u2606Dalender\n|t:|1696512393\n|gametype|doubles\n|player|p1|Blonking|102|1104\n|player|p2|Dalender|guitarist|1000\n|teamsize|p1|6\n|teamsize|p2|6\n|gen|9\n|tier|[Gen 9] National Dex Doubles\n|rated|\n|rule|HP Percentage Mod: HP is shown in percentages\n|rule|Endless Battle Clause: Forcing endless battles is banned\n|rule|OHKO Clause: OHKO moves are banned\n|rule|Evasion Moves Clause: Evasion moves are banned\n|rule|Evasion Abilities Clause: Evasion abilities are banned\n|rule|Species Clause: Limit one of each Pok\u00e9mon\n|rule|Gravity Sleep Clause: The combination of sleep-inducing moves with imperfect accuracy and Gravity or Gigantamax Orbeetle are banned\n|clearpoke\n|poke|p1|Gardevoir, F|\n|poke|p1|Indeedee-F, F|\n|poke|p1|Dudunsparce-*, M|\n|poke|p1|Maushold|\n|poke|p1|Alakazam, F|\n|poke|p1|Camerupt, M|\n|poke|p2|Muk-Alola, F|\n|poke|p2|Clefairy, F|\n|poke|p2|Klefki, F|\n|poke|p2|Espeon, F|\n|poke|p2|Incineroar, F|\n|poke|p2|Lucario, F|\n|teampreview\n|inactive|Battle timer is ON: inactive players will automatically lose when time's up. (requested by Blonking)\n|\n|t:|1696512408\n|start\n|switch|p1a: Fowwow me|Maushold|100\/100\n|switch|p1b: Best Pok\u00e9mon|Dudunsparce, M|100\/100\n|switch|p2a: Princesa|Incineroar, F|100\/100\n|switch|p2b: Keysay|Klefki, F|100\/100\n|-ability|p2a: Princesa|Intimidate|boost\n|-unboost|p1a: Fowwow me|atk|1\n|-unboost|p1b: Best Pok\u00e9mon|atk|1\n|-ability|p1b: Best Pok\u00e9mon|Rattled|boost\n|-boost|p1b: Best Pok\u00e9mon|spe|1\n|turn|1\n|\n|t:|1696512424\n|-terastallize|p1b: Best Pok\u00e9mon|Ghost\n|move|p1a: Fowwow me|Protect|p1a: Fowwow me\n|-singleturn|p1a: Fowwow me|Protect\n|move|p2b: Keysay|Reflect|p2b: Keysay\n|-sidestart|p2: Dalender|Reflect\n|move|p1b: Best Pok\u00e9mon|Tailwind|p1b: Best Pok\u00e9mon\n|-sidestart|p1: Blonking|move: Tailwind\n|move|p2a: Princesa|Taunt|p1a: Fowwow me\n|-activate|p1a: Fowwow me|move: Protect\n|\n|upkeep\n|turn|2\n|\n|t:|1696512441\n|move|p2b: Keysay|Thunder Wave|p1a: Fowwow me\n|-status|p1a: Fowwow me|par\n|move|p1b: Best Pok\u00e9mon|Calm Mind|p1b: Best Pok\u00e9mon\n|-boost|p1b: Best Pok\u00e9mon|spa|1\n|-boost|p1b: Best Pok\u00e9mon|spd|1\n|cant|p1a: Fowwow me|par\n|move|p2a: Princesa|Taunt|p1a: Fowwow me\n|-start|p1a: Fowwow me|move: Taunt\n|\n|upkeep\n|turn|3\n|\n|t:|1696512470\n|switch|p2a: Venus|Espeon, F|100\/100\n|move|p2b: Keysay|Light Screen|p2b: Keysay\n|-sidestart|p2: Dalender|move: Light Screen\n|move|p1b: Best Pok\u00e9mon|Calm Mind|p1b: Best Pok\u00e9mon\n|-boost|p1b: Best Pok\u00e9mon|spa|1\n|-boost|p1b: Best Pok\u00e9mon|spd|1\n|cant|p1a: Fowwow me|par\n|\n|upkeep\n|turn|4\n|\n|t:|1696512486\n|move|p2b: Keysay|Thunder Wave|p1b: Best Pok\u00e9mon\n|-status|p1b: Best Pok\u00e9mon|par\n|move|p1a: Fowwow me|Beat Up|p1b: Best Pok\u00e9mon\n|-supereffective|p1b: Best Pok\u00e9mon\n|-damage|p1b: Best Pok\u00e9mon|99\/100 par\n|-ability|p1b: Best Pok\u00e9mon|Rattled|boost\n|-boost|p1b: Best Pok\u00e9mon|spe|1\n|-enditem|p1b: Best Pok\u00e9mon|Weakness Policy\n|-boost|p1b: Best Pok\u00e9mon|atk|2|[from] item: Weakness Policy\n|-boost|p1b: Best Pok\u00e9mon|spa|2|[from] item: Weakness Policy\n|-supereffective|p1b: Best Pok\u00e9mon\n|-damage|p1b: Best Pok\u00e9mon|97\/100 par\n|-ability|p1b: Best Pok\u00e9mon|Rattled|boost\n|-boost|p1b: Best Pok\u00e9mon|spe|1\n|-supereffective|p1b: Best Pok\u00e9mon\n|-damage|p1b: Best Pok\u00e9mon|95\/100 par\n|-ability|p1b: Best Pok\u00e9mon|Rattled|boost\n|-boost|p1b: Best Pok\u00e9mon|spe|1\n|-supereffective|p1b: Best Pok\u00e9mon\n|-damage|p1b: Best Pok\u00e9mon|93\/100 par\n|-ability|p1b: Best Pok\u00e9mon|Rattled|boost\n|-boost|p1b: Best Pok\u00e9mon|spe|1\n|-supereffective|p1b: Best Pok\u00e9mon\n|-crit|p1b: Best Pok\u00e9mon\n|-damage|p1b: Best Pok\u00e9mon|88\/100 par\n|-ability|p1b: Best Pok\u00e9mon|Rattled|boost\n|-boost|p1b: Best Pok\u00e9mon|spe|1\n|-hitcount|p1b: Best Pok\u00e9mon|5\n|cant|p1b: Best Pok\u00e9mon|par\n|move|p2a: Venus|Psych Up|p1b: Best Pok\u00e9mon\n|-copyboost|p2a: Venus|p1b: Best Pok\u00e9mon|[from] move: Psych Up\n|\n|-sideend|p1: Blonking|move: Tailwind\n|upkeep\n|turn|5\n|-message|Blonking forfeited.\n|\n|win|Dalender\n|raw|Blonking's rating: 1104 &rarr; <strong>1072<\/strong><br \/>(-32 for losing)\n|raw|Dalender's rating: 1000 &rarr; <strong>1052<\/strong><br \/>(+52 for winning)\n|l|\u2606Blonking\n","uploadtime":1696512517,"views":17,"p1id":"blonking","p2id":"dalender","formatid":"gen9nationaldexdoubles","rating":1052,"private":0,"password":""}