{"id":"gen9nationaldexdoubles-1950678860","p1":"Gamer00ooO","p2":"El_Gran_Wigglytuff","format":"[Gen 9] National Dex Doubles","log":"|j|\u2606Gamer00ooO\n|j|\u2606El_Gran_Wigglytuff\n|t:|1695495862\n|gametype|doubles\n|player|p1|Gamer00ooO|266|\n|player|p2|El_Gran_Wigglytuff|benga|\n|teamsize|p1|6\n|teamsize|p2|6\n|gen|9\n|tier|[Gen 9] National Dex Doubles\n|rule|HP Percentage Mod: HP is shown in percentages\n|rule|Endless Battle Clause: Forcing endless battles is banned\n|rule|OHKO Clause: OHKO moves are banned\n|rule|Evasion Moves Clause: Evasion moves are banned\n|rule|Evasion Abilities Clause: Evasion abilities are banned\n|rule|Species Clause: Limit one of each Pok\u00e9mon\n|rule|Gravity Sleep Clause: The combination of sleep-inducing moves with imperfect accuracy and Gravity or Gigantamax Orbeetle are banned\n|clearpoke\n|poke|p1|Grimmsnarl, M|\n|poke|p1|Diancie|\n|poke|p1|Klefki, M|\n|poke|p1|Azumarill, F|\n|poke|p1|Sylveon, F|\n|poke|p1|Iron Valiant|\n|poke|p2|Basculegion-F, F|\n|poke|p2|Pelipper, M|\n|poke|p2|Ogerpon-Wellspring, F|\n|poke|p2|Walking Wake|\n|poke|p2|Palafin, M|\n|poke|p2|Swampert, M|\n|teampreview\n|\n|t:|1695495888\n|start\n|switch|p1a: Grimmsnarl|Grimmsnarl, M|100\/100\n|switch|p1b: Sylveon|Sylveon, F|100\/100\n|switch|p2a: Pelipper|Pelipper, M|100\/100\n|switch|p2b: Palafin|Palafin, M|100\/100\n|-weather|RainDance|[from] ability: Drizzle|[of] p2a: Pelipper\n|turn|1\n|j| XMarcosPr710\n|j| fifier\n|c| fifier|Q grandes\n|c| XMarcosPr710|Pelipper palafin y quiere dormir a mi Moltres\n|l|\u2606Gamer00ooO\n|player|p1|\n|c|\u2606El_Gran_Wigglytuff|Callate, Marcos\n|c| XMarcosPr710|\u00d1o\n|c| XMarcosPr710|Win pedirle\n|c|\u2606El_Gran_Wigglytuff|Eldids, banea a Marcos del torneo\n|c| XMarcosPr710|Pedible*\n|c| XMarcosPr710|Y por qu\u00e9 o qu\u00e9\n|c| fifier|No lo har\u00e9 pq estoy seguro q no pasar\u00e1\n|c| XMarcosPr710|De seguro pochama te paso monotype hada\n|c| XMarcosPr710|Me equivoco?\n|c| fifier|Ni me ha pasado su equipo xd\n|c| XMarcosPr710|Terrible\n|c| XMarcosPr710|Pido win\n|c| XMarcosPr710|Ah no eso es el mi\u00e9rcoles\n|c| XMarcosPr710|Y tengo una duda...\n|c| fifier|Aja\n|c| XMarcosPr710|Para que pones los emparejamientos si no te pasaron los equipos? XD\n|c| fifier|Callate\n|c|\u2606El_Gran_Wigglytuff|Eso digo yo\n|c| fifier|Me hubieras dicho eso antes de hacerlos Marcos\n|c|\u2606El_Gran_Wigglytuff|Tambi\u00e9n es verdad\n|c| fifier|Lit te ense\u00f1e como los hac\u00eda y no me dijiste nada\n|c| fifier|Por cierto gamer desapareci\u00f3\n|c| XMarcosPr710|Y yo que co\u00f1o se\n|c| XMarcosPr710|Es tu torneo\n|c|\u2606El_Gran_Wigglytuff|Se le call\u00f3 el internet\n|c| XMarcosPr710|Se le fue el Inter\n|c|\u2606El_Gran_Wigglytuff|Cay\u00f3\n|j|\u2606Gamer00ooO\n|player|p1|Gamer00ooO|266\n|\n|t:|1695496134\n|move|p2a: Pelipper|Protect|p2a: Pelipper\n|-singleturn|p2a: Pelipper|Protect\n|move|p1a: Grimmsnarl|Reflect|p1a: Grimmsnarl\n|-sidestart|p1: Gamer00ooO|Reflect\n|move|p2b: Palafin|Flip Turn|p1b: Sylveon\n|-damage|p1b: Sylveon|79\/100\n|c| fifier|Que grande\n|c|\u2606Gamer00ooO|Se fue el internet\n|\n|t:|1695496150\n|detailschange|p2b: Palafin|Palafin-Hero, M\n|switch|p2b: Ogerpon|Ogerpon-Wellspring, F|100\/100|[from] Flip Turn\n|move|p1b: Sylveon|Hyper Voice|p2b: Ogerpon|[spread] p2b\n|-activate|p2a: Pelipper|move: Protect\n|-damage|p2b: Ogerpon|54\/100\n|\n|-weather|RainDance|[upkeep]\n|upkeep\n|turn|2\n|c| XMarcosPr710|Duerman a palafin\n|c| XMarcosPr710|Digo a swampert\n|\n|t:|1695496172\n|-terastallize|p2b: Ogerpon|Water\n|detailschange|p2b: Ogerpon|Ogerpon-Wellspring-Tera, F, tera:Water\n|-ability|p2b: Ogerpon|Embody Aspect (Wellspring)|boost\n|-boost|p2b: Ogerpon|spd|1\n|move|p1a: Grimmsnarl|Light Screen|p1a: Grimmsnarl\n|-sidestart|p1: Gamer00ooO|move: Light Screen\n|move|p2b: Ogerpon|Ivy Cudgel|p1b: Sylveon\n|-damage|p1b: Sylveon|0 fnt\n|faint|p1b: Sylveon\n|move|p2a: Pelipper|Hurricane|p1a: Grimmsnarl\n|-damage|p1a: Grimmsnarl|77\/100\n|\n|-weather|RainDance|[upkeep]\n|-heal|p1a: Grimmsnarl|83\/100|[from] item: Leftovers\n|upkeep\n|\n|t:|1695496182\n|switch|p1b: Azumarill|Azumarill, F|100\/100\n|turn|3\n|\n|t:|1695496192\n|move|p2b: Ogerpon|Horn Leech|p1b: Azumarill\n|-ability|p1b: Azumarill|Sap Sipper|boost\n|-boost|p1b: Azumarill|atk|1\n|move|p2a: Pelipper|Scald|p1a: Grimmsnarl\n|-damage|p1a: Grimmsnarl|55\/100\n|move|p1a: Grimmsnarl|Crunch|p2b: Ogerpon\n|-damage|p2b: Ogerpon|5\/100\n|move|p1b: Azumarill|Hyper Voice|p2b: Ogerpon|[spread] p2a,p2b\n|-damage|p2a: Pelipper|82\/100\n|-damage|p2b: Ogerpon|0 fnt\n|faint|p2b: Ogerpon\n|-damage|p1b: Azumarill|91\/100|[from] item: Life Orb\n|\n|-weather|RainDance|[upkeep]\n|-heal|p1a: Grimmsnarl|61\/100|[from] item: Leftovers\n|upkeep\n|l| fifier\n|\n|t:|1695496202\n|switch|p2b: Swampert|Swampert, M|100\/100\n|turn|4\n|\n|t:|1695496221\n|detailschange|p2b: Swampert|Swampert-Mega, M\n|-mega|p2b: Swampert|Swampert|Swampertite\n|move|p2a: Pelipper|Protect|p2a: Pelipper\n|-singleturn|p2a: Pelipper|Protect\n|move|p2b: Swampert|Liquidation|p1a: Grimmsnarl\n|-damage|p1a: Grimmsnarl|2\/100\n|move|p1a: Grimmsnarl|Crunch|p2b: Swampert\n|-damage|p2b: Swampert|71\/100\n|move|p1b: Azumarill|Aqua Ring|p1b: Azumarill\n|-start|p1b: Azumarill|Aqua Ring\n|\n|-weather|RainDance|[upkeep]\n|-heal|p1a: Grimmsnarl|8\/100|[from] item: Leftovers\n|-heal|p1b: Azumarill|97\/100|[from] Aqua Ring\n|upkeep\n|turn|5\n|c| XMarcosPr710|Se fue dids\n|j| fifier\n|\n|t:|1695496241\n|move|p1b: Azumarill|Aqua Jet|p2b: Swampert\n|-damage|p2b: Swampert|47\/100\n|-damage|p1b: Azumarill|87\/100|[from] item: Life Orb\n|move|p2b: Swampert|Power-Up Punch|p1a: Grimmsnarl\n|-damage|p1a: Grimmsnarl|0 fnt\n|-boost|p2b: Swampert|atk|1\n|faint|p1a: Grimmsnarl\n|move|p2a: Pelipper|Hurricane|p1b: Azumarill\n|-damage|p1b: Azumarill|63\/100\n|\n|-weather|RainDance|[upkeep]\n|-heal|p1b: Azumarill|69\/100|[from] Aqua Ring\n|-sideend|p1: Gamer00ooO|Reflect\n|upkeep\n|\n|t:|1695496252\n|switch|p1a: Iron Valiant|Iron Valiant|100\/100\n|turn|6\n|c| fifier|Era para revisar si el azumarill ten\u00eda sap. Slipper cd\n|c| fifier|Xd\n|c| XMarcosPr710|XD\n|\n|t:|1695496267\n|move|p1a: Iron Valiant|Shadow Sneak|p2b: Swampert\n|-damage|p2b: Swampert|36\/100\n|move|p1b: Azumarill|Aqua Jet|p2b: Swampert\n|-damage|p2b: Swampert|13\/100\n|-damage|p1b: Azumarill|59\/100|[from] item: Life Orb\n|move|p2b: Swampert|Liquidation|p1a: Iron Valiant\n|-damage|p1a: Iron Valiant|0 fnt\n|faint|p1a: Iron Valiant\n|-end|p1a: Iron Valiant|Quark Drive|[silent]\n|move|p2a: Pelipper|Hurricane|p1b: Azumarill\n|-damage|p1b: Azumarill|36\/100\n|-start|p1b: Azumarill|confusion\n|\n|-weather|RainDance|[upkeep]\n|-heal|p1b: Azumarill|42\/100|[from] Aqua Ring\n|-sideend|p1: Gamer00ooO|move: Light Screen\n|upkeep\n|c| XMarcosPr710|Si lo ten\u00eda?\n|\n|t:|1695496287\n|switch|p1a: Klefki|Klefki, M|100\/100\n|-item|p1a: Klefki|Air Balloon\n|turn|7\n|c| fifier|Si\n|\n|t:|1695496295\n|move|p1a: Klefki|Reflect|p1a: Klefki\n|-sidestart|p1: Gamer00ooO|Reflect\n|-activate|p1b: Azumarill|confusion\n|move|p1b: Azumarill|Aqua Jet|p2b: Swampert\n|-damage|p2b: Swampert|0 fnt\n|faint|p2b: Swampert\n|-damage|p1b: Azumarill|32\/100|[from] item: Life Orb\n|move|p2a: Pelipper|Hurricane|p1b: Azumarill\n|-damage|p1b: Azumarill|0 fnt\n|faint|p1b: Azumarill\n|\n|-weather|RainDance|[upkeep]\n|upkeep\n|c| fifier|Hubiera dicho algo\n|c| XMarcosPr710|Epico\n|c| fifier|No crees puto imbecil\n|\n|t:|1695496315\n|switch|p2b: Palafin|Palafin-Hero, M|100\/100\n|switch|p1b: Diancie|Diancie|100\/100\n|-activate|p2b: Palafin|ability: Zero to Hero\n|turn|8\n|c| XMarcosPr710|De ti me espero cualquier cosa ya\n|\n|t:|1695496324\n|move|p2b: Palafin|Jet Punch|p1b: Diancie\n|-supereffective|p1b: Diancie\n|-damage|p1b: Diancie|37\/100\n|move|p1a: Klefki|Light Screen|p1a: Klefki\n|-sidestart|p1: Gamer00ooO|move: Light Screen\n|move|p2a: Pelipper|Scald|p1b: Diancie\n|-supereffective|p1b: Diancie\n|-crit|p1b: Diancie\n|-damage|p1b: Diancie|0 fnt\n|faint|p1b: Diancie\n|\n|-weather|none\n|upkeep\n|turn|9\n|\n|t:|1695496338\n|move|p2b: Palafin|Jet Punch|p1a: Klefki\n|-damage|p1a: Klefki|77\/100\n|-enditem|p1a: Klefki|Air Balloon\n|move|p1a: Klefki|Dazzling Gleam|p2b: Palafin|[spread] p2a,p2b\n|-damage|p2a: Pelipper|57\/100\n|-damage|p2b: Palafin|81\/100\n|move|p2a: Pelipper|Scald|p1a: Klefki\n|-damage|p1a: Klefki|56\/100\n|-status|p1a: Klefki|brn\n|\n|-heal|p2b: Palafin|87\/100|[from] item: Leftovers\n|-damage|p1a: Klefki|50\/100 brn|[from] brn\n|upkeep\n|turn|10\n|c| XMarcosPr710|Fuiste a un torneo con dondozo surf xd\n|\n|t:|1695496356\n|move|p2b: Palafin|Jet Punch|p1a: Klefki\n|-damage|p1a: Klefki|26\/100 brn\n|move|p1a: Klefki|Dazzling Gleam|p2a: Pelipper|[spread] p2a,p2b\n|-damage|p2a: Pelipper|32\/100\n|-damage|p2b: Palafin|68\/100\n|move|p2a: Pelipper|Scald|p1a: Klefki\n|-damage|p1a: Klefki|4\/100 brn\n|\n|-heal|p2b: Palafin|74\/100|[from] item: Leftovers\n|-damage|p1a: Klefki|0 fnt|[from] brn\n|faint|p1a: Klefki\n|\n|win|El_Gran_Wigglytuff\n|upkeep\n","uploadtime":1695496359,"views":12,"p1id":"gamer00ooo","p2id":"elgranwigglytuff","formatid":"gen9nationaldexdoubles","rating":0,"private":0,"password":""}