{"id":"gen9nationaldexdoubles-1963776285","p1":"the maraculous","p2":"nicokino","format":"[Gen 9] National Dex Doubles","log":"|j|\u2606the maraculous\n|j|\u2606nicokino\n|t:|1696898968\n|gametype|doubles\n|player|p1|the maraculous|dragontamer|1341\n|player|p2|nicokino|sabrina|1420\n|teamsize|p1|6\n|teamsize|p2|6\n|gen|9\n|tier|[Gen 9] National Dex Doubles\n|rated|\n|rule|HP Percentage Mod: HP is shown in percentages\n|rule|Endless Battle Clause: Forcing endless battles is banned\n|rule|OHKO Clause: OHKO moves are banned\n|rule|Evasion Moves Clause: Evasion moves are banned\n|rule|Evasion Abilities Clause: Evasion abilities are banned\n|rule|Species Clause: Limit one of each Pok\u00e9mon\n|rule|Gravity Sleep Clause: The combination of sleep-inducing moves with imperfect accuracy and Gravity or Gigantamax Orbeetle are banned\n|clearpoke\n|poke|p1|Xurkitree|\n|poke|p1|Iron Valiant|\n|poke|p1|Chandelure, F|\n|poke|p1|Landorus-Therian, M|\n|poke|p1|Kartana|\n|poke|p1|Farigiraf, F|\n|poke|p2|Torkoal, F|\n|poke|p2|Camerupt, F|\n|poke|p2|Lilligant-Hisui, F|\n|poke|p2|Flutter Mane|\n|poke|p2|Cresselia, F|\n|poke|p2|Ninetales, M|\n|teampreview\n|\n|t:|1696898978\n|start\n|switch|p1a: Chandelure|Chandelure, F|100\/100\n|switch|p1b: Xurkitree|Xurkitree|100\/100\n|switch|p2a: Flutter Mane|Flutter Mane|100\/100\n|switch|p2b: Ninetales|Ninetales, M|100\/100\n|-weather|SunnyDay|[from] ability: Drought|[of] p2b: Ninetales\n|-activate|p2a: Flutter Mane|ability: Protosynthesis\n|-start|p2a: Flutter Mane|protosynthesisspa\n|-item|p1a: Chandelure|Air Balloon\n|turn|1\n|\n|t:|1696898991\n|move|p2a: Flutter Mane|Dazzling Gleam|p1a: Chandelure|[spread] p1a,p1b\n|-resisted|p1a: Chandelure\n|-damage|p1a: Chandelure|68\/100\n|-damage|p1b: Xurkitree|6\/100\n|-enditem|p1a: Chandelure|Air Balloon\n|-damage|p2a: Flutter Mane|91\/100|[from] item: Life Orb\n|move|p2b: Ninetales|Fire Blast|p1b: Xurkitree\n|-damage|p1b: Xurkitree|0 fnt\n|faint|p1b: Xurkitree\n|move|p1a: Chandelure|Imprison|p1a: Chandelure\n|-start|p1a: Chandelure|move: Imprison\n|\n|-weather|SunnyDay|[upkeep]\n|upkeep\n|\n|t:|1696899012\n|switch|p1b: Landorus|Landorus-Therian, M|100\/100\n|-ability|p1b: Landorus|Intimidate|boost\n|-unboost|p2a: Flutter Mane|atk|1\n|-unboost|p2b: Ninetales|atk|1\n|turn|2\n|\n|t:|1696899020\n|switch|p1a: Farigiraf|Farigiraf, F|100\/100\n|move|p2a: Flutter Mane|Dazzling Gleam|p1a: Farigiraf|[spread] p1a,p1b\n|-damage|p1a: Farigiraf|37\/100\n|-damage|p1b: Landorus|60\/100\n|-damage|p2a: Flutter Mane|81\/100|[from] item: Life Orb\n|move|p2b: Ninetales|Solar Beam||[still]\n|-prepare|p2b: Ninetales|Solar Beam\n|-anim|p2b: Ninetales|Solar Beam|p1b: Landorus\n|-damage|p1b: Landorus|39\/100\n|move|p1b: Landorus|Stomping Tantrum|p2a: Flutter Mane\n|-damage|p2a: Flutter Mane|0 fnt\n|faint|p2a: Flutter Mane\n|-end|p2a: Flutter Mane|Protosynthesis|[silent]\n|\n|-weather|SunnyDay|[upkeep]\n|-heal|p1a: Farigiraf|43\/100|[from] item: Leftovers\n|upkeep\n|\n|t:|1696899034\n|switch|p2a: Lilligant|Lilligant-Hisui, F|100\/100\n|turn|3\n|\n|t:|1696899042\n|move|p2a: Lilligant|Solar Blade||[still]\n|-prepare|p2a: Lilligant|Solar Blade\n|-anim|p2a: Lilligant|Solar Blade|p1b: Landorus\n|-damage|p1b: Landorus|0 fnt\n|faint|p1b: Landorus\n|-damage|p2a: Lilligant|91\/100|[from] item: Life Orb\n|move|p2b: Ninetales|Fire Blast|p1a: Farigiraf\n|-damage|p1a: Farigiraf|0 fnt\n|faint|p1a: Farigiraf\n|\n|-weather|SunnyDay|[upkeep]\n|upkeep\n|\n|t:|1696899052\n|switch|p1b: Iron Valiant|Iron Valiant|100\/100\n|switch|p1a: Kartana|Kartana|100\/100\n|turn|4\n|\n|t:|1696899070\n|move|p2a: Lilligant|Solar Blade||[still]\n|-prepare|p2a: Lilligant|Solar Blade\n|-anim|p2a: Lilligant|Solar Blade|p1b: Iron Valiant\n|-damage|p1b: Iron Valiant|6\/100\n|-damage|p2a: Lilligant|81\/100|[from] item: Life Orb\n|move|p1b: Iron Valiant|Moonblast|p2a: Lilligant\n|-supereffective|p2a: Lilligant\n|-damage|p2a: Lilligant|0 fnt\n|faint|p2a: Lilligant\n|-damage|p1b: Iron Valiant|0 fnt|[from] item: Life Orb\n|faint|p1b: Iron Valiant\n|-end|p1b: Iron Valiant|Quark Drive|[silent]\n|move|p1a: Kartana|Tailwind|p1a: Kartana\n|-sidestart|p1: the maraculous|move: Tailwind\n|move|p2b: Ninetales|Fire Blast|p1a: Kartana\n|-supereffective|p1a: Kartana\n|-enditem|p1a: Kartana|Focus Sash\n|-damage|p1a: Kartana|1\/100\n|\n|-weather|SunnyDay|[upkeep]\n|upkeep\n|\n|t:|1696899089\n|switch|p1b: Chandelure|Chandelure, F|68\/100\n|switch|p2a: Cresselia|Cresselia, F|100\/100\n|turn|5\n|-message|the maraculous forfeited.\n|\n|win|nicokino\n|raw|the maraculous's rating: 1341 &rarr; <strong>1325<\/strong><br \/>(-16 for losing)\n|raw|nicokino's rating: 1420 &rarr; <strong>1436<\/strong><br \/>(+16 for winning)\n|l|\u2606nicokino\n","uploadtime":1696899109,"views":6,"p1id":"themaraculous","p2id":"nicokino","formatid":"gen9nationaldexdoubles","rating":1325,"private":0,"password":""}