{"id":"gen9nationaldexdoubles-1957360401","p1":"MirzaMirza","p2":"EthanMenos10","format":"[Gen 9] National Dex Doubles","log":"|j|\u2606MirzaMirza\n|j|\u2606EthanMenos10\n|t:|1696212271\n|gametype|doubles\n|player|p1|MirzaMirza|2|1354\n|player|p2|EthanMenos10|cyclist-gen4|1234\n|teamsize|p1|6\n|teamsize|p2|6\n|gen|9\n|tier|[Gen 9] National Dex Doubles\n|rated|\n|rule|HP Percentage Mod: HP is shown in percentages\n|rule|Endless Battle Clause: Forcing endless battles is banned\n|rule|OHKO Clause: OHKO moves are banned\n|rule|Evasion Moves Clause: Evasion moves are banned\n|rule|Evasion Abilities Clause: Evasion abilities are banned\n|rule|Species Clause: Limit one of each Pok\u00e9mon\n|rule|Gravity Sleep Clause: The combination of sleep-inducing moves with imperfect accuracy and Gravity or Gigantamax Orbeetle are banned\n|clearpoke\n|poke|p1|Volcarona, M|\n|poke|p1|Smeargle, F|\n|poke|p1|Tapu Lele|\n|poke|p1|Tapu Fini|\n|poke|p1|Suicune|\n|poke|p1|Chien-Pao|\n|poke|p2|Eevee, F|\n|poke|p2|Clefairy, F|\n|poke|p2|Espeon, F|\n|poke|p2|Ogerpon-Hearthflame, F|\n|poke|p2|Lopunny, F|\n|poke|p2|Tapu Lele|\n|teampreview\n|inactive|Battle timer is ON: inactive players will automatically lose when time's up. (requested by MirzaMirza)\n|\n|t:|1696212290\n|start\n|switch|p1a: Miami Terror|Volcarona, M|100\/100\n|switch|p1b: Bobby Lee|Smeargle, F|100\/100\n|switch|p2a: Power Is't Enough|Eevee, F, shiny|100\/100\n|switch|p2b: Absolute shield|Clefairy, F|100\/100\n|turn|1\n|\n|t:|1696212308\n|move|p1b: Bobby Lee|Spore|p2b: Absolute shield\n|-status|p2b: Absolute shield|slp|[from] move: Spore\n|move|p1a: Miami Terror|Quiver Dance|p1a: Miami Terror\n|-boost|p1a: Miami Terror|spa|1\n|-boost|p1a: Miami Terror|spd|1\n|-boost|p1a: Miami Terror|spe|1\n|-zpower|p2a: Power Is't Enough\n|move|p2a: Power Is't Enough|Extreme Evoboost|p2a: Power Is't Enough\n|-boost|p2a: Power Is't Enough|atk|2\n|-boost|p2a: Power Is't Enough|def|2\n|-boost|p2a: Power Is't Enough|spa|2\n|-boost|p2a: Power Is't Enough|spd|2\n|-boost|p2a: Power Is't Enough|spe|2\n|cant|p2b: Absolute shield|slp\n|\n|-ability|p1b: Bobby Lee|Moody|boost\n|-boost|p1b: Bobby Lee|spd|2\n|-unboost|p1b: Bobby Lee|spe|1\n|upkeep\n|turn|2\n|\n|t:|1696212334\n|switch|p1b: Mi-Aow|Chien-Pao|100\/100\n|-ability|p1b: Mi-Aow|Sword of Ruin\n|switch|p2b: Enlightened Mind|Espeon, F|100\/100\n|move|p2a: Power Is't Enough|Protect|p2a: Power Is't Enough\n|-singleturn|p2a: Power Is't Enough|Protect\n|move|p1a: Miami Terror|Quiver Dance|p1a: Miami Terror\n|-boost|p1a: Miami Terror|spa|1\n|-boost|p1a: Miami Terror|spd|1\n|-boost|p1a: Miami Terror|spe|1\n|\n|upkeep\n|turn|3\n|\n|t:|1696212359\n|move|p2a: Power Is't Enough|Protect|p2a: Power Is't Enough\n|-singleturn|p2a: Power Is't Enough|Protect\n|move|p1a: Miami Terror|Heat Wave|p2a: Power Is't Enough|[spread] p2b\n|-activate|p2a: Power Is't Enough|move: Protect\n|-damage|p2b: Enlightened Mind|18\/100\n|-status|p2b: Enlightened Mind|brn\n|move|p1b: Mi-Aow|Sacred Sword|p2a: Power Is't Enough\n|-activate|p2a: Power Is't Enough|move: Protect\n|move|p2b: Enlightened Mind|Psych Up|p2a: Power Is't Enough\n|-copyboost|p2b: Enlightened Mind|p2a: Power Is't Enough|[from] move: Psych Up\n|\n|-damage|p2b: Enlightened Mind|12\/100 brn|[from] brn\n|upkeep\n|turn|4\n|c|\u2606MirzaMirza|huh?\n|inactive|EthanMenos10 has 120 seconds left.\n|\n|t:|1696212391\n|move|p2b: Enlightened Mind|Baton Pass|p2b: Enlightened Mind\n|\n|t:|1696212393\n|switch|p2b: Unstoppable force|Ogerpon-Hearthflame, F|100\/100|[from] Baton Pass\n|-ability|p2b: Unstoppable force|Mold Breaker\n|move|p1a: Miami Terror|Heat Wave|p2b: Unstoppable force|[spread] p2a,p2b\n|-damage|p2a: Power Is't Enough|37\/100\n|-damage|p2b: Unstoppable force|66\/100\n|move|p2a: Power Is't Enough|Hyper Voice|p1a: Miami Terror|[spread] p1a,p1b\n|-damage|p1a: Miami Terror|78\/100\n|-damage|p1b: Mi-Aow|17\/100\n|move|p1b: Mi-Aow|Sacred Sword|p2a: Power Is't Enough\n|-supereffective|p2a: Power Is't Enough\n|-damage|p2a: Power Is't Enough|0 fnt\n|faint|p2a: Power Is't Enough\n|\n|-heal|p1a: Miami Terror|84\/100|[from] item: Leftovers\n|upkeep\n|inactive|EthanMenos10 has 120 seconds left.\n|\n|t:|1696212411\n|switch|p2a: Enlightened Mind|Espeon, F|12\/100 brn\n|turn|5\n|\n|t:|1696212425\n|move|p2b: Unstoppable force|Ivy Cudgel|p1a: Miami Terror\n|-damage|p1a: Miami Terror|0 fnt\n|faint|p1a: Miami Terror\n|move|p1b: Mi-Aow|Ice Spinner|p2b: Unstoppable force\n|-damage|p2b: Unstoppable force|33\/100\n|move|p2a: Enlightened Mind|Psych Up|p2b: Unstoppable force\n|-copyboost|p2a: Enlightened Mind|p2b: Unstoppable force|[from] move: Psych Up\n|\n|-damage|p2a: Enlightened Mind|6\/100 brn|[from] brn\n|upkeep\n|\n|t:|1696212434\n|switch|p1a: Bobby Lee|Smeargle, F|100\/100\n|turn|6\n|\n|t:|1696212449\n|move|p2b: Unstoppable force|Spiky Shield|p2b: Unstoppable force\n|-singleturn|p2b: Unstoppable force|move: Protect\n|move|p1a: Bobby Lee|Follow Me|p1a: Bobby Lee\n|-singleturn|p1a: Bobby Lee|move: Follow Me\n|move|p2a: Enlightened Mind|Baton Pass|p2a: Enlightened Mind\n|\n|t:|1696212462\n|switch|p2a: Right leg|Lopunny, F|100\/100|[from] Baton Pass\n|move|p1b: Mi-Aow|Ice Spinner|p2b: Unstoppable force\n|-activate|p2b: Unstoppable force|move: Protect\n|-damage|p1b: Mi-Aow|4\/100|[from] Spiky Shield|[of] p2b: Unstoppable force\n|\n|-ability|p1a: Bobby Lee|Moody|boost\n|-boost|p1a: Bobby Lee|spd|2\n|-unboost|p1a: Bobby Lee|spe|1\n|upkeep\n|turn|7\n|\n|t:|1696212479\n|detailschange|p2a: Right leg|Lopunny-Mega, F\n|-mega|p2a: Right leg|Lopunny|Lopunnite\n|move|p1a: Bobby Lee|King's Shield|p1a: Bobby Lee\n|-singleturn|p1a: Bobby Lee|Protect\n|move|p2a: Right leg|Fake Out|p1b: Mi-Aow\n|-damage|p1b: Mi-Aow|0 fnt\n|faint|p1b: Mi-Aow\n|move|p2b: Unstoppable force|Ivy Cudgel|p1a: Bobby Lee\n|-activate|p1a: Bobby Lee|move: Protect\n|\n|-ability|p1a: Bobby Lee|Moody|boost\n|-boost|p1a: Bobby Lee|spa|2\n|-unboost|p1a: Bobby Lee|spe|1\n|upkeep\n|\n|t:|1696212490\n|switch|p1b: Phoebe|Tapu Lele|100\/100\n|-fieldstart|move: Psychic Terrain|[from] ability: Psychic Surge|[of] p1b: Phoebe\n|turn|8\n|\n|t:|1696212508\n|-terastallize|p2b: Unstoppable force|Fire\n|detailschange|p2b: Unstoppable force|Ogerpon-Hearthflame-Tera, F, tera:Fire\n|-ability|p2b: Unstoppable force|Embody Aspect (Hearthflame)|boost\n|-boost|p2b: Unstoppable force|atk|1\n|move|p1b: Phoebe|Protect|p1b: Phoebe\n|-singleturn|p1b: Phoebe|Protect\n|move|p2a: Right leg|Return|p1b: Phoebe\n|-activate|p1b: Phoebe|move: Protect\n|move|p2b: Unstoppable force|Ivy Cudgel|p1a: Bobby Lee\n|-crit|p1a: Bobby Lee\n|-enditem|p1a: Bobby Lee|Focus Sash\n|-damage|p1a: Bobby Lee|1\/100\n|move|p1a: Bobby Lee|Spore|p2a: Right leg\n|-status|p2a: Right leg|slp|[from] move: Spore\n|\n|-ability|p1a: Bobby Lee|Moody|boost\n|-boost|p1a: Bobby Lee|spe|2\n|-unboost|p1a: Bobby Lee|spa|1\n|upkeep\n|turn|9\n|\n|t:|1696212535\n|move|p2b: Unstoppable force|Spiky Shield|p2b: Unstoppable force\n|-singleturn|p2b: Unstoppable force|move: Protect\n|move|p1a: Bobby Lee|Follow Me|p1a: Bobby Lee\n|-singleturn|p1a: Bobby Lee|move: Follow Me\n|cant|p2a: Right leg|slp\n|move|p1b: Phoebe|Psych Up|p2a: Right leg\n|-copyboost|p1b: Phoebe|p2a: Right leg|[from] move: Psych Up\n|\n|-ability|p1a: Bobby Lee|Moody|boost\n|-boost|p1a: Bobby Lee|spe|2\n|-unboost|p1a: Bobby Lee|atk|1\n|upkeep\n|turn|10\n|\n|t:|1696212565\n|move|p1a: Bobby Lee|Follow Me|p1a: Bobby Lee\n|-singleturn|p1a: Bobby Lee|move: Follow Me\n|-curestatus|p2a: Right leg|slp|[msg]\n|move|p2a: Right leg|Return|p1a: Bobby Lee\n|-damage|p1a: Bobby Lee|0 fnt\n|faint|p1a: Bobby Lee\n|move|p2b: Unstoppable force|Horn Leech|p1b: Phoebe\n|-damage|p1b: Phoebe|53\/100\n|-heal|p2b: Unstoppable force|61\/100|[from] drain|[of] p1b: Phoebe\n|move|p1b: Phoebe|Psychic|p2b: Unstoppable force\n|-damage|p2b: Unstoppable force|0 fnt\n|faint|p2b: Unstoppable force\n|\n|upkeep\n|\n|t:|1696212578\n|switch|p2b: Absolute shield|Clefairy, F|100\/100 slp\n|switch|p1a: Lana|Tapu Fini|100\/100\n|-fieldstart|move: Misty Terrain|[from] ability: Misty Surge|[of] p1a: Lana\n|turn|11\n|\n|t:|1696212592\n|move|p2a: Right leg|Return|p1b: Phoebe\n|-damage|p1b: Phoebe|6\/100\n|-enditem|p1b: Phoebe|Wiki Berry|[eat]\n|-heal|p1b: Phoebe|39\/100|[from] item: Wiki Berry\n|move|p1b: Phoebe|Dazzling Gleam|p2b: Absolute shield|[spread] p2a,p2b\n|-supereffective|p2a: Right leg\n|-damage|p2a: Right leg|45\/100\n|-damage|p2b: Absolute shield|67\/100 slp\n|move|p1a: Lana|Psych Up|p2a: Right leg\n|-copyboost|p1a: Lana|p2a: Right leg|[from] move: Psych Up\n|cant|p2b: Absolute shield|slp\n|\n|upkeep\n|turn|12\n|\n|t:|1696212617\n|-terastallize|p1b: Phoebe|Steel\n|move|p2a: Right leg|Return|p1b: Phoebe\n|-resisted|p1b: Phoebe\n|-damage|p1b: Phoebe|16\/100\n|move|p1b: Phoebe|Dazzling Gleam|p2b: Absolute shield|[spread] p2a,p2b\n|-supereffective|p2a: Right leg\n|-damage|p2a: Right leg|0 fnt\n|-damage|p2b: Absolute shield|36\/100 slp\n|faint|p2a: Right leg\n|move|p1a: Lana|Dazzling Gleam|p2b: Absolute shield\n|-damage|p2b: Absolute shield|1\/100 slp\n|-curestatus|p2b: Absolute shield|slp|[msg]\n|move|p2b: Absolute shield|Aromatherapy|p2b: Absolute shield\n|-activate|p2b: Absolute shield|move: Aromatherapy\n|-curestatus|p2: Enlightened Mind|brn|[msg]\n|\n|upkeep\n|\n|t:|1696212623\n|switch|p2a: Enlightened Mind|Espeon, F|6\/100\n|turn|13\n|\n|t:|1696212635\n|move|p2b: Absolute shield|Follow Me|p2b: Absolute shield\n|-singleturn|p2b: Absolute shield|move: Follow Me\n|move|p1b: Phoebe|Dazzling Gleam|p2a: Enlightened Mind|[spread] p2a,p2b\n|-damage|p2a: Enlightened Mind|0 fnt\n|-damage|p2b: Absolute shield|0 fnt\n|faint|p2a: Enlightened Mind\n|faint|p2b: Absolute shield\n|move|p1a: Lana|Dazzling Gleam|p2: Enlightened Mind|[notarget]\n|-fail|p1a: Lana\n|\n|upkeep\n|\n|t:|1696212644\n|switch|p2b: Tapu Lele|Tapu Lele|100\/100\n|-fieldstart|move: Psychic Terrain|[from] ability: Psychic Surge|[of] p2b: Tapu Lele\n|turn|14\n|c|\u2606EthanMenos10|gg\n|\n|t:|1696212652\n|move|p1b: Phoebe|Dazzling Gleam|p2b: Tapu Lele\n|-damage|p2b: Tapu Lele|25\/100\n|move|p1a: Lana|Taunt|p2b: Tapu Lele\n|-start|p2b: Tapu Lele|move: Taunt\n|move|p2b: Tapu Lele|Focus Blast|p1b: Phoebe\n|-supereffective|p1b: Phoebe\n|-damage|p1b: Phoebe|0 fnt\n|faint|p1b: Phoebe\n|\n|upkeep\n|c|\u2606MirzaMirza|gg\n|\n|t:|1696212661\n|switch|p1b: Azura|Suicune|100\/100\n|turn|15\n|\n|t:|1696212666\n|move|p1a: Lana|Dazzling Gleam|p2b: Tapu Lele\n|-damage|p2b: Tapu Lele|0 fnt\n|faint|p2b: Tapu Lele\n|\n|win|MirzaMirza\n|raw|MirzaMirza's rating: 1354 &rarr; <strong>1367<\/strong><br \/>(+13 for winning)\n|raw|EthanMenos10's rating: 1234 &rarr; <strong>1217<\/strong><br \/>(-17 for losing)\n|l|\u2606EthanMenos10\n","uploadtime":1696213449,"views":7,"p1id":"mirzamirza","p2id":"ethanmenos10","formatid":"gen9nationaldexdoubles","rating":1217,"private":0,"password":""}