{"id":"gen9nationaldexdoubles-1958879133","p1":"Immagamer","p2":"Uchaku","format":"[Gen 9] National Dex Doubles","log":"|j|\u2606Immagamer\n|j|\u2606Uchaku\n|t:|1696365095\n|gametype|doubles\n|player|p1|Immagamer|lucas|1269\n|player|p2|Uchaku|colress|1261\n|teamsize|p1|6\n|teamsize|p2|6\n|gen|9\n|tier|[Gen 9] National Dex Doubles\n|rated|\n|rule|HP Percentage Mod: HP is shown in percentages\n|rule|Endless Battle Clause: Forcing endless battles is banned\n|rule|OHKO Clause: OHKO moves are banned\n|rule|Evasion Moves Clause: Evasion moves are banned\n|rule|Evasion Abilities Clause: Evasion abilities are banned\n|rule|Species Clause: Limit one of each Pok\u00e9mon\n|rule|Gravity Sleep Clause: The combination of sleep-inducing moves with imperfect accuracy and Gravity or Gigantamax Orbeetle are banned\n|clearpoke\n|poke|p1|Clefable, M|\n|poke|p1|Maushold-Four|\n|poke|p1|Indeedee-F, F|\n|poke|p1|Mr. Mime, M|\n|poke|p1|Scolipede, M|\n|poke|p1|Flamigo, M|\n|poke|p2|Ursaluna-Bloodmoon, M|\n|poke|p2|Slowbro-Galar, M|\n|poke|p2|Spiritomb, F|\n|poke|p2|Copperajah, F|\n|poke|p2|Exeggutor-Alola, M|\n|poke|p2|Volcanion|\n|teampreview\n|inactive|Battle timer is ON: inactive players will automatically lose when time's up. (requested by Immagamer)\n|inactive|Uchaku has 120 seconds left.\n|\n|t:|1696365140\n|start\n|switch|p1a: Clefable|Clefable, M|100\/100\n|switch|p1b: Maushold|Maushold-Four|100\/100\n|switch|p2a: Spiritomb|Spiritomb, F, shiny|100\/100\n|switch|p2b: Copperajah|Copperajah, F, shiny|100\/100\n|turn|1\n|\n|t:|1696365154\n|move|p1b: Maushold|Follow Me|p1b: Maushold\n|-singleturn|p1b: Maushold|move: Follow Me\n|move|p1a: Clefable|Belly Drum|p1a: Clefable\n|-damage|p1a: Clefable|50\/100\n|-setboost|p1a: Clefable|atk|6|[from] move: Belly Drum\n|-enditem|p1a: Clefable|Sitrus Berry|[eat]\n|-heal|p1a: Clefable|75\/100|[from] item: Sitrus Berry\n|move|p2b: Copperajah|Heavy Slam|p1b: Maushold\n|-enditem|p1b: Maushold|Focus Sash\n|-damage|p1b: Maushold|1\/100\n|move|p2a: Spiritomb|Trick Room|p2a: Spiritomb\n|-fieldstart|move: Trick Room|[of] p2a: Spiritomb\n|-enditem|p2a: Spiritomb|Room Service\n|-unboost|p2a: Spiritomb|spe|1|[from] item: Room Service\n|\n|upkeep\n|turn|2\n|inactive|Uchaku has 120 seconds left.\n|\n|t:|1696365190\n|switch|p2a: Volcanion|Volcanion|100\/100\n|move|p1a: Clefable|Protect|p1a: Clefable\n|-singleturn|p1a: Clefable|Protect\n|move|p1b: Maushold|Follow Me|p1b: Maushold\n|-singleturn|p1b: Maushold|move: Follow Me\n|move|p2b: Copperajah|Heavy Slam|p1b: Maushold\n|-damage|p1b: Maushold|0 fnt\n|faint|p1b: Maushold\n|\n|upkeep\n|\n|t:|1696365209\n|switch|p1b: Indeedee|Indeedee-F, F|100\/100\n|-fieldstart|move: Psychic Terrain|[from] ability: Psychic Surge|[of] p1b: Indeedee\n|turn|3\n|inactive|Uchaku has 120 seconds left.\n|\n|t:|1696365243\n|move|p1b: Indeedee|Follow Me|p1b: Indeedee\n|-singleturn|p1b: Indeedee|move: Follow Me\n|move|p2b: Copperajah|Heavy Slam|p1b: Indeedee\n|-enditem|p1b: Indeedee|Focus Sash\n|-damage|p1b: Indeedee|1\/100\n|move|p1a: Clefable|Baton Pass|p1a: Clefable\n|\n|t:|1696365265\n|switch|p1a: Scolipede|Scolipede, M|100\/100|[from] Baton Pass\n|move|p2a: Volcanion|Steam Eruption|p1b: Indeedee\n|-crit|p1b: Indeedee\n|-damage|p1b: Indeedee|0 fnt\n|faint|p1b: Indeedee\n|-damage|p2a: Volcanion|91\/100|[from] item: Life Orb\n|\n|upkeep\n|\n|t:|1696365273\n|switch|p1b: Mr. Mime|Mr. Mime, M|100\/100\n|turn|4\n|inactive|Uchaku has 120 seconds left.\n|\n|t:|1696365311\n|move|p1b: Mr. Mime|Protect|p1b: Mr. Mime\n|-singleturn|p1b: Mr. Mime|Protect\n|move|p1a: Scolipede|Protect|p1a: Scolipede\n|-singleturn|p1a: Scolipede|Protect\n|move|p2b: Copperajah|Heavy Slam|p1b: Mr. Mime\n|-activate|p1b: Mr. Mime|move: Protect\n|move|p2a: Volcanion|Flamethrower|p1a: Scolipede\n|-activate|p1a: Scolipede|move: Protect\n|\n|-ability|p1a: Scolipede|Speed Boost|boost\n|-boost|p1a: Scolipede|spe|1\n|upkeep\n|turn|5\n|inactive|Uchaku has 120 seconds left.\n|inactive|Uchaku has 90 seconds left.\n|\n|t:|1696365364\n|-terastallize|p1a: Scolipede|Ground\n|move|p1b: Mr. Mime|Follow Me|p1b: Mr. Mime\n|-singleturn|p1b: Mr. Mime|move: Follow Me\n|move|p2b: Copperajah|Heavy Slam|p1b: Mr. Mime\n|-supereffective|p1b: Mr. Mime\n|-enditem|p1b: Mr. Mime|Focus Sash\n|-damage|p1b: Mr. Mime|1\/100\n|move|p2a: Volcanion|Flamethrower|p1b: Mr. Mime\n|-damage|p1b: Mr. Mime|0 fnt\n|faint|p1b: Mr. Mime\n|-damage|p2a: Volcanion|81\/100|[from] item: Life Orb\n|move|p1a: Scolipede|Earthquake|p2b: Copperajah|[spread] p2a,p2b\n|-supereffective|p2a: Volcanion\n|-supereffective|p2b: Copperajah\n|-damage|p2a: Volcanion|0 fnt\n|-damage|p2b: Copperajah|0 fnt\n|faint|p2a: Volcanion\n|faint|p2b: Copperajah\n|\n|-fieldend|move: Trick Room\n|-ability|p1a: Scolipede|Speed Boost|boost\n|-boost|p1a: Scolipede|spe|1\n|upkeep\n|\n|t:|1696365385\n|switch|p1b: Flamigo|Flamigo, M|100\/100\n|switch|p2a: Exeggutor|Exeggutor-Alola, M, shiny|100\/100\n|switch|p2b: Ursaluna|Ursaluna-Bloodmoon, M|100\/100\n|-copyboost|p1b: Flamigo|p1a: Scolipede|[from] ability: Costar\n|turn|6\n|\n|t:|1696365400\n|move|p1a: Scolipede|Earthquake|p2b: Ursaluna|[spread] p2a,p2b\n|-immune|p1b: Flamigo\n|-resisted|p2a: Exeggutor\n|-damage|p2a: Exeggutor|27\/100\n|-damage|p2b: Ursaluna|0 fnt\n|-enditem|p2a: Exeggutor|Sitrus Berry|[eat]\n|-heal|p2a: Exeggutor|52\/100|[from] item: Sitrus Berry\n|faint|p2b: Ursaluna\n|move|p1b: Flamigo|Brave Bird|p2a: Exeggutor\n|-supereffective|p2a: Exeggutor\n|-damage|p2a: Exeggutor|0 fnt\n|faint|p2a: Exeggutor\n|-damage|p1b: Flamigo|79\/100|[from] Recoil\n|\n|-ability|p1a: Scolipede|Speed Boost|boost\n|-boost|p1a: Scolipede|spe|1\n|upkeep\n|inactive|Uchaku has 90 seconds left.\n|\n|t:|1696365434\n|switch|p2b: Spiritomb|Spiritomb, F, shiny|100\/100\n|switch|p2a: Slowbro|Slowbro-Galar, M, shiny|100\/100\n|turn|7\n|\n|t:|1696365452\n|move|p2b: Spiritomb|Sucker Punch|p1a: Scolipede\n|-activate|p1a: Scolipede|move: Psychic Terrain\n|move|p1a: Scolipede|Earthquake|p2a: Slowbro|[spread] p2a,p2b\n|-immune|p1b: Flamigo\n|-supereffective|p2a: Slowbro\n|-damage|p2a: Slowbro|0 fnt\n|-damage|p2b: Spiritomb|0 fnt\n|faint|p2a: Slowbro\n|faint|p2b: Spiritomb\n|\n|win|Immagamer\n|raw|Immagamer's rating: 1269 &rarr; <strong>1293<\/strong><br \/>(+24 for winning)\n|raw|Uchaku's rating: 1261 &rarr; <strong>1237<\/strong><br \/>(-24 for losing)\n","uploadtime":1696365460,"views":13,"p1id":"immagamer","p2id":"uchaku","formatid":"gen9nationaldexdoubles","rating":1237,"private":0,"password":""}