{"id":"gen9nationaldexdoubles-1955777378","p1":"UncleKars","p2":"Kelpton","format":"[Gen 9] National Dex Doubles","log":"|j|\u2606UncleKars\n|j|\u2606Kelpton\n|t:|1696027027\n|gametype|doubles\n|player|p1|UncleKars|silver|\n|player|p2|Kelpton|102|\n|teamsize|p1|6\n|teamsize|p2|6\n|gen|9\n|tier|[Gen 9] National Dex Doubles\n|rule|HP Percentage Mod: HP is shown in percentages\n|rule|Endless Battle Clause: Forcing endless battles is banned\n|rule|OHKO Clause: OHKO moves are banned\n|rule|Evasion Moves Clause: Evasion moves are banned\n|rule|Evasion Abilities Clause: Evasion abilities are banned\n|rule|Species Clause: Limit one of each Pok\u00e9mon\n|rule|Gravity Sleep Clause: The combination of sleep-inducing moves with imperfect accuracy and Gravity or Gigantamax Orbeetle are banned\n|clearpoke\n|poke|p1|Mudsdale, F|\n|poke|p1|Kommo-o, M|\n|poke|p1|Cacturne, M|\n|poke|p1|Ampharos, M|\n|poke|p1|Palafin, M|\n|poke|p1|Perrserker, M|\n|poke|p2|Espurr, M|\n|poke|p2|Buneary, F|\n|poke|p2|Ditto|\n|poke|p2|Mimikyu, F|\n|poke|p2|Snubbull, F|\n|poke|p2|Gengar, M|\n|teampreview\n|\n|t:|1696027034\n|start\n|switch|p1a: Rodeo|Mudsdale, F|100\/100\n|switch|p1b: Il|Palafin, M|100\/100\n|switch|p2a: Mimikyu|Mimikyu, F|100\/100\n|switch|p2b: Espurr|Espurr, M|100\/100\n|turn|1\n|\n|t:|1696027051\n|move|p1b: Il|Flip Turn|p2a: Mimikyu\n|-activate|p2a: Mimikyu|ability: Disguise\n|-damage|p2a: Mimikyu|100\/100\n|detailschange|p2a: Mimikyu|Mimikyu-Busted, F\n|-damage|p2a: Mimikyu|88\/100|[from] pokemon: Mimikyu-Busted\n|c|\u2606UncleKars|Harte: Oh not the fucking horse. Okay.\n|\n|t:|1696027065\n|detailschange|p1b: Il|Palafin-Hero, M\n|switch|p1b: Clawful|Perrserker, M|100\/100|[from] Flip Turn\n|move|p2a: Mimikyu|Destiny Bond|p2a: Mimikyu\n|-singlemove|p2a: Mimikyu|Destiny Bond\n|move|p2b: Espurr|Light Screen|p2b: Espurr\n|-sidestart|p2: Kelpton|move: Light Screen\n|move|p1a: Rodeo|Iron Defense|p1a: Rodeo\n|-boost|p1a: Rodeo|def|2\n|\n|-heal|p2a: Mimikyu|94\/100|[from] item: Leftovers\n|upkeep\n|turn|2\n|\n|t:|1696027095\n|switch|p2a: Buneary|Buneary, F|100\/100\n|switch|p2b: Snubbull|Snubbull, F|100\/100\n|-ability|p2b: Snubbull|Intimidate|boost\n|-unboost|p1a: Rodeo|atk|1\n|-unboost|p1b: Clawful|atk|1\n|move|p1b: Clawful|Hone Claws|p1b: Clawful\n|-boost|p1b: Clawful|atk|1\n|-boost|p1b: Clawful|accuracy|1\n|move|p1a: Rodeo|Iron Head|p2b: Snubbull\n|-supereffective|p2b: Snubbull\n|-damage|p2b: Snubbull|21\/100\n|\n|upkeep\n|turn|3\n|c|\u2606UncleKars|GOOD SWITCH. INTIMIDATE.\n|\n|t:|1696027123\n|-terastallize|p2a: Buneary|Normal\n|move|p2a: Buneary|Endeavor|p1a: Rodeo\n|-damage|p1a: Rodeo|78\/100\n|-ability|p1a: Rodeo|Stamina|boost\n|-boost|p1a: Rodeo|def|1\n|move|p1b: Clawful|Shadow Claw|p2b: Snubbull\n|-damage|p2b: Snubbull|0 fnt\n|faint|p2b: Snubbull\n|move|p1a: Rodeo|Body Press|p2a: Buneary\n|-supereffective|p2a: Buneary\n|-damage|p2a: Buneary|0 fnt\n|faint|p2a: Buneary\n|\n|-heal|p1a: Rodeo|84\/100|[from] item: Leftovers\n|upkeep\n|c|\u2606UncleKars|Harte: The Perrserker probably has steel moves. Oh. Never mind. Oh. Oh Arceus.\n|\n|t:|1696027150\n|switch|p2a: Espurr|Espurr, M|100\/100\n|switch|p2b: Mimikyu|Mimikyu-Busted, F|94\/100\n|turn|4\n|\n|t:|1696027171\n|move|p2b: Mimikyu|Destiny Bond|p2b: Mimikyu\n|-singlemove|p2b: Mimikyu|Destiny Bond\n|move|p2a: Espurr|Reflect|p2a: Espurr\n|-sidestart|p2: Kelpton|Reflect\n|move|p1b: Clawful|Shadow Claw|p2b: Mimikyu\n|-supereffective|p2b: Mimikyu\n|-damage|p2b: Mimikyu|38\/100\n|move|p1a: Rodeo|Iron Head|p2a: Espurr\n|-damage|p2a: Espurr|73\/100\n|\n|-heal|p2b: Mimikyu|44\/100|[from] item: Leftovers\n|-heal|p1a: Rodeo|91\/100|[from] item: Leftovers\n|upkeep\n|turn|5\n|c|\u2606UncleKars|Harte: Okay. Screens are really good.\n|\n|t:|1696027201\n|move|p2b: Mimikyu|Drain Punch|p1b: Clawful\n|-supereffective|p1b: Clawful\n|-damage|p1b: Clawful|66\/100\n|-heal|p2b: Mimikyu|63\/100|[from] drain|[of] p1b: Clawful\n|move|p2a: Espurr|Play Rough|p1a: Rodeo\n|-damage|p1a: Rodeo|87\/100\n|-ability|p1a: Rodeo|Stamina|boost\n|-boost|p1a: Rodeo|def|1\n|move|p1b: Clawful|Shadow Claw|p2b: Mimikyu\n|-supereffective|p2b: Mimikyu\n|-crit|p2b: Mimikyu\n|-damage|p2b: Mimikyu|0 fnt\n|faint|p2b: Mimikyu\n|move|p1a: Rodeo|Body Press|p2a: Espurr\n|-resisted|p2a: Espurr\n|-damage|p2a: Espurr|41\/100\n|\n|-heal|p1a: Rodeo|93\/100|[from] item: Leftovers\n|-sideend|p2: Kelpton|move: Light Screen\n|upkeep\n|c|\u2606UncleKars|Harte: Keep using destiny bond.\n|c|\u2606UncleKars|Harte: Oh Arceus.\n|c|\u2606Kelpton|SUHANW\n|\n|t:|1696027228\n|switch|p2b: Ditto|Ditto|100\/100\n|turn|6\n|c|\u2606UncleKars|Harte: This is awful.\n|\n|t:|1696027248\n|move|p2b: Ditto|Transform|p1a: Rodeo\n|-transform|p2b: Ditto|p1a: Rodeo\n|move|p2a: Espurr|Thunder Wave|p1a: Rodeo\n|-immune|p1a: Rodeo\n|move|p1b: Clawful|Shadow Claw|p2a: Espurr\n|-supereffective|p2a: Espurr\n|-damage|p2a: Espurr|0 fnt\n|faint|p2a: Espurr\n|move|p1a: Rodeo|Body Press|p2b: Ditto\n|-damage|p2b: Ditto|86\/100\n|-ability|p2b: Ditto|Stamina|boost\n|-boost|p2b: Ditto|def|1\n|\n|-heal|p1a: Rodeo|99\/100|[from] item: Leftovers\n|upkeep\n|\n|t:|1696027265\n|switch|p2a: Gengar|Gengar, M, shiny|100\/100\n|turn|7\n|\n|t:|1696027279\n|move|p2a: Gengar|Poison Jab|p1a: Rodeo\n|-resisted|p1a: Rodeo\n|-damage|p1a: Rodeo|95\/100\n|-ability|p1a: Rodeo|Stamina|boost\n|-boost|p1a: Rodeo|def|1\n|move|p1b: Clawful|U-turn|p2b: Ditto\n|-damage|p2b: Ditto|79\/100\n|-ability|p2b: Ditto|Stamina|boost\n|-boost|p2b: Ditto|def|1\n|\n|t:|1696027292\n|switch|p1b: Cowboy|Kommo-o, M|100\/100|[from] U-turn\n|move|p1a: Rodeo|Iron Defense|p1a: Rodeo\n|-boost|p1a: Rodeo|def|1\n|move|p2b: Ditto|Iron Defense|p2b: Ditto\n|-boost|p2b: Ditto|def|0\n|\n|-heal|p1a: Rodeo|100\/100|[from] item: Leftovers\n|upkeep\n|turn|8\n|\n|t:|1696027327\n|move|p2a: Gengar|Shadow Claw|p1b: Cowboy\n|-damage|p1b: Cowboy|76\/100\n|move|p1b: Cowboy|Clanging Scales|p2b: Ditto|[spread] p2a,p2b\n|-damage|p2a: Gengar|44\/100\n|-damage|p2b: Ditto|31\/100\n|-unboost|p1b: Cowboy|def|1\n|move|p1a: Rodeo|High Horsepower|p2a: Gengar\n|-supereffective|p2a: Gengar\n|-damage|p2a: Gengar|0 fnt\n|-start|p1a: Rodeo|Disable|High Horsepower|[from] ability: Cursed Body|[of] p2a: Gengar\n|faint|p2a: Gengar\n|move|p2b: Ditto|Iron Head|p1a: Rodeo\n|-damage|p1a: Rodeo|96\/100\n|\n|-heal|p1a: Rodeo|100\/100|[from] item: Leftovers\n|-sideend|p2: Kelpton|Reflect\n|upkeep\n|turn|9\n|c|\u2606UncleKars|Harte: WHY IS THE HORSE SPECIALLY DEFENSIVE TOO. I mean, GREAT for your ditto, but. Eeeeesh.\n|\n|t:|1696027392\n|move|p1b: Cowboy|Aura Sphere|p2b: Ditto\n|-damage|p2b: Ditto|0 fnt\n|faint|p2b: Ditto\n|\n|win|UncleKars\n","uploadtime":1696027399,"views":12,"p1id":"unclekars","p2id":"kelpton","formatid":"gen9nationaldexdoubles","rating":0,"private":0,"password":""}