{"id":"gen9nationaldexdoubles-1964506263","p1":"OceanicGamer2","p2":"Gumbus wumbus","format":"[Gen 9] National Dex Doubles","log":"|j|\u2606OceanicGamer2\n|j|\u2606Gumbus wumbus\n|t:|1696974819\n|gametype|doubles\n|player|p1|OceanicGamer2|170|1086\n|player|p2|Gumbus wumbus|clown|1044\n|teamsize|p1|6\n|teamsize|p2|6\n|gen|9\n|tier|[Gen 9] National Dex Doubles\n|rated|\n|rule|HP Percentage Mod: HP is shown in percentages\n|rule|Endless Battle Clause: Forcing endless battles is banned\n|rule|OHKO Clause: OHKO moves are banned\n|rule|Evasion Moves Clause: Evasion moves are banned\n|rule|Evasion Abilities Clause: Evasion abilities are banned\n|rule|Species Clause: Limit one of each Pok\u00e9mon\n|rule|Gravity Sleep Clause: The combination of sleep-inducing moves with imperfect accuracy and Gravity or Gigantamax Orbeetle are banned\n|clearpoke\n|poke|p1|Drifblim, M|\n|poke|p1|Tapu Lele|\n|poke|p1|Chandelure, M|\n|poke|p1|Torkoal, F|\n|poke|p1|Shiftry, F|\n|poke|p1|Walking Wake|\n|poke|p2|Amoonguss, F|\n|poke|p2|Ursaluna-Bloodmoon, M|\n|poke|p2|Garganacl, M|\n|poke|p2|Flutter Mane|\n|poke|p2|Iron Hands|\n|poke|p2|Indeedee-F, F|\n|teampreview\n|inactive|Battle timer is ON: inactive players will automatically lose when time's up. (requested by OceanicGamer2)\n|\n|t:|1696974827\n|start\n|switch|p1a: Drifblim|Drifblim, M, shiny|100\/100\n|switch|p1b: Tapu Lele|Tapu Lele, shiny|100\/100\n|switch|p2a: Powder|Amoonguss, F, shiny|100\/100\n|switch|p2b: Special|Ursaluna-Bloodmoon, M|100\/100\n|-fieldstart|move: Psychic Terrain|[from] ability: Psychic Surge|[of] p1b: Tapu Lele\n|-enditem|p1a: Drifblim|Psychic Seed\n|-boost|p1a: Drifblim|spd|1|[from] item: Psychic Seed\n|turn|1\n|inactive|Gumbus wumbus has 120 seconds left.\n|\n|t:|1696974857\n|move|p2a: Powder|Rage Powder|p2a: Powder\n|-singleturn|p2a: Powder|move: Rage Powder\n|move|p1a: Drifblim|Tailwind|p1a: Drifblim\n|-sidestart|p1: OceanicGamer2|move: Tailwind\n|move|p1b: Tapu Lele|Focus Blast|p2a: Powder\n|-resisted|p2a: Powder\n|-damage|p2a: Powder|82\/100\n|move|p2b: Special|Blood Moon|p1b: Tapu Lele\n|-damage|p1b: Tapu Lele|0 fnt\n|faint|p1b: Tapu Lele\n|-damage|p2b: Special|91\/100|[from] item: Life Orb\n|\n|upkeep\n|\n|t:|1696974866\n|switch|p1b: Chandelure|Chandelure, M, shiny|100\/100\n|turn|2\n|\n|t:|1696974884\n|switch|p1a: Torkoal|Torkoal, F, shiny|100\/100\n|-weather|SunnyDay|[from] ability: Drought|[of] p1a: Torkoal\n|move|p2a: Powder|Protect|p2a: Powder\n|-singleturn|p2a: Powder|Protect\n|move|p1b: Chandelure|Heat Wave|p2b: Special|[spread] p2b\n|-activate|p2a: Powder|move: Protect\n|-damage|p2b: Special|9\/100\n|move|p2b: Special|Earth Power|p1b: Chandelure\n|-supereffective|p1b: Chandelure\n|-damage|p1b: Chandelure|0 fnt\n|faint|p1b: Chandelure\n|-damage|p2b: Special|0 fnt|[from] item: Life Orb\n|faint|p2b: Special\n|\n|-weather|SunnyDay|[upkeep]\n|upkeep\n|\n|t:|1696974908\n|switch|p1b: Walking Wake|Walking Wake|100\/100\n|switch|p2b: Speed|Flutter Mane, shiny|100\/100\n|-activate|p1b: Walking Wake|ability: Protosynthesis\n|-start|p1b: Walking Wake|protosynthesisspa\n|-activate|p2b: Speed|ability: Protosynthesis\n|-start|p2b: Speed|protosynthesisspe\n|turn|3\n|\n|t:|1696974921\n|move|p2a: Powder|Rage Powder|p2a: Powder\n|-singleturn|p2a: Powder|move: Rage Powder\n|move|p1b: Walking Wake|Hydro Steam|p2a: Powder\n|-resisted|p2a: Powder\n|-damage|p2a: Powder|33\/100\n|-damage|p1b: Walking Wake|91\/100|[from] item: Life Orb\n|move|p2b: Speed|Dazzling Gleam|p1a: Torkoal|[spread] p1a,p1b\n|-resisted|p1a: Torkoal\n|-supereffective|p1b: Walking Wake\n|-damage|p1a: Torkoal|81\/100\n|-damage|p1b: Walking Wake|14\/100\n|move|p1a: Torkoal|Lava Plume|p2a: Powder|[spread] p1b,p2a,p2b\n|-resisted|p1b: Walking Wake\n|-supereffective|p2a: Powder\n|-damage|p1b: Walking Wake|4\/100\n|-damage|p2a: Powder|0 fnt\n|-damage|p2b: Speed|58\/100\n|-status|p2b: Speed|brn\n|faint|p2a: Powder\n|\n|-weather|SunnyDay|[upkeep]\n|-damage|p2b: Speed|52\/100 brn|[from] brn\n|upkeep\n|\n|t:|1696974941\n|switch|p2a: Pivot|Indeedee-F, F, shiny|100\/100\n|turn|4\n|\n|t:|1696974955\n|move|p1b: Walking Wake|Hydro Steam|p2b: Speed\n|-damage|p2b: Speed|0 fnt\n|faint|p2b: Speed\n|-end|p2b: Speed|Protosynthesis|[silent]\n|-damage|p1b: Walking Wake|0 fnt|[from] item: Life Orb\n|faint|p1b: Walking Wake\n|-end|p1b: Walking Wake|Protosynthesis|[silent]\n|move|p2a: Pivot|Dazzling Gleam|p1a: Torkoal\n|-resisted|p1a: Torkoal\n|-damage|p1a: Torkoal|69\/100\n|move|p1a: Torkoal|Solar Beam||[still]\n|-prepare|p1a: Torkoal|Solar Beam\n|-anim|p1a: Torkoal|Solar Beam|p2a: Pivot\n|-damage|p2a: Pivot|68\/100\n|-enditem|p2a: Pivot|Eject Button\n|\n|t:|1696974972\n|switch|p2a: Stall|Garganacl, M, shiny|100\/100\n|\n|-weather|SunnyDay|[upkeep]\n|-sideend|p1: OceanicGamer2|move: Tailwind\n|upkeep\n|\n|t:|1696974984\n|switch|p2b: Pivot|Indeedee-F, F, shiny|68\/100\n|switch|p1b: Drifblim|Drifblim, M, shiny|100\/100\n|turn|5\n|inactive|OceanicGamer2 has 120 seconds left.\n|\n|t:|1696975022\n|move|p2b: Pivot|Follow Me|p2b: Pivot\n|-singleturn|p2b: Pivot|move: Follow Me\n|move|p1b: Drifblim|Knock Off|p2b: Pivot\n|-supereffective|p2b: Pivot\n|-damage|p2b: Pivot|42\/100\n|move|p2a: Stall|Salt Cure|p1a: Torkoal\n|-supereffective|p1a: Torkoal\n|-damage|p1a: Torkoal|47\/100\n|-start|p1a: Torkoal|Salt Cure\n|move|p1a: Torkoal|Solar Beam||[still]\n|-prepare|p1a: Torkoal|Solar Beam\n|-anim|p1a: Torkoal|Solar Beam|p2b: Pivot\n|-damage|p2b: Pivot|10\/100\n|\n|-weather|SunnyDay|[upkeep]\n|-damage|p1a: Torkoal|35\/100|[from] Salt Cure\n|-fieldend|move: Psychic Terrain\n|upkeep\n|turn|6\n|\n|t:|1696975040\n|move|p2b: Pivot|Protect|p2b: Pivot\n|-singleturn|p2b: Pivot|Protect\n|move|p2a: Stall|Protect|p2a: Stall\n|-singleturn|p2a: Stall|Protect\n|move|p1b: Drifblim|Knock Off|p2b: Pivot\n|-activate|p2b: Pivot|move: Protect\n|move|p1a: Torkoal|Solar Beam||[still]\n|-prepare|p1a: Torkoal|Solar Beam\n|-anim|p1a: Torkoal|Solar Beam|p2a: Stall\n|-activate|p2a: Stall|move: Protect\n|\n|-weather|none\n|-damage|p1a: Torkoal|23\/100|[from] Salt Cure\n|upkeep\n|turn|7\n|\n|t:|1696975065\n|switch|p2b: Physical|Iron Hands, shiny|100\/100\n|move|p1b: Drifblim|Acrobatics|p2b: Physical\n|-damage|p2b: Physical|78\/100\n|move|p2a: Stall|Stealth Rock|p1b: Drifblim\n|-sidestart|p1: OceanicGamer2|move: Stealth Rock\n|move|p1a: Torkoal|Superpower|p2a: Stall\n|-supereffective|p2a: Stall\n|-damage|p2a: Stall|71\/100\n|-unboost|p1a: Torkoal|atk|1\n|-unboost|p1a: Torkoal|def|1\n|\n|-heal|p2a: Stall|77\/100|[from] item: Leftovers\n|-damage|p1a: Torkoal|10\/100|[from] Salt Cure\n|upkeep\n|turn|8\n|inactive|OceanicGamer2 has 120 seconds left.\n|\n|t:|1696975102\n|move|p1b: Drifblim|Will-O-Wisp|p2b: Physical|[miss]\n|-miss|p1b: Drifblim|p2b: Physical\n|move|p2b: Physical|Thunder Punch|p1b: Drifblim\n|-supereffective|p1b: Drifblim\n|-damage|p1b: Drifblim|0 fnt\n|faint|p1b: Drifblim\n|move|p2a: Stall|Salt Cure|p1a: Torkoal\n|-supereffective|p1a: Torkoal\n|-damage|p1a: Torkoal|0 fnt\n|faint|p1a: Torkoal\n|\n|-heal|p2a: Stall|83\/100|[from] item: Leftovers\n|upkeep\n|-message|OceanicGamer2 forfeited.\n|\n|win|Gumbus wumbus\n|raw|OceanicGamer2's rating: 1086 &rarr; <strong>1060<\/strong><br \/>(-26 for losing)\n|raw|Gumbus wumbus's rating: 1044 &rarr; <strong>1081<\/strong><br \/>(+37 for winning)\n|l|\u2606OceanicGamer2\n|c|\u2606Gumbus wumbus|Gg\n","uploadtime":1696975122,"views":8,"p1id":"oceanicgamer2","p2id":"gumbuswumbus","formatid":"gen9nationaldexdoubles","rating":1060,"private":0,"password":""}