{"id":"gen9nationaldexdoubles-1972768476","p1":"nombre epico.jpg","p2":"Shadow Dotto","format":"[Gen 9] National Dex Doubles","log":"|j|\u2606nombre epico.jpg\n|j|\u2606Shadow Dotto\n|t:|1697892337\n|gametype|doubles\n|player|p1|nombre epico.jpg|volo|1343\n|player|p2|Shadow Dotto|mela|1333\n|teamsize|p1|6\n|teamsize|p2|6\n|gen|9\n|tier|[Gen 9] National Dex Doubles\n|rated|\n|rule|HP Percentage Mod: HP is shown in percentages\n|rule|Endless Battle Clause: Forcing endless battles is banned\n|rule|OHKO Clause: OHKO moves are banned\n|rule|Evasion Moves Clause: Evasion moves are banned\n|rule|Evasion Abilities Clause: Evasion abilities are banned\n|rule|Species Clause: Limit one of each Pok\u00e9mon\n|rule|Gravity Sleep Clause: The combination of sleep-inducing moves with imperfect accuracy and Gravity or Gigantamax Orbeetle are banned\n|clearpoke\n|poke|p1|Porygon2|\n|poke|p1|Garchomp, F|\n|poke|p1|Tyranitar, F|\n|poke|p1|Sableye, M|\n|poke|p1|Excadrill, M|\n|poke|p1|Tornadus, M|\n|poke|p2|Ogerpon-Hearthflame, F|\n|poke|p2|Charizard, F|\n|poke|p2|Tornadus, M|\n|poke|p2|Chi-Yu|\n|poke|p2|Flutter Mane|\n|poke|p2|Lilligant-Hisui, F|\n|teampreview\n|inactive|Battle timer is ON: inactive players will automatically lose when time's up. (requested by Shadow Dotto)\n|c|\u2606nombre epico.jpg|Que\n|inactive|nombre epico.jpg has 120 seconds left.\n|\n|t:|1697892369\n|start\n|switch|p1a: Tornadus|Tornadus, M, shiny|100\/100\n|switch|p1b: Porygon2|Porygon2|100\/100\n|switch|p2a: Tornadus|Tornadus, M, shiny|100\/100\n|switch|p2b: Ogerpon|Ogerpon-Hearthflame, F|100\/100\n|-ability|p2b: Ogerpon|Mold Breaker\n|-ability|p1b: Porygon2|Mold Breaker\n|-ability|p1b: Porygon2|Mold Breaker|[from] ability: Trace|[of] p2b: Ogerpon\n|turn|1\n|\n|t:|1697892391\n|-terastallize|p2b: Ogerpon|Fire\n|detailschange|p2b: Ogerpon|Ogerpon-Hearthflame-Tera, F, tera:Fire\n|-ability|p2b: Ogerpon|Embody Aspect (Hearthflame)|boost\n|-boost|p2b: Ogerpon|atk|1\n|move|p1a: Tornadus|Tailwind|p1a: Tornadus\n|-sidestart|p1: nombre epico.jpg|move: Tailwind\n|move|p2a: Tornadus|Tailwind|p2a: Tornadus\n|-sidestart|p2: Shadow Dotto|move: Tailwind\n|move|p2b: Ogerpon|Swords Dance|p2b: Ogerpon\n|-boost|p2b: Ogerpon|atk|2\n|move|p1b: Porygon2|Tri Attack|p2b: Ogerpon\n|-damage|p2b: Ogerpon|65\/100\n|\n|upkeep\n|turn|2\n|\n|t:|1697892409\n|move|p1b: Porygon2|Protect|p1b: Porygon2\n|-singleturn|p1b: Porygon2|Protect\n|move|p2b: Ogerpon|Horn Leech|p1b: Porygon2\n|-activate|p1b: Porygon2|move: Protect\n|move|p1a: Tornadus|Bleakwind Storm|p2a: Tornadus|[spread] p2a,p2b\n|-damage|p2a: Tornadus|71\/100\n|-damage|p2b: Ogerpon|21\/100\n|-unboost|p2a: Tornadus|spe|1\n|-unboost|p2b: Ogerpon|spe|1\n|move|p2a: Tornadus|Bleakwind Storm|p1b: Porygon2|[spread] p1a\n|-activate|p1b: Porygon2|move: Protect\n|-damage|p1a: Tornadus|65\/100\n|\n|-heal|p2a: Tornadus|77\/100|[from] item: Leftovers\n|upkeep\n|turn|3\n|\n|t:|1697892431\n|move|p1a: Tornadus|Bleakwind Storm|p2a: Tornadus|[spread] p2a\n|-miss|p1a: Tornadus|p2b: Ogerpon\n|-damage|p2a: Tornadus|50\/100\n|-unboost|p2a: Tornadus|spe|1\n|move|p2b: Ogerpon|Ivy Cudgel|p1a: Tornadus\n|-damage|p1a: Tornadus|0 fnt\n|faint|p1a: Tornadus\n|move|p1b: Porygon2|Thunderbolt|p2a: Tornadus\n|-supereffective|p2a: Tornadus\n|-damage|p2a: Tornadus|10\/100\n|move|p2a: Tornadus|Bleakwind Storm|p1b: Porygon2\n|-damage|p1b: Porygon2|75\/100\n|\n|-heal|p2a: Tornadus|16\/100|[from] item: Leftovers\n|upkeep\n|j| Laessy\n|inactive|nombre epico.jpg has 120 seconds left.\n|\n|t:|1697892455\n|switch|p1a: Garchomp|Garchomp, F|100\/100\n|turn|4\n|l| Laessy\n|\n|t:|1697892469\n|switch|p2a: Flutter Mane|Flutter Mane|100\/100\n|detailschange|p1a: Garchomp|Garchomp-Mega, F\n|-mega|p1a: Garchomp|Garchomp|Garchompite\n|move|p1a: Garchomp|Rock Slide|p2b: Ogerpon|[spread] p2a,p2b\n|-supereffective|p2b: Ogerpon\n|-damage|p2a: Flutter Mane|47\/100\n|-damage|p2b: Ogerpon|0 fnt\n|faint|p2b: Ogerpon\n|move|p1b: Porygon2|Tri Attack|p2a: Flutter Mane\n|-immune|p2a: Flutter Mane\n|\n|-sideend|p2: Shadow Dotto|move: Tailwind\n|-sideend|p1: nombre epico.jpg|move: Tailwind\n|upkeep\n|\n|t:|1697892484\n|switch|p2b: Tornadus|Tornadus, M, shiny|16\/100\n|turn|5\n|\n|t:|1697892502\n|switch|p1a: Excadrill|Excadrill, M, shiny|100\/100\n|switch|p2b: Charizard|Charizard, F|100\/100\n|move|p2a: Flutter Mane|Moonblast|p1a: Excadrill\n|-resisted|p1a: Excadrill\n|-damage|p1a: Excadrill|45\/100\n|move|p1b: Porygon2|Tri Attack|p2b: Charizard\n|-damage|p2b: Charizard|56\/100\n|\n|upkeep\n|turn|6\n|\n|t:|1697892519\n|switch|p1b: Tyranitar|Tyranitar, F, shiny|100\/100\n|-weather|Sandstorm|[from] ability: Sand Stream|[of] p1b: Tyranitar\n|detailschange|p2b: Charizard|Charizard-Mega-Y, F\n|-mega|p2b: Charizard|Charizard|Charizardite Y\n|-weather|SunnyDay|[from] ability: Drought|[of] p2b: Charizard\n|-activate|p2a: Flutter Mane|ability: Protosynthesis\n|-start|p2a: Flutter Mane|protosynthesisspe\n|-terastallize|p1a: Excadrill|Steel\n|move|p2a: Flutter Mane|Moonblast|p1a: Excadrill\n|-resisted|p1a: Excadrill\n|-damage|p1a: Excadrill|0 fnt\n|faint|p1a: Excadrill\n|move|p2b: Charizard|Heat Wave|p1b: Tyranitar\n|-resisted|p1b: Tyranitar\n|-crit|p1b: Tyranitar\n|-damage|p1b: Tyranitar|44\/100\n|\n|-weather|SunnyDay|[upkeep]\n|upkeep\n|\n|t:|1697892539\n|switch|p1a: Sableye|Sableye, M, shiny|100\/100\n|turn|7\n|\n|t:|1697892555\n|switch|p1b: Porygon2|Porygon2|75\/100\n|-ability|p1b: Porygon2|Drought|[from] ability: Trace|[of] p2b: Charizard\n|move|p2a: Flutter Mane|Moonblast|p1a: Sableye\n|-supereffective|p1a: Sableye\n|-damage|p1a: Sableye|0 fnt\n|faint|p1a: Sableye\n|move|p2b: Charizard|Heat Wave|p1b: Porygon2|[miss]\n|-miss|p2b: Charizard|p1b: Porygon2\n|\n|-weather|SunnyDay|[upkeep]\n|upkeep\n|\n|t:|1697892569\n|switch|p1a: Tyranitar|Tyranitar, F, shiny|44\/100\n|-weather|Sandstorm|[from] ability: Sand Stream|[of] p1a: Tyranitar\n|-end|p2a: Flutter Mane|Protosynthesis\n|turn|8\n|\n|t:|1697892581\n|move|p2a: Flutter Mane|Moonblast|p1a: Tyranitar\n|-supereffective|p1a: Tyranitar\n|-damage|p1a: Tyranitar|0 fnt\n|faint|p1a: Tyranitar\n|move|p2b: Charizard|Heat Wave|p1b: Porygon2\n|-damage|p1b: Porygon2|40\/100\n|move|p1b: Porygon2|Thunderbolt|p2b: Charizard\n|-supereffective|p2b: Charizard\n|-damage|p2b: Charizard|8\/100\n|\n|-weather|Sandstorm|[upkeep]\n|-damage|p2a: Flutter Mane|41\/100|[from] Sandstorm\n|-damage|p2b: Charizard|2\/100|[from] Sandstorm\n|-damage|p1b: Porygon2|34\/100|[from] Sandstorm\n|upkeep\n|\n|t:|1697892595\n|switch|p1a: Garchomp|Garchomp-Mega, F|100\/100\n|turn|9\n|\n|t:|1697892604\n|move|p2a: Flutter Mane|Moonblast|p1a: Garchomp\n|-supereffective|p1a: Garchomp\n|-damage|p1a: Garchomp|0 fnt\n|faint|p1a: Garchomp\n|move|p2b: Charizard|Weather Ball|p2a: Flutter Mane\n|-damage|p2a: Flutter Mane|0 fnt\n|faint|p2a: Flutter Mane\n|-end|p2a: Flutter Mane|Protosynthesis|[silent]\n|move|p1b: Porygon2|Thunderbolt|p2b: Charizard\n|-supereffective|p2b: Charizard\n|-damage|p2b: Charizard|0 fnt\n|faint|p2b: Charizard\n|\n|-weather|Sandstorm|[upkeep]\n|-damage|p1b: Porygon2|27\/100|[from] Sandstorm\n|upkeep\n|c|\u2606Shadow Dotto|LOL\n|c|\u2606nombre epico.jpg|XDDD\n|\n|t:|1697892620\n|switch|p2a: Lilligant|Lilligant-Hisui, F|100\/100\n|switch|p2b: Tornadus|Tornadus, M, shiny|16\/100\n|turn|10\n|\n|t:|1697892625\n|move|p1b: Porygon2|Protect|p1b: Porygon2\n|-singleturn|p1b: Porygon2|Protect\n|move|p2b: Tornadus|Sunny Day|p2b: Tornadus\n|-weather|SunnyDay\n|move|p2a: Lilligant|Close Combat|p1b: Porygon2\n|-activate|p1b: Porygon2|move: Protect\n|\n|-weather|SunnyDay|[upkeep]\n|-heal|p2b: Tornadus|22\/100|[from] item: Leftovers\n|upkeep\n|turn|11\n|\n|t:|1697892638\n|move|p2a: Lilligant|Solar Blade||[still]\n|-prepare|p2a: Lilligant|Solar Blade\n|-anim|p2a: Lilligant|Solar Blade|p1b: Porygon2\n|-damage|p1b: Porygon2|0 fnt\n|faint|p1b: Porygon2\n|\n|win|Shadow Dotto\n|raw|nombre epico.jpg's rating: 1343 &rarr; <strong>1322<\/strong><br \/>(-21 for losing)\n|raw|Shadow Dotto's rating: 1333 &rarr; <strong>1354<\/strong><br \/>(+21 for winning)\n|c|\u2606Shadow Dotto|Gg\n|c|\u2606nombre epico.jpg|Gg xd\n|c|\u2606Shadow Dotto|No espera\n|c|\u2606Shadow Dotto|...\n|c|\u2606Shadow Dotto|LA MADRE\n|c|\u2606Shadow Dotto|NOMBRE EPICO?\n|c|\u2606nombre epico.jpg|Reci\u00e9n te das cuenta?\n|c|\u2606Shadow Dotto|Si\n|c|\u2606Shadow Dotto|XD\n|c|\u2606nombre epico.jpg|XD\n|c|\u2606Shadow Dotto|No soy de ver los chats menos los nombres\n|c|\u2606nombre epico.jpg|Pues ni modo xd, desde un inicio ya vi que eras vos as\u00ed que xd\n|c|\u2606Shadow Dotto|Que epico\n|c|\u2606Shadow Dotto|XD\n","uploadtime":1697892738,"views":12,"p1id":"nombreepicojpg","p2id":"shadowdotto","formatid":"gen9nationaldexdoubles","rating":1322,"private":0,"password":""}