{"id":"gen9nationaldexdoubles-1980316525","p1":"lxvliiz","p2":"Leef368","format":"[Gen 9] National Dex Doubles","log":"|j|\u2606lxvliiz\n|j|\u2606Leef368\n|t:|1698774784\n|gametype|doubles\n|player|p1|lxvliiz|gambler|1060\n|player|p2|Leef368|hilbert|1000\n|teamsize|p1|6\n|teamsize|p2|6\n|gen|9\n|tier|[Gen 9] National Dex Doubles\n|rated|\n|rule|HP Percentage Mod: HP is shown in percentages\n|rule|Endless Battle Clause: Forcing endless battles is banned\n|rule|OHKO Clause: OHKO moves are banned\n|rule|Evasion Moves Clause: Evasion moves are banned\n|rule|Evasion Abilities Clause: Evasion abilities are banned\n|rule|Species Clause: Limit one of each Pok\u00e9mon\n|rule|Gravity Sleep Clause: The combination of sleep-inducing moves with imperfect accuracy and Gravity or Gigantamax Orbeetle are banned\n|clearpoke\n|poke|p1|Lilligant-Hisui, F|\n|poke|p1|Kommo-o, F|\n|poke|p1|Volcarona, F|\n|poke|p1|Oricorio-Pom-Pom, F|\n|poke|p1|Quaquaval, M|\n|poke|p1|Flamigo, F|\n|poke|p2|Charizard, M|\n|poke|p2|Baxcalibur, F|\n|poke|p2|Great Tusk|\n|poke|p2|Dudunsparce-*, M|\n|poke|p2|Noivern, F|\n|poke|p2|Ceruledge, M|\n|teampreview\n|\n|t:|1698774797\n|start\n|switch|p1a: Quaquaval|Quaquaval, M|100\/100\n|switch|p1b: Volcarona|Volcarona, F|100\/100\n|switch|p2a: Dudunsparce|Dudunsparce, M|100\/100\n|switch|p2b: Great Tusk|Great Tusk|100\/100\n|turn|1\n|\n|t:|1698774818\n|-terastallize|p1a: Quaquaval|Water\n|move|p1b: Volcarona|Quiver Dance|p1b: Volcarona\n|-boost|p1b: Volcarona|spa|1\n|-boost|p1b: Volcarona|spd|1\n|-boost|p1b: Volcarona|spe|1\n|move|p1a: Quaquaval|Aqua Step|p2b: Great Tusk\n|-supereffective|p2b: Great Tusk\n|-damage|p2b: Great Tusk|31\/100\n|-boost|p1a: Quaquaval|spe|1\n|move|p2b: Great Tusk|Bulk Up|p2b: Great Tusk\n|-boost|p2b: Great Tusk|atk|1\n|-boost|p2b: Great Tusk|def|1\n|move|p2a: Dudunsparce|Coil|p2a: Dudunsparce\n|-boost|p2a: Dudunsparce|atk|1\n|-boost|p2a: Dudunsparce|def|1\n|-boost|p2a: Dudunsparce|accuracy|1\n|\n|-heal|p2b: Great Tusk|37\/100|[from] item: Leftovers\n|upkeep\n|turn|2\n|\n|t:|1698774846\n|move|p1b: Volcarona|Quiver Dance|p1b: Volcarona\n|-boost|p1b: Volcarona|spa|1\n|-boost|p1b: Volcarona|spd|1\n|-boost|p1b: Volcarona|spe|1\n|move|p1a: Quaquaval|Aqua Step|p2b: Great Tusk\n|-supereffective|p2b: Great Tusk\n|-damage|p2b: Great Tusk|0 fnt\n|-boost|p1a: Quaquaval|spe|1\n|faint|p2b: Great Tusk\n|-end|p2b: Great Tusk|Protosynthesis|[silent]\n|-ability|p1a: Quaquaval|Moxie|boost\n|-boost|p1a: Quaquaval|atk|1\n|move|p2a: Dudunsparce|Hyper Drill|p1a: Quaquaval\n|-crit|p1a: Quaquaval\n|-damage|p1a: Quaquaval|0 fnt\n|faint|p1a: Quaquaval\n|\n|upkeep\n|c|\u2606lxvliiz|damn \ud83d\ude2d\n|\n|t:|1698774869\n|switch|p1a: Oricorio|Oricorio-Pom-Pom, F|100\/100\n|switch|p2b: Wyvern|Noivern, F, shiny|100\/100\n|-item|p1a: Oricorio|Mirror Herb|[from] ability: Frisk|[of] p2b: Wyvern|[identify]\n|-item|p1b: Volcarona|Wiki Berry|[from] ability: Frisk|[of] p2b: Wyvern|[identify]\n|turn|3\n|\n|t:|1698774879\n|move|p1b: Volcarona|Quiver Dance|p1b: Volcarona\n|-boost|p1b: Volcarona|spa|1\n|-boost|p1b: Volcarona|spd|1\n|-boost|p1b: Volcarona|spe|1\n|-activate|p1a: Oricorio|ability: Dancer\n|move|p1a: Oricorio|Quiver Dance|p1a: Oricorio|[from]ability: Dancer\n|-boost|p1a: Oricorio|spa|1\n|-boost|p1a: Oricorio|spd|1\n|-boost|p1a: Oricorio|spe|1\n|move|p1a: Oricorio|Revelation Dance|p2b: Wyvern\n|-damage|p2b: Wyvern|30\/100\n|move|p2b: Wyvern|Agility|p2b: Wyvern\n|-boost|p2b: Wyvern|spe|2\n|-enditem|p1a: Oricorio|Mirror Herb\n|-boost|p1a: Oricorio|spe|2|[from] item: Mirror Herb\n|move|p2a: Dudunsparce|Earthquake|p1b: Volcarona|[spread] p1b\n|-immune|p2b: Wyvern\n|-immune|p1a: Oricorio\n|-damage|p1b: Volcarona|57\/100\n|\n|upkeep\n|turn|4\n|\n|t:|1698774916\n|move|p1a: Oricorio|Revelation Dance|p2b: Wyvern\n|-damage|p2b: Wyvern|0 fnt\n|faint|p2b: Wyvern\n|move|p1b: Volcarona|Fiery Dance|p2a: Dudunsparce\n|-enditem|p2a: Dudunsparce|Focus Sash\n|-damage|p2a: Dudunsparce|1\/100\n|-activate|p1a: Oricorio|ability: Dancer\n|move|p1a: Oricorio|Fiery Dance|p2a: Dudunsparce|[from]ability: Dancer\n|-damage|p2a: Dudunsparce|0 fnt\n|-boost|p1a: Oricorio|spa|1\n|faint|p2a: Dudunsparce\n|\n|upkeep\n|c|\u2606lxvliiz|\ud83d\ude08\n|\n|t:|1698774932\n|switch|p2b: Charizard|Charizard, M|100\/100\n|switch|p2a: Ceruledge|Ceruledge, M|100\/100\n|turn|5\n|\n|t:|1698774961\n|move|p1b: Volcarona|Rage Powder|p1b: Volcarona\n|-singleturn|p1b: Volcarona|move: Rage Powder\n|move|p1a: Oricorio|Revelation Dance|p2b: Charizard\n|-supereffective|p2b: Charizard\n|-damage|p2b: Charizard|0 fnt\n|faint|p2b: Charizard\n|move|p2a: Ceruledge|Swords Dance|p2a: Ceruledge\n|-boost|p2a: Ceruledge|atk|2\n|-activate|p1a: Oricorio|ability: Dancer\n|move|p1a: Oricorio|Swords Dance|p1a: Oricorio|[from]ability: Dancer\n|-boost|p1a: Oricorio|atk|2\n|\n|upkeep\n|\n|t:|1698774973\n|switch|p2b: Baxcalibur|Baxcalibur, F|100\/100\n|turn|6\n|\n|t:|1698774991\n|-terastallize|p2b: Baxcalibur|Fairy\n|move|p1b: Volcarona|Rage Powder|p1b: Volcarona\n|-singleturn|p1b: Volcarona|move: Rage Powder\n|move|p1a: Oricorio|Revelation Dance|p2a: Ceruledge\n|-damage|p2a: Ceruledge|10\/100\n|move|p2a: Ceruledge|Bitter Blade|p1b: Volcarona\n|-damage|p1b: Volcarona|0 fnt\n|-heal|p2a: Ceruledge|40\/100|[from] drain|[of] p1b: Volcarona\n|faint|p1b: Volcarona\n|move|p2b: Baxcalibur|Dragon Claw|p1a: Oricorio\n|-damage|p1a: Oricorio|33\/100\n|\n|upkeep\n|\n|t:|1698775001\n|switch|p1b: Flamigo|Flamigo, F|100\/100\n|-copyboost|p1b: Flamigo|p1a: Oricorio|[from] ability: Costar\n|turn|7\n|\n|t:|1698775021\n|move|p1a: Oricorio|Revelation Dance|p2a: Ceruledge\n|-damage|p2a: Ceruledge|0 fnt\n|faint|p2a: Ceruledge\n|move|p1b: Flamigo|Acrobatics|p2b: Baxcalibur\n|-damage|p2b: Baxcalibur|0 fnt\n|faint|p2b: Baxcalibur\n|\n|win|lxvliiz\n|raw|lxvliiz's rating: 1060 &rarr; <strong>1086<\/strong><br \/>(+26 for winning)\n|raw|Leef368's rating: 1000 &rarr; <strong>1000<\/strong><br \/>(+0 for losing)\n|c|\u2606lxvliiz|gg\n|l|\u2606Leef368\n","uploadtime":1698775036,"views":8,"p1id":"lxvliiz","p2id":"leef368","formatid":"gen9nationaldexdoubles","rating":1000,"private":0,"password":""}