{"id":"gen9nationaldexdoubles-1993799407","p1":"carteredwinwoods","p2":"the maraculous","format":"[Gen 9] National Dex Doubles","log":"|j|\u2606carteredwinwoods\n|j|\u2606the maraculous\n|t:|1700358693\n|gametype|doubles\n|player|p1|carteredwinwoods|olympia|1215\n|player|p2|the maraculous|dragontamer|1455\n|teamsize|p1|6\n|teamsize|p2|6\n|gen|9\n|tier|[Gen 9] National Dex Doubles\n|rated|\n|rule|HP Percentage Mod: HP is shown in percentages\n|rule|Endless Battle Clause: Forcing endless battles is banned\n|rule|OHKO Clause: OHKO moves are banned\n|rule|Evasion Moves Clause: Evasion moves are banned\n|rule|Evasion Abilities Clause: Evasion abilities are banned\n|rule|Species Clause: Limit one of each Pok\u00e9mon\n|rule|Gravity Sleep Clause: The combination of sleep-inducing moves with imperfect accuracy and Gravity or Gigantamax Orbeetle are banned\n|clearpoke\n|poke|p1|Ninetales-Alola, F|\n|poke|p1|Froslass, F|\n|poke|p1|Sylveon, F|\n|poke|p1|Mamoswine, F|\n|poke|p1|Glaceon, F|\n|poke|p1|Aurorus, M|\n|poke|p2|Gallade, M|\n|poke|p2|Moltres-Galar|\n|poke|p2|Charizard, M|\n|poke|p2|Comfey, M|\n|poke|p2|Goodra-Hisui, M|\n|poke|p2|Espathra, M|\n|teampreview\n|\n|t:|1700358721\n|start\n|switch|p1a: Ninetales|Ninetales-Alola, F, shiny|100\/100\n|switch|p1b: Sylveon|Sylveon, F, shiny|100\/100\n|switch|p2a: Comfey|Comfey, M|100\/100\n|switch|p2b: Gallade|Gallade, M|100\/100\n|-weather|Snow|[from] ability: Snow Warning|[of] p1a: Ninetales\n|turn|1\n|\n|t:|1700358731\n|move|p2b: Gallade|Wide Guard|p2b: Gallade\n|-singleturn|p2b: Gallade|Wide Guard\n|move|p1a: Ninetales|Aurora Veil|p1a: Ninetales\n|-sidestart|p1: carteredwinwoods|move: Aurora Veil\n|move|p2a: Comfey|Calm Mind|p2a: Comfey\n|-boost|p2a: Comfey|spa|1\n|-boost|p2a: Comfey|spd|1\n|move|p1b: Sylveon|Hyper Voice|p2a: Comfey|[spread] \n|-activate|p2a: Comfey|move: Wide Guard\n|-activate|p2b: Gallade|move: Wide Guard\n|\n|-weather|Snow|[upkeep]\n|upkeep\n|turn|2\n|\n|t:|1700358747\n|-terastallize|p2b: Gallade|Psychic\n|move|p1a: Ninetales|Blizzard|p2b: Gallade|[spread] p2a,p2b\n|-damage|p2a: Comfey|74\/100\n|-damage|p2b: Gallade|75\/100\n|-status|p2b: Gallade|frz\n|move|p2a: Comfey|Calm Mind|p2a: Comfey\n|-boost|p2a: Comfey|spa|1\n|-boost|p2a: Comfey|spd|1\n|cant|p2b: Gallade|frz\n|move|p1b: Sylveon|Hyper Voice|p2a: Comfey|[spread] p2a,p2b\n|-damage|p2a: Comfey|45\/100\n|-damage|p2b: Gallade|30\/100 frz\n|\n|-weather|Snow|[upkeep]\n|upkeep\n|turn|3\n|\n|t:|1700358763\n|move|p2a: Comfey|Floral Healing|p2b: Gallade\n|-heal|p2b: Gallade|80\/100 frz\n|move|p1a: Ninetales|Blizzard|p2a: Comfey|[spread] p2a,p2b\n|-damage|p2a: Comfey|25\/100\n|-damage|p2b: Gallade|53\/100 frz\n|cant|p2b: Gallade|frz\n|move|p1b: Sylveon|Hyper Voice|p2a: Comfey|[spread] p2a,p2b\n|-damage|p2a: Comfey|0 fnt\n|-damage|p2b: Gallade|5\/100 frz\n|faint|p2a: Comfey\n|\n|-weather|Snow|[upkeep]\n|upkeep\n|\n|t:|1700358777\n|switch|p2a: Goodra|Goodra-Hisui, M|100\/100\n|turn|4\n|\n|t:|1700358788\n|cant|p2b: Gallade|frz\n|move|p1a: Ninetales|Blizzard|p2b: Gallade|[spread] p2a,p2b\n|-damage|p2a: Goodra|82\/100\n|-damage|p2b: Gallade|0 fnt\n|faint|p2b: Gallade\n|move|p1b: Sylveon|Light Screen|p1b: Sylveon\n|-sidestart|p1: carteredwinwoods|move: Light Screen\n|move|p2a: Goodra|Flash Cannon|p1a: Ninetales\n|-supereffective|p1a: Ninetales\n|-damage|p1a: Ninetales|0 fnt\n|faint|p1a: Ninetales\n|\n|-weather|Snow|[upkeep]\n|upkeep\n|\n|t:|1700358806\n|switch|p1a: Froslass|Froslass, F, shiny|100\/100\n|switch|p2b: Charizard|Charizard, M|100\/100\n|turn|5\n|\n|t:|1700358823\n|detailschange|p2b: Charizard|Charizard-Mega-X, M\n|-mega|p2b: Charizard|Charizard|Charizardite X\n|-zpower|p1a: Froslass\n|move|p1a: Froslass|Subzero Slammer|p2b: Charizard|[zeffect]\n|-damage|p2b: Charizard|39\/100\n|move|p2b: Charizard|Dragon Dance|p2b: Charizard\n|-boost|p2b: Charizard|atk|1\n|-boost|p2b: Charizard|spe|1\n|move|p1b: Sylveon|Hyper Beam|p2a: Goodra\n|-damage|p2a: Goodra|29\/100\n|-mustrecharge|p1b: Sylveon\n|move|p2a: Goodra|Flash Cannon|p1a: Froslass\n|-supereffective|p1a: Froslass\n|-damage|p1a: Froslass|33\/100\n|\n|-weather|Snow|[upkeep]\n|-sideend|p1: carteredwinwoods|move: Aurora Veil\n|upkeep\n|turn|6\n|\n|t:|1700358839\n|move|p2b: Charizard|Fire Punch|p1a: Froslass\n|-supereffective|p1a: Froslass\n|-damage|p1a: Froslass|0 fnt\n|faint|p1a: Froslass\n|cant|p1b: Sylveon|recharge\n|move|p2a: Goodra|Flash Cannon|p1b: Sylveon\n|-supereffective|p1b: Sylveon\n|-damage|p1b: Sylveon|64\/100\n|\n|-weather|Snow|[upkeep]\n|upkeep\n|\n|t:|1700358846\n|switch|p1a: Aurorus|Aurorus, M, shiny|100\/100\n|turn|7\n|\n|t:|1700358856\n|move|p2b: Charizard|Brick Break|p1a: Aurorus\n|-sideend|p1: carteredwinwoods|move: Light Screen\n|-supereffective|p1a: Aurorus\n|-damage|p1a: Aurorus|0 fnt\n|faint|p1a: Aurorus\n|move|p2a: Goodra|Flash Cannon|p1b: Sylveon\n|-supereffective|p1b: Sylveon\n|-damage|p1b: Sylveon|9\/100\n|move|p1b: Sylveon|Hyper Voice|p2b: Charizard|[spread] p2a,p2b\n|-damage|p2a: Goodra|4\/100\n|-damage|p2b: Charizard|0 fnt\n|faint|p2b: Charizard\n|\n|-weather|Snow|[upkeep]\n|upkeep\n|inactive|Battle timer is ON: inactive players will automatically lose when time's up. (requested by carteredwinwoods)\n|\n|t:|1700358866\n|switch|p2b: Moltres|Moltres-Galar|100\/100\n|switch|p1a: Glaceon|Glaceon, F, shiny|100\/100\n|turn|8\n|\n|t:|1700358878\n|move|p2b: Moltres|Fiery Wrath|p1a: Glaceon|[spread] p1a,p1b\n|-resisted|p1b: Sylveon\n|-damage|p1a: Glaceon|66\/100\n|-damage|p1b: Sylveon|0 fnt\n|faint|p1b: Sylveon\n|move|p2a: Goodra|Flash Cannon|p1a: Glaceon\n|-supereffective|p1a: Glaceon\n|-damage|p1a: Glaceon|0 fnt\n|faint|p1a: Glaceon\n|\n|-weather|none\n|upkeep\n|\n|t:|1700358884\n|switch|p1a: Mamoswine|Mamoswine, F, shiny|100\/100\n|turn|9\n|\n|t:|1700358890\n|move|p1a: Mamoswine|Blizzard|p2b: Moltres|[spread] p2a,p2b\n|-supereffective|p2b: Moltres\n|-damage|p2a: Goodra|0 fnt\n|-damage|p2b: Moltres|65\/100\n|-status|p2b: Moltres|frz\n|faint|p2a: Goodra\n|cant|p2b: Moltres|frz\n|\n|upkeep\n|\n|t:|1700358895\n|switch|p2a: Espathra|Espathra, M|100\/100\n|turn|10\n|\n|t:|1700358906\n|move|p2a: Espathra|Protect|p2a: Espathra\n|-singleturn|p2a: Espathra|Protect\n|move|p1a: Mamoswine|Icicle Crash|p2a: Espathra\n|-activate|p2a: Espathra|move: Protect\n|cant|p2b: Moltres|frz\n|\n|-ability|p2a: Espathra|Speed Boost|boost\n|-boost|p2a: Espathra|spe|1\n|upkeep\n|turn|11\n|\n|t:|1700358920\n|-terastallize|p1a: Mamoswine|Ice\n|move|p2a: Espathra|Calm Mind|p2a: Espathra\n|-boost|p2a: Espathra|spa|1\n|-boost|p2a: Espathra|spd|1\n|move|p1a: Mamoswine|Icicle Crash|p2b: Moltres\n|-supereffective|p2b: Moltres\n|-damage|p2b: Moltres|0 fnt\n|faint|p2b: Moltres\n|\n|-ability|p2a: Espathra|Speed Boost|boost\n|-boost|p2a: Espathra|spe|1\n|upkeep\n|turn|12\n|\n|t:|1700358926\n|move|p2a: Espathra|Protect|p2a: Espathra\n|-singleturn|p2a: Espathra|Protect\n|move|p1a: Mamoswine|Icicle Crash|p2a: Espathra\n|-activate|p2a: Espathra|move: Protect\n|\n|-ability|p2a: Espathra|Speed Boost|boost\n|-boost|p2a: Espathra|spe|1\n|upkeep\n|turn|13\n|\n|t:|1700358934\n|move|p2a: Espathra|Stored Power|p1a: Mamoswine\n|-damage|p1a: Mamoswine|0 fnt\n|faint|p1a: Mamoswine\n|\n|win|the maraculous\n|raw|carteredwinwoods's rating: 1215 &rarr; <strong>1205<\/strong><br \/>(-10 for losing)\n|raw|the maraculous's rating: 1455 &rarr; <strong>1463<\/strong><br \/>(+8 for winning)\n","uploadtime":1700358940,"views":4,"p1id":"carteredwinwoods","p2id":"themaraculous","formatid":"gen9nationaldexdoubles","rating":1205,"private":0,"password":""}