{"id":"gen9nationaldexdoubles-1985267394","p1":"OilCompany3000","p2":"psng","format":"[Gen 9] National Dex Doubles","log":"|j|\u2606OilCompany3000\n|j|\u2606psng\n|t:|1699357731\n|gametype|doubles\n|player|p1|OilCompany3000|unknown|1311\n|player|p2|psng|wallace|1214\n|teamsize|p1|6\n|teamsize|p2|6\n|gen|9\n|tier|[Gen 9] National Dex Doubles\n|rated|\n|rule|HP Percentage Mod: HP is shown in percentages\n|rule|Endless Battle Clause: Forcing endless battles is banned\n|rule|OHKO Clause: OHKO moves are banned\n|rule|Evasion Moves Clause: Evasion moves are banned\n|rule|Evasion Abilities Clause: Evasion abilities are banned\n|rule|Species Clause: Limit one of each Pok\u00e9mon\n|rule|Gravity Sleep Clause: The combination of sleep-inducing moves with imperfect accuracy and Gravity or Gigantamax Orbeetle are banned\n|clearpoke\n|poke|p1|Guzzlord|\n|poke|p1|Diancie|\n|poke|p1|Latios, M|\n|poke|p1|Amoonguss, M|\n|poke|p1|Stakataka|\n|poke|p1|Incineroar, M|\n|poke|p2|Chien-Pao|\n|poke|p2|Zapdos|\n|poke|p2|Pelipper, M|\n|poke|p2|Swampert, M|\n|poke|p2|Klefki, M|\n|poke|p2|Sinistcha|\n|teampreview\n|inactive|Battle timer is ON: inactive players will automatically lose when time's up. (requested by psng)\n|\n|t:|1699357751\n|start\n|switch|p1a: Billy Not Really|Latios, M|100\/100\n|switch|p1b: MR KLAW|Guzzlord|100\/100\n|switch|p2a: Pelipper|Pelipper, M, shiny|100\/100\n|switch|p2b: Klefki|Klefki, M, shiny|100\/100\n|-weather|RainDance|[from] ability: Drizzle|[of] p2a: Pelipper\n|turn|1\n|\n|t:|1699357779\n|detailschange|p1a: Billy Not Really|Latios-Mega, M\n|-mega|p1a: Billy Not Really|Latios|Latiosite\n|move|p2b: Klefki|Light Screen|p2b: Klefki\n|-sidestart|p2: psng|move: Light Screen\n|move|p1a: Billy Not Really|Simple Beam|p1b: MR KLAW\n|-endability|p1b: MR KLAW|Beast Boost|[from] move: Simple Beam\n|-ability|p1b: MR KLAW|Simple|[from] move: Simple Beam\n|move|p2a: Pelipper|Tailwind|p2a: Pelipper\n|-sidestart|p2: psng|move: Tailwind\n|move|p1b: MR KLAW|Stockpile|p1b: MR KLAW\n|-start|p1b: MR KLAW|stockpile1\n|-boost|p1b: MR KLAW|def|2\n|-boost|p1b: MR KLAW|spd|2\n|\n|-weather|RainDance|[upkeep]\n|upkeep\n|turn|2\n|\n|t:|1699357804\n|move|p2a: Pelipper|Scald|p1b: MR KLAW\n|-resisted|p1b: MR KLAW\n|-damage|p1b: MR KLAW|91\/100\n|-status|p1b: MR KLAW|brn\n|move|p2b: Klefki|Dazzling Gleam|p1a: Billy Not Really|[spread] p1a,p1b\n|-supereffective|p1a: Billy Not Really\n|-supereffective|p1b: MR KLAW\n|-crit|p1b: MR KLAW\n|-damage|p1a: Billy Not Really|54\/100\n|-damage|p1b: MR KLAW|0 fnt\n|faint|p1b: MR KLAW\n|move|p1a: Billy Not Really|Draco Meteor|p2a: Pelipper|[miss]\n|-miss|p1a: Billy Not Really|p2a: Pelipper\n|\n|-weather|RainDance|[upkeep]\n|upkeep\n|inactive|OilCompany3000 has 120 seconds left.\n|\n|t:|1699357837\n|switch|p1b: rock|Diancie|100\/100\n|turn|3\n|inactive|OilCompany3000 has 120 seconds left.\n|\n|t:|1699357848\n|move|p2a: Pelipper|Protect|p2a: Pelipper\n|-singleturn|p2a: Pelipper|Protect\n|move|p2b: Klefki|Steel Beam|p1b: rock\n|-supereffective|p1b: rock\n|-damage|p1b: rock|0 fnt\n|-damage|p2b: Klefki|50\/100|[from] steelbeam\n|faint|p1b: rock\n|move|p1a: Billy Not Really|Draco Meteor|p2a: Pelipper\n|-activate|p2a: Pelipper|move: Protect\n|\n|-weather|RainDance|[upkeep]\n|upkeep\n|\n|t:|1699357854\n|switch|p1b: 80808|Stakataka|100\/100\n|turn|4\n|\n|t:|1699357872\n|switch|p2a: Sinistcha|Sinistcha, shiny|100\/100\n|-heal|p2b: Klefki|75\/100|[from] ability: Hospitality|[of] p2a: Sinistcha\n|move|p2b: Klefki|Reflect|p2b: Klefki\n|-sidestart|p2: psng|Reflect\n|move|p1a: Billy Not Really|Draco Meteor|p2a: Sinistcha\n|-damage|p2a: Sinistcha|34\/100\n|-unboost|p1a: Billy Not Really|spa|2\n|move|p1b: 80808|Trick Room|p1b: 80808\n|-fieldstart|move: Trick Room|[of] p1b: 80808\n|\n|-weather|RainDance|[upkeep]\n|-heal|p2a: Sinistcha|40\/100|[from] item: Leftovers\n|-sideend|p2: psng|move: Tailwind\n|upkeep\n|turn|5\n|\n|t:|1699357894\n|move|p1b: 80808|Gyro Ball|p2b: Klefki\n|-damage|p2b: Klefki|0 fnt\n|faint|p2b: Klefki\n|-ability|p1b: 80808|Beast Boost|boost\n|-boost|p1b: 80808|atk|1\n|-damage|p1b: 80808|91\/100|[from] item: Life Orb\n|move|p1a: Billy Not Really|Ice Beam|p2a: Sinistcha\n|-supereffective|p2a: Sinistcha\n|-damage|p2a: Sinistcha|13\/100\n|move|p2a: Sinistcha|Trick Room|p2a: Sinistcha\n|-fieldend|move: Trick Room\n|\n|-weather|none\n|-heal|p2a: Sinistcha|19\/100|[from] item: Leftovers\n|upkeep\n|\n|t:|1699357906\n|switch|p2b: Swampert|Swampert, M, shiny|100\/100\n|turn|6\n|\n|t:|1699357919\n|switch|p1a: SCSA|Incineroar, M|100\/100\n|-ability|p1a: SCSA|Intimidate|boost\n|-unboost|p2a: Sinistcha|atk|1\n|-unboost|p2b: Swampert|atk|1\n|switch|p2a: Pelipper|Pelipper, M, shiny|100\/100\n|-weather|RainDance|[from] ability: Drizzle|[of] p2a: Pelipper\n|detailschange|p2b: Swampert|Swampert-Mega, M, shiny\n|-mega|p2b: Swampert|Swampert|Swampertite\n|move|p2b: Swampert|Earthquake|p1a: SCSA|[spread] p1a,p1b\n|-immune|p2a: Pelipper\n|-supereffective|p1a: SCSA\n|-supereffective|p1b: 80808\n|-damage|p1a: SCSA|41\/100\n|-damage|p1b: 80808|5\/100\n|-enditem|p1a: SCSA|Sitrus Berry|[eat]\n|-heal|p1a: SCSA|65\/100|[from] item: Sitrus Berry\n|move|p1b: 80808|Gyro Ball|p2b: Swampert\n|-resisted|p2b: Swampert\n|-damage|p2b: Swampert|52\/100\n|-damage|p1b: 80808|0 fnt|[from] item: Life Orb\n|faint|p1b: 80808\n|\n|-weather|RainDance|[upkeep]\n|upkeep\n|\n|t:|1699357936\n|switch|p1b: Billy Not Really|Latios-Mega, M|54\/100\n|turn|7\n|\n|t:|1699357960\n|switch|p2a: Sinistcha|Sinistcha, shiny|19\/100\n|-heal|p2b: Swampert|77\/100|[from] ability: Hospitality|[of] p2a: Sinistcha\n|move|p2b: Swampert|Protect|p2b: Swampert\n|-singleturn|p2b: Swampert|Protect\n|move|p1a: SCSA|Fake Out|p2b: Swampert\n|-activate|p2b: Swampert|move: Protect\n|move|p1b: Billy Not Really|Draco Meteor|p2b: Swampert\n|-activate|p2b: Swampert|move: Protect\n|\n|-weather|RainDance|[upkeep]\n|-heal|p2a: Sinistcha|25\/100|[from] item: Leftovers\n|upkeep\n|turn|8\n|inactive|psng has 120 seconds left.\n|\n|t:|1699357991\n|switch|p2a: Chien-Pao|Chien-Pao|100\/100\n|-ability|p2a: Chien-Pao|Sword of Ruin\n|move|p2b: Swampert|Liquidation|p1a: SCSA\n|-supereffective|p1a: SCSA\n|-damage|p1a: SCSA|0 fnt\n|faint|p1a: SCSA\n|move|p1b: Billy Not Really|Draco Meteor|p2b: Swampert\n|-damage|p2b: Swampert|26\/100\n|-unboost|p1b: Billy Not Really|spa|2\n|\n|-weather|RainDance|[upkeep]\n|-sideend|p2: psng|move: Light Screen\n|upkeep\n|\n|t:|1699358004\n|switch|p1a: m|Amoonguss, M|100\/100\n|turn|9\n|\n|t:|1699358019\n|-terastallize|p1a: m|Water\n|move|p2b: Swampert|Ice Punch|p1a: m\n|-resisted|p1a: m\n|-damage|p1a: m|90\/100\n|-damage|p2b: Swampert|10\/100|[from] item: Rocky Helmet|[of] p1a: m\n|move|p2a: Chien-Pao|Ice Spinner|p1a: m\n|-resisted|p1a: m\n|-damage|p1a: m|65\/100\n|-damage|p2a: Chien-Pao|84\/100|[from] item: Rocky Helmet|[of] p1a: m\n|-damage|p2a: Chien-Pao|74\/100|[from] item: Life Orb\n|move|p1b: Billy Not Really|Draco Meteor|p2b: Swampert\n|-damage|p2b: Swampert|0 fnt\n|-unboost|p1b: Billy Not Really|spa|2\n|faint|p2b: Swampert\n|move|p1a: m|Pollen Puff|p1b: Billy Not Really\n|-heal|p1b: Billy Not Really|100\/100\n|\n|-weather|RainDance|[upkeep]\n|upkeep\n|\n|t:|1699358034\n|switch|p2b: Zapdos|Zapdos, shiny|100\/100\n|turn|10\n|\n|t:|1699358048\n|move|p2a: Chien-Pao|Ice Spinner|p1b: Billy Not Really\n|-supereffective|p1b: Billy Not Really\n|-damage|p1b: Billy Not Really|0 fnt\n|faint|p1b: Billy Not Really\n|-damage|p2a: Chien-Pao|64\/100|[from] item: Life Orb\n|move|p2b: Zapdos|Thunder|p1a: m\n|-supereffective|p1a: m\n|-damage|p1a: m|0 fnt\n|faint|p1a: m\n|\n|win|psng\n|raw|OilCompany3000's rating: 1311 &rarr; <strong>1286<\/strong><br \/>(-25 for losing)\n|raw|psng's rating: 1214 &rarr; <strong>1246<\/strong><br \/>(+32 for winning)\n|l|\u2606OilCompany3000\n","uploadtime":1699358058,"views":7,"p1id":"oilcompany3000","p2id":"psng","formatid":"gen9nationaldexdoubles","rating":1246,"private":0,"password":""}