{"id":"gen9nationaldexdoubles-1987161439","p1":"bsinsizzle","p2":"Numa no Kage","format":"[Gen 9] National Dex Doubles","log":"|j|\u2606bsinsizzle\n|j|\u2606Numa no Kage\n|t:|1699561205\n|gametype|doubles\n|player|p1|bsinsizzle|169|1213\n|player|p2|Numa no Kage|acetrainer|1344\n|teamsize|p1|6\n|teamsize|p2|6\n|gen|9\n|tier|[Gen 9] National Dex Doubles\n|rated|\n|rule|HP Percentage Mod: HP is shown in percentages\n|rule|Endless Battle Clause: Forcing endless battles is banned\n|rule|OHKO Clause: OHKO moves are banned\n|rule|Evasion Moves Clause: Evasion moves are banned\n|rule|Evasion Abilities Clause: Evasion abilities are banned\n|rule|Species Clause: Limit one of each Pok\u00e9mon\n|rule|Gravity Sleep Clause: The combination of sleep-inducing moves with imperfect accuracy and Gravity or Gigantamax Orbeetle are banned\n|clearpoke\n|poke|p1|Houndstone, F|\n|poke|p1|Lycanroc, F|\n|poke|p1|Tyranitar, M|\n|poke|p1|Palossand, M|\n|poke|p1|Glimmora, M|\n|poke|p1|Garchomp, F|\n|poke|p2|Tapu Koko|\n|poke|p2|Iron Treads|\n|poke|p2|Aerodactyl, M|\n|poke|p2|Wo-Chien|\n|poke|p2|Kommo-o, F|\n|poke|p2|Murkrow, M|\n|teampreview\n|inactive|Battle timer is ON: inactive players will automatically lose when time's up. (requested by Numa no Kage)\n|\n|t:|1699561221\n|start\n|switch|p1a: Tyranitar|Tyranitar, M|100\/100\n|switch|p1b: Lycanroc|Lycanroc, F|100\/100\n|switch|p2a: Kolo Muani|Tapu Koko, shiny|100\/100\n|switch|p2b: Donmenic|Iron Treads, shiny|100\/100\n|-weather|Sandstorm|[from] ability: Sand Stream|[of] p1a: Tyranitar\n|-fieldstart|move: Electric Terrain|[from] ability: Electric Surge|[of] p2a: Kolo Muani\n|-enditem|p2b: Donmenic|Electric Seed\n|-boost|p2b: Donmenic|def|1|[from] item: Electric Seed\n|-activate|p2b: Donmenic|ability: Quark Drive\n|-start|p2b: Donmenic|quarkdrivedef\n|turn|1\n|\n|t:|1699561239\n|switch|p1a: Glimmora|Glimmora, M|100\/100\n|switch|p2a: Rock Dragon|Aerodactyl, M, shiny|100\/100\n|-ability|p2a: Rock Dragon|Pressure\n|move|p1b: Lycanroc|Rock Slide|p2a: Rock Dragon|[spread] p2a,p2b\n|-supereffective|p2a: Rock Dragon\n|-resisted|p2b: Donmenic\n|-damage|p2a: Rock Dragon|0 fnt\n|-damage|p2b: Donmenic|97\/100\n|faint|p2a: Rock Dragon\n|move|p2b: Donmenic|Earthquake|p1b: Lycanroc|[spread] p1a,p1b\n|-supereffective|p1a: Glimmora\n|-supereffective|p1b: Lycanroc\n|-damage|p1a: Glimmora|0 fnt\n|-damage|p1b: Lycanroc|0 fnt\n|-activate|p1a: Glimmora|ability: Toxic Debris\n|-sidestart|p2: Numa no Kage|move: Toxic Spikes\n|faint|p1a: Glimmora\n|faint|p1b: Lycanroc\n|\n|-weather|Sandstorm|[upkeep]\n|upkeep\n|\n|t:|1699561260\n|switch|p2a: Bruxa 71|Murkrow, M, shiny|100\/100\n|switch|p1b: Garchomp|Garchomp, F|100\/100\n|switch|p1a: Palossand|Palossand, M|100\/100\n|turn|2\n|\n|t:|1699561277\n|move|p2a: Bruxa 71|Tailwind|p2a: Bruxa 71\n|-sidestart|p2: Numa no Kage|move: Tailwind\n|move|p2b: Donmenic|Rapid Spin|p1b: Garchomp\n|-damage|p1b: Garchomp|84\/100\n|-boost|p2b: Donmenic|spe|1\n|-damage|p2b: Donmenic|85\/100|[from] ability: Rough Skin|[of] p1b: Garchomp\n|-sideend|p2: Numa no Kage|Toxic Spikes|[from] move: Rapid Spin|[of] p2b: Donmenic\n|move|p1b: Garchomp|Swords Dance|p1b: Garchomp\n|-boost|p1b: Garchomp|atk|2\n|move|p1a: Palossand|Chilling Water|p2b: Donmenic\n|-supereffective|p2b: Donmenic\n|-crit|p2b: Donmenic\n|-damage|p2b: Donmenic|22\/100\n|-unboost|p2b: Donmenic|atk|1\n|\n|-weather|Sandstorm|[upkeep]\n|-damage|p2a: Bruxa 71|94\/100|[from] Sandstorm\n|upkeep\n|turn|3\n|\n|t:|1699561301\n|detailschange|p1b: Garchomp|Garchomp-Mega, F\n|-mega|p1b: Garchomp|Garchomp|Garchompite\n|move|p2a: Bruxa 71|Sucker Punch|p1a: Palossand\n|-supereffective|p1a: Palossand\n|-damage|p1a: Palossand|63\/100\n|move|p2b: Donmenic|Earthquake|p1b: Garchomp|[spread] p1a,p1b\n|-immune|p2a: Bruxa 71\n|-damage|p1a: Palossand|42\/100\n|-damage|p1b: Garchomp|60\/100\n|move|p1b: Garchomp|Outrage|p2b: Donmenic\n|-resisted|p2b: Donmenic\n|-damage|p2b: Donmenic|0 fnt\n|faint|p2b: Donmenic\n|-end|p2b: Donmenic|Quark Drive|[silent]\n|move|p1a: Palossand|Chilling Water|p2a: Bruxa 71\n|-damage|p2a: Bruxa 71|81\/100\n|-unboost|p2a: Bruxa 71|atk|1\n|\n|-weather|Sandstorm|[upkeep]\n|-damage|p2a: Bruxa 71|75\/100|[from] Sandstorm\n|-heal|p1a: Palossand|48\/100|[from] item: Leftovers\n|upkeep\n|inactive|Numa no Kage has 120 seconds left.\n|\n|t:|1699561324\n|switch|p2b: Kolo Muani|Tapu Koko, shiny|100\/100\n|turn|4\n|\n|t:|1699561333\n|switch|p2a: Floquinho|Wo-Chien|100\/100\n|-ability|p2a: Floquinho|Tablets of Ruin\n|move|p2b: Kolo Muani|Grass Knot|p1a: Palossand\n|-supereffective|p1a: Palossand\n|-damage|p1a: Palossand|0 fnt\n|faint|p1a: Palossand\n|move|p1b: Garchomp|Outrage|p2b: Kolo Muani|[from]lockedmove\n|-immune|p2b: Kolo Muani\n|-start|p1b: Garchomp|confusion|[fatigue]\n|\n|-weather|Sandstorm|[upkeep]\n|-damage|p2b: Kolo Muani|94\/100|[from] Sandstorm\n|-damage|p2a: Floquinho|94\/100|[from] Sandstorm\n|upkeep\n|\n|t:|1699561340\n|switch|p1a: Tyranitar|Tyranitar, M|100\/100\n|turn|5\n|\n|t:|1699561356\n|move|p2b: Kolo Muani|Dazzling Gleam|p1b: Garchomp|[spread] p1a,p1b\n|-supereffective|p1a: Tyranitar\n|-supereffective|p1b: Garchomp\n|-crit|p1b: Garchomp\n|-damage|p1a: Tyranitar|61\/100\n|-damage|p1b: Garchomp|0 fnt\n|faint|p1b: Garchomp\n|move|p1a: Tyranitar|Earthquake|p2b: Kolo Muani|[spread] p2a,p2b\n|-resisted|p2a: Floquinho\n|-supereffective|p2b: Kolo Muani\n|-damage|p2a: Floquinho|85\/100\n|-damage|p2b: Kolo Muani|39\/100\n|move|p2a: Floquinho|Giga Drain|p1a: Tyranitar\n|-supereffective|p1a: Tyranitar\n|-damage|p1a: Tyranitar|10\/100\n|-heal|p2a: Floquinho|100\/100|[from] drain|[of] p1a: Tyranitar\n|\n|-weather|none\n|-sideend|p2: Numa no Kage|move: Tailwind\n|upkeep\n|\n|t:|1699561360\n|switch|p1b: Houndstone|Houndstone, F|100\/100\n|turn|6\n|inactive|Numa no Kage has 120 seconds left.\n|\n|t:|1699561393\n|move|p1a: Tyranitar|Earthquake|p2a: Floquinho|[spread] p1b,p2a,p2b\n|-resisted|p2a: Floquinho\n|-supereffective|p2b: Kolo Muani\n|-damage|p1b: Houndstone|76\/100\n|-damage|p2a: Floquinho|92\/100\n|-damage|p2b: Kolo Muani|0 fnt\n|faint|p2b: Kolo Muani\n|move|p1b: Houndstone|Last Respects|p2a: Floquinho\n|-resisted|p2a: Floquinho\n|-damage|p2a: Floquinho|35\/100\n|move|p2a: Floquinho|Snarl|p1a: Tyranitar|[spread] p1a,p1b\n|-resisted|p1a: Tyranitar\n|-supereffective|p1b: Houndstone\n|-damage|p1a: Tyranitar|1\/100\n|-damage|p1b: Houndstone|29\/100\n|-unboost|p1a: Tyranitar|spa|1\n|-unboost|p1b: Houndstone|spa|1\n|\n|upkeep\n|inactive|Numa no Kage has 120 seconds left.\n|\n|t:|1699561407\n|switch|p2b: Bruxa 71|Murkrow, M, shiny|75\/100\n|turn|7\n|\n|t:|1699561419\n|move|p2b: Bruxa 71|Tailwind|p2b: Bruxa 71\n|-sidestart|p2: Numa no Kage|move: Tailwind\n|move|p1a: Tyranitar|Earthquake|p2a: Floquinho|[spread] p1b,p2a\n|-immune|p2b: Bruxa 71\n|-resisted|p2a: Floquinho\n|-damage|p1b: Houndstone|6\/100\n|-damage|p2a: Floquinho|26\/100\n|move|p2a: Floquinho|Snarl|p1b: Houndstone|[spread] p1a,p1b\n|-resisted|p1a: Tyranitar\n|-supereffective|p1b: Houndstone\n|-damage|p1a: Tyranitar|0 fnt\n|-damage|p1b: Houndstone|0 fnt\n|faint|p1a: Tyranitar\n|faint|p1b: Houndstone\n|\n|win|Numa no Kage\n|raw|bsinsizzle's rating: 1213 &rarr; <strong>1197<\/strong><br \/>(-16 for losing)\n|raw|Numa no Kage's rating: 1344 &rarr; <strong>1357<\/strong><br \/>(+13 for winning)\n|l|\u2606bsinsizzle\n|l|\u2606Numa no Kage\n|j|\u2606Numa no Kage\n|player|p2|Numa no Kage|acetrainer\n","uploadtime":1699561918,"views":12,"p1id":"bsinsizzle","p2id":"numanokage","formatid":"gen9nationaldexdoubles","rating":1197,"private":0,"password":""}