{"id":"gen9nationaldexdoubles-1982152139","p1":"Shazamwhich","p2":"realspades","format":"[Gen 9] National Dex Doubles","log":"|j|\u2606Shazamwhich\n|j|\u2606realspades\n|t:|1698973228\n|gametype|doubles\n|player|p1|Shazamwhich|brendan-gen3|\n|player|p2|realspades|gambler|\n|teamsize|p1|6\n|teamsize|p2|6\n|gen|9\n|tier|[Gen 9] National Dex Doubles\n|rule|HP Percentage Mod: HP is shown in percentages\n|rule|Endless Battle Clause: Forcing endless battles is banned\n|rule|OHKO Clause: OHKO moves are banned\n|rule|Evasion Moves Clause: Evasion moves are banned\n|rule|Evasion Abilities Clause: Evasion abilities are banned\n|rule|Species Clause: Limit one of each Pok\u00e9mon\n|rule|Gravity Sleep Clause: The combination of sleep-inducing moves with imperfect accuracy and Gravity or Gigantamax Orbeetle are banned\n|clearpoke\n|poke|p1|Zamazenta-*|\n|poke|p1|Grimmsnarl, M|\n|poke|p1|Landorus-Therian, M|\n|poke|p1|Sinistcha-Masterpiece|\n|poke|p1|Diancie|\n|poke|p1|Walking Wake|\n|poke|p2|Greninja-*, M|\n|poke|p2|Pelipper, F|\n|poke|p2|Slowbro, M|\n|poke|p2|Swampert, F|\n|poke|p2|Basculegion, M|\n|poke|p2|Volcanion|\n|teampreview\n|inactive|Battle timer is ON: inactive players will automatically lose when time's up. (requested by Shazamwhich)\n|\n|t:|1698973243\n|start\n|switch|p1a: Grimmsnarl|Grimmsnarl, M|100\/100\n|switch|p1b: Landorus|Landorus-Therian, M|100\/100\n|switch|p2a: Basculegion|Basculegion, M|100\/100\n|switch|p2b: Pelipper|Pelipper, F|100\/100\n|-ability|p1b: Landorus|Intimidate|boost\n|-unboost|p2a: Basculegion|atk|1\n|-unboost|p2b: Pelipper|atk|1\n|-weather|RainDance|[from] ability: Drizzle|[of] p2b: Pelipper\n|turn|1\n|inactive|realspades has 270 seconds left.\n|\n|t:|1698973296\n|move|p1a: Grimmsnarl|Reflect|p1a: Grimmsnarl\n|-sidestart|p1: Shazamwhich|Reflect\n|move|p2a: Basculegion|Liquidation|p1b: Landorus\n|-supereffective|p1b: Landorus\n|-damage|p1b: Landorus|1\/100\n|move|p1b: Landorus|U-turn|p2a: Basculegion\n|-resisted|p2a: Basculegion\n|-damage|p2a: Basculegion|83\/100\n|inactive|Shazamwhich has 270 seconds left.\n|\n|t:|1698973322\n|switch|p1b: Zamazenta|Zamazenta|100\/100|[from] U-turn\n|-ability|p1b: Zamazenta|Dauntless Shield|boost\n|-boost|p1b: Zamazenta|def|1\n|move|p2b: Pelipper|U-turn|p1a: Grimmsnarl\n|-damage|p1a: Grimmsnarl|97\/100\n|\n|t:|1698973329\n|switch|p2b: Greninja|Greninja, M|100\/100|[from] U-turn\n|\n|-weather|RainDance|[upkeep]\n|upkeep\n|turn|2\n|inactive|realspades has 270 seconds left.\n|\n|t:|1698973369\n|-terastallize|p2a: Basculegion|Water\n|move|p1a: Grimmsnarl|Light Screen|p1a: Grimmsnarl\n|-sidestart|p1: Shazamwhich|move: Light Screen\n|move|p2a: Basculegion|Liquidation|p1a: Grimmsnarl\n|-damage|p1a: Grimmsnarl|49\/100\n|move|p2b: Greninja|Surf|p1b: Zamazenta|[spread] p2a,p1a,p1b\n|-resisted|p2a: Basculegion\n|-damage|p2a: Basculegion|42\/100\n|-damage|p1a: Grimmsnarl|1\/100\n|-damage|p1b: Zamazenta|65\/100\n|move|p1b: Zamazenta|Body Press|p2b: Greninja\n|-supereffective|p2b: Greninja\n|-damage|p2b: Greninja|0 fnt\n|faint|p2b: Greninja\n|-damage|p1b: Zamazenta|55\/100|[from] item: Life Orb\n|\n|-weather|RainDance|[upkeep]\n|upkeep\n|inactive|realspades has 240 seconds left.\n|\n|t:|1698973396\n|switch|p2b: Swampert|Swampert, F, shiny|100\/100\n|turn|3\n|\n|t:|1698973406\n|detailschange|p2b: Swampert|Swampert-Mega, F, shiny\n|-mega|p2b: Swampert|Swampert|Swampertite\n|move|p1a: Grimmsnarl|Parting Shot|p2b: Swampert\n|-unboost|p2b: Swampert|atk|1\n|-unboost|p2b: Swampert|spa|1\n|\n|t:|1698973415\n|switch|p1a: Sinistcha|Sinistcha-Masterpiece|100\/100|[from] Parting Shot\n|-heal|p1b: Zamazenta|80\/100|[from] ability: Hospitality|[of] p1a: Sinistcha\n|move|p2b: Swampert|Flip Turn|p1a: Sinistcha\n|-resisted|p1a: Sinistcha\n|-damage|p1a: Sinistcha|92\/100\n|\n|t:|1698973420\n|switch|p2b: Volcanion|Volcanion|100\/100|[from] Flip Turn\n|move|p2a: Basculegion|Liquidation|p1b: Zamazenta\n|-damage|p1b: Zamazenta|56\/100\n|-unboost|p1b: Zamazenta|def|1\n|move|p1b: Zamazenta|Coaching|p1a: Sinistcha\n|-boost|p1a: Sinistcha|atk|1\n|-boost|p1a: Sinistcha|def|1\n|\n|-weather|RainDance|[upkeep]\n|upkeep\n|turn|4\n|inactive|realspades has 270 seconds left.\n|inactive|Shazamwhich has 270 seconds left.\n|\n|t:|1698973452\n|switch|p2a: Slowbro|Slowbro, M|100\/100\n|move|p1b: Zamazenta|Body Press|p2a: Slowbro\n|-resisted|p2a: Slowbro\n|-damage|p2a: Slowbro|83\/100\n|-damage|p1b: Zamazenta|46\/100|[from] item: Life Orb\n|move|p2b: Volcanion|Flamethrower|p1a: Sinistcha\n|-supereffective|p1a: Sinistcha\n|-damage|p1a: Sinistcha|54\/100\n|-enditem|p1a: Sinistcha|Weakness Policy\n|-boost|p1a: Sinistcha|atk|2|[from] item: Weakness Policy\n|-boost|p1a: Sinistcha|spa|2|[from] item: Weakness Policy\n|move|p1a: Sinistcha|Calm Mind|p1a: Sinistcha\n|-boost|p1a: Sinistcha|spa|1\n|-boost|p1a: Sinistcha|spd|1\n|\n|-weather|RainDance|[upkeep]\n|upkeep\n|turn|5\n|inactive|realspades has 270 seconds left.\n|inactive|Shazamwhich has 270 seconds left.\n|\n|t:|1698973485\n|switch|p1b: Walking Wake|Walking Wake|100\/100\n|-enditem|p1b: Walking Wake|Booster Energy\n|-activate|p1b: Walking Wake|ability: Protosynthesis|[fromitem]\n|-start|p1b: Walking Wake|protosynthesisspe\n|move|p2b: Volcanion|Flamethrower|p1a: Sinistcha\n|-supereffective|p1a: Sinistcha\n|-damage|p1a: Sinistcha|27\/100\n|move|p1a: Sinistcha|Strength Sap|p2b: Volcanion\n|-unboost|p2b: Volcanion|atk|1\n|-heal|p1a: Sinistcha|85\/100\n|move|p2a: Slowbro|Teleport|p2a: Slowbro\n|inactive|realspades has 240 seconds left.\n|\n|t:|1698973519\n|switch|p2a: Swampert|Swampert-Mega, F, shiny|100\/100|[from] Teleport\n|\n|-weather|RainDance|[upkeep]\n|upkeep\n|turn|6\n|inactive|realspades has 240 seconds left.\n|inactive|Shazamwhich has 270 seconds left.\n|inactive|realspades has 210 seconds left.\n|\n|t:|1698973588\n|move|p2a: Swampert|Ice Punch|p1b: Walking Wake\n|-damage|p1b: Walking Wake|81\/100\n|move|p1b: Walking Wake|Dragon Pulse|p2a: Swampert\n|-damage|p2a: Swampert|60\/100\n|move|p2b: Volcanion|Sludge Wave|p1a: Sinistcha|[spread] p2a,p1a,p1b\n|-resisted|p2a: Swampert\n|-damage|p2a: Swampert|47\/100\n|-damage|p1a: Sinistcha|71\/100\n|-damage|p1b: Walking Wake|58\/100\n|move|p1a: Sinistcha|Matcha Gotcha|p2a: Swampert|[spread] p2a,p2b\n|-supereffective|p2a: Swampert\n|-damage|p2a: Swampert|0 fnt\n|-heal|p1a: Sinistcha|94\/100|[from] drain|[of] p2a: Swampert\n|-damage|p2b: Volcanion|51\/100\n|-heal|p1a: Sinistcha|100\/100|[from] drain|[of] p2b: Volcanion\n|faint|p2a: Swampert\n|\n|-weather|RainDance|[upkeep]\n|upkeep\n|inactive|realspades has 180 seconds left.\n|\n|t:|1698973614\n|switch|p2a: Pelipper|Pelipper, F|100\/100\n|turn|7\n|\n|t:|1698973623\n|move|p1a: Sinistcha|Protect|p1a: Sinistcha\n|-singleturn|p1a: Sinistcha|Protect\n|move|p1b: Walking Wake|Dragon Pulse|p2a: Pelipper\n|-damage|p2a: Pelipper|59\/100\n|move|p2b: Volcanion|Flamethrower|p1a: Sinistcha\n|-activate|p1a: Sinistcha|move: Protect\n|move|p2a: Pelipper|Hurricane|p1a: Sinistcha\n|-activate|p1a: Sinistcha|move: Protect\n|\n|-weather|RainDance|[upkeep]\n|upkeep\n|turn|8\n|inactive|realspades has 210 seconds left.\n|\n|t:|1698973640\n|move|p1b: Walking Wake|Dragon Pulse|p2a: Pelipper\n|-damage|p2a: Pelipper|17\/100\n|move|p2b: Volcanion|Flamethrower|p1a: Sinistcha\n|-supereffective|p1a: Sinistcha\n|-damage|p1a: Sinistcha|76\/100\n|move|p1a: Sinistcha|Calm Mind|p1a: Sinistcha\n|-boost|p1a: Sinistcha|spa|1\n|-boost|p1a: Sinistcha|spd|1\n|move|p2a: Pelipper|Hurricane|p1a: Sinistcha\n|-supereffective|p1a: Sinistcha\n|-damage|p1a: Sinistcha|49\/100\n|\n|-weather|none\n|-sideend|p1: Shazamwhich|Reflect\n|upkeep\n|turn|9\n|inactive|realspades has 210 seconds left.\n|inactive|Shazamwhich has 270 seconds left.\n|\n|t:|1698973670\n|switch|p2a: Slowbro|Slowbro, M|100\/100\n|move|p1b: Walking Wake|Dragon Pulse|p2a: Slowbro\n|-damage|p2a: Slowbro|60\/100\n|move|p2b: Volcanion|Earth Power|p1b: Walking Wake\n|-damage|p1b: Walking Wake|29\/100\n|move|p1a: Sinistcha|Strength Sap|p2a: Slowbro\n|-unboost|p2a: Slowbro|atk|1\n|-heal|p1a: Sinistcha|94\/100\n|\n|-sideend|p1: Shazamwhich|move: Light Screen\n|upkeep\n|turn|10\n|inactive|realspades has 210 seconds left.\n|inactive|Shazamwhich has 270 seconds left.\n|\n|t:|1698973718\n|-end|p1b: Walking Wake|Protosynthesis|[silent]\n|switch|p1b: Landorus|Landorus-Therian, M|1\/100\n|-ability|p1b: Landorus|Intimidate|boost\n|-unboost|p2a: Slowbro|atk|1\n|-unboost|p2b: Volcanion|atk|1\n|move|p2b: Volcanion|Earth Power|p1b: Landorus\n|-immune|p1b: Landorus\n|move|p1a: Sinistcha|Matcha Gotcha|p2b: Volcanion|[spread] p2a,p2b\n|-supereffective|p2a: Slowbro\n|-damage|p2a: Slowbro|0 fnt\n|-heal|p1a: Sinistcha|100\/100|[from] drain|[of] p2a: Slowbro\n|-damage|p2b: Volcanion|0 fnt\n|faint|p2a: Slowbro\n|faint|p2b: Volcanion\n|\n|upkeep\n|\n|t:|1698973725\n|switch|p2b: Basculegion|Basculegion, M, tera:Water|42\/100\n|switch|p2a: Pelipper|Pelipper, F|17\/100\n|-weather|RainDance|[from] ability: Drizzle|[of] p2a: Pelipper\n|turn|11\n|inactive|realspades has 210 seconds left.\n|\n|t:|1698973756\n|move|p1a: Sinistcha|Protect|p1a: Sinistcha\n|-singleturn|p1a: Sinistcha|Protect\n|move|p2b: Basculegion|Phantom Force||[still]\n|-prepare|p2b: Basculegion|Phantom Force\n|move|p1b: Landorus|Knock Off|p2b: Basculegion|[miss]\n|-miss|p1b: Landorus|p2b: Basculegion\n|move|p2a: Pelipper|Roost|p2a: Pelipper\n|-heal|p2a: Pelipper|67\/100\n|-singleturn|p2a: Pelipper|move: Roost\n|\n|-weather|RainDance|[upkeep]\n|upkeep\n|turn|12\n|\n|t:|1698973775\n|move|p2b: Basculegion|Phantom Force|p1a: Sinistcha|[from]lockedmove\n|-supereffective|p1a: Sinistcha\n|-damage|p1a: Sinistcha|40\/100\n|move|p1b: Landorus|Knock Off|p2b: Basculegion\n|-damage|p2b: Basculegion|0 fnt\n|-enditem|p2b: Basculegion|Choice Band|[from] move: Knock Off|[of] p1b: Landorus\n|faint|p2b: Basculegion\n|move|p1a: Sinistcha|Strength Sap|p2a: Pelipper\n|-unboost|p2a: Pelipper|atk|1\n|-heal|p1a: Sinistcha|75\/100\n|move|p2a: Pelipper|Hurricane|p1b: Landorus\n|-damage|p1b: Landorus|0 fnt\n|faint|p1b: Landorus\n|\n|-weather|RainDance|[upkeep]\n|upkeep\n|c|\u2606realspades|gg\n|\n|t:|1698973790\n|switch|p1b: Ring Pop|Diancie|100\/100\n|turn|13\n|\n|t:|1698973795\n|move|p1b: Ring Pop|Diamond Storm|p2a: Pelipper\n|-supereffective|p2a: Pelipper\n|-damage|p2a: Pelipper|0 fnt\n|-boost|p1b: Ring Pop|def|2\n|faint|p2a: Pelipper\n|\n|win|Shazamwhich\n|c|\u2606realspades|redo\n|c|\u2606Shazamwhich|ggwp\n|c|\u2606Shazamwhich|ok\n|c|\u2606realspades|wp\n|l|\u2606realspades\n","uploadtime":1698973808,"views":5,"p1id":"shazamwhich","p2id":"realspades","formatid":"gen9nationaldexdoubles","rating":0,"private":0,"password":""}