{"id":"gen9nationaldexdoubles-1994260453","p1":"Makandile","p2":"Le Vector","format":"[Gen 9] National Dex Doubles","log":"|j|\u2606Makandile\n|j|\u2606Le Vector\n|t:|1700424518\n|gametype|doubles\n|player|p1|Makandile|169|1000\n|player|p2|Le Vector|silver|1088\n|teamsize|p1|6\n|teamsize|p2|6\n|gen|9\n|tier|[Gen 9] National Dex Doubles\n|rated|\n|rule|HP Percentage Mod: HP is shown in percentages\n|rule|Endless Battle Clause: Forcing endless battles is banned\n|rule|OHKO Clause: OHKO moves are banned\n|rule|Evasion Moves Clause: Evasion moves are banned\n|rule|Evasion Abilities Clause: Evasion abilities are banned\n|rule|Species Clause: Limit one of each Pok\u00e9mon\n|rule|Gravity Sleep Clause: The combination of sleep-inducing moves with imperfect accuracy and Gravity or Gigantamax Orbeetle are banned\n|clearpoke\n|poke|p1|Primarina, F|\n|poke|p1|Clodsire, M|\n|poke|p1|Ogerpon-Wellspring, F|\n|poke|p1|Gardevoir, F|\n|poke|p1|Gholdengo|\n|poke|p1|Lapras, M|\n|poke|p2|Tyranitar, M|\n|poke|p2|Hippowdon, M|\n|poke|p2|Garganacl, M|\n|poke|p2|Gliscor, M|\n|poke|p2|Arcanine-Hisui, M|\n|poke|p2|Gholdengo|\n|teampreview\n|inactive|Battle timer is ON: inactive players will automatically lose when time's up. (requested by Makandile)\n|\n|t:|1700424577\n|start\n|switch|p1a: Azura|Primarina, F|100\/100\n|switch|p1b: Clodsy|Clodsire, M|100\/100\n|switch|p2a: Hippowdon|Hippowdon, M|100\/100\n|switch|p2b: Gliscor|Gliscor, M|100\/100\n|-weather|Sandstorm|[from] ability: Sand Stream|[of] p2a: Hippowdon\n|turn|1\n|\n|t:|1700424593\n|move|p2b: Gliscor|Protect|p2b: Gliscor\n|-singleturn|p2b: Gliscor|Protect\n|move|p1a: Azura|Sparkling Aria|p2b: Gliscor|[spread] p2a\n|-activate|p2b: Gliscor|move: Protect\n|-immune|p1b: Clodsy|[from] ability: Water Absorb\n|-supereffective|p2a: Hippowdon\n|-damage|p2a: Hippowdon|36\/100\n|move|p2a: Hippowdon|Stealth Rock|p1b: Clodsy\n|-sidestart|p1: Makandile|move: Stealth Rock\n|move|p1b: Clodsy|Curse|p1b: Clodsy\n|-unboost|p1b: Clodsy|spe|1\n|-boost|p1b: Clodsy|atk|1\n|-boost|p1b: Clodsy|def|1\n|\n|-weather|Sandstorm|[upkeep]\n|-damage|p1a: Azura|94\/100|[from] Sandstorm\n|-heal|p1a: Azura|100\/100|[from] item: Leftovers\n|-heal|p2a: Hippowdon|42\/100|[from] item: Leftovers\n|-status|p2b: Gliscor|tox|[from] item: Toxic Orb\n|upkeep\n|turn|2\n|inactive|Makandile has 120 seconds left.\n|\n|t:|1700424627\n|move|p2b: Gliscor|Spikes|p1a: Azura\n|-sidestart|p1: Makandile|Spikes\n|move|p1a: Azura|Sparkling Aria|p2b: Gliscor|[spread] p2a,p2b\n|-immune|p1b: Clodsy|[from] ability: Water Absorb\n|-supereffective|p2a: Hippowdon\n|-crit|p2a: Hippowdon\n|-supereffective|p2b: Gliscor\n|-damage|p2a: Hippowdon|0 fnt\n|-damage|p2b: Gliscor|48\/100 tox\n|faint|p2a: Hippowdon\n|move|p1b: Clodsy|Rock Slide|p2b: Gliscor\n|-damage|p2b: Gliscor|33\/100 tox\n|\n|-weather|Sandstorm|[upkeep]\n|-damage|p1a: Azura|94\/100|[from] Sandstorm\n|-heal|p1a: Azura|100\/100|[from] item: Leftovers\n|-heal|p2b: Gliscor|45\/100 tox|[from] ability: Poison Heal\n|upkeep\n|inactive|Le Vector has 120 seconds left.\n|\n|t:|1700424643\n|switch|p2a: Gholdengo|Gholdengo|100\/100\n|turn|3\n|inactive|Makandile has 120 seconds left.\n|\n|t:|1700424673\n|-terastallize|p2a: Gholdengo|Steel\n|move|p2b: Gliscor|Protect|p2b: Gliscor\n|-singleturn|p2b: Gliscor|Protect\n|move|p2a: Gholdengo|Make It Rain|p1b: Clodsy|[spread] p1a,p1b\n|-damage|p1a: Azura|11\/100\n|-damage|p1b: Clodsy|43\/100\n|-unboost|p2a: Gholdengo|spa|1\n|move|p1a: Azura|Sparkling Aria|p2a: Gholdengo|[spread] p2a\n|-activate|p2b: Gliscor|move: Protect\n|-heal|p1b: Clodsy|68\/100|[from] ability: Water Absorb|[of] p1a: Azura\n|-damage|p2a: Gholdengo|62\/100\n|move|p1b: Clodsy|Rock Slide|p2a: Gholdengo|[spread] p2a\n|-activate|p2b: Gliscor|move: Protect\n|-resisted|p2a: Gholdengo\n|-damage|p2a: Gholdengo|54\/100\n|\n|-weather|Sandstorm|[upkeep]\n|-damage|p1a: Azura|5\/100|[from] Sandstorm\n|-heal|p1a: Azura|11\/100|[from] item: Leftovers\n|-heal|p2b: Gliscor|57\/100 tox|[from] ability: Poison Heal\n|upkeep\n|turn|4\n|inactive|Makandile has 120 seconds left.\n|inactive|Le Vector has 120 seconds left.\n|\n|t:|1700424717\n|move|p2b: Gliscor|Protect||[still]\n|-fail|p2b: Gliscor\n|move|p2a: Gholdengo|Make It Rain|p1b: Clodsy|[spread] p1a,p1b\n|-damage|p1a: Azura|0 fnt\n|-damage|p1b: Clodsy|29\/100\n|-unboost|p2a: Gholdengo|spa|1\n|faint|p1a: Azura\n|move|p1b: Clodsy|Earthquake|p2a: Gholdengo|[spread] p2a\n|-immune|p2b: Gliscor\n|-supereffective|p2a: Gholdengo\n|-damage|p2a: Gholdengo|0 fnt\n|faint|p2a: Gholdengo\n|\n|-weather|Sandstorm|[upkeep]\n|-heal|p2b: Gliscor|70\/100 tox|[from] ability: Poison Heal\n|upkeep\n|inactive|Le Vector has 120 seconds left.\n|inactive|Makandile has 120 seconds left.\n|\n|t:|1700424740\n|switch|p2a: Arcanine|Arcanine-Hisui, M|100\/100\n|switch|p1a: Sesa|Lapras, M|100\/100\n|-damage|p1a: Sesa|75\/100|[from] Stealth Rock\n|-damage|p1a: Sesa|63\/100|[from] Spikes\n|turn|5\n|\n|t:|1700424756\n|move|p2a: Arcanine|Extreme Speed|p1b: Clodsy\n|-crit|p1b: Clodsy\n|-damage|p1b: Clodsy|0 fnt\n|faint|p1b: Clodsy\n|-damage|p2a: Arcanine|91\/100|[from] item: Life Orb\n|move|p2b: Gliscor|Spikes|p1a: Sesa\n|-sidestart|p1: Makandile|Spikes\n|move|p1a: Sesa|Sparkling Aria|p2b: Gliscor|[spread] p2a,p2b\n|-supereffective|p2a: Arcanine\n|-supereffective|p2b: Gliscor\n|-damage|p2a: Arcanine|0 fnt\n|-damage|p2b: Gliscor|8\/100 tox\n|faint|p2a: Arcanine\n|\n|-weather|none\n|-heal|p2b: Gliscor|20\/100 tox|[from] ability: Poison Heal\n|upkeep\n|\n|t:|1700424783\n|switch|p2a: Tyranitar|Tyranitar, M|100\/100\n|switch|p1b: Aqua|Ogerpon-Wellspring, F|100\/100\n|-damage|p1b: Aqua|88\/100|[from] Stealth Rock\n|-damage|p1b: Aqua|72\/100|[from] Spikes\n|-weather|Sandstorm|[from] ability: Sand Stream|[of] p2a: Tyranitar\n|turn|6\n|\n|t:|1700424804\n|move|p2b: Gliscor|Protect|p2b: Gliscor\n|-singleturn|p2b: Gliscor|Protect\n|move|p1b: Aqua|Ivy Cudgel|p2a: Tyranitar|[anim] Ivy Cudgel Water\n|-supereffective|p2a: Tyranitar\n|-damage|p2a: Tyranitar|0 fnt\n|faint|p2a: Tyranitar\n|move|p1a: Sesa|Sparkling Aria|p2b: Gliscor|[spread] \n|-activate|p2b: Gliscor|move: Protect\n|-heal|p1b: Aqua|97\/100|[from] ability: Water Absorb|[of] p1a: Sesa\n|\n|-weather|Sandstorm|[upkeep]\n|-damage|p1b: Aqua|91\/100|[from] Sandstorm\n|-damage|p1a: Sesa|57\/100|[from] Sandstorm\n|-heal|p2b: Gliscor|33\/100 tox|[from] ability: Poison Heal\n|upkeep\n|\n|t:|1700424817\n|switch|p2a: Garganacl|Garganacl, M|100\/100\n|turn|7\n|\n|t:|1700424836\n|move|p1b: Aqua|Wood Hammer|p2a: Garganacl\n|-supereffective|p2a: Garganacl\n|-damage|p2a: Garganacl|0 fnt\n|faint|p2a: Garganacl\n|-damage|p1b: Aqua|47\/100|[from] Recoil\n|move|p2b: Gliscor|Rock Slide|p1a: Sesa|[spread] p1a,p1b\n|-supereffective|p1a: Sesa\n|-damage|p1a: Sesa|36\/100\n|-damage|p1b: Aqua|31\/100\n|move|p1a: Sesa|Sparkling Aria|p2b: Gliscor|[spread] p2b\n|-heal|p1b: Aqua|56\/100|[from] ability: Water Absorb|[of] p1a: Sesa\n|-supereffective|p2b: Gliscor\n|-damage|p2b: Gliscor|0 fnt\n|faint|p2b: Gliscor\n|\n|win|Makandile\n|raw|Makandile's rating: 1000 &rarr; <strong>1050<\/strong><br \/>(+50 for winning)\n|raw|Le Vector's rating: 1088 &rarr; <strong>1059<\/strong><br \/>(-29 for losing)\n|l|\u2606Le Vector\n","uploadtime":1700424855,"views":2,"p1id":"makandile","p2id":"levector","formatid":"gen9nationaldexdoubles","rating":1050,"private":0,"password":""}