{"id":"gen9nationaldexdoubles-1949063807","p1":"ccD8 3+","p2":"Arkrabbe","format":"[Gen 9] National Dex Doubles","log":"|j|\u2606ccD8 3+\n|j|\u2606Arkrabbe\n|t:|1695323018\n|gametype|doubles\n|player|p1|ccD8 3+|lusamine-nihilego|1272\n|player|p2|Arkrabbe|wallace|1351\n|teamsize|p1|6\n|teamsize|p2|6\n|gen|9\n|tier|[Gen 9] National Dex Doubles\n|rated|\n|rule|HP Percentage Mod: HP is shown in percentages\n|rule|Endless Battle Clause: Forcing endless battles is banned\n|rule|OHKO Clause: OHKO moves are banned\n|rule|Evasion Moves Clause: Evasion moves are banned\n|rule|Evasion Abilities Clause: Evasion abilities are banned\n|rule|Species Clause: Limit one of each Pok\u00e9mon\n|rule|Gravity Sleep Clause: The combination of sleep-inducing moves with imperfect accuracy and Gravity or Gigantamax Orbeetle are banned\n|clearpoke\n|poke|p1|Charizard, F|\n|poke|p1|Chi-Yu|\n|poke|p1|Flutter Mane|\n|poke|p1|Whimsicott, M|\n|poke|p1|Zygarde|\n|poke|p1|Chien-Pao|\n|poke|p2|Iron Hands|\n|poke|p2|Chien-Pao|\n|poke|p2|Charizard, F|\n|poke|p2|Azumarill, F|\n|poke|p2|Gallade, M|\n|poke|p2|Heatran, M|\n|teampreview\n|inactive|Battle timer is ON: inactive players will automatically lose when time's up. (requested by ccD8 3+)\n|inactive|Arkrabbe has 120 seconds left.\n|\n|t:|1695323060\n|start\n|switch|p1a: Whimsicott|Whimsicott, M|100\/100\n|switch|p1b: Charizard|Charizard, F|100\/100\n|switch|p2a: Iron Hands|Iron Hands|100\/100\n|switch|p2b: Chien-Pao|Chien-Pao|100\/100\n|-ability|p2b: Chien-Pao|Sword of Ruin\n|turn|1\n|\n|t:|1695323079\n|move|p1b: Charizard|Protect|p1b: Charizard\n|-singleturn|p1b: Charizard|Protect\n|move|p1a: Whimsicott|Tailwind|p1a: Whimsicott\n|-sidestart|p1: ccD8 3+|move: Tailwind\n|move|p2b: Chien-Pao|Ice Spinner|p1a: Whimsicott\n|-supereffective|p1a: Whimsicott\n|-damage|p1a: Whimsicott|0 fnt\n|faint|p1a: Whimsicott\n|move|p2a: Iron Hands|Wild Charge|p1b: Charizard\n|-activate|p1b: Charizard|move: Protect\n|\n|upkeep\n|\n|t:|1695323088\n|switch|p1a: Chi-Yu|Chi-Yu|100\/100\n|-ability|p1a: Chi-Yu|Beads of Ruin\n|turn|2\n|\n|t:|1695323096\n|switch|p2b: Azumarill|Azumarill, F|100\/100\n|detailschange|p1b: Charizard|Charizard-Mega-Y, F\n|-mega|p1b: Charizard|Charizard|Charizardite Y\n|-weather|SunnyDay|[from] ability: Drought|[of] p1b: Charizard\n|move|p1a: Chi-Yu|Heat Wave|p2a: Iron Hands|[spread] p2a,p2b\n|-resisted|p2b: Azumarill\n|-damage|p2a: Iron Hands|52\/100\n|-damage|p2b: Azumarill|59\/100\n|move|p1b: Charizard|Heat Wave|p2b: Azumarill|[spread] p2a\n|-miss|p1b: Charizard|p2b: Azumarill\n|-damage|p2a: Iron Hands|2\/100\n|move|p2a: Iron Hands|Wild Charge|p1b: Charizard\n|-supereffective|p1b: Charizard\n|-damage|p1b: Charizard|0 fnt\n|faint|p1b: Charizard\n|-damage|p2a: Iron Hands|0 fnt|[from] Recoil\n|faint|p2a: Iron Hands\n|-end|p2a: Iron Hands|Quark Drive|[silent]\n|\n|-weather|SunnyDay|[upkeep]\n|upkeep\n|\n|t:|1695323120\n|switch|p1b: Flutter Mane|Flutter Mane|100\/100\n|switch|p2a: Charizard|Charizard, F|100\/100\n|-activate|p1b: Flutter Mane|ability: Protosynthesis\n|-start|p1b: Flutter Mane|protosynthesisspe\n|turn|3\n|c|\u2606ccD8 3+|wait what\n|\n|t:|1695323141\n|detailschange|p2a: Charizard|Charizard-Mega-Y, F\n|-mega|p2a: Charizard|Charizard|Charizardite Y\n|-terastallize|p1b: Flutter Mane|Fairy\n|move|p1b: Flutter Mane|Dazzling Gleam|p2b: Azumarill|[spread] p2a,p2b\n|-resisted|p2a: Charizard\n|-damage|p2a: Charizard|59\/100\n|-damage|p2b: Azumarill|0 fnt\n|faint|p2b: Azumarill\n|move|p1a: Chi-Yu|Dark Pulse|p2a: Charizard\n|-damage|p2a: Charizard|0 fnt\n|faint|p2a: Charizard\n|\n|-weather|SunnyDay|[upkeep]\n|upkeep\n|\n|t:|1695323157\n|switch|p2a: Gallade|Gallade, M|100\/100\n|switch|p2b: Heatran|Heatran, M|100\/100\n|turn|4\n|\n|t:|1695323171\n|-terastallize|p2a: Gallade|Grass\n|move|p1b: Flutter Mane|Dazzling Gleam|p2b: Heatran|[spread] p2a,p2b\n|-crit|p2a: Gallade\n|-resisted|p2b: Heatran\n|-damage|p2a: Gallade|0 fnt\n|-damage|p2b: Heatran|88\/100\n|faint|p2a: Gallade\n|move|p1a: Chi-Yu|Dark Pulse|p2b: Heatran\n|-damage|p2b: Heatran|53\/100\n|move|p2b: Heatran|Earth Power|p1a: Chi-Yu\n|-supereffective|p1a: Chi-Yu\n|-damage|p1a: Chi-Yu|45\/100\n|\n|-weather|SunnyDay|[upkeep]\n|-heal|p2b: Heatran|59\/100|[from] item: Leftovers\n|-sideend|p1: ccD8 3+|move: Tailwind\n|upkeep\n|\n|t:|1695323183\n|switch|p2a: Chien-Pao|Chien-Pao|100\/100\n|-ability|p2a: Chien-Pao|Sword of Ruin\n|turn|5\n|\n|t:|1695323194\n|move|p2a: Chien-Pao|Sucker Punch|p1a: Chi-Yu\n|-resisted|p1a: Chi-Yu\n|-damage|p1a: Chi-Yu|4\/100\n|move|p1b: Flutter Mane|Dazzling Gleam|p2b: Heatran|[spread] p2a,p2b\n|-supereffective|p2a: Chien-Pao\n|-resisted|p2b: Heatran\n|-enditem|p2a: Chien-Pao|Focus Sash\n|-damage|p2a: Chien-Pao|1\/100\n|-damage|p2b: Heatran|47\/100\n|move|p1a: Chi-Yu|Dark Pulse|p2b: Heatran\n|-damage|p2b: Heatran|12\/100\n|move|p2b: Heatran|Earth Power|p1a: Chi-Yu\n|-supereffective|p1a: Chi-Yu\n|-damage|p1a: Chi-Yu|0 fnt\n|faint|p1a: Chi-Yu\n|\n|-weather|SunnyDay|[upkeep]\n|-heal|p2b: Heatran|18\/100|[from] item: Leftovers\n|upkeep\n|\n|t:|1695323212\n|switch|p1a: Chien-Pao|Chien-Pao|100\/100\n|-ability|p1a: Chien-Pao|Sword of Ruin\n|turn|6\n|\n|t:|1695323218\n|move|p1a: Chien-Pao|Sucker Punch|p2b: Heatran\n|-damage|p2b: Heatran|0 fnt\n|faint|p2b: Heatran\n|move|p1b: Flutter Mane|Dazzling Gleam|p2a: Chien-Pao\n|-supereffective|p2a: Chien-Pao\n|-damage|p2a: Chien-Pao|0 fnt\n|faint|p2a: Chien-Pao\n|\n|win|ccD8 3+\n|raw|ccD8 3+'s rating: 1272 &rarr; <strong>1303<\/strong><br \/>(+31 for winning)\n|raw|Arkrabbe's rating: 1351 &rarr; <strong>1327<\/strong><br \/>(-24 for losing)\n|l|\u2606Arkrabbe\n","uploadtime":1695323234,"views":11,"p1id":"ccd83","p2id":"arkrabbe","formatid":"gen9nationaldexdoubles","rating":1303,"private":0,"password":""}