{"id":"gen9nationaldexdoubles-1963144495","p1":"kadeo_189","p2":"Denvah_17","format":"[Gen 9] National Dex Doubles","log":"|j|\u2606kadeo_189\n|j|\u2606Denvah_17\n|t:|1696833076\n|gametype|doubles\n|player|p1|kadeo_189|aromalady|1078\n|player|p2|Denvah_17|alder|1192\n|teamsize|p1|6\n|teamsize|p2|6\n|gen|9\n|tier|[Gen 9] National Dex Doubles\n|rated|\n|rule|HP Percentage Mod: HP is shown in percentages\n|rule|Endless Battle Clause: Forcing endless battles is banned\n|rule|OHKO Clause: OHKO moves are banned\n|rule|Evasion Moves Clause: Evasion moves are banned\n|rule|Evasion Abilities Clause: Evasion abilities are banned\n|rule|Species Clause: Limit one of each Pok\u00e9mon\n|rule|Gravity Sleep Clause: The combination of sleep-inducing moves with imperfect accuracy and Gravity or Gigantamax Orbeetle are banned\n|clearpoke\n|poke|p1|Spinda, M|\n|poke|p1|Victini|\n|poke|p1|Metagross|\n|poke|p1|Gardevoir, F|\n|poke|p1|Porygon-Z|\n|poke|p1|Incineroar, F|\n|poke|p2|Sinistcha-Masterpiece|\n|poke|p2|Enamorus, F|\n|poke|p2|Volcanion|\n|poke|p2|Scizor, F|\n|poke|p2|Okidogi, M|\n|poke|p2|Ursaluna-Bloodmoon, M|\n|teampreview\n|inactive|Battle timer is ON: inactive players will automatically lose when time's up. (requested by Denvah_17)\n|\n|t:|1696833094\n|start\n|switch|p1a: Spinda|Spinda, M|100\/100\n|switch|p1b: Victini|Victini|100\/100\n|switch|p2a: Sonria|Enamorus, F|100\/100\n|switch|p2b: Grass Latte|Sinistcha-Masterpiece|100\/100\n|turn|1\n|\n|t:|1696833106\n|move|p2a: Sonria|Superpower|p1a: Spinda\n|-supereffective|p1a: Spinda\n|-enditem|p1a: Spinda|Focus Sash\n|-damage|p1a: Spinda|1\/100\n|-boost|p2a: Sonria|atk|1\n|-boost|p2a: Sonria|def|1\n|move|p1a: Spinda|Skill Swap|p1b: Victini\n|-activate|p1a: Spinda|move: Skill Swap|||[of] p1b: Victini\n|move|p1b: Victini|V-create|p2b: Grass Latte\n|-supereffective|p2b: Grass Latte\n|-damage|p2b: Grass Latte|0 fnt\n|-boost|p1b: Victini|spe|1\n|-boost|p1b: Victini|def|1\n|-boost|p1b: Victini|spd|1\n|faint|p2b: Grass Latte\n|\n|upkeep\n|inactive|Denvah_17 has 120 seconds left.\n|\n|t:|1696833145\n|switch|p2b: Saxophone|Volcanion|100\/100\n|turn|2\n|\n|t:|1696833158\n|-terastallize|p2a: Sonria|Rock\n|move|p1b: Victini|V-create|p2a: Sonria\n|-resisted|p2a: Sonria\n|-damage|p2a: Sonria|70\/100\n|-boost|p1b: Victini|spe|1\n|-boost|p1b: Victini|def|1\n|-boost|p1b: Victini|spd|1\n|move|p2a: Sonria|Tera Blast|p1b: Victini|[anim] Tera Blast Rock\n|-supereffective|p1b: Victini\n|-damage|p1b: Victini|54\/100\n|move|p1a: Spinda|Hypnosis|p2a: Sonria|[miss]\n|-miss|p1a: Spinda|p2a: Sonria\n|move|p2b: Saxophone|Earth Power|p1b: Victini\n|-supereffective|p1b: Victini\n|-damage|p1b: Victini|27\/100\n|\n|-heal|p1b: Victini|33\/100|[from] item: Leftovers\n|upkeep\n|turn|3\n|\n|t:|1696833183\n|-terastallize|p1b: Victini|Steel\n|move|p1b: Victini|Rest|p1b: Victini\n|-status|p1b: Victini|slp|[from] move: Rest\n|-heal|p1b: Victini|100\/100 slp|[silent]\n|move|p2a: Sonria|Tera Blast|p1b: Victini|[anim] Tera Blast Rock\n|-resisted|p1b: Victini\n|-damage|p1b: Victini|89\/100 slp\n|move|p1a: Spinda|Hypnosis|p2a: Sonria\n|-status|p2a: Sonria|slp|[from] move: Hypnosis\n|move|p2b: Saxophone|Steam Eruption|p1b: Victini\n|-damage|p1b: Victini|64\/100 slp\n|\n|-heal|p1b: Victini|70\/100 slp|[from] item: Leftovers\n|upkeep\n|turn|4\n|\n|t:|1696833203\n|cant|p1b: Victini|slp\n|cant|p2a: Sonria|slp\n|move|p1a: Spinda|Hypnosis|p2b: Saxophone\n|-status|p2b: Saxophone|slp|[from] move: Hypnosis\n|cant|p2b: Saxophone|slp\n|\n|-heal|p1b: Victini|76\/100 slp|[from] item: Leftovers\n|upkeep\n|turn|5\n|\n|t:|1696833219\n|cant|p1b: Victini|slp\n|cant|p2a: Sonria|slp\n|move|p1a: Spinda|Disable|p2b: Saxophone\n|-start|p2b: Saxophone|Disable|Steam Eruption\n|-curestatus|p2b: Saxophone|slp|[msg]\n|move|p2b: Saxophone|Heat Wave|p1b: Victini|[spread] p1a,p1b\n|-supereffective|p1b: Victini\n|-damage|p1a: Spinda|0 fnt\n|-damage|p1b: Victini|43\/100 slp\n|faint|p1a: Spinda\n|\n|-heal|p1b: Victini|49\/100 slp|[from] item: Leftovers\n|upkeep\n|\n|t:|1696833223\n|switch|p1a: Metagross|Metagross|100\/100\n|turn|6\n|\n|t:|1696833234\n|detailschange|p1a: Metagross|Metagross-Mega\n|-mega|p1a: Metagross|Metagross|Metagrossite\n|-curestatus|p1b: Victini|slp|[msg]\n|move|p1b: Victini|V-create|p2a: Sonria\n|-resisted|p2a: Sonria\n|-damage|p2a: Sonria|38\/100 slp\n|-boost|p1b: Victini|spe|1\n|-boost|p1b: Victini|def|1\n|-boost|p1b: Victini|spd|1\n|move|p1a: Metagross|Iron Head|p2b: Saxophone\n|-resisted|p2b: Saxophone\n|-damage|p2b: Saxophone|89\/100\n|-curestatus|p2a: Sonria|slp|[msg]\n|move|p2a: Sonria|Superpower|p1b: Victini\n|-supereffective|p1b: Victini\n|-damage|p1b: Victini|10\/100\n|-boost|p2a: Sonria|atk|1\n|-boost|p2a: Sonria|def|1\n|move|p2b: Saxophone|Heat Wave|p1b: Victini|[spread] p1a,p1b\n|-supereffective|p1a: Metagross\n|-crit|p1a: Metagross\n|-supereffective|p1b: Victini\n|-damage|p1a: Metagross|0 fnt\n|-damage|p1b: Victini|0 fnt\n|faint|p1a: Metagross\n|faint|p1b: Victini\n|\n|upkeep\n|\n|t:|1696833249\n|switch|p1a: Porygon-Z|Porygon-Z|100\/100\n|switch|p1b: Gardevoir|Gardevoir, F|100\/100\n|turn|7\n|\n|t:|1696833268\n|move|p2b: Saxophone|Protect|p2b: Saxophone\n|-singleturn|p2b: Saxophone|Protect\n|move|p2a: Sonria|Play Rough|p1a: Porygon-Z\n|-damage|p1a: Porygon-Z|0 fnt\n|faint|p1a: Porygon-Z\n|move|p1b: Gardevoir|Substitute|p1b: Gardevoir\n|-start|p1b: Gardevoir|Substitute\n|-damage|p1b: Gardevoir|76\/100\n|\n|-heal|p1b: Gardevoir|82\/100|[from] item: Leftovers\n|upkeep\n|-message|kadeo_189 forfeited.\n|\n|win|Denvah_17\n|raw|kadeo_189's rating: 1078 &rarr; <strong>1063<\/strong><br \/>(-15 for losing)\n|raw|Denvah_17's rating: 1192 &rarr; <strong>1209<\/strong><br \/>(+17 for winning)\n|l|\u2606kadeo_189\n","uploadtime":1696833283,"views":7,"p1id":"kadeo189","p2id":"denvah17","formatid":"gen9nationaldexdoubles","rating":1063,"private":0,"password":""}