{"id":"gen9nationaldexdoubles-1996877265","p1":"TheQuacken57","p2":"conbomb","format":"[Gen 9] National Dex Doubles","log":"|j|\u2606TheQuacken57\n|j|\u2606conbomb\n|t:|1700739125\n|gametype|doubles\n|player|p1|TheQuacken57|rika|1143\n|player|p2|conbomb|cueball-gen1|1212\n|teamsize|p1|6\n|teamsize|p2|6\n|gen|9\n|tier|[Gen 9] National Dex Doubles\n|rated|\n|rule|HP Percentage Mod: HP is shown in percentages\n|rule|Endless Battle Clause: Forcing endless battles is banned\n|rule|OHKO Clause: OHKO moves are banned\n|rule|Evasion Moves Clause: Evasion moves are banned\n|rule|Evasion Abilities Clause: Evasion abilities are banned\n|rule|Species Clause: Limit one of each Pok\u00e9mon\n|rule|Gravity Sleep Clause: The combination of sleep-inducing moves with imperfect accuracy and Gravity or Gigantamax Orbeetle are banned\n|clearpoke\n|poke|p1|Marowak-Alola, F|\n|poke|p1|Gastrodon-East, M|\n|poke|p1|Klefki, F|\n|poke|p1|Clefairy, M|\n|poke|p1|Arcanine, M|\n|poke|p1|Hydreigon, F|\n|poke|p2|Regigigas|\n|poke|p2|Flamigo, M|\n|poke|p2|Ursaluna-Bloodmoon, M|\n|poke|p2|Audino, M|\n|poke|p2|Oranguru, M|\n|poke|p2|Malamar, M|\n|teampreview\n|inactive|Battle timer is ON: inactive players will automatically lose when time's up. (requested by conbomb)\n|c|\u2606TheQuacken57|hmmm i remember barely winning last time\n|\n|t:|1700739158\n|start\n|switch|p1a: Marowak|Marowak-Alola, F|100\/100\n|switch|p1b: Klefki|Klefki, F|100\/100\n|switch|p2a: Oranguru|Oranguru, M|100\/100\n|switch|p2b: Ursaluna|Ursaluna-Bloodmoon, M|100\/100\n|turn|1\n|c|\u2606TheQuacken57|i know remember why\n|inactive|TheQuacken57 has 120 seconds left.\n|\n|t:|1700739204\n|move|p1b: Klefki|Thunder Wave|p2a: Oranguru\n|-status|p2a: Oranguru|par\n|move|p1a: Marowak|Swords Dance|p1a: Marowak\n|-boost|p1a: Marowak|atk|2\n|move|p2b: Ursaluna|Earth Power|p1a: Marowak\n|-supereffective|p1a: Marowak\n|-damage|p1a: Marowak|0 fnt\n|faint|p1a: Marowak\n|move|p2a: Oranguru|Taunt|p1b: Klefki\n|-start|p1b: Klefki|move: Taunt\n|\n|upkeep\n|\n|t:|1700739219\n|switch|p1a: Arcanine|Arcanine, M|100\/100\n|-ability|p1a: Arcanine|Intimidate|boost\n|-unboost|p2a: Oranguru|atk|1\n|-unboost|p2b: Ursaluna|atk|1\n|turn|2\n|\n|t:|1700739232\n|move|p1a: Arcanine|Will-O-Wisp|p2b: Ursaluna\n|-status|p2b: Ursaluna|brn\n|move|p1b: Klefki|Foul Play|p2a: Oranguru\n|-supereffective|p2a: Oranguru\n|-damage|p2a: Oranguru|85\/100 par\n|move|p2b: Ursaluna|Earth Power|p1a: Arcanine\n|-supereffective|p1a: Arcanine\n|-damage|p1a: Arcanine|0 fnt\n|faint|p1a: Arcanine\n|move|p2a: Oranguru|Trick Room|p2a: Oranguru\n|-fieldstart|move: Trick Room|[of] p2a: Oranguru\n|\n|-damage|p2b: Ursaluna|94\/100 brn|[from] brn\n|upkeep\n|\n|t:|1700739253\n|switch|p1a: Hydreigon|Hydreigon, F|100\/100\n|turn|3\n|inactive|TheQuacken57 has 120 seconds left.\n|\n|t:|1700739271\n|switch|p1b: Clefairy|Clefairy, M|100\/100\n|move|p2a: Oranguru|Taunt|p1a: Hydreigon\n|-start|p1a: Hydreigon|move: Taunt\n|move|p2b: Ursaluna|Calm Mind|p2b: Ursaluna\n|-boost|p2b: Ursaluna|spa|1\n|-boost|p2b: Ursaluna|spd|1\n|move|p1a: Hydreigon|Dark Pulse|p2a: Oranguru\n|-supereffective|p2a: Oranguru\n|-damage|p2a: Oranguru|0 fnt\n|faint|p2a: Oranguru\n|\n|-damage|p2b: Ursaluna|88\/100 brn|[from] brn\n|upkeep\n|\n|t:|1700739283\n|switch|p2a: Audino|Audino, M|100\/100\n|turn|4\n|\n|t:|1700739300\n|detailschange|p2a: Audino|Audino-Mega, M\n|-mega|p2a: Audino|Audino|Audinite\n|move|p1b: Clefairy|Protect|p1b: Clefairy\n|-singleturn|p1b: Clefairy|Protect\n|move|p2b: Ursaluna|Blood Moon|p1b: Clefairy\n|-activate|p1b: Clefairy|move: Protect\n|move|p2a: Audino|Wish|p2a: Audino\n|move|p1a: Hydreigon|Dark Pulse|p2b: Ursaluna\n|-damage|p2b: Ursaluna|44\/100 brn\n|\n|-damage|p2b: Ursaluna|38\/100 brn|[from] brn\n|upkeep\n|turn|5\n|inactive|TheQuacken57 has 120 seconds left.\n|\n|t:|1700739345\n|switch|p1b: Klefki|Klefki, F|100\/100\n|move|p2a: Audino|Ally Switch|p2a: Audino\n|swap|p2a: Audino|1|[from] move: Ally Switch\n|move|p2a: Ursaluna|Vacuum Wave|p1a: Hydreigon\n|-supereffective|p1a: Hydreigon\n|-damage|p1a: Hydreigon|52\/100\n|move|p1a: Hydreigon|Dark Pulse|p2b: Audino\n|-resisted|p2b: Audino\n|-damage|p2b: Audino|84\/100\n|\n|-heal|p2a: Ursaluna|86\/100 brn|[from] move: Wish|[wisher] Audino\n|-activate|p2b: Audino|ability: Healer\n|-curestatus|p2a: Ursaluna|brn|[msg]\n|-end|p1a: Hydreigon|move: Taunt\n|upkeep\n|turn|6\n|inactive|TheQuacken57 has 120 seconds left.\n|\n|t:|1700739370\n|move|p2b: Audino|Magic Coat|p2b: Audino\n|-singleturn|p2b: Audino|move: Magic Coat\n|move|p1b: Klefki|Reflect|p1b: Klefki\n|-sidestart|p1: TheQuacken57|Reflect\n|move|p2a: Ursaluna|Blood Moon|p1a: Hydreigon\n|-damage|p1a: Hydreigon|0 fnt\n|faint|p1a: Hydreigon\n|\n|-fieldend|move: Trick Room\n|upkeep\n|\n|t:|1700739379\n|switch|p1a: Clefairy|Clefairy, M|100\/100\n|turn|7\n|\n|t:|1700739386\n|switch|p1b: Gastrodon|Gastrodon-East, M|100\/100\n|move|p2b: Audino|Encore||[still]\n|-fail|p2b: Audino\n|move|p2a: Ursaluna|Calm Mind|p2a: Ursaluna\n|-boost|p2a: Ursaluna|spa|1\n|-boost|p2a: Ursaluna|spd|1\n|move|p1a: Clefairy|Life Dew||[still]|[spread] \n|-ability|p1b: Gastrodon|Storm Drain|boost\n|-boost|p1b: Gastrodon|spa|1\n|-fail|p1a: Clefairy|heal\n|\n|upkeep\n|turn|8\n|\n|t:|1700739409\n|-terastallize|p2a: Ursaluna|Ghost\n|move|p2b: Audino|Wish|p2b: Audino\n|move|p2a: Ursaluna|Blood Moon|p1b: Gastrodon\n|-damage|p1b: Gastrodon|32\/100\n|move|p1b: Gastrodon|Hydro Pump|p2a: Ursaluna\n|-damage|p2a: Ursaluna|58\/100\n|move|p1a: Clefairy|Life Dew||[still]|[spread] \n|-ability|p1b: Gastrodon|Storm Drain|boost\n|-boost|p1b: Gastrodon|spa|1\n|-fail|p1a: Clefairy|heal\n|\n|-heal|p1b: Gastrodon|38\/100|[from] item: Leftovers\n|upkeep\n|turn|9\n|\n|t:|1700739428\n|move|p2b: Audino|Ally Switch|p2b: Audino\n|swap|p2b: Audino|0|[from] move: Ally Switch\n|move|p1a: Clefairy|Follow Me|p1a: Clefairy\n|-singleturn|p1a: Clefairy|move: Follow Me\n|move|p2b: Ursaluna|Earth Power|p1a: Clefairy\n|-damage|p1a: Clefairy|34\/100\n|move|p1b: Gastrodon|Hydro Pump|p2a: Audino\n|-damage|p2a: Audino|47\/100\n|\n|-heal|p2b: Ursaluna|100\/100|[from] move: Wish|[wisher] Audino\n|-heal|p1b: Gastrodon|44\/100|[from] item: Leftovers\n|upkeep\n|turn|10\n|c|\u2606TheQuacken57|i hate you\n|c|\u2606TheQuacken57|suffer\n|inactive|TheQuacken57 has 120 seconds left.\n|-message|TheQuacken57 forfeited.\n|\n|win|conbomb\n|raw|TheQuacken57's rating: 1143 &rarr; <strong>1123<\/strong><br \/>(-20 for losing)\n|raw|conbomb's rating: 1212 &rarr; <strong>1232<\/strong><br \/>(+20 for winning)\n|l|\u2606TheQuacken57\n|player|p2|conbomb|cueball-gen1\n","uploadtime":1700739752,"views":0,"p1id":"thequacken57","p2id":"conbomb","formatid":"gen9nationaldexdoubles","rating":1123,"private":0,"password":""}