{"id":"gen9nationaldexdoubles-1969669428","p1":"Sonic42069","p2":"barionix980","format":"[Gen 9] National Dex Doubles","log":"|j|\u2606Sonic42069\n|j|\u2606barionix980\n|t:|1697556354\n|gametype|doubles\n|player|p1|Sonic42069|brycenman|1000\n|player|p2|barionix980|smasher|1000\n|teamsize|p1|6\n|teamsize|p2|6\n|gen|9\n|tier|[Gen 9] National Dex Doubles\n|rated|\n|rule|HP Percentage Mod: HP is shown in percentages\n|rule|Endless Battle Clause: Forcing endless battles is banned\n|rule|OHKO Clause: OHKO moves are banned\n|rule|Evasion Moves Clause: Evasion moves are banned\n|rule|Evasion Abilities Clause: Evasion abilities are banned\n|rule|Species Clause: Limit one of each Pok\u00e9mon\n|rule|Gravity Sleep Clause: The combination of sleep-inducing moves with imperfect accuracy and Gravity or Gigantamax Orbeetle are banned\n|clearpoke\n|poke|p1|Incineroar, M|\n|poke|p1|Rillaboom, F|\n|poke|p1|Greninja-*, M|\n|poke|p1|Blaziken, F|\n|poke|p1|Blastoise, F|\n|poke|p1|Torterra, M|\n|poke|p2|Plusle, M|\n|poke|p2|Minun, F|\n|poke|p2|Politoed, M|\n|poke|p2|Poliwrath, M|\n|poke|p2|Illumise, F|\n|poke|p2|Volbeat, M|\n|teampreview\n|inactive|Battle timer is ON: inactive players will automatically lose when time's up. (requested by Sonic42069)\n|\n|t:|1697556368\n|start\n|switch|p1a: Torterra|Torterra, M|100\/100\n|switch|p1b: Rillaboom|Rillaboom, F|100\/100\n|switch|p2a: Minun|Minun, F|100\/100\n|switch|p2b: Plusle|Plusle, M|100\/100\n|-item|p2b: Plusle|Air Balloon\n|-item|p2a: Minun|Air Balloon\n|-fieldstart|move: Grassy Terrain|[from] ability: Grassy Surge|[of] p1b: Rillaboom\n|turn|1\n|\n|t:|1697556385\n|move|p1b: Rillaboom|Fake Out|p2a: Minun\n|-damage|p2a: Minun|81\/100\n|-enditem|p2a: Minun|Air Balloon\n|cant|p2a: Minun|flinch\n|move|p2b: Plusle|Nasty Plot|p2b: Plusle\n|-boost|p2b: Plusle|spa|2\n|move|p1a: Torterra|Iron Defense|p1a: Torterra\n|-boost|p1a: Torterra|def|2\n|\n|-heal|p2a: Minun|87\/100|[from] Grassy Terrain\n|upkeep\n|turn|2\n|\n|t:|1697556405\n|move|p1b: Rillaboom|Grassy Glide|p2b: Plusle\n|-damage|p2b: Plusle|3\/100\n|-enditem|p2b: Plusle|Air Balloon\n|move|p2b: Plusle|Hidden Power|p1a: Torterra\n|-supereffective|p1a: Torterra\n|-damage|p1a: Torterra|0 fnt\n|faint|p1a: Torterra\n|move|p2a: Minun|Nuzzle|p1b: Rillaboom\n|-resisted|p1b: Rillaboom\n|-damage|p1b: Rillaboom|99\/100\n|-status|p1b: Rillaboom|par\n|\n|-heal|p2a: Minun|93\/100|[from] Grassy Terrain\n|-heal|p2b: Plusle|9\/100|[from] Grassy Terrain\n|-heal|p1b: Rillaboom|100\/100 par|[from] Grassy Terrain\n|upkeep\n|\n|t:|1697556419\n|switch|p1a: Blaziken|Blaziken, F|100\/100\n|turn|3\n|\n|t:|1697556433\n|move|p1a: Blaziken|Protect|p1a: Blaziken\n|-singleturn|p1a: Blaziken|Protect\n|move|p1b: Rillaboom|Grassy Glide|p2b: Plusle\n|-damage|p2b: Plusle|0 fnt\n|faint|p2b: Plusle\n|move|p2a: Minun|Nuzzle|p1a: Blaziken\n|-activate|p1a: Blaziken|move: Protect\n|\n|-heal|p2a: Minun|99\/100|[from] Grassy Terrain\n|-ability|p1a: Blaziken|Speed Boost|boost\n|-boost|p1a: Blaziken|spe|1\n|upkeep\n|\n|t:|1697556451\n|switch|p2b: Illumise|Illumise, F|100\/100\n|turn|4\n|\n|t:|1697556463\n|move|p2b: Illumise|Substitute|p2b: Illumise\n|-start|p2b: Illumise|Substitute\n|-damage|p2b: Illumise|76\/100\n|move|p1b: Rillaboom|Grassy Glide|p2a: Minun\n|-damage|p2a: Minun|46\/100\n|move|p1a: Blaziken|Fire Punch|p2b: Illumise\n|-supereffective|p2b: Illumise\n|-end|p2b: Illumise|Substitute\n|-damage|p1a: Blaziken|91\/100|[from] item: Life Orb\n|move|p2a: Minun|Rain Dance|p2a: Minun\n|-weather|RainDance\n|\n|-weather|RainDance|[upkeep]\n|-heal|p1a: Blaziken|97\/100|[from] Grassy Terrain\n|-heal|p2a: Minun|52\/100|[from] Grassy Terrain\n|-heal|p2b: Illumise|82\/100|[from] Grassy Terrain\n|-heal|p2b: Illumise|88\/100|[from] item: Leftovers\n|-ability|p1a: Blaziken|Speed Boost|boost\n|-boost|p1a: Blaziken|spe|1\n|upkeep\n|turn|5\n|\n|t:|1697556484\n|move|p2b: Illumise|Substitute|p2b: Illumise\n|-start|p2b: Illumise|Substitute\n|-damage|p2b: Illumise|63\/100\n|move|p1b: Rillaboom|Grassy Glide|p2a: Minun\n|-damage|p2a: Minun|0 fnt\n|faint|p2a: Minun\n|move|p1a: Blaziken|Swords Dance|p1a: Blaziken\n|-boost|p1a: Blaziken|atk|2\n|\n|-weather|RainDance|[upkeep]\n|-heal|p1a: Blaziken|100\/100|[from] Grassy Terrain\n|-heal|p2b: Illumise|69\/100|[from] Grassy Terrain\n|-heal|p2b: Illumise|75\/100|[from] item: Leftovers\n|-fieldend|move: Grassy Terrain\n|-ability|p1a: Blaziken|Speed Boost|boost\n|-boost|p1a: Blaziken|spe|1\n|upkeep\n|inactive|barionix980 has 120 seconds left.\n|\n|t:|1697556500\n|switch|p2a: Poliwrath|Poliwrath, M|100\/100\n|turn|6\n|\n|t:|1697556513\n|switch|p1b: Greninja|Greninja, M|100\/100\n|move|p1a: Blaziken|Protect|p1a: Blaziken\n|-singleturn|p1a: Blaziken|Protect\n|move|p2b: Illumise|Tailwind|p2b: Illumise\n|-sidestart|p2: barionix980|move: Tailwind\n|move|p2a: Poliwrath|Waterfall|p1a: Blaziken\n|-activate|p1a: Blaziken|move: Protect\n|\n|-weather|RainDance|[upkeep]\n|-heal|p2b: Illumise|81\/100|[from] item: Leftovers\n|-ability|p1a: Blaziken|Speed Boost|boost\n|-boost|p1a: Blaziken|spe|1\n|upkeep\n|turn|7\n|\n|t:|1697556538\n|switch|p2b: Politoed|Politoed, M|100\/100\n|move|p1a: Blaziken|Close Combat|p2b: Politoed\n|-damage|p2b: Politoed|0 fnt\n|-unboost|p1a: Blaziken|def|1\n|-unboost|p1a: Blaziken|spd|1\n|faint|p2b: Politoed\n|-damage|p1a: Blaziken|91\/100|[from] item: Life Orb\n|move|p2a: Poliwrath|Waterfall|p1a: Blaziken\n|-supereffective|p1a: Blaziken\n|-damage|p1a: Blaziken|0 fnt\n|faint|p1a: Blaziken\n|-damage|p2a: Poliwrath|91\/100|[from] item: Life Orb\n|move|p1b: Greninja|Mat Block||[still]\n|-fail|p1b: Greninja\n|\n|-weather|RainDance|[upkeep]\n|upkeep\n|\n|t:|1697556557\n|switch|p1a: Blastoise|Blastoise, F|100\/100\n|switch|p2b: Illumise|Illumise, F|81\/100\n|turn|8\n|\n|t:|1697556568\n|detailschange|p1a: Blastoise|Blastoise-Mega, F\n|-mega|p1a: Blastoise|Blastoise|Blastoisinite\n|move|p2b: Illumise|Substitute|p2b: Illumise\n|-start|p2b: Illumise|Substitute\n|-damage|p2b: Illumise|56\/100\n|move|p2a: Poliwrath|Bulk Up|p2a: Poliwrath\n|-boost|p2a: Poliwrath|atk|1\n|-boost|p2a: Poliwrath|def|1\n|move|p1b: Greninja|Icy Wind|p2b: Illumise|[spread] p2a,p2b\n|-start|p1b: Greninja|typechange|Ice|[from] ability: Protean\n|-activate|p2b: Illumise|move: Substitute|[damage]\n|-resisted|p2a: Poliwrath\n|-damage|p2a: Poliwrath|82\/100\n|-unboost|p2a: Poliwrath|spe|1\n|move|p1a: Blastoise|Water Pulse|p2b: Illumise\n|-end|p2b: Illumise|Substitute\n|\n|-weather|none\n|-heal|p2b: Illumise|62\/100|[from] item: Leftovers\n|upkeep\n|turn|9\n|\n|t:|1697556590\n|move|p2b: Illumise|Substitute|p2b: Illumise\n|-start|p2b: Illumise|Substitute\n|-damage|p2b: Illumise|37\/100\n|move|p1b: Greninja|Scald|p2a: Poliwrath\n|-resisted|p2a: Poliwrath\n|-damage|p2a: Poliwrath|71\/100\n|move|p2a: Poliwrath|Drain Punch|p1b: Greninja\n|-supereffective|p1b: Greninja\n|-damage|p1b: Greninja|0 fnt\n|-heal|p2a: Poliwrath|100\/100|[from] drain|[of] p1b: Greninja\n|faint|p1b: Greninja\n|-damage|p2a: Poliwrath|91\/100|[from] item: Life Orb\n|move|p1a: Blastoise|Water Pulse|p2a: Poliwrath\n|-resisted|p2a: Poliwrath\n|-damage|p2a: Poliwrath|64\/100\n|\n|-heal|p2b: Illumise|43\/100|[from] item: Leftovers\n|-sideend|p2: barionix980|move: Tailwind\n|upkeep\n|\n|t:|1697556594\n|switch|p1b: Incineroar|Incineroar, M|100\/100\n|-ability|p1b: Incineroar|Intimidate|boost\n|-unboost|p2a: Poliwrath|atk|1\n|-immune|p2b: Illumise\n|turn|10\n|\n|t:|1697556617\n|switch|p1a: Rillaboom|Rillaboom, F|100\/100 par\n|-fieldstart|move: Grassy Terrain|[from] ability: Grassy Surge|[of] p1a: Rillaboom\n|move|p1b: Incineroar|Fake Out|p2a: Poliwrath\n|-damage|p2a: Poliwrath|55\/100\n|move|p2b: Illumise|Tailwind|p2b: Illumise\n|-sidestart|p2: barionix980|move: Tailwind\n|cant|p2a: Poliwrath|flinch\n|\n|-heal|p2b: Illumise|49\/100|[from] Grassy Terrain\n|-heal|p2b: Illumise|55\/100|[from] item: Leftovers\n|-heal|p2a: Poliwrath|61\/100|[from] Grassy Terrain\n|upkeep\n|turn|11\n|\n|t:|1697556636\n|move|p2b: Illumise|Toxic||[still]\n|-fail|p2b: Illumise\n|cant|p1a: Rillaboom|par\n|move|p2a: Poliwrath|Waterfall|p1b: Incineroar\n|-supereffective|p1b: Incineroar\n|-damage|p1b: Incineroar|21\/100\n|-enditem|p1b: Incineroar|Sitrus Berry|[eat]\n|-heal|p1b: Incineroar|45\/100|[from] item: Sitrus Berry\n|-damage|p2a: Poliwrath|51\/100|[from] item: Life Orb\n|move|p1b: Incineroar|U-turn|p2a: Poliwrath\n|-resisted|p2a: Poliwrath\n|-damage|p2a: Poliwrath|43\/100\n|\n|t:|1697556641\n|switch|p1b: Blastoise|Blastoise-Mega, F|100\/100|[from] U-turn\n|\n|-heal|p2b: Illumise|61\/100|[from] Grassy Terrain\n|-heal|p2b: Illumise|67\/100|[from] item: Leftovers\n|-heal|p2a: Poliwrath|49\/100|[from] Grassy Terrain\n|upkeep\n|turn|12\n|\n|t:|1697556661\n|move|p2b: Illumise|Toxic|p1b: Blastoise\n|-status|p1b: Blastoise|tox\n|cant|p1a: Rillaboom|par\n|move|p2a: Poliwrath|Bulk Up|p2a: Poliwrath\n|-boost|p2a: Poliwrath|atk|1\n|-boost|p2a: Poliwrath|def|1\n|move|p1b: Blastoise|Water Pulse|p2b: Illumise\n|-end|p2b: Illumise|Substitute\n|\n|-heal|p2b: Illumise|73\/100|[from] Grassy Terrain\n|-heal|p2b: Illumise|79\/100|[from] item: Leftovers\n|-heal|p2a: Poliwrath|55\/100|[from] Grassy Terrain\n|-damage|p1b: Blastoise|94\/100 tox|[from] psn\n|upkeep\n|turn|13\n|\n|t:|1697556680\n|move|p2b: Illumise|Substitute|p2b: Illumise\n|-start|p2b: Illumise|Substitute\n|-damage|p2b: Illumise|54\/100\n|move|p2a: Poliwrath|Drain Punch|p1b: Blastoise\n|-damage|p1b: Blastoise|44\/100 tox\n|-heal|p2a: Poliwrath|84\/100|[from] drain|[of] p1b: Blastoise\n|-damage|p2a: Poliwrath|74\/100|[from] item: Life Orb\n|move|p1b: Blastoise|Water Pulse|p2a: Poliwrath\n|-resisted|p2a: Poliwrath\n|-damage|p2a: Poliwrath|46\/100\n|move|p1a: Rillaboom|Wood Hammer|p2a: Poliwrath\n|-supereffective|p2a: Poliwrath\n|-damage|p2a: Poliwrath|0 fnt\n|faint|p2a: Poliwrath\n|-damage|p1a: Rillaboom|86\/100 par|[from] Recoil\n|\n|-heal|p2b: Illumise|60\/100|[from] Grassy Terrain\n|-heal|p2b: Illumise|66\/100|[from] item: Leftovers\n|-heal|p1b: Blastoise|50\/100 tox|[from] Grassy Terrain\n|-heal|p1a: Rillaboom|92\/100 par|[from] Grassy Terrain\n|-damage|p1b: Blastoise|38\/100 tox|[from] psn\n|-sideend|p2: barionix980|move: Tailwind\n|upkeep\n|inactive|barionix980 has 120 seconds left.\n|\n|t:|1697556703\n|switch|p2a: Volbeat|Volbeat, M|100\/100\n|turn|14\n|\n|t:|1697556718\n|move|p2b: Illumise|Tailwind|p2b: Illumise\n|-sidestart|p2: barionix980|move: Tailwind\n|move|p2a: Volbeat|Tail Glow|p2a: Volbeat\n|-boost|p2a: Volbeat|spa|3\n|move|p1b: Blastoise|Ice Beam|p2a: Volbeat\n|-damage|p2a: Volbeat|54\/100\n|cant|p1a: Rillaboom|par\n|\n|-heal|p2a: Volbeat|60\/100|[from] Grassy Terrain\n|-heal|p2b: Illumise|72\/100|[from] Grassy Terrain\n|-heal|p2b: Illumise|78\/100|[from] item: Leftovers\n|-heal|p2a: Volbeat|66\/100|[from] item: Leftovers\n|-heal|p1b: Blastoise|44\/100 tox|[from] Grassy Terrain\n|-heal|p1a: Rillaboom|98\/100 par|[from] Grassy Terrain\n|-damage|p1b: Blastoise|26\/100 tox|[from] psn\n|-fieldend|move: Grassy Terrain\n|upkeep\n|turn|15\n|\n|t:|1697556743\n|switch|p1a: Incineroar|Incineroar, M|45\/100\n|-ability|p1a: Incineroar|Intimidate|boost\n|-unboost|p2a: Volbeat|atk|1\n|-immune|p2b: Illumise\n|move|p2b: Illumise|Roost|p2b: Illumise\n|-heal|p2b: Illumise|100\/100\n|-singleturn|p2b: Illumise|move: Roost\n|move|p2a: Volbeat|Giga Drain|p1b: Blastoise\n|-supereffective|p1b: Blastoise\n|-damage|p1b: Blastoise|0 fnt\n|-heal|p2a: Volbeat|83\/100|[from] drain|[of] p1b: Blastoise\n|faint|p1b: Blastoise\n|\n|-heal|p2a: Volbeat|89\/100|[from] item: Leftovers\n|upkeep\n|\n|t:|1697556752\n|switch|p1b: Rillaboom|Rillaboom, F|98\/100 par\n|-fieldstart|move: Grassy Terrain|[from] ability: Grassy Surge|[of] p1b: Rillaboom\n|turn|16\n|\n|t:|1697556764\n|move|p1b: Rillaboom|Fake Out|p2a: Volbeat\n|-damage|p2a: Volbeat|67\/100\n|cant|p2a: Volbeat|flinch\n|move|p2b: Illumise|Toxic|p1a: Incineroar\n|-hint|Since gen 7, Dark is immune to Prankster moves.\n|-immune|p1a: Incineroar\n|move|p1a: Incineroar|Flare Blitz|p2a: Volbeat\n|-supereffective|p2a: Volbeat\n|-damage|p2a: Volbeat|0 fnt\n|faint|p2a: Volbeat\n|-damage|p1a: Incineroar|30\/100|[from] Recoil\n|\n|-heal|p1a: Incineroar|36\/100|[from] Grassy Terrain\n|-heal|p1b: Rillaboom|100\/100 par|[from] Grassy Terrain\n|upkeep\n|turn|17\n|-message|barionix980 forfeited.\n|\n|win|Sonic42069\n|raw|Sonic42069's rating: 1000 &rarr; <strong>1040<\/strong><br \/>(+40 for winning)\n|raw|barionix980's rating: 1000 &rarr; <strong>1000<\/strong><br \/>(+0 for losing)\n|l|\u2606barionix980\n","uploadtime":1697556783,"views":13,"p1id":"sonic42069","p2id":"barionix980","formatid":"gen9nationaldexdoubles","rating":1000,"private":0,"password":""}