{"id":"gen9nationaldexdoubles-1985128956","p1":"Player 723456","p2":"Le Thanh Hai","format":"[Gen 9] National Dex Doubles","log":"|j|\u2606Player 723456\n|j|\u2606Le Thanh Hai\n|t:|1699335088\n|gametype|doubles\n|player|p1|Player 723456|lucas|1042\n|player|p2|Le Thanh Hai|hilbert|1329\n|teamsize|p1|6\n|teamsize|p2|6\n|gen|9\n|tier|[Gen 9] National Dex Doubles\n|rated|\n|rule|HP Percentage Mod: HP is shown in percentages\n|rule|Endless Battle Clause: Forcing endless battles is banned\n|rule|OHKO Clause: OHKO moves are banned\n|rule|Evasion Moves Clause: Evasion moves are banned\n|rule|Evasion Abilities Clause: Evasion abilities are banned\n|rule|Species Clause: Limit one of each Pok\u00e9mon\n|rule|Gravity Sleep Clause: The combination of sleep-inducing moves with imperfect accuracy and Gravity or Gigantamax Orbeetle are banned\n|clearpoke\n|poke|p1|Palafin, F|\n|poke|p1|Tauros-Paldea-Combat, M|\n|poke|p1|Drifblim, M|\n|poke|p1|Gliscor, M|\n|poke|p1|Dragonite, F|\n|poke|p1|Volcarona, M|\n|poke|p2|Raikou|\n|poke|p2|Naganadel|\n|poke|p2|Salamence, F|\n|poke|p2|Arcanine-Hisui, F|\n|poke|p2|Breloom, M|\n|poke|p2|Kyurem-Black|\n|teampreview\n|inactive|Battle timer is ON: inactive players will automatically lose when time's up. (requested by Le Thanh Hai)\n|inactive|Le Thanh Hai has 120 seconds left.\n|\n|t:|1699335121\n|start\n|switch|p1a: Drifblim|Drifblim, M|100\/100\n|switch|p1b: Tauros|Tauros-Paldea-Combat, M|100\/100\n|switch|p2a: Raikou|Raikou|100\/100\n|switch|p2b: Naganadel|Naganadel|100\/100\n|turn|1\n|inactive|Player 723456 has 120 seconds left.\n|\n|t:|1699335157\n|switch|p1a: Gliscor|Gliscor, M|100\/100\n|move|p1b: Tauros|Raging Bull|p2a: Raikou\n|-damage|p2a: Raikou|51\/100\n|move|p2a: Raikou|Thunderbolt|p1a: Gliscor\n|-immune|p1a: Gliscor\n|move|p2b: Naganadel|Sludge Bomb|p1b: Tauros\n|-damage|p1b: Tauros|18\/100\n|\n|-status|p1a: Gliscor|tox|[from] item: Toxic Orb\n|upkeep\n|turn|2\n|inactive|Le Thanh Hai has 120 seconds left.\n|\n|t:|1699335187\n|switch|p1b: Drifblim|Drifblim, M|100\/100\n|move|p1a: Gliscor|Earthquake|p2b: Naganadel|[spread] p2a,p2b\n|-immune|p1b: Drifblim\n|-supereffective|p2a: Raikou\n|-supereffective|p2b: Naganadel\n|-damage|p2a: Raikou|0 fnt\n|-damage|p2b: Naganadel|15\/100\n|faint|p2a: Raikou\n|move|p2b: Naganadel|Nasty Plot|p2b: Naganadel\n|-boost|p2b: Naganadel|spa|2\n|\n|upkeep\n|inactive|Le Thanh Hai has 120 seconds left.\n|\n|t:|1699335204\n|switch|p2a: Kyurem|Kyurem-Black, shiny|100\/100\n|-ability|p2a: Kyurem|Teravolt\n|turn|3\n|inactive|Le Thanh Hai has 120 seconds left.\n|\n|t:|1699335219\n|switch|p1a: Palafin|Palafin, F|100\/100\n|move|p2b: Naganadel|Dragon Pulse|p1b: Drifblim\n|-damage|p1b: Drifblim|0 fnt\n|faint|p1b: Drifblim\n|-ability|p2b: Naganadel|Beast Boost|boost\n|-boost|p2b: Naganadel|spa|1\n|move|p2a: Kyurem|Icicle Spear|p1a: Palafin\n|-resisted|p1a: Palafin\n|-damage|p1a: Palafin|89\/100\n|-resisted|p1a: Palafin\n|-damage|p1a: Palafin|77\/100\n|-resisted|p1a: Palafin\n|-damage|p1a: Palafin|64\/100\n|-resisted|p1a: Palafin\n|-damage|p1a: Palafin|53\/100\n|-hitcount|p1a: Palafin|4\n|\n|upkeep\n|\n|t:|1699335238\n|switch|p1b: Tauros|Tauros-Paldea-Combat, M|18\/100\n|turn|4\n|inactive|Le Thanh Hai has 120 seconds left.\n|\n|t:|1699335271\n|-terastallize|p2a: Kyurem|Water\n|move|p1a: Palafin|Flip Turn|p2b: Naganadel\n|-resisted|p2b: Naganadel\n|-damage|p2b: Naganadel|0 fnt\n|faint|p2b: Naganadel\n|\n|t:|1699335281\n|detailschange|p1a: Palafin|Palafin-Hero, F\n|switch|p1a: Dragonite|Dragonite, F|100\/100|[from] Flip Turn\n|move|p1b: Tauros|Raging Bull|p2a: Kyurem\n|-damage|p2a: Kyurem|68\/100\n|move|p2a: Kyurem|Icicle Spear|p1b: Tauros\n|-damage|p1b: Tauros|0 fnt\n|faint|p1b: Tauros\n|-hitcount|p1: Tauros|1\n|\n|upkeep\n|\n|t:|1699335296\n|switch|p1b: Palafin|Palafin-Hero, F|53\/100\n|switch|p2b: Salamence|Salamence, F|100\/100\n|-activate|p1b: Palafin|ability: Zero to Hero\n|-ability|p2b: Salamence|Intimidate|boost\n|-unboost|p1a: Dragonite|atk|1\n|-unboost|p1b: Palafin|atk|1\n|turn|5\n|\n|t:|1699335313\n|detailschange|p2b: Salamence|Salamence-Mega, F\n|-mega|p2b: Salamence|Salamence|Salamencite\n|move|p1b: Palafin|Blizzard|p2a: Kyurem|[spread] p2a,p2b\n|-resisted|p2a: Kyurem\n|-supereffective|p2b: Salamence\n|-damage|p2a: Kyurem|60\/100\n|-damage|p2b: Salamence|27\/100\n|move|p2b: Salamence|Dragon Claw|p1a: Dragonite\n|-supereffective|p1a: Dragonite\n|-damage|p1a: Dragonite|41\/100\n|move|p1a: Dragonite|Dragon Dance|p1a: Dragonite\n|-boost|p1a: Dragonite|atk|1\n|-boost|p1a: Dragonite|spe|1\n|move|p2a: Kyurem|Icicle Spear|p1a: Dragonite\n|-supereffective|p1a: Dragonite\n|-damage|p1a: Dragonite|0 fnt\n|faint|p1a: Dragonite\n|-hitcount|p1: Dragonite|1\n|\n|upkeep\n|\n|t:|1699335329\n|switch|p1a: Gliscor|Gliscor, M|100\/100 tox\n|turn|6\n|inactive|Le Thanh Hai has 120 seconds left.\n|\n|t:|1699335367\n|switch|p1a: Volcarona|Volcarona, M|100\/100\n|move|p1b: Palafin|Blizzard|p2b: Salamence|[spread] p2a,p2b\n|-resisted|p2a: Kyurem\n|-supereffective|p2b: Salamence\n|-damage|p2a: Kyurem|52\/100\n|-damage|p2b: Salamence|0 fnt\n|-status|p2a: Kyurem|frz\n|faint|p2b: Salamence\n|cant|p2a: Kyurem|frz\n|\n|upkeep\n|\n|t:|1699335389\n|switch|p2b: Arcanine|Arcanine-Hisui, F|100\/100\n|-ability|p2b: Arcanine|Intimidate|boost\n|-unboost|p1a: Volcarona|atk|1\n|-unboost|p1b: Palafin|atk|1\n|turn|7\n|inactive|Le Thanh Hai has 120 seconds left.\n|\n|t:|1699335407\n|move|p2b: Arcanine|Extreme Speed|p1b: Palafin\n|-damage|p1b: Palafin|7\/100\n|move|p1b: Palafin|Wave Crash|p2b: Arcanine\n|-supereffective|p2b: Arcanine\n|-damage|p2b: Arcanine|0 fnt\n|faint|p2b: Arcanine\n|-damage|p1b: Palafin|0 fnt|[from] Recoil\n|faint|p1b: Palafin\n|move|p1a: Volcarona|Quiver Dance|p1a: Volcarona\n|-boost|p1a: Volcarona|spa|1\n|-boost|p1a: Volcarona|spd|1\n|-boost|p1a: Volcarona|spe|1\n|cant|p2a: Kyurem|frz\n|\n|upkeep\n|\n|t:|1699335420\n|switch|p1b: Gliscor|Gliscor, M|100\/100 tox\n|switch|p2b: Breloom|Breloom, M|100\/100\n|turn|8\n|\n|t:|1699335443\n|move|p1a: Volcarona|Trailblaze|p2a: Kyurem\n|-supereffective|p2a: Kyurem\n|-damage|p2a: Kyurem|43\/100 frz\n|-boost|p1a: Volcarona|spe|1\n|move|p1b: Gliscor|Fire Fang|p2b: Breloom\n|-supereffective|p2b: Breloom\n|-damage|p2b: Breloom|50\/100\n|cant|p2a: Kyurem|frz\n|move|p2b: Breloom|Spore|p1a: Volcarona\n|-status|p1a: Volcarona|slp|[from] move: Spore\n|\n|upkeep\n|turn|9\n|inactive|Player 723456 has 120 seconds left.\n|\n|t:|1699335481\n|cant|p1a: Volcarona|slp\n|move|p1b: Gliscor|Facade|p2a: Kyurem\n|-damage|p2a: Kyurem|13\/100 frz\n|-curestatus|p2a: Kyurem|frz|[msg]\n|move|p2a: Kyurem|Scale Shot|p1a: Volcarona\n|-damage|p1a: Volcarona|71\/100 slp\n|-damage|p1a: Volcarona|38\/100 slp\n|-damage|p1a: Volcarona|7\/100 slp\n|-damage|p1a: Volcarona|0 fnt\n|faint|p1a: Volcarona\n|-hitcount|p1: Volcarona|4\n|-unboost|p2a: Kyurem|def|1\n|-boost|p2a: Kyurem|spe|1\n|move|p2b: Breloom|Bullet Seed|p1b: Gliscor\n|-damage|p1b: Gliscor|80\/100 tox\n|-damage|p1b: Gliscor|58\/100 tox\n|-damage|p1b: Gliscor|36\/100 tox\n|-damage|p1b: Gliscor|14\/100 tox\n|-damage|p1b: Gliscor|0 fnt\n|faint|p1b: Gliscor\n|-hitcount|p1: Gliscor|5\n|\n|win|Le Thanh Hai\n|raw|Player 723456's rating: 1042 &rarr; <strong>1037<\/strong><br \/>(-5 for losing)\n|raw|Le Thanh Hai's rating: 1329 &rarr; <strong>1335<\/strong><br \/>(+6 for winning)\n","uploadtime":1699335505,"views":9,"p1id":"player723456","p2id":"lethanhhai","formatid":"gen9nationaldexdoubles","rating":1037,"private":0,"password":""}