{"id":"gen9nationaldexdoubles-1966367400","p1":"iluvtrickroom","p2":"ScorpionMaster511","format":"[Gen 9] National Dex Doubles","log":"|j|\u2606iluvtrickroom\n|j|\u2606ScorpionMaster511\n|t:|1697175375\n|gametype|doubles\n|player|p1|iluvtrickroom|hilda|1074\n|player|p2|ScorpionMaster511|lucas|1042\n|teamsize|p1|6\n|teamsize|p2|6\n|gen|9\n|tier|[Gen 9] National Dex Doubles\n|rated|\n|rule|HP Percentage Mod: HP is shown in percentages\n|rule|Endless Battle Clause: Forcing endless battles is banned\n|rule|OHKO Clause: OHKO moves are banned\n|rule|Evasion Moves Clause: Evasion moves are banned\n|rule|Evasion Abilities Clause: Evasion abilities are banned\n|rule|Species Clause: Limit one of each Pok\u00e9mon\n|rule|Gravity Sleep Clause: The combination of sleep-inducing moves with imperfect accuracy and Gravity or Gigantamax Orbeetle are banned\n|clearpoke\n|poke|p1|Dusknoir, F|\n|poke|p1|Indeedee-F, F|\n|poke|p1|Yanmega, M|\n|poke|p1|Spiritomb, F|\n|poke|p1|Garchomp, F|\n|poke|p1|Torterra, F|\n|poke|p2|Mew|\n|poke|p2|Shaymin|\n|poke|p2|Manaphy|\n|poke|p2|Victini|\n|poke|p2|Hoopa|\n|poke|p2|Jirachi|\n|teampreview\n|\n|t:|1697175385\n|start\n|switch|p1a: Spiritomb|Spiritomb, F, shiny|100\/100\n|switch|p1b: Yanmega|Yanmega, M, shiny|100\/100\n|switch|p2a: Victini|Victini|100\/100\n|switch|p2b: Hoopa|Hoopa|100\/100\n|-ability|p1a: Spiritomb|Pressure\n|turn|1\n|\n|t:|1697175410\n|move|p1b: Yanmega|Bug Buzz|p2b: Hoopa\n|-damage|p2b: Hoopa|38\/100\n|move|p2b: Hoopa|Trick|p1a: Spiritomb\n|-activate|p2b: Hoopa|move: Trick|[of] p1a: Spiritomb\n|-item|p1a: Spiritomb|Choice Scarf|[from] move: Trick\n|-item|p2b: Hoopa|Leftovers|[from] move: Trick\n|move|p2a: Victini|V-create|p1b: Yanmega\n|-supereffective|p1b: Yanmega\n|-damage|p1b: Yanmega|0 fnt\n|-unboost|p2a: Victini|spe|1\n|-unboost|p2a: Victini|def|1\n|-unboost|p2a: Victini|spd|1\n|faint|p1b: Yanmega\n|move|p1a: Spiritomb|Foul Play|p2a: Victini\n|-supereffective|p2a: Victini\n|-damage|p2a: Victini|4\/100\n|\n|-heal|p2b: Hoopa|44\/100|[from] item: Leftovers\n|upkeep\n|\n|t:|1697175428\n|switch|p1b: Indeedee|Indeedee-F, F, shiny|100\/100\n|-fieldstart|move: Psychic Terrain|[from] ability: Psychic Surge|[of] p1b: Indeedee\n|turn|2\n|\n|t:|1697175441\n|switch|p2a: Shaymin|Shaymin|100\/100\n|move|p1b: Indeedee|Expanding Force|p2a: Shaymin|[spread] p2a,p2b\n|-resisted|p2b: Hoopa\n|-damage|p2a: Shaymin|72\/100\n|-damage|p2b: Hoopa|28\/100\n|move|p2b: Hoopa|Destiny Bond|p2b: Hoopa\n|-singlemove|p2b: Hoopa|Destiny Bond\n|move|p1a: Spiritomb|Foul Play|p2a: Shaymin\n|-damage|p2a: Shaymin|46\/100\n|\n|-heal|p2a: Shaymin|52\/100|[from] item: Leftovers\n|-heal|p2b: Hoopa|34\/100|[from] item: Leftovers\n|upkeep\n|turn|3\n|\n|t:|1697175474\n|move|p2a: Shaymin|Dazzling Gleam|p1b: Indeedee|[spread] p1a,p1b\n|-supereffective|p1a: Spiritomb\n|-damage|p1a: Spiritomb|79\/100\n|-damage|p1b: Indeedee|89\/100\n|move|p1b: Indeedee|Expanding Force|p2b: Hoopa|[spread] p2a,p2b\n|-resisted|p2b: Hoopa\n|-damage|p2a: Shaymin|24\/100\n|-damage|p2b: Hoopa|16\/100\n|move|p2b: Hoopa|Psychic|p1b: Indeedee\n|-resisted|p1b: Indeedee\n|-damage|p1b: Indeedee|66\/100\n|move|p1a: Spiritomb|Foul Play|p2a: Shaymin\n|-damage|p2a: Shaymin|0 fnt\n|faint|p2a: Shaymin\n|\n|-heal|p2b: Hoopa|22\/100|[from] item: Leftovers\n|upkeep\n|\n|t:|1697175487\n|switch|p2a: Victini|Victini|4\/100\n|turn|4\n|\n|t:|1697175499\n|move|p2a: Victini|V-create|p1a: Spiritomb\n|-damage|p1a: Spiritomb|0 fnt\n|-unboost|p2a: Victini|spe|1\n|-unboost|p2a: Victini|def|1\n|-unboost|p2a: Victini|spd|1\n|faint|p1a: Spiritomb\n|move|p1b: Indeedee|Expanding Force|p2a: Victini|[spread] p2a,p2b\n|-resisted|p2a: Victini\n|-resisted|p2b: Hoopa\n|-damage|p2a: Victini|0 fnt\n|-damage|p2b: Hoopa|5\/100\n|faint|p2a: Victini\n|move|p2b: Hoopa|Focus Blast|p1b: Indeedee\n|-damage|p1b: Indeedee|33\/100\n|\n|-heal|p2b: Hoopa|11\/100|[from] item: Leftovers\n|upkeep\n|\n|t:|1697175516\n|switch|p2a: Jirachi|Jirachi|100\/100\n|switch|p1a: Garchomp|Garchomp, F|100\/100\n|turn|5\n|\n|t:|1697175531\n|detailschange|p1a: Garchomp|Garchomp-Mega, F\n|-mega|p1a: Garchomp|Garchomp|Garchompite\n|move|p2a: Jirachi|Iron Head|p1a: Garchomp\n|-damage|p1a: Garchomp|75\/100\n|cant|p1a: Garchomp|flinch\n|move|p2b: Hoopa|Destiny Bond|p2b: Hoopa\n|-singlemove|p2b: Hoopa|Destiny Bond\n|move|p1b: Indeedee|Trick Room|p1b: Indeedee\n|-fieldstart|move: Trick Room|[of] p1b: Indeedee\n|\n|-heal|p2b: Hoopa|17\/100|[from] item: Leftovers\n|upkeep\n|turn|6\n|\n|t:|1697175558\n|move|p2b: Hoopa|Psychic|p1a: Garchomp\n|-damage|p1a: Garchomp|22\/100\n|move|p1b: Indeedee|Expanding Force|p2a: Jirachi|[spread] p2a,p2b\n|-resisted|p2a: Jirachi\n|-resisted|p2b: Hoopa\n|-damage|p2a: Jirachi|91\/100\n|-damage|p2b: Hoopa|1\/100\n|move|p1a: Garchomp|Outrage|p2b: Hoopa\n|-damage|p2b: Hoopa|0 fnt\n|faint|p2b: Hoopa\n|move|p2a: Jirachi|Ice Punch|p1a: Garchomp\n|-supereffective|p1a: Garchomp\n|-damage|p1a: Garchomp|0 fnt\n|faint|p1a: Garchomp\n|\n|-fieldend|move: Psychic Terrain\n|upkeep\n|\n|t:|1697175576\n|switch|p2b: Mew|Mew|100\/100\n|switch|p1a: Torterra|Torterra, F, shiny|100\/100\n|turn|7\n|\n|t:|1697175591\n|move|p1b: Indeedee|Follow Me|p1b: Indeedee\n|-singleturn|p1b: Indeedee|move: Follow Me\n|-zpower|p1a: Torterra\n|move|p1a: Torterra|Bloom Doom|p2b: Mew|[zeffect]\n|-damage|p2b: Mew|11\/100\n|move|p2b: Mew|Tri Attack|p1b: Indeedee\n|-damage|p1b: Indeedee|17\/100\n|move|p2a: Jirachi|Ice Punch|p1b: Indeedee\n|-damage|p1b: Indeedee|0 fnt\n|faint|p1b: Indeedee\n|\n|upkeep\n|\n|t:|1697175606\n|switch|p1b: Dusknoir|Dusknoir, F, shiny|100\/100\n|-item|p2a: Jirachi|King's Rock|[from] ability: Frisk|[of] p1b: Dusknoir|[identify]\n|-item|p2b: Mew|Mewnium Z|[from] ability: Frisk|[of] p1b: Dusknoir|[identify]\n|turn|8\n|\n|t:|1697175618\n|move|p1b: Dusknoir|Shadow Sneak|p2b: Mew\n|-supereffective|p2b: Mew\n|-damage|p2b: Mew|0 fnt\n|faint|p2b: Mew\n|move|p1a: Torterra|Headlong Rush|p2a: Jirachi\n|-supereffective|p2a: Jirachi\n|-damage|p2a: Jirachi|0 fnt\n|-unboost|p1a: Torterra|def|1\n|-unboost|p1a: Torterra|spd|1\n|faint|p2a: Jirachi\n|\n|upkeep\n|\n|t:|1697175630\n|switch|p2b: Manaphy|Manaphy|100\/100\n|turn|9\n|\n|t:|1697175638\n|-terastallize|p1b: Dusknoir|Bug\n|-terastallize|p2b: Manaphy|Water\n|move|p1b: Dusknoir|Leech Life|p2b: Manaphy\n|-damage|p2b: Manaphy|69\/100\n|move|p1a: Torterra|Wood Hammer|p2b: Manaphy\n|-supereffective|p2b: Manaphy\n|-damage|p2b: Manaphy|0 fnt\n|faint|p2b: Manaphy\n|-damage|p1a: Torterra|81\/100|[from] Recoil\n|\n|win|iluvtrickroom\n|raw|iluvtrickroom's rating: 1074 &rarr; <strong>1100<\/strong><br \/>(+26 for winning)\n|raw|ScorpionMaster511's rating: 1042 &rarr; <strong>1027<\/strong><br \/>(-15 for losing)\n|l|\u2606ScorpionMaster511\n","uploadtime":1697175654,"views":6,"p1id":"iluvtrickroom","p2id":"scorpionmaster511","formatid":"gen9nationaldexdoubles","rating":1027,"private":0,"password":""}