{"id":"gen9nationaldexdoubles-1971358196","p1":"nombre epico.jpg","p2":"TheRarWolf","format":"[Gen 9] National Dex Doubles","log":"|j|\u2606nombre epico.jpg\n|j|\u2606TheRarWolf\n|t:|1697732213\n|gametype|doubles\n|player|p1|nombre epico.jpg|korrina-masters|1308\n|player|p2|TheRarWolf|roxie|1138\n|teamsize|p1|6\n|teamsize|p2|6\n|gen|9\n|tier|[Gen 9] National Dex Doubles\n|rated|\n|rule|HP Percentage Mod: HP is shown in percentages\n|rule|Endless Battle Clause: Forcing endless battles is banned\n|rule|OHKO Clause: OHKO moves are banned\n|rule|Evasion Moves Clause: Evasion moves are banned\n|rule|Evasion Abilities Clause: Evasion abilities are banned\n|rule|Species Clause: Limit one of each Pok\u00e9mon\n|rule|Gravity Sleep Clause: The combination of sleep-inducing moves with imperfect accuracy and Gravity or Gigantamax Orbeetle are banned\n|clearpoke\n|poke|p1|Porygon2|\n|poke|p1|Garchomp, M|\n|poke|p1|Tyranitar, M|\n|poke|p1|Sableye, F|\n|poke|p1|Excadrill, F|\n|poke|p1|Tornadus, M|\n|poke|p2|Ribombee, F|\n|poke|p2|Scizor, M|\n|poke|p2|Kricketune, M|\n|poke|p2|Heracross, M|\n|poke|p2|Masquerain, M|\n|poke|p2|Kleavor, M|\n|teampreview\n|inactive|Battle timer is ON: inactive players will automatically lose when time's up. (requested by TheRarWolf)\n|c|\u2606nombre epico.jpg|Glhf\n|\n|t:|1697732225\n|start\n|switch|p1a: Tyranitar|Tyranitar, M, shiny|100\/100\n|switch|p1b: Sableye|Sableye, F, shiny|100\/100\n|switch|p2a: Masquerain|Masquerain, M|100\/100\n|switch|p2b: Ribombee|Ribombee, F|100\/100\n|-ability|p2a: Masquerain|Intimidate|boost\n|-unboost|p1a: Tyranitar|atk|1\n|-unboost|p1b: Sableye|atk|1\n|-weather|Sandstorm|[from] ability: Sand Stream|[of] p1a: Tyranitar\n|turn|1\n|c|\u2606TheRarWolf|Glhf\n|\n|t:|1697732246\n|move|p1b: Sableye|Trick|p2b: Ribombee\n|-activate|p1b: Sableye|move: Trick|[of] p2b: Ribombee\n|-item|p2b: Ribombee|Choice Specs|[from] move: Trick\n|-item|p1b: Sableye|Focus Sash|[from] move: Trick\n|move|p2b: Ribombee|Moonblast|p1b: Sableye\n|-supereffective|p1b: Sableye\n|-enditem|p1b: Sableye|Focus Sash\n|-damage|p1b: Sableye|1\/100\n|-unboost|p1b: Sableye|spa|1\n|move|p2a: Masquerain|Bug Buzz|p1a: Tyranitar\n|-supereffective|p1a: Tyranitar\n|-damage|p1a: Tyranitar|58\/100\n|move|p1a: Tyranitar|Stone Edge|p2a: Masquerain\n|-supereffective|p2a: Masquerain\n|-damage|p2a: Masquerain|0 fnt\n|faint|p2a: Masquerain\n|\n|-weather|Sandstorm|[upkeep]\n|-damage|p2b: Ribombee|94\/100|[from] Sandstorm\n|-damage|p1b: Sableye|0 fnt|[from] Sandstorm\n|faint|p1b: Sableye\n|upkeep\n|\n|t:|1697732269\n|switch|p2a: Kleavor|Kleavor, M|100\/100\n|switch|p1b: Excadrill|Excadrill, F, shiny|100\/100\n|turn|2\n|\n|t:|1697732280\n|-terastallize|p1b: Excadrill|Steel\n|move|p1b: Excadrill|Iron Head|p2b: Ribombee\n|-supereffective|p2b: Ribombee\n|-damage|p2b: Ribombee|0 fnt\n|faint|p2b: Ribombee\n|move|p2a: Kleavor|Knock Off|p1b: Excadrill\n|-damage|p1b: Excadrill|34\/100\n|-enditem|p1b: Excadrill|Focus Sash|[from] move: Knock Off|[of] p2a: Kleavor\n|-damage|p2a: Kleavor|91\/100|[from] item: Life Orb\n|move|p1a: Tyranitar|Stone Edge|p2a: Kleavor|[miss]\n|-miss|p1a: Tyranitar|p2a: Kleavor\n|\n|-weather|Sandstorm|[upkeep]\n|upkeep\n|\n|t:|1697732286\n|switch|p2b: Scizor|Scizor, M|100\/100\n|turn|3\n|\n|t:|1697732301\n|detailschange|p2b: Scizor|Scizor-Mega, M\n|-mega|p2b: Scizor|Scizor|Scizorite\n|move|p2b: Scizor|Bullet Punch|p1a: Tyranitar\n|-supereffective|p1a: Tyranitar\n|-damage|p1a: Tyranitar|0 fnt\n|faint|p1a: Tyranitar\n|move|p1b: Excadrill|Iron Head|p2a: Kleavor\n|-supereffective|p2a: Kleavor\n|-damage|p2a: Kleavor|0 fnt\n|faint|p2a: Kleavor\n|\n|-weather|Sandstorm|[upkeep]\n|upkeep\n|\n|t:|1697732322\n|switch|p2a: Kricketune|Kricketune, M|100\/100\n|switch|p1a: Porygon2|Porygon2|100\/100\n|-ability|p1a: Porygon2|Technician|[from] ability: Trace|[of] p2b: Scizor\n|turn|4\n|inactive|TheRarWolf has 120 seconds left.\n|\n|t:|1697732359\n|move|p1b: Excadrill|Rock Slide|p2b: Scizor|[spread] p2a,p2b\n|-supereffective|p2a: Kricketune\n|-damage|p2a: Kricketune|38\/100\n|-damage|p2b: Scizor|84\/100\n|move|p2b: Scizor|Dual Wingbeat|p1a: Porygon2\n|-damage|p1a: Porygon2|84\/100\n|-damage|p1a: Porygon2|67\/100\n|-hitcount|p1a: Porygon2|2\n|move|p2a: Kricketune|Trailblaze|p1b: Excadrill\n|-resisted|p1b: Excadrill\n|-damage|p1b: Excadrill|20\/100\n|-boost|p2a: Kricketune|spe|1\n|move|p1a: Porygon2|Thunder Wave|p2b: Scizor\n|-status|p2b: Scizor|par\n|\n|-weather|Sandstorm|[upkeep]\n|-damage|p2a: Kricketune|32\/100|[from] Sandstorm\n|-damage|p1a: Porygon2|61\/100|[from] Sandstorm\n|upkeep\n|turn|5\n|\n|t:|1697732385\n|move|p1b: Excadrill|Rock Slide|p2b: Scizor|[spread] p2a,p2b\n|-supereffective|p2a: Kricketune\n|-damage|p2a: Kricketune|0 fnt\n|-damage|p2b: Scizor|68\/100 par\n|faint|p2a: Kricketune\n|move|p1a: Porygon2|Thunderbolt|p2b: Scizor\n|-damage|p2b: Scizor|45\/100 par\n|cant|p2b: Scizor|par\n|\n|-weather|Sandstorm|[upkeep]\n|-damage|p1a: Porygon2|55\/100|[from] Sandstorm\n|upkeep\n|\n|t:|1697732388\n|switch|p2a: Heracross|Heracross, M|100\/100\n|turn|6\n|\n|t:|1697732407\n|move|p2b: Scizor|Bullet Punch|p1a: Porygon2\n|-damage|p1a: Porygon2|28\/100\n|move|p1b: Excadrill|Iron Head|p2a: Heracross\n|-damage|p2a: Heracross|8\/100\n|move|p2a: Heracross|Knock Off|p1b: Excadrill\n|-damage|p1b: Excadrill|0 fnt\n|faint|p1b: Excadrill\n|move|p1a: Porygon2|Tri Attack|p2a: Heracross\n|-damage|p2a: Heracross|0 fnt\n|faint|p2a: Heracross\n|\n|-weather|Sandstorm|[upkeep]\n|-damage|p1a: Porygon2|22\/100|[from] Sandstorm\n|upkeep\n|\n|t:|1697732422\n|switch|p1b: Garchomp|Garchomp, M|100\/100\n|turn|7\n|\n|t:|1697732430\n|detailschange|p1b: Garchomp|Garchomp-Mega, M\n|-mega|p1b: Garchomp|Garchomp|Garchompite\n|move|p2b: Scizor|Bullet Punch|p1a: Porygon2\n|-crit|p1a: Porygon2\n|-damage|p1a: Porygon2|0 fnt\n|faint|p1a: Porygon2\n|move|p1b: Garchomp|Earthquake|p2b: Scizor\n|-damage|p2b: Scizor|0 fnt\n|faint|p2b: Scizor\n|\n|win|nombre epico.jpg\n|raw|nombre epico.jpg's rating: 1308 &rarr; <strong>1319<\/strong><br \/>(+11 for winning)\n|raw|TheRarWolf's rating: 1138 &rarr; <strong>1124<\/strong><br \/>(-14 for losing)\n|l|\u2606TheRarWolf\n","uploadtime":1697732446,"views":7,"p1id":"nombreepicojpg","p2id":"therarwolf","formatid":"gen9nationaldexdoubles","rating":1124,"private":0,"password":""}