{"id":"gen9nationaldexdoubles-1991709442","p1":"Marlene 420","p2":"Tombstone Ghost","format":"[Gen 9] National Dex Doubles","log":"|j|\u2606Marlene 420\n|j|\u2606Tombstone Ghost\n|t:|1700105362\n|gametype|doubles\n|player|p1|Marlene 420|cheryl|1147\n|player|p2|Tombstone Ghost|brycenman|1138\n|teamsize|p1|6\n|teamsize|p2|6\n|gen|9\n|tier|[Gen 9] National Dex Doubles\n|rated|\n|rule|HP Percentage Mod: HP is shown in percentages\n|rule|Endless Battle Clause: Forcing endless battles is banned\n|rule|OHKO Clause: OHKO moves are banned\n|rule|Evasion Moves Clause: Evasion moves are banned\n|rule|Evasion Abilities Clause: Evasion abilities are banned\n|rule|Species Clause: Limit one of each Pok\u00e9mon\n|rule|Gravity Sleep Clause: The combination of sleep-inducing moves with imperfect accuracy and Gravity or Gigantamax Orbeetle are banned\n|clearpoke\n|poke|p1|Gardevoir, F|\n|poke|p1|Pheromosa|\n|poke|p1|Lopunny, F|\n|poke|p1|Hatterene, F|\n|poke|p1|Meloetta|\n|poke|p1|Diancie|\n|poke|p2|Electrode-Hisui|\n|poke|p2|Gliscor, M|\n|poke|p2|Sneasler, F|\n|poke|p2|Chi-Yu|\n|poke|p2|Mismagius, F|\n|poke|p2|Espathra, F|\n|teampreview\n|inactive|Battle timer is ON: inactive players will automatically lose when time's up. (requested by Marlene 420)\n|inactive|Tombstone Ghost has 120 seconds left.\n|\n|t:|1700105404\n|start\n|switch|p1a: Lola|Lopunny, F, shiny|100\/100\n|switch|p1b: Melody|Meloetta|100\/100\n|switch|p2a: Sneasler|Sneasler, F|100\/100\n|switch|p2b: Hazel|Mismagius, F|100\/100\n|turn|1\n|inactive|Tombstone Ghost has 120 seconds left.\n|\n|t:|1700105437\n|detailschange|p1a: Lola|Lopunny-Mega, F, shiny\n|-mega|p1a: Lola|Lopunny|Lopunnite\n|move|p1a: Lola|Fake Out|p2b: Hazel\n|-damage|p2b: Hazel|58\/100\n|move|p2a: Sneasler|Fake Out|p1b: Melody\n|-damage|p1b: Melody|78\/100\n|-damage|p2a: Sneasler|91\/100|[from] item: Life Orb\n|cant|p2b: Hazel|flinch\n|cant|p1b: Melody|flinch\n|\n|upkeep\n|turn|2\n|inactive|Marlene 420 has 120 seconds left.\n|\n|t:|1700105477\n|switch|p2b: Gliscor|Gliscor, M, shiny|100\/100\n|move|p1a: Lola|High Jump Kick|p2b: Gliscor\n|-resisted|p2b: Gliscor\n|-damage|p2b: Gliscor|72\/100\n|move|p2a: Sneasler|Rock Slide|p1b: Melody|[spread] p1b\n|-miss|p2a: Sneasler|p1a: Lola\n|-damage|p1b: Melody|49\/100\n|-damage|p2a: Sneasler|81\/100|[from] item: Life Orb\n|cant|p1b: Melody|flinch\n|\n|-status|p2b: Gliscor|tox|[from] item: Toxic Orb\n|upkeep\n|turn|3\n|inactive|Marlene 420 has 120 seconds left.\n|inactive|Tombstone Ghost has 120 seconds left.\n|\n|t:|1700105509\n|switch|p1a: Dianita|Diancie|100\/100\n|move|p2a: Sneasler|Close Combat|p1b: Melody\n|-damage|p1b: Melody|0 fnt\n|-unboost|p2a: Sneasler|def|1\n|-unboost|p2a: Sneasler|spd|1\n|faint|p1b: Melody\n|-damage|p2a: Sneasler|71\/100|[from] item: Life Orb\n|move|p2b: Gliscor|Swords Dance|p2b: Gliscor\n|-boost|p2b: Gliscor|atk|2\n|\n|-heal|p2b: Gliscor|85\/100 tox|[from] ability: Poison Heal\n|upkeep\n|\n|t:|1700105526\n|switch|p1b: Phersefone|Pheromosa, shiny|100\/100\n|turn|4\n|inactive|Marlene 420 has 120 seconds left.\n|\n|t:|1700105545\n|switch|p2a: Guppy|Chi-Yu|100\/100\n|-ability|p2a: Guppy|Beads of Ruin\n|move|p2b: Gliscor|Protect|p2b: Gliscor\n|-singleturn|p2b: Gliscor|Protect\n|move|p1b: Phersefone|Ice Beam|p2b: Gliscor\n|-activate|p2b: Gliscor|move: Protect\n|move|p1a: Dianita|Diamond Storm|p2b: Gliscor|[spread] p2a\n|-activate|p2b: Gliscor|move: Protect\n|-supereffective|p2a: Guppy\n|-damage|p2a: Guppy|56\/100\n|-boost|p1a: Dianita|def|2\n|\n|-heal|p2a: Guppy|62\/100|[from] item: Leftovers\n|-heal|p2b: Gliscor|97\/100 tox|[from] ability: Poison Heal\n|upkeep\n|turn|5\n|inactive|Marlene 420 has 120 seconds left.\n|inactive|Tombstone Ghost has 120 seconds left.\n|inactive|Marlene 420 has 90 seconds left.\n|\n|t:|1700105604\n|-terastallize|p1b: Phersefone|Ice\n|move|p1b: Phersefone|Ice Beam|p2b: Gliscor\n|-supereffective|p2b: Gliscor\n|-damage|p2b: Gliscor|0 fnt\n|faint|p2b: Gliscor\n|-ability|p1b: Phersefone|Beast Boost|boost\n|-boost|p1b: Phersefone|spe|1\n|-damage|p1b: Phersefone|91\/100|[from] item: Life Orb\n|move|p2a: Guppy|Heat Wave|p1a: Dianita|[spread] p1a\n|-miss|p2a: Guppy|p1b: Phersefone\n|-resisted|p1a: Dianita\n|-damage|p1a: Dianita|84\/100\n|move|p1a: Dianita|Diamond Storm|p2a: Guppy\n|-supereffective|p2a: Guppy\n|-damage|p2a: Guppy|2\/100\n|-boost|p1a: Dianita|def|2\n|\n|-heal|p2a: Guppy|8\/100|[from] item: Leftovers\n|-heal|p1a: Dianita|90\/100|[from] item: Leftovers\n|upkeep\n|\n|t:|1700105623\n|switch|p2b: Wrecking Ball|Electrode-Hisui, shiny|100\/100\n|turn|6\n|inactive|Tombstone Ghost has 120 seconds left.\n|\n|t:|1700105636\n|-terastallize|p2b: Wrecking Ball|Fighting\n|move|p2a: Guppy|Protect|p2a: Guppy\n|-singleturn|p2a: Guppy|Protect\n|move|p1b: Phersefone|Ice Beam|p2b: Wrecking Ball\n|-damage|p2b: Wrecking Ball|0 fnt\n|faint|p2b: Wrecking Ball\n|-ability|p1b: Phersefone|Beast Boost|boost\n|-boost|p1b: Phersefone|spe|1\n|-damage|p1b: Phersefone|81\/100|[from] item: Life Orb\n|move|p1a: Dianita|Diamond Storm|p2a: Guppy\n|-activate|p2a: Guppy|move: Protect\n|\n|-heal|p2a: Guppy|14\/100|[from] item: Leftovers\n|-heal|p1a: Dianita|96\/100|[from] item: Leftovers\n|upkeep\n|inactive|Tombstone Ghost has 120 seconds left.\n|-message|Tombstone Ghost forfeited.\n|\n|win|Marlene 420\n|raw|Marlene 420's rating: 1147 &rarr; <strong>1171<\/strong><br \/>(+24 for winning)\n|raw|Tombstone Ghost's rating: 1138 &rarr; <strong>1114<\/strong><br \/>(-24 for losing)\n|l|\u2606Tombstone Ghost\n","uploadtime":1700105668,"views":6,"p1id":"marlene420","p2id":"tombstoneghost","formatid":"gen9nationaldexdoubles","rating":1114,"private":0,"password":""}