{"id":"gen9nationaldexdoubles-1993954551","p1":"Weatherfan","p2":"NoseHairs420","format":"[Gen 9] National Dex Doubles","log":"|j|\u2606Weatherfan\n|j|\u2606NoseHairs420\n|t:|1700382084\n|gametype|doubles\n|player|p1|Weatherfan|argenta|\n|player|p2|NoseHairs420|drayden|\n|teamsize|p1|6\n|teamsize|p2|6\n|gen|9\n|tier|[Gen 9] National Dex Doubles\n|rule|HP Percentage Mod: HP is shown in percentages\n|rule|Endless Battle Clause: Forcing endless battles is banned\n|rule|OHKO Clause: OHKO moves are banned\n|rule|Evasion Moves Clause: Evasion moves are banned\n|rule|Evasion Abilities Clause: Evasion abilities are banned\n|rule|Species Clause: Limit one of each Pok\u00e9mon\n|rule|Gravity Sleep Clause: The combination of sleep-inducing moves with imperfect accuracy and Gravity or Gigantamax Orbeetle are banned\n|clearpoke\n|poke|p1|Klefki, M|\n|poke|p1|Charizard, M|\n|poke|p1|Zapdos|\n|poke|p1|Indeedee-F, F|\n|poke|p1|Volcanion|\n|poke|p1|Ogerpon-Hearthflame, F|\n|poke|p2|Sinistcha-Masterpiece|\n|poke|p2|Volcanion|\n|poke|p2|Kingambit, M|\n|poke|p2|Iron Hands|\n|poke|p2|Ursaluna, F|\n|poke|p2|Cresselia, F|\n|teampreview\n|inactive|Battle timer is ON: inactive players will automatically lose when time's up. (requested by NoseHairs420)\n|c|\u2606Weatherfan|can you handle replays\n|\n|t:|1700382108\n|start\n|switch|p1a: Klefki|Klefki, M|100\/100\n|switch|p1b: Zapdos|Zapdos|100\/100\n|switch|p2a: Anastasia|Sinistcha-Masterpiece|100\/100\n|switch|p2b: hor hor hor hor|Iron Hands|100\/100\n|turn|1\n|\n|t:|1700382128\n|move|p2b: hor hor hor hor|Fake Out|p1a: Klefki\n|-resisted|p1a: Klefki\n|-damage|p1a: Klefki|93\/100\n|cant|p1a: Klefki|flinch\n|move|p1b: Zapdos|Hurricane|p2a: Anastasia\n|-supereffective|p2a: Anastasia\n|-damage|p2a: Anastasia|13\/100\n|move|p2a: Anastasia|Trick Room|p2a: Anastasia\n|-fieldstart|move: Trick Room|[of] p2a: Anastasia\n|\n|upkeep\n|turn|2\n|inactive|NoseHairs420 has 270 seconds left.\n|\n|t:|1700382166\n|switch|p2a: Tony Tony Chopper|Kingambit, M|100\/100\n|move|p1a: Klefki|Thunder Wave|p2a: Tony Tony Chopper\n|-hint|Since gen 7, Dark is immune to Prankster moves.\n|-immune|p2a: Tony Tony Chopper\n|move|p2b: hor hor hor hor|Drain Punch|p1a: Klefki\n|-damage|p1a: Klefki|58\/100\n|move|p1b: Zapdos|Hurricane|p2b: hor hor hor hor\n|-damage|p2b: hor hor hor hor|72\/100\n|-start|p2b: hor hor hor hor|confusion\n|\n|upkeep\n|turn|3\n|inactive|NoseHairs420 has 270 seconds left.\n|\n|t:|1700382191\n|move|p1a: Klefki|Rain Dance|p1a: Klefki\n|-weather|RainDance\n|move|p2a: Tony Tony Chopper|Kowtow Cleave|p1b: Zapdos\n|-damage|p1b: Zapdos|29\/100\n|-damage|p2a: Tony Tony Chopper|84\/100|[from] item: Rocky Helmet|[of] p1b: Zapdos\n|-activate|p2b: hor hor hor hor|confusion\n|move|p2b: hor hor hor hor|Drain Punch|p1a: Klefki\n|-damage|p1a: Klefki|24\/100\n|-heal|p2b: hor hor hor hor|85\/100|[from] drain|[of] p1a: Klefki\n|move|p1b: Zapdos|Thunder|p2a: Tony Tony Chopper\n|-damage|p2a: Tony Tony Chopper|31\/100\n|\n|-weather|RainDance|[upkeep]\n|upkeep\n|turn|4\n|\n|t:|1700382208\n|move|p1a: Klefki|Sunny Day|p1a: Klefki\n|-weather|SunnyDay\n|move|p2a: Tony Tony Chopper|Kowtow Cleave|p1b: Zapdos\n|-damage|p1b: Zapdos|0 fnt\n|-damage|p2a: Tony Tony Chopper|15\/100|[from] item: Rocky Helmet|[of] p1b: Zapdos\n|-status|p2a: Tony Tony Chopper|par|[from] ability: Static|[of] p1b: Zapdos\n|faint|p1b: Zapdos\n|-activate|p2b: hor hor hor hor|confusion\n|move|p2b: hor hor hor hor|Drain Punch|p1a: Klefki\n|-damage|p1a: Klefki|0 fnt\n|-heal|p2b: hor hor hor hor|93\/100|[from] drain|[of] p1a: Klefki\n|faint|p1a: Klefki\n|\n|-weather|SunnyDay|[upkeep]\n|upkeep\n|\n|t:|1700382216\n|switch|p1a: Charizard|Charizard, M|100\/100\n|switch|p1b: Indeedee|Indeedee-F, F|100\/100\n|-fieldstart|move: Psychic Terrain|[from] ability: Psychic Surge|[of] p1b: Indeedee\n|turn|5\n|\n|t:|1700382225\n|move|p2a: Tony Tony Chopper|Kowtow Cleave|p1b: Indeedee\n|-supereffective|p1b: Indeedee\n|-damage|p1b: Indeedee|0 fnt\n|faint|p1b: Indeedee\n|-end|p2b: hor hor hor hor|confusion\n|move|p2b: hor hor hor hor|Wild Charge|p1a: Charizard\n|-supereffective|p1a: Charizard\n|-damage|p1a: Charizard|0 fnt\n|faint|p1a: Charizard\n|-damage|p2b: hor hor hor hor|77\/100|[from] Recoil\n|\n|-weather|SunnyDay|[upkeep]\n|-fieldend|move: Trick Room\n|upkeep\n|c|\u2606Weatherfan|I forgot about Trick Room LMFAO\n|\n|t:|1700382243\n|switch|p1a: Volcanion|Volcanion|100\/100\n|switch|p1b: Ogerpon|Ogerpon-Hearthflame, F|100\/100\n|-ability|p1b: Ogerpon|Mold Breaker\n|turn|6\n|\n|t:|1700382256\n|move|p1b: Ogerpon|Solar Blade||[still]\n|-prepare|p1b: Ogerpon|Solar Blade\n|-anim|p1b: Ogerpon|Solar Blade|p2a: Tony Tony Chopper\n|-resisted|p2a: Tony Tony Chopper\n|-damage|p2a: Tony Tony Chopper|0 fnt\n|faint|p2a: Tony Tony Chopper\n|move|p1a: Volcanion|Earth Power|p2b: hor hor hor hor\n|-supereffective|p2b: hor hor hor hor\n|-damage|p2b: hor hor hor hor|42\/100\n|move|p2b: hor hor hor hor|Wild Charge|p1a: Volcanion\n|-supereffective|p1a: Volcanion\n|-damage|p1a: Volcanion|7\/100\n|-damage|p2b: hor hor hor hor|23\/100|[from] Recoil\n|\n|-weather|SunnyDay|[upkeep]\n|upkeep\n|\n|t:|1700382267\n|switch|p2a: Anastasia|Sinistcha-Masterpiece|13\/100\n|-heal|p2b: hor hor hor hor|48\/100|[from] ability: Hospitality|[of] p2a: Anastasia\n|turn|7\n|\n|t:|1700382280\n|move|p2a: Anastasia|Rage Powder|p2a: Anastasia\n|-singleturn|p2a: Anastasia|move: Rage Powder\n|move|p1b: Ogerpon|Knock Off|p2a: Anastasia\n|-supereffective|p2a: Anastasia\n|-damage|p2a: Anastasia|0 fnt\n|-enditem|p2a: Anastasia|Mental Herb|[from] move: Knock Off|[of] p1b: Ogerpon\n|faint|p2a: Anastasia\n|move|p1a: Volcanion|Heat Wave|p2b: hor hor hor hor\n|-damage|p2b: hor hor hor hor|4\/100\n|move|p2b: hor hor hor hor|Drain Punch|p1a: Volcanion\n|-damage|p1a: Volcanion|0 fnt\n|-heal|p2b: hor hor hor hor|7\/100|[from] drain|[of] p1a: Volcanion\n|faint|p1a: Volcanion\n|\n|-weather|SunnyDay|[upkeep]\n|upkeep\n|\n|t:|1700382291\n|switch|p2a: Freddy Fazbear|Ursaluna, F|100\/100\n|turn|8\n|c|\u2606NoseHairs420|O Cholera\n|c|\u2606NoseHairs420|Czy to freddy Fazbear?\n|inactive|Weatherfan has 270 seconds left.\n|\n|t:|1700382326\n|move|p1b: Ogerpon|Solar Blade||[still]\n|-prepare|p1b: Ogerpon|Solar Blade\n|-anim|p1b: Ogerpon|Solar Blade|p2a: Freddy Fazbear\n|-supereffective|p2a: Freddy Fazbear\n|-damage|p2a: Freddy Fazbear|0 fnt\n|faint|p2a: Freddy Fazbear\n|move|p2b: hor hor hor hor|Drain Punch|p1b: Ogerpon\n|-damage|p1b: Ogerpon|37\/100\n|-heal|p2b: hor hor hor hor|29\/100|[from] drain|[of] p1b: Ogerpon\n|\n|-weather|none\n|upkeep\n|\n|t:|1700382333\n|switch|p2a: William|Volcanion|100\/100\n|turn|9\n|\n|t:|1700382343\n|move|p1b: Ogerpon|Ivy Cudgel|p2b: hor hor hor hor|[anim] Ivy Cudgel Fire\n|-damage|p2b: hor hor hor hor|0 fnt\n|faint|p2b: hor hor hor hor\n|-end|p2b: hor hor hor hor|Quark Drive|[silent]\n|move|p2a: William|Sludge Bomb|p1b: Ogerpon\n|-supereffective|p1b: Ogerpon\n|-crit|p1b: Ogerpon\n|-damage|p1b: Ogerpon|0 fnt\n|faint|p1b: Ogerpon\n|\n|win|NoseHairs420\n|l|\u2606Weatherfan\n","uploadtime":1700382351,"views":22,"p1id":"weatherfan","p2id":"nosehairs420","formatid":"gen9nationaldexdoubles","rating":0,"private":0,"password":""}