{"id":"gen9nationaldexdoubles-1981876894","p1":"Andres624342","p2":"lxvliiz","format":"[Gen 9] National Dex Doubles","log":"|j|\u2606Andres624342\n|j|\u2606lxvliiz\n|t:|1698948369\n|gametype|doubles\n|player|p1|Andres624342|266|1084\n|player|p2|lxvliiz|gambler|1174\n|teamsize|p1|6\n|teamsize|p2|6\n|gen|9\n|tier|[Gen 9] National Dex Doubles\n|rated|\n|rule|HP Percentage Mod: HP is shown in percentages\n|rule|Endless Battle Clause: Forcing endless battles is banned\n|rule|OHKO Clause: OHKO moves are banned\n|rule|Evasion Moves Clause: Evasion moves are banned\n|rule|Evasion Abilities Clause: Evasion abilities are banned\n|rule|Species Clause: Limit one of each Pok\u00e9mon\n|rule|Gravity Sleep Clause: The combination of sleep-inducing moves with imperfect accuracy and Gravity or Gigantamax Orbeetle are banned\n|clearpoke\n|poke|p1|Dustox, M|\n|poke|p1|Wigglytuff, M|\n|poke|p1|Vaporeon, F|\n|poke|p1|Audino, F|\n|poke|p1|Aurorus, F|\n|poke|p1|Unfezant, M|\n|poke|p2|Kommo-o, M|\n|poke|p2|Volcarona, M|\n|poke|p2|Oricorio-Pom-Pom, F|\n|poke|p2|Quaquaval, M|\n|poke|p2|Flamigo, F|\n|poke|p2|Marshadow|\n|teampreview\n|\n|t:|1698948375\n|start\n|switch|p1a: Aurorus|Aurorus, F|100\/100\n|switch|p1b: Unfezant|Unfezant, M, shiny|100\/100\n|switch|p2a: dancer|Oricorio-Pom-Pom, F, shiny|100\/100\n|switch|p2b: dance dancer|Volcarona, M, shiny|100\/100\n|-weather|Snow|[from] ability: Snow Warning|[of] p1a: Aurorus\n|turn|1\n|\n|t:|1698948389\n|-terastallize|p1a: Aurorus|Fairy\n|move|p2a: dancer|Quiver Dance|p2a: dancer\n|-boost|p2a: dancer|spa|1\n|-boost|p2a: dancer|spd|1\n|-boost|p2a: dancer|spe|1\n|move|p2b: dance dancer|Quiver Dance|p2b: dance dancer\n|-boost|p2b: dance dancer|spa|1\n|-boost|p2b: dance dancer|spd|1\n|-boost|p2b: dance dancer|spe|1\n|-activate|p2a: dancer|ability: Dancer\n|move|p2a: dancer|Quiver Dance|p2a: dancer|[from]ability: Dancer\n|-boost|p2a: dancer|spa|1\n|-boost|p2a: dancer|spd|1\n|-boost|p2a: dancer|spe|1\n|move|p1b: Unfezant|Tailwind|p1b: Unfezant\n|-sidestart|p1: Andres624342|move: Tailwind\n|move|p1a: Aurorus|Aurora Veil|p1a: Aurorus\n|-sidestart|p1: Andres624342|move: Aurora Veil\n|\n|-weather|Snow|[upkeep]\n|upkeep\n|turn|2\n|\n|t:|1698948412\n|move|p2a: dancer|Revelation Dance|p1b: Unfezant\n|-supereffective|p1b: Unfezant\n|-damage|p1b: Unfezant|0 fnt\n|faint|p1b: Unfezant\n|move|p2b: dance dancer|Fiery Dance|p1a: Aurorus\n|-crit|p1a: Aurorus\n|-damage|p1a: Aurorus|8\/100\n|-activate|p2a: dancer|ability: Dancer\n|move|p2a: dancer|Fiery Dance|p1a: Aurorus|[from]ability: Dancer\n|-damage|p1a: Aurorus|0 fnt\n|-boost|p2a: dancer|spa|1\n|faint|p1a: Aurorus\n|\n|-weather|Snow|[upkeep]\n|upkeep\n|\n|t:|1698948430\n|switch|p1b: Audino|Audino, F|100\/100\n|switch|p1a: Wigglytuff|Wigglytuff, M|100\/100\n|turn|3\n|\n|t:|1698948440\n|detailschange|p1b: Audino|Audino-Mega, F\n|-mega|p1b: Audino|Audino|Audinite\n|move|p2a: dancer|Quiver Dance|p2a: dancer\n|-boost|p2a: dancer|spa|1\n|-boost|p2a: dancer|spd|1\n|-boost|p2a: dancer|spe|1\n|move|p2b: dance dancer|Quiver Dance|p2b: dance dancer\n|-boost|p2b: dance dancer|spa|1\n|-boost|p2b: dance dancer|spd|1\n|-boost|p2b: dance dancer|spe|1\n|-activate|p2a: dancer|ability: Dancer\n|move|p2a: dancer|Quiver Dance|p2a: dancer|[from]ability: Dancer\n|-boost|p2a: dancer|spa|1\n|-boost|p2a: dancer|spd|1\n|-boost|p2a: dancer|spe|1\n|move|p1b: Audino|Light Screen|p1b: Audino\n|-sidestart|p1: Andres624342|move: Light Screen\n|move|p1a: Wigglytuff|Hyper Voice|p2b: dance dancer|[spread] p2a,p2b\n|-damage|p2a: dancer|88\/100\n|-damage|p2b: dance dancer|89\/100\n|\n|-weather|Snow|[upkeep]\n|upkeep\n|turn|4\n|\n|t:|1698948464\n|switch|p1b: Vaporeon|Vaporeon, F|100\/100\n|move|p2a: dancer|Quiver Dance|p2a: dancer\n|-boost|p2a: dancer|spa|1\n|-boost|p2a: dancer|spd|1\n|-boost|p2a: dancer|spe|1\n|move|p2b: dance dancer|Quiver Dance|p2b: dance dancer\n|-boost|p2b: dance dancer|spa|1\n|-boost|p2b: dance dancer|spd|1\n|-boost|p2b: dance dancer|spe|1\n|-activate|p2a: dancer|ability: Dancer\n|move|p2a: dancer|Quiver Dance|p2a: dancer|[from]ability: Dancer\n|-boost|p2a: dancer|spa|0\n|-boost|p2a: dancer|spd|1\n|-boost|p2a: dancer|spe|1\n|move|p1a: Wigglytuff|Hyper Voice|p2a: dancer|[spread] p2a,p2b\n|-damage|p2a: dancer|79\/100\n|-damage|p2b: dance dancer|79\/100\n|\n|-weather|Snow|[upkeep]\n|-sideend|p1: Andres624342|move: Tailwind\n|upkeep\n|turn|5\n|inactive|Battle timer is ON: inactive players will automatically lose when time's up. (requested by lxvliiz)\n|inactive|Andres624342 has 120 seconds left.\n|c|\u2606lxvliiz|you dont have to think ill kill it anyway\n|c|\u2606lxvliiz|just choose something\n|inactive|Andres624342 has 90 seconds left.\n|inactive|Andres624342 has 60 seconds left.\n|inactive|Andres624342 has 30 seconds left.\n|inactive|Andres624342 has 20 seconds left.\n|inactive|Andres624342 has 15 seconds left.\n|c|\u2606lxvliiz|L\n|inactive|Andres624342 has 10 seconds left.\n|inactive|Andres624342 has 5 seconds left.\n|-message|Andres624342 lost due to inactivity.\n|\n|win|lxvliiz\n|raw|Andres624342's rating: 1057 &rarr; <strong>1044<\/strong><br \/>(-13 for losing)\n|raw|lxvliiz's rating: 1174 &rarr; <strong>1191<\/strong><br \/>(+17 for winning)\n","uploadtime":1698948670,"views":9,"p1id":"andres624342","p2id":"lxvliiz","formatid":"gen9nationaldexdoubles","rating":1044,"private":0,"password":""}