{"id":"gen9nationaldexdoubles-1984333065","p1":"yaya_x3","p2":"realspades","format":"[Gen 9] National Dex Doubles","log":"|j|\u2606yaya_x3\n|j|\u2606realspades\n|t:|1699245086\n|gametype|doubles\n|player|p1|yaya_x3|clerkf|\n|player|p2|realspades|gambler|\n|teamsize|p1|6\n|teamsize|p2|6\n|gen|9\n|tier|[Gen 9] National Dex Doubles\n|rule|HP Percentage Mod: HP is shown in percentages\n|rule|Endless Battle Clause: Forcing endless battles is banned\n|rule|OHKO Clause: OHKO moves are banned\n|rule|Evasion Moves Clause: Evasion moves are banned\n|rule|Evasion Abilities Clause: Evasion abilities are banned\n|rule|Species Clause: Limit one of each Pok\u00e9mon\n|rule|Gravity Sleep Clause: The combination of sleep-inducing moves with imperfect accuracy and Gravity or Gigantamax Orbeetle are banned\n|clearpoke\n|poke|p1|Garbodor, M|\n|poke|p1|Landorus-Therian, M|\n|poke|p1|Audino, M|\n|poke|p1|Krookodile, M|\n|poke|p1|Indeedee-F, F|\n|poke|p1|Aegislash, F|\n|poke|p2|Greninja-*, M|\n|poke|p2|Pelipper, M|\n|poke|p2|Slowbro, M|\n|poke|p2|Swampert, F|\n|poke|p2|Basculegion, M|\n|poke|p2|Volcanion|\n|teampreview\n|j| decidoustree\n|c|\u2606yaya_x3|overkill team\n|c| decidoustree|true\n|c|\u2606yaya_x3|i might lose actually\n|c|\u2606yaya_x3|honestly\n|c|\u2606yaya_x3|i don't think i can win\n|c|\u2606realspades|never give up\n|\n|t:|1699245164\n|start\n|switch|p1a: Indeedee|Indeedee-F, F|100\/100\n|switch|p1b: Audino|Audino, M|100\/100\n|switch|p2a: Basculegion|Basculegion, M|100\/100\n|switch|p2b: Pelipper|Pelipper, M|100\/100\n|-fieldstart|move: Psychic Terrain|[from] ability: Psychic Surge|[of] p1a: Indeedee\n|-weather|RainDance|[from] ability: Drizzle|[of] p2b: Pelipper\n|turn|1\n|c|\u2606realspades|also idk all those mons so u have advantage sorta ish\n|\n|t:|1699245197\n|switch|p1b: Krookodile|Krookodile, M|100\/100\n|-ability|p1b: Krookodile|Intimidate|boost\n|-unboost|p2a: Basculegion|atk|1\n|-unboost|p2b: Pelipper|atk|1\n|move|p2a: Basculegion|Phantom Force||[still]\n|-prepare|p2a: Basculegion|Phantom Force\n|move|p1a: Indeedee|Trick|p2b: Pelipper\n|-activate|p1a: Indeedee|move: Trick|[of] p2b: Pelipper\n|-item|p2b: Pelipper|Choice Scarf|[from] move: Trick\n|-item|p1a: Indeedee|Damp Rock|[from] move: Trick\n|move|p2b: Pelipper|U-turn|p1b: Krookodile\n|-supereffective|p1b: Krookodile\n|-damage|p1b: Krookodile|90\/100\n|c|\u2606yaya_x3|fish kills\n|c|\u2606yaya_x3|all\n|\n|t:|1699245224\n|switch|p2b: Greninja|Greninja, M|100\/100|[from] U-turn\n|\n|-weather|RainDance|[upkeep]\n|-heal|p1b: Krookodile|96\/100|[from] item: Leftovers\n|upkeep\n|turn|2\n|c|\u2606yaya_x3|im so sorry deci-chan\n|c|\u2606yaya_x3|water just kills me\n|c| decidoustree|: (\n|\n|t:|1699245254\n|move|p1b: Krookodile|Protect|p1b: Krookodile\n|-singleturn|p1b: Krookodile|Protect\n|move|p2a: Basculegion|Phantom Force|p1a: Indeedee|[from]lockedmove\n|-immune|p1a: Indeedee\n|move|p2b: Greninja|Surf|p1a: Indeedee|[spread] p2a,p1a\n|-activate|p1b: Krookodile|move: Protect\n|-resisted|p2a: Basculegion\n|-crit|p2a: Basculegion\n|-damage|p2a: Basculegion|39\/100\n|-damage|p1a: Indeedee|37\/100\n|move|p1a: Indeedee|Calm Mind|p1a: Indeedee\n|-boost|p1a: Indeedee|spa|1\n|-boost|p1a: Indeedee|spd|1\n|\n|-weather|RainDance|[upkeep]\n|-heal|p1b: Krookodile|100\/100|[from] item: Leftovers\n|upkeep\n|turn|3\n|c|\u2606realspades|oh wait yea normal is immune to ghost\n|c|\u2606yaya_x3|oh okay i need to edit the item\n|c|\u2606yaya_x3|leftovers woulda been nice\n|c|\u2606realspades|yea true\n|\n|t:|1699245321\n|switch|p2a: Volcanion|Volcanion|100\/100\n|switch|p1b: Audino|Audino, M|100\/100\n|-terastallize|p2b: Greninja|Water\n|move|p2b: Greninja|Surf|p1a: Indeedee|[spread] p1a,p1b\n|-immune|p2a: Volcanion|[from] ability: Water Absorb\n|-damage|p1a: Indeedee|0 fnt\n|-damage|p1b: Audino|39\/100\n|faint|p1a: Indeedee\n|-ability|p2b: Greninja|Battle Bond|boost\n|-boost|p2b: Greninja|atk|1\n|-boost|p2b: Greninja|spa|1\n|-boost|p2b: Greninja|spe|1\n|-activate|p2b: Greninja|ability: Battle Bond\n|\n|-weather|RainDance|[upkeep]\n|upkeep\n|c|\u2606realspades|this duo is insane actually\n|c|\u2606yaya_x3|greninja too OP in rain\n|c|\u2606yaya_x3|gah\n|c|\u2606realspades|yea i have 1200 spa rn\n|\n|t:|1699245358\n|switch|p1a: Aegislash|Aegislash, F|100\/100\n|turn|4\n|\n|t:|1699245372\n|detailschange|p1b: Audino|Audino-Mega, M\n|-mega|p1b: Audino|Audino|Audinite\n|move|p2b: Greninja|Surf|p1b: Audino|[spread] p1a,p1b\n|-immune|p2a: Volcanion|[from] ability: Water Absorb\n|-damage|p1a: Aegislash|0 fnt\n|-damage|p1b: Audino|0 fnt\n|faint|p1a: Aegislash\n|faint|p1b: Audino\n|move|p2a: Volcanion|Flamethrower|p1: Aegislash|[notarget]\n|-fail|p2a: Volcanion\n|\n|-weather|RainDance|[upkeep]\n|upkeep\n|c|\u2606yaya_x3|...\n|c| decidoustree|brug :(\n|\n|t:|1699245394\n|switch|p1a: Landorus|Landorus-Therian, M|100\/100\n|switch|p1b: Garbodor|Garbodor, M|100\/100\n|-ability|p1a: Landorus|Intimidate|boost\n|-unboost|p2a: Volcanion|atk|1\n|-unboost|p2b: Greninja|atk|1\n|-item|p1b: Garbodor|Air Balloon\n|turn|5\n|c|\u2606realspades|lol ill use a different team\n|c|\u2606yaya_x3|rain just too op deci\n|c|\u2606yaya_x3|this doesn't count!\n|\n|t:|1699245417\n|move|p2b: Greninja|Surf|p1b: Garbodor|[spread] p1a,p1b\n|-immune|p2a: Volcanion|[from] ability: Water Absorb\n|-supereffective|p1a: Landorus\n|-damage|p1a: Landorus|0 fnt\n|-damage|p1b: Garbodor|0 fnt\n|-enditem|p1b: Garbodor|Air Balloon\n|faint|p1a: Landorus\n|faint|p1b: Garbodor\n|move|p2a: Volcanion|Steam Eruption|p1: Landorus|[notarget]\n|-fail|p2a: Volcanion\n|\n|-weather|RainDance|[upkeep]\n|-fieldend|move: Psychic Terrain\n|upkeep\n|c|\u2606realspades|yea this team is op\n|c|\u2606realspades|i shouldve signed up fr\n|\n|t:|1699245435\n|switch|p1b: Krookodile|Krookodile, M|100\/100\n|-ability|p1b: Krookodile|Intimidate|boost\n|-unboost|p2a: Volcanion|atk|1\n|-unboost|p2b: Greninja|atk|1\n|turn|6\n|c|\u2606yaya_x3|use another team i cant shine with that team\n|\n|t:|1699245457\n|move|p2b: Greninja|Surf|p1b: Krookodile|[spread] p1b\n|-immune|p2a: Volcanion|[from] ability: Water Absorb\n|-supereffective|p1b: Krookodile\n|-damage|p1b: Krookodile|0 fnt\n|faint|p1b: Krookodile\n|\n|win|realspades\n|c|\u2606realspades|yeye\n|c|\u2606realspades|ill use one of musclemans ones\n|c|\u2606yaya_x3|yeah\n|l|\u2606yaya_x3\n","uploadtime":1699245513,"views":7,"p1id":"yayax3","p2id":"realspades","formatid":"gen9nationaldexdoubles","rating":0,"private":0,"password":""}