{"id":"gen9nationaldexdoubles-1951485557","p1":"wizard_gang","p2":"Pedro Carbono","format":"[Gen 9] National Dex Doubles","log":"|j|\u2606wizard_gang\n|j|\u2606Pedro Carbono\n|t:|1695586750\n|gametype|doubles\n|player|p1|wizard_gang|170|1072\n|player|p2|Pedro Carbono|n|1146\n|teamsize|p1|6\n|teamsize|p2|6\n|gen|9\n|tier|[Gen 9] National Dex Doubles\n|rated|\n|rule|HP Percentage Mod: HP is shown in percentages\n|rule|Endless Battle Clause: Forcing endless battles is banned\n|rule|OHKO Clause: OHKO moves are banned\n|rule|Evasion Moves Clause: Evasion moves are banned\n|rule|Evasion Abilities Clause: Evasion abilities are banned\n|rule|Species Clause: Limit one of each Pok\u00e9mon\n|rule|Gravity Sleep Clause: The combination of sleep-inducing moves with imperfect accuracy and Gravity or Gigantamax Orbeetle are banned\n|clearpoke\n|poke|p1|Okidogi, M|\n|poke|p1|Wyrdeer, F|\n|poke|p1|Ogerpon-Cornerstone, F|\n|poke|p1|Sinistcha|\n|poke|p1|Zapdos-Galar|\n|poke|p1|Chi-Yu|\n|poke|p2|Serperior, M|\n|poke|p2|Blissey, F|\n|poke|p2|Heracross, M|\n|poke|p2|Diancie|\n|poke|p2|Scyther, M|\n|poke|p2|Incineroar, F|\n|teampreview\n|inactive|Battle timer is ON: inactive players will automatically lose when time's up. (requested by wizard_gang)\n|\n|t:|1695586781\n|start\n|switch|p1a: Okidogi|Okidogi, M|100\/100\n|switch|p1b: Wyrdeer|Wyrdeer, F|100\/100\n|switch|p2a: Blissey|Blissey, F|100\/100\n|switch|p2b: Scyther|Scyther, M|100\/100\n|-ability|p1b: Wyrdeer|Intimidate|boost\n|-unboost|p2a: Blissey|atk|1\n|-unboost|p2b: Scyther|atk|1\n|turn|1\n|\n|t:|1695586796\n|move|p2b: Scyther|Detect|p2b: Scyther\n|-singleturn|p2b: Scyther|Protect\n|move|p1a: Okidogi|Bulk Up|p1a: Okidogi\n|-boost|p1a: Okidogi|atk|1\n|-boost|p1a: Okidogi|def|1\n|move|p1b: Wyrdeer|Skill Swap|p2b: Scyther\n|-activate|p2b: Scyther|move: Protect\n|move|p2a: Blissey|Reflect|p2a: Blissey\n|-sidestart|p2: Pedro Carbono|Reflect\n|\n|upkeep\n|turn|2\n|\n|t:|1695586810\n|move|p2b: Scyther|Swords Dance|p2b: Scyther\n|-boost|p2b: Scyther|atk|2\n|move|p1a: Okidogi|Bulk Up|p1a: Okidogi\n|-boost|p1a: Okidogi|atk|1\n|-boost|p1a: Okidogi|def|1\n|move|p1b: Wyrdeer|Skill Swap|p2a: Blissey\n|-activate|p1b: Wyrdeer|move: Skill Swap|Healer|Intimidate|[of] p2a: Blissey\n|-ability|p2a: Blissey|Intimidate|boost\n|-ability|p1a: Okidogi|Guard Dog|boost\n|-boost|p1a: Okidogi|atk|1\n|-enditem|p1a: Okidogi|Adrenaline Orb\n|-boost|p1a: Okidogi|spe|1|[from] item: Adrenaline Orb\n|-unboost|p1b: Wyrdeer|atk|1\n|move|p2a: Blissey|Light Screen|p2a: Blissey\n|-sidestart|p2: Pedro Carbono|move: Light Screen\n|\n|upkeep\n|turn|3\n|\n|t:|1695586832\n|move|p2b: Scyther|Swords Dance|p2b: Scyther\n|-boost|p2b: Scyther|atk|2\n|move|p1a: Okidogi|Poison Jab|p2b: Scyther\n|-damage|p2b: Scyther|32\/100\n|move|p1b: Wyrdeer|Thunder Wave|p2a: Blissey\n|-status|p2a: Blissey|par\n|move|p2a: Blissey|Heal Pulse|p2b: Scyther\n|-heal|p2b: Scyther|82\/100\n|\n|upkeep\n|turn|4\n|inactive|Pedro Carbono has 120 seconds left.\n|\n|t:|1695586864\n|-terastallize|p1a: Okidogi|Water\n|move|p2b: Scyther|Dual Wingbeat|p1a: Okidogi\n|-damage|p1a: Okidogi|70\/100\n|-damage|p1a: Okidogi|38\/100\n|-hitcount|p1a: Okidogi|2\n|move|p1a: Okidogi|Knock Off|p2b: Scyther\n|-damage|p2b: Scyther|19\/100\n|-enditem|p2b: Scyther|Eviolite|[from] move: Knock Off|[of] p1a: Okidogi\n|move|p1b: Wyrdeer|Thunder Wave|p2b: Scyther\n|-status|p2b: Scyther|par\n|move|p2a: Blissey|Heal Pulse|p2b: Scyther\n|-heal|p2b: Scyther|69\/100 par\n|\n|upkeep\n|turn|5\n|inactive|Pedro Carbono has 120 seconds left.\n|\n|t:|1695586890\n|move|p1a: Okidogi|Drain Punch|p2a: Blissey\n|-supereffective|p2a: Blissey\n|-damage|p2a: Blissey|0 fnt\n|-heal|p1a: Okidogi|100\/100|[from] drain|[of] p2a: Blissey\n|faint|p2a: Blissey\n|move|p2b: Scyther|Dual Wingbeat|p1a: Okidogi\n|-damage|p1a: Okidogi|70\/100\n|-damage|p1a: Okidogi|42\/100\n|-hitcount|p1a: Okidogi|2\n|move|p1b: Wyrdeer|Roar|p2b: Scyther\n|drag|p2b: Heracross|Heracross, M|100\/100\n|\n|-sideend|p2: Pedro Carbono|Reflect\n|upkeep\n|inactive|Pedro Carbono has 120 seconds left.\n|\n|t:|1695586906\n|switch|p2a: Serperior|Serperior, M|100\/100\n|turn|6\n|\n|t:|1695586918\n|move|p1a: Okidogi|Drain Punch|p2a: Serperior\n|-damage|p2a: Serperior|0 fnt\n|-heal|p1a: Okidogi|88\/100|[from] drain|[of] p2a: Serperior\n|faint|p2a: Serperior\n|move|p2b: Heracross|Lunge|p1b: Wyrdeer\n|-supereffective|p1b: Wyrdeer\n|-damage|p1b: Wyrdeer|5\/100\n|-unboost|p1b: Wyrdeer|atk|1\n|move|p1b: Wyrdeer|Skill Swap|p2b: Heracross\n|-activate|p1b: Wyrdeer|move: Skill Swap|Moxie|Healer|[of] p2b: Heracross\n|\n|-sideend|p2: Pedro Carbono|move: Light Screen\n|upkeep\n|inactive|Pedro Carbono has 120 seconds left.\n|\n|t:|1695586942\n|switch|p2a: Incineroar|Incineroar, F|100\/100\n|-ability|p2a: Incineroar|Intimidate|boost\n|-ability|p1a: Okidogi|Guard Dog|boost\n|-boost|p1a: Okidogi|atk|1\n|-unboost|p1b: Wyrdeer|atk|1\n|turn|7\n|inactive|Pedro Carbono has 120 seconds left.\n|inactive|Pedro Carbono has 90 seconds left.\n|-message|Pedro Carbono forfeited.\n|\n|win|wizard_gang\n|raw|wizard_gang's rating: 1072 &rarr; <strong>1107<\/strong><br \/>(+35 for winning)\n|raw|Pedro Carbono's rating: 1146 &rarr; <strong>1116<\/strong><br \/>(-30 for losing)\n|l|\u2606Pedro Carbono\n","uploadtime":1695587010,"views":11,"p1id":"wizardgang","p2id":"pedrocarbono","formatid":"gen9nationaldexdoubles","rating":1107,"private":0,"password":""}