{"id":"gen9nationaldexdoubles-1998685558","p1":"Shammm","p2":"DoujinCollector","format":"[Gen 9] National Dex Doubles","log":"|j|\u2606Shammm\n|j|\u2606DoujinCollector\n|t:|1700972345\n|gametype|doubles\n|player|p1|Shammm|depotagent|\n|player|p2|DoujinCollector|workerf-gen8|\n|teamsize|p1|6\n|teamsize|p2|6\n|gen|9\n|tier|[Gen 9] National Dex Doubles\n|rule|HP Percentage Mod: HP is shown in percentages\n|rule|Endless Battle Clause: Forcing endless battles is banned\n|rule|OHKO Clause: OHKO moves are banned\n|rule|Evasion Moves Clause: Evasion moves are banned\n|rule|Evasion Abilities Clause: Evasion abilities are banned\n|rule|Species Clause: Limit one of each Pok\u00e9mon\n|rule|Gravity Sleep Clause: The combination of sleep-inducing moves with imperfect accuracy and Gravity or Gigantamax Orbeetle are banned\n|clearpoke\n|poke|p1|Medicham, M|\n|poke|p1|Scizor, M|\n|poke|p1|Gardevoir, F|\n|poke|p1|Archeops, M|\n|poke|p1|Ambipom, M|\n|poke|p1|Passimian, M|\n|poke|p2|Tornadus-Therian, M|\n|poke|p2|Oricorio-Sensu, M|\n|poke|p2|Hoopa-Unbound|\n|poke|p2|Ninetales-Alola, M|\n|poke|p2|Dipplin, M|\n|poke|p2|Iron Hands|\n|teampreview\n|\n|t:|1700972379\n|start\n|switch|p1a: Ambipom|Ambipom, M|100\/100\n|switch|p1b: Archeops|Archeops, M, shiny|100\/100\n|switch|p2a: Tornadus|Tornadus-Therian, M|100\/100\n|switch|p2b: Ninetales|Ninetales-Alola, M|100\/100\n|-weather|Snow|[from] ability: Snow Warning|[of] p2b: Ninetales\n|turn|1\n|c|\u2606DoujinCollector|*PepeLaugh*\n|\n|t:|1700972424\n|move|p1a: Ambipom|Fake Out|p2a: Tornadus\n|-crit|p2a: Tornadus\n|-damage|p2a: Tornadus|64\/100\n|move|p1b: Archeops|Rock Slide|p2a: Tornadus|[spread] p2a,p2b\n|-supereffective|p2a: Tornadus\n|-supereffective|p2b: Ninetales\n|-damage|p2a: Tornadus|0 fnt\n|-damage|p2b: Ninetales|18\/100\n|faint|p2a: Tornadus\n|-damage|p1b: Archeops|91\/100|[from] item: Life Orb\n|move|p2b: Ninetales|Icy Wind|p1a: Ambipom|[spread] p1a,p1b\n|-supereffective|p1b: Archeops\n|-damage|p1a: Ambipom|73\/100\n|-damage|p1b: Archeops|38\/100\n|-unboost|p1a: Ambipom|spe|1\n|-unboost|p1b: Archeops|spe|1\n|\n|-weather|Snow|[upkeep]\n|upkeep\n|\n|t:|1700972462\n|switch|p2a: Iron Hands|Iron Hands|100\/100\n|turn|2\n|\n|t:|1700972481\n|switch|p1b: Rojo|Scizor, M|100\/100\n|move|p2a: Iron Hands|Fake Out|p1a: Ambipom\n|-damage|p1a: Ambipom|52\/100\n|move|p2b: Ninetales|Icy Wind|p1b: Rojo|[spread] p1a,p1b\n|-resisted|p1b: Rojo\n|-damage|p1a: Ambipom|28\/100\n|-damage|p1b: Rojo|89\/100\n|-unboost|p1a: Ambipom|spe|1\n|-unboost|p1b: Rojo|spe|1\n|cant|p1a: Ambipom|flinch\n|\n|-weather|Snow|[upkeep]\n|upkeep\n|turn|3\n|\n|t:|1700972544\n|switch|p2b: Dipplin|Dipplin, M|100\/100\n|-ability|p2b: Dipplin|Supersweet Syrup\n|-ability|p2b: Dipplin|Supersweet Syrup|boost\n|-unboost|p1a: Ambipom|evasion|1\n|-unboost|p1b: Rojo|evasion|1\n|switch|p1a: Archeops|Archeops, M, shiny|38\/100\n|move|p1b: Rojo|Thief|p2b: Dipplin\n|-damage|p2b: Dipplin|71\/100\n|move|p2a: Iron Hands|Drain Punch|p1b: Rojo\n|-damage|p1b: Rojo|50\/100\n|\n|-weather|Snow|[upkeep]\n|-heal|p2b: Dipplin|77\/100|[from] item: Leftovers\n|upkeep\n|turn|4\n|\n|t:|1700972573\n|switch|p1a: Gardevoir|Gardevoir, F, shiny|100\/100\n|-ability|p1a: Gardevoir|Supersweet Syrup\n|-ability|p1a: Gardevoir|Supersweet Syrup|boost\n|-unboost|p2a: Iron Hands|evasion|1\n|-unboost|p2b: Dipplin|evasion|1\n|-ability|p1a: Gardevoir|Supersweet Syrup|[from] ability: Trace|[of] p2b: Dipplin\n|switch|p1b: Azul|Medicham, M, shiny|100\/100\n|move|p2a: Iron Hands|Rock Slide|p1a: Gardevoir|[spread] p1a,p1b\n|-resisted|p1b: Azul\n|-damage|p1a: Gardevoir|81\/100\n|-damage|p1b: Azul|87\/100\n|move|p2b: Dipplin|Dragon Pulse|p1a: Gardevoir\n|-immune|p1a: Gardevoir\n|\n|-weather|Snow|[upkeep]\n|-heal|p2b: Dipplin|83\/100|[from] item: Leftovers\n|upkeep\n|turn|5\n|\n|t:|1700972603\n|-terastallize|p2b: Dipplin|Grass\n|move|p1b: Azul|Psycho Cut|p2a: Iron Hands\n|-supereffective|p2a: Iron Hands\n|-damage|p2a: Iron Hands|47\/100\n|move|p1a: Gardevoir|Dazzling Gleam|p2a: Iron Hands|[spread] p2a,p2b\n|-supereffective|p2a: Iron Hands\n|-damage|p2a: Iron Hands|23\/100\n|-damage|p2b: Dipplin|56\/100\n|move|p2a: Iron Hands|Wild Charge|p1a: Gardevoir\n|-damage|p1a: Gardevoir|28\/100\n|-damage|p2a: Iron Hands|14\/100|[from] Recoil\n|move|p2b: Dipplin|Syrup Bomb|p1a: Gardevoir\n|-damage|p1a: Gardevoir|1\/100\n|-start|p1a: Gardevoir|Syrup Bomb\n|\n|-weather|none\n|-heal|p2b: Dipplin|62\/100|[from] item: Leftovers\n|-unboost|p1a: Gardevoir|spe|1\n|upkeep\n|turn|6\n|\n|t:|1700972625\n|move|p1b: Azul|Psycho Cut|p2a: Iron Hands\n|-supereffective|p2a: Iron Hands\n|-damage|p2a: Iron Hands|0 fnt\n|faint|p2a: Iron Hands\n|-end|p2a: Iron Hands|Quark Drive|[silent]\n|move|p1a: Gardevoir|Dazzling Gleam|p2b: Dipplin\n|-damage|p2b: Dipplin|26\/100\n|move|p2b: Dipplin|Dragon Pulse|p1b: Azul\n|-damage|p1b: Azul|19\/100\n|\n|-heal|p2b: Dipplin|32\/100|[from] item: Leftovers\n|-unboost|p1a: Gardevoir|spe|1\n|upkeep\n|\n|t:|1700972633\n|switch|p2a: Ninetales|Ninetales-Alola, M|18\/100\n|-weather|Snow|[from] ability: Snow Warning|[of] p2a: Ninetales\n|turn|7\n|\n|t:|1700972650\n|switch|p1b: Rojo|Scizor, M|50\/100\n|switch|p1a: Archeops|Archeops, M, shiny|38\/100\n|move|p2a: Ninetales|Icy Wind|p1a: Archeops|[spread] p1a,p1b\n|-supereffective|p1a: Archeops\n|-resisted|p1b: Rojo\n|-damage|p1a: Archeops|0 fnt\n|-damage|p1b: Rojo|39\/100\n|-unboost|p1b: Rojo|spe|1\n|faint|p1a: Archeops\n|move|p2b: Dipplin|Pollen Puff|p2a: Ninetales\n|-heal|p2a: Ninetales|68\/100\n|\n|-weather|Snow|[upkeep]\n|-heal|p2b: Dipplin|38\/100|[from] item: Leftovers\n|upkeep\n|\n|t:|1700972666\n|switch|p1a: Ambipom|Ambipom, M|28\/100\n|turn|8\n|\n|t:|1700972701\n|move|p1a: Ambipom|Fake Out|p2a: Ninetales\n|-damage|p2a: Ninetales|43\/100\n|cant|p2a: Ninetales|flinch\n|move|p1b: Rojo|Superpower|p2a: Ninetales\n|-damage|p2a: Ninetales|4\/100\n|-unboost|p1b: Rojo|atk|1\n|-unboost|p1b: Rojo|def|1\n|move|p2b: Dipplin|Dragon Pulse|p1b: Rojo\n|-resisted|p1b: Rojo\n|-damage|p1b: Rojo|10\/100\n|\n|-weather|Snow|[upkeep]\n|-heal|p2b: Dipplin|44\/100|[from] item: Leftovers\n|upkeep\n|turn|9\n|\n|t:|1700972729\n|move|p1a: Ambipom|Double Slap|p2b: Dipplin\n|-damage|p2b: Dipplin|36\/100\n|-damage|p2b: Dipplin|27\/100\n|-damage|p2b: Dipplin|18\/100\n|-damage|p2b: Dipplin|10\/100\n|-damage|p2b: Dipplin|2\/100\n|-hitcount|p2b: Dipplin|5\n|move|p2a: Ninetales|Icy Wind|p1b: Rojo|[spread] p1a,p1b\n|-crit|p1a: Ambipom\n|-resisted|p1b: Rojo\n|-damage|p1a: Ambipom|0 fnt\n|-damage|p1b: Rojo|0 fnt\n|faint|p1a: Ambipom\n|faint|p1b: Rojo\n|move|p2b: Dipplin|Pollen Puff|p2a: Ninetales\n|-heal|p2a: Ninetales|53\/100\n|\n|-weather|Snow|[upkeep]\n|-heal|p2b: Dipplin|8\/100|[from] item: Leftovers\n|upkeep\n|\n|t:|1700972757\n|switch|p1a: Gardevoir|Gardevoir, F, shiny|1\/100\n|switch|p1b: Passimian|Passimian, M|100\/100\n|-ability|p1a: Gardevoir|Supersweet Syrup|[from] ability: Trace|[of] p2b: Dipplin\n|turn|10\n|\n|t:|1700972771\n|move|p2a: Ninetales|Dazzling Gleam|p1b: Passimian|[spread] p1a,p1b\n|-supereffective|p1b: Passimian\n|-damage|p1a: Gardevoir|0 fnt\n|-damage|p1b: Passimian|31\/100\n|faint|p1a: Gardevoir\n|-ability|p1b: Passimian|Supersweet Syrup\n|-ability|p1b: Passimian|Supersweet Syrup|boost\n|-unboost|p2a: Ninetales|evasion|1\n|-unboost|p2b: Dipplin|evasion|1\n|-ability|p1b: Passimian|Supersweet Syrup|[from] ability: Receiver|[of] p1a: Gardevoir\n|move|p1b: Passimian|Trailblaze|p2b: Dipplin\n|-resisted|p2b: Dipplin\n|-damage|p2b: Dipplin|0 fnt\n|-boost|p1b: Passimian|spe|1\n|faint|p2b: Dipplin\n|\n|-weather|Snow|[upkeep]\n|upkeep\n|\n|t:|1700972787\n|switch|p1a: Azul|Medicham, M, shiny|19\/100\n|switch|p2b: Hoopa|Hoopa-Unbound|100\/100\n|turn|11\n|\n|t:|1700972800\n|move|p1b: Passimian|Drain Punch|p2b: Hoopa\n|-damage|p2b: Hoopa|68\/100\n|-heal|p1b: Passimian|49\/100|[from] drain|[of] p2b: Hoopa\n|move|p1a: Azul|Drain Punch|p2b: Hoopa\n|-damage|p2b: Hoopa|24\/100\n|-heal|p1a: Azul|50\/100|[from] drain|[of] p2b: Hoopa\n|move|p2a: Ninetales|Dazzling Gleam|p1b: Passimian|[spread] p1a,p1b\n|-supereffective|p1a: Azul\n|-supereffective|p1b: Passimian\n|-damage|p1a: Azul|0 fnt\n|-damage|p1b: Passimian|0 fnt\n|faint|p1a: Azul\n|faint|p1b: Passimian\n|\n|win|DoujinCollector\n","uploadtime":1700972819,"views":9,"p1id":"shammm","p2id":"doujincollector","formatid":"gen9nationaldexdoubles","rating":0,"private":0,"password":""}