{"id":"gen9nationaldexdoubles-1952518269","p1":"Red_Ice_Games","p2":"Thrshthrsh","format":"[Gen 9] National Dex Doubles","log":"|j|\u2606Red_Ice_Games\n|j|\u2606Thrshthrsh\n|t:|1695692717\n|gametype|doubles\n|player|p1|Red_Ice_Games|psychic|1201\n|player|p2|Thrshthrsh|bellelba|1156\n|teamsize|p1|6\n|teamsize|p2|6\n|gen|9\n|tier|[Gen 9] National Dex Doubles\n|rated|\n|rule|HP Percentage Mod: HP is shown in percentages\n|rule|Endless Battle Clause: Forcing endless battles is banned\n|rule|OHKO Clause: OHKO moves are banned\n|rule|Evasion Moves Clause: Evasion moves are banned\n|rule|Evasion Abilities Clause: Evasion abilities are banned\n|rule|Species Clause: Limit one of each Pok\u00e9mon\n|rule|Gravity Sleep Clause: The combination of sleep-inducing moves with imperfect accuracy and Gravity or Gigantamax Orbeetle are banned\n|clearpoke\n|poke|p1|Iron Valiant|\n|poke|p1|Chien-Pao|\n|poke|p1|Weavile, M|\n|poke|p1|Ninjask, F|\n|poke|p1|Absol, M|\n|poke|p1|Inteleon, M|\n|poke|p2|Golem-Alola, F|\n|poke|p2|Ribombee, M|\n|poke|p2|Sneasler, M|\n|poke|p2|Tapu Koko|\n|poke|p2|Ditto|\n|poke|p2|Kingambit, M|\n|teampreview\n|inactive|Battle timer is ON: inactive players will automatically lose when time's up. (requested by Red_Ice_Games)\n|\n|t:|1695692729\n|start\n|switch|p1a: Inteleon|Inteleon, M|100\/100\n|switch|p1b: Iron Valiant|Iron Valiant|100\/100\n|switch|p2a: Friend :)|Golem-Alola, F|100\/100\n|switch|p2b: Mightiest Fly|Ribombee, M, shiny|100\/100\n|turn|1\n|\n|t:|1695692733\n|move|p1b: Iron Valiant|Wide Guard|p1b: Iron Valiant\n|-singleturn|p1b: Iron Valiant|Wide Guard\n|move|p2b: Mightiest Fly|After You|p2a: Friend :)\n|-activate|p2a: Friend :)|move: After You\n|move|p2a: Friend :)|Explosion|p1a: Inteleon|[spread] p2b\n|-activate|p1a: Inteleon|move: Wide Guard\n|-activate|p1b: Iron Valiant|move: Wide Guard\n|-damage|p2b: Mightiest Fly|0 fnt\n|faint|p2a: Friend :)\n|faint|p2b: Mightiest Fly\n|move|p1a: Inteleon|Focus Energy|p1a: Inteleon\n|-start|p1a: Inteleon|move: Focus Energy\n|\n|upkeep\n|c|\u2606Thrshthrsh|DAMMIT\n|c|\u2606Red_Ice_Games|Nice\n|c|\u2606Thrshthrsh|I HATE WIDE GUARD\n|\n|t:|1695692746\n|switch|p2b: (Formerly Chuck's)|Tapu Koko, shiny|100\/100\n|switch|p2a: Feed and Sneas|Sneasler, M|100\/100\n|-fieldstart|move: Electric Terrain|[from] ability: Electric Surge|[of] p2b: (Formerly Chuck's)\n|-activate|p1b: Iron Valiant|ability: Quark Drive\n|-start|p1b: Iron Valiant|quarkdrivespe\n|-enditem|p2a: Feed and Sneas|Electric Seed\n|-boost|p2a: Feed and Sneas|def|1|[from] item: Electric Seed\n|-item|p2b: (Formerly Chuck's)|Air Balloon\n|turn|2\n|inactive|Red_Ice_Games has 120 seconds left.\n|\n|t:|1695692781\n|-terastallize|p2a: Feed and Sneas|Flying\n|-terastallize|p1a: Inteleon|Flying\n|move|p1b: Iron Valiant|Wide Guard|p1b: Iron Valiant\n|-singleturn|p1b: Iron Valiant|Wide Guard\n|move|p2a: Feed and Sneas|Acrobatics|p1a: Inteleon\n|-damage|p1a: Inteleon|0 fnt\n|faint|p1a: Inteleon\n|move|p2b: (Formerly Chuck's)|Thunder Punch|p1b: Iron Valiant\n|-damage|p1b: Iron Valiant|47\/100\n|\n|upkeep\n|\n|t:|1695692795\n|switch|p1a: Weavile|Weavile, M|100\/100\n|turn|3\n|inactive|Red_Ice_Games has 120 seconds left.\n|\n|t:|1695692831\n|move|p1a: Weavile|Fake Out|p2b: (Formerly Chuck's)\n|-damage|p2b: (Formerly Chuck's)|86\/100\n|-enditem|p2b: (Formerly Chuck's)|Air Balloon\n|move|p2a: Feed and Sneas|Close Combat|p1a: Weavile\n|-supereffective|p1a: Weavile\n|-enditem|p1a: Weavile|Focus Sash\n|-damage|p1a: Weavile|1\/100\n|-unboost|p2a: Feed and Sneas|def|1\n|-unboost|p2a: Feed and Sneas|spd|1\n|move|p1b: Iron Valiant|Spirit Break|p2a: Feed and Sneas\n|-damage|p2a: Feed and Sneas|38\/100\n|-unboost|p2a: Feed and Sneas|spa|1\n|cant|p2b: (Formerly Chuck's)|flinch\n|\n|upkeep\n|turn|4\n|inactive|Red_Ice_Games has 120 seconds left.\n|\n|t:|1695692845\n|move|p2a: Feed and Sneas|Acrobatics|p1b: Iron Valiant\n|-supereffective|p1b: Iron Valiant\n|-damage|p1b: Iron Valiant|0 fnt\n|faint|p1b: Iron Valiant\n|-end|p1b: Iron Valiant|Quark Drive|[silent]\n|move|p1a: Weavile|Triple Axel|p2a: Feed and Sneas|[miss]\n|-miss|p1a: Weavile|p2a: Feed and Sneas\n|move|p2b: (Formerly Chuck's)|Thunder Punch|p1a: Weavile\n|-damage|p1a: Weavile|0 fnt\n|faint|p1a: Weavile\n|\n|upkeep\n|\n|t:|1695692864\n|switch|p1a: Chien-Pao|Chien-Pao|100\/100\n|switch|p1b: Absol|Absol, M|100\/100\n|-ability|p1a: Chien-Pao|Sword of Ruin\n|turn|5\n|\n|t:|1695692876\n|detailschange|p1b: Absol|Absol-Mega, M\n|-mega|p1b: Absol|Absol|Absolite\n|move|p1b: Absol|Sucker Punch|p2a: Feed and Sneas\n|-damage|p2a: Feed and Sneas|0 fnt\n|faint|p2a: Feed and Sneas\n|move|p1a: Chien-Pao|Ice Spinner|p2b: (Formerly Chuck's)\n|-damage|p2b: (Formerly Chuck's)|26\/100\n|-fieldend|move: Electric Terrain\n|move|p2b: (Formerly Chuck's)|Iron Head|p1a: Chien-Pao\n|-supereffective|p1a: Chien-Pao\n|-crit|p1a: Chien-Pao\n|-enditem|p1a: Chien-Pao|Focus Sash\n|-damage|p1a: Chien-Pao|1\/100\n|\n|upkeep\n|\n|t:|1695692882\n|switch|p2a: Mine lol|Ditto, shiny|100\/100\n|-transform|p2a: Mine lol|p1b: Absol|[from] ability: Imposter\n|turn|6\n|\n|t:|1695692900\n|move|p2a: Mine lol|Sucker Punch|p1a: Chien-Pao\n|-resisted|p1a: Chien-Pao\n|-damage|p1a: Chien-Pao|0 fnt\n|faint|p1a: Chien-Pao\n|move|p1b: Absol|Swords Dance|p1b: Absol\n|-boost|p1b: Absol|atk|2\n|move|p2b: (Formerly Chuck's)|Dazzling Gleam|p1b: Absol\n|-supereffective|p1b: Absol\n|-damage|p1b: Absol|5\/100\n|\n|upkeep\n|\n|t:|1695692902\n|switch|p1a: Ninjask|Ninjask, F|100\/100\n|turn|7\n|\n|t:|1695692920\n|move|p2a: Mine lol|Sucker Punch||[still]\n|-fail|p2a: Mine lol\n|move|p1a: Ninjask|Substitute|p1a: Ninjask\n|-start|p1a: Ninjask|Substitute\n|-damage|p1a: Ninjask|76\/100\n|move|p1b: Absol|Swords Dance|p1b: Absol\n|-boost|p1b: Absol|atk|2\n|move|p2b: (Formerly Chuck's)|Iron Head|p1a: Ninjask\n|-end|p1a: Ninjask|Substitute\n|\n|-ability|p1a: Ninjask|Speed Boost|boost\n|-boost|p1a: Ninjask|spe|1\n|upkeep\n|turn|8\n|c|\u2606Thrshthrsh|I WILL SUCKER PUNCH YOU\n|\n|t:|1695692939\n|move|p2a: Mine lol|Sucker Punch|p1b: Absol\n|-resisted|p1b: Absol\n|-damage|p1b: Absol|0 fnt\n|faint|p1b: Absol\n|move|p1a: Ninjask|Leech Life|p2a: Mine lol\n|-supereffective|p2a: Mine lol\n|-damage|p2a: Mine lol|0 fnt\n|-heal|p1a: Ninjask|100\/100|[from] drain|[of] p2a: Mine lol\n|faint|p2a: Mine lol\n|move|p2b: (Formerly Chuck's)|Iron Head|p1a: Ninjask\n|-damage|p1a: Ninjask|29\/100\n|\n|-ability|p1a: Ninjask|Speed Boost|boost\n|-boost|p1a: Ninjask|spe|1\n|upkeep\n|\n|t:|1695692951\n|switch|p2a: Le Final Boss|Kingambit, M|100\/100\n|-activate|p2a: Le Final Boss|ability: Supreme Overlord\n|-start|p2a: Le Final Boss|fallen4|[silent]\n|turn|9\n|\n|t:|1695692958\n|move|p2a: Le Final Boss|Sucker Punch|p1a: Ninjask\n|-damage|p1a: Ninjask|0 fnt\n|faint|p1a: Ninjask\n|\n|win|Thrshthrsh\n|raw|Red_Ice_Games's rating: 1201 &rarr; <strong>1173<\/strong><br \/>(-28 for losing)\n|raw|Thrshthrsh's rating: 1156 &rarr; <strong>1184<\/strong><br \/>(+28 for winning)\n","uploadtime":1695692939,"views":5,"p1id":"redicegames","p2id":"thrshthrsh","formatid":"gen9nationaldexdoubles","rating":1173,"private":0,"password":""}