{"id":"gen9nationaldexdoubles-1973579838","p1":"delicioustree","p2":"UrBlastingOffAgain","format":"[Gen 9] National Dex Doubles","log":"|j|\u2606delicioustree\n|j|\u2606UrBlastingOffAgain\n|t:|1697992826\n|gametype|doubles\n|player|p1|delicioustree|cheren-gen5bw2|1062\n|player|p2|UrBlastingOffAgain|2|1196\n|teamsize|p1|6\n|teamsize|p2|5\n|gen|9\n|tier|[Gen 9] National Dex Doubles\n|rated|\n|rule|HP Percentage Mod: HP is shown in percentages\n|rule|Endless Battle Clause: Forcing endless battles is banned\n|rule|OHKO Clause: OHKO moves are banned\n|rule|Evasion Moves Clause: Evasion moves are banned\n|rule|Evasion Abilities Clause: Evasion abilities are banned\n|rule|Species Clause: Limit one of each Pok\u00e9mon\n|rule|Gravity Sleep Clause: The combination of sleep-inducing moves with imperfect accuracy and Gravity or Gigantamax Orbeetle are banned\n|clearpoke\n|poke|p1|Jirachi|\n|poke|p1|Mismagius, F|\n|poke|p1|Audino, F|\n|poke|p1|Delphox, F|\n|poke|p1|Mienshao, M|\n|poke|p1|Altaria, F|\n|poke|p2|Regidrago|\n|poke|p2|Shuckle, F|\n|poke|p2|Cresselia, F|\n|poke|p2|Tapu Bulu|\n|poke|p2|Rillaboom, F|\n|teampreview\n|inactive|Battle timer is ON: inactive players will automatically lose when time's up. (requested by UrBlastingOffAgain)\n|\n|t:|1697992833\n|start\n|switch|p1a: Machiavellian Bach|Jirachi|100\/100\n|switch|p1b: Get mad!!|Mienshao, M|100\/100\n|switch|p2a: Shuckle|Shuckle, F|100\/100\n|switch|p2b: Cresselia|Cresselia, F|100\/100\n|turn|1\n|\n|t:|1697992848\n|move|p1b: Get mad!!|Fake Out|p2a: Shuckle\n|-resisted|p2a: Shuckle\n|-damage|p2a: Shuckle|93\/100\n|-damage|p1b: Get mad!!|91\/100|[from] item: Life Orb\n|move|p1a: Machiavellian Bach|Cosmic Power|p1a: Machiavellian Bach\n|-boost|p1a: Machiavellian Bach|def|1\n|-boost|p1a: Machiavellian Bach|spd|1\n|cant|p2a: Shuckle|flinch\n|move|p2b: Cresselia|Trick Room|p2b: Cresselia\n|-fieldstart|move: Trick Room|[of] p2b: Cresselia\n|\n|upkeep\n|turn|2\n|\n|t:|1697992877\n|switch|p2b: Regidrago|Regidrago|100\/100\n|move|p2a: Shuckle|Guard Split|p2b: Regidrago\n|-activate|p2a: Shuckle|move: Guard Split|[of] p2b: Regidrago\n|move|p1a: Machiavellian Bach|Cosmic Power|p1a: Machiavellian Bach\n|-boost|p1a: Machiavellian Bach|def|1\n|-boost|p1a: Machiavellian Bach|spd|1\n|move|p1b: Get mad!!|Knock Off|p2b: Regidrago\n|-damage|p2b: Regidrago|84\/100\n|-enditem|p2b: Regidrago|Leftovers|[from] move: Knock Off|[of] p1b: Get mad!!\n|-damage|p1b: Get mad!!|81\/100|[from] item: Life Orb\n|\n|upkeep\n|turn|3\n|\n|t:|1697992900\n|-terastallize|p2b: Regidrago|Dragon\n|move|p2a: Shuckle|Acupressure|p2b: Regidrago\n|-boost|p2b: Regidrago|spd|2\n|move|p2b: Regidrago|Dragon Energy|p1b: Get mad!!|[spread] p1a,p1b\n|-resisted|p1a: Machiavellian Bach\n|-damage|p1a: Machiavellian Bach|85\/100\n|-damage|p1b: Get mad!!|0 fnt\n|faint|p1b: Get mad!!\n|move|p1a: Machiavellian Bach|Cosmic Power|p1a: Machiavellian Bach\n|-boost|p1a: Machiavellian Bach|def|1\n|-boost|p1a: Machiavellian Bach|spd|1\n|\n|-heal|p1a: Machiavellian Bach|91\/100|[from] item: Leftovers\n|upkeep\n|inactive|delicioustree has 120 seconds left.\n|\n|t:|1697992927\n|switch|p1b: Yes|Audino, F|100\/100\n|turn|4\n|inactive|delicioustree has 120 seconds left.\n|\n|t:|1697992953\n|move|p2a: Shuckle|Acupressure|p2b: Regidrago\n|-boost|p2b: Regidrago|def|2\n|move|p1b: Yes|Light Screen|p1b: Yes\n|-sidestart|p1: delicioustree|move: Light Screen\n|move|p2b: Regidrago|Dragon Energy|p1a: Machiavellian Bach|[spread] p1a,p1b\n|-resisted|p1a: Machiavellian Bach\n|-damage|p1a: Machiavellian Bach|82\/100\n|-damage|p1b: Yes|52\/100\n|move|p1a: Machiavellian Bach|Cosmic Power|p1a: Machiavellian Bach\n|-boost|p1a: Machiavellian Bach|def|1\n|-boost|p1a: Machiavellian Bach|spd|1\n|\n|-heal|p1a: Machiavellian Bach|88\/100|[from] item: Leftovers\n|upkeep\n|turn|5\n|\n|t:|1697992970\n|move|p2a: Shuckle|Acupressure|p2b: Regidrago\n|-boost|p2b: Regidrago|accuracy|2\n|move|p1b: Yes|Yawn|p2b: Regidrago\n|-start|p2b: Regidrago|move: Yawn|[of] p1b: Yes\n|move|p2b: Regidrago|Dragon Energy|p1a: Machiavellian Bach|[spread] p1a,p1b\n|-resisted|p1a: Machiavellian Bach\n|-damage|p1a: Machiavellian Bach|81\/100\n|-damage|p1b: Yes|0 fnt\n|faint|p1b: Yes\n|move|p1a: Machiavellian Bach|Cosmic Power|p1a: Machiavellian Bach\n|-boost|p1a: Machiavellian Bach|def|1\n|-boost|p1a: Machiavellian Bach|spd|1\n|\n|-heal|p1a: Machiavellian Bach|87\/100|[from] item: Leftovers\n|-fieldend|move: Trick Room\n|upkeep\n|inactive|delicioustree has 120 seconds left.\n|\n|t:|1697992990\n|switch|p1b: Lemonade|Delphox, F|100\/100\n|turn|6\n|inactive|delicioustree has 120 seconds left.\n|inactive|UrBlastingOffAgain has 120 seconds left.\n|\n|t:|1697993021\n|move|p1b: Lemonade|Hypnosis|p2a: Shuckle\n|-status|p2a: Shuckle|slp|[from] move: Hypnosis\n|move|p1a: Machiavellian Bach|Cosmic Power|p1a: Machiavellian Bach\n|-boost|p1a: Machiavellian Bach|def|1\n|-boost|p1a: Machiavellian Bach|spd|1\n|move|p2b: Regidrago|Dragon Energy|p1a: Machiavellian Bach|[spread] p1a,p1b\n|-resisted|p1a: Machiavellian Bach\n|-damage|p1a: Machiavellian Bach|82\/100\n|-damage|p1b: Lemonade|32\/100\n|cant|p2a: Shuckle|slp\n|\n|-heal|p1a: Machiavellian Bach|89\/100|[from] item: Leftovers\n|-end|p2b: Regidrago|move: Yawn|[silent]\n|-status|p2b: Regidrago|slp\n|upkeep\n|turn|7\n|inactive|delicioustree has 120 seconds left.\n|inactive|UrBlastingOffAgain has 120 seconds left.\n|\n|t:|1697993048\n|switch|p2a: Rillaboom|Rillaboom, F|100\/100\n|-fieldstart|move: Grassy Terrain|[from] ability: Grassy Surge|[of] p2a: Rillaboom\n|move|p1b: Lemonade|Heat Wave|p2b: Regidrago|[spread] p2a,p2b\n|-supereffective|p2a: Rillaboom\n|-resisted|p2b: Regidrago\n|-damage|p2a: Rillaboom|0 fnt\n|-damage|p2b: Regidrago|79\/100 slp\n|faint|p2a: Rillaboom\n|-damage|p1b: Lemonade|22\/100|[from] item: Life Orb\n|move|p1a: Machiavellian Bach|Stored Power|p2b: Regidrago\n|-damage|p2b: Regidrago|63\/100 slp\n|cant|p2b: Regidrago|slp\n|move|p2b: Regidrago|Sleep Talk|p2b: Regidrago\n|move|p2b: Regidrago|Substitute|p2b: Regidrago|[from]move: Sleep Talk\n|-start|p2b: Regidrago|Substitute\n|-damage|p2b: Regidrago|38\/100 slp\n|\n|-heal|p1b: Lemonade|28\/100|[from] Grassy Terrain\n|-heal|p1a: Machiavellian Bach|95\/100|[from] Grassy Terrain\n|-heal|p1a: Machiavellian Bach|100\/100|[from] item: Leftovers\n|-heal|p2b: Regidrago|44\/100 slp|[from] Grassy Terrain\n|upkeep\n|inactive|UrBlastingOffAgain has 120 seconds left.\n|\n|t:|1697993074\n|switch|p2a: Cresselia|Cresselia, F|100\/100\n|turn|8\n|inactive|UrBlastingOffAgain has 120 seconds left.\n|\n|t:|1697993094\n|move|p1b: Lemonade|Heat Wave|p2a: Cresselia|[spread] \n|-miss|p1b: Lemonade|p2a: Cresselia\n|-miss|p1b: Lemonade|p2b: Regidrago\n|move|p1a: Machiavellian Bach|Charge Beam|p2b: Regidrago\n|-resisted|p2b: Regidrago\n|-activate|p2b: Regidrago|move: Substitute|[damage]\n|-boost|p1a: Machiavellian Bach|spa|1\n|move|p2a: Cresselia|Lunar Blessing||[still]|[still]|[spread] p2a,p2b\n|-fail|p2a: Cresselia\n|-fail|p2a: Cresselia\n|cant|p2b: Regidrago|slp\n|\n|-heal|p1b: Lemonade|35\/100|[from] Grassy Terrain\n|-heal|p2b: Regidrago|50\/100 slp|[from] Grassy Terrain\n|-sideend|p1: delicioustree|move: Light Screen\n|upkeep\n|turn|9\n|inactive|UrBlastingOffAgain has 120 seconds left.\n|inactive|UrBlastingOffAgain has 90 seconds left.\n|\n|t:|1697993144\n|switch|p2a: Tapu Bulu|Tapu Bulu|100\/100\n|move|p1b: Lemonade|Hypnosis|p2a: Tapu Bulu|[miss]\n|-miss|p1b: Lemonade|p2a: Tapu Bulu\n|move|p1a: Machiavellian Bach|Charge Beam|p2b: Regidrago\n|-resisted|p2b: Regidrago\n|-activate|p2b: Regidrago|move: Substitute|[damage]\n|-boost|p1a: Machiavellian Bach|spa|1\n|-curestatus|p2b: Regidrago|slp|[msg]\n|move|p2b: Regidrago|Sleep Talk||[still]\n|-fail|p2b: Regidrago\n|\n|-heal|p1b: Lemonade|41\/100|[from] Grassy Terrain\n|-heal|p2b: Regidrago|56\/100|[from] Grassy Terrain\n|upkeep\n|turn|10\n|inactive|UrBlastingOffAgain has 90 seconds left.\n|\n|t:|1697993173\n|move|p1b: Lemonade|Heat Wave|p2a: Tapu Bulu|[spread] p2a,p2b\n|-resisted|p2b: Regidrago\n|-activate|p2b: Regidrago|move: Substitute|[damage]\n|-supereffective|p2a: Tapu Bulu\n|-damage|p2a: Tapu Bulu|10\/100\n|-damage|p1b: Lemonade|31\/100|[from] item: Life Orb\n|move|p1a: Machiavellian Bach|Charge Beam|p2b: Regidrago\n|-resisted|p2b: Regidrago\n|-activate|p2b: Regidrago|move: Substitute|[damage]\n|-boost|p1a: Machiavellian Bach|spa|1\n|move|p2b: Regidrago|Dragon Energy|p1b: Lemonade|[spread] p1a,p1b\n|-resisted|p1a: Machiavellian Bach\n|-damage|p1a: Machiavellian Bach|95\/100\n|-damage|p1b: Lemonade|0 fnt\n|faint|p1b: Lemonade\n|move|p2a: Tapu Bulu|Darkest Lariat|p1a: Machiavellian Bach\n|-supereffective|p1a: Machiavellian Bach\n|-damage|p1a: Machiavellian Bach|40\/100\n|\n|-heal|p1a: Machiavellian Bach|46\/100|[from] Grassy Terrain\n|-heal|p1a: Machiavellian Bach|52\/100|[from] item: Leftovers\n|-heal|p2b: Regidrago|63\/100|[from] Grassy Terrain\n|-heal|p2a: Tapu Bulu|16\/100|[from] Grassy Terrain\n|-heal|p2a: Tapu Bulu|22\/100|[from] item: Leftovers\n|upkeep\n|inactive|delicioustree has 120 seconds left.\n|\n|t:|1697993198\n|switch|p1b: 9999999|Mismagius, F|100\/100\n|turn|11\n|\n|t:|1697993212\n|move|p1b: 9999999|Icy Wind|p2a: Tapu Bulu|[spread] p2a,p2b\n|-supereffective|p2b: Regidrago\n|-activate|p2b: Regidrago|move: Substitute|[damage]\n|-supereffective|p2a: Tapu Bulu\n|-damage|p2a: Tapu Bulu|0 fnt\n|faint|p2a: Tapu Bulu\n|move|p1a: Machiavellian Bach|Baton Pass|p1a: Machiavellian Bach\n|\n|t:|1697993220\n|switch|p1a: Fluffy|Altaria, F|100\/100|[from] Baton Pass\n|move|p2b: Regidrago|Dragon Energy|p1b: 9999999|[spread] p1a,p1b\n|-supereffective|p1a: Fluffy\n|-damage|p1a: Fluffy|72\/100\n|-damage|p1b: 9999999|49\/100\n|\n|-heal|p2b: Regidrago|69\/100|[from] Grassy Terrain\n|-fieldend|move: Grassy Terrain\n|upkeep\n|\n|t:|1697993233\n|switch|p2a: Shuckle|Shuckle, F|93\/100 slp\n|turn|12\n|inactive|delicioustree has 120 seconds left.\n|\n|t:|1697993273\n|detailschange|p1a: Fluffy|Altaria-Mega, F\n|-mega|p1a: Fluffy|Altaria|Altarianite\n|move|p1b: 9999999|Icy Wind|p2b: Regidrago|[spread] p2a,p2b\n|-supereffective|p2b: Regidrago\n|-activate|p2b: Regidrago|move: Substitute|[damage]\n|-damage|p2a: Shuckle|84\/100 slp\n|-unboost|p2a: Shuckle|spe|1\n|move|p2b: Regidrago|Dragon Energy|p1b: 9999999|[spread] p1b\n|-immune|p1a: Fluffy\n|-damage|p1b: 9999999|0 fnt\n|faint|p1b: 9999999\n|move|p1a: Fluffy|Hyper Voice|p2b: Regidrago|[spread] p2a,p2b\n|-supereffective|p2b: Regidrago\n|-damage|p2a: Shuckle|20\/100 slp\n|-damage|p2b: Regidrago|42\/100\n|cant|p2a: Shuckle|slp\n|\n|upkeep\n|\n|t:|1697993289\n|switch|p1b: Machiavellian Bach|Jirachi|52\/100\n|turn|13\n|inactive|delicioustree has 120 seconds left.\n|\n|t:|1697993307\n|move|p1b: Machiavellian Bach|Cosmic Power|p1b: Machiavellian Bach\n|-boost|p1b: Machiavellian Bach|def|1\n|-boost|p1b: Machiavellian Bach|spd|1\n|move|p1a: Fluffy|Hyper Voice|p2b: Regidrago|[spread] p2a,p2b\n|-supereffective|p2b: Regidrago\n|-damage|p2a: Shuckle|0 fnt\n|-damage|p2b: Regidrago|14\/100\n|faint|p2a: Shuckle\n|move|p2b: Regidrago|Rest|p2b: Regidrago\n|-status|p2b: Regidrago|slp|[from] move: Rest\n|-heal|p2b: Regidrago|100\/100 slp|[silent]\n|\n|-heal|p1b: Machiavellian Bach|58\/100|[from] item: Leftovers\n|upkeep\n|\n|t:|1697993315\n|switch|p2a: Cresselia|Cresselia, F|100\/100\n|turn|14\n|\n|t:|1697993337\n|-terastallize|p1b: Machiavellian Bach|Steel\n|move|p1b: Machiavellian Bach|Charge Beam|p2b: Regidrago\n|-resisted|p2b: Regidrago\n|-activate|p2b: Regidrago|move: Substitute|[damage]\n|-boost|p1b: Machiavellian Bach|spa|1\n|move|p2a: Cresselia|Psychic|p1a: Fluffy\n|-damage|p1a: Fluffy|66\/100\n|move|p1a: Fluffy|Hyper Voice|p2b: Regidrago|[spread] p2a,p2b\n|-supereffective|p2b: Regidrago\n|-damage|p2a: Cresselia|50\/100\n|-damage|p2b: Regidrago|70\/100 slp\n|cant|p2b: Regidrago|slp\n|move|p2b: Regidrago|Sleep Talk|p2b: Regidrago\n|move|p2b: Regidrago|Rest||[from]move: Sleep Talk|[still]\n|-fail|p2b: Regidrago\n|\n|-heal|p1b: Machiavellian Bach|65\/100|[from] item: Leftovers\n|upkeep\n|turn|15\n|-message|UrBlastingOffAgain forfeited.\n|\n|win|delicioustree\n|raw|delicioustree's rating: 1062 &rarr; <strong>1104<\/strong><br \/>(+42 for winning)\n|raw|UrBlastingOffAgain's rating: 1196 &rarr; <strong>1162<\/strong><br \/>(-34 for losing)\n|l|\u2606UrBlastingOffAgain\n","uploadtime":1697993363,"views":11,"p1id":"delicioustree","p2id":"urblastingoffagain","formatid":"gen9nationaldexdoubles","rating":1104,"private":0,"password":""}