{"id":"gen9nationaldexdoubles-1996371786","p1":"kingcow_thegoat","p2":"InkyGoBoo!","format":"[Gen 9] National Dex Doubles","log":"|j|\u2606kingcow_thegoat\n|j|\u2606InkyGoBoo!\n|t:|1700675702\n|gametype|doubles\n|player|p1|kingcow_thegoat|266|\n|player|p2|InkyGoBoo!|nemona-s|\n|teamsize|p1|6\n|teamsize|p2|6\n|gen|9\n|tier|[Gen 9] National Dex Doubles\n|rule|HP Percentage Mod: HP is shown in percentages\n|rule|Endless Battle Clause: Forcing endless battles is banned\n|rule|OHKO Clause: OHKO moves are banned\n|rule|Evasion Moves Clause: Evasion moves are banned\n|rule|Evasion Abilities Clause: Evasion abilities are banned\n|rule|Species Clause: Limit one of each Pok\u00e9mon\n|rule|Gravity Sleep Clause: The combination of sleep-inducing moves with imperfect accuracy and Gravity or Gigantamax Orbeetle are banned\n|clearpoke\n|poke|p1|Tapu Bulu|\n|poke|p1|Sneasler, F|\n|poke|p1|Milotic, F|\n|poke|p1|Ninetales-Alola, M|\n|poke|p1|Toxapex, M|\n|poke|p1|Lopunny, F|\n|poke|p2|Tapu Koko|\n|poke|p2|Ampharos, F|\n|poke|p2|Raichu-Alola, F|\n|poke|p2|Iron Hands|\n|poke|p2|Iron Valiant|\n|poke|p2|Hawlucha, M|\n|teampreview\n|\n|t:|1700675723\n|start\n|switch|p1a: Tapu Bulu|Tapu Bulu|100\/100\n|switch|p1b: Sneasler|Sneasler, F|100\/100\n|switch|p2a: ZAP!|Raichu-Alola, F, shiny|100\/100\n|switch|p2b: Beeg Boi|Iron Hands, shiny|100\/100\n|-fieldstart|move: Grassy Terrain|[from] ability: Grassy Surge|[of] p1a: Tapu Bulu\n|-enditem|p1b: Sneasler|Grassy Seed\n|-boost|p1b: Sneasler|def|1|[from] item: Grassy Seed\n|turn|1\n|\n|t:|1700675749\n|switch|p2a: Guardian Of W's|Tapu Koko, shiny|100\/100\n|-fieldstart|move: Electric Terrain|[from] ability: Electric Surge|[of] p2a: Guardian Of W's\n|-activate|p2b: Beeg Boi|ability: Quark Drive\n|-start|p2b: Beeg Boi|quarkdriveatk\n|-terastallize|p1b: Sneasler|Flying\n|move|p2b: Beeg Boi|Fake Out|p1b: Sneasler\n|-damage|p1b: Sneasler|76\/100\n|cant|p1b: Sneasler|flinch\n|move|p1a: Tapu Bulu|Megahorn|p2a: Guardian Of W's\n|-resisted|p2a: Guardian Of W's\n|-damage|p2a: Guardian Of W's|49\/100\n|\n|upkeep\n|turn|2\n|\n|t:|1700675780\n|switch|p2a: L'Or\u00e8al|Ampharos, F, shiny|100\/100\n|switch|p1a: Lopunny|Lopunny, F|100\/100\n|move|p1b: Sneasler|Dire Claw|p2a: L'Or\u00e8al\n|-damage|p2a: L'Or\u00e8al|50\/100\n|-status|p2a: L'Or\u00e8al|psn\n|move|p2b: Beeg Boi|Thunder Punch|p1b: Sneasler\n|-supereffective|p1b: Sneasler\n|-damage|p1b: Sneasler|0 fnt\n|faint|p1b: Sneasler\n|\n|-damage|p2a: L'Or\u00e8al|38\/100 psn|[from] psn\n|upkeep\n|\n|t:|1700675782\n|switch|p1b: Tapu Bulu|Tapu Bulu|100\/100\n|-fieldstart|move: Grassy Terrain|[from] ability: Grassy Surge|[of] p1b: Tapu Bulu\n|-end|p2b: Beeg Boi|Quark Drive\n|turn|3\n|\n|t:|1700675803\n|-end|p2b: Beeg Boi|Quark Drive|[silent]\n|switch|p2b: Guardian Of W's|Tapu Koko, shiny|49\/100\n|-fieldstart|move: Electric Terrain|[from] ability: Electric Surge|[of] p2b: Guardian Of W's\n|detailschange|p1a: Lopunny|Lopunny-Mega, F\n|-mega|p1a: Lopunny|Lopunny|Lopunnite\n|detailschange|p2a: L'Or\u00e8al|Ampharos-Mega, F, shiny\n|-mega|p2a: L'Or\u00e8al|Ampharos|Ampharosite\n|-ability|p2a: L'Or\u00e8al|Mold Breaker\n|move|p1a: Lopunny|Fake Out|p2b: Guardian Of W's\n|-damage|p2b: Guardian Of W's|18\/100\n|move|p1b: Tapu Bulu|Close Combat|p2a: L'Or\u00e8al\n|-damage|p2a: L'Or\u00e8al|0 fnt\n|-unboost|p1b: Tapu Bulu|def|1\n|-unboost|p1b: Tapu Bulu|spd|1\n|faint|p2a: L'Or\u00e8al\n|\n|upkeep\n|\n|t:|1700675819\n|switch|p2a: Hawlucha|Hawlucha, M, shiny|100\/100\n|-enditem|p2a: Hawlucha|Electric Seed\n|-boost|p2a: Hawlucha|def|1|[from] item: Electric Seed\n|turn|4\n|\n|t:|1700675847\n|switch|p1a: Ninetales|Ninetales-Alola, M|100\/100\n|-weather|Snow|[from] ability: Snow Warning|[of] p1a: Ninetales\n|-terastallize|p2a: Hawlucha|Flying\n|move|p2a: Hawlucha|Acrobatics|p1a: Ninetales\n|-damage|p1a: Ninetales|38\/100\n|move|p2b: Guardian Of W's|Roost|p2b: Guardian Of W's\n|-heal|p2b: Guardian Of W's|68\/100\n|-singleturn|p2b: Guardian Of W's|move: Roost\n|move|p1b: Tapu Bulu|Close Combat|p2b: Guardian Of W's\n|-resisted|p2b: Guardian Of W's\n|-damage|p2b: Guardian Of W's|20\/100\n|-unboost|p1b: Tapu Bulu|def|1\n|-unboost|p1b: Tapu Bulu|spd|1\n|\n|-weather|Snow|[upkeep]\n|upkeep\n|turn|5\n|\n|t:|1700675869\n|switch|p1b: Milotic|Milotic, F|100\/100\n|move|p2a: Hawlucha|Acrobatics|p1b: Milotic\n|-damage|p1b: Milotic|32\/100\n|move|p2b: Guardian Of W's|Volt Switch|p1a: Ninetales\n|-damage|p1a: Ninetales|0 fnt\n|faint|p1a: Ninetales\n|\n|t:|1700675881\n|switch|p2b: Beeg Boi|Iron Hands, shiny|100\/100|[from] Volt Switch\n|-activate|p2b: Beeg Boi|ability: Quark Drive\n|-start|p2b: Beeg Boi|quarkdriveatk\n|\n|-weather|Snow|[upkeep]\n|-status|p1b: Milotic|brn|[from] item: Flame Orb\n|upkeep\n|\n|t:|1700675884\n|switch|p1a: Tapu Bulu|Tapu Bulu|100\/100\n|-fieldstart|move: Grassy Terrain|[from] ability: Grassy Surge|[of] p1a: Tapu Bulu\n|-end|p2b: Beeg Boi|Quark Drive\n|turn|6\n|\n|t:|1700675891\n|move|p2b: Beeg Boi|Fake Out|p1b: Milotic\n|-damage|p1b: Milotic|22\/100 brn\n|move|p2a: Hawlucha|Acrobatics|p1a: Tapu Bulu\n|-supereffective|p1a: Tapu Bulu\n|-damage|p1a: Tapu Bulu|0 fnt\n|faint|p1a: Tapu Bulu\n|cant|p1b: Milotic|flinch\n|\n|-weather|Snow|[upkeep]\n|-heal|p1b: Milotic|28\/100 brn|[from] Grassy Terrain\n|-damage|p1b: Milotic|22\/100 brn|[from] brn\n|upkeep\n|\n|t:|1700675893\n|switch|p1a: Lopunny|Lopunny-Mega, F|100\/100\n|turn|7\n|\n|t:|1700675910\n|move|p2a: Hawlucha|Protect|p2a: Hawlucha\n|-singleturn|p2a: Hawlucha|Protect\n|move|p1a: Lopunny|Fake Out|p2a: Hawlucha\n|-activate|p2a: Hawlucha|move: Protect\n|move|p1b: Milotic|Recover|p1b: Milotic\n|-heal|p1b: Milotic|72\/100 brn\n|move|p2b: Beeg Boi|Close Combat|p1a: Lopunny\n|-supereffective|p1a: Lopunny\n|-damage|p1a: Lopunny|0 fnt\n|-unboost|p2b: Beeg Boi|def|1\n|-unboost|p2b: Beeg Boi|spd|1\n|faint|p1a: Lopunny\n|\n|-weather|Snow|[upkeep]\n|-heal|p1b: Milotic|78\/100 brn|[from] Grassy Terrain\n|-damage|p1b: Milotic|72\/100 brn|[from] brn\n|upkeep\n|-message|kingcow_thegoat forfeited.\n|\n|win|InkyGoBoo!\n|c|\u2606kingcow_thegoat|gg\n|l|\u2606kingcow_thegoat\n|c|\u2606InkyGoBoo!|Gg!~\n","uploadtime":1700675931,"views":14,"p1id":"kingcowthegoat","p2id":"inkygoboo","formatid":"gen9nationaldexdoubles","rating":0,"private":0,"password":""}