{"id":"gen9nationaldexdoubles-1976285499","p1":"fumbari 24","p2":"Thaledi","format":"[Gen 9] National Dex Doubles","log":"|j|\u2606fumbari 24\n|j|\u2606Thaledi\n|t:|1698282324\n|gametype|doubles\n|player|p1|fumbari 24|hilbert|1452\n|player|p2|Thaledi|cynthia|1321\n|teamsize|p1|6\n|teamsize|p2|6\n|gen|9\n|tier|[Gen 9] National Dex Doubles\n|rated|\n|rule|HP Percentage Mod: HP is shown in percentages\n|rule|Endless Battle Clause: Forcing endless battles is banned\n|rule|OHKO Clause: OHKO moves are banned\n|rule|Evasion Moves Clause: Evasion moves are banned\n|rule|Evasion Abilities Clause: Evasion abilities are banned\n|rule|Species Clause: Limit one of each Pok\u00e9mon\n|rule|Gravity Sleep Clause: The combination of sleep-inducing moves with imperfect accuracy and Gravity or Gigantamax Orbeetle are banned\n|clearpoke\n|poke|p1|Landorus-Therian, M|\n|poke|p1|Chien-Pao|\n|poke|p1|Armarouge, M|\n|poke|p1|Blastoise, M|\n|poke|p1|Braviary, M|\n|poke|p1|Arboliva, F|\n|poke|p2|Gardevoir, F|\n|poke|p2|Spiritomb, M|\n|poke|p2|Garchomp, F|\n|poke|p2|Roserade, F|\n|poke|p2|Milotic, F|\n|poke|p2|Togekiss, F|\n|teampreview\n|inactive|Battle timer is ON: inactive players will automatically lose when time's up. (requested by Thaledi)\n|\n|t:|1698282348\n|start\n|switch|p1a: Huayco|Landorus-Therian, M|100\/100\n|switch|p1b: Frossbit|Chien-Pao|100\/100\n|switch|p2a: Garchomp|Garchomp, F, shiny|100\/100\n|switch|p2b: Milotic|Milotic, F, shiny|100\/100\n|-ability|p1a: Huayco|Intimidate|boost\n|-unboost|p2a: Garchomp|atk|1\n|-unboost|p2b: Milotic|atk|1\n|-ability|p1b: Frossbit|Sword of Ruin\n|turn|1\n|\n|t:|1698282361\n|move|p1a: Huayco|U-turn|p2b: Milotic\n|-damage|p2b: Milotic|70\/100\n|\n|t:|1698282366\n|switch|p1a: Olivia|Arboliva, F|100\/100|[from] U-turn\n|move|p1b: Frossbit|Ice Spinner|p2a: Garchomp\n|-supereffective|p2a: Garchomp\n|-damage|p2a: Garchomp|0 fnt\n|-damage|p1b: Frossbit|88\/100|[from] ability: Rough Skin|[of] p2a: Garchomp\n|faint|p2a: Garchomp\n|move|p2b: Milotic|Ice Beam|p1a: Olivia\n|-supereffective|p1a: Olivia\n|-damage|p1a: Olivia|66\/100\n|-fieldstart|move: Grassy Terrain|[from] ability: Seed Sower|[of] p1a: Olivia\n|\n|-heal|p1b: Frossbit|94\/100|[from] Grassy Terrain\n|-heal|p2b: Milotic|76\/100|[from] Grassy Terrain\n|-heal|p1a: Olivia|72\/100|[from] Grassy Terrain\n|-heal|p1a: Olivia|78\/100|[from] item: Leftovers\n|-status|p2b: Milotic|brn|[from] item: Flame Orb\n|upkeep\n|\n|t:|1698282376\n|switch|p2a: Roserade|Roserade, F, shiny|100\/100\n|turn|2\n|\n|t:|1698282392\n|-terastallize|p1a: Olivia|Normal\n|move|p2a: Roserade|Sludge Bomb|p1a: Olivia\n|-damage|p1a: Olivia|41\/100\n|move|p1b: Frossbit|Ice Spinner|p2a: Roserade\n|-supereffective|p2a: Roserade\n|-damage|p2a: Roserade|0 fnt\n|-fieldend|move: Grassy Terrain\n|faint|p2a: Roserade\n|move|p2b: Milotic|Muddy Water|p1b: Frossbit|[spread] p1a,p1b\n|-damage|p1a: Olivia|20\/100\n|-damage|p1b: Frossbit|56\/100\n|-fieldstart|move: Grassy Terrain|[from] ability: Seed Sower|[of] p1a: Olivia\n|move|p1a: Olivia|Giga Drain|p2b: Milotic\n|-supereffective|p2b: Milotic\n|-damage|p2b: Milotic|3\/100 brn\n|-heal|p1a: Olivia|60\/100|[from] drain|[of] p2b: Milotic\n|\n|-heal|p1b: Frossbit|62\/100|[from] Grassy Terrain\n|-heal|p2b: Milotic|9\/100 brn|[from] Grassy Terrain\n|-heal|p1a: Olivia|66\/100|[from] Grassy Terrain\n|-heal|p1a: Olivia|72\/100|[from] item: Leftovers\n|-damage|p2b: Milotic|3\/100 brn|[from] brn\n|upkeep\n|\n|t:|1698282399\n|switch|p2a: Gardevoir|Gardevoir, F, shiny|100\/100\n|-ability|p2a: Gardevoir|Sword of Ruin\n|-ability|p2a: Gardevoir|Sword of Ruin|[from] ability: Trace|[of] p1b: Frossbit\n|turn|3\n|\n|t:|1698282422\n|switch|p2b: Togekiss|Togekiss, F, shiny|100\/100\n|move|p1b: Frossbit|Protect|p1b: Frossbit\n|-singleturn|p1b: Frossbit|Protect\n|move|p2a: Gardevoir|Moonblast|p1b: Frossbit\n|-activate|p1b: Frossbit|move: Protect\n|move|p1a: Olivia|Hyper Voice|p2a: Gardevoir|[spread] p2a,p2b\n|-damage|p2a: Gardevoir|56\/100\n|-damage|p2b: Togekiss|58\/100\n|\n|-heal|p2a: Gardevoir|62\/100|[from] Grassy Terrain\n|-heal|p1b: Frossbit|68\/100|[from] Grassy Terrain\n|-heal|p1a: Olivia|78\/100|[from] Grassy Terrain\n|-heal|p1a: Olivia|84\/100|[from] item: Leftovers\n|upkeep\n|turn|4\n|\n|t:|1698282436\n|switch|p1b: Wildfire|Armarouge, M|100\/100\n|move|p2a: Gardevoir|Moonblast|p1b: Wildfire\n|-resisted|p1b: Wildfire\n|-damage|p1b: Wildfire|80\/100\n|move|p2b: Togekiss|Air Slash|p1a: Olivia\n|-damage|p1a: Olivia|51\/100\n|cant|p1a: Olivia|flinch\n|\n|-heal|p2a: Gardevoir|68\/100|[from] Grassy Terrain\n|-heal|p1b: Wildfire|86\/100|[from] Grassy Terrain\n|-heal|p1a: Olivia|57\/100|[from] Grassy Terrain\n|-heal|p1a: Olivia|63\/100|[from] item: Leftovers\n|upkeep\n|turn|5\n|\n|t:|1698282450\n|move|p2a: Gardevoir|Moonblast|p1a: Olivia\n|-damage|p1a: Olivia|20\/100\n|move|p2b: Togekiss|Air Slash|p1b: Wildfire\n|-damage|p1b: Wildfire|53\/100\n|move|p1a: Olivia|Hyper Voice|p2a: Gardevoir|[spread] p2a,p2b\n|-damage|p2a: Gardevoir|22\/100\n|-damage|p2b: Togekiss|18\/100\n|move|p1b: Wildfire|Trick Room|p1b: Wildfire\n|-fieldstart|move: Trick Room|[of] p1b: Wildfire\n|\n|-heal|p1a: Olivia|26\/100|[from] Grassy Terrain\n|-heal|p1a: Olivia|32\/100|[from] item: Leftovers\n|-heal|p1b: Wildfire|59\/100|[from] Grassy Terrain\n|-heal|p2a: Gardevoir|28\/100|[from] Grassy Terrain\n|upkeep\n|turn|6\n|-message|Thaledi forfeited.\n|\n|win|fumbari 24\n|raw|fumbari 24's rating: 1452 &rarr; <strong>1465<\/strong><br \/>(+13 for winning)\n|raw|Thaledi's rating: 1321 &rarr; <strong>1308<\/strong><br \/>(-13 for losing)\n|l|\u2606Thaledi\n","uploadtime":1698282461,"views":12,"p1id":"fumbari24","p2id":"thaledi","formatid":"gen9nationaldexdoubles","rating":1308,"private":0,"password":""}