{"id":"gen9nationaldexdoubles-1970798474","p1":"Mykewea","p2":"solrack2008","format":"[Gen 9] National Dex Doubles","log":"|j|\u2606Mykewea\n|j|\u2606solrack2008\n|t:|1697668235\n|gametype|doubles\n|player|p1|Mykewea|169|\n|player|p2|solrack2008|iris|\n|teamsize|p1|6\n|teamsize|p2|6\n|gen|9\n|tier|[Gen 9] National Dex Doubles\n|rule|HP Percentage Mod: HP is shown in percentages\n|rule|Endless Battle Clause: Forcing endless battles is banned\n|rule|OHKO Clause: OHKO moves are banned\n|rule|Evasion Moves Clause: Evasion moves are banned\n|rule|Evasion Abilities Clause: Evasion abilities are banned\n|rule|Species Clause: Limit one of each Pok\u00e9mon\n|rule|Gravity Sleep Clause: The combination of sleep-inducing moves with imperfect accuracy and Gravity or Gigantamax Orbeetle are banned\n|clearpoke\n|poke|p1|Absol, M|\n|poke|p1|Delphox, M|\n|poke|p1|Meowstic, M|\n|poke|p1|Altaria, F|\n|poke|p1|Pangoro, F|\n|poke|p1|Rhyperior, F|\n|poke|p2|Aggron, F|\n|poke|p2|Dragonite, M|\n|poke|p2|Lapras, M|\n|poke|p2|Druddigon, F|\n|poke|p2|Haxorus, F|\n|poke|p2|Hydreigon, M|\n|teampreview\n|inactive|Battle timer is ON: inactive players will automatically lose when time's up. (requested by Mykewea)\n|\n|t:|1697668255\n|start\n|switch|p1a: Meowstic|Meowstic, M|100\/100\n|switch|p1b: Delphox|Delphox, M|100\/100\n|switch|p2a: Druddigon|Druddigon, F|100\/100\n|switch|p2b: Haxorus|Haxorus, F|100\/100\n|-ability|p2b: Haxorus|Mold Breaker\n|turn|1\n|\n|t:|1697668280\n|move|p1a: Meowstic|Fake Out|p2b: Haxorus\n|-damage|p2b: Haxorus|94\/100\n|cant|p2b: Haxorus|flinch\n|move|p2a: Druddigon|Dragon Tail|p1b: Delphox\n|-damage|p1b: Delphox|61\/100\n|drag|p1b: Pangoro|Pangoro, F|100\/100\n|-ability|p1b: Pangoro|Mold Breaker\n|\n|upkeep\n|turn|2\n|j| OEEM67\n|\n|t:|1697668308\n|move|p1a: Meowstic|Reflect|p1a: Meowstic\n|-sidestart|p1: Mykewea|Reflect\n|move|p2b: Haxorus|Dragon Dance|p2b: Haxorus\n|-boost|p2b: Haxorus|atk|1\n|-boost|p2b: Haxorus|spe|1\n|move|p1b: Pangoro|Power-Up Punch|p2b: Haxorus\n|-damage|p2b: Haxorus|65\/100\n|-boost|p1b: Pangoro|atk|1\n|move|p2a: Druddigon|Dragon Tail|p1b: Pangoro\n|-damage|p1b: Pangoro|76\/100\n|drag|p1b: Absol|Absol, M|100\/100\n|\n|upkeep\n|turn|3\n|\n|t:|1697668332\n|detailschange|p1b: Absol|Absol-Mega, M\n|-mega|p1b: Absol|Absol|Absolite\n|move|p2b: Haxorus|Close Combat|p1b: Absol\n|-supereffective|p1b: Absol\n|-damage|p1b: Absol|0 fnt\n|-unboost|p2b: Haxorus|def|1\n|-unboost|p2b: Haxorus|spd|1\n|faint|p1b: Absol\n|move|p1a: Meowstic|Psychic|p2b: Haxorus\n|-damage|p2b: Haxorus|0 fnt\n|faint|p2b: Haxorus\n|move|p2a: Druddigon|Glare|p1a: Meowstic\n|-status|p1a: Meowstic|par\n|\n|upkeep\n|\n|t:|1697668349\n|switch|p2b: Hydreigon|Hydreigon, M|100\/100\n|switch|p1b: Delphox|Delphox, M|61\/100\n|turn|4\n|\n|t:|1697668360\n|cant|p1a: Meowstic|par\n|move|p2b: Hydreigon|U-turn|p1a: Meowstic\n|-supereffective|p1a: Meowstic\n|-damage|p1a: Meowstic|69\/100 par\n|\n|t:|1697668366\n|switch|p2b: Lapras|Lapras, M|100\/100|[from] U-turn\n|move|p2a: Druddigon|Glare|p1b: Delphox\n|-status|p1b: Delphox|par\n|cant|p1b: Delphox|par\n|\n|-heal|p1b: Delphox|67\/100 par|[from] item: Leftovers\n|upkeep\n|turn|5\n|\n|t:|1697668389\n|switch|p1a: Pangoro|Pangoro, F|76\/100\n|-ability|p1a: Pangoro|Mold Breaker\n|move|p2b: Lapras|Surf|p1a: Pangoro|[spread] p2a,p1a,p1b\n|-resisted|p2a: Druddigon\n|-supereffective|p1b: Delphox\n|-damage|p2a: Druddigon|90\/100\n|-damage|p1a: Pangoro|52\/100\n|-damage|p1b: Delphox|28\/100 par\n|move|p2a: Druddigon|Stealth Rock|p1b: Delphox\n|-sidestart|p1: Mykewea|move: Stealth Rock\n|move|p1b: Delphox|Trick Room|p1b: Delphox\n|-fieldstart|move: Trick Room|[of] p1b: Delphox\n|\n|-heal|p1b: Delphox|34\/100 par|[from] item: Leftovers\n|upkeep\n|turn|6\n|\n|t:|1697668410\n|move|p2a: Druddigon|Sucker Punch|p1a: Pangoro\n|-resisted|p1a: Pangoro\n|-damage|p1a: Pangoro|48\/100\n|move|p1a: Pangoro|Drain Punch|p2b: Lapras\n|-supereffective|p2b: Lapras\n|-damage|p2b: Lapras|25\/100\n|-heal|p1a: Pangoro|92\/100|[from] drain|[of] p2b: Lapras\n|move|p2b: Lapras|Surf|p1b: Delphox|[spread] p2a,p1a,p1b\n|-resisted|p2a: Druddigon\n|-supereffective|p1b: Delphox\n|-damage|p2a: Druddigon|79\/100\n|-damage|p1a: Pangoro|71\/100\n|-damage|p1b: Delphox|0 fnt\n|faint|p1b: Delphox\n|\n|-heal|p2b: Lapras|31\/100|[from] item: Leftovers\n|upkeep\n|\n|t:|1697668422\n|switch|p1b: Rhyperior|Rhyperior, F|100\/100\n|-damage|p1b: Rhyperior|94\/100|[from] Stealth Rock\n|turn|7\n|\n|t:|1697668431\n|-terastallize|p1b: Rhyperior|Ice\n|move|p2b: Lapras|Protect|p2b: Lapras\n|-singleturn|p2b: Lapras|Protect\n|move|p1b: Rhyperior|Ice Punch|p2a: Druddigon\n|-supereffective|p2a: Druddigon\n|-damage|p2a: Druddigon|0 fnt\n|-damage|p1b: Rhyperior|82\/100|[from] ability: Rough Skin|[of] p2a: Druddigon\n|-damage|p1b: Rhyperior|65\/100|[from] item: Rocky Helmet|[of] p2a: Druddigon\n|faint|p2a: Druddigon\n|move|p1a: Pangoro|Power-Up Punch|p2b: Lapras\n|-activate|p2b: Lapras|move: Protect\n|\n|-heal|p2b: Lapras|38\/100|[from] item: Leftovers\n|upkeep\n|\n|t:|1697668447\n|switch|p2a: Dragonite|Dragonite, M|100\/100\n|turn|8\n|\n|t:|1697668464\n|move|p1a: Pangoro|Bullet Punch|p2a: Dragonite\n|-damage|p2a: Dragonite|81\/100\n|move|p1b: Rhyperior|Rock Slide|p2a: Dragonite|[spread] p2a,p2b\n|-supereffective|p2a: Dragonite\n|-supereffective|p2b: Lapras\n|-crit|p2b: Lapras\n|-damage|p2a: Dragonite|2\/100\n|-damage|p2b: Lapras|0 fnt\n|faint|p2b: Lapras\n|cant|p2a: Dragonite|flinch\n|\n|upkeep\n|\n|t:|1697668473\n|switch|p2b: Aggron|Aggron, F|100\/100\n|turn|9\n|\n|t:|1697668490\n|detailschange|p2b: Aggron|Aggron-Mega, F\n|-mega|p2b: Aggron|Aggron|Aggronite\n|move|p2a: Dragonite|Extreme Speed|p1a: Pangoro\n|-damage|p1a: Pangoro|43\/100\n|-damage|p2a: Dragonite|0 fnt|[from] item: Life Orb\n|faint|p2a: Dragonite\n|move|p1b: Rhyperior|Ice Punch|p2b: Aggron\n|-resisted|p2b: Aggron\n|-damage|p2b: Aggron|89\/100\n|move|p1a: Pangoro|Power-Up Punch|p2b: Aggron\n|-supereffective|p2b: Aggron\n|-damage|p2b: Aggron|70\/100\n|-boost|p1a: Pangoro|atk|1\n|move|p2b: Aggron|Heavy Slam|p1b: Rhyperior\n|-supereffective|p1b: Rhyperior\n|-damage|p1b: Rhyperior|49\/100\n|\n|-sideend|p1: Mykewea|Reflect\n|-fieldend|move: Trick Room\n|upkeep\n|\n|t:|1697668505\n|switch|p2a: Hydreigon|Hydreigon, M|100\/100\n|turn|10\n|\n|t:|1697668521\n|move|p2a: Hydreigon|Flamethrower|p1b: Rhyperior\n|-supereffective|p1b: Rhyperior\n|-damage|p1b: Rhyperior|13\/100\n|move|p2b: Aggron|Heavy Slam|p1a: Pangoro\n|-damage|p1a: Pangoro|2\/100\n|move|p1a: Pangoro|Drain Punch|p2b: Aggron\n|-supereffective|p2b: Aggron\n|-damage|p2b: Aggron|10\/100\n|-heal|p1a: Pangoro|28\/100|[from] drain|[of] p2b: Aggron\n|move|p1b: Rhyperior|Ice Punch|p2a: Hydreigon\n|-supereffective|p2a: Hydreigon\n|-damage|p2a: Hydreigon|0 fnt\n|faint|p2a: Hydreigon\n|\n|upkeep\n|turn|11\n|\n|t:|1697668534\n|move|p2b: Aggron|Rock Slide|p1a: Pangoro|[spread] p1a,p1b\n|-resisted|p1a: Pangoro\n|-supereffective|p1b: Rhyperior\n|-damage|p1a: Pangoro|16\/100\n|-damage|p1b: Rhyperior|0 fnt\n|faint|p1b: Rhyperior\n|cant|p1a: Pangoro|flinch\n|\n|upkeep\n|\n|t:|1697668541\n|switch|p1b: Altaria|Altaria, F|100\/100\n|-damage|p1b: Altaria|76\/100|[from] Stealth Rock\n|turn|12\n|\n|t:|1697668552\n|move|p1b: Altaria|Hurricane|p2b: Aggron\n|-resisted|p2b: Aggron\n|-damage|p2b: Aggron|0 fnt\n|faint|p2b: Aggron\n|-damage|p1b: Altaria|66\/100|[from] item: Life Orb\n|\n|win|Mykewea\n|l|\u2606Mykewea\n|l|\u2606solrack2008\n|j|\u2606Mykewea\n|player|p1|Mykewea|169\n","uploadtime":1697668560,"views":15,"p1id":"mykewea","p2id":"solrack2008","formatid":"gen9nationaldexdoubles","rating":0,"private":0,"password":""}