{"id":"gen9nationaldexdoubles-1981711988","p1":"NatsumiChan2","p2":"AdvancedDigit","format":"[Gen 9] National Dex Doubles","log":"|j|\u2606NatsumiChan2\n|j|\u2606AdvancedDigit\n|t:|1698935785\n|gametype|doubles\n|player|p1|NatsumiChan2|backersf|1325\n|player|p2|AdvancedDigit|hilbert-wonderlauncher|1412\n|teamsize|p1|6\n|teamsize|p2|6\n|gen|9\n|tier|[Gen 9] National Dex Doubles\n|rated|\n|rule|HP Percentage Mod: HP is shown in percentages\n|rule|Endless Battle Clause: Forcing endless battles is banned\n|rule|OHKO Clause: OHKO moves are banned\n|rule|Evasion Moves Clause: Evasion moves are banned\n|rule|Evasion Abilities Clause: Evasion abilities are banned\n|rule|Species Clause: Limit one of each Pok\u00e9mon\n|rule|Gravity Sleep Clause: The combination of sleep-inducing moves with imperfect accuracy and Gravity or Gigantamax Orbeetle are banned\n|clearpoke\n|poke|p1|Gardevoir, F|\n|poke|p1|Lilligant, F|\n|poke|p1|Primarina, F|\n|poke|p1|Lopunny, F|\n|poke|p1|Ogerpon-Hearthflame, F|\n|poke|p1|Murkrow, F|\n|poke|p2|Lilligant-Hisui, F|\n|poke|p2|Tornadus, M|\n|poke|p2|Malamar, M|\n|poke|p2|Gothitelle, F|\n|poke|p2|Charizard, F|\n|poke|p2|Garchomp, F|\n|teampreview\n|inactive|Battle timer is ON: inactive players will automatically lose when time's up. (requested by NatsumiChan2)\n|c|\u2606NatsumiChan2|Have fun\n|c|\u2606AdvancedDigit|u 2\n|c|\u2606NatsumiChan2|Tysm\n|c|\u2606NatsumiChan2|Cool team btw\n|c|\u2606AdvancedDigit|ty lol\n|c|\u2606AdvancedDigit|u too\n|\n|t:|1698935812\n|start\n|switch|p1a: Blossom|Lilligant, F, shiny|100\/100\n|switch|p1b: Murkrow|Murkrow, F|100\/100\n|switch|p2a: Tornadus|Tornadus, M|100\/100\n|switch|p2b: Malamar|Malamar, M|100\/100\n|turn|1\n|c|\u2606NatsumiChan2|ty\n|\n|t:|1698935827\n|move|p1b: Murkrow|Tailwind|p1b: Murkrow\n|-sidestart|p1: NatsumiChan2|move: Tailwind\n|move|p1a: Blossom|Attract|p2b: Malamar\n|-start|p2b: Malamar|Attract\n|move|p2a: Tornadus|Icy Wind|p1b: Murkrow|[spread] p1a,p1b\n|-supereffective|p1a: Blossom\n|-supereffective|p1b: Murkrow\n|-damage|p1a: Blossom|70\/100\n|-damage|p1b: Murkrow|77\/100\n|-unboost|p1a: Blossom|spe|1\n|-unboost|p1b: Murkrow|spe|1\n|-activate|p2b: Malamar|move: Attract|[of] p1a: Blossom\n|move|p2b: Malamar|Superpower|p1a: Blossom\n|-damage|p1a: Blossom|29\/100\n|-boost|p2b: Malamar|atk|1\n|-boost|p2b: Malamar|def|1\n|\n|-heal|p1a: Blossom|35\/100|[from] item: Leftovers\n|upkeep\n|turn|2\n|c|\u2606AdvancedDigit|woah never seen attract used beforee\n|\n|t:|1698935856\n|move|p2a: Tornadus|Bleakwind Storm|p1b: Murkrow|[spread] p1a,p1b\n|-supereffective|p1a: Blossom\n|-damage|p1a: Blossom|0 fnt\n|-damage|p1b: Murkrow|48\/100\n|faint|p1a: Blossom\n|-end|p2b: Malamar|Attract|[silent]\n|move|p1b: Murkrow|Foul Play|p2b: Malamar\n|-damage|p2b: Malamar|57\/100\n|move|p2b: Malamar|Rock Slide|p1b: Murkrow\n|-supereffective|p1b: Murkrow\n|-damage|p1b: Murkrow|0 fnt\n|faint|p1b: Murkrow\n|\n|-heal|p2b: Malamar|63\/100|[from] item: Leftovers\n|upkeep\n|inactive|NatsumiChan2 has 120 seconds left.\n|c|\u2606NatsumiChan2|Well I think I'm the inly player that use attract in national dex doubles\n|c|\u2606AdvancedDigit|probably lol\n|inactive|NatsumiChan2 has 90 seconds left.\n|c|\u2606NatsumiChan2|I haven't seen anyone using attract\n|\n|t:|1698935924\n|switch|p1b: Primarina|Primarina, F|100\/100\n|switch|p1a: Princess|Gardevoir, F, shiny|100\/100\n|turn|3\n|\n|t:|1698935936\n|detailschange|p1a: Princess|Gardevoir-Mega, F, shiny\n|-mega|p1a: Princess|Gardevoir|Gardevoirite\n|move|p2b: Malamar|Protect|p2b: Malamar\n|-singleturn|p2b: Malamar|Protect\n|move|p1a: Princess|Hyper Voice|p2b: Malamar|[spread] p2a\n|-activate|p2b: Malamar|move: Protect\n|-damage|p2a: Tornadus|37\/100\n|move|p2a: Tornadus|Icy Wind|p1a: Princess|[spread] p1a,p1b\n|-resisted|p1b: Primarina\n|-damage|p1a: Princess|88\/100\n|-damage|p1b: Primarina|94\/100\n|-unboost|p1a: Princess|spe|1\n|-unboost|p1b: Primarina|spe|1\n|move|p1b: Primarina|Attract|p2a: Tornadus\n|-start|p2a: Tornadus|Attract\n|\n|-heal|p2a: Tornadus|43\/100|[from] item: Leftovers\n|-heal|p1b: Primarina|99\/100|[from] item: Leftovers\n|-heal|p2b: Malamar|69\/100|[from] item: Leftovers\n|upkeep\n|turn|4\n|\n|t:|1698935957\n|-activate|p2a: Tornadus|move: Attract|[of] p1b: Primarina\n|move|p2a: Tornadus|Tailwind|p2a: Tornadus\n|-sidestart|p2: AdvancedDigit|move: Tailwind\n|move|p1a: Princess|Hyper Voice|p2a: Tornadus|[spread] p2a,p2b\n|-supereffective|p2b: Malamar\n|-damage|p2a: Tornadus|0 fnt\n|-damage|p2b: Malamar|0 fnt\n|faint|p2a: Tornadus\n|faint|p2b: Malamar\n|move|p1b: Primarina|Moonblast|p2: Tornadus|[notarget]\n|-fail|p1b: Primarina\n|\n|-heal|p1b: Primarina|100\/100|[from] item: Leftovers\n|-sideend|p1: NatsumiChan2|move: Tailwind\n|upkeep\n|c|\u2606AdvancedDigit|damn i really thought id outspeed LOL\n|\n|t:|1698935969\n|switch|p2a: Lilligant|Lilligant-Hisui, F|100\/100\n|switch|p2b: Charizard|Charizard, F|100\/100\n|turn|5\n|inactive|NatsumiChan2 has 120 seconds left.\n|c|\u2606NatsumiChan2|Your mege cloro\n|c|\u2606AdvancedDigit|i guess u could say that..\n|c|\u2606NatsumiChan2|yesh thats game i don't have a good match up\n|c|\u2606NatsumiChan2|Mega*\n|c|\u2606NatsumiChan2|Yeah*\n|\n|t:|1698936007\n|detailschange|p2b: Charizard|Charizard-Mega-Y, F\n|-mega|p2b: Charizard|Charizard|Charizardite Y\n|-weather|SunnyDay|[from] ability: Drought|[of] p2b: Charizard\n|move|p2a: Lilligant|Entrainment|p2b: Charizard\n|-endability|p2b: Charizard|Drought|[from] move: Entrainment\n|-ability|p2b: Charizard|Chlorophyll|[from] move: Entrainment\n|move|p2b: Charizard|Heat Wave|p1a: Princess|[spread] p1a,p1b\n|-resisted|p1b: Primarina\n|-damage|p1a: Princess|25\/100\n|-damage|p1b: Primarina|71\/100\n|move|p1a: Princess|Hyper Voice|p2b: Charizard|[spread] p2a,p2b\n|-supereffective|p2a: Lilligant\n|-resisted|p2b: Charizard\n|-damage|p2a: Lilligant|0 fnt\n|-damage|p2b: Charizard|78\/100\n|faint|p2a: Lilligant\n|move|p1b: Primarina|Moonblast|p2b: Charizard\n|-resisted|p2b: Charizard\n|-damage|p2b: Charizard|53\/100\n|\n|-weather|SunnyDay|[upkeep]\n|-heal|p1b: Primarina|77\/100|[from] item: Leftovers\n|upkeep\n|\n|t:|1698936018\n|switch|p2a: Gothitelle|Gothitelle, F|100\/100\n|turn|6\n|c|\u2606NatsumiChan2|Holy\n|inactive|NatsumiChan2 has 120 seconds left.\n|c|\u2606NatsumiChan2|Cloro tailwind\n|c|\u2606NatsumiChan2|....\n|c|\u2606AdvancedDigit|hold up\n|\n|t:|1698936044\n|move|p2a: Gothitelle|Fake Out|p1b: Primarina\n|-damage|p1b: Primarina|71\/100\n|move|p2b: Charizard|Heat Wave|p1b: Primarina|[spread] p1a,p1b\n|-resisted|p1b: Primarina\n|-damage|p1a: Princess|0 fnt\n|-damage|p1b: Primarina|37\/100\n|faint|p1a: Princess\n|cant|p1b: Primarina|flinch\n|\n|-weather|SunnyDay|[upkeep]\n|-heal|p1b: Primarina|43\/100|[from] item: Leftovers\n|upkeep\n|\n|t:|1698936056\n|switch|p1a: Ogerpon|Ogerpon-Hearthflame, F|100\/100\n|-ability|p1a: Ogerpon|Mold Breaker\n|turn|7\n|\n|t:|1698936072\n|move|p2b: Charizard|Heat Wave|p1b: Primarina|[spread] p1a,p1b\n|-resisted|p1b: Primarina\n|-damage|p1a: Ogerpon|18\/100\n|-damage|p1b: Primarina|14\/100\n|move|p1a: Ogerpon|Ivy Cudgel|p2b: Charizard\n|-resisted|p2b: Charizard\n|-damage|p2b: Charizard|0 fnt\n|faint|p2b: Charizard\n|move|p2a: Gothitelle|Shadow Ball|p1b: Primarina\n|-damage|p1b: Primarina|0 fnt\n|faint|p1b: Primarina\n|\n|-weather|SunnyDay|[upkeep]\n|-sideend|p2: AdvancedDigit|move: Tailwind\n|upkeep\n|c|\u2606NatsumiChan2|I'm testing this team I still have to change somethings\n|\n|t:|1698936090\n|switch|p2b: Garchomp|Garchomp, F|100\/100\n|switch|p1b: Lopunny|Lopunny, F, shiny|100\/100\n|turn|8\n|\n|t:|1698936101\n|-terastallize|p1a: Ogerpon|Fire\n|detailschange|p1a: Ogerpon|Ogerpon-Hearthflame-Tera, F, tera:Fire\n|-ability|p1a: Ogerpon|Embody Aspect (Hearthflame)|boost\n|-boost|p1a: Ogerpon|atk|1\n|move|p2b: Garchomp|Protect|p2b: Garchomp\n|-singleturn|p2b: Garchomp|Protect\n|move|p1a: Ogerpon|Knock Off|p2a: Gothitelle\n|-supereffective|p2a: Gothitelle\n|-damage|p2a: Gothitelle|0 fnt\n|-enditem|p2a: Gothitelle|Leftovers|[from] move: Knock Off|[of] p1a: Ogerpon\n|faint|p2a: Gothitelle\n|move|p1b: Lopunny|Triple Axel|p2b: Garchomp\n|-activate|p2b: Garchomp|move: Protect\n|\n|-weather|SunnyDay|[upkeep]\n|upkeep\n|turn|9\n|c|\u2606AdvancedDigit|I think I sold lol\n|c|\u2606AdvancedDigit|gg\n|inactive|NatsumiChan2 has 120 seconds left.\n|\n|t:|1698936152\n|move|p1a: Ogerpon|Knock Off|p2b: Garchomp\n|-damage|p2b: Garchomp|43\/100\n|-damage|p1a: Ogerpon|5\/100|[from] ability: Rough Skin|[of] p2b: Garchomp\n|-enditem|p2b: Garchomp|Expert Belt|[from] move: Knock Off|[of] p1a: Ogerpon\n|move|p2b: Garchomp|Earthquake|p1a: Ogerpon|[spread] p1a,p1b\n|-supereffective|p1a: Ogerpon\n|-damage|p1a: Ogerpon|0 fnt\n|-damage|p1b: Lopunny|49\/100\n|faint|p1a: Ogerpon\n|move|p1b: Lopunny|Triple Axel|p2b: Garchomp|[miss]\n|-miss|p1b: Lopunny|p2b: Garchomp\n|\n|-weather|none\n|upkeep\n|turn|10\n|inactive|NatsumiChan2 has 120 seconds left.\n|c|\u2606AdvancedDigit|Oh my god\n|\n|t:|1698936189\n|-terastallize|p2b: Garchomp|Steel\n|move|p2b: Garchomp|Iron Head|p1b: Lopunny\n|-damage|p1b: Lopunny|0 fnt\n|faint|p1b: Lopunny\n|\n|win|AdvancedDigit\n|raw|NatsumiChan2's rating: 1335 &rarr; <strong>1319<\/strong><br \/>(-16 for losing)\n|raw|AdvancedDigit's rating: 1412 &rarr; <strong>1428<\/strong><br \/>(+16 for winning)\n|c|\u2606NatsumiChan2|ggwp\n|c|\u2606AdvancedDigit|Oh my god\n|c|\u2606NatsumiChan2|You almost lost\n|c|\u2606AdvancedDigit|gg You should\u2019ve won\n|c|\u2606NatsumiChan2|it was fun\n","uploadtime":1698936203,"views":9,"p1id":"natsumichan2","p2id":"advanceddigit","formatid":"gen9nationaldexdoubles","rating":1319,"private":0,"password":""}