{"id":"gen9nationaldexdoubles-1999665933","p1":"bignutta","p2":"AdvancedDigit","format":"[Gen 9] National Dex Doubles","log":"|j|\u2606bignutta\n|j|\u2606AdvancedDigit\n|t:|1701105971\n|gametype|doubles\n|player|p1|bignutta|brycenman|1052\n|player|p2|AdvancedDigit|hilbert|1100\n|teamsize|p1|6\n|teamsize|p2|6\n|gen|9\n|tier|[Gen 9] National Dex Doubles\n|rated|\n|rule|HP Percentage Mod: HP is shown in percentages\n|rule|Endless Battle Clause: Forcing endless battles is banned\n|rule|OHKO Clause: OHKO moves are banned\n|rule|Evasion Moves Clause: Evasion moves are banned\n|rule|Evasion Abilities Clause: Evasion abilities are banned\n|rule|Species Clause: Limit one of each Pok\u00e9mon\n|rule|Gravity Sleep Clause: The combination of sleep-inducing moves with imperfect accuracy and Gravity or Gigantamax Orbeetle are banned\n|clearpoke\n|poke|p1|Persian-Alola, M|\n|poke|p1|Flamigo, M|\n|poke|p1|Illumise, F|\n|poke|p1|Indeedee-F, F|\n|poke|p1|Maushold-Four|\n|poke|p1|Hatterene, F|\n|poke|p2|Grimmsnarl, M|\n|poke|p2|Flutter Mane|\n|poke|p2|Sylveon, M|\n|poke|p2|Klefki, M|\n|poke|p2|Chien-Pao|\n|poke|p2|Mr. Mime, M|\n|teampreview\n|inactive|Battle timer is ON: inactive players will automatically lose when time's up. (requested by bignutta)\n|\n|t:|1701105978\n|start\n|switch|p1a: Persian|Persian-Alola, M, shiny|100\/100\n|switch|p1b: Illumise|Illumise, F, shiny|100\/100\n|switch|p2a: Grimmsnarl|Grimmsnarl, M|100\/100\n|switch|p2b: Mr. Mime|Mr. Mime, M|100\/100\n|turn|1\n|\n|t:|1701105996\n|move|p1a: Persian|Endure|p1a: Persian\n|-singleturn|p1a: Persian|move: Endure\n|move|p2b: Mr. Mime|Fake Out|p1b: Illumise\n|-damage|p1b: Illumise|96\/100\n|move|p2a: Grimmsnarl|Bulk Up|p2a: Grimmsnarl\n|-boost|p2a: Grimmsnarl|atk|1\n|-boost|p2a: Grimmsnarl|def|1\n|cant|p1b: Illumise|flinch\n|\n|-heal|p1b: Illumise|100\/100|[from] item: Leftovers\n|upkeep\n|turn|2\n|\n|t:|1701106015\n|move|p1a: Persian|Hyper Voice|p2a: Grimmsnarl|[spread] p2a,p2b\n|-damage|p2a: Grimmsnarl|83\/100\n|-damage|p2b: Mr. Mime|85\/100\n|move|p2b: Mr. Mime|Thunder Wave|p1b: Illumise\n|-status|p1b: Illumise|par\n|move|p2a: Grimmsnarl|Spirit Break|p1a: Persian\n|-supereffective|p1a: Persian\n|-damage|p1a: Persian|0 fnt\n|faint|p1a: Persian\n|move|p1b: Illumise|U-turn|p1: Persian|[notarget]\n|-fail|p1b: Illumise\n|\n|-heal|p2b: Mr. Mime|91\/100|[from] item: Leftovers\n|upkeep\n|\n|t:|1701106034\n|switch|p1a: Hatterene|Hatterene, F|100\/100\n|turn|3\n|\n|t:|1701106043\n|move|p2b: Mr. Mime|Follow Me|p2b: Mr. Mime\n|-singleturn|p2b: Mr. Mime|move: Follow Me\n|move|p1b: Illumise|Thunder Wave|p2b: Mr. Mime\n|-status|p2b: Mr. Mime|par\n|move|p2a: Grimmsnarl|Spirit Break|p1a: Hatterene\n|-crit|p1a: Hatterene\n|-damage|p1a: Hatterene|2\/100\n|-unboost|p1a: Hatterene|spa|1\n|move|p1a: Hatterene|Light Screen|p1a: Hatterene\n|-sidestart|p1: bignutta|move: Light Screen\n|\n|-heal|p2b: Mr. Mime|97\/100 par|[from] item: Leftovers\n|-heal|p1a: Hatterene|8\/100|[from] item: Leftovers\n|upkeep\n|turn|4\n|\n|t:|1701106068\n|move|p2b: Mr. Mime|Follow Me|p2b: Mr. Mime\n|-singleturn|p2b: Mr. Mime|move: Follow Me\n|move|p1b: Illumise|Encore|p2b: Mr. Mime\n|-start|p2b: Mr. Mime|Encore\n|move|p2a: Grimmsnarl|Spirit Break|p1a: Hatterene\n|-damage|p1a: Hatterene|0 fnt\n|faint|p1a: Hatterene\n|\n|-heal|p2b: Mr. Mime|100\/100 par|[from] item: Leftovers\n|upkeep\n|inactive|bignutta has 120 seconds left.\n|\n|t:|1701106088\n|switch|p1a: Maushold|Maushold-Four|100\/100\n|turn|5\n|\n|t:|1701106107\n|move|p2b: Mr. Mime|Follow Me|p2b: Mr. Mime\n|-singleturn|p2b: Mr. Mime|move: Follow Me\n|move|p1a: Maushold|Tidy Up|p1a: Maushold\n|-boost|p1a: Maushold|atk|1\n|-boost|p1a: Maushold|spe|1\n|move|p2a: Grimmsnarl|Drain Punch|p1a: Maushold\n|-supereffective|p1a: Maushold\n|-damage|p1a: Maushold|0 fnt\n|-heal|p2a: Grimmsnarl|100\/100|[from] drain|[of] p1a: Maushold\n|faint|p1a: Maushold\n|cant|p1b: Illumise|par\n|\n|upkeep\n|-message|bignutta forfeited.\n|\n|win|AdvancedDigit\n|raw|bignutta's rating: 1052 &rarr; <strong>1037<\/strong><br \/>(-15 for losing)\n|raw|AdvancedDigit's rating: 1100 &rarr; <strong>1122<\/strong><br \/>(+22 for winning)\n|l|\u2606bignutta\n","uploadtime":1701106121,"views":0,"p1id":"bignutta","p2id":"advanceddigit","formatid":"gen9nationaldexdoubles","rating":1037,"private":0,"password":""}