{"id":"gen9nationaldexdoubles-1962275471","p1":"SquidSpring","p2":"eragon11145","format":"[Gen 9] National Dex Doubles","log":"|j|\u2606SquidSpring\n|j|\u2606eragon11145\n|t:|1696725720\n|gametype|doubles\n|player|p1|SquidSpring|iono|\n|player|p2|eragon11145|#dwcopiii|\n|teamsize|p1|6\n|teamsize|p2|6\n|gen|9\n|tier|[Gen 9] National Dex Doubles\n|rated|Tournament battle\n|rule|HP Percentage Mod: HP is shown in percentages\n|rule|Endless Battle Clause: Forcing endless battles is banned\n|rule|OHKO Clause: OHKO moves are banned\n|rule|Evasion Moves Clause: Evasion moves are banned\n|rule|Evasion Abilities Clause: Evasion abilities are banned\n|rule|Species Clause: Limit one of each Pok\u00e9mon\n|rule|Gravity Sleep Clause: The combination of sleep-inducing moves with imperfect accuracy and Gravity or Gigantamax Orbeetle are banned\n|clearpoke\n|poke|p1|Rillaboom, M|\n|poke|p1|Tornadus, M|\n|poke|p1|Naganadel|\n|poke|p1|Marshadow|\n|poke|p1|Ogerpon-Hearthflame, F|\n|poke|p1|Kingambit, M|\n|poke|p2|Tyranitar, F|\n|poke|p2|Excadrill, F|\n|poke|p2|Tornadus, M|\n|poke|p2|Ogerpon, F|\n|poke|p2|Dracovish|\n|poke|p2|Flutter Mane|\n|teampreview\n|inactive|Battle timer is ON: inactive players will automatically lose when time's up. (requested by SquidSpring)\n|inactive|eragon11145 also wants the timer to be on.\n|j| cornpopbad\n|c|\u2606SquidSpring|glhf\n|c|\u2606eragon11145|u2\n|inactive|eragon11145 has 120 seconds left.\n|\n|t:|1696725769\n|start\n|switch|p1a: THE SMOKE|Marshadow|100\/100\n|switch|p1b: CANT SEE|Tornadus, M|100\/100\n|switch|p2a: Excadrill|Excadrill, F|100\/100\n|switch|p2b: Dracovish|Dracovish|100\/100\n|turn|1\n|inactive|eragon11145 has 120 seconds left.\n|inactive|eragon11145 has 90 seconds left.\n|\n|t:|1696725830\n|move|p2a: Excadrill|Protect|p2a: Excadrill\n|-singleturn|p2a: Excadrill|Protect\n|move|p1b: CANT SEE|Tailwind|p1b: CANT SEE\n|-sidestart|p1: SquidSpring|move: Tailwind\n|move|p1a: THE SMOKE|Close Combat|p2a: Excadrill\n|-activate|p2a: Excadrill|move: Protect\n|move|p2b: Dracovish|Fishious Rend|p1a: THE SMOKE\n|-damage|p1a: THE SMOKE|42\/100\n|-damage|p2b: Dracovish|91\/100|[from] item: Life Orb\n|\n|upkeep\n|turn|2\n|\n|t:|1696725846\n|switch|p2a: Tornadus|Tornadus, M|100\/100\n|move|p1a: THE SMOKE|Close Combat|p2a: Tornadus\n|-resisted|p2a: Tornadus\n|-crit|p2a: Tornadus\n|-damage|p2a: Tornadus|31\/100\n|-unboost|p1a: THE SMOKE|def|1\n|-unboost|p1a: THE SMOKE|spd|1\n|-damage|p1a: THE SMOKE|32\/100|[from] item: Life Orb\n|move|p1b: CANT SEE|Bleakwind Storm|p2a: Tornadus|[spread] p2a\n|-miss|p1b: CANT SEE|p2b: Dracovish\n|-damage|p2a: Tornadus|0 fnt\n|faint|p2a: Tornadus\n|move|p2b: Dracovish|Fishious Rend|p1a: THE SMOKE\n|-damage|p1a: THE SMOKE|0 fnt\n|faint|p1a: THE SMOKE\n|-damage|p2b: Dracovish|81\/100|[from] item: Life Orb\n|\n|upkeep\n|inactive|eragon11145 has 120 seconds left.\n|inactive|eragon11145 has 90 seconds left.\n|\n|t:|1696725882\n|switch|p1a: STARSCREAM|Naganadel, shiny|100\/100\n|switch|p2a: Tyranitar|Tyranitar, F|100\/100\n|-weather|Sandstorm|[from] ability: Sand Stream|[of] p2a: Tyranitar\n|turn|3\n|\n|t:|1696725893\n|detailschange|p2a: Tyranitar|Tyranitar-Mega, F\n|-mega|p2a: Tyranitar|Tyranitar|Tyranitarite\n|move|p2b: Dracovish|Protect|p2b: Dracovish\n|-singleturn|p2b: Dracovish|Protect\n|move|p1a: STARSCREAM|Draco Meteor|p2b: Dracovish\n|-activate|p2b: Dracovish|move: Protect\n|move|p1b: CANT SEE|Bleakwind Storm|p2b: Dracovish|[spread] p2a\n|-activate|p2b: Dracovish|move: Protect\n|-resisted|p2a: Tyranitar\n|-damage|p2a: Tyranitar|91\/100\n|-unboost|p2a: Tyranitar|spe|1\n|move|p2a: Tyranitar|Dragon Dance|p2a: Tyranitar\n|-boost|p2a: Tyranitar|atk|1\n|-boost|p2a: Tyranitar|spe|1\n|\n|-weather|Sandstorm|[upkeep]\n|-damage|p1a: STARSCREAM|95\/100|[from] Sandstorm\n|-damage|p1b: CANT SEE|94\/100|[from] Sandstorm\n|upkeep\n|turn|4\n|\n|t:|1696725912\n|move|p1b: CANT SEE|Taunt|p2a: Tyranitar\n|-hint|Since gen 7, Dark is immune to Prankster moves.\n|-immune|p2a: Tyranitar\n|move|p1a: STARSCREAM|Draco Meteor|p2b: Dracovish\n|-supereffective|p2b: Dracovish\n|-damage|p2b: Dracovish|0 fnt\n|-unboost|p1a: STARSCREAM|spa|2\n|faint|p2b: Dracovish\n|-ability|p1a: STARSCREAM|Beast Boost|boost\n|-boost|p1a: STARSCREAM|spe|1\n|-damage|p1a: STARSCREAM|85\/100|[from] item: Life Orb\n|move|p2a: Tyranitar|Rock Slide|p1a: STARSCREAM|[spread] p1a,p1b\n|-supereffective|p1b: CANT SEE\n|-damage|p1a: STARSCREAM|3\/100\n|-damage|p1b: CANT SEE|0 fnt\n|faint|p1b: CANT SEE\n|\n|-weather|Sandstorm|[upkeep]\n|-damage|p1a: STARSCREAM|0 fnt|[from] Sandstorm\n|faint|p1a: STARSCREAM\n|-sideend|p1: SquidSpring|move: Tailwind\n|upkeep\n|c|\u2606SquidSpring|im stupid\n|\n|t:|1696725939\n|switch|p1a: BA DUM TISS|Rillaboom, M|100\/100\n|switch|p1b: SQUIDWARDS HOUSE|Ogerpon-Hearthflame, F|100\/100\n|switch|p2b: Excadrill|Excadrill, F|100\/100\n|-ability|p1b: SQUIDWARDS HOUSE|Mold Breaker\n|-fieldstart|move: Grassy Terrain|[from] ability: Grassy Surge|[of] p1a: BA DUM TISS\n|turn|5\n|\n|t:|1696725950\n|switch|p2b: Ogerpon|Ogerpon, F|100\/100\n|move|p2a: Tyranitar|Protect|p2a: Tyranitar\n|-singleturn|p2a: Tyranitar|Protect\n|move|p1a: BA DUM TISS|Fake Out|p2b: Ogerpon\n|-damage|p2b: Ogerpon|87\/100\n|move|p1b: SQUIDWARDS HOUSE|Grassy Glide|p2a: Tyranitar\n|-activate|p2a: Tyranitar|move: Protect\n|\n|-weather|Sandstorm|[upkeep]\n|-damage|p1b: SQUIDWARDS HOUSE|95\/100|[from] Sandstorm\n|-damage|p2b: Ogerpon|81\/100|[from] Sandstorm\n|-damage|p1a: BA DUM TISS|94\/100|[from] Sandstorm\n|-heal|p1b: SQUIDWARDS HOUSE|100\/100|[from] Grassy Terrain\n|-heal|p2b: Ogerpon|87\/100|[from] Grassy Terrain\n|-heal|p1a: BA DUM TISS|100\/100|[from] Grassy Terrain\n|-heal|p2a: Tyranitar|97\/100|[from] Grassy Terrain\n|upkeep\n|turn|6\n|inactive|eragon11145 has 120 seconds left.\n|\n|t:|1696725987\n|move|p2b: Ogerpon|Follow Me|p2b: Ogerpon\n|-singleturn|p2b: Ogerpon|move: Follow Me\n|move|p1b: SQUIDWARDS HOUSE|Grassy Glide|p2b: Ogerpon\n|-resisted|p2b: Ogerpon\n|-damage|p2b: Ogerpon|67\/100\n|move|p1a: BA DUM TISS|U-turn|p2b: Ogerpon\n|-supereffective|p2b: Ogerpon\n|-damage|p2b: Ogerpon|24\/100\n|\n|t:|1696725991\n|switch|p1a: PAPA SMURF|Kingambit, M, shiny|100\/100|[from] U-turn\n|move|p2a: Tyranitar|Rock Slide|p1a: PAPA SMURF|[spread] p1a,p1b\n|-resisted|p1a: PAPA SMURF\n|-supereffective|p1b: SQUIDWARDS HOUSE\n|-damage|p1a: PAPA SMURF|79\/100\n|-damage|p1b: SQUIDWARDS HOUSE|0 fnt\n|faint|p1b: SQUIDWARDS HOUSE\n|\n|-weather|Sandstorm|[upkeep]\n|-damage|p2b: Ogerpon|18\/100|[from] Sandstorm\n|-heal|p2b: Ogerpon|24\/100|[from] Grassy Terrain\n|-heal|p2a: Tyranitar|100\/100|[from] Grassy Terrain\n|-heal|p1a: PAPA SMURF|85\/100|[from] Grassy Terrain\n|upkeep\n|\n|t:|1696725993\n|switch|p1b: BA DUM TISS|Rillaboom, M|100\/100\n|turn|7\n|\n|t:|1696726012\n|move|p1b: BA DUM TISS|Fake Out|p2b: Ogerpon\n|-damage|p2b: Ogerpon|10\/100\n|move|p2b: Ogerpon|Synthesis|p2b: Ogerpon\n|-heal|p2b: Ogerpon|35\/100\n|move|p2a: Tyranitar|Knock Off|p1b: BA DUM TISS\n|-damage|p1b: BA DUM TISS|13\/100\n|-enditem|p1b: BA DUM TISS|Assault Vest|[from] move: Knock Off|[of] p2a: Tyranitar\n|move|p1a: PAPA SMURF|Iron Head|p2a: Tyranitar\n|-supereffective|p2a: Tyranitar\n|-damage|p2a: Tyranitar|49\/100\n|\n|-weather|none\n|-heal|p2b: Ogerpon|41\/100|[from] Grassy Terrain\n|-heal|p1b: BA DUM TISS|19\/100|[from] Grassy Terrain\n|-heal|p2a: Tyranitar|55\/100|[from] Grassy Terrain\n|-heal|p1a: PAPA SMURF|91\/100|[from] Grassy Terrain\n|upkeep\n|turn|8\n|\n|t:|1696726039\n|move|p2b: Ogerpon|Follow Me|p2b: Ogerpon\n|-singleturn|p2b: Ogerpon|move: Follow Me\n|move|p1b: BA DUM TISS|Grassy Glide|p2b: Ogerpon\n|-resisted|p2b: Ogerpon\n|-damage|p2b: Ogerpon|22\/100\n|move|p2a: Tyranitar|Rock Slide|p1b: BA DUM TISS|[spread] p1a,p1b\n|-resisted|p1a: PAPA SMURF\n|-damage|p1a: PAPA SMURF|71\/100\n|-damage|p1b: BA DUM TISS|0 fnt\n|faint|p1b: BA DUM TISS\n|cant|p1a: PAPA SMURF|flinch\n|\n|-heal|p2b: Ogerpon|28\/100|[from] Grassy Terrain\n|-heal|p2a: Tyranitar|61\/100|[from] Grassy Terrain\n|-heal|p1a: PAPA SMURF|77\/100|[from] Grassy Terrain\n|upkeep\n|turn|9\n|\n|t:|1696726048\n|move|p2b: Ogerpon|Synthesis|p2b: Ogerpon\n|-heal|p2b: Ogerpon|78\/100\n|move|p2a: Tyranitar|Knock Off|p1a: PAPA SMURF\n|-resisted|p1a: PAPA SMURF\n|-damage|p1a: PAPA SMURF|43\/100\n|-enditem|p1a: PAPA SMURF|Assault Vest|[from] move: Knock Off|[of] p2a: Tyranitar\n|move|p1a: PAPA SMURF|Iron Head|p2a: Tyranitar\n|-supereffective|p2a: Tyranitar\n|-damage|p2a: Tyranitar|5\/100\n|\n|-heal|p2b: Ogerpon|84\/100|[from] Grassy Terrain\n|-heal|p2a: Tyranitar|12\/100|[from] Grassy Terrain\n|-heal|p1a: PAPA SMURF|50\/100|[from] Grassy Terrain\n|-fieldend|move: Grassy Terrain\n|upkeep\n|turn|10\n|inactive|eragon11145 has 120 seconds left.\n|\n|t:|1696726086\n|move|p2b: Ogerpon|Ivy Cudgel|p1a: PAPA SMURF\n|-resisted|p1a: PAPA SMURF\n|-damage|p1a: PAPA SMURF|33\/100\n|move|p2a: Tyranitar|Knock Off|p1a: PAPA SMURF\n|-resisted|p1a: PAPA SMURF\n|-damage|p1a: PAPA SMURF|8\/100\n|move|p1a: PAPA SMURF|Knock Off|p2b: Ogerpon\n|-damage|p2b: Ogerpon|32\/100\n|-enditem|p2b: Ogerpon|Covert Cloak|[from] move: Knock Off|[of] p1a: PAPA SMURF\n|\n|upkeep\n|turn|11\n|\n|t:|1696726091\n|move|p2b: Ogerpon|Ivy Cudgel|p1a: PAPA SMURF\n|-resisted|p1a: PAPA SMURF\n|-crit|p1a: PAPA SMURF\n|-damage|p1a: PAPA SMURF|0 fnt\n|faint|p1a: PAPA SMURF\n|\n|win|eragon11145\n|n|\u2606SquidSpring|squidspring\n|n|\u2606eragon11145|eragon11145\n|n| cornpopbad|cornpopbad\n|c|\u2606eragon11145|gg\n|c|\u2606SquidSpring|gg\n|l|\u2606SquidSpring\n","uploadtime":1696726125,"views":13,"p1id":"squidspring","p2id":"eragon11145","formatid":"gen9nationaldexdoubles","rating":0,"private":0,"password":""}