{"id":"gen9nationaldexdoubles-1982599622","p1":"KingGodzila","p2":"bigdwg123","format":"[Gen 9] National Dex Doubles","log":"|j|\u2606KingGodzila\n|j|\u2606bigdwg123\n|t:|1699028749\n|gametype|doubles\n|player|p1|KingGodzila|bugsy|1295\n|player|p2|bigdwg123|unknown|1251\n|teamsize|p1|6\n|teamsize|p2|6\n|gen|9\n|tier|[Gen 9] National Dex Doubles\n|rated|\n|rule|HP Percentage Mod: HP is shown in percentages\n|rule|Endless Battle Clause: Forcing endless battles is banned\n|rule|OHKO Clause: OHKO moves are banned\n|rule|Evasion Moves Clause: Evasion moves are banned\n|rule|Evasion Abilities Clause: Evasion abilities are banned\n|rule|Species Clause: Limit one of each Pok\u00e9mon\n|rule|Gravity Sleep Clause: The combination of sleep-inducing moves with imperfect accuracy and Gravity or Gigantamax Orbeetle are banned\n|clearpoke\n|poke|p1|Vikavolt, M|\n|poke|p1|Lokix, M|\n|poke|p1|Golisopod, M|\n|poke|p1|Cresselia, F|\n|poke|p1|Escavalier, M|\n|poke|p1|Charjabug, F|\n|poke|p2|Pelipper, M|\n|poke|p2|Crawdaunt, F|\n|poke|p2|Dracovish|\n|poke|p2|Ogerpon-Wellspring, F|\n|poke|p2|Murkrow, M|\n|poke|p2|Indeedee-F, F|\n|teampreview\n|inactive|Battle timer is ON: inactive players will automatically lose when time's up. (requested by bigdwg123)\n|\n|t:|1699028766\n|start\n|switch|p1a: \u80fd\u8fdb\u80fd\u9000\u65b9\u6b66\u8005|Golisopod, M, shiny|100\/100\n|switch|p1b: \u7f8e\u68a6\u8001\u5988|Cresselia, F|100\/100\n|switch|p2a: Indeedee|Indeedee-F, F|100\/100\n|switch|p2b: Murkrow|Murkrow, M|100\/100\n|-fieldstart|move: Psychic Terrain|[from] ability: Psychic Surge|[of] p2a: Indeedee\n|turn|1\n|inactive|KingGodzila has 120 seconds left.\n|\n|t:|1699028805\n|move|p2a: Indeedee|Follow Me|p2a: Indeedee\n|-singleturn|p2a: Indeedee|move: Follow Me\n|move|p2b: Murkrow|Tailwind|p2b: Murkrow\n|-sidestart|p2: bigdwg123|move: Tailwind\n|-zpower|p1a: \u80fd\u8fdb\u80fd\u9000\u65b9\u6b66\u8005\n|move|p1a: \u80fd\u8fdb\u80fd\u9000\u65b9\u6b66\u8005|Savage Spin-Out|p2a: Indeedee|[zeffect]\n|-supereffective|p2a: Indeedee\n|-damage|p2a: Indeedee|0 fnt\n|faint|p2a: Indeedee\n|move|p1b: \u7f8e\u68a6\u8001\u5988|Trick Room|p1b: \u7f8e\u68a6\u8001\u5988\n|-fieldstart|move: Trick Room|[of] p1b: \u7f8e\u68a6\u8001\u5988\n|\n|upkeep\n|\n|t:|1699028817\n|switch|p2a: Crawdaunt|Crawdaunt, F|100\/100\n|turn|2\n|\n|t:|1699028837\n|switch|p1b: \u4e00\u592b\u5f53\u5173\u4e3a\u9a91\u58eb|Escavalier, M|100\/100\n|-terastallize|p2a: Crawdaunt|Ice\n|move|p2b: Murkrow|Rain Dance|p2b: Murkrow\n|-weather|RainDance\n|move|p1a: \u80fd\u8fdb\u80fd\u9000\u65b9\u6b66\u8005|Liquidation|p2b: Murkrow\n|-enditem|p2b: Murkrow|Focus Sash\n|-damage|p2b: Murkrow|1\/100\n|-unboost|p2b: Murkrow|def|1\n|move|p2a: Crawdaunt|Crunch|p1b: \u4e00\u592b\u5f53\u5173\u4e3a\u9a91\u58eb\n|-damage|p1b: \u4e00\u592b\u5f53\u5173\u4e3a\u9a91\u58eb|41\/100\n|\n|-weather|RainDance|[upkeep]\n|upkeep\n|turn|3\n|\n|t:|1699028857\n|move|p2b: Murkrow|Rain Dance||[still]\n|-fail|p2b: Murkrow\n|move|p1b: \u4e00\u592b\u5f53\u5173\u4e3a\u9a91\u58eb|Iron Head|p2b: Murkrow\n|-damage|p2b: Murkrow|0 fnt\n|faint|p2b: Murkrow\n|-damage|p1b: \u4e00\u592b\u5f53\u5173\u4e3a\u9a91\u58eb|31\/100|[from] item: Life Orb\n|move|p1a: \u80fd\u8fdb\u80fd\u9000\u65b9\u6b66\u8005|Liquidation|p2a: Crawdaunt\n|-damage|p2a: Crawdaunt|16\/100\n|move|p2a: Crawdaunt|Crunch|p1b: \u4e00\u592b\u5f53\u5173\u4e3a\u9a91\u58eb\n|-damage|p1b: \u4e00\u592b\u5f53\u5173\u4e3a\u9a91\u58eb|0 fnt\n|faint|p1b: \u4e00\u592b\u5f53\u5173\u4e3a\u9a91\u58eb\n|\n|-weather|RainDance|[upkeep]\n|upkeep\n|\n|t:|1699028868\n|switch|p1b: \u7535\u5149\u8f68\u9053\u70ae|Vikavolt, M|100\/100\n|switch|p2b: Pelipper|Pelipper, M|100\/100\n|turn|4\n|\n|t:|1699028886\n|-terastallize|p1b: \u7535\u5149\u8f68\u9053\u70ae|Electric\n|move|p2b: Pelipper|Protect|p2b: Pelipper\n|-singleturn|p2b: Pelipper|Protect\n|move|p1a: \u80fd\u8fdb\u80fd\u9000\u65b9\u6b66\u8005|Knock Off|p2b: Pelipper\n|-activate|p2b: Pelipper|move: Protect\n|move|p1b: \u7535\u5149\u8f68\u9053\u70ae|Discharge|p2b: Pelipper|[spread] p1a,p2a\n|-activate|p2b: Pelipper|move: Protect\n|-supereffective|p1a: \u80fd\u8fdb\u80fd\u9000\u65b9\u6b66\u8005\n|-damage|p1a: \u80fd\u8fdb\u80fd\u9000\u65b9\u6b66\u8005|0 fnt\n|-damage|p2a: Crawdaunt|0 fnt\n|faint|p1a: \u80fd\u8fdb\u80fd\u9000\u65b9\u6b66\u8005\n|faint|p2a: Crawdaunt\n|-damage|p1b: \u7535\u5149\u8f68\u9053\u70ae|91\/100|[from] item: Life Orb\n|\n|-weather|RainDance|[upkeep]\n|-sideend|p2: bigdwg123|move: Tailwind\n|upkeep\n|\n|t:|1699028899\n|switch|p1a: \u7f8e\u68a6\u8001\u5988|Cresselia, F|100\/100\n|switch|p2a: Ogerpon|Ogerpon-Wellspring, F|100\/100\n|turn|5\n|\n|t:|1699028911\n|move|p2a: Ogerpon|Spiky Shield|p2a: Ogerpon\n|-singleturn|p2a: Ogerpon|move: Protect\n|move|p1b: \u7535\u5149\u8f68\u9053\u70ae|Discharge|p2a: Ogerpon|[spread] p1a,p2b\n|-activate|p2a: Ogerpon|move: Protect\n|-supereffective|p2b: Pelipper\n|-damage|p1a: \u7f8e\u68a6\u8001\u5988|71\/100\n|-damage|p2b: Pelipper|0 fnt\n|faint|p2b: Pelipper\n|-damage|p1b: \u7535\u5149\u8f68\u9053\u70ae|81\/100|[from] item: Life Orb\n|move|p1a: \u7f8e\u68a6\u8001\u5988|Lunar Blessing|p1a: \u7f8e\u68a6\u8001\u5988|[spread] p1a,p1b\n|-heal|p1a: \u7f8e\u68a6\u8001\u5988|96\/100\n|-heal|p1b: \u7535\u5149\u8f68\u9053\u70ae|100\/100\n|\n|-weather|RainDance|[upkeep]\n|-heal|p1a: \u7f8e\u68a6\u8001\u5988|100\/100|[from] item: Leftovers\n|-fieldend|move: Trick Room\n|-fieldend|move: Psychic Terrain\n|upkeep\n|\n|t:|1699028918\n|switch|p2b: Dracovish|Dracovish|100\/100\n|turn|6\n|\n|t:|1699028929\n|move|p2a: Ogerpon|Ivy Cudgel|p1b: \u7535\u5149\u8f68\u9053\u70ae\n|-damage|p1b: \u7535\u5149\u8f68\u9053\u70ae|8\/100\n|move|p2b: Dracovish|Fishious Rend|p1a: \u7f8e\u68a6\u8001\u5988\n|-damage|p1a: \u7f8e\u68a6\u8001\u5988|0 fnt\n|faint|p1a: \u7f8e\u68a6\u8001\u5988\n|move|p1b: \u7535\u5149\u8f68\u9053\u70ae|Discharge|p2b: Dracovish|[spread] p2a,p2b\n|-damage|p2a: Ogerpon|30\/100\n|-damage|p2b: Dracovish|24\/100\n|-damage|p1b: \u7535\u5149\u8f68\u9053\u70ae|0 fnt|[from] item: Life Orb\n|faint|p1b: \u7535\u5149\u8f68\u9053\u70ae\n|\n|-weather|none\n|upkeep\n|\n|t:|1699028944\n|switch|p1a: \u70c8\u817f\u8757\u4fa0|Lokix, M|100\/100\n|switch|p1b: \u866b\u7535\u5b9d\u724c\u5145\u7535\u5b9d|Charjabug, F, shiny|100\/100\n|turn|7\n|\n|t:|1699028971\n|move|p2a: Ogerpon|Follow Me|p2a: Ogerpon\n|-singleturn|p2a: Ogerpon|move: Follow Me\n|move|p1a: \u70c8\u817f\u8757\u4fa0|First Impression|p2a: Ogerpon\n|-supereffective|p2a: Ogerpon\n|-crit|p2a: Ogerpon\n|-damage|p2a: Ogerpon|0 fnt\n|faint|p2a: Ogerpon\n|-damage|p1a: \u70c8\u817f\u8757\u4fa0|91\/100|[from] item: Life Orb\n|move|p2b: Dracovish|Fishious Rend|p1a: \u70c8\u817f\u8757\u4fa0\n|-damage|p1a: \u70c8\u817f\u8757\u4fa0|0 fnt\n|faint|p1a: \u70c8\u817f\u8757\u4fa0\n|move|p1b: \u866b\u7535\u5b9d\u724c\u5145\u7535\u5b9d|Substitute|p1b: \u866b\u7535\u5b9d\u724c\u5145\u7535\u5b9d\n|-start|p1b: \u866b\u7535\u5b9d\u724c\u5145\u7535\u5b9d|Substitute\n|-damage|p1b: \u866b\u7535\u5b9d\u724c\u5145\u7535\u5b9d|76\/100\n|\n|upkeep\n|turn|8\n|\n|t:|1699028985\n|move|p2b: Dracovish|Fishious Rend|p1b: \u866b\u7535\u5b9d\u724c\u5145\u7535\u5b9d\n|-end|p1b: \u866b\u7535\u5b9d\u724c\u5145\u7535\u5b9d|Substitute\n|move|p1b: \u866b\u7535\u5b9d\u724c\u5145\u7535\u5b9d|Toxic|p2b: Dracovish\n|-status|p2b: Dracovish|tox\n|\n|-damage|p2b: Dracovish|18\/100 tox|[from] psn\n|upkeep\n|turn|9\n|\n|t:|1699028995\n|move|p1b: \u866b\u7535\u5b9d\u724c\u5145\u7535\u5b9d|Protect|p1b: \u866b\u7535\u5b9d\u724c\u5145\u7535\u5b9d\n|-singleturn|p1b: \u866b\u7535\u5b9d\u724c\u5145\u7535\u5b9d|Protect\n|move|p2b: Dracovish|Fishious Rend|p1b: \u866b\u7535\u5b9d\u724c\u5145\u7535\u5b9d\n|-activate|p1b: \u866b\u7535\u5b9d\u724c\u5145\u7535\u5b9d|move: Protect\n|\n|-damage|p2b: Dracovish|6\/100 tox|[from] psn\n|upkeep\n|turn|10\n|\n|t:|1699029003\n|move|p1b: \u866b\u7535\u5b9d\u724c\u5145\u7535\u5b9d|Protect||[still]\n|-fail|p1b: \u866b\u7535\u5b9d\u724c\u5145\u7535\u5b9d\n|move|p2b: Dracovish|Fishious Rend|p1b: \u866b\u7535\u5b9d\u724c\u5145\u7535\u5b9d\n|-damage|p1b: \u866b\u7535\u5b9d\u724c\u5145\u7535\u5b9d|15\/100\n|\n|-damage|p2b: Dracovish|0 fnt|[from] psn\n|faint|p2b: Dracovish\n|\n|win|KingGodzila\n|upkeep\n|raw|KingGodzila's rating: 1295 &rarr; <strong>1317<\/strong><br \/>(+22 for winning)\n|raw|bigdwg123's rating: 1251 &rarr; <strong>1229<\/strong><br \/>(-22 for losing)\n|l|\u2606bigdwg123\n","uploadtime":1699029016,"views":17,"p1id":"kinggodzila","p2id":"bigdwg123","formatid":"gen9nationaldexdoubles","rating":1229,"private":0,"password":""}