{"id":"gen9nationaldexdoubles-1979789386","p1":"lxvliiz","p2":"frogthefrokie0","format":"[Gen 9] National Dex Doubles","log":"|j|\u2606lxvliiz\n|j|\u2606frogthefrokie0\n|t:|1698713436\n|gametype|doubles\n|player|p1|lxvliiz|265|1044\n|player|p2|frogthefrokie0|juggler|1000\n|teamsize|p1|6\n|teamsize|p2|6\n|gen|9\n|tier|[Gen 9] National Dex Doubles\n|rated|\n|rule|HP Percentage Mod: HP is shown in percentages\n|rule|Endless Battle Clause: Forcing endless battles is banned\n|rule|OHKO Clause: OHKO moves are banned\n|rule|Evasion Moves Clause: Evasion moves are banned\n|rule|Evasion Abilities Clause: Evasion abilities are banned\n|rule|Species Clause: Limit one of each Pok\u00e9mon\n|rule|Gravity Sleep Clause: The combination of sleep-inducing moves with imperfect accuracy and Gravity or Gigantamax Orbeetle are banned\n|clearpoke\n|poke|p1|Moltres-Galar|\n|poke|p1|Murkrow, L1, F|\n|poke|p1|Weavile, M|\n|poke|p1|Greninja-*, M|\n|poke|p1|Incineroar, F|\n|poke|p1|Meowscarada, F|\n|poke|p2|Gliscor, F|\n|poke|p2|Garchomp, F|\n|poke|p2|Ninetales-Alola, F|\n|poke|p2|Gholdengo|\n|poke|p2|Great Tusk|\n|poke|p2|Urshifu-*, F|\n|teampreview\n|\n|t:|1698713445\n|start\n|switch|p1a: Murkrow|Murkrow, L1, F|100\/100\n|switch|p1b: Meowscarada|Meowscarada, F|100\/100\n|switch|p2a: Ninetales|Ninetales-Alola, F, shiny|100\/100\n|switch|p2b: Urshifu|Urshifu-Rapid-Strike, F|100\/100\n|-weather|Snow|[from] ability: Snow Warning|[of] p2a: Ninetales\n|turn|1\n|\n|t:|1698713456\n|move|p1a: Murkrow|Tailwind|p1a: Murkrow\n|-sidestart|p1: lxvliiz|move: Tailwind\n|move|p1b: Meowscarada|Knock Off|p2a: Ninetales\n|-resisted|p2a: Ninetales\n|-damage|p2a: Ninetales|82\/100\n|-enditem|p2a: Ninetales|Light Clay|[from] move: Knock Off|[of] p1b: Meowscarada\n|move|p2b: Urshifu|Swords Dance|p2b: Urshifu\n|-boost|p2b: Urshifu|atk|2\n|move|p2a: Ninetales|Aurora Veil|p2a: Ninetales\n|-sidestart|p2: frogthefrokie0|move: Aurora Veil\n|\n|-weather|Snow|[upkeep]\n|upkeep\n|turn|2\n|\n|t:|1698713469\n|move|p1b: Meowscarada|Flower Trick|p2b: Urshifu\n|-supereffective|p2b: Urshifu\n|-crit|p2b: Urshifu\n|-damage|p2b: Urshifu|7\/100\n|move|p2b: Urshifu|Swords Dance|p2b: Urshifu\n|-boost|p2b: Urshifu|atk|2\n|move|p2a: Ninetales|Blizzard|p1b: Meowscarada|[spread] p1a,p1b\n|-supereffective|p1a: Murkrow\n|-supereffective|p1b: Meowscarada\n|-enditem|p1a: Murkrow|Focus Sash\n|-damage|p1a: Murkrow|9\/100\n|-damage|p1b: Meowscarada|32\/100\n|move|p1a: Murkrow|Whirlwind|p2b: Urshifu\n|drag|p2b: Garchomp|Garchomp, F, shiny|100\/100\n|\n|-weather|Snow|[upkeep]\n|upkeep\n|turn|3\n|\n|t:|1698713489\n|move|p1a: Murkrow|Taunt|p2a: Ninetales\n|-start|p2a: Ninetales|move: Taunt\n|move|p1b: Meowscarada|Flower Trick|p2b: Garchomp\n|-crit|p2b: Garchomp\n|-damage|p2b: Garchomp|32\/100\n|move|p2b: Garchomp|Swords Dance|p2b: Garchomp\n|-boost|p2b: Garchomp|atk|2\n|move|p2a: Ninetales|Blizzard|p1a: Murkrow|[spread] p1a,p1b\n|-supereffective|p1a: Murkrow\n|-supereffective|p1b: Meowscarada\n|-damage|p1a: Murkrow|0 fnt\n|-damage|p1b: Meowscarada|0 fnt\n|faint|p1a: Murkrow\n|faint|p1b: Meowscarada\n|\n|-weather|Snow|[upkeep]\n|upkeep\n|\n|t:|1698713505\n|switch|p1b: Moltres|Moltres-Galar|100\/100\n|switch|p1a: Weavile|Weavile, M|100\/100\n|-ability|p1a: Weavile|Pressure\n|turn|4\n|\n|t:|1698713527\n|-terastallize|p1b: Moltres|Dark\n|move|p1a: Weavile|Ice Shard|p2b: Garchomp\n|-supereffective|p2b: Garchomp\n|-crit|p2b: Garchomp\n|-damage|p2b: Garchomp|0 fnt\n|faint|p2b: Garchomp\n|move|p1b: Moltres|Nasty Plot|p1b: Moltres\n|-boost|p1b: Moltres|spa|2\n|move|p2a: Ninetales|Blizzard|p1a: Weavile|[spread] p1a,p1b\n|-resisted|p1a: Weavile\n|-damage|p1a: Weavile|86\/100\n|-damage|p1b: Moltres|78\/100\n|-status|p1b: Moltres|frz\n|\n|-weather|Snow|[upkeep]\n|-sideend|p1: lxvliiz|move: Tailwind\n|upkeep\n|\n|t:|1698713541\n|switch|p2b: Gliscor|Gliscor, F, shiny|100\/100\n|turn|5\n|\n|t:|1698713555\n|move|p1a: Weavile|Ice Shard|p2b: Gliscor\n|-supereffective|p2b: Gliscor\n|-crit|p2b: Gliscor\n|-damage|p2b: Gliscor|0 fnt\n|faint|p2b: Gliscor\n|move|p2a: Ninetales|Dazzling Gleam|p1a: Weavile|[spread] p1a,p1b\n|-supereffective|p1a: Weavile\n|-supereffective|p1b: Moltres\n|-damage|p1a: Weavile|36\/100\n|-damage|p1b: Moltres|50\/100 frz\n|-enditem|p1b: Moltres|Weakness Policy\n|-boost|p1b: Moltres|atk|2|[from] item: Weakness Policy\n|-boost|p1b: Moltres|spa|2|[from] item: Weakness Policy\n|-ability|p1b: Moltres|Berserk|boost\n|-boost|p1b: Moltres|spa|1\n|-curestatus|p1b: Moltres|frz|[msg]\n|move|p1b: Moltres|Agility|p1b: Moltres\n|-boost|p1b: Moltres|spe|2\n|\n|-weather|none\n|-end|p2a: Ninetales|move: Taunt\n|-sideend|p2: frogthefrokie0|move: Aurora Veil\n|upkeep\n|\n|t:|1698713572\n|switch|p2b: Gholdengo|Gholdengo, shiny|100\/100\n|turn|6\n|\n|t:|1698713582\n|move|p1b: Moltres|Fiery Wrath|p2b: Gholdengo|[spread] p2a,p2b\n|-resisted|p2a: Ninetales\n|-supereffective|p2b: Gholdengo\n|-damage|p2a: Ninetales|13\/100\n|-damage|p2b: Gholdengo|0 fnt\n|faint|p2b: Gholdengo\n|move|p1a: Weavile|Knock Off|p2a: Ninetales\n|-resisted|p2a: Ninetales\n|-damage|p2a: Ninetales|0 fnt\n|faint|p2a: Ninetales\n|\n|upkeep\n|\n|t:|1698713592\n|switch|p2a: Great Tusk|Great Tusk, shiny|100\/100\n|switch|p2b: Urshifu|Urshifu-Rapid-Strike, F|7\/100\n|-enditem|p2a: Great Tusk|Booster Energy\n|-activate|p2a: Great Tusk|ability: Protosynthesis|[fromitem]\n|-start|p2a: Great Tusk|protosynthesisatk\n|turn|7\n|\n|t:|1698713606\n|move|p1a: Weavile|Ice Shard|p2a: Great Tusk\n|-supereffective|p2a: Great Tusk\n|-damage|p2a: Great Tusk|73\/100\n|move|p1b: Moltres|Fiery Wrath|p2b: Urshifu|[spread] p2a,p2b\n|-resisted|p2a: Great Tusk\n|-resisted|p2b: Urshifu\n|-damage|p2a: Great Tusk|0 fnt\n|-damage|p2b: Urshifu|0 fnt\n|faint|p2a: Great Tusk\n|-end|p2a: Great Tusk|Protosynthesis|[silent]\n|faint|p2b: Urshifu\n|\n|win|lxvliiz\n|raw|lxvliiz's rating: 1044 &rarr; <strong>1073<\/strong><br \/>(+29 for winning)\n|raw|frogthefrokie0's rating: 1000 &rarr; <strong>1000<\/strong><br \/>(+0 for losing)\n|c|\u2606lxvliiz|gg\n","uploadtime":1698713623,"views":10,"p1id":"lxvliiz","p2id":"frogthefrokie0","formatid":"gen9nationaldexdoubles","rating":1000,"private":0,"password":""}