{"id":"gen9nationaldexdoubles-1968513542","p1":"Moldy kk","p2":"psng","format":"[Gen 9] National Dex Doubles","log":"|j|\u2606Moldy kk\n|j|\u2606psng\n|t:|1697426955\n|gametype|doubles\n|player|p1|Moldy kk|101|1264\n|player|p2|psng|wallace|1159\n|teamsize|p1|6\n|teamsize|p2|6\n|gen|9\n|tier|[Gen 9] National Dex Doubles\n|rated|\n|rule|HP Percentage Mod: HP is shown in percentages\n|rule|Endless Battle Clause: Forcing endless battles is banned\n|rule|OHKO Clause: OHKO moves are banned\n|rule|Evasion Moves Clause: Evasion moves are banned\n|rule|Evasion Abilities Clause: Evasion abilities are banned\n|rule|Species Clause: Limit one of each Pok\u00e9mon\n|rule|Gravity Sleep Clause: The combination of sleep-inducing moves with imperfect accuracy and Gravity or Gigantamax Orbeetle are banned\n|clearpoke\n|poke|p1|Weezing-Galar, F|\n|poke|p1|Regigigas|\n|poke|p1|Clefairy, M|\n|poke|p1|Celesteela|\n|poke|p1|Blastoise, M|\n|poke|p1|Archeops, M|\n|poke|p2|Indeedee-F, F|\n|poke|p2|Blastoise, F|\n|poke|p2|Pelipper, F|\n|poke|p2|Swampert, F|\n|poke|p2|Regieleki|\n|poke|p2|Ferrothorn, F|\n|teampreview\n|inactive|Battle timer is ON: inactive players will automatically lose when time's up. (requested by psng)\n|\n|t:|1697426963\n|start\n|switch|p1a: Regigigas|Regigigas|100\/100\n|switch|p1b: Weezing|Weezing-Galar, F|100\/100\n|switch|p2a: Indeedee|Indeedee-F, F, shiny|100\/100\n|switch|p2b: Blastoise|Blastoise, F, shiny|100\/100\n|-ability|p1b: Weezing|Neutralizing Gas\n|turn|1\n|\n|t:|1697426972\n|move|p2a: Indeedee|Follow Me|p2a: Indeedee\n|-singleturn|p2a: Indeedee|move: Follow Me\n|move|p1a: Regigigas|Knock Off|p2a: Indeedee\n|-supereffective|p2a: Indeedee\n|-damage|p2a: Indeedee|3\/100\n|-enditem|p2a: Indeedee|Eject Button|[from] move: Knock Off|[of] p1a: Regigigas\n|-damage|p1a: Regigigas|91\/100|[from] item: Life Orb\n|move|p2b: Blastoise|Shell Smash|p2b: Blastoise\n|-unboost|p2b: Blastoise|def|1\n|-unboost|p2b: Blastoise|spd|1\n|-boost|p2b: Blastoise|atk|2\n|-boost|p2b: Blastoise|spa|2\n|-boost|p2b: Blastoise|spe|2\n|move|p1b: Weezing|Dazzling Gleam|p2a: Indeedee|[spread] p2a,p2b\n|-damage|p2a: Indeedee|0 fnt\n|-damage|p2b: Blastoise|60\/100\n|faint|p2a: Indeedee\n|\n|upkeep\n|\n|t:|1697426988\n|switch|p2a: Regieleki|Regieleki, shiny|100\/100\n|turn|2\n|\n|t:|1697426996\n|-terastallize|p2b: Blastoise|Water\n|move|p2a: Regieleki|Volt Switch|p1b: Weezing\n|-damage|p1b: Weezing|55\/100\n|\n|t:|1697427003\n|switch|p2a: Pelipper|Pelipper, F|100\/100|[from] Volt Switch\n|move|p2b: Blastoise|Water Spout|p1a: Regigigas|[spread] p1a,p1b\n|-damage|p1a: Regigigas|14\/100\n|-damage|p1b: Weezing|0 fnt\n|faint|p1b: Weezing\n|-end|p1b: Weezing|ability: Neutralizing Gas\n|-start|p1a: Regigigas|ability: Slow Start\n|-weather|RainDance|[from] ability: Drizzle|[of] p2a: Pelipper\n|move|p1a: Regigigas|Crush Grip|p2a: Pelipper\n|-damage|p2a: Pelipper|44\/100\n|-damage|p1a: Regigigas|4\/100|[from] item: Life Orb\n|\n|-weather|RainDance|[upkeep]\n|-heal|p2b: Blastoise|66\/100|[from] ability: Rain Dish\n|upkeep\n|inactive|Moldy kk has 120 seconds left.\n|\n|t:|1697427041\n|switch|p1b: Celesteela|Celesteela|100\/100\n|turn|3\n|\n|t:|1697427046\n|move|p2b: Blastoise|Water Spout|p1a: Regigigas|[spread] p1a,p1b\n|-damage|p1a: Regigigas|0 fnt\n|-damage|p1b: Celesteela|0 fnt\n|faint|p1a: Regigigas\n|-end|p1a: Regigigas|Slow Start|[silent]\n|faint|p1b: Celesteela\n|move|p2a: Pelipper|Tailwind|p2a: Pelipper\n|-sidestart|p2: psng|move: Tailwind\n|\n|-weather|RainDance|[upkeep]\n|-heal|p2b: Blastoise|72\/100|[from] ability: Rain Dish\n|upkeep\n|\n|t:|1697427050\n|switch|p1a: Clefairy|Clefairy, M|100\/100\n|switch|p1b: Blastoise|Blastoise, M|100\/100\n|turn|4\n|\n|t:|1697427078\n|move|p2a: Pelipper|Wide Guard|p2a: Pelipper\n|-singleturn|p2a: Pelipper|Wide Guard\n|move|p2b: Blastoise|Water Spout|p1a: Clefairy|[spread] p1a,p1b\n|-resisted|p1b: Blastoise\n|-damage|p1a: Clefairy|0 fnt\n|-damage|p1b: Blastoise|30\/100\n|faint|p1a: Clefairy\n|move|p1b: Blastoise|Shell Smash|p1b: Blastoise\n|-unboost|p1b: Blastoise|def|1\n|-unboost|p1b: Blastoise|spd|1\n|-boost|p1b: Blastoise|atk|2\n|-boost|p1b: Blastoise|spa|2\n|-boost|p1b: Blastoise|spe|2\n|-enditem|p1b: Blastoise|White Herb\n|-clearnegativeboost|p1b: Blastoise|[silent]\n|\n|-weather|RainDance|[upkeep]\n|-heal|p2b: Blastoise|78\/100|[from] ability: Rain Dish\n|upkeep\n|\n|t:|1697427095\n|switch|p1a: Archeops|Archeops, M|100\/100\n|turn|5\n|inactive|Moldy kk has 120 seconds left.\n|\n|t:|1697427127\n|switch|p2a: Ferrothorn|Ferrothorn, F, shiny|100\/100\n|move|p2b: Blastoise|Water Spout|p1a: Archeops|[spread] p1a,p1b\n|-supereffective|p1a: Archeops\n|-resisted|p1b: Blastoise\n|-damage|p1a: Archeops|0 fnt\n|-damage|p1b: Blastoise|0 fnt\n|faint|p1a: Archeops\n|faint|p1b: Blastoise\n|\n|win|psng\n|raw|Moldy kk's rating: 1264 &rarr; <strong>1232<\/strong><br \/>(-32 for losing)\n|raw|psng's rating: 1159 &rarr; <strong>1191<\/strong><br \/>(+32 for winning)\n|l|\u2606Moldy kk\n","uploadtime":1697427138,"views":6,"p1id":"moldykk","p2id":"psng","formatid":"gen9nationaldexdoubles","rating":1191,"private":0,"password":""}