{"id":"gen9nationaldexdoubles-1965048631","p1":"taowang","p2":"Skeliton Lord","format":"[Gen 9] National Dex Doubles","log":"|j|\u2606taowang\n|j|\u2606Skeliton Lord\n|t:|1697038419\n|gametype|doubles\n|player|p1|taowang|101|1408\n|player|p2|Skeliton Lord|265|1351\n|teamsize|p1|6\n|teamsize|p2|6\n|gen|9\n|tier|[Gen 9] National Dex Doubles\n|rated|\n|rule|HP Percentage Mod: HP is shown in percentages\n|rule|Endless Battle Clause: Forcing endless battles is banned\n|rule|OHKO Clause: OHKO moves are banned\n|rule|Evasion Moves Clause: Evasion moves are banned\n|rule|Evasion Abilities Clause: Evasion abilities are banned\n|rule|Species Clause: Limit one of each Pok\u00e9mon\n|rule|Gravity Sleep Clause: The combination of sleep-inducing moves with imperfect accuracy and Gravity or Gigantamax Orbeetle are banned\n|clearpoke\n|poke|p1|Ninetales-Alola, M|\n|poke|p1|Iron Bundle|\n|poke|p1|Abomasnow, F|\n|poke|p1|Empoleon, F|\n|poke|p1|Rotom-Frost|\n|poke|p1|Heatran, F|\n|poke|p2|Venusaur, F|\n|poke|p2|Charizard, F|\n|poke|p2|Flutter Mane|\n|poke|p2|Grimmsnarl, M|\n|poke|p2|Gholdengo|\n|poke|p2|Great Tusk|\n|teampreview\n|inactive|Battle timer is ON: inactive players will automatically lose when time's up. (requested by Skeliton Lord)\n|\n|t:|1697038436\n|start\n|switch|p1a: Ninetales|Ninetales-Alola, M|100\/100\n|switch|p1b: Iron Bundle|Iron Bundle|100\/100\n|switch|p2a: Charizard|Charizard, F|100\/100\n|switch|p2b: Flutter Mane|Flutter Mane|100\/100\n|-weather|Snow|[from] ability: Snow Warning|[of] p1a: Ninetales\n|-enditem|p1b: Iron Bundle|Booster Energy\n|-activate|p1b: Iron Bundle|ability: Quark Drive|[fromitem]\n|-start|p1b: Iron Bundle|quarkdrivespe\n|turn|1\n|\n|t:|1697038457\n|switch|p1a: Heatran|Heatran, F|100\/100\n|detailschange|p2a: Charizard|Charizard-Mega-Y, F\n|-mega|p2a: Charizard|Charizard|Charizardite Y\n|-weather|SunnyDay|[from] ability: Drought|[of] p2a: Charizard\n|-activate|p2b: Flutter Mane|ability: Protosynthesis\n|-start|p2b: Flutter Mane|protosynthesisspe\n|move|p1b: Iron Bundle|Protect|p1b: Iron Bundle\n|-singleturn|p1b: Iron Bundle|Protect\n|move|p2b: Flutter Mane|Dazzling Gleam|p1b: Iron Bundle|[spread] p1a\n|-activate|p1b: Iron Bundle|move: Protect\n|-resisted|p1a: Heatran\n|-damage|p1a: Heatran|90\/100\n|move|p2a: Charizard|Flamethrower|p1a: Heatran\n|-start|p1a: Heatran|ability: Flash Fire\n|\n|-weather|SunnyDay|[upkeep]\n|-heal|p1a: Heatran|97\/100|[from] item: Leftovers\n|upkeep\n|turn|2\n|inactive|taowang has 120 seconds left.\n|\n|t:|1697038487\n|move|p1a: Heatran|Protect|p1a: Heatran\n|-singleturn|p1a: Heatran|Protect\n|move|p1b: Iron Bundle|Encore|p2a: Charizard\n|-start|p2a: Charizard|Encore\n|move|p2b: Flutter Mane|Dazzling Gleam|p1a: Heatran|[spread] p1b\n|-activate|p1a: Heatran|move: Protect\n|-damage|p1b: Iron Bundle|7\/100\n|move|p2a: Charizard|Flamethrower|p1b: Iron Bundle\n|-damage|p1b: Iron Bundle|0 fnt\n|faint|p1b: Iron Bundle\n|-end|p1b: Iron Bundle|Quark Drive|[silent]\n|\n|-weather|SunnyDay|[upkeep]\n|-heal|p1a: Heatran|100\/100|[from] item: Leftovers\n|upkeep\n|inactive|taowang has 120 seconds left.\n|\n|t:|1697038510\n|switch|p1b: Empoleon|Empoleon, F|100\/100\n|turn|3\n|inactive|taowang has 120 seconds left.\n|\n|t:|1697038543\n|-end|p2b: Flutter Mane|Protosynthesis|[silent]\n|switch|p2b: Venusaur|Venusaur, F|100\/100\n|switch|p2a: Grimmsnarl|Grimmsnarl, M|100\/100\n|-end|p1a: Heatran|ability: Flash Fire|[silent]\n|switch|p1a: Ninetales|Ninetales-Alola, M|100\/100\n|-weather|Snow|[from] ability: Snow Warning|[of] p1a: Ninetales\n|move|p1b: Empoleon|Blizzard|p2b: Venusaur|[spread] p2a,p2b\n|-supereffective|p2b: Venusaur\n|-crit|p2b: Venusaur\n|-damage|p2a: Grimmsnarl|73\/100\n|-damage|p2b: Venusaur|18\/100\n|\n|-weather|Snow|[upkeep]\n|upkeep\n|turn|4\n|inactive|taowang has 120 seconds left.\n|\n|t:|1697038573\n|move|p2a: Grimmsnarl|Parting Shot|p1a: Ninetales\n|-unboost|p1a: Ninetales|atk|1\n|-unboost|p1a: Ninetales|spa|1\n|\n|t:|1697038577\n|switch|p2a: Charizard|Charizard-Mega-Y, F|100\/100|[from] Parting Shot\n|-weather|SunnyDay|[from] ability: Drought|[of] p2a: Charizard\n|-zpower|p2b: Venusaur\n|move|p2b: Venusaur|Bloom Doom|p1a: Ninetales|[zeffect]\n|-damage|p1a: Ninetales|8\/100\n|move|p1a: Ninetales|Blizzard|p2a: Charizard|[spread] p2a,p2b\n|-supereffective|p2b: Venusaur\n|-damage|p2a: Charizard|80\/100\n|-damage|p2b: Venusaur|0 fnt\n|faint|p2b: Venusaur\n|move|p1b: Empoleon|Flash Cannon|p2a: Charizard\n|-resisted|p2a: Charizard\n|-damage|p2a: Charizard|59\/100\n|\n|-weather|SunnyDay|[upkeep]\n|upkeep\n|\n|t:|1697038581\n|switch|p2b: Flutter Mane|Flutter Mane|100\/100\n|-activate|p2b: Flutter Mane|ability: Protosynthesis\n|-start|p2b: Flutter Mane|protosynthesisspe\n|turn|5\n|inactive|taowang has 120 seconds left.\n|\n|t:|1697038606\n|switch|p1a: Heatran|Heatran, F|100\/100\n|-terastallize|p2b: Flutter Mane|Ghost\n|move|p2b: Flutter Mane|Dazzling Gleam|p1b: Empoleon|[spread] p1a,p1b\n|-resisted|p1a: Heatran\n|-resisted|p1b: Empoleon\n|-damage|p1a: Heatran|90\/100\n|-damage|p1b: Empoleon|78\/100\n|move|p2a: Charizard|Flamethrower|p1b: Empoleon\n|-damage|p1b: Empoleon|5\/100\n|move|p1b: Empoleon|Flash Cannon|p2b: Flutter Mane\n|-damage|p2b: Flutter Mane|61\/100\n|\n|-weather|SunnyDay|[upkeep]\n|-heal|p1a: Heatran|97\/100|[from] item: Leftovers\n|upkeep\n|turn|6\n|inactive|taowang has 120 seconds left.\n|\n|t:|1697038647\n|switch|p2a: Grimmsnarl|Grimmsnarl, M|73\/100\n|move|p2b: Flutter Mane|Dazzling Gleam|p1a: Heatran|[spread] p1a,p1b\n|-resisted|p1a: Heatran\n|-resisted|p1b: Empoleon\n|-damage|p1a: Heatran|86\/100\n|-damage|p1b: Empoleon|0 fnt\n|faint|p1b: Empoleon\n|move|p1a: Heatran|Heat Wave|p2a: Grimmsnarl|[spread] p2a,p2b\n|-damage|p2a: Grimmsnarl|34\/100\n|-damage|p2b: Flutter Mane|19\/100\n|\n|-weather|SunnyDay|[upkeep]\n|-heal|p1a: Heatran|92\/100|[from] item: Leftovers\n|upkeep\n|inactive|taowang has 90 seconds left.\n|\n|t:|1697038670\n|switch|p1b: Abomasnow|Abomasnow, F|100\/100\n|-weather|Snow|[from] ability: Snow Warning|[of] p1b: Abomasnow\n|-end|p2b: Flutter Mane|Protosynthesis\n|turn|7\n|inactive|taowang has 90 seconds left.\n|\n|t:|1697038686\n|move|p1b: Abomasnow|Protect|p1b: Abomasnow\n|-singleturn|p1b: Abomasnow|Protect\n|move|p2a: Grimmsnarl|Light Screen|p2a: Grimmsnarl\n|-sidestart|p2: Skeliton Lord|move: Light Screen\n|move|p2b: Flutter Mane|Dazzling Gleam|p1b: Abomasnow|[spread] p1a\n|-activate|p1b: Abomasnow|move: Protect\n|-resisted|p1a: Heatran\n|-damage|p1a: Heatran|83\/100\n|move|p1a: Heatran|Heat Wave|p2b: Flutter Mane|[spread] p2a,p2b\n|-damage|p2a: Grimmsnarl|15\/100\n|-damage|p2b: Flutter Mane|0 fnt\n|faint|p2b: Flutter Mane\n|-end|p2b: Flutter Mane|Protosynthesis|[silent]\n|\n|-weather|Snow|[upkeep]\n|-heal|p1a: Heatran|89\/100|[from] item: Leftovers\n|upkeep\n|\n|t:|1697038695\n|switch|p2b: Great Tusk|Great Tusk|100\/100\n|turn|8\n|\n|t:|1697038719\n|detailschange|p1b: Abomasnow|Abomasnow-Mega, F\n|-mega|p1b: Abomasnow|Abomasnow|Abomasite\n|move|p1a: Heatran|Protect|p1a: Heatran\n|-singleturn|p1a: Heatran|Protect\n|move|p2a: Grimmsnarl|Reflect|p2a: Grimmsnarl\n|-sidestart|p2: Skeliton Lord|Reflect\n|move|p2b: Great Tusk|Close Combat|p1a: Heatran\n|-activate|p1a: Heatran|move: Protect\n|move|p1b: Abomasnow|Aurora Veil|p1b: Abomasnow\n|-sidestart|p1: taowang|move: Aurora Veil\n|\n|-weather|Snow|[upkeep]\n|-heal|p1a: Heatran|95\/100|[from] item: Leftovers\n|upkeep\n|turn|9\n|inactive|taowang has 120 seconds left.\n|inactive|Skeliton Lord has 120 seconds left.\n|inactive|taowang has 90 seconds left.\n|\n|t:|1697038763\n|switch|p1a: Ninetales|Ninetales-Alola, M|8\/100\n|move|p2a: Grimmsnarl|Taunt|p1b: Abomasnow\n|-start|p1b: Abomasnow|move: Taunt\n|move|p2b: Great Tusk|Close Combat|p1a: Ninetales\n|-damage|p1a: Ninetales|0 fnt\n|-unboost|p2b: Great Tusk|def|1\n|-unboost|p2b: Great Tusk|spd|1\n|-enditem|p2b: Great Tusk|Eject Pack\n|faint|p1a: Ninetales\n|\n|t:|1697038766\n|-end|p2b: Great Tusk|Protosynthesis|[silent]\n|switch|p2b: Charizard|Charizard-Mega-Y, F|59\/100\n|-weather|SunnyDay|[from] ability: Drought|[of] p2b: Charizard\n|move|p1b: Abomasnow|Blizzard|p2b: Charizard|[spread] \n|-miss|p1b: Abomasnow|p2a: Grimmsnarl\n|-miss|p1b: Abomasnow|p2b: Charizard\n|\n|-weather|SunnyDay|[upkeep]\n|upkeep\n|inactive|taowang has 90 seconds left.\n|\n|t:|1697038779\n|switch|p1a: Heatran|Heatran, F|95\/100\n|turn|10\n|\n|t:|1697038789\n|switch|p1b: Rotom|Rotom-Frost|100\/100\n|move|p2a: Grimmsnarl|Parting Shot|p1a: Heatran\n|-unboost|p1a: Heatran|atk|1\n|-unboost|p1a: Heatran|spa|1\n|\n|t:|1697038795\n|switch|p2a: Great Tusk|Great Tusk|100\/100|[from] Parting Shot\n|-activate|p2a: Great Tusk|ability: Protosynthesis\n|-start|p2a: Great Tusk|protosynthesisatk\n|move|p2b: Charizard|Ancient Power|p1b: Rotom\n|-supereffective|p1b: Rotom\n|-damage|p1b: Rotom|79\/100\n|move|p1a: Heatran|Heat Wave|p2a: Great Tusk|[spread] p2a,p2b\n|-crit|p2a: Great Tusk\n|-resisted|p2b: Charizard\n|-damage|p2a: Great Tusk|0 fnt\n|-damage|p2b: Charizard|49\/100\n|faint|p2a: Great Tusk\n|-end|p2a: Great Tusk|Protosynthesis|[silent]\n|\n|-weather|SunnyDay|[upkeep]\n|-heal|p1a: Heatran|100\/100|[from] item: Leftovers\n|upkeep\n|\n|t:|1697038798\n|switch|p2a: Gholdengo|Gholdengo|100\/100\n|turn|11\n|inactive|taowang has 120 seconds left.\n|\n|t:|1697038832\n|move|p2a: Gholdengo|Shadow Ball|p1a: Heatran\n|-damage|p1a: Heatran|76\/100\n|move|p2b: Charizard|Flamethrower|p1b: Rotom\n|-supereffective|p1b: Rotom\n|-damage|p1b: Rotom|0 fnt\n|faint|p1b: Rotom\n|move|p1a: Heatran|Heat Wave|p2b: Charizard|[spread] p2b\n|-miss|p1a: Heatran|p2a: Gholdengo\n|-resisted|p2b: Charizard\n|-damage|p2b: Charizard|39\/100\n|\n|-weather|SunnyDay|[upkeep]\n|-heal|p1a: Heatran|83\/100|[from] item: Leftovers\n|upkeep\n|\n|t:|1697038842\n|switch|p1b: Abomasnow|Abomasnow-Mega, F|100\/100\n|-weather|Snow|[from] ability: Snow Warning|[of] p1b: Abomasnow\n|turn|12\n|\n|t:|1697038850\n|switch|p2a: Grimmsnarl|Grimmsnarl, M|15\/100\n|-terastallize|p1a: Heatran|Fire\n|move|p1b: Abomasnow|Protect|p1b: Abomasnow\n|-singleturn|p1b: Abomasnow|Protect\n|move|p2b: Charizard|Flamethrower|p1b: Abomasnow\n|-activate|p1b: Abomasnow|move: Protect\n|move|p1a: Heatran|Heat Wave|p2a: Grimmsnarl|[spread] p2a,p2b\n|-resisted|p2b: Charizard\n|-damage|p2a: Grimmsnarl|0 fnt\n|-damage|p2b: Charizard|29\/100\n|faint|p2a: Grimmsnarl\n|\n|-weather|Snow|[upkeep]\n|-heal|p1a: Heatran|89\/100|[from] item: Leftovers\n|-sideend|p1: taowang|move: Aurora Veil\n|upkeep\n|\n|t:|1697038860\n|switch|p2a: Gholdengo|Gholdengo|100\/100\n|turn|13\n|\n|t:|1697038889\n|move|p2a: Gholdengo|Shadow Ball|p1b: Abomasnow\n|-damage|p1b: Abomasnow|63\/100\n|move|p2b: Charizard|Flamethrower|p1b: Abomasnow\n|-supereffective|p1b: Abomasnow\n|-damage|p1b: Abomasnow|0 fnt\n|faint|p1b: Abomasnow\n|move|p1a: Heatran|Toxic|p2b: Charizard|[miss]\n|-miss|p1a: Heatran|p2b: Charizard\n|\n|-weather|Snow|[upkeep]\n|-heal|p1a: Heatran|95\/100|[from] item: Leftovers\n|upkeep\n|turn|14\n|-message|taowang forfeited.\n|\n|win|Skeliton Lord\n|raw|taowang's rating: 1408 &rarr; <strong>1385<\/strong><br \/>(-23 for losing)\n|raw|Skeliton Lord's rating: 1351 &rarr; <strong>1374<\/strong><br \/>(+23 for winning)\n|l|\u2606taowang\n","uploadtime":1697038901,"views":8,"p1id":"taowang","p2id":"skelitonlord","formatid":"gen9nationaldexdoubles","rating":1374,"private":0,"password":""}