{"id":"gen9nationaldexdoubles-1965572304","p1":"xiaochou0629","p2":"Denvah_17","format":"[Gen 9] National Dex Doubles","log":"|j|\u2606xiaochou0629\n|j|\u2606Denvah_17\n|t:|1697090080\n|gametype|doubles\n|player|p1|xiaochou0629|101|1228\n|player|p2|Denvah_17|alder|1436\n|teamsize|p1|6\n|teamsize|p2|6\n|gen|9\n|tier|[Gen 9] National Dex Doubles\n|rated|\n|rule|HP Percentage Mod: HP is shown in percentages\n|rule|Endless Battle Clause: Forcing endless battles is banned\n|rule|OHKO Clause: OHKO moves are banned\n|rule|Evasion Moves Clause: Evasion moves are banned\n|rule|Evasion Abilities Clause: Evasion abilities are banned\n|rule|Species Clause: Limit one of each Pok\u00e9mon\n|rule|Gravity Sleep Clause: The combination of sleep-inducing moves with imperfect accuracy and Gravity or Gigantamax Orbeetle are banned\n|clearpoke\n|poke|p1|Ogerpon-Hearthflame, F|\n|poke|p1|Rillaboom, F|\n|poke|p1|Tornadus, M|\n|poke|p1|Sceptile, M|\n|poke|p1|Xurkitree|\n|poke|p1|Kommo-o, M|\n|poke|p2|Sinistcha-Masterpiece|\n|poke|p2|Enamorus, F|\n|poke|p2|Diancie|\n|poke|p2|Okidogi, M|\n|poke|p2|Ursaluna-Bloodmoon, M|\n|poke|p2|Volcanion|\n|teampreview\n|inactive|Battle timer is ON: inactive players will automatically lose when time's up. (requested by xiaochou0629)\n|\n|t:|1697090126\n|start\n|switch|p1a: Xurkitree|Xurkitree|100\/100\n|switch|p1b: Sceptile|Sceptile, M|100\/100\n|switch|p2a: Rihanna|Diancie, shiny|100\/100\n|switch|p2b: Freddy Fazbear|Ursaluna-Bloodmoon, M|100\/100\n|turn|1\n|\n|t:|1697090151\n|detailschange|p1b: Sceptile|Sceptile-Mega, M\n|-mega|p1b: Sceptile|Sceptile|Sceptilite\n|-terastallize|p1a: Xurkitree|Electric\n|move|p1a: Xurkitree|Discharge|p2a: Rihanna|[spread] p2a\n|-ability|p1b: Sceptile|Lightning Rod|boost\n|-boost|p1b: Sceptile|spa|1\n|-immune|p2b: Freddy Fazbear\n|-damage|p2a: Rihanna|66\/100\n|-status|p2a: Rihanna|par\n|move|p1b: Sceptile|Energy Ball|p2b: Freddy Fazbear\n|-supereffective|p2b: Freddy Fazbear\n|-damage|p2b: Freddy Fazbear|0 fnt\n|faint|p2b: Freddy Fazbear\n|move|p2a: Rihanna|Trick Room|p2a: Rihanna\n|-fieldstart|move: Trick Room|[of] p2a: Rihanna\n|\n|upkeep\n|\n|t:|1697090172\n|switch|p2b: Grass Latte|Sinistcha-Masterpiece|100\/100\n|turn|2\n|\n|t:|1697090185\n|move|p2a: Rihanna|Dazzling Gleam|p1a: Xurkitree|[spread] p1a,p1b\n|-supereffective|p1b: Sceptile\n|-damage|p1a: Xurkitree|69\/100\n|-damage|p1b: Sceptile|43\/100\n|move|p2b: Grass Latte|Calm Mind|p2b: Grass Latte\n|-boost|p2b: Grass Latte|spa|1\n|-boost|p2b: Grass Latte|spd|1\n|move|p1b: Sceptile|Hidden Power|p2a: Rihanna\n|-supereffective|p2a: Rihanna\n|-damage|p2a: Rihanna|0 fnt\n|faint|p2a: Rihanna\n|move|p1a: Xurkitree|Discharge|p2b: Grass Latte|[spread] p2b\n|-ability|p1b: Sceptile|Lightning Rod|boost\n|-boost|p1b: Sceptile|spa|1\n|-resisted|p2b: Grass Latte\n|-damage|p2b: Grass Latte|80\/100\n|\n|upkeep\n|\n|t:|1697090198\n|switch|p2a: Saxophone|Volcanion|100\/100\n|turn|3\n|\n|t:|1697090202\n|move|p2a: Saxophone|Heat Wave|p1a: Xurkitree|[spread] p1a,p1b\n|-damage|p1a: Xurkitree|5\/100\n|-damage|p1b: Sceptile|0 fnt\n|faint|p1b: Sceptile\n|move|p2b: Grass Latte|Calm Mind|p2b: Grass Latte\n|-boost|p2b: Grass Latte|spa|1\n|-boost|p2b: Grass Latte|spd|1\n|move|p1a: Xurkitree|Discharge|p2b: Grass Latte|[spread] p2a,p2b\n|-supereffective|p2a: Saxophone\n|-resisted|p2b: Grass Latte\n|-damage|p2a: Saxophone|0 fnt\n|-damage|p2b: Grass Latte|66\/100\n|-status|p2b: Grass Latte|par\n|faint|p2a: Saxophone\n|-ability|p1a: Xurkitree|Beast Boost|boost\n|-boost|p1a: Xurkitree|spa|1\n|\n|upkeep\n|\n|t:|1697090216\n|switch|p2a: Okidogi|Okidogi, M|100\/100\n|switch|p1b: Tornadus|Tornadus, M|100\/100\n|turn|4\n|\n|t:|1697090241\n|-terastallize|p2b: Grass Latte|Grass\n|move|p1b: Tornadus|Tailwind|p1b: Tornadus\n|-sidestart|p1: xiaochou0629|move: Tailwind\n|move|p2b: Grass Latte|Matcha Gotcha|p1a: Xurkitree|[spread] p1a,p1b\n|-resisted|p1b: Tornadus\n|-damage|p1a: Xurkitree|0 fnt\n|-heal|p2b: Grass Latte|69\/100 par|[from] drain|[of] p1a: Xurkitree\n|-damage|p1b: Tornadus|53\/100\n|-heal|p2b: Grass Latte|94\/100 par|[from] drain|[of] p1b: Tornadus\n|faint|p1a: Xurkitree\n|move|p2a: Okidogi|Gunk Shot|p1b: Tornadus\n|-damage|p1b: Tornadus|0 fnt\n|faint|p1b: Tornadus\n|\n|upkeep\n|\n|t:|1697090253\n|switch|p1a: Rillaboom|Rillaboom, F|100\/100\n|switch|p1b: Kommo-o|Kommo-o, M|100\/100\n|-fieldstart|move: Grassy Terrain|[from] ability: Grassy Surge|[of] p1a: Rillaboom\n|turn|5\n|\n|t:|1697090271\n|move|p1a: Rillaboom|Fake Out|p2b: Grass Latte\n|-damage|p2b: Grass Latte|81\/100 par\n|cant|p2b: Grass Latte|flinch\n|move|p2a: Okidogi|Ice Punch|p1b: Kommo-o\n|-supereffective|p1b: Kommo-o\n|-damage|p1b: Kommo-o|45\/100\n|-zpower|p1b: Kommo-o\n|move|p1b: Kommo-o|Clangorous Soulblaze|p2b: Grass Latte|[zeffect]|[spread] p2a,p2b\n|-damage|p2a: Okidogi|55\/100\n|-damage|p2b: Grass Latte|45\/100 par\n|-boost|p1b: Kommo-o|atk|1\n|-boost|p1b: Kommo-o|def|1\n|-boost|p1b: Kommo-o|spa|1\n|-boost|p1b: Kommo-o|spd|1\n|-boost|p1b: Kommo-o|spe|1\n|\n|-heal|p2b: Grass Latte|51\/100 par|[from] Grassy Terrain\n|-heal|p2a: Okidogi|61\/100|[from] Grassy Terrain\n|-heal|p1b: Kommo-o|51\/100|[from] Grassy Terrain\n|-fieldend|move: Trick Room\n|upkeep\n|turn|6\n|\n|t:|1697090295\n|move|p1b: Kommo-o|Clangorous Soul|p1b: Kommo-o\n|-boost|p1b: Kommo-o|atk|1\n|-boost|p1b: Kommo-o|def|1\n|-boost|p1b: Kommo-o|spa|1\n|-boost|p1b: Kommo-o|spd|1\n|-boost|p1b: Kommo-o|spe|1\n|-damage|p1b: Kommo-o|18\/100\n|move|p1a: Rillaboom|Knock Off|p2a: Okidogi\n|-resisted|p2a: Okidogi\n|-damage|p2a: Okidogi|46\/100\n|-enditem|p2a: Okidogi|Assault Vest|[from] move: Knock Off|[of] p1a: Rillaboom\n|move|p2a: Okidogi|Ice Punch|p1b: Kommo-o\n|-supereffective|p1b: Kommo-o\n|-damage|p1b: Kommo-o|0 fnt\n|faint|p1b: Kommo-o\n|cant|p2b: Grass Latte|par\n|\n|-heal|p2a: Okidogi|52\/100|[from] Grassy Terrain\n|-heal|p2b: Grass Latte|57\/100 par|[from] Grassy Terrain\n|upkeep\n|\n|t:|1697090303\n|switch|p1b: Ogerpon|Ogerpon-Hearthflame, F|100\/100\n|-ability|p1b: Ogerpon|Mold Breaker\n|turn|7\n|\n|t:|1697090316\n|move|p1b: Ogerpon|Ivy Cudgel|p2b: Grass Latte\n|-supereffective|p2b: Grass Latte\n|-damage|p2b: Grass Latte|0 fnt\n|faint|p2b: Grass Latte\n|move|p1a: Rillaboom|Knock Off|p2a: Okidogi\n|-resisted|p2a: Okidogi\n|-damage|p2a: Okidogi|41\/100\n|move|p2a: Okidogi|Gunk Shot|p1b: Ogerpon\n|-supereffective|p1b: Ogerpon\n|-damage|p1b: Ogerpon|0 fnt\n|faint|p1b: Ogerpon\n|\n|-heal|p2a: Okidogi|47\/100|[from] Grassy Terrain\n|-sideend|p1: xiaochou0629|move: Tailwind\n|upkeep\n|\n|t:|1697090324\n|switch|p2b: Sonria|Enamorus, F|100\/100\n|turn|8\n|\n|t:|1697090330\n|move|p2b: Sonria|Fly||[still]\n|-prepare|p2b: Sonria|Fly\n|move|p2a: Okidogi|Gunk Shot|p1a: Rillaboom\n|-supereffective|p1a: Rillaboom\n|-damage|p1a: Rillaboom|0 fnt\n|faint|p1a: Rillaboom\n|\n|win|Denvah_17\n|raw|xiaochou0629's rating: 1228 &rarr; <strong>1216<\/strong><br \/>(-12 for losing)\n|raw|Denvah_17's rating: 1436 &rarr; <strong>1445<\/strong><br \/>(+9 for winning)\n|l|\u2606xiaochou0629\n|player|p2|Denvah_17|alder\n","uploadtime":1697090353,"views":10,"p1id":"xiaochou0629","p2id":"denvah17","formatid":"gen9nationaldexdoubles","rating":1216,"private":0,"password":""}