{"id":"gen9nationaldexdoubles-1981731579","p1":"shr3dex","p2":"NosiXdda","format":"[Gen 9] National Dex Doubles","log":"|j|\u2606shr3dex\n|j|\u2606NosiXdda\n|t:|1698937339\n|gametype|doubles\n|player|p1|shr3dex|rocketgruntf|1133\n|player|p2|NosiXdda|102|1168\n|teamsize|p1|6\n|teamsize|p2|6\n|gen|9\n|tier|[Gen 9] National Dex Doubles\n|rated|\n|rule|HP Percentage Mod: HP is shown in percentages\n|rule|Endless Battle Clause: Forcing endless battles is banned\n|rule|OHKO Clause: OHKO moves are banned\n|rule|Evasion Moves Clause: Evasion moves are banned\n|rule|Evasion Abilities Clause: Evasion abilities are banned\n|rule|Species Clause: Limit one of each Pok\u00e9mon\n|rule|Gravity Sleep Clause: The combination of sleep-inducing moves with imperfect accuracy and Gravity or Gigantamax Orbeetle are banned\n|clearpoke\n|poke|p1|Seismitoad, F|\n|poke|p1|Sandy Shocks|\n|poke|p1|Gliscor, F|\n|poke|p1|Electivire, F|\n|poke|p1|Sharpedo, F|\n|poke|p1|Silvally-*|\n|poke|p2|Murkrow, F|\n|poke|p2|Oricorio-Pom-Pom, F|\n|poke|p2|Indeedee-F, F|\n|poke|p2|Garchomp, F|\n|poke|p2|Kommo-o, F|\n|poke|p2|Tinkaton, F|\n|teampreview\n|\n|t:|1698937358\n|start\n|switch|p1a: Sandy Shocks|Sandy Shocks|100\/100\n|switch|p1b: Electivire|Electivire, F|100\/100\n|switch|p2a: Oricorio|Oricorio-Pom-Pom, F, shiny|100\/100\n|switch|p2b: Kommo-o|Kommo-o, F|100\/100\n|turn|1\n|\n|t:|1698937376\n|move|p1a: Sandy Shocks|Thunder Wave|p2b: Kommo-o\n|-status|p2b: Kommo-o|par\n|move|p1b: Electivire|Reflect|p1b: Electivire\n|-sidestart|p1: shr3dex|Reflect\n|move|p2a: Oricorio|Quiver Dance|p2a: Oricorio\n|-boost|p2a: Oricorio|spa|1\n|-boost|p2a: Oricorio|spd|1\n|-boost|p2a: Oricorio|spe|1\n|move|p2b: Kommo-o|Clangorous Soul|p2b: Kommo-o\n|-boost|p2b: Kommo-o|atk|1\n|-boost|p2b: Kommo-o|def|1\n|-boost|p2b: Kommo-o|spa|1\n|-boost|p2b: Kommo-o|spd|1\n|-boost|p2b: Kommo-o|spe|1\n|-damage|p2b: Kommo-o|68\/100 par\n|-activate|p2a: Oricorio|ability: Dancer\n|move|p2a: Oricorio|Clangorous Soul|p2a: Oricorio|[from]ability: Dancer\n|-boost|p2a: Oricorio|atk|1\n|-boost|p2a: Oricorio|def|1\n|-boost|p2a: Oricorio|spa|1\n|-boost|p2a: Oricorio|spd|1\n|-boost|p2a: Oricorio|spe|1\n|-damage|p2a: Oricorio|68\/100\n|\n|upkeep\n|turn|2\n|c|\u2606NosiXdda|!weakness electric\n|c| NosiXdda|\/raw <div class=\"infobox\">Electric:<br \/><span class=\"message-effect-weak\">Weaknesses<\/span>: Ground<br \/><span class=\"message-effect-resist\">Resistances<\/span>: Electric, Flying, Steel<br \/><span class=\"message-effect-immune\">Immunities<\/span>: Paralysis<\/div>\n|c|\u2606shr3dex|your strategys so boring\n|\n|t:|1698937418\n|move|p2a: Oricorio|Baton Pass|p2a: Oricorio\n|\n|t:|1698937422\n|switch|p2a: Indeedee|Indeedee-F, F, shiny|100\/100|[from] Baton Pass\n|-fieldstart|move: Psychic Terrain|[from] ability: Psychic Surge|[of] p2a: Indeedee\n|move|p1a: Sandy Shocks|Thunderbolt|p2a: Indeedee\n|-damage|p2a: Indeedee|75\/100\n|move|p1b: Electivire|Light Screen|p1b: Electivire\n|-sidestart|p1: shr3dex|move: Light Screen\n|move|p2b: Kommo-o|Dragon Dance|p2b: Kommo-o\n|-boost|p2b: Kommo-o|atk|1\n|-boost|p2b: Kommo-o|spe|1\n|\n|upkeep\n|turn|3\n|c|\u2606NosiXdda|when was the last time you saw someone use Oricorio and Kommo-o\n|\n|t:|1698937453\n|-end|p1a: Sandy Shocks|Protosynthesis|[silent]\n|switch|p1a: Sharpedo|Sharpedo, F, shiny|100\/100\n|move|p2a: Indeedee|Expanding Force|p1b: Electivire|[spread] p1b\n|-immune|p1a: Sharpedo\n|-crit|p1b: Electivire\n|-damage|p1b: Electivire|0 fnt\n|faint|p1b: Electivire\n|cant|p2b: Kommo-o|par\n|\n|upkeep\n|c|\u2606shr3dex|about every dancer team ive ever seen\n|\n|t:|1698937479\n|switch|p1b: Gliscor|Gliscor, F, shiny|100\/100\n|turn|4\n|c|\u2606NosiXdda|Atleast I don't fill my team up to the brim with Meta pokemon\n|\n|t:|1698937507\n|move|p2a: Indeedee|Expanding Force|p1a: Sharpedo|[spread] p1b\n|-immune|p1a: Sharpedo\n|-damage|p1b: Gliscor|0 fnt\n|faint|p1b: Gliscor\n|move|p1a: Sharpedo|Crunch|p2a: Indeedee\n|-supereffective|p2a: Indeedee\n|-damage|p2a: Indeedee|0 fnt\n|faint|p2a: Indeedee\n|move|p2b: Kommo-o|Outrage|p1a: Sharpedo\n|-damage|p1a: Sharpedo|0 fnt\n|faint|p1a: Sharpedo\n|\n|upkeep\n|c|\u2606shr3dex|such a boring strat still\n|inactive|Battle timer is ON: inactive players will automatically lose when time's up. (requested by shr3dex)\n|\n|t:|1698937533\n|switch|p2a: Murkrow|Murkrow, F|100\/100\n|switch|p1a: Silvally|Silvally-Fairy|100\/100\n|switch|p1b: Seismitoad|Seismitoad, F, shiny|100\/100\n|turn|5\n|\n|t:|1698937556\n|move|p2a: Murkrow|Tailwind|p2a: Murkrow\n|-sidestart|p2: NosiXdda|move: Tailwind\n|move|p2b: Kommo-o|Outrage|p1b: Seismitoad|[from]lockedmove\n|-damage|p1b: Seismitoad|15\/100\n|move|p1a: Silvally|Multi-Attack|p2b: Kommo-o\n|-supereffective|p2b: Kommo-o\n|-crit|p2b: Kommo-o\n|-damage|p2b: Kommo-o|0 fnt\n|faint|p2b: Kommo-o\n|move|p1b: Seismitoad|Rock Slide|p2a: Murkrow\n|-supereffective|p2a: Murkrow\n|-damage|p2a: Murkrow|33\/100\n|\n|-sideend|p1: shr3dex|Reflect\n|upkeep\n|inactive|NosiXdda has 120 seconds left.\n|\n|t:|1698937588\n|switch|p2b: Garchomp|Garchomp, F, shiny|100\/100\n|turn|6\n|inactive|NosiXdda has 120 seconds left.\n|\n|t:|1698937602\n|move|p2b: Garchomp|Outrage|p1a: Silvally\n|-immune|p1a: Silvally\n|move|p2a: Murkrow|Foul Play|p1b: Seismitoad\n|-damage|p1b: Seismitoad|0 fnt\n|faint|p1b: Seismitoad\n|move|p1a: Silvally|Multi-Attack|p2b: Garchomp\n|-supereffective|p2b: Garchomp\n|-damage|p2b: Garchomp|5\/100\n|-damage|p1a: Silvally|88\/100|[from] ability: Rough Skin|[of] p2b: Garchomp\n|\n|-sideend|p1: shr3dex|move: Light Screen\n|-fieldend|move: Psychic Terrain\n|upkeep\n|\n|t:|1698937613\n|switch|p1b: Sandy Shocks|Sandy Shocks|100\/100\n|turn|7\n|\n|t:|1698937626\n|move|p2b: Garchomp|Outrage|p1a: Silvally\n|-immune|p1a: Silvally\n|move|p2a: Murkrow|Foul Play|p1b: Sandy Shocks\n|-damage|p1b: Sandy Shocks|76\/100\n|move|p1b: Sandy Shocks|Thunderbolt|p2a: Murkrow\n|-supereffective|p2a: Murkrow\n|-damage|p2a: Murkrow|0 fnt\n|faint|p2a: Murkrow\n|move|p1a: Silvally|Multi-Attack|p2b: Garchomp\n|-supereffective|p2b: Garchomp\n|-damage|p2b: Garchomp|0 fnt\n|-damage|p1a: Silvally|76\/100|[from] ability: Rough Skin|[of] p2b: Garchomp\n|faint|p2b: Garchomp\n|\n|upkeep\n|\n|t:|1698937637\n|switch|p2b: Oricorio|Oricorio-Pom-Pom, F, shiny|68\/100\n|switch|p2a: Tinkaton|Tinkaton, F, shiny|100\/100\n|-ability|p2a: Tinkaton|Mold Breaker\n|turn|8\n|c|\u2606shr3dex|god damn your ass\n|c|\u2606shr3dex|actually carried by dancer\n|\n|t:|1698937664\n|move|p2a: Tinkaton|Gigaton Hammer|p1a: Silvally\n|-supereffective|p1a: Silvally\n|-damage|p1a: Silvally|0 fnt\n|faint|p1a: Silvally\n|move|p2b: Oricorio|Quiver Dance|p2b: Oricorio\n|-boost|p2b: Oricorio|spa|1\n|-boost|p2b: Oricorio|spd|1\n|-boost|p2b: Oricorio|spe|1\n|move|p1b: Sandy Shocks|Earth Power|p2a: Tinkaton\n|-supereffective|p2a: Tinkaton\n|-damage|p2a: Tinkaton|7\/100\n|-enditem|p2a: Tinkaton|Aguav Berry|[eat]\n|-heal|p2a: Tinkaton|40\/100|[from] item: Aguav Berry\n|\n|-sideend|p2: NosiXdda|move: Tailwind\n|upkeep\n|turn|9\n|c|\u2606NosiXdda|Oricorio is literally useless rn\n|\n|t:|1698937693\n|-terastallize|p1b: Sandy Shocks|Steel\n|move|p2b: Oricorio|Revelation Dance|p1b: Sandy Shocks\n|-damage|p1b: Sandy Shocks|0 fnt\n|faint|p1b: Sandy Shocks\n|-end|p1b: Sandy Shocks|Protosynthesis|[silent]\n|\n|win|NosiXdda\n|raw|shr3dex's rating: 1133 &rarr; <strong>1111<\/strong><br \/>(-22 for losing)\n|raw|NosiXdda's rating: 1168 &rarr; <strong>1190<\/strong><br \/>(+22 for winning)\n","uploadtime":1698937646,"views":3,"p1id":"shr3dex","p2id":"nosixdda","formatid":"gen9nationaldexdoubles","rating":1111,"private":0,"password":""}