{"id":"gen9nationaldexdoubles-1975223000","p1":"Okto481","p2":"shiftygatito","format":"[Gen 9] National Dex Doubles","log":"|j|\u2606Okto481\n|j|\u2606shiftygatito\n|t:|1698171469\n|gametype|doubles\n|player|p1|Okto481|dawn|\n|player|p2|shiftygatito|hugh|\n|teamsize|p1|6\n|teamsize|p2|6\n|gen|9\n|tier|[Gen 9] National Dex Doubles\n|rule|HP Percentage Mod: HP is shown in percentages\n|rule|Endless Battle Clause: Forcing endless battles is banned\n|rule|OHKO Clause: OHKO moves are banned\n|rule|Evasion Moves Clause: Evasion moves are banned\n|rule|Evasion Abilities Clause: Evasion abilities are banned\n|rule|Species Clause: Limit one of each Pok\u00e9mon\n|rule|Gravity Sleep Clause: The combination of sleep-inducing moves with imperfect accuracy and Gravity or Gigantamax Orbeetle are banned\n|clearpoke\n|poke|p1|Tapu Lele|\n|poke|p1|Gardevoir, M|\n|poke|p1|Gallade, M|\n|poke|p1|Indeedee-F, F|\n|poke|p1|Dottler, F|\n|poke|p1|Armarouge, M|\n|poke|p2|Tapu Koko|\n|poke|p2|Iron Valiant|\n|poke|p2|Hawlucha, F|\n|poke|p2|Iron Moth|\n|poke|p2|Scizor, M|\n|poke|p2|Gliscor, F|\n|teampreview\n|inactive|Battle timer is ON: inactive players will automatically lose when time's up. (requested by shiftygatito)\n|c|\u2606shiftygatito|glhf\n|c|\u2606shiftygatito|your team looks scary lol\n|\n|t:|1698171494\n|start\n|switch|p1a: Indeedee|Indeedee-F, F|100\/100\n|switch|p1b: Dottler|Dottler, F|100\/100\n|switch|p2a: Gliscor|Gliscor, F|100\/100\n|switch|p2b: Scizor|Scizor, M|100\/100\n|-fieldstart|move: Psychic Terrain|[from] ability: Psychic Surge|[of] p1a: Indeedee\n|turn|1\n|\n|t:|1698171511\n|detailschange|p2b: Scizor|Scizor-Mega, M\n|-mega|p2b: Scizor|Scizor|Scizorite\n|move|p1a: Indeedee|Follow Me|p1a: Indeedee\n|-singleturn|p1a: Indeedee|move: Follow Me\n|move|p2b: Scizor|Trailblaze|p1a: Indeedee\n|-damage|p1a: Indeedee|47\/100\n|-boost|p2b: Scizor|spe|1\n|move|p2a: Gliscor|U-turn|p1a: Indeedee\n|-supereffective|p1a: Indeedee\n|-damage|p1a: Indeedee|0 fnt\n|faint|p1a: Indeedee\n|\n|t:|1698171518\n|switch|p2a: Tapu Koko|Tapu Koko|100\/100|[from] U-turn\n|-fieldstart|move: Electric Terrain|[from] ability: Electric Surge|[of] p2a: Tapu Koko\n|move|p1b: Dottler|Sticky Web|p2a: Tapu Koko\n|-sidestart|p2: shiftygatito|move: Sticky Web\n|\n|upkeep\n|\n|t:|1698171523\n|switch|p1a: Tapu Lele|Tapu Lele|100\/100\n|-fieldstart|move: Psychic Terrain|[from] ability: Psychic Surge|[of] p1a: Tapu Lele\n|turn|2\n|\n|t:|1698171543\n|switch|p1a: Gallade|Gallade, M|100\/100\n|move|p2a: Tapu Koko|Light Screen|p2a: Tapu Koko\n|-sidestart|p2: shiftygatito|move: Light Screen\n|move|p2b: Scizor|Trailblaze|p1a: Gallade\n|-damage|p1a: Gallade|49\/100\n|-boost|p2b: Scizor|spe|1\n|move|p1b: Dottler|Skill Swap|p2b: Scizor\n|-activate|p1b: Dottler|move: Skill Swap|Technician|Swarm|[of] p2b: Scizor\n|\n|upkeep\n|turn|3\n|\n|t:|1698171563\n|switch|p1b: Armarouge|Armarouge, M|100\/100\n|move|p2b: Scizor|Trailblaze|p1a: Gallade\n|-damage|p1a: Gallade|15\/100\n|-boost|p2b: Scizor|spe|1\n|move|p2a: Tapu Koko|Dazzling Gleam|p1b: Armarouge|[spread] p1a,p1b\n|-supereffective|p1a: Gallade\n|-resisted|p1b: Armarouge\n|-damage|p1a: Gallade|0 fnt\n|-damage|p1b: Armarouge|87\/100\n|faint|p1a: Gallade\n|\n|upkeep\n|\n|t:|1698171575\n|switch|p1a: Gardevoir|Gardevoir, M|100\/100\n|-ability|p1a: Gardevoir|Swarm|[from] ability: Trace|[of] p2b: Scizor\n|turn|4\n|\n|t:|1698171596\n|switch|p2a: Gliscor|Gliscor, F|100\/100\n|detailschange|p1a: Gardevoir|Gardevoir-Mega, M\n|-mega|p1a: Gardevoir|Gardevoir|Gardevoirite\n|move|p1a: Gardevoir|Protect|p1a: Gardevoir\n|-singleturn|p1a: Gardevoir|Protect\n|move|p2b: Scizor|Trailblaze|p1a: Gardevoir\n|-activate|p1a: Gardevoir|move: Protect\n|move|p1b: Armarouge|Armor Cannon|p2b: Scizor\n|-supereffective|p2b: Scizor\n|-damage|p2b: Scizor|0 fnt\n|-unboost|p1b: Armarouge|def|1\n|-unboost|p1b: Armarouge|spd|1\n|faint|p2b: Scizor\n|\n|-status|p2a: Gliscor|tox|[from] item: Toxic Orb\n|upkeep\n|\n|t:|1698171602\n|switch|p2b: Tapu Koko|Tapu Koko|100\/100\n|-activate|p2b: Tapu Koko|move: Sticky Web\n|-unboost|p2b: Tapu Koko|spe|1\n|-fieldstart|move: Electric Terrain|[from] ability: Electric Surge|[of] p2b: Tapu Koko\n|turn|5\n|\n|t:|1698171620\n|switch|p1a: Dottler|Dottler, F|100\/100\n|move|p1b: Armarouge|Protect|p1b: Armarouge\n|-singleturn|p1b: Armarouge|Protect\n|move|p2b: Tapu Koko|Thunderbolt|p1b: Armarouge\n|-activate|p1b: Armarouge|move: Protect\n|move|p2a: Gliscor|Toxic|p1a: Dottler|[miss]\n|-miss|p2a: Gliscor|p1a: Dottler\n|\n|upkeep\n|turn|6\n|\n|t:|1698171636\n|switch|p1b: Tapu Lele|Tapu Lele|100\/100\n|-fieldstart|move: Psychic Terrain|[from] ability: Psychic Surge|[of] p1b: Tapu Lele\n|move|p2b: Tapu Koko|Thunderbolt|p1b: Tapu Lele\n|-damage|p1b: Tapu Lele|71\/100\n|move|p2a: Gliscor|Toxic|p1a: Dottler\n|-status|p1a: Dottler|tox\n|move|p1a: Dottler|Skill Swap|p2a: Gliscor\n|-activate|p1a: Dottler|move: Skill Swap|Poison Heal|Swarm|[of] p2a: Gliscor\n|\n|-damage|p2a: Gliscor|88\/100 tox|[from] psn\n|-sideend|p2: shiftygatito|move: Light Screen\n|upkeep\n|turn|7\n|\n|t:|1698171660\n|switch|p2b: Iron Moth|Iron Moth|100\/100\n|move|p2a: Gliscor|Protect|p2a: Gliscor\n|-singleturn|p2a: Gliscor|Protect\n|move|p1b: Tapu Lele|Psychic|p2a: Gliscor\n|-activate|p2a: Gliscor|move: Protect\n|move|p1a: Dottler|Iron Defense|p1a: Dottler\n|-boost|p1a: Dottler|def|2\n|\n|-damage|p2a: Gliscor|69\/100 tox|[from] psn\n|upkeep\n|turn|8\n|\n|t:|1698171670\n|move|p2b: Iron Moth|Sludge Wave|p1a: Dottler|[spread] p2a,p1a,p1b\n|-resisted|p2a: Gliscor\n|-supereffective|p1b: Tapu Lele\n|-damage|p2a: Gliscor|55\/100 tox\n|-damage|p1a: Dottler|71\/100 tox\n|-damage|p1b: Tapu Lele|0 fnt\n|faint|p1b: Tapu Lele\n|move|p2a: Gliscor|U-turn|p1a: Dottler\n|-supereffective|p1a: Dottler\n|-damage|p1a: Dottler|62\/100 tox\n|\n|t:|1698171674\n|switch|p2a: Tapu Koko|Tapu Koko|100\/100|[from] U-turn\n|-activate|p2a: Tapu Koko|move: Sticky Web\n|-unboost|p2a: Tapu Koko|spe|1\n|-fieldstart|move: Electric Terrain|[from] ability: Electric Surge|[of] p2a: Tapu Koko\n|-activate|p2b: Iron Moth|ability: Quark Drive\n|-start|p2b: Iron Moth|quarkdrivespe\n|move|p1a: Dottler|Body Press|p2a: Tapu Koko\n|-resisted|p2a: Tapu Koko\n|-damage|p2a: Tapu Koko|75\/100\n|\n|-heal|p1a: Dottler|74\/100 tox|[from] ability: Poison Heal\n|upkeep\n|\n|t:|1698171682\n|switch|p1b: Armarouge|Armarouge, M|87\/100\n|turn|9\n|\n|t:|1698171703\n|move|p2b: Iron Moth|Heat Wave|p1b: Armarouge|[spread] p1a,p1b\n|-supereffective|p1a: Dottler\n|-resisted|p1b: Armarouge\n|-damage|p1a: Dottler|16\/100 tox\n|-damage|p1b: Armarouge|62\/100\n|move|p1b: Armarouge|Expanding Force|p2b: Iron Moth\n|-supereffective|p2b: Iron Moth\n|-damage|p2b: Iron Moth|24\/100\n|move|p2a: Tapu Koko|Thunderbolt|p1b: Armarouge\n|-damage|p1b: Armarouge|10\/100\n|move|p1a: Dottler|Body Press|p2a: Tapu Koko\n|-resisted|p2a: Tapu Koko\n|-crit|p2a: Tapu Koko\n|-damage|p2a: Tapu Koko|36\/100\n|\n|-heal|p1a: Dottler|28\/100 tox|[from] ability: Poison Heal\n|upkeep\n|turn|10\n|inactive|Okto481 has 270 seconds left.\n|\n|t:|1698171741\n|move|p1b: Armarouge|Wide Guard|p1b: Armarouge\n|-singleturn|p1b: Armarouge|Wide Guard\n|move|p2b: Iron Moth|Heat Wave|p1b: Armarouge|[spread] \n|-activate|p1a: Dottler|move: Wide Guard\n|-activate|p1b: Armarouge|move: Wide Guard\n|move|p2a: Tapu Koko|Dazzling Gleam|p1a: Dottler|[spread] \n|-activate|p1a: Dottler|move: Wide Guard\n|-activate|p1b: Armarouge|move: Wide Guard\n|move|p1a: Dottler|Body Press|p2b: Iron Moth\n|-resisted|p2b: Iron Moth\n|-damage|p2b: Iron Moth|0 fnt\n|faint|p2b: Iron Moth\n|-end|p2b: Iron Moth|Quark Drive|[silent]\n|\n|-heal|p1a: Dottler|40\/100 tox|[from] ability: Poison Heal\n|upkeep\n|inactive|shiftygatito has 270 seconds left.\n|\n|t:|1698171779\n|switch|p2b: Iron Valiant|Iron Valiant|100\/100\n|-activate|p2b: Iron Valiant|move: Sticky Web\n|-unboost|p2b: Iron Valiant|spe|1\n|-activate|p2b: Iron Valiant|ability: Quark Drive\n|-start|p2b: Iron Valiant|quarkdrivespa\n|turn|11\n|\n|t:|1698171796\n|move|p1b: Armarouge|Expanding Force|p2b: Iron Valiant\n|-supereffective|p2b: Iron Valiant\n|-damage|p2b: Iron Valiant|0 fnt\n|faint|p2b: Iron Valiant\n|-end|p2b: Iron Valiant|Quark Drive|[silent]\n|move|p2a: Tapu Koko|Thunderbolt|p1b: Armarouge\n|-crit|p1b: Armarouge\n|-damage|p1b: Armarouge|0 fnt\n|faint|p1b: Armarouge\n|move|p1a: Dottler|Body Press|p2a: Tapu Koko\n|-resisted|p2a: Tapu Koko\n|-damage|p2a: Tapu Koko|12\/100\n|\n|-heal|p1a: Dottler|52\/100 tox|[from] ability: Poison Heal\n|upkeep\n|\n|t:|1698171802\n|switch|p2b: Gliscor|Gliscor, F|55\/100 tox\n|switch|p1b: Gardevoir|Gardevoir-Mega, M|100\/100\n|turn|12\n|\n|t:|1698171818\n|move|p1b: Gardevoir|Hyper Voice|p2b: Gliscor|[spread] p2a,p2b\n|-damage|p2a: Tapu Koko|0 fnt\n|-damage|p2b: Gliscor|15\/100 tox\n|faint|p2a: Tapu Koko\n|move|p2b: Gliscor|Toxic|p1b: Gardevoir\n|-status|p1b: Gardevoir|tox\n|move|p1a: Dottler|Body Press|p2b: Gliscor\n|-resisted|p2b: Gliscor\n|-damage|p2b: Gliscor|0 fnt\n|faint|p2b: Gliscor\n|\n|-damage|p1b: Gardevoir|94\/100 tox|[from] psn\n|-heal|p1a: Dottler|65\/100 tox|[from] ability: Poison Heal\n|upkeep\n|\n|t:|1698171822\n|switch|p2b: Hawlucha|Hawlucha, F|100\/100\n|-enditem|p2b: Hawlucha|Electric Seed\n|-boost|p2b: Hawlucha|def|1|[from] item: Electric Seed\n|turn|13\n|\n|t:|1698171832\n|move|p1b: Gardevoir|Protect|p1b: Gardevoir\n|-singleturn|p1b: Gardevoir|Protect\n|move|p2b: Hawlucha|Acrobatics|p1b: Gardevoir\n|-activate|p1b: Gardevoir|move: Protect\n|move|p1a: Dottler|Skill Swap|p2b: Hawlucha\n|-activate|p1a: Dottler|move: Skill Swap|Unburden|Poison Heal|[of] p2b: Hawlucha\n|\n|-damage|p1b: Gardevoir|82\/100 tox|[from] psn\n|-damage|p1a: Dottler|17\/100 tox|[from] psn\n|upkeep\n|turn|14\n|\n|t:|1698171851\n|-terastallize|p2b: Hawlucha|Steel\n|move|p1b: Gardevoir|Hyper Voice|p2b: Hawlucha\n|-resisted|p2b: Hawlucha\n|-damage|p2b: Hawlucha|53\/100\n|move|p2b: Hawlucha|Acrobatics|p1b: Gardevoir\n|-damage|p1b: Gardevoir|0 fnt\n|faint|p1b: Gardevoir\n|move|p1a: Dottler|Body Press|p2b: Hawlucha\n|-supereffective|p2b: Hawlucha\n|-damage|p2b: Hawlucha|0 fnt\n|faint|p2b: Hawlucha\n|\n|win|Okto481\n|c|\u2606shiftygatito|gg\n|c|\u2606Okto481|gg\n|c|\u2606shiftygatito|i want a rematch\n|c|\u2606Okto481|you've got one then\n","uploadtime":1698171869,"views":9,"p1id":"okto481","p2id":"shiftygatito","formatid":"gen9nationaldexdoubles","rating":0,"private":0,"password":""}