{"id":"gen9nationaldexdoubles-1974570265","p1":"6DFirapaka","p2":"sdgbadbg","format":"[Gen 9] National Dex Doubles","log":"|j|\u26066DFirapaka\n|j|\u2606sdgbadbg\n|t:|1698098340\n|gametype|doubles\n|player|p1|6DFirapaka|scientist-gen4dp|1040\n|player|p2|sdgbadbg|lucas|1117\n|teamsize|p1|5\n|teamsize|p2|6\n|gen|9\n|tier|[Gen 9] National Dex Doubles\n|rated|\n|rule|HP Percentage Mod: HP is shown in percentages\n|rule|Endless Battle Clause: Forcing endless battles is banned\n|rule|OHKO Clause: OHKO moves are banned\n|rule|Evasion Moves Clause: Evasion moves are banned\n|rule|Evasion Abilities Clause: Evasion abilities are banned\n|rule|Species Clause: Limit one of each Pok\u00e9mon\n|rule|Gravity Sleep Clause: The combination of sleep-inducing moves with imperfect accuracy and Gravity or Gigantamax Orbeetle are banned\n|clearpoke\n|poke|p1|Dachsbun, F|\n|poke|p1|Baxcalibur, F|\n|poke|p1|Armarouge, F|\n|poke|p1|Maushold-Four|\n|poke|p1|Indeedee-F, F|\n|poke|p2|Indeedee-F, F|\n|poke|p2|Oranguru, M|\n|poke|p2|Glastrier|\n|poke|p2|Hoopa-Unbound|\n|poke|p2|Ursaluna, M|\n|poke|p2|Zygarde|\n|teampreview\n|inactive|Battle timer is ON: inactive players will automatically lose when time's up. (requested by 6DFirapaka)\n|\n|t:|1698098357\n|start\n|switch|p1a: 360oogabooga|Dachsbun, F|100\/100\n|switch|p1b: Armarouge|Armarouge, F|100\/100\n|switch|p2a: Hoopa|Hoopa-Unbound|100\/100\n|switch|p2b: Zygarde|Zygarde|100\/100\n|-ability|p2b: Zygarde|Aura Break\n|turn|1\n|\n|t:|1698098378\n|-terastallize|p1b: Armarouge|Grass\n|move|p1a: 360oogabooga|Body Press|p2a: Hoopa\n|-damage|p2a: Hoopa|65\/100\n|move|p1b: Armarouge|Lava Plume|p2a: Hoopa|[spread] p2a,p2b\n|-ability|p1a: 360oogabooga|Well-Baked Body|boost\n|-boost|p1a: 360oogabooga|def|2\n|-resisted|p2b: Zygarde\n|-damage|p2a: Hoopa|41\/100\n|-damage|p2b: Zygarde|91\/100\n|-status|p2b: Zygarde|brn\n|move|p2b: Zygarde|Coil|p2b: Zygarde\n|-boost|p2b: Zygarde|atk|1\n|-boost|p2b: Zygarde|def|1\n|-boost|p2b: Zygarde|accuracy|1\n|move|p2a: Hoopa|Trick Room|p2a: Hoopa\n|-fieldstart|move: Trick Room|[of] p2a: Hoopa\n|-enditem|p2b: Zygarde|Room Service\n|-unboost|p2b: Zygarde|spe|1|[from] item: Room Service\n|-enditem|p2a: Hoopa|Room Service\n|-unboost|p2a: Hoopa|spe|1|[from] item: Room Service\n|\n|-damage|p2b: Zygarde|85\/100 brn|[from] brn\n|upkeep\n|turn|2\n|inactive|sdgbadbg has 120 seconds left.\n|\n|t:|1698098410\n|move|p2a: Hoopa|Shadow Ball|p1a: 360oogabooga\n|-damage|p1a: 360oogabooga|37\/100\n|-item|p2a: Hoopa|Choice Scarf|[from] ability: Magician|[of] p1a: 360oogabooga\n|move|p2b: Zygarde|Coil|p2b: Zygarde\n|-boost|p2b: Zygarde|atk|1\n|-boost|p2b: Zygarde|def|1\n|-boost|p2b: Zygarde|accuracy|1\n|move|p1b: Armarouge|Lava Plume|p2a: Hoopa|[spread] p2a,p2b\n|-ability|p1a: 360oogabooga|Well-Baked Body|boost\n|-boost|p1a: 360oogabooga|def|2\n|-resisted|p2b: Zygarde\n|-damage|p2a: Hoopa|18\/100\n|-damage|p2b: Zygarde|76\/100 brn\n|move|p1a: 360oogabooga|Body Press|p2b: Zygarde\n|-damage|p2b: Zygarde|49\/100 brn\n|\n|-damage|p2b: Zygarde|43\/100 brn|[from] brn\n|upkeep\n|turn|3\n|\n|t:|1698098430\n|move|p2b: Zygarde|Crunch|p1b: Armarouge\n|-damage|p1b: Armarouge|80\/100\n|-ability|p1b: Armarouge|Weak Armor|boost\n|-unboost|p1b: Armarouge|def|1\n|-boost|p1b: Armarouge|spe|2\n|move|p2a: Hoopa|Shadow Ball|p1a: 360oogabooga\n|-damage|p1a: 360oogabooga|0 fnt\n|faint|p1a: 360oogabooga\n|move|p1b: Armarouge|Lava Plume|p2a: Hoopa|[spread] p2a,p2b\n|-resisted|p2b: Zygarde\n|-damage|p2a: Hoopa|0 fnt\n|-damage|p2b: Zygarde|35\/100 brn\n|faint|p2a: Hoopa\n|\n|-damage|p2b: Zygarde|28\/100 brn|[from] brn\n|upkeep\n|\n|t:|1698098453\n|switch|p2a: Ursaluna|Ursaluna, M|100\/100\n|switch|p1a: Indeedee|Indeedee-F, F|100\/100\n|-fieldstart|move: Psychic Terrain|[from] ability: Psychic Surge|[of] p1a: Indeedee\n|-enditem|p1a: Indeedee|Psychic Seed\n|-boost|p1a: Indeedee|spd|1|[from] item: Psychic Seed\n|turn|4\n|\n|t:|1698098470\n|move|p1a: Indeedee|Follow Me|p1a: Indeedee\n|-singleturn|p1a: Indeedee|move: Follow Me\n|move|p2a: Ursaluna|Facade|p1a: Indeedee\n|-damage|p1a: Indeedee|29\/100\n|move|p2b: Zygarde|Thousand Arrows|p1b: Armarouge|[spread] p1a,p1b\n|-resisted|p1b: Armarouge\n|-damage|p1a: Indeedee|0 fnt\n|-damage|p1b: Armarouge|60\/100\n|-ability|p1b: Armarouge|Weak Armor|boost\n|-unboost|p1b: Armarouge|def|1\n|-boost|p1b: Armarouge|spe|2\n|faint|p1a: Indeedee\n|move|p1b: Armarouge|Expanding Force|p2b: Zygarde|[spread] p2a,p2b\n|-damage|p2a: Ursaluna|44\/100\n|-damage|p2b: Zygarde|0 fnt\n|faint|p2b: Zygarde\n|\n|-status|p2a: Ursaluna|brn|[from] item: Flame Orb\n|upkeep\n|\n|t:|1698098493\n|switch|p2b: Oranguru|Oranguru, M|100\/100\n|switch|p1a: Maushold|Maushold-Four|100\/100\n|turn|5\n|\n|t:|1698098503\n|move|p2a: Ursaluna|Facade|p1b: Armarouge\n|-damage|p1b: Armarouge|0 fnt\n|faint|p1b: Armarouge\n|move|p2b: Oranguru|Instruct|p2a: Ursaluna\n|-singleturn|p2a: Ursaluna|move: Instruct|[of] p2b: Oranguru\n|move|p2a: Ursaluna|Facade|p1a: Maushold\n|-damage|p1a: Maushold|0 fnt\n|faint|p1a: Maushold\n|\n|-damage|p2a: Ursaluna|38\/100 brn|[from] brn\n|-fieldend|move: Trick Room\n|upkeep\n|-message|6DFirapaka forfeited.\n|\n|win|sdgbadbg\n|raw|6DFirapaka's rating: 1040 &rarr; <strong>1027<\/strong><br \/>(-13 for losing)\n|raw|sdgbadbg's rating: 1117 &rarr; <strong>1137<\/strong><br \/>(+20 for winning)\n|l|\u26066DFirapaka\n","uploadtime":1698098519,"views":7,"p1id":"6dfirapaka","p2id":"sdgbadbg","formatid":"gen9nationaldexdoubles","rating":1027,"private":0,"password":""}