{"id":"gen9nationaldexdoubles-1957276258","p1":"TogsWorth","p2":"El Ryuk456","format":"[Gen 9] National Dex Doubles","log":"|j|\u2606TogsWorth\n|j|\u2606El Ryuk456\n|t:|1696203789\n|gametype|doubles\n|player|p1|TogsWorth|rocketgruntf|1143\n|player|p2|El Ryuk456|blaine|1297\n|teamsize|p1|6\n|teamsize|p2|6\n|gen|9\n|tier|[Gen 9] National Dex Doubles\n|rated|\n|rule|HP Percentage Mod: HP is shown in percentages\n|rule|Endless Battle Clause: Forcing endless battles is banned\n|rule|OHKO Clause: OHKO moves are banned\n|rule|Evasion Moves Clause: Evasion moves are banned\n|rule|Evasion Abilities Clause: Evasion abilities are banned\n|rule|Species Clause: Limit one of each Pok\u00e9mon\n|rule|Gravity Sleep Clause: The combination of sleep-inducing moves with imperfect accuracy and Gravity or Gigantamax Orbeetle are banned\n|clearpoke\n|poke|p1|Polteageist|\n|poke|p1|Aegislash, F|\n|poke|p1|Cloyster, F|\n|poke|p1|Swoobat, F|\n|poke|p1|Snorlax, F|\n|poke|p1|Mimikyu, F|\n|poke|p2|Sableye, M|\n|poke|p2|Mandibuzz, F|\n|poke|p2|Kleavor, M|\n|poke|p2|Samurott-Hisui, M|\n|poke|p2|Armarouge, M|\n|poke|p2|Skeledirge, M|\n|teampreview\n|inactive|Battle timer is ON: inactive players will automatically lose when time's up. (requested by TogsWorth)\n|\n|t:|1696203808\n|start\n|switch|p1a: Cloyster|Cloyster, F|100\/100\n|switch|p1b: Swoobat|Swoobat, F, shiny|100\/100\n|switch|p2a: Kaido|Kleavor, M|100\/100\n|switch|p2b: Bushii|Samurott-Hisui, M|100\/100\n|turn|1\n|\n|t:|1696203822\n|-terastallize|p1a: Cloyster|Water\n|move|p1b: Swoobat|Calm Mind|p1b: Swoobat\n|-boost|p1b: Swoobat|spa|2\n|-boost|p1b: Swoobat|spd|2\n|move|p1a: Cloyster|Shell Smash|p1a: Cloyster\n|-unboost|p1a: Cloyster|def|1\n|-unboost|p1a: Cloyster|spd|1\n|-boost|p1a: Cloyster|atk|2\n|-boost|p1a: Cloyster|spa|2\n|-boost|p1a: Cloyster|spe|2\n|-enditem|p1a: Cloyster|White Herb\n|-clearnegativeboost|p1a: Cloyster|[silent]\n|move|p2a: Kaido|Stone Axe|p1a: Cloyster\n|-damage|p1a: Cloyster|60\/100\n|-sidestart|p1: TogsWorth|move: Stealth Rock\n|move|p2b: Bushii|Ceaseless Edge|p1b: Swoobat\n|-supereffective|p1b: Swoobat\n|-damage|p1b: Swoobat|0 fnt\n|-sidestart|p1: TogsWorth|Spikes\n|faint|p1b: Swoobat\n|\n|upkeep\n|\n|t:|1696203832\n|switch|p1b: Snorlax|Snorlax, F, shiny|100\/100\n|-damage|p1b: Snorlax|88\/100|[from] Stealth Rock\n|-damage|p1b: Snorlax|76\/100|[from] Spikes\n|turn|2\n|\n|t:|1696203851\n|move|p2a: Kaido|Feint|p1a: Cloyster\n|-damage|p1a: Cloyster|51\/100\n|move|p1a: Cloyster|Waterfall|p2a: Kaido\n|-supereffective|p2a: Kaido\n|-damage|p2a: Kaido|0 fnt\n|faint|p2a: Kaido\n|move|p2b: Bushii|Sacred Sword|p1a: Cloyster\n|-damage|p1a: Cloyster|15\/100\n|move|p1b: Snorlax|Curse|p1b: Snorlax\n|-unboost|p1b: Snorlax|spe|1\n|-boost|p1b: Snorlax|atk|1\n|-boost|p1b: Snorlax|def|1\n|\n|upkeep\n|\n|t:|1696203860\n|switch|p2a: Yami|Sableye, M|100\/100\n|turn|3\n|\n|t:|1696203868\n|move|p2a: Yami|Will-O-Wisp|p1b: Snorlax\n|-status|p1b: Snorlax|brn\n|move|p1a: Cloyster|Icicle Spear|p2a: Yami\n|-damage|p2a: Yami|74\/100\n|-damage|p2a: Yami|48\/100\n|-damage|p2a: Yami|23\/100\n|-damage|p2a: Yami|0 fnt\n|faint|p2a: Yami\n|-hitcount|p2: Yami|4\n|move|p2b: Bushii|Ceaseless Edge|p1a: Cloyster\n|-damage|p1a: Cloyster|0 fnt\n|-sidestart|p1: TogsWorth|Spikes\n|faint|p1a: Cloyster\n|move|p1b: Snorlax|Gunk Shot|p2b: Bushii\n|-damage|p2b: Bushii|75\/100\n|-status|p2b: Bushii|psn\n|\n|-damage|p2b: Bushii|63\/100 psn|[from] psn\n|-damage|p1b: Snorlax|70\/100 brn|[from] brn\n|upkeep\n|\n|t:|1696203886\n|switch|p1a: Mimikyu|Mimikyu, F|100\/100\n|switch|p2a: Rookie|Skeledirge, M|100\/100\n|-damage|p1a: Mimikyu|88\/100|[from] Stealth Rock\n|-damage|p1a: Mimikyu|72\/100|[from] Spikes\n|turn|4\n|\n|t:|1696203897\n|-terastallize|p2a: Rookie|Water\n|move|p2b: Bushii|Ceaseless Edge|p1a: Mimikyu\n|-activate|p1a: Mimikyu|ability: Disguise\n|-damage|p1a: Mimikyu|72\/100\n|-sidestart|p1: TogsWorth|Spikes\n|detailschange|p1a: Mimikyu|Mimikyu-Busted, F\n|-damage|p1a: Mimikyu|59\/100|[from] pokemon: Mimikyu-Busted\n|move|p1a: Mimikyu|Destiny Bond|p1a: Mimikyu\n|-singlemove|p1a: Mimikyu|Destiny Bond\n|move|p2a: Rookie|Snarl|p1b: Snorlax|[spread] p1a,p1b\n|-damage|p1a: Mimikyu|46\/100\n|-damage|p1b: Snorlax|63\/100 brn\n|-unboost|p1a: Mimikyu|spa|1\n|-unboost|p1b: Snorlax|spa|1\n|move|p1b: Snorlax|Gunk Shot|p2b: Bushii\n|-damage|p2b: Bushii|37\/100 psn\n|\n|-damage|p2b: Bushii|24\/100 psn|[from] psn\n|-damage|p1b: Snorlax|57\/100 brn|[from] brn\n|upkeep\n|turn|5\n|\n|t:|1696203913\n|move|p2b: Bushii|Ceaseless Edge|p1a: Mimikyu|[miss]\n|-miss|p2b: Bushii|p1a: Mimikyu\n|move|p1a: Mimikyu|Play Rough|p2a: Rookie\n|-damage|p2a: Rookie|70\/100\n|move|p2a: Rookie|Torch Song|p1b: Snorlax\n|-damage|p1b: Snorlax|38\/100 brn\n|-boost|p2a: Rookie|spa|1\n|move|p1b: Snorlax|Gunk Shot|p2a: Rookie|[miss]\n|-miss|p1b: Snorlax|p2a: Rookie\n|\n|-damage|p2b: Bushii|12\/100 psn|[from] psn\n|-damage|p1b: Snorlax|32\/100 brn|[from] brn\n|upkeep\n|turn|6\n|\n|t:|1696203936\n|move|p2b: Bushii|Ceaseless Edge|p1a: Mimikyu\n|-damage|p1a: Mimikyu|0 fnt\n|faint|p1a: Mimikyu\n|move|p2a: Rookie|Torch Song|p1b: Snorlax\n|-damage|p1b: Snorlax|1\/100 brn\n|-boost|p2a: Rookie|spa|1\n|move|p1b: Snorlax|Gunk Shot|p2a: Rookie\n|-damage|p2a: Rookie|58\/100\n|-status|p2a: Rookie|psn\n|\n|-damage|p2b: Bushii|0 fnt|[from] psn\n|faint|p2b: Bushii\n|-damage|p2a: Rookie|45\/100 psn|[from] psn\n|-damage|p1b: Snorlax|0 fnt|[from] brn\n|faint|p1b: Snorlax\n|upkeep\n|-enditem|p2a: Rookie|Sitrus Berry|[eat]\n|-heal|p2a: Rookie|70\/100 psn|[from] item: Sitrus Berry\n|\n|t:|1696203954\n|switch|p2b: Dai|Mandibuzz, F|100\/100\n|switch|p1a: Polteageist|Polteageist, shiny|100\/100\n|switch|p1b: Aegislash|Aegislash, F, shiny|100\/100\n|-damage|p1a: Polteageist|88\/100|[from] Stealth Rock\n|-damage|p1a: Polteageist|63\/100|[from] Spikes\n|-damage|p1b: Aegislash|94\/100|[from] Stealth Rock\n|-damage|p1b: Aegislash|70\/100|[from] Spikes\n|turn|7\n|\n|t:|1696203964\n|move|p1b: Aegislash|King's Shield|p1b: Aegislash\n|-singleturn|p1b: Aegislash|Protect\n|move|p2b: Dai|Snarl|p1b: Aegislash|[spread] p1a\n|-activate|p1b: Aegislash|move: Protect\n|-supereffective|p1a: Polteageist\n|-damage|p1a: Polteageist|45\/100\n|-unboost|p1a: Polteageist|spa|1\n|move|p1a: Polteageist|Shell Smash|p1a: Polteageist\n|-unboost|p1a: Polteageist|def|1\n|-unboost|p1a: Polteageist|spd|1\n|-boost|p1a: Polteageist|atk|2\n|-boost|p1a: Polteageist|spa|2\n|-boost|p1a: Polteageist|spe|2\n|move|p2a: Rookie|Snarl|p1b: Aegislash|[spread] p1a\n|-activate|p1b: Aegislash|move: Protect\n|-supereffective|p1a: Polteageist\n|-damage|p1a: Polteageist|0 fnt\n|faint|p1a: Polteageist\n|\n|-heal|p1b: Aegislash|76\/100|[from] item: Leftovers\n|-damage|p2a: Rookie|58\/100 psn|[from] psn\n|upkeep\n|turn|8\n|\n|t:|1696203983\n|move|p2b: Dai|Snarl|p1b: Aegislash\n|-supereffective|p1b: Aegislash\n|-damage|p1b: Aegislash|58\/100\n|-unboost|p1b: Aegislash|spa|1\n|move|p2a: Rookie|Torch Song|p1b: Aegislash\n|-supereffective|p1b: Aegislash\n|-damage|p1b: Aegislash|0 fnt\n|-boost|p2a: Rookie|spa|1\n|faint|p1b: Aegislash\n|\n|win|El Ryuk456\n|raw|TogsWorth's rating: 1143 &rarr; <strong>1128<\/strong><br \/>(-15 for losing)\n|raw|El Ryuk456's rating: 1297 &rarr; <strong>1312<\/strong><br \/>(+15 for winning)\n","uploadtime":1696203991,"views":9,"p1id":"togsworth","p2id":"elryuk456","formatid":"gen9nationaldexdoubles","rating":1128,"private":0,"password":""}