{"id":"gen9nationaldexdoubles-1951593745","p1":"Mirrza","p2":"Genosse_Pflanze","format":"[Gen 9] National Dex Doubles","log":"|j|\u2606Mirrza\n|j|\u2606Genosse_Pflanze\n|t:|1695597194\n|gametype|doubles\n|player|p1|Mirrza|170|1398\n|player|p2|Genosse_Pflanze|n|1332\n|teamsize|p1|6\n|teamsize|p2|6\n|gen|9\n|tier|[Gen 9] National Dex Doubles\n|rated|\n|rule|HP Percentage Mod: HP is shown in percentages\n|rule|Endless Battle Clause: Forcing endless battles is banned\n|rule|OHKO Clause: OHKO moves are banned\n|rule|Evasion Moves Clause: Evasion moves are banned\n|rule|Evasion Abilities Clause: Evasion abilities are banned\n|rule|Species Clause: Limit one of each Pok\u00e9mon\n|rule|Gravity Sleep Clause: The combination of sleep-inducing moves with imperfect accuracy and Gravity or Gigantamax Orbeetle are banned\n|clearpoke\n|poke|p1|Volcarona, F|\n|poke|p1|Smeargle, F|\n|poke|p1|Tapu Lele|\n|poke|p1|Tapu Fini|\n|poke|p1|Suicune|\n|poke|p1|Chien-Pao|\n|poke|p2|Banette, M|\n|poke|p2|Amoonguss, F|\n|poke|p2|Milotic, F|\n|poke|p2|Kommo-o, F|\n|poke|p2|Klefki, M|\n|poke|p2|Rillaboom, F|\n|teampreview\n|inactive|Battle timer is ON: inactive players will automatically lose when time's up. (requested by Mirrza)\n|\n|t:|1695597203\n|start\n|switch|p1a: Miami Terror|Volcarona, F|100\/100\n|switch|p1b: Bobby Lee|Smeargle, F|100\/100\n|switch|p2a: Banette|Banette, M|100\/100\n|switch|p2b: Amoonguss|Amoonguss, F|100\/100\n|turn|1\n|\n|t:|1695597218\n|switch|p1b: Lana|Tapu Fini|100\/100\n|-fieldstart|move: Misty Terrain|[from] ability: Misty Surge|[of] p1b: Lana\n|detailschange|p2a: Banette|Banette-Mega, M\n|-mega|p2a: Banette|Banette|Banettite\n|move|p2a: Banette|Skill Swap|p2b: Amoonguss\n|-activate|p2a: Banette|move: Skill Swap|||[of] p2b: Amoonguss\n|move|p2b: Amoonguss|Spore|p1a: Miami Terror\n|-activate|p1a: Miami Terror|move: Misty Terrain\n|move|p1a: Miami Terror|Quiver Dance|p1a: Miami Terror\n|-boost|p1a: Miami Terror|spa|1\n|-boost|p1a: Miami Terror|spd|1\n|-boost|p1a: Miami Terror|spe|1\n|\n|upkeep\n|turn|2\n|\n|t:|1695597241\n|switch|p2b: Kommo-o|Kommo-o, F|100\/100\n|move|p1a: Miami Terror|Protect|p1a: Miami Terror\n|-singleturn|p1a: Miami Terror|Protect\n|move|p1b: Lana|Taunt|p2a: Banette\n|-start|p2a: Banette|move: Taunt\n|cant|p2a: Banette|move: Taunt|Encore\n|\n|upkeep\n|turn|3\n|\n|t:|1695597258\n|switch|p2a: Rillaboom|Rillaboom, F|100\/100\n|-fieldstart|move: Grassy Terrain|[from] ability: Grassy Surge|[of] p2a: Rillaboom\n|move|p1a: Miami Terror|Quiver Dance|p1a: Miami Terror\n|-boost|p1a: Miami Terror|spa|1\n|-boost|p1a: Miami Terror|spd|1\n|-boost|p1a: Miami Terror|spe|1\n|-zpower|p2b: Kommo-o\n|move|p2b: Kommo-o|Clangorous Soulblaze|p1b: Lana|[zeffect]|[spread] p1a\n|-immune|p1b: Lana\n|-crit|p1a: Miami Terror\n|-damage|p1a: Miami Terror|21\/100\n|-boost|p2b: Kommo-o|atk|1\n|-boost|p2b: Kommo-o|def|1\n|-boost|p2b: Kommo-o|spa|1\n|-boost|p2b: Kommo-o|spd|1\n|-boost|p2b: Kommo-o|spe|1\n|move|p1b: Lana|Psych Up|p1a: Miami Terror\n|-copyboost|p1b: Lana|p1a: Miami Terror|[from] move: Psych Up\n|\n|-heal|p1a: Miami Terror|27\/100|[from] Grassy Terrain\n|-heal|p1a: Miami Terror|33\/100|[from] item: Leftovers\n|upkeep\n|turn|4\n|\n|t:|1695597284\n|switch|p1a: Phoebe|Tapu Lele|100\/100\n|-fieldstart|move: Psychic Terrain|[from] ability: Psychic Surge|[of] p1a: Phoebe\n|move|p2a: Rillaboom|Fake Out|p1b: Lana\n|-activate|p1b: Lana|move: Psychic Terrain\n|move|p2b: Kommo-o|Clangorous Soul|p2b: Kommo-o\n|-boost|p2b: Kommo-o|atk|1\n|-boost|p2b: Kommo-o|def|1\n|-boost|p2b: Kommo-o|spa|1\n|-boost|p2b: Kommo-o|spd|1\n|-boost|p2b: Kommo-o|spe|1\n|-damage|p2b: Kommo-o|68\/100\n|move|p1b: Lana|Dazzling Gleam|p2a: Rillaboom|[spread] p2a,p2b\n|-supereffective|p2b: Kommo-o\n|-damage|p2a: Rillaboom|43\/100\n|-damage|p2b: Kommo-o|0 fnt\n|faint|p2b: Kommo-o\n|\n|upkeep\n|inactive|Genosse_Pflanze has 120 seconds left.\n|\n|t:|1695597298\n|switch|p2b: Klefki|Klefki, M|100\/100\n|turn|5\n|\n|t:|1695597309\n|switch|p2a: Milotic|Milotic, F|100\/100\n|move|p2b: Klefki|Psych Up|p1b: Lana\n|-activate|p1b: Lana|move: Psychic Terrain\n|move|p1b: Lana|Dazzling Gleam|p2a: Milotic|[spread] p2a,p2b\n|-resisted|p2b: Klefki\n|-damage|p2a: Milotic|79\/100\n|-damage|p2b: Klefki|75\/100\n|move|p1a: Phoebe|Psych Up|p1b: Lana\n|-copyboost|p1a: Phoebe|p1b: Lana|[from] move: Psych Up\n|\n|-heal|p2b: Klefki|81\/100|[from] item: Leftovers\n|upkeep\n|turn|6\n|\n|t:|1695597323\n|move|p2b: Klefki|Calm Mind|p2b: Klefki\n|-boost|p2b: Klefki|spa|1\n|-boost|p2b: Klefki|spd|1\n|move|p1a: Phoebe|Psychic|p2a: Milotic\n|-damage|p2a: Milotic|30\/100\n|move|p1b: Lana|Dazzling Gleam|p2a: Milotic|[spread] p2a,p2b\n|-resisted|p2b: Klefki\n|-damage|p2a: Milotic|8\/100\n|-damage|p2b: Klefki|62\/100\n|move|p2a: Milotic|Coil|p2a: Milotic\n|-boost|p2a: Milotic|atk|1\n|-boost|p2a: Milotic|def|1\n|-boost|p2a: Milotic|accuracy|1\n|\n|-heal|p2b: Klefki|68\/100|[from] item: Leftovers\n|upkeep\n|turn|7\n|\n|t:|1695597350\n|move|p1a: Phoebe|Psychic|p2a: Milotic\n|-damage|p2a: Milotic|0 fnt\n|faint|p2a: Milotic\n|move|p1b: Lana|Taunt|p2b: Klefki\n|-start|p2b: Klefki|move: Taunt\n|move|p2b: Klefki|Stored Power|p1b: Lana\n|-damage|p1b: Lana|91\/100\n|\n|-heal|p2b: Klefki|74\/100|[from] item: Leftovers\n|upkeep\n|\n|t:|1695597358\n|switch|p2a: Rillaboom|Rillaboom, F|43\/100\n|-fieldstart|move: Grassy Terrain|[from] ability: Grassy Surge|[of] p2a: Rillaboom\n|turn|8\n|\n|t:|1695597376\n|switch|p1b: Miami Terror|Volcarona, F|33\/100\n|move|p2a: Rillaboom|Fake Out|p1a: Phoebe\n|-damage|p1a: Phoebe|90\/100\n|cant|p1a: Phoebe|flinch\n|move|p2b: Klefki|Draining Kiss|p1b: Miami Terror\n|-resisted|p1b: Miami Terror\n|-damage|p1b: Miami Terror|25\/100\n|-heal|p2b: Klefki|82\/100|[from] drain|[of] p1b: Miami Terror\n|\n|-heal|p1a: Phoebe|96\/100|[from] Grassy Terrain\n|-heal|p2a: Rillaboom|49\/100|[from] Grassy Terrain\n|-heal|p1b: Miami Terror|31\/100|[from] Grassy Terrain\n|-heal|p1b: Miami Terror|37\/100|[from] item: Leftovers\n|-heal|p2b: Klefki|88\/100|[from] Grassy Terrain\n|-heal|p2b: Klefki|94\/100|[from] item: Leftovers\n|upkeep\n|turn|9\n|\n|t:|1695597399\n|switch|p2a: Banette|Banette-Mega, M|100\/100\n|move|p1a: Phoebe|Psychic|p2a: Banette\n|-crit|p2a: Banette\n|-damage|p2a: Banette|0 fnt\n|faint|p2a: Banette\n|move|p1b: Miami Terror|Quiver Dance|p1b: Miami Terror\n|-boost|p1b: Miami Terror|spa|1\n|-boost|p1b: Miami Terror|spd|1\n|-boost|p1b: Miami Terror|spe|1\n|move|p2b: Klefki|Stored Power|p1b: Miami Terror\n|-damage|p1b: Miami Terror|27\/100\n|\n|-heal|p1a: Phoebe|100\/100|[from] Grassy Terrain\n|-heal|p1b: Miami Terror|33\/100|[from] Grassy Terrain\n|-heal|p1b: Miami Terror|40\/100|[from] item: Leftovers\n|-heal|p2b: Klefki|99\/100|[from] Grassy Terrain\n|-heal|p2b: Klefki|100\/100|[from] item: Leftovers\n|-end|p2b: Klefki|move: Taunt\n|upkeep\n|\n|t:|1695597409\n|switch|p2a: Rillaboom|Rillaboom, F|49\/100\n|turn|10\n|\n|t:|1695597425\n|switch|p1a: Azura|Suicune|100\/100\n|move|p1b: Miami Terror|Protect|p1b: Miami Terror\n|-singleturn|p1b: Miami Terror|Protect\n|move|p2a: Rillaboom|Fake Out|p1b: Miami Terror\n|-activate|p1b: Miami Terror|move: Protect\n|move|p2b: Klefki|Psych Up|p1a: Azura\n|-copyboost|p2b: Klefki|p1a: Azura|[from] move: Psych Up\n|\n|-heal|p1b: Miami Terror|46\/100|[from] Grassy Terrain\n|-heal|p1b: Miami Terror|52\/100|[from] item: Leftovers\n|-heal|p2a: Rillaboom|55\/100|[from] Grassy Terrain\n|upkeep\n|turn|11\n|\n|t:|1695597441\n|move|p2a: Rillaboom|Grassy Glide|p1a: Azura\n|-supereffective|p1a: Azura\n|-damage|p1a: Azura|46\/100\n|move|p2b: Klefki|Psych Up|p1b: Miami Terror\n|-copyboost|p2b: Klefki|p1b: Miami Terror|[from] move: Psych Up\n|move|p1b: Miami Terror|Heat Wave|p2a: Rillaboom|[spread] p2a,p2b\n|-supereffective|p2a: Rillaboom\n|-supereffective|p2b: Klefki\n|-damage|p2a: Rillaboom|0 fnt\n|-damage|p2b: Klefki|24\/100\n|faint|p2a: Rillaboom\n|move|p1a: Azura|Roar|p2b: Klefki\n|drag|p2b: Amoonguss|Amoonguss, F|100\/100\n|\n|-heal|p1b: Miami Terror|58\/100|[from] Grassy Terrain\n|-heal|p1b: Miami Terror|64\/100|[from] item: Leftovers\n|-heal|p1a: Azura|52\/100|[from] Grassy Terrain\n|upkeep\n|\n|t:|1695597447\n|switch|p2a: Klefki|Klefki, M|24\/100\n|turn|12\n|\n|t:|1695597459\n|switch|p1a: Lana|Tapu Fini|91\/100\n|-fieldstart|move: Misty Terrain|[from] ability: Misty Surge|[of] p1a: Lana\n|move|p2a: Klefki|Psych Up|p1b: Miami Terror\n|-copyboost|p2a: Klefki|p1b: Miami Terror|[from] move: Psych Up\n|move|p1b: Miami Terror|Heat Wave|p2b: Amoonguss|[spread] p2a,p2b\n|-supereffective|p2a: Klefki\n|-supereffective|p2b: Amoonguss\n|-damage|p2a: Klefki|0 fnt\n|-damage|p2b: Amoonguss|22\/100\n|faint|p2a: Klefki\n|move|p2b: Amoonguss|Spore|p1b: Miami Terror\n|-activate|p1b: Miami Terror|move: Misty Terrain\n|\n|-heal|p1b: Miami Terror|70\/100|[from] item: Leftovers\n|-heal|p2b: Amoonguss|28\/100|[from] item: Black Sludge\n|upkeep\n|turn|13\n|-message|Genosse_Pflanze forfeited.\n|\n|win|Mirrza\n|raw|Mirrza's rating: 1398 &rarr; <strong>1414<\/strong><br \/>(+16 for winning)\n|raw|Genosse_Pflanze's rating: 1332 &rarr; <strong>1316<\/strong><br \/>(-16 for losing)\n|l|\u2606Genosse_Pflanze\n|c|\u2606Mirrza|gg\n","uploadtime":1695597476,"views":9,"p1id":"mirrza","p2id":"genossepflanze","formatid":"gen9nationaldexdoubles","rating":1316,"private":0,"password":""}