{"id":"gen9nationaldexdoubles-1957510064","p1":"magicgril","p2":"Cynda3","format":"[Gen 9] National Dex Doubles","log":"|j|\u2606magicgril\n|j|\u2606Cynda3\n|t:|1696231699\n|gametype|doubles\n|player|p1|magicgril|iono|1322\n|player|p2|Cynda3|lyra|1029\n|teamsize|p1|6\n|teamsize|p2|6\n|gen|9\n|tier|[Gen 9] National Dex Doubles\n|rated|\n|rule|HP Percentage Mod: HP is shown in percentages\n|rule|Endless Battle Clause: Forcing endless battles is banned\n|rule|OHKO Clause: OHKO moves are banned\n|rule|Evasion Moves Clause: Evasion moves are banned\n|rule|Evasion Abilities Clause: Evasion abilities are banned\n|rule|Species Clause: Limit one of each Pok\u00e9mon\n|rule|Gravity Sleep Clause: The combination of sleep-inducing moves with imperfect accuracy and Gravity or Gigantamax Orbeetle are banned\n|clearpoke\n|poke|p1|Indeedee-F, F|\n|poke|p1|Deoxys-Attack|\n|poke|p1|Alakazam, F|\n|poke|p1|Flutter Mane|\n|poke|p1|Ogerpon-Hearthflame, F|\n|poke|p1|Chien-Pao|\n|poke|p2|Volcarona, F|\n|poke|p2|Araquanid, M|\n|poke|p2|Illumise, F|\n|poke|p2|Shuckle, M|\n|poke|p2|Pinsir, F|\n|poke|p2|Slither Wing|\n|teampreview\n|\n|t:|1696231711\n|start\n|switch|p1a: Indeedee|Indeedee-F, F|100\/100\n|switch|p1b: Alakazam|Alakazam, F|100\/100\n|switch|p2a: Illumise|Illumise, F|100\/100\n|switch|p2b: Slither Wing|Slither Wing|100\/100\n|-fieldstart|move: Psychic Terrain|[from] ability: Psychic Surge|[of] p1a: Indeedee\n|turn|1\n|inactive|Battle timer is ON: inactive players will automatically lose when time's up. (requested by magicgril)\n|\n|t:|1696231729\n|switch|p2a: Araquanid|Araquanid, M|100\/100\n|detailschange|p1b: Alakazam|Alakazam-Mega, F\n|-mega|p1b: Alakazam|Alakazam|Alakazite\n|-ability|p1b: Alakazam|Water Absorb|[from] ability: Trace|[of] p2a: Araquanid\n|move|p2b: Slither Wing|First Impression|p1a: Indeedee\n|-activate|p1a: Indeedee|move: Psychic Terrain\n|move|p1a: Indeedee|Follow Me|p1a: Indeedee\n|-singleturn|p1a: Indeedee|move: Follow Me\n|move|p1b: Alakazam|Nasty Plot|p1b: Alakazam\n|-boost|p1b: Alakazam|spa|2\n|\n|upkeep\n|turn|2\n|\n|t:|1696231748\n|-end|p2b: Slither Wing|Protosynthesis|[silent]\n|switch|p2b: Shuckle|Shuckle, M|100\/100\n|move|p1a: Indeedee|Follow Me|p1a: Indeedee\n|-singleturn|p1a: Indeedee|move: Follow Me\n|move|p1b: Alakazam|Expanding Force|p2a: Araquanid|[spread] p2a,p2b\n|-damage|p2a: Araquanid|15\/100\n|-damage|p2b: Shuckle|25\/100\n|move|p2a: Araquanid|Lunge|p1a: Indeedee\n|-supereffective|p1a: Indeedee\n|-damage|p1a: Indeedee|43\/100\n|-unboost|p1a: Indeedee|atk|1\n|\n|-heal|p1a: Indeedee|49\/100|[from] item: Leftovers\n|-heal|p2a: Araquanid|21\/100|[from] item: Leftovers\n|-heal|p2b: Shuckle|31\/100|[from] item: Leftovers\n|upkeep\n|turn|3\n|\n|t:|1696231762\n|move|p1b: Alakazam|Expanding Force|p2a: Araquanid|[spread] p2a,p2b\n|-damage|p2a: Araquanid|0 fnt\n|-damage|p2b: Shuckle|0 fnt\n|faint|p2a: Araquanid\n|faint|p2b: Shuckle\n|move|p1a: Indeedee|Reflect|p1a: Indeedee\n|-sidestart|p1: magicgril|Reflect\n|\n|-heal|p1a: Indeedee|55\/100|[from] item: Leftovers\n|upkeep\n|\n|t:|1696231773\n|switch|p2a: Volcarona|Volcarona, F|100\/100\n|switch|p2b: Illumise|Illumise, F|100\/100\n|turn|4\n|\n|t:|1696231782\n|move|p1a: Indeedee|Follow Me|p1a: Indeedee\n|-singleturn|p1a: Indeedee|move: Follow Me\n|move|p2b: Illumise|Trick|p1a: Indeedee\n|-activate|p1a: Indeedee|move: Psychic Terrain\n|move|p1b: Alakazam|Expanding Force|p2b: Illumise|[spread] p2a,p2b\n|-damage|p2a: Volcarona|0 fnt\n|-damage|p2b: Illumise|0 fnt\n|faint|p2a: Volcarona\n|faint|p2b: Illumise\n|\n|-heal|p1a: Indeedee|61\/100|[from] item: Leftovers\n|upkeep\n|\n|t:|1696231788\n|switch|p2a: Pinsir|Pinsir, F|100\/100\n|switch|p2b: Slither Wing|Slither Wing|100\/100\n|turn|5\n|\n|t:|1696231798\n|detailschange|p2a: Pinsir|Pinsir-Mega, F\n|-mega|p2a: Pinsir|Pinsir|Pinsirite\n|move|p1a: Indeedee|Follow Me|p1a: Indeedee\n|-singleturn|p1a: Indeedee|move: Follow Me\n|move|p1b: Alakazam|Expanding Force|p2a: Pinsir|[spread] p2a,p2b\n|-supereffective|p2b: Slither Wing\n|-damage|p2a: Pinsir|0 fnt\n|-damage|p2b: Slither Wing|0 fnt\n|faint|p2a: Pinsir\n|faint|p2b: Slither Wing\n|-end|p2b: Slither Wing|Protosynthesis|[silent]\n|\n|win|magicgril\n|raw|magicgril's rating: 1322 &rarr; <strong>1328<\/strong><br \/>(+6 for winning)\n|raw|Cynda3's rating: 1029 &rarr; <strong>1025<\/strong><br \/>(-4 for losing)\n|l|\u2606Cynda3\n","uploadtime":1696231807,"views":10,"p1id":"magicgril","p2id":"cynda3","formatid":"gen9nationaldexdoubles","rating":1025,"private":0,"password":""}