{"id":"gen9nationaldexdoubles-1970412719","p1":"Melt W","p2":"snowgust","format":"[Gen 9] National Dex Doubles","log":"|j|\u2606Melt W\n|j|\u2606snowgust\n|t:|1697636867\n|gametype|doubles\n|player|p1|Melt W|170|1105\n|player|p2|snowgust|1|1191\n|teamsize|p1|6\n|teamsize|p2|6\n|gen|9\n|tier|[Gen 9] National Dex Doubles\n|rated|\n|rule|HP Percentage Mod: HP is shown in percentages\n|rule|Endless Battle Clause: Forcing endless battles is banned\n|rule|OHKO Clause: OHKO moves are banned\n|rule|Evasion Moves Clause: Evasion moves are banned\n|rule|Evasion Abilities Clause: Evasion abilities are banned\n|rule|Species Clause: Limit one of each Pok\u00e9mon\n|rule|Gravity Sleep Clause: The combination of sleep-inducing moves with imperfect accuracy and Gravity or Gigantamax Orbeetle are banned\n|clearpoke\n|poke|p1|Gourgeist-*, M|\n|poke|p1|Chansey, F|\n|poke|p1|Shuckle, M|\n|poke|p1|Tornadus-Therian, M|\n|poke|p1|Iron Hands|\n|poke|p1|Indeedee-F, F|\n|poke|p2|Dunsparce, F|\n|poke|p2|Dudunsparce-*, F|\n|poke|p2|Roaring Moon|\n|poke|p2|Sableye, F|\n|poke|p2|Blissey, F|\n|poke|p2|Dragonite, F|\n|teampreview\n|\n|t:|1697636884\n|start\n|switch|p1a: Gourgeist|Gourgeist-Small, M, shiny|100\/100\n|switch|p1b: Chansey|Chansey, F, shiny|100\/100\n|switch|p2a: Dunsparce|Dunsparce, F|100\/100\n|switch|p2b: Sableye|Sableye, F|100\/100\n|-item|p2a: Dunsparce|Choice Scarf|[from] ability: Frisk|[of] p1a: Gourgeist|[identify]\n|-item|p2b: Sableye|Leftovers|[from] ability: Frisk|[of] p1a: Gourgeist|[identify]\n|turn|1\n|\n|t:|1697636901\n|move|p2b: Sableye|Thunder Wave|p1a: Gourgeist\n|-status|p1a: Gourgeist|par\n|move|p2a: Dunsparce|Rock Slide|p1b: Chansey|[spread] p1a\n|-miss|p2a: Dunsparce|p1b: Chansey\n|-damage|p1a: Gourgeist|85\/100 par\n|cant|p1a: Gourgeist|flinch\n|move|p1b: Chansey|Thunder Wave|p2b: Sableye\n|-status|p2b: Sableye|par\n|\n|upkeep\n|turn|2\n|\n|t:|1697636917\n|cant|p2b: Sableye|par\n|move|p2a: Dunsparce|Rock Slide|p1a: Gourgeist|[spread] p1a,p1b\n|-damage|p1a: Gourgeist|69\/100 par\n|-damage|p1b: Chansey|92\/100\n|move|p1a: Gourgeist|Trick-or-Treat|p1b: Chansey\n|-start|p1b: Chansey|typeadd|Ghost|[from] move: Trick-or-Treat\n|move|p1b: Chansey|Thunder Wave|p2a: Dunsparce\n|-status|p2a: Dunsparce|par\n|\n|upkeep\n|turn|3\n|\n|t:|1697636933\n|switch|p1a: Shuckle|Shuckle, M, shiny|100\/100\n|move|p2b: Sableye|Gravity|p2b: Sableye\n|-fieldstart|move: Gravity\n|move|p2a: Dunsparce|Rock Slide|p1b: Chansey|[spread] p1a,p1b\n|-supereffective|p1a: Shuckle\n|-damage|p1a: Shuckle|77\/100\n|-damage|p1b: Chansey|83\/100\n|move|p1b: Chansey|Seismic Toss|p2a: Dunsparce\n|-damage|p2a: Dunsparce|71\/100 par\n|\n|-heal|p1a: Shuckle|83\/100|[from] item: Leftovers\n|upkeep\n|turn|4\n|\n|t:|1697636977\n|cant|p2b: Sableye|par\n|move|p2a: Dunsparce|Rock Slide|p1b: Chansey|[spread] p1a,p1b\n|-supereffective|p1a: Shuckle\n|-damage|p1a: Shuckle|61\/100\n|-damage|p1b: Chansey|75\/100\n|cant|p1b: Chansey|flinch\n|cant|p1a: Shuckle|flinch\n|\n|-heal|p1a: Shuckle|68\/100|[from] item: Leftovers\n|upkeep\n|turn|5\n|\n|t:|1697636992\n|move|p2b: Sableye|Thunder Wave|p1b: Chansey\n|-status|p1b: Chansey|par\n|move|p2a: Dunsparce|Rock Slide|p1b: Chansey|[spread] p1a,p1b\n|-supereffective|p1a: Shuckle\n|-crit|p1a: Shuckle\n|-damage|p1a: Shuckle|38\/100\n|-damage|p1b: Chansey|67\/100 par\n|cant|p1b: Chansey|flinch\n|cant|p1a: Shuckle|flinch\n|\n|-heal|p1a: Shuckle|44\/100|[from] item: Leftovers\n|upkeep\n|turn|6\n|\n|t:|1697637007\n|switch|p2b: Blissey|Blissey, F|100\/100\n|move|p2a: Dunsparce|Rock Slide|p1b: Chansey|[spread] p1a,p1b\n|-supereffective|p1a: Shuckle\n|-damage|p1a: Shuckle|23\/100\n|-damage|p1b: Chansey|59\/100 par\n|move|p1b: Chansey|Heal Bell|p1b: Chansey\n|-activate|p1b: Chansey|move: Heal Bell\n|-curestatus|p1b: Chansey|par|[msg]\n|-curestatus|p1: Gourgeist|par|[msg]\n|move|p1a: Shuckle|Guard Split|p1b: Chansey\n|-activate|p1a: Shuckle|move: Guard Split|[of] p1b: Chansey\n|\n|-heal|p1a: Shuckle|29\/100|[from] item: Leftovers\n|upkeep\n|turn|7\n|\n|t:|1697637036\n|move|p2b: Blissey|Aromatherapy|p2b: Blissey\n|-activate|p2b: Blissey|move: Aromatherapy\n|-curestatus|p2a: Dunsparce|par|[msg]\n|-curestatus|p2: Sableye|par|[msg]\n|move|p2a: Dunsparce|Rock Slide|p1b: Chansey|[spread] p1a,p1b\n|-supereffective|p1a: Shuckle\n|-damage|p1a: Shuckle|0 fnt\n|-damage|p1b: Chansey|55\/100\n|faint|p1a: Shuckle\n|move|p1b: Chansey|Thunder Wave|p2b: Blissey\n|-status|p2b: Blissey|par\n|\n|-fieldend|move: Gravity\n|upkeep\n|\n|t:|1697637065\n|switch|p1a: Indeedee|Indeedee-F, F|100\/100\n|-fieldstart|move: Psychic Terrain|[from] ability: Psychic Surge|[of] p1a: Indeedee\n|turn|8\n|\n|t:|1697637076\n|move|p1a: Indeedee|Trick|p2b: Blissey\n|-activate|p1a: Indeedee|move: Trick|[of] p2b: Blissey\n|-item|p2b: Blissey|Choice Scarf|[from] move: Trick\n|-item|p1a: Indeedee|Leftovers|[from] move: Trick\n|move|p2a: Dunsparce|Rock Slide|p1a: Indeedee|[spread] p1a,p1b\n|-damage|p1a: Indeedee|85\/100\n|-damage|p1b: Chansey|52\/100\n|move|p2b: Blissey|Aromatherapy|p2b: Blissey\n|-activate|p2b: Blissey|move: Aromatherapy\n|-curestatus|p2b: Blissey|par|[msg]\n|move|p1b: Chansey|Soft-Boiled|p1b: Chansey\n|-heal|p1b: Chansey|100\/100\n|\n|-heal|p1a: Indeedee|91\/100|[from] item: Leftovers\n|upkeep\n|turn|9\n|\n|t:|1697637124\n|switch|p2b: Roaring Moon|Roaring Moon|100\/100\n|-enditem|p2b: Roaring Moon|Booster Energy\n|-activate|p2b: Roaring Moon|ability: Protosynthesis|[fromitem]\n|-start|p2b: Roaring Moon|protosynthesisatk\n|move|p2a: Dunsparce|Rock Slide|p1a: Indeedee|[spread] p1a,p1b\n|-damage|p1a: Indeedee|76\/100\n|-damage|p1b: Chansey|97\/100\n|cant|p1a: Indeedee|flinch\n|move|p1b: Chansey|Seismic Toss|p2a: Dunsparce\n|-damage|p2a: Dunsparce|42\/100\n|\n|-heal|p1a: Indeedee|82\/100|[from] item: Leftovers\n|upkeep\n|turn|10\n|\n|t:|1697637141\n|move|p2b: Roaring Moon|Knock Off|p1b: Chansey\n|-supereffective|p1b: Chansey\n|-damage|p1b: Chansey|66\/100\n|-enditem|p1b: Chansey|Eviolite|[from] move: Knock Off|[of] p2b: Roaring Moon\n|move|p2a: Dunsparce|Rock Slide|p1a: Indeedee|[spread] p1a,p1b\n|-damage|p1a: Indeedee|67\/100\n|-damage|p1b: Chansey|61\/100\n|cant|p1a: Indeedee|flinch\n|move|p1b: Chansey|Seismic Toss|p2a: Dunsparce\n|-damage|p2a: Dunsparce|13\/100\n|\n|-heal|p1a: Indeedee|73\/100|[from] item: Leftovers\n|upkeep\n|turn|11\n|j| xiaoqing three\n|\n|t:|1697637158\n|move|p2b: Roaring Moon|Tailwind|p2b: Roaring Moon\n|-sidestart|p2: snowgust|move: Tailwind\n|move|p2a: Dunsparce|Rock Slide|p1a: Indeedee|[spread] p1a,p1b\n|-damage|p1a: Indeedee|55\/100\n|-damage|p1b: Chansey|57\/100\n|cant|p1a: Indeedee|flinch\n|move|p1b: Chansey|Soft-Boiled|p1b: Chansey\n|-heal|p1b: Chansey|100\/100\n|\n|-heal|p1a: Indeedee|61\/100|[from] item: Leftovers\n|upkeep\n|turn|12\n|\n|t:|1697637184\n|move|p2b: Roaring Moon|Knock Off|p1a: Indeedee\n|-supereffective|p1a: Indeedee\n|-damage|p1a: Indeedee|0 fnt\n|-enditem|p1a: Indeedee|Leftovers|[from] move: Knock Off|[of] p2b: Roaring Moon\n|faint|p1a: Indeedee\n|move|p2a: Dunsparce|Rock Slide|p1b: Chansey\n|-damage|p1b: Chansey|95\/100\n|move|p1b: Chansey|Seismic Toss|p2a: Dunsparce\n|-damage|p2a: Dunsparce|0 fnt\n|faint|p2a: Dunsparce\n|\n|-fieldend|move: Psychic Terrain\n|upkeep\n|l| xiaoqing three\n|\n|t:|1697637199\n|switch|p1a: Iron Hands|Iron Hands|100\/100\n|switch|p2a: Dudunsparce|Dudunsparce, F|100\/100\n|turn|13\n|\n|t:|1697637222\n|move|p1a: Iron Hands|Fake Out|p2b: Roaring Moon\n|-damage|p2b: Roaring Moon|79\/100\n|cant|p2b: Roaring Moon|flinch\n|move|p2a: Dudunsparce|Rock Slide|p1b: Chansey|[spread] p1a,p1b\n|-resisted|p1a: Iron Hands\n|-damage|p1a: Iron Hands|95\/100\n|-damage|p1b: Chansey|88\/100\n|move|p1b: Chansey|Thunder Wave|p2b: Roaring Moon\n|-status|p2b: Roaring Moon|par\n|\n|-heal|p1a: Iron Hands|100\/100|[from] item: Leftovers\n|upkeep\n|turn|14\n|\n|t:|1697637239\n|-end|p2b: Roaring Moon|Protosynthesis|[silent]\n|switch|p2b: Sableye|Sableye, F|100\/100\n|move|p2a: Dudunsparce|Rock Slide|p1b: Chansey|[spread] p1a,p1b\n|-resisted|p1a: Iron Hands\n|-damage|p1a: Iron Hands|95\/100\n|-damage|p1b: Chansey|82\/100\n|cant|p1a: Iron Hands|flinch\n|cant|p1b: Chansey|flinch\n|\n|-heal|p1a: Iron Hands|100\/100|[from] item: Leftovers\n|-sideend|p2: snowgust|move: Tailwind\n|upkeep\n|turn|15\n|\n|t:|1697637263\n|move|p2b: Sableye|Gravity|p2b: Sableye\n|-fieldstart|move: Gravity\n|move|p2a: Dudunsparce|Rock Slide|p1b: Chansey|[spread] p1a,p1b\n|-resisted|p1a: Iron Hands\n|-damage|p1a: Iron Hands|95\/100\n|-damage|p1b: Chansey|76\/100\n|move|p1b: Chansey|Thunder Wave|p2b: Sableye\n|-status|p2b: Sableye|par\n|cant|p1a: Iron Hands|flinch\n|\n|-heal|p1a: Iron Hands|100\/100|[from] item: Leftovers\n|upkeep\n|turn|16\n|\n|t:|1697637286\n|move|p2b: Sableye|Confuse Ray|p1a: Iron Hands\n|-start|p1a: Iron Hands|confusion\n|move|p2a: Dudunsparce|Rock Slide|p1a: Iron Hands|[spread] p1a,p1b\n|-resisted|p1a: Iron Hands\n|-crit|p1b: Chansey\n|-damage|p1a: Iron Hands|95\/100\n|-damage|p1b: Chansey|67\/100\n|cant|p1a: Iron Hands|flinch\n|cant|p1b: Chansey|flinch\n|\n|-heal|p1a: Iron Hands|100\/100|[from] item: Leftovers\n|upkeep\n|turn|17\n|\n|t:|1697637302\n|-end|p1a: Iron Hands|Quark Drive|[silent]\n|switch|p1a: Tornadus|Tornadus-Therian, M|100\/100\n|move|p2b: Sableye|Thunder Wave|p1b: Chansey\n|-status|p1b: Chansey|par\n|move|p2a: Dudunsparce|Rock Slide|p1b: Chansey|[spread] p1a,p1b\n|-supereffective|p1a: Tornadus\n|-damage|p1a: Tornadus|54\/100\n|-damage|p1b: Chansey|61\/100 par\n|move|p1b: Chansey|Thunder Wave|p2a: Dudunsparce\n|-status|p2a: Dudunsparce|par\n|\n|upkeep\n|turn|18\n|\n|t:|1697637327\n|switch|p2b: Blissey|Blissey, F|100\/100\n|move|p1a: Tornadus|Bleakwind Storm|p2b: Blissey|[spread] p2a,p2b\n|-crit|p2b: Blissey\n|-damage|p2a: Dudunsparce|48\/100 par\n|-damage|p2b: Blissey|70\/100\n|-unboost|p2a: Dudunsparce|spe|1\n|move|p2a: Dudunsparce|Rock Slide|p1b: Chansey|[spread] p1a,p1b\n|-supereffective|p1a: Tornadus\n|-damage|p1a: Tornadus|3\/100\n|-damage|p1b: Chansey|55\/100 par\n|cant|p1b: Chansey|par\n|\n|-heal|p2a: Dudunsparce|54\/100 par|[from] item: Leftovers\n|upkeep\n|turn|19\n|\n|t:|1697637346\n|move|p1a: Tornadus|Bleakwind Storm|p2b: Blissey|[spread] p2a,p2b\n|-crit|p2a: Dudunsparce\n|-damage|p2a: Dudunsparce|0 fnt\n|-damage|p2b: Blissey|52\/100\n|faint|p2a: Dudunsparce\n|move|p2b: Blissey|Aromatherapy|p2b: Blissey\n|-activate|p2b: Blissey|move: Aromatherapy\n|-curestatus|p2: Sableye|par|[msg]\n|-curestatus|p2: Roaring Moon|par|[msg]\n|cant|p1b: Chansey|par\n|\n|-fieldend|move: Gravity\n|upkeep\n|\n|t:|1697637352\n|switch|p2a: Sableye|Sableye, F|100\/100\n|turn|20\n|\n|t:|1697637372\n|switch|p2b: Roaring Moon|Roaring Moon|79\/100\n|move|p2a: Sableye|Confuse Ray|p1a: Tornadus\n|-start|p1a: Tornadus|confusion\n|-activate|p1a: Tornadus|confusion\n|move|p1a: Tornadus|Bleakwind Storm|p2b: Roaring Moon|[spread] p2a,p2b\n|-damage|p2a: Sableye|12\/100\n|-damage|p2b: Roaring Moon|29\/100\n|move|p1b: Chansey|Heal Bell|p1b: Chansey\n|-activate|p1b: Chansey|move: Heal Bell\n|-curestatus|p1b: Chansey|par|[msg]\n|\n|-heal|p2a: Sableye|19\/100|[from] item: Leftovers\n|upkeep\n|turn|21\n|\n|t:|1697637391\n|move|p2a: Sableye|Thunder Wave|p1a: Tornadus\n|-status|p1a: Tornadus|par\n|move|p2b: Roaring Moon|Rock Slide|p1b: Chansey|[spread] p1a,p1b\n|-supereffective|p1a: Tornadus\n|-damage|p1a: Tornadus|0 fnt\n|-damage|p1b: Chansey|47\/100\n|faint|p1a: Tornadus\n|move|p1b: Chansey|Soft-Boiled|p1b: Chansey\n|-heal|p1b: Chansey|97\/100\n|\n|-heal|p2a: Sableye|25\/100|[from] item: Leftovers\n|upkeep\n|\n|t:|1697637405\n|switch|p1a: Iron Hands|Iron Hands|100\/100\n|turn|22\n|\n|t:|1697637415\n|-end|p2b: Roaring Moon|Protosynthesis|[silent]\n|switch|p2b: Dragonite|Dragonite, F|100\/100\n|move|p1a: Iron Hands|Fake Out|p2b: Dragonite\n|-damage|p2b: Dragonite|93\/100\n|move|p2a: Sableye|Gravity|p2a: Sableye\n|-fieldstart|move: Gravity\n|move|p1b: Chansey|Thunder Wave|p2a: Sableye\n|-status|p2a: Sableye|par\n|\n|-heal|p2b: Dragonite|99\/100|[from] item: Leftovers\n|-heal|p2a: Sableye|31\/100 par|[from] item: Leftovers\n|upkeep\n|turn|23\n|\n|t:|1697637439\n|-terastallize|p2b: Dragonite|Dragon\n|move|p2a: Sableye|Confuse Ray|p1a: Iron Hands\n|-start|p1a: Iron Hands|confusion\n|move|p2b: Dragonite|Substitute|p2b: Dragonite\n|-start|p2b: Dragonite|Substitute\n|-damage|p2b: Dragonite|74\/100\n|move|p1b: Chansey|Thunder Wave||[still]\n|-fail|p1b: Chansey\n|-activate|p1a: Iron Hands|confusion\n|move|p1a: Iron Hands|Swords Dance|p1a: Iron Hands\n|-boost|p1a: Iron Hands|atk|2\n|\n|-heal|p2b: Dragonite|81\/100|[from] item: Leftovers\n|-heal|p2a: Sableye|37\/100 par|[from] item: Leftovers\n|upkeep\n|turn|24\n|\n|t:|1697637460\n|move|p2a: Sableye|Thunder Wave|p1b: Chansey\n|-status|p1b: Chansey|par\n|move|p2b: Dragonite|Dragon Dance|p2b: Dragonite\n|-boost|p2b: Dragonite|atk|1\n|-boost|p2b: Dragonite|spe|1\n|-end|p1a: Iron Hands|confusion\n|move|p1a: Iron Hands|Swords Dance|p1a: Iron Hands\n|-boost|p1a: Iron Hands|atk|2\n|move|p1b: Chansey|Heal Bell|p1b: Chansey\n|-activate|p1b: Chansey|move: Heal Bell\n|-curestatus|p1b: Chansey|par|[msg]\n|\n|-heal|p2b: Dragonite|87\/100|[from] item: Leftovers\n|-heal|p2a: Sableye|44\/100 par|[from] item: Leftovers\n|upkeep\n|turn|25\n|\n|t:|1697637480\n|move|p2a: Sableye|Confuse Ray|p1a: Iron Hands\n|-start|p1a: Iron Hands|confusion\n|move|p2b: Dragonite|Dragon Dance|p2b: Dragonite\n|-boost|p2b: Dragonite|atk|1\n|-boost|p2b: Dragonite|spe|1\n|-activate|p1a: Iron Hands|confusion\n|move|p1a: Iron Hands|Swords Dance|p1a: Iron Hands\n|-boost|p1a: Iron Hands|atk|2\n|move|p1b: Chansey|Seismic Toss|p2b: Dragonite\n|-end|p2b: Dragonite|Substitute\n|\n|-heal|p2b: Dragonite|93\/100|[from] item: Leftovers\n|-heal|p2a: Sableye|50\/100 par|[from] item: Leftovers\n|upkeep\n|turn|26\n|\n|t:|1697637500\n|cant|p2a: Sableye|par\n|move|p2b: Dragonite|Rock Slide|p1a: Iron Hands|[spread] p1a,p1b\n|-resisted|p1a: Iron Hands\n|-damage|p1a: Iron Hands|89\/100\n|-damage|p1b: Chansey|85\/100\n|move|p1b: Chansey|Heal Bell||[still]\n|-activate|p1b: Chansey|move: Heal Bell\n|-fail|p1b: Chansey\n|cant|p1a: Iron Hands|flinch\n|\n|-heal|p2b: Dragonite|99\/100|[from] item: Leftovers\n|-heal|p1a: Iron Hands|95\/100|[from] item: Leftovers\n|-heal|p2a: Sableye|56\/100 par|[from] item: Leftovers\n|-fieldend|move: Gravity\n|upkeep\n|turn|27\n|\n|t:|1697637529\n|cant|p2a: Sableye|par\n|move|p2b: Dragonite|Substitute|p2b: Dragonite\n|-start|p2b: Dragonite|Substitute\n|-damage|p2b: Dragonite|74\/100\n|move|p1b: Chansey|Thunder Wave||[still]\n|-fail|p1b: Chansey\n|-activate|p1a: Iron Hands|confusion\n|move|p1a: Iron Hands|Drain Punch|p2b: Dragonite\n|-end|p2b: Dragonite|Substitute\n|-heal|p1a: Iron Hands|100\/100|[from] drain|[of] p2b: Dragonite\n|\n|-heal|p2b: Dragonite|81\/100|[from] item: Leftovers\n|-heal|p2a: Sableye|62\/100 par|[from] item: Leftovers\n|upkeep\n|turn|28\n|\n|t:|1697637551\n|move|p2a: Sableye|Gravity|p2a: Sableye\n|-fieldstart|move: Gravity\n|move|p2b: Dragonite|Substitute|p2b: Dragonite\n|-start|p2b: Dragonite|Substitute\n|-damage|p2b: Dragonite|56\/100\n|-activate|p1a: Iron Hands|confusion\n|move|p1a: Iron Hands|Drain Punch|p2b: Dragonite\n|-end|p2b: Dragonite|Substitute\n|move|p1b: Chansey|Seismic Toss|p2b: Dragonite\n|-damage|p2b: Dragonite|30\/100\n|\n|-heal|p2b: Dragonite|36\/100|[from] item: Leftovers\n|-heal|p2a: Sableye|69\/100 par|[from] item: Leftovers\n|upkeep\n|turn|29\n|\n|t:|1697637571\n|cant|p2a: Sableye|par\n|move|p2b: Dragonite|Rock Slide|p1b: Chansey|[spread] p1a,p1b\n|-resisted|p1a: Iron Hands\n|-damage|p1a: Iron Hands|91\/100\n|-damage|p1b: Chansey|73\/100\n|cant|p1b: Chansey|flinch\n|cant|p1a: Iron Hands|flinch\n|\n|-heal|p2b: Dragonite|42\/100|[from] item: Leftovers\n|-heal|p1a: Iron Hands|97\/100|[from] item: Leftovers\n|-heal|p2a: Sableye|75\/100 par|[from] item: Leftovers\n|upkeep\n|turn|30\n|\n|t:|1697637598\n|move|p2a: Sableye|Thunder Wave|p1b: Chansey\n|-status|p1b: Chansey|par\n|move|p2b: Dragonite|Rock Slide|p1a: Iron Hands|[spread] p1a,p1b\n|-resisted|p1a: Iron Hands\n|-damage|p1a: Iron Hands|86\/100\n|-damage|p1b: Chansey|62\/100 par\n|cant|p1a: Iron Hands|flinch\n|cant|p1b: Chansey|flinch\n|\n|-heal|p2b: Dragonite|48\/100|[from] item: Leftovers\n|-heal|p1a: Iron Hands|92\/100|[from] item: Leftovers\n|-heal|p2a: Sableye|81\/100 par|[from] item: Leftovers\n|upkeep\n|turn|31\n|\n|t:|1697637618\n|cant|p2a: Sableye|par\n|move|p2b: Dragonite|Substitute|p2b: Dragonite\n|-start|p2b: Dragonite|Substitute\n|-damage|p2b: Dragonite|24\/100\n|-end|p1a: Iron Hands|confusion\n|move|p1a: Iron Hands|Drain Punch|p2b: Dragonite\n|-end|p2b: Dragonite|Substitute\n|-heal|p1a: Iron Hands|100\/100|[from] drain|[of] p2b: Dragonite\n|move|p1b: Chansey|Heal Bell|p1b: Chansey\n|-activate|p1b: Chansey|move: Heal Bell\n|-curestatus|p1b: Chansey|par|[msg]\n|\n|-heal|p2b: Dragonite|30\/100|[from] item: Leftovers\n|-heal|p2a: Sableye|87\/100 par|[from] item: Leftovers\n|upkeep\n|turn|32\n|\n|t:|1697637646\n|move|p2a: Sableye|Confuse Ray|p1a: Iron Hands\n|-start|p1a: Iron Hands|confusion\n|move|p2b: Dragonite|Substitute|p2b: Dragonite\n|-start|p2b: Dragonite|Substitute\n|-damage|p2b: Dragonite|5\/100\n|move|p1b: Chansey|Seismic Toss|p2b: Dragonite\n|-end|p2b: Dragonite|Substitute\n|-activate|p1a: Iron Hands|confusion\n|move|p1a: Iron Hands|Wild Charge|p2a: Sableye\n|-damage|p2a: Sableye|0 fnt\n|faint|p2a: Sableye\n|-damage|p1a: Iron Hands|88\/100|[from] Recoil\n|\n|-heal|p2b: Dragonite|11\/100|[from] item: Leftovers\n|-heal|p1a: Iron Hands|94\/100|[from] item: Leftovers\n|-fieldend|move: Gravity\n|upkeep\n|\n|t:|1697637665\n|switch|p2a: Blissey|Blissey, F|52\/100\n|turn|33\n|\n|t:|1697637676\n|move|p2b: Dragonite|Rock Slide|p1b: Chansey|[spread] p1a\n|-miss|p2b: Dragonite|p1b: Chansey\n|-resisted|p1a: Iron Hands\n|-damage|p1a: Iron Hands|83\/100\n|move|p2a: Blissey|Rock Slide|p1a: Iron Hands|[spread] p1a,p1b\n|-resisted|p1a: Iron Hands\n|-damage|p1a: Iron Hands|82\/100\n|-damage|p1b: Chansey|61\/100\n|move|p1b: Chansey|Seismic Toss|p2b: Dragonite\n|-damage|p2b: Dragonite|0 fnt\n|faint|p2b: Dragonite\n|cant|p1a: Iron Hands|flinch\n|\n|-heal|p1a: Iron Hands|89\/100|[from] item: Leftovers\n|upkeep\n|\n|t:|1697637689\n|switch|p2b: Roaring Moon|Roaring Moon|29\/100\n|turn|34\n|c|\u2606Melt W|.....\n|\n|t:|1697637701\n|move|p2a: Blissey|Rock Slide|p1b: Chansey|[spread] p1a,p1b\n|-resisted|p1a: Iron Hands\n|-damage|p1a: Iron Hands|88\/100\n|-damage|p1b: Chansey|60\/100\n|move|p2b: Roaring Moon|Knock Off|p1a: Iron Hands\n|-resisted|p1a: Iron Hands\n|-damage|p1a: Iron Hands|71\/100\n|-enditem|p1a: Iron Hands|Leftovers|[from] move: Knock Off|[of] p2b: Roaring Moon\n|-activate|p1a: Iron Hands|confusion\n|move|p1a: Iron Hands|Drain Punch|p2b: Roaring Moon\n|-supereffective|p2b: Roaring Moon\n|-damage|p2b: Roaring Moon|0 fnt\n|-heal|p1a: Iron Hands|81\/100|[from] drain|[of] p2b: Roaring Moon\n|faint|p2b: Roaring Moon\n|-end|p2b: Roaring Moon|Protosynthesis|[silent]\n|cant|p1b: Chansey|flinch\n|\n|upkeep\n|turn|35\n|\n|t:|1697637730\n|move|p2a: Blissey|Rock Slide|p1a: Iron Hands|[spread] p1a\n|-miss|p2a: Blissey|p1b: Chansey\n|-resisted|p1a: Iron Hands\n|-damage|p1a: Iron Hands|80\/100\n|move|p1b: Chansey|Seismic Toss|p2a: Blissey\n|-damage|p2a: Blissey|38\/100\n|cant|p1a: Iron Hands|flinch\n|\n|upkeep\n|turn|36\n|\n|t:|1697637750\n|move|p2a: Blissey|Rock Slide|p1b: Chansey|[spread] p1a,p1b\n|-resisted|p1a: Iron Hands\n|-damage|p1a: Iron Hands|79\/100\n|-damage|p1b: Chansey|59\/100\n|cant|p1b: Chansey|flinch\n|cant|p1a: Iron Hands|flinch\n|\n|upkeep\n|turn|37\n|\n|t:|1697637760\n|move|p2a: Blissey|Rock Slide|p1a: Iron Hands|[spread] p1a,p1b\n|-resisted|p1a: Iron Hands\n|-damage|p1a: Iron Hands|78\/100\n|-damage|p1b: Chansey|58\/100\n|cant|p1a: Iron Hands|flinch\n|move|p1b: Chansey|Soft-Boiled|p1b: Chansey\n|-heal|p1b: Chansey|100\/100\n|\n|upkeep\n|turn|38\n|\n|t:|1697637774\n|move|p2a: Blissey|Rock Slide|p1b: Chansey|[spread] p1a\n|-miss|p2a: Blissey|p1b: Chansey\n|-resisted|p1a: Iron Hands\n|-damage|p1a: Iron Hands|77\/100\n|move|p1b: Chansey|Seismic Toss|p2a: Blissey\n|-damage|p2a: Blissey|24\/100\n|-activate|p1a: Iron Hands|confusion\n|-damage|p1a: Iron Hands|36\/100|[from] confusion\n|\n|upkeep\n|turn|39\n|\n|t:|1697637789\n|move|p2a: Blissey|Rock Slide|p1b: Chansey|[spread] p1a,p1b\n|-resisted|p1a: Iron Hands\n|-damage|p1a: Iron Hands|35\/100\n|-damage|p1b: Chansey|99\/100\n|-activate|p1a: Iron Hands|confusion\n|-damage|p1a: Iron Hands|0 fnt|[from] confusion\n|faint|p1a: Iron Hands\n|-end|p1a: Iron Hands|Quark Drive|[silent]\n|cant|p1b: Chansey|flinch\n|\n|upkeep\n|\n|t:|1697637798\n|switch|p1a: Gourgeist|Gourgeist-Small, M, shiny|69\/100\n|-item|p2a: Blissey|Choice Scarf|[from] ability: Frisk|[of] p1a: Gourgeist|[identify]\n|turn|40\n|\n|t:|1697637813\n|move|p2a: Blissey|Rock Slide|p1b: Chansey|[spread] p1a,p1b\n|-damage|p1a: Gourgeist|66\/100\n|-damage|p1b: Chansey|98\/100\n|move|p1a: Gourgeist|Flamethrower|p2a: Blissey\n|-damage|p2a: Blissey|18\/100\n|cant|p1b: Chansey|flinch\n|\n|upkeep\n|turn|41\n|\n|t:|1697637826\n|move|p2a: Blissey|Rock Slide|p1b: Chansey|[spread] p1a,p1b\n|-damage|p1a: Gourgeist|63\/100\n|-damage|p1b: Chansey|97\/100\n|move|p1a: Gourgeist|Flamethrower|p2a: Blissey\n|-damage|p2a: Blissey|11\/100\n|move|p1b: Chansey|Seismic Toss|p2a: Blissey\n|-damage|p2a: Blissey|0 fnt\n|faint|p2a: Blissey\n|\n|win|Melt W\n|raw|Melt W's rating: 1105 &rarr; <strong>1136<\/strong><br \/>(+31 for winning)\n|raw|snowgust's rating: 1191 &rarr; <strong>1160<\/strong><br \/>(-31 for losing)\n|c|\u2606Melt W|that.........happened\n|l|\u2606Melt W\n","uploadtime":1697638122,"views":8,"p1id":"meltw","p2id":"snowgust","formatid":"gen9nationaldexdoubles","rating":1136,"private":0,"password":""}