{"id":"gen9nationaldexdoubles-1979037885","p1":"GuitarheroVGC","p2":"Material Pain","format":"[Gen 9] National Dex Doubles","log":"|j|\u2606GuitarheroVGC\n|j|\u2606Material Pain\n|t:|1698624243\n|gametype|doubles\n|player|p1|GuitarheroVGC|kimonogirl|1554\n|player|p2|Material Pain|hugh|1545\n|teamsize|p1|6\n|teamsize|p2|6\n|gen|9\n|tier|[Gen 9] National Dex Doubles\n|rated|\n|rule|HP Percentage Mod: HP is shown in percentages\n|rule|Endless Battle Clause: Forcing endless battles is banned\n|rule|OHKO Clause: OHKO moves are banned\n|rule|Evasion Moves Clause: Evasion moves are banned\n|rule|Evasion Abilities Clause: Evasion abilities are banned\n|rule|Species Clause: Limit one of each Pok\u00e9mon\n|rule|Gravity Sleep Clause: The combination of sleep-inducing moves with imperfect accuracy and Gravity or Gigantamax Orbeetle are banned\n|clearpoke\n|poke|p1|Eevee, F|\n|poke|p1|Incineroar, M|\n|poke|p1|Jirachi|\n|poke|p1|Necrozma|\n|poke|p1|Salamence, F|\n|poke|p1|Iron Hands|\n|poke|p2|Metagross|\n|poke|p2|Milotic, F|\n|poke|p2|Tapu Lele|\n|poke|p2|Armarouge, M|\n|poke|p2|Hydreigon, M|\n|poke|p2|Regieleki|\n|teampreview\n|inactive|Battle timer is ON: inactive players will automatically lose when time's up. (requested by GuitarheroVGC)\n|\n|t:|1698624267\n|start\n|switch|p1a: Eevee|Eevee, F|100\/100\n|switch|p1b: Incineroar|Incineroar, M|100\/100\n|switch|p2a: Armarouge|Armarouge, M|100\/100\n|switch|p2b: Tapu Lele|Tapu Lele|100\/100\n|-fieldstart|move: Psychic Terrain|[from] ability: Psychic Surge|[of] p2b: Tapu Lele\n|-ability|p1b: Incineroar|Intimidate|boost\n|-unboost|p2a: Armarouge|atk|1\n|-unboost|p2b: Tapu Lele|atk|1\n|turn|1\n|\n|t:|1698624275\n|-terastallize|p2a: Armarouge|Psychic\n|move|p1a: Eevee|Detect|p1a: Eevee\n|-singleturn|p1a: Eevee|Protect\n|-zpower|p2b: Tapu Lele\n|move|p2b: Tapu Lele|All-Out Pummeling|p1b: Incineroar|[zeffect]\n|-supereffective|p1b: Incineroar\n|-damage|p1b: Incineroar|9\/100\n|-enditem|p1b: Incineroar|Sitrus Berry|[eat]\n|-heal|p1b: Incineroar|34\/100|[from] item: Sitrus Berry\n|move|p2a: Armarouge|Expanding Force|p1a: Eevee|[spread] \n|-activate|p1a: Eevee|move: Protect\n|-immune|p1b: Incineroar\n|move|p1b: Incineroar|Knock Off|p2a: Armarouge\n|-supereffective|p2a: Armarouge\n|-damage|p2a: Armarouge|16\/100\n|-ability|p2a: Armarouge|Weak Armor|boost\n|-unboost|p2a: Armarouge|def|1\n|-boost|p2a: Armarouge|spe|2\n|-enditem|p2a: Armarouge|Choice Specs|[from] move: Knock Off|[of] p1b: Incineroar\n|\n|upkeep\n|turn|2\n|\n|t:|1698624302\n|switch|p1a: Jirachi|Jirachi|100\/100\n|move|p2a: Armarouge|Expanding Force|p1a: Jirachi|[spread] p1a\n|-immune|p1b: Incineroar\n|-resisted|p1a: Jirachi\n|-crit|p1a: Jirachi\n|-damage|p1a: Jirachi|76\/100\n|move|p2b: Tapu Lele|Dazzling Gleam|p1a: Jirachi|[spread] p1a,p1b\n|-resisted|p1a: Jirachi\n|-damage|p1a: Jirachi|63\/100\n|-damage|p1b: Incineroar|12\/100\n|move|p1b: Incineroar|Knock Off|p2a: Armarouge\n|-supereffective|p2a: Armarouge\n|-damage|p2a: Armarouge|0 fnt\n|faint|p2a: Armarouge\n|\n|upkeep\n|\n|t:|1698624311\n|switch|p2a: Hydreigon|Hydreigon, M|100\/100\n|turn|3\n|\n|t:|1698624326\n|move|p2a: Hydreigon|Dark Pulse|p1a: Jirachi\n|-supereffective|p1a: Jirachi\n|-damage|p1a: Jirachi|0 fnt\n|faint|p1a: Jirachi\n|move|p2b: Tapu Lele|Dazzling Gleam|p1b: Incineroar\n|-damage|p1b: Incineroar|0 fnt\n|faint|p1b: Incineroar\n|\n|upkeep\n|\n|t:|1698624339\n|switch|p1a: Eevee|Eevee, F|100\/100\n|switch|p1b: Iron Hands|Iron Hands|100\/100\n|turn|4\n|\n|t:|1698624348\n|-terastallize|p1b: Iron Hands|Fire\n|move|p2a: Hydreigon|Protect|p2a: Hydreigon\n|-singleturn|p2a: Hydreigon|Protect\n|move|p1a: Eevee|Detect|p1a: Eevee\n|-singleturn|p1a: Eevee|Protect\n|move|p2b: Tapu Lele|Focus Blast|p1a: Eevee\n|-activate|p1a: Eevee|move: Protect\n|move|p1b: Iron Hands|Heavy Slam|p2b: Tapu Lele\n|-supereffective|p2b: Tapu Lele\n|-damage|p2b: Tapu Lele|0 fnt\n|faint|p2b: Tapu Lele\n|\n|upkeep\n|\n|t:|1698624361\n|switch|p2b: Regieleki|Regieleki|100\/100\n|turn|5\n|\n|t:|1698624367\n|move|p2b: Regieleki|Electroweb|p1b: Iron Hands|[spread] p1a,p1b\n|-damage|p1a: Eevee|64\/100\n|-damage|p1b: Iron Hands|86\/100\n|-unboost|p1a: Eevee|spe|1\n|-unboost|p1b: Iron Hands|spe|1\n|move|p2a: Hydreigon|Draco Meteor|p1a: Eevee\n|-damage|p1a: Eevee|0 fnt\n|-unboost|p2a: Hydreigon|spa|2\n|faint|p1a: Eevee\n|move|p1b: Iron Hands|Close Combat|p2a: Hydreigon\n|-supereffective|p2a: Hydreigon\n|-enditem|p2a: Hydreigon|Focus Sash\n|-damage|p2a: Hydreigon|1\/100\n|-unboost|p1b: Iron Hands|def|1\n|-unboost|p1b: Iron Hands|spd|1\n|\n|-fieldend|move: Psychic Terrain\n|upkeep\n|\n|t:|1698624375\n|switch|p1a: Necrozma|Necrozma|100\/100\n|turn|6\n|\n|t:|1698624384\n|move|p2b: Regieleki|Electroweb|p1a: Necrozma|[spread] p1a,p1b\n|-damage|p1a: Necrozma|75\/100\n|-damage|p1b: Iron Hands|63\/100\n|-unboost|p1b: Iron Hands|spe|1\n|move|p2a: Hydreigon|Dark Pulse|p1a: Necrozma\n|-supereffective|p1a: Necrozma\n|-damage|p1a: Necrozma|47\/100\n|move|p1a: Necrozma|Calm Mind|p1a: Necrozma\n|-boost|p1a: Necrozma|spa|1\n|-boost|p1a: Necrozma|spd|1\n|move|p1b: Iron Hands|Volt Switch|p2a: Hydreigon\n|-resisted|p2a: Hydreigon\n|-damage|p2a: Hydreigon|0 fnt\n|faint|p2a: Hydreigon\n|\n|t:|1698624396\n|-end|p1b: Iron Hands|Quark Drive|[silent]\n|switch|p1b: Salamence|Salamence, F|100\/100|[from] Volt Switch\n|-ability|p1b: Salamence|Intimidate|boost\n|-unboost|p2b: Regieleki|atk|1\n|\n|upkeep\n|\n|t:|1698624400\n|switch|p2a: Milotic|Milotic, F|100\/100\n|turn|7\n|\n|t:|1698624410\n|detailschange|p1b: Salamence|Salamence-Mega, F\n|-mega|p1b: Salamence|Salamence|Salamencite\n|move|p1b: Salamence|Protect|p1b: Salamence\n|-singleturn|p1b: Salamence|Protect\n|move|p2b: Regieleki|Thunderbolt|p1a: Necrozma\n|-damage|p1a: Necrozma|10\/100\n|move|p2a: Milotic|Icy Wind|p1b: Salamence|[spread] p1a\n|-activate|p1b: Salamence|move: Protect\n|-damage|p1a: Necrozma|2\/100\n|move|p1a: Necrozma|Earth Power|p2b: Regieleki\n|-supereffective|p2b: Regieleki\n|-damage|p2b: Regieleki|0 fnt\n|faint|p2b: Regieleki\n|\n|upkeep\n|\n|t:|1698624421\n|switch|p2b: Metagross|Metagross|100\/100\n|turn|8\n|\n|t:|1698624439\n|detailschange|p2b: Metagross|Metagross-Mega\n|-mega|p2b: Metagross|Metagross|Metagrossite\n|move|p1b: Salamence|Double-Edge|p2a: Milotic\n|-damage|p2a: Milotic|7\/100\n|-damage|p1b: Salamence|68\/100|[from] Recoil\n|move|p2b: Metagross|Iron Head|p1a: Necrozma\n|-damage|p1a: Necrozma|0 fnt\n|faint|p1a: Necrozma\n|move|p2a: Milotic|Icy Wind|p1b: Salamence\n|-supereffective|p1b: Salamence\n|-damage|p1b: Salamence|0 fnt\n|faint|p1b: Salamence\n|\n|upkeep\n|\n|t:|1698624447\n|switch|p1b: Iron Hands|Iron Hands, tera:Fire|63\/100\n|turn|9\n|\n|t:|1698624452\n|move|p2b: Metagross|Protect|p2b: Metagross\n|-singleturn|p2b: Metagross|Protect\n|move|p2a: Milotic|Protect|p2a: Milotic\n|-singleturn|p2a: Milotic|Protect\n|move|p1b: Iron Hands|Fake Out|p2a: Milotic\n|-activate|p2a: Milotic|move: Protect\n|\n|upkeep\n|turn|10\n|\n|t:|1698624464\n|move|p2b: Metagross|Zen Headbutt|p1b: Iron Hands\n|-damage|p1b: Iron Hands|23\/100\n|move|p2a: Milotic|Scald|p1b: Iron Hands\n|-supereffective|p1b: Iron Hands\n|-damage|p1b: Iron Hands|0 fnt\n|faint|p1b: Iron Hands\n|-end|p1b: Iron Hands|Quark Drive|[silent]\n|\n|win|Material Pain\n|raw|GuitarheroVGC's rating: 1554 &rarr; <strong>1533<\/strong><br \/>(-21 for losing)\n|raw|Material Pain's rating: 1545 &rarr; <strong>1566<\/strong><br \/>(+21 for winning)\n|c|\u2606Material Pain|gg\n|l|\u2606GuitarheroVGC\n","uploadtime":1698624501,"views":12,"p1id":"guitarherovgc","p2id":"materialpain","formatid":"gen9nationaldexdoubles","rating":1533,"private":0,"password":""}