{"id":"gen9nationaldexdoubles-1953263022","p1":"I am a cat Meow","p2":"Spookely","format":"[Gen 9] National Dex Doubles","log":"|j|\u2606I am a cat Meow\n|j|\u2606Spookely\n|t:|1695768224\n|gametype|doubles\n|player|p1|I am a cat Meow|1|1277\n|player|p2|Spookely|fisherman-gen4|1364\n|teamsize|p1|6\n|teamsize|p2|6\n|gen|9\n|tier|[Gen 9] National Dex Doubles\n|rated|\n|rule|HP Percentage Mod: HP is shown in percentages\n|rule|Endless Battle Clause: Forcing endless battles is banned\n|rule|OHKO Clause: OHKO moves are banned\n|rule|Evasion Moves Clause: Evasion moves are banned\n|rule|Evasion Abilities Clause: Evasion abilities are banned\n|rule|Species Clause: Limit one of each Pok\u00e9mon\n|rule|Gravity Sleep Clause: The combination of sleep-inducing moves with imperfect accuracy and Gravity or Gigantamax Orbeetle are banned\n|clearpoke\n|poke|p1|Cradily, F|\n|poke|p1|Aerodactyl, M|\n|poke|p1|Arcanine-Hisui, M|\n|poke|p1|Nihilego|\n|poke|p1|Tyranitar, M|\n|poke|p1|Aggron, F|\n|poke|p2|Oranguru, M|\n|poke|p2|Torkoal, F|\n|poke|p2|Camerupt, L99, M|\n|poke|p2|Tapu Lele|\n|poke|p2|Stakataka|\n|poke|p2|Ursaluna, F|\n|teampreview\n|inactive|Battle timer is ON: inactive players will automatically lose when time's up. (requested by Spookely)\n|\n|t:|1695768239\n|start\n|switch|p1a: Aerodactyl|Aerodactyl, M|100\/100\n|switch|p1b: Nihilego|Nihilego|100\/100\n|switch|p2a: The Great Wall|Stakataka|100\/100\n|switch|p2b: Tapu Lele|Tapu Lele|100\/100\n|-ability|p1a: Aerodactyl|Unnerve\n|-fieldstart|move: Psychic Terrain|[from] ability: Psychic Surge|[of] p2b: Tapu Lele\n|-item|p2a: The Great Wall|Air Balloon\n|turn|1\n|inactive|Spookely has 120 seconds left.\n|c|\u2606Spookely|moka\n|c|\u2606Spookely|?\n|\n|t:|1695768298\n|-terastallize|p1b: Nihilego|Flying\n|move|p1a: Aerodactyl|Taunt|p2a: The Great Wall\n|-start|p2a: The Great Wall|move: Taunt\n|move|p1b: Nihilego|Sludge Wave|p2a: The Great Wall|[spread] p1a,p2b\n|-immune|p2a: The Great Wall\n|-resisted|p1a: Aerodactyl\n|-supereffective|p2b: Tapu Lele\n|-damage|p1a: Aerodactyl|80\/100\n|-damage|p2b: Tapu Lele|28\/100\n|move|p2b: Tapu Lele|Psyshock|p1b: Nihilego\n|-damage|p1b: Nihilego|7\/100\n|cant|p2a: The Great Wall|move: Taunt|Trick Room\n|\n|upkeep\n|turn|2\n|inactive|I am a cat Meow has 120 seconds left.\n|\n|t:|1695768332\n|move|p2b: Tapu Lele|Ally Switch|p2b: Tapu Lele\n|swap|p2b: Tapu Lele|0|[from] move: Ally Switch\n|move|p1a: Aerodactyl|Sky Drop|p2b: The Great Wall\n|-fail|p2b: The Great Wall|move: Sky Drop|[heavy]\n|move|p1b: Nihilego|Grass Knot|p2a: Tapu Lele\n|-damage|p2a: Tapu Lele|12\/100\n|move|p2b: The Great Wall|Gyro Ball|p1b: Nihilego\n|-crit|p1b: Nihilego\n|-damage|p1b: Nihilego|0 fnt\n|faint|p1b: Nihilego\n|-ability|p2b: The Great Wall|Beast Boost|boost\n|-boost|p2b: The Great Wall|atk|1\n|\n|upkeep\n|inactive|I am a cat Meow has 120 seconds left.\n|\n|t:|1695768356\n|switch|p1b: Aggron|Aggron, F|100\/100\n|turn|3\n|inactive|Spookely has 120 seconds left.\n|inactive|I am a cat Meow has 120 seconds left.\n|\n|t:|1695768379\n|detailschange|p1b: Aggron|Aggron-Mega, F\n|-mega|p1b: Aggron|Aggron|Aggronite\n|move|p1a: Aerodactyl|Sky Drop||[still]\n|-prepare|p1a: Aerodactyl|Sky Drop|p2a: Tapu Lele\n|move|p1b: Aggron|Heavy Slam|p2b: The Great Wall\n|-damage|p2b: The Great Wall|89\/100\n|-enditem|p2b: The Great Wall|Air Balloon\n|move|p2b: The Great Wall|Gyro Ball|p1a: Aerodactyl|[miss]\n|-miss|p2b: The Great Wall|p1a: Aerodactyl\n|\n|-end|p2b: The Great Wall|move: Taunt\n|upkeep\n|turn|4\n|inactive|Spookely has 120 seconds left.\n|\n|t:|1695768392\n|move|p1a: Aerodactyl|Sky Drop|p2a: Tapu Lele|[from]lockedmove\n|-damage|p2a: Tapu Lele|0 fnt\n|faint|p2a: Tapu Lele\n|move|p1b: Aggron|Body Press|p2b: The Great Wall\n|-supereffective|p2b: The Great Wall\n|-damage|p2b: The Great Wall|0 fnt\n|faint|p2b: The Great Wall\n|\n|upkeep\n|inactive|Spookely has 120 seconds left.\n|\n|t:|1695768402\n|switch|p2a: Oranguru|Oranguru, M|100\/100\n|switch|p2b: Torkoal|Torkoal, F|100\/100\n|-weather|SunnyDay|[from] ability: Drought|[of] p2b: Torkoal\n|turn|5\n|\n|t:|1695768420\n|move|p2b: Torkoal|Protect|p2b: Torkoal\n|-singleturn|p2b: Torkoal|Protect\n|move|p1a: Aerodactyl|Sky Drop||[still]\n|-prepare|p1a: Aerodactyl|Sky Drop|p2a: Oranguru\n|move|p1b: Aggron|Body Press|p2b: Torkoal\n|-activate|p2b: Torkoal|move: Protect\n|\n|-weather|SunnyDay|[upkeep]\n|upkeep\n|turn|6\n|\n|t:|1695768442\n|move|p1a: Aerodactyl|Sky Drop|p2a: Oranguru|[from]lockedmove\n|-damage|p2a: Oranguru|85\/100\n|-end|p2a: Oranguru|Sky Drop\n|move|p1b: Aggron|Body Press|p2a: Oranguru\n|-crit|p2a: Oranguru\n|-damage|p2a: Oranguru|33\/100\n|move|p2b: Torkoal|Eruption|p1b: Aggron|[spread] p1a,p1b\n|-resisted|p1a: Aerodactyl\n|-supereffective|p1b: Aggron\n|-damage|p1a: Aerodactyl|36\/100\n|-damage|p1b: Aggron|0 fnt\n|faint|p1b: Aggron\n|move|p2a: Oranguru|Trick Room|p2a: Oranguru\n|-fieldstart|move: Trick Room|[of] p2a: Oranguru\n|\n|-weather|SunnyDay|[upkeep]\n|upkeep\n|\n|t:|1695768458\n|switch|p1b: Tyranitar|Tyranitar, M|100\/100\n|-weather|Sandstorm|[from] ability: Sand Stream|[of] p1b: Tyranitar\n|turn|7\n|\n|t:|1695768466\n|move|p1a: Aerodactyl|Wide Guard|p1a: Aerodactyl\n|-singleturn|p1a: Aerodactyl|Wide Guard\n|move|p2b: Torkoal|Earth Power|p1b: Tyranitar\n|-supereffective|p1b: Tyranitar\n|-damage|p1b: Tyranitar|66\/100\n|move|p2a: Oranguru|Instruct|p2b: Torkoal\n|-singleturn|p2b: Torkoal|move: Instruct|[of] p2a: Oranguru\n|move|p2b: Torkoal|Earth Power|p1b: Tyranitar\n|-supereffective|p1b: Tyranitar\n|-damage|p1b: Tyranitar|31\/100\n|move|p1b: Tyranitar|Earthquake|p2b: Torkoal|[spread] p2a,p2b\n|-activate|p1a: Aerodactyl|move: Wide Guard\n|-crit|p2a: Oranguru\n|-supereffective|p2b: Torkoal\n|-damage|p2a: Oranguru|0 fnt\n|-damage|p2b: Torkoal|39\/100\n|faint|p2a: Oranguru\n|\n|-weather|Sandstorm|[upkeep]\n|-damage|p2b: Torkoal|33\/100|[from] Sandstorm\n|upkeep\n|\n|t:|1695768488\n|switch|p2a: hump|Camerupt, L99, M, shiny|100\/100\n|turn|8\n|\n|t:|1695768502\n|detailschange|p2a: hump|Camerupt-Mega, L99, M, shiny\n|-mega|p2a: hump|Camerupt|Cameruptite\n|move|p1a: Aerodactyl|Wide Guard|p1a: Aerodactyl\n|-singleturn|p1a: Aerodactyl|Wide Guard\n|move|p2a: hump|Eruption|p1b: Tyranitar|[spread] \n|-activate|p1a: Aerodactyl|move: Wide Guard\n|-activate|p1b: Tyranitar|move: Wide Guard\n|move|p2b: Torkoal|Earth Power|p1b: Tyranitar\n|-supereffective|p1b: Tyranitar\n|-damage|p1b: Tyranitar|0 fnt\n|faint|p1b: Tyranitar\n|\n|-weather|Sandstorm|[upkeep]\n|-damage|p2b: Torkoal|27\/100|[from] Sandstorm\n|-fieldend|move: Psychic Terrain\n|upkeep\n|\n|t:|1695768519\n|switch|p1b: Cradily|Cradily, F|100\/100\n|turn|9\n|\n|t:|1695768527\n|switch|p2a: Ursaluna|Ursaluna, F|100\/100\n|move|p2b: Torkoal|Protect|p2b: Torkoal\n|-singleturn|p2b: Torkoal|Protect\n|move|p1b: Cradily|Protect|p1b: Cradily\n|-singleturn|p1b: Cradily|Protect\n|move|p1a: Aerodactyl|Wide Guard||[still]\n|-fail|p1a: Aerodactyl\n|\n|-weather|Sandstorm|[upkeep]\n|-damage|p2b: Torkoal|21\/100|[from] Sandstorm\n|-status|p2a: Ursaluna|brn|[from] item: Flame Orb\n|upkeep\n|turn|10\n|\n|t:|1695768545\n|move|p1a: Aerodactyl|Wide Guard|p1a: Aerodactyl\n|-singleturn|p1a: Aerodactyl|Wide Guard\n|move|p2b: Torkoal|Earth Power|p1b: Cradily\n|-damage|p1b: Cradily|90\/100\n|move|p2a: Ursaluna|Facade|p1a: Aerodactyl\n|-resisted|p1a: Aerodactyl\n|-damage|p1a: Aerodactyl|0 fnt\n|faint|p1a: Aerodactyl\n|move|p1b: Cradily|Giga Drain|p2a: Ursaluna\n|-supereffective|p2a: Ursaluna\n|-damage|p2a: Ursaluna|65\/100 brn\n|-heal|p1b: Cradily|100\/100|[from] drain|[of] p2a: Ursaluna\n|\n|-weather|Sandstorm|[upkeep]\n|-damage|p2b: Torkoal|14\/100|[from] Sandstorm\n|-damage|p2a: Ursaluna|59\/100 brn|[from] brn\n|-fieldend|move: Trick Room\n|upkeep\n|\n|t:|1695768560\n|switch|p1a: Arcanine|Arcanine-Hisui, M|100\/100\n|turn|11\n|inactive|I am a cat Meow has 120 seconds left.\n|\n|t:|1695768598\n|-terastallize|p2a: Ursaluna|Ghost\n|move|p2b: Torkoal|Protect|p2b: Torkoal\n|-singleturn|p2b: Torkoal|Protect\n|move|p1a: Arcanine|Head Smash|p2a: Ursaluna\n|-damage|p2a: Ursaluna|0 fnt\n|faint|p2a: Ursaluna\n|move|p1b: Cradily|Giga Drain|p2b: Torkoal\n|-activate|p2b: Torkoal|move: Protect\n|\n|-weather|none\n|upkeep\n|\n|t:|1695768607\n|switch|p2a: hump|Camerupt-Mega, L99, M, shiny|100\/100\n|turn|12\n|\n|t:|1695768614\n|move|p1a: Arcanine|Head Smash|p2a: hump\n|-damage|p2a: hump|0 fnt\n|faint|p2a: hump\n|move|p1b: Cradily|Earth Power|p2b: Torkoal\n|-supereffective|p2b: Torkoal\n|-damage|p2b: Torkoal|0 fnt\n|faint|p2b: Torkoal\n|\n|win|I am a cat Meow\n|raw|I am a cat Meow's rating: 1277 &rarr; <strong>1308<\/strong><br \/>(+31 for winning)\n|raw|Spookely's rating: 1364 &rarr; <strong>1339<\/strong><br \/>(-25 for losing)\n|c|\u2606Spookely|ouch\n","uploadtime":1695768701,"views":10,"p1id":"iamacatmeow","p2id":"spookely","formatid":"gen9nationaldexdoubles","rating":1308,"private":0,"password":""}