{"id":"gen9nationaldexdoubles-1970609315","p1":"Nerdygolem513","p2":"Moinsuiii","format":"[Gen 9] National Dex Doubles","log":"|j|\u2606Nerdygolem513\n|j|\u2606Moinsuiii\n|t:|1697652152\n|gametype|doubles\n|player|p1|Nerdygolem513|skullgrunt|1169\n|player|p2|Moinsuiii|n|1275\n|teamsize|p1|6\n|teamsize|p2|6\n|gen|9\n|tier|[Gen 9] National Dex Doubles\n|rated|\n|rule|HP Percentage Mod: HP is shown in percentages\n|rule|Endless Battle Clause: Forcing endless battles is banned\n|rule|OHKO Clause: OHKO moves are banned\n|rule|Evasion Moves Clause: Evasion moves are banned\n|rule|Evasion Abilities Clause: Evasion abilities are banned\n|rule|Species Clause: Limit one of each Pok\u00e9mon\n|rule|Gravity Sleep Clause: The combination of sleep-inducing moves with imperfect accuracy and Gravity or Gigantamax Orbeetle are banned\n|clearpoke\n|poke|p1|Silvally-*|\n|poke|p1|Zamazenta-*|\n|poke|p1|Dragapult, F|\n|poke|p1|Aegislash, M|\n|poke|p1|Grimmsnarl, M|\n|poke|p1|Sinistcha-Masterpiece|\n|poke|p2|Mimikyu, M|\n|poke|p2|Ursaluna, F|\n|poke|p2|Golem-Alola, F|\n|poke|p2|Marshadow|\n|poke|p2|Torkoal, F|\n|poke|p2|Dusclops, F|\n|teampreview\n|\n|t:|1697652164\n|start\n|switch|p1a: Silvally|Silvally|100\/100\n|switch|p1b: Aegislash|Aegislash, M|100\/100\n|switch|p2a: Mimikyu|Mimikyu, M|100\/100\n|switch|p2b: Ursaluna|Ursaluna, F|100\/100\n|turn|1\n|inactive|Battle timer is ON: inactive players will automatically lose when time's up. (requested by Moinsuiii)\n|\n|t:|1697652201\n|move|p2b: Ursaluna|Protect|p2b: Ursaluna\n|-singleturn|p2b: Ursaluna|Protect\n|move|p1a: Silvally|U-turn|p2a: Mimikyu\n|-activate|p2a: Mimikyu|ability: Disguise\n|-damage|p2a: Mimikyu|100\/100\n|detailschange|p2a: Mimikyu|Mimikyu-Busted, M\n|-damage|p2a: Mimikyu|88\/100|[from] pokemon: Mimikyu-Busted\n|\n|t:|1697652210\n|switch|p1a: Grimmsnarl|Grimmsnarl, M|100\/100|[from] U-turn\n|move|p1b: Aegislash|Swords Dance|p1b: Aegislash\n|-boost|p1b: Aegislash|atk|2\n|move|p2a: Mimikyu|Trick Room|p2a: Mimikyu\n|-fieldstart|move: Trick Room|[of] p2a: Mimikyu\n|\n|-status|p2b: Ursaluna|brn|[from] item: Flame Orb\n|upkeep\n|turn|2\n|\n|t:|1697652235\n|move|p1b: Aegislash|King's Shield|p1b: Aegislash\n|-singleturn|p1b: Aegislash|Protect\n|move|p1a: Grimmsnarl|Reflect|p1a: Grimmsnarl\n|-sidestart|p1: Nerdygolem513|Reflect\n|move|p2b: Ursaluna|Headlong Rush|p1b: Aegislash\n|-activate|p1b: Aegislash|move: Protect\n|-unboost|p2b: Ursaluna|atk|1\n|move|p2a: Mimikyu|Play Rough|p1a: Grimmsnarl\n|-supereffective|p1a: Grimmsnarl\n|-damage|p1a: Grimmsnarl|12\/100\n|-damage|p2a: Mimikyu|78\/100|[from] item: Life Orb\n|\n|-damage|p2b: Ursaluna|94\/100 brn|[from] brn\n|upkeep\n|turn|3\n|\n|t:|1697652261\n|switch|p2b: Golem|Golem-Alola, F|100\/100\n|-terastallize|p1b: Aegislash|Ghost\n|-formechange|p1b: Aegislash|Aegislash-Blade||[from] ability: Stance Change\n|move|p1b: Aegislash|Shadow Sneak|p2a: Mimikyu\n|-supereffective|p2a: Mimikyu\n|-damage|p2a: Mimikyu|0 fnt\n|faint|p2a: Mimikyu\n|move|p1a: Grimmsnarl|Metronome|p1a: Grimmsnarl\n|move|p1a: Grimmsnarl|Petal Dance|p2b: Golem|[from]move: Metronome\n|-supereffective|p2b: Golem\n|-damage|p2b: Golem|25\/100\n|\n|upkeep\n|inactive|Moinsuiii has 120 seconds left.\n|\n|t:|1697652287\n|switch|p2a: Marshadow|Marshadow|100\/100\n|-enditem|p2a: Marshadow|Room Service\n|-unboost|p2a: Marshadow|spe|1|[from] item: Room Service\n|turn|4\n|\n|t:|1697652299\n|-formechange|p1b: Aegislash|Aegislash||[from] ability: Stance Change\n|move|p1b: Aegislash|King's Shield|p1b: Aegislash\n|-singleturn|p1b: Aegislash|Protect\n|move|p2b: Golem|Double-Edge|p1a: Grimmsnarl\n|-damage|p1a: Grimmsnarl|0 fnt\n|faint|p1a: Grimmsnarl\n|-damage|p2b: Golem|21\/100|[from] Recoil\n|move|p2a: Marshadow|Spectral Thief|p1b: Aegislash\n|-activate|p1b: Aegislash|move: Protect\n|-unboost|p2a: Marshadow|atk|1\n|\n|upkeep\n|inactive|Nerdygolem513 has 120 seconds left.\n|\n|t:|1697652336\n|switch|p1a: Dragapult|Dragapult, F|100\/100\n|turn|5\n|\n|t:|1697652349\n|switch|p2b: Dusclops|Dusclops, F|100\/100\n|-ability|p2b: Dusclops|Pressure\n|-formechange|p1b: Aegislash|Aegislash-Blade||[from] ability: Stance Change\n|move|p1b: Aegislash|Shadow Sneak|p2a: Marshadow\n|-supereffective|p2a: Marshadow\n|-damage|p2a: Marshadow|0 fnt\n|faint|p2a: Marshadow\n|move|p1a: Dragapult|Dragon Darts|p2b: Dusclops\n|-damage|p2b: Dusclops|83\/100\n|-anim|p1a: Dragapult|Dragon Darts|p2b: Dusclops\n|-damage|p2b: Dusclops|65\/100\n|\n|-fieldend|move: Trick Room\n|upkeep\n|\n|t:|1697652365\n|switch|p2a: Torkoal|Torkoal, F|100\/100\n|-weather|SunnyDay|[from] ability: Drought|[of] p2a: Torkoal\n|turn|6\n|\n|t:|1697652380\n|-formechange|p1b: Aegislash|Aegislash||[from] ability: Stance Change\n|move|p1b: Aegislash|King's Shield|p1b: Aegislash\n|-singleturn|p1b: Aegislash|Protect\n|move|p1a: Dragapult|Dragon Dance|p1a: Dragapult\n|-boost|p1a: Dragapult|atk|1\n|-boost|p1a: Dragapult|spe|1\n|move|p2a: Torkoal|Eruption|p1b: Aegislash|[spread] p1a\n|-activate|p1b: Aegislash|move: Protect\n|-resisted|p1a: Dragapult\n|-damage|p1a: Dragapult|26\/100\n|move|p2b: Dusclops|Trick Room|p2b: Dusclops\n|-fieldstart|move: Trick Room|[of] p2b: Dusclops\n|\n|-weather|SunnyDay|[upkeep]\n|upkeep\n|turn|7\n|\n|t:|1697652398\n|-formechange|p1b: Aegislash|Aegislash-Blade||[from] ability: Stance Change\n|move|p1b: Aegislash|Shadow Sneak|p2a: Torkoal\n|-damage|p2a: Torkoal|53\/100\n|move|p1a: Dragapult|Sucker Punch|p2a: Torkoal\n|-damage|p2a: Torkoal|26\/100\n|move|p2a: Torkoal|Eruption|p1a: Dragapult|[spread] p1a,p1b\n|-resisted|p1a: Dragapult\n|-damage|p1a: Dragapult|6\/100\n|-damage|p1b: Aegislash|48\/100\n|move|p2b: Dusclops|Night Shade|p1b: Aegislash\n|-damage|p1b: Aegislash|17\/100\n|\n|-weather|SunnyDay|[upkeep]\n|-heal|p1b: Aegislash|24\/100|[from] item: Leftovers\n|upkeep\n|turn|8\n|\n|t:|1697652419\n|switch|p1b: Sinistcha|Sinistcha-Masterpiece|100\/100\n|-heal|p1a: Dragapult|31\/100|[from] ability: Hospitality|[of] p1b: Sinistcha\n|move|p2a: Torkoal|Eruption|p1a: Dragapult|[spread] p1a,p1b\n|-resisted|p1a: Dragapult\n|-supereffective|p1b: Sinistcha\n|-damage|p1a: Dragapult|13\/100\n|-damage|p1b: Sinistcha|38\/100\n|move|p2b: Dusclops|Night Shade|p1b: Sinistcha\n|-damage|p1b: Sinistcha|9\/100\n|move|p1a: Dragapult|Dragon Darts|p2a: Torkoal\n|-damage|p2a: Torkoal|0 fnt\n|-anim|p1a: Dragapult|Dragon Darts|p2b: Dusclops\n|-damage|p2b: Dusclops|40\/100\n|faint|p2a: Torkoal\n|\n|-weather|SunnyDay|[upkeep]\n|-heal|p1b: Sinistcha|15\/100|[from] item: Leftovers\n|upkeep\n|\n|t:|1697652423\n|switch|p2a: Ursaluna|Ursaluna, F|94\/100 brn\n|turn|9\n|\n|t:|1697652444\n|move|p1a: Dragapult|Sucker Punch||[still]\n|-fail|p1a: Dragapult\n|move|p2b: Dusclops|Pain Split|p2a: Ursaluna\n|-sethp|p2a: Ursaluna|59\/100 brn|[from] move: Pain Split|[silent]\n|-sethp|p2b: Dusclops|97\/100|[from] move: Pain Split\n|move|p2a: Ursaluna|Earthquake|p1b: Sinistcha|[spread] p2b,p1a,p1b\n|-resisted|p1b: Sinistcha\n|-damage|p2b: Dusclops|52\/100\n|-damage|p1a: Dragapult|0 fnt\n|-damage|p1b: Sinistcha|0 fnt\n|faint|p1a: Dragapult\n|faint|p1b: Sinistcha\n|\n|-weather|SunnyDay|[upkeep]\n|-damage|p2a: Ursaluna|53\/100 brn|[from] brn\n|-sideend|p1: Nerdygolem513|Reflect\n|upkeep\n|inactive|Nerdygolem513 has 120 seconds left.\n|\n|t:|1697652463\n|switch|p1b: Silvally|Silvally|100\/100\n|switch|p1a: Zamazenta|Zamazenta|100\/100\n|-ability|p1a: Zamazenta|Dauntless Shield|boost\n|-boost|p1a: Zamazenta|def|1\n|turn|10\n|\n|t:|1697652474\n|move|p2b: Dusclops|Pain Split|p1b: Silvally\n|-sethp|p1b: Silvally|72\/100|[from] move: Pain Split|[silent]\n|-sethp|p2b: Dusclops|84\/100|[from] move: Pain Split\n|move|p2a: Ursaluna|Facade|p1a: Zamazenta\n|-damage|p1a: Zamazenta|39\/100\n|-damage|p2a: Ursaluna|37\/100 brn|[from] item: Rocky Helmet|[of] p1a: Zamazenta\n|move|p1b: Silvally|U-turn|p2b: Dusclops\n|-resisted|p2b: Dusclops\n|-damage|p2b: Dusclops|75\/100\n|\n|t:|1697652484\n|switch|p1b: Aegislash|Aegislash, M, tera:Ghost|24\/100|[from] U-turn\n|move|p1a: Zamazenta|Body Press|p2a: Ursaluna\n|-supereffective|p2a: Ursaluna\n|-damage|p2a: Ursaluna|0 fnt\n|faint|p2a: Ursaluna\n|\n|-weather|none\n|-heal|p1b: Aegislash|30\/100|[from] item: Leftovers\n|-fieldend|move: Trick Room\n|upkeep\n|\n|t:|1697652488\n|switch|p2a: Golem|Golem-Alola, F|21\/100\n|turn|11\n|\n|t:|1697652501\n|-formechange|p1b: Aegislash|Aegislash-Blade||[from] ability: Stance Change\n|move|p1b: Aegislash|Shadow Sneak|p2b: Dusclops\n|-supereffective|p2b: Dusclops\n|-damage|p2b: Dusclops|35\/100\n|move|p1a: Zamazenta|Body Press|p2a: Golem\n|-supereffective|p2a: Golem\n|-damage|p2a: Golem|0 fnt\n|faint|p2a: Golem\n|move|p2b: Dusclops|Trick Room|p2b: Dusclops\n|-fieldstart|move: Trick Room|[of] p2b: Dusclops\n|\n|-heal|p1b: Aegislash|36\/100|[from] item: Leftovers\n|upkeep\n|turn|12\n|\n|t:|1697652517\n|move|p1b: Aegislash|Shadow Sneak|p2b: Dusclops\n|-supereffective|p2b: Dusclops\n|-damage|p2b: Dusclops|0 fnt\n|faint|p2b: Dusclops\n|\n|win|Nerdygolem513\n|raw|Nerdygolem513's rating: 1169 &rarr; <strong>1201<\/strong><br \/>(+32 for winning)\n|raw|Moinsuiii's rating: 1265 &rarr; <strong>1233<\/strong><br \/>(-32 for losing)\n|l|\u2606Moinsuiii\n","uploadtime":1697652531,"views":6,"p1id":"nerdygolem513","p2id":"moinsuiii","formatid":"gen9nationaldexdoubles","rating":1201,"private":0,"password":""}