{"id":"gen9nationaldexdoubles-1956915971","p1":"DewEnjoyer","p2":"DewEnjoyerer","format":"[Gen 9] National Dex Doubles","log":"|j|\u2606DewEnjoyer\n|j|\u2606DewEnjoyerer\n|t:|1696169486\n|gametype|doubles\n|player|p1|DewEnjoyer|roxie|\n|player|p2|DewEnjoyerer|266|\n|teamsize|p1|6\n|teamsize|p2|6\n|gen|9\n|tier|[Gen 9] National Dex Doubles\n|rule|HP Percentage Mod: HP is shown in percentages\n|rule|Endless Battle Clause: Forcing endless battles is banned\n|rule|OHKO Clause: OHKO moves are banned\n|rule|Evasion Moves Clause: Evasion moves are banned\n|rule|Evasion Abilities Clause: Evasion abilities are banned\n|rule|Species Clause: Limit one of each Pok\u00e9mon\n|rule|Gravity Sleep Clause: The combination of sleep-inducing moves with imperfect accuracy and Gravity or Gigantamax Orbeetle are banned\n|clearpoke\n|poke|p1|Electrode-Hisui|\n|poke|p1|Rillaboom, M|\n|poke|p1|Great Tusk|\n|poke|p1|Volcanion|\n|poke|p1|Goodra-Hisui, M|\n|poke|p1|Tornadus, M|\n|poke|p2|Cinderace, F|\n|poke|p2|Buizel, F|\n|poke|p2|Shaymin-Sky|\n|poke|p2|Politoed, M|\n|poke|p2|Jolteon, M|\n|poke|p2|Blissey, F|\n|teampreview\n|\n|t:|1696169507\n|start\n|switch|p1a: Ough|Tornadus, M|100\/100\n|switch|p1b: Monkey|Rillaboom, M|100\/100\n|switch|p2a: Politoed|Politoed, M, shiny|100\/100\n|switch|p2b: Buizel|Buizel, F|100\/100\n|-fieldstart|move: Grassy Terrain|[from] ability: Grassy Surge|[of] p1b: Monkey\n|-weather|RainDance|[from] ability: Drizzle|[of] p2a: Politoed\n|turn|1\n|player|p2|\n|l|dewenjoyerer\n|j|\u2606DewEnjoyerer\n|player|p2|DewEnjoyerer|pokemaniac\n|\n|t:|1696169557\n|switch|p2b: Jolteon|Jolteon, M|100\/100\n|move|p1b: Monkey|Fake Out|p2b: Jolteon\n|-damage|p2b: Jolteon|75\/100\n|move|p1a: Ough|Bleakwind Storm|p2b: Jolteon|[spread] p2a,p2b\n|-resisted|p2b: Jolteon\n|-damage|p2a: Politoed|79\/100\n|-damage|p2b: Jolteon|55\/100\n|move|p2a: Politoed|Substitute|p2a: Politoed\n|-start|p2a: Politoed|Substitute\n|-damage|p2a: Politoed|54\/100\n|\n|-weather|RainDance|[upkeep]\n|-heal|p2b: Jolteon|61\/100|[from] Grassy Terrain\n|-heal|p2a: Politoed|60\/100|[from] Grassy Terrain\n|-heal|p2a: Politoed|67\/100|[from] item: Leftovers\n|-status|p2b: Jolteon|brn|[from] item: Flame Orb\n|upkeep\n|turn|2\n|\n|t:|1696169592\n|switch|p1a: Elephant|Great Tusk|100\/100\n|move|p2b: Jolteon|Hidden Power|p1b: Monkey\n|-supereffective|p1b: Monkey\n|-damage|p1b: Monkey|62\/100\n|move|p1b: Monkey|Knock Off|p2b: Jolteon\n|-damage|p2b: Jolteon|0 fnt\n|-enditem|p2b: Jolteon|Flame Orb|[from] move: Knock Off|[of] p1b: Monkey\n|faint|p2b: Jolteon\n|move|p2a: Politoed|Toxic|p1b: Monkey\n|-status|p1b: Monkey|tox\n|\n|-weather|RainDance|[upkeep]\n|-heal|p1b: Monkey|69\/100 tox|[from] Grassy Terrain\n|-heal|p2a: Politoed|73\/100|[from] Grassy Terrain\n|-heal|p2a: Politoed|79\/100|[from] item: Leftovers\n|-damage|p1b: Monkey|62\/100 tox|[from] psn\n|upkeep\n|\n|t:|1696169611\n|switch|p2b: Cinderace|Cinderace, F|100\/100\n|turn|3\n|\n|t:|1696169624\n|move|p2a: Politoed|Helping Hand|p2b: Cinderace\n|-singleturn|p2b: Cinderace|Helping Hand|[of] p2a: Politoed\n|move|p2b: Cinderace|Pyro Ball|p1b: Monkey|[miss]\n|-miss|p2b: Cinderace|p1b: Monkey\n|move|p1a: Elephant|Headlong Rush|p2b: Cinderace\n|-supereffective|p2b: Cinderace\n|-damage|p2b: Cinderace|0 fnt\n|-unboost|p1a: Elephant|def|1\n|-unboost|p1a: Elephant|spd|1\n|faint|p2b: Cinderace\n|-damage|p1a: Elephant|91\/100|[from] item: Life Orb\n|move|p1b: Monkey|Knock Off|p2a: Politoed\n|-end|p2a: Politoed|Substitute\n|\n|-weather|RainDance|[upkeep]\n|-heal|p1a: Elephant|97\/100|[from] Grassy Terrain\n|-heal|p1b: Monkey|69\/100 tox|[from] Grassy Terrain\n|-heal|p2a: Politoed|85\/100|[from] Grassy Terrain\n|-heal|p2a: Politoed|92\/100|[from] item: Leftovers\n|-damage|p1b: Monkey|56\/100 tox|[from] psn\n|upkeep\n|\n|t:|1696169647\n|switch|p2b: Buizel|Buizel, F|100\/100\n|turn|4\n|\n|t:|1696169663\n|move|p1b: Monkey|Grassy Glide|p2a: Politoed\n|-supereffective|p2a: Politoed\n|-damage|p2a: Politoed|6\/100\n|move|p2b: Buizel|Iron Tail|p1a: Elephant|[miss]\n|-miss|p2b: Buizel|p1a: Elephant\n|move|p1a: Elephant|Close Combat|p2b: Buizel\n|-damage|p2b: Buizel|0 fnt\n|-unboost|p1a: Elephant|def|1\n|-unboost|p1a: Elephant|spd|1\n|faint|p2b: Buizel\n|-damage|p1a: Elephant|87\/100|[from] item: Life Orb\n|move|p2a: Politoed|Toxic|p1a: Elephant\n|-status|p1a: Elephant|tox\n|\n|-weather|RainDance|[upkeep]\n|-heal|p1a: Elephant|93\/100 tox|[from] Grassy Terrain\n|-heal|p1b: Monkey|62\/100 tox|[from] Grassy Terrain\n|-heal|p2a: Politoed|12\/100|[from] Grassy Terrain\n|-heal|p2a: Politoed|18\/100|[from] item: Leftovers\n|-damage|p1a: Elephant|87\/100 tox|[from] psn\n|-damage|p1b: Monkey|44\/100 tox|[from] psn\n|upkeep\n|\n|t:|1696169686\n|switch|p2b: Blissey|Blissey, F|100\/100\n|turn|5\n|\n|t:|1696169696\n|move|p1b: Monkey|Grassy Glide|p2a: Politoed\n|-supereffective|p2a: Politoed\n|-damage|p2a: Politoed|0 fnt\n|faint|p2a: Politoed\n|move|p1a: Elephant|Close Combat|p2b: Blissey\n|-supereffective|p2b: Blissey\n|-damage|p2b: Blissey|0 fnt\n|-unboost|p1a: Elephant|def|1\n|-unboost|p1a: Elephant|spd|1\n|faint|p2b: Blissey\n|-damage|p1a: Elephant|77\/100 tox|[from] item: Life Orb\n|\n|-weather|none\n|-heal|p1a: Elephant|83\/100 tox|[from] Grassy Terrain\n|-heal|p1b: Monkey|50\/100 tox|[from] Grassy Terrain\n|-damage|p1a: Elephant|71\/100 tox|[from] psn\n|-damage|p1b: Monkey|25\/100 tox|[from] psn\n|-fieldend|move: Grassy Terrain\n|upkeep\n|inactive|Battle timer is ON: inactive players will automatically lose when time's up. (requested by DewEnjoyer)\n|\n|t:|1696169714\n|switch|p2b: Shaymin|Shaymin-Sky|100\/100\n|turn|6\n|\n|t:|1696169727\n|-terastallize|p2b: Shaymin|Ground\n|move|p1b: Monkey|Fake Out||[still]\n|-hint|Fake Out only works on your first turn out.\n|-fail|p1b: Monkey\n|move|p2b: Shaymin|Dazzling Gleam|p1b: Monkey|[spread] p1a,p1b\n|-supereffective|p1a: Elephant\n|-damage|p1a: Elephant|0 fnt\n|-damage|p1b: Monkey|0 fnt\n|faint|p1a: Elephant\n|-end|p1a: Elephant|Protosynthesis|[silent]\n|faint|p1b: Monkey\n|\n|upkeep\n|\n|t:|1696169744\n|switch|p1a: Orb|Electrode-Hisui, shiny|100\/100\n|switch|p1b: Ough|Tornadus, M|100\/100\n|turn|7\n|\n|t:|1696169752\n|-terastallize|p1a: Orb|Grass\n|move|p1b: Ough|Tailwind|p1b: Ough\n|-sidestart|p1: DewEnjoyer|move: Tailwind\n|move|p1a: Orb|Chloroblast|p2b: Shaymin\n|-supereffective|p2b: Shaymin\n|-damage|p2b: Shaymin|0 fnt\n|faint|p2b: Shaymin\n|-damage|p1a: Orb|50\/100|[from] Recoil\n|\n|win|DewEnjoyer\n","uploadtime":1696169763,"views":9,"p1id":"dewenjoyer","p2id":"dewenjoyerer","formatid":"gen9nationaldexdoubles","rating":0,"private":0,"password":""}