{"id":"gen9nationaldexdoubles-1971630781","p1":"Bean.god","p2":"fumbari 24","format":"[Gen 9] National Dex Doubles","log":"|j|\u2606Bean.god\n|j|\u2606fumbari 24\n|t:|1697755193\n|gametype|doubles\n|player|p1|Bean.god|striker|1400\n|player|p2|fumbari 24|hilbert|1356\n|teamsize|p1|6\n|teamsize|p2|6\n|gen|9\n|tier|[Gen 9] National Dex Doubles\n|rated|\n|rule|HP Percentage Mod: HP is shown in percentages\n|rule|Endless Battle Clause: Forcing endless battles is banned\n|rule|OHKO Clause: OHKO moves are banned\n|rule|Evasion Moves Clause: Evasion moves are banned\n|rule|Evasion Abilities Clause: Evasion abilities are banned\n|rule|Species Clause: Limit one of each Pok\u00e9mon\n|rule|Gravity Sleep Clause: The combination of sleep-inducing moves with imperfect accuracy and Gravity or Gigantamax Orbeetle are banned\n|clearpoke\n|poke|p1|Brute Bonnet|\n|poke|p1|Ogerpon-Hearthflame, F|\n|poke|p1|Great Tusk|\n|poke|p1|Charizard, M|\n|poke|p1|Venusaur, M|\n|poke|p1|Walking Wake|\n|poke|p2|Alakazam, M|\n|poke|p2|Indeedee-F, F|\n|poke|p2|Meowscarada, M|\n|poke|p2|Garchomp, M|\n|poke|p2|Blastoise, M|\n|poke|p2|Suicune|\n|teampreview\n|\n|t:|1697755219\n|start\n|switch|p1a: Quasar \u2600\ufe0f|Charizard, M, shiny|100\/100\n|switch|p1b: Hale \u2604\ufe0f|Walking Wake|100\/100\n|switch|p2a: Suicune|Suicune|100\/100\n|switch|p2b: Harbor|Blastoise, M|100\/100\n|turn|1\n|\n|t:|1697755229\n|-end|p1b: Hale \u2604\ufe0f|Protosynthesis|[silent]\n|switch|p1b: Gravitas \u269b\ufe0f|Brute Bonnet|100\/100\n|detailschange|p1a: Quasar \u2600\ufe0f|Charizard-Mega-Y, M, shiny\n|-mega|p1a: Quasar \u2600\ufe0f|Charizard|Charizardite Y\n|-weather|SunnyDay|[from] ability: Drought|[of] p1a: Quasar \u2600\ufe0f\n|-activate|p1b: Gravitas \u269b\ufe0f|ability: Protosynthesis\n|-start|p1b: Gravitas \u269b\ufe0f|protosynthesisdef\n|move|p1a: Quasar \u2600\ufe0f|Protect|p1a: Quasar \u2600\ufe0f\n|-singleturn|p1a: Quasar \u2600\ufe0f|Protect\n|move|p2b: Harbor|Fake Out|p1a: Quasar \u2600\ufe0f\n|-activate|p1a: Quasar \u2600\ufe0f|move: Protect\n|move|p2a: Suicune|Tailwind|p2a: Suicune\n|-sidestart|p2: fumbari 24|move: Tailwind\n|\n|-weather|SunnyDay|[upkeep]\n|upkeep\n|turn|2\n|\n|t:|1697755245\n|move|p2a: Suicune|Icy Wind|p1a: Quasar \u2600\ufe0f|[spread] p1a,p1b\n|-supereffective|p1b: Gravitas \u269b\ufe0f\n|-damage|p1a: Quasar \u2600\ufe0f|89\/100\n|-damage|p1b: Gravitas \u269b\ufe0f|83\/100\n|-unboost|p1a: Quasar \u2600\ufe0f|spe|1\n|-unboost|p1b: Gravitas \u269b\ufe0f|spe|1\n|move|p2b: Harbor|Scald|p1b: Gravitas \u269b\ufe0f\n|-resisted|p1b: Gravitas \u269b\ufe0f\n|-damage|p1b: Gravitas \u269b\ufe0f|78\/100\n|move|p1a: Quasar \u2600\ufe0f|Tailwind|p1a: Quasar \u2600\ufe0f\n|-sidestart|p1: Bean.god|move: Tailwind\n|move|p1b: Gravitas \u269b\ufe0f|Spore|p2b: Harbor\n|-status|p2b: Harbor|slp|[from] move: Spore\n|\n|-weather|SunnyDay|[upkeep]\n|-heal|p1b: Gravitas \u269b\ufe0f|84\/100|[from] item: Leftovers\n|upkeep\n|turn|3\n|\n|t:|1697755267\n|switch|p1a: Hale \u2604\ufe0f|Walking Wake|100\/100\n|-activate|p1a: Hale \u2604\ufe0f|ability: Protosynthesis\n|-start|p1a: Hale \u2604\ufe0f|protosynthesisspe\n|-terastallize|p2b: Harbor|Poison\n|move|p2a: Suicune|Scald|p1b: Gravitas \u269b\ufe0f\n|-resisted|p1b: Gravitas \u269b\ufe0f\n|-damage|p1b: Gravitas \u269b\ufe0f|78\/100\n|cant|p2b: Harbor|slp\n|move|p1b: Gravitas \u269b\ufe0f|Spore|p2a: Suicune\n|-status|p2a: Suicune|slp|[from] move: Spore\n|\n|-weather|SunnyDay|[upkeep]\n|-heal|p1b: Gravitas \u269b\ufe0f|84\/100|[from] item: Leftovers\n|upkeep\n|turn|4\n|\n|t:|1697755285\n|-end|p1b: Gravitas \u269b\ufe0f|Protosynthesis|[silent]\n|switch|p1b: Photon \ud83d\udd06|Venusaur, M|100\/100\n|-terastallize|p1a: Hale \u2604\ufe0f|Water\n|move|p1a: Hale \u2604\ufe0f|Hydro Steam|p2b: Harbor\n|-damage|p2b: Harbor|17\/100 slp\n|-damage|p1a: Hale \u2604\ufe0f|91\/100|[from] item: Life Orb\n|cant|p2a: Suicune|slp\n|-curestatus|p2b: Harbor|slp|[msg]\n|move|p2b: Harbor|Scald|p1b: Photon \ud83d\udd06\n|-resisted|p1b: Photon \ud83d\udd06\n|-damage|p1b: Photon \ud83d\udd06|91\/100\n|-status|p1b: Photon \ud83d\udd06|brn\n|\n|-weather|SunnyDay|[upkeep]\n|-heal|p2b: Harbor|23\/100|[from] item: Leftovers\n|-damage|p1b: Photon \ud83d\udd06|85\/100 brn|[from] brn\n|-sideend|p2: fumbari 24|move: Tailwind\n|upkeep\n|turn|5\n|\n|t:|1697755304\n|move|p2b: Harbor|Protect|p2b: Harbor\n|-singleturn|p2b: Harbor|Protect\n|move|p1b: Photon \ud83d\udd06|Growth|p1b: Photon \ud83d\udd06\n|-boost|p1b: Photon \ud83d\udd06|atk|2\n|-boost|p1b: Photon \ud83d\udd06|spa|2\n|move|p1a: Hale \u2604\ufe0f|Hydro Steam|p2b: Harbor\n|-activate|p2b: Harbor|move: Protect\n|-curestatus|p2a: Suicune|slp|[msg]\n|move|p2a: Suicune|Tailwind|p2a: Suicune\n|-sidestart|p2: fumbari 24|move: Tailwind\n|\n|-weather|none\n|-end|p1a: Hale \u2604\ufe0f|Protosynthesis\n|-heal|p2b: Harbor|29\/100|[from] item: Leftovers\n|-damage|p1b: Photon \ud83d\udd06|79\/100 brn|[from] brn\n|-sideend|p1: Bean.god|move: Tailwind\n|upkeep\n|turn|6\n|\n|t:|1697755319\n|move|p2a: Suicune|Icy Wind|p1b: Photon \ud83d\udd06|[spread] p1a,p1b\n|-resisted|p1a: Hale \u2604\ufe0f\n|-supereffective|p1b: Photon \ud83d\udd06\n|-damage|p1a: Hale \u2604\ufe0f|84\/100\n|-damage|p1b: Photon \ud83d\udd06|52\/100 brn\n|-unboost|p1a: Hale \u2604\ufe0f|spe|1\n|-unboost|p1b: Photon \ud83d\udd06|spe|1\n|move|p2b: Harbor|Yawn|p1a: Hale \u2604\ufe0f\n|-start|p1a: Hale \u2604\ufe0f|move: Yawn|[of] p2b: Harbor\n|move|p1a: Hale \u2604\ufe0f|Hydro Steam|p2b: Harbor\n|-damage|p2b: Harbor|0 fnt\n|faint|p2b: Harbor\n|-damage|p1a: Hale \u2604\ufe0f|74\/100|[from] item: Life Orb\n|move|p1b: Photon \ud83d\udd06|Giga Drain|p2a: Suicune\n|-supereffective|p2a: Suicune\n|-damage|p2a: Suicune|9\/100\n|-heal|p1b: Photon \ud83d\udd06|100\/100 brn|[from] drain|[of] p2a: Suicune\n|-enditem|p2a: Suicune|Sitrus Berry|[eat]\n|-heal|p2a: Suicune|34\/100|[from] item: Sitrus Berry\n|\n|-damage|p1b: Photon \ud83d\udd06|95\/100 brn|[from] brn\n|upkeep\n|\n|t:|1697755342\n|switch|p2b: Delusion|Alakazam, M|100\/100\n|turn|7\n|\n|t:|1697755354\n|switch|p2a: Indeedee|Indeedee-F, F|100\/100\n|-fieldstart|move: Psychic Terrain|[from] ability: Psychic Surge|[of] p2a: Indeedee\n|-enditem|p2a: Indeedee|Psychic Seed\n|-boost|p2a: Indeedee|spd|1|[from] item: Psychic Seed\n|-end|p1a: Hale \u2604\ufe0f|Protosynthesis|[silent]\n|switch|p1a: Gravitas \u269b\ufe0f|Brute Bonnet|84\/100\n|switch|p1b: Quasar \u2600\ufe0f|Charizard-Mega-Y, M, shiny|89\/100\n|-weather|SunnyDay|[from] ability: Drought|[of] p1b: Quasar \u2600\ufe0f\n|-activate|p1a: Gravitas \u269b\ufe0f|ability: Protosynthesis\n|-start|p1a: Gravitas \u269b\ufe0f|protosynthesisdef\n|detailschange|p2b: Delusion|Alakazam-Mega, M\n|-mega|p2b: Delusion|Alakazam|Alakazite\n|-ability|p2b: Delusion|Drought|[from] ability: Trace|[of] p1b: Quasar \u2600\ufe0f\n|move|p2b: Delusion|Expanding Force|p1a: Gravitas \u269b\ufe0f|[spread] p1b\n|-immune|p1a: Gravitas \u269b\ufe0f\n|-damage|p1b: Quasar \u2600\ufe0f|8\/100\n|\n|-weather|SunnyDay|[upkeep]\n|-heal|p1a: Gravitas \u269b\ufe0f|90\/100|[from] item: Leftovers\n|upkeep\n|turn|8\n|\n|t:|1697755383\n|move|p1b: Quasar \u2600\ufe0f|Protect|p1b: Quasar \u2600\ufe0f\n|-singleturn|p1b: Quasar \u2600\ufe0f|Protect\n|move|p2b: Delusion|Substitute|p2b: Delusion\n|-start|p2b: Delusion|Substitute\n|-damage|p2b: Delusion|76\/100\n|move|p2a: Indeedee|Expanding Force|p1a: Gravitas \u269b\ufe0f|[spread] \n|-activate|p1b: Quasar \u2600\ufe0f|move: Protect\n|-immune|p1a: Gravitas \u269b\ufe0f\n|move|p1a: Gravitas \u269b\ufe0f|Spore||[still]\n|-fail|p1a: Gravitas \u269b\ufe0f\n|\n|-weather|SunnyDay|[upkeep]\n|-heal|p1a: Gravitas \u269b\ufe0f|97\/100|[from] item: Leftovers\n|-sideend|p2: fumbari 24|move: Tailwind\n|upkeep\n|turn|9\n|inactive|Battle timer is ON: inactive players will automatically lose when time's up. (requested by fumbari 24)\n|\n|t:|1697755406\n|switch|p1b: Ozone \ud83d\udd73\ufe0f|Ogerpon-Hearthflame, F|100\/100\n|-ability|p1b: Ozone \ud83d\udd73\ufe0f|Mold Breaker\n|move|p2a: Indeedee|Helping Hand|p2b: Delusion\n|-singleturn|p2b: Delusion|Helping Hand|[of] p2a: Indeedee\n|move|p1a: Gravitas \u269b\ufe0f|Sucker Punch|p2b: Delusion\n|-activate|p2b: Delusion|move: Psychic Terrain\n|move|p2b: Delusion|Dazzling Gleam|p1a: Gravitas \u269b\ufe0f|[spread] p1a,p1b\n|-supereffective|p1a: Gravitas \u269b\ufe0f\n|-resisted|p1b: Ozone \ud83d\udd73\ufe0f\n|-damage|p1a: Gravitas \u269b\ufe0f|39\/100\n|-damage|p1b: Ozone \ud83d\udd73\ufe0f|77\/100\n|\n|-weather|SunnyDay|[upkeep]\n|-heal|p1a: Gravitas \u269b\ufe0f|45\/100|[from] item: Leftovers\n|upkeep\n|turn|10\n|\n|t:|1697755428\n|move|p2b: Delusion|Protect|p2b: Delusion\n|-singleturn|p2b: Delusion|Protect\n|move|p1b: Ozone \ud83d\udd73\ufe0f|Spiky Shield|p1b: Ozone \ud83d\udd73\ufe0f\n|-singleturn|p1b: Ozone \ud83d\udd73\ufe0f|move: Protect\n|move|p2a: Indeedee|Expanding Force|p1a: Gravitas \u269b\ufe0f|[spread] \n|-activate|p1b: Ozone \ud83d\udd73\ufe0f|move: Protect\n|-immune|p1a: Gravitas \u269b\ufe0f\n|move|p1a: Gravitas \u269b\ufe0f|Pollen Puff|p2b: Delusion\n|-activate|p2b: Delusion|move: Protect\n|\n|-weather|SunnyDay|[upkeep]\n|-heal|p1a: Gravitas \u269b\ufe0f|51\/100|[from] item: Leftovers\n|upkeep\n|turn|11\n|\n|t:|1697755436\n|move|p2a: Indeedee|Helping Hand|p2b: Delusion\n|-singleturn|p2b: Delusion|Helping Hand|[of] p2a: Indeedee\n|move|p2b: Delusion|Dazzling Gleam|p1b: Ozone \ud83d\udd73\ufe0f|[spread] p1a,p1b\n|-supereffective|p1a: Gravitas \u269b\ufe0f\n|-resisted|p1b: Ozone \ud83d\udd73\ufe0f\n|-damage|p1a: Gravitas \u269b\ufe0f|0 fnt\n|-damage|p1b: Ozone \ud83d\udd73\ufe0f|53\/100\n|faint|p1a: Gravitas \u269b\ufe0f\n|-end|p1a: Gravitas \u269b\ufe0f|Protosynthesis|[silent]\n|move|p1b: Ozone \ud83d\udd73\ufe0f|Ivy Cudgel|p2b: Delusion\n|-crit|p2b: Delusion\n|-end|p2b: Delusion|Substitute\n|\n|-weather|none\n|-fieldend|move: Psychic Terrain\n|upkeep\n|\n|t:|1697755450\n|switch|p1a: Quasar \u2600\ufe0f|Charizard-Mega-Y, M, shiny|8\/100\n|-weather|SunnyDay|[from] ability: Drought|[of] p1a: Quasar \u2600\ufe0f\n|turn|12\n|\n|t:|1697755466\n|move|p2a: Indeedee|Helping Hand|p2b: Delusion\n|-singleturn|p2b: Delusion|Helping Hand|[of] p2a: Indeedee\n|move|p1b: Ozone \ud83d\udd73\ufe0f|Follow Me|p1b: Ozone \ud83d\udd73\ufe0f\n|-singleturn|p1b: Ozone \ud83d\udd73\ufe0f|move: Follow Me\n|move|p2b: Delusion|Dazzling Gleam|p1b: Ozone \ud83d\udd73\ufe0f|[spread] p1a,p1b\n|-resisted|p1a: Quasar \u2600\ufe0f\n|-resisted|p1b: Ozone \ud83d\udd73\ufe0f\n|-damage|p1a: Quasar \u2600\ufe0f|0 fnt\n|-damage|p1b: Ozone \ud83d\udd73\ufe0f|32\/100\n|faint|p1a: Quasar \u2600\ufe0f\n|\n|-weather|SunnyDay|[upkeep]\n|upkeep\n|\n|t:|1697755475\n|switch|p1a: Photon \ud83d\udd06|Venusaur, M|95\/100 brn\n|turn|13\n|\n|t:|1697755490\n|move|p2b: Delusion|Protect|p2b: Delusion\n|-singleturn|p2b: Delusion|Protect\n|move|p1b: Ozone \ud83d\udd73\ufe0f|Follow Me|p1b: Ozone \ud83d\udd73\ufe0f\n|-singleturn|p1b: Ozone \ud83d\udd73\ufe0f|move: Follow Me\n|move|p1a: Photon \ud83d\udd06|Sludge Bomb|p2b: Delusion\n|-activate|p2b: Delusion|move: Protect\n|move|p2a: Indeedee|Expanding Force|p1b: Ozone \ud83d\udd73\ufe0f\n|-damage|p1b: Ozone \ud83d\udd73\ufe0f|1\/100\n|\n|-weather|SunnyDay|[upkeep]\n|-damage|p1a: Photon \ud83d\udd06|89\/100 brn|[from] brn\n|upkeep\n|turn|14\n|\n|t:|1697755505\n|move|p2a: Indeedee|Follow Me|p2a: Indeedee\n|-singleturn|p2a: Indeedee|move: Follow Me\n|move|p1a: Photon \ud83d\udd06|Sludge Bomb|p2a: Indeedee\n|-damage|p2a: Indeedee|77\/100\n|move|p2b: Delusion|Dazzling Gleam|p1b: Ozone \ud83d\udd73\ufe0f|[spread] p1a,p1b\n|-resisted|p1a: Photon \ud83d\udd06\n|-resisted|p1b: Ozone \ud83d\udd73\ufe0f\n|-damage|p1a: Photon \ud83d\udd06|74\/100 brn\n|-damage|p1b: Ozone \ud83d\udd73\ufe0f|0 fnt\n|faint|p1b: Ozone \ud83d\udd73\ufe0f\n|\n|-weather|SunnyDay|[upkeep]\n|-damage|p1a: Photon \ud83d\udd06|68\/100 brn|[from] brn\n|upkeep\n|\n|t:|1697755515\n|switch|p1b: Hale \u2604\ufe0f|Walking Wake, tera:Water|74\/100\n|-activate|p1b: Hale \u2604\ufe0f|ability: Protosynthesis\n|-start|p1b: Hale \u2604\ufe0f|protosynthesisspe\n|turn|15\n|\n|t:|1697755525\n|switch|p2a: Suicune|Suicune|34\/100\n|move|p2b: Delusion|Protect|p2b: Delusion\n|-singleturn|p2b: Delusion|Protect\n|move|p1a: Photon \ud83d\udd06|Sludge Bomb|p2b: Delusion\n|-activate|p2b: Delusion|move: Protect\n|move|p1b: Hale \u2604\ufe0f|Hydro Steam|p2a: Suicune\n|-resisted|p2a: Suicune\n|-damage|p2a: Suicune|0 fnt\n|faint|p2a: Suicune\n|-damage|p1b: Hale \u2604\ufe0f|64\/100|[from] item: Life Orb\n|\n|-weather|SunnyDay|[upkeep]\n|-damage|p1a: Photon \ud83d\udd06|62\/100 brn|[from] brn\n|upkeep\n|\n|t:|1697755538\n|switch|p2a: Indeedee|Indeedee-F, F|77\/100\n|-fieldstart|move: Psychic Terrain|[from] ability: Psychic Surge|[of] p2a: Indeedee\n|turn|16\n|\n|t:|1697755553\n|move|p2a: Indeedee|Follow Me|p2a: Indeedee\n|-singleturn|p2a: Indeedee|move: Follow Me\n|move|p1a: Photon \ud83d\udd06|Sludge Bomb|p2a: Indeedee\n|-damage|p2a: Indeedee|41\/100\n|-status|p2a: Indeedee|psn\n|move|p1b: Hale \u2604\ufe0f|Hydro Steam|p2a: Indeedee\n|-damage|p2a: Indeedee|0 fnt\n|faint|p2a: Indeedee\n|-damage|p1b: Hale \u2604\ufe0f|54\/100|[from] item: Life Orb\n|move|p2b: Delusion|Expanding Force|p1a: Photon \ud83d\udd06|[spread] p1a,p1b\n|-supereffective|p1a: Photon \ud83d\udd06\n|-damage|p1a: Photon \ud83d\udd06|0 fnt\n|-damage|p1b: Hale \u2604\ufe0f|0 fnt\n|faint|p1a: Photon \ud83d\udd06\n|faint|p1b: Hale \u2604\ufe0f\n|-end|p1b: Hale \u2604\ufe0f|Protosynthesis|[silent]\n|\n|-weather|none\n|upkeep\n|\n|t:|1697755570\n|switch|p1a: Entropy \ud83d\udc80|Great Tusk|100\/100\n|switch|p2a: A.Banderas|Meowscarada, M|100\/100\n|turn|17\n|c|\u2606fumbari 24|Gg\n|\n|t:|1697755595\n|move|p2b: Delusion|Expanding Force|p1a: Entropy \ud83d\udc80\n|-supereffective|p1a: Entropy \ud83d\udc80\n|-damage|p1a: Entropy \ud83d\udc80|0 fnt\n|faint|p1a: Entropy \ud83d\udc80\n|-end|p1a: Entropy \ud83d\udc80|Protosynthesis|[silent]\n|\n|win|fumbari 24\n|raw|Bean.god's rating: 1400 &rarr; <strong>1377<\/strong><br \/>(-23 for losing)\n|raw|fumbari 24's rating: 1356 &rarr; <strong>1379<\/strong><br \/>(+23 for winning)\n|l|\u2606Bean.god\n","uploadtime":1697755603,"views":10,"p1id":"beangod","p2id":"fumbari24","formatid":"gen9nationaldexdoubles","rating":1377,"private":0,"password":""}