{"id":"gen9nationaldexdoubles-1955704930","p1":"zeref203","p2":"TigerRoast","format":"[Gen 9] National Dex Doubles","log":"|j|\u2606zeref203\n|j|\u2606TigerRoast\n|t:|1696020061\n|gametype|doubles\n|player|p1|zeref203|265|1089\n|player|p2|TigerRoast|266|1159\n|teamsize|p1|6\n|teamsize|p2|6\n|gen|9\n|tier|[Gen 9] National Dex Doubles\n|rated|\n|rule|HP Percentage Mod: HP is shown in percentages\n|rule|Endless Battle Clause: Forcing endless battles is banned\n|rule|OHKO Clause: OHKO moves are banned\n|rule|Evasion Moves Clause: Evasion moves are banned\n|rule|Evasion Abilities Clause: Evasion abilities are banned\n|rule|Species Clause: Limit one of each Pok\u00e9mon\n|rule|Gravity Sleep Clause: The combination of sleep-inducing moves with imperfect accuracy and Gravity or Gigantamax Orbeetle are banned\n|clearpoke\n|poke|p1|Altaria, F|\n|poke|p1|Golem-Alola, M|\n|poke|p1|Pawmot, M|\n|poke|p1|Great Tusk|\n|poke|p1|Ninetales, M|\n|poke|p1|Sableye, M|\n|poke|p2|Regigigas|\n|poke|p2|Flutter Mane|\n|poke|p2|Basculegion, M|\n|poke|p2|Jirachi|\n|poke|p2|Dragonite, M|\n|poke|p2|Ursaluna, M|\n|teampreview\n|inactive|Battle timer is ON: inactive players will automatically lose when time's up. (requested by zeref203)\n|\n|t:|1696020072\n|start\n|switch|p1a: Ninetales|Ninetales, M|100\/100\n|switch|p1b: Sableye|Sableye, M|100\/100\n|switch|p2a: Regigigas|Regigigas|100\/100\n|switch|p2b: Jirachi|Jirachi, shiny|100\/100\n|-weather|SunnyDay|[from] ability: Drought|[of] p1a: Ninetales\n|-start|p2a: Regigigas|ability: Slow Start\n|turn|1\n|\n|t:|1696020090\n|move|p1b: Sableye|Will-O-Wisp|p2a: Regigigas\n|-status|p2a: Regigigas|brn\n|move|p2b: Jirachi|Skill Swap|p2a: Regigigas\n|-activate|p2b: Jirachi|move: Skill Swap|||[of] p2a: Regigigas\n|-end|p2a: Regigigas|Slow Start|[silent]\n|-start|p2b: Jirachi|ability: Slow Start\n|move|p1a: Ninetales|Heat Wave|p2a: Regigigas|[spread] p2a,p2b\n|-supereffective|p2b: Jirachi\n|-damage|p2a: Regigigas|65\/100 brn\n|-damage|p2b: Jirachi|19\/100\n|move|p2a: Regigigas|Rock Polish|p2a: Regigigas\n|-boost|p2a: Regigigas|spe|2\n|\n|-weather|SunnyDay|[upkeep]\n|-heal|p2a: Regigigas|71\/100 brn|[from] item: Leftovers\n|-damage|p2a: Regigigas|65\/100 brn|[from] brn\n|upkeep\n|turn|2\n|\n|t:|1696020117\n|move|p1b: Sableye|Encore|p2a: Regigigas\n|-start|p2a: Regigigas|Encore\n|move|p2a: Regigigas|Rock Polish|p2a: Regigigas\n|-boost|p2a: Regigigas|spe|2\n|move|p1a: Ninetales|Heat Wave|p2a: Regigigas|[spread] p2a,p2b\n|-supereffective|p2b: Jirachi\n|-damage|p2a: Regigigas|28\/100 brn\n|-damage|p2b: Jirachi|0 fnt\n|faint|p2b: Jirachi\n|-end|p2b: Jirachi|Slow Start|[silent]\n|\n|-weather|SunnyDay|[upkeep]\n|-heal|p2a: Regigigas|34\/100 brn|[from] item: Leftovers\n|-damage|p2a: Regigigas|28\/100 brn|[from] brn\n|upkeep\n|\n|t:|1696020125\n|switch|p2b: Flutter Mane|Flutter Mane|100\/100\n|-activate|p2b: Flutter Mane|ability: Protosynthesis\n|-start|p2b: Flutter Mane|protosynthesisspa\n|turn|3\n|\n|t:|1696020140\n|move|p1b: Sableye|Will-O-Wisp|p2b: Flutter Mane\n|-status|p2b: Flutter Mane|brn\n|move|p2a: Regigigas|Rock Polish|p2a: Regigigas\n|-boost|p2a: Regigigas|spe|2\n|move|p2b: Flutter Mane|Shadow Ball|p1a: Ninetales\n|-damage|p1a: Ninetales|25\/100\n|move|p1a: Ninetales|Dark Pulse|p2b: Flutter Mane\n|-damage|p2b: Flutter Mane|78\/100 brn\n|\n|-weather|SunnyDay|[upkeep]\n|-heal|p2a: Regigigas|34\/100 brn|[from] item: Leftovers\n|-damage|p2a: Regigigas|28\/100 brn|[from] brn\n|-damage|p2b: Flutter Mane|72\/100 brn|[from] brn\n|upkeep\n|turn|4\n|\n|t:|1696020164\n|move|p2a: Regigigas|Rock Polish|p2a: Regigigas\n|-boost|p2a: Regigigas|spe|0\n|move|p2b: Flutter Mane|Shadow Ball|p1a: Ninetales\n|-damage|p1a: Ninetales|0 fnt\n|faint|p1a: Ninetales\n|move|p1b: Sableye|Drain Punch|p2a: Regigigas\n|-supereffective|p2a: Regigigas\n|-damage|p2a: Regigigas|5\/100 brn\n|\n|-weather|SunnyDay|[upkeep]\n|-heal|p2a: Regigigas|12\/100 brn|[from] item: Leftovers\n|-damage|p2a: Regigigas|5\/100 brn|[from] brn\n|-damage|p2b: Flutter Mane|66\/100 brn|[from] brn\n|-end|p2a: Regigigas|Encore\n|upkeep\n|inactive|zeref203 has 120 seconds left.\n|\n|t:|1696020181\n|switch|p1a: Pawmot|Pawmot, M|100\/100\n|turn|5\n|\n|t:|1696020194\n|move|p1a: Pawmot|Mach Punch|p2a: Regigigas\n|-supereffective|p2a: Regigigas\n|-damage|p2a: Regigigas|0 fnt\n|faint|p2a: Regigigas\n|move|p1b: Sableye|Encore|p2b: Flutter Mane\n|-start|p2b: Flutter Mane|Encore\n|-enditem|p2b: Flutter Mane|Mental Herb\n|-end|p2b: Flutter Mane|Encore\n|move|p2b: Flutter Mane|Moonblast|p1b: Sableye\n|-supereffective|p1b: Sableye\n|-damage|p1b: Sableye|0 fnt\n|faint|p1b: Sableye\n|\n|-weather|SunnyDay|[upkeep]\n|-damage|p2b: Flutter Mane|60\/100 brn|[from] brn\n|upkeep\n|\n|t:|1696020206\n|switch|p2a: Ursaluna|Ursaluna, M|100\/100\n|switch|p1b: Golem|Golem-Alola, M|100\/100\n|-item|p1b: Golem|Air Balloon\n|turn|6\n|\n|t:|1696020217\n|move|p2b: Flutter Mane|Moonblast|p1a: Pawmot\n|-supereffective|p1a: Pawmot\n|-enditem|p1a: Pawmot|Focus Sash\n|-damage|p1a: Pawmot|1\/100\n|-unboost|p1a: Pawmot|spa|1\n|move|p1a: Pawmot|Seed Bomb|p2a: Ursaluna\n|-supereffective|p2a: Ursaluna\n|-damage|p2a: Ursaluna|64\/100\n|move|p1b: Golem|Rock Polish|p1b: Golem\n|-boost|p1b: Golem|spe|2\n|move|p2a: Ursaluna|Curse|p2a: Ursaluna\n|-unboost|p2a: Ursaluna|spe|1\n|-boost|p2a: Ursaluna|atk|1\n|-boost|p2a: Ursaluna|def|1\n|\n|-weather|SunnyDay|[upkeep]\n|-damage|p2b: Flutter Mane|54\/100 brn|[from] brn\n|-status|p2a: Ursaluna|brn|[from] item: Flame Orb\n|upkeep\n|turn|7\n|inactive|zeref203 has 120 seconds left.\n|\n|t:|1696020247\n|move|p1b: Golem|Rock Slide|p2b: Flutter Mane|[spread] p2a,p2b\n|-resisted|p2a: Ursaluna\n|-damage|p2a: Ursaluna|56\/100 brn\n|-damage|p2b: Flutter Mane|0 fnt\n|faint|p2b: Flutter Mane\n|-end|p2b: Flutter Mane|Protosynthesis|[silent]\n|move|p1a: Pawmot|Revival Blessing|p1a: Pawmot\n|inactive|zeref203 has 120 seconds left.\n|\n|t:|1696020254\n|-heal|p1: Sableye|50\/100|[from] move: Revival Blessing\n|move|p2a: Ursaluna|Close Combat|p1b: Golem\n|-supereffective|p1b: Golem\n|-damage|p1b: Golem|0 fnt\n|-unboost|p2a: Ursaluna|def|1\n|-unboost|p2a: Ursaluna|spd|1\n|-enditem|p1b: Golem|Air Balloon\n|faint|p1b: Golem\n|\n|-weather|SunnyDay|[upkeep]\n|-damage|p2a: Ursaluna|50\/100 brn|[from] brn\n|upkeep\n|\n|t:|1696020272\n|switch|p2b: Dragonite|Dragonite, M|100\/100\n|switch|p1b: Altaria|Altaria, F, shiny|100\/100\n|-ability|p1b: Altaria|Cloud Nine\n|turn|8\n|inactive|TigerRoast has 120 seconds left.\n|\n|t:|1696020303\n|detailschange|p1b: Altaria|Altaria-Mega, F, shiny\n|-mega|p1b: Altaria|Altaria|Altarianite\n|-terastallize|p2b: Dragonite|Normal\n|move|p2b: Dragonite|Extreme Speed|p1a: Pawmot\n|-enditem|p2b: Dragonite|Normal Gem|[from] gem\n|-damage|p1a: Pawmot|0 fnt\n|faint|p1a: Pawmot\n|move|p1b: Altaria|Hyper Voice|p2b: Dragonite|[spread] p2a,p2b\n|-crit|p2a: Ursaluna\n|-damage|p2a: Ursaluna|0 fnt\n|-damage|p2b: Dragonite|79\/100\n|faint|p2a: Ursaluna\n|\n|-weather|none\n|upkeep\n|\n|t:|1696020314\n|switch|p1a: Sableye|Sableye, M|50\/100\n|switch|p2a: Basculegion|Basculegion, M|100\/100\n|turn|9\n|\n|t:|1696020325\n|move|p1a: Sableye|Will-O-Wisp|p2b: Dragonite\n|-status|p2b: Dragonite|brn\n|move|p2a: Basculegion|Last Respects|p1b: Altaria\n|-damage|p1b: Altaria|3\/100\n|move|p2b: Dragonite|Dragon Claw|p1a: Sableye\n|-damage|p1a: Sableye|16\/100\n|move|p1b: Altaria|Hyper Voice|p2a: Basculegion|[spread] p2a,p2b\n|-damage|p2a: Basculegion|52\/100\n|-damage|p2b: Dragonite|35\/100 brn\n|\n|-damage|p2b: Dragonite|29\/100 brn|[from] brn\n|upkeep\n|turn|10\n|\n|t:|1696020344\n|move|p2b: Dragonite|Extreme Speed|p1b: Altaria\n|-damage|p1b: Altaria|0 fnt\n|faint|p1b: Altaria\n|move|p1a: Sableye|Will-O-Wisp|p2a: Basculegion\n|-status|p2a: Basculegion|brn\n|move|p2a: Basculegion|Last Respects|p1a: Sableye\n|-damage|p1a: Sableye|0 fnt\n|faint|p1a: Sableye\n|\n|-damage|p2a: Basculegion|46\/100 brn|[from] brn\n|-damage|p2b: Dragonite|23\/100 brn|[from] brn\n|upkeep\n|\n|t:|1696020355\n|switch|p1b: Great Tusk|Great Tusk|100\/100\n|turn|11\n|\n|t:|1696020369\n|-terastallize|p1b: Great Tusk|Ground\n|move|p2a: Basculegion|Last Respects|p1b: Great Tusk\n|-damage|p1b: Great Tusk|60\/100\n|move|p2b: Dragonite|Dual Wingbeat|p1b: Great Tusk\n|-damage|p1b: Great Tusk|51\/100\n|-damage|p1b: Great Tusk|42\/100\n|-hitcount|p1b: Great Tusk|2\n|move|p1b: Great Tusk|Headlong Rush|p2a: Basculegion\n|-damage|p2a: Basculegion|0 fnt\n|-unboost|p1b: Great Tusk|def|1\n|-unboost|p1b: Great Tusk|spd|1\n|faint|p2a: Basculegion\n|\n|-damage|p2b: Dragonite|17\/100 brn|[from] brn\n|upkeep\n|turn|12\n|\n|t:|1696020384\n|move|p2b: Dragonite|Extreme Speed|p1b: Great Tusk\n|-damage|p1b: Great Tusk|16\/100\n|move|p1b: Great Tusk|Close Combat|p2b: Dragonite\n|-supereffective|p2b: Dragonite\n|-damage|p2b: Dragonite|0 fnt\n|-unboost|p1b: Great Tusk|def|1\n|-unboost|p1b: Great Tusk|spd|1\n|faint|p2b: Dragonite\n|\n|win|zeref203\n|raw|zeref203's rating: 1089 &rarr; <strong>1121<\/strong><br \/>(+32 for winning)\n|raw|TigerRoast's rating: 1159 &rarr; <strong>1129<\/strong><br \/>(-30 for losing)\n|c|\u2606TigerRoast|gg\n","uploadtime":1696020395,"views":10,"p1id":"zeref203","p2id":"tigerroast","formatid":"gen9nationaldexdoubles","rating":1121,"private":0,"password":""}