{"id":"gen9nationaldexdoubles-1973345286","p1":"A real eel","p2":"Mmirza","format":"[Gen 9] National Dex Doubles","log":"|j|\u2606A real eel\n|j|\u2606Mmirza\n|t:|1697958565\n|gametype|doubles\n|player|p1|A real eel|janitor|1438\n|player|p2|Mmirza|saturn|1468\n|teamsize|p1|6\n|teamsize|p2|6\n|gen|9\n|tier|[Gen 9] National Dex Doubles\n|rated|\n|rule|HP Percentage Mod: HP is shown in percentages\n|rule|Endless Battle Clause: Forcing endless battles is banned\n|rule|OHKO Clause: OHKO moves are banned\n|rule|Evasion Moves Clause: Evasion moves are banned\n|rule|Evasion Abilities Clause: Evasion abilities are banned\n|rule|Species Clause: Limit one of each Pok\u00e9mon\n|rule|Gravity Sleep Clause: The combination of sleep-inducing moves with imperfect accuracy and Gravity or Gigantamax Orbeetle are banned\n|clearpoke\n|poke|p1|Chien-Pao|\n|poke|p1|Rillaboom, F|\n|poke|p1|Metagross|\n|poke|p1|Chi-Yu|\n|poke|p1|Farigiraf, M|\n|poke|p1|Milotic, M|\n|poke|p2|Incineroar, M|\n|poke|p2|Gastrodon-East, M|\n|poke|p2|Rillaboom, M|\n|poke|p2|Zygarde|\n|poke|p2|Amoonguss, M|\n|poke|p2|Chien-Pao|\n|teampreview\n|inactive|Battle timer is ON: inactive players will automatically lose when time's up. (requested by Mmirza)\n|c|\u2606A real eel|see you again\n|\n|t:|1697958595\n|start\n|switch|p1a: Rillaboom|Rillaboom, F|100\/100\n|switch|p1b: \u4f60\u597d\u5927\u7684\u80c6\u5b50\u6562\u5a01\u5413\u6211|Milotic, M|100\/100\n|switch|p2a: Chien-Pao|Chien-Pao|100\/100\n|switch|p2b: Rillaboom|Rillaboom, M|100\/100\n|-ability|p2a: Chien-Pao|Sword of Ruin\n|-fieldstart|move: Grassy Terrain|[from] ability: Grassy Surge|[of] p2b: Rillaboom\n|turn|1\n|c|\u2606Mmirza|we matched before?\n|c|\u2606Mmirza|ohh the blizzard never miss??\n|inactive|Mmirza has 120 seconds left.\n|\n|t:|1697958638\n|switch|p1b: \u4f60\u597d\u5927\u7684\u80c6\u5b50\u6562\u7a81\u88ad\u6211|Farigiraf, M|100\/100\n|move|p1a: Rillaboom|Fake Out|p2a: Chien-Pao\n|-damage|p2a: Chien-Pao|82\/100\n|cant|p2a: Chien-Pao|flinch\n|move|p2b: Rillaboom|U-turn|p1a: Rillaboom\n|-supereffective|p1a: Rillaboom\n|-damage|p1a: Rillaboom|49\/100\n|\n|t:|1697958648\n|switch|p2b: Incineroar|Incineroar, M, shiny|100\/100|[from] U-turn\n|-ability|p2b: Incineroar|Intimidate|boost\n|-unboost|p1a: Rillaboom|atk|1\n|-unboost|p1b: \u4f60\u597d\u5927\u7684\u80c6\u5b50\u6562\u7a81\u88ad\u6211|atk|1\n|\n|-heal|p2a: Chien-Pao|88\/100|[from] Grassy Terrain\n|-heal|p1a: Rillaboom|55\/100|[from] Grassy Terrain\n|upkeep\n|turn|2\n|inactive|Mmirza has 120 seconds left.\n|\n|t:|1697958671\n|switch|p2a: Amoonguss|Amoonguss, M|100\/100\n|switch|p1a: Chi-Yu|Chi-Yu|100\/100\n|-ability|p1a: Chi-Yu|Beads of Ruin\n|-terastallize|p1b: \u4f60\u597d\u5927\u7684\u80c6\u5b50\u6562\u7a81\u88ad\u6211|Fairy\n|move|p2b: Incineroar|Flare Blitz|p1b: \u4f60\u597d\u5927\u7684\u80c6\u5b50\u6562\u7a81\u88ad\u6211\n|-damage|p1b: \u4f60\u597d\u5927\u7684\u80c6\u5b50\u6562\u7a81\u88ad\u6211|36\/100\n|-damage|p2b: Incineroar|76\/100|[from] Recoil\n|move|p1b: \u4f60\u597d\u5927\u7684\u80c6\u5b50\u6562\u7a81\u88ad\u6211|Tera Blast|p2a: Amoonguss|[anim] Tera Blast Fairy\n|-resisted|p2a: Amoonguss\n|-damage|p2a: Amoonguss|79\/100\n|\n|-heal|p2b: Incineroar|82\/100|[from] Grassy Terrain\n|-heal|p1b: \u4f60\u597d\u5927\u7684\u80c6\u5b50\u6562\u7a81\u88ad\u6211|42\/100|[from] Grassy Terrain\n|-heal|p2a: Amoonguss|85\/100|[from] Grassy Terrain\n|-heal|p2a: Amoonguss|92\/100|[from] item: Leftovers\n|upkeep\n|turn|3\n|\n|t:|1697958693\n|-terastallize|p2a: Amoonguss|Water\n|move|p1a: Chi-Yu|Heat Wave|p2a: Amoonguss|[spread] p2a,p2b\n|-resisted|p2a: Amoonguss\n|-resisted|p2b: Incineroar\n|-damage|p2a: Amoonguss|60\/100\n|-damage|p2b: Incineroar|46\/100\n|move|p2b: Incineroar|Flare Blitz|p1b: \u4f60\u597d\u5927\u7684\u80c6\u5b50\u6562\u7a81\u88ad\u6211\n|-damage|p1b: \u4f60\u597d\u5927\u7684\u80c6\u5b50\u6562\u7a81\u88ad\u6211|0 fnt\n|faint|p1b: \u4f60\u597d\u5927\u7684\u80c6\u5b50\u6562\u7a81\u88ad\u6211\n|-damage|p2b: Incineroar|30\/100|[from] Recoil\n|move|p2a: Amoonguss|Spore|p1a: Chi-Yu\n|-status|p1a: Chi-Yu|slp|[from] move: Spore\n|\n|-heal|p2b: Incineroar|36\/100|[from] Grassy Terrain\n|-heal|p2a: Amoonguss|67\/100|[from] Grassy Terrain\n|-heal|p2a: Amoonguss|73\/100|[from] item: Leftovers\n|upkeep\n|\n|t:|1697958701\n|switch|p1b: Rillaboom|Rillaboom, F|55\/100\n|turn|4\n|\n|t:|1697958716\n|switch|p2a: Rillaboom|Rillaboom, M|100\/100\n|move|p1b: Rillaboom|Grassy Glide|p2a: Rillaboom\n|-resisted|p2a: Rillaboom\n|-damage|p2a: Rillaboom|81\/100\n|cant|p1a: Chi-Yu|slp\n|move|p2b: Incineroar|Knock Off|p1a: Chi-Yu\n|-resisted|p1a: Chi-Yu\n|-damage|p1a: Chi-Yu|61\/100 slp\n|-enditem|p1a: Chi-Yu|Choice Specs|[from] move: Knock Off|[of] p2b: Incineroar\n|\n|-heal|p1a: Chi-Yu|67\/100 slp|[from] Grassy Terrain\n|-heal|p2a: Rillaboom|87\/100|[from] Grassy Terrain\n|-heal|p1b: Rillaboom|61\/100|[from] Grassy Terrain\n|-heal|p2b: Incineroar|42\/100|[from] Grassy Terrain\n|upkeep\n|turn|5\n|\n|t:|1697958744\n|switch|p2b: Chien-Pao|Chien-Pao|88\/100\n|-ability|p2b: Chien-Pao|Sword of Ruin\n|cant|p1a: Chi-Yu|slp\n|move|p2a: Rillaboom|Superpower|p1a: Chi-Yu\n|-supereffective|p1a: Chi-Yu\n|-damage|p1a: Chi-Yu|0 fnt\n|-unboost|p2a: Rillaboom|atk|1\n|-unboost|p2a: Rillaboom|def|1\n|faint|p1a: Chi-Yu\n|move|p1b: Rillaboom|U-turn|p2a: Rillaboom\n|-supereffective|p2a: Rillaboom\n|-damage|p2a: Rillaboom|0 fnt\n|faint|p2a: Rillaboom\n|\n|t:|1697958755\n|switch|p1b: \u4f60\u597d\u5927\u7684\u80c6\u5b50\u6562\u5a01\u5413\u6211|Milotic, M|100\/100|[from] U-turn\n|\n|-heal|p2b: Chien-Pao|94\/100|[from] Grassy Terrain\n|-fieldend|move: Grassy Terrain\n|upkeep\n|\n|t:|1697958762\n|switch|p1a: Metagross|Metagross|100\/100\n|switch|p2a: Amoonguss|Amoonguss, M, tera:Water|100\/100\n|turn|6\n|\n|t:|1697958777\n|detailschange|p1a: Metagross|Metagross-Mega\n|-mega|p1a: Metagross|Metagross|Metagrossite\n|move|p2b: Chien-Pao|Protect|p2b: Chien-Pao\n|-singleturn|p2b: Chien-Pao|Protect\n|move|p1a: Metagross|Bullet Punch|p2b: Chien-Pao\n|-activate|p2b: Chien-Pao|move: Protect\n|move|p1b: \u4f60\u597d\u5927\u7684\u80c6\u5b50\u6562\u5a01\u5413\u6211|Hidden Power|p2a: Amoonguss\n|-supereffective|p2a: Amoonguss\n|-damage|p2a: Amoonguss|69\/100\n|move|p2a: Amoonguss|Spore|p1a: Metagross\n|-status|p1a: Metagross|slp|[from] move: Spore\n|\n|-heal|p2a: Amoonguss|75\/100|[from] item: Leftovers\n|upkeep\n|turn|7\n|\n|t:|1697958794\n|move|p1b: \u4f60\u597d\u5927\u7684\u80c6\u5b50\u6562\u5a01\u5413\u6211|Protect|p1b: \u4f60\u597d\u5927\u7684\u80c6\u5b50\u6562\u5a01\u5413\u6211\n|-singleturn|p1b: \u4f60\u597d\u5927\u7684\u80c6\u5b50\u6562\u5a01\u5413\u6211|Protect\n|move|p2b: Chien-Pao|Crunch|p1b: \u4f60\u597d\u5927\u7684\u80c6\u5b50\u6562\u5a01\u5413\u6211\n|-activate|p1b: \u4f60\u597d\u5927\u7684\u80c6\u5b50\u6562\u5a01\u5413\u6211|move: Protect\n|cant|p1a: Metagross|slp\n|move|p2a: Amoonguss|Spore|p1b: \u4f60\u597d\u5927\u7684\u80c6\u5b50\u6562\u5a01\u5413\u6211\n|-activate|p1b: \u4f60\u597d\u5927\u7684\u80c6\u5b50\u6562\u5a01\u5413\u6211|move: Protect\n|\n|-heal|p2a: Amoonguss|82\/100|[from] item: Leftovers\n|upkeep\n|turn|8\n|\n|t:|1697958815\n|move|p2a: Amoonguss|Rage Powder|p2a: Amoonguss\n|-singleturn|p2a: Amoonguss|move: Rage Powder\n|cant|p1a: Metagross|slp\n|move|p2b: Chien-Pao|Crunch|p1a: Metagross\n|-supereffective|p1a: Metagross\n|-damage|p1a: Metagross|11\/100 slp\n|-unboost|p1a: Metagross|def|1\n|move|p1b: \u4f60\u597d\u5927\u7684\u80c6\u5b50\u6562\u5a01\u5413\u6211|Hidden Power|p2a: Amoonguss\n|-supereffective|p2a: Amoonguss\n|-damage|p2a: Amoonguss|50\/100\n|\n|-heal|p2a: Amoonguss|57\/100|[from] item: Leftovers\n|upkeep\n|turn|9\n|\n|t:|1697958840\n|move|p2a: Amoonguss|Rage Powder|p2a: Amoonguss\n|-singleturn|p2a: Amoonguss|move: Rage Powder\n|-curestatus|p1a: Metagross|slp|[msg]\n|move|p1a: Metagross|Bullet Punch|p2a: Amoonguss\n|-resisted|p2a: Amoonguss\n|-damage|p2a: Amoonguss|39\/100\n|move|p2b: Chien-Pao|Crunch|p1a: Metagross\n|-supereffective|p1a: Metagross\n|-damage|p1a: Metagross|0 fnt\n|faint|p1a: Metagross\n|move|p1b: \u4f60\u597d\u5927\u7684\u80c6\u5b50\u6562\u5a01\u5413\u6211|Hidden Power|p2a: Amoonguss\n|-supereffective|p2a: Amoonguss\n|-damage|p2a: Amoonguss|5\/100\n|\n|-heal|p2a: Amoonguss|11\/100|[from] item: Leftovers\n|upkeep\n|\n|t:|1697958848\n|switch|p1a: Rillaboom|Rillaboom, F|61\/100\n|-fieldstart|move: Grassy Terrain|[from] ability: Grassy Surge|[of] p1a: Rillaboom\n|turn|10\n|\n|t:|1697958868\n|switch|p2a: Zygarde|Zygarde, shiny|100\/100\n|-ability|p2a: Zygarde|Aura Break\n|move|p2b: Chien-Pao|Protect|p2b: Chien-Pao\n|-singleturn|p2b: Chien-Pao|Protect\n|move|p1a: Rillaboom|Fake Out|p2b: Chien-Pao\n|-activate|p2b: Chien-Pao|move: Protect\n|move|p1b: \u4f60\u597d\u5927\u7684\u80c6\u5b50\u6562\u5a01\u5413\u6211|Hidden Power|p2a: Zygarde\n|-damage|p2a: Zygarde|82\/100\n|\n|-heal|p2b: Chien-Pao|99\/100|[from] Grassy Terrain\n|-heal|p2a: Zygarde|89\/100|[from] Grassy Terrain\n|-heal|p1a: Rillaboom|67\/100|[from] Grassy Terrain\n|upkeep\n|turn|11\n|\n|t:|1697958892\n|move|p2a: Zygarde|Protect|p2a: Zygarde\n|-singleturn|p2a: Zygarde|Protect\n|move|p2b: Chien-Pao|Ice Spinner|p1a: Rillaboom\n|-supereffective|p1a: Rillaboom\n|-crit|p1a: Rillaboom\n|-damage|p1a: Rillaboom|0 fnt\n|-fieldend|move: Grassy Terrain\n|faint|p1a: Rillaboom\n|move|p1b: \u4f60\u597d\u5927\u7684\u80c6\u5b50\u6562\u5a01\u5413\u6211|Muddy Water|p2b: Chien-Pao|[spread] p2b\n|-activate|p2a: Zygarde|move: Protect\n|-damage|p2b: Chien-Pao|46\/100\n|\n|upkeep\n|\n|t:|1697958902\n|switch|p1a: \u829d\u58eb\u96ea\u8c79|Chien-Pao|100\/100\n|-ability|p1a: \u829d\u58eb\u96ea\u8c79|Sword of Ruin\n|turn|12\n|\n|t:|1697958913\n|switch|p2a: Gastrodon|Gastrodon-East, M, shiny|100\/100\n|move|p1a: \u829d\u58eb\u96ea\u8c79|Sacred Sword|p2b: Chien-Pao\n|-supereffective|p2b: Chien-Pao\n|-damage|p2b: Chien-Pao|0 fnt\n|faint|p2b: Chien-Pao\n|-damage|p1a: \u829d\u58eb\u96ea\u8c79|91\/100|[from] item: Life Orb\n|move|p1b: \u4f60\u597d\u5927\u7684\u80c6\u5b50\u6562\u5a01\u5413\u6211|Muddy Water|p2a: Gastrodon\n|-ability|p2a: Gastrodon|Storm Drain|boost\n|-boost|p2a: Gastrodon|spa|1\n|\n|upkeep\n|\n|t:|1697958926\n|switch|p2b: Incineroar|Incineroar, M, shiny|42\/100\n|-ability|p2b: Incineroar|Intimidate|boost\n|-unboost|p1a: \u829d\u58eb\u96ea\u8c79|atk|1\n|-unboost|p1b: \u4f60\u597d\u5927\u7684\u80c6\u5b50\u6562\u5a01\u5413\u6211|atk|1\n|-ability|p1b: \u4f60\u597d\u5927\u7684\u80c6\u5b50\u6562\u5a01\u5413\u6211|Competitive|boost\n|-boost|p1b: \u4f60\u597d\u5927\u7684\u80c6\u5b50\u6562\u5a01\u5413\u6211|spa|2\n|turn|13\n|\n|t:|1697958940\n|move|p2b: Incineroar|Fake Out|p1b: \u4f60\u597d\u5927\u7684\u80c6\u5b50\u6562\u5a01\u5413\u6211\n|-damage|p1b: \u4f60\u597d\u5927\u7684\u80c6\u5b50\u6562\u5a01\u5413\u6211|80\/100\n|move|p1a: \u829d\u58eb\u96ea\u8c79|Sacred Sword|p2b: Incineroar\n|-supereffective|p2b: Incineroar\n|-crit|p2b: Incineroar\n|-damage|p2b: Incineroar|0 fnt\n|faint|p2b: Incineroar\n|-damage|p1a: \u829d\u58eb\u96ea\u8c79|81\/100|[from] item: Life Orb\n|cant|p1b: \u4f60\u597d\u5927\u7684\u80c6\u5b50\u6562\u5a01\u5413\u6211|flinch\n|move|p2a: Gastrodon|Earth Power|p1a: \u829d\u58eb\u96ea\u8c79\n|-damage|p1a: \u829d\u58eb\u96ea\u8c79|0 fnt\n|faint|p1a: \u829d\u58eb\u96ea\u8c79\n|\n|-heal|p1b: \u4f60\u597d\u5927\u7684\u80c6\u5b50\u6562\u5a01\u5413\u6211|87\/100|[from] item: Leftovers\n|upkeep\n|\n|t:|1697958955\n|switch|p2b: Amoonguss|Amoonguss, M, tera:Water|45\/100\n|turn|14\n|\n|t:|1697958961\n|switch|p2b: Zygarde|Zygarde, shiny|89\/100\n|-ability|p2b: Zygarde|Aura Break\n|move|p1b: \u4f60\u597d\u5927\u7684\u80c6\u5b50\u6562\u5a01\u5413\u6211|Hidden Power|p2b: Zygarde\n|-crit|p2b: Zygarde\n|-damage|p2b: Zygarde|46\/100\n|move|p2a: Gastrodon|Earth Power|p1b: \u4f60\u597d\u5927\u7684\u80c6\u5b50\u6562\u5a01\u5413\u6211\n|-crit|p1b: \u4f60\u597d\u5927\u7684\u80c6\u5b50\u6562\u5a01\u5413\u6211\n|-damage|p1b: \u4f60\u597d\u5927\u7684\u80c6\u5b50\u6562\u5a01\u5413\u6211|28\/100\n|\n|-heal|p1b: \u4f60\u597d\u5927\u7684\u80c6\u5b50\u6562\u5a01\u5413\u6211|34\/100|[from] item: Leftovers\n|upkeep\n|turn|15\n|\n|t:|1697958981\n|move|p2b: Zygarde|Thousand Arrows|p1b: \u4f60\u597d\u5927\u7684\u80c6\u5b50\u6562\u5a01\u5413\u6211\n|-damage|p1b: \u4f60\u597d\u5927\u7684\u80c6\u5b50\u6562\u5a01\u5413\u6211|0 fnt\n|faint|p1b: \u4f60\u597d\u5927\u7684\u80c6\u5b50\u6562\u5a01\u5413\u6211\n|\n|win|Mmirza\n|raw|A real eel's rating: 1438 &rarr; <strong>1420<\/strong><br \/>(-18 for losing)\n|raw|Mmirza's rating: 1468 &rarr; <strong>1486<\/strong><br \/>(+18 for winning)\n|l|\u2606A real eel\n","uploadtime":1697958988,"views":13,"p1id":"arealeel","p2id":"mmirza","formatid":"gen9nationaldexdoubles","rating":1420,"private":0,"password":""}