{"id":"gen9nationaldexdoubles-1993621633","p1":"HW10608","p2":"El Ryuk456","format":"[Gen 9] National Dex Doubles","log":"|j|\u2606HW10608\n|j|\u2606El Ryuk456\n|t:|1700338450\n|gametype|doubles\n|player|p1|HW10608|169|1029\n|player|p2|El Ryuk456|ingo|1316\n|teamsize|p1|6\n|teamsize|p2|6\n|gen|9\n|tier|[Gen 9] National Dex Doubles\n|rated|\n|rule|HP Percentage Mod: HP is shown in percentages\n|rule|Endless Battle Clause: Forcing endless battles is banned\n|rule|OHKO Clause: OHKO moves are banned\n|rule|Evasion Moves Clause: Evasion moves are banned\n|rule|Evasion Abilities Clause: Evasion abilities are banned\n|rule|Species Clause: Limit one of each Pok\u00e9mon\n|rule|Gravity Sleep Clause: The combination of sleep-inducing moves with imperfect accuracy and Gravity or Gigantamax Orbeetle are banned\n|clearpoke\n|poke|p1|Tyranitar, F|\n|poke|p1|Zygarde|\n|poke|p1|Tornadus, M|\n|poke|p1|Jirachi|\n|poke|p1|Volcanion|\n|poke|p1|Rillaboom, F|\n|poke|p2|Lucario, M|\n|poke|p2|Crobat, F|\n|poke|p2|Tinkaton, F|\n|poke|p2|Ogerpon, F|\n|poke|p2|Luxray, M|\n|poke|p2|Tapu Lele|\n|teampreview\n|\n|t:|1700338463\n|start\n|switch|p1a: Zygarde|Zygarde|100\/100\n|switch|p1b: Jirachi|Jirachi|100\/100\n|switch|p2a: Lucario|Lucario, M|100\/100\n|switch|p2b: Tinkaton|Tinkaton, F|100\/100\n|-ability|p2b: Tinkaton|Mold Breaker\n|-ability|p1a: Zygarde|Aura Break\n|turn|1\n|\n|t:|1700338478\n|detailschange|p2a: Lucario|Lucario-Mega, M\n|-mega|p2a: Lucario|Lucario|Lucarionite\n|move|p2b: Tinkaton|Fake Out|p1a: Zygarde\n|-damage|p1a: Zygarde|95\/100\n|move|p1b: Jirachi|Follow Me|p1b: Jirachi\n|-singleturn|p1b: Jirachi|move: Follow Me\n|move|p2a: Lucario|Aura Sphere|p1b: Jirachi\n|-damage|p1b: Jirachi|64\/100\n|cant|p1a: Zygarde|flinch\n|\n|upkeep\n|turn|2\n|\n|t:|1700338498\n|switch|p2a: Ogerpon|Ogerpon, F|100\/100\n|switch|p2b: Luxray|Luxray, M|100\/100\n|-ability|p2b: Luxray|Intimidate|boost\n|-fail|p1a: Zygarde|unboost|[from] item: Clear Amulet|[of] p1a: Zygarde\n|-unboost|p1b: Jirachi|atk|1\n|move|p1b: Jirachi|Follow Me|p1b: Jirachi\n|-singleturn|p1b: Jirachi|move: Follow Me\n|move|p1a: Zygarde|Dragon Dance|p1a: Zygarde\n|-boost|p1a: Zygarde|atk|1\n|-boost|p1a: Zygarde|spe|1\n|\n|upkeep\n|turn|3\n|\n|t:|1700338516\n|-terastallize|p2a: Ogerpon|Grass\n|detailschange|p2a: Ogerpon|Ogerpon-Teal-Tera, F, tera:Grass\n|-ability|p2a: Ogerpon|Embody Aspect (Teal)|boost\n|-boost|p2a: Ogerpon|spe|1\n|move|p1b: Jirachi|Follow Me|p1b: Jirachi\n|-singleturn|p1b: Jirachi|move: Follow Me\n|move|p1a: Zygarde|Dragon Dance|p1a: Zygarde\n|-boost|p1a: Zygarde|atk|1\n|-boost|p1a: Zygarde|spe|1\n|move|p2a: Ogerpon|Ivy Cudgel|p1b: Jirachi\n|-resisted|p1b: Jirachi\n|-damage|p1b: Jirachi|44\/100\n|-enditem|p1b: Jirachi|Sitrus Berry|[eat]\n|-heal|p1b: Jirachi|69\/100|[from] item: Sitrus Berry\n|move|p2b: Luxray|Volt Switch|p1b: Jirachi\n|-damage|p1b: Jirachi|54\/100\n|\n|t:|1700338533\n|switch|p2b: Crobat|Crobat, F, shiny|100\/100|[from] Volt Switch\n|\n|upkeep\n|turn|4\n|\n|t:|1700338539\n|move|p1b: Jirachi|Follow Me|p1b: Jirachi\n|-singleturn|p1b: Jirachi|move: Follow Me\n|move|p1a: Zygarde|Dragon Dance|p1a: Zygarde\n|-boost|p1a: Zygarde|atk|1\n|-boost|p1a: Zygarde|spe|1\n|move|p2a: Ogerpon|Ivy Cudgel|p1b: Jirachi\n|-resisted|p1b: Jirachi\n|-damage|p1b: Jirachi|33\/100\n|move|p2b: Crobat|Haze|p2b: Crobat\n|-clearallboost\n|\n|upkeep\n|turn|5\n|\n|t:|1700338553\n|move|p1b: Jirachi|Follow Me|p1b: Jirachi\n|-singleturn|p1b: Jirachi|move: Follow Me\n|move|p2b: Crobat|Tailwind|p2b: Crobat\n|-sidestart|p2: El Ryuk456|move: Tailwind\n|move|p2a: Ogerpon|Ivy Cudgel|p1b: Jirachi\n|-resisted|p1b: Jirachi\n|-damage|p1b: Jirachi|11\/100\n|move|p1a: Zygarde|Dragon Dance|p1a: Zygarde\n|-boost|p1a: Zygarde|atk|1\n|-boost|p1a: Zygarde|spe|1\n|\n|upkeep\n|turn|6\n|\n|t:|1700338565\n|move|p1b: Jirachi|Follow Me|p1b: Jirachi\n|-singleturn|p1b: Jirachi|move: Follow Me\n|move|p2b: Crobat|Haze|p2b: Crobat\n|-clearallboost\n|move|p2a: Ogerpon|Ivy Cudgel|p1b: Jirachi\n|-resisted|p1b: Jirachi\n|-crit|p1b: Jirachi\n|-damage|p1b: Jirachi|0 fnt\n|faint|p1b: Jirachi\n|move|p1a: Zygarde|Dragon Dance|p1a: Zygarde\n|-boost|p1a: Zygarde|atk|1\n|-boost|p1a: Zygarde|spe|1\n|\n|upkeep\n|inactive|Battle timer is ON: inactive players will automatically lose when time's up. (requested by El Ryuk456)\n|\n|t:|1700338579\n|switch|p1b: Tyranitar|Tyranitar, F|100\/100\n|-weather|Sandstorm|[from] ability: Sand Stream|[of] p1b: Tyranitar\n|turn|7\n|\n|t:|1700338591\n|detailschange|p1b: Tyranitar|Tyranitar-Mega, F\n|-mega|p1b: Tyranitar|Tyranitar|Tyranitarite\n|move|p2b: Crobat|Haze|p2b: Crobat\n|-clearallboost\n|move|p2a: Ogerpon|Ivy Cudgel|p1a: Zygarde\n|-damage|p1a: Zygarde|55\/100\n|move|p1a: Zygarde|Thousand Arrows|p2a: Ogerpon|[spread] p2a,p2b\n|-resisted|p2a: Ogerpon\n|-damage|p2a: Ogerpon|89\/100\n|-damage|p2b: Crobat|70\/100\n|-start|p2b: Crobat|Smack Down\n|move|p1b: Tyranitar|Stone Edge|p2a: Ogerpon\n|-damage|p2a: Ogerpon|45\/100\n|-enditem|p2a: Ogerpon|Sitrus Berry|[eat]\n|-heal|p2a: Ogerpon|70\/100|[from] item: Sitrus Berry\n|\n|-weather|Sandstorm|[upkeep]\n|-damage|p2b: Crobat|64\/100|[from] Sandstorm\n|-damage|p2a: Ogerpon|64\/100|[from] Sandstorm\n|upkeep\n|turn|8\n|\n|t:|1700338618\n|move|p2b: Crobat|Taunt|p1a: Zygarde\n|-start|p1a: Zygarde|move: Taunt\n|move|p2a: Ogerpon|Ivy Cudgel|p1b: Tyranitar\n|-supereffective|p1b: Tyranitar\n|-crit|p1b: Tyranitar\n|-damage|p1b: Tyranitar|10\/100\n|cant|p1a: Zygarde|move: Taunt|Dragon Dance\n|move|p1b: Tyranitar|Low Kick|p2a: Ogerpon\n|-damage|p2a: Ogerpon|44\/100\n|\n|-weather|Sandstorm|[upkeep]\n|-damage|p2b: Crobat|58\/100|[from] Sandstorm\n|-damage|p2a: Ogerpon|38\/100|[from] Sandstorm\n|-sideend|p2: El Ryuk456|move: Tailwind\n|upkeep\n|turn|9\n|\n|t:|1700338638\n|move|p2b: Crobat|Tailwind|p2b: Crobat\n|-sidestart|p2: El Ryuk456|move: Tailwind\n|move|p2a: Ogerpon|Ivy Cudgel|p1a: Zygarde\n|-damage|p1a: Zygarde|17\/100\n|move|p1a: Zygarde|Thousand Arrows|p2b: Crobat|[spread] p2a,p2b\n|-resisted|p2a: Ogerpon\n|-supereffective|p2b: Crobat\n|-damage|p2a: Ogerpon|27\/100\n|-damage|p2b: Crobat|4\/100\n|move|p1b: Tyranitar|Low Kick|p2a: Ogerpon\n|-damage|p2a: Ogerpon|7\/100\n|\n|-weather|Sandstorm|[upkeep]\n|-damage|p2b: Crobat|0 fnt|[from] Sandstorm\n|-damage|p2a: Ogerpon|1\/100|[from] Sandstorm\n|faint|p2b: Crobat\n|upkeep\n|\n|t:|1700338653\n|switch|p2b: Tapu Lele|Tapu Lele, shiny|100\/100\n|-fieldstart|move: Psychic Terrain|[from] ability: Psychic Surge|[of] p2b: Tapu Lele\n|turn|10\n|\n|t:|1700338666\n|move|p1b: Tyranitar|Protect|p1b: Tyranitar\n|-singleturn|p1b: Tyranitar|Protect\n|move|p2a: Ogerpon|Ivy Cudgel|p1a: Zygarde\n|-damage|p1a: Zygarde|0 fnt\n|faint|p1a: Zygarde\n|move|p2b: Tapu Lele|Moonblast|p1b: Tyranitar\n|-activate|p1b: Tyranitar|move: Protect\n|\n|-weather|Sandstorm|[upkeep]\n|-damage|p2a: Ogerpon|0 fnt|[from] Sandstorm\n|-damage|p2b: Tapu Lele|94\/100|[from] Sandstorm\n|faint|p2a: Ogerpon\n|upkeep\n|\n|t:|1700338679\n|switch|p1a: Tornadus|Tornadus, M|100\/100\n|switch|p2a: Luxray|Luxray, M|100\/100\n|-ability|p2a: Luxray|Intimidate|boost\n|-unboost|p1a: Tornadus|atk|1\n|-unboost|p1b: Tyranitar|atk|1\n|turn|11\n|\n|t:|1700338690\n|move|p1a: Tornadus|Tailwind|p1a: Tornadus\n|-sidestart|p1: HW10608|move: Tailwind\n|move|p2b: Tapu Lele|Moonblast|p1b: Tyranitar\n|-supereffective|p1b: Tyranitar\n|-damage|p1b: Tyranitar|0 fnt\n|faint|p1b: Tyranitar\n|move|p2a: Luxray|Volt Switch|p1a: Tornadus\n|-supereffective|p1a: Tornadus\n|-damage|p1a: Tornadus|34\/100\n|\n|t:|1700338698\n|switch|p2a: Tinkaton|Tinkaton, F|100\/100|[from] Volt Switch\n|-ability|p2a: Tinkaton|Mold Breaker\n|\n|-weather|none\n|upkeep\n|\n|t:|1700338712\n|switch|p1b: Rillaboom|Rillaboom, F|100\/100\n|-fieldstart|move: Grassy Terrain|[from] ability: Grassy Surge|[of] p1b: Rillaboom\n|turn|12\n|\n|t:|1700338727\n|move|p2a: Tinkaton|Fake Out|p1b: Rillaboom\n|-damage|p1b: Rillaboom|93\/100\n|move|p1a: Tornadus|Bleakwind Storm|p2b: Tapu Lele|[spread] p2a\n|-miss|p1a: Tornadus|p2b: Tapu Lele\n|-resisted|p2a: Tinkaton\n|-damage|p2a: Tinkaton|85\/100\n|-zpower|p2b: Tapu Lele\n|move|p2b: Tapu Lele|Shattered Psyche|p1b: Rillaboom|[zeffect]\n|-damage|p1b: Rillaboom|33\/100\n|cant|p1b: Rillaboom|flinch\n|\n|-heal|p2a: Tinkaton|91\/100|[from] Grassy Terrain\n|-heal|p2b: Tapu Lele|100\/100|[from] Grassy Terrain\n|-heal|p1b: Rillaboom|39\/100|[from] Grassy Terrain\n|-sideend|p2: El Ryuk456|move: Tailwind\n|upkeep\n|turn|13\n|inactive|HW10608 has 120 seconds left.\n|\n|t:|1700338769\n|switch|p1a: Volcanion|Volcanion|100\/100\n|switch|p2b: Luxray|Luxray, M|100\/100\n|-ability|p2b: Luxray|Intimidate|boost\n|-unboost|p1a: Volcanion|atk|1\n|-unboost|p1b: Rillaboom|atk|1\n|move|p1b: Rillaboom|Grassy Glide|p2b: Luxray\n|-damage|p2b: Luxray|76\/100\n|move|p2a: Tinkaton|Gigaton Hammer|p1a: Volcanion\n|-resisted|p1a: Volcanion\n|-damage|p1a: Volcanion|93\/100\n|\n|-heal|p1b: Rillaboom|45\/100|[from] Grassy Terrain\n|-heal|p1a: Volcanion|99\/100|[from] Grassy Terrain\n|-heal|p2a: Tinkaton|98\/100|[from] Grassy Terrain\n|-heal|p2b: Luxray|82\/100|[from] Grassy Terrain\n|upkeep\n|turn|14\n|inactive|HW10608 has 120 seconds left.\n|\n|t:|1700338799\n|switch|p2a: Tapu Lele|Tapu Lele, shiny|100\/100\n|-fieldstart|move: Psychic Terrain|[from] ability: Psychic Surge|[of] p2a: Tapu Lele\n|move|p1b: Rillaboom|U-turn|p2b: Luxray\n|-damage|p2b: Luxray|66\/100\n|\n|t:|1700338808\n|switch|p1b: Tornadus|Tornadus, M|34\/100|[from] U-turn\n|move|p1a: Volcanion|Heat Wave|p2a: Tapu Lele|[spread] p2a,p2b\n|-damage|p2a: Tapu Lele|66\/100\n|-damage|p2b: Luxray|33\/100\n|move|p2b: Luxray|Snarl|p1b: Tornadus|[spread] p1a,p1b\n|-damage|p1a: Volcanion|93\/100\n|-damage|p1b: Tornadus|22\/100\n|-unboost|p1a: Volcanion|spa|1\n|\n|-sideend|p1: HW10608|move: Tailwind\n|upkeep\n|turn|15\n|inactive|HW10608 has 120 seconds left.\n|\n|t:|1700338823\n|move|p1b: Tornadus|Tailwind|p1b: Tornadus\n|-sidestart|p1: HW10608|move: Tailwind\n|move|p1a: Volcanion|Heat Wave|p2b: Luxray|[spread] p2a,p2b\n|-damage|p2a: Tapu Lele|43\/100\n|-damage|p2b: Luxray|9\/100\n|-enditem|p2b: Luxray|Mago Berry|[eat]\n|-heal|p2b: Luxray|42\/100|[from] item: Mago Berry\n|move|p2a: Tapu Lele|Psychic|p1a: Volcanion\n|-damage|p1a: Volcanion|52\/100\n|move|p2b: Luxray|Volt Switch|p1b: Tornadus\n|-supereffective|p1b: Tornadus\n|-damage|p1b: Tornadus|0 fnt\n|faint|p1b: Tornadus\n|\n|t:|1700338833\n|switch|p2b: Tinkaton|Tinkaton, F|98\/100|[from] Volt Switch\n|-ability|p2b: Tinkaton|Mold Breaker\n|\n|upkeep\n|inactive|HW10608 has 120 seconds left.\n|\n|t:|1700338842\n|switch|p1b: Rillaboom|Rillaboom, F|45\/100\n|-fieldstart|move: Grassy Terrain|[from] ability: Grassy Surge|[of] p1b: Rillaboom\n|turn|16\n|\n|t:|1700338858\n|switch|p2a: Luxray|Luxray, M|42\/100\n|-ability|p2a: Luxray|Intimidate|boost\n|-unboost|p1a: Volcanion|atk|1\n|-unboost|p1b: Rillaboom|atk|1\n|move|p2b: Tinkaton|Fake Out|p1a: Volcanion\n|-damage|p1a: Volcanion|46\/100\n|move|p1b: Rillaboom|Tera Blast|p2a: Luxray\n|-damage|p2a: Luxray|31\/100\n|cant|p1a: Volcanion|flinch\n|\n|-heal|p1b: Rillaboom|51\/100|[from] Grassy Terrain\n|-heal|p1a: Volcanion|52\/100|[from] Grassy Terrain\n|-heal|p2b: Tinkaton|100\/100|[from] Grassy Terrain\n|-heal|p2a: Luxray|37\/100|[from] Grassy Terrain\n|upkeep\n|turn|17\n|\n|t:|1700338886\n|move|p2a: Luxray|Baby-Doll Eyes|p1b: Rillaboom\n|-unboost|p1b: Rillaboom|atk|1\n|move|p1b: Rillaboom|Tera Blast|p2b: Tinkaton\n|-resisted|p2b: Tinkaton\n|-damage|p2b: Tinkaton|95\/100\n|move|p1a: Volcanion|Heat Wave|p2b: Tinkaton|[spread] p2a,p2b\n|-supereffective|p2b: Tinkaton\n|-damage|p2a: Luxray|16\/100\n|-damage|p2b: Tinkaton|54\/100\n|move|p2b: Tinkaton|Gigaton Hammer|p1b: Rillaboom\n|-damage|p1b: Rillaboom|8\/100\n|\n|-heal|p1b: Rillaboom|14\/100|[from] Grassy Terrain\n|-heal|p1a: Volcanion|58\/100|[from] Grassy Terrain\n|-heal|p2b: Tinkaton|60\/100|[from] Grassy Terrain\n|-heal|p2a: Luxray|22\/100|[from] Grassy Terrain\n|upkeep\n|turn|18\n|\n|t:|1700338900\n|move|p2b: Tinkaton|Feint|p1b: Rillaboom\n|-damage|p1b: Rillaboom|9\/100\n|move|p1b: Rillaboom|Grassy Glide|p2b: Tinkaton\n|-resisted|p2b: Tinkaton\n|-damage|p2b: Tinkaton|50\/100\n|move|p1a: Volcanion|Flamethrower|p2a: Luxray\n|-damage|p2a: Luxray|0 fnt\n|faint|p2a: Luxray\n|\n|-heal|p1b: Rillaboom|15\/100|[from] Grassy Terrain\n|-heal|p1a: Volcanion|64\/100|[from] Grassy Terrain\n|-heal|p2b: Tinkaton|56\/100|[from] Grassy Terrain\n|-sideend|p1: HW10608|move: Tailwind\n|upkeep\n|\n|t:|1700338909\n|switch|p2a: Tapu Lele|Tapu Lele, shiny|43\/100\n|-fieldstart|move: Psychic Terrain|[from] ability: Psychic Surge|[of] p2a: Tapu Lele\n|turn|19\n|\n|t:|1700338930\n|move|p2b: Tinkaton|Gigaton Hammer|p1b: Rillaboom\n|-damage|p1b: Rillaboom|0 fnt\n|faint|p1b: Rillaboom\n|move|p2a: Tapu Lele|Psychic|p1a: Volcanion\n|-damage|p1a: Volcanion|28\/100\n|move|p1a: Volcanion|Flamethrower|p2a: Tapu Lele\n|-damage|p2a: Tapu Lele|12\/100\n|\n|upkeep\n|turn|20\n|\n|t:|1700338948\n|move|p2b: Tinkaton|Encore|p1a: Volcanion\n|-start|p1a: Volcanion|Encore\n|move|p2a: Tapu Lele|Psychic|p1a: Volcanion\n|-damage|p1a: Volcanion|0 fnt\n|faint|p1a: Volcanion\n|\n|win|El Ryuk456\n|raw|HW10608's rating: 1029 &rarr; <strong>1024<\/strong><br \/>(-5 for losing)\n|raw|El Ryuk456's rating: 1316 &rarr; <strong>1322<\/strong><br \/>(+6 for winning)\n","uploadtime":1700338953,"views":15,"p1id":"hw10608","p2id":"elryuk456","formatid":"gen9nationaldexdoubles","rating":1024,"private":0,"password":""}