{"id":"gen9nationaldexdoubles-1947500397","p1":"Lorfgamer","p2":"Isi d djdh","format":"[Gen 9] National Dex Doubles","log":"|j|\u2606Lorfgamer\n|j|\u2606Isi d djdh\n|t:|1695166752\n|gametype|doubles\n|player|p1|Lorfgamer|red|1103\n|player|p2|Isi d djdh|youngster-gen4dp|1102\n|teamsize|p1|6\n|teamsize|p2|6\n|gen|9\n|tier|[Gen 9] National Dex Doubles\n|rated|\n|rule|HP Percentage Mod: HP is shown in percentages\n|rule|Endless Battle Clause: Forcing endless battles is banned\n|rule|OHKO Clause: OHKO moves are banned\n|rule|Evasion Moves Clause: Evasion moves are banned\n|rule|Evasion Abilities Clause: Evasion abilities are banned\n|rule|Species Clause: Limit one of each Pok\u00e9mon\n|rule|Gravity Sleep Clause: The combination of sleep-inducing moves with imperfect accuracy and Gravity or Gigantamax Orbeetle are banned\n|clearpoke\n|poke|p1|Toxapex, F|\n|poke|p1|Garganacl, F|\n|poke|p1|Tapu Lele|\n|poke|p1|Excadrill, F|\n|poke|p1|Latias, F|\n|poke|p1|Porygon2|\n|poke|p2|Indeedee, M|\n|poke|p2|Deoxys-Attack|\n|poke|p2|Typhlosion, M|\n|poke|p2|Kartana|\n|poke|p2|Murkrow, M|\n|poke|p2|Shuckle, F|\n|teampreview\n|inactive|Battle timer is ON: inactive players will automatically lose when time's up. (requested by Isi d djdh)\n|\n|t:|1695166768\n|start\n|switch|p1a: Toxapex|Toxapex, F, shiny|100\/100\n|switch|p1b: Garganacl|Garganacl, F|100\/100\n|switch|p2a: Murkrow|Murkrow, M|100\/100\n|switch|p2b: Shuckle|Shuckle, F|100\/100\n|turn|1\n|j| Zentex ELITE 4\n|\n|t:|1695166784\n|move|p2a: Murkrow|Taunt|p1a: Toxapex\n|-start|p1a: Toxapex|move: Taunt\n|move|p1b: Garganacl|Salt Cure|p2b: Shuckle\n|-supereffective|p2b: Shuckle\n|-damage|p2b: Shuckle|83\/100\n|-start|p2b: Shuckle|Salt Cure\n|cant|p1a: Toxapex|move: Taunt|Toxic Spikes\n|move|p2b: Shuckle|Stealth Rock|p1b: Garganacl\n|-sidestart|p1: Lorfgamer|move: Stealth Rock\n|\n|-damage|p2b: Shuckle|71\/100|[from] Salt Cure\n|upkeep\n|turn|2\n|\n|t:|1695166805\n|move|p2a: Murkrow|Perish Song|p2a: Murkrow\n|-start|p1a: Toxapex|perish3|[silent]\n|-start|p1b: Garganacl|perish3|[silent]\n|-start|p2a: Murkrow|perish3|[silent]\n|-start|p2b: Shuckle|perish3|[silent]\n|-fieldactivate|move: Perish Song\n|move|p1a: Toxapex|Scald|p2a: Murkrow\n|-damage|p2a: Murkrow|69\/100\n|move|p1b: Garganacl|Curse|p1b: Garganacl\n|-unboost|p1b: Garganacl|spe|1\n|-boost|p1b: Garganacl|atk|1\n|-boost|p1b: Garganacl|def|1\n|move|p2b: Shuckle|Power Split|p1a: Toxapex\n|-activate|p2b: Shuckle|move: Power Split|[of] p1a: Toxapex\n|\n|-damage|p2b: Shuckle|59\/100|[from] Salt Cure\n|-start|p2a: Murkrow|perish3\n|-start|p1a: Toxapex|perish3\n|-start|p1b: Garganacl|perish3\n|-start|p2b: Shuckle|perish3\n|upkeep\n|turn|3\n|l| Zentex ELITE 4\n|inactive|Lorfgamer has 120 seconds left.\n|inactive|Isi d djdh has 120 seconds left.\n|\n|t:|1695166848\n|move|p2a: Murkrow|Haze|p2a: Murkrow\n|-clearallboost\n|move|p1b: Garganacl|Salt Cure|p2a: Murkrow\n|-supereffective|p2a: Murkrow\n|-damage|p2a: Murkrow|28\/100\n|-start|p2a: Murkrow|Salt Cure\n|move|p1a: Toxapex|Scald|p2b: Shuckle\n|-supereffective|p2b: Shuckle\n|-damage|p2b: Shuckle|46\/100\n|move|p2b: Shuckle|Sticky Web|p1a: Toxapex\n|-sidestart|p1: Lorfgamer|move: Sticky Web\n|\n|-damage|p2a: Murkrow|16\/100|[from] Salt Cure\n|-damage|p2b: Shuckle|34\/100|[from] Salt Cure\n|-end|p1a: Toxapex|move: Taunt\n|-start|p2a: Murkrow|perish2\n|-start|p1a: Toxapex|perish2\n|-start|p1b: Garganacl|perish2\n|-start|p2b: Shuckle|perish2\n|upkeep\n|turn|4\n|inactive|Isi d djdh has 120 seconds left.\n|inactive|Lorfgamer has 120 seconds left.\n|\n|t:|1695166876\n|move|p2a: Murkrow|Taunt|p1a: Toxapex\n|-start|p1a: Toxapex|move: Taunt\n|move|p1a: Toxapex|Scald|p2b: Shuckle\n|-supereffective|p2b: Shuckle\n|-damage|p2b: Shuckle|22\/100\n|move|p1b: Garganacl|Salt Cure|p2b: Shuckle\n|-supereffective|p2b: Shuckle\n|-damage|p2b: Shuckle|4\/100\n|move|p2b: Shuckle|Toxic|p1a: Toxapex\n|-immune|p1a: Toxapex\n|\n|-damage|p2a: Murkrow|3\/100|[from] Salt Cure\n|-damage|p2b: Shuckle|0 fnt|[from] Salt Cure\n|faint|p2b: Shuckle\n|-start|p2a: Murkrow|perish1\n|-start|p1a: Toxapex|perish1\n|-start|p1b: Garganacl|perish1\n|upkeep\n|inactive|Isi d djdh has 90 seconds left.\n|\n|t:|1695166926\n|switch|p2b: Deoxys|Deoxys-Attack|100\/100\n|-ability|p2b: Deoxys|Pressure\n|turn|5\n|inactive|Isi d djdh has 90 seconds left.\n|\n|t:|1695166941\n|switch|p2a: Indeedee|Indeedee, M|100\/100\n|-fieldstart|move: Psychic Terrain|[from] ability: Psychic Surge|[of] p2a: Indeedee\n|move|p2b: Deoxys|Psyshock|p1a: Toxapex\n|-supereffective|p1a: Toxapex\n|-damage|p1a: Toxapex|8\/100\n|move|p1a: Toxapex|Scald|p2b: Deoxys\n|-damage|p2b: Deoxys|60\/100\n|move|p1b: Garganacl|Salt Cure|p2b: Deoxys\n|-damage|p2b: Deoxys|0 fnt\n|faint|p2b: Deoxys\n|\n|-heal|p1a: Toxapex|14\/100|[from] item: Black Sludge\n|-start|p1a: Toxapex|perish0\n|-start|p1b: Garganacl|perish0\n|faint|p1a: Toxapex\n|faint|p1b: Garganacl\n|upkeep\n|inactive|Isi d djdh has 90 seconds left.\n|\n|t:|1695166970\n|switch|p2b: Typhlosion|Typhlosion, M|100\/100\n|switch|p1a: Porygon2|Porygon2|100\/100\n|switch|p1b: Latias|Latias, F|100\/100\n|-damage|p1b: Latias|88\/100|[from] Stealth Rock\n|-damage|p1a: Porygon2|88\/100|[from] Stealth Rock\n|-activate|p1a: Porygon2|move: Sticky Web\n|-unboost|p1a: Porygon2|spe|1\n|-ability|p1a: Porygon2|Psychic Surge|[from] ability: Trace|[of] p2a: Indeedee\n|turn|6\n|inactive|Lorfgamer has 120 seconds left.\n|\n|t:|1695167018\n|detailschange|p1b: Latias|Latias-Mega, F\n|-mega|p1b: Latias|Latias|Latiasite\n|-terastallize|p2a: Indeedee|Psychic\n|move|p2b: Typhlosion|Eruption|p1b: Latias|[spread] p1a,p1b\n|-resisted|p1b: Latias\n|-damage|p1a: Porygon2|57\/100\n|-damage|p1b: Latias|72\/100\n|move|p2a: Indeedee|Expanding Force|p1a: Porygon2|[spread] p1a,p1b\n|-resisted|p1b: Latias\n|-damage|p1a: Porygon2|8\/100\n|-damage|p1b: Latias|44\/100\n|move|p1b: Latias|Aura Sphere|p2b: Typhlosion\n|-damage|p2b: Typhlosion|67\/100\n|move|p1a: Porygon2|Hidden Power|p2a: Indeedee\n|-crit|p2a: Indeedee\n|-damage|p2a: Indeedee|73\/100\n|\n|upkeep\n|turn|7\n|inactive|Lorfgamer has 120 seconds left.\n|\n|t:|1695167043\n|switch|p2b: Murkrow|Murkrow, M|3\/100\n|switch|p1a: Tapu Lele|Tapu Lele, shiny|100\/100\n|-damage|p1a: Tapu Lele|88\/100|[from] Stealth Rock\n|-activate|p1a: Tapu Lele|move: Sticky Web\n|-unboost|p1a: Tapu Lele|spe|1\n|move|p2a: Indeedee|Expanding Force|p1a: Tapu Lele|[spread] p1a,p1b\n|-resisted|p1a: Tapu Lele\n|-resisted|p1b: Latias\n|-damage|p1a: Tapu Lele|45\/100\n|-damage|p1b: Latias|19\/100\n|move|p1b: Latias|Roost|p1b: Latias\n|-heal|p1b: Latias|69\/100\n|-singleturn|p1b: Latias|move: Roost\n|\n|upkeep\n|turn|8\n|inactive|Lorfgamer has 120 seconds left.\n|\n|t:|1695167086\n|move|p2b: Murkrow|Taunt|p1b: Latias\n|-start|p1b: Latias|move: Taunt\n|move|p2a: Indeedee|Expanding Force|p1a: Tapu Lele|[spread] p1a,p1b\n|-resisted|p1a: Tapu Lele\n|-crit|p1a: Tapu Lele\n|-resisted|p1b: Latias\n|-damage|p1a: Tapu Lele|0 fnt\n|-damage|p1b: Latias|42\/100\n|faint|p1a: Tapu Lele\n|move|p1b: Latias|Aura Sphere|p2b: Murkrow\n|-damage|p2b: Murkrow|0 fnt\n|faint|p2b: Murkrow\n|\n|upkeep\n|inactive|Lorfgamer has 120 seconds left.\n|inactive|Isi d djdh has 120 seconds left.\n|\n|t:|1695167100\n|switch|p1a: Porygon2|Porygon2|8\/100\n|switch|p2b: Typhlosion|Typhlosion, M|67\/100\n|-damage|p1a: Porygon2|0 fnt|[from] Stealth Rock\n|-activate|p1a: Porygon2|move: Sticky Web\n|faint|p1a: Porygon2\n|\n|t:|1695167107\n|switch|p1a: Excadrill|Excadrill, F, shiny|100\/100\n|-damage|p1a: Excadrill|97\/100|[from] Stealth Rock\n|-activate|p1a: Excadrill|move: Sticky Web\n|-unboost|p1a: Excadrill|spe|1\n|turn|9\n|\n|t:|1695167122\n|move|p2b: Typhlosion|Eruption|p1b: Latias|[spread] p1a,p1b\n|-supereffective|p1a: Excadrill\n|-resisted|p1b: Latias\n|-damage|p1a: Excadrill|2\/100\n|-damage|p1b: Latias|31\/100\n|move|p2a: Indeedee|Expanding Force|p1a: Excadrill|[spread] p1a,p1b\n|-resisted|p1a: Excadrill\n|-resisted|p1b: Latias\n|-damage|p1a: Excadrill|0 fnt\n|-damage|p1b: Latias|4\/100\n|faint|p1a: Excadrill\n|move|p1b: Latias|Psyshock|p2b: Typhlosion\n|-crit|p2b: Typhlosion\n|-damage|p2b: Typhlosion|0 fnt\n|faint|p2b: Typhlosion\n|\n|-fieldend|move: Psychic Terrain\n|upkeep\n|\n|t:|1695167133\n|switch|p2b: Kartana|Kartana|100\/100\n|turn|10\n|\n|t:|1695167143\n|move|p2b: Kartana|Smart Strike|p1b: Latias\n|-damage|p1b: Latias|0 fnt\n|faint|p1b: Latias\n|\n|win|Isi d djdh\n|raw|Lorfgamer's rating: 1103 &rarr; <strong>1078<\/strong><br \/>(-25 for losing)\n|raw|Isi d djdh's rating: 1102 &rarr; <strong>1127<\/strong><br \/>(+25 for winning)\n|l|\u2606Lorfgamer\n","uploadtime":1695167158,"views":5,"p1id":"lorfgamer","p2id":"isiddjdh","formatid":"gen9nationaldexdoubles","rating":1078,"private":0,"password":""}