{"id":"gen9nationaldexdoubles-1983407697","p1":"Spler","p2":"suuugg","format":"[Gen 9] National Dex Doubles","log":"|j|\u2606Spler\n|j|\u2606suuugg\n|t:|1699126910\n|gametype|doubles\n|player|p1|Spler|1|1095\n|player|p2|suuugg|1|1139\n|teamsize|p1|6\n|teamsize|p2|6\n|gen|9\n|tier|[Gen 9] National Dex Doubles\n|rated|\n|rule|HP Percentage Mod: HP is shown in percentages\n|rule|Endless Battle Clause: Forcing endless battles is banned\n|rule|OHKO Clause: OHKO moves are banned\n|rule|Evasion Moves Clause: Evasion moves are banned\n|rule|Evasion Abilities Clause: Evasion abilities are banned\n|rule|Species Clause: Limit one of each Pok\u00e9mon\n|rule|Gravity Sleep Clause: The combination of sleep-inducing moves with imperfect accuracy and Gravity or Gigantamax Orbeetle are banned\n|clearpoke\n|poke|p1|Whimsicott, M|\n|poke|p1|Chi-Yu|\n|poke|p1|Salamence, F|\n|poke|p1|Iron Hands|\n|poke|p1|Urshifu-*, F|\n|poke|p1|Gholdengo|\n|poke|p2|Rillaboom, F|\n|poke|p2|Empoleon, M|\n|poke|p2|Gardevoir, F|\n|poke|p2|Oranguru, F|\n|poke|p2|Ogerpon-Hearthflame, F|\n|poke|p2|Kommo-o, M|\n|teampreview\n|\n|t:|1699126931\n|start\n|switch|p1a: Whimsicott|Whimsicott, M|100\/100\n|switch|p1b: Chi-Yu|Chi-Yu|100\/100\n|switch|p2a: monke|Rillaboom, F|100\/100\n|switch|p2b: happy feet|Empoleon, M|100\/100\n|-ability|p1b: Chi-Yu|Beads of Ruin\n|-fieldstart|move: Grassy Terrain|[from] ability: Grassy Surge|[of] p2a: monke\n|-enditem|p2a: monke|Grassy Seed\n|-boost|p2a: monke|def|1|[from] item: Grassy Seed\n|turn|1\n|\n|t:|1699126952\n|move|p1b: Chi-Yu|Protect|p1b: Chi-Yu\n|-singleturn|p1b: Chi-Yu|Protect\n|move|p1a: Whimsicott|Tailwind|p1a: Whimsicott\n|-sidestart|p1: Spler|move: Tailwind\n|move|p2a: monke|Grass Pledge|p1b: Chi-Yu\n|-waiting|p2a: monke|p2b: happy feet\n|move|p2b: happy feet|Water Pledge|p1b: Chi-Yu|[from]move: Grass Pledge\n|-activate|p1b: Chi-Yu|move: Protect\n|\n|upkeep\n|turn|2\n|\n|t:|1699126970\n|move|p1a: Whimsicott|Fake Tears|p2b: happy feet\n|-unboost|p2b: happy feet|spd|2\n|-ability|p2b: happy feet|Competitive|boost\n|-boost|p2b: happy feet|spa|2\n|-zpower|p1b: Chi-Yu\n|move|p1b: Chi-Yu|Inferno Overdrive|p2b: happy feet|[zeffect]\n|-damage|p2b: happy feet|0 fnt\n|faint|p2b: happy feet\n|move|p2a: monke|Grass Pledge|p1b: Chi-Yu\n|-resisted|p1b: Chi-Yu\n|-damage|p1b: Chi-Yu|87\/100\n|\n|-heal|p1b: Chi-Yu|93\/100|[from] Grassy Terrain\n|upkeep\n|\n|t:|1699126994\n|switch|p2b: mike tyson|Kommo-o, M|100\/100\n|turn|3\n|inactive|Battle timer is ON: inactive players will automatically lose when time's up. (requested by Spler)\n|\n|t:|1699127006\n|move|p1a: Whimsicott|Fake Tears|p2a: monke\n|-unboost|p2a: monke|spd|2\n|move|p1b: Chi-Yu|Heat Wave|p2b: mike tyson|[spread] p2a\n|-miss|p1b: Chi-Yu|p2b: mike tyson\n|-supereffective|p2a: monke\n|-damage|p2a: monke|0 fnt\n|faint|p2a: monke\n|move|p2b: mike tyson|Clangorous Soul|p2b: mike tyson\n|-boost|p2b: mike tyson|atk|1\n|-boost|p2b: mike tyson|def|1\n|-boost|p2b: mike tyson|spa|1\n|-boost|p2b: mike tyson|spd|1\n|-boost|p2b: mike tyson|spe|1\n|-damage|p2b: mike tyson|68\/100\n|\n|-heal|p1b: Chi-Yu|99\/100|[from] Grassy Terrain\n|-heal|p2b: mike tyson|74\/100|[from] Grassy Terrain\n|upkeep\n|\n|t:|1699127016\n|switch|p2a: rule victim|Gardevoir, F|100\/100\n|turn|4\n|\n|t:|1699127029\n|detailschange|p2a: rule victim|Gardevoir-Mega, F\n|-mega|p2a: rule victim|Gardevoir|Gardevoirite\n|move|p1a: Whimsicott|Moonblast|p2b: mike tyson\n|-supereffective|p2b: mike tyson\n|-damage|p2b: mike tyson|0 fnt\n|faint|p2b: mike tyson\n|move|p1b: Chi-Yu|Heat Wave|p2a: rule victim\n|-damage|p2a: rule victim|36\/100\n|move|p2a: rule victim|Hyper Voice|p1b: Chi-Yu|[spread] p1a,p1b\n|-damage|p1a: Whimsicott|9\/100\n|-damage|p1b: Chi-Yu|37\/100\n|\n|-heal|p1a: Whimsicott|15\/100|[from] Grassy Terrain\n|-heal|p1b: Chi-Yu|43\/100|[from] Grassy Terrain\n|-heal|p2a: rule victim|42\/100|[from] Grassy Terrain\n|-sideend|p1: Spler|move: Tailwind\n|upkeep\n|\n|t:|1699127049\n|switch|p2b: other monke|Oranguru, F|100\/100\n|turn|5\n|\n|t:|1699127064\n|move|p1b: Chi-Yu|Protect|p1b: Chi-Yu\n|-singleturn|p1b: Chi-Yu|Protect\n|move|p1a: Whimsicott|Tailwind|p1a: Whimsicott\n|-sidestart|p1: Spler|move: Tailwind\n|move|p2a: rule victim|Hyper Voice|p1a: Whimsicott|[spread] p1a\n|-activate|p1b: Chi-Yu|move: Protect\n|-damage|p1a: Whimsicott|0 fnt\n|faint|p1a: Whimsicott\n|move|p2b: other monke|Instruct|p2a: rule victim\n|-singleturn|p2a: rule victim|move: Instruct|[of] p2b: other monke\n|move|p2a: rule victim|Hyper Voice|p1b: Chi-Yu\n|-activate|p1b: Chi-Yu|move: Protect\n|\n|-heal|p1b: Chi-Yu|49\/100|[from] Grassy Terrain\n|-heal|p2a: rule victim|48\/100|[from] Grassy Terrain\n|-fieldend|move: Grassy Terrain\n|upkeep\n|inactive|Spler has 120 seconds left.\n|\n|t:|1699127090\n|switch|p1a: Gholdengo|Gholdengo|100\/100\n|turn|6\n|\n|t:|1699127101\n|move|p1b: Chi-Yu|Dark Pulse|p2b: other monke\n|-supereffective|p2b: other monke\n|-damage|p2b: other monke|31\/100\n|move|p1a: Gholdengo|Make It Rain|p2b: other monke|[spread] p2a,p2b\n|-supereffective|p2a: rule victim\n|-damage|p2a: rule victim|0 fnt\n|-damage|p2b: other monke|0 fnt\n|-unboost|p1a: Gholdengo|spa|1\n|faint|p2a: rule victim\n|faint|p2b: other monke\n|\n|upkeep\n|\n|t:|1699127109\n|switch|p2b: Ogerpon|Ogerpon-Hearthflame, F|100\/100\n|-ability|p2b: Ogerpon|Mold Breaker\n|turn|7\n|\n|t:|1699127120\n|switch|p1a: Salamence|Salamence, F|100\/100\n|-ability|p1a: Salamence|Intimidate|boost\n|-unboost|p2b: Ogerpon|atk|1\n|-terastallize|p2b: Ogerpon|Fire\n|detailschange|p2b: Ogerpon|Ogerpon-Hearthflame-Tera, F, tera:Fire\n|-ability|p2b: Ogerpon|Embody Aspect (Hearthflame)|boost\n|-boost|p2b: Ogerpon|atk|1\n|move|p1b: Chi-Yu|Overheat|p2b: Ogerpon\n|-resisted|p2b: Ogerpon\n|-damage|p2b: Ogerpon|50\/100\n|-unboost|p1b: Chi-Yu|spa|2\n|move|p2b: Ogerpon|Ivy Cudgel|p1a: Salamence\n|-resisted|p1a: Salamence\n|-damage|p1a: Salamence|42\/100\n|\n|upkeep\n|turn|8\n|\n|t:|1699127142\n|detailschange|p1a: Salamence|Salamence-Mega, F\n|-mega|p1a: Salamence|Salamence|Salamencite\n|move|p1a: Salamence|Hyper Voice|p2b: Ogerpon\n|-damage|p2b: Ogerpon|0 fnt\n|faint|p2b: Ogerpon\n|\n|win|Spler\n|raw|Spler's rating: 1095 &rarr; <strong>1124<\/strong><br \/>(+29 for winning)\n|raw|suuugg's rating: 1139 &rarr; <strong>1111<\/strong><br \/>(-28 for losing)\n|l|\u2606suuugg\n","uploadtime":1699127154,"views":12,"p1id":"spler","p2id":"suuugg","formatid":"gen9nationaldexdoubles","rating":1111,"private":0,"password":""}