{"id":"gen9nationaldexdoubles-1982870210","p1":"EminTounssii","p2":"Nerdygolem513","format":"[Gen 9] National Dex Doubles","log":"|j|\u2606EminTounssii\n|j|\u2606Nerdygolem513\n|t:|1699053249\n|gametype|doubles\n|player|p1|EminTounssii|ethan|1280\n|player|p2|Nerdygolem513|skullgrunt|1357\n|teamsize|p1|6\n|teamsize|p2|6\n|gen|9\n|tier|[Gen 9] National Dex Doubles\n|rated|\n|rule|HP Percentage Mod: HP is shown in percentages\n|rule|Endless Battle Clause: Forcing endless battles is banned\n|rule|OHKO Clause: OHKO moves are banned\n|rule|Evasion Moves Clause: Evasion moves are banned\n|rule|Evasion Abilities Clause: Evasion abilities are banned\n|rule|Species Clause: Limit one of each Pok\u00e9mon\n|rule|Gravity Sleep Clause: The combination of sleep-inducing moves with imperfect accuracy and Gravity or Gigantamax Orbeetle are banned\n|clearpoke\n|poke|p1|Houndoom, M|\n|poke|p1|Ninetales, F|\n|poke|p1|Arcanine, M|\n|poke|p1|Ceruledge, M|\n|poke|p1|Talonflame, F|\n|poke|p1|Salazzle, F|\n|poke|p2|Tapu Koko|\n|poke|p2|Indeedee-F, F|\n|poke|p2|Raichu-Alola, F|\n|poke|p2|Alakazam, M|\n|poke|p2|Iron Valiant|\n|poke|p2|Farigiraf, F|\n|teampreview\n|\n|t:|1699053276\n|start\n|switch|p1a: Arcanine|Arcanine, M|100\/100\n|switch|p1b: Ninetales|Ninetales, F|100\/100\n|switch|p2a: KFC|Tapu Koko|100\/100\n|switch|p2b: Pancakes|Raichu-Alola, F|100\/100\n|-fieldstart|move: Electric Terrain|[from] ability: Electric Surge|[of] p2a: KFC\n|-weather|SunnyDay|[from] ability: Drought|[of] p1b: Ninetales\n|-ability|p1a: Arcanine|Intimidate|boost\n|-unboost|p2a: KFC|atk|1\n|-unboost|p2b: Pancakes|atk|1\n|turn|1\n|\n|t:|1699053295\n|-terastallize|p1b: Ninetales|Ground\n|move|p2b: Pancakes|Rising Voltage|p1a: Arcanine\n|-hint|Rising Voltage's BP doubled on grounded target.\n|-damage|p1a: Arcanine|24\/100\n|-damage|p2b: Pancakes|91\/100|[from] item: Life Orb\n|move|p2a: KFC|Brave Bird|p1b: Ninetales\n|-damage|p1b: Ninetales|64\/100\n|-damage|p2a: KFC|88\/100|[from] Recoil\n|move|p1b: Ninetales|Scorching Sands|p2b: Pancakes\n|-supereffective|p2b: Pancakes\n|-damage|p2b: Pancakes|8\/100\n|move|p1a: Arcanine|Will-O-Wisp|p2a: KFC\n|-status|p2a: KFC|brn\n|\n|-weather|SunnyDay|[upkeep]\n|-heal|p1a: Arcanine|30\/100|[from] item: Leftovers\n|-damage|p2a: KFC|82\/100 brn|[from] brn\n|upkeep\n|turn|2\n|\n|t:|1699053322\n|move|p1a: Arcanine|Extreme Speed|p2b: Pancakes\n|-damage|p2b: Pancakes|0 fnt\n|faint|p2b: Pancakes\n|move|p2a: KFC|U-turn|p1b: Ninetales\n|-damage|p1b: Ninetales|54\/100\n|\n|t:|1699053328\n|switch|p2a: Gender|Iron Valiant|100\/100|[from] U-turn\n|-activate|p2a: Gender|ability: Quark Drive\n|-start|p2a: Gender|quarkdrivespe\n|move|p1b: Ninetales|Scorching Sands|p2a: Gender\n|-damage|p2a: Gender|52\/100\n|\n|-weather|SunnyDay|[upkeep]\n|-heal|p1a: Arcanine|36\/100|[from] item: Leftovers\n|upkeep\n|\n|t:|1699053335\n|switch|p2b: Hannah|Farigiraf, F|100\/100\n|turn|3\n|\n|t:|1699053344\n|move|p2a: Gender|Close Combat|p1b: Ninetales\n|-damage|p1b: Ninetales|0 fnt\n|-unboost|p2a: Gender|def|1\n|-unboost|p2a: Gender|spd|1\n|faint|p1b: Ninetales\n|move|p1a: Arcanine|Morning Sun|p1a: Arcanine\n|-heal|p1a: Arcanine|100\/100\n|move|p2b: Hannah|Wish|p2b: Hannah\n|\n|-weather|SunnyDay|[upkeep]\n|upkeep\n|\n|t:|1699053361\n|switch|p1b: Ceruledge|Ceruledge, M|100\/100\n|turn|4\n|\n|t:|1699053373\n|move|p2b: Hannah|Ally Switch|p2b: Hannah\n|swap|p2b: Hannah|0|[from] move: Ally Switch\n|move|p2b: Gender|Close Combat|p1a: Arcanine\n|-damage|p1a: Arcanine|11\/100\n|-unboost|p2b: Gender|def|1\n|-unboost|p2b: Gender|spd|1\n|move|p1b: Ceruledge|Bitter Blade|p2a: Hannah\n|-damage|p2a: Hannah|21\/100\n|-enditem|p2a: Hannah|Aguav Berry|[eat]\n|-heal|p2a: Hannah|55\/100|[from] item: Aguav Berry\n|move|p1a: Arcanine|Will-O-Wisp|p2b: Gender\n|-status|p2b: Gender|brn\n|\n|-weather|SunnyDay|[upkeep]\n|-heal|p2b: Gender|100\/100 brn|[from] move: Wish|[wisher] Hannah\n|-heal|p1a: Arcanine|17\/100|[from] item: Leftovers\n|-damage|p2b: Gender|94\/100 brn|[from] brn\n|upkeep\n|turn|5\n|\n|t:|1699053404\n|-end|p2b: Gender|Quark Drive|[silent]\n|switch|p2b: KFC|Tapu Koko|82\/100 brn\n|move|p1b: Ceruledge|Bitter Blade|p2a: Hannah\n|-damage|p2a: Hannah|0 fnt\n|faint|p2a: Hannah\n|move|p1a: Arcanine|Morning Sun|p1a: Arcanine\n|-heal|p1a: Arcanine|84\/100\n|\n|-weather|none\n|-heal|p1a: Arcanine|90\/100|[from] item: Leftovers\n|-damage|p2b: KFC|76\/100 brn|[from] brn\n|-fieldend|move: Electric Terrain\n|upkeep\n|\n|t:|1699053413\n|switch|p2a: SPOONE|Alakazam, M|100\/100\n|turn|6\n|\n|t:|1699053424\n|switch|p2b: Indeed|Indeedee-F, F|100\/100\n|-fieldstart|move: Psychic Terrain|[from] ability: Psychic Surge|[of] p2b: Indeed\n|detailschange|p2a: SPOONE|Alakazam-Mega, M\n|-mega|p2a: SPOONE|Alakazam|Alakazite\n|-ability|p2a: SPOONE|Intimidate|boost\n|-unboost|p1a: Arcanine|atk|1\n|-unboost|p1b: Ceruledge|atk|1\n|-ability|p2a: SPOONE|Intimidate|[from] ability: Trace|[of] p1a: Arcanine\n|move|p1a: Arcanine|Extreme Speed|p2a: SPOONE\n|-activate|p2a: SPOONE|move: Psychic Terrain\n|move|p2a: SPOONE|Expanding Force|p1b: Ceruledge|[spread] p1a,p1b\n|-damage|p1a: Arcanine|22\/100\n|-damage|p1b: Ceruledge|4\/100\n|move|p1b: Ceruledge|Bitter Blade|p2a: SPOONE\n|-damage|p2a: SPOONE|35\/100\n|-heal|p1b: Ceruledge|32\/100|[from] drain|[of] p2a: SPOONE\n|\n|-heal|p1a: Arcanine|28\/100|[from] item: Leftovers\n|upkeep\n|turn|7\n|\n|t:|1699053465\n|switch|p1b: Houndoom|Houndoom, M|100\/100\n|move|p2a: SPOONE|Expanding Force|p1b: Houndoom|[spread] p1a\n|-immune|p1b: Houndoom\n|-damage|p1a: Arcanine|0 fnt\n|faint|p1a: Arcanine\n|move|p2b: Indeed|Expanding Force|p1b: Houndoom\n|-immune|p1b: Houndoom\n|\n|upkeep\n|\n|t:|1699053478\n|switch|p1a: Talonflame|Talonflame, F, shiny|100\/100\n|turn|8\n|\n|t:|1699053490\n|detailschange|p1b: Houndoom|Houndoom-Mega, M\n|-mega|p1b: Houndoom|Houndoom|Houndoominite\n|move|p2b: Indeed|Follow Me|p2b: Indeed\n|-singleturn|p2b: Indeed|move: Follow Me\n|move|p2a: SPOONE|Focus Blast|p1b: Houndoom\n|-supereffective|p1b: Houndoom\n|-damage|p1b: Houndoom|0 fnt\n|faint|p1b: Houndoom\n|move|p1a: Talonflame|U-turn|p2b: Indeed\n|-supereffective|p2b: Indeed\n|-damage|p2b: Indeed|25\/100\n|\n|t:|1699053501\n|switch|p1a: Ceruledge|Ceruledge, M|32\/100|[from] U-turn\n|\n|-heal|p2b: Indeed|31\/100|[from] item: Leftovers\n|upkeep\n|\n|t:|1699053519\n|switch|p1b: Talonflame|Talonflame, F, shiny|100\/100\n|turn|9\n|\n|t:|1699053528\n|move|p2b: Indeed|Follow Me|p2b: Indeed\n|-singleturn|p2b: Indeed|move: Follow Me\n|move|p2a: SPOONE|Expanding Force|p1a: Ceruledge|[spread] p1a,p1b\n|-damage|p1a: Ceruledge|0 fnt\n|-damage|p1b: Talonflame|0 fnt\n|faint|p1a: Ceruledge\n|faint|p1b: Talonflame\n|\n|-heal|p2b: Indeed|37\/100|[from] item: Leftovers\n|upkeep\n|\n|t:|1699053547\n|switch|p1a: Salazzle|Salazzle, F|100\/100\n|turn|10\n|\n|t:|1699053552\n|move|p2b: Indeed|Protect|p2b: Indeed\n|-singleturn|p2b: Indeed|Protect\n|move|p2a: SPOONE|Psychic|p1a: Salazzle\n|-supereffective|p1a: Salazzle\n|-damage|p1a: Salazzle|0 fnt\n|faint|p1a: Salazzle\n|\n|win|Nerdygolem513\n|raw|EminTounssii's rating: 1280 &rarr; <strong>1260<\/strong><br \/>(-20 for losing)\n|raw|Nerdygolem513's rating: 1357 &rarr; <strong>1373<\/strong><br \/>(+16 for winning)\n|l|\u2606EminTounssii\n","uploadtime":1699053571,"views":5,"p1id":"emintounssii","p2id":"nerdygolem513","formatid":"gen9nationaldexdoubles","rating":1260,"private":0,"password":""}