{"id":"gen9nationaldexdoubles-1984880661","p1":"koodagameplay","p2":"Xalvadore","format":"[Gen 9] National Dex Doubles","log":"|j|\u2606koodagameplay\n|j|\u2606Xalvadore\n|t:|1699307094\n|gametype|doubles\n|player|p1|koodagameplay|lady-gen4|1208\n|player|p2|Xalvadore|marnie|1377\n|teamsize|p1|6\n|teamsize|p2|6\n|gen|9\n|tier|[Gen 9] National Dex Doubles\n|rated|\n|rule|HP Percentage Mod: HP is shown in percentages\n|rule|Endless Battle Clause: Forcing endless battles is banned\n|rule|OHKO Clause: OHKO moves are banned\n|rule|Evasion Moves Clause: Evasion moves are banned\n|rule|Evasion Abilities Clause: Evasion abilities are banned\n|rule|Species Clause: Limit one of each Pok\u00e9mon\n|rule|Gravity Sleep Clause: The combination of sleep-inducing moves with imperfect accuracy and Gravity or Gigantamax Orbeetle are banned\n|clearpoke\n|poke|p1|Dragonair, F|\n|poke|p1|Dodrio, M|\n|poke|p1|Pikachu-Sinnoh, M|\n|poke|p1|Quaquaval, F|\n|poke|p1|Lopunny, M|\n|poke|p1|Garchomp, F|\n|poke|p2|Tyranitar, M|\n|poke|p2|Gastrodon, M|\n|poke|p2|Excadrill, F|\n|poke|p2|Zapdos|\n|poke|p2|Latias, F|\n|poke|p2|Hitmontop, M|\n|teampreview\n|inactive|Battle timer is ON: inactive players will automatically lose when time's up. (requested by koodagameplay)\n|\n|t:|1699307107\n|start\n|switch|p1a: Determination|Dragonair, F, shiny|100\/100\n|switch|p1b: Ash|Pikachu-Sinnoh, M|100\/100\n|switch|p2a: Tyranitar|Tyranitar, M|100\/100\n|switch|p2b: Excadrill|Excadrill, F|100\/100\n|-weather|Sandstorm|[from] ability: Sand Stream|[of] p2a: Tyranitar\n|turn|1\n|\n|t:|1699307135\n|move|p1b: Ash|Fake Out|p2b: Excadrill\n|-resisted|p2b: Excadrill\n|-damage|p2b: Excadrill|89\/100\n|cant|p2b: Excadrill|flinch\n|move|p1a: Determination|Reflect|p1a: Determination\n|-sidestart|p1: koodagameplay|Reflect\n|move|p2a: Tyranitar|Rock Slide|p1a: Determination|[spread] p1a,p1b\n|-damage|p1a: Determination|84\/100\n|-damage|p1b: Ash|29\/100\n|\n|-weather|Sandstorm|[upkeep]\n|-damage|p1b: Ash|23\/100|[from] Sandstorm\n|-damage|p1a: Determination|78\/100|[from] Sandstorm\n|upkeep\n|turn|2\n|\n|t:|1699307161\n|move|p2a: Tyranitar|Protect|p2a: Tyranitar\n|-singleturn|p2a: Tyranitar|Protect\n|move|p2b: Excadrill|Substitute|p2b: Excadrill\n|-start|p2b: Excadrill|Substitute\n|-damage|p2b: Excadrill|64\/100\n|move|p1b: Ash|Knock Off|p2b: Excadrill\n|-end|p2b: Excadrill|Substitute\n|move|p1a: Determination|Toxic|p2a: Tyranitar\n|-activate|p2a: Tyranitar|move: Protect\n|\n|-weather|Sandstorm|[upkeep]\n|-damage|p1b: Ash|17\/100|[from] Sandstorm\n|-damage|p1a: Determination|72\/100|[from] Sandstorm\n|upkeep\n|turn|3\n|\n|t:|1699307184\n|-zpower|p2b: Excadrill\n|move|p2b: Excadrill|Tectonic Rage|p1a: Determination|[zeffect]\n|-damage|p1a: Determination|15\/100\n|move|p1b: Ash|Knock Off|p2b: Excadrill\n|-damage|p2b: Excadrill|26\/100\n|move|p1a: Determination|Toxic|p2a: Tyranitar|[miss]\n|-miss|p1a: Determination|p2a: Tyranitar\n|move|p2a: Tyranitar|Rock Slide|p1b: Ash|[spread] p1a,p1b\n|-damage|p1a: Determination|0 fnt\n|-damage|p1b: Ash|0 fnt\n|faint|p1a: Determination\n|faint|p1b: Ash\n|\n|-weather|Sandstorm|[upkeep]\n|upkeep\n|\n|t:|1699307203\n|switch|p1b: Rage|Dodrio, M|100\/100\n|switch|p1a: Cynthia|Garchomp, F|100\/100\n|turn|4\n|\n|t:|1699307211\n|move|p2a: Tyranitar|Protect|p2a: Tyranitar\n|-singleturn|p2a: Tyranitar|Protect\n|move|p2b: Excadrill|Rock Slide|p1b: Rage|[spread] p1a,p1b\n|-resisted|p1a: Cynthia\n|-supereffective|p1b: Rage\n|-damage|p1a: Cynthia|94\/100\n|-damage|p1b: Rage|54\/100\n|move|p1b: Rage|Swords Dance|p1b: Rage\n|-boost|p1b: Rage|atk|2\n|move|p1a: Cynthia|Earthquake|p2a: Tyranitar|[spread] p2b\n|-activate|p2a: Tyranitar|move: Protect\n|-immune|p1b: Rage\n|-supereffective|p2b: Excadrill\n|-crit|p2b: Excadrill\n|-damage|p2b: Excadrill|0 fnt\n|faint|p2b: Excadrill\n|\n|-weather|Sandstorm|[upkeep]\n|-damage|p1b: Rage|47\/100|[from] Sandstorm\n|upkeep\n|\n|t:|1699307227\n|switch|p2b: Latias|Latias, F|100\/100\n|turn|5\n|\n|t:|1699307247\n|switch|p2a: Hitmontop|Hitmontop, M|100\/100\n|-ability|p2a: Hitmontop|Intimidate|boost\n|-unboost|p1a: Cynthia|atk|1\n|-unboost|p1b: Rage|atk|1\n|move|p1b: Rage|Knock Off|p2b: Latias\n|-supereffective|p2b: Latias\n|-damage|p2b: Latias|13\/100\n|-enditem|p2b: Latias|Sitrus Berry|[from] move: Knock Off|[of] p1b: Rage\n|move|p2b: Latias|Draco Meteor|p1a: Cynthia\n|-supereffective|p1a: Cynthia\n|-damage|p1a: Cynthia|0 fnt\n|-unboost|p2b: Latias|spa|2\n|faint|p1a: Cynthia\n|\n|-weather|none\n|-sideend|p1: koodagameplay|Reflect\n|upkeep\n|inactive|koodagameplay has 120 seconds left.\n|\n|t:|1699307266\n|switch|p1a: Joker|Lopunny, M|100\/100\n|turn|6\n|\n|t:|1699307289\n|detailschange|p1a: Joker|Lopunny-Mega, M\n|-mega|p1a: Joker|Lopunny|Lopunnite\n|move|p1a: Joker|Fake Out|p2b: Latias\n|-damage|p2b: Latias|0 fnt\n|faint|p2b: Latias\n|move|p2a: Hitmontop|Fake Out|p1b: Rage\n|-damage|p1b: Rage|30\/100\n|cant|p1b: Rage|flinch\n|\n|upkeep\n|inactive|Xalvadore has 120 seconds left.\n|\n|t:|1699307304\n|switch|p2b: Gastrodon|Gastrodon, M|100\/100\n|turn|7\n|\n|t:|1699307316\n|move|p1a: Joker|Triple Axel|p2b: Gastrodon\n|-damage|p2b: Gastrodon|94\/100\n|-damage|p2b: Gastrodon|83\/100\n|-damage|p2b: Gastrodon|67\/100\n|-hitcount|p2b: Gastrodon|3\n|move|p1b: Rage|Drill Peck|p2a: Hitmontop\n|-supereffective|p2a: Hitmontop\n|-damage|p2a: Hitmontop|0 fnt\n|faint|p2a: Hitmontop\n|move|p2b: Gastrodon|Ice Beam|p1b: Rage\n|-supereffective|p1b: Rage\n|-damage|p1b: Rage|0 fnt\n|faint|p1b: Rage\n|\n|upkeep\n|\n|t:|1699307330\n|switch|p1b: Carnaval|Quaquaval, F|100\/100\n|switch|p2a: Zapdos|Zapdos|100\/100\n|-ability|p2a: Zapdos|Pressure\n|turn|8\n|\n|t:|1699307350\n|-terastallize|p1b: Carnaval|Water\n|move|p1a: Joker|Power-Up Punch|p2b: Gastrodon\n|-damage|p2b: Gastrodon|52\/100\n|-boost|p1a: Joker|atk|1\n|move|p1b: Carnaval|Aqua Step|p2b: Gastrodon\n|-activate|p2b: Gastrodon|ability: Storm Drain\n|-ability|p2b: Gastrodon|Storm Drain|boost\n|-boost|p2b: Gastrodon|spa|1\n|move|p2a: Zapdos|Discharge|p1a: Joker|[spread] p1a,p1b\n|-immune|p2b: Gastrodon\n|-supereffective|p1b: Carnaval\n|-damage|p1a: Joker|61\/100\n|-damage|p1b: Carnaval|17\/100\n|move|p2b: Gastrodon|Toxic|p1a: Joker\n|-status|p1a: Joker|tox\n|\n|-damage|p1a: Joker|55\/100 tox|[from] psn\n|upkeep\n|turn|9\n|\n|t:|1699307376\n|move|p1a: Joker|Last Resort|p2b: Gastrodon\n|-damage|p2b: Gastrodon|0 fnt\n|faint|p2b: Gastrodon\n|move|p1b: Carnaval|Aqua Step|p2a: Zapdos\n|-damage|p2a: Zapdos|38\/100\n|-boost|p1b: Carnaval|spe|1\n|-enditem|p2a: Zapdos|Sitrus Berry|[eat]\n|-heal|p2a: Zapdos|63\/100|[from] item: Sitrus Berry\n|move|p2a: Zapdos|Discharge|p1b: Carnaval|[spread] p1a,p1b\n|-supereffective|p1b: Carnaval\n|-damage|p1a: Joker|12\/100 tox\n|-damage|p1b: Carnaval|0 fnt\n|faint|p1b: Carnaval\n|\n|-damage|p1a: Joker|0 fnt|[from] psn\n|faint|p1a: Joker\n|\n|win|Xalvadore\n|upkeep\n|raw|koodagameplay's rating: 1208 &rarr; <strong>1194<\/strong><br \/>(-14 for losing)\n|raw|Xalvadore's rating: 1377 &rarr; <strong>1388<\/strong><br \/>(+11 for winning)\n|c|\u2606Xalvadore|gg\n|l|\u2606koodagameplay\n","uploadtime":1699307392,"views":5,"p1id":"koodagameplay","p2id":"xalvadore","formatid":"gen9nationaldexdoubles","rating":1194,"private":0,"password":""}