{"id":"gen9nationaldexdoubles-1985107134","p1":"Wisper78","p2":"Chef Nando","format":"[Gen 9] National Dex Doubles","log":"|j|\u2606Wisper78\n|j|\u2606Chef Nando\n|t:|1699331794\n|gametype|doubles\n|player|p1|Wisper78|marley|\n|player|p2|Chef Nando|hilda|\n|teamsize|p1|6\n|teamsize|p2|6\n|gen|9\n|tier|[Gen 9] National Dex Doubles\n|rule|HP Percentage Mod: HP is shown in percentages\n|rule|Endless Battle Clause: Forcing endless battles is banned\n|rule|OHKO Clause: OHKO moves are banned\n|rule|Evasion Moves Clause: Evasion moves are banned\n|rule|Evasion Abilities Clause: Evasion abilities are banned\n|rule|Species Clause: Limit one of each Pok\u00e9mon\n|rule|Gravity Sleep Clause: The combination of sleep-inducing moves with imperfect accuracy and Gravity or Gigantamax Orbeetle are banned\n|clearpoke\n|poke|p1|Gengar, M|\n|poke|p1|Starmie|\n|poke|p1|Alakazam, M|\n|poke|p1|Wigglytuff, F|\n|poke|p1|Aerodactyl, M|\n|poke|p1|Hitmonchan, M|\n|poke|p2|Mr. Mime-Galar, M|\n|poke|p2|Tauros-Paldea-Combat, M|\n|poke|p2|Nidoqueen, F|\n|poke|p2|Gyarados, M|\n|poke|p2|Dragonite, F|\n|poke|p2|Zapdos-Galar|\n|teampreview\n|\n|t:|1699331812\n|start\n|switch|p1a: jinbe|Starmie|100\/100\n|switch|p1b: Aerodactyl|Aerodactyl, M|100\/100\n|switch|p2a: Nidoqueen|Nidoqueen, F|100\/100\n|switch|p2b: Tauros|Tauros-Paldea-Combat, M|100\/100\n|-ability|p2b: Tauros|Intimidate|boost\n|-unboost|p1a: jinbe|atk|1\n|-unboost|p1b: Aerodactyl|atk|1\n|turn|1\n|\n|t:|1699331831\n|move|p1b: Aerodactyl|Rock Slide|p2a: Nidoqueen|[spread] p2a,p2b\n|-resisted|p2a: Nidoqueen\n|-resisted|p2b: Tauros\n|-damage|p2a: Nidoqueen|94\/100\n|-damage|p2b: Tauros|92\/100\n|move|p1a: jinbe|Ice Beam|p1b: Aerodactyl\n|-supereffective|p1b: Aerodactyl\n|-damage|p1b: Aerodactyl|6\/100\n|move|p2b: Tauros|Trailblaze|p1a: jinbe\n|-supereffective|p1a: jinbe\n|-damage|p1a: jinbe|50\/100\n|-boost|p2b: Tauros|spe|1\n|move|p2a: Nidoqueen|Stealth Rock|p1a: jinbe\n|-sidestart|p1: Wisper78|move: Stealth Rock\n|\n|upkeep\n|turn|2\n|\n|t:|1699331855\n|switch|p2b: Dragonite|Dragonite, F|100\/100\n|switch|p2a: Gyarados|Gyarados, M|100\/100\n|-ability|p2a: Gyarados|Intimidate|boost\n|-unboost|p1a: jinbe|atk|1\n|-unboost|p1b: Aerodactyl|atk|1\n|move|p1b: Aerodactyl|Rock Slide|p2a: Gyarados|[spread] p2a,p2b\n|-supereffective|p2a: Gyarados\n|-supereffective|p2b: Dragonite\n|-damage|p2a: Gyarados|80\/100\n|-damage|p2b: Dragonite|89\/100\n|move|p1a: jinbe|Surf|p2a: Gyarados|[spread] p1b,p2a,p2b\n|-supereffective|p1b: Aerodactyl\n|-resisted|p2a: Gyarados\n|-resisted|p2b: Dragonite\n|-damage|p1b: Aerodactyl|0 fnt\n|-damage|p2a: Gyarados|69\/100\n|-damage|p2b: Dragonite|77\/100\n|faint|p1b: Aerodactyl\n|\n|-heal|p2b: Dragonite|83\/100|[from] item: Leftovers\n|upkeep\n|\n|t:|1699331873\n|switch|p1b: Hitmonchan|Hitmonchan, M|100\/100\n|-damage|p1b: Hitmonchan|94\/100|[from] Stealth Rock\n|turn|3\n|\n|t:|1699331885\n|move|p1a: jinbe|Thunderbolt|p2b: Dragonite\n|-damage|p2b: Dragonite|59\/100\n|move|p1b: Hitmonchan|Ice Punch|p2a: Gyarados\n|-damage|p2a: Gyarados|42\/100\n|move|p2a: Gyarados|Substitute|p2a: Gyarados\n|-start|p2a: Gyarados|Substitute\n|-damage|p2a: Gyarados|17\/100\n|move|p2b: Dragonite|Hone Claws|p2b: Dragonite\n|-boost|p2b: Dragonite|atk|1\n|-boost|p2b: Dragonite|accuracy|1\n|\n|-heal|p2b: Dragonite|65\/100|[from] item: Leftovers\n|upkeep\n|turn|4\n|\n|t:|1699331907\n|move|p1a: jinbe|Thunderbolt|p2a: Gyarados\n|-supereffective|p2a: Gyarados\n|-end|p2a: Gyarados|Substitute\n|move|p1b: Hitmonchan|Ice Punch|p2b: Dragonite\n|-supereffective|p2b: Dragonite\n|-damage|p2b: Dragonite|0 fnt\n|faint|p2b: Dragonite\n|move|p2a: Gyarados|Dragon Dance|p2a: Gyarados\n|-boost|p2a: Gyarados|atk|1\n|-boost|p2a: Gyarados|spe|1\n|\n|upkeep\n|\n|t:|1699331916\n|switch|p2b: Mr. Mime|Mr. Mime-Galar, M|100\/100\n|turn|5\n|\n|t:|1699331930\n|move|p1a: jinbe|Expanding Force|p2b: Mr. Mime\n|-resisted|p2b: Mr. Mime\n|-damage|p2b: Mr. Mime|73\/100\n|move|p2b: Mr. Mime|Skill Swap|p2a: Gyarados\n|-activate|p2b: Mr. Mime|move: Skill Swap|||[of] p2a: Gyarados\n|-ability|p2b: Mr. Mime|Intimidate|boost\n|-unboost|p1a: jinbe|atk|1\n|-unboost|p1b: Hitmonchan|atk|1\n|move|p2a: Gyarados|Dragon Dance|p2a: Gyarados\n|-boost|p2a: Gyarados|atk|1\n|-boost|p2a: Gyarados|spe|1\n|move|p1b: Hitmonchan|Ice Punch|p2a: Gyarados\n|-damage|p2a: Gyarados|0 fnt\n|faint|p2a: Gyarados\n|\n|upkeep\n|\n|t:|1699331943\n|switch|p2a: Nidoqueen|Nidoqueen, F|94\/100\n|turn|6\n|\n|t:|1699331949\n|move|p1a: jinbe|Surf|p2b: Mr. Mime|[spread] p1b,p2a,p2b\n|-supereffective|p2a: Nidoqueen\n|-damage|p1b: Hitmonchan|59\/100\n|-damage|p2a: Nidoqueen|19\/100\n|-damage|p2b: Mr. Mime|32\/100\n|move|p2b: Mr. Mime|Skill Swap|p1b: Hitmonchan\n|-activate|p2b: Mr. Mime|move: Skill Swap|Iron Fist|Intimidate|[of] p1b: Hitmonchan\n|-ability|p1b: Hitmonchan|Intimidate|boost\n|-unboost|p2a: Nidoqueen|atk|1\n|-unboost|p2b: Mr. Mime|atk|1\n|move|p1b: Hitmonchan|Power-Up Punch|p2a: Nidoqueen\n|-resisted|p2a: Nidoqueen\n|-damage|p2a: Nidoqueen|14\/100\n|-boost|p1b: Hitmonchan|atk|1\n|move|p2a: Nidoqueen|Stealth Rock||[still]\n|-fail|p2a: Nidoqueen\n|\n|upkeep\n|turn|7\n|\n|t:|1699331968\n|move|p1a: jinbe|Surf|p2a: Nidoqueen|[spread] p1b,p2a,p2b\n|-crit|p1b: Hitmonchan\n|-supereffective|p2a: Nidoqueen\n|-damage|p1b: Hitmonchan|0 fnt\n|-damage|p2a: Nidoqueen|0 fnt\n|-damage|p2b: Mr. Mime|0 fnt\n|faint|p1b: Hitmonchan\n|faint|p2a: Nidoqueen\n|faint|p2b: Mr. Mime\n|\n|upkeep\n|\n|t:|1699331978\n|switch|p2b: Zapdos|Zapdos-Galar, shiny|100\/100\n|switch|p1b: Wigglytuff|Wigglytuff, F|100\/100\n|switch|p2a: Tauros|Tauros-Paldea-Combat, M|92\/100\n|-ability|p2a: Tauros|Intimidate|boost\n|-unboost|p1a: jinbe|atk|1\n|-unboost|p1b: Wigglytuff|atk|1\n|-ability|p1b: Wigglytuff|Competitive|boost\n|-boost|p1b: Wigglytuff|spa|2\n|-damage|p1b: Wigglytuff|88\/100|[from] Stealth Rock\n|turn|8\n|\n|t:|1699332010\n|move|p2b: Zapdos|Tera Blast|p1b: Wigglytuff\n|-damage|p1b: Wigglytuff|72\/100\n|move|p1a: jinbe|Ice Beam|p2b: Zapdos\n|-supereffective|p2b: Zapdos\n|-damage|p2b: Zapdos|30\/100\n|move|p2a: Tauros|Trailblaze|p1b: Wigglytuff\n|-damage|p1b: Wigglytuff|51\/100\n|-boost|p2a: Tauros|spe|1\n|move|p1b: Wigglytuff|Thunderbolt|p2b: Zapdos\n|-supereffective|p2b: Zapdos\n|-damage|p2b: Zapdos|0 fnt\n|faint|p2b: Zapdos\n|\n|-heal|p1b: Wigglytuff|57\/100|[from] item: Leftovers\n|upkeep\n|turn|9\n|\n|t:|1699332139\n|move|p1a: jinbe|Expanding Force|p2a: Tauros\n|-supereffective|p2a: Tauros\n|-damage|p2a: Tauros|33\/100\n|move|p2a: Tauros|Trailblaze|p1b: Wigglytuff\n|-damage|p1b: Wigglytuff|36\/100\n|-boost|p2a: Tauros|spe|1\n|move|p1b: Wigglytuff|Thunderbolt|p2a: Tauros\n|-damage|p2a: Tauros|0 fnt\n|faint|p2a: Tauros\n|\n|win|Wisper78\n","uploadtime":1699332153,"views":6,"p1id":"wisper78","p2id":"chefnando","formatid":"gen9nationaldexdoubles","rating":0,"private":0,"password":""}