{"id":"gen9nationaldexdoubles-1947525936","p1":"marbroly","p2":"MathHacker","format":"[Gen 9] National Dex Doubles","log":"|j|\u2606marbroly\n|j|\u2606MathHacker\n|t:|1695169275\n|gametype|doubles\n|player|p1|marbroly|101|1375\n|player|p2|MathHacker|richboy-gen4|1396\n|teamsize|p1|6\n|teamsize|p2|6\n|gen|9\n|tier|[Gen 9] National Dex Doubles\n|rated|\n|rule|HP Percentage Mod: HP is shown in percentages\n|rule|Endless Battle Clause: Forcing endless battles is banned\n|rule|OHKO Clause: OHKO moves are banned\n|rule|Evasion Moves Clause: Evasion moves are banned\n|rule|Evasion Abilities Clause: Evasion abilities are banned\n|rule|Species Clause: Limit one of each Pok\u00e9mon\n|rule|Gravity Sleep Clause: The combination of sleep-inducing moves with imperfect accuracy and Gravity or Gigantamax Orbeetle are banned\n|clearpoke\n|poke|p1|Glimmora, M|\n|poke|p1|Sneasler, F|\n|poke|p1|Ting-Lu|\n|poke|p1|Samurott-Hisui, M|\n|poke|p1|Zamazenta-*|\n|poke|p1|Dipplin, M|\n|poke|p2|Shuckle, F|\n|poke|p2|Kingambit, M|\n|poke|p2|Cresselia, F|\n|poke|p2|Torkoal, F|\n|poke|p2|Oranguru, M|\n|poke|p2|Ursaluna, M|\n|teampreview\n|\n|t:|1695169296\n|start\n|switch|p1a: goldy|Dipplin, M, shiny|100\/100\n|switch|p1b: Glimmora|Glimmora, M|100\/100\n|switch|p2a: Shucky|Shuckle, F, shiny|100\/100\n|switch|p2b: munke|Oranguru, M|100\/100\n|-ability|p1a: goldy|Supersweet Syrup\n|-ability|p1a: goldy|Supersweet Syrup|boost\n|-unboost|p2a: Shucky|evasion|1\n|-unboost|p2b: munke|evasion|1\n|turn|1\n|inactive|Battle timer is ON: inactive players will automatically lose when time's up. (requested by marbroly)\n|\n|t:|1695169324\n|move|p1b: Glimmora|Mortal Spin|p2a: Shucky|[spread] p2a,p2b\n|-resisted|p2a: Shucky\n|-damage|p2a: Shucky|99\/100\n|-damage|p2b: munke|97\/100\n|-status|p2a: Shucky|psn\n|-status|p2b: munke|psn\n|move|p1a: goldy|Pollen Puff|p2b: munke\n|-supereffective|p2b: munke\n|-damage|p2b: munke|66\/100 psn\n|move|p2a: Shucky|Power Trick|p2a: Shucky\n|-start|p2a: Shucky|Power Trick\n|move|p2b: munke|Trick Room|p2b: munke\n|-fieldstart|move: Trick Room|[of] p2b: munke\n|\n|-damage|p2a: Shucky|87\/100 psn|[from] psn\n|-damage|p2b: munke|54\/100 psn|[from] psn\n|upkeep\n|turn|2\n|inactive|MathHacker has 120 seconds left.\n|\n|t:|1695169365\n|move|p2a: Shucky|Gyro Ball|p1b: Glimmora\n|-supereffective|p1b: Glimmora\n|-enditem|p1b: Glimmora|Focus Sash\n|-damage|p1b: Glimmora|1\/100\n|-activate|p1b: Glimmora|ability: Toxic Debris\n|-sidestart|p2: MathHacker|move: Toxic Spikes\n|-heal|p2a: Shucky|100\/100 psn|[from] item: Shell Bell|[of] p1b: Glimmora\n|move|p2b: munke|Instruct|p2a: Shucky\n|-singleturn|p2a: Shucky|move: Instruct|[of] p2b: munke\n|move|p2a: Shucky|Gyro Ball|p1b: Glimmora\n|-supereffective|p1b: Glimmora\n|-damage|p1b: Glimmora|0 fnt\n|-activate|p1b: Glimmora|ability: Toxic Debris\n|-sidestart|p2: MathHacker|move: Toxic Spikes\n|faint|p1b: Glimmora\n|move|p1a: goldy|Syrup Bomb|p2a: Shucky\n|-damage|p2a: Shucky|87\/100 psn\n|-start|p2a: Shucky|Syrup Bomb\n|\n|-damage|p2a: Shucky|74\/100 psn|[from] psn\n|-damage|p2b: munke|41\/100 psn|[from] psn\n|-unboost|p2a: Shucky|spe|1\n|upkeep\n|inactive|marbroly has 120 seconds left.\n|\n|t:|1695169395\n|switch|p1b: Samurott|Samurott-Hisui, M|100\/100\n|turn|3\n|inactive|marbroly has 120 seconds left.\n|\n|t:|1695169421\n|-terastallize|p1b: Samurott|Poison\n|move|p2a: Shucky|Rock Slide|p1a: goldy|[spread] p1a,p1b\n|-damage|p1a: goldy|73\/100\n|-damage|p1b: Samurott|35\/100\n|-heal|p2a: Shucky|90\/100 psn|[from] item: Shell Bell|[of] p1b: Samurott\n|move|p2b: munke|Instruct|p2a: Shucky\n|-singleturn|p2a: Shucky|move: Instruct|[of] p2b: munke\n|move|p2a: Shucky|Rock Slide|p1b: Samurott|[spread] p1a,p1b\n|-damage|p1a: goldy|45\/100\n|-damage|p1b: Samurott|0 fnt\n|faint|p1b: Samurott\n|-heal|p2a: Shucky|100\/100 psn|[from] item: Shell Bell|[of] p1: Samurott\n|cant|p1a: goldy|flinch\n|\n|-damage|p2a: Shucky|88\/100 psn|[from] psn\n|-damage|p2b: munke|29\/100 psn|[from] psn\n|-unboost|p2a: Shucky|spe|1\n|upkeep\n|\n|t:|1695169434\n|switch|p1b: Ting-Lu|Ting-Lu|100\/100\n|-ability|p1b: Ting-Lu|Vessel of Ruin\n|turn|4\n|\n|t:|1695169459\n|move|p2a: Shucky|Gyro Ball|p1b: Ting-Lu\n|-damage|p1b: Ting-Lu|53\/100\n|-heal|p2a: Shucky|100\/100 psn|[from] item: Shell Bell|[of] p1b: Ting-Lu\n|move|p2b: munke|Taunt|p1a: goldy\n|-start|p1a: goldy|move: Taunt\n|cant|p1a: goldy|move: Taunt|Recover\n|move|p1b: Ting-Lu|Ruination|p2a: Shucky\n|-damage|p2a: Shucky|50\/100 psn\n|\n|-heal|p1b: Ting-Lu|59\/100|[from] item: Leftovers\n|-damage|p2a: Shucky|38\/100 psn|[from] psn\n|-damage|p2b: munke|17\/100 psn|[from] psn\n|-end|p2a: Shucky|Syrup Bomb\n|upkeep\n|turn|5\n|inactive|marbroly has 120 seconds left.\n|\n|t:|1695169485\n|move|p2a: Shucky|Gyro Ball|p1b: Ting-Lu\n|-damage|p1b: Ting-Lu|10\/100\n|-heal|p2a: Shucky|51\/100 psn|[from] item: Shell Bell|[of] p1b: Ting-Lu\n|move|p2b: munke|Instruct|p2a: Shucky\n|-singleturn|p2a: Shucky|move: Instruct|[of] p2b: munke\n|move|p2a: Shucky|Gyro Ball|p1b: Ting-Lu\n|-damage|p1b: Ting-Lu|0 fnt\n|faint|p1b: Ting-Lu\n|-heal|p2a: Shucky|53\/100 psn|[from] item: Shell Bell|[of] p1: Ting-Lu\n|move|p1a: goldy|Pollen Puff|p2b: munke\n|-supereffective|p2b: munke\n|-damage|p2b: munke|0 fnt\n|faint|p2b: munke\n|\n|-damage|p2a: Shucky|41\/100 psn|[from] psn\n|-fieldend|move: Trick Room\n|upkeep\n|\n|t:|1695169501\n|switch|p1b: Zamazenta|Zamazenta|100\/100\n|switch|p2b: Cresselia|Cresselia, F|100\/100\n|-ability|p1b: Zamazenta|Dauntless Shield|boost\n|-boost|p1b: Zamazenta|def|1\n|turn|6\n|inactive|marbroly has 120 seconds left.\n|\n|t:|1695169536\n|move|p2a: Shucky|Protect|p2a: Shucky\n|-singleturn|p2a: Shucky|Protect\n|move|p1b: Zamazenta|Close Combat|p2a: Shucky\n|-activate|p2a: Shucky|move: Protect\n|move|p1a: goldy|Pollen Puff|p2b: Cresselia\n|-supereffective|p2b: Cresselia\n|-damage|p2b: Cresselia|75\/100\n|move|p2b: Cresselia|Trick Room|p2b: Cresselia\n|-fieldstart|move: Trick Room|[of] p2b: Cresselia\n|\n|-heal|p2b: Cresselia|81\/100|[from] item: Leftovers\n|-damage|p2a: Shucky|29\/100 psn|[from] psn\n|-end|p1a: goldy|move: Taunt\n|upkeep\n|turn|7\n|-message|marbroly forfeited.\n|\n|win|MathHacker\n|raw|marbroly's rating: 1375 &rarr; <strong>1356<\/strong><br \/>(-19 for losing)\n|raw|MathHacker's rating: 1396 &rarr; <strong>1415<\/strong><br \/>(+19 for winning)\n|l|\u2606marbroly\n","uploadtime":1695169593,"views":6,"p1id":"marbroly","p2id":"mathhacker","formatid":"gen9nationaldexdoubles","rating":1356,"private":0,"password":""}