{"id":"gen9nationaldexdoubles-1950920802","p1":"Yveltak","p2":"Gamer00ooO","format":"[Gen 9] National Dex Doubles","log":"|j|\u2606Yveltak\n|j|\u2606Gamer00ooO\n|t:|1695519647\n|gametype|doubles\n|player|p1|Yveltak|hugh|\n|player|p2|Gamer00ooO|170|\n|teamsize|p1|6\n|teamsize|p2|6\n|gen|9\n|tier|[Gen 9] National Dex Doubles\n|rule|HP Percentage Mod: HP is shown in percentages\n|rule|Endless Battle Clause: Forcing endless battles is banned\n|rule|OHKO Clause: OHKO moves are banned\n|rule|Evasion Moves Clause: Evasion moves are banned\n|rule|Evasion Abilities Clause: Evasion abilities are banned\n|rule|Species Clause: Limit one of each Pok\u00e9mon\n|rule|Gravity Sleep Clause: The combination of sleep-inducing moves with imperfect accuracy and Gravity or Gigantamax Orbeetle are banned\n|clearpoke\n|poke|p1|Iron Hands|\n|poke|p1|Tapu Koko|\n|poke|p1|Manectric, F|\n|poke|p1|Raichu-Alola, F|\n|poke|p1|Zapdos|\n|poke|p1|Rotom-Wash|\n|poke|p2|Grimmsnarl, M|\n|poke|p2|Diancie|\n|poke|p2|Klefki, M|\n|poke|p2|Azumarill, M|\n|poke|p2|Sylveon, M|\n|poke|p2|Iron Valiant|\n|teampreview\n|\n|t:|1695519680\n|start\n|switch|p1a: Iron Hands|Iron Hands|100\/100\n|switch|p1b: Tapu Koko|Tapu Koko|100\/100\n|switch|p2a: Grimmsnarl|Grimmsnarl, M|100\/100\n|switch|p2b: Diancie|Diancie|100\/100\n|-fieldstart|move: Electric Terrain|[from] ability: Electric Surge|[of] p1b: Tapu Koko\n|-activate|p1a: Iron Hands|ability: Quark Drive\n|-start|p1a: Iron Hands|quarkdriveatk\n|turn|1\n|j| XMarcosPr710\n|\n|t:|1695519691\n|move|p1a: Iron Hands|Fake Out|p2b: Diancie\n|-resisted|p2b: Diancie\n|-crit|p2b: Diancie\n|-damage|p2b: Diancie|89\/100\n|move|p2a: Grimmsnarl|Light Screen|p2a: Grimmsnarl\n|-sidestart|p2: Gamer00ooO|move: Light Screen\n|move|p1b: Tapu Koko|Volt Switch|p2a: Grimmsnarl\n|-damage|p2a: Grimmsnarl|75\/100\n|\n|t:|1695519701\n|switch|p1b: Manectric|Manectric, F|100\/100|[from] Volt Switch\n|cant|p2b: Diancie|flinch\n|\n|-heal|p2a: Grimmsnarl|81\/100|[from] item: Leftovers\n|-heal|p2b: Diancie|95\/100|[from] item: Leftovers\n|upkeep\n|turn|2\n|\n|t:|1695519726\n|detailschange|p1b: Manectric|Manectric-Mega, F\n|-mega|p1b: Manectric|Manectric|Manectite\n|-ability|p1b: Manectric|Intimidate|boost\n|-unboost|p2a: Grimmsnarl|atk|1\n|-fail|p2b: Diancie|unboost|[from] ability: Clear Body|[of] p2b: Diancie\n|move|p2a: Grimmsnarl|Reflect|p2a: Grimmsnarl\n|-sidestart|p2: Gamer00ooO|Reflect\n|move|p1b: Manectric|Rising Voltage|p2b: Diancie\n|-hint|Rising Voltage's BP doubled on grounded target.\n|-damage|p2b: Diancie|45\/100\n|move|p1a: Iron Hands|Drain Punch|p2b: Diancie\n|-damage|p2b: Diancie|20\/100\n|move|p2b: Diancie|Diamond Storm|p1a: Iron Hands|[spread] p1a,p1b\n|-resisted|p1a: Iron Hands\n|-damage|p1a: Iron Hands|93\/100\n|-damage|p1b: Manectric|61\/100\n|\n|-heal|p2a: Grimmsnarl|87\/100|[from] item: Leftovers\n|-heal|p2b: Diancie|26\/100|[from] item: Leftovers\n|upkeep\n|turn|3\n|c| XMarcosPr710|Gana jpuerco?\n|\n|t:|1695519757\n|move|p1b: Manectric|Rising Voltage|p2b: Diancie\n|-hint|Rising Voltage's BP doubled on grounded target.\n|-damage|p2b: Diancie|0 fnt\n|faint|p2b: Diancie\n|move|p2a: Grimmsnarl|Drain Punch|p1b: Manectric\n|-damage|p1b: Manectric|39\/100\n|-heal|p2a: Grimmsnarl|96\/100|[from] drain|[of] p1b: Manectric\n|move|p1a: Iron Hands|Drain Punch|p2a: Grimmsnarl\n|-damage|p2a: Grimmsnarl|61\/100\n|-heal|p1a: Iron Hands|100\/100|[from] drain|[of] p2a: Grimmsnarl\n|\n|-heal|p2a: Grimmsnarl|67\/100|[from] item: Leftovers\n|upkeep\n|\n|t:|1695519772\n|switch|p2b: Sylveon|Sylveon, M|100\/100\n|turn|4\n|\n|t:|1695519786\n|move|p1b: Manectric|Volt Switch|p2b: Sylveon\n|-damage|p2b: Sylveon|74\/100\n|\n|t:|1695519788\n|switch|p1b: Zapdos|Zapdos|100\/100|[from] Volt Switch\n|move|p2b: Sylveon|Hyper Voice|p1a: Iron Hands|[spread] p1a,p1b\n|-supereffective|p1a: Iron Hands\n|-damage|p1a: Iron Hands|68\/100\n|-damage|p1b: Zapdos|60\/100\n|move|p2a: Grimmsnarl|Crunch|p1a: Iron Hands\n|-resisted|p1a: Iron Hands\n|-damage|p1a: Iron Hands|60\/100\n|move|p1a: Iron Hands|Wild Charge|p2b: Sylveon\n|-damage|p2b: Sylveon|23\/100\n|-damage|p1a: Iron Hands|52\/100|[from] Recoil\n|\n|-heal|p1b: Zapdos|66\/100|[from] item: Leftovers\n|-heal|p2a: Grimmsnarl|73\/100|[from] item: Leftovers\n|upkeep\n|turn|5\n|\n|t:|1695519810\n|move|p1b: Zapdos|Thunderbolt|p2b: Sylveon\n|-damage|p2b: Sylveon|0 fnt\n|faint|p2b: Sylveon\n|move|p2a: Grimmsnarl|Drain Punch|p1a: Iron Hands\n|-damage|p1a: Iron Hands|43\/100\n|-heal|p2a: Grimmsnarl|80\/100|[from] drain|[of] p1a: Iron Hands\n|move|p1a: Iron Hands|Drain Punch|p2a: Grimmsnarl\n|-damage|p2a: Grimmsnarl|45\/100\n|-heal|p1a: Iron Hands|54\/100|[from] drain|[of] p2a: Grimmsnarl\n|\n|-heal|p1b: Zapdos|73\/100|[from] item: Leftovers\n|-heal|p2a: Grimmsnarl|51\/100|[from] item: Leftovers\n|-sideend|p2: Gamer00ooO|move: Light Screen\n|upkeep\n|\n|t:|1695519816\n|switch|p2b: Azumarill|Azumarill, M|100\/100\n|turn|6\n|\n|t:|1695519830\n|-terastallize|p2b: Azumarill|Fairy\n|move|p2a: Grimmsnarl|Light Screen|p2a: Grimmsnarl\n|-sidestart|p2: Gamer00ooO|move: Light Screen\n|move|p1b: Zapdos|Thunderbolt|p2b: Azumarill\n|-damage|p2b: Azumarill|71\/100\n|move|p1a: Iron Hands|Drain Punch|p2a: Grimmsnarl\n|-damage|p2a: Grimmsnarl|15\/100\n|-heal|p1a: Iron Hands|66\/100|[from] drain|[of] p2a: Grimmsnarl\n|move|p2b: Azumarill|Hyper Voice|p1a: Iron Hands|[spread] p1a,p1b\n|-damage|p1a: Iron Hands|61\/100\n|-damage|p1b: Zapdos|56\/100\n|-damage|p2b: Azumarill|61\/100|[from] item: Life Orb\n|\n|-heal|p1b: Zapdos|63\/100|[from] item: Leftovers\n|-heal|p2a: Grimmsnarl|21\/100|[from] item: Leftovers\n|-sideend|p2: Gamer00ooO|Reflect\n|upkeep\n|turn|7\n|c|\u2606Yveltak|A\n|c| XMarcosPr710|Rroz\n|\n|t:|1695519859\n|move|p1b: Zapdos|Volt Switch|p2a: Grimmsnarl\n|-damage|p2a: Grimmsnarl|0 fnt\n|faint|p2a: Grimmsnarl\n|\n|t:|1695519863\n|switch|p1b: Rotom|Rotom-Wash|100\/100|[from] Volt Switch\n|move|p1a: Iron Hands|Wild Charge|p2b: Azumarill\n|-damage|p2b: Azumarill|0 fnt\n|faint|p2b: Azumarill\n|-damage|p1a: Iron Hands|50\/100|[from] Recoil\n|\n|upkeep\n|\n|t:|1695519871\n|switch|p2a: Iron Valiant|Iron Valiant|100\/100\n|switch|p2b: Klefki|Klefki, M|100\/100\n|-activate|p2a: Iron Valiant|ability: Quark Drive\n|-start|p2a: Iron Valiant|quarkdriveatk\n|-item|p2b: Klefki|Air Balloon\n|turn|8\n|\n|t:|1695519895\n|-end|p1a: Iron Hands|Quark Drive|[silent]\n|switch|p1a: Zapdos|Zapdos|63\/100\n|move|p2a: Iron Valiant|Spirit Break|p1b: Rotom\n|-damage|p1b: Rotom|65\/100\n|-unboost|p1b: Rotom|spa|1\n|move|p1b: Rotom|Will-O-Wisp|p2a: Iron Valiant\n|-status|p2a: Iron Valiant|brn\n|move|p2b: Klefki|Dazzling Gleam|p1b: Rotom|[spread] p1a,p1b\n|-damage|p1a: Zapdos|45\/100\n|-damage|p1b: Rotom|45\/100\n|\n|-heal|p1a: Zapdos|51\/100|[from] item: Leftovers\n|-heal|p1b: Rotom|52\/100|[from] item: Leftovers\n|-damage|p2a: Iron Valiant|94\/100 brn|[from] brn\n|-fieldend|move: Electric Terrain\n|-end|p2a: Iron Valiant|Quark Drive\n|upkeep\n|turn|9\n|\n|t:|1695519917\n|move|p1a: Zapdos|Volt Switch|p2a: Iron Valiant\n|-damage|p2a: Iron Valiant|73\/100 brn\n|\n|t:|1695519920\n|switch|p1a: Tapu Koko|Tapu Koko|100\/100|[from] Volt Switch\n|-fieldstart|move: Electric Terrain|[from] ability: Electric Surge|[of] p1a: Tapu Koko\n|-activate|p2a: Iron Valiant|ability: Quark Drive\n|-start|p2a: Iron Valiant|quarkdriveatk\n|move|p2a: Iron Valiant|Spirit Break|p1b: Rotom\n|-damage|p1b: Rotom|31\/100\n|-unboost|p1b: Rotom|spa|1\n|move|p1b: Rotom|Volt Switch|p2b: Klefki\n|-damage|p2b: Klefki|90\/100\n|-enditem|p2b: Klefki|Air Balloon\n|\n|t:|1695519931\n|switch|p1b: Raichu|Raichu-Alola, F|100\/100|[from] Volt Switch\n|move|p2b: Klefki|Dazzling Gleam|p1a: Tapu Koko|[spread] p1a,p1b\n|-damage|p1a: Tapu Koko|74\/100\n|-damage|p1b: Raichu|76\/100\n|\n|-damage|p2a: Iron Valiant|67\/100 brn|[from] brn\n|upkeep\n|turn|10\n|\n|t:|1695519954\n|move|p2a: Iron Valiant|Shadow Sneak|p1b: Raichu\n|-supereffective|p1b: Raichu\n|-damage|p1b: Raichu|37\/100\n|move|p1b: Raichu|Rising Voltage|p2a: Iron Valiant\n|-hint|Rising Voltage's BP doubled on grounded target.\n|-damage|p2a: Iron Valiant|0 fnt\n|faint|p2a: Iron Valiant\n|-end|p2a: Iron Valiant|Quark Drive|[silent]\n|move|p1a: Tapu Koko|Thunderbolt|p2b: Klefki\n|-damage|p2b: Klefki|52\/100\n|move|p2b: Klefki|Dazzling Gleam|p1a: Tapu Koko|[spread] p1a,p1b\n|-damage|p1a: Tapu Koko|47\/100\n|-damage|p1b: Raichu|12\/100\n|\n|-sideend|p2: Gamer00ooO|move: Light Screen\n|upkeep\n|turn|11\n|\n|t:|1695519967\n|move|p1b: Raichu|Rising Voltage|p2b: Klefki\n|-hint|Rising Voltage's BP doubled on grounded target.\n|-damage|p2b: Klefki|0 fnt\n|faint|p2b: Klefki\n|\n|win|Yveltak\n|c|\u2606Yveltak|gg\n","uploadtime":1695519973,"views":13,"p1id":"yveltak","p2id":"gamer00ooo","formatid":"gen9nationaldexdoubles","rating":0,"private":0,"password":""}