{"id":"gen9nationaldexdoubles-1977126364","p1":"Draggy Gutsfree","p2":"JackieNut","format":"[Gen 9] National Dex Doubles","log":"|j|\u2606Draggy Gutsfree\n|j|\u2606JackieNut\n|t:|1698374573\n|gametype|doubles\n|player|p1|Draggy Gutsfree|will|\n|player|p2|JackieNut|flannery|\n|teamsize|p1|6\n|teamsize|p2|6\n|gen|9\n|tier|[Gen 9] National Dex Doubles\n|rule|HP Percentage Mod: HP is shown in percentages\n|rule|Endless Battle Clause: Forcing endless battles is banned\n|rule|OHKO Clause: OHKO moves are banned\n|rule|Evasion Moves Clause: Evasion moves are banned\n|rule|Evasion Abilities Clause: Evasion abilities are banned\n|rule|Species Clause: Limit one of each Pok\u00e9mon\n|rule|Gravity Sleep Clause: The combination of sleep-inducing moves with imperfect accuracy and Gravity or Gigantamax Orbeetle are banned\n|clearpoke\n|poke|p1|Sinistcha-Masterpiece|\n|poke|p1|Volbeat, M|\n|poke|p1|Ceruledge, F|\n|poke|p1|Gengar, M|\n|poke|p1|Goodra-Hisui, M|\n|poke|p1|Urshifu-*, M|\n|poke|p2|Zamazenta-*|\n|poke|p2|Lycanroc-Midnight, M|\n|poke|p2|Shaymin-Sky|\n|poke|p2|Sylveon, F|\n|poke|p2|Arcanine, M|\n|poke|p2|Suicune|\n|teampreview\n|\n|t:|1698374804\n|start\n|switch|p1a: Volbeat|Volbeat, M|100\/100\n|switch|p1b: Sinistcha|Sinistcha-Masterpiece|100\/100\n|switch|p2a: doggie|Shaymin-Sky|100\/100\n|switch|p2b: water dog|Suicune|100\/100\n|turn|1\n|\n|t:|1698374851\n|move|p1a: Volbeat|Tailwind|p1a: Volbeat\n|-sidestart|p1: Draggy Gutsfree|move: Tailwind\n|move|p1b: Sinistcha|Matcha Gotcha|p2a: doggie|[spread] p2b\n|-miss|p1b: Sinistcha|p2a: doggie\n|-supereffective|p2b: water dog\n|-damage|p2b: water dog|70\/100\n|move|p2a: doggie|Air Slash|p1a: Volbeat\n|-supereffective|p1a: Volbeat\n|-damage|p1a: Volbeat|0 fnt\n|faint|p1a: Volbeat\n|-damage|p2a: doggie|91\/100|[from] item: Life Orb\n|move|p2b: water dog|Tailwind|p2b: water dog\n|-sidestart|p2: JackieNut|move: Tailwind\n|\n|-heal|p2b: water dog|76\/100|[from] item: Leftovers\n|upkeep\n|\n|t:|1698374909\n|switch|p1a: Goodra|Goodra-Hisui, M|100\/100\n|turn|2\n|\n|t:|1698375030\n|move|p2a: doggie|Dazzling Gleam|p1b: Sinistcha|[spread] p1a,p1b\n|-damage|p1a: Goodra|83\/100\n|-damage|p1b: Sinistcha|71\/100\n|-damage|p2a: doggie|81\/100|[from] item: Life Orb\n|move|p2b: water dog|Ice Beam|p1b: Sinistcha\n|-supereffective|p1b: Sinistcha\n|-damage|p1b: Sinistcha|23\/100\n|-status|p1b: Sinistcha|frz\n|cant|p1b: Sinistcha|frz\n|move|p1a: Goodra|Acid Armor|p1a: Goodra\n|-boost|p1a: Goodra|def|2\n|\n|-heal|p2b: water dog|83\/100|[from] item: Leftovers\n|-heal|p1b: Sinistcha|29\/100 frz|[from] item: Leftovers\n|upkeep\n|turn|3\n|\n|t:|1698375075\n|switch|p1b: Urshifu|Urshifu-Rapid-Strike, M|100\/100\n|move|p2a: doggie|Dazzling Gleam|p1b: Urshifu|[spread] p1a,p1b\n|-supereffective|p1b: Urshifu\n|-damage|p1a: Goodra|65\/100\n|-damage|p1b: Urshifu|20\/100\n|-damage|p2a: doggie|71\/100|[from] item: Life Orb\n|move|p2b: water dog|Ice Beam|p1a: Goodra\n|-damage|p1a: Goodra|51\/100\n|move|p1a: Goodra|Acid Armor|p1a: Goodra\n|-boost|p1a: Goodra|def|2\n|\n|-heal|p2b: water dog|89\/100|[from] item: Leftovers\n|upkeep\n|turn|4\n|\n|t:|1698375131\n|move|p2a: doggie|Dazzling Gleam|p1a: Goodra|[spread] p1a,p1b\n|-supereffective|p1b: Urshifu\n|-damage|p1a: Goodra|33\/100\n|-damage|p1b: Urshifu|0 fnt\n|faint|p1b: Urshifu\n|-damage|p2a: doggie|61\/100|[from] item: Life Orb\n|move|p2b: water dog|Ice Beam|p1a: Goodra\n|-damage|p1a: Goodra|19\/100\n|move|p1a: Goodra|Life Dew|p1a: Goodra\n|-heal|p1a: Goodra|44\/100\n|\n|-heal|p2b: water dog|95\/100|[from] item: Leftovers\n|-sideend|p1: Draggy Gutsfree|move: Tailwind\n|-sideend|p2: JackieNut|move: Tailwind\n|upkeep\n|\n|t:|1698375186\n|switch|p1b: Sinistcha|Sinistcha-Masterpiece|29\/100 frz\n|-heal|p1a: Goodra|69\/100|[from] ability: Hospitality|[of] p1b: Sinistcha\n|turn|5\n|\n|t:|1698375334\n|switch|p2a: pupie|Zamazenta|100\/100\n|-ability|p2a: pupie|Dauntless Shield|boost\n|-boost|p2a: pupie|def|1\n|move|p2b: water dog|Tailwind|p2b: water dog\n|-sidestart|p2: JackieNut|move: Tailwind\n|cant|p1b: Sinistcha|frz\n|move|p1a: Goodra|Body Press|p2b: water dog\n|-damage|p2b: water dog|44\/100\n|\n|-heal|p2b: water dog|50\/100|[from] item: Leftovers\n|-heal|p1b: Sinistcha|35\/100 frz|[from] item: Leftovers\n|upkeep\n|turn|6\n|\n|t:|1698375439\n|move|p2a: pupie|Close Combat|p1a: Goodra\n|-supereffective|p1a: Goodra\n|-damage|p1a: Goodra|24\/100\n|-unboost|p2a: pupie|def|1\n|-unboost|p2a: pupie|spd|1\n|-damage|p2a: pupie|84\/100|[from] item: Rocky Helmet|[of] p1a: Goodra\n|move|p2b: water dog|Scald|p1a: Goodra\n|-resisted|p1a: Goodra\n|-damage|p1a: Goodra|16\/100\n|cant|p1b: Sinistcha|frz\n|move|p1a: Goodra|Body Press|p2b: water dog\n|-damage|p2b: water dog|0 fnt\n|faint|p2b: water dog\n|\n|-heal|p1b: Sinistcha|42\/100 frz|[from] item: Leftovers\n|upkeep\n|\n|t:|1698375490\n|switch|p2b: doggie|Shaymin-Sky|61\/100\n|turn|7\n|\n|t:|1698375517\n|move|p2a: pupie|Close Combat|p1a: Goodra\n|-supereffective|p1a: Goodra\n|-damage|p1a: Goodra|0 fnt\n|-unboost|p2a: pupie|def|1\n|-unboost|p2a: pupie|spd|1\n|-damage|p2a: pupie|67\/100|[from] item: Rocky Helmet|[of] p1a: Goodra\n|faint|p1a: Goodra\n|move|p2b: doggie|Air Slash|p1b: Sinistcha\n|-supereffective|p1b: Sinistcha\n|-damage|p1b: Sinistcha|0 fnt\n|faint|p1b: Sinistcha\n|-damage|p2b: doggie|51\/100|[from] item: Life Orb\n|\n|upkeep\n|\n|t:|1698375533\n|switch|p1b: Gengar|Gengar, M|100\/100\n|switch|p1a: Ceruledge|Ceruledge, F|100\/100\n|turn|8\n|\n|t:|1698375689\n|switch|p2a: mutt|Arcanine, M|100\/100\n|-ability|p2a: mutt|Intimidate|boost\n|-fail|p1a: Ceruledge|unboost|[from] item: Clear Amulet|[of] p1a: Ceruledge\n|-unboost|p1b: Gengar|atk|1\n|move|p2b: doggie|Air Slash|p1a: Ceruledge\n|-damage|p1a: Ceruledge|52\/100\n|-damage|p2b: doggie|41\/100|[from] item: Life Orb\n|move|p1b: Gengar|Dazzling Gleam|p2a: mutt|[spread] p2a,p2b\n|-resisted|p2a: mutt\n|-damage|p2a: mutt|83\/100\n|-damage|p2b: doggie|4\/100\n|cant|p1a: Ceruledge|flinch\n|\n|-sideend|p2: JackieNut|move: Tailwind\n|upkeep\n|turn|9\n|\n|t:|1698375762\n|switch|p2b: pupie|Zamazenta|67\/100\n|move|p1a: Ceruledge|Shadow Sneak|p2b: pupie\n|-damage|p2b: pupie|46\/100\n|move|p1b: Gengar|Dazzling Gleam|p2b: pupie|[spread] p2a,p2b\n|-resisted|p2a: mutt\n|-supereffective|p2b: pupie\n|-damage|p2a: mutt|68\/100\n|-damage|p2b: pupie|0 fnt\n|faint|p2b: pupie\n|move|p2a: mutt|Snarl|p1b: Gengar|[spread] p1a,p1b\n|-supereffective|p1a: Ceruledge\n|-supereffective|p1b: Gengar\n|-damage|p1a: Ceruledge|34\/100\n|-damage|p1b: Gengar|74\/100\n|-unboost|p1b: Gengar|spa|1\n|\n|upkeep\n|\n|t:|1698375820\n|switch|p2b: wolfie|Lycanroc-Midnight, M|100\/100\n|turn|10\n|\n|t:|1698375846\n|move|p1a: Ceruledge|Protect|p1a: Ceruledge\n|-singleturn|p1a: Ceruledge|Protect\n|move|p1b: Gengar|Dazzling Gleam|p2a: mutt|[spread] p2a,p2b\n|-resisted|p2a: mutt\n|-damage|p2a: mutt|57\/100\n|-damage|p2b: wolfie|69\/100\n|move|p2a: mutt|Snarl|p1b: Gengar|[spread] p1b\n|-activate|p1a: Ceruledge|move: Protect\n|-supereffective|p1b: Gengar\n|-damage|p1b: Gengar|45\/100\n|-unboost|p1b: Gengar|spa|1\n|move|p2b: wolfie|Stone Edge|p1a: Ceruledge\n|-activate|p1a: Ceruledge|move: Protect\n|\n|upkeep\n|turn|11\n|\n|t:|1698375864\n|move|p1b: Gengar|Dazzling Gleam|p2a: mutt|[spread] p2a,p2b\n|-resisted|p2a: mutt\n|-damage|p2a: mutt|48\/100\n|-damage|p2b: wolfie|46\/100\n|-enditem|p2a: mutt|Sitrus Berry|[eat]\n|-heal|p2a: mutt|73\/100|[from] item: Sitrus Berry\n|move|p2a: mutt|Snarl|p1a: Ceruledge|[spread] p1a,p1b\n|-supereffective|p1a: Ceruledge\n|-supereffective|p1b: Gengar\n|-damage|p1a: Ceruledge|18\/100\n|-damage|p1b: Gengar|15\/100\n|-unboost|p1b: Gengar|spa|1\n|move|p2b: wolfie|Stone Edge|p1a: Ceruledge\n|-supereffective|p1a: Ceruledge\n|-damage|p1a: Ceruledge|0 fnt\n|faint|p1a: Ceruledge\n|\n|upkeep\n|turn|12\n|\n|t:|1698375879\n|move|p1b: Gengar|Dazzling Gleam|p2a: mutt|[spread] p2a,p2b\n|-resisted|p2a: mutt\n|-damage|p2a: mutt|67\/100\n|-damage|p2b: wolfie|28\/100\n|move|p2a: mutt|Snarl|p1b: Gengar\n|-supereffective|p1b: Gengar\n|-damage|p1b: Gengar|0 fnt\n|faint|p1b: Gengar\n|\n|win|JackieNut\n","uploadtime":1698375883,"views":5,"p1id":"draggygutsfree","p2id":"jackienut","formatid":"gen9nationaldexdoubles","rating":0,"private":0,"password":""}