{"id":"gen9nationaldexdoubles-1949061053","p1":"toffee1497","p2":"ccD8 3+","format":"[Gen 9] National Dex Doubles","log":"|j|\u2606toffee1497\n|j|\u2606ccD8 3+\n|t:|1695322809\n|gametype|doubles\n|player|p1|toffee1497|elio|1185\n|player|p2|ccD8 3+|lusamine-nihilego|1251\n|teamsize|p1|6\n|teamsize|p2|6\n|gen|9\n|tier|[Gen 9] National Dex Doubles\n|rated|\n|rule|HP Percentage Mod: HP is shown in percentages\n|rule|Endless Battle Clause: Forcing endless battles is banned\n|rule|OHKO Clause: OHKO moves are banned\n|rule|Evasion Moves Clause: Evasion moves are banned\n|rule|Evasion Abilities Clause: Evasion abilities are banned\n|rule|Species Clause: Limit one of each Pok\u00e9mon\n|rule|Gravity Sleep Clause: The combination of sleep-inducing moves with imperfect accuracy and Gravity or Gigantamax Orbeetle are banned\n|clearpoke\n|poke|p1|Mimikyu, M|\n|poke|p1|Ribombee, F|\n|poke|p1|Feraligatr, M|\n|poke|p1|Primarina, F|\n|poke|p1|Goodra, M|\n|poke|p1|Kommo-o, F|\n|poke|p2|Charizard, M|\n|poke|p2|Chi-Yu|\n|poke|p2|Flutter Mane|\n|poke|p2|Whimsicott, F|\n|poke|p2|Zygarde|\n|poke|p2|Chien-Pao|\n|teampreview\n|inactive|Battle timer is ON: inactive players will automatically lose when time's up. (requested by ccD8 3+)\n|\n|t:|1695322826\n|start\n|switch|p1a: Mimikyu|Mimikyu, M|100\/100\n|switch|p1b: Primarina|Primarina, F|100\/100\n|switch|p2a: Whimsicott|Whimsicott, F|100\/100\n|switch|p2b: Charizard|Charizard, M|100\/100\n|turn|1\n|inactive|toffee1497 has 120 seconds left.\n|inactive|ccD8 3+ has 120 seconds left.\n|\n|t:|1695322858\n|detailschange|p2b: Charizard|Charizard-Mega-Y, M\n|-mega|p2b: Charizard|Charizard|Charizardite Y\n|-weather|SunnyDay|[from] ability: Drought|[of] p2b: Charizard\n|-terastallize|p1b: Primarina|Water\n|move|p2a: Whimsicott|Tailwind|p2a: Whimsicott\n|-sidestart|p2: ccD8 3+|move: Tailwind\n|move|p2b: Charizard|Heat Wave|p1b: Primarina|[spread] p1a,p1b\n|-resisted|p1b: Primarina\n|-activate|p1a: Mimikyu|ability: Disguise\n|-damage|p1a: Mimikyu|100\/100\n|-damage|p1b: Primarina|75\/100\n|detailschange|p1a: Mimikyu|Mimikyu-Busted, M\n|-damage|p1a: Mimikyu|88\/100|[from] pokemon: Mimikyu-Busted\n|move|p1a: Mimikyu|Thunder Wave|p2b: Charizard\n|-status|p2b: Charizard|par\n|move|p1b: Primarina|Hyper Voice|p2a: Whimsicott|[spread] p2a,p2b\n|-resisted|p2a: Whimsicott\n|-supereffective|p2b: Charizard\n|-damage|p2a: Whimsicott|83\/100\n|-damage|p2b: Charizard|48\/100 par\n|\n|-weather|SunnyDay|[upkeep]\n|-heal|p1b: Primarina|81\/100|[from] item: Leftovers\n|upkeep\n|turn|2\n|\n|t:|1695322881\n|move|p2a: Whimsicott|Helping Hand|p2b: Charizard\n|-singleturn|p2b: Charizard|Helping Hand|[of] p2a: Whimsicott\n|move|p1a: Mimikyu|Shadow Sneak|p2b: Charizard\n|-damage|p2b: Charizard|22\/100 par\n|cant|p2b: Charizard|par\n|move|p1b: Primarina|Hyper Voice|p2b: Charizard|[spread] p2a,p2b\n|-resisted|p2a: Whimsicott\n|-supereffective|p2b: Charizard\n|-damage|p2a: Whimsicott|65\/100\n|-damage|p2b: Charizard|0 fnt\n|faint|p2b: Charizard\n|\n|-weather|SunnyDay|[upkeep]\n|-heal|p1b: Primarina|87\/100|[from] item: Leftovers\n|upkeep\n|inactive|ccD8 3+ has 120 seconds left.\n|inactive|ccD8 3+ has 90 seconds left.\n|\n|t:|1695322924\n|switch|p2b: Flutter Mane|Flutter Mane|100\/100\n|-activate|p2b: Flutter Mane|ability: Protosynthesis\n|-start|p2b: Flutter Mane|protosynthesisspe\n|turn|3\n|\n|t:|1695322937\n|-terastallize|p2b: Flutter Mane|Fairy\n|move|p2a: Whimsicott|Helping Hand|p2b: Flutter Mane\n|-singleturn|p2b: Flutter Mane|Helping Hand|[of] p2a: Whimsicott\n|move|p2b: Flutter Mane|Dazzling Gleam|p1a: Mimikyu|[spread] p1a,p1b\n|-damage|p1a: Mimikyu|0 fnt\n|-damage|p1b: Primarina|12\/100\n|faint|p1a: Mimikyu\n|move|p1b: Primarina|Hyper Voice|p2a: Whimsicott|[spread] p2a,p2b\n|-resisted|p2a: Whimsicott\n|-damage|p2a: Whimsicott|49\/100\n|-damage|p2b: Flutter Mane|81\/100\n|\n|-weather|SunnyDay|[upkeep]\n|-heal|p1b: Primarina|18\/100|[from] item: Leftovers\n|upkeep\n|\n|t:|1695322957\n|switch|p1a: Goodra|Goodra, M|100\/100\n|turn|4\n|\n|t:|1695322964\n|move|p2a: Whimsicott|Helping Hand|p2b: Flutter Mane\n|-singleturn|p2b: Flutter Mane|Helping Hand|[of] p2a: Whimsicott\n|move|p2b: Flutter Mane|Dazzling Gleam|p1a: Goodra|[spread] p1a,p1b\n|-supereffective|p1a: Goodra\n|-crit|p1a: Goodra\n|-damage|p1a: Goodra|0 fnt\n|-damage|p1b: Primarina|0 fnt\n|faint|p1a: Goodra\n|faint|p1b: Primarina\n|\n|-weather|SunnyDay|[upkeep]\n|-sideend|p2: ccD8 3+|move: Tailwind\n|upkeep\n|\n|t:|1695322975\n|switch|p1a: Ribombee|Ribombee, F|100\/100\n|switch|p1b: Feraligatr|Feraligatr, M|100\/100\n|turn|5\n|\n|t:|1695322993\n|move|p2a: Whimsicott|Helping Hand|p2b: Flutter Mane\n|-singleturn|p2b: Flutter Mane|Helping Hand|[of] p2a: Whimsicott\n|move|p2b: Flutter Mane|Dazzling Gleam|p1a: Ribombee|[spread] p1a,p1b\n|-enditem|p1a: Ribombee|Focus Sash\n|-damage|p1a: Ribombee|1\/100\n|-damage|p1b: Feraligatr|0 fnt\n|faint|p1b: Feraligatr\n|move|p1a: Ribombee|Pollen Puff|p2a: Whimsicott\n|-damage|p2a: Whimsicott|3\/100\n|\n|-weather|none\n|-end|p2b: Flutter Mane|Protosynthesis\n|upkeep\n|-message|toffee1497 forfeited.\n|\n|win|ccD8 3+\n|raw|toffee1497's rating: 1198 &rarr; <strong>1177<\/strong><br \/>(-21 for losing)\n|raw|ccD8 3+'s rating: 1251 &rarr; <strong>1272<\/strong><br \/>(+21 for winning)\n|l|\u2606toffee1497\n|l|\u2606ccD8 3+\n|j|\u2606ccD8 3+\n|player|p2|ccD8 3+|lusamine-nihilego\n","uploadtime":1695323008,"views":3,"p1id":"toffee1497","p2id":"ccd83","formatid":"gen9nationaldexdoubles","rating":1177,"private":0,"password":""}