{"id":"gen9nationaldexdoubles-1989899241","p1":"Darklight7o2","p2":"fubbernuckles","format":"[Gen 9] National Dex Doubles","log":"|j|\u2606Darklight7o2\n|j|\u203dfubbernuckles\n|t:|1699905013\n|gametype|doubles\n|player|p1|Darklight7o2|101|1055\n|player|p2|fubbernuckles|marlon|1149\n|teamsize|p1|6\n|teamsize|p2|6\n|gen|9\n|tier|[Gen 9] National Dex Doubles\n|rated|\n|rule|HP Percentage Mod: HP is shown in percentages\n|rule|Endless Battle Clause: Forcing endless battles is banned\n|rule|OHKO Clause: OHKO moves are banned\n|rule|Evasion Moves Clause: Evasion moves are banned\n|rule|Evasion Abilities Clause: Evasion abilities are banned\n|rule|Species Clause: Limit one of each Pok\u00e9mon\n|rule|Gravity Sleep Clause: The combination of sleep-inducing moves with imperfect accuracy and Gravity or Gigantamax Orbeetle are banned\n|clearpoke\n|poke|p1|Kommo-o, F|\n|poke|p1|Maushold-Four|\n|poke|p1|Sandslash-Alola, M|\n|poke|p1|Gliscor, M|\n|poke|p1|Metagross|\n|poke|p1|Grimmsnarl, M|\n|poke|p2|Swoobat, M|\n|poke|p2|Rillaboom, F|\n|poke|p2|Corviknight, F|\n|poke|p2|Garchomp, F|\n|poke|p2|Basculegion, M|\n|poke|p2|Heatran, F|\n|teampreview\n|inactive|Battle timer is ON: inactive players will automatically lose when time's up. (requested by fubbernuckles)\n|\n|t:|1699905018\n|start\n|switch|p1a: Kommo-o|Kommo-o, F|100\/100\n|switch|p1b: Maushold|Maushold-Four|100\/100\n|switch|p2a: Swoobat|Swoobat, M, shiny|100\/100\n|switch|p2b: Rillaboom|Rillaboom, F|100\/100\n|-fieldstart|move: Grassy Terrain|[from] ability: Grassy Surge|[of] p2b: Rillaboom\n|-enditem|p2a: Swoobat|Grassy Seed\n|-boost|p2a: Swoobat|def|2|[from] item: Grassy Seed\n|turn|1\n|\n|t:|1699905034\n|-terastallize|p2b: Rillaboom|Grass\n|move|p2b: Rillaboom|Grassy Glide|p1b: Maushold\n|-damage|p1b: Maushold|0 fnt\n|faint|p1b: Maushold\n|move|p2a: Swoobat|Calm Mind|p2a: Swoobat\n|-boost|p2a: Swoobat|spa|2\n|-boost|p2a: Swoobat|spd|2\n|move|p1a: Kommo-o|Bulk Up|p1a: Kommo-o\n|-boost|p1a: Kommo-o|atk|1\n|-boost|p1a: Kommo-o|def|1\n|\n|upkeep\n|\n|t:|1699905049\n|switch|p1b: Sandslash|Sandslash-Alola, M|100\/100\n|turn|2\n|\n|t:|1699905066\n|switch|p2b: Corviknight|Corviknight, F|100\/100\n|-ability|p2b: Corviknight|Pressure\n|move|p2a: Swoobat|Stored Power|p1a: Kommo-o\n|-supereffective|p1a: Kommo-o\n|-damage|p1a: Kommo-o|0 fnt\n|faint|p1a: Kommo-o\n|move|p1b: Sandslash|Avalanche|p2a: Swoobat\n|-supereffective|p2a: Swoobat\n|-damage|p2a: Swoobat|48\/100\n|\n|upkeep\n|\n|t:|1699905079\n|switch|p1a: Metagross|Metagross|100\/100\n|turn|3\n|\n|t:|1699905091\n|detailschange|p1a: Metagross|Metagross-Mega\n|-mega|p1a: Metagross|Metagross|Metagrossite\n|move|p1a: Metagross|Meteor Mash|p2b: Corviknight|[miss]\n|-miss|p1a: Metagross|p2b: Corviknight\n|move|p2a: Swoobat|Roost|p2a: Swoobat\n|-heal|p2a: Swoobat|98\/100\n|-singleturn|p2a: Swoobat|move: Roost\n|move|p2b: Corviknight|Body Press|p1b: Sandslash\n|-supereffective|p1b: Sandslash\n|-damage|p1b: Sandslash|13\/100\n|move|p1b: Sandslash|Avalanche|p2a: Swoobat\n|-damage|p2a: Swoobat|74\/100\n|\n|-heal|p2a: Swoobat|80\/100|[from] Grassy Terrain\n|-heal|p1b: Sandslash|20\/100|[from] Grassy Terrain\n|upkeep\n|turn|4\n|\n|t:|1699905119\n|move|p1a: Metagross|Zen Headbutt|p2a: Swoobat\n|-resisted|p2a: Swoobat\n|-damage|p2a: Swoobat|54\/100\n|move|p2a: Swoobat|Stored Power|p1b: Sandslash\n|-resisted|p1b: Sandslash\n|-damage|p1b: Sandslash|0 fnt\n|faint|p1b: Sandslash\n|move|p2b: Corviknight|Body Press|p1a: Metagross\n|-damage|p1a: Metagross|82\/100\n|\n|-heal|p1a: Metagross|88\/100|[from] Grassy Terrain\n|upkeep\n|inactive|Darklight7o2 has 120 seconds left.\n|\n|t:|1699905133\n|switch|p1b: Gliscor|Gliscor, M|100\/100\n|turn|5\n|\n|t:|1699905156\n|switch|p2b: Heatran|Heatran, F|100\/100\n|move|p1a: Metagross|Psycho Cut|p2b: Heatran\n|-resisted|p2b: Heatran\n|-damage|p2b: Heatran|85\/100\n|move|p1b: Gliscor|Knock Off|p2a: Swoobat\n|-supereffective|p2a: Swoobat\n|-damage|p2a: Swoobat|21\/100\n|move|p2a: Swoobat|Stored Power|p1b: Gliscor\n|-damage|p1b: Gliscor|0 fnt\n|faint|p1b: Gliscor\n|\n|-heal|p1a: Metagross|94\/100|[from] Grassy Terrain\n|-heal|p2b: Heatran|92\/100|[from] Grassy Terrain\n|-fieldend|move: Grassy Terrain\n|upkeep\n|-message|Darklight7o2 forfeited.\n|\n|win|fubbernuckles\n|raw|Darklight7o2's rating: 1055 &rarr; <strong>1042<\/strong><br \/>(-13 for losing)\n|raw|fubbernuckles's rating: 1149 &rarr; <strong>1167<\/strong><br \/>(+18 for winning)\n|l|\u2606Darklight7o2\n","uploadtime":1699905183,"views":11,"p1id":"darklight7o2","p2id":"fubbernuckles","formatid":"gen9nationaldexdoubles","rating":1042,"private":0,"password":""}