{"id":"gen9nationaldexdoubles-1994532614","p1":"Dylanpika99","p2":"Shiny_Hero64","format":"[Gen 9] National Dex Doubles","log":"|j|\u2606Dylanpika99\n|j|\u2606Shiny_Hero64\n|t:|1700455597\n|gametype|doubles\n|player|p1|Dylanpika99|1|\n|player|p2|Shiny_Hero64|n-masters3|\n|teamsize|p1|6\n|teamsize|p2|6\n|gen|9\n|tier|[Gen 9] National Dex Doubles\n|rule|HP Percentage Mod: HP is shown in percentages\n|rule|Endless Battle Clause: Forcing endless battles is banned\n|rule|OHKO Clause: OHKO moves are banned\n|rule|Evasion Moves Clause: Evasion moves are banned\n|rule|Evasion Abilities Clause: Evasion abilities are banned\n|rule|Species Clause: Limit one of each Pok\u00e9mon\n|rule|Gravity Sleep Clause: The combination of sleep-inducing moves with imperfect accuracy and Gravity or Gigantamax Orbeetle are banned\n|clearpoke\n|poke|p1|Ogerpon-Cornerstone, F|\n|poke|p1|Sinistcha-Masterpiece|\n|poke|p1|Incineroar, M|\n|poke|p1|Salamence, M|\n|poke|p1|Tapu Fini|\n|poke|p1|Jirachi|\n|poke|p2|Farigiraf, M|\n|poke|p2|Ursaluna, M|\n|poke|p2|Camerupt, F|\n|poke|p2|Hatterene, F|\n|poke|p2|Iron Hands|\n|poke|p2|Enamorus-Therian, F|\n|teampreview\n|\n|t:|1700455685\n|start\n|switch|p1a: Jirachi|Jirachi|100\/100\n|switch|p1b: Tapu Fini|Tapu Fini|100\/100\n|switch|p2a: Azzoe|Hatterene, F, shiny|100\/100\n|switch|p2b: Iron Hands|Iron Hands|100\/100\n|-fieldstart|move: Misty Terrain|[from] ability: Misty Surge|[of] p1b: Tapu Fini\n|-enditem|p2b: Iron Hands|Booster Energy\n|-activate|p2b: Iron Hands|ability: Quark Drive|[fromitem]\n|-start|p2b: Iron Hands|quarkdriveatk\n|turn|1\n|\n|t:|1700455718\n|switch|p2a: Camerupt|Camerupt, F|100\/100\n|move|p1a: Jirachi|Protect|p1a: Jirachi\n|-singleturn|p1a: Jirachi|Protect\n|move|p1b: Tapu Fini|Moonblast|p2b: Iron Hands\n|-supereffective|p2b: Iron Hands\n|-damage|p2b: Iron Hands|24\/100\n|-unboost|p2b: Iron Hands|spa|1\n|move|p2b: Iron Hands|Wild Charge|p1b: Tapu Fini\n|-supereffective|p1b: Tapu Fini\n|-damage|p1b: Tapu Fini|0 fnt\n|faint|p1b: Tapu Fini\n|-damage|p2b: Iron Hands|8\/100|[from] Recoil\n|\n|upkeep\n|\n|t:|1700455756\n|switch|p1b: Salamence|Salamence, M|100\/100\n|-ability|p1b: Salamence|Intimidate|boost\n|-unboost|p2a: Camerupt|atk|1\n|-unboost|p2b: Iron Hands|atk|1\n|turn|2\n|\n|t:|1700455775\n|switch|p1a: Incineroar|Incineroar, M|100\/100\n|-ability|p1a: Incineroar|Intimidate|boost\n|-unboost|p2a: Camerupt|atk|1\n|-unboost|p2b: Iron Hands|atk|1\n|detailschange|p1b: Salamence|Salamence-Mega, M\n|-mega|p1b: Salamence|Salamence|Salamencite\n|detailschange|p2a: Camerupt|Camerupt-Mega, F\n|-mega|p2a: Camerupt|Camerupt|Cameruptite\n|move|p1b: Salamence|Return|p2a: Camerupt\n|-damage|p2a: Camerupt|28\/100\n|move|p2b: Iron Hands|Ice Punch|p1b: Salamence\n|-supereffective|p1b: Salamence\n|-damage|p1b: Salamence|34\/100\n|move|p2a: Camerupt|Heat Wave|p1a: Incineroar|[spread] p1a,p1b\n|-resisted|p1a: Incineroar\n|-resisted|p1b: Salamence\n|-damage|p1a: Incineroar|84\/100\n|-damage|p1b: Salamence|5\/100\n|\n|upkeep\n|turn|3\n|\n|t:|1700455804\n|move|p2a: Camerupt|Protect|p2a: Camerupt\n|-singleturn|p2a: Camerupt|Protect\n|move|p1a: Incineroar|Fake Out|p2b: Iron Hands\n|-damage|p2b: Iron Hands|1\/100\n|move|p1b: Salamence|Return|p2a: Camerupt\n|-activate|p2a: Camerupt|move: Protect\n|cant|p2b: Iron Hands|flinch\n|\n|upkeep\n|turn|4\n|\n|t:|1700455820\n|move|p1b: Salamence|Return|p2a: Camerupt\n|-damage|p2a: Camerupt|0 fnt\n|faint|p2a: Camerupt\n|move|p1a: Incineroar|U-turn|p2b: Iron Hands\n|-resisted|p2b: Iron Hands\n|-damage|p2b: Iron Hands|0 fnt\n|faint|p2b: Iron Hands\n|-end|p2b: Iron Hands|Quark Drive|[silent]\n|\n|t:|1700455843\n|switch|p1a: Jirachi|Jirachi|100\/100|[from] U-turn\n|\n|upkeep\n|\n|t:|1700455851\n|switch|p2b: B E A R|Ursaluna, M|100\/100\n|switch|p2a: Normal neck|Farigiraf, M|100\/100\n|turn|5\n|\n|t:|1700455887\n|switch|p1b: Incineroar|Incineroar, M|84\/100\n|-ability|p1b: Incineroar|Intimidate|boost\n|-unboost|p2a: Normal neck|atk|1\n|-unboost|p2b: B E A R|atk|1\n|move|p1a: Jirachi|Protect|p1a: Jirachi\n|-singleturn|p1a: Jirachi|Protect\n|move|p2b: B E A R|Protect|p2b: B E A R\n|-singleturn|p2b: B E A R|Protect\n|move|p2a: Normal neck|Hyper Voice|p1b: Incineroar|[spread] p1b\n|-activate|p1a: Jirachi|move: Protect\n|-damage|p1b: Incineroar|64\/100\n|\n|-fieldend|Misty Terrain\n|-status|p2b: B E A R|brn|[from] item: Flame Orb\n|upkeep\n|turn|6\n|\n|t:|1700455920\n|-terastallize|p1a: Jirachi|Water\n|move|p1a: Jirachi|Iron Head|p2a: Normal neck\n|-damage|p2a: Normal neck|69\/100\n|move|p1b: Incineroar|U-turn|p2a: Normal neck\n|-supereffective|p2a: Normal neck\n|-crit|p2a: Normal neck\n|-damage|p2a: Normal neck|11\/100\n|\n|t:|1700455930\n|switch|p1b: Sinistcha|Sinistcha-Masterpiece|100\/100|[from] U-turn\n|move|p2b: B E A R|Headlong Rush|p1a: Jirachi\n|-damage|p1a: Jirachi|27\/100\n|-unboost|p2b: B E A R|def|1\n|-unboost|p2b: B E A R|spd|1\n|-enditem|p1a: Jirachi|Sitrus Berry|[eat]\n|-heal|p1a: Jirachi|52\/100|[from] item: Sitrus Berry\n|move|p2a: Normal neck|Trick Room|p2a: Normal neck\n|-fieldstart|move: Trick Room|[of] p2a: Normal neck\n|\n|-damage|p2b: B E A R|94\/100 brn|[from] brn\n|upkeep\n|turn|7\n|\n|t:|1700455957\n|switch|p2b: Azzoe|Hatterene, F, shiny|100\/100\n|switch|p1a: Incineroar|Incineroar, M|64\/100\n|-ability|p1a: Incineroar|Intimidate|boost\n|-unboost|p2a: Normal neck|atk|1\n|-unboost|p2b: Azzoe|atk|1\n|move|p2a: Normal neck|Dazzling Gleam|p1b: Sinistcha|[spread] p1a,p1b\n|-damage|p1a: Incineroar|51\/100\n|-damage|p1b: Sinistcha|79\/100\n|move|p1b: Sinistcha|Matcha Gotcha|p2a: Normal neck|[spread] p2a,p2b\n|-damage|p2a: Normal neck|0 fnt\n|-heal|p1b: Sinistcha|86\/100|[from] drain|[of] p2a: Normal neck\n|-damage|p2b: Azzoe|70\/100\n|-heal|p1b: Sinistcha|99\/100|[from] drain|[of] p2b: Azzoe\n|faint|p2a: Normal neck\n|\n|upkeep\n|\n|t:|1700455965\n|switch|p2a: B E A R|Ursaluna, M|94\/100 brn\n|turn|8\n|\n|t:|1700455995\n|move|p1a: Incineroar|Fake Out|p2b: Azzoe\n|-damage|p2b: Azzoe|58\/100\n|cant|p2b: Azzoe|flinch\n|move|p2a: B E A R|Headlong Rush|p1a: Incineroar\n|-supereffective|p1a: Incineroar\n|-damage|p1a: Incineroar|0 fnt\n|-unboost|p2a: B E A R|def|1\n|-unboost|p2a: B E A R|spd|1\n|faint|p1a: Incineroar\n|move|p1b: Sinistcha|Trick Room|p1b: Sinistcha\n|-fieldend|move: Trick Room\n|\n|-damage|p2a: B E A R|88\/100 brn|[from] brn\n|upkeep\n|\n|t:|1700456011\n|switch|p1a: Jirachi|Jirachi, tera:Water|52\/100\n|turn|9\n|\n|t:|1700456022\n|move|p1a: Jirachi|Iron Head|p2b: Azzoe\n|-supereffective|p2b: Azzoe\n|-damage|p2b: Azzoe|0 fnt\n|faint|p2b: Azzoe\n|move|p1b: Sinistcha|Matcha Gotcha|p2a: B E A R\n|-supereffective|p2a: B E A R\n|-damage|p2a: B E A R|0 fnt\n|-heal|p1b: Sinistcha|100\/100|[from] drain|[of] p2a: B E A R\n|faint|p2a: B E A R\n|\n|upkeep\n|\n|t:|1700456029\n|switch|p2b: Enamorus|Enamorus-Therian, F|100\/100\n|turn|10\n|\n|t:|1700456033\n|-terastallize|p2b: Enamorus|Fairy\n|move|p1a: Jirachi|Iron Head|p2b: Enamorus\n|-supereffective|p2b: Enamorus\n|-damage|p2b: Enamorus|36\/100\n|move|p1b: Sinistcha|Matcha Gotcha|p2b: Enamorus\n|-damage|p2b: Enamorus|0 fnt\n|faint|p2b: Enamorus\n|\n|win|Dylanpika99\n","uploadtime":1700456040,"views":3,"p1id":"dylanpika99","p2id":"shinyhero64","formatid":"gen9nationaldexdoubles","rating":0,"private":0,"password":""}