{"id":"gen9nationaldexdoubles-1984104900","p1":"Prankbox454","p2":"bubbybean","format":"[Gen 9] National Dex Doubles","log":"|j|\u2606Prankbox454\n|j|\u2606bubbybean\n|t:|1699219151\n|gametype|doubles\n|player|p1|Prankbox454|burgh|\n|player|p2|bubbybean|102|\n|teamsize|p1|6\n|teamsize|p2|6\n|gen|9\n|tier|[Gen 9] National Dex Doubles\n|rule|HP Percentage Mod: HP is shown in percentages\n|rule|Endless Battle Clause: Forcing endless battles is banned\n|rule|OHKO Clause: OHKO moves are banned\n|rule|Evasion Moves Clause: Evasion moves are banned\n|rule|Evasion Abilities Clause: Evasion abilities are banned\n|rule|Species Clause: Limit one of each Pok\u00e9mon\n|rule|Gravity Sleep Clause: The combination of sleep-inducing moves with imperfect accuracy and Gravity or Gigantamax Orbeetle are banned\n|clearpoke\n|poke|p1|Regigigas|\n|poke|p1|Medicham, M|\n|poke|p1|Comfey, M|\n|poke|p1|Tornadus, M|\n|poke|p1|Kingambit, M|\n|poke|p1|Clefairy, M|\n|poke|p2|Dragapult, F|\n|poke|p2|Flutter Mane|\n|poke|p2|Basculegion, M|\n|poke|p2|Sinistcha|\n|poke|p2|Dusclops, F|\n|poke|p2|Skeledirge, F|\n|teampreview\n|c|\u2606Prankbox454|Wait i'll let fried join in\n|c|\u2606Prankbox454|one sec\n|c|\u2606bubbybean|Oh I played against you ealier!\n|c|\u2606bubbybean|Maybe\n|c|\u2606Prankbox454|Did we?\n|c|\u2606Prankbox454|I dont remember\n|c|\u2606bubbybean|I recognize the gigas and medicham\n|j| FriedBeaver01\n|c| FriedBeaver01|Thx buf\n|c|\u2606Prankbox454|ayyy there he is\n|c| FriedBeaver01|*bud\n|c|\u2606Prankbox454|aight lets go\n|c| FriedBeaver01|Sup\n|c|\u2606bubbybean|Howdy\n|c|\u2606Prankbox454|Oh thats a different team\n|c|\u2606bubbybean|I'm trying my mono ghost team\n|c|\u2606Prankbox454|I just realized lol\n|c|\u2606bubbybean|Yeah lol\n|c|\u2606Prankbox454|I think fried knows what i'm gonna do here\n|\n|t:|1699219240\n|start\n|switch|p1a: Regigigas|Regigigas|100\/100\n|switch|p1b: Medicham|Medicham, M|100\/100\n|switch|p2a: Dusclops|Dusclops, F, shiny|100\/100\n|switch|p2b: Skeledirge|Skeledirge, F|100\/100\n|-start|p1a: Regigigas|ability: Slow Start\n|-item|p1a: Regigigas|Leftovers|[from] ability: Frisk|[of] p2a: Dusclops|[identify]\n|-item|p1b: Medicham|Custap Berry|[from] ability: Frisk|[of] p2a: Dusclops|[identify]\n|turn|1\n|c| FriedBeaver01|That Medicham better be named MediChamp\n|c|\u2606Prankbox454|No nicknames :Sadge:\n|c| FriedBeaver01|Probably\n|c| FriedBeaver01|:angery:\n|\n|t:|1699219280\n|move|p1b: Medicham|Skill Swap|p1a: Regigigas\n|-activate|p1b: Medicham|move: Skill Swap|||[of] p1a: Regigigas\n|-end|p1a: Regigigas|Slow Start|[silent]\n|-start|p1b: Medicham|ability: Slow Start\n|move|p1a: Regigigas|Knock Off|p2b: Skeledirge\n|-supereffective|p2b: Skeledirge\n|-damage|p2b: Skeledirge|0 fnt\n|-enditem|p2b: Skeledirge|Leftovers|[from] move: Knock Off|[of] p1a: Regigigas\n|faint|p2b: Skeledirge\n|move|p2a: Dusclops|Trick Room|p2a: Dusclops\n|-fieldstart|move: Trick Room|[of] p2a: Dusclops\n|\n|upkeep\n|c| FriedBeaver01|I knew it\n|c|\u2606Prankbox454|:smug:\n|c|\u2606bubbybean|Yeah same lol\n|c|\u2606Prankbox454|Yet i got a free kill still\n|c|\u2606bubbybean|Real\n|c| FriedBeaver01|Yes but he got to setup for free\n|c| FriedBeaver01|what you gonna do now?\n|c|\u2606Prankbox454|We'll see if that'll matter\n|c|\u2606Prankbox454|:smug:\n|\n|t:|1699219331\n|switch|p2b: Basculegion|Basculegion, M|100\/100\n|turn|2\n|c| FriedBeaver01|Why Basculegion?\n|c|\u2606bubbybean|Hey now, I'm new to this pokemon stuff lol\n|c| FriedBeaver01|Ok that\u2019s fair\n|c|\u2606bubbybean|He's cool\n|c|\u2606Prankbox454|True\n|c| FriedBeaver01|Yeah Basculegion is pretty rad\n|\n|t:|1699219425\n|-end|p1b: Medicham|Slow Start|[silent]\n|switch|p1b: Clefairy|Clefairy, M|100\/100\n|move|p1a: Regigigas|Protect|p1a: Regigigas\n|-singleturn|p1a: Regigigas|Protect\n|move|p2a: Dusclops|Will-O-Wisp|p1a: Regigigas\n|-activate|p1a: Regigigas|move: Protect\n|move|p2b: Basculegion|Phantom Force||[still]\n|-prepare|p2b: Basculegion|Phantom Force\n|\n|upkeep\n|turn|3\n|c|\u2606Prankbox454|wait\n|c|\u2606Prankbox454|Check this out\n|\n|t:|1699219494\n|move|p2a: Dusclops|Helping Hand|p2b: Basculegion\n|-singleturn|p2b: Basculegion|Helping Hand|[of] p2a: Dusclops\n|move|p1b: Clefairy|Follow Me|p1b: Clefairy\n|-singleturn|p1b: Clefairy|move: Follow Me\n|move|p2b: Basculegion|Phantom Force|p1b: Clefairy|[from]lockedmove\n|-damage|p1b: Clefairy|20\/100\n|-damage|p2b: Basculegion|91\/100|[from] item: Life Orb\n|move|p1a: Regigigas|Power-Up Punch|p1b: Clefairy\n|-resisted|p1b: Clefairy\n|-damage|p1b: Clefairy|6\/100\n|-boost|p1a: Regigigas|atk|1\n|\n|upkeep\n|turn|4\n|c| FriedBeaver01|Lol\n|c|\u2606Prankbox454|:smug:\n|c|\u2606bubbybean|You almost killed it lmao\n|c| FriedBeaver01|The PUP on your Clefairy\n|c|\u2606Prankbox454|But he's a killing machine now\n|c|\u2606Prankbox454|Good luck getting rid of it\n|c|\u2606bubbybean|True\n|c| FriedBeaver01|I\u2019m imagining your Regi giving a punch to your Clefairy and Clefairy is like: \u201cthis is fine\u201d\n|\n|t:|1699219578\n|move|p2b: Basculegion|Protect|p2b: Basculegion\n|-singleturn|p2b: Basculegion|Protect\n|move|p1b: Clefairy|Follow Me|p1b: Clefairy\n|-singleturn|p1b: Clefairy|move: Follow Me\n|move|p2a: Dusclops|Will-O-Wisp|p1b: Clefairy\n|-status|p1b: Clefairy|brn\n|move|p1a: Regigigas|Knock Off|p2b: Basculegion\n|-activate|p2b: Basculegion|move: Protect\n|\n|-damage|p1b: Clefairy|0 fnt|[from] brn\n|faint|p1b: Clefairy\n|upkeep\n|c|\u2606Prankbox454|oops\n|c|\u2606bubbybean|lol\n|c| FriedBeaver01|Should have gone for the Dusclops\n|c|\u2606Prankbox454|yea\n|c| FriedBeaver01|Also I just realized bubby is running a full Ghost team\n|\n|t:|1699219631\n|switch|p1b: Tornadus|Tornadus, M|100\/100\n|turn|5\n|c|\u2606bubbybean|Yeah\n|c|\u2606Prankbox454|ok so ya'll probably knew the Medi thing at the start\n|c|\u2606Prankbox454|But check THIS out\n|\n|t:|1699219665\n|move|p1a: Regigigas|Protect|p1a: Regigigas\n|-singleturn|p1a: Regigigas|Protect\n|move|p2a: Dusclops|Will-O-Wisp|p1a: Regigigas\n|-activate|p1a: Regigigas|move: Protect\n|move|p2b: Basculegion|Wave Crash|p1a: Regigigas\n|-activate|p1a: Regigigas|move: Protect\n|move|p1b: Tornadus|Role Play|p1a: Regigigas\n|-endability|p1b: Tornadus|Defiant|[from] move: Role Play\n|-ability|p1b: Tornadus|Pure Power|[from] move: Role Play|[of] p1a: Regigigas\n|\n|-fieldend|move: Trick Room\n|upkeep\n|turn|6\n|c|\u2606bubbybean|Aw shoot\n|c|\u2606Prankbox454|:smug:\n|c| FriedBeaver01|Nice\n|c|\u2606bubbybean|:invertedpenis:\n|c| FriedBeaver01|Out of curiosity\n|c|\u2606Prankbox454|lol what?\n|c| FriedBeaver01|what number is you Regi\u2019s attack atm?\n|\n|t:|1699219712\n|-terastallize|p1b: Tornadus|Flying\n|move|p2a: Dusclops|Helping Hand|p2b: Basculegion\n|-singleturn|p2b: Basculegion|Helping Hand|[of] p2a: Dusclops\n|move|p1b: Tornadus|Acrobatics|p2b: Basculegion\n|-damage|p2b: Basculegion|13\/100\n|move|p1a: Regigigas|Knock Off|p2a: Dusclops\n|-supereffective|p2a: Dusclops\n|-damage|p2a: Dusclops|0 fnt\n|-enditem|p2a: Dusclops|Eviolite|[from] move: Knock Off|[of] p1a: Regigigas\n|faint|p2a: Dusclops\n|move|p2b: Basculegion|Wave Crash|p1a: Regigigas\n|-damage|p1a: Regigigas|0 fnt\n|faint|p1a: Regigigas\n|-damage|p2b: Basculegion|0 fnt|[from] Recoil\n|faint|p2b: Basculegion\n|\n|upkeep\n|c|\u2606Prankbox454|welp\n|c|\u2606Prankbox454|Rip Regi\n|c|\u2606bubbybean|F\n|c| FriedBeaver01|What stat was his atk?\n|c|\u2606bubbybean|$2\n|c| FriedBeaver01|Bruh\n|\n|t:|1699219774\n|switch|p1a: Kingambit|Kingambit, M|100\/100\n|switch|p2b: Flutter Mane|Flutter Mane|100\/100\n|switch|p2a: Dragapult|Dragapult, F, shiny|100\/100\n|-enditem|p2b: Flutter Mane|Booster Energy\n|-activate|p2b: Flutter Mane|ability: Protosynthesis|[fromitem]\n|-start|p2b: Flutter Mane|protosynthesisspe\n|turn|7\n|c|\u2606bubbybean|Hello?\n|c|\u2606bubbybean|Oh\n|\n|t:|1699219814\n|-terastallize|p2a: Dragapult|Steel\n|move|p2b: Flutter Mane|Protect|p2b: Flutter Mane\n|-singleturn|p2b: Flutter Mane|Protect\n|move|p1b: Tornadus|Protect|p1b: Tornadus\n|-singleturn|p1b: Tornadus|Protect\n|move|p2a: Dragapult|Tera Blast|p1a: Kingambit|[anim] Tera Blast Steel\n|-resisted|p1a: Kingambit\n|-damage|p1a: Kingambit|85\/100\n|move|p1a: Kingambit|Swords Dance|p1a: Kingambit\n|-boost|p1a: Kingambit|atk|2\n|\n|upkeep\n|turn|8\n|c|\u2606Prankbox454|um\n|c| FriedBeaver01|Lol wut?\n|c|\u2606Prankbox454|I thought my Mirror Herb would activate\n|c|\u2606Prankbox454|On Tornadus\n|c|\u2606bubbybean|Ohp\n|c|\u2606Prankbox454|Good way to figure out game mechanics :P\n|\n|t:|1699219886\n|move|p1a: Kingambit|Sucker Punch|p2b: Flutter Mane\n|-damage|p2b: Flutter Mane|0 fnt\n|faint|p2b: Flutter Mane\n|-end|p2b: Flutter Mane|Protosynthesis|[silent]\n|move|p2a: Dragapult|Phantom Force||[still]\n|-prepare|p2a: Dragapult|Phantom Force\n|move|p1b: Tornadus|Superpower|p2a: Dragapult|[miss]\n|-miss|p1b: Tornadus|p2a: Dragapult\n|\n|upkeep\n|\n|t:|1699219901\n|switch|p2b: Sinistcha|Sinistcha|100\/100\n|turn|9\n|\n|t:|1699219960\n|move|p2b: Sinistcha|Rage Powder|p2b: Sinistcha\n|-singleturn|p2b: Sinistcha|move: Rage Powder\n|move|p2a: Dragapult|Phantom Force|p1a: Kingambit|[from]lockedmove\n|-resisted|p1a: Kingambit\n|-damage|p1a: Kingambit|65\/100\n|move|p1b: Tornadus|Acrobatics|p2b: Sinistcha\n|-supereffective|p2b: Sinistcha\n|-damage|p2b: Sinistcha|0 fnt\n|faint|p2b: Sinistcha\n|move|p1a: Kingambit|Swords Dance|p1a: Kingambit\n|-boost|p1a: Kingambit|atk|2\n|\n|upkeep\n|turn|10\n|c|\u2606Prankbox454|So\n|c|\u2606Prankbox454|You feel like attacking?\n|c|\u2606bubbybean|RAHHHHH\n|\n|t:|1699220005\n|move|p1a: Kingambit|Sucker Punch|p2a: Dragapult\n|-enditem|p2a: Dragapult|Focus Sash\n|-damage|p2a: Dragapult|1\/100\n|move|p2a: Dragapult|Dragon Darts|p1a: Kingambit\n|-resisted|p1a: Kingambit\n|-damage|p1a: Kingambit|55\/100\n|-anim|p2a: Dragapult|Dragon Darts|p1b: Tornadus\n|-damage|p1b: Tornadus|62\/100\n|move|p1b: Tornadus|Superpower|p2a: Dragapult\n|-supereffective|p2a: Dragapult\n|-damage|p2a: Dragapult|0 fnt\n|-unboost|p1b: Tornadus|atk|1\n|-unboost|p1b: Tornadus|def|1\n|faint|p2a: Dragapult\n|\n|win|Prankbox454\n|c|\u2606bubbybean|Lol\n|c| FriedBeaver01|Prank\n|c|\u2606Prankbox454|gg\n|c| FriedBeaver01|wanna play next round?\n|c|\u2606bubbybean|Yeah lmao\n|c|\u2606Prankbox454|Sure\n|c| FriedBeaver01|Nice\n|c|\u2606Prankbox454|Ig it's me vs Fried now\n|l| FriedBeaver01\n","uploadtime":1699220037,"views":5,"p1id":"prankbox454","p2id":"bubbybean","formatid":"gen9nationaldexdoubles","rating":0,"private":0,"password":""}