{"id":"gen9nationaldexdoubles-1972054475","p1":"kitsu-aria","p2":"Zingk","format":"[Gen 9] National Dex Doubles","log":"|j|\u2606kitsu-aria\n|j|\u2606Zingk\n|t:|1697808916\n|gametype|doubles\n|player|p1|kitsu-aria|alec-anime|1484\n|player|p2|Zingk|swimmerf-gen4|1596\n|teamsize|p1|6\n|teamsize|p2|6\n|gen|9\n|tier|[Gen 9] National Dex Doubles\n|rated|\n|rule|HP Percentage Mod: HP is shown in percentages\n|rule|Endless Battle Clause: Forcing endless battles is banned\n|rule|OHKO Clause: OHKO moves are banned\n|rule|Evasion Moves Clause: Evasion moves are banned\n|rule|Evasion Abilities Clause: Evasion abilities are banned\n|rule|Species Clause: Limit one of each Pok\u00e9mon\n|rule|Gravity Sleep Clause: The combination of sleep-inducing moves with imperfect accuracy and Gravity or Gigantamax Orbeetle are banned\n|clearpoke\n|poke|p1|Weezing-Galar, F|\n|poke|p1|Palafin, F|\n|poke|p1|Tornadus, M|\n|poke|p1|Kingambit, F|\n|poke|p1|Diancie|\n|poke|p1|Zygarde|\n|poke|p2|Sinistcha-Masterpiece|\n|poke|p2|Stakataka|\n|poke|p2|Okidogi, M|\n|poke|p2|Incineroar, F|\n|poke|p2|Palafin, F|\n|poke|p2|Ampharos, F|\n|teampreview\n|inactive|Battle timer is ON: inactive players will automatically lose when time's up. (requested by Zingk)\n|inactive|Zingk has 120 seconds left.\n|\n|t:|1697808948\n|start\n|switch|p1a: Diancie|Diancie|100\/100\n|switch|p1b: Kingambit|Kingambit, F|100\/100\n|switch|p2a: Stakataka|Stakataka|100\/100\n|switch|p2b: Palafin|Palafin, F|100\/100\n|turn|1\n|inactive|Zingk has 120 seconds left.\n|\n|t:|1697808985\n|-terastallize|p1b: Kingambit|Dark\n|-terastallize|p2a: Stakataka|Ghost\n|move|p2b: Palafin|Protect|p2b: Palafin\n|-singleturn|p2b: Palafin|Protect\n|move|p1a: Diancie|Diamond Storm|p2a: Stakataka|[spread] p2a\n|-activate|p2b: Palafin|move: Protect\n|-damage|p2a: Stakataka|85\/100\n|-boost|p1a: Diancie|def|2\n|move|p1b: Kingambit|Kowtow Cleave|p2a: Stakataka\n|-supereffective|p2a: Stakataka\n|-damage|p2a: Stakataka|0 fnt\n|faint|p2a: Stakataka\n|\n|upkeep\n|\n|t:|1697808997\n|switch|p2a: Okidogi|Okidogi, M|100\/100\n|turn|2\n|inactive|Zingk has 120 seconds left.\n|\n|t:|1697809022\n|detailschange|p2b: Palafin|Palafin-Hero, F\n|switch|p2b: Incineroar|Incineroar, F|100\/100\n|-ability|p2b: Incineroar|Intimidate|boost\n|-fail|p1a: Diancie|unboost|[from] ability: Clear Body|[of] p1a: Diancie\n|-unboost|p1b: Kingambit|atk|1\n|-ability|p1b: Kingambit|Defiant|boost\n|-boost|p1b: Kingambit|atk|2\n|switch|p1b: Palafin|Palafin, F|100\/100\n|move|p2a: Okidogi|Drain Punch|p1b: Palafin\n|-damage|p1b: Palafin|51\/100\n|move|p1a: Diancie|Diamond Storm|p2a: Okidogi|[spread] p2a,p2b\n|-resisted|p2a: Okidogi\n|-supereffective|p2b: Incineroar\n|-damage|p2a: Okidogi|90\/100\n|-damage|p2b: Incineroar|59\/100\n|-boost|p1a: Diancie|def|2\n|\n|upkeep\n|turn|3\n|inactive|Zingk has 120 seconds left.\n|\n|t:|1697809054\n|detailschange|p1b: Palafin|Palafin-Hero, F\n|switch|p1b: Weezing|Weezing-Galar, F|100\/100\n|-ability|p1b: Weezing|Neutralizing Gas\n|switch|p2b: Sinistcha|Sinistcha-Masterpiece|100\/100\n|move|p2a: Okidogi|Drain Punch|p1b: Weezing\n|-resisted|p1b: Weezing\n|-damage|p1b: Weezing|92\/100\n|-heal|p2a: Okidogi|94\/100|[from] drain|[of] p1b: Weezing\n|move|p1a: Diancie|Diamond Storm|p2b: Sinistcha|[spread] p2a\n|-miss|p1a: Diancie|p2b: Sinistcha\n|-resisted|p2a: Okidogi\n|-damage|p2a: Okidogi|84\/100\n|\n|-heal|p1b: Weezing|98\/100|[from] item: Leftovers\n|upkeep\n|turn|4\n|inactive|Zingk has 120 seconds left.\n|\n|t:|1697809077\n|switch|p1a: Tornadus|Tornadus, M|100\/100\n|move|p2a: Okidogi|High Horsepower|p1b: Weezing\n|-supereffective|p1b: Weezing\n|-damage|p1b: Weezing|32\/100\n|move|p2b: Sinistcha|Matcha Gotcha|p1b: Weezing|[spread] p1a,p1b\n|-resisted|p1a: Tornadus\n|-resisted|p1b: Weezing\n|-damage|p1a: Tornadus|79\/100\n|-damage|p1b: Weezing|17\/100\n|-status|p1b: Weezing|brn\n|move|p1b: Weezing|Will-O-Wisp|p2a: Okidogi|[miss]\n|-miss|p1b: Weezing|p2a: Okidogi\n|\n|-heal|p1b: Weezing|23\/100 brn|[from] item: Leftovers\n|-damage|p1b: Weezing|17\/100 brn|[from] brn\n|upkeep\n|turn|5\n|inactive|Zingk has 120 seconds left.\n|\n|t:|1697809101\n|switch|p2a: Incineroar|Incineroar, F|59\/100\n|switch|p2b: Ampharos|Ampharos, F|100\/100\n|move|p1b: Weezing|Protect|p1b: Weezing\n|-singleturn|p1b: Weezing|Protect\n|move|p1a: Tornadus|Tailwind|p1a: Tornadus\n|-sidestart|p1: kitsu-aria|move: Tailwind\n|\n|-heal|p1b: Weezing|23\/100 brn|[from] item: Leftovers\n|-damage|p1b: Weezing|17\/100 brn|[from] brn\n|upkeep\n|turn|6\n|\n|t:|1697809118\n|switch|p1a: Kingambit|Kingambit, F, tera:Dark|100\/100\n|detailschange|p2b: Ampharos|Ampharos-Mega, F\n|-mega|p2b: Ampharos|Ampharos|Ampharosite\n|move|p1b: Weezing|Aromatic Mist|p1a: Kingambit\n|-boost|p1a: Kingambit|spd|1\n|move|p2a: Incineroar|Flare Blitz|p1b: Weezing\n|-damage|p1b: Weezing|0 fnt\n|faint|p1b: Weezing\n|-end|p1b: Weezing|ability: Neutralizing Gas\n|-ability|p2a: Incineroar|Intimidate|boost\n|-unboost|p1a: Kingambit|atk|1\n|-ability|p1a: Kingambit|Defiant|boost\n|-boost|p1a: Kingambit|atk|2\n|-ability|p2b: Ampharos|Mold Breaker\n|-damage|p2a: Incineroar|55\/100|[from] Recoil\n|move|p2b: Ampharos|Volt Switch|p1a: Kingambit\n|-damage|p1a: Kingambit|69\/100\n|\n|t:|1697809118\n|switch|p2b: Okidogi|Okidogi, M|84\/100|[from] Volt Switch\n|\n|upkeep\n|\n|t:|1697809140\n|switch|p1b: Tornadus|Tornadus, M|79\/100\n|turn|7\n|\n|t:|1697809153\n|-zpower|p1b: Tornadus\n|move|p1b: Tornadus|Supersonic Skystrike|p2b: Okidogi|[zeffect]\n|-supereffective|p2b: Okidogi\n|-damage|p2b: Okidogi|0 fnt\n|faint|p2b: Okidogi\n|move|p1a: Kingambit|Kowtow Cleave|p2a: Incineroar\n|-resisted|p2a: Incineroar\n|-damage|p2a: Incineroar|6\/100\n|-enditem|p2a: Incineroar|Figy Berry|[eat]\n|-heal|p2a: Incineroar|39\/100|[from] item: Figy Berry\n|move|p2a: Incineroar|Parting Shot|p1b: Tornadus\n|-unboost|p1b: Tornadus|atk|1\n|-unboost|p1b: Tornadus|spa|1\n|\n|t:|1697809162\n|switch|p2a: Palafin|Palafin-Hero, F|100\/100|[from] Parting Shot\n|-activate|p2a: Palafin|ability: Zero to Hero\n|\n|upkeep\n|\n|t:|1697809170\n|switch|p2b: Ampharos|Ampharos-Mega, F|100\/100\n|-ability|p2b: Ampharos|Mold Breaker\n|turn|8\n|\n|t:|1697809176\n|move|p2b: Ampharos|Protect|p2b: Ampharos\n|-singleturn|p2b: Ampharos|Protect\n|move|p1a: Kingambit|Sucker Punch||[still]\n|-fail|p1a: Kingambit\n|move|p1b: Tornadus|Bleakwind Storm|p2a: Palafin|[spread] p2a\n|-activate|p2b: Ampharos|move: Protect\n|-damage|p2a: Palafin|72\/100\n|move|p2a: Palafin|Bulk Up|p2a: Palafin\n|-boost|p2a: Palafin|atk|1\n|-boost|p2a: Palafin|def|1\n|\n|-heal|p2a: Palafin|78\/100|[from] item: Leftovers\n|-sideend|p1: kitsu-aria|move: Tailwind\n|upkeep\n|turn|9\n|\n|t:|1697809196\n|move|p1b: Tornadus|Taunt|p2a: Palafin\n|-start|p2a: Palafin|move: Taunt\n|move|p2a: Palafin|Jet Punch|p1a: Kingambit\n|-damage|p1a: Kingambit|21\/100\n|move|p1a: Kingambit|Kowtow Cleave|p2b: Ampharos\n|-damage|p2b: Ampharos|0 fnt\n|faint|p2b: Ampharos\n|\n|-heal|p2a: Palafin|85\/100|[from] item: Leftovers\n|upkeep\n|\n|t:|1697809207\n|switch|p2b: Sinistcha|Sinistcha-Masterpiece|100\/100\n|-heal|p2a: Palafin|100\/100|[from] ability: Hospitality|[of] p2b: Sinistcha\n|turn|10\n|\n|t:|1697809212\n|move|p2a: Palafin|Jet Punch|p1a: Kingambit\n|-damage|p1a: Kingambit|0 fnt\n|faint|p1a: Kingambit\n|move|p1b: Tornadus|Bleakwind Storm|p2a: Palafin|[spread] p2a,p2b\n|-supereffective|p2b: Sinistcha\n|-damage|p2a: Palafin|75\/100\n|-damage|p2b: Sinistcha|35\/100\n|-enditem|p2b: Sinistcha|Sitrus Berry|[eat]\n|-heal|p2b: Sinistcha|59\/100|[from] item: Sitrus Berry\n|move|p2b: Sinistcha|Trick Room|p2b: Sinistcha\n|-fieldstart|move: Trick Room|[of] p2b: Sinistcha\n|\n|-heal|p2a: Palafin|81\/100|[from] item: Leftovers\n|upkeep\n|\n|t:|1697809223\n|switch|p1a: Diancie|Diancie|100\/100\n|turn|11\n|\n|t:|1697809234\n|move|p2b: Sinistcha|Matcha Gotcha|p1a: Diancie|[spread] p1a,p1b\n|-supereffective|p1a: Diancie\n|-resisted|p1b: Tornadus\n|-damage|p1a: Diancie|61\/100\n|-heal|p2b: Sinistcha|77\/100|[from] drain|[of] p1a: Diancie\n|-damage|p1b: Tornadus|59\/100\n|-heal|p2b: Sinistcha|86\/100|[from] drain|[of] p1b: Tornadus\n|move|p2a: Palafin|Ice Punch|p1b: Tornadus\n|-supereffective|p1b: Tornadus\n|-damage|p1b: Tornadus|0 fnt\n|faint|p1b: Tornadus\n|move|p1a: Diancie|Trick Room|p1a: Diancie\n|-fieldend|move: Trick Room\n|\n|-heal|p2a: Palafin|87\/100|[from] item: Leftovers\n|-heal|p1a: Diancie|67\/100|[from] item: Leftovers\n|-end|p2a: Palafin|move: Taunt\n|upkeep\n|\n|t:|1697809245\n|switch|p1b: Zygarde|Zygarde|100\/100\n|-ability|p1b: Zygarde|Aura Break\n|turn|12\n|\n|t:|1697809251\n|move|p1b: Zygarde|Thousand Arrows|p2a: Palafin|[spread] p2a,p2b\n|-resisted|p2b: Sinistcha\n|-damage|p2a: Palafin|63\/100\n|-damage|p2b: Sinistcha|66\/100\n|move|p2a: Palafin|Ice Punch|p1b: Zygarde\n|-supereffective|p1b: Zygarde\n|-damage|p1b: Zygarde|0 fnt\n|faint|p1b: Zygarde\n|move|p2b: Sinistcha|Matcha Gotcha|p1a: Diancie\n|-supereffective|p1a: Diancie\n|-damage|p1a: Diancie|14\/100\n|-heal|p2b: Sinistcha|90\/100|[from] drain|[of] p1a: Diancie\n|move|p1a: Diancie|Diamond Storm|p2a: Palafin|[spread] p2a,p2b\n|-damage|p2a: Palafin|49\/100\n|-damage|p2b: Sinistcha|64\/100\n|\n|-heal|p2a: Palafin|55\/100|[from] item: Leftovers\n|-heal|p1a: Diancie|20\/100|[from] item: Leftovers\n|upkeep\n|-message|kitsu-aria forfeited.\n|\n|win|Zingk\n|raw|kitsu-aria's rating: 1484 &rarr; <strong>1470<\/strong><br \/>(-14 for losing)\n|raw|Zingk's rating: 1596 &rarr; <strong>1610<\/strong><br \/>(+14 for winning)\n","uploadtime":1697809280,"views":11,"p1id":"kitsuaria","p2id":"zingk","formatid":"gen9nationaldexdoubles","rating":1470,"private":0,"password":""}