{"id":"gen9nationaldexdoubles-1957976845","p1":"LylatWarrior","p2":"Kalosstarterslover","format":"[Gen 9] National Dex Doubles","log":"|j|\u2606LylatWarrior\n|j|\u2606Kalosstarterslover\n|t:|1696277288\n|gametype|doubles\n|player|p1|LylatWarrior|pokemonranger|1019\n|player|p2|Kalosstarterslover|wallace|1035\n|teamsize|p1|6\n|teamsize|p2|6\n|gen|9\n|tier|[Gen 9] National Dex Doubles\n|rated|\n|rule|HP Percentage Mod: HP is shown in percentages\n|rule|Endless Battle Clause: Forcing endless battles is banned\n|rule|OHKO Clause: OHKO moves are banned\n|rule|Evasion Moves Clause: Evasion moves are banned\n|rule|Evasion Abilities Clause: Evasion abilities are banned\n|rule|Species Clause: Limit one of each Pok\u00e9mon\n|rule|Gravity Sleep Clause: The combination of sleep-inducing moves with imperfect accuracy and Gravity or Gigantamax Orbeetle are banned\n|clearpoke\n|poke|p1|Tyranitar, M|\n|poke|p1|Garchomp, F|\n|poke|p1|Corviknight, M|\n|poke|p1|Swampert, M|\n|poke|p1|Landorus-Therian, M|\n|poke|p1|Garganacl, M|\n|poke|p2|Umbreon, F|\n|poke|p2|Tyranitar, M|\n|poke|p2|Toxapex, F|\n|poke|p2|Clefable, M|\n|poke|p2|Pawmot, M|\n|poke|p2|Clodsire, F|\n|teampreview\n|c|\u2606LylatWarrior|My last opponent fled from fear. Don't disappoint me.\n|\n|t:|1696277320\n|start\n|switch|p1a: Technoblade|Garganacl, M, shiny|100\/100\n|switch|p1b: Nevermore|Corviknight, M|100\/100\n|switch|p2a: Pawmot|Pawmot, M, shiny|100\/100\n|switch|p2b: Clodsire|Clodsire, F, shiny|100\/100\n|-item|p2b: Clodsire|Air Balloon\n|turn|1\n|c|\u2606LylatWarrior|Also, Delphox ftw.\n|\n|t:|1696277354\n|-terastallize|p2a: Pawmot|Flying\n|-terastallize|p1a: Technoblade|Water\n|move|p2a: Pawmot|Sweet Kiss|p1b: Nevermore|[miss]\n|-miss|p2a: Pawmot|p1b: Nevermore\n|move|p1b: Nevermore|Tailwind|p1b: Nevermore\n|-sidestart|p1: LylatWarrior|move: Tailwind\n|move|p1a: Technoblade|Body Press|p2a: Pawmot\n|-resisted|p2a: Pawmot\n|-damage|p2a: Pawmot|83\/100\n|move|p2b: Clodsire|Spikes|p1b: Nevermore\n|-sidestart|p1: LylatWarrior|Spikes\n|\n|upkeep\n|turn|2\n|\n|t:|1696277390\n|move|p1b: Nevermore|Defog|p1a: Technoblade\n|-unboost|p1a: Technoblade|evasion|1\n|-sideend|p1: LylatWarrior|Spikes|[from] move: Defog|[of] p1b: Nevermore\n|move|p2a: Pawmot|Thunder Punch|p1a: Technoblade\n|-supereffective|p1a: Technoblade\n|-damage|p1a: Technoblade|66\/100\n|move|p1a: Technoblade|Salt Cure|p2b: Clodsire\n|-resisted|p2b: Clodsire\n|-damage|p2b: Clodsire|95\/100\n|-start|p2b: Clodsire|Salt Cure\n|-enditem|p2b: Clodsire|Air Balloon\n|move|p2b: Clodsire|Spikes|p1a: Technoblade\n|-sidestart|p1: LylatWarrior|Spikes\n|\n|-heal|p1a: Technoblade|73\/100|[from] item: Leftovers\n|-damage|p2b: Clodsire|82\/100|[from] Salt Cure\n|upkeep\n|turn|3\n|c|\u2606LylatWarrior|Wow, Defog blows in Gen 9. Someone at GF needs to be sacked ASAP.\n|\n|t:|1696277445\n|switch|p1b: Calrissian|Landorus-Therian, M|100\/100\n|-ability|p1b: Calrissian|Intimidate|boost\n|-unboost|p2a: Pawmot|atk|1\n|-unboost|p2b: Clodsire|atk|1\n|move|p2a: Pawmot|Thunder Punch|p1a: Technoblade\n|-supereffective|p1a: Technoblade\n|-damage|p1a: Technoblade|50\/100\n|move|p1a: Technoblade|Body Press|p2b: Clodsire\n|-resisted|p2b: Clodsire\n|-damage|p2b: Clodsire|69\/100\n|move|p2b: Clodsire|Toxic Spikes|p1a: Technoblade\n|-sidestart|p1: LylatWarrior|move: Toxic Spikes\n|\n|-heal|p1a: Technoblade|56\/100|[from] item: Leftovers\n|-damage|p2b: Clodsire|57\/100|[from] Salt Cure\n|upkeep\n|turn|4\n|\n|t:|1696277494\n|move|p1b: Calrissian|Smack Down|p2a: Pawmot\n|-supereffective|p2a: Pawmot\n|-damage|p2a: Pawmot|39\/100\n|-start|p2a: Pawmot|Smack Down\n|move|p2a: Pawmot|Thunder Punch|p1a: Technoblade\n|-supereffective|p1a: Technoblade\n|-damage|p1a: Technoblade|34\/100\n|move|p1a: Technoblade|Salt Cure|p2a: Pawmot\n|-supereffective|p2a: Pawmot\n|-damage|p2a: Pawmot|7\/100\n|-start|p2a: Pawmot|Salt Cure\n|move|p2b: Clodsire|Toxic Spikes|p1a: Technoblade\n|-sidestart|p1: LylatWarrior|move: Toxic Spikes\n|\n|-heal|p1a: Technoblade|40\/100|[from] item: Leftovers\n|-damage|p2a: Pawmot|0 fnt|[from] Salt Cure\n|faint|p2a: Pawmot\n|-damage|p2b: Clodsire|44\/100|[from] Salt Cure\n|-sideend|p1: LylatWarrior|move: Tailwind\n|upkeep\n|\n|t:|1696277513\n|switch|p2a: Umbreon|Umbreon, F, shiny|100\/100\n|turn|5\n|\n|t:|1696277538\n|move|p1b: Calrissian|Stealth Rock|p2a: Umbreon\n|-sidestart|p2: Kalosstarterslover|move: Stealth Rock\n|move|p2a: Umbreon|Reflect|p2a: Umbreon\n|-sidestart|p2: Kalosstarterslover|Reflect\n|move|p1a: Technoblade|Body Press|p2a: Umbreon\n|-supereffective|p2a: Umbreon\n|-damage|p2a: Umbreon|72\/100\n|move|p2b: Clodsire|Toxic|p1b: Calrissian\n|-status|p1b: Calrissian|tox\n|\n|-heal|p2a: Umbreon|78\/100|[from] item: Leftovers\n|-heal|p1a: Technoblade|47\/100|[from] item: Leftovers\n|-damage|p1b: Calrissian|95\/100 tox|[from] psn\n|-damage|p2b: Clodsire|32\/100|[from] Salt Cure\n|upkeep\n|turn|6\n|\n|t:|1696277580\n|move|p1b: Calrissian|Earthquake|p2a: Umbreon|[spread] p1a,p2a,p2b\n|-supereffective|p2b: Clodsire\n|-damage|p1a: Technoblade|23\/100\n|-damage|p2a: Umbreon|57\/100\n|-damage|p2b: Clodsire|0 fnt\n|faint|p2b: Clodsire\n|move|p2a: Umbreon|Light Screen|p2a: Umbreon\n|-sidestart|p2: Kalosstarterslover|move: Light Screen\n|move|p1a: Technoblade|Salt Cure|p2a: Umbreon\n|-damage|p2a: Umbreon|51\/100\n|-start|p2a: Umbreon|Salt Cure\n|\n|-heal|p2a: Umbreon|57\/100|[from] item: Leftovers\n|-heal|p1a: Technoblade|29\/100|[from] item: Leftovers\n|-damage|p1b: Calrissian|83\/100 tox|[from] psn\n|-damage|p2a: Umbreon|45\/100|[from] Salt Cure\n|upkeep\n|\n|t:|1696277596\n|switch|p2b: Toxapex|Toxapex, F, shiny|100\/100\n|-damage|p2b: Toxapex|88\/100|[from] Stealth Rock\n|turn|7\n|\n|t:|1696277624\n|move|p1b: Calrissian|Smack Down|p2a: Umbreon\n|-damage|p2a: Umbreon|36\/100\n|move|p2a: Umbreon|Moonlight|p2a: Umbreon\n|-heal|p2a: Umbreon|86\/100\n|move|p2b: Toxapex|Toxic Spikes||[still]\n|-fail|p2b: Toxapex\n|move|p1a: Technoblade|Salt Cure|p2b: Toxapex\n|-damage|p2b: Toxapex|82\/100\n|-start|p2b: Toxapex|Salt Cure\n|\n|-heal|p2a: Umbreon|92\/100|[from] item: Leftovers\n|-heal|p2b: Toxapex|88\/100|[from] item: Black Sludge\n|-heal|p1a: Technoblade|36\/100|[from] item: Leftovers\n|-damage|p1b: Calrissian|65\/100 tox|[from] psn\n|-damage|p2a: Umbreon|80\/100|[from] Salt Cure\n|-damage|p2b: Toxapex|63\/100|[from] Salt Cure\n|upkeep\n|turn|8\n|\n|t:|1696277650\n|switch|p1b: Gojira|Tyranitar, M|100\/100\n|-damage|p1b: Gojira|88\/100|[from] Spikes\n|-status|p1b: Gojira|tox\n|-weather|Sandstorm|[from] ability: Sand Stream|[of] p1b: Gojira\n|move|p2b: Toxapex|Baneful Bunker|p2b: Toxapex\n|-singleturn|p2b: Toxapex|move: Protect\n|move|p2a: Umbreon|Toxic|p1a: Technoblade\n|-immune|p1a: Technoblade|[from] ability: Purifying Salt\n|move|p1a: Technoblade|Recover|p1a: Technoblade\n|-heal|p1a: Technoblade|86\/100\n|\n|-weather|Sandstorm|[upkeep]\n|-damage|p2a: Umbreon|73\/100|[from] Sandstorm\n|-damage|p2b: Toxapex|57\/100|[from] Sandstorm\n|-damage|p1a: Technoblade|79\/100|[from] Sandstorm\n|-heal|p2a: Umbreon|80\/100|[from] item: Leftovers\n|-heal|p1a: Technoblade|86\/100|[from] item: Leftovers\n|-heal|p2b: Toxapex|63\/100|[from] item: Black Sludge\n|-damage|p1b: Gojira|82\/100 tox|[from] psn\n|-damage|p2a: Umbreon|67\/100|[from] Salt Cure\n|-damage|p2b: Toxapex|38\/100|[from] Salt Cure\n|upkeep\n|turn|9\n|\n|t:|1696277684\n|switch|p2b: Clefable|Clefable, M, shiny|100\/100\n|move|p1b: Gojira|Dragon Dance|p1b: Gojira\n|-boost|p1b: Gojira|atk|1\n|-boost|p1b: Gojira|spe|1\n|move|p2a: Umbreon|Moonlight|p2a: Umbreon\n|-heal|p2a: Umbreon|92\/100\n|move|p1a: Technoblade|Body Press|p2a: Umbreon\n|-supereffective|p2a: Umbreon\n|-damage|p2a: Umbreon|62\/100\n|\n|-weather|Sandstorm|[upkeep]\n|-damage|p2a: Umbreon|56\/100|[from] Sandstorm\n|-damage|p1a: Technoblade|79\/100|[from] Sandstorm\n|-heal|p2a: Umbreon|62\/100|[from] item: Leftovers\n|-heal|p1a: Technoblade|86\/100|[from] item: Leftovers\n|-damage|p1b: Gojira|70\/100 tox|[from] psn\n|-damage|p2a: Umbreon|49\/100|[from] Salt Cure\n|-sideend|p2: Kalosstarterslover|Reflect\n|upkeep\n|turn|10\n|\n|t:|1696277713\n|move|p1b: Gojira|Stone Edge|p2a: Umbreon\n|-crit|p2a: Umbreon\n|-damage|p2a: Umbreon|0 fnt\n|faint|p2a: Umbreon\n|move|p2b: Clefable|Dazzling Gleam|p1b: Gojira|[spread] p1a,p1b\n|-supereffective|p1b: Gojira\n|-damage|p1a: Technoblade|67\/100\n|-damage|p1b: Gojira|43\/100 tox\n|move|p1a: Technoblade|Salt Cure|p2b: Clefable\n|-damage|p2b: Clefable|87\/100\n|-start|p2b: Clefable|Salt Cure\n|\n|-weather|Sandstorm|[upkeep]\n|-damage|p1a: Technoblade|61\/100|[from] Sandstorm\n|-heal|p1a: Technoblade|67\/100|[from] item: Leftovers\n|-damage|p1b: Gojira|25\/100 tox|[from] psn\n|-sideend|p2: Kalosstarterslover|move: Light Screen\n|upkeep\n|\n|t:|1696277730\n|switch|p2a: Toxapex|Toxapex, F, shiny|71\/100\n|-damage|p2a: Toxapex|59\/100|[from] Stealth Rock\n|turn|11\n|\n|t:|1696277739\n|move|p1b: Gojira|Iron Head|p2b: Clefable\n|-supereffective|p2b: Clefable\n|-damage|p2b: Clefable|4\/100\n|-enditem|p2b: Clefable|Sitrus Berry|[eat]\n|-heal|p2b: Clefable|29\/100|[from] item: Sitrus Berry\n|cant|p2b: Clefable|flinch\n|move|p1a: Technoblade|Salt Cure|p2a: Toxapex\n|-damage|p2a: Toxapex|49\/100\n|-start|p2a: Toxapex|Salt Cure\n|move|p2a: Toxapex|Recover|p2a: Toxapex\n|-heal|p2a: Toxapex|99\/100\n|\n|-weather|Sandstorm|[upkeep]\n|-damage|p2a: Toxapex|93\/100|[from] Sandstorm\n|-damage|p1a: Technoblade|61\/100|[from] Sandstorm\n|-heal|p2a: Toxapex|99\/100|[from] item: Black Sludge\n|-heal|p1a: Technoblade|67\/100|[from] item: Leftovers\n|-damage|p1b: Gojira|0 fnt|[from] psn\n|faint|p1b: Gojira\n|-damage|p2a: Toxapex|75\/100|[from] Salt Cure\n|upkeep\n|\n|t:|1696277766\n|switch|p1b: Gura|Garchomp, F|100\/100\n|-damage|p1b: Gura|88\/100|[from] Spikes\n|-status|p1b: Gura|tox\n|turn|12\n|\n|t:|1696277783\n|detailschange|p1b: Gura|Garchomp-Mega, F\n|-mega|p1b: Gura|Garchomp|Garchompite\n|move|p1b: Gura|Iron Head|p2b: Clefable\n|-supereffective|p2b: Clefable\n|-damage|p2b: Clefable|0 fnt\n|faint|p2b: Clefable\n|move|p1a: Technoblade|Salt Cure|p2a: Toxapex\n|-damage|p2a: Toxapex|64\/100\n|move|p2a: Toxapex|Recover|p2a: Toxapex\n|-heal|p2a: Toxapex|100\/100\n|\n|-weather|none\n|-heal|p1a: Technoblade|73\/100|[from] item: Leftovers\n|-damage|p1b: Gura|82\/100 tox|[from] psn\n|-damage|p2a: Toxapex|76\/100|[from] Salt Cure\n|upkeep\n|\n|t:|1696277799\n|switch|p2b: Tyranitar|Tyranitar, M, shiny|100\/100\n|-damage|p2b: Tyranitar|88\/100|[from] Stealth Rock\n|-weather|Sandstorm|[from] ability: Sand Stream|[of] p2b: Tyranitar\n|turn|13\n|\n|t:|1696277810\n|move|p1b: Gura|Iron Head|p2b: Tyranitar\n|-supereffective|p2b: Tyranitar\n|-damage|p2b: Tyranitar|20\/100\n|-damage|p1b: Gura|65\/100 tox|[from] item: Rocky Helmet|[of] p2b: Tyranitar\n|cant|p2b: Tyranitar|flinch\n|move|p1a: Technoblade|Salt Cure|p2b: Tyranitar\n|-damage|p2b: Tyranitar|9\/100\n|-start|p2b: Tyranitar|Salt Cure\n|move|p2a: Toxapex|Liquidation|p1a: Technoblade\n|-resisted|p1a: Technoblade\n|-damage|p1a: Technoblade|68\/100\n|\n|-weather|Sandstorm|[upkeep]\n|-damage|p1a: Technoblade|61\/100|[from] Sandstorm\n|-damage|p2a: Toxapex|70\/100|[from] Sandstorm\n|-heal|p2a: Toxapex|76\/100|[from] item: Black Sludge\n|-heal|p1a: Technoblade|68\/100|[from] item: Leftovers\n|-damage|p1b: Gura|53\/100 tox|[from] psn\n|-damage|p2b: Tyranitar|0 fnt|[from] Salt Cure\n|faint|p2b: Tyranitar\n|-damage|p2a: Toxapex|51\/100|[from] Salt Cure\n|upkeep\n|turn|14\n|\n|t:|1696277834\n|move|p1b: Gura|Earthquake|p2a: Toxapex|[spread] p1a,p2a\n|-supereffective|p2a: Toxapex\n|-damage|p1a: Technoblade|35\/100\n|-damage|p2a: Toxapex|0 fnt\n|faint|p2a: Toxapex\n|\n|win|LylatWarrior\n|raw|LylatWarrior's rating: 1019 &rarr; <strong>1058<\/strong><br \/>(+39 for winning)\n|raw|Kalosstarterslover's rating: 1035 &rarr; <strong>1019<\/strong><br \/>(-16 for losing)\n|c|\u2606LylatWarrior|gg\n|l|\u2606Kalosstarterslover\n","uploadtime":1696277849,"views":10,"p1id":"lylatwarrior","p2id":"kalosstarterslover","formatid":"gen9nationaldexdoubles","rating":1019,"private":0,"password":""}