{"id":"gen9nationaldexdoubles-1964972519","p1":"Nickalip","p2":"Cristobalvaras","format":"[Gen 9] National Dex Doubles","log":"|j|\u2606Nickalip\n|j|\u2606Cristobalvaras\n|t:|1697032174\n|gametype|doubles\n|player|p1|Nickalip|steven|\n|player|p2|Cristobalvaras|hiker-gen4|\n|teamsize|p1|6\n|teamsize|p2|6\n|gen|9\n|tier|[Gen 9] National Dex Doubles\n|rule|HP Percentage Mod: HP is shown in percentages\n|rule|Endless Battle Clause: Forcing endless battles is banned\n|rule|OHKO Clause: OHKO moves are banned\n|rule|Evasion Moves Clause: Evasion moves are banned\n|rule|Evasion Abilities Clause: Evasion abilities are banned\n|rule|Species Clause: Limit one of each Pok\u00e9mon\n|rule|Gravity Sleep Clause: The combination of sleep-inducing moves with imperfect accuracy and Gravity or Gigantamax Orbeetle are banned\n|clearpoke\n|poke|p1|Iron Valiant|\n|poke|p1|Scizor, M|\n|poke|p1|Serperior, F|\n|poke|p1|Ceruledge, M|\n|poke|p1|Swampert, M|\n|poke|p1|Gardevoir, F|\n|poke|p2|Shuckle, M|\n|poke|p2|Dondozo, F|\n|poke|p2|Pachirisu, M|\n|poke|p2|Lucario, F|\n|poke|p2|Whimsicott, F|\n|poke|p2|Maushold-Four|\n|teampreview\n|inactive|Battle timer is ON: inactive players will automatically lose when time's up. (requested by Cristobalvaras)\n|\n|t:|1697032192\n|start\n|switch|p1a: Snake|Serperior, F, shiny|100\/100\n|switch|p1b: K\u0101v|Ceruledge, M|100\/100\n|switch|p2a: Lucario|Lucario, F|100\/100\n|switch|p2b: Whimsicott|Whimsicott, F|100\/100\n|turn|1\n|\n|t:|1697032207\n|move|p1a: Snake|Leaf Storm|p2a: Lucario\n|-resisted|p2a: Lucario\n|-damage|p2a: Lucario|59\/100\n|-boost|p1a: Snake|spa|2\n|move|p2b: Whimsicott|Beat Up|p2a: Lucario\n|-resisted|p2a: Lucario\n|-damage|p2a: Lucario|57\/100\n|-ability|p2a: Lucario|Justified|boost\n|-boost|p2a: Lucario|atk|1\n|-resisted|p2a: Lucario\n|-crit|p2a: Lucario\n|-damage|p2a: Lucario|55\/100\n|-ability|p2a: Lucario|Justified|boost\n|-boost|p2a: Lucario|atk|1\n|-resisted|p2a: Lucario\n|-damage|p2a: Lucario|53\/100\n|-ability|p2a: Lucario|Justified|boost\n|-boost|p2a: Lucario|atk|1\n|-resisted|p2a: Lucario\n|-damage|p2a: Lucario|53\/100\n|-ability|p2a: Lucario|Justified|boost\n|-boost|p2a: Lucario|atk|1\n|-resisted|p2a: Lucario\n|-damage|p2a: Lucario|50\/100\n|-ability|p2a: Lucario|Justified|boost\n|-boost|p2a: Lucario|atk|1\n|-resisted|p2a: Lucario\n|-damage|p2a: Lucario|49\/100\n|-ability|p2a: Lucario|Justified|boost\n|-boost|p2a: Lucario|atk|1\n|-hitcount|p2a: Lucario|6\n|move|p1b: K\u0101v|Bitter Blade|p2a: Lucario\n|-supereffective|p2a: Lucario\n|-damage|p2a: Lucario|0 fnt\n|faint|p2a: Lucario\n|\n|upkeep\n|\n|t:|1697032223\n|switch|p2a: Shuckle|Shuckle, M, shiny|100\/100\n|turn|2\n|\n|t:|1697032240\n|move|p2b: Whimsicott|Tailwind|p2b: Whimsicott\n|-sidestart|p2: Cristobalvaras|move: Tailwind\n|move|p1a: Snake|Leaf Storm|p2a: Shuckle\n|-damage|p2a: Shuckle|14\/100\n|-boost|p1a: Snake|spa|2\n|move|p1b: K\u0101v|Bitter Blade|p2b: Whimsicott\n|-supereffective|p2b: Whimsicott\n|-damage|p2b: Whimsicott|2\/100\n|move|p2a: Shuckle|Sticky Web|p1a: Snake\n|-sidestart|p1: Nickalip|move: Sticky Web\n|\n|-heal|p2b: Whimsicott|8\/100|[from] item: Leftovers\n|upkeep\n|turn|3\n|\n|t:|1697032270\n|move|p2a: Shuckle|Protect|p2a: Shuckle\n|-singleturn|p2a: Shuckle|Protect\n|move|p2b: Whimsicott|Beat Up|p1b: K\u0101v\n|-supereffective|p1b: K\u0101v\n|-damage|p1b: K\u0101v|97\/100\n|-ability|p1b: K\u0101v|Weak Armor|boost\n|-unboost|p1b: K\u0101v|def|1\n|-boost|p1b: K\u0101v|spe|2\n|-supereffective|p1b: K\u0101v\n|-damage|p1b: K\u0101v|88\/100\n|-ability|p1b: K\u0101v|Weak Armor|boost\n|-unboost|p1b: K\u0101v|def|1\n|-boost|p1b: K\u0101v|spe|2\n|-supereffective|p1b: K\u0101v\n|-damage|p1b: K\u0101v|79\/100\n|-ability|p1b: K\u0101v|Weak Armor|boost\n|-unboost|p1b: K\u0101v|def|1\n|-boost|p1b: K\u0101v|spe|2\n|-supereffective|p1b: K\u0101v\n|-damage|p1b: K\u0101v|61\/100\n|-ability|p1b: K\u0101v|Weak Armor|boost\n|-unboost|p1b: K\u0101v|def|1\n|-supereffective|p1b: K\u0101v\n|-damage|p1b: K\u0101v|43\/100\n|-ability|p1b: K\u0101v|Weak Armor|boost\n|-unboost|p1b: K\u0101v|def|1\n|-hitcount|p1b: K\u0101v|5\n|move|p1b: K\u0101v|Poltergeist|p2b: Whimsicott|[miss]\n|-miss|p1b: K\u0101v|p2b: Whimsicott\n|move|p1a: Snake|Giga Drain|p2a: Shuckle\n|-activate|p2a: Shuckle|move: Protect\n|\n|-heal|p2b: Whimsicott|14\/100|[from] item: Leftovers\n|upkeep\n|turn|4\n|inactive|Nickalip has 270 seconds left.\n|\n|t:|1697032304\n|move|p2b: Whimsicott|Helping Hand|p2a: Shuckle\n|-singleturn|p2a: Shuckle|Helping Hand|[of] p2b: Whimsicott\n|move|p1b: K\u0101v|Shadow Claw|p2b: Whimsicott\n|-damage|p2b: Whimsicott|0 fnt\n|faint|p2b: Whimsicott\n|move|p1a: Snake|Giga Drain|p2a: Shuckle\n|-damage|p2a: Shuckle|0 fnt\n|faint|p2a: Shuckle\n|\n|upkeep\n|inactive|Cristobalvaras has 270 seconds left.\n|\n|t:|1697032333\n|switch|p2b: Maushold|Maushold-Four|100\/100\n|switch|p2a: Pablo|Dondozo, F, shiny|100\/100\n|turn|5\n|inactive|Cristobalvaras has 270 seconds left.\n|\n|t:|1697032349\n|-terastallize|p2b: Maushold|Normal\n|move|p1b: K\u0101v|Close Combat|p2b: Maushold\n|-supereffective|p2b: Maushold\n|-damage|p2b: Maushold|0 fnt\n|-unboost|p1b: K\u0101v|def|1\n|-unboost|p1b: K\u0101v|spd|1\n|faint|p2b: Maushold\n|move|p1a: Snake|Leaf Storm|p2a: Pablo\n|-supereffective|p2a: Pablo\n|-damage|p2a: Pablo|15\/100\n|-boost|p1a: Snake|spa|2\n|move|p2a: Pablo|Wave Crash|p1b: K\u0101v\n|-supereffective|p1b: K\u0101v\n|-damage|p1b: K\u0101v|0 fnt\n|faint|p1b: K\u0101v\n|-damage|p2a: Pablo|7\/100|[from] Recoil\n|\n|-heal|p2a: Pablo|13\/100|[from] item: Leftovers\n|-sideend|p2: Cristobalvaras|move: Tailwind\n|upkeep\n|\n|t:|1697032376\n|switch|p2b: Pachirisu|Pachirisu, M, shiny|100\/100\n|switch|p1b: Himiko|Gardevoir, F|100\/100\n|-activate|p1b: Himiko|move: Sticky Web\n|-unboost|p1b: Himiko|spe|1\n|-ability|p1b: Himiko|Unaware|[from] ability: Trace|[of] p2a: Pablo\n|turn|6\n|\n|t:|1697032401\n|detailschange|p1b: Himiko|Gardevoir-Mega, F\n|-mega|p1b: Himiko|Gardevoir|Gardevoirite\n|move|p2b: Pachirisu|Follow Me|p2b: Pachirisu\n|-singleturn|p2b: Pachirisu|move: Follow Me\n|move|p1a: Snake|Giga Drain|p2b: Pachirisu\n|-enditem|p2b: Pachirisu|Focus Sash\n|-damage|p2b: Pachirisu|1\/100\n|move|p1b: Himiko|Thunderbolt|p2b: Pachirisu\n|-heal|p2b: Pachirisu|26\/100|[from] ability: Volt Absorb|[of] p1b: Himiko\n|move|p2a: Pablo|Rest|p2a: Pablo\n|-status|p2a: Pablo|slp|[from] move: Rest\n|-heal|p2a: Pablo|100\/100 slp|[silent]\n|\n|upkeep\n|turn|7\n|\n|t:|1697032427\n|move|p2b: Pachirisu|Follow Me|p2b: Pachirisu\n|-singleturn|p2b: Pachirisu|move: Follow Me\n|move|p1a: Snake|Leaf Storm|p2b: Pachirisu\n|-damage|p2b: Pachirisu|0 fnt\n|faint|p2b: Pachirisu\n|move|p1b: Himiko|Shadow Ball|p2a: Pablo\n|-damage|p2a: Pablo|67\/100 slp\n|cant|p2a: Pablo|slp\n|move|p2a: Pablo|Sleep Talk|p2a: Pablo\n|move|p2a: Pablo|Wave Crash|p1b: Himiko|[from]move: Sleep Talk\n|-damage|p1b: Himiko|6\/100\n|-damage|p2a: Pablo|50\/100 slp|[from] Recoil\n|\n|-heal|p2a: Pablo|56\/100 slp|[from] item: Leftovers\n|upkeep\n|turn|8\n|\n|t:|1697032449\n|move|p1a: Snake|Toxic||[still]\n|-fail|p1a: Snake\n|move|p1b: Himiko|Thunderbolt|p2a: Pablo\n|-supereffective|p2a: Pablo\n|-damage|p2a: Pablo|0 fnt\n|faint|p2a: Pablo\n|\n|win|Nickalip\n","uploadtime":1697032467,"views":6,"p1id":"nickalip","p2id":"cristobalvaras","formatid":"gen9nationaldexdoubles","rating":0,"private":0,"password":""}