{"id":"gen9nationaldexdoubles-1969746963","p1":"Ggm813","p2":"benarslan","format":"[Gen 9] National Dex Doubles","log":"|j|\u2606Ggm813\n|j|\u2606benarslan\n|t:|1697562290\n|gametype|doubles\n|player|p1|Ggm813|hiker|1137\n|player|p2|benarslan|steven|1107\n|teamsize|p1|6\n|teamsize|p2|6\n|gen|9\n|tier|[Gen 9] National Dex Doubles\n|rated|\n|rule|HP Percentage Mod: HP is shown in percentages\n|rule|Endless Battle Clause: Forcing endless battles is banned\n|rule|OHKO Clause: OHKO moves are banned\n|rule|Evasion Moves Clause: Evasion moves are banned\n|rule|Evasion Abilities Clause: Evasion abilities are banned\n|rule|Species Clause: Limit one of each Pok\u00e9mon\n|rule|Gravity Sleep Clause: The combination of sleep-inducing moves with imperfect accuracy and Gravity or Gigantamax Orbeetle are banned\n|clearpoke\n|poke|p1|Salamence, F|\n|poke|p1|Vaporeon, F|\n|poke|p1|Heatran, M|\n|poke|p1|Amoonguss, F|\n|poke|p1|Glimmora, F|\n|poke|p1|Decidueye-Hisui, M|\n|poke|p2|Illumise, F|\n|poke|p2|Lopunny, F|\n|poke|p2|Clefable, M|\n|poke|p2|Darmanitan-Galar, M|\n|poke|p2|Pawmot, F|\n|poke|p2|Milotic, M|\n|teampreview\n|inactive|Battle timer is ON: inactive players will automatically lose when time's up. (requested by Ggm813)\n|c|\u2606benarslan|gl\n|\n|t:|1697562308\n|start\n|switch|p1a: Glimmora|Glimmora, F|100\/100\n|switch|p1b: Decidueye|Decidueye-Hisui, M|100\/100\n|switch|p2a: Milotic|Milotic, M|100\/100\n|switch|p2b: Pawmot|Pawmot, F|100\/100\n|turn|1\n|\n|t:|1697562323\n|move|p2b: Pawmot|Fake Out|p1b: Decidueye\n|-damage|p1b: Decidueye|89\/100\n|move|p2a: Milotic|Muddy Water|p1b: Decidueye|[spread] p1a,p1b\n|-supereffective|p1a: Glimmora\n|-resisted|p1b: Decidueye\n|-damage|p1a: Glimmora|25\/100\n|-damage|p1b: Decidueye|75\/100\n|-unboost|p1a: Glimmora|accuracy|1\n|move|p1a: Glimmora|Mortal Spin|p2b: Pawmot|[spread] p2a\n|-miss|p1a: Glimmora|p2b: Pawmot\n|-damage|p2a: Milotic|95\/100\n|-status|p2a: Milotic|psn\n|cant|p1b: Decidueye|flinch\n|\n|-heal|p1a: Glimmora|31\/100|[from] item: Leftovers\n|-heal|p1b: Decidueye|82\/100|[from] item: Leftovers\n|-damage|p2a: Milotic|83\/100 psn|[from] psn\n|upkeep\n|turn|2\n|inactive|benarslan has 120 seconds left.\n|\n|t:|1697562365\n|switch|p1a: Vaporeon|Vaporeon, F, shiny|100\/100\n|move|p2b: Pawmot|Double Shock|p1b: Decidueye\n|-resisted|p1b: Decidueye\n|-damage|p1b: Decidueye|57\/100\n|-start|p2b: Pawmot|typechange|???\/Fighting|[from] move: Double Shock\n|move|p2a: Milotic|Ice Beam|p1b: Decidueye\n|-supereffective|p1b: Decidueye\n|-damage|p1b: Decidueye|10\/100\n|move|p1b: Decidueye|Leaf Blade|p2a: Milotic\n|-supereffective|p2a: Milotic\n|-damage|p2a: Milotic|0 fnt\n|faint|p2a: Milotic\n|\n|-heal|p1b: Decidueye|16\/100|[from] item: Leftovers\n|upkeep\n|\n|t:|1697562378\n|switch|p2a: Clefable|Clefable, M|100\/100\n|turn|3\n|inactive|benarslan has 120 seconds left.\n|\n|t:|1697562390\n|switch|p1b: Heatran|Heatran, M, shiny|100\/100\n|move|p2a: Clefable|Spotlight|p1a: Vaporeon\n|-singleturn|p1a: Vaporeon|move: Spotlight\n|move|p2b: Pawmot|Revival Blessing|p2b: Pawmot\n|-enditem|p2b: Pawmot|Leppa Berry|[eat]\n|-activate|p2b: Pawmot|item: Leppa Berry|Revival Blessing|[consumed]\n|inactive|benarslan has 120 seconds left.\n|\n|t:|1697562396\n|-heal|p2: Milotic|50\/100|[from] move: Revival Blessing\n|move|p1a: Vaporeon|Wish|p1a: Vaporeon\n|\n|upkeep\n|turn|4\n|\n|t:|1697562418\n|switch|p2b: Milotic|Milotic, M|50\/100\n|switch|p1a: Decidueye|Decidueye-Hisui, M|16\/100\n|move|p2a: Clefable|Spotlight|p1a: Decidueye\n|-singleturn|p1a: Decidueye|move: Spotlight\n|move|p1b: Heatran|Magma Storm|p2b: Milotic\n|-resisted|p2b: Milotic\n|-damage|p2b: Milotic|28\/100\n|-activate|p2b: Milotic|move: Magma Storm|[of] p1b: Heatran\n|\n|-heal|p1a: Decidueye|76\/100|[from] move: Wish|[wisher] Vaporeon\n|-heal|p1a: Decidueye|82\/100|[from] item: Leftovers\n|-damage|p2b: Milotic|16\/100|[from] move: Magma Storm|[partiallytrapped]\n|upkeep\n|turn|5\n|inactive|benarslan has 120 seconds left.\n|c|\u2606benarslan|how dafuq does this new spotlight work and why did they change it\n|\n|t:|1697562468\n|switch|p1a: Vaporeon|Vaporeon, F, shiny|100\/100\n|move|p2b: Milotic|Protect|p2b: Milotic\n|-singleturn|p2b: Milotic|Protect\n|move|p1b: Heatran|Flash Cannon|p2a: Clefable\n|-supereffective|p2a: Clefable\n|-damage|p2a: Clefable|18\/100\n|move|p2a: Clefable|Dazzling Gleam|p1b: Heatran|[spread] p1a,p1b\n|-resisted|p1b: Heatran\n|-damage|p1a: Vaporeon|85\/100\n|-damage|p1b: Heatran|98\/100\n|\n|-heal|p1a: Vaporeon|91\/100|[from] item: Leftovers\n|-heal|p2a: Clefable|24\/100|[from] item: Leftovers\n|-damage|p2b: Milotic|4\/100|[from] move: Magma Storm|[partiallytrapped]\n|upkeep\n|turn|6\n|inactive|benarslan has 120 seconds left.\n|inactive|Ggm813 has 120 seconds left.\n|inactive|benarslan has 90 seconds left.\n|\n|t:|1697562518\n|move|p2b: Milotic|Muddy Water|p1a: Vaporeon|[spread] p1b\n|-heal|p1a: Vaporeon|100\/100|[from] ability: Water Absorb|[of] p2b: Milotic\n|-supereffective|p1b: Heatran\n|-damage|p1b: Heatran|65\/100\n|move|p1b: Heatran|Flash Cannon|p2a: Clefable\n|-supereffective|p2a: Clefable\n|-damage|p2a: Clefable|0 fnt\n|faint|p2a: Clefable\n|move|p1a: Vaporeon|Calm Mind|p1a: Vaporeon\n|-boost|p1a: Vaporeon|spa|1\n|-boost|p1a: Vaporeon|spd|1\n|\n|-damage|p2b: Milotic|0 fnt|[from] move: Magma Storm|[partiallytrapped]\n|faint|p2b: Milotic\n|upkeep\n|c|\u2606Ggm813|Gl sorry I didn\u2019t see the message\n|c|\u2606benarslan|no problem\n|inactive|benarslan has 60 seconds left.\n|c|\u2606benarslan|do you know how the new spotlight works\n|\n|t:|1697562569\n|switch|p2b: Pawmot|Pawmot, F|100\/100\n|switch|p2a: Darmanitan|Darmanitan-Galar, M, shiny|100\/100\n|turn|7\n|c|\u2606Ggm813|Let me see what the move dose lol\n|\n|t:|1697562590\n|switch|p1a: Glimmora|Glimmora, F|31\/100\n|move|p2b: Pawmot|Fake Out|p1b: Heatran\n|-resisted|p1b: Heatran\n|-damage|p1b: Heatran|61\/100\n|move|p2a: Darmanitan|Substitute|p2a: Darmanitan\n|-start|p2a: Darmanitan|Substitute\n|-damage|p2a: Darmanitan|76\/100\n|cant|p1b: Heatran|flinch\n|\n|-heal|p1a: Glimmora|38\/100|[from] item: Leftovers\n|upkeep\n|turn|8\n|c|\u2606benarslan|i normally attracts all attention on the user\n|inactive|benarslan has 60 seconds left.\n|inactive|Ggm813 has 120 seconds left.\n|c|\u2606benarslan|but now i can choose who gets attracted butit doesnt work\n|inactive|benarslan has 30 seconds left.\n|c|\u2606Ggm813|I think it like follow me right ?\n|inactive|Ggm813 has 90 seconds left.\n|\n|t:|1697562659\n|move|p2b: Pawmot|Revival Blessing|p2b: Pawmot\n|inactive|benarslan has 30 seconds left this turn.\n|inactive|benarslan has 20 seconds left.\n|c|\u2606benarslan|omg im so dumb spotlight is the german name\n|inactive|benarslan has 15 seconds left.\n|\n|t:|1697562677\n|-heal|p2: Milotic|50\/100|[from] move: Revival Blessing\n|move|p2a: Darmanitan|Belly Drum|p2a: Darmanitan\n|-damage|p2a: Darmanitan|26\/100\n|-setboost|p2a: Darmanitan|atk|6|[from] move: Belly Drum\n|move|p1a: Glimmora|Sludge Wave|p2a: Darmanitan|[spread] p2a,p2b\n|-immune|p1b: Heatran\n|-end|p2a: Darmanitan|Substitute\n|-crit|p2b: Pawmot\n|-damage|p2b: Pawmot|23\/100\n|move|p1b: Heatran|Magma Storm|p2a: Darmanitan\n|-supereffective|p2a: Darmanitan\n|-damage|p2a: Darmanitan|0 fnt\n|faint|p2a: Darmanitan\n|\n|-heal|p1a: Glimmora|44\/100|[from] item: Leftovers\n|upkeep\n|inactive|benarslan has 20 seconds left this turn.\n|inactive|benarslan has 15 seconds left.\n|inactive|benarslan has 10 seconds left.\n|c|\u2606benarslan|thats a diffrent attack\n|inactive|benarslan has 5 seconds left.\n|-message|benarslan lost due to inactivity.\n|\n|win|Ggm813\n|raw|Ggm813's rating: 1137 &rarr; <strong>1160<\/strong><br \/>(+23 for winning)\n|raw|benarslan's rating: 1107 &rarr; <strong>1084<\/strong><br \/>(-23 for losing)\n","uploadtime":1697562701,"views":3,"p1id":"ggm813","p2id":"benarslan","formatid":"gen9nationaldexdoubles","rating":1084,"private":0,"password":""}