{"id":"gen9nationaldexdoubles-1972549381","p1":"Batman135","p2":"Drakerson","format":"[Gen 9] National Dex Doubles","log":"|j|\u2606Batman135\n|j|\u2606Drakerson\n|t:|1697855793\n|gametype|doubles\n|player|p1|Batman135|266|1157\n|player|p2|Drakerson|benga|1039\n|teamsize|p1|6\n|teamsize|p2|6\n|gen|9\n|tier|[Gen 9] National Dex Doubles\n|rated|\n|rule|HP Percentage Mod: HP is shown in percentages\n|rule|Endless Battle Clause: Forcing endless battles is banned\n|rule|OHKO Clause: OHKO moves are banned\n|rule|Evasion Moves Clause: Evasion moves are banned\n|rule|Evasion Abilities Clause: Evasion abilities are banned\n|rule|Species Clause: Limit one of each Pok\u00e9mon\n|rule|Gravity Sleep Clause: The combination of sleep-inducing moves with imperfect accuracy and Gravity or Gigantamax Orbeetle are banned\n|clearpoke\n|poke|p1|Indeedee-F, F|\n|poke|p1|Torkoal, F|\n|poke|p1|Ursaluna, F|\n|poke|p1|Hatterene, F|\n|poke|p1|Cresselia, F|\n|poke|p1|Kingambit, M|\n|poke|p2|Charizard, F|\n|poke|p2|Torkoal, F|\n|poke|p2|Volcarona, F|\n|poke|p2|Lilligant-Hisui, F|\n|poke|p2|Walking Wake|\n|poke|p2|Venusaur, M|\n|teampreview\n|\n|t:|1697855803\n|start\n|switch|p1a: Cresselia|Cresselia, F|100\/100\n|switch|p1b: Ursaluna|Ursaluna, F|100\/100\n|switch|p2a: Lilligant|Lilligant-Hisui, F, shiny|100\/100\n|switch|p2b: Volcarona|Volcarona, F|100\/100\n|turn|1\n|\n|t:|1697855815\n|move|p2a: Lilligant|Axe Kick|p1b: Ursaluna\n|-supereffective|p1b: Ursaluna\n|-damage|p1b: Ursaluna|6\/100\n|-damage|p2a: Lilligant|91\/100|[from] item: Life Orb\n|move|p2b: Volcarona|Quiver Dance|p2b: Volcarona\n|-boost|p2b: Volcarona|spa|1\n|-boost|p2b: Volcarona|spd|1\n|-boost|p2b: Volcarona|spe|1\n|move|p1b: Ursaluna|Swords Dance|p1b: Ursaluna\n|-boost|p1b: Ursaluna|atk|2\n|move|p1a: Cresselia|Trick Room|p1a: Cresselia\n|-fieldstart|move: Trick Room|[of] p1a: Cresselia\n|\n|-status|p1b: Ursaluna|brn|[from] item: Flame Orb\n|upkeep\n|turn|2\n|\n|t:|1697855839\n|move|p2b: Volcarona|Protect|p2b: Volcarona\n|-singleturn|p2b: Volcarona|Protect\n|move|p1b: Ursaluna|Earthquake|p2a: Lilligant|[spread] p2a\n|-activate|p2b: Volcarona|move: Protect\n|-immune|p1a: Cresselia|[from] ability: Levitate\n|-resisted|p2a: Lilligant\n|-damage|p2a: Lilligant|0 fnt\n|faint|p2a: Lilligant\n|move|p1a: Cresselia|Moonblast|p2b: Volcarona\n|-activate|p2b: Volcarona|move: Protect\n|\n|-damage|p1b: Ursaluna|0 fnt|[from] brn\n|faint|p1b: Ursaluna\n|upkeep\n|\n|t:|1697855864\n|switch|p1b: Torkoal|Torkoal, F|100\/100\n|switch|p2a: Walking Wake|Walking Wake|100\/100\n|-weather|SunnyDay|[from] ability: Drought|[of] p1b: Torkoal\n|-activate|p2a: Walking Wake|ability: Protosynthesis\n|-start|p2a: Walking Wake|protosynthesisspa\n|turn|3\n|\n|t:|1697855880\n|move|p1b: Torkoal|Clear Smog|p2b: Volcarona\n|-damage|p2b: Volcarona|93\/100\n|-clearboost|p2b: Volcarona\n|move|p1a: Cresselia|Moonblast|p2a: Walking Wake\n|-supereffective|p2a: Walking Wake\n|-damage|p2a: Walking Wake|77\/100\n|-unboost|p2a: Walking Wake|spa|1\n|move|p2a: Walking Wake|Hydro Steam|p1b: Torkoal\n|-supereffective|p1b: Torkoal\n|-damage|p1b: Torkoal|0 fnt\n|faint|p1b: Torkoal\n|move|p2b: Volcarona|Bug Buzz|p1a: Cresselia\n|-supereffective|p1a: Cresselia\n|-crit|p1a: Cresselia\n|-damage|p1a: Cresselia|3\/100\n|\n|-weather|SunnyDay|[upkeep]\n|-heal|p1a: Cresselia|9\/100|[from] item: Leftovers\n|upkeep\n|\n|t:|1697855901\n|switch|p1b: Indeedee|Indeedee-F, F|100\/100\n|-fieldstart|move: Psychic Terrain|[from] ability: Psychic Surge|[of] p1b: Indeedee\n|turn|4\n|\n|t:|1697855916\n|move|p1b: Indeedee|Expanding Force|p2a: Walking Wake|[spread] p2a,p2b\n|-damage|p2a: Walking Wake|49\/100\n|-damage|p2b: Volcarona|46\/100\n|move|p1a: Cresselia|Moonblast|p2a: Walking Wake\n|-supereffective|p2a: Walking Wake\n|-damage|p2a: Walking Wake|24\/100\n|-unboost|p2a: Walking Wake|spa|1\n|move|p2a: Walking Wake|Scald|p1a: Cresselia\n|-damage|p1a: Cresselia|0 fnt\n|faint|p1a: Cresselia\n|move|p2b: Volcarona|Fiery Dance|p1b: Indeedee\n|-damage|p1b: Indeedee|50\/100\n|\n|-weather|SunnyDay|[upkeep]\n|-heal|p1b: Indeedee|56\/100|[from] item: Leftovers\n|upkeep\n|\n|t:|1697855936\n|switch|p1a: Hatterene|Hatterene, F|100\/100\n|turn|5\n|\n|t:|1697855952\n|-end|p2a: Walking Wake|Protosynthesis|[silent]\n|switch|p2a: Venusaur|Venusaur, M, shiny|100\/100\n|move|p1a: Hatterene|Expanding Force|p2a: Venusaur|[spread] p2a,p2b\n|-supereffective|p2a: Venusaur\n|-damage|p2a: Venusaur|0 fnt\n|-damage|p2b: Volcarona|0 fnt\n|faint|p2a: Venusaur\n|faint|p2b: Volcarona\n|move|p1b: Indeedee|Expanding Force|p2: Venusaur|[notarget]\n|-fail|p1b: Indeedee\n|\n|-weather|SunnyDay|[upkeep]\n|-heal|p1b: Indeedee|62\/100|[from] item: Leftovers\n|-fieldend|move: Trick Room\n|upkeep\n|\n|t:|1697855963\n|switch|p2b: Walking Wake|Walking Wake|24\/100\n|switch|p2a: Charizard|Charizard, F|100\/100\n|-activate|p2b: Walking Wake|ability: Protosynthesis\n|-start|p2b: Walking Wake|protosynthesisspa\n|turn|6\n|\n|t:|1697855980\n|move|p2a: Charizard|Solar Beam||[still]\n|-prepare|p2a: Charizard|Solar Beam\n|-anim|p2a: Charizard|Solar Beam|p1a: Hatterene\n|-damage|p1a: Hatterene|42\/100\n|move|p2b: Walking Wake|Hydro Steam|p1a: Hatterene\n|-damage|p1a: Hatterene|0 fnt\n|faint|p1a: Hatterene\n|move|p1b: Indeedee|Trick Room|p1b: Indeedee\n|-fieldstart|move: Trick Room|[of] p1b: Indeedee\n|\n|-weather|SunnyDay|[upkeep]\n|-damage|p2a: Charizard|88\/100|[from] ability: Solar Power|[of] p2a: Charizard\n|-heal|p1b: Indeedee|68\/100|[from] item: Leftovers\n|upkeep\n|\n|t:|1697855994\n|switch|p1a: Kingambit|Kingambit, M|100\/100\n|-activate|p1a: Kingambit|ability: Supreme Overlord\n|-start|p1a: Kingambit|fallen4|[silent]\n|turn|7\n|\n|t:|1697856005\n|move|p1a: Kingambit|Kowtow Cleave|p2a: Charizard\n|-damage|p2a: Charizard|0 fnt\n|faint|p2a: Charizard\n|move|p1b: Indeedee|Expanding Force|p2b: Walking Wake\n|-damage|p2b: Walking Wake|0 fnt\n|faint|p2b: Walking Wake\n|-end|p2b: Walking Wake|Protosynthesis|[silent]\n|\n|-weather|none\n|-heal|p1b: Indeedee|74\/100|[from] item: Leftovers\n|upkeep\n|\n|t:|1697856013\n|switch|p2b: Torkoal|Torkoal, F|100\/100\n|-weather|SunnyDay|[from] ability: Drought|[of] p2b: Torkoal\n|turn|8\n|\n|t:|1697856022\n|-terastallize|p2b: Torkoal|Fire\n|move|p2b: Torkoal|Eruption|p1b: Indeedee|[spread] p1a,p1b\n|-supereffective|p1a: Kingambit\n|-damage|p1a: Kingambit|0 fnt\n|-damage|p1b: Indeedee|0 fnt\n|faint|p1a: Kingambit\n|-end|p1a: Kingambit|fallen4|[silent]\n|faint|p1b: Indeedee\n|\n|win|Drakerson\n|raw|Batman135's rating: 1157 &rarr; <strong>1124<\/strong><br \/>(-33 for losing)\n|raw|Drakerson's rating: 1039 &rarr; <strong>1084<\/strong><br \/>(+45 for winning)\n|c|\u2606Drakerson|ggs\n|l|\u2606Batman135\n","uploadtime":1697856034,"views":14,"p1id":"batman135","p2id":"drakerson","formatid":"gen9nationaldexdoubles","rating":1084,"private":0,"password":""}