{"id":"gen9nationaldexdoubles-1986462919","p1":"patrickthisisnt","p2":"Smoky_Man","format":"[Gen 9] National Dex Doubles","log":"|j|\u2606patrickthisisnt\n|j|\u2606Smoky_Man\n|t:|1699481597\n|gametype|doubles\n|player|p1|patrickthisisnt|2|1117\n|player|p2|Smoky_Man|volo|1258\n|teamsize|p1|6\n|teamsize|p2|6\n|gen|9\n|tier|[Gen 9] National Dex Doubles\n|rated|\n|rule|HP Percentage Mod: HP is shown in percentages\n|rule|Endless Battle Clause: Forcing endless battles is banned\n|rule|OHKO Clause: OHKO moves are banned\n|rule|Evasion Moves Clause: Evasion moves are banned\n|rule|Evasion Abilities Clause: Evasion abilities are banned\n|rule|Species Clause: Limit one of each Pok\u00e9mon\n|rule|Gravity Sleep Clause: The combination of sleep-inducing moves with imperfect accuracy and Gravity or Gigantamax Orbeetle are banned\n|clearpoke\n|poke|p1|Kommo-o, F|\n|poke|p1|Rillaboom, F|\n|poke|p1|Sinistcha-Masterpiece|\n|poke|p1|Iron Bundle|\n|poke|p1|Iron Hands|\n|poke|p1|Flutter Mane|\n|poke|p2|Tyranitar, F|\n|poke|p2|Dracovish|\n|poke|p2|Ogerpon-Cornerstone, F|\n|poke|p2|Ursaluna-Bloodmoon, M|\n|poke|p2|Tornadus, M|\n|poke|p2|Marshadow|\n|teampreview\n|inactive|Battle timer is ON: inactive players will automatically lose when time's up. (requested by patrickthisisnt)\n|\n|t:|1699481623\n|start\n|switch|p1a: Iron Bundle|Iron Bundle|100\/100\n|switch|p1b: Kommo-o|Kommo-o, F|100\/100\n|switch|p2a: Walmartzilla 2|Tyranitar, F, shiny|100\/100\n|switch|p2b: Cupcake|Dracovish, shiny|100\/100\n|-weather|Sandstorm|[from] ability: Sand Stream|[of] p2a: Walmartzilla 2\n|-enditem|p1a: Iron Bundle|Booster Energy\n|-activate|p1a: Iron Bundle|ability: Quark Drive|[fromitem]\n|-start|p1a: Iron Bundle|quarkdrivespe\n|turn|1\n|\n|t:|1699481648\n|detailschange|p2a: Walmartzilla 2|Tyranitar-Mega, F, shiny\n|-mega|p2a: Walmartzilla 2|Tyranitar|Tyranitarite\n|-terastallize|p2b: Cupcake|Steel\n|move|p1b: Kommo-o|Protect|p1b: Kommo-o\n|-singleturn|p1b: Kommo-o|Protect\n|move|p2a: Walmartzilla 2|Protect|p2a: Walmartzilla 2\n|-singleturn|p2a: Walmartzilla 2|Protect\n|move|p1a: Iron Bundle|Hydro Pump|p2a: Walmartzilla 2\n|-activate|p2a: Walmartzilla 2|move: Protect\n|move|p2b: Cupcake|Psychic Fangs|p1b: Kommo-o\n|-activate|p1b: Kommo-o|move: Protect\n|\n|-weather|Sandstorm|[upkeep]\n|-damage|p1a: Iron Bundle|95\/100|[from] Sandstorm\n|-damage|p1b: Kommo-o|94\/100|[from] Sandstorm\n|upkeep\n|turn|2\n|\n|t:|1699481677\n|switch|p1b: Sinistcha|Sinistcha-Masterpiece|100\/100\n|-heal|p1a: Iron Bundle|100\/100|[from] ability: Hospitality|[of] p1b: Sinistcha\n|switch|p2a: Stone Free|Ogerpon-Cornerstone, F|100\/100\n|move|p1a: Iron Bundle|Hydro Pump|p2a: Stone Free|[miss]\n|-miss|p1a: Iron Bundle|p2a: Stone Free\n|move|p2b: Cupcake|Psychic Fangs|p1b: Sinistcha\n|-damage|p1b: Sinistcha|62\/100\n|\n|-weather|Sandstorm|[upkeep]\n|-damage|p1a: Iron Bundle|95\/100|[from] Sandstorm\n|-damage|p1b: Sinistcha|56\/100|[from] Sandstorm\n|upkeep\n|turn|3\n|\n|t:|1699481707\n|switch|p2b: Tallest G&W Player|Marshadow|100\/100\n|move|p1a: Iron Bundle|Protect|p1a: Iron Bundle\n|-singleturn|p1a: Iron Bundle|Protect\n|move|p2a: Stone Free|Horn Leech|p1a: Iron Bundle\n|-activate|p1a: Iron Bundle|move: Protect\n|move|p1b: Sinistcha|Strength Sap|p2a: Stone Free\n|-unboost|p2a: Stone Free|atk|1\n|-heal|p1b: Sinistcha|100\/100\n|\n|-weather|Sandstorm|[upkeep]\n|-damage|p1a: Iron Bundle|89\/100|[from] Sandstorm\n|-damage|p2b: Tallest G&W Player|95\/100|[from] Sandstorm\n|-damage|p1b: Sinistcha|94\/100|[from] Sandstorm\n|upkeep\n|turn|4\n|\n|t:|1699481736\n|move|p1a: Iron Bundle|Ice Beam|p2a: Stone Free\n|-supereffective|p2a: Stone Free\n|-damage|p2a: Stone Free|44\/100\n|move|p2b: Tallest G&W Player|Force Palm|p1a: Iron Bundle\n|-supereffective|p1a: Iron Bundle\n|-damage|p1a: Iron Bundle|0 fnt\n|faint|p1a: Iron Bundle\n|-end|p1a: Iron Bundle|Quark Drive|[silent]\n|move|p2a: Stone Free|Horn Leech|p1b: Sinistcha\n|-resisted|p1b: Sinistcha\n|-damage|p1b: Sinistcha|79\/100\n|-heal|p2a: Stone Free|51\/100|[from] drain|[of] p1b: Sinistcha\n|move|p1b: Sinistcha|Strength Sap|p2b: Tallest G&W Player\n|-unboost|p2b: Tallest G&W Player|atk|1\n|-heal|p1b: Sinistcha|100\/100\n|\n|-weather|Sandstorm|[upkeep]\n|-damage|p2b: Tallest G&W Player|89\/100|[from] Sandstorm\n|-damage|p1b: Sinistcha|94\/100|[from] Sandstorm\n|upkeep\n|inactive|patrickthisisnt has 120 seconds left.\n|\n|t:|1699481758\n|switch|p1a: Kommo-o|Kommo-o, F|94\/100\n|turn|5\n|\n|t:|1699481780\n|switch|p2a: Perfect Cell|Tornadus, M, shiny|100\/100\n|move|p2b: Tallest G&W Player|Protect|p2b: Tallest G&W Player\n|-singleturn|p2b: Tallest G&W Player|Protect\n|move|p1a: Kommo-o|Clangorous Soul|p1a: Kommo-o\n|-boost|p1a: Kommo-o|atk|1\n|-boost|p1a: Kommo-o|def|1\n|-boost|p1a: Kommo-o|spa|1\n|-boost|p1a: Kommo-o|spd|1\n|-boost|p1a: Kommo-o|spe|1\n|-damage|p1a: Kommo-o|61\/100\n|-enditem|p1a: Kommo-o|Throat Spray\n|-boost|p1a: Kommo-o|spa|1|[from] item: Throat Spray\n|move|p1b: Sinistcha|Strength Sap|p2b: Tallest G&W Player\n|-activate|p2b: Tallest G&W Player|move: Protect\n|\n|-weather|none\n|upkeep\n|turn|6\n|\n|t:|1699481804\n|move|p1b: Sinistcha|Rage Powder|p1b: Sinistcha\n|-singleturn|p1b: Sinistcha|move: Rage Powder\n|move|p2a: Perfect Cell|Tailwind|p2a: Perfect Cell\n|-sidestart|p2: Smoky_Man|move: Tailwind\n|move|p2b: Tallest G&W Player|Spectral Thief|p1b: Sinistcha\n|-supereffective|p1b: Sinistcha\n|-damage|p1b: Sinistcha|37\/100\n|-enditem|p1b: Sinistcha|Sitrus Berry|[eat]\n|-heal|p1b: Sinistcha|62\/100|[from] item: Sitrus Berry\n|move|p1a: Kommo-o|Clanging Scales|p2a: Perfect Cell|[spread] p2a,p2b\n|-damage|p2a: Perfect Cell|28\/100\n|-damage|p2b: Tallest G&W Player|8\/100\n|-unboost|p1a: Kommo-o|def|1\n|\n|upkeep\n|turn|7\n|\n|t:|1699481820\n|move|p1a: Kommo-o|Protect|p1a: Kommo-o\n|-singleturn|p1a: Kommo-o|Protect\n|move|p2b: Tallest G&W Player|Spectral Thief|p1a: Kommo-o\n|-activate|p1a: Kommo-o|move: Protect\n|move|p2a: Perfect Cell|Bleakwind Storm|p1b: Sinistcha|[spread] p1b\n|-activate|p1a: Kommo-o|move: Protect\n|-supereffective|p1b: Sinistcha\n|-crit|p1b: Sinistcha\n|-damage|p1b: Sinistcha|0 fnt\n|faint|p1b: Sinistcha\n|\n|upkeep\n|\n|t:|1699481833\n|switch|p1b: Rillaboom|Rillaboom, F|100\/100\n|-fieldstart|move: Grassy Terrain|[from] ability: Grassy Surge|[of] p1b: Rillaboom\n|-enditem|p1b: Rillaboom|Grassy Seed\n|-boost|p1b: Rillaboom|def|1|[from] item: Grassy Seed\n|turn|8\n|\n|t:|1699481857\n|move|p2b: Tallest G&W Player|Protect|p2b: Tallest G&W Player\n|-singleturn|p2b: Tallest G&W Player|Protect\n|move|p1a: Kommo-o|Protect||[still]\n|-fail|p1a: Kommo-o\n|move|p1b: Rillaboom|Grassy Glide|p2b: Tallest G&W Player\n|-activate|p2b: Tallest G&W Player|move: Protect\n|move|p2a: Perfect Cell|Bleakwind Storm|p1b: Rillaboom|[spread] p1a,p1b\n|-supereffective|p1a: Kommo-o\n|-supereffective|p1b: Rillaboom\n|-damage|p1a: Kommo-o|8\/100\n|-damage|p1b: Rillaboom|7\/100\n|-unboost|p1a: Kommo-o|spe|1\n|\n|-heal|p2b: Tallest G&W Player|14\/100|[from] Grassy Terrain\n|-heal|p1a: Kommo-o|14\/100|[from] Grassy Terrain\n|-heal|p1b: Rillaboom|13\/100|[from] Grassy Terrain\n|upkeep\n|turn|9\n|\n|t:|1699481876\n|move|p2b: Tallest G&W Player|Shadow Sneak|p1a: Kommo-o\n|-damage|p1a: Kommo-o|0 fnt\n|faint|p1a: Kommo-o\n|move|p1b: Rillaboom|Grassy Glide|p2b: Tallest G&W Player\n|-damage|p2b: Tallest G&W Player|0 fnt\n|faint|p2b: Tallest G&W Player\n|move|p2a: Perfect Cell|Bleakwind Storm|p1b: Rillaboom\n|-supereffective|p1b: Rillaboom\n|-crit|p1b: Rillaboom\n|-damage|p1b: Rillaboom|0 fnt\n|faint|p1b: Rillaboom\n|\n|-sideend|p2: Smoky_Man|move: Tailwind\n|upkeep\n|\n|t:|1699481896\n|switch|p2b: Cupcake|Dracovish, shiny, tera:Steel|100\/100\n|switch|p1a: Iron Hands|Iron Hands|100\/100\n|switch|p1b: Flutter Mane|Flutter Mane|100\/100\n|turn|10\n|\n|t:|1699481915\n|move|p1a: Iron Hands|Fake Out|p2b: Cupcake\n|-resisted|p2b: Cupcake\n|-damage|p2b: Cupcake|91\/100\n|-damage|p1a: Iron Hands|91\/100|[from] item: Life Orb\n|move|p2a: Perfect Cell|Tailwind|p2a: Perfect Cell\n|-sidestart|p2: Smoky_Man|move: Tailwind\n|move|p1b: Flutter Mane|Dazzling Gleam|p2b: Cupcake|[spread] p2a,p2b\n|-resisted|p2b: Cupcake\n|-damage|p2a: Perfect Cell|3\/100\n|-damage|p2b: Cupcake|75\/100\n|cant|p2b: Cupcake|flinch\n|\n|-heal|p2b: Cupcake|82\/100|[from] Grassy Terrain\n|-heal|p1a: Iron Hands|97\/100|[from] Grassy Terrain\n|upkeep\n|turn|11\n|\n|t:|1699481936\n|move|p2a: Perfect Cell|Bleakwind Storm|p1b: Flutter Mane|[spread] p1a,p1b\n|-damage|p1a: Iron Hands|61\/100\n|-damage|p1b: Flutter Mane|68\/100\n|-unboost|p1a: Iron Hands|spe|1\n|-unboost|p1b: Flutter Mane|spe|1\n|move|p2b: Cupcake|Iron Head|p1b: Flutter Mane\n|-supereffective|p1b: Flutter Mane\n|-damage|p1b: Flutter Mane|0 fnt\n|faint|p1b: Flutter Mane\n|-end|p1b: Flutter Mane|Protosynthesis|[silent]\n|move|p1a: Iron Hands|Drain Punch|p2b: Cupcake\n|-supereffective|p2b: Cupcake\n|-damage|p2b: Cupcake|0 fnt\n|-heal|p1a: Iron Hands|86\/100|[from] drain|[of] p2b: Cupcake\n|faint|p2b: Cupcake\n|-damage|p1a: Iron Hands|76\/100|[from] item: Life Orb\n|\n|-heal|p1a: Iron Hands|83\/100|[from] Grassy Terrain\n|upkeep\n|\n|t:|1699481951\n|switch|p2b: Cocaine Bear|Ursaluna-Bloodmoon, M|100\/100\n|turn|12\n|\n|t:|1699481962\n|move|p2a: Perfect Cell|Bleakwind Storm|p1a: Iron Hands|[miss]\n|-miss|p2a: Perfect Cell|p1a: Iron Hands\n|move|p2b: Cocaine Bear|Earth Power|p1a: Iron Hands\n|-supereffective|p1a: Iron Hands\n|-crit|p1a: Iron Hands\n|-damage|p1a: Iron Hands|0 fnt\n|faint|p1a: Iron Hands\n|-end|p1a: Iron Hands|Quark Drive|[silent]\n|\n|win|Smoky_Man\n|raw|patrickthisisnt's rating: 1117 &rarr; <strong>1102<\/strong><br \/>(-15 for losing)\n|raw|Smoky_Man's rating: 1258 &rarr; <strong>1273<\/strong><br \/>(+15 for winning)\n|c|\u2606Smoky_Man|gg\n","uploadtime":1699481989,"views":24,"p1id":"patrickthisisnt","p2id":"smokyman","formatid":"gen9nationaldexdoubles","rating":1102,"private":0,"password":""}