{"id":"gen9nationaldexdoubles-1962638630","p1":"GorgeousIvys","p2":"Voadera","format":"[Gen 9] National Dex Doubles","log":"|j|\u2606GorgeousIvys\n|j|\u2606Voadera\n|t:|1696777460\n|gametype|doubles\n|player|p1|GorgeousIvys|skyla|1103\n|player|p2|Voadera|dancer|1139\n|teamsize|p1|6\n|teamsize|p2|6\n|gen|9\n|tier|[Gen 9] National Dex Doubles\n|rated|\n|rule|HP Percentage Mod: HP is shown in percentages\n|rule|Endless Battle Clause: Forcing endless battles is banned\n|rule|OHKO Clause: OHKO moves are banned\n|rule|Evasion Moves Clause: Evasion moves are banned\n|rule|Evasion Abilities Clause: Evasion abilities are banned\n|rule|Species Clause: Limit one of each Pok\u00e9mon\n|rule|Gravity Sleep Clause: The combination of sleep-inducing moves with imperfect accuracy and Gravity or Gigantamax Orbeetle are banned\n|clearpoke\n|poke|p1|Audino, F|\n|poke|p1|Cinderace, M|\n|poke|p1|Kingambit, F|\n|poke|p1|Primarina, F|\n|poke|p1|Alcremie, F|\n|poke|p1|Clefable, M|\n|poke|p2|Blaziken, M|\n|poke|p2|Baxcalibur, M|\n|poke|p2|Zoroark-Hisui, F|\n|poke|p2|Greninja-*, M|\n|poke|p2|Togekiss, F|\n|poke|p2|Lycanroc-Dusk, M|\n|teampreview\n|inactive|Battle timer is ON: inactive players will automatically lose when time's up. (requested by Voadera)\n|\n|t:|1696777479\n|start\n|switch|p1a: Audino|Audino, F|100\/100\n|switch|p1b: Cinderace|Cinderace, M|100\/100\n|switch|p2a: Togekiss|Togekiss, F|100\/100\n|switch|p2b: Blaziken|Blaziken, M|100\/100\n|turn|1\n|\n|t:|1696777497\n|detailschange|p2b: Blaziken|Blaziken-Mega, M\n|-mega|p2b: Blaziken|Blaziken|Blazikenite\n|move|p1b: Cinderace|U-turn|p2b: Blaziken\n|-start|p1b: Cinderace|typechange|Bug|[from] ability: Libero\n|-resisted|p2b: Blaziken\n|-damage|p2b: Blaziken|89\/100\n|\n|t:|1696777503\n|switch|p1b: Primarina|Primarina, F|100\/100|[from] U-turn\n|move|p2b: Blaziken|High Jump Kick|p1a: Audino\n|-supereffective|p1a: Audino\n|-damage|p1a: Audino|0 fnt\n|faint|p1a: Audino\n|move|p2a: Togekiss|Ancient Power|p1b: Primarina\n|-damage|p1b: Primarina|84\/100\n|\n|-ability|p2b: Blaziken|Speed Boost|boost\n|-boost|p2b: Blaziken|spe|1\n|upkeep\n|\n|t:|1696777514\n|switch|p1a: Alcremie|Alcremie, F|100\/100\n|turn|2\n|\n|t:|1696777528\n|move|p2b: Blaziken|Bounce||[still]\n|-prepare|p2b: Blaziken|Bounce\n|move|p2a: Togekiss|Zap Cannon|p1b: Primarina|[miss]\n|-miss|p2a: Togekiss|p1b: Primarina\n|move|p1a: Alcremie|Decorate|p1b: Primarina\n|-boost|p1b: Primarina|atk|2\n|-boost|p1b: Primarina|spa|2\n|move|p1b: Primarina|Brine|p2b: Blaziken|[miss]\n|-miss|p1b: Primarina|p2b: Blaziken\n|\n|-ability|p2b: Blaziken|Speed Boost|boost\n|-boost|p2b: Blaziken|spe|1\n|upkeep\n|turn|3\n|\n|t:|1696777557\n|-terastallize|p1b: Primarina|Steel\n|move|p2b: Blaziken|Bounce|p1a: Alcremie|[from]lockedmove|[miss]\n|-miss|p2b: Blaziken|p1a: Alcremie\n|move|p2a: Togekiss|Zap Cannon|p1b: Primarina|[miss]\n|-miss|p2a: Togekiss|p1b: Primarina\n|move|p1a: Alcremie|Decorate|p1b: Primarina\n|-boost|p1b: Primarina|atk|2\n|-boost|p1b: Primarina|spa|2\n|move|p1b: Primarina|Dazzling Gleam|p2b: Blaziken|[spread] p2a,p2b\n|-damage|p2a: Togekiss|8\/100\n|-damage|p2b: Blaziken|0 fnt\n|faint|p2b: Blaziken\n|\n|upkeep\n|\n|t:|1696777568\n|switch|p2b: Lycanroc|Lycanroc-Dusk, M|100\/100\n|turn|4\n|\n|t:|1696777577\n|move|p2b: Lycanroc|Brick Break|p1b: Primarina\n|-supereffective|p1b: Primarina\n|-damage|p1b: Primarina|0 fnt\n|faint|p1b: Primarina\n|move|p2a: Togekiss|Zap Cannon|p1a: Alcremie\n|-damage|p1a: Alcremie|70\/100\n|-status|p1a: Alcremie|par\n|move|p1a: Alcremie|Decorate|p1: Primarina|[notarget]\n|-fail|p1a: Alcremie\n|\n|-heal|p1a: Alcremie|76\/100 par|[from] item: Leftovers\n|upkeep\n|\n|t:|1696777588\n|switch|p1b: Cinderace|Cinderace, M|100\/100\n|turn|5\n|\n|t:|1696777605\n|move|p1b: Cinderace|Protect|p1b: Cinderace\n|-start|p1b: Cinderace|typechange|Normal|[from] ability: Libero\n|-singleturn|p1b: Cinderace|Protect\n|move|p2b: Lycanroc|Accelerock|p1b: Cinderace\n|-activate|p1b: Cinderace|move: Protect\n|move|p2a: Togekiss|Zap Cannon|p1b: Cinderace\n|-activate|p1b: Cinderace|move: Protect\n|move|p1a: Alcremie|Aromatherapy|p1a: Alcremie\n|-activate|p1a: Alcremie|move: Aromatherapy\n|-curestatus|p1a: Alcremie|par|[msg]\n|\n|-heal|p1a: Alcremie|82\/100|[from] item: Leftovers\n|upkeep\n|turn|6\n|\n|t:|1696777634\n|move|p1b: Cinderace|Sucker Punch|p2b: Lycanroc\n|-damage|p2b: Lycanroc|62\/100\n|move|p2b: Lycanroc|Brick Break|p1b: Cinderace\n|-supereffective|p1b: Cinderace\n|-damage|p1b: Cinderace|0 fnt\n|faint|p1b: Cinderace\n|move|p2a: Togekiss|Zap Cannon|p1a: Alcremie|[miss]\n|-miss|p2a: Togekiss|p1a: Alcremie\n|move|p1a: Alcremie|Decorate|p1: Cinderace|[notarget]\n|-fail|p1a: Alcremie\n|\n|-heal|p1a: Alcremie|88\/100|[from] item: Leftovers\n|upkeep\n|\n|t:|1696777645\n|switch|p1b: Clefable|Clefable, M|100\/100\n|turn|7\n|\n|t:|1696777662\n|move|p2b: Lycanroc|Iron Head|p1b: Clefable\n|-supereffective|p1b: Clefable\n|-damage|p1b: Clefable|24\/100\n|move|p2a: Togekiss|Psyshock|p1b: Clefable\n|-damage|p1b: Clefable|0 fnt\n|faint|p1b: Clefable\n|move|p1a: Alcremie|Decorate|p1: Clefable|[notarget]\n|-fail|p1a: Alcremie\n|\n|-heal|p1a: Alcremie|95\/100|[from] item: Leftovers\n|upkeep\n|\n|t:|1696777671\n|switch|p1b: Kingambit|Kingambit, F|100\/100\n|-activate|p1b: Kingambit|ability: Supreme Overlord\n|-start|p1b: Kingambit|fallen4|[silent]\n|turn|8\n|\n|t:|1696777685\n|move|p1b: Kingambit|Protect|p1b: Kingambit\n|-singleturn|p1b: Kingambit|Protect\n|move|p2b: Lycanroc|Brick Break|p1b: Kingambit\n|-activate|p1b: Kingambit|move: Protect\n|move|p2a: Togekiss|Zap Cannon|p1b: Kingambit\n|-activate|p1b: Kingambit|move: Protect\n|move|p1a: Alcremie|Decorate|p1b: Kingambit\n|-boost|p1b: Kingambit|atk|2\n|-boost|p1b: Kingambit|spa|2\n|\n|-heal|p1a: Alcremie|100\/100|[from] item: Leftovers\n|upkeep\n|turn|9\n|\n|t:|1696777709\n|move|p1b: Kingambit|Sucker Punch|p2b: Lycanroc\n|-damage|p2b: Lycanroc|0 fnt\n|faint|p2b: Lycanroc\n|move|p2a: Togekiss|Zap Cannon|p1b: Kingambit|[miss]\n|-miss|p2a: Togekiss|p1b: Kingambit\n|move|p1a: Alcremie|Decorate|p1b: Kingambit\n|-boost|p1b: Kingambit|atk|2\n|-boost|p1b: Kingambit|spa|2\n|\n|upkeep\n|\n|t:|1696777713\n|switch|p2b: Greninja|Greninja, M|100\/100\n|turn|10\n|\n|t:|1696777728\n|move|p2b: Greninja|Scald|p1b: Kingambit\n|-damage|p1b: Kingambit|65\/100\n|-status|p1b: Kingambit|brn\n|move|p2a: Togekiss|Zap Cannon|p1b: Kingambit\n|-damage|p1b: Kingambit|26\/100 brn\n|move|p1a: Alcremie|Decorate|p1b: Kingambit\n|-boost|p1b: Kingambit|atk|2\n|-boost|p1b: Kingambit|spa|2\n|-enditem|p2b: Greninja|Mirror Herb\n|-boost|p2b: Greninja|atk|2|[from] item: Mirror Herb\n|-boost|p2b: Greninja|spa|2|[from] item: Mirror Herb\n|move|p1b: Kingambit|Power-Up Punch|p2b: Greninja\n|-supereffective|p2b: Greninja\n|-damage|p2b: Greninja|0 fnt\n|faint|p2b: Greninja\n|\n|-damage|p1b: Kingambit|20\/100 brn|[from] brn\n|upkeep\n|\n|t:|1696777739\n|switch|p2b: Baxcalibur|Baxcalibur, M|100\/100\n|turn|11\n|\n|t:|1696777752\n|move|p1b: Kingambit|Sucker Punch|p2b: Baxcalibur\n|-supereffective|p2b: Baxcalibur\n|-damage|p2b: Baxcalibur|0 fnt\n|replace|p2b: Zoroark|Zoroark-Hisui, F\n|-end|p2b: Zoroark|Illusion\n|faint|p2b: Zoroark\n|move|p2a: Togekiss|Air Slash|p1b: Kingambit\n|-resisted|p1b: Kingambit\n|-damage|p1b: Kingambit|1\/100 brn\n|move|p1a: Alcremie|Aromatherapy|p1a: Alcremie\n|-activate|p1a: Alcremie|move: Aromatherapy\n|-curestatus|p1b: Kingambit|brn|[msg]\n|\n|upkeep\n|\n|t:|1696777756\n|switch|p2b: Baxcalibur|Baxcalibur, M|100\/100\n|turn|12\n|\n|t:|1696777779\n|-terastallize|p2b: Baxcalibur|Steel\n|move|p1b: Kingambit|Sucker Punch|p2b: Baxcalibur\n|-damage|p2b: Baxcalibur|0 fnt\n|faint|p2b: Baxcalibur\n|move|p2a: Togekiss|Air Slash|p1b: Kingambit\n|-resisted|p1b: Kingambit\n|-damage|p1b: Kingambit|0 fnt\n|faint|p1b: Kingambit\n|-end|p1b: Kingambit|fallen4|[silent]\n|move|p1a: Alcremie|Encore|p2a: Togekiss\n|-start|p2a: Togekiss|Encore\n|\n|upkeep\n|turn|13\n|c|\u2606GorgeousIvys|gg\n|-message|GorgeousIvys forfeited.\n|\n|win|Voadera\n|raw|GorgeousIvys's rating: 1103 &rarr; <strong>1081<\/strong><br \/>(-22 for losing)\n|raw|Voadera's rating: 1139 &rarr; <strong>1161<\/strong><br \/>(+22 for winning)\n|l|\u2606GorgeousIvys\n","uploadtime":1696777866,"views":4,"p1id":"gorgeousivys","p2id":"voadera","formatid":"gen9nationaldexdoubles","rating":1081,"private":0,"password":""}