{"id":"gen9nationaldexdoubles-1997457751","p1":"PidgeonQYT","p2":"understablylame","format":"[Gen 9] National Dex Doubles","log":"|j|\u2606PidgeonQYT\n|j|\u2606understablylame\n|t:|1700808736\n|gametype|doubles\n|player|p1|PidgeonQYT|steven|1022\n|player|p2|understablylame|1|1122\n|teamsize|p1|6\n|teamsize|p2|6\n|gen|9\n|tier|[Gen 9] National Dex Doubles\n|rated|\n|rule|HP Percentage Mod: HP is shown in percentages\n|rule|Endless Battle Clause: Forcing endless battles is banned\n|rule|OHKO Clause: OHKO moves are banned\n|rule|Evasion Moves Clause: Evasion moves are banned\n|rule|Evasion Abilities Clause: Evasion abilities are banned\n|rule|Species Clause: Limit one of each Pok\u00e9mon\n|rule|Gravity Sleep Clause: The combination of sleep-inducing moves with imperfect accuracy and Gravity or Gigantamax Orbeetle are banned\n|clearpoke\n|poke|p1|Clefairy, M|\n|poke|p1|Eevee, M|\n|poke|p1|Iron Valiant|\n|poke|p1|Landorus-Therian, M|\n|poke|p1|Flutter Mane|\n|poke|p1|Ursaluna-Bloodmoon, M|\n|poke|p2|Manectric, M|\n|poke|p2|Gastrodon, F|\n|poke|p2|Tatsugiri, M|\n|poke|p2|Zebstrika, F|\n|poke|p2|Garchomp, F|\n|poke|p2|Ogerpon-Wellspring, F|\n|teampreview\n|inactive|Battle timer is ON: inactive players will automatically lose when time's up. (requested by PidgeonQYT)\n|\n|t:|1700808744\n|start\n|switch|p1a: Flying Dog?|Landorus-Therian, M|100\/100\n|switch|p1b: Melody|Eevee, M|100\/100\n|switch|p2a: Gastrodon|Gastrodon, F|100\/100\n|switch|p2b: Tatsugiri|Tatsugiri, M|100\/100\n|-ability|p1a: Flying Dog?|Intimidate|boost\n|-unboost|p2a: Gastrodon|atk|1\n|-unboost|p2b: Tatsugiri|atk|1\n|turn|1\n|\n|t:|1700808767\n|move|p1b: Melody|Protect|p1b: Melody\n|-singleturn|p1b: Melody|Protect\n|move|p1a: Flying Dog?|Rock Slide|p2a: Gastrodon|[spread] p2a,p2b\n|-resisted|p2a: Gastrodon\n|-damage|p2a: Gastrodon|89\/100\n|-damage|p2b: Tatsugiri|58\/100\n|move|p2b: Tatsugiri|Surf|p1a: Flying Dog?|[spread] p1a\n|-activate|p1b: Melody|move: Protect\n|-ability|p2a: Gastrodon|Storm Drain|boost\n|-boost|p2a: Gastrodon|spa|1\n|-supereffective|p1a: Flying Dog?\n|-damage|p1a: Flying Dog?|0 fnt\n|faint|p1a: Flying Dog?\n|-damage|p2b: Tatsugiri|48\/100|[from] item: Life Orb\n|move|p2a: Gastrodon|Surf|p1b: Melody|[spread] \n|-activate|p1b: Melody|move: Protect\n|-ability|p2b: Tatsugiri|Storm Drain|boost\n|-boost|p2b: Tatsugiri|spa|1\n|\n|-heal|p2a: Gastrodon|96\/100|[from] item: Leftovers\n|upkeep\n|inactive|PidgeonQYT has 120 seconds left.\n|\n|t:|1700808789\n|switch|p1a: Michael|Iron Valiant|100\/100\n|-enditem|p1a: Michael|Booster Energy\n|-activate|p1a: Michael|ability: Quark Drive|[fromitem]\n|-start|p1a: Michael|quarkdrivespe\n|turn|2\n|\n|t:|1700808803\n|-terastallize|p2b: Tatsugiri|Steel\n|move|p1a: Michael|Energy Ball|p2a: Gastrodon\n|-supereffective|p2a: Gastrodon\n|-damage|p2a: Gastrodon|16\/100\n|move|p2b: Tatsugiri|Surf|p1a: Michael|[spread] p1a,p1b\n|-ability|p2a: Gastrodon|Storm Drain|boost\n|-boost|p2a: Gastrodon|spa|1\n|-damage|p1a: Michael|0 fnt\n|-damage|p1b: Melody|30\/100\n|faint|p1a: Michael\n|-end|p1a: Michael|Quark Drive|[silent]\n|-damage|p2b: Tatsugiri|38\/100|[from] item: Life Orb\n|-zpower|p1b: Melody\n|move|p1b: Melody|Extreme Evoboost|p1b: Melody\n|-boost|p1b: Melody|atk|2\n|-boost|p1b: Melody|def|2\n|-boost|p1b: Melody|spa|2\n|-boost|p1b: Melody|spd|2\n|-boost|p1b: Melody|spe|2\n|move|p2a: Gastrodon|Surf|p1b: Melody|[spread] p1b\n|-ability|p2b: Tatsugiri|Storm Drain|boost\n|-boost|p2b: Tatsugiri|spa|1\n|-damage|p1b: Melody|5\/100\n|\n|-heal|p2a: Gastrodon|22\/100|[from] item: Leftovers\n|upkeep\n|inactive|PidgeonQYT has 120 seconds left.\n|\n|t:|1700808825\n|switch|p1a: Nightmares|Ursaluna-Bloodmoon, M|100\/100\n|turn|3\n|\n|t:|1700808833\n|move|p1a: Nightmares|Protect|p1a: Nightmares\n|-singleturn|p1a: Nightmares|Protect\n|move|p1b: Melody|Baton Pass|p1b: Melody\n|\n|t:|1700808837\n|switch|p1b: Flutter Main|Flutter Mane|100\/100|[from] Baton Pass\n|move|p2b: Tatsugiri|Surf|p1b: Flutter Main|[spread] p1b\n|-activate|p1a: Nightmares|move: Protect\n|-ability|p2a: Gastrodon|Storm Drain|boost\n|-boost|p2a: Gastrodon|spa|1\n|-damage|p1b: Flutter Main|59\/100\n|-damage|p2b: Tatsugiri|28\/100|[from] item: Life Orb\n|move|p2a: Gastrodon|Surf|p1b: Flutter Main|[spread] p1b\n|-activate|p1a: Nightmares|move: Protect\n|-ability|p2b: Tatsugiri|Storm Drain|boost\n|-boost|p2b: Tatsugiri|spa|1\n|-damage|p1b: Flutter Main|26\/100\n|\n|-heal|p2a: Gastrodon|28\/100|[from] item: Leftovers\n|upkeep\n|turn|4\n|\n|t:|1700808858\n|-terastallize|p1b: Flutter Main|Fairy\n|move|p1b: Flutter Main|Dazzling Gleam|p2a: Gastrodon|[spread] p2a,p2b\n|-resisted|p2b: Tatsugiri\n|-damage|p2a: Gastrodon|0 fnt\n|-damage|p2b: Tatsugiri|0 fnt\n|faint|p2a: Gastrodon\n|faint|p2b: Tatsugiri\n|move|p1a: Nightmares|Blood Moon|p2: Gastrodon|[notarget]\n|-fail|p1a: Nightmares\n|\n|upkeep\n|\n|t:|1700808865\n|switch|p2b: Ogerpon|Ogerpon-Wellspring, F|100\/100\n|switch|p2a: Garchomp|Garchomp, F|100\/100\n|turn|5\n|\n|t:|1700808874\n|detailschange|p2a: Garchomp|Garchomp-Mega, F\n|-mega|p2a: Garchomp|Garchomp|Garchompite\n|move|p1b: Flutter Main|Dazzling Gleam|p2a: Garchomp|[spread] p2a,p2b\n|-supereffective|p2a: Garchomp\n|-damage|p2a: Garchomp|0 fnt\n|-damage|p2b: Ogerpon|0 fnt\n|faint|p2a: Garchomp\n|faint|p2b: Ogerpon\n|move|p1a: Nightmares|Moonblast|p2: Garchomp|[notarget]\n|-fail|p1a: Nightmares\n|\n|upkeep\n|\n|t:|1700808877\n|switch|p2a: Zebstrika|Zebstrika, F|100\/100\n|switch|p2b: Manectric|Manectric, M|100\/100\n|turn|6\n|\n|t:|1700808895\n|move|p1b: Flutter Main|Dazzling Gleam|p2a: Zebstrika|[spread] p2a,p2b\n|-damage|p2a: Zebstrika|0 fnt\n|-damage|p2b: Manectric|0 fnt\n|faint|p2a: Zebstrika\n|faint|p2b: Manectric\n|\n|win|PidgeonQYT\n|raw|PidgeonQYT's rating: 1022 &rarr; <strong>1067<\/strong><br \/>(+45 for winning)\n|raw|understablylame's rating: 1097 &rarr; <strong>1067<\/strong><br \/>(-30 for losing)\n|l|\u2606understablylame\n|c|\u2606PidgeonQYT|gg\n","uploadtime":1700808912,"views":4,"p1id":"pidgeonqyt","p2id":"understablylame","formatid":"gen9nationaldexdoubles","rating":1067,"private":0,"password":""}