{"id":"gen9nationaldexdoubles-1977843017","p1":"Marlene 420","p2":"JTP2000","format":"[Gen 9] National Dex Doubles","log":"|j|\u2606Marlene 420\n|j|\u2606JTP2000\n|t:|1698456416\n|gametype|doubles\n|player|p1|Marlene 420|cheryl|1093\n|player|p2|JTP2000|raihan|1350\n|teamsize|p1|6\n|teamsize|p2|6\n|gen|9\n|tier|[Gen 9] National Dex Doubles\n|rated|\n|rule|HP Percentage Mod: HP is shown in percentages\n|rule|Endless Battle Clause: Forcing endless battles is banned\n|rule|OHKO Clause: OHKO moves are banned\n|rule|Evasion Moves Clause: Evasion moves are banned\n|rule|Evasion Abilities Clause: Evasion abilities are banned\n|rule|Species Clause: Limit one of each Pok\u00e9mon\n|rule|Gravity Sleep Clause: The combination of sleep-inducing moves with imperfect accuracy and Gravity or Gigantamax Orbeetle are banned\n|clearpoke\n|poke|p1|Pheromosa|\n|poke|p1|Diancie|\n|poke|p1|Lopunny, F|\n|poke|p1|Gardevoir, F|\n|poke|p1|Meloetta|\n|poke|p1|Hatterene, F|\n|poke|p2|Tyranitar, M|\n|poke|p2|Excadrill, M|\n|poke|p2|Ogerpon-Wellspring, F|\n|poke|p2|Tornadus, M|\n|poke|p2|Flutter Mane|\n|poke|p2|Incineroar, M|\n|teampreview\n|inactive|Battle timer is ON: inactive players will automatically lose when time's up. (requested by Marlene 420)\n|inactive|JTP2000 has 120 seconds left.\n|inactive|JTP2000 has 90 seconds left.\n|inactive|JTP2000 has 60 seconds left.\n|\n|t:|1698456533\n|start\n|switch|p1a: Katherine|Hatterene, F|100\/100\n|switch|p1b: Lola|Lopunny, F, shiny|100\/100\n|switch|p2a: Tornadus|Tornadus, M|100\/100\n|switch|p2b: King|Incineroar, M|100\/100\n|-ability|p2b: King|Intimidate|boost\n|-unboost|p1a: Katherine|atk|1\n|-unboost|p1b: Lola|atk|1\n|turn|1\n|inactive|JTP2000 has 120 seconds left.\n|\n|t:|1698456558\n|detailschange|p1b: Lola|Lopunny-Mega, F, shiny\n|-mega|p1b: Lola|Lopunny|Lopunnite\n|move|p1b: Lola|Fake Out|p2b: King\n|-damage|p2b: King|87\/100\n|cant|p2b: King|flinch\n|-zpower|p2a: Tornadus\n|move|p2a: Tornadus|Supersonic Skystrike|p1b: Lola|[zeffect]\n|-supereffective|p1b: Lola\n|-damage|p1b: Lola|0 fnt\n|faint|p1b: Lola\n|move|p1a: Katherine|Calm Mind|p1a: Katherine\n|-boost|p1a: Katherine|spa|1\n|-boost|p1a: Katherine|spd|1\n|\n|upkeep\n|inactive|Marlene 420 has 120 seconds left.\n|\n|t:|1698456576\n|switch|p1b: Dianita|Diancie|100\/100\n|turn|2\n|inactive|JTP2000 has 120 seconds left.\n|\n|t:|1698456602\n|move|p2a: Tornadus|Bleakwind Storm|p1b: Dianita|[spread] p1b\n|-miss|p2a: Tornadus|p1a: Katherine\n|-resisted|p1b: Dianita\n|-damage|p1b: Dianita|86\/100\n|move|p2b: King|Knock Off|p1a: Katherine\n|-damage|p1a: Katherine|59\/100\n|-enditem|p1a: Katherine|Leftovers|[from] move: Knock Off|[of] p2b: King\n|move|p1b: Dianita|Diamond Storm|p2a: Tornadus|[spread] p2a,p2b\n|-supereffective|p2a: Tornadus\n|-supereffective|p2b: King\n|-damage|p2a: Tornadus|28\/100\n|-damage|p2b: King|38\/100\n|-enditem|p2b: King|Sitrus Berry|[eat]\n|-heal|p2b: King|63\/100|[from] item: Sitrus Berry\n|move|p1a: Katherine|Draining Kiss|p2b: King\n|-damage|p2b: King|40\/100\n|-heal|p1a: Katherine|80\/100|[from] drain|[of] p2b: King\n|\n|-heal|p1b: Dianita|92\/100|[from] item: Leftovers\n|upkeep\n|turn|3\n|inactive|JTP2000 has 120 seconds left.\n|\n|t:|1698456638\n|move|p2a: Tornadus|Tailwind|p2a: Tornadus\n|-sidestart|p2: JTP2000|move: Tailwind\n|move|p2b: King|Knock Off|p1a: Katherine\n|-damage|p1a: Katherine|49\/100\n|move|p1b: Dianita|Diamond Storm|p2b: King|[spread] p2a,p2b\n|-supereffective|p2a: Tornadus\n|-supereffective|p2b: King\n|-damage|p2a: Tornadus|0 fnt\n|-damage|p2b: King|0 fnt\n|faint|p2a: Tornadus\n|faint|p2b: King\n|move|p1a: Katherine|Calm Mind|p1a: Katherine\n|-boost|p1a: Katherine|spa|1\n|-boost|p1a: Katherine|spd|1\n|\n|-heal|p1b: Dianita|98\/100|[from] item: Leftovers\n|upkeep\n|\n|t:|1698456648\n|switch|p2a: Gurren|Tyranitar, M|100\/100\n|switch|p2b: Lagann|Excadrill, M|100\/100\n|-weather|Sandstorm|[from] ability: Sand Stream|[of] p2a: Gurren\n|turn|4\n|\n|t:|1698456664\n|detailschange|p2a: Gurren|Tyranitar-Mega, M\n|-mega|p2a: Gurren|Tyranitar|Tyranitarite\n|move|p2b: Lagann|Iron Head|p1b: Dianita\n|-supereffective|p1b: Dianita\n|-damage|p1b: Dianita|0 fnt\n|faint|p1b: Dianita\n|move|p2a: Gurren|Knock Off|p1a: Katherine\n|-damage|p1a: Katherine|6\/100\n|move|p1a: Katherine|Mystical Fire|p2b: Lagann\n|-supereffective|p2b: Lagann\n|-damage|p2b: Lagann|0 fnt\n|faint|p2b: Lagann\n|\n|-weather|Sandstorm|[upkeep]\n|-damage|p1a: Katherine|0 fnt|[from] Sandstorm\n|faint|p1a: Katherine\n|upkeep\n|\n|t:|1698456687\n|switch|p2b: Oni Sister|Ogerpon-Wellspring, F|100\/100\n|switch|p1b: Melody|Meloetta|100\/100\n|switch|p1a: Gardenia|Gardevoir, F|100\/100\n|-ability|p1a: Gardenia|Water Absorb|[from] ability: Trace|[of] p2b: Oni Sister\n|turn|5\n|\n|t:|1698456702\n|-terastallize|p2b: Oni Sister|Water\n|detailschange|p2b: Oni Sister|Ogerpon-Wellspring-Tera, F, tera:Water\n|-ability|p2b: Oni Sister|Embody Aspect (Wellspring)|boost\n|-boost|p2b: Oni Sister|spd|1\n|move|p2b: Oni Sister|Ivy Cudgel|p1a: Gardenia\n|-immune|p1a: Gardenia|[from] ability: Water Absorb\n|move|p2a: Gurren|Knock Off|p1b: Melody\n|-supereffective|p1b: Melody\n|-damage|p1b: Melody|7\/100\n|move|p1a: Gardenia|Thunderbolt|p2b: Oni Sister\n|-supereffective|p2b: Oni Sister\n|-damage|p2b: Oni Sister|58\/100\n|move|p1b: Melody|Relic Song|p2b: Oni Sister|[spread] p2a,p2b\n|-resisted|p2a: Gurren\n|-damage|p2a: Gurren|96\/100\n|-damage|p2b: Oni Sister|45\/100\n|-formechange|p1b: Melody|Meloetta-Pirouette|[msg]\n|\n|-weather|Sandstorm|[upkeep]\n|-damage|p2b: Oni Sister|39\/100|[from] Sandstorm\n|-damage|p1a: Gardenia|94\/100|[from] Sandstorm\n|-damage|p1b: Melody|1\/100|[from] Sandstorm\n|upkeep\n|turn|6\n|\n|t:|1698456725\n|move|p2b: Oni Sister|Spiky Shield|p2b: Oni Sister\n|-singleturn|p2b: Oni Sister|move: Protect\n|move|p2a: Gurren|Protect|p2a: Gurren\n|-singleturn|p2a: Gurren|Protect\n|move|p1a: Gardenia|Thunderbolt|p2b: Oni Sister\n|-activate|p2b: Oni Sister|move: Protect\n|move|p1b: Melody|Close Combat|p2a: Gurren\n|-activate|p2a: Gurren|move: Protect\n|\n|-weather|Sandstorm|[upkeep]\n|-damage|p2b: Oni Sister|33\/100|[from] Sandstorm\n|-damage|p1a: Gardenia|88\/100|[from] Sandstorm\n|-damage|p1b: Melody|0 fnt|[from] Sandstorm\n|faint|p1b: Melody\n|-sideend|p2: JTP2000|move: Tailwind\n|upkeep\n|inactive|Marlene 420 has 120 seconds left.\n|\n|t:|1698456742\n|switch|p1b: Phersefone|Pheromosa, shiny|100\/100\n|turn|7\n|\n|t:|1698456771\n|switch|p2b: Flutter Mane|Flutter Mane|100\/100\n|move|p1b: Phersefone|High Jump Kick|p2a: Gurren\n|-supereffective|p2a: Gurren\n|-damage|p2a: Gurren|0 fnt\n|faint|p2a: Gurren\n|-ability|p1b: Phersefone|Beast Boost|boost\n|-boost|p1b: Phersefone|spe|1\n|-damage|p1b: Phersefone|91\/100|[from] item: Life Orb\n|move|p1a: Gardenia|Thunderbolt|p2b: Flutter Mane\n|-damage|p2b: Flutter Mane|74\/100\n|\n|-weather|Sandstorm|[upkeep]\n|-damage|p1b: Phersefone|85\/100|[from] Sandstorm\n|-damage|p1a: Gardenia|82\/100|[from] Sandstorm\n|upkeep\n|\n|t:|1698456774\n|switch|p2a: Oni Sister|Ogerpon-Wellspring-Tera, F, tera:Water|33\/100\n|-ability|p2a: Oni Sister|Embody Aspect (Wellspring)|boost\n|-boost|p2a: Oni Sister|spd|1\n|turn|8\n|\n|t:|1698456795\n|move|p2a: Oni Sister|Follow Me|p2a: Oni Sister\n|-singleturn|p2a: Oni Sister|move: Follow Me\n|move|p1b: Phersefone|Poison Jab|p2a: Oni Sister\n|-damage|p2a: Oni Sister|0 fnt\n|faint|p2a: Oni Sister\n|-ability|p1b: Phersefone|Beast Boost|boost\n|-boost|p1b: Phersefone|spe|1\n|-damage|p1b: Phersefone|75\/100|[from] item: Life Orb\n|move|p1a: Gardenia|Thunderbolt|p2b: Flutter Mane\n|-damage|p2b: Flutter Mane|44\/100\n|move|p2b: Flutter Mane|Moonblast|p1b: Phersefone\n|-supereffective|p1b: Phersefone\n|-damage|p1b: Phersefone|0 fnt\n|faint|p1b: Phersefone\n|\n|-weather|none\n|upkeep\n|turn|9\n|\n|t:|1698456815\n|move|p1a: Gardenia|Thunderbolt|p2b: Flutter Mane\n|-damage|p2b: Flutter Mane|14\/100\n|move|p2b: Flutter Mane|Shadow Ball|p1a: Gardenia\n|-supereffective|p1a: Gardenia\n|-damage|p1a: Gardenia|1\/100\n|\n|upkeep\n|turn|10\n|\n|t:|1698456824\n|move|p1a: Gardenia|Thunderbolt|p2b: Flutter Mane\n|-damage|p2b: Flutter Mane|0 fnt\n|faint|p2b: Flutter Mane\n|-end|p2b: Flutter Mane|Protosynthesis|[silent]\n|\n|win|Marlene 420\n|raw|Marlene 420's rating: 1093 &rarr; <strong>1135<\/strong><br \/>(+42 for winning)\n|raw|JTP2000's rating: 1350 &rarr; <strong>1317<\/strong><br \/>(-33 for losing)\n|l|\u2606JTP2000\n|l|\u2606Marlene 420\n|j|\u2606Marlene 420\n|player|p1|Marlene 420|cheryl\n","uploadtime":1698456842,"views":6,"p1id":"marlene420","p2id":"jtp2000","formatid":"gen9nationaldexdoubles","rating":1135,"private":0,"password":""}