{"id":"gen9nationaldexdoubles-1991099470","p1":"LightTheLurker","p2":"Wallofwhales","format":"[Gen 9] National Dex Doubles","log":"|j|\u2606LightTheLurker\n|j|\u2606Wallofwhales\n|t:|1700042764\n|gametype|doubles\n|player|p1|LightTheLurker|volkner|1213\n|player|p2|Wallofwhales|102|1000\n|teamsize|p1|6\n|teamsize|p2|6\n|gen|9\n|tier|[Gen 9] National Dex Doubles\n|rated|\n|rule|HP Percentage Mod: HP is shown in percentages\n|rule|Endless Battle Clause: Forcing endless battles is banned\n|rule|OHKO Clause: OHKO moves are banned\n|rule|Evasion Moves Clause: Evasion moves are banned\n|rule|Evasion Abilities Clause: Evasion abilities are banned\n|rule|Species Clause: Limit one of each Pok\u00e9mon\n|rule|Gravity Sleep Clause: The combination of sleep-inducing moves with imperfect accuracy and Gravity or Gigantamax Orbeetle are banned\n|clearpoke\n|poke|p1|Plusle, M|\n|poke|p1|Minun, F|\n|poke|p1|Lurantis, F|\n|poke|p1|Krookodile, F|\n|poke|p1|Minior-Violet|\n|poke|p1|Braixen, F|\n|poke|p2|Greninja-*, F|\n|poke|p2|Charizard, M|\n|poke|p2|Sunflora, M|\n|poke|p2|Torkoal, M|\n|poke|p2|Great Tusk|\n|poke|p2|Blissey, F|\n|teampreview\n|inactive|Battle timer is ON: inactive players will automatically lose when time's up. (requested by Wallofwhales)\n|\n|t:|1700042799\n|start\n|switch|p1a: Frill|Lurantis, F|100\/100\n|switch|p1b: Kana|Braixen, F|100\/100\n|switch|p2a: Blissey|Blissey, F|100\/100\n|switch|p2b: Great Tusk|Great Tusk|100\/100\n|turn|1\n|\n|t:|1700042814\n|move|p2b: Great Tusk|Megahorn|p1a: Frill\n|-supereffective|p1a: Frill\n|-damage|p1a: Frill|0 fnt\n|faint|p1a: Frill\n|move|p2a: Blissey|Stealth Rock|p1b: Kana\n|-sidestart|p1: LightTheLurker|move: Stealth Rock\n|move|p1b: Kana|Substitute|p1b: Kana\n|-start|p1b: Kana|Substitute\n|-damage|p1b: Kana|76\/100\n|\n|upkeep\n|\n|t:|1700042831\n|switch|p1a: Ai|Minior-Violet|100\/100\n|-damage|p1a: Ai|76\/100|[from] Stealth Rock\n|-formechange|p1a: Ai|Minior-Meteor||[from] ability: Shields Down\n|turn|2\n|\n|t:|1700042846\n|-end|p2b: Great Tusk|Protosynthesis|[silent]\n|switch|p2b: Torkoal|Torkoal, M|100\/100\n|-weather|SunnyDay|[from] ability: Drought|[of] p2b: Torkoal\n|move|p1a: Ai|Shell Smash|p1a: Ai\n|-unboost|p1a: Ai|def|1\n|-unboost|p1a: Ai|spd|1\n|-boost|p1a: Ai|atk|2\n|-boost|p1a: Ai|spa|2\n|-boost|p1a: Ai|spe|2\n|-enditem|p1a: Ai|White Herb\n|-clearnegativeboost|p1a: Ai|[silent]\n|move|p2a: Blissey|Thunder Wave|p1a: Ai\n|-immune|p1a: Ai|[from] ability: Shields Down\n|move|p1b: Kana|Calm Mind|p1b: Kana\n|-boost|p1b: Kana|spa|1\n|-boost|p1b: Kana|spd|1\n|\n|-weather|SunnyDay|[upkeep]\n|upkeep\n|turn|3\n|\n|t:|1700042874\n|move|p1a: Ai|Rock Slide|p2a: Blissey|[spread] p2a,p2b\n|-supereffective|p2b: Torkoal\n|-damage|p2a: Blissey|26\/100\n|-damage|p2b: Torkoal|55\/100\n|move|p2a: Blissey|Blizzard|p1b: Kana|[spread] p1b\n|-miss|p2a: Blissey|p1a: Ai\n|-resisted|p1b: Kana\n|-activate|p1b: Kana|move: Substitute|[damage]\n|move|p1b: Kana|Psyshock|p2a: Blissey\n|-damage|p2a: Blissey|0 fnt\n|faint|p2a: Blissey\n|move|p2b: Torkoal|Heat Wave|p1b: Kana|[spread] p1a,p1b\n|-resisted|p1b: Kana\n|-activate|p1b: Kana|move: Substitute|[damage]\n|-resisted|p1a: Ai\n|-crit|p1a: Ai\n|-damage|p1a: Ai|44\/100\n|\n|-weather|SunnyDay|[upkeep]\n|-formechange|p1a: Ai|Minior-Violet||[from] ability: Shields Down\n|upkeep\n|inactive|Wallofwhales has 120 seconds left.\n|\n|t:|1700042898\n|switch|p2a: Great Tusk|Great Tusk|100\/100\n|-activate|p2a: Great Tusk|ability: Protosynthesis\n|-start|p2a: Great Tusk|protosynthesisatk\n|turn|4\n|\n|t:|1700042908\n|move|p1a: Ai|Acrobatics|p2a: Great Tusk\n|-supereffective|p2a: Great Tusk\n|-damage|p2a: Great Tusk|0 fnt\n|faint|p2a: Great Tusk\n|-end|p2a: Great Tusk|Protosynthesis|[silent]\n|move|p1b: Kana|Psyshock|p2b: Torkoal\n|-damage|p2b: Torkoal|40\/100\n|move|p2b: Torkoal|Earth Power|p1b: Kana\n|-supereffective|p1b: Kana\n|-end|p1b: Kana|Substitute\n|\n|-weather|SunnyDay|[upkeep]\n|upkeep\n|\n|t:|1700042919\n|switch|p2a: Sunflora|Sunflora, M|100\/100\n|turn|5\n|\n|t:|1700042929\n|move|p1a: Ai|Rock Slide|p2b: Torkoal|[spread] p2a,p2b\n|-supereffective|p2b: Torkoal\n|-damage|p2a: Sunflora|0 fnt\n|-damage|p2b: Torkoal|0 fnt\n|faint|p2a: Sunflora\n|faint|p2b: Torkoal\n|move|p1b: Kana|Substitute|p1b: Kana\n|-start|p1b: Kana|Substitute\n|-damage|p1b: Kana|51\/100\n|\n|-weather|SunnyDay|[upkeep]\n|upkeep\n|\n|t:|1700042938\n|switch|p2a: Greninja|Greninja, F|100\/100\n|switch|p2b: Charizard|Charizard, M|100\/100\n|turn|6\n|\n|t:|1700042955\n|detailschange|p2b: Charizard|Charizard-Mega-Y, M\n|-mega|p2b: Charizard|Charizard|Charizardite Y\n|move|p1a: Ai|Acrobatics|p2a: Greninja\n|-crit|p2a: Greninja\n|-damage|p2a: Greninja|0 fnt\n|faint|p2a: Greninja\n|move|p2b: Charizard|Fire Pledge|p1a: Ai\n|-resisted|p1a: Ai\n|-damage|p1a: Ai|0 fnt\n|faint|p1a: Ai\n|move|p1b: Kana|Psyshock|p2b: Charizard\n|-damage|p2b: Charizard|65\/100\n|\n|-weather|SunnyDay|[upkeep]\n|upkeep\n|\n|t:|1700042963\n|switch|p1a: Ichigo|Krookodile, F|100\/100\n|-damage|p1a: Ichigo|94\/100|[from] Stealth Rock\n|-ability|p1a: Ichigo|Intimidate|boost\n|-unboost|p2b: Charizard|atk|1\n|turn|7\n|\n|t:|1700042974\n|move|p2b: Charizard|Solar Beam||[still]\n|-prepare|p2b: Charizard|Solar Beam\n|-anim|p2b: Charizard|Solar Beam|p1a: Ichigo\n|-supereffective|p1a: Ichigo\n|-damage|p1a: Ichigo|0 fnt\n|faint|p1a: Ichigo\n|move|p1b: Kana|Psyshock|p2b: Charizard\n|-damage|p2b: Charizard|29\/100\n|\n|-weather|SunnyDay|[upkeep]\n|upkeep\n|\n|t:|1700042981\n|switch|p1a: Aqua|Minun, F|100\/100\n|-damage|p1a: Aqua|88\/100|[from] Stealth Rock\n|turn|8\n|\n|t:|1700042987\n|move|p1a: Aqua|Discharge|p2b: Charizard|[spread] p1b,p2b\n|-activate|p1b: Kana|move: Substitute|[damage]\n|-supereffective|p2b: Charizard\n|-crit|p2b: Charizard\n|-damage|p2b: Charizard|0 fnt\n|faint|p2b: Charizard\n|\n|win|LightTheLurker\n|raw|LightTheLurker's rating: 1213 &rarr; <strong>1224<\/strong><br \/>(+11 for winning)\n|raw|Wallofwhales's rating: 1000 &rarr; <strong>1000<\/strong><br \/>(+0 for losing)\n|l|\u2606Wallofwhales\n","uploadtime":1700042997,"views":11,"p1id":"lightthelurker","p2id":"wallofwhales","formatid":"gen9nationaldexdoubles","rating":1000,"private":0,"password":""}