{"id":"gen9nationaldexdoubles-1958271728","p1":"the maraculous","p2":"maelthael7","format":"[Gen 9] National Dex Doubles","log":"|j|\u2606the maraculous\n|j|\u2606maelthael7\n|t:|1696305002\n|gametype|doubles\n|player|p1|the maraculous|dragontamer|1361\n|player|p2|maelthael7|lucas-gen4pt|1229\n|teamsize|p1|6\n|teamsize|p2|6\n|gen|9\n|tier|[Gen 9] National Dex Doubles\n|rated|\n|rule|HP Percentage Mod: HP is shown in percentages\n|rule|Endless Battle Clause: Forcing endless battles is banned\n|rule|OHKO Clause: OHKO moves are banned\n|rule|Evasion Moves Clause: Evasion moves are banned\n|rule|Evasion Abilities Clause: Evasion abilities are banned\n|rule|Species Clause: Limit one of each Pok\u00e9mon\n|rule|Gravity Sleep Clause: The combination of sleep-inducing moves with imperfect accuracy and Gravity or Gigantamax Orbeetle are banned\n|clearpoke\n|poke|p1|Xurkitree|\n|poke|p1|Iron Valiant|\n|poke|p1|Chandelure, F|\n|poke|p1|Landorus-Therian, M|\n|poke|p1|Kartana|\n|poke|p1|Farigiraf, F|\n|poke|p2|Gardevoir, M|\n|poke|p2|Iron Hands|\n|poke|p2|Indeedee-F, F|\n|poke|p2|Ursaluna, M|\n|poke|p2|Cresselia, F|\n|poke|p2|Amoonguss, M|\n|teampreview\n|inactive|Battle timer is ON: inactive players will automatically lose when time's up. (requested by maelthael7)\n|\n|t:|1696305010\n|start\n|switch|p1a: Chandelure|Chandelure, F|100\/100\n|switch|p1b: Xurkitree|Xurkitree|100\/100\n|switch|p2a: Gardevoir|Gardevoir, M, shiny|100\/100\n|switch|p2b: Indeedee|Indeedee-F, F|100\/100\n|-ability|p2a: Gardevoir|Flash Fire|[from] ability: Trace|[of] p1a: Chandelure\n|-fieldstart|move: Psychic Terrain|[from] ability: Psychic Surge|[of] p2b: Indeedee\n|-item|p1a: Chandelure|Air Balloon\n|turn|1\n|\n|t:|1696305018\n|detailschange|p2a: Gardevoir|Gardevoir-Mega, M, shiny\n|-mega|p2a: Gardevoir|Gardevoir|Gardevoirite\n|move|p2b: Indeedee|Follow Me|p2b: Indeedee\n|-singleturn|p2b: Indeedee|move: Follow Me\n|move|p2a: Gardevoir|Expanding Force|p1a: Chandelure|[spread] p1a,p1b\n|-damage|p1a: Chandelure|13\/100\n|-damage|p1b: Xurkitree|0 fnt\n|-enditem|p1a: Chandelure|Air Balloon\n|faint|p1b: Xurkitree\n|move|p1a: Chandelure|Imprison|p1a: Chandelure\n|-start|p1a: Chandelure|move: Imprison\n|\n|upkeep\n|\n|t:|1696305027\n|switch|p1b: Iron Valiant|Iron Valiant|100\/100\n|turn|2\n|\n|t:|1696305035\n|move|p2b: Indeedee|Follow Me|p2b: Indeedee\n|-singleturn|p2b: Indeedee|move: Follow Me\n|move|p1b: Iron Valiant|Destiny Bond|p1b: Iron Valiant\n|-singlemove|p1b: Iron Valiant|Destiny Bond\n|move|p2a: Gardevoir|Hyper Voice|p1a: Chandelure|[spread] p1a,p1b\n|-resisted|p1a: Chandelure\n|-supereffective|p1b: Iron Valiant\n|-damage|p1a: Chandelure|0 fnt\n|-damage|p1b: Iron Valiant|0 fnt\n|faint|p1a: Chandelure\n|faint|p1b: Iron Valiant\n|-activate|p1b: Iron Valiant|move: Destiny Bond\n|-end|p1b: Iron Valiant|Quark Drive|[silent]\n|faint|p2a: Gardevoir\n|\n|upkeep\n|\n|t:|1696305047\n|switch|p1b: Farigiraf|Farigiraf, F|100\/100\n|switch|p2a: Ursaluna|Ursaluna, M|100\/100\n|switch|p1a: Landorus|Landorus-Therian, M|100\/100\n|-ability|p1a: Landorus|Intimidate|boost\n|-unboost|p2a: Ursaluna|atk|1\n|-unboost|p2b: Indeedee|atk|1\n|turn|3\n|\n|t:|1696305059\n|switch|p2b: Amoonguss|Amoonguss, M|100\/100\n|move|p2a: Ursaluna|Protect|p2a: Ursaluna\n|-singleturn|p2a: Ursaluna|Protect\n|move|p1a: Landorus|Knock Off|p2b: Amoonguss\n|-damage|p2b: Amoonguss|67\/100\n|-damage|p1a: Landorus|84\/100|[from] item: Rocky Helmet|[of] p2b: Amoonguss\n|-enditem|p2b: Amoonguss|Rocky Helmet|[from] move: Knock Off|[of] p1a: Landorus\n|move|p1b: Farigiraf|Nasty Plot|p1b: Farigiraf\n|-boost|p1b: Farigiraf|spa|2\n|\n|-status|p2a: Ursaluna|brn|[from] item: Flame Orb\n|upkeep\n|turn|4\n|\n|t:|1696305087\n|-terastallize|p2a: Ursaluna|Normal\n|move|p2b: Amoonguss|Rage Powder|p2b: Amoonguss\n|-singleturn|p2b: Amoonguss|move: Rage Powder\n|move|p1a: Landorus|Stomping Tantrum|p2b: Amoonguss\n|-damage|p2b: Amoonguss|26\/100\n|move|p1b: Farigiraf|Hyper Voice|p2b: Amoonguss|[spread] p2a,p2b\n|-damage|p2a: Ursaluna|38\/100 brn\n|-damage|p2b: Amoonguss|0 fnt\n|faint|p2b: Amoonguss\n|move|p2a: Ursaluna|Facade|p1a: Landorus\n|-damage|p1a: Landorus|0 fnt\n|faint|p1a: Landorus\n|\n|-damage|p2a: Ursaluna|31\/100 brn|[from] brn\n|upkeep\n|\n|t:|1696305103\n|switch|p1a: Kartana|Kartana|100\/100\n|switch|p2b: Cresselia|Cresselia, F|100\/100\n|turn|5\n|\n|t:|1696305110\n|-terastallize|p1a: Kartana|Grass\n|move|p2a: Ursaluna|Protect|p2a: Ursaluna\n|-singleturn|p2a: Ursaluna|Protect\n|move|p1a: Kartana|Leaf Blade|p2b: Cresselia\n|-damage|p2b: Cresselia|51\/100\n|move|p1b: Farigiraf|Hyper Voice|p2b: Cresselia|[spread] p2b\n|-activate|p2a: Ursaluna|move: Protect\n|-damage|p2b: Cresselia|13\/100\n|move|p2b: Cresselia|Trick Room|p2b: Cresselia\n|-fieldstart|move: Trick Room|[of] p2b: Cresselia\n|\n|-damage|p2a: Ursaluna|25\/100 brn|[from] brn\n|-fieldend|move: Psychic Terrain\n|upkeep\n|turn|6\n|\n|t:|1696305129\n|move|p2a: Ursaluna|Earthquake|p1b: Farigiraf|[spread] p1a,p1b\n|-immune|p2b: Cresselia|[from] ability: Levitate\n|-resisted|p1a: Kartana\n|-damage|p1a: Kartana|78\/100\n|-damage|p1b: Farigiraf|53\/100\n|move|p1b: Farigiraf|Hyper Voice|p2a: Ursaluna|[spread] p2a,p2b\n|-damage|p2a: Ursaluna|0 fnt\n|-damage|p2b: Cresselia|0 fnt\n|faint|p2a: Ursaluna\n|faint|p2b: Cresselia\n|move|p1a: Kartana|Leaf Blade|p2: Ursaluna|[notarget]\n|-fail|p1a: Kartana\n|\n|-heal|p1b: Farigiraf|59\/100|[from] item: Leftovers\n|upkeep\n|\n|t:|1696305135\n|switch|p2a: Iron Hands|Iron Hands|100\/100\n|switch|p2b: Indeedee|Indeedee-F, F|100\/100\n|-fieldstart|move: Psychic Terrain|[from] ability: Psychic Surge|[of] p2b: Indeedee\n|turn|7\n|\n|t:|1696305148\n|move|p2b: Indeedee|Follow Me|p2b: Indeedee\n|-singleturn|p2b: Indeedee|move: Follow Me\n|move|p2a: Iron Hands|Swords Dance|p2a: Iron Hands\n|-boost|p2a: Iron Hands|atk|2\n|move|p1b: Farigiraf|Twin Beam|p2b: Indeedee\n|-resisted|p2b: Indeedee\n|-damage|p2b: Indeedee|76\/100\n|-resisted|p2b: Indeedee\n|-damage|p2b: Indeedee|55\/100\n|-hitcount|p2b: Indeedee|2\n|move|p1a: Kartana|Leaf Blade|p2b: Indeedee\n|-damage|p2b: Indeedee|0 fnt\n|faint|p2b: Indeedee\n|-ability|p1a: Kartana|Beast Boost|boost\n|-boost|p1a: Kartana|atk|1\n|\n|-heal|p1b: Farigiraf|65\/100|[from] item: Leftovers\n|upkeep\n|turn|8\n|\n|t:|1696305158\n|move|p2a: Iron Hands|Drain Punch|p1a: Kartana\n|-damage|p1a: Kartana|0 fnt\n|faint|p1a: Kartana\n|move|p1b: Farigiraf|Twin Beam|p2a: Iron Hands\n|-supereffective|p2a: Iron Hands\n|-damage|p2a: Iron Hands|20\/100\n|-enditem|p2a: Iron Hands|Sitrus Berry|[eat]\n|-heal|p2a: Iron Hands|45\/100|[from] item: Sitrus Berry\n|-supereffective|p2a: Iron Hands\n|-damage|p2a: Iron Hands|0 fnt\n|faint|p2a: Iron Hands\n|-end|p2a: Iron Hands|Quark Drive|[silent]\n|-hitcount|p2: Iron Hands|2\n|\n|win|the maraculous\n|raw|the maraculous's rating: 1361 &rarr; <strong>1374<\/strong><br \/>(+13 for winning)\n|raw|maelthael7's rating: 1229 &rarr; <strong>1213<\/strong><br \/>(-16 for losing)\n|l|\u2606maelthael7\n","uploadtime":1696305170,"views":12,"p1id":"themaraculous","p2id":"maelthael7","formatid":"gen9nationaldexdoubles","rating":1213,"private":0,"password":""}