{"id":"gen9nationaldexdoubles-1982879288","p1":"PanduxD","p2":"jffmm7","format":"[Gen 9] National Dex Doubles","log":"|j|\u2606PanduxD\n|j|\u2606jffmm7\n|t:|1699054205\n|gametype|doubles\n|player|p1|PanduxD|101|\n|player|p2|jffmm7|102|\n|teamsize|p1|6\n|teamsize|p2|6\n|gen|9\n|tier|[Gen 9] National Dex Doubles\n|rule|HP Percentage Mod: HP is shown in percentages\n|rule|Endless Battle Clause: Forcing endless battles is banned\n|rule|OHKO Clause: OHKO moves are banned\n|rule|Evasion Moves Clause: Evasion moves are banned\n|rule|Evasion Abilities Clause: Evasion abilities are banned\n|rule|Species Clause: Limit one of each Pok\u00e9mon\n|rule|Gravity Sleep Clause: The combination of sleep-inducing moves with imperfect accuracy and Gravity or Gigantamax Orbeetle are banned\n|clearpoke\n|poke|p1|Sprigatito, M|\n|poke|p1|Bulbasaur, F|\n|poke|p1|Totodile, F|\n|poke|p1|Riolu, M|\n|poke|p1|Scorbunny, F|\n|poke|p1|Larvitar, F|\n|poke|p2|Squirtle, F|\n|poke|p2|Chikorita, F|\n|poke|p2|Litten, M|\n|poke|p2|Scorbunny, F|\n|poke|p2|Larvitar, M|\n|poke|p2|Pichu, M|\n|teampreview\n|\n|t:|1699054229\n|start\n|switch|p1a: Rimuru|Riolu, M|100\/100\n|switch|p1b: Cebollino|Bulbasaur, F|100\/100\n|switch|p2a: Litten|Litten, M|100\/100\n|switch|p2b: Scorbunny|Scorbunny, F|100\/100\n|-ability|p2a: Litten|Intimidate|boost\n|-fail|p1a: Rimuru|unboost|Attack|[from] ability: Inner Focus|[of] p1a: Rimuru\n|-unboost|p1b: Cebollino|atk|1\n|turn|1\n|\n|t:|1699054261\n|-terastallize|p2a: Litten|Fairy\n|move|p1b: Cebollino|Protect|p1b: Cebollino\n|-singleturn|p1b: Cebollino|Protect\n|move|p2a: Litten|Double Kick|p1a: Rimuru\n|-damage|p1a: Rimuru|75\/100\n|-damage|p1a: Rimuru|50\/100\n|-hitcount|p1a: Rimuru|2\n|-damage|p2a: Litten|91\/100|[from] item: Life Orb\n|move|p1a: Rimuru|Swords Dance|p1a: Rimuru\n|-boost|p1a: Rimuru|atk|2\n|move|p2b: Scorbunny|U-turn|p1b: Cebollino\n|-start|p2b: Scorbunny|typechange|Bug|[from] ability: Libero\n|-activate|p1b: Cebollino|move: Protect\n|\n|upkeep\n|turn|2\n|\n|t:|1699054318\n|-terastallize|p1a: Rimuru|Flying\n|move|p2a: Litten|Double Kick|p1a: Rimuru\n|-resisted|p1a: Rimuru\n|-damage|p1a: Rimuru|38\/100\n|-resisted|p1a: Rimuru\n|-damage|p1a: Rimuru|26\/100\n|-hitcount|p1a: Rimuru|2\n|-damage|p2a: Litten|81\/100|[from] item: Life Orb\n|move|p1a: Rimuru|Rock Slide|p2a: Litten|[spread] p2a,p2b\n|-supereffective|p2b: Scorbunny\n|-damage|p2a: Litten|10\/100\n|-damage|p2b: Scorbunny|0 fnt\n|faint|p2b: Scorbunny\n|move|p1b: Cebollino|Sludge Bomb|p2a: Litten\n|-supereffective|p2a: Litten\n|-damage|p2a: Litten|0 fnt\n|faint|p2a: Litten\n|\n|upkeep\n|\n|t:|1699054337\n|switch|p2a: Larvitar|Larvitar, M|100\/100\n|switch|p2b: Chikorita|Chikorita, F|100\/100\n|turn|3\n|\n|t:|1699054365\n|move|p1a: Rimuru|Bullet Punch|p2a: Larvitar\n|-supereffective|p2a: Larvitar\n|-damage|p2a: Larvitar|44\/100\n|move|p1b: Cebollino|Sludge Bomb|p2b: Chikorita\n|-supereffective|p2b: Chikorita\n|-damage|p2b: Chikorita|54\/100\n|move|p2a: Larvitar|Rock Slide|p1b: Cebollino|[spread] p1a,p1b\n|-supereffective|p1a: Rimuru\n|-damage|p1a: Rimuru|0 fnt\n|-damage|p1b: Cebollino|82\/100\n|faint|p1a: Rimuru\n|move|p2b: Chikorita|Sunny Day|p2b: Chikorita\n|-weather|SunnyDay\n|\n|-weather|SunnyDay|[upkeep]\n|-status|p2a: Larvitar|brn|[from] item: Flame Orb\n|upkeep\n|\n|t:|1699054400\n|switch|p1a: Meowscarratin|Sprigatito, M|100\/100\n|turn|4\n|\n|t:|1699054472\n|move|p1a: Meowscarratin|Seed Bomb|p2a: Larvitar\n|-supereffective|p2a: Larvitar\n|-damage|p2a: Larvitar|0 fnt\n|faint|p2a: Larvitar\n|-damage|p1a: Meowscarratin|91\/100|[from] item: Life Orb\n|move|p1b: Cebollino|Sludge Bomb|p2b: Chikorita\n|-supereffective|p2b: Chikorita\n|-damage|p2b: Chikorita|8\/100\n|move|p2b: Chikorita|Iron Tail|p1b: Cebollino\n|-damage|p1b: Cebollino|62\/100\n|-unboost|p1b: Cebollino|def|1\n|\n|-weather|SunnyDay|[upkeep]\n|upkeep\n|\n|t:|1699054485\n|switch|p2a: Pichu|Pichu, M|100\/100\n|turn|5\n|\n|t:|1699054510\n|switch|p1b: Furro|Scorbunny, F|100\/100\n|move|p1a: Meowscarratin|U-turn|p2b: Chikorita\n|-start|p1a: Meowscarratin|typechange|Bug|[from] ability: Protean\n|-supereffective|p2b: Chikorita\n|-damage|p2b: Chikorita|0 fnt\n|faint|p2b: Chikorita\n|-damage|p1a: Meowscarratin|81\/100|[from] item: Life Orb\n|\n|t:|1699054520\n|switch|p1a: Cebollino|Bulbasaur, F|62\/100|[from] U-turn\n|move|p2a: Pichu|Nuzzle|p1a: Cebollino\n|-resisted|p1a: Cebollino\n|-damage|p1a: Cebollino|58\/100\n|-status|p1a: Cebollino|par\n|\n|-weather|SunnyDay|[upkeep]\n|upkeep\n|\n|t:|1699054542\n|switch|p2b: Squirtle|Squirtle, F|100\/100\n|turn|6\n|\n|t:|1699054563\n|move|p2b: Squirtle|Protect|p2b: Squirtle\n|-singleturn|p2b: Squirtle|Protect\n|move|p1b: Furro|Gunk Shot|p2a: Pichu|[miss]\n|-start|p1b: Furro|typechange|Poison|[from] ability: Libero\n|-miss|p1b: Furro|p2a: Pichu\n|move|p2a: Pichu|Play Rough|p1b: Furro\n|-resisted|p1b: Furro\n|-damage|p1b: Furro|75\/100\n|move|p1a: Cebollino|Sleep Powder|p2b: Squirtle\n|-activate|p2b: Squirtle|move: Protect\n|\n|-weather|SunnyDay|[upkeep]\n|upkeep\n|turn|7\n|\n|t:|1699054588\n|move|p1b: Furro|Flare Blitz|p2a: Pichu\n|-enditem|p2a: Pichu|Focus Sash\n|-damage|p2a: Pichu|1\/100\n|-damage|p1b: Furro|51\/100|[from] Recoil\n|-damage|p1b: Furro|41\/100|[from] item: Life Orb\n|move|p2a: Pichu|Wild Charge|p1b: Furro\n|-damage|p1b: Furro|0 fnt\n|faint|p1b: Furro\n|-damage|p2a: Pichu|0 fnt|[from] Recoil\n|faint|p2a: Pichu\n|move|p2b: Squirtle|Icy Wind|p1a: Cebollino\n|-supereffective|p1a: Cebollino\n|-damage|p1a: Cebollino|35\/100 par\n|-unboost|p1a: Cebollino|spe|1\n|move|p1a: Cebollino|Sleep Powder|p2b: Squirtle|[miss]\n|-miss|p1a: Cebollino|p2b: Squirtle\n|\n|-weather|none\n|upkeep\n|\n|t:|1699054607\n|switch|p1b: Meowscarratin|Sprigatito, M|81\/100\n|turn|8\n|\n|t:|1699054617\n|move|p1b: Meowscarratin|Seed Bomb|p2b: Squirtle\n|-supereffective|p2b: Squirtle\n|-damage|p2b: Squirtle|20\/100\n|-damage|p1b: Meowscarratin|71\/100|[from] item: Life Orb\n|move|p2b: Squirtle|Ice Beam|p1a: Cebollino\n|-supereffective|p1a: Cebollino\n|-damage|p1a: Cebollino|0 fnt\n|faint|p1a: Cebollino\n|\n|upkeep\n|\n|t:|1699054625\n|switch|p1a: Juancho|Totodile, F|100\/100\n|turn|9\n|\n|t:|1699054631\n|move|p1b: Meowscarratin|Seed Bomb|p2b: Squirtle\n|-supereffective|p2b: Squirtle\n|-damage|p2b: Squirtle|0 fnt\n|faint|p2b: Squirtle\n|-damage|p1b: Meowscarratin|61\/100|[from] item: Life Orb\n|\n|win|PanduxD\n|c|\u2606PanduxD|gg\n|l|\u2606jffmm7\n","uploadtime":1699054637,"views":8,"p1id":"panduxd","p2id":"jffmm7","formatid":"gen9nationaldexdoubles","rating":0,"private":0,"password":""}