{"id":"gen9nationaldexdoubles-1976256604","p1":"El Ryuk456","p2":"dexois","format":"[Gen 9] National Dex Doubles","log":"|j|\u2606El Ryuk456\n|j|\u2606dexois\n|t:|1698279174\n|gametype|doubles\n|player|p1|El Ryuk456|ingo|1406\n|player|p2|dexois|unknown|1211\n|teamsize|p1|6\n|teamsize|p2|6\n|gen|9\n|tier|[Gen 9] National Dex Doubles\n|rated|\n|rule|HP Percentage Mod: HP is shown in percentages\n|rule|Endless Battle Clause: Forcing endless battles is banned\n|rule|OHKO Clause: OHKO moves are banned\n|rule|Evasion Moves Clause: Evasion moves are banned\n|rule|Evasion Abilities Clause: Evasion abilities are banned\n|rule|Species Clause: Limit one of each Pok\u00e9mon\n|rule|Gravity Sleep Clause: The combination of sleep-inducing moves with imperfect accuracy and Gravity or Gigantamax Orbeetle are banned\n|clearpoke\n|poke|p1|Landorus-Therian, M|\n|poke|p1|Chien-Pao|\n|poke|p1|Armarouge, M|\n|poke|p1|Blastoise, M|\n|poke|p1|Braviary, M|\n|poke|p1|Arboliva, F|\n|poke|p2|Ribombee, M|\n|poke|p2|Kommo-o, M|\n|poke|p2|Oricorio-Sensu, F|\n|poke|p2|Volcarona, M|\n|poke|p2|Lilligant, F|\n|poke|p2|Iron Hands|\n|teampreview\n|\n|t:|1698279192\n|start\n|switch|p1a: Huayco|Landorus-Therian, M|100\/100\n|switch|p1b: Bastion|Blastoise, M|100\/100\n|switch|p2a: Ribombee|Ribombee, M|100\/100\n|switch|p2b: Iron Hands|Iron Hands|100\/100\n|-ability|p1a: Huayco|Intimidate|boost\n|-unboost|p2a: Ribombee|atk|1\n|-unboost|p2b: Iron Hands|atk|1\n|turn|1\n|\n|t:|1698279206\n|detailschange|p1b: Bastion|Blastoise-Mega, M\n|-mega|p1b: Bastion|Blastoise|Blastoisinite\n|move|p2b: Iron Hands|Fake Out|p1a: Huayco\n|-damage|p1a: Huayco|87\/100\n|cant|p1a: Huayco|flinch\n|move|p2a: Ribombee|Sticky Web|p1b: Bastion\n|-sidestart|p1: El Ryuk456|move: Sticky Web\n|move|p1b: Bastion|Shell Smash|p1b: Bastion\n|-unboost|p1b: Bastion|def|1\n|-unboost|p1b: Bastion|spd|1\n|-boost|p1b: Bastion|atk|2\n|-boost|p1b: Bastion|spa|2\n|-boost|p1b: Bastion|spe|2\n|\n|upkeep\n|turn|2\n|\n|t:|1698279221\n|move|p1b: Bastion|Protect|p1b: Bastion\n|-singleturn|p1b: Bastion|Protect\n|move|p1a: Huayco|Earthquake|p2b: Iron Hands|[spread] p2a,p2b\n|-activate|p1b: Bastion|move: Protect\n|-resisted|p2a: Ribombee\n|-supereffective|p2b: Iron Hands\n|-damage|p2a: Ribombee|52\/100\n|-damage|p2b: Iron Hands|48\/100\n|move|p2a: Ribombee|Stun Spore|p1b: Bastion\n|-activate|p1b: Bastion|move: Protect\n|move|p2b: Iron Hands|Volt Switch|p1b: Bastion\n|-activate|p1b: Bastion|move: Protect\n|\n|upkeep\n|turn|3\n|\n|t:|1698279244\n|switch|p1a: Olivia|Arboliva, F|100\/100\n|-activate|p1a: Olivia|move: Sticky Web\n|-unboost|p1a: Olivia|spe|1\n|move|p1b: Bastion|Water Spout|p2a: Ribombee|[spread] p2a,p2b\n|-damage|p2a: Ribombee|0 fnt\n|-damage|p2b: Iron Hands|0 fnt\n|faint|p2a: Ribombee\n|faint|p2b: Iron Hands\n|-end|p2b: Iron Hands|Quark Drive|[silent]\n|\n|upkeep\n|\n|t:|1698279256\n|switch|p2a: Kommo-o|Kommo-o, M|100\/100\n|switch|p2b: Oricorio|Oricorio-Sensu, F|100\/100\n|turn|4\n|\n|t:|1698279269\n|-terastallize|p1a: Olivia|Normal\n|move|p2b: Oricorio|Protect|p2b: Oricorio\n|-singleturn|p2b: Oricorio|Protect\n|move|p1b: Bastion|Water Spout|p2a: Kommo-o|[spread] p2a\n|-activate|p2b: Oricorio|move: Protect\n|-resisted|p2a: Kommo-o\n|-damage|p2a: Kommo-o|23\/100\n|move|p2a: Kommo-o|Clangorous Soul||[still]\n|-fail|p2a: Kommo-o\n|move|p1a: Olivia|Hyper Voice|p2a: Kommo-o|[spread] p2a\n|-activate|p2b: Oricorio|move: Protect\n|-damage|p2a: Kommo-o|0 fnt\n|faint|p2a: Kommo-o\n|\n|upkeep\n|\n|t:|1698279284\n|switch|p2a: Lilligant|Lilligant, F|100\/100\n|turn|5\n|inactive|Battle timer is ON: inactive players will automatically lose when time's up. (requested by El Ryuk456)\n|\n|t:|1698279294\n|-terastallize|p2b: Oricorio|Water\n|move|p1b: Bastion|Water Spout|p2b: Oricorio|[spread] p2a,p2b\n|-resisted|p2a: Lilligant\n|-resisted|p2b: Oricorio\n|-damage|p2a: Lilligant|0 fnt\n|-damage|p2b: Oricorio|10\/100\n|faint|p2a: Lilligant\n|move|p2b: Oricorio|Quiver Dance|p2b: Oricorio\n|-boost|p2b: Oricorio|spa|1\n|-boost|p2b: Oricorio|spd|1\n|-boost|p2b: Oricorio|spe|1\n|move|p1a: Olivia|Hyper Voice|p2b: Oricorio\n|-damage|p2b: Oricorio|0 fnt\n|faint|p2b: Oricorio\n|\n|upkeep\n|-message|dexois forfeited.\n|\n|win|El Ryuk456\n|raw|El Ryuk456's rating: 1406 &rarr; <strong>1416<\/strong><br \/>(+10 for winning)\n|raw|dexois's rating: 1211 &rarr; <strong>1199<\/strong><br \/>(-12 for losing)\n|l|\u2606dexois\n","uploadtime":1698279307,"views":18,"p1id":"elryuk456","p2id":"dexois","formatid":"gen9nationaldexdoubles","rating":1199,"private":0,"password":""}