{"id":"gen9nationaldexdoubles-1957731287","p1":"JoeStepBrother","p2":"Old McBruh","format":"[Gen 9] National Dex Doubles","log":"|j|\u2606JoeStepBrother\n|j|\u2606Old McBruh\n|t:|1696256783\n|gametype|doubles\n|player|p1|JoeStepBrother|102|1259\n|player|p2|Old McBruh|colress|1483\n|teamsize|p1|6\n|teamsize|p2|6\n|gen|9\n|tier|[Gen 9] National Dex Doubles\n|rated|\n|rule|HP Percentage Mod: HP is shown in percentages\n|rule|Endless Battle Clause: Forcing endless battles is banned\n|rule|OHKO Clause: OHKO moves are banned\n|rule|Evasion Moves Clause: Evasion moves are banned\n|rule|Evasion Abilities Clause: Evasion abilities are banned\n|rule|Species Clause: Limit one of each Pok\u00e9mon\n|rule|Gravity Sleep Clause: The combination of sleep-inducing moves with imperfect accuracy and Gravity or Gigantamax Orbeetle are banned\n|clearpoke\n|poke|p1|Greninja-*, F|\n|poke|p1|Ninetales-Alola, M|\n|poke|p1|Skeledirge, F|\n|poke|p1|Landorus-Therian, M|\n|poke|p1|Fezandipiti, M|\n|poke|p1|Shaymin-Sky|\n|poke|p2|Zygarde|\n|poke|p2|Ninetales-Alola, M|\n|poke|p2|Cresselia, F|\n|poke|p2|Whimsicott, M|\n|poke|p2|Chien-Pao|\n|poke|p2|Rillaboom, M|\n|teampreview\n|c|\u2606Old McBruh|glhf\n|\n|t:|1696256815\n|start\n|switch|p1a: Skeledirge|Skeledirge, F|100\/100\n|switch|p1b: Ninetales|Ninetales-Alola, M|100\/100\n|switch|p2a: Ninetales|Ninetales-Alola, M|100\/100\n|switch|p2b: Whimsicott|Whimsicott, M|100\/100\n|-weather|Snow|[from] ability: Snow Warning|[of] p2a: Ninetales\n|turn|1\n|\n|t:|1696256826\n|move|p2b: Whimsicott|Taunt|p1b: Ninetales\n|-start|p1b: Ninetales|move: Taunt\n|move|p2a: Ninetales|Aurora Veil|p2a: Ninetales\n|-sidestart|p2: Old McBruh|move: Aurora Veil\n|move|p1b: Ninetales|Dazzling Gleam|p2a: Ninetales|[spread] p2a,p2b\n|-damage|p2a: Ninetales|87\/100\n|-damage|p2b: Whimsicott|81\/100\n|move|p1a: Skeledirge|Torch Song|p2b: Whimsicott\n|-supereffective|p2b: Whimsicott\n|-damage|p2b: Whimsicott|0 fnt\n|-boost|p1a: Skeledirge|spa|1\n|faint|p2b: Whimsicott\n|\n|-weather|Snow|[upkeep]\n|upkeep\n|\n|t:|1696256831\n|switch|p2b: The Immortal|Zygarde|100\/100\n|-ability|p2b: The Immortal|Aura Break\n|turn|2\n|\n|t:|1696256850\n|switch|p1b: Landorus|Landorus-Therian, M|100\/100\n|-ability|p1b: Landorus|Intimidate|boost\n|-unboost|p2a: Ninetales|atk|1\n|-fail|p2b: The Immortal|unboost|[from] item: Clear Amulet|[of] p2b: The Immortal\n|-terastallize|p2b: The Immortal|Fairy\n|move|p2a: Ninetales|Encore||[still]\n|-fail|p2a: Ninetales\n|move|p2b: The Immortal|Thousand Arrows|p1b: Landorus|[spread] p1a,p1b\n|-supereffective|p1a: Skeledirge\n|-damage|p1a: Skeledirge|61\/100\n|-damage|p1b: Landorus|72\/100\n|-start|p1b: Landorus|Smack Down\n|move|p1a: Skeledirge|Torch Song|p2a: Ninetales\n|-supereffective|p2a: Ninetales\n|-damage|p2a: Ninetales|0 fnt\n|-boost|p1a: Skeledirge|spa|1\n|faint|p2a: Ninetales\n|\n|-weather|Snow|[upkeep]\n|-heal|p1a: Skeledirge|67\/100|[from] item: Leftovers\n|upkeep\n|\n|t:|1696256857\n|switch|p2a: Chien-Pao|Chien-Pao|100\/100\n|-ability|p2a: Chien-Pao|Sword of Ruin\n|turn|3\n|\n|t:|1696256878\n|move|p2a: Chien-Pao|Sucker Punch|p1a: Skeledirge\n|-supereffective|p1a: Skeledirge\n|-damage|p1a: Skeledirge|0 fnt\n|faint|p1a: Skeledirge\n|move|p1b: Landorus|U-turn|p2a: Chien-Pao\n|-supereffective|p2a: Chien-Pao\n|-damage|p2a: Chien-Pao|71\/100\n|\n|t:|1696256886\n|switch|p1b: Ninetales|Ninetales-Alola, M|100\/100|[from] U-turn\n|move|p2b: The Immortal|Coil|p2b: The Immortal\n|-boost|p2b: The Immortal|atk|1\n|-boost|p2b: The Immortal|def|1\n|-boost|p2b: The Immortal|accuracy|1\n|\n|-weather|Snow|[upkeep]\n|upkeep\n|\n|t:|1696256888\n|switch|p1a: Fezandipiti|Fezandipiti, M|100\/100\n|turn|4\n|\n|t:|1696256906\n|move|p2a: Chien-Pao|Ice Spinner|p1a: Fezandipiti\n|-damage|p1a: Fezandipiti|50\/100\n|move|p1b: Ninetales|Aurora Veil|p1b: Ninetales\n|-sidestart|p1: JoeStepBrother|move: Aurora Veil\n|move|p1a: Fezandipiti|Tailwind|p1a: Fezandipiti\n|-sidestart|p1: JoeStepBrother|move: Tailwind\n|move|p2b: The Immortal|Coil|p2b: The Immortal\n|-boost|p2b: The Immortal|atk|1\n|-boost|p2b: The Immortal|def|1\n|-boost|p2b: The Immortal|accuracy|1\n|\n|-weather|Snow|[upkeep]\n|upkeep\n|turn|5\n|\n|t:|1696256924\n|switch|p2a: Cresselia|Cresselia, F|100\/100\n|move|p1b: Ninetales|Dazzling Gleam|p2b: The Immortal|[spread] p2a,p2b\n|-damage|p2a: Cresselia|95\/100\n|-damage|p2b: The Immortal|92\/100\n|move|p1a: Fezandipiti|Heat Wave|p2a: Cresselia|[spread] p2a,p2b\n|-damage|p2a: Cresselia|90\/100\n|-damage|p2b: The Immortal|86\/100\n|cant|p2b: The Immortal|flinch\n|\n|-weather|none\n|upkeep\n|turn|6\n|\n|t:|1696256937\n|move|p1b: Ninetales|Dazzling Gleam|p2b: The Immortal|[spread] p2a,p2b\n|-damage|p2a: Cresselia|84\/100\n|-damage|p2b: The Immortal|78\/100\n|move|p1a: Fezandipiti|Icy Wind|p2b: The Immortal|[spread] p2a,p2b\n|-damage|p2a: Cresselia|81\/100\n|-damage|p2b: The Immortal|75\/100\n|-unboost|p2a: Cresselia|spe|1\n|-status|p2a: Cresselia|tox|[from] ability: Toxic Chain|[of] p1a: Fezandipiti\n|cant|p2b: The Immortal|flinch\n|move|p2a: Cresselia|Lunar Blessing|p2a: Cresselia|[spread] p2a,p2b\n|-heal|p2a: Cresselia|100\/100 tox\n|-curestatus|p2a: Cresselia|tox|[msg]\n|-heal|p2b: The Immortal|99\/100\n|\n|upkeep\n|turn|7\n|\n|t:|1696256953\n|move|p1b: Ninetales|Dazzling Gleam|p2b: The Immortal|[spread] p2a,p2b\n|-damage|p2a: Cresselia|94\/100\n|-damage|p2b: The Immortal|91\/100\n|move|p1a: Fezandipiti|Icy Wind|p2b: The Immortal|[spread] p2a,p2b\n|-damage|p2a: Cresselia|91\/100\n|-damage|p2b: The Immortal|88\/100\n|-unboost|p2a: Cresselia|spe|1\n|move|p2b: The Immortal|Coil|p2b: The Immortal\n|-boost|p2b: The Immortal|atk|1\n|-boost|p2b: The Immortal|def|1\n|-boost|p2b: The Immortal|accuracy|1\n|cant|p2a: Cresselia|flinch\n|\n|-sideend|p1: JoeStepBrother|move: Tailwind\n|upkeep\n|turn|8\n|c|\u2606JoeStepBrother|This is such a dumb strat \ud83d\ude2d\ud83d\ude2d\n|\n|t:|1696256993\n|move|p1b: Ninetales|Dazzling Gleam|p2a: Cresselia|[spread] p2a,p2b\n|-damage|p2a: Cresselia|85\/100\n|-damage|p2b: The Immortal|79\/100\n|move|p1a: Fezandipiti|Heat Wave|p2b: The Immortal|[spread] p2a,p2b\n|-damage|p2a: Cresselia|80\/100\n|-damage|p2b: The Immortal|73\/100\n|-status|p2a: Cresselia|tox|[from] ability: Toxic Chain|[of] p1a: Fezandipiti\n|move|p2b: The Immortal|Coil|p2b: The Immortal\n|-boost|p2b: The Immortal|atk|1\n|-boost|p2b: The Immortal|def|1\n|-boost|p2b: The Immortal|accuracy|1\n|move|p2a: Cresselia|Lunar Blessing|p2a: Cresselia|[spread] p2a,p2b\n|-heal|p2a: Cresselia|100\/100 tox\n|-curestatus|p2a: Cresselia|tox|[msg]\n|-heal|p2b: The Immortal|98\/100\n|\n|-sideend|p2: Old McBruh|move: Aurora Veil\n|upkeep\n|turn|9\n|\n|t:|1696257010\n|move|p1b: Ninetales|Dazzling Gleam|p2b: The Immortal|[spread] p2a,p2b\n|-damage|p2a: Cresselia|91\/100\n|-damage|p2b: The Immortal|86\/100\n|move|p1a: Fezandipiti|Icy Wind|p2a: Cresselia|[spread] p2a,p2b\n|-damage|p2a: Cresselia|87\/100\n|-damage|p2b: The Immortal|80\/100\n|-unboost|p2a: Cresselia|spe|1\n|-status|p2b: The Immortal|tox|[from] ability: Toxic Chain|[of] p1a: Fezandipiti\n|move|p2b: The Immortal|Coil|p2b: The Immortal\n|-boost|p2b: The Immortal|atk|1\n|-boost|p2b: The Immortal|def|1\n|-boost|p2b: The Immortal|accuracy|1\n|move|p2a: Cresselia|Lunar Blessing|p2a: Cresselia|[spread] p2a,p2b\n|-heal|p2a: Cresselia|100\/100\n|-heal|p2b: The Immortal|100\/100 tox\n|-curestatus|p2b: The Immortal|tox|[msg]\n|\n|upkeep\n|turn|10\n|\n|t:|1696257019\n|move|p1b: Ninetales|Dazzling Gleam|p2a: Cresselia|[spread] p2a,p2b\n|-damage|p2a: Cresselia|90\/100\n|-damage|p2b: The Immortal|90\/100\n|move|p1a: Fezandipiti|Heat Wave|p2b: The Immortal|[spread] p2a,p2b\n|-damage|p2a: Cresselia|83\/100\n|-damage|p2b: The Immortal|80\/100\n|move|p2b: The Immortal|Coil|p2b: The Immortal\n|-boost|p2b: The Immortal|atk|1\n|-boost|p2b: The Immortal|def|1\n|-boost|p2b: The Immortal|accuracy|1\n|move|p2a: Cresselia|Lunar Blessing|p2a: Cresselia|[spread] p2a,p2b\n|-heal|p2a: Cresselia|100\/100\n|-heal|p2b: The Immortal|100\/100\n|\n|upkeep\n|turn|11\n|\n|t:|1696257029\n|move|p2a: Cresselia|Protect|p2a: Cresselia\n|-singleturn|p2a: Cresselia|Protect\n|move|p1b: Ninetales|Dazzling Gleam|p2b: The Immortal|[spread] p2b\n|-activate|p2a: Cresselia|move: Protect\n|-damage|p2b: The Immortal|89\/100\n|move|p1a: Fezandipiti|Heat Wave|p2b: The Immortal|[spread] p2b\n|-activate|p2a: Cresselia|move: Protect\n|-damage|p2b: The Immortal|80\/100\n|move|p2b: The Immortal|Thousand Arrows|p1a: Fezandipiti|[spread] p1a,p1b\n|-supereffective|p1a: Fezandipiti\n|-damage|p1a: Fezandipiti|0 fnt\n|-damage|p1b: Ninetales|19\/100\n|faint|p1a: Fezandipiti\n|\n|-sideend|p1: JoeStepBrother|move: Aurora Veil\n|upkeep\n|\n|t:|1696257048\n|switch|p1a: Shaymin|Shaymin-Sky|100\/100\n|turn|12\n|\n|t:|1696257057\n|switch|p1b: Landorus|Landorus-Therian, M|72\/100\n|-ability|p1b: Landorus|Intimidate|boost\n|-unboost|p2a: Cresselia|atk|1\n|-fail|p2b: The Immortal|unboost|[from] item: Clear Amulet|[of] p2b: The Immortal\n|move|p2b: The Immortal|Extreme Speed|p1a: Shaymin\n|-damage|p1a: Shaymin|1\/100\n|move|p1a: Shaymin|Seed Flare|p2b: The Immortal\n|-damage|p2b: The Immortal|30\/100\n|-damage|p1a: Shaymin|0 fnt|[from] item: Life Orb\n|faint|p1a: Shaymin\n|move|p2a: Cresselia|Lunar Blessing|p2a: Cresselia|[spread] p2a,p2b\n|-heal|p2b: The Immortal|55\/100\n|\n|upkeep\n|\n|t:|1696257066\n|switch|p1a: Greninja|Greninja, F|100\/100\n|turn|13\n|\n|t:|1696257077\n|move|p2b: The Immortal|Protect|p2b: The Immortal\n|-singleturn|p2b: The Immortal|Protect\n|move|p1a: Greninja|Hydro Pump|p2b: The Immortal\n|-start|p1a: Greninja|typechange|Water|[from] ability: Protean\n|-activate|p2b: The Immortal|move: Protect\n|move|p1b: Landorus|Taunt|p2a: Cresselia\n|-start|p2a: Cresselia|move: Taunt\n|cant|p2a: Cresselia|move: Taunt|Lunar Blessing\n|\n|upkeep\n|turn|14\n|\n|t:|1696257088\n|switch|p2a: Rillaboom|Rillaboom, M|100\/100\n|-fieldstart|move: Grassy Terrain|[from] ability: Grassy Surge|[of] p2a: Rillaboom\n|move|p2b: The Immortal|Extreme Speed|p1a: Greninja\n|-damage|p1a: Greninja|0 fnt\n|faint|p1a: Greninja\n|move|p1b: Landorus|Knock Off|p2a: Rillaboom\n|-damage|p2a: Rillaboom|67\/100\n|-enditem|p2a: Rillaboom|Assault Vest|[from] move: Knock Off|[of] p1b: Landorus\n|\n|-heal|p2b: The Immortal|61\/100|[from] Grassy Terrain\n|-heal|p2a: Rillaboom|73\/100|[from] Grassy Terrain\n|upkeep\n|\n|t:|1696257092\n|switch|p1a: Ninetales|Ninetales-Alola, M|19\/100\n|-weather|Snow|[from] ability: Snow Warning|[of] p1a: Ninetales\n|turn|15\n|-message|JoeStepBrother forfeited.\n|\n|win|Old McBruh\n|raw|JoeStepBrother's rating: 1259 &rarr; <strong>1248<\/strong><br \/>(-11 for losing)\n|raw|Old McBruh's rating: 1483 &rarr; <strong>1492<\/strong><br \/>(+9 for winning)\n|l|\u2606JoeStepBrother\n","uploadtime":1696257117,"views":21,"p1id":"joestepbrother","p2id":"oldmcbruh","formatid":"gen9nationaldexdoubles","rating":1248,"private":0,"password":""}