{"id":"gen9nationaldexdoubles-1958727741","p1":"SwaggySavyy","p2":"grdjsiqi","format":"[Gen 9] National Dex Doubles","log":"|j|\u2606SwaggySavyy\n|j|\u2606grdjsiqi\n|t:|1696353542\n|gametype|doubles\n|player|p1|SwaggySavyy|bugsy|1073\n|player|p2|grdjsiqi|102|1162\n|teamsize|p1|6\n|teamsize|p2|6\n|gen|9\n|tier|[Gen 9] National Dex Doubles\n|rated|\n|rule|HP Percentage Mod: HP is shown in percentages\n|rule|Endless Battle Clause: Forcing endless battles is banned\n|rule|OHKO Clause: OHKO moves are banned\n|rule|Evasion Moves Clause: Evasion moves are banned\n|rule|Evasion Abilities Clause: Evasion abilities are banned\n|rule|Species Clause: Limit one of each Pok\u00e9mon\n|rule|Gravity Sleep Clause: The combination of sleep-inducing moves with imperfect accuracy and Gravity or Gigantamax Orbeetle are banned\n|clearpoke\n|poke|p1|Samurott-Hisui, F|\n|poke|p1|Torterra, M|\n|poke|p1|Moltres|\n|poke|p1|Forretress, F|\n|poke|p1|Diancie|\n|poke|p1|Glaceon, M|\n|poke|p2|Whimsicott, F|\n|poke|p2|Kingdra, M|\n|poke|p2|Regidrago|\n|poke|p2|Clefairy, F|\n|poke|p2|Tornadus, M|\n|poke|p2|Chien-Pao|\n|teampreview\n|\n|t:|1696353556\n|start\n|switch|p1a: Samurott|Samurott-Hisui, F, shiny|100\/100\n|switch|p1b: Diancie|Diancie, shiny|100\/100\n|switch|p2a: Kingdra|Kingdra, M|100\/100\n|switch|p2b: Whimsicott|Whimsicott, F|100\/100\n|turn|1\n|\n|t:|1696353580\n|move|p2a: Kingdra|Protect|p2a: Kingdra\n|-singleturn|p2a: Kingdra|Protect\n|move|p2b: Whimsicott|Tailwind|p2b: Whimsicott\n|-sidestart|p2: grdjsiqi|move: Tailwind\n|move|p1a: Samurott|Blizzard|p2a: Kingdra|[spread] p2b\n|-activate|p2a: Kingdra|move: Protect\n|-supereffective|p2b: Whimsicott\n|-damage|p2b: Whimsicott|69\/100\n|move|p1b: Diancie|Diamond Storm|p2a: Kingdra|[spread] p2b\n|-activate|p2a: Kingdra|move: Protect\n|-damage|p2b: Whimsicott|32\/100\n|\n|upkeep\n|turn|2\n|\n|t:|1696353601\n|move|p2b: Whimsicott|Fling|p2a: Kingdra\n|-damage|p2a: Kingdra|98\/100\n|-start|p2a: Kingdra|move: Focus Energy\n|-enditem|p2b: Whimsicott|Lansat Berry|[from] move: Fling\n|move|p2a: Kingdra|Surf|p1b: Diancie|[spread] p2b,p1a,p1b\n|-resisted|p2b: Whimsicott\n|-crit|p2b: Whimsicott\n|-resisted|p1a: Samurott\n|-crit|p1a: Samurott\n|-supereffective|p1b: Diancie\n|-crit|p1b: Diancie\n|-damage|p2b: Whimsicott|2\/100\n|-damage|p1a: Samurott|44\/100\n|-damage|p1b: Diancie|0 fnt\n|faint|p1b: Diancie\n|move|p1a: Samurott|Ceaseless Edge|p2a: Kingdra\n|-damage|p2a: Kingdra|65\/100\n|-sidestart|p2: grdjsiqi|Spikes\n|\n|upkeep\n|\n|t:|1696353617\n|switch|p1b: Forretress|Forretress, F|100\/100\n|turn|3\n|\n|t:|1696353633\n|move|p2b: Whimsicott|Helping Hand|p2a: Kingdra\n|-singleturn|p2a: Kingdra|Helping Hand|[of] p2b: Whimsicott\n|move|p2a: Kingdra|Surf|p1a: Samurott|[spread] p2b,p1a,p1b\n|-resisted|p2b: Whimsicott\n|-crit|p2b: Whimsicott\n|-resisted|p1a: Samurott\n|-crit|p1a: Samurott\n|-crit|p1b: Forretress\n|-damage|p2b: Whimsicott|0 fnt\n|-damage|p1a: Samurott|0 fnt\n|-ability|p1b: Forretress|Sturdy\n|-damage|p1b: Forretress|1\/100\n|faint|p2b: Whimsicott\n|faint|p1a: Samurott\n|move|p1b: Forretress|Lunge|p2a: Kingdra\n|-damage|p2a: Kingdra|18\/100\n|-unboost|p2a: Kingdra|atk|1\n|\n|upkeep\n|\n|t:|1696353647\n|switch|p1a: Torterra|Torterra, M, shiny|100\/100\n|switch|p2b: Clefairy|Clefairy, F|100\/100\n|-damage|p2b: Clefairy|88\/100|[from] Spikes\n|turn|4\n|\n|t:|1696353662\n|move|p2a: Kingdra|Surf|p1a: Torterra|[spread] p2b,p1a,p1b\n|-crit|p2b: Clefairy\n|-crit|p1a: Torterra\n|-crit|p1b: Forretress\n|-damage|p2b: Clefairy|43\/100\n|-damage|p1a: Torterra|34\/100\n|-damage|p1b: Forretress|0 fnt\n|faint|p1b: Forretress\n|move|p2b: Clefairy|Heal Pulse|p2a: Kingdra\n|-heal|p2a: Kingdra|68\/100\n|move|p1a: Torterra|Giga Drain|p2a: Kingdra\n|-damage|p2a: Kingdra|50\/100\n|-heal|p1a: Torterra|41\/100|[from] drain|[of] p2a: Kingdra\n|\n|-heal|p1a: Torterra|47\/100|[from] item: Leftovers\n|-sideend|p2: grdjsiqi|move: Tailwind\n|upkeep\n|\n|t:|1696353677\n|switch|p1b: Glaceon|Glaceon, M, shiny|100\/100\n|turn|5\n|\n|t:|1696353707\n|move|p2b: Clefairy|Helping Hand|p2a: Kingdra\n|-singleturn|p2a: Kingdra|Helping Hand|[of] p2b: Clefairy\n|move|p2a: Kingdra|Surf|p1b: Glaceon|[spread] p2b,p1a,p1b\n|-crit|p2b: Clefairy\n|-crit|p1a: Torterra\n|-crit|p1b: Glaceon\n|-damage|p2b: Clefairy|0 fnt\n|-damage|p1a: Torterra|0 fnt\n|-damage|p1b: Glaceon|0 fnt\n|faint|p2b: Clefairy\n|faint|p1a: Torterra\n|faint|p1b: Glaceon\n|\n|upkeep\n|-message|SwaggySavyy forfeited.\n|\n|win|grdjsiqi\n|raw|SwaggySavyy's rating: 1073 &rarr; <strong>1057<\/strong><br \/>(-16 for losing)\n|raw|grdjsiqi's rating: 1162 &rarr; <strong>1181<\/strong><br \/>(+19 for winning)\n|l|\u2606SwaggySavyy\n","uploadtime":1696353727,"views":8,"p1id":"swaggysavyy","p2id":"grdjsiqi","formatid":"gen9nationaldexdoubles","rating":1057,"private":0,"password":""}