{"id":"gen9nationaldexdoubles-1988968051","p1":"AaronXu","p2":"Inkubone","format":"[Gen 9] National Dex Doubles","log":"|j|\u2606AaronXu\n|j|\u2606Inkubone\n|t:|1699796028\n|gametype|doubles\n|player|p1|AaronXu|hilbert|1347\n|player|p2|Inkubone|yellow|1351\n|teamsize|p1|6\n|teamsize|p2|6\n|gen|9\n|tier|[Gen 9] National Dex Doubles\n|rated|\n|rule|HP Percentage Mod: HP is shown in percentages\n|rule|Endless Battle Clause: Forcing endless battles is banned\n|rule|OHKO Clause: OHKO moves are banned\n|rule|Evasion Moves Clause: Evasion moves are banned\n|rule|Evasion Abilities Clause: Evasion abilities are banned\n|rule|Species Clause: Limit one of each Pok\u00e9mon\n|rule|Gravity Sleep Clause: The combination of sleep-inducing moves with imperfect accuracy and Gravity or Gigantamax Orbeetle are banned\n|clearpoke\n|poke|p1|Pelipper, F|\n|poke|p1|Munkidori, M|\n|poke|p1|Ferrothorn, M|\n|poke|p1|Swampert, F|\n|poke|p1|Tapu Koko|\n|poke|p1|Electivire, M|\n|poke|p2|Kingambit, M|\n|poke|p2|Bisharp, M|\n|poke|p2|Togetic, M|\n|poke|p2|Togekiss, F|\n|poke|p2|Sneasel, M|\n|poke|p2|Sneasler, F|\n|teampreview\n|\n|t:|1699796051\n|start\n|switch|p1a: Pelipper|Pelipper, F|100\/100\n|switch|p1b: Swampert|Swampert, F|100\/100\n|switch|p2a: Sneasel|Sneasel, M|100\/100\n|switch|p2b: Sneasler|Sneasler, F|100\/100\n|-weather|RainDance|[from] ability: Drizzle|[of] p1a: Pelipper\n|turn|1\n|inactive|Battle timer is ON: inactive players will automatically lose when time's up. (requested by AaronXu)\n|\n|t:|1699796075\n|move|p1a: Pelipper|Protect|p1a: Pelipper\n|-singleturn|p1a: Pelipper|Protect\n|move|p1b: Swampert|Protect|p1b: Swampert\n|-singleturn|p1b: Swampert|Protect\n|move|p2a: Sneasel|Fake Out|p1b: Swampert\n|-activate|p1b: Swampert|move: Protect\n|move|p2b: Sneasler|Acrobatics|p1b: Swampert\n|-activate|p1b: Swampert|move: Protect\n|\n|-weather|RainDance|[upkeep]\n|upkeep\n|turn|2\n|inactive|AaronXu has 120 seconds left.\n|inactive|Inkubone has 120 seconds left.\n|\n|t:|1699796114\n|switch|p2b: Togekiss|Togekiss, F|100\/100\n|detailschange|p1b: Swampert|Swampert-Mega, F\n|-mega|p1b: Swampert|Swampert|Swampertite\n|move|p1b: Swampert|Waterfall|p2b: Togekiss\n|-damage|p2b: Togekiss|29\/100\n|move|p2a: Sneasel|Triple Axel|p1a: Pelipper\n|-damage|p1a: Pelipper|91\/100\n|-damage|p1a: Pelipper|71\/100\n|-damage|p1a: Pelipper|40\/100\n|-hitcount|p1a: Pelipper|3\n|move|p1a: Pelipper|Hurricane|p2b: Togekiss\n|-damage|p2b: Togekiss|0 fnt\n|faint|p2b: Togekiss\n|\n|-weather|RainDance|[upkeep]\n|upkeep\n|\n|t:|1699796128\n|switch|p2b: Togetic|Togetic, M|100\/100\n|turn|3\n|\n|t:|1699796146\n|move|p1a: Pelipper|Protect|p1a: Pelipper\n|-singleturn|p1a: Pelipper|Protect\n|move|p1b: Swampert|Waterfall|p2b: Togetic\n|-damage|p2b: Togetic|50\/100\n|move|p2a: Sneasel|Triple Axel|p1a: Pelipper\n|-activate|p1a: Pelipper|move: Protect\n|move|p2b: Togetic|Yawn|p1b: Swampert\n|-start|p1b: Swampert|move: Yawn|[of] p2b: Togetic\n|\n|-weather|RainDance|[upkeep]\n|upkeep\n|turn|4\n|inactive|AaronXu has 120 seconds left.\n|\n|t:|1699796182\n|switch|p1b: Tapu Koko|Tapu Koko|100\/100\n|-fieldstart|move: Electric Terrain|[from] ability: Electric Surge|[of] p1b: Tapu Koko\n|switch|p1a: Ferrothorn|Ferrothorn, M|100\/100\n|move|p2a: Sneasel|Knock Off|p1a: Ferrothorn\n|-damage|p1a: Ferrothorn|71\/100\n|-damage|p2a: Sneasel|88\/100|[from] ability: Iron Barbs|[of] p1a: Ferrothorn\n|-enditem|p1a: Ferrothorn|Leftovers|[from] move: Knock Off|[of] p2a: Sneasel\n|move|p2b: Togetic|Tailwind|p2b: Togetic\n|-sidestart|p2: Inkubone|move: Tailwind\n|\n|-weather|RainDance|[upkeep]\n|upkeep\n|turn|5\n|inactive|AaronXu has 120 seconds left.\n|\n|t:|1699796212\n|switch|p2a: Bisharp|Bisharp, M, shiny|100\/100\n|move|p1a: Ferrothorn|Protect|p1a: Ferrothorn\n|-singleturn|p1a: Ferrothorn|Protect\n|move|p1b: Tapu Koko|Discharge|p2b: Togetic|[spread] p2a,p2b\n|-activate|p1a: Ferrothorn|move: Protect\n|-supereffective|p2b: Togetic\n|-crit|p2b: Togetic\n|-damage|p2a: Bisharp|65\/100\n|-damage|p2b: Togetic|0 fnt\n|faint|p2b: Togetic\n|\n|-weather|RainDance|[upkeep]\n|upkeep\n|inactive|Inkubone has 120 seconds left.\n|\n|t:|1699796226\n|switch|p2b: Sneasel|Sneasel, M|88\/100\n|turn|6\n|\n|t:|1699796242\n|switch|p1b: Swampert|Swampert-Mega, F|100\/100\n|move|p2b: Sneasel|Fake Out|p1b: Swampert\n|-enditem|p2b: Sneasel|Normal Gem|[from] gem\n|-damage|p1b: Swampert|87\/100\n|move|p2a: Bisharp|Thunder Wave|p1a: Ferrothorn\n|-status|p1a: Ferrothorn|par\n|move|p1a: Ferrothorn|Leech Seed|p2a: Bisharp\n|-start|p2a: Bisharp|move: Leech Seed\n|\n|-weather|RainDance|[upkeep]\n|-damage|p2a: Bisharp|53\/100|[from] Leech Seed|[of] p1a: Ferrothorn\n|-heal|p1a: Ferrothorn|86\/100 par|[silent]\n|upkeep\n|turn|7\n|inactive|Inkubone has 120 seconds left.\n|\n|t:|1699796288\n|-terastallize|p2a: Bisharp|Flying\n|move|p1b: Swampert|Protect|p1b: Swampert\n|-singleturn|p1b: Swampert|Protect\n|move|p2b: Sneasel|Triple Axel|p1b: Swampert\n|-activate|p1b: Swampert|move: Protect\n|move|p2a: Bisharp|Tera Blast|p1b: Swampert|[anim] Tera Blast Flying\n|-activate|p1b: Swampert|move: Protect\n|move|p1a: Ferrothorn|Leech Seed|p2b: Sneasel\n|-start|p2b: Sneasel|move: Leech Seed\n|\n|-weather|RainDance|[upkeep]\n|-damage|p2b: Sneasel|76\/100|[from] Leech Seed|[of] p1a: Ferrothorn\n|-heal|p1a: Ferrothorn|96\/100 par|[silent]\n|-damage|p2a: Bisharp|41\/100|[from] Leech Seed|[of] p1a: Ferrothorn\n|-heal|p1a: Ferrothorn|100\/100 par|[silent]\n|-sideend|p2: Inkubone|move: Tailwind\n|upkeep\n|turn|8\n|\n|t:|1699796317\n|move|p1a: Ferrothorn|Protect|p1a: Ferrothorn\n|-singleturn|p1a: Ferrothorn|Protect\n|move|p2a: Bisharp|Sucker Punch|p1b: Swampert\n|-damage|p1b: Swampert|54\/100\n|move|p1b: Swampert|Rock Slide|p2a: Bisharp|[spread] p2b\n|-miss|p1b: Swampert|p2a: Bisharp\n|-supereffective|p2b: Sneasel\n|-damage|p2b: Sneasel|0 fnt\n|faint|p2b: Sneasel\n|\n|-weather|none\n|-damage|p2a: Bisharp|29\/100|[from] Leech Seed|[of] p1a: Ferrothorn\n|-fieldend|move: Electric Terrain\n|upkeep\n|inactive|Inkubone has 120 seconds left.\n|\n|t:|1699796329\n|switch|p2b: Sneasler|Sneasler, F|100\/100\n|turn|9\n|\n|t:|1699796344\n|switch|p1a: Pelipper|Pelipper, F|40\/100\n|-weather|RainDance|[from] ability: Drizzle|[of] p1a: Pelipper\n|move|p1b: Swampert|Protect|p1b: Swampert\n|-singleturn|p1b: Swampert|Protect\n|move|p2a: Bisharp|Sucker Punch||[still]\n|-fail|p2a: Bisharp\n|move|p2b: Sneasler|Close Combat|p1a: Pelipper\n|-resisted|p1a: Pelipper\n|-damage|p1a: Pelipper|0 fnt\n|-unboost|p2b: Sneasler|def|1\n|-unboost|p2b: Sneasler|spd|1\n|-enditem|p2b: Sneasler|White Herb\n|-clearnegativeboost|p2b: Sneasler|[silent]\n|faint|p1a: Pelipper\n|\n|-weather|RainDance|[upkeep]\n|upkeep\n|\n|t:|1699796366\n|switch|p1a: Munkidori|Munkidori, M|100\/100\n|turn|10\n|\n|t:|1699796390\n|move|p1a: Munkidori|Fake Out|p2a: Bisharp\n|-damage|p2a: Bisharp|24\/100\n|move|p2b: Sneasler|Close Combat|p1b: Swampert\n|-damage|p1b: Swampert|0 fnt\n|-unboost|p2b: Sneasler|def|1\n|-unboost|p2b: Sneasler|spd|1\n|faint|p1b: Swampert\n|cant|p2a: Bisharp|flinch\n|\n|-weather|RainDance|[upkeep]\n|-damage|p2a: Bisharp|12\/100|[from] Leech Seed|[of] p1a: Munkidori\n|upkeep\n|inactive|AaronXu has 120 seconds left.\n|\n|t:|1699796406\n|switch|p1b: Tapu Koko|Tapu Koko|100\/100\n|-fieldstart|move: Electric Terrain|[from] ability: Electric Surge|[of] p1b: Tapu Koko\n|turn|11\n|\n|t:|1699796428\n|switch|p1b: Ferrothorn|Ferrothorn, M|100\/100 par\n|move|p2b: Sneasler|Dire Claw|p1b: Ferrothorn\n|-immune|p1b: Ferrothorn\n|move|p1a: Munkidori|Sludge Wave|p2b: Sneasler|[spread] p2a,p2b\n|-immune|p1b: Ferrothorn\n|-resisted|p2b: Sneasler\n|-damage|p2a: Bisharp|0 fnt\n|-damage|p2b: Sneasler|62\/100\n|faint|p2a: Bisharp\n|\n|-weather|RainDance|[upkeep]\n|upkeep\n|\n|t:|1699796431\n|switch|p2a: Kingambit|Kingambit, M, shiny|100\/100\n|-activate|p2a: Kingambit|ability: Supreme Overlord\n|-start|p2a: Kingambit|fallen4|[silent]\n|turn|12\n|inactive|AaronXu has 120 seconds left.\n|inactive|Inkubone has 120 seconds left.\n|\n|t:|1699796466\n|move|p1b: Ferrothorn|Protect|p1b: Ferrothorn\n|-singleturn|p1b: Ferrothorn|Protect\n|move|p2b: Sneasler|Acrobatics|p1a: Munkidori\n|-damage|p1a: Munkidori|42\/100\n|move|p1a: Munkidori|Taunt|p2a: Kingambit\n|-start|p2a: Kingambit|move: Taunt\n|move|p2a: Kingambit|Power-Up Punch|p1b: Ferrothorn\n|-activate|p1b: Ferrothorn|move: Protect\n|\n|-weather|RainDance|[upkeep]\n|upkeep\n|turn|13\n|inactive|AaronXu has 120 seconds left.\n|inactive|Inkubone has 120 seconds left.\n|inactive|AaronXu has 90 seconds left.\n|\n|t:|1699796536\n|switch|p1a: Tapu Koko|Tapu Koko|100\/100\n|-terastallize|p1b: Ferrothorn|Ghost\n|move|p2b: Sneasler|Close Combat|p1b: Ferrothorn\n|-immune|p1b: Ferrothorn\n|move|p2a: Kingambit|Knock Off|p1a: Tapu Koko\n|-resisted|p1a: Tapu Koko\n|-damage|p1a: Tapu Koko|58\/100\n|move|p1b: Ferrothorn|Leech Seed|p2a: Kingambit\n|-start|p2a: Kingambit|move: Leech Seed\n|\n|-weather|RainDance|[upkeep]\n|-damage|p2a: Kingambit|88\/100|[from] Leech Seed|[of] p1b: Ferrothorn\n|upkeep\n|turn|14\n|inactive|AaronXu has 90 seconds left.\n|inactive|Inkubone has 120 seconds left.\n|l|\u2606AaronXu\n|inactive|AaronXu disconnected and has a minute to reconnect!\n|player|p1|\n|j|\u2606AaronXu\n|inactive|AaronXu reconnected and has 65 seconds left.\n|player|p1|AaronXu|hilbert\n|inactive|AaronXu has 60 seconds left.\n|\n|t:|1699796599\n|cant|p1b: Ferrothorn|par\n|move|p2b: Sneasler|Dire Claw|p1a: Tapu Koko\n|-supereffective|p1a: Tapu Koko\n|-damage|p1a: Tapu Koko|0 fnt\n|faint|p1a: Tapu Koko\n|move|p2a: Kingambit|Power-Up Punch|p2b: Sneasler\n|-resisted|p2b: Sneasler\n|-damage|p2b: Sneasler|36\/100\n|-boost|p2a: Kingambit|atk|1\n|\n|-weather|RainDance|[upkeep]\n|-damage|p2a: Kingambit|76\/100|[from] Leech Seed|[of] p1b: Ferrothorn\n|-end|p2a: Kingambit|move: Taunt\n|upkeep\n|\n|t:|1699796614\n|switch|p1a: Munkidori|Munkidori, M|42\/100\n|turn|15\n|inactive|AaronXu has 60 seconds left.\n|inactive|Inkubone has 120 seconds left.\n|\n|t:|1699796638\n|move|p1a: Munkidori|Fake Out|p2b: Sneasler\n|-damage|p2b: Sneasler|17\/100\n|move|p2a: Kingambit|Sucker Punch||[still]\n|-fail|p2a: Kingambit\n|cant|p2b: Sneasler|flinch\n|move|p1b: Ferrothorn|Leech Seed|p2b: Sneasler\n|-start|p2b: Sneasler|move: Leech Seed\n|\n|-weather|RainDance|[upkeep]\n|-damage|p2b: Sneasler|5\/100|[from] Leech Seed|[of] p1b: Ferrothorn\n|-damage|p2a: Kingambit|63\/100|[from] Leech Seed|[of] p1b: Ferrothorn\n|-fieldend|move: Electric Terrain\n|upkeep\n|turn|16\n|inactive|AaronXu has 60 seconds left.\n|inactive|Inkubone has 120 seconds left.\n|\n|t:|1699796668\n|cant|p1b: Ferrothorn|par\n|move|p2b: Sneasler|Acrobatics|p1a: Munkidori\n|-damage|p1a: Munkidori|0 fnt\n|faint|p1a: Munkidori\n|move|p2a: Kingambit|Knock Off|p1b: Ferrothorn\n|-supereffective|p1b: Ferrothorn\n|-damage|p1b: Ferrothorn|0 fnt\n|-damage|p2a: Kingambit|51\/100|[from] ability: Iron Barbs|[of] p1b: Ferrothorn\n|faint|p1b: Ferrothorn\n|\n|-weather|none\n|upkeep\n|\n|t:|1699796683\n|switch|p1b: Electivire|Electivire, M|100\/100\n|turn|17\n|\n|t:|1699796694\n|move|p1b: Electivire|Protect|p1b: Electivire\n|-singleturn|p1b: Electivire|Protect\n|move|p2b: Sneasler|Close Combat|p1b: Electivire\n|-activate|p1b: Electivire|move: Protect\n|move|p2a: Kingambit|Knock Off|p1b: Electivire\n|-activate|p1b: Electivire|move: Protect\n|\n|-damage|p2b: Sneasler|0 fnt|[from] Leech Seed|[of] p1b: Electivire\n|faint|p2b: Sneasler\n|-damage|p2a: Kingambit|39\/100|[from] Leech Seed|[of] p1b: Electivire\n|upkeep\n|turn|18\n|\n|t:|1699796715\n|move|p2a: Kingambit|Sucker Punch|p1b: Electivire\n|-crit|p1b: Electivire\n|-damage|p1b: Electivire|0 fnt\n|faint|p1b: Electivire\n|\n|win|Inkubone\n|raw|AaronXu's rating: 1347 &rarr; <strong>1327<\/strong><br \/>(-20 for losing)\n|raw|Inkubone's rating: 1351 &rarr; <strong>1371<\/strong><br \/>(+20 for winning)\n|c|\u2606Inkubone|Gg\n|l|\u2606AaronXu\n","uploadtime":1699796734,"views":32,"p1id":"aaronxu","p2id":"inkubone","formatid":"gen9nationaldexdoubles","rating":1327,"private":0,"password":""}