{"id":"gen9nationaldexdoubles-1955715699","p1":"SammySs","p2":"Strikershadow12x","format":"[Gen 9] National Dex Doubles","log":"|j|\u2606SammySs\n|j|\u2606Strikershadow12x\n|t:|1696021035\n|gametype|doubles\n|player|p1|SammySs|lance|\n|player|p2|Strikershadow12x|101|\n|teamsize|p1|6\n|teamsize|p2|6\n|gen|9\n|tier|[Gen 9] National Dex Doubles\n|rule|HP Percentage Mod: HP is shown in percentages\n|rule|Endless Battle Clause: Forcing endless battles is banned\n|rule|OHKO Clause: OHKO moves are banned\n|rule|Evasion Moves Clause: Evasion moves are banned\n|rule|Evasion Abilities Clause: Evasion abilities are banned\n|rule|Species Clause: Limit one of each Pok\u00e9mon\n|rule|Gravity Sleep Clause: The combination of sleep-inducing moves with imperfect accuracy and Gravity or Gigantamax Orbeetle are banned\n|clearpoke\n|poke|p1|Palafin, F|\n|poke|p1|Urshifu-*, F|\n|poke|p1|Walking Wake|\n|poke|p1|Iron Bundle|\n|poke|p1|Ogerpon-Wellspring, F|\n|poke|p1|Pelipper, F|\n|poke|p2|Pelipper, M|\n|poke|p2|Rotom-Wash|\n|poke|p2|Urshifu-*, M|\n|poke|p2|Gastrodon-East, M|\n|poke|p2|Ludicolo, M|\n|poke|p2|Politoed, M|\n|teampreview\n|j| El_Gran_Wigglytuff\n|j| XMarcosPr710\n|\n|t:|1696021066\n|start\n|switch|p1a: Urshifu|Urshifu-Rapid-Strike, F|100\/100\n|switch|p1b: Iron Bundle|Iron Bundle|100\/100\n|switch|p2a: Pelipper|Pelipper, M|100\/100\n|switch|p2b: Ludicolo|Ludicolo, M|100\/100\n|-weather|RainDance|[from] ability: Drizzle|[of] p2a: Pelipper\n|-enditem|p1b: Iron Bundle|Booster Energy\n|-activate|p1b: Iron Bundle|ability: Quark Drive|[fromitem]\n|-start|p1b: Iron Bundle|quarkdrivespe\n|turn|1\n|\n|t:|1696021101\n|move|p1b: Iron Bundle|Protect|p1b: Iron Bundle\n|-singleturn|p1b: Iron Bundle|Protect\n|move|p2b: Ludicolo|Fake Out|p1b: Iron Bundle\n|-activate|p1b: Iron Bundle|move: Protect\n|move|p1a: Urshifu|U-turn|p2b: Ludicolo\n|-supereffective|p2b: Ludicolo\n|-damage|p2b: Ludicolo|13\/100\n|c|\u2606SammySs|que rayos\n|c|\u2606SammySs|\u00bfC\u00f3mo sobrevivi\u00f3?\n|j| Yvektak\n|c| XMarcosPr710|Que\n|c| Yvektak|Es el prota\n|c| XMarcosPr710|Es band urshifu?\n|c| El_Gran_Wigglytuff|Era Scarf\n|j| fifier\n|c|\u2606SammySs|tu puedes ver\n|c| XMarcosPr710|No mata\n|inactive|Battle timer is ON: inactive players will automatically lose when time's up. (requested by Strikershadow12x)\n|c| XMarcosPr710|Xd\n|c|\u2606SammySs|espera\n|c| XMarcosPr710|252 Atk Urshifu-Rapid-Strike Close Combat vs. 0 HP \/ 0 Def Ludicolo: 262-310 (87 - 102.9%) -- 18.8% chance to OHKO\n|c|\u2606SammySs|espera\n|c| fifier|bro\n|c| XMarcosPr710|ah eso no era\n|c| fifier|pq mandan link del combate\n|c| XMarcosPr710|Bueno\n|c| fifier|Y NO LA REPLAY\n|c| XMarcosPr710|JAJAJ\n|c| XMarcosPr710|Espera busco la replay\n|c| fifier|ahora no puedo revisar\n|inactive|SammySs has 270 seconds left.\n|\n|t:|1696021185\n|switch|p1a: Palafin|Palafin, F|100\/100|[from] U-turn\n|move|p2a: Pelipper|Hurricane|p1a: Palafin\n|-damage|p1a: Palafin|55\/100\n|\n|-weather|RainDance|[upkeep]\n|upkeep\n|turn|2\n|c| Yvektak|Striker usando politoed y pelipper, capi\n|c| XMarcosPr710|a ya la mandaron\n|c| fifier|q grande striker\n|\n|t:|1696021214\n|move|p2a: Pelipper|Protect|p2a: Pelipper\n|-singleturn|p2a: Pelipper|Protect\n|move|p1b: Iron Bundle|Freeze-Dry|p2a: Pelipper\n|-activate|p2a: Pelipper|move: Protect\n|move|p2b: Ludicolo|Energy Ball|p1a: Palafin\n|-supereffective|p1a: Palafin\n|-damage|p1a: Palafin|0 fnt\n|faint|p1a: Palafin\n|\n|-weather|RainDance|[upkeep]\n|upkeep\n|c| Yvektak|U\n|\n|t:|1696021226\n|switch|p1a: Urshifu|Urshifu-Rapid-Strike, F|100\/100\n|turn|3\n|\n|t:|1696021242\n|switch|p2a: Politoed|Politoed, M|100\/100\n|move|p1b: Iron Bundle|Freeze-Dry|p2a: Politoed\n|-supereffective|p2a: Politoed\n|-damage|p2a: Politoed|38\/100\n|move|p2b: Ludicolo|Energy Ball|p1a: Urshifu\n|-supereffective|p1a: Urshifu\n|-damage|p1a: Urshifu|0 fnt\n|faint|p1a: Urshifu\n|\n|-weather|RainDance|[upkeep]\n|upkeep\n|l| Yvektak\n|c| El_Gran_Wigglytuff|Como me toque contra Samy lo voy a tener chungo\n|c| fifier|gastrodon tera grass>>\n|c| XMarcosPr710|Para que tera grass\n|c| XMarcosPr710|Si tiene Colector\n|c| fifier|si\n|c| XMarcosPr710|Zopenco\n|c| fifier|si\n|c|\u2606Strikershadow12x|Ahora me fijo que no he puesto teratipo xd\n|j| Yvektak\n|c|\u2606SammySs|a\n|inactive|SammySs has 270 seconds left.\n|c| fifier|when en tu equipo solo 2 pokemon son interesantes con teras\n|c| fifier|o weno\n|c| fifier|3\n|\n|t:|1696021293\n|switch|p1a: Walking Wake|Walking Wake|100\/100\n|turn|4\n|c| XMarcosPr710|Me when urshifu tera grass B)\n|c| fifier|pelipper tera fire :skull:\n|inactive|SammySs has 270 seconds left.\n|\n|t:|1696021301\n|move|p1b: Iron Bundle|Freeze-Dry|p2a: Politoed\n|-supereffective|p2a: Politoed\n|-damage|p2a: Politoed|0 fnt\n|faint|p2a: Politoed\n|move|p2b: Ludicolo|Energy Ball|p1b: Iron Bundle\n|-supereffective|p1b: Iron Bundle\n|-damage|p1b: Iron Bundle|0 fnt\n|faint|p1b: Iron Bundle\n|-end|p1b: Iron Bundle|Quark Drive|[silent]\n|move|p1a: Walking Wake|Dragon Pulse|p2b: Ludicolo\n|-damage|p2b: Ludicolo|0 fnt\n|faint|p2b: Ludicolo\n|\n|-weather|RainDance|[upkeep]\n|upkeep\n|\n|t:|1696021314\n|switch|p1b: Ogerpon|Ogerpon-Wellspring, F|100\/100\n|switch|p2b: Rotom|Rotom-Wash|100\/100\n|switch|p2a: Gastrodon|Gastrodon-East, M|100\/100\n|turn|5\n|c| fifier|bro imagina\n|c| fifier|no usar bundle gordo\n|c| XMarcosPr710|\u00bfXD?\n|\n|t:|1696021337\n|switch|p2a: Pelipper|Pelipper, M|100\/100\n|-terastallize|p2b: Rotom|Electric\n|move|p2b: Rotom|Volt Switch|p1b: Ogerpon\n|-damage|p1b: Ogerpon|55\/100\n|\n|t:|1696021344\n|switch|p2b: Gastrodon|Gastrodon-East, M|100\/100|[from] Volt Switch\n|move|p1b: Ogerpon|Swords Dance|p1b: Ogerpon\n|-boost|p1b: Ogerpon|atk|2\n|move|p1a: Walking Wake|Dragon Pulse|p2b: Gastrodon\n|-damage|p2b: Gastrodon|45\/100\n|\n|-weather|RainDance|[upkeep]\n|-heal|p2b: Gastrodon|51\/100|[from] item: Leftovers\n|upkeep\n|turn|6\n|l| fifier\n|j| fifier\n|\n|t:|1696021361\n|move|p1b: Ogerpon|Horn Leech|p2b: Gastrodon\n|-supereffective|p2b: Gastrodon\n|-damage|p2b: Gastrodon|0 fnt\n|-heal|p1b: Ogerpon|91\/100|[from] drain|[of] p2b: Gastrodon\n|faint|p2b: Gastrodon\n|move|p1a: Walking Wake|Dragon Pulse|p2a: Pelipper\n|-damage|p2a: Pelipper|8\/100\n|move|p2a: Pelipper|Hurricane|p1b: Ogerpon\n|-supereffective|p1b: Ogerpon\n|-damage|p1b: Ogerpon|0 fnt\n|faint|p1b: Ogerpon\n|\n|-weather|RainDance|[upkeep]\n|upkeep\n|c| fifier|ala\n|c| XMarcosPr710|y ese ogerpon water offense\n|\n|t:|1696021373\n|switch|p1b: Pelipper|Pelipper, F|100\/100\n|switch|p2b: Rotom|Rotom-Wash, tera:Electric|100\/100\n|turn|7\n|c| fifier|se viene suip de pelipper\n|l| Yvektak\n|j| Yvektak\n|c| XMarcosPr710|Urshifu*\n|c| fifier|pelipper\n|\n|t:|1696021392\n|-terastallize|p1b: Pelipper|Ghost\n|move|p2b: Rotom|Thunderbolt|p1a: Walking Wake\n|-damage|p1a: Walking Wake|43\/100\n|-status|p1a: Walking Wake|par\n|move|p1b: Pelipper|Hurricane|p2a: Pelipper\n|-damage|p2a: Pelipper|0 fnt\n|faint|p2a: Pelipper\n|move|p1a: Walking Wake|Dragon Pulse|p2b: Rotom\n|-damage|p2b: Rotom|15\/100\n|\n|-weather|RainDance|[upkeep]\n|upkeep\n|c| fifier|esa predict\n|\n|t:|1696021403\n|switch|p2a: Urshifu|Urshifu-Rapid-Strike, M|100\/100\n|turn|8\n|c| XMarcosPr710|Rotom MVP?\n|\n|t:|1696021410\n|move|p2b: Rotom|Thunderbolt|p1b: Pelipper\n|-damage|p1b: Pelipper|8\/100\n|move|p2a: Urshifu|Surging Strikes|p1b: Pelipper\n|-crit|p1b: Pelipper\n|-damage|p1b: Pelipper|0 fnt\n|faint|p1b: Pelipper\n|-hitcount|p1: Pelipper|1\n|-damage|p2a: Urshifu|91\/100|[from] item: Life Orb\n|move|p1a: Walking Wake|Dragon Pulse|p2b: Rotom\n|-damage|p2b: Rotom|0 fnt\n|faint|p2b: Rotom\n|\n|-weather|none\n|upkeep\n|turn|9\n|c|\u2606SammySs|no hay forma\n|\n|t:|1696021426\n|move|p2a: Urshifu|Close Combat|p1a: Walking Wake\n|-damage|p1a: Walking Wake|0 fnt\n|-unboost|p2a: Urshifu|def|1\n|-unboost|p2a: Urshifu|spd|1\n|faint|p1a: Walking Wake\n|-end|p1a: Walking Wake|Protosynthesis|[silent]\n|-damage|p2a: Urshifu|81\/100|[from] item: Life Orb\n|\n|win|Strikershadow12x\n|l| Yvektak\n|c| fifier|q paja perder por una paralizis cabron\n|c| XMarcosPr710|Que epico\n","uploadtime":1696021435,"views":5,"p1id":"sammyss","p2id":"strikershadow12x","formatid":"gen9nationaldexdoubles","rating":0,"private":0,"password":""}