{"id":"gen9nationaldexdoubles-1958765189","p1":"KelTheMaster","p2":"STrangThing","format":"[Gen 9] National Dex Doubles","log":"|j|\u2606KelTheMaster\n|j|\u2606STrangThing\n|t:|1696356242\n|gametype|doubles\n|player|p1|KelTheMaster|falkner|1091\n|player|p2|STrangThing|steven|1081\n|teamsize|p1|6\n|teamsize|p2|6\n|gen|9\n|tier|[Gen 9] National Dex Doubles\n|rated|\n|rule|HP Percentage Mod: HP is shown in percentages\n|rule|Endless Battle Clause: Forcing endless battles is banned\n|rule|OHKO Clause: OHKO moves are banned\n|rule|Evasion Moves Clause: Evasion moves are banned\n|rule|Evasion Abilities Clause: Evasion abilities are banned\n|rule|Species Clause: Limit one of each Pok\u00e9mon\n|rule|Gravity Sleep Clause: The combination of sleep-inducing moves with imperfect accuracy and Gravity or Gigantamax Orbeetle are banned\n|clearpoke\n|poke|p1|Torkoal, M|\n|poke|p1|Kartana|\n|poke|p1|Charizard, M|\n|poke|p1|Tornadus-Therian, M|\n|poke|p1|Heatran, M|\n|poke|p1|Gastrodon-East, M|\n|poke|p2|Swampert, F|\n|poke|p2|Pelipper, F|\n|poke|p2|Urshifu-*, M|\n|poke|p2|Walking Wake|\n|poke|p2|Goodra-Hisui, M|\n|poke|p2|Ogerpon-Wellspring, F|\n|teampreview\n|c|\u2606STrangThing|good luck\n|\n|t:|1696356257\n|start\n|switch|p1a: Genji|Kartana|100\/100\n|switch|p1b: 100% not a man|Tornadus-Therian, M|100\/100\n|switch|p2a: Kipper|Swampert, F|100\/100\n|switch|p2b: Urshifu|Urshifu-Rapid-Strike, M|100\/100\n|turn|1\n|c|\u2606KelTheMaster|u2\n|\n|t:|1696356303\n|switch|p2b: Pelipper|Pelipper, F|100\/100\n|-weather|RainDance|[from] ability: Drizzle|[of] p2b: Pelipper\n|detailschange|p2a: Kipper|Swampert-Mega, F\n|-mega|p2a: Kipper|Swampert|Swampertite\n|move|p2a: Kipper|Earthquake|p1a: Genji|[spread] p1a\n|-immune|p2b: Pelipper\n|-immune|p1b: 100% not a man\n|-damage|p1a: Genji|48\/100\n|move|p1b: 100% not a man|Tailwind|p1b: 100% not a man\n|-sidestart|p1: KelTheMaster|move: Tailwind\n|move|p1a: Genji|Sacred Sword|p2a: Kipper\n|-damage|p2a: Kipper|55\/100\n|-damage|p1a: Genji|38\/100|[from] item: Life Orb\n|\n|-weather|RainDance|[upkeep]\n|upkeep\n|turn|2\n|\n|t:|1696356315\n|switch|p1b: Global Warming|Torkoal, M|100\/100\n|-weather|SunnyDay|[from] ability: Drought|[of] p1b: Global Warming\n|move|p1a: Genji|Solar Blade||[still]\n|-prepare|p1a: Genji|Solar Blade\n|-anim|p1a: Genji|Solar Blade|p2b: Pelipper\n|-damage|p2b: Pelipper|0 fnt\n|faint|p2b: Pelipper\n|-ability|p1a: Genji|Beast Boost|boost\n|-boost|p1a: Genji|atk|1\n|-damage|p1a: Genji|29\/100|[from] item: Life Orb\n|move|p2a: Kipper|Earthquake|p1b: Global Warming|[spread] p1a,p1b\n|-supereffective|p1b: Global Warming\n|-damage|p1a: Genji|0 fnt\n|-damage|p1b: Global Warming|47\/100\n|faint|p1a: Genji\n|\n|-weather|SunnyDay|[upkeep]\n|upkeep\n|\n|t:|1696356332\n|switch|p1a: generic dragon#452|Charizard, M|100\/100\n|switch|p2b: Urshifu|Urshifu-Rapid-Strike, M|100\/100\n|turn|3\n|c|\u2606STrangThing|Dammit\n|c|\u2606STrangThing|Sun\n|\n|t:|1696356349\n|detailschange|p1a: generic dragon#452|Charizard-Mega-X, M\n|-mega|p1a: generic dragon#452|Charizard|Charizardite X\n|move|p1a: generic dragon#452|Solar Beam||[still]\n|-prepare|p1a: generic dragon#452|Solar Beam\n|-anim|p1a: generic dragon#452|Solar Beam|p2a: Kipper\n|-supereffective|p2a: Kipper\n|-damage|p2a: Kipper|0 fnt\n|faint|p2a: Kipper\n|move|p2b: Urshifu|Surging Strikes|p1a: generic dragon#452\n|-crit|p1a: generic dragon#452\n|-damage|p1a: generic dragon#452|92\/100\n|-crit|p1a: generic dragon#452\n|-damage|p1a: generic dragon#452|85\/100\n|-crit|p1a: generic dragon#452\n|-damage|p1a: generic dragon#452|76\/100\n|-hitcount|p1a: generic dragon#452|3\n|move|p1b: Global Warming|Will-O-Wisp|p2b: Urshifu\n|-status|p2b: Urshifu|brn\n|\n|-weather|SunnyDay|[upkeep]\n|-damage|p2b: Urshifu|94\/100 brn|[from] brn\n|upkeep\n|\n|t:|1696356355\n|switch|p2a: Walking Wake|Walking Wake|100\/100\n|-activate|p2a: Walking Wake|ability: Protosynthesis\n|-start|p2a: Walking Wake|protosynthesisspa\n|turn|4\n|c|\u2606KelTheMaster|:D\n|c|\u2606STrangThing|too bad my Walking wake Is boosted by the sun\n|c|\u2606KelTheMaster|D:\n|c|\u2606KelTheMaster|anyways\n|\n|t:|1696356383\n|move|p1a: generic dragon#452|Dragon Claw|p2a: Walking Wake\n|-supereffective|p2a: Walking Wake\n|-damage|p2a: Walking Wake|0 fnt\n|faint|p2a: Walking Wake\n|-end|p2a: Walking Wake|Protosynthesis|[silent]\n|move|p2b: Urshifu|Surging Strikes|p1b: Global Warming\n|-supereffective|p1b: Global Warming\n|-crit|p1b: Global Warming\n|-damage|p1b: Global Warming|41\/100\n|-supereffective|p1b: Global Warming\n|-crit|p1b: Global Warming\n|-damage|p1b: Global Warming|34\/100\n|-supereffective|p1b: Global Warming\n|-crit|p1b: Global Warming\n|-damage|p1b: Global Warming|27\/100\n|-hitcount|p1b: Global Warming|3\n|move|p1b: Global Warming|Solar Beam||[still]\n|-prepare|p1b: Global Warming|Solar Beam\n|-anim|p1b: Global Warming|Solar Beam|p2b: Urshifu\n|-supereffective|p2b: Urshifu\n|-damage|p2b: Urshifu|19\/100 brn\n|\n|-weather|SunnyDay|[upkeep]\n|-damage|p2b: Urshifu|13\/100 brn|[from] brn\n|-sideend|p1: KelTheMaster|move: Tailwind\n|upkeep\n|c|\u2606STrangThing|...\n|\n|t:|1696356390\n|switch|p2a: Goodra|Goodra-Hisui, M|100\/100\n|turn|5\n|\n|t:|1696356419\n|move|p2b: Urshifu|Close Combat|p1b: Global Warming\n|-damage|p1b: Global Warming|8\/100\n|-unboost|p2b: Urshifu|def|1\n|-unboost|p2b: Urshifu|spd|1\n|move|p1a: generic dragon#452|Flare Blitz|p2a: Goodra\n|-damage|p2a: Goodra|14\/100\n|-damage|p1a: generic dragon#452|47\/100|[from] Recoil\n|move|p2a: Goodra|Dragon Pulse|p1a: generic dragon#452\n|-supereffective|p1a: generic dragon#452\n|-damage|p1a: generic dragon#452|0 fnt\n|faint|p1a: generic dragon#452\n|move|p1b: Global Warming|Overheat|p2a: Goodra|[miss]\n|-miss|p1b: Global Warming|p2a: Goodra\n|\n|-weather|SunnyDay|[upkeep]\n|-damage|p2b: Urshifu|6\/100 brn|[from] brn\n|upkeep\n|\n|t:|1696356433\n|switch|p1a: 100% not a man|Tornadus-Therian, M|100\/100\n|turn|6\n|\n|t:|1696356449\n|switch|p1b: Gary|Gastrodon-East, M|100\/100\n|move|p1a: 100% not a man|Tailwind|p1a: 100% not a man\n|-sidestart|p1: KelTheMaster|move: Tailwind\n|move|p2b: Urshifu|Ice Spinner|p1a: 100% not a man\n|-supereffective|p1a: 100% not a man\n|-damage|p1a: 100% not a man|65\/100\n|move|p2a: Goodra|Thunderbolt|p1a: 100% not a man\n|-supereffective|p1a: 100% not a man\n|-damage|p1a: 100% not a man|20\/100\n|\n|-weather|SunnyDay|[upkeep]\n|-damage|p2b: Urshifu|0 fnt|[from] brn\n|faint|p2b: Urshifu\n|upkeep\n|\n|t:|1696356460\n|switch|p2b: Ogerpon|Ogerpon-Wellspring, F|100\/100\n|turn|7\n|\n|t:|1696356467\n|-terastallize|p2b: Ogerpon|Water\n|detailschange|p2b: Ogerpon|Ogerpon-Wellspring-Tera, F, tera:Water\n|-ability|p2b: Ogerpon|Embody Aspect (Wellspring)|boost\n|-boost|p2b: Ogerpon|spd|1\n|move|p1a: 100% not a man|Heat Wave|p2a: Goodra|[spread] \n|-miss|p1a: 100% not a man|p2a: Goodra\n|-miss|p1a: 100% not a man|p2b: Ogerpon\n|move|p2b: Ogerpon|Horn Leech|p1b: Gary\n|-supereffective|p1b: Gary\n|-damage|p1b: Gary|0 fnt\n|faint|p1b: Gary\n|move|p2a: Goodra|Thunderbolt|p1a: 100% not a man\n|-supereffective|p1a: 100% not a man\n|-damage|p1a: 100% not a man|0 fnt\n|faint|p1a: 100% not a man\n|\n|-weather|SunnyDay|[upkeep]\n|upkeep\n|\n|t:|1696356478\n|switch|p1a: Handlebar|Heatran, M|100\/100\n|switch|p1b: Global Warming|Torkoal, M|8\/100\n|turn|8\n|\n|t:|1696356497\n|-terastallize|p1a: Handlebar|Grass\n|move|p2b: Ogerpon|Spiky Shield|p2b: Ogerpon\n|-singleturn|p2b: Ogerpon|move: Protect\n|move|p1a: Handlebar|Solar Beam||[still]\n|-prepare|p1a: Handlebar|Solar Beam\n|-anim|p1a: Handlebar|Solar Beam|p2b: Ogerpon\n|-activate|p2b: Ogerpon|move: Protect\n|move|p2a: Goodra|Dragon Pulse|p1b: Global Warming\n|-damage|p1b: Global Warming|0 fnt\n|faint|p1b: Global Warming\n|\n|-weather|SunnyDay|[upkeep]\n|upkeep\n|turn|9\n|\n|t:|1696356517\n|move|p1a: Handlebar|Solar Beam||[still]\n|-prepare|p1a: Handlebar|Solar Beam\n|-anim|p1a: Handlebar|Solar Beam|p2b: Ogerpon\n|-supereffective|p2b: Ogerpon\n|-damage|p2b: Ogerpon|0 fnt\n|faint|p2b: Ogerpon\n|move|p2a: Goodra|Ice Beam|p1a: Handlebar\n|-supereffective|p1a: Handlebar\n|-damage|p1a: Handlebar|62\/100\n|\n|-weather|none\n|-sideend|p1: KelTheMaster|move: Tailwind\n|upkeep\n|turn|10\n|c|\u2606KelTheMaster|:D\n|c|\u2606KelTheMaster|D:\n|\n|t:|1696356529\n|move|p1a: Handlebar|Solar Beam||[still]\n|-prepare|p1a: Handlebar|Solar Beam\n|move|p2a: Goodra|Ice Beam|p1a: Handlebar\n|-supereffective|p1a: Handlebar\n|-damage|p1a: Handlebar|26\/100\n|-status|p1a: Handlebar|frz\n|\n|upkeep\n|turn|11\n|c|\u2606KelTheMaster|OH FU\n|\n|t:|1696356537\n|cant|p1a: Handlebar|frz\n|move|p2a: Goodra|Ice Beam|p1a: Handlebar\n|-supereffective|p1a: Handlebar\n|-damage|p1a: Handlebar|0 fnt\n|faint|p1a: Handlebar\n|\n|win|STrangThing\n|raw|KelTheMaster's rating: 1091 &rarr; <strong>1067<\/strong><br \/>(-24 for losing)\n|raw|STrangThing's rating: 1081 &rarr; <strong>1110<\/strong><br \/>(+29 for winning)\n|c|\u2606STrangThing|OMG THE CLUTCH\n|c|\u2606STrangThing|I LOVE GOODRA\n|c|\u2606STrangThing|Gg\n|c|\u2606KelTheMaster|9UFHE0wuhfdvnE0ORIN\n|c|\u2606KelTheMaster|gg\n|l|\u2606KelTheMaster\n","uploadtime":1696356582,"views":10,"p1id":"kelthemaster","p2id":"strangthing","formatid":"gen9nationaldexdoubles","rating":1067,"private":0,"password":""}