{"id":"gen9nationaldexdoubles-1955169437","p1":"DarkSteel2003","p2":"DracoAxel","format":"[Gen 9] National Dex Doubles","log":"|j|\u2606DarkSteel2003\n|j|\u2606DracoAxel\n|t:|1695965701\n|gametype|doubles\n|player|p1|DarkSteel2003|102|1032\n|player|p2|DracoAxel|nate|1000\n|teamsize|p1|6\n|teamsize|p2|6\n|gen|9\n|tier|[Gen 9] National Dex Doubles\n|rated|\n|rule|HP Percentage Mod: HP is shown in percentages\n|rule|Endless Battle Clause: Forcing endless battles is banned\n|rule|OHKO Clause: OHKO moves are banned\n|rule|Evasion Moves Clause: Evasion moves are banned\n|rule|Evasion Abilities Clause: Evasion abilities are banned\n|rule|Species Clause: Limit one of each Pok\u00e9mon\n|rule|Gravity Sleep Clause: The combination of sleep-inducing moves with imperfect accuracy and Gravity or Gigantamax Orbeetle are banned\n|clearpoke\n|poke|p1|Munkidori, M|\n|poke|p1|Klefki, M|\n|poke|p1|Iron Valiant|\n|poke|p1|Iron Treads|\n|poke|p1|Landorus-Therian, M|\n|poke|p1|Corviknight, M|\n|poke|p2|Tapu Lele|\n|poke|p2|Regieleki|\n|poke|p2|Swampert, M|\n|poke|p2|Politoed, F|\n|poke|p2|Tornadus, M|\n|poke|p2|Kartana|\n|teampreview\n|\n|t:|1695965729\n|start\n|switch|p1a: Klefki|Klefki, M|100\/100\n|switch|p1b: Munkidori|Munkidori, M|100\/100\n|switch|p2a: Tornadus|Tornadus, M|100\/100\n|switch|p2b: Tapu Lele|Tapu Lele|100\/100\n|-fieldstart|move: Psychic Terrain|[from] ability: Psychic Surge|[of] p2b: Tapu Lele\n|turn|1\n|\n|t:|1695965752\n|-terastallize|p1b: Munkidori|Poison\n|move|p2b: Tapu Lele|Protect|p2b: Tapu Lele\n|-singleturn|p2b: Tapu Lele|Protect\n|move|p2a: Tornadus|Taunt|p1b: Munkidori\n|-activate|p1b: Munkidori|move: Psychic Terrain\n|move|p1a: Klefki|Light Screen|p1a: Klefki\n|-sidestart|p1: DarkSteel2003|move: Light Screen\n|move|p1b: Munkidori|Sludge Wave|p2a: Tornadus|[spread] p2a\n|-activate|p2b: Tapu Lele|move: Protect\n|-immune|p1a: Klefki\n|-damage|p2a: Tornadus|36\/100\n|\n|upkeep\n|turn|2\n|\n|t:|1695965772\n|move|p2a: Tornadus|Protect|p2a: Tornadus\n|-singleturn|p2a: Tornadus|Protect\n|move|p1a: Klefki|Reflect|p1a: Klefki\n|-sidestart|p1: DarkSteel2003|Reflect\n|move|p1b: Munkidori|Sludge Wave|p2b: Tapu Lele|[spread] p2b\n|-activate|p2a: Tornadus|move: Protect\n|-immune|p1a: Klefki\n|-supereffective|p2b: Tapu Lele\n|-damage|p2b: Tapu Lele|0 fnt\n|faint|p2b: Tapu Lele\n|\n|upkeep\n|\n|t:|1695965785\n|switch|p2b: Politoed|Politoed, F|100\/100\n|-weather|RainDance|[from] ability: Drizzle|[of] p2b: Politoed\n|turn|3\n|\n|t:|1695965826\n|switch|p2a: Swampert|Swampert, M|100\/100\n|move|p2b: Politoed|Protect|p2b: Politoed\n|-singleturn|p2b: Politoed|Protect\n|move|p1a: Klefki|Thunder Wave|p2a: Swampert\n|-activate|p2a: Swampert|move: Psychic Terrain\n|move|p1b: Munkidori|Sludge Wave|p2b: Politoed|[spread] p2a\n|-activate|p2b: Politoed|move: Protect\n|-immune|p1a: Klefki\n|-resisted|p2a: Swampert\n|-damage|p2a: Swampert|74\/100\n|\n|-weather|RainDance|[upkeep]\n|upkeep\n|turn|4\n|\n|t:|1695965856\n|detailschange|p2a: Swampert|Swampert-Mega, M\n|-mega|p2a: Swampert|Swampert|Swampertite\n|move|p1a: Klefki|Spikes|p2a: Swampert\n|-sidestart|p2: DracoAxel|Spikes\n|move|p2a: Swampert|Stomping Tantrum|p1a: Klefki\n|-supereffective|p1a: Klefki\n|-damage|p1a: Klefki|55\/100\n|move|p1b: Munkidori|Sludge Wave|p2a: Swampert|[spread] p2a,p2b\n|-immune|p1a: Klefki\n|-resisted|p2a: Swampert\n|-damage|p2a: Swampert|50\/100\n|-damage|p2b: Politoed|58\/100\n|-status|p2a: Swampert|psn\n|-status|p2b: Politoed|tox|[from] ability: Toxic Chain|[of] p1b: Munkidori\n|-enditem|p2b: Politoed|Eject Button\n|\n|t:|1695965879\n|switch|p2b: Regieleki|Regieleki|100\/100\n|-damage|p2b: Regieleki|88\/100|[from] Spikes\n|\n|-weather|RainDance|[upkeep]\n|-damage|p2a: Swampert|38\/100 psn|[from] psn\n|upkeep\n|turn|5\n|\n|t:|1695965894\n|move|p1a: Klefki|Spikes|p2b: Regieleki\n|-sidestart|p2: DracoAxel|Spikes\n|move|p2b: Regieleki|Electroweb|p1b: Munkidori|[spread] p1a,p1b\n|-crit|p1a: Klefki\n|-damage|p1a: Klefki|0 fnt\n|-damage|p1b: Munkidori|75\/100\n|-unboost|p1b: Munkidori|spe|1\n|faint|p1a: Klefki\n|-damage|p2b: Regieleki|78\/100|[from] item: Life Orb\n|move|p2a: Swampert|Stomping Tantrum|p1b: Munkidori\n|-supereffective|p1b: Munkidori\n|-damage|p1b: Munkidori|0 fnt\n|faint|p1b: Munkidori\n|\n|-weather|RainDance|[upkeep]\n|-damage|p2a: Swampert|26\/100 psn|[from] psn\n|-fieldend|move: Psychic Terrain\n|upkeep\n|\n|t:|1695965919\n|switch|p1b: Corviknight|Corviknight, M|100\/100\n|switch|p1a: Iron Valiant|Iron Valiant|100\/100\n|-enditem|p1a: Iron Valiant|Booster Energy\n|-activate|p1a: Iron Valiant|ability: Quark Drive|[fromitem]\n|-start|p1a: Iron Valiant|quarkdrivespe\n|turn|6\n|\n|t:|1695965938\n|move|p2a: Swampert|Protect|p2a: Swampert\n|-singleturn|p2a: Swampert|Protect\n|move|p2b: Regieleki|Electroweb|p1a: Iron Valiant|[spread] p1a,p1b\n|-supereffective|p1b: Corviknight\n|-damage|p1a: Iron Valiant|61\/100\n|-damage|p1b: Corviknight|53\/100\n|-unboost|p1a: Iron Valiant|spe|1\n|-ability|p1b: Corviknight|Mirror Armor\n|-unboost|p2b: Regieleki|spe|1\n|-damage|p2b: Regieleki|68\/100|[from] item: Life Orb\n|move|p1a: Iron Valiant|Energy Ball|p2a: Swampert\n|-activate|p2a: Swampert|move: Protect\n|move|p1b: Corviknight|Tailwind|p1b: Corviknight\n|-sidestart|p1: DarkSteel2003|move: Tailwind\n|\n|-weather|RainDance|[upkeep]\n|-damage|p2a: Swampert|13\/100 psn|[from] psn\n|upkeep\n|turn|7\n|\n|t:|1695965962\n|move|p2b: Regieleki|Protect|p2b: Regieleki\n|-singleturn|p2b: Regieleki|Protect\n|move|p1a: Iron Valiant|Moonblast|p2b: Regieleki\n|-activate|p2b: Regieleki|move: Protect\n|move|p2a: Swampert|Waterfall|p1a: Iron Valiant\n|-damage|p1a: Iron Valiant|6\/100\n|move|p1b: Corviknight|Bulk Up|p1b: Corviknight\n|-boost|p1b: Corviknight|atk|1\n|-boost|p1b: Corviknight|def|1\n|\n|-weather|none\n|-damage|p2a: Swampert|1\/100 psn|[from] psn\n|upkeep\n|turn|8\n|\n|t:|1695965987\n|switch|p2a: Politoed|Politoed, F|58\/100 tox\n|-damage|p2a: Politoed|41\/100 tox|[from] Spikes\n|-weather|RainDance|[from] ability: Drizzle|[of] p2a: Politoed\n|move|p1a: Iron Valiant|Moonblast|p2b: Regieleki\n|-damage|p2b: Regieleki|0 fnt\n|faint|p2b: Regieleki\n|move|p1b: Corviknight|Bulk Up|p1b: Corviknight\n|-boost|p1b: Corviknight|atk|1\n|-boost|p1b: Corviknight|def|1\n|\n|-weather|RainDance|[upkeep]\n|-damage|p2a: Politoed|35\/100 tox|[from] psn\n|-sideend|p1: DarkSteel2003|move: Light Screen\n|upkeep\n|\n|t:|1695965998\n|switch|p2b: Swampert|Swampert-Mega, M|1\/100 psn\n|-damage|p2b: Swampert|0 fnt|[from] Spikes\n|faint|p2b: Swampert\n|\n|t:|1695966003\n|switch|p2b: Tornadus|Tornadus, M|36\/100\n|turn|9\n|\n|t:|1695966015\n|move|p2b: Tornadus|Protect|p2b: Tornadus\n|-singleturn|p2b: Tornadus|Protect\n|move|p1a: Iron Valiant|Destiny Bond|p1a: Iron Valiant\n|-singlemove|p1a: Iron Valiant|Destiny Bond\n|move|p1b: Corviknight|Body Press|p2a: Politoed\n|-damage|p2a: Politoed|4\/100 tox\n|move|p2a: Politoed|Haze|p2a: Politoed\n|-clearallboost\n|\n|-weather|RainDance|[upkeep]\n|-damage|p2a: Politoed|0 fnt|[from] psn\n|faint|p2a: Politoed\n|-sideend|p1: DarkSteel2003|Reflect\n|-sideend|p1: DarkSteel2003|move: Tailwind\n|upkeep\n|\n|t:|1695966028\n|switch|p2a: Kartana|Kartana|100\/100\n|-damage|p2a: Kartana|84\/100|[from] Spikes\n|turn|10\n|\n|t:|1695966036\n|move|p2a: Kartana|Protect|p2a: Kartana\n|-singleturn|p2a: Kartana|Protect\n|move|p2b: Tornadus|Tailwind|p2b: Tornadus\n|-sidestart|p2: DracoAxel|move: Tailwind\n|move|p1a: Iron Valiant|Close Combat|p2a: Kartana\n|-activate|p2a: Kartana|move: Protect\n|move|p1b: Corviknight|Brave Bird|p2b: Tornadus\n|-damage|p2b: Tornadus|0 fnt\n|faint|p2b: Tornadus\n|-damage|p1b: Corviknight|42\/100|[from] Recoil\n|\n|-weather|RainDance|[upkeep]\n|upkeep\n|turn|11\n|\n|t:|1695966065\n|move|p2a: Kartana|Sacred Sword|p1b: Corviknight\n|-damage|p1b: Corviknight|6\/100\n|-enditem|p1b: Corviknight|Salac Berry|[eat]\n|-boost|p1b: Corviknight|spe|1|[from] item: Salac Berry\n|move|p1a: Iron Valiant|Close Combat|p2a: Kartana\n|-supereffective|p2a: Kartana\n|-damage|p2a: Kartana|0 fnt\n|-unboost|p1a: Iron Valiant|def|1\n|-unboost|p1a: Iron Valiant|spd|1\n|faint|p2a: Kartana\n|\n|win|DarkSteel2003\n|raw|DarkSteel2003's rating: 1032 &rarr; <strong>1064<\/strong><br \/>(+32 for winning)\n|raw|DracoAxel's rating: 1000 &rarr; <strong>1000<\/strong><br \/>(+0 for losing)\n|l|\u2606DracoAxel\n","uploadtime":1695966085,"views":11,"p1id":"darksteel2003","p2id":"dracoaxel","formatid":"gen9nationaldexdoubles","rating":1000,"private":0,"password":""}