{"id":"gen9nationaldexdoubles-1978291761","p1":"Lc Alt Acount","p2":"Like and Subcribe","format":"[Gen 9] National Dex Doubles","log":"|j|\u2606Lc Alt Acount\n|j|\u2606Like and Subcribe\n|t:|1698521611\n|gametype|doubles\n|player|p1|Lc Alt Acount|lucas|\n|player|p2|Like and Subcribe|102|\n|teamsize|p1|4\n|teamsize|p2|3\n|gen|9\n|tier|[Gen 9] National Dex Doubles\n|rule|HP Percentage Mod: HP is shown in percentages\n|rule|Endless Battle Clause: Forcing endless battles is banned\n|rule|OHKO Clause: OHKO moves are banned\n|rule|Evasion Moves Clause: Evasion moves are banned\n|rule|Evasion Abilities Clause: Evasion abilities are banned\n|rule|Species Clause: Limit one of each Pok\u00e9mon\n|rule|Gravity Sleep Clause: The combination of sleep-inducing moves with imperfect accuracy and Gravity or Gigantamax Orbeetle are banned\n|clearpoke\n|poke|p1|Oranguru, F|\n|poke|p1|Stonjourner, M|\n|poke|p1|Mew|\n|poke|p1|Zangoose, F|\n|poke|p2|Geodude, L5, M|\n|poke|p2|Mew|\n|poke|p2|Ambipom, M|\n|teampreview\n|inactive|Battle timer is ON: inactive players will automatically lose when time's up. (requested by Lc Alt Acount)\n|inactive|Like and Subcribe also wants the timer to be on.\n|\n|t:|1698521628\n|start\n|switch|p1a: Stonjourner|Stonjourner, M|100\/100\n|switch|p1b: Oranguru|Oranguru, F|100\/100\n|switch|p2a: Mew|Mew|100\/100\n|switch|p2b: Ambipom|Ambipom, M|100\/100\n|turn|1\n|\n|t:|1698521637\n|move|p2b: Ambipom|Hone Claws|p2b: Ambipom\n|-boost|p2b: Ambipom|atk|1\n|-boost|p2b: Ambipom|accuracy|1\n|move|p2a: Mew|Skill Swap|p1a: Stonjourner\n|-activate|p2a: Mew|move: Skill Swap|Power Spot|Synchronize|[of] p1a: Stonjourner\n|move|p1b: Oranguru|Instruct||[still]\n|-fail|p1b: Oranguru\n|move|p1a: Stonjourner|Curse|p1a: Stonjourner\n|-unboost|p1a: Stonjourner|spe|1\n|-boost|p1a: Stonjourner|atk|1\n|-boost|p1a: Stonjourner|def|1\n|\n|upkeep\n|turn|2\n|\n|t:|1698521658\n|switch|p1a: Zangoose|Zangoose, F|100\/100\n|move|p2a: Mew|Endure|p2a: Mew\n|-singleturn|p2a: Mew|move: Endure\n|move|p2b: Ambipom|Baton Pass|p2b: Ambipom\n|\n|t:|1698521664\n|switch|p2b: Geodude|Geodude, L5, M|100\/100|[from] Baton Pass\n|move|p1b: Oranguru|Skill Swap|p1a: Zangoose\n|-activate|p1b: Oranguru|move: Skill Swap|||[of] p1a: Zangoose\n|\n|upkeep\n|turn|3\n|\n|t:|1698521681\n|switch|p1a: Mew|Mew|100\/100\n|move|p2a: Mew|Endure|p2a: Mew\n|-singleturn|p2a: Mew|move: Endure\n|move|p1b: Oranguru|Skill Swap|p2b: Geodude\n|-activate|p1b: Oranguru|move: Skill Swap|Rock Head|Toxic Boost|[of] p2b: Geodude\n|move|p2b: Geodude|Defense Curl|p2b: Geodude\n|-boost|p2b: Geodude|def|1\n|\n|upkeep\n|turn|4\n|inactive|Lc Alt Acount has 270 seconds left.\n|inactive|Like and Subcribe has 270 seconds left.\n|\n|t:|1698521721\n|move|p2a: Mew|Endure||[still]\n|-fail|p2a: Mew\n|move|p1b: Oranguru|Skill Swap|p1a: Mew\n|-activate|p1b: Oranguru|move: Skill Swap|||[of] p1a: Mew\n|move|p1a: Mew|Skill Swap|p1b: Oranguru\n|-activate|p1a: Mew|move: Skill Swap|||[of] p1b: Oranguru\n|move|p2b: Geodude|Rollout|p1a: Mew\n|-damage|p1a: Mew|99\/100\n|\n|upkeep\n|turn|5\n|\n|t:|1698521729\n|move|p2a: Mew|Endure|p2a: Mew\n|-singleturn|p2a: Mew|move: Endure\n|move|p1b: Oranguru|Skill Swap|p1a: Mew\n|-activate|p1b: Oranguru|move: Skill Swap|||[of] p1a: Mew\n|move|p1a: Mew|Skill Swap|p1b: Oranguru\n|-activate|p1a: Mew|move: Skill Swap|||[of] p1b: Oranguru\n|move|p2b: Geodude|Rollout|p1a: Mew|[from]lockedmove\n|-damage|p1a: Mew|99\/100\n|\n|upkeep\n|turn|6\n|\n|t:|1698521740\n|move|p2a: Mew|Endure|p2a: Mew\n|-singleturn|p2a: Mew|move: Endure\n|move|p1b: Oranguru|Skill Swap|p1a: Mew\n|-activate|p1b: Oranguru|move: Skill Swap|||[of] p1a: Mew\n|move|p1a: Mew|Skill Swap|p1b: Oranguru\n|-activate|p1a: Mew|move: Skill Swap|||[of] p1b: Oranguru\n|move|p2b: Geodude|Rollout|p1a: Mew|[from]lockedmove\n|-damage|p1a: Mew|99\/100\n|\n|upkeep\n|turn|7\n|\n|t:|1698521751\n|move|p2a: Mew|Endure||[still]\n|-fail|p2a: Mew\n|move|p1b: Oranguru|Skill Swap|p1a: Mew\n|-activate|p1b: Oranguru|move: Skill Swap|||[of] p1a: Mew\n|move|p1a: Mew|Skill Swap|p1b: Oranguru\n|-activate|p1a: Mew|move: Skill Swap|||[of] p1b: Oranguru\n|move|p2b: Geodude|Rollout|p1a: Mew|[from]lockedmove\n|-damage|p1a: Mew|97\/100\n|\n|upkeep\n|turn|8\n|\n|t:|1698521780\n|move|p2a: Mew|Endure|p2a: Mew\n|-singleturn|p2a: Mew|move: Endure\n|move|p1b: Oranguru|Skill Swap|p1a: Mew\n|-activate|p1b: Oranguru|move: Skill Swap|||[of] p1a: Mew\n|move|p1a: Mew|Soft-Boiled|p1a: Mew\n|-heal|p1a: Mew|100\/100\n|move|p2b: Geodude|Rollout|p1a: Mew|[from]lockedmove\n|-damage|p1a: Mew|96\/100\n|\n|upkeep\n|turn|9\n|\n|t:|1698521790\n|move|p2a: Mew|Endure||[still]\n|-fail|p2a: Mew\n|move|p1b: Oranguru|Skill Swap|p1a: Mew\n|-activate|p1b: Oranguru|move: Skill Swap|||[of] p1a: Mew\n|move|p1a: Mew|Skill Swap|p1b: Oranguru\n|-activate|p1a: Mew|move: Skill Swap|||[of] p1b: Oranguru\n|move|p2b: Geodude|Rollout|p1a: Mew\n|-damage|p1a: Mew|96\/100\n|\n|upkeep\n|turn|10\n|\n|t:|1698521817\n|move|p2a: Mew|Endure|p2a: Mew\n|-singleturn|p2a: Mew|move: Endure\n|move|p1b: Oranguru|Skill Swap|p1a: Mew\n|-activate|p1b: Oranguru|move: Skill Swap|||[of] p1a: Mew\n|move|p1a: Mew|Skill Swap|p1b: Oranguru\n|-activate|p1a: Mew|move: Skill Swap|||[of] p1b: Oranguru\n|move|p2b: Geodude|Rollout|p1a: Mew|[from]lockedmove\n|-damage|p1a: Mew|95\/100\n|\n|upkeep\n|turn|11\n|\n|t:|1698521826\n|move|p2a: Mew|Endure|p2a: Mew\n|-singleturn|p2a: Mew|move: Endure\n|move|p1b: Oranguru|Skill Swap|p1a: Mew\n|-activate|p1b: Oranguru|move: Skill Swap|||[of] p1a: Mew\n|move|p1a: Mew|Skill Swap|p1b: Oranguru\n|-activate|p1a: Mew|move: Skill Swap|||[of] p1b: Oranguru\n|move|p2b: Geodude|Rollout|p1a: Mew|[from]lockedmove\n|-damage|p1a: Mew|94\/100\n|\n|upkeep\n|turn|12\n|\n|t:|1698521835\n|move|p2a: Mew|Endure||[still]\n|-fail|p2a: Mew\n|move|p1b: Oranguru|Skill Swap|p1a: Mew\n|-activate|p1b: Oranguru|move: Skill Swap|||[of] p1a: Mew\n|move|p1a: Mew|Soft-Boiled|p1a: Mew\n|-heal|p1a: Mew|100\/100\n|move|p2b: Geodude|Rollout|p1a: Mew|[from]lockedmove\n|-damage|p1a: Mew|98\/100\n|\n|upkeep\n|turn|13\n|\n|t:|1698521859\n|move|p2a: Mew|Endure|p2a: Mew\n|-singleturn|p2a: Mew|move: Endure\n|move|p1b: Oranguru|Skill Swap|p1a: Mew\n|-activate|p1b: Oranguru|move: Skill Swap|||[of] p1a: Mew\n|move|p1a: Mew|Soft-Boiled|p1a: Mew\n|-heal|p1a: Mew|100\/100\n|move|p2b: Geodude|Rollout|p1a: Mew|[from]lockedmove\n|-damage|p1a: Mew|96\/100\n|\n|upkeep\n|turn|14\n|\n|t:|1698521868\n|-terastallize|p2b: Geodude|Rock\n|move|p2a: Mew|Endure||[still]\n|-fail|p2a: Mew\n|move|p1b: Oranguru|Skill Swap|p1a: Mew\n|-activate|p1b: Oranguru|move: Skill Swap|||[of] p1a: Mew\n|move|p1a: Mew|Skill Swap|p1b: Oranguru\n|-activate|p1a: Mew|move: Skill Swap|||[of] p1b: Oranguru\n|move|p2b: Geodude|Rollout|p1a: Mew\n|-damage|p1a: Mew|95\/100\n|\n|upkeep\n|turn|15\n|\n|t:|1698521880\n|move|p2a: Mew|Endure|p2a: Mew\n|-singleturn|p2a: Mew|move: Endure\n|move|p1b: Oranguru|Skill Swap|p1a: Mew\n|-activate|p1b: Oranguru|move: Skill Swap|||[of] p1a: Mew\n|move|p1a: Mew|Skill Swap|p1b: Oranguru\n|-activate|p1a: Mew|move: Skill Swap|||[of] p1b: Oranguru\n|move|p2b: Geodude|Rollout|p1a: Mew|[from]lockedmove\n|-damage|p1a: Mew|94\/100\n|\n|upkeep\n|turn|16\n|\n|t:|1698521889\n|move|p2a: Mew|Endure||[still]\n|-fail|p2a: Mew\n|move|p1b: Oranguru|Skill Swap|p1a: Mew\n|-activate|p1b: Oranguru|move: Skill Swap|||[of] p1a: Mew\n|move|p1a: Mew|Skill Swap|p1b: Oranguru\n|-activate|p1a: Mew|move: Skill Swap|||[of] p1b: Oranguru\n|move|p2b: Geodude|Rollout|p1a: Mew|[from]lockedmove\n|-damage|p1a: Mew|92\/100\n|\n|upkeep\n|turn|17\n|\n|t:|1698521905\n|move|p2a: Mew|Endure|p2a: Mew\n|-singleturn|p2a: Mew|move: Endure\n|move|p1b: Oranguru|Skill Swap|p1a: Mew\n|-activate|p1b: Oranguru|move: Skill Swap|||[of] p1a: Mew\n|move|p1a: Mew|Transform|p1b: Oranguru\n|-transform|p1a: Mew|p1b: Oranguru\n|move|p2b: Geodude|Rollout|p1a: Mew|[from]lockedmove\n|-damage|p1a: Mew|88\/100\n|\n|upkeep\n|turn|18\n|\n|t:|1698521921\n|move|p2a: Mew|Helping Hand|p2b: Geodude\n|-singleturn|p2b: Geodude|Helping Hand|[of] p2a: Mew\n|move|p1a: Mew|Instruct|p2a: Mew\n|-singleturn|p2a: Mew|move: Instruct|[of] p1a: Mew\n|move|p2a: Mew|Helping Hand|p2b: Geodude\n|-singleturn|p2b: Geodude|Helping Hand|[of] p2a: Mew\n|move|p1b: Oranguru|Instruct|p2a: Mew\n|-singleturn|p2a: Mew|move: Instruct|[of] p1b: Oranguru\n|move|p2a: Mew|Helping Hand|p2b: Geodude\n|-singleturn|p2b: Geodude|Helping Hand|[of] p2a: Mew\n|move|p2b: Geodude|Rollout|p1a: Mew|[from]lockedmove\n|-damage|p1a: Mew|66\/100\n|\n|upkeep\n|turn|19\n|inactive|Lc Alt Acount has 270 seconds left.\n|inactive|Like and Subcribe has 270 seconds left.\n|inactive|Lc Alt Acount has 240 seconds left.\n|inactive|Like and Subcribe has 240 seconds left.\n|inactive|Like and Subcribe has 210 seconds left.\n|\n|t:|1698522012\n|move|p2a: Mew|Skill Swap|p1b: Oranguru\n|-activate|p2a: Mew|move: Skill Swap|Rock Head|Power Spot|[of] p1b: Oranguru\n|move|p1a: Mew|Skill Swap|p1b: Oranguru\n|-activate|p1a: Mew|move: Skill Swap|||[of] p1b: Oranguru\n|move|p1b: Oranguru|Instruct|p1a: Mew\n|-singleturn|p1a: Mew|move: Instruct|[of] p1b: Oranguru\n|move|p1a: Mew|Skill Swap|p1b: Oranguru\n|-activate|p1a: Mew|move: Skill Swap|||[of] p1b: Oranguru\n|move|p2b: Geodude|Rollout|p1b: Oranguru\n|-damage|p1b: Oranguru|99\/100\n|\n|upkeep\n|turn|20\n|inactive|Lc Alt Acount has 240 seconds left.\n|\n|t:|1698522022\n|move|p2a: Mew|Skill Swap|p1b: Oranguru\n|-activate|p2a: Mew|move: Skill Swap|Power Spot|Rock Head|[of] p1b: Oranguru\n|move|p1b: Oranguru|Toxic|p2b: Geodude\n|-status|p2b: Geodude|tox\n|move|p1a: Mew|Toxic|p2b: Geodude\n|-fail|p2b: Geodude|tox\n|move|p2b: Geodude|Rollout|p1b: Oranguru|[from]lockedmove\n|-damage|p1b: Oranguru|97\/100\n|\n|-damage|p2b: Geodude|95\/100 tox|[from] psn\n|upkeep\n|turn|21\n|inactive|Lc Alt Acount has 240 seconds left.\n|\n|t:|1698522054\n|move|p2a: Mew|Skill Swap|p1b: Oranguru\n|-activate|p2a: Mew|move: Skill Swap|Rock Head|Power Spot|[of] p1b: Oranguru\n|move|p1b: Oranguru|Instruct|p1a: Mew\n|-singleturn|p1a: Mew|move: Instruct|[of] p1b: Oranguru\n|move|p1a: Mew|Toxic|p2b: Geodude\n|-fail|p2b: Geodude|tox\n|move|p1a: Mew|Skill Swap|p1b: Oranguru\n|-activate|p1a: Mew|move: Skill Swap|||[of] p1b: Oranguru\n|move|p2b: Geodude|Rollout|p1b: Oranguru|[from]lockedmove\n|-damage|p1b: Oranguru|93\/100\n|\n|-damage|p2b: Geodude|85\/100 tox|[from] psn\n|upkeep\n|turn|22\n|inactive|Lc Alt Acount has 240 seconds left.\n|\n|t:|1698522076\n|move|p2a: Mew|Helping Hand|p2b: Geodude\n|-singleturn|p2b: Geodude|Helping Hand|[of] p2a: Mew\n|move|p1a: Mew|Skill Swap|p1b: Oranguru\n|-activate|p1a: Mew|move: Skill Swap|||[of] p1b: Oranguru\n|move|p1b: Oranguru|Toxic|p2b: Geodude\n|-fail|p2b: Geodude|tox\n|move|p2b: Geodude|Rollout|p1b: Oranguru|[from]lockedmove\n|-damage|p1b: Oranguru|84\/100\n|\n|-damage|p2b: Geodude|70\/100 tox|[from] psn\n|upkeep\n|turn|23\n|inactive|Like and Subcribe has 270 seconds left.\n|\n|t:|1698522087\n|move|p2a: Mew|Helping Hand|p2b: Geodude\n|-singleturn|p2b: Geodude|Helping Hand|[of] p2a: Mew\n|move|p1b: Oranguru|Instruct|p2a: Mew\n|-singleturn|p2a: Mew|move: Instruct|[of] p1b: Oranguru\n|move|p2a: Mew|Helping Hand|p2b: Geodude\n|-singleturn|p2b: Geodude|Helping Hand|[of] p2a: Mew\n|move|p1a: Mew|Instruct|p2a: Mew\n|-singleturn|p2a: Mew|move: Instruct|[of] p1a: Mew\n|move|p2a: Mew|Helping Hand|p2b: Geodude\n|-singleturn|p2b: Geodude|Helping Hand|[of] p2a: Mew\n|move|p2b: Geodude|Rollout|p1b: Oranguru|[from]lockedmove\n|-damage|p1b: Oranguru|48\/100\n|\n|-damage|p2b: Geodude|50\/100 tox|[from] psn\n|upkeep\n|turn|24\n|inactive|Lc Alt Acount has 270 seconds left.\n|inactive|Like and Subcribe has 270 seconds left.\n|-message|Lc Alt Acount forfeited.\n|\n|win|Like and Subcribe\n|l|\u2606Lc Alt Acount\n|j|\u2606Lc Alt Acount\n|player|p1|Lc Alt Acount|lucas\n","uploadtime":1698522133,"views":9,"p1id":"lcaltacount","p2id":"likeandsubcribe","formatid":"gen9nationaldexdoubles","rating":0,"private":0,"password":""}