{"id":"gen9nationaldexdoubles-1977728876","p1":"Drixzard","p2":"GenerallGrievous","format":"[Gen 9] National Dex Doubles","log":"|j|\u2606Drixzard\n|j|\u2606GenerallGrievous\n|t:|1698442902\n|gametype|doubles\n|player|p1|Drixzard|170|1158\n|player|p2|GenerallGrievous|fantina|1081\n|teamsize|p1|6\n|teamsize|p2|6\n|gen|9\n|tier|[Gen 9] National Dex Doubles\n|rated|\n|rule|HP Percentage Mod: HP is shown in percentages\n|rule|Endless Battle Clause: Forcing endless battles is banned\n|rule|OHKO Clause: OHKO moves are banned\n|rule|Evasion Moves Clause: Evasion moves are banned\n|rule|Evasion Abilities Clause: Evasion abilities are banned\n|rule|Species Clause: Limit one of each Pok\u00e9mon\n|rule|Gravity Sleep Clause: The combination of sleep-inducing moves with imperfect accuracy and Gravity or Gigantamax Orbeetle are banned\n|clearpoke\n|poke|p1|Sinistcha-Masterpiece|\n|poke|p1|Flutter Mane|\n|poke|p1|Gholdengo|\n|poke|p1|Marshadow|\n|poke|p1|Typhlosion-Hisui, F|\n|poke|p1|Froslass, F|\n|poke|p2|Fezandipiti, M|\n|poke|p2|Flutter Mane|\n|poke|p2|Rillaboom, M|\n|poke|p2|Salamence, M|\n|poke|p2|Volcarona, M|\n|poke|p2|Empoleon, M|\n|teampreview\n|\n|t:|1698442922\n|start\n|switch|p1a: Typhlosion|Typhlosion-Hisui, F|100\/100\n|switch|p1b: Gholdengo|Gholdengo|100\/100\n|switch|p2a: Flying|Salamence, M|100\/100\n|switch|p2b: Solana|Volcarona, M|100\/100\n|-item|p2a: Flying|Salamencite|[from] ability: Frisk|[of] p1a: Typhlosion|[identify]\n|-item|p2b: Solana|Heavy-Duty Boots|[from] ability: Frisk|[of] p1a: Typhlosion|[identify]\n|-ability|p2a: Flying|Intimidate|boost\n|-unboost|p1a: Typhlosion|atk|1\n|-unboost|p1b: Gholdengo|atk|1\n|turn|1\n|\n|t:|1698442949\n|move|p2b: Solana|Rage Powder|p2b: Solana\n|-singleturn|p2b: Solana|move: Rage Powder\n|move|p1a: Typhlosion|Eruption|p2a: Flying|[spread] p2a,p2b\n|-resisted|p2a: Flying\n|-damage|p2a: Flying|64\/100\n|-damage|p2b: Solana|55\/100\n|move|p1b: Gholdengo|Dazzling Gleam|p2b: Solana|[spread] p2a,p2b\n|-supereffective|p2a: Flying\n|-resisted|p2b: Solana\n|-damage|p2a: Flying|8\/100\n|-damage|p2b: Solana|46\/100\n|move|p2a: Flying|Tailwind|p2a: Flying\n|-sidestart|p2: GenerallGrievous|move: Tailwind\n|\n|upkeep\n|turn|2\n|\n|t:|1698442976\n|switch|p2a: Spoopy|Flutter Mane|100\/100\n|move|p2b: Solana|Protect|p2b: Solana\n|-singleturn|p2b: Solana|Protect\n|move|p1a: Typhlosion|Eruption|p2a: Spoopy|[spread] p2a\n|-activate|p2b: Solana|move: Protect\n|-damage|p2a: Spoopy|38\/100\n|move|p1b: Gholdengo|Dazzling Gleam|p2b: Solana|[spread] p2a\n|-activate|p2b: Solana|move: Protect\n|-damage|p2a: Spoopy|17\/100\n|\n|upkeep\n|turn|3\n|\n|t:|1698442999\n|move|p2a: Spoopy|Hex|p1a: Typhlosion\n|-supereffective|p1a: Typhlosion\n|-damage|p1a: Typhlosion|0 fnt\n|faint|p1a: Typhlosion\n|-damage|p2a: Spoopy|7\/100|[from] item: Life Orb\n|move|p2b: Solana|Heat Wave|p1b: Gholdengo\n|-supereffective|p1b: Gholdengo\n|-damage|p1b: Gholdengo|7\/100\n|move|p1b: Gholdengo|Dazzling Gleam|p2a: Spoopy|[spread] p2a,p2b\n|-resisted|p2b: Solana\n|-damage|p2a: Spoopy|0 fnt\n|-damage|p2b: Solana|36\/100\n|faint|p2a: Spoopy\n|-end|p2a: Spoopy|Protosynthesis|[silent]\n|\n|upkeep\n|\n|t:|1698443018\n|switch|p2a: HmmMonke|Rillaboom, M, shiny|100\/100\n|switch|p1a: Froslass|Froslass, F|100\/100\n|-fieldstart|move: Grassy Terrain|[from] ability: Grassy Surge|[of] p2a: HmmMonke\n|turn|4\n|\n|t:|1698443035\n|move|p2b: Solana|Heat Wave|p1b: Gholdengo|[spread] p1a,p1b\n|-supereffective|p1a: Froslass\n|-supereffective|p1b: Gholdengo\n|-enditem|p1a: Froslass|Focus Sash\n|-damage|p1a: Froslass|1\/100\n|-damage|p1b: Gholdengo|0 fnt\n|-status|p1a: Froslass|brn\n|faint|p1b: Gholdengo\n|move|p2a: HmmMonke|U-turn|p1a: Froslass\n|-resisted|p1a: Froslass\n|-damage|p1a: Froslass|0 fnt\n|-start|p2a: HmmMonke|Disable|U-turn|[from] ability: Cursed Body|[of] p1a: Froslass\n|faint|p1a: Froslass\n|\n|t:|1698443051\n|switch|p2a: LordShen|Fezandipiti, M|100\/100|[from] U-turn\n|\n|-heal|p2b: Solana|42\/100|[from] Grassy Terrain\n|-sideend|p2: GenerallGrievous|move: Tailwind\n|upkeep\n|\n|t:|1698443060\n|switch|p1a: Marshadow|Marshadow|100\/100\n|switch|p1b: Flutter Mane|Flutter Mane|100\/100\n|-enditem|p1b: Flutter Mane|Booster Energy\n|-activate|p1b: Flutter Mane|ability: Protosynthesis|[fromitem]\n|-start|p1b: Flutter Mane|protosynthesisspe\n|turn|5\n|\n|t:|1698443094\n|move|p2b: Solana|Rage Powder|p2b: Solana\n|-singleturn|p2b: Solana|move: Rage Powder\n|move|p1a: Marshadow|Shadow Sneak|p2b: Solana\n|-damage|p2b: Solana|13\/100\n|move|p1b: Flutter Mane|Shadow Ball|p2b: Solana\n|-damage|p2b: Solana|0 fnt\n|faint|p2b: Solana\n|move|p2a: LordShen|Icy Wind|p1a: Marshadow|[spread] p1a,p1b\n|-damage|p1a: Marshadow|91\/100\n|-damage|p1b: Flutter Mane|93\/100\n|-unboost|p1a: Marshadow|spe|1\n|-unboost|p1b: Flutter Mane|spe|1\n|-status|p1b: Flutter Mane|tox|[from] ability: Toxic Chain|[of] p2a: LordShen\n|\n|-heal|p1b: Flutter Mane|99\/100 tox|[from] Grassy Terrain\n|-heal|p1a: Marshadow|97\/100|[from] Grassy Terrain\n|-damage|p1b: Flutter Mane|93\/100 tox|[from] psn\n|upkeep\n|\n|t:|1698443116\n|switch|p2b: Flying|Salamence, M|8\/100\n|-ability|p2b: Flying|Intimidate|boost\n|-unboost|p1a: Marshadow|atk|1\n|-unboost|p1b: Flutter Mane|atk|1\n|turn|6\n|\n|t:|1698443127\n|detailschange|p2b: Flying|Salamence-Mega, M\n|-mega|p2b: Flying|Salamence|Salamencite\n|move|p1a: Marshadow|Shadow Sneak|p2b: Flying\n|-damage|p2b: Flying|0 fnt\n|faint|p2b: Flying\n|move|p1b: Flutter Mane|Shadow Ball|p2a: LordShen\n|-damage|p2a: LordShen|75\/100\n|move|p2a: LordShen|Venoshock|p1b: Flutter Mane\n|-damage|p1b: Flutter Mane|55\/100 tox\n|\n|-heal|p1b: Flutter Mane|61\/100 tox|[from] Grassy Terrain\n|-heal|p1a: Marshadow|100\/100|[from] Grassy Terrain\n|-heal|p2a: LordShen|81\/100|[from] Grassy Terrain\n|-heal|p2a: LordShen|87\/100|[from] item: Leftovers\n|-damage|p1b: Flutter Mane|49\/100 tox|[from] psn\n|upkeep\n|\n|t:|1698443152\n|switch|p2b: LordPengu|Empoleon, M|100\/100\n|turn|7\n|\n|t:|1698443171\n|switch|p1a: Sinistcha|Sinistcha-Masterpiece|100\/100\n|move|p1b: Flutter Mane|Energy Ball|p2b: LordPengu\n|-damage|p2b: LordPengu|53\/100\n|move|p2a: LordShen|Icy Wind|p1b: Flutter Mane|[spread] p1a,p1b\n|-supereffective|p1a: Sinistcha\n|-damage|p1a: Sinistcha|84\/100\n|-damage|p1b: Flutter Mane|41\/100 tox\n|-unboost|p1a: Sinistcha|spe|1\n|-unboost|p1b: Flutter Mane|spe|1\n|move|p2b: LordPengu|Hydro Pump|p1a: Sinistcha|[miss]\n|-miss|p2b: LordPengu|p1a: Sinistcha\n|\n|-heal|p1b: Flutter Mane|47\/100 tox|[from] Grassy Terrain\n|-heal|p2a: LordShen|93\/100|[from] Grassy Terrain\n|-heal|p2a: LordShen|99\/100|[from] item: Leftovers\n|-heal|p2b: LordPengu|59\/100|[from] Grassy Terrain\n|-heal|p1a: Sinistcha|90\/100|[from] Grassy Terrain\n|-heal|p1a: Sinistcha|96\/100|[from] item: Leftovers\n|-damage|p1b: Flutter Mane|29\/100 tox|[from] psn\n|upkeep\n|turn|8\n|\n|t:|1698443203\n|switch|p2b: HmmMonke|Rillaboom, M, shiny|100\/100\n|move|p1b: Flutter Mane|Energy Ball|p2b: HmmMonke\n|-resisted|p2b: HmmMonke\n|-damage|p2b: HmmMonke|83\/100\n|move|p2a: LordShen|Icy Wind|p1a: Sinistcha|[spread] p1a,p1b\n|-supereffective|p1a: Sinistcha\n|-damage|p1a: Sinistcha|78\/100\n|-damage|p1b: Flutter Mane|21\/100 tox\n|-unboost|p1a: Sinistcha|spe|1\n|-unboost|p1b: Flutter Mane|spe|1\n|-status|p1a: Sinistcha|tox|[from] ability: Toxic Chain|[of] p2a: LordShen\n|move|p1a: Sinistcha|Matcha Gotcha|p2b: HmmMonke|[spread] p2a,p2b\n|-resisted|p2a: LordShen\n|-resisted|p2b: HmmMonke\n|-damage|p2a: LordShen|88\/100\n|-heal|p1a: Sinistcha|86\/100 tox|[from] drain|[of] p2a: LordShen\n|-damage|p2b: HmmMonke|70\/100\n|-heal|p1a: Sinistcha|95\/100 tox|[from] drain|[of] p2b: HmmMonke\n|\n|-heal|p1b: Flutter Mane|27\/100 tox|[from] Grassy Terrain\n|-heal|p2a: LordShen|94\/100|[from] Grassy Terrain\n|-heal|p2a: LordShen|99\/100|[from] item: Leftovers\n|-heal|p2b: HmmMonke|76\/100|[from] Grassy Terrain\n|-heal|p1a: Sinistcha|100\/100 tox|[from] Grassy Terrain\n|-damage|p1b: Flutter Mane|3\/100 tox|[from] psn\n|-damage|p1a: Sinistcha|94\/100 tox|[from] psn\n|-fieldend|move: Grassy Terrain\n|upkeep\n|turn|9\n|\n|t:|1698443242\n|move|p1b: Flutter Mane|Moonblast|p2b: HmmMonke\n|-damage|p2b: HmmMonke|38\/100\n|move|p2a: LordShen|Heat Wave|p1a: Sinistcha|[spread] p1a,p1b\n|-supereffective|p1a: Sinistcha\n|-damage|p1a: Sinistcha|79\/100 tox\n|-damage|p1b: Flutter Mane|0 fnt\n|faint|p1b: Flutter Mane\n|-end|p1b: Flutter Mane|Protosynthesis|[silent]\n|move|p2b: HmmMonke|U-turn|p1a: Sinistcha\n|-damage|p1a: Sinistcha|54\/100 tox\n|\n|t:|1698443256\n|switch|p2b: LordPengu|Empoleon, M|59\/100|[from] U-turn\n|move|p1a: Sinistcha|Matcha Gotcha|p2b: LordPengu|[spread] p2a,p2b\n|-resisted|p2a: LordShen\n|-damage|p2a: LordShen|92\/100\n|-heal|p1a: Sinistcha|60\/100 tox|[from] drain|[of] p2a: LordShen\n|-damage|p2b: LordPengu|26\/100\n|-heal|p1a: Sinistcha|78\/100 tox|[from] drain|[of] p2b: LordPengu\n|\n|-heal|p2a: LordShen|98\/100|[from] item: Leftovers\n|-heal|p1a: Sinistcha|84\/100 tox|[from] item: Leftovers\n|-damage|p1a: Sinistcha|72\/100 tox|[from] psn\n|upkeep\n|\n|t:|1698443266\n|switch|p1b: Marshadow|Marshadow|100\/100\n|turn|10\n|\n|t:|1698443289\n|-terastallize|p2b: LordPengu|Water\n|move|p1b: Marshadow|Close Combat|p2b: LordPengu\n|-damage|p2b: LordPengu|0 fnt\n|-unboost|p1b: Marshadow|def|1\n|-unboost|p1b: Marshadow|spd|1\n|faint|p2b: LordPengu\n|move|p2a: LordShen|Venoshock|p1a: Sinistcha\n|-damage|p1a: Sinistcha|33\/100 tox\n|move|p1a: Sinistcha|Scald|p2a: LordShen\n|-damage|p2a: LordShen|81\/100\n|\n|-heal|p2a: LordShen|87\/100|[from] item: Leftovers\n|-heal|p1a: Sinistcha|39\/100 tox|[from] item: Leftovers\n|-damage|p1a: Sinistcha|21\/100 tox|[from] psn\n|upkeep\n|\n|t:|1698443307\n|switch|p2b: HmmMonke|Rillaboom, M, shiny|38\/100\n|-fieldstart|move: Grassy Terrain|[from] ability: Grassy Surge|[of] p2b: HmmMonke\n|turn|11\n|\n|t:|1698443326\n|move|p2b: HmmMonke|Grassy Glide|p1b: Marshadow\n|-damage|p1b: Marshadow|29\/100\n|move|p1b: Marshadow|Ice Punch|p2b: HmmMonke\n|-supereffective|p2b: HmmMonke\n|-damage|p2b: HmmMonke|0 fnt\n|faint|p2b: HmmMonke\n|move|p2a: LordShen|Heat Wave|p1b: Marshadow|[spread] p1a,p1b\n|-supereffective|p1a: Sinistcha\n|-damage|p1a: Sinistcha|6\/100 tox\n|-damage|p1b: Marshadow|7\/100\n|move|p1a: Sinistcha|Strength Sap|p2a: LordShen\n|-unboost|p2a: LordShen|atk|1\n|-heal|p1a: Sinistcha|65\/100 tox\n|\n|-heal|p1b: Marshadow|14\/100|[from] Grassy Terrain\n|-heal|p2a: LordShen|93\/100|[from] Grassy Terrain\n|-heal|p2a: LordShen|99\/100|[from] item: Leftovers\n|-heal|p1a: Sinistcha|71\/100 tox|[from] Grassy Terrain\n|-heal|p1a: Sinistcha|77\/100 tox|[from] item: Leftovers\n|-damage|p1a: Sinistcha|53\/100 tox|[from] psn\n|upkeep\n|turn|12\n|\n|t:|1698443358\n|move|p1b: Marshadow|Spectral Thief|p2a: LordShen\n|-damage|p2a: LordShen|54\/100\n|move|p2a: LordShen|Heat Wave|p1b: Marshadow|[spread] p1a,p1b\n|-supereffective|p1a: Sinistcha\n|-damage|p1a: Sinistcha|40\/100 tox\n|-damage|p1b: Marshadow|0 fnt\n|faint|p1b: Marshadow\n|move|p1a: Sinistcha|Strength Sap|p2a: LordShen\n|-unboost|p2a: LordShen|atk|1\n|-heal|p1a: Sinistcha|79\/100 tox\n|\n|-heal|p2a: LordShen|60\/100|[from] Grassy Terrain\n|-heal|p2a: LordShen|67\/100|[from] item: Leftovers\n|-heal|p1a: Sinistcha|85\/100 tox|[from] Grassy Terrain\n|-heal|p1a: Sinistcha|91\/100 tox|[from] item: Leftovers\n|-damage|p1a: Sinistcha|61\/100 tox|[from] psn\n|upkeep\n|turn|13\n|\n|t:|1698443386\n|move|p2a: LordShen|Venoshock|p1a: Sinistcha\n|-damage|p1a: Sinistcha|24\/100 tox\n|move|p1a: Sinistcha|Scald|p2a: LordShen\n|-damage|p2a: LordShen|50\/100\n|\n|-heal|p2a: LordShen|56\/100|[from] Grassy Terrain\n|-heal|p2a: LordShen|62\/100|[from] item: Leftovers\n|-heal|p1a: Sinistcha|30\/100 tox|[from] Grassy Terrain\n|-heal|p1a: Sinistcha|36\/100 tox|[from] item: Leftovers\n|-damage|p1a: Sinistcha|0 fnt|[from] psn\n|faint|p1a: Sinistcha\n|\n|win|GenerallGrievous\n|upkeep\n|raw|Drixzard's rating: 1158 &rarr; <strong>1128<\/strong><br \/>(-30 for losing)\n|raw|GenerallGrievous's rating: 1081 &rarr; <strong>1115<\/strong><br \/>(+34 for winning)\n|l|\u2606Drixzard\n","uploadtime":1698443410,"views":22,"p1id":"drixzard","p2id":"generallgrievous","formatid":"gen9nationaldexdoubles","rating":1115,"private":0,"password":""}