{"id":"gen9nationaldexdoubles-1993758769","p1":"LightOfTheRuin","p2":"como es ratom","format":"[Gen 9] National Dex Doubles","log":"|j|\u2606LightOfTheRuin\n|j|\u2606como es ratom\n|t:|1700353821\n|gametype|doubles\n|player|p1|LightOfTheRuin|mallow-masters|1281\n|player|p2|como es ratom|janitor|1219\n|teamsize|p1|6\n|teamsize|p2|6\n|gen|9\n|tier|[Gen 9] National Dex Doubles\n|rated|\n|rule|HP Percentage Mod: HP is shown in percentages\n|rule|Endless Battle Clause: Forcing endless battles is banned\n|rule|OHKO Clause: OHKO moves are banned\n|rule|Evasion Moves Clause: Evasion moves are banned\n|rule|Evasion Abilities Clause: Evasion abilities are banned\n|rule|Species Clause: Limit one of each Pok\u00e9mon\n|rule|Gravity Sleep Clause: The combination of sleep-inducing moves with imperfect accuracy and Gravity or Gigantamax Orbeetle are banned\n|clearpoke\n|poke|p1|Cherrim, F|\n|poke|p1|Lurantis, F|\n|poke|p1|Charizard, M|\n|poke|p1|Malamar, F|\n|poke|p1|Walking Wake|\n|poke|p1|Golurk|\n|poke|p2|Rotom-Heat|\n|poke|p2|Latios, M|\n|poke|p2|Gastrodon, M|\n|poke|p2|Tyranitar, M|\n|poke|p2|Hitmontop, M|\n|poke|p2|Scizor, M|\n|teampreview\n|inactive|Battle timer is ON: inactive players will automatically lose when time's up. (requested by como es ratom)\n|\n|t:|1700353833\n|start\n|switch|p1a: Demeter|Lurantis, F|100\/100\n|switch|p1b: Eos|Cherrim, F, shiny|100\/100\n|switch|p2a: Latios|Latios, M|100\/100\n|switch|p2b: JJ|Gastrodon, M|100\/100\n|turn|1\n|\n|t:|1700353847\n|switch|p2b: arca|Scizor, M|100\/100\n|move|p2a: Latios|Psychic|p1a: Demeter\n|-damage|p1a: Demeter|58\/100\n|-boost|p1a: Demeter|spd|1\n|-damage|p2a: Latios|91\/100|[from] item: Life Orb\n|move|p1b: Eos|Sunny Day|p1b: Eos\n|-weather|SunnyDay\n|-formechange|p1b: Eos|Cherrim-Sunshine|[msg]|[from] ability: Flower Gift\n|move|p1a: Demeter|Superpower|p2b: arca\n|-damage|p2b: arca|46\/100\n|-boost|p1a: Demeter|atk|1\n|-boost|p1a: Demeter|def|1\n|\n|-weather|SunnyDay|[upkeep]\n|upkeep\n|turn|2\n|\n|t:|1700353863\n|move|p1b: Eos|Protect|p1b: Eos\n|-singleturn|p1b: Eos|Protect\n|move|p2a: Latios|Psychic|p1b: Eos\n|-activate|p1b: Eos|move: Protect\n|move|p2b: arca|X-Scissor|p1a: Demeter\n|-supereffective|p1a: Demeter\n|-damage|p1a: Demeter|0 fnt\n|faint|p1a: Demeter\n|\n|-weather|SunnyDay|[upkeep]\n|upkeep\n|\n|t:|1700353873\n|switch|p1a: Apollo|Charizard, M|100\/100\n|turn|3\n|\n|t:|1700353881\n|switch|p2b: JJ|Gastrodon, M|100\/100\n|move|p2a: Latios|Surf|p1a: Apollo|[spread] p1a,p1b\n|-ability|p2b: JJ|Storm Drain|boost\n|-boost|p2b: JJ|spa|1\n|-supereffective|p1a: Apollo\n|-resisted|p1b: Eos\n|-damage|p1a: Apollo|80\/100\n|-damage|p1b: Eos|95\/100\n|-damage|p2a: Latios|81\/100|[from] item: Life Orb\n|move|p1a: Apollo|Heat Wave|p2a: Latios|[spread] p2a,p2b\n|-resisted|p2a: Latios\n|-resisted|p2b: JJ\n|-damage|p2a: Latios|58\/100\n|-damage|p2b: JJ|80\/100\n|move|p1b: Eos|Pollen Puff|p2a: Latios\n|-supereffective|p2a: Latios\n|-damage|p2a: Latios|19\/100\n|\n|-weather|SunnyDay|[upkeep]\n|-heal|p1b: Eos|100\/100|[from] item: Leftovers\n|-heal|p2b: JJ|86\/100|[from] item: Leftovers\n|upkeep\n|turn|4\n|inactive|LightOfTheRuin has 120 seconds left.\n|\n|t:|1700353915\n|move|p2a: Latios|Surf|p1b: Eos|[spread] p1a,p1b\n|-ability|p2b: JJ|Storm Drain|boost\n|-boost|p2b: JJ|spa|1\n|-supereffective|p1a: Apollo\n|-resisted|p1b: Eos\n|-damage|p1a: Apollo|59\/100\n|-damage|p1b: Eos|95\/100\n|-damage|p2a: Latios|10\/100|[from] item: Life Orb\n|move|p1a: Apollo|Air Slash|p2b: JJ\n|-damage|p2b: JJ|59\/100\n|move|p1b: Eos|Pollen Puff|p2a: Latios\n|-supereffective|p2a: Latios\n|-damage|p2a: Latios|0 fnt\n|faint|p2a: Latios\n|move|p2b: JJ|Ice Beam|p1b: Eos\n|-supereffective|p1b: Eos\n|-damage|p1b: Eos|26\/100\n|\n|-weather|SunnyDay|[upkeep]\n|-heal|p1b: Eos|32\/100|[from] item: Leftovers\n|-heal|p2b: JJ|66\/100|[from] item: Leftovers\n|upkeep\n|\n|t:|1700353939\n|switch|p2a: Rotom|Rotom-Heat|100\/100\n|turn|5\n|\n|t:|1700353960\n|switch|p1a: Hades|Malamar, F|100\/100\n|move|p1b: Eos|Protect|p1b: Eos\n|-singleturn|p1b: Eos|Protect\n|move|p2a: Rotom|Volt Switch|p1a: Hades\n|-damage|p1a: Hades|72\/100\n|\n|t:|1700353968\n|switch|p2a: Titar|Tyranitar, M|100\/100|[from] Volt Switch\n|-weather|Sandstorm|[from] ability: Sand Stream|[of] p2a: Titar\n|-formechange|p1b: Eos|Cherrim|[msg]|[from] ability: Flower Gift\n|move|p2b: JJ|Ice Beam|p1b: Eos\n|-activate|p1b: Eos|move: Protect\n|\n|-weather|Sandstorm|[upkeep]\n|-damage|p1b: Eos|26\/100|[from] Sandstorm\n|-damage|p1a: Hades|66\/100|[from] Sandstorm\n|-heal|p1b: Eos|32\/100|[from] item: Leftovers\n|-heal|p2b: JJ|72\/100|[from] item: Leftovers\n|upkeep\n|turn|6\n|\n|t:|1700353981\n|move|p2a: Titar|Rock Slide|p1b: Eos|[spread] p1a,p1b\n|-damage|p1a: Hades|34\/100\n|-damage|p1b: Eos|5\/100\n|cant|p1b: Eos|flinch\n|move|p2b: JJ|Ice Beam|p1b: Eos\n|-supereffective|p1b: Eos\n|-damage|p1b: Eos|0 fnt\n|faint|p1b: Eos\n|move|p1a: Hades|Trick Room|p1a: Hades\n|-fieldstart|move: Trick Room|[of] p1a: Hades\n|\n|-weather|Sandstorm|[upkeep]\n|-damage|p1a: Hades|28\/100|[from] Sandstorm\n|-heal|p2b: JJ|78\/100|[from] item: Leftovers\n|upkeep\n|\n|t:|1700353992\n|switch|p1b: Thanatos|Golurk, shiny|100\/100\n|turn|7\n|\n|t:|1700354004\n|move|p1b: Thanatos|Drain Punch|p2a: Titar\n|-supereffective|p2a: Titar\n|-damage|p2a: Titar|0 fnt\n|faint|p2a: Titar\n|move|p2b: JJ|Earth Power|p1a: Hades\n|-damage|p1a: Hades|0 fnt\n|faint|p1a: Hades\n|\n|-weather|Sandstorm|[upkeep]\n|-heal|p2b: JJ|84\/100|[from] item: Leftovers\n|upkeep\n|\n|t:|1700354013\n|switch|p1a: Apollo|Charizard, M|59\/100\n|switch|p2a: arca|Scizor, M|46\/100\n|turn|8\n|\n|t:|1700354027\n|detailschange|p1a: Apollo|Charizard-Mega-Y, M\n|-mega|p1a: Apollo|Charizard|Charizardite Y\n|-weather|SunnyDay|[from] ability: Drought|[of] p1a: Apollo\n|move|p2a: arca|Bullet Punch|p1a: Apollo\n|-resisted|p1a: Apollo\n|-damage|p1a: Apollo|41\/100\n|move|p1b: Thanatos|Shadow Punch|p2b: JJ\n|-damage|p2b: JJ|44\/100\n|move|p2b: JJ|Ice Beam|p1b: Thanatos\n|-supereffective|p1b: Thanatos\n|-damage|p1b: Thanatos|7\/100\n|move|p1a: Apollo|Heat Wave|p2b: JJ|[spread] p2a,p2b\n|-supereffective|p2a: arca\n|-resisted|p2b: JJ\n|-damage|p2a: arca|0 fnt\n|-damage|p2b: JJ|18\/100\n|faint|p2a: arca\n|\n|-weather|SunnyDay|[upkeep]\n|-heal|p2b: JJ|24\/100|[from] item: Leftovers\n|upkeep\n|\n|t:|1700354041\n|switch|p2a: Hitmontop|Hitmontop, M|100\/100\n|-ability|p2a: Hitmontop|Intimidate|boost\n|-unboost|p1a: Apollo|atk|1\n|-unboost|p1b: Thanatos|atk|1\n|turn|9\n|\n|t:|1700354061\n|move|p2a: Hitmontop|Fake Out|p1a: Apollo\n|-damage|p1a: Apollo|30\/100\n|move|p1b: Thanatos|Shadow Punch|p2b: JJ\n|-damage|p2b: JJ|0 fnt\n|faint|p2b: JJ\n|cant|p1a: Apollo|flinch\n|\n|-weather|SunnyDay|[upkeep]\n|upkeep\n|\n|t:|1700354069\n|switch|p2b: Rotom|Rotom-Heat|100\/100\n|turn|10\n|\n|t:|1700354088\n|move|p1b: Thanatos|Earthquake|p2b: Rotom|[spread] p2a\n|-immune|p1a: Apollo\n|-immune|p2b: Rotom|[from] ability: Levitate\n|-damage|p2a: Hitmontop|72\/100\n|move|p2a: Hitmontop|Close Combat|p1a: Apollo\n|-resisted|p1a: Apollo\n|-damage|p1a: Apollo|6\/100\n|-unboost|p2a: Hitmontop|def|1\n|-unboost|p2a: Hitmontop|spd|1\n|move|p1a: Apollo|Roost|p1a: Apollo\n|-heal|p1a: Apollo|56\/100\n|-singleturn|p1a: Apollo|move: Roost\n|move|p2b: Rotom|Overheat|p1b: Thanatos\n|-damage|p1b: Thanatos|0 fnt\n|-unboost|p2b: Rotom|spa|2\n|faint|p1b: Thanatos\n|\n|-weather|SunnyDay|[upkeep]\n|-fieldend|move: Trick Room\n|upkeep\n|\n|t:|1700354103\n|switch|p1b: Poseidon|Walking Wake|100\/100\n|-activate|p1b: Poseidon|ability: Protosynthesis\n|-start|p1b: Poseidon|protosynthesisspa\n|turn|11\n|\n|t:|1700354120\n|move|p2a: Hitmontop|Fake Out||[still]\n|-hint|Fake Out only works on your first turn out.\n|-fail|p2a: Hitmontop\n|move|p1b: Poseidon|Hydro Steam|p2b: Rotom\n|-supereffective|p2b: Rotom\n|-damage|p2b: Rotom|0 fnt\n|faint|p2b: Rotom\n|move|p1a: Apollo|Air Slash|p2a: Hitmontop\n|-supereffective|p2a: Hitmontop\n|-damage|p2a: Hitmontop|0 fnt\n|faint|p2a: Hitmontop\n|\n|win|LightOfTheRuin\n|raw|LightOfTheRuin's rating: 1281 &rarr; <strong>1302<\/strong><br \/>(+21 for winning)\n|raw|como es ratom's rating: 1219 &rarr; <strong>1198<\/strong><br \/>(-21 for losing)\n|l|\u2606como es ratom\n","uploadtime":1700354134,"views":5,"p1id":"lightoftheruin","p2id":"comoesratom","formatid":"gen9nationaldexdoubles","rating":1198,"private":0,"password":""}