{"id":"gen9nationaldexdoubles-1969139692","p1":"mixco","p2":"Corazonmorado27","format":"[Gen 9] National Dex Doubles","log":"|j|\u2606mixco\n|j|\u2606Corazonmorado27\n|t:|1697493599\n|gametype|doubles\n|player|p1|mixco|penny|\n|player|p2|Corazonmorado27|parasollady|\n|teamsize|p1|6\n|teamsize|p2|6\n|gen|9\n|tier|[Gen 9] National Dex Doubles\n|rule|HP Percentage Mod: HP is shown in percentages\n|rule|Endless Battle Clause: Forcing endless battles is banned\n|rule|OHKO Clause: OHKO moves are banned\n|rule|Evasion Moves Clause: Evasion moves are banned\n|rule|Evasion Abilities Clause: Evasion abilities are banned\n|rule|Species Clause: Limit one of each Pok\u00e9mon\n|rule|Gravity Sleep Clause: The combination of sleep-inducing moves with imperfect accuracy and Gravity or Gigantamax Orbeetle are banned\n|clearpoke\n|poke|p1|Venusaur, F|\n|poke|p1|Butterfree, F|\n|poke|p1|Raticate, M|\n|poke|p1|Arcanine, M|\n|poke|p1|Jolteon, M|\n|poke|p1|Lapras, F|\n|poke|p2|Delphox, M|\n|poke|p2|Blastoise, M|\n|poke|p2|Gardevoir, F|\n|poke|p2|Gogoat, F|\n|poke|p2|Lucario, M|\n|poke|p2|Zapdos|\n|teampreview\n|\n|t:|1697493646\n|start\n|switch|p1a: Fri fayer|Raticate, M|100\/100\n|switch|p1b: Silky|Butterfree, F|100\/100\n|switch|p2a: Miss. Gardevoir|Gardevoir, F|100\/100\n|switch|p2b: M. Zapdos|Zapdos|100\/100\n|turn|1\n|\n|t:|1697493664\n|switch|p2a: Miss. Gogoat|Gogoat, F|100\/100\n|move|p1a: Fri fayer|Protect|p1a: Fri fayer\n|-singleturn|p1a: Fri fayer|Protect\n|move|p1b: Silky|Tailwind|p1b: Silky\n|-sidestart|p1: mixco|move: Tailwind\n|move|p2b: M. Zapdos|Tailwind|p2b: M. Zapdos\n|-sidestart|p2: Corazonmorado27|move: Tailwind\n|\n|-status|p1a: Fri fayer|brn|[from] item: Flame Orb\n|upkeep\n|turn|2\n|j| JuzOzuj\n|\n|t:|1697493685\n|move|p1b: Silky|Rage Powder|p1b: Silky\n|-singleturn|p1b: Silky|move: Rage Powder\n|move|p1a: Fri fayer|Swords Dance|p1a: Fri fayer\n|-boost|p1a: Fri fayer|atk|2\n|move|p2b: M. Zapdos|Volt Switch|p1b: Silky\n|-supereffective|p1b: Silky\n|-damage|p1b: Silky|20\/100\n|\n|t:|1697493700\n|switch|p2b: Miss. Gardevoir|Gardevoir, F|100\/100|[from] Volt Switch\n|move|p2a: Miss. Gogoat|Bulk Up|p2a: Miss. Gogoat\n|-boost|p2a: Miss. Gogoat|atk|1\n|-boost|p2a: Miss. Gogoat|def|1\n|\n|-damage|p1a: Fri fayer|95\/100 brn|[from] brn\n|upkeep\n|turn|3\n|c|\u2606mixco|Eso solo protege de moves de doble target\n|\n|t:|1697493761\n|-terastallize|p1a: Fri fayer|Normal\n|move|p1a: Fri fayer|Facade|p2a: Miss. Gogoat\n|-crit|p2a: Miss. Gogoat\n|-damage|p2a: Miss. Gogoat|0 fnt\n|faint|p2a: Miss. Gogoat\n|move|p2b: Miss. Gardevoir|Draining Kiss|p1b: Silky\n|-damage|p1b: Silky|0 fnt\n|faint|p1b: Silky\n|\n|-damage|p1a: Fri fayer|89\/100 brn|[from] brn\n|upkeep\n|\n|t:|1697493781\n|switch|p1b: Melody|Lapras, F|100\/100\n|switch|p2a: Mr. Delphox|Delphox, M|100\/100\n|turn|4\n|\n|t:|1697493802\n|move|p1a: Fri fayer|Facade|p2b: Miss. Gardevoir\n|-damage|p2b: Miss. Gardevoir|0 fnt\n|faint|p2b: Miss. Gardevoir\n|move|p2a: Mr. Delphox|Flamethrower|p1a: Fri fayer\n|-damage|p1a: Fri fayer|22\/100 brn\n|move|p1b: Melody|Icy Wind|p2a: Mr. Delphox\n|-resisted|p2a: Mr. Delphox\n|-damage|p2a: Mr. Delphox|93\/100\n|-unboost|p2a: Mr. Delphox|spe|1\n|\n|-heal|p2a: Mr. Delphox|99\/100|[from] item: Leftovers\n|-damage|p1a: Fri fayer|16\/100 brn|[from] brn\n|-sideend|p1: mixco|move: Tailwind\n|-sideend|p2: Corazonmorado27|move: Tailwind\n|upkeep\n|\n|t:|1697493815\n|switch|p2b: M. Zapdos|Zapdos|100\/100\n|turn|5\n|\n|t:|1697493826\n|switch|p2a: Mr. Blastoise|Blastoise, M|100\/100\n|move|p1b: Melody|Helping Hand|p1a: Fri fayer\n|-singleturn|p1a: Fri fayer|Helping Hand|[of] p1b: Melody\n|move|p1a: Fri fayer|Facade|p2b: M. Zapdos\n|-damage|p2b: M. Zapdos|0 fnt\n|faint|p2b: M. Zapdos\n|\n|-damage|p1a: Fri fayer|10\/100 brn|[from] brn\n|upkeep\n|\n|t:|1697493838\n|switch|p2b: Mr. Lucario|Lucario, M|100\/100\n|turn|6\n|\n|t:|1697493849\n|move|p2b: Mr. Lucario|Bullet Punch|p1a: Fri fayer\n|-damage|p1a: Fri fayer|0 fnt\n|faint|p1a: Fri fayer\n|-damage|p2b: Mr. Lucario|91\/100|[from] item: Life Orb\n|move|p2a: Mr. Blastoise|Shell Smash|p2a: Mr. Blastoise\n|-unboost|p2a: Mr. Blastoise|def|1\n|-unboost|p2a: Mr. Blastoise|spd|1\n|-boost|p2a: Mr. Blastoise|atk|2\n|-boost|p2a: Mr. Blastoise|spa|2\n|-boost|p2a: Mr. Blastoise|spe|2\n|-enditem|p2a: Mr. Blastoise|White Herb\n|-clearnegativeboost|p2a: Mr. Blastoise|[silent]\n|move|p1b: Melody|Icy Wind|p2a: Mr. Blastoise|[spread] p2a,p2b\n|-resisted|p2a: Mr. Blastoise\n|-resisted|p2b: Mr. Lucario\n|-damage|p2a: Mr. Blastoise|95\/100\n|-damage|p2b: Mr. Lucario|79\/100\n|-unboost|p2a: Mr. Blastoise|spe|1\n|-unboost|p2b: Mr. Lucario|spe|1\n|\n|upkeep\n|\n|t:|1697493869\n|switch|p1a: Hana|Venusaur, F|100\/100\n|turn|7\n|\n|t:|1697493888\n|switch|p2b: Mr. Delphox|Delphox, M|99\/100\n|detailschange|p1a: Hana|Venusaur-Mega, F\n|-mega|p1a: Hana|Venusaur|Venusaurite\n|-terastallize|p2a: Mr. Blastoise|Steel\n|move|p1a: Hana|Protect|p1a: Hana\n|-singleturn|p1a: Hana|Protect\n|move|p2a: Mr. Blastoise|Rock Slide|p1b: Melody|[spread] p1b\n|-activate|p1a: Hana|move: Protect\n|-supereffective|p1b: Melody\n|-damage|p1b: Melody|60\/100\n|move|p1b: Melody|Icy Wind|p2b: Mr. Delphox|[spread] p2a,p2b\n|-resisted|p2a: Mr. Blastoise\n|-resisted|p2b: Mr. Delphox\n|-damage|p2a: Mr. Blastoise|90\/100\n|-damage|p2b: Mr. Delphox|93\/100\n|-unboost|p2a: Mr. Blastoise|spe|1\n|-unboost|p2b: Mr. Delphox|spe|1\n|\n|-heal|p2b: Mr. Delphox|99\/100|[from] item: Leftovers\n|upkeep\n|turn|8\n|\n|t:|1697493917\n|move|p1b: Melody|Helping Hand|p1a: Hana\n|-singleturn|p1a: Hana|Helping Hand|[of] p1b: Melody\n|move|p1a: Hana|Earth Power|p2a: Mr. Blastoise\n|-supereffective|p2a: Mr. Blastoise\n|-damage|p2a: Mr. Blastoise|3\/100\n|move|p2a: Mr. Blastoise|Rock Slide|p1b: Melody|[spread] p1a,p1b\n|-supereffective|p1b: Melody\n|-damage|p1a: Hana|84\/100\n|-damage|p1b: Melody|21\/100\n|-enditem|p1b: Melody|Mago Berry|[eat]\n|-heal|p1b: Melody|54\/100|[from] item: Mago Berry\n|move|p2b: Mr. Delphox|Psych Up|p2a: Mr. Blastoise\n|-copyboost|p2b: Mr. Delphox|p2a: Mr. Blastoise|[from] move: Psych Up\n|\n|-heal|p2b: Mr. Delphox|100\/100|[from] item: Leftovers\n|upkeep\n|turn|9\n|\n|t:|1697493953\n|move|p1a: Hana|Protect|p1a: Hana\n|-singleturn|p1a: Hana|Protect\n|move|p2b: Mr. Delphox|Stored Power|p1a: Hana\n|-activate|p1a: Hana|move: Protect\n|move|p2a: Mr. Blastoise|Rock Slide|p1b: Melody|[spread] p1b\n|-activate|p1a: Hana|move: Protect\n|-supereffective|p1b: Melody\n|-damage|p1b: Melody|19\/100\n|move|p1b: Melody|Icy Wind|p2b: Mr. Delphox|[spread] p2a,p2b\n|-resisted|p2a: Mr. Blastoise\n|-resisted|p2b: Mr. Delphox\n|-damage|p2a: Mr. Blastoise|0 fnt\n|-damage|p2b: Mr. Delphox|95\/100\n|-unboost|p2b: Mr. Delphox|spe|1\n|faint|p2a: Mr. Blastoise\n|\n|-heal|p2b: Mr. Delphox|100\/100|[from] item: Leftovers\n|upkeep\n|\n|t:|1697493972\n|switch|p2a: Mr. Lucario|Lucario, M|79\/100\n|turn|10\n|\n|t:|1697493987\n|switch|p1b: Shiza|Arcanine, M|100\/100\n|-ability|p1b: Shiza|Intimidate|boost\n|-fail|p2a: Mr. Lucario|unboost|Attack|[from] ability: Inner Focus|[of] p2a: Mr. Lucario\n|-unboost|p2b: Mr. Delphox|atk|1\n|move|p2a: Mr. Lucario|Bullet Punch|p1b: Shiza\n|-resisted|p1b: Shiza\n|-damage|p1b: Shiza|91\/100\n|-damage|p2a: Mr. Lucario|69\/100|[from] item: Life Orb\n|move|p1a: Hana|Earth Power|p2b: Mr. Delphox\n|-supereffective|p2b: Mr. Delphox\n|-damage|p2b: Mr. Delphox|50\/100\n|-unboost|p2b: Mr. Delphox|spd|1\n|move|p2b: Mr. Delphox|Stored Power|p1a: Hana\n|-supereffective|p1a: Hana\n|-damage|p1a: Hana|0 fnt\n|faint|p1a: Hana\n|\n|-heal|p2b: Mr. Delphox|56\/100|[from] item: Leftovers\n|upkeep\n|\n|t:|1697494003\n|switch|p1a: Sparky|Jolteon, M|100\/100\n|turn|11\n|c|\u2606mixco|En dobles los evs spreed son diferentes\n|c|\u2606mixco|Por eso\n|c|\u2606mixco|Me refiero\n|c|\u2606mixco|Ahorita les muestro los evs de hana\n|\n|t:|1697494079\n|move|p1a: Sparky|Thunderbolt|p2b: Mr. Delphox\n|-damage|p2b: Mr. Delphox|0 fnt\n|faint|p2b: Mr. Delphox\n|-damage|p1a: Sparky|91\/100|[from] item: Life Orb\n|move|p2a: Mr. Lucario|Close Combat|p1a: Sparky\n|-crit|p1a: Sparky\n|-damage|p1a: Sparky|0 fnt\n|-unboost|p2a: Mr. Lucario|def|1\n|-unboost|p2a: Mr. Lucario|spd|1\n|faint|p1a: Sparky\n|-damage|p2a: Mr. Lucario|59\/100|[from] item: Life Orb\n|move|p1b: Shiza|Flamethrower|p2a: Mr. Lucario\n|-supereffective|p2a: Mr. Lucario\n|-damage|p2a: Mr. Lucario|0 fnt\n|faint|p2a: Mr. Lucario\n|\n|win|mixco\n|c|\u2606mixco|Todo controlado\n","uploadtime":1697494143,"views":5,"p1id":"mixco","p2id":"corazonmorado27","formatid":"gen9nationaldexdoubles","rating":0,"private":0,"password":""}