{"id":"gen9nationaldexdoubles-1954271669","p1":"Brick_Enjoyer_144","p2":"ArcticFoxCookie","format":"[Gen 9] National Dex Doubles","log":"|j|\u2606Brick_Enjoyer_144\n|j|\u2606ArcticFoxCookie\n|t:|1695872035\n|gametype|doubles\n|player|p1|Brick_Enjoyer_144|shauntal|1111\n|player|p2|ArcticFoxCookie|wallace|1006\n|teamsize|p1|6\n|teamsize|p2|6\n|gen|9\n|tier|[Gen 9] National Dex Doubles\n|rated|\n|rule|HP Percentage Mod: HP is shown in percentages\n|rule|Endless Battle Clause: Forcing endless battles is banned\n|rule|OHKO Clause: OHKO moves are banned\n|rule|Evasion Moves Clause: Evasion moves are banned\n|rule|Evasion Abilities Clause: Evasion abilities are banned\n|rule|Species Clause: Limit one of each Pok\u00e9mon\n|rule|Gravity Sleep Clause: The combination of sleep-inducing moves with imperfect accuracy and Gravity or Gigantamax Orbeetle are banned\n|clearpoke\n|poke|p1|Electivire, M|\n|poke|p1|Nidoking, M|\n|poke|p1|Infernape, F|\n|poke|p1|Cinccino, F|\n|poke|p1|Chien-Pao|\n|poke|p1|Sylveon, F|\n|poke|p2|Dachsbun, M|\n|poke|p2|Pawmot, M|\n|poke|p2|Vikavolt, F|\n|poke|p2|Perrserker, F|\n|poke|p2|Clefable, M|\n|poke|p2|Cramorant, F|\n|teampreview\n|inactive|Battle timer is ON: inactive players will automatically lose when time's up. (requested by Brick_Enjoyer_144)\n|\n|t:|1695872046\n|start\n|switch|p1a: Electivire|Electivire, M|100\/100\n|switch|p1b: Nidoking|Nidoking, M|100\/100\n|switch|p2a: Cinnamon|Dachsbun, M, shiny|100\/100\n|switch|p2b: Cramorant|Cramorant, F, shiny|100\/100\n|turn|1\n|\n|t:|1695872074\n|move|p2b: Cramorant|Protect|p2b: Cramorant\n|-singleturn|p2b: Cramorant|Protect\n|move|p2a: Cinnamon|Ice Fang|p1b: Nidoking\n|-supereffective|p1b: Nidoking\n|-damage|p1b: Nidoking|46\/100\n|move|p1b: Nidoking|Earth Power|p2a: Cinnamon\n|-damage|p2a: Cinnamon|1\/100\n|move|p1a: Electivire|Wild Charge|p2b: Cramorant\n|-activate|p2b: Cramorant|move: Protect\n|\n|upkeep\n|turn|2\n|\n|t:|1695872102\n|switch|p2a: Clefable|Clefable, M, shiny|100\/100\n|switch|p2b: Vikavolt|Vikavolt, F, shiny|100\/100\n|move|p1b: Nidoking|Thunderbolt|p2b: Vikavolt\n|-resisted|p2b: Vikavolt\n|-damage|p2b: Vikavolt|79\/100\n|move|p1a: Electivire|Wild Charge|p2a: Clefable\n|-damage|p2a: Clefable|45\/100\n|-damage|p1a: Electivire|82\/100|[from] Recoil\n|\n|upkeep\n|turn|3\n|\n|t:|1695872129\n|move|p1b: Nidoking|Ice Beam|p2b: Vikavolt\n|-damage|p2b: Vikavolt|28\/100\n|move|p1a: Electivire|Wild Charge|p2a: Clefable\n|-crit|p2a: Clefable\n|-damage|p2a: Clefable|0 fnt\n|faint|p2a: Clefable\n|-damage|p1a: Electivire|66\/100|[from] Recoil\n|move|p2b: Vikavolt|Bug Buzz|p1a: Electivire\n|-damage|p1a: Electivire|17\/100\n|\n|upkeep\n|\n|t:|1695872136\n|switch|p2a: Sparks|Pawmot, M, shiny|100\/100\n|turn|4\n|\n|t:|1695872149\n|move|p2a: Sparks|Brick Break|p1b: Nidoking\n|-resisted|p1b: Nidoking\n|-damage|p1b: Nidoking|20\/100\n|move|p1b: Nidoking|Earth Power|p2a: Sparks\n|-supereffective|p2a: Sparks\n|-damage|p2a: Sparks|0 fnt\n|faint|p2a: Sparks\n|move|p1a: Electivire|Ice Punch|p2b: Vikavolt\n|-damage|p2b: Vikavolt|1\/100\n|move|p2b: Vikavolt|Bug Buzz|p1a: Electivire\n|-damage|p1a: Electivire|0 fnt\n|faint|p1a: Electivire\n|\n|upkeep\n|\n|t:|1695872164\n|switch|p2a: Cramorant|Cramorant, F, shiny|100\/100\n|switch|p1a: Cinccino|Cinccino, F|100\/100\n|turn|5\n|\n|t:|1695872175\n|move|p2a: Cramorant|Protect|p2a: Cramorant\n|-singleturn|p2a: Cramorant|Protect\n|move|p1a: Cinccino|Rock Blast|p2a: Cramorant\n|-activate|p2a: Cramorant|move: Protect\n|move|p1b: Nidoking|Ice Beam|p2b: Vikavolt\n|-damage|p2b: Vikavolt|0 fnt\n|faint|p2b: Vikavolt\n|\n|upkeep\n|\n|t:|1695872182\n|switch|p2b: Perrserker|Perrserker, F|100\/100\n|turn|6\n|\n|t:|1695872191\n|move|p1a: Cinccino|Rock Blast|p2a: Cramorant|[miss]\n|-miss|p1a: Cinccino|p2a: Cramorant\n|move|p1b: Nidoking|Earth Power|p2b: Perrserker\n|-supereffective|p2b: Perrserker\n|-damage|p2b: Perrserker|0 fnt\n|faint|p2b: Perrserker\n|move|p2a: Cramorant|Surf|p1a: Cinccino|[spread] p1a,p1b\n|-formechange|p2a: Cramorant|Cramorant-Gulping|\n|-supereffective|p1b: Nidoking\n|-damage|p1a: Cinccino|57\/100\n|-damage|p1b: Nidoking|0 fnt\n|faint|p1b: Nidoking\n|\n|upkeep\n|\n|t:|1695872205\n|switch|p1b: Sylveon|Sylveon, F|100\/100\n|switch|p2b: Cinnamon|Dachsbun, M, shiny|1\/100\n|turn|7\n|\n|t:|1695872221\n|move|p1a: Cinccino|Rock Blast|p2a: Cramorant\n|-supereffective|p2a: Cramorant\n|-damage|p2a: Cramorant|59\/100\n|-damage|p1a: Cinccino|32\/100|[from] ability: Gulp Missile|[of] p2a: Cramorant\n|-unboost|p1a: Cinccino|def|1\n|-formechange|p2a: Cramorant|Cramorant|\n|-supereffective|p2a: Cramorant\n|-damage|p2a: Cramorant|18\/100\n|-supereffective|p2a: Cramorant\n|-damage|p2a: Cramorant|0 fnt\n|faint|p2a: Cramorant\n|-hitcount|p2: Cramorant|3\n|move|p1b: Sylveon|Hyper Voice|p2b: Cinnamon\n|-damage|p2b: Cinnamon|0 fnt\n|faint|p2b: Cinnamon\n|\n|win|Brick_Enjoyer_144\n|raw|Brick_Enjoyer_144's rating: 1111 &rarr; <strong>1129<\/strong><br \/>(+18 for winning)\n|raw|ArcticFoxCookie's rating: 1006 &rarr; <strong>1000<\/strong><br \/>(-6 for losing)\n|l|\u2606ArcticFoxCookie\n","uploadtime":1695872239,"views":11,"p1id":"brickenjoyer144","p2id":"arcticfoxcookie","formatid":"gen9nationaldexdoubles","rating":1000,"private":0,"password":""}