{"id":"gen9nationaldexdoubles-1960628518","p1":"WillroBalance","p2":"xSV~NXTx","format":"[Gen 9] National Dex Doubles","log":"|j|\u2606WillroBalance\n|j|\u2606xSV~NXTx\n|t:|1696540429\n|gametype|doubles\n|player|p1|WillroBalance|lusamine-nihilego|1480\n|player|p2|xSV~NXTx|1|1272\n|teamsize|p1|6\n|teamsize|p2|6\n|gen|9\n|tier|[Gen 9] National Dex Doubles\n|rated|\n|rule|HP Percentage Mod: HP is shown in percentages\n|rule|Endless Battle Clause: Forcing endless battles is banned\n|rule|OHKO Clause: OHKO moves are banned\n|rule|Evasion Moves Clause: Evasion moves are banned\n|rule|Evasion Abilities Clause: Evasion abilities are banned\n|rule|Species Clause: Limit one of each Pok\u00e9mon\n|rule|Gravity Sleep Clause: The combination of sleep-inducing moves with imperfect accuracy and Gravity or Gigantamax Orbeetle are banned\n|clearpoke\n|poke|p1|Charizard, M|\n|poke|p1|Chi-Yu|\n|poke|p1|Flutter Mane|\n|poke|p1|Whimsicott, F|\n|poke|p1|Zygarde|\n|poke|p1|Ogerpon-Wellspring, F|\n|poke|p2|Chien-Pao|\n|poke|p2|Dragapult, F|\n|poke|p2|Heatran, F|\n|poke|p2|Farigiraf, M|\n|poke|p2|Rillaboom, F|\n|poke|p2|Urshifu-*, F|\n|teampreview\n|inactive|Battle timer is ON: inactive players will automatically lose when time's up. (requested by WillroBalance)\n|\n|t:|1696540451\n|start\n|switch|p1a: Whimsicott|Whimsicott, F, shiny|100\/100\n|switch|p1b: Charizard|Charizard, M, shiny|100\/100\n|switch|p2a: Dragapult|Dragapult, F|100\/100\n|switch|p2b: Rillaboom|Rillaboom, F|100\/100\n|-fieldstart|move: Grassy Terrain|[from] ability: Grassy Surge|[of] p2b: Rillaboom\n|turn|1\n|\n|t:|1696540461\n|-terastallize|p2a: Dragapult|Ghost\n|move|p1b: Charizard|Protect|p1b: Charizard\n|-singleturn|p1b: Charizard|Protect\n|move|p2b: Rillaboom|Fake Out|p1a: Whimsicott\n|-damage|p1a: Whimsicott|85\/100\n|move|p1a: Whimsicott|Tailwind|p1a: Whimsicott\n|-sidestart|p1: WillroBalance|move: Tailwind\n|move|p2a: Dragapult|Tera Blast|p1b: Charizard|[anim] Tera Blast Ghost\n|-activate|p1b: Charizard|move: Protect\n|\n|-heal|p1a: Whimsicott|91\/100|[from] Grassy Terrain\n|upkeep\n|turn|2\n|\n|t:|1696540486\n|switch|p2b: Heatran|Heatran, F, shiny|100\/100\n|detailschange|p1b: Charizard|Charizard-Mega-Y, M, shiny\n|-mega|p1b: Charizard|Charizard|Charizardite Y\n|-weather|SunnyDay|[from] ability: Drought|[of] p1b: Charizard\n|move|p1a: Whimsicott|Helping Hand|p1b: Charizard\n|-singleturn|p1b: Charizard|Helping Hand|[of] p1a: Whimsicott\n|move|p1b: Charizard|Heat Wave|p2a: Dragapult|[spread] p2a\n|-start|p2b: Heatran|ability: Flash Fire\n|-damage|p2a: Dragapult|0 fnt\n|faint|p2a: Dragapult\n|\n|-weather|SunnyDay|[upkeep]\n|-heal|p1a: Whimsicott|97\/100|[from] Grassy Terrain\n|upkeep\n|inactive|xSV~NXTx has 120 seconds left.\n|\n|t:|1696540498\n|switch|p2a: Farigiraf|Farigiraf, M|100\/100\n|turn|3\n|\n|t:|1696540510\n|move|p1a: Whimsicott|Moonblast|p2a: Farigiraf\n|-damage|p2a: Farigiraf|71\/100\n|-unboost|p2a: Farigiraf|spa|1\n|move|p1b: Charizard|Heat Wave|p2a: Farigiraf|[spread] p2a\n|-immune|p2b: Heatran|[from] ability: Flash Fire\n|-damage|p2a: Farigiraf|0 fnt\n|faint|p2a: Farigiraf\n|move|p2b: Heatran|Heat Wave|p1b: Charizard|[spread] p1a,p1b\n|-supereffective|p1a: Whimsicott\n|-resisted|p1b: Charizard\n|-damage|p1a: Whimsicott|0 fnt\n|-damage|p1b: Charizard|51\/100\n|faint|p1a: Whimsicott\n|\n|-weather|SunnyDay|[upkeep]\n|upkeep\n|\n|t:|1696540523\n|switch|p1a: Chi-Yu|Chi-Yu|100\/100\n|switch|p2a: Rillaboom|Rillaboom, F|100\/100\n|-ability|p1a: Chi-Yu|Beads of Ruin\n|turn|4\n|\n|t:|1696540528\n|move|p2a: Rillaboom|Fake Out|p1b: Charizard\n|-damage|p1b: Charizard|30\/100\n|cant|p1b: Charizard|flinch\n|move|p1a: Chi-Yu|Heat Wave|p2a: Rillaboom|[spread] p2a\n|-immune|p2b: Heatran|[from] ability: Flash Fire\n|-supereffective|p2a: Rillaboom\n|-damage|p2a: Rillaboom|0 fnt\n|faint|p2a: Rillaboom\n|move|p2b: Heatran|Earth Power|p1a: Chi-Yu\n|-supereffective|p1a: Chi-Yu\n|-damage|p1a: Chi-Yu|25\/100\n|\n|-weather|SunnyDay|[upkeep]\n|-heal|p1a: Chi-Yu|31\/100|[from] Grassy Terrain\n|-sideend|p1: WillroBalance|move: Tailwind\n|upkeep\n|\n|t:|1696540540\n|switch|p2a: Urshifu|Urshifu-Rapid-Strike, F|100\/100\n|turn|5\n|l|\u2606WillroBalance\n|inactive|WillroBalance disconnected and has a minute to reconnect!\n|player|p1|\n|c|\u2606xSV~NXTx|Can u not flinch prankster mons now or something?\n|j|\u2606WillroBalance\n|inactive|WillroBalance reconnected and has 110 seconds left.\n|player|p1|WillroBalance|lusamine-nihilego\n|inactive|WillroBalance has 90 seconds left.\n|\n|t:|1696540608\n|move|p2a: Urshifu|Surging Strikes|p1b: Charizard\n|-supereffective|p1b: Charizard\n|-crit|p1b: Charizard\n|-damage|p1b: Charizard|2\/100\n|-supereffective|p1b: Charizard\n|-crit|p1b: Charizard\n|-damage|p1b: Charizard|0 fnt\n|faint|p1b: Charizard\n|-hitcount|p1: Charizard|2\n|move|p1a: Chi-Yu|Dark Pulse|p2b: Heatran\n|-damage|p2b: Heatran|67\/100\n|move|p2b: Heatran|Earth Power|p1a: Chi-Yu\n|-supereffective|p1a: Chi-Yu\n|-damage|p1a: Chi-Yu|0 fnt\n|faint|p1a: Chi-Yu\n|\n|-weather|SunnyDay|[upkeep]\n|-heal|p2b: Heatran|74\/100|[from] Grassy Terrain\n|-fieldend|move: Grassy Terrain\n|upkeep\n|\n|t:|1696540613\n|switch|p1a: Zygarde|Zygarde, shiny|100\/100\n|switch|p1b: Ogerpon|Ogerpon-Wellspring, F|100\/100\n|-ability|p1a: Zygarde|Aura Break\n|turn|6\n|\n|t:|1696540623\n|move|p1b: Ogerpon|Follow Me|p1b: Ogerpon\n|-singleturn|p1b: Ogerpon|move: Follow Me\n|move|p2a: Urshifu|Surging Strikes|p1b: Ogerpon\n|-immune|p1b: Ogerpon|[from] ability: Water Absorb\n|move|p1a: Zygarde|Dragon Dance|p1a: Zygarde\n|-boost|p1a: Zygarde|atk|1\n|-boost|p1a: Zygarde|spe|1\n|move|p2b: Heatran|Heat Wave|p1b: Ogerpon|[spread] p1a,p1b\n|-resisted|p1a: Zygarde\n|-crit|p1b: Ogerpon\n|-damage|p1a: Zygarde|59\/100\n|-damage|p1b: Ogerpon|0 fnt\n|faint|p1b: Ogerpon\n|\n|-weather|none\n|upkeep\n|\n|t:|1696540634\n|switch|p1b: Flutter Mane|Flutter Mane, shiny|100\/100\n|turn|7\n|inactive|WillroBalance has 120 seconds left.\n|\n|t:|1696540641\n|-terastallize|p1b: Flutter Mane|Fairy\n|move|p2a: Urshifu|Surging Strikes|p1a: Zygarde\n|-crit|p1a: Zygarde\n|-damage|p1a: Zygarde|42\/100\n|-crit|p1a: Zygarde\n|-damage|p1a: Zygarde|26\/100\n|-crit|p1a: Zygarde\n|-damage|p1a: Zygarde|10\/100\n|-hitcount|p1a: Zygarde|3\n|move|p1a: Zygarde|Thousand Arrows|p2a: Urshifu|[spread] p2a,p2b\n|-supereffective|p2b: Heatran\n|-damage|p2a: Urshifu|54\/100\n|-damage|p2b: Heatran|0 fnt\n|faint|p2b: Heatran\n|move|p1b: Flutter Mane|Dazzling Gleam|p2a: Urshifu\n|-supereffective|p2a: Urshifu\n|-damage|p2a: Urshifu|0 fnt\n|faint|p2a: Urshifu\n|\n|upkeep\n|\n|t:|1696540651\n|switch|p2b: Chien-Pao|Chien-Pao|100\/100\n|-ability|p2b: Chien-Pao|Sword of Ruin\n|turn|8\n|l|\u2606WillroBalance\n|inactive|WillroBalance disconnected and has a minute to reconnect!\n|player|p1|\n|inactive|WillroBalance has 30 seconds to reconnect!\n|inactive|WillroBalance has 20 seconds to reconnect!\n|inactive|WillroBalance has 15 seconds to reconnect!\n|inactive|WillroBalance has 10 seconds to reconnect!\n|inactive|WillroBalance has 5 seconds to reconnect!\n|-message|WillroBalance lost due to inactivity.\n|\n|win|xSV~NXTx\n|raw|WillroBalance's rating: 1480 &rarr; <strong>1449<\/strong><br \/>(-31 for losing)\n|raw|xSV~NXTx's rating: 1272 &rarr; <strong>1310<\/strong><br \/>(+38 for winning)\n|l|\u2606xSV~NXTx\n|j|\u2606WillroBalance\n|player|p1|WillroBalance|lusamine-nihilego\n|l|\u2606WillroBalance\n|player|p1|\n|j|\u2606xSV~NXTx\n|player|p2|xSV~NXTx|1\n","uploadtime":1696541365,"views":20,"p1id":"willrobalance","p2id":"xsvnxtx","formatid":"gen9nationaldexdoubles","rating":1310,"private":0,"password":""}