{"id":"gen9nationaldexdoubles-1954499005","p1":"escrement","p2":"DragsIThink","format":"[Gen 9] National Dex Doubles","log":"|j|\u2606escrement\n|j|\u2606DragsIThink\n|t:|1695903071\n|gametype|doubles\n|player|p1|escrement|wattson|1249\n|player|p2|DragsIThink|roxie|1230\n|teamsize|p1|6\n|teamsize|p2|6\n|gen|9\n|tier|[Gen 9] National Dex Doubles\n|rated|\n|rule|HP Percentage Mod: HP is shown in percentages\n|rule|Endless Battle Clause: Forcing endless battles is banned\n|rule|OHKO Clause: OHKO moves are banned\n|rule|Evasion Moves Clause: Evasion moves are banned\n|rule|Evasion Abilities Clause: Evasion abilities are banned\n|rule|Species Clause: Limit one of each Pok\u00e9mon\n|rule|Gravity Sleep Clause: The combination of sleep-inducing moves with imperfect accuracy and Gravity or Gigantamax Orbeetle are banned\n|clearpoke\n|poke|p1|Shiftry, M|\n|poke|p1|Tornadus, M|\n|poke|p1|Chien-Pao|\n|poke|p1|Brambleghast, F|\n|poke|p1|Golem-Alola, M|\n|poke|p1|Salamence, M|\n|poke|p2|Tornadus, M|\n|poke|p2|Shiftry, F|\n|poke|p2|Chien-Pao|\n|poke|p2|Kilowattrel, F|\n|poke|p2|Whimsicott, F|\n|poke|p2|Arcanine-Hisui, F|\n|teampreview\n|inactive|Battle timer is ON: inactive players will automatically lose when time's up. (requested by escrement)\n|c|\u2606DragsIThink|glhf\n|c|\u2606DragsIThink|YOOOOOOOOOOOOO FELLOW SHIFTRY\n|c|\u2606DragsIThink|THIS IS THE FIRST TIME ME SEEING ONE\n|c|\u2606DragsIThink|LETS GOOOOOOO\n|c|\u2606DragsIThink|anyways\n|inactive|DragsIThink has 120 seconds left.\n|\n|t:|1695903103\n|start\n|switch|p1a: Tornadus|Tornadus, M|100\/100\n|switch|p1b: Golem|Golem-Alola, M|100\/100\n|switch|p2a: FLUFFY|Whimsicott, F, shiny|100\/100\n|switch|p2b: After Thought|Arcanine-Hisui, F|100\/100\n|turn|1\n|\n|t:|1695903123\n|-terastallize|p1b: Golem|Electric\n|move|p2a: FLUFFY|Tailwind|p2a: FLUFFY\n|-sidestart|p2: DragsIThink|move: Tailwind\n|move|p1a: Tornadus|Tailwind|p1a: Tornadus\n|-sidestart|p1: escrement|move: Tailwind\n|move|p2b: After Thought|Flare Blitz|p1a: Tornadus\n|-damage|p1a: Tornadus|0 fnt\n|faint|p1a: Tornadus\n|move|p1b: Golem|Explosion|p2a: FLUFFY|[spread] p2a,p2b\n|-resisted|p2a: FLUFFY\n|-damage|p2a: FLUFFY|0 fnt\n|-damage|p2b: After Thought|0 fnt\n|faint|p1b: Golem\n|faint|p2a: FLUFFY\n|faint|p2b: After Thought\n|\n|upkeep\n|\n|t:|1695903143\n|switch|p2a: Scawy Leopard|Chien-Pao|100\/100\n|switch|p1a: Shiftry|Shiftry, M|100\/100\n|switch|p2b: oni|Shiftry, F|100\/100\n|switch|p1b: Chien-Pao|Chien-Pao|100\/100\n|-ability|p2a: Scawy Leopard|Sword of Ruin\n|-ability|p1b: Chien-Pao|Sword of Ruin\n|-ability|p2b: oni|Wind Rider|boost\n|-boost|p2b: oni|atk|1\n|-ability|p1a: Shiftry|Wind Rider|boost\n|-boost|p1a: Shiftry|atk|1\n|turn|2\n|c|\u2606DragsIThink|LMAO\n|inactive|escrement has 120 seconds left.\n|\n|t:|1695903190\n|move|p2b: oni|Fake Out|p1b: Chien-Pao\n|-damage|p1b: Chien-Pao|72\/100\n|-damage|p2b: oni|91\/100|[from] item: Life Orb\n|move|p2a: Scawy Leopard|Icicle Crash|p1a: Shiftry\n|-supereffective|p1a: Shiftry\n|-crit|p1a: Shiftry\n|-damage|p1a: Shiftry|0 fnt\n|faint|p1a: Shiftry\n|cant|p1b: Chien-Pao|flinch\n|\n|upkeep\n|\n|t:|1695903198\n|switch|p1a: Brambleghast|Brambleghast, F|100\/100\n|-ability|p1a: Brambleghast|Wind Rider|boost\n|-boost|p1a: Brambleghast|atk|1\n|turn|3\n|inactive|escrement has 120 seconds left.\n|\n|t:|1695903216\n|move|p2b: oni|Protect|p2b: oni\n|-singleturn|p2b: oni|Protect\n|move|p1b: Chien-Pao|Ice Shard|p2b: oni\n|-activate|p2b: oni|move: Protect\n|move|p2a: Scawy Leopard|Icicle Crash|p1a: Brambleghast\n|-supereffective|p1a: Brambleghast\n|-damage|p1a: Brambleghast|0 fnt\n|faint|p1a: Brambleghast\n|\n|upkeep\n|\n|t:|1695903225\n|switch|p1a: Salamence|Salamence, M|100\/100\n|-ability|p1a: Salamence|Intimidate|boost\n|-unboost|p2a: Scawy Leopard|atk|1\n|-unboost|p2b: oni|atk|1\n|turn|4\n|\n|t:|1695903238\n|detailschange|p1a: Salamence|Salamence-Mega, M\n|-mega|p1a: Salamence|Salamence|Salamencite\n|-terastallize|p2b: oni|Bug\n|move|p2a: Scawy Leopard|Icicle Crash|p1a: Salamence\n|-supereffective|p1a: Salamence\n|-damage|p1a: Salamence|0 fnt\n|faint|p1a: Salamence\n|move|p1b: Chien-Pao|Sacred Sword|p2a: Scawy Leopard\n|-supereffective|p2a: Scawy Leopard\n|-enditem|p2a: Scawy Leopard|Focus Sash\n|-damage|p2a: Scawy Leopard|1\/100\n|move|p2b: oni|Leaf Blade|p1b: Chien-Pao\n|-damage|p1b: Chien-Pao|6\/100\n|-damage|p2b: oni|81\/100|[from] item: Life Orb\n|\n|-sideend|p1: escrement|move: Tailwind\n|-sideend|p2: DragsIThink|move: Tailwind\n|upkeep\n|turn|5\n|-message|escrement forfeited.\n|\n|win|DragsIThink\n|raw|escrement's rating: 1249 &rarr; <strong>1223<\/strong><br \/>(-26 for losing)\n|raw|DragsIThink's rating: 1230 &rarr; <strong>1256<\/strong><br \/>(+26 for winning)\n|l|\u2606escrement\n","uploadtime":1695903268,"views":25,"p1id":"escrement","p2id":"dragsithink","formatid":"gen9nationaldexdoubles","rating":1223,"private":0,"password":""}