{"id":"gen9nationaldexdoubles-1976324823","p1":"Qapi","p2":"Crys18","format":"[Gen 9] National Dex Doubles","log":"|j|\u2606Qapi\n|j|\u2606Crys18\n|t:|1698286779\n|gametype|doubles\n|player|p1|Qapi|hiker-gen4|\n|player|p2|Crys18|roxanne|\n|teamsize|p1|2\n|teamsize|p2|2\n|gen|9\n|tier|[Gen 9] National Dex Doubles\n|rule|HP Percentage Mod: HP is shown in percentages\n|rule|Endless Battle Clause: Forcing endless battles is banned\n|rule|OHKO Clause: OHKO moves are banned\n|rule|Evasion Moves Clause: Evasion moves are banned\n|rule|Evasion Abilities Clause: Evasion abilities are banned\n|rule|Species Clause: Limit one of each Pok\u00e9mon\n|rule|Gravity Sleep Clause: The combination of sleep-inducing moves with imperfect accuracy and Gravity or Gigantamax Orbeetle are banned\n|clearpoke\n|poke|p1|Dipplin, M|\n|poke|p1|Flapple, M|\n|poke|p2|Umbreon, F|\n|poke|p2|Exploud, M|\n|teampreview\n|\n|t:|1698286797\n|start\n|switch|p1a: Dipplin|Dipplin, M|100\/100\n|switch|p1b: Flapple|Flapple, M|100\/100\n|switch|p2a: Legend Slayer|Umbreon, F|100\/100\n|switch|p2b: Singer of Legend|Exploud, M|100\/100\n|-ability|p1a: Dipplin|Supersweet Syrup\n|-ability|p1a: Dipplin|Supersweet Syrup|boost\n|-unboost|p2a: Legend Slayer|evasion|1\n|-unboost|p2b: Singer of Legend|evasion|1\n|turn|1\n|c|\u2606Qapi|Apples\n|\n|t:|1698286861\n|-terastallize|p1b: Flapple|Steel\n|move|p1b: Flapple|Grav Apple|p2b: Singer of Legend\n|-crit|p2b: Singer of Legend\n|-damage|p2b: Singer of Legend|0 fnt\n|faint|p2b: Singer of Legend\n|move|p2a: Legend Slayer|Thunder Wave|p1b: Flapple\n|-status|p1b: Flapple|par\n|move|p1a: Dipplin|Reflect|p1a: Dipplin\n|-sidestart|p1: Qapi|Reflect\n|\n|upkeep\n|turn|2\n|c|\u2606Crys18|tera is allowed?\n|\n|t:|1698286889\n|cant|p1b: Flapple|par\n|move|p2a: Legend Slayer|Toxic|p1a: Dipplin\n|-status|p1a: Dipplin|tox\n|move|p1a: Dipplin|Giga Drain|p2a: Legend Slayer\n|-damage|p2a: Legend Slayer|85\/100\n|\n|-heal|p2a: Legend Slayer|91\/100|[from] item: Leftovers\n|-damage|p1a: Dipplin|94\/100 tox|[from] psn\n|upkeep\n|turn|3\n|c|\u2606Qapi|Yup\n|\n|t:|1698286902\n|move|p1b: Flapple|Grav Apple|p2a: Legend Slayer\n|-damage|p2a: Legend Slayer|43\/100\n|-unboost|p2a: Legend Slayer|def|1\n|move|p2a: Legend Slayer|Foul Play|p1b: Flapple\n|-damage|p1b: Flapple|59\/100 par\n|move|p1a: Dipplin|Giga Drain|p2a: Legend Slayer\n|-damage|p2a: Legend Slayer|29\/100\n|-heal|p1a: Dipplin|100\/100 tox|[from] drain|[of] p2a: Legend Slayer\n|\n|-heal|p2a: Legend Slayer|36\/100|[from] item: Leftovers\n|-damage|p1a: Dipplin|88\/100 tox|[from] psn\n|upkeep\n|turn|4\n|\n|t:|1698286919\n|cant|p1b: Flapple|par\n|move|p2a: Legend Slayer|Moonlight|p2a: Legend Slayer\n|-heal|p2a: Legend Slayer|86\/100\n|move|p1a: Dipplin|Giga Drain|p2a: Legend Slayer\n|-crit|p2a: Legend Slayer\n|-damage|p2a: Legend Slayer|63\/100\n|-heal|p1a: Dipplin|100\/100 tox|[from] drain|[of] p2a: Legend Slayer\n|\n|-heal|p2a: Legend Slayer|70\/100|[from] item: Leftovers\n|-damage|p1a: Dipplin|82\/100 tox|[from] psn\n|upkeep\n|turn|5\n|\n|t:|1698286930\n|move|p1b: Flapple|Grav Apple|p2a: Legend Slayer\n|-damage|p2a: Legend Slayer|0 fnt\n|faint|p2a: Legend Slayer\n|\n|win|Qapi\n","uploadtime":1698286942,"views":10,"p1id":"qapi","p2id":"crys18","formatid":"gen9nationaldexdoubles","rating":0,"private":0,"password":""}