{"id":"gen9nationaldexdoubles-1949420128","p1":"lppand","p2":"Anna Lisa Melculo","format":"[Gen 9] National Dex Doubles","log":"|j|\u2606lppand\n|j|\u2606Anna Lisa Melculo\n|t:|1695358528\n|gametype|doubles\n|player|p1|lppand|rosa|1152\n|player|p2|Anna Lisa Melculo|1|1274\n|teamsize|p1|6\n|teamsize|p2|6\n|gen|9\n|tier|[Gen 9] National Dex Doubles\n|rated|\n|rule|HP Percentage Mod: HP is shown in percentages\n|rule|Endless Battle Clause: Forcing endless battles is banned\n|rule|OHKO Clause: OHKO moves are banned\n|rule|Evasion Moves Clause: Evasion moves are banned\n|rule|Evasion Abilities Clause: Evasion abilities are banned\n|rule|Species Clause: Limit one of each Pok\u00e9mon\n|rule|Gravity Sleep Clause: The combination of sleep-inducing moves with imperfect accuracy and Gravity or Gigantamax Orbeetle are banned\n|clearpoke\n|poke|p1|Flutter Mane|\n|poke|p1|Ogerpon-Hearthflame, F|\n|poke|p1|Rillaboom, M|\n|poke|p1|Tornadus, M|\n|poke|p1|Charizard, M|\n|poke|p1|Walking Wake|\n|poke|p2|Torkoal, M|\n|poke|p2|Flutter Mane|\n|poke|p2|Walking Wake|\n|poke|p2|Volcanion|\n|poke|p2|Chien-Pao|\n|poke|p2|Kingambit, M|\n|teampreview\n|j| munchceliaxoxo\n|\n|t:|1695358556\n|start\n|switch|p1a: Walking Wake|Walking Wake|100\/100\n|switch|p1b: Tornadus|Tornadus, M|100\/100\n|switch|p2a: Agua Potable|Walking Wake|100\/100\n|switch|p2b: Cheems-Pao|Chien-Pao|100\/100\n|-ability|p2b: Cheems-Pao|Sword of Ruin\n|turn|1\n|\n|t:|1695358577\n|-end|p2a: Agua Potable|Protosynthesis|[silent]\n|switch|p2a: PeloeQk|Flutter Mane|100\/100\n|move|p1b: Tornadus|Tailwind|p1b: Tornadus\n|-sidestart|p1: lppand|move: Tailwind\n|move|p1a: Walking Wake|Draco Meteor|p2a: PeloeQk\n|-immune|p2a: PeloeQk\n|move|p2b: Cheems-Pao|Ice Spinner|p1b: Tornadus\n|-supereffective|p1b: Tornadus\n|-enditem|p1b: Tornadus|Focus Sash\n|-damage|p1b: Tornadus|1\/100\n|\n|upkeep\n|turn|2\n|\n|t:|1695358594\n|move|p1b: Tornadus|Scary Face|p2a: PeloeQk\n|-unboost|p2a: PeloeQk|spe|2\n|move|p1a: Walking Wake|Flamethrower|p2b: Cheems-Pao\n|-supereffective|p2b: Cheems-Pao\n|-damage|p2b: Cheems-Pao|11\/100\n|move|p2b: Cheems-Pao|Crunch|p1b: Tornadus\n|-damage|p1b: Tornadus|0 fnt\n|faint|p1b: Tornadus\n|move|p2a: PeloeQk|Calm Mind|p2a: PeloeQk\n|-boost|p2a: PeloeQk|spa|1\n|-boost|p2a: PeloeQk|spd|1\n|\n|upkeep\n|\n|t:|1695358611\n|switch|p1b: \u733f\u795e|Rillaboom, M|100\/100\n|-fieldstart|move: Grassy Terrain|[from] ability: Grassy Surge|[of] p1b: \u733f\u795e\n|turn|3\n|\n|t:|1695358623\n|move|p1b: \u733f\u795e|Fake Out|p2b: Cheems-Pao\n|-damage|p2b: Cheems-Pao|0 fnt\n|faint|p2b: Cheems-Pao\n|move|p1a: Walking Wake|Hydro Steam|p2a: PeloeQk\n|-damage|p2a: PeloeQk|74\/100\n|move|p2a: PeloeQk|Dazzling Gleam|p1a: Walking Wake|[spread] p1a,p1b\n|-supereffective|p1a: Walking Wake\n|-crit|p1b: \u733f\u795e\n|-damage|p1a: Walking Wake|0 fnt\n|-damage|p1b: \u733f\u795e|32\/100\n|faint|p1a: Walking Wake\n|-end|p1a: Walking Wake|Protosynthesis|[silent]\n|-damage|p2a: PeloeQk|64\/100|[from] item: Life Orb\n|\n|-heal|p1b: \u733f\u795e|38\/100|[from] Grassy Terrain\n|-heal|p2a: PeloeQk|70\/100|[from] Grassy Terrain\n|upkeep\n|\n|t:|1695358644\n|switch|p2b: Volcanion|Volcanion|100\/100\n|switch|p1a: Charizard|Charizard, M|100\/100\n|turn|4\n|\n|t:|1695358653\n|detailschange|p1a: Charizard|Charizard-Mega-Y, M\n|-mega|p1a: Charizard|Charizard|Charizardite Y\n|-weather|SunnyDay|[from] ability: Drought|[of] p1a: Charizard\n|-activate|p2a: PeloeQk|ability: Protosynthesis\n|-start|p2a: PeloeQk|protosynthesisspa\n|move|p1b: \u733f\u795e|Grassy Glide|p2a: PeloeQk\n|-damage|p2a: PeloeQk|0 fnt\n|faint|p2a: PeloeQk\n|-end|p2a: PeloeQk|Protosynthesis|[silent]\n|move|p1a: Charizard|Hurricane|p2b: Volcanion\n|-damage|p2b: Volcanion|44\/100\n|-start|p2b: Volcanion|confusion\n|-activate|p2b: Volcanion|confusion\n|-damage|p2b: Volcanion|38\/100|[from] confusion\n|\n|-weather|SunnyDay|[upkeep]\n|-heal|p1b: \u733f\u795e|44\/100|[from] Grassy Terrain\n|-heal|p2b: Volcanion|44\/100|[from] Grassy Terrain\n|-heal|p2b: Volcanion|50\/100|[from] item: Leftovers\n|-sideend|p1: lppand|move: Tailwind\n|upkeep\n|\n|t:|1695358674\n|switch|p2a: Agua Potable|Walking Wake|100\/100\n|-activate|p2a: Agua Potable|ability: Protosynthesis\n|-start|p2a: Agua Potable|protosynthesisspe\n|turn|5\n|\n|t:|1695358688\n|-terastallize|p2a: Agua Potable|Fire\n|-terastallize|p1b: \u733f\u795e|Grass\n|move|p1b: \u733f\u795e|Grassy Glide|p2a: Agua Potable\n|-resisted|p2a: Agua Potable\n|-damage|p2a: Agua Potable|70\/100\n|move|p2a: Agua Potable|Hydro Steam|p1a: Charizard\n|-supereffective|p1a: Charizard\n|-crit|p1a: Charizard\n|-damage|p1a: Charizard|0 fnt\n|faint|p1a: Charizard\n|-activate|p2b: Volcanion|confusion\n|-damage|p2b: Volcanion|44\/100|[from] confusion\n|\n|-weather|SunnyDay|[upkeep]\n|-heal|p2a: Agua Potable|76\/100|[from] Grassy Terrain\n|-heal|p1b: \u733f\u795e|50\/100|[from] Grassy Terrain\n|-heal|p2b: Volcanion|50\/100|[from] Grassy Terrain\n|-heal|p2b: Volcanion|56\/100|[from] item: Leftovers\n|upkeep\n|\n|t:|1695358693\n|switch|p1a: Ogerpon|Ogerpon-Hearthflame, F|100\/100\n|-ability|p1a: Ogerpon|Mold Breaker\n|turn|6\n|-message|lppand forfeited.\n|\n|win|Anna Lisa Melculo\n|raw|lppand's rating: 1152 &rarr; <strong>1135<\/strong><br \/>(-17 for losing)\n|raw|Anna Lisa Melculo's rating: 1274 &rarr; <strong>1291<\/strong><br \/>(+17 for winning)\n|l|\u2606lppand\n","uploadtime":1695358713,"views":10,"p1id":"lppand","p2id":"annalisamelculo","formatid":"gen9nationaldexdoubles","rating":1135,"private":0,"password":""}