{"id":"gen9nationaldexdoubles-1973710339","p1":"Evaniidae","p2":"Ric3o","format":"[Gen 9] National Dex Doubles","log":"|j|\u2606Evaniidae\n|j|\u2606Ric3o\n|t:|1698005696\n|gametype|doubles\n|player|p1|Evaniidae|rosa|\n|player|p2|Ric3o|170|\n|teamsize|p1|6\n|teamsize|p2|6\n|gen|9\n|tier|[Gen 9] National Dex Doubles\n|rule|HP Percentage Mod: HP is shown in percentages\n|rule|Endless Battle Clause: Forcing endless battles is banned\n|rule|OHKO Clause: OHKO moves are banned\n|rule|Evasion Moves Clause: Evasion moves are banned\n|rule|Evasion Abilities Clause: Evasion abilities are banned\n|rule|Species Clause: Limit one of each Pok\u00e9mon\n|rule|Gravity Sleep Clause: The combination of sleep-inducing moves with imperfect accuracy and Gravity or Gigantamax Orbeetle are banned\n|clearpoke\n|poke|p1|Raichu, M|\n|poke|p1|Ampharos, M|\n|poke|p1|Luxray, F|\n|poke|p1|Zebstrika, F|\n|poke|p1|Eelektross, M|\n|poke|p1|Jolteon, F|\n|poke|p2|Aegislash, M|\n|poke|p2|Excadrill, F|\n|poke|p2|Corviknight, M|\n|poke|p2|Ferrothorn, F|\n|poke|p2|Duraludon, M|\n|poke|p2|Lucario, M|\n|teampreview\n|\n|t:|1698005707\n|start\n|switch|p1a: Raichu|Raichu, M|100\/100\n|switch|p1b: Luxray|Luxray, F|100\/100\n|switch|p2a: Ferrothorn|Ferrothorn, F|100\/100\n|switch|p2b: Excadrill|Excadrill, F|100\/100\n|-ability|p2b: Excadrill|Mold Breaker\n|-ability|p1b: Luxray|Intimidate|boost\n|-unboost|p2a: Ferrothorn|atk|1\n|-unboost|p2b: Excadrill|atk|1\n|turn|1\n|\n|t:|1698005726\n|move|p2b: Excadrill|Earthquake|p1b: Luxray|[spread] p2a,p1a,p1b\n|-supereffective|p1a: Raichu\n|-supereffective|p1b: Luxray\n|-damage|p2a: Ferrothorn|84\/100\n|-damage|p1a: Raichu|0 fnt\n|-damage|p1b: Luxray|29\/100\n|faint|p1a: Raichu\n|move|p1b: Luxray|Thunderbolt|p2a: Ferrothorn\n|-resisted|p2a: Ferrothorn\n|-damage|p2a: Ferrothorn|61\/100\n|-damage|p1b: Luxray|19\/100|[from] item: Life Orb\n|move|p2a: Ferrothorn|Leech Seed|p1b: Luxray\n|-start|p1b: Luxray|move: Leech Seed\n|\n|-heal|p2a: Ferrothorn|67\/100|[from] item: Leftovers\n|-damage|p1b: Luxray|6\/100|[from] Leech Seed|[of] p2a: Ferrothorn\n|-heal|p2a: Ferrothorn|78\/100|[silent]\n|upkeep\n|\n|t:|1698005740\n|switch|p1a: Ampharos|Ampharos, M|100\/100\n|turn|2\n|\n|t:|1698005752\n|detailschange|p1a: Ampharos|Ampharos-Mega, M\n|-mega|p1a: Ampharos|Ampharos|Ampharosite\n|-ability|p1a: Ampharos|Mold Breaker\n|move|p2b: Excadrill|Earthquake|p1b: Luxray|[spread] p2a,p1a,p1b\n|-supereffective|p1a: Ampharos\n|-supereffective|p1b: Luxray\n|-damage|p2a: Ferrothorn|62\/100\n|-damage|p1a: Ampharos|51\/100\n|-damage|p1b: Luxray|0 fnt\n|faint|p1b: Luxray\n|move|p1a: Ampharos|Dragon Pulse|p2b: Excadrill\n|-resisted|p2b: Excadrill\n|-damage|p2b: Excadrill|60\/100\n|move|p2a: Ferrothorn|Power Whip|p1a: Ampharos\n|-resisted|p1a: Ampharos\n|-damage|p1a: Ampharos|40\/100\n|\n|-heal|p2a: Ferrothorn|68\/100|[from] item: Leftovers\n|upkeep\n|\n|t:|1698005769\n|switch|p1b: Eelektross|Eelektross, M|100\/100\n|turn|3\n|\n|t:|1698005790\n|switch|p2b: Aegislash|Aegislash, M, shiny|100\/100\n|move|p1b: Eelektross|Giga Drain|p2b: Aegislash\n|-resisted|p2b: Aegislash\n|-damage|p2b: Aegislash|93\/100\n|move|p1a: Ampharos|Dragon Pulse|p2b: Aegislash\n|-resisted|p2b: Aegislash\n|-damage|p2b: Aegislash|74\/100\n|move|p2a: Ferrothorn|Leech Seed|p1b: Eelektross\n|-start|p1b: Eelektross|move: Leech Seed\n|\n|-heal|p2b: Aegislash|81\/100|[from] item: Leftovers\n|-heal|p2a: Ferrothorn|75\/100|[from] item: Leftovers\n|-damage|p1b: Eelektross|88\/100|[from] Leech Seed|[of] p2a: Ferrothorn\n|-heal|p2a: Ferrothorn|88\/100|[silent]\n|upkeep\n|turn|4\n|\n|t:|1698005810\n|-formechange|p2b: Aegislash|Aegislash-Blade||[from] ability: Stance Change\n|move|p2b: Aegislash|Shadow Ball|p1a: Ampharos\n|-damage|p1a: Ampharos|12\/100\n|move|p1b: Eelektross|Giga Drain|p2a: Ferrothorn\n|-resisted|p2a: Ferrothorn\n|-damage|p2a: Ferrothorn|82\/100\n|-heal|p1b: Eelektross|91\/100|[from] drain|[of] p2a: Ferrothorn\n|move|p1a: Ampharos|Dragon Pulse|p2a: Ferrothorn\n|-resisted|p2a: Ferrothorn\n|-damage|p2a: Ferrothorn|57\/100\n|move|p2a: Ferrothorn|Leech Seed|p1a: Ampharos\n|-start|p1a: Ampharos|move: Leech Seed\n|\n|-heal|p2b: Aegislash|87\/100|[from] item: Leftovers\n|-heal|p2a: Ferrothorn|63\/100|[from] item: Leftovers\n|-damage|p1b: Eelektross|79\/100|[from] Leech Seed|[of] p2a: Ferrothorn\n|-heal|p2a: Ferrothorn|76\/100|[silent]\n|-damage|p1a: Ampharos|0 fnt|[from] Leech Seed|[of] p2a: Ferrothorn\n|-heal|p2a: Ferrothorn|89\/100|[silent]\n|faint|p1a: Ampharos\n|upkeep\n|\n|t:|1698005828\n|switch|p1a: Jolteon|Jolteon, F|100\/100\n|turn|5\n|\n|t:|1698005841\n|move|p1a: Jolteon|Thunderbolt|p2a: Ferrothorn\n|-resisted|p2a: Ferrothorn\n|-damage|p2a: Ferrothorn|72\/100\n|move|p2b: Aegislash|Toxic|p1a: Jolteon|[miss]\n|-miss|p2b: Aegislash|p1a: Jolteon\n|move|p1b: Eelektross|Flamethrower|p2b: Aegislash\n|-supereffective|p2b: Aegislash\n|-damage|p2b: Aegislash|21\/100\n|move|p2a: Ferrothorn|Power Whip|p1b: Eelektross|[miss]\n|-miss|p2a: Ferrothorn|p1b: Eelektross\n|\n|-heal|p2b: Aegislash|27\/100|[from] item: Leftovers\n|-heal|p2a: Ferrothorn|78\/100|[from] item: Leftovers\n|-damage|p1b: Eelektross|66\/100|[from] Leech Seed|[of] p2a: Ferrothorn\n|-heal|p2a: Ferrothorn|91\/100|[silent]\n|upkeep\n|turn|6\n|\n|t:|1698005868\n|move|p1a: Jolteon|Thunderbolt|p2a: Ferrothorn\n|-resisted|p2a: Ferrothorn\n|-damage|p2a: Ferrothorn|73\/100\n|move|p2b: Aegislash|Shadow Ball|p1a: Jolteon\n|-damage|p1a: Jolteon|58\/100\n|move|p1b: Eelektross|Flamethrower|p2b: Aegislash\n|-supereffective|p2b: Aegislash\n|-damage|p2b: Aegislash|0 fnt\n|faint|p2b: Aegislash\n|move|p2a: Ferrothorn|Power Whip|p1a: Jolteon\n|-damage|p1a: Jolteon|8\/100\n|\n|-heal|p1a: Jolteon|15\/100|[from] item: Leftovers\n|-heal|p2a: Ferrothorn|79\/100|[from] item: Leftovers\n|-damage|p1b: Eelektross|54\/100|[from] Leech Seed|[of] p2a: Ferrothorn\n|-heal|p2a: Ferrothorn|93\/100|[silent]\n|upkeep\n|\n|t:|1698005888\n|switch|p2b: Lucario|Lucario, M|100\/100\n|turn|7\n|\n|t:|1698005910\n|detailschange|p2b: Lucario|Lucario-Mega, M\n|-mega|p2b: Lucario|Lucario|Lucarionite\n|move|p1a: Jolteon|Wish|p1a: Jolteon\n|move|p2b: Lucario|Close Combat|p1b: Eelektross\n|-damage|p1b: Eelektross|0 fnt\n|-unboost|p2b: Lucario|def|1\n|-unboost|p2b: Lucario|spd|1\n|faint|p1b: Eelektross\n|move|p2a: Ferrothorn|Power Whip|p1a: Jolteon\n|-damage|p1a: Jolteon|0 fnt\n|faint|p1a: Jolteon\n|\n|-heal|p2a: Ferrothorn|99\/100|[from] item: Leftovers\n|upkeep\n|\n|t:|1698005927\n|switch|p1b: Zebstrika|Zebstrika, F|100\/100\n|turn|8\n|\n|t:|1698005934\n|move|p2b: Lucario|Close Combat|p1b: Zebstrika\n|-enditem|p1b: Zebstrika|Focus Sash\n|-damage|p1b: Zebstrika|1\/100\n|-unboost|p2b: Lucario|def|1\n|-unboost|p2b: Lucario|spd|1\n|move|p1b: Zebstrika|Flame Charge|p2b: Lucario\n|-supereffective|p2b: Lucario\n|-damage|p2b: Lucario|17\/100\n|-boost|p1b: Zebstrika|spe|1\n|move|p2a: Ferrothorn|Power Whip|p1b: Zebstrika\n|-damage|p1b: Zebstrika|0 fnt\n|faint|p1b: Zebstrika\n|\n|win|Ric3o\n|l|\u2606Ric3o\n","uploadtime":1698007729,"views":6,"p1id":"evaniidae","p2id":"ric3o","formatid":"gen9nationaldexdoubles","rating":0,"private":0,"password":""}