{"id":"gen9nationaldexdoubles-1965085905","p1":"AutumnCookie","p2":"cassinidivision","format":"[Gen 9] National Dex Doubles","log":"|j|\u2606AutumnCookie\n|j|\u2606cassinidivision\n|t:|1697041378\n|gametype|doubles\n|player|p1|AutumnCookie|penny|\n|player|p2|cassinidivision|cynthia-masters3|\n|teamsize|p1|6\n|teamsize|p2|6\n|gen|9\n|tier|[Gen 9] National Dex Doubles\n|rule|HP Percentage Mod: HP is shown in percentages\n|rule|Endless Battle Clause: Forcing endless battles is banned\n|rule|OHKO Clause: OHKO moves are banned\n|rule|Evasion Moves Clause: Evasion moves are banned\n|rule|Evasion Abilities Clause: Evasion abilities are banned\n|rule|Species Clause: Limit one of each Pok\u00e9mon\n|rule|Gravity Sleep Clause: The combination of sleep-inducing moves with imperfect accuracy and Gravity or Gigantamax Orbeetle are banned\n|clearpoke\n|poke|p1|Jolteon, M|\n|poke|p1|Vaporeon, F|\n|poke|p1|Flareon, F|\n|poke|p1|Leafeon, F|\n|poke|p1|Umbreon, F|\n|poke|p1|Sylveon, F|\n|poke|p2|Spiritomb, F|\n|poke|p2|Roserade, F|\n|poke|p2|Togekiss, M|\n|poke|p2|Lucario, M|\n|poke|p2|Milotic, F|\n|poke|p2|Garchomp, F|\n|teampreview\n|c|\u2606cassinidivision|CYNTHIA UPON YE\n|c|\u2606AutumnCookie|CYNTHIA JUMPSCARE\n|\n|t:|1697041413\n|start\n|switch|p1a: Umbreon|Umbreon, F|100\/100\n|switch|p1b: Flareon|Flareon, F|100\/100\n|switch|p2a: Roserade|Roserade, F|100\/100\n|switch|p2b: Milotic|Milotic, F|100\/100\n|turn|1\n|c|\u2606AutumnCookie|Being scared of Cynthia is supposed to be a joke but genuinely I have a visceral reaction to her battle theme\n|\n|t:|1697041462\n|switch|p1b: Vaporeon|Vaporeon, F|100\/100\n|move|p2a: Roserade|Toxic Spikes|p1b: Vaporeon\n|-sidestart|p1: AutumnCookie|move: Toxic Spikes\n|move|p2b: Milotic|Aqua Ring|p2b: Milotic\n|-start|p2b: Milotic|Aqua Ring\n|move|p1a: Umbreon|Toxic|p2b: Milotic\n|-status|p2b: Milotic|tox\n|\n|-damage|p2b: Milotic|94\/100 tox|[from] psn\n|upkeep\n|turn|2\n|\n|t:|1697041497\n|move|p1a: Umbreon|Sucker Punch||[still]\n|-fail|p1a: Umbreon\n|move|p2a: Roserade|Toxic Spikes|p1a: Umbreon\n|-sidestart|p1: AutumnCookie|move: Toxic Spikes\n|move|p2b: Milotic|Substitute|p2b: Milotic\n|-start|p2b: Milotic|Substitute\n|-damage|p2b: Milotic|70\/100 tox\n|move|p1b: Vaporeon|Aqua Ring|p1b: Vaporeon\n|-start|p1b: Vaporeon|Aqua Ring\n|\n|-heal|p2b: Milotic|76\/100 tox|[from] item: Leftovers\n|-heal|p2b: Milotic|82\/100 tox|[from] Aqua Ring\n|-damage|p2b: Milotic|70\/100 tox|[from] psn\n|upkeep\n|turn|3\n|\n|t:|1697041529\n|move|p2a: Roserade|Spikes|p1a: Umbreon\n|-sidestart|p1: AutumnCookie|Spikes\n|move|p2b: Milotic|Surf|p1a: Umbreon|[spread] p2a,p1a,p1b\n|-resisted|p2a: Roserade\n|-crit|p1a: Umbreon\n|-resisted|p1b: Vaporeon\n|-damage|p2a: Roserade|88\/100\n|-damage|p1a: Umbreon|84\/100\n|-damage|p1b: Vaporeon|92\/100\n|move|p1b: Vaporeon|Curse|p1b: Vaporeon\n|-unboost|p1b: Vaporeon|spe|1\n|-boost|p1b: Vaporeon|atk|1\n|-boost|p1b: Vaporeon|def|1\n|move|p1a: Umbreon|Foul Play|p2a: Roserade\n|-damage|p2a: Roserade|63\/100\n|\n|-heal|p2b: Milotic|76\/100 tox|[from] item: Leftovers\n|-heal|p1a: Umbreon|90\/100|[from] item: Leftovers\n|-heal|p2b: Milotic|82\/100 tox|[from] Aqua Ring\n|-heal|p1b: Vaporeon|98\/100|[from] Aqua Ring\n|-damage|p2b: Milotic|63\/100 tox|[from] psn\n|upkeep\n|turn|4\n|c|\u2606AutumnCookie|THE HAZARDS ARE GONNA SUCK SO MUCH\n|l|\u2606AutumnCookie\n|player|p1|\n|j|\u2606AutumnCookie\n|player|p1|AutumnCookie|penny\n|\n|t:|1697041593\n|move|p2a: Roserade|Spikes|p1b: Vaporeon\n|-sidestart|p1: AutumnCookie|Spikes\n|move|p2b: Milotic|Surf|p1a: Umbreon|[spread] p2a,p1a,p1b\n|-resisted|p2a: Roserade\n|-resisted|p1b: Vaporeon\n|-damage|p2a: Roserade|51\/100\n|-damage|p1a: Umbreon|78\/100\n|-damage|p1b: Vaporeon|89\/100\n|move|p1a: Umbreon|Foul Play|p2b: Milotic\n|-activate|p2b: Milotic|move: Substitute|[damage]\n|move|p1b: Vaporeon|Rain Dance|p1b: Vaporeon\n|-weather|RainDance\n|\n|-weather|RainDance|[upkeep]\n|-heal|p2b: Milotic|70\/100 tox|[from] item: Leftovers\n|-heal|p1a: Umbreon|85\/100|[from] item: Leftovers\n|-heal|p2b: Milotic|76\/100 tox|[from] Aqua Ring\n|-heal|p1b: Vaporeon|95\/100|[from] Aqua Ring\n|-damage|p2b: Milotic|51\/100 tox|[from] psn\n|upkeep\n|turn|5\n|l|\u2606AutumnCookie\n|player|p1|\n|j|\u2606AutumnCookie\n|player|p1|AutumnCookie|penny\n|\n|t:|1697041646\n|move|p2a: Roserade|Synthesis|p2a: Roserade\n|-heal|p2a: Roserade|76\/100\n|move|p2b: Milotic|Recover|p2b: Milotic\n|-heal|p2b: Milotic|100\/100 tox\n|move|p1a: Umbreon|Foul Play|p2a: Roserade\n|-damage|p2a: Roserade|51\/100\n|move|p1b: Vaporeon|Curse|p1b: Vaporeon\n|-unboost|p1b: Vaporeon|spe|1\n|-boost|p1b: Vaporeon|atk|1\n|-boost|p1b: Vaporeon|def|1\n|\n|-weather|RainDance|[upkeep]\n|-heal|p1a: Umbreon|91\/100|[from] item: Leftovers\n|-heal|p1b: Vaporeon|100\/100|[from] Aqua Ring\n|-damage|p2b: Milotic|70\/100 tox|[from] psn\n|upkeep\n|turn|6\n|l|\u2606AutumnCookie\n|player|p1|\n|j|\u2606AutumnCookie\n|player|p1|AutumnCookie|penny\n|c|\u2606AutumnCookie|Shouldn't have been so scared of Milotic and swapped Flareon out I need that fuckin Roserade gone\n|\n|t:|1697041713\n|move|p2a: Roserade|Energy Ball|p1b: Vaporeon\n|-supereffective|p1b: Vaporeon\n|-damage|p1b: Vaporeon|46\/100\n|move|p2b: Milotic|Surf|p1b: Vaporeon|[spread] p2a,p1a,p1b\n|-resisted|p2a: Roserade\n|-resisted|p1b: Vaporeon\n|-damage|p2a: Roserade|35\/100\n|-damage|p1a: Umbreon|73\/100\n|-damage|p1b: Vaporeon|32\/100\n|move|p1a: Umbreon|Foul Play|p2a: Roserade\n|-damage|p2a: Roserade|9\/100\n|-status|p1a: Umbreon|psn|[from] ability: Poison Point|[of] p2a: Roserade\n|-activate|p1a: Umbreon|ability: Synchronize\n|-immune|p2a: Roserade\n|move|p1b: Vaporeon|Scald|p2a: Roserade\n|-resisted|p2a: Roserade\n|-damage|p2a: Roserade|0 fnt\n|faint|p2a: Roserade\n|\n|-weather|RainDance|[upkeep]\n|-heal|p2b: Milotic|76\/100 tox|[from] item: Leftovers\n|-heal|p1a: Umbreon|79\/100 psn|[from] item: Leftovers\n|-heal|p2b: Milotic|82\/100 tox|[from] Aqua Ring\n|-heal|p1b: Vaporeon|39\/100|[from] Aqua Ring\n|-damage|p2b: Milotic|46\/100 tox|[from] psn\n|-damage|p1a: Umbreon|67\/100 psn|[from] psn\n|upkeep\n|l|\u2606AutumnCookie\n|player|p1|\n|j|\u2606AutumnCookie\n|player|p1|AutumnCookie|penny\n|\n|t:|1697041747\n|switch|p2a: Togekiss|Togekiss, M|100\/100\n|turn|7\n|c|\u2606AutumnCookie|I hate mobile showdown\n|\n|t:|1697041766\n|move|p2b: Milotic|Recover|p2b: Milotic\n|-heal|p2b: Milotic|96\/100 tox\n|move|p2a: Togekiss|Light Screen|p2a: Togekiss\n|-sidestart|p2: cassinidivision|move: Light Screen\n|move|p1a: Umbreon|Toxic|p2a: Togekiss\n|-status|p2a: Togekiss|tox\n|move|p1b: Vaporeon|Scald|p2a: Togekiss\n|-damage|p2a: Togekiss|82\/100 tox\n|\n|-weather|RainDance|[upkeep]\n|-heal|p2b: Milotic|100\/100 tox|[from] item: Leftovers\n|-heal|p1a: Umbreon|73\/100 psn|[from] item: Leftovers\n|-heal|p1b: Vaporeon|45\/100|[from] Aqua Ring\n|-damage|p2b: Milotic|58\/100 tox|[from] psn\n|-damage|p2a: Togekiss|76\/100 tox|[from] psn\n|-damage|p1a: Umbreon|60\/100 psn|[from] psn\n|upkeep\n|turn|8\n|l|\u2606AutumnCookie\n|player|p1|\n|j|\u2606AutumnCookie\n|player|p1|AutumnCookie|penny\n|\n|t:|1697041838\n|move|p2b: Milotic|Recover|p2b: Milotic\n|-heal|p2b: Milotic|100\/100 tox\n|move|p2a: Togekiss|Reflect|p2a: Togekiss\n|-sidestart|p2: cassinidivision|Reflect\n|move|p1a: Umbreon|Moonlight|p1a: Umbreon\n|-heal|p1a: Umbreon|85\/100 psn\n|move|p1b: Vaporeon|Scald|p2a: Togekiss\n|-damage|p2a: Togekiss|59\/100 tox\n|\n|-weather|RainDance|[upkeep]\n|-heal|p1a: Umbreon|91\/100 psn|[from] item: Leftovers\n|-heal|p1b: Vaporeon|51\/100|[from] Aqua Ring\n|-damage|p2b: Milotic|52\/100 tox|[from] psn\n|-damage|p2a: Togekiss|47\/100 tox|[from] psn\n|-damage|p1a: Umbreon|79\/100 psn|[from] psn\n|upkeep\n|turn|9\n|\n|t:|1697041867\n|move|p2b: Milotic|Recover|p2b: Milotic\n|-heal|p2b: Milotic|100\/100 tox\n|move|p2a: Togekiss|Air Slash|p1b: Vaporeon\n|-damage|p1b: Vaporeon|29\/100\n|move|p1a: Umbreon|Foul Play|p2a: Togekiss\n|-resisted|p2a: Togekiss\n|-damage|p2a: Togekiss|42\/100 tox\n|move|p1b: Vaporeon|Curse|p1b: Vaporeon\n|-unboost|p1b: Vaporeon|spe|1\n|-boost|p1b: Vaporeon|atk|1\n|-boost|p1b: Vaporeon|def|1\n|\n|-weather|RainDance|[upkeep]\n|-heal|p1a: Umbreon|85\/100 psn|[from] item: Leftovers\n|-heal|p1b: Vaporeon|35\/100|[from] Aqua Ring\n|-damage|p2b: Milotic|46\/100 tox|[from] psn\n|-damage|p2a: Togekiss|24\/100 tox|[from] psn\n|-damage|p1a: Umbreon|73\/100 psn|[from] psn\n|upkeep\n|turn|10\n|c|\u2606AutumnCookie|Fuckin stall central this is HORRIBLE \/pos\n|\n|t:|1697041921\n|move|p1a: Umbreon|Sucker Punch|p2a: Togekiss\n|-resisted|p2a: Togekiss\n|-damage|p2a: Togekiss|18\/100 tox\n|move|p2b: Milotic|Recover|p2b: Milotic\n|-heal|p2b: Milotic|96\/100 tox\n|move|p2a: Togekiss|Air Slash|p1b: Vaporeon\n|-damage|p1b: Vaporeon|11\/100\n|move|p1b: Vaporeon|Scald|p2a: Togekiss\n|-damage|p2a: Togekiss|0 fnt\n|faint|p2a: Togekiss\n|\n|-weather|RainDance|[upkeep]\n|-heal|p2b: Milotic|100\/100 tox|[from] item: Leftovers\n|-heal|p1a: Umbreon|79\/100 psn|[from] item: Leftovers\n|-heal|p1b: Vaporeon|17\/100|[from] Aqua Ring\n|-damage|p2b: Milotic|40\/100 tox|[from] psn\n|-damage|p1a: Umbreon|66\/100 psn|[from] psn\n|upkeep\n|c|\u2606cassinidivision|milotics death is inevitable yet we stay recovering\n|\n|t:|1697041944\n|switch|p2a: Spiritomb|Spiritomb, F|100\/100\n|turn|11\n|c|\u2606AutumnCookie|SO TRUE\n|c|\u2606AutumnCookie|The hazards are. Horrific.\n|l|\u2606AutumnCookie\n|player|p1|\n|j|\u2606AutumnCookie\n|player|p1|AutumnCookie|penny\n|\n|t:|1697042000\n|move|p2a: Spiritomb|Shadow Sneak|p1b: Vaporeon\n|-damage|p1b: Vaporeon|13\/100\n|move|p2b: Milotic|Recover|p2b: Milotic\n|-heal|p2b: Milotic|90\/100 tox\n|move|p1a: Umbreon|Toxic|p2a: Spiritomb\n|-status|p2a: Spiritomb|tox\n|move|p1b: Vaporeon|Scald|p2a: Spiritomb\n|-damage|p2a: Spiritomb|68\/100 tox\n|\n|-weather|none\n|-heal|p2b: Milotic|96\/100 tox|[from] item: Leftovers\n|-heal|p1a: Umbreon|72\/100 psn|[from] item: Leftovers\n|-heal|p2a: Spiritomb|74\/100 tox|[from] item: Leftovers\n|-heal|p2b: Milotic|100\/100 tox|[from] Aqua Ring\n|-heal|p1b: Vaporeon|19\/100|[from] Aqua Ring\n|-damage|p2b: Milotic|33\/100 tox|[from] psn\n|-damage|p1a: Umbreon|60\/100 psn|[from] psn\n|-damage|p2a: Spiritomb|68\/100 tox|[from] psn\n|upkeep\n|turn|12\n|\n|t:|1697042027\n|move|p2b: Milotic|Recover|p2b: Milotic\n|-heal|p2b: Milotic|83\/100 tox\n|move|p1a: Umbreon|Foul Play|p2a: Spiritomb\n|-damage|p2a: Spiritomb|53\/100 tox\n|move|p2a: Spiritomb|Will-O-Wisp|p1b: Vaporeon\n|-status|p1b: Vaporeon|brn\n|move|p1b: Vaporeon|Rain Dance|p1b: Vaporeon\n|-weather|RainDance\n|\n|-weather|RainDance|[upkeep]\n|-heal|p2b: Milotic|90\/100 tox|[from] item: Leftovers\n|-heal|p1a: Umbreon|66\/100 psn|[from] item: Leftovers\n|-heal|p2a: Spiritomb|59\/100 tox|[from] item: Leftovers\n|-activate|p1b: Vaporeon|ability: Hydration\n|-curestatus|p1b: Vaporeon|brn|[msg]\n|-heal|p2b: Milotic|96\/100 tox|[from] Aqua Ring\n|-heal|p1b: Vaporeon|25\/100|[from] Aqua Ring\n|-damage|p2b: Milotic|23\/100 tox|[from] psn\n|-damage|p1a: Umbreon|54\/100 psn|[from] psn\n|-damage|p2a: Spiritomb|47\/100 tox|[from] psn\n|upkeep\n|turn|13\n|\n|t:|1697042057\n|move|p2b: Milotic|Recover|p2b: Milotic\n|-heal|p2b: Milotic|73\/100 tox\n|move|p1a: Umbreon|Foul Play|p2a: Spiritomb\n|-damage|p2a: Spiritomb|32\/100 tox\n|move|p2a: Spiritomb|Hex|p1b: Vaporeon\n|-damage|p1b: Vaporeon|10\/100\n|move|p1b: Vaporeon|Scald|p2a: Spiritomb\n|-damage|p2a: Spiritomb|0 fnt\n|faint|p2a: Spiritomb\n|\n|-weather|RainDance|[upkeep]\n|-heal|p2b: Milotic|79\/100 tox|[from] item: Leftovers\n|-heal|p1a: Umbreon|60\/100 psn|[from] item: Leftovers\n|-heal|p2b: Milotic|85\/100 tox|[from] Aqua Ring\n|-heal|p1b: Vaporeon|16\/100|[from] Aqua Ring\n|-damage|p2b: Milotic|6\/100 tox|[from] psn\n|-damage|p1a: Umbreon|47\/100 psn|[from] psn\n|upkeep\n|\n|t:|1697042077\n|switch|p2a: Lucario|Lucario, M|100\/100\n|turn|14\n|\n|t:|1697042097\n|move|p2a: Lucario|Aura Sphere|p1b: Vaporeon\n|-damage|p1b: Vaporeon|0 fnt\n|faint|p1b: Vaporeon\n|-damage|p2a: Lucario|91\/100|[from] item: Life Orb\n|move|p2b: Milotic|Surf|p1a: Umbreon|[spread] p2a,p1a\n|-damage|p2a: Lucario|45\/100\n|-damage|p1a: Umbreon|30\/100 psn\n|move|p1a: Umbreon|Moonlight|p1a: Umbreon\n|-heal|p1a: Umbreon|55\/100 psn\n|\n|-weather|RainDance|[upkeep]\n|-heal|p2b: Milotic|12\/100 tox|[from] item: Leftovers\n|-heal|p1a: Umbreon|61\/100 psn|[from] item: Leftovers\n|-heal|p2b: Milotic|18\/100 tox|[from] Aqua Ring\n|-damage|p2b: Milotic|0 fnt|[from] psn\n|faint|p2b: Milotic\n|-damage|p1a: Umbreon|48\/100 psn|[from] psn\n|-sideend|p2: cassinidivision|move: Light Screen\n|upkeep\n|\n|t:|1697042122\n|switch|p2b: Garchomp|Garchomp, F|100\/100\n|switch|p1b: Sylveon|Sylveon, F|100\/100\n|-status|p1b: Sylveon|tox\n|-damage|p1b: Sylveon|84\/100 tox|[from] Spikes\n|turn|15\n|\n|t:|1697042145\n|detailschange|p2b: Garchomp|Garchomp-Mega, F\n|-mega|p2b: Garchomp|Garchomp|Garchompite\n|move|p2b: Garchomp|Stone Edge|p1b: Sylveon\n|-damage|p1b: Sylveon|28\/100 tox\n|move|p2a: Lucario|Aura Sphere|p1a: Umbreon\n|-supereffective|p1a: Umbreon\n|-damage|p1a: Umbreon|1\/100 psn\n|-damage|p2a: Lucario|35\/100|[from] item: Life Orb\n|move|p1a: Umbreon|Toxic|p2b: Garchomp|[miss]\n|-miss|p1a: Umbreon|p2b: Garchomp\n|move|p1b: Sylveon|Wish|p1b: Sylveon\n|\n|-weather|RainDance|[upkeep]\n|-heal|p1a: Umbreon|7\/100 psn|[from] item: Leftovers\n|-damage|p1a: Umbreon|0 fnt|[from] psn\n|faint|p1a: Umbreon\n|-damage|p1b: Sylveon|22\/100 tox|[from] psn\n|-sideend|p2: cassinidivision|Reflect\n|upkeep\n|l|\u2606AutumnCookie\n|player|p1|\n|j|\u2606AutumnCookie\n|player|p1|AutumnCookie|penny\n|\n|t:|1697042185\n|switch|p1a: Leafeon|Leafeon, F|100\/100\n|-status|p1a: Leafeon|tox\n|-damage|p1a: Leafeon|84\/100 tox|[from] Spikes\n|turn|16\n|\n|t:|1697042200\n|move|p1a: Leafeon|Leaf Blade|p2b: Garchomp\n|-damage|p2b: Garchomp|69\/100\n|move|p2b: Garchomp|Swords Dance|p2b: Garchomp\n|-boost|p2b: Garchomp|atk|2\n|move|p2a: Lucario|Meteor Mash|p1b: Sylveon\n|-supereffective|p1b: Sylveon\n|-damage|p1b: Sylveon|0 fnt\n|faint|p1b: Sylveon\n|-damage|p2a: Lucario|25\/100|[from] item: Life Orb\n|\n|-weather|RainDance|[upkeep]\n|-damage|p1a: Leafeon|78\/100 tox|[from] psn\n|upkeep\n|\n|t:|1697042219\n|switch|p1b: Flareon|Flareon, F|100\/100\n|-status|p1b: Flareon|tox\n|-damage|p1b: Flareon|84\/100 tox|[from] Spikes\n|turn|17\n|\n|t:|1697042237\n|move|p1a: Leafeon|Wish|p1a: Leafeon\n|move|p2b: Garchomp|Dragon Rush|p1b: Flareon\n|-damage|p1b: Flareon|0 fnt\n|faint|p1b: Flareon\n|move|p2a: Lucario|Close Combat|p1a: Leafeon\n|-damage|p1a: Leafeon|27\/100 tox\n|-unboost|p2a: Lucario|def|1\n|-unboost|p2a: Lucario|spd|1\n|-damage|p2a: Lucario|15\/100|[from] item: Life Orb\n|\n|-weather|RainDance|[upkeep]\n|-damage|p1a: Leafeon|15\/100 tox|[from] psn\n|upkeep\n|-enditem|p1a: Leafeon|Salac Berry|[eat]\n|-boost|p1a: Leafeon|spe|1|[from] item: Salac Berry\n|\n|t:|1697042252\n|switch|p1b: Jolteon|Jolteon, M|100\/100\n|-status|p1b: Jolteon|tox\n|-damage|p1b: Jolteon|84\/100 tox|[from] Spikes\n|turn|18\n|\n|t:|1697042273\n|move|p1a: Leafeon|Protect|p1a: Leafeon\n|-singleturn|p1a: Leafeon|Protect\n|move|p1b: Jolteon|Signal Beam|p2a: Lucario\n|-resisted|p2a: Lucario\n|-damage|p2a: Lucario|0 fnt\n|faint|p2a: Lucario\n|move|p2b: Garchomp|Dragon Rush|p1b: Jolteon|[miss]\n|-miss|p2b: Garchomp|p1b: Jolteon\n|\n|-weather|RainDance|[upkeep]\n|-heal|p1a: Leafeon|65\/100 tox|[from] move: Wish|[wisher] Leafeon\n|-damage|p1b: Jolteon|78\/100 tox|[from] psn\n|-damage|p1a: Leafeon|48\/100 tox|[from] psn\n|upkeep\n|turn|19\n|\n|t:|1697042320\n|move|p1b: Jolteon|Signal Beam|p2b: Garchomp\n|-damage|p2b: Garchomp|46\/100\n|move|p1a: Leafeon|Leaf Blade|p2b: Garchomp\n|-damage|p2b: Garchomp|16\/100\n|move|p2b: Garchomp|Earthquake|p1b: Jolteon|[spread] p1a,p1b\n|-resisted|p1a: Leafeon\n|-supereffective|p1b: Jolteon\n|-damage|p1a: Leafeon|12\/100 tox\n|-damage|p1b: Jolteon|0 fnt\n|faint|p1b: Jolteon\n|\n|-weather|none\n|-damage|p1a: Leafeon|0 fnt|[from] psn\n|faint|p1a: Leafeon\n|\n|win|cassinidivision\n|upkeep\n|c|\u2606cassinidivision|that was mad close\n|c|\u2606AutumnCookie|YEAH IT WAS\n|c|\u2606cassinidivision|offensive umbreon was a good idea\n|c|\u2606AutumnCookie|Definitely could've played better but I got scared\n|c|\u2606AutumnCookie|Cynthia jumpscare...\n|c|\u2606cassinidivision|wanna go again......\n|c|\u2606AutumnCookie|YEAH\n","uploadtime":1697042388,"views":12,"p1id":"autumncookie","p2id":"cassinidivision","formatid":"gen9nationaldexdoubles","rating":0,"private":0,"password":""}