{"id":"gen9nationaldexdoubles-1957241288","p1":"i2ac","p2":"thehan13","format":"[Gen 9] National Dex Doubles","log":"|j|\u2606i2ac\n|j|\u2606thehan13\n|t:|1696198844\n|gametype|doubles\n|player|p1|i2ac|ethan|\n|player|p2|thehan13|brycenman|\n|teamsize|p1|6\n|teamsize|p2|6\n|gen|9\n|tier|[Gen 9] National Dex Doubles\n|rule|HP Percentage Mod: HP is shown in percentages\n|rule|Endless Battle Clause: Forcing endless battles is banned\n|rule|OHKO Clause: OHKO moves are banned\n|rule|Evasion Moves Clause: Evasion moves are banned\n|rule|Evasion Abilities Clause: Evasion abilities are banned\n|rule|Species Clause: Limit one of each Pok\u00e9mon\n|rule|Gravity Sleep Clause: The combination of sleep-inducing moves with imperfect accuracy and Gravity or Gigantamax Orbeetle are banned\n|clearpoke\n|poke|p1|Grafaiai, F|\n|poke|p1|Slaking, F|\n|poke|p1|Regigigas|\n|poke|p1|Pawmot, M|\n|poke|p1|Ninetales, F|\n|poke|p1|Typhlosion-Hisui, M|\n|poke|p2|Gholdengo|\n|poke|p2|Indeedee-F, F|\n|poke|p2|Espathra, M|\n|poke|p2|Farigiraf, F|\n|poke|p2|Hawlucha, F|\n|poke|p2|Iron Hands|\n|teampreview\n|\n|t:|1696198882\n|start\n|switch|p1a: Grafaiai|Grafaiai, F|100\/100\n|switch|p1b: Slaking|Slaking, F|100\/100\n|switch|p2a: Iron Hands|Iron Hands|100\/100\n|switch|p2b: Gholdengo|Gholdengo|100\/100\n|-item|p1a: Grafaiai|Air Balloon\n|-enditem|p2a: Iron Hands|Booster Energy\n|-activate|p2a: Iron Hands|ability: Quark Drive|[fromitem]\n|-start|p2a: Iron Hands|quarkdriveatk\n|turn|1\n|\n|t:|1696198907\n|move|p2a: Iron Hands|Fake Out|p1a: Grafaiai\n|-damage|p1a: Grafaiai|62\/100\n|-enditem|p1a: Grafaiai|Air Balloon\n|cant|p1a: Grafaiai|flinch\n|move|p1b: Slaking|Earthquake|p2a: Iron Hands|[spread] p1a,p2a,p2b\n|-supereffective|p1a: Grafaiai\n|-supereffective|p2a: Iron Hands\n|-supereffective|p2b: Gholdengo\n|-damage|p1a: Grafaiai|0 fnt\n|-damage|p2a: Iron Hands|59\/100\n|-damage|p2b: Gholdengo|29\/100\n|faint|p1a: Grafaiai\n|move|p2b: Gholdengo|Make It Rain|p1b: Slaking\n|-damage|p1b: Slaking|0 fnt\n|-unboost|p2b: Gholdengo|spa|1\n|faint|p1b: Slaking\n|\n|upkeep\n|\n|t:|1696198930\n|switch|p1a: Ninetales|Ninetales, F|100\/100\n|switch|p1b: Typhlosion|Typhlosion-Hisui, M|100\/100\n|-weather|SunnyDay|[from] ability: Drought|[of] p1a: Ninetales\n|turn|2\n|\n|t:|1696198940\n|switch|p2b: Espathra|Espathra, M|100\/100\n|-end|p2a: Iron Hands|Quark Drive|[silent]\n|switch|p2a: Indeedee|Indeedee-F, F|100\/100\n|-fieldstart|move: Psychic Terrain|[from] ability: Psychic Surge|[of] p2a: Indeedee\n|move|p1b: Typhlosion|Eruption|p2a: Indeedee|[spread] p2a,p2b\n|-damage|p2a: Indeedee|0 fnt\n|-damage|p2b: Espathra|0 fnt\n|faint|p2a: Indeedee\n|faint|p2b: Espathra\n|move|p1a: Ninetales|Heat Wave|p2: Indeedee|[notarget]\n|-fail|p1a: Ninetales\n|\n|-weather|SunnyDay|[upkeep]\n|upkeep\n|\n|t:|1696198952\n|switch|p2b: Iron Hands|Iron Hands|59\/100\n|switch|p2a: Gholdengo|Gholdengo|29\/100\n|turn|3\n|\n|t:|1696198970\n|move|p2b: Iron Hands|Fake Out|p1a: Ninetales\n|-activate|p1a: Ninetales|move: Psychic Terrain\n|move|p1b: Typhlosion|Eruption|p2a: Gholdengo|[spread] p2a,p2b\n|-supereffective|p2a: Gholdengo\n|-damage|p2a: Gholdengo|0 fnt\n|-damage|p2b: Iron Hands|0 fnt\n|faint|p2a: Gholdengo\n|faint|p2b: Iron Hands\n|-end|p2b: Iron Hands|Quark Drive|[silent]\n|move|p1a: Ninetales|Heat Wave|p2: Gholdengo|[notarget]\n|-fail|p1a: Ninetales\n|\n|-weather|SunnyDay|[upkeep]\n|upkeep\n|\n|t:|1696198980\n|switch|p2a: Farigiraf|Farigiraf, F|100\/100\n|switch|p2b: Hawlucha|Hawlucha, F|100\/100\n|turn|4\n|\n|t:|1696198991\n|move|p2b: Hawlucha|Endure|p2b: Hawlucha\n|-singleturn|p2b: Hawlucha|move: Endure\n|move|p1b: Typhlosion|Eruption|p2a: Farigiraf|[spread] p2a,p2b\n|-crit|p2a: Farigiraf\n|-damage|p2a: Farigiraf|0 fnt\n|-activate|p2b: Hawlucha|move: Endure\n|-damage|p2b: Hawlucha|1\/100\n|-enditem|p2b: Hawlucha|Sitrus Berry|[eat]\n|-heal|p2b: Hawlucha|26\/100|[from] item: Sitrus Berry\n|faint|p2a: Farigiraf\n|move|p1a: Ninetales|Heat Wave|p2b: Hawlucha|[miss]\n|-miss|p1a: Ninetales|p2b: Hawlucha\n|\n|-weather|SunnyDay|[upkeep]\n|upkeep\n|turn|5\n|\n|t:|1696199007\n|move|p2b: Hawlucha|Acrobatics|p1b: Typhlosion\n|-damage|p1b: Typhlosion|50\/100\n|move|p1b: Typhlosion|Eruption|p2b: Hawlucha\n|-damage|p2b: Hawlucha|0 fnt\n|faint|p2b: Hawlucha\n|\n|win|i2ac\n","uploadtime":1696199024,"views":5,"p1id":"i2ac","p2id":"thehan13","formatid":"gen9nationaldexdoubles","rating":0,"private":0,"password":""}