{"id":"gen9nationaldexdoubles-1982020911","p1":"Empress_Anna","p2":"vileweaver","format":"[Gen 9] National Dex Doubles","log":"|j|\u2606Empress_Anna\n|j|\u2606vileweaver\n|t:|1698960293\n|gametype|doubles\n|player|p1|Empress_Anna|cheryl|\n|player|p2|vileweaver|silver|\n|teamsize|p1|6\n|teamsize|p2|6\n|gen|9\n|tier|[Gen 9] National Dex Doubles\n|rule|HP Percentage Mod: HP is shown in percentages\n|rule|Endless Battle Clause: Forcing endless battles is banned\n|rule|OHKO Clause: OHKO moves are banned\n|rule|Evasion Moves Clause: Evasion moves are banned\n|rule|Evasion Abilities Clause: Evasion abilities are banned\n|rule|Species Clause: Limit one of each Pok\u00e9mon\n|rule|Gravity Sleep Clause: The combination of sleep-inducing moves with imperfect accuracy and Gravity or Gigantamax Orbeetle are banned\n|clearpoke\n|poke|p1|Eelektross, F|\n|poke|p1|Rotom-Wash|\n|poke|p1|Pincurchin, F|\n|poke|p1|Raichu-Alola, M|\n|poke|p1|Electivire, M|\n|poke|p1|Tapu Koko|\n|poke|p2|Weavile, M|\n|poke|p2|Garchomp, F|\n|poke|p2|Farigiraf, M|\n|poke|p2|Gallade, M|\n|poke|p2|Amoonguss, F|\n|poke|p2|Clefairy, F|\n|teampreview\n|c|\u2606vileweaver|hello there\n|c|\u2606Empress_Anna|gl hf!\n|c|\u2606vileweaver|indeed\n|\n|t:|1698960359\n|start\n|switch|p1a: Tapu Koko|Tapu Koko, shiny|100\/100\n|switch|p1b: Electivire|Electivire, M|100\/100\n|switch|p2a: Punchies|Weavile, M|100\/100\n|switch|p2b: Spitting|Farigiraf, M|100\/100\n|-fieldstart|move: Electric Terrain|[from] ability: Electric Surge|[of] p1a: Tapu Koko\n|-ability|p2a: Punchies|Pressure\n|turn|1\n|\n|t:|1698960409\n|move|p1a: Tapu Koko|Discharge|p2a: Punchies|[spread] p2a,p2b\n|-ability|p1b: Electivire|Motor Drive|boost\n|-boost|p1b: Electivire|spe|1\n|-damage|p2a: Punchies|59\/100\n|-damage|p2b: Spitting|68\/100\n|move|p1b: Electivire|Cross Chop|p2a: Punchies\n|-supereffective|p2a: Punchies\n|-damage|p2a: Punchies|0 fnt\n|faint|p2a: Punchies\n|move|p2b: Spitting|Hyper Voice|p1a: Tapu Koko|[spread] p1a,p1b\n|-damage|p1a: Tapu Koko|51\/100\n|-damage|p1b: Electivire|55\/100\n|\n|upkeep\n|\n|t:|1698960421\n|switch|p2a: Newborn|Clefairy, F|100\/100\n|turn|2\n|\n|t:|1698960448\n|move|p1b: Electivire|Cross Chop|p2b: Spitting|[miss]\n|-miss|p1b: Electivire|p2b: Spitting\n|move|p1a: Tapu Koko|Discharge|p2b: Spitting|[spread] p2a,p2b\n|-ability|p1b: Electivire|Motor Drive|boost\n|-boost|p1b: Electivire|spe|1\n|-damage|p2a: Newborn|80\/100\n|-damage|p2b: Spitting|43\/100\n|move|p2b: Spitting|Hyper Voice|p1b: Electivire|[spread] p1a,p1b\n|-damage|p1a: Tapu Koko|2\/100\n|-damage|p1b: Electivire|6\/100\n|-enditem|p1a: Tapu Koko|Salac Berry|[eat]\n|-boost|p1a: Tapu Koko|spe|1|[from] item: Salac Berry\n|move|p2a: Newborn|Light Screen|p2a: Newborn\n|-sidestart|p2: vileweaver|move: Light Screen\n|\n|upkeep\n|turn|3\n|\n|t:|1698960478\n|move|p1b: Electivire|Cross Chop|p2b: Spitting\n|-damage|p2b: Spitting|17\/100\n|-enditem|p2b: Spitting|Aguav Berry|[eat]\n|-heal|p2b: Spitting|50\/100|[from] item: Aguav Berry\n|move|p1a: Tapu Koko|Discharge|p2b: Spitting|[spread] p2a,p2b\n|-ability|p1b: Electivire|Motor Drive|boost\n|-boost|p1b: Electivire|spe|1\n|-damage|p2a: Newborn|64\/100\n|-damage|p2b: Spitting|33\/100\n|move|p2b: Spitting|Hyper Voice|p1b: Electivire|[spread] p1a,p1b\n|-damage|p1a: Tapu Koko|0 fnt\n|-damage|p1b: Electivire|0 fnt\n|faint|p1a: Tapu Koko\n|faint|p1b: Electivire\n|move|p2a: Newborn|Reflect|p2a: Newborn\n|-sidestart|p2: vileweaver|Reflect\n|\n|upkeep\n|\n|t:|1698960498\n|switch|p1a: Raichu|Raichu-Alola, M|100\/100\n|switch|p1b: Rotom|Rotom-Wash|100\/100\n|turn|4\n|\n|t:|1698960529\n|switch|p2b: Peekaboo|Garchomp, F|100\/100\n|move|p1a: Raichu|Rising Voltage|p2b: Peekaboo\n|-immune|p2b: Peekaboo\n|move|p1b: Rotom|Light Screen|p1b: Rotom\n|-sidestart|p1: Empress_Anna|move: Light Screen\n|move|p2a: Newborn|Soft-Boiled|p2a: Newborn\n|-heal|p2a: Newborn|100\/100\n|\n|upkeep\n|turn|5\n|\n|t:|1698960565\n|-terastallize|p1a: Raichu|Water\n|move|p1a: Raichu|Draining Kiss|p2b: Peekaboo\n|-supereffective|p2b: Peekaboo\n|-damage|p2b: Peekaboo|85\/100\n|-damage|p1a: Raichu|88\/100|[from] ability: Rough Skin|[of] p2b: Peekaboo\n|move|p2b: Peekaboo|Toxic|p1a: Raichu|[miss]\n|-miss|p2b: Peekaboo|p1a: Raichu\n|move|p1b: Rotom|Will-O-Wisp|p2b: Peekaboo\n|-status|p2b: Peekaboo|brn\n|move|p2a: Newborn|Heal Bell|p2a: Newborn\n|-activate|p2a: Newborn|move: Heal Bell\n|-curestatus|p2b: Peekaboo|brn|[msg]\n|\n|-fieldend|move: Electric Terrain\n|upkeep\n|turn|6\n|\n|t:|1698960592\n|switch|p1b: Eelektross|Eelektross, F|100\/100\n|move|p1a: Raichu|Rising Voltage|p2a: Newborn\n|-damage|p2a: Newborn|86\/100\n|move|p2b: Peekaboo|Hone Claws|p2b: Peekaboo\n|-boost|p2b: Peekaboo|atk|1\n|-boost|p2b: Peekaboo|accuracy|1\n|move|p2a: Newborn|Heal Bell||[still]\n|-activate|p2a: Newborn|move: Heal Bell\n|-fail|p2a: Newborn\n|\n|-sideend|p2: vileweaver|move: Light Screen\n|upkeep\n|turn|7\n|\n|t:|1698960614\n|switch|p1b: Pincurchin|Pincurchin, F|100\/100\n|-fieldstart|move: Electric Terrain|[from] ability: Electric Surge|[of] p1b: Pincurchin\n|move|p1a: Raichu|Rising Voltage|p2a: Newborn\n|-hint|Rising Voltage's BP doubled on grounded target.\n|-damage|p2a: Newborn|32\/100\n|move|p2b: Peekaboo|Hone Claws|p2b: Peekaboo\n|-boost|p2b: Peekaboo|atk|1\n|-boost|p2b: Peekaboo|accuracy|1\n|move|p2a: Newborn|Light Screen|p2a: Newborn\n|-sidestart|p2: vileweaver|move: Light Screen\n|\n|-sideend|p2: vileweaver|Reflect\n|upkeep\n|turn|8\n|\n|t:|1698960637\n|move|p1a: Raichu|Rising Voltage|p2a: Newborn\n|-hint|Rising Voltage's BP doubled on grounded target.\n|-damage|p2a: Newborn|0 fnt\n|faint|p2a: Newborn\n|move|p2b: Peekaboo|Body Slam|p1a: Raichu\n|-damage|p1a: Raichu|0 fnt\n|faint|p1a: Raichu\n|move|p1b: Pincurchin|Hydro Pump|p2b: Peekaboo\n|-damage|p2b: Peekaboo|68\/100\n|\n|-sideend|p1: Empress_Anna|move: Light Screen\n|upkeep\n|\n|t:|1698960655\n|switch|p1a: Eelektross|Eelektross, F|100\/100\n|switch|p2a: Butcher|Gallade, M|100\/100\n|turn|9\n|\n|t:|1698960691\n|move|p2b: Peekaboo|Stone Edge|p1a: Eelektross\n|-damage|p1a: Eelektross|27\/100\n|move|p2a: Butcher|Sacred Sword|p1a: Eelektross\n|-damage|p1a: Eelektross|0 fnt\n|faint|p1a: Eelektross\n|move|p1b: Pincurchin|Hydro Pump|p2b: Peekaboo\n|-damage|p2b: Peekaboo|52\/100\n|\n|upkeep\n|c|\u2606Empress_Anna|ggs\n|\n|t:|1698960701\n|switch|p1a: Rotom|Rotom-Wash|100\/100\n|turn|10\n|\n|t:|1698960727\n|move|p2b: Peekaboo|Body Slam|p1a: Rotom\n|-damage|p1a: Rotom|39\/100\n|move|p2a: Butcher|Sacred Sword|p1a: Rotom\n|-crit|p1a: Rotom\n|-damage|p1a: Rotom|0 fnt\n|faint|p1a: Rotom\n|move|p1b: Pincurchin|Hydro Pump|p2b: Peekaboo\n|-damage|p2b: Peekaboo|36\/100\n|\n|upkeep\n|turn|11\n|c|\u2606vileweaver|gg I had fun\n|\n|t:|1698960753\n|move|p2b: Peekaboo|Toxic|p1b: Pincurchin\n|-status|p1b: Pincurchin|tox\n|move|p2a: Butcher|Triple Axel|p1b: Pincurchin\n|-damage|p1b: Pincurchin|93\/100 tox\n|-damage|p1b: Pincurchin|79\/100 tox\n|-damage|p1b: Pincurchin|56\/100 tox\n|-hitcount|p1b: Pincurchin|3\n|move|p1b: Pincurchin|Hydro Pump|p2b: Peekaboo\n|-damage|p2b: Peekaboo|20\/100\n|\n|-damage|p1b: Pincurchin|50\/100 tox|[from] psn\n|-sideend|p2: vileweaver|move: Light Screen\n|upkeep\n|turn|12\n|c|\u2606Empress_Anna|yeh, i gotta swap to singles\n|c|\u2606Empress_Anna|ggs\n|\n|t:|1698960773\n|move|p2b: Peekaboo|Body Slam|p1b: Pincurchin\n|-damage|p1b: Pincurchin|0 fnt\n|faint|p1b: Pincurchin\n|\n|win|vileweaver\n|c|\u2606vileweaver|doubles is more fun hehe\n|c|\u2606vileweaver|I forgot how fun doubles is\n|c|\u2606Empress_Anna|it is fun\n|c|\u2606vileweaver|okie thanks for the game\n|c|\u2606vileweaver|what do I win a badge\n|c|\u2606Empress_Anna|i just suck, and most common doubles strats counter elec lol\n|c|\u2606Empress_Anna|yes u get a badge\n","uploadtime":1698960787,"views":6,"p1id":"empressanna","p2id":"vileweaver","formatid":"gen9nationaldexdoubles","rating":0,"private":0,"password":""}