{"id":"gen9nationaldexdoubles-1966513977","p1":"TecAVR","p2":"Striker Gaming","format":"[Gen 9] National Dex Doubles","log":"|j|\u2606TecAVR\n|j|\u2606Striker Gaming\n|t:|1697197886\n|gametype|doubles\n|player|p1|TecAVR|steven|\n|player|p2|Striker Gaming|veteran|\n|teamsize|p1|6\n|teamsize|p2|6\n|gen|9\n|tier|[Gen 9] National Dex Doubles\n|rule|HP Percentage Mod: HP is shown in percentages\n|rule|Endless Battle Clause: Forcing endless battles is banned\n|rule|OHKO Clause: OHKO moves are banned\n|rule|Evasion Moves Clause: Evasion moves are banned\n|rule|Evasion Abilities Clause: Evasion abilities are banned\n|rule|Species Clause: Limit one of each Pok\u00e9mon\n|rule|Gravity Sleep Clause: The combination of sleep-inducing moves with imperfect accuracy and Gravity or Gigantamax Orbeetle are banned\n|clearpoke\n|poke|p1|Raichu, F|\n|poke|p1|Suicune|\n|poke|p1|Heatran, M|\n|poke|p1|Golurk|\n|poke|p1|Gardevoir, M|\n|poke|p1|Dragonite, M|\n|poke|p2|Kommo-o, M|\n|poke|p2|Swoobat, M|\n|poke|p2|Flamigo, F|\n|poke|p2|Sylveon, F|\n|poke|p2|Cresselia, F|\n|poke|p2|Snorlax, M|\n|teampreview\n|\n|t:|1697197895\n|start\n|switch|p1a: Raichu|Raichu, F|100\/100\n|switch|p1b: Dragonite|Dragonite, M|100\/100\n|switch|p2a: Honor's End|Kommo-o, M|100\/100\n|switch|p2b: Oops|Swoobat, M, shiny|100\/100\n|turn|1\n|\n|t:|1697197923\n|move|p1a: Raichu|Fake Out|p2b: Oops\n|-damage|p2b: Oops|83\/100\n|cant|p2b: Oops|flinch\n|move|p1b: Dragonite|Dragon Claw|p2a: Honor's End\n|-supereffective|p2a: Honor's End\n|-damage|p2a: Honor's End|31\/100\n|-zpower|p2a: Honor's End\n|move|p2a: Honor's End|Clangorous Soulblaze|p1a: Raichu|[zeffect]|[spread] p1a,p1b\n|-supereffective|p1b: Dragonite\n|-damage|p1a: Raichu|5\/100\n|-damage|p1b: Dragonite|46\/100\n|-boost|p2a: Honor's End|atk|1\n|-boost|p2a: Honor's End|def|1\n|-boost|p2a: Honor's End|spa|1\n|-boost|p2a: Honor's End|spd|1\n|-boost|p2a: Honor's End|spe|1\n|\n|-heal|p1b: Dragonite|52\/100|[from] item: Leftovers\n|upkeep\n|turn|2\n|\n|t:|1697197950\n|move|p1b: Dragonite|Extreme Speed|p2a: Honor's End\n|-damage|p2a: Honor's End|16\/100\n|move|p2b: Oops|Light Screen|p2b: Oops\n|-sidestart|p2: Striker Gaming|move: Light Screen\n|move|p2a: Honor's End|Boomburst|p1a: Raichu|[spread] p2b,p1a,p1b\n|-damage|p2b: Oops|16\/100\n|-damage|p1a: Raichu|0 fnt\n|-damage|p1b: Dragonite|7\/100\n|faint|p1a: Raichu\n|\n|-heal|p1b: Dragonite|13\/100|[from] item: Leftovers\n|upkeep\n|\n|t:|1697197955\n|switch|p1a: Suicune|Suicune|100\/100\n|-ability|p1a: Suicune|Pressure\n|turn|3\n|\n|t:|1697197970\n|switch|p2b: Flamigo|Flamigo, F|100\/100\n|-copyboost|p2b: Flamigo|p2a: Honor's End|[from] ability: Costar\n|move|p1b: Dragonite|Extreme Speed|p2a: Honor's End\n|-damage|p2a: Honor's End|0 fnt\n|faint|p2a: Honor's End\n|move|p1a: Suicune|Snarl|p2b: Flamigo\n|-resisted|p2b: Flamigo\n|-crit|p2b: Flamigo\n|-damage|p2b: Flamigo|80\/100\n|-unboost|p2b: Flamigo|spa|1\n|\n|-heal|p1b: Dragonite|19\/100|[from] item: Leftovers\n|upkeep\n|\n|t:|1697197989\n|switch|p2a: Cresselia|Cresselia, F|100\/100\n|turn|4\n|\n|t:|1697197999\n|move|p2b: Flamigo|Brave Bird|p1b: Dragonite\n|-damage|p1b: Dragonite|0 fnt\n|faint|p1b: Dragonite\n|-damage|p2b: Flamigo|72\/100|[from] Recoil\n|-damage|p2b: Flamigo|62\/100|[from] item: Life Orb\n|move|p2a: Cresselia|Psych Up|p2b: Flamigo\n|-copyboost|p2a: Cresselia|p2b: Flamigo|[from] move: Psych Up\n|move|p1a: Suicune|Roar|p2b: Flamigo\n|drag|p2b: Cyan|Sylveon, F, shiny|100\/100\n|\n|upkeep\n|\n|t:|1697198023\n|switch|p1b: Gardevoir|Gardevoir, M|100\/100\n|turn|5\n|\n|t:|1697198050\n|move|p2a: Cresselia|Stored Power|p1a: Suicune\n|-damage|p1a: Suicune|72\/100\n|move|p1a: Suicune|Snarl|p2b: Cyan|[spread] p2a,p2b\n|-supereffective|p2a: Cresselia\n|-resisted|p2b: Cyan\n|-damage|p2a: Cresselia|94\/100\n|-damage|p2b: Cyan|98\/100\n|-unboost|p2a: Cresselia|spa|1\n|-unboost|p2b: Cyan|spa|1\n|move|p1b: Gardevoir|Hypnosis|p2b: Cyan|[miss]\n|-miss|p1b: Gardevoir|p2b: Cyan\n|move|p2b: Cyan|Psych Up|p2a: Cresselia\n|-copyboost|p2b: Cyan|p2a: Cresselia|[from] move: Psych Up\n|\n|-heal|p2a: Cresselia|99\/100|[from] item: Leftovers\n|-heal|p2b: Cyan|100\/100|[from] item: Leftovers\n|upkeep\n|turn|6\n|\n|t:|1697198070\n|move|p2a: Cresselia|Dazzling Gleam|p1b: Gardevoir|[spread] p1a,p1b\n|-damage|p1a: Suicune|65\/100\n|-damage|p1b: Gardevoir|90\/100\n|move|p2b: Cyan|Skill Swap|p2a: Cresselia\n|-activate|p2b: Cyan|move: Skill Swap|||[of] p2a: Cresselia\n|move|p1a: Suicune|Snarl|p2a: Cresselia|[spread] p2a,p2b\n|-supereffective|p2a: Cresselia\n|-resisted|p2b: Cyan\n|-damage|p2a: Cresselia|94\/100\n|-damage|p2b: Cyan|99\/100\n|-unboost|p2a: Cresselia|spa|1\n|-unboost|p2b: Cyan|spa|1\n|move|p1b: Gardevoir|Hypnosis|p2a: Cresselia\n|-status|p2a: Cresselia|slp|[from] move: Hypnosis\n|\n|-heal|p2a: Cresselia|99\/100 slp|[from] item: Leftovers\n|-heal|p2b: Cyan|100\/100|[from] item: Leftovers\n|-sideend|p2: Striker Gaming|move: Light Screen\n|upkeep\n|turn|7\n|\n|t:|1697198088\n|switch|p2b: Flamigo|Flamigo, F|62\/100\n|-copyboost|p2b: Flamigo|p2a: Cresselia|[from] ability: Costar\n|cant|p2a: Cresselia|slp\n|move|p1a: Suicune|Icy Wind|p2a: Cresselia|[spread] p2b\n|-miss|p1a: Suicune|p2a: Cresselia\n|-supereffective|p2b: Flamigo\n|-damage|p2b: Flamigo|36\/100\n|-unboost|p2b: Flamigo|spe|1\n|move|p1b: Gardevoir|Moonblast|p2b: Flamigo\n|-supereffective|p2b: Flamigo\n|-damage|p2b: Flamigo|0 fnt\n|faint|p2b: Flamigo\n|\n|-heal|p2a: Cresselia|100\/100 slp|[from] item: Leftovers\n|upkeep\n|\n|t:|1697198104\n|switch|p2b: Snorlax|Snorlax, M|100\/100\n|turn|8\n|\n|t:|1697198117\n|cant|p2a: Cresselia|slp\n|move|p1b: Gardevoir|Moonblast|p2b: Snorlax\n|-damage|p2b: Snorlax|70\/100\n|move|p1a: Suicune|Scald|p2b: Snorlax\n|-damage|p2b: Snorlax|50\/100\n|-enditem|p2b: Snorlax|Aguav Berry|[eat]\n|-heal|p2b: Snorlax|84\/100|[from] item: Aguav Berry\n|move|p2b: Snorlax|Psych Up|p2a: Cresselia\n|-copyboost|p2b: Snorlax|p2a: Cresselia|[from] move: Psych Up\n|\n|upkeep\n|turn|9\n|\n|t:|1697198137\n|cant|p2a: Cresselia|slp\n|move|p1a: Suicune|Icy Wind|p2b: Snorlax|[spread] p2a,p2b\n|-damage|p2a: Cresselia|95\/100 slp\n|-damage|p2b: Snorlax|79\/100\n|-unboost|p2a: Cresselia|spe|1\n|-unboost|p2b: Snorlax|spe|1\n|move|p1b: Gardevoir|Moonblast|p2b: Snorlax\n|-damage|p2b: Snorlax|58\/100\n|-unboost|p2b: Snorlax|spa|1\n|move|p2b: Snorlax|Return|p1b: Gardevoir\n|-damage|p1b: Gardevoir|0 fnt\n|faint|p1b: Gardevoir\n|\n|-heal|p2a: Cresselia|100\/100 slp|[from] item: Leftovers\n|upkeep\n|\n|t:|1697198140\n|switch|p1b: Heatran|Heatran, M|100\/100\n|-item|p1b: Heatran|Air Balloon\n|turn|10\n|\n|t:|1697198185\n|switch|p1a: Golurk|Golurk|100\/100\n|-curestatus|p2a: Cresselia|slp|[msg]\n|move|p2a: Cresselia|Dazzling Gleam|p1a: Golurk|[spread] p1a,p1b\n|-resisted|p1b: Heatran\n|-damage|p1a: Golurk|92\/100\n|-damage|p1b: Heatran|99\/100\n|-enditem|p1b: Heatran|Air Balloon\n|move|p1b: Heatran|Flash Cannon|p2a: Cresselia\n|-crit|p2a: Cresselia\n|-damage|p2a: Cresselia|59\/100\n|move|p2b: Snorlax|Earthquake|p1b: Heatran|[spread] p2a,p1a,p1b\n|-supereffective|p1b: Heatran\n|-damage|p2a: Cresselia|46\/100\n|-damage|p1a: Golurk|64\/100\n|-damage|p1b: Heatran|3\/100\n|\n|-heal|p2a: Cresselia|52\/100|[from] item: Leftovers\n|upkeep\n|turn|11\n|\n|t:|1697198207\n|move|p1b: Heatran|Protect|p1b: Heatran\n|-singleturn|p1b: Heatran|Protect\n|move|p2a: Cresselia|Dazzling Gleam|p1a: Golurk|[spread] p1a\n|-activate|p1b: Heatran|move: Protect\n|-damage|p1a: Golurk|55\/100\n|move|p1a: Golurk|Dynamic Punch|p2b: Snorlax\n|-supereffective|p2b: Snorlax\n|-damage|p2b: Snorlax|28\/100\n|-start|p2b: Snorlax|confusion\n|-activate|p2b: Snorlax|confusion\n|-damage|p2b: Snorlax|21\/100|[from] confusion\n|\n|-heal|p2a: Cresselia|58\/100|[from] item: Leftovers\n|upkeep\n|turn|12\n|\n|t:|1697198243\n|move|p2a: Cresselia|Power Gem|p1b: Heatran\n|-damage|p1b: Heatran|0 fnt\n|faint|p1b: Heatran\n|move|p1a: Golurk|Dynamic Punch|p2b: Snorlax\n|-supereffective|p2b: Snorlax\n|-damage|p2b: Snorlax|0 fnt\n|faint|p2b: Snorlax\n|\n|-heal|p2a: Cresselia|64\/100|[from] item: Leftovers\n|upkeep\n|\n|t:|1697198253\n|switch|p1b: Suicune|Suicune|65\/100\n|switch|p2b: Cyan|Sylveon, F, shiny|100\/100\n|-ability|p1b: Suicune|Pressure\n|turn|13\n|\n|t:|1697198285\n|move|p1b: Suicune|Snarl|p2a: Cresselia|[spread] p2a,p2b\n|-supereffective|p2a: Cresselia\n|-resisted|p2b: Cyan\n|-damage|p2a: Cresselia|54\/100\n|-damage|p2b: Cyan|96\/100\n|-unboost|p2a: Cresselia|spa|1\n|-unboost|p2b: Cyan|spa|1\n|move|p2a: Cresselia|Stored Power|p1b: Suicune\n|-damage|p1b: Suicune|56\/100\n|move|p2b: Cyan|Shadow Ball|p1a: Golurk\n|-supereffective|p1a: Golurk\n|-damage|p1a: Golurk|21\/100\n|-enditem|p1a: Golurk|Weakness Policy\n|-boost|p1a: Golurk|atk|2|[from] item: Weakness Policy\n|-boost|p1a: Golurk|spa|2|[from] item: Weakness Policy\n|move|p1a: Golurk|Stone Edge|p2b: Cyan\n|-damage|p2b: Cyan|27\/100\n|\n|-heal|p2a: Cresselia|60\/100|[from] item: Leftovers\n|-heal|p2b: Cyan|33\/100|[from] item: Leftovers\n|upkeep\n|turn|14\n|\n|t:|1697198340\n|-terastallize|p1a: Golurk|Ground\n|move|p1b: Suicune|Icy Wind|p2b: Cyan|[spread] p2a,p2b\n|-damage|p2a: Cresselia|55\/100\n|-damage|p2b: Cyan|25\/100\n|-unboost|p2a: Cresselia|spe|1\n|-unboost|p2b: Cyan|spe|1\n|move|p1a: Golurk|Dynamic Punch|p2b: Cyan\n|-resisted|p2b: Cyan\n|-damage|p2b: Cyan|0 fnt\n|faint|p2b: Cyan\n|move|p2a: Cresselia|Stored Power|p1a: Golurk\n|-damage|p1a: Golurk|6\/100\n|\n|-heal|p2a: Cresselia|62\/100|[from] item: Leftovers\n|upkeep\n|\n|t:|1697198350\n|switch|p2b: Oops|Swoobat, M, shiny|16\/100\n|turn|15\n|\n|t:|1697198367\n|move|p2b: Oops|Heat Wave|p1b: Suicune|[spread] p1a,p1b\n|-resisted|p1b: Suicune\n|-damage|p1a: Golurk|0 fnt\n|-damage|p1b: Suicune|51\/100\n|faint|p1a: Golurk\n|move|p1b: Suicune|Icy Wind|p2a: Cresselia|[spread] p2a,p2b\n|-supereffective|p2b: Oops\n|-damage|p2a: Cresselia|57\/100\n|-damage|p2b: Oops|0 fnt\n|-unboost|p2a: Cresselia|spe|1\n|faint|p2b: Oops\n|move|p2a: Cresselia|Dazzling Gleam|p1b: Suicune\n|-damage|p1b: Suicune|44\/100\n|\n|-heal|p2a: Cresselia|63\/100|[from] item: Leftovers\n|upkeep\n|turn|16\n|\n|t:|1697198378\n|-terastallize|p2a: Cresselia|Psychic\n|move|p1b: Suicune|Snarl|p2a: Cresselia\n|-supereffective|p2a: Cresselia\n|-damage|p2a: Cresselia|50\/100\n|-unboost|p2a: Cresselia|spa|1\n|move|p2a: Cresselia|Stored Power|p1b: Suicune\n|-damage|p1b: Suicune|32\/100\n|\n|-heal|p2a: Cresselia|56\/100|[from] item: Leftovers\n|upkeep\n|turn|17\n|\n|t:|1697198388\n|move|p1b: Suicune|Scald|p2a: Cresselia\n|-damage|p2a: Cresselia|42\/100\n|move|p2a: Cresselia|Stored Power|p1b: Suicune\n|-damage|p1b: Suicune|22\/100\n|-enditem|p1b: Suicune|Mago Berry|[eat]\n|-heal|p1b: Suicune|55\/100|[from] item: Mago Berry\n|\n|-heal|p2a: Cresselia|48\/100|[from] item: Leftovers\n|upkeep\n|turn|18\n|\n|t:|1697198409\n|move|p1b: Suicune|Scald|p2a: Cresselia\n|-damage|p2a: Cresselia|35\/100\n|move|p2a: Cresselia|Stored Power|p1b: Suicune\n|-damage|p1b: Suicune|45\/100\n|\n|-heal|p2a: Cresselia|41\/100|[from] item: Leftovers\n|upkeep\n|turn|19\n|\n|t:|1697198414\n|move|p1b: Suicune|Scald|p2a: Cresselia\n|-damage|p2a: Cresselia|25\/100\n|move|p2a: Cresselia|Stored Power|p1b: Suicune\n|-damage|p1b: Suicune|34\/100\n|\n|-heal|p2a: Cresselia|32\/100|[from] item: Leftovers\n|upkeep\n|turn|20\n|\n|t:|1697198418\n|move|p1b: Suicune|Scald|p2a: Cresselia\n|-damage|p2a: Cresselia|17\/100\n|-status|p2a: Cresselia|brn\n|move|p2a: Cresselia|Stored Power|p1b: Suicune\n|-damage|p1b: Suicune|23\/100\n|\n|-heal|p2a: Cresselia|23\/100 brn|[from] item: Leftovers\n|-damage|p2a: Cresselia|17\/100 brn|[from] brn\n|upkeep\n|turn|21\n|\n|t:|1697198421\n|move|p1b: Suicune|Snarl|p2a: Cresselia\n|-supereffective|p2a: Cresselia\n|-damage|p2a: Cresselia|4\/100 brn\n|-unboost|p2a: Cresselia|spa|1\n|move|p2a: Cresselia|Stored Power|p1b: Suicune\n|-damage|p1b: Suicune|14\/100\n|\n|-heal|p2a: Cresselia|10\/100 brn|[from] item: Leftovers\n|-damage|p2a: Cresselia|4\/100 brn|[from] brn\n|upkeep\n|turn|22\n|\n|t:|1697198430\n|move|p1b: Suicune|Icy Wind|p2a: Cresselia\n|-damage|p2a: Cresselia|0 fnt\n|faint|p2a: Cresselia\n|\n|win|TecAVR\n|l|\u2606TecAVR\n|l|\u2606Striker Gaming\n|j|\u2606TecAVR\n|player|p1|TecAVR|steven\n","uploadtime":1697198461,"views":12,"p1id":"tecavr","p2id":"strikergaming","formatid":"gen9nationaldexdoubles","rating":0,"private":0,"password":""}