{"id":"gen9nationaldexdoubles-1987296311","p1":"the maraculous","p2":"OilCompany3000","format":"[Gen 9] National Dex Doubles","log":"|j|\u2606the maraculous\n|j|\u2606OilCompany3000\n|t:|1699574412\n|gametype|doubles\n|player|p1|the maraculous|dragontamer|1365\n|player|p2|OilCompany3000|unknown|1389\n|teamsize|p1|6\n|teamsize|p2|6\n|gen|9\n|tier|[Gen 9] National Dex Doubles\n|rated|\n|rule|HP Percentage Mod: HP is shown in percentages\n|rule|Endless Battle Clause: Forcing endless battles is banned\n|rule|OHKO Clause: OHKO moves are banned\n|rule|Evasion Moves Clause: Evasion moves are banned\n|rule|Evasion Abilities Clause: Evasion abilities are banned\n|rule|Species Clause: Limit one of each Pok\u00e9mon\n|rule|Gravity Sleep Clause: The combination of sleep-inducing moves with imperfect accuracy and Gravity or Gigantamax Orbeetle are banned\n|clearpoke\n|poke|p1|Xurkitree|\n|poke|p1|Iron Valiant|\n|poke|p1|Chandelure, M|\n|poke|p1|Landorus-Therian, M|\n|poke|p1|Kartana|\n|poke|p1|Farigiraf, M|\n|poke|p2|Guzzlord|\n|poke|p2|Diancie|\n|poke|p2|Latios, M|\n|poke|p2|Cresselia, F|\n|poke|p2|Stakataka|\n|poke|p2|Incineroar, F|\n|teampreview\n|\n|t:|1699574470\n|start\n|switch|p1a: Chandelure|Chandelure, M|100\/100\n|switch|p1b: Landorus|Landorus-Therian, M|100\/100\n|switch|p2a: Hom3 Invasion|Guzzlord|100\/100\n|switch|p2b: Billy Not Really|Latios, M|100\/100\n|-ability|p1b: Landorus|Intimidate|boost\n|-unboost|p2a: Hom3 Invasion|atk|1\n|-unboost|p2b: Billy Not Really|atk|1\n|-item|p1a: Chandelure|Air Balloon\n|turn|1\n|\n|t:|1699574502\n|detailschange|p2b: Billy Not Really|Latios-Mega, M\n|-mega|p2b: Billy Not Really|Latios|Latiosite\n|move|p2b: Billy Not Really|Simple Beam|p2a: Hom3 Invasion\n|-endability|p2a: Hom3 Invasion|Beast Boost|[from] move: Simple Beam\n|-ability|p2a: Hom3 Invasion|Simple|[from] move: Simple Beam\n|move|p1b: Landorus|U-turn|p2b: Billy Not Really\n|-supereffective|p2b: Billy Not Really\n|-damage|p2b: Billy Not Really|35\/100\n|\n|t:|1699574510\n|switch|p1b: Iron Valiant|Iron Valiant|100\/100|[from] U-turn\n|move|p1a: Chandelure|Imprison|p1a: Chandelure\n|-start|p1a: Chandelure|move: Imprison\n|move|p2a: Hom3 Invasion|Stockpile|p2a: Hom3 Invasion\n|-start|p2a: Hom3 Invasion|stockpile1\n|-boost|p2a: Hom3 Invasion|def|2\n|-boost|p2a: Hom3 Invasion|spd|2\n|\n|upkeep\n|turn|2\n|\n|t:|1699574523\n|-terastallize|p2a: Hom3 Invasion|Steel\n|move|p1b: Iron Valiant|Moonblast|p2a: Hom3 Invasion\n|-resisted|p2a: Hom3 Invasion\n|-damage|p2a: Hom3 Invasion|90\/100\n|-damage|p1b: Iron Valiant|91\/100|[from] item: Life Orb\n|move|p2b: Billy Not Really|Psychic|p1b: Iron Valiant\n|-supereffective|p1b: Iron Valiant\n|-damage|p1b: Iron Valiant|0 fnt\n|faint|p1b: Iron Valiant\n|-end|p1b: Iron Valiant|Quark Drive|[silent]\n|move|p1a: Chandelure|Shadow Ball|p2b: Billy Not Really\n|-supereffective|p2b: Billy Not Really\n|-damage|p2b: Billy Not Really|0 fnt\n|faint|p2b: Billy Not Really\n|move|p2a: Hom3 Invasion|Stockpile|p2a: Hom3 Invasion\n|-start|p2a: Hom3 Invasion|stockpile2\n|-boost|p2a: Hom3 Invasion|def|2\n|-boost|p2a: Hom3 Invasion|spd|2\n|\n|-heal|p2a: Hom3 Invasion|96\/100|[from] item: Leftovers\n|upkeep\n|\n|t:|1699574539\n|switch|p1b: Kartana|Kartana|100\/100\n|switch|p2b: BUBBLES BURIED|Cresselia, F|100\/100\n|turn|3\n|\n|t:|1699574563\n|move|p1b: Kartana|Sacred Sword|p2b: BUBBLES BURIED\n|-resisted|p2b: BUBBLES BURIED\n|-damage|p2b: BUBBLES BURIED|90\/100\n|move|p1a: Chandelure|Flamethrower|p2b: BUBBLES BURIED\n|-damage|p2b: BUBBLES BURIED|55\/100\n|move|p2b: BUBBLES BURIED|Psychic|p1a: Chandelure\n|-damage|p1a: Chandelure|73\/100\n|-enditem|p1a: Chandelure|Air Balloon\n|move|p2a: Hom3 Invasion|Stockpile|p2a: Hom3 Invasion\n|-start|p2a: Hom3 Invasion|stockpile3\n|-boost|p2a: Hom3 Invasion|def|2\n|-boost|p2a: Hom3 Invasion|spd|2\n|\n|-heal|p2a: Hom3 Invasion|100\/100|[from] item: Leftovers\n|upkeep\n|turn|4\n|\n|t:|1699574575\n|move|p2b: BUBBLES BURIED|Helping Hand|p2a: Hom3 Invasion\n|-singleturn|p2a: Hom3 Invasion|Helping Hand|[of] p2b: BUBBLES BURIED\n|move|p1b: Kartana|Sacred Sword|p2a: Hom3 Invasion\n|-supereffective|p2a: Hom3 Invasion\n|-damage|p2a: Hom3 Invasion|52\/100\n|move|p1a: Chandelure|Flamethrower|p2a: Hom3 Invasion\n|-supereffective|p2a: Hom3 Invasion\n|-damage|p2a: Hom3 Invasion|32\/100\n|move|p2a: Hom3 Invasion|Body Press|p1b: Kartana\n|-supereffective|p1b: Kartana\n|-enditem|p1b: Kartana|Focus Sash\n|-damage|p1b: Kartana|1\/100\n|\n|-heal|p2a: Hom3 Invasion|38\/100|[from] item: Leftovers\n|upkeep\n|turn|5\n|\n|t:|1699574592\n|move|p2a: Hom3 Invasion|Protect|p2a: Hom3 Invasion\n|-singleturn|p2a: Hom3 Invasion|Protect\n|move|p1b: Kartana|Sacred Sword|p2a: Hom3 Invasion\n|-activate|p2a: Hom3 Invasion|move: Protect\n|move|p1a: Chandelure|Shadow Ball|p2b: BUBBLES BURIED\n|-supereffective|p2b: BUBBLES BURIED\n|-damage|p2b: BUBBLES BURIED|0 fnt\n|faint|p2b: BUBBLES BURIED\n|\n|-heal|p2a: Hom3 Invasion|44\/100|[from] item: Leftovers\n|upkeep\n|\n|t:|1699574605\n|switch|p2b: SCSA|Incineroar, F|100\/100\n|-ability|p2b: SCSA|Intimidate|boost\n|-unboost|p1a: Chandelure|atk|1\n|-unboost|p1b: Kartana|atk|1\n|turn|6\n|\n|t:|1699574614\n|switch|p1a: Farigiraf|Farigiraf, M|100\/100\n|move|p2b: SCSA|Fake Out||[still]\n|cant|p1a: Farigiraf|ability: Armor Tail|Fake Out|[of] p2b: SCSA\n|move|p1b: Kartana|Sacred Sword|p2a: Hom3 Invasion\n|-supereffective|p2a: Hom3 Invasion\n|-damage|p2a: Hom3 Invasion|10\/100\n|move|p2a: Hom3 Invasion|Snarl|p1b: Kartana|[spread] p1a,p1b\n|-supereffective|p1a: Farigiraf\n|-damage|p1a: Farigiraf|72\/100\n|-damage|p1b: Kartana|0 fnt\n|-unboost|p1a: Farigiraf|spa|1\n|faint|p1b: Kartana\n|\n|-heal|p1a: Farigiraf|78\/100|[from] item: Leftovers\n|-heal|p2a: Hom3 Invasion|16\/100|[from] item: Leftovers\n|upkeep\n|\n|t:|1699574630\n|switch|p1b: Landorus|Landorus-Therian, M|100\/100\n|-ability|p1b: Landorus|Intimidate|boost\n|-unboost|p2a: Hom3 Invasion|atk|2\n|-unboost|p2b: SCSA|atk|1\n|turn|7\n|\n|t:|1699574643\n|switch|p2b: ON GP|Diancie|100\/100\n|-terastallize|p1a: Farigiraf|Normal\n|move|p2a: Hom3 Invasion|Protect|p2a: Hom3 Invasion\n|-singleturn|p2a: Hom3 Invasion|Protect\n|move|p1b: Landorus|Stomping Tantrum|p2a: Hom3 Invasion\n|-activate|p2a: Hom3 Invasion|move: Protect\n|move|p1a: Farigiraf|Nasty Plot|p1a: Farigiraf\n|-boost|p1a: Farigiraf|spa|2\n|\n|-heal|p1a: Farigiraf|84\/100|[from] item: Leftovers\n|-heal|p2a: Hom3 Invasion|22\/100|[from] item: Leftovers\n|upkeep\n|turn|8\n|\n|t:|1699574687\n|move|p1b: Landorus|Stomping Tantrum|p2b: ON GP\n|-supereffective|p2b: ON GP\n|-damage|p2b: ON GP|31\/100\n|move|p1a: Farigiraf|Hyper Voice|p2b: ON GP|[spread] p2a,p2b\n|-resisted|p2a: Hom3 Invasion\n|-resisted|p2b: ON GP\n|-damage|p2a: Hom3 Invasion|16\/100\n|-damage|p2b: ON GP|6\/100\n|move|p2a: Hom3 Invasion|Body Press|p1a: Farigiraf\n|-supereffective|p1a: Farigiraf\n|-damage|p1a: Farigiraf|0 fnt\n|faint|p1a: Farigiraf\n|move|p2b: ON GP|Trick Room|p2b: ON GP\n|-fieldstart|move: Trick Room|[of] p2b: ON GP\n|\n|-heal|p2a: Hom3 Invasion|22\/100|[from] item: Leftovers\n|upkeep\n|\n|t:|1699574701\n|switch|p1a: Chandelure|Chandelure, M|73\/100\n|turn|9\n|\n|t:|1699574717\n|move|p2a: Hom3 Invasion|Snarl|p1b: Landorus|[spread] p1a,p1b\n|-supereffective|p1a: Chandelure\n|-damage|p1a: Chandelure|38\/100\n|-damage|p1b: Landorus|91\/100\n|-unboost|p1a: Chandelure|spa|1\n|-unboost|p1b: Landorus|spa|1\n|move|p2b: ON GP|Diamond Storm|p1a: Chandelure|[spread] p1a,p1b\n|-supereffective|p1a: Chandelure\n|-damage|p1a: Chandelure|0 fnt\n|-damage|p1b: Landorus|50\/100\n|faint|p1a: Chandelure\n|move|p1b: Landorus|Stomping Tantrum|p2a: Hom3 Invasion\n|-supereffective|p2a: Hom3 Invasion\n|-damage|p2a: Hom3 Invasion|6\/100\n|\n|-heal|p2a: Hom3 Invasion|12\/100|[from] item: Leftovers\n|upkeep\n|\n|t:|1699574723\n|switch|p1a: Xurkitree|Xurkitree|100\/100\n|turn|10\n|\n|t:|1699574732\n|move|p2a: Hom3 Invasion|Body Press|p1a: Xurkitree\n|-damage|p1a: Xurkitree|21\/100\n|move|p2b: ON GP|Moonblast|p1b: Landorus\n|-damage|p1b: Landorus|28\/100\n|move|p1b: Landorus|Stomping Tantrum|p2b: ON GP\n|-supereffective|p2b: ON GP\n|-crit|p2b: ON GP\n|-damage|p2b: ON GP|0 fnt\n|faint|p2b: ON GP\n|-zpower|p1a: Xurkitree\n|move|p1a: Xurkitree|Gigavolt Havoc|p2a: Hom3 Invasion|[zeffect]\n|-damage|p2a: Hom3 Invasion|0 fnt\n|faint|p2a: Hom3 Invasion\n|-ability|p1a: Xurkitree|Beast Boost|boost\n|-boost|p1a: Xurkitree|spa|1\n|\n|upkeep\n|\n|t:|1699574740\n|switch|p2a: 80808|Stakataka|100\/100\n|switch|p2b: SCSA|Incineroar, F|100\/100\n|-ability|p2b: SCSA|Intimidate|boost\n|-unboost|p1a: Xurkitree|atk|1\n|-unboost|p1b: Landorus|atk|1\n|turn|11\n|-message|the maraculous forfeited.\n|\n|win|OilCompany3000\n|raw|the maraculous's rating: 1365 &rarr; <strong>1346<\/strong><br \/>(-19 for losing)\n|raw|OilCompany3000's rating: 1389 &rarr; <strong>1408<\/strong><br \/>(+19 for winning)\n","uploadtime":1699574747,"views":27,"p1id":"themaraculous","p2id":"oilcompany3000","formatid":"gen9nationaldexdoubles","rating":1346,"private":0,"password":""}