{"id":"gen9nationaldexdoubles-1999310778","p1":"prophetofsnacc","p2":"normie jean","format":"[Gen 9] National Dex Doubles","log":"|j|\u2606prophetofsnacc\n|j|\u2606normie jean\n|t:|1701058464\n|gametype|doubles\n|player|p1|prophetofsnacc|swimmer-gen4dp|\n|player|p2|normie jean|clown|\n|teamsize|p1|6\n|teamsize|p2|6\n|gen|9\n|tier|[Gen 9] National Dex Doubles\n|rule|HP Percentage Mod: HP is shown in percentages\n|rule|Endless Battle Clause: Forcing endless battles is banned\n|rule|OHKO Clause: OHKO moves are banned\n|rule|Evasion Moves Clause: Evasion moves are banned\n|rule|Evasion Abilities Clause: Evasion abilities are banned\n|rule|Species Clause: Limit one of each Pok\u00e9mon\n|rule|Gravity Sleep Clause: The combination of sleep-inducing moves with imperfect accuracy and Gravity or Gigantamax Orbeetle are banned\n|rule|Item Clause: Limit one of each item\n|clearpoke\n|poke|p1|Jellicent, M|\n|poke|p1|Regirock|\n|poke|p1|Bellibolt, M|\n|poke|p1|Torterra, F|\n|poke|p1|Fearow, M|\n|poke|p1|Infernape, F|\n|poke|p2|Lucario, M|\n|poke|p2|Meowscarada, F|\n|poke|p2|Inteleon, M|\n|poke|p2|Clefairy, F|\n|poke|p2|Pelipper, F|\n|poke|p2|Luxray, M|\n|teampreview|4\n|j| Whaleu\n|j| BROCKISAROCK\n|j| specner4\n|j| Felis Regalis\n|j| cubzz\n|\n|t:|1701058622\n|start\n|switch|p1a: Reggy|Regirock|100\/100\n|switch|p1b: Birbo|Fearow, M|100\/100\n|switch|p2a: Inteleon|Inteleon, M|100\/100\n|switch|p2b: Luxray|Luxray, M|100\/100\n|turn|1\n|\n|t:|1701058784\n|move|p2b: Luxray|Protect|p2b: Luxray\n|-singleturn|p2b: Luxray|Protect\n|move|p1a: Reggy|Protect|p1a: Reggy\n|-singleturn|p1a: Reggy|Protect\n|move|p2a: Inteleon|Ice Beam|p1b: Birbo\n|-supereffective|p1b: Birbo\n|-damage|p1b: Birbo|0 fnt\n|faint|p1b: Birbo\n|\n|-status|p2b: Luxray|brn|[from] item: Flame Orb\n|upkeep\n|\n|t:|1701058808\n|switch|p1b: Mr. Belli|Bellibolt, M, shiny|100\/100\n|-item|p1b: Mr. Belli|Air Balloon\n|turn|2\n|\n|t:|1701058879\n|move|p2a: Inteleon|Snipe Shot|p1a: Reggy\n|-supereffective|p1a: Reggy\n|-crit|p1a: Reggy\n|-damage|p1a: Reggy|0 fnt\n|faint|p1a: Reggy\n|move|p2b: Luxray|Facade|p1b: Mr. Belli\n|-damage|p1b: Mr. Belli|60\/100\n|-start|p1b: Mr. Belli|Charge|Facade|[from] ability: Electromorphosis\n|-enditem|p1b: Mr. Belli|Air Balloon\n|move|p1b: Mr. Belli|Thunderbolt|p2a: Inteleon\n|-supereffective|p2a: Inteleon\n|-damage|p2a: Inteleon|0 fnt\n|faint|p2a: Inteleon\n|-end|p1b: Mr. Belli|Charge|[silent]\n|\n|-damage|p2b: Luxray|95\/100 brn|[from] brn\n|upkeep\n|\n|t:|1701058952\n|switch|p2a: Clefairy|Clefairy, F|100\/100\n|switch|p1a: Spicy Monke|Infernape, F|100\/100\n|turn|3\n|\n|t:|1701059022\n|move|p1b: Mr. Belli|Protect|p1b: Mr. Belli\n|-singleturn|p1b: Mr. Belli|Protect\n|move|p2a: Clefairy|Follow Me|p2a: Clefairy\n|-singleturn|p2a: Clefairy|move: Follow Me\n|move|p1a: Spicy Monke|Earthquake|p2b: Luxray|[spread] p2a,p2b\n|-activate|p1b: Mr. Belli|move: Protect\n|-supereffective|p2b: Luxray\n|-damage|p2a: Clefairy|64\/100\n|-damage|p2b: Luxray|40\/100 brn\n|-damage|p1a: Spicy Monke|91\/100|[from] item: Life Orb\n|move|p2b: Luxray|Psychic Fangs|p1a: Spicy Monke\n|-supereffective|p1a: Spicy Monke\n|-damage|p1a: Spicy Monke|0 fnt\n|faint|p1a: Spicy Monke\n|\n|-damage|p2b: Luxray|35\/100 brn|[from] brn\n|upkeep\n|turn|4\n|\n|t:|1701059091\n|move|p2b: Luxray|Protect|p2b: Luxray\n|-singleturn|p2b: Luxray|Protect\n|move|p1b: Mr. Belli|Slack Off|p1b: Mr. Belli\n|-heal|p1b: Mr. Belli|100\/100\n|move|p2a: Clefairy|Life Dew|p2a: Clefairy|[spread] p2a,p2b\n|-heal|p2a: Clefairy|89\/100\n|-heal|p2b: Luxray|60\/100 brn\n|\n|-damage|p2b: Luxray|54\/100 brn|[from] brn\n|upkeep\n|turn|5\n|\n|t:|1701059136\n|move|p2a: Clefairy|Helping Hand|p2b: Luxray\n|-singleturn|p2b: Luxray|Helping Hand|[of] p2a: Clefairy\n|move|p2b: Luxray|Wild Charge|p1b: Mr. Belli\n|-resisted|p1b: Mr. Belli\n|-damage|p1b: Mr. Belli|74\/100\n|-start|p1b: Mr. Belli|Charge|Wild Charge|[from] ability: Electromorphosis\n|-damage|p2b: Luxray|45\/100 brn|[from] Recoil\n|move|p1b: Mr. Belli|Thunder Wave|p2a: Clefairy|[miss]\n|-miss|p1b: Mr. Belli|p2a: Clefairy\n|-end|p1b: Mr. Belli|Charge|[silent]\n|\n|-damage|p2b: Luxray|39\/100 brn|[from] brn\n|upkeep\n|turn|6\n|\n|t:|1701059206\n|move|p2a: Clefairy|Helping Hand|p2b: Luxray\n|-singleturn|p2b: Luxray|Helping Hand|[of] p2a: Clefairy\n|move|p2b: Luxray|Facade|p1b: Mr. Belli\n|-damage|p1b: Mr. Belli|19\/100\n|-start|p1b: Mr. Belli|Charge|Facade|[from] ability: Electromorphosis\n|move|p1b: Mr. Belli|Thunder Wave|p2a: Clefairy\n|-status|p2a: Clefairy|par\n|-end|p1b: Mr. Belli|Charge|[silent]\n|\n|-damage|p2b: Luxray|33\/100 brn|[from] brn\n|upkeep\n|turn|7\n|\n|t:|1701059297\n|move|p2a: Clefairy|Helping Hand|p2b: Luxray\n|-singleturn|p2b: Luxray|Helping Hand|[of] p2a: Clefairy\n|move|p2b: Luxray|Psychic Fangs|p1b: Mr. Belli\n|-crit|p1b: Mr. Belli\n|-damage|p1b: Mr. Belli|0 fnt\n|faint|p1b: Mr. Belli\n|\n|win|normie jean\n|l|\u2606prophetofsnacc\n","uploadtime":1701059312,"views":3,"p1id":"prophetofsnacc","p2id":"normiejean","formatid":"gen9nationaldexdoubles","rating":0,"private":0,"password":""}