{"id":"gen9nationaldexdoubles-1974225720","p1":"Sir_Duckling","p2":"Tarantulara","format":"[Gen 9] National Dex Doubles","log":"|j|\u2606Sir_Duckling\n|j|\u2606Tarantulara\n|t:|1698069984\n|gametype|doubles\n|player|p1|Sir_Duckling|101|1112\n|player|p2|Tarantulara|aaron|1121\n|teamsize|p1|6\n|teamsize|p2|6\n|gen|9\n|tier|[Gen 9] National Dex Doubles\n|rated|\n|rule|HP Percentage Mod: HP is shown in percentages\n|rule|Endless Battle Clause: Forcing endless battles is banned\n|rule|OHKO Clause: OHKO moves are banned\n|rule|Evasion Moves Clause: Evasion moves are banned\n|rule|Evasion Abilities Clause: Evasion abilities are banned\n|rule|Species Clause: Limit one of each Pok\u00e9mon\n|rule|Gravity Sleep Clause: The combination of sleep-inducing moves with imperfect accuracy and Gravity or Gigantamax Orbeetle are banned\n|clearpoke\n|poke|p1|Sylveon, F|\n|poke|p1|Crobat, M|\n|poke|p1|Cresselia, F|\n|poke|p1|Dusclops, F|\n|poke|p1|Ninetales-Alola, F|\n|poke|p1|Basculegion-F, F|\n|poke|p2|Oricorio-Pom-Pom, M|\n|poke|p2|Kommo-o, M|\n|poke|p2|Ribombee, F|\n|poke|p2|Iron Moth|\n|poke|p2|Volcarona, F|\n|poke|p2|Lilligant-Hisui, F|\n|teampreview\n|\n|t:|1698069992\n|start\n|switch|p1a: Sylveon|Sylveon, F|100\/100\n|switch|p1b: Crobat|Crobat, M|100\/100\n|switch|p2a: Shake|Oricorio-Pom-Pom, M, shiny|100\/100\n|switch|p2b: Fwoosh|Volcarona, F|100\/100\n|turn|1\n|\n|t:|1698070015\n|-terastallize|p1a: Sylveon|Ground\n|move|p1b: Crobat|Air Slash|p2b: Fwoosh\n|-supereffective|p2b: Fwoosh\n|-damage|p2b: Fwoosh|46\/100\n|move|p2a: Shake|Quiver Dance|p2a: Shake\n|-boost|p2a: Shake|spa|1\n|-boost|p2a: Shake|spd|1\n|-boost|p2a: Shake|spe|1\n|move|p2b: Fwoosh|Quiver Dance|p2b: Fwoosh\n|-boost|p2b: Fwoosh|spa|1\n|-boost|p2b: Fwoosh|spd|1\n|-boost|p2b: Fwoosh|spe|1\n|-activate|p2a: Shake|ability: Dancer\n|move|p2a: Shake|Quiver Dance|p2a: Shake|[from]ability: Dancer\n|-boost|p2a: Shake|spa|1\n|-boost|p2a: Shake|spd|1\n|-boost|p2a: Shake|spe|1\n|move|p1a: Sylveon|Hyper Voice|p2a: Shake|[spread] p2a,p2b\n|-resisted|p2b: Fwoosh\n|-damage|p2a: Shake|53\/100\n|-damage|p2b: Fwoosh|23\/100\n|\n|upkeep\n|turn|2\n|\n|t:|1698070045\n|move|p2a: Shake|Revelation Dance|p1b: Crobat\n|-supereffective|p1b: Crobat\n|-crit|p1b: Crobat\n|-enditem|p1b: Crobat|Focus Sash\n|-damage|p1b: Crobat|1\/100\n|move|p2b: Fwoosh|Fiery Dance|p1a: Sylveon\n|-damage|p1a: Sylveon|53\/100\n|-boost|p2b: Fwoosh|spa|1\n|-activate|p2a: Shake|ability: Dancer\n|move|p2a: Shake|Fiery Dance|p1a: Sylveon|[from]ability: Dancer\n|-damage|p1a: Sylveon|22\/100\n|-boost|p2a: Shake|spa|1\n|move|p1b: Crobat|Air Slash|p2b: Fwoosh\n|-supereffective|p2b: Fwoosh\n|-damage|p2b: Fwoosh|0 fnt\n|faint|p2b: Fwoosh\n|move|p1a: Sylveon|Hyper Voice|p2a: Shake\n|-damage|p2a: Shake|0 fnt\n|faint|p2a: Shake\n|\n|upkeep\n|\n|t:|1698070069\n|switch|p2a: Bong|Kommo-o, M, shiny|100\/100\n|switch|p2b: Beep|Iron Moth, shiny|100\/100\n|-enditem|p2b: Beep|Booster Energy\n|-activate|p2b: Beep|ability: Quark Drive|[fromitem]\n|-start|p2b: Beep|quarkdrivespa\n|turn|3\n|-activate|p2a: Bong|item: Quick Claw\n|\n|t:|1698070084\n|move|p2a: Bong|Clangorous Soul|p2a: Bong\n|-boost|p2a: Bong|atk|1\n|-boost|p2a: Bong|def|1\n|-boost|p2a: Bong|spa|1\n|-boost|p2a: Bong|spd|1\n|-boost|p2a: Bong|spe|1\n|-damage|p2a: Bong|68\/100\n|move|p1b: Crobat|Air Slash|p2a: Bong\n|-supereffective|p2a: Bong\n|-damage|p2a: Bong|30\/100\n|move|p2b: Beep|Fiery Dance|p1a: Sylveon\n|-damage|p1a: Sylveon|0 fnt\n|-boost|p2b: Beep|spa|1\n|faint|p1a: Sylveon\n|\n|upkeep\n|\n|t:|1698070108\n|switch|p1a: Ninetales|Ninetales-Alola, F|100\/100\n|-weather|Snow|[from] ability: Snow Warning|[of] p1a: Ninetales\n|turn|4\n|\n|t:|1698070115\n|move|p2a: Bong|Clanging Scales|p1b: Crobat|[spread] p1b\n|-immune|p1a: Ninetales\n|-damage|p1b: Crobat|0 fnt\n|faint|p1b: Crobat\n|-unboost|p2a: Bong|def|1\n|move|p2b: Beep|Fiery Dance|p1a: Ninetales\n|-supereffective|p1a: Ninetales\n|-crit|p1a: Ninetales\n|-damage|p1a: Ninetales|0 fnt\n|-boost|p2b: Beep|spa|1\n|faint|p1a: Ninetales\n|\n|-weather|Snow|[upkeep]\n|upkeep\n|\n|t:|1698070124\n|switch|p1b: Cresselia|Cresselia, F|100\/100\n|switch|p1a: Dusclops|Dusclops, F|100\/100\n|-item|p2a: Bong|Quick Claw|[from] ability: Frisk|[of] p1a: Dusclops|[identify]\n|turn|5\n|\n|t:|1698070168\n|move|p2a: Bong|Clanging Scales|p1a: Dusclops|[spread] p1a,p1b\n|-damage|p1a: Dusclops|68\/100\n|-damage|p1b: Cresselia|75\/100\n|-unboost|p2a: Bong|def|1\n|move|p2b: Beep|Bug Buzz|p1b: Cresselia\n|-supereffective|p1b: Cresselia\n|-damage|p1b: Cresselia|0 fnt\n|faint|p1b: Cresselia\n|move|p1a: Dusclops|Poltergeist|p2a: Bong\n|-activate|p2a: Bong|move: Poltergeist|Quick Claw\n|-damage|p2a: Bong|0 fnt\n|faint|p2a: Bong\n|\n|-weather|Snow|[upkeep]\n|upkeep\n|\n|t:|1698070189\n|switch|p2a: Shimmer|Ribombee, F, shiny|100\/100\n|switch|p1b: Basculegion|Basculegion-F, F|100\/100\n|turn|6\n|\n|t:|1698070226\n|move|p2b: Beep|Fiery Dance|p1a: Dusclops\n|-damage|p1a: Dusclops|0 fnt\n|-boost|p2b: Beep|spa|1\n|faint|p1a: Dusclops\n|move|p2a: Shimmer|Quiver Dance|p2a: Shimmer\n|-boost|p2a: Shimmer|spa|1\n|-boost|p2a: Shimmer|spd|1\n|-boost|p2a: Shimmer|spe|1\n|move|p1b: Basculegion|Hydro Pump|p2b: Beep\n|-supereffective|p2b: Beep\n|-damage|p2b: Beep|0 fnt\n|faint|p2b: Beep\n|-end|p2b: Beep|Quark Drive|[silent]\n|\n|-weather|Snow|[upkeep]\n|upkeep\n|\n|t:|1698070240\n|switch|p2b: Stip-Step|Lilligant-Hisui, F|100\/100\n|turn|7\n|\n|t:|1698070253\n|move|p2a: Shimmer|Moonblast|p1b: Basculegion\n|-damage|p1b: Basculegion|37\/100\n|move|p2b: Stip-Step|Leaf Blade|p1b: Basculegion\n|-supereffective|p1b: Basculegion\n|-damage|p1b: Basculegion|0 fnt\n|faint|p1b: Basculegion\n|-damage|p2b: Stip-Step|91\/100|[from] item: Life Orb\n|\n|win|Tarantulara\n|raw|Sir_Duckling's rating: 1112 &rarr; <strong>1088<\/strong><br \/>(-24 for losing)\n|raw|Tarantulara's rating: 1121 &rarr; <strong>1145<\/strong><br \/>(+24 for winning)\n|l|\u2606Sir_Duckling\n|c|\u2606Tarantulara|Gg wp c:\n","uploadtime":1698070268,"views":6,"p1id":"sirduckling","p2id":"tarantulara","formatid":"gen9nationaldexdoubles","rating":1088,"private":0,"password":""}