{"id":"gen9nationaldexdoubles-1982193157","p1":"Careytheicon","p2":"Hametsux","format":"[Gen 9] National Dex Doubles","log":"|j|\u2606Careytheicon\n|j|\u2606Hametsux\n|t:|1698977647\n|gametype|doubles\n|player|p1|Careytheicon|lucy|1078\n|player|p2|Hametsux|266|1066\n|teamsize|p1|6\n|teamsize|p2|6\n|gen|9\n|tier|[Gen 9] National Dex Doubles\n|rated|\n|rule|HP Percentage Mod: HP is shown in percentages\n|rule|Endless Battle Clause: Forcing endless battles is banned\n|rule|OHKO Clause: OHKO moves are banned\n|rule|Evasion Moves Clause: Evasion moves are banned\n|rule|Evasion Abilities Clause: Evasion abilities are banned\n|rule|Species Clause: Limit one of each Pok\u00e9mon\n|rule|Gravity Sleep Clause: The combination of sleep-inducing moves with imperfect accuracy and Gravity or Gigantamax Orbeetle are banned\n|clearpoke\n|poke|p1|Shuckle, M|\n|poke|p1|Runerigus, M|\n|poke|p1|Malamar, F|\n|poke|p1|Victini|\n|poke|p1|Comfey, M|\n|poke|p1|Jirachi|\n|poke|p2|Lokix, F|\n|poke|p2|Ogerpon, F|\n|poke|p2|Swoobat, F|\n|poke|p2|Pincurchin, F|\n|poke|p2|Sableye, M|\n|poke|p2|Tatsugiri, F|\n|teampreview\n|inactive|Battle timer is ON: inactive players will automatically lose when time's up. (requested by Careytheicon)\n|inactive|Careytheicon has 120 seconds left.\n|\n|t:|1698977680\n|start\n|switch|p1a: Shuckle|Shuckle, M|100\/100\n|switch|p1b: Roxxx|Runerigus, M, shiny|100\/100\n|switch|p2a: Lokix|Lokix, F|100\/100\n|switch|p2b: Ogerpon|Ogerpon, F|100\/100\n|turn|1\n|\n|t:|1698977708\n|move|p2b: Ogerpon|Ivy Cudgel|p1b: Roxxx\n|-supereffective|p1b: Roxxx\n|-crit|p1b: Roxxx\n|-damage|p1b: Roxxx|0 fnt\n|faint|p1b: Roxxx\n|move|p2a: Lokix|Knock Off|p1a: Shuckle\n|-damage|p1a: Shuckle|47\/100\n|-enditem|p1a: Shuckle|Sitrus Berry|[from] move: Knock Off|[of] p2a: Lokix\n|-damage|p2a: Lokix|91\/100|[from] item: Life Orb\n|move|p1a: Shuckle|Toxic|p2b: Ogerpon\n|-status|p2b: Ogerpon|tox\n|\n|-damage|p2b: Ogerpon|95\/100 tox|[from] psn\n|upkeep\n|inactive|Careytheicon has 120 seconds left.\n|\n|t:|1698977735\n|switch|p1b: Victini|Victini|100\/100\n|turn|2\n|\n|t:|1698977743\n|-terastallize|p1b: Victini|Dark\n|move|p2b: Ogerpon|Ivy Cudgel|p1a: Shuckle\n|-damage|p1a: Shuckle|4\/100\n|move|p1b: Victini|Skill Swap|p1a: Shuckle\n|-activate|p1b: Victini|move: Skill Swap|||[of] p1a: Shuckle\n|move|p2a: Lokix|Knock Off|p1b: Victini\n|-resisted|p1b: Victini\n|-damage|p1b: Victini|37\/100\n|-enditem|p1b: Victini|Red Card|[from] move: Knock Off|[of] p2a: Lokix\n|-damage|p2a: Lokix|81\/100|[from] item: Life Orb\n|move|p1a: Shuckle|Sticky Web|p2a: Lokix\n|-sidestart|p2: Hametsux|move: Sticky Web\n|\n|-heal|p2b: Ogerpon|100\/100 tox|[from] item: Leftovers\n|-damage|p2b: Ogerpon|89\/100 tox|[from] psn\n|upkeep\n|turn|3\n|\n|t:|1698977763\n|move|p1a: Shuckle|Protect|p1a: Shuckle\n|-singleturn|p1a: Shuckle|Protect\n|move|p2b: Ogerpon|Ivy Cudgel|p1a: Shuckle\n|-activate|p1a: Shuckle|move: Protect\n|move|p1b: Victini|V-create|p2a: Lokix\n|-supereffective|p2a: Lokix\n|-damage|p2a: Lokix|0 fnt\n|-boost|p1b: Victini|spe|1\n|-boost|p1b: Victini|def|1\n|-boost|p1b: Victini|spd|1\n|faint|p2a: Lokix\n|\n|-heal|p2b: Ogerpon|95\/100 tox|[from] item: Leftovers\n|-damage|p2b: Ogerpon|77\/100 tox|[from] psn\n|upkeep\n|\n|t:|1698977777\n|switch|p2a: Sableye|Sableye, M|100\/100\n|-activate|p2a: Sableye|move: Sticky Web\n|-unboost|p2a: Sableye|spe|1\n|turn|4\n|\n|t:|1698977794\n|detailschange|p2a: Sableye|Sableye-Mega, M\n|-mega|p2a: Sableye|Sableye|Sablenite\n|move|p1b: Victini|V-create|p2b: Ogerpon\n|-supereffective|p2b: Ogerpon\n|-damage|p2b: Ogerpon|0 fnt\n|-boost|p1b: Victini|spe|1\n|-boost|p1b: Victini|def|1\n|-boost|p1b: Victini|spd|1\n|faint|p2b: Ogerpon\n|move|p1a: Shuckle|Toxic|p2a: Sableye\n|move|p2a: Sableye|Toxic|p1a: Shuckle|[from]ability: Magic Bounce\n|-status|p1a: Shuckle|tox\n|move|p2a: Sableye|Knock Off|p1b: Victini\n|-resisted|p1b: Victini\n|-damage|p1b: Victini|32\/100\n|\n|-damage|p1a: Shuckle|0 fnt|[from] psn\n|faint|p1a: Shuckle\n|upkeep\n|c|\u2606Careytheicon|oop\n|\n|t:|1698977814\n|switch|p2b: Swoobat|Swoobat, F|100\/100\n|switch|p1a: Jirachi|Jirachi|100\/100\n|turn|5\n|\n|t:|1698977831\n|move|p1b: Victini|V-create|p2a: Sableye\n|-crit|p2a: Sableye\n|-damage|p2a: Sableye|7\/100\n|-boost|p1b: Victini|spe|1\n|-boost|p1b: Victini|def|1\n|-boost|p1b: Victini|spd|1\n|move|p2b: Swoobat|Signal Beam|p1b: Victini\n|-supereffective|p1b: Victini\n|-damage|p1b: Victini|16\/100\n|move|p1a: Jirachi|Ancient Power|p2b: Swoobat\n|-supereffective|p2b: Swoobat\n|-damage|p2b: Swoobat|44\/100\n|move|p2a: Sableye|Knock Off|p1a: Jirachi\n|-supereffective|p1a: Jirachi\n|-damage|p1a: Jirachi|46\/100\n|-enditem|p1a: Jirachi|Sitrus Berry|[from] move: Knock Off|[of] p2a: Sableye\n|\n|upkeep\n|turn|6\n|\n|t:|1698977857\n|move|p1b: Victini|V-create|p2b: Swoobat\n|-damage|p2b: Swoobat|0 fnt\n|-boost|p1b: Victini|spe|1\n|-boost|p1b: Victini|def|1\n|-boost|p1b: Victini|spd|1\n|faint|p2b: Swoobat\n|move|p1a: Jirachi|Ancient Power|p2a: Sableye\n|-damage|p2a: Sableye|0 fnt\n|faint|p2a: Sableye\n|\n|upkeep\n|\n|t:|1698977865\n|switch|p2b: Tatsugiri|Tatsugiri, F|100\/100\n|switch|p2a: Pincurchin|Pincurchin, F|100\/100\n|-activate|p2b: Tatsugiri|move: Sticky Web\n|-unboost|p2b: Tatsugiri|spe|1\n|-activate|p2a: Pincurchin|move: Sticky Web\n|-unboost|p2a: Pincurchin|spe|1\n|-fieldstart|move: Electric Terrain|[from] ability: Electric Surge|[of] p2a: Pincurchin\n|-enditem|p2a: Pincurchin|Electric Seed\n|-boost|p2a: Pincurchin|def|1|[from] item: Electric Seed\n|turn|7\n|\n|t:|1698977885\n|move|p1b: Victini|V-create|p2a: Pincurchin\n|-damage|p2a: Pincurchin|46\/100\n|-boost|p1b: Victini|spe|1\n|-boost|p1b: Victini|def|1\n|-boost|p1b: Victini|spd|1\n|move|p1a: Jirachi|Ancient Power|p2a: Pincurchin\n|-damage|p2a: Pincurchin|28\/100\n|-boost|p1a: Jirachi|atk|1\n|-boost|p1a: Jirachi|def|1\n|-boost|p1a: Jirachi|spa|1\n|-boost|p1a: Jirachi|spd|1\n|-boost|p1a: Jirachi|spe|1\n|move|p2b: Tatsugiri|Surf|p1b: Victini|[spread] p2a,p1a,p1b\n|-damage|p2a: Pincurchin|0 fnt\n|-damage|p1a: Jirachi|26\/100\n|-damage|p1b: Victini|6\/100\n|faint|p2a: Pincurchin\n|\n|upkeep\n|turn|8\n|-message|Hametsux forfeited.\n|\n|win|Careytheicon\n|raw|Careytheicon's rating: 1078 &rarr; <strong>1105<\/strong><br \/>(+27 for winning)\n|raw|Hametsux's rating: 1066 &rarr; <strong>1047<\/strong><br \/>(-19 for losing)\n|l|\u2606Hametsux\n","uploadtime":1698977927,"views":4,"p1id":"careytheicon","p2id":"hametsux","formatid":"gen9nationaldexdoubles","rating":1047,"private":0,"password":""}