{"id":"gen9nationaldexdoubles-1954352768","p1":"ReadBlueExorcist","p2":"conbomb","format":"[Gen 9] National Dex Doubles","log":"|j|\u2606ReadBlueExorcist\n|j|\u2606conbomb\n|t:|1695883777\n|gametype|doubles\n|player|p1|ReadBlueExorcist|265|1204\n|player|p2|conbomb|swimmer-gen4dp|1231\n|teamsize|p1|6\n|teamsize|p2|6\n|gen|9\n|tier|[Gen 9] National Dex Doubles\n|rated|\n|rule|HP Percentage Mod: HP is shown in percentages\n|rule|Endless Battle Clause: Forcing endless battles is banned\n|rule|OHKO Clause: OHKO moves are banned\n|rule|Evasion Moves Clause: Evasion moves are banned\n|rule|Evasion Abilities Clause: Evasion abilities are banned\n|rule|Species Clause: Limit one of each Pok\u00e9mon\n|rule|Gravity Sleep Clause: The combination of sleep-inducing moves with imperfect accuracy and Gravity or Gigantamax Orbeetle are banned\n|clearpoke\n|poke|p1|Chandelure, M|\n|poke|p1|Sinistcha-Masterpiece|\n|poke|p1|Florges, F|\n|poke|p1|Sableye, F|\n|poke|p1|Hydreigon, F|\n|poke|p1|Quaquaval, M|\n|poke|p2|Regigigas|\n|poke|p2|Flamigo, M|\n|poke|p2|Ursaluna-Bloodmoon, M|\n|poke|p2|Audino, M|\n|poke|p2|Oranguru, F|\n|poke|p2|Malamar, M|\n|teampreview\n|\n|t:|1695883791\n|start\n|switch|p1a: Hydreigon|Hydreigon, F|100\/100\n|switch|p1b: Sableye|Sableye, F|100\/100\n|switch|p2a: Oranguru|Oranguru, F|100\/100\n|switch|p2b: Ursaluna|Ursaluna-Bloodmoon, M|100\/100\n|turn|1\n|\n|t:|1695883820\n|move|p1b: Sableye|Will-O-Wisp|p2b: Ursaluna\n|-status|p2b: Ursaluna|brn\n|move|p1a: Hydreigon|Dark Pulse|p2a: Oranguru\n|-supereffective|p2a: Oranguru\n|-damage|p2a: Oranguru|40\/100\n|move|p2a: Oranguru|Psychic Terrain|p2a: Oranguru\n|-fieldstart|move: Psychic Terrain\n|move|p2b: Ursaluna|Calm Mind|p2b: Ursaluna\n|-boost|p2b: Ursaluna|spa|1\n|-boost|p2b: Ursaluna|spd|1\n|\n|-damage|p2b: Ursaluna|94\/100 brn|[from] brn\n|upkeep\n|turn|2\n|inactive|Battle timer is ON: inactive players will automatically lose when time's up. (requested by ReadBlueExorcist)\n|\n|t:|1695883842\n|-terastallize|p2a: Oranguru|Normal\n|move|p2b: Ursaluna|Vacuum Wave|p1a: Hydreigon\n|-hint|Psychic Terrain doesn't affect Pok\u00e9mon immune to Ground.\n|-supereffective|p1a: Hydreigon\n|-damage|p1a: Hydreigon|48\/100\n|move|p1b: Sableye|Trick|p2b: Ursaluna\n|-activate|p2b: Ursaluna|move: Psychic Terrain\n|move|p1a: Hydreigon|Dark Pulse|p2a: Oranguru\n|-damage|p2a: Oranguru|12\/100\n|move|p2a: Oranguru|Trick Room|p2a: Oranguru\n|-fieldstart|move: Trick Room|[of] p2a: Oranguru\n|\n|-heal|p2b: Ursaluna|100\/100 brn|[from] item: Leftovers\n|-damage|p2b: Ursaluna|94\/100 brn|[from] brn\n|upkeep\n|turn|3\n|inactive|ReadBlueExorcist has 120 seconds left.\n|\n|t:|1695883882\n|switch|p1a: Sinistcha|Sinistcha-Masterpiece|100\/100\n|move|p2b: Ursaluna|Blood Moon|p1a: Sinistcha\n|-damage|p1a: Sinistcha|0 fnt\n|faint|p1a: Sinistcha\n|move|p2a: Oranguru|Instruct|p2b: Ursaluna\n|-singleturn|p2b: Ursaluna|move: Instruct|[of] p2a: Oranguru\n|move|p2b: Ursaluna|Blood Moon|p1b: Sableye\n|-damage|p1b: Sableye|0 fnt\n|faint|p1b: Sableye\n|-hint|Some effects can force a Pokemon to use Blood Moon again in a row.\n|\n|-heal|p2b: Ursaluna|100\/100 brn|[from] item: Leftovers\n|-damage|p2b: Ursaluna|94\/100 brn|[from] brn\n|upkeep\n|c|\u2606ReadBlueExorcist|oh lord\n|inactive|ReadBlueExorcist has 90 seconds left.\n|\n|t:|1695883934\n|switch|p1a: Chandelure|Chandelure, M|100\/100\n|switch|p1b: Quaquaval|Quaquaval, M|100\/100\n|turn|4\n|inactive|ReadBlueExorcist has 90 seconds left.\n|\n|t:|1695883949\n|move|p1b: Quaquaval|Protect|p1b: Quaquaval\n|-singleturn|p1b: Quaquaval|Protect\n|move|p2b: Ursaluna|Earth Power|p1a: Chandelure\n|-supereffective|p1a: Chandelure\n|-enditem|p1a: Chandelure|Focus Sash\n|-damage|p1a: Chandelure|1\/100\n|move|p2a: Oranguru|Instruct|p2b: Ursaluna\n|-singleturn|p2b: Ursaluna|move: Instruct|[of] p2a: Oranguru\n|move|p2b: Ursaluna|Earth Power|p1a: Chandelure\n|-supereffective|p1a: Chandelure\n|-damage|p1a: Chandelure|0 fnt\n|faint|p1a: Chandelure\n|\n|-heal|p2b: Ursaluna|100\/100 brn|[from] item: Leftovers\n|-damage|p2b: Ursaluna|94\/100 brn|[from] brn\n|upkeep\n|inactive|ReadBlueExorcist has 90 seconds left.\n|\n|t:|1695883966\n|switch|p1a: Florges|Florges, F, shiny|100\/100\n|turn|5\n|\n|t:|1695883979\n|switch|p1b: Hydreigon|Hydreigon, F|48\/100\n|move|p2b: Ursaluna|Blood Moon|p1b: Hydreigon\n|-crit|p1b: Hydreigon\n|-damage|p1b: Hydreigon|0 fnt\n|faint|p1b: Hydreigon\n|move|p2a: Oranguru|Instruct|p2b: Ursaluna\n|-singleturn|p2b: Ursaluna|move: Instruct|[of] p2a: Oranguru\n|move|p2b: Ursaluna|Blood Moon|p1a: Florges\n|-damage|p1a: Florges|29\/100\n|-hint|Some effects can force a Pokemon to use Blood Moon again in a row.\n|move|p1a: Florges|Wish|p1a: Florges\n|\n|-heal|p2b: Ursaluna|100\/100 brn|[from] item: Leftovers\n|-heal|p1a: Florges|35\/100|[from] item: Leftovers\n|-damage|p2b: Ursaluna|94\/100 brn|[from] brn\n|-fieldend|move: Psychic Terrain\n|upkeep\n|inactive|ReadBlueExorcist has 90 seconds left.\n|\n|t:|1695883993\n|switch|p1b: Quaquaval|Quaquaval, M|100\/100\n|turn|6\n|c|\u2606ReadBlueExorcist|this is silly\n|inactive|ReadBlueExorcist has 90 seconds left.\n|\n|t:|1695884029\n|move|p2b: Ursaluna|Earth Power|p1a: Florges\n|-damage|p1a: Florges|0 fnt\n|faint|p1a: Florges\n|move|p2a: Oranguru|Taunt|p1b: Quaquaval\n|-start|p1b: Quaquaval|move: Taunt\n|move|p1b: Quaquaval|Acrobatics|p2a: Oranguru\n|-damage|p2a: Oranguru|0 fnt\n|faint|p2a: Oranguru\n|-ability|p1b: Quaquaval|Moxie|boost\n|-boost|p1b: Quaquaval|atk|1\n|\n|-heal|p2b: Ursaluna|100\/100 brn|[from] item: Leftovers\n|-damage|p2b: Ursaluna|94\/100 brn|[from] brn\n|-fieldend|move: Trick Room\n|upkeep\n|c|\u2606conbomb|Bonkers even\n|\n|t:|1695884042\n|switch|p2a: Audino|Audino, M|100\/100\n|turn|7\n|\n|t:|1695884060\n|detailschange|p2a: Audino|Audino-Mega, M\n|-mega|p2a: Audino|Audino|Audinite\n|-terastallize|p1b: Quaquaval|Water\n|move|p2a: Audino|Ally Switch|p2a: Audino\n|swap|p2a: Audino|1|[from] move: Ally Switch\n|move|p2a: Ursaluna|Vacuum Wave|p1b: Quaquaval\n|-damage|p1b: Quaquaval|72\/100\n|move|p1b: Quaquaval|Close Combat|p2b: Audino\n|-damage|p2b: Audino|50\/100\n|-unboost|p1b: Quaquaval|def|1\n|-unboost|p1b: Quaquaval|spd|1\n|\n|-activate|p2b: Audino|ability: Healer\n|-curestatus|p2a: Ursaluna|brn|[msg]\n|-heal|p2a: Ursaluna|100\/100|[from] item: Leftovers\n|upkeep\n|turn|8\n|inactive|ReadBlueExorcist has 90 seconds left.\n|c|\u2606ReadBlueExorcist|is your team centered around ursaluna support lmao\n|\n|t:|1695884103\n|move|p2a: Ursaluna|Vacuum Wave|p2b: Audino\n|-damage|p2b: Audino|38\/100\n|move|p1b: Quaquaval|Close Combat|p2b: Audino\n|-damage|p2b: Audino|0 fnt\n|-unboost|p1b: Quaquaval|def|1\n|-unboost|p1b: Quaquaval|spd|1\n|faint|p2b: Audino\n|-ability|p1b: Quaquaval|Moxie|boost\n|-boost|p1b: Quaquaval|atk|1\n|\n|-end|p1b: Quaquaval|move: Taunt\n|upkeep\n|c|\u2606conbomb|Nah its actually not even the main strat\n|c|\u2606ReadBlueExorcist|crying\n|inactive|conbomb has 120 seconds left.\n|\n|t:|1695884129\n|switch|p2b: Flamigo|Flamigo, M|100\/100\n|-copyboost|p2b: Flamigo|p2a: Ursaluna|[from] ability: Costar\n|turn|9\n|inactive|ReadBlueExorcist has 90 seconds left.\n|\n|t:|1695884150\n|move|p2b: Flamigo|Close Combat|p1b: Quaquaval\n|-damage|p1b: Quaquaval|0 fnt\n|-unboost|p2b: Flamigo|def|1\n|-unboost|p2b: Flamigo|spd|1\n|-enditem|p2b: Flamigo|White Herb\n|-clearnegativeboost|p2b: Flamigo|[silent]\n|faint|p1b: Quaquaval\n|\n|win|conbomb\n|raw|ReadBlueExorcist's rating: 1204 &rarr; <strong>1181<\/strong><br \/>(-23 for losing)\n|raw|conbomb's rating: 1231 &rarr; <strong>1254<\/strong><br \/>(+23 for winning)\n|c|\u2606ReadBlueExorcist|gg\n|c|\u2606conbomb|GG bud\n","uploadtime":1695884166,"views":17,"p1id":"readblueexorcist","p2id":"conbomb","formatid":"gen9nationaldexdoubles","rating":1181,"private":0,"password":""}