{"id":"gen9nationaldexdoubles-1981177886","p1":"FriedBeaver01","p2":"Prankbox454","format":"[Gen 9] National Dex Doubles","log":"|j|\u2606FriedBeaver01\n|j|\u2606Prankbox454\n|t:|1698869964\n|gametype|doubles\n|player|p1|FriedBeaver01|biker-gen4|\n|player|p2|Prankbox454|burgh|\n|teamsize|p1|6\n|teamsize|p2|6\n|gen|9\n|tier|[Gen 9] National Dex Doubles\n|rule|HP Percentage Mod: HP is shown in percentages\n|rule|Endless Battle Clause: Forcing endless battles is banned\n|rule|OHKO Clause: OHKO moves are banned\n|rule|Evasion Moves Clause: Evasion moves are banned\n|rule|Evasion Abilities Clause: Evasion abilities are banned\n|rule|Species Clause: Limit one of each Pok\u00e9mon\n|rule|Gravity Sleep Clause: The combination of sleep-inducing moves with imperfect accuracy and Gravity or Gigantamax Orbeetle are banned\n|clearpoke\n|poke|p1|Pelipper, M|\n|poke|p1|Swampert, M|\n|poke|p1|Barraskewda, M|\n|poke|p1|Toxapex, M|\n|poke|p1|Politoed, M|\n|poke|p1|Greninja-*, M|\n|poke|p2|Medicham, M|\n|poke|p2|Indeedee-F, F|\n|poke|p2|Heatran, M|\n|poke|p2|Azumarill, M|\n|poke|p2|Amoonguss, M|\n|poke|p2|Shuckle, M|\n|teampreview\n|c|\u2606FriedBeaver01|Guess who\u2019s back?\n|c|\u2606Prankbox454|I brought a classic\n|c|\u2606FriedBeaver01|Me too\n|c|\u2606Prankbox454|Yea that Swampert i hate\n|inactive|Battle timer is ON: inactive players will automatically lose when time's up. (requested by FriedBeaver01)\n|c|\u2606Prankbox454|Good to see him\n|\n|t:|1698870011\n|start\n|switch|p1a: Pelipper|Pelipper, M, shiny|100\/100\n|switch|p1b: Barraskewda|Barraskewda, M, shiny|100\/100\n|switch|p2a: Audino :Clueless:|Indeedee-F, F|100\/100\n|switch|p2b: Don't say it|Amoonguss, M|100\/100\n|-weather|RainDance|[from] ability: Drizzle|[of] p1a: Pelipper\n|-fieldstart|move: Psychic Terrain|[from] ability: Psychic Surge|[of] p2a: Audino :Clueless:\n|turn|1\n|\n|t:|1698870038\n|move|p2b: Don't say it|Rage Powder|p2b: Don't say it\n|-singleturn|p2b: Don't say it|move: Rage Powder\n|move|p1b: Barraskewda|Flip Turn|p2b: Don't say it\n|-resisted|p2b: Don't say it\n|-damage|p2b: Don't say it|76\/100\n|\n|t:|1698870048\n|switch|p1b: Toxapex|Toxapex, M|100\/100|[from] Flip Turn\n|move|p1a: Pelipper|Tailwind|p1a: Pelipper\n|-sidestart|p1: FriedBeaver01|move: Tailwind\n|move|p2a: Audino :Clueless:|Trick Room|p2a: Audino :Clueless:\n|-fieldstart|move: Trick Room|[of] p2a: Audino :Clueless:\n|\n|-weather|RainDance|[upkeep]\n|-heal|p2b: Don't say it|82\/100|[from] item: Black Sludge\n|upkeep\n|turn|2\n|inactive|Prankbox454 has 270 seconds left.\n|inactive|Prankbox454 has 240 seconds left.\n|\n|t:|1698870108\n|move|p2b: Don't say it|Spore|p1a: Pelipper\n|-status|p1a: Pelipper|slp|[from] move: Spore\n|move|p2a: Audino :Clueless:|Psychic|p1b: Toxapex\n|-supereffective|p1b: Toxapex\n|-damage|p1b: Toxapex|33\/100\n|move|p1b: Toxapex|Toxic Spikes|p2a: Audino :Clueless:\n|-sidestart|p2: Prankbox454|move: Toxic Spikes\n|cant|p1a: Pelipper|slp\n|\n|-weather|RainDance|[upkeep]\n|-heal|p2b: Don't say it|89\/100|[from] item: Black Sludge\n|-heal|p1b: Toxapex|39\/100|[from] item: Leftovers\n|upkeep\n|turn|3\n|l|\u2606FriedBeaver01\n|inactive|FriedBeaver01 disconnected and has 300 seconds to reconnect!\n|player|p1|\n|j|\u2606FriedBeaver01\n|inactive|FriedBeaver01 reconnected and has 295 seconds left.\n|player|p1|FriedBeaver01|biker-gen4\n|inactive|Prankbox454 has 240 seconds left.\n|\n|t:|1698870154\n|switch|p2b: Aw Shucks|Shuckle, M|100\/100\n|-status|p2b: Aw Shucks|psn\n|move|p1b: Toxapex|Baneful Bunker|p1b: Toxapex\n|-singleturn|p1b: Toxapex|move: Protect\n|move|p2a: Audino :Clueless:|Psychic|p1a: Pelipper\n|-damage|p1a: Pelipper|28\/100 slp\n|cant|p1a: Pelipper|slp\n|\n|-weather|RainDance|[upkeep]\n|-heal|p1b: Toxapex|45\/100|[from] item: Leftovers\n|-damage|p2b: Aw Shucks|88\/100 psn|[from] psn\n|upkeep\n|turn|4\n|inactive|Prankbox454 has 240 seconds left.\n|\n|t:|1698870186\n|move|p2a: Audino :Clueless:|Follow Me|p2a: Audino :Clueless:\n|-singleturn|p2a: Audino :Clueless:|move: Follow Me\n|move|p2b: Aw Shucks|Power Trick|p2b: Aw Shucks\n|-start|p2b: Aw Shucks|Power Trick\n|move|p1b: Toxapex|Poison Jab|p2a: Audino :Clueless:\n|-damage|p2a: Audino :Clueless:|76\/100\n|-status|p2a: Audino :Clueless:|psn\n|cant|p1a: Pelipper|slp\n|\n|-weather|RainDance|[upkeep]\n|-heal|p1b: Toxapex|51\/100|[from] item: Leftovers\n|-damage|p2b: Aw Shucks|76\/100 psn|[from] psn\n|-damage|p2a: Audino :Clueless:|64\/100 psn|[from] psn\n|-sideend|p1: FriedBeaver01|move: Tailwind\n|upkeep\n|turn|5\n|c|\u2606Prankbox454|Its time\n|inactive|Prankbox454 has 210 seconds left.\n|\n|t:|1698870230\n|switch|p2a: Guru Mctitties|Medicham, M|100\/100\n|-status|p2a: Guru Mctitties|psn\n|move|p1b: Toxapex|Baneful Bunker|p1b: Toxapex\n|-singleturn|p1b: Toxapex|move: Protect\n|move|p2b: Aw Shucks|Rock Slide|p1b: Toxapex|[spread] p1a\n|-activate|p1b: Toxapex|move: Protect\n|-supereffective|p1a: Pelipper\n|-damage|p1a: Pelipper|0 fnt\n|faint|p1a: Pelipper\n|\n|-weather|none\n|-heal|p1b: Toxapex|58\/100|[from] item: Leftovers\n|-damage|p2b: Aw Shucks|64\/100 psn|[from] psn\n|-damage|p2a: Guru Mctitties|88\/100 psn|[from] psn\n|-fieldend|move: Trick Room\n|-fieldend|move: Psychic Terrain\n|upkeep\n|inactive|FriedBeaver01 has 270 seconds left.\n|\n|t:|1698870248\n|switch|p1a: Barraskewda|Barraskewda, M, shiny|100\/100\n|turn|6\n|inactive|Prankbox454 has 210 seconds left.\n|inactive|Prankbox454 has 180 seconds left.\n|\n|t:|1698870307\n|move|p1a: Barraskewda|Flip Turn|p2b: Aw Shucks\n|-supereffective|p2b: Aw Shucks\n|-damage|p2b: Aw Shucks|0 fnt\n|faint|p2b: Aw Shucks\n|\n|t:|1698870313\n|switch|p1a: Politoed|Politoed, M, shiny|100\/100|[from] Flip Turn\n|-weather|RainDance|[from] ability: Drizzle|[of] p1a: Politoed\n|move|p2a: Guru Mctitties|Close Combat|p1a: Politoed\n|-damage|p1a: Politoed|24\/100\n|-unboost|p2a: Guru Mctitties|def|1\n|-unboost|p2a: Guru Mctitties|spd|1\n|-damage|p2a: Guru Mctitties|71\/100 psn|[from] item: Rocky Helmet|[of] p1a: Politoed\n|move|p1b: Toxapex|Poison Jab|p2a: Guru Mctitties\n|-damage|p2a: Guru Mctitties|34\/100 psn\n|\n|-weather|RainDance|[upkeep]\n|-heal|p1b: Toxapex|64\/100|[from] item: Leftovers\n|-damage|p2a: Guru Mctitties|22\/100 psn|[from] psn\n|upkeep\n|inactive|Prankbox454 has 180 seconds left.\n|\n|t:|1698870329\n|switch|p2b: Audino :Clueless:|Indeedee-F, F|64\/100 psn\n|-fieldstart|move: Psychic Terrain|[from] ability: Psychic Surge|[of] p2b: Audino :Clueless:\n|turn|7\n|\n|t:|1698870353\n|move|p1a: Politoed|Scald|p2b: Audino :Clueless:\n|-crit|p2b: Audino :Clueless:\n|-damage|p2b: Audino :Clueless:|14\/100 psn\n|-enditem|p2b: Audino :Clueless:|Sitrus Berry|[eat]\n|-heal|p2b: Audino :Clueless:|39\/100 psn|[from] item: Sitrus Berry\n|move|p2a: Guru Mctitties|Close Combat|p1a: Politoed\n|-damage|p1a: Politoed|0 fnt\n|-unboost|p2a: Guru Mctitties|def|1\n|-unboost|p2a: Guru Mctitties|spd|1\n|-damage|p2a: Guru Mctitties|5\/100 psn|[from] item: Rocky Helmet|[of] p1a: Politoed\n|faint|p1a: Politoed\n|move|p1b: Toxapex|Poison Jab|p2b: Audino :Clueless:\n|-damage|p2b: Audino :Clueless:|14\/100 psn\n|move|p2b: Audino :Clueless:|Trick Room|p2b: Audino :Clueless:\n|-fieldstart|move: Trick Room|[of] p2b: Audino :Clueless:\n|\n|-weather|RainDance|[upkeep]\n|-heal|p1b: Toxapex|70\/100|[from] item: Leftovers\n|-damage|p2b: Audino :Clueless:|2\/100 psn|[from] psn\n|-damage|p2a: Guru Mctitties|0 fnt|[from] psn\n|faint|p2a: Guru Mctitties\n|upkeep\n|inactive|Prankbox454 has 210 seconds left.\n|c|\u2606FriedBeaver01|Lucky bastard\n|inactive|FriedBeaver01 has 270 seconds left.\n|c|\u2606Prankbox454|:smug:\n|inactive|Prankbox454 has 180 seconds left.\n|c|\u2606Prankbox454|You had to get double crit tho\n|inactive|FriedBeaver01 has 240 seconds left.\n|\n|t:|1698870424\n|switch|p2a: Don't say it|Amoonguss, M|100\/100\n|switch|p1a: Barraskewda|Barraskewda, M, shiny|100\/100\n|-sideend|p2: Prankbox454|move: Toxic Spikes|[of] p2a: Don't say it\n|turn|8\n|inactive|Prankbox454 has 180 seconds left.\n|inactive|FriedBeaver01 has 240 seconds left.\n|\n|t:|1698870446\n|move|p1a: Barraskewda|Aqua Jet|p2b: Audino :Clueless:\n|-activate|p2b: Audino :Clueless:|move: Psychic Terrain\n|move|p2a: Don't say it|Spore|p1a: Barraskewda\n|-status|p1a: Barraskewda|slp|[from] move: Spore\n|move|p1b: Toxapex|Poison Jab|p2a: Don't say it\n|-damage|p2a: Don't say it|88\/100\n|move|p2b: Audino :Clueless:|Psychic|p1b: Toxapex\n|-supereffective|p1b: Toxapex\n|-damage|p1b: Toxapex|0 fnt\n|faint|p1b: Toxapex\n|\n|-weather|RainDance|[upkeep]\n|-heal|p2a: Don't say it|94\/100|[from] item: Black Sludge\n|-damage|p2b: Audino :Clueless:|0 fnt|[from] psn\n|faint|p2b: Audino :Clueless:\n|upkeep\n|c|\u2606Prankbox454|nice\n|inactive|FriedBeaver01 has 240 seconds left.\n|inactive|Prankbox454 has 180 seconds left.\n|c|\u2606FriedBeaver01|Finally that piece of shit is dead\n|\n|t:|1698870490\n|switch|p1b: Greninja|Greninja, M|100\/100\n|switch|p2b: Millar|Azumarill, M|100\/100\n|turn|9\n|inactive|FriedBeaver01 has 240 seconds left.\n|inactive|Prankbox454 has 180 seconds left.\n|\n|t:|1698870526\n|cant|p1a: Barraskewda|slp\n|move|p2a: Don't say it|Spore|p1b: Greninja\n|-status|p1b: Greninja|slp|[from] move: Spore\n|move|p2b: Millar|Belly Drum|p2b: Millar\n|-damage|p2b: Millar|50\/100\n|-setboost|p2b: Millar|atk|6|[from] move: Belly Drum\n|-enditem|p2b: Millar|Sitrus Berry|[eat]\n|-heal|p2b: Millar|75\/100|[from] item: Sitrus Berry\n|cant|p1b: Greninja|slp\n|\n|-weather|RainDance|[upkeep]\n|-heal|p2a: Don't say it|99\/100|[from] item: Black Sludge\n|upkeep\n|turn|10\n|inactive|Prankbox454 has 180 seconds left.\n|c|\u2606FriedBeaver01|Most skillful Spore user:\n|inactive|FriedBeaver01 has 240 seconds left.\n|c|\u2606Prankbox454|:toxicsupreme:\n|inactive|Prankbox454 has 150 seconds left.\n|c|\u2606FriedBeaver01|Taunt players when they see Spore players at the shit eating contest:\n|inactive|FriedBeaver01 has 210 seconds left.\n|c|\u2606FriedBeaver01|(Also they are Bo mains)\n|c|\u2606Prankbox454|Yea now you wish you still had Taunt :P\n|\n|t:|1698870611\n|move|p2a: Don't say it|Protect|p2a: Don't say it\n|-singleturn|p2a: Don't say it|Protect\n|cant|p1a: Barraskewda|slp\n|move|p2b: Millar|Play Rough|p1b: Greninja\n|-supereffective|p1b: Greninja\n|-damage|p1b: Greninja|0 fnt\n|faint|p1b: Greninja\n|\n|-weather|none\n|-heal|p2a: Don't say it|100\/100|[from] item: Black Sludge\n|upkeep\n|\n|t:|1698870619\n|switch|p1b: Swampert|Swampert, M|100\/100\n|turn|11\n|\n|t:|1698870632\n|detailschange|p1b: Swampert|Swampert-Mega, M\n|-mega|p1b: Swampert|Swampert|Swampertite\n|cant|p1a: Barraskewda|slp\n|move|p2a: Don't say it|Spore|p1b: Swampert\n|-status|p1b: Swampert|slp|[from] move: Spore\n|move|p2b: Millar|Liquidation|p1b: Swampert\n|-damage|p1b: Swampert|0 fnt\n|faint|p1b: Swampert\n|\n|-fieldend|move: Trick Room\n|-fieldend|move: Psychic Terrain\n|upkeep\n|turn|12\n|-message|FriedBeaver01 forfeited.\n|\n|win|Prankbox454\n|l|\u2606FriedBeaver01\n|c|\u2606Prankbox454|:P\n","uploadtime":1698870649,"views":10,"p1id":"friedbeaver01","p2id":"prankbox454","formatid":"gen9nationaldexdoubles","rating":0,"private":0,"password":""}