{"id":"gen9nationaldexdoubles-1993605156","p1":"Jam35_Name","p2":"thatsrealnito2","format":"[Gen 9] National Dex Doubles","log":"|j|\u2606Jam35_Name\n|j|\u2606thatsrealnito2\n|t:|1700336658\n|gametype|doubles\n|player|p1|Jam35_Name|policeman|\n|player|p2|thatsrealnito2|iris-gen5bw2|\n|teamsize|p1|6\n|teamsize|p2|6\n|gen|9\n|tier|[Gen 9] National Dex Doubles\n|rule|HP Percentage Mod: HP is shown in percentages\n|rule|Endless Battle Clause: Forcing endless battles is banned\n|rule|OHKO Clause: OHKO moves are banned\n|rule|Evasion Moves Clause: Evasion moves are banned\n|rule|Evasion Abilities Clause: Evasion abilities are banned\n|rule|Species Clause: Limit one of each Pok\u00e9mon\n|rule|Gravity Sleep Clause: The combination of sleep-inducing moves with imperfect accuracy and Gravity or Gigantamax Orbeetle are banned\n|clearpoke\n|poke|p1|Blastoise, F|\n|poke|p1|Ditto|\n|poke|p1|Cloyster, F|\n|poke|p1|Magneton|\n|poke|p1|Mew|\n|poke|p1|Chansey, F|\n|poke|p2|Reuniclus, F|\n|poke|p2|Krookodile, F|\n|poke|p2|Audino, F|\n|poke|p2|Whimsicott, M|\n|poke|p2|Jellicent, F|\n|poke|p2|Chandelure, F|\n|teampreview\n|\n|t:|1700336685\n|start\n|switch|p1a: Tutel :)|Blastoise, F|100\/100\n|switch|p1b: Kinda Sus|Cloyster, F, shiny|100\/100\n|switch|p2a: Sunglasses|Krookodile, F|100\/100\n|switch|p2b: The Lark|Whimsicott, M, shiny|100\/100\n|-ability|p2a: Sunglasses|Intimidate|boost\n|-unboost|p1a: Tutel :)|atk|1\n|-unboost|p1b: Kinda Sus|atk|1\n|turn|1\n|\n|t:|1700336717\n|detailschange|p1a: Tutel :)|Blastoise-Mega, F\n|-mega|p1a: Tutel :)|Blastoise|Blastoisinite\n|-terastallize|p2a: Sunglasses|Fighting\n|-terastallize|p1b: Kinda Sus|Electric\n|move|p2b: The Lark|Tailwind|p2b: The Lark\n|-sidestart|p2: thatsrealnito2|move: Tailwind\n|move|p2a: Sunglasses|Stealth Rock|p1a: Tutel :)\n|-sidestart|p1: Jam35_Name|move: Stealth Rock\n|move|p1a: Tutel :)|Water Spout|p2a: Sunglasses|[spread] p2a,p2b\n|-resisted|p2b: The Lark\n|-damage|p2a: Sunglasses|28\/100\n|-damage|p2b: The Lark|49\/100\n|move|p1b: Kinda Sus|Icicle Spear|p2b: The Lark\n|-supereffective|p2b: The Lark\n|-damage|p2b: The Lark|27\/100\n|-supereffective|p2b: The Lark\n|-damage|p2b: The Lark|4\/100\n|-supereffective|p2b: The Lark\n|-damage|p2b: The Lark|0 fnt\n|faint|p2b: The Lark\n|-hitcount|p2: The Lark|3\n|\n|-heal|p2a: Sunglasses|34\/100|[from] item: Leftovers\n|upkeep\n|\n|t:|1700336739\n|switch|p2b: Mr Pringles|Jellicent, F|100\/100\n|turn|2\n|\n|t:|1700336759\n|move|p1a: Tutel :)|Protect|p1a: Tutel :)\n|-singleturn|p1a: Tutel :)|Protect\n|move|p2a: Sunglasses|Knock Off|p1b: Kinda Sus\n|-damage|p1b: Kinda Sus|69\/100\n|-enditem|p1b: Kinda Sus|Focus Sash|[from] move: Knock Off|[of] p2a: Sunglasses\n|move|p2b: Mr Pringles|Will-O-Wisp|p1a: Tutel :)\n|-activate|p1a: Tutel :)|move: Protect\n|move|p1b: Kinda Sus|Icicle Spear|p2a: Sunglasses\n|-damage|p2a: Sunglasses|26\/100\n|-damage|p2a: Sunglasses|20\/100\n|-damage|p2a: Sunglasses|12\/100\n|-damage|p2a: Sunglasses|6\/100\n|-damage|p2a: Sunglasses|0 fnt\n|faint|p2a: Sunglasses\n|-hitcount|p2: Sunglasses|5\n|\n|upkeep\n|\n|t:|1700336777\n|switch|p2a: Spooky lamp|Chandelure, F|100\/100\n|turn|3\n|\n|t:|1700336795\n|switch|p1a: Oeuf|Chansey, F|100\/100\n|-damage|p1a: Oeuf|88\/100|[from] Stealth Rock\n|switch|p1b: The Dittler|Ditto, shiny|100\/100\n|-damage|p1b: The Dittler|88\/100|[from] Stealth Rock\n|-transform|p1b: The Dittler|p2a: Spooky lamp|[from] ability: Imposter\n|move|p2a: Spooky lamp|Shadow Ball|p1a: Oeuf\n|-immune|p1a: Oeuf\n|move|p2b: Mr Pringles|Will-O-Wisp|p1a: Oeuf\n|-status|p1a: Oeuf|brn\n|\n|-damage|p1a: Oeuf|82\/100 brn|[from] brn\n|upkeep\n|turn|4\n|\n|t:|1700336827\n|move|p2a: Spooky lamp|Flamethrower|p1a: Oeuf\n|-damage|p1a: Oeuf|68\/100 brn\n|move|p1b: The Dittler|Shadow Ball|p2a: Spooky lamp\n|-supereffective|p2a: Spooky lamp\n|-damage|p2a: Spooky lamp|0 fnt\n|faint|p2a: Spooky lamp\n|move|p2b: Mr Pringles|Hex|p1b: The Dittler\n|-supereffective|p1b: The Dittler\n|-damage|p1b: The Dittler|36\/100\n|move|p1a: Oeuf|Heal Pulse|p1b: The Dittler\n|-heal|p1b: The Dittler|86\/100\n|\n|-damage|p1a: Oeuf|62\/100 brn|[from] brn\n|-sideend|p2: thatsrealnito2|move: Tailwind\n|upkeep\n|\n|t:|1700336845\n|switch|p2a: Cleric|Audino, F, shiny|100\/100\n|turn|5\n|\n|t:|1700336855\n|detailschange|p2a: Cleric|Audino-Mega, F, shiny\n|-mega|p2a: Cleric|Audino|Audinite\n|move|p1b: The Dittler|Shadow Ball|p2b: Mr Pringles\n|-supereffective|p2b: Mr Pringles\n|-damage|p2b: Mr Pringles|26\/100\n|move|p2b: Mr Pringles|Hex|p1b: The Dittler\n|-supereffective|p1b: The Dittler\n|-damage|p1b: The Dittler|37\/100\n|move|p1a: Oeuf|Heal Pulse|p1b: The Dittler\n|-heal|p1b: The Dittler|87\/100\n|move|p2a: Cleric|Knock Off|p1b: The Dittler\n|-supereffective|p1b: The Dittler\n|-damage|p1b: The Dittler|57\/100\n|-enditem|p1b: The Dittler|Choice Scarf|[from] move: Knock Off|[of] p2a: Cleric\n|\n|-damage|p1a: Oeuf|56\/100 brn|[from] brn\n|upkeep\n|turn|6\n|\n|t:|1700336886\n|move|p1a: Oeuf|Ally Switch|p1a: Oeuf\n|swap|p1a: Oeuf|1|[from] move: Ally Switch\n|move|p1a: The Dittler|Shadow Ball|p2b: Mr Pringles\n|-supereffective|p2b: Mr Pringles\n|-damage|p2b: Mr Pringles|0 fnt\n|faint|p2b: Mr Pringles\n|move|p2a: Cleric|Knock Off|p1a: The Dittler\n|-supereffective|p1a: The Dittler\n|-damage|p1a: The Dittler|36\/100\n|-status|p2a: Cleric|brn|[from] ability: Flame Body|[of] p1a: The Dittler\n|\n|-damage|p2a: Cleric|94\/100 brn|[from] brn\n|-damage|p1b: Oeuf|50\/100 brn|[from] brn\n|upkeep\n|\n|t:|1700336897\n|switch|p2b: MEME'S|Reuniclus, F|100\/100\n|turn|7\n|\n|t:|1700336914\n|move|p1a: The Dittler|Substitute|p1a: The Dittler\n|-start|p1a: The Dittler|Substitute\n|-damage|p1a: The Dittler|11\/100\n|move|p2a: Cleric|Heal Bell|p2a: Cleric\n|-activate|p2a: Cleric|move: Heal Bell\n|-curestatus|p2a: Cleric|brn|[msg]\n|move|p1b: Oeuf|Heal Pulse||[still]\n|-fail|p1b: Oeuf\n|move|p2b: MEME'S|Focus Blast|p1b: Oeuf|[miss]\n|-miss|p2b: MEME'S|p1b: Oeuf\n|\n|-damage|p1b: Oeuf|43\/100 brn|[from] brn\n|upkeep\n|turn|8\n|\n|t:|1700336940\n|move|p1a: The Dittler|Calm Mind|p1a: The Dittler\n|-boost|p1a: The Dittler|spa|1\n|-boost|p1a: The Dittler|spd|1\n|move|p1b: Oeuf|Brick Break|p2a: Cleric\n|-damage|p2a: Cleric|93\/100\n|move|p2a: Cleric|Knock Off|p1a: The Dittler\n|-supereffective|p1a: The Dittler\n|-crit|p1a: The Dittler\n|-end|p1a: The Dittler|Substitute\n|move|p2b: MEME'S|Focus Blast|p1b: Oeuf\n|-supereffective|p1b: Oeuf\n|-damage|p1b: Oeuf|25\/100 brn\n|\n|-damage|p1b: Oeuf|19\/100 brn|[from] brn\n|upkeep\n|turn|9\n|\n|t:|1700336965\n|move|p1a: The Dittler|Shadow Ball|p2b: MEME'S\n|-supereffective|p2b: MEME'S\n|-damage|p2b: MEME'S|0 fnt\n|faint|p2b: MEME'S\n|move|p2a: Cleric|Knock Off|p1a: The Dittler\n|-supereffective|p1a: The Dittler\n|-damage|p1a: The Dittler|0 fnt\n|faint|p1a: The Dittler\n|move|p1b: Oeuf|Reflect|p1b: Oeuf\n|-sidestart|p1: Jam35_Name|Reflect\n|\n|-damage|p1b: Oeuf|13\/100 brn|[from] brn\n|upkeep\n|\n|t:|1700336975\n|switch|p1a: Balls|Magneton|100\/100\n|-damage|p1a: Balls|94\/100|[from] Stealth Rock\n|turn|10\n|\n|t:|1700336987\n|move|p1a: Balls|Helping Hand|p1b: Oeuf\n|-singleturn|p1b: Oeuf|Helping Hand|[of] p1a: Balls\n|move|p2a: Cleric|Knock Off|p1b: Oeuf\n|-damage|p1b: Oeuf|7\/100 brn\n|-enditem|p1b: Oeuf|Eviolite|[from] move: Knock Off|[of] p2a: Cleric\n|move|p1b: Oeuf|Brick Break|p2a: Cleric\n|-damage|p2a: Cleric|92\/100\n|\n|-damage|p1b: Oeuf|0 fnt|[from] brn\n|faint|p1b: Oeuf\n|upkeep\n|\n|t:|1700336998\n|switch|p1b: Kinda Sus|Cloyster, F, shiny, tera:Electric|69\/100\n|-damage|p1b: Kinda Sus|57\/100|[from] Stealth Rock\n|turn|11\n|\n|t:|1700337005\n|move|p1b: Kinda Sus|Shell Smash|p1b: Kinda Sus\n|-unboost|p1b: Kinda Sus|def|1\n|-unboost|p1b: Kinda Sus|spd|1\n|-boost|p1b: Kinda Sus|atk|2\n|-boost|p1b: Kinda Sus|spa|2\n|-boost|p1b: Kinda Sus|spe|2\n|move|p1a: Balls|Thunderbolt|p2a: Cleric\n|-damage|p2a: Cleric|74\/100\n|move|p2a: Cleric|Knock Off|p1b: Kinda Sus\n|-damage|p1b: Kinda Sus|49\/100\n|\n|upkeep\n|turn|12\n|\n|t:|1700337017\n|move|p1b: Kinda Sus|Icicle Spear|p2a: Cleric\n|-damage|p2a: Cleric|58\/100\n|-damage|p2a: Cleric|44\/100\n|-damage|p2a: Cleric|28\/100\n|-damage|p2a: Cleric|14\/100\n|-damage|p2a: Cleric|0 fnt\n|faint|p2a: Cleric\n|-hitcount|p2: Cleric|5\n|\n|win|Jam35_Name\n","uploadtime":1700337030,"views":7,"p1id":"jam35name","p2id":"thatsrealnito2","formatid":"gen9nationaldexdoubles","rating":0,"private":0,"password":""}