{"id":"gen9nationaldexdoubles-1981695239","p1":"UltraVapor","p2":"ionmakarron","format":"[Gen 9] National Dex Doubles","log":"|j|\u2606UltraVapor\n|j|\u2606ionmakarron\n|t:|1698934414\n|gametype|doubles\n|player|p1|UltraVapor|shelly|1116\n|player|p2|ionmakarron|2|1016\n|teamsize|p1|6\n|teamsize|p2|4\n|gen|9\n|tier|[Gen 9] National Dex Doubles\n|rated|\n|rule|HP Percentage Mod: HP is shown in percentages\n|rule|Endless Battle Clause: Forcing endless battles is banned\n|rule|OHKO Clause: OHKO moves are banned\n|rule|Evasion Moves Clause: Evasion moves are banned\n|rule|Evasion Abilities Clause: Evasion abilities are banned\n|rule|Species Clause: Limit one of each Pok\u00e9mon\n|rule|Gravity Sleep Clause: The combination of sleep-inducing moves with imperfect accuracy and Gravity or Gigantamax Orbeetle are banned\n|clearpoke\n|poke|p1|Pelipper, M|\n|poke|p1|Vaporeon, F|\n|poke|p1|Walking Wake|\n|poke|p1|Basculegion-F, F|\n|poke|p1|Ogerpon-Wellspring, F|\n|poke|p1|Urshifu-*, M|\n|poke|p2|Ursaluna, M|\n|poke|p2|Oranguru, M|\n|poke|p2|Grafaiai, M|\n|poke|p2|Arboliva, M|\n|teampreview\n|\n|t:|1698934428\n|start\n|switch|p1a: Pelipper|Pelipper, M|100\/100\n|switch|p1b: Ogerpon|Ogerpon-Wellspring, F|100\/100\n|switch|p2a: Oranguru|Oranguru, M|100\/100\n|switch|p2b: Ursaluna|Ursaluna, M|100\/100\n|-weather|RainDance|[from] ability: Drizzle|[of] p1a: Pelipper\n|turn|1\n|\n|t:|1698934447\n|switch|p2b: Arboliva|Arboliva, M|100\/100\n|move|p1b: Ogerpon|Ivy Cudgel|p2b: Arboliva\n|-resisted|p2b: Arboliva\n|-damage|p2b: Arboliva|55\/100\n|-fieldstart|move: Grassy Terrain|[from] ability: Seed Sower|[of] p2b: Arboliva\n|move|p1a: Pelipper|Tailwind|p1a: Pelipper\n|-sidestart|p1: UltraVapor|move: Tailwind\n|move|p2a: Oranguru|Trick Room|p2a: Oranguru\n|-fieldstart|move: Trick Room|[of] p2a: Oranguru\n|\n|-weather|RainDance|[upkeep]\n|-heal|p2b: Arboliva|61\/100|[from] Grassy Terrain\n|upkeep\n|turn|2\n|\n|t:|1698934482\n|-terastallize|p2b: Arboliva|Grass\n|move|p2b: Arboliva|Energy Ball|p1b: Ogerpon\n|-damage|p1b: Ogerpon|20\/100\n|move|p2a: Oranguru|Psychic|p1b: Ogerpon\n|-damage|p1b: Ogerpon|0 fnt\n|faint|p1b: Ogerpon\n|move|p1a: Pelipper|Toxic|p2a: Oranguru\n|-status|p2a: Oranguru|tox\n|\n|-weather|RainDance|[upkeep]\n|-heal|p2b: Arboliva|67\/100|[from] Grassy Terrain\n|-damage|p2a: Oranguru|94\/100 tox|[from] psn\n|upkeep\n|\n|t:|1698934500\n|switch|p1b: Walking Wake|Walking Wake|100\/100\n|-enditem|p1b: Walking Wake|Booster Energy\n|-activate|p1b: Walking Wake|ability: Protosynthesis|[fromitem]\n|-start|p1b: Walking Wake|protosynthesisspa\n|turn|3\n|\n|t:|1698934520\n|move|p2b: Arboliva|Leech Seed|p1b: Walking Wake\n|-start|p1b: Walking Wake|move: Leech Seed\n|move|p2a: Oranguru|Psychic|p1a: Pelipper\n|-damage|p1a: Pelipper|55\/100\n|move|p1a: Pelipper|Toxic|p2b: Arboliva\n|-status|p2b: Arboliva|tox\n|move|p1b: Walking Wake|Hydro Steam|p2a: Oranguru\n|-damage|p2a: Oranguru|23\/100 tox\n|\n|-weather|RainDance|[upkeep]\n|-heal|p2b: Arboliva|73\/100 tox|[from] Grassy Terrain\n|-heal|p2a: Oranguru|30\/100 tox|[from] Grassy Terrain\n|-heal|p2a: Oranguru|36\/100 tox|[from] item: Leftovers\n|-damage|p1b: Walking Wake|88\/100|[from] Leech Seed|[of] p2b: Arboliva\n|-heal|p2b: Arboliva|87\/100 tox|[silent]\n|-damage|p2b: Arboliva|81\/100 tox|[from] psn\n|-damage|p2a: Oranguru|23\/100 tox|[from] psn\n|upkeep\n|turn|4\n|\n|t:|1698934569\n|switch|p2a: Grafaiai|Grafaiai, M|100\/100\n|move|p2b: Arboliva|Dazzling Gleam|p1b: Walking Wake|[spread] p1a,p1b\n|-supereffective|p1b: Walking Wake\n|-damage|p1a: Pelipper|25\/100\n|-damage|p1b: Walking Wake|52\/100\n|move|p1a: Pelipper|U-turn|p2b: Arboliva\n|-supereffective|p2b: Arboliva\n|-damage|p2b: Arboliva|66\/100 tox\n|\n|t:|1698934578\n|switch|p1a: Vaporeon|Vaporeon, F, shiny|100\/100|[from] U-turn\n|move|p1b: Walking Wake|Hydro Steam|p2a: Grafaiai\n|-damage|p2a: Grafaiai|24\/100\n|\n|-weather|RainDance|[upkeep]\n|-heal|p2b: Arboliva|72\/100 tox|[from] Grassy Terrain\n|-heal|p2a: Grafaiai|30\/100|[from] Grassy Terrain\n|-heal|p2a: Grafaiai|36\/100|[from] item: Black Sludge\n|-heal|p1b: Walking Wake|58\/100|[from] Grassy Terrain\n|-damage|p1b: Walking Wake|45\/100|[from] Leech Seed|[of] p2b: Arboliva\n|-heal|p2b: Arboliva|86\/100 tox|[silent]\n|-damage|p2b: Arboliva|74\/100 tox|[from] psn\n|-sideend|p1: UltraVapor|move: Tailwind\n|upkeep\n|turn|5\n|\n|t:|1698934603\n|-terastallize|p1a: Vaporeon|Poison\n|move|p2b: Arboliva|Leech Seed|p1a: Vaporeon|[miss]\n|-miss|p2b: Arboliva|p1a: Vaporeon\n|move|p1a: Vaporeon|Aqua Ring|p1a: Vaporeon\n|-start|p1a: Vaporeon|Aqua Ring\n|move|p2a: Grafaiai|Poison Jab|p1b: Walking Wake\n|-damage|p1b: Walking Wake|16\/100\n|move|p1b: Walking Wake|Hydro Steam|p2a: Grafaiai\n|-damage|p2a: Grafaiai|0 fnt\n|faint|p2a: Grafaiai\n|\n|-weather|RainDance|[upkeep]\n|-heal|p2b: Arboliva|80\/100 tox|[from] Grassy Terrain\n|-heal|p1b: Walking Wake|23\/100|[from] Grassy Terrain\n|-damage|p1b: Walking Wake|10\/100|[from] Leech Seed|[of] p2b: Arboliva\n|-heal|p2b: Arboliva|94\/100 tox|[silent]\n|-damage|p2b: Arboliva|76\/100 tox|[from] psn\n|-fieldend|move: Trick Room\n|-fieldend|move: Grassy Terrain\n|upkeep\n|\n|t:|1698934616\n|switch|p2a: Oranguru|Oranguru, M|23\/100 tox\n|turn|6\n|\n|t:|1698934643\n|move|p1b: Walking Wake|Hydro Steam|p2b: Arboliva\n|-resisted|p2b: Arboliva\n|-damage|p2b: Arboliva|41\/100 tox\n|-fieldstart|move: Grassy Terrain|[from] ability: Seed Sower|[of] p2b: Arboliva\n|move|p1a: Vaporeon|Calm Mind|p1a: Vaporeon\n|-boost|p1a: Vaporeon|spa|1\n|-boost|p1a: Vaporeon|spd|1\n|move|p2b: Arboliva|Leech Seed|p1a: Vaporeon\n|-start|p1a: Vaporeon|move: Leech Seed\n|move|p2a: Oranguru|Trick Room|p2a: Oranguru\n|-fieldstart|move: Trick Room|[of] p2a: Oranguru\n|\n|-weather|RainDance|[upkeep]\n|-heal|p2b: Arboliva|47\/100 tox|[from] Grassy Terrain\n|-heal|p2a: Oranguru|30\/100 tox|[from] Grassy Terrain\n|-heal|p2a: Oranguru|36\/100 tox|[from] item: Leftovers\n|-heal|p1b: Walking Wake|16\/100|[from] Grassy Terrain\n|-damage|p1a: Vaporeon|88\/100|[from] Leech Seed|[of] p2b: Arboliva\n|-heal|p2b: Arboliva|67\/100 tox|[silent]\n|-damage|p1b: Walking Wake|4\/100|[from] Leech Seed|[of] p2b: Arboliva\n|-heal|p2b: Arboliva|81\/100 tox|[silent]\n|-damage|p2b: Arboliva|57\/100 tox|[from] psn\n|-damage|p2a: Oranguru|30\/100 tox|[from] psn\n|upkeep\n|turn|7\n|\n|t:|1698934670\n|move|p2b: Arboliva|Energy Ball|p1a: Vaporeon\n|-resisted|p1a: Vaporeon\n|-damage|p1a: Vaporeon|73\/100\n|move|p2a: Oranguru|Instruct|p2b: Arboliva\n|-singleturn|p2b: Arboliva|move: Instruct|[of] p2a: Oranguru\n|move|p2b: Arboliva|Energy Ball|p1a: Vaporeon\n|-resisted|p1a: Vaporeon\n|-damage|p1a: Vaporeon|55\/100\n|move|p1a: Vaporeon|Tera Blast|p2b: Arboliva|[anim] Tera Blast Poison\n|-supereffective|p2b: Arboliva\n|-damage|p2b: Arboliva|0 fnt\n|faint|p2b: Arboliva\n|move|p1b: Walking Wake|Hydro Steam|p2a: Oranguru\n|-damage|p2a: Oranguru|0 fnt\n|faint|p2a: Oranguru\n|\n|-weather|RainDance|[upkeep]\n|-heal|p1a: Vaporeon|61\/100|[from] Grassy Terrain\n|-heal|p1a: Vaporeon|68\/100|[from] item: Leftovers\n|-heal|p1b: Walking Wake|10\/100|[from] Grassy Terrain\n|-heal|p1a: Vaporeon|74\/100|[from] Aqua Ring\n|upkeep\n|\n|t:|1698934685\n|switch|p2a: Ursaluna|Ursaluna, M|100\/100\n|turn|8\n|c|\u2606UltraVapor|gg\n|\n|t:|1698934705\n|move|p2a: Ursaluna|Earthquake|p1a: Vaporeon|[spread] p1a,p1b\n|-supereffective|p1a: Vaporeon\n|-damage|p1a: Vaporeon|34\/100\n|-damage|p1b: Walking Wake|0 fnt\n|faint|p1b: Walking Wake\n|-end|p1b: Walking Wake|Protosynthesis|[silent]\n|move|p1a: Vaporeon|Scald|p2a: Ursaluna\n|-supereffective|p2a: Ursaluna\n|-damage|p2a: Ursaluna|0 fnt\n|faint|p2a: Ursaluna\n|\n|win|UltraVapor\n|raw|UltraVapor's rating: 1116 &rarr; <strong>1134<\/strong><br \/>(+18 for winning)\n|raw|ionmakarron's rating: 1016 &rarr; <strong>1007<\/strong><br \/>(-9 for losing)\n|l|\u2606ionmakarron\n","uploadtime":1698934715,"views":7,"p1id":"ultravapor","p2id":"ionmakarron","formatid":"gen9nationaldexdoubles","rating":1007,"private":0,"password":""}