{"id":"gen9nationaldexdoubles-1971689812","p1":"MathHacker","p2":"ccD8 3+","format":"[Gen 9] National Dex Doubles","log":"|j|\u2606MathHacker\n|j|\u2606ccD8 3+\n|t:|1697761457\n|gametype|doubles\n|player|p1|MathHacker|richboy-gen4|1422\n|player|p2|ccD8 3+|265|1471\n|teamsize|p1|6\n|teamsize|p2|6\n|gen|9\n|tier|[Gen 9] National Dex Doubles\n|rated|\n|rule|HP Percentage Mod: HP is shown in percentages\n|rule|Endless Battle Clause: Forcing endless battles is banned\n|rule|OHKO Clause: OHKO moves are banned\n|rule|Evasion Moves Clause: Evasion moves are banned\n|rule|Evasion Abilities Clause: Evasion abilities are banned\n|rule|Species Clause: Limit one of each Pok\u00e9mon\n|rule|Gravity Sleep Clause: The combination of sleep-inducing moves with imperfect accuracy and Gravity or Gigantamax Orbeetle are banned\n|clearpoke\n|poke|p1|Shuckle, F|\n|poke|p1|Pelipper, M|\n|poke|p1|Cresselia, F|\n|poke|p1|Torkoal, M|\n|poke|p1|Oranguru, M|\n|poke|p1|Ursaluna, F|\n|poke|p2|Charizard, F|\n|poke|p2|Chi-Yu|\n|poke|p2|Flutter Mane|\n|poke|p2|Whimsicott, F|\n|poke|p2|Zygarde|\n|poke|p2|Chien-Pao|\n|teampreview\n|inactive|Battle timer is ON: inactive players will automatically lose when time's up. (requested by ccD8 3+)\n|\n|t:|1697761464\n|start\n|switch|p1a: Shucky|Shuckle, F, shiny|100\/100\n|switch|p1b: munke|Oranguru, M|100\/100\n|switch|p2a: Whimsicott|Whimsicott, F|100\/100\n|switch|p2b: Charizard|Charizard, F|100\/100\n|turn|1\n|\n|t:|1697761478\n|detailschange|p2b: Charizard|Charizard-Mega-Y, F\n|-mega|p2b: Charizard|Charizard|Charizardite Y\n|-weather|SunnyDay|[from] ability: Drought|[of] p2b: Charizard\n|move|p2a: Whimsicott|Taunt|p1b: munke\n|-start|p1b: munke|move: Taunt\n|-enditem|p1b: munke|Mental Herb\n|-end|p1b: munke|move: Taunt\n|move|p2b: Charizard|Heat Wave|p1a: Shucky|[spread] p1a,p1b\n|-damage|p1a: Shucky|60\/100\n|-damage|p1b: munke|47\/100\n|move|p1a: Shucky|Power Trick|p1a: Shucky\n|-start|p1a: Shucky|Power Trick\n|move|p1b: munke|Trick Room|p1b: munke\n|-fieldstart|move: Trick Room|[of] p1b: munke\n|\n|-weather|SunnyDay|[upkeep]\n|upkeep\n|turn|2\n|inactive|MathHacker has 120 seconds left.\n|\n|t:|1697761513\n|move|p2b: Charizard|Protect|p2b: Charizard\n|-singleturn|p2b: Charizard|Protect\n|move|p2a: Whimsicott|Encore|p1b: munke\n|-start|p1b: munke|Encore\n|move|p1a: Shucky|Rock Slide|p2a: Whimsicott|[spread] p2a\n|-activate|p2b: Charizard|move: Protect\n|-crit|p2a: Whimsicott\n|-damage|p2a: Whimsicott|0 fnt\n|faint|p2a: Whimsicott\n|move|p1b: munke|Trick Room|p1b: munke\n|-fieldend|move: Trick Room\n|\n|-weather|SunnyDay|[upkeep]\n|upkeep\n|inactive|ccD8 3+ has 120 seconds left.\n|\n|t:|1697761541\n|switch|p2a: Zygarde|Zygarde|100\/100\n|-ability|p2a: Zygarde|Aura Break\n|turn|3\n|inactive|MathHacker has 120 seconds left.\n|\n|t:|1697761569\n|switch|p1a: Bird|Pelipper, M|100\/100\n|-weather|RainDance|[from] ability: Drizzle|[of] p1a: Bird\n|move|p2a: Zygarde|Extreme Speed|p1a: Bird\n|-damage|p1a: Bird|63\/100\n|move|p2b: Charizard|Heat Wave|p1b: munke|[spread] p1a,p1b\n|-resisted|p1a: Bird\n|-damage|p1a: Bird|50\/100\n|-damage|p1b: munke|31\/100\n|move|p1b: munke|Trick Room|p1b: munke\n|-fieldstart|move: Trick Room|[of] p1b: munke\n|\n|-weather|RainDance|[upkeep]\n|upkeep\n|turn|4\n|inactive|MathHacker has 120 seconds left.\n|\n|t:|1697761621\n|switch|p1b: Shucky|Shuckle, F, shiny|60\/100\n|switch|p2b: Chien-Pao|Chien-Pao|100\/100\n|-ability|p2b: Chien-Pao|Sword of Ruin\n|move|p2a: Zygarde|Extreme Speed|p1a: Bird\n|-damage|p1a: Bird|0 fnt\n|faint|p1a: Bird\n|\n|-weather|RainDance|[upkeep]\n|upkeep\n|inactive|MathHacker has 90 seconds left.\n|inactive|MathHacker has 60 seconds left.\n|\n|t:|1697761664\n|switch|p1a: ber|Ursaluna, F|100\/100\n|turn|5\n|\n|t:|1697761684\n|move|p1a: ber|Protect|p1a: ber\n|-singleturn|p1a: ber|Protect\n|move|p2a: Zygarde|Extreme Speed|p1b: Shucky\n|-resisted|p1b: Shucky\n|-damage|p1b: Shucky|45\/100\n|move|p1b: Shucky|Power Trick|p1b: Shucky\n|-start|p1b: Shucky|Power Trick\n|move|p2b: Chien-Pao|Ice Spinner|p1a: ber\n|-activate|p1a: ber|move: Protect\n|\n|-weather|RainDance|[upkeep]\n|-status|p1a: ber|brn|[from] item: Flame Orb\n|upkeep\n|turn|6\n|inactive|MathHacker has 60 seconds left.\n|\n|t:|1697761718\n|move|p2a: Zygarde|Extreme Speed|p1b: Shucky\n|-resisted|p1b: Shucky\n|-damage|p1b: Shucky|0 fnt\n|faint|p1b: Shucky\n|move|p2b: Chien-Pao|Sucker Punch|p1a: ber\n|-damage|p1a: ber|64\/100 brn\n|move|p1a: ber|Facade|p2b: Chien-Pao\n|-enditem|p2b: Chien-Pao|Focus Sash\n|-damage|p2b: Chien-Pao|1\/100\n|\n|-weather|RainDance|[upkeep]\n|-damage|p1a: ber|58\/100 brn|[from] brn\n|upkeep\n|inactive|MathHacker has 60 seconds left.\n|inactive|MathHacker has 30 seconds left.\n|\n|t:|1697761755\n|switch|p1b: Cresselia|Cresselia, F, shiny|100\/100\n|turn|7\n|\n|t:|1697761780\n|move|p1b: Cresselia|Helping Hand|p1a: ber\n|-singleturn|p1a: ber|Helping Hand|[of] p1b: Cresselia\n|move|p2a: Zygarde|Extreme Speed|p1a: ber\n|-damage|p1a: ber|19\/100 brn\n|move|p2b: Chien-Pao|Sucker Punch|p1a: ber\n|-damage|p1a: ber|0 fnt\n|faint|p1a: ber\n|\n|-weather|none\n|-fieldend|move: Trick Room\n|upkeep\n|inactive|MathHacker has 30 seconds left.\n|\n|t:|1697761798\n|switch|p1a: Yertle|Torkoal, M|100\/100\n|-weather|SunnyDay|[from] ability: Drought|[of] p1a: Yertle\n|turn|8\n|inactive|ccD8 3+ has 120 seconds left.\n|\n|t:|1697761829\n|move|p1a: Yertle|Protect|p1a: Yertle\n|-singleturn|p1a: Yertle|Protect\n|move|p2a: Zygarde|Extreme Speed|p1b: Cresselia\n|-damage|p1b: Cresselia|71\/100\n|move|p2b: Chien-Pao|Ice Spinner|p1b: Cresselia\n|-damage|p1b: Cresselia|40\/100\n|move|p1b: Cresselia|Trick Room|p1b: Cresselia\n|-fieldstart|move: Trick Room|[of] p1b: Cresselia\n|\n|-weather|SunnyDay|[upkeep]\n|-heal|p1b: Cresselia|46\/100|[from] item: Leftovers\n|upkeep\n|turn|9\n|inactive|MathHacker has 30 seconds left.\n|\n|t:|1697761864\n|move|p2b: Chien-Pao|Protect|p2b: Chien-Pao\n|-singleturn|p2b: Chien-Pao|Protect\n|move|p1b: Cresselia|Ally Switch|p1b: Cresselia\n|swap|p1b: Cresselia|0|[from] move: Ally Switch\n|move|p2a: Zygarde|Extreme Speed|p1b: Yertle\n|-damage|p1b: Yertle|54\/100\n|move|p1b: Yertle|Eruption|p2a: Zygarde|[spread] p2a\n|-activate|p2b: Chien-Pao|move: Protect\n|-resisted|p2a: Zygarde\n|-damage|p2a: Zygarde|79\/100\n|\n|-weather|SunnyDay|[upkeep]\n|-heal|p1a: Cresselia|52\/100|[from] item: Leftovers\n|upkeep\n|turn|10\n|j| Zetious\n|inactive|MathHacker has 30 seconds left.\n|\n|t:|1697761890\n|move|p2a: Zygarde|Extreme Speed|p1b: Yertle\n|-damage|p1b: Yertle|11\/100\n|move|p2b: Chien-Pao|Sucker Punch||[still]\n|-fail|p2b: Chien-Pao\n|move|p1b: Yertle|Eruption|p2a: Zygarde|[spread] p2a,p2b\n|-resisted|p2a: Zygarde\n|-supereffective|p2b: Chien-Pao\n|-damage|p2a: Zygarde|74\/100\n|-damage|p2b: Chien-Pao|0 fnt\n|faint|p2b: Chien-Pao\n|move|p1a: Cresselia|Lunar Blessing|p1a: Cresselia|[spread] p1a,p1b\n|-heal|p1a: Cresselia|77\/100\n|-heal|p1b: Yertle|36\/100\n|\n|-weather|SunnyDay|[upkeep]\n|-heal|p1a: Cresselia|83\/100|[from] item: Leftovers\n|upkeep\n|\n|t:|1697761901\n|switch|p2b: Chi-Yu|Chi-Yu|100\/100\n|-ability|p2b: Chi-Yu|Beads of Ruin\n|turn|11\n|\n|t:|1697761928\n|switch|p2a: Flutter Mane|Flutter Mane|100\/100\n|-activate|p2a: Flutter Mane|ability: Protosynthesis\n|-start|p2a: Flutter Mane|protosynthesisspe\n|move|p1b: Yertle|Solar Beam||[still]\n|-prepare|p1b: Yertle|Solar Beam\n|-anim|p1b: Yertle|Solar Beam|p2a: Flutter Mane\n|-damage|p2a: Flutter Mane|64\/100\n|move|p1a: Cresselia|Lunar Blessing|p1a: Cresselia|[spread] p1a,p1b\n|-heal|p1a: Cresselia|100\/100\n|-heal|p1b: Yertle|61\/100\n|-zpower|p2b: Chi-Yu\n|move|p2b: Chi-Yu|Inferno Overdrive|p1a: Cresselia|[zeffect]\n|-damage|p1a: Cresselia|0 fnt\n|faint|p1a: Cresselia\n|\n|-weather|SunnyDay|[upkeep]\n|upkeep\n|inactive|MathHacker has 30 seconds left.\n|\n|t:|1697761945\n|switch|p1a: munke|Oranguru, M|31\/100\n|turn|12\n|\n|t:|1697761963\n|-terastallize|p1b: Yertle|Fire\n|move|p1b: Yertle|Eruption|p2a: Flutter Mane|[spread] p2a,p2b\n|-resisted|p2b: Chi-Yu\n|-damage|p2a: Flutter Mane|0 fnt\n|-damage|p2b: Chi-Yu|61\/100\n|faint|p2a: Flutter Mane\n|-end|p2a: Flutter Mane|Protosynthesis|[silent]\n|move|p1a: munke|Instruct|p1b: Yertle\n|-singleturn|p1b: Yertle|move: Instruct|[of] p1a: munke\n|move|p1b: Yertle|Eruption|p2b: Chi-Yu\n|-resisted|p2b: Chi-Yu\n|-damage|p2b: Chi-Yu|7\/100\n|move|p2b: Chi-Yu|Heat Wave|p1b: Yertle|[spread] p1a,p1b\n|-resisted|p1b: Yertle\n|-damage|p1a: munke|0 fnt\n|-damage|p1b: Yertle|13\/100\n|faint|p1a: munke\n|\n|-weather|none\n|-fieldend|move: Trick Room\n|upkeep\n|\n|t:|1697761978\n|switch|p2a: Charizard|Charizard-Mega-Y, F|100\/100\n|-weather|SunnyDay|[from] ability: Drought|[of] p2a: Charizard\n|turn|13\n|inactive|MathHacker has 60 seconds left.\n|\n|t:|1697761983\n|move|p2b: Chi-Yu|Overheat|p1b: Yertle\n|-resisted|p1b: Yertle\n|-damage|p1b: Yertle|0 fnt\n|-unboost|p2b: Chi-Yu|spa|2\n|faint|p1b: Yertle\n|\n|win|ccD8 3+\n|raw|MathHacker's rating: 1422 &rarr; <strong>1405<\/strong><br \/>(-17 for losing)\n|raw|ccD8 3+'s rating: 1471 &rarr; <strong>1488<\/strong><br \/>(+17 for winning)\n|c|\u2606ccD8 3+|gg\n|c|\u2606MathHacker|gg, you just kept out playing me\n|c|\u2606ccD8 3+|ye\n|c|\u2606ccD8 3+|power trick shuckle almost got me\n|c|\u2606ccD8 3+|scared the shit out of me lol\n|c|\u2606ccD8 3+|ohko'd my whim\n|c|\u2606MathHacker|If I'd read encore maybe I could've got enough momentum\n|l| Zetious\n|c|\u2606ccD8 3+|im not sure\n|c|\u2606ccD8 3+|i had so much control with my prio in tr\n|c|\u2606MathHacker|oh yeah true, shuckle probably wouldn't last long anyway\n|c|\u2606ccD8 3+|i was shocked when e-speed killed it\n|c|\u2606ccD8 3+|i doubled hoping sucker would of killed\n|c|\u2606ccD8 3+|i guess zyg built different\n|c|\u2606ccD8 3+|well ima post this in the discord. l8r\n","uploadtime":1697762099,"views":10,"p1id":"mathhacker","p2id":"ccd83","formatid":"gen9nationaldexdoubles","rating":1405,"private":0,"password":""}