{"id":"gen9nationaldexdoubles-1962642852","p1":"Portguitas","p2":"d3adWiz4rd","format":"[Gen 9] National Dex Doubles","log":"|j|\u2606Portguitas\n|j|\u2606d3adWiz4rd\n|t:|1696777920\n|gametype|doubles\n|player|p1|Portguitas|ethan|\n|player|p2|d3adWiz4rd|1|\n|teamsize|p1|6\n|teamsize|p2|6\n|gen|9\n|tier|[Gen 9] National Dex Doubles\n|rule|HP Percentage Mod: HP is shown in percentages\n|rule|Endless Battle Clause: Forcing endless battles is banned\n|rule|OHKO Clause: OHKO moves are banned\n|rule|Evasion Moves Clause: Evasion moves are banned\n|rule|Evasion Abilities Clause: Evasion abilities are banned\n|rule|Species Clause: Limit one of each Pok\u00e9mon\n|rule|Gravity Sleep Clause: The combination of sleep-inducing moves with imperfect accuracy and Gravity or Gigantamax Orbeetle are banned\n|clearpoke\n|poke|p1|Typhlosion-Hisui, M|\n|poke|p1|Gliscor, M|\n|poke|p1|Murkrow, F|\n|poke|p1|Incineroar, F|\n|poke|p1|Flutter Mane|\n|poke|p1|Roaring Moon|\n|poke|p2|Dusclops, M|\n|poke|p2|Sableye, F|\n|poke|p2|Krookodile, M|\n|poke|p2|Zoroark-Hisui, M|\n|poke|p2|Skeledirge, M|\n|poke|p2|Absol, M|\n|teampreview\n|\n|t:|1696777947\n|start\n|switch|p1a: AsumiNews|Murkrow, F|100\/100\n|switch|p1b: Tsuki|Roaring Moon, shiny|100\/100\n|switch|p2a: Sableye|Sableye, F|100\/100\n|switch|p2b: Krookodile|Krookodile, M|100\/100\n|-enditem|p1b: Tsuki|Booster Energy\n|-activate|p1b: Tsuki|ability: Protosynthesis|[fromitem]\n|-start|p1b: Tsuki|protosynthesisatk\n|turn|1\n|\n|t:|1696777971\n|move|p1a: AsumiNews|Tailwind|p1a: AsumiNews\n|-sidestart|p1: Portguitas|move: Tailwind\n|move|p2a: Sableye|Taunt|p1a: AsumiNews\n|-hint|Since gen 7, Dark is immune to Prankster moves.\n|-immune|p1a: AsumiNews\n|move|p1b: Tsuki|Acrobatics|p2b: Krookodile\n|-damage|p2b: Krookodile|39\/100\n|move|p2b: Krookodile|Body Slam|p1b: Tsuki\n|-damage|p1b: Tsuki|65\/100\n|\n|upkeep\n|turn|2\n|\n|t:|1696777998\n|move|p1a: AsumiNews|Sunny Day|p1a: AsumiNews\n|-weather|SunnyDay\n|move|p1b: Tsuki|Dragon Claw|p2b: Krookodile\n|-damage|p2b: Krookodile|0 fnt\n|faint|p2b: Krookodile\n|move|p2a: Sableye|Knock Off|p1a: AsumiNews\n|-resisted|p1a: AsumiNews\n|-damage|p1a: AsumiNews|87\/100\n|-enditem|p1a: AsumiNews|Eviolite|[from] move: Knock Off|[of] p2a: Sableye\n|\n|-weather|SunnyDay|[upkeep]\n|upkeep\n|\n|t:|1696778017\n|switch|p2b: Dusclops|Dusclops, M, shiny|100\/100\n|turn|3\n|\n|t:|1696778027\n|move|p2a: Sableye|Fake Out||[still]\n|-hint|Fake Out only works on your first turn out.\n|-fail|p2a: Sableye\n|move|p1a: AsumiNews|Taunt|p2b: Dusclops\n|-start|p2b: Dusclops|move: Taunt\n|move|p1b: Tsuki|Crunch|p2b: Dusclops\n|-supereffective|p2b: Dusclops\n|-damage|p2b: Dusclops|24\/100\n|move|p2b: Dusclops|Leech Life|p1a: AsumiNews\n|-damage|p1a: AsumiNews|55\/100\n|-heal|p2b: Dusclops|43\/100|[from] drain|[of] p1a: AsumiNews\n|\n|-weather|SunnyDay|[upkeep]\n|upkeep\n|turn|4\n|\n|t:|1696778107\n|switch|p1a: Minina|Incineroar, F, shiny|100\/100\n|-ability|p1a: Minina|Intimidate|boost\n|-unboost|p2a: Sableye|atk|1\n|-unboost|p2b: Dusclops|atk|1\n|switch|p2a: Absol|Absol, M, shiny|100\/100\n|-terastallize|p1b: Tsuki|Flying\n|move|p1b: Tsuki|Acrobatics|p2a: Absol\n|-damage|p2a: Absol|0 fnt\n|faint|p2a: Absol\n|move|p2b: Dusclops|Poltergeist||[still]\n|-fail|p2b: Dusclops\n|\n|-weather|SunnyDay|[upkeep]\n|-sideend|p1: Portguitas|move: Tailwind\n|upkeep\n|\n|t:|1696778123\n|switch|p2a: Skeledirge|Skeledirge, M|100\/100\n|turn|5\n|\n|t:|1696778139\n|move|p1b: Tsuki|Crunch|p2a: Skeledirge\n|-supereffective|p2a: Skeledirge\n|-damage|p2a: Skeledirge|0 fnt\n|replace|p2a: Zoroark|Zoroark-Hisui, M\n|-end|p2a: Zoroark|Illusion\n|faint|p2a: Zoroark\n|move|p1a: Minina|Knock Off|p2b: Dusclops\n|-supereffective|p2b: Dusclops\n|-damage|p2b: Dusclops|0 fnt\n|-enditem|p2b: Dusclops|Eviolite|[from] move: Knock Off|[of] p1a: Minina\n|faint|p2b: Dusclops\n|\n|-weather|SunnyDay|[upkeep]\n|upkeep\n|-message|d3adWiz4rd forfeited.\n|\n|win|Portguitas\n|l|\u2606d3adWiz4rd\n","uploadtime":1696778157,"views":14,"p1id":"portguitas","p2id":"d3adwiz4rd","formatid":"gen9nationaldexdoubles","rating":0,"private":0,"password":""}