{"id":"gen9nationaldexdoubles-1999327083","p1":"Smudge","p2":"glimmeraqua","format":"[Gen 9] National Dex Doubles","log":"|j|\u2606Smudge\n|j|\u2606glimmeraqua\n|t:|1701060873\n|gametype|doubles\n|player|p1|Smudge|#dwcopiii|\n|player|p2|glimmeraqua|elesa-masters|\n|teamsize|p1|6\n|teamsize|p2|6\n|gen|9\n|tier|[Gen 9] National Dex Doubles\n|rule|HP Percentage Mod: HP is shown in percentages\n|rule|Endless Battle Clause: Forcing endless battles is banned\n|rule|OHKO Clause: OHKO moves are banned\n|rule|Evasion Moves Clause: Evasion moves are banned\n|rule|Evasion Abilities Clause: Evasion abilities are banned\n|rule|Species Clause: Limit one of each Pok\u00e9mon\n|rule|Gravity Sleep Clause: The combination of sleep-inducing moves with imperfect accuracy and Gravity or Gigantamax Orbeetle are banned\n|clearpoke\n|poke|p1|Tornadus, M|\n|poke|p1|Ogerpon-Hearthflame, F|\n|poke|p1|Rillaboom, F|\n|poke|p1|Chi-Yu|\n|poke|p1|Zamazenta-*|\n|poke|p1|Flutter Mane|\n|poke|p2|Deoxys-Speed|\n|poke|p2|Chien-Pao|\n|poke|p2|Urshifu-*, F|\n|poke|p2|Rillaboom, F|\n|poke|p2|Kingambit, F|\n|poke|p2|Salamence, F|\n|teampreview\n|inactive|Battle timer is ON: inactive players will automatically lose when time's up. (requested by Smudge)\n|inactive|glimmeraqua also wants the timer to be on.\n|j| seta0052\n|inactive|Smudge has 270 seconds left.\n|\n|t:|1701060916\n|start\n|switch|p1a: Rillaboom|Rillaboom, F|100\/100\n|switch|p1b: Chi-Yu|Chi-Yu|100\/100\n|switch|p2a: Deoxys|Deoxys-Speed|100\/100\n|switch|p2b: Urshifu|Urshifu-Rapid-Strike, F|100\/100\n|-ability|p2a: Deoxys|Pressure\n|-ability|p1b: Chi-Yu|Beads of Ruin\n|-fieldstart|move: Grassy Terrain|[from] ability: Grassy Surge|[of] p1a: Rillaboom\n|-enditem|p1b: Chi-Yu|Grassy Seed\n|-boost|p1b: Chi-Yu|def|1|[from] item: Grassy Seed\n|turn|1\n|\n|t:|1701060940\n|switch|p2b: Salamence|Salamence, F|100\/100\n|-ability|p2b: Salamence|Intimidate|boost\n|-unboost|p1a: Rillaboom|atk|1\n|-unboost|p1b: Chi-Yu|atk|1\n|move|p1a: Rillaboom|Fake Out|p2b: Salamence\n|-damage|p2b: Salamence|86\/100\n|move|p2a: Deoxys|Stealth Rock|p1a: Rillaboom\n|-sidestart|p1: Smudge|move: Stealth Rock\n|move|p1b: Chi-Yu|Nasty Plot|p1b: Chi-Yu\n|-boost|p1b: Chi-Yu|spa|2\n|\n|upkeep\n|turn|2\n|inactive|Smudge has 270 seconds left.\n|\n|t:|1701060986\n|move|p2b: Salamence|Protect|p2b: Salamence\n|-singleturn|p2b: Salamence|Protect\n|move|p2a: Deoxys|Spikes|p1a: Rillaboom\n|-sidestart|p1: Smudge|Spikes\n|move|p1b: Chi-Yu|Dark Pulse|p2b: Salamence\n|-activate|p2b: Salamence|move: Protect\n|move|p1a: Rillaboom|U-turn|p2a: Deoxys\n|-supereffective|p2a: Deoxys\n|-damage|p2a: Deoxys|47\/100\n|\n|t:|1701060999\n|switch|p1a: Tornadus|Tornadus, M|100\/100|[from] U-turn\n|-damage|p1a: Tornadus|76\/100|[from] Stealth Rock\n|\n|-heal|p2a: Deoxys|53\/100|[from] Grassy Terrain\n|upkeep\n|turn|3\n|inactive|Smudge has 270 seconds left.\n|\n|t:|1701061022\n|switch|p2b: Chien-Pao|Chien-Pao|100\/100\n|-ability|p2b: Chien-Pao|Sword of Ruin\n|move|p1a: Tornadus|Tailwind|p1a: Tornadus\n|-sidestart|p1: Smudge|move: Tailwind\n|move|p1b: Chi-Yu|Dark Pulse|p2b: Chien-Pao\n|-resisted|p2b: Chien-Pao\n|-damage|p2b: Chien-Pao|28\/100\n|move|p2a: Deoxys|Psycho Boost|p1a: Tornadus\n|-damage|p1a: Tornadus|0 fnt\n|-unboost|p2a: Deoxys|spa|2\n|faint|p1a: Tornadus\n|\n|-heal|p2a: Deoxys|59\/100|[from] Grassy Terrain\n|-heal|p2b: Chien-Pao|34\/100|[from] Grassy Terrain\n|upkeep\n|\n|t:|1701061034\n|switch|p1a: Zamazenta|Zamazenta|100\/100\n|-damage|p1a: Zamazenta|94\/100|[from] Stealth Rock\n|-damage|p1a: Zamazenta|82\/100|[from] Spikes\n|-ability|p1a: Zamazenta|Dauntless Shield|boost\n|-boost|p1a: Zamazenta|def|1\n|turn|4\n|inactive|Smudge has 270 seconds left.\n|\n|t:|1701061053\n|move|p2b: Chien-Pao|Protect|p2b: Chien-Pao\n|-singleturn|p2b: Chien-Pao|Protect\n|move|p1a: Zamazenta|Body Press|p2b: Chien-Pao\n|-activate|p2b: Chien-Pao|move: Protect\n|move|p1b: Chi-Yu|Nasty Plot|p1b: Chi-Yu\n|-boost|p1b: Chi-Yu|spa|2\n|move|p2a: Deoxys|Psycho Boost|p1a: Zamazenta\n|-supereffective|p1a: Zamazenta\n|-damage|p1a: Zamazenta|16\/100\n|-unboost|p2a: Deoxys|spa|2\n|\n|-heal|p1a: Zamazenta|23\/100|[from] Grassy Terrain\n|-heal|p1a: Zamazenta|29\/100|[from] item: Leftovers\n|-heal|p2a: Deoxys|65\/100|[from] Grassy Terrain\n|-heal|p2b: Chien-Pao|40\/100|[from] Grassy Terrain\n|upkeep\n|turn|5\n|inactive|Smudge has 270 seconds left.\n|\n|t:|1701061074\n|move|p2b: Chien-Pao|Sucker Punch|p1b: Chi-Yu\n|-resisted|p1b: Chi-Yu\n|-damage|p1b: Chi-Yu|82\/100\n|move|p1a: Zamazenta|Body Press|p2b: Chien-Pao\n|-supereffective|p2b: Chien-Pao\n|-damage|p2b: Chien-Pao|0 fnt\n|faint|p2b: Chien-Pao\n|move|p1b: Chi-Yu|Heat Wave|p2a: Deoxys\n|-damage|p2a: Deoxys|0 fnt\n|faint|p2a: Deoxys\n|\n|-heal|p1a: Zamazenta|35\/100|[from] Grassy Terrain\n|-heal|p1a: Zamazenta|41\/100|[from] item: Leftovers\n|-heal|p1b: Chi-Yu|88\/100|[from] Grassy Terrain\n|-fieldend|move: Grassy Terrain\n|upkeep\n|\n|t:|1701061083\n|switch|p2a: Urshifu|Urshifu-Rapid-Strike, F|100\/100\n|switch|p2b: Salamence|Salamence, F|86\/100\n|-ability|p2b: Salamence|Intimidate|boost\n|-unboost|p1a: Zamazenta|atk|1\n|-unboost|p1b: Chi-Yu|atk|1\n|turn|6\n|inactive|glimmeraqua has 270 seconds left.\n|inactive|Smudge has 270 seconds left.\n|\n|t:|1701061145\n|detailschange|p2b: Salamence|Salamence-Mega, F\n|-mega|p2b: Salamence|Salamence|Salamencite\n|-terastallize|p1b: Chi-Yu|Grass\n|move|p1a: Zamazenta|Wide Guard|p1a: Zamazenta\n|-singleturn|p1a: Zamazenta|Wide Guard\n|move|p1b: Chi-Yu|Dark Pulse|p2b: Salamence\n|-damage|p2b: Salamence|0 fnt\n|faint|p2b: Salamence\n|move|p2a: Urshifu|Surging Strikes|p1b: Chi-Yu\n|-resisted|p1b: Chi-Yu\n|-crit|p1b: Chi-Yu\n|-damage|p1b: Chi-Yu|74\/100\n|-resisted|p1b: Chi-Yu\n|-crit|p1b: Chi-Yu\n|-damage|p1b: Chi-Yu|59\/100\n|-resisted|p1b: Chi-Yu\n|-crit|p1b: Chi-Yu\n|-damage|p1b: Chi-Yu|43\/100\n|-hitcount|p1b: Chi-Yu|3\n|\n|-heal|p1a: Zamazenta|47\/100|[from] item: Leftovers\n|-sideend|p1: Smudge|move: Tailwind\n|upkeep\n|\n|t:|1701061151\n|switch|p2b: Kingambit|Kingambit, F|100\/100\n|turn|7\n|inactive|Smudge has 270 seconds left.\n|inactive|glimmeraqua has 270 seconds left.\n|inactive|Smudge has 240 seconds left.\n|\n|t:|1701061192\n|-terastallize|p2b: Kingambit|Fairy\n|move|p1a: Zamazenta|Coaching|p1b: Chi-Yu\n|-boost|p1b: Chi-Yu|atk|1\n|-boost|p1b: Chi-Yu|def|1\n|move|p1b: Chi-Yu|Heat Wave|p2a: Urshifu|[spread] p2a,p2b\n|-resisted|p2a: Urshifu\n|-crit|p2a: Urshifu\n|-damage|p2a: Urshifu|0 fnt\n|-damage|p2b: Kingambit|20\/100\n|faint|p2a: Urshifu\n|move|p2b: Kingambit|Tera Blast|p1a: Zamazenta|[anim] Tera Blast Fairy\n|-supereffective|p1a: Zamazenta\n|-damage|p1a: Zamazenta|0 fnt\n|faint|p1a: Zamazenta\n|\n|upkeep\n|\n|t:|1701061204\n|switch|p1a: Rillaboom|Rillaboom, F|100\/100\n|switch|p2a: Rillaboom|Rillaboom, F|100\/100\n|-damage|p1a: Rillaboom|88\/100|[from] Stealth Rock\n|-damage|p1a: Rillaboom|76\/100|[from] Spikes\n|-fieldstart|move: Grassy Terrain|[from] ability: Grassy Surge|[of] p1a: Rillaboom\n|turn|8\n|inactive|Smudge has 270 seconds left.\n|\n|t:|1701061226\n|move|p1a: Rillaboom|Fake Out|p2a: Rillaboom\n|-damage|p2a: Rillaboom|86\/100\n|cant|p2a: Rillaboom|flinch\n|move|p2b: Kingambit|Sucker Punch|p1b: Chi-Yu\n|-damage|p1b: Chi-Yu|21\/100\n|move|p1b: Chi-Yu|Heat Wave|p2a: Rillaboom|[spread] p2a,p2b\n|-supereffective|p2a: Rillaboom\n|-crit|p2b: Kingambit\n|-damage|p2a: Rillaboom|0 fnt\n|-damage|p2b: Kingambit|0 fnt\n|faint|p2a: Rillaboom\n|faint|p2b: Kingambit\n|\n|win|Smudge\n|c|\u2606Smudge|gg\n|c|\u2606glimmeraqua|Gg\n|l|\u2606Smudge\n|l| seta0052\n","uploadtime":1701061239,"views":18,"p1id":"smudge","p2id":"glimmeraqua","formatid":"gen9nationaldexdoubles","rating":0,"private":0,"password":""}