{"id":"gen9nationaldexdoubles-1998161825","p1":"bhybhai","p2":"Redjoejo","format":"[Gen 9] National Dex Doubles","log":"|j|\u2606bhybhai\n|j|\u2606Redjoejo\n|t:|1700903628\n|gametype|doubles\n|player|p1|bhybhai|lass-gen4dp|1198\n|player|p2|Redjoejo|n|1331\n|teamsize|p1|6\n|teamsize|p2|6\n|gen|9\n|tier|[Gen 9] National Dex Doubles\n|rated|\n|rule|HP Percentage Mod: HP is shown in percentages\n|rule|Endless Battle Clause: Forcing endless battles is banned\n|rule|OHKO Clause: OHKO moves are banned\n|rule|Evasion Moves Clause: Evasion moves are banned\n|rule|Evasion Abilities Clause: Evasion abilities are banned\n|rule|Species Clause: Limit one of each Pok\u00e9mon\n|rule|Gravity Sleep Clause: The combination of sleep-inducing moves with imperfect accuracy and Gravity or Gigantamax Orbeetle are banned\n|clearpoke\n|poke|p1|Crawdaunt, F|\n|poke|p1|Ferrothorn, M|\n|poke|p1|Nidoking, M|\n|poke|p1|Gyarados, F|\n|poke|p1|Rotom-Wash|\n|poke|p1|Talonflame, F|\n|poke|p2|Serperior, M|\n|poke|p2|Pelipper, F|\n|poke|p2|Rillaboom, F|\n|poke|p2|Swampert, F|\n|poke|p2|Oranguru, M|\n|poke|p2|Barraskewda, F|\n|teampreview\n|\n|t:|1700903662\n|start\n|switch|p1a: Nidoking|Nidoking, M|100\/100\n|switch|p1b: Gyarados|Gyarados, F|100\/100\n|switch|p2a: \u8f70\u96f7\u91d1\u521a\u7329|Rillaboom, F, shiny|100\/100\n|switch|p2b: \u8bf8\u845b\u6751\u592b|Oranguru, M, shiny|100\/100\n|-fieldstart|move: Grassy Terrain|[from] ability: Grassy Surge|[of] p2a: \u8f70\u96f7\u91d1\u521a\u7329\n|-ability|p1b: Gyarados|Intimidate|boost\n|-unboost|p2a: \u8f70\u96f7\u91d1\u521a\u7329|atk|1\n|-fail|p2b: \u8bf8\u845b\u6751\u592b|unboost|Attack|[from] ability: Inner Focus|[of] p2b: \u8bf8\u845b\u6751\u592b\n|turn|1\n|inactive|Battle timer is ON: inactive players will automatically lose when time's up. (requested by Redjoejo)\n|\n|t:|1700903680\n|move|p1b: Gyarados|Helping Hand|p1a: Nidoking\n|-singleturn|p1a: Nidoking|Helping Hand|[of] p1b: Gyarados\n|move|p2a: \u8f70\u96f7\u91d1\u521a\u7329|Fake Out|p1b: Gyarados\n|-damage|p1b: Gyarados|92\/100\n|move|p1a: Nidoking|Sludge Wave|p2a: \u8f70\u96f7\u91d1\u521a\u7329|[spread] p1b,p2a,p2b\n|-supereffective|p2a: \u8f70\u96f7\u91d1\u521a\u7329\n|-damage|p1b: Gyarados|52\/100\n|-damage|p2a: \u8f70\u96f7\u91d1\u521a\u7329|12\/100\n|-damage|p2b: \u8bf8\u845b\u6751\u592b|56\/100\n|move|p2b: \u8bf8\u845b\u6751\u592b|Gravity|p2b: \u8bf8\u845b\u6751\u592b\n|-fieldstart|move: Gravity\n|\n|-heal|p2a: \u8f70\u96f7\u91d1\u521a\u7329|19\/100|[from] Grassy Terrain\n|-heal|p1b: Gyarados|58\/100|[from] Grassy Terrain\n|-heal|p2b: \u8bf8\u845b\u6751\u592b|62\/100|[from] Grassy Terrain\n|upkeep\n|turn|2\n|\n|t:|1700903700\n|move|p1b: Gyarados|Protect|p1b: Gyarados\n|-singleturn|p1b: Gyarados|Protect\n|move|p2a: \u8f70\u96f7\u91d1\u521a\u7329|Grassy Glide|p1a: Nidoking\n|-damage|p1a: Nidoking|63\/100\n|move|p1a: Nidoking|Sludge Wave|p2b: \u8bf8\u845b\u6751\u592b|[spread] p2a,p2b\n|-activate|p1b: Gyarados|move: Protect\n|-supereffective|p2a: \u8f70\u96f7\u91d1\u521a\u7329\n|-damage|p2a: \u8f70\u96f7\u91d1\u521a\u7329|0 fnt\n|-damage|p2b: \u8bf8\u845b\u6751\u592b|35\/100\n|faint|p2a: \u8f70\u96f7\u91d1\u521a\u7329\n|move|p2b: \u8bf8\u845b\u6751\u592b|Instruct|p2: \u8f70\u96f7\u91d1\u521a\u7329|[notarget]\n|-fail|p2b: \u8bf8\u845b\u6751\u592b\n|\n|-heal|p1a: Nidoking|68\/100|[from] Grassy Terrain\n|-heal|p1b: Gyarados|64\/100|[from] Grassy Terrain\n|-heal|p2b: \u8bf8\u845b\u6751\u592b|41\/100|[from] Grassy Terrain\n|upkeep\n|\n|t:|1700903714\n|switch|p2a: \u9e22\u9752|Serperior, M|100\/100\n|turn|3\n|\n|t:|1700903734\n|-terastallize|p2a: \u9e22\u9752|Grass\n|-terastallize|p1a: Nidoking|Poison\n|move|p1b: Gyarados|Helping Hand|p1a: Nidoking\n|-singleturn|p1a: Nidoking|Helping Hand|[of] p1b: Gyarados\n|move|p2a: \u9e22\u9752|Leaf Storm|p1a: Nidoking\n|-resisted|p1a: Nidoking\n|-damage|p1a: Nidoking|0 fnt\n|-boost|p2a: \u9e22\u9752|spa|2\n|faint|p1a: Nidoking\n|move|p2b: \u8bf8\u845b\u6751\u592b|Instruct|p2a: \u9e22\u9752\n|-singleturn|p2a: \u9e22\u9752|move: Instruct|[of] p2b: \u8bf8\u845b\u6751\u592b\n|move|p2a: \u9e22\u9752|Leaf Storm|p1b: Gyarados\n|-damage|p1b: Gyarados|0 fnt\n|-boost|p2a: \u9e22\u9752|spa|2\n|faint|p1b: Gyarados\n|\n|-heal|p2b: \u8bf8\u845b\u6751\u592b|47\/100|[from] Grassy Terrain\n|upkeep\n|inactive|bhybhai has 120 seconds left.\n|\n|t:|1700903756\n|switch|p1a: Ferrothorn|Ferrothorn, M|100\/100\n|switch|p1b: Talonflame|Talonflame, F|100\/100\n|turn|4\n|\n|t:|1700903766\n|switch|p2b: \u76d6\u9e25\u5361|Pelipper, F|100\/100\n|-weather|RainDance|[from] ability: Drizzle|[of] p2b: \u76d6\u9e25\u5361\n|move|p2a: \u9e22\u9752|Protect|p2a: \u9e22\u9752\n|-singleturn|p2a: \u9e22\u9752|Protect\n|move|p1b: Talonflame|Heat Wave|p2a: \u9e22\u9752|[spread] p2b\n|-activate|p2a: \u9e22\u9752|move: Protect\n|-resisted|p2b: \u76d6\u9e25\u5361\n|-damage|p2b: \u76d6\u9e25\u5361|84\/100\n|-damage|p1b: Talonflame|91\/100|[from] item: Life Orb\n|move|p1a: Ferrothorn|Body Press|p2a: \u9e22\u9752\n|-activate|p2a: \u9e22\u9752|move: Protect\n|\n|-weather|RainDance|[upkeep]\n|-heal|p1b: Talonflame|97\/100|[from] Grassy Terrain\n|-heal|p2b: \u76d6\u9e25\u5361|90\/100|[from] Grassy Terrain\n|upkeep\n|turn|5\n|l|\u2606bhybhai\n|inactive|bhybhai disconnected and has a minute to reconnect!\n|player|p1|\n|inactive|bhybhai has 30 seconds to reconnect!\n|inactive|bhybhai has 20 seconds to reconnect!\n|inactive|bhybhai has 15 seconds to reconnect!\n|inactive|bhybhai has 10 seconds to reconnect!\n|inactive|bhybhai has 5 seconds to reconnect!\n|-message|bhybhai lost due to inactivity.\n|\n|win|Redjoejo\n|raw|bhybhai's rating: 1198 &rarr; <strong>1182<\/strong><br \/>(-16 for losing)\n|raw|Redjoejo's rating: 1331 &rarr; <strong>1344<\/strong><br \/>(+13 for winning)\n","uploadtime":1700903850,"views":0,"p1id":"bhybhai","p2id":"redjoejo","formatid":"gen9nationaldexdoubles","rating":1182,"private":0,"password":""}