{"id":"gen9nationaldexdoubles-1978402811","p1":"ewbrammer91","p2":"TheRealMyan","format":"[Gen 9] National Dex Doubles","log":"|j|\u2606ewbrammer91\n|j|\u2606TheRealMyan\n|t:|1698534403\n|gametype|doubles\n|player|p1|ewbrammer91|brock|1198\n|player|p2|TheRealMyan|giovanni|1000\n|teamsize|p1|6\n|teamsize|p2|6\n|gen|9\n|tier|[Gen 9] National Dex Doubles\n|rated|\n|rule|HP Percentage Mod: HP is shown in percentages\n|rule|Endless Battle Clause: Forcing endless battles is banned\n|rule|OHKO Clause: OHKO moves are banned\n|rule|Evasion Moves Clause: Evasion moves are banned\n|rule|Evasion Abilities Clause: Evasion abilities are banned\n|rule|Species Clause: Limit one of each Pok\u00e9mon\n|rule|Gravity Sleep Clause: The combination of sleep-inducing moves with imperfect accuracy and Gravity or Gigantamax Orbeetle are banned\n|clearpoke\n|poke|p1|Tyranitar, F|\n|poke|p1|Glimmora, F|\n|poke|p1|Kleavor, F|\n|poke|p1|Arcanine-Hisui, M|\n|poke|p1|Tyrantrum, M|\n|poke|p1|Aerodactyl, M|\n|poke|p2|Urshifu-*, F|\n|poke|p2|Porygon2|\n|poke|p2|Gyarados, M|\n|poke|p2|Togekiss, M|\n|poke|p2|Tapu Lele|\n|poke|p2|Heatran, F|\n|teampreview\n|inactive|Battle timer is ON: inactive players will automatically lose when time's up. (requested by ewbrammer91)\n|\n|t:|1698534417\n|start\n|switch|p1a: Arcanine|Arcanine-Hisui, M|100\/100\n|switch|p1b: Kleavor|Kleavor, F|100\/100\n|switch|p2a: Porygon2|Porygon2, shiny|100\/100\n|switch|p2b: Togekiss|Togekiss, M, shiny|100\/100\n|-ability|p2a: Porygon2|Rock Head|[from] ability: Trace|[of] p1a: Arcanine\n|turn|1\n|\n|t:|1698534439\n|move|p2b: Togekiss|Follow Me|p2b: Togekiss\n|-singleturn|p2b: Togekiss|move: Follow Me\n|move|p1a: Arcanine|Wild Charge|p2b: Togekiss\n|-supereffective|p2b: Togekiss\n|-damage|p2b: Togekiss|43\/100\n|move|p1b: Kleavor|Tailwind|p1b: Kleavor\n|-sidestart|p1: ewbrammer91|move: Tailwind\n|move|p2a: Porygon2|Trick Room|p2a: Porygon2\n|-fieldstart|move: Trick Room|[of] p2a: Porygon2\n|\n|upkeep\n|turn|2\n|\n|t:|1698534461\n|switch|p2b: Urshifu|Urshifu-Rapid-Strike, F|100\/100\n|move|p1b: Kleavor|Stone Axe|p2a: Porygon2\n|-damage|p2a: Porygon2|62\/100\n|-sidestart|p2: TheRealMyan|move: Stealth Rock\n|move|p1a: Arcanine|Wild Charge|p2b: Urshifu\n|-supereffective|p2b: Urshifu\n|-damage|p2b: Urshifu|42\/100\n|move|p2a: Porygon2|Teleport|p2a: Porygon2\n|\n|t:|1698534474\n|switch|p2a: Tapu Lele|Tapu Lele, shiny|100\/100|[from] Teleport\n|-damage|p2a: Tapu Lele|88\/100|[from] Stealth Rock\n|-fieldstart|move: Psychic Terrain|[from] ability: Psychic Surge|[of] p2a: Tapu Lele\n|\n|upkeep\n|turn|3\n|\n|t:|1698534499\n|switch|p1a: Glimmora|Glimmora, F|100\/100\n|move|p2b: Urshifu|Surging Strikes|p1a: Glimmora\n|-supereffective|p1a: Glimmora\n|-crit|p1a: Glimmora\n|-damage|p1a: Glimmora|65\/100\n|-activate|p1a: Glimmora|ability: Toxic Debris\n|-sidestart|p2: TheRealMyan|move: Toxic Spikes\n|-supereffective|p1a: Glimmora\n|-crit|p1a: Glimmora\n|-damage|p1a: Glimmora|34\/100\n|-activate|p1a: Glimmora|ability: Toxic Debris\n|-sidestart|p2: TheRealMyan|move: Toxic Spikes\n|-supereffective|p1a: Glimmora\n|-crit|p1a: Glimmora\n|-damage|p1a: Glimmora|3\/100\n|-hitcount|p1a: Glimmora|3\n|-enditem|p1a: Glimmora|Red Card|[of] p2b: Urshifu\n|drag|p2b: Heatran|Heatran, F|100\/100\n|-damage|p2b: Heatran|88\/100|[from] Stealth Rock\n|move|p2a: Tapu Lele|Psychic|p1b: Kleavor\n|-damage|p1b: Kleavor|2\/100\n|move|p1b: Kleavor|X-Scissor|p2a: Tapu Lele\n|-damage|p2a: Tapu Lele|0 fnt\n|faint|p2a: Tapu Lele\n|\n|-heal|p2b: Heatran|94\/100|[from] item: Leftovers\n|upkeep\n|inactive|TheRealMyan has 120 seconds left.\n|\n|t:|1698534525\n|switch|p2a: Togekiss|Togekiss, M, shiny|43\/100\n|turn|4\n|inactive|TheRealMyan has 120 seconds left.\n|\n|t:|1698534547\n|move|p2b: Heatran|Magma Storm|p1a: Glimmora|[miss]\n|-miss|p2b: Heatran|p1a: Glimmora\n|move|p2a: Togekiss|Defog|p1b: Kleavor\n|-unboost|p1b: Kleavor|evasion|1\n|-sideend|p2: TheRealMyan|Toxic Spikes|[from] move: Defog|[of] p2a: Togekiss\n|-sideend|p2: TheRealMyan|Stealth Rock|[from] move: Defog|[of] p2a: Togekiss\n|-fieldend|move: Psychic Terrain\n|move|p1a: Glimmora|Earth Power|p2b: Heatran\n|-supereffective|p2b: Heatran\n|-damage|p2b: Heatran|8\/100\n|move|p1b: Kleavor|Stone Axe|p2a: Togekiss\n|-supereffective|p2a: Togekiss\n|-damage|p2a: Togekiss|0 fnt\n|-sidestart|p2: TheRealMyan|move: Stealth Rock\n|faint|p2a: Togekiss\n|\n|-heal|p2b: Heatran|14\/100|[from] item: Leftovers\n|-sideend|p1: ewbrammer91|move: Tailwind\n|upkeep\n|\n|t:|1698534567\n|switch|p2a: Gyarados|Gyarados, M, shiny|100\/100\n|-damage|p2a: Gyarados|76\/100|[from] Stealth Rock\n|-ability|p2a: Gyarados|Intimidate|boost\n|-unboost|p1a: Glimmora|atk|1\n|-unboost|p1b: Kleavor|atk|1\n|turn|5\n|\n|t:|1698534588\n|detailschange|p2a: Gyarados|Gyarados-Mega, M, shiny\n|-mega|p2a: Gyarados|Gyarados|Gyaradosite\n|-ability|p2a: Gyarados|Mold Breaker\n|move|p2b: Heatran|Hidden Power|p1a: Glimmora\n|-damage|p1a: Glimmora|0 fnt\n|faint|p1a: Glimmora\n|move|p2a: Gyarados|Substitute|p2a: Gyarados\n|-start|p2a: Gyarados|Substitute\n|-damage|p2a: Gyarados|51\/100\n|move|p1b: Kleavor|Stone Axe|p2b: Heatran\n|-damage|p2b: Heatran|0 fnt\n|faint|p2b: Heatran\n|\n|-fieldend|move: Trick Room\n|upkeep\n|inactive|TheRealMyan has 120 seconds left.\n|\n|t:|1698534606\n|switch|p1a: Tyranitar|Tyranitar, F, shiny|100\/100\n|switch|p2b: Urshifu|Urshifu-Rapid-Strike, F|42\/100\n|-damage|p2b: Urshifu|36\/100|[from] Stealth Rock\n|-weather|Sandstorm|[from] ability: Sand Stream|[of] p1a: Tyranitar\n|turn|6\n|inactive|TheRealMyan has 120 seconds left.\n|\n|t:|1698534623\n|move|p2b: Urshifu|Surging Strikes|p1a: Tyranitar\n|-supereffective|p1a: Tyranitar\n|-crit|p1a: Tyranitar\n|-damage|p1a: Tyranitar|75\/100\n|-enditem|p1a: Tyranitar|Weakness Policy\n|-boost|p1a: Tyranitar|atk|2|[from] item: Weakness Policy\n|-boost|p1a: Tyranitar|spa|2|[from] item: Weakness Policy\n|-supereffective|p1a: Tyranitar\n|-crit|p1a: Tyranitar\n|-damage|p1a: Tyranitar|48\/100\n|-supereffective|p1a: Tyranitar\n|-crit|p1a: Tyranitar\n|-damage|p1a: Tyranitar|23\/100\n|-hitcount|p1a: Tyranitar|3\n|move|p1b: Kleavor|X-Scissor|p2a: Gyarados\n|-supereffective|p2a: Gyarados\n|-end|p2a: Gyarados|Substitute\n|move|p2a: Gyarados|Dragon Dance|p2a: Gyarados\n|-boost|p2a: Gyarados|atk|1\n|-boost|p2a: Gyarados|spe|1\n|move|p1a: Tyranitar|Rock Slide|p2a: Gyarados|[spread] p2a,p2b\n|-resisted|p2b: Urshifu\n|-damage|p2a: Gyarados|0 fnt\n|-damage|p2b: Urshifu|10\/100\n|faint|p2a: Gyarados\n|\n|-weather|Sandstorm|[upkeep]\n|-damage|p2b: Urshifu|4\/100|[from] Sandstorm\n|upkeep\n|inactive|TheRealMyan has 120 seconds left.\n|-message|TheRealMyan forfeited.\n|\n|win|ewbrammer91\n|raw|ewbrammer91's rating: 1198 &rarr; <strong>1210<\/strong><br \/>(+12 for winning)\n|raw|TheRealMyan's rating: 1000 &rarr; <strong>1000<\/strong><br \/>(+0 for losing)\n|l|\u2606TheRealMyan\n|j|\u2606TheRealMyan\n|player|p2|TheRealMyan|giovanni\n|l|\u2606TheRealMyan\n|player|p2|\n","uploadtime":1698534656,"views":12,"p1id":"ewbrammer91","p2id":"therealmyan","formatid":"gen9nationaldexdoubles","rating":1000,"private":0,"password":""}