{"id":"gen9nationaldexdoubles-1985915894","p1":"I'mSuspecious)","p2":"Theonlykev1","format":"[Gen 9] National Dex Doubles","log":"|j|\u2606I'mSuspecious)\n|j|\u2606Theonlykev1\n|t:|1699422137\n|gametype|doubles\n|player|p1|I'mSuspecious)|wallace|1135\n|player|p2|Theonlykev1|ltsurge|1196\n|teamsize|p1|6\n|teamsize|p2|6\n|gen|9\n|tier|[Gen 9] National Dex Doubles\n|rated|\n|rule|HP Percentage Mod: HP is shown in percentages\n|rule|Endless Battle Clause: Forcing endless battles is banned\n|rule|OHKO Clause: OHKO moves are banned\n|rule|Evasion Moves Clause: Evasion moves are banned\n|rule|Evasion Abilities Clause: Evasion abilities are banned\n|rule|Species Clause: Limit one of each Pok\u00e9mon\n|rule|Gravity Sleep Clause: The combination of sleep-inducing moves with imperfect accuracy and Gravity or Gigantamax Orbeetle are banned\n|clearpoke\n|poke|p1|Salamence, M|\n|poke|p1|Landorus-Therian, M|\n|poke|p1|Gyarados, M|\n|poke|p1|Honchkrow, F|\n|poke|p1|Pelipper, F|\n|poke|p1|Togekiss, M|\n|poke|p2|Articuno-Galar|\n|poke|p2|Hoopa-Unbound|\n|poke|p2|Iron Bundle|\n|poke|p2|Landorus-Therian, M|\n|poke|p2|Iron Hands|\n|poke|p2|Goodra-Hisui, F|\n|teampreview\n|c|\u2606Theonlykev1|Glhf\n|c|\u2606I'mSuspecious)|hey\n|c|\u2606I'mSuspecious)|aight\n|c|\u2606Theonlykev1|Hi\n|\n|t:|1699422199\n|start\n|switch|p1a: Landorus|Landorus-Therian, M|100\/100\n|switch|p1b: Togekiss|Togekiss, M|100\/100\n|switch|p2a: Articuno|Articuno-Galar|100\/100\n|switch|p2b: Iron Bundle|Iron Bundle|100\/100\n|-ability|p1a: Landorus|Intimidate|boost\n|-unboost|p2a: Articuno|atk|1\n|-ability|p2a: Articuno|Competitive|boost\n|-boost|p2a: Articuno|spa|2\n|-unboost|p2b: Iron Bundle|atk|1\n|turn|1\n|\n|t:|1699422235\n|move|p1b: Togekiss|Protect|p1b: Togekiss\n|-singleturn|p1b: Togekiss|Protect\n|move|p1a: Landorus|U-turn|p2a: Articuno\n|-damage|p2a: Articuno|74\/100\n|c|\u2606I'mSuspecious)|shit bruh\n|\n|t:|1699422287\n|switch|p1a: Pelipper|Pelipper, F|100\/100|[from] U-turn\n|-weather|RainDance|[from] ability: Drizzle|[of] p1a: Pelipper\n|move|p2b: Iron Bundle|Freeze-Dry|p1a: Pelipper\n|-supereffective|p1a: Pelipper\n|-damage|p1a: Pelipper|0 fnt\n|faint|p1a: Pelipper\n|-damage|p2b: Iron Bundle|91\/100|[from] item: Life Orb\n|move|p2a: Articuno|Freezing Glare|p1b: Togekiss\n|-activate|p1b: Togekiss|move: Protect\n|\n|-weather|RainDance|[upkeep]\n|upkeep\n|inactive|Battle timer is ON: inactive players will automatically lose when time's up. (requested by Theonlykev1)\n|\n|t:|1699422297\n|switch|p1a: Landorus|Landorus-Therian, M|100\/100\n|-ability|p1a: Landorus|Intimidate|boost\n|-unboost|p2a: Articuno|atk|1\n|-ability|p2a: Articuno|Competitive|boost\n|-boost|p2a: Articuno|spa|2\n|-unboost|p2b: Iron Bundle|atk|1\n|turn|2\n|inactive|I'mSuspecious) has 120 seconds left.\n|\n|t:|1699422331\n|move|p1b: Togekiss|Follow Me|p1b: Togekiss\n|-singleturn|p1b: Togekiss|move: Follow Me\n|move|p1a: Landorus|Brick Break|p2b: Iron Bundle\n|-supereffective|p2b: Iron Bundle\n|-damage|p2b: Iron Bundle|17\/100\n|move|p2b: Iron Bundle|Freeze-Dry|p1b: Togekiss\n|-supereffective|p1b: Togekiss\n|-damage|p1b: Togekiss|29\/100\n|-damage|p2b: Iron Bundle|7\/100|[from] item: Life Orb\n|move|p2a: Articuno|Tailwind|p2a: Articuno\n|-sidestart|p2: Theonlykev1|move: Tailwind\n|\n|-weather|RainDance|[upkeep]\n|-heal|p1b: Togekiss|35\/100|[from] item: Leftovers\n|upkeep\n|turn|3\n|c|\u2606I'mSuspecious)|no\n|inactive|I'mSuspecious) has 120 seconds left.\n|inactive|I'mSuspecious) has 90 seconds left.\n|c|\u2606I'mSuspecious)|well I'm not winning this\n|c|\u2606I'mSuspecious)|flying is so problamatic\n|\n|t:|1699422411\n|-end|p2b: Iron Bundle|Quark Drive|[silent]\n|switch|p2b: Iron Hands|Iron Hands|100\/100\n|switch|p1a: Honchkrow|Honchkrow, F|100\/100\n|move|p1b: Togekiss|Follow Me|p1b: Togekiss\n|-singleturn|p1b: Togekiss|move: Follow Me\n|move|p2a: Articuno|Freezing Glare|p1b: Togekiss\n|-damage|p1b: Togekiss|0 fnt\n|faint|p1b: Togekiss\n|\n|-weather|RainDance|[upkeep]\n|upkeep\n|\n|t:|1699422419\n|switch|p1b: Salamence|Salamence, M|100\/100\n|-ability|p1b: Salamence|Intimidate|boost\n|-unboost|p2a: Articuno|atk|1\n|-ability|p2a: Articuno|Competitive|boost\n|-boost|p2a: Articuno|spa|2\n|-unboost|p2b: Iron Hands|atk|1\n|turn|4\n|\n|t:|1699422443\n|detailschange|p1b: Salamence|Salamence-Mega, M\n|-mega|p1b: Salamence|Salamence|Salamencite\n|move|p1b: Salamence|Protect|p1b: Salamence\n|-singleturn|p1b: Salamence|Protect\n|move|p2b: Iron Hands|Fake Out|p1a: Honchkrow\n|-damage|p1a: Honchkrow|91\/100\n|move|p2a: Articuno|Freezing Glare|p1b: Salamence\n|-activate|p1b: Salamence|move: Protect\n|cant|p1a: Honchkrow|flinch\n|\n|-weather|RainDance|[upkeep]\n|upkeep\n|turn|5\n|inactive|I'mSuspecious) has 90 seconds left.\n|\n|t:|1699422467\n|switch|p1b: Landorus|Landorus-Therian, M|100\/100\n|-ability|p1b: Landorus|Intimidate|boost\n|-unboost|p2a: Articuno|atk|1\n|-boost|p2a: Articuno|spa|0\n|-unboost|p2b: Iron Hands|atk|1\n|move|p1a: Honchkrow|Protect|p1a: Honchkrow\n|-singleturn|p1a: Honchkrow|Protect\n|move|p2a: Articuno|Freezing Glare|p1b: Landorus\n|-damage|p1b: Landorus|0 fnt\n|faint|p1b: Landorus\n|move|p2b: Iron Hands|Thunder Punch|p1a: Honchkrow\n|-activate|p1a: Honchkrow|move: Protect\n|\n|-weather|none\n|-sideend|p2: Theonlykev1|move: Tailwind\n|upkeep\n|\n|t:|1699422474\n|switch|p1b: Salamence|Salamence-Mega, M|100\/100\n|turn|6\n|inactive|I'mSuspecious) has 90 seconds left.\n|inactive|Theonlykev1 has 120 seconds left.\n|\n|t:|1699422507\n|move|p1b: Salamence|Double-Edge|p2a: Articuno\n|-damage|p2a: Articuno|0 fnt\n|faint|p2a: Articuno\n|-damage|p1b: Salamence|73\/100|[from] Recoil\n|move|p1a: Honchkrow|Nasty Plot|p1a: Honchkrow\n|-boost|p1a: Honchkrow|spa|2\n|move|p2b: Iron Hands|Thunder Punch|p1a: Honchkrow\n|-supereffective|p1a: Honchkrow\n|-damage|p1a: Honchkrow|50\/100\n|\n|upkeep\n|inactive|Theonlykev1 has 120 seconds left.\n|c|\u2606Theonlykev1|Quick question\n|\n|t:|1699422522\n|switch|p2a: Leonard|Landorus-Therian, M|100\/100\n|-ability|p2a: Leonard|Intimidate|boost\n|-unboost|p1a: Honchkrow|atk|1\n|-unboost|p1b: Salamence|atk|1\n|turn|7\n|\n|t:|1699422537\n|switch|p1b: Gyarados|Gyarados, M|100\/100\n|-ability|p1b: Gyarados|Intimidate|boost\n|-unboost|p2a: Leonard|atk|1\n|-unboost|p2b: Iron Hands|atk|1\n|move|p2a: Leonard|Rock Slide|p1a: Honchkrow|[spread] p1a,p1b\n|-supereffective|p1a: Honchkrow\n|-supereffective|p1b: Gyarados\n|-damage|p1a: Honchkrow|14\/100\n|-damage|p1b: Gyarados|71\/100\n|cant|p1a: Honchkrow|flinch\n|move|p2b: Iron Hands|Thunder Punch|p1a: Honchkrow\n|-supereffective|p1a: Honchkrow\n|-damage|p1a: Honchkrow|0 fnt\n|faint|p1a: Honchkrow\n|\n|upkeep\n|c|\u2606I'mSuspecious)|no\n|\n|t:|1699422549\n|switch|p1a: Salamence|Salamence-Mega, M|73\/100\n|turn|8\n|c|\u2606Theonlykev1|Was your landorus scarfed?\n|c|\u2606I'mSuspecious)|yeah\n|inactive|Theonlykev1 has 120 seconds left.\n|\n|t:|1699422585\n|-terastallize|p2a: Leonard|Steel\n|-terastallize|p1b: Gyarados|Water\n|move|p1a: Salamence|Protect|p1a: Salamence\n|-singleturn|p1a: Salamence|Protect\n|move|p2a: Leonard|U-turn|p1b: Gyarados\n|-damage|p1b: Gyarados|53\/100\n|c|\u2606I'mSuspecious)|I love scarfed lando\n|\n|t:|1699422596\n|switch|p2a: Goodra|Goodra-Hisui, F|100\/100|[from] U-turn\n|move|p1b: Gyarados|Waterfall|p2a: Goodra\n|-resisted|p2a: Goodra\n|-damage|p2a: Goodra|84\/100\n|-ability|p2a: Goodra|Gooey\n|-unboost|p1b: Gyarados|spe|1\n|move|p2b: Iron Hands|Thunder Punch|p1a: Salamence\n|-activate|p1a: Salamence|move: Protect\n|\n|-heal|p2a: Goodra|90\/100|[from] item: Leftovers\n|upkeep\n|turn|9\n|inactive|I'mSuspecious) has 120 seconds left.\n|inactive|Theonlykev1 has 120 seconds left.\n|\n|t:|1699422628\n|move|p1a: Salamence|Earthquake|p2a: Goodra|[spread] p1b,p2a,p2b\n|-supereffective|p2a: Goodra\n|-supereffective|p2b: Iron Hands\n|-damage|p1b: Gyarados|24\/100\n|-damage|p2a: Goodra|53\/100\n|-damage|p2b: Iron Hands|66\/100\n|-enditem|p1b: Gyarados|Sitrus Berry|[eat]\n|-heal|p1b: Gyarados|49\/100|[from] item: Sitrus Berry\n|move|p2b: Iron Hands|Thunder Punch|p1b: Gyarados\n|-supereffective|p1b: Gyarados\n|-damage|p1b: Gyarados|19\/100\n|move|p1b: Gyarados|Bulldoze|p2a: Goodra|[spread] p2a,p2b\n|-immune|p1a: Salamence\n|-supereffective|p2a: Goodra\n|-supereffective|p2b: Iron Hands\n|-damage|p2a: Goodra|34\/100\n|-damage|p2b: Iron Hands|50\/100\n|-unboost|p2a: Goodra|spe|1\n|-unboost|p2b: Iron Hands|spe|1\n|move|p2a: Goodra|Acid Armor|p2a: Goodra\n|-boost|p2a: Goodra|def|2\n|\n|-heal|p2a: Goodra|40\/100|[from] item: Leftovers\n|upkeep\n|turn|10\n|c|\u2606Theonlykev1|Ahh was curious, thats dope af\n|inactive|I'mSuspecious) has 120 seconds left.\n|inactive|Theonlykev1 has 120 seconds left.\n|\n|t:|1699422657\n|-end|p2b: Iron Hands|Quark Drive|[silent]\n|switch|p2b: Leonard|Landorus-Therian, M, tera:Steel|100\/100\n|-ability|p2b: Leonard|Intimidate|boost\n|-unboost|p1a: Salamence|atk|1\n|-unboost|p1b: Gyarados|atk|1\n|move|p1b: Gyarados|Protect|p1b: Gyarados\n|-singleturn|p1b: Gyarados|Protect\n|move|p1a: Salamence|Dragon Dance|p1a: Salamence\n|-boost|p1a: Salamence|atk|1\n|-boost|p1a: Salamence|spe|1\n|move|p2a: Goodra|Life Dew||[still]|[spread] p2a,p2b\n|-heal|p2a: Goodra|65\/100\n|-fail|p2b: Leonard|heal\n|\n|-heal|p2a: Goodra|72\/100|[from] item: Leftovers\n|upkeep\n|turn|11\n|inactive|I'mSuspecious) has 120 seconds left.\n|c|\u2606I'mSuspecious)|ggs lmao\n|inactive|Theonlykev1 has 120 seconds left.\n|\n|t:|1699422688\n|move|p1a: Salamence|Dragon Dance|p1a: Salamence\n|-boost|p1a: Salamence|atk|1\n|-boost|p1a: Salamence|spe|1\n|move|p2b: Leonard|Rock Slide|p1a: Salamence|[spread] p1a,p1b\n|-supereffective|p1a: Salamence\n|-damage|p1a: Salamence|34\/100\n|-damage|p1b: Gyarados|0 fnt\n|faint|p1b: Gyarados\n|move|p2a: Goodra|Gyro Ball|p1a: Salamence\n|-damage|p1a: Salamence|0 fnt\n|faint|p1a: Salamence\n|\n|win|Theonlykev1\n|raw|I&apos;mSuspecious)'s rating: 1135 &rarr; <strong>1114<\/strong><br \/>(-21 for losing)\n|raw|Theonlykev1's rating: 1196 &rarr; <strong>1217<\/strong><br \/>(+21 for winning)\n|c|\u2606Theonlykev1|Gg\n|c|\u2606I'mSuspecious)|ggs\n|c|\u2606I'mSuspecious)|see you\n|c|\u2606I'mSuspecious)|Next time I win >:)\n|c|\u2606I'mSuspecious)|(I won't)\n","uploadtime":1699422845,"views":19,"p1id":"imsuspecious","p2id":"theonlykev1","formatid":"gen9nationaldexdoubles","rating":1114,"private":0,"password":""}