{"id":"gen9nationaldexdoubles-1963381693","p1":"cediedesu","p2":"Gumbus wumbus","format":"[Gen 9] National Dex Doubles","log":"|j|\u2606cediedesu\n|j|\u2606Gumbus wumbus\n|t:|1696863046\n|gametype|doubles\n|player|p1|cediedesu|acetrainer-gen4dp|\n|player|p2|Gumbus wumbus|clown|\n|teamsize|p1|6\n|teamsize|p2|6\n|gen|9\n|tier|[Gen 9] National Dex Doubles\n|rule|HP Percentage Mod: HP is shown in percentages\n|rule|Endless Battle Clause: Forcing endless battles is banned\n|rule|OHKO Clause: OHKO moves are banned\n|rule|Evasion Moves Clause: Evasion moves are banned\n|rule|Evasion Abilities Clause: Evasion abilities are banned\n|rule|Species Clause: Limit one of each Pok\u00e9mon\n|rule|Gravity Sleep Clause: The combination of sleep-inducing moves with imperfect accuracy and Gravity or Gigantamax Orbeetle are banned\n|clearpoke\n|poke|p1|Aggron, M|\n|poke|p1|Swampert, F|\n|poke|p1|Corviknight, M|\n|poke|p1|Conkeldurr, M|\n|poke|p1|Kingambit, F|\n|poke|p1|Gardevoir, F|\n|poke|p2|Primarina, M|\n|poke|p2|Comfey, F|\n|poke|p2|Raichu-Alola, F|\n|poke|p2|Eelektross, F|\n|poke|p2|Togedemaru, M|\n|poke|p2|Togekiss, M|\n|teampreview\n|inactive|Battle timer is ON: inactive players will automatically lose when time's up. (requested by cediedesu)\n|inactive|Gumbus wumbus has 270 seconds left.\n|\n|t:|1696863084\n|start\n|switch|p1a: Aggron|Aggron, M|100\/100\n|switch|p1b: Gardevoir|Gardevoir, F|100\/100\n|switch|p2a: Hoi :>|Togedemaru, M|100\/100\n|switch|p2b: So sorry|Raichu-Alola, F|100\/100\n|turn|1\n|\n|t:|1696863103\n|move|p2a: Hoi :>|Fake Out|p1a: Aggron\n|-resisted|p1a: Aggron\n|-damage|p1a: Aggron|99\/100\n|-damage|p2a: Hoi :>|84\/100|[from] item: Rocky Helmet|[of] p1a: Aggron\n|move|p2b: So sorry|Discharge|p1a: Aggron|[spread] p1a,p1b\n|-ability|p2a: Hoi :>|Lightning Rod|boost\n|-boost|p2a: Hoi :>|spa|1\n|-damage|p1a: Aggron|48\/100\n|-damage|p1b: Gardevoir|63\/100\n|-damage|p2b: So sorry|91\/100|[from] item: Life Orb\n|move|p1b: Gardevoir|Calm Mind|p1b: Gardevoir\n|-boost|p1b: Gardevoir|spa|1\n|-boost|p1b: Gardevoir|spd|1\n|cant|p1a: Aggron|flinch\n|\n|upkeep\n|turn|2\n|\n|t:|1696863130\n|move|p2b: So sorry|Discharge|p1b: Gardevoir|[spread] p1a,p1b\n|-ability|p2a: Hoi :>|Lightning Rod|boost\n|-boost|p2a: Hoi :>|spa|1\n|-damage|p1a: Aggron|0 fnt\n|-damage|p1b: Gardevoir|41\/100\n|-status|p1b: Gardevoir|par\n|-activate|p1b: Gardevoir|ability: Synchronize\n|-immune|p2b: So sorry\n|faint|p1a: Aggron\n|-damage|p2b: So sorry|81\/100|[from] item: Life Orb\n|move|p2a: Hoi :>|Zing Zap|p1b: Gardevoir\n|-damage|p1b: Gardevoir|0 fnt\n|faint|p1b: Gardevoir\n|\n|upkeep\n|inactive|cediedesu has 270 seconds left.\n|\n|t:|1696863150\n|switch|p1b: Kingambit|Kingambit, F|100\/100\n|switch|p1a: Swampert|Swampert, F|100\/100\n|-activate|p1b: Kingambit|ability: Supreme Overlord\n|-start|p1b: Kingambit|fallen2|[silent]\n|turn|3\n|\n|t:|1696863174\n|switch|p2b: Oh yes|Primarina, M|100\/100\n|detailschange|p1a: Swampert|Swampert-Mega, F\n|-mega|p1a: Swampert|Swampert|Swampertite\n|move|p2a: Hoi :>|Spiky Shield|p2a: Hoi :>\n|-singleturn|p2a: Hoi :>|move: Protect\n|move|p1b: Kingambit|Sucker Punch||[still]\n|-fail|p1b: Kingambit\n|move|p1a: Swampert|Earthquake|p2a: Hoi :>|[spread] p1b,p2b\n|-activate|p2a: Hoi :>|move: Protect\n|-supereffective|p1b: Kingambit\n|-crit|p1b: Kingambit\n|-damage|p1b: Kingambit|0 fnt\n|-damage|p2b: Oh yes|57\/100\n|faint|p1b: Kingambit\n|-end|p1b: Kingambit|fallen2|[silent]\n|\n|upkeep\n|inactive|cediedesu has 270 seconds left.\n|\n|t:|1696863192\n|switch|p1b: Conkeldurr|Conkeldurr, M|100\/100\n|turn|4\n|\n|t:|1696863212\n|move|p2a: Hoi :>|Zing Zap|p1b: Conkeldurr\n|-damage|p1b: Conkeldurr|72\/100\n|move|p1a: Swampert|Ice Punch|p2b: Oh yes\n|-resisted|p2b: Oh yes\n|-damage|p2b: Oh yes|42\/100\n|-status|p2b: Oh yes|frz\n|cant|p2b: Oh yes|frz\n|move|p1b: Conkeldurr|Drain Punch|p2a: Hoi :>\n|-supereffective|p2a: Hoi :>\n|-damage|p2a: Hoi :>|0 fnt\n|-heal|p1b: Conkeldurr|99\/100|[from] drain|[of] p2a: Hoi :>\n|faint|p2a: Hoi :>\n|\n|-status|p1b: Conkeldurr|tox|[from] item: Toxic Orb\n|upkeep\n|inactive|Gumbus wumbus has 270 seconds left.\n|\n|t:|1696863232\n|switch|p2a: Howdy|Comfey, F|100\/100\n|turn|5\n|\n|t:|1696863249\n|move|p2a: Howdy|Draining Kiss|p1b: Conkeldurr\n|-supereffective|p1b: Conkeldurr\n|-damage|p1b: Conkeldurr|66\/100 tox\n|move|p1a: Swampert|Liquidation|p2a: Howdy\n|-damage|p2a: Howdy|49\/100\n|-unboost|p2a: Howdy|def|1\n|cant|p2b: Oh yes|frz\n|move|p1b: Conkeldurr|Facade|p2b: Oh yes\n|-damage|p2b: Oh yes|0 fnt\n|faint|p2b: Oh yes\n|\n|-damage|p1b: Conkeldurr|60\/100 tox|[from] psn\n|upkeep\n|\n|t:|1696863265\n|switch|p2b: Butterscotch|Togekiss, M|100\/100\n|turn|6\n|\n|t:|1696863289\n|move|p2b: Butterscotch|Follow Me|p2b: Butterscotch\n|-singleturn|p2b: Butterscotch|move: Follow Me\n|-zpower|p2a: Howdy\n|move|p2a: Howdy|Z-Celebrate|p2a: Howdy|[anim]Celebrate\n|-boost|p2a: Howdy|atk|1|[zeffect]\n|-boost|p2a: Howdy|def|1|[zeffect]\n|-boost|p2a: Howdy|spa|1|[zeffect]\n|-boost|p2a: Howdy|spd|1|[zeffect]\n|-boost|p2a: Howdy|spe|1|[zeffect]\n|-activate|p2a: Howdy|move: Celebrate\n|move|p1a: Swampert|Ice Punch|p2b: Butterscotch\n|-supereffective|p2b: Butterscotch\n|-damage|p2b: Butterscotch|51\/100\n|move|p1b: Conkeldurr|Drain Punch|p2b: Butterscotch\n|-resisted|p2b: Butterscotch\n|-damage|p2b: Butterscotch|39\/100\n|-heal|p1b: Conkeldurr|66\/100 tox|[from] drain|[of] p2b: Butterscotch\n|\n|-heal|p2b: Butterscotch|45\/100|[from] item: Leftovers\n|-damage|p1b: Conkeldurr|54\/100 tox|[from] psn\n|upkeep\n|turn|7\n|\n|t:|1696863319\n|move|p2a: Howdy|Draining Kiss|p1b: Conkeldurr\n|-supereffective|p1b: Conkeldurr\n|-damage|p1b: Conkeldurr|4\/100 tox\n|-heal|p2a: Howdy|99\/100|[from] drain|[of] p1b: Conkeldurr\n|move|p2b: Butterscotch|Roost|p2b: Butterscotch\n|-heal|p2b: Butterscotch|95\/100\n|-singleturn|p2b: Butterscotch|move: Roost\n|move|p1a: Swampert|Liquidation|p2a: Howdy\n|-damage|p2a: Howdy|51\/100\n|move|p1b: Conkeldurr|Facade|p2a: Howdy\n|-damage|p2a: Howdy|0 fnt\n|faint|p2a: Howdy\n|\n|-heal|p2b: Butterscotch|100\/100|[from] item: Leftovers\n|-damage|p1b: Conkeldurr|0 fnt|[from] psn\n|faint|p1b: Conkeldurr\n|upkeep\n|\n|t:|1696863344\n|switch|p2a: *ollies*|Eelektross, F|100\/100\n|switch|p1b: Corviknight|Corviknight, M|100\/100\n|-ability|p1b: Corviknight|Pressure\n|turn|8\n|\n|t:|1696863371\n|move|p2b: Butterscotch|Follow Me|p2b: Butterscotch\n|-singleturn|p2b: Butterscotch|move: Follow Me\n|move|p1a: Swampert|Ice Punch|p2b: Butterscotch\n|-supereffective|p2b: Butterscotch\n|-damage|p2b: Butterscotch|57\/100\n|move|p1b: Corviknight|Brave Bird|p2b: Butterscotch\n|-damage|p2b: Butterscotch|30\/100\n|-damage|p1b: Corviknight|92\/100|[from] Recoil\n|move|p2a: *ollies*|Flamethrower|p1b: Corviknight\n|-supereffective|p1b: Corviknight\n|-damage|p1b: Corviknight|23\/100\n|\n|-heal|p2b: Butterscotch|36\/100|[from] item: Leftovers\n|-heal|p1b: Corviknight|29\/100|[from] item: Leftovers\n|upkeep\n|turn|9\n|\n|t:|1696863393\n|switch|p2b: So sorry|Raichu-Alola, F|81\/100\n|move|p1a: Swampert|Liquidation|p2a: *ollies*\n|-damage|p2a: *ollies*|47\/100\n|move|p1b: Corviknight|Roost|p1b: Corviknight\n|-heal|p1b: Corviknight|79\/100\n|-singleturn|p1b: Corviknight|move: Roost\n|move|p2a: *ollies*|Flamethrower|p1b: Corviknight\n|-supereffective|p1b: Corviknight\n|-damage|p1b: Corviknight|11\/100\n|\n|-heal|p1b: Corviknight|17\/100|[from] item: Leftovers\n|upkeep\n|turn|10\n|\n|t:|1696863420\n|-terastallize|p2a: *ollies*|Grass\n|move|p2b: So sorry|Electro Ball|p1b: Corviknight\n|-supereffective|p1b: Corviknight\n|-damage|p1b: Corviknight|0 fnt\n|faint|p1b: Corviknight\n|-damage|p2b: So sorry|71\/100|[from] item: Life Orb\n|move|p1a: Swampert|Liquidation|p2a: *ollies*\n|-resisted|p2a: *ollies*\n|-damage|p2a: *ollies*|19\/100\n|move|p2a: *ollies*|Giga Drain|p1a: Swampert\n|-supereffective|p1a: Swampert\n|-crit|p1a: Swampert\n|-damage|p1a: Swampert|0 fnt\n|-heal|p2a: *ollies*|70\/100|[from] drain|[of] p1a: Swampert\n|faint|p1a: Swampert\n|\n|win|Gumbus wumbus\n","uploadtime":1696863455,"views":7,"p1id":"cediedesu","p2id":"gumbuswumbus","formatid":"gen9nationaldexdoubles","rating":0,"private":0,"password":""}