{"id":"gen9nationaldexdoubles-1991649634","p1":"fireball0809","p2":"MrTRB","format":"[Gen 9] National Dex Doubles","log":"|j|\u2606fireball0809\n|j|\u2606MrTRB\n|t:|1700098378\n|gametype|doubles\n|player|p1|fireball0809|red|1000\n|player|p2|MrTRB|benga|1000\n|teamsize|p1|6\n|teamsize|p2|6\n|gen|9\n|tier|[Gen 9] National Dex Doubles\n|rated|\n|rule|HP Percentage Mod: HP is shown in percentages\n|rule|Endless Battle Clause: Forcing endless battles is banned\n|rule|OHKO Clause: OHKO moves are banned\n|rule|Evasion Moves Clause: Evasion moves are banned\n|rule|Evasion Abilities Clause: Evasion abilities are banned\n|rule|Species Clause: Limit one of each Pok\u00e9mon\n|rule|Gravity Sleep Clause: The combination of sleep-inducing moves with imperfect accuracy and Gravity or Gigantamax Orbeetle are banned\n|clearpoke\n|poke|p1|Boltund, M|\n|poke|p1|Toxapex, M|\n|poke|p1|Camerupt, F|\n|poke|p1|Dragonite, F|\n|poke|p1|Umbreon, F|\n|poke|p1|Inteleon, F|\n|poke|p2|Greninja-*, M|\n|poke|p2|Seismitoad, F|\n|poke|p2|Pelipper, M|\n|poke|p2|Palafin, M|\n|poke|p2|Ludicolo, F|\n|poke|p2|Bellibolt, F|\n|teampreview\n|\n|t:|1700098392\n|start\n|switch|p1a: Umbreon|Umbreon, F|100\/100\n|switch|p1b: Toxapex|Toxapex, M|100\/100\n|switch|p2a: Pelipper|Pelipper, M, shiny|100\/100\n|switch|p2b: Palafin|Palafin, M|100\/100\n|-weather|RainDance|[from] ability: Drizzle|[of] p2a: Pelipper\n|turn|1\n|\n|t:|1700098409\n|move|p2b: Palafin|Flip Turn|p1a: Umbreon\n|-damage|p1a: Umbreon|78\/100\n|\n|t:|1700098415\n|detailschange|p2b: Palafin|Palafin-Hero, M\n|switch|p2b: Seismitoad|Seismitoad, F, shiny|100\/100|[from] Flip Turn\n|move|p2a: Pelipper|Tailwind|p2a: Pelipper\n|-sidestart|p2: MrTRB|move: Tailwind\n|move|p1a: Umbreon|Calm Mind|p1a: Umbreon\n|-boost|p1a: Umbreon|spa|1\n|-boost|p1a: Umbreon|spd|1\n|move|p1b: Toxapex|Toxic Spikes|p2b: Seismitoad\n|-sidestart|p2: MrTRB|move: Toxic Spikes\n|\n|-weather|RainDance|[upkeep]\n|upkeep\n|turn|2\n|\n|t:|1700098433\n|move|p2b: Seismitoad|Earthquake|p1a: Umbreon|[spread] p1a,p1b\n|-immune|p2a: Pelipper\n|-supereffective|p1b: Toxapex\n|-damage|p1a: Umbreon|53\/100\n|-damage|p1b: Toxapex|47\/100\n|move|p2a: Pelipper|Hurricane|p1a: Umbreon\n|-damage|p1a: Umbreon|30\/100\n|move|p1a: Umbreon|Calm Mind|p1a: Umbreon\n|-boost|p1a: Umbreon|spa|1\n|-boost|p1a: Umbreon|spd|1\n|move|p1b: Toxapex|Toxic Spikes|p2a: Pelipper\n|-sidestart|p2: MrTRB|move: Toxic Spikes\n|\n|-weather|RainDance|[upkeep]\n|-heal|p1b: Toxapex|53\/100|[from] item: Black Sludge\n|upkeep\n|turn|3\n|\n|t:|1700098457\n|move|p2b: Seismitoad|Power-Up Punch|p1a: Umbreon\n|-supereffective|p1a: Umbreon\n|-damage|p1a: Umbreon|13\/100\n|-boost|p2b: Seismitoad|atk|1\n|-enditem|p1a: Umbreon|Aguav Berry|[eat]\n|-heal|p1a: Umbreon|46\/100|[from] item: Aguav Berry\n|move|p2a: Pelipper|U-turn|p1b: Toxapex\n|-resisted|p1b: Toxapex\n|-damage|p1b: Toxapex|50\/100\n|\n|t:|1700098476\n|switch|p2a: Ludicolo|Ludicolo, F, shiny|100\/100|[from] U-turn\n|-status|p2a: Ludicolo|tox\n|move|p1a: Umbreon|Baton Pass|p1a: Umbreon\n|\n|t:|1700098491\n|switch|p1a: Inteleon|Inteleon, F|100\/100|[from] Baton Pass\n|move|p1b: Toxapex|Infestation|p2b: Seismitoad\n|-damage|p2b: Seismitoad|98\/100\n|-activate|p2b: Seismitoad|move: Infestation|[of] p1b: Toxapex\n|\n|-weather|RainDance|[upkeep]\n|-heal|p1b: Toxapex|56\/100|[from] item: Black Sludge\n|-damage|p2a: Ludicolo|94\/100 tox|[from] psn\n|-damage|p2b: Seismitoad|86\/100|[from] move: Infestation|[partiallytrapped]\n|upkeep\n|turn|4\n|\n|t:|1700098513\n|move|p2b: Seismitoad|Power Whip|p1a: Inteleon\n|-supereffective|p1a: Inteleon\n|-damage|p1a: Inteleon|0 fnt\n|faint|p1a: Inteleon\n|move|p2a: Ludicolo|Knock Off|p1b: Toxapex\n|-damage|p1b: Toxapex|40\/100\n|-enditem|p1b: Toxapex|Black Sludge|[from] move: Knock Off|[of] p2a: Ludicolo\n|-damage|p2a: Ludicolo|85\/100 tox|[from] item: Life Orb\n|move|p1b: Toxapex|Infestation|p2a: Ludicolo\n|-supereffective|p2a: Ludicolo\n|-crit|p2a: Ludicolo\n|-damage|p2a: Ludicolo|79\/100 tox\n|-activate|p2a: Ludicolo|move: Infestation|[of] p1b: Toxapex\n|\n|-weather|RainDance|[upkeep]\n|-heal|p2a: Ludicolo|85\/100 tox|[from] ability: Rain Dish\n|-damage|p2a: Ludicolo|72\/100 tox|[from] psn\n|-damage|p2b: Seismitoad|73\/100|[from] move: Infestation|[partiallytrapped]\n|-damage|p2a: Ludicolo|60\/100 tox|[from] move: Infestation|[partiallytrapped]\n|-sideend|p2: MrTRB|move: Tailwind\n|upkeep\n|\n|t:|1700098536\n|switch|p1a: Boltund|Boltund, M|100\/100\n|turn|5\n|\n|t:|1700098547\n|move|p2b: Seismitoad|Earthquake|p1b: Toxapex|[spread] p2a,p1a,p1b\n|-resisted|p2a: Ludicolo\n|-supereffective|p1a: Boltund\n|-supereffective|p1b: Toxapex\n|-crit|p1b: Toxapex\n|-damage|p2a: Ludicolo|26\/100 tox\n|-enditem|p1a: Boltund|Focus Sash\n|-damage|p1a: Boltund|1\/100\n|-damage|p1b: Toxapex|0 fnt\n|faint|p1b: Toxapex\n|move|p1a: Boltund|Thunder Fang|p2a: Ludicolo\n|-damage|p2a: Ludicolo|0 fnt\n|faint|p2a: Ludicolo\n|\n|-weather|RainDance|[upkeep]\n|-end|p2b: Seismitoad|Infestation|[partiallytrapped]|[silent]\n|upkeep\n|\n|t:|1700098564\n|switch|p2a: Bellibolt|Bellibolt, F|100\/100\n|switch|p1b: Dragonite|Dragonite, F|100\/100\n|-status|p2a: Bellibolt|tox\n|turn|6\n|\n|t:|1700098579\n|-terastallize|p1b: Dragonite|Normal\n|move|p2b: Seismitoad|Power-Up Punch|p1a: Boltund\n|-damage|p1a: Boltund|0 fnt\n|-boost|p2b: Seismitoad|atk|1\n|faint|p1a: Boltund\n|move|p1b: Dragonite|Dragon Dance|p1b: Dragonite\n|-boost|p1b: Dragonite|atk|1\n|-boost|p1b: Dragonite|spe|1\n|move|p2a: Bellibolt|Thunder|p1b: Dragonite\n|-damage|p1b: Dragonite|84\/100\n|-status|p1b: Dragonite|par\n|\n|-weather|RainDance|[upkeep]\n|-damage|p2a: Bellibolt|94\/100 tox|[from] psn\n|upkeep\n|\n|t:|1700098594\n|switch|p1a: Umbreon|Umbreon, F|46\/100\n|turn|7\n|\n|t:|1700098612\n|move|p1b: Dragonite|Extreme Speed|p2a: Bellibolt\n|-damage|p2a: Bellibolt|37\/100 tox\n|-start|p2a: Bellibolt|Charge|Extreme Speed|[from] ability: Electromorphosis\n|-damage|p1b: Dragonite|74\/100 par|[from] item: Life Orb\n|move|p2b: Seismitoad|Earthquake|p1b: Dragonite|[spread] p2a,p1a,p1b\n|-supereffective|p2a: Bellibolt\n|-damage|p2a: Bellibolt|0 fnt\n|-damage|p1a: Umbreon|0 fnt\n|-damage|p1b: Dragonite|7\/100 par\n|faint|p2a: Bellibolt\n|faint|p1a: Umbreon\n|\n|-weather|RainDance|[upkeep]\n|upkeep\n|\n|t:|1700098625\n|switch|p1a: Camerupt|Camerupt, F|100\/100\n|switch|p2a: Palafin|Palafin-Hero, M|100\/100\n|-status|p2a: Palafin|tox\n|-activate|p2a: Palafin|ability: Zero to Hero\n|turn|8\n|\n|t:|1700098643\n|detailschange|p1a: Camerupt|Camerupt-Mega, F\n|-mega|p1a: Camerupt|Camerupt|Cameruptite\n|cant|p1b: Dragonite|par\n|move|p2a: Palafin|Jet Punch|p1a: Camerupt\n|-supereffective|p1a: Camerupt\n|-damage|p1a: Camerupt|0 fnt\n|faint|p1a: Camerupt\n|move|p2b: Seismitoad|Earthquake|p1b: Dragonite|[spread] p2a,p1b\n|-damage|p2a: Palafin|42\/100 tox\n|-damage|p1b: Dragonite|0 fnt\n|faint|p1b: Dragonite\n|\n|win|MrTRB\n|raw|fireball0809's rating: 1000 &rarr; <strong>1000<\/strong><br \/>(+0 for losing)\n|raw|MrTRB's rating: 1000 &rarr; <strong>1040<\/strong><br \/>(+40 for winning)\n","uploadtime":1700098657,"views":7,"p1id":"fireball0809","p2id":"mrtrb","formatid":"gen9nationaldexdoubles","rating":1000,"private":0,"password":""}