{"id":"gen9nationaldexdoubles-1982188577","p1":"MikazukiRex_","p2":"decidoustree","format":"[Gen 9] National Dex Doubles","log":"|j|\u2606MikazukiRex_\n|j|\u2606decidoustree\n|t:|1698977147\n|gametype|doubles\n|player|p1|MikazukiRex_|ltsurge|\n|player|p2|decidoustree|veteranf|\n|teamsize|p1|6\n|teamsize|p2|6\n|gen|9\n|tier|[Gen 9] National Dex Doubles\n|rule|HP Percentage Mod: HP is shown in percentages\n|rule|Endless Battle Clause: Forcing endless battles is banned\n|rule|OHKO Clause: OHKO moves are banned\n|rule|Evasion Moves Clause: Evasion moves are banned\n|rule|Evasion Abilities Clause: Evasion abilities are banned\n|rule|Species Clause: Limit one of each Pok\u00e9mon\n|rule|Gravity Sleep Clause: The combination of sleep-inducing moves with imperfect accuracy and Gravity or Gigantamax Orbeetle are banned\n|clearpoke\n|poke|p1|Skeledirge, M|\n|poke|p1|Meowscarada, M|\n|poke|p1|Grimmsnarl, M|\n|poke|p1|Chien-Pao|\n|poke|p1|Garganacl, M|\n|poke|p1|Maushold|\n|poke|p2|Indeedee-F, F|\n|poke|p2|Scolipede, M|\n|poke|p2|Audino, F|\n|poke|p2|Garbodor, M|\n|poke|p2|Aegislash, M|\n|poke|p2|Krookodile, M|\n|teampreview\n|c|\u2606MikazukiRex_|focus on your strengths\n|c|\u2606MikazukiRex_|you have a nice team\n|c|\u2606MikazukiRex_|gl hf\n|c|\u2606decidoustree|uhh\n|c|\u2606decidoustree|gl\n|\n|t:|1698977261\n|start\n|switch|p1a: Skeledirge|Skeledirge, M|100\/100\n|switch|p1b: Maushold|Maushold|100\/100\n|switch|p2a: Amine|Audino, F|100\/100\n|switch|p2b: Eye Sword|Aegislash, M|100\/100\n|turn|1\n|\n|t:|1698977311\n|move|p1b: Maushold|Taunt|p2a: Amine\n|-start|p2a: Amine|move: Taunt\n|move|p1a: Skeledirge|Will-O-Wisp|p2b: Eye Sword|[miss]\n|-miss|p1a: Skeledirge|p2b: Eye Sword\n|move|p2b: Eye Sword|Swords Dance|p2b: Eye Sword\n|-boost|p2b: Eye Sword|atk|2\n|cant|p2a: Amine|move: Taunt|Thunder Wave\n|\n|upkeep\n|turn|2\n|c|\u2606MikazukiRex_|damn\n|\n|t:|1698977335\n|move|p1b: Maushold|Follow Me|p1b: Maushold\n|-singleturn|p1b: Maushold|move: Follow Me\n|-formechange|p2b: Eye Sword|Aegislash-Blade||[from] ability: Stance Change\n|move|p2b: Eye Sword|Shadow Sneak|p1b: Maushold\n|-immune|p1b: Maushold\n|move|p1a: Skeledirge|Will-O-Wisp|p2b: Eye Sword\n|-status|p2b: Eye Sword|brn\n|move|p2a: Amine|Dazzling Gleam|p1b: Maushold|[spread] p1a,p1b\n|-resisted|p1a: Skeledirge\n|-damage|p1a: Skeledirge|98\/100\n|-damage|p1b: Maushold|89\/100\n|\n|-damage|p2b: Eye Sword|94\/100 brn|[from] brn\n|upkeep\n|turn|3\n|\n|t:|1698977375\n|move|p1b: Maushold|Follow Me|p1b: Maushold\n|-singleturn|p1b: Maushold|move: Follow Me\n|move|p2b: Eye Sword|Shadow Sneak|p1b: Maushold\n|-immune|p1b: Maushold\n|move|p1a: Skeledirge|Torch Song|p2b: Eye Sword\n|-supereffective|p2b: Eye Sword\n|-damage|p2b: Eye Sword|0 fnt\n|-boost|p1a: Skeledirge|spa|1\n|faint|p2b: Eye Sword\n|-enditem|p1a: Skeledirge|Throat Spray\n|-boost|p1a: Skeledirge|spa|1|[from] item: Throat Spray\n|move|p2a: Amine|Dazzling Gleam|p1b: Maushold|[spread] p1a,p1b\n|-resisted|p1a: Skeledirge\n|-damage|p1a: Skeledirge|96\/100\n|-damage|p1b: Maushold|77\/100\n|\n|-end|p2a: Amine|move: Taunt\n|upkeep\n|\n|t:|1698977398\n|switch|p2b: Acidic Chloride|Scolipede, M|100\/100\n|turn|4\n|\n|t:|1698977429\n|move|p1b: Maushold|Taunt|p2a: Amine\n|-start|p2a: Amine|move: Taunt\n|move|p2b: Acidic Chloride|Rock Slide|p1b: Maushold|[spread] p1a,p1b\n|-supereffective|p1a: Skeledirge\n|-damage|p1a: Skeledirge|75\/100\n|-damage|p1b: Maushold|52\/100\n|cant|p1a: Skeledirge|flinch\n|move|p2a: Amine|Dazzling Gleam|p1b: Maushold|[spread] p1a,p1b\n|-resisted|p1a: Skeledirge\n|-damage|p1a: Skeledirge|73\/100\n|-damage|p1b: Maushold|41\/100\n|\n|-ability|p2b: Acidic Chloride|Speed Boost|boost\n|-boost|p2b: Acidic Chloride|spe|1\n|upkeep\n|turn|5\n|\n|t:|1698977457\n|move|p2b: Acidic Chloride|Rock Slide|p1a: Skeledirge|[spread] p1a,p1b\n|-supereffective|p1a: Skeledirge\n|-damage|p1a: Skeledirge|53\/100\n|-damage|p1b: Maushold|17\/100\n|cant|p1b: Maushold|flinch\n|move|p1a: Skeledirge|Torch Song|p2b: Acidic Chloride\n|-supereffective|p2b: Acidic Chloride\n|-enditem|p2b: Acidic Chloride|Focus Sash\n|-damage|p2b: Acidic Chloride|1\/100\n|-boost|p1a: Skeledirge|spa|1\n|move|p2a: Amine|Dazzling Gleam|p1b: Maushold|[spread] p1a,p1b\n|-resisted|p1a: Skeledirge\n|-damage|p1a: Skeledirge|50\/100\n|-damage|p1b: Maushold|5\/100\n|\n|-ability|p2b: Acidic Chloride|Speed Boost|boost\n|-boost|p2b: Acidic Chloride|spe|1\n|upkeep\n|turn|6\n|\n|t:|1698977520\n|move|p2b: Acidic Chloride|Rock Slide|p1b: Maushold|[spread] p1b\n|-miss|p2b: Acidic Chloride|p1a: Skeledirge\n|-damage|p1b: Maushold|0 fnt\n|faint|p1b: Maushold\n|move|p1a: Skeledirge|Slack Off|p1a: Skeledirge\n|-heal|p1a: Skeledirge|99\/100\n|move|p2a: Amine|Dazzling Gleam|p1a: Skeledirge\n|-resisted|p1a: Skeledirge\n|-damage|p1a: Skeledirge|95\/100\n|\n|-end|p2a: Amine|move: Taunt\n|-ability|p2b: Acidic Chloride|Speed Boost|boost\n|-boost|p2b: Acidic Chloride|spe|1\n|upkeep\n|\n|t:|1698977542\n|switch|p1b: Meowscarada|Meowscarada, M|100\/100\n|turn|7\n|\n|t:|1698977562\n|move|p1b: Meowscarada|Sucker Punch|p2b: Acidic Chloride\n|-damage|p2b: Acidic Chloride|0 fnt\n|faint|p2b: Acidic Chloride\n|move|p1a: Skeledirge|Torch Song|p2a: Amine\n|-damage|p2a: Amine|42\/100\n|-boost|p1a: Skeledirge|spa|1\n|move|p2a: Amine|Thunder Wave|p1b: Meowscarada\n|-status|p1b: Meowscarada|par\n|\n|upkeep\n|\n|t:|1698977577\n|switch|p2b: Garbage|Garbodor, M|100\/100\n|turn|8\n|\n|t:|1698977601\n|move|p2b: Garbage|Gunk Shot|p1b: Meowscarada|[miss]\n|-miss|p2b: Garbage|p1b: Meowscarada\n|move|p1b: Meowscarada|Flower Trick|p2b: Garbage\n|-resisted|p2b: Garbage\n|-crit|p2b: Garbage\n|-damage|p2b: Garbage|78\/100\n|move|p1a: Skeledirge|Torch Song|p2b: Garbage\n|-damage|p2b: Garbage|0 fnt\n|-boost|p1a: Skeledirge|spa|1\n|faint|p2b: Garbage\n|move|p2a: Amine|Thunder Wave|p1a: Skeledirge\n|-status|p1a: Skeledirge|par\n|\n|upkeep\n|\n|t:|1698977622\n|switch|p2b: Amide|Indeedee-F, F|100\/100\n|-fieldstart|move: Psychic Terrain|[from] ability: Psychic Surge|[of] p2b: Amide\n|turn|9\n|\n|t:|1698977663\n|move|p2b: Amide|Shadow Ball|p1a: Skeledirge\n|-supereffective|p1a: Skeledirge\n|-damage|p1a: Skeledirge|56\/100 par\n|move|p1b: Meowscarada|U-turn|p2b: Amide\n|-supereffective|p2b: Amide\n|-damage|p2b: Amide|59\/100\n|\n|t:|1698977670\n|switch|p1b: Grimmsnarl|Grimmsnarl, M|100\/100|[from] U-turn\n|move|p2a: Amine|Dazzling Gleam|p1a: Skeledirge|[spread] p1a,p1b\n|-resisted|p1a: Skeledirge\n|-supereffective|p1b: Grimmsnarl\n|-damage|p1a: Skeledirge|52\/100 par\n|-damage|p1b: Grimmsnarl|84\/100\n|move|p1a: Skeledirge|Torch Song|p2b: Amide\n|-damage|p2b: Amide|0 fnt\n|-boost|p1a: Skeledirge|spa|1\n|faint|p2b: Amide\n|\n|upkeep\n|\n|t:|1698977680\n|switch|p2b: Ketone|Krookodile, M|100\/100\n|turn|10\n|\n|t:|1698977743\n|move|p1b: Grimmsnarl|Reflect|p1b: Grimmsnarl\n|-sidestart|p1: MikazukiRex_|Reflect\n|move|p2b: Ketone|Stone Edge|p1a: Skeledirge\n|-supereffective|p1a: Skeledirge\n|-damage|p1a: Skeledirge|17\/100 par\n|move|p2a: Amine|Thunder Wave|p1b: Grimmsnarl\n|-status|p1b: Grimmsnarl|par\n|move|p1a: Skeledirge|Slack Off|p1a: Skeledirge\n|-heal|p1a: Skeledirge|67\/100 par\n|\n|upkeep\n|turn|11\n|c|\u2606MikazukiRex_|damn these paras lol\n|\n|t:|1698977774\n|move|p1b: Grimmsnarl|Parting Shot|p2b: Ketone\n|-activate|p2b: Ketone|move: Psychic Terrain\n|move|p2b: Ketone|Stone Edge|p1a: Skeledirge\n|-supereffective|p1a: Skeledirge\n|-damage|p1a: Skeledirge|35\/100 par\n|move|p2a: Amine|Dazzling Gleam|p1b: Grimmsnarl|[spread] p1a,p1b\n|-resisted|p1a: Skeledirge\n|-supereffective|p1b: Grimmsnarl\n|-damage|p1a: Skeledirge|32\/100 par\n|-damage|p1b: Grimmsnarl|68\/100 par\n|cant|p1a: Skeledirge|par\n|\n|upkeep\n|turn|12\n|\n|t:|1698977798\n|move|p1b: Grimmsnarl|Light Screen|p1b: Grimmsnarl\n|-sidestart|p1: MikazukiRex_|move: Light Screen\n|move|p2b: Ketone|Stone Edge|p1a: Skeledirge|[miss]\n|-miss|p2b: Ketone|p1a: Skeledirge\n|move|p2a: Amine|Dazzling Gleam|p1a: Skeledirge|[spread] p1a,p1b\n|-resisted|p1a: Skeledirge\n|-supereffective|p1b: Grimmsnarl\n|-damage|p1a: Skeledirge|30\/100 par\n|-damage|p1b: Grimmsnarl|56\/100 par\n|move|p1a: Skeledirge|Slack Off|p1a: Skeledirge\n|-heal|p1a: Skeledirge|80\/100 par\n|\n|upkeep\n|turn|13\n|\n|t:|1698977826\n|move|p2b: Ketone|Stone Edge|p1b: Grimmsnarl\n|-damage|p1b: Grimmsnarl|33\/100 par\n|move|p2a: Amine|Dazzling Gleam|p1b: Grimmsnarl|[spread] p1a,p1b\n|-resisted|p1a: Skeledirge\n|-supereffective|p1b: Grimmsnarl\n|-damage|p1a: Skeledirge|77\/100 par\n|-damage|p1b: Grimmsnarl|23\/100 par\n|cant|p1a: Skeledirge|par\n|move|p1b: Grimmsnarl|Spirit Break|p2a: Amine\n|-damage|p2a: Amine|19\/100\n|-unboost|p2a: Amine|spa|1\n|-damage|p1b: Grimmsnarl|7\/100 par|[from] item: Rocky Helmet|[of] p2a: Amine\n|\n|-fieldend|move: Psychic Terrain\n|upkeep\n|turn|14\n|c|\u2606MikazukiRex_|omggg\n|c|\u2606MikazukiRex_|lol\n|\n|t:|1698977854\n|cant|p1b: Grimmsnarl|par\n|move|p2b: Ketone|Stone Edge|p1a: Skeledirge\n|-supereffective|p1a: Skeledirge\n|-damage|p1a: Skeledirge|43\/100 par\n|move|p2a: Amine|Dazzling Gleam|p1a: Skeledirge|[spread] p1a,p1b\n|-resisted|p1a: Skeledirge\n|-supereffective|p1b: Grimmsnarl\n|-damage|p1a: Skeledirge|41\/100 par\n|-damage|p1b: Grimmsnarl|0 fnt\n|faint|p1b: Grimmsnarl\n|cant|p1a: Skeledirge|par\n|\n|upkeep\n|c|\u2606MikazukiRex_|dude\n|c|\u2606MikazukiRex_|wtf\n|c|\u2606decidoustree|:v\n|\n|t:|1698977870\n|switch|p1b: Chien-Pao|Chien-Pao|100\/100\n|-ability|p1b: Chien-Pao|Sword of Ruin\n|turn|15\n|\n|t:|1698977895\n|-terastallize|p2a: Amine|Fairy\n|move|p2b: Ketone|Stone Edge|p1a: Skeledirge\n|-supereffective|p1a: Skeledirge\n|-crit|p1a: Skeledirge\n|-damage|p1a: Skeledirge|0 fnt\n|faint|p1a: Skeledirge\n|-ability|p2b: Ketone|Moxie|boost\n|-boost|p2b: Ketone|atk|1\n|move|p1b: Chien-Pao|Ice Spinner|p2a: Amine\n|-damage|p2a: Amine|0 fnt\n|-damage|p1b: Chien-Pao|84\/100|[from] item: Rocky Helmet|[of] p2a: Amine\n|faint|p2a: Amine\n|-damage|p1b: Chien-Pao|74\/100|[from] item: Life Orb\n|\n|upkeep\n|\n|t:|1698977909\n|switch|p1a: Garganacl|Garganacl, M|100\/100\n|turn|16\n|\n|t:|1698977916\n|move|p2b: Ketone|Stone Edge|p1b: Chien-Pao\n|-supereffective|p1b: Chien-Pao\n|-damage|p1b: Chien-Pao|0 fnt\n|faint|p1b: Chien-Pao\n|-ability|p2b: Ketone|Moxie|boost\n|-boost|p2b: Ketone|atk|1\n|move|p1a: Garganacl|Body Press|p2b: Ketone\n|-supereffective|p2b: Ketone\n|-damage|p2b: Ketone|42\/100\n|\n|upkeep\n|\n|t:|1698977925\n|switch|p1b: Meowscarada|Meowscarada, M|100\/100 par\n|turn|17\n|c|\u2606MikazukiRex_|I swear\n|\n|t:|1698977940\n|move|p2b: Ketone|Stone Edge|p1a: Garganacl\n|-damage|p1a: Garganacl|76\/100\n|cant|p1b: Meowscarada|par\n|move|p1a: Garganacl|Body Press|p2b: Ketone\n|-supereffective|p2b: Ketone\n|-damage|p2b: Ketone|0 fnt\n|faint|p2b: Ketone\n|\n|win|MikazukiRex_\n|c|\u2606MikazukiRex_|If I lose to a para\n|c|\u2606MikazukiRex_|ima ry\n|c|\u2606MikazukiRex_|ryy\n|c|\u2606MikazukiRex_|thanks god\n|c|\u2606MikazukiRex_|ggs\n|c|\u2606decidoustree|dam\n|c|\u2606decidoustree|damd\n|c|\u2606decidoustree|gg\n|c|\u2606decidoustree|idk\n|l|\u2606MikazukiRex_\n","uploadtime":1698977953,"views":25,"p1id":"mikazukirex","p2id":"decidoustree","formatid":"gen9nationaldexdoubles","rating":0,"private":0,"password":""}