{"id":"gen9nationaldexdoubles-1953216225","p1":"Boshigoat","p2":"S1r.sweepsaLot","format":"[Gen 9] National Dex Doubles","log":"|j|\u2606Boshigoat\n|j|\u2606S1r.sweepsaLot\n|t:|1695763780\n|gametype|doubles\n|player|p1|Boshigoat|265|1500\n|player|p2|S1r.sweepsaLot|marshal|1599\n|teamsize|p1|6\n|teamsize|p2|6\n|gen|9\n|tier|[Gen 9] National Dex Doubles\n|rated|\n|rule|HP Percentage Mod: HP is shown in percentages\n|rule|Endless Battle Clause: Forcing endless battles is banned\n|rule|OHKO Clause: OHKO moves are banned\n|rule|Evasion Moves Clause: Evasion moves are banned\n|rule|Evasion Abilities Clause: Evasion abilities are banned\n|rule|Species Clause: Limit one of each Pok\u00e9mon\n|rule|Gravity Sleep Clause: The combination of sleep-inducing moves with imperfect accuracy and Gravity or Gigantamax Orbeetle are banned\n|clearpoke\n|poke|p1|Hatterene, F|\n|poke|p1|Indeedee-F, F|\n|poke|p1|Camerupt, F|\n|poke|p1|Sinistcha|\n|poke|p1|Conkeldurr, F|\n|poke|p1|Kingambit, M|\n|poke|p2|Tyranitar, F|\n|poke|p2|Excadrill, F|\n|poke|p2|Togekiss, F|\n|poke|p2|Kommo-o, F|\n|poke|p2|Gholdengo|\n|poke|p2|Incineroar, F|\n|teampreview\n|c|\u2606S1r.sweepsaLot|glhf\n|\n|t:|1695763815\n|start\n|switch|p1a: Hatterene|Hatterene, F|100\/100\n|switch|p1b: Indeedee|Indeedee-F, F|100\/100\n|switch|p2a: Home Depot|Excadrill, F|100\/100\n|switch|p2b: Money Bags|Gholdengo, shiny|100\/100\n|-fieldstart|move: Psychic Terrain|[from] ability: Psychic Surge|[of] p1b: Indeedee\n|turn|1\n|\n|t:|1695763832\n|switch|p2b: Look at Me|Togekiss, F|100\/100\n|-terastallize|p2a: Home Depot|Ground\n|move|p1a: Hatterene|Protect|p1a: Hatterene\n|-singleturn|p1a: Hatterene|Protect\n|move|p2a: Home Depot|Earthquake|p1b: Indeedee|[spread] p1b\n|-activate|p1a: Hatterene|move: Protect\n|-immune|p2b: Look at Me\n|-damage|p1b: Indeedee|25\/100\n|-enditem|p1b: Indeedee|Sitrus Berry|[eat]\n|-heal|p1b: Indeedee|50\/100|[from] item: Sitrus Berry\n|-damage|p2a: Home Depot|91\/100|[from] item: Life Orb\n|move|p1b: Indeedee|Trick Room|p1b: Indeedee\n|-fieldstart|move: Trick Room|[of] p1b: Indeedee\n|\n|upkeep\n|turn|2\n|\n|t:|1695763861\n|move|p1b: Indeedee|Helping Hand|p1a: Hatterene\n|-singleturn|p1a: Hatterene|Helping Hand|[of] p1b: Indeedee\n|move|p2a: Home Depot|Protect|p2a: Home Depot\n|-singleturn|p2a: Home Depot|Protect\n|move|p1a: Hatterene|Expanding Force|p2b: Look at Me|[spread] p2b\n|-activate|p2a: Home Depot|move: Protect\n|-damage|p2b: Look at Me|3\/100\n|-damage|p1a: Hatterene|91\/100|[from] item: Life Orb\n|move|p2b: Look at Me|Yawn|p1b: Indeedee\n|-start|p1b: Indeedee|move: Yawn|[of] p2b: Look at Me\n|\n|upkeep\n|turn|3\n|\n|t:|1695763892\n|switch|p2b: Godzilla|Tyranitar, F|100\/100\n|-weather|Sandstorm|[from] ability: Sand Stream|[of] p2b: Godzilla\n|switch|p1b: Conkeldurr|Conkeldurr, F|100\/100\n|switch|p2a: Nala|Incineroar, F|100\/100\n|-ability|p2a: Nala|Intimidate|boost\n|-unboost|p1a: Hatterene|atk|1\n|-unboost|p1b: Conkeldurr|atk|1\n|move|p1a: Hatterene|Expanding Force|p2a: Nala|[spread] \n|-immune|p2a: Nala\n|-immune|p2b: Godzilla\n|\n|-weather|Sandstorm|[upkeep]\n|-damage|p1a: Hatterene|85\/100|[from] Sandstorm\n|-damage|p1b: Conkeldurr|94\/100|[from] Sandstorm\n|-damage|p2a: Nala|94\/100|[from] Sandstorm\n|-status|p1b: Conkeldurr|brn|[from] item: Flame Orb\n|upkeep\n|turn|4\n|\n|t:|1695763928\n|switch|p2b: Money Bags|Gholdengo, shiny|100\/100\n|move|p1a: Hatterene|Dazzling Gleam|p2b: Money Bags|[spread] p2a,p2b\n|-resisted|p2b: Money Bags\n|-damage|p2a: Nala|60\/100\n|-damage|p2b: Money Bags|78\/100\n|-damage|p1a: Hatterene|75\/100|[from] item: Life Orb\n|move|p1b: Conkeldurr|Close Combat|p2b: Money Bags\n|-immune|p2b: Money Bags\n|move|p2a: Nala|Parting Shot|p1b: Conkeldurr\n|-unboost|p1b: Conkeldurr|atk|1\n|-unboost|p1b: Conkeldurr|spa|1\n|\n|t:|1695763958\n|switch|p2a: Home Depot|Excadrill, F, tera:Ground|91\/100|[from] Parting Shot\n|\n|-weather|Sandstorm|[upkeep]\n|-damage|p1a: Hatterene|69\/100|[from] Sandstorm\n|-damage|p1b: Conkeldurr|88\/100 brn|[from] Sandstorm\n|-heal|p2b: Money Bags|84\/100|[from] item: Leftovers\n|-damage|p1b: Conkeldurr|82\/100 brn|[from] brn\n|upkeep\n|turn|5\n|\n|t:|1695763973\n|switch|p1b: Indeedee|Indeedee-F, F|50\/100\n|move|p1a: Hatterene|Protect|p1a: Hatterene\n|-singleturn|p1a: Hatterene|Protect\n|move|p2b: Money Bags|Protect|p2b: Money Bags\n|-singleturn|p2b: Money Bags|Protect\n|move|p2a: Home Depot|Protect||[still]\n|-fail|p2a: Home Depot\n|\n|-weather|Sandstorm|[upkeep]\n|-damage|p1a: Hatterene|63\/100|[from] Sandstorm\n|-damage|p1b: Indeedee|44\/100|[from] Sandstorm\n|-heal|p2b: Money Bags|90\/100|[from] item: Leftovers\n|-fieldend|move: Trick Room\n|-fieldend|move: Psychic Terrain\n|upkeep\n|turn|6\n|\n|t:|1695764002\n|switch|p2b: Look at Me|Togekiss, F|3\/100\n|move|p1b: Indeedee|Follow Me|p1b: Indeedee\n|-singleturn|p1b: Indeedee|move: Follow Me\n|move|p2a: Home Depot|Earthquake|p1a: Hatterene|[spread] p1a,p1b\n|-immune|p2b: Look at Me\n|-damage|p1a: Hatterene|0 fnt\n|-damage|p1b: Indeedee|0 fnt\n|faint|p1a: Hatterene\n|faint|p1b: Indeedee\n|-damage|p2a: Home Depot|81\/100|[from] item: Life Orb\n|\n|-weather|Sandstorm|[upkeep]\n|upkeep\n|\n|t:|1695764024\n|switch|p1b: Sinistcha|Sinistcha|100\/100\n|switch|p1a: Conkeldurr|Conkeldurr, F|82\/100 brn\n|-heal|p1a: Conkeldurr|100\/100 brn|[from] ability: Hospitality|[of] p1b: Sinistcha\n|turn|7\n|\n|t:|1695764038\n|move|p2a: Home Depot|Protect|p2a: Home Depot\n|-singleturn|p2a: Home Depot|Protect\n|move|p2b: Look at Me|Yawn|p1b: Sinistcha\n|-start|p1b: Sinistcha|move: Yawn|[of] p2b: Look at Me\n|move|p1a: Conkeldurr|Ice Punch|p2a: Home Depot\n|-activate|p2a: Home Depot|move: Protect\n|move|p1b: Sinistcha|Trick Room|p1b: Sinistcha\n|-fieldstart|move: Trick Room|[of] p1b: Sinistcha\n|\n|-weather|none\n|-damage|p1a: Conkeldurr|94\/100 brn|[from] brn\n|upkeep\n|turn|8\n|\n|t:|1695764054\n|switch|p2b: Money Bags|Gholdengo, shiny|90\/100\n|switch|p2a: Nala|Incineroar, F|60\/100\n|-ability|p2a: Nala|Intimidate|boost\n|-unboost|p1a: Conkeldurr|atk|1\n|-unboost|p1b: Sinistcha|atk|1\n|move|p1a: Conkeldurr|Ice Punch|p2a: Nala\n|-resisted|p2a: Nala\n|-damage|p2a: Nala|47\/100\n|move|p1b: Sinistcha|Matcha Gotcha|p2a: Nala|[spread] p2a,p2b\n|-resisted|p2a: Nala\n|-resisted|p2b: Money Bags\n|-damage|p2a: Nala|35\/100\n|-damage|p2b: Money Bags|75\/100\n|\n|-heal|p2b: Money Bags|82\/100|[from] item: Leftovers\n|-damage|p1a: Conkeldurr|88\/100 brn|[from] brn\n|-end|p1b: Sinistcha|move: Yawn|[silent]\n|-status|p1b: Sinistcha|slp\n|upkeep\n|turn|9\n|\n|t:|1695764077\n|move|p2a: Nala|Fake Out|p1a: Conkeldurr\n|-damage|p1a: Conkeldurr|80\/100 brn\n|cant|p1a: Conkeldurr|flinch\n|cant|p1b: Sinistcha|slp\n|move|p2b: Money Bags|Nasty Plot|p2b: Money Bags\n|-boost|p2b: Money Bags|spa|2\n|\n|-heal|p2b: Money Bags|88\/100|[from] item: Leftovers\n|-damage|p1a: Conkeldurr|74\/100 brn|[from] brn\n|upkeep\n|turn|10\n|\n|t:|1695764115\n|move|p1a: Conkeldurr|Knock Off|p2b: Money Bags\n|-supereffective|p2b: Money Bags\n|-damage|p2b: Money Bags|18\/100\n|-enditem|p2b: Money Bags|Leftovers|[from] move: Knock Off|[of] p1a: Conkeldurr\n|move|p2a: Nala|Parting Shot|p1a: Conkeldurr\n|-unboost|p1a: Conkeldurr|atk|1\n|-unboost|p1a: Conkeldurr|spa|1\n|\n|t:|1695764142\n|switch|p2a: Concert Speaker|Kommo-o, F|100\/100|[from] Parting Shot\n|-curestatus|p1b: Sinistcha|slp|[msg]\n|move|p1b: Sinistcha|Life Dew||[still]|[spread] p1a,p1b\n|-heal|p1a: Conkeldurr|99\/100 brn\n|-fail|p1b: Sinistcha|heal\n|move|p2b: Money Bags|Shadow Ball|p1b: Sinistcha\n|-supereffective|p1b: Sinistcha\n|-damage|p1b: Sinistcha|0 fnt\n|faint|p1b: Sinistcha\n|\n|-damage|p1a: Conkeldurr|93\/100 brn|[from] brn\n|upkeep\n|\n|t:|1695764172\n|switch|p1b: Camerupt|Camerupt, F|100\/100\n|turn|11\n|\n|t:|1695764194\n|detailschange|p1b: Camerupt|Camerupt-Mega, F\n|-mega|p1b: Camerupt|Camerupt|Cameruptite\n|move|p2b: Money Bags|Protect|p2b: Money Bags\n|-singleturn|p2b: Money Bags|Protect\n|move|p2a: Concert Speaker|Protect|p2a: Concert Speaker\n|-singleturn|p2a: Concert Speaker|Protect\n|move|p1b: Camerupt|Eruption|p2b: Money Bags|[spread] \n|-activate|p2a: Concert Speaker|move: Protect\n|-activate|p2b: Money Bags|move: Protect\n|move|p1a: Conkeldurr|Ice Punch|p2a: Concert Speaker\n|-activate|p2a: Concert Speaker|move: Protect\n|\n|-damage|p1a: Conkeldurr|87\/100 brn|[from] brn\n|-fieldend|move: Trick Room\n|upkeep\n|turn|12\n|\n|t:|1695764206\n|switch|p1a: Kingambit|Kingambit, M|100\/100\n|-activate|p1a: Kingambit|ability: Supreme Overlord\n|-start|p1a: Kingambit|fallen3|[silent]\n|move|p2a: Concert Speaker|Clangorous Soul|p2a: Concert Speaker\n|-boost|p2a: Concert Speaker|atk|1\n|-boost|p2a: Concert Speaker|def|1\n|-boost|p2a: Concert Speaker|spa|1\n|-boost|p2a: Concert Speaker|spd|1\n|-boost|p2a: Concert Speaker|spe|1\n|-damage|p2a: Concert Speaker|68\/100\n|-enditem|p2a: Concert Speaker|Throat Spray\n|-boost|p2a: Concert Speaker|spa|1|[from] item: Throat Spray\n|move|p2b: Money Bags|Shadow Ball|p1a: Kingambit\n|-resisted|p1a: Kingambit\n|-damage|p1a: Kingambit|57\/100\n|move|p1b: Camerupt|Heat Wave|p2b: Money Bags|[spread] p2a,p2b\n|-resisted|p2a: Concert Speaker\n|-supereffective|p2b: Money Bags\n|-damage|p2a: Concert Speaker|47\/100\n|-damage|p2b: Money Bags|0 fnt\n|faint|p2b: Money Bags\n|\n|upkeep\n|\n|t:|1695764212\n|switch|p2b: Look at Me|Togekiss, F|3\/100\n|turn|13\n|\n|t:|1695764234\n|-terastallize|p1a: Kingambit|Ghost\n|move|p2b: Look at Me|Follow Me|p2b: Look at Me\n|-singleturn|p2b: Look at Me|move: Follow Me\n|move|p2a: Concert Speaker|Clanging Scales|p1b: Camerupt|[spread] p1a,p1b\n|-damage|p1a: Kingambit|0 fnt\n|-damage|p1b: Camerupt|31\/100\n|faint|p1a: Kingambit\n|-end|p1a: Kingambit|fallen3|[silent]\n|-unboost|p2a: Concert Speaker|def|1\n|move|p1b: Camerupt|Heat Wave|p2a: Concert Speaker|[spread] p2a,p2b\n|-resisted|p2a: Concert Speaker\n|-damage|p2a: Concert Speaker|24\/100\n|-damage|p2b: Look at Me|0 fnt\n|faint|p2b: Look at Me\n|\n|upkeep\n|\n|t:|1695764253\n|switch|p2b: Home Depot|Excadrill, F, tera:Ground|81\/100\n|switch|p1a: Conkeldurr|Conkeldurr, F|87\/100 brn\n|turn|14\n|\n|t:|1695764261\n|move|p1a: Conkeldurr|Protect|p1a: Conkeldurr\n|-singleturn|p1a: Conkeldurr|Protect\n|move|p1b: Camerupt|Protect|p1b: Camerupt\n|-singleturn|p1b: Camerupt|Protect\n|move|p2a: Concert Speaker|Clanging Scales|p1a: Conkeldurr|[spread] \n|-activate|p1a: Conkeldurr|move: Protect\n|-activate|p1b: Camerupt|move: Protect\n|move|p2b: Home Depot|High Horsepower|p1a: Conkeldurr\n|-activate|p1a: Conkeldurr|move: Protect\n|\n|-damage|p1a: Conkeldurr|81\/100 brn|[from] brn\n|upkeep\n|turn|15\n|\n|t:|1695764281\n|move|p2a: Concert Speaker|Clanging Scales|p1a: Conkeldurr|[spread] p1a,p1b\n|-crit|p1a: Conkeldurr\n|-damage|p1a: Conkeldurr|0 fnt\n|-damage|p1b: Camerupt|0 fnt\n|faint|p1a: Conkeldurr\n|faint|p1b: Camerupt\n|\n|win|S1r.sweepsaLot\n|raw|Boshigoat's rating: 1500 &rarr; <strong>1486<\/strong><br \/>(-14 for losing)\n|raw|S1r.sweepsaLot's rating: 1599 &rarr; <strong>1613<\/strong><br \/>(+14 for winning)\n|l|\u2606Boshigoat\n","uploadtime":1695764292,"views":11,"p1id":"boshigoat","p2id":"s1rsweepsalot","formatid":"gen9nationaldexdoubles","rating":1486,"private":0,"password":""}