{"id":"gen9nationaldexdoubles-1956961233","p1":"Electroshibe","p2":"masterash","format":"[Gen 9] National Dex Doubles","log":"|j|\u2606Electroshibe\n|j|\u2606masterash\n|t:|1696173964\n|gametype|doubles\n|player|p1|Electroshibe|benga|1194\n|player|p2|masterash|ash|1253\n|teamsize|p1|6\n|teamsize|p2|6\n|gen|9\n|tier|[Gen 9] National Dex Doubles\n|rated|\n|rule|HP Percentage Mod: HP is shown in percentages\n|rule|Endless Battle Clause: Forcing endless battles is banned\n|rule|OHKO Clause: OHKO moves are banned\n|rule|Evasion Moves Clause: Evasion moves are banned\n|rule|Evasion Abilities Clause: Evasion abilities are banned\n|rule|Species Clause: Limit one of each Pok\u00e9mon\n|rule|Gravity Sleep Clause: The combination of sleep-inducing moves with imperfect accuracy and Gravity or Gigantamax Orbeetle are banned\n|clearpoke\n|poke|p1|Ninetales, M|\n|poke|p1|Ceruledge, F|\n|poke|p1|Arcanine-Hisui, F|\n|poke|p1|Eevee, F|\n|poke|p1|Amoonguss, M|\n|poke|p1|Victini|\n|poke|p2|Empoleon, M|\n|poke|p2|Lopunny, F|\n|poke|p2|Pachirisu, M|\n|poke|p2|Typhlosion-Hisui, M|\n|poke|p2|Mamoswine, M|\n|poke|p2|Togekiss, F|\n|teampreview\n|\n|t:|1696173983\n|start\n|switch|p1a: Prism|Eevee, F, shiny|100\/100\n|switch|p1b: SUS|Amoonguss, M|100\/100\n|switch|p2a: Benjamin|Empoleon, M|100\/100\n|switch|p2b: Hadassah|Lopunny, F|100\/100\n|turn|1\n|\n|t:|1696174002\n|switch|p1a: Funny|Ceruledge, F|100\/100\n|switch|p1b: Helios|Ninetales, M|100\/100\n|-weather|SunnyDay|[from] ability: Drought|[of] p1b: Helios\n|detailschange|p2b: Hadassah|Lopunny-Mega, F\n|-mega|p2b: Hadassah|Lopunny|Lopunnite\n|move|p2b: Hadassah|Fake Out|p1b: Helios\n|-damage|p1b: Helios|65\/100\n|move|p2a: Benjamin|Blizzard|p1a: Funny|[spread] p1a,p1b\n|-resisted|p1a: Funny\n|-resisted|p1b: Helios\n|-damage|p1a: Funny|83\/100\n|-damage|p1b: Helios|47\/100\n|\n|-weather|SunnyDay|[upkeep]\n|upkeep\n|turn|2\n|\n|t:|1696174034\n|switch|p1b: SUS|Amoonguss, M|100\/100\n|switch|p2a: Klep|Pachirisu, M|100\/100\n|move|p2b: Hadassah|Return|p1a: Funny\n|-damage|p1a: Funny|4\/100\n|move|p1a: Funny|Close Combat|p2b: Hadassah\n|-supereffective|p2b: Hadassah\n|-damage|p2b: Hadassah|0 fnt\n|-unboost|p1a: Funny|def|1\n|-unboost|p1a: Funny|spd|1\n|faint|p2b: Hadassah\n|\n|-weather|SunnyDay|[upkeep]\n|upkeep\n|\n|t:|1696174050\n|switch|p2b: Mamoswine|Mamoswine, M|100\/100\n|turn|3\n|\n|t:|1696174061\n|-terastallize|p2b: Mamoswine|Grass\n|move|p1b: SUS|Rage Powder|p1b: SUS\n|-singleturn|p1b: SUS|move: Rage Powder\n|move|p2b: Mamoswine|Ice Shard|p1b: SUS\n|-supereffective|p1b: SUS\n|-damage|p1b: SUS|28\/100\n|move|p2a: Klep|Nuzzle|p1b: SUS\n|-resisted|p1b: SUS\n|-damage|p1b: SUS|25\/100\n|-status|p1b: SUS|par\n|move|p1a: Funny|Bitter Blade|p2b: Mamoswine\n|-supereffective|p2b: Mamoswine\n|-damage|p2b: Mamoswine|27\/100\n|-heal|p1a: Funny|50\/100|[from] drain|[of] p2b: Mamoswine\n|\n|-weather|SunnyDay|[upkeep]\n|-heal|p1b: SUS|32\/100 par|[from] item: Black Sludge\n|upkeep\n|turn|4\n|\n|t:|1696174085\n|move|p1b: SUS|Rage Powder|p1b: SUS\n|-singleturn|p1b: SUS|move: Rage Powder\n|move|p2b: Mamoswine|Ice Shard|p1b: SUS\n|-supereffective|p1b: SUS\n|-damage|p1b: SUS|0 fnt\n|faint|p1b: SUS\n|move|p2a: Klep|Nuzzle|p1a: Funny\n|-damage|p1a: Funny|38\/100\n|-status|p1a: Funny|par\n|cant|p1a: Funny|par\n|\n|-weather|SunnyDay|[upkeep]\n|upkeep\n|\n|t:|1696174100\n|switch|p1b: Shiru|Victini|100\/100\n|turn|5\n|\n|t:|1696174106\n|switch|p2b: Benjamin|Empoleon, M|100\/100\n|switch|p1a: Amaterasu|Arcanine-Hisui, F|100\/100\n|move|p1b: Shiru|Searing Shot|p2b: Benjamin|[spread] p1a,p2a,p2b\n|-resisted|p1a: Amaterasu\n|-damage|p1a: Amaterasu|91\/100\n|-damage|p2a: Klep|36\/100\n|-damage|p2b: Benjamin|55\/100\n|-status|p2a: Klep|brn\n|move|p2a: Klep|Nuzzle|p1b: Shiru\n|-crit|p1b: Shiru\n|-damage|p1b: Shiru|96\/100\n|-status|p1b: Shiru|par\n|\n|-weather|SunnyDay|[upkeep]\n|-heal|p1b: Shiru|100\/100 par|[from] item: Leftovers\n|-damage|p2a: Klep|30\/100 brn|[from] brn\n|upkeep\n|turn|6\n|\n|t:|1696174147\n|move|p1a: Amaterasu|Extreme Speed|p2a: Klep\n|-damage|p2a: Klep|0 fnt\n|faint|p2a: Klep\n|cant|p1b: Shiru|par\n|move|p2b: Benjamin|Flash Cannon|p1a: Amaterasu\n|-damage|p1a: Amaterasu|60\/100\n|\n|-weather|SunnyDay|[upkeep]\n|upkeep\n|\n|t:|1696174156\n|switch|p2a: Typhlosion|Typhlosion-Hisui, M|100\/100\n|-item|p1a: Amaterasu|Assault Vest|[from] ability: Frisk|[of] p2a: Typhlosion|[identify]\n|-item|p1b: Shiru|Leftovers|[from] ability: Frisk|[of] p2a: Typhlosion|[identify]\n|turn|7\n|\n|t:|1696174168\n|move|p2a: Typhlosion|Eruption|p1b: Shiru|[spread] p1a,p1b\n|-resisted|p1a: Amaterasu\n|-resisted|p1b: Shiru\n|-damage|p1a: Amaterasu|42\/100\n|-damage|p1b: Shiru|61\/100 par\n|move|p1a: Amaterasu|Head Smash|p2a: Typhlosion\n|-supereffective|p2a: Typhlosion\n|-damage|p2a: Typhlosion|0 fnt\n|faint|p2a: Typhlosion\n|move|p1b: Shiru|Searing Shot|p2b: Benjamin|[spread] p1a,p2b\n|-resisted|p1a: Amaterasu\n|-damage|p1a: Amaterasu|33\/100\n|-damage|p2b: Benjamin|11\/100\n|-status|p2b: Benjamin|brn\n|move|p2b: Benjamin|Chilling Water|p1a: Amaterasu\n|-supereffective|p1a: Amaterasu\n|-damage|p1a: Amaterasu|0 fnt\n|faint|p1a: Amaterasu\n|\n|-weather|SunnyDay|[upkeep]\n|-heal|p1b: Shiru|67\/100 par|[from] item: Leftovers\n|-damage|p2b: Benjamin|5\/100 brn|[from] brn\n|upkeep\n|\n|t:|1696174186\n|switch|p2a: Togekiss|Togekiss, F|100\/100\n|switch|p1a: Helios|Ninetales, M|47\/100\n|turn|8\n|\n|t:|1696174193\n|move|p1a: Helios|Healing Wish|p1a: Helios\n|faint|p1a: Helios\n|move|p2a: Togekiss|Air Slash|p1b: Shiru\n|-crit|p1b: Shiru\n|-damage|p1b: Shiru|7\/100 par\n|cant|p1b: Shiru|flinch\n|move|p2b: Benjamin|Chilling Water|p1b: Shiru\n|-supereffective|p1b: Shiru\n|-damage|p1b: Shiru|0 fnt\n|faint|p1b: Shiru\n|\n|-weather|none\n|-damage|p2b: Benjamin|0 fnt|[from] brn\n|faint|p2b: Benjamin\n|upkeep\n|\n|t:|1696174204\n|switch|p1b: Prism|Eevee, F, shiny|100\/100\n|switch|p1a: Funny|Ceruledge, F|38\/100 par\n|switch|p2b: Mamoswine|Mamoswine, M, tera:Grass|27\/100\n|-heal|p1a: Funny|100\/100|[from] move: Healing Wish\n|turn|9\n|\n|t:|1696174231\n|move|p1a: Funny|Bitter Blade|p2b: Mamoswine\n|-supereffective|p2b: Mamoswine\n|-damage|p2b: Mamoswine|0 fnt\n|faint|p2b: Mamoswine\n|move|p2a: Togekiss|Thunder Wave|p1b: Prism\n|-status|p1b: Prism|par\n|move|p1b: Prism|Heal Bell|p1b: Prism\n|-activate|p1b: Prism|move: Heal Bell\n|-curestatus|p1b: Prism|par|[msg]\n|\n|upkeep\n|turn|10\n|c|\u2606masterash|GG\n|\n|t:|1696174245\n|move|p1a: Funny|Bitter Blade|p2a: Togekiss\n|-damage|p2a: Togekiss|45\/100\n|move|p2a: Togekiss|Dazzling Gleam|p1a: Funny|[spread] p1a,p1b\n|-resisted|p1a: Funny\n|-damage|p1a: Funny|83\/100\n|-damage|p1b: Prism|58\/100\n|move|p1b: Prism|Heal Bell||[still]\n|-activate|p1b: Prism|move: Heal Bell\n|-fail|p1b: Prism\n|\n|upkeep\n|turn|11\n|\n|t:|1696174258\n|move|p1a: Funny|Bitter Blade|p2a: Togekiss\n|-damage|p2a: Togekiss|0 fnt\n|-heal|p1a: Funny|100\/100|[from] drain|[of] p2a: Togekiss\n|faint|p2a: Togekiss\n|\n|win|Electroshibe\n|raw|Electroshibe's rating: 1194 &rarr; <strong>1223<\/strong><br \/>(+29 for winning)\n|raw|masterash's rating: 1253 &rarr; <strong>1224<\/strong><br \/>(-29 for losing)\n|l|\u2606masterash\n","uploadtime":1696174274,"views":7,"p1id":"electroshibe","p2id":"masterash","formatid":"gen9nationaldexdoubles","rating":1223,"private":0,"password":""}