{"id":"gen9nationaldexdoubles-1956715756","p1":"CjgamingX","p2":"icybro12","format":"[Gen 9] National Dex Doubles","log":"|j|\u2606CjgamingX\n|j|\u2606icybro12\n|t:|1696139759\n|gametype|doubles\n|player|p1|CjgamingX|riley|1043\n|player|p2|icybro12|psychic|1151\n|teamsize|p1|6\n|teamsize|p2|6\n|gen|9\n|tier|[Gen 9] National Dex Doubles\n|rated|\n|rule|HP Percentage Mod: HP is shown in percentages\n|rule|Endless Battle Clause: Forcing endless battles is banned\n|rule|OHKO Clause: OHKO moves are banned\n|rule|Evasion Moves Clause: Evasion moves are banned\n|rule|Evasion Abilities Clause: Evasion abilities are banned\n|rule|Species Clause: Limit one of each Pok\u00e9mon\n|rule|Gravity Sleep Clause: The combination of sleep-inducing moves with imperfect accuracy and Gravity or Gigantamax Orbeetle are banned\n|clearpoke\n|poke|p1|Incineroar, M|\n|poke|p1|Blastoise, F|\n|poke|p1|Flamigo, M|\n|poke|p1|Jirachi|\n|poke|p1|Togekiss, M|\n|poke|p1|Flutter Mane|\n|poke|p2|Vanilluxe, M|\n|poke|p2|Sandslash-Alola, M|\n|poke|p2|Abomasnow, F|\n|poke|p2|Beartic, F|\n|poke|p2|Cetitan, M|\n|poke|p2|Smeargle, M|\n|teampreview\n|\n|t:|1696139771\n|start\n|switch|p1a: Hyuga|Incineroar, M|100\/100\n|switch|p1b: Hikaru|Blastoise, F|100\/100\n|switch|p2a: Abomasnow|Abomasnow, F|100\/100\n|switch|p2b: Sandslash|Sandslash-Alola, M|100\/100\n|-weather|Snow|[from] ability: Snow Warning|[of] p2a: Abomasnow\n|-ability|p1a: Hyuga|Intimidate|boost\n|-unboost|p2a: Abomasnow|atk|1\n|-unboost|p2b: Sandslash|atk|1\n|turn|1\n|c|\u2606CjgamingX|Twin Strike NOW\n|\n|t:|1696139802\n|move|p2a: Abomasnow|Protect|p2a: Abomasnow\n|-singleturn|p2a: Abomasnow|Protect\n|move|p2b: Sandslash|Knock Off|p1b: Hikaru\n|-damage|p1b: Hikaru|73\/100\n|-enditem|p1b: Hikaru|Leftovers|[from] move: Knock Off|[of] p2b: Sandslash\n|move|p1b: Hikaru|Water Pledge|p2b: Sandslash\n|-waiting|p1b: Hikaru|p1a: Hyuga\n|move|p1a: Hyuga|Fire Pledge|p2b: Sandslash|[from]move: Water Pledge\n|-combine\n|-damage|p2b: Sandslash|37\/100\n|-sidestart|p1: CjgamingX|Water Pledge\n|\n|-weather|Snow|[upkeep]\n|upkeep\n|turn|2\n|c|\u2606icybro12|?\n|\n|t:|1696139825\n|switch|p2b: Cetitan|Cetitan, M|100\/100\n|move|p1b: Hikaru|Follow Me|p1b: Hikaru\n|-singleturn|p1b: Hikaru|move: Follow Me\n|move|p2a: Abomasnow|Blizzard|p1a: Hyuga|[spread] p1a,p1b\n|-resisted|p1a: Hyuga\n|-resisted|p1b: Hikaru\n|-damage|p1a: Hyuga|91\/100\n|-damage|p1b: Hikaru|63\/100\n|move|p1a: Hyuga|Parting Shot|p2b: Cetitan\n|-unboost|p2b: Cetitan|atk|1\n|-unboost|p2b: Cetitan|spa|1\n|c|\u2606CjgamingX|Never let them know your next move\n|\n|t:|1696139835\n|switch|p1a: Valkyrie|Jirachi|100\/100|[from] Parting Shot\n|\n|-weather|Snow|[upkeep]\n|upkeep\n|turn|3\n|\n|t:|1696139845\n|move|p1b: Hikaru|Follow Me|p1b: Hikaru\n|-singleturn|p1b: Hikaru|move: Follow Me\n|move|p1a: Valkyrie|Ancient Power|p2b: Cetitan\n|-supereffective|p2b: Cetitan\n|-damage|p2b: Cetitan|71\/100\n|-boost|p1a: Valkyrie|atk|1\n|-boost|p1a: Valkyrie|def|1\n|-boost|p1a: Valkyrie|spa|1\n|-boost|p1a: Valkyrie|spd|1\n|-boost|p1a: Valkyrie|spe|1\n|-zpower|p2b: Cetitan\n|move|p2b: Cetitan|Z-Belly Drum|p2b: Cetitan|[anim]Belly Drum\n|-heal|p2b: Cetitan|100\/100|[zeffect]\n|-damage|p2b: Cetitan|50\/100\n|-setboost|p2b: Cetitan|atk|6|[from] move: Belly Drum\n|move|p2a: Abomasnow|Leech Seed|p1b: Hikaru\n|-start|p1b: Hikaru|move: Leech Seed\n|\n|-weather|Snow|[upkeep]\n|-damage|p1b: Hikaru|51\/100|[from] Leech Seed|[of] p2a: Abomasnow\n|upkeep\n|turn|4\n|c|\u2606CjgamingX|Valkyrie\n|c|\u2606CjgamingX|Operation success\n|\n|t:|1696139861\n|switch|p1b: Lucifer|Flutter Mane|100\/100\n|-enditem|p1b: Lucifer|Booster Energy\n|-activate|p1b: Lucifer|ability: Protosynthesis|[fromitem]\n|-start|p1b: Lucifer|protosynthesisspe\n|move|p2b: Cetitan|Ice Shard|p1a: Valkyrie\n|-resisted|p1a: Valkyrie\n|-damage|p1a: Valkyrie|76\/100\n|move|p1a: Valkyrie|Baton Pass|p1a: Valkyrie\n|\n|t:|1696139885\n|switch|p1a: Ragnorok|Togekiss, M, shiny|100\/100|[from] Baton Pass\n|move|p2a: Abomasnow|Leech Seed|p1a: Ragnorok|[miss]\n|-miss|p2a: Abomasnow|p1a: Ragnorok\n|\n|-weather|Snow|[upkeep]\n|-sideend|p1: CjgamingX|Water Pledge\n|upkeep\n|turn|5\n|\n|t:|1696139905\n|-end|p1b: Lucifer|Protosynthesis|[silent]\n|switch|p1b: Belial|Flamigo, M, shiny|100\/100\n|-copyboost|p1b: Belial|p1a: Ragnorok|[from] ability: Costar\n|move|p2b: Cetitan|Ice Shard|p1a: Ragnorok\n|-supereffective|p1a: Ragnorok\n|-damage|p1a: Ragnorok|0 fnt\n|faint|p1a: Ragnorok\n|move|p2a: Abomasnow|Aurora Veil|p2a: Abomasnow\n|-sidestart|p2: icybro12|move: Aurora Veil\n|\n|-weather|Snow|[upkeep]\n|upkeep\n|\n|t:|1696139922\n|switch|p1a: Valkyrie|Jirachi|76\/100\n|turn|6\n|\n|t:|1696139942\n|move|p1b: Belial|Detect|p1b: Belial\n|-singleturn|p1b: Belial|Protect\n|move|p1a: Valkyrie|Toxic|p2b: Cetitan\n|-status|p2b: Cetitan|tox\n|move|p2b: Cetitan|Liquidation|p1b: Belial\n|-activate|p1b: Belial|move: Protect\n|move|p2a: Abomasnow|Blizzard|p1a: Valkyrie|[spread] p1a\n|-activate|p1b: Belial|move: Protect\n|-resisted|p1a: Valkyrie\n|-damage|p1a: Valkyrie|68\/100\n|\n|-weather|Snow|[upkeep]\n|-damage|p2b: Cetitan|44\/100 tox|[from] psn\n|upkeep\n|turn|7\n|\n|t:|1696139978\n|move|p2b: Cetitan|Ice Shard|p1b: Belial\n|-supereffective|p1b: Belial\n|-crit|p1b: Belial\n|-damage|p1b: Belial|0 fnt\n|faint|p1b: Belial\n|move|p1a: Valkyrie|Ancient Power|p2b: Cetitan\n|-supereffective|p2b: Cetitan\n|-damage|p2b: Cetitan|27\/100 tox\n|move|p2a: Abomasnow|Blizzard|p1a: Valkyrie\n|-resisted|p1a: Valkyrie\n|-damage|p1a: Valkyrie|58\/100\n|\n|-weather|Snow|[upkeep]\n|-damage|p2b: Cetitan|15\/100 tox|[from] psn\n|upkeep\n|c|\u2606icybro12|eyyy\n|\n|t:|1696139991\n|switch|p1b: Hikaru|Blastoise, F|51\/100\n|turn|8\n|\n|t:|1696140001\n|switch|p1a: Hyuga|Incineroar, M|91\/100\n|-ability|p1a: Hyuga|Intimidate|boost\n|-unboost|p2a: Abomasnow|atk|1\n|-unboost|p2b: Cetitan|atk|1\n|move|p1b: Hikaru|Yawn||[still]\n|-fail|p1b: Hikaru\n|move|p2b: Cetitan|Earthquake|p1a: Hyuga|[spread] p2a,p1a,p1b\n|-resisted|p2a: Abomasnow\n|-supereffective|p1a: Hyuga\n|-damage|p2a: Abomasnow|78\/100\n|-damage|p1a: Hyuga|0 fnt\n|-damage|p1b: Hikaru|0 fnt\n|faint|p1a: Hyuga\n|faint|p1b: Hikaru\n|move|p2a: Abomasnow|Leech Seed|p1: Hyuga|[notarget]\n|-fail|p2a: Abomasnow\n|\n|-weather|none\n|-damage|p2b: Cetitan|0 fnt|[from] psn\n|faint|p2b: Cetitan\n|upkeep\n|c|\u2606CjgamingX|Do you like my strat\n|\n|t:|1696140012\n|switch|p1b: Valkyrie|Jirachi|58\/100\n|switch|p2b: Smeargle|Smeargle, M|100\/100\n|switch|p1a: Lucifer|Flutter Mane|100\/100\n|turn|9\n|c|\u2606CjgamingX|It\u2019s a fun one\n|c|\u2606icybro12|I think I know what that thing does now\n|c|\u2606icybro12|the rainbow  +serene grace\n|c|\u2606icybro12|almost instant omni boosts\n|c|\u2606CjgamingX|Rainbow terrain doubles the chance of moves effect\n|c|\u2606CjgamingX|Yeah it\u2019s like 40%\n|\n|t:|1696140061\n|switch|p2a: Vanilluxe|Vanilluxe, M|100\/100\n|move|p2b: Smeargle|Bullet Punch|p2a: Vanilluxe\n|-supereffective|p2a: Vanilluxe\n|-damage|p2a: Vanilluxe|96\/100\n|-ability|p2a: Vanilluxe|Weak Armor|boost\n|-unboost|p2a: Vanilluxe|def|1\n|-boost|p2a: Vanilluxe|spe|2\n|-enditem|p2a: Vanilluxe|Weakness Policy\n|-boost|p2a: Vanilluxe|atk|2|[from] item: Weakness Policy\n|-boost|p2a: Vanilluxe|spa|2|[from] item: Weakness Policy\n|move|p1a: Lucifer|Dazzling Gleam|p2b: Smeargle|[spread] p2a,p2b\n|-damage|p2a: Vanilluxe|74\/100\n|-damage|p2b: Smeargle|55\/100\n|move|p1b: Valkyrie|Thunder Wave|p2a: Vanilluxe\n|-status|p2a: Vanilluxe|par\n|\n|-sideend|p2: icybro12|move: Aurora Veil\n|upkeep\n|turn|10\n|\n|t:|1696140097\n|switch|p2b: Abomasnow|Abomasnow, F|78\/100\n|-weather|Snow|[from] ability: Snow Warning|[of] p2b: Abomasnow\n|move|p1a: Lucifer|Dazzling Gleam|p2b: Abomasnow|[spread] p2a,p2b\n|-crit|p2b: Abomasnow\n|-damage|p2a: Vanilluxe|38\/100 par\n|-damage|p2b: Abomasnow|42\/100\n|move|p1b: Valkyrie|Ancient Power|p2b: Abomasnow\n|-supereffective|p2b: Abomasnow\n|-damage|p2b: Abomasnow|21\/100\n|move|p2a: Vanilluxe|Blizzard|p1a: Lucifer|[spread] p1a,p1b\n|-resisted|p1b: Valkyrie\n|-damage|p1a: Lucifer|19\/100\n|-damage|p1b: Valkyrie|33\/100\n|\n|-weather|Snow|[upkeep]\n|upkeep\n|turn|11\n|\n|t:|1696140113\n|move|p1a: Lucifer|Dazzling Gleam|p2b: Abomasnow|[spread] p2a,p2b\n|-damage|p2a: Vanilluxe|5\/100 par\n|-damage|p2b: Abomasnow|0 fnt\n|faint|p2b: Abomasnow\n|move|p1b: Valkyrie|Ancient Power|p2a: Vanilluxe\n|-supereffective|p2a: Vanilluxe\n|-damage|p2a: Vanilluxe|0 fnt\n|-boost|p1b: Valkyrie|atk|1\n|-boost|p1b: Valkyrie|def|1\n|-boost|p1b: Valkyrie|spa|1\n|-boost|p1b: Valkyrie|spd|1\n|-boost|p1b: Valkyrie|spe|1\n|faint|p2a: Vanilluxe\n|\n|-weather|Snow|[upkeep]\n|upkeep\n|c|\u2606CjgamingX|WOOOOO\n|\n|t:|1696140123\n|switch|p2a: Sandslash|Sandslash-Alola, M|37\/100\n|switch|p2b: Beartic|Beartic, F|100\/100\n|turn|12\n|\n|t:|1696140140\n|move|p2b: Beartic|Aqua Jet|p1a: Lucifer\n|-damage|p1a: Lucifer|0 fnt\n|faint|p1a: Lucifer\n|-end|p1a: Lucifer|Protosynthesis|[silent]\n|-damage|p2b: Beartic|91\/100|[from] item: Life Orb\n|move|p2a: Sandslash|Knock Off|p1b: Valkyrie\n|-supereffective|p1b: Valkyrie\n|-damage|p1b: Valkyrie|0 fnt\n|-damage|p2a: Sandslash|20\/100|[from] item: Rocky Helmet|[of] p1b: Valkyrie\n|-enditem|p1b: Valkyrie|Rocky Helmet|[from] move: Knock Off|[of] p2a: Sandslash\n|faint|p1b: Valkyrie\n|\n|win|icybro12\n|raw|CjgamingX's rating: 1043 &rarr; <strong>1032<\/strong><br \/>(-11 for losing)\n|raw|icybro12's rating: 1151 &rarr; <strong>1168<\/strong><br \/>(+17 for winning)\n|l|\u2606CjgamingX\n|c|\u2606icybro12|ggwp have a good one\n","uploadtime":1696140154,"views":4,"p1id":"cjgamingx","p2id":"icybro12","formatid":"gen9nationaldexdoubles","rating":1032,"private":0,"password":""}