{"id":"gen9nationaldexdoubles-1987744746","p1":"wasbornatayoungagw","p2":"LilyLopears","format":"[Gen 9] National Dex Doubles","log":"|j|\u2606wasbornatayoungagw\n|j|\u2606LilyLopears\n|t:|1699633035\n|gametype|doubles\n|player|p1|wasbornatayoungagw|benga|1107\n|player|p2|LilyLopears|acetrainersnowf|1153\n|teamsize|p1|6\n|teamsize|p2|6\n|gen|9\n|tier|[Gen 9] National Dex Doubles\n|rated|\n|rule|HP Percentage Mod: HP is shown in percentages\n|rule|Endless Battle Clause: Forcing endless battles is banned\n|rule|OHKO Clause: OHKO moves are banned\n|rule|Evasion Moves Clause: Evasion moves are banned\n|rule|Evasion Abilities Clause: Evasion abilities are banned\n|rule|Species Clause: Limit one of each Pok\u00e9mon\n|rule|Gravity Sleep Clause: The combination of sleep-inducing moves with imperfect accuracy and Gravity or Gigantamax Orbeetle are banned\n|clearpoke\n|poke|p1|Amoonguss, M|\n|poke|p1|Grimmsnarl, M|\n|poke|p1|Torkoal, M|\n|poke|p1|Tornadus, M|\n|poke|p1|Ogerpon-Hearthflame, F|\n|poke|p1|Roaring Moon|\n|poke|p2|Pelipper, M|\n|poke|p2|Gyarados, M|\n|poke|p2|Magneton|\n|poke|p2|Greninja-*, M|\n|poke|p2|Toxicroak, M|\n|poke|p2|Amoonguss, F|\n|teampreview\n|inactive|Battle timer is ON: inactive players will automatically lose when time's up. (requested by wasbornatayoungagw)\n|\n|t:|1699633056\n|start\n|switch|p1a: Torkoal|Torkoal, M|100\/100\n|switch|p1b: Roaring Moon|Roaring Moon|100\/100\n|switch|p2a: Greninja|Greninja, M|100\/100\n|switch|p2b: Amoonguss|Amoonguss, F|100\/100\n|-weather|SunnyDay|[from] ability: Drought|[of] p1a: Torkoal\n|-activate|p1b: Roaring Moon|ability: Protosynthesis\n|-start|p1b: Roaring Moon|protosynthesisatk\n|turn|1\n|\n|t:|1699633086\n|move|p1a: Torkoal|Protect|p1a: Torkoal\n|-singleturn|p1a: Torkoal|Protect\n|move|p2b: Amoonguss|Rage Powder|p2b: Amoonguss\n|-singleturn|p2b: Amoonguss|move: Rage Powder\n|move|p1b: Roaring Moon|Fire Fang|p2b: Amoonguss\n|-supereffective|p2b: Amoonguss\n|-damage|p2b: Amoonguss|0 fnt\n|faint|p2b: Amoonguss\n|-damage|p1b: Roaring Moon|91\/100|[from] item: Life Orb\n|-zpower|p2a: Greninja\n|move|p2a: Greninja|Hydro Vortex|p1a: Torkoal|[zeffect]\n|-supereffective|p1a: Torkoal\n|-zbroken|p1a: Torkoal\n|-damage|p1a: Torkoal|75\/100\n|\n|-weather|SunnyDay|[upkeep]\n|-heal|p1a: Torkoal|81\/100|[from] item: Leftovers\n|upkeep\n|inactive|LilyLopears has 120 seconds left.\n|\n|t:|1699633101\n|switch|p2b: Pelipper|Pelipper, M|100\/100\n|-weather|RainDance|[from] ability: Drizzle|[of] p2b: Pelipper\n|-end|p1b: Roaring Moon|Protosynthesis\n|turn|2\n|\n|t:|1699633127\n|switch|p1a: Amoonguss|Amoonguss, M|100\/100\n|-terastallize|p2b: Pelipper|Water\n|move|p1b: Roaring Moon|U-turn|p2a: Greninja\n|-supereffective|p2a: Greninja\n|-damage|p2a: Greninja|15\/100\n|-damage|p1b: Roaring Moon|81\/100|[from] item: Life Orb\n|inactive|wasbornatayoungagw has 120 seconds left.\n|\n|t:|1699633139\n|-end|p1b: Roaring Moon|Protosynthesis|[silent]\n|switch|p1b: Torkoal|Torkoal, M|81\/100|[from] U-turn\n|-weather|SunnyDay|[from] ability: Drought|[of] p1b: Torkoal\n|move|p2a: Greninja|Ice Beam|p1b: Torkoal\n|-resisted|p1b: Torkoal\n|-damage|p1b: Torkoal|63\/100\n|move|p2b: Pelipper|Weather Ball|p1a: Amoonguss\n|-supereffective|p1a: Amoonguss\n|-damage|p1a: Amoonguss|38\/100\n|\n|-weather|SunnyDay|[upkeep]\n|-heal|p1a: Amoonguss|44\/100|[from] item: Leftovers\n|-heal|p1b: Torkoal|69\/100|[from] item: Leftovers\n|upkeep\n|turn|3\n|\n|t:|1699633161\n|switch|p2a: Gyarados|Gyarados, M|100\/100\n|-ability|p2a: Gyarados|Intimidate|boost\n|-unboost|p1a: Amoonguss|atk|1\n|-unboost|p1b: Torkoal|atk|1\n|switch|p1a: Roaring Moon|Roaring Moon|81\/100\n|-activate|p1a: Roaring Moon|ability: Protosynthesis\n|-start|p1a: Roaring Moon|protosynthesisatk\n|move|p1b: Torkoal|Protect|p1b: Torkoal\n|-singleturn|p1b: Torkoal|Protect\n|move|p2b: Pelipper|Weather Ball|p1a: Roaring Moon\n|-resisted|p1a: Roaring Moon\n|-damage|p1a: Roaring Moon|58\/100\n|\n|-weather|SunnyDay|[upkeep]\n|-heal|p1b: Torkoal|75\/100|[from] item: Leftovers\n|upkeep\n|turn|4\n|\n|t:|1699633182\n|switch|p1b: Tornadus|Tornadus, M|100\/100\n|detailschange|p2a: Gyarados|Gyarados-Mega, M\n|-mega|p2a: Gyarados|Gyarados|Gyaradosite\n|-ability|p2a: Gyarados|Mold Breaker\n|move|p1a: Roaring Moon|Breaking Swipe|p2b: Pelipper|[spread] p2a,p2b\n|-damage|p2a: Gyarados|66\/100\n|-damage|p2b: Pelipper|56\/100\n|-unboost|p2a: Gyarados|atk|1\n|-unboost|p2b: Pelipper|atk|1\n|-damage|p1a: Roaring Moon|48\/100|[from] item: Life Orb\n|move|p2a: Gyarados|Earthquake|p1a: Roaring Moon|[spread] p2b,p1a\n|-immune|p1b: Tornadus\n|-damage|p2b: Pelipper|32\/100\n|-damage|p1a: Roaring Moon|18\/100\n|move|p2b: Pelipper|Tailwind|p2b: Pelipper\n|-sidestart|p2: LilyLopears|move: Tailwind\n|\n|-weather|SunnyDay|[upkeep]\n|upkeep\n|turn|5\n|inactive|LilyLopears has 120 seconds left.\n|\n|t:|1699633217\n|switch|p2b: Magneton|Magneton|100\/100\n|move|p1b: Tornadus|Tailwind|p1b: Tornadus\n|-sidestart|p1: wasbornatayoungagw|move: Tailwind\n|move|p1a: Roaring Moon|Breaking Swipe|p2b: Magneton|[spread] p2a,p2b\n|-resisted|p2b: Magneton\n|-damage|p2a: Gyarados|31\/100\n|-damage|p2b: Magneton|83\/100\n|-unboost|p2a: Gyarados|atk|1\n|-unboost|p2b: Magneton|atk|1\n|-damage|p1a: Roaring Moon|8\/100|[from] item: Life Orb\n|move|p2a: Gyarados|Stone Edge|p1b: Tornadus\n|-supereffective|p1b: Tornadus\n|-damage|p1b: Tornadus|41\/100\n|\n|-weather|SunnyDay|[upkeep]\n|upkeep\n|turn|6\n|inactive|LilyLopears has 120 seconds left.\n|\n|t:|1699633243\n|switch|p2a: Pelipper|Pelipper, M, tera:Water|32\/100\n|-weather|RainDance|[from] ability: Drizzle|[of] p2a: Pelipper\n|-end|p1a: Roaring Moon|Protosynthesis\n|move|p1a: Roaring Moon|Fire Fang|p2b: Magneton\n|-supereffective|p2b: Magneton\n|-damage|p2b: Magneton|59\/100\n|-damage|p1a: Roaring Moon|0 fnt|[from] item: Life Orb\n|faint|p1a: Roaring Moon\n|-end|p1a: Roaring Moon|Protosynthesis|[silent]\n|move|p1b: Tornadus|Bleakwind Storm|p2b: Magneton|[spread] p2a,p2b\n|-resisted|p2b: Magneton\n|-damage|p2a: Pelipper|0 fnt\n|-damage|p2b: Magneton|51\/100\n|-unboost|p2b: Magneton|spe|1\n|faint|p2a: Pelipper\n|move|p2b: Magneton|Thunder|p1b: Tornadus\n|-supereffective|p1b: Tornadus\n|-damage|p1b: Tornadus|0 fnt\n|faint|p1b: Tornadus\n|\n|-weather|RainDance|[upkeep]\n|upkeep\n|\n|t:|1699633266\n|switch|p1a: Torkoal|Torkoal, M|75\/100\n|switch|p1b: Ogerpon|Ogerpon-Hearthflame, F|100\/100\n|switch|p2a: Gyarados|Gyarados-Mega, M|31\/100\n|-ability|p1b: Ogerpon|Mold Breaker\n|-ability|p2a: Gyarados|Mold Breaker\n|-weather|SunnyDay|[from] ability: Drought|[of] p1a: Torkoal\n|turn|7\n|\n|t:|1699633288\n|move|p2b: Magneton|Protect|p2b: Magneton\n|-singleturn|p2b: Magneton|Protect\n|move|p1b: Ogerpon|Horn Leech|p2a: Gyarados\n|-supereffective|p2a: Gyarados\n|-damage|p2a: Gyarados|0 fnt\n|faint|p2a: Gyarados\n|move|p1a: Torkoal|Stealth Rock|p2b: Magneton\n|-sidestart|p2: LilyLopears|move: Stealth Rock\n|\n|-weather|SunnyDay|[upkeep]\n|-heal|p1a: Torkoal|81\/100|[from] item: Leftovers\n|-sideend|p2: LilyLopears|move: Tailwind\n|upkeep\n|\n|t:|1699633298\n|switch|p2a: Toxicroak|Toxicroak, M|100\/100\n|-damage|p2a: Toxicroak|94\/100|[from] Stealth Rock\n|turn|8\n|\n|t:|1699633314\n|-terastallize|p1b: Ogerpon|Fire\n|detailschange|p1b: Ogerpon|Ogerpon-Hearthflame-Tera, F, tera:Fire\n|-ability|p1b: Ogerpon|Embody Aspect (Hearthflame)|boost\n|-boost|p1b: Ogerpon|atk|1\n|move|p1a: Torkoal|Protect|p1a: Torkoal\n|-singleturn|p1a: Torkoal|Protect\n|move|p1b: Ogerpon|Ivy Cudgel|p2b: Magneton\n|-supereffective|p2b: Magneton\n|-damage|p2b: Magneton|0 fnt\n|faint|p2b: Magneton\n|move|p2a: Toxicroak|Gunk Shot|p1b: Ogerpon\n|-damage|p1b: Ogerpon|26\/100\n|-heal|p2a: Toxicroak|100\/100|[from] item: Shell Bell|[of] p1b: Ogerpon\n|\n|-weather|SunnyDay|[upkeep]\n|-damage|p2a: Toxicroak|88\/100|[from] ability: Dry Skin|[of] p2a: Toxicroak\n|-heal|p1a: Torkoal|87\/100|[from] item: Leftovers\n|-sideend|p1: wasbornatayoungagw|move: Tailwind\n|upkeep\n|\n|t:|1699633329\n|switch|p2b: Greninja|Greninja, M|15\/100\n|-damage|p2b: Greninja|3\/100|[from] Stealth Rock\n|turn|9\n|\n|t:|1699633356\n|move|p2b: Greninja|Water Shuriken|p1a: Torkoal\n|-supereffective|p1a: Torkoal\n|-damage|p1a: Torkoal|78\/100\n|-supereffective|p1a: Torkoal\n|-damage|p1a: Torkoal|69\/100\n|-hitcount|p1a: Torkoal|2\n|move|p2a: Toxicroak|Bullet Punch|p1b: Ogerpon\n|-resisted|p1b: Ogerpon\n|-damage|p1b: Ogerpon|18\/100\n|-heal|p2a: Toxicroak|89\/100|[from] item: Shell Bell|[of] p1b: Ogerpon\n|move|p1b: Ogerpon|Ivy Cudgel|p2a: Toxicroak\n|-damage|p2a: Toxicroak|0 fnt\n|faint|p2a: Toxicroak\n|move|p1a: Torkoal|Rapid Spin|p2b: Greninja\n|-damage|p2b: Greninja|0 fnt\n|-boost|p1a: Torkoal|spe|1\n|faint|p2b: Greninja\n|\n|win|wasbornatayoungagw\n|raw|wasbornatayoungagw's rating: 1107 &rarr; <strong>1135<\/strong><br \/>(+28 for winning)\n|raw|LilyLopears's rating: 1153 &rarr; <strong>1125<\/strong><br \/>(-28 for losing)\n|c|\u2606wasbornatayoungagw|gg\n|c|\u2606LilyLopears|gg\n","uploadtime":1699633375,"views":6,"p1id":"wasbornatayoungagw","p2id":"lilylopears","formatid":"gen9nationaldexdoubles","rating":1125,"private":0,"password":""}