{"id":"gen9nationaldexdoubles-1996670902","p1":"Snorkle Porkle","p2":"TheOfficialSlade","format":"[Gen 9] National Dex Doubles","log":"|j|\u2606Snorkle Porkle\n|j|\u2606TheOfficialSlade\n|t:|1700707705\n|gametype|doubles\n|player|p1|Snorkle Porkle|170|\n|player|p2|TheOfficialSlade|shadowtriad|\n|teamsize|p1|6\n|teamsize|p2|6\n|gen|9\n|tier|[Gen 9] National Dex Doubles\n|rule|HP Percentage Mod: HP is shown in percentages\n|rule|Endless Battle Clause: Forcing endless battles is banned\n|rule|OHKO Clause: OHKO moves are banned\n|rule|Evasion Moves Clause: Evasion moves are banned\n|rule|Evasion Abilities Clause: Evasion abilities are banned\n|rule|Species Clause: Limit one of each Pok\u00e9mon\n|rule|Gravity Sleep Clause: The combination of sleep-inducing moves with imperfect accuracy and Gravity or Gigantamax Orbeetle are banned\n|clearpoke\n|poke|p1|Drapion, M|\n|poke|p1|Talonflame, F|\n|poke|p1|Tapu Koko|\n|poke|p1|Metagross|\n|poke|p1|Dragapult, M|\n|poke|p1|Raichu-Alola, M|\n|poke|p2|Dusclops, M|\n|poke|p2|Inteleon, F|\n|poke|p2|Articuno|\n|poke|p2|Ferrothorn, F|\n|poke|p2|Espeon, F|\n|poke|p2|Ampharos, F|\n|teampreview\n|\n|t:|1700707742\n|start\n|switch|p1a: The Claaawwwww|Drapion, M|100\/100\n|switch|p1b: Buried Treasure|Metagross, shiny|100\/100\n|switch|p2a: Articuno|Articuno|100\/100\n|switch|p2b: Ferrothorn|Ferrothorn, F|100\/100\n|-ability|p2a: Articuno|Pressure\n|turn|1\n|\n|t:|1700707809\n|switch|p1a: The Brave Bird|Talonflame, F|100\/100\n|move|p2a: Articuno|Hail|p2a: Articuno\n|-weather|Hail\n|move|p1b: Buried Treasure|Meteor Mash|p2a: Articuno|[miss]\n|-miss|p1b: Buried Treasure|p2a: Articuno\n|move|p2b: Ferrothorn|Leech Seed|p1b: Buried Treasure\n|-start|p1b: Buried Treasure|move: Leech Seed\n|\n|-weather|Hail|[upkeep]\n|-damage|p1a: The Brave Bird|94\/100|[from] Hail\n|-damage|p1b: Buried Treasure|94\/100|[from] Hail\n|-damage|p2b: Ferrothorn|94\/100|[from] Hail\n|-heal|p2b: Ferrothorn|100\/100|[from] item: Leftovers\n|-damage|p1b: Buried Treasure|82\/100|[from] Leech Seed|[of] p2b: Ferrothorn\n|upkeep\n|turn|2\n|j| usagi the weeb\n|j| landlord79\n|\n|t:|1700707864\n|move|p1a: The Brave Bird|Flamethrower|p2b: Ferrothorn\n|-supereffective|p2b: Ferrothorn\n|-damage|p2b: Ferrothorn|7\/100\n|move|p2a: Articuno|U-turn|p1b: Buried Treasure\n|-crit|p1b: Buried Treasure\n|-damage|p1b: Buried Treasure|67\/100\n|\n|t:|1700707872\n|switch|p2a: Inteleon|Inteleon, F|100\/100|[from] U-turn\n|move|p1b: Buried Treasure|Meteor Mash|p2a: Inteleon\n|-resisted|p2a: Inteleon\n|-damage|p2a: Inteleon|68\/100\n|move|p2b: Ferrothorn|Spikes|p1a: The Brave Bird\n|-sidestart|p1: Snorkle Porkle|Spikes\n|\n|-weather|Hail|[upkeep]\n|-damage|p2a: Inteleon|62\/100|[from] Hail\n|-damage|p1a: The Brave Bird|88\/100|[from] Hail\n|-damage|p1b: Buried Treasure|61\/100|[from] Hail\n|-damage|p2b: Ferrothorn|1\/100|[from] Hail\n|-heal|p2b: Ferrothorn|7\/100|[from] item: Leftovers\n|-damage|p1b: Buried Treasure|49\/100|[from] Leech Seed|[of] p2b: Ferrothorn\n|-heal|p2b: Ferrothorn|20\/100|[silent]\n|upkeep\n|turn|3\n|\n|t:|1700707968\n|switch|p1a: Danny Phantom|Dragapult, M|100\/100\n|-damage|p1a: Danny Phantom|88\/100|[from] Spikes\n|move|p2a: Inteleon|Snipe Shot|p1a: Danny Phantom\n|-resisted|p1a: Danny Phantom\n|-damage|p1a: Danny Phantom|60\/100\n|move|p1b: Buried Treasure|Hammer Arm|p2b: Ferrothorn\n|-supereffective|p2b: Ferrothorn\n|-damage|p2b: Ferrothorn|0 fnt\n|-unboost|p1b: Buried Treasure|spe|1\n|-damage|p1b: Buried Treasure|36\/100|[from] ability: Iron Barbs|[of] p2b: Ferrothorn\n|faint|p2b: Ferrothorn\n|\n|-weather|Hail|[upkeep]\n|-damage|p1a: Danny Phantom|54\/100|[from] Hail\n|-damage|p2a: Inteleon|56\/100|[from] Hail\n|-damage|p1b: Buried Treasure|30\/100|[from] Hail\n|upkeep\n|\n|t:|1700707983\n|switch|p2b: Articuno|Articuno|100\/100\n|-ability|p2b: Articuno|Pressure\n|turn|4\n|\n|t:|1700708024\n|move|p1a: Danny Phantom|Shadow Ball|p2a: Inteleon\n|-damage|p2a: Inteleon|0 fnt\n|faint|p2a: Inteleon\n|-damage|p1a: Danny Phantom|44\/100|[from] item: Life Orb\n|move|p2b: Articuno|Aurora Veil|p2b: Articuno\n|-sidestart|p2: TheOfficialSlade|move: Aurora Veil\n|move|p1b: Buried Treasure|Meteor Mash|p2b: Articuno\n|-supereffective|p2b: Articuno\n|-damage|p2b: Articuno|56\/100\n|-boost|p1b: Buried Treasure|atk|1\n|\n|-weather|Hail|[upkeep]\n|-damage|p1a: Danny Phantom|38\/100|[from] Hail\n|-damage|p1b: Buried Treasure|24\/100|[from] Hail\n|-damage|p1b: Buried Treasure|12\/100|[from] Leech Seed|[of] p2b: Articuno\n|-heal|p2b: Articuno|67\/100|[silent]\n|upkeep\n|\n|t:|1700708044\n|switch|p2a: Dusclops|Dusclops, M|100\/100\n|-ability|p2a: Dusclops|Pressure\n|turn|5\n|\n|t:|1700708101\n|move|p2a: Dusclops|Shadow Sneak|p1a: Danny Phantom\n|-supereffective|p1a: Danny Phantom\n|-damage|p1a: Danny Phantom|0 fnt\n|faint|p1a: Danny Phantom\n|move|p2b: Articuno|Blizzard|p1b: Buried Treasure\n|-resisted|p1b: Buried Treasure\n|-damage|p1b: Buried Treasure|3\/100\n|move|p1b: Buried Treasure|Meteor Mash|p2a: Dusclops\n|-damage|p2a: Dusclops|74\/100\n|\n|-weather|Hail|[upkeep]\n|-damage|p1b: Buried Treasure|0 fnt|[from] Hail\n|-damage|p2a: Dusclops|68\/100|[from] Hail\n|faint|p1b: Buried Treasure\n|upkeep\n|\n|t:|1700708122\n|switch|p1a: The Claaawwwww|Drapion, M|100\/100\n|switch|p1b: The Brave Bird|Talonflame, F|88\/100\n|-damage|p1a: The Claaawwwww|88\/100|[from] Spikes\n|turn|6\n|\n|t:|1700708175\n|move|p1b: The Brave Bird|U-turn|p2b: Articuno\n|-resisted|p2b: Articuno\n|-damage|p2b: Articuno|63\/100\n|\n|t:|1700708180\n|switch|p1b: 4 And 10|Tapu Koko, shiny|100\/100|[from] U-turn\n|-damage|p1b: 4 And 10|88\/100|[from] Spikes\n|-fieldstart|move: Electric Terrain|[from] ability: Electric Surge|[of] p1b: 4 And 10\n|move|p1a: The Claaawwwww|Knock Off|p2a: Dusclops\n|-supereffective|p2a: Dusclops\n|-damage|p2a: Dusclops|38\/100\n|-enditem|p2a: Dusclops|Eviolite|[from] move: Knock Off|[of] p1a: The Claaawwwww\n|move|p2b: Articuno|U-turn|p1a: The Claaawwwww\n|-damage|p1a: The Claaawwwww|75\/100\n|\n|t:|1700708191\n|switch|p2b: Ampharos|Ampharos, F|100\/100|[from] U-turn\n|move|p2a: Dusclops|Poltergeist|p1b: 4 And 10\n|-activate|p1b: 4 And 10|move: Poltergeist|Light Clay\n|-damage|p1b: 4 And 10|40\/100\n|\n|-weather|Hail|[upkeep]\n|-damage|p1b: 4 And 10|34\/100|[from] Hail\n|-damage|p1a: The Claaawwwww|69\/100|[from] Hail\n|-damage|p2b: Ampharos|94\/100|[from] Hail\n|-damage|p2a: Dusclops|32\/100|[from] Hail\n|upkeep\n|turn|7\n|\n|t:|1700708218\n|move|p2a: Dusclops|Shadow Sneak|p1b: 4 And 10\n|-damage|p1b: 4 And 10|16\/100\n|move|p1b: 4 And 10|Light Screen|p1b: 4 And 10\n|-sidestart|p1: Snorkle Porkle|move: Light Screen\n|move|p1a: The Claaawwwww|Crunch|p2a: Dusclops\n|-supereffective|p2a: Dusclops\n|-damage|p2a: Dusclops|1\/100\n|-unboost|p2a: Dusclops|def|1\n|move|p2b: Ampharos|Focus Blast|p1a: The Claaawwwww\n|-damage|p1a: The Claaawwwww|56\/100\n|\n|-weather|Hail|[upkeep]\n|-damage|p1b: 4 And 10|10\/100|[from] Hail\n|-damage|p1a: The Claaawwwww|50\/100|[from] Hail\n|-damage|p2b: Ampharos|88\/100|[from] Hail\n|-damage|p2a: Dusclops|0 fnt|[from] Hail\n|faint|p2a: Dusclops\n|upkeep\n|\n|t:|1700708232\n|switch|p2a: Espeon|Espeon, F|100\/100\n|turn|8\n|\n|t:|1700708255\n|move|p1b: 4 And 10|Dazzling Gleam|p2b: Ampharos|[spread] p2a,p2b\n|-damage|p2a: Espeon|83\/100\n|-damage|p2b: Ampharos|75\/100\n|move|p2a: Espeon|Dazzling Gleam|p1b: 4 And 10|[spread] p1a,p1b\n|-damage|p1a: The Claaawwwww|38\/100\n|-damage|p1b: 4 And 10|0 fnt\n|faint|p1b: 4 And 10\n|move|p1a: The Claaawwwww|Crunch|p2a: Espeon\n|-supereffective|p2a: Espeon\n|-damage|p2a: Espeon|21\/100\n|move|p2b: Ampharos|Thunder|p1a: The Claaawwwww\n|-damage|p1a: The Claaawwwww|15\/100\n|\n|-weather|none\n|-sideend|p2: TheOfficialSlade|move: Aurora Veil\n|upkeep\n|\n|t:|1700708277\n|switch|p1b: Minato|Raichu-Alola, M|100\/100\n|-damage|p1b: Minato|88\/100|[from] Spikes\n|turn|9\n|\n|t:|1700708305\n|-terastallize|p1b: Minato|Electric\n|move|p1b: Minato|Rising Voltage|p2b: Ampharos\n|-hint|Rising Voltage's BP doubled on grounded target.\n|-resisted|p2b: Ampharos\n|-damage|p2b: Ampharos|0 fnt\n|faint|p2b: Ampharos\n|move|p2a: Espeon|Dazzling Gleam|p1b: Minato|[spread] p1a,p1b\n|-crit|p1b: Minato\n|-damage|p1a: The Claaawwwww|3\/100\n|-damage|p1b: Minato|27\/100\n|move|p1a: The Claaawwwww|Crunch|p2a: Espeon\n|-supereffective|p2a: Espeon\n|-damage|p2a: Espeon|0 fnt\n|faint|p2a: Espeon\n|\n|upkeep\n|\n|t:|1700708326\n|switch|p2a: Articuno|Articuno|63\/100\n|-ability|p2a: Articuno|Pressure\n|turn|10\n|\n|t:|1700708338\n|move|p1b: Minato|Rising Voltage|p2a: Articuno\n|-supereffective|p2a: Articuno\n|-damage|p2a: Articuno|0 fnt\n|faint|p2a: Articuno\n|\n|win|Snorkle Porkle\n","uploadtime":1700708345,"views":21,"p1id":"snorkleporkle","p2id":"theofficialslade","formatid":"gen9nationaldexdoubles","rating":0,"private":0,"password":""}