{"id":"gen9nationaldexdoubles-1966048193","p1":"AJVB3811","p2":"bftror","format":"[Gen 9] National Dex Doubles","log":"|j|\u2606AJVB3811\n|j|\u2606bftror\n|t:|1697140345\n|gametype|doubles\n|player|p1|AJVB3811|ghetsis-gen5bw|\n|player|p2|bftror|170|\n|teamsize|p1|6\n|teamsize|p2|6\n|gen|9\n|tier|[Gen 9] National Dex Doubles\n|rule|HP Percentage Mod: HP is shown in percentages\n|rule|Endless Battle Clause: Forcing endless battles is banned\n|rule|OHKO Clause: OHKO moves are banned\n|rule|Evasion Moves Clause: Evasion moves are banned\n|rule|Evasion Abilities Clause: Evasion abilities are banned\n|rule|Species Clause: Limit one of each Pok\u00e9mon\n|rule|Gravity Sleep Clause: The combination of sleep-inducing moves with imperfect accuracy and Gravity or Gigantamax Orbeetle are banned\n|clearpoke\n|poke|p1|Charizard, F|\n|poke|p1|Blastoise, F|\n|poke|p1|Venusaur, M|\n|poke|p1|Eevee, F|\n|poke|p1|Oricorio-Pom-Pom, M|\n|poke|p1|Volcarona, M|\n|poke|p2|Kartana|\n|poke|p2|Heatran, M|\n|poke|p2|Landorus-Therian, M|\n|poke|p2|Tapu Fini|\n|poke|p2|Scizor, M|\n|poke|p2|Greninja-*, M|\n|teampreview\n|inactive|Battle timer is ON: inactive players will automatically lose when time's up. (requested by AJVB3811)\n|inactive|bftror has 270 seconds left.\n|\n|t:|1697140378\n|start\n|switch|p1a: Oricorio|Oricorio-Pom-Pom, M|100\/100\n|switch|p1b: Volcarona|Volcarona, M|100\/100\n|switch|p2a: Heatran|Heatran, M|100\/100\n|switch|p2b: Greninja|Greninja, M|100\/100\n|-item|p2a: Heatran|Air Balloon\n|turn|1\n|inactive|bftror has 270 seconds left.\n|\n|t:|1697140410\n|move|p2b: Greninja|Spikes|p1b: Volcarona\n|-sidestart|p1: AJVB3811|Spikes\n|move|p1b: Volcarona|Quiver Dance|p1b: Volcarona\n|-boost|p1b: Volcarona|spa|1\n|-boost|p1b: Volcarona|spd|1\n|-boost|p1b: Volcarona|spe|1\n|-activate|p1a: Oricorio|ability: Dancer\n|move|p1a: Oricorio|Quiver Dance|p1a: Oricorio|[from]ability: Dancer\n|-boost|p1a: Oricorio|spa|1\n|-boost|p1a: Oricorio|spd|1\n|-boost|p1a: Oricorio|spe|1\n|move|p1a: Oricorio|Quiver Dance|p1a: Oricorio\n|-boost|p1a: Oricorio|spa|1\n|-boost|p1a: Oricorio|spd|1\n|-boost|p1a: Oricorio|spe|1\n|move|p2a: Heatran|Earth Power|p1b: Volcarona\n|-damage|p1b: Volcarona|75\/100\n|\n|-heal|p1b: Volcarona|81\/100|[from] item: Leftovers\n|upkeep\n|turn|2\n|inactive|bftror has 270 seconds left.\n|\n|t:|1697140456\n|switch|p2b: Kartana|Kartana|100\/100\n|move|p1b: Volcarona|Quiver Dance|p1b: Volcarona\n|-boost|p1b: Volcarona|spa|1\n|-boost|p1b: Volcarona|spd|1\n|-boost|p1b: Volcarona|spe|1\n|-activate|p1a: Oricorio|ability: Dancer\n|move|p1a: Oricorio|Quiver Dance|p1a: Oricorio|[from]ability: Dancer\n|-boost|p1a: Oricorio|spa|1\n|-boost|p1a: Oricorio|spd|1\n|-boost|p1a: Oricorio|spe|1\n|move|p1a: Oricorio|Revelation Dance|p2b: Kartana\n|-resisted|p2b: Kartana\n|-damage|p2b: Kartana|0 fnt\n|faint|p2b: Kartana\n|move|p2a: Heatran|Magma Storm|p1b: Volcarona\n|-damage|p1b: Volcarona|48\/100\n|-activate|p1b: Volcarona|move: Magma Storm|[of] p2a: Heatran\n|\n|-heal|p1b: Volcarona|54\/100|[from] item: Leftovers\n|-damage|p1b: Volcarona|42\/100|[from] move: Magma Storm|[partiallytrapped]\n|upkeep\n|inactive|bftror has 240 seconds left.\n|\n|t:|1697140479\n|switch|p2b: Scizor|Scizor, M|100\/100\n|turn|3\n|\n|t:|1697140496\n|switch|p2b: Tapu Fini|Tapu Fini|100\/100\n|-fieldstart|move: Misty Terrain|[from] ability: Misty Surge|[of] p2b: Tapu Fini\n|move|p1b: Volcarona|Fiery Dance|p2b: Tapu Fini\n|-resisted|p2b: Tapu Fini\n|-damage|p2b: Tapu Fini|64\/100\n|-boost|p1b: Volcarona|spa|1\n|-activate|p1a: Oricorio|ability: Dancer\n|move|p1a: Oricorio|Fiery Dance|p2b: Tapu Fini|[from]ability: Dancer\n|-resisted|p2b: Tapu Fini\n|-damage|p2b: Tapu Fini|47\/100\n|move|p1a: Oricorio|Revelation Dance|p2b: Tapu Fini\n|-supereffective|p2b: Tapu Fini\n|-damage|p2b: Tapu Fini|0 fnt\n|faint|p2b: Tapu Fini\n|move|p2a: Heatran|Magma Storm|p1a: Oricorio|[miss]\n|-miss|p2a: Heatran|p1a: Oricorio\n|\n|-heal|p1b: Volcarona|48\/100|[from] item: Leftovers\n|-damage|p1b: Volcarona|36\/100|[from] move: Magma Storm|[partiallytrapped]\n|upkeep\n|inactive|bftror has 240 seconds left.\n|\n|t:|1697140518\n|switch|p2b: Landorus|Landorus-Therian, M|100\/100\n|-ability|p2b: Landorus|Intimidate|boost\n|-unboost|p1a: Oricorio|atk|1\n|-unboost|p1b: Volcarona|atk|1\n|turn|4\n|\n|t:|1697140532\n|move|p1b: Volcarona|Fiery Dance|p2b: Landorus\n|-damage|p2b: Landorus|0 fnt\n|-boost|p1b: Volcarona|spa|1\n|faint|p2b: Landorus\n|-activate|p1a: Oricorio|ability: Dancer\n|move|p1a: Oricorio|Fiery Dance|p2a: Heatran|[from]ability: Dancer\n|-start|p2a: Heatran|ability: Flash Fire\n|move|p1a: Oricorio|Air Slash|p2a: Heatran\n|-resisted|p2a: Heatran\n|-damage|p2a: Heatran|67\/100\n|-enditem|p2a: Heatran|Air Balloon\n|cant|p2a: Heatran|flinch\n|\n|-heal|p1b: Volcarona|42\/100|[from] item: Leftovers\n|-damage|p1b: Volcarona|30\/100|[from] move: Magma Storm|[partiallytrapped]\n|upkeep\n|inactive|bftror has 240 seconds left.\n|\n|t:|1697140549\n|switch|p2b: Greninja|Greninja, M|100\/100\n|turn|5\n|\n|t:|1697140555\n|move|p2b: Greninja|Water Shuriken|p1b: Volcarona\n|-supereffective|p1b: Volcarona\n|-damage|p1b: Volcarona|19\/100\n|-supereffective|p1b: Volcarona\n|-damage|p1b: Volcarona|9\/100\n|-supereffective|p1b: Volcarona\n|-damage|p1b: Volcarona|0 fnt\n|faint|p1b: Volcarona\n|-ability|p2b: Greninja|Battle Bond|boost\n|-boost|p2b: Greninja|atk|1\n|-boost|p2b: Greninja|spa|1\n|-boost|p2b: Greninja|spe|1\n|-activate|p2b: Greninja|ability: Battle Bond\n|-hitcount|p1: Volcarona|3\n|move|p1a: Oricorio|Revelation Dance|p2b: Greninja\n|-supereffective|p2b: Greninja\n|-damage|p2b: Greninja|0 fnt\n|faint|p2b: Greninja\n|move|p2a: Heatran|Eruption|p1a: Oricorio\n|-damage|p1a: Oricorio|57\/100\n|\n|-heal|p1a: Oricorio|63\/100|[from] item: Leftovers\n|upkeep\n|inactive|bftror has 270 seconds left.\n|\n|t:|1697140573\n|switch|p2b: Scizor|Scizor, M|100\/100\n|switch|p1b: Eevee|Eevee, F|100\/100\n|-damage|p1b: Eevee|88\/100|[from] Spikes\n|turn|6\n|\n|t:|1697140590\n|move|p2b: Scizor|Bullet Punch|p1a: Oricorio\n|-resisted|p1a: Oricorio\n|-damage|p1a: Oricorio|54\/100\n|move|p1a: Oricorio|Revelation Dance|p2a: Heatran\n|-damage|p2a: Heatran|0 fnt\n|faint|p2a: Heatran\n|-zpower|p1b: Eevee\n|move|p1b: Eevee|Extreme Evoboost|p1b: Eevee\n|-boost|p1b: Eevee|atk|2\n|-boost|p1b: Eevee|def|2\n|-boost|p1b: Eevee|spa|2\n|-boost|p1b: Eevee|spd|2\n|-boost|p1b: Eevee|spe|2\n|\n|-heal|p1a: Oricorio|60\/100|[from] item: Leftovers\n|upkeep\n|turn|7\n|\n|t:|1697140610\n|detailschange|p2b: Scizor|Scizor-Mega, M\n|-mega|p2b: Scizor|Scizor|Scizorite\n|move|p2b: Scizor|Bullet Punch|p1b: Eevee\n|-crit|p1b: Eevee\n|-damage|p1b: Eevee|0 fnt\n|faint|p1b: Eevee\n|move|p1a: Oricorio|Roost|p1a: Oricorio\n|-heal|p1a: Oricorio|100\/100\n|-singleturn|p1a: Oricorio|move: Roost\n|\n|-fieldend|Misty Terrain\n|upkeep\n|\n|t:|1697140615\n|switch|p1b: Charizard|Charizard, F|100\/100\n|turn|8\n|\n|t:|1697140624\n|move|p1a: Oricorio|Revelation Dance|p2b: Scizor\n|-damage|p2b: Scizor|27\/100\n|move|p1b: Charizard|Blaze Kick|p2b: Scizor|[miss]\n|-miss|p1b: Charizard|p2b: Scizor\n|move|p2b: Scizor|Sand Tomb|p1a: Oricorio\n|-immune|p1a: Oricorio\n|\n|upkeep\n|turn|9\n|\n|t:|1697140640\n|switch|p1b: Blastoise|Blastoise, F|100\/100\n|-damage|p1b: Blastoise|88\/100|[from] Spikes\n|move|p2b: Scizor|Bullet Punch|p1b: Blastoise\n|-resisted|p1b: Blastoise\n|-damage|p1b: Blastoise|70\/100\n|move|p1a: Oricorio|Revelation Dance|p2b: Scizor\n|-damage|p2b: Scizor|0 fnt\n|faint|p2b: Scizor\n|\n|win|AJVB3811\n","uploadtime":1697140652,"views":6,"p1id":"ajvb3811","p2id":"bftror","formatid":"gen9nationaldexdoubles","rating":0,"private":0,"password":""}