{"id":"gen9nationaldexdoubles-1979761722","p1":"usagi the weeb","p2":"Snorkle Porkle","format":"[Gen 9] National Dex Doubles","log":"|j|\u2606usagi the weeb\n|j|\u2606Snorkle Porkle\n|t:|1698710546\n|gametype|doubles\n|player|p1|usagi the weeb|juggler|\n|player|p2|Snorkle Porkle|101|\n|teamsize|p1|6\n|teamsize|p2|6\n|gen|9\n|tier|[Gen 9] National Dex Doubles\n|rule|HP Percentage Mod: HP is shown in percentages\n|rule|Endless Battle Clause: Forcing endless battles is banned\n|rule|OHKO Clause: OHKO moves are banned\n|rule|Evasion Moves Clause: Evasion moves are banned\n|rule|Evasion Abilities Clause: Evasion abilities are banned\n|rule|Species Clause: Limit one of each Pok\u00e9mon\n|rule|Gravity Sleep Clause: The combination of sleep-inducing moves with imperfect accuracy and Gravity or Gigantamax Orbeetle are banned\n|clearpoke\n|poke|p1|Salazzle, F|\n|poke|p1|Ursaluna, M|\n|poke|p1|Toxapex, M|\n|poke|p1|Gardevoir, M|\n|poke|p1|Gastrodon-East, M|\n|poke|p1|Snorlax, F|\n|poke|p2|Tapu Koko|\n|poke|p2|Raichu-Alola, F|\n|poke|p2|Garchomp, F|\n|poke|p2|Metagross|\n|poke|p2|Drapion, F|\n|poke|p2|Dondozo, M|\n|teampreview\n|\n|t:|1698710575\n|start\n|switch|p1a: Papa Bear|Ursaluna, M, shiny|100\/100\n|switch|p1b: Mr.Chef|Snorlax, F|100\/100\n|switch|p2a: The Claaaaawww|Drapion, F|100\/100\n|switch|p2b: Buried Treasure|Metagross, shiny|100\/100\n|turn|1\n|\n|t:|1698710660\n|switch|p2b: Your Mom|Dondozo, M, shiny|100\/100\n|move|p2a: The Claaaaawww|Knock Off|p1a: Papa Bear\n|-damage|p1a: Papa Bear|74\/100\n|-enditem|p1a: Papa Bear|Flame Orb|[from] move: Knock Off|[of] p2a: The Claaaaawww\n|move|p1a: Papa Bear|Earthquake|p2a: The Claaaaawww|[spread] p1b,p2a,p2b\n|-supereffective|p2a: The Claaaaawww\n|-damage|p1b: Mr.Chef|62\/100\n|-damage|p2a: The Claaaaawww|15\/100\n|-damage|p2b: Your Mom|78\/100\n|move|p1b: Mr.Chef|Fire Blast|p2b: Your Mom\n|-resisted|p2b: Your Mom\n|-damage|p2b: Your Mom|68\/100\n|\n|-heal|p2a: The Claaaaawww|21\/100|[from] item: Black Sludge\n|-heal|p2b: Your Mom|75\/100|[from] item: Leftovers\n|-heal|p1b: Mr.Chef|68\/100|[from] item: Leftovers\n|upkeep\n|turn|2\n|\n|t:|1698710721\n|move|p2a: The Claaaaawww|Knock Off|p1b: Mr.Chef\n|-damage|p1b: Mr.Chef|34\/100\n|-enditem|p1b: Mr.Chef|Leftovers|[from] move: Knock Off|[of] p2a: The Claaaaawww\n|move|p1a: Papa Bear|Trailblaze|p2b: Your Mom\n|-supereffective|p2b: Your Mom\n|-damage|p2b: Your Mom|53\/100\n|-boost|p1a: Papa Bear|spe|1\n|move|p2b: Your Mom|Wave Crash|p1a: Papa Bear\n|-supereffective|p1a: Papa Bear\n|-damage|p1a: Papa Bear|0 fnt\n|faint|p1a: Papa Bear\n|-damage|p2b: Your Mom|31\/100|[from] Recoil\n|move|p1b: Mr.Chef|Fire Blast|p2a: The Claaaaawww\n|-damage|p2a: The Claaaaawww|5\/100\n|-status|p2a: The Claaaaawww|brn\n|\n|-heal|p2a: The Claaaaawww|11\/100 brn|[from] item: Black Sludge\n|-heal|p2b: Your Mom|37\/100|[from] item: Leftovers\n|-damage|p2a: The Claaaaawww|5\/100 brn|[from] brn\n|upkeep\n|\n|t:|1698710746\n|switch|p1a: sizzle|Salazzle, F, shiny|100\/100\n|turn|3\n|\n|t:|1698710760\n|switch|p2b: Buried Treasure|Metagross, shiny|100\/100\n|switch|p1b: All Blue|Gastrodon-East, M, shiny|100\/100\n|move|p1a: sizzle|Trailblaze|p2b: Buried Treasure\n|-resisted|p2b: Buried Treasure\n|-damage|p2b: Buried Treasure|97\/100\n|-boost|p1a: sizzle|spe|1\n|move|p2a: The Claaaaawww|Acupressure|p2b: Buried Treasure\n|-boost|p2b: Buried Treasure|evasion|2\n|\n|-heal|p2a: The Claaaaawww|11\/100 brn|[from] item: Black Sludge\n|-damage|p2a: The Claaaaawww|5\/100 brn|[from] brn\n|upkeep\n|turn|4\n|\n|t:|1698710876\n|move|p1a: sizzle|Fire Blast|p2b: Buried Treasure\n|-supereffective|p2b: Buried Treasure\n|-damage|p2b: Buried Treasure|39\/100\n|move|p2a: The Claaaaawww|Acupressure|p2b: Buried Treasure\n|-boost|p2b: Buried Treasure|spa|2\n|move|p2b: Buried Treasure|Meteor Mash|p1b: All Blue\n|-resisted|p1b: All Blue\n|-crit|p1b: All Blue\n|-damage|p1b: All Blue|63\/100\n|-boost|p2b: Buried Treasure|atk|1\n|move|p1b: All Blue|Yawn|p2b: Buried Treasure\n|-start|p2b: Buried Treasure|move: Yawn|[of] p1b: All Blue\n|\n|-heal|p2a: The Claaaaawww|11\/100 brn|[from] item: Black Sludge\n|-heal|p1b: All Blue|70\/100|[from] item: Leftovers\n|-damage|p2a: The Claaaaawww|5\/100 brn|[from] brn\n|upkeep\n|turn|5\n|\n|t:|1698710908\n|move|p2b: Buried Treasure|Bullet Punch|p1a: sizzle\n|-resisted|p1a: sizzle\n|-damage|p1a: sizzle|71\/100\n|move|p1a: sizzle|Fire Blast|p2b: Buried Treasure\n|-supereffective|p2b: Buried Treasure\n|-damage|p2b: Buried Treasure|0 fnt\n|faint|p2b: Buried Treasure\n|move|p2a: The Claaaaawww|Knock Off|p1b: All Blue\n|-damage|p1b: All Blue|49\/100\n|-enditem|p1b: All Blue|Leftovers|[from] move: Knock Off|[of] p2a: The Claaaaawww\n|move|p1b: All Blue|Recover|p1b: All Blue\n|-heal|p1b: All Blue|99\/100\n|\n|-heal|p1a: sizzle|77\/100|[from] item: Leftovers\n|-heal|p2a: The Claaaaawww|11\/100 brn|[from] item: Black Sludge\n|-damage|p2a: The Claaaaawww|5\/100 brn|[from] brn\n|upkeep\n|\n|t:|1698710936\n|switch|p2b: Just a Dolphin|Garchomp, F, shiny|100\/100\n|turn|6\n|\n|t:|1698711001\n|move|p1a: sizzle|Dragon Pulse|p2b: Just a Dolphin\n|-supereffective|p2b: Just a Dolphin\n|-damage|p2b: Just a Dolphin|46\/100\n|move|p2b: Just a Dolphin|Earthquake|p1b: All Blue|[spread] p2a,p1a,p1b\n|-supereffective|p2a: The Claaaaawww\n|-supereffective|p1a: sizzle\n|-damage|p2a: The Claaaaawww|0 fnt\n|-damage|p1a: sizzle|0 fnt\n|-damage|p1b: All Blue|56\/100\n|faint|p2a: The Claaaaawww\n|faint|p1a: sizzle\n|move|p1b: All Blue|Yawn|p2b: Just a Dolphin\n|-start|p2b: Just a Dolphin|move: Yawn|[of] p1b: All Blue\n|\n|upkeep\n|\n|t:|1698711013\n|switch|p1a: ITS A TRAP|Toxapex, M, shiny|100\/100\n|switch|p2a: Candy Corn|Tapu Koko|100\/100\n|-fieldstart|move: Electric Terrain|[from] ability: Electric Surge|[of] p2a: Candy Corn\n|turn|7\n|\n|t:|1698711032\n|switch|p2b: Minato|Raichu-Alola, F|100\/100\n|move|p2a: Candy Corn|Light Screen|p2a: Candy Corn\n|-sidestart|p2: Snorkle Porkle|move: Light Screen\n|move|p1b: All Blue|Earth Power|p2a: Candy Corn\n|-supereffective|p2a: Candy Corn\n|-damage|p2a: Candy Corn|55\/100\n|move|p1a: ITS A TRAP|Hydro Pump|p1b: All Blue\n|-activate|p1b: All Blue|ability: Storm Drain\n|-ability|p1b: All Blue|Storm Drain|boost\n|-boost|p1b: All Blue|spa|1\n|\n|upkeep\n|turn|8\n|\n|t:|1698711053\n|move|p2b: Minato|Rising Voltage|p1a: ITS A TRAP\n|-hint|Rising Voltage's BP doubled on grounded target.\n|-supereffective|p1a: ITS A TRAP\n|-damage|p1a: ITS A TRAP|0 fnt\n|faint|p1a: ITS A TRAP\n|move|p2a: Candy Corn|U-turn|p1b: All Blue\n|-damage|p1b: All Blue|36\/100\n|\n|t:|1698711060\n|switch|p2a: Just a Dolphin|Garchomp, F, shiny|46\/100|[from] U-turn\n|move|p1b: All Blue|Earth Power|p2a: Just a Dolphin\n|-damage|p2a: Just a Dolphin|16\/100\n|\n|upkeep\n|\n|t:|1698711067\n|switch|p1a: Mr.Chef|Snorlax, F|34\/100\n|turn|9\n|\n|t:|1698711083\n|-terastallize|p2b: Minato|Flying\n|move|p2b: Minato|Rising Voltage|p1a: Mr.Chef\n|-hint|Rising Voltage's BP doubled on grounded target.\n|-damage|p1a: Mr.Chef|0 fnt\n|faint|p1a: Mr.Chef\n|move|p2a: Just a Dolphin|Earthquake|p1b: All Blue|[spread] p1b\n|-immune|p2b: Minato\n|-damage|p1b: All Blue|0 fnt\n|faint|p1b: All Blue\n|\n|upkeep\n|\n|t:|1698711128\n|switch|p1b: Rem|Gardevoir, M, shiny|100\/100\n|turn|10\n|\n|t:|1698711163\n|detailschange|p1b: Rem|Gardevoir-Mega, M, shiny\n|-mega|p1b: Rem|Gardevoir|Gardevoirite\n|move|p2b: Minato|Rising Voltage|p1b: Rem\n|-hint|Rising Voltage's BP doubled on grounded target.\n|-damage|p1b: Rem|19\/100\n|move|p2a: Just a Dolphin|Earthquake|p1b: Rem|[spread] p1b\n|-immune|p2b: Minato\n|-damage|p1b: Rem|0 fnt\n|faint|p1b: Rem\n|\n|win|Snorkle Porkle\n|l|\u2606Snorkle Porkle\n|l|\u2606usagi the weeb\n|j|\u2606usagi the weeb\n|player|p1|usagi the weeb|juggler\n","uploadtime":1698711180,"views":23,"p1id":"usagitheweeb","p2id":"snorkleporkle","formatid":"gen9nationaldexdoubles","rating":0,"private":0,"password":""}