{"id":"gen9nationaldexdoubles-1949975156","p1":"JimmyJohto","p2":"Sirotik","format":"[Gen 9] National Dex Doubles","log":"|j|\u2606JimmyJohto\n|j|\u2606Sirotik\n|t:|1695413964\n|gametype|doubles\n|player|p1|JimmyJohto|ethan|\n|player|p2|Sirotik|cynthia-gen7|\n|teamsize|p1|6\n|teamsize|p2|6\n|gen|9\n|tier|[Gen 9] National Dex Doubles\n|rule|HP Percentage Mod: HP is shown in percentages\n|rule|Endless Battle Clause: Forcing endless battles is banned\n|rule|OHKO Clause: OHKO moves are banned\n|rule|Evasion Moves Clause: Evasion moves are banned\n|rule|Evasion Abilities Clause: Evasion abilities are banned\n|rule|Species Clause: Limit one of each Pok\u00e9mon\n|rule|Gravity Sleep Clause: The combination of sleep-inducing moves with imperfect accuracy and Gravity or Gigantamax Orbeetle are banned\n|clearpoke\n|poke|p1|Landorus-Therian, M|\n|poke|p1|Tornadus, M|\n|poke|p1|Great Tusk|\n|poke|p1|Torkoal, F|\n|poke|p1|Ogerpon-Hearthflame, F|\n|poke|p1|Shiftry, F|\n|poke|p2|Hatterene, F|\n|poke|p2|Indeedee-F, F|\n|poke|p2|Armarouge, M|\n|poke|p2|Braviary-Hisui, M|\n|poke|p2|Tapu Lele|\n|poke|p2|Sylveon, F|\n|teampreview\n|c|\u2606JimmyJohto|suerte a tu wifi\n|c|\u2606Sirotik|gracias tio JJAAJAJAJ\n|c|\u2606Sirotik|suerte\n|\n|t:|1695413991\n|start\n|switch|p1a: Landorus|Landorus-Therian, M|100\/100\n|switch|p1b: Tornadus|Tornadus, M|100\/100\n|switch|p2a: Kuaso|Indeedee-F, F|100\/100\n|switch|p2b: Nayuta|Hatterene, F, shiny|100\/100\n|-ability|p1a: Landorus|Intimidate|boost\n|-unboost|p2a: Kuaso|atk|1\n|-unboost|p2b: Nayuta|atk|1\n|-fieldstart|move: Psychic Terrain|[from] ability: Psychic Surge|[of] p2a: Kuaso\n|-enditem|p2a: Kuaso|Psychic Seed\n|-boost|p2a: Kuaso|spd|1|[from] item: Psychic Seed\n|turn|1\n|\n|t:|1695414060\n|move|p2a: Kuaso|Follow Me|p2a: Kuaso\n|-singleturn|p2a: Kuaso|move: Follow Me\n|move|p1a: Landorus|Earthquake|p2b: Nayuta|[spread] p2a,p2b\n|-immune|p1b: Tornadus\n|-damage|p2a: Kuaso|47\/100\n|-damage|p2b: Nayuta|51\/100\n|move|p1b: Tornadus|Dark Pulse|p2a: Kuaso\n|-supereffective|p2a: Kuaso\n|-damage|p2a: Kuaso|19\/100\n|move|p2b: Nayuta|Trick Room|p2b: Nayuta\n|-fieldstart|move: Trick Room|[of] p2b: Nayuta\n|\n|upkeep\n|turn|2\n|\n|t:|1695414094\n|move|p2a: Kuaso|Helping Hand|p2b: Nayuta\n|-singleturn|p2b: Nayuta|Helping Hand|[of] p2a: Kuaso\n|move|p2b: Nayuta|Dazzling Gleam|p1a: Landorus|[spread] p1a,p1b\n|-damage|p1a: Landorus|7\/100\n|-damage|p1b: Tornadus|12\/100\n|-damage|p2b: Nayuta|41\/100|[from] item: Life Orb\n|move|p1b: Tornadus|Bleakwind Storm|p2a: Kuaso|[spread] p2a,p2b\n|-damage|p2a: Kuaso|1\/100\n|-damage|p2b: Nayuta|2\/100\n|-unboost|p2a: Kuaso|spe|1\n|move|p1a: Landorus|Earthquake|p2b: Nayuta|[spread] p2a,p2b\n|-immune|p1b: Tornadus\n|-damage|p2a: Kuaso|0 fnt\n|-damage|p2b: Nayuta|0 fnt\n|faint|p2a: Kuaso\n|faint|p2b: Nayuta\n|\n|upkeep\n|\n|t:|1695414109\n|switch|p2b: Condori|Braviary-Hisui, M|100\/100\n|switch|p2a: Deshret|Armarouge, M, shiny|100\/100\n|turn|3\n|\n|t:|1695414159\n|switch|p1a: Torkoal|Torkoal, F|100\/100\n|-weather|SunnyDay|[from] ability: Drought|[of] p1a: Torkoal\n|move|p2a: Deshret|Heat Wave|p1b: Tornadus|[spread] p1a,p1b\n|-resisted|p1a: Torkoal\n|-damage|p1a: Torkoal|61\/100\n|-damage|p1b: Tornadus|0 fnt\n|faint|p1b: Tornadus\n|move|p2b: Condori|Calm Mind|p2b: Condori\n|-boost|p2b: Condori|spa|1\n|-boost|p2b: Condori|spd|1\n|\n|-weather|SunnyDay|[upkeep]\n|upkeep\n|\n|t:|1695414179\n|switch|p1b: Ogerpon|Ogerpon-Hearthflame, F|100\/100\n|-ability|p1b: Ogerpon|Mold Breaker\n|turn|4\n|\n|t:|1695414205\n|switch|p2a: Lele|Tapu Lele|100\/100\n|move|p1a: Torkoal|Protect|p1a: Torkoal\n|-singleturn|p1a: Torkoal|Protect\n|move|p1b: Ogerpon|Spiky Shield|p1b: Ogerpon\n|-singleturn|p1b: Ogerpon|move: Protect\n|move|p2b: Condori|Esper Wing|p1a: Torkoal\n|-activate|p1a: Torkoal|move: Protect\n|\n|-weather|SunnyDay|[upkeep]\n|upkeep\n|turn|5\n|\n|t:|1695414226\n|switch|p2a: Deshret|Armarouge, M, shiny|100\/100\n|move|p1a: Torkoal|Heat Wave|p2a: Deshret|[spread] p2b\n|-start|p2a: Deshret|ability: Flash Fire\n|-damage|p2b: Condori|58\/100\n|move|p2b: Condori|Hurricane|p1b: Ogerpon\n|-supereffective|p1b: Ogerpon\n|-damage|p1b: Ogerpon|0 fnt\n|faint|p1b: Ogerpon\n|\n|-weather|SunnyDay|[upkeep]\n|-fieldend|move: Trick Room\n|-fieldend|move: Psychic Terrain\n|upkeep\n|\n|t:|1695414239\n|switch|p1b: Landorus|Landorus-Therian, M|7\/100\n|-ability|p1b: Landorus|Intimidate|boost\n|-unboost|p2a: Deshret|atk|1\n|-unboost|p2b: Condori|atk|1\n|turn|6\n|\n|t:|1695414250\n|move|p1a: Torkoal|Protect|p1a: Torkoal\n|-singleturn|p1a: Torkoal|Protect\n|move|p1b: Landorus|Rock Slide|p2b: Condori|[spread] p2a,p2b\n|-supereffective|p2a: Deshret\n|-supereffective|p2b: Condori\n|-damage|p2a: Deshret|59\/100\n|-damage|p2b: Condori|16\/100\n|move|p2b: Condori|Esper Wing|p1b: Landorus\n|-damage|p1b: Landorus|0 fnt\n|-boost|p2b: Condori|spe|1\n|faint|p1b: Landorus\n|move|p2a: Deshret|Heat Wave|p1a: Torkoal\n|-activate|p1a: Torkoal|move: Protect\n|\n|-weather|SunnyDay|[upkeep]\n|upkeep\n|\n|t:|1695414265\n|switch|p1b: Shiftry|Shiftry, F|100\/100\n|turn|7\n|\n|t:|1695414281\n|move|p1b: Shiftry|Fake Out|p2a: Deshret\n|-damage|p2a: Deshret|48\/100\n|move|p2b: Condori|Roost|p2b: Condori\n|-heal|p2b: Condori|66\/100\n|-singleturn|p2b: Condori|move: Roost\n|cant|p2a: Deshret|flinch\n|move|p1a: Torkoal|Heat Wave|p2a: Deshret|[spread] p2b\n|-immune|p2a: Deshret|[from] ability: Flash Fire\n|-damage|p2b: Condori|23\/100\n|\n|-weather|none\n|upkeep\n|turn|8\n|\n|t:|1695414310\n|move|p2b: Condori|Hurricane|p1b: Shiftry\n|-ability|p1b: Shiftry|Wind Rider|boost\n|-boost|p1b: Shiftry|atk|1\n|move|p1b: Shiftry|Knock Off|p2b: Condori\n|-supereffective|p2b: Condori\n|-damage|p2b: Condori|0 fnt\n|-enditem|p2b: Condori|Heavy-Duty Boots|[from] move: Knock Off|[of] p1b: Shiftry\n|faint|p2b: Condori\n|move|p2a: Deshret|Heat Wave|p1b: Shiftry|[spread] p1a\n|-ability|p1b: Shiftry|Wind Rider|boost\n|-boost|p1b: Shiftry|atk|1\n|-resisted|p1a: Torkoal\n|-damage|p1a: Torkoal|21\/100\n|move|p1a: Torkoal|Earth Power|p2a: Deshret\n|-supereffective|p2a: Deshret\n|-damage|p2a: Deshret|0 fnt\n|faint|p2a: Deshret\n|\n|upkeep\n|\n|t:|1695414326\n|switch|p2b: Nekoya|Sylveon, F|100\/100\n|switch|p2a: Lele|Tapu Lele|100\/100\n|-fieldstart|move: Psychic Terrain|[from] ability: Psychic Surge|[of] p2a: Lele\n|turn|9\n|\n|t:|1695414349\n|-terastallize|p1b: Shiftry|Dark\n|-terastallize|p2b: Nekoya|Psychic\n|move|p2a: Lele|Dazzling Gleam|p1b: Shiftry|[spread] p1a,p1b\n|-resisted|p1a: Torkoal\n|-supereffective|p1b: Shiftry\n|-damage|p1a: Torkoal|1\/100\n|-enditem|p1b: Shiftry|Focus Sash\n|-damage|p1b: Shiftry|1\/100\n|move|p1b: Shiftry|Knock Off|p2a: Lele\n|-damage|p2a: Lele|0 fnt\n|-enditem|p2a: Lele|Choice Scarf|[from] move: Knock Off|[of] p1b: Shiftry\n|faint|p2a: Lele\n|move|p2b: Nekoya|Hyper Voice|p1b: Shiftry|[spread] p1a,p1b\n|-resisted|p1a: Torkoal\n|-supereffective|p1b: Shiftry\n|-damage|p1a: Torkoal|0 fnt\n|-damage|p1b: Shiftry|0 fnt\n|faint|p1a: Torkoal\n|faint|p1b: Shiftry\n|\n|upkeep\n|\n|t:|1695414366\n|switch|p1b: Great Tusk|Great Tusk|100\/100\n|turn|10\n|\n|t:|1695414372\n|move|p1b: Great Tusk|Knock Off|p2b: Nekoya\n|-supereffective|p2b: Nekoya\n|-damage|p2b: Nekoya|4\/100\n|-enditem|p2b: Nekoya|Choice Specs|[from] move: Knock Off|[of] p1b: Great Tusk\n|move|p2b: Nekoya|Hyper Voice|p1b: Great Tusk\n|-supereffective|p1b: Great Tusk\n|-enditem|p1b: Great Tusk|Focus Sash\n|-damage|p1b: Great Tusk|1\/100\n|\n|upkeep\n|turn|11\n|\n|t:|1695414388\n|move|p1b: Great Tusk|Knock Off|p2b: Nekoya\n|-supereffective|p2b: Nekoya\n|-damage|p2b: Nekoya|0 fnt\n|faint|p2b: Nekoya\n|\n|win|JimmyJohto\n|c|\u2606JimmyJohto|gg\n|c|\u2606Sirotik|GG\n|c|\u2606Sirotik|esa de las dos sash no me la veia venir\n","uploadtime":1695414397,"views":5,"p1id":"jimmyjohto","p2id":"sirotik","formatid":"gen9nationaldexdoubles","rating":0,"private":0,"password":""}