{"id":"gen9nationaldexdoubles-1973095415","p1":"Ax0lol","p2":"ShiroBlack1604","format":"[Gen 9] National Dex Doubles","log":"|j|\u2606Ax0lol\n|j|\u2606ShiroBlack1604\n|t:|1697927062\n|gametype|doubles\n|player|p1|Ax0lol|lady|1225\n|player|p2|ShiroBlack1604|benga|1115\n|teamsize|p1|6\n|teamsize|p2|6\n|gen|9\n|tier|[Gen 9] National Dex Doubles\n|rated|\n|rule|HP Percentage Mod: HP is shown in percentages\n|rule|Endless Battle Clause: Forcing endless battles is banned\n|rule|OHKO Clause: OHKO moves are banned\n|rule|Evasion Moves Clause: Evasion moves are banned\n|rule|Evasion Abilities Clause: Evasion abilities are banned\n|rule|Species Clause: Limit one of each Pok\u00e9mon\n|rule|Gravity Sleep Clause: The combination of sleep-inducing moves with imperfect accuracy and Gravity or Gigantamax Orbeetle are banned\n|clearpoke\n|poke|p1|Indeedee-F, F|\n|poke|p1|Pincurchin, F|\n|poke|p1|Hatterene, F|\n|poke|p1|Roaring Moon|\n|poke|p1|Iron Moth|\n|poke|p1|Torkoal, M|\n|poke|p2|Gliscor, M|\n|poke|p2|Arcanine-Hisui, F|\n|poke|p2|Clodsire, F|\n|poke|p2|Lopunny, F|\n|poke|p2|Zoroark-Hisui, F|\n|poke|p2|Ampharos, F|\n|teampreview\n|\n|t:|1697927074\n|start\n|switch|p1a: Indeedee|Indeedee-F, F|100\/100\n|switch|p1b: Hatterene|Hatterene, F|100\/100\n|switch|p2a: Clodlulu|Clodsire, F, shiny|100\/100\n|switch|p2b: Gliddy|Gliscor, M|100\/100\n|-fieldstart|move: Psychic Terrain|[from] ability: Psychic Surge|[of] p1a: Indeedee\n|turn|1\n|\n|t:|1697927091\n|move|p1a: Indeedee|Protect|p1a: Indeedee\n|-singleturn|p1a: Indeedee|Protect\n|move|p2b: Gliddy|Steel Wing|p1b: Hatterene\n|-supereffective|p1b: Hatterene\n|-damage|p1b: Hatterene|68\/100\n|-boost|p2b: Gliddy|def|1\n|move|p2a: Clodlulu|Earthquake|p1b: Hatterene|[spread] p1b\n|-activate|p1a: Indeedee|move: Protect\n|-immune|p2b: Gliddy\n|-damage|p1b: Hatterene|45\/100\n|move|p1b: Hatterene|Trick Room|p1b: Hatterene\n|-fieldstart|move: Trick Room|[of] p1b: Hatterene\n|\n|-status|p2b: Gliddy|tox|[from] item: Toxic Orb\n|upkeep\n|turn|2\n|\n|t:|1697927112\n|-terastallize|p1a: Indeedee|Psychic\n|move|p1b: Hatterene|Helping Hand|p1a: Indeedee\n|-singleturn|p1a: Indeedee|Helping Hand|[of] p1b: Hatterene\n|move|p2a: Clodlulu|Earthquake|p1a: Indeedee|[spread] p1a,p1b\n|-immune|p2b: Gliddy\n|-damage|p1a: Indeedee|77\/100\n|-damage|p1b: Hatterene|23\/100\n|move|p1a: Indeedee|Expanding Force|p2a: Clodlulu|[spread] p2a,p2b\n|-supereffective|p2a: Clodlulu\n|-damage|p2a: Clodlulu|0 fnt\n|-damage|p2b: Gliddy|16\/100 tox\n|faint|p2a: Clodlulu\n|move|p2b: Gliddy|Steel Wing|p1b: Hatterene\n|-supereffective|p1b: Hatterene\n|-damage|p1b: Hatterene|0 fnt\n|faint|p1b: Hatterene\n|\n|-heal|p2b: Gliddy|28\/100 tox|[from] ability: Poison Heal\n|upkeep\n|\n|t:|1697927136\n|switch|p2a: Sol|Arcanine-Hisui, F, shiny|100\/100\n|switch|p1b: Torkoal|Torkoal, M|100\/100\n|-weather|SunnyDay|[from] ability: Drought|[of] p1b: Torkoal\n|turn|3\n|\n|t:|1697927156\n|move|p1b: Torkoal|Scorching Sands|p2a: Sol\n|-damage|p2a: Sol|64\/100\n|replace|p2a: Juliark|Zoroark-Hisui, F, shiny\n|-end|p2a: Juliark|Illusion\n|move|p1a: Indeedee|Expanding Force|p2a: Juliark|[spread] p2a,p2b\n|-damage|p2a: Juliark|0 fnt\n|-damage|p2b: Gliddy|0 fnt\n|faint|p2a: Juliark\n|faint|p2b: Gliddy\n|\n|-weather|SunnyDay|[upkeep]\n|upkeep\n|\n|t:|1697927166\n|switch|p2b: Sol|Arcanine-Hisui, F, shiny|100\/100\n|switch|p2a: Mikampharos|Ampharos, F, shiny|100\/100\n|turn|4\n|inactive|Battle timer is ON: inactive players will automatically lose when time's up. (requested by Ax0lol)\n|\n|t:|1697927180\n|detailschange|p2a: Mikampharos|Ampharos-Mega, F, shiny\n|-mega|p2a: Mikampharos|Ampharos|Ampharosite\n|-ability|p2a: Mikampharos|Mold Breaker\n|move|p2b: Sol|Extreme Speed|p1a: Indeedee\n|-activate|p1a: Indeedee|move: Psychic Terrain\n|move|p1b: Torkoal|Eruption|p2a: Mikampharos|[spread] p2a,p2b\n|-resisted|p2a: Mikampharos\n|-resisted|p2b: Sol\n|-damage|p2a: Mikampharos|71\/100\n|-damage|p2b: Sol|80\/100\n|move|p1a: Indeedee|Expanding Force|p2b: Sol|[spread] p2a,p2b\n|-damage|p2a: Mikampharos|3\/100\n|-damage|p2b: Sol|0 fnt\n|faint|p2b: Sol\n|move|p2a: Mikampharos|Dragon Pulse|p1a: Indeedee\n|-damage|p1a: Indeedee|6\/100\n|\n|-weather|SunnyDay|[upkeep]\n|upkeep\n|\n|t:|1697927197\n|switch|p2b: Helebunny|Lopunny, F, shiny|100\/100\n|turn|5\n|\n|t:|1697927221\n|move|p1a: Indeedee|Protect|p1a: Indeedee\n|-singleturn|p1a: Indeedee|Protect\n|move|p2b: Helebunny|Fake Out|p1a: Indeedee\n|-activate|p1a: Indeedee|move: Psychic Terrain\n|move|p1b: Torkoal|Eruption|p2a: Mikampharos|[spread] p2a,p2b\n|-resisted|p2a: Mikampharos\n|-damage|p2a: Mikampharos|0 fnt\n|-damage|p2b: Helebunny|19\/100\n|faint|p2a: Mikampharos\n|\n|-weather|SunnyDay|[upkeep]\n|-fieldend|move: Trick Room\n|-fieldend|move: Psychic Terrain\n|upkeep\n|turn|6\n|\n|t:|1697927239\n|switch|p1a: Pincurchin|Pincurchin, F|100\/100\n|-fieldstart|move: Electric Terrain|[from] ability: Electric Surge|[of] p1a: Pincurchin\n|move|p2b: Helebunny|Frustration|p1a: Pincurchin\n|-damage|p1a: Pincurchin|59\/100\n|move|p1b: Torkoal|Eruption|p2b: Helebunny\n|-damage|p2b: Helebunny|0 fnt\n|faint|p2b: Helebunny\n|\n|win|Ax0lol\n|raw|Ax0lol's rating: 1225 &rarr; <strong>1242<\/strong><br \/>(+17 for winning)\n|raw|ShiroBlack1604's rating: 1115 &rarr; <strong>1098<\/strong><br \/>(-17 for losing)\n|l|\u2606ShiroBlack1604\n","uploadtime":1697927363,"views":11,"p1id":"ax0lol","p2id":"shiroblack1604","formatid":"gen9nationaldexdoubles","rating":1098,"private":0,"password":""}