{"id":"gen9nationaldexdoubles-1966612428","p1":"Cambrian James","p2":"luijoroma","format":"[Gen 9] National Dex Doubles","log":"|j|\u2606Cambrian James\n|j|\u2606luijoroma\n|t:|1697207572\n|gametype|doubles\n|player|p1|Cambrian James|169|1017\n|player|p2|luijoroma|lucas-gen4pt|1068\n|teamsize|p1|4\n|teamsize|p2|6\n|gen|9\n|tier|[Gen 9] National Dex Doubles\n|rated|\n|rule|HP Percentage Mod: HP is shown in percentages\n|rule|Endless Battle Clause: Forcing endless battles is banned\n|rule|OHKO Clause: OHKO moves are banned\n|rule|Evasion Moves Clause: Evasion moves are banned\n|rule|Evasion Abilities Clause: Evasion abilities are banned\n|rule|Species Clause: Limit one of each Pok\u00e9mon\n|rule|Gravity Sleep Clause: The combination of sleep-inducing moves with imperfect accuracy and Gravity or Gigantamax Orbeetle are banned\n|clearpoke\n|poke|p1|Torkoal, F|\n|poke|p1|Sirfetch\u2019d, M|\n|poke|p1|Medicham, M|\n|poke|p1|Oranguru, M|\n|poke|p2|Garchomp, M|\n|poke|p2|Togekiss, M|\n|poke|p2|Milotic, F|\n|poke|p2|Typhlosion-Hisui, M|\n|poke|p2|Tinkaton, F|\n|poke|p2|Gardevoir, F|\n|teampreview\n|\n|t:|1697207583\n|start\n|switch|p1a: Oranguru|Oranguru, M|100\/100\n|switch|p1b: Torkoal|Torkoal, F|100\/100\n|switch|p2a: Garchomp|Garchomp, M|100\/100\n|switch|p2b: Milotic|Milotic, F, shiny|100\/100\n|-weather|SunnyDay|[from] ability: Drought|[of] p1b: Torkoal\n|turn|1\n|\n|t:|1697207602\n|move|p1b: Torkoal|Protect|p1b: Torkoal\n|-singleturn|p1b: Torkoal|Protect\n|move|p2a: Garchomp|Swords Dance|p2a: Garchomp\n|-boost|p2a: Garchomp|atk|2\n|move|p2b: Milotic|Hypnosis|p1b: Torkoal\n|-activate|p1b: Torkoal|move: Protect\n|move|p1a: Oranguru|Trick Room|p1a: Oranguru\n|-fieldstart|move: Trick Room|[of] p1a: Oranguru\n|-enditem|p1a: Oranguru|Room Service\n|-unboost|p1a: Oranguru|spe|1|[from] item: Room Service\n|\n|-weather|SunnyDay|[upkeep]\n|upkeep\n|turn|2\n|\n|t:|1697207625\n|detailschange|p2a: Garchomp|Garchomp-Mega, M\n|-mega|p2a: Garchomp|Garchomp|Garchompite\n|move|p1b: Torkoal|Solar Beam||[still]\n|-prepare|p1b: Torkoal|Solar Beam\n|-anim|p1b: Torkoal|Solar Beam|p2b: Milotic\n|-supereffective|p2b: Milotic\n|-damage|p2b: Milotic|55\/100\n|move|p1a: Oranguru|Instruct||[still]\n|-fail|p1a: Oranguru\n|move|p2b: Milotic|Hypnosis|p1b: Torkoal|[miss]\n|-miss|p2b: Milotic|p1b: Torkoal\n|move|p2a: Garchomp|Draco Meteor|p1a: Oranguru\n|-damage|p1a: Oranguru|74\/100\n|-unboost|p2a: Garchomp|spa|2\n|\n|-weather|SunnyDay|[upkeep]\n|upkeep\n|turn|3\n|\n|t:|1697207652\n|-terastallize|p2b: Milotic|Fire\n|move|p1b: Torkoal|Solar Beam||[still]\n|-prepare|p1b: Torkoal|Solar Beam\n|-anim|p1b: Torkoal|Solar Beam|p2b: Milotic\n|-resisted|p2b: Milotic\n|-damage|p2b: Milotic|45\/100\n|move|p1a: Oranguru|Instruct||[still]\n|-fail|p1a: Oranguru\n|move|p2b: Milotic|Hydro Pump|p1b: Torkoal\n|-supereffective|p1b: Torkoal\n|-damage|p1b: Torkoal|52\/100\n|-heal|p2b: Milotic|50\/100|[from] item: Shell Bell|[of] p1b: Torkoal\n|move|p2a: Garchomp|Flamethrower|p1a: Oranguru\n|-damage|p1a: Oranguru|63\/100\n|\n|-weather|SunnyDay|[upkeep]\n|upkeep\n|turn|4\n|\n|t:|1697207688\n|switch|p1b: Sirfetch\u2019d|Sirfetch\u2019d, M|100\/100\n|move|p1a: Oranguru|Expanding Force|p2b: Milotic\n|-damage|p2b: Milotic|32\/100\n|move|p2b: Milotic|Aqua Ring|p2b: Milotic\n|-start|p2b: Milotic|Aqua Ring\n|move|p2a: Garchomp|Swords Dance|p2a: Garchomp\n|-boost|p2a: Garchomp|atk|2\n|\n|-weather|SunnyDay|[upkeep]\n|-heal|p2b: Milotic|38\/100|[from] Aqua Ring\n|upkeep\n|turn|5\n|\n|t:|1697207720\n|-terastallize|p1b: Sirfetch\u2019d|Fighting\n|move|p1a: Oranguru|Expanding Force|p2a: Garchomp\n|-damage|p2a: Garchomp|78\/100\n|move|p1b: Sirfetch\u2019d|Close Combat|p2a: Garchomp\n|-damage|p2a: Garchomp|0 fnt\n|-unboost|p1b: Sirfetch\u2019d|def|1\n|-unboost|p1b: Sirfetch\u2019d|spd|1\n|faint|p2a: Garchomp\n|move|p2b: Milotic|Hypnosis|p1b: Sirfetch\u2019d|[miss]\n|-miss|p2b: Milotic|p1b: Sirfetch\u2019d\n|\n|-weather|none\n|-heal|p2b: Milotic|44\/100|[from] Aqua Ring\n|-fieldend|move: Trick Room\n|upkeep\n|\n|t:|1697207737\n|switch|p2a: Tinkaton|Tinkaton, F|100\/100\n|-ability|p2a: Tinkaton|Mold Breaker\n|turn|6\n|\n|t:|1697207749\n|move|p2a: Tinkaton|Gigaton Hammer|p1a: Oranguru\n|-damage|p1a: Oranguru|0 fnt\n|faint|p1a: Oranguru\n|move|p2b: Milotic|Ice Beam|p1b: Sirfetch\u2019d\n|-damage|p1b: Sirfetch\u2019d|62\/100\n|-heal|p2b: Milotic|48\/100|[from] item: Shell Bell|[of] p1b: Sirfetch\u2019d\n|move|p1b: Sirfetch\u2019d|Close Combat|p2a: Tinkaton\n|-damage|p2a: Tinkaton|0 fnt\n|-unboost|p1b: Sirfetch\u2019d|def|1\n|-unboost|p1b: Sirfetch\u2019d|spd|1\n|faint|p2a: Tinkaton\n|\n|-heal|p2b: Milotic|54\/100|[from] Aqua Ring\n|upkeep\n|\n|t:|1697207765\n|switch|p2a: Togekiss|Togekiss, M|100\/100\n|switch|p1a: Medicham|Medicham, M|100\/100\n|turn|7\n|\n|t:|1697207780\n|move|p2a: Togekiss|Play Rough|p1b: Sirfetch\u2019d\n|-supereffective|p1b: Sirfetch\u2019d\n|-damage|p1b: Sirfetch\u2019d|0 fnt\n|faint|p1b: Sirfetch\u2019d\n|move|p2b: Milotic|Hydro Pump|p1a: Medicham\n|-damage|p1a: Medicham|47\/100\n|-heal|p2b: Milotic|60\/100|[from] item: Shell Bell|[of] p1a: Medicham\n|move|p1a: Medicham|Trick Room|p1a: Medicham\n|-fieldstart|move: Trick Room|[of] p1a: Medicham\n|\n|-heal|p2b: Milotic|66\/100|[from] Aqua Ring\n|upkeep\n|-message|Cambrian James forfeited.\n|\n|win|luijoroma\n|raw|Cambrian James's rating: 1017 &rarr; <strong>1005<\/strong><br \/>(-12 for losing)\n|raw|luijoroma's rating: 1044 &rarr; <strong>1075<\/strong><br \/>(+31 for winning)\n|l|\u2606Cambrian James\n","uploadtime":1697207800,"views":6,"p1id":"cambrianjames","p2id":"luijoroma","formatid":"gen9nationaldexdoubles","rating":1005,"private":0,"password":""}