{"id":"gen9nationaldexdoubles-1972039128","p1":"u lost da game","p2":"Meanest sho'nuff","format":"[Gen 9] National Dex Doubles","log":"|j|\u2606u lost da game\n|j|\u2606Meanest sho'nuff\n|t:|1697807473\n|gametype|doubles\n|player|p1|u lost da game|101|1157\n|player|p2|Meanest sho'nuff|cynthia|1267\n|teamsize|p1|6\n|teamsize|p2|6\n|gen|9\n|tier|[Gen 9] National Dex Doubles\n|rated|\n|rule|HP Percentage Mod: HP is shown in percentages\n|rule|Endless Battle Clause: Forcing endless battles is banned\n|rule|OHKO Clause: OHKO moves are banned\n|rule|Evasion Moves Clause: Evasion moves are banned\n|rule|Evasion Abilities Clause: Evasion abilities are banned\n|rule|Species Clause: Limit one of each Pok\u00e9mon\n|rule|Gravity Sleep Clause: The combination of sleep-inducing moves with imperfect accuracy and Gravity or Gigantamax Orbeetle are banned\n|clearpoke\n|poke|p1|Flamigo, F|\n|poke|p1|Eevee, M|\n|poke|p1|Krookodile, M|\n|poke|p1|Cresselia, F|\n|poke|p1|Drifblim, M|\n|poke|p1|Indeedee-F, F|\n|poke|p2|Blastoise, F|\n|poke|p2|Shaymin-Sky|\n|poke|p2|Blaziken, M|\n|poke|p2|Landorus-Therian, M|\n|poke|p2|Weezing-Galar, F|\n|poke|p2|Type: Null|\n|teampreview\n|c|\u2606u lost da game|glhf\n|inactive|Battle timer is ON: inactive players will automatically lose when time's up. (requested by u lost da game)\n|\n|t:|1697807508\n|start\n|switch|p1a: Indeedee|Indeedee-F, F|100\/100\n|switch|p1b: Eevee|Eevee, M|100\/100\n|switch|p2a: Shaymin|Shaymin-Sky|100\/100\n|switch|p2b: Landorus|Landorus-Therian, M|100\/100\n|-ability|p2b: Landorus|Intimidate|boost\n|-unboost|p1a: Indeedee|atk|1\n|-unboost|p1b: Eevee|atk|1\n|-fieldstart|move: Psychic Terrain|[from] ability: Psychic Surge|[of] p1a: Indeedee\n|turn|1\n|\n|t:|1697807526\n|-terastallize|p2b: Landorus|Ground\n|move|p1b: Eevee|Protect|p1b: Eevee\n|-singleturn|p1b: Eevee|Protect\n|move|p2a: Shaymin|Tailwind|p2a: Shaymin\n|-sidestart|p2: Meanest sho'nuff|move: Tailwind\n|move|p2b: Landorus|Earthquake|p1a: Indeedee|[spread] p1a\n|-activate|p1b: Eevee|move: Protect\n|-immune|p2a: Shaymin\n|-damage|p1a: Indeedee|37\/100\n|move|p1a: Indeedee|Expanding Force|p2a: Shaymin|[spread] p2a,p2b\n|-damage|p2a: Shaymin|51\/100\n|-damage|p2b: Landorus|51\/100\n|\n|upkeep\n|turn|2\n|\n|t:|1697807548\n|move|p1a: Indeedee|Protect|p1a: Indeedee\n|-singleturn|p1a: Indeedee|Protect\n|move|p2a: Shaymin|Dazzling Gleam|p1a: Indeedee|[spread] p1b\n|-activate|p1a: Indeedee|move: Protect\n|-damage|p1b: Eevee|77\/100\n|move|p2b: Landorus|Earthquake|p1a: Indeedee|[spread] p1b\n|-activate|p1a: Indeedee|move: Protect\n|-immune|p2a: Shaymin\n|-damage|p1b: Eevee|1\/100\n|-zpower|p1b: Eevee\n|move|p1b: Eevee|Extreme Evoboost|p1b: Eevee\n|-boost|p1b: Eevee|atk|2\n|-boost|p1b: Eevee|def|2\n|-boost|p1b: Eevee|spa|2\n|-boost|p1b: Eevee|spd|2\n|-boost|p1b: Eevee|spe|2\n|\n|upkeep\n|turn|3\n|\n|t:|1697807566\n|switch|p1a: Flamigo|Flamigo, F|100\/100\n|-copyboost|p1a: Flamigo|p1b: Eevee|[from] ability: Costar\n|move|p1b: Eevee|Protect|p1b: Eevee\n|-singleturn|p1b: Eevee|Protect\n|move|p2a: Shaymin|Dazzling Gleam|p1b: Eevee|[spread] p1a\n|-activate|p1b: Eevee|move: Protect\n|-supereffective|p1a: Flamigo\n|-damage|p1a: Flamigo|71\/100\n|move|p2b: Landorus|Earthquake|p1b: Eevee|[spread] \n|-activate|p1b: Eevee|move: Protect\n|-immune|p2a: Shaymin\n|-immune|p1a: Flamigo\n|\n|upkeep\n|turn|4\n|\n|t:|1697807592\n|switch|p1b: Cresselia|Cresselia, F|100\/100\n|move|p1a: Flamigo|Endure|p1a: Flamigo\n|-singleturn|p1a: Flamigo|move: Endure\n|-zpower|p2a: Shaymin\n|move|p2a: Shaymin|Twinkle Tackle|p1a: Flamigo|[zeffect]\n|-supereffective|p1a: Flamigo\n|-activate|p1a: Flamigo|move: Endure\n|-damage|p1a: Flamigo|1\/100\n|-enditem|p1a: Flamigo|Liechi Berry|[eat]\n|-boost|p1a: Flamigo|atk|1|[from] item: Liechi Berry\n|move|p2b: Landorus|U-turn|p1b: Cresselia\n|-supereffective|p1b: Cresselia\n|-crit|p1b: Cresselia\n|-damage|p1b: Cresselia|44\/100\n|inactive|Meanest sho'nuff has 120 seconds left.\n|\n|t:|1697807629\n|switch|p2b: Weezing|Weezing-Galar, F|100\/100|[from] U-turn\n|-ability|p2b: Weezing|Neutralizing Gas\n|\n|-heal|p1b: Cresselia|50\/100|[from] item: Leftovers\n|-sideend|p2: Meanest sho'nuff|move: Tailwind\n|upkeep\n|turn|5\n|inactive|Meanest sho'nuff has 120 seconds left.\n|\n|t:|1697807649\n|switch|p2a: Landorus|Landorus-Therian, M, tera:Ground|51\/100\n|move|p1b: Cresselia|Ally Switch|p1b: Cresselia\n|swap|p1b: Cresselia|0|[from] move: Ally Switch\n|move|p1b: Flamigo|Acrobatics|p2a: Landorus\n|-damage|p2a: Landorus|0 fnt\n|faint|p2a: Landorus\n|move|p2b: Weezing|Toxic|p1a: Cresselia\n|-status|p1a: Cresselia|tox\n|\n|-heal|p1a: Cresselia|56\/100 tox|[from] item: Leftovers\n|-damage|p1a: Cresselia|50\/100 tox|[from] psn\n|-fieldend|move: Psychic Terrain\n|upkeep\n|\n|t:|1697807663\n|switch|p2a: Blaziken|Blaziken, M|100\/100\n|turn|6\n|inactive|Meanest sho'nuff has 120 seconds left.\n|\n|t:|1697807679\n|move|p1b: Flamigo|Endure|p1b: Flamigo\n|-singleturn|p1b: Flamigo|move: Endure\n|move|p2a: Blaziken|Protect|p2a: Blaziken\n|-singleturn|p2a: Blaziken|Protect\n|move|p1a: Cresselia|Psych Up|p1b: Flamigo\n|-copyboost|p1a: Cresselia|p1b: Flamigo|[from] move: Psych Up\n|move|p2b: Weezing|Toxic|p1a: Cresselia\n|-fail|p1a: Cresselia|tox\n|\n|-heal|p1a: Cresselia|56\/100 tox|[from] item: Leftovers\n|-damage|p1a: Cresselia|44\/100 tox|[from] psn\n|upkeep\n|turn|7\n|\n|t:|1697807696\n|switch|p2a: Type: Null|Type: Null|100\/100\n|move|p1b: Flamigo|Acrobatics|p2b: Weezing\n|-damage|p2b: Weezing|39\/100\n|move|p1a: Cresselia|Dazzling Gleam|p2a: Type: Null|[spread] p2a,p2b\n|-resisted|p2b: Weezing\n|-damage|p2a: Type: Null|86\/100\n|-damage|p2b: Weezing|21\/100\n|move|p2b: Weezing|Strange Steam|p1b: Flamigo\n|-supereffective|p1b: Flamigo\n|-damage|p1b: Flamigo|0 fnt\n|faint|p1b: Flamigo\n|\n|-heal|p1a: Cresselia|50\/100 tox|[from] item: Leftovers\n|-heal|p2b: Weezing|27\/100|[from] item: Leftovers\n|-damage|p1a: Cresselia|32\/100 tox|[from] psn\n|upkeep\n|\n|t:|1697807709\n|switch|p1b: Indeedee|Indeedee-F, F|37\/100\n|turn|8\n|\n|t:|1697807722\n|move|p2b: Weezing|Protect|p2b: Weezing\n|-singleturn|p2b: Weezing|Protect\n|move|p1a: Cresselia|Lunar Blessing|p1a: Cresselia|[spread] p1a,p1b\n|-heal|p1a: Cresselia|56\/100 tox\n|-curestatus|p1a: Cresselia|tox|[msg]\n|-heal|p1b: Indeedee|62\/100\n|move|p1b: Indeedee|Psych Up|p1a: Cresselia\n|-copyboost|p1b: Indeedee|p1a: Cresselia|[from] move: Psych Up\n|move|p2a: Type: Null|Return|p1b: Indeedee\n|-damage|p1b: Indeedee|35\/100\n|\n|-heal|p1a: Cresselia|63\/100|[from] item: Leftovers\n|-heal|p2b: Weezing|33\/100|[from] item: Leftovers\n|upkeep\n|turn|9\n|\n|t:|1697807747\n|move|p1a: Cresselia|Lunar Blessing|p1a: Cresselia|[spread] p1a,p1b\n|-heal|p1a: Cresselia|87\/100\n|-heal|p1b: Indeedee|60\/100\n|move|p1b: Indeedee|Expanding Force|p2b: Weezing\n|-supereffective|p2b: Weezing\n|-crit|p2b: Weezing\n|-damage|p2b: Weezing|0 fnt\n|faint|p2b: Weezing\n|-end|p2b: Weezing|ability: Neutralizing Gas\n|-fieldstart|move: Psychic Terrain|[from] ability: Psychic Surge|[of] p1b: Indeedee\n|move|p2a: Type: Null|Swords Dance|p2a: Type: Null\n|-boost|p2a: Type: Null|atk|2\n|\n|-heal|p1a: Cresselia|94\/100|[from] item: Leftovers\n|upkeep\n|inactive|Meanest sho'nuff has 120 seconds left.\n|\n|t:|1697807760\n|switch|p2b: Blastoise|Blastoise, F|100\/100\n|turn|10\n|\n|t:|1697807770\n|detailschange|p2b: Blastoise|Blastoise-Mega, F\n|-mega|p2b: Blastoise|Blastoise|Blastoisinite\n|move|p1a: Cresselia|Ally Switch|p1a: Cresselia\n|swap|p1a: Cresselia|1|[from] move: Ally Switch\n|move|p1a: Indeedee|Expanding Force|p2b: Blastoise|[spread] p2a,p2b\n|-damage|p2a: Type: Null|35\/100\n|-damage|p2b: Blastoise|24\/100\n|move|p2b: Blastoise|Dragon Pulse|p1b: Cresselia\n|-damage|p1b: Cresselia|78\/100\n|move|p2a: Type: Null|Return|p1b: Cresselia\n|-damage|p1b: Cresselia|46\/100\n|\n|-heal|p1b: Cresselia|52\/100|[from] item: Leftovers\n|upkeep\n|turn|11\n|-message|Meanest sho'nuff forfeited.\n|\n|win|u lost da game\n|raw|u lost da game's rating: 1157 &rarr; <strong>1190<\/strong><br \/>(+33 for winning)\n|raw|Meanest sho&apos;nuff's rating: 1267 &rarr; <strong>1234<\/strong><br \/>(-33 for losing)\n|l|\u2606Meanest sho'nuff\n|j|\u2606Meanest sho'nuff\n|player|p2|Meanest sho'nuff|cynthia\n|l|\u2606Meanest sho'nuff\n|player|p2|\n|c|\u2606u lost da game|gg\n","uploadtime":1697807809,"views":10,"p1id":"ulostdagame","p2id":"meanestshonuff","formatid":"gen9nationaldexdoubles","rating":1190,"private":0,"password":""}