{"id":"gen9nationaldexdoubles-1981028151","p1":"DarmanitanDLuffy","p2":"AdvancedDigit","format":"[Gen 9] National Dex Doubles","log":"|j|\u2606DarmanitanDLuffy\n|j|\u2606AdvancedDigit\n|t:|1698857914\n|gametype|doubles\n|player|p1|DarmanitanDLuffy|lusamine-nihilego|1167\n|player|p2|AdvancedDigit|hilbert|1258\n|teamsize|p1|6\n|teamsize|p2|6\n|gen|9\n|tier|[Gen 9] National Dex Doubles\n|rated|\n|rule|HP Percentage Mod: HP is shown in percentages\n|rule|Endless Battle Clause: Forcing endless battles is banned\n|rule|OHKO Clause: OHKO moves are banned\n|rule|Evasion Moves Clause: Evasion moves are banned\n|rule|Evasion Abilities Clause: Evasion abilities are banned\n|rule|Species Clause: Limit one of each Pok\u00e9mon\n|rule|Gravity Sleep Clause: The combination of sleep-inducing moves with imperfect accuracy and Gravity or Gigantamax Orbeetle are banned\n|clearpoke\n|poke|p1|Charizard, F|\n|poke|p1|Chi-Yu|\n|poke|p1|Flutter Mane|\n|poke|p1|Ogerpon-Hearthflame, F|\n|poke|p1|Rillaboom, F|\n|poke|p1|Walking Wake|\n|poke|p2|Lilligant-Hisui, F|\n|poke|p2|Tornadus, M|\n|poke|p2|Malamar, M|\n|poke|p2|Gothitelle, F|\n|poke|p2|Charizard, F|\n|poke|p2|Garchomp, M|\n|teampreview\n|\n|t:|1698857920\n|start\n|switch|p1a: Charizard|Charizard, F|100\/100\n|switch|p1b: Chi-Yu|Chi-Yu|100\/100\n|switch|p2a: Garchomp|Garchomp, M|100\/100\n|switch|p2b: Tornadus|Tornadus, M|100\/100\n|-ability|p1b: Chi-Yu|Beads of Ruin\n|turn|1\n|inactive|Battle timer is ON: inactive players will automatically lose when time's up. (requested by AdvancedDigit)\n|inactive|DarmanitanDLuffy has 120 seconds left.\n|\n|t:|1698857988\n|switch|p1b: Rillaboom|Rillaboom, F|100\/100\n|-fieldstart|move: Grassy Terrain|[from] ability: Grassy Surge|[of] p1b: Rillaboom\n|detailschange|p1a: Charizard|Charizard-Mega-Y, F\n|-mega|p1a: Charizard|Charizard|Charizardite Y\n|-weather|SunnyDay|[from] ability: Drought|[of] p1a: Charizard\n|move|p2b: Tornadus|Icy Wind|p1a: Charizard|[spread] p1a,p1b\n|-supereffective|p1b: Rillaboom\n|-damage|p1a: Charizard|86\/100\n|-damage|p1b: Rillaboom|79\/100\n|-unboost|p1a: Charizard|spe|1\n|-unboost|p1b: Rillaboom|spe|1\n|move|p2a: Garchomp|Earthquake|p1b: Rillaboom|[spread] p1b\n|-immune|p2b: Tornadus\n|-immune|p1a: Charizard\n|-resisted|p1b: Rillaboom\n|-damage|p1b: Rillaboom|71\/100\n|move|p1a: Charizard|Heat Wave|p2a: Garchomp|[spread] p2b\n|-miss|p1a: Charizard|p2a: Garchomp\n|-damage|p2b: Tornadus|11\/100\n|\n|-weather|SunnyDay|[upkeep]\n|-heal|p2b: Tornadus|17\/100|[from] item: Leftovers\n|-heal|p1b: Rillaboom|77\/100|[from] Grassy Terrain\n|upkeep\n|turn|2\n|\n|t:|1698858015\n|move|p2b: Tornadus|Bleakwind Storm|p1a: Charizard|[spread] p1a,p1b\n|-supereffective|p1b: Rillaboom\n|-damage|p1a: Charizard|50\/100\n|-damage|p1b: Rillaboom|15\/100\n|move|p2a: Garchomp|Dragon Claw|p1a: Charizard\n|-damage|p1a: Charizard|0 fnt\n|faint|p1a: Charizard\n|move|p1b: Rillaboom|Wood Hammer|p2a: Garchomp\n|-damage|p2a: Garchomp|25\/100\n|-damage|p1b: Rillaboom|3\/100|[from] ability: Rough Skin|[of] p2a: Garchomp\n|-damage|p1b: Rillaboom|0 fnt|[from] Recoil\n|faint|p1b: Rillaboom\n|\n|-weather|SunnyDay|[upkeep]\n|-heal|p2b: Tornadus|23\/100|[from] item: Leftovers\n|-heal|p2a: Garchomp|32\/100|[from] Grassy Terrain\n|upkeep\n|inactive|DarmanitanDLuffy has 120 seconds left.\n|\n|t:|1698858035\n|switch|p1a: Chi-Yu|Chi-Yu|100\/100\n|switch|p1b: Walking Wake|Walking Wake|100\/100\n|-ability|p1a: Chi-Yu|Beads of Ruin\n|-activate|p1b: Walking Wake|ability: Protosynthesis\n|-start|p1b: Walking Wake|protosynthesisspe\n|turn|3\n|\n|t:|1698858049\n|move|p2b: Tornadus|Tailwind|p2b: Tornadus\n|-sidestart|p2: AdvancedDigit|move: Tailwind\n|move|p2a: Garchomp|Earthquake|p1a: Chi-Yu|[spread] p1a,p1b\n|-immune|p2b: Tornadus\n|-supereffective|p1a: Chi-Yu\n|-damage|p1a: Chi-Yu|10\/100\n|-damage|p1b: Walking Wake|79\/100\n|move|p1b: Walking Wake|Hydro Steam|p2a: Garchomp\n|-damage|p2a: Garchomp|0 fnt\n|faint|p2a: Garchomp\n|move|p1a: Chi-Yu|Heat Wave|p2b: Tornadus|[miss]\n|-miss|p1a: Chi-Yu|p2b: Tornadus\n|\n|-weather|SunnyDay|[upkeep]\n|-heal|p2b: Tornadus|29\/100|[from] item: Leftovers\n|-heal|p1b: Walking Wake|85\/100|[from] Grassy Terrain\n|-heal|p1a: Chi-Yu|16\/100|[from] Grassy Terrain\n|upkeep\n|\n|t:|1698858063\n|switch|p2a: Lilligant|Lilligant-Hisui, F|100\/100\n|turn|4\n|\n|t:|1698858075\n|-terastallize|p2a: Lilligant|Grass\n|move|p2a: Lilligant|Leaf Blade|p1b: Walking Wake\n|-damage|p1b: Walking Wake|3\/100\n|move|p2b: Tornadus|Bleakwind Storm|p1a: Chi-Yu|[spread] p1a,p1b\n|-damage|p1a: Chi-Yu|0 fnt\n|-damage|p1b: Walking Wake|0 fnt\n|faint|p1a: Chi-Yu\n|faint|p1b: Walking Wake\n|-end|p1b: Walking Wake|Protosynthesis|[silent]\n|\n|-weather|SunnyDay|[upkeep]\n|-heal|p2b: Tornadus|35\/100|[from] item: Leftovers\n|upkeep\n|c|\u2606AdvancedDigit|1236 speed LMAO\n|\n|t:|1698858094\n|switch|p1b: Ogerpon|Ogerpon-Hearthflame, F|100\/100\n|switch|p1a: Flutter Mane|Flutter Mane|100\/100\n|-activate|p1a: Flutter Mane|ability: Protosynthesis\n|-start|p1a: Flutter Mane|protosynthesisspe\n|-ability|p1b: Ogerpon|Mold Breaker\n|turn|5\n|c|\u2606DarmanitanDLuffy|well damn\n|\n|t:|1698858114\n|move|p2a: Lilligant|Leaf Blade|p1a: Flutter Mane\n|-damage|p1a: Flutter Mane|0 fnt\n|faint|p1a: Flutter Mane\n|-end|p1a: Flutter Mane|Protosynthesis|[silent]\n|move|p2b: Tornadus|Bleakwind Storm|p1b: Ogerpon\n|-supereffective|p1b: Ogerpon\n|-damage|p1b: Ogerpon|0 fnt\n|faint|p1b: Ogerpon\n|\n|win|AdvancedDigit\n|raw|DarmanitanDLuffy's rating: 1167 &rarr; <strong>1148<\/strong><br \/>(-19 for losing)\n|raw|AdvancedDigit's rating: 1258 &rarr; <strong>1277<\/strong><br \/>(+19 for winning)\n|l|\u2606DarmanitanDLuffy\n|c|\u2606AdvancedDigit|gg\n","uploadtime":1698858123,"views":10,"p1id":"darmanitandluffy","p2id":"advanceddigit","formatid":"gen9nationaldexdoubles","rating":1148,"private":0,"password":""}