{"id":"gen9nationaldexdoubles-1959585047","p1":"RandomUsername129","p2":"Spooooky Gorl","format":"[Gen 9] National Dex Doubles","log":"|j|\u2606RandomUsername129\n|j|\u2606Spooooky Gorl\n|t:|1696439287\n|gametype|doubles\n|player|p1|RandomUsername129|265|\n|player|p2|Spooooky Gorl|shauntal|\n|teamsize|p1|6\n|teamsize|p2|6\n|gen|9\n|tier|[Gen 9] National Dex Doubles\n|rule|HP Percentage Mod: HP is shown in percentages\n|rule|Endless Battle Clause: Forcing endless battles is banned\n|rule|OHKO Clause: OHKO moves are banned\n|rule|Evasion Moves Clause: Evasion moves are banned\n|rule|Evasion Abilities Clause: Evasion abilities are banned\n|rule|Species Clause: Limit one of each Pok\u00e9mon\n|rule|Gravity Sleep Clause: The combination of sleep-inducing moves with imperfect accuracy and Gravity or Gigantamax Orbeetle are banned\n|clearpoke\n|poke|p1|Vanilluxe, F|\n|poke|p1|Altaria, M|\n|poke|p1|Whiscash, M|\n|poke|p1|Spiritomb, F|\n|poke|p1|Avalugg, M|\n|poke|p1|Garchomp, F|\n|poke|p2|Milotic, F|\n|poke|p2|Dragapult, M|\n|poke|p2|Aurorus, F|\n|poke|p2|Aegislash, M|\n|poke|p2|Gourgeist-*, F|\n|poke|p2|Kingambit, M|\n|teampreview\n|\n|t:|1696439328\n|start\n|switch|p1a: Spiritomb|Spiritomb, F, shiny|100\/100\n|switch|p1b: Avalugg|Avalugg, M, shiny|100\/100\n|switch|p2a: Gourgeous|Gourgeist-Super, F, shiny|100\/100\n|switch|p2b: Danger Plate|Aegislash, M, shiny|100\/100\n|-item|p1a: Spiritomb|Mental Herb|[from] ability: Frisk|[of] p2a: Gourgeous|[identify]\n|-item|p1b: Avalugg|Heavy-Duty Boots|[from] ability: Frisk|[of] p2a: Gourgeous|[identify]\n|turn|1\n|\n|t:|1696439411\n|switch|p1b: Vanilluxe|Vanilluxe, F, shiny|100\/100\n|-weather|Snow|[from] ability: Snow Warning|[of] p1b: Vanilluxe\n|-formechange|p2b: Danger Plate|Aegislash-Blade||[from] ability: Stance Change\n|move|p2b: Danger Plate|Flash Cannon|p1b: Vanilluxe\n|-supereffective|p1b: Vanilluxe\n|-enditem|p1b: Vanilluxe|Focus Sash\n|-damage|p1b: Vanilluxe|1\/100\n|-unboost|p1b: Vanilluxe|spd|1\n|move|p2a: Gourgeous|Power Whip|p1a: Spiritomb\n|-damage|p1a: Spiritomb|64\/100\n|move|p1a: Spiritomb|Trick Room|p1a: Spiritomb\n|-fieldstart|move: Trick Room|[of] p1a: Spiritomb\n|\n|-weather|Snow|[upkeep]\n|upkeep\n|turn|2\n|\n|t:|1696439460\n|move|p1a: Spiritomb|Shadow Ball|p2a: Gourgeous\n|-supereffective|p2a: Gourgeous\n|-damage|p2a: Gourgeous|44\/100\n|move|p2a: Gourgeous|Poltergeist|p1a: Spiritomb\n|-activate|p1a: Spiritomb|move: Poltergeist|Mental Herb\n|-damage|p1a: Spiritomb|26\/100\n|move|p2b: Danger Plate|Shadow Ball|p1b: Vanilluxe\n|-damage|p1b: Vanilluxe|0 fnt\n|faint|p1b: Vanilluxe\n|\n|-weather|Snow|[upkeep]\n|-heal|p2a: Gourgeous|50\/100|[from] item: Leftovers\n|upkeep\n|\n|t:|1696439490\n|switch|p1b: Whiscash|Whiscash, M, shiny|100\/100\n|turn|3\n|\n|t:|1696439522\n|move|p1a: Spiritomb|Will-O-Wisp|p2b: Danger Plate\n|-status|p2b: Danger Plate|brn\n|move|p2a: Gourgeous|Giga Drain|p1b: Whiscash\n|-supereffective|p1b: Whiscash\n|-damage|p1b: Whiscash|27\/100\n|-heal|p2a: Gourgeous|99\/100|[from] drain|[of] p1b: Whiscash\n|move|p2b: Danger Plate|Shadow Ball|p1a: Spiritomb\n|-damage|p1a: Spiritomb|0 fnt\n|faint|p1a: Spiritomb\n|move|p1b: Whiscash|Surf|p2b: Danger Plate|[spread] p2a,p2b\n|-resisted|p2a: Gourgeous\n|-damage|p2a: Gourgeous|91\/100\n|-damage|p2b: Danger Plate|75\/100 brn\n|\n|-weather|Snow|[upkeep]\n|-heal|p2a: Gourgeous|97\/100|[from] item: Leftovers\n|-heal|p1b: Whiscash|33\/100|[from] item: Leftovers\n|-damage|p2b: Danger Plate|69\/100 brn|[from] brn\n|upkeep\n|\n|t:|1696439571\n|switch|p1a: Avalugg|Avalugg, M, shiny|100\/100\n|turn|4\n|\n|t:|1696439592\n|move|p1b: Whiscash|Protect|p1b: Whiscash\n|-singleturn|p1b: Whiscash|Protect\n|move|p1a: Avalugg|Ice Spinner|p2a: Gourgeous\n|-supereffective|p2a: Gourgeous\n|-damage|p2a: Gourgeous|42\/100\n|move|p2a: Gourgeous|Giga Drain|p1b: Whiscash\n|-activate|p1b: Whiscash|move: Protect\n|move|p2b: Danger Plate|Flash Cannon|p1a: Avalugg\n|-supereffective|p1a: Avalugg\n|-ability|p1a: Avalugg|Sturdy\n|-damage|p1a: Avalugg|1\/100\n|\n|-weather|Snow|[upkeep]\n|-heal|p2a: Gourgeous|48\/100|[from] item: Leftovers\n|-heal|p1b: Whiscash|39\/100|[from] item: Leftovers\n|-damage|p2b: Danger Plate|63\/100 brn|[from] brn\n|upkeep\n|turn|5\n|\n|t:|1696439625\n|move|p1b: Whiscash|Protect|p1b: Whiscash\n|-singleturn|p1b: Whiscash|Protect\n|move|p1a: Avalugg|Ice Spinner|p2a: Gourgeous\n|-supereffective|p2a: Gourgeous\n|-damage|p2a: Gourgeous|0 fnt\n|faint|p2a: Gourgeous\n|move|p2b: Danger Plate|Flash Cannon|p1a: Avalugg\n|-supereffective|p1a: Avalugg\n|-damage|p1a: Avalugg|0 fnt\n|faint|p1a: Avalugg\n|\n|-weather|none\n|-heal|p1b: Whiscash|45\/100|[from] item: Leftovers\n|-damage|p2b: Danger Plate|57\/100 brn|[from] brn\n|-fieldend|move: Trick Room\n|upkeep\n|\n|t:|1696439653\n|switch|p2a: Rory|Aurorus, F, shiny|100\/100\n|switch|p1a: Garchomp|Garchomp, F, shiny|100\/100\n|turn|6\n|\n|t:|1696439662\n|switch|p1b: Altaria|Altaria, M, shiny|100\/100\n|-ability|p1b: Altaria|Cloud Nine\n|move|p1a: Garchomp|Earthquake|p2b: Danger Plate|[spread] p2a,p2b\n|-immune|p1b: Altaria\n|-supereffective|p2a: Rory\n|-supereffective|p2b: Danger Plate\n|-crit|p2b: Danger Plate\n|-damage|p2a: Rory|20\/100\n|-damage|p2b: Danger Plate|0 fnt\n|faint|p2b: Danger Plate\n|move|p2a: Rory|Stone Edge|p1b: Altaria|[miss]\n|-miss|p2a: Rory|p1b: Altaria\n|\n|upkeep\n|\n|t:|1696439680\n|switch|p2b: Mother of Dragons|Dragapult, M|100\/100\n|turn|7\n|\n|t:|1696439700\n|move|p1a: Garchomp|Earthquake|p2a: Rory|[spread] p2a,p2b\n|-immune|p1b: Altaria\n|-supereffective|p2a: Rory\n|-damage|p2a: Rory|0 fnt\n|-damage|p2b: Mother of Dragons|55\/100\n|faint|p2a: Rory\n|move|p2b: Mother of Dragons|Dragon Darts|p1a: Garchomp\n|-supereffective|p1a: Garchomp\n|-damage|p1a: Garchomp|61\/100\n|-anim|p2b: Mother of Dragons|Dragon Darts|p1b: Altaria\n|-supereffective|p1b: Altaria\n|-damage|p1b: Altaria|52\/100\n|move|p1b: Altaria|Will-O-Wisp|p2b: Mother of Dragons\n|-status|p2b: Mother of Dragons|brn\n|\n|-damage|p2b: Mother of Dragons|49\/100 brn|[from] brn\n|upkeep\n|\n|t:|1696439715\n|switch|p2a: Tickled Pink|Milotic, F|100\/100\n|turn|8\n|\n|t:|1696439729\n|move|p1a: Garchomp|Earthquake|p2a: Tickled Pink|[spread] p2a,p2b\n|-immune|p1b: Altaria\n|-damage|p2a: Tickled Pink|67\/100\n|-damage|p2b: Mother of Dragons|1\/100 brn\n|move|p2b: Mother of Dragons|Dragon Darts|p1a: Garchomp\n|-supereffective|p1a: Garchomp\n|-damage|p1a: Garchomp|44\/100\n|-anim|p2b: Mother of Dragons|Dragon Darts|p1b: Altaria\n|-supereffective|p1b: Altaria\n|-crit|p1b: Altaria\n|-damage|p1b: Altaria|19\/100\n|move|p1b: Altaria|Roost|p1b: Altaria\n|-heal|p1b: Altaria|70\/100\n|-singleturn|p1b: Altaria|move: Roost\n|move|p2a: Tickled Pink|Icy Wind|p1a: Garchomp|[spread] p1a,p1b\n|-supereffective|p1a: Garchomp\n|-supereffective|p1b: Altaria\n|-crit|p1b: Altaria\n|-damage|p1a: Garchomp|1\/100\n|-damage|p1b: Altaria|39\/100\n|-unboost|p1a: Garchomp|spe|1\n|-unboost|p1b: Altaria|spe|1\n|\n|-damage|p2b: Mother of Dragons|0 fnt|[from] brn\n|faint|p2b: Mother of Dragons\n|upkeep\n|\n|t:|1696439749\n|switch|p2b: Chesster|Kingambit, M|100\/100\n|-activate|p2b: Chesster|ability: Supreme Overlord\n|-start|p2b: Chesster|fallen4|[silent]\n|turn|9\n|\n|t:|1696439771\n|move|p2b: Chesster|Sucker Punch|p1a: Garchomp\n|-damage|p1a: Garchomp|0 fnt\n|-damage|p2b: Chesster|88\/100|[from] ability: Rough Skin|[of] p1a: Garchomp\n|faint|p1a: Garchomp\n|move|p2a: Tickled Pink|Icy Wind|p1b: Altaria\n|-supereffective|p1b: Altaria\n|-damage|p1b: Altaria|0 fnt\n|faint|p1b: Altaria\n|\n|upkeep\n|\n|t:|1696439788\n|switch|p1b: Whiscash|Whiscash, M, shiny|45\/100\n|turn|10\n|\n|t:|1696439809\n|move|p2a: Tickled Pink|Recover|p2a: Tickled Pink\n|-heal|p2a: Tickled Pink|100\/100\n|move|p1b: Whiscash|Earthquake|p2a: Tickled Pink|[spread] p2a,p2b\n|-supereffective|p2b: Chesster\n|-damage|p2a: Tickled Pink|87\/100\n|-damage|p2b: Chesster|63\/100\n|move|p2b: Chesster|Kowtow Cleave|p1b: Whiscash\n|-damage|p1b: Whiscash|0 fnt\n|faint|p1b: Whiscash\n|\n|win|Spooooky Gorl\n","uploadtime":1696439822,"views":12,"p1id":"randomusername129","p2id":"spooookygorl","formatid":"gen9nationaldexdoubles","rating":0,"private":0,"password":""}