{"id":"gen9nationaldexdoubles-1977157837","p1":"ANinjaDude","p2":"banhippopotas","format":"[Gen 9] National Dex Doubles","log":"|j|\u2606ANinjaDude\n|j|\u2606banhippopotas\n|t:|1698378631\n|gametype|doubles\n|player|p1|ANinjaDude|volkner|\n|player|p2|banhippopotas|169|\n|teamsize|p1|3\n|teamsize|p2|4\n|gen|9\n|tier|[Gen 9] National Dex Doubles\n|rule|HP Percentage Mod: HP is shown in percentages\n|rule|Endless Battle Clause: Forcing endless battles is banned\n|rule|OHKO Clause: OHKO moves are banned\n|rule|Evasion Moves Clause: Evasion moves are banned\n|rule|Evasion Abilities Clause: Evasion abilities are banned\n|rule|Species Clause: Limit one of each Pok\u00e9mon\n|rule|Gravity Sleep Clause: The combination of sleep-inducing moves with imperfect accuracy and Gravity or Gigantamax Orbeetle are banned\n|clearpoke\n|poke|p1|Charizard, F|\n|poke|p1|Blastoise, M|\n|poke|p1|Venusaur, F|\n|poke|p2|Amoonguss, F|\n|poke|p2|Chien-Pao|\n|poke|p2|Armarouge, F|\n|poke|p2|Cresselia, F|\n|teampreview\n|inactive|Battle timer is ON: inactive players will automatically lose when time's up. (requested by ANinjaDude)\n|\n|t:|1698378640\n|start\n|switch|p1a: Charizard|Charizard, F|100\/100\n|switch|p1b: Blastoise|Blastoise, M|100\/100\n|switch|p2a: Amoonguss|Amoonguss, F|100\/100\n|switch|p2b: Chien-Pao|Chien-Pao|100\/100\n|-ability|p2b: Chien-Pao|Sword of Ruin\n|turn|1\n|\n|t:|1698378648\n|move|p2b: Chien-Pao|Crunch|p1a: Charizard\n|-damage|p1a: Charizard|45\/100\n|move|p1a: Charizard|Fire Pledge|p2b: Chien-Pao\n|-waiting|p1a: Charizard|p1b: Blastoise\n|move|p1b: Blastoise|Water Pledge|p2a: Amoonguss|[from]move: Fire Pledge\n|-combine\n|-resisted|p2a: Amoonguss\n|-damage|p2a: Amoonguss|74\/100\n|-sidestart|p1: ANinjaDude|Water Pledge\n|move|p2a: Amoonguss|Spore|p2b: Chien-Pao\n|-status|p2b: Chien-Pao|slp|[from] move: Spore\n|\n|upkeep\n|turn|2\n|\n|t:|1698378676\n|switch|p1a: Venusaur|Venusaur, F|100\/100\n|cant|p2b: Chien-Pao|slp\n|move|p1b: Blastoise|Water Pledge|p1a: Venusaur\n|-resisted|p1a: Venusaur\n|-damage|p1a: Venusaur|88\/100\n|move|p2a: Amoonguss|Spore|p2b: Chien-Pao\n|-fail|p2b: Chien-Pao|slp\n|\n|upkeep\n|turn|3\n|\n|t:|1698378690\n|cant|p2b: Chien-Pao|slp\n|move|p1a: Venusaur|Grass Pledge|p2a: Amoonguss\n|-waiting|p1a: Venusaur|p1b: Blastoise\n|move|p1b: Blastoise|Water Pledge|p2a: Amoonguss|[from]move: Grass Pledge\n|-combine\n|-resisted|p2a: Amoonguss\n|-damage|p2a: Amoonguss|61\/100\n|-sidestart|p2: banhippopotas|Grass Pledge\n|move|p2a: Amoonguss|Spore|p1a: Venusaur\n|-immune|p1a: Venusaur\n|\n|upkeep\n|turn|4\n|\n|t:|1698378713\n|switch|p1b: Charizard|Charizard, F|45\/100\n|move|p1a: Venusaur|Grass Pledge|p1b: Charizard\n|-resisted|p1b: Charizard\n|-damage|p1b: Charizard|37\/100\n|cant|p2b: Chien-Pao|slp\n|move|p2a: Amoonguss|Spore|p2b: Chien-Pao\n|-fail|p2b: Chien-Pao|slp\n|\n|-sideend|p1: ANinjaDude|Water Pledge\n|upkeep\n|turn|5\n|\n|t:|1698378721\n|move|p1b: Charizard|Fire Pledge|p2b: Chien-Pao\n|-waiting|p1b: Charizard|p1a: Venusaur\n|move|p1a: Venusaur|Grass Pledge|p2a: Amoonguss|[from]move: Fire Pledge\n|-combine\n|-supereffective|p2a: Amoonguss\n|-damage|p2a: Amoonguss|0 fnt\n|-sidestart|p2: banhippopotas|Fire Pledge\n|faint|p2a: Amoonguss\n|-curestatus|p2b: Chien-Pao|slp|[msg]\n|move|p2b: Chien-Pao|Crunch|p2: Amoonguss|[notarget]\n|-fail|p2b: Chien-Pao\n|\n|-damage|p2b: Chien-Pao|88\/100|[from] Fire Pledge\n|upkeep\n|-message|banhippopotas forfeited.\n|\n|win|ANinjaDude\n","uploadtime":1698378743,"views":8,"p1id":"aninjadude","p2id":"banhippopotas","formatid":"gen9nationaldexdoubles","rating":0,"private":0,"password":""}