{"id":"gen9nationaldexdoubles-1991730446","p1":"Lewoise","p2":"Marlene 420","format":"[Gen 9] National Dex Doubles","log":"|j|\u2606Lewoise\n|j|\u2606Marlene 420\n|t:|1700108049\n|gametype|doubles\n|player|p1|Lewoise|acerola-masters|1183\n|player|p2|Marlene 420|cheryl|1251\n|teamsize|p1|6\n|teamsize|p2|6\n|gen|9\n|tier|[Gen 9] National Dex Doubles\n|rated|\n|rule|HP Percentage Mod: HP is shown in percentages\n|rule|Endless Battle Clause: Forcing endless battles is banned\n|rule|OHKO Clause: OHKO moves are banned\n|rule|Evasion Moves Clause: Evasion moves are banned\n|rule|Evasion Abilities Clause: Evasion abilities are banned\n|rule|Species Clause: Limit one of each Pok\u00e9mon\n|rule|Gravity Sleep Clause: The combination of sleep-inducing moves with imperfect accuracy and Gravity or Gigantamax Orbeetle are banned\n|clearpoke\n|poke|p1|Togekiss, F|\n|poke|p1|Blacephalon|\n|poke|p1|Dachsbun, F|\n|poke|p1|Arboliva, F|\n|poke|p1|Veluza, F|\n|poke|p1|Alomomola, F|\n|poke|p2|Pheromosa|\n|poke|p2|Diancie|\n|poke|p2|Lopunny, F|\n|poke|p2|Gardevoir, F|\n|poke|p2|Meloetta|\n|poke|p2|Hatterene, F|\n|teampreview\n|\n|t:|1700108061\n|start\n|switch|p1a: Blacephalon|Blacephalon, shiny|100\/100\n|switch|p1b: Dachsbun|Dachsbun, F|100\/100\n|switch|p2a: Lola|Lopunny, F, shiny|100\/100\n|switch|p2b: Melody|Meloetta|100\/100\n|turn|1\n|inactive|Battle timer is ON: inactive players will automatically lose when time's up. (requested by Marlene 420)\n|inactive|Marlene 420 has 120 seconds left.\n|\n|t:|1700108111\n|switch|p2a: Dianita|Diancie|100\/100\n|switch|p2b: Katherine|Hatterene, F|100\/100\n|move|p1a: Blacephalon|Mind Blown|p2b: Katherine|[spread] p2a,p2b\n|-ability|p1b: Dachsbun|Well-Baked Body|boost\n|-boost|p1b: Dachsbun|def|2\n|-resisted|p2a: Dianita\n|-damage|p2a: Dianita|69\/100\n|-damage|p2b: Katherine|36\/100\n|-damage|p1a: Blacephalon|50\/100|[from] mindblown\n|-damage|p1a: Blacephalon|41\/100|[from] item: Life Orb\n|move|p1b: Dachsbun|Body Press|p2a: Dianita\n|-damage|p2a: Dianita|43\/100\n|\n|-heal|p2a: Dianita|49\/100|[from] item: Leftovers\n|-heal|p2b: Katherine|42\/100|[from] item: Leftovers\n|upkeep\n|turn|2\n|\n|t:|1700108137\n|move|p1a: Blacephalon|Shadow Ball|p2b: Katherine\n|-supereffective|p2b: Katherine\n|-damage|p2b: Katherine|0 fnt\n|faint|p2b: Katherine\n|-ability|p1a: Blacephalon|Beast Boost|boost\n|-boost|p1a: Blacephalon|spa|1\n|-damage|p1a: Blacephalon|31\/100|[from] item: Life Orb\n|move|p1b: Dachsbun|Play Rough|p2a: Dianita|[miss]\n|-miss|p1b: Dachsbun|p2a: Dianita\n|move|p2a: Dianita|Diamond Storm|p1b: Dachsbun|[spread] p1a,p1b\n|-supereffective|p1a: Blacephalon\n|-damage|p1a: Blacephalon|0 fnt\n|-damage|p1b: Dachsbun|86\/100\n|-boost|p2a: Dianita|def|2\n|faint|p1a: Blacephalon\n|\n|-heal|p1b: Dachsbun|92\/100|[from] item: Leftovers\n|-heal|p2a: Dianita|55\/100|[from] item: Leftovers\n|upkeep\n|inactive|Marlene 420 has 120 seconds left.\n|\n|t:|1700108181\n|switch|p1a: Arboliva|Arboliva, F|100\/100\n|switch|p2b: Phersefone|Pheromosa, shiny|100\/100\n|turn|3\n|inactive|Marlene 420 has 120 seconds left.\n|inactive|Marlene 420 has 90 seconds left.\n|\n|t:|1700108239\n|move|p2b: Phersefone|High Jump Kick|p1a: Arboliva|[miss]\n|-miss|p2b: Phersefone|p1a: Arboliva\n|-damage|p2b: Phersefone|51\/100|[from] highjumpkick\n|move|p1b: Dachsbun|Play Rough|p2b: Phersefone\n|-supereffective|p2b: Phersefone\n|-damage|p2b: Phersefone|0 fnt\n|faint|p2b: Phersefone\n|move|p2a: Dianita|Diamond Storm|p1a: Arboliva|[spread] p1a,p1b\n|-damage|p1a: Arboliva|75\/100\n|-damage|p1b: Dachsbun|77\/100\n|move|p1a: Arboliva|Giga Drain|p2a: Dianita\n|-supereffective|p2a: Dianita\n|-crit|p2a: Dianita\n|-damage|p2a: Dianita|0 fnt\n|-heal|p1a: Arboliva|98\/100|[from] drain|[of] p2a: Dianita\n|faint|p2a: Dianita\n|\n|-heal|p1b: Dachsbun|83\/100|[from] item: Leftovers\n|upkeep\n|j| Chroma_Prime\n|\n|t:|1700108260\n|switch|p2b: Melody|Meloetta|100\/100\n|switch|p2a: Lola|Lopunny, F, shiny|100\/100\n|turn|4\n|\n|t:|1700108272\n|detailschange|p2a: Lola|Lopunny-Mega, F, shiny\n|-mega|p2a: Lola|Lopunny|Lopunnite\n|move|p2a: Lola|Fake Out|p1b: Dachsbun\n|-damage|p1b: Dachsbun|71\/100\n|cant|p1b: Dachsbun|flinch\n|move|p2b: Melody|Relic Song|p1b: Dachsbun|[spread] p1a,p1b\n|-crit|p1a: Arboliva\n|-damage|p1a: Arboliva|76\/100\n|-damage|p1b: Dachsbun|33\/100\n|-formechange|p2b: Melody|Meloetta-Pirouette|[msg]\n|move|p1a: Arboliva|Substitute|p1a: Arboliva\n|-start|p1a: Arboliva|Substitute\n|-damage|p1a: Arboliva|51\/100\n|\n|-heal|p1b: Dachsbun|39\/100|[from] item: Leftovers\n|upkeep\n|turn|5\n|inactive|Marlene 420 has 90 seconds left.\n|\n|t:|1700108312\n|switch|p2a: Gardenia|Gardevoir, F|100\/100\n|-ability|p2a: Gardenia|Well-Baked Body|[from] ability: Trace|[of] p1b: Dachsbun\n|move|p1a: Arboliva|Protect|p1a: Arboliva\n|-singleturn|p1a: Arboliva|Protect\n|move|p2b: Melody|Knock Off|p1b: Dachsbun\n|-resisted|p1b: Dachsbun\n|-damage|p1b: Dachsbun|29\/100\n|-enditem|p1b: Dachsbun|Leftovers|[from] move: Knock Off|[of] p2b: Melody\n|move|p1b: Dachsbun|Play Rough|p2a: Gardenia\n|-damage|p2a: Gardenia|46\/100\n|\n|upkeep\n|turn|6\n|inactive|Marlene 420 has 90 seconds left.\n|\n|t:|1700108335\n|move|p2a: Gardenia|Psychic|p1b: Dachsbun\n|-damage|p1b: Dachsbun|0 fnt\n|faint|p1b: Dachsbun\n|move|p2b: Melody|Ice Punch|p1a: Arboliva\n|-supereffective|p1a: Arboliva\n|-end|p1a: Arboliva|Substitute\n|move|p1a: Arboliva|Strength Sap|p2b: Melody\n|-unboost|p2b: Melody|atk|1\n|-heal|p1a: Arboliva|100\/100\n|\n|upkeep\n|l| Chroma_Prime\n|inactive|Lewoise has 120 seconds left.\n|\n|t:|1700108352\n|switch|p1b: Togekiss|Togekiss, F, shiny|100\/100\n|turn|7\n|\n|t:|1700108362\n|move|p2a: Gardenia|Psychic|p1b: Togekiss\n|-damage|p1b: Togekiss|62\/100\n|-zpower|p2b: Melody\n|move|p2b: Melody|Subzero Slammer|p1b: Togekiss|[zeffect]\n|-supereffective|p1b: Togekiss\n|-damage|p1b: Togekiss|11\/100\n|move|p1b: Togekiss|Air Slash|p2b: Melody\n|-supereffective|p2b: Melody\n|-damage|p2b: Melody|24\/100\n|move|p1a: Arboliva|Giga Drain|p2a: Gardenia\n|-damage|p2a: Gardenia|8\/100\n|\n|upkeep\n|turn|8\n|inactive|Marlene 420 has 120 seconds left.\n|\n|t:|1700108388\n|move|p2a: Gardenia|Psychic|p1b: Togekiss\n|-damage|p1b: Togekiss|0 fnt\n|faint|p1b: Togekiss\n|move|p2b: Melody|Ice Punch|p1a: Arboliva\n|-supereffective|p1a: Arboliva\n|-damage|p1a: Arboliva|63\/100\n|move|p1a: Arboliva|Substitute|p1a: Arboliva\n|-start|p1a: Arboliva|Substitute\n|-damage|p1a: Arboliva|38\/100\n|-enditem|p1a: Arboliva|Sitrus Berry|[eat]\n|-heal|p1a: Arboliva|63\/100|[from] item: Sitrus Berry\n|\n|-item|p1a: Arboliva|Sitrus Berry|[from] ability: Harvest\n|upkeep\n|inactive|Lewoise has 120 seconds left.\n|\n|t:|1700108403\n|switch|p1b: Alomomola|Alomomola, F, shiny|100\/100\n|turn|9\n|\n|t:|1700108417\n|switch|p2a: Lola|Lopunny-Mega, F, shiny|100\/100\n|move|p2b: Melody|Ice Punch|p1a: Arboliva\n|-supereffective|p1a: Arboliva\n|-end|p1a: Arboliva|Substitute\n|move|p1b: Alomomola|Knock Off|p2a: Lola\n|-resisted|p2a: Lola\n|-damage|p2a: Lola|92\/100\n|move|p1a: Arboliva|Giga Drain|p2b: Melody\n|-damage|p2b: Melody|0 fnt\n|-heal|p1a: Arboliva|74\/100|[from] drain|[of] p2b: Melody\n|faint|p2b: Melody\n|\n|upkeep\n|inactive|Marlene 420 has 120 seconds left.\n|\n|t:|1700108432\n|switch|p2b: Gardenia|Gardevoir, F|8\/100\n|-ability|p2b: Gardenia|Regenerator|[from] ability: Trace|[of] p1b: Alomomola\n|turn|10\n|\n|t:|1700108452\n|move|p2a: Lola|High Jump Kick|p1a: Arboliva\n|-supereffective|p1a: Arboliva\n|-damage|p1a: Arboliva|0 fnt\n|faint|p1a: Arboliva\n|move|p2b: Gardenia|Thunderbolt|p1b: Alomomola\n|-supereffective|p1b: Alomomola\n|-damage|p1b: Alomomola|17\/100\n|move|p1b: Alomomola|Knock Off|p2b: Gardenia\n|-damage|p2b: Gardenia|0 fnt\n|-enditem|p2b: Gardenia|Choice Scarf|[from] move: Knock Off|[of] p1b: Alomomola\n|faint|p2b: Gardenia\n|\n|upkeep\n|\n|t:|1700108463\n|switch|p1a: Veluza|Veluza, F|100\/100\n|turn|11\n|\n|t:|1700108473\n|move|p2a: Lola|Thunder Punch|p1a: Veluza\n|-supereffective|p1a: Veluza\n|-damage|p1a: Veluza|24\/100\n|-enditem|p1a: Veluza|Sitrus Berry|[eat]\n|-heal|p1a: Veluza|49\/100|[from] item: Sitrus Berry\n|move|p1a: Veluza|Fillet Away||[still]\n|-fail|p1a: Veluza\n|move|p1b: Alomomola|Heal Pulse|p1a: Veluza\n|-heal|p1a: Veluza|99\/100\n|\n|upkeep\n|turn|12\n|\n|t:|1700108488\n|move|p1a: Veluza|Aqua Jet|p2a: Lola\n|-damage|p2a: Lola|68\/100\n|move|p2a: Lola|Thunder Punch|p1b: Alomomola\n|-supereffective|p1b: Alomomola\n|-damage|p1b: Alomomola|0 fnt\n|-damage|p2a: Lola|52\/100|[from] item: Rocky Helmet|[of] p1b: Alomomola\n|faint|p1b: Alomomola\n|\n|upkeep\n|turn|13\n|\n|t:|1700108499\n|move|p2a: Lola|Thunder Punch|p1a: Veluza\n|-supereffective|p1a: Veluza\n|-crit|p1a: Veluza\n|-damage|p1a: Veluza|0 fnt\n|faint|p1a: Veluza\n|\n|win|Marlene 420\n|raw|Lewoise's rating: 1183 &rarr; <strong>1163<\/strong><br \/>(-20 for losing)\n|raw|Marlene 420's rating: 1251 &rarr; <strong>1271<\/strong><br \/>(+20 for winning)\n|l|\u2606Lewoise\n","uploadtime":1700108832,"views":6,"p1id":"lewoise","p2id":"marlene420","formatid":"gen9nationaldexdoubles","rating":1163,"private":0,"password":""}