{"id":"gen9nationaldexdoubles-1950234167","p1":"Immagamer","p2":"thundervoltss","format":"[Gen 9] National Dex Doubles","log":"|j|\u203dImmagamer\n|j|\u2606thundervoltss\n|t:|1695442284\n|gametype|doubles\n|player|p1|Immagamer|lucas|1245\n|player|p2|thundervoltss|volkner|1389\n|teamsize|p1|6\n|teamsize|p2|6\n|gen|9\n|tier|[Gen 9] National Dex Doubles\n|rated|\n|rule|HP Percentage Mod: HP is shown in percentages\n|rule|Endless Battle Clause: Forcing endless battles is banned\n|rule|OHKO Clause: OHKO moves are banned\n|rule|Evasion Moves Clause: Evasion moves are banned\n|rule|Evasion Abilities Clause: Evasion abilities are banned\n|rule|Species Clause: Limit one of each Pok\u00e9mon\n|rule|Gravity Sleep Clause: The combination of sleep-inducing moves with imperfect accuracy and Gravity or Gigantamax Orbeetle are banned\n|clearpoke\n|poke|p1|Eevee, F|\n|poke|p1|Maushold-Four|\n|poke|p1|Mamoswine, F|\n|poke|p1|Mr. Mime, M|\n|poke|p1|Indeedee-F, F|\n|poke|p1|Flamigo, M|\n|poke|p2|Stakataka|\n|poke|p2|Whimsicott, F|\n|poke|p2|Lurantis, F|\n|poke|p2|Iron Hands|\n|poke|p2|Flutter Mane|\n|poke|p2|Basculegion, M|\n|teampreview\n|inactive|Battle timer is ON: inactive players will automatically lose when time's up. (requested by Immagamer)\n|inactive|thundervoltss has 120 seconds left.\n|\n|t:|1695442330\n|start\n|switch|p1a: Eevee|Eevee, F|100\/100\n|switch|p1b: Maushold|Maushold-Four|100\/100\n|switch|p2a: Whimsicott|Whimsicott, F|100\/100\n|switch|p2b: Iron Hands|Iron Hands|100\/100\n|turn|1\n|j| SleepyZetsu\n|c|\u2606thundervoltss|wo tf are you stop joining my games\n|inactive|thundervoltss has 120 seconds left.\n|\n|t:|1695442366\n|move|p1b: Maushold|Protect|p1b: Maushold\n|-singleturn|p1b: Maushold|Protect\n|move|p1a: Eevee|Protect|p1a: Eevee\n|-singleturn|p1a: Eevee|Protect\n|move|p2a: Whimsicott|Tailwind|p2a: Whimsicott\n|-sidestart|p2: thundervoltss|move: Tailwind\n|move|p2b: Iron Hands|Drain Punch|p1b: Maushold\n|-activate|p1b: Maushold|move: Protect\n|\n|upkeep\n|turn|2\n|\n|t:|1695442380\n|move|p1b: Maushold|Follow Me|p1b: Maushold\n|-singleturn|p1b: Maushold|move: Follow Me\n|move|p2a: Whimsicott|Taunt|p1b: Maushold\n|-start|p1b: Maushold|move: Taunt\n|move|p2b: Iron Hands|Drain Punch|p1b: Maushold\n|-supereffective|p1b: Maushold\n|-enditem|p1b: Maushold|Focus Sash\n|-damage|p1b: Maushold|1\/100\n|-damage|p2b: Iron Hands|91\/100|[from] item: Life Orb\n|-zpower|p1a: Eevee\n|move|p1a: Eevee|Extreme Evoboost|p1a: Eevee\n|-boost|p1a: Eevee|atk|2\n|-boost|p1a: Eevee|def|2\n|-boost|p1a: Eevee|spa|2\n|-boost|p1a: Eevee|spd|2\n|-boost|p1a: Eevee|spe|2\n|\n|upkeep\n|turn|3\n|inactive|Immagamer has 120 seconds left.\n|\n|t:|1695442430\n|move|p2a: Whimsicott|Dazzling Gleam|p1a: Eevee|[spread] p1a,p1b\n|-damage|p1a: Eevee|90\/100\n|-damage|p1b: Maushold|0 fnt\n|faint|p1b: Maushold\n|move|p1a: Eevee|Baton Pass|p1a: Eevee\n|\n|t:|1695442437\n|switch|p1a: Mamoswine|Mamoswine, F|100\/100|[from] Baton Pass\n|move|p2b: Iron Hands|Drain Punch|p1a: Mamoswine\n|-supereffective|p1a: Mamoswine\n|-damage|p1a: Mamoswine|44\/100\n|-heal|p2b: Iron Hands|100\/100|[from] drain|[of] p1a: Mamoswine\n|-damage|p2b: Iron Hands|91\/100|[from] item: Life Orb\n|\n|upkeep\n|\n|t:|1695442449\n|switch|p1b: Mr. Mime|Mr. Mime, M|100\/100\n|turn|4\n|inactive|Immagamer has 120 seconds left.\n|\n|t:|1695442466\n|-terastallize|p1a: Mamoswine|Ice\n|move|p1b: Mr. Mime|Follow Me|p1b: Mr. Mime\n|-singleturn|p1b: Mr. Mime|move: Follow Me\n|move|p2a: Whimsicott|Taunt|p1b: Mr. Mime\n|-start|p1b: Mr. Mime|move: Taunt\n|move|p1a: Mamoswine|Icicle Spear|p2a: Whimsicott\n|-supereffective|p2a: Whimsicott\n|-damage|p2a: Whimsicott|12\/100\n|-enditem|p2a: Whimsicott|Sitrus Berry|[eat]\n|-heal|p2a: Whimsicott|37\/100|[from] item: Sitrus Berry\n|-supereffective|p2a: Whimsicott\n|-damage|p2a: Whimsicott|0 fnt\n|faint|p2a: Whimsicott\n|-hitcount|p2: Whimsicott|2\n|move|p2b: Iron Hands|Drain Punch|p1b: Mr. Mime\n|-resisted|p1b: Mr. Mime\n|-damage|p1b: Mr. Mime|86\/100\n|-heal|p2b: Iron Hands|95\/100|[from] drain|[of] p1b: Mr. Mime\n|-damage|p2b: Iron Hands|85\/100|[from] item: Life Orb\n|\n|-sideend|p2: thundervoltss|move: Tailwind\n|upkeep\n|\n|t:|1695442478\n|switch|p2a: Flutter Mane|Flutter Mane|100\/100\n|-enditem|p2a: Flutter Mane|Booster Energy\n|-activate|p2a: Flutter Mane|ability: Protosynthesis|[fromitem]\n|-start|p2a: Flutter Mane|protosynthesisspa\n|turn|5\n|inactive|thundervoltss has 120 seconds left.\n|\n|t:|1695442521\n|switch|p1b: Indeedee|Indeedee-F, F|100\/100\n|-fieldstart|move: Psychic Terrain|[from] ability: Psychic Surge|[of] p1b: Indeedee\n|move|p1a: Mamoswine|Protect|p1a: Mamoswine\n|-singleturn|p1a: Mamoswine|Protect\n|move|p2a: Flutter Mane|Dazzling Gleam|p1a: Mamoswine|[spread] p1b\n|-activate|p1a: Mamoswine|move: Protect\n|-damage|p1b: Indeedee|61\/100\n|move|p2b: Iron Hands|Drain Punch|p1a: Mamoswine\n|-activate|p1a: Mamoswine|move: Protect\n|\n|upkeep\n|turn|6\n|inactive|Immagamer has 120 seconds left.\n|\n|t:|1695442557\n|move|p1b: Indeedee|Follow Me|p1b: Indeedee\n|-singleturn|p1b: Indeedee|move: Follow Me\n|move|p1a: Mamoswine|Icicle Spear|p2a: Flutter Mane\n|-damage|p2a: Flutter Mane|48\/100\n|-damage|p2a: Flutter Mane|0 fnt\n|faint|p2a: Flutter Mane\n|-end|p2a: Flutter Mane|Protosynthesis|[silent]\n|-hitcount|p2: Flutter Mane|2\n|move|p2b: Iron Hands|Drain Punch|p1b: Indeedee\n|-damage|p1b: Indeedee|11\/100\n|-heal|p2b: Iron Hands|100\/100|[from] drain|[of] p1b: Indeedee\n|-damage|p2b: Iron Hands|91\/100|[from] item: Life Orb\n|\n|upkeep\n|inactive|thundervoltss has 120 seconds left.\n|\n|t:|1695442577\n|switch|p2a: Lurantis|Lurantis, F|100\/100\n|turn|7\n|\n|t:|1695442591\n|-terastallize|p2a: Lurantis|Rock\n|move|p1b: Indeedee|Follow Me|p1b: Indeedee\n|-singleturn|p1b: Indeedee|move: Follow Me\n|move|p1a: Mamoswine|Icicle Spear|p2a: Lurantis\n|-damage|p2a: Lurantis|62\/100\n|-damage|p2a: Lurantis|23\/100\n|-damage|p2a: Lurantis|0 fnt\n|faint|p2a: Lurantis\n|-hitcount|p2: Lurantis|3\n|move|p2b: Iron Hands|Drain Punch|p1b: Indeedee\n|-damage|p1b: Indeedee|0 fnt\n|-heal|p2b: Iron Hands|94\/100|[from] drain|[of] p1b: Indeedee\n|faint|p1b: Indeedee\n|-damage|p2b: Iron Hands|84\/100|[from] item: Life Orb\n|\n|upkeep\n|c|\u2606thundervoltss|jesus\n|\n|t:|1695442605\n|switch|p1b: Flamigo|Flamigo, M|100\/100\n|switch|p2a: Stakataka|Stakataka|100\/100\n|-copyboost|p1b: Flamigo|p1a: Mamoswine|[from] ability: Costar\n|turn|8\n|l| SleepyZetsu\n|\n|t:|1695442630\n|move|p1b: Flamigo|Close Combat|p2a: Stakataka\n|-supereffective|p2a: Stakataka\n|-damage|p2a: Stakataka|0 fnt\n|-unboost|p1b: Flamigo|def|1\n|-unboost|p1b: Flamigo|spd|1\n|faint|p2a: Stakataka\n|move|p1a: Mamoswine|Earthquake|p2b: Iron Hands|[spread] p2b\n|-immune|p1b: Flamigo\n|-supereffective|p2b: Iron Hands\n|-damage|p2b: Iron Hands|0 fnt\n|faint|p2b: Iron Hands\n|-end|p2b: Iron Hands|Quark Drive|[silent]\n|\n|upkeep\n|\n|t:|1695442634\n|switch|p2b: Basculegion|Basculegion, M|100\/100\n|turn|9\n|c|\u2606thundervoltss|I SHOULDVE TAUNTED EEVEE INSTEAD OMG\n|c|\u2606thundervoltss|WHY DIDNT I\n|j| SleepyZetsu\n|c|\u2606thundervoltss|I KNEW YOU WERE GPNNA BAON PASS WHY WHYW WHY\n|inactive|thundervoltss has 120 seconds left.\n|\n|t:|1695442666\n|move|p1a: Mamoswine|Ice Shard|p2b: Basculegion\n|-activate|p2b: Basculegion|move: Psychic Terrain\n|move|p1b: Flamigo|Brave Bird|p2b: Basculegion\n|-damage|p2b: Basculegion|0 fnt\n|faint|p2b: Basculegion\n|-damage|p1b: Flamigo|59\/100|[from] Recoil\n|\n|win|Immagamer\n|raw|Immagamer's rating: 1245 &rarr; <strong>1280<\/strong><br \/>(+35 for winning)\n|raw|thundervoltss's rating: 1389 &rarr; <strong>1361<\/strong><br \/>(-28 for losing)\n","uploadtime":1695442672,"views":12,"p1id":"immagamer","p2id":"thundervoltss","formatid":"gen9nationaldexdoubles","rating":1280,"private":0,"password":""}