{"id":"gen9nationaldexdoubles-1970141743","p1":"xiaochou0629","p2":"MathHacker","format":"[Gen 9] National Dex Doubles","log":"|j|\u2606xiaochou0629\n|j|\u2606MathHacker\n|t:|1697600669\n|gametype|doubles\n|player|p1|xiaochou0629|169|1312\n|player|p2|MathHacker|richboy-gen4|1446\n|teamsize|p1|6\n|teamsize|p2|6\n|gen|9\n|tier|[Gen 9] National Dex Doubles\n|rated|\n|rule|HP Percentage Mod: HP is shown in percentages\n|rule|Endless Battle Clause: Forcing endless battles is banned\n|rule|OHKO Clause: OHKO moves are banned\n|rule|Evasion Moves Clause: Evasion moves are banned\n|rule|Evasion Abilities Clause: Evasion abilities are banned\n|rule|Species Clause: Limit one of each Pok\u00e9mon\n|rule|Gravity Sleep Clause: The combination of sleep-inducing moves with imperfect accuracy and Gravity or Gigantamax Orbeetle are banned\n|clearpoke\n|poke|p1|Ogerpon-Hearthflame, F|\n|poke|p1|Rillaboom, F|\n|poke|p1|Tornadus, M|\n|poke|p1|Salamence, M|\n|poke|p1|Flutter Mane|\n|poke|p1|Kartana|\n|poke|p2|Shuckle, M|\n|poke|p2|Pelipper, F|\n|poke|p2|Cresselia, F|\n|poke|p2|Torkoal, F|\n|poke|p2|Oranguru, F|\n|poke|p2|Ursaluna, M|\n|teampreview\n|\n|t:|1697600679\n|start\n|switch|p1a: Rillaboom|Rillaboom, F|100\/100\n|switch|p1b: Salamence|Salamence, M|100\/100\n|switch|p2a: Shucky|Shuckle, M, shiny|100\/100\n|switch|p2b: munke|Oranguru, F|100\/100\n|-ability|p1b: Salamence|Intimidate|boost\n|-boost|p2a: Shucky|atk|1\n|-unboost|p2b: munke|atk|1\n|-fieldstart|move: Grassy Terrain|[from] ability: Grassy Surge|[of] p1a: Rillaboom\n|turn|1\n|\n|t:|1697600757\n|detailschange|p1b: Salamence|Salamence-Mega, M\n|-mega|p1b: Salamence|Salamence|Salamencite\n|-terastallize|p2a: Shucky|Ghost\n|move|p1a: Rillaboom|Fake Out|p2b: munke\n|-damage|p2b: munke|87\/100\n|move|p1b: Salamence|Dragon Dance|p1b: Salamence\n|-boost|p1b: Salamence|atk|1\n|-boost|p1b: Salamence|spe|1\n|move|p2a: Shucky|Power Trick|p2a: Shucky\n|-start|p2a: Shucky|Power Trick\n|cant|p2b: munke|flinch\n|\n|-heal|p2b: munke|94\/100|[from] Grassy Terrain\n|upkeep\n|turn|2\n|\n|t:|1697600778\n|move|p2a: Shucky|Protect|p2a: Shucky\n|-singleturn|p2a: Shucky|Protect\n|move|p1b: Salamence|Thrash|p2b: munke\n|-crit|p2b: munke\n|-damage|p2b: munke|0 fnt\n|faint|p2b: munke\n|move|p1a: Rillaboom|Knock Off|p2a: Shucky\n|-activate|p2a: Shucky|move: Protect\n|\n|upkeep\n|inactive|Battle timer is ON: inactive players will automatically lose when time's up. (requested by xiaochou0629)\n|\n|t:|1697600839\n|switch|p2b: Cresselia|Cresselia, F, shiny|100\/100\n|turn|3\n|\n|t:|1697600854\n|move|p1b: Salamence|Thrash|p2b: Cresselia|[from]lockedmove\n|-damage|p2b: Cresselia|32\/100\n|move|p1a: Rillaboom|Knock Off|p2b: Cresselia\n|-supereffective|p2b: Cresselia\n|-damage|p2b: Cresselia|0 fnt\n|-enditem|p2b: Cresselia|Leftovers|[from] move: Knock Off|[of] p1a: Rillaboom\n|faint|p2b: Cresselia\n|move|p2a: Shucky|Rock Slide|p1a: Rillaboom|[spread] p1a,p1b\n|-supereffective|p1b: Salamence\n|-damage|p1a: Rillaboom|25\/100\n|-damage|p1b: Salamence|0 fnt\n|faint|p1b: Salamence\n|\n|-heal|p1a: Rillaboom|32\/100|[from] Grassy Terrain\n|upkeep\n|inactive|MathHacker has 120 seconds left.\n|\n|t:|1697600904\n|switch|p1b: Kartana|Kartana|100\/100\n|switch|p2b: Yertle|Torkoal, F|100\/100\n|-weather|SunnyDay|[from] ability: Drought|[of] p2b: Yertle\n|turn|4\n|inactive|MathHacker has 120 seconds left.\n|inactive|xiaochou0629 has 120 seconds left.\n|\n|t:|1697600936\n|move|p2b: Yertle|Protect|p2b: Yertle\n|-singleturn|p2b: Yertle|Protect\n|-zpower|p1b: Kartana\n|move|p1b: Kartana|Corkscrew Crash|p2a: Shucky|[zeffect]\n|-damage|p2a: Shucky|0 fnt\n|faint|p2a: Shucky\n|-ability|p1b: Kartana|Beast Boost|boost\n|-boost|p1b: Kartana|atk|1\n|move|p1a: Rillaboom|Knock Off|p2b: Yertle\n|-activate|p2b: Yertle|move: Protect\n|\n|-weather|SunnyDay|[upkeep]\n|-heal|p1a: Rillaboom|38\/100|[from] Grassy Terrain\n|upkeep\n|inactive|MathHacker has 90 seconds left.\n|\n|t:|1697600951\n|switch|p2a: ber|Ursaluna, M|100\/100\n|turn|5\n|\n|t:|1697600964\n|move|p2a: ber|Protect|p2a: ber\n|-singleturn|p2a: ber|Protect\n|move|p1b: Kartana|Return|p2b: Yertle\n|-damage|p2b: Yertle|34\/100\n|move|p1a: Rillaboom|Knock Off|p2a: ber\n|-activate|p2a: ber|move: Protect\n|move|p2b: Yertle|Eruption|p1a: Rillaboom|[spread] p1a,p1b\n|-supereffective|p1a: Rillaboom\n|-supereffective|p1b: Kartana\n|-damage|p1a: Rillaboom|0 fnt\n|-damage|p1b: Kartana|0 fnt\n|faint|p1a: Rillaboom\n|faint|p1b: Kartana\n|\n|-weather|SunnyDay|[upkeep]\n|-heal|p2b: Yertle|40\/100|[from] Grassy Terrain\n|-fieldend|move: Grassy Terrain\n|-status|p2a: ber|brn|[from] item: Flame Orb\n|upkeep\n|\n|t:|1697600977\n|switch|p1b: Flutter Mane|Flutter Mane|100\/100\n|switch|p1a: Ogerpon|Ogerpon-Hearthflame, F|100\/100\n|-activate|p1b: Flutter Mane|ability: Protosynthesis\n|-start|p1b: Flutter Mane|protosynthesisspe\n|-ability|p1a: Ogerpon|Mold Breaker\n|turn|6\n|inactive|MathHacker has 120 seconds left.\n|\n|t:|1697601007\n|-terastallize|p1a: Ogerpon|Fire\n|detailschange|p1a: Ogerpon|Ogerpon-Hearthflame-Tera, F, tera:Fire\n|-ability|p1a: Ogerpon|Embody Aspect (Hearthflame)|boost\n|-boost|p1a: Ogerpon|atk|1\n|move|p1b: Flutter Mane|Dazzling Gleam|p2a: ber|[spread] p2a,p2b\n|-resisted|p2b: Yertle\n|-damage|p2a: ber|75\/100 brn\n|-damage|p2b: Yertle|21\/100\n|move|p1a: Ogerpon|Ivy Cudgel|p2a: ber\n|-crit|p2a: ber\n|-damage|p2a: ber|0 fnt\n|faint|p2a: ber\n|move|p2b: Yertle|Overheat|p1a: Ogerpon\n|-resisted|p1a: Ogerpon\n|-damage|p1a: Ogerpon|37\/100\n|-unboost|p2b: Yertle|spa|2\n|\n|-weather|SunnyDay|[upkeep]\n|upkeep\n|\n|t:|1697601022\n|switch|p2a: Bird|Pelipper, F|100\/100\n|-weather|RainDance|[from] ability: Drizzle|[of] p2a: Bird\n|-end|p1b: Flutter Mane|Protosynthesis\n|turn|7\n|inactive|MathHacker has 120 seconds left.\n|\n|t:|1697601046\n|move|p2b: Yertle|Protect|p2b: Yertle\n|-singleturn|p2b: Yertle|Protect\n|move|p1b: Flutter Mane|Draining Kiss|p2b: Yertle\n|-activate|p2b: Yertle|move: Protect\n|move|p1a: Ogerpon|Horn Leech|p2b: Yertle\n|-activate|p2b: Yertle|move: Protect\n|move|p2a: Bird|Surf|p1a: Ogerpon|[spread] p1a,p1b\n|-activate|p2b: Yertle|move: Protect\n|-supereffective|p1a: Ogerpon\n|-damage|p1a: Ogerpon|0 fnt\n|-damage|p1b: Flutter Mane|68\/100\n|faint|p1a: Ogerpon\n|\n|-weather|RainDance|[upkeep]\n|upkeep\n|\n|t:|1697601057\n|switch|p1a: Tornadus|Tornadus, M|100\/100\n|turn|8\n|inactive|MathHacker has 120 seconds left.\n|\n|t:|1697601081\n|move|p2a: Bird|Wide Guard|p2a: Bird\n|-singleturn|p2a: Bird|Wide Guard\n|move|p1b: Flutter Mane|Draining Kiss|p2b: Yertle\n|-resisted|p2b: Yertle\n|-damage|p2b: Yertle|5\/100\n|-heal|p1b: Flutter Mane|82\/100|[from] drain|[of] p2b: Yertle\n|move|p1a: Tornadus|Bleakwind Storm|p2b: Yertle|[spread] \n|-activate|p2a: Bird|move: Wide Guard\n|-activate|p2b: Yertle|move: Wide Guard\n|move|p2b: Yertle|Overheat|p1a: Tornadus|[miss]\n|-miss|p2b: Yertle|p1a: Tornadus\n|\n|-weather|RainDance|[upkeep]\n|upkeep\n|turn|9\n|inactive|MathHacker has 120 seconds left.\n|\n|t:|1697601106\n|move|p1b: Flutter Mane|Draining Kiss|p2b: Yertle\n|-resisted|p2b: Yertle\n|-damage|p2b: Yertle|0 fnt\n|-heal|p1b: Flutter Mane|86\/100|[from] drain|[of] p2b: Yertle\n|faint|p2b: Yertle\n|move|p1a: Tornadus|Sludge Bomb|p2a: Bird\n|-damage|p2a: Bird|61\/100\n|-zpower|p2a: Bird\n|move|p2a: Bird|Supersonic Skystrike|p1b: Flutter Mane|[zeffect]\n|-damage|p1b: Flutter Mane|30\/100\n|\n|-weather|RainDance|[upkeep]\n|upkeep\n|turn|10\n|inactive|xiaochou0629 has 120 seconds left.\n|\n|t:|1697601143\n|move|p1b: Flutter Mane|Draining Kiss|p2a: Bird\n|-damage|p2a: Bird|24\/100\n|-heal|p1b: Flutter Mane|65\/100|[from] drain|[of] p2a: Bird\n|move|p1a: Tornadus|Bleakwind Storm|p2a: Bird\n|-damage|p2a: Bird|0 fnt\n|faint|p2a: Bird\n|\n|win|xiaochou0629\n|raw|xiaochou0629's rating: 1312 &rarr; <strong>1339<\/strong><br \/>(+27 for winning)\n|raw|MathHacker's rating: 1446 &rarr; <strong>1419<\/strong><br \/>(-27 for losing)\n|l|\u2606xiaochou0629\n","uploadtime":1697601860,"views":10,"p1id":"xiaochou0629","p2id":"mathhacker","formatid":"gen9nationaldexdoubles","rating":1339,"private":0,"password":""}