{"id":"gen9nationaldexdoubles-1966184266","p1":"Krlozx","p2":"YokoSpaghetti","format":"[Gen 9] National Dex Doubles","log":"|j|\u2606Krlozx\n|j|\u2606YokoSpaghetti\n|t:|1697153353\n|gametype|doubles\n|player|p1|Krlozx|101|1042\n|player|p2|YokoSpaghetti|266|1079\n|teamsize|p1|6\n|teamsize|p2|6\n|gen|9\n|tier|[Gen 9] National Dex Doubles\n|rated|\n|rule|HP Percentage Mod: HP is shown in percentages\n|rule|Endless Battle Clause: Forcing endless battles is banned\n|rule|OHKO Clause: OHKO moves are banned\n|rule|Evasion Moves Clause: Evasion moves are banned\n|rule|Evasion Abilities Clause: Evasion abilities are banned\n|rule|Species Clause: Limit one of each Pok\u00e9mon\n|rule|Gravity Sleep Clause: The combination of sleep-inducing moves with imperfect accuracy and Gravity or Gigantamax Orbeetle are banned\n|clearpoke\n|poke|p1|Shuckle, M|\n|poke|p1|Drifblim, M|\n|poke|p1|Serperior, F|\n|poke|p1|Hoopa-Unbound|\n|poke|p1|Malamar, M|\n|poke|p1|Grimmsnarl, M|\n|poke|p2|Serperior, F|\n|poke|p2|Zapdos|\n|poke|p2|Gliscor, F|\n|poke|p2|Sableye, F|\n|poke|p2|Jirachi|\n|poke|p2|Dunsparce, F|\n|teampreview\n|inactive|Battle timer is ON: inactive players will automatically lose when time's up. (requested by YokoSpaghetti)\n|\n|t:|1697153362\n|start\n|switch|p1a: Malamar|Malamar, M|100\/100\n|switch|p1b: Drifblim|Drifblim, M|100\/100\n|switch|p2a: Sableye|Sableye, F, shiny|100\/100\n|switch|p2b: Serperior|Serperior, F, shiny|100\/100\n|turn|1\n|\n|t:|1697153374\n|move|p2a: Sableye|Thunder Wave|p1b: Drifblim\n|-status|p1b: Drifblim|par\n|move|p2b: Serperior|Glare|p1a: Malamar\n|-status|p1a: Malamar|par\n|move|p1b: Drifblim|Defog|p1a: Malamar\n|-boost|p1a: Malamar|evasion|1\n|move|p1a: Malamar|Superpower|p2b: Serperior\n|-damage|p2b: Serperior|72\/100\n|-boost|p1a: Malamar|atk|1\n|-boost|p1a: Malamar|def|1\n|\n|upkeep\n|turn|2\n|c|\u2606Krlozx|I love your team\n|\n|t:|1697153401\n|-terastallize|p2b: Serperior|Ground\n|move|p2a: Sableye|Confuse Ray|p1b: Drifblim\n|-start|p1b: Drifblim|confusion\n|move|p2b: Serperior|Leaf Storm|p1a: Malamar|[miss]\n|-miss|p2b: Serperior|p1a: Malamar\n|-activate|p1b: Drifblim|confusion\n|move|p1b: Drifblim|Defog|p1a: Malamar\n|-boost|p1a: Malamar|evasion|1\n|move|p1a: Malamar|Superpower|p2b: Serperior\n|-damage|p2b: Serperior|27\/100\n|-boost|p1a: Malamar|atk|1\n|-boost|p1a: Malamar|def|1\n|\n|upkeep\n|turn|3\n|\n|t:|1697153431\n|detailschange|p2a: Sableye|Sableye-Mega, F, shiny\n|-mega|p2a: Sableye|Sableye|Sablenite\n|move|p2b: Serperior|Leaf Storm|p1a: Malamar|[miss]\n|-miss|p2b: Serperior|p1a: Malamar\n|-end|p1b: Drifblim|confusion\n|move|p1b: Drifblim|Defog|p1a: Malamar\n|-boost|p1a: Malamar|evasion|1\n|move|p1a: Malamar|Superpower|p2b: Serperior\n|-damage|p2b: Serperior|0 fnt\n|-boost|p1a: Malamar|atk|1\n|-boost|p1a: Malamar|def|1\n|faint|p2b: Serperior\n|move|p2a: Sableye|Confuse Ray|p1a: Malamar\n|-start|p1a: Malamar|confusion\n|\n|upkeep\n|inactive|YokoSpaghetti has 120 seconds left.\n|\n|t:|1697153444\n|switch|p2b: Jirachi|Jirachi, shiny|100\/100\n|turn|4\n|\n|t:|1697153459\n|switch|p1b: Grimmsnarl|Grimmsnarl, M|100\/100\n|move|p2b: Jirachi|Meteor Mash|p1a: Malamar\n|-damage|p1a: Malamar|91\/100 par\n|-boost|p2b: Jirachi|atk|1\n|-activate|p1a: Malamar|confusion\n|-damage|p1a: Malamar|84\/100 par|[from] confusion\n|move|p2a: Sableye|Confuse Ray|p1b: Grimmsnarl\n|-start|p1b: Grimmsnarl|confusion\n|\n|upkeep\n|turn|5\n|\n|t:|1697153478\n|-activate|p1b: Grimmsnarl|confusion\n|move|p1b: Grimmsnarl|Fake Tears|p1a: Malamar\n|-boost|p1a: Malamar|spd|2\n|move|p2b: Jirachi|Meteor Mash|p1b: Grimmsnarl\n|-supereffective|p1b: Grimmsnarl\n|-damage|p1b: Grimmsnarl|0 fnt\n|-boost|p2b: Jirachi|atk|1\n|faint|p1b: Grimmsnarl\n|-activate|p1a: Malamar|confusion\n|move|p1a: Malamar|Superpower|p2b: Jirachi\n|-damage|p2b: Jirachi|48\/100\n|-boost|p1a: Malamar|atk|1\n|-boost|p1a: Malamar|def|1\n|move|p2a: Sableye|Thunder Wave|p1a: Malamar\n|-fail|p1a: Malamar|par\n|\n|upkeep\n|\n|t:|1697153503\n|switch|p1b: Arceus 2|Hoopa-Unbound|100\/100\n|turn|6\n|\n|t:|1697153521\n|move|p2b: Jirachi|Meteor Mash|p1b: Arceus 2\n|-damage|p1b: Arceus 2|0 fnt\n|faint|p1b: Arceus 2\n|-activate|p1a: Malamar|confusion\n|move|p1a: Malamar|Superpower|p2b: Jirachi\n|-damage|p2b: Jirachi|0 fnt\n|-boost|p1a: Malamar|atk|1\n|-boost|p1a: Malamar|def|1\n|faint|p2b: Jirachi\n|move|p2a: Sableye|Night Shade|p1a: Malamar|[miss]\n|-miss|p2a: Sableye|p1a: Malamar\n|\n|upkeep\n|\n|t:|1697153530\n|switch|p2b: Zapdos|Zapdos, shiny|100\/100\n|switch|p1b: Arceus 1|Shuckle, M|100\/100\n|turn|7\n|\n|t:|1697153547\n|move|p2b: Zapdos|Tailwind|p2b: Zapdos\n|-sidestart|p2: YokoSpaghetti|move: Tailwind\n|move|p2a: Sableye|Thunder Wave|p1b: Arceus 1\n|-status|p1b: Arceus 1|par\n|-activate|p1a: Malamar|confusion\n|move|p1a: Malamar|Stored Power|p2b: Zapdos\n|-damage|p2b: Zapdos|11\/100\n|cant|p1b: Arceus 1|par\n|\n|upkeep\n|turn|8\n|\n|t:|1697153576\n|move|p2b: Zapdos|Heat Wave|p1a: Malamar|[spread] p1b\n|-miss|p2b: Zapdos|p1a: Malamar\n|-damage|p1b: Arceus 1|83\/100 par\n|move|p2a: Sableye|Night Shade|p1a: Malamar|[miss]\n|-miss|p2a: Sableye|p1a: Malamar\n|-end|p1a: Malamar|confusion\n|move|p1a: Malamar|Stored Power|p2b: Zapdos\n|-damage|p2b: Zapdos|0 fnt\n|faint|p2b: Zapdos\n|move|p1b: Arceus 1|Rock Slide|p2a: Sableye\n|-damage|p2a: Sableye|94\/100\n|\n|-heal|p1b: Arceus 1|89\/100 par|[from] item: Leftovers\n|upkeep\n|\n|t:|1697153586\n|switch|p2b: Dunsparce|Dunsparce, F, shiny|100\/100\n|turn|9\n|\n|t:|1697153605\n|move|p2b: Dunsparce|Attract|p1a: Malamar|[miss]\n|-miss|p2b: Dunsparce|p1a: Malamar\n|move|p2a: Sableye|Confuse Ray|p1a: Malamar|[miss]\n|-miss|p2a: Sableye|p1a: Malamar\n|move|p1a: Malamar|Superpower|p2b: Dunsparce\n|-supereffective|p2b: Dunsparce\n|-damage|p2b: Dunsparce|0 fnt\n|-boost|p1a: Malamar|atk|1\n|-boost|p1a: Malamar|def|1\n|faint|p2b: Dunsparce\n|move|p1b: Arceus 1|Knock Off|p2a: Sableye\n|-damage|p2a: Sableye|90\/100\n|\n|-heal|p1b: Arceus 1|96\/100 par|[from] item: Leftovers\n|upkeep\n|\n|t:|1697153608\n|switch|p2b: Gliscor|Gliscor, F, shiny|100\/100\n|turn|10\n|inactive|YokoSpaghetti has 120 seconds left.\n|\n|t:|1697153638\n|move|p2b: Gliscor|Facade|p1a: Malamar|[miss]\n|-miss|p2b: Gliscor|p1a: Malamar\n|move|p2a: Sableye|Confuse Ray|p1b: Arceus 1\n|-start|p1b: Arceus 1|confusion\n|move|p1a: Malamar|Stored Power|p2b: Gliscor\n|-damage|p2b: Gliscor|0 fnt\n|faint|p2b: Gliscor\n|-activate|p1b: Arceus 1|confusion\n|-damage|p1b: Arceus 1|94\/100 par|[from] confusion\n|\n|-heal|p1b: Arceus 1|99\/100 par|[from] item: Leftovers\n|-sideend|p2: YokoSpaghetti|move: Tailwind\n|upkeep\n|turn|11\n|\n|t:|1697153662\n|switch|p1b: Serperior|Serperior, F|100\/100\n|move|p1a: Malamar|Flatter|p2a: Sableye\n|move|p2a: Sableye|Flatter|p1a: Malamar|[from]ability: Magic Bounce\n|-unboost|p1a: Malamar|spa|1\n|-start|p1a: Malamar|confusion\n|move|p2a: Sableye|Night Shade|p1b: Serperior\n|-damage|p1b: Serperior|66\/100\n|\n|upkeep\n|turn|12\n|\n|t:|1697153684\n|switch|p1a: Drifblim|Drifblim, M|100\/100 par\n|move|p1b: Serperior|Leaf Storm|p2a: Sableye\n|-damage|p2a: Sableye|49\/100\n|-boost|p1b: Serperior|spa|2\n|move|p2a: Sableye|Thunder Wave|p1b: Serperior\n|-status|p1b: Serperior|par\n|\n|upkeep\n|turn|13\n|\n|t:|1697153697\n|move|p1b: Serperior|Leaf Storm|p2a: Sableye\n|-damage|p2a: Sableye|0 fnt\n|-boost|p1b: Serperior|spa|2\n|faint|p2a: Sableye\n|\n|win|Krlozx\n|raw|Krlozx's rating: 1082 &rarr; <strong>1109<\/strong><br \/>(+27 for winning)\n|raw|YokoSpaghetti's rating: 1079 &rarr; <strong>1057<\/strong><br \/>(-22 for losing)\n|l|\u2606YokoSpaghetti\n|l|\u2606Krlozx\n|j|\u2606Krlozx\n|player|p1|Krlozx|101\n","uploadtime":1697153814,"views":6,"p1id":"krlozx","p2id":"yokospaghetti","formatid":"gen9nationaldexdoubles","rating":1057,"private":0,"password":""}