{"id":"gen9nationaldexdoubles-1992246360","p1":"Liluzkvertical","p2":"alexyzssj4","format":"[Gen 9] National Dex Doubles","log":"|j|\u2606Liluzkvertical\n|j|\u2606alexyzssj4\n|t:|1700167339\n|gametype|doubles\n|player|p1|Liluzkvertical|102|1000\n|player|p2|alexyzssj4|266|1059\n|teamsize|p1|6\n|teamsize|p2|6\n|gen|9\n|tier|[Gen 9] National Dex Doubles\n|rated|\n|rule|HP Percentage Mod: HP is shown in percentages\n|rule|Endless Battle Clause: Forcing endless battles is banned\n|rule|OHKO Clause: OHKO moves are banned\n|rule|Evasion Moves Clause: Evasion moves are banned\n|rule|Evasion Abilities Clause: Evasion abilities are banned\n|rule|Species Clause: Limit one of each Pok\u00e9mon\n|rule|Gravity Sleep Clause: The combination of sleep-inducing moves with imperfect accuracy and Gravity or Gigantamax Orbeetle are banned\n|clearpoke\n|poke|p1|Ursaluna-Bloodmoon, M|\n|poke|p1|Zapdos|\n|poke|p1|Toxapex, M|\n|poke|p1|Arcanine-Hisui, M|\n|poke|p1|Garganacl, F|\n|poke|p1|Scizor, F|\n|poke|p2|Lucario, M|\n|poke|p2|Meowscarada, M|\n|poke|p2|Maushold-Four|\n|poke|p2|Dragonite, M|\n|poke|p2|Heatran, M|\n|poke|p2|Tauros-Paldea-Blaze, M|\n|teampreview\n|inactive|Battle timer is ON: inactive players will automatically lose when time's up. (requested by Liluzkvertical)\n|\n|t:|1700167351\n|start\n|switch|p1a: Toxapex|Toxapex, M|100\/100\n|switch|p1b: Garganacl|Garganacl, F|100\/100\n|switch|p2a: Lucario|Lucario, M|100\/100\n|switch|p2b: Maushold|Maushold-Four|100\/100\n|turn|1\n|\n|t:|1700167369\n|move|p2b: Maushold|Beat Up|p2a: Lucario\n|-resisted|p2a: Lucario\n|-damage|p2a: Lucario|99\/100\n|-ability|p2a: Lucario|Justified|boost\n|-boost|p2a: Lucario|atk|1\n|-resisted|p2a: Lucario\n|-damage|p2a: Lucario|98\/100\n|-ability|p2a: Lucario|Justified|boost\n|-boost|p2a: Lucario|atk|1\n|-resisted|p2a: Lucario\n|-damage|p2a: Lucario|97\/100\n|-ability|p2a: Lucario|Justified|boost\n|-boost|p2a: Lucario|atk|1\n|-resisted|p2a: Lucario\n|-damage|p2a: Lucario|95\/100\n|-ability|p2a: Lucario|Justified|boost\n|-boost|p2a: Lucario|atk|1\n|-resisted|p2a: Lucario\n|-damage|p2a: Lucario|94\/100\n|-ability|p2a: Lucario|Justified|boost\n|-boost|p2a: Lucario|atk|1\n|-resisted|p2a: Lucario\n|-damage|p2a: Lucario|93\/100\n|-ability|p2a: Lucario|Justified|boost\n|-boost|p2a: Lucario|atk|1\n|-hitcount|p2a: Lucario|6\n|move|p2a: Lucario|Drain Punch|p1b: Garganacl\n|-supereffective|p1b: Garganacl\n|-damage|p1b: Garganacl|0 fnt\n|-heal|p2a: Lucario|100\/100|[from] drain|[of] p1b: Garganacl\n|faint|p1b: Garganacl\n|move|p1a: Toxapex|Toxic|p2b: Maushold\n|-status|p2b: Maushold|tox\n|\n|-damage|p2b: Maushold|94\/100 tox|[from] psn\n|upkeep\n|inactive|Liluzkvertical has 120 seconds left.\n|\n|t:|1700167394\n|switch|p1b: Zapdos|Zapdos|100\/100\n|-ability|p1b: Zapdos|Pressure\n|turn|2\n|\n|t:|1700167419\n|detailschange|p2a: Lucario|Lucario-Mega, M\n|-mega|p2a: Lucario|Lucario|Lucarionite\n|move|p2a: Lucario|Drain Punch|p1a: Toxapex\n|-resisted|p1a: Toxapex\n|-damage|p1a: Toxapex|16\/100\n|-damage|p2a: Lucario|84\/100|[from] item: Rocky Helmet|[of] p1a: Toxapex\n|move|p2b: Maushold|Encore|p1a: Toxapex\n|-start|p1a: Toxapex|Encore\n|move|p1b: Zapdos|Heat Wave|p2b: Maushold|[spread] p2a\n|-miss|p1b: Zapdos|p2b: Maushold\n|-supereffective|p2a: Lucario\n|-crit|p2a: Lucario\n|-damage|p2a: Lucario|0 fnt\n|faint|p2a: Lucario\n|move|p1a: Toxapex|Toxic|p2b: Maushold\n|-fail|p2b: Maushold|tox\n|\n|-damage|p2b: Maushold|82\/100 tox|[from] psn\n|upkeep\n|inactive|alexyzssj4 has 120 seconds left.\n|\n|t:|1700167440\n|switch|p2a: Heatran|Heatran, M|100\/100\n|-item|p2a: Heatran|Air Balloon\n|turn|3\n|\n|t:|1700167466\n|switch|p2b: Dragonite|Dragonite, M|100\/100\n|switch|p1b: Arcanine|Arcanine-Hisui, M|100\/100\n|-ability|p1b: Arcanine|Intimidate|boost\n|-unboost|p2a: Heatran|atk|1\n|-unboost|p2b: Dragonite|atk|1\n|switch|p1a: Ursaluna|Ursaluna-Bloodmoon, M|100\/100\n|move|p2a: Heatran|Magma Storm|p1b: Arcanine\n|-resisted|p1b: Arcanine\n|-damage|p1b: Arcanine|83\/100\n|-activate|p1b: Arcanine|move: Magma Storm|[of] p2a: Heatran\n|\n|-damage|p1b: Arcanine|70\/100|[from] move: Magma Storm|[partiallytrapped]\n|upkeep\n|turn|4\n|inactive|alexyzssj4 has 120 seconds left.\n|\n|t:|1700167497\n|move|p1b: Arcanine|Rock Slide|p2b: Dragonite|[spread] p2b\n|-miss|p1b: Arcanine|p2a: Heatran\n|-supereffective|p2b: Dragonite\n|-damage|p2b: Dragonite|60\/100\n|-damage|p1b: Arcanine|60\/100|[from] item: Life Orb\n|move|p2b: Dragonite|Brick Break|p1a: Ursaluna\n|-supereffective|p1a: Ursaluna\n|-damage|p1a: Ursaluna|72\/100\n|move|p2a: Heatran|Magma Storm|p1a: Ursaluna\n|-damage|p1a: Ursaluna|27\/100\n|-activate|p1a: Ursaluna|move: Magma Storm|[of] p2a: Heatran\n|move|p1a: Ursaluna|Moonblast|p2b: Dragonite\n|-supereffective|p2b: Dragonite\n|-damage|p2b: Dragonite|0 fnt\n|faint|p2b: Dragonite\n|\n|-damage|p1b: Arcanine|48\/100|[from] move: Magma Storm|[partiallytrapped]\n|-damage|p1a: Ursaluna|14\/100|[from] move: Magma Storm|[partiallytrapped]\n|upkeep\n|inactive|alexyzssj4 has 120 seconds left.\n|\n|t:|1700167518\n|switch|p2b: Meowscarada|Meowscarada, M|100\/100\n|turn|5\n|inactive|alexyzssj4 has 120 seconds left.\n|\n|t:|1700167535\n|move|p2b: Meowscarada|Knock Off|p1a: Ursaluna\n|-start|p2b: Meowscarada|typechange|Dark|[from] ability: Protean\n|-damage|p1a: Ursaluna|0 fnt\n|-enditem|p1a: Ursaluna|Assault Vest|[from] move: Knock Off|[of] p2b: Meowscarada\n|faint|p1a: Ursaluna\n|move|p1b: Arcanine|Rock Slide|p2a: Heatran|[spread] p2a,p2b\n|-damage|p2a: Heatran|70\/100\n|-damage|p2b: Meowscarada|44\/100\n|-enditem|p2a: Heatran|Air Balloon\n|-damage|p1b: Arcanine|38\/100|[from] item: Life Orb\n|move|p2a: Heatran|Earth Power|p1b: Arcanine\n|-supereffective|p1b: Arcanine\n|-damage|p1b: Arcanine|0 fnt\n|faint|p1b: Arcanine\n|\n|upkeep\n|\n|t:|1700167561\n|switch|p1b: Zapdos|Zapdos|100\/100\n|switch|p1a: Toxapex|Toxapex, M|49\/100\n|-ability|p1b: Zapdos|Pressure\n|turn|6\n|\n|t:|1700167577\n|move|p1a: Toxapex|Protect|p1a: Toxapex\n|-singleturn|p1a: Toxapex|Protect\n|move|p2b: Meowscarada|Knock Off|p1a: Toxapex\n|-activate|p1a: Toxapex|move: Protect\n|move|p1b: Zapdos|Volt Switch|p2a: Heatran\n|-damage|p2a: Heatran|23\/100\n|\n|t:|1700167585\n|switch|p1b: Scizor|Scizor, F|100\/100|[from] Volt Switch\n|move|p2a: Heatran|Earth Power|p1a: Toxapex\n|-activate|p1a: Toxapex|move: Protect\n|\n|upkeep\n|turn|7\n|\n|t:|1700167603\n|detailschange|p1b: Scizor|Scizor-Mega, F\n|-mega|p1b: Scizor|Scizor|Scizorite\n|move|p2b: Meowscarada|U-turn|p1a: Toxapex\n|-resisted|p1a: Toxapex\n|-damage|p1a: Toxapex|41\/100\n|-damage|p2b: Meowscarada|28\/100|[from] item: Rocky Helmet|[of] p1a: Toxapex\n|\n|t:|1700167610\n|switch|p2b: Tauros|Tauros-Paldea-Blaze, M|100\/100|[from] U-turn\n|move|p2a: Heatran|Lava Plume|p1b: Scizor|[spread] p2b,p1a,p1b\n|-resisted|p2b: Tauros\n|-resisted|p1a: Toxapex\n|-supereffective|p1b: Scizor\n|-damage|p2b: Tauros|75\/100\n|-damage|p1a: Toxapex|24\/100\n|-damage|p1b: Scizor|0 fnt\n|faint|p1b: Scizor\n|move|p1a: Toxapex|Recover|p1a: Toxapex\n|-heal|p1a: Toxapex|74\/100\n|\n|upkeep\n|\n|t:|1700167623\n|switch|p1b: Zapdos|Zapdos|100\/100\n|-ability|p1b: Zapdos|Pressure\n|turn|8\n|\n|t:|1700167642\n|move|p2b: Tauros|Flare Blitz|p1b: Zapdos\n|-damage|p1b: Zapdos|28\/100\n|-damage|p2b: Tauros|48\/100|[from] Recoil\n|move|p1b: Zapdos|Thunderbolt|p2a: Heatran\n|-damage|p2a: Heatran|0 fnt\n|faint|p2a: Heatran\n|move|p1a: Toxapex|Toxic|p2b: Tauros\n|-status|p2b: Tauros|tox\n|\n|-damage|p2b: Tauros|42\/100 tox|[from] psn\n|upkeep\n|\n|t:|1700167654\n|switch|p2a: Meowscarada|Meowscarada, M|28\/100\n|turn|9\n|\n|t:|1700167668\n|move|p2a: Meowscarada|Knock Off|p1b: Zapdos\n|-start|p2a: Meowscarada|typechange|Dark|[from] ability: Protean\n|-damage|p1b: Zapdos|0 fnt\n|-enditem|p1b: Zapdos|Choice Specs|[from] move: Knock Off|[of] p2a: Meowscarada\n|faint|p1b: Zapdos\n|move|p2b: Tauros|Flare Blitz|p1a: Toxapex\n|-resisted|p1a: Toxapex\n|-damage|p1a: Toxapex|55\/100\n|-damage|p2b: Tauros|26\/100 tox|[from] item: Rocky Helmet|[of] p1a: Toxapex\n|-damage|p2b: Tauros|20\/100 tox|[from] Recoil\n|move|p1a: Toxapex|Iron Defense|p1a: Toxapex\n|-boost|p1a: Toxapex|def|2\n|\n|-damage|p2b: Tauros|8\/100 tox|[from] psn\n|upkeep\n|turn|10\n|\n|t:|1700167699\n|move|p2a: Meowscarada|Flower Trick|p1a: Toxapex\n|-crit|p1a: Toxapex\n|-damage|p1a: Toxapex|29\/100\n|move|p2b: Tauros|Earthquake|p1a: Toxapex|[spread] p2a,p1a\n|-supereffective|p1a: Toxapex\n|-damage|p2a: Meowscarada|0 fnt\n|-damage|p1a: Toxapex|8\/100\n|faint|p2a: Meowscarada\n|move|p1a: Toxapex|Recover|p1a: Toxapex\n|-heal|p1a: Toxapex|58\/100\n|\n|-damage|p2b: Tauros|0 fnt|[from] psn\n|faint|p2b: Tauros\n|upkeep\n|inactive|alexyzssj4 has 120 seconds left.\n|-message|alexyzssj4 forfeited.\n|\n|win|Liluzkvertical\n|raw|Liluzkvertical's rating: 1000 &rarr; <strong>1047<\/strong><br \/>(+47 for winning)\n|raw|alexyzssj4's rating: 1059 &rarr; <strong>1037<\/strong><br \/>(-22 for losing)\n|l|\u2606alexyzssj4\n","uploadtime":1700167718,"views":5,"p1id":"liluzkvertical","p2id":"alexyzssj4","formatid":"gen9nationaldexdoubles","rating":1037,"private":0,"password":""}