{"id":"gen9nationaldexdoubles-1972050520","p1":"Monkmilt2","p2":"Nerdygolem513","format":"[Gen 9] National Dex Doubles","log":"|j|\u2606Monkmilt2\n|j|\u2606Nerdygolem513\n|t:|1697808557\n|gametype|doubles\n|player|p1|Monkmilt2|alder|1190\n|player|p2|Nerdygolem513|skullgrunt|1206\n|teamsize|p1|6\n|teamsize|p2|6\n|gen|9\n|tier|[Gen 9] National Dex Doubles\n|rated|\n|rule|HP Percentage Mod: HP is shown in percentages\n|rule|Endless Battle Clause: Forcing endless battles is banned\n|rule|OHKO Clause: OHKO moves are banned\n|rule|Evasion Moves Clause: Evasion moves are banned\n|rule|Evasion Abilities Clause: Evasion abilities are banned\n|rule|Species Clause: Limit one of each Pok\u00e9mon\n|rule|Gravity Sleep Clause: The combination of sleep-inducing moves with imperfect accuracy and Gravity or Gigantamax Orbeetle are banned\n|clearpoke\n|poke|p1|Baxcalibur, F|\n|poke|p1|Serperior, M|\n|poke|p1|Dragapult, F|\n|poke|p1|Arcanine-Hisui, M|\n|poke|p1|Rillaboom, M|\n|poke|p1|Blastoise, M|\n|poke|p2|Tapu Koko|\n|poke|p2|Iron Bundle|\n|poke|p2|Indeedee-F, F|\n|poke|p2|Raichu-Alola, F|\n|poke|p2|Azelf|\n|poke|p2|Ninetales-Alola, F|\n|teampreview\n|\n|t:|1697808572\n|start\n|switch|p1a: Blastoise|Blastoise, M, shiny|100\/100\n|switch|p1b: Arcanine|Arcanine-Hisui, M, shiny|100\/100\n|switch|p2a: Tapu Koko|Tapu Koko|100\/100\n|switch|p2b: Raichu|Raichu-Alola, F|100\/100\n|-fieldstart|move: Electric Terrain|[from] ability: Electric Surge|[of] p2a: Tapu Koko\n|turn|1\n|\n|t:|1697808625\n|move|p1a: Blastoise|Fake Out|p2a: Tapu Koko\n|-damage|p2a: Tapu Koko|90\/100\n|move|p2b: Raichu|Rising Voltage|p1b: Arcanine\n|-hint|Rising Voltage's BP doubled on grounded target.\n|-damage|p1b: Arcanine|0 fnt\n|faint|p1b: Arcanine\n|-damage|p2b: Raichu|91\/100|[from] item: Life Orb\n|cant|p2a: Tapu Koko|flinch\n|\n|upkeep\n|\n|t:|1697808638\n|switch|p1b: Rillaboom|Rillaboom, M, shiny|100\/100\n|-fieldstart|move: Grassy Terrain|[from] ability: Grassy Surge|[of] p1b: Rillaboom\n|turn|2\n|\n|t:|1697808656\n|switch|p2a: Indeedee|Indeedee-F, F|100\/100\n|-fieldstart|move: Psychic Terrain|[from] ability: Psychic Surge|[of] p2a: Indeedee\n|switch|p1a: Dragapult|Dragapult, F, shiny|100\/100\n|move|p2b: Raichu|Expanding Force|p1b: Rillaboom|[spread] p1a,p1b\n|-damage|p1a: Dragapult|40\/100\n|-damage|p1b: Rillaboom|58\/100\n|-damage|p2b: Raichu|81\/100|[from] item: Life Orb\n|move|p1b: Rillaboom|U-turn|p2b: Raichu\n|-supereffective|p2b: Raichu\n|-damage|p2b: Raichu|0 fnt\n|faint|p2b: Raichu\n|\n|t:|1697808671\n|switch|p1b: Blastoise|Blastoise, M, shiny|100\/100|[from] U-turn\n|\n|upkeep\n|\n|t:|1697808680\n|switch|p2b: Azelf|Azelf|100\/100\n|turn|3\n|\n|t:|1697808695\n|move|p1b: Blastoise|Fake Out|p2b: Azelf\n|-hint|Psychic Terrain doesn't affect Pok\u00e9mon immune to Ground.\n|-damage|p2b: Azelf|89\/100\n|move|p2a: Indeedee|Follow Me|p2a: Indeedee\n|-singleturn|p2a: Indeedee|move: Follow Me\n|cant|p2b: Azelf|flinch\n|move|p1a: Dragapult|Dragon Darts|p2a: Indeedee\n|-damage|p2a: Indeedee|62\/100\n|-anim|p1a: Dragapult|Dragon Darts|p2a: Indeedee\n|-damage|p2a: Indeedee|23\/100\n|\n|-heal|p2a: Indeedee|29\/100|[from] item: Leftovers\n|upkeep\n|turn|4\n|\n|t:|1697808729\n|move|p2a: Indeedee|Protect|p2a: Indeedee\n|-singleturn|p2a: Indeedee|Protect\n|move|p2b: Azelf|Expanding Force|p1a: Dragapult\n|-damage|p1a: Dragapult|1\/100\n|move|p1a: Dragapult|Dragon Darts|p2b: Azelf\n|-damage|p2b: Azelf|38\/100\n|-anim|p1a: Dragapult|Dragon Darts|p2b: Azelf\n|-damage|p2b: Azelf|0 fnt\n|faint|p2b: Azelf\n|move|p1b: Blastoise|Scald|p2a: Indeedee\n|-activate|p2a: Indeedee|move: Protect\n|\n|-heal|p2a: Indeedee|35\/100|[from] item: Leftovers\n|upkeep\n|\n|t:|1697808770\n|switch|p2b: Iron Bundle|Iron Bundle|100\/100\n|turn|5\n|\n|t:|1697808788\n|switch|p2a: Ninetales|Ninetales-Alola, F|100\/100\n|-weather|Snow|[from] ability: Snow Warning|[of] p2a: Ninetales\n|move|p2b: Iron Bundle|Blizzard|p1b: Blastoise|[spread] p1a,p1b\n|-supereffective|p1a: Dragapult\n|-resisted|p1b: Blastoise\n|-damage|p1a: Dragapult|0 fnt\n|-damage|p1b: Blastoise|79\/100\n|faint|p1a: Dragapult\n|move|p1b: Blastoise|Shell Smash|p1b: Blastoise\n|-unboost|p1b: Blastoise|def|1\n|-unboost|p1b: Blastoise|spd|1\n|-boost|p1b: Blastoise|atk|2\n|-boost|p1b: Blastoise|spa|2\n|-boost|p1b: Blastoise|spe|2\n|\n|-weather|Snow|[upkeep]\n|-heal|p1b: Blastoise|85\/100|[from] item: Leftovers\n|upkeep\n|\n|t:|1697808815\n|switch|p1a: Rillaboom|Rillaboom, M, shiny|58\/100\n|-fieldstart|move: Grassy Terrain|[from] ability: Grassy Surge|[of] p1a: Rillaboom\n|turn|6\n|\n|t:|1697808829\n|switch|p2a: Indeedee|Indeedee-F, F|35\/100\n|-fieldstart|move: Psychic Terrain|[from] ability: Psychic Surge|[of] p2a: Indeedee\n|move|p2b: Iron Bundle|Protect|p2b: Iron Bundle\n|-singleturn|p2b: Iron Bundle|Protect\n|move|p1a: Rillaboom|Fake Out|p2b: Iron Bundle\n|-activate|p2b: Iron Bundle|move: Psychic Terrain\n|move|p1b: Blastoise|Scald|p2a: Indeedee\n|-damage|p2a: Indeedee|0 fnt\n|faint|p2a: Indeedee\n|\n|-weather|Snow|[upkeep]\n|-heal|p1b: Blastoise|91\/100|[from] item: Leftovers\n|upkeep\n|\n|t:|1697808845\n|switch|p2a: Tapu Koko|Tapu Koko|90\/100\n|-fieldstart|move: Electric Terrain|[from] ability: Electric Surge|[of] p2a: Tapu Koko\n|-activate|p2b: Iron Bundle|ability: Quark Drive\n|-start|p2b: Iron Bundle|quarkdrivespe\n|turn|7\n|\n|t:|1697808858\n|switch|p1a: Serperior|Serperior, M, shiny|100\/100\n|-terastallize|p2b: Iron Bundle|Ice\n|move|p2b: Iron Bundle|Blizzard|p1a: Serperior|[spread] p1a,p1b\n|-supereffective|p1a: Serperior\n|-crit|p1a: Serperior\n|-resisted|p1b: Blastoise\n|-damage|p1a: Serperior|0 fnt\n|-damage|p1b: Blastoise|47\/100\n|faint|p1a: Serperior\n|move|p1b: Blastoise|Ice Beam|p2a: Tapu Koko\n|-damage|p2a: Tapu Koko|10\/100\n|move|p2a: Tapu Koko|Thunder Punch|p1b: Blastoise\n|-supereffective|p1b: Blastoise\n|-damage|p1b: Blastoise|0 fnt\n|faint|p1b: Blastoise\n|\n|-weather|Snow|[upkeep]\n|upkeep\n|\n|t:|1697808872\n|switch|p1a: Rillaboom|Rillaboom, M, shiny|58\/100\n|switch|p1b: Baxcalibur|Baxcalibur, F|100\/100\n|-fieldstart|move: Grassy Terrain|[from] ability: Grassy Surge|[of] p1a: Rillaboom\n|-end|p2b: Iron Bundle|Quark Drive\n|turn|8\n|\n|t:|1697808888\n|-terastallize|p1b: Baxcalibur|Fairy\n|move|p2b: Iron Bundle|Protect|p2b: Iron Bundle\n|-singleturn|p2b: Iron Bundle|Protect\n|move|p1a: Rillaboom|Fake Out|p2a: Tapu Koko\n|-damage|p2a: Tapu Koko|0 fnt\n|faint|p2a: Tapu Koko\n|move|p1b: Baxcalibur|Scale Shot|p2b: Iron Bundle\n|-activate|p2b: Iron Bundle|move: Protect\n|\n|-weather|Snow|[upkeep]\n|-heal|p1a: Rillaboom|64\/100|[from] Grassy Terrain\n|upkeep\n|\n|t:|1697808901\n|switch|p2a: Ninetales|Ninetales-Alola, F|100\/100\n|turn|9\n|inactive|Battle timer is ON: inactive players will automatically lose when time's up. (requested by Nerdygolem513)\n|\n|t:|1697808919\n|move|p1a: Rillaboom|Grassy Glide|p2b: Iron Bundle\n|-damage|p2b: Iron Bundle|69\/100\n|move|p2b: Iron Bundle|Blizzard|p1b: Baxcalibur|[spread] p1a,p1b\n|-supereffective|p1a: Rillaboom\n|-damage|p1a: Rillaboom|0 fnt\n|-damage|p1b: Baxcalibur|38\/100\n|faint|p1a: Rillaboom\n|move|p2a: Ninetales|Blizzard|p1b: Baxcalibur\n|-damage|p1b: Baxcalibur|0 fnt\n|faint|p1b: Baxcalibur\n|\n|win|Nerdygolem513\n|raw|Monkmilt2's rating: 1190 &rarr; <strong>1166<\/strong><br \/>(-24 for losing)\n|raw|Nerdygolem513's rating: 1206 &rarr; <strong>1230<\/strong><br \/>(+24 for winning)\n","uploadtime":1697808930,"views":16,"p1id":"monkmilt2","p2id":"nerdygolem513","formatid":"gen9nationaldexdoubles","rating":1166,"private":0,"password":""}