{"id":"gen9nationaldexdoubles-1979462019","p1":"Denet12345","p2":"napstablook_23","format":"[Gen 9] National Dex Doubles","log":"|j|\u2606Denet12345\n|j|\u2606napstablook_23\n|t:|1698684564\n|gametype|doubles\n|player|p1|Denet12345|crasherwake|\n|player|p2|napstablook_23|scientist|\n|teamsize|p1|6\n|teamsize|p2|6\n|gen|9\n|tier|[Gen 9] National Dex Doubles\n|rule|HP Percentage Mod: HP is shown in percentages\n|rule|Endless Battle Clause: Forcing endless battles is banned\n|rule|OHKO Clause: OHKO moves are banned\n|rule|Evasion Moves Clause: Evasion moves are banned\n|rule|Evasion Abilities Clause: Evasion abilities are banned\n|rule|Species Clause: Limit one of each Pok\u00e9mon\n|rule|Gravity Sleep Clause: The combination of sleep-inducing moves with imperfect accuracy and Gravity or Gigantamax Orbeetle are banned\n|clearpoke\n|poke|p1|Corviknight, M|\n|poke|p1|Gyarados, M|\n|poke|p1|Arcanine-Hisui, F|\n|poke|p1|Raichu, M|\n|poke|p1|Jumpluff, M|\n|poke|p1|Scrafty, F|\n|poke|p2|Vivillon, F|\n|poke|p2|Diggersby, F|\n|poke|p2|Pelipper, M|\n|poke|p2|Gyarados, M|\n|poke|p2|Raichu-Alola, M|\n|poke|p2|Haunter, F|\n|teampreview\n|\n|t:|1698684625\n|start\n|switch|p1a: Arcanine|Arcanine-Hisui, F|100\/100\n|switch|p1b: Scrafty|Scrafty, F|100\/100\n|switch|p2a: Pelipper|Pelipper, M|100\/100\n|switch|p2b: Haunter|Haunter, F|100\/100\n|-ability|p1a: Arcanine|Intimidate|boost\n|-unboost|p2a: Pelipper|atk|1\n|-unboost|p2b: Haunter|atk|1\n|-ability|p1b: Scrafty|Intimidate|boost\n|-unboost|p2a: Pelipper|atk|1\n|-unboost|p2b: Haunter|atk|1\n|-weather|RainDance|[from] ability: Drizzle|[of] p2a: Pelipper\n|turn|1\n|\n|t:|1698684645\n|switch|p2b: Gyarados|Gyarados, M|100\/100\n|-ability|p2b: Gyarados|Intimidate|boost\n|-unboost|p1a: Arcanine|atk|1\n|-unboost|p1b: Scrafty|atk|1\n|switch|p2a: Diggersby|Diggersby, F|100\/100\n|move|p1a: Arcanine|Snarl|p2a: Diggersby|[spread] p2a,p2b\n|-damage|p2a: Diggersby|89\/100\n|-damage|p2b: Gyarados|92\/100\n|-unboost|p2a: Diggersby|spa|1\n|-unboost|p2b: Gyarados|spa|1\n|move|p1b: Scrafty|Knock Off|p2b: Gyarados\n|-damage|p2b: Gyarados|65\/100\n|\n|-weather|RainDance|[upkeep]\n|upkeep\n|turn|2\n|\n|t:|1698684680\n|detailschange|p2b: Gyarados|Gyarados-Mega, M\n|-mega|p2b: Gyarados|Gyarados|Gyaradosite\n|-ability|p2b: Gyarados|Mold Breaker\n|move|p2b: Gyarados|Protect|p2b: Gyarados\n|-singleturn|p2b: Gyarados|Protect\n|move|p2a: Diggersby|Earthquake|p1a: Arcanine|[spread] p1a,p1b\n|-activate|p2b: Gyarados|move: Protect\n|-supereffective|p1a: Arcanine\n|-damage|p1a: Arcanine|0 fnt\n|-damage|p1b: Scrafty|49\/100\n|faint|p1a: Arcanine\n|move|p1b: Scrafty|Close Combat|p2a: Diggersby\n|-supereffective|p2a: Diggersby\n|-damage|p2a: Diggersby|0 fnt\n|-unboost|p1b: Scrafty|def|1\n|-unboost|p1b: Scrafty|spd|1\n|faint|p2a: Diggersby\n|\n|-weather|RainDance|[upkeep]\n|upkeep\n|c|\u2606Denet12345|thats scarf?\n|c|\u2606napstablook_23|i dont know\n|\n|t:|1698684707\n|switch|p1a: Raichu|Raichu, M|100\/100\n|switch|p2a: Haunter|Haunter, F|100\/100\n|turn|3\n|c|\u2606Denet12345|cool\n|\n|t:|1698684719\n|move|p2a: Haunter|Ally Switch|p2a: Haunter\n|swap|p2a: Haunter|1|[from] move: Ally Switch\n|move|p1a: Raichu|Volt Tackle|p2b: Haunter\n|-damage|p2b: Haunter|43\/100\n|-damage|p1a: Raichu|79\/100|[from] Recoil\n|move|p2a: Gyarados|Earthquake|p1a: Raichu|[spread] p2b,p1a,p1b\n|-supereffective|p2b: Haunter\n|-supereffective|p1a: Raichu\n|-damage|p2b: Haunter|0 fnt\n|-damage|p1a: Raichu|0 fnt\n|-damage|p1b: Scrafty|0 fnt\n|faint|p2b: Haunter\n|faint|p1a: Raichu\n|faint|p1b: Scrafty\n|\n|-weather|RainDance|[upkeep]\n|upkeep\n|c|\u2606Denet12345|oh mold breaker\n|\n|t:|1698684739\n|switch|p1a: Gyarados|Gyarados, M|100\/100\n|switch|p2b: Vivillon|Vivillon, F|100\/100\n|switch|p1b: Jumpluff|Jumpluff, M|100\/100\n|-ability|p1a: Gyarados|Intimidate|boost\n|-unboost|p2a: Gyarados|atk|1\n|-unboost|p2b: Vivillon|atk|1\n|turn|4\n|c|\u2606napstablook_23|lol\n|\n|t:|1698684761\n|-terastallize|p1b: Jumpluff|Water\n|move|p1b: Jumpluff|Rage Powder|p1b: Jumpluff\n|-singleturn|p1b: Jumpluff|move: Rage Powder\n|move|p2b: Vivillon|Substitute|p2b: Vivillon\n|-start|p2b: Vivillon|Substitute\n|-damage|p2b: Vivillon|76\/100\n|-zpower|p1a: Gyarados\n|move|p1a: Gyarados|Z-Celebrate|p1a: Gyarados|[anim]Celebrate\n|-boost|p1a: Gyarados|atk|1|[zeffect]\n|-boost|p1a: Gyarados|def|1|[zeffect]\n|-boost|p1a: Gyarados|spa|1|[zeffect]\n|-boost|p1a: Gyarados|spd|1|[zeffect]\n|-boost|p1a: Gyarados|spe|1|[zeffect]\n|-activate|p1a: Gyarados|move: Celebrate\n|move|p2a: Gyarados|Waterfall|p1b: Jumpluff\n|-resisted|p1b: Jumpluff\n|-damage|p1b: Jumpluff|69\/100\n|\n|-weather|RainDance|[upkeep]\n|-heal|p1b: Jumpluff|76\/100|[from] item: Leftovers\n|upkeep\n|turn|5\n|\n|t:|1698684789\n|move|p2a: Gyarados|Protect|p2a: Gyarados\n|-singleturn|p2a: Gyarados|Protect\n|move|p1a: Gyarados|Earthquake|p2a: Gyarados|[spread] p1b\n|-activate|p2a: Gyarados|move: Protect\n|-immune|p2b: Vivillon\n|-damage|p1b: Jumpluff|22\/100\n|move|p1b: Jumpluff|Strength Sap|p2a: Gyarados\n|-activate|p2a: Gyarados|move: Protect\n|move|p2b: Vivillon|Sleep Powder|p1a: Gyarados\n|-status|p1a: Gyarados|slp|[from] move: Sleep Powder\n|\n|-weather|none\n|-heal|p1b: Jumpluff|28\/100|[from] item: Leftovers\n|upkeep\n|turn|6\n|c|\u2606napstablook_23|thanks\n|\n|t:|1698684813\n|cant|p1a: Gyarados|slp\n|move|p1b: Jumpluff|Strength Sap|p2a: Gyarados\n|-unboost|p2a: Gyarados|atk|1\n|-heal|p1b: Jumpluff|100\/100\n|move|p2b: Vivillon|Quiver Dance|p2b: Vivillon\n|-boost|p2b: Vivillon|spa|1\n|-boost|p2b: Vivillon|spd|1\n|-boost|p2b: Vivillon|spe|1\n|move|p2a: Gyarados|Waterfall|p1b: Jumpluff\n|-resisted|p1b: Jumpluff\n|-crit|p1b: Jumpluff\n|-damage|p1b: Jumpluff|51\/100\n|\n|-heal|p1b: Jumpluff|57\/100|[from] item: Leftovers\n|upkeep\n|turn|7\n|\n|t:|1698684836\n|move|p2b: Vivillon|Quiver Dance|p2b: Vivillon\n|-boost|p2b: Vivillon|spa|1\n|-boost|p2b: Vivillon|spd|1\n|-boost|p2b: Vivillon|spe|1\n|-curestatus|p1a: Gyarados|slp|[msg]\n|move|p1a: Gyarados|Waterfall|p2b: Vivillon\n|-end|p2b: Vivillon|Substitute\n|move|p1b: Jumpluff|Sleep Powder|p2a: Gyarados\n|-status|p2a: Gyarados|slp|[from] move: Sleep Powder\n|cant|p2a: Gyarados|slp\n|\n|-heal|p1b: Jumpluff|63\/100|[from] item: Leftovers\n|upkeep\n|turn|8\n|\n|t:|1698684857\n|switch|p2a: Pelipper|Pelipper, M|100\/100\n|-weather|RainDance|[from] ability: Drizzle|[of] p2a: Pelipper\n|move|p1b: Jumpluff|Rage Powder|p1b: Jumpluff\n|-singleturn|p1b: Jumpluff|move: Rage Powder\n|move|p2b: Vivillon|Substitute|p2b: Vivillon\n|-start|p2b: Vivillon|Substitute\n|-damage|p2b: Vivillon|51\/100\n|move|p1a: Gyarados|Waterfall|p2b: Vivillon\n|-end|p2b: Vivillon|Substitute\n|\n|-weather|RainDance|[upkeep]\n|-heal|p1b: Jumpluff|70\/100|[from] item: Leftovers\n|upkeep\n|turn|9\n|\n|t:|1698684878\n|move|p1b: Jumpluff|Rage Powder|p1b: Jumpluff\n|-singleturn|p1b: Jumpluff|move: Rage Powder\n|move|p2b: Vivillon|Substitute|p2b: Vivillon\n|-start|p2b: Vivillon|Substitute\n|-damage|p2b: Vivillon|26\/100\n|move|p1a: Gyarados|Waterfall|p2b: Vivillon\n|-crit|p2b: Vivillon\n|-end|p2b: Vivillon|Substitute\n|move|p2a: Pelipper|Hurricane|p1b: Jumpluff\n|-damage|p1b: Jumpluff|36\/100\n|\n|-weather|RainDance|[upkeep]\n|-heal|p1b: Jumpluff|42\/100|[from] item: Leftovers\n|upkeep\n|turn|10\n|c|\u2606Denet12345|do we have a sleep clause in DOU?\n|\n|t:|1698684917\n|move|p1b: Jumpluff|Rage Powder|p1b: Jumpluff\n|-singleturn|p1b: Jumpluff|move: Rage Powder\n|move|p2b: Vivillon|Sleep Powder|p1b: Jumpluff\n|-status|p1b: Jumpluff|slp|[from] move: Sleep Powder\n|move|p1a: Gyarados|Waterfall|p2b: Vivillon\n|-damage|p2b: Vivillon|0 fnt\n|faint|p2b: Vivillon\n|move|p2a: Pelipper|Hurricane|p1b: Jumpluff\n|-damage|p1b: Jumpluff|4\/100 slp\n|\n|-weather|RainDance|[upkeep]\n|-heal|p1b: Jumpluff|10\/100 slp|[from] item: Leftovers\n|upkeep\n|\n|t:|1698684924\n|switch|p2b: Raichu|Raichu-Alola, M|100\/100\n|turn|11\n|\n|t:|1698684937\n|cant|p1b: Jumpluff|slp\n|move|p1a: Gyarados|Crunch|p2b: Raichu\n|-supereffective|p2b: Raichu\n|-damage|p2b: Raichu|0 fnt\n|faint|p2b: Raichu\n|move|p2a: Pelipper|Hurricane|p1a: Gyarados\n|-damage|p1a: Gyarados|74\/100\n|\n|-weather|RainDance|[upkeep]\n|-heal|p1b: Jumpluff|16\/100 slp|[from] item: Leftovers\n|upkeep\n|-message|napstablook_23 forfeited.\n|\n|win|Denet12345\n|l|\u2606napstablook_23\n|c|\u2606Denet12345|gg\n","uploadtime":1698684953,"views":12,"p1id":"denet12345","p2id":"napstablook23","formatid":"gen9nationaldexdoubles","rating":0,"private":0,"password":""}