{"id":"gen9nationaldexdoubles-1994332334","p1":"Edso2021","p2":"Dino3240","format":"[Gen 9] National Dex Doubles","log":"|j|\u2606Edso2021\n|j|\u2606Dino3240\n|t:|1700432040\n|gametype|doubles\n|player|p1|Edso2021|266|\n|player|p2|Dino3240|hilbert|\n|teamsize|p1|6\n|teamsize|p2|6\n|gen|9\n|tier|[Gen 9] National Dex Doubles\n|rule|HP Percentage Mod: HP is shown in percentages\n|rule|Endless Battle Clause: Forcing endless battles is banned\n|rule|OHKO Clause: OHKO moves are banned\n|rule|Evasion Moves Clause: Evasion moves are banned\n|rule|Evasion Abilities Clause: Evasion abilities are banned\n|rule|Species Clause: Limit one of each Pok\u00e9mon\n|rule|Gravity Sleep Clause: The combination of sleep-inducing moves with imperfect accuracy and Gravity or Gigantamax Orbeetle are banned\n|clearpoke\n|poke|p1|Cyndaquil, M|\n|poke|p1|Totodile, M|\n|poke|p1|Treecko, F|\n|poke|p1|Pichu, F|\n|poke|p1|Rowlet, M|\n|poke|p1|Scorbunny, M|\n|poke|p2|Scorbunny, M|\n|poke|p2|Riolu, M|\n|poke|p2|Mudkip, M|\n|poke|p2|Treecko, M|\n|poke|p2|Charmander, M|\n|poke|p2|Bulbasaur, F|\n|teampreview\n|\n|t:|1700432068\n|start\n|switch|p1a: Cyndaquil|Cyndaquil, M|100\/100\n|switch|p1b: Pichu|Pichu, F|100\/100\n|switch|p2a: Charmander|Charmander, M|100\/100\n|switch|p2b: Bulbasaur|Bulbasaur, F|100\/100\n|turn|1\n|\n|t:|1700432099\n|-terastallize|p2b: Bulbasaur|Dragon\n|move|p1b: Pichu|Nuzzle|p2a: Charmander\n|-damage|p2a: Charmander|89\/100\n|-status|p2a: Charmander|par\n|move|p1a: Cyndaquil|Extrasensory|p2b: Bulbasaur\n|-damage|p2b: Bulbasaur|67\/100\n|move|p2b: Bulbasaur|Sleep Powder|p1a: Cyndaquil\n|-status|p1a: Cyndaquil|slp|[from] move: Sleep Powder\n|move|p2a: Charmander|Ancient Power|p1b: Pichu\n|-damage|p1b: Pichu|43\/100\n|\n|upkeep\n|turn|2\n|\n|t:|1700432132\n|move|p1b: Pichu|Play Rough|p2b: Bulbasaur\n|-supereffective|p2b: Bulbasaur\n|-damage|p2b: Bulbasaur|32\/100\n|cant|p1a: Cyndaquil|slp\n|move|p2b: Bulbasaur|Giga Drain|p1a: Cyndaquil\n|-resisted|p1a: Cyndaquil\n|-damage|p1a: Cyndaquil|70\/100 slp\n|-heal|p2b: Bulbasaur|45\/100|[from] drain|[of] p1a: Cyndaquil\n|move|p2a: Charmander|Ancient Power|p1b: Pichu\n|-damage|p1b: Pichu|0 fnt\n|faint|p1b: Pichu\n|\n|upkeep\n|\n|t:|1700432154\n|switch|p1b: Scorbunny|Scorbunny, M|100\/100\n|turn|3\n|\n|t:|1700432179\n|move|p1b: Scorbunny|Gunk Shot|p2a: Charmander|[miss]\n|-start|p1b: Scorbunny|typechange|Poison|[from] ability: Libero\n|-miss|p1b: Scorbunny|p2a: Charmander\n|cant|p1a: Cyndaquil|slp\n|move|p2b: Bulbasaur|Sludge Bomb|p1b: Scorbunny\n|-resisted|p1b: Scorbunny\n|-damage|p1b: Scorbunny|62\/100\n|move|p2a: Charmander|Ancient Power|p1b: Scorbunny\n|-crit|p1b: Scorbunny\n|-damage|p1b: Scorbunny|5\/100\n|\n|upkeep\n|turn|4\n|\n|t:|1700432197\n|switch|p1b: Treecko|Treecko, F|100\/100\n|-curestatus|p1a: Cyndaquil|slp|[msg]\n|move|p1a: Cyndaquil|Extrasensory|p2b: Bulbasaur\n|-damage|p2b: Bulbasaur|15\/100\n|move|p2b: Bulbasaur|Giga Drain|p1a: Cyndaquil\n|-resisted|p1a: Cyndaquil\n|-damage|p1a: Cyndaquil|43\/100\n|-heal|p2b: Bulbasaur|26\/100|[from] drain|[of] p1a: Cyndaquil\n|cant|p2a: Charmander|par\n|\n|upkeep\n|turn|5\n|\n|t:|1700432225\n|move|p1b: Treecko|Dragon Breath|p2b: Bulbasaur\n|-supereffective|p2b: Bulbasaur\n|-damage|p2b: Bulbasaur|0 fnt\n|faint|p2b: Bulbasaur\n|-damage|p1b: Treecko|91\/100|[from] item: Life Orb\n|move|p1a: Cyndaquil|Extrasensory|p2a: Charmander\n|-damage|p2a: Charmander|36\/100 par\n|move|p2a: Charmander|Flamethrower|p1b: Treecko\n|-supereffective|p1b: Treecko\n|-damage|p1b: Treecko|0 fnt\n|faint|p1b: Treecko\n|\n|upkeep\n|\n|t:|1700432240\n|switch|p1b: Totodile|Totodile, M|100\/100\n|switch|p2b: Mudkip|Mudkip, M|100\/100\n|turn|6\n|\n|t:|1700432254\n|move|p1a: Cyndaquil|Extrasensory|p2b: Mudkip\n|-damage|p2b: Mudkip|60\/100\n|move|p1b: Totodile|Dragon Dance|p1b: Totodile\n|-boost|p1b: Totodile|atk|1\n|-boost|p1b: Totodile|spe|1\n|move|p2a: Charmander|Ancient Power|p1a: Cyndaquil\n|-supereffective|p1a: Cyndaquil\n|-damage|p1a: Cyndaquil|0 fnt\n|faint|p1a: Cyndaquil\n|move|p2b: Mudkip|Avalanche|p1b: Totodile\n|-resisted|p1b: Totodile\n|-damage|p1b: Totodile|89\/100\n|\n|-heal|p1b: Totodile|95\/100|[from] item: Leftovers\n|upkeep\n|\n|t:|1700432270\n|switch|p1a: Rowlet|Rowlet, M|100\/100\n|turn|7\n|\n|t:|1700432282\n|move|p1b: Totodile|Dragon Claw|p2b: Mudkip\n|-damage|p2b: Mudkip|31\/100\n|move|p1a: Rowlet|Leaf Blade|p2b: Mudkip\n|-supereffective|p2b: Mudkip\n|-damage|p2b: Mudkip|0 fnt\n|faint|p2b: Mudkip\n|cant|p2a: Charmander|par\n|\n|-heal|p1b: Totodile|100\/100|[from] item: Leftovers\n|upkeep\n|\n|t:|1700432297\n|switch|p2b: Treecko|Treecko, M|100\/100\n|turn|8\n|\n|t:|1700432310\n|move|p2b: Treecko|Substitute|p2b: Treecko\n|-start|p2b: Treecko|Substitute\n|-damage|p2b: Treecko|76\/100\n|move|p1b: Totodile|Ice Punch|p2b: Treecko\n|-supereffective|p2b: Treecko\n|-end|p2b: Treecko|Substitute\n|move|p1a: Rowlet|Brave Bird|p2b: Treecko\n|-supereffective|p2b: Treecko\n|-damage|p2b: Treecko|0 fnt\n|faint|p2b: Treecko\n|-damage|p1a: Rowlet|84\/100|[from] Recoil\n|move|p2a: Charmander|Heat Wave|p1b: Totodile|[spread] p1b\n|-miss|p2a: Charmander|p1a: Rowlet\n|-resisted|p1b: Totodile\n|-damage|p1b: Totodile|75\/100\n|\n|-heal|p1b: Totodile|81\/100|[from] item: Leftovers\n|upkeep\n|\n|t:|1700432329\n|switch|p2b: Riolu|Riolu, M|100\/100\n|turn|9\n|\n|t:|1700432357\n|move|p1b: Totodile|Dragon Claw|p2b: Riolu\n|-damage|p2b: Riolu|42\/100\n|move|p2b: Riolu|Drain Punch|p1b: Totodile\n|-damage|p1b: Totodile|49\/100\n|-heal|p2b: Riolu|60\/100|[from] drain|[of] p1b: Totodile\n|move|p1a: Rowlet|Brave Bird|p2b: Riolu\n|-supereffective|p2b: Riolu\n|-damage|p2b: Riolu|0 fnt\n|faint|p2b: Riolu\n|-damage|p1a: Rowlet|70\/100|[from] Recoil\n|move|p2a: Charmander|Mud-Slap|p1b: Totodile\n|-damage|p1b: Totodile|40\/100\n|-unboost|p1b: Totodile|accuracy|1\n|\n|-heal|p1b: Totodile|46\/100|[from] item: Leftovers\n|upkeep\n|\n|t:|1700432377\n|switch|p2b: Scorbunny|Scorbunny, M|100\/100\n|turn|10\n|\n|t:|1700432413\n|-terastallize|p1a: Rowlet|Fire\n|move|p2b: Scorbunny|Gunk Shot|p1b: Totodile\n|-start|p2b: Scorbunny|typechange|Poison|[from] ability: Libero\n|-damage|p1b: Totodile|0 fnt\n|faint|p1b: Totodile\n|move|p1a: Rowlet|Brave Bird|p2b: Scorbunny\n|-damage|p2b: Scorbunny|11\/100\n|-damage|p1a: Rowlet|49\/100|[from] Recoil\n|cant|p2a: Charmander|par\n|\n|upkeep\n|\n|t:|1700432424\n|switch|p1b: Scorbunny|Scorbunny, M|5\/100\n|turn|11\n|\n|t:|1700432455\n|move|p2b: Scorbunny|Gunk Shot|p1a: Rowlet\n|-damage|p1a: Rowlet|0 fnt\n|faint|p1a: Rowlet\n|move|p1b: Scorbunny|Low Kick|p2b: Scorbunny\n|-start|p1b: Scorbunny|typechange|Fighting|[from] ability: Libero\n|-resisted|p2b: Scorbunny\n|-damage|p2b: Scorbunny|0 fnt\n|faint|p2b: Scorbunny\n|-damage|p1b: Scorbunny|0 fnt|[from] item: Life Orb\n|faint|p1b: Scorbunny\n|\n|win|Dino3240\n","uploadtime":1700432470,"views":5,"p1id":"edso2021","p2id":"dino3240","formatid":"gen9nationaldexdoubles","rating":0,"private":0,"password":""}