{"id":"gen9nationaldexdoubles-1973162868","p1":"A real eel","p2":"MathHacker","format":"[Gen 9] National Dex Doubles","log":"|j|\u2606A real eel\n|j|\u2606MathHacker\n|t:|1697934589\n|gametype|doubles\n|player|p1|A real eel|janitor|1352\n|player|p2|MathHacker|richboy-gen4|1389\n|teamsize|p1|6\n|teamsize|p2|6\n|gen|9\n|tier|[Gen 9] National Dex Doubles\n|rated|\n|rule|HP Percentage Mod: HP is shown in percentages\n|rule|Endless Battle Clause: Forcing endless battles is banned\n|rule|OHKO Clause: OHKO moves are banned\n|rule|Evasion Moves Clause: Evasion moves are banned\n|rule|Evasion Abilities Clause: Evasion abilities are banned\n|rule|Species Clause: Limit one of each Pok\u00e9mon\n|rule|Gravity Sleep Clause: The combination of sleep-inducing moves with imperfect accuracy and Gravity or Gigantamax Orbeetle are banned\n|clearpoke\n|poke|p1|Jirachi|\n|poke|p1|Indeedee-F, F|\n|poke|p1|Flutter Mane|\n|poke|p1|Rillaboom, F|\n|poke|p1|Dunsparce, F|\n|poke|p1|Maushold-Four|\n|poke|p2|Shuckle, M|\n|poke|p2|Pelipper, M|\n|poke|p2|Cresselia, F|\n|poke|p2|Torkoal, M|\n|poke|p2|Oranguru, F|\n|poke|p2|Ursaluna, F|\n|teampreview\n|\n|t:|1697934603\n|start\n|switch|p1a: Jirachi|Jirachi|100\/100\n|switch|p1b: Indeedee|Indeedee-F, F|100\/100\n|switch|p2a: Shucky|Shuckle, M, shiny|100\/100\n|switch|p2b: munke|Oranguru, F|100\/100\n|-fieldstart|move: Psychic Terrain|[from] ability: Psychic Surge|[of] p1b: Indeedee\n|turn|1\n|inactive|Battle timer is ON: inactive players will automatically lose when time's up. (requested by A real eel)\n|\n|t:|1697934615\n|move|p1a: Jirachi|Ancient Power|p2a: Shucky\n|-supereffective|p2a: Shucky\n|-damage|p2a: Shucky|82\/100\n|-boost|p1a: Jirachi|atk|1\n|-boost|p1a: Jirachi|def|1\n|-boost|p1a: Jirachi|spa|1\n|-boost|p1a: Jirachi|spd|1\n|-boost|p1a: Jirachi|spe|1\n|move|p1b: Indeedee|Expanding Force|p2b: munke|[spread] p2a,p2b\n|-resisted|p2b: munke\n|-damage|p2a: Shucky|59\/100\n|-damage|p2b: munke|86\/100\n|move|p2a: Shucky|Power Trick|p2a: Shucky\n|-start|p2a: Shucky|Power Trick\n|move|p2b: munke|Trick Room|p2b: munke\n|-fieldstart|move: Trick Room|[of] p2b: munke\n|\n|upkeep\n|turn|2\n|\n|t:|1697934631\n|move|p1b: Indeedee|Follow Me|p1b: Indeedee\n|-singleturn|p1b: Indeedee|move: Follow Me\n|move|p2a: Shucky|Rock Slide|p1b: Indeedee|[spread] p1a,p1b\n|-resisted|p1a: Jirachi\n|-damage|p1a: Jirachi|85\/100\n|-damage|p1b: Indeedee|10\/100\n|move|p2b: munke|Instruct|p1b: Indeedee\n|-singleturn|p1b: Indeedee|move: Instruct|[of] p2b: munke\n|move|p1b: Indeedee|Follow Me||[still]\n|-fail|p1b: Indeedee\n|move|p1a: Jirachi|Ancient Power|p2a: Shucky\n|-supereffective|p2a: Shucky\n|-damage|p2a: Shucky|29\/100\n|\n|-heal|p1a: Jirachi|91\/100|[from] item: Leftovers\n|upkeep\n|turn|3\n|inactive|MathHacker has 120 seconds left.\n|\n|t:|1697934662\n|move|p1b: Indeedee|Follow Me|p1b: Indeedee\n|-singleturn|p1b: Indeedee|move: Follow Me\n|move|p2a: Shucky|Rock Slide|p1b: Indeedee|[spread] p1a,p1b\n|-resisted|p1a: Jirachi\n|-crit|p1b: Indeedee\n|-damage|p1a: Jirachi|74\/100\n|-damage|p1b: Indeedee|0 fnt\n|faint|p1b: Indeedee\n|move|p2b: munke|Instruct|p2a: Shucky\n|-singleturn|p2a: Shucky|move: Instruct|[of] p2b: munke\n|move|p2a: Shucky|Rock Slide|p1a: Jirachi\n|-resisted|p1a: Jirachi\n|-damage|p1a: Jirachi|51\/100\n|cant|p1a: Jirachi|flinch\n|\n|-heal|p1a: Jirachi|58\/100|[from] item: Leftovers\n|upkeep\n|\n|t:|1697934672\n|switch|p1b: Rillaboom|Rillaboom, F|100\/100\n|-fieldstart|move: Grassy Terrain|[from] ability: Grassy Surge|[of] p1b: Rillaboom\n|turn|4\n|\n|t:|1697934692\n|-terastallize|p2a: Shucky|Ghost\n|move|p1b: Rillaboom|Fake Out|p2a: Shucky\n|-immune|p2a: Shucky\n|move|p2a: Shucky|Gyro Ball|p1b: Rillaboom\n|-damage|p1b: Rillaboom|10\/100\n|move|p2b: munke|Instruct|p2a: Shucky\n|-singleturn|p2a: Shucky|move: Instruct|[of] p2b: munke\n|move|p2a: Shucky|Gyro Ball|p1b: Rillaboom\n|-damage|p1b: Rillaboom|0 fnt\n|faint|p1b: Rillaboom\n|move|p1a: Jirachi|Ancient Power|p2a: Shucky\n|-damage|p2a: Shucky|14\/100\n|\n|-heal|p2a: Shucky|20\/100|[from] Grassy Terrain\n|-heal|p2b: munke|92\/100|[from] Grassy Terrain\n|-heal|p1a: Jirachi|64\/100|[from] Grassy Terrain\n|-heal|p1a: Jirachi|70\/100|[from] item: Leftovers\n|upkeep\n|\n|t:|1697934707\n|switch|p1b: Maushold|Maushold-Four|100\/100\n|-item|p1b: Maushold|Air Balloon\n|turn|5\n|\n|t:|1697934714\n|move|p1b: Maushold|Follow Me|p1b: Maushold\n|-singleturn|p1b: Maushold|move: Follow Me\n|move|p2a: Shucky|Rock Slide|p1a: Jirachi|[spread] p1a,p1b\n|-resisted|p1a: Jirachi\n|-damage|p1a: Jirachi|58\/100\n|-damage|p1b: Maushold|2\/100\n|-enditem|p1b: Maushold|Air Balloon\n|move|p2b: munke|Instruct|p1b: Maushold\n|-singleturn|p1b: Maushold|move: Instruct|[of] p2b: munke\n|move|p1b: Maushold|Follow Me||[still]\n|-fail|p1b: Maushold\n|cant|p1a: Jirachi|flinch\n|\n|-heal|p2a: Shucky|26\/100|[from] Grassy Terrain\n|-heal|p2b: munke|99\/100|[from] Grassy Terrain\n|-heal|p1b: Maushold|8\/100|[from] Grassy Terrain\n|-heal|p1a: Jirachi|65\/100|[from] Grassy Terrain\n|-heal|p1a: Jirachi|71\/100|[from] item: Leftovers\n|-fieldend|move: Trick Room\n|upkeep\n|turn|6\n|\n|t:|1697934738\n|move|p2a: Shucky|Protect|p2a: Shucky\n|-singleturn|p2a: Shucky|Protect\n|move|p1a: Jirachi|Ancient Power|p2a: Shucky\n|-activate|p2a: Shucky|move: Protect\n|move|p1b: Maushold|Thunder Wave|p2b: munke\n|-status|p2b: munke|par\n|move|p2b: munke|Trick Room|p2b: munke\n|-fieldstart|move: Trick Room|[of] p2b: munke\n|\n|-heal|p2a: Shucky|32\/100|[from] Grassy Terrain\n|-heal|p2b: munke|100\/100 par|[from] Grassy Terrain\n|-heal|p1b: Maushold|14\/100|[from] Grassy Terrain\n|-heal|p1a: Jirachi|77\/100|[from] Grassy Terrain\n|-heal|p1a: Jirachi|83\/100|[from] item: Leftovers\n|upkeep\n|turn|7\n|\n|t:|1697934755\n|move|p1b: Maushold|Follow Me|p1b: Maushold\n|-singleturn|p1b: Maushold|move: Follow Me\n|move|p2a: Shucky|Rock Slide|p1a: Jirachi|[spread] p1a,p1b\n|-resisted|p1a: Jirachi\n|-damage|p1a: Jirachi|71\/100\n|-damage|p1b: Maushold|0 fnt\n|faint|p1b: Maushold\n|cant|p2b: munke|par\n|cant|p1a: Jirachi|flinch\n|\n|-heal|p2a: Shucky|39\/100|[from] Grassy Terrain\n|-heal|p1a: Jirachi|77\/100|[from] Grassy Terrain\n|-heal|p1a: Jirachi|83\/100|[from] item: Leftovers\n|upkeep\n|\n|t:|1697934757\n|switch|p1b: Dunsparce|Dunsparce, F|100\/100\n|turn|8\n|\n|t:|1697934775\n|move|p2a: Shucky|Rock Slide|p1a: Jirachi|[spread] p1a,p1b\n|-resisted|p1a: Jirachi\n|-damage|p1a: Jirachi|65\/100\n|-damage|p1b: Dunsparce|52\/100\n|move|p2b: munke|Instruct|p2a: Shucky\n|-singleturn|p2a: Shucky|move: Instruct|[of] p2b: munke\n|move|p2a: Shucky|Rock Slide|p1a: Jirachi|[spread] p1a,p1b\n|-resisted|p1a: Jirachi\n|-damage|p1a: Jirachi|48\/100\n|-damage|p1b: Dunsparce|3\/100\n|move|p1b: Dunsparce|Ancient Power|p2a: Shucky\n|-damage|p2a: Shucky|28\/100\n|move|p1a: Jirachi|Ancient Power|p2a: Shucky\n|-damage|p2a: Shucky|15\/100\n|\n|-heal|p2a: Shucky|21\/100|[from] Grassy Terrain\n|-heal|p1b: Dunsparce|10\/100|[from] Grassy Terrain\n|-heal|p1a: Jirachi|54\/100|[from] Grassy Terrain\n|-heal|p1a: Jirachi|61\/100|[from] item: Leftovers\n|-fieldend|move: Grassy Terrain\n|upkeep\n|turn|9\n|\n|t:|1697934804\n|move|p2a: Shucky|Rock Slide|p1a: Jirachi|[spread] p1a,p1b\n|-resisted|p1a: Jirachi\n|-crit|p1a: Jirachi\n|-damage|p1a: Jirachi|25\/100\n|-damage|p1b: Dunsparce|0 fnt\n|faint|p1b: Dunsparce\n|cant|p2b: munke|par\n|move|p1a: Jirachi|Wish|p1a: Jirachi\n|\n|-heal|p1a: Jirachi|31\/100|[from] item: Leftovers\n|upkeep\n|\n|t:|1697934812\n|switch|p1b: Flutter Mane|Flutter Mane|100\/100\n|turn|10\n|\n|t:|1697934825\n|move|p1a: Jirachi|Protect|p1a: Jirachi\n|-singleturn|p1a: Jirachi|Protect\n|move|p2a: Shucky|Gyro Ball|p1b: Flutter Mane\n|-supereffective|p1b: Flutter Mane\n|-damage|p1b: Flutter Mane|0 fnt\n|faint|p1b: Flutter Mane\n|-end|p1b: Flutter Mane|Protosynthesis|[silent]\n|move|p2b: munke|Instruct|p2a: Shucky\n|-singleturn|p2a: Shucky|move: Instruct|[of] p2b: munke\n|move|p2a: Shucky|Gyro Ball|p1a: Jirachi\n|-activate|p1a: Jirachi|move: Protect\n|\n|-heal|p1a: Jirachi|81\/100|[from] move: Wish|[wisher] Jirachi\n|-heal|p1a: Jirachi|87\/100|[from] item: Leftovers\n|-fieldend|move: Trick Room\n|upkeep\n|turn|11\n|\n|t:|1697934848\n|move|p1a: Jirachi|Ancient Power|p2a: Shucky\n|-damage|p2a: Shucky|6\/100\n|move|p2a: Shucky|Gyro Ball|p1a: Jirachi\n|-resisted|p1a: Jirachi\n|-damage|p1a: Jirachi|61\/100\n|move|p2b: munke|Trick Room|p2b: munke\n|-fieldstart|move: Trick Room|[of] p2b: munke\n|\n|-heal|p1a: Jirachi|67\/100|[from] item: Leftovers\n|upkeep\n|turn|12\n|\n|t:|1697934861\n|move|p2a: Shucky|Gyro Ball|p1a: Jirachi\n|-resisted|p1a: Jirachi\n|-damage|p1a: Jirachi|44\/100\n|move|p2b: munke|Instruct|p2a: Shucky\n|-singleturn|p2a: Shucky|move: Instruct|[of] p2b: munke\n|move|p2a: Shucky|Gyro Ball|p1a: Jirachi\n|-resisted|p1a: Jirachi\n|-damage|p1a: Jirachi|18\/100\n|move|p1a: Jirachi|Wish|p1a: Jirachi\n|\n|-heal|p1a: Jirachi|24\/100|[from] item: Leftovers\n|upkeep\n|turn|13\n|\n|t:|1697934873\n|move|p1a: Jirachi|Protect|p1a: Jirachi\n|-singleturn|p1a: Jirachi|Protect\n|move|p2a: Shucky|Gyro Ball|p1a: Jirachi\n|-activate|p1a: Jirachi|move: Protect\n|cant|p2b: munke|par\n|\n|-heal|p1a: Jirachi|74\/100|[from] move: Wish|[wisher] Jirachi\n|-heal|p1a: Jirachi|80\/100|[from] item: Leftovers\n|upkeep\n|turn|14\n|\n|t:|1697934898\n|move|p2a: Shucky|Rock Slide|p1a: Jirachi\n|-resisted|p1a: Jirachi\n|-damage|p1a: Jirachi|59\/100\n|cant|p2b: munke|par\n|move|p1a: Jirachi|Wish|p1a: Jirachi\n|\n|-heal|p1a: Jirachi|65\/100|[from] item: Leftovers\n|upkeep\n|turn|15\n|\n|t:|1697934913\n|move|p2a: Shucky|Rock Slide|p1a: Jirachi\n|-resisted|p1a: Jirachi\n|-damage|p1a: Jirachi|43\/100\n|move|p2b: munke|Instruct|p2a: Shucky\n|-singleturn|p2a: Shucky|move: Instruct|[of] p2b: munke\n|move|p2a: Shucky|Rock Slide|p1a: Jirachi\n|-resisted|p1a: Jirachi\n|-damage|p1a: Jirachi|20\/100\n|cant|p1a: Jirachi|flinch\n|\n|-heal|p1a: Jirachi|70\/100|[from] move: Wish|[wisher] Jirachi\n|-heal|p1a: Jirachi|76\/100|[from] item: Leftovers\n|-fieldend|move: Trick Room\n|upkeep\n|turn|16\n|\n|t:|1697934932\n|move|p1a: Jirachi|Ancient Power|p2a: Shucky\n|-damage|p2a: Shucky|0 fnt\n|faint|p2a: Shucky\n|move|p2b: munke|Trick Room|p2b: munke\n|-fieldstart|move: Trick Room|[of] p2b: munke\n|\n|-heal|p1a: Jirachi|82\/100|[from] item: Leftovers\n|upkeep\n|\n|t:|1697934937\n|switch|p2a: Yertle|Torkoal, M|100\/100\n|-weather|SunnyDay|[from] ability: Drought|[of] p2a: Yertle\n|turn|17\n|\n|t:|1697934946\n|move|p1a: Jirachi|Protect|p1a: Jirachi\n|-singleturn|p1a: Jirachi|Protect\n|move|p2a: Yertle|Eruption|p1a: Jirachi\n|-activate|p1a: Jirachi|move: Protect\n|cant|p2b: munke|par\n|\n|-weather|SunnyDay|[upkeep]\n|-heal|p1a: Jirachi|88\/100|[from] item: Leftovers\n|upkeep\n|turn|18\n|\n|t:|1697934960\n|-terastallize|p1a: Jirachi|Fairy\n|move|p2a: Yertle|Eruption|p1a: Jirachi\n|-damage|p1a: Jirachi|26\/100\n|cant|p2b: munke|par\n|move|p1a: Jirachi|Wish|p1a: Jirachi\n|\n|-weather|SunnyDay|[upkeep]\n|-heal|p1a: Jirachi|32\/100|[from] item: Leftovers\n|upkeep\n|turn|19\n|\n|t:|1697934971\n|move|p1a: Jirachi|Protect|p1a: Jirachi\n|-singleturn|p1a: Jirachi|Protect\n|move|p2a: Yertle|Eruption|p1a: Jirachi\n|-activate|p1a: Jirachi|move: Protect\n|move|p2b: munke|Instruct|p2a: Yertle\n|-singleturn|p2a: Yertle|move: Instruct|[of] p2b: munke\n|move|p2a: Yertle|Eruption|p1a: Jirachi\n|-activate|p1a: Jirachi|move: Protect\n|\n|-weather|SunnyDay|[upkeep]\n|-heal|p1a: Jirachi|82\/100|[from] move: Wish|[wisher] Jirachi\n|-heal|p1a: Jirachi|88\/100|[from] item: Leftovers\n|upkeep\n|turn|20\n|\n|t:|1697934989\n|move|p1a: Jirachi|Protect|p1a: Jirachi\n|-singleturn|p1a: Jirachi|Protect\n|move|p2a: Yertle|Eruption|p1a: Jirachi\n|-activate|p1a: Jirachi|move: Protect\n|move|p2b: munke|Instruct|p2a: Yertle\n|-singleturn|p2a: Yertle|move: Instruct|[of] p2b: munke\n|move|p2a: Yertle|Eruption|p1a: Jirachi\n|-activate|p1a: Jirachi|move: Protect\n|\n|-weather|SunnyDay|[upkeep]\n|-heal|p1a: Jirachi|94\/100|[from] item: Leftovers\n|-fieldend|move: Trick Room\n|upkeep\n|turn|21\n|\n|t:|1697935003\n|move|p2a: Yertle|Protect|p2a: Yertle\n|-singleturn|p2a: Yertle|Protect\n|move|p1a: Jirachi|Ancient Power|p2a: Yertle\n|-activate|p2a: Yertle|move: Protect\n|move|p2b: munke|Trick Room|p2b: munke\n|-fieldstart|move: Trick Room|[of] p2b: munke\n|\n|-weather|none\n|-heal|p1a: Jirachi|100\/100|[from] item: Leftovers\n|upkeep\n|turn|22\n|-message|A real eel forfeited.\n|\n|win|MathHacker\n|raw|A real eel's rating: 1352 &rarr; <strong>1334<\/strong><br \/>(-18 for losing)\n|raw|MathHacker's rating: 1389 &rarr; <strong>1407<\/strong><br \/>(+18 for winning)\n|l|\u2606A real eel\n","uploadtime":1697935031,"views":11,"p1id":"arealeel","p2id":"mathhacker","formatid":"gen9nationaldexdoubles","rating":1334,"private":0,"password":""}