{"id":"gen9nationaldexdoubles-1949086997","p1":"Eli10TheGoat","p2":"PhrogVI","format":"[Gen 9] National Dex Doubles","log":"|j|\u2606Eli10TheGoat\n|j|\u2606PhrogVI\n|t:|1695324833\n|gametype|doubles\n|player|p1|Eli10TheGoat|2|1058\n|player|p2|PhrogVI|veteran|1000\n|teamsize|p1|6\n|teamsize|p2|6\n|gen|9\n|tier|[Gen 9] National Dex Doubles\n|rated|\n|rule|HP Percentage Mod: HP is shown in percentages\n|rule|Endless Battle Clause: Forcing endless battles is banned\n|rule|OHKO Clause: OHKO moves are banned\n|rule|Evasion Moves Clause: Evasion moves are banned\n|rule|Evasion Abilities Clause: Evasion abilities are banned\n|rule|Species Clause: Limit one of each Pok\u00e9mon\n|rule|Gravity Sleep Clause: The combination of sleep-inducing moves with imperfect accuracy and Gravity or Gigantamax Orbeetle are banned\n|clearpoke\n|poke|p1|Dipplin, F|\n|poke|p1|Tornadus, M|\n|poke|p1|Sableye, F|\n|poke|p1|Iron Hands|\n|poke|p1|Heatran, M|\n|poke|p1|Landorus-Therian, M|\n|poke|p2|Ursaluna-Bloodmoon, M|\n|poke|p2|Mimikyu, F|\n|poke|p2|Amoonguss, M|\n|poke|p2|Dusclops, M|\n|poke|p2|Regieleki|\n|poke|p2|Garganacl, F|\n|teampreview\n|\n|t:|1695324840\n|start\n|switch|p1a: Sableye|Sableye, F|100\/100\n|switch|p1b: Tornadus|Tornadus, M|100\/100\n|switch|p2a: Mini|Mimikyu, F, shiny|100\/100\n|switch|p2b: Fungus among us|Amoonguss, M|100\/100\n|turn|1\n|\n|t:|1695324853\n|move|p2b: Fungus among us|Rage Powder|p2b: Fungus among us\n|-singleturn|p2b: Fungus among us|move: Rage Powder\n|move|p1a: Sableye|Gravity|p1a: Sableye\n|-fieldstart|move: Gravity\n|move|p1b: Tornadus|Bleakwind Storm|p2b: Fungus among us|[spread] p2a,p2b\n|-supereffective|p2b: Fungus among us\n|-activate|p2a: Mini|ability: Disguise\n|-damage|p2a: Mini|100\/100\n|-damage|p2b: Fungus among us|33\/100\n|detailschange|p2a: Mini|Mimikyu-Busted, F, shiny\n|-damage|p2a: Mini|88\/100|[from] pokemon: Mimikyu-Busted\n|move|p2a: Mini|Trick Room|p2a: Mini\n|-fieldstart|move: Trick Room|[of] p2a: Mini\n|\n|upkeep\n|turn|2\n|\n|t:|1695324880\n|switch|p2b: Grim|Ursaluna-Bloodmoon, M|100\/100\n|move|p1a: Sableye|Encore||[still]\n|-fail|p1a: Sableye\n|move|p1b: Tornadus|Bleakwind Storm|p2b: Grim|[spread] p2a,p2b\n|-damage|p2a: Mini|40\/100\n|-damage|p2b: Grim|59\/100\n|-zpower|p2a: Mini\n|move|p2a: Mini|Let's Snuggle Forever|p1b: Tornadus|[zeffect]\n|-damage|p1b: Tornadus|0 fnt\n|faint|p1b: Tornadus\n|\n|upkeep\n|\n|t:|1695324889\n|switch|p1b: Iron Hands|Iron Hands|100\/100\n|turn|3\n|\n|t:|1695324906\n|-terastallize|p2b: Grim|Normal\n|move|p1b: Iron Hands|Fake Out|p2b: Grim\n|-damage|p2b: Grim|49\/100\n|move|p1a: Sableye|Encore||[still]\n|-fail|p1a: Sableye\n|cant|p2b: Grim|flinch\n|move|p2a: Mini|Play Rough|p1a: Sableye\n|-supereffective|p1a: Sableye\n|-damage|p1a: Sableye|1\/100\n|\n|-heal|p1a: Sableye|8\/100|[from] item: Leftovers\n|upkeep\n|turn|4\n|\n|t:|1695324947\n|-terastallize|p1b: Iron Hands|Flying\n|move|p1a: Sableye|Disable|p2a: Mini\n|-start|p2a: Mini|Disable|Play Rough\n|move|p2a: Mini|Shadow Sneak|p1a: Sableye\n|-damage|p1a: Sableye|0 fnt\n|faint|p1a: Sableye\n|move|p1b: Iron Hands|Drain Punch|p2b: Grim\n|-supereffective|p2b: Grim\n|-damage|p2b: Grim|0 fnt\n|faint|p2b: Grim\n|\n|upkeep\n|\n|t:|1695324965\n|switch|p1a: Landorus|Landorus-Therian, M|100\/100\n|switch|p2b: Fungus among us|Amoonguss, M|33\/100\n|-ability|p1a: Landorus|Intimidate|boost\n|-unboost|p2a: Mini|atk|1\n|-unboost|p2b: Fungus among us|atk|1\n|turn|5\n|\n|t:|1695324986\n|move|p2a: Mini|Shadow Sneak|p1b: Iron Hands\n|-damage|p1b: Iron Hands|93\/100\n|move|p2b: Fungus among us|Spore|p1a: Landorus\n|-status|p1a: Landorus|slp|[from] move: Spore\n|move|p1b: Iron Hands|Thunder Punch|p2a: Mini\n|-damage|p2a: Mini|0 fnt\n|faint|p2a: Mini\n|cant|p1a: Landorus|slp\n|\n|-fieldend|move: Trick Room\n|-fieldend|move: Gravity\n|upkeep\n|\n|t:|1695324999\n|switch|p2a: Dusclops|Dusclops, M|100\/100\n|-ability|p2a: Dusclops|Pressure\n|turn|6\n|\n|t:|1695325016\n|cant|p1a: Landorus|slp\n|move|p1b: Iron Hands|Volt Switch|p2a: Dusclops\n|-damage|p2a: Dusclops|93\/100\n|\n|t:|1695325025\n|-end|p1b: Iron Hands|Quark Drive|[silent]\n|switch|p1b: Dipplin|Dipplin, F, shiny|100\/100|[from] Volt Switch\n|-ability|p1b: Dipplin|Supersweet Syrup\n|-ability|p1b: Dipplin|Supersweet Syrup|boost\n|-unboost|p2a: Dusclops|evasion|1\n|-unboost|p2b: Fungus among us|evasion|1\n|move|p2b: Fungus among us|Spore|p1b: Dipplin\n|-immune|p1b: Dipplin\n|move|p2a: Dusclops|Trick Room|p2a: Dusclops\n|-fieldstart|move: Trick Room|[of] p2a: Dusclops\n|\n|upkeep\n|turn|7\n|\n|t:|1695325055\n|move|p2a: Dusclops|Taunt|p1b: Dipplin\n|-start|p1b: Dipplin|move: Taunt\n|move|p2b: Fungus among us|Giga Drain|p1a: Landorus\n|-damage|p1a: Landorus|84\/100 slp\n|-heal|p2b: Fungus among us|39\/100|[from] drain|[of] p1a: Landorus\n|move|p1b: Dipplin|Pollen Puff|p1a: Landorus\n|-heal|p1a: Landorus|100\/100 slp\n|cant|p1a: Landorus|slp\n|\n|upkeep\n|turn|8\n|\n|t:|1695325089\n|move|p2a: Dusclops|Taunt|p1a: Landorus\n|-start|p1a: Landorus|move: Taunt\n|move|p2b: Fungus among us|Giga Drain|p1a: Landorus\n|-damage|p1a: Landorus|83\/100 slp\n|-heal|p2b: Fungus among us|46\/100|[from] drain|[of] p1a: Landorus\n|move|p1b: Dipplin|Syrup Bomb|p1a: Landorus\n|-damage|p1a: Landorus|67\/100 slp\n|-start|p1a: Landorus|Syrup Bomb\n|-curestatus|p1a: Landorus|slp|[msg]\n|move|p1a: Landorus|Sandsear Storm|p2a: Dusclops|[spread] p2a,p2b\n|-damage|p2a: Dusclops|75\/100\n|-damage|p2b: Fungus among us|21\/100\n|-enditem|p2b: Fungus among us|Wiki Berry|[eat]\n|-heal|p2b: Fungus among us|54\/100|[from] item: Wiki Berry\n|\n|-unboost|p1a: Landorus|spe|1\n|upkeep\n|turn|9\n|inactive|Battle timer is ON: inactive players will automatically lose when time's up. (requested by Eli10TheGoat)\n|\n|t:|1695325133\n|move|p2a: Dusclops|Will-O-Wisp|p1b: Dipplin\n|-status|p1b: Dipplin|brn\n|move|p2b: Fungus among us|Spore|p1a: Landorus\n|-status|p1a: Landorus|slp|[from] move: Spore\n|move|p1b: Dipplin|Pollen Puff|p1a: Landorus\n|-heal|p1a: Landorus|100\/100 slp\n|cant|p1a: Landorus|slp\n|\n|-damage|p1b: Dipplin|94\/100 brn|[from] brn\n|-unboost|p1a: Landorus|spe|1\n|-end|p1b: Dipplin|move: Taunt\n|upkeep\n|turn|10\n|\n|t:|1695325154\n|move|p1b: Dipplin|Protect|p1b: Dipplin\n|-singleturn|p1b: Dipplin|Protect\n|move|p2a: Dusclops|Taunt|p1b: Dipplin\n|-activate|p1b: Dipplin|move: Protect\n|move|p2b: Fungus among us|Giga Drain|p1a: Landorus\n|-damage|p1a: Landorus|84\/100 slp\n|-heal|p2b: Fungus among us|60\/100|[from] drain|[of] p1a: Landorus\n|cant|p1a: Landorus|slp\n|\n|-damage|p1b: Dipplin|88\/100 brn|[from] brn\n|-end|p1a: Landorus|Syrup Bomb\n|-end|p1a: Landorus|move: Taunt\n|-fieldend|move: Trick Room\n|upkeep\n|turn|11\n|inactive|Eli10TheGoat has 120 seconds left.\n|inactive|Eli10TheGoat has 90 seconds left.\n|\n|t:|1695325238\n|move|p2b: Fungus among us|Protect|p2b: Fungus among us\n|-singleturn|p2b: Fungus among us|Protect\n|cant|p1a: Landorus|slp\n|move|p1b: Dipplin|Pollen Puff|p1a: Landorus\n|-heal|p1a: Landorus|100\/100 slp\n|move|p2a: Dusclops|Trick Room|p2a: Dusclops\n|-fieldstart|move: Trick Room|[of] p2a: Dusclops\n|\n|-damage|p1b: Dipplin|82\/100 brn|[from] brn\n|upkeep\n|turn|12\n|inactive|Eli10TheGoat has 90 seconds left.\n|inactive|PhrogVI has 120 seconds left.\n|\n|t:|1695325277\n|switch|p2a: Boulder|Garganacl, F|100\/100\n|move|p2b: Fungus among us|Giga Drain|p1a: Landorus\n|-damage|p1a: Landorus|83\/100 slp\n|-heal|p2b: Fungus among us|67\/100|[from] drain|[of] p1a: Landorus\n|move|p1b: Dipplin|Recover|p1b: Dipplin\n|-heal|p1b: Dipplin|100\/100 brn\n|-curestatus|p1a: Landorus|slp|[msg]\n|move|p1a: Landorus|Knock Off|p2a: Boulder\n|-damage|p2a: Boulder|81\/100\n|-enditem|p2a: Boulder|Leftovers|[from] move: Knock Off|[of] p1a: Landorus\n|\n|-damage|p1b: Dipplin|94\/100 brn|[from] brn\n|upkeep\n|turn|13\n|inactive|Eli10TheGoat has 90 seconds left.\n|inactive|PhrogVI has 120 seconds left.\n|inactive|Eli10TheGoat has 60 seconds left.\n|\n|t:|1695325331\n|move|p2b: Fungus among us|Spore|p1a: Landorus\n|-status|p1a: Landorus|slp|[from] move: Spore\n|move|p1b: Dipplin|Syrup Bomb|p1a: Landorus\n|-damage|p1a: Landorus|67\/100 slp\n|-start|p1a: Landorus|Syrup Bomb\n|cant|p1a: Landorus|slp\n|move|p2a: Boulder|Avalanche|p1b: Dipplin\n|-supereffective|p1b: Dipplin\n|-damage|p1b: Dipplin|64\/100 brn\n|\n|-damage|p1b: Dipplin|58\/100 brn|[from] brn\n|-unboost|p1a: Landorus|spe|1\n|upkeep\n|turn|14\n|inactive|PhrogVI has 120 seconds left.\n|\n|t:|1695325352\n|move|p2b: Fungus among us|Rage Powder|p2b: Fungus among us\n|-singleturn|p2b: Fungus among us|move: Rage Powder\n|move|p2a: Boulder|Iron Defense|p2a: Boulder\n|-boost|p2a: Boulder|def|2\n|-curestatus|p1a: Landorus|slp|[msg]\n|move|p1a: Landorus|Sandsear Storm|p2b: Fungus among us|[spread] p2a,p2b\n|-supereffective|p2a: Boulder\n|-damage|p2a: Boulder|14\/100\n|-damage|p2b: Fungus among us|41\/100\n|move|p1b: Dipplin|Pollen Puff|p1a: Landorus\n|-heal|p1a: Landorus|100\/100\n|\n|-damage|p1b: Dipplin|52\/100 brn|[from] brn\n|-unboost|p1a: Landorus|spe|1\n|upkeep\n|turn|15\n|\n|t:|1695325377\n|move|p2b: Fungus among us|Spore|p1a: Landorus\n|-status|p1a: Landorus|slp|[from] move: Spore\n|move|p2a: Boulder|Iron Defense|p2a: Boulder\n|-boost|p2a: Boulder|def|2\n|cant|p1a: Landorus|slp\n|move|p1b: Dipplin|Syrup Bomb|p2a: Boulder\n|-supereffective|p2a: Boulder\n|-damage|p2a: Boulder|0 fnt\n|faint|p2a: Boulder\n|\n|-damage|p1b: Dipplin|46\/100 brn|[from] brn\n|-end|p1a: Landorus|Syrup Bomb\n|-fieldend|move: Trick Room\n|upkeep\n|inactive|PhrogVI has 120 seconds left.\n|\n|t:|1695325392\n|switch|p2a: Dusclops|Dusclops, M|75\/100\n|-ability|p2a: Dusclops|Pressure\n|turn|16\n|\n|t:|1695325408\n|move|p1b: Dipplin|Syrup Bomb|p1a: Landorus|[miss]\n|-miss|p1b: Dipplin|p1a: Landorus\n|cant|p1a: Landorus|slp\n|move|p2b: Fungus among us|Giga Drain|p1b: Dipplin\n|-resisted|p1b: Dipplin\n|-damage|p1b: Dipplin|42\/100 brn\n|-heal|p2b: Fungus among us|43\/100|[from] drain|[of] p1b: Dipplin\n|move|p2a: Dusclops|Trick Room|p2a: Dusclops\n|-fieldstart|move: Trick Room|[of] p2a: Dusclops\n|\n|-damage|p1b: Dipplin|36\/100 brn|[from] brn\n|upkeep\n|turn|17\n|\n|t:|1695325436\n|move|p2a: Dusclops|Taunt|p1b: Dipplin\n|-start|p1b: Dipplin|move: Taunt\n|move|p2b: Fungus among us|Giga Drain|p1a: Landorus\n|-damage|p1a: Landorus|84\/100 slp\n|-heal|p2b: Fungus among us|49\/100|[from] drain|[of] p1a: Landorus\n|cant|p1a: Landorus|slp\n|cant|p1b: Dipplin|move: Taunt|Recover\n|\n|-damage|p1b: Dipplin|30\/100 brn|[from] brn\n|upkeep\n|turn|18\n|inactive|Eli10TheGoat has 120 seconds left.\n|\n|t:|1695325465\n|move|p2a: Dusclops|Taunt|p1a: Landorus\n|-start|p1a: Landorus|move: Taunt\n|move|p2b: Fungus among us|Giga Drain|p1a: Landorus\n|-damage|p1a: Landorus|66\/100 slp\n|-heal|p2b: Fungus among us|55\/100|[from] drain|[of] p1a: Landorus\n|-curestatus|p1a: Landorus|slp|[msg]\n|move|p1a: Landorus|Knock Off|p2a: Dusclops\n|-supereffective|p2a: Dusclops\n|-damage|p2a: Dusclops|37\/100\n|-enditem|p2a: Dusclops|Eviolite|[from] move: Knock Off|[of] p1a: Landorus\n|move|p1b: Dipplin|Syrup Bomb|p1a: Landorus\n|-damage|p1a: Landorus|49\/100\n|-start|p1a: Landorus|Syrup Bomb\n|\n|-damage|p1b: Dipplin|24\/100 brn|[from] brn\n|-unboost|p1a: Landorus|spe|1\n|upkeep\n|turn|19\n|inactive|PhrogVI has 120 seconds left.\n|\n|t:|1695325497\n|switch|p1b: Iron Hands|Iron Hands, tera:Flying|93\/100\n|move|p2a: Dusclops|Destiny Bond|p2a: Dusclops\n|-singlemove|p2a: Dusclops|Destiny Bond\n|move|p2b: Fungus among us|Spore|p1a: Landorus\n|-status|p1a: Landorus|slp|[from] move: Spore\n|cant|p1a: Landorus|slp\n|\n|-unboost|p1a: Landorus|spe|1\n|upkeep\n|turn|20\n|\n|t:|1695325519\n|move|p1b: Iron Hands|Fake Out|p2b: Fungus among us\n|-damage|p2b: Fungus among us|41\/100\n|move|p2a: Dusclops|Destiny Bond||[still]\n|-fail|p2a: Dusclops\n|cant|p2b: Fungus among us|flinch\n|-curestatus|p1a: Landorus|slp|[msg]\n|move|p1a: Landorus|Sandsear Storm|p2b: Fungus among us|[spread] p2a,p2b\n|-damage|p2a: Dusclops|5\/100\n|-damage|p2b: Fungus among us|17\/100\n|\n|-end|p1a: Landorus|Syrup Bomb\n|-end|p1a: Landorus|move: Taunt\n|-fieldend|move: Trick Room\n|upkeep\n|turn|21\n|\n|t:|1695325539\n|move|p1b: Iron Hands|Thunder Punch|p2a: Dusclops\n|-crit|p2a: Dusclops\n|-damage|p2a: Dusclops|0 fnt\n|faint|p2a: Dusclops\n|move|p1a: Landorus|Sandsear Storm|p2b: Fungus among us\n|-damage|p2b: Fungus among us|0 fnt\n|faint|p2b: Fungus among us\n|\n|upkeep\n|\n|t:|1695325549\n|switch|p2b: Regis|Regieleki|100\/100\n|turn|22\n|\n|t:|1695325559\n|move|p2b: Regis|Electro Ball|p1b: Iron Hands\n|-supereffective|p1b: Iron Hands\n|-damage|p1b: Iron Hands|0 fnt\n|faint|p1b: Iron Hands\n|-end|p1b: Iron Hands|Quark Drive|[silent]\n|move|p1a: Landorus|Earth Power|p2b: Regis\n|-supereffective|p2b: Regis\n|-damage|p2b: Regis|0 fnt\n|faint|p2b: Regis\n|\n|win|Eli10TheGoat\n|raw|Eli10TheGoat's rating: 1047 &rarr; <strong>1076<\/strong><br \/>(+29 for winning)\n|raw|PhrogVI's rating: 1000 &rarr; <strong>1000<\/strong><br \/>(+0 for losing)\n|l|\u2606PhrogVI\n","uploadtime":1695325572,"views":12,"p1id":"eli10thegoat","p2id":"phrogvi","formatid":"gen9nationaldexdoubles","rating":1000,"private":0,"password":""}