{"id":"gen9nationaldexdoubles-1970529557","p1":"human123823","p2":"snowgust","format":"[Gen 9] National Dex Doubles","log":"|j|\u2606human123823\n|j|\u2606snowgust\n|t:|1697646050\n|gametype|doubles\n|player|p1|human123823|unknown|1040\n|player|p2|snowgust|1|1147\n|teamsize|p1|6\n|teamsize|p2|6\n|gen|9\n|tier|[Gen 9] National Dex Doubles\n|rated|\n|rule|HP Percentage Mod: HP is shown in percentages\n|rule|Endless Battle Clause: Forcing endless battles is banned\n|rule|OHKO Clause: OHKO moves are banned\n|rule|Evasion Moves Clause: Evasion moves are banned\n|rule|Evasion Abilities Clause: Evasion abilities are banned\n|rule|Species Clause: Limit one of each Pok\u00e9mon\n|rule|Gravity Sleep Clause: The combination of sleep-inducing moves with imperfect accuracy and Gravity or Gigantamax Orbeetle are banned\n|clearpoke\n|poke|p1|Dunsparce, M|\n|poke|p1|Garchomp, M|\n|poke|p1|Decidueye, F|\n|poke|p1|Blaziken, F|\n|poke|p1|Ceruledge, M|\n|poke|p1|Houndstone, F|\n|poke|p2|Dunsparce, M|\n|poke|p2|Dudunsparce-*, F|\n|poke|p2|Roaring Moon|\n|poke|p2|Sableye, M|\n|poke|p2|Blissey, F|\n|poke|p2|Dragonite, M|\n|teampreview\n|c|\u2606human123823|HOLY SHOOT ANOTHER DUNSPARCE USER LETS GO\n|\n|t:|1697646071\n|start\n|switch|p1a: god|Dunsparce, M, shiny|100\/100\n|switch|p1b: brib|Decidueye, F|100\/100\n|switch|p2a: Dunsparce|Dunsparce, M|100\/100\n|switch|p2b: Sableye|Sableye, M|100\/100\n|turn|1\n|c|\u2606snowgust|dunsparce is love lol\n|c|\u2606human123823|true\n|\n|t:|1697646091\n|move|p2b: Sableye|Gravity|p2b: Sableye\n|-fieldstart|move: Gravity\n|move|p2a: Dunsparce|Rock Slide|p1a: god|[spread] p1a,p1b\n|-damage|p1a: god|89\/100\n|-damage|p1b: brib|84\/100\n|cant|p1b: brib|flinch\n|cant|p1a: god|flinch\n|\n|upkeep\n|turn|2\n|\n|t:|1697646111\n|move|p2b: Sableye|Thunder Wave|p1b: brib\n|-status|p1b: brib|par\n|move|p2a: Dunsparce|Rock Slide|p1a: god|[spread] p1a,p1b\n|-damage|p1a: god|78\/100\n|-damage|p1b: brib|68\/100 par\n|cant|p1a: god|flinch\n|move|p1b: brib|Spirit Shackle|p2b: Sableye\n|-damage|p2b: Sableye|71\/100\n|\n|-heal|p2b: Sableye|77\/100|[from] item: Leftovers\n|upkeep\n|turn|3\n|\n|t:|1697646125\n|move|p2b: Sableye|Thunder Wave|p1a: god\n|-status|p1a: god|par\n|move|p2a: Dunsparce|Rock Slide|p1b: brib|[spread] p1a,p1b\n|-damage|p1a: god|67\/100 par\n|-damage|p1b: brib|52\/100 par\n|cant|p1b: brib|flinch\n|cant|p1a: god|flinch\n|\n|-heal|p2b: Sableye|83\/100|[from] item: Leftovers\n|upkeep\n|turn|4\n|\n|t:|1697646149\n|move|p2b: Sableye|Confuse Ray|p1b: brib\n|-start|p1b: brib|confusion\n|move|p2a: Dunsparce|Rock Slide|p1a: god|[spread] p1a,p1b\n|-damage|p1a: god|56\/100 par\n|-damage|p1b: brib|36\/100 par\n|cant|p1b: brib|flinch\n|move|p1a: god|Glare|p2a: Dunsparce\n|-status|p2a: Dunsparce|par\n|\n|-heal|p2b: Sableye|89\/100|[from] item: Leftovers\n|upkeep\n|turn|5\n|\n|t:|1697646163\n|switch|p2b: Blissey|Blissey, F|100\/100\n|move|p2a: Dunsparce|Rock Slide|p1a: god|[spread] p1a,p1b\n|-damage|p1a: god|45\/100 par\n|-damage|p1b: brib|19\/100 par\n|-enditem|p1b: brib|Aguav Berry|[eat]\n|-heal|p1b: brib|53\/100 par|[from] item: Aguav Berry\n|cant|p1b: brib|flinch\n|cant|p1a: god|flinch\n|\n|-fieldend|move: Gravity\n|upkeep\n|turn|6\n|\n|t:|1697646181\n|move|p2b: Blissey|Aromatherapy|p2b: Blissey\n|-activate|p2b: Blissey|move: Aromatherapy\n|-curestatus|p2a: Dunsparce|par|[msg]\n|move|p2a: Dunsparce|Rock Slide|p1b: brib|[spread] p1b\n|-miss|p2a: Dunsparce|p1a: god\n|-damage|p1b: brib|37\/100 par\n|cant|p1b: brib|flinch\n|move|p1a: god|Headbutt|p2a: Dunsparce\n|-damage|p2a: Dunsparce|76\/100\n|\n|upkeep\n|turn|7\n|\n|t:|1697646197\n|move|p2a: Dunsparce|Rock Slide|p1b: brib|[spread] p1a,p1b\n|-damage|p1a: god|33\/100 par\n|-damage|p1b: brib|22\/100 par\n|move|p2b: Blissey|Life Dew||[still]|[spread] p2a,p2b\n|-heal|p2a: Dunsparce|100\/100\n|-fail|p2b: Blissey|heal\n|cant|p1b: brib|flinch\n|cant|p1a: god|flinch\n|\n|upkeep\n|turn|8\n|c|\u2606human123823|bro thanks for the idea\n|c|\u2606snowgust|hahaha, it works quite well\n|c|\u2606snowgust|unless its a mono electric\n|c|\u2606snowgust|or ground\n|\n|t:|1697646228\n|switch|p2b: Sableye|Sableye, M|89\/100\n|move|p2a: Dunsparce|Rock Slide|p1a: god|[spread] p1a,p1b\n|-damage|p1a: god|22\/100 par\n|-damage|p1b: brib|6\/100 par\n|cant|p1b: brib|flinch\n|move|p1a: god|Headbutt|p2a: Dunsparce\n|-damage|p2a: Dunsparce|76\/100\n|\n|-heal|p2b: Sableye|96\/100|[from] item: Leftovers\n|upkeep\n|turn|9\n|\n|t:|1697646241\n|move|p2b: Sableye|Gravity|p2b: Sableye\n|-fieldstart|move: Gravity\n|move|p2a: Dunsparce|Rock Slide|p1a: god|[spread] p1a,p1b\n|-damage|p1a: god|12\/100 par\n|-damage|p1b: brib|0 fnt\n|faint|p1b: brib\n|cant|p1a: god|flinch\n|\n|-heal|p2b: Sableye|100\/100|[from] item: Leftovers\n|upkeep\n|\n|t:|1697646245\n|switch|p1b: shark|Garchomp, M|100\/100\n|turn|10\n|\n|t:|1697646256\n|move|p2b: Sableye|Confuse Ray|p1b: shark\n|-start|p1b: shark|confusion\n|move|p2a: Dunsparce|Rock Slide|p1b: shark|[spread] p1a,p1b\n|-resisted|p1b: shark\n|-damage|p1a: god|1\/100 par\n|-damage|p1b: shark|96\/100\n|cant|p1b: shark|flinch\n|cant|p1a: god|par\n|\n|upkeep\n|turn|11\n|\n|t:|1697646273\n|move|p2b: Sableye|Taunt|p1b: shark\n|-start|p1b: shark|move: Taunt\n|move|p2a: Dunsparce|Rock Slide|p1b: shark|[spread] p1a,p1b\n|-resisted|p1b: shark\n|-damage|p1a: god|0 fnt\n|-damage|p1b: shark|92\/100\n|faint|p1a: god\n|cant|p1b: shark|flinch\n|\n|upkeep\n|c|\u2606snowgust|sableye is a major pain\n|\n|t:|1697646283\n|switch|p1a: chicken|Blaziken, F|100\/100\n|turn|12\n|\n|t:|1697646290\n|move|p2b: Sableye|Thunder Wave|p1a: chicken\n|-status|p1a: chicken|par\n|move|p2a: Dunsparce|Rock Slide|p1a: chicken|[spread] p1a,p1b\n|-resisted|p1b: shark\n|-damage|p1a: chicken|84\/100 par\n|-damage|p1b: shark|88\/100\n|cant|p1b: shark|flinch\n|move|p1a: chicken|Poison Jab|p2b: Sableye\n|-resisted|p2b: Sableye\n|-damage|p2b: Sableye|87\/100\n|\n|-heal|p2b: Sableye|94\/100|[from] item: Leftovers\n|upkeep\n|turn|13\n|\n|t:|1697646306\n|move|p2b: Sableye|Confuse Ray|p1a: chicken\n|-start|p1a: chicken|confusion\n|move|p2a: Dunsparce|Rock Slide|p1a: chicken|[spread] p1a,p1b\n|-crit|p1a: chicken\n|-resisted|p1b: shark\n|-damage|p1a: chicken|59\/100 par\n|-damage|p1b: shark|83\/100\n|cant|p1b: shark|flinch\n|-activate|p1a: chicken|confusion\n|move|p1a: chicken|Blaze Kick|p2a: Dunsparce\n|-damage|p2a: Dunsparce|17\/100\n|\n|-heal|p2b: Sableye|99\/100|[from] item: Leftovers\n|-end|p1b: shark|move: Taunt\n|-fieldend|move: Gravity\n|upkeep\n|turn|14\n|\n|t:|1697646330\n|move|p2b: Sableye|Gravity|p2b: Sableye\n|-fieldstart|move: Gravity\n|move|p2a: Dunsparce|Rock Slide|p1a: chicken|[spread] p1a,p1b\n|-resisted|p1b: shark\n|-damage|p1a: chicken|44\/100 par\n|-damage|p1b: shark|78\/100\n|cant|p1b: shark|flinch\n|cant|p1a: chicken|flinch\n|\n|-heal|p2b: Sableye|100\/100|[from] item: Leftovers\n|upkeep\n|turn|15\n|\n|t:|1697646343\n|switch|p2b: Dudunsparce|Dudunsparce, F|100\/100\n|move|p2a: Dunsparce|Rock Slide|p1b: shark|[spread] p1a,p1b\n|-resisted|p1b: shark\n|-damage|p1a: chicken|27\/100 par\n|-damage|p1b: shark|74\/100\n|-activate|p1b: shark|confusion\n|-damage|p1b: shark|66\/100|[from] confusion\n|-activate|p1a: chicken|confusion\n|move|p1a: chicken|Blaze Kick|p2a: Dunsparce\n|-damage|p2a: Dunsparce|0 fnt\n|faint|p2a: Dunsparce\n|\n|upkeep\n|\n|t:|1697646355\n|switch|p2a: Roaring Moon|Roaring Moon|100\/100\n|-enditem|p2a: Roaring Moon|Booster Energy\n|-activate|p2a: Roaring Moon|ability: Protosynthesis|[fromitem]\n|-start|p2a: Roaring Moon|protosynthesisatk\n|turn|16\n|\n|t:|1697646370\n|move|p2a: Roaring Moon|Tailwind|p2a: Roaring Moon\n|-sidestart|p2: snowgust|move: Tailwind\n|move|p2b: Dudunsparce|Rock Slide|p1a: chicken|[spread] p1a,p1b\n|-resisted|p1b: shark\n|-damage|p1a: chicken|4\/100 par\n|-damage|p1b: shark|60\/100\n|cant|p1b: shark|flinch\n|-activate|p1a: chicken|confusion\n|-damage|p1a: chicken|0 fnt|[from] confusion\n|faint|p1a: chicken\n|\n|upkeep\n|\n|t:|1697646379\n|switch|p1a: knife hands|Ceruledge, M|100\/100\n|turn|17\n|\n|t:|1697646385\n|move|p2a: Roaring Moon|Knock Off|p1a: knife hands\n|-supereffective|p1a: knife hands\n|-damage|p1a: knife hands|0 fnt\n|-enditem|p1a: knife hands|Aguav Berry|[from] move: Knock Off|[of] p2a: Roaring Moon\n|faint|p1a: knife hands\n|move|p2b: Dudunsparce|Rock Slide|p1b: shark\n|-resisted|p1b: shark\n|-damage|p1b: shark|52\/100\n|-activate|p1b: shark|confusion\n|-damage|p1b: shark|44\/100|[from] confusion\n|\n|upkeep\n|\n|t:|1697646394\n|switch|p1a: dead doggo|Houndstone, F|100\/100\n|turn|18\n|\n|t:|1697646400\n|move|p2a: Roaring Moon|Knock Off|p1a: dead doggo\n|-supereffective|p1a: dead doggo\n|-damage|p1a: dead doggo|0 fnt\n|-enditem|p1a: dead doggo|Aguav Berry|[from] move: Knock Off|[of] p2a: Roaring Moon\n|faint|p1a: dead doggo\n|move|p2b: Dudunsparce|Rock Slide|p1b: shark\n|-resisted|p1b: shark\n|-damage|p1b: shark|37\/100\n|-end|p1b: shark|confusion\n|move|p1b: shark|Draco Meteor|p1: dead doggo|[notarget]\n|-fail|p1b: shark\n|\n|-fieldend|move: Gravity\n|upkeep\n|turn|19\n|\n|t:|1697646417\n|move|p2a: Roaring Moon|Knock Off|p1b: shark\n|-damage|p1b: shark|0 fnt\n|-damage|p2a: Roaring Moon|88\/100|[from] ability: Rough Skin|[of] p1b: shark\n|-enditem|p1b: shark|Aguav Berry|[from] move: Knock Off|[of] p2a: Roaring Moon\n|faint|p1b: shark\n|\n|win|snowgust\n|raw|human123823's rating: 1040 &rarr; <strong>1029<\/strong><br \/>(-11 for losing)\n|raw|snowgust's rating: 1147 &rarr; <strong>1165<\/strong><br \/>(+18 for winning)\n|c|\u2606snowgust|gg\n|c|\u2606human123823|gg\n|l|\u2606human123823\n","uploadtime":1697646432,"views":5,"p1id":"human123823","p2id":"snowgust","formatid":"gen9nationaldexdoubles","rating":1029,"private":0,"password":""}