{"id":"gen9nationaldexdoubles-1974740885","p1":"Marlene 420","p2":"notzvnci","format":"[Gen 9] National Dex Doubles","log":"|j|\u2606Marlene 420\n|j|\u2606notzvnci\n|t:|1698116370\n|gametype|doubles\n|player|p1|Marlene 420|cheryl|1135\n|player|p2|notzvnci|shadowtriad|1093\n|teamsize|p1|6\n|teamsize|p2|6\n|gen|9\n|tier|[Gen 9] National Dex Doubles\n|rated|\n|rule|HP Percentage Mod: HP is shown in percentages\n|rule|Endless Battle Clause: Forcing endless battles is banned\n|rule|OHKO Clause: OHKO moves are banned\n|rule|Evasion Moves Clause: Evasion moves are banned\n|rule|Evasion Abilities Clause: Evasion abilities are banned\n|rule|Species Clause: Limit one of each Pok\u00e9mon\n|rule|Gravity Sleep Clause: The combination of sleep-inducing moves with imperfect accuracy and Gravity or Gigantamax Orbeetle are banned\n|clearpoke\n|poke|p1|Pheromosa|\n|poke|p1|Diancie|\n|poke|p1|Gardevoir, F|\n|poke|p1|Lopunny, F|\n|poke|p1|Meloetta|\n|poke|p1|Hatterene, F|\n|poke|p2|Mr. Mime, F|\n|poke|p2|Muk-Alola, F|\n|poke|p2|Stonjourner, F|\n|poke|p2|Charizard, F|\n|poke|p2|Mudsdale, M|\n|poke|p2|Greninja-*, F|\n|teampreview\n|inactive|Battle timer is ON: inactive players will automatically lose when time's up. (requested by Marlene 420)\n|\n|t:|1698116397\n|start\n|switch|p1a: Lola|Lopunny, F, shiny|100\/100\n|switch|p1b: Melody|Meloetta|100\/100\n|switch|p2a: Charizard|Charizard, F|100\/100\n|switch|p2b: Mudsdale|Mudsdale, M|100\/100\n|turn|1\n|\n|t:|1698116422\n|detailschange|p1a: Lola|Lopunny-Mega, F, shiny\n|-mega|p1a: Lola|Lopunny|Lopunnite\n|detailschange|p2a: Charizard|Charizard-Mega-Y, F\n|-mega|p2a: Charizard|Charizard|Charizardite Y\n|-weather|SunnyDay|[from] ability: Drought|[of] p2a: Charizard\n|-terastallize|p2b: Mudsdale|Ground\n|move|p1a: Lola|Fake Out|p2a: Charizard\n|-damage|p2a: Charizard|69\/100\n|cant|p2a: Charizard|flinch\n|move|p1b: Melody|Relic Song|p2a: Charizard|[spread] p2a,p2b\n|-damage|p2a: Charizard|46\/100\n|-damage|p2b: Mudsdale|80\/100\n|-status|p2b: Mudsdale|slp|[from] move: Relic Song\n|-ability|p2b: Mudsdale|Stamina|boost\n|-boost|p2b: Mudsdale|def|1\n|-formechange|p1b: Melody|Meloetta-Pirouette|[msg]\n|cant|p2b: Mudsdale|slp\n|\n|-weather|SunnyDay|[upkeep]\n|-heal|p2b: Mudsdale|87\/100 slp|[from] item: Leftovers\n|upkeep\n|turn|2\n|inactive|notzvnci has 120 seconds left.\n|\n|t:|1698116466\n|switch|p2a: Mr. Mime|Mr. Mime, F|100\/100\n|move|p1a: Lola|Thunder Punch|p2a: Mr. Mime\n|-damage|p2a: Mr. Mime|69\/100\n|-zpower|p1b: Melody\n|move|p1b: Melody|Subzero Slammer|p2b: Mudsdale|[zeffect]\n|-supereffective|p2b: Mudsdale\n|-damage|p2b: Mudsdale|42\/100 slp\n|-ability|p2b: Mudsdale|Stamina|boost\n|-boost|p2b: Mudsdale|def|1\n|cant|p2b: Mudsdale|slp\n|\n|-weather|SunnyDay|[upkeep]\n|-heal|p2a: Mr. Mime|75\/100|[from] item: Leftovers\n|-heal|p2b: Mudsdale|48\/100 slp|[from] item: Leftovers\n|upkeep\n|turn|3\n|inactive|notzvnci has 120 seconds left.\n|\n|t:|1698116495\n|switch|p1a: Katherine|Hatterene, F|100\/100\n|move|p2a: Mr. Mime|Wide Guard|p2a: Mr. Mime\n|-singleturn|p2a: Mr. Mime|Wide Guard\n|move|p1b: Melody|Knock Off|p2a: Mr. Mime\n|-damage|p2a: Mr. Mime|32\/100\n|-enditem|p2a: Mr. Mime|Leftovers|[from] move: Knock Off|[of] p1b: Melody\n|-curestatus|p2b: Mudsdale|slp|[msg]\n|move|p2b: Mudsdale|Earthquake|p1a: Katherine|[spread] p1a,p1b\n|-activate|p2a: Mr. Mime|move: Wide Guard\n|-damage|p1a: Katherine|55\/100\n|-damage|p1b: Melody|54\/100\n|\n|-weather|SunnyDay|[upkeep]\n|-heal|p1a: Katherine|61\/100|[from] item: Leftovers\n|-heal|p2b: Mudsdale|54\/100|[from] item: Leftovers\n|upkeep\n|turn|4\n|inactive|notzvnci has 120 seconds left.\n|\n|t:|1698116520\n|-terastallize|p1a: Katherine|Grass\n|move|p1b: Melody|Relic Song|p2a: Mr. Mime|[spread] p2a,p2b\n|-damage|p2a: Mr. Mime|18\/100\n|-damage|p2b: Mudsdale|41\/100\n|-ability|p2b: Mudsdale|Stamina|boost\n|-boost|p2b: Mudsdale|def|1\n|-formechange|p1b: Melody|Meloetta|[msg]\n|move|p2a: Mr. Mime|Icy Wind|p1b: Melody|[spread] p1a,p1b\n|-supereffective|p1a: Katherine\n|-damage|p1a: Katherine|47\/100\n|-damage|p1b: Melody|47\/100\n|-unboost|p1a: Katherine|spe|1\n|-unboost|p1b: Melody|spe|1\n|move|p2b: Mudsdale|Earthquake|p1a: Katherine|[spread] p2a,p1a,p1b\n|-resisted|p1a: Katherine\n|-damage|p2a: Mr. Mime|0 fnt\n|-damage|p1a: Katherine|22\/100\n|-damage|p1b: Melody|0 fnt\n|faint|p2a: Mr. Mime\n|faint|p1b: Melody\n|move|p1a: Katherine|Giga Drain|p2b: Mudsdale\n|-supereffective|p2b: Mudsdale\n|-damage|p2b: Mudsdale|0 fnt\n|-heal|p1a: Katherine|48\/100|[from] drain|[of] p2b: Mudsdale\n|faint|p2b: Mudsdale\n|\n|-weather|SunnyDay|[upkeep]\n|-heal|p1a: Katherine|53\/100|[from] item: Leftovers\n|upkeep\n|inactive|notzvnci has 120 seconds left.\n|\n|t:|1698116566\n|switch|p1b: Lola|Lopunny-Mega, F, shiny|100\/100\n|switch|p2a: Greninja|Greninja, F|100\/100\n|switch|p2b: Stonjourner|Stonjourner, F|100\/100\n|turn|5\n|\n|t:|1698116593\n|move|p1b: Lola|High Jump Kick|p2a: Greninja\n|-supereffective|p2a: Greninja\n|-damage|p2a: Greninja|0 fnt\n|faint|p2a: Greninja\n|move|p2b: Stonjourner|Iron Defense|p2b: Stonjourner\n|-boost|p2b: Stonjourner|def|2\n|move|p1a: Katherine|Giga Drain|p2b: Stonjourner\n|-supereffective|p2b: Stonjourner\n|-damage|p2b: Stonjourner|0 fnt\n|-heal|p1a: Katherine|100\/100|[from] drain|[of] p2b: Stonjourner\n|faint|p2b: Stonjourner\n|\n|-weather|none\n|upkeep\n|-message|notzvnci forfeited.\n|\n|win|Marlene 420\n|raw|Marlene 420's rating: 1135 &rarr; <strong>1157<\/strong><br \/>(+22 for winning)\n|raw|notzvnci's rating: 1093 &rarr; <strong>1072<\/strong><br \/>(-21 for losing)\n|l|\u2606notzvnci\n|l|\u2606Marlene 420\n|j|\u2606Marlene 420\n|player|p1|Marlene 420|cheryl\n","uploadtime":1698116673,"views":8,"p1id":"marlene420","p2id":"notzvnci","formatid":"gen9nationaldexdoubles","rating":1072,"private":0,"password":""}