{"id":"gen9nationaldexdoubles-1966759454","p1":"Poopinho","p2":"Skyhero752","format":"[Gen 9] National Dex Doubles","log":"|j|\u2606Poopinho\n|j|\u2606Skyhero752\n|t:|1697219493\n|gametype|doubles\n|player|p1|Poopinho|dancer|1192\n|player|p2|Skyhero752|sightseer|1222\n|teamsize|p1|6\n|teamsize|p2|6\n|gen|9\n|tier|[Gen 9] National Dex Doubles\n|rated|\n|rule|HP Percentage Mod: HP is shown in percentages\n|rule|Endless Battle Clause: Forcing endless battles is banned\n|rule|OHKO Clause: OHKO moves are banned\n|rule|Evasion Moves Clause: Evasion moves are banned\n|rule|Evasion Abilities Clause: Evasion abilities are banned\n|rule|Species Clause: Limit one of each Pok\u00e9mon\n|rule|Gravity Sleep Clause: The combination of sleep-inducing moves with imperfect accuracy and Gravity or Gigantamax Orbeetle are banned\n|clearpoke\n|poke|p1|Serperior, F|\n|poke|p1|Skeledirge, M|\n|poke|p1|Swampert, M|\n|poke|p1|Mew|\n|poke|p1|Meloetta|\n|poke|p1|Togekiss, M|\n|poke|p2|Indeedee, M|\n|poke|p2|Jumpluff, M|\n|poke|p2|Ninetales-Alola, F|\n|poke|p2|Kilowattrel, M|\n|poke|p2|Typhlosion-Hisui, M|\n|poke|p2|Shiftry, F|\n|teampreview\n|inactive|Battle timer is ON: inactive players will automatically lose when time's up. (requested by Poopinho)\n|\n|t:|1697219504\n|start\n|switch|p1a: Swampert|Swampert, M|100\/100\n|switch|p1b: Mew|Mew|100\/100\n|switch|p2a: Kilowattrel|Kilowattrel, M|100\/100\n|switch|p2b: Shiftry|Shiftry, F|100\/100\n|turn|1\n|c|\u2606Poopinho|Hi again\n|c|\u2606Poopinho|Glfh\n|c|\u2606Skyhero752|hi\n|\n|t:|1697219515\n|detailschange|p1a: Swampert|Swampert-Mega, M\n|-mega|p1a: Swampert|Swampert|Swampertite\n|move|p1a: Swampert|Protect|p1a: Swampert\n|-singleturn|p1a: Swampert|Protect\n|move|p2a: Kilowattrel|Tailwind|p2a: Kilowattrel\n|-sidestart|p2: Skyhero752|move: Tailwind\n|-start|p2a: Kilowattrel|Charge|Tailwind|[from] ability: Wind Power\n|-ability|p2b: Shiftry|Wind Rider|boost\n|-boost|p2b: Shiftry|atk|1\n|move|p2b: Shiftry|Knock Off|p1b: Mew\n|-supereffective|p1b: Mew\n|-damage|p1b: Mew|32\/100\n|move|p1b: Mew|U-turn|p2b: Shiftry\n|-supereffective|p2b: Shiftry\n|-damage|p2b: Shiftry|6\/100\n|\n|t:|1697219534\n|switch|p1b: Togekiss|Togekiss, M|100\/100|[from] U-turn\n|\n|upkeep\n|turn|2\n|\n|t:|1697219553\n|switch|p1a: Serperior|Serperior, F|100\/100\n|move|p2a: Kilowattrel|Electro Ball|p1b: Togekiss\n|-supereffective|p1b: Togekiss\n|-damage|p1b: Togekiss|0 fnt\n|faint|p1b: Togekiss\n|-end|p2a: Kilowattrel|Charge|[silent]\n|move|p2b: Shiftry|Leaf Blade|p1a: Serperior\n|-resisted|p1a: Serperior\n|-crit|p1a: Serperior\n|-damage|p1a: Serperior|58\/100\n|\n|upkeep\n|\n|t:|1697219565\n|switch|p1b: Skeledirge|Skeledirge, M|100\/100\n|turn|3\n|\n|t:|1697219577\n|move|p2a: Kilowattrel|Electro Ball|p1b: Skeledirge\n|-damage|p1b: Skeledirge|68\/100\n|move|p2b: Shiftry|Knock Off|p1b: Skeledirge\n|-supereffective|p1b: Skeledirge\n|-damage|p1b: Skeledirge|0 fnt\n|-enditem|p1b: Skeledirge|Assault Vest|[from] move: Knock Off|[of] p2b: Shiftry\n|faint|p1b: Skeledirge\n|move|p1a: Serperior|Leaf Storm|p2b: Shiftry\n|-resisted|p2b: Shiftry\n|-damage|p2b: Shiftry|0 fnt\n|-boost|p1a: Serperior|spa|2\n|faint|p2b: Shiftry\n|-damage|p1a: Serperior|48\/100|[from] item: Life Orb\n|\n|upkeep\n|c|\u2606Poopinho|Dam\n|\n|t:|1697219587\n|switch|p2b: Ninetales|Ninetales-Alola, F|100\/100\n|switch|p1b: Swampert|Swampert-Mega, M|100\/100\n|-weather|Snow|[from] ability: Snow Warning|[of] p2b: Ninetales\n|turn|4\n|\n|t:|1697219606\n|move|p1a: Serperior|Protect|p1a: Serperior\n|-singleturn|p1a: Serperior|Protect\n|move|p1b: Swampert|Protect|p1b: Swampert\n|-singleturn|p1b: Swampert|Protect\n|move|p2a: Kilowattrel|Air Cutter|p1b: Swampert|[spread] \n|-activate|p1a: Serperior|move: Protect\n|-activate|p1b: Swampert|move: Protect\n|move|p2b: Ninetales|Freeze-Dry|p1a: Serperior\n|-activate|p1a: Serperior|move: Protect\n|\n|-weather|Snow|[upkeep]\n|-sideend|p2: Skyhero752|move: Tailwind\n|upkeep\n|turn|5\n|\n|t:|1697219625\n|move|p2a: Kilowattrel|Tailwind|p2a: Kilowattrel\n|-sidestart|p2: Skyhero752|move: Tailwind\n|-start|p2a: Kilowattrel|Charge|Tailwind|[from] ability: Wind Power\n|move|p2b: Ninetales|Freeze-Dry|p1b: Swampert\n|-supereffective|p1b: Swampert\n|-damage|p1b: Swampert|0 fnt\n|faint|p1b: Swampert\n|move|p1a: Serperior|Grass Pledge|p2b: Ninetales\n|-damage|p2b: Ninetales|22\/100\n|-damage|p1a: Serperior|38\/100|[from] item: Life Orb\n|\n|-weather|Snow|[upkeep]\n|upkeep\n|c|\u2606Poopinho|No waaaay\n|c|\u2606Poopinho|Wp\n|c|\u2606Poopinho|U win once again\n|inactive|Poopinho has 120 seconds left.\n|c|\u2606Poopinho|See u around\n|-message|Poopinho forfeited.\n|\n|win|Skyhero752\n|raw|Poopinho's rating: 1192 &rarr; <strong>1169<\/strong><br \/>(-23 for losing)\n|raw|Skyhero752's rating: 1222 &rarr; <strong>1245<\/strong><br \/>(+23 for winning)\n|c|\u2606Skyhero752|gg\n|l|\u2606Poopinho\n","uploadtime":1697219655,"views":7,"p1id":"poopinho","p2id":"skyhero752","formatid":"gen9nationaldexdoubles","rating":1169,"private":0,"password":""}