{"id":"gen9nationaldexdoubles-1978593490","p1":"Zelphalopod","p2":"SgtSmilies","format":"[Gen 9] National Dex Doubles","log":"|j|\u2606Zelphalopod\n|j|\u2606SgtSmilies\n|t:|1698562560\n|gametype|doubles\n|player|p1|Zelphalopod|nate|\n|player|p2|SgtSmilies|acetrainerf|\n|teamsize|p1|6\n|teamsize|p2|6\n|gen|9\n|tier|[Gen 9] National Dex Doubles\n|rule|HP Percentage Mod: HP is shown in percentages\n|rule|Endless Battle Clause: Forcing endless battles is banned\n|rule|OHKO Clause: OHKO moves are banned\n|rule|Evasion Moves Clause: Evasion moves are banned\n|rule|Evasion Abilities Clause: Evasion abilities are banned\n|rule|Species Clause: Limit one of each Pok\u00e9mon\n|rule|Gravity Sleep Clause: The combination of sleep-inducing moves with imperfect accuracy and Gravity or Gigantamax Orbeetle are banned\n|clearpoke\n|poke|p1|Blaziken, M|\n|poke|p1|Samurott-Hisui, M|\n|poke|p1|Volcanion|\n|poke|p1|Wo-Chien|\n|poke|p1|Glimmora, F|\n|poke|p1|Gyarados, F|\n|poke|p2|Coalossal, F|\n|poke|p2|Masquerain, F|\n|poke|p2|Thundurus, M|\n|poke|p2|Dragapult, F|\n|poke|p2|Chien-Pao|\n|poke|p2|Slither Wing|\n|teampreview\n|j| Camdar\n|\n|t:|1698562593\n|start\n|switch|p1a: Shui-Long|Gyarados, F|100\/100\n|switch|p1b: Fan-Ying|Wo-Chien|100\/100\n|switch|p2a: Best Wishes|Thundurus, M|100\/100\n|switch|p2b: Ratheon|Dragapult, F, shiny|100\/100\n|-ability|p1a: Shui-Long|Intimidate|boost\n|-unboost|p2a: Best Wishes|atk|1\n|-unboost|p2b: Ratheon|atk|1\n|-ability|p1b: Fan-Ying|Tablets of Ruin\n|turn|1\n|j| 2wb\n|\n|t:|1698562615\n|-terastallize|p1a: Shui-Long|Water\n|move|p2b: Ratheon|Fire Blast|p1b: Fan-Ying\n|-supereffective|p1b: Fan-Ying\n|-damage|p1b: Fan-Ying|30\/100\n|-damage|p2b: Ratheon|91\/100|[from] item: Life Orb\n|move|p2a: Best Wishes|Wildbolt Storm|p1b: Fan-Ying|[spread] p1a\n|-miss|p2a: Best Wishes|p1b: Fan-Ying\n|-supereffective|p1a: Shui-Long\n|-damage|p1a: Shui-Long|0 fnt\n|faint|p1a: Shui-Long\n|move|p1b: Fan-Ying|Dark Pulse|p2b: Ratheon\n|-supereffective|p2b: Ratheon\n|-damage|p2b: Ratheon|0 fnt\n|faint|p2b: Ratheon\n|\n|upkeep\n|\n|t:|1698562639\n|switch|p2b: Weavile-Ruin|Chien-Pao|100\/100\n|switch|p1a: Taro|Blaziken, M|100\/100\n|-ability|p2b: Weavile-Ruin|Sword of Ruin\n|turn|2\n|\n|t:|1698562650\n|move|p1a: Taro|Vacuum Wave|p2b: Weavile-Ruin\n|-supereffective|p2b: Weavile-Ruin\n|-enditem|p2b: Weavile-Ruin|Focus Sash\n|-damage|p2b: Weavile-Ruin|1\/100\n|-damage|p1a: Taro|91\/100|[from] item: Life Orb\n|move|p2b: Weavile-Ruin|Ice Spinner|p1b: Fan-Ying\n|-supereffective|p1b: Fan-Ying\n|-damage|p1b: Fan-Ying|0 fnt\n|faint|p1b: Fan-Ying\n|move|p2a: Best Wishes|Wildbolt Storm|p1a: Taro\n|-crit|p1a: Taro\n|-damage|p1a: Taro|0 fnt\n|faint|p1a: Taro\n|\n|upkeep\n|\n|t:|1698562664\n|switch|p1a: Yin|Samurott-Hisui, M|100\/100\n|switch|p1b: Shimmer|Glimmora, F|100\/100\n|turn|3\n|\n|t:|1698562678\n|move|p2b: Weavile-Ruin|Ice Spinner|p1b: Shimmer\n|-damage|p1b: Shimmer|28\/100\n|-activate|p1b: Shimmer|ability: Toxic Debris\n|-sidestart|p2: SgtSmilies|move: Toxic Spikes\n|move|p2a: Best Wishes|Wildbolt Storm|p1b: Shimmer|[spread] p1b\n|-miss|p2a: Best Wishes|p1a: Yin\n|-damage|p1b: Shimmer|0 fnt\n|faint|p1b: Shimmer\n|move|p1a: Yin|Flip Turn|p2b: Weavile-Ruin\n|-damage|p2b: Weavile-Ruin|0 fnt\n|faint|p2b: Weavile-Ruin\n|\n|t:|1698562689\n|switch|p1a: Storm|Volcanion|100\/100|[from] Flip Turn\n|\n|upkeep\n|\n|t:|1698562698\n|switch|p2b: ANGERY|Masquerain, F, shiny|100\/100\n|switch|p1b: Yin|Samurott-Hisui, M|100\/100\n|-ability|p2b: ANGERY|Intimidate|boost\n|-unboost|p1a: Storm|atk|1\n|-unboost|p1b: Yin|atk|1\n|turn|4\n|\n|t:|1698562709\n|move|p2a: Best Wishes|Wildbolt Storm|p1a: Storm|[spread] p1a,p1b\n|-supereffective|p1a: Storm\n|-supereffective|p1b: Yin\n|-damage|p1a: Storm|29\/100\n|-damage|p1b: Yin|0 fnt\n|faint|p1b: Yin\n|move|p2b: ANGERY|Bug Buzz|p1a: Storm\n|-resisted|p1a: Storm\n|-damage|p1a: Storm|17\/100\n|move|p1a: Storm|Steam Eruption|p2a: Best Wishes\n|-damage|p2a: Best Wishes|26\/100\n|\n|upkeep\n|turn|5\n|\n|t:|1698562723\n|move|p2a: Best Wishes|Wildbolt Storm|p1a: Storm\n|-supereffective|p1a: Storm\n|-damage|p1a: Storm|0 fnt\n|faint|p1a: Storm\n|\n|win|SgtSmilies\n","uploadtime":1698562731,"views":16,"p1id":"zelphalopod","p2id":"sgtsmilies","formatid":"gen9nationaldexdoubles","rating":0,"private":0,"password":""}