{"id":"gen9nationaldexdoubles-1971279236","p1":"AdvancedDigit","p2":"xazawa","format":"[Gen 9] National Dex Doubles","log":"|j|\u2606AdvancedDigit\n|j|\u2606xazawa\n|t:|1697726057\n|gametype|doubles\n|player|p1|AdvancedDigit|hilbert-wonderlauncher|1226\n|player|p2|xazawa|swimmerf|1171\n|teamsize|p1|6\n|teamsize|p2|6\n|gen|9\n|tier|[Gen 9] National Dex Doubles\n|rated|\n|rule|HP Percentage Mod: HP is shown in percentages\n|rule|Endless Battle Clause: Forcing endless battles is banned\n|rule|OHKO Clause: OHKO moves are banned\n|rule|Evasion Moves Clause: Evasion moves are banned\n|rule|Evasion Abilities Clause: Evasion abilities are banned\n|rule|Species Clause: Limit one of each Pok\u00e9mon\n|rule|Gravity Sleep Clause: The combination of sleep-inducing moves with imperfect accuracy and Gravity or Gigantamax Orbeetle are banned\n|clearpoke\n|poke|p1|Scizor, M|\n|poke|p1|Mr. Mime, M|\n|poke|p1|Clefairy, F|\n|poke|p1|Amoonguss, M|\n|poke|p1|Chi-Yu|\n|poke|p1|Murkrow, M|\n|poke|p2|Dragalge, M|\n|poke|p2|Mimikyu, M|\n|poke|p2|Diancie|\n|poke|p2|Gastrodon, M|\n|poke|p2|Chi-Yu|\n|poke|p2|Banette, M|\n|teampreview\n|inactive|Battle timer is ON: inactive players will automatically lose when time's up. (requested by xazawa)\n|\n|t:|1697726075\n|start\n|switch|p1a: Mr. Mime|Mr. Mime, M|100\/100\n|switch|p1b: Scizor|Scizor, M|100\/100\n|switch|p2a: Gastrodon|Gastrodon, M|100\/100\n|switch|p2b: Dragalge|Dragalge, M|100\/100\n|turn|1\n|inactive|xazawa has 120 seconds left.\n|\n|t:|1697726109\n|switch|p2b: Chi-Yu|Chi-Yu|100\/100\n|-ability|p2b: Chi-Yu|Beads of Ruin\n|move|p1a: Mr. Mime|Fake Out|p2b: Chi-Yu\n|-damage|p2b: Chi-Yu|91\/100\n|move|p1b: Scizor|Swords Dance|p1b: Scizor\n|-boost|p1b: Scizor|atk|2\n|move|p2a: Gastrodon|Stealth Rock|p1a: Mr. Mime\n|-sidestart|p1: AdvancedDigit|move: Stealth Rock\n|\n|upkeep\n|turn|2\n|inactive|xazawa has 120 seconds left.\n|\n|t:|1697726138\n|move|p1a: Mr. Mime|Wide Guard|p1a: Mr. Mime\n|-singleturn|p1a: Mr. Mime|Wide Guard\n|move|p2b: Chi-Yu|Substitute|p2b: Chi-Yu\n|-start|p2b: Chi-Yu|Substitute\n|-damage|p2b: Chi-Yu|66\/100\n|move|p1b: Scizor|Trailblaze|p2a: Gastrodon\n|-supereffective|p2a: Gastrodon\n|-damage|p2a: Gastrodon|0 fnt\n|-boost|p1b: Scizor|spe|1\n|faint|p2a: Gastrodon\n|\n|upkeep\n|inactive|xazawa has 120 seconds left.\n|\n|t:|1697726161\n|switch|p2a: Mimikyu|Mimikyu, M|100\/100\n|turn|3\n|inactive|xazawa has 120 seconds left.\n|\n|t:|1697726188\n|move|p1a: Mr. Mime|Wide Guard|p1a: Mr. Mime\n|-singleturn|p1a: Mr. Mime|Wide Guard\n|move|p1b: Scizor|Bullet Punch|p2a: Mimikyu\n|-activate|p2a: Mimikyu|ability: Disguise\n|-damage|p2a: Mimikyu|100\/100\n|detailschange|p2a: Mimikyu|Mimikyu-Busted, M\n|-damage|p2a: Mimikyu|88\/100|[from] pokemon: Mimikyu-Busted\n|move|p2b: Chi-Yu|Flamethrower|p1b: Scizor\n|-supereffective|p1b: Scizor\n|-damage|p1b: Scizor|0 fnt\n|faint|p1b: Scizor\n|move|p2a: Mimikyu|Swords Dance|p2a: Mimikyu\n|-boost|p2a: Mimikyu|atk|2\n|\n|upkeep\n|\n|t:|1697726214\n|switch|p1b: Chi-Yu|Chi-Yu|100\/100\n|-damage|p1b: Chi-Yu|76\/100|[from] Stealth Rock\n|-ability|p1b: Chi-Yu|Beads of Ruin\n|turn|4\n|\n|t:|1697726228\n|move|p1a: Mr. Mime|Follow Me|p1a: Mr. Mime\n|-singleturn|p1a: Mr. Mime|move: Follow Me\n|move|p2b: Chi-Yu|Dark Pulse|p1a: Mr. Mime\n|-damage|p1a: Mr. Mime|38\/100\n|move|p1b: Chi-Yu|Heat Wave|p2a: Mimikyu|[spread] p2a,p2b\n|-resisted|p2b: Chi-Yu\n|-end|p2b: Chi-Yu|Substitute\n|-damage|p2a: Mimikyu|0 fnt\n|faint|p2a: Mimikyu\n|\n|-heal|p1a: Mr. Mime|44\/100|[from] item: Leftovers\n|upkeep\n|inactive|xazawa has 120 seconds left.\n|\n|t:|1697726262\n|switch|p2a: Diancie|Diancie|100\/100\n|turn|5\n|inactive|xazawa has 120 seconds left.\n|\n|t:|1697726291\n|move|p1a: Mr. Mime|Wide Guard|p1a: Mr. Mime\n|-singleturn|p1a: Mr. Mime|Wide Guard\n|move|p2b: Chi-Yu|Flamethrower|p1a: Mr. Mime\n|-damage|p1a: Mr. Mime|0 fnt\n|faint|p1a: Mr. Mime\n|move|p1b: Chi-Yu|Heat Wave|p2b: Chi-Yu|[spread] p2a,p2b\n|-resisted|p2a: Diancie\n|-resisted|p2b: Chi-Yu\n|-damage|p2a: Diancie|83\/100\n|-damage|p2b: Chi-Yu|32\/100\n|move|p2a: Diancie|Diamond Storm|p1b: Chi-Yu\n|-activate|p1b: Chi-Yu|move: Wide Guard\n|\n|upkeep\n|inactive|AdvancedDigit has 120 seconds left.\n|\n|t:|1697726313\n|switch|p1a: Clefairy|Clefairy, F|100\/100\n|-damage|p1a: Clefairy|88\/100|[from] Stealth Rock\n|turn|6\n|inactive|AdvancedDigit has 120 seconds left.\n|\n|t:|1697726342\n|-terastallize|p1b: Chi-Yu|Dark\n|move|p1a: Clefairy|Helping Hand|p1b: Chi-Yu\n|-singleturn|p1b: Chi-Yu|Helping Hand|[of] p1a: Clefairy\n|move|p2b: Chi-Yu|Flamethrower|p1a: Clefairy\n|-damage|p1a: Clefairy|46\/100\n|move|p1b: Chi-Yu|Heat Wave|p2a: Diancie|[spread] p2a,p2b\n|-resisted|p2a: Diancie\n|-resisted|p2b: Chi-Yu\n|-damage|p2a: Diancie|57\/100\n|-damage|p2b: Chi-Yu|0 fnt\n|faint|p2b: Chi-Yu\n|move|p2a: Diancie|Diamond Storm|p1a: Clefairy|[spread] p1a,p1b\n|-damage|p1a: Clefairy|13\/100\n|-damage|p1b: Chi-Yu|40\/100\n|-boost|p2a: Diancie|def|2\n|\n|upkeep\n|\n|t:|1697726358\n|switch|p2b: Banette|Banette, M|100\/100\n|turn|7\n|\n|t:|1697726373\n|detailschange|p2b: Banette|Banette-Mega, M\n|-mega|p2b: Banette|Banette|Banettite\n|move|p2b: Banette|Protect|p2b: Banette\n|-singleturn|p2b: Banette|Protect\n|move|p1a: Clefairy|Helping Hand|p1b: Chi-Yu\n|-singleturn|p1b: Chi-Yu|Helping Hand|[of] p1a: Clefairy\n|move|p1b: Chi-Yu|Heat Wave|p2a: Diancie|[spread] p2a\n|-activate|p2b: Banette|move: Protect\n|-resisted|p2a: Diancie\n|-damage|p2a: Diancie|31\/100\n|move|p2a: Diancie|Diamond Storm|p1a: Clefairy|[spread] p1a,p1b\n|-damage|p1a: Clefairy|0 fnt\n|-damage|p1b: Chi-Yu|6\/100\n|faint|p1a: Clefairy\n|\n|upkeep\n|\n|t:|1697726389\n|switch|p1a: Murkrow|Murkrow, M|100\/100\n|-damage|p1a: Murkrow|76\/100|[from] Stealth Rock\n|turn|8\n|\n|t:|1697726408\n|move|p2b: Banette|Toxic|p1b: Chi-Yu\n|-hint|Since gen 7, Dark is immune to Prankster moves.\n|-immune|p1b: Chi-Yu\n|move|p1b: Chi-Yu|Heat Wave|p2b: Banette|[spread] p2a,p2b\n|-resisted|p2a: Diancie\n|-damage|p2a: Diancie|11\/100\n|-damage|p2b: Banette|0 fnt\n|faint|p2b: Banette\n|move|p1a: Murkrow|Foul Play|p2a: Diancie\n|-resisted|p2a: Diancie\n|-damage|p2a: Diancie|4\/100\n|move|p2a: Diancie|Body Press|p1a: Murkrow\n|-damage|p1a: Murkrow|0 fnt\n|faint|p1a: Murkrow\n|\n|upkeep\n|\n|t:|1697726422\n|switch|p2b: Dragalge|Dragalge, M|100\/100\n|switch|p1a: Amoonguss|Amoonguss, M|100\/100\n|-damage|p1a: Amoonguss|88\/100|[from] Stealth Rock\n|turn|9\n|\n|t:|1697726438\n|move|p1b: Chi-Yu|Heat Wave|p2b: Dragalge|[spread] p2a,p2b\n|-resisted|p2a: Diancie\n|-resisted|p2b: Dragalge\n|-crit|p2b: Dragalge\n|-damage|p2a: Diancie|0 fnt\n|-damage|p2b: Dragalge|48\/100\n|faint|p2a: Diancie\n|move|p2b: Dragalge|Dragon Pulse|p1a: Amoonguss\n|-damage|p1a: Amoonguss|34\/100\n|move|p1a: Amoonguss|Spore|p2b: Dragalge\n|-status|p2b: Dragalge|slp|[from] move: Spore\n|\n|-heal|p2b: Dragalge|53\/100 slp|[from] item: Leftovers\n|-heal|p1a: Amoonguss|40\/100|[from] item: Leftovers\n|upkeep\n|turn|10\n|\n|t:|1697726452\n|move|p1b: Chi-Yu|Heat Wave|p2b: Dragalge\n|-resisted|p2b: Dragalge\n|-damage|p2b: Dragalge|11\/100 slp\n|cant|p2b: Dragalge|slp\n|move|p1a: Amoonguss|Sludge Bomb|p2b: Dragalge\n|-resisted|p2b: Dragalge\n|-damage|p2b: Dragalge|0 fnt\n|faint|p2b: Dragalge\n|\n|win|AdvancedDigit\n|raw|AdvancedDigit's rating: 1226 &rarr; <strong>1247<\/strong><br \/>(+21 for winning)\n|raw|xazawa's rating: 1171 &rarr; <strong>1150<\/strong><br \/>(-21 for losing)\n|c|\u2606AdvancedDigit|idk how or why i won that but gg\n","uploadtime":1697726457,"views":9,"p1id":"advanceddigit","p2id":"xazawa","formatid":"gen9nationaldexdoubles","rating":1150,"private":0,"password":""}