{"id":"gen9nationaldexdoubles-1959168225","p1":"Theadonia","p2":"Numa no Kage","format":"[Gen 9] National Dex Doubles","log":"|j|\u2606Theadonia\n|j|\u2606Numa no Kage\n|t:|1696394796\n|gametype|doubles\n|player|p1|Theadonia|caitlin|1178\n|player|p2|Numa no Kage|acetrainer|1073\n|teamsize|p1|6\n|teamsize|p2|6\n|gen|9\n|tier|[Gen 9] National Dex Doubles\n|rated|\n|rule|HP Percentage Mod: HP is shown in percentages\n|rule|Endless Battle Clause: Forcing endless battles is banned\n|rule|OHKO Clause: OHKO moves are banned\n|rule|Evasion Moves Clause: Evasion moves are banned\n|rule|Evasion Abilities Clause: Evasion abilities are banned\n|rule|Species Clause: Limit one of each Pok\u00e9mon\n|rule|Gravity Sleep Clause: The combination of sleep-inducing moves with imperfect accuracy and Gravity or Gigantamax Orbeetle are banned\n|clearpoke\n|poke|p1|Delphox, M|\n|poke|p1|Oricorio-Sensu, M|\n|poke|p1|Kommo-o, M|\n|poke|p1|Riolu, M|\n|poke|p1|Cresselia, F|\n|poke|p1|Smeargle, M|\n|poke|p2|Chansey, F|\n|poke|p2|Okidogi, M|\n|poke|p2|Grimmsnarl, M|\n|poke|p2|Landorus-Therian, M|\n|poke|p2|Walking Wake|\n|poke|p2|Flutter Mane|\n|teampreview\n|inactive|Battle timer is ON: inactive players will automatically lose when time's up. (requested by Numa no Kage)\n|\n|t:|1696394810\n|start\n|switch|p1a: Delphox|Delphox, M, shiny|100\/100\n|switch|p1b: Oricorio|Oricorio-Sensu, M, shiny|100\/100\n|switch|p2a: Chansey|Chansey, F|100\/100\n|switch|p2b: Grimmsnarl|Grimmsnarl, M, shiny|100\/100\n|turn|1\n|\n|t:|1696394820\n|move|p2b: Grimmsnarl|Light Screen|p2b: Grimmsnarl\n|-sidestart|p2: Numa no Kage|move: Light Screen\n|move|p1a: Delphox|Role Play|p1b: Oricorio\n|-endability|p1a: Delphox|Magician|[from] move: Role Play\n|-ability|p1a: Delphox|Dancer|[from] move: Role Play|[of] p1b: Oricorio\n|move|p1b: Oricorio|Quiver Dance|p1b: Oricorio\n|-boost|p1b: Oricorio|spa|1\n|-boost|p1b: Oricorio|spd|1\n|-boost|p1b: Oricorio|spe|1\n|-activate|p1a: Delphox|ability: Dancer\n|move|p1a: Delphox|Quiver Dance|p1a: Delphox|[from]ability: Dancer\n|-boost|p1a: Delphox|spa|1\n|-boost|p1a: Delphox|spd|1\n|-boost|p1a: Delphox|spe|1\n|move|p2a: Chansey|Thunder Wave|p1b: Oricorio\n|-status|p1b: Oricorio|par\n|\n|upkeep\n|turn|2\n|\n|t:|1696394843\n|move|p2b: Grimmsnarl|Taunt|p1b: Oricorio\n|-start|p1b: Oricorio|move: Taunt\n|move|p1a: Delphox|Copycat|p1a: Delphox\n|move|p1a: Delphox|Taunt|p2b: Grimmsnarl|[from]move: Copycat\n|-start|p2b: Grimmsnarl|move: Taunt\n|cant|p1b: Oricorio|move: Taunt|Quiver Dance\n|move|p2a: Chansey|Thunder Wave|p1a: Delphox\n|-status|p1a: Delphox|par\n|\n|upkeep\n|turn|3\n|\n|t:|1696394870\n|switch|p2b: Walking Wake|Walking Wake|100\/100\n|move|p1a: Delphox|Heat Wave|p2b: Walking Wake|[spread] p2a,p2b\n|-resisted|p2b: Walking Wake\n|-crit|p2b: Walking Wake\n|-damage|p2a: Chansey|90\/100\n|-damage|p2b: Walking Wake|85\/100\n|cant|p1b: Oricorio|par\n|move|p2a: Chansey|Stealth Rock|p1b: Oricorio\n|-sidestart|p1: Theadonia|move: Stealth Rock\n|\n|upkeep\n|turn|4\n|\n|t:|1696394890\n|-terastallize|p1b: Oricorio|Fairy\n|move|p2b: Walking Wake|Hydro Steam|p1b: Oricorio\n|-damage|p1b: Oricorio|60\/100 par\n|move|p1a: Delphox|Stored Power|p2b: Walking Wake\n|-damage|p2b: Walking Wake|56\/100\n|move|p1b: Oricorio|Revelation Dance|p2b: Walking Wake\n|-supereffective|p2b: Walking Wake\n|-damage|p2b: Walking Wake|5\/100\n|-activate|p1a: Delphox|ability: Dancer\n|move|p1a: Delphox|Revelation Dance|p2b: Walking Wake|[from]ability: Dancer\n|-resisted|p2b: Walking Wake\n|-damage|p2b: Walking Wake|0 fnt\n|faint|p2b: Walking Wake\n|-end|p2b: Walking Wake|Protosynthesis|[silent]\n|move|p2a: Chansey|Thunder Wave|p1a: Delphox\n|-fail|p1a: Delphox|par\n|\n|-end|p1b: Oricorio|move: Taunt\n|upkeep\n|inactive|Numa no Kage has 120 seconds left.\n|\n|t:|1696394921\n|switch|p2b: Grimmsnarl|Grimmsnarl, M, shiny|100\/100\n|turn|5\n|\n|t:|1696394934\n|move|p2b: Grimmsnarl|Parting Shot|p1a: Delphox\n|-unboost|p1a: Delphox|atk|1\n|-unboost|p1a: Delphox|spa|1\n|inactive|Numa no Kage has 120 seconds left.\n|\n|t:|1696394945\n|switch|p2b: Landorus|Landorus-Therian, M|100\/100|[from] Parting Shot\n|-ability|p2b: Landorus|Intimidate|boost\n|-unboost|p1a: Delphox|atk|1\n|-unboost|p1b: Oricorio|atk|1\n|move|p1a: Delphox|Heat Wave|p2a: Chansey|[spread] p2a,p2b\n|-crit|p2b: Landorus\n|-damage|p2a: Chansey|83\/100\n|-damage|p2b: Landorus|36\/100\n|move|p1b: Oricorio|Revelation Dance|p2b: Landorus\n|-damage|p2b: Landorus|0 fnt\n|faint|p2b: Landorus\n|-activate|p1a: Delphox|ability: Dancer\n|move|p1a: Delphox|Revelation Dance|p2a: Chansey|[from]ability: Dancer\n|-crit|p2a: Chansey\n|-damage|p2a: Chansey|65\/100\n|move|p2a: Chansey|Seismic Toss|p1a: Delphox\n|-damage|p1a: Delphox|66\/100 par\n|\n|upkeep\n|inactive|Numa no Kage has 120 seconds left.\n|\n|t:|1696394967\n|switch|p2b: Grimmsnarl|Grimmsnarl, M, shiny|100\/100\n|turn|6\n|inactive|Numa no Kage has 120 seconds left.\n|\n|t:|1696394980\n|move|p2b: Grimmsnarl|Parting Shot|p1a: Delphox\n|-unboost|p1a: Delphox|atk|1\n|-unboost|p1a: Delphox|spa|1\n|inactive|Numa no Kage has 120 seconds left.\n|\n|t:|1696394996\n|switch|p2b: Mega Misdreavus|Flutter Mane, shiny|100\/100|[from] Parting Shot\n|move|p1a: Delphox|Copycat|p1a: Delphox\n|move|p1a: Delphox|Parting Shot|p2a: Chansey|[from]move: Copycat\n|-unboost|p2a: Chansey|atk|1\n|-unboost|p2a: Chansey|spa|1\n|\n|t:|1696395003\n|switch|p1a: Cresselia|Cresselia, F|100\/100|[from] Parting Shot\n|-damage|p1a: Cresselia|88\/100|[from] Stealth Rock\n|move|p1b: Oricorio|Quiver Dance|p1b: Oricorio\n|-boost|p1b: Oricorio|spa|1\n|-boost|p1b: Oricorio|spd|1\n|-boost|p1b: Oricorio|spe|1\n|move|p2a: Chansey|Seismic Toss|p1b: Oricorio\n|-damage|p1b: Oricorio|31\/100 par\n|\n|-heal|p1a: Cresselia|94\/100|[from] item: Leftovers\n|upkeep\n|turn|7\n|\n|t:|1696395019\n|-terastallize|p2b: Mega Misdreavus|Ghost\n|move|p2b: Mega Misdreavus|Shadow Ball|p1a: Cresselia\n|-supereffective|p1a: Cresselia\n|-damage|p1a: Cresselia|10\/100\n|cant|p1b: Oricorio|par\n|move|p1a: Cresselia|Lunar Blessing|p1a: Cresselia|[spread] p1a,p1b\n|-heal|p1a: Cresselia|35\/100\n|-heal|p1b: Oricorio|56\/100 par\n|-curestatus|p1b: Oricorio|par|[msg]\n|move|p2a: Chansey|Seismic Toss|p1b: Oricorio\n|-damage|p1b: Oricorio|28\/100\n|\n|-heal|p1a: Cresselia|41\/100|[from] item: Leftovers\n|upkeep\n|turn|8\n|\n|t:|1696395037\n|move|p2b: Mega Misdreavus|Shadow Ball|p1b: Oricorio\n|-damage|p1b: Oricorio|0 fnt\n|faint|p1b: Oricorio\n|move|p1a: Cresselia|Lunar Blessing|p1a: Cresselia\n|-heal|p1a: Cresselia|66\/100\n|move|p2a: Chansey|Seismic Toss|p1a: Cresselia\n|-damage|p1a: Cresselia|43\/100\n|\n|-heal|p1a: Cresselia|49\/100|[from] item: Leftovers\n|-sideend|p2: Numa no Kage|move: Light Screen\n|upkeep\n|\n|t:|1696395044\n|switch|p1b: Riolu|Riolu, M|100\/100\n|-damage|p1b: Riolu|95\/100|[from] Stealth Rock\n|turn|9\n|\n|t:|1696395059\n|move|p1b: Riolu|Coaching|p1a: Cresselia\n|-boost|p1a: Cresselia|atk|1\n|-boost|p1a: Cresselia|def|1\n|move|p2b: Mega Misdreavus|Shadow Ball|p1a: Cresselia\n|-supereffective|p1a: Cresselia\n|-damage|p1a: Cresselia|0 fnt\n|faint|p1a: Cresselia\n|move|p2a: Chansey|Thunder Wave|p1b: Riolu\n|-status|p1b: Riolu|par\n|\n|upkeep\n|\n|t:|1696395066\n|switch|p1a: Kommo-o|Kommo-o, M, shiny|100\/100\n|-damage|p1a: Kommo-o|94\/100|[from] Stealth Rock\n|turn|10\n|\n|t:|1696395089\n|move|p1b: Riolu|Coaching|p1a: Kommo-o\n|-boost|p1a: Kommo-o|atk|1\n|-boost|p1a: Kommo-o|def|1\n|move|p2b: Mega Misdreavus|Shadow Ball|p1b: Riolu\n|-damage|p1b: Riolu|0 fnt\n|faint|p1b: Riolu\n|-zpower|p1a: Kommo-o\n|move|p1a: Kommo-o|Clangorous Soulblaze|p2b: Mega Misdreavus|[zeffect]|[spread] p2a,p2b\n|-damage|p2a: Chansey|51\/100\n|-damage|p2b: Mega Misdreavus|54\/100\n|-boost|p1a: Kommo-o|atk|1\n|-boost|p1a: Kommo-o|def|1\n|-boost|p1a: Kommo-o|spa|1\n|-boost|p1a: Kommo-o|spd|1\n|-boost|p1a: Kommo-o|spe|1\n|move|p2a: Chansey|Thunder Wave|p1a: Kommo-o\n|-status|p1a: Kommo-o|par\n|\n|upkeep\n|\n|t:|1696395105\n|switch|p1b: Smeargle|Smeargle, M|100\/100\n|-damage|p1b: Smeargle|88\/100|[from] Stealth Rock\n|turn|11\n|\n|t:|1696395117\n|-end|p2b: Mega Misdreavus|Protosynthesis|[silent]\n|switch|p2b: Grimmsnarl|Grimmsnarl, M, shiny|100\/100\n|move|p1b: Smeargle|Simple Beam|p1a: Kommo-o\n|-endability|p1a: Kommo-o|Soundproof|[from] move: Simple Beam\n|-ability|p1a: Kommo-o|Simple|[from] move: Simple Beam\n|cant|p1a: Kommo-o|par\n|move|p2a: Chansey|Soft-Boiled|p2a: Chansey\n|-heal|p2a: Chansey|100\/100\n|\n|upkeep\n|turn|12\n|\n|t:|1696395133\n|switch|p1b: Delphox|Delphox, M, shiny|66\/100 par\n|-damage|p1b: Delphox|41\/100 par|[from] Stealth Rock\n|move|p2b: Grimmsnarl|Reflect|p2b: Grimmsnarl\n|-sidestart|p2: Numa no Kage|Reflect\n|cant|p1a: Kommo-o|par\n|move|p2a: Chansey|Thunder Wave|p1b: Delphox\n|-fail|p1b: Delphox|par\n|\n|upkeep\n|turn|13\n|\n|t:|1696395151\n|move|p2b: Grimmsnarl|Taunt|p1b: Delphox\n|-start|p1b: Delphox|move: Taunt\n|move|p1a: Kommo-o|Poison Jab|p2b: Grimmsnarl\n|-supereffective|p2b: Grimmsnarl\n|-damage|p2b: Grimmsnarl|14\/100\n|-status|p2b: Grimmsnarl|psn\n|cant|p1b: Delphox|move: Taunt|Copycat\n|move|p2a: Chansey|Seismic Toss|p1b: Delphox\n|-damage|p1b: Delphox|7\/100 par\n|\n|-damage|p2b: Grimmsnarl|2\/100 psn|[from] psn\n|upkeep\n|turn|14\n|\n|t:|1696395175\n|move|p2b: Grimmsnarl|Parting Shot|p1a: Kommo-o\n|-unboost|p1a: Kommo-o|atk|2\n|-unboost|p1a: Kommo-o|spa|2\n|\n|t:|1696395179\n|switch|p2b: Okidogi|Okidogi, M|100\/100|[from] Parting Shot\n|move|p1a: Kommo-o|Drain Punch|p2a: Chansey\n|-supereffective|p2a: Chansey\n|-damage|p2a: Chansey|70\/100\n|-heal|p1a: Kommo-o|100\/100 par|[from] drain|[of] p2a: Chansey\n|move|p1b: Delphox|Heat Wave|p2a: Chansey|[spread] p2a,p2b\n|-damage|p2a: Chansey|59\/100\n|-damage|p2b: Okidogi|77\/100\n|move|p2a: Chansey|Seismic Toss|p1b: Delphox\n|-damage|p1b: Delphox|0 fnt\n|faint|p1b: Delphox\n|\n|upkeep\n|\n|t:|1696395187\n|switch|p1b: Smeargle|Smeargle, M|88\/100\n|-damage|p1b: Smeargle|76\/100|[from] Stealth Rock\n|turn|15\n|\n|t:|1696395208\n|move|p1b: Smeargle|Jungle Healing|p1b: Smeargle|[spread] p1a,p1b\n|-curestatus|p1a: Kommo-o|par|[msg]\n|-heal|p1b: Smeargle|100\/100\n|move|p1a: Kommo-o|Clangorous Soul|p1a: Kommo-o\n|-boost|p1a: Kommo-o|atk|2\n|-boost|p1a: Kommo-o|def|2\n|-boost|p1a: Kommo-o|spa|2\n|-boost|p1a: Kommo-o|spd|2\n|-boost|p1a: Kommo-o|spe|2\n|-damage|p1a: Kommo-o|68\/100\n|move|p2b: Okidogi|Drain Punch|p1b: Smeargle\n|-supereffective|p1b: Smeargle\n|-damage|p1b: Smeargle|0 fnt\n|-heal|p2b: Okidogi|100\/100|[from] drain|[of] p1b: Smeargle\n|faint|p1b: Smeargle\n|move|p2a: Chansey|Seismic Toss|p1a: Kommo-o\n|-damage|p1a: Kommo-o|33\/100\n|\n|upkeep\n|turn|16\n|inactive|Numa no Kage has 120 seconds left.\n|\n|t:|1696395243\n|move|p1a: Kommo-o|Drain Punch|p2a: Chansey\n|-supereffective|p2a: Chansey\n|-damage|p2a: Chansey|3\/100\n|-heal|p1a: Kommo-o|100\/100|[from] drain|[of] p2a: Chansey\n|move|p2b: Okidogi|Poison Fang|p1a: Kommo-o\n|-damage|p1a: Kommo-o|91\/100\n|-status|p1a: Kommo-o|tox\n|move|p2a: Chansey|Seismic Toss|p1a: Kommo-o\n|-damage|p1a: Kommo-o|57\/100 tox\n|\n|-damage|p1a: Kommo-o|51\/100 tox|[from] psn\n|upkeep\n|turn|17\n|\n|t:|1696395263\n|move|p1a: Kommo-o|Clanging Scales|p2b: Okidogi|[spread] p2a,p2b\n|-damage|p2a: Chansey|0 fnt\n|-damage|p2b: Okidogi|70\/100\n|faint|p2a: Chansey\n|-unboost|p1a: Kommo-o|def|2\n|move|p2b: Okidogi|Psychic Fangs|p1a: Kommo-o\n|-supereffective|p1a: Kommo-o\n|-damage|p1a: Kommo-o|18\/100 tox\n|\n|-damage|p1a: Kommo-o|6\/100 tox|[from] psn\n|upkeep\n|inactive|Numa no Kage has 120 seconds left.\n|\n|t:|1696395275\n|switch|p2a: Grimmsnarl|Grimmsnarl, M, shiny|2\/100 psn\n|turn|18\n|\n|t:|1696395281\n|move|p2a: Grimmsnarl|Parting Shot|p1a: Kommo-o\n|-unboost|p1a: Kommo-o|atk|2\n|-unboost|p1a: Kommo-o|spa|2\n|\n|t:|1696395286\n|switch|p2a: Mega Misdreavus|Flutter Mane, shiny, tera:Ghost|54\/100|[from] Parting Shot\n|move|p1a: Kommo-o|Drain Punch|p2b: Okidogi\n|-resisted|p2b: Okidogi\n|-damage|p2b: Okidogi|62\/100\n|-heal|p1a: Kommo-o|12\/100 tox|[from] drain|[of] p2b: Okidogi\n|move|p2b: Okidogi|Poison Fang|p1a: Kommo-o\n|-damage|p1a: Kommo-o|0 fnt\n|faint|p1a: Kommo-o\n|\n|win|Numa no Kage\n|raw|Theadonia's rating: 1178 &rarr; <strong>1146<\/strong><br \/>(-32 for losing)\n|raw|Numa no Kage's rating: 1073 &rarr; <strong>1111<\/strong><br \/>(+38 for winning)\n|l|\u2606Theadonia\n|l|\u2606Numa no Kage\n|j|\u2606Numa no Kage\n|player|p2|Numa no Kage|acetrainer\n","uploadtime":1696395622,"views":18,"p1id":"theadonia","p2id":"numanokage","formatid":"gen9nationaldexdoubles","rating":1111,"private":0,"password":""}