{"id":"gen9nationaldexdoubles-1953408016","p1":"HNakiyamas","p2":"IcyThePea","format":"[Gen 9] National Dex Doubles","log":"|j|\u2606HNakiyamas\n|j|\u2606IcyThePea\n|t:|1695783320\n|gametype|doubles\n|player|p1|HNakiyamas|169|\n|player|p2|IcyThePea|266|\n|teamsize|p1|6\n|teamsize|p2|6\n|gen|9\n|tier|[Gen 9] National Dex Doubles\n|rule|HP Percentage Mod: HP is shown in percentages\n|rule|Endless Battle Clause: Forcing endless battles is banned\n|rule|OHKO Clause: OHKO moves are banned\n|rule|Evasion Moves Clause: Evasion moves are banned\n|rule|Evasion Abilities Clause: Evasion abilities are banned\n|rule|Species Clause: Limit one of each Pok\u00e9mon\n|rule|Gravity Sleep Clause: The combination of sleep-inducing moves with imperfect accuracy and Gravity or Gigantamax Orbeetle are banned\n|clearpoke\n|poke|p1|Articuno-Galar|\n|poke|p1|Garchomp, F|\n|poke|p1|Glimmora, F|\n|poke|p1|Garganacl, F|\n|poke|p1|Gholdengo|\n|poke|p1|Sandy Shocks|\n|poke|p2|Glaceon, F|\n|poke|p2|Umbreon, F|\n|poke|p2|Flareon, M|\n|poke|p2|Vaporeon, M|\n|poke|p2|Espeon, F|\n|poke|p2|Sylveon, F|\n|teampreview\n|\n|t:|1695783334\n|start\n|switch|p1a: Articuno|Articuno-Galar, shiny|100\/100\n|switch|p1b: Inchigo|Glimmora, F|100\/100\n|switch|p2a: Flareon|Flareon, M|100\/100\n|switch|p2b: Vaporeon|Vaporeon, M|100\/100\n|turn|1\n|\n|t:|1695783355\n|move|p1a: Articuno|Tailwind|p1a: Articuno\n|-sidestart|p1: HNakiyamas|move: Tailwind\n|move|p1b: Inchigo|Mortal Spin|p2b: Vaporeon|[spread] p2a,p2b\n|-damage|p2a: Flareon|93\/100\n|-damage|p2b: Vaporeon|98\/100\n|-status|p2a: Flareon|psn\n|-status|p2b: Vaporeon|psn\n|move|p2a: Flareon|Flare Blitz|p1b: Inchigo\n|-resisted|p1b: Inchigo\n|-damage|p1b: Inchigo|43\/100\n|-activate|p1b: Inchigo|ability: Toxic Debris\n|-sidestart|p2: IcyThePea|move: Toxic Spikes\n|-damage|p2a: Flareon|71\/100 psn|[from] Recoil\n|move|p2b: Vaporeon|Scald|p1b: Inchigo\n|-supereffective|p1b: Inchigo\n|-damage|p1b: Inchigo|0 fnt\n|faint|p1b: Inchigo\n|\n|-heal|p2b: Vaporeon|100\/100 psn|[from] item: Leftovers\n|-damage|p2a: Flareon|59\/100 psn|[from] psn\n|-damage|p2b: Vaporeon|88\/100 psn|[from] psn\n|upkeep\n|\n|t:|1695783373\n|switch|p1b: Garchomp|Garchomp, F, shiny|100\/100\n|turn|2\n|\n|t:|1695783399\n|move|p1b: Garchomp|Earthquake|p2a: Flareon|[spread] p2a,p2b\n|-immune|p1a: Articuno\n|-supereffective|p2a: Flareon\n|-crit|p2b: Vaporeon\n|-damage|p2a: Flareon|0 fnt\n|-damage|p2b: Vaporeon|43\/100 psn\n|faint|p2a: Flareon\n|move|p1a: Articuno|Freezing Glare|p2b: Vaporeon\n|-damage|p2b: Vaporeon|16\/100 psn\n|move|p2b: Vaporeon|Toxic|p1b: Garchomp\n|-status|p1b: Garchomp|tox\n|\n|-heal|p2b: Vaporeon|22\/100 psn|[from] item: Leftovers\n|-damage|p1b: Garchomp|94\/100 tox|[from] psn\n|-damage|p2b: Vaporeon|10\/100 psn|[from] psn\n|upkeep\n|\n|t:|1695783416\n|switch|p2a: Umbreon|Umbreon, F|100\/100\n|-status|p2a: Umbreon|psn\n|turn|3\n|\n|t:|1695783424\n|move|p1b: Garchomp|Dragon Claw|p2a: Umbreon\n|-damage|p2a: Umbreon|68\/100 psn\n|move|p1a: Articuno|Freezing Glare|p2a: Umbreon\n|-immune|p2a: Umbreon\n|move|p2a: Umbreon|Wish|p2a: Umbreon\n|move|p2b: Vaporeon|Wish|p2b: Vaporeon\n|\n|-heal|p1b: Garchomp|100\/100 tox|[from] item: Leftovers\n|-heal|p2a: Umbreon|74\/100 psn|[from] item: Leftovers\n|-heal|p2b: Vaporeon|16\/100 psn|[from] item: Leftovers\n|-damage|p1b: Garchomp|88\/100 tox|[from] psn\n|-damage|p2b: Vaporeon|3\/100 psn|[from] psn\n|-damage|p2a: Umbreon|61\/100 psn|[from] psn\n|upkeep\n|turn|4\n|\n|t:|1695783446\n|move|p2a: Umbreon|Protect|p2a: Umbreon\n|-singleturn|p2a: Umbreon|Protect\n|move|p2b: Vaporeon|Protect|p2b: Vaporeon\n|-singleturn|p2b: Vaporeon|Protect\n|move|p1b: Garchomp|Earthquake|p2a: Umbreon|[spread] \n|-activate|p2a: Umbreon|move: Protect\n|-activate|p2b: Vaporeon|move: Protect\n|-immune|p1a: Articuno\n|move|p1a: Articuno|Tera Blast|p2a: Umbreon\n|-activate|p2a: Umbreon|move: Protect\n|\n|-heal|p2b: Vaporeon|53\/100 psn|[from] move: Wish|[wisher] Vaporeon\n|-heal|p2a: Umbreon|100\/100 psn|[from] move: Wish|[wisher] Umbreon\n|-heal|p1b: Garchomp|94\/100 tox|[from] item: Leftovers\n|-heal|p2b: Vaporeon|60\/100 psn|[from] item: Leftovers\n|-damage|p1b: Garchomp|76\/100 tox|[from] psn\n|-damage|p2a: Umbreon|88\/100 psn|[from] psn\n|-damage|p2b: Vaporeon|47\/100 psn|[from] psn\n|-sideend|p1: HNakiyamas|move: Tailwind\n|upkeep\n|turn|5\n|\n|t:|1695783475\n|move|p1b: Garchomp|Earthquake|p2a: Umbreon|[spread] p2a,p2b\n|-immune|p1a: Articuno\n|-damage|p2a: Umbreon|55\/100 psn\n|-damage|p2b: Vaporeon|21\/100 psn\n|move|p1a: Articuno|Tailwind|p1a: Articuno\n|-sidestart|p1: HNakiyamas|move: Tailwind\n|move|p2a: Umbreon|Heal Bell|p2a: Umbreon\n|-activate|p2a: Umbreon|move: Heal Bell\n|-curestatus|p2a: Umbreon|psn|[msg]\n|-curestatus|p2b: Vaporeon|psn|[msg]\n|move|p2b: Vaporeon|Scald|p1b: Garchomp\n|-damage|p1b: Garchomp|44\/100 tox\n|\n|-heal|p1b: Garchomp|50\/100 tox|[from] item: Leftovers\n|-heal|p2a: Umbreon|61\/100|[from] item: Leftovers\n|-heal|p2b: Vaporeon|27\/100|[from] item: Leftovers\n|-damage|p1b: Garchomp|25\/100 tox|[from] psn\n|upkeep\n|turn|6\n|\n|t:|1695783502\n|move|p1b: Garchomp|Dragon Claw|p2b: Vaporeon\n|-damage|p2b: Vaporeon|0 fnt\n|faint|p2b: Vaporeon\n|move|p1a: Articuno|Freezing Glare|p2a: Umbreon\n|-immune|p2a: Umbreon\n|move|p2a: Umbreon|Foul Play|p1b: Garchomp\n|-damage|p1b: Garchomp|0 fnt\n|-damage|p2a: Umbreon|48\/100|[from] ability: Rough Skin|[of] p1b: Garchomp\n|faint|p1b: Garchomp\n|\n|-heal|p2a: Umbreon|54\/100|[from] item: Leftovers\n|upkeep\n|\n|t:|1695783520\n|switch|p1b: Garganacl|Garganacl, F|100\/100\n|switch|p2b: Espeon|Espeon, F|100\/100\n|-status|p2b: Espeon|psn\n|turn|7\n|\n|t:|1695783547\n|-terastallize|p1b: Garganacl|Water\n|move|p1a: Articuno|Freezing Glare|p2a: Umbreon\n|-immune|p2a: Umbreon\n|move|p2b: Espeon|Calm Mind|p2b: Espeon\n|-boost|p2b: Espeon|spa|1\n|-boost|p2b: Espeon|spd|1\n|move|p1b: Garganacl|Iron Defense|p1b: Garganacl\n|-boost|p1b: Garganacl|def|2\n|move|p2a: Umbreon|Wish|p2a: Umbreon\n|\n|-heal|p2a: Umbreon|60\/100|[from] item: Leftovers\n|-damage|p2b: Espeon|88\/100 psn|[from] psn\n|upkeep\n|turn|8\n|\n|t:|1695783573\n|move|p2a: Umbreon|Protect|p2a: Umbreon\n|-singleturn|p2a: Umbreon|Protect\n|move|p1a: Articuno|Freezing Glare|p2b: Espeon\n|-resisted|p2b: Espeon\n|-damage|p2b: Espeon|71\/100 psn\n|move|p2b: Espeon|Psychic|p1a: Articuno\n|-resisted|p1a: Articuno\n|-damage|p1a: Articuno|68\/100\n|move|p1b: Garganacl|Body Press|p2a: Umbreon\n|-activate|p2a: Umbreon|move: Protect\n|\n|-heal|p2a: Umbreon|100\/100|[from] move: Wish|[wisher] Umbreon\n|-heal|p1a: Articuno|74\/100|[from] item: Leftovers\n|-heal|p2b: Espeon|77\/100 psn|[from] item: Leftovers\n|-damage|p2b: Espeon|65\/100 psn|[from] psn\n|-sideend|p1: HNakiyamas|move: Tailwind\n|upkeep\n|turn|9\n|\n|t:|1695783598\n|move|p2b: Espeon|Shadow Ball|p1a: Articuno\n|-supereffective|p1a: Articuno\n|-damage|p1a: Articuno|3\/100\n|move|p1a: Articuno|Tera Blast|p2a: Umbreon\n|-damage|p2a: Umbreon|88\/100\n|move|p2a: Umbreon|Heal Bell|p2a: Umbreon\n|-activate|p2a: Umbreon|move: Heal Bell\n|-curestatus|p2b: Espeon|psn|[msg]\n|move|p1b: Garganacl|Body Press|p2a: Umbreon\n|-supereffective|p2a: Umbreon\n|-damage|p2a: Umbreon|0 fnt\n|faint|p2a: Umbreon\n|\n|-heal|p2b: Espeon|71\/100|[from] item: Leftovers\n|-heal|p1a: Articuno|9\/100|[from] item: Leftovers\n|upkeep\n|\n|t:|1695783616\n|switch|p2a: Sylveon|Sylveon, F|100\/100\n|-status|p2a: Sylveon|psn\n|turn|10\n|\n|t:|1695783626\n|move|p2b: Espeon|Morning Sun|p2b: Espeon\n|-heal|p2b: Espeon|100\/100\n|move|p1a: Articuno|Tailwind|p1a: Articuno\n|-sidestart|p1: HNakiyamas|move: Tailwind\n|move|p1b: Garganacl|Salt Cure|p2b: Espeon\n|-damage|p2b: Espeon|74\/100\n|-start|p2b: Espeon|Salt Cure\n|move|p2a: Sylveon|Hyper Voice|p1a: Articuno|[spread] p1a,p1b\n|-damage|p1a: Articuno|0 fnt\n|-damage|p1b: Garganacl|76\/100\n|faint|p1a: Articuno\n|\n|-heal|p2b: Espeon|80\/100|[from] item: Leftovers\n|-heal|p1b: Garganacl|82\/100|[from] item: Leftovers\n|-damage|p2a: Sylveon|88\/100 psn|[from] psn\n|-damage|p2b: Espeon|68\/100|[from] Salt Cure\n|upkeep\n|\n|t:|1695783648\n|switch|p1a: Gholdengo|Gholdengo|100\/100\n|turn|11\n|\n|t:|1695783659\n|move|p1a: Gholdengo|Nasty Plot|p1a: Gholdengo\n|-boost|p1a: Gholdengo|spa|2\n|move|p2b: Espeon|Calm Mind|p2b: Espeon\n|-boost|p2b: Espeon|spa|1\n|-boost|p2b: Espeon|spd|1\n|move|p1b: Garganacl|Body Press|p2a: Sylveon\n|-resisted|p2a: Sylveon\n|-damage|p2a: Sylveon|66\/100 psn\n|move|p2a: Sylveon|Wish|p2a: Sylveon\n|\n|-heal|p2b: Espeon|74\/100|[from] item: Leftovers\n|-heal|p1b: Garganacl|88\/100|[from] item: Leftovers\n|-heal|p2a: Sylveon|73\/100 psn|[from] item: Leftovers\n|-damage|p2a: Sylveon|60\/100 psn|[from] psn\n|-damage|p2b: Espeon|61\/100|[from] Salt Cure\n|upkeep\n|turn|12\n|\n|t:|1695783686\n|move|p2a: Sylveon|Protect|p2a: Sylveon\n|-singleturn|p2a: Sylveon|Protect\n|move|p1a: Gholdengo|Shadow Ball|p2a: Sylveon\n|-activate|p2a: Sylveon|move: Protect\n|move|p2b: Espeon|Psychic|p1b: Garganacl\n|-damage|p1b: Garganacl|14\/100\n|move|p1b: Garganacl|Body Press|p2a: Sylveon\n|-activate|p2a: Sylveon|move: Protect\n|\n|-heal|p2a: Sylveon|100\/100 psn|[from] move: Wish|[wisher] Sylveon\n|-heal|p2b: Espeon|67\/100|[from] item: Leftovers\n|-heal|p1b: Garganacl|20\/100|[from] item: Leftovers\n|-damage|p2a: Sylveon|88\/100 psn|[from] psn\n|-damage|p2b: Espeon|55\/100|[from] Salt Cure\n|upkeep\n|turn|13\n|j| azurecoralsea\n|l| azurecoralsea\n|\n|t:|1695783711\n|move|p1a: Gholdengo|Shadow Ball|p2b: Espeon\n|-supereffective|p2b: Espeon\n|-damage|p2b: Espeon|0 fnt\n|faint|p2b: Espeon\n|move|p1b: Garganacl|Body Press|p2a: Sylveon\n|-resisted|p2a: Sylveon\n|-damage|p2a: Sylveon|65\/100 psn\n|move|p2a: Sylveon|Heal Bell|p2a: Sylveon\n|-activate|p2a: Sylveon|move: Heal Bell\n|-curestatus|p2a: Sylveon|psn|[msg]\n|\n|-heal|p1b: Garganacl|26\/100|[from] item: Leftovers\n|-heal|p2a: Sylveon|72\/100|[from] item: Leftovers\n|-sideend|p1: HNakiyamas|move: Tailwind\n|upkeep\n|\n|t:|1695783726\n|switch|p2b: Glaceon|Glaceon, F|100\/100\n|-status|p2b: Glaceon|psn\n|turn|14\n|\n|t:|1695783767\n|move|p2b: Glaceon|Ice Beam|p1b: Garganacl\n|-resisted|p1b: Garganacl\n|-damage|p1b: Garganacl|6\/100\n|move|p1a: Gholdengo|Shadow Ball|p2b: Glaceon\n|-crit|p2b: Glaceon\n|-damage|p2b: Glaceon|0 fnt\n|faint|p2b: Glaceon\n|move|p2a: Sylveon|Hyper Voice|p1b: Garganacl|[spread] p1a,p1b\n|-resisted|p1a: Gholdengo\n|-damage|p1a: Gholdengo|85\/100\n|-damage|p1b: Garganacl|0 fnt\n|faint|p1b: Garganacl\n|\n|-heal|p2a: Sylveon|78\/100|[from] item: Leftovers\n|upkeep\n|\n|t:|1695783778\n|switch|p1b: Sandy Shocks|Sandy Shocks, shiny|100\/100\n|-enditem|p1b: Sandy Shocks|Booster Energy\n|-activate|p1b: Sandy Shocks|ability: Protosynthesis|[fromitem]\n|-start|p1b: Sandy Shocks|protosynthesisspa\n|turn|15\n|\n|t:|1695783787\n|move|p1b: Sandy Shocks|Flash Cannon|p2a: Sylveon\n|-supereffective|p2a: Sylveon\n|-damage|p2a: Sylveon|33\/100\n|move|p1a: Gholdengo|Shadow Ball|p2a: Sylveon\n|-damage|p2a: Sylveon|0 fnt\n|faint|p2a: Sylveon\n|\n|win|HNakiyamas\n","uploadtime":1695783836,"views":14,"p1id":"hnakiyamas","p2id":"icythepea","formatid":"gen9nationaldexdoubles","rating":0,"private":0,"password":""}