{"id":"gen9nationaldexdoubles-1983975729","p1":"White Q","p2":"the maraculous","format":"[Gen 9] National Dex Doubles","log":"|j|\u2606White Q\n|j|\u2606the maraculous\n|t:|1699205944\n|gametype|doubles\n|player|p1|White Q|ethan|1308\n|player|p2|the maraculous|dragontamer|1375\n|teamsize|p1|6\n|teamsize|p2|6\n|gen|9\n|tier|[Gen 9] National Dex Doubles\n|rated|\n|rule|HP Percentage Mod: HP is shown in percentages\n|rule|Endless Battle Clause: Forcing endless battles is banned\n|rule|OHKO Clause: OHKO moves are banned\n|rule|Evasion Moves Clause: Evasion moves are banned\n|rule|Evasion Abilities Clause: Evasion abilities are banned\n|rule|Species Clause: Limit one of each Pok\u00e9mon\n|rule|Gravity Sleep Clause: The combination of sleep-inducing moves with imperfect accuracy and Gravity or Gigantamax Orbeetle are banned\n|clearpoke\n|poke|p1|Golisopod, F|\n|poke|p1|Audino, F|\n|poke|p1|Incineroar, F|\n|poke|p1|Naganadel|\n|poke|p1|Chesnaught, F|\n|poke|p1|Kommo-o, F|\n|poke|p2|Xurkitree|\n|poke|p2|Iron Valiant|\n|poke|p2|Chandelure, F|\n|poke|p2|Landorus-Therian, M|\n|poke|p2|Kartana|\n|poke|p2|Farigiraf, M|\n|teampreview\n|inactive|Battle timer is ON: inactive players will automatically lose when time's up. (requested by White Q)\n|\n|t:|1699205954\n|start\n|switch|p1a: Audino|Audino, F|100\/100\n|switch|p1b: Incineroar|Incineroar, F|100\/100\n|switch|p2a: Chandelure|Chandelure, F|100\/100\n|switch|p2b: Landorus|Landorus-Therian, M|100\/100\n|-ability|p2b: Landorus|Intimidate|boost\n|-unboost|p1a: Audino|atk|1\n|-unboost|p1b: Incineroar|atk|1\n|-item|p2a: Chandelure|Air Balloon\n|-ability|p1b: Incineroar|Intimidate|boost\n|-unboost|p2a: Chandelure|atk|1\n|-unboost|p2b: Landorus|atk|1\n|turn|1\n|\n|t:|1699205977\n|switch|p2b: Xurkitree|Xurkitree|100\/100\n|detailschange|p1a: Audino|Audino-Mega, F\n|-mega|p1a: Audino|Audino|Audinite\n|move|p2a: Chandelure|Imprison|p2a: Chandelure\n|-start|p2a: Chandelure|move: Imprison\n|move|p1b: Incineroar|Parting Shot|p2b: Xurkitree\n|-unboost|p2b: Xurkitree|atk|1\n|-unboost|p2b: Xurkitree|spa|1\n|\n|t:|1699205990\n|switch|p1b: Kommo-o|Kommo-o, F|100\/100|[from] Parting Shot\n|cant|p1a: Audino|move: Imprison|Trick Room\n|\n|upkeep\n|turn|2\n|\n|t:|1699206003\n|move|p2b: Xurkitree|Dazzling Gleam|p1a: Audino|[spread] p1a,p1b\n|-supereffective|p1b: Kommo-o\n|-damage|p1a: Audino|90\/100\n|-damage|p1b: Kommo-o|35\/100\n|-zpower|p1b: Kommo-o\n|move|p1b: Kommo-o|Clangorous Soulblaze|p2b: Xurkitree|[zeffect]|[spread] p2a,p2b\n|-damage|p2a: Chandelure|18\/100\n|-damage|p2b: Xurkitree|4\/100\n|-enditem|p2a: Chandelure|Air Balloon\n|-boost|p1b: Kommo-o|atk|1\n|-boost|p1b: Kommo-o|def|1\n|-boost|p1b: Kommo-o|spa|1\n|-boost|p1b: Kommo-o|spd|1\n|-boost|p1b: Kommo-o|spe|1\n|move|p2a: Chandelure|Flamethrower|p1a: Audino\n|-damage|p1a: Audino|54\/100\n|-status|p1a: Audino|brn\n|move|p1a: Audino|Encore|p2a: Chandelure\n|-start|p2a: Chandelure|Encore\n|\n|-damage|p1a: Audino|48\/100 brn|[from] brn\n|upkeep\n|turn|3\n|\n|t:|1699206028\n|move|p1b: Kommo-o|Protect|p1b: Kommo-o\n|-singleturn|p1b: Kommo-o|Protect\n|move|p2b: Xurkitree|Dazzling Gleam|p1b: Kommo-o|[spread] p1a\n|-activate|p1b: Kommo-o|move: Protect\n|-damage|p1a: Audino|38\/100 brn\n|move|p2a: Chandelure|Flamethrower|p1b: Kommo-o\n|-activate|p1b: Kommo-o|move: Protect\n|move|p1a: Audino|Dazzling Gleam|p2a: Chandelure|[spread] p2a,p2b\n|-resisted|p2a: Chandelure\n|-damage|p2a: Chandelure|8\/100\n|-damage|p2b: Xurkitree|0 fnt\n|faint|p2b: Xurkitree\n|\n|-damage|p1a: Audino|32\/100 brn|[from] brn\n|upkeep\n|\n|t:|1699206051\n|switch|p2b: Iron Valiant|Iron Valiant|100\/100\n|turn|4\n|\n|t:|1699206064\n|switch|p1b: Incineroar|Incineroar, F|100\/100\n|-ability|p1b: Incineroar|Intimidate|boost\n|-unboost|p2a: Chandelure|atk|1\n|-unboost|p2b: Iron Valiant|atk|1\n|move|p2b: Iron Valiant|Wide Guard|p2b: Iron Valiant\n|-singleturn|p2b: Iron Valiant|Wide Guard\n|move|p2a: Chandelure|Flamethrower|p1a: Audino\n|-damage|p1a: Audino|0 fnt\n|faint|p1a: Audino\n|\n|upkeep\n|\n|t:|1699206077\n|switch|p1a: Naganadel|Naganadel|100\/100\n|turn|5\n|\n|t:|1699206090\n|-end|p2b: Iron Valiant|Quark Drive|[silent]\n|switch|p2b: Landorus|Landorus-Therian, M|100\/100\n|-ability|p2b: Landorus|Intimidate|boost\n|-unboost|p1a: Naganadel|atk|1\n|-unboost|p1b: Incineroar|atk|1\n|switch|p2a: Farigiraf|Farigiraf, M|100\/100\n|move|p1a: Naganadel|Sludge Bomb|p2b: Landorus\n|-resisted|p2b: Landorus\n|-damage|p2b: Landorus|86\/100\n|move|p1b: Incineroar|Darkest Lariat|p2a: Farigiraf\n|-supereffective|p2a: Farigiraf\n|-damage|p2a: Farigiraf|57\/100\n|\n|-heal|p2a: Farigiraf|63\/100|[from] item: Leftovers\n|upkeep\n|turn|6\n|\n|t:|1699206117\n|-terastallize|p1a: Naganadel|Flying\n|-terastallize|p2a: Farigiraf|Normal\n|move|p1a: Naganadel|Dragon Pulse|p2b: Landorus\n|-damage|p2b: Landorus|60\/100\n|move|p2b: Landorus|Stomping Tantrum|p1b: Incineroar\n|-supereffective|p1b: Incineroar\n|-damage|p1b: Incineroar|19\/100\n|-enditem|p1b: Incineroar|Figy Berry|[eat]\n|-heal|p1b: Incineroar|53\/100|[from] item: Figy Berry\n|move|p2a: Farigiraf|Nasty Plot|p2a: Farigiraf\n|-boost|p2a: Farigiraf|spa|2\n|move|p1b: Incineroar|Parting Shot|p2b: Landorus\n|-unboost|p2b: Landorus|atk|1\n|-unboost|p2b: Landorus|spa|1\n|inactive|White Q has 120 seconds left.\n|\n|t:|1699206136\n|switch|p1b: Chesnaught|Chesnaught, F|100\/100|[from] Parting Shot\n|\n|-heal|p2a: Farigiraf|69\/100|[from] item: Leftovers\n|upkeep\n|turn|7\n|\n|t:|1699206148\n|move|p1a: Naganadel|Air Slash|p2b: Landorus\n|-crit|p2b: Landorus\n|-damage|p2b: Landorus|25\/100\n|cant|p2b: Landorus|flinch\n|move|p2a: Farigiraf|Dazzling Gleam|p1a: Naganadel|[spread] p1a,p1b\n|-crit|p1a: Naganadel\n|-supereffective|p1b: Chesnaught\n|-enditem|p1a: Naganadel|Focus Sash\n|-damage|p1a: Naganadel|1\/100\n|-damage|p1b: Chesnaught|10\/100\n|-enditem|p1b: Chesnaught|Figy Berry|[eat]\n|-heal|p1b: Chesnaught|44\/100|[from] item: Figy Berry\n|move|p1b: Chesnaught|Close Combat|p2a: Farigiraf\n|-supereffective|p2a: Farigiraf\n|-damage|p2a: Farigiraf|0 fnt\n|-unboost|p1b: Chesnaught|def|1\n|-unboost|p1b: Chesnaught|spd|1\n|faint|p2a: Farigiraf\n|\n|upkeep\n|\n|t:|1699206161\n|switch|p2a: Kartana|Kartana|100\/100\n|turn|8\n|\n|t:|1699206174\n|switch|p1b: Incineroar|Incineroar, F|53\/100\n|-ability|p1b: Incineroar|Intimidate|boost\n|-unboost|p2a: Kartana|atk|1\n|-unboost|p2b: Landorus|atk|1\n|move|p1a: Naganadel|Air Slash|p2b: Landorus\n|-damage|p2b: Landorus|1\/100\n|move|p2a: Kartana|Tailwind|p2a: Kartana\n|-sidestart|p2: the maraculous|move: Tailwind\n|move|p2b: Landorus|Rock Slide|p1a: Naganadel|[spread] p1a,p1b\n|-supereffective|p1a: Naganadel\n|-supereffective|p1b: Incineroar\n|-damage|p1a: Naganadel|0 fnt\n|-damage|p1b: Incineroar|33\/100\n|faint|p1a: Naganadel\n|\n|upkeep\n|\n|t:|1699206190\n|switch|p1a: Golisopod|Golisopod, F|100\/100\n|turn|9\n|\n|t:|1699206204\n|move|p1b: Incineroar|Fake Out|p2b: Landorus\n|-damage|p2b: Landorus|0 fnt\n|faint|p2b: Landorus\n|move|p1a: Golisopod|First Impression|p2a: Kartana\n|-damage|p2a: Kartana|35\/100\n|-damage|p1a: Golisopod|91\/100|[from] item: Life Orb\n|move|p2a: Kartana|Sacred Sword|p1b: Incineroar\n|-supereffective|p1b: Incineroar\n|-damage|p1b: Incineroar|0 fnt\n|faint|p1b: Incineroar\n|-ability|p2a: Kartana|Beast Boost|boost\n|-boost|p2a: Kartana|atk|1\n|\n|upkeep\n|\n|t:|1699206220\n|switch|p2b: Iron Valiant|Iron Valiant|100\/100\n|switch|p1b: Chesnaught|Chesnaught, F|44\/100\n|turn|10\n|\n|t:|1699206229\n|move|p1a: Golisopod|Sucker Punch|p2a: Kartana\n|-damage|p2a: Kartana|2\/100\n|-damage|p1a: Golisopod|81\/100|[from] item: Life Orb\n|move|p2b: Iron Valiant|Moonblast|p1a: Golisopod\n|-damage|p1a: Golisopod|22\/100\n|-activate|p1a: Golisopod|ability: Emergency Exit\n|-damage|p2b: Iron Valiant|91\/100|[from] item: Life Orb\n|\n|t:|1699206238\n|switch|p1a: Kommo-o|Kommo-o, F|35\/100\n|move|p2a: Kartana|Leaf Blade|p1a: Kommo-o\n|-resisted|p1a: Kommo-o\n|-damage|p1a: Kommo-o|11\/100\n|move|p1b: Chesnaught|Close Combat|p2b: Iron Valiant\n|-resisted|p2b: Iron Valiant\n|-damage|p2b: Iron Valiant|50\/100\n|-unboost|p1b: Chesnaught|def|1\n|-unboost|p1b: Chesnaught|spd|1\n|\n|upkeep\n|turn|11\n|inactive|the maraculous has 120 seconds left.\n|\n|t:|1699206269\n|move|p1a: Kommo-o|Protect|p1a: Kommo-o\n|-singleturn|p1a: Kommo-o|Protect\n|move|p1b: Chesnaught|Spiky Shield|p1b: Chesnaught\n|-singleturn|p1b: Chesnaught|move: Protect\n|move|p2b: Iron Valiant|Destiny Bond|p2b: Iron Valiant\n|-singlemove|p2b: Iron Valiant|Destiny Bond\n|move|p2a: Kartana|Smart Strike|p1a: Kommo-o\n|-activate|p1a: Kommo-o|move: Protect\n|\n|-sideend|p2: the maraculous|move: Tailwind\n|upkeep\n|turn|12\n|\n|t:|1699206289\n|move|p2b: Iron Valiant|Moonblast|p1b: Chesnaught\n|-supereffective|p1b: Chesnaught\n|-damage|p1b: Chesnaught|0 fnt\n|faint|p1b: Chesnaught\n|-damage|p2b: Iron Valiant|40\/100|[from] item: Life Orb\n|move|p2a: Kartana|Smart Strike|p1a: Kommo-o\n|-damage|p1a: Kommo-o|0 fnt\n|faint|p1a: Kommo-o\n|-ability|p2a: Kartana|Beast Boost|boost\n|-boost|p2a: Kartana|atk|1\n|\n|upkeep\n|-message|White Q forfeited.\n|\n|win|the maraculous\n|raw|White Q's rating: 1308 &rarr; <strong>1292<\/strong><br \/>(-16 for losing)\n|raw|the maraculous's rating: 1375 &rarr; <strong>1391<\/strong><br \/>(+16 for winning)\n|l|\u2606White Q\n","uploadtime":1699206304,"views":4,"p1id":"whiteq","p2id":"themaraculous","formatid":"gen9nationaldexdoubles","rating":1292,"private":0,"password":""}