{"id":"gen9nationaldexdoubles-1950025277","p1":"Immagamer","p2":"sofiene","format":"[Gen 9] National Dex Doubles","log":"|j|\u2606Immagamer\n|j|\u2606sofiene\n|t:|1695418471\n|gametype|doubles\n|player|p1|Immagamer|lucas|1284\n|player|p2|sofiene|lucas|1219\n|teamsize|p1|6\n|teamsize|p2|6\n|gen|9\n|tier|[Gen 9] National Dex Doubles\n|rated|\n|rule|HP Percentage Mod: HP is shown in percentages\n|rule|Endless Battle Clause: Forcing endless battles is banned\n|rule|OHKO Clause: OHKO moves are banned\n|rule|Evasion Moves Clause: Evasion moves are banned\n|rule|Evasion Abilities Clause: Evasion abilities are banned\n|rule|Species Clause: Limit one of each Pok\u00e9mon\n|rule|Gravity Sleep Clause: The combination of sleep-inducing moves with imperfect accuracy and Gravity or Gigantamax Orbeetle are banned\n|clearpoke\n|poke|p1|Zygarde|\n|poke|p1|Swoobat, M|\n|poke|p1|Maushold-Four|\n|poke|p1|Indeedee-F, F|\n|poke|p1|Flamigo, M|\n|poke|p1|Quaquaval, F|\n|poke|p2|Oricorio-Pom-Pom, F|\n|poke|p2|Volcarona, M|\n|poke|p2|Landorus-Therian, M|\n|poke|p2|Cresselia, F|\n|poke|p2|Dragonite, M|\n|poke|p2|Corviknight, M|\n|teampreview\n|inactive|Battle timer is ON: inactive players will automatically lose when time's up. (requested by Immagamer)\n|\n|t:|1695418480\n|start\n|switch|p1a: Zygarde|Zygarde|100\/100\n|switch|p1b: Swoobat|Swoobat, M|100\/100\n|switch|p2a: Oricorio|Oricorio-Pom-Pom, F|100\/100\n|switch|p2b: Volcarona|Volcarona, M|100\/100\n|-ability|p1a: Zygarde|Aura Break\n|turn|1\n|\n|t:|1695418490\n|-terastallize|p1a: Zygarde|Normal\n|move|p1b: Swoobat|Skill Swap|p1a: Zygarde\n|-activate|p1b: Swoobat|move: Skill Swap|||[of] p1a: Zygarde\n|-ability|p1b: Swoobat|Aura Break\n|move|p2a: Oricorio|Quiver Dance|p2a: Oricorio\n|-boost|p2a: Oricorio|spa|1\n|-boost|p2a: Oricorio|spd|1\n|-boost|p2a: Oricorio|spe|1\n|move|p2b: Volcarona|Quiver Dance|p2b: Volcarona\n|-boost|p2b: Volcarona|spa|1\n|-boost|p2b: Volcarona|spd|1\n|-boost|p2b: Volcarona|spe|1\n|-activate|p2a: Oricorio|ability: Dancer\n|move|p2a: Oricorio|Quiver Dance|p2a: Oricorio|[from]ability: Dancer\n|-boost|p2a: Oricorio|spa|1\n|-boost|p2a: Oricorio|spd|1\n|-boost|p2a: Oricorio|spe|1\n|move|p1a: Zygarde|Dragon Dance|p1a: Zygarde\n|-boost|p1a: Zygarde|atk|2\n|-boost|p1a: Zygarde|spe|2\n|-activate|p2a: Oricorio|ability: Dancer\n|move|p2a: Oricorio|Dragon Dance|p2a: Oricorio|[from]ability: Dancer\n|-boost|p2a: Oricorio|atk|1\n|-boost|p2a: Oricorio|spe|1\n|\n|upkeep\n|turn|2\n|inactive|sofiene has 120 seconds left.\n|\n|t:|1695418521\n|move|p1a: Zygarde|Protect|p1a: Zygarde\n|-singleturn|p1a: Zygarde|Protect\n|move|p2a: Oricorio|Revelation Dance|p1b: Swoobat\n|-supereffective|p1b: Swoobat\n|-enditem|p1b: Swoobat|Focus Sash\n|-damage|p1b: Swoobat|1\/100\n|move|p2b: Volcarona|Fiery Dance|p1a: Zygarde\n|-activate|p1a: Zygarde|move: Protect\n|move|p1b: Swoobat|U-turn|p2a: Oricorio\n|-resisted|p2a: Oricorio\n|-damage|p2a: Oricorio|93\/100\n|\n|t:|1695418529\n|switch|p1b: Maushold|Maushold-Four|100\/100|[from] U-turn\n|\n|upkeep\n|turn|3\n|\n|t:|1695418538\n|move|p1b: Maushold|Follow Me|p1b: Maushold\n|-singleturn|p1b: Maushold|move: Follow Me\n|move|p2a: Oricorio|Quiver Dance|p2a: Oricorio\n|-boost|p2a: Oricorio|spa|1\n|-boost|p2a: Oricorio|spd|1\n|-boost|p2a: Oricorio|spe|1\n|move|p1a: Zygarde|Dragon Dance|p1a: Zygarde\n|-boost|p1a: Zygarde|atk|2\n|-boost|p1a: Zygarde|spe|2\n|-activate|p2a: Oricorio|ability: Dancer\n|move|p2a: Oricorio|Dragon Dance|p2a: Oricorio|[from]ability: Dancer\n|-boost|p2a: Oricorio|atk|1\n|-boost|p2a: Oricorio|spe|1\n|move|p2b: Volcarona|Tailwind|p2b: Volcarona\n|-sidestart|p2: sofiene|move: Tailwind\n|\n|upkeep\n|turn|4\n|\n|t:|1695418558\n|move|p1b: Maushold|Follow Me|p1b: Maushold\n|-singleturn|p1b: Maushold|move: Follow Me\n|move|p2a: Oricorio|Air Cutter|p1a: Zygarde|[spread] p1a,p1b\n|-damage|p1a: Zygarde|64\/100\n|-damage|p1b: Maushold|47\/100\n|move|p2b: Volcarona|Fiery Dance|p1b: Maushold\n|-damage|p1b: Maushold|0 fnt\n|faint|p1b: Maushold\n|-activate|p2a: Oricorio|ability: Dancer\n|move|p2a: Oricorio|Fiery Dance|p1a: Zygarde|[from]ability: Dancer\n|-damage|p1a: Zygarde|11\/100\n|move|p1a: Zygarde|Thousand Arrows|p2b: Volcarona|[spread] p2a,p2b\n|-damage|p2a: Oricorio|0 fnt\n|-damage|p2b: Volcarona|0 fnt\n|faint|p2a: Oricorio\n|faint|p2b: Volcarona\n|\n|upkeep\n|\n|t:|1695418579\n|switch|p1b: Indeedee|Indeedee-F, F|100\/100\n|switch|p2a: Dragonite|Dragonite, M|100\/100\n|switch|p2b: Cresselia|Cresselia, F|100\/100\n|-fieldstart|move: Psychic Terrain|[from] ability: Psychic Surge|[of] p1b: Indeedee\n|turn|5\n|\n|t:|1695418608\n|switch|p1b: Flamigo|Flamigo, M|100\/100\n|-copyboost|p1b: Flamigo|p1a: Zygarde|[from] ability: Costar\n|-terastallize|p2a: Dragonite|Fairy\n|move|p1a: Zygarde|Return|p2b: Cresselia\n|-damage|p2b: Cresselia|0 fnt\n|faint|p2b: Cresselia\n|move|p2a: Dragonite|Outrage|p1a: Zygarde\n|-damage|p1a: Zygarde|0 fnt\n|faint|p1a: Zygarde\n|\n|upkeep\n|\n|t:|1695418623\n|switch|p1a: Indeedee|Indeedee-F, F|100\/100\n|switch|p2b: Landorus|Landorus-Therian, M|100\/100\n|-ability|p2b: Landorus|Intimidate|boost\n|-unboost|p1a: Indeedee|atk|1\n|-fail|p1b: Flamigo|unboost|[from] item: Clear Amulet|[of] p1b: Flamigo\n|turn|6\n|\n|t:|1695418642\n|move|p1a: Indeedee|Follow Me|p1a: Indeedee\n|-singleturn|p1a: Indeedee|move: Follow Me\n|move|p1b: Flamigo|Brave Bird|p2a: Dragonite\n|-damage|p2a: Dragonite|8\/100\n|-damage|p1b: Flamigo|66\/100|[from] Recoil\n|move|p2b: Landorus|Rock Slide|p1a: Indeedee|[spread] p1a,p1b\n|-damage|p1a: Indeedee|73\/100\n|-damage|p1b: Flamigo|36\/100\n|move|p2a: Dragonite|Outrage|p1a: Indeedee|[from]lockedmove\n|-crit|p1a: Indeedee\n|-damage|p1a: Indeedee|0 fnt\n|faint|p1a: Indeedee\n|-start|p2a: Dragonite|confusion|[fatigue]\n|\n|-heal|p2a: Dragonite|14\/100|[from] item: Leftovers\n|-sideend|p2: sofiene|move: Tailwind\n|upkeep\n|\n|t:|1695418650\n|switch|p1a: Quaquaval|Quaquaval, F|100\/100\n|turn|7\n|\n|t:|1695418665\n|move|p1b: Flamigo|Brave Bird|p2b: Landorus\n|-damage|p2b: Landorus|0 fnt\n|faint|p2b: Landorus\n|-damage|p1b: Flamigo|1\/100|[from] Recoil\n|move|p1a: Quaquaval|Aqua Step|p2a: Dragonite\n|-damage|p2a: Dragonite|0 fnt\n|-boost|p1a: Quaquaval|spe|1\n|faint|p2a: Dragonite\n|-ability|p1a: Quaquaval|Moxie|boost\n|-boost|p1a: Quaquaval|atk|1\n|\n|upkeep\n|\n|t:|1695418677\n|switch|p2b: Corviknight|Corviknight, M|100\/100\n|turn|8\n|\n|t:|1695418681\n|move|p1b: Flamigo|Close Combat|p2b: Corviknight\n|-damage|p2b: Corviknight|0 fnt\n|-unboost|p1b: Flamigo|def|1\n|-unboost|p1b: Flamigo|spd|1\n|faint|p2b: Corviknight\n|\n|win|Immagamer\n|raw|Immagamer's rating: 1253 &rarr; <strong>1276<\/strong><br \/>(+23 for winning)\n|raw|sofiene's rating: 1219 &rarr; <strong>1196<\/strong><br \/>(-23 for losing)\n","uploadtime":1695418685,"views":3,"p1id":"immagamer","p2id":"sofiene","formatid":"gen9nationaldexdoubles","rating":1196,"private":0,"password":""}