{"id":"gen9nationaldexdoubles-1986945280","p1":"megushka","p2":"Lolota2020","format":"[Gen 9] National Dex Doubles","log":"|j|\u2606megushka\n|j|\u2606Lolota2020\n|t:|1699543317\n|gametype|doubles\n|player|p1|megushka|clair|\n|player|p2|Lolota2020|ghetsis|\n|teamsize|p1|6\n|teamsize|p2|6\n|gen|9\n|tier|[Gen 9] National Dex Doubles\n|rule|HP Percentage Mod: HP is shown in percentages\n|rule|Endless Battle Clause: Forcing endless battles is banned\n|rule|OHKO Clause: OHKO moves are banned\n|rule|Evasion Moves Clause: Evasion moves are banned\n|rule|Evasion Abilities Clause: Evasion abilities are banned\n|rule|Species Clause: Limit one of each Pok\u00e9mon\n|rule|Gravity Sleep Clause: The combination of sleep-inducing moves with imperfect accuracy and Gravity or Gigantamax Orbeetle are banned\n|clearpoke\n|poke|p1|Cresselia, F|\n|poke|p1|Rotom-Wash|\n|poke|p1|Diancie|\n|poke|p1|Amoonguss, M|\n|poke|p1|Camerupt, M|\n|poke|p1|Scrafty, M|\n|poke|p2|Crawdaunt, F|\n|poke|p2|Slowbro, M|\n|poke|p2|Hatterene, F|\n|poke|p2|Mawile, M|\n|poke|p2|Rotom-Heat|\n|poke|p2|Ferrothorn, M|\n|teampreview\n|inactive|Battle timer is ON: inactive players will automatically lose when time's up. (requested by Lolota2020)\n|\n|t:|1699543338\n|start\n|switch|p1a: Cresselia|Cresselia, F|100\/100\n|switch|p1b: Diancie|Diancie|100\/100\n|switch|p2a: Hatterene|Hatterene, F|100\/100\n|switch|p2b: Crawdaunt|Crawdaunt, F|100\/100\n|turn|1\n|\n|t:|1699543350\n|switch|p1a: Scrafty|Scrafty, M|100\/100\n|-ability|p1a: Scrafty|Intimidate|boost\n|-unboost|p2a: Hatterene|atk|1\n|-unboost|p2b: Crawdaunt|atk|1\n|move|p2b: Crawdaunt|Swords Dance|p2b: Crawdaunt\n|-boost|p2b: Crawdaunt|atk|2\n|move|p1b: Diancie|Moonblast|p2b: Crawdaunt\n|-supereffective|p2b: Crawdaunt\n|-crit|p2b: Crawdaunt\n|-damage|p2b: Crawdaunt|0 fnt\n|faint|p2b: Crawdaunt\n|move|p2a: Hatterene|Trick Room|p2a: Hatterene\n|-fieldstart|move: Trick Room|[of] p2a: Hatterene\n|\n|upkeep\n|c|\u2606Lolota2020|-_-\n|\n|t:|1699543365\n|switch|p2b: Mawile|Mawile, M|100\/100\n|turn|2\n|\n|t:|1699543372\n|detailschange|p2b: Mawile|Mawile-Mega, M\n|-mega|p2b: Mawile|Mawile|Mawilite\n|move|p1a: Scrafty|Fake Out|p2b: Mawile\n|-resisted|p2b: Mawile\n|-damage|p2b: Mawile|93\/100\n|-damage|p1a: Scrafty|91\/100|[from] item: Life Orb\n|move|p2a: Hatterene|Dazzling Gleam|p1a: Scrafty|[spread] p1a,p1b\n|-supereffective|p1a: Scrafty\n|-damage|p1a: Scrafty|1\/100\n|-damage|p1b: Diancie|77\/100\n|move|p1b: Diancie|Diamond Storm|p2b: Mawile|[spread] p2a,p2b\n|-resisted|p2b: Mawile\n|-damage|p2a: Hatterene|68\/100\n|-damage|p2b: Mawile|80\/100\n|cant|p2b: Mawile|flinch\n|\n|-heal|p2a: Hatterene|74\/100|[from] item: Leftovers\n|upkeep\n|turn|3\n|\n|t:|1699543396\n|switch|p1a: Amoonguss|Amoonguss, M|100\/100\n|move|p1b: Diancie|Protect|p1b: Diancie\n|-singleturn|p1b: Diancie|Protect\n|move|p2a: Hatterene|Dazzling Gleam|p1b: Diancie|[spread] p1a\n|-activate|p1b: Diancie|move: Protect\n|-resisted|p1a: Amoonguss\n|-damage|p1a: Amoonguss|91\/100\n|move|p2b: Mawile|Iron Head|p1b: Diancie\n|-activate|p1b: Diancie|move: Protect\n|\n|-heal|p2a: Hatterene|80\/100|[from] item: Leftovers\n|upkeep\n|turn|4\n|\n|t:|1699543415\n|move|p1a: Amoonguss|Spore|p2b: Mawile\n|-status|p2b: Mawile|slp|[from] move: Spore\n|move|p2a: Hatterene|Mystical Fire|p1a: Amoonguss\n|-supereffective|p1a: Amoonguss\n|-damage|p1a: Amoonguss|57\/100\n|-unboost|p1a: Amoonguss|spa|1\n|move|p1b: Diancie|Diamond Storm|p2b: Mawile|[spread] p2a,p2b\n|-resisted|p2b: Mawile\n|-damage|p2a: Hatterene|50\/100\n|-damage|p2b: Mawile|67\/100 slp\n|-boost|p1b: Diancie|def|2\n|cant|p2b: Mawile|slp\n|\n|-heal|p2a: Hatterene|56\/100|[from] item: Leftovers\n|upkeep\n|turn|5\n|c|\u2606megushka|\u0432\u043f\u0435\u0440\u0432\u044b\u0435 \u0435\u0451 \u044e\u0437\u0430\u044e\n|\n|t:|1699543441\n|switch|p1a: Camerupt|Camerupt, M|100\/100\n|move|p1b: Diancie|Diamond Storm|p2a: Hatterene|[spread] p2b\n|-miss|p1b: Diancie|p2a: Hatterene\n|-resisted|p2b: Mawile\n|-damage|p2b: Mawile|54\/100 slp\n|move|p2a: Hatterene|Thunder Wave|p1b: Diancie\n|-status|p1b: Diancie|par\n|cant|p2b: Mawile|slp\n|\n|-heal|p2a: Hatterene|62\/100|[from] item: Leftovers\n|-fieldend|move: Trick Room\n|upkeep\n|turn|6\n|\n|t:|1699543464\n|switch|p2b: Rotom|Rotom-Heat|100\/100\n|switch|p2a: Slowbro|Slowbro, M|100\/100\n|detailschange|p1a: Camerupt|Camerupt-Mega, M\n|-mega|p1a: Camerupt|Camerupt|Cameruptite\n|move|p1a: Camerupt|Protect|p1a: Camerupt\n|-singleturn|p1a: Camerupt|Protect\n|move|p1b: Diancie|Trick Room|p1b: Diancie\n|-fieldstart|move: Trick Room|[of] p1b: Diancie\n|\n|upkeep\n|turn|7\n|c|\u2606Lolota2020|\u044f \u043f\u043e\u0442\u0435\u0440\u044f\u043b \u043a\u0440\u0430\u0431\u0438\u043a\u0430 =(\n|\n|t:|1699543491\n|switch|p1a: Rotom|Rotom-Wash|100\/100\n|move|p1b: Diancie|Diamond Storm|p2b: Rotom|[spread] p2a\n|-miss|p1b: Diancie|p2b: Rotom\n|-damage|p2a: Slowbro|82\/100\n|move|p2a: Slowbro|Scald|p1a: Rotom\n|-resisted|p1a: Rotom\n|-damage|p1a: Rotom|87\/100\n|move|p2b: Rotom|Volt Switch|p1b: Diancie\n|-crit|p1b: Diancie\n|-damage|p1b: Diancie|45\/100 par\n|c|\u2606Lolota2020|\u041d\u0435\u043f\u043b\u043e\u0445\u043e \u0442\u044b \u0441\u0434\u0435\u043b\u0430\u043b \u043a\u0441\u0442\u0430\u0442\u0438\n|\n|t:|1699543505\n|switch|p2b: Mawile|Mawile-Mega, M|54\/100 slp|[from] Volt Switch\n|\n|-heal|p2a: Slowbro|88\/100|[from] item: Leftovers\n|upkeep\n|turn|8\n|c|\u2606megushka|\u043d\u0435 \u0434\u0430\u0451\u0448\u044c \u043c\u043d\u0435 \u0431\u0430\u0444\u0444 \u043e\u0442 \u043f\u043e\u043b\u0438\u0442\u043a\u0438(\n|c|\u2606Lolota2020|\u043d\u0430 \u0440\u043e\u0442\u043e\u043c\u0435?\n|c|\u2606Lolota2020|\u0413\u0434\u0435 \u0443 \u0442\u0435\u0431\u044f \u043f\u043e\u043b\u0438\u0442\u0438\u043a\u0430\n|c|\u2606megushka|\u043d\u0430 \u0434\u0438\u0430\u043d\u0435\n|c|\u2606Lolota2020|\u0410\n|inactive|megushka has 270 seconds left.\n|\n|t:|1699543537\n|move|p1b: Diancie|Protect|p1b: Diancie\n|-singleturn|p1b: Diancie|Protect\n|move|p2a: Slowbro|Scald|p1b: Diancie\n|-activate|p1b: Diancie|move: Protect\n|cant|p2b: Mawile|slp\n|move|p1a: Rotom|Thunderbolt|p2a: Slowbro\n|-supereffective|p2a: Slowbro\n|-damage|p2a: Slowbro|0 fnt\n|faint|p2a: Slowbro\n|\n|upkeep\n|c|\u2606Lolota2020|\u0422\u0430\u043a \u044f \u0448\u043e\u0442\u043d\u0443 \u0443\u0436\u0435\n|c|\u2606Lolota2020|\u0430 \u043d\u0435\n|\n|t:|1699543550\n|switch|p2a: Rotom|Rotom-Heat|100\/100\n|turn|9\n|c|\u2606megushka|\u043d\u0443 \u0434\u0438\u0430\u043d\u0443 - \u0434\u0430, \u0443\u0436\u0435 \u0448\u043e\u0442\u043d\u0435\u0448\u044c, \u043c\u043d\u0435 \u043f\u0440\u043e\u0442\u0435\u043a\u0442\u0430\u043c\u0438 \u0431\u0430\u043b\u043e\u0432\u0430\u0442\u044c\u0441\u044f \u043e\u0441\u0442\u0430\u0451\u0442\u0441\u044f\n|\n|t:|1699543565\n|move|p1b: Diancie|Diamond Storm|p2b: Mawile|[spread] p2a,p2b\n|-supereffective|p2a: Rotom\n|-resisted|p2b: Mawile\n|-damage|p2a: Rotom|58\/100\n|-damage|p2b: Mawile|40\/100 slp\n|-boost|p1b: Diancie|def|2\n|-curestatus|p2b: Mawile|slp|[msg]\n|move|p2b: Mawile|Play Rough|p1a: Rotom\n|-damage|p1a: Rotom|0 fnt\n|faint|p1a: Rotom\n|move|p2a: Rotom|Volt Switch|p1b: Diancie\n|-damage|p1b: Diancie|25\/100 par\n|\n|t:|1699543577\n|switch|p2a: Hatterene|Hatterene, F|62\/100|[from] Volt Switch\n|\n|-heal|p2a: Hatterene|68\/100|[from] item: Leftovers\n|upkeep\n|c|\u2606Lolota2020|\u043f\u0440\u043e\u0441\u043d\u0443\u043b\u0441\u044f\n|c|\u2606Lolota2020|\u043d\u0430\u043a\u043e\u043d\u0435\u0446-\u0442\u043e\n|\n|t:|1699543585\n|switch|p1a: Camerupt|Camerupt-Mega, M|100\/100\n|turn|10\n|c|\u2606megushka|\u0432\u043e\u0442 \u0437\u043d\u0430\u0435\u0448\u044c \u043f\u043e\u0447\u0435\u043c\u0443 \u043a\u0430\u043c\u0435\u0440\u0430\u043f\u0442 - 1 \u0438\u0437 \u043b\u0443\u0447\u0448\u0438\u0445 \u043c\u0435\u0433 \u0432 \u0434\u0443\u043e?\n|c|\u2606Lolota2020|\u0441\u043a\u043e\u0440\u043e\u0441\u0442\u0438 \u043c\u0430\u043b\u043e,\u0441\u043f\u0430 \u043c\u043d\u043e\u0433\u043e\n|\n|t:|1699543610\n|switch|p2a: Rotom|Rotom-Heat|58\/100\n|switch|p2b: Ferrothorn|Ferrothorn, M|100\/100\n|move|p1a: Camerupt|Eruption|p2a: Rotom|[spread] p2a,p2b\n|-resisted|p2a: Rotom\n|-supereffective|p2b: Ferrothorn\n|-damage|p2a: Rotom|21\/100\n|-damage|p2b: Ferrothorn|0 fnt\n|faint|p2b: Ferrothorn\n|cant|p1b: Diancie|par\n|\n|-heal|p2a: Rotom|27\/100|[from] item: Leftovers\n|-fieldend|move: Trick Room\n|upkeep\n|c|\u2606Lolota2020|\u0434\u0430\u043c\u0430\u0436\u0438\u0442 \u043f\u043e \u0432\u0441\u0435\u043c \u043d\u0430\u0432\u0435\u0440\u043d\u043e\n|c|\u2606megushka|\u0432\u043e\u0442 \u043f\u043e\u044d\u0442\u043e\u043c\u0443\n|c|\u2606Lolota2020|\u041d\u0443 \u0434\u0430\n|c|\u2606Lolota2020|\u043a\u043e\u043d\u0435\u0447\u043d\u043e\n|\n|t:|1699543624\n|switch|p2b: Hatterene|Hatterene, F|68\/100\n|turn|11\n|c|\u2606megushka|\u0432\u0441\u0451, \u0444\u0435\u0440\u0440\u044b \u043d\u0435 \u0431\u0443\u0434\u0435\u0442\n|\n|t:|1699543636\n|move|p2a: Rotom|Pain Split|p1a: Camerupt\n|-sethp|p1a: Camerupt|62\/100|[from] move: Pain Split|[silent]\n|-sethp|p2a: Rotom|70\/100|[from] move: Pain Split\n|move|p1a: Camerupt|Eruption|p2b: Hatterene|[spread] p2a,p2b\n|-resisted|p2a: Rotom\n|-damage|p2a: Rotom|48\/100\n|-damage|p2b: Hatterene|37\/100\n|move|p2b: Hatterene|Trick Room|p2b: Hatterene\n|-fieldstart|move: Trick Room|[of] p2b: Hatterene\n|cant|p1b: Diancie|par\n|\n|-heal|p2b: Hatterene|43\/100|[from] item: Leftovers\n|-heal|p2a: Rotom|54\/100|[from] item: Leftovers\n|upkeep\n|turn|12\n|c|\u2606megushka|\u043a\u0430\u043a \u0445\u043e\u0440\u043e\u0448\u043e \u0447\u0442\u043e \u0434\u0438\u0430\u043d\u0430 \u043f\u0430\u0440\u0430\u043b\u0438\u0437\u043d\u0443\u043b\u0430\u0441\u044c\n|c|\u2606megushka|\u0442\u0440\u0438\u043a\u0440\u0443\u043c \u0431\u044b \u0443\u0431\u0440\u0430\u043b\u0430\n|c|\u2606Lolota2020|+\n|c|\u2606Lolota2020|\u042f \u043e\u0431 \u044d\u0442\u043e\u043c \u0442\u043e\u0436\u0435 \u043f\u043e\u0434\u0443\u043c\u0430\u043b\n|\n|t:|1699543662\n|move|p1a: Camerupt|Heat Wave|p2b: Hatterene|[spread] p2a,p2b\n|-resisted|p2a: Rotom\n|-damage|p2a: Rotom|23\/100\n|-damage|p2b: Hatterene|0 fnt\n|faint|p2b: Hatterene\n|cant|p1b: Diancie|par\n|move|p2a: Rotom|Volt Switch|p1b: Diancie\n|-damage|p1b: Diancie|5\/100 par\n|\n|t:|1699543669\n|switch|p2a: Mawile|Mawile-Mega, M|40\/100|[from] Volt Switch\n|\n|upkeep\n|\n|t:|1699543672\n|switch|p2b: Rotom|Rotom-Heat|23\/100\n|turn|13\n|c|\u2606megushka|\u0431\u0443\u0434\u0442\u043e \u0438 \u043d\u0435 \u043c\u0435\u043d\u044f\u043b\u0441\u044f\n|c|\u2606megushka|\u0432\u043e\u0442 \u0442\u0430\u043a\u0438\u043c \u0438 \u043f\u043e\u0439\u0434\u0443 \u0434\u0443\u043c\u0430\u044e\n|\n|t:|1699543692\n|move|p2a: Mawile|Sucker Punch|p1a: Camerupt\n|-crit|p1a: Camerupt\n|-damage|p1a: Camerupt|0 fnt\n|faint|p1a: Camerupt\n|move|p1b: Diancie|Diamond Storm|p2b: Rotom|[spread] p2a,p2b\n|-resisted|p2a: Mawile\n|-supereffective|p2b: Rotom\n|-damage|p2a: Mawile|27\/100\n|-damage|p2b: Rotom|0 fnt\n|-boost|p1b: Diancie|def|2\n|faint|p2b: Rotom\n|\n|upkeep\n|\n|t:|1699543701\n|switch|p1a: Scrafty|Scrafty, M|1\/100\n|-ability|p1a: Scrafty|Intimidate|boost\n|-unboost|p2a: Mawile|atk|1\n|turn|14\n|c|\u2606Lolota2020|\u0438\u0437-\u0437\u0430 \u043f\u0430\u0440\u0430\u043b\u0438\u0447\u0430\n|c|\u2606Lolota2020|\u0431\u044b\u0441\u0442\u0440\u0435\u0435 \u043c\u0435\u043d\u044f\n|\n|t:|1699543708\n|move|p1a: Scrafty|Fake Out|p2a: Mawile\n|-resisted|p2a: Mawile\n|-damage|p2a: Mawile|20\/100\n|-damage|p1a: Scrafty|0 fnt|[from] item: Life Orb\n|faint|p1a: Scrafty\n|cant|p1b: Diancie|par\n|cant|p2a: Mawile|flinch\n|\n|upkeep\n|\n|t:|1699543716\n|switch|p1a: Amoonguss|Amoonguss, M|90\/100\n|turn|15\n|\n|t:|1699543723\n|move|p2a: Mawile|Sucker Punch|p1b: Diancie\n|-resisted|p1b: Diancie\n|-damage|p1b: Diancie|2\/100 par\n|move|p1b: Diancie|Diamond Storm|p2a: Mawile\n|-resisted|p2a: Mawile\n|-damage|p2a: Mawile|1\/100\n|move|p1a: Amoonguss|Spore|p2a: Mawile\n|-status|p2a: Mawile|slp|[from] move: Spore\n|\n|-fieldend|move: Trick Room\n|upkeep\n|turn|16\n|c|\u2606Lolota2020|1 \u0445\u043f\n|c|\u2606Lolota2020|\u0441\u043b\u0438\u043f\n|c|\u2606Lolota2020|2 \u0445\u043f*\n|c|\u2606megushka|\u043f\u043e\u0441\u043f\u0438 \u043d\u0435\u043c\u043d\u043e\u0436\u043a\u043e\n|\n|t:|1699543737\n|cant|p2a: Mawile|slp\n|move|p1a: Amoonguss|Giga Drain|p2a: Mawile\n|-resisted|p2a: Mawile\n|-damage|p2a: Mawile|0 fnt\n|-heal|p1a: Amoonguss|91\/100|[from] drain|[of] p2a: Mawile\n|faint|p2a: Mawile\n|\n|win|megushka\n|c|\u2606Lolota2020|\u0442\u0430\u043a\n|c|\u2606Lolota2020|\u043d\u0430\u0434\u043e \u0434\u0443\u043c\u0430\u0442\u044c \u0435\u0449\u0451\n|c|\u2606Lolota2020|\u041d\u0443 \u043a\u0440\u0430\u0431\u0438\u043a\u0430 \u043d\u0435 \u043f\u043e\u043a\u0430\u0437\u0430\u043b \u0434\u0430\u0436\u0435\n|c|\u2606Lolota2020|\u0443\u0436\u0430\u0441\n|c|\u2606megushka|\u043d\u0443 \u0442\u0438\u043c\u0430 \u0434\u043e\u0441\u0442\u0430\u0442\u043e\u0447\u043d\u043e \u043d\u0435\u043f\u043b\u043e\u0445\u0430\u044f \u0442\u0443\u0442\n|c|\u2606Lolota2020|\u0443 \u0442\u0435\u0431\u044f \u0435\u0449\u0451 \u0446\u0435\u043b\u044b\u0445 3\n|c|\u2606Lolota2020|\u0432 \u0436\u0438\u0432\u044b\u0445\n|c|\u2606megushka|\u044f \u043f\u043e\u043d\u044f\u043b \u043a\u0430\u043a \u0435\u0451 \u044e\u0437\u0430\u0442\u044c!\n|c|\u2606Lolota2020|\u043d\u0443 2.2\n|c|\u2606megushka|\u044f \u0434\u043e \u044d\u0442\u043e\u0433\u043e \u043a\u0440\u0438\u0441\u0441\u0435\u043b\u0438\u044e \u0441 \u0434\u0438\u0430\u043d\u043e\u0439 \u043a\u0438\u0434\u0430\u043b \u0432\u0441\u0435\u0433\u0434\u0430\n|c|\u2606Lolota2020|\u0434\u0438\u0430\u043d\u0441\u0438 \u043c\u0435\u0440\u0442\u0432\u0430 \u043f\u043e\u0447\u0442\u0438\n","uploadtime":1699543782,"views":11,"p1id":"megushka","p2id":"lolota2020","formatid":"gen9nationaldexdoubles","rating":0,"private":0,"password":""}