{"id":"gen9nationaldexdoubles-1986617650","p1":"zerkingoff","p2":"CDGames27","format":"[Gen 9] National Dex Doubles","log":"|j|\u2606zerkingoff\n|j|\u2606CDGames27\n|t:|1699498444\n|gametype|doubles\n|player|p1|zerkingoff|cheren-gen5bw2|1087\n|player|p2|CDGames27|blue|1000\n|teamsize|p1|6\n|teamsize|p2|6\n|gen|9\n|tier|[Gen 9] National Dex Doubles\n|rated|\n|rule|HP Percentage Mod: HP is shown in percentages\n|rule|Endless Battle Clause: Forcing endless battles is banned\n|rule|OHKO Clause: OHKO moves are banned\n|rule|Evasion Moves Clause: Evasion moves are banned\n|rule|Evasion Abilities Clause: Evasion abilities are banned\n|rule|Species Clause: Limit one of each Pok\u00e9mon\n|rule|Gravity Sleep Clause: The combination of sleep-inducing moves with imperfect accuracy and Gravity or Gigantamax Orbeetle are banned\n|clearpoke\n|poke|p1|Indeedee-F, F|\n|poke|p1|Scolipede, M|\n|poke|p1|Audino, F|\n|poke|p1|Garbodor, M|\n|poke|p1|Aegislash, M|\n|poke|p1|Krookodile, M|\n|poke|p2|Ceruledge, M|\n|poke|p2|Gardevoir, F|\n|poke|p2|Palafin, M|\n|poke|p2|Lucario, M|\n|poke|p2|Meowscarada, F|\n|poke|p2|Garchomp, M|\n|teampreview\n|\n|t:|1699498454\n|start\n|switch|p1a: Eye Sword|Aegislash, M|100\/100\n|switch|p1b: Amine|Audino, F|100\/100\n|switch|p2a: Palafin|Palafin, M|100\/100\n|switch|p2b: Ceruledge|Ceruledge, M, shiny|100\/100\n|turn|1\n|\n|t:|1699498491\n|detailschange|p1b: Amine|Audino-Mega, F\n|-mega|p1b: Amine|Audino|Audinite\n|move|p2a: Palafin|Flip Turn|p1b: Amine\n|-damage|p1b: Amine|81\/100\n|\n|t:|1699498500\n|detailschange|p2a: Palafin|Palafin-Hero, M\n|switch|p2a: Lucario|Lucario, M|100\/100|[from] Flip Turn\n|move|p2b: Ceruledge|Bitter Blade|p1a: Eye Sword\n|-supereffective|p1a: Eye Sword\n|-damage|p1a: Eye Sword|17\/100\n|-enditem|p1a: Eye Sword|Weakness Policy\n|-boost|p1a: Eye Sword|atk|2|[from] item: Weakness Policy\n|-boost|p1a: Eye Sword|spa|2|[from] item: Weakness Policy\n|move|p1a: Eye Sword|Swords Dance|p1a: Eye Sword\n|-boost|p1a: Eye Sword|atk|2\n|move|p1b: Amine|Trick Room|p1b: Amine\n|-fieldstart|move: Trick Room|[of] p1b: Amine\n|\n|upkeep\n|turn|2\n|\n|t:|1699498547\n|switch|p2b: Garchomp|Garchomp, M|100\/100\n|move|p1a: Eye Sword|King's Shield|p1a: Eye Sword\n|-singleturn|p1a: Eye Sword|Protect\n|move|p1b: Amine|Yawn|p2b: Garchomp\n|-start|p2b: Garchomp|move: Yawn|[of] p1b: Amine\n|move|p2a: Lucario|Dark Pulse|p1a: Eye Sword\n|-activate|p1a: Eye Sword|move: Protect\n|\n|upkeep\n|turn|3\n|\n|t:|1699498574\n|move|p1b: Amine|Draining Kiss|p2b: Garchomp\n|-supereffective|p2b: Garchomp\n|-damage|p2b: Garchomp|68\/100\n|-heal|p1b: Amine|100\/100|[from] drain|[of] p2b: Garchomp\n|-damage|p1b: Amine|88\/100|[from] ability: Rough Skin|[of] p2b: Garchomp\n|-damage|p1b: Amine|71\/100|[from] item: Rocky Helmet|[of] p2b: Garchomp\n|-formechange|p1a: Eye Sword|Aegislash-Blade||[from] ability: Stance Change\n|move|p1a: Eye Sword|Sacred Sword|p2a: Lucario\n|-supereffective|p2a: Lucario\n|-damage|p2a: Lucario|0 fnt\n|faint|p2a: Lucario\n|move|p2b: Garchomp|Iron Head|p1b: Amine\n|-supereffective|p1b: Amine\n|-damage|p1b: Amine|34\/100\n|\n|-end|p2b: Garchomp|move: Yawn|[silent]\n|-status|p2b: Garchomp|slp\n|upkeep\n|\n|t:|1699498595\n|switch|p2a: Meowscarada|Meowscarada, F|100\/100\n|turn|4\n|\n|t:|1699498607\n|switch|p2b: Ceruledge|Ceruledge, M, shiny|100\/100\n|-formechange|p1a: Eye Sword|Aegislash||[from] ability: Stance Change\n|move|p1a: Eye Sword|King's Shield|p1a: Eye Sword\n|-singleturn|p1a: Eye Sword|Protect\n|move|p2a: Meowscarada|Sucker Punch||[still]\n|-fail|p2a: Meowscarada\n|move|p1b: Amine|Draining Kiss|p2b: Ceruledge\n|-resisted|p2b: Ceruledge\n|-damage|p2b: Ceruledge|92\/100\n|-heal|p1b: Amine|40\/100|[from] drain|[of] p2b: Ceruledge\n|\n|-heal|p2b: Ceruledge|98\/100|[from] item: Leftovers\n|upkeep\n|turn|5\n|\n|t:|1699498632\n|move|p2a: Meowscarada|Sucker Punch|p1a: Eye Sword\n|-start|p2a: Meowscarada|typechange|Dark|[from] ability: Protean\n|-supereffective|p1a: Eye Sword\n|-damage|p1a: Eye Sword|0 fnt\n|faint|p1a: Eye Sword\n|move|p1b: Amine|Draining Kiss|p2a: Meowscarada\n|-supereffective|p2a: Meowscarada\n|-damage|p2a: Meowscarada|53\/100\n|-heal|p1b: Amine|70\/100|[from] drain|[of] p2a: Meowscarada\n|move|p2b: Ceruledge|Bitter Blade|p1b: Amine\n|-damage|p1b: Amine|44\/100\n|-heal|p2b: Ceruledge|100\/100|[from] drain|[of] p1b: Amine\n|\n|-fieldend|move: Trick Room\n|upkeep\n|\n|t:|1699498653\n|switch|p1a: Starbucks\ud83e\udd2e\ud83e\udd2e|Garbodor, M|100\/100\n|turn|6\n|\n|t:|1699498676\n|move|p2a: Meowscarada|U-turn|p1b: Amine\n|-resisted|p1b: Amine\n|-damage|p1b: Amine|36\/100\n|\n|t:|1699498682\n|switch|p2a: Garchomp|Garchomp, M|68\/100 slp|[from] U-turn\n|move|p2b: Ceruledge|Bitter Blade|p1b: Amine\n|-damage|p1b: Amine|8\/100\n|move|p1a: Starbucks\ud83e\udd2e\ud83e\udd2e|Toxic|p2b: Ceruledge\n|-status|p2b: Ceruledge|tox\n|move|p1b: Amine|Trick Room|p1b: Amine\n|-fieldstart|move: Trick Room|[of] p1b: Amine\n|\n|-damage|p2b: Ceruledge|94\/100 tox|[from] psn\n|upkeep\n|turn|7\n|\n|t:|1699498713\n|move|p1b: Amine|Draining Kiss|p2a: Garchomp\n|-supereffective|p2a: Garchomp\n|-damage|p2a: Garchomp|34\/100 slp\n|-heal|p1b: Amine|34\/100|[from] drain|[of] p2a: Garchomp\n|-damage|p1b: Amine|22\/100|[from] ability: Rough Skin|[of] p2a: Garchomp\n|-damage|p1b: Amine|5\/100|[from] item: Rocky Helmet|[of] p2a: Garchomp\n|move|p1a: Starbucks\ud83e\udd2e\ud83e\udd2e|Rock Blast|p2b: Ceruledge\n|-supereffective|p2b: Ceruledge\n|-damage|p2b: Ceruledge|78\/100 tox\n|-ability|p2b: Ceruledge|Weak Armor|boost\n|-unboost|p2b: Ceruledge|def|1\n|-boost|p2b: Ceruledge|spe|2\n|-supereffective|p2b: Ceruledge\n|-damage|p2b: Ceruledge|55\/100 tox\n|-ability|p2b: Ceruledge|Weak Armor|boost\n|-unboost|p2b: Ceruledge|def|1\n|-boost|p2b: Ceruledge|spe|2\n|-supereffective|p2b: Ceruledge\n|-damage|p2b: Ceruledge|25\/100 tox\n|-ability|p2b: Ceruledge|Weak Armor|boost\n|-unboost|p2b: Ceruledge|def|1\n|-boost|p2b: Ceruledge|spe|2\n|-supereffective|p2b: Ceruledge\n|-damage|p2b: Ceruledge|0 fnt\n|faint|p2b: Ceruledge\n|-hitcount|p2: Ceruledge|4\n|cant|p2a: Garchomp|slp\n|\n|upkeep\n|\n|t:|1699498738\n|switch|p2b: Gardevoir|Gardevoir, F, shiny|100\/100\n|turn|8\n|\n|t:|1699498764\n|move|p1b: Amine|Draining Kiss|p2a: Garchomp\n|-supereffective|p2a: Garchomp\n|-damage|p2a: Garchomp|2\/100 slp\n|-heal|p1b: Amine|30\/100|[from] drain|[of] p2a: Garchomp\n|-damage|p1b: Amine|18\/100|[from] ability: Rough Skin|[of] p2a: Garchomp\n|-damage|p1b: Amine|1\/100|[from] item: Rocky Helmet|[of] p2a: Garchomp\n|move|p1a: Starbucks\ud83e\udd2e\ud83e\udd2e|Gunk Shot|p2b: Gardevoir|[miss]\n|-miss|p1a: Starbucks\ud83e\udd2e\ud83e\udd2e|p2b: Gardevoir\n|move|p2b: Gardevoir|Psychic|p1a: Starbucks\ud83e\udd2e\ud83e\udd2e\n|-supereffective|p1a: Starbucks\ud83e\udd2e\ud83e\udd2e\n|-damage|p1a: Starbucks\ud83e\udd2e\ud83e\udd2e|26\/100\n|-unboost|p1a: Starbucks\ud83e\udd2e\ud83e\udd2e|spd|1\n|cant|p2a: Garchomp|slp\n|\n|upkeep\n|turn|9\n|\n|t:|1699498796\n|detailschange|p2b: Gardevoir|Gardevoir-Mega, F, shiny\n|-mega|p2b: Gardevoir|Gardevoir|Gardevoirite\n|move|p1b: Amine|Draining Kiss|p2b: Gardevoir\n|-damage|p2b: Gardevoir|86\/100\n|-heal|p1b: Amine|10\/100|[from] drain|[of] p2b: Gardevoir\n|move|p1a: Starbucks\ud83e\udd2e\ud83e\udd2e|Gunk Shot|p2b: Gardevoir|[miss]\n|-miss|p1a: Starbucks\ud83e\udd2e\ud83e\udd2e|p2b: Gardevoir\n|move|p2b: Gardevoir|Psychic|p1a: Starbucks\ud83e\udd2e\ud83e\udd2e\n|-supereffective|p1a: Starbucks\ud83e\udd2e\ud83e\udd2e\n|-damage|p1a: Starbucks\ud83e\udd2e\ud83e\udd2e|0 fnt\n|faint|p1a: Starbucks\ud83e\udd2e\ud83e\udd2e\n|-curestatus|p2a: Garchomp|slp|[msg]\n|move|p2a: Garchomp|Iron Head|p1b: Amine\n|-supereffective|p1b: Amine\n|-damage|p1b: Amine|0 fnt\n|faint|p1b: Amine\n|\n|upkeep\n|\n|t:|1699498819\n|switch|p1b: Acidic Chloride|Scolipede, M|100\/100\n|switch|p1a: Amide|Indeedee-F, F|100\/100\n|-fieldstart|move: Psychic Terrain|[from] ability: Psychic Surge|[of] p1a: Amide\n|turn|10\n|\n|t:|1699498852\n|move|p1a: Amide|Dazzling Gleam|p2a: Garchomp|[spread] p2a,p2b\n|-supereffective|p2a: Garchomp\n|-damage|p2a: Garchomp|0 fnt\n|-damage|p2b: Gardevoir|66\/100\n|faint|p2a: Garchomp\n|move|p2b: Gardevoir|Psychic|p1b: Acidic Chloride\n|-supereffective|p1b: Acidic Chloride\n|-enditem|p1b: Acidic Chloride|Focus Sash\n|-damage|p1b: Acidic Chloride|1\/100\n|move|p1b: Acidic Chloride|Poison Jab|p2b: Gardevoir\n|-supereffective|p2b: Gardevoir\n|-damage|p2b: Gardevoir|0 fnt\n|faint|p2b: Gardevoir\n|\n|-fieldend|move: Trick Room\n|-ability|p1b: Acidic Chloride|Speed Boost|boost\n|-boost|p1b: Acidic Chloride|spe|1\n|upkeep\n|\n|t:|1699498868\n|switch|p2a: Palafin|Palafin-Hero, M|100\/100\n|switch|p2b: Meowscarada|Meowscarada, F|53\/100\n|-activate|p2a: Palafin|ability: Zero to Hero\n|turn|11\n|\n|t:|1699498885\n|-terastallize|p2a: Palafin|Water\n|move|p2b: Meowscarada|Sucker Punch|p1b: Acidic Chloride\n|-start|p2b: Meowscarada|typechange|Dark|[from] ability: Protean\n|-activate|p1b: Acidic Chloride|move: Psychic Terrain\n|move|p1b: Acidic Chloride|Rock Slide|p2a: Palafin|[spread] p2a,p2b\n|-damage|p2a: Palafin|81\/100\n|-damage|p2b: Meowscarada|24\/100\n|move|p2a: Palafin|Wave Crash|p1a: Amide\n|-damage|p1a: Amide|0 fnt\n|faint|p1a: Amide\n|-damage|p2a: Palafin|48\/100|[from] Recoil\n|\n|-ability|p1b: Acidic Chloride|Speed Boost|boost\n|-boost|p1b: Acidic Chloride|spe|1\n|upkeep\n|\n|t:|1699498903\n|switch|p1a: Kroko|Krookodile, M|100\/100\n|turn|12\n|\n|t:|1699498923\n|move|p1b: Acidic Chloride|Rock Slide|p2b: Meowscarada|[spread] p2a,p2b\n|-damage|p2a: Palafin|30\/100\n|-damage|p2b: Meowscarada|0 fnt\n|faint|p2b: Meowscarada\n|move|p1a: Kroko|Brick Break|p2a: Palafin\n|-damage|p2a: Palafin|5\/100\n|move|p2a: Palafin|Wave Crash|p1a: Kroko\n|-supereffective|p1a: Kroko\n|-damage|p1a: Kroko|0 fnt\n|faint|p1a: Kroko\n|-damage|p2a: Palafin|0 fnt|[from] Recoil\n|faint|p2a: Palafin\n|\n|win|zerkingoff\n|raw|zerkingoff's rating: 1087 &rarr; <strong>1107<\/strong><br \/>(+20 for winning)\n|raw|CDGames27's rating: 1000 &rarr; <strong>1000<\/strong><br \/>(+0 for losing)\n|l|\u2606CDGames27\n","uploadtime":1699498944,"views":6,"p1id":"zerkingoff","p2id":"cdgames27","formatid":"gen9nationaldexdoubles","rating":1000,"private":0,"password":""}