{"id":"gen9nationaldexdoubles-1959642442","p1":"Real Bani-Banani","p2":"icybro12","format":"[Gen 9] National Dex Doubles","log":"|j|\u2606Real Bani-Banani\n|j|\u2606icybro12\n|t:|1696443536\n|gametype|doubles\n|player|p1|Real Bani-Banani|rocketgruntf|1086\n|player|p2|icybro12|psychic|1219\n|teamsize|p1|6\n|teamsize|p2|6\n|gen|9\n|tier|[Gen 9] National Dex Doubles\n|rated|\n|rule|HP Percentage Mod: HP is shown in percentages\n|rule|Endless Battle Clause: Forcing endless battles is banned\n|rule|OHKO Clause: OHKO moves are banned\n|rule|Evasion Moves Clause: Evasion moves are banned\n|rule|Evasion Abilities Clause: Evasion abilities are banned\n|rule|Species Clause: Limit one of each Pok\u00e9mon\n|rule|Gravity Sleep Clause: The combination of sleep-inducing moves with imperfect accuracy and Gravity or Gigantamax Orbeetle are banned\n|clearpoke\n|poke|p1|Furret, M|\n|poke|p1|Eelektross, M|\n|poke|p1|Sableye, F|\n|poke|p1|Drifblim, F|\n|poke|p1|Vanilluxe, M|\n|poke|p1|Carbink|\n|poke|p2|Vanilluxe, M|\n|poke|p2|Sandslash-Alola, M|\n|poke|p2|Abomasnow, F|\n|poke|p2|Beartic, M|\n|poke|p2|Cetitan, M|\n|poke|p2|Walrein, M|\n|teampreview\n|\n|t:|1696443615\n|start\n|switch|p1a: FrostAtronach|Vanilluxe, M|100\/100\n|switch|p1b: BananaForScale|Furret, M|100\/100\n|switch|p2a: Abomasnow|Abomasnow, F|100\/100\n|switch|p2b: Vanilluxe|Vanilluxe, M|100\/100\n|-item|p2a: Abomasnow|Icy Rock|[from] ability: Frisk|[of] p1b: BananaForScale|[identify]\n|-item|p2b: Vanilluxe|Light Clay|[from] ability: Frisk|[of] p1b: BananaForScale|[identify]\n|-weather|Snow|[from] ability: Snow Warning|[of] p2b: Vanilluxe\n|turn|1\n|\n|t:|1696443645\n|move|p2a: Abomasnow|Protect|p2a: Abomasnow\n|-singleturn|p2a: Abomasnow|Protect\n|move|p1b: BananaForScale|Fire Punch|p2a: Abomasnow\n|-activate|p2a: Abomasnow|move: Protect\n|move|p2b: Vanilluxe|Explosion|p1b: BananaForScale|[spread] p1a,p1b\n|-activate|p2a: Abomasnow|move: Protect\n|-damage|p1a: FrostAtronach|72\/100\n|-damage|p1b: BananaForScale|43\/100\n|-ability|p1a: FrostAtronach|Weak Armor|boost\n|-unboost|p1a: FrostAtronach|def|1\n|-boost|p1a: FrostAtronach|spe|2\n|faint|p2b: Vanilluxe\n|move|p1a: FrostAtronach|Rain Dance|p1a: FrostAtronach\n|-weather|RainDance\n|\n|-weather|RainDance|[upkeep]\n|upkeep\n|\n|t:|1696443660\n|switch|p2b: Walrein|Walrein, M|100\/100\n|turn|2\n|\n|t:|1696443669\n|move|p1a: FrostAtronach|Freeze-Dry|p2b: Walrein\n|-damage|p2b: Walrein|85\/100\n|move|p1b: BananaForScale|Fire Punch|p2a: Abomasnow\n|-supereffective|p2a: Abomasnow\n|-damage|p2a: Abomasnow|59\/100\n|move|p2a: Abomasnow|Giga Drain|p1b: BananaForScale\n|-damage|p1b: BananaForScale|0 fnt\n|-heal|p2a: Abomasnow|76\/100|[from] drain|[of] p1b: BananaForScale\n|faint|p1b: BananaForScale\n|move|p2b: Walrein|Surf|p1a: FrostAtronach|[spread] p2a,p1a\n|-resisted|p2a: Abomasnow\n|-damage|p2a: Abomasnow|52\/100\n|-damage|p1a: FrostAtronach|0 fnt\n|faint|p1a: FrostAtronach\n|\n|-weather|RainDance|[upkeep]\n|upkeep\n|\n|t:|1696443694\n|switch|p1b: TheRetchingNetch|Drifblim, F|100\/100\n|switch|p1a: Falmer|Sableye, F|100\/100\n|turn|3\n|\n|t:|1696443725\n|move|p1a: Falmer|Skill Swap|p1b: TheRetchingNetch\n|-activate|p1a: Falmer|move: Skill Swap|||[of] p1b: TheRetchingNetch\n|move|p1b: TheRetchingNetch|Knock Off|p2a: Abomasnow\n|-damage|p2a: Abomasnow|31\/100\n|-enditem|p2a: Abomasnow|Icy Rock|[from] move: Knock Off|[of] p1b: TheRetchingNetch\n|move|p2a: Abomasnow|Giga Drain|p1a: Falmer\n|-damage|p1a: Falmer|60\/100\n|-heal|p2a: Abomasnow|47\/100|[from] drain|[of] p1a: Falmer\n|-enditem|p1a: Falmer|Eject Button\n|\n|t:|1696443736\n|switch|p1a: Nazeem|Eelektross, M|100\/100\n|move|p2b: Walrein|Surf|p1a: Nazeem|[spread] p2a,p1a,p1b\n|-resisted|p2a: Abomasnow\n|-damage|p2a: Abomasnow|20\/100\n|-damage|p1a: Nazeem|17\/100\n|-damage|p1b: TheRetchingNetch|53\/100\n|\n|-weather|RainDance|[upkeep]\n|upkeep\n|turn|4\n|\n|t:|1696443753\n|switch|p2a: Cetitan|Cetitan, M|100\/100\n|move|p1b: TheRetchingNetch|Strength Sap|p2a: Cetitan\n|-unboost|p2a: Cetitan|atk|1\n|-heal|p1b: TheRetchingNetch|100\/100\n|move|p2b: Walrein|Surf|p1a: Nazeem|[spread] p2a,p1a,p1b\n|-damage|p2a: Cetitan|27\/100\n|-damage|p1a: Nazeem|0 fnt\n|-damage|p1b: TheRetchingNetch|51\/100\n|faint|p1a: Nazeem\n|\n|-weather|RainDance|[upkeep]\n|upkeep\n|\n|t:|1696443767\n|switch|p1a: Falmer|Sableye, F|60\/100\n|turn|5\n|\n|t:|1696443778\n|switch|p2b: Abomasnow|Abomasnow, F|20\/100\n|-weather|Snow|[from] ability: Snow Warning|[of] p2b: Abomasnow\n|move|p1b: TheRetchingNetch|Toxic|p2b: Abomasnow\n|-status|p2b: Abomasnow|tox\n|move|p1a: Falmer|Skill Swap|p2a: Cetitan\n|-activate|p1a: Falmer|move: Skill Swap|Thick Fat|Prankster|[of] p2a: Cetitan\n|-zpower|p2a: Cetitan\n|move|p2a: Cetitan|Z-Belly Drum|p2a: Cetitan|[anim]Belly Drum\n|-heal|p2a: Cetitan|100\/100|[zeffect]\n|-damage|p2a: Cetitan|50\/100\n|-setboost|p2a: Cetitan|atk|6|[from] move: Belly Drum\n|\n|-weather|Snow|[upkeep]\n|-damage|p2b: Abomasnow|14\/100 tox|[from] psn\n|upkeep\n|turn|6\n|\n|t:|1696443808\n|move|p1b: TheRetchingNetch|Strength Sap|p2a: Cetitan\n|-unboost|p2a: Cetitan|atk|1\n|-heal|p1b: TheRetchingNetch|100\/100\n|move|p2a: Cetitan|Ice Shard|p1b: TheRetchingNetch\n|-supereffective|p1b: TheRetchingNetch\n|-damage|p1b: TheRetchingNetch|0 fnt\n|faint|p1b: TheRetchingNetch\n|move|p2b: Abomasnow|Blizzard|p1a: Falmer\n|-damage|p1a: Falmer|31\/100\n|move|p1a: Falmer|Foul Play|p2a: Cetitan\n|-damage|p2a: Cetitan|0 fnt\n|faint|p2a: Cetitan\n|\n|-weather|Snow|[upkeep]\n|-damage|p2b: Abomasnow|2\/100 tox|[from] psn\n|upkeep\n|\n|t:|1696443822\n|switch|p1b: Stalhrim|Carbink|100\/100\n|switch|p2a: Walrein|Walrein, M|85\/100\n|turn|7\n|\n|t:|1696443864\n|move|p2b: Abomasnow|Giga Drain|p1b: Stalhrim\n|-supereffective|p1b: Stalhrim\n|-damage|p1b: Stalhrim|65\/100\n|-heal|p2b: Abomasnow|16\/100 tox|[from] drain|[of] p1b: Stalhrim\n|move|p2a: Walrein|Surf|p1b: Stalhrim|[spread] p2b,p1a,p1b\n|-resisted|p2b: Abomasnow\n|-supereffective|p1b: Stalhrim\n|-crit|p1b: Stalhrim\n|-damage|p2b: Abomasnow|1\/100 tox\n|-damage|p1a: Falmer|0 fnt\n|-damage|p1b: Stalhrim|0 fnt\n|faint|p1a: Falmer\n|faint|p1b: Stalhrim\n|\n|win|icybro12\n|raw|Real Bani-Banani's rating: 1086 &rarr; <strong>1071<\/strong><br \/>(-15 for losing)\n|raw|icybro12's rating: 1219 &rarr; <strong>1235<\/strong><br \/>(+16 for winning)\n|c|\u2606Real Bani-Banani|gg wp\n|c|\u2606icybro12|u2\n|l|\u2606Real Bani-Banani\n","uploadtime":1696443885,"views":10,"p1id":"realbanibanani","p2id":"icybro12","formatid":"gen9nationaldexdoubles","rating":1071,"private":0,"password":""}