{"id":"gen9nationaldexdoubles-1958118601","p1":"BYPPCloudy","p2":"cezar pinto sujo","format":"[Gen 9] National Dex Doubles","log":"|j|\u2606BYPPCloudy\n|j|\u2606cezar pinto sujo\n|t:|1696289636\n|gametype|doubles\n|player|p1|BYPPCloudy|leon|1090\n|player|p2|cezar pinto sujo|cynthia|1032\n|teamsize|p1|6\n|teamsize|p2|6\n|gen|9\n|tier|[Gen 9] National Dex Doubles\n|rated|\n|rule|HP Percentage Mod: HP is shown in percentages\n|rule|Endless Battle Clause: Forcing endless battles is banned\n|rule|OHKO Clause: OHKO moves are banned\n|rule|Evasion Moves Clause: Evasion moves are banned\n|rule|Evasion Abilities Clause: Evasion abilities are banned\n|rule|Species Clause: Limit one of each Pok\u00e9mon\n|rule|Gravity Sleep Clause: The combination of sleep-inducing moves with imperfect accuracy and Gravity or Gigantamax Orbeetle are banned\n|clearpoke\n|poke|p1|Swampert, M|\n|poke|p1|Pelipper, M|\n|poke|p1|Kingdra, F|\n|poke|p1|Tapu Lele|\n|poke|p1|Amoonguss, M|\n|poke|p1|Kartana|\n|poke|p2|Dragapult, F|\n|poke|p2|Orthworm, M|\n|poke|p2|Scizor, M|\n|poke|p2|Clefable, F|\n|poke|p2|Amoonguss, F|\n|poke|p2|Oranguru, M|\n|teampreview\n|\n|t:|1696289651\n|start\n|switch|p1a: Pepper|Pelipper, M|100\/100\n|switch|p1b: Finn|Swampert, M|100\/100\n|switch|p2a: Amoonguss|Amoonguss, F|100\/100\n|switch|p2b: Clefable|Clefable, F|100\/100\n|-weather|RainDance|[from] ability: Drizzle|[of] p1a: Pepper\n|turn|1\n|\n|t:|1696289679\n|detailschange|p1b: Finn|Swampert-Mega, M\n|-mega|p1b: Finn|Swampert|Swampertite\n|move|p1b: Finn|Waterfall|p2b: Clefable\n|-damage|p2b: Clefable|31\/100\n|move|p1a: Pepper|Hurricane|p2a: Amoonguss\n|-supereffective|p2a: Amoonguss\n|-damage|p2a: Amoonguss|35\/100\n|move|p2b: Clefable|Cosmic Power|p2b: Clefable\n|-boost|p2b: Clefable|def|1\n|-boost|p2b: Clefable|spd|1\n|move|p2a: Amoonguss|Spore|p1b: Finn\n|-status|p1b: Finn|slp|[from] move: Spore\n|\n|-weather|RainDance|[upkeep]\n|-heal|p2b: Clefable|37\/100|[from] item: Leftovers\n|-heal|p2a: Amoonguss|42\/100|[from] item: Black Sludge\n|upkeep\n|turn|2\n|\n|t:|1696289703\n|cant|p1b: Finn|slp\n|move|p2b: Clefable|Protect|p2b: Clefable\n|-singleturn|p2b: Clefable|Protect\n|move|p1a: Pepper|Tailwind|p1a: Pepper\n|-sidestart|p1: BYPPCloudy|move: Tailwind\n|move|p2a: Amoonguss|Giga Drain|p1b: Finn\n|-supereffective|p1b: Finn\n|-damage|p1b: Finn|22\/100 slp\n|-heal|p2a: Amoonguss|78\/100|[from] drain|[of] p1b: Finn\n|\n|-weather|RainDance|[upkeep]\n|-heal|p2b: Clefable|43\/100|[from] item: Leftovers\n|-heal|p2a: Amoonguss|84\/100|[from] item: Black Sludge\n|upkeep\n|turn|3\n|\n|t:|1696289724\n|switch|p1b: hug me|Amoonguss, M|100\/100\n|move|p1a: Pepper|Hurricane|p2a: Amoonguss\n|-supereffective|p2a: Amoonguss\n|-damage|p2a: Amoonguss|18\/100\n|move|p2b: Clefable|Cosmic Power|p2b: Clefable\n|-boost|p2b: Clefable|def|1\n|-boost|p2b: Clefable|spd|1\n|move|p2a: Amoonguss|Spore|p1a: Pepper\n|-status|p1a: Pepper|slp|[from] move: Spore\n|\n|-weather|RainDance|[upkeep]\n|-heal|p2b: Clefable|49\/100|[from] item: Leftovers\n|-heal|p2a: Amoonguss|24\/100|[from] item: Black Sludge\n|upkeep\n|turn|4\n|\n|t:|1696289753\n|cant|p1a: Pepper|slp\n|move|p2b: Clefable|Baton Pass|p2b: Clefable\n|\n|t:|1696289767\n|switch|p2b: Oranguru|Oranguru, M|100\/100|[from] Baton Pass\n|move|p1b: hug me|Spore|p2b: Oranguru\n|-status|p2b: Oranguru|slp|[from] move: Spore\n|move|p2a: Amoonguss|Giga Drain|p1a: Pepper\n|-damage|p1a: Pepper|78\/100 slp\n|-heal|p2a: Amoonguss|34\/100|[from] drain|[of] p1a: Pepper\n|-enditem|p1a: Pepper|Eject Button\n|\n|t:|1696289776\n|switch|p1a: Pony|Kingdra, F|100\/100\n|\n|-weather|RainDance|[upkeep]\n|-heal|p2a: Amoonguss|40\/100|[from] item: Black Sludge\n|upkeep\n|turn|5\n|\n|t:|1696289788\n|move|p1a: Pony|Ice Beam|p2a: Amoonguss\n|-supereffective|p2a: Amoonguss\n|-damage|p2a: Amoonguss|0 fnt\n|faint|p2a: Amoonguss\n|cant|p2b: Oranguru|slp\n|move|p1b: hug me|Sludge Bomb|p2b: Oranguru\n|-damage|p2b: Oranguru|89\/100 slp\n|\n|-weather|none\n|-heal|p2b: Oranguru|95\/100 slp|[from] item: Leftovers\n|-sideend|p1: BYPPCloudy|move: Tailwind\n|upkeep\n|\n|t:|1696289798\n|switch|p2a: Orthworm|Orthworm, M|100\/100\n|turn|6\n|\n|t:|1696289818\n|move|p1a: Pony|Draco Meteor|p2a: Orthworm\n|-resisted|p2a: Orthworm\n|-damage|p2a: Orthworm|31\/100\n|-unboost|p1a: Pony|spa|2\n|move|p2a: Orthworm|Shed Tail|p2a: Orthworm\n|-fail|p2a: Orthworm|move: Shed Tail|[weak]\n|-curestatus|p2b: Oranguru|slp|[msg]\n|move|p2b: Oranguru|Reflect|p2b: Oranguru\n|-sidestart|p2: cezar pinto sujo|Reflect\n|move|p1b: hug me|Spore|p2a: Orthworm\n|-status|p2a: Orthworm|slp|[from] move: Spore\n|\n|-heal|p2a: Orthworm|37\/100 slp|[from] item: Leftovers\n|-heal|p2b: Oranguru|100\/100|[from] item: Leftovers\n|upkeep\n|turn|7\n|\n|t:|1696289852\n|switch|p1a: Pepper|Pelipper, M|78\/100 slp\n|-weather|RainDance|[from] ability: Drizzle|[of] p1a: Pepper\n|switch|p2a: Scizor|Scizor, M|100\/100\n|move|p1b: hug me|Spore|p2b: Oranguru\n|-status|p2b: Oranguru|slp|[from] move: Spore\n|cant|p2b: Oranguru|slp\n|\n|-weather|RainDance|[upkeep]\n|upkeep\n|turn|8\n|\n|t:|1696289888\n|switch|p1b: \u6298\u308a\u7d19|Kartana|100\/100\n|move|p2a: Scizor|Dual Wingbeat|p1b: \u6298\u308a\u7d19\n|-damage|p1b: \u6298\u308a\u7d19|69\/100\n|-damage|p1b: \u6298\u308a\u7d19|38\/100\n|-hitcount|p1b: \u6298\u308a\u7d19|2\n|cant|p1a: Pepper|slp\n|cant|p2b: Oranguru|slp\n|\n|-weather|RainDance|[upkeep]\n|upkeep\n|turn|9\n|\n|t:|1696289909\n|move|p1b: \u6298\u308a\u7d19|Sacred Sword|p2a: Scizor\n|-damage|p2a: Scizor|79\/100\n|move|p2a: Scizor|Dual Wingbeat|p1b: \u6298\u308a\u7d19\n|-damage|p1b: \u6298\u308a\u7d19|4\/100\n|-damage|p1b: \u6298\u308a\u7d19|0 fnt\n|faint|p1b: \u6298\u308a\u7d19\n|-hitcount|p1: \u6298\u308a\u7d19|2\n|cant|p1a: Pepper|slp\n|cant|p2b: Oranguru|slp\n|\n|-weather|RainDance|[upkeep]\n|upkeep\n|\n|t:|1696289925\n|switch|p1b: Pony|Kingdra, F|100\/100\n|turn|10\n|\n|t:|1696289945\n|-zpower|p1b: Pony\n|move|p1b: Pony|Hydro Vortex|p2a: Scizor|[zeffect]\n|-damage|p2a: Scizor|0 fnt\n|faint|p2a: Scizor\n|-curestatus|p1a: Pepper|slp|[msg]\n|move|p1a: Pepper|Scald|p2b: Oranguru\n|-damage|p2b: Oranguru|81\/100 slp\n|-curestatus|p2b: Oranguru|slp|[msg]\n|move|p2b: Oranguru|Trick Room|p2b: Oranguru\n|-fieldstart|move: Trick Room|[of] p2b: Oranguru\n|\n|-weather|RainDance|[upkeep]\n|-heal|p2b: Oranguru|87\/100|[from] item: Leftovers\n|-sideend|p2: cezar pinto sujo|Reflect\n|upkeep\n|\n|t:|1696289963\n|switch|p2a: Dragapult|Dragapult, F, shiny|100\/100\n|turn|11\n|\n|t:|1696289983\n|switch|p1b: hug me|Amoonguss, M|100\/100\n|move|p1a: Pepper|Protect|p1a: Pepper\n|-singleturn|p1a: Pepper|Protect\n|move|p2b: Oranguru|Instruct||[still]\n|-fail|p2b: Oranguru\n|move|p2a: Dragapult|Dragon Darts|p1b: hug me\n|-damage|p1b: hug me|76\/100\n|-anim|p2a: Dragapult|Dragon Darts|p1b: hug me\n|-crit|p1b: hug me\n|-damage|p1b: hug me|41\/100\n|\n|-weather|none\n|-heal|p2b: Oranguru|93\/100|[from] item: Leftovers\n|upkeep\n|turn|12\n|\n|t:|1696290009\n|switch|p1a: Pinky|Tapu Lele|100\/100\n|-fieldstart|move: Psychic Terrain|[from] ability: Psychic Surge|[of] p1a: Pinky\n|move|p1b: hug me|Spore|p2a: Dragapult\n|-status|p2a: Dragapult|slp|[from] move: Spore\n|move|p2b: Oranguru|Reflect|p2b: Oranguru\n|-sidestart|p2: cezar pinto sujo|Reflect\n|cant|p2a: Dragapult|slp\n|\n|-heal|p2b: Oranguru|99\/100|[from] item: Leftovers\n|upkeep\n|turn|13\n|\n|t:|1696290043\n|switch|p2a: Orthworm|Orthworm, M|37\/100 slp\n|move|p1b: hug me|Spore|p2b: Oranguru\n|-status|p2b: Oranguru|slp|[from] move: Spore\n|cant|p2b: Oranguru|slp\n|move|p1a: Pinky|Moonblast|p2a: Orthworm\n|-resisted|p2a: Orthworm\n|-damage|p2a: Orthworm|0 fnt\n|faint|p2a: Orthworm\n|-damage|p1a: Pinky|91\/100|[from] item: Life Orb\n|\n|-heal|p2b: Oranguru|100\/100 slp|[from] item: Leftovers\n|upkeep\n|\n|t:|1696290057\n|switch|p2a: Clefable|Clefable, F|49\/100\n|turn|14\n|\n|t:|1696290071\n|switch|p1a: Pepper|Pelipper, M|78\/100\n|-weather|RainDance|[from] ability: Drizzle|[of] p1a: Pepper\n|move|p2a: Clefable|Protect|p2a: Clefable\n|-singleturn|p2a: Clefable|Protect\n|move|p1b: hug me|Spore|p2a: Clefable\n|-activate|p2a: Clefable|move: Protect\n|cant|p2b: Oranguru|slp\n|\n|-weather|RainDance|[upkeep]\n|-heal|p2a: Clefable|55\/100|[from] item: Leftovers\n|-fieldend|move: Trick Room\n|upkeep\n|turn|15\n|\n|t:|1696290113\n|move|p1a: Pepper|Hurricane|p2b: Oranguru\n|-damage|p2b: Oranguru|83\/100 slp\n|move|p2a: Clefable|Cosmic Power|p2a: Clefable\n|-boost|p2a: Clefable|def|1\n|-boost|p2a: Clefable|spd|1\n|cant|p2b: Oranguru|slp\n|move|p1b: hug me|Spore|p2a: Clefable\n|-status|p2a: Clefable|slp|[from] move: Spore\n|\n|-weather|RainDance|[upkeep]\n|-heal|p2b: Oranguru|90\/100 slp|[from] item: Leftovers\n|-heal|p2a: Clefable|61\/100 slp|[from] item: Leftovers\n|upkeep\n|turn|16\n|\n|t:|1696290131\n|switch|p1a: Pony|Kingdra, F|100\/100\n|-curestatus|p2b: Oranguru|slp|[msg]\n|move|p2b: Oranguru|Instruct|p2a: Clefable\n|-singleturn|p2a: Clefable|move: Instruct|[of] p2b: Oranguru\n|cant|p2a: Clefable|slp\n|-curestatus|p2a: Clefable|slp|[msg]\n|move|p2a: Clefable|Cosmic Power|p2a: Clefable\n|-boost|p2a: Clefable|def|1\n|-boost|p2a: Clefable|spd|1\n|move|p1b: hug me|Spore|p2b: Oranguru\n|-status|p2b: Oranguru|slp|[from] move: Spore\n|\n|-weather|RainDance|[upkeep]\n|-heal|p2b: Oranguru|96\/100 slp|[from] item: Leftovers\n|-heal|p2a: Clefable|67\/100|[from] item: Leftovers\n|-sideend|p2: cezar pinto sujo|Reflect\n|-fieldend|move: Psychic Terrain\n|upkeep\n|turn|17\n|\n|t:|1696290169\n|move|p1a: Pony|Muddy Water|p2b: Oranguru|[spread] p2a,p2b\n|-damage|p2a: Clefable|49\/100\n|-damage|p2b: Oranguru|76\/100 slp\n|move|p2a: Clefable|Cosmic Power|p2a: Clefable\n|-boost|p2a: Clefable|def|1\n|-boost|p2a: Clefable|spd|1\n|cant|p2b: Oranguru|slp\n|move|p1b: hug me|Spore|p2a: Clefable\n|-status|p2a: Clefable|slp|[from] move: Spore\n|\n|-weather|RainDance|[upkeep]\n|-heal|p2b: Oranguru|82\/100 slp|[from] item: Leftovers\n|-heal|p2a: Clefable|55\/100 slp|[from] item: Leftovers\n|upkeep\n|turn|18\n|\n|t:|1696290186\n|move|p1a: Pony|Muddy Water|p2b: Oranguru|[spread] p2a,p2b\n|-damage|p2a: Clefable|37\/100 slp\n|-damage|p2b: Oranguru|60\/100 slp\n|cant|p2b: Oranguru|slp\n|cant|p2a: Clefable|slp\n|move|p1b: hug me|Sludge Bomb|p2a: Clefable\n|-supereffective|p2a: Clefable\n|-damage|p2a: Clefable|17\/100 slp\n|\n|-weather|none\n|-heal|p2b: Oranguru|66\/100 slp|[from] item: Leftovers\n|-heal|p2a: Clefable|23\/100 slp|[from] item: Leftovers\n|upkeep\n|turn|19\n|\n|t:|1696290211\n|switch|p2b: Dragapult|Dragapult, F, shiny|100\/100 slp\n|-curestatus|p2a: Clefable|slp|[msg]\n|move|p2a: Clefable|Protect|p2a: Clefable\n|-singleturn|p2a: Clefable|Protect\n|move|p1a: Pony|Muddy Water|p2b: Dragapult|[spread] p2b\n|-activate|p2a: Clefable|move: Protect\n|-resisted|p2b: Dragapult\n|-crit|p2b: Dragapult\n|-damage|p2b: Dragapult|70\/100 slp\n|move|p1b: hug me|Sludge Bomb|p2a: Clefable\n|-activate|p2a: Clefable|move: Protect\n|\n|-heal|p2a: Clefable|30\/100|[from] item: Leftovers\n|upkeep\n|turn|20\n|\n|t:|1696290232\n|switch|p1b: Pepper|Pelipper, M|78\/100\n|-weather|RainDance|[from] ability: Drizzle|[of] p1b: Pepper\n|-terastallize|p2b: Dragapult|Steel\n|move|p2a: Clefable|Follow Me|p2a: Clefable\n|-singleturn|p2a: Clefable|move: Follow Me\n|move|p1a: Pony|Draco Meteor|p2a: Clefable\n|-immune|p2a: Clefable\n|-curestatus|p2b: Dragapult|slp|[msg]\n|move|p2b: Dragapult|Dragon Dance|p2b: Dragapult\n|-boost|p2b: Dragapult|atk|1\n|-boost|p2b: Dragapult|spe|1\n|\n|-weather|RainDance|[upkeep]\n|-heal|p2a: Clefable|36\/100|[from] item: Leftovers\n|upkeep\n|turn|21\n|\n|t:|1696290261\n|switch|p1a: Pinky|Tapu Lele|91\/100\n|-fieldstart|move: Psychic Terrain|[from] ability: Psychic Surge|[of] p1a: Pinky\n|move|p2a: Clefable|Follow Me|p2a: Clefable\n|-singleturn|p2a: Clefable|move: Follow Me\n|move|p2b: Dragapult|Dragon Dance|p2b: Dragapult\n|-boost|p2b: Dragapult|atk|1\n|-boost|p2b: Dragapult|spe|1\n|move|p1b: Pepper|Tailwind|p1b: Pepper\n|-sidestart|p1: BYPPCloudy|move: Tailwind\n|\n|-weather|RainDance|[upkeep]\n|-heal|p2a: Clefable|42\/100|[from] item: Leftovers\n|upkeep\n|turn|22\n|\n|t:|1696290296\n|switch|p1b: hug me|Amoonguss, M|75\/100\n|move|p2a: Clefable|Follow Me|p2a: Clefable\n|-singleturn|p2a: Clefable|move: Follow Me\n|move|p2b: Dragapult|Dragon Dance|p2b: Dragapult\n|-boost|p2b: Dragapult|atk|1\n|-boost|p2b: Dragapult|spe|1\n|move|p1a: Pinky|Thunder|p2a: Clefable\n|-damage|p2a: Clefable|23\/100\n|-damage|p1a: Pinky|81\/100|[from] item: Life Orb\n|\n|-weather|RainDance|[upkeep]\n|-heal|p2a: Clefable|30\/100|[from] item: Leftovers\n|upkeep\n|turn|23\n|\n|t:|1696290334\n|move|p2a: Clefable|Protect|p2a: Clefable\n|-singleturn|p2a: Clefable|Protect\n|move|p2b: Dragapult|Phantom Force||[still]\n|-prepare|p2b: Dragapult|Phantom Force\n|move|p1a: Pinky|Thunder|p2a: Clefable\n|-activate|p2a: Clefable|move: Protect\n|move|p1b: hug me|Spore|p2a: Clefable\n|-activate|p2a: Clefable|move: Protect\n|\n|-weather|RainDance|[upkeep]\n|-heal|p2a: Clefable|36\/100|[from] item: Leftovers\n|upkeep\n|turn|24\n|\n|t:|1696290354\n|switch|p1a: Finn|Swampert-Mega, M|22\/100 slp\n|move|p2b: Dragapult|Phantom Force|p1a: Finn|[from]lockedmove\n|-damage|p1a: Finn|0 fnt\n|faint|p1a: Finn\n|move|p2a: Clefable|Cosmic Power|p2a: Clefable\n|-boost|p2a: Clefable|def|1\n|-boost|p2a: Clefable|spd|1\n|move|p1b: hug me|Spore|p2a: Clefable\n|-status|p2a: Clefable|slp|[from] move: Spore\n|\n|-weather|none\n|-heal|p2a: Clefable|42\/100 slp|[from] item: Leftovers\n|-sideend|p1: BYPPCloudy|move: Tailwind\n|upkeep\n|\n|t:|1696290368\n|switch|p1a: Pinky|Tapu Lele|81\/100\n|turn|25\n|\n|t:|1696290380\n|cant|p2a: Clefable|slp\n|move|p1b: hug me|Rage Powder|p1b: hug me\n|-singleturn|p1b: hug me|move: Rage Powder\n|move|p2b: Dragapult|Phantom Force||[still]\n|-prepare|p2b: Dragapult|Phantom Force\n|move|p1a: Pinky|Focus Blast|p2b: Dragapult|[miss]\n|-miss|p1a: Pinky|p2b: Dragapult\n|\n|-heal|p2a: Clefable|48\/100 slp|[from] item: Leftovers\n|-fieldend|move: Psychic Terrain\n|upkeep\n|turn|26\n|inactive|Battle timer is ON: inactive players will automatically lose when time's up. (requested by cezar pinto sujo)\n|\n|t:|1696290396\n|cant|p2a: Clefable|slp\n|move|p1b: hug me|Rage Powder|p1b: hug me\n|-singleturn|p1b: hug me|move: Rage Powder\n|move|p2b: Dragapult|Phantom Force|p1b: hug me|[from]lockedmove\n|-damage|p1b: hug me|0 fnt\n|faint|p1b: hug me\n|move|p1a: Pinky|Focus Blast|p2b: Dragapult\n|-supereffective|p2b: Dragapult\n|-damage|p2b: Dragapult|0 fnt\n|faint|p2b: Dragapult\n|-damage|p1a: Pinky|71\/100|[from] item: Life Orb\n|\n|-heal|p2a: Clefable|54\/100 slp|[from] item: Leftovers\n|upkeep\n|\n|t:|1696290413\n|switch|p2b: Oranguru|Oranguru, M|66\/100 slp\n|switch|p1b: Pepper|Pelipper, M|78\/100\n|-weather|RainDance|[from] ability: Drizzle|[of] p1b: Pepper\n|turn|27\n|inactive|BYPPCloudy has 120 seconds left.\n|\n|t:|1696290445\n|-terastallize|p1a: Pinky|Psychic\n|-curestatus|p2a: Clefable|slp|[msg]\n|move|p2a: Clefable|Follow Me|p2a: Clefable\n|-singleturn|p2a: Clefable|move: Follow Me\n|move|p1a: Pinky|Psyshock|p2a: Clefable\n|-damage|p2a: Clefable|30\/100\n|-damage|p1a: Pinky|61\/100|[from] item: Life Orb\n|move|p1b: Pepper|Hurricane|p2a: Clefable\n|-damage|p2a: Clefable|20\/100\n|-curestatus|p2b: Oranguru|slp|[msg]\n|move|p2b: Oranguru|Chilling Water|p1a: Pinky\n|-damage|p1a: Pinky|44\/100\n|-unboost|p1a: Pinky|atk|1\n|\n|-weather|RainDance|[upkeep]\n|-heal|p2b: Oranguru|72\/100|[from] item: Leftovers\n|-heal|p2a: Clefable|26\/100|[from] item: Leftovers\n|upkeep\n|turn|28\n|\n|t:|1696290468\n|move|p2a: Clefable|Protect|p2a: Clefable\n|-singleturn|p2a: Clefable|Protect\n|move|p1a: Pinky|Psyshock|p2a: Clefable\n|-activate|p2a: Clefable|move: Protect\n|move|p1b: Pepper|Scald|p2a: Clefable\n|-activate|p2a: Clefable|move: Protect\n|move|p2b: Oranguru|Chilling Water|p1a: Pinky\n|-damage|p1a: Pinky|27\/100\n|-unboost|p1a: Pinky|atk|1\n|\n|-weather|RainDance|[upkeep]\n|-heal|p2b: Oranguru|78\/100|[from] item: Leftovers\n|-heal|p2a: Clefable|32\/100|[from] item: Leftovers\n|upkeep\n|turn|29\n|\n|t:|1696290489\n|move|p2a: Clefable|Follow Me|p2a: Clefable\n|-singleturn|p2a: Clefable|move: Follow Me\n|move|p1a: Pinky|Psyshock|p2a: Clefable\n|-damage|p2a: Clefable|9\/100\n|-damage|p1a: Pinky|17\/100|[from] item: Life Orb\n|move|p1b: Pepper|Scald|p2a: Clefable\n|-damage|p2a: Clefable|0 fnt\n|faint|p2a: Clefable\n|move|p2b: Oranguru|Chilling Water|p1a: Pinky\n|-damage|p1a: Pinky|0 fnt\n|faint|p1a: Pinky\n|\n|-weather|RainDance|[upkeep]\n|-heal|p2b: Oranguru|85\/100|[from] item: Leftovers\n|upkeep\n|\n|t:|1696290505\n|switch|p1a: Pony|Kingdra, F|100\/100\n|turn|30\n|\n|t:|1696290517\n|move|p1a: Pony|Muddy Water|p2b: Oranguru\n|-damage|p2b: Oranguru|35\/100\n|move|p1b: Pepper|Hurricane|p2b: Oranguru\n|-damage|p2b: Oranguru|3\/100\n|-start|p2b: Oranguru|confusion\n|-activate|p2b: Oranguru|confusion\n|-damage|p2b: Oranguru|0 fnt|[from] confusion\n|faint|p2b: Oranguru\n|\n|win|BYPPCloudy\n|raw|BYPPCloudy's rating: 1090 &rarr; <strong>1112<\/strong><br \/>(+22 for winning)\n|raw|cezar pinto sujo's rating: 1032 &rarr; <strong>1020<\/strong><br \/>(-12 for losing)\n|l|\u2606cezar pinto sujo\n","uploadtime":1696290538,"views":17,"p1id":"byppcloudy","p2id":"cezarpintosujo","formatid":"gen9nationaldexdoubles","rating":1020,"private":0,"password":""}