{"id":"gen9nationaldexdoubles-1963327284","p1":"kitsu-aria","p2":"Old McBruh","format":"[Gen 9] National Dex Doubles","log":"|j|\u2606kitsu-aria\n|j|\u203dOld McBruh\n|t:|1696858094\n|gametype|doubles\n|player|p1|kitsu-aria|rocketgruntf|1561\n|player|p2|Old McBruh|colress|1421\n|teamsize|p1|6\n|teamsize|p2|6\n|gen|9\n|tier|[Gen 9] National Dex Doubles\n|rated|\n|rule|HP Percentage Mod: HP is shown in percentages\n|rule|Endless Battle Clause: Forcing endless battles is banned\n|rule|OHKO Clause: OHKO moves are banned\n|rule|Evasion Moves Clause: Evasion moves are banned\n|rule|Evasion Abilities Clause: Evasion abilities are banned\n|rule|Species Clause: Limit one of each Pok\u00e9mon\n|rule|Gravity Sleep Clause: The combination of sleep-inducing moves with imperfect accuracy and Gravity or Gigantamax Orbeetle are banned\n|clearpoke\n|poke|p1|Celesteela|\n|poke|p1|Garchomp, M|\n|poke|p1|Hippowdon, M|\n|poke|p1|Marshadow|\n|poke|p1|Amoonguss, F|\n|poke|p1|Tornadus, M|\n|poke|p2|Tyranitar, M|\n|poke|p2|Ogerpon-Cornerstone, F|\n|poke|p2|Excadrill, F|\n|poke|p2|Houndstone, F|\n|poke|p2|Whimsicott, M|\n|poke|p2|Hippowdon, F|\n|teampreview\n|\n|t:|1696858109\n|start\n|switch|p1a: Amoonguss|Amoonguss, F|100\/100\n|switch|p1b: Marshadow|Marshadow|100\/100\n|switch|p2a: Ogerpon|Ogerpon-Cornerstone, F|100\/100\n|switch|p2b: Hippowdon|Hippowdon, F|100\/100\n|-weather|Sandstorm|[from] ability: Sand Stream|[of] p2b: Hippowdon\n|turn|1\n|\n|t:|1696858136\n|move|p2a: Ogerpon|Spiky Shield|p2a: Ogerpon\n|-singleturn|p2a: Ogerpon|move: Protect\n|move|p1b: Marshadow|Close Combat|p2a: Ogerpon\n|-activate|p2a: Ogerpon|move: Protect\n|-damage|p1b: Marshadow|88\/100|[from] Spiky Shield|[of] p2a: Ogerpon\n|move|p2b: Hippowdon|Stealth Rock|p1a: Amoonguss\n|-sidestart|p1: kitsu-aria|move: Stealth Rock\n|move|p1a: Amoonguss|Sludge Bomb|p2a: Ogerpon\n|-activate|p2a: Ogerpon|move: Protect\n|\n|-weather|Sandstorm|[upkeep]\n|-damage|p1b: Marshadow|82\/100|[from] Sandstorm\n|-damage|p1a: Amoonguss|94\/100|[from] Sandstorm\n|upkeep\n|turn|2\n|\n|t:|1696858154\n|switch|p2a: Houndstone|Houndstone, F|100\/100\n|move|p1b: Marshadow|Close Combat|p2a: Houndstone\n|-immune|p2a: Houndstone\n|move|p1a: Amoonguss|Spore|p2b: Hippowdon\n|-status|p2b: Hippowdon|slp|[from] move: Spore\n|cant|p2b: Hippowdon|slp\n|\n|-weather|Sandstorm|[upkeep]\n|-damage|p1b: Marshadow|76\/100|[from] Sandstorm\n|-damage|p1a: Amoonguss|88\/100|[from] Sandstorm\n|upkeep\n|turn|3\n|\n|t:|1696858176\n|switch|p2b: Excadrill|Excadrill, F|100\/100\n|move|p1b: Marshadow|Protect|p1b: Marshadow\n|-singleturn|p1b: Marshadow|Protect\n|move|p2a: Houndstone|Psychic Fangs|p1a: Amoonguss\n|-supereffective|p1a: Amoonguss\n|-damage|p1a: Amoonguss|0 fnt\n|faint|p1a: Amoonguss\n|\n|-weather|Sandstorm|[upkeep]\n|-damage|p1b: Marshadow|69\/100|[from] Sandstorm\n|upkeep\n|\n|t:|1696858188\n|switch|p1a: Garchomp|Garchomp, M|100\/100\n|-damage|p1a: Garchomp|94\/100|[from] Stealth Rock\n|turn|4\n|\n|t:|1696858194\n|move|p2a: Houndstone|Psychic Fangs|p1b: Marshadow\n|-supereffective|p1b: Marshadow\n|-damage|p1b: Marshadow|0 fnt\n|faint|p1b: Marshadow\n|-zpower|p2b: Excadrill\n|move|p2b: Excadrill|Tectonic Rage|p1a: Garchomp|[zeffect]\n|-damage|p1a: Garchomp|0 fnt\n|faint|p1a: Garchomp\n|\n|-weather|Sandstorm|[upkeep]\n|upkeep\n|\n|t:|1696858209\n|switch|p1b: Hippowdon|Hippowdon, M|100\/100\n|switch|p1a: Celesteela|Celesteela|100\/100\n|-damage|p1a: Celesteela|88\/100|[from] Stealth Rock\n|-damage|p1b: Hippowdon|94\/100|[from] Stealth Rock\n|turn|5\n|\n|t:|1696858220\n|switch|p2a: Whimsicott|Whimsicott, M|100\/100\n|move|p2b: Excadrill|Swords Dance|p2b: Excadrill\n|-boost|p2b: Excadrill|atk|2\n|move|p1a: Celesteela|Autotomize|p1a: Celesteela\n|-boost|p1a: Celesteela|spe|2\n|-start|p1a: Celesteela|Autotomize\n|move|p1b: Hippowdon|Roar|p2a: Whimsicott\n|drag|p2a: Ogerpon|Ogerpon-Cornerstone, F|100\/100\n|\n|-weather|Sandstorm|[upkeep]\n|-heal|p1a: Celesteela|94\/100|[from] item: Leftovers\n|-heal|p1b: Hippowdon|100\/100|[from] item: Leftovers\n|upkeep\n|turn|6\n|\n|t:|1696858247\n|move|p2a: Ogerpon|Follow Me|p2a: Ogerpon\n|-singleturn|p2a: Ogerpon|move: Follow Me\n|move|p2b: Excadrill|Iron Head|p1b: Hippowdon\n|-damage|p1b: Hippowdon|34\/100\n|move|p1a: Celesteela|Air Slash|p2a: Ogerpon\n|-damage|p2a: Ogerpon|81\/100\n|move|p1b: Hippowdon|Yawn|p2a: Ogerpon\n|-start|p2a: Ogerpon|move: Yawn|[of] p1b: Hippowdon\n|\n|-weather|Sandstorm|[upkeep]\n|-heal|p1a: Celesteela|99\/100|[from] item: Leftovers\n|-heal|p1b: Hippowdon|40\/100|[from] item: Leftovers\n|upkeep\n|turn|7\n|\n|t:|1696858265\n|switch|p2a: Tyranitar|Tyranitar, M|100\/100\n|move|p2b: Excadrill|Iron Head|p1b: Hippowdon\n|-damage|p1b: Hippowdon|0 fnt\n|faint|p1b: Hippowdon\n|move|p1a: Celesteela|Air Slash|p2b: Excadrill\n|-resisted|p2b: Excadrill\n|-damage|p2b: Excadrill|82\/100\n|\n|-weather|Sandstorm|[upkeep]\n|-heal|p1a: Celesteela|100\/100|[from] item: Leftovers\n|upkeep\n|\n|t:|1696858272\n|switch|p1b: Tornadus|Tornadus, M|100\/100\n|-damage|p1b: Tornadus|76\/100|[from] Stealth Rock\n|turn|8\n|-message|kitsu-aria forfeited.\n|\n|win|Old McBruh\n|raw|kitsu-aria's rating: 1568 &rarr; <strong>1540<\/strong><br \/>(-28 for losing)\n|raw|Old McBruh's rating: 1421 &rarr; <strong>1449<\/strong><br \/>(+28 for winning)\n|l|\u2606kitsu-aria\n","uploadtime":1696858286,"views":13,"p1id":"kitsuaria","p2id":"oldmcbruh","formatid":"gen9nationaldexdoubles","rating":1449,"private":0,"password":""}