{"id":"gen9nationaldexdoubles-1999001237","p1":"FriedBeaver01","p2":"Theadonia","format":"[Gen 9] National Dex Doubles","log":"|j|\u2606FriedBeaver01\n|j|\u2606Theadonia\n|t:|1701022588\n|gametype|doubles\n|player|p1|FriedBeaver01|biker-gen4|1257\n|player|p2|Theadonia|roxie|1085\n|teamsize|p1|6\n|teamsize|p2|6\n|gen|9\n|tier|[Gen 9] National Dex Doubles\n|rated|\n|rule|HP Percentage Mod: HP is shown in percentages\n|rule|Endless Battle Clause: Forcing endless battles is banned\n|rule|OHKO Clause: OHKO moves are banned\n|rule|Evasion Moves Clause: Evasion moves are banned\n|rule|Evasion Abilities Clause: Evasion abilities are banned\n|rule|Species Clause: Limit one of each Pok\u00e9mon\n|rule|Gravity Sleep Clause: The combination of sleep-inducing moves with imperfect accuracy and Gravity or Gigantamax Orbeetle are banned\n|clearpoke\n|poke|p1|Abomasnow, M|\n|poke|p1|Mamoswine, M|\n|poke|p1|Cetitan, M|\n|poke|p1|Ninetales-Alola, M|\n|poke|p1|Rotom-Frost|\n|poke|p1|Aurorus, M|\n|poke|p2|Delphox, F|\n|poke|p2|Oricorio-Sensu, F|\n|poke|p2|Kommo-o, M|\n|poke|p2|Wailord, M|\n|poke|p2|Cresselia, F|\n|poke|p2|Ribombee, F|\n|teampreview\n|\n|t:|1701022593\n|start\n|switch|p1a: Ninetales|Ninetales-Alola, M, shiny|100\/100\n|switch|p1b: Cetitan|Cetitan, M, shiny|100\/100\n|switch|p2a: Delphox|Delphox, F, shiny|100\/100\n|switch|p2b: Oricorio|Oricorio-Sensu, F, shiny|100\/100\n|-weather|Snow|[from] ability: Snow Warning|[of] p1a: Ninetales\n|turn|1\n|\n|t:|1701022617\n|-terastallize|p1b: Cetitan|Water\n|move|p1b: Cetitan|Liquidation|p2a: Delphox\n|-supereffective|p2a: Delphox\n|-damage|p2a: Delphox|0 fnt\n|faint|p2a: Delphox\n|move|p1a: Ninetales|Aurora Veil|p1a: Ninetales\n|-sidestart|p1: FriedBeaver01|move: Aurora Veil\n|move|p2b: Oricorio|Quiver Dance|p2b: Oricorio\n|-boost|p2b: Oricorio|spa|1\n|-boost|p2b: Oricorio|spd|1\n|-boost|p2b: Oricorio|spe|1\n|\n|-weather|Snow|[upkeep]\n|upkeep\n|\n|t:|1701022622\n|switch|p2a: Ribombee|Ribombee, F|100\/100\n|turn|2\n|\n|t:|1701022640\n|-terastallize|p2b: Oricorio|Fairy\n|move|p1b: Cetitan|Icicle Spear|p2a: Ribombee\n|-damage|p2a: Ribombee|79\/100\n|-damage|p2a: Ribombee|57\/100\n|-damage|p2a: Ribombee|35\/100\n|-damage|p2a: Ribombee|10\/100\n|-damage|p2a: Ribombee|0 fnt\n|faint|p2a: Ribombee\n|-hitcount|p2: Ribombee|5\n|move|p1a: Ninetales|Nasty Plot|p1a: Ninetales\n|-boost|p1a: Ninetales|spa|2\n|move|p2b: Oricorio|Quiver Dance|p2b: Oricorio\n|-boost|p2b: Oricorio|spa|1\n|-boost|p2b: Oricorio|spd|1\n|-boost|p2b: Oricorio|spe|1\n|\n|-weather|Snow|[upkeep]\n|upkeep\n|\n|t:|1701022652\n|switch|p2a: Cresselia|Cresselia, F|100\/100\n|turn|3\n|\n|t:|1701022678\n|move|p1b: Cetitan|Liquidation|p2b: Oricorio\n|-crit|p2b: Oricorio\n|-damage|p2b: Oricorio|51\/100\n|move|p2b: Oricorio|Quiver Dance|p2b: Oricorio\n|-boost|p2b: Oricorio|spa|1\n|-boost|p2b: Oricorio|spd|1\n|-boost|p2b: Oricorio|spe|1\n|move|p1a: Ninetales|Blizzard|p2b: Oricorio|[spread] p2a,p2b\n|-damage|p2a: Cresselia|58\/100\n|-damage|p2b: Oricorio|20\/100\n|-enditem|p2b: Oricorio|Aguav Berry|[eat]\n|-heal|p2b: Oricorio|53\/100|[from] item: Aguav Berry\n|move|p2a: Cresselia|Psych Up|p2b: Oricorio\n|-copyboost|p2a: Cresselia|p2b: Oricorio|[from] move: Psych Up\n|\n|-weather|Snow|[upkeep]\n|-heal|p2a: Cresselia|64\/100|[from] item: Leftovers\n|upkeep\n|turn|4\n|inactive|Battle timer is ON: inactive players will automatically lose when time's up. (requested by FriedBeaver01)\n|\n|t:|1701022706\n|move|p2b: Oricorio|Baton Pass|p2b: Oricorio\n|\n|t:|1701022710\n|switch|p2b: Wailord|Wailord, M, shiny|100\/100|[from] Baton Pass\n|-ability|p2b: Wailord|Pressure\n|move|p1b: Cetitan|Liquidation|p2b: Wailord\n|-resisted|p2b: Wailord\n|-damage|p2b: Wailord|75\/100\n|-unboost|p2b: Wailord|def|1\n|move|p2a: Cresselia|Stored Power|p1b: Cetitan\n|-damage|p1b: Cetitan|0 fnt\n|faint|p1b: Cetitan\n|move|p1a: Ninetales|Blizzard|p2a: Cresselia|[spread] p2a,p2b\n|-crit|p2a: Cresselia\n|-resisted|p2b: Wailord\n|-damage|p2a: Cresselia|4\/100\n|-damage|p2b: Wailord|60\/100\n|-status|p2b: Wailord|frz\n|\n|-weather|Snow|[upkeep]\n|-heal|p2a: Cresselia|10\/100|[from] item: Leftovers\n|-heal|p2b: Wailord|66\/100 frz|[from] item: Leftovers\n|upkeep\n|inactive|FriedBeaver01 has 120 seconds left.\n|\n|t:|1701022763\n|switch|p1b: Aurorus|Aurorus, M, shiny|100\/100\n|turn|5\n|inactive|FriedBeaver01 has 120 seconds left.\n|\n|t:|1701022773\n|move|p1b: Aurorus|Protect|p1b: Aurorus\n|-singleturn|p1b: Aurorus|Protect\n|move|p2a: Cresselia|Lunar Blessing|p2a: Cresselia|[spread] p2a,p2b\n|-heal|p2a: Cresselia|35\/100\n|-heal|p2b: Wailord|91\/100 frz\n|-curestatus|p2b: Wailord|frz|[msg]\n|move|p2b: Wailord|Water Spout|p1b: Aurorus|[spread] p1a\n|-activate|p1b: Aurorus|move: Protect\n|-damage|p1a: Ninetales|4\/100\n|move|p1a: Ninetales|Blizzard|p2a: Cresselia|[spread] p2a,p2b\n|-resisted|p2b: Wailord\n|-damage|p2a: Cresselia|18\/100\n|-damage|p2b: Wailord|76\/100\n|\n|-weather|none\n|-heal|p2a: Cresselia|24\/100|[from] item: Leftovers\n|-heal|p2b: Wailord|82\/100|[from] item: Leftovers\n|-sideend|p1: FriedBeaver01|move: Aurora Veil\n|upkeep\n|turn|6\n|inactive|FriedBeaver01 has 120 seconds left.\n|\n|t:|1701022801\n|move|p2a: Cresselia|Lunar Blessing|p2a: Cresselia|[spread] p2a,p2b\n|-heal|p2a: Cresselia|49\/100\n|-heal|p2b: Wailord|100\/100\n|move|p2b: Wailord|Water Spout|p1b: Aurorus|[spread] p1a,p1b\n|-supereffective|p1b: Aurorus\n|-damage|p1a: Ninetales|0 fnt\n|-damage|p1b: Aurorus|0 fnt\n|faint|p1a: Ninetales\n|faint|p1b: Aurorus\n|\n|-heal|p2a: Cresselia|55\/100|[from] item: Leftovers\n|upkeep\n|inactive|FriedBeaver01 has 120 seconds left.\n|\n|t:|1701022812\n|switch|p1a: Rotom|Rotom-Frost, shiny|100\/100\n|switch|p1b: Abomasnow|Abomasnow, M, shiny|100\/100\n|-weather|Snow|[from] ability: Snow Warning|[of] p1b: Abomasnow\n|turn|7\n|inactive|FriedBeaver01 has 120 seconds left.\n|\n|t:|1701022835\n|detailschange|p1b: Abomasnow|Abomasnow-Mega, M, shiny\n|-mega|p1b: Abomasnow|Abomasnow|Abomasite\n|move|p2a: Cresselia|Stored Power|p1b: Abomasnow\n|-damage|p1b: Abomasnow|0 fnt\n|faint|p1b: Abomasnow\n|move|p2b: Wailord|Water Spout|p1a: Rotom\n|-damage|p1a: Rotom|0 fnt\n|faint|p1a: Rotom\n|\n|-weather|Snow|[upkeep]\n|-heal|p2a: Cresselia|62\/100|[from] item: Leftovers\n|upkeep\n|inactive|FriedBeaver01 has 120 seconds left.\n|-message|FriedBeaver01 forfeited.\n|\n|win|Theadonia\n|raw|FriedBeaver01's rating: 1257 &rarr; <strong>1221<\/strong><br \/>(-36 for losing)\n|raw|Theadonia's rating: 1085 &rarr; <strong>1125<\/strong><br \/>(+40 for winning)\n|l|\u2606FriedBeaver01\n","uploadtime":1701022855,"views":5,"p1id":"friedbeaver01","p2id":"theadonia","formatid":"gen9nationaldexdoubles","rating":1125,"private":0,"password":""}