{"id":"gen9nationaldexdoubles-1966613691","p1":"lxvliiz","p2":"kooflah","format":"[Gen 9] National Dex Doubles","log":"|j|\u2606lxvliiz\n|j|\u2606kooflah\n|t:|1697207676\n|gametype|doubles\n|player|p1|lxvliiz|266|1018\n|player|p2|kooflah|170|1286\n|teamsize|p1|6\n|teamsize|p2|6\n|gen|9\n|tier|[Gen 9] National Dex Doubles\n|rated|\n|rule|HP Percentage Mod: HP is shown in percentages\n|rule|Endless Battle Clause: Forcing endless battles is banned\n|rule|OHKO Clause: OHKO moves are banned\n|rule|Evasion Moves Clause: Evasion moves are banned\n|rule|Evasion Abilities Clause: Evasion abilities are banned\n|rule|Species Clause: Limit one of each Pok\u00e9mon\n|rule|Gravity Sleep Clause: The combination of sleep-inducing moves with imperfect accuracy and Gravity or Gigantamax Orbeetle are banned\n|clearpoke\n|poke|p1|Charizard, F|\n|poke|p1|Torkoal, M|\n|poke|p1|Lilligant-Hisui, F|\n|poke|p1|Rillaboom, F|\n|poke|p1|Sinistcha-Masterpiece|\n|poke|p1|Volcarona, F|\n|poke|p2|Gardevoir, M|\n|poke|p2|Thundurus, M|\n|poke|p2|Landorus-Therian, M|\n|poke|p2|Ting-Lu|\n|poke|p2|Chi-Yu|\n|poke|p2|Sinistcha-Masterpiece|\n|teampreview\n|j| goodturnoutforthe\n|\n|t:|1697207692\n|start\n|switch|p1a: Torkoal|Torkoal, M|100\/100\n|switch|p1b: Lilligant|Lilligant-Hisui, F|100\/100\n|switch|p2a: Thundurus|Thundurus, M|100\/100\n|switch|p2b: Landorus|Landorus-Therian, M|100\/100\n|-ability|p2b: Landorus|Intimidate|boost\n|-unboost|p1a: Torkoal|atk|1\n|-unboost|p1b: Lilligant|atk|1\n|-weather|SunnyDay|[from] ability: Drought|[of] p1a: Torkoal\n|turn|1\n|\n|t:|1697207711\n|move|p1b: Lilligant|Solar Blade||[still]\n|-prepare|p1b: Lilligant|Solar Blade\n|-anim|p1b: Lilligant|Solar Blade|p2b: Landorus\n|-damage|p2b: Landorus|41\/100\n|move|p2b: Landorus|Stone Edge|p1a: Torkoal\n|-supereffective|p1a: Torkoal\n|-damage|p1a: Torkoal|45\/100\n|move|p2a: Thundurus|Thunderbolt|p1a: Torkoal\n|-damage|p1a: Torkoal|0 fnt\n|faint|p1a: Torkoal\n|\n|-weather|SunnyDay|[upkeep]\n|upkeep\n|\n|t:|1697207722\n|switch|p1a: Volcarona|Volcarona, F|100\/100\n|turn|2\n|\n|t:|1697207731\n|move|p1a: Volcarona|Rage Powder|p1a: Volcarona\n|-singleturn|p1a: Volcarona|move: Rage Powder\n|move|p1b: Lilligant|Solar Blade||[still]\n|-prepare|p1b: Lilligant|Solar Blade\n|-anim|p1b: Lilligant|Solar Blade|p2b: Landorus\n|-damage|p2b: Landorus|0 fnt\n|faint|p2b: Landorus\n|move|p2a: Thundurus|Thunderbolt|p1a: Volcarona\n|-damage|p1a: Volcarona|69\/100\n|\n|-weather|SunnyDay|[upkeep]\n|upkeep\n|\n|t:|1697207742\n|switch|p2b: Ting-Lu|Ting-Lu|100\/100\n|-ability|p2b: Ting-Lu|Vessel of Ruin\n|turn|3\n|\n|t:|1697207757\n|-terastallize|p1b: Lilligant|Grass\n|move|p1a: Volcarona|Rage Powder|p1a: Volcarona\n|-singleturn|p1a: Volcarona|move: Rage Powder\n|move|p1b: Lilligant|Solar Blade||[still]\n|-prepare|p1b: Lilligant|Solar Blade\n|-anim|p1b: Lilligant|Solar Blade|p2b: Ting-Lu\n|-supereffective|p2b: Ting-Lu\n|-damage|p2b: Ting-Lu|44\/100\n|move|p2a: Thundurus|Thunderbolt|p1a: Volcarona\n|-damage|p1a: Volcarona|45\/100\n|move|p2b: Ting-Lu|Stone Edge|p1a: Volcarona|[miss]\n|-miss|p2b: Ting-Lu|p1a: Volcarona\n|\n|-weather|SunnyDay|[upkeep]\n|upkeep\n|turn|4\n|\n|t:|1697207776\n|move|p1b: Lilligant|Solar Blade||[still]\n|-prepare|p1b: Lilligant|Solar Blade\n|-anim|p1b: Lilligant|Solar Blade|p2b: Ting-Lu\n|-supereffective|p2b: Ting-Lu\n|-damage|p2b: Ting-Lu|0 fnt\n|faint|p2b: Ting-Lu\n|move|p2a: Thundurus|U-turn|p1a: Volcarona\n|-resisted|p1a: Volcarona\n|-damage|p1a: Volcarona|35\/100\n|\n|t:|1697207784\n|switch|p2a: Gardevoir|Gardevoir, M, shiny|100\/100|[from] U-turn\n|move|p1a: Volcarona|Morning Sun|p1a: Volcarona\n|-heal|p1a: Volcarona|100\/100\n|\n|-weather|SunnyDay|[upkeep]\n|upkeep\n|\n|t:|1697207792\n|switch|p2b: Sinistcha|Sinistcha-Masterpiece, shiny|100\/100\n|turn|5\n|\n|t:|1697207800\n|detailschange|p2a: Gardevoir|Gardevoir-Mega, M, shiny\n|-mega|p2a: Gardevoir|Gardevoir|Gardevoirite\n|move|p1a: Volcarona|Rage Powder|p1a: Volcarona\n|-singleturn|p1a: Volcarona|move: Rage Powder\n|move|p2b: Sinistcha|Rage Powder|p2b: Sinistcha\n|-singleturn|p2b: Sinistcha|move: Rage Powder\n|move|p1b: Lilligant|Seed Bomb|p2a: Gardevoir\n|-damage|p2a: Gardevoir|26\/100\n|move|p2a: Gardevoir|Hyper Voice|p1b: Lilligant|[spread] p1a,p1b\n|-resisted|p1a: Volcarona\n|-damage|p1a: Volcarona|84\/100\n|-damage|p1b: Lilligant|19\/100\n|\n|-weather|none\n|upkeep\n|turn|6\n|\n|t:|1697207837\n|switch|p1b: Sinistcha|Sinistcha-Masterpiece|100\/100\n|-heal|p1a: Volcarona|100\/100|[from] ability: Hospitality|[of] p1b: Sinistcha\n|move|p1a: Volcarona|Protect|p1a: Volcarona\n|-singleturn|p1a: Volcarona|Protect\n|move|p2b: Sinistcha|Rage Powder|p2b: Sinistcha\n|-singleturn|p2b: Sinistcha|move: Rage Powder\n|move|p2a: Gardevoir|Hyper Voice|p1b: Sinistcha|[spread] p1b\n|-activate|p1a: Volcarona|move: Protect\n|-damage|p1b: Sinistcha|42\/100\n|\n|-heal|p1b: Sinistcha|48\/100|[from] item: Leftovers\n|upkeep\n|turn|7\n|\n|t:|1697207854\n|move|p2b: Sinistcha|Rage Powder|p2b: Sinistcha\n|-singleturn|p2b: Sinistcha|move: Rage Powder\n|move|p2a: Gardevoir|Hyper Voice|p1b: Sinistcha|[spread] p1a,p1b\n|-resisted|p1a: Volcarona\n|-damage|p1a: Volcarona|85\/100\n|-damage|p1b: Sinistcha|0 fnt\n|faint|p1b: Sinistcha\n|move|p1a: Volcarona|Leech Life|p2b: Sinistcha\n|-damage|p2b: Sinistcha|90\/100\n|-heal|p1a: Volcarona|90\/100|[from] drain|[of] p2b: Sinistcha\n|\n|upkeep\n|\n|t:|1697207864\n|switch|p1b: Charizard|Charizard, F|100\/100\n|turn|8\n|\n|t:|1697207874\n|switch|p2a: Thundurus|Thundurus, M|100\/100\n|detailschange|p1b: Charizard|Charizard-Mega-Y, F\n|-mega|p1b: Charizard|Charizard|Charizardite Y\n|-weather|SunnyDay|[from] ability: Drought|[of] p1b: Charizard\n|move|p1a: Volcarona|Rage Powder|p1a: Volcarona\n|-singleturn|p1a: Volcarona|move: Rage Powder\n|move|p2b: Sinistcha|Rage Powder|p2b: Sinistcha\n|-singleturn|p2b: Sinistcha|move: Rage Powder\n|move|p1b: Charizard|Flamethrower|p2b: Sinistcha\n|-supereffective|p2b: Sinistcha\n|-damage|p2b: Sinistcha|0 fnt\n|faint|p2b: Sinistcha\n|\n|-weather|SunnyDay|[upkeep]\n|upkeep\n|\n|t:|1697207887\n|switch|p2b: Chi-Yu|Chi-Yu|100\/100\n|-ability|p2b: Chi-Yu|Beads of Ruin\n|turn|9\n|\n|t:|1697207899\n|move|p1a: Volcarona|Rage Powder|p1a: Volcarona\n|-singleturn|p1a: Volcarona|move: Rage Powder\n|move|p2a: Thundurus|Thunderbolt|p1a: Volcarona\n|-damage|p1a: Volcarona|47\/100\n|move|p2b: Chi-Yu|Dark Pulse|p1a: Volcarona\n|-damage|p1a: Volcarona|0 fnt\n|faint|p1a: Volcarona\n|-damage|p2b: Chi-Yu|91\/100|[from] item: Life Orb\n|move|p1b: Charizard|Flamethrower|p2a: Thundurus\n|-damage|p2a: Thundurus|0 fnt\n|faint|p2a: Thundurus\n|\n|-weather|SunnyDay|[upkeep]\n|upkeep\n|inactive|Battle timer is ON: inactive players will automatically lose when time's up. (requested by kooflah)\n|\n|t:|1697207911\n|switch|p2a: Gardevoir|Gardevoir-Mega, M, shiny|26\/100\n|switch|p1a: Lilligant|Lilligant-Hisui, F, tera:Grass|19\/100\n|turn|10\n|\n|t:|1697207921\n|move|p2a: Gardevoir|Protect|p2a: Gardevoir\n|-singleturn|p2a: Gardevoir|Protect\n|move|p1a: Lilligant|Seed Bomb|p2a: Gardevoir\n|-activate|p2a: Gardevoir|move: Protect\n|move|p2b: Chi-Yu|Heat Wave|p1a: Lilligant|[spread] p1a,p1b\n|-supereffective|p1a: Lilligant\n|-resisted|p1b: Charizard\n|-damage|p1a: Lilligant|0 fnt\n|-damage|p1b: Charizard|50\/100\n|faint|p1a: Lilligant\n|-damage|p2b: Chi-Yu|81\/100|[from] item: Life Orb\n|move|p1b: Charizard|Flamethrower|p2b: Chi-Yu\n|-resisted|p2b: Chi-Yu\n|-damage|p2b: Chi-Yu|32\/100\n|\n|-weather|SunnyDay|[upkeep]\n|upkeep\n|\n|t:|1697207935\n|switch|p1a: Rillaboom|Rillaboom, F|100\/100\n|-fieldstart|move: Grassy Terrain|[from] ability: Grassy Surge|[of] p1a: Rillaboom\n|-enditem|p1a: Rillaboom|Grassy Seed\n|-boost|p1a: Rillaboom|def|1|[from] item: Grassy Seed\n|turn|11\n|\n|t:|1697207949\n|-terastallize|p2b: Chi-Yu|Grass\n|move|p1a: Rillaboom|Grassy Glide|p2b: Chi-Yu\n|-resisted|p2b: Chi-Yu\n|-damage|p2b: Chi-Yu|4\/100\n|move|p2a: Gardevoir|Hyper Voice|p1a: Rillaboom|[spread] p1a,p1b\n|-resisted|p1b: Charizard\n|-damage|p1a: Rillaboom|12\/100\n|-damage|p1b: Charizard|16\/100\n|move|p2b: Chi-Yu|Heat Wave|p1a: Rillaboom|[spread] p1b\n|-miss|p2b: Chi-Yu|p1a: Rillaboom\n|-resisted|p1b: Charizard\n|-damage|p1b: Charizard|0 fnt\n|faint|p1b: Charizard\n|-damage|p2b: Chi-Yu|0 fnt|[from] item: Life Orb\n|faint|p2b: Chi-Yu\n|\n|-weather|SunnyDay|[upkeep]\n|-heal|p2a: Gardevoir|32\/100|[from] Grassy Terrain\n|-heal|p1a: Rillaboom|18\/100|[from] Grassy Terrain\n|upkeep\n|turn|12\n|\n|t:|1697207968\n|move|p2a: Gardevoir|Protect|p2a: Gardevoir\n|-singleturn|p2a: Gardevoir|Protect\n|move|p1a: Rillaboom|Grassy Glide|p2a: Gardevoir\n|-activate|p2a: Gardevoir|move: Protect\n|\n|-weather|none\n|-heal|p2a: Gardevoir|38\/100|[from] Grassy Terrain\n|-heal|p1a: Rillaboom|24\/100|[from] Grassy Terrain\n|upkeep\n|turn|13\n|\n|t:|1697207977\n|move|p1a: Rillaboom|Grassy Glide|p2a: Gardevoir\n|-damage|p2a: Gardevoir|0 fnt\n|faint|p2a: Gardevoir\n|\n|win|lxvliiz\n|raw|lxvliiz's rating: 1018 &rarr; <strong>1079<\/strong><br \/>(+61 for winning)\n|raw|kooflah's rating: 1286 &rarr; <strong>1245<\/strong><br \/>(-41 for losing)\n|l|\u2606kooflah\n","uploadtime":1697207982,"views":13,"p1id":"lxvliiz","p2id":"kooflah","formatid":"gen9nationaldexdoubles","rating":1079,"private":0,"password":""}