{"id":"gen9nationaldexdoubles-1988425391","p1":"GenerallGrievous","p2":"yogodragon","format":"[Gen 9] National Dex Doubles","log":"|j|\u2606GenerallGrievous\n|j|\u2606yogodragon\n|t:|1699721573\n|gametype|doubles\n|player|p1|GenerallGrievous|fantina|1169\n|player|p2|yogodragon|swimmerf-gen4dp|1117\n|teamsize|p1|6\n|teamsize|p2|6\n|gen|9\n|tier|[Gen 9] National Dex Doubles\n|rated|\n|rule|HP Percentage Mod: HP is shown in percentages\n|rule|Endless Battle Clause: Forcing endless battles is banned\n|rule|OHKO Clause: OHKO moves are banned\n|rule|Evasion Moves Clause: Evasion moves are banned\n|rule|Evasion Abilities Clause: Evasion abilities are banned\n|rule|Species Clause: Limit one of each Pok\u00e9mon\n|rule|Gravity Sleep Clause: The combination of sleep-inducing moves with imperfect accuracy and Gravity or Gigantamax Orbeetle are banned\n|clearpoke\n|poke|p1|Oricorio-Pom-Pom, F|\n|poke|p1|Volcarona, M|\n|poke|p1|Flamigo, M|\n|poke|p1|Fezandipiti, M|\n|poke|p1|Amoonguss, M|\n|poke|p1|Flutter Mane|\n|poke|p2|Charizard, F|\n|poke|p2|Leafeon, M|\n|poke|p2|Blacephalon|\n|poke|p2|Ninetales, F|\n|poke|p2|Murkrow, F|\n|poke|p2|Ceruledge, F|\n|teampreview\n|l|\u2606yogodragon\n|player|p2|\n|inactive|Battle timer is ON: inactive players will automatically lose when time's up. (requested by GenerallGrievous)\n|inactive|yogodragon has 30 seconds to reconnect!\n|inactive|yogodragon has 20 seconds to reconnect!\n|j|\u2606yogodragon\n|inactive|yogodragon reconnected and has 110 seconds left.\n|player|p2|yogodragon|swimmerf-gen4dp\n|\n|t:|1699721647\n|start\n|switch|p1a: Danceee|Oricorio-Pom-Pom, F, shiny|100\/100\n|switch|p1b: Solana|Volcarona, M|100\/100\n|switch|p2a: Ninetales|Ninetales, F, shiny|100\/100\n|switch|p2b: Murkrow|Murkrow, F, shiny|100\/100\n|-weather|SunnyDay|[from] ability: Drought|[of] p2a: Ninetales\n|turn|1\n|\n|t:|1699721665\n|move|p2b: Murkrow|Tailwind|p2b: Murkrow\n|-sidestart|p2: yogodragon|move: Tailwind\n|move|p2a: Ninetales|Memento|p1b: Solana\n|-unboost|p1b: Solana|atk|2\n|-unboost|p1b: Solana|spa|2\n|faint|p2a: Ninetales\n|move|p1b: Solana|Quiver Dance|p1b: Solana\n|-boost|p1b: Solana|spa|1\n|-boost|p1b: Solana|spd|1\n|-boost|p1b: Solana|spe|1\n|-activate|p1a: Danceee|ability: Dancer\n|move|p1a: Danceee|Quiver Dance|p1a: Danceee|[from]ability: Dancer\n|-boost|p1a: Danceee|spa|1\n|-boost|p1a: Danceee|spd|1\n|-boost|p1a: Danceee|spe|1\n|move|p1a: Danceee|Quiver Dance|p1a: Danceee\n|-boost|p1a: Danceee|spa|1\n|-boost|p1a: Danceee|spd|1\n|-boost|p1a: Danceee|spe|1\n|\n|-weather|SunnyDay|[upkeep]\n|upkeep\n|inactive|yogodragon has 120 seconds left.\n|\n|t:|1699721686\n|switch|p2a: Blacephalon|Blacephalon, shiny|100\/100\n|turn|2\n|\n|t:|1699721694\n|-terastallize|p2a: Blacephalon|Fire\n|move|p1a: Danceee|Protect|p1a: Danceee\n|-singleturn|p1a: Danceee|Protect\n|move|p2a: Blacephalon|Mind Blown|p1b: Solana|[spread] p2b,p1b\n|-activate|p1a: Danceee|move: Protect\n|-damage|p2b: Murkrow|0 fnt\n|-damage|p1b: Solana|19\/100\n|-damage|p2a: Blacephalon|50\/100|[from] mindblown\n|faint|p2b: Murkrow\n|-ability|p2a: Blacephalon|Beast Boost|boost\n|-boost|p2a: Blacephalon|spa|1\n|move|p1b: Solana|Quiver Dance|p1b: Solana\n|-boost|p1b: Solana|spa|1\n|-boost|p1b: Solana|spd|1\n|-boost|p1b: Solana|spe|1\n|-activate|p1a: Danceee|ability: Dancer\n|move|p1a: Danceee|Quiver Dance|p1a: Danceee|[from]ability: Dancer\n|-boost|p1a: Danceee|spa|1\n|-boost|p1a: Danceee|spd|1\n|-boost|p1a: Danceee|spe|1\n|\n|-weather|SunnyDay|[upkeep]\n|-heal|p2a: Blacephalon|57\/100|[from] item: Leftovers\n|-heal|p1b: Solana|25\/100|[from] item: Leftovers\n|upkeep\n|inactive|yogodragon has 120 seconds left.\n|\n|t:|1699721720\n|switch|p2b: Ceruledge|Ceruledge, F, shiny|100\/100\n|turn|3\n|\n|t:|1699721743\n|move|p2a: Blacephalon|Mind Blown|p1b: Solana|[spread] p1a,p1b\n|-start|p2b: Ceruledge|ability: Flash Fire\n|-enditem|p1a: Danceee|Focus Sash\n|-damage|p1a: Danceee|1\/100\n|-damage|p1b: Solana|0 fnt\n|-damage|p2a: Blacephalon|7\/100|[from] mindblown\n|faint|p1b: Solana\n|-ability|p2a: Blacephalon|Beast Boost|boost\n|-boost|p2a: Blacephalon|spa|1\n|move|p1a: Danceee|Revelation Dance|p2b: Ceruledge\n|-damage|p2b: Ceruledge|23\/100\n|-enditem|p2b: Ceruledge|Aguav Berry|[eat]\n|-heal|p2b: Ceruledge|57\/100|[from] item: Aguav Berry\n|move|p2b: Ceruledge|Bulk Up|p2b: Ceruledge\n|-boost|p2b: Ceruledge|atk|1\n|-boost|p2b: Ceruledge|def|1\n|\n|-weather|SunnyDay|[upkeep]\n|-heal|p2a: Blacephalon|13\/100|[from] item: Leftovers\n|upkeep\n|inactive|GenerallGrievous has 120 seconds left.\n|\n|t:|1699721766\n|switch|p1b: Pinky|Flamigo, M|100\/100\n|-copyboost|p1b: Pinky|p1a: Danceee|[from] ability: Costar\n|turn|4\n|\n|t:|1699721784\n|move|p1a: Danceee|Protect|p1a: Danceee\n|-singleturn|p1a: Danceee|Protect\n|move|p1b: Pinky|Water Pulse|p2b: Ceruledge\n|-supereffective|p2b: Ceruledge\n|-damage|p2b: Ceruledge|24\/100\n|move|p2a: Blacephalon|Heat Wave|p1b: Pinky|[spread] p1b\n|-activate|p1a: Danceee|move: Protect\n|-enditem|p1b: Pinky|Focus Sash\n|-damage|p1b: Pinky|1\/100\n|move|p2b: Ceruledge|Flare Blitz|p1b: Pinky\n|-damage|p1b: Pinky|0 fnt\n|faint|p1b: Pinky\n|-damage|p2b: Ceruledge|24\/100|[from] Recoil\n|\n|-weather|SunnyDay|[upkeep]\n|-heal|p2a: Blacephalon|19\/100|[from] item: Leftovers\n|-sideend|p2: yogodragon|move: Tailwind\n|upkeep\n|inactive|GenerallGrievous has 120 seconds left.\n|\n|t:|1699721806\n|switch|p1b: Spoopy|Flutter Mane|100\/100\n|-activate|p1b: Spoopy|ability: Protosynthesis\n|-start|p1b: Spoopy|protosynthesisspe\n|turn|5\n|\n|t:|1699721826\n|move|p1b: Spoopy|Dazzling Gleam|p2b: Ceruledge|[spread] p2a,p2b\n|-resisted|p2a: Blacephalon\n|-resisted|p2b: Ceruledge\n|-damage|p2a: Blacephalon|0 fnt\n|-damage|p2b: Ceruledge|3\/100\n|faint|p2a: Blacephalon\n|-damage|p1b: Spoopy|91\/100|[from] item: Life Orb\n|move|p1a: Danceee|Revelation Dance|p2b: Ceruledge\n|-damage|p2b: Ceruledge|0 fnt\n|faint|p2b: Ceruledge\n|\n|-weather|none\n|-end|p1b: Spoopy|Protosynthesis\n|upkeep\n|\n|t:|1699721841\n|switch|p2a: Charizard|Charizard, F, shiny|100\/100\n|switch|p2b: Leafeon|Leafeon, M, shiny|100\/100\n|turn|6\n|\n|t:|1699721859\n|detailschange|p2a: Charizard|Charizard-Mega-Y, F, shiny\n|-mega|p2a: Charizard|Charizard|Charizardite Y\n|-weather|SunnyDay|[from] ability: Drought|[of] p2a: Charizard\n|-activate|p1b: Spoopy|ability: Protosynthesis\n|-start|p1b: Spoopy|protosynthesisspe\n|move|p1b: Spoopy|Mystical Fire|p2b: Leafeon\n|-supereffective|p2b: Leafeon\n|-enditem|p2b: Leafeon|Focus Sash\n|-damage|p2b: Leafeon|1\/100\n|-unboost|p2b: Leafeon|spa|1\n|-damage|p1b: Spoopy|81\/100|[from] item: Life Orb\n|move|p2b: Leafeon|Solar Blade||[still]\n|-prepare|p2b: Leafeon|Solar Blade\n|-anim|p2b: Leafeon|Solar Blade|p1b: Spoopy\n|-damage|p1b: Spoopy|0 fnt\n|faint|p1b: Spoopy\n|-end|p1b: Spoopy|Protosynthesis|[silent]\n|move|p1a: Danceee|Revelation Dance|p2a: Charizard\n|-supereffective|p2a: Charizard\n|-damage|p2a: Charizard|0 fnt\n|faint|p2a: Charizard\n|\n|-weather|SunnyDay|[upkeep]\n|upkeep\n|inactive|GenerallGrievous has 120 seconds left.\n|\n|t:|1699721884\n|switch|p1b: Sus|Amoonguss, M|100\/100\n|turn|7\n|\n|t:|1699721897\n|move|p1a: Danceee|Protect|p1a: Danceee\n|-singleturn|p1a: Danceee|Protect\n|move|p2b: Leafeon|Solar Blade||[still]\n|-prepare|p2b: Leafeon|Solar Blade\n|-anim|p2b: Leafeon|Solar Blade|p1b: Sus\n|-resisted|p1b: Sus\n|-damage|p1b: Sus|88\/100\n|move|p1b: Sus|Pollen Puff|p2b: Leafeon\n|-supereffective|p2b: Leafeon\n|-damage|p2b: Leafeon|0 fnt\n|faint|p2b: Leafeon\n|\n|win|GenerallGrievous\n|raw|GenerallGrievous's rating: 1169 &rarr; <strong>1190<\/strong><br \/>(+21 for winning)\n|raw|yogodragon's rating: 1117 &rarr; <strong>1096<\/strong><br \/>(-21 for losing)\n|c|\u2606GenerallGrievous|wowza\n|l|\u2606yogodragon\n|c|\u2606GenerallGrievous|well done\n","uploadtime":1699721923,"views":5,"p1id":"generallgrievous","p2id":"yogodragon","formatid":"gen9nationaldexdoubles","rating":1096,"private":0,"password":""}