{"id":"gen9nationaldexdoubles-1978383106","p1":"Datagne","p2":"Relleth","format":"[Gen 9] National Dex Doubles","log":"|j|\u2606Datagne\n|j|\u2606Relleth\n|t:|1698531943\n|gametype|doubles\n|player|p1|Datagne|will|\n|player|p2|Relleth|wallace|\n|teamsize|p1|6\n|teamsize|p2|6\n|gen|9\n|tier|[Gen 9] National Dex Doubles\n|rule|HP Percentage Mod: HP is shown in percentages\n|rule|Endless Battle Clause: Forcing endless battles is banned\n|rule|OHKO Clause: OHKO moves are banned\n|rule|Evasion Moves Clause: Evasion moves are banned\n|rule|Evasion Abilities Clause: Evasion abilities are banned\n|rule|Species Clause: Limit one of each Pok\u00e9mon\n|rule|Gravity Sleep Clause: The combination of sleep-inducing moves with imperfect accuracy and Gravity or Gigantamax Orbeetle are banned\n|clearpoke\n|poke|p1|Kingambit, M|\n|poke|p1|Clodsire, F|\n|poke|p1|Basculegion-F, F|\n|poke|p1|Great Tusk|\n|poke|p1|Overqwil, F|\n|poke|p1|Klefki, M|\n|poke|p2|Grimmsnarl, M|\n|poke|p2|Mew|\n|poke|p2|Iron Thorns|\n|poke|p2|Pincurchin, F|\n|poke|p2|Sneasler, F|\n|poke|p2|Chi-Yu|\n|teampreview\n|j| SgtSmilies\n|j| 2wb\n|\n|t:|1698531969\n|start\n|switch|p1a: Jingles|Klefki, M|100\/100\n|switch|p1b: Rusty Knife|Basculegion-F, F|100\/100\n|switch|p2a: Iron Mirage|Mew|100\/100\n|switch|p2b: Golden Fish|Chi-Yu|100\/100\n|-ability|p2b: Golden Fish|Beads of Ruin\n|turn|1\n|\n|t:|1698532002\n|move|p2a: Iron Mirage|Helping Hand|p2b: Golden Fish\n|-singleturn|p2b: Golden Fish|Helping Hand|[of] p2a: Iron Mirage\n|move|p1a: Jingles|Rain Dance|p1a: Jingles\n|-weather|RainDance\n|move|p1b: Rusty Knife|Surf|p2b: Golden Fish|[spread] p1a,p2a,p2b\n|-supereffective|p2b: Golden Fish\n|-damage|p1a: Jingles|24\/100\n|-damage|p2a: Iron Mirage|14\/100\n|-damage|p2b: Golden Fish|0 fnt\n|faint|p2b: Golden Fish\n|-damage|p1b: Rusty Knife|91\/100|[from] item: Life Orb\n|\n|-weather|RainDance|[upkeep]\n|upkeep\n|\n|t:|1698532024\n|switch|p2b: Iron Claw|Sneasler, F, shiny|100\/100\n|turn|2\n|\n|t:|1698532052\n|switch|p2a: Iron Cucumber|Pincurchin, F, shiny|100\/100\n|-fieldstart|move: Electric Terrain|[from] ability: Electric Surge|[of] p2a: Iron Cucumber\n|move|p1a: Jingles|Reflect|p1a: Jingles\n|-sidestart|p1: Datagne|Reflect\n|move|p1b: Rusty Knife|Surf|p2b: Iron Claw|[spread] p1a,p2a,p2b\n|-damage|p1a: Jingles|0 fnt\n|-damage|p2a: Iron Cucumber|24\/100\n|-damage|p2b: Iron Claw|11\/100\n|faint|p1a: Jingles\n|-damage|p1b: Rusty Knife|81\/100|[from] item: Life Orb\n|move|p2b: Iron Claw|Shadow Claw|p1b: Rusty Knife\n|-supereffective|p1b: Rusty Knife\n|-damage|p1b: Rusty Knife|35\/100\n|\n|-weather|RainDance|[upkeep]\n|upkeep\n|\n|t:|1698532077\n|switch|p1a: Fren|Clodsire, F|100\/100\n|turn|3\n|\n|t:|1698532096\n|move|p1a: Fren|Helping Hand|p1b: Rusty Knife\n|-singleturn|p1b: Rusty Knife|Helping Hand|[of] p1a: Fren\n|move|p2a: Iron Cucumber|Sucker Punch|p1b: Rusty Knife\n|-supereffective|p1b: Rusty Knife\n|-damage|p1b: Rusty Knife|8\/100\n|move|p1b: Rusty Knife|Surf|p2a: Iron Cucumber|[spread] p2a,p2b\n|-immune|p1a: Fren|[from] ability: Water Absorb\n|-damage|p2a: Iron Cucumber|0 fnt\n|-damage|p2b: Iron Claw|0 fnt\n|faint|p2a: Iron Cucumber\n|faint|p2b: Iron Claw\n|-damage|p1b: Rusty Knife|0 fnt|[from] item: Life Orb\n|faint|p1b: Rusty Knife\n|\n|-weather|RainDance|[upkeep]\n|upkeep\n|\n|t:|1698532120\n|switch|p2b: Iron Tar|Iron Thorns, shiny|100\/100\n|switch|p1b: Sticky|Overqwil, F|100\/100\n|switch|p2a: Iron Knot|Grimmsnarl, M|100\/100\n|-activate|p2b: Iron Tar|ability: Quark Drive\n|-start|p2b: Iron Tar|quarkdriveatk\n|turn|4\n|\n|t:|1698532138\n|-terastallize|p1b: Sticky|Dark\n|move|p1a: Fren|Helping Hand|p1b: Sticky\n|-singleturn|p1b: Sticky|Helping Hand|[of] p1a: Fren\n|move|p2a: Iron Knot|Taunt|p1a: Fren\n|-start|p1a: Fren|move: Taunt\n|move|p1b: Sticky|Waterfall|p2b: Iron Tar\n|-supereffective|p2b: Iron Tar\n|-enditem|p2b: Iron Tar|Focus Sash\n|-damage|p2b: Iron Tar|1\/100\n|move|p2b: Iron Tar|Dragon Dance|p2b: Iron Tar\n|-boost|p2b: Iron Tar|atk|1\n|-boost|p2b: Iron Tar|spe|1\n|\n|-weather|RainDance|[upkeep]\n|upkeep\n|turn|5\n|\n|t:|1698532166\n|move|p2a: Iron Knot|Reflect|p2a: Iron Knot\n|-sidestart|p2: Relleth|Reflect\n|move|p1b: Sticky|Waterfall|p2b: Iron Tar\n|-supereffective|p2b: Iron Tar\n|-damage|p2b: Iron Tar|0 fnt\n|faint|p2b: Iron Tar\n|-end|p2b: Iron Tar|Quark Drive|[silent]\n|move|p1a: Fren|Gunk Shot|p2a: Iron Knot\n|-supereffective|p2a: Iron Knot\n|-damage|p2a: Iron Knot|42\/100\n|\n|-weather|none\n|upkeep\n|\n|t:|1698532174\n|switch|p2b: Iron Mirage|Mew|14\/100\n|turn|6\n|\n|t:|1698532183\n|move|p2a: Iron Knot|Fake Out||[still]\n|-hint|Fake Out only works on your first turn out.\n|-fail|p2a: Iron Knot\n|move|p2b: Iron Mirage|Nasty Plot|p2b: Iron Mirage\n|-boost|p2b: Iron Mirage|spa|2\n|move|p1b: Sticky|Waterfall|p2b: Iron Mirage\n|-damage|p2b: Iron Mirage|0 fnt\n|faint|p2b: Iron Mirage\n|move|p1a: Fren|Gunk Shot|p2a: Iron Knot|[miss]\n|-miss|p1a: Fren|p2a: Iron Knot\n|\n|-sideend|p1: Datagne|Reflect\n|-fieldend|move: Electric Terrain\n|upkeep\n|turn|7\n|\n|t:|1698532208\n|move|p2a: Iron Knot|Fake Out||[still]\n|-hint|Fake Out only works on your first turn out.\n|-fail|p2a: Iron Knot\n|move|p1b: Sticky|Waterfall|p2a: Iron Knot\n|-damage|p2a: Iron Knot|0 fnt\n|faint|p2a: Iron Knot\n|\n|win|Datagne\n|l|\u2606Relleth\n","uploadtime":1698532316,"views":19,"p1id":"datagne","p2id":"relleth","formatid":"gen9nationaldexdoubles","rating":0,"private":0,"password":""}