{"id":"gen9nationaldexdoubles-1982788314","p1":"ClawitzerGaming20","p2":"Yellow_Calico","format":"[Gen 9] National Dex Doubles","log":"|j|\u2606ClawitzerGaming20\n|j|\u2606Yellow_Calico\n|t:|1699044958\n|gametype|doubles\n|player|p1|ClawitzerGaming20|colress|1002\n|player|p2|Yellow_Calico|scientistf|1070\n|teamsize|p1|6\n|teamsize|p2|6\n|gen|9\n|tier|[Gen 9] National Dex Doubles\n|rated|\n|rule|HP Percentage Mod: HP is shown in percentages\n|rule|Endless Battle Clause: Forcing endless battles is banned\n|rule|OHKO Clause: OHKO moves are banned\n|rule|Evasion Moves Clause: Evasion moves are banned\n|rule|Evasion Abilities Clause: Evasion abilities are banned\n|rule|Species Clause: Limit one of each Pok\u00e9mon\n|rule|Gravity Sleep Clause: The combination of sleep-inducing moves with imperfect accuracy and Gravity or Gigantamax Orbeetle are banned\n|clearpoke\n|poke|p1|Clawitzer, M|\n|poke|p1|Ampharos, F|\n|poke|p1|Garchomp, F|\n|poke|p1|Bisharp, M|\n|poke|p1|Armaldo, M|\n|poke|p1|Aegislash, F|\n|poke|p2|Lilligant-Hisui, F|\n|poke|p2|Gardevoir, F|\n|poke|p2|Oricorio, F|\n|poke|p2|Hatterene, F|\n|poke|p2|Tsareena, F|\n|poke|p2|Salazzle, F|\n|teampreview\n|\n|t:|1699044978\n|start\n|switch|p1a: Armulo|Armaldo, M|100\/100\n|switch|p1b: Carcharo|Garchomp, F|100\/100\n|switch|p2a: Hatterene|Hatterene, F|100\/100\n|switch|p2b: Salazzle|Salazzle, F|100\/100\n|turn|1\n|c|\u2606ClawitzerGaming20|Hello\n|\n|t:|1699045002\n|move|p2a: Hatterene|Protect|p2a: Hatterene\n|-singleturn|p2a: Hatterene|Protect\n|move|p2b: Salazzle|Toxic|p1b: Carcharo\n|-status|p1b: Carcharo|tox\n|move|p1b: Carcharo|Swords Dance|p1b: Carcharo\n|-boost|p1b: Carcharo|atk|2\n|move|p1a: Armulo|Stealth Rock|p2a: Hatterene\n|move|p2a: Hatterene|Stealth Rock|p1a: Armulo|[from]ability: Magic Bounce\n|-sidestart|p1: ClawitzerGaming20|move: Stealth Rock\n|\n|-damage|p1b: Carcharo|94\/100 tox|[from] psn\n|upkeep\n|turn|2\n|\n|t:|1699045028\n|move|p2b: Salazzle|Flamethrower|p1b: Carcharo\n|-resisted|p1b: Carcharo\n|-damage|p1b: Carcharo|76\/100 tox\n|move|p1b: Carcharo|Dragon Claw|p2b: Salazzle\n|-enditem|p2b: Salazzle|Focus Sash\n|-damage|p2b: Salazzle|1\/100\n|move|p1a: Armulo|Curse|p1a: Armulo\n|-unboost|p1a: Armulo|spe|1\n|-boost|p1a: Armulo|atk|1\n|-boost|p1a: Armulo|def|1\n|move|p2a: Hatterene|Nuzzle|p1a: Armulo\n|-damage|p1a: Armulo|97\/100\n|-status|p1a: Armulo|par\n|\n|-damage|p1b: Carcharo|63\/100 tox|[from] psn\n|upkeep\n|turn|3\n|\n|t:|1699045055\n|move|p2b: Salazzle|Flamethrower|p1a: Armulo\n|-damage|p1a: Armulo|47\/100 par\n|move|p1b: Carcharo|Crunch|p2b: Salazzle\n|-damage|p2b: Salazzle|0 fnt\n|faint|p2b: Salazzle\n|move|p2a: Hatterene|Draining Kiss|p1b: Carcharo\n|-supereffective|p1b: Carcharo\n|-damage|p1b: Carcharo|17\/100 tox\n|-damage|p2a: Hatterene|88\/100|[from] ability: Rough Skin|[of] p1b: Carcharo\n|-damage|p2a: Hatterene|72\/100|[from] item: Rocky Helmet|[of] p1b: Carcharo\n|cant|p1a: Armulo|par\n|\n|-heal|p2a: Hatterene|78\/100|[from] item: Leftovers\n|-damage|p1b: Carcharo|0 fnt|[from] psn\n|faint|p1b: Carcharo\n|upkeep\n|inactive|Battle timer is ON: inactive players will automatically lose when time's up. (requested by ClawitzerGaming20)\n|\n|t:|1699045076\n|switch|p2b: Lilligant|Lilligant-Hisui, F, shiny|100\/100\n|switch|p1b: Slashing In|Aegislash, F|100\/100\n|-damage|p1b: Slashing In|94\/100|[from] Stealth Rock\n|turn|4\n|\n|t:|1699045094\n|move|p1b: Slashing In|King's Shield|p1b: Slashing In\n|-singleturn|p1b: Slashing In|Protect\n|move|p2b: Lilligant|Victory Dance|p2b: Lilligant\n|-boost|p2b: Lilligant|atk|1\n|-boost|p2b: Lilligant|def|1\n|-boost|p2b: Lilligant|spe|1\n|move|p2a: Hatterene|Psychic|p1a: Armulo\n|-damage|p1a: Armulo|0 fnt\n|faint|p1a: Armulo\n|\n|-heal|p2a: Hatterene|84\/100|[from] item: Leftovers\n|upkeep\n|\n|t:|1699045107\n|switch|p1a: HybrideClaw|Clawitzer, M|100\/100\n|-damage|p1a: HybrideClaw|88\/100|[from] Stealth Rock\n|turn|5\n|\n|t:|1699045128\n|move|p2a: Hatterene|Protect|p2a: Hatterene\n|-singleturn|p2a: Hatterene|Protect\n|move|p2b: Lilligant|Petal Blizzard|p1a: HybrideClaw|[spread] p1a,p1b\n|-activate|p2a: Hatterene|move: Protect\n|-supereffective|p1a: HybrideClaw\n|-resisted|p1b: Slashing In\n|-damage|p1a: HybrideClaw|0 fnt\n|-damage|p1b: Slashing In|74\/100\n|faint|p1a: HybrideClaw\n|-formechange|p1b: Slashing In|Aegislash-Blade||[from] ability: Stance Change\n|move|p1b: Slashing In|Iron Head|p2a: Hatterene\n|-activate|p2a: Hatterene|move: Protect\n|\n|-heal|p2a: Hatterene|89\/100|[from] item: Leftovers\n|upkeep\n|inactive|ClawitzerGaming20 has 120 seconds left.\n|\n|t:|1699045143\n|switch|p1a: Hope|Ampharos, F|100\/100\n|-damage|p1a: Hope|88\/100|[from] Stealth Rock\n|turn|6\n|\n|t:|1699045154\n|switch|p2a: Oricorio|Oricorio, F|100\/100\n|detailschange|p1a: Hope|Ampharos-Mega, F\n|-mega|p1a: Hope|Ampharos|Ampharosite\n|-ability|p1a: Hope|Mold Breaker\n|-formechange|p1b: Slashing In|Aegislash||[from] ability: Stance Change\n|move|p1b: Slashing In|King's Shield|p1b: Slashing In\n|-singleturn|p1b: Slashing In|Protect\n|move|p2b: Lilligant|Victory Dance|p2b: Lilligant\n|-boost|p2b: Lilligant|atk|1\n|-boost|p2b: Lilligant|def|1\n|-boost|p2b: Lilligant|spe|1\n|-activate|p2a: Oricorio|ability: Dancer\n|move|p2a: Oricorio|Victory Dance|p2a: Oricorio|[from]ability: Dancer\n|-boost|p2a: Oricorio|atk|1\n|-boost|p2a: Oricorio|def|1\n|-boost|p2a: Oricorio|spe|1\n|move|p1a: Hope|Reflect|p1a: Hope\n|-sidestart|p1: ClawitzerGaming20|Reflect\n|\n|upkeep\n|turn|7\n|inactive|ClawitzerGaming20 has 120 seconds left.\n|inactive|Yellow_Calico has 120 seconds left.\n|\n|t:|1699045193\n|move|p2b: Lilligant|Axe Kick|p1a: Hope\n|-damage|p1a: Hope|20\/100\n|-start|p1a: Hope|confusion\n|move|p2a: Oricorio|Dual Wingbeat|p1a: Hope\n|-resisted|p1a: Hope\n|-damage|p1a: Hope|14\/100\n|-resisted|p1a: Hope\n|-damage|p1a: Hope|8\/100\n|-hitcount|p1a: Hope|2\n|-formechange|p1b: Slashing In|Aegislash-Blade||[from] ability: Stance Change\n|move|p1b: Slashing In|Night Slash|p2b: Lilligant\n|-resisted|p2b: Lilligant\n|-damage|p2b: Lilligant|91\/100\n|-activate|p1a: Hope|confusion\n|move|p1a: Hope|Thunderbolt|p2a: Oricorio\n|-supereffective|p2a: Oricorio\n|-damage|p2a: Oricorio|0 fnt\n|faint|p2a: Oricorio\n|\n|upkeep\n|\n|t:|1699045216\n|switch|p2a: Tsareena|Tsareena, F|100\/100\n|turn|8\n|inactive|Yellow_Calico has 120 seconds left.\n|\n|t:|1699045224\n|move|p2b: Lilligant|Victory Dance|p2b: Lilligant\n|-boost|p2b: Lilligant|atk|1\n|-boost|p2b: Lilligant|def|1\n|-boost|p2b: Lilligant|spe|1\n|move|p2a: Tsareena|Triple Axel|p1a: Hope\n|-supereffective|p1a: Hope\n|-damage|p1a: Hope|0 fnt\n|faint|p1a: Hope\n|-hitcount|p1: Hope|1\n|-damage|p2a: Tsareena|91\/100|[from] item: Life Orb\n|move|p1b: Slashing In|Iron Head|p2a: Tsareena\n|-damage|p2a: Tsareena|34\/100\n|\n|upkeep\n|\n|t:|1699045237\n|switch|p1a: Sharpened|Bisharp, M|100\/100\n|-damage|p1a: Sharpened|95\/100|[from] Stealth Rock\n|turn|9\n|\n|t:|1699045247\n|switch|p2a: Hatterene|Hatterene, F|89\/100\n|-terastallize|p1a: Sharpened|Fighting\n|move|p2b: Lilligant|Axe Kick|p1a: Sharpened\n|-damage|p1a: Sharpened|0 fnt\n|faint|p1a: Sharpened\n|move|p1b: Slashing In|Iron Head|p2a: Hatterene\n|-supereffective|p2a: Hatterene\n|-damage|p2a: Hatterene|0 fnt\n|faint|p2a: Hatterene\n|\n|upkeep\n|\n|t:|1699045260\n|switch|p2a: Tsareena|Tsareena, F|34\/100\n|turn|10\n|\n|t:|1699045269\n|move|p2b: Lilligant|Victory Dance|p2b: Lilligant\n|-boost|p2b: Lilligant|atk|1\n|-boost|p2b: Lilligant|def|1\n|-boost|p2b: Lilligant|spe|1\n|move|p2a: Tsareena|Seed Bomb|p1b: Slashing In\n|-resisted|p1b: Slashing In\n|-damage|p1b: Slashing In|43\/100\n|-damage|p2a: Tsareena|24\/100|[from] item: Life Orb\n|move|p1b: Slashing In|Iron Head|p2a: Tsareena\n|-damage|p2a: Tsareena|0 fnt\n|faint|p2a: Tsareena\n|\n|-sideend|p1: ClawitzerGaming20|Reflect\n|upkeep\n|\n|t:|1699045284\n|switch|p2a: Gardevoir|Gardevoir, F, shiny|100\/100\n|turn|11\n|\n|t:|1699045293\n|detailschange|p2a: Gardevoir|Gardevoir-Mega, F, shiny\n|-mega|p2a: Gardevoir|Gardevoir|Gardevoirite\n|-formechange|p1b: Slashing In|Aegislash||[from] ability: Stance Change\n|move|p1b: Slashing In|King's Shield|p1b: Slashing In\n|-singleturn|p1b: Slashing In|Protect\n|move|p2b: Lilligant|After You|p2a: Gardevoir\n|-activate|p2a: Gardevoir|move: After You\n|move|p2a: Gardevoir|Shadow Ball|p1b: Slashing In\n|-activate|p1b: Slashing In|move: Protect\n|\n|upkeep\n|turn|12\n|\n|t:|1699045309\n|move|p2b: Lilligant|After You|p2a: Gardevoir\n|-activate|p2a: Gardevoir|move: After You\n|move|p2a: Gardevoir|Shadow Ball|p1b: Slashing In\n|-supereffective|p1b: Slashing In\n|-damage|p1b: Slashing In|0 fnt\n|faint|p1b: Slashing In\n|\n|win|Yellow_Calico\n|raw|ClawitzerGaming20's rating: 1002 &rarr; <strong>1000<\/strong><br \/>(-2 for losing)\n|raw|Yellow_Calico's rating: 1070 &rarr; <strong>1094<\/strong><br \/>(+24 for winning)\n|l|\u2606Yellow_Calico\n","uploadtime":1699045325,"views":7,"p1id":"clawitzergaming20","p2id":"yellowcalico","formatid":"gen9nationaldexdoubles","rating":1000,"private":0,"password":""}