{"id":"gen9nationaldexdoubles-1967147572","p1":"yule070528","p2":"Clea_Foxx96","format":"[Gen 9] National Dex Doubles","log":"|j|\u2606yule070528\n|j|\u2606Clea_Foxx96\n|t:|1697260973\n|gametype|doubles\n|player|p1|yule070528|colress|1000\n|player|p2|Clea_Foxx96|bianca|1152\n|teamsize|p1|6\n|teamsize|p2|6\n|gen|9\n|tier|[Gen 9] National Dex Doubles\n|rated|\n|rule|HP Percentage Mod: HP is shown in percentages\n|rule|Endless Battle Clause: Forcing endless battles is banned\n|rule|OHKO Clause: OHKO moves are banned\n|rule|Evasion Moves Clause: Evasion moves are banned\n|rule|Evasion Abilities Clause: Evasion abilities are banned\n|rule|Species Clause: Limit one of each Pok\u00e9mon\n|rule|Gravity Sleep Clause: The combination of sleep-inducing moves with imperfect accuracy and Gravity or Gigantamax Orbeetle are banned\n|clearpoke\n|poke|p1|Blissey, F|\n|poke|p1|Samurott, M|\n|poke|p1|Delphox, M|\n|poke|p1|Unfezant, F|\n|poke|p1|Toxicroak, M|\n|poke|p1|Tauros, M|\n|poke|p2|Drapion, M|\n|poke|p2|Gengar, M|\n|poke|p2|Weezing-Galar, M|\n|poke|p2|Salazzle, F|\n|poke|p2|Crobat, F|\n|poke|p2|Venusaur, F|\n|teampreview\n|\n|t:|1697260983\n|start\n|switch|p1a: Toxicroak|Toxicroak, M|100\/100\n|switch|p1b: Unfezant|Unfezant, F|100\/100\n|switch|p2a: Veneno|Drapion, M, shiny|100\/100\n|switch|p2b: Dryk|Gengar, M|100\/100\n|-item|p2a: Veneno|Air Balloon\n|turn|1\n|\n|t:|1697261009\n|-singleturn|p1a: Toxicroak|move: Focus Punch\n|move|p2b: Dryk|Trick|p1b: Unfezant\n|-activate|p2b: Dryk|move: Trick|[of] p1b: Unfezant\n|-item|p1b: Unfezant|Toxic Orb|[from] move: Trick\n|-item|p2b: Dryk|Focus Sash|[from] move: Trick\n|move|p2a: Veneno|Toxic Spikes|p1a: Toxicroak\n|-sidestart|p1: yule070528|move: Toxic Spikes\n|move|p1b: Unfezant|Tailwind|p1b: Unfezant\n|-sidestart|p1: yule070528|move: Tailwind\n|move|p1a: Toxicroak|Focus Punch|p2a: Veneno\n|-damage|p2a: Veneno|34\/100\n|-enditem|p2a: Veneno|Air Balloon\n|\n|-status|p1b: Unfezant|tox|[from] item: Toxic Orb\n|upkeep\n|turn|2\n|\n|t:|1697261039\n|switch|p2b: Nyx|Crobat, F|100\/100\n|move|p1b: Unfezant|Heat Wave|p2b: Nyx|[spread] p2a,p2b\n|-damage|p2a: Veneno|17\/100\n|-damage|p2b: Nyx|84\/100\n|move|p1a: Toxicroak|Encore||[still]\n|-fail|p1a: Toxicroak\n|move|p2a: Veneno|Earthquake|p1b: Unfezant|[spread] p1a\n|-immune|p2b: Nyx\n|-immune|p1b: Unfezant\n|-supereffective|p1a: Toxicroak\n|-damage|p1a: Toxicroak|52\/100\n|\n|-damage|p1b: Unfezant|95\/100 tox|[from] psn\n|upkeep\n|turn|3\n|\n|t:|1697261062\n|move|p1b: Unfezant|Brave Bird|p2a: Veneno\n|-damage|p2a: Veneno|0 fnt\n|faint|p2a: Veneno\n|-damage|p1b: Unfezant|90\/100 tox|[from] Recoil\n|move|p1a: Toxicroak|Taunt|p2b: Nyx\n|-start|p2b: Nyx|move: Taunt\n|-zpower|p2b: Nyx\n|move|p2b: Nyx|Supersonic Skystrike|p1a: Toxicroak|[zeffect]\n|-supereffective|p1a: Toxicroak\n|-damage|p1a: Toxicroak|0 fnt\n|faint|p1a: Toxicroak\n|\n|-damage|p1b: Unfezant|78\/100 tox|[from] psn\n|upkeep\n|\n|t:|1697261082\n|switch|p2a: Asclepius|Weezing-Galar, M, shiny|100\/100\n|switch|p1a: Blissey|Blissey, F|100\/100\n|-status|p1a: Blissey|psn\n|turn|4\n|\n|t:|1697261098\n|move|p1b: Unfezant|Heat Wave|p2b: Nyx|[spread] p2a,p2b\n|-damage|p2a: Asclepius|84\/100\n|-damage|p2b: Nyx|70\/100\n|-status|p2a: Asclepius|brn\n|move|p2b: Nyx|Leech Life|p1a: Blissey\n|-crit|p1a: Blissey\n|-damage|p1a: Blissey|38\/100 psn\n|-heal|p2b: Nyx|100\/100|[from] drain|[of] p1a: Blissey\n|move|p1a: Blissey|Light Screen|p1a: Blissey\n|-sidestart|p1: yule070528|move: Light Screen\n|move|p2a: Asclepius|Venom Drench|p1a: Blissey|[spread] p1a,p1b\n|-unboost|p1a: Blissey|atk|1\n|-unboost|p1a: Blissey|spa|1\n|-unboost|p1a: Blissey|spe|1\n|-unboost|p1b: Unfezant|atk|1\n|-unboost|p1b: Unfezant|spa|1\n|-unboost|p1b: Unfezant|spe|1\n|\n|-heal|p2a: Asclepius|90\/100 brn|[from] item: Black Sludge\n|-damage|p1b: Unfezant|60\/100 tox|[from] psn\n|-damage|p1a: Blissey|26\/100 psn|[from] psn\n|-damage|p2a: Asclepius|84\/100 brn|[from] brn\n|-sideend|p1: yule070528|move: Tailwind\n|upkeep\n|turn|5\n|\n|t:|1697261126\n|move|p2b: Nyx|Leech Life|p1a: Blissey\n|-damage|p1a: Blissey|0 fnt\n|faint|p1a: Blissey\n|move|p1b: Unfezant|Tailwind|p1b: Unfezant\n|-sidestart|p1: yule070528|move: Tailwind\n|move|p2a: Asclepius|Heat Wave|p1b: Unfezant\n|-damage|p1b: Unfezant|22\/100 tox\n|\n|-heal|p2a: Asclepius|90\/100 brn|[from] item: Black Sludge\n|-damage|p1b: Unfezant|0 fnt|[from] psn\n|faint|p1b: Unfezant\n|-damage|p2a: Asclepius|84\/100 brn|[from] brn\n|-end|p2b: Nyx|move: Taunt\n|upkeep\n|\n|t:|1697261139\n|switch|p1b: Samurott|Samurott, M|100\/100\n|switch|p1a: Delphox|Delphox, M|100\/100\n|-status|p1a: Delphox|psn\n|-status|p1b: Samurott|psn\n|turn|6\n|\n|t:|1697261179\n|move|p1a: Delphox|Dazzling Gleam|p2b: Nyx|[spread] p2a,p2b\n|-resisted|p2a: Asclepius\n|-resisted|p2b: Nyx\n|-damage|p2a: Asclepius|67\/100 brn\n|-damage|p2b: Nyx|81\/100\n|-damage|p1a: Delphox|91\/100 psn|[from] item: Life Orb\n|move|p2b: Nyx|Leech Life|p1a: Delphox\n|-crit|p1a: Delphox\n|-damage|p1a: Delphox|37\/100 psn\n|-heal|p2b: Nyx|100\/100|[from] drain|[of] p1a: Delphox\n|move|p1b: Samurott|Drill Run|p2a: Asclepius\n|-immune|p2a: Asclepius|[from] ability: Levitate\n|move|p2a: Asclepius|Venom Drench|p1b: Samurott|[spread] p1a,p1b\n|-unboost|p1a: Delphox|atk|1\n|-unboost|p1a: Delphox|spa|1\n|-unboost|p1a: Delphox|spe|1\n|-unboost|p1b: Samurott|atk|1\n|-unboost|p1b: Samurott|spa|1\n|-unboost|p1b: Samurott|spe|1\n|\n|-heal|p2a: Asclepius|73\/100 brn|[from] item: Black Sludge\n|-damage|p1a: Delphox|25\/100 psn|[from] psn\n|-damage|p1b: Samurott|88\/100 psn|[from] psn\n|-damage|p2a: Asclepius|67\/100 brn|[from] brn\n|upkeep\n|turn|7\n|\n|t:|1697261205\n|move|p1a: Delphox|Dazzling Gleam|p2b: Nyx|[spread] p2a,p2b\n|-resisted|p2a: Asclepius\n|-resisted|p2b: Nyx\n|-damage|p2a: Asclepius|55\/100 brn\n|-damage|p2b: Nyx|90\/100\n|-damage|p1a: Delphox|15\/100 psn|[from] item: Life Orb\n|move|p2b: Nyx|Leech Life|p1a: Delphox\n|-crit|p1a: Delphox\n|-damage|p1a: Delphox|0 fnt\n|-heal|p2b: Nyx|96\/100|[from] drain|[of] p1a: Delphox\n|faint|p1a: Delphox\n|move|p1b: Samurott|Sacred Sword|p2b: Nyx\n|-resisted|p2b: Nyx\n|-damage|p2b: Nyx|89\/100\n|move|p2a: Asclepius|Venom Drench|p1b: Samurott\n|-unboost|p1b: Samurott|atk|1\n|-unboost|p1b: Samurott|spa|1\n|-unboost|p1b: Samurott|spe|1\n|\n|-heal|p1b: Samurott|94\/100 psn|[from] item: Leftovers\n|-heal|p2a: Asclepius|61\/100 brn|[from] item: Black Sludge\n|-damage|p1b: Samurott|82\/100 psn|[from] psn\n|-damage|p2a: Asclepius|55\/100 brn|[from] brn\n|upkeep\n|\n|t:|1697261216\n|switch|p1a: Tauros|Tauros, M|100\/100\n|-status|p1a: Tauros|psn\n|turn|8\n|\n|t:|1697261234\n|move|p1a: Tauros|Zen Headbutt|p2b: Nyx\n|-supereffective|p2b: Nyx\n|-damage|p2b: Nyx|0 fnt\n|faint|p2b: Nyx\n|move|p1b: Samurott|Knock Off|p2a: Asclepius\n|-resisted|p2a: Asclepius\n|-damage|p2a: Asclepius|48\/100 brn\n|-enditem|p2a: Asclepius|Black Sludge|[from] move: Knock Off|[of] p1b: Samurott\n|move|p2a: Asclepius|Venom Drench|p1a: Tauros|[spread] p1a,p1b\n|-unboost|p1a: Tauros|atk|1\n|-unboost|p1a: Tauros|spa|1\n|-unboost|p1a: Tauros|spe|1\n|-unboost|p1b: Samurott|atk|1\n|-unboost|p1b: Samurott|spa|1\n|-unboost|p1b: Samurott|spe|1\n|\n|-heal|p1b: Samurott|88\/100 psn|[from] item: Leftovers\n|-damage|p1a: Tauros|88\/100 psn|[from] psn\n|-damage|p1b: Samurott|75\/100 psn|[from] psn\n|-damage|p2a: Asclepius|42\/100 brn|[from] brn\n|-sideend|p1: yule070528|move: Tailwind\n|upkeep\n|inactive|Battle timer is ON: inactive players will automatically lose when time's up. (requested by yule070528)\n|\n|t:|1697261251\n|switch|p2b: Dryk|Gengar, M|100\/100\n|turn|9\n|\n|t:|1697261273\n|move|p2b: Dryk|Trick|p1b: Samurott\n|-activate|p2b: Dryk|move: Trick|[of] p1b: Samurott\n|-item|p1b: Samurott|Focus Sash|[from] move: Trick\n|-item|p2b: Dryk|Leftovers|[from] move: Trick\n|move|p1a: Tauros|Zen Headbutt|p2a: Asclepius\n|-supereffective|p2a: Asclepius\n|-damage|p2a: Asclepius|5\/100 brn\n|move|p2a: Asclepius|Venom Drench|p1b: Samurott|[spread] p1a,p1b\n|-unboost|p1a: Tauros|atk|1\n|-unboost|p1a: Tauros|spa|1\n|-unboost|p1a: Tauros|spe|1\n|-unboost|p1b: Samurott|atk|1\n|-unboost|p1b: Samurott|spa|1\n|-unboost|p1b: Samurott|spe|1\n|move|p1b: Samurott|Drill Run|p2b: Dryk\n|-supereffective|p2b: Dryk\n|-damage|p2b: Dryk|67\/100\n|\n|-heal|p2b: Dryk|73\/100|[from] item: Leftovers\n|-damage|p1a: Tauros|76\/100 psn|[from] psn\n|-damage|p1b: Samurott|63\/100 psn|[from] psn\n|-damage|p2a: Asclepius|0 fnt|[from] brn\n|faint|p2a: Asclepius\n|upkeep\n|\n|t:|1697261292\n|switch|p2a: Cinnabar|Salazzle, F|100\/100\n|turn|10\n|\n|t:|1697261314\n|move|p1b: Samurott|Aqua Jet|p2a: Cinnabar\n|-supereffective|p2a: Cinnabar\n|-damage|p2a: Cinnabar|76\/100\n|move|p2a: Cinnabar|Venoshock|p1a: Tauros\n|-damage|p1a: Tauros|7\/100 psn\n|move|p2b: Dryk|Venoshock|p1b: Samurott\n|-damage|p1b: Samurott|13\/100 psn\n|move|p1a: Tauros|Zen Headbutt|p2b: Dryk\n|-supereffective|p2b: Dryk\n|-damage|p2b: Dryk|12\/100\n|-start|p1a: Tauros|Disable|Zen Headbutt|[from] ability: Cursed Body|[of] p2b: Dryk\n|\n|-heal|p2b: Dryk|19\/100|[from] item: Leftovers\n|-damage|p1a: Tauros|0 fnt|[from] psn\n|faint|p1a: Tauros\n|-damage|p1b: Samurott|0 fnt|[from] psn\n|faint|p1b: Samurott\n|\n|win|Clea_Foxx96\n|upkeep\n|raw|yule070528's rating: 1000 &rarr; <strong>1000<\/strong><br \/>(+0 for losing)\n|raw|Clea_Foxx96's rating: 1152 &rarr; <strong>1167<\/strong><br \/>(+15 for winning)\n|l|\u2606yule070528\n","uploadtime":1697261335,"views":16,"p1id":"yule070528","p2id":"cleafoxx96","formatid":"gen9nationaldexdoubles","rating":1000,"private":0,"password":""}