{"id":"gen9nationaldexdoubles-1983254159","p1":"Chiropt","p2":"kg oiyvou","format":"[Gen 9] National Dex Doubles","log":"|j|\u2606Chiropt\n|j|\u2606kg oiyvou\n|t:|1699110857\n|gametype|doubles\n|player|p1|Chiropt|norman|1098\n|player|p2|kg oiyvou|pokekid|1054\n|teamsize|p1|6\n|teamsize|p2|6\n|gen|9\n|tier|[Gen 9] National Dex Doubles\n|rated|\n|rule|HP Percentage Mod: HP is shown in percentages\n|rule|Endless Battle Clause: Forcing endless battles is banned\n|rule|OHKO Clause: OHKO moves are banned\n|rule|Evasion Moves Clause: Evasion moves are banned\n|rule|Evasion Abilities Clause: Evasion abilities are banned\n|rule|Species Clause: Limit one of each Pok\u00e9mon\n|rule|Gravity Sleep Clause: The combination of sleep-inducing moves with imperfect accuracy and Gravity or Gigantamax Orbeetle are banned\n|clearpoke\n|poke|p1|Emolga, F|\n|poke|p1|Manectric, F|\n|poke|p1|Gliscor, F|\n|poke|p1|Tapu Bulu|\n|poke|p1|Bellibolt, M|\n|poke|p1|Sceptile, F|\n|poke|p2|Indeedee-F, F|\n|poke|p2|Oranguru, M|\n|poke|p2|Glastrier|\n|poke|p2|Hoopa-Unbound|\n|poke|p2|Ursaluna, F|\n|poke|p2|Zygarde|\n|teampreview\n|inactive|Battle timer is ON: inactive players will automatically lose when time's up. (requested by kg oiyvou)\n|\n|t:|1699110867\n|start\n|switch|p1a: Dynamouse|Emolga, F|100\/100\n|switch|p1b: Surgeburst|Manectric, F|100\/100\n|switch|p2a: Hoopa|Hoopa-Unbound|100\/100\n|switch|p2b: Zygarde|Zygarde|100\/100\n|-ability|p2b: Zygarde|Aura Break\n|turn|1\n|\n|t:|1699110881\n|move|p1b: Surgeburst|Switcheroo|p2b: Zygarde\n|-activate|p1b: Surgeburst|move: Trick|[of] p2b: Zygarde\n|-item|p2b: Zygarde|Choice Scarf|[from] move: Switcheroo\n|-item|p1b: Surgeburst|Room Service|[from] move: Switcheroo\n|move|p1a: Dynamouse|Tailwind|p1a: Dynamouse\n|-sidestart|p1: Chiropt|move: Tailwind\n|move|p2b: Zygarde|Coil|p2b: Zygarde\n|-boost|p2b: Zygarde|atk|1\n|-boost|p2b: Zygarde|def|1\n|-boost|p2b: Zygarde|accuracy|1\n|move|p2a: Hoopa|Trick Room|p2a: Hoopa\n|-fieldstart|move: Trick Room|[of] p2a: Hoopa\n|-enditem|p1b: Surgeburst|Room Service\n|-unboost|p1b: Surgeburst|spe|1|[from] item: Room Service\n|-enditem|p2a: Hoopa|Room Service\n|-unboost|p2a: Hoopa|spe|1|[from] item: Room Service\n|\n|upkeep\n|turn|2\n|\n|t:|1699110905\n|switch|p2b: Ursaluna|Ursaluna, F|100\/100\n|move|p2a: Hoopa|Dark Pulse|p1b: Surgeburst\n|-damage|p1b: Surgeburst|0 fnt\n|faint|p1b: Surgeburst\n|move|p1a: Dynamouse|Discharge|p2a: Hoopa|[spread] p2a\n|-immune|p2b: Ursaluna\n|-damage|p2a: Hoopa|88\/100\n|-status|p2a: Hoopa|par\n|\n|-status|p2b: Ursaluna|brn|[from] item: Flame Orb\n|upkeep\n|\n|t:|1699110919\n|switch|p1b: Batibat|Gliscor, F|100\/100\n|turn|3\n|\n|t:|1699110930\n|move|p1b: Batibat|Protect|p1b: Batibat\n|-singleturn|p1b: Batibat|Protect\n|move|p2a: Hoopa|Dark Pulse|p1a: Dynamouse\n|-damage|p1a: Dynamouse|7\/100\n|-item|p2a: Hoopa|Focus Sash|[from] ability: Magician|[of] p1a: Dynamouse\n|move|p2b: Ursaluna|Facade|p1b: Batibat\n|-activate|p1b: Batibat|move: Protect\n|move|p1a: Dynamouse|Encore|p2b: Ursaluna\n|-start|p2b: Ursaluna|Encore\n|\n|-damage|p2b: Ursaluna|94\/100 brn|[from] brn\n|-status|p1b: Batibat|tox|[from] item: Toxic Orb\n|upkeep\n|turn|4\n|\n|t:|1699110956\n|switch|p1a: Brother Nature|Tapu Bulu|100\/100\n|-fieldstart|move: Grassy Terrain|[from] ability: Grassy Surge|[of] p1a: Brother Nature\n|cant|p2a: Hoopa|par\n|move|p2b: Ursaluna|Facade|p1b: Batibat\n|-damage|p1b: Batibat|17\/100 tox\n|move|p1b: Batibat|Rock Slide|p2b: Ursaluna|[spread] p2a,p2b\n|-resisted|p2b: Ursaluna\n|-damage|p2a: Hoopa|71\/100 par\n|-damage|p2b: Ursaluna|90\/100 brn\n|\n|-heal|p2a: Hoopa|77\/100 par|[from] Grassy Terrain\n|-heal|p2b: Ursaluna|96\/100 brn|[from] Grassy Terrain\n|-heal|p1b: Batibat|29\/100 tox|[from] ability: Poison Heal\n|-damage|p2b: Ursaluna|90\/100 brn|[from] brn\n|-sideend|p1: Chiropt|move: Tailwind\n|upkeep\n|turn|5\n|inactive|Chiropt has 120 seconds left.\n|\n|t:|1699110992\n|cant|p2a: Hoopa|par\n|move|p2b: Ursaluna|Facade|p1a: Brother Nature\n|-damage|p1a: Brother Nature|0 fnt\n|faint|p1a: Brother Nature\n|move|p1b: Batibat|Roost|p1b: Batibat\n|-heal|p1b: Batibat|79\/100 tox\n|-singleturn|p1b: Batibat|move: Roost\n|\n|-heal|p2a: Hoopa|83\/100 par|[from] Grassy Terrain\n|-heal|p2b: Ursaluna|96\/100 brn|[from] Grassy Terrain\n|-heal|p1b: Batibat|85\/100 tox|[from] Grassy Terrain\n|-heal|p1b: Batibat|98\/100 tox|[from] ability: Poison Heal\n|-damage|p2b: Ursaluna|90\/100 brn|[from] brn\n|-fieldend|move: Trick Room\n|upkeep\n|\n|t:|1699111013\n|switch|p1a: Vandegraaff|Bellibolt, M|100\/100\n|turn|6\n|inactive|Chiropt has 120 seconds left.\n|\n|t:|1699111021\n|move|p1b: Batibat|Rock Slide|p2a: Hoopa|[spread] p2a\n|-miss|p1b: Batibat|p2b: Ursaluna\n|-damage|p2a: Hoopa|64\/100 par\n|move|p1a: Vandegraaff|Soak|p2b: Ursaluna\n|-start|p2b: Ursaluna|typechange|Water\n|move|p2b: Ursaluna|Facade|p1a: Vandegraaff\n|-damage|p1a: Vandegraaff|28\/100\n|-start|p1a: Vandegraaff|Charge|Facade|[from] ability: Electromorphosis\n|move|p2a: Hoopa|Trick Room|p2a: Hoopa\n|-fieldstart|move: Trick Room|[of] p2a: Hoopa\n|\n|-heal|p2a: Hoopa|70\/100 par|[from] Grassy Terrain\n|-heal|p2b: Ursaluna|96\/100 brn|[from] Grassy Terrain\n|-heal|p1a: Vandegraaff|35\/100|[from] Grassy Terrain\n|-heal|p1b: Batibat|100\/100 tox|[from] ability: Poison Heal\n|-damage|p2b: Ursaluna|90\/100 brn|[from] brn\n|-end|p2b: Ursaluna|Encore\n|upkeep\n|turn|7\n|\n|t:|1699111045\n|cant|p2a: Hoopa|par\n|move|p2b: Ursaluna|Facade|p1a: Vandegraaff\n|-damage|p1a: Vandegraaff|0 fnt\n|faint|p1a: Vandegraaff\n|move|p1b: Batibat|Roost||[still]\n|-fail|p1b: Batibat|heal\n|\n|-heal|p2a: Hoopa|76\/100 par|[from] Grassy Terrain\n|-heal|p2b: Ursaluna|96\/100 brn|[from] Grassy Terrain\n|-damage|p2b: Ursaluna|90\/100 brn|[from] brn\n|upkeep\n|-message|Chiropt forfeited.\n|\n|win|kg oiyvou\n|raw|Chiropt's rating: 1098 &rarr; <strong>1070<\/strong><br \/>(-28 for losing)\n|raw|kg oiyvou's rating: 1054 &rarr; <strong>1090<\/strong><br \/>(+36 for winning)\n|l|\u2606Chiropt\n","uploadtime":1699111057,"views":5,"p1id":"chiropt","p2id":"kgoiyvou","formatid":"gen9nationaldexdoubles","rating":1070,"private":0,"password":""}