{"id":"gen9nationaldexdoubles-1967599137","p1":"Bootus Stankus","p2":"fumbari 24","format":"[Gen 9] National Dex Doubles","log":"|j|\u2606Bootus Stankus\n|j|\u2606fumbari 24\n|t:|1697317630\n|gametype|doubles\n|player|p1|Bootus Stankus|alder|1276\n|player|p2|fumbari 24|hilbert|1354\n|teamsize|p1|6\n|teamsize|p2|6\n|gen|9\n|tier|[Gen 9] National Dex Doubles\n|rated|\n|rule|HP Percentage Mod: HP is shown in percentages\n|rule|Endless Battle Clause: Forcing endless battles is banned\n|rule|OHKO Clause: OHKO moves are banned\n|rule|Evasion Moves Clause: Evasion moves are banned\n|rule|Evasion Abilities Clause: Evasion abilities are banned\n|rule|Species Clause: Limit one of each Pok\u00e9mon\n|rule|Gravity Sleep Clause: The combination of sleep-inducing moves with imperfect accuracy and Gravity or Gigantamax Orbeetle are banned\n|clearpoke\n|poke|p1|Hawlucha, M|\n|poke|p1|Tapu Koko|\n|poke|p1|Ogerpon-Hearthflame, F|\n|poke|p1|Clefairy, M|\n|poke|p1|Kommo-o, M|\n|poke|p1|Stonjourner, F|\n|poke|p2|Palafin, M|\n|poke|p2|Quaquaval, M|\n|poke|p2|Orthworm, M|\n|poke|p2|Armarouge, M|\n|poke|p2|Pawmot, M|\n|poke|p2|Mandibuzz, F|\n|teampreview\n|\n|t:|1697317650\n|start\n|switch|p1a: Tapu Koko|Tapu Koko, shiny|100\/100\n|switch|p1b: Hawlucha|Hawlucha, M, shiny|100\/100\n|switch|p2a: Armarouge|Armarouge, M|100\/100\n|switch|p2b: Pawmot|Pawmot, M|100\/100\n|-fieldstart|move: Electric Terrain|[from] ability: Electric Surge|[of] p1a: Tapu Koko\n|-enditem|p1b: Hawlucha|Electric Seed\n|-boost|p1b: Hawlucha|def|1|[from] item: Electric Seed\n|turn|1\n|inactive|Battle timer is ON: inactive players will automatically lose when time's up. (requested by fumbari 24)\n|\n|t:|1697317673\n|switch|p1b: Clefairy|Clefairy, M|100\/100\n|switch|p1a: Kommo-o|Kommo-o, M|100\/100\n|move|p2b: Pawmot|Fake Out|p1b: Clefairy\n|-damage|p1b: Clefairy|90\/100\n|move|p2a: Armarouge|Trick Room|p2a: Armarouge\n|-fieldstart|move: Trick Room|[of] p2a: Armarouge\n|\n|upkeep\n|turn|2\n|\n|t:|1697317684\n|switch|p2b: Mandibuzz|Mandibuzz, F|100\/100\n|move|p1b: Clefairy|Follow Me|p1b: Clefairy\n|-singleturn|p1b: Clefairy|move: Follow Me\n|move|p2a: Armarouge|Psyshock|p1b: Clefairy\n|-damage|p1b: Clefairy|62\/100\n|move|p1a: Kommo-o|Clangorous Soul|p1a: Kommo-o\n|-boost|p1a: Kommo-o|atk|1\n|-boost|p1a: Kommo-o|def|1\n|-boost|p1a: Kommo-o|spa|1\n|-boost|p1a: Kommo-o|spd|1\n|-boost|p1a: Kommo-o|spe|1\n|-damage|p1a: Kommo-o|68\/100\n|-enditem|p1a: Kommo-o|Throat Spray\n|-boost|p1a: Kommo-o|spa|1|[from] item: Throat Spray\n|\n|upkeep\n|turn|3\n|\n|t:|1697317702\n|-terastallize|p1a: Kommo-o|Normal\n|move|p1b: Clefairy|Heal Pulse|p1a: Kommo-o\n|-heal|p1a: Kommo-o|100\/100\n|move|p2a: Armarouge|Psyshock|p1a: Kommo-o\n|-damage|p1a: Kommo-o|83\/100\n|move|p2b: Mandibuzz|Snarl|p1b: Clefairy|[spread] p1b\n|-miss|p2b: Mandibuzz|p1a: Kommo-o\n|-resisted|p1b: Clefairy\n|-damage|p1b: Clefairy|58\/100\n|-unboost|p1b: Clefairy|spa|1\n|move|p1a: Kommo-o|Boomburst|p2b: Mandibuzz|[spread] p1b,p2a,p2b\n|-crit|p2a: Armarouge\n|-damage|p1b: Clefairy|0 fnt\n|-damage|p2a: Armarouge|0 fnt\n|-damage|p2b: Mandibuzz|50\/100\n|faint|p1b: Clefairy\n|faint|p2a: Armarouge\n|\n|-heal|p2b: Mandibuzz|56\/100|[from] item: Leftovers\n|upkeep\n|\n|t:|1697317719\n|switch|p1b: Stonjourner|Stonjourner, F|100\/100\n|switch|p2a: Quaquaval|Quaquaval, M|100\/100\n|turn|4\n|\n|t:|1697317734\n|move|p2a: Quaquaval|Protect|p2a: Quaquaval\n|-singleturn|p2a: Quaquaval|Protect\n|move|p1b: Stonjourner|Wide Guard|p1b: Stonjourner\n|-singleturn|p1b: Stonjourner|Wide Guard\n|move|p2b: Mandibuzz|Snarl|p1b: Stonjourner|[spread] \n|-activate|p1a: Kommo-o|move: Wide Guard\n|-activate|p1b: Stonjourner|move: Wide Guard\n|move|p1a: Kommo-o|Boomburst|p2b: Mandibuzz|[spread] p2b\n|-activate|p1b: Stonjourner|move: Wide Guard\n|-activate|p2a: Quaquaval|move: Protect\n|-damage|p2b: Mandibuzz|0 fnt\n|faint|p2b: Mandibuzz\n|\n|upkeep\n|\n|t:|1697317740\n|switch|p2b: Palafin|Palafin, M|100\/100\n|turn|5\n|\n|t:|1697317757\n|move|p1b: Stonjourner|Wide Guard|p1b: Stonjourner\n|-singleturn|p1b: Stonjourner|Wide Guard\n|move|p2a: Quaquaval|Brick Break|p1a: Kommo-o\n|-supereffective|p1a: Kommo-o\n|-damage|p1a: Kommo-o|29\/100\n|move|p2b: Palafin|Wave Crash|p1a: Kommo-o\n|-damage|p1a: Kommo-o|0 fnt\n|faint|p1a: Kommo-o\n|-damage|p2b: Palafin|93\/100|[from] Recoil\n|\n|-fieldend|move: Trick Room\n|-fieldend|move: Electric Terrain\n|upkeep\n|\n|t:|1697317772\n|switch|p1a: Ogerpon|Ogerpon-Hearthflame, F|100\/100\n|-ability|p1a: Ogerpon|Mold Breaker\n|turn|6\n|\n|t:|1697317780\n|detailschange|p2b: Palafin|Palafin-Hero, M\n|switch|p2b: Pawmot|Pawmot, M|100\/100\n|move|p1a: Ogerpon|Spiky Shield|p1a: Ogerpon\n|-singleturn|p1a: Ogerpon|move: Protect\n|move|p2a: Quaquaval|Protect|p2a: Quaquaval\n|-singleturn|p2a: Quaquaval|Protect\n|move|p1b: Stonjourner|Self-Destruct|p2b: Pawmot|[spread] p2b\n|-activate|p1a: Ogerpon|move: Protect\n|-activate|p2a: Quaquaval|move: Protect\n|-enditem|p1b: Stonjourner|Normal Gem|[from] gem\n|-damage|p2b: Pawmot|14\/100\n|faint|p1b: Stonjourner\n|\n|upkeep\n|\n|t:|1697317789\n|switch|p1b: Hawlucha|Hawlucha, M, shiny|100\/100\n|turn|7\n|\n|t:|1697317804\n|-terastallize|p2a: Quaquaval|Water\n|move|p2b: Pawmot|Fake Out|p1a: Ogerpon\n|-damage|p1a: Ogerpon|85\/100\n|cant|p1a: Ogerpon|flinch\n|move|p1b: Hawlucha|Acrobatics|p2a: Quaquaval\n|-damage|p2a: Quaquaval|40\/100\n|move|p2a: Quaquaval|Aqua Step|p1a: Ogerpon\n|-damage|p1a: Ogerpon|15\/100\n|-boost|p2a: Quaquaval|spe|1\n|\n|upkeep\n|turn|8\n|\n|t:|1697317825\n|move|p2a: Quaquaval|Protect|p2a: Quaquaval\n|-singleturn|p2a: Quaquaval|Protect\n|move|p1a: Ogerpon|Spiky Shield|p1a: Ogerpon\n|-singleturn|p1a: Ogerpon|move: Protect\n|move|p2b: Pawmot|Double Shock|p1b: Hawlucha\n|-supereffective|p1b: Hawlucha\n|-damage|p1b: Hawlucha|0 fnt\n|-start|p2b: Pawmot|typechange|???\/Fighting|[from] move: Double Shock\n|faint|p1b: Hawlucha\n|\n|upkeep\n|\n|t:|1697317830\n|switch|p1b: Tapu Koko|Tapu Koko, shiny|100\/100\n|-fieldstart|move: Electric Terrain|[from] ability: Electric Surge|[of] p1b: Tapu Koko\n|turn|9\n|c|\u2606Bootus Stankus|Damn gg\n|\n|t:|1697317846\n|move|p2a: Quaquaval|Aqua Step|p1a: Ogerpon\n|-damage|p1a: Ogerpon|0 fnt\n|-boost|p2a: Quaquaval|spe|1\n|faint|p1a: Ogerpon\n|-ability|p2a: Quaquaval|Moxie|boost\n|-boost|p2a: Quaquaval|atk|1\n|move|p2b: Pawmot|Revival Blessing|p2b: Pawmot\n|-message|Bootus Stankus forfeited.\n|\n|win|fumbari 24\n|raw|Bootus Stankus's rating: 1276 &rarr; <strong>1257<\/strong><br \/>(-19 for losing)\n|raw|fumbari 24's rating: 1354 &rarr; <strong>1370<\/strong><br \/>(+16 for winning)\n|l|\u2606Bootus Stankus\n","uploadtime":1697317855,"views":7,"p1id":"bootusstankus","p2id":"fumbari24","formatid":"gen9nationaldexdoubles","rating":1257,"private":0,"password":""}