{"id":"gen9nationaldexdoubles-1999281699","p1":"Maybebetterthanu","p2":"Snorkle Porkle","format":"[Gen 9] National Dex Doubles","log":"|j|\u2606Maybebetterthanu\n|j|\u2606Snorkle Porkle\n|t:|1701054631\n|gametype|doubles\n|player|p1|Maybebetterthanu|fantina|\n|player|p2|Snorkle Porkle|266|\n|teamsize|p1|6\n|teamsize|p2|6\n|gen|9\n|tier|[Gen 9] National Dex Doubles\n|rule|HP Percentage Mod: HP is shown in percentages\n|rule|Endless Battle Clause: Forcing endless battles is banned\n|rule|OHKO Clause: OHKO moves are banned\n|rule|Evasion Moves Clause: Evasion moves are banned\n|rule|Evasion Abilities Clause: Evasion abilities are banned\n|rule|Species Clause: Limit one of each Pok\u00e9mon\n|rule|Gravity Sleep Clause: The combination of sleep-inducing moves with imperfect accuracy and Gravity or Gigantamax Orbeetle are banned\n|clearpoke\n|poke|p1|Ogerpon-Cornerstone, F|\n|poke|p1|Thwackey, M|\n|poke|p1|Slowbro, F|\n|poke|p1|Murkrow, M|\n|poke|p1|Walking Wake|\n|poke|p1|Gliscor, M|\n|poke|p2|Metagross|\n|poke|p2|Weezing-Galar, F|\n|poke|p2|Dragapult, M|\n|poke|p2|Tapu Koko|\n|poke|p2|Raichu-Alola, F|\n|poke|p2|Basculegion-F, F|\n|teampreview\n|\n|t:|1701054641\n|start\n|switch|p1a: Teddy Roosevelt|Ogerpon-Cornerstone, F|100\/100\n|switch|p1b: Joyboy|Thwackey, M|100\/100\n|switch|p2a: Sumo|Tapu Koko|100\/100\n|switch|p2b: Minato|Raichu-Alola, F|100\/100\n|-fieldstart|move: Electric Terrain|[from] ability: Electric Surge|[of] p2a: Sumo\n|-fieldstart|move: Grassy Terrain|[from] ability: Grassy Surge|[of] p1b: Joyboy\n|turn|1\n|j| landlord79\n|\n|t:|1701054720\n|move|p1b: Joyboy|Fake Out|p2a: Sumo\n|-damage|p2a: Sumo|90\/100\n|-enditem|p2a: Sumo|Red Card|[of] p1b: Joyboy\n|drag|p1b: Piston Cup|Slowbro, F, shiny|100\/100\n|move|p2b: Minato|Fake Out|p1a: Teddy Roosevelt\n|-resisted|p1a: Teddy Roosevelt\n|-damage|p1a: Teddy Roosevelt|96\/100\n|cant|p1a: Teddy Roosevelt|flinch\n|cant|p2a: Sumo|flinch\n|\n|-heal|p1a: Teddy Roosevelt|100\/100|[from] Grassy Terrain\n|-heal|p2a: Sumo|96\/100|[from] Grassy Terrain\n|upkeep\n|turn|2\n|\n|t:|1701054753\n|switch|p2a: Buried Treasure|Metagross, shiny|100\/100\n|switch|p1b: Guzzler|Gliscor, M|100\/100\n|move|p2b: Minato|Protect|p2b: Minato\n|-singleturn|p2b: Minato|Protect\n|move|p1a: Teddy Roosevelt|Knock Off|p2b: Minato\n|-activate|p2b: Minato|move: Protect\n|\n|-status|p1b: Guzzler|tox|[from] item: Toxic Orb\n|upkeep\n|turn|3\n|\n|t:|1701054799\n|switch|p1a: Pimp Jr.|Murkrow, M, shiny|100\/100\n|switch|p2b: Mobile Factory|Weezing-Galar, F|100\/100\n|move|p1b: Guzzler|Earthquake|p2a: Buried Treasure|[spread] p2a\n|-immune|p1a: Pimp Jr.\n|-immune|p2b: Mobile Factory|[from] ability: Levitate\n|-supereffective|p2a: Buried Treasure\n|-damage|p2a: Buried Treasure|87\/100\n|move|p2a: Buried Treasure|Meteor Mash|p1a: Pimp Jr.\n|-damage|p1a: Pimp Jr.|50\/100\n|\n|-heal|p2a: Buried Treasure|93\/100|[from] Grassy Terrain\n|upkeep\n|turn|4\n|\n|t:|1701054914\n|switch|p2a: Flipper|Basculegion-F, F|100\/100\n|move|p1a: Pimp Jr.|Sunny Day|p1a: Pimp Jr.\n|-weather|SunnyDay\n|move|p1b: Guzzler|Knock Off|p2a: Flipper\n|-supereffective|p2a: Flipper\n|-damage|p2a: Flipper|56\/100\n|-enditem|p2a: Flipper|Leftovers|[from] move: Knock Off|[of] p1b: Guzzler\n|move|p2b: Mobile Factory|Gunk Shot|p1a: Pimp Jr.\n|-damage|p1a: Pimp Jr.|7\/100\n|-status|p1a: Pimp Jr.|psn\n|\n|-weather|SunnyDay|[upkeep]\n|-heal|p2a: Flipper|62\/100|[from] Grassy Terrain\n|-damage|p1a: Pimp Jr.|0 fnt|[from] psn\n|faint|p1a: Pimp Jr.\n|upkeep\n|\n|t:|1701054992\n|switch|p1a: Teddy Roosevelt|Ogerpon-Cornerstone, F|100\/100\n|turn|5\n|\n|t:|1701055037\n|switch|p2a: Buried Treasure|Metagross, shiny|93\/100\n|move|p1a: Teddy Roosevelt|Grassy Glide|p2a: Buried Treasure\n|-resisted|p2a: Buried Treasure\n|-damage|p2a: Buried Treasure|80\/100\n|-damage|p1a: Teddy Roosevelt|84\/100|[from] item: Rocky Helmet|[of] p2a: Buried Treasure\n|move|p1b: Guzzler|Knock Off|p2b: Mobile Factory\n|-resisted|p2b: Mobile Factory\n|-damage|p2b: Mobile Factory|94\/100\n|-enditem|p2b: Mobile Factory|Black Sludge|[from] move: Knock Off|[of] p1b: Guzzler\n|move|p2b: Mobile Factory|Gunk Shot|p1a: Teddy Roosevelt\n|-damage|p1a: Teddy Roosevelt|40\/100\n|\n|-weather|SunnyDay|[upkeep]\n|-heal|p1a: Teddy Roosevelt|46\/100|[from] Grassy Terrain\n|-heal|p2a: Buried Treasure|86\/100|[from] Grassy Terrain\n|upkeep\n|turn|6\n|\n|t:|1701055089\n|switch|p1a: Piston Cup|Slowbro, F, shiny|100\/100\n|move|p1b: Guzzler|Knock Off|p2a: Buried Treasure\n|-supereffective|p2a: Buried Treasure\n|-damage|p2a: Buried Treasure|64\/100\n|-damage|p1b: Guzzler|84\/100 tox|[from] item: Rocky Helmet|[of] p2a: Buried Treasure\n|-enditem|p2a: Buried Treasure|Rocky Helmet|[from] move: Knock Off|[of] p1b: Guzzler\n|move|p2a: Buried Treasure|Ice Punch|p1b: Guzzler\n|-supereffective|p1b: Guzzler\n|-damage|p1b: Guzzler|23\/100 tox\n|move|p2b: Mobile Factory|Strange Steam|p1b: Guzzler\n|-damage|p1b: Guzzler|0 fnt\n|faint|p1b: Guzzler\n|\n|-weather|SunnyDay|[upkeep]\n|-heal|p2a: Buried Treasure|70\/100|[from] Grassy Terrain\n|upkeep\n|\n|t:|1701055114\n|switch|p1b: Tiptoeing Torrent|Walking Wake|100\/100\n|-activate|p1b: Tiptoeing Torrent|ability: Protosynthesis\n|-start|p1b: Tiptoeing Torrent|protosynthesisspe\n|turn|7\n|\n|t:|1701055179\n|switch|p2a: Flipper|Basculegion-F, F|62\/100\n|move|p1b: Tiptoeing Torrent|Hydro Steam|p2b: Mobile Factory\n|-damage|p2b: Mobile Factory|8\/100\n|move|p2b: Mobile Factory|Strange Steam|p1b: Tiptoeing Torrent\n|-supereffective|p1b: Tiptoeing Torrent\n|-damage|p1b: Tiptoeing Torrent|39\/100\n|move|p1a: Piston Cup|Scald|p2b: Mobile Factory\n|-damage|p2b: Mobile Factory|0 fnt\n|faint|p2b: Mobile Factory\n|\n|-weather|SunnyDay|[upkeep]\n|-heal|p1b: Tiptoeing Torrent|45\/100|[from] Grassy Terrain\n|-heal|p2a: Flipper|68\/100|[from] Grassy Terrain\n|upkeep\n|\n|t:|1701055195\n|switch|p2b: Minato|Raichu-Alola, F|100\/100\n|turn|8\n|\n|t:|1701055244\n|move|p2b: Minato|Fake Out|p1b: Tiptoeing Torrent\n|-damage|p1b: Tiptoeing Torrent|37\/100\n|cant|p1b: Tiptoeing Torrent|flinch\n|move|p2a: Flipper|Rain Dance|p2a: Flipper\n|-weather|RainDance\n|-end|p1b: Tiptoeing Torrent|Protosynthesis\n|-enditem|p1b: Tiptoeing Torrent|Booster Energy\n|-activate|p1b: Tiptoeing Torrent|ability: Protosynthesis|[fromitem]\n|-start|p1b: Tiptoeing Torrent|protosynthesisspe\n|move|p1a: Piston Cup|Psyshock|p2a: Flipper\n|-damage|p2a: Flipper|41\/100\n|\n|-weather|RainDance|[upkeep]\n|-heal|p1b: Tiptoeing Torrent|43\/100|[from] Grassy Terrain\n|-heal|p2a: Flipper|47\/100|[from] Grassy Terrain\n|-fieldend|move: Grassy Terrain\n|upkeep\n|turn|9\n|\n|t:|1701055298\n|move|p1b: Tiptoeing Torrent|Hydro Steam|p2b: Minato\n|-damage|p2b: Minato|33\/100\n|move|p2a: Flipper|Substitute|p2a: Flipper\n|-start|p2a: Flipper|Substitute\n|-damage|p2a: Flipper|22\/100\n|move|p2b: Minato|Rising Voltage|p1b: Tiptoeing Torrent\n|-damage|p1b: Tiptoeing Torrent|5\/100\n|move|p1a: Piston Cup|Psyshock|p2a: Flipper\n|-end|p2a: Flipper|Substitute\n|\n|-weather|RainDance|[upkeep]\n|upkeep\n|turn|10\n|\n|t:|1701055338\n|move|p2b: Minato|Protect|p2b: Minato\n|-singleturn|p2b: Minato|Protect\n|move|p1b: Tiptoeing Torrent|Hydro Steam|p2b: Minato\n|-activate|p2b: Minato|move: Protect\n|move|p2a: Flipper|Shadow Ball|p1b: Tiptoeing Torrent\n|-damage|p1b: Tiptoeing Torrent|0 fnt\n|faint|p1b: Tiptoeing Torrent\n|-end|p1b: Tiptoeing Torrent|Protosynthesis|[silent]\n|move|p1a: Piston Cup|Psyshock|p2a: Flipper\n|-damage|p2a: Flipper|0 fnt\n|faint|p2a: Flipper\n|\n|-weather|RainDance|[upkeep]\n|upkeep\n|\n|t:|1701055362\n|switch|p1b: Joyboy|Thwackey, M|100\/100\n|switch|p2a: Sumo|Tapu Koko|96\/100\n|-fieldstart|move: Electric Terrain|[from] ability: Electric Surge|[of] p2a: Sumo\n|-fieldstart|move: Grassy Terrain|[from] ability: Grassy Surge|[of] p1b: Joyboy\n|turn|11\n|\n|t:|1701055474\n|detailschange|p1a: Piston Cup|Slowbro-Mega, F, shiny\n|-mega|p1a: Piston Cup|Slowbro|Slowbronite\n|-terastallize|p2b: Minato|Electric\n|move|p1b: Joyboy|Fake Out|p2a: Sumo\n|-damage|p2a: Sumo|84\/100\n|cant|p2a: Sumo|flinch\n|move|p2b: Minato|Rising Voltage|p1a: Piston Cup\n|-supereffective|p1a: Piston Cup\n|-damage|p1a: Piston Cup|28\/100\n|move|p1a: Piston Cup|Scald|p2a: Sumo\n|-damage|p2a: Sumo|2\/100\n|\n|-weather|RainDance|[upkeep]\n|-heal|p2a: Sumo|8\/100|[from] Grassy Terrain\n|-heal|p2b: Minato|39\/100|[from] Grassy Terrain\n|-heal|p1a: Piston Cup|35\/100|[from] Grassy Terrain\n|upkeep\n|turn|12\n|\n|t:|1701055550\n|move|p1b: Joyboy|Grassy Glide|p2a: Sumo\n|-damage|p2a: Sumo|0 fnt\n|faint|p2a: Sumo\n|move|p2b: Minato|Rising Voltage|p1a: Piston Cup\n|-supereffective|p1a: Piston Cup\n|-damage|p1a: Piston Cup|0 fnt\n|faint|p1a: Piston Cup\n|\n|-weather|none\n|-heal|p2b: Minato|45\/100|[from] Grassy Terrain\n|upkeep\n|\n|t:|1701055587\n|switch|p2a: Danny Phantom|Dragapult, M|100\/100\n|switch|p1a: Teddy Roosevelt|Ogerpon-Cornerstone, F|46\/100\n|turn|13\n|\n|t:|1701055671\n|move|p1b: Joyboy|Grassy Glide|p2a: Danny Phantom\n|-resisted|p2a: Danny Phantom\n|-damage|p2a: Danny Phantom|87\/100\n|move|p1a: Teddy Roosevelt|Knock Off|p2a: Danny Phantom\n|-supereffective|p2a: Danny Phantom\n|-damage|p2a: Danny Phantom|0 fnt\n|-enditem|p2a: Danny Phantom|Heavy-Duty Boots|[from] move: Knock Off|[of] p1a: Teddy Roosevelt\n|faint|p2a: Danny Phantom\n|move|p2b: Minato|Psychic|p1a: Teddy Roosevelt\n|-damage|p1a: Teddy Roosevelt|0 fnt\n|faint|p1a: Teddy Roosevelt\n|\n|-heal|p2b: Minato|51\/100|[from] Grassy Terrain\n|upkeep\n|\n|t:|1701055684\n|switch|p2a: Buried Treasure|Metagross, shiny|70\/100\n|turn|14\n|c|\u2606Maybebetterthanu|I HEAR THEM\n|c|\u2606Maybebetterthanu|I HEAR THE DRUMS OF LIBERATION\n|\n|t:|1701055720\n|move|p1b: Joyboy|Knock Off|p2b: Minato\n|-damage|p2b: Minato|17\/100\n|-enditem|p2b: Minato|Heavy-Duty Boots|[from] move: Knock Off|[of] p1b: Joyboy\n|move|p2b: Minato|Rising Voltage|p1b: Joyboy\n|-resisted|p1b: Joyboy\n|-damage|p1b: Joyboy|67\/100\n|move|p2a: Buried Treasure|Meteor Mash|p1b: Joyboy\n|-damage|p1b: Joyboy|15\/100\n|\n|-heal|p1b: Joyboy|21\/100|[from] Grassy Terrain\n|-heal|p2b: Minato|24\/100|[from] Grassy Terrain\n|-heal|p2a: Buried Treasure|76\/100|[from] Grassy Terrain\n|upkeep\n|turn|15\n|\n|t:|1701055754\n|move|p1b: Joyboy|Grassy Glide|p2b: Minato\n|-damage|p2b: Minato|0 fnt\n|faint|p2b: Minato\n|move|p2a: Buried Treasure|Meteor Mash|p1b: Joyboy\n|-damage|p1b: Joyboy|0 fnt\n|-boost|p2a: Buried Treasure|atk|1\n|faint|p1b: Joyboy\n|\n|win|Snorkle Porkle\n|c|\u2606Maybebetterthanu|gg\n","uploadtime":1701055764,"views":18,"p1id":"maybebetterthanu","p2id":"snorkleporkle","formatid":"gen9nationaldexdoubles","rating":0,"private":0,"password":""}