{"id":"gen9nationaldexdoubles-1983389199","p1":"TheBosses27","p2":"Malaksa","format":"[Gen 9] National Dex Doubles","log":"|j|\u2606TheBosses27\n|j|\u2606Malaksa\n|t:|1699124981\n|gametype|doubles\n|player|p1|TheBosses27|bruno|1127\n|player|p2|Malaksa|unknownf|1255\n|teamsize|p1|6\n|teamsize|p2|6\n|gen|9\n|tier|[Gen 9] National Dex Doubles\n|rated|\n|rule|HP Percentage Mod: HP is shown in percentages\n|rule|Endless Battle Clause: Forcing endless battles is banned\n|rule|OHKO Clause: OHKO moves are banned\n|rule|Evasion Moves Clause: Evasion moves are banned\n|rule|Evasion Abilities Clause: Evasion abilities are banned\n|rule|Species Clause: Limit one of each Pok\u00e9mon\n|rule|Gravity Sleep Clause: The combination of sleep-inducing moves with imperfect accuracy and Gravity or Gigantamax Orbeetle are banned\n|clearpoke\n|poke|p1|Indeedee-F, F|\n|poke|p1|Armarouge, F|\n|poke|p1|Mawile, M|\n|poke|p1|Iron Hands|\n|poke|p1|Cresselia, F|\n|poke|p1|Kingambit, F|\n|poke|p2|Moltres-Galar|\n|poke|p2|Ogerpon-Wellspring, F|\n|poke|p2|Aegislash, F|\n|poke|p2|Ursaluna, M|\n|poke|p2|Meloetta|\n|poke|p2|Charizard, F|\n|teampreview\n|inactive|Battle timer is ON: inactive players will automatically lose when time's up. (requested by TheBosses27)\n|inactive|Malaksa also wants the timer to be on.\n|\n|t:|1699124994\n|start\n|switch|p1a: Indeedee|Indeedee-F, F|100\/100\n|switch|p1b: Iron Hands|Iron Hands|100\/100\n|switch|p2a: Moltest|Moltres-Galar|100\/100\n|switch|p2b: Freddy|Ursaluna, M, shiny|100\/100\n|-fieldstart|move: Psychic Terrain|[from] ability: Psychic Surge|[of] p1a: Indeedee\n|turn|1\n|\n|t:|1699125013\n|move|p1a: Indeedee|Protect|p1a: Indeedee\n|-singleturn|p1a: Indeedee|Protect\n|move|p2b: Freddy|Protect|p2b: Freddy\n|-singleturn|p2b: Freddy|Protect\n|move|p2a: Moltest|Taunt|p1a: Indeedee\n|-activate|p1a: Indeedee|move: Protect\n|move|p1b: Iron Hands|Volt Switch|p2a: Moltest\n|-supereffective|p2a: Moltest\n|-damage|p2a: Moltest|83\/100\n|inactive|TheBosses27 has 120 seconds left.\n|\n|t:|1699125044\n|-end|p1b: Iron Hands|Quark Drive|[silent]\n|switch|p1b: Armarouge|Armarouge, F|100\/100|[from] Volt Switch\n|\n|-status|p2b: Freddy|brn|[from] item: Flame Orb\n|upkeep\n|turn|2\n|inactive|Malaksa has 120 seconds left.\n|\n|t:|1699125075\n|move|p1a: Indeedee|Helping Hand|p1b: Armarouge\n|-singleturn|p1b: Armarouge|Helping Hand|[of] p1a: Indeedee\n|move|p2a: Moltest|Taunt|p1a: Indeedee\n|-start|p1a: Indeedee|move: Taunt\n|-enditem|p1a: Indeedee|Mental Herb\n|-end|p1a: Indeedee|move: Taunt\n|move|p1b: Armarouge|Energy Ball|p2b: Freddy\n|-supereffective|p2b: Freddy\n|-damage|p2b: Freddy|2\/100 brn\n|move|p2b: Freddy|Earthquake|p1a: Indeedee|[spread] p1a,p1b\n|-immune|p2a: Moltest\n|-supereffective|p1b: Armarouge\n|-damage|p1a: Indeedee|37\/100\n|-damage|p1b: Armarouge|0 fnt\n|faint|p1b: Armarouge\n|\n|-damage|p2b: Freddy|0 fnt|[from] brn\n|faint|p2b: Freddy\n|upkeep\n|\n|t:|1699125094\n|switch|p1b: Mawile|Mawile, M|100\/100\n|switch|p2b: Dying song|Meloetta|100\/100\n|turn|3\n|\n|t:|1699125108\n|detailschange|p1b: Mawile|Mawile-Mega, M\n|-mega|p1b: Mawile|Mawile|Mawilite\n|move|p1a: Indeedee|Protect|p1a: Indeedee\n|-singleturn|p1a: Indeedee|Protect\n|move|p2a: Moltest|Fiery Wrath|p1a: Indeedee|[spread] p1b\n|-activate|p1a: Indeedee|move: Protect\n|-resisted|p1b: Mawile\n|-damage|p1b: Mawile|86\/100\n|move|p2b: Dying song|Relic Song|p1a: Indeedee|[spread] p1b\n|-activate|p1a: Indeedee|move: Protect\n|-resisted|p1b: Mawile\n|-damage|p1b: Mawile|68\/100\n|-formechange|p2b: Dying song|Meloetta-Pirouette|[msg]\n|cant|p1b: Mawile|flinch\n|\n|upkeep\n|turn|4\n|\n|t:|1699125134\n|switch|p1a: Iron Hands|Iron Hands|100\/100\n|move|p1b: Mawile|Protect|p1b: Mawile\n|-singleturn|p1b: Mawile|Protect\n|move|p2b: Dying song|Thunderbolt|p1a: Iron Hands\n|-resisted|p1a: Iron Hands\n|-damage|p1a: Iron Hands|96\/100\n|move|p2a: Moltest|Tailwind|p2a: Moltest\n|-sidestart|p2: Malaksa|move: Tailwind\n|\n|upkeep\n|turn|5\n|\n|t:|1699125154\n|move|p2a: Moltest|Protect|p2a: Moltest\n|-singleturn|p2a: Moltest|Protect\n|move|p2b: Dying song|Psychic|p1a: Iron Hands\n|-supereffective|p1a: Iron Hands\n|-damage|p1a: Iron Hands|72\/100\n|move|p1b: Mawile|Play Rough|p2a: Moltest\n|-activate|p2a: Moltest|move: Protect\n|move|p1a: Iron Hands|Heavy Slam|p2b: Dying song\n|-damage|p2b: Dying song|65\/100\n|\n|-fieldend|move: Psychic Terrain\n|upkeep\n|turn|6\n|inactive|Malaksa has 120 seconds left.\n|\n|t:|1699125185\n|switch|p2a: Ogerpog|Ogerpon-Wellspring, F|100\/100\n|move|p2b: Dying song|Psychic|p1a: Iron Hands\n|-supereffective|p1a: Iron Hands\n|-damage|p1a: Iron Hands|51\/100\n|move|p1a: Iron Hands|Volt Switch|p2b: Dying song\n|-damage|p2b: Dying song|55\/100\n|\n|t:|1699125196\n|-end|p1a: Iron Hands|Quark Drive|[silent]\n|switch|p1a: Cresselia|Cresselia, F|100\/100|[from] Volt Switch\n|move|p1b: Mawile|Play Rough|p2b: Dying song\n|-supereffective|p2b: Dying song\n|-damage|p2b: Dying song|0 fnt\n|faint|p2b: Dying song\n|\n|upkeep\n|\n|t:|1699125205\n|switch|p2b: Moltest|Moltres-Galar|83\/100\n|turn|7\n|\n|t:|1699125216\n|switch|p1b: Iron Hands|Iron Hands|51\/100\n|move|p2a: Ogerpog|Leech Seed|p1b: Iron Hands\n|-start|p1b: Iron Hands|move: Leech Seed\n|move|p2b: Moltest|Tailwind||[still]\n|-fail|p2b: Moltest\n|move|p1a: Cresselia|Moonblast|p2b: Moltest\n|-supereffective|p2b: Moltest\n|-damage|p2b: Moltest|64\/100\n|\n|-damage|p1b: Iron Hands|39\/100|[from] Leech Seed|[of] p2a: Ogerpog\n|-sideend|p2: Malaksa|move: Tailwind\n|upkeep\n|turn|8\n|\n|t:|1699125235\n|move|p1a: Cresselia|Protect|p1a: Cresselia\n|-singleturn|p1a: Cresselia|Protect\n|move|p2a: Ogerpog|Leech Seed|p1a: Cresselia\n|-activate|p1a: Cresselia|move: Protect\n|move|p2b: Moltest|Taunt|p1a: Cresselia\n|-activate|p1a: Cresselia|move: Protect\n|move|p1b: Iron Hands|Volt Switch|p2a: Ogerpog\n|-damage|p2a: Ogerpog|86\/100\n|\n|t:|1699125245\n|-end|p1b: Iron Hands|Quark Drive|[silent]\n|switch|p1b: Indeedee|Indeedee-F, F|37\/100|[from] Volt Switch\n|-fieldstart|move: Psychic Terrain|[from] ability: Psychic Surge|[of] p1b: Indeedee\n|\n|upkeep\n|turn|9\n|\n|t:|1699125257\n|move|p1b: Indeedee|Follow Me|p1b: Indeedee\n|-singleturn|p1b: Indeedee|move: Follow Me\n|move|p2a: Ogerpog|Ivy Cudgel|p1b: Indeedee\n|-damage|p1b: Indeedee|0 fnt\n|faint|p1b: Indeedee\n|move|p2b: Moltest|Taunt|p1a: Cresselia\n|-start|p1a: Cresselia|move: Taunt\n|cant|p1a: Cresselia|move: Taunt|Trick Room\n|\n|upkeep\n|\n|t:|1699125262\n|switch|p1b: Mawile|Mawile-Mega, M|68\/100\n|turn|10\n|\n|t:|1699125273\n|move|p2a: Ogerpog|Leech Seed|p1b: Mawile\n|-start|p1b: Mawile|move: Leech Seed\n|move|p2b: Moltest|Tailwind|p2b: Moltest\n|-sidestart|p2: Malaksa|move: Tailwind\n|move|p1a: Cresselia|Moonblast|p2b: Moltest\n|-supereffective|p2b: Moltest\n|-damage|p2b: Moltest|46\/100\n|-unboost|p2b: Moltest|spa|1\n|-ability|p2b: Moltest|Berserk|boost\n|-boost|p2b: Moltest|spa|1\n|-enditem|p2b: Moltest|Sitrus Berry|[eat]\n|-heal|p2b: Moltest|70\/100|[from] item: Sitrus Berry\n|move|p1b: Mawile|Play Rough|p2a: Ogerpog\n|-damage|p2a: Ogerpog|0 fnt\n|faint|p2a: Ogerpog\n|\n|upkeep\n|\n|t:|1699125287\n|switch|p2a: Blade|Aegislash, F|100\/100\n|turn|11\n|\n|t:|1699125302\n|switch|p1a: Iron Hands|Iron Hands|39\/100\n|switch|p1b: Kingambit|Kingambit, F|100\/100\n|move|p2b: Moltest|Fiery Wrath|p1a: Iron Hands|[spread] p1a,p1b\n|-resisted|p1a: Iron Hands\n|-resisted|p1b: Kingambit\n|-damage|p1a: Iron Hands|34\/100\n|-damage|p1b: Kingambit|92\/100\n|move|p2a: Blade|Swords Dance|p2a: Blade\n|-boost|p2a: Blade|atk|2\n|\n|-heal|p1b: Kingambit|98\/100|[from] item: Leftovers\n|upkeep\n|turn|12\n|\n|t:|1699125323\n|switch|p2b: Charizard|Charizard, F, shiny|100\/100\n|move|p2a: Blade|King's Shield|p2a: Blade\n|-singleturn|p2a: Blade|Protect\n|move|p1b: Kingambit|Kowtow Cleave|p2a: Blade\n|-activate|p2a: Blade|move: Protect\n|-unboost|p1b: Kingambit|atk|1\n|-ability|p1b: Kingambit|Defiant|boost\n|-boost|p1b: Kingambit|atk|2\n|move|p1a: Iron Hands|Volt Switch|p2b: Charizard\n|-supereffective|p2b: Charizard\n|-damage|p2b: Charizard|64\/100\n|\n|t:|1699125329\n|-end|p1a: Iron Hands|Quark Drive|[silent]\n|switch|p1a: Cresselia|Cresselia, F|100\/100|[from] Volt Switch\n|\n|-heal|p1b: Kingambit|100\/100|[from] item: Leftovers\n|-fieldend|move: Psychic Terrain\n|upkeep\n|turn|13\n|\n|t:|1699125349\n|detailschange|p2b: Charizard|Charizard-Mega-X, F, shiny\n|-mega|p2b: Charizard|Charizard|Charizardite X\n|move|p1b: Kingambit|Protect|p1b: Kingambit\n|-singleturn|p1b: Kingambit|Protect\n|move|p2b: Charizard|Heat Wave|p1a: Cresselia|[spread] p1a\n|-activate|p1b: Kingambit|move: Protect\n|-damage|p1a: Cresselia|79\/100\n|-formechange|p2a: Blade|Aegislash-Blade||[from] ability: Stance Change\n|move|p2a: Blade|Shadow Claw|p1a: Cresselia\n|-supereffective|p1a: Cresselia\n|-damage|p1a: Cresselia|0 fnt\n|faint|p1a: Cresselia\n|-damage|p2a: Blade|91\/100|[from] item: Life Orb\n|\n|-sideend|p2: Malaksa|move: Tailwind\n|upkeep\n|\n|t:|1699125362\n|switch|p1a: Iron Hands|Iron Hands|34\/100\n|turn|14\n|\n|t:|1699125374\n|-formechange|p2a: Blade|Aegislash||[from] ability: Stance Change\n|move|p2a: Blade|King's Shield|p2a: Blade\n|-singleturn|p2a: Blade|Protect\n|move|p1a: Iron Hands|Fake Out|p2b: Charizard\n|-damage|p2b: Charizard|51\/100\n|cant|p2b: Charizard|flinch\n|move|p1b: Kingambit|Kowtow Cleave|p2b: Charizard\n|-damage|p2b: Charizard|0 fnt\n|faint|p2b: Charizard\n|\n|upkeep\n|\n|t:|1699125386\n|switch|p2b: Moltest|Moltres-Galar|70\/100\n|turn|15\n|\n|t:|1699125396\n|move|p2b: Moltest|Tailwind|p2b: Moltest\n|-sidestart|p2: Malaksa|move: Tailwind\n|-formechange|p2a: Blade|Aegislash-Blade||[from] ability: Stance Change\n|move|p2a: Blade|Shadow Claw|p1a: Iron Hands\n|-damage|p1a: Iron Hands|0 fnt\n|faint|p1a: Iron Hands\n|-end|p1a: Iron Hands|Quark Drive|[silent]\n|-damage|p2a: Blade|81\/100|[from] item: Life Orb\n|move|p1b: Kingambit|Kowtow Cleave|p2a: Blade\n|-supereffective|p2a: Blade\n|-crit|p2a: Blade\n|-damage|p2a: Blade|0 fnt\n|faint|p2a: Blade\n|\n|upkeep\n|\n|t:|1699125402\n|switch|p1a: Mawile|Mawile-Mega, M|68\/100\n|turn|16\n|\n|t:|1699125410\n|move|p2b: Moltest|Fiery Wrath|p1a: Mawile|[spread] p1a,p1b\n|-resisted|p1a: Mawile\n|-resisted|p1b: Kingambit\n|-damage|p1a: Mawile|54\/100\n|-damage|p1b: Kingambit|92\/100\n|cant|p1b: Kingambit|flinch\n|move|p1a: Mawile|Play Rough|p2b: Moltest\n|-supereffective|p2b: Moltest\n|-damage|p2b: Moltest|0 fnt\n|faint|p2b: Moltest\n|\n|win|TheBosses27\n|raw|TheBosses27's rating: 1127 &rarr; <strong>1161<\/strong><br \/>(+34 for winning)\n|raw|Malaksa's rating: 1255 &rarr; <strong>1221<\/strong><br \/>(-34 for losing)\n|c|\u2606Malaksa|gg\n|l|\u2606Malaksa\n","uploadtime":1699125424,"views":8,"p1id":"thebosses27","p2id":"malaksa","formatid":"gen9nationaldexdoubles","rating":1161,"private":0,"password":""}