{"id":"gen9nationaldexdoubles-1950372606","p1":"Balazs1102","p2":"icybro12","format":"[Gen 9] National Dex Doubles","log":"|j|\u2606Balazs1102\n|j|\u2606icybro12\n|t:|1695463657\n|gametype|doubles\n|player|p1|Balazs1102|jogger|1111\n|player|p2|icybro12|psychic|1161\n|teamsize|p1|6\n|teamsize|p2|6\n|gen|9\n|tier|[Gen 9] National Dex Doubles\n|rated|\n|rule|HP Percentage Mod: HP is shown in percentages\n|rule|Endless Battle Clause: Forcing endless battles is banned\n|rule|OHKO Clause: OHKO moves are banned\n|rule|Evasion Moves Clause: Evasion moves are banned\n|rule|Evasion Abilities Clause: Evasion abilities are banned\n|rule|Species Clause: Limit one of each Pok\u00e9mon\n|rule|Gravity Sleep Clause: The combination of sleep-inducing moves with imperfect accuracy and Gravity or Gigantamax Orbeetle are banned\n|clearpoke\n|poke|p1|Mawile, F|\n|poke|p1|Mew|\n|poke|p1|Zoroark-Hisui, F|\n|poke|p1|Necrozma|\n|poke|p1|Bewear, M|\n|poke|p1|Leavanny, F|\n|poke|p2|Tornadus, M|\n|poke|p2|Regidrago|\n|poke|p2|Iron Moth|\n|poke|p2|Sandy Shocks|\n|poke|p2|Sceptile, F|\n|poke|p2|Murkrow, F|\n|teampreview\n|inactive|Battle timer is ON: inactive players will automatically lose when time's up. (requested by Balazs1102)\n|c|\u2606Balazs1102|gl\n|c|\u2606icybro12|u2\n|c|\u2606Balazs1102|thanks\n|\n|t:|1695463670\n|start\n|switch|p1a: Leavanny|Leavanny, F|100\/100\n|switch|p1b: Mew|Mew|100\/100\n|switch|p2a: Tornadus|Tornadus, M|100\/100\n|switch|p2b: Regidrago|Regidrago|100\/100\n|turn|1\n|\n|t:|1695463682\n|move|p2a: Tornadus|Tailwind|p2a: Tornadus\n|-sidestart|p2: icybro12|move: Tailwind\n|move|p2b: Regidrago|Dragon Energy|p1a: Leavanny|[spread] p1a,p1b\n|-damage|p1a: Leavanny|0 fnt\n|-damage|p1b: Mew|39\/100\n|replace|p1a: Zoroark|Zoroark-Hisui, F\n|-end|p1a: Zoroark|Illusion\n|faint|p1a: Zoroark\n|move|p1b: Mew|Roar|p1: Zoroark|[notarget]\n|-fail|p1b: Mew\n|\n|-heal|p1b: Mew|45\/100|[from] item: Leftovers\n|upkeep\n|\n|t:|1695463693\n|switch|p1a: Mawile|Mawile, F|100\/100\n|-ability|p1a: Mawile|Intimidate|boost\n|-unboost|p2a: Tornadus|atk|1\n|-unboost|p2b: Regidrago|atk|1\n|turn|2\n|\n|t:|1695463706\n|switch|p2b: Sandy Shocks|Sandy Shocks|100\/100\n|switch|p1b: Bewear|Bewear, M|100\/100\n|detailschange|p1a: Mawile|Mawile-Mega, F\n|-mega|p1a: Mawile|Mawile|Mawilite\n|move|p2a: Tornadus|Bleakwind Storm|p1b: Bewear|[spread] p1a,p1b\n|-resisted|p1a: Mawile\n|-supereffective|p1b: Bewear\n|-damage|p1a: Mawile|77\/100\n|-damage|p1b: Bewear|17\/100\n|-unboost|p1b: Bewear|spe|1\n|move|p1a: Mawile|Play Rough|p2b: Sandy Shocks\n|-damage|p2b: Sandy Shocks|4\/100\n|\n|-heal|p2b: Sandy Shocks|10\/100|[from] item: Leftovers\n|-heal|p1b: Bewear|23\/100|[from] item: Leftovers\n|upkeep\n|turn|3\n|\n|t:|1695463728\n|move|p1a: Mawile|Sucker Punch||[still]\n|-fail|p1a: Mawile\n|move|p2b: Sandy Shocks|Stealth Rock|p1a: Mawile\n|-sidestart|p1: Balazs1102|move: Stealth Rock\n|move|p2a: Tornadus|Bleakwind Storm|p1b: Bewear|[spread] p1a,p1b\n|-resisted|p1a: Mawile\n|-supereffective|p1b: Bewear\n|-damage|p1a: Mawile|56\/100\n|-damage|p1b: Bewear|0 fnt\n|faint|p1b: Bewear\n|\n|-heal|p2b: Sandy Shocks|16\/100|[from] item: Leftovers\n|upkeep\n|\n|t:|1695463739\n|switch|p1b: Necrozma|Necrozma|100\/100\n|-damage|p1b: Necrozma|88\/100|[from] Stealth Rock\n|turn|4\n|\n|t:|1695463746\n|move|p1a: Mawile|Sucker Punch|p2b: Sandy Shocks\n|-damage|p2b: Sandy Shocks|0 fnt\n|faint|p2b: Sandy Shocks\n|-end|p2b: Sandy Shocks|Protosynthesis|[silent]\n|move|p2a: Tornadus|Knock Off|p1b: Necrozma\n|-supereffective|p1b: Necrozma\n|-damage|p1b: Necrozma|66\/100\n|-enditem|p1b: Necrozma|Choice Specs|[from] move: Knock Off|[of] p2a: Tornadus\n|move|p1b: Necrozma|Power Gem|p2a: Tornadus\n|-supereffective|p2a: Tornadus\n|-damage|p2a: Tornadus|31\/100\n|\n|-heal|p2a: Tornadus|38\/100|[from] item: Leftovers\n|-sideend|p2: icybro12|move: Tailwind\n|upkeep\n|\n|t:|1695463758\n|switch|p2b: Sceptile|Sceptile, F|100\/100\n|turn|5\n|\n|t:|1695463767\n|switch|p2a: Murkrow|Murkrow, F|100\/100\n|move|p2b: Sceptile|Protect|p2b: Sceptile\n|-singleturn|p2b: Sceptile|Protect\n|move|p1b: Necrozma|Heat Wave|p2a: Murkrow|[spread] p2a\n|-activate|p2b: Sceptile|move: Protect\n|-damage|p2a: Murkrow|79\/100\n|move|p1a: Mawile|Swords Dance|p1a: Mawile\n|-boost|p1a: Mawile|atk|2\n|\n|upkeep\n|turn|6\n|\n|t:|1695463783\n|detailschange|p2b: Sceptile|Sceptile-Mega, F\n|-mega|p2b: Sceptile|Sceptile|Sceptilite\n|move|p2a: Murkrow|Thunder Wave|p2b: Sceptile\n|-ability|p2b: Sceptile|Lightning Rod|boost\n|-boost|p2b: Sceptile|spa|1\n|move|p2b: Sceptile|Giga Drain|p1b: Necrozma\n|-damage|p1b: Necrozma|10\/100\n|move|p1b: Necrozma|Prismatic Laser|p2b: Sceptile\n|-damage|p2b: Sceptile|0 fnt\n|-mustrecharge|p1b: Necrozma\n|faint|p2b: Sceptile\n|move|p1a: Mawile|Play Rough|p2a: Murkrow\n|-supereffective|p2a: Murkrow\n|-damage|p2a: Murkrow|0 fnt\n|faint|p2a: Murkrow\n|\n|upkeep\n|\n|t:|1695463799\n|switch|p2b: Tornadus|Tornadus, M|38\/100\n|switch|p2a: Iron Moth|Iron Moth|100\/100\n|turn|7\n|\n|t:|1695463809\n|move|p1a: Mawile|Sucker Punch|p2a: Iron Moth\n|-damage|p2a: Iron Moth|0 fnt\n|faint|p2a: Iron Moth\n|-end|p2a: Iron Moth|Quark Drive|[silent]\n|move|p2b: Tornadus|Bleakwind Storm|p1a: Mawile|[spread] p1b\n|-miss|p2b: Tornadus|p1a: Mawile\n|-crit|p1b: Necrozma\n|-damage|p1b: Necrozma|0 fnt\n|faint|p1b: Necrozma\n|\n|-heal|p2b: Tornadus|44\/100|[from] item: Leftovers\n|upkeep\n|c|\u2606Balazs1102|very cracked team isnt it?\n|\n|t:|1695463827\n|switch|p2a: Regidrago|Regidrago|100\/100\n|switch|p1b: Mew|Mew|45\/100\n|-damage|p1b: Mew|32\/100|[from] Stealth Rock\n|turn|8\n|\n|t:|1695463835\n|move|p2a: Regidrago|Earth Power|p1a: Mawile\n|-supereffective|p1a: Mawile\n|-damage|p1a: Mawile|0 fnt\n|faint|p1a: Mawile\n|move|p2b: Tornadus|Knock Off|p2a: Regidrago\n|-damage|p2a: Regidrago|72\/100\n|-enditem|p2a: Regidrago|Choice Specs|[from] move: Knock Off|[of] p2b: Tornadus\n|move|p1b: Mew|Transform|p1: Mawile|[notarget]\n|-fail|p1b: Mew\n|\n|-heal|p2b: Tornadus|50\/100|[from] item: Leftovers\n|-heal|p1b: Mew|39\/100|[from] item: Leftovers\n|upkeep\n|c|\u2606Balazs1102|oof\n|c|\u2606icybro12|ye\n|c|\u2606Balazs1102|oh well\n|\n|t:|1695463847\n|switch|p1a: Leavanny|Leavanny, F|100\/100\n|-damage|p1a: Leavanny|76\/100|[from] Stealth Rock\n|turn|9\n|\n|t:|1695463858\n|-terastallize|p2a: Regidrago|Dragon\n|move|p2b: Tornadus|Tailwind|p2b: Tornadus\n|-sidestart|p2: icybro12|move: Tailwind\n|move|p2a: Regidrago|Dragon Energy|p1b: Mew|[spread] p1a,p1b\n|-damage|p1a: Leavanny|0 fnt\n|-damage|p1b: Mew|0 fnt\n|faint|p1a: Leavanny\n|faint|p1b: Mew\n|\n|win|icybro12\n|raw|Balazs1102's rating: 1111 &rarr; <strong>1090<\/strong><br \/>(-21 for losing)\n|raw|icybro12's rating: 1161 &rarr; <strong>1182<\/strong><br \/>(+21 for winning)\n|c|\u2606icybro12|peace\n|c|\u2606Balazs1102|gg wp\n|c|\u2606icybro12|u2\n","uploadtime":1695463884,"views":10,"p1id":"balazs1102","p2id":"icybro12","formatid":"gen9nationaldexdoubles","rating":1090,"private":0,"password":""}