{"id":"gen9nationaldexdoubles-1951673093","p1":"XxWeatherBoixX","p2":"El Ryuk456","format":"[Gen 9] National Dex Doubles","log":"|j|\u2606XxWeatherBoixX\n|j|\u2606El Ryuk456\n|t:|1695605295\n|gametype|doubles\n|player|p1|XxWeatherBoixX|cyclist|1262\n|player|p2|El Ryuk456|blaine|1234\n|teamsize|p1|6\n|teamsize|p2|6\n|gen|9\n|tier|[Gen 9] National Dex Doubles\n|rated|\n|rule|HP Percentage Mod: HP is shown in percentages\n|rule|Endless Battle Clause: Forcing endless battles is banned\n|rule|OHKO Clause: OHKO moves are banned\n|rule|Evasion Moves Clause: Evasion moves are banned\n|rule|Evasion Abilities Clause: Evasion abilities are banned\n|rule|Species Clause: Limit one of each Pok\u00e9mon\n|rule|Gravity Sleep Clause: The combination of sleep-inducing moves with imperfect accuracy and Gravity or Gigantamax Orbeetle are banned\n|clearpoke\n|poke|p1|Starmie|\n|poke|p1|Gardevoir, M|\n|poke|p1|Mismagius, F|\n|poke|p1|Hitmontop, M|\n|poke|p1|Dragonite, F|\n|poke|p1|Ampharos, F|\n|poke|p2|Lucario, M|\n|poke|p2|Whimsicott, F|\n|poke|p2|Ninetales, F|\n|poke|p2|Blastoise, M|\n|poke|p2|Excadrill, M|\n|poke|p2|Roserade, F|\n|teampreview\n|\n|t:|1695605304\n|start\n|switch|p1a: Hitmontop|Hitmontop, M|100\/100\n|switch|p1b: Ampharos|Ampharos, F|100\/100\n|switch|p2a: Champ|Lucario, M|100\/100\n|switch|p2b: Beso de Mosa|Whimsicott, F, shiny|100\/100\n|-ability|p1a: Hitmontop|Intimidate|boost\n|-unboost|p2a: Champ|atk|1\n|-unboost|p2b: Beso de Mosa|atk|1\n|turn|1\n|\n|t:|1695605320\n|switch|p2b: Speckles|Excadrill, M|100\/100\n|-ability|p2b: Speckles|Mold Breaker\n|switch|p2a: Rosetta|Roserade, F|100\/100\n|move|p1a: Hitmontop|Fake Out|p2a: Rosetta\n|-damage|p2a: Rosetta|85\/100\n|move|p1b: Ampharos|Reflect|p1b: Ampharos\n|-sidestart|p1: XxWeatherBoixX|Reflect\n|\n|upkeep\n|turn|2\n|j| Colorful toots\n|j| S1r.sweepsaLot\n|\n|t:|1695605339\n|switch|p1b: Dragonite|Dragonite, F|100\/100\n|move|p2b: Speckles|Protect|p2b: Speckles\n|-singleturn|p2b: Speckles|Protect\n|move|p2a: Rosetta|Sludge Bomb|p1a: Hitmontop\n|-damage|p1a: Hitmontop|55\/100\n|-status|p1a: Hitmontop|psn\n|move|p1a: Hitmontop|Close Combat|p2b: Speckles\n|-activate|p2b: Speckles|move: Protect\n|\n|-heal|p1a: Hitmontop|61\/100 psn|[from] item: Leftovers\n|-damage|p1a: Hitmontop|49\/100 psn|[from] psn\n|upkeep\n|turn|3\n|l| Colorful toots\n|\n|t:|1695605363\n|switch|p2b: Corruption|Ninetales, F, shiny|100\/100\n|-weather|SunnyDay|[from] ability: Drought|[of] p2b: Corruption\n|-terastallize|p1b: Dragonite|Normal\n|move|p1a: Hitmontop|Helping Hand|p1b: Dragonite\n|-singleturn|p1b: Dragonite|Helping Hand|[of] p1a: Hitmontop\n|move|p1b: Dragonite|Extreme Speed|p2a: Rosetta\n|-damage|p2a: Rosetta|0 fnt\n|faint|p2a: Rosetta\n|\n|-weather|SunnyDay|[upkeep]\n|-heal|p1a: Hitmontop|55\/100 psn|[from] item: Leftovers\n|-damage|p1a: Hitmontop|42\/100 psn|[from] psn\n|upkeep\n|\n|t:|1695605378\n|switch|p2a: Harbor|Blastoise, M|100\/100\n|turn|4\n|\n|t:|1695605384\n|move|p1a: Hitmontop|Helping Hand|p1b: Dragonite\n|-singleturn|p1b: Dragonite|Helping Hand|[of] p1a: Hitmontop\n|move|p2a: Harbor|Fake Out|p1b: Dragonite\n|-damage|p1b: Dragonite|98\/100\n|cant|p1b: Dragonite|flinch\n|move|p2b: Corruption|Will-O-Wisp|p1b: Dragonite\n|-status|p1b: Dragonite|brn\n|\n|-weather|SunnyDay|[upkeep]\n|-heal|p1a: Hitmontop|48\/100 psn|[from] item: Leftovers\n|-damage|p1a: Hitmontop|36\/100 psn|[from] psn\n|-damage|p1b: Dragonite|92\/100 brn|[from] brn\n|upkeep\n|turn|5\n|l| S1r.sweepsaLot\n|\n|t:|1695605400\n|move|p1b: Dragonite|Extreme Speed|p2a: Harbor\n|-damage|p2a: Harbor|75\/100\n|move|p2b: Corruption|Heat Wave|p1a: Hitmontop|[spread] p1a,p1b\n|-crit|p1b: Dragonite\n|-damage|p1a: Hitmontop|8\/100 psn\n|-damage|p1b: Dragonite|40\/100 brn\n|move|p2a: Harbor|Icy Wind|p1b: Dragonite|[spread] p1b\n|-miss|p2a: Harbor|p1a: Hitmontop\n|-damage|p1b: Dragonite|31\/100 brn\n|-unboost|p1b: Dragonite|spe|1\n|move|p1a: Hitmontop|Close Combat|p2a: Harbor\n|-damage|p2a: Harbor|40\/100\n|-unboost|p1a: Hitmontop|def|1\n|-unboost|p1a: Hitmontop|spd|1\n|\n|-weather|SunnyDay|[upkeep]\n|-heal|p2a: Harbor|47\/100|[from] item: Leftovers\n|-heal|p1a: Hitmontop|14\/100 psn|[from] item: Leftovers\n|-damage|p1a: Hitmontop|1\/100 psn|[from] psn\n|-damage|p1b: Dragonite|25\/100 brn|[from] brn\n|upkeep\n|turn|6\n|\n|t:|1695605419\n|move|p1a: Hitmontop|Helping Hand|p1b: Dragonite\n|-singleturn|p1b: Dragonite|Helping Hand|[of] p1a: Hitmontop\n|move|p2a: Harbor|Protect|p2a: Harbor\n|-singleturn|p2a: Harbor|Protect\n|move|p1b: Dragonite|Extreme Speed|p2a: Harbor\n|-activate|p2a: Harbor|move: Protect\n|move|p2b: Corruption|Heat Wave|p1a: Hitmontop|[spread] p1a,p1b\n|-damage|p1a: Hitmontop|0 fnt\n|-damage|p1b: Dragonite|0 fnt\n|faint|p1a: Hitmontop\n|faint|p1b: Dragonite\n|\n|-weather|SunnyDay|[upkeep]\n|-heal|p2a: Harbor|53\/100|[from] item: Leftovers\n|upkeep\n|\n|t:|1695605426\n|switch|p1b: Gardevoir|Gardevoir, M|100\/100\n|switch|p1a: Starmie|Starmie|100\/100\n|turn|7\n|inactive|Battle timer is ON: inactive players will automatically lose when time's up. (requested by El Ryuk456)\n|\n|t:|1695605450\n|detailschange|p1b: Gardevoir|Gardevoir-Mega, M\n|-mega|p1b: Gardevoir|Gardevoir|Gardevoirite\n|move|p1b: Gardevoir|Mystical Fire|p2a: Harbor\n|-resisted|p2a: Harbor\n|-damage|p2a: Harbor|37\/100\n|-unboost|p2a: Harbor|spa|1\n|move|p1a: Starmie|Dazzling Gleam|p2b: Corruption|[spread] p2a,p2b\n|-resisted|p2b: Corruption\n|-damage|p2a: Harbor|19\/100\n|-damage|p2b: Corruption|90\/100\n|-damage|p1a: Starmie|90\/100|[from] item: Life Orb\n|move|p2b: Corruption|Heat Wave|p1a: Starmie|[spread] p1a,p1b\n|-resisted|p1a: Starmie\n|-damage|p1a: Starmie|69\/100\n|-damage|p1b: Gardevoir|72\/100\n|move|p2a: Harbor|Icy Wind|p1b: Gardevoir|[spread] p1a,p1b\n|-resisted|p1a: Starmie\n|-damage|p1a: Starmie|65\/100\n|-damage|p1b: Gardevoir|67\/100\n|-unboost|p1a: Starmie|spe|1\n|-unboost|p1b: Gardevoir|spe|1\n|\n|-weather|none\n|-heal|p2a: Harbor|25\/100|[from] item: Leftovers\n|upkeep\n|turn|8\n|inactive|El Ryuk456 has 120 seconds left.\n|\n|t:|1695605485\n|switch|p1b: Ampharos|Ampharos, F|100\/100\n|move|p2a: Harbor|Protect|p2a: Harbor\n|-singleturn|p2a: Harbor|Protect\n|move|p2b: Corruption|Will-O-Wisp|p1b: Ampharos\n|-status|p1b: Ampharos|brn\n|move|p1a: Starmie|Dazzling Gleam|p2b: Corruption|[spread] p2b\n|-activate|p2a: Harbor|move: Protect\n|-resisted|p2b: Corruption\n|-damage|p2b: Corruption|78\/100\n|-damage|p1a: Starmie|56\/100|[from] item: Life Orb\n|\n|-heal|p2a: Harbor|31\/100|[from] item: Leftovers\n|-damage|p1b: Ampharos|94\/100 brn|[from] brn\n|-sideend|p1: XxWeatherBoixX|Reflect\n|upkeep\n|turn|9\n|\n|t:|1695605506\n|switch|p2a: Speckles|Excadrill, M|100\/100\n|-ability|p2a: Speckles|Mold Breaker\n|move|p2b: Corruption|Will-O-Wisp|p1a: Starmie\n|-status|p1a: Starmie|brn\n|move|p1a: Starmie|Scald|p2b: Corruption\n|-supereffective|p2b: Corruption\n|-crit|p2b: Corruption\n|-damage|p2b: Corruption|0 fnt\n|faint|p2b: Corruption\n|-damage|p1a: Starmie|45\/100 brn|[from] item: Life Orb\n|move|p1b: Ampharos|Light Screen|p1b: Ampharos\n|-sidestart|p1: XxWeatherBoixX|move: Light Screen\n|\n|-damage|p1a: Starmie|39\/100 brn|[from] brn\n|-damage|p1b: Ampharos|88\/100 brn|[from] brn\n|upkeep\n|inactive|El Ryuk456 has 120 seconds left.\n|\n|t:|1695605521\n|switch|p2b: Harbor|Blastoise, M|31\/100\n|turn|10\n|\n|t:|1695605530\n|switch|p1b: Mismagius|Mismagius, F|100\/100\n|move|p2b: Harbor|Fake Out|p1a: Starmie\n|-damage|p1a: Starmie|30\/100 brn\n|-zpower|p2a: Speckles\n|move|p2a: Speckles|Tectonic Rage|p1b: Mismagius|[zeffect]\n|-damage|p1b: Mismagius|0 fnt\n|faint|p1b: Mismagius\n|cant|p1a: Starmie|flinch\n|\n|-heal|p2b: Harbor|37\/100|[from] item: Leftovers\n|-damage|p1a: Starmie|24\/100 brn|[from] brn\n|upkeep\n|\n|t:|1695605548\n|switch|p1b: Ampharos|Ampharos, F|88\/100 brn\n|turn|11\n|\n|t:|1695605553\n|move|p2b: Harbor|Protect|p2b: Harbor\n|-singleturn|p2b: Harbor|Protect\n|move|p2a: Speckles|Earthquake|p1a: Starmie|[spread] p1a,p1b\n|-activate|p2b: Harbor|move: Protect\n|-supereffective|p1b: Ampharos\n|-damage|p1a: Starmie|0 fnt\n|-damage|p1b: Ampharos|23\/100 brn\n|faint|p1a: Starmie\n|move|p1b: Ampharos|Reflect|p1b: Ampharos\n|-sidestart|p1: XxWeatherBoixX|Reflect\n|\n|-heal|p2b: Harbor|44\/100|[from] item: Leftovers\n|-damage|p1b: Ampharos|17\/100 brn|[from] brn\n|upkeep\n|\n|t:|1695605560\n|switch|p1a: Gardevoir|Gardevoir-Mega, M|67\/100\n|turn|12\n|\n|t:|1695605569\n|move|p2b: Harbor|Protect||[still]\n|-fail|p2b: Harbor\n|move|p1a: Gardevoir|Mystical Fire|p2a: Speckles\n|-supereffective|p2a: Speckles\n|-damage|p2a: Speckles|20\/100\n|-unboost|p2a: Speckles|spa|1\n|move|p2a: Speckles|Iron Head|p1a: Gardevoir\n|-supereffective|p1a: Gardevoir\n|-damage|p1a: Gardevoir|0 fnt\n|faint|p1a: Gardevoir\n|move|p1b: Ampharos|Thunderbolt|p2b: Harbor\n|-supereffective|p2b: Harbor\n|-damage|p2b: Harbor|0 fnt\n|faint|p2b: Harbor\n|\n|-damage|p1b: Ampharos|10\/100 brn|[from] brn\n|upkeep\n|\n|t:|1695605574\n|switch|p2b: Beso de Mosa|Whimsicott, F, shiny|100\/100\n|turn|13\n|-message|XxWeatherBoixX forfeited.\n|\n|win|El Ryuk456\n|raw|XxWeatherBoixX's rating: 1262 &rarr; <strong>1235<\/strong><br \/>(-27 for losing)\n|raw|El Ryuk456's rating: 1234 &rarr; <strong>1261<\/strong><br \/>(+27 for winning)\n|l|\u2606XxWeatherBoixX\n","uploadtime":1695605587,"views":7,"p1id":"xxweatherboixx","p2id":"elryuk456","formatid":"gen9nationaldexdoubles","rating":1235,"private":0,"password":""}