{"id":"gen9nationaldexdoubles-1972209263","p1":"Melt W","p2":"Shnipe_Cizy","format":"[Gen 9] National Dex Doubles","log":"|j|\u2606Melt W\n|j|\u2606Shnipe_Cizy\n|t:|1697821674\n|gametype|doubles\n|player|p1|Melt W|101|1166\n|player|p2|Shnipe_Cizy|blackbelt-gen4dp|1447\n|teamsize|p1|6\n|teamsize|p2|6\n|gen|9\n|tier|[Gen 9] National Dex Doubles\n|rated|\n|rule|HP Percentage Mod: HP is shown in percentages\n|rule|Endless Battle Clause: Forcing endless battles is banned\n|rule|OHKO Clause: OHKO moves are banned\n|rule|Evasion Moves Clause: Evasion moves are banned\n|rule|Evasion Abilities Clause: Evasion abilities are banned\n|rule|Species Clause: Limit one of each Pok\u00e9mon\n|rule|Gravity Sleep Clause: The combination of sleep-inducing moves with imperfect accuracy and Gravity or Gigantamax Orbeetle are banned\n|clearpoke\n|poke|p1|Gourgeist-*, M|\n|poke|p1|Chansey, F|\n|poke|p1|Shuckle, M|\n|poke|p1|Tornadus-Therian, M|\n|poke|p1|Iron Hands|\n|poke|p1|Indeedee-F, F|\n|poke|p2|Palafin, M|\n|poke|p2|Incineroar, M|\n|poke|p2|Amoonguss, F|\n|poke|p2|Flutter Mane|\n|poke|p2|Ninetales-Alola, M|\n|poke|p2|Chien-Pao|\n|teampreview\n|\n|t:|1697821693\n|start\n|switch|p1a: Chansey|Chansey, F, shiny|100\/100\n|switch|p1b: Gourgeist|Gourgeist-Small, M, shiny|100\/100\n|switch|p2a: Palafin|Palafin, M|100\/100\n|switch|p2b: Incineroar|Incineroar, M|100\/100\n|-item|p2a: Palafin|Mystic Water|[from] ability: Frisk|[of] p1b: Gourgeist|[identify]\n|-item|p2b: Incineroar|Sitrus Berry|[from] ability: Frisk|[of] p1b: Gourgeist|[identify]\n|-ability|p2b: Incineroar|Intimidate|boost\n|-unboost|p1a: Chansey|atk|1\n|-unboost|p1b: Gourgeist|atk|1\n|turn|1\n|\n|t:|1697821710\n|detailschange|p2a: Palafin|Palafin-Hero, M\n|switch|p2a: Amoonguss|Amoonguss, F|100\/100\n|move|p1b: Gourgeist|Trick-or-Treat|p1a: Chansey\n|-start|p1a: Chansey|typeadd|Ghost|[from] move: Trick-or-Treat\n|move|p2b: Incineroar|Taunt|p1a: Chansey\n|-start|p1a: Chansey|move: Taunt\n|cant|p1a: Chansey|move: Taunt|Thunder Wave\n|\n|upkeep\n|turn|2\n|\n|t:|1697821724\n|switch|p1b: Shuckle|Shuckle, M, shiny|100\/100\n|move|p2b: Incineroar|Flare Blitz|p1b: Shuckle\n|-damage|p1b: Shuckle|64\/100\n|-damage|p2b: Incineroar|95\/100|[from] Recoil\n|move|p1a: Chansey|Seismic Toss|p2b: Incineroar\n|-damage|p2b: Incineroar|69\/100\n|move|p2a: Amoonguss|Spore|p1a: Chansey\n|-status|p1a: Chansey|slp|[from] move: Spore\n|\n|-heal|p1b: Shuckle|70\/100|[from] item: Leftovers\n|upkeep\n|turn|3\n|j| The Fallen X\n|\n|t:|1697821741\n|move|p2b: Incineroar|Parting Shot|p1a: Chansey\n|-unboost|p1a: Chansey|atk|1\n|-unboost|p1a: Chansey|spa|1\n|\n|t:|1697821744\n|switch|p2b: Ninetales|Ninetales-Alola, M, shiny|100\/100|[from] Parting Shot\n|-weather|Snow|[from] ability: Snow Warning|[of] p2b: Ninetales\n|cant|p1a: Chansey|slp\n|move|p2a: Amoonguss|Spore|p1b: Shuckle\n|-status|p1b: Shuckle|slp|[from] move: Spore\n|cant|p1b: Shuckle|slp\n|\n|-weather|Snow|[upkeep]\n|-heal|p1b: Shuckle|76\/100 slp|[from] item: Leftovers\n|-end|p1a: Chansey|move: Taunt\n|upkeep\n|turn|4\n|\n|t:|1697821767\n|switch|p2a: Palafin|Palafin-Hero, M|100\/100\n|-activate|p2a: Palafin|ability: Zero to Hero\n|move|p2b: Ninetales|Aurora Veil|p2b: Ninetales\n|-sidestart|p2: Shnipe_Cizy|move: Aurora Veil\n|-curestatus|p1a: Chansey|slp|[msg]\n|move|p1a: Chansey|Thunder Wave|p2b: Ninetales\n|-status|p2b: Ninetales|par\n|-curestatus|p1b: Shuckle|slp|[msg]\n|move|p1b: Shuckle|Guard Split|p1a: Chansey\n|-activate|p1b: Shuckle|move: Guard Split|[of] p1a: Chansey\n|\n|-weather|Snow|[upkeep]\n|-heal|p1b: Shuckle|82\/100|[from] item: Leftovers\n|upkeep\n|turn|5\n|\n|t:|1697821786\n|switch|p2b: Chien-Pao|Chien-Pao|100\/100\n|-ability|p2b: Chien-Pao|Sword of Ruin\n|-terastallize|p2a: Palafin|Water\n|move|p2a: Palafin|Wave Crash|p1a: Chansey\n|-damage|p1a: Chansey|62\/100\n|-damage|p2a: Palafin|78\/100|[from] Recoil\n|move|p1a: Chansey|Thunder Wave|p2a: Palafin\n|-status|p2a: Palafin|par\n|move|p1b: Shuckle|Sticky Web|p2b: Chien-Pao\n|-sidestart|p2: Shnipe_Cizy|move: Sticky Web\n|\n|-weather|Snow|[upkeep]\n|-heal|p1b: Shuckle|88\/100|[from] item: Leftovers\n|upkeep\n|turn|6\n|\n|t:|1697821811\n|switch|p2b: Incineroar|Incineroar, M|69\/100\n|-activate|p2b: Incineroar|move: Sticky Web\n|-unboost|p2b: Incineroar|spe|1\n|-ability|p2b: Incineroar|Intimidate|boost\n|-unboost|p1a: Chansey|atk|1\n|-unboost|p1b: Shuckle|atk|1\n|move|p1a: Chansey|Thunder Wave|p2b: Incineroar\n|-status|p2b: Incineroar|par\n|move|p2a: Palafin|Wave Crash|p1b: Shuckle\n|-supereffective|p1b: Shuckle\n|-damage|p1b: Shuckle|0 fnt\n|faint|p1b: Shuckle\n|-damage|p2a: Palafin|65\/100 par|[from] Recoil\n|\n|-weather|Snow|[upkeep]\n|upkeep\n|\n|t:|1697821844\n|switch|p1b: Indeedee|Indeedee-F, F|100\/100\n|-fieldstart|move: Psychic Terrain|[from] ability: Psychic Surge|[of] p1b: Indeedee\n|turn|7\n|\n|t:|1697821857\n|move|p1b: Indeedee|Trick|p2a: Palafin\n|-activate|p1b: Indeedee|move: Trick|[of] p2a: Palafin\n|-item|p2a: Palafin|Choice Scarf|[from] move: Trick\n|-item|p1b: Indeedee|Mystic Water|[from] move: Trick\n|move|p2a: Palafin|Wave Crash|p1b: Indeedee\n|-damage|p1b: Indeedee|0 fnt\n|faint|p1b: Indeedee\n|-damage|p2a: Palafin|42\/100 par|[from] Recoil\n|move|p1a: Chansey|Soft-Boiled|p1a: Chansey\n|-heal|p1a: Chansey|100\/100\n|move|p2b: Incineroar|Taunt|p1a: Chansey\n|-start|p1a: Chansey|move: Taunt\n|\n|-weather|none\n|upkeep\n|\n|t:|1697821905\n|switch|p1b: Tornadus|Tornadus-Therian, M|100\/100\n|turn|8\n|\n|t:|1697821913\n|switch|p2a: Ninetales|Ninetales-Alola, M, shiny|100\/100 par\n|-activate|p2a: Ninetales|move: Sticky Web\n|-unboost|p2a: Ninetales|spe|1\n|-weather|Snow|[from] ability: Snow Warning|[of] p2a: Ninetales\n|move|p1b: Tornadus|Bleakwind Storm|p2a: Ninetales|[spread] p2a,p2b\n|-damage|p2a: Ninetales|63\/100 par\n|-damage|p2b: Incineroar|39\/100 par\n|-unboost|p2a: Ninetales|spe|1\n|-enditem|p2b: Incineroar|Sitrus Berry|[eat]\n|-heal|p2b: Incineroar|64\/100 par|[from] item: Sitrus Berry\n|move|p1a: Chansey|Seismic Toss|p2b: Incineroar\n|-damage|p2b: Incineroar|38\/100 par\n|move|p2b: Incineroar|Flare Blitz|p1b: Tornadus\n|-damage|p1b: Tornadus|31\/100\n|-damage|p2b: Incineroar|21\/100 par|[from] Recoil\n|\n|-weather|Snow|[upkeep]\n|upkeep\n|turn|9\n|\n|t:|1697821941\n|switch|p2b: Amoonguss|Amoonguss, F|100\/100\n|-activate|p2b: Amoonguss|move: Sticky Web\n|-unboost|p2b: Amoonguss|spe|1\n|move|p1b: Tornadus|Bleakwind Storm|p2b: Amoonguss|[spread] p2a,p2b\n|-supereffective|p2b: Amoonguss\n|-damage|p2a: Ninetales|29\/100 par\n|-damage|p2b: Amoonguss|38\/100\n|move|p1a: Chansey|Seismic Toss|p2a: Ninetales\n|-damage|p2a: Ninetales|0 fnt\n|faint|p2a: Ninetales\n|\n|-weather|Snow|[upkeep]\n|upkeep\n|\n|t:|1697821951\n|switch|p2a: Palafin|Palafin-Hero, M, tera:Water|42\/100 par\n|-activate|p2a: Palafin|move: Sticky Web\n|-unboost|p2a: Palafin|spe|1\n|turn|10\n|\n|t:|1697821962\n|move|p2a: Palafin|Jet Punch|p1b: Tornadus\n|-hint|Psychic Terrain doesn't affect Pok\u00e9mon immune to Ground.\n|-damage|p1b: Tornadus|0 fnt\n|faint|p1b: Tornadus\n|move|p1a: Chansey|Seismic Toss|p2a: Palafin\n|-damage|p2a: Palafin|17\/100 par\n|move|p2b: Amoonguss|Spore|p1a: Chansey\n|-status|p1a: Chansey|slp|[from] move: Spore\n|\n|-weather|Snow|[upkeep]\n|-end|p1a: Chansey|move: Taunt\n|upkeep\n|\n|t:|1697821978\n|switch|p1b: Gourgeist|Gourgeist-Small, M, shiny|100\/100\n|-item|p2a: Palafin|Choice Scarf|[from] ability: Frisk|[of] p1b: Gourgeist|[identify]\n|-item|p2b: Amoonguss|Aguav Berry|[from] ability: Frisk|[of] p1b: Gourgeist|[identify]\n|turn|11\n|\n|t:|1697822015\n|switch|p2a: Incineroar|Incineroar, M|21\/100 par\n|-activate|p2a: Incineroar|move: Sticky Web\n|-unboost|p2a: Incineroar|spe|1\n|-ability|p2a: Incineroar|Intimidate|boost\n|-unboost|p1a: Chansey|atk|1\n|-unboost|p1b: Gourgeist|atk|1\n|move|p1b: Gourgeist|Flamethrower|p2b: Amoonguss\n|-supereffective|p2b: Amoonguss\n|-damage|p2b: Amoonguss|13\/100\n|-enditem|p2b: Amoonguss|Aguav Berry|[eat]\n|-heal|p2b: Amoonguss|47\/100|[from] item: Aguav Berry\n|cant|p1a: Chansey|slp\n|move|p2b: Amoonguss|Pollen Puff|p2a: Incineroar\n|-heal|p2a: Incineroar|71\/100 par\n|\n|-weather|Snow|[upkeep]\n|-sideend|p2: Shnipe_Cizy|move: Aurora Veil\n|-fieldend|move: Psychic Terrain\n|upkeep\n|turn|12\n|\n|t:|1697822050\n|move|p1b: Gourgeist|Flamethrower|p2b: Amoonguss\n|-supereffective|p2b: Amoonguss\n|-damage|p2b: Amoonguss|12\/100\n|-curestatus|p1a: Chansey|slp|[msg]\n|move|p1a: Chansey|Thunder Wave|p2b: Amoonguss\n|-status|p2b: Amoonguss|par\n|move|p2a: Incineroar|Parting Shot|p1b: Gourgeist\n|-unboost|p1b: Gourgeist|atk|1\n|-unboost|p1b: Gourgeist|spa|1\n|\n|t:|1697822058\n|switch|p2a: Palafin|Palafin-Hero, M, tera:Water|17\/100 par|[from] Parting Shot\n|-activate|p2a: Palafin|move: Sticky Web\n|-unboost|p2a: Palafin|spe|1\n|move|p2b: Amoonguss|Pollen Puff|p2a: Palafin\n|-heal|p2a: Palafin|67\/100 par\n|\n|-weather|none\n|upkeep\n|turn|13\n|\n|t:|1697822078\n|switch|p2a: Incineroar|Incineroar, M|71\/100 par\n|-activate|p2a: Incineroar|move: Sticky Web\n|-unboost|p2a: Incineroar|spe|1\n|-ability|p2a: Incineroar|Intimidate|boost\n|-unboost|p1a: Chansey|atk|1\n|-unboost|p1b: Gourgeist|atk|1\n|move|p2b: Amoonguss|Protect|p2b: Amoonguss\n|-singleturn|p2b: Amoonguss|Protect\n|move|p1b: Gourgeist|Energy Ball|p2a: Incineroar\n|-resisted|p2a: Incineroar\n|-damage|p2a: Incineroar|63\/100 par\n|move|p1a: Chansey|Seismic Toss|p2b: Amoonguss\n|-activate|p2b: Amoonguss|move: Protect\n|\n|upkeep\n|turn|14\n|\n|t:|1697822101\n|switch|p1b: Iron Hands|Iron Hands|100\/100\n|switch|p2b: Flutter Mane|Flutter Mane|100\/100\n|-activate|p2b: Flutter Mane|move: Sticky Web\n|-unboost|p2b: Flutter Mane|spe|1\n|move|p1a: Chansey|Seismic Toss|p2b: Flutter Mane\n|-immune|p2b: Flutter Mane\n|move|p2a: Incineroar|Flare Blitz|p1b: Iron Hands\n|-damage|p1b: Iron Hands|73\/100\n|-damage|p2a: Incineroar|51\/100 par|[from] Recoil\n|\n|-heal|p1b: Iron Hands|79\/100|[from] item: Leftovers\n|upkeep\n|turn|15\n|\n|t:|1697822119\n|move|p1b: Iron Hands|Fake Out|p2a: Incineroar\n|-damage|p2a: Incineroar|39\/100 par\n|move|p2b: Flutter Mane|Moonblast|p1b: Iron Hands\n|-supereffective|p1b: Iron Hands\n|-damage|p1b: Iron Hands|0 fnt\n|faint|p1b: Iron Hands\n|-end|p1b: Iron Hands|Quark Drive|[silent]\n|move|p1a: Chansey|Seismic Toss|p2a: Incineroar\n|-damage|p2a: Incineroar|14\/100 par\n|cant|p2a: Incineroar|flinch\n|\n|upkeep\n|\n|t:|1697822131\n|switch|p1b: Gourgeist|Gourgeist-Small, M, shiny|100\/100\n|-item|p2b: Flutter Mane|Choice Specs|[from] ability: Frisk|[of] p1b: Gourgeist|[identify]\n|turn|16\n|\n|t:|1697822144\n|-end|p2b: Flutter Mane|Protosynthesis|[silent]\n|switch|p2b: Chien-Pao|Chien-Pao|100\/100\n|-activate|p2b: Chien-Pao|move: Sticky Web\n|-unboost|p2b: Chien-Pao|spe|1\n|-ability|p2b: Chien-Pao|Sword of Ruin\n|switch|p2a: Amoonguss|Amoonguss, F|45\/100 par\n|-activate|p2a: Amoonguss|move: Sticky Web\n|-unboost|p2a: Amoonguss|spe|1\n|move|p1b: Gourgeist|Shadow Ball|p2b: Chien-Pao\n|-resisted|p2b: Chien-Pao\n|-damage|p2b: Chien-Pao|80\/100\n|move|p1a: Chansey|Seismic Toss|p2a: Amoonguss\n|-damage|p2a: Amoonguss|22\/100 par\n|\n|upkeep\n|turn|17\n|\n|t:|1697822168\n|move|p2a: Amoonguss|Protect|p2a: Amoonguss\n|-singleturn|p2a: Amoonguss|Protect\n|move|p1b: Gourgeist|Flamethrower|p2a: Amoonguss\n|-activate|p2a: Amoonguss|move: Protect\n|move|p2b: Chien-Pao|Ice Spinner|p1b: Gourgeist\n|-supereffective|p1b: Gourgeist\n|-enditem|p1b: Gourgeist|Focus Sash\n|-damage|p1b: Gourgeist|1\/100\n|move|p1a: Chansey|Thunder Wave|p2b: Chien-Pao|[miss]\n|-miss|p1a: Chansey|p2b: Chien-Pao\n|\n|upkeep\n|turn|18\n|\n|t:|1697822189\n|switch|p2a: Flutter Mane|Flutter Mane|100\/100\n|-activate|p2a: Flutter Mane|move: Sticky Web\n|-unboost|p2a: Flutter Mane|spe|1\n|move|p1b: Gourgeist|Flamethrower|p2a: Flutter Mane\n|-damage|p2a: Flutter Mane|85\/100\n|move|p2b: Chien-Pao|Ice Spinner|p1b: Gourgeist\n|-supereffective|p1b: Gourgeist\n|-damage|p1b: Gourgeist|0 fnt\n|faint|p1b: Gourgeist\n|move|p1a: Chansey|Thunder Wave|p2b: Chien-Pao\n|-status|p2b: Chien-Pao|par\n|\n|upkeep\n|turn|19\n|\n|t:|1697822206\n|-end|p2a: Flutter Mane|Protosynthesis|[silent]\n|switch|p2a: Amoonguss|Amoonguss, F|55\/100 par\n|-activate|p2a: Amoonguss|move: Sticky Web\n|-unboost|p2a: Amoonguss|spe|1\n|move|p2b: Chien-Pao|Protect|p2b: Chien-Pao\n|-singleturn|p2b: Chien-Pao|Protect\n|move|p1a: Chansey|Seismic Toss|p2b: Chien-Pao\n|-activate|p2b: Chien-Pao|move: Protect\n|\n|upkeep\n|turn|20\n|\n|t:|1697822221\n|switch|p2b: Flutter Mane|Flutter Mane|85\/100\n|-activate|p2b: Flutter Mane|move: Sticky Web\n|-unboost|p2b: Flutter Mane|spe|1\n|move|p1a: Chansey|Seismic Toss|p2a: Amoonguss\n|-damage|p2a: Amoonguss|32\/100 par\n|move|p2a: Amoonguss|Spore|p1a: Chansey\n|-status|p1a: Chansey|slp|[from] move: Spore\n|\n|upkeep\n|turn|21\n|\n|t:|1697822233\n|-end|p2b: Flutter Mane|Protosynthesis|[silent]\n|switch|p2b: Incineroar|Incineroar, M|14\/100 par\n|-activate|p2b: Incineroar|move: Sticky Web\n|-unboost|p2b: Incineroar|spe|1\n|-ability|p2b: Incineroar|Intimidate|boost\n|-unboost|p1a: Chansey|atk|1\n|cant|p1a: Chansey|slp\n|cant|p2a: Amoonguss|par\n|\n|upkeep\n|turn|22\n|\n|t:|1697822245\n|cant|p1a: Chansey|slp\n|move|p2b: Incineroar|Taunt|p1a: Chansey\n|-start|p1a: Chansey|move: Taunt\n|cant|p2a: Amoonguss|par\n|\n|upkeep\n|turn|23\n|\n|t:|1697822261\n|switch|p2b: Flutter Mane|Flutter Mane|85\/100\n|-activate|p2b: Flutter Mane|move: Sticky Web\n|-unboost|p2b: Flutter Mane|spe|1\n|switch|p2a: Palafin|Palafin-Hero, M, tera:Water|67\/100 par\n|-activate|p2a: Palafin|move: Sticky Web\n|-unboost|p2a: Palafin|spe|1\n|cant|p1a: Chansey|slp\n|\n|upkeep\n|turn|24\n|\n|t:|1697822272\n|move|p2b: Flutter Mane|Moonblast|p1a: Chansey\n|-damage|p1a: Chansey|88\/100 slp\n|-unboost|p1a: Chansey|spa|1\n|-curestatus|p1a: Chansey|slp|[msg]\n|move|p1a: Chansey|Seismic Toss|p2a: Palafin\n|-damage|p2a: Palafin|42\/100 par\n|move|p2a: Palafin|Wave Crash|p1a: Chansey\n|-damage|p1a: Chansey|65\/100\n|-damage|p2a: Palafin|29\/100 par|[from] Recoil\n|\n|upkeep\n|turn|25\n|\n|t:|1697822286\n|move|p2b: Flutter Mane|Moonblast|p1a: Chansey\n|-damage|p1a: Chansey|53\/100\n|move|p1a: Chansey|Seismic Toss|p2a: Palafin\n|-damage|p2a: Palafin|4\/100 par\n|move|p2a: Palafin|Wave Crash|p1a: Chansey\n|-damage|p1a: Chansey|30\/100\n|-damage|p2a: Palafin|0 fnt|[from] Recoil\n|faint|p2a: Palafin\n|\n|-end|p1a: Chansey|move: Taunt\n|upkeep\n|\n|t:|1697822306\n|switch|p2a: Incineroar|Incineroar, M|14\/100 par\n|-activate|p2a: Incineroar|move: Sticky Web\n|-unboost|p2a: Incineroar|spe|1\n|-ability|p2a: Incineroar|Intimidate|boost\n|-unboost|p1a: Chansey|atk|0\n|turn|26\n|\n|t:|1697822312\n|move|p2b: Flutter Mane|Moonblast|p1a: Chansey\n|-damage|p1a: Chansey|19\/100\n|move|p1a: Chansey|Soft-Boiled|p1a: Chansey\n|-heal|p1a: Chansey|69\/100\n|move|p2a: Incineroar|Taunt|p1a: Chansey\n|-start|p1a: Chansey|move: Taunt\n|\n|upkeep\n|turn|27\n|\n|t:|1697822321\n|switch|p2a: Amoonguss|Amoonguss, F|66\/100 par\n|-activate|p2a: Amoonguss|move: Sticky Web\n|-unboost|p2a: Amoonguss|spe|1\n|move|p2b: Flutter Mane|Moonblast|p1a: Chansey\n|-damage|p1a: Chansey|57\/100\n|move|p1a: Chansey|Seismic Toss|p2a: Amoonguss\n|-damage|p2a: Amoonguss|42\/100 par\n|\n|upkeep\n|turn|28\n|\n|t:|1697822333\n|move|p2b: Flutter Mane|Moonblast|p1a: Chansey\n|-damage|p1a: Chansey|47\/100\n|move|p1a: Chansey|Seismic Toss|p2a: Amoonguss\n|-damage|p2a: Amoonguss|19\/100 par\n|cant|p2a: Amoonguss|par\n|\n|upkeep\n|turn|29\n|\n|t:|1697822347\n|cant|p2a: Amoonguss|par\n|move|p2b: Flutter Mane|Moonblast|p1a: Chansey\n|-damage|p1a: Chansey|35\/100\n|move|p1a: Chansey|Seismic Toss|p2a: Amoonguss\n|-damage|p2a: Amoonguss|0 fnt\n|faint|p2a: Amoonguss\n|\n|-end|p1a: Chansey|move: Taunt\n|upkeep\n|\n|t:|1697822365\n|switch|p2a: Chien-Pao|Chien-Pao|80\/100 par\n|-activate|p2a: Chien-Pao|move: Sticky Web\n|-unboost|p2a: Chien-Pao|spe|1\n|-ability|p2a: Chien-Pao|Sword of Ruin\n|turn|30\n|\n|t:|1697822370\n|move|p2b: Flutter Mane|Moonblast|p1a: Chansey\n|-damage|p1a: Chansey|23\/100\n|move|p1a: Chansey|Soft-Boiled|p1a: Chansey\n|-heal|p1a: Chansey|73\/100\n|cant|p2a: Chien-Pao|par\n|\n|upkeep\n|turn|31\n|\n|t:|1697822384\n|move|p2b: Flutter Mane|Moonblast|p1a: Chansey\n|-damage|p1a: Chansey|61\/100\n|-unboost|p1a: Chansey|spa|1\n|move|p1a: Chansey|Seismic Toss|p2a: Chien-Pao\n|-damage|p2a: Chien-Pao|47\/100 par\n|move|p2a: Chien-Pao|Ice Spinner|p1a: Chansey\n|-damage|p1a: Chansey|48\/100\n|\n|upkeep\n|turn|32\n|\n|t:|1697822396\n|switch|p2a: Incineroar|Incineroar, M|14\/100 par\n|-activate|p2a: Incineroar|move: Sticky Web\n|-unboost|p2a: Incineroar|spe|1\n|-ability|p2a: Incineroar|Intimidate|boost\n|-unboost|p1a: Chansey|atk|0\n|move|p2b: Flutter Mane|Moonblast|p1a: Chansey\n|-damage|p1a: Chansey|36\/100\n|-unboost|p1a: Chansey|spa|1\n|move|p1a: Chansey|Soft-Boiled|p1a: Chansey\n|-heal|p1a: Chansey|86\/100\n|\n|upkeep\n|turn|33\n|\n|t:|1697822413\n|switch|p2a: Chien-Pao|Chien-Pao|47\/100 par\n|-activate|p2a: Chien-Pao|move: Sticky Web\n|-unboost|p2a: Chien-Pao|spe|1\n|-ability|p2a: Chien-Pao|Sword of Ruin\n|move|p2b: Flutter Mane|Moonblast|p1a: Chansey\n|-damage|p1a: Chansey|73\/100\n|move|p1a: Chansey|Seismic Toss|p2a: Chien-Pao\n|-damage|p2a: Chien-Pao|14\/100 par\n|\n|upkeep\n|turn|34\n|\n|t:|1697822427\n|-end|p2b: Flutter Mane|Protosynthesis|[silent]\n|switch|p2b: Incineroar|Incineroar, M|14\/100 par\n|-activate|p2b: Incineroar|move: Sticky Web\n|-unboost|p2b: Incineroar|spe|1\n|-ability|p2b: Incineroar|Intimidate|boost\n|-unboost|p1a: Chansey|atk|0\n|move|p1a: Chansey|Seismic Toss|p2a: Chien-Pao\n|-damage|p2a: Chien-Pao|0 fnt\n|faint|p2a: Chien-Pao\n|\n|upkeep\n|\n|t:|1697822434\n|switch|p2a: Flutter Mane|Flutter Mane|85\/100\n|-activate|p2a: Flutter Mane|move: Sticky Web\n|-unboost|p2a: Flutter Mane|spe|1\n|turn|35\n|\n|t:|1697822440\n|move|p2a: Flutter Mane|Dazzling Gleam|p1a: Chansey\n|-damage|p1a: Chansey|63\/100\n|move|p1a: Chansey|Seismic Toss|p2b: Incineroar\n|-damage|p2b: Incineroar|0 fnt\n|faint|p2b: Incineroar\n|\n|upkeep\n|turn|36\n|\n|t:|1697822459\n|move|p2a: Flutter Mane|Dazzling Gleam|p1a: Chansey\n|-damage|p1a: Chansey|54\/100\n|move|p1a: Chansey|Thunder Wave|p2a: Flutter Mane|[miss]\n|-miss|p1a: Chansey|p2a: Flutter Mane\n|\n|upkeep\n|turn|37\n|\n|t:|1697822476\n|move|p2a: Flutter Mane|Dazzling Gleam|p1a: Chansey\n|-damage|p1a: Chansey|45\/100\n|move|p1a: Chansey|Seismic Toss|p2a: Flutter Mane\n|-immune|p2a: Flutter Mane\n|\n|upkeep\n|turn|38\n|\n|t:|1697822491\n|move|p2a: Flutter Mane|Dazzling Gleam|p1a: Chansey\n|-damage|p1a: Chansey|34\/100\n|move|p1a: Chansey|Soft-Boiled|p1a: Chansey\n|-heal|p1a: Chansey|84\/100\n|\n|upkeep\n|turn|39\n|-message|Shnipe_Cizy forfeited.\n|\n|win|Melt W\n|raw|Melt W's rating: 1166 &rarr; <strong>1208<\/strong><br \/>(+42 for winning)\n|raw|Shnipe_Cizy's rating: 1447 &rarr; <strong>1414<\/strong><br \/>(-33 for losing)\n","uploadtime":1697822507,"views":11,"p1id":"meltw","p2id":"shnipecizy","formatid":"gen9nationaldexdoubles","rating":1208,"private":0,"password":""}