{"id":"gen9nationaldexdoubles-1985610507","p1":"Alankazam94","p2":"SORRY NOOB U LOSE","format":"[Gen 9] National Dex Doubles","log":"|j|\u2606Alankazam94\n|j|\u2606SORRY NOOB U LOSE\n|t:|1699388855\n|gametype|doubles\n|player|p1|Alankazam94|acetrainer-gen4dp|1116\n|player|p2|SORRY NOOB U LOSE|picnicker|1101\n|teamsize|p1|6\n|teamsize|p2|6\n|gen|9\n|tier|[Gen 9] National Dex Doubles\n|rated|\n|rule|HP Percentage Mod: HP is shown in percentages\n|rule|Endless Battle Clause: Forcing endless battles is banned\n|rule|OHKO Clause: OHKO moves are banned\n|rule|Evasion Moves Clause: Evasion moves are banned\n|rule|Evasion Abilities Clause: Evasion abilities are banned\n|rule|Species Clause: Limit one of each Pok\u00e9mon\n|rule|Gravity Sleep Clause: The combination of sleep-inducing moves with imperfect accuracy and Gravity or Gigantamax Orbeetle are banned\n|clearpoke\n|poke|p1|Ludicolo, M|\n|poke|p1|Kingdra, M|\n|poke|p1|Pelipper, M|\n|poke|p1|Toxicroak, M|\n|poke|p1|Ferrothorn, M|\n|poke|p1|Milotic, F|\n|poke|p2|Indeedee, M|\n|poke|p2|Deoxys-Attack|\n|poke|p2|Typhlosion, M|\n|poke|p2|Kartana|\n|poke|p2|Murkrow, M|\n|poke|p2|Shuckle, M|\n|teampreview\n|\n|t:|1699388872\n|start\n|switch|p1a: Pelipper|Pelipper, M|100\/100\n|switch|p1b: Toxicroak|Toxicroak, M|100\/100\n|switch|p2a: Murkrow|Murkrow, M|100\/100\n|switch|p2b: Shuckle|Shuckle, M|100\/100\n|-weather|RainDance|[from] ability: Drizzle|[of] p1a: Pelipper\n|turn|1\n|\n|t:|1699388891\n|move|p2a: Murkrow|Taunt|p1a: Pelipper\n|-start|p1a: Pelipper|move: Taunt\n|move|p1b: Toxicroak|Poison Jab|p2a: Murkrow\n|-damage|p2a: Murkrow|48\/100\n|move|p1a: Pelipper|Scald|p2a: Murkrow\n|-damage|p2a: Murkrow|0 fnt\n|faint|p2a: Murkrow\n|move|p2b: Shuckle|Sticky Web|p1b: Toxicroak\n|-sidestart|p1: Alankazam94|move: Sticky Web\n|\n|-weather|RainDance|[upkeep]\n|upkeep\n|inactive|Battle timer is ON: inactive players will automatically lose when time's up. (requested by Alankazam94)\n|inactive|SORRY NOOB U LOSE has 120 seconds left.\n|inactive|SORRY NOOB U LOSE has 90 seconds left.\n|\n|t:|1699388955\n|switch|p2a: Deoxys|Deoxys-Attack|100\/100\n|-ability|p2a: Deoxys|Pressure\n|turn|2\n|\n|t:|1699388966\n|move|p1b: Toxicroak|Sucker Punch|p2a: Deoxys\n|-supereffective|p2a: Deoxys\n|-enditem|p2a: Deoxys|Focus Sash\n|-damage|p2a: Deoxys|1\/100\n|move|p2a: Deoxys|Psyshock|p1b: Toxicroak\n|-supereffective|p1b: Toxicroak\n|-damage|p1b: Toxicroak|0 fnt\n|faint|p1b: Toxicroak\n|move|p1a: Pelipper|U-turn|p2a: Deoxys\n|-supereffective|p2a: Deoxys\n|-damage|p2a: Deoxys|0 fnt\n|faint|p2a: Deoxys\n|\n|t:|1699388979\n|switch|p1a: Ferrothorn|Ferrothorn, M|100\/100|[from] U-turn\n|-activate|p1a: Ferrothorn|move: Sticky Web\n|-unboost|p1a: Ferrothorn|spe|1\n|move|p2b: Shuckle|Stealth Rock|p1a: Ferrothorn\n|-sidestart|p1: Alankazam94|move: Stealth Rock\n|\n|-weather|RainDance|[upkeep]\n|upkeep\n|inactive|SORRY NOOB U LOSE has 120 seconds left.\n|\n|t:|1699389029\n|switch|p2a: Typhlosion|Typhlosion, M|100\/100\n|switch|p1b: Ludicolo|Ludicolo, M|100\/100\n|-activate|p1b: Ludicolo|move: Sticky Web\n|-unboost|p1b: Ludicolo|spe|1\n|-damage|p1b: Ludicolo|88\/100|[from] Stealth Rock\n|turn|3\n|inactive|SORRY NOOB U LOSE has 120 seconds left.\n|\n|t:|1699389055\n|move|p2a: Typhlosion|Seismic Toss|p1b: Ludicolo\n|-damage|p1b: Ludicolo|61\/100\n|move|p1b: Ludicolo|Hydro Pump|p2a: Typhlosion|[miss]\n|-miss|p1b: Ludicolo|p2a: Typhlosion\n|move|p1a: Ferrothorn|Leech Seed|p2b: Shuckle\n|-start|p2b: Shuckle|move: Leech Seed\n|move|p2b: Shuckle|Power Split|p1a: Ferrothorn\n|-activate|p2b: Shuckle|move: Power Split|[of] p1a: Ferrothorn\n|\n|-weather|RainDance|[upkeep]\n|-heal|p1b: Ludicolo|67\/100|[from] ability: Rain Dish\n|-heal|p1b: Ludicolo|73\/100|[from] item: Leftovers\n|-damage|p2b: Shuckle|88\/100|[from] Leech Seed|[of] p1a: Ferrothorn\n|upkeep\n|turn|4\n|inactive|SORRY NOOB U LOSE has 120 seconds left.\n|inactive|SORRY NOOB U LOSE has 90 seconds left.\n|\n|t:|1699389106\n|switch|p2b: Kartana|Kartana|100\/100\n|move|p1a: Ferrothorn|Protect|p1a: Ferrothorn\n|-singleturn|p1a: Ferrothorn|Protect\n|move|p2a: Typhlosion|Seismic Toss|p1b: Ludicolo\n|-damage|p1b: Ludicolo|45\/100\n|move|p1b: Ludicolo|Hydro Pump|p2a: Typhlosion\n|-supereffective|p2a: Typhlosion\n|-damage|p2a: Typhlosion|0 fnt\n|faint|p2a: Typhlosion\n|\n|-weather|RainDance|[upkeep]\n|-heal|p1b: Ludicolo|51\/100|[from] ability: Rain Dish\n|-heal|p1b: Ludicolo|57\/100|[from] item: Leftovers\n|upkeep\n|\n|t:|1699389116\n|switch|p2a: Indeedee|Indeedee, M|100\/100\n|-fieldstart|move: Psychic Terrain|[from] ability: Psychic Surge|[of] p2a: Indeedee\n|turn|5\n|inactive|SORRY NOOB U LOSE has 90 seconds left.\n|\n|t:|1699389142\n|-terastallize|p2a: Indeedee|Psychic\n|move|p2b: Kartana|Leaf Blade|p1b: Ludicolo\n|-damage|p1b: Ludicolo|0 fnt\n|faint|p1b: Ludicolo\n|-ability|p2b: Kartana|Beast Boost|boost\n|-boost|p2b: Kartana|atk|1\n|move|p2a: Indeedee|Expanding Force|p1a: Ferrothorn\n|-resisted|p1a: Ferrothorn\n|-damage|p1a: Ferrothorn|64\/100\n|move|p1a: Ferrothorn|Leech Seed|p2a: Indeedee\n|-start|p2a: Indeedee|move: Leech Seed\n|\n|-weather|RainDance|[upkeep]\n|-heal|p1a: Ferrothorn|70\/100|[from] item: Leftovers\n|-damage|p2a: Indeedee|88\/100|[from] Leech Seed|[of] p1a: Ferrothorn\n|-heal|p1a: Ferrothorn|79\/100|[silent]\n|upkeep\n|inactive|Alankazam94 has 120 seconds left.\n|\n|t:|1699389171\n|switch|p1b: Kingdra|Kingdra, M|100\/100\n|-activate|p1b: Kingdra|move: Sticky Web\n|-unboost|p1b: Kingdra|spe|1\n|-damage|p1b: Kingdra|88\/100|[from] Stealth Rock\n|turn|6\n|\n|t:|1699389181\n|move|p1a: Ferrothorn|Protect|p1a: Ferrothorn\n|-singleturn|p1a: Ferrothorn|Protect\n|move|p2b: Kartana|Leaf Blade|p1b: Kingdra\n|-damage|p1b: Kingdra|0 fnt\n|faint|p1b: Kingdra\n|-ability|p2b: Kartana|Beast Boost|boost\n|-boost|p2b: Kartana|atk|1\n|move|p2a: Indeedee|Expanding Force|p1a: Ferrothorn\n|-activate|p1a: Ferrothorn|move: Protect\n|\n|-weather|RainDance|[upkeep]\n|-heal|p1a: Ferrothorn|85\/100|[from] item: Leftovers\n|-damage|p2a: Indeedee|76\/100|[from] Leech Seed|[of] p1a: Ferrothorn\n|-heal|p1a: Ferrothorn|95\/100|[silent]\n|upkeep\n|\n|t:|1699389194\n|switch|p1b: Milotic|Milotic, F, shiny|100\/100\n|-activate|p1b: Milotic|move: Sticky Web\n|-unboost|p1b: Milotic|spe|1\n|-ability|p1b: Milotic|Competitive|boost\n|-boost|p1b: Milotic|spa|2\n|-damage|p1b: Milotic|88\/100|[from] Stealth Rock\n|turn|7\n|\n|t:|1699389206\n|move|p1b: Milotic|Protect|p1b: Milotic\n|-singleturn|p1b: Milotic|Protect\n|move|p2b: Kartana|Leaf Blade|p1b: Milotic\n|-activate|p1b: Milotic|move: Protect\n|move|p2a: Indeedee|Expanding Force|p1a: Ferrothorn|[spread] p1a\n|-activate|p1b: Milotic|move: Protect\n|-resisted|p1a: Ferrothorn\n|-damage|p1a: Ferrothorn|65\/100\n|move|p1a: Ferrothorn|Power Whip|p2b: Kartana\n|-resisted|p2b: Kartana\n|-damage|p2b: Kartana|95\/100\n|\n|-weather|RainDance|[upkeep]\n|-heal|p1b: Milotic|94\/100|[from] item: Leftovers\n|-heal|p1a: Ferrothorn|71\/100|[from] item: Leftovers\n|-damage|p2a: Indeedee|64\/100|[from] Leech Seed|[of] p1a: Ferrothorn\n|-heal|p1a: Ferrothorn|80\/100|[silent]\n|upkeep\n|turn|8\n|\n|t:|1699389231\n|move|p2b: Kartana|Leaf Blade|p1b: Milotic\n|-supereffective|p1b: Milotic\n|-damage|p1b: Milotic|0 fnt\n|faint|p1b: Milotic\n|-ability|p2b: Kartana|Beast Boost|boost\n|-boost|p2b: Kartana|atk|1\n|move|p2a: Indeedee|Expanding Force|p1a: Ferrothorn\n|-resisted|p1a: Ferrothorn\n|-damage|p1a: Ferrothorn|40\/100\n|move|p1a: Ferrothorn|Gyro Ball|p2a: Indeedee\n|-damage|p2a: Indeedee|10\/100\n|\n|-weather|none\n|-heal|p1a: Ferrothorn|46\/100|[from] item: Leftovers\n|-damage|p2a: Indeedee|0 fnt|[from] Leech Seed|[of] p1a: Ferrothorn\n|-heal|p1a: Ferrothorn|53\/100|[silent]\n|faint|p2a: Indeedee\n|upkeep\n|j| ChainlessJoe\n|\n|t:|1699389245\n|switch|p2a: Shuckle|Shuckle, M|88\/100\n|switch|p1b: Pelipper|Pelipper, M|100\/100\n|-damage|p1b: Pelipper|75\/100|[from] Stealth Rock\n|-weather|RainDance|[from] ability: Drizzle|[of] p1b: Pelipper\n|turn|9\n|\n|t:|1699389260\n|move|p2b: Kartana|Leaf Blade|p1b: Pelipper\n|-damage|p1b: Pelipper|0 fnt\n|faint|p1b: Pelipper\n|-ability|p2b: Kartana|Beast Boost|boost\n|-boost|p2b: Kartana|atk|1\n|move|p1a: Ferrothorn|Leech Seed|p2a: Shuckle\n|-start|p2a: Shuckle|move: Leech Seed\n|move|p2a: Shuckle|Power Split|p1a: Ferrothorn\n|-activate|p2a: Shuckle|move: Power Split|[of] p1a: Ferrothorn\n|\n|-weather|RainDance|[upkeep]\n|-heal|p1a: Ferrothorn|59\/100|[from] item: Leftovers\n|-damage|p2a: Shuckle|76\/100|[from] Leech Seed|[of] p1a: Ferrothorn\n|-heal|p1a: Ferrothorn|68\/100|[silent]\n|-fieldend|move: Psychic Terrain\n|upkeep\n|turn|10\n|\n|t:|1699389276\n|move|p1a: Ferrothorn|Protect|p1a: Ferrothorn\n|-singleturn|p1a: Ferrothorn|Protect\n|move|p2b: Kartana|Leaf Blade|p1a: Ferrothorn\n|-activate|p1a: Ferrothorn|move: Protect\n|move|p2a: Shuckle|Power Split|p1a: Ferrothorn\n|-activate|p1a: Ferrothorn|move: Protect\n|\n|-weather|RainDance|[upkeep]\n|-heal|p1a: Ferrothorn|74\/100|[from] item: Leftovers\n|-damage|p2a: Shuckle|64\/100|[from] Leech Seed|[of] p1a: Ferrothorn\n|-heal|p1a: Ferrothorn|83\/100|[silent]\n|upkeep\n|turn|11\n|\n|t:|1699389298\n|move|p2b: Kartana|Leaf Blade|p1a: Ferrothorn\n|-resisted|p1a: Ferrothorn\n|-damage|p1a: Ferrothorn|45\/100\n|-damage|p2b: Kartana|82\/100|[from] ability: Iron Barbs|[of] p1a: Ferrothorn\n|move|p1a: Ferrothorn|Gyro Ball|p2b: Kartana\n|-resisted|p2b: Kartana\n|-damage|p2b: Kartana|74\/100\n|move|p2a: Shuckle|Toxic|p1a: Ferrothorn\n|-immune|p1a: Ferrothorn\n|\n|-weather|RainDance|[upkeep]\n|-heal|p1a: Ferrothorn|51\/100|[from] item: Leftovers\n|-damage|p2a: Shuckle|51\/100|[from] Leech Seed|[of] p1a: Ferrothorn\n|-heal|p1a: Ferrothorn|60\/100|[silent]\n|upkeep\n|turn|12\n|l| ChainlessJoe\n|\n|t:|1699389319\n|move|p1a: Ferrothorn|Protect|p1a: Ferrothorn\n|-singleturn|p1a: Ferrothorn|Protect\n|move|p2b: Kartana|Leaf Blade|p1a: Ferrothorn\n|-activate|p1a: Ferrothorn|move: Protect\n|move|p2a: Shuckle|Toxic|p1a: Ferrothorn\n|-activate|p1a: Ferrothorn|move: Protect\n|\n|-weather|RainDance|[upkeep]\n|-heal|p1a: Ferrothorn|66\/100|[from] item: Leftovers\n|-damage|p2a: Shuckle|39\/100|[from] Leech Seed|[of] p1a: Ferrothorn\n|-heal|p1a: Ferrothorn|75\/100|[silent]\n|upkeep\n|turn|13\n|\n|t:|1699389335\n|move|p2b: Kartana|Leaf Blade|p1a: Ferrothorn\n|-resisted|p1a: Ferrothorn\n|-damage|p1a: Ferrothorn|37\/100\n|-damage|p2b: Kartana|62\/100|[from] ability: Iron Barbs|[of] p1a: Ferrothorn\n|move|p1a: Ferrothorn|Gyro Ball|p2b: Kartana\n|-resisted|p2b: Kartana\n|-damage|p2b: Kartana|54\/100\n|move|p2a: Shuckle|Power Split|p1a: Ferrothorn\n|-activate|p2a: Shuckle|move: Power Split|[of] p1a: Ferrothorn\n|\n|-weather|RainDance|[upkeep]\n|-heal|p1a: Ferrothorn|43\/100|[from] item: Leftovers\n|-damage|p2a: Shuckle|27\/100|[from] Leech Seed|[of] p1a: Ferrothorn\n|-heal|p1a: Ferrothorn|52\/100|[silent]\n|upkeep\n|turn|14\n|\n|t:|1699389348\n|move|p1a: Ferrothorn|Protect|p1a: Ferrothorn\n|-singleturn|p1a: Ferrothorn|Protect\n|move|p2b: Kartana|Leaf Blade|p2a: Shuckle\n|-damage|p2a: Shuckle|0 fnt\n|faint|p2a: Shuckle\n|-ability|p2b: Kartana|Beast Boost|boost\n|-boost|p2b: Kartana|atk|1\n|\n|-weather|RainDance|[upkeep]\n|-heal|p1a: Ferrothorn|58\/100|[from] item: Leftovers\n|upkeep\n|turn|15\n|c|\u2606Alankazam94|jaaja ok eso no lo vi venir\n|\n|t:|1699389369\n|move|p2b: Kartana|Leaf Blade|p1a: Ferrothorn\n|-resisted|p1a: Ferrothorn\n|-damage|p1a: Ferrothorn|14\/100\n|-damage|p2b: Kartana|42\/100|[from] ability: Iron Barbs|[of] p1a: Ferrothorn\n|move|p1a: Ferrothorn|Leech Seed|p2b: Kartana\n|-immune|p2b: Kartana\n|\n|-weather|RainDance|[upkeep]\n|-heal|p1a: Ferrothorn|20\/100|[from] item: Leftovers\n|upkeep\n|turn|16\n|\n|t:|1699389378\n|move|p1a: Ferrothorn|Protect|p1a: Ferrothorn\n|-singleturn|p1a: Ferrothorn|Protect\n|move|p2b: Kartana|Leaf Blade|p1a: Ferrothorn\n|-activate|p1a: Ferrothorn|move: Protect\n|\n|-weather|none\n|-heal|p1a: Ferrothorn|26\/100|[from] item: Leftovers\n|upkeep\n|turn|17\n|\n|t:|1699389388\n|move|p2b: Kartana|Leaf Blade|p1a: Ferrothorn\n|-resisted|p1a: Ferrothorn\n|-damage|p1a: Ferrothorn|0 fnt\n|-damage|p2b: Kartana|29\/100|[from] ability: Iron Barbs|[of] p1a: Ferrothorn\n|faint|p1a: Ferrothorn\n|\n|win|SORRY NOOB U LOSE\n|raw|Alankazam94's rating: 1116 &rarr; <strong>1094<\/strong><br \/>(-22 for losing)\n|raw|SORRY NOOB U LOSE's rating: 1151 &rarr; <strong>1173<\/strong><br \/>(+22 for winning)\n|l|\u2606Alankazam94\n","uploadtime":1699389402,"views":5,"p1id":"alankazam94","p2id":"sorrynoobulose","formatid":"gen9nationaldexdoubles","rating":1094,"private":0,"password":""}