{"id":"gen9nationaldexdoubles-1962825851","p1":"kingaaronroyalblue","p2":"Masoon","format":"[Gen 9] National Dex Doubles","log":"|j|\u2606kingaaronroyalblue\n|j|\u2606Masoon\n|t:|1696795846\n|gametype|doubles\n|player|p1|kingaaronroyalblue|1|1059\n|player|p2|Masoon|teamrocket|1072\n|teamsize|p1|6\n|teamsize|p2|6\n|gen|9\n|tier|[Gen 9] National Dex Doubles\n|rated|\n|rule|HP Percentage Mod: HP is shown in percentages\n|rule|Endless Battle Clause: Forcing endless battles is banned\n|rule|OHKO Clause: OHKO moves are banned\n|rule|Evasion Moves Clause: Evasion moves are banned\n|rule|Evasion Abilities Clause: Evasion abilities are banned\n|rule|Species Clause: Limit one of each Pok\u00e9mon\n|rule|Gravity Sleep Clause: The combination of sleep-inducing moves with imperfect accuracy and Gravity or Gigantamax Orbeetle are banned\n|clearpoke\n|poke|p1|Mimikyu, M|\n|poke|p1|Vikavolt, M|\n|poke|p1|Mudsdale, M|\n|poke|p1|Ninetales-Alola, M|\n|poke|p1|Oricorio-Sensu, M|\n|poke|p1|Tsareena, F|\n|poke|p2|Arbok, F|\n|poke|p2|Weezing, M|\n|poke|p2|Meowth, M|\n|poke|p2|Wobbuffet, M|\n|poke|p2|Victreebel, M|\n|poke|p2|Mimikyu, F|\n|teampreview\n|inactive|Battle timer is ON: inactive players will automatically lose when time's up. (requested by kingaaronroyalblue)\n|inactive|kingaaronroyalblue has 120 seconds left.\n|\n|t:|1696795883\n|start\n|switch|p1a: Mimikyu|Mimikyu, M, shiny|100\/100\n|switch|p1b: Legacy|Tsareena, F|100\/100\n|switch|p2a: Jessie|Arbok, F|100\/100\n|switch|p2b: James|Weezing, M|100\/100\n|-ability|p2a: Jessie|Intimidate|boost\n|-unboost|p1a: Mimikyu|atk|1\n|-unboost|p1b: Legacy|atk|1\n|turn|1\n|c|\u2606Masoon|Prepare for trouble\n|c|\u2606Masoon|and make it double~\n|\n|t:|1696795899\n|move|p2a: Jessie|Coil|p2a: Jessie\n|-boost|p2a: Jessie|atk|1\n|-boost|p2a: Jessie|def|1\n|-boost|p2a: Jessie|accuracy|1\n|move|p1b: Legacy|Knock Off|p2a: Jessie\n|-damage|p2a: Jessie|76\/100\n|-enditem|p2a: Jessie|Figy Berry|[from] move: Knock Off|[of] p1b: Legacy\n|move|p2b: James|Will-O-Wisp|p1b: Legacy\n|-status|p1b: Legacy|brn\n|move|p1a: Mimikyu|Trick Room|p1a: Mimikyu\n|-fieldstart|move: Trick Room|[of] p1a: Mimikyu\n|\n|-damage|p1b: Legacy|95\/100 brn|[from] brn\n|upkeep\n|turn|2\n|\n|t:|1696795919\n|move|p2b: James|Will-O-Wisp|p1a: Mimikyu\n|-status|p1a: Mimikyu|brn\n|move|p1a: Mimikyu|Swords Dance|p1a: Mimikyu\n|-boost|p1a: Mimikyu|atk|2\n|move|p1b: Legacy|Knock Off|p2b: James\n|-damage|p2b: James|91\/100\n|-enditem|p2b: James|Leftovers|[from] move: Knock Off|[of] p1b: Legacy\n|move|p2a: Jessie|Knock Off|p1a: Mimikyu\n|-activate|p1a: Mimikyu|ability: Disguise\n|-damage|p1a: Mimikyu|100\/100 brn\n|-enditem|p1a: Mimikyu|Mental Herb|[from] move: Knock Off|[of] p2a: Jessie\n|detailschange|p1a: Mimikyu|Mimikyu-Busted, M, shiny\n|-damage|p1a: Mimikyu|88\/100 brn|[from] pokemon: Mimikyu-Busted\n|\n|-damage|p1a: Mimikyu|82\/100 brn|[from] brn\n|-damage|p1b: Legacy|89\/100 brn|[from] brn\n|upkeep\n|turn|3\n|\n|t:|1696795948\n|switch|p1a: Spirit|Mudsdale, M, shiny|100\/100\n|move|p2b: James|Clear Smog|p1a: Spirit\n|-resisted|p1a: Spirit\n|-damage|p1a: Spirit|95\/100\n|-clearboost|p1a: Spirit\n|move|p1b: Legacy|Bounce||[still]\n|-prepare|p1b: Legacy|Bounce\n|move|p2a: Jessie|Gunk Shot|p1b: Legacy|[miss]\n|-miss|p2a: Jessie|p1b: Legacy\n|\n|-damage|p1b: Legacy|83\/100 brn|[from] brn\n|upkeep\n|turn|4\n|\n|t:|1696795971\n|-terastallize|p2a: Jessie|Flying\n|move|p1a: Spirit|Earthquake|p2b: James|[spread] \n|-miss|p1a: Spirit|p1b: Legacy\n|-immune|p2a: Jessie\n|-immune|p2b: James|[from] ability: Levitate\n|move|p2b: James|Will-O-Wisp|p1a: Spirit\n|-status|p1a: Spirit|brn\n|move|p1b: Legacy|Bounce|p2a: Jessie|[from]lockedmove\n|-damage|p2a: Jessie|64\/100\n|move|p2a: Jessie|Coil|p2a: Jessie\n|-boost|p2a: Jessie|atk|1\n|-boost|p2a: Jessie|def|1\n|-boost|p2a: Jessie|accuracy|1\n|\n|-damage|p1a: Spirit|89\/100 brn|[from] brn\n|-damage|p1b: Legacy|77\/100 brn|[from] brn\n|upkeep\n|turn|5\n|-message|kingaaronroyalblue forfeited.\n|\n|win|Masoon\n|raw|kingaaronroyalblue's rating: 1059 &rarr; <strong>1041<\/strong><br \/>(-18 for losing)\n|raw|Masoon's rating: 1072 &rarr; <strong>1100<\/strong><br \/>(+28 for winning)\n|l|\u2606kingaaronroyalblue\n","uploadtime":1696795997,"views":7,"p1id":"kingaaronroyalblue","p2id":"masoon","formatid":"gen9nationaldexdoubles","rating":1041,"private":0,"password":""}