{"id":"gen9nationaldexdoubles-1957192567","p1":"Sisyphus2323","p2":"El Ryuk456","format":"[Gen 9] National Dex Doubles","log":"|j|\u2606Sisyphus2323\n|j|\u2606El Ryuk456\n|t:|1696194324\n|gametype|doubles\n|player|p1|Sisyphus2323|clair|1083\n|player|p2|El Ryuk456|blaine|1288\n|teamsize|p1|6\n|teamsize|p2|6\n|gen|9\n|tier|[Gen 9] National Dex Doubles\n|rated|\n|rule|HP Percentage Mod: HP is shown in percentages\n|rule|Endless Battle Clause: Forcing endless battles is banned\n|rule|OHKO Clause: OHKO moves are banned\n|rule|Evasion Moves Clause: Evasion moves are banned\n|rule|Evasion Abilities Clause: Evasion abilities are banned\n|rule|Species Clause: Limit one of each Pok\u00e9mon\n|rule|Gravity Sleep Clause: The combination of sleep-inducing moves with imperfect accuracy and Gravity or Gigantamax Orbeetle are banned\n|clearpoke\n|poke|p1|Charizard, F|\n|poke|p1|Lilligant-Hisui, F|\n|poke|p1|Armarouge, F|\n|poke|p1|Flutter Mane|\n|poke|p1|Kingambit, F|\n|poke|p1|Grimmsnarl, M|\n|poke|p2|Blastoise, M|\n|poke|p2|Sableye, M|\n|poke|p2|Corviknight, M|\n|poke|p2|Gardevoir, F|\n|poke|p2|Skeledirge, M|\n|poke|p2|Meowscarada, M|\n|teampreview\n|\n|t:|1696194335\n|start\n|switch|p1a: Charizard|Charizard, F|100\/100\n|switch|p1b: Lilligant|Lilligant-Hisui, F|100\/100\n|switch|p2a: Rookie|Skeledirge, M|100\/100\n|switch|p2b: A.Banderas|Meowscarada, M|100\/100\n|turn|1\n|inactive|Battle timer is ON: inactive players will automatically lose when time's up. (requested by El Ryuk456)\n|\n|t:|1696194375\n|detailschange|p1a: Charizard|Charizard-Mega-Y, F\n|-mega|p1a: Charizard|Charizard|Charizardite Y\n|-weather|SunnyDay|[from] ability: Drought|[of] p1a: Charizard\n|move|p1b: Lilligant|After You|p2a: Rookie\n|-activate|p2a: Rookie|move: After You\n|move|p2a: Rookie|Torch Song|p1b: Lilligant\n|-supereffective|p1b: Lilligant\n|-crit|p1b: Lilligant\n|-damage|p1b: Lilligant|0 fnt\n|-boost|p2a: Rookie|spa|1\n|faint|p1b: Lilligant\n|move|p2b: A.Banderas|Pollen Puff|p1a: Charizard\n|-start|p2b: A.Banderas|typechange|Bug|[from] ability: Protean\n|-resisted|p1a: Charizard\n|-damage|p1a: Charizard|94\/100\n|move|p1a: Charizard|Fire Blast|p2b: A.Banderas\n|-supereffective|p2b: A.Banderas\n|-enditem|p2b: A.Banderas|Focus Sash\n|-damage|p2b: A.Banderas|1\/100\n|\n|-weather|SunnyDay|[upkeep]\n|upkeep\n|\n|t:|1696194400\n|switch|p1b: Armarouge|Armarouge, F|100\/100\n|turn|2\n|\n|t:|1696194417\n|-terastallize|p1b: Armarouge|Grass\n|move|p2b: A.Banderas|Knock Off|p1b: Armarouge\n|-damage|p1b: Armarouge|73\/100\n|-enditem|p1b: Armarouge|Life Orb|[from] move: Knock Off|[of] p2b: A.Banderas\n|move|p1a: Charizard|Fire Blast|p2b: A.Banderas|[miss]\n|-miss|p1a: Charizard|p2b: A.Banderas\n|move|p2a: Rookie|Snarl|p1a: Charizard|[spread] p1a,p1b\n|-damage|p1a: Charizard|73\/100\n|-damage|p1b: Armarouge|52\/100\n|-unboost|p1a: Charizard|spa|1\n|-unboost|p1b: Armarouge|spa|1\n|move|p1b: Armarouge|Trick Room|p1b: Armarouge\n|-fieldstart|move: Trick Room|[of] p1b: Armarouge\n|\n|-weather|SunnyDay|[upkeep]\n|upkeep\n|turn|3\n|\n|t:|1696194441\n|move|p1b: Armarouge|Protect|p1b: Armarouge\n|-singleturn|p1b: Armarouge|Protect\n|move|p2a: Rookie|Snarl|p1b: Armarouge|[spread] p1a\n|-activate|p1b: Armarouge|move: Protect\n|-damage|p1a: Charizard|55\/100\n|-unboost|p1a: Charizard|spa|1\n|move|p1a: Charizard|Fire Blast|p2b: A.Banderas|[miss]\n|-miss|p1a: Charizard|p2b: A.Banderas\n|move|p2b: A.Banderas|Knock Off|p1a: Charizard\n|-damage|p1a: Charizard|26\/100\n|\n|-weather|SunnyDay|[upkeep]\n|upkeep\n|turn|4\n|\n|t:|1696194466\n|move|p2b: A.Banderas|Protect|p2b: A.Banderas\n|-singleturn|p2b: A.Banderas|Protect\n|move|p1b: Armarouge|Armor Cannon|p2a: Rookie\n|-resisted|p2a: Rookie\n|-damage|p2a: Rookie|54\/100\n|-unboost|p1b: Armarouge|def|1\n|-unboost|p1b: Armarouge|spd|1\n|move|p2a: Rookie|Snarl|p1b: Armarouge|[spread] p1a,p1b\n|-crit|p1b: Armarouge\n|-damage|p1a: Charizard|5\/100\n|-damage|p1b: Armarouge|22\/100\n|-unboost|p1a: Charizard|spa|1\n|-unboost|p1b: Armarouge|spa|1\n|move|p1a: Charizard|Solar Beam||[still]\n|-prepare|p1a: Charizard|Solar Beam\n|-anim|p1a: Charizard|Solar Beam|p2b: A.Banderas\n|-activate|p2b: A.Banderas|move: Protect\n|\n|-weather|SunnyDay|[upkeep]\n|upkeep\n|turn|5\n|\n|t:|1696194490\n|switch|p1b: uh oh|Grimmsnarl, M|100\/100\n|move|p2b: A.Banderas|Protect||[still]\n|-fail|p2b: A.Banderas\n|move|p2a: Rookie|Snarl|p1b: uh oh|[spread] p1a,p1b\n|-resisted|p1b: uh oh\n|-damage|p1a: Charizard|0 fnt\n|-damage|p1b: uh oh|97\/100\n|-unboost|p1b: uh oh|spa|1\n|faint|p1a: Charizard\n|\n|-weather|none\n|upkeep\n|\n|t:|1696194504\n|switch|p1a: Flutter Mane|Flutter Mane|100\/100\n|-enditem|p1a: Flutter Mane|Booster Energy\n|-activate|p1a: Flutter Mane|ability: Protosynthesis|[fromitem]\n|-start|p1a: Flutter Mane|protosynthesisspe\n|turn|6\n|\n|t:|1696194524\n|move|p2b: A.Banderas|Protect|p2b: A.Banderas\n|-singleturn|p2b: A.Banderas|Protect\n|move|p1b: uh oh|Light Screen|p1b: uh oh\n|-sidestart|p1: Sisyphus2323|move: Light Screen\n|move|p2a: Rookie|Snarl|p1a: Flutter Mane|[spread] p1a,p1b\n|-resisted|p1b: uh oh\n|-damage|p1a: Flutter Mane|89\/100\n|-damage|p1b: uh oh|94\/100\n|-unboost|p1a: Flutter Mane|spa|1\n|-unboost|p1b: uh oh|spa|1\n|move|p1a: Flutter Mane|Shadow Ball|p2a: Rookie\n|-supereffective|p2a: Rookie\n|-damage|p2a: Rookie|0 fnt\n|faint|p2a: Rookie\n|\n|-fieldend|move: Trick Room\n|upkeep\n|\n|t:|1696194539\n|switch|p2a: Belle|Gardevoir, F, shiny|100\/100\n|-ability|p2a: Belle|Prankster|[from] ability: Trace|[of] p1b: uh oh\n|turn|7\n|\n|t:|1696194550\n|move|p1b: uh oh|Reflect|p1b: uh oh\n|-sidestart|p1: Sisyphus2323|Reflect\n|move|p1a: Flutter Mane|Shadow Ball|p2a: Belle\n|-supereffective|p2a: Belle\n|-damage|p2a: Belle|51\/100\n|move|p2a: Belle|Dazzling Gleam|p1b: uh oh|[spread] p1a,p1b\n|-supereffective|p1b: uh oh\n|-crit|p1b: uh oh\n|-damage|p1a: Flutter Mane|70\/100\n|-damage|p1b: uh oh|23\/100\n|move|p2b: A.Banderas|Knock Off|p1a: Flutter Mane\n|-damage|p1a: Flutter Mane|51\/100\n|\n|upkeep\n|turn|8\n|\n|t:|1696194571\n|move|p1a: Flutter Mane|Shadow Ball|p2a: Belle\n|-supereffective|p2a: Belle\n|-damage|p2a: Belle|0 fnt\n|faint|p2a: Belle\n|move|p2b: A.Banderas|Flower Trick|p1a: Flutter Mane\n|-crit|p1a: Flutter Mane\n|-damage|p1a: Flutter Mane|7\/100\n|move|p1b: uh oh|Spirit Break|p2b: A.Banderas\n|-damage|p2b: A.Banderas|0 fnt\n|faint|p2b: A.Banderas\n|\n|upkeep\n|\n|t:|1696194587\n|switch|p2b: Yami|Sableye, M|100\/100\n|switch|p2a: Silva|Corviknight, M, shiny|100\/100\n|turn|9\n|\n|t:|1696194614\n|switch|p1b: Armarouge|Armarouge, F, tera:Grass|22\/100\n|move|p2b: Yami|Fake Out|p1b: Armarouge\n|-damage|p1b: Armarouge|18\/100\n|move|p1a: Flutter Mane|Shadow Ball|p2b: Yami\n|-damage|p2b: Yami|71\/100\n|-unboost|p2b: Yami|spd|1\n|move|p2a: Silva|Brave Bird|p1a: Flutter Mane\n|-damage|p1a: Flutter Mane|0 fnt\n|faint|p1a: Flutter Mane\n|-end|p1a: Flutter Mane|Protosynthesis|[silent]\n|-damage|p2a: Silva|99\/100|[from] Recoil\n|\n|-heal|p2b: Yami|77\/100|[from] item: Leftovers\n|upkeep\n|inactive|Sisyphus2323 has 120 seconds left.\n|\n|t:|1696194631\n|switch|p1a: Kingambit|Kingambit, F|100\/100\n|-activate|p1a: Kingambit|ability: Supreme Overlord\n|-start|p1a: Kingambit|fallen3|[silent]\n|turn|10\n|\n|t:|1696194644\n|move|p1a: Kingambit|Sucker Punch||[still]\n|-fail|p1a: Kingambit\n|move|p2b: Yami|Quash|p1b: Armarouge\n|-activate|p1b: Armarouge|move: Quash\n|move|p2a: Silva|Brave Bird|p1b: Armarouge\n|-supereffective|p1b: Armarouge\n|-damage|p1b: Armarouge|0 fnt\n|faint|p1b: Armarouge\n|-damage|p2a: Silva|94\/100|[from] Recoil\n|\n|-heal|p2b: Yami|83\/100|[from] item: Leftovers\n|upkeep\n|\n|t:|1696194657\n|switch|p1b: uh oh|Grimmsnarl, M|23\/100\n|turn|11\n|\n|t:|1696194670\n|move|p1b: uh oh|Taunt|p2b: Yami\n|-hint|Since gen 7, Dark is immune to Prankster moves.\n|-immune|p2b: Yami\n|move|p2a: Silva|Bulk Up|p2a: Silva\n|-boost|p2a: Silva|atk|1\n|-boost|p2a: Silva|def|1\n|move|p1a: Kingambit|Kowtow Cleave|p2b: Yami\n|-damage|p2b: Yami|0 fnt\n|faint|p2b: Yami\n|\n|upkeep\n|\n|t:|1696194682\n|switch|p2b: Harbor|Blastoise, M|100\/100\n|turn|12\n|\n|t:|1696194710\n|detailschange|p2b: Harbor|Blastoise-Mega, M\n|-mega|p2b: Harbor|Blastoise|Blastoisinite\n|move|p1b: uh oh|Taunt|p2a: Silva\n|-start|p2a: Silva|move: Taunt\n|move|p2b: Harbor|Aura Sphere|p1a: Kingambit\n|-supereffective|p1a: Kingambit\n|-damage|p1a: Kingambit|0 fnt\n|faint|p1a: Kingambit\n|-end|p1a: Kingambit|fallen3|[silent]\n|move|p2a: Silva|Brave Bird|p1b: uh oh\n|-damage|p1b: uh oh|0 fnt\n|faint|p1b: uh oh\n|-damage|p2a: Silva|86\/100|[from] Recoil\n|\n|win|El Ryuk456\n|raw|Sisyphus2323's rating: 1083 &rarr; <strong>1072<\/strong><br \/>(-11 for losing)\n|raw|El Ryuk456's rating: 1288 &rarr; <strong>1300<\/strong><br \/>(+12 for winning)\n","uploadtime":1696194723,"views":5,"p1id":"sisyphus2323","p2id":"elryuk456","formatid":"gen9nationaldexdoubles","rating":1072,"private":0,"password":""}