{"id":"gen9nationaldexdoubles-1972441708","p1":"Brick_Enjoyer_144","p2":"Deletta","format":"[Gen 9] National Dex Doubles","log":"|j|\u2606Brick_Enjoyer_144\n|j|\u2606Deletta\n|t:|1697843225\n|gametype|doubles\n|player|p1|Brick_Enjoyer_144|shauntal|1139\n|player|p2|Deletta|fisherman-gen4|1000\n|teamsize|p1|6\n|teamsize|p2|6\n|gen|9\n|tier|[Gen 9] National Dex Doubles\n|rated|\n|rule|HP Percentage Mod: HP is shown in percentages\n|rule|Endless Battle Clause: Forcing endless battles is banned\n|rule|OHKO Clause: OHKO moves are banned\n|rule|Evasion Moves Clause: Evasion moves are banned\n|rule|Evasion Abilities Clause: Evasion abilities are banned\n|rule|Species Clause: Limit one of each Pok\u00e9mon\n|rule|Gravity Sleep Clause: The combination of sleep-inducing moves with imperfect accuracy and Gravity or Gigantamax Orbeetle are banned\n|clearpoke\n|poke|p1|Spiritomb, F|\n|poke|p1|Escavalier, F|\n|poke|p1|Pincurchin, F|\n|poke|p1|Gothitelle, M|\n|poke|p1|Primarina, M|\n|poke|p1|Porygon2|\n|poke|p2|Hippowdon, F|\n|poke|p2|Garganacl, M|\n|poke|p2|Armarouge, M|\n|poke|p2|Indeedee-F, F|\n|poke|p2|Ursaluna-Bloodmoon, M|\n|poke|p2|Sinistcha|\n|teampreview\n|inactive|Battle timer is ON: inactive players will automatically lose when time's up. (requested by Brick_Enjoyer_144)\n|\n|t:|1697843235\n|start\n|switch|p1a: Spiritomb|Spiritomb, F|100\/100\n|switch|p1b: Escavalier|Escavalier, F|100\/100\n|switch|p2a: Armarouge|Armarouge, M|100\/100\n|switch|p2b: Indeedee|Indeedee-F, F|100\/100\n|-fieldstart|move: Psychic Terrain|[from] ability: Psychic Surge|[of] p2b: Indeedee\n|-ability|p1a: Spiritomb|Pressure\n|turn|1\n|\n|t:|1697843266\n|move|p2a: Armarouge|Armor Cannon|p1b: Escavalier\n|-supereffective|p1b: Escavalier\n|-enditem|p1b: Escavalier|Focus Sash\n|-damage|p1b: Escavalier|1\/100\n|-unboost|p2a: Armarouge|def|1\n|-unboost|p2a: Armarouge|spd|1\n|-damage|p2a: Armarouge|91\/100|[from] item: Life Orb\n|move|p1b: Escavalier|Swords Dance|p1b: Escavalier\n|-boost|p1b: Escavalier|atk|2\n|move|p2b: Indeedee|Trick Room|p2b: Indeedee\n|-fieldstart|move: Trick Room|[of] p2b: Indeedee\n|move|p1a: Spiritomb|Trick Room|p1a: Spiritomb\n|-fieldend|move: Trick Room\n|\n|upkeep\n|turn|2\n|inactive|Brick_Enjoyer_144 has 120 seconds left.\n|inactive|Deletta has 120 seconds left.\n|\n|t:|1697843321\n|move|p2a: Armarouge|Protect|p2a: Armarouge\n|-singleturn|p2a: Armarouge|Protect\n|move|p2b: Indeedee|Psychic|p1b: Escavalier\n|-resisted|p1b: Escavalier\n|-damage|p1b: Escavalier|0 fnt\n|faint|p1b: Escavalier\n|move|p1a: Spiritomb|Trick Room|p1a: Spiritomb\n|-fieldstart|move: Trick Room|[of] p1a: Spiritomb\n|\n|upkeep\n|\n|t:|1697843331\n|switch|p1b: Pincurchin|Pincurchin, F|100\/100\n|-fieldstart|move: Electric Terrain|[from] ability: Electric Surge|[of] p1b: Pincurchin\n|turn|3\n|inactive|Deletta has 120 seconds left.\n|\n|t:|1697843347\n|move|p1b: Pincurchin|Zing Zap|p2a: Armarouge\n|-crit|p2a: Armarouge\n|-damage|p2a: Armarouge|0 fnt\n|faint|p2a: Armarouge\n|move|p1a: Spiritomb|Foul Play|p2b: Indeedee\n|-supereffective|p2b: Indeedee\n|-damage|p2b: Indeedee|67\/100\n|move|p2b: Indeedee|Psychic|p1b: Pincurchin\n|-damage|p1b: Pincurchin|64\/100\n|\n|upkeep\n|\n|t:|1697843359\n|switch|p2a: Sindromoso|Hippowdon, F|100\/100\n|-weather|Sandstorm|[from] ability: Sand Stream|[of] p2a: Sindromoso\n|turn|4\n|inactive|Deletta has 120 seconds left.\n|\n|t:|1697843378\n|move|p1b: Pincurchin|Zing Zap|p2b: Indeedee\n|-damage|p2b: Indeedee|12\/100\n|move|p2a: Sindromoso|Sand Tomb|p1a: Spiritomb\n|-damage|p1a: Spiritomb|87\/100\n|-activate|p1a: Spiritomb|move: Sand Tomb|[of] p2a: Sindromoso\n|move|p1a: Spiritomb|Foul Play|p2a: Sindromoso\n|-damage|p2a: Sindromoso|82\/100\n|move|p2b: Indeedee|Trick Room|p2b: Indeedee\n|-fieldend|move: Trick Room\n|\n|-weather|Sandstorm|[upkeep]\n|-damage|p2b: Indeedee|5\/100|[from] Sandstorm\n|-damage|p1a: Spiritomb|81\/100|[from] Sandstorm\n|-damage|p1b: Pincurchin|58\/100|[from] Sandstorm\n|-heal|p1a: Spiritomb|87\/100|[from] item: Leftovers\n|-damage|p1a: Spiritomb|71\/100|[from] move: Sand Tomb|[partiallytrapped]\n|upkeep\n|turn|5\n|\n|t:|1697843401\n|switch|p2b: Lopopo|Garganacl, M|100\/100\n|move|p1a: Spiritomb|Foul Play|p2b: Lopopo\n|-damage|p2b: Lopopo|79\/100\n|move|p2a: Sindromoso|Sand Tomb|p1b: Pincurchin|[miss]\n|-miss|p2a: Sindromoso|p1b: Pincurchin\n|move|p1b: Pincurchin|Liquidation|p2a: Sindromoso\n|-supereffective|p2a: Sindromoso\n|-damage|p2a: Sindromoso|51\/100\n|\n|-weather|Sandstorm|[upkeep]\n|-damage|p1a: Spiritomb|65\/100|[from] Sandstorm\n|-damage|p1b: Pincurchin|52\/100|[from] Sandstorm\n|-heal|p1a: Spiritomb|71\/100|[from] item: Leftovers\n|-damage|p1a: Spiritomb|54\/100|[from] move: Sand Tomb|[partiallytrapped]\n|upkeep\n|turn|6\n|\n|t:|1697843417\n|move|p2a: Sindromoso|Slack Off|p2a: Sindromoso\n|-heal|p2a: Sindromoso|100\/100\n|move|p2b: Lopopo|Salt Cure|p1a: Spiritomb\n|-damage|p1a: Spiritomb|39\/100\n|-start|p1a: Spiritomb|Salt Cure\n|move|p1b: Pincurchin|Zing Zap|p2b: Lopopo\n|-damage|p2b: Lopopo|45\/100\n|move|p1a: Spiritomb|Trick Room|p1a: Spiritomb\n|-fieldstart|move: Trick Room|[of] p1a: Spiritomb\n|\n|-weather|Sandstorm|[upkeep]\n|-damage|p1b: Pincurchin|46\/100|[from] Sandstorm\n|-damage|p1a: Spiritomb|32\/100|[from] Sandstorm\n|-heal|p1a: Spiritomb|39\/100|[from] item: Leftovers\n|-damage|p1a: Spiritomb|26\/100|[from] Salt Cure\n|-damage|p1a: Spiritomb|10\/100|[from] move: Sand Tomb|[partiallytrapped]\n|upkeep\n|turn|7\n|\n|t:|1697843442\n|move|p2b: Lopopo|Protect|p2b: Lopopo\n|-singleturn|p2b: Lopopo|Protect\n|move|p2a: Sindromoso|Protect|p2a: Sindromoso\n|-singleturn|p2a: Sindromoso|Protect\n|move|p1b: Pincurchin|Liquidation|p2b: Lopopo\n|-activate|p2b: Lopopo|move: Protect\n|move|p1a: Spiritomb|Pain Split|p2a: Sindromoso\n|-activate|p2a: Sindromoso|move: Protect\n|\n|-weather|Sandstorm|[upkeep]\n|-damage|p1b: Pincurchin|40\/100|[from] Sandstorm\n|-damage|p1a: Spiritomb|3\/100|[from] Sandstorm\n|-heal|p1a: Spiritomb|10\/100|[from] item: Leftovers\n|-damage|p1a: Spiritomb|0 fnt|[from] move: Sand Tomb|[partiallytrapped]\n|faint|p1a: Spiritomb\n|upkeep\n|inactive|Brick_Enjoyer_144 has 120 seconds left.\n|\n|t:|1697843455\n|switch|p1a: Gothitelle|Gothitelle, M|100\/100\n|turn|8\n|\n|t:|1697843483\n|move|p1b: Pincurchin|Liquidation|p2a: Sindromoso\n|-supereffective|p2a: Sindromoso\n|-damage|p2a: Sindromoso|72\/100\n|move|p2b: Lopopo|Recover|p2b: Lopopo\n|-heal|p2b: Lopopo|95\/100\n|move|p2a: Sindromoso|Sand Tomb|p1a: Gothitelle\n|-damage|p1a: Gothitelle|87\/100\n|-activate|p1a: Gothitelle|move: Sand Tomb|[of] p2a: Sindromoso\n|move|p1a: Gothitelle|Psychic|p2b: Lopopo\n|-damage|p2b: Lopopo|67\/100\n|\n|-weather|none\n|-damage|p1a: Gothitelle|70\/100|[from] move: Sand Tomb|[partiallytrapped]\n|upkeep\n|turn|9\n|\n|t:|1697843502\n|move|p1b: Pincurchin|Liquidation|p2b: Lopopo\n|-supereffective|p2b: Lopopo\n|-damage|p2b: Lopopo|31\/100\n|move|p2b: Lopopo|Salt Cure|p1a: Gothitelle\n|-damage|p1a: Gothitelle|56\/100\n|-start|p1a: Gothitelle|Salt Cure\n|move|p2a: Sindromoso|Sand Tomb|p1b: Pincurchin\n|-supereffective|p1b: Pincurchin\n|-damage|p1b: Pincurchin|10\/100\n|-activate|p1b: Pincurchin|move: Sand Tomb|[of] p2a: Sindromoso\n|move|p1a: Gothitelle|Psychic|p2a: Sindromoso\n|-damage|p2a: Sindromoso|10\/100\n|\n|-damage|p1b: Pincurchin|0 fnt|[from] move: Sand Tomb|[partiallytrapped]\n|faint|p1b: Pincurchin\n|-damage|p1a: Gothitelle|40\/100|[from] move: Sand Tomb|[partiallytrapped]\n|-damage|p1a: Gothitelle|27\/100|[from] Salt Cure\n|upkeep\n|\n|t:|1697843511\n|switch|p1b: Primarina|Primarina, M|100\/100\n|turn|10\n|\n|t:|1697843536\n|move|p2b: Lopopo|Recover|p2b: Lopopo\n|-heal|p2b: Lopopo|81\/100\n|move|p2a: Sindromoso|Slack Off|p2a: Sindromoso\n|-heal|p2a: Sindromoso|60\/100\n|move|p1a: Gothitelle|Psychic|p2a: Sindromoso\n|-damage|p2a: Sindromoso|0 fnt\n|faint|p2a: Sindromoso\n|move|p1b: Primarina|Hyper Voice|p2b: Lopopo\n|-supereffective|p2b: Lopopo\n|-damage|p2b: Lopopo|8\/100\n|\n|-damage|p1a: Gothitelle|15\/100|[from] Salt Cure\n|-end|p1a: Gothitelle|Sand Tomb|[partiallytrapped]|[silent]\n|-fieldend|move: Trick Room\n|-fieldend|move: Electric Terrain\n|upkeep\n|inactive|Deletta has 120 seconds left.\n|\n|t:|1697843550\n|switch|p2a: Indeedee|Indeedee-F, F|5\/100\n|-fieldstart|move: Psychic Terrain|[from] ability: Psychic Surge|[of] p2a: Indeedee\n|turn|11\n|\n|t:|1697843560\n|move|p2b: Lopopo|Protect|p2b: Lopopo\n|-singleturn|p2b: Lopopo|Protect\n|move|p1b: Primarina|Hyper Voice|p2b: Lopopo|[spread] p2a\n|-activate|p2b: Lopopo|move: Protect\n|-damage|p2a: Indeedee|0 fnt\n|faint|p2a: Indeedee\n|move|p1a: Gothitelle|Psychic|p2b: Lopopo\n|-activate|p2b: Lopopo|move: Protect\n|\n|-damage|p1a: Gothitelle|3\/100|[from] Salt Cure\n|upkeep\n|\n|t:|1697843572\n|switch|p2a: Sinistcha|Sinistcha|100\/100\n|-heal|p2b: Lopopo|33\/100|[from] ability: Hospitality|[of] p2a: Sinistcha\n|turn|12\n|\n|t:|1697843588\n|move|p1b: Primarina|Hyper Voice|p2b: Lopopo|[spread] p2a,p2b\n|-resisted|p2a: Sinistcha\n|-supereffective|p2b: Lopopo\n|-damage|p2a: Sinistcha|76\/100\n|-damage|p2b: Lopopo|0 fnt\n|faint|p2b: Lopopo\n|move|p1a: Gothitelle|Psychic|p2a: Sinistcha\n|-damage|p2a: Sinistcha|0 fnt\n|faint|p2a: Sinistcha\n|\n|-damage|p1a: Gothitelle|0 fnt|[from] Salt Cure\n|faint|p1a: Gothitelle\n|upkeep\n|\n|t:|1697843597\n|switch|p1a: Porygon2|Porygon2|100\/100\n|switch|p2b: Ursaluna|Ursaluna-Bloodmoon, M|100\/100\n|-ability|p1a: Porygon2|Mind's Eye|[from] ability: Trace|[of] p2b: Ursaluna\n|turn|13\n|\n|t:|1697843622\n|move|p1b: Primarina|Hyper Voice|p2b: Ursaluna\n|-supereffective|p2b: Ursaluna\n|-damage|p2b: Ursaluna|0 fnt\n|faint|p2b: Ursaluna\n|\n|win|Brick_Enjoyer_144\n|raw|Brick_Enjoyer_144's rating: 1139 &rarr; <strong>1154<\/strong><br \/>(+15 for winning)\n|raw|Deletta's rating: 1000 &rarr; <strong>1000<\/strong><br \/>(+0 for losing)\n|l|\u2606Deletta\n","uploadtime":1697843629,"views":8,"p1id":"brickenjoyer144","p2id":"deletta","formatid":"gen9nationaldexdoubles","rating":1000,"private":0,"password":""}