{"id":"gen9nationaldexdoubles-1985698423","p1":"UrsusOmega","p2":"MarcusTalks","format":"[Gen 9] National Dex Doubles","log":"|j|\u2606UrsusOmega\n|j|\u2606MarcusTalks\n|t:|1699396892\n|gametype|doubles\n|player|p1|UrsusOmega|palmer|1107\n|player|p2|MarcusTalks|steven|1119\n|teamsize|p1|6\n|teamsize|p2|6\n|gen|9\n|tier|[Gen 9] National Dex Doubles\n|rated|\n|rule|HP Percentage Mod: HP is shown in percentages\n|rule|Endless Battle Clause: Forcing endless battles is banned\n|rule|OHKO Clause: OHKO moves are banned\n|rule|Evasion Moves Clause: Evasion moves are banned\n|rule|Evasion Abilities Clause: Evasion abilities are banned\n|rule|Species Clause: Limit one of each Pok\u00e9mon\n|rule|Gravity Sleep Clause: The combination of sleep-inducing moves with imperfect accuracy and Gravity or Gigantamax Orbeetle are banned\n|clearpoke\n|poke|p1|Carbink|\n|poke|p1|Slaking, M|\n|poke|p1|Sinistcha|\n|poke|p1|Clefairy, F|\n|poke|p1|Indeedee, M|\n|poke|p1|Chi-Yu|\n|poke|p2|Sinistcha-Masterpiece|\n|poke|p2|Kommo-o, M|\n|poke|p2|Ninetales-Alola, F|\n|poke|p2|Arcanine-Hisui, M|\n|poke|p2|Sableye, M|\n|poke|p2|Iron Hands|\n|teampreview\n|c|\u2606MarcusTalks|glhf\n|\n|t:|1699396905\n|start\n|switch|p1a: Carbink|Carbink|100\/100\n|switch|p1b: Slaking|Slaking, M|100\/100\n|switch|p2a: Ninetales|Ninetales-Alola, F, shiny|100\/100\n|switch|p2b: Iron Hands|Iron Hands|100\/100\n|-weather|Snow|[from] ability: Snow Warning|[of] p2a: Ninetales\n|turn|1\n|c|\u2606UrsusOmega|You too! :)\n|\n|t:|1699396922\n|move|p2b: Iron Hands|Fake Out|p1b: Slaking\n|-crit|p1b: Slaking\n|-damage|p1b: Slaking|83\/100\n|move|p2a: Ninetales|Aurora Veil|p2a: Ninetales\n|-sidestart|p2: MarcusTalks|move: Aurora Veil\n|cant|p1b: Slaking|flinch\n|move|p1a: Carbink|Skill Swap|p1b: Slaking\n|-activate|p1a: Carbink|move: Skill Swap|||[of] p1b: Slaking\n|\n|-weather|Snow|[upkeep]\n|-heal|p1b: Slaking|89\/100|[from] item: Leftovers\n|upkeep\n|turn|2\n|\n|t:|1699396951\n|-terastallize|p1b: Slaking|Ghost\n|move|p2a: Ninetales|Blizzard|p1a: Carbink|[spread] p1a,p1b\n|-damage|p1a: Carbink|79\/100\n|-damage|p1b: Slaking|59\/100\n|move|p1b: Slaking|Drain Punch|p2a: Ninetales\n|-damage|p2a: Ninetales|77\/100\n|-heal|p1b: Slaking|66\/100|[from] drain|[of] p2a: Ninetales\n|move|p2b: Iron Hands|Drain Punch|p1b: Slaking\n|-immune|p1b: Slaking\n|cant|p1a: Carbink|ability: Truant\n|\n|-weather|Snow|[upkeep]\n|-heal|p1b: Slaking|72\/100|[from] item: Leftovers\n|upkeep\n|turn|3\n|c|\u2606MarcusTalks|ok that's funny to see\n|\n|t:|1699396977\n|switch|p2a: Sableye|Sableye, M, shiny|100\/100\n|move|p1b: Slaking|Return|p2a: Sableye\n|-immune|p2a: Sableye\n|move|p1a: Carbink|Skill Swap||[still]\n|-fail|p1a: Carbink\n|move|p2b: Iron Hands|Volt Switch|p1b: Slaking\n|-damage|p1b: Slaking|59\/100\n|c|\u2606MarcusTalks|honestly I love Slaking teams\n|c|\u2606UrsusOmega|What is lol?\n|c|\u2606UrsusOmega|Oh thank you\n|\n|t:|1699397000\n|-end|p2b: Iron Hands|Quark Drive|[silent]\n|switch|p2b: Sinistcha|Sinistcha-Masterpiece, shiny|100\/100|[from] Volt Switch\n|\n|-weather|Snow|[upkeep]\n|-heal|p1b: Slaking|65\/100|[from] item: Leftovers\n|upkeep\n|turn|4\n|\n|t:|1699397012\n|switch|p1a: Sinistcha|Sinistcha, shiny|100\/100\n|-heal|p1b: Slaking|90\/100|[from] ability: Hospitality|[of] p1a: Sinistcha\n|move|p2a: Sableye|Toxic|p1b: Slaking\n|-status|p1b: Slaking|tox\n|move|p1b: Slaking|Shadow Claw|p2a: Sableye\n|-damage|p2a: Sableye|71\/100\n|move|p2b: Sinistcha|Matcha Gotcha|p1a: Sinistcha|[spread] p1b\n|-miss|p2b: Sinistcha|p1a: Sinistcha\n|-damage|p1b: Slaking|65\/100 tox\n|\n|-weather|Snow|[upkeep]\n|-heal|p1b: Slaking|71\/100 tox|[from] item: Leftovers\n|-damage|p1b: Slaking|65\/100 tox|[from] psn\n|upkeep\n|turn|5\n|\n|t:|1699397043\n|move|p2a: Sableye|Substitute|p2a: Sableye\n|-start|p2a: Sableye|Substitute\n|-damage|p2a: Sableye|47\/100\n|move|p1b: Slaking|Return|p2a: Sableye\n|-immune|p2a: Sableye\n|move|p2b: Sinistcha|Hex|p1b: Slaking\n|-supereffective|p1b: Slaking\n|-damage|p1b: Slaking|0 fnt\n|faint|p1b: Slaking\n|move|p1a: Sinistcha|Trick Room|p1a: Sinistcha\n|-fieldstart|move: Trick Room|[of] p1a: Sinistcha\n|\n|-weather|none\n|upkeep\n|c|\u2606UrsusOmega|oops\n|c|\u2606UrsusOmega|thought too hard about that\n|c|\u2606MarcusTalks|miss click?\n|c|\u2606UrsusOmega|yeah lol\n|c|\u2606UrsusOmega|my b\n|c|\u2606MarcusTalks|oh yeah you can psyche yourself out really easily\n|\n|t:|1699397070\n|switch|p1b: Chi-Yu|Chi-Yu|100\/100\n|-ability|p1b: Chi-Yu|Beads of Ruin\n|turn|6\n|c|\u2606MarcusTalks|sometimes the 0 IQ play is the 1000 IQ play\n|\n|t:|1699397094\n|move|p2a: Sableye|Toxic|p1b: Chi-Yu\n|-hint|Since gen 7, Dark is immune to Prankster moves.\n|-immune|p1b: Chi-Yu\n|move|p2b: Sinistcha|Matcha Gotcha|p1b: Chi-Yu|[spread] p1a,p1b\n|-resisted|p1a: Sinistcha\n|-resisted|p1b: Chi-Yu\n|-damage|p1a: Sinistcha|87\/100\n|-damage|p1b: Chi-Yu|87\/100\n|move|p1b: Chi-Yu|Heat Wave|p2a: Sableye|[spread] p2a,p2b\n|-end|p2a: Sableye|Substitute\n|-supereffective|p2b: Sinistcha\n|-damage|p2b: Sinistcha|14\/100\n|move|p1a: Sinistcha|Trick Room|p1a: Sinistcha\n|-fieldend|move: Trick Room\n|\n|upkeep\n|turn|7\n|c|\u2606UrsusOmega|Never let em know my next move\n|c|\u2606MarcusTalks|I keep forgetting the dark type thing\n|\n|t:|1699397125\n|switch|p2b: Kommo-o|Kommo-o, M, shiny|100\/100\n|move|p1a: Sinistcha|Rage Powder|p1a: Sinistcha\n|-singleturn|p1a: Sinistcha|move: Rage Powder\n|move|p2a: Sableye|Toxic|p1a: Sinistcha\n|-status|p1a: Sinistcha|tox\n|move|p1b: Chi-Yu|Heat Wave|p2b: Kommo-o|[spread] p2a,p2b\n|-resisted|p2b: Kommo-o\n|-damage|p2a: Sableye|0 fnt\n|-damage|p2b: Kommo-o|80\/100\n|faint|p2a: Sableye\n|\n|-damage|p1a: Sinistcha|81\/100 tox|[from] psn\n|upkeep\n|c|\u2606UrsusOmega|Guess we're even then from my return misplay\n|\n|t:|1699397136\n|switch|p2a: Sinistcha|Sinistcha-Masterpiece, shiny|14\/100\n|-heal|p2b: Kommo-o|100\/100|[from] ability: Hospitality|[of] p2a: Sinistcha\n|turn|8\n|\n|t:|1699397150\n|switch|p2a: Arcanine|Arcanine-Hisui, M, shiny|100\/100\n|switch|p1a: Indeedee|Indeedee, M|100\/100\n|-fieldstart|move: Psychic Terrain|[from] ability: Psychic Surge|[of] p1a: Indeedee\n|move|p1b: Chi-Yu|Heat Wave|p2b: Kommo-o|[spread] p2a,p2b\n|-resisted|p2a: Arcanine\n|-resisted|p2b: Kommo-o\n|-damage|p2a: Arcanine|88\/100\n|-damage|p2b: Kommo-o|77\/100\n|move|p2b: Kommo-o|Clangorous Soul|p2b: Kommo-o\n|-boost|p2b: Kommo-o|atk|1\n|-boost|p2b: Kommo-o|def|1\n|-boost|p2b: Kommo-o|spa|1\n|-boost|p2b: Kommo-o|spd|1\n|-boost|p2b: Kommo-o|spe|1\n|-damage|p2b: Kommo-o|44\/100\n|-enditem|p2b: Kommo-o|Throat Spray\n|-boost|p2b: Kommo-o|spa|1|[from] item: Throat Spray\n|\n|-sideend|p2: MarcusTalks|move: Aurora Veil\n|upkeep\n|turn|9\n|\n|t:|1699397176\n|switch|p2a: Sinistcha|Sinistcha-Masterpiece, shiny|14\/100\n|-heal|p2b: Kommo-o|69\/100|[from] ability: Hospitality|[of] p2a: Sinistcha\n|switch|p1b: Carbink|Carbink|79\/100\n|move|p2b: Kommo-o|Clanging Scales|p1b: Carbink|[spread] p1a\n|-immune|p1b: Carbink\n|-damage|p1a: Indeedee|7\/100\n|-unboost|p2b: Kommo-o|def|1\n|move|p1a: Indeedee|Expanding Force|p2a: Sinistcha|[spread] p2a,p2b\n|-supereffective|p2b: Kommo-o\n|-damage|p2a: Sinistcha|0 fnt\n|-damage|p2b: Kommo-o|0 fnt\n|faint|p2a: Sinistcha\n|faint|p2b: Kommo-o\n|\n|upkeep\n|c|\u2606MarcusTalks|ouch\n|\n|t:|1699397191\n|switch|p2b: Iron Hands|Iron Hands|100\/100\n|switch|p2a: Ninetales|Ninetales-Alola, F, shiny|77\/100\n|-weather|Snow|[from] ability: Snow Warning|[of] p2a: Ninetales\n|turn|10\n|c|\u2606UrsusOmega|I saw my life flash before my eyes\n|\n|t:|1699397204\n|switch|p1b: Sinistcha|Sinistcha, shiny|81\/100 tox\n|-heal|p1a: Indeedee|32\/100|[from] ability: Hospitality|[of] p1b: Sinistcha\n|move|p2b: Iron Hands|Fake Out|p1a: Indeedee\n|-activate|p1a: Indeedee|move: Psychic Terrain\n|move|p2a: Ninetales|Aurora Veil|p2a: Ninetales\n|-sidestart|p2: MarcusTalks|move: Aurora Veil\n|move|p1a: Indeedee|Expanding Force|p2a: Ninetales|[spread] p2a,p2b\n|-supereffective|p2b: Iron Hands\n|-damage|p2a: Ninetales|29\/100\n|-damage|p2b: Iron Hands|51\/100\n|\n|-weather|Snow|[upkeep]\n|-damage|p1b: Sinistcha|75\/100 tox|[from] psn\n|upkeep\n|turn|11\n|\n|t:|1699397225\n|switch|p1b: Clefairy|Clefairy, F, shiny|100\/100\n|move|p2a: Ninetales|Blizzard|p1b: Clefairy|[spread] p1a,p1b\n|-damage|p1a: Indeedee|0 fnt\n|-damage|p1b: Clefairy|73\/100\n|faint|p1a: Indeedee\n|move|p2b: Iron Hands|Drain Punch|p1b: Clefairy\n|-resisted|p1b: Clefairy\n|-damage|p1b: Clefairy|55\/100\n|-heal|p2b: Iron Hands|57\/100|[from] drain|[of] p1b: Clefairy\n|\n|-weather|Snow|[upkeep]\n|upkeep\n|\n|t:|1699397238\n|switch|p1a: Chi-Yu|Chi-Yu|87\/100\n|-ability|p1a: Chi-Yu|Beads of Ruin\n|turn|12\n|\n|t:|1699397246\n|switch|p2a: Arcanine|Arcanine-Hisui, M, shiny|88\/100\n|move|p1b: Clefairy|Helping Hand|p1a: Chi-Yu\n|-singleturn|p1a: Chi-Yu|Helping Hand|[of] p1b: Clefairy\n|move|p1a: Chi-Yu|Heat Wave|p2a: Arcanine|[spread] p2a,p2b\n|-resisted|p2a: Arcanine\n|-damage|p2a: Arcanine|69\/100\n|-damage|p2b: Iron Hands|20\/100\n|move|p2b: Iron Hands|Drain Punch|p1a: Chi-Yu\n|-supereffective|p1a: Chi-Yu\n|-damage|p1a: Chi-Yu|0 fnt\n|-heal|p2b: Iron Hands|42\/100|[from] drain|[of] p1a: Chi-Yu\n|faint|p1a: Chi-Yu\n|\n|-weather|Snow|[upkeep]\n|-fieldend|move: Psychic Terrain\n|upkeep\n|c|\u2606UrsusOmega|ouch\n|c|\u2606MarcusTalks|wow that thing is kinda frail\n|\n|t:|1699397264\n|switch|p1a: Carbink|Carbink|79\/100\n|turn|13\n|c|\u2606UrsusOmega|It's made of paper\n|\n|t:|1699397284\n|move|p1b: Clefairy|Protect|p1b: Clefairy\n|-singleturn|p1b: Clefairy|Protect\n|-zpower|p2a: Arcanine\n|move|p2a: Arcanine|Continental Crush|p1b: Clefairy|[zeffect]\n|-zbroken|p1b: Clefairy\n|-damage|p1b: Clefairy|37\/100\n|move|p2b: Iron Hands|Volt Switch|p1a: Carbink\n|-damage|p1a: Carbink|73\/100\n|\n|t:|1699397294\n|-end|p2b: Iron Hands|Quark Drive|[silent]\n|switch|p2b: Ninetales|Ninetales-Alola, F, shiny|29\/100|[from] Volt Switch\n|move|p1a: Carbink|Skill Swap|p2a: Arcanine\n|-activate|p1a: Carbink|move: Skill Swap|Rock Head|Clear Body|[of] p2a: Arcanine\n|\n|-weather|Snow|[upkeep]\n|upkeep\n|turn|14\n|\n|t:|1699397308\n|switch|p2a: Iron Hands|Iron Hands|42\/100\n|switch|p1b: Sinistcha|Sinistcha, shiny|75\/100 tox\n|-heal|p1a: Carbink|98\/100|[from] ability: Hospitality|[of] p1b: Sinistcha\n|move|p2b: Ninetales|Blizzard|p1a: Carbink|[spread] p1a,p1b\n|-crit|p1a: Carbink\n|-supereffective|p1b: Sinistcha\n|-damage|p1a: Carbink|62\/100\n|-damage|p1b: Sinistcha|18\/100 tox\n|move|p1a: Carbink|Light Screen|p1a: Carbink\n|-sidestart|p1: UrsusOmega|move: Light Screen\n|\n|-weather|none\n|-damage|p1b: Sinistcha|11\/100 tox|[from] psn\n|upkeep\n|turn|15\n|c|\u2606UrsusOmega|I'm kinda boned here\n|c|\u2606UrsusOmega|These are all supporters\n|\n|t:|1699397329\n|move|p2a: Iron Hands|Fake Out|p1a: Carbink\n|-resisted|p1a: Carbink\n|-damage|p1a: Carbink|56\/100\n|move|p2b: Ninetales|Dazzling Gleam|p1a: Carbink|[spread] p1a,p1b\n|-damage|p1a: Carbink|45\/100\n|-damage|p1b: Sinistcha|0 fnt\n|faint|p1b: Sinistcha\n|cant|p1a: Carbink|flinch\n|\n|upkeep\n|\n|t:|1699397337\n|switch|p1b: Clefairy|Clefairy, F, shiny|37\/100\n|turn|16\n|\n|t:|1699397355\n|switch|p2b: Arcanine|Arcanine-Hisui, M, shiny|69\/100\n|move|p2a: Iron Hands|Drain Punch|p1a: Carbink\n|-damage|p1a: Carbink|19\/100\n|-heal|p2a: Iron Hands|49\/100|[from] drain|[of] p1a: Carbink\n|move|p1a: Carbink|Skill Swap|p1b: Clefairy\n|-activate|p1a: Carbink|move: Skill Swap|||[of] p1b: Clefairy\n|move|p1b: Clefairy|Heal Pulse|p2a: Iron Hands\n|-heal|p2a: Iron Hands|99\/100\n|\n|upkeep\n|turn|17\n|c|\u2606MarcusTalks|and these two are physical attackers\n|c|\u2606MarcusTalks|...\n|c|\u2606UrsusOmega|I got nothin lol\n|c|\u2606MarcusTalks|you healed me\n|c|\u2606UrsusOmega|No attacking moves on either of these mon\n|\n|t:|1699397392\n|move|p1b: Clefairy|Protect|p1b: Clefairy\n|-singleturn|p1b: Clefairy|Protect\n|move|p2b: Arcanine|Flare Blitz|p1b: Clefairy\n|-activate|p1b: Clefairy|move: Protect\n|move|p1a: Carbink|Stealth Rock|p2a: Iron Hands\n|-sidestart|p2: MarcusTalks|move: Stealth Rock\n|move|p2a: Iron Hands|Wild Charge|p1a: Carbink\n|-damage|p1a: Carbink|0 fnt\n|faint|p1a: Carbink\n|-damage|p2a: Iron Hands|97\/100|[from] Recoil\n|\n|-sideend|p2: MarcusTalks|move: Aurora Veil\n|upkeep\n|turn|18\n|\n|t:|1699397405\n|move|p1b: Clefairy|Follow Me|p1b: Clefairy\n|-singleturn|p1b: Clefairy|move: Follow Me\n|move|p2b: Arcanine|Flare Blitz|p1b: Clefairy\n|-damage|p1b: Clefairy|0 fnt\n|faint|p1b: Clefairy\n|\n|win|MarcusTalks\n|raw|UrsusOmega's rating: 1107 &rarr; <strong>1083<\/strong><br \/>(-24 for losing)\n|raw|MarcusTalks's rating: 1119 &rarr; <strong>1143<\/strong><br \/>(+24 for winning)\n|c|\u2606UrsusOmega|ggs\n|c|\u2606MarcusTalks|gg\n|c|\u2606UrsusOmega|good battle\n|c|\u2606MarcusTalks|thanks\n|c|\u2606MarcusTalks|prankster toxic really messed you up\n|c|\u2606MarcusTalks|plus ghost tera\n|c|\u2606UrsusOmega|It did\n|c|\u2606UrsusOmega|Good stuff, thanks for the match\n|c|\u2606MarcusTalks|I have a recommendation\n|c|\u2606UrsusOmega|Sure\n|c|\u2606MarcusTalks|try Medicham with Pure Power for skill swap\n|c|\u2606MarcusTalks|doubles your attack turn one\n|c|\u2606UrsusOmega|I just kinda threw this together, I haven't played showdown in forever. That sounds insane, ty\n|c|\u2606MarcusTalks|it might be called huge power\n|c|\u2606MarcusTalks|I can't remember\n|c|\u2606UrsusOmega|Pure power is what I'm seeing on it\n|c|\u2606MarcusTalks|but yeah that mixed with rock slide on Slaking is amazing\n|c|\u2606UrsusOmega|Rock slide on slaking or on medi?\n|c|\u2606MarcusTalks|on Slaking\n|c|\u2606MarcusTalks|plus shadow claw for ghost stab\n|c|\u2606UrsusOmega|Appreciate the advice :)\n|c|\u2606MarcusTalks|the build I use is Slash, Slack off, Shadow claw, and Rock slide\n|c|\u2606MarcusTalks|mess around with that as you want\n|c|\u2606UrsusOmega|Slash instead of return?\n|c|\u2606MarcusTalks|higher crit chance\n|c|\u2606UrsusOmega|That def helps break through defence setup\n|c|\u2606MarcusTalks|but yeah do what you want\n|c|\u2606UrsusOmega|Cool beans\n|c|\u2606MarcusTalks|I like it when people try stuff new and interesting\n|c|\u2606MarcusTalks|instead of the same 6 mons on every team\n|c|\u2606UrsusOmega|The carbunk setup is from when I played Y, so it's a little old lol. I agree, I hate seeing the same team over and over\n|c|\u2606MarcusTalks|yeah Medicham didn't get skill swap back then\n|c|\u2606MarcusTalks|makes sense\n|c|\u2606UrsusOmega|Been a but since I've done double team building if that tells you anything\n|c|\u2606MarcusTalks|I don't do it too often, just when I need to\n|c|\u2606UrsusOmega|Mhm. Well it's been a pleasure chatting with you!\n|c|\u2606MarcusTalks|thanks I sent a friend request in case\n","uploadtime":1699397835,"views":9,"p1id":"ursusomega","p2id":"marcustalks","formatid":"gen9nationaldexdoubles","rating":1083,"private":0,"password":""}