{"id":"gen9nationaldexdoubles-1982820235","p1":"skullgpt","p2":"Colinz_the_best","format":"[Gen 9] National Dex Doubles","log":"|j|\u2606skullgpt\n|j|\u2606Colinz_the_best\n|t:|1699048088\n|gametype|doubles\n|player|p1|skullgpt|koga|1000\n|player|p2|Colinz_the_best|102|1000\n|teamsize|p1|6\n|teamsize|p2|6\n|gen|9\n|tier|[Gen 9] National Dex Doubles\n|rated|\n|rule|HP Percentage Mod: HP is shown in percentages\n|rule|Endless Battle Clause: Forcing endless battles is banned\n|rule|OHKO Clause: OHKO moves are banned\n|rule|Evasion Moves Clause: Evasion moves are banned\n|rule|Evasion Abilities Clause: Evasion abilities are banned\n|rule|Species Clause: Limit one of each Pok\u00e9mon\n|rule|Gravity Sleep Clause: The combination of sleep-inducing moves with imperfect accuracy and Gravity or Gigantamax Orbeetle are banned\n|clearpoke\n|poke|p1|Hatterene, F|\n|poke|p1|Gholdengo|\n|poke|p1|Ceruledge, F|\n|poke|p1|Scyther, M|\n|poke|p1|Grafaiai, M|\n|poke|p1|Slaking, M|\n|poke|p2|Sandy Shocks|\n|poke|p2|Gastrodon, M|\n|poke|p2|Tyranitar, F|\n|poke|p2|Excadrill, M|\n|poke|p2|Sandslash, F|\n|poke|p2|Flygon, M|\n|teampreview\n|\n|t:|1699048115\n|start\n|switch|p1a: Monkeii|Grafaiai, M, shiny|100\/100\n|switch|p1b: Hoennian Snorlax|Slaking, M, shiny|100\/100\n|switch|p2a: Tyranitar|Tyranitar, F|100\/100\n|switch|p2b: Sandslash|Sandslash, F|100\/100\n|-weather|Sandstorm|[from] ability: Sand Stream|[of] p2a: Tyranitar\n|turn|1\n|\n|t:|1699048140\n|move|p1a: Monkeii|Protect|p1a: Monkeii\n|-singleturn|p1a: Monkeii|Protect\n|move|p2b: Sandslash|Swords Dance|p2b: Sandslash\n|-boost|p2b: Sandslash|atk|2\n|move|p1b: Hoennian Snorlax|Earthquake|p2a: Tyranitar|[spread] p2a,p2b\n|-activate|p1a: Monkeii|move: Protect\n|-supereffective|p2a: Tyranitar\n|-damage|p2a: Tyranitar|42\/100\n|-damage|p2b: Sandslash|62\/100\n|move|p2a: Tyranitar|Stone Edge|p1b: Hoennian Snorlax\n|-damage|p1b: Hoennian Snorlax|59\/100\n|\n|-weather|Sandstorm|[upkeep]\n|-damage|p1a: Monkeii|95\/100|[from] Sandstorm\n|-damage|p1b: Hoennian Snorlax|53\/100|[from] Sandstorm\n|upkeep\n|turn|2\n|\n|t:|1699048169\n|-terastallize|p2a: Tyranitar|Flying\n|move|p2b: Sandslash|Earthquake|p1a: Monkeii|[spread] p1a,p1b\n|-immune|p2a: Tyranitar\n|-supereffective|p1a: Monkeii\n|-damage|p1a: Monkeii|0 fnt\n|-damage|p1b: Hoennian Snorlax|0 fnt\n|faint|p1a: Monkeii\n|faint|p1b: Hoennian Snorlax\n|-damage|p2b: Sandslash|52\/100|[from] item: Life Orb\n|move|p2a: Tyranitar|Stone Edge|p1: Monkeii|[notarget]\n|-fail|p2a: Tyranitar\n|\n|-weather|Sandstorm|[upkeep]\n|-damage|p2a: Tyranitar|36\/100|[from] Sandstorm\n|upkeep\n|\n|t:|1699048191\n|switch|p1a: Repaunzelll|Hatterene, F, shiny|100\/100\n|switch|p1b: Big Boots|Ceruledge, F|100\/100\n|turn|3\n|\n|t:|1699048216\n|move|p2b: Sandslash|Earthquake|p1b: Big Boots|[spread] p1a,p1b\n|-immune|p2a: Tyranitar\n|-crit|p1a: Repaunzelll\n|-supereffective|p1b: Big Boots\n|-damage|p1a: Repaunzelll|0 fnt\n|-damage|p1b: Big Boots|0 fnt\n|faint|p1a: Repaunzelll\n|faint|p1b: Big Boots\n|-damage|p2b: Sandslash|42\/100|[from] item: Life Orb\n|move|p2a: Tyranitar|Earthquake|p2b: Sandslash\n|-damage|p2b: Sandslash|0 fnt\n|faint|p2b: Sandslash\n|\n|-weather|Sandstorm|[upkeep]\n|-damage|p2a: Tyranitar|30\/100|[from] Sandstorm\n|upkeep\n|\n|t:|1699048228\n|switch|p1b: BUZZZ|Scyther, M|100\/100\n|switch|p2b: Excadrill|Excadrill, M|100\/100\n|switch|p1a: Make it rainnnn|Gholdengo|100\/100\n|turn|4\n|\n|t:|1699048241\n|move|p2b: Excadrill|Earthquake|p1a: Make it rainnnn|[spread] p1a\n|-immune|p2a: Tyranitar\n|-immune|p1b: BUZZZ\n|-supereffective|p1a: Make it rainnnn\n|-damage|p1a: Make it rainnnn|9\/100\n|move|p1a: Make it rainnnn|Make It Rain|p2b: Excadrill|[spread] p2a,p2b\n|-resisted|p2b: Excadrill\n|-damage|p2a: Tyranitar|0 fnt\n|-damage|p2b: Excadrill|66\/100\n|-unboost|p1a: Make it rainnnn|spa|1\n|faint|p2a: Tyranitar\n|move|p1b: BUZZZ|Swords Dance|p1b: BUZZZ\n|-boost|p1b: BUZZZ|atk|2\n|\n|-weather|Sandstorm|[upkeep]\n|-damage|p1b: BUZZZ|94\/100|[from] Sandstorm\n|upkeep\n|\n|t:|1699048264\n|switch|p2a: Flygon|Flygon, M|100\/100\n|turn|5\n|\n|t:|1699048284\n|-zpower|p2b: Excadrill\n|move|p2b: Excadrill|Corkscrew Crash|p1b: BUZZZ|[zeffect]\n|-damage|p1b: BUZZZ|26\/100\n|move|p2a: Flygon|Stone Edge|p1a: Make it rainnnn\n|-resisted|p1a: Make it rainnnn\n|-damage|p1a: Make it rainnnn|0 fnt\n|faint|p1a: Make it rainnnn\n|-damage|p2a: Flygon|91\/100|[from] item: Life Orb\n|move|p1b: BUZZZ|Air Slash|p2b: Excadrill\n|-resisted|p2b: Excadrill\n|-damage|p2b: Excadrill|50\/100\n|\n|-weather|Sandstorm|[upkeep]\n|-damage|p1b: BUZZZ|20\/100|[from] Sandstorm\n|upkeep\n|turn|6\n|\n|t:|1699048300\n|move|p2b: Excadrill|Iron Head|p1b: BUZZZ\n|-damage|p1b: BUZZZ|0 fnt\n|faint|p1b: BUZZZ\n|\n|win|Colinz_the_best\n|raw|skullgpt's rating: 1000 &rarr; <strong>1000<\/strong><br \/>(+0 for losing)\n|raw|Colinz_the_best's rating: 1000 &rarr; <strong>1040<\/strong><br \/>(+40 for winning)\n|l|\u2606skullgpt\n|c|\u2606Colinz_the_best|Gg\n","uploadtime":1699049397,"views":7,"p1id":"skullgpt","p2id":"colinzthebest","formatid":"gen9nationaldexdoubles","rating":1000,"private":0,"password":""}