{"id":"gen9nationaldexdoubles-1979163080","p1":"thehan13","p2":"entitycramming","format":"[Gen 9] National Dex Doubles","log":"|j|\u2606thehan13\n|j|\u2606entitycramming\n|t:|1698641771\n|gametype|doubles\n|player|p1|thehan13|brycenman|1097\n|player|p2|entitycramming|1|1169\n|teamsize|p1|6\n|teamsize|p2|6\n|gen|9\n|tier|[Gen 9] National Dex Doubles\n|rated|\n|rule|HP Percentage Mod: HP is shown in percentages\n|rule|Endless Battle Clause: Forcing endless battles is banned\n|rule|OHKO Clause: OHKO moves are banned\n|rule|Evasion Moves Clause: Evasion moves are banned\n|rule|Evasion Abilities Clause: Evasion abilities are banned\n|rule|Species Clause: Limit one of each Pok\u00e9mon\n|rule|Gravity Sleep Clause: The combination of sleep-inducing moves with imperfect accuracy and Gravity or Gigantamax Orbeetle are banned\n|clearpoke\n|poke|p1|Darkrai|\n|poke|p1|Breloom, M|\n|poke|p1|Lilligant-Hisui, F|\n|poke|p1|Gengar, M|\n|poke|p1|Amoonguss, M|\n|poke|p1|Vivillon-Pokeball, M|\n|poke|p2|Qwilfish-Hisui, M|\n|poke|p2|Metagross|\n|poke|p2|Perrserker, M|\n|poke|p2|Clefable, M|\n|poke|p2|Sinistcha-Masterpiece|\n|poke|p2|Cresselia, F|\n|teampreview\n|\n|t:|1698641808\n|start\n|switch|p1a: Breloom|Breloom, M|100\/100\n|switch|p1b: Darkrai|Darkrai|100\/100\n|switch|p2a: Cresselia|Cresselia, F|100\/100\n|switch|p2b: Qwilfish|Qwilfish-Hisui, M|100\/100\n|turn|1\n|\n|t:|1698641826\n|move|p1b: Darkrai|Hypnosis|p2a: Cresselia\n|-status|p2a: Cresselia|slp|[from] move: Hypnosis\n|move|p1a: Breloom|Spore|p2b: Qwilfish\n|-status|p2b: Qwilfish|slp|[from] move: Spore\n|cant|p2a: Cresselia|slp\n|cant|p2b: Qwilfish|slp\n|\n|-damage|p2a: Cresselia|88\/100 slp|[from] ability: Bad Dreams|[of] p1b: Darkrai\n|-damage|p2b: Qwilfish|88\/100 slp|[from] ability: Bad Dreams|[of] p1b: Darkrai\n|-status|p1a: Breloom|tox|[from] item: Toxic Orb\n|upkeep\n|turn|2\n|inactive|Battle timer is ON: inactive players will automatically lose when time's up. (requested by thehan13)\n|\n|t:|1698641853\n|move|p1b: Darkrai|Dark Pulse|p2a: Cresselia\n|-supereffective|p2a: Cresselia\n|-damage|p2a: Cresselia|42\/100 slp\n|move|p1a: Breloom|Leech Seed|p2b: Qwilfish\n|-start|p2b: Qwilfish|move: Leech Seed\n|cant|p2b: Qwilfish|slp\n|move|p2b: Qwilfish|Sleep Talk|p2b: Qwilfish\n|move|p2b: Qwilfish|Spikes|p1a: Breloom|[from]move: Sleep Talk\n|-sidestart|p1: thehan13|Spikes\n|-curestatus|p2a: Cresselia|slp|[msg]\n|move|p2a: Cresselia|Thunder Wave|p1b: Darkrai\n|-status|p1b: Darkrai|par\n|\n|-damage|p2b: Qwilfish|76\/100 slp|[from] Leech Seed|[of] p1a: Breloom\n|-damage|p2b: Qwilfish|63\/100 slp|[from] ability: Bad Dreams|[of] p1b: Darkrai\n|upkeep\n|turn|3\n|inactive|entitycramming has 120 seconds left.\n|\n|t:|1698641896\n|switch|p2a: Clefable|Clefable, M|100\/100\n|move|p1a: Breloom|Spore|p2a: Clefable\n|-status|p2a: Clefable|slp|[from] move: Spore\n|-curestatus|p2b: Qwilfish|slp|[msg]\n|move|p2b: Qwilfish|Acupressure|p2b: Qwilfish\n|-boost|p2b: Qwilfish|evasion|2\n|cant|p1b: Darkrai|par\n|\n|-damage|p2b: Qwilfish|51\/100|[from] Leech Seed|[of] p1a: Breloom\n|-damage|p2a: Clefable|88\/100 slp|[from] ability: Bad Dreams|[of] p1b: Darkrai\n|upkeep\n|turn|4\n|inactive|entitycramming has 120 seconds left.\n|inactive|thehan13 has 120 seconds left.\n|\n|t:|1698641929\n|move|p1a: Breloom|Spore|p2b: Qwilfish\n|-status|p2b: Qwilfish|slp|[from] move: Spore\n|cant|p2b: Qwilfish|slp\n|move|p2b: Qwilfish|Sleep Talk|p2b: Qwilfish\n|move|p2b: Qwilfish|Acupressure|p2b: Qwilfish|[from]move: Sleep Talk\n|-boost|p2b: Qwilfish|spe|2\n|move|p1b: Darkrai|Nightmare|p2a: Clefable\n|-start|p2a: Clefable|Nightmare\n|cant|p2a: Clefable|slp\n|\n|-heal|p2a: Clefable|94\/100 slp|[from] item: Leftovers\n|-damage|p2b: Qwilfish|38\/100 slp|[from] Leech Seed|[of] p1a: Breloom\n|-damage|p2a: Clefable|69\/100 slp|[from] Nightmare\n|-damage|p2a: Clefable|57\/100 slp|[from] ability: Bad Dreams|[of] p1b: Darkrai\n|-damage|p2b: Qwilfish|26\/100 slp|[from] ability: Bad Dreams|[of] p1b: Darkrai\n|upkeep\n|turn|5\n|inactive|entitycramming has 120 seconds left.\n|inactive|thehan13 has 120 seconds left.\n|\n|t:|1698641967\n|cant|p2a: Clefable|slp\n|cant|p2b: Qwilfish|slp\n|move|p1a: Breloom|Leech Seed|p2a: Clefable|[miss]\n|-miss|p1a: Breloom|p2a: Clefable\n|cant|p1b: Darkrai|par\n|\n|-heal|p2a: Clefable|63\/100 slp|[from] item: Leftovers\n|-damage|p2b: Qwilfish|13\/100 slp|[from] Leech Seed|[of] p1a: Breloom\n|-damage|p2a: Clefable|38\/100 slp|[from] Nightmare\n|-damage|p2a: Clefable|26\/100 slp|[from] ability: Bad Dreams|[of] p1b: Darkrai\n|-damage|p2b: Qwilfish|1\/100 slp|[from] ability: Bad Dreams|[of] p1b: Darkrai\n|upkeep\n|turn|6\n|inactive|thehan13 has 120 seconds left.\n|\n|t:|1698641991\n|move|p1a: Breloom|Protect|p1a: Breloom\n|-singleturn|p1a: Breloom|Protect\n|-curestatus|p2a: Clefable|slp|[msg]\n|-end|p2a: Clefable|Nightmare|[silent]\n|move|p2a: Clefable|Follow Me|p2a: Clefable\n|-singleturn|p2a: Clefable|move: Follow Me\n|-curestatus|p2b: Qwilfish|slp|[msg]\n|move|p2b: Qwilfish|Rest|p2b: Qwilfish\n|-status|p2b: Qwilfish|slp|[from] move: Rest\n|-heal|p2b: Qwilfish|100\/100 slp|[silent]\n|cant|p1b: Darkrai|par\n|\n|-heal|p2a: Clefable|32\/100|[from] item: Leftovers\n|-damage|p2b: Qwilfish|88\/100 slp|[from] Leech Seed|[of] p1a: Breloom\n|-damage|p2b: Qwilfish|76\/100 slp|[from] ability: Bad Dreams|[of] p1b: Darkrai\n|upkeep\n|turn|7\n|inactive|thehan13 has 120 seconds left.\n|\n|t:|1698642020\n|cant|p2b: Qwilfish|slp\n|move|p2b: Qwilfish|Sleep Talk|p2b: Qwilfish\n|move|p2b: Qwilfish|Rest||[from]move: Sleep Talk|[still]\n|-fail|p2b: Qwilfish\n|move|p1a: Breloom|Spore|p2a: Clefable\n|-status|p2a: Clefable|slp|[from] move: Spore\n|move|p1b: Darkrai|Nightmare|p2a: Clefable\n|-start|p2a: Clefable|Nightmare\n|cant|p2a: Clefable|slp\n|\n|-heal|p2a: Clefable|38\/100 slp|[from] item: Leftovers\n|-damage|p2b: Qwilfish|63\/100 slp|[from] Leech Seed|[of] p1a: Breloom\n|-damage|p2a: Clefable|13\/100 slp|[from] Nightmare\n|-damage|p2a: Clefable|1\/100 slp|[from] ability: Bad Dreams|[of] p1b: Darkrai\n|-damage|p2b: Qwilfish|51\/100 slp|[from] ability: Bad Dreams|[of] p1b: Darkrai\n|upkeep\n|turn|8\n|inactive|thehan13 has 120 seconds left.\n|\n|t:|1698642049\n|move|p1a: Breloom|Protect|p1a: Breloom\n|-singleturn|p1a: Breloom|Protect\n|cant|p2b: Qwilfish|slp\n|move|p2b: Qwilfish|Sleep Talk|p2b: Qwilfish\n|move|p2b: Qwilfish|Spikes|p1a: Breloom|[from]move: Sleep Talk\n|-sidestart|p1: thehan13|Spikes\n|move|p1b: Darkrai|Nightmare|p2b: Qwilfish\n|-start|p2b: Qwilfish|Nightmare\n|cant|p2a: Clefable|slp\n|\n|-heal|p2a: Clefable|7\/100 slp|[from] item: Leftovers\n|-damage|p2b: Qwilfish|38\/100 slp|[from] Leech Seed|[of] p1a: Breloom\n|-damage|p2b: Qwilfish|13\/100 slp|[from] Nightmare\n|-damage|p2a: Clefable|0 fnt|[from] Nightmare\n|faint|p2a: Clefable\n|-damage|p2b: Qwilfish|1\/100 slp|[from] ability: Bad Dreams|[of] p1b: Darkrai\n|upkeep\n|\n|t:|1698642059\n|switch|p2a: Sinistcha|Sinistcha-Masterpiece|100\/100\n|-heal|p2b: Qwilfish|26\/100 slp|[from] ability: Hospitality|[of] p2a: Sinistcha\n|turn|9\n|inactive|thehan13 has 120 seconds left.\n|\n|t:|1698642099\n|-singleturn|p1a: Breloom|move: Focus Punch\n|-curestatus|p2b: Qwilfish|slp|[msg]\n|-end|p2b: Qwilfish|Nightmare|[silent]\n|move|p2b: Qwilfish|Rest|p2b: Qwilfish\n|-status|p2b: Qwilfish|slp|[from] move: Rest\n|-heal|p2b: Qwilfish|100\/100 slp|[silent]\n|move|p1b: Darkrai|Dark Pulse|p2a: Sinistcha\n|-supereffective|p2a: Sinistcha\n|-damage|p2a: Sinistcha|0 fnt\n|faint|p2a: Sinistcha\n|move|p1a: Breloom|Focus Punch|p2b: Qwilfish|[miss]\n|-miss|p1a: Breloom|p2b: Qwilfish\n|\n|-damage|p2b: Qwilfish|88\/100 slp|[from] Leech Seed|[of] p1a: Breloom\n|-damage|p2b: Qwilfish|76\/100 slp|[from] ability: Bad Dreams|[of] p1b: Darkrai\n|upkeep\n|\n|t:|1698642114\n|switch|p2a: Metagross|Metagross|100\/100\n|turn|10\n|inactive|thehan13 has 120 seconds left.\n|\n|t:|1698642133\n|detailschange|p2a: Metagross|Metagross-Mega\n|-mega|p2a: Metagross|Metagross|Metagrossite\n|cant|p2b: Qwilfish|slp\n|move|p2b: Qwilfish|Sleep Talk|p2b: Qwilfish\n|move|p2b: Qwilfish|Spikes|p1a: Breloom|[from]move: Sleep Talk\n|-sidestart|p1: thehan13|Spikes\n|move|p2a: Metagross|Rock Slide|p1b: Darkrai|[spread] p1a,p1b\n|-resisted|p1a: Breloom\n|-damage|p1a: Breloom|88\/100 tox\n|-damage|p1b: Darkrai|71\/100 par\n|move|p1a: Breloom|Spore|p2a: Metagross\n|-status|p2a: Metagross|slp|[from] move: Spore\n|cant|p1b: Darkrai|flinch\n|\n|-damage|p2b: Qwilfish|63\/100 slp|[from] Leech Seed|[of] p1a: Breloom\n|-heal|p1a: Breloom|99\/100 tox|[silent]\n|-heal|p1a: Breloom|100\/100 tox|[from] ability: Poison Heal\n|-damage|p2a: Metagross|88\/100 slp|[from] ability: Bad Dreams|[of] p1b: Darkrai\n|-damage|p2b: Qwilfish|51\/100 slp|[from] ability: Bad Dreams|[of] p1b: Darkrai\n|upkeep\n|turn|11\n|\n|t:|1698642151\n|cant|p2b: Qwilfish|slp\n|move|p2b: Qwilfish|Sleep Talk|p2b: Qwilfish\n|move|p2b: Qwilfish|Rest||[from]move: Sleep Talk|[still]\n|-fail|p2b: Qwilfish\n|cant|p2a: Metagross|slp\n|move|p1a: Breloom|Leech Seed|p2a: Metagross\n|-start|p2a: Metagross|move: Leech Seed\n|move|p1b: Darkrai|Nightmare|p2a: Metagross\n|-start|p2a: Metagross|Nightmare\n|\n|-damage|p2b: Qwilfish|38\/100 slp|[from] Leech Seed|[of] p1a: Breloom\n|-damage|p2a: Metagross|76\/100 slp|[from] Leech Seed|[of] p1a: Breloom\n|-damage|p2a: Metagross|51\/100 slp|[from] Nightmare\n|-damage|p2a: Metagross|39\/100 slp|[from] ability: Bad Dreams|[of] p1b: Darkrai\n|-damage|p2b: Qwilfish|26\/100 slp|[from] ability: Bad Dreams|[of] p1b: Darkrai\n|upkeep\n|turn|12\n|\n|t:|1698642180\n|-singleturn|p1a: Breloom|move: Focus Punch\n|-curestatus|p2b: Qwilfish|slp|[msg]\n|move|p2b: Qwilfish|Rest|p2b: Qwilfish\n|-status|p2b: Qwilfish|slp|[from] move: Rest\n|-heal|p2b: Qwilfish|100\/100 slp|[silent]\n|cant|p2a: Metagross|slp\n|cant|p1b: Darkrai|par\n|move|p1a: Breloom|Focus Punch|p2b: Qwilfish|[miss]\n|-miss|p1a: Breloom|p2b: Qwilfish\n|\n|-damage|p2b: Qwilfish|88\/100 slp|[from] Leech Seed|[of] p1a: Breloom\n|-damage|p2a: Metagross|26\/100 slp|[from] Leech Seed|[of] p1a: Breloom\n|-damage|p2a: Metagross|1\/100 slp|[from] Nightmare\n|-damage|p2a: Metagross|0 fnt|[from] ability: Bad Dreams|[of] p1b: Darkrai\n|-damage|p2b: Qwilfish|76\/100 slp|[from] ability: Bad Dreams|[of] p1b: Darkrai\n|faint|p2a: Metagross\n|upkeep\n|\n|t:|1698642194\n|switch|p2a: Perrserker|Perrserker, M|100\/100\n|turn|13\n|\n|t:|1698642209\n|cant|p2b: Qwilfish|slp\n|move|p2b: Qwilfish|Sleep Talk|p2b: Qwilfish\n|move|p2b: Qwilfish|Acupressure|p2b: Qwilfish|[from]move: Sleep Talk\n|-boost|p2b: Qwilfish|evasion|2\n|move|p1a: Breloom|Spore|p2a: Perrserker\n|-status|p2a: Perrserker|slp|[from] move: Spore\n|move|p1b: Darkrai|Nightmare|p2a: Perrserker\n|-start|p2a: Perrserker|Nightmare\n|cant|p2a: Perrserker|slp\n|\n|-damage|p2b: Qwilfish|63\/100 slp|[from] Leech Seed|[of] p1a: Breloom\n|-damage|p2a: Perrserker|75\/100 slp|[from] Nightmare\n|-damage|p2a: Perrserker|63\/100 slp|[from] ability: Bad Dreams|[of] p1b: Darkrai\n|-damage|p2b: Qwilfish|51\/100 slp|[from] ability: Bad Dreams|[of] p1b: Darkrai\n|upkeep\n|turn|14\n|\n|t:|1698642237\n|switch|p2a: Cresselia|Cresselia, F|42\/100\n|-singleturn|p1a: Breloom|move: Focus Punch\n|cant|p2b: Qwilfish|slp\n|move|p2b: Qwilfish|Sleep Talk|p2b: Qwilfish\n|move|p2b: Qwilfish|Acupressure|p2b: Qwilfish|[from]move: Sleep Talk\n|-boost|p2b: Qwilfish|spd|2\n|cant|p1b: Darkrai|par\n|move|p1a: Breloom|Focus Punch|p2a: Cresselia\n|-resisted|p2a: Cresselia\n|-crit|p2a: Cresselia\n|-damage|p2a: Cresselia|10\/100\n|\n|-damage|p2b: Qwilfish|38\/100 slp|[from] Leech Seed|[of] p1a: Breloom\n|-damage|p2b: Qwilfish|26\/100 slp|[from] ability: Bad Dreams|[of] p1b: Darkrai\n|upkeep\n|turn|15\n|\n|t:|1698642263\n|-curestatus|p2b: Qwilfish|slp|[msg]\n|move|p2b: Qwilfish|Rest|p2b: Qwilfish\n|-status|p2b: Qwilfish|slp|[from] move: Rest\n|-heal|p2b: Qwilfish|100\/100 slp|[silent]\n|move|p1a: Breloom|Spore|p2a: Cresselia\n|-status|p2a: Cresselia|slp|[from] move: Spore\n|cant|p2a: Cresselia|slp\n|move|p1b: Darkrai|Dark Pulse|p2b: Qwilfish\n|-resisted|p2b: Qwilfish\n|-damage|p2b: Qwilfish|93\/100 slp\n|\n|-damage|p2b: Qwilfish|80\/100 slp|[from] Leech Seed|[of] p1a: Breloom\n|-damage|p2a: Cresselia|0 fnt|[from] ability: Bad Dreams|[of] p1b: Darkrai\n|-damage|p2b: Qwilfish|68\/100 slp|[from] ability: Bad Dreams|[of] p1b: Darkrai\n|faint|p2a: Cresselia\n|upkeep\n|\n|t:|1698642268\n|switch|p2a: Perrserker|Perrserker, M|63\/100 slp\n|turn|16\n|\n|t:|1698642287\n|cant|p2b: Qwilfish|slp\n|move|p2b: Qwilfish|Sleep Talk|p2b: Qwilfish\n|move|p2b: Qwilfish|Acupressure|p2b: Qwilfish|[from]move: Sleep Talk\n|-boost|p2b: Qwilfish|accuracy|2\n|move|p1a: Breloom|Spore|p2a: Perrserker\n|-fail|p2a: Perrserker|slp\n|move|p1b: Darkrai|Nightmare|p2a: Perrserker\n|-start|p2a: Perrserker|Nightmare\n|-curestatus|p2a: Perrserker|slp|[msg]\n|-end|p2a: Perrserker|Nightmare|[silent]\n|move|p2a: Perrserker|Gyro Ball|p1a: Breloom\n|-crit|p1a: Breloom\n|-damage|p1a: Breloom|22\/100 tox\n|\n|-heal|p2a: Perrserker|69\/100|[from] item: Leftovers\n|-damage|p2b: Qwilfish|55\/100 slp|[from] Leech Seed|[of] p1a: Breloom\n|-heal|p1a: Breloom|34\/100 tox|[silent]\n|-heal|p1a: Breloom|47\/100 tox|[from] ability: Poison Heal\n|-damage|p2b: Qwilfish|43\/100 slp|[from] ability: Bad Dreams|[of] p1b: Darkrai\n|upkeep\n|turn|17\n|\n|t:|1698642310\n|cant|p2b: Qwilfish|slp\n|move|p2b: Qwilfish|Sleep Talk|p2b: Qwilfish\n|move|p2b: Qwilfish|Acupressure|p2b: Qwilfish|[from]move: Sleep Talk\n|-boost|p2b: Qwilfish|spd|2\n|move|p1a: Breloom|Spore|p2a: Perrserker\n|-status|p2a: Perrserker|slp|[from] move: Spore\n|move|p1b: Darkrai|Nightmare|p2a: Perrserker\n|-start|p2a: Perrserker|Nightmare\n|cant|p2a: Perrserker|slp\n|\n|-heal|p2a: Perrserker|75\/100 slp|[from] item: Leftovers\n|-damage|p2b: Qwilfish|31\/100 slp|[from] Leech Seed|[of] p1a: Breloom\n|-heal|p1a: Breloom|59\/100 tox|[silent]\n|-heal|p1a: Breloom|71\/100 tox|[from] ability: Poison Heal\n|-damage|p2a: Perrserker|50\/100 slp|[from] Nightmare\n|-damage|p2a: Perrserker|38\/100 slp|[from] ability: Bad Dreams|[of] p1b: Darkrai\n|-damage|p2b: Qwilfish|18\/100 slp|[from] ability: Bad Dreams|[of] p1b: Darkrai\n|upkeep\n|turn|18\n|\n|t:|1698642336\n|-curestatus|p2b: Qwilfish|slp|[msg]\n|move|p2b: Qwilfish|Rest|p2b: Qwilfish\n|-status|p2b: Qwilfish|slp|[from] move: Rest\n|-heal|p2b: Qwilfish|100\/100 slp|[silent]\n|move|p1a: Breloom|Leech Seed|p2a: Perrserker\n|-start|p2a: Perrserker|move: Leech Seed\n|cant|p1b: Darkrai|par\n|cant|p2a: Perrserker|slp\n|\n|-heal|p2a: Perrserker|44\/100 slp|[from] item: Leftovers\n|-damage|p2b: Qwilfish|88\/100 slp|[from] Leech Seed|[of] p1a: Breloom\n|-heal|p1a: Breloom|83\/100 tox|[silent]\n|-damage|p2a: Perrserker|31\/100 slp|[from] Leech Seed|[of] p1a: Breloom\n|-heal|p1a: Breloom|96\/100 tox|[silent]\n|-heal|p1a: Breloom|100\/100 tox|[from] ability: Poison Heal\n|-damage|p2a: Perrserker|6\/100 slp|[from] Nightmare\n|-damage|p2a: Perrserker|0 fnt|[from] ability: Bad Dreams|[of] p1b: Darkrai\n|-damage|p2b: Qwilfish|76\/100 slp|[from] ability: Bad Dreams|[of] p1b: Darkrai\n|faint|p2a: Perrserker\n|upkeep\n|turn|19\n|-message|entitycramming forfeited.\n|\n|win|thehan13\n|raw|thehan13's rating: 1097 &rarr; <strong>1129<\/strong><br \/>(+32 for winning)\n|raw|entitycramming's rating: 1185 &rarr; <strong>1154<\/strong><br \/>(-31 for losing)\n|l|\u2606entitycramming\n","uploadtime":1698642352,"views":12,"p1id":"thehan13","p2id":"entitycramming","formatid":"gen9nationaldexdoubles","rating":1129,"private":0,"password":""}