{"id":"gen9nationaldexdoubles-1993368263","p1":"here 4 chill","p2":"psng","format":"[Gen 9] National Dex Doubles","log":"|j|\u2606here 4 chill\n|j|\u2606psng\n|t:|1700307232\n|gametype|doubles\n|player|p1|here 4 chill|unknown|1232\n|player|p2|psng|wallace|1318\n|teamsize|p1|6\n|teamsize|p2|6\n|gen|9\n|tier|[Gen 9] National Dex Doubles\n|rated|\n|rule|HP Percentage Mod: HP is shown in percentages\n|rule|Endless Battle Clause: Forcing endless battles is banned\n|rule|OHKO Clause: OHKO moves are banned\n|rule|Evasion Moves Clause: Evasion moves are banned\n|rule|Evasion Abilities Clause: Evasion abilities are banned\n|rule|Species Clause: Limit one of each Pok\u00e9mon\n|rule|Gravity Sleep Clause: The combination of sleep-inducing moves with imperfect accuracy and Gravity or Gigantamax Orbeetle are banned\n|clearpoke\n|poke|p1|Golduck, M|\n|poke|p1|Grumpig, F|\n|poke|p1|Regigigas|\n|poke|p1|Enamorus-Therian, F|\n|poke|p1|Incineroar, F|\n|poke|p1|Overqwil, F|\n|poke|p2|Hatterene, F|\n|poke|p2|Incineroar, M|\n|poke|p2|Gastrodon-East, M|\n|poke|p2|Mawile, M|\n|poke|p2|Porygon2|\n|poke|p2|Rillaboom, F|\n|teampreview\n|inactive|Battle timer is ON: inactive players will automatically lose when time's up. (requested by psng)\n|inactive|here 4 chill has 120 seconds left.\n|inactive|psng has 120 seconds left.\n|inactive|here 4 chill has 90 seconds left.\n|\n|t:|1700307299\n|start\n|switch|p1a: Sabrina 19 2km\ud83e\udee6|Overqwil, F|100\/100\n|switch|p1b: F\u00e9lix le chat \ud83d\udc31|Incineroar, F, shiny|100\/100\n|switch|p2a: Hatterene|Hatterene, F, shiny|100\/100\n|switch|p2b: Incineroar|Incineroar, M, shiny|100\/100\n|-ability|p1a: Sabrina 19 2km\ud83e\udee6|Intimidate|boost\n|-unboost|p2a: Hatterene|atk|1\n|-unboost|p2b: Incineroar|atk|1\n|-ability|p2b: Incineroar|Intimidate|boost\n|-unboost|p1a: Sabrina 19 2km\ud83e\udee6|atk|1\n|-unboost|p1b: F\u00e9lix le chat \ud83d\udc31|atk|1\n|-ability|p1b: F\u00e9lix le chat \ud83d\udc31|Intimidate|boost\n|-unboost|p2a: Hatterene|atk|1\n|-unboost|p2b: Incineroar|atk|1\n|turn|1\n|\n|t:|1700307323\n|switch|p2b: Gastrodon|Gastrodon-East, M, shiny|100\/100\n|-terastallize|p2a: Hatterene|Ghost\n|move|p1a: Sabrina 19 2km\ud83e\udee6|Aqua Jet|p2b: Gastrodon\n|-ability|p2b: Gastrodon|Storm Drain|boost\n|-boost|p2b: Gastrodon|spa|1\n|-zpower|p1b: F\u00e9lix le chat \ud83d\udc31\n|move|p1b: F\u00e9lix le chat \ud83d\udc31|Malicious Moonsault|p2a: Hatterene|[zeffect]\n|-supereffective|p2a: Hatterene\n|-damage|p2a: Hatterene|0 fnt\n|faint|p2a: Hatterene\n|\n|upkeep\n|inactive|psng has 120 seconds left.\n|\n|t:|1700307341\n|switch|p2a: Porygon2|Porygon2, shiny|100\/100\n|-ability|p2a: Porygon2|Download|boost\n|-boost|p2a: Porygon2|spa|1\n|turn|2\n|\n|t:|1700307351\n|move|p1a: Sabrina 19 2km\ud83e\udee6|Taunt|p2a: Porygon2\n|-start|p2a: Porygon2|move: Taunt\n|move|p1b: F\u00e9lix le chat \ud83d\udc31|U-turn|p2b: Gastrodon\n|-damage|p2b: Gastrodon|81\/100\n|\n|t:|1700307360\n|switch|p1b: Mc Donald's \ud83e\udeb0|Golduck, M, shiny|100\/100|[from] U-turn\n|-ability|p1b: Mc Donald's \ud83e\udeb0|Cloud Nine\n|move|p2b: Gastrodon|Muddy Water|p1b: Mc Donald's \ud83e\udeb0|[spread] p1a,p1b\n|-resisted|p1b: Mc Donald's \ud83e\udeb0\n|-damage|p1a: Sabrina 19 2km\ud83e\udee6|33\/100\n|-damage|p1b: Mc Donald's \ud83e\udeb0|74\/100\n|-unboost|p1a: Sabrina 19 2km\ud83e\udee6|accuracy|1\n|-enditem|p1a: Sabrina 19 2km\ud83e\udee6|Sitrus Berry|[eat]\n|-heal|p1a: Sabrina 19 2km\ud83e\udee6|58\/100|[from] item: Sitrus Berry\n|cant|p2a: Porygon2|move: Taunt|Trick Room\n|\n|upkeep\n|turn|3\n|\n|t:|1700307379\n|switch|p1a: Bob le jardinier\ud83c\udf33|Regigigas, shiny|100\/100\n|-start|p1a: Bob le jardinier\ud83c\udf33|ability: Slow Start\n|switch|p2a: Rillaboom|Rillaboom, F, shiny|100\/100\n|-fieldstart|move: Grassy Terrain|[from] ability: Grassy Surge|[of] p2a: Rillaboom\n|move|p1b: Mc Donald's \ud83e\udeb0|Simple Beam|p1a: Bob le jardinier\ud83c\udf33\n|-end|p1a: Bob le jardinier\ud83c\udf33|Slow Start|[silent]\n|-endability|p1a: Bob le jardinier\ud83c\udf33|Slow Start|[from] move: Simple Beam\n|-ability|p1a: Bob le jardinier\ud83c\udf33|Simple|[from] move: Simple Beam\n|move|p2b: Gastrodon|Muddy Water|p1b: Mc Donald's \ud83e\udeb0|[spread] p1a,p1b\n|-resisted|p1b: Mc Donald's \ud83e\udeb0\n|-damage|p1a: Bob le jardinier\ud83c\udf33|66\/100\n|-damage|p1b: Mc Donald's \ud83e\udeb0|49\/100\n|-unboost|p1a: Bob le jardinier\ud83c\udf33|accuracy|2\n|\n|-heal|p1b: Mc Donald's \ud83e\udeb0|55\/100|[from] Grassy Terrain\n|-heal|p1a: Bob le jardinier\ud83c\udf33|72\/100|[from] Grassy Terrain\n|-heal|p1a: Bob le jardinier\ud83c\udf33|78\/100|[from] item: Leftovers\n|-heal|p2b: Gastrodon|87\/100|[from] Grassy Terrain\n|upkeep\n|turn|4\n|\n|t:|1700307405\n|switch|p2b: Porygon2|Porygon2, shiny|100\/100\n|-ability|p2b: Porygon2|Download|boost\n|-boost|p2b: Porygon2|atk|1\n|move|p1b: Mc Donald's \ud83e\udeb0|Yawn|p2b: Porygon2\n|-start|p2b: Porygon2|move: Yawn|[of] p1b: Mc Donald's \ud83e\udeb0\n|move|p1a: Bob le jardinier\ud83c\udf33|Rock Polish|p1a: Bob le jardinier\ud83c\udf33\n|-boost|p1a: Bob le jardinier\ud83c\udf33|spe|4\n|move|p2a: Rillaboom|Hammer Arm|p1a: Bob le jardinier\ud83c\udf33\n|-supereffective|p1a: Bob le jardinier\ud83c\udf33\n|-damage|p1a: Bob le jardinier\ud83c\udf33|21\/100\n|-unboost|p2a: Rillaboom|spe|1\n|\n|-heal|p1a: Bob le jardinier\ud83c\udf33|27\/100|[from] Grassy Terrain\n|-heal|p1a: Bob le jardinier\ud83c\udf33|33\/100|[from] item: Leftovers\n|-heal|p1b: Mc Donald's \ud83e\udeb0|61\/100|[from] Grassy Terrain\n|upkeep\n|turn|5\n|\n|t:|1700307424\n|switch|p1b: Sabrina 19 2km\ud83e\udee6|Overqwil, F|58\/100\n|-ability|p1b: Sabrina 19 2km\ud83e\udee6|Intimidate|boost\n|-unboost|p2a: Rillaboom|atk|1\n|-unboost|p2b: Porygon2|atk|1\n|-terastallize|p1a: Bob le jardinier\ud83c\udf33|Fairy\n|move|p1a: Bob le jardinier\ud83c\udf33|Power-Up Punch|p2b: Porygon2\n|-supereffective|p2b: Porygon2\n|-damage|p2b: Porygon2|72\/100\n|-boost|p1a: Bob le jardinier\ud83c\udf33|atk|2\n|move|p2a: Rillaboom|Hammer Arm|p1a: Bob le jardinier\ud83c\udf33\n|-resisted|p1a: Bob le jardinier\ud83c\udf33\n|-damage|p1a: Bob le jardinier\ud83c\udf33|25\/100\n|-unboost|p2a: Rillaboom|spe|1\n|move|p2b: Porygon2|Trick Room|p2b: Porygon2\n|-fieldstart|move: Trick Room|[of] p2b: Porygon2\n|\n|-heal|p2b: Porygon2|78\/100|[from] Grassy Terrain\n|-heal|p1b: Sabrina 19 2km\ud83e\udee6|64\/100|[from] Grassy Terrain\n|-heal|p1a: Bob le jardinier\ud83c\udf33|31\/100|[from] Grassy Terrain\n|-heal|p1a: Bob le jardinier\ud83c\udf33|37\/100|[from] item: Leftovers\n|-end|p2b: Porygon2|move: Yawn|[silent]\n|-status|p2b: Porygon2|slp\n|upkeep\n|turn|6\n|\n|t:|1700307441\n|switch|p2a: Gastrodon|Gastrodon-East, M, shiny|87\/100\n|switch|p2b: Incineroar|Incineroar, M, shiny|100\/100\n|-ability|p2b: Incineroar|Intimidate|boost\n|-unboost|p1a: Bob le jardinier\ud83c\udf33|atk|2\n|-unboost|p1b: Sabrina 19 2km\ud83e\udee6|atk|1\n|move|p1b: Sabrina 19 2km\ud83e\udee6|Acupressure|p1a: Bob le jardinier\ud83c\udf33\n|-boost|p1a: Bob le jardinier\ud83c\udf33|evasion|4\n|move|p1a: Bob le jardinier\ud83c\udf33|Power-Up Punch|p2b: Incineroar|[miss]\n|-miss|p1a: Bob le jardinier\ud83c\udf33|p2b: Incineroar\n|\n|-heal|p2a: Gastrodon|93\/100|[from] Grassy Terrain\n|-heal|p1b: Sabrina 19 2km\ud83e\udee6|70\/100|[from] Grassy Terrain\n|-heal|p1a: Bob le jardinier\ud83c\udf33|43\/100|[from] Grassy Terrain\n|-heal|p1a: Bob le jardinier\ud83c\udf33|49\/100|[from] item: Leftovers\n|upkeep\n|turn|7\n|\n|t:|1700307455\n|move|p2b: Incineroar|Fake Out|p1a: Bob le jardinier\ud83c\udf33\n|-damage|p1a: Bob le jardinier\ud83c\udf33|41\/100\n|-zpower|p2a: Gastrodon\n|move|p2a: Gastrodon|Tectonic Rage|p1a: Bob le jardinier\ud83c\udf33|[zeffect]\n|-damage|p1a: Bob le jardinier\ud83c\udf33|0 fnt\n|faint|p1a: Bob le jardinier\ud83c\udf33\n|move|p1b: Sabrina 19 2km\ud83e\udee6|Acupressure|p1: Bob le jardinier\ud83c\udf33|[notarget]\n|-fail|p1b: Sabrina 19 2km\ud83e\udee6\n|\n|-heal|p2a: Gastrodon|99\/100|[from] Grassy Terrain\n|-heal|p1b: Sabrina 19 2km\ud83e\udee6|76\/100|[from] Grassy Terrain\n|-fieldend|move: Grassy Terrain\n|upkeep\n|-message|here 4 chill forfeited.\n|\n|win|psng\n|raw|here 4 chill's rating: 1232 &rarr; <strong>1213<\/strong><br \/>(-19 for losing)\n|raw|psng's rating: 1318 &rarr; <strong>1333<\/strong><br \/>(+15 for winning)\n|l|\u2606here 4 chill\n","uploadtime":1700307470,"views":5,"p1id":"here4chill","p2id":"psng","formatid":"gen9nationaldexdoubles","rating":1213,"private":0,"password":""}