{"id":"gen9nationaldexdoubles-1994444133","p1":"PsychPath","p2":"El Ryuk456","format":"[Gen 9] National Dex Doubles","log":"|j|\u2606PsychPath\n|j|\u2606El Ryuk456\n|t:|1700444621\n|gametype|doubles\n|player|p1|PsychPath|ballguy|1063\n|player|p2|El Ryuk456|ingo|1334\n|teamsize|p1|6\n|teamsize|p2|6\n|gen|9\n|tier|[Gen 9] National Dex Doubles\n|rated|\n|rule|HP Percentage Mod: HP is shown in percentages\n|rule|Endless Battle Clause: Forcing endless battles is banned\n|rule|OHKO Clause: OHKO moves are banned\n|rule|Evasion Moves Clause: Evasion moves are banned\n|rule|Evasion Abilities Clause: Evasion abilities are banned\n|rule|Species Clause: Limit one of each Pok\u00e9mon\n|rule|Gravity Sleep Clause: The combination of sleep-inducing moves with imperfect accuracy and Gravity or Gigantamax Orbeetle are banned\n|clearpoke\n|poke|p1|Kingambit, F|\n|poke|p1|Bisharp, M|\n|poke|p1|Corviknight, M|\n|poke|p1|Scizor, M|\n|poke|p1|Gholdengo|\n|poke|p1|Klefki, M|\n|poke|p2|Urshifu-*, F|\n|poke|p2|Ogerpon-Wellspring, F|\n|poke|p2|Tapu Fini|\n|poke|p2|Dragonite, F|\n|poke|p2|Marowak, F|\n|poke|p2|Aegislash, M|\n|teampreview\n|inactive|Battle timer is ON: inactive players will automatically lose when time's up. (requested by PsychPath)\n|\n|t:|1700444638\n|start\n|switch|p1a: Klefki|Klefki, M|100\/100\n|switch|p1b: Corviknight|Corviknight, M|100\/100\n|switch|p2a: Marowak|Marowak, F|100\/100\n|switch|p2b: Urshifu|Urshifu-Rapid-Strike, F|100\/100\n|turn|1\n|\n|t:|1700444652\n|switch|p2b: Aegislash|Aegislash, M, shiny|100\/100\n|move|p1a: Klefki|Reflect|p1a: Klefki\n|-sidestart|p1: PsychPath|Reflect\n|move|p1b: Corviknight|Bulk Up|p1b: Corviknight\n|-boost|p1b: Corviknight|atk|1\n|-boost|p1b: Corviknight|def|1\n|move|p2a: Marowak|Bonemerang|p1a: Klefki\n|-supereffective|p1a: Klefki\n|-damage|p1a: Klefki|51\/100\n|-supereffective|p1a: Klefki\n|-damage|p1a: Klefki|0 fnt\n|faint|p1a: Klefki\n|-hitcount|p1: Klefki|2\n|\n|upkeep\n|\n|t:|1700444673\n|switch|p1a: Scizor|Scizor, M|100\/100\n|turn|2\n|\n|t:|1700444686\n|detailschange|p1a: Scizor|Scizor-Mega, M\n|-mega|p1a: Scizor|Scizor|Scizorite\n|move|p1a: Scizor|Bullet Punch|p2a: Marowak\n|-damage|p2a: Marowak|69\/100\n|move|p1b: Corviknight|Bulk Up|p1b: Corviknight\n|-boost|p1b: Corviknight|atk|1\n|-boost|p1b: Corviknight|def|1\n|move|p2a: Marowak|Brick Break|p1a: Scizor\n|-sideend|p1: PsychPath|Reflect\n|-damage|p1a: Scizor|71\/100\n|-zpower|p2b: Aegislash\n|-formechange|p2b: Aegislash|Aegislash-Blade||[from] ability: Stance Change\n|move|p2b: Aegislash|Never-Ending Nightmare|p1b: Corviknight|[zeffect]\n|-damage|p1b: Corviknight|37\/100\n|\n|-heal|p1b: Corviknight|43\/100|[from] item: Leftovers\n|upkeep\n|turn|3\n|\n|t:|1700444715\n|move|p1a: Scizor|Bullet Punch|p2a: Marowak\n|-damage|p2a: Marowak|37\/100\n|move|p1b: Corviknight|Taunt|p2b: Aegislash\n|-start|p2b: Aegislash|move: Taunt\n|move|p2a: Marowak|Bonemerang|p1b: Corviknight\n|-immune|p1b: Corviknight\n|move|p2b: Aegislash|Shadow Ball|p1b: Corviknight\n|-damage|p1b: Corviknight|13\/100\n|\n|-heal|p1b: Corviknight|20\/100|[from] item: Leftovers\n|upkeep\n|turn|4\n|\n|t:|1700444731\n|move|p1a: Scizor|Bullet Punch|p2a: Marowak\n|-damage|p2a: Marowak|7\/100\n|move|p1b: Corviknight|Roost|p1b: Corviknight\n|-heal|p1b: Corviknight|70\/100\n|-singleturn|p1b: Corviknight|move: Roost\n|move|p2a: Marowak|Bonemerang|p1b: Corviknight\n|-supereffective|p1b: Corviknight\n|-damage|p1b: Corviknight|39\/100\n|-supereffective|p1b: Corviknight\n|-crit|p1b: Corviknight\n|-damage|p1b: Corviknight|0 fnt\n|faint|p1b: Corviknight\n|-hitcount|p1: Corviknight|2\n|move|p2b: Aegislash|Shadow Ball|p1a: Scizor\n|-damage|p1a: Scizor|37\/100\n|\n|upkeep\n|\n|t:|1700444750\n|switch|p1b: Bisharp|Bisharp, M|100\/100\n|turn|5\n|\n|t:|1700444759\n|switch|p2b: Tapu Fini|Tapu Fini|100\/100\n|-fieldstart|move: Misty Terrain|[from] ability: Misty Surge|[of] p2b: Tapu Fini\n|move|p1a: Scizor|Bullet Punch|p2a: Marowak\n|-damage|p2a: Marowak|0 fnt\n|faint|p2a: Marowak\n|move|p1b: Bisharp|Knock Off|p2b: Tapu Fini\n|-resisted|p2b: Tapu Fini\n|-damage|p2b: Tapu Fini|84\/100\n|-enditem|p2b: Tapu Fini|Leftovers|[from] move: Knock Off|[of] p1b: Bisharp\n|\n|upkeep\n|\n|t:|1700444777\n|switch|p2a: Urshifu|Urshifu-Rapid-Strike, F|100\/100\n|turn|6\n|\n|t:|1700444784\n|move|p1b: Bisharp|Protect|p1b: Bisharp\n|-singleturn|p1b: Bisharp|Protect\n|move|p2a: Urshifu|Drain Punch|p1b: Bisharp\n|-supereffective|p1b: Bisharp\n|-damage|p1b: Bisharp|6\/100\n|move|p2b: Tapu Fini|Muddy Water|p1b: Bisharp|[spread] p1a\n|-activate|p1b: Bisharp|move: Protect\n|-damage|p1a: Scizor|13\/100\n|move|p1a: Scizor|Dual Wingbeat|p2a: Urshifu\n|-supereffective|p2a: Urshifu\n|-damage|p2a: Urshifu|59\/100\n|-supereffective|p2a: Urshifu\n|-damage|p2a: Urshifu|20\/100\n|-hitcount|p2a: Urshifu|2\n|\n|upkeep\n|turn|7\n|\n|t:|1700444804\n|move|p2a: Urshifu|Detect|p2a: Urshifu\n|-singleturn|p2a: Urshifu|Protect\n|move|p1a: Scizor|Bullet Punch|p2a: Urshifu\n|-activate|p2a: Urshifu|move: Protect\n|move|p2b: Tapu Fini|Muddy Water|p1a: Scizor|[spread] p1a,p1b\n|-damage|p1a: Scizor|0 fnt\n|-damage|p1b: Bisharp|0 fnt\n|faint|p1a: Scizor\n|faint|p1b: Bisharp\n|\n|upkeep\n|\n|t:|1700444815\n|switch|p1b: Gholdengo|Gholdengo|100\/100\n|switch|p1a: Kingambit|Kingambit, F|100\/100\n|-activate|p1a: Kingambit|ability: Supreme Overlord\n|-start|p1a: Kingambit|fallen4|[silent]\n|turn|8\n|\n|t:|1700444844\n|-terastallize|p1a: Kingambit|Fairy\n|move|p1a: Kingambit|Sucker Punch|p2a: Urshifu\n|-resisted|p2a: Urshifu\n|-damage|p2a: Urshifu|2\/100\n|move|p2a: Urshifu|Drain Punch|p1a: Kingambit\n|-resisted|p1a: Kingambit\n|-damage|p1a: Kingambit|87\/100\n|-heal|p2a: Urshifu|9\/100|[from] drain|[of] p1a: Kingambit\n|move|p2b: Tapu Fini|Muddy Water|p1a: Kingambit|[spread] p1a,p1b\n|-damage|p1a: Kingambit|66\/100\n|-damage|p1b: Gholdengo|79\/100\n|move|p1b: Gholdengo|Nasty Plot|p1b: Gholdengo\n|-boost|p1b: Gholdengo|spa|2\n|\n|-heal|p1b: Gholdengo|85\/100|[from] item: Leftovers\n|upkeep\n|turn|9\n|\n|t:|1700444873\n|move|p1a: Kingambit|Protect|p1a: Kingambit\n|-singleturn|p1a: Kingambit|Protect\n|move|p2a: Urshifu|Surging Strikes|p1a: Kingambit\n|-crit|p1a: Kingambit\n|-damage|p1a: Kingambit|48\/100\n|-crit|p1a: Kingambit\n|-damage|p1a: Kingambit|30\/100\n|-crit|p1a: Kingambit\n|-damage|p1a: Kingambit|14\/100\n|-hitcount|p1a: Kingambit|3\n|move|p2b: Tapu Fini|Muddy Water|p1b: Gholdengo|[spread] p1b\n|-activate|p1a: Kingambit|move: Protect\n|-damage|p1b: Gholdengo|63\/100\n|move|p1b: Gholdengo|Dazzling Gleam|p2a: Urshifu|[spread] p2a,p2b\n|-supereffective|p2a: Urshifu\n|-damage|p2a: Urshifu|0 fnt\n|-damage|p2b: Tapu Fini|52\/100\n|faint|p2a: Urshifu\n|\n|-heal|p1b: Gholdengo|69\/100|[from] item: Leftovers\n|-fieldend|Misty Terrain\n|upkeep\n|inactive|El Ryuk456 has 120 seconds left.\n|\n|t:|1700444901\n|switch|p2a: Dragonite|Dragonite, F|100\/100\n|turn|10\n|\n|t:|1700444913\n|move|p2a: Dragonite|Extreme Speed|p1a: Kingambit\n|-damage|p1a: Kingambit|0 fnt\n|faint|p1a: Kingambit\n|-end|p1a: Kingambit|fallen4|[silent]\n|move|p2b: Tapu Fini|Muddy Water|p1b: Gholdengo\n|-damage|p1b: Gholdengo|39\/100\n|-unboost|p1b: Gholdengo|accuracy|1\n|move|p1b: Gholdengo|Make It Rain|p2a: Dragonite|[spread] p2a\n|-miss|p1b: Gholdengo|p2b: Tapu Fini\n|-damage|p2a: Dragonite|15\/100\n|-unboost|p1b: Gholdengo|spa|1\n|\n|-heal|p1b: Gholdengo|45\/100|[from] item: Leftovers\n|upkeep\n|turn|11\n|-message|PsychPath forfeited.\n|\n|win|El Ryuk456\n|raw|PsychPath's rating: 1063 &rarr; <strong>1056<\/strong><br \/>(-7 for losing)\n|raw|El Ryuk456's rating: 1334 &rarr; <strong>1341<\/strong><br \/>(+7 for winning)\n|l|\u2606PsychPath\n","uploadtime":1700444970,"views":8,"p1id":"psychpath","p2id":"elryuk456","formatid":"gen9nationaldexdoubles","rating":1056,"private":0,"password":""}