{"id":"gen9nationaldexdoubles-1987910322","p1":"fiyp","p2":"GenerallGrievous","format":"[Gen 9] National Dex Doubles","log":"|j|\u2606fiyp\n|j|\u2606GenerallGrievous\n|t:|1699648271\n|gametype|doubles\n|player|p1|fiyp|drayden|1065\n|player|p2|GenerallGrievous|fantina|1100\n|teamsize|p1|6\n|teamsize|p2|6\n|gen|9\n|tier|[Gen 9] National Dex Doubles\n|rated|\n|rule|HP Percentage Mod: HP is shown in percentages\n|rule|Endless Battle Clause: Forcing endless battles is banned\n|rule|OHKO Clause: OHKO moves are banned\n|rule|Evasion Moves Clause: Evasion moves are banned\n|rule|Evasion Abilities Clause: Evasion abilities are banned\n|rule|Species Clause: Limit one of each Pok\u00e9mon\n|rule|Gravity Sleep Clause: The combination of sleep-inducing moves with imperfect accuracy and Gravity or Gigantamax Orbeetle are banned\n|clearpoke\n|poke|p1|Samurott-Hisui, M|\n|poke|p1|Volcarona, F|\n|poke|p1|Sylveon, F|\n|poke|p1|Linoone-Galar, F|\n|poke|p1|Klefki, M|\n|poke|p1|Iron Valiant|\n|poke|p2|Oricorio-Pom-Pom, F|\n|poke|p2|Volcarona, M|\n|poke|p2|Flamigo, M|\n|poke|p2|Fezandipiti, M|\n|poke|p2|Amoonguss, M|\n|poke|p2|Flutter Mane|\n|teampreview\n|inactive|Battle timer is ON: inactive players will automatically lose when time's up. (requested by fiyp)\n|\n|t:|1699648280\n|start\n|switch|p1a: Volcarona|Volcarona, F|100\/100\n|switch|p1b: Klefki|Klefki, M|100\/100\n|switch|p2a: Oricorio|Oricorio-Pom-Pom, F, shiny|100\/100\n|switch|p2b: Solana|Volcarona, M|100\/100\n|turn|1\n|\n|t:|1699648294\n|move|p1b: Klefki|Thunder Wave|p2b: Solana\n|-status|p2b: Solana|par\n|move|p1a: Volcarona|Tailwind|p1a: Volcarona\n|-sidestart|p1: fiyp|move: Tailwind\n|move|p2a: Oricorio|Quiver Dance|p2a: Oricorio\n|-boost|p2a: Oricorio|spa|1\n|-boost|p2a: Oricorio|spd|1\n|-boost|p2a: Oricorio|spe|1\n|move|p2b: Solana|Quiver Dance|p2b: Solana\n|-boost|p2b: Solana|spa|1\n|-boost|p2b: Solana|spd|1\n|-boost|p2b: Solana|spe|1\n|-activate|p2a: Oricorio|ability: Dancer\n|move|p2a: Oricorio|Quiver Dance|p2a: Oricorio|[from]ability: Dancer\n|-boost|p2a: Oricorio|spa|1\n|-boost|p2a: Oricorio|spd|1\n|-boost|p2a: Oricorio|spe|1\n|\n|upkeep\n|turn|2\n|\n|t:|1699648322\n|move|p1b: Klefki|Light Screen|p1b: Klefki\n|-sidestart|p1: fiyp|move: Light Screen\n|move|p1a: Volcarona|Heat Wave|p2a: Oricorio|[spread] p2a\n|-miss|p1a: Volcarona|p2b: Solana\n|-damage|p2a: Oricorio|76\/100\n|move|p2a: Oricorio|Revelation Dance|p1a: Volcarona\n|-damage|p1a: Volcarona|54\/100\n|move|p2b: Solana|Fiery Dance|p1b: Klefki\n|-supereffective|p1b: Klefki\n|-damage|p1b: Klefki|13\/100\n|-activate|p2a: Oricorio|ability: Dancer\n|move|p2a: Oricorio|Fiery Dance|p1b: Klefki|[from]ability: Dancer\n|-supereffective|p1b: Klefki\n|-damage|p1b: Klefki|0 fnt\n|faint|p1b: Klefki\n|\n|upkeep\n|\n|t:|1699648340\n|switch|p1b: Samurott|Samurott-Hisui, M|100\/100\n|turn|3\n|\n|t:|1699648367\n|-terastallize|p2b: Solana|Water\n|move|p1a: Volcarona|Rage Powder|p1a: Volcarona\n|-singleturn|p1a: Volcarona|move: Rage Powder\n|move|p1b: Samurott|Ceaseless Edge|p2a: Oricorio\n|-damage|p2a: Oricorio|28\/100\n|-sidestart|p2: GenerallGrievous|Spikes\n|-damage|p1b: Samurott|91\/100|[from] item: Life Orb\n|move|p2a: Oricorio|Revelation Dance|p1a: Volcarona\n|-damage|p1a: Volcarona|14\/100\n|move|p2b: Solana|Giga Drain|p1a: Volcarona\n|-resisted|p1a: Volcarona\n|-damage|p1a: Volcarona|8\/100\n|\n|upkeep\n|turn|4\n|\n|t:|1699648389\n|move|p2a: Oricorio|Protect|p2a: Oricorio\n|-singleturn|p2a: Oricorio|Protect\n|move|p1b: Samurott|Sucker Punch||[still]\n|-fail|p1b: Samurott\n|move|p1a: Volcarona|Bug Buzz|p2b: Solana\n|-damage|p2b: Solana|73\/100 par\n|move|p2b: Solana|Fiery Dance|p1a: Volcarona\n|-damage|p1a: Volcarona|0 fnt\n|-boost|p2b: Solana|spa|1\n|faint|p1a: Volcarona\n|-activate|p2a: Oricorio|ability: Dancer\n|move|p2a: Oricorio|Fiery Dance|p1b: Samurott|[from]ability: Dancer\n|-resisted|p1b: Samurott\n|-damage|p1b: Samurott|72\/100\n|-boost|p2a: Oricorio|spa|1\n|\n|-heal|p2b: Solana|79\/100 par|[from] item: Leftovers\n|-sideend|p1: fiyp|move: Tailwind\n|upkeep\n|inactive|fiyp has 120 seconds left.\n|\n|t:|1699648406\n|switch|p1a: Linoone|Linoone-Galar, F|100\/100\n|turn|5\n|\n|t:|1699648421\n|move|p1a: Linoone|Helping Hand|p1b: Samurott\n|-singleturn|p1b: Samurott|Helping Hand|[of] p1a: Linoone\n|move|p1b: Samurott|Sucker Punch||[still]\n|-fail|p1b: Samurott\n|move|p2a: Oricorio|Roost|p2a: Oricorio\n|-heal|p2a: Oricorio|78\/100\n|-singleturn|p2a: Oricorio|move: Roost\n|move|p2b: Solana|Giga Drain|p1b: Samurott\n|-supereffective|p1b: Samurott\n|-damage|p1b: Samurott|0 fnt\n|-heal|p2b: Solana|100\/100 par|[from] drain|[of] p1b: Samurott\n|faint|p1b: Samurott\n|\n|upkeep\n|-message|fiyp forfeited.\n|\n|win|GenerallGrievous\n|raw|fiyp's rating: 1065 &rarr; <strong>1047<\/strong><br \/>(-18 for losing)\n|raw|GenerallGrievous's rating: 1100 &rarr; <strong>1122<\/strong><br \/>(+22 for winning)\n|l|\u2606fiyp\n","uploadtime":1699648442,"views":22,"p1id":"fiyp","p2id":"generallgrievous","formatid":"gen9nationaldexdoubles","rating":1047,"private":0,"password":""}