{"id":"gen9nationaldexdoubles-1961349256","p1":"Theadonia","p2":"toffee1497","format":"[Gen 9] National Dex Doubles","log":"|j|\u2606Theadonia\n|j|\u2606toffee1497\n|t:|1696617582\n|gametype|doubles\n|player|p1|Theadonia|caitlin|1321\n|player|p2|toffee1497|elio|1345\n|teamsize|p1|6\n|teamsize|p2|6\n|gen|9\n|tier|[Gen 9] National Dex Doubles\n|rated|\n|rule|HP Percentage Mod: HP is shown in percentages\n|rule|Endless Battle Clause: Forcing endless battles is banned\n|rule|OHKO Clause: OHKO moves are banned\n|rule|Evasion Moves Clause: Evasion moves are banned\n|rule|Evasion Abilities Clause: Evasion abilities are banned\n|rule|Species Clause: Limit one of each Pok\u00e9mon\n|rule|Gravity Sleep Clause: The combination of sleep-inducing moves with imperfect accuracy and Gravity or Gigantamax Orbeetle are banned\n|clearpoke\n|poke|p1|Delphox, F|\n|poke|p1|Oricorio-Sensu, M|\n|poke|p1|Kommo-o, F|\n|poke|p1|Dodrio, M|\n|poke|p1|Cresselia, F|\n|poke|p1|Smeargle, M|\n|poke|p2|Mimikyu, M|\n|poke|p2|Quagsire, M|\n|poke|p2|Feraligatr, M|\n|poke|p2|Primarina, F|\n|poke|p2|Goodra, F|\n|poke|p2|Kommo-o, F|\n|teampreview\n|\n|t:|1696617589\n|start\n|switch|p1a: Delphox|Delphox, F, shiny|100\/100\n|switch|p1b: Oricorio|Oricorio-Sensu, M, shiny|100\/100\n|switch|p2a: Mimikyu|Mimikyu, M|100\/100\n|switch|p2b: Quagsire|Quagsire, M|100\/100\n|turn|1\n|\n|t:|1696617604\n|move|p2a: Mimikyu|Shadow Sneak|p1b: Oricorio\n|-supereffective|p1b: Oricorio\n|-crit|p1b: Oricorio\n|-damage|p1b: Oricorio|57\/100\n|move|p1a: Delphox|Role Play|p1b: Oricorio\n|-endability|p1a: Delphox|Magician|[from] move: Role Play\n|-ability|p1a: Delphox|Dancer|[from] move: Role Play|[of] p1b: Oricorio\n|move|p1b: Oricorio|Quiver Dance|p1b: Oricorio\n|-boost|p1b: Oricorio|spa|1\n|-boost|p1b: Oricorio|spd|1\n|-boost|p1b: Oricorio|spe|1\n|-activate|p1a: Delphox|ability: Dancer\n|move|p1a: Delphox|Quiver Dance|p1a: Delphox|[from]ability: Dancer\n|-boost|p1a: Delphox|spa|1\n|-boost|p1a: Delphox|spd|1\n|-boost|p1a: Delphox|spe|1\n|move|p2b: Quagsire|Stealth Rock|p1b: Oricorio\n|-sidestart|p1: Theadonia|move: Stealth Rock\n|\n|upkeep\n|turn|2\n|\n|t:|1696617632\n|-terastallize|p1b: Oricorio|Fairy\n|move|p2a: Mimikyu|Shadow Sneak|p1b: Oricorio\n|-damage|p1b: Oricorio|43\/100\n|move|p1a: Delphox|Heat Wave|p2a: Mimikyu|[spread] p2a,p2b\n|-resisted|p2b: Quagsire\n|-activate|p2a: Mimikyu|ability: Disguise\n|-damage|p2a: Mimikyu|100\/100\n|-damage|p2b: Quagsire|72\/100\n|detailschange|p2a: Mimikyu|Mimikyu-Busted, M\n|-damage|p2a: Mimikyu|88\/100|[from] pokemon: Mimikyu-Busted\n|move|p1b: Oricorio|Revelation Dance|p2a: Mimikyu\n|-damage|p2a: Mimikyu|32\/100\n|-activate|p1a: Delphox|ability: Dancer\n|move|p1a: Delphox|Revelation Dance|p2a: Mimikyu|[from]ability: Dancer\n|-damage|p2a: Mimikyu|0 fnt\n|faint|p2a: Mimikyu\n|move|p2b: Quagsire|Yawn|p1a: Delphox\n|-start|p1a: Delphox|move: Yawn|[of] p2b: Quagsire\n|\n|-heal|p2b: Quagsire|78\/100|[from] item: Leftovers\n|upkeep\n|\n|t:|1696617668\n|switch|p2a: Goodra|Goodra, F|100\/100\n|turn|3\n|\n|t:|1696617682\n|move|p1a: Delphox|Heat Wave|p2b: Quagsire|[spread] p2a\n|-miss|p1a: Delphox|p2b: Quagsire\n|-enditem|p1a: Delphox|Blunder Policy\n|-boost|p1a: Delphox|spe|2\n|-resisted|p2a: Goodra\n|-damage|p2a: Goodra|89\/100\n|-status|p2a: Goodra|brn\n|move|p1b: Oricorio|Revelation Dance|p2a: Goodra\n|-supereffective|p2a: Goodra\n|-crit|p2a: Goodra\n|-damage|p2a: Goodra|35\/100 brn\n|-activate|p1a: Delphox|ability: Dancer\n|move|p1a: Delphox|Revelation Dance|p2a: Goodra|[from]ability: Dancer\n|-resisted|p2a: Goodra\n|-damage|p2a: Goodra|22\/100 brn\n|move|p2a: Goodra|Sludge Bomb|p1b: Oricorio\n|-supereffective|p1b: Oricorio\n|-damage|p1b: Oricorio|0 fnt\n|faint|p1b: Oricorio\n|move|p2b: Quagsire|Curse|p2b: Quagsire\n|-unboost|p2b: Quagsire|spe|1\n|-boost|p2b: Quagsire|atk|1\n|-boost|p2b: Quagsire|def|1\n|\n|-heal|p2b: Quagsire|84\/100|[from] item: Leftovers\n|-damage|p2a: Goodra|16\/100 brn|[from] brn\n|-end|p1a: Delphox|move: Yawn|[silent]\n|-status|p1a: Delphox|slp\n|upkeep\n|\n|t:|1696617700\n|switch|p1b: Kommo-o|Kommo-o, F, shiny|100\/100\n|-damage|p1b: Kommo-o|94\/100|[from] Stealth Rock\n|turn|4\n|\n|t:|1696617741\n|switch|p2a: Kommo-o|Kommo-o, F|100\/100\n|switch|p2b: Primarina|Primarina, F|100\/100\n|cant|p1a: Delphox|slp\n|move|p1b: Kommo-o|Clangorous Soul|p1b: Kommo-o\n|-boost|p1b: Kommo-o|atk|1\n|-boost|p1b: Kommo-o|def|1\n|-boost|p1b: Kommo-o|spa|1\n|-boost|p1b: Kommo-o|spd|1\n|-boost|p1b: Kommo-o|spe|1\n|-damage|p1b: Kommo-o|61\/100\n|-activate|p1a: Delphox|ability: Dancer\n|-curestatus|p1a: Delphox|slp|[msg]\n|move|p1a: Delphox|Clangorous Soul|p1a: Delphox|[from]ability: Dancer\n|-boost|p1a: Delphox|atk|1\n|-boost|p1a: Delphox|def|1\n|-boost|p1a: Delphox|spa|1\n|-boost|p1a: Delphox|spd|1\n|-boost|p1a: Delphox|spe|1\n|-damage|p1a: Delphox|68\/100\n|\n|upkeep\n|turn|5\n|\n|t:|1696617761\n|move|p1a: Delphox|Stored Power|p2b: Primarina\n|-crit|p2b: Primarina\n|-damage|p2b: Primarina|0 fnt\n|faint|p2b: Primarina\n|-zpower|p1b: Kommo-o\n|move|p1b: Kommo-o|Clangorous Soulblaze|p2a: Kommo-o|[zeffect]\n|-immune|p2a: Kommo-o|[from] ability: Soundproof\n|-zpower|p2a: Kommo-o\n|move|p2a: Kommo-o|Clangorous Soulblaze|p1a: Delphox|[zeffect]|[spread] p1a\n|-immune|p1b: Kommo-o|[from] ability: Soundproof\n|-damage|p1a: Delphox|28\/100\n|-boost|p2a: Kommo-o|atk|1\n|-boost|p2a: Kommo-o|def|1\n|-boost|p2a: Kommo-o|spa|1\n|-boost|p2a: Kommo-o|spd|1\n|-boost|p2a: Kommo-o|spe|1\n|\n|upkeep\n|\n|t:|1696617775\n|switch|p2b: Quagsire|Quagsire, M|84\/100\n|turn|6\n|\n|t:|1696617787\n|move|p2a: Kommo-o|Vacuum Wave|p1a: Delphox\n|-resisted|p1a: Delphox\n|-damage|p1a: Delphox|20\/100\n|move|p1a: Delphox|Stored Power|p2a: Kommo-o\n|-supereffective|p2a: Kommo-o\n|-damage|p2a: Kommo-o|0 fnt\n|faint|p2a: Kommo-o\n|move|p1b: Kommo-o|Drain Punch|p2b: Quagsire\n|-damage|p2b: Quagsire|47\/100\n|-heal|p1b: Kommo-o|86\/100|[from] drain|[of] p2b: Quagsire\n|move|p2b: Quagsire|Yawn|p1a: Delphox\n|-start|p1a: Delphox|move: Yawn|[of] p2b: Quagsire\n|\n|-heal|p2b: Quagsire|53\/100|[from] item: Leftovers\n|upkeep\n|\n|t:|1696617793\n|switch|p2a: Feraligatr|Feraligatr, M|100\/100\n|turn|7\n|\n|t:|1696617810\n|move|p1a: Delphox|Heat Wave|p2b: Quagsire|[spread] p2a,p2b\n|-resisted|p2a: Feraligatr\n|-resisted|p2b: Quagsire\n|-damage|p2a: Feraligatr|61\/100\n|-damage|p2b: Quagsire|9\/100\n|move|p1b: Kommo-o|Clangorous Soul|p1b: Kommo-o\n|-boost|p1b: Kommo-o|atk|1\n|-boost|p1b: Kommo-o|def|1\n|-boost|p1b: Kommo-o|spa|1\n|-boost|p1b: Kommo-o|spd|1\n|-boost|p1b: Kommo-o|spe|1\n|-damage|p1b: Kommo-o|53\/100\n|-activate|p1a: Delphox|ability: Dancer\n|move|p1a: Delphox|Clangorous Soul||[from]ability: Dancer|[still]\n|-fail|p1a: Delphox\n|move|p2a: Feraligatr|Ice Punch|p1b: Kommo-o\n|-supereffective|p1b: Kommo-o\n|-damage|p1b: Kommo-o|10\/100\n|move|p2b: Quagsire|Yawn||[still]\n|-fail|p2b: Quagsire\n|\n|-heal|p2b: Quagsire|15\/100|[from] item: Leftovers\n|-end|p1a: Delphox|move: Yawn|[silent]\n|-status|p1a: Delphox|slp\n|upkeep\n|turn|8\n|\n|t:|1696617835\n|cant|p1a: Delphox|slp\n|move|p1b: Kommo-o|Drain Punch|p2a: Feraligatr\n|-damage|p2a: Feraligatr|0 fnt\n|-heal|p1b: Kommo-o|42\/100|[from] drain|[of] p2a: Feraligatr\n|faint|p2a: Feraligatr\n|move|p2b: Quagsire|Body Press|p1b: Kommo-o\n|-damage|p1b: Kommo-o|31\/100\n|\n|-heal|p2b: Quagsire|21\/100|[from] item: Leftovers\n|upkeep\n|\n|t:|1696617840\n|switch|p2a: Goodra|Goodra, F|16\/100 brn\n|turn|9\n|\n|t:|1696617848\n|-curestatus|p1a: Delphox|slp|[msg]\n|move|p1a: Delphox|Heat Wave|p2a: Goodra|[spread] p2a,p2b\n|-resisted|p2a: Goodra\n|-resisted|p2b: Quagsire\n|-damage|p2a: Goodra|1\/100 brn\n|-damage|p2b: Quagsire|0 fnt\n|faint|p2b: Quagsire\n|move|p1b: Kommo-o|Clanging Scales|p2a: Goodra\n|-supereffective|p2a: Goodra\n|-damage|p2a: Goodra|0 fnt\n|faint|p2a: Goodra\n|\n|win|Theadonia\n|raw|Theadonia's rating: 1321 &rarr; <strong>1342<\/strong><br \/>(+21 for winning)\n|raw|toffee1497's rating: 1345 &rarr; <strong>1324<\/strong><br \/>(-21 for losing)\n|l|\u2606toffee1497\n","uploadtime":1696617867,"views":6,"p1id":"theadonia","p2id":"toffee1497","formatid":"gen9nationaldexdoubles","rating":1324,"private":0,"password":""}