{"id":"gen9nationaldexdoubles-1965958150","p1":"Denvah_17","p2":"Paldea Athens 420","format":"[Gen 9] National Dex Doubles","log":"|j|\u2606Denvah_17\n|j|\u203dPaldea Athens 420\n|t:|1697133039\n|gametype|doubles\n|player|p1|Denvah_17|alder|1392\n|player|p2|Paldea Athens 420|volo|1728\n|teamsize|p1|6\n|teamsize|p2|6\n|gen|9\n|tier|[Gen 9] National Dex Doubles\n|rated|\n|rule|HP Percentage Mod: HP is shown in percentages\n|rule|Endless Battle Clause: Forcing endless battles is banned\n|rule|OHKO Clause: OHKO moves are banned\n|rule|Evasion Moves Clause: Evasion moves are banned\n|rule|Evasion Abilities Clause: Evasion abilities are banned\n|rule|Species Clause: Limit one of each Pok\u00e9mon\n|rule|Gravity Sleep Clause: The combination of sleep-inducing moves with imperfect accuracy and Gravity or Gigantamax Orbeetle are banned\n|clearpoke\n|poke|p1|Sinistcha-Masterpiece|\n|poke|p1|Diancie|\n|poke|p1|Okidogi, M|\n|poke|p1|Ursaluna-Bloodmoon, M|\n|poke|p1|Volcanion|\n|poke|p1|Golisopod, F|\n|poke|p2|Kingambit, M|\n|poke|p2|Marshadow|\n|poke|p2|Charizard, M|\n|poke|p2|Whimsicott, F|\n|poke|p2|Ogerpon-Hearthflame, F|\n|poke|p2|Chien-Pao|\n|teampreview\n|inactive|Battle timer is ON: inactive players will automatically lose when time's up. (requested by Denvah_17)\n|\n|t:|1697133066\n|start\n|switch|p1a: Rihanna|Diancie, shiny|100\/100\n|switch|p1b: Goliath|Golisopod, F|100\/100\n|switch|p2a: Marshadow|Marshadow|100\/100\n|switch|p2b: Whimsicott|Whimsicott, F|100\/100\n|turn|1\n|\n|t:|1697133083\n|move|p1b: Goliath|First Impression|p2b: Whimsicott\n|-damage|p2b: Whimsicott|22\/100\n|-damage|p1b: Goliath|91\/100|[from] item: Life Orb\n|-zpower|p2a: Marshadow\n|move|p2a: Marshadow|Soul-Stealing 7-Star Strike|p1a: Rihanna|[zeffect]\n|-damage|p1a: Rihanna|27\/100\n|move|p2b: Whimsicott|Dazzling Gleam|p1a: Rihanna|[spread] p1a,p1b\n|-damage|p1a: Rihanna|16\/100\n|-damage|p1b: Goliath|74\/100\n|move|p1a: Rihanna|Trick Room|p1a: Rihanna\n|-fieldstart|move: Trick Room|[of] p1a: Rihanna\n|\n|upkeep\n|turn|2\n|\n|t:|1697133105\n|move|p2a: Marshadow|Protect|p2a: Marshadow\n|-singleturn|p2a: Marshadow|Protect\n|move|p1b: Goliath|Sucker Punch||[still]\n|-fail|p1b: Goliath\n|move|p2b: Whimsicott|Encore|p1a: Rihanna\n|-start|p1a: Rihanna|Encore\n|move|p1a: Rihanna|Trick Room|p1a: Rihanna\n|-fieldend|move: Trick Room\n|\n|upkeep\n|turn|3\n|\n|t:|1697133117\n|move|p2b: Whimsicott|Tailwind|p2b: Whimsicott\n|-sidestart|p2: Paldea Athens 420|move: Tailwind\n|move|p1b: Goliath|Sucker Punch|p2a: Marshadow\n|-crit|p2a: Marshadow\n|-damage|p2a: Marshadow|35\/100\n|-damage|p1b: Goliath|64\/100|[from] item: Life Orb\n|move|p2a: Marshadow|Spectral Thief|p1a: Rihanna\n|-damage|p1a: Rihanna|0 fnt\n|faint|p1a: Rihanna\n|\n|upkeep\n|\n|t:|1697133132\n|switch|p1a: Careless Whisper|Volcanion|100\/100\n|turn|4\n|inactive|Paldea Athens 420 has 120 seconds left.\n|\n|t:|1697133165\n|move|p2a: Marshadow|Shadow Sneak|p1b: Goliath\n|-damage|p1b: Goliath|43\/100\n|-activate|p1b: Goliath|ability: Emergency Exit\n|\n|t:|1697133173\n|switch|p1b: Grass Latte|Sinistcha-Masterpiece|100\/100\n|move|p2b: Whimsicott|Dazzling Gleam|p1a: Careless Whisper|[spread] p1a,p1b\n|-resisted|p1a: Careless Whisper\n|-damage|p1a: Careless Whisper|92\/100\n|-damage|p1b: Grass Latte|80\/100\n|move|p1a: Careless Whisper|Heat Wave|p2a: Marshadow|[spread] p2a,p2b\n|-supereffective|p2b: Whimsicott\n|-damage|p2a: Marshadow|0 fnt\n|-damage|p2b: Whimsicott|0 fnt\n|faint|p2a: Marshadow\n|faint|p2b: Whimsicott\n|\n|-heal|p1a: Careless Whisper|98\/100|[from] item: Leftovers\n|upkeep\n|inactive|Paldea Athens 420 has 120 seconds left.\n|\n|t:|1697133186\n|switch|p2a: Charizard|Charizard, M|100\/100\n|switch|p2b: Kingambit|Kingambit, M, shiny|100\/100\n|turn|5\n|\n|t:|1697133198\n|detailschange|p2a: Charizard|Charizard-Mega-Y, M\n|-mega|p2a: Charizard|Charizard|Charizardite Y\n|-weather|SunnyDay|[from] ability: Drought|[of] p2a: Charizard\n|-terastallize|p2b: Kingambit|Water\n|move|p2a: Charizard|Heat Wave|p1b: Grass Latte|[spread] p1a,p1b\n|-resisted|p1a: Careless Whisper\n|-crit|p1a: Careless Whisper\n|-supereffective|p1b: Grass Latte\n|-damage|p1a: Careless Whisper|75\/100\n|-damage|p1b: Grass Latte|13\/100\n|-enditem|p1b: Grass Latte|Weakness Policy\n|-boost|p1b: Grass Latte|atk|2|[from] item: Weakness Policy\n|-boost|p1b: Grass Latte|spa|2|[from] item: Weakness Policy\n|move|p2b: Kingambit|Swords Dance|p2b: Kingambit\n|-boost|p2b: Kingambit|atk|2\n|move|p1b: Grass Latte|Strength Sap|p2b: Kingambit\n|-unboost|p2b: Kingambit|atk|1\n|-ability|p2b: Kingambit|Defiant|boost\n|-boost|p2b: Kingambit|atk|2\n|-heal|p1b: Grass Latte|100\/100\n|move|p1a: Careless Whisper|Steam Eruption|p2a: Charizard\n|-supereffective|p2a: Charizard\n|-damage|p2a: Charizard|36\/100\n|\n|-weather|SunnyDay|[upkeep]\n|-heal|p1a: Careless Whisper|81\/100|[from] item: Leftovers\n|upkeep\n|turn|6\n|\n|t:|1697133223\n|-terastallize|p1b: Grass Latte|Grass\n|move|p2b: Kingambit|Sucker Punch|p1b: Grass Latte\n|-damage|p1b: Grass Latte|28\/100\n|move|p2a: Charizard|Solar Beam||[still]\n|-prepare|p2a: Charizard|Solar Beam\n|-anim|p2a: Charizard|Solar Beam|p1a: Careless Whisper\n|-damage|p1a: Careless Whisper|35\/100\n|move|p1b: Grass Latte|Matcha Gotcha|p2b: Kingambit|[spread] p2a,p2b\n|-resisted|p2a: Charizard\n|-supereffective|p2b: Kingambit\n|-damage|p2a: Charizard|17\/100\n|-heal|p1b: Grass Latte|38\/100|[from] drain|[of] p2a: Charizard\n|-damage|p2b: Kingambit|0 fnt\n|-heal|p1b: Grass Latte|100\/100|[from] drain|[of] p2b: Kingambit\n|faint|p2b: Kingambit\n|move|p1a: Careless Whisper|Steam Eruption|p2a: Charizard\n|-supereffective|p2a: Charizard\n|-damage|p2a: Charizard|0 fnt\n|faint|p2a: Charizard\n|\n|-weather|SunnyDay|[upkeep]\n|-heal|p1a: Careless Whisper|41\/100|[from] item: Leftovers\n|-sideend|p2: Paldea Athens 420|move: Tailwind\n|upkeep\n|\n|t:|1697133232\n|switch|p2a: Ogerpon|Ogerpon-Hearthflame, F|100\/100\n|switch|p2b: Chien-Pao|Chien-Pao|100\/100\n|-ability|p2b: Chien-Pao|Sword of Ruin\n|-ability|p2a: Ogerpon|Mold Breaker\n|turn|7\n|\n|t:|1697133245\n|move|p2b: Chien-Pao|Sacred Sword|p1a: Careless Whisper\n|-damage|p1a: Careless Whisper|9\/100\n|move|p2a: Ogerpon|Ivy Cudgel|p1b: Grass Latte\n|-supereffective|p1b: Grass Latte\n|-damage|p1b: Grass Latte|0 fnt\n|faint|p1b: Grass Latte\n|move|p1a: Careless Whisper|Heat Wave|p2b: Chien-Pao|[spread] p2a,p2b\n|-supereffective|p2b: Chien-Pao\n|-damage|p2a: Ogerpon|29\/100\n|-enditem|p2b: Chien-Pao|Focus Sash\n|-damage|p2b: Chien-Pao|1\/100\n|\n|-weather|SunnyDay|[upkeep]\n|-heal|p1a: Careless Whisper|15\/100|[from] item: Leftovers\n|upkeep\n|\n|t:|1697133259\n|switch|p1b: Goliath|Golisopod, F|43\/100\n|turn|8\n|\n|t:|1697133272\n|move|p2b: Chien-Pao|Protect|p2b: Chien-Pao\n|-singleturn|p2b: Chien-Pao|Protect\n|move|p2a: Ogerpon|Spiky Shield|p2a: Ogerpon\n|-singleturn|p2a: Ogerpon|move: Protect\n|move|p1b: Goliath|First Impression|p2a: Ogerpon\n|-activate|p2a: Ogerpon|move: Protect\n|-damage|p1b: Goliath|31\/100|[from] Spiky Shield|[of] p2a: Ogerpon\n|move|p1a: Careless Whisper|Heat Wave|p2b: Chien-Pao|[spread] \n|-activate|p2a: Ogerpon|move: Protect\n|-activate|p2b: Chien-Pao|move: Protect\n|\n|-weather|SunnyDay|[upkeep]\n|-heal|p1a: Careless Whisper|21\/100|[from] item: Leftovers\n|upkeep\n|turn|9\n|\n|t:|1697133288\n|move|p2b: Chien-Pao|Sucker Punch|p1b: Goliath\n|-damage|p1b: Goliath|0 fnt\n|faint|p1b: Goliath\n|move|p2a: Ogerpon|Horn Leech|p1a: Careless Whisper\n|-damage|p1a: Careless Whisper|0 fnt\n|-heal|p2a: Ogerpon|42\/100|[from] drain|[of] p1a: Careless Whisper\n|faint|p1a: Careless Whisper\n|\n|-weather|none\n|upkeep\n|\n|t:|1697133294\n|switch|p1a: Zombie Dust|Okidogi, M|100\/100\n|switch|p1b: Freddy Fazbear|Ursaluna-Bloodmoon, M|100\/100\n|turn|10\n|\n|t:|1697133313\n|move|p2b: Chien-Pao|Ice Spinner|p1b: Freddy Fazbear\n|-supereffective|p1b: Freddy Fazbear\n|-damage|p1b: Freddy Fazbear|23\/100\n|move|p2a: Ogerpon|Horn Leech|p1b: Freddy Fazbear\n|-supereffective|p1b: Freddy Fazbear\n|-damage|p1b: Freddy Fazbear|0 fnt\n|-heal|p2a: Ogerpon|56\/100|[from] drain|[of] p1b: Freddy Fazbear\n|faint|p1b: Freddy Fazbear\n|move|p1a: Zombie Dust|Drain Punch|p2a: Ogerpon\n|-damage|p2a: Ogerpon|0 fnt\n|faint|p2a: Ogerpon\n|\n|upkeep\n|turn|11\n|\n|t:|1697133326\n|move|p2b: Chien-Pao|Ice Spinner|p1a: Zombie Dust\n|-damage|p1a: Zombie Dust|53\/100\n|move|p1a: Zombie Dust|Drain Punch|p2b: Chien-Pao\n|-supereffective|p2b: Chien-Pao\n|-damage|p2b: Chien-Pao|0 fnt\n|-heal|p1a: Zombie Dust|53\/100|[from] drain|[of] p2b: Chien-Pao\n|faint|p2b: Chien-Pao\n|\n|win|Denvah_17\n|raw|Denvah_17's rating: 1392 &rarr; <strong>1427<\/strong><br \/>(+35 for winning)\n|raw|Paldea Athens 420's rating: 1728 &rarr; <strong>1693<\/strong><br \/>(-35 for losing)\n|l|\u203dPaldea Athens 420\n","uploadtime":1697133338,"views":13,"p1id":"denvah17","p2id":"paldeaathens420","formatid":"gen9nationaldexdoubles","rating":1427,"private":0,"password":""}