{"id":"gen9nationaldexdoubles-1999346131","p1":"specner4","p2":"BROCKISAROCK","format":"[Gen 9] National Dex Doubles","log":"|j|\u2606specner4\n|j|\u2606BROCKISAROCK\n|t:|1701064018\n|gametype|doubles\n|player|p1|specner4|265|\n|player|p2|BROCKISAROCK|brock|\n|teamsize|p1|6\n|teamsize|p2|6\n|gen|9\n|tier|[Gen 9] National Dex Doubles\n|rule|HP Percentage Mod: HP is shown in percentages\n|rule|Endless Battle Clause: Forcing endless battles is banned\n|rule|OHKO Clause: OHKO moves are banned\n|rule|Evasion Moves Clause: Evasion moves are banned\n|rule|Evasion Abilities Clause: Evasion abilities are banned\n|rule|Species Clause: Limit one of each Pok\u00e9mon\n|rule|Gravity Sleep Clause: The combination of sleep-inducing moves with imperfect accuracy and Gravity or Gigantamax Orbeetle are banned\n|rule|Item Clause: Limit one of each item\n|clearpoke\n|poke|p1|Toedscruel, F|\n|poke|p1|Ferrothorn, M|\n|poke|p1|Slither Wing|\n|poke|p1|Abomasnow, F|\n|poke|p1|Cetitan, F|\n|poke|p1|Trevenant, F|\n|poke|p2|Gyarados, M|\n|poke|p2|Dudunsparce-*, M|\n|poke|p2|Machamp, F|\n|poke|p2|Sharpedo, M|\n|poke|p2|Sudowoodo, M|\n|poke|p2|Gumshoos, F|\n|teampreview|4\n|j| Felis Regalis\n|j| Whaleu\n|j| prophetofsnacc\n|\n|t:|1701064063\n|start\n|switch|p1a: The|Toedscruel, F|100\/100\n|switch|p1b: Gets|Slither Wing|100\/100\n|switch|p2a: SHRIMP|Gyarados, M, shiny|100\/100\n|switch|p2b: COACH|Machamp, F|100\/100\n|-ability|p2a: SHRIMP|Intimidate|boost\n|-unboost|p1a: The|atk|1\n|-fail|p1b: Gets|unboost|[from] item: Clear Amulet|[of] p1b: Gets\n|turn|1\n|\n|t:|1701064085\n|switch|p2a: IMPOSTER|Sudowoodo, M, shiny|100\/100\n|move|p1b: Gets|Wild Charge|p2a: IMPOSTER\n|-damage|p2a: IMPOSTER|70\/100\n|-damage|p1b: Gets|93\/100|[from] Recoil\n|move|p2b: COACH|Dynamic Punch|p1a: The\n|-damage|p1a: The|43\/100\n|-start|p1a: The|confusion\n|-activate|p1a: The|confusion\n|-damage|p1a: The|39\/100|[from] confusion\n|\n|upkeep\n|turn|2\n|\n|t:|1701064115\n|-end|p1a: The|confusion\n|move|p1a: The|Rage Powder|p1a: The\n|-singleturn|p1a: The|move: Rage Powder\n|move|p1b: Gets|Close Combat|p2a: IMPOSTER\n|-supereffective|p2a: IMPOSTER\n|-damage|p2a: IMPOSTER|0 fnt\n|-unboost|p1b: Gets|def|1\n|-unboost|p1b: Gets|spd|1\n|faint|p2a: IMPOSTER\n|move|p2b: COACH|Dynamic Punch|p1a: The\n|-damage|p1a: The|0 fnt\n|faint|p1a: The\n|\n|upkeep\n|\n|t:|1701064142\n|switch|p1a: Ten|Abomasnow, F|100\/100\n|switch|p2a: SHRIMP|Gyarados, M, shiny|100\/100\n|-ability|p2a: SHRIMP|Intimidate|boost\n|-unboost|p1a: Ten|atk|1\n|-fail|p1b: Gets|unboost|[from] item: Clear Amulet|[of] p1b: Gets\n|-weather|Snow|[from] ability: Snow Warning|[of] p1a: Ten\n|turn|3\n|\n|t:|1701064157\n|-end|p1b: Gets|Protosynthesis|[silent]\n|switch|p1b: Feet|Cetitan, F|100\/100\n|move|p2a: SHRIMP|Protect|p2a: SHRIMP\n|-singleturn|p2a: SHRIMP|Protect\n|move|p1a: Ten|Protect|p1a: Ten\n|-singleturn|p1a: Ten|Protect\n|move|p2b: COACH|Sunny Day|p2b: COACH\n|-weather|SunnyDay\n|\n|-weather|SunnyDay|[upkeep]\n|upkeep\n|turn|4\n|\n|t:|1701064186\n|switch|p1a: Gets|Slither Wing|93\/100\n|-activate|p1a: Gets|ability: Protosynthesis\n|-start|p1a: Gets|protosynthesisatk\n|move|p2a: SHRIMP|Thunder Wave|p1b: Feet\n|-status|p1b: Feet|par\n|move|p2b: COACH|Dynamic Punch|p1b: Feet\n|-supereffective|p1b: Feet\n|-damage|p1b: Feet|3\/100 par\n|-start|p1b: Feet|confusion\n|-enditem|p1b: Feet|Sitrus Berry|[eat]\n|-heal|p1b: Feet|28\/100 par|[from] item: Sitrus Berry\n|-activate|p1b: Feet|confusion\n|cant|p1b: Feet|par\n|\n|-weather|SunnyDay|[upkeep]\n|upkeep\n|turn|5\n|\n|t:|1701064222\n|switch|p1b: Ten|Abomasnow, F|100\/100\n|-weather|Snow|[from] ability: Snow Warning|[of] p1b: Ten\n|-end|p1a: Gets|Protosynthesis\n|move|p2a: SHRIMP|Thunder Wave|p1a: Gets\n|-status|p1a: Gets|par\n|move|p2b: COACH|Dynamic Punch|p1a: Gets\n|-resisted|p1a: Gets\n|-damage|p1a: Gets|63\/100 par\n|-start|p1a: Gets|confusion\n|-activate|p1a: Gets|confusion\n|move|p1a: Gets|Wild Charge|p2a: SHRIMP\n|-supereffective|p2a: SHRIMP\n|-damage|p2a: SHRIMP|0 fnt\n|faint|p2a: SHRIMP\n|-damage|p1a: Gets|38\/100 par|[from] Recoil\n|\n|-weather|Snow|[upkeep]\n|upkeep\n|\n|t:|1701064244\n|switch|p2a: TRUMP|Gumshoos, F|100\/100\n|turn|6\n|\n|t:|1701064274\n|detailschange|p1b: Ten|Abomasnow-Mega, F\n|-mega|p1b: Ten|Abomasnow|Abomasite\n|move|p1b: Ten|Protect|p1b: Ten\n|-singleturn|p1b: Ten|Protect\n|move|p2b: COACH|Dynamic Punch|p1b: Ten\n|-activate|p1b: Ten|move: Protect\n|move|p2a: TRUMP|Fire Punch|p1a: Gets\n|-supereffective|p1a: Gets\n|-damage|p1a: Gets|0 fnt\n|faint|p1a: Gets\n|-end|p1a: Gets|Protosynthesis|[silent]\n|\n|-weather|Snow|[upkeep]\n|upkeep\n|\n|t:|1701064285\n|switch|p1a: Feet|Cetitan, F|28\/100 par\n|turn|7\n|\n|t:|1701064293\n|move|p1a: Feet|Superpower|p2a: TRUMP\n|-supereffective|p2a: TRUMP\n|-damage|p2a: TRUMP|0 fnt\n|-unboost|p1a: Feet|atk|1\n|-unboost|p1a: Feet|def|1\n|faint|p2a: TRUMP\n|move|p2b: COACH|Dynamic Punch|p1a: Feet\n|-supereffective|p1a: Feet\n|-damage|p1a: Feet|0 fnt\n|faint|p1a: Feet\n|move|p1b: Ten|Blizzard|p2b: COACH\n|-damage|p2b: COACH|35\/100\n|\n|-weather|Snow|[upkeep]\n|upkeep\n|turn|8\n|\n|t:|1701064318\n|move|p1b: Ten|Protect|p1b: Ten\n|-singleturn|p1b: Ten|Protect\n|move|p2b: COACH|Dynamic Punch|p1b: Ten\n|-activate|p1b: Ten|move: Protect\n|\n|-weather|Snow|[upkeep]\n|upkeep\n|turn|9\n|\n|t:|1701064342\n|move|p2b: COACH|Dynamic Punch|p1b: Ten\n|-supereffective|p1b: Ten\n|-damage|p1b: Ten|39\/100\n|-start|p1b: Ten|confusion\n|-activate|p1b: Ten|confusion\n|move|p1b: Ten|Giga Drain|p2b: COACH\n|-damage|p2b: COACH|0 fnt\n|-heal|p1b: Ten|56\/100|[from] drain|[of] p2b: COACH\n|faint|p2b: COACH\n|\n|win|specner4\n|l| prophetofsnacc\n","uploadtime":1701064357,"views":0,"p1id":"specner4","p2id":"brockisarock","formatid":"gen9nationaldexdoubles","rating":0,"private":0,"password":""}