{"id":"gen9nationaldexdoubles-1956688502","p1":"CountryIsMonster","p2":"chaphlagical","format":"[Gen 9] National Dex Doubles","log":"|j|\u2606CountryIsMonster\n|j|\u2606chaphlagical\n|t:|1696135742\n|gametype|doubles\n|player|p1|CountryIsMonster|hilbert-wonderlauncher|1000\n|player|p2|chaphlagical|101|1031\n|teamsize|p1|6\n|teamsize|p2|6\n|gen|9\n|tier|[Gen 9] National Dex Doubles\n|rated|\n|rule|HP Percentage Mod: HP is shown in percentages\n|rule|Endless Battle Clause: Forcing endless battles is banned\n|rule|OHKO Clause: OHKO moves are banned\n|rule|Evasion Moves Clause: Evasion moves are banned\n|rule|Evasion Abilities Clause: Evasion abilities are banned\n|rule|Species Clause: Limit one of each Pok\u00e9mon\n|rule|Gravity Sleep Clause: The combination of sleep-inducing moves with imperfect accuracy and Gravity or Gigantamax Orbeetle are banned\n|clearpoke\n|poke|p1|Zamazenta-*|\n|poke|p1|Toxapex, F|\n|poke|p1|Ursaluna, M|\n|poke|p1|Heatran, M|\n|poke|p1|Ogerpon-Cornerstone, F|\n|poke|p1|Zoroark-Hisui, F|\n|poke|p2|Gastly, M|\n|poke|p2|Gothita, M|\n|poke|p2|Glimmet, M|\n|poke|p2|Marill, M|\n|poke|p2|Staravia, M|\n|poke|p2|Foongus, F|\n|teampreview\n|inactive|Battle timer is ON: inactive players will automatically lose when time's up. (requested by CountryIsMonster)\n|\n|t:|1696135772\n|start\n|switch|p1a: Zamazenta|Zamazenta|100\/100\n|switch|p1b: Toxapex|Toxapex, F|100\/100\n|switch|p2a: Gastly|Gastly, M|100\/100\n|switch|p2b: Staravia|Staravia, M|100\/100\n|-ability|p2b: Staravia|Intimidate|boost\n|-unboost|p1a: Zamazenta|atk|1\n|-unboost|p1b: Toxapex|atk|1\n|-ability|p1a: Zamazenta|Dauntless Shield|boost\n|-boost|p1a: Zamazenta|def|1\n|turn|1\n|\n|t:|1696135788\n|move|p2b: Staravia|U-turn|p1a: Zamazenta\n|-resisted|p1a: Zamazenta\n|-damage|p1a: Zamazenta|96\/100\n|\n|t:|1696135792\n|switch|p2b: Gothita|Gothita, M|100\/100|[from] U-turn\n|move|p1a: Zamazenta|Substitute|p1a: Zamazenta\n|-start|p1a: Zamazenta|Substitute\n|-damage|p1a: Zamazenta|72\/100\n|move|p2a: Gastly|Perish Song|p2a: Gastly\n|-start|p1a: Zamazenta|perish3|[silent]\n|-start|p1b: Toxapex|perish3|[silent]\n|-start|p2a: Gastly|perish3|[silent]\n|-start|p2b: Gothita|perish3|[silent]\n|-fieldactivate|move: Perish Song\n|move|p1b: Toxapex|Toxic Spikes|p2b: Gothita\n|-sidestart|p2: chaphlagical|move: Toxic Spikes\n|\n|-heal|p1a: Zamazenta|78\/100|[from] item: Leftovers\n|-start|p1a: Zamazenta|perish3\n|-start|p2a: Gastly|perish3\n|-start|p2b: Gothita|perish3\n|-start|p1b: Toxapex|perish3\n|upkeep\n|turn|2\n|\n|t:|1696135810\n|move|p2a: Gastly|Protect|p2a: Gastly\n|-singleturn|p2a: Gastly|Protect\n|move|p2b: Gothita|Fake Out|p1b: Toxapex\n|-damage|p1b: Toxapex|98\/100\n|move|p1a: Zamazenta|Iron Head|p2a: Gastly\n|-activate|p2a: Gastly|move: Protect\n|cant|p1b: Toxapex|flinch\n|\n|-heal|p1a: Zamazenta|84\/100|[from] item: Leftovers\n|-heal|p1b: Toxapex|100\/100|[from] item: Black Sludge\n|-start|p1a: Zamazenta|perish2\n|-start|p2a: Gastly|perish2\n|-start|p2b: Gothita|perish2\n|-start|p1b: Toxapex|perish2\n|upkeep\n|turn|3\n|\n|t:|1696135828\n|switch|p2a: Staravia|Staravia, M|100\/100\n|-ability|p2a: Staravia|Intimidate|boost\n|-immune|p1a: Zamazenta\n|-unboost|p1b: Toxapex|atk|1\n|move|p2b: Gothita|Protect|p2b: Gothita\n|-singleturn|p2b: Gothita|Protect\n|move|p1a: Zamazenta|Iron Head|p2a: Staravia\n|-damage|p2a: Staravia|65\/100\n|move|p1b: Toxapex|Toxic|p2b: Gothita\n|-activate|p2b: Gothita|move: Protect\n|\n|-heal|p1a: Zamazenta|90\/100|[from] item: Leftovers\n|-start|p1a: Zamazenta|perish1\n|-start|p2b: Gothita|perish1\n|-start|p1b: Toxapex|perish1\n|upkeep\n|turn|4\n|\n|t:|1696135852\n|switch|p2b: Glimmet|Glimmet, M|100\/100\n|-sideend|p2: chaphlagical|move: Toxic Spikes|[of] p2b: Glimmet\n|move|p2a: Staravia|U-turn|p1a: Zamazenta\n|-resisted|p1a: Zamazenta\n|-activate|p1a: Zamazenta|move: Substitute|[damage]\n|\n|t:|1696135861\n|switch|p2a: Gastly|Gastly, M|100\/100|[from] U-turn\n|move|p1a: Zamazenta|Body Press|p2b: Glimmet\n|-damage|p2b: Glimmet|0 fnt\n|-activate|p2b: Glimmet|ability: Toxic Debris\n|-sidestart|p1: CountryIsMonster|move: Toxic Spikes\n|faint|p2b: Glimmet\n|move|p1b: Toxapex|Toxic Spikes|p2a: Gastly\n|-sidestart|p2: chaphlagical|move: Toxic Spikes\n|\n|-heal|p1a: Zamazenta|96\/100|[from] item: Leftovers\n|-start|p1a: Zamazenta|perish0\n|-start|p1b: Toxapex|perish0\n|upkeep\n|faint|p1a: Zamazenta\n|faint|p1b: Toxapex\n|\n|t:|1696135886\n|switch|p1a: Heatran|Heatran, M|100\/100\n|switch|p2b: Staravia|Staravia, M|65\/100\n|switch|p1b: Ogerpon|Ogerpon-Cornerstone, F|100\/100\n|-ability|p2b: Staravia|Intimidate|boost\n|-unboost|p1a: Heatran|atk|1\n|-unboost|p1b: Ogerpon|atk|1\n|-status|p1b: Ogerpon|psn\n|-status|p1a: Heatran|psn\n|turn|5\n|\n|t:|1696135910\n|move|p2b: Staravia|U-turn|p1b: Ogerpon\n|-supereffective|p1b: Ogerpon\n|-damage|p1b: Ogerpon|52\/100 psn\n|\n|t:|1696135915\n|switch|p2b: Gothita|Gothita, M|100\/100|[from] U-turn\n|-status|p2b: Gothita|psn\n|move|p1a: Heatran|Bitter Malice|p2a: Gastly\n|-supereffective|p2a: Gastly\n|-enditem|p2a: Gastly|Focus Sash\n|-damage|p2a: Gastly|1\/100\n|-unboost|p2a: Gastly|atk|1\n|move|p1b: Ogerpon|U-turn|p2b: Gothita\n|-supereffective|p2b: Gothita\n|-damage|p2b: Gothita|66\/100 psn\n|inactive|CountryIsMonster has 120 seconds left.\n|\n|t:|1696135935\n|switch|p1b: Heatran|Heatran, M|100\/100|[from] U-turn\n|move|p2a: Gastly|Perish Song|p2a: Gastly\n|-start|p1a: Heatran|perish3|[silent]\n|-start|p1b: Heatran|perish3|[silent]\n|-start|p2a: Gastly|perish3|[silent]\n|-start|p2b: Gothita|perish3|[silent]\n|-fieldactivate|move: Perish Song\n|\n|-damage|p1a: Heatran|88\/100 psn|[from] psn\n|-damage|p2b: Gothita|54\/100 psn|[from] psn\n|-start|p1a: Heatran|perish3\n|-start|p2a: Gastly|perish3\n|-start|p1b: Heatran|perish3\n|-start|p2b: Gothita|perish3\n|upkeep\n|turn|6\n|\n|t:|1696135954\n|-terastallize|p2b: Gothita|Fairy\n|move|p1a: Heatran|Hyper Voice|p2a: Gastly|[spread] p2b\n|-immune|p2a: Gastly\n|-damage|p2b: Gothita|18\/100 psn\n|move|p2a: Gastly|Destiny Bond|p2a: Gastly\n|-singlemove|p2a: Gastly|Destiny Bond\n|move|p1b: Heatran|Flamethrower|p2a: Gastly\n|-damage|p2a: Gastly|0 fnt\n|faint|p2a: Gastly\n|-activate|p2a: Gastly|move: Destiny Bond\n|faint|p1b: Heatran\n|move|p2b: Gothita|Rest|p2b: Gothita\n|-status|p2b: Gothita|slp|[from] move: Rest\n|-heal|p2b: Gothita|100\/100 slp|[silent]\n|\n|-damage|p1a: Heatran|76\/100 psn|[from] psn\n|-start|p1a: Heatran|perish2\n|-start|p2b: Gothita|perish2\n|upkeep\n|\n|t:|1696135976\n|switch|p2a: Foongus|Foongus, F|100\/100\n|switch|p1b: Ursaluna|Ursaluna, M|100\/100\n|-status|p1b: Ursaluna|psn\n|-sideend|p2: chaphlagical|move: Toxic Spikes|[of] p2a: Foongus\n|turn|7\n|\n|t:|1696136001\n|switch|p2b: Staravia|Staravia, M|65\/100\n|-ability|p2b: Staravia|Intimidate|boost\n|-unboost|p1a: Heatran|atk|1\n|-unboost|p1b: Ursaluna|atk|1\n|-terastallize|p1a: Heatran|Normal\n|move|p1a: Heatran|Hyper Voice|p2a: Foongus|[spread] p2a,p2b\n|-damage|p2a: Foongus|38\/100\n|-damage|p2b: Staravia|0 fnt\n|faint|p2b: Staravia\n|move|p1b: Ursaluna|Return|p2a: Foongus\n|-damage|p2a: Foongus|0 fnt\n|-damage|p1b: Ursaluna|84\/100 psn|[from] item: Rocky Helmet|[of] p2a: Foongus\n|faint|p2a: Foongus\n|\n|-damage|p1a: Heatran|64\/100 psn|[from] psn\n|-damage|p1b: Ursaluna|72\/100 psn|[from] psn\n|-start|p1a: Heatran|perish1\n|upkeep\n|inactive|chaphlagical has 120 seconds left.\n|\n|t:|1696136020\n|switch|p2b: Gothita|Gothita, M, tera:Fairy|100\/100 slp\n|switch|p2a: Marill|Marill, M|100\/100\n|turn|8\n|\n|t:|1696136046\n|cant|p2b: Gothita|slp\n|move|p1a: Heatran|Hyper Voice|p2a: Marill|[spread] p2a,p2b\n|-damage|p2a: Marill|33\/100\n|-damage|p2b: Gothita|56\/100 slp\n|-enditem|p2a: Marill|Sitrus Berry|[eat]\n|-heal|p2a: Marill|58\/100|[from] item: Sitrus Berry\n|move|p1b: Ursaluna|Return|p2a: Marill\n|-damage|p2a: Marill|1\/100\n|move|p2a: Marill|Perish Song|p2a: Marill\n|-start|p1b: Ursaluna|perish3|[silent]\n|-start|p2a: Marill|perish3|[silent]\n|-start|p2b: Gothita|perish3|[silent]\n|-fieldactivate|move: Perish Song\n|\n|-damage|p1a: Heatran|51\/100 psn|[from] psn\n|-damage|p1b: Ursaluna|59\/100 psn|[from] psn\n|-start|p1a: Heatran|perish0\n|-start|p1b: Ursaluna|perish3\n|faint|p1a: Heatran\n|-start|p2b: Gothita|perish3\n|-start|p2a: Marill|perish3\n|upkeep\n|\n|t:|1696136052\n|switch|p1a: Ogerpon|Ogerpon-Cornerstone, F|52\/100 psn\n|turn|9\n|\n|t:|1696136073\n|move|p1a: Ogerpon|Horn Leech|p2a: Marill\n|-ability|p2a: Marill|Sap Sipper|boost\n|-boost|p2a: Marill|atk|1\n|move|p1b: Ursaluna|Return|p2b: Gothita\n|-damage|p2b: Gothita|15\/100 slp\n|cant|p2b: Gothita|slp\n|move|p2a: Marill|Liquidation|p1b: Ursaluna\n|-supereffective|p1b: Ursaluna\n|-damage|p1b: Ursaluna|40\/100 psn\n|\n|-damage|p1a: Ogerpon|40\/100 psn|[from] psn\n|-damage|p1b: Ursaluna|28\/100 psn|[from] psn\n|-start|p1b: Ursaluna|perish2\n|-start|p2b: Gothita|perish2\n|-start|p2a: Marill|perish2\n|upkeep\n|turn|10\n|\n|t:|1696136095\n|-curestatus|p2b: Gothita|slp|[msg]\n|move|p2b: Gothita|Protect|p2b: Gothita\n|-singleturn|p2b: Gothita|Protect\n|move|p1a: Ogerpon|Horn Leech|p2a: Marill\n|-ability|p2a: Marill|Sap Sipper|boost\n|-boost|p2a: Marill|atk|1\n|move|p1b: Ursaluna|Return|p2b: Gothita\n|-activate|p2b: Gothita|move: Protect\n|move|p2a: Marill|Liquidation|p1b: Ursaluna\n|-supereffective|p1b: Ursaluna\n|-damage|p1b: Ursaluna|2\/100 psn\n|\n|-damage|p1a: Ogerpon|28\/100 psn|[from] psn\n|-damage|p1b: Ursaluna|0 fnt|[from] psn\n|faint|p1b: Ursaluna\n|-start|p2b: Gothita|perish1\n|-start|p2a: Marill|perish1\n|upkeep\n|turn|11\n|\n|t:|1696136117\n|move|p1a: Ogerpon|Protect|p1a: Ogerpon\n|-singleturn|p1a: Ogerpon|Protect\n|move|p2a: Marill|Protect|p2a: Marill\n|-singleturn|p2a: Marill|Protect\n|move|p2b: Gothita|Rest|p2b: Gothita\n|-status|p2b: Gothita|slp|[from] move: Rest\n|-heal|p2b: Gothita|100\/100 slp|[silent]\n|\n|-damage|p1a: Ogerpon|16\/100 psn|[from] psn\n|-start|p2b: Gothita|perish0\n|-start|p2a: Marill|perish0\n|faint|p2b: Gothita\n|faint|p2a: Marill\n|\n|win|CountryIsMonster\n|upkeep\n|raw|CountryIsMonster's rating: 1000 &rarr; <strong>1044<\/strong><br \/>(+44 for winning)\n|raw|chaphlagical's rating: 1031 &rarr; <strong>1015<\/strong><br \/>(-16 for losing)\n|l|\u2606CountryIsMonster\n","uploadtime":1696136135,"views":12,"p1id":"countryismonster","p2id":"chaphlagical","formatid":"gen9nationaldexdoubles","rating":1015,"private":0,"password":""}