{"id":"gen9nationaldexdoubles-1969183492","p1":"MattBud","p2":"Coach Matt","format":"[Gen 9] National Dex Doubles","log":"|j|\u2606MattBud\n|j|\u2606Coach Matt\n|t:|1697497953\n|gametype|doubles\n|player|p1|MattBud|swimmer|\n|player|p2|Coach Matt|2|\n|teamsize|p1|4\n|teamsize|p2|2\n|gen|9\n|tier|[Gen 9] National Dex Doubles\n|rule|HP Percentage Mod: HP is shown in percentages\n|rule|Endless Battle Clause: Forcing endless battles is banned\n|rule|OHKO Clause: OHKO moves are banned\n|rule|Evasion Moves Clause: Evasion moves are banned\n|rule|Evasion Abilities Clause: Evasion abilities are banned\n|rule|Species Clause: Limit one of each Pok\u00e9mon\n|rule|Gravity Sleep Clause: The combination of sleep-inducing moves with imperfect accuracy and Gravity or Gigantamax Orbeetle are banned\n|clearpoke\n|poke|p1|Diglett, F|\n|poke|p1|Dunsparce, M|\n|poke|p1|Magikarp, M|\n|poke|p1|Goomy, M|\n|poke|p2|Stantler, F|\n|poke|p2|Masquerain, M|\n|teampreview\n|\n|t:|1697497966\n|start\n|switch|p1a: Dunsparce|Dunsparce, M|100\/100\n|switch|p1b: Diglett|Diglett, F|100\/100\n|switch|p2a: Masquerain|Masquerain, M|100\/100\n|switch|p2b: Stantler|Stantler, F|100\/100\n|-ability|p2b: Stantler|Intimidate|boost\n|-unboost|p1a: Dunsparce|atk|1\n|-enditem|p1a: Dunsparce|Adrenaline Orb\n|-boost|p1a: Dunsparce|spe|1|[from] item: Adrenaline Orb\n|-ability|p1a: Dunsparce|Rattled|boost\n|-boost|p1a: Dunsparce|spe|1\n|-unboost|p1b: Diglett|atk|1\n|-ability|p2a: Masquerain|Intimidate|boost\n|-unboost|p1a: Dunsparce|atk|1\n|-ability|p1a: Dunsparce|Rattled|boost\n|-boost|p1a: Dunsparce|spe|1\n|-unboost|p1b: Diglett|atk|1\n|turn|1\n|\n|t:|1697497992\n|move|p1b: Diglett|Beat Up|p1a: Dunsparce\n|-damage|p1a: Dunsparce|99\/100\n|-ability|p1a: Dunsparce|Rattled|boost\n|-boost|p1a: Dunsparce|spe|1\n|-damage|p1a: Dunsparce|99\/100\n|-ability|p1a: Dunsparce|Rattled|boost\n|-boost|p1a: Dunsparce|spe|1\n|-damage|p1a: Dunsparce|98\/100\n|-ability|p1a: Dunsparce|Rattled|boost\n|-boost|p1a: Dunsparce|spe|1\n|-damage|p1a: Dunsparce|97\/100\n|-hitcount|p1a: Dunsparce|4\n|move|p1a: Dunsparce|Coil|p1a: Dunsparce\n|-boost|p1a: Dunsparce|atk|1\n|-boost|p1a: Dunsparce|def|1\n|-boost|p1a: Dunsparce|accuracy|1\n|move|p2b: Stantler|Throat Chop|p1a: Dunsparce\n|-damage|p1a: Dunsparce|89\/100\n|-start|p1a: Dunsparce|Throat Chop|[silent]\n|move|p2a: Masquerain|Bug Bite|p1a: Dunsparce\n|-damage|p1a: Dunsparce|81\/100\n|\n|upkeep\n|turn|2\n|\n|t:|1697498058\n|move|p1a: Dunsparce|Headbutt|p2b: Stantler\n|-damage|p2b: Stantler|80\/100\n|move|p1b: Diglett|Memento|p2b: Stantler\n|-unboost|p2b: Stantler|atk|2\n|-unboost|p2b: Stantler|spa|2\n|faint|p1b: Diglett\n|move|p2b: Stantler|Throat Chop|p1a: Dunsparce\n|-damage|p1a: Dunsparce|76\/100\n|move|p2a: Masquerain|Bug Bite|p1a: Dunsparce\n|-damage|p1a: Dunsparce|68\/100\n|\n|-end|p1a: Dunsparce|Throat Chop|[silent]\n|upkeep\n|\n|t:|1697498063\n|switch|p1b: Magikarp|Magikarp, M|100\/100\n|turn|3\n|\n|t:|1697498071\n|move|p1a: Dunsparce|Headbutt|p2b: Stantler\n|-damage|p2b: Stantler|59\/100\n|move|p1b: Magikarp|Hydro Pump|p2b: Stantler\n|-damage|p2b: Stantler|42\/100\n|move|p2b: Stantler|Throat Chop|p1b: Magikarp\n|-damage|p1b: Magikarp|74\/100\n|-start|p1b: Magikarp|Throat Chop|[silent]\n|move|p2a: Masquerain|Bug Bite|p1b: Magikarp\n|-damage|p1b: Magikarp|29\/100\n|\n|upkeep\n|turn|4\n|\n|t:|1697498122\n|move|p1a: Dunsparce|Headbutt|p2b: Stantler\n|-damage|p2b: Stantler|22\/100\n|move|p1b: Magikarp|Hydro Pump|p2b: Stantler|[miss]\n|-miss|p1b: Magikarp|p2b: Stantler\n|cant|p2b: Stantler|flinch\n|move|p2a: Masquerain|Bug Bite|p1a: Dunsparce\n|-damage|p1a: Dunsparce|61\/100\n|\n|-end|p1b: Magikarp|Throat Chop|[silent]\n|upkeep\n|turn|5\n|\n|t:|1697498159\n|-terastallize|p1b: Magikarp|Water\n|move|p1a: Dunsparce|Headbutt|p2b: Stantler\n|-damage|p2b: Stantler|0 fnt\n|faint|p2b: Stantler\n|move|p1b: Magikarp|Hydro Pump|p2a: Masquerain\n|-crit|p2a: Masquerain\n|-damage|p2a: Masquerain|71\/100\n|move|p2a: Masquerain|Bug Bite|p1a: Dunsparce\n|-damage|p1a: Dunsparce|54\/100\n|\n|upkeep\n|turn|6\n|\n|t:|1697498330\n|move|p1a: Dunsparce|Headbutt|p2a: Masquerain\n|-damage|p2a: Masquerain|50\/100\n|move|p1b: Magikarp|Bounce||[still]\n|-prepare|p1b: Magikarp|Bounce\n|move|p2a: Masquerain|Bug Bite|p1b: Magikarp|[miss]\n|-miss|p2a: Masquerain|p1b: Magikarp\n|\n|upkeep\n|turn|7\n|\n|t:|1697498343\n|move|p1a: Dunsparce|Headbutt|p2a: Masquerain\n|-damage|p2a: Masquerain|27\/100\n|move|p1b: Magikarp|Bounce|p2a: Masquerain|[from]lockedmove|[miss]\n|-miss|p1b: Magikarp|p2a: Masquerain\n|cant|p2a: Masquerain|flinch\n|\n|upkeep\n|turn|8\n|\n|t:|1697498353\n|move|p1a: Dunsparce|Coil|p1a: Dunsparce\n|-boost|p1a: Dunsparce|atk|1\n|-boost|p1a: Dunsparce|def|1\n|-boost|p1a: Dunsparce|accuracy|1\n|move|p1b: Magikarp|Bounce||[still]\n|-prepare|p1b: Magikarp|Bounce\n|move|p2a: Masquerain|Bug Bite|p1a: Dunsparce\n|-damage|p1a: Dunsparce|49\/100\n|\n|upkeep\n|turn|9\n|\n|t:|1697498362\n|move|p1a: Dunsparce|Coil|p1a: Dunsparce\n|-boost|p1a: Dunsparce|atk|1\n|-boost|p1a: Dunsparce|def|1\n|-boost|p1a: Dunsparce|accuracy|1\n|move|p1b: Magikarp|Bounce|p2a: Masquerain|[from]lockedmove\n|-supereffective|p2a: Masquerain\n|-damage|p2a: Masquerain|0 fnt\n|faint|p2a: Masquerain\n|\n|win|MattBud\n","uploadtime":1697498495,"views":5,"p1id":"mattbud","p2id":"coachmatt","formatid":"gen9nationaldexdoubles","rating":0,"private":0,"password":""}