{"id":"gen9nationaldexdoubles-1959934200","p1":"Marlene 420","p2":"NotArusef","format":"[Gen 9] National Dex Doubles","log":"|j|\u2606Marlene 420\n|j|\u2606NotArusef\n|t:|1696470160\n|gametype|doubles\n|player|p1|Marlene 420|cheryl|1246\n|player|p2|NotArusef|pokemonranger-gen4|1213\n|teamsize|p1|6\n|teamsize|p2|6\n|gen|9\n|tier|[Gen 9] National Dex Doubles\n|rated|\n|rule|HP Percentage Mod: HP is shown in percentages\n|rule|Endless Battle Clause: Forcing endless battles is banned\n|rule|OHKO Clause: OHKO moves are banned\n|rule|Evasion Moves Clause: Evasion moves are banned\n|rule|Evasion Abilities Clause: Evasion abilities are banned\n|rule|Species Clause: Limit one of each Pok\u00e9mon\n|rule|Gravity Sleep Clause: The combination of sleep-inducing moves with imperfect accuracy and Gravity or Gigantamax Orbeetle are banned\n|clearpoke\n|poke|p1|Gardevoir, F|\n|poke|p1|Pheromosa|\n|poke|p1|Lopunny, F|\n|poke|p1|Hatterene, F|\n|poke|p1|Meloetta|\n|poke|p1|Diancie|\n|poke|p2|Stunfisk-Galar, M|\n|poke|p2|Slowking-Galar, F|\n|poke|p2|Slowbro, F|\n|poke|p2|Runerigus, M|\n|poke|p2|Sableye, M|\n|poke|p2|Cradily, F|\n|teampreview\n|inactive|Battle timer is ON: inactive players will automatically lose when time's up. (requested by NotArusef)\n|\n|t:|1696470168\n|start\n|switch|p1a: Lola|Lopunny, F, shiny|100\/100\n|switch|p1b: Melody|Meloetta|100\/100\n|switch|p2a: Runerigus|Runerigus, M|100\/100\n|switch|p2b: Sableye|Sableye, M|100\/100\n|turn|1\n|\n|t:|1696470191\n|switch|p2a: Slowbro|Slowbro, F|100\/100\n|detailschange|p1a: Lola|Lopunny-Mega, F, shiny\n|-mega|p1a: Lola|Lopunny|Lopunnite\n|move|p1a: Lola|Fake Out|p2b: Sableye\n|-damage|p2b: Sableye|78\/100\n|cant|p2b: Sableye|flinch\n|move|p1b: Melody|Knock Off|p2a: Slowbro\n|-supereffective|p2a: Slowbro\n|-damage|p2a: Slowbro|60\/100\n|-enditem|p2a: Slowbro|Leftovers|[from] move: Knock Off|[of] p1b: Melody\n|\n|upkeep\n|turn|2\n|\n|t:|1696470212\n|move|p2b: Sableye|Reflect|p2b: Sableye\n|-sidestart|p2: NotArusef|Reflect\n|move|p1a: Lola|High Jump Kick|p2b: Sableye\n|-supereffective|p2b: Sableye\n|-damage|p2b: Sableye|0 fnt\n|faint|p2b: Sableye\n|move|p1b: Melody|Relic Song|p2a: Slowbro\n|-damage|p2a: Slowbro|28\/100\n|-formechange|p1b: Melody|Meloetta-Pirouette|[msg]\n|move|p2a: Slowbro|Trick Room|p2a: Slowbro\n|-fieldstart|move: Trick Room|[of] p2a: Slowbro\n|\n|upkeep\n|\n|t:|1696470224\n|switch|p2b: Stunfisk|Stunfisk-Galar, M|100\/100\n|turn|3\n|\n|t:|1696470237\n|switch|p2a: Runerigus|Runerigus, M|100\/100\n|switch|p1a: Katherine|Hatterene, F|100\/100\n|move|p2b: Stunfisk|Curse|p2b: Stunfisk\n|-unboost|p2b: Stunfisk|spe|1\n|-boost|p2b: Stunfisk|atk|1\n|-boost|p2b: Stunfisk|def|1\n|move|p1b: Melody|Close Combat|p2b: Stunfisk\n|-supereffective|p2b: Stunfisk\n|-damage|p2b: Stunfisk|49\/100\n|-unboost|p1b: Melody|def|1\n|-unboost|p1b: Melody|spd|1\n|\n|upkeep\n|turn|4\n|\n|t:|1696470259\n|move|p2b: Stunfisk|Protect|p2b: Stunfisk\n|-singleturn|p2b: Stunfisk|Protect\n|move|p2a: Runerigus|Earthquake|p1a: Katherine|[spread] p1a,p1b\n|-activate|p2b: Stunfisk|move: Protect\n|-damage|p1a: Katherine|62\/100\n|-damage|p1b: Melody|49\/100\n|move|p1a: Katherine|Calm Mind|p1a: Katherine\n|-boost|p1a: Katherine|spa|1\n|-boost|p1a: Katherine|spd|1\n|move|p1b: Melody|Close Combat|p2b: Stunfisk\n|-activate|p2b: Stunfisk|move: Protect\n|\n|-heal|p1a: Katherine|68\/100|[from] item: Leftovers\n|upkeep\n|turn|5\n|\n|t:|1696470284\n|move|p2b: Stunfisk|Curse|p2b: Stunfisk\n|-unboost|p2b: Stunfisk|spe|1\n|-boost|p2b: Stunfisk|atk|1\n|-boost|p2b: Stunfisk|def|1\n|move|p2a: Runerigus|Shadow Claw|p1a: Katherine\n|-supereffective|p1a: Katherine\n|-damage|p1a: Katherine|0 fnt\n|faint|p1a: Katherine\n|-zpower|p1b: Melody\n|move|p1b: Melody|Subzero Slammer|p2a: Runerigus|[zeffect]\n|-supereffective|p2a: Runerigus\n|-damage|p2a: Runerigus|45\/100\n|\n|upkeep\n|inactive|Marlene 420 has 120 seconds left.\n|\n|t:|1696470311\n|switch|p1a: Lola|Lopunny-Mega, F, shiny|100\/100\n|turn|6\n|inactive|Marlene 420 has 120 seconds left.\n|\n|t:|1696470327\n|move|p2b: Stunfisk|Protect|p2b: Stunfisk\n|-singleturn|p2b: Stunfisk|Protect\n|move|p2a: Runerigus|Earthquake|p1b: Melody|[spread] p1a,p1b\n|-activate|p2b: Stunfisk|move: Protect\n|-damage|p1a: Lola|55\/100\n|-damage|p1b: Melody|0 fnt\n|faint|p1b: Melody\n|move|p1a: Lola|High Jump Kick|p2b: Stunfisk\n|-activate|p2b: Stunfisk|move: Protect\n|-damage|p1a: Lola|5\/100|[from] highjumpkick\n|\n|-fieldend|move: Trick Room\n|upkeep\n|inactive|Marlene 420 has 120 seconds left.\n|\n|t:|1696470343\n|switch|p1b: Gardenia|Gardevoir, F|100\/100\n|-ability|p1b: Gardenia|Wandering Spirit|[from] ability: Trace|[of] p2a: Runerigus\n|turn|7\n|\n|t:|1696470367\n|move|p1a: Lola|Fire Punch|p2b: Stunfisk\n|-supereffective|p2b: Stunfisk\n|-damage|p2b: Stunfisk|35\/100\n|move|p1b: Gardenia|Psychic|p2a: Runerigus\n|-damage|p2a: Runerigus|0 fnt\n|faint|p2a: Runerigus\n|move|p2b: Stunfisk|Metal Claw|p1b: Gardenia|[miss]\n|-miss|p2b: Stunfisk|p1b: Gardenia\n|\n|upkeep\n|\n|t:|1696470378\n|switch|p2a: Slowbro|Slowbro, F|62\/100\n|turn|8\n|\n|t:|1696470405\n|switch|p1b: Dianita|Diancie|100\/100\n|move|p2b: Stunfisk|Protect|p2b: Stunfisk\n|-singleturn|p2b: Stunfisk|Protect\n|move|p1a: Lola|High Jump Kick|p2b: Stunfisk\n|-activate|p2b: Stunfisk|move: Protect\n|-damage|p1a: Lola|0 fnt|[from] highjumpkick\n|faint|p1a: Lola\n|move|p2a: Slowbro|Trick Room|p2a: Slowbro\n|-fieldstart|move: Trick Room|[of] p2a: Slowbro\n|\n|upkeep\n|inactive|Marlene 420 has 120 seconds left.\n|\n|t:|1696470420\n|switch|p1a: Gardenia|Gardevoir, F|100\/100\n|-ability|p1a: Gardenia|Mimicry|[from] ability: Trace|[of] p2b: Stunfisk\n|turn|9\n|\n|t:|1696470437\n|-terastallize|p1a: Gardenia|Fire\n|move|p2b: Stunfisk|Metal Claw|p1a: Gardenia\n|-resisted|p1a: Gardenia\n|-damage|p1a: Gardenia|62\/100\n|move|p2a: Slowbro|Hydro Pump|p1b: Dianita|[miss]\n|-miss|p2a: Slowbro|p1b: Dianita\n|move|p1b: Dianita|Moonblast|p2a: Slowbro\n|-damage|p2a: Slowbro|30\/100\n|move|p1a: Gardenia|Mystical Fire|p2b: Stunfisk\n|-supereffective|p2b: Stunfisk\n|-damage|p2b: Stunfisk|0 fnt\n|faint|p2b: Stunfisk\n|\n|-sideend|p2: NotArusef|Reflect\n|upkeep\n|\n|t:|1696470453\n|switch|p2b: Cradily|Cradily, F|100\/100\n|turn|10\n|\n|t:|1696470466\n|switch|p2a: Slowking|Slowking-Galar, F|100\/100\n|move|p2b: Cradily|Giga Drain|p1b: Dianita\n|-supereffective|p1b: Dianita\n|-damage|p1b: Dianita|66\/100\n|move|p1b: Dianita|Moonblast|p2a: Slowking\n|-resisted|p2a: Slowking\n|-damage|p2a: Slowking|88\/100\n|-unboost|p2a: Slowking|spa|1\n|move|p1a: Gardenia|Mystical Fire|p2b: Cradily\n|-damage|p2b: Cradily|72\/100\n|-unboost|p2b: Cradily|spa|1\n|\n|-heal|p2a: Slowking|94\/100|[from] item: Black Sludge\n|-heal|p1b: Dianita|72\/100|[from] item: Leftovers\n|upkeep\n|turn|11\n|\n|t:|1696470492\n|move|p2a: Slowking|Sludge Bomb|p1b: Dianita\n|-damage|p1b: Dianita|47\/100\n|move|p2b: Cradily|Leech Seed|p1a: Gardenia\n|-start|p1a: Gardenia|move: Leech Seed\n|move|p1b: Dianita|Earth Power|p2a: Slowking\n|-supereffective|p2a: Slowking\n|-damage|p2a: Slowking|61\/100\n|move|p1a: Gardenia|Mystical Fire|p2b: Cradily\n|-damage|p2b: Cradily|45\/100\n|-unboost|p2b: Cradily|spa|1\n|\n|-heal|p2a: Slowking|67\/100|[from] item: Black Sludge\n|-heal|p1b: Dianita|53\/100|[from] item: Leftovers\n|-damage|p1a: Gardenia|49\/100|[from] Leech Seed|[of] p2b: Cradily\n|-heal|p2b: Cradily|57\/100|[silent]\n|upkeep\n|turn|12\n|\n|t:|1696470520\n|switch|p1a: Phersefone|Pheromosa, shiny|100\/100\n|move|p2a: Slowking|Sludge Bomb|p1b: Dianita\n|-damage|p1b: Dianita|29\/100\n|move|p2b: Cradily|Leech Seed|p1b: Dianita\n|-start|p1b: Dianita|move: Leech Seed\n|move|p1b: Dianita|Earth Power|p2a: Slowking\n|-supereffective|p2a: Slowking\n|-damage|p2a: Slowking|33\/100\n|\n|-heal|p2a: Slowking|39\/100|[from] item: Black Sludge\n|-heal|p1b: Dianita|35\/100|[from] item: Leftovers\n|-damage|p1b: Dianita|23\/100|[from] Leech Seed|[of] p2b: Cradily\n|-heal|p2b: Cradily|70\/100|[silent]\n|-fieldend|move: Trick Room\n|upkeep\n|turn|13\n|j| wkx3333\n|\n|t:|1696470543\n|switch|p2a: Slowbro|Slowbro, F|64\/100\n|move|p2b: Cradily|Protect|p2b: Cradily\n|-singleturn|p2b: Cradily|Protect\n|move|p1a: Phersefone|High Jump Kick|p2b: Cradily\n|-activate|p2b: Cradily|move: Protect\n|-damage|p1a: Phersefone|51\/100|[from] highjumpkick\n|move|p1b: Dianita|Earth Power|p2a: Slowbro\n|-damage|p2a: Slowbro|40\/100\n|\n|-heal|p1b: Dianita|29\/100|[from] item: Leftovers\n|-damage|p1b: Dianita|16\/100|[from] Leech Seed|[of] p2b: Cradily\n|-heal|p2b: Cradily|83\/100|[silent]\n|upkeep\n|turn|14\n|l| wkx3333\n|inactive|NotArusef has 120 seconds left.\n|\n|t:|1696470574\n|switch|p2a: Slowking|Slowking-Galar, F|73\/100\n|move|p1a: Phersefone|High Jump Kick|p2b: Cradily\n|-supereffective|p2b: Cradily\n|-damage|p2b: Cradily|0 fnt\n|faint|p2b: Cradily\n|-ability|p1a: Phersefone|Beast Boost|boost\n|-boost|p1a: Phersefone|spe|1\n|-damage|p1a: Phersefone|41\/100|[from] item: Life Orb\n|move|p1b: Dianita|Moonblast|p2a: Slowking\n|-resisted|p2a: Slowking\n|-damage|p2a: Slowking|61\/100\n|-unboost|p2a: Slowking|spa|1\n|\n|-heal|p1b: Dianita|22\/100|[from] item: Leftovers\n|-heal|p2a: Slowking|67\/100|[from] item: Black Sludge\n|upkeep\n|inactive|NotArusef has 120 seconds left.\n|\n|t:|1696470584\n|switch|p2b: Slowbro|Slowbro, F|74\/100\n|turn|15\n|\n|t:|1696470600\n|move|p1a: Phersefone|Bug Buzz|p2b: Slowbro\n|-supereffective|p2b: Slowbro\n|-damage|p2b: Slowbro|0 fnt\n|faint|p2b: Slowbro\n|-ability|p1a: Phersefone|Beast Boost|boost\n|-boost|p1a: Phersefone|spe|1\n|-damage|p1a: Phersefone|31\/100|[from] item: Life Orb\n|move|p1b: Dianita|Diamond Storm|p2a: Slowking\n|-crit|p2a: Slowking\n|-damage|p2a: Slowking|11\/100\n|move|p2a: Slowking|Sludge Bomb|p1a: Phersefone\n|-damage|p1a: Phersefone|0 fnt\n|faint|p1a: Phersefone\n|\n|-heal|p1b: Dianita|28\/100|[from] item: Leftovers\n|-heal|p2a: Slowking|17\/100|[from] item: Black Sludge\n|upkeep\n|\n|t:|1696470618\n|switch|p1a: Gardenia|Gardevoir, F, tera:Fire|49\/100\n|-ability|p1a: Gardenia|Regenerator|[from] ability: Trace|[of] p2a: Slowking\n|turn|16\n|-message|NotArusef forfeited.\n|\n|win|Marlene 420\n|raw|Marlene 420's rating: 1246 &rarr; <strong>1269<\/strong><br \/>(+23 for winning)\n|raw|NotArusef's rating: 1213 &rarr; <strong>1190<\/strong><br \/>(-23 for losing)\n|l|\u2606NotArusef\n","uploadtime":1696470652,"views":5,"p1id":"marlene420","p2id":"notarusef","formatid":"gen9nationaldexdoubles","rating":1190,"private":0,"password":""}