{"id":"gen9nationaldexdoubles-1965850931","p1":"Real Bani-Banani","p2":"JustAnotherJames3","format":"[Gen 9] National Dex Doubles","log":"|j|\u2606Real Bani-Banani\n|j|\u2606JustAnotherJames3\n|t:|1697124522\n|gametype|doubles\n|player|p1|Real Bani-Banani|rocketgruntf|1096\n|player|p2|JustAnotherJames3|pokemonbreederf-gen4|1073\n|teamsize|p1|6\n|teamsize|p2|6\n|gen|9\n|tier|[Gen 9] National Dex Doubles\n|rated|\n|rule|HP Percentage Mod: HP is shown in percentages\n|rule|Endless Battle Clause: Forcing endless battles is banned\n|rule|OHKO Clause: OHKO moves are banned\n|rule|Evasion Moves Clause: Evasion moves are banned\n|rule|Evasion Abilities Clause: Evasion abilities are banned\n|rule|Species Clause: Limit one of each Pok\u00e9mon\n|rule|Gravity Sleep Clause: The combination of sleep-inducing moves with imperfect accuracy and Gravity or Gigantamax Orbeetle are banned\n|clearpoke\n|poke|p1|Furret, F|\n|poke|p1|Eelektross, M|\n|poke|p1|Sableye, F|\n|poke|p1|Drifblim, M|\n|poke|p1|Vanilluxe, M|\n|poke|p1|Carbink|\n|poke|p2|Galvantula, M|\n|poke|p2|Jellicent, M|\n|poke|p2|Aggron, M|\n|poke|p2|Ferrothorn, F|\n|poke|p2|Hydreigon, F|\n|poke|p2|Arcanine, M|\n|teampreview\n|\n|t:|1697124530\n|start\n|switch|p1a: BananaForScale|Furret, F|100\/100\n|switch|p1b: Nazeem|Eelektross, M|100\/100\n|switch|p2a: She Who Sleeps|Hydreigon, F|100\/100\n|switch|p2b: Royal Guard|Arcanine, M|100\/100\n|-item|p2a: She Who Sleeps|Chesto Berry|[from] ability: Frisk|[of] p1a: BananaForScale|[identify]\n|-item|p2b: Royal Guard|Leftovers|[from] ability: Frisk|[of] p1a: BananaForScale|[identify]\n|turn|1\n|\n|t:|1697124552\n|-terastallize|p2b: Royal Guard|Fairy\n|move|p1a: BananaForScale|Trick|p2a: She Who Sleeps\n|-activate|p1a: BananaForScale|move: Trick|[of] p2a: She Who Sleeps\n|-item|p2a: She Who Sleeps|Choice Scarf|[from] move: Trick\n|-item|p1a: BananaForScale|Chesto Berry|[from] move: Trick\n|move|p2a: She Who Sleeps|Beat Up|p2b: Royal Guard\n|-resisted|p2b: Royal Guard\n|-damage|p2b: Royal Guard|96\/100\n|-ability|p2b: Royal Guard|Justified|boost\n|-boost|p2b: Royal Guard|atk|1\n|-enditem|p1b: Nazeem|Mirror Herb\n|-boost|p1b: Nazeem|atk|1|[from] item: Mirror Herb\n|-resisted|p2b: Royal Guard\n|-damage|p2b: Royal Guard|91\/100\n|-ability|p2b: Royal Guard|Justified|boost\n|-boost|p2b: Royal Guard|atk|1\n|-resisted|p2b: Royal Guard\n|-damage|p2b: Royal Guard|85\/100\n|-ability|p2b: Royal Guard|Justified|boost\n|-boost|p2b: Royal Guard|atk|1\n|-resisted|p2b: Royal Guard\n|-damage|p2b: Royal Guard|81\/100\n|-ability|p2b: Royal Guard|Justified|boost\n|-boost|p2b: Royal Guard|atk|1\n|-resisted|p2b: Royal Guard\n|-damage|p2b: Royal Guard|77\/100\n|-ability|p2b: Royal Guard|Justified|boost\n|-boost|p2b: Royal Guard|atk|1\n|-resisted|p2b: Royal Guard\n|-damage|p2b: Royal Guard|73\/100\n|-ability|p2b: Royal Guard|Justified|boost\n|-boost|p2b: Royal Guard|atk|1\n|-hitcount|p2b: Royal Guard|6\n|move|p2b: Royal Guard|Flame Charge|p1a: BananaForScale\n|-damage|p1a: BananaForScale|0 fnt\n|-boost|p2b: Royal Guard|spe|1\n|faint|p1a: BananaForScale\n|move|p1b: Nazeem|Liquidation|p2b: Royal Guard\n|-damage|p2b: Royal Guard|16\/100\n|\n|-heal|p2b: Royal Guard|22\/100|[from] item: Leftovers\n|upkeep\n|\n|t:|1697124584\n|switch|p1a: Stalhrim|Carbink|100\/100\n|turn|2\n|\n|t:|1697124596\n|move|p2b: Royal Guard|Extreme Speed|p1b: Nazeem\n|-damage|p1b: Nazeem|0 fnt\n|faint|p1b: Nazeem\n|move|p1a: Stalhrim|Ally Switch||[still]\n|-fail|p1a: Stalhrim\n|move|p2a: She Who Sleeps|Beat Up|p1a: Stalhrim\n|-resisted|p1a: Stalhrim\n|-damage|p1a: Stalhrim|99\/100\n|-resisted|p1a: Stalhrim\n|-damage|p1a: Stalhrim|96\/100\n|-resisted|p1a: Stalhrim\n|-damage|p1a: Stalhrim|94\/100\n|-resisted|p1a: Stalhrim\n|-damage|p1a: Stalhrim|92\/100\n|-resisted|p1a: Stalhrim\n|-damage|p1a: Stalhrim|90\/100\n|-resisted|p1a: Stalhrim\n|-damage|p1a: Stalhrim|88\/100\n|-hitcount|p1a: Stalhrim|6\n|\n|-heal|p2b: Royal Guard|28\/100|[from] item: Leftovers\n|upkeep\n|\n|t:|1697124613\n|switch|p1b: Falmer|Sableye, F|100\/100\n|turn|3\n|\n|t:|1697124626\n|move|p2b: Royal Guard|Extreme Speed|p1a: Stalhrim\n|-resisted|p1a: Stalhrim\n|-damage|p1a: Stalhrim|59\/100\n|-damage|p2b: Royal Guard|12\/100|[from] item: Rocky Helmet|[of] p1a: Stalhrim\n|move|p1b: Falmer|Encore|p2b: Royal Guard\n|-start|p2b: Royal Guard|Encore\n|move|p2a: She Who Sleeps|Beat Up|p1b: Falmer\n|-damage|p1b: Falmer|90\/100\n|-damage|p1b: Falmer|79\/100\n|-damage|p1b: Falmer|68\/100\n|-damage|p1b: Falmer|58\/100\n|-damage|p1b: Falmer|50\/100\n|-damage|p1b: Falmer|42\/100\n|-hitcount|p1b: Falmer|6\n|-enditem|p1b: Falmer|Eject Button\n|\n|t:|1697124646\n|switch|p1b: TheRetchingNetch|Drifblim, M|100\/100\n|move|p1a: Stalhrim|Body Press|p2a: She Who Sleeps\n|-supereffective|p2a: She Who Sleeps\n|-damage|p2a: She Who Sleeps|27\/100\n|\n|-heal|p2b: Royal Guard|18\/100|[from] item: Leftovers\n|upkeep\n|turn|4\n|\n|t:|1697124664\n|move|p2b: Royal Guard|Extreme Speed|p1b: TheRetchingNetch\n|-immune|p1b: TheRetchingNetch\n|move|p1b: TheRetchingNetch|Ally Switch|p1b: TheRetchingNetch\n|swap|p1b: TheRetchingNetch|0|[from] move: Ally Switch\n|move|p2a: She Who Sleeps|Beat Up|p1b: Stalhrim\n|-resisted|p1b: Stalhrim\n|-damage|p1b: Stalhrim|57\/100\n|-resisted|p1b: Stalhrim\n|-damage|p1b: Stalhrim|54\/100\n|-resisted|p1b: Stalhrim\n|-damage|p1b: Stalhrim|52\/100\n|-resisted|p1b: Stalhrim\n|-damage|p1b: Stalhrim|49\/100\n|-resisted|p1b: Stalhrim\n|-damage|p1b: Stalhrim|47\/100\n|-resisted|p1b: Stalhrim\n|-damage|p1b: Stalhrim|45\/100\n|-hitcount|p1b: Stalhrim|6\n|move|p1b: Stalhrim|Body Press|p2a: She Who Sleeps\n|-supereffective|p2a: She Who Sleeps\n|-damage|p2a: She Who Sleeps|0 fnt\n|faint|p2a: She Who Sleeps\n|\n|-heal|p2b: Royal Guard|24\/100|[from] item: Leftovers\n|upkeep\n|\n|t:|1697124688\n|switch|p2a: Sir Currias|Aggron, M, shiny|100\/100\n|turn|5\n|\n|t:|1697124699\n|move|p2b: Royal Guard|Extreme Speed|p1a: TheRetchingNetch\n|-immune|p1a: TheRetchingNetch\n|move|p1a: TheRetchingNetch|Toxic|p2b: Royal Guard\n|-status|p2b: Royal Guard|tox\n|move|p1b: Stalhrim|Body Press|p2b: Royal Guard\n|-resisted|p2b: Royal Guard\n|-damage|p2b: Royal Guard|1\/100 tox\n|move|p2a: Sir Currias|Head Smash|p1a: TheRetchingNetch\n|-supereffective|p1a: TheRetchingNetch\n|-damage|p1a: TheRetchingNetch|0 fnt\n|-damage|p2a: Sir Currias|76\/100|[from] ability: Aftermath|[of] p1a: TheRetchingNetch\n|-damage|p2a: Sir Currias|59\/100|[from] item: Rocky Helmet|[of] p1a: TheRetchingNetch\n|faint|p1a: TheRetchingNetch\n|\n|-heal|p2b: Royal Guard|7\/100 tox|[from] item: Leftovers\n|-damage|p2b: Royal Guard|1\/100 tox|[from] psn\n|upkeep\n|\n|t:|1697124720\n|switch|p1a: Falmer|Sableye, F|42\/100\n|turn|6\n|\n|t:|1697124737\n|move|p2b: Royal Guard|Extreme Speed|p1b: Stalhrim\n|-resisted|p1b: Stalhrim\n|-damage|p1b: Stalhrim|16\/100\n|-damage|p2b: Royal Guard|0 fnt|[from] item: Rocky Helmet|[of] p1b: Stalhrim\n|faint|p2b: Royal Guard\n|move|p2a: Sir Currias|Head Smash|p1a: Falmer\n|-damage|p1a: Falmer|0 fnt\n|faint|p1a: Falmer\n|move|p1b: Stalhrim|Body Press|p2a: Sir Currias\n|-supereffective|p2a: Sir Currias\n|-damage|p2a: Sir Currias|0 fnt\n|faint|p2a: Sir Currias\n|\n|upkeep\n|\n|t:|1697124756\n|switch|p2b: Barrack Rook|Ferrothorn, F|100\/100\n|switch|p2a: Duke Pennybags|Jellicent, M|100\/100\n|switch|p1a: FrostAtronach|Vanilluxe, M|100\/100\n|turn|7\n|\n|t:|1697124766\n|move|p1a: FrostAtronach|Freeze-Dry|p2a: Duke Pennybags\n|-supereffective|p2a: Duke Pennybags\n|-damage|p2a: Duke Pennybags|44\/100\n|move|p2a: Duke Pennybags|Surf|p1b: Stalhrim|[spread] p2b,p1a,p1b\n|-resisted|p2b: Barrack Rook\n|-supereffective|p1b: Stalhrim\n|-damage|p2b: Barrack Rook|91\/100\n|-damage|p1a: FrostAtronach|76\/100\n|-damage|p1b: Stalhrim|0 fnt\n|faint|p1b: Stalhrim\n|move|p2b: Barrack Rook|Curse|p2b: Barrack Rook\n|-unboost|p2b: Barrack Rook|spe|1\n|-boost|p2b: Barrack Rook|atk|1\n|-boost|p2b: Barrack Rook|def|1\n|\n|upkeep\n|turn|8\n|\n|t:|1697124783\n|move|p1a: FrostAtronach|Freeze-Dry|p2b: Barrack Rook\n|-damage|p2b: Barrack Rook|62\/100\n|move|p2a: Duke Pennybags|Toxic|p1a: FrostAtronach|[miss]\n|-miss|p2a: Duke Pennybags|p1a: FrostAtronach\n|move|p2b: Barrack Rook|Gyro Ball|p1a: FrostAtronach\n|-supereffective|p1a: FrostAtronach\n|-damage|p1a: FrostAtronach|0 fnt\n|faint|p1a: FrostAtronach\n|\n|win|JustAnotherJames3\n|raw|Real Bani-Banani's rating: 1096 &rarr; <strong>1070<\/strong><br \/>(-26 for losing)\n|raw|JustAnotherJames3's rating: 1073 &rarr; <strong>1104<\/strong><br \/>(+31 for winning)\n|c|\u2606Real Bani-Banani|gg wp\n|l|\u2606Real Bani-Banani\n","uploadtime":1697124797,"views":16,"p1id":"realbanibanani","p2id":"justanotherjames3","formatid":"gen9nationaldexdoubles","rating":1070,"private":0,"password":""}