{"id":"gen9nationaldexdoubles-1962004850","p1":"fumbari 24","p2":"sirseraphim","format":"[Gen 9] National Dex Doubles","log":"|j|\u2606fumbari 24\n|j|\u2606sirseraphim\n|t:|1696697699\n|gametype|doubles\n|player|p1|fumbari 24|170|1271\n|player|p2|sirseraphim|ingo|1186\n|teamsize|p1|6\n|teamsize|p2|6\n|gen|9\n|tier|[Gen 9] National Dex Doubles\n|rated|\n|rule|HP Percentage Mod: HP is shown in percentages\n|rule|Endless Battle Clause: Forcing endless battles is banned\n|rule|OHKO Clause: OHKO moves are banned\n|rule|Evasion Moves Clause: Evasion moves are banned\n|rule|Evasion Abilities Clause: Evasion abilities are banned\n|rule|Species Clause: Limit one of each Pok\u00e9mon\n|rule|Gravity Sleep Clause: The combination of sleep-inducing moves with imperfect accuracy and Gravity or Gigantamax Orbeetle are banned\n|clearpoke\n|poke|p1|Charizard, M|\n|poke|p1|Sableye, M|\n|poke|p1|Aegislash, M|\n|poke|p1|Hydreigon, M|\n|poke|p1|Dragapult, M|\n|poke|p1|Granbull, F|\n|poke|p2|Rillaboom, F|\n|poke|p2|Urshifu-*, M|\n|poke|p2|Togekiss, M|\n|poke|p2|Eevee, F|\n|poke|p2|Garchomp, M|\n|poke|p2|Smeargle, F|\n|teampreview\n|\n|t:|1696697711\n|start\n|switch|p1a: Yami|Sableye, M|100\/100\n|switch|p1b: Charizard|Charizard, M|100\/100\n|switch|p2a: Smeargle|Smeargle, F|100\/100\n|switch|p2b: Togekiss|Togekiss, M|100\/100\n|turn|1\n|c|\u2606sirseraphim|yo\n|inactive|Battle timer is ON: inactive players will automatically lose when time's up. (requested by fumbari 24)\n|\n|t:|1696697733\n|-terastallize|p1b: Charizard|Fire\n|move|p1a: Yami|Fake Out|p2a: Smeargle\n|-damage|p2a: Smeargle|80\/100\n|move|p1b: Charizard|Heat Wave|p2b: Togekiss|[spread] p2a,p2b\n|-damage|p2a: Smeargle|0 fnt\n|-damage|p2b: Togekiss|63\/100\n|faint|p2a: Smeargle\n|move|p2b: Togekiss|Yawn|p1a: Yami\n|-start|p1a: Yami|move: Yawn|[of] p2b: Togekiss\n|\n|upkeep\n|\n|t:|1696697743\n|switch|p2a: Eevee|Eevee, F|100\/100\n|turn|2\n|\n|t:|1696697755\n|move|p1a: Yami|Sunny Day|p1a: Yami\n|-weather|SunnyDay\n|move|p1b: Charizard|Heat Wave|p2a: Eevee|[spread] p2a,p2b\n|-damage|p2a: Eevee|0 fnt\n|-damage|p2b: Togekiss|0 fnt\n|faint|p2a: Eevee\n|faint|p2b: Togekiss\n|\n|-weather|SunnyDay|[upkeep]\n|-damage|p1b: Charizard|88\/100|[from] ability: Solar Power|[of] p1b: Charizard\n|-end|p1a: Yami|move: Yawn|[silent]\n|-status|p1a: Yami|slp\n|upkeep\n|\n|t:|1696697765\n|switch|p2b: Urshifu|Urshifu-Rapid-Strike, M|100\/100\n|switch|p2a: Garchomp|Garchomp, M|100\/100\n|turn|3\n|\n|t:|1696697774\n|switch|p1b: Iggy|Granbull, F|100\/100\n|-ability|p1b: Iggy|Intimidate|boost\n|-unboost|p2a: Garchomp|atk|1\n|-unboost|p2b: Urshifu|atk|1\n|detailschange|p2a: Garchomp|Garchomp-Mega, M\n|-mega|p2a: Garchomp|Garchomp|Garchompite\n|cant|p1a: Yami|slp\n|move|p2a: Garchomp|Swords Dance|p2a: Garchomp\n|-boost|p2a: Garchomp|atk|2\n|move|p2b: Urshifu|Surging Strikes|p1b: Iggy\n|-crit|p1b: Iggy\n|-damage|p1b: Iggy|88\/100\n|-crit|p1b: Iggy\n|-damage|p1b: Iggy|75\/100\n|-crit|p1b: Iggy\n|-damage|p1b: Iggy|60\/100\n|-hitcount|p1b: Iggy|3\n|\n|-weather|SunnyDay|[upkeep]\n|upkeep\n|turn|4\n|\n|t:|1696697799\n|-terastallize|p2b: Urshifu|Fire\n|-curestatus|p1a: Yami|slp|[msg]\n|move|p1a: Yami|Will-O-Wisp|p2a: Garchomp\n|-status|p2a: Garchomp|brn\n|move|p2a: Garchomp|Swords Dance|p2a: Garchomp\n|-boost|p2a: Garchomp|atk|2\n|move|p2b: Urshifu|Bulk Up|p2b: Urshifu\n|-boost|p2b: Urshifu|atk|1\n|-boost|p2b: Urshifu|def|1\n|move|p1b: Iggy|Counter||[still]\n|-fail|p1b: Iggy\n|\n|-weather|SunnyDay|[upkeep]\n|-damage|p2a: Garchomp|94\/100 brn|[from] brn\n|upkeep\n|turn|5\n|\n|t:|1696697817\n|move|p2a: Garchomp|Rock Slide|p1a: Yami|[spread] p1a,p1b\n|-damage|p1a: Yami|59\/100\n|-damage|p1b: Iggy|26\/100\n|move|p2b: Urshifu|Bulk Up|p2b: Urshifu\n|-boost|p2b: Urshifu|atk|1\n|-boost|p2b: Urshifu|def|1\n|move|p1a: Yami|Foul Play|p2a: Garchomp\n|-damage|p2a: Garchomp|0 fnt\n|faint|p2a: Garchomp\n|move|p1b: Iggy|Play Rough|p2b: Urshifu|[miss]\n|-miss|p1b: Iggy|p2b: Urshifu\n|\n|-weather|SunnyDay|[upkeep]\n|-heal|p1a: Yami|66\/100|[from] item: Leftovers\n|upkeep\n|\n|t:|1696697831\n|switch|p2a: Rillaboom|Rillaboom, F|100\/100\n|-fieldstart|move: Grassy Terrain|[from] ability: Grassy Surge|[of] p2a: Rillaboom\n|turn|6\n|\n|t:|1696697857\n|switch|p1b: Dragapult|Dragapult, M|100\/100\n|move|p1a: Yami|Will-O-Wisp|p2a: Rillaboom\n|-status|p2a: Rillaboom|brn\n|move|p2a: Rillaboom|High Horsepower|p1b: Dragapult\n|-damage|p1b: Dragapult|83\/100\n|move|p2b: Urshifu|Bulk Up|p2b: Urshifu\n|-boost|p2b: Urshifu|atk|1\n|-boost|p2b: Urshifu|def|1\n|\n|-weather|none\n|-heal|p1b: Dragapult|89\/100|[from] Grassy Terrain\n|-heal|p1a: Yami|72\/100|[from] Grassy Terrain\n|-heal|p1a: Yami|78\/100|[from] item: Leftovers\n|-damage|p2a: Rillaboom|94\/100 brn|[from] brn\n|upkeep\n|turn|7\n|inactive|sirseraphim has 120 seconds left.\n|\n|t:|1696697897\n|move|p1b: Dragapult|Shadow Ball|p2b: Urshifu\n|-damage|p2b: Urshifu|63\/100\n|move|p2a: Rillaboom|Superpower|p1a: Yami\n|-immune|p1a: Yami\n|move|p2b: Urshifu|Bulk Up|p2b: Urshifu\n|-boost|p2b: Urshifu|atk|1\n|-boost|p2b: Urshifu|def|1\n|move|p1a: Yami|Foul Play|p2b: Urshifu\n|-damage|p2b: Urshifu|25\/100\n|\n|-heal|p1b: Dragapult|95\/100|[from] Grassy Terrain\n|-heal|p2a: Rillaboom|100\/100 brn|[from] Grassy Terrain\n|-heal|p2b: Urshifu|31\/100|[from] Grassy Terrain\n|-heal|p1a: Yami|84\/100|[from] Grassy Terrain\n|-heal|p1a: Yami|91\/100|[from] item: Leftovers\n|-damage|p2a: Rillaboom|94\/100 brn|[from] brn\n|upkeep\n|turn|8\n|inactive|sirseraphim has 120 seconds left.\n|c|\u2606fumbari 24|Gg\n|\n|t:|1696697934\n|move|p2a: Rillaboom|Grassy Glide|p1b: Dragapult\n|-resisted|p1b: Dragapult\n|-damage|p1b: Dragapult|84\/100\n|move|p1b: Dragapult|Shadow Ball|p2b: Urshifu\n|-damage|p2b: Urshifu|0 fnt\n|faint|p2b: Urshifu\n|move|p1a: Yami|Foul Play|p2a: Rillaboom\n|-damage|p2a: Rillaboom|40\/100 brn\n|\n|-heal|p1b: Dragapult|90\/100|[from] Grassy Terrain\n|-heal|p2a: Rillaboom|47\/100 brn|[from] Grassy Terrain\n|-heal|p1a: Yami|97\/100|[from] Grassy Terrain\n|-heal|p1a: Yami|100\/100|[from] item: Leftovers\n|-damage|p2a: Rillaboom|40\/100 brn|[from] brn\n|upkeep\n|turn|9\n|inactive|sirseraphim has 120 seconds left.\n|c|\u2606sirseraphim|yep gg\n|\n|t:|1696697956\n|switch|p1b: Charizard|Charizard, M, tera:Fire|88\/100\n|move|p2a: Rillaboom|Grassy Glide|p1a: Yami\n|-damage|p1a: Yami|76\/100\n|move|p1a: Yami|Foul Play|p2a: Rillaboom\n|-damage|p2a: Rillaboom|0 fnt\n|faint|p2a: Rillaboom\n|\n|win|fumbari 24\n|raw|fumbari 24's rating: 1271 &rarr; <strong>1290<\/strong><br \/>(+19 for winning)\n|raw|sirseraphim's rating: 1186 &rarr; <strong>1167<\/strong><br \/>(-19 for losing)\n|l|\u2606sirseraphim\n","uploadtime":1696697972,"views":12,"p1id":"fumbari24","p2id":"sirseraphim","formatid":"gen9nationaldexdoubles","rating":1167,"private":0,"password":""}