{"id":"gen9nationaldexdoubles-1989102923","p1":"Holfrost","p2":"thatsrealnito2","format":"[Gen 9] National Dex Doubles","log":"|j|\u2606Holfrost\n|j|\u2606thatsrealnito2\n|t:|1699812482\n|gametype|doubles\n|player|p1|Holfrost|byron|\n|player|p2|thatsrealnito2|bellelba|\n|teamsize|p1|6\n|teamsize|p2|6\n|gen|9\n|tier|[Gen 9] National Dex Doubles\n|rule|HP Percentage Mod: HP is shown in percentages\n|rule|Endless Battle Clause: Forcing endless battles is banned\n|rule|OHKO Clause: OHKO moves are banned\n|rule|Evasion Moves Clause: Evasion moves are banned\n|rule|Evasion Abilities Clause: Evasion abilities are banned\n|rule|Species Clause: Limit one of each Pok\u00e9mon\n|rule|Gravity Sleep Clause: The combination of sleep-inducing moves with imperfect accuracy and Gravity or Gigantamax Orbeetle are banned\n|clearpoke\n|poke|p1|Aggron, M|\n|poke|p1|Corviknight, M|\n|poke|p1|Magnezone|\n|poke|p1|Metagross|\n|poke|p1|Perrserker, M|\n|poke|p1|Steelix, F|\n|poke|p2|Dracozolt|\n|poke|p2|Flygon, M|\n|poke|p2|Appletun, M|\n|poke|p2|Goodra, F|\n|poke|p2|Noivern, F|\n|poke|p2|Turtonator, F|\n|teampreview\n|\n|t:|1699812494\n|start\n|switch|p1a: Metagross|Metagross|100\/100\n|switch|p1b: Aggron|Aggron, M|100\/100\n|switch|p2a: Turtle|Turtonator, F|100\/100\n|switch|p2b: goo|Goodra, F|100\/100\n|turn|1\n|\n|t:|1699812528\n|detailschange|p1b: Aggron|Aggron-Mega, M\n|-mega|p1b: Aggron|Aggron|Aggronite\n|-terastallize|p1a: Metagross|Steel\n|-terastallize|p2a: Turtle|Fire\n|move|p2b: goo|Hydro Pump|p1b: Aggron\n|-damage|p1b: Aggron|66\/100\n|move|p1a: Metagross|Meteor Mash|p2b: goo\n|-damage|p2b: goo|0 fnt\n|faint|p2b: goo\n|move|p1b: Aggron|Earthquake|p2a: Turtle|[spread] p1a,p2a\n|-supereffective|p1a: Metagross\n|-supereffective|p2a: Turtle\n|-damage|p1a: Metagross|62\/100\n|-damage|p2a: Turtle|58\/100\n|move|p2a: Turtle|Fire Blast|p1a: Metagross\n|-supereffective|p1a: Metagross\n|-damage|p1a: Metagross|0 fnt\n|faint|p1a: Metagross\n|\n|upkeep\n|\n|t:|1699812545\n|switch|p2b: a good boi|Appletun, M|100\/100\n|switch|p1a: Perrserker|Perrserker, M|100\/100\n|turn|2\n|\n|t:|1699812570\n|move|p1a: Perrserker|Substitute|p1a: Perrserker\n|-start|p1a: Perrserker|Substitute\n|-damage|p1a: Perrserker|76\/100\n|move|p1b: Aggron|Heavy Slam|p2a: Turtle\n|-resisted|p2a: Turtle\n|-damage|p2a: Turtle|42\/100\n|move|p2a: Turtle|Fire Blast|p1a: Perrserker\n|-supereffective|p1a: Perrserker\n|-end|p1a: Perrserker|Substitute\n|move|p2b: a good boi|Leech Seed|p1b: Aggron\n|-start|p1b: Aggron|move: Leech Seed\n|\n|-heal|p1a: Perrserker|82\/100|[from] item: Leftovers\n|-damage|p1b: Aggron|54\/100|[from] Leech Seed|[of] p2b: a good boi\n|upkeep\n|turn|3\n|\n|t:|1699812596\n|move|p1a: Perrserker|Iron Head|p2a: Turtle\n|-resisted|p2a: Turtle\n|-damage|p2a: Turtle|9\/100\n|move|p1b: Aggron|Toxic|p2a: Turtle\n|-status|p2a: Turtle|tox\n|cant|p2a: Turtle|flinch\n|move|p2b: a good boi|Apple Acid|p1a: Perrserker\n|-resisted|p1a: Perrserker\n|-damage|p1a: Perrserker|55\/100\n|-unboost|p1a: Perrserker|spd|1\n|\n|-heal|p1a: Perrserker|61\/100|[from] item: Leftovers\n|-damage|p1b: Aggron|41\/100|[from] Leech Seed|[of] p2b: a good boi\n|-damage|p2a: Turtle|3\/100 tox|[from] psn\n|upkeep\n|turn|4\n|\n|t:|1699812623\n|switch|p2a: Mr Bat|Noivern, F|100\/100\n|move|p1a: Perrserker|Iron Head|p2b: a good boi\n|-damage|p2b: a good boi|37\/100\n|move|p1b: Aggron|Heavy Slam|p2b: a good boi\n|-damage|p2b: a good boi|0 fnt\n|faint|p2b: a good boi\n|\n|-heal|p1a: Perrserker|67\/100|[from] item: Leftovers\n|upkeep\n|\n|t:|1699812634\n|switch|p2b: zolt|Dracozolt, shiny|100\/100\n|turn|5\n|\n|t:|1699812649\n|move|p2a: Mr Bat|Flamethrower|p1a: Perrserker\n|-supereffective|p1a: Perrserker\n|-crit|p1a: Perrserker\n|-damage|p1a: Perrserker|0 fnt\n|faint|p1a: Perrserker\n|move|p2b: zolt|Draco Meteor|p1b: Aggron\n|-resisted|p1b: Aggron\n|-damage|p1b: Aggron|19\/100\n|-unboost|p2b: zolt|spa|2\n|move|p1b: Aggron|Heavy Slam|p2a: Mr Bat\n|-damage|p2a: Mr Bat|40\/100\n|\n|-damage|p1b: Aggron|6\/100|[from] Leech Seed|[of] p2b: zolt\n|upkeep\n|\n|t:|1699812663\n|switch|p1a: Magnezone|Magnezone|100\/100\n|turn|6\n|\n|t:|1699812676\n|move|p2a: Mr Bat|Flamethrower|p1a: Magnezone\n|-supereffective|p1a: Magnezone\n|-damage|p1a: Magnezone|38\/100\n|move|p2b: zolt|Bolt Beak|p1a: Magnezone\n|-resisted|p1a: Magnezone\n|-damage|p1a: Magnezone|0 fnt\n|faint|p1a: Magnezone\n|move|p1b: Aggron|Heavy Slam|p2b: zolt\n|-resisted|p2b: zolt\n|-damage|p2b: zolt|82\/100\n|\n|-damage|p1b: Aggron|0 fnt|[from] Leech Seed|[of] p2b: zolt\n|-heal|p2b: zolt|88\/100|[silent]\n|faint|p1b: Aggron\n|upkeep\n|\n|t:|1699812690\n|switch|p1a: Corviknight|Corviknight, M|100\/100\n|switch|p1b: Steelix|Steelix, F|100\/100\n|-ability|p1a: Corviknight|Pressure\n|turn|7\n|\n|t:|1699812709\n|move|p2a: Mr Bat|Flamethrower|p1a: Corviknight\n|-supereffective|p1a: Corviknight\n|-damage|p1a: Corviknight|48\/100\n|move|p2b: zolt|Bolt Beak|p1a: Corviknight\n|-supereffective|p1a: Corviknight\n|-damage|p1a: Corviknight|0 fnt\n|-damage|p2b: zolt|71\/100|[from] item: Rocky Helmet|[of] p1a: Corviknight\n|faint|p1a: Corviknight\n|move|p1b: Steelix|Toxic|p2b: zolt\n|-status|p2b: zolt|tox\n|\n|-damage|p2b: zolt|65\/100 tox|[from] psn\n|upkeep\n|turn|8\n|\n|t:|1699812726\n|move|p2a: Mr Bat|Flamethrower|p1b: Steelix\n|-supereffective|p1b: Steelix\n|-damage|p1b: Steelix|42\/100\n|move|p2b: zolt|Bolt Beak|p1b: Steelix\n|-immune|p1b: Steelix\n|move|p1b: Steelix|Heavy Slam|p2a: Mr Bat\n|-damage|p2a: Mr Bat|0 fnt\n|faint|p2a: Mr Bat\n|\n|-heal|p1b: Steelix|48\/100|[from] item: Leftovers\n|-damage|p2b: zolt|53\/100 tox|[from] psn\n|upkeep\n|\n|t:|1699812737\n|switch|p2a: goggles|Flygon, M|100\/100\n|turn|9\n|\n|t:|1699812749\n|move|p2a: goggles|Stone Edge|p1b: Steelix\n|-resisted|p1b: Steelix\n|-damage|p1b: Steelix|43\/100\n|-damage|p2a: goggles|91\/100|[from] item: Life Orb\n|move|p2b: zolt|Fire Spin|p1b: Steelix\n|-supereffective|p1b: Steelix\n|-damage|p1b: Steelix|34\/100\n|-activate|p1b: Steelix|move: Fire Spin|[of] p2b: zolt\n|move|p1b: Steelix|Heavy Slam|p2a: goggles\n|-damage|p2a: goggles|52\/100\n|\n|-heal|p1b: Steelix|40\/100|[from] item: Leftovers\n|-damage|p2b: zolt|34\/100 tox|[from] psn\n|-damage|p1b: Steelix|27\/100|[from] move: Fire Spin|[partiallytrapped]\n|upkeep\n|turn|10\n|\n|t:|1699812775\n|move|p2a: goggles|Stone Edge|p1b: Steelix\n|-resisted|p1b: Steelix\n|-damage|p1b: Steelix|23\/100\n|-damage|p2a: goggles|42\/100|[from] item: Life Orb\n|move|p2b: zolt|Draco Meteor|p1b: Steelix\n|-resisted|p1b: Steelix\n|-damage|p1b: Steelix|9\/100\n|-unboost|p2b: zolt|spa|2\n|move|p1b: Steelix|Heavy Slam|p2a: goggles\n|-damage|p2a: goggles|1\/100\n|\n|-heal|p1b: Steelix|15\/100|[from] item: Leftovers\n|-damage|p2b: zolt|9\/100 tox|[from] psn\n|-damage|p1b: Steelix|2\/100|[from] move: Fire Spin|[partiallytrapped]\n|upkeep\n|turn|11\n|\n|t:|1699812799\n|move|p2a: goggles|Stone Edge|p1b: Steelix\n|-resisted|p1b: Steelix\n|-damage|p1b: Steelix|0 fnt\n|faint|p1b: Steelix\n|-damage|p2a: goggles|0 fnt|[from] item: Life Orb\n|faint|p2a: goggles\n|\n|win|thatsrealnito2\n","uploadtime":1699812808,"views":8,"p1id":"holfrost","p2id":"thatsrealnito2","formatid":"gen9nationaldexdoubles","rating":0,"private":0,"password":""}