{"id":"gen9nationaldexdoubles-1960038225","p1":"YouAreDeadProllu","p2":"sojukirin","format":"[Gen 9] National Dex Doubles","log":"|j|\u2606YouAreDeadProllu\n|j|\u2606sojukirin\n|t:|1696482649\n|gametype|doubles\n|player|p1|YouAreDeadProllu|101|1000\n|player|p2|sojukirin|parasollady|1029\n|teamsize|p1|6\n|teamsize|p2|6\n|gen|9\n|tier|[Gen 9] National Dex Doubles\n|rated|\n|rule|HP Percentage Mod: HP is shown in percentages\n|rule|Endless Battle Clause: Forcing endless battles is banned\n|rule|OHKO Clause: OHKO moves are banned\n|rule|Evasion Moves Clause: Evasion moves are banned\n|rule|Evasion Abilities Clause: Evasion abilities are banned\n|rule|Species Clause: Limit one of each Pok\u00e9mon\n|rule|Gravity Sleep Clause: The combination of sleep-inducing moves with imperfect accuracy and Gravity or Gigantamax Orbeetle are banned\n|clearpoke\n|poke|p1|Corviknight, M|\n|poke|p1|Hatterene, F|\n|poke|p1|Greninja-*, M|\n|poke|p1|Zarude|\n|poke|p1|Shuckle, M|\n|poke|p1|Cresselia, F|\n|poke|p2|Corviknight, M|\n|poke|p2|Hatterene, F|\n|poke|p2|Greninja-*, M|\n|poke|p2|Zarude|\n|poke|p2|Shuckle, M|\n|poke|p2|Cresselia, F|\n|teampreview\n|inactive|Battle timer is ON: inactive players will automatically lose when time's up. (requested by sojukirin)\n|\n|t:|1696482665\n|start\n|switch|p1a: Hatterene|Hatterene, F|100\/100\n|switch|p1b: Greninja|Greninja, M|100\/100\n|switch|p2a: Hatterene|Hatterene, F|100\/100\n|switch|p2b: Greninja|Greninja, M|100\/100\n|turn|1\n|c|\u2606sojukirin|wait a min\n|inactive|sojukirin has 120 seconds left.\n|\n|t:|1696482700\n|move|p2b: Greninja|Dark Pulse|p1a: Hatterene\n|-start|p2b: Greninja|typechange|Dark|[from] ability: Protean\n|-damage|p1a: Hatterene|48\/100\n|move|p1b: Greninja|Dark Pulse|p2a: Hatterene\n|-start|p1b: Greninja|typechange|Dark|[from] ability: Protean\n|-damage|p2a: Hatterene|48\/100\n|move|p2a: Hatterene|Skill Swap|p2b: Greninja\n|-activate|p2a: Hatterene|move: Skill Swap|||[of] p2b: Greninja\n|move|p1a: Hatterene|Skill Swap|p1b: Greninja\n|-activate|p1a: Hatterene|move: Skill Swap|||[of] p1b: Greninja\n|\n|upkeep\n|turn|2\n|inactive|sojukirin has 120 seconds left.\n|inactive|YouAreDeadProllu has 120 seconds left.\n|\n|t:|1696482746\n|switch|p2b: Shuckle|Shuckle, M, shiny|100\/100\n|switch|p1a: Shuckle|Shuckle, M, shiny|100\/100\n|move|p1b: Greninja|Dark Pulse|p2b: Shuckle\n|-damage|p2b: Shuckle|66\/100\n|move|p2a: Hatterene|Trick Room|p2a: Hatterene\n|-start|p2a: Hatterene|typechange|Psychic|[from] ability: Protean\n|-fieldstart|move: Trick Room|[of] p2a: Hatterene\n|\n|upkeep\n|turn|3\n|inactive|sojukirin has 120 seconds left.\n|\n|t:|1696482771\n|move|p2b: Shuckle|Shell Smash|p2b: Shuckle\n|-boost|p2b: Shuckle|def|1\n|-boost|p2b: Shuckle|spd|1\n|-unboost|p2b: Shuckle|atk|2\n|-unboost|p2b: Shuckle|spa|2\n|-unboost|p2b: Shuckle|spe|2\n|move|p1a: Shuckle|Shell Smash|p1a: Shuckle\n|-boost|p1a: Shuckle|def|1\n|-boost|p1a: Shuckle|spd|1\n|-unboost|p1a: Shuckle|atk|2\n|-unboost|p1a: Shuckle|spa|2\n|-unboost|p1a: Shuckle|spe|2\n|move|p2a: Hatterene|Psychic|p1a: Shuckle\n|-damage|p1a: Shuckle|83\/100\n|move|p1b: Greninja|Dark Pulse|p2b: Shuckle\n|-damage|p2b: Shuckle|42\/100\n|\n|upkeep\n|turn|4\n|inactive|sojukirin has 120 seconds left.\n|\n|t:|1696482798\n|move|p1a: Shuckle|Substitute|p1a: Shuckle\n|-start|p1a: Shuckle|Substitute\n|-damage|p1a: Shuckle|58\/100\n|move|p2b: Shuckle|Shell Smash|p2b: Shuckle\n|-boost|p2b: Shuckle|def|1\n|-boost|p2b: Shuckle|spd|1\n|-unboost|p2b: Shuckle|atk|2\n|-unboost|p2b: Shuckle|spa|2\n|-unboost|p2b: Shuckle|spe|2\n|move|p2a: Hatterene|Psychic|p1a: Shuckle\n|-activate|p1a: Shuckle|move: Substitute|[damage]\n|move|p1b: Greninja|Dark Pulse|p2b: Shuckle\n|-damage|p2b: Shuckle|24\/100\n|\n|upkeep\n|turn|5\n|inactive|sojukirin has 120 seconds left.\n|\n|t:|1696482825\n|switch|p1b: Hatterene|Hatterene, F|48\/100\n|move|p2b: Shuckle|Rest|p2b: Shuckle\n|-status|p2b: Shuckle|slp|[from] move: Rest\n|-heal|p2b: Shuckle|100\/100 slp|[silent]\n|-enditem|p2b: Shuckle|Chesto Berry|[eat]\n|-curestatus|p2b: Shuckle|slp|[msg]\n|move|p1a: Shuckle|Shell Smash|p1a: Shuckle\n|-boost|p1a: Shuckle|def|1\n|-boost|p1a: Shuckle|spd|1\n|-unboost|p1a: Shuckle|atk|2\n|-unboost|p1a: Shuckle|spa|2\n|-unboost|p1a: Shuckle|spe|2\n|move|p2a: Hatterene|Psychic|p1a: Shuckle\n|-end|p1a: Shuckle|Substitute\n|\n|upkeep\n|turn|6\n|inactive|YouAreDeadProllu has 120 seconds left.\n|\n|t:|1696482862\n|move|p2b: Shuckle|Shell Smash|p2b: Shuckle\n|-boost|p2b: Shuckle|def|1\n|-boost|p2b: Shuckle|spd|1\n|-unboost|p2b: Shuckle|atk|2\n|-unboost|p2b: Shuckle|spa|2\n|-unboost|p2b: Shuckle|spe|2\n|move|p1a: Shuckle|Substitute|p1a: Shuckle\n|-start|p1a: Shuckle|Substitute\n|-damage|p1a: Shuckle|33\/100\n|move|p1b: Hatterene|Skill Swap|p1a: Shuckle\n|-activate|p1b: Hatterene|move: Skill Swap|||[of] p1a: Shuckle\n|move|p2a: Hatterene|Psychic|p1a: Shuckle\n|-activate|p1a: Shuckle|move: Substitute|[damage]\n|\n|-fieldend|move: Trick Room\n|upkeep\n|turn|7\n|inactive|YouAreDeadProllu has 120 seconds left.\n|\n|t:|1696482905\n|switch|p1b: Corviknight|Corviknight, M|100\/100\n|-ability|p1b: Corviknight|Pressure\n|move|p2a: Hatterene|Psychic|p1b: Corviknight\n|-resisted|p1b: Corviknight\n|-damage|p1b: Corviknight|79\/100\n|move|p1a: Shuckle|Rest|p1a: Shuckle\n|-status|p1a: Shuckle|slp|[from] move: Rest\n|-heal|p1a: Shuckle|100\/100 slp|[silent]\n|-enditem|p1a: Shuckle|Chesto Berry|[eat]\n|-curestatus|p1a: Shuckle|slp|[msg]\n|move|p2b: Shuckle|Shell Smash|p2b: Shuckle\n|-boost|p2b: Shuckle|def|1\n|-boost|p2b: Shuckle|spd|1\n|-unboost|p2b: Shuckle|atk|0\n|-unboost|p2b: Shuckle|spa|0\n|-unboost|p2b: Shuckle|spe|0\n|\n|-heal|p1b: Corviknight|85\/100|[from] item: Leftovers\n|upkeep\n|turn|8\n|inactive|YouAreDeadProllu has 120 seconds left.\n|\n|t:|1696482938\n|move|p1b: Corviknight|Body Press|p2b: Shuckle\n|-damage|p2b: Shuckle|96\/100\n|move|p2a: Hatterene|Skill Swap|p1b: Corviknight\n|-activate|p2a: Hatterene|move: Skill Swap|Pressure|Protean|[of] p1b: Corviknight\n|-ability|p2a: Hatterene|Pressure\n|move|p1a: Shuckle|Mimic|p1b: Corviknight\n|-start|p1a: Shuckle|Mimic|Body Press\n|move|p2b: Shuckle|Shell Smash|p2b: Shuckle\n|-boost|p2b: Shuckle|def|1\n|-boost|p2b: Shuckle|spd|1\n|-unboost|p2b: Shuckle|atk|0\n|-unboost|p2b: Shuckle|spa|0\n|-unboost|p2b: Shuckle|spe|0\n|\n|-heal|p1b: Corviknight|91\/100|[from] item: Leftovers\n|upkeep\n|turn|9\n|inactive|YouAreDeadProllu has 90 seconds left.\n|\n|t:|1696482983\n|move|p1b: Corviknight|U-turn|p2a: Hatterene\n|-start|p1b: Corviknight|typechange|Bug|[from] ability: Protean\n|-supereffective|p2a: Hatterene\n|-damage|p2a: Hatterene|8\/100\n|\n|t:|1696482996\n|switch|p1b: Zarude|Zarude|100\/100|[from] U-turn\n|move|p2a: Hatterene|Skill Swap|p1a: Shuckle\n|-activate|p2a: Hatterene|move: Skill Swap|Magic Bounce|Pressure|[of] p1a: Shuckle\n|-ability|p1a: Shuckle|Pressure\n|move|p1a: Shuckle|Body Press|p2a: Hatterene\n|-resisted|p2a: Hatterene\n|-damage|p2a: Hatterene|0 fnt\n|faint|p2a: Hatterene\n|move|p2b: Shuckle|Shell Smash|p2b: Shuckle\n|-boost|p2b: Shuckle|def|1\n|-boost|p2b: Shuckle|spd|1\n|-unboost|p2b: Shuckle|atk|0\n|-unboost|p2b: Shuckle|spa|0\n|-unboost|p2b: Shuckle|spe|0\n|\n|upkeep\n|\n|t:|1696483007\n|switch|p2a: Corviknight|Corviknight, M|100\/100\n|-ability|p2a: Corviknight|Pressure\n|turn|10\n|inactive|YouAreDeadProllu has 90 seconds left.\n|\n|t:|1696483036\n|move|p1b: Zarude|Darkest Lariat|p2b: Shuckle\n|-damage|p2b: Shuckle|74\/100\n|move|p2a: Corviknight|Body Press|p1b: Zarude\n|-supereffective|p1b: Zarude\n|-damage|p1b: Zarude|53\/100\n|move|p1a: Shuckle|Body Press|p2a: Corviknight\n|-damage|p2a: Corviknight|46\/100\n|move|p2b: Shuckle|Mimic|p2a: Corviknight\n|-start|p2b: Shuckle|Mimic|Body Press\n|\n|-heal|p2a: Corviknight|52\/100|[from] item: Leftovers\n|upkeep\n|turn|11\n|inactive|YouAreDeadProllu has 90 seconds left.\n|\n|t:|1696483058\n|switch|p2a: Zarude|Zarude|100\/100\n|-terastallize|p2b: Shuckle|Fighting\n|move|p1b: Zarude|Jungle Healing|p1b: Zarude|[spread] p1a,p1b\n|-heal|p1b: Zarude|78\/100\n|move|p1a: Shuckle|Shell Smash|p1a: Shuckle\n|-unboost|p1a: Shuckle|def|1\n|-unboost|p1a: Shuckle|spd|1\n|-boost|p1a: Shuckle|atk|2\n|-boost|p1a: Shuckle|spa|2\n|-boost|p1a: Shuckle|spe|2\n|move|p2b: Shuckle|Body Press|p1b: Zarude\n|-supereffective|p1b: Zarude\n|-damage|p1b: Zarude|0 fnt\n|faint|p1b: Zarude\n|\n|upkeep\n|\n|t:|1696483078\n|switch|p1b: Greninja|Greninja, M|100\/100\n|turn|12\n|inactive|YouAreDeadProllu has 90 seconds left.\n|\n|t:|1696483093\n|move|p1b: Greninja|Ice Beam|p2b: Shuckle\n|-start|p1b: Greninja|typechange|Ice|[from] ability: Protean\n|-damage|p2b: Shuckle|63\/100\n|move|p2a: Zarude|Jungle Healing|p2a: Zarude|[spread] p2a,p2b\n|-heal|p2b: Shuckle|88\/100\n|move|p1a: Shuckle|Body Press|p2b: Shuckle\n|-damage|p2b: Shuckle|78\/100\n|move|p2b: Shuckle|Body Press|p1b: Greninja\n|-supereffective|p1b: Greninja\n|-damage|p1b: Greninja|0 fnt\n|faint|p1b: Greninja\n|\n|upkeep\n|inactive|YouAreDeadProllu has 90 seconds left.\n|\n|t:|1696483112\n|switch|p1b: Cresselia|Cresselia, F|100\/100\n|turn|13\n|inactive|YouAreDeadProllu has 90 seconds left.\n|\n|t:|1696483140\n|move|p1b: Cresselia|Protect|p1b: Cresselia\n|-singleturn|p1b: Cresselia|Protect\n|move|p2a: Zarude|Darkest Lariat|p1b: Cresselia\n|-activate|p1b: Cresselia|move: Protect\n|move|p1a: Shuckle|Body Press|p2b: Shuckle\n|-damage|p2b: Shuckle|69\/100\n|move|p2b: Shuckle|Substitute|p2b: Shuckle\n|-start|p2b: Shuckle|Substitute\n|-damage|p2b: Shuckle|44\/100\n|\n|upkeep\n|turn|14\n|inactive|YouAreDeadProllu has 90 seconds left.\n|\n|t:|1696483170\n|move|p2a: Zarude|Jungle Healing|p2a: Zarude|[spread] p2a,p2b\n|-heal|p2b: Shuckle|69\/100\n|move|p1b: Cresselia|Future Sight|p2b: Shuckle\n|-start|p1b: Cresselia|move: Future Sight\n|move|p1a: Shuckle|Rest|p1a: Shuckle\n|-fail|p1a: Shuckle|heal\n|move|p2b: Shuckle|Body Press|p1b: Cresselia\n|-resisted|p1b: Cresselia\n|-damage|p1b: Cresselia|23\/100\n|\n|-heal|p1b: Cresselia|29\/100|[from] item: Leftovers\n|upkeep\n|turn|15\n|inactive|YouAreDeadProllu has 90 seconds left.\n|\n|t:|1696483193\n|move|p1b: Cresselia|Ally Switch|p1b: Cresselia\n|swap|p1b: Cresselia|0|[from] move: Ally Switch\n|move|p2a: Zarude|Jungle Healing|p2a: Zarude|[spread] p2a,p2b\n|-heal|p2b: Shuckle|94\/100\n|move|p1b: Shuckle|Body Press|p2a: Zarude\n|-supereffective|p2a: Zarude\n|-damage|p2a: Zarude|0 fnt\n|faint|p2a: Zarude\n|move|p2b: Shuckle|Body Press|p1b: Shuckle\n|-end|p1b: Shuckle|Substitute\n|\n|-heal|p1a: Cresselia|35\/100|[from] item: Leftovers\n|upkeep\n|\n|t:|1696483208\n|switch|p2a: Greninja|Greninja, M|100\/100\n|turn|16\n|\n|t:|1696483217\n|move|p1a: Cresselia|Ally Switch||[still]\n|-fail|p1a: Cresselia\n|move|p2a: Greninja|Water Shuriken|p1b: Shuckle\n|-start|p2a: Greninja|typechange|Water|[from] ability: Protean\n|-supereffective|p1b: Shuckle\n|-damage|p1b: Shuckle|92\/100\n|-supereffective|p1b: Shuckle\n|-damage|p1b: Shuckle|82\/100\n|-supereffective|p1b: Shuckle\n|-damage|p1b: Shuckle|73\/100\n|-hitcount|p1b: Shuckle|3\n|move|p1b: Shuckle|Substitute|p1b: Shuckle\n|-start|p1b: Shuckle|Substitute\n|-damage|p1b: Shuckle|48\/100\n|move|p2b: Shuckle|Body Press|p1a: Cresselia\n|-resisted|p1a: Cresselia\n|-damage|p1a: Cresselia|0 fnt\n|faint|p1a: Cresselia\n|\n|-end|p2b: Shuckle|move: Future Sight\n|-supereffective|p2b: Shuckle\n|-activate|p2b: Shuckle|move: Substitute|[damage]\n|upkeep\n|inactive|YouAreDeadProllu has 90 seconds left.\n|\n|t:|1696483240\n|switch|p1a: Hatterene|Hatterene, F|48\/100\n|turn|17\n|\n|t:|1696483262\n|move|p2a: Greninja|Water Shuriken|p1b: Shuckle\n|-supereffective|p1b: Shuckle\n|-activate|p1b: Shuckle|move: Substitute|[damage]\n|-supereffective|p1b: Shuckle\n|-activate|p1b: Shuckle|move: Substitute|[damage]\n|-supereffective|p1b: Shuckle\n|-end|p1b: Shuckle|Substitute\n|-hitcount|p1b: Shuckle|3\n|move|p1b: Shuckle|Body Press|p2a: Greninja\n|-damage|p2a: Greninja|0 fnt\n|faint|p2a: Greninja\n|move|p2b: Shuckle|Body Press|p1a: Hatterene\n|-resisted|p1a: Hatterene\n|-damage|p1a: Hatterene|0 fnt\n|faint|p1a: Hatterene\n|\n|upkeep\n|\n|t:|1696483278\n|switch|p2a: Cresselia|Cresselia, F|100\/100\n|switch|p1a: Corviknight|Corviknight, M|91\/100\n|-ability|p1a: Corviknight|Pressure\n|turn|18\n|inactive|YouAreDeadProllu has 120 seconds left.\n|\n|t:|1696483301\n|move|p2a: Cresselia|Future Sight|p1b: Shuckle\n|-start|p2a: Cresselia|move: Future Sight\n|move|p1a: Corviknight|Body Press|p2a: Cresselia\n|-resisted|p2a: Cresselia\n|-damage|p2a: Cresselia|93\/100\n|move|p1b: Shuckle|Body Press|p2b: Shuckle\n|-crit|p2b: Shuckle\n|-end|p2b: Shuckle|Substitute\n|move|p2b: Shuckle|Body Press|p1a: Corviknight\n|-damage|p1a: Corviknight|0 fnt\n|faint|p1a: Corviknight\n|\n|-heal|p2a: Cresselia|99\/100|[from] item: Leftovers\n|upkeep\n|turn|19\n|inactive|YouAreDeadProllu has 120 seconds left.\n|\n|t:|1696483322\n|-terastallize|p1b: Shuckle|Fighting\n|move|p2a: Cresselia|Protect|p2a: Cresselia\n|-singleturn|p2a: Cresselia|Protect\n|move|p1b: Shuckle|Substitute|p1b: Shuckle\n|-start|p1b: Shuckle|Substitute\n|-damage|p1b: Shuckle|23\/100\n|move|p2b: Shuckle|Rest|p2b: Shuckle\n|-status|p2b: Shuckle|slp|[from] move: Rest\n|-heal|p2b: Shuckle|100\/100 slp|[silent]\n|\n|-heal|p2a: Cresselia|100\/100|[from] item: Leftovers\n|upkeep\n|turn|20\n|\n|t:|1696483340\n|move|p2a: Cresselia|Ally Switch||[still]\n|-fail|p2a: Cresselia\n|move|p1b: Shuckle|Body Press|p2b: Shuckle\n|-damage|p2b: Shuckle|85\/100 slp\n|cant|p2b: Shuckle|slp\n|\n|-end|p1b: Shuckle|move: Future Sight\n|-supereffective|p1b: Shuckle\n|-end|p1b: Shuckle|Substitute\n|upkeep\n|turn|21\n|\n|t:|1696483353\n|move|p2a: Cresselia|Future Sight|p1b: Shuckle\n|-start|p2a: Cresselia|move: Future Sight\n|move|p1b: Shuckle|Rest|p1b: Shuckle\n|-status|p1b: Shuckle|slp|[from] move: Rest\n|-heal|p1b: Shuckle|100\/100 slp|[silent]\n|cant|p2b: Shuckle|slp\n|\n|upkeep\n|turn|22\n|\n|t:|1696483366\n|move|p2a: Cresselia|Protect|p2a: Cresselia\n|-singleturn|p2a: Cresselia|Protect\n|cant|p1b: Shuckle|slp\n|-curestatus|p2b: Shuckle|slp|[msg]\n|move|p2b: Shuckle|Body Press|p1b: Shuckle\n|-damage|p1b: Shuckle|0 fnt\n|faint|p1b: Shuckle\n|\n|win|sojukirin\n|raw|YouAreDeadProllu's rating: 1000 &rarr; <strong>1000<\/strong><br \/>(+0 for losing)\n|raw|sojukirin's rating: 1029 &rarr; <strong>1062<\/strong><br \/>(+33 for winning)\n|l|\u2606YouAreDeadProllu\n|l|\u2606sojukirin\n|j|\u2606sojukirin\n|player|p2|sojukirin|parasollady\n","uploadtime":1696483435,"views":10,"p1id":"youaredeadprollu","p2id":"sojukirin","formatid":"gen9nationaldexdoubles","rating":1000,"private":0,"password":""}