{"id":"gen9nationaldexdoubles-1964624916","p1":"Slowbro5604","p2":"Sc4rletQu33n","format":"[Gen 9] National Dex Doubles","log":"|j|\u2606Slowbro5604\n|j|\u2606Sc4rletQu33n\n|t:|1696987031\n|gametype|doubles\n|player|p1|Slowbro5604|169|1055\n|player|p2|Sc4rletQu33n|cynthia-gen4|1144\n|teamsize|p1|6\n|teamsize|p2|6\n|gen|9\n|tier|[Gen 9] National Dex Doubles\n|rated|\n|rule|HP Percentage Mod: HP is shown in percentages\n|rule|Endless Battle Clause: Forcing endless battles is banned\n|rule|OHKO Clause: OHKO moves are banned\n|rule|Evasion Moves Clause: Evasion moves are banned\n|rule|Evasion Abilities Clause: Evasion abilities are banned\n|rule|Species Clause: Limit one of each Pok\u00e9mon\n|rule|Gravity Sleep Clause: The combination of sleep-inducing moves with imperfect accuracy and Gravity or Gigantamax Orbeetle are banned\n|clearpoke\n|poke|p1|Pelipper, M|\n|poke|p1|Iron Bundle|\n|poke|p1|Ogerpon-Wellspring, F|\n|poke|p1|Kingambit, M|\n|poke|p1|Walking Wake|\n|poke|p1|Gholdengo|\n|poke|p2|Medicham, F|\n|poke|p2|Regigigas|\n|poke|p2|Landorus-Therian, M|\n|poke|p2|Venusaur, F|\n|poke|p2|Incineroar, F|\n|poke|p2|Basculegion-F, F|\n|teampreview\n|inactive|Battle timer is ON: inactive players will automatically lose when time's up. (requested by Slowbro5604)\n|\n|t:|1696987062\n|start\n|switch|p1a: Pelipper|Pelipper, M|100\/100\n|switch|p1b: Ogerpon|Ogerpon-Wellspring, F|100\/100\n|switch|p2a: Medicham|Medicham, F|100\/100\n|switch|p2b: Regigigas|Regigigas|100\/100\n|-start|p2b: Regigigas|ability: Slow Start\n|-weather|RainDance|[from] ability: Drizzle|[of] p1a: Pelipper\n|turn|1\n|\n|t:|1696987074\n|-terastallize|p2b: Regigigas|Normal\n|move|p1b: Ogerpon|Spiky Shield|p1b: Ogerpon\n|-singleturn|p1b: Ogerpon|move: Protect\n|move|p2a: Medicham|Skill Swap|p2b: Regigigas\n|-activate|p2a: Medicham|move: Skill Swap|||[of] p2b: Regigigas\n|-end|p2b: Regigigas|Slow Start|[silent]\n|-start|p2a: Medicham|ability: Slow Start\n|move|p2b: Regigigas|Return|p1b: Ogerpon\n|-activate|p1b: Ogerpon|move: Protect\n|-damage|p2b: Regigigas|88\/100|[from] Spiky Shield|[of] p1b: Ogerpon\n|move|p1a: Pelipper|Hurricane|p2a: Medicham\n|-supereffective|p2a: Medicham\n|-enditem|p2a: Medicham|Focus Sash\n|-damage|p2a: Medicham|1\/100\n|\n|-weather|RainDance|[upkeep]\n|upkeep\n|turn|2\n|inactive|Slowbro5604 has 120 seconds left.\n|\n|t:|1696987105\n|move|p2a: Medicham|Bullet Punch|p1a: Pelipper\n|-resisted|p1a: Pelipper\n|-damage|p1a: Pelipper|98\/100\n|move|p1b: Ogerpon|Ivy Cudgel|p2b: Regigigas\n|-damage|p2b: Regigigas|6\/100\n|move|p2b: Regigigas|Return|p1b: Ogerpon\n|-damage|p1b: Ogerpon|0 fnt\n|faint|p1b: Ogerpon\n|move|p1a: Pelipper|Surf|p2b: Regigigas|[spread] p2a,p2b\n|-damage|p2a: Medicham|0 fnt\n|-damage|p2b: Regigigas|0 fnt\n|faint|p2a: Medicham\n|-end|p2a: Medicham|Slow Start|[silent]\n|faint|p2b: Regigigas\n|\n|-weather|RainDance|[upkeep]\n|upkeep\n|\n|t:|1696987119\n|switch|p1b: Walking Wake|Walking Wake|100\/100\n|switch|p2b: Basculegion|Basculegion-F, F|100\/100\n|switch|p2a: Landorus|Landorus-Therian, M|100\/100\n|-ability|p2a: Landorus|Intimidate|boost\n|-unboost|p1a: Pelipper|atk|1\n|-unboost|p1b: Walking Wake|atk|1\n|-enditem|p1b: Walking Wake|Booster Energy\n|-activate|p1b: Walking Wake|ability: Protosynthesis|[fromitem]\n|-start|p1b: Walking Wake|protosynthesisspe\n|turn|3\n|\n|t:|1696987139\n|move|p1b: Walking Wake|Draco Meteor|p2b: Basculegion\n|-damage|p2b: Basculegion|23\/100\n|-unboost|p1b: Walking Wake|spa|2\n|move|p2b: Basculegion|Ice Fang|p1b: Walking Wake\n|-damage|p1b: Walking Wake|81\/100\n|move|p2a: Landorus|Knock Off|p1a: Pelipper\n|-damage|p1a: Pelipper|58\/100\n|-enditem|p1a: Pelipper|Damp Rock|[from] move: Knock Off|[of] p2a: Landorus\n|move|p1a: Pelipper|Ice Beam|p2a: Landorus\n|-supereffective|p2a: Landorus\n|-damage|p2a: Landorus|17\/100\n|\n|-weather|RainDance|[upkeep]\n|-heal|p2a: Landorus|23\/100|[from] item: Leftovers\n|upkeep\n|turn|4\n|\n|t:|1696987162\n|move|p1b: Walking Wake|Hurricane|p2b: Basculegion\n|-damage|p2b: Basculegion|4\/100\n|move|p2b: Basculegion|Ice Fang|p1b: Walking Wake\n|-damage|p1b: Walking Wake|62\/100\n|move|p2a: Landorus|U-turn|p1b: Walking Wake\n|-damage|p1b: Walking Wake|30\/100\n|\n|t:|1696987165\n|switch|p2a: Venusaur|Venusaur, F|100\/100|[from] U-turn\n|move|p1a: Pelipper|Ice Beam|p2a: Venusaur\n|-supereffective|p2a: Venusaur\n|-damage|p2a: Venusaur|58\/100\n|\n|-weather|RainDance|[upkeep]\n|upkeep\n|turn|5\n|\n|t:|1696987182\n|detailschange|p2a: Venusaur|Venusaur-Mega, F\n|-mega|p2a: Venusaur|Venusaur|Venusaurite\n|move|p1b: Walking Wake|Flip Turn|p2b: Basculegion\n|-resisted|p2b: Basculegion\n|-damage|p2b: Basculegion|0 fnt\n|faint|p2b: Basculegion\n|\n|t:|1696987195\n|-end|p1b: Walking Wake|Protosynthesis|[silent]\n|switch|p1b: Iron Bundle|Iron Bundle|100\/100|[from] Flip Turn\n|move|p2a: Venusaur|Sludge Bomb|p1a: Pelipper\n|-damage|p1a: Pelipper|9\/100\n|-status|p1a: Pelipper|psn\n|move|p1a: Pelipper|Hurricane|p2a: Venusaur\n|-supereffective|p2a: Venusaur\n|-damage|p2a: Venusaur|0 fnt\n|faint|p2a: Venusaur\n|\n|-weather|RainDance|[upkeep]\n|-damage|p1a: Pelipper|0 fnt|[from] psn\n|faint|p1a: Pelipper\n|upkeep\n|\n|t:|1696987209\n|switch|p2a: Incineroar|Incineroar, F|100\/100\n|switch|p2b: Landorus|Landorus-Therian, M|23\/100\n|switch|p1a: Walking Wake|Walking Wake|30\/100\n|-ability|p2b: Landorus|Intimidate|boost\n|-unboost|p1a: Walking Wake|atk|1\n|-unboost|p1b: Iron Bundle|atk|1\n|-ability|p2a: Incineroar|Intimidate|boost\n|-unboost|p1a: Walking Wake|atk|1\n|-unboost|p1b: Iron Bundle|atk|1\n|turn|6\n|\n|t:|1696987229\n|move|p1b: Iron Bundle|Freeze-Dry|p2b: Landorus\n|-supereffective|p2b: Landorus\n|-damage|p2b: Landorus|0 fnt\n|faint|p2b: Landorus\n|move|p1a: Walking Wake|Hydro Steam|p2a: Incineroar\n|-supereffective|p2a: Incineroar\n|-damage|p2a: Incineroar|0 fnt\n|faint|p2a: Incineroar\n|\n|win|Slowbro5604\n|raw|Slowbro5604's rating: 1055 &rarr; <strong>1095<\/strong><br \/>(+40 for winning)\n|raw|Sc4rletQu33n's rating: 1144 &rarr; <strong>1113<\/strong><br \/>(-31 for losing)\n","uploadtime":1696987233,"views":5,"p1id":"slowbro5604","p2id":"sc4rletqu33n","formatid":"gen9nationaldexdoubles","rating":1095,"private":0,"password":""}