{"id":"gen9nationaldexdoubles-1994526975","p1":"Shiny_Hero64","p2":"Dylanpika99","format":"[Gen 9] National Dex Doubles","log":"|j|\u2606Shiny_Hero64\n|j|\u2606Dylanpika99\n|t:|1700454794\n|gametype|doubles\n|player|p1|Shiny_Hero64|n-masters3|\n|player|p2|Dylanpika99|1|\n|teamsize|p1|6\n|teamsize|p2|6\n|gen|9\n|tier|[Gen 9] National Dex Doubles\n|rule|HP Percentage Mod: HP is shown in percentages\n|rule|Endless Battle Clause: Forcing endless battles is banned\n|rule|OHKO Clause: OHKO moves are banned\n|rule|Evasion Moves Clause: Evasion moves are banned\n|rule|Evasion Abilities Clause: Evasion abilities are banned\n|rule|Species Clause: Limit one of each Pok\u00e9mon\n|rule|Gravity Sleep Clause: The combination of sleep-inducing moves with imperfect accuracy and Gravity or Gigantamax Orbeetle are banned\n|clearpoke\n|poke|p1|Farigiraf, M|\n|poke|p1|Ursaluna, M|\n|poke|p1|Camerupt, F|\n|poke|p1|Hatterene, F|\n|poke|p1|Iron Hands|\n|poke|p1|Enamorus-Therian, F|\n|poke|p2|Ogerpon-Cornerstone, F|\n|poke|p2|Sinistcha-Masterpiece|\n|poke|p2|Incineroar, F|\n|poke|p2|Salamence, M|\n|poke|p2|Tapu Fini|\n|poke|p2|Jirachi|\n|teampreview\n|c|\u2606Dylanpika99|glhf\n|c|\u2606Shiny_Hero64|You too\n|\n|t:|1700454835\n|start\n|switch|p1a: Normal neck|Farigiraf, M|100\/100\n|switch|p1b: Azzoe|Hatterene, F, shiny|100\/100\n|switch|p2a: Tapu Fini|Tapu Fini|100\/100\n|switch|p2b: Sinistcha|Sinistcha-Masterpiece|100\/100\n|-fieldstart|move: Misty Terrain|[from] ability: Misty Surge|[of] p2a: Tapu Fini\n|turn|1\n|\n|t:|1700454845\n|move|p2a: Tapu Fini|Calm Mind|p2a: Tapu Fini\n|-boost|p2a: Tapu Fini|spa|1\n|-boost|p2a: Tapu Fini|spd|1\n|move|p2b: Sinistcha|Imprison|p2b: Sinistcha\n|-start|p2b: Sinistcha|move: Imprison\n|-zpower|p1b: Azzoe\n|move|p1b: Azzoe|Twinkle Tackle|p2b: Sinistcha|[zeffect]\n|-damage|p2b: Sinistcha|0 fnt\n|faint|p2b: Sinistcha\n|move|p1a: Normal neck|Trick Room|p1a: Normal neck\n|-fieldstart|move: Trick Room|[of] p1a: Normal neck\n|\n|upkeep\n|c|\u2606Shiny_Hero64|I came prepared this time\n|c|\u2606Dylanpika99|wait that one shots\n|c|\u2606Dylanpika99|holy\n|c|\u2606Dylanpika99|wp\n|\n|t:|1700454882\n|switch|p2b: Jirachi|Jirachi|100\/100\n|turn|2\n|\n|t:|1700454902\n|move|p1a: Normal neck|Helping Hand|p1b: Azzoe\n|-singleturn|p1b: Azzoe|Helping Hand|[of] p1a: Normal neck\n|move|p1b: Azzoe|Misty Explosion|p2b: Jirachi|[spread] p1a,p2a,p2b\n|-resisted|p2b: Jirachi\n|-enditem|p1a: Normal neck|Focus Sash\n|-damage|p1a: Normal neck|1\/100\n|-damage|p2a: Tapu Fini|51\/100\n|-damage|p2b: Jirachi|54\/100\n|faint|p1b: Azzoe\n|move|p2a: Tapu Fini|Calm Mind|p2a: Tapu Fini\n|-boost|p2a: Tapu Fini|spa|1\n|-boost|p2a: Tapu Fini|spd|1\n|move|p2b: Jirachi|Iron Head|p1a: Normal neck\n|-damage|p1a: Normal neck|0 fnt\n|faint|p1a: Normal neck\n|\n|upkeep\n|\n|t:|1700454915\n|switch|p1b: Camerupt|Camerupt, F|100\/100\n|switch|p1a: B E A R|Ursaluna, M|100\/100\n|turn|3\n|\n|t:|1700454944\n|switch|p2b: Incineroar|Incineroar, F|100\/100\n|-ability|p2b: Incineroar|Intimidate|boost\n|-unboost|p1a: B E A R|atk|1\n|-unboost|p1b: Camerupt|atk|1\n|detailschange|p1b: Camerupt|Camerupt-Mega, F\n|-mega|p1b: Camerupt|Camerupt|Cameruptite\n|move|p1b: Camerupt|Earth Power|p2b: Incineroar\n|-supereffective|p2b: Incineroar\n|-damage|p2b: Incineroar|10\/100\n|move|p1a: B E A R|Headlong Rush|p2a: Tapu Fini\n|-damage|p2a: Tapu Fini|11\/100\n|-unboost|p1a: B E A R|def|1\n|-unboost|p1a: B E A R|spd|1\n|-zpower|p2a: Tapu Fini\n|move|p2a: Tapu Fini|Hydro Vortex|p1b: Camerupt|[zeffect]\n|-supereffective|p1b: Camerupt\n|-damage|p1b: Camerupt|0 fnt\n|faint|p1b: Camerupt\n|\n|upkeep\n|\n|t:|1700454958\n|switch|p1b: Enamorus|Enamorus-Therian, F|100\/100\n|turn|4\n|\n|t:|1700454996\n|switch|p2b: Jirachi|Jirachi|54\/100\n|move|p1b: Enamorus|Springtide Storm|p2b: Jirachi|[spread] p2a,p2b\n|-resisted|p2b: Jirachi\n|-damage|p2a: Tapu Fini|0 fnt\n|-damage|p2b: Jirachi|30\/100\n|-unboost|p2b: Jirachi|atk|1\n|-enditem|p2b: Jirachi|Sitrus Berry|[eat]\n|-heal|p2b: Jirachi|55\/100|[from] item: Sitrus Berry\n|faint|p2a: Tapu Fini\n|move|p1a: B E A R|Earthquake|p2b: Jirachi|[spread] p2b\n|-immune|p1b: Enamorus\n|-supereffective|p2b: Jirachi\n|-damage|p2b: Jirachi|0 fnt\n|faint|p2b: Jirachi\n|\n|upkeep\n|\n|t:|1700455014\n|switch|p2a: Incineroar|Incineroar, F|10\/100\n|switch|p2b: her|Ogerpon-Cornerstone, F|100\/100\n|-ability|p2a: Incineroar|Intimidate|boost\n|-unboost|p1a: B E A R|atk|1\n|-unboost|p1b: Enamorus|atk|1\n|turn|5\n|\n|t:|1700455036\n|-terastallize|p1b: Enamorus|Fairy\n|-terastallize|p2b: her|Rock\n|detailschange|p2b: her|Ogerpon-Cornerstone-Tera, F, tera:Rock\n|-ability|p2b: her|Embody Aspect (Cornerstone)|boost\n|-boost|p2b: her|def|1\n|move|p1a: B E A R|Protect|p1a: B E A R\n|-singleturn|p1a: B E A R|Protect\n|move|p2a: Incineroar|Fake Out|p1b: Enamorus\n|-damage|p1b: Enamorus|91\/100\n|cant|p1b: Enamorus|flinch\n|move|p2b: her|Ivy Cudgel|p1a: B E A R|[anim] Ivy Cudgel Rock\n|-activate|p1a: B E A R|move: Protect\n|\n|-fieldend|move: Trick Room\n|-fieldend|Misty Terrain\n|-status|p1a: B E A R|brn|[from] item: Flame Orb\n|upkeep\n|turn|6\n|\n|t:|1700455068\n|move|p2b: her|Ivy Cudgel|p1b: Enamorus|[anim] Ivy Cudgel Rock\n|-damage|p1b: Enamorus|18\/100\n|move|p2a: Incineroar|Flare Blitz|p1b: Enamorus\n|-damage|p1b: Enamorus|0 fnt\n|faint|p1b: Enamorus\n|-damage|p2a: Incineroar|5\/100|[from] Recoil\n|move|p1a: B E A R|Earthquake|p2a: Incineroar|[spread] p2a,p2b\n|-supereffective|p2a: Incineroar\n|-supereffective|p2b: her\n|-damage|p2a: Incineroar|0 fnt\n|-damage|p2b: her|37\/100\n|faint|p2a: Incineroar\n|\n|-damage|p1a: B E A R|94\/100 brn|[from] brn\n|upkeep\n|\n|t:|1700455076\n|switch|p2a: Salamence|Salamence, M|100\/100\n|switch|p1b: Iron Hands|Iron Hands|100\/100\n|-ability|p2a: Salamence|Intimidate|boost\n|-unboost|p1a: B E A R|atk|1\n|-unboost|p1b: Iron Hands|atk|1\n|-enditem|p1b: Iron Hands|Booster Energy\n|-activate|p1b: Iron Hands|ability: Quark Drive|[fromitem]\n|-start|p1b: Iron Hands|quarkdriveatk\n|turn|7\n|\n|t:|1700455115\n|detailschange|p2a: Salamence|Salamence-Mega, M\n|-mega|p2a: Salamence|Salamence|Salamencite\n|move|p2b: her|Spiky Shield|p2b: her\n|-singleturn|p2b: her|move: Protect\n|move|p1b: Iron Hands|Fake Out|p2a: Salamence\n|-damage|p2a: Salamence|88\/100\n|cant|p2a: Salamence|flinch\n|move|p1a: B E A R|Headlong Rush|p2b: her\n|-activate|p2b: her|move: Protect\n|-damage|p1a: B E A R|82\/100 brn|[from] Spiky Shield|[of] p2b: her\n|\n|-damage|p1a: B E A R|76\/100 brn|[from] brn\n|upkeep\n|turn|8\n|\n|t:|1700455128\n|move|p1a: B E A R|Protect|p1a: B E A R\n|-singleturn|p1a: B E A R|Protect\n|move|p2b: her|Ivy Cudgel|p1b: Iron Hands|[anim] Ivy Cudgel Rock\n|-resisted|p1b: Iron Hands\n|-damage|p1b: Iron Hands|74\/100\n|move|p2a: Salamence|Return|p1a: B E A R\n|-activate|p1a: B E A R|move: Protect\n|move|p1b: Iron Hands|Ice Punch|p2a: Salamence\n|-supereffective|p2a: Salamence\n|-damage|p2a: Salamence|6\/100\n|\n|-damage|p1a: B E A R|70\/100 brn|[from] brn\n|upkeep\n|turn|9\n|\n|t:|1700455147\n|move|p2b: her|Ivy Cudgel|p1a: B E A R|[anim] Ivy Cudgel Rock\n|-resisted|p1a: B E A R\n|-damage|p1a: B E A R|30\/100 brn\n|move|p2a: Salamence|Return|p1b: Iron Hands\n|-damage|p1b: Iron Hands|24\/100\n|move|p1a: B E A R|Headlong Rush|p2b: her\n|-supereffective|p2b: her\n|-crit|p2b: her\n|-damage|p2b: her|0 fnt\n|-unboost|p1a: B E A R|def|1\n|-unboost|p1a: B E A R|spd|1\n|faint|p2b: her\n|move|p1b: Iron Hands|Ice Punch|p2a: Salamence\n|-supereffective|p2a: Salamence\n|-crit|p2a: Salamence\n|-damage|p2a: Salamence|0 fnt\n|faint|p2a: Salamence\n|\n|win|Shiny_Hero64\n|c|\u2606Dylanpika99|wiat i threw\n|c|\u2606Dylanpika99|gg\n|c|\u2606Shiny_Hero64|Yea you did\n|c|\u2606Shiny_Hero64|You also get the replays\n|c|\u2606Shiny_Hero64|Mobile showdown is ass\n|c|\u2606Dylanpika99|sure\n","uploadtime":1700455166,"views":3,"p1id":"shinyhero64","p2id":"dylanpika99","formatid":"gen9nationaldexdoubles","rating":0,"private":0,"password":""}