{"id":"gen9nationaldexdoubles-1948585026","p1":"Mmiirrzzaa","p2":"Arkrabbe","format":"[Gen 9] National Dex Doubles","log":"|j|\u2606Mmiirrzzaa\n|j|\u2606Arkrabbe\n|t:|1695278056\n|gametype|doubles\n|player|p1|Mmiirrzzaa|101|1500\n|player|p2|Arkrabbe|wallace|1261\n|teamsize|p1|6\n|teamsize|p2|6\n|gen|9\n|tier|[Gen 9] National Dex Doubles\n|rated|\n|rule|HP Percentage Mod: HP is shown in percentages\n|rule|Endless Battle Clause: Forcing endless battles is banned\n|rule|OHKO Clause: OHKO moves are banned\n|rule|Evasion Moves Clause: Evasion moves are banned\n|rule|Evasion Abilities Clause: Evasion abilities are banned\n|rule|Species Clause: Limit one of each Pok\u00e9mon\n|rule|Gravity Sleep Clause: The combination of sleep-inducing moves with imperfect accuracy and Gravity or Gigantamax Orbeetle are banned\n|clearpoke\n|poke|p1|Volcarona, M|\n|poke|p1|Smeargle, M|\n|poke|p1|Tapu Lele|\n|poke|p1|Tapu Fini|\n|poke|p1|Suicune|\n|poke|p1|Chien-Pao|\n|poke|p2|Jolteon, M|\n|poke|p2|Chien-Pao|\n|poke|p2|Charizard, F|\n|poke|p2|Azumarill, F|\n|poke|p2|Gallade, M|\n|poke|p2|Heatran, F|\n|teampreview\n|inactive|Battle timer is ON: inactive players will automatically lose when time's up. (requested by Mmiirrzzaa)\n|\n|t:|1695278073\n|start\n|switch|p1a: Miami Terror|Volcarona, M|100\/100\n|switch|p1b: Bobby Lee|Smeargle, M|100\/100\n|switch|p2a: Charizard|Charizard, F|100\/100\n|switch|p2b: Gallade|Gallade, M|100\/100\n|turn|1\n|\n|t:|1695278088\n|detailschange|p2a: Charizard|Charizard-Mega-Y, F\n|-mega|p2a: Charizard|Charizard|Charizardite Y\n|-weather|SunnyDay|[from] ability: Drought|[of] p2a: Charizard\n|move|p1b: Bobby Lee|King's Shield|p1b: Bobby Lee\n|-singleturn|p1b: Bobby Lee|Protect\n|move|p1a: Miami Terror|Protect|p1a: Miami Terror\n|-singleturn|p1a: Miami Terror|Protect\n|move|p2a: Charizard|Ancient Power|p1a: Miami Terror\n|-activate|p1a: Miami Terror|move: Protect\n|move|p2b: Gallade|Solar Blade||[still]\n|-prepare|p2b: Gallade|Solar Blade\n|-anim|p2b: Gallade|Solar Blade|p1b: Bobby Lee\n|-activate|p1b: Bobby Lee|move: Protect\n|-unboost|p2b: Gallade|atk|1\n|\n|-weather|SunnyDay|[upkeep]\n|-ability|p1b: Bobby Lee|Moody|boost\n|-boost|p1b: Bobby Lee|spe|2\n|-unboost|p1b: Bobby Lee|spa|1\n|upkeep\n|turn|2\n|\n|t:|1695278109\n|move|p1b: Bobby Lee|Spore|p2a: Charizard\n|-status|p2a: Charizard|slp|[from] move: Spore\n|cant|p2a: Charizard|slp\n|move|p1a: Miami Terror|Quiver Dance|p1a: Miami Terror\n|-boost|p1a: Miami Terror|spa|1\n|-boost|p1a: Miami Terror|spd|1\n|-boost|p1a: Miami Terror|spe|1\n|move|p2b: Gallade|Solar Blade||[still]\n|-prepare|p2b: Gallade|Solar Blade\n|-anim|p2b: Gallade|Solar Blade|p1b: Bobby Lee\n|-enditem|p1b: Bobby Lee|Focus Sash\n|-damage|p1b: Bobby Lee|1\/100\n|-damage|p2b: Gallade|91\/100|[from] item: Life Orb\n|\n|-weather|SunnyDay|[upkeep]\n|-ability|p1b: Bobby Lee|Moody|boost\n|-boost|p1b: Bobby Lee|spa|2\n|-unboost|p1b: Bobby Lee|spd|1\n|upkeep\n|turn|3\n|inactive|Arkrabbe has 120 seconds left.\n|\n|t:|1695278146\n|move|p2b: Gallade|Protect|p2b: Gallade\n|-singleturn|p2b: Gallade|Protect\n|move|p1b: Bobby Lee|Spore|p2b: Gallade\n|-activate|p2b: Gallade|move: Protect\n|move|p1a: Miami Terror|Quiver Dance|p1a: Miami Terror\n|-boost|p1a: Miami Terror|spa|1\n|-boost|p1a: Miami Terror|spd|1\n|-boost|p1a: Miami Terror|spe|1\n|cant|p2a: Charizard|slp\n|\n|-weather|SunnyDay|[upkeep]\n|-ability|p1b: Bobby Lee|Moody|boost\n|-boost|p1b: Bobby Lee|spd|2\n|-unboost|p1b: Bobby Lee|spa|1\n|upkeep\n|turn|4\n|inactive|Arkrabbe has 120 seconds left.\n|\n|t:|1695278173\n|move|p1b: Bobby Lee|Spore|p2b: Gallade\n|-status|p2b: Gallade|slp|[from] move: Spore\n|move|p1a: Miami Terror|Heat Wave|p2a: Charizard|[spread] p2a,p2b\n|-resisted|p2a: Charizard\n|-damage|p2a: Charizard|56\/100 slp\n|-damage|p2b: Gallade|0 fnt\n|faint|p2b: Gallade\n|cant|p2a: Charizard|slp\n|\n|-weather|SunnyDay|[upkeep]\n|-ability|p1b: Bobby Lee|Moody|boost\n|-boost|p1b: Bobby Lee|spe|2\n|-unboost|p1b: Bobby Lee|def|1\n|upkeep\n|\n|t:|1695278184\n|switch|p2b: Azumarill|Azumarill, F|100\/100\n|turn|5\n|\n|t:|1695278191\n|move|p1b: Bobby Lee|King's Shield|p1b: Bobby Lee\n|-singleturn|p1b: Bobby Lee|Protect\n|move|p1a: Miami Terror|Protect|p1a: Miami Terror\n|-singleturn|p1a: Miami Terror|Protect\n|move|p2b: Azumarill|Aqua Jet|p1b: Bobby Lee\n|-activate|p1b: Bobby Lee|move: Protect\n|-unboost|p2b: Azumarill|atk|1\n|-curestatus|p2a: Charizard|slp|[msg]\n|move|p2a: Charizard|Heat Wave|p1b: Bobby Lee|[spread] \n|-activate|p1a: Miami Terror|move: Protect\n|-activate|p1b: Bobby Lee|move: Protect\n|\n|-weather|none\n|-ability|p1b: Bobby Lee|Moody|boost\n|-boost|p1b: Bobby Lee|atk|2\n|-unboost|p1b: Bobby Lee|spa|1\n|upkeep\n|turn|6\n|\n|t:|1695278210\n|switch|p1b: Phoebe|Tapu Lele|100\/100\n|-fieldstart|move: Psychic Terrain|[from] ability: Psychic Surge|[of] p1b: Phoebe\n|move|p2b: Azumarill|Aqua Jet|p1b: Phoebe\n|-activate|p1b: Phoebe|move: Psychic Terrain\n|move|p1a: Miami Terror|Giga Drain|p2b: Azumarill\n|-supereffective|p2b: Azumarill\n|-damage|p2b: Azumarill|3\/100\n|move|p2a: Charizard|Heat Wave|p1a: Miami Terror|[spread] p1a,p1b\n|-damage|p1a: Miami Terror|80\/100\n|-damage|p1b: Phoebe|59\/100\n|\n|-heal|p1a: Miami Terror|87\/100|[from] item: Leftovers\n|upkeep\n|turn|7\n|\n|t:|1695278234\n|move|p2b: Azumarill|Aqua Jet|p1a: Miami Terror\n|-activate|p1a: Miami Terror|move: Psychic Terrain\n|move|p1a: Miami Terror|Quiver Dance|p1a: Miami Terror\n|-boost|p1a: Miami Terror|spa|1\n|-boost|p1a: Miami Terror|spd|1\n|-boost|p1a: Miami Terror|spe|1\n|move|p2a: Charizard|Ancient Power|p1a: Miami Terror\n|-supereffective|p1a: Miami Terror\n|-damage|p1a: Miami Terror|51\/100\n|move|p1b: Phoebe|Psych Up|p1a: Miami Terror\n|-copyboost|p1b: Phoebe|p1a: Miami Terror|[from] move: Psych Up\n|\n|-heal|p1a: Miami Terror|57\/100|[from] item: Leftovers\n|upkeep\n|turn|8\n|\n|t:|1695278254\n|move|p2b: Azumarill|Aqua Jet|p1a: Miami Terror\n|-activate|p1a: Miami Terror|move: Psychic Terrain\n|move|p1a: Miami Terror|Giga Drain|p2b: Azumarill\n|-supereffective|p2b: Azumarill\n|-damage|p2b: Azumarill|0 fnt\n|-heal|p1a: Miami Terror|59\/100|[from] drain|[of] p2b: Azumarill\n|faint|p2b: Azumarill\n|move|p1b: Phoebe|Psychic|p2a: Charizard\n|-damage|p2a: Charizard|0 fnt\n|faint|p2a: Charizard\n|\n|-heal|p1a: Miami Terror|65\/100|[from] item: Leftovers\n|upkeep\n|\n|t:|1695278267\n|switch|p2a: Jolteon|Jolteon, M|100\/100\n|switch|p2b: Heatran|Heatran, F|100\/100\n|turn|9\n|\n|t:|1695278289\n|-terastallize|p1b: Phoebe|Psychic\n|move|p1a: Miami Terror|Giga Drain|p2a: Jolteon\n|-damage|p2a: Jolteon|33\/100\n|-heal|p1a: Miami Terror|90\/100|[from] drain|[of] p2a: Jolteon\n|move|p1b: Phoebe|Psychic|p2b: Heatran\n|-resisted|p2b: Heatran\n|-damage|p2b: Heatran|49\/100\n|move|p2a: Jolteon|Hyper Voice|p1a: Miami Terror|[spread] p1a,p1b\n|-damage|p1a: Miami Terror|79\/100\n|-damage|p1b: Phoebe|48\/100\n|move|p2b: Heatran|Toxic|p1a: Miami Terror\n|-status|p1a: Miami Terror|tox\n|\n|-heal|p1a: Miami Terror|85\/100 tox|[from] item: Leftovers\n|-heal|p2b: Heatran|55\/100|[from] item: Leftovers\n|-damage|p1a: Miami Terror|79\/100 tox|[from] psn\n|upkeep\n|turn|10\n|\n|t:|1695278315\n|move|p1a: Miami Terror|Giga Drain|p2b: Heatran\n|-resisted|p2b: Heatran\n|-damage|p2b: Heatran|46\/100\n|-heal|p1a: Miami Terror|83\/100 tox|[from] drain|[of] p2b: Heatran\n|move|p1b: Phoebe|Psychic|p2b: Heatran\n|-resisted|p2b: Heatran\n|-damage|p2b: Heatran|0 fnt\n|faint|p2b: Heatran\n|move|p2a: Jolteon|Hyper Voice|p1b: Phoebe|[spread] p1a,p1b\n|-damage|p1a: Miami Terror|73\/100 tox\n|-damage|p1b: Phoebe|37\/100\n|\n|-heal|p1a: Miami Terror|79\/100 tox|[from] item: Leftovers\n|-damage|p1a: Miami Terror|67\/100 tox|[from] psn\n|-fieldend|move: Psychic Terrain\n|upkeep\n|inactive|Arkrabbe has 120 seconds left.\n|\n|t:|1695278328\n|switch|p2b: Chien-Pao|Chien-Pao|100\/100\n|-ability|p2b: Chien-Pao|Sword of Ruin\n|turn|11\n|\n|t:|1695278334\n|move|p2b: Chien-Pao|Protect|p2b: Chien-Pao\n|-singleturn|p2b: Chien-Pao|Protect\n|move|p1a: Miami Terror|Giga Drain|p2b: Chien-Pao\n|-activate|p2b: Chien-Pao|move: Protect\n|move|p1b: Phoebe|Dazzling Gleam|p2a: Jolteon|[spread] p2a\n|-activate|p2b: Chien-Pao|move: Protect\n|-crit|p2a: Jolteon\n|-damage|p2a: Jolteon|0 fnt\n|faint|p2a: Jolteon\n|\n|-heal|p1a: Miami Terror|73\/100 tox|[from] item: Leftovers\n|-damage|p1a: Miami Terror|54\/100 tox|[from] psn\n|upkeep\n|turn|12\n|\n|t:|1695278349\n|-terastallize|p2b: Chien-Pao|Dark\n|move|p2b: Chien-Pao|Sucker Punch|p1b: Phoebe\n|-supereffective|p1b: Phoebe\n|-damage|p1b: Phoebe|0 fnt\n|faint|p1b: Phoebe\n|move|p1a: Miami Terror|Giga Drain|p2b: Chien-Pao\n|-damage|p2b: Chien-Pao|4\/100\n|-heal|p1a: Miami Terror|93\/100 tox|[from] drain|[of] p2b: Chien-Pao\n|\n|-heal|p1a: Miami Terror|99\/100 tox|[from] item: Leftovers\n|-damage|p1a: Miami Terror|75\/100 tox|[from] psn\n|upkeep\n|\n|t:|1695278359\n|switch|p1b: Bobby Lee|Smeargle, M|1\/100\n|turn|13\n|\n|t:|1695278363\n|move|p1b: Bobby Lee|Follow Me|p1b: Bobby Lee\n|-singleturn|p1b: Bobby Lee|move: Follow Me\n|move|p2b: Chien-Pao|Sucker Punch||[still]\n|-fail|p2b: Chien-Pao\n|move|p1a: Miami Terror|Giga Drain|p2b: Chien-Pao\n|-damage|p2b: Chien-Pao|0 fnt\n|-heal|p1a: Miami Terror|76\/100 tox|[from] drain|[of] p2b: Chien-Pao\n|faint|p2b: Chien-Pao\n|\n|win|Mmiirrzzaa\n|raw|Mmiirrzzaa's rating: 1500 &rarr; <strong>1508<\/strong><br \/>(+8 for winning)\n|raw|Arkrabbe's rating: 1261 &rarr; <strong>1251<\/strong><br \/>(-10 for losing)\n|l|\u2606Arkrabbe\n","uploadtime":1695278373,"views":5,"p1id":"mmiirrzzaa","p2id":"arkrabbe","formatid":"gen9nationaldexdoubles","rating":1251,"private":0,"password":""}