{"id":"gen9nationaldexdoubles-1974245502","p1":"Emmsuwu","p2":"milesforhire","format":"[Gen 9] National Dex Doubles","log":"|j|\u2606Emmsuwu\n|j|\u2606milesforhire\n|t:|1698071629\n|gametype|doubles\n|player|p1|Emmsuwu|skyla|1040\n|player|p2|milesforhire|rosa-masters2|1066\n|teamsize|p1|6\n|teamsize|p2|6\n|gen|9\n|tier|[Gen 9] National Dex Doubles\n|rated|\n|rule|HP Percentage Mod: HP is shown in percentages\n|rule|Endless Battle Clause: Forcing endless battles is banned\n|rule|OHKO Clause: OHKO moves are banned\n|rule|Evasion Moves Clause: Evasion moves are banned\n|rule|Evasion Abilities Clause: Evasion abilities are banned\n|rule|Species Clause: Limit one of each Pok\u00e9mon\n|rule|Gravity Sleep Clause: The combination of sleep-inducing moves with imperfect accuracy and Gravity or Gigantamax Orbeetle are banned\n|clearpoke\n|poke|p1|Maushold-Four|\n|poke|p1|Dragapult, M|\n|poke|p1|Lucario, M|\n|poke|p1|Maractus, F|\n|poke|p1|Greninja-*, F|\n|poke|p1|Flareon, M|\n|poke|p2|Lilligant, F|\n|poke|p2|Walking Wake|\n|poke|p2|Charizard, M|\n|poke|p2|Great Tusk|\n|poke|p2|Volcarona, F|\n|poke|p2|Torkoal, F|\n|teampreview\n|inactive|Battle timer is ON: inactive players will automatically lose when time's up. (requested by Emmsuwu)\n|\n|t:|1698071646\n|start\n|switch|p1a: Maractus|Maractus, F|100\/100\n|switch|p1b: Dragapult|Dragapult, M, shiny|100\/100\n|switch|p2a: Torkoal|Torkoal, F|100\/100\n|switch|p2b: Lilligant|Lilligant, F, shiny|100\/100\n|-weather|SunnyDay|[from] ability: Drought|[of] p2a: Torkoal\n|turn|1\n|\n|t:|1698071663\n|move|p2b: Lilligant|Sleep Powder|p1b: Dragapult\n|-status|p1b: Dragapult|slp|[from] move: Sleep Powder\n|cant|p1b: Dragapult|slp\n|move|p1a: Maractus|Spikes|p2a: Torkoal\n|-sidestart|p2: milesforhire|Spikes\n|move|p2a: Torkoal|Toxic|p1a: Maractus|[miss]\n|-miss|p2a: Torkoal|p1a: Maractus\n|\n|-weather|SunnyDay|[upkeep]\n|upkeep\n|turn|2\n|\n|t:|1698071677\n|move|p2b: Lilligant|Leech Seed|p1b: Dragapult\n|-start|p1b: Dragapult|move: Leech Seed\n|cant|p1b: Dragapult|slp\n|move|p1a: Maractus|Spikes|p2a: Torkoal\n|-sidestart|p2: milesforhire|Spikes\n|move|p2a: Torkoal|Stealth Rock|p1b: Dragapult\n|-sidestart|p1: Emmsuwu|move: Stealth Rock\n|\n|-weather|SunnyDay|[upkeep]\n|-damage|p1b: Dragapult|88\/100 slp|[from] Leech Seed|[of] p2b: Lilligant\n|upkeep\n|turn|3\n|\n|t:|1698071698\n|switch|p1b: Greninja|Greninja, F|100\/100\n|-damage|p1b: Greninja|88\/100|[from] Stealth Rock\n|move|p1a: Maractus|Sucker Punch||[still]\n|-fail|p1a: Maractus\n|move|p2b: Lilligant|Encore|p1a: Maractus\n|-start|p1a: Maractus|Encore\n|move|p2a: Torkoal|Toxic|p1a: Maractus\n|-status|p1a: Maractus|tox\n|\n|-weather|SunnyDay|[upkeep]\n|-heal|p1b: Greninja|94\/100|[from] item: Leftovers\n|-damage|p1a: Maractus|94\/100 tox|[from] psn\n|upkeep\n|turn|4\n|\n|t:|1698071715\n|move|p1a: Maractus|Sucker Punch|p2a: Torkoal\n|-damage|p2a: Torkoal|92\/100\n|move|p2b: Lilligant|Sleep Powder|p1b: Greninja|[miss]\n|-miss|p2b: Lilligant|p1b: Greninja\n|move|p1b: Greninja|Surf|p2b: Lilligant|[spread] p2a,p2b\n|-start|p1b: Greninja|typechange|Water|[from] ability: Protean\n|-heal|p1a: Maractus|100\/100 tox|[from] ability: Water Absorb|[of] p1b: Greninja\n|-supereffective|p2a: Torkoal\n|-resisted|p2b: Lilligant\n|-damage|p2a: Torkoal|56\/100\n|-damage|p2b: Lilligant|91\/100\n|move|p2a: Torkoal|Body Press|p1b: Greninja\n|-damage|p1b: Greninja|33\/100\n|\n|-weather|SunnyDay|[upkeep]\n|-heal|p1b: Greninja|39\/100|[from] item: Leftovers\n|-damage|p1a: Maractus|88\/100 tox|[from] psn\n|upkeep\n|turn|5\n|\n|t:|1698071737\n|move|p1a: Maractus|Sucker Punch|p2a: Torkoal\n|-damage|p2a: Torkoal|49\/100\n|move|p2b: Lilligant|Giga Drain|p1b: Greninja\n|-supereffective|p1b: Greninja\n|-damage|p1b: Greninja|0 fnt\n|-heal|p2b: Lilligant|100\/100|[from] drain|[of] p1b: Greninja\n|faint|p1b: Greninja\n|move|p2a: Torkoal|Body Press|p1a: Maractus\n|-damage|p1a: Maractus|31\/100 tox\n|\n|-weather|SunnyDay|[upkeep]\n|-damage|p1a: Maractus|13\/100 tox|[from] psn\n|upkeep\n|\n|t:|1698071742\n|switch|p1b: Dragapult|Dragapult, M, shiny|88\/100 slp\n|-damage|p1b: Dragapult|76\/100 slp|[from] Stealth Rock\n|turn|6\n|\n|t:|1698071763\n|move|p1a: Maractus|Sucker Punch|p2a: Torkoal\n|-crit|p2a: Torkoal\n|-damage|p2a: Torkoal|35\/100\n|move|p2b: Lilligant|Giga Drain|p1b: Dragapult\n|-resisted|p1b: Dragapult\n|-damage|p1b: Dragapult|57\/100 slp\n|-start|p2b: Lilligant|Disable|Giga Drain|[from] ability: Cursed Body|[of] p1b: Dragapult\n|-curestatus|p1b: Dragapult|slp|[msg]\n|move|p1b: Dragapult|Surf|p2a: Torkoal|[spread] p2a,p2b\n|-heal|p1a: Maractus|37\/100 tox|[from] ability: Water Absorb|[of] p1b: Dragapult\n|-supereffective|p2a: Torkoal\n|-resisted|p2b: Lilligant\n|-damage|p2a: Torkoal|5\/100\n|-damage|p2b: Lilligant|93\/100\n|-damage|p1b: Dragapult|48\/100|[from] item: Life Orb\n|move|p2a: Torkoal|Body Press|p1a: Maractus\n|-damage|p1a: Maractus|0 fnt\n|faint|p1a: Maractus\n|\n|-weather|SunnyDay|[upkeep]\n|upkeep\n|j| Orcibee\n|\n|t:|1698071768\n|switch|p1a: Flareon|Flareon, M|100\/100\n|-damage|p1a: Flareon|76\/100|[from] Stealth Rock\n|turn|7\n|\n|t:|1698071797\n|move|p2b: Lilligant|Sleep Powder|p1b: Dragapult\n|-status|p1b: Dragapult|slp|[from] move: Sleep Powder\n|cant|p1b: Dragapult|slp\n|move|p1a: Flareon|Flare Blitz|p2b: Lilligant\n|-supereffective|p2b: Lilligant\n|-damage|p2b: Lilligant|0 fnt\n|faint|p2b: Lilligant\n|-damage|p1a: Flareon|37\/100|[from] Recoil\n|move|p2a: Torkoal|Toxic|p1a: Flareon\n|-status|p1a: Flareon|tox\n|\n|-weather|SunnyDay|[upkeep]\n|-damage|p1a: Flareon|31\/100 tox|[from] psn\n|upkeep\n|inactive|milesforhire has 120 seconds left.\n|\n|t:|1698071811\n|switch|p2b: Walking Wake|Walking Wake|100\/100\n|-damage|p2b: Walking Wake|84\/100|[from] Spikes\n|-activate|p2b: Walking Wake|ability: Protosynthesis\n|-start|p2b: Walking Wake|protosynthesisspe\n|turn|8\n|l| Orcibee\n|\n|t:|1698071824\n|move|p2b: Walking Wake|Hydro Steam|p1a: Flareon\n|-supereffective|p1a: Flareon\n|-damage|p1a: Flareon|0 fnt\n|faint|p1a: Flareon\n|-damage|p2b: Walking Wake|74\/100|[from] item: Life Orb\n|cant|p1b: Dragapult|slp\n|move|p2a: Torkoal|Body Press|p1b: Dragapult\n|-immune|p1b: Dragapult\n|\n|-weather|none\n|-end|p2b: Walking Wake|Protosynthesis\n|upkeep\n|\n|t:|1698071829\n|switch|p1a: Lucario|Lucario, M|100\/100\n|-damage|p1a: Lucario|98\/100|[from] Stealth Rock\n|turn|9\n|\n|t:|1698071838\n|detailschange|p1a: Lucario|Lucario-Mega, M\n|-mega|p1a: Lucario|Lucario|Lucarionite\n|move|p2b: Walking Wake|Protect|p2b: Walking Wake\n|-singleturn|p2b: Walking Wake|Protect\n|move|p1a: Lucario|Bullet Punch|p2a: Torkoal\n|-resisted|p2a: Torkoal\n|-damage|p2a: Torkoal|0 fnt\n|faint|p2a: Torkoal\n|-curestatus|p1b: Dragapult|slp|[msg]\n|move|p1b: Dragapult|Dragon Darts|p2b: Walking Wake\n|-activate|p2b: Walking Wake|move: Protect\n|\n|upkeep\n|\n|t:|1698071849\n|switch|p2a: Charizard|Charizard, M, shiny|100\/100\n|turn|10\n|\n|t:|1698071862\n|detailschange|p2a: Charizard|Charizard-Mega-Y, M, shiny\n|-mega|p2a: Charizard|Charizard|Charizardite Y\n|-weather|SunnyDay|[from] ability: Drought|[of] p2a: Charizard\n|-activate|p2b: Walking Wake|ability: Protosynthesis\n|-start|p2b: Walking Wake|protosynthesisspe\n|move|p2b: Walking Wake|Hydro Steam|p1b: Dragapult\n|-resisted|p1b: Dragapult\n|-damage|p1b: Dragapult|0 fnt\n|-start|p2b: Walking Wake|Disable|Hydro Steam|[from] ability: Cursed Body|[of] p1b: Dragapult\n|faint|p1b: Dragapult\n|-damage|p2b: Walking Wake|65\/100|[from] item: Life Orb\n|move|p2a: Charizard|Fire Blast|p1a: Lucario\n|-supereffective|p1a: Lucario\n|-damage|p1a: Lucario|0 fnt\n|faint|p1a: Lucario\n|\n|-weather|SunnyDay|[upkeep]\n|upkeep\n|\n|t:|1698071871\n|switch|p1b: Maushold|Maushold-Four|100\/100\n|-damage|p1b: Maushold|88\/100|[from] Stealth Rock\n|turn|11\n|\n|t:|1698071886\n|move|p2b: Walking Wake|Flamethrower|p1b: Maushold\n|-damage|p1b: Maushold|0 fnt\n|faint|p1b: Maushold\n|-damage|p2b: Walking Wake|55\/100|[from] item: Life Orb\n|\n|win|milesforhire\n|raw|Emmsuwu's rating: 1040 &rarr; <strong>1025<\/strong><br \/>(-15 for losing)\n|raw|milesforhire's rating: 1066 &rarr; <strong>1094<\/strong><br \/>(+28 for winning)\n|c|\u2606milesforhire|gg\n|l|\u2606Emmsuwu\n","uploadtime":1698071900,"views":7,"p1id":"emmsuwu","p2id":"milesforhire","formatid":"gen9nationaldexdoubles","rating":1025,"private":0,"password":""}