{"id":"gen9nationaldexdoubles-1997705419","p1":"Theadonia","p2":"Zsimplyexists","format":"[Gen 9] National Dex Doubles","log":"|j|\u2606Theadonia\n|j|\u2606Zsimplyexists\n|t:|1700843837\n|gametype|doubles\n|player|p1|Theadonia|roxie|1118\n|player|p2|Zsimplyexists|2|1000\n|teamsize|p1|6\n|teamsize|p2|6\n|gen|9\n|tier|[Gen 9] National Dex Doubles\n|rated|\n|rule|HP Percentage Mod: HP is shown in percentages\n|rule|Endless Battle Clause: Forcing endless battles is banned\n|rule|OHKO Clause: OHKO moves are banned\n|rule|Evasion Moves Clause: Evasion moves are banned\n|rule|Evasion Abilities Clause: Evasion abilities are banned\n|rule|Species Clause: Limit one of each Pok\u00e9mon\n|rule|Gravity Sleep Clause: The combination of sleep-inducing moves with imperfect accuracy and Gravity or Gigantamax Orbeetle are banned\n|clearpoke\n|poke|p1|Delphox, F|\n|poke|p1|Oricorio-Sensu, M|\n|poke|p1|Kommo-o, M|\n|poke|p1|Wailord, M|\n|poke|p1|Cresselia, F|\n|poke|p1|Ribombee, F|\n|poke|p2|Dunsparce, F|\n|poke|p2|Woobat, F|\n|poke|p2|Magmar, M|\n|poke|p2|Fraxure, F|\n|poke|p2|Cottonee, L1, F|\n|poke|p2|Magneton|\n|teampreview\n|\n|t:|1700843843\n|start\n|switch|p1a: Oricorio|Oricorio-Sensu, M, shiny|100\/100\n|switch|p1b: Ribombee|Ribombee, F|100\/100\n|switch|p2a: Dunsparce|Dunsparce, F|100\/100\n|switch|p2b: Woobat|Woobat, F|100\/100\n|turn|1\n|\n|t:|1700843868\n|move|p1b: Ribombee|Dazzling Gleam|p2a: Dunsparce|[spread] p2a,p2b\n|-crit|p2b: Woobat\n|-damage|p2a: Dunsparce|82\/100\n|-damage|p2b: Woobat|14\/100\n|move|p2b: Woobat|Skill Swap|p2a: Dunsparce\n|-activate|p2b: Woobat|move: Skill Swap|||[of] p2a: Dunsparce\n|move|p1a: Oricorio|Revelation Dance|p2b: Woobat\n|-supereffective|p2b: Woobat\n|-damage|p2b: Woobat|0 fnt\n|faint|p2b: Woobat\n|move|p2a: Dunsparce|Coil|p2a: Dunsparce\n|-boost|p2a: Dunsparce|atk|2\n|-boost|p2a: Dunsparce|def|2\n|-boost|p2a: Dunsparce|accuracy|2\n|\n|upkeep\n|\n|t:|1700843882\n|switch|p2b: Cottonee|Cottonee, L1, F|100\/100\n|turn|2\n|\n|t:|1700843902\n|move|p2b: Cottonee|Leech Seed|p1a: Oricorio\n|-start|p1a: Oricorio|move: Leech Seed\n|move|p1b: Ribombee|Dazzling Gleam|p2a: Dunsparce|[spread] p2a,p2b\n|-damage|p2a: Dunsparce|62\/100\n|-enditem|p2b: Cottonee|Focus Sash\n|-damage|p2b: Cottonee|9\/100\n|move|p1a: Oricorio|Revelation Dance|p2b: Cottonee\n|-damage|p2b: Cottonee|0 fnt\n|faint|p2b: Cottonee\n|move|p2a: Dunsparce|Amnesia|p2a: Dunsparce\n|-boost|p2a: Dunsparce|spd|4\n|\n|upkeep\n|\n|t:|1700843916\n|switch|p2b: Magneton|Magneton|100\/100\n|turn|3\n|\n|t:|1700843935\n|move|p1b: Ribombee|Quiver Dance|p1b: Ribombee\n|-boost|p1b: Ribombee|spa|1\n|-boost|p1b: Ribombee|spd|1\n|-boost|p1b: Ribombee|spe|1\n|-activate|p1a: Oricorio|ability: Dancer\n|move|p1a: Oricorio|Quiver Dance|p1a: Oricorio|[from]ability: Dancer\n|-boost|p1a: Oricorio|spa|1\n|-boost|p1a: Oricorio|spd|1\n|-boost|p1a: Oricorio|spe|1\n|move|p1a: Oricorio|Substitute|p1a: Oricorio\n|-start|p1a: Oricorio|Substitute\n|-damage|p1a: Oricorio|75\/100\n|move|p2b: Magneton|Flash Cannon|p1b: Ribombee\n|-supereffective|p1b: Ribombee\n|-damage|p1b: Ribombee|27\/100\n|move|p2a: Dunsparce|Coil|p2a: Dunsparce\n|-boost|p2a: Dunsparce|atk|2\n|-boost|p2a: Dunsparce|def|2\n|-boost|p2a: Dunsparce|accuracy|2\n|\n|-damage|p1a: Oricorio|63\/100|[from] Leech Seed|[of] p2b: Magneton\n|upkeep\n|turn|4\n|\n|t:|1700843977\n|move|p1b: Ribombee|Quiver Dance|p1b: Ribombee\n|-boost|p1b: Ribombee|spa|1\n|-boost|p1b: Ribombee|spd|1\n|-boost|p1b: Ribombee|spe|1\n|-activate|p1a: Oricorio|ability: Dancer\n|move|p1a: Oricorio|Quiver Dance|p1a: Oricorio|[from]ability: Dancer\n|-boost|p1a: Oricorio|spa|1\n|-boost|p1a: Oricorio|spd|1\n|-boost|p1a: Oricorio|spe|1\n|move|p1a: Oricorio|Quiver Dance|p1a: Oricorio\n|-boost|p1a: Oricorio|spa|1\n|-boost|p1a: Oricorio|spd|1\n|-boost|p1a: Oricorio|spe|1\n|move|p2b: Magneton|Flash Cannon|p1b: Ribombee\n|-supereffective|p1b: Ribombee\n|-damage|p1b: Ribombee|0 fnt\n|faint|p1b: Ribombee\n|move|p2a: Dunsparce|Coil|p2a: Dunsparce\n|-boost|p2a: Dunsparce|atk|2\n|-boost|p2a: Dunsparce|def|2\n|-boost|p2a: Dunsparce|accuracy|2\n|\n|-damage|p1a: Oricorio|50\/100|[from] Leech Seed|[of] p2b: Magneton\n|upkeep\n|\n|t:|1700843996\n|switch|p1b: Kommo-o|Kommo-o, M, shiny|100\/100\n|turn|5\n|\n|t:|1700844009\n|move|p1a: Oricorio|Quiver Dance|p1a: Oricorio\n|-boost|p1a: Oricorio|spa|1\n|-boost|p1a: Oricorio|spd|1\n|-boost|p1a: Oricorio|spe|1\n|move|p1b: Kommo-o|Clangorous Soul|p1b: Kommo-o\n|-boost|p1b: Kommo-o|atk|1\n|-boost|p1b: Kommo-o|def|1\n|-boost|p1b: Kommo-o|spa|1\n|-boost|p1b: Kommo-o|spd|1\n|-boost|p1b: Kommo-o|spe|1\n|-damage|p1b: Kommo-o|68\/100\n|-activate|p1a: Oricorio|ability: Dancer\n|move|p1a: Oricorio|Clangorous Soul|p1a: Oricorio|[from]ability: Dancer\n|-boost|p1a: Oricorio|atk|1\n|-boost|p1a: Oricorio|def|1\n|-boost|p1a: Oricorio|spa|1\n|-boost|p1a: Oricorio|spd|1\n|-boost|p1a: Oricorio|spe|1\n|-damage|p1a: Oricorio|18\/100\n|-enditem|p1a: Oricorio|Aguav Berry|[eat]\n|-heal|p1a: Oricorio|51\/100|[from] item: Aguav Berry\n|move|p2b: Magneton|Substitute|p2b: Magneton\n|-start|p2b: Magneton|Substitute\n|-damage|p2b: Magneton|76\/100\n|move|p2a: Dunsparce|Baton Pass|p2a: Dunsparce\n|\n|t:|1700844032\n|switch|p2a: Fraxure|Fraxure, F|100\/100|[from] Baton Pass\n|-ability|p2a: Fraxure|Mold Breaker\n|\n|-damage|p1a: Oricorio|38\/100|[from] Leech Seed|[of] p2b: Magneton\n|-heal|p2b: Magneton|90\/100|[silent]\n|upkeep\n|turn|6\n|\n|t:|1700844056\n|-terastallize|p1a: Oricorio|Fairy\n|move|p1a: Oricorio|Revelation Dance|p2a: Fraxure\n|-supereffective|p2a: Fraxure\n|-damage|p2a: Fraxure|0 fnt\n|faint|p2a: Fraxure\n|-zpower|p1b: Kommo-o\n|move|p1b: Kommo-o|Clangorous Soulblaze|p2b: Magneton|[zeffect]\n|-resisted|p2b: Magneton\n|-damage|p2b: Magneton|60\/100\n|-boost|p1b: Kommo-o|atk|1\n|-boost|p1b: Kommo-o|def|1\n|-boost|p1b: Kommo-o|spa|1\n|-boost|p1b: Kommo-o|spd|1\n|-boost|p1b: Kommo-o|spe|1\n|move|p2b: Magneton|Thunder Wave|p1b: Kommo-o\n|-status|p1b: Kommo-o|par\n|\n|-damage|p1a: Oricorio|26\/100|[from] Leech Seed|[of] p2b: Magneton\n|-heal|p2b: Magneton|74\/100|[silent]\n|upkeep\n|\n|t:|1700844079\n|switch|p2a: Magmar|Magmar, M|100\/100\n|turn|7\n|\n|t:|1700844098\n|move|p1a: Oricorio|Baton Pass|p1a: Oricorio\n|\n|t:|1700844101\n|switch|p1a: Wailord|Wailord, M, shiny|100\/100|[from] Baton Pass\n|-ability|p1a: Wailord|Pressure\n|move|p1b: Kommo-o|Drain Punch|p2b: Magneton\n|-supereffective|p2b: Magneton\n|-end|p2b: Magneton|Substitute\n|-heal|p1b: Kommo-o|80\/100 par|[from] drain|[of] p2b: Magneton\n|move|p2a: Magmar|Belly Drum|p2a: Magmar\n|-damage|p2a: Magmar|51\/100\n|-setboost|p2a: Magmar|atk|6|[from] move: Belly Drum\n|move|p2b: Magneton|Flash Cannon|p1a: Wailord\n|-resisted|p1a: Wailord\n|-activate|p1a: Wailord|move: Substitute|[damage]\n|\n|-damage|p1a: Wailord|88\/100|[from] Leech Seed|[of] p2b: Magneton\n|-heal|p2b: Magneton|97\/100|[silent]\n|upkeep\n|turn|8\n|\n|t:|1700844138\n|move|p2a: Magmar|Mach Punch|p1b: Kommo-o\n|-damage|p1b: Kommo-o|60\/100 par\n|move|p1a: Wailord|Water Spout|p2a: Magmar|[spread] p2a,p2b\n|-supereffective|p2a: Magmar\n|-damage|p2a: Magmar|0 fnt\n|-damage|p2b: Magneton|0 fnt\n|faint|p2a: Magmar\n|faint|p2b: Magneton\n|move|p1b: Kommo-o|Clangorous Soul|p1b: Kommo-o\n|-boost|p1b: Kommo-o|atk|1\n|-boost|p1b: Kommo-o|def|1\n|-boost|p1b: Kommo-o|spa|1\n|-boost|p1b: Kommo-o|spd|1\n|-boost|p1b: Kommo-o|spe|1\n|-damage|p1b: Kommo-o|27\/100 par\n|\n|-heal|p1a: Wailord|94\/100|[from] item: Leftovers\n|upkeep\n|\n|t:|1700844156\n|switch|p2b: Dunsparce|Dunsparce, F|62\/100\n|turn|9\n|c|\u2606Theadonia|Ggwp\n|-message|Zsimplyexists forfeited.\n|\n|win|Theadonia\n|raw|Theadonia's rating: 1118 &rarr; <strong>1135<\/strong><br \/>(+17 for winning)\n|raw|Zsimplyexists's rating: 1000 &rarr; <strong>1000<\/strong><br \/>(+0 for losing)\n|l|\u2606Zsimplyexists\n","uploadtime":1700844172,"views":0,"p1id":"theadonia","p2id":"zsimplyexists","formatid":"gen9nationaldexdoubles","rating":1000,"private":0,"password":""}