{"id":"gen9nationaldexdoubles-1977107391","p1":"toptarr","p2":"Dash_WolfHeart","format":"[Gen 9] National Dex Doubles","log":"|j|\u2606toptarr\n|j|\u2606Dash_WolfHeart\n|t:|1698372349\n|gametype|doubles\n|player|p1|toptarr|barry|\n|player|p2|Dash_WolfHeart|pokemaniac|\n|teamsize|p1|6\n|teamsize|p2|6\n|gen|9\n|tier|[Gen 9] National Dex Doubles\n|rule|HP Percentage Mod: HP is shown in percentages\n|rule|Endless Battle Clause: Forcing endless battles is banned\n|rule|OHKO Clause: OHKO moves are banned\n|rule|Evasion Moves Clause: Evasion moves are banned\n|rule|Evasion Abilities Clause: Evasion abilities are banned\n|rule|Species Clause: Limit one of each Pok\u00e9mon\n|rule|Gravity Sleep Clause: The combination of sleep-inducing moves with imperfect accuracy and Gravity or Gigantamax Orbeetle are banned\n|clearpoke\n|poke|p1|Zoroark-Hisui, L36, M|\n|poke|p1|Vibrava, L35, M|\n|poke|p1|Staraptor, L35, M|\n|poke|p1|Lucario, L33, M|\n|poke|p1|Magneton, L34|\n|poke|p1|Copperajah, L36, F|\n|poke|p2|Sirfetch\u2019d, L33, M|\n|poke|p2|Camerupt, L33, M|\n|poke|p2|Pawniard, L32, F|\n|poke|p2|Hakamo-o, L36, M|\n|poke|p2|Kadabra, L36, M|\n|poke|p2|Hypno, L34, M|\n|teampreview\n|c|\u2606Dash_WolfHeart|illy me\n|\n|t:|1698372451\n|start\n|switch|p1a: Copperajah|Copperajah, L36, F|100\/100\n|switch|p1b: Magneton|Magneton, L34|100\/100\n|switch|p2a: Sirfetch\u2019d|Sirfetch\u2019d, L33, M|100\/100\n|switch|p2b: Pawniard|Pawniard, L32, F|100\/100\n|turn|1\n|\n|t:|1698372482\n|move|p2a: Sirfetch\u2019d|First Impression|p1b: Magneton\n|-resisted|p1b: Magneton\n|-crit|p1b: Magneton\n|-damage|p1b: Magneton|66\/100\n|move|p1a: Copperajah|Knock Off|p2a: Sirfetch\u2019d\n|-resisted|p2a: Sirfetch\u2019d\n|-damage|p2a: Sirfetch\u2019d|82\/100\n|-enditem|p2a: Sirfetch\u2019d|Leek|[from] move: Knock Off|[of] p1a: Copperajah\n|move|p1b: Magneton|Thunder Wave|p2b: Pawniard\n|-status|p2b: Pawniard|par\n|move|p2b: Pawniard|Scary Face|p1b: Magneton\n|-unboost|p1b: Magneton|spe|2\n|\n|upkeep\n|turn|2\n|\n|t:|1698372550\n|move|p1a: Copperajah|Knock Off|p2b: Pawniard\n|-resisted|p2b: Pawniard\n|-damage|p2b: Pawniard|75\/100 par\n|-enditem|p2b: Pawniard|Razor Claw|[from] move: Knock Off|[of] p1a: Copperajah\n|move|p2a: Sirfetch\u2019d|Solar Blade||[still]\n|-prepare|p2a: Sirfetch\u2019d|Solar Blade\n|move|p1b: Magneton|Thunder Shock|p2a: Sirfetch\u2019d\n|-damage|p2a: Sirfetch\u2019d|54\/100\n|-status|p2a: Sirfetch\u2019d|par\n|move|p2b: Pawniard|Assurance|p1b: Magneton\n|-damage|p1b: Magneton|43\/100\n|\n|upkeep\n|turn|3\n|\n|t:|1698372570\n|switch|p1a: Staraptor|Staraptor, L35, M|100\/100\n|move|p1b: Magneton|Flash Cannon|p2a: Sirfetch\u2019d\n|-damage|p2a: Sirfetch\u2019d|2\/100 par\n|move|p2a: Sirfetch\u2019d|Solar Blade|p1b: Magneton|[from]lockedmove\n|-resisted|p1b: Magneton\n|-damage|p1b: Magneton|16\/100\n|move|p2b: Pawniard|Metal Claw|p1a: Staraptor\n|-damage|p1a: Staraptor|82\/100\n|\n|upkeep\n|turn|4\n|\n|t:|1698372588\n|cant|p2a: Sirfetch\u2019d|par\n|move|p1a: Staraptor|Close Combat|p2b: Pawniard\n|-supereffective|p2b: Pawniard\n|-crit|p2b: Pawniard\n|-damage|p2b: Pawniard|0 fnt\n|-unboost|p1a: Staraptor|def|1\n|-unboost|p1a: Staraptor|spd|1\n|faint|p2b: Pawniard\n|move|p1b: Magneton|Thunder Shock|p2a: Sirfetch\u2019d\n|-damage|p2a: Sirfetch\u2019d|0 fnt\n|faint|p2a: Sirfetch\u2019d\n|\n|upkeep\n|\n|t:|1698372603\n|switch|p2a: Camerupt|Camerupt, L33, M|100\/100\n|switch|p2b: Hypno|Hypno, L34, M|100\/100\n|turn|5\n|\n|t:|1698372615\n|move|p1a: Staraptor|Close Combat|p2a: Camerupt\n|-damage|p2a: Camerupt|43\/100\n|-unboost|p1a: Staraptor|def|1\n|-unboost|p1a: Staraptor|spd|1\n|move|p2b: Hypno|Zen Headbutt|p1b: Magneton\n|-resisted|p1b: Magneton\n|-damage|p1b: Magneton|0 fnt\n|faint|p1b: Magneton\n|move|p2a: Camerupt|Smack Down|p1a: Staraptor\n|-supereffective|p1a: Staraptor\n|-damage|p1a: Staraptor|25\/100\n|-start|p1a: Staraptor|Smack Down\n|\n|upkeep\n|\n|t:|1698372628\n|switch|p1b: Copperajah|Copperajah, L36, F|100\/100\n|turn|6\n|\n|t:|1698372639\n|move|p1a: Staraptor|Close Combat|p2a: Camerupt\n|-damage|p2a: Camerupt|0 fnt\n|-unboost|p1a: Staraptor|def|1\n|-unboost|p1a: Staraptor|spd|1\n|faint|p2a: Camerupt\n|move|p2b: Hypno|Switcheroo|p1b: Copperajah\n|-activate|p2b: Hypno|move: Trick|[of] p1b: Copperajah\n|-item|p1b: Copperajah|Quick Claw|[from] move: Switcheroo\n|-enditem|p2b: Hypno|Quick Claw|[silent]|[from] move: Switcheroo\n|move|p1b: Copperajah|Heavy Slam|p2b: Hypno\n|-damage|p2b: Hypno|14\/100\n|\n|upkeep\n|\n|t:|1698372650\n|switch|p2a: Hakamo-o|Hakamo-o, L36, M|100\/100\n|turn|7\n|-activate|p1b: Copperajah|item: Quick Claw\n|\n|t:|1698372666\n|move|p1a: Staraptor|Quick Attack|p2b: Hypno\n|-damage|p2b: Hypno|0 fnt\n|faint|p2b: Hypno\n|move|p1b: Copperajah|Play Rough|p2a: Hakamo-o\n|-supereffective|p2a: Hakamo-o\n|-damage|p2a: Hakamo-o|0 fnt\n|faint|p2a: Hakamo-o\n|\n|upkeep\n|c|\u2606toptarr|LMAO\n|c|\u2606toptarr|THE QUICK CLAW\n|c|\u2606toptarr|YOU GAVE ME\n|c|\u2606toptarr|ACTIVATED\n|c|\u2606Dash_WolfHeart|i wasnt paying attention\n|\n|t:|1698372737\n|switch|p2b: Kadabra|Kadabra, L36, M|100\/100\n|turn|8\n|\n|t:|1698372767\n|move|p2b: Kadabra|Psychic|p1b: Copperajah\n|-resisted|p1b: Copperajah\n|-damage|p1b: Copperajah|74\/100\n|move|p1a: Staraptor|Take Down|p2b: Kadabra|[miss]\n|-miss|p1a: Staraptor|p2b: Kadabra\n|move|p1b: Copperajah|Heavy Slam|p2b: Kadabra\n|-damage|p2b: Kadabra|0 fnt\n|faint|p2b: Kadabra\n|\n|win|toptarr\n|l|\u2606Dash_WolfHeart\n|l|\u2606toptarr\n|j|\u2606toptarr\n|player|p1|toptarr|barry\n","uploadtime":1698372821,"views":8,"p1id":"toptarr","p2id":"dashwolfheart","formatid":"gen9nationaldexdoubles","rating":0,"private":0,"password":""}