{"id":"gen9nationaldexdoubles-1949340520","p1":"interdimentional","p2":"Mongoose556","format":"[Gen 9] National Dex Doubles","log":"|j|\u2606interdimentional\n|j|\u2606Mongoose556\n|t:|1695348924\n|gametype|doubles\n|player|p1|interdimentional|steven|1188\n|player|p2|Mongoose556|may|1168\n|teamsize|p1|6\n|teamsize|p2|6\n|gen|9\n|tier|[Gen 9] National Dex Doubles\n|rated|\n|rule|HP Percentage Mod: HP is shown in percentages\n|rule|Endless Battle Clause: Forcing endless battles is banned\n|rule|OHKO Clause: OHKO moves are banned\n|rule|Evasion Moves Clause: Evasion moves are banned\n|rule|Evasion Abilities Clause: Evasion abilities are banned\n|rule|Species Clause: Limit one of each Pok\u00e9mon\n|rule|Gravity Sleep Clause: The combination of sleep-inducing moves with imperfect accuracy and Gravity or Gigantamax Orbeetle are banned\n|clearpoke\n|poke|p1|Fezandipiti, M|\n|poke|p1|Scizor, M|\n|poke|p1|Urshifu-*, M|\n|poke|p1|Rillaboom, F|\n|poke|p1|Ogerpon-Hearthflame, F|\n|poke|p1|Gallade, M|\n|poke|p2|Poltchageist|\n|poke|p2|Sinistcha|\n|poke|p2|Polteageist|\n|poke|p2|Dolliv, F|\n|poke|p2|Alcremie-Matcha-Cream, F|\n|poke|p2|Dipplin, F|\n|teampreview\n|inactive|Battle timer is ON: inactive players will automatically lose when time's up. (requested by interdimentional)\n|\n|t:|1695348937\n|start\n|switch|p1a: Fezandipiti|Fezandipiti, M|100\/100\n|switch|p1b: Scizor|Scizor, M|100\/100\n|switch|p2a: Alcremie|Alcremie-Matcha-Cream, F|100\/100\n|switch|p2b: Dipplin|Dipplin, F, shiny|100\/100\n|-ability|p2b: Dipplin|Supersweet Syrup\n|-ability|p2b: Dipplin|Supersweet Syrup|boost\n|-unboost|p1a: Fezandipiti|evasion|1\n|-unboost|p1b: Scizor|evasion|1\n|turn|1\n|\n|t:|1695348954\n|detailschange|p1b: Scizor|Scizor-Mega, M\n|-mega|p1b: Scizor|Scizor|Scizorite\n|-terastallize|p2b: Dipplin|Steel\n|move|p1a: Fezandipiti|Icy Wind|p2b: Dipplin|[spread] p2a,p2b\n|-resisted|p2b: Dipplin\n|-damage|p2a: Alcremie|94\/100\n|-damage|p2b: Dipplin|96\/100\n|-unboost|p2a: Alcremie|spe|1\n|-unboost|p2b: Dipplin|spe|1\n|-status|p2a: Alcremie|tox|[from] ability: Toxic Chain|[of] p1a: Fezandipiti\n|move|p1b: Scizor|Swords Dance|p1b: Scizor\n|-boost|p1b: Scizor|atk|2\n|move|p2a: Alcremie|Mystical Fire|p1b: Scizor\n|-supereffective|p1b: Scizor\n|-damage|p1b: Scizor|0 fnt\n|faint|p1b: Scizor\n|move|p2b: Dipplin|Tera Blast|p1a: Fezandipiti|[anim] Tera Blast Steel\n|-supereffective|p1a: Fezandipiti\n|-damage|p1a: Fezandipiti|43\/100\n|\n|-heal|p1a: Fezandipiti|49\/100|[from] item: Leftovers\n|-damage|p2a: Alcremie|88\/100 tox|[from] psn\n|upkeep\n|\n|t:|1695348970\n|switch|p1b: Ogerpon|Ogerpon-Hearthflame, F|100\/100\n|-ability|p1b: Ogerpon|Mold Breaker\n|turn|2\n|\n|t:|1695348984\n|move|p1b: Ogerpon|Spiky Shield|p1b: Ogerpon\n|-singleturn|p1b: Ogerpon|move: Protect\n|move|p1a: Fezandipiti|Roost|p1a: Fezandipiti\n|-heal|p1a: Fezandipiti|99\/100\n|-singleturn|p1a: Fezandipiti|move: Roost\n|move|p2a: Alcremie|Psyshock|p1a: Fezandipiti\n|-supereffective|p1a: Fezandipiti\n|-damage|p1a: Fezandipiti|39\/100\n|move|p2b: Dipplin|Dragon Pulse|p1b: Ogerpon\n|-activate|p1b: Ogerpon|move: Protect\n|\n|-heal|p1a: Fezandipiti|45\/100|[from] item: Leftovers\n|-damage|p2a: Alcremie|76\/100 tox|[from] psn\n|upkeep\n|turn|3\n|\n|t:|1695349000\n|move|p1a: Fezandipiti|Protect|p1a: Fezandipiti\n|-singleturn|p1a: Fezandipiti|Protect\n|move|p1b: Ogerpon|Ivy Cudgel|p2b: Dipplin\n|-supereffective|p2b: Dipplin\n|-damage|p2b: Dipplin|24\/100\n|move|p2a: Alcremie|Psyshock|p1a: Fezandipiti\n|-activate|p1a: Fezandipiti|move: Protect\n|move|p2b: Dipplin|Tera Blast|p1a: Fezandipiti|[anim] Tera Blast Steel\n|-activate|p1a: Fezandipiti|move: Protect\n|\n|-heal|p1a: Fezandipiti|51\/100|[from] item: Leftovers\n|-damage|p2a: Alcremie|58\/100 tox|[from] psn\n|upkeep\n|turn|4\n|\n|t:|1695349012\n|-terastallize|p1b: Ogerpon|Fire\n|detailschange|p1b: Ogerpon|Ogerpon-Hearthflame-Tera, F, tera:Fire\n|-ability|p1b: Ogerpon|Embody Aspect (Hearthflame)|boost\n|-boost|p1b: Ogerpon|atk|1\n|move|p1b: Ogerpon|Ivy Cudgel|p2b: Dipplin\n|-supereffective|p2b: Dipplin\n|-damage|p2b: Dipplin|0 fnt\n|faint|p2b: Dipplin\n|move|p1a: Fezandipiti|Roost|p1a: Fezandipiti\n|-heal|p1a: Fezandipiti|100\/100\n|-singleturn|p1a: Fezandipiti|move: Roost\n|move|p2a: Alcremie|Psyshock|p1a: Fezandipiti\n|-supereffective|p1a: Fezandipiti\n|-damage|p1a: Fezandipiti|47\/100\n|\n|-heal|p1a: Fezandipiti|53\/100|[from] item: Leftovers\n|-damage|p2a: Alcremie|34\/100 tox|[from] psn\n|upkeep\n|\n|t:|1695349026\n|switch|p2b: Sinistcha|Sinistcha|100\/100\n|-heal|p2a: Alcremie|59\/100 tox|[from] ability: Hospitality|[of] p2b: Sinistcha\n|turn|5\n|\n|t:|1695349037\n|move|p1b: Ogerpon|Swords Dance|p1b: Ogerpon\n|-boost|p1b: Ogerpon|atk|2\n|move|p1a: Fezandipiti|Icy Wind|p2b: Sinistcha|[spread] p2b\n|-miss|p1a: Fezandipiti|p2a: Alcremie\n|-supereffective|p2b: Sinistcha\n|-damage|p2b: Sinistcha|77\/100\n|-unboost|p2b: Sinistcha|spe|1\n|move|p2b: Sinistcha|Scald|p1b: Ogerpon\n|-supereffective|p1b: Ogerpon\n|-damage|p1b: Ogerpon|49\/100\n|move|p2a: Alcremie|Psyshock|p1a: Fezandipiti\n|-supereffective|p1a: Fezandipiti\n|-damage|p1a: Fezandipiti|0 fnt\n|faint|p1a: Fezandipiti\n|\n|-damage|p2a: Alcremie|29\/100 tox|[from] psn\n|upkeep\n|\n|t:|1695349049\n|switch|p1a: Gallade|Gallade, M|100\/100\n|turn|6\n|j| S1r.sweepsaLot\n|\n|t:|1695349055\n|move|p1b: Ogerpon|Ivy Cudgel|p2a: Alcremie\n|-damage|p2a: Alcremie|0 fnt\n|faint|p2a: Alcremie\n|move|p1a: Gallade|Night Slash|p2b: Sinistcha\n|-supereffective|p2b: Sinistcha\n|-damage|p2b: Sinistcha|25\/100\n|-damage|p1a: Gallade|84\/100|[from] item: Rocky Helmet|[of] p2b: Sinistcha\n|move|p2b: Sinistcha|Scald|p1b: Ogerpon\n|-supereffective|p1b: Ogerpon\n|-damage|p1b: Ogerpon|0 fnt\n|faint|p1b: Ogerpon\n|\n|-heal|p1a: Gallade|90\/100|[from] item: Leftovers\n|upkeep\n|\n|t:|1695349065\n|switch|p1b: Rillaboom|Rillaboom, F|100\/100\n|switch|p2a: Poltchageist|Poltchageist|100\/100\n|-fieldstart|move: Grassy Terrain|[from] ability: Grassy Surge|[of] p1b: Rillaboom\n|-heal|p2b: Sinistcha|50\/100|[from] ability: Hospitality|[of] p2a: Poltchageist\n|turn|7\n|\n|t:|1695349072\n|move|p1b: Rillaboom|U-turn|p2b: Sinistcha\n|-damage|p2b: Sinistcha|34\/100\n|-damage|p1b: Rillaboom|84\/100|[from] item: Rocky Helmet|[of] p2b: Sinistcha\n|\n|t:|1695349076\n|switch|p1b: Urshifu|Urshifu-Rapid-Strike, M|100\/100|[from] U-turn\n|move|p1a: Gallade|Night Slash|p2a: Poltchageist\n|-supereffective|p2a: Poltchageist\n|-enditem|p2a: Poltchageist|Focus Sash\n|-damage|p2a: Poltchageist|1\/100\n|move|p2b: Sinistcha|Matcha Gotcha|p1b: Urshifu|[spread] p1a,p1b\n|-supereffective|p1b: Urshifu\n|-damage|p1a: Gallade|58\/100\n|-heal|p2b: Sinistcha|47\/100|[from] drain|[of] p1a: Gallade\n|-damage|p1b: Urshifu|12\/100\n|-heal|p2b: Sinistcha|91\/100|[from] drain|[of] p1b: Urshifu\n|move|p2a: Poltchageist|Trick Room|p2a: Poltchageist\n|-fieldstart|move: Trick Room|[of] p2a: Poltchageist\n|\n|-heal|p2b: Sinistcha|97\/100|[from] Grassy Terrain\n|-heal|p2a: Poltchageist|7\/100|[from] Grassy Terrain\n|-heal|p1a: Gallade|64\/100|[from] Grassy Terrain\n|-heal|p1a: Gallade|70\/100|[from] item: Leftovers\n|-heal|p1b: Urshifu|18\/100|[from] Grassy Terrain\n|upkeep\n|turn|8\n|\n|t:|1695349097\n|move|p2b: Sinistcha|Hex|p1a: Gallade\n|-supereffective|p1a: Gallade\n|-damage|p1a: Gallade|11\/100\n|move|p2a: Poltchageist|Giga Drain|p1b: Urshifu\n|-supereffective|p1b: Urshifu\n|-damage|p1b: Urshifu|0 fnt\n|-heal|p2a: Poltchageist|18\/100|[from] drain|[of] p1b: Urshifu\n|faint|p1b: Urshifu\n|move|p1a: Gallade|Night Slash|p2b: Sinistcha\n|-supereffective|p2b: Sinistcha\n|-damage|p2b: Sinistcha|46\/100\n|-damage|p1a: Gallade|0 fnt|[from] item: Rocky Helmet|[of] p2b: Sinistcha\n|faint|p1a: Gallade\n|\n|-heal|p2b: Sinistcha|53\/100|[from] Grassy Terrain\n|-heal|p2a: Poltchageist|24\/100|[from] Grassy Terrain\n|upkeep\n|\n|t:|1695349103\n|switch|p1b: Rillaboom|Rillaboom, F|84\/100\n|turn|9\n|\n|t:|1695349109\n|move|p2b: Sinistcha|Hex|p1b: Rillaboom\n|-damage|p1b: Rillaboom|50\/100\n|move|p2a: Poltchageist|Shadow Ball|p1b: Rillaboom\n|-damage|p1b: Rillaboom|22\/100\n|-unboost|p1b: Rillaboom|spd|1\n|move|p1b: Rillaboom|U-turn|p2a: Poltchageist\n|-damage|p2a: Poltchageist|0 fnt\n|faint|p2a: Poltchageist\n|\n|-heal|p2b: Sinistcha|59\/100|[from] Grassy Terrain\n|-heal|p1b: Rillaboom|28\/100|[from] Grassy Terrain\n|-heal|p1b: Rillaboom|35\/100|[from] item: Leftovers\n|upkeep\n|\n|t:|1695349113\n|switch|p2a: Polteageist|Polteageist|100\/100\n|turn|10\n|j| km082\n|\n|t:|1695349121\n|move|p1b: Rillaboom|Grassy Glide|p2a: Polteageist\n|-damage|p2a: Polteageist|42\/100\n|-ability|p2a: Polteageist|Weak Armor|boost\n|-unboost|p2a: Polteageist|def|1\n|-boost|p2a: Polteageist|spe|2\n|move|p2b: Sinistcha|Hex|p1b: Rillaboom\n|-damage|p1b: Rillaboom|0 fnt\n|faint|p1b: Rillaboom\n|\n|win|Mongoose556\n|raw|interdimentional's rating: 1188 &rarr; <strong>1162<\/strong><br \/>(-26 for losing)\n|raw|Mongoose556's rating: 1168 &rarr; <strong>1194<\/strong><br \/>(+26 for winning)\n|l|\u2606interdimentional\n","uploadtime":1695349130,"views":9,"p1id":"interdimentional","p2id":"mongoose556","formatid":"gen9nationaldexdoubles","rating":1162,"private":0,"password":""}