{"id":"gen9nationaldexdoubles-1980495388","p1":"TheBosses27","p2":"Blitz0","format":"[Gen 9] National Dex Doubles","log":"|j|\u2606TheBosses27\n|j|\u2606Blitz0\n|t:|1698790439\n|gametype|doubles\n|player|p1|TheBosses27|bruno|1081\n|player|p2|Blitz0|benga|1042\n|teamsize|p1|6\n|teamsize|p2|6\n|gen|9\n|tier|[Gen 9] National Dex Doubles\n|rated|\n|rule|HP Percentage Mod: HP is shown in percentages\n|rule|Endless Battle Clause: Forcing endless battles is banned\n|rule|OHKO Clause: OHKO moves are banned\n|rule|Evasion Moves Clause: Evasion moves are banned\n|rule|Evasion Abilities Clause: Evasion abilities are banned\n|rule|Species Clause: Limit one of each Pok\u00e9mon\n|rule|Gravity Sleep Clause: The combination of sleep-inducing moves with imperfect accuracy and Gravity or Gigantamax Orbeetle are banned\n|clearpoke\n|poke|p1|Indeedee-F, F|\n|poke|p1|Armarouge, F|\n|poke|p1|Kingambit, F|\n|poke|p1|Iron Hands|\n|poke|p1|Torkoal, F|\n|poke|p1|Salamence, M|\n|poke|p2|Iron Jugulis|\n|poke|p2|Hydreigon, F|\n|poke|p2|Iron Hands|\n|poke|p2|Hariyama, F|\n|poke|p2|Iron Thorns|\n|poke|p2|Tyranitar, M|\n|teampreview\n|inactive|Battle timer is ON: inactive players will automatically lose when time's up. (requested by TheBosses27)\n|inactive|Blitz0 has 120 seconds left.\n|\n|t:|1698790486\n|start\n|switch|p1a: Indeedee|Indeedee-F, F|100\/100\n|switch|p1b: Iron Hands|Iron Hands|100\/100\n|switch|p2a: Hariyama|Hariyama, F|100\/100\n|switch|p2b: Iron Hands|Iron Hands|100\/100\n|-fieldstart|move: Psychic Terrain|[from] ability: Psychic Surge|[of] p1a: Indeedee\n|turn|1\n|\n|t:|1698790491\n|move|p2a: Hariyama|Protect|p2a: Hariyama\n|-singleturn|p2a: Hariyama|Protect\n|move|p1b: Iron Hands|Volt Switch|p2a: Hariyama\n|-activate|p2a: Hariyama|move: Protect\n|move|p2b: Iron Hands|Swords Dance|p2b: Iron Hands\n|-boost|p2b: Iron Hands|atk|2\n|move|p1a: Indeedee|Trick Room|p1a: Indeedee\n|-fieldstart|move: Trick Room|[of] p1a: Indeedee\n|\n|-status|p2a: Hariyama|brn|[from] item: Flame Orb\n|upkeep\n|turn|2\n|\n|t:|1698790508\n|move|p2a: Hariyama|Endure||[still]\n|-fail|p2a: Hariyama\n|move|p1a: Indeedee|Protect|p1a: Indeedee\n|-singleturn|p1a: Indeedee|Protect\n|move|p2b: Iron Hands|Drain Punch|p1a: Indeedee\n|-activate|p1a: Indeedee|move: Protect\n|move|p1b: Iron Hands|Volt Switch|p2a: Hariyama\n|-damage|p2a: Hariyama|91\/100 brn\n|\n|t:|1698790515\n|-end|p1b: Iron Hands|Quark Drive|[silent]\n|switch|p1b: Armarouge|Armarouge, F|100\/100|[from] Volt Switch\n|\n|-damage|p2a: Hariyama|85\/100 brn|[from] brn\n|upkeep\n|turn|3\n|\n|t:|1698790528\n|move|p2a: Hariyama|Protect|p2a: Hariyama\n|-singleturn|p2a: Hariyama|Protect\n|move|p2b: Iron Hands|Drain Punch|p1a: Indeedee\n|-damage|p1a: Indeedee|0 fnt\n|faint|p1a: Indeedee\n|-damage|p2b: Iron Hands|91\/100|[from] item: Life Orb\n|move|p1b: Armarouge|Expanding Force|p2a: Hariyama|[spread] p2b\n|-activate|p2a: Hariyama|move: Protect\n|-supereffective|p2b: Iron Hands\n|-damage|p2b: Iron Hands|0 fnt\n|faint|p2b: Iron Hands\n|-end|p2b: Iron Hands|Quark Drive|[silent]\n|\n|-damage|p2a: Hariyama|79\/100 brn|[from] brn\n|upkeep\n|\n|t:|1698790541\n|switch|p2b: Hydreigon|Hydreigon, F|100\/100\n|switch|p1a: Torkoal|Torkoal, F|100\/100\n|-weather|SunnyDay|[from] ability: Drought|[of] p1a: Torkoal\n|turn|4\n|\n|t:|1698790548\n|switch|p1b: Iron Hands|Iron Hands|100\/100\n|move|p1a: Torkoal|Eruption|p2a: Hariyama|[spread] p2a,p2b\n|-resisted|p2b: Hydreigon\n|-damage|p2a: Hariyama|1\/100 brn\n|-damage|p2b: Hydreigon|38\/100\n|move|p2a: Hariyama|Facade|p1a: Torkoal\n|-damage|p1a: Torkoal|58\/100\n|move|p2b: Hydreigon|Dark Pulse|p1b: Iron Hands\n|-resisted|p1b: Iron Hands\n|-damage|p1b: Iron Hands|84\/100\n|\n|-weather|SunnyDay|[upkeep]\n|-damage|p2a: Hariyama|0 fnt|[from] brn\n|faint|p2a: Hariyama\n|upkeep\n|\n|t:|1698790559\n|switch|p2a: Iron Jugulis|Iron Jugulis|100\/100\n|-enditem|p2a: Iron Jugulis|Booster Energy\n|-activate|p2a: Iron Jugulis|ability: Quark Drive|[fromitem]\n|-start|p2a: Iron Jugulis|quarkdrivespe\n|turn|5\n|\n|t:|1698790566\n|-terastallize|p1a: Torkoal|Fire\n|move|p1a: Torkoal|Eruption|p2a: Iron Jugulis|[spread] p2a,p2b\n|-resisted|p2b: Hydreigon\n|-damage|p2a: Iron Jugulis|0 fnt\n|-damage|p2b: Hydreigon|0 fnt\n|faint|p2a: Iron Jugulis\n|-end|p2a: Iron Jugulis|Quark Drive|[silent]\n|faint|p2b: Hydreigon\n|move|p1b: Iron Hands|Drain Punch|p2: Iron Jugulis|[notarget]\n|-fail|p1b: Iron Hands\n|\n|-weather|SunnyDay|[upkeep]\n|-fieldend|move: Trick Room\n|-fieldend|move: Psychic Terrain\n|upkeep\n|\n|t:|1698790572\n|switch|p2a: Iron Thorns|Iron Thorns|100\/100\n|switch|p2b: Tyranitar|Tyranitar, M|100\/100\n|-ability|p2b: Tyranitar|Unnerve\n|turn|6\n|\n|t:|1698790577\n|detailschange|p2b: Tyranitar|Tyranitar-Mega, M\n|-mega|p2b: Tyranitar|Tyranitar|Tyranitarite\n|-weather|Sandstorm|[from] ability: Sand Stream|[of] p2b: Tyranitar\n|move|p2a: Iron Thorns|Dragon Dance|p2a: Iron Thorns\n|-boost|p2a: Iron Thorns|atk|1\n|-boost|p2a: Iron Thorns|spe|1\n|move|p2b: Tyranitar|Dragon Dance|p2b: Tyranitar\n|-boost|p2b: Tyranitar|atk|1\n|-boost|p2b: Tyranitar|spe|1\n|move|p1b: Iron Hands|Drain Punch|p2b: Tyranitar\n|-supereffective|p2b: Tyranitar\n|-damage|p2b: Tyranitar|0 fnt\n|-heal|p1b: Iron Hands|100\/100|[from] drain|[of] p2b: Tyranitar\n|faint|p2b: Tyranitar\n|move|p1a: Torkoal|Eruption|p2a: Iron Thorns\n|-resisted|p2a: Iron Thorns\n|-damage|p2a: Iron Thorns|71\/100\n|\n|-weather|Sandstorm|[upkeep]\n|-damage|p1b: Iron Hands|94\/100|[from] Sandstorm\n|-damage|p1a: Torkoal|52\/100|[from] Sandstorm\n|upkeep\n|turn|7\n|\n|t:|1698790585\n|-terastallize|p2a: Iron Thorns|Rock\n|move|p2a: Iron Thorns|Rock Slide|p1a: Torkoal|[spread] p1a,p1b\n|-supereffective|p1a: Torkoal\n|-resisted|p1b: Iron Hands\n|-damage|p1a: Torkoal|0 fnt\n|-damage|p1b: Iron Hands|75\/100\n|faint|p1a: Torkoal\n|-damage|p2a: Iron Thorns|61\/100|[from] item: Life Orb\n|move|p1b: Iron Hands|Drain Punch|p2a: Iron Thorns\n|-supereffective|p2a: Iron Thorns\n|-damage|p2a: Iron Thorns|0 fnt\n|-heal|p1b: Iron Hands|95\/100|[from] drain|[of] p2a: Iron Thorns\n|faint|p2a: Iron Thorns\n|-end|p2a: Iron Thorns|Quark Drive|[silent]\n|\n|win|TheBosses27\n|raw|TheBosses27's rating: 1081 &rarr; <strong>1106<\/strong><br \/>(+25 for winning)\n|raw|Blitz0's rating: 1042 &rarr; <strong>1028<\/strong><br \/>(-14 for losing)\n|l|\u2606Blitz0\n","uploadtime":1698790698,"views":9,"p1id":"thebosses27","p2id":"blitz0","formatid":"gen9nationaldexdoubles","rating":1028,"private":0,"password":""}