{"id":"gen9nationaldexdoubles-1984699837","p1":"Wralagath","p2":"StickmenSwampert","format":"[Gen 9] National Dex Doubles","log":"|j|\u2606Wralagath\n|j|\u2606StickmenSwampert\n|t:|1699291907\n|gametype|doubles\n|player|p1|Wralagath|colress|\n|player|p2|StickmenSwampert|unknown|\n|teamsize|p1|6\n|teamsize|p2|6\n|gen|9\n|tier|[Gen 9] National Dex Doubles\n|rule|HP Percentage Mod: HP is shown in percentages\n|rule|Endless Battle Clause: Forcing endless battles is banned\n|rule|OHKO Clause: OHKO moves are banned\n|rule|Evasion Moves Clause: Evasion moves are banned\n|rule|Evasion Abilities Clause: Evasion abilities are banned\n|rule|Species Clause: Limit one of each Pok\u00e9mon\n|rule|Gravity Sleep Clause: The combination of sleep-inducing moves with imperfect accuracy and Gravity or Gigantamax Orbeetle are banned\n|clearpoke\n|poke|p1|Skeledirge, F|\n|poke|p1|Torkoal, M|\n|poke|p1|Leafeon, F|\n|poke|p1|Grafaiai, F|\n|poke|p1|Bronzong|\n|poke|p1|Krookodile, F|\n|poke|p2|Armarouge, F|\n|poke|p2|Tauros-Paldea-Aqua, M|\n|poke|p2|Toedscruel, F|\n|poke|p2|Bombirdier, F|\n|poke|p2|Glimmora, F|\n|poke|p2|Baxcalibur, F|\n|teampreview\n|c|\u2606StickmenSwampert|oh right\n|c|\u2606StickmenSwampert|this team\n|c|\u2606Wralagath|:)\n|\n|t:|1699292015\n|start\n|switch|p1a: Torkoal|Torkoal, M|100\/100\n|switch|p1b: Leafeon|Leafeon, F|100\/100\n|switch|p2a: Spencer|Bombirdier, F|100\/100\n|switch|p2b: Pulpo|Toedscruel, F, shiny|100\/100\n|-weather|SunnyDay|[from] ability: Drought|[of] p1a: Torkoal\n|turn|1\n|\n|t:|1699292073\n|switch|p1b: Bronzong|Bronzong|100\/100\n|move|p2a: Spencer|Dual Wingbeat|p1b: Bronzong\n|-resisted|p1b: Bronzong\n|-damage|p1b: Bronzong|93\/100\n|-resisted|p1b: Bronzong\n|-damage|p1b: Bronzong|85\/100\n|-hitcount|p1b: Bronzong|2\n|move|p2b: Pulpo|Earth Power|p1a: Torkoal\n|-supereffective|p1a: Torkoal\n|-damage|p1a: Torkoal|4\/100\n|move|p1a: Torkoal|Eruption|p2a: Spencer|[spread] p2a,p2b\n|-supereffective|p2b: Pulpo\n|-damage|p2a: Spencer|98\/100\n|-damage|p2b: Pulpo|99\/100\n|\n|-weather|SunnyDay|[upkeep]\n|-heal|p1b: Bronzong|91\/100|[from] item: Leftovers\n|upkeep\n|turn|2\n|c|\u2606Wralagath|Cant say I didnt expect that\n|c|\u2606StickmenSwampert|do you have Levitate or heatproof?\n|c|\u2606Wralagath|Why would I tell you?\n|c|\u2606StickmenSwampert|come on man\n|c|\u2606StickmenSwampert|I'd tell you\n|c|\u2606Wralagath|Think about it\n|c|\u2606Wralagath|I have the sun up\n|\n|t:|1699292143\n|move|p1a: Torkoal|Protect|p1a: Torkoal\n|-singleturn|p1a: Torkoal|Protect\n|move|p2a: Spencer|Tailwind|p2a: Spencer\n|-sidestart|p2: StickmenSwampert|move: Tailwind\n|move|p2b: Pulpo|Earth Power|p1b: Bronzong\n|-immune|p1b: Bronzong|[from] ability: Levitate\n|move|p1b: Bronzong|Weather Ball|p2b: Pulpo\n|-supereffective|p2b: Pulpo\n|-damage|p2b: Pulpo|71\/100\n|\n|-weather|SunnyDay|[upkeep]\n|-heal|p1b: Bronzong|97\/100|[from] item: Leftovers\n|upkeep\n|turn|3\n|c|\u2606Wralagath|I clearly have Levitate\n|c|\u2606StickmenSwampert|STFU!!!\n|c|\u2606Wralagath|XD\n|\n|t:|1699292169\n|move|p2a: Spencer|Sucker Punch||[still]\n|-fail|p2a: Spencer\n|move|p2b: Pulpo|Earth Power|p1a: Torkoal\n|-supereffective|p1a: Torkoal\n|-damage|p1a: Torkoal|0 fnt\n|faint|p1a: Torkoal\n|move|p1b: Bronzong|Light Screen|p1b: Bronzong\n|-sidestart|p1: Wralagath|move: Light Screen\n|\n|-weather|SunnyDay|[upkeep]\n|-heal|p1b: Bronzong|100\/100|[from] item: Leftovers\n|upkeep\n|\n|t:|1699292194\n|switch|p1a: Skeledirge|Skeledirge, F|100\/100\n|turn|4\n|\n|t:|1699292207\n|move|p2a: Spencer|Stone Edge|p1a: Skeledirge\n|-supereffective|p1a: Skeledirge\n|-damage|p1a: Skeledirge|14\/100\n|move|p2b: Pulpo|Earth Power|p1a: Skeledirge\n|-supereffective|p1a: Skeledirge\n|-damage|p1a: Skeledirge|0 fnt\n|faint|p1a: Skeledirge\n|move|p1b: Bronzong|Rock Slide|p2b: Pulpo|[spread] p2a,p2b\n|-supereffective|p2a: Spencer\n|-resisted|p2b: Pulpo\n|-damage|p2a: Spencer|66\/100\n|-damage|p2b: Pulpo|62\/100\n|\n|-weather|SunnyDay|[upkeep]\n|upkeep\n|c|\u2606Wralagath|Welp\n|c|\u2606Wralagath|Time to do the thing\n|\n|t:|1699292246\n|switch|p1a: Leafeon|Leafeon, F|100\/100\n|turn|5\n|\n|t:|1699292255\n|move|p1a: Leafeon|Aerial Ace|p2b: Pulpo\n|-supereffective|p2b: Pulpo\n|-damage|p2b: Pulpo|0 fnt\n|faint|p2b: Pulpo\n|-damage|p1a: Leafeon|91\/100|[from] item: Life Orb\n|move|p2a: Spencer|Dual Wingbeat|p1a: Leafeon\n|-supereffective|p1a: Leafeon\n|-damage|p1a: Leafeon|57\/100\n|-supereffective|p1a: Leafeon\n|-damage|p1a: Leafeon|19\/100\n|-hitcount|p1a: Leafeon|2\n|move|p1b: Bronzong|Rock Slide|p2a: Spencer\n|-supereffective|p2a: Spencer\n|-damage|p2a: Spencer|22\/100\n|\n|-weather|none\n|-sideend|p2: StickmenSwampert|move: Tailwind\n|upkeep\n|\n|t:|1699292269\n|switch|p2b: Amber|Armarouge, F|100\/100\n|turn|6\n|\n|t:|1699292306\n|-terastallize|p1a: Leafeon|Ground\n|move|p2a: Spencer|Sucker Punch|p2b: Amber\n|-supereffective|p2b: Amber\n|-damage|p2b: Amber|27\/100\n|-ability|p2b: Amber|Weak Armor|boost\n|-unboost|p2b: Amber|def|1\n|-boost|p2b: Amber|spe|2\n|-enditem|p2b: Amber|Weakness Policy\n|-boost|p2b: Amber|atk|2|[from] item: Weakness Policy\n|-boost|p2b: Amber|spa|2|[from] item: Weakness Policy\n|move|p2b: Amber|Shadow Ball|p1b: Bronzong\n|-supereffective|p1b: Bronzong\n|-damage|p1b: Bronzong|46\/100\n|-unboost|p1b: Bronzong|spd|1\n|move|p1a: Leafeon|Tera Blast|p2b: Amber|[anim] Tera Blast Ground\n|-supereffective|p2b: Amber\n|-damage|p2b: Amber|0 fnt\n|faint|p2b: Amber\n|-damage|p1a: Leafeon|9\/100|[from] item: Life Orb\n|move|p1b: Bronzong|Rock Slide|p2a: Spencer\n|-supereffective|p2a: Spencer\n|-damage|p2a: Spencer|0 fnt\n|faint|p2a: Spencer\n|\n|-heal|p1b: Bronzong|53\/100|[from] item: Leftovers\n|upkeep\n|c|\u2606Wralagath|Shouldn't have done that\n|c|\u2606StickmenSwampert|WHT!??!R?T!#\n|c|\u2606StickmenSwampert|?W\n|c|\u2606StickmenSwampert|ET\/\n|c|\u2606StickmenSwampert|b\/\n|c|\u2606StickmenSwampert|z\/ d\n|c|\u2606StickmenSwampert|n\n|c|\u2606StickmenSwampert|ssehf\/z\n|c|\u2606StickmenSwampert|xn\/\n|c|\u2606StickmenSwampert|tbvr\/\n|c|\u2606StickmenSwampert|de4\/fs\n|c|\u2606Wralagath|See?\n|\n|t:|1699292335\n|switch|p2a: Buff|Tauros-Paldea-Aqua, M|100\/100\n|switch|p2b: Lotor|Baxcalibur, F|100\/100\n|turn|7\n|c|\u2606StickmenSwampert|g7xxbuvthfgc dbh\n|c|\u2606Wralagath|No hablo idiota\n|\n|t:|1699292408\n|-terastallize|p2b: Lotor|Fire\n|move|p2a: Buff|Trailblaze|p1a: Leafeon\n|-supereffective|p1a: Leafeon\n|-damage|p1a: Leafeon|0 fnt\n|-boost|p2a: Buff|spe|1\n|faint|p1a: Leafeon\n|move|p2b: Lotor|Tera Blast|p1b: Bronzong|[anim] Tera Blast Fire\n|-supereffective|p1b: Bronzong\n|-damage|p1b: Bronzong|0 fnt\n|faint|p1b: Bronzong\n|\n|-sideend|p1: Wralagath|move: Light Screen\n|upkeep\n|\n|t:|1699292422\n|switch|p1a: Grafaiai|Grafaiai, F|100\/100\n|switch|p1b: Krookodile|Krookodile, F|100\/100\n|-ability|p1b: Krookodile|Intimidate|boost\n|-unboost|p2a: Buff|atk|1\n|-unboost|p2b: Lotor|atk|1\n|turn|8\n|\n|t:|1699292460\n|move|p2a: Buff|Trailblaze|p1b: Krookodile\n|-supereffective|p1b: Krookodile\n|-damage|p1b: Krookodile|75\/100\n|-boost|p2a: Buff|spe|1\n|move|p1a: Grafaiai|Super Fang|p2a: Buff\n|-damage|p2a: Buff|51\/100\n|move|p1b: Krookodile|Earthquake|p2a: Buff|[spread] p1a,p2a,p2b\n|-supereffective|p1a: Grafaiai\n|-supereffective|p2b: Lotor\n|-damage|p1a: Grafaiai|1\/100\n|-damage|p2a: Buff|10\/100\n|-damage|p2b: Lotor|26\/100\n|-enditem|p2a: Buff|Starf Berry|[eat]\n|-boost|p2a: Buff|def|2|[from] item: Starf Berry\n|move|p2b: Lotor|Dragon Dance|p2b: Lotor\n|-boost|p2b: Lotor|atk|1\n|-boost|p2b: Lotor|spe|1\n|\n|upkeep\n|turn|9\n|\n|t:|1699292506\n|move|p1a: Grafaiai|Parting Shot|p2b: Lotor\n|-unboost|p2b: Lotor|atk|1\n|-unboost|p2b: Lotor|spa|1\n|move|p2a: Buff|Raging Bull|p1b: Krookodile\n|-supereffective|p1b: Krookodile\n|-damage|p1b: Krookodile|0 fnt\n|faint|p1b: Krookodile\n|move|p2b: Lotor|Icicle Spear|p1a: Grafaiai\n|-damage|p1a: Grafaiai|0 fnt\n|faint|p1a: Grafaiai\n|-hitcount|p1: Grafaiai|1\n|\n|win|StickmenSwampert\n|c|\u2606Wralagath|Ggs\n|c|\u2606StickmenSwampert|GG\n","uploadtime":1699292523,"views":6,"p1id":"wralagath","p2id":"stickmenswampert","formatid":"gen9nationaldexdoubles","rating":0,"private":0,"password":""}