{"id":"gen9nationaldexdoubles-1958950003","p1":"joaxd","p2":"shinyumbreon98","format":"[Gen 9] National Dex Doubles","log":"|j|\u2606joaxd\n|j|\u2606shinyumbreon98\n|t:|1696371434\n|gametype|doubles\n|player|p1|joaxd|2|1094\n|player|p2|shinyumbreon98|red|1151\n|teamsize|p1|6\n|teamsize|p2|6\n|gen|9\n|tier|[Gen 9] National Dex Doubles\n|rated|\n|rule|HP Percentage Mod: HP is shown in percentages\n|rule|Endless Battle Clause: Forcing endless battles is banned\n|rule|OHKO Clause: OHKO moves are banned\n|rule|Evasion Moves Clause: Evasion moves are banned\n|rule|Evasion Abilities Clause: Evasion abilities are banned\n|rule|Species Clause: Limit one of each Pok\u00e9mon\n|rule|Gravity Sleep Clause: The combination of sleep-inducing moves with imperfect accuracy and Gravity or Gigantamax Orbeetle are banned\n|clearpoke\n|poke|p1|Regieleki|\n|poke|p1|Gastrodon, M|\n|poke|p1|Scizor, M|\n|poke|p1|Marowak-Alola, F|\n|poke|p1|Tapu Fini|\n|poke|p1|Hitmontop, M|\n|poke|p2|Bronzong|\n|poke|p2|Porygon2|\n|poke|p2|Greedent, M|\n|poke|p2|Shiinotic, F|\n|poke|p2|Maractus, F|\n|poke|p2|Oranguru, M|\n|teampreview\n|\n|t:|1696371477\n|start\n|switch|p1a: Hitmontop|Hitmontop, M|100\/100\n|switch|p1b: Scizor|Scizor, M|100\/100\n|switch|p2a: Oranguru|Oranguru, M|100\/100\n|switch|p2b: Greedent|Greedent, M|100\/100\n|-ability|p1a: Hitmontop|Intimidate|boost\n|-unboost|p2a: Oranguru|atk|1\n|-unboost|p2b: Greedent|atk|1\n|turn|1\n|\n|t:|1696371492\n|switch|p2a: Maractus|Maractus, F|100\/100\n|switch|p2b: Bronzong|Bronzong, shiny|100\/100\n|detailschange|p1b: Scizor|Scizor-Mega, M\n|-mega|p1b: Scizor|Scizor|Scizorite\n|move|p1a: Hitmontop|Fake Out|p2b: Bronzong\n|-resisted|p2b: Bronzong\n|-damage|p2b: Bronzong|95\/100\n|move|p1b: Scizor|Lunge|p2a: Maractus\n|-supereffective|p2a: Maractus\n|-damage|p2a: Maractus|0 fnt\n|-damage|p1b: Scizor|84\/100|[from] item: Rocky Helmet|[of] p2a: Maractus\n|faint|p2a: Maractus\n|\n|upkeep\n|\n|t:|1696371512\n|switch|p2a: Porygon2|Porygon2|100\/100\n|-ability|p2a: Porygon2|Technician|[from] ability: Trace|[of] p1b: Scizor\n|turn|2\n|\n|t:|1696371524\n|move|p1b: Scizor|Lunge|p2b: Bronzong\n|-damage|p2b: Bronzong|55\/100\n|-unboost|p2b: Bronzong|atk|1\n|move|p1a: Hitmontop|Close Combat|p2b: Bronzong\n|-damage|p2b: Bronzong|12\/100\n|-unboost|p1a: Hitmontop|def|1\n|-unboost|p1a: Hitmontop|spd|1\n|move|p2b: Bronzong|Stealth Rock|p1b: Scizor\n|-sidestart|p1: joaxd|move: Stealth Rock\n|move|p2a: Porygon2|Trick Room|p2a: Porygon2\n|-fieldstart|move: Trick Room|[of] p2a: Porygon2\n|\n|upkeep\n|turn|3\n|\n|t:|1696371548\n|switch|p2a: Greedent|Greedent, M|100\/100\n|move|p2b: Bronzong|Gyro Ball|p1a: Hitmontop\n|-damage|p1a: Hitmontop|75\/100\n|-enditem|p1a: Hitmontop|Eject Button\n|\n|t:|1696371560\n|switch|p1a: Marowak|Marowak-Alola, F|100\/100\n|-damage|p1a: Marowak|76\/100|[from] Stealth Rock\n|move|p1b: Scizor|Close Combat|p2a: Greedent\n|-supereffective|p2a: Greedent\n|-damage|p2a: Greedent|25\/100\n|-unboost|p1b: Scizor|def|1\n|-unboost|p1b: Scizor|spd|1\n|-enditem|p2a: Greedent|Sitrus Berry|[eat]\n|-heal|p2a: Greedent|50\/100|[from] item: Sitrus Berry\n|-heal|p2a: Greedent|83\/100|[from] ability: Cheek Pouch\n|\n|upkeep\n|turn|4\n|\n|t:|1696371578\n|switch|p2b: Porygon2|Porygon2|100\/100\n|-ability|p2b: Porygon2|Technician|[from] ability: Trace|[of] p1b: Scizor\n|move|p1b: Scizor|Bullet Punch|p2b: Porygon2\n|-damage|p2b: Porygon2|76\/100\n|move|p2a: Greedent|Earthquake|p1b: Scizor|[spread] p2b,p1a,p1b\n|-crit|p2b: Porygon2\n|-supereffective|p1a: Marowak\n|-damage|p2b: Porygon2|55\/100\n|-damage|p1a: Marowak|29\/100\n|-damage|p1b: Scizor|51\/100\n|move|p1a: Marowak|Brick Break|p2a: Greedent\n|-supereffective|p2a: Greedent\n|-damage|p2a: Greedent|40\/100\n|\n|upkeep\n|turn|5\n|\n|t:|1696371596\n|move|p1a: Marowak|Detect|p1a: Marowak\n|-singleturn|p1a: Marowak|Protect\n|move|p2a: Greedent|Thief|p1a: Marowak\n|-activate|p1a: Marowak|move: Protect\n|move|p2b: Porygon2|Recover|p2b: Porygon2\n|-heal|p2b: Porygon2|100\/100\n|move|p1b: Scizor|Close Combat|p2a: Greedent\n|-supereffective|p2a: Greedent\n|-damage|p2a: Greedent|0 fnt\n|-unboost|p1b: Scizor|def|1\n|-unboost|p1b: Scizor|spd|1\n|faint|p2a: Greedent\n|\n|upkeep\n|\n|t:|1696371607\n|switch|p2a: Shiinotic|Shiinotic, F|100\/100\n|turn|6\n|\n|t:|1696371618\n|move|p1b: Scizor|Bullet Punch|p2a: Shiinotic\n|-supereffective|p2a: Shiinotic\n|-damage|p2a: Shiinotic|15\/100\n|move|p2a: Shiinotic|Spore|p1b: Scizor\n|-status|p1b: Scizor|slp|[from] move: Spore\n|move|p2b: Porygon2|Ice Beam|p1a: Marowak\n|-resisted|p1a: Marowak\n|-damage|p1a: Marowak|15\/100\n|move|p1a: Marowak|Flare Blitz|p2a: Shiinotic\n|-supereffective|p2a: Shiinotic\n|-damage|p2a: Shiinotic|0 fnt\n|faint|p2a: Shiinotic\n|-damage|p1a: Marowak|10\/100|[from] Recoil\n|\n|-fieldend|move: Trick Room\n|upkeep\n|\n|t:|1696371631\n|switch|p2a: Bronzong|Bronzong, shiny|12\/100\n|turn|7\n|\n|t:|1696371647\n|cant|p1b: Scizor|slp\n|move|p1a: Marowak|Brick Break|p2a: Bronzong\n|-damage|p2a: Bronzong|0 fnt\n|faint|p2a: Bronzong\n|move|p2b: Porygon2|Trick Room|p2b: Porygon2\n|-fieldstart|move: Trick Room|[of] p2b: Porygon2\n|\n|upkeep\n|\n|t:|1696371654\n|switch|p2a: Oranguru|Oranguru, M|100\/100\n|turn|8\n|\n|t:|1696371666\n|move|p2a: Oranguru|Expanding Force|p1a: Marowak\n|-damage|p1a: Marowak|0 fnt\n|faint|p1a: Marowak\n|move|p2b: Porygon2|Tri Attack|p1b: Scizor\n|-resisted|p1b: Scizor\n|-damage|p1b: Scizor|14\/100 slp\n|cant|p1b: Scizor|slp\n|\n|upkeep\n|\n|t:|1696371674\n|switch|p1a: Hitmontop|Hitmontop, M|75\/100\n|-damage|p1a: Hitmontop|69\/100|[from] Stealth Rock\n|-ability|p1a: Hitmontop|Intimidate|boost\n|-unboost|p2a: Oranguru|atk|1\n|-unboost|p2b: Porygon2|atk|1\n|turn|9\n|\n|t:|1696371703\n|move|p1a: Hitmontop|Fake Out|p2b: Porygon2\n|-damage|p2b: Porygon2|94\/100\n|move|p2a: Oranguru|Expanding Force|p1a: Hitmontop\n|-supereffective|p1a: Hitmontop\n|-damage|p1a: Hitmontop|1\/100\n|cant|p2b: Porygon2|flinch\n|-curestatus|p1b: Scizor|slp|[msg]\n|move|p1b: Scizor|Close Combat|p2a: Oranguru\n|-damage|p2a: Oranguru|52\/100\n|-unboost|p1b: Scizor|def|1\n|-unboost|p1b: Scizor|spd|1\n|-enditem|p2a: Oranguru|Red Card|[of] p1b: Scizor\n|drag|p1b: Tapu Fini|Tapu Fini|100\/100\n|-damage|p1b: Tapu Fini|88\/100|[from] Stealth Rock\n|-fieldstart|move: Misty Terrain|[from] ability: Misty Surge|[of] p1b: Tapu Fini\n|\n|-heal|p1b: Tapu Fini|94\/100|[from] item: Leftovers\n|upkeep\n|turn|10\n|\n|t:|1696371739\n|move|p2a: Oranguru|Instruct|p2b: Porygon2\n|-singleturn|p2b: Porygon2|move: Instruct|[of] p2a: Oranguru\n|move|p2b: Porygon2|Tri Attack|p1b: Tapu Fini\n|-damage|p1b: Tapu Fini|70\/100\n|move|p2b: Porygon2|Tri Attack|p1a: Hitmontop\n|-damage|p1a: Hitmontop|0 fnt\n|faint|p1a: Hitmontop\n|move|p1b: Tapu Fini|Calm Mind|p1b: Tapu Fini\n|-boost|p1b: Tapu Fini|spa|1\n|-boost|p1b: Tapu Fini|spd|1\n|\n|-heal|p1b: Tapu Fini|76\/100|[from] item: Leftovers\n|upkeep\n|\n|t:|1696371756\n|switch|p1a: Gastrodon|Gastrodon, M|100\/100\n|-damage|p1a: Gastrodon|94\/100|[from] Stealth Rock\n|turn|11\n|\n|t:|1696371770\n|move|p1a: Gastrodon|Protect|p1a: Gastrodon\n|-singleturn|p1a: Gastrodon|Protect\n|move|p2b: Porygon2|Tri Attack|p1b: Tapu Fini\n|-damage|p1b: Tapu Fini|59\/100\n|move|p2a: Oranguru|Expanding Force|p1b: Tapu Fini\n|-damage|p1b: Tapu Fini|39\/100\n|move|p1b: Tapu Fini|Muddy Water|p2b: Porygon2|[spread] p2b\n|-miss|p1b: Tapu Fini|p2a: Oranguru\n|-damage|p2b: Porygon2|75\/100\n|-unboost|p2b: Porygon2|accuracy|1\n|\n|-heal|p1b: Tapu Fini|46\/100|[from] item: Leftovers\n|-fieldend|move: Trick Room\n|upkeep\n|turn|12\n|\n|t:|1696371794\n|move|p1b: Tapu Fini|Muddy Water|p2a: Oranguru|[spread] p2b\n|-miss|p1b: Tapu Fini|p2a: Oranguru\n|-damage|p2b: Porygon2|56\/100\n|move|p2a: Oranguru|Expanding Force|p1b: Tapu Fini\n|-damage|p1b: Tapu Fini|27\/100\n|-zpower|p1a: Gastrodon\n|move|p1a: Gastrodon|Tectonic Rage|p2a: Oranguru|[zeffect]\n|-damage|p2a: Oranguru|13\/100\n|move|p2b: Porygon2|Trick Room|p2b: Porygon2\n|-fieldstart|move: Trick Room|[of] p2b: Porygon2\n|\n|-heal|p1b: Tapu Fini|33\/100|[from] item: Leftovers\n|upkeep\n|turn|13\n|\n|t:|1696371819\n|move|p1a: Gastrodon|Ice Beam|p2a: Oranguru\n|-damage|p2a: Oranguru|0 fnt\n|faint|p2a: Oranguru\n|move|p2b: Porygon2|Recover|p2b: Porygon2\n|-heal|p2b: Porygon2|100\/100\n|move|p1b: Tapu Fini|Moonblast|p2b: Porygon2\n|-damage|p2b: Porygon2|73\/100\n|\n|-heal|p1b: Tapu Fini|39\/100|[from] item: Leftovers\n|-fieldend|Misty Terrain\n|upkeep\n|turn|14\n|\n|t:|1696371832\n|move|p1a: Gastrodon|Ice Beam|p2b: Porygon2\n|-damage|p2b: Porygon2|63\/100\n|move|p2b: Porygon2|Tri Attack|p1b: Tapu Fini|[miss]\n|-miss|p2b: Porygon2|p1b: Tapu Fini\n|move|p1b: Tapu Fini|Calm Mind|p1b: Tapu Fini\n|-boost|p1b: Tapu Fini|spa|1\n|-boost|p1b: Tapu Fini|spd|1\n|\n|-heal|p1b: Tapu Fini|46\/100|[from] item: Leftovers\n|upkeep\n|turn|15\n|-message|shinyumbreon98 forfeited.\n|\n|win|joaxd\n|raw|joaxd's rating: 1094 &rarr; <strong>1124<\/strong><br \/>(+30 for winning)\n|raw|shinyumbreon98's rating: 1151 &rarr; <strong>1122<\/strong><br \/>(-29 for losing)\n|l|\u2606shinyumbreon98\n","uploadtime":1696371855,"views":17,"p1id":"joaxd","p2id":"shinyumbreon98","formatid":"gen9nationaldexdoubles","rating":1122,"private":0,"password":""}