{"id":"gen9nationaldexdoubles-1994474966","p1":"Ryan1Baek","p2":"wammer18","format":"[Gen 9] National Dex Doubles","log":"|j|\u2606Ryan1Baek\n|j|\u2606wammer18\n|t:|1700448184\n|gametype|doubles\n|player|p1|Ryan1Baek|carmine|\n|player|p2|wammer18|266|\n|teamsize|p1|6\n|teamsize|p2|6\n|gen|9\n|tier|[Gen 9] National Dex Doubles\n|rule|HP Percentage Mod: HP is shown in percentages\n|rule|Endless Battle Clause: Forcing endless battles is banned\n|rule|OHKO Clause: OHKO moves are banned\n|rule|Evasion Moves Clause: Evasion moves are banned\n|rule|Evasion Abilities Clause: Evasion abilities are banned\n|rule|Species Clause: Limit one of each Pok\u00e9mon\n|rule|Gravity Sleep Clause: The combination of sleep-inducing moves with imperfect accuracy and Gravity or Gigantamax Orbeetle are banned\n|clearpoke\n|poke|p1|Farigiraf, F|\n|poke|p1|Diancie|\n|poke|p1|Torkoal, F|\n|poke|p1|Venusaur, F|\n|poke|p1|Tornadus, M|\n|poke|p1|Walking Wake|\n|poke|p2|Charizard, F|\n|poke|p2|Chi-Yu|\n|poke|p2|Tornadus, M|\n|poke|p2|Tapu Fini|\n|poke|p2|Kingambit, M|\n|poke|p2|Ogerpon-Wellspring, F|\n|teampreview\n|j| TestudoJK\n|j| Eliminathan\n|j| Shiny_Hero64\n|\n|t:|1700448214\n|start\n|switch|p1a: Diancie|Diancie|100\/100\n|switch|p1b: Farigiraf|Farigiraf, F|100\/100\n|switch|p2a: Tapu Fini|Tapu Fini|100\/100\n|switch|p2b: Chi-Yu|Chi-Yu|100\/100\n|-ability|p2b: Chi-Yu|Beads of Ruin\n|-fieldstart|move: Misty Terrain|[from] ability: Misty Surge|[of] p2a: Tapu Fini\n|turn|1\n|\n|t:|1700448238\n|switch|p2b: Ogerpon|Ogerpon-Wellspring, F|100\/100\n|-terastallize|p1b: Farigiraf|Dark\n|move|p1a: Diancie|Protect|p1a: Diancie\n|-singleturn|p1a: Diancie|Protect\n|move|p2a: Tapu Fini|Muddy Water|p1b: Farigiraf|[spread] p1b\n|-activate|p1a: Diancie|move: Protect\n|-crit|p1b: Farigiraf\n|-damage|p1b: Farigiraf|55\/100\n|move|p1b: Farigiraf|Trick Room|p1b: Farigiraf\n|-fieldstart|move: Trick Room|[of] p1b: Farigiraf\n|\n|upkeep\n|turn|2\n|c| Shiny_Hero64|I played vs this\n|\n|t:|1700448264\n|switch|p1a: Venusaur|Venusaur, F, shiny|100\/100\n|move|p1b: Farigiraf|Psychic|p2b: Ogerpon\n|-damage|p2b: Ogerpon|67\/100\n|move|p2a: Tapu Fini|Muddy Water|p1a: Venusaur|[spread] p1a,p1b\n|-resisted|p1a: Venusaur\n|-damage|p1a: Venusaur|85\/100\n|-damage|p1b: Farigiraf|25\/100\n|move|p2b: Ogerpon|Horn Leech|p1a: Venusaur\n|-resisted|p1a: Venusaur\n|-damage|p1a: Venusaur|70\/100\n|-heal|p2b: Ogerpon|73\/100|[from] drain|[of] p1a: Venusaur\n|\n|upkeep\n|turn|3\n|\n|t:|1700448281\n|move|p1b: Farigiraf|Helping Hand|p1a: Venusaur\n|-singleturn|p1a: Venusaur|Helping Hand|[of] p1b: Farigiraf\n|move|p2b: Ogerpon|Spiky Shield|p2b: Ogerpon\n|-singleturn|p2b: Ogerpon|move: Protect\n|move|p2a: Tapu Fini|Moonblast|p1b: Farigiraf\n|-supereffective|p1b: Farigiraf\n|-damage|p1b: Farigiraf|0 fnt\n|faint|p1b: Farigiraf\n|move|p1a: Venusaur|Giga Drain|p2a: Tapu Fini\n|-supereffective|p2a: Tapu Fini\n|-damage|p2a: Tapu Fini|15\/100\n|-heal|p1a: Venusaur|100\/100|[from] drain|[of] p2a: Tapu Fini\n|-damage|p1a: Venusaur|91\/100|[from] item: Life Orb\n|\n|upkeep\n|c| Shiny_Hero64|Vs Ryan On ladder today\n|\n|t:|1700448300\n|switch|p1b: Torkoal|Torkoal, F, shiny|100\/100\n|-weather|SunnyDay|[from] ability: Drought|[of] p1b: Torkoal\n|turn|4\n|c| Eliminathan|no way its min speed overgrow right\n|c| Shiny_Hero64|Nah\n|\n|t:|1700448331\n|switch|p1a: Diancie|Diancie|100\/100\n|move|p2b: Ogerpon|Spiky Shield|p2b: Ogerpon\n|-singleturn|p2b: Ogerpon|move: Protect\n|move|p1b: Torkoal|Eruption|p2a: Tapu Fini|[spread] p2a\n|-activate|p2b: Ogerpon|move: Protect\n|-resisted|p2a: Tapu Fini\n|-damage|p2a: Tapu Fini|0 fnt\n|faint|p2a: Tapu Fini\n|\n|-weather|SunnyDay|[upkeep]\n|upkeep\n|\n|t:|1700448342\n|switch|p2a: Kingambit|Kingambit, M|100\/100\n|turn|5\n|\n|t:|1700448357\n|move|p2a: Kingambit|Protect|p2a: Kingambit\n|-singleturn|p2a: Kingambit|Protect\n|move|p1b: Torkoal|Eruption|p2a: Kingambit|[spread] p2b\n|-activate|p2a: Kingambit|move: Protect\n|-damage|p2b: Ogerpon|4\/100\n|move|p1a: Diancie|Play Rough|p2b: Ogerpon\n|-damage|p2b: Ogerpon|0 fnt\n|faint|p2b: Ogerpon\n|\n|-weather|SunnyDay|[upkeep]\n|-fieldend|move: Trick Room\n|-fieldend|Misty Terrain\n|upkeep\n|\n|t:|1700448374\n|switch|p2b: Charizard|Charizard, F|100\/100\n|turn|6\n|\n|t:|1700448385\n|detailschange|p2b: Charizard|Charizard-Mega-Y, F\n|-mega|p2b: Charizard|Charizard|Charizardite Y\n|detailschange|p1a: Diancie|Diancie-Mega\n|-mega|p1a: Diancie|Diancie|Diancite\n|move|p1a: Diancie|Protect|p1a: Diancie\n|-singleturn|p1a: Diancie|Protect\n|move|p2b: Charizard|Solar Beam||[still]\n|-prepare|p2b: Charizard|Solar Beam\n|-anim|p2b: Charizard|Solar Beam|p1a: Diancie\n|-activate|p1a: Diancie|move: Protect\n|move|p2a: Kingambit|Swords Dance|p2a: Kingambit\n|-boost|p2a: Kingambit|atk|2\n|move|p1b: Torkoal|Eruption|p2a: Kingambit|[spread] p2a,p2b\n|-supereffective|p2a: Kingambit\n|-resisted|p2b: Charizard\n|-damage|p2a: Kingambit|0 fnt\n|-damage|p2b: Charizard|69\/100\n|faint|p2a: Kingambit\n|\n|-weather|SunnyDay|[upkeep]\n|upkeep\n|\n|t:|1700448402\n|switch|p2a: Chi-Yu|Chi-Yu|100\/100\n|-ability|p2a: Chi-Yu|Beads of Ruin\n|turn|7\n|c| Shiny_Hero64|UHHHH\n|\n|t:|1700448409\n|-terastallize|p2a: Chi-Yu|Dark\n|move|p2a: Chi-Yu|Dark Pulse|p1b: Torkoal\n|-damage|p1b: Torkoal|0 fnt\n|faint|p1b: Torkoal\n|move|p2b: Charizard|Solar Beam||[still]\n|-prepare|p2b: Charizard|Solar Beam\n|-anim|p2b: Charizard|Solar Beam|p1a: Diancie\n|-supereffective|p1a: Diancie\n|-damage|p1a: Diancie|0 fnt\n|faint|p1a: Diancie\n|\n|-weather|SunnyDay|[upkeep]\n|upkeep\n|\n|t:|1700448418\n|switch|p1a: Walking Wake|Walking Wake|100\/100\n|switch|p1b: Tornadus|Tornadus, M, shiny|100\/100\n|-activate|p1a: Walking Wake|ability: Protosynthesis\n|-start|p1a: Walking Wake|protosynthesisspa\n|turn|8\n|\n|t:|1700448433\n|move|p2b: Charizard|Protect|p2b: Charizard\n|-singleturn|p2b: Charizard|Protect\n|move|p1b: Tornadus|Tailwind|p1b: Tornadus\n|-sidestart|p1: Ryan1Baek|move: Tailwind\n|move|p1a: Walking Wake|Draco Meteor|p2a: Chi-Yu\n|-damage|p2a: Chi-Yu|0 fnt\n|-unboost|p1a: Walking Wake|spa|2\n|faint|p2a: Chi-Yu\n|\n|-weather|none\n|-end|p1a: Walking Wake|Protosynthesis\n|upkeep\n|\n|t:|1700448442\n|switch|p2a: Tornadus|Tornadus, M|100\/100\n|turn|9\n|\n|t:|1700448453\n|-end|p1a: Walking Wake|Protosynthesis|[silent]\n|switch|p1a: Venusaur|Venusaur, F, shiny|91\/100\n|move|p1b: Tornadus|Taunt|p2a: Tornadus\n|-start|p2a: Tornadus|move: Taunt\n|move|p2a: Tornadus|Bleakwind Storm|p1b: Tornadus|[spread] p1a,p1b\n|-supereffective|p1a: Venusaur\n|-damage|p1a: Venusaur|5\/100\n|-damage|p1b: Tornadus|41\/100\n|move|p2b: Charizard|Heat Wave|p1b: Tornadus|[spread] p1a,p1b\n|-supereffective|p1a: Venusaur\n|-damage|p1a: Venusaur|0 fnt\n|-damage|p1b: Tornadus|0 fnt\n|faint|p1a: Venusaur\n|faint|p1b: Tornadus\n|\n|upkeep\n|\n|t:|1700448461\n|switch|p1b: Walking Wake|Walking Wake|100\/100\n|turn|10\n|c| Shiny_Hero64|It\u2019s over\n|\n|t:|1700448471\n|move|p2b: Charizard|Helping Hand|p2a: Tornadus\n|-singleturn|p2a: Tornadus|Helping Hand|[of] p2b: Charizard\n|move|p1b: Walking Wake|Hydro Steam|p2b: Charizard\n|-supereffective|p2b: Charizard\n|-damage|p2b: Charizard|0 fnt\n|faint|p2b: Charizard\n|move|p2a: Tornadus|Bleakwind Storm|p1b: Walking Wake\n|-crit|p1b: Walking Wake\n|-damage|p1b: Walking Wake|0 fnt\n|faint|p1b: Walking Wake\n|-end|p1b: Walking Wake|Protosynthesis|[silent]\n|\n|win|wammer18\n|c|\u2606Ryan1Baek|gg\n","uploadtime":1700448481,"views":4,"p1id":"ryan1baek","p2id":"wammer18","formatid":"gen9nationaldexdoubles","rating":0,"private":0,"password":""}