{"id":"gen9nationaldexdoubles-1975553254","p1":"knightgem","p2":"Marlene 420","format":"[Gen 9] National Dex Doubles","log":"|j|\u2606knightgem\n|j|\u2606Marlene 420\n|t:|1698204074\n|gametype|doubles\n|player|p1|knightgem|#knightgem|1084\n|player|p2|Marlene 420|cheryl|1217\n|teamsize|p1|6\n|teamsize|p2|6\n|gen|9\n|tier|[Gen 9] National Dex Doubles\n|rated|\n|rule|HP Percentage Mod: HP is shown in percentages\n|rule|Endless Battle Clause: Forcing endless battles is banned\n|rule|OHKO Clause: OHKO moves are banned\n|rule|Evasion Moves Clause: Evasion moves are banned\n|rule|Evasion Abilities Clause: Evasion abilities are banned\n|rule|Species Clause: Limit one of each Pok\u00e9mon\n|rule|Gravity Sleep Clause: The combination of sleep-inducing moves with imperfect accuracy and Gravity or Gigantamax Orbeetle are banned\n|clearpoke\n|poke|p1|Primarina, F|\n|poke|p1|Skeledirge, M|\n|poke|p1|Rillaboom, M|\n|poke|p1|Toxtricity, M|\n|poke|p1|Kommo-o, F|\n|poke|p1|Clefairy, F|\n|poke|p2|Pheromosa|\n|poke|p2|Diancie|\n|poke|p2|Lopunny, F|\n|poke|p2|Gardevoir, F|\n|poke|p2|Meloetta|\n|poke|p2|Hatterene, F|\n|teampreview\n|inactive|Battle timer is ON: inactive players will automatically lose when time's up. (requested by knightgem)\n|\n|t:|1698204087\n|start\n|switch|p1a: Timpani|Kommo-o, F|100\/100\n|switch|p1b: Conductor|Clefairy, F|100\/100\n|switch|p2a: Lola|Lopunny, F, shiny|100\/100\n|switch|p2b: Melody|Meloetta|100\/100\n|turn|1\n|\n|t:|1698204113\n|detailschange|p2a: Lola|Lopunny-Mega, F, shiny\n|-mega|p2a: Lola|Lopunny|Lopunnite\n|move|p2a: Lola|Fake Out|p1b: Conductor\n|-damage|p1b: Conductor|74\/100\n|cant|p1b: Conductor|flinch\n|move|p1a: Timpani|Substitute|p1a: Timpani\n|-start|p1a: Timpani|Substitute\n|-damage|p1a: Timpani|75\/100\n|move|p2b: Melody|Relic Song|p1a: Timpani|[spread] p1b\n|-immune|p1a: Timpani|[from] ability: Soundproof\n|-crit|p1b: Conductor\n|-damage|p1b: Conductor|53\/100\n|-status|p1b: Conductor|slp|[from] move: Relic Song\n|-formechange|p2b: Melody|Meloetta-Pirouette|[msg]\n|\n|upkeep\n|turn|2\n|inactive|Marlene 420 has 120 seconds left.\n|\n|t:|1698204159\n|switch|p2a: Dianita|Diancie|100\/100\n|switch|p2b: Katherine|Hatterene, F|100\/100\n|cant|p1b: Conductor|slp\n|move|p1a: Timpani|Belly Drum|p1a: Timpani\n|-damage|p1a: Timpani|25\/100\n|-setboost|p1a: Timpani|atk|6|[from] move: Belly Drum\n|-enditem|p1a: Timpani|Salac Berry|[eat]\n|-boost|p1a: Timpani|spe|1|[from] item: Salac Berry\n|\n|upkeep\n|turn|3\n|inactive|Marlene 420 has 120 seconds left.\n|\n|t:|1698204180\n|-terastallize|p1a: Timpani|Steel\n|move|p1a: Timpani|Drain Punch|p2a: Dianita\n|-damage|p2a: Dianita|23\/100\n|-heal|p1a: Timpani|66\/100|[from] drain|[of] p2a: Dianita\n|move|p2a: Dianita|Moonblast|p1a: Timpani\n|-resisted|p1a: Timpani\n|-activate|p1a: Timpani|move: Substitute|[damage]\n|-curestatus|p1b: Conductor|slp|[msg]\n|move|p1b: Conductor|Wish|p1b: Conductor\n|move|p2b: Katherine|Draining Kiss|p1a: Timpani\n|-resisted|p1a: Timpani\n|-activate|p1a: Timpani|move: Substitute|[damage]\n|\n|-heal|p2a: Dianita|29\/100|[from] item: Leftovers\n|upkeep\n|turn|4\n|inactive|Marlene 420 has 120 seconds left.\n|\n|t:|1698204215\n|-terastallize|p2a: Dianita|Ground\n|move|p1b: Conductor|Follow Me|p1b: Conductor\n|-singleturn|p1b: Conductor|move: Follow Me\n|move|p1a: Timpani|Drain Punch|p2a: Dianita\n|-damage|p2a: Dianita|0 fnt\n|-heal|p1a: Timpani|81\/100|[from] drain|[of] p2a: Dianita\n|faint|p2a: Dianita\n|move|p2b: Katherine|Calm Mind|p2b: Katherine\n|-boost|p2b: Katherine|spa|1\n|-boost|p2b: Katherine|spd|1\n|\n|-heal|p1b: Conductor|100\/100|[from] move: Wish|[wisher] Conductor\n|upkeep\n|\n|t:|1698204233\n|switch|p2a: Lola|Lopunny-Mega, F, shiny|100\/100\n|turn|5\n|inactive|knightgem has 120 seconds left.\n|\n|t:|1698204266\n|move|p2a: Lola|Fake Out|p1a: Timpani\n|-resisted|p1a: Timpani\n|-end|p1a: Timpani|Substitute\n|move|p1b: Conductor|Ally Switch|p1b: Conductor\n|swap|p1b: Conductor|0|[from] move: Ally Switch\n|move|p1b: Timpani|Iron Head|p2b: Katherine\n|-supereffective|p2b: Katherine\n|-damage|p2b: Katherine|0 fnt\n|faint|p2b: Katherine\n|\n|upkeep\n|inactive|Marlene 420 has 90 seconds left.\n|\n|t:|1698204289\n|switch|p2b: Phersefone|Pheromosa, shiny|100\/100\n|turn|6\n|\n|t:|1698204298\n|move|p1a: Conductor|Follow Me|p1a: Conductor\n|-singleturn|p1a: Conductor|move: Follow Me\n|move|p2b: Phersefone|High Jump Kick|p1a: Conductor\n|-resisted|p1a: Conductor\n|-damage|p1a: Conductor|50\/100\n|-damage|p2b: Phersefone|91\/100|[from] item: Life Orb\n|move|p1b: Timpani|Drain Punch|p2a: Lola\n|-supereffective|p2a: Lola\n|-damage|p2a: Lola|0 fnt\n|-heal|p1b: Timpani|100\/100|[from] drain|[of] p2a: Lola\n|faint|p2a: Lola\n|\n|upkeep\n|\n|t:|1698204312\n|switch|p2a: Melody|Meloetta|100\/100\n|turn|7\n|inactive|Marlene 420 has 120 seconds left.\n|\n|t:|1698204323\n|move|p1a: Conductor|Follow Me|p1a: Conductor\n|-singleturn|p1a: Conductor|move: Follow Me\n|move|p2b: Phersefone|High Jump Kick|p1a: Conductor\n|-resisted|p1a: Conductor\n|-damage|p1a: Conductor|3\/100\n|-damage|p2b: Phersefone|81\/100|[from] item: Life Orb\n|move|p1b: Timpani|Substitute|p1b: Timpani\n|-start|p1b: Timpani|Substitute\n|-damage|p1b: Timpani|75\/100\n|move|p2a: Melody|Relic Song|p1b: Timpani|[spread] p1a\n|-immune|p1b: Timpani|[from] ability: Soundproof\n|-damage|p1a: Conductor|0 fnt\n|faint|p1a: Conductor\n|-formechange|p2a: Melody|Meloetta-Pirouette|[msg]\n|\n|upkeep\n|\n|t:|1698204332\n|switch|p1a: Gunkitar|Toxtricity, M|100\/100\n|turn|8\n|inactive|Marlene 420 has 120 seconds left.\n|\n|t:|1698204365\n|move|p2b: Phersefone|Bug Buzz|p1a: Gunkitar\n|-resisted|p1a: Gunkitar\n|-damage|p1a: Gunkitar|80\/100\n|-damage|p2b: Phersefone|71\/100|[from] item: Life Orb\n|move|p1b: Timpani|Iron Head|p2b: Phersefone\n|-damage|p2b: Phersefone|0 fnt\n|faint|p2b: Phersefone\n|move|p1a: Gunkitar|Overdrive|p2a: Melody\n|-damage|p2a: Melody|31\/100\n|move|p2a: Melody|Close Combat|p1a: Gunkitar\n|-resisted|p1a: Gunkitar\n|-damage|p1a: Gunkitar|31\/100\n|-unboost|p2a: Melody|def|1\n|-unboost|p2a: Melody|spd|1\n|\n|upkeep\n|inactive|Marlene 420 has 120 seconds left.\n|-message|Marlene 420 forfeited.\n|\n|win|knightgem\n|raw|knightgem's rating: 1084 &rarr; <strong>1121<\/strong><br \/>(+37 for winning)\n|raw|Marlene 420's rating: 1217 &rarr; <strong>1183<\/strong><br \/>(-34 for losing)\n|l|\u2606Marlene 420\n","uploadtime":1698204387,"views":11,"p1id":"knightgem","p2id":"marlene420","formatid":"gen9nationaldexdoubles","rating":1121,"private":0,"password":""}