{"id":"gen9nationaldexdoubles-1959539884","p1":"AceCoyoteNK","p2":"SquidSpring","format":"[Gen 9] National Dex Doubles","log":"|j|\u2606AceCoyoteNK\n|j|\u2606SquidSpring\n|t:|1696435920\n|gametype|doubles\n|player|p1|AceCoyoteNK|clair|1302\n|player|p2|SquidSpring|iono|1417\n|teamsize|p1|6\n|teamsize|p2|6\n|gen|9\n|tier|[Gen 9] National Dex Doubles\n|rated|\n|rule|HP Percentage Mod: HP is shown in percentages\n|rule|Endless Battle Clause: Forcing endless battles is banned\n|rule|OHKO Clause: OHKO moves are banned\n|rule|Evasion Moves Clause: Evasion moves are banned\n|rule|Evasion Abilities Clause: Evasion abilities are banned\n|rule|Species Clause: Limit one of each Pok\u00e9mon\n|rule|Gravity Sleep Clause: The combination of sleep-inducing moves with imperfect accuracy and Gravity or Gigantamax Orbeetle are banned\n|clearpoke\n|poke|p1|Arcanine-Hisui, M|\n|poke|p1|Baxcalibur, F|\n|poke|p1|Amoonguss, F|\n|poke|p1|Indeedee-F, F|\n|poke|p1|Flutter Mane|\n|poke|p1|Metagross|\n|poke|p2|Rillaboom, F|\n|poke|p2|Volcanion|\n|poke|p2|Chien-Pao|\n|poke|p2|Tornadus, M|\n|poke|p2|Zygarde|\n|poke|p2|Metagross|\n|teampreview\n|inactive|Battle timer is ON: inactive players will automatically lose when time's up. (requested by SquidSpring)\n|c|\u2606SquidSpring|glhf\n|inactive|AceCoyoteNK has 120 seconds left.\n|\n|t:|1696435952\n|start\n|switch|p1a: Amoonguss|Amoonguss, F|100\/100\n|switch|p1b: Baxcalibur|Baxcalibur, F|100\/100\n|switch|p2a: MONEY MONEY MONEY|Metagross, shiny|100\/100\n|switch|p2b: KIMARI|Chien-Pao|100\/100\n|-ability|p2b: KIMARI|Sword of Ruin\n|turn|1\n|c|\u2606AceCoyoteNK|oh no\n|c|\u2606AceCoyoteNK|i fogor\n|inactive|AceCoyoteNK has 120 seconds left.\n|inactive|SquidSpring has 120 seconds left.\n|c|\u2606AceCoyoteNK|I'm playing with the top people\n|c|\u2606AceCoyoteNK|never been this high\n|inactive|AceCoyoteNK has 90 seconds left.\n|\n|t:|1696436016\n|detailschange|p2a: MONEY MONEY MONEY|Metagross-Mega, shiny\n|-mega|p2a: MONEY MONEY MONEY|Metagross|Metagrossite\n|move|p2b: KIMARI|Icicle Crash|p1a: Amoonguss\n|-supereffective|p1a: Amoonguss\n|-damage|p1a: Amoonguss|0 fnt\n|faint|p1a: Amoonguss\n|move|p2a: MONEY MONEY MONEY|Meteor Mash|p1b: Baxcalibur\n|-supereffective|p1b: Baxcalibur\n|-damage|p1b: Baxcalibur|0 fnt\n|faint|p1b: Baxcalibur\n|\n|upkeep\n|c|\u2606SquidSpring|good luck then\n|inactive|AceCoyoteNK has 90 seconds left.\n|c|\u2606AceCoyoteNK|oh god\n|inactive|AceCoyoteNK has 60 seconds left.\n|c|\u2606AceCoyoteNK|my team finally shows the lack of synergy\n|\n|t:|1696436081\n|switch|p1b: Metagross|Metagross, shiny|100\/100\n|switch|p1a: Arcanine|Arcanine-Hisui, M|100\/100\n|turn|2\n|c|\u2606AceCoyoteNK|or OU power\n|\n|t:|1696436106\n|detailschange|p1b: Metagross|Metagross-Mega, shiny\n|-mega|p1b: Metagross|Metagross|Metagrossite\n|move|p2b: KIMARI|Protect|p2b: KIMARI\n|-singleturn|p2b: KIMARI|Protect\n|move|p2a: MONEY MONEY MONEY|Stomping Tantrum|p1a: Arcanine\n|-supereffective|p1a: Arcanine\n|-damage|p1a: Arcanine|0 fnt\n|faint|p1a: Arcanine\n|move|p1b: Metagross|Power-Up Punch|p2b: KIMARI\n|-activate|p2b: KIMARI|move: Protect\n|\n|upkeep\n|c|\u2606AceCoyoteNK|oh god\n|inactive|AceCoyoteNK has 30 seconds left.\n|c|\u2606AceCoyoteNK|why\n|\n|t:|1696436120\n|switch|p1a: Flutter Mane|Flutter Mane|100\/100\n|-enditem|p1a: Flutter Mane|Booster Energy\n|-activate|p1a: Flutter Mane|ability: Protosynthesis|[fromitem]\n|-start|p1a: Flutter Mane|protosynthesisspe\n|turn|3\n|inactiveoff|Battle timer is now OFF.\n|\n|t:|1696436130\n|move|p2b: KIMARI|Sucker Punch|p1b: Metagross\n|-supereffective|p1b: Metagross\n|-damage|p1b: Metagross|22\/100\n|move|p1b: Metagross|Bullet Punch|p2b: KIMARI\n|-supereffective|p2b: KIMARI\n|-damage|p2b: KIMARI|27\/100\n|move|p2a: MONEY MONEY MONEY|Bullet Punch|p1a: Flutter Mane\n|-supereffective|p1a: Flutter Mane\n|-damage|p1a: Flutter Mane|0 fnt\n|faint|p1a: Flutter Mane\n|-end|p1a: Flutter Mane|Protosynthesis|[silent]\n|\n|upkeep\n|\n|t:|1696436139\n|switch|p1a: Indeedee|Indeedee-F, F|100\/100\n|-fieldstart|move: Psychic Terrain|[from] ability: Psychic Surge|[of] p1a: Indeedee\n|-enditem|p1a: Indeedee|Psychic Seed\n|-boost|p1a: Indeedee|spd|1|[from] item: Psychic Seed\n|turn|4\n|c|\u2606AceCoyoteNK|If only I had the world champ difference\n|\n|t:|1696436166\n|move|p2b: KIMARI|Protect|p2b: KIMARI\n|-singleturn|p2b: KIMARI|Protect\n|move|p1a: Indeedee|Follow Me|p1a: Indeedee\n|-singleturn|p1a: Indeedee|move: Follow Me\n|move|p2a: MONEY MONEY MONEY|Stomping Tantrum|p1a: Indeedee\n|-damage|p1a: Indeedee|54\/100\n|move|p1b: Metagross|Power-Up Punch|p2b: KIMARI\n|-activate|p2b: KIMARI|move: Protect\n|\n|upkeep\n|turn|5\n|\n|t:|1696436191\n|switch|p2b: BA DUM TISS|Rillaboom, F|100\/100\n|-fieldstart|move: Grassy Terrain|[from] ability: Grassy Surge|[of] p2b: BA DUM TISS\n|move|p1a: Indeedee|Follow Me|p1a: Indeedee\n|-singleturn|p1a: Indeedee|move: Follow Me\n|move|p2a: MONEY MONEY MONEY|Meteor Mash|p1a: Indeedee\n|-damage|p1a: Indeedee|0 fnt\n|faint|p1a: Indeedee\n|move|p1b: Metagross|Power-Up Punch|p2b: BA DUM TISS\n|-damage|p2b: BA DUM TISS|84\/100\n|-boost|p1b: Metagross|atk|1\n|\n|-heal|p1b: Metagross|28\/100|[from] Grassy Terrain\n|-heal|p2b: BA DUM TISS|90\/100|[from] Grassy Terrain\n|upkeep\n|turn|6\n|c|\u2606AceCoyoteNK|the slow planning you take\n|c|\u2606SquidSpring|gg\n|c|\u2606AceCoyoteNK|Bullet punch battle?\n|\n|t:|1696436214\n|move|p1b: Metagross|Protect|p1b: Metagross\n|-singleturn|p1b: Metagross|Protect\n|move|p2b: BA DUM TISS|Fake Out|p1b: Metagross\n|-activate|p1b: Metagross|move: Protect\n|move|p2a: MONEY MONEY MONEY|Stomping Tantrum|p1b: Metagross\n|-activate|p1b: Metagross|move: Protect\n|\n|-heal|p1b: Metagross|34\/100|[from] Grassy Terrain\n|-heal|p2b: BA DUM TISS|96\/100|[from] Grassy Terrain\n|upkeep\n|turn|7\n|c|\u2606AceCoyoteNK|sike\n|c|\u2606AceCoyoteNK|i lied\n|\n|t:|1696436226\n|move|p1b: Metagross|Bullet Punch|p2a: MONEY MONEY MONEY\n|-resisted|p2a: MONEY MONEY MONEY\n|-damage|p2a: MONEY MONEY MONEY|85\/100\n|move|p2a: MONEY MONEY MONEY|Stomping Tantrum|p1b: Metagross\n|-supereffective|p1b: Metagross\n|-damage|p1b: Metagross|0 fnt\n|faint|p1b: Metagross\n|\n|win|SquidSpring\n|raw|AceCoyoteNK's rating: 1302 &rarr; <strong>1288<\/strong><br \/>(-14 for losing)\n|raw|SquidSpring's rating: 1417 &rarr; <strong>1431<\/strong><br \/>(+14 for winning)\n|c|\u2606AceCoyoteNK|ouch\n|c|\u2606SquidSpring|gg\n|c|\u2606AceCoyoteNK|gg\n|c|\u2606SquidSpring|good luck in next game\n","uploadtime":1696436257,"views":14,"p1id":"acecoyotenk","p2id":"squidspring","formatid":"gen9nationaldexdoubles","rating":1288,"private":0,"password":""}