{"id":"gen9nationaldexdoubles-1970566856","p1":"snowgust","p2":"Lgbeet","format":"[Gen 9] National Dex Doubles","log":"|j|\u2606snowgust\n|j|\u2606Lgbeet\n|t:|1697648899\n|gametype|doubles\n|player|p1|snowgust|1|1154\n|player|p2|Lgbeet|pokefanf|1127\n|teamsize|p1|6\n|teamsize|p2|6\n|gen|9\n|tier|[Gen 9] National Dex Doubles\n|rated|\n|rule|HP Percentage Mod: HP is shown in percentages\n|rule|Endless Battle Clause: Forcing endless battles is banned\n|rule|OHKO Clause: OHKO moves are banned\n|rule|Evasion Moves Clause: Evasion moves are banned\n|rule|Evasion Abilities Clause: Evasion abilities are banned\n|rule|Species Clause: Limit one of each Pok\u00e9mon\n|rule|Gravity Sleep Clause: The combination of sleep-inducing moves with imperfect accuracy and Gravity or Gigantamax Orbeetle are banned\n|clearpoke\n|poke|p1|Dunsparce, F|\n|poke|p1|Dudunsparce-*, F|\n|poke|p1|Roaring Moon|\n|poke|p1|Sableye, F|\n|poke|p1|Blissey, F|\n|poke|p1|Dragonite, M|\n|poke|p2|Ursaluna-Bloodmoon, M|\n|poke|p2|Mantyke, F|\n|poke|p2|Cyclizar, F|\n|poke|p2|Klawf, M|\n|poke|p2|Forretress, M|\n|poke|p2|Electrode-Hisui|\n|teampreview\n|\n|t:|1697648923\n|start\n|switch|p1a: Dunsparce|Dunsparce, F|100\/100\n|switch|p1b: Sableye|Sableye, F, shiny|100\/100\n|switch|p2a: Cyclizar|Cyclizar, F|100\/100\n|switch|p2b: Ursaluna|Ursaluna-Bloodmoon, M|100\/100\n|turn|1\n|\n|t:|1697648946\n|move|p1b: Sableye|Thunder Wave|p2a: Cyclizar\n|-status|p2a: Cyclizar|par\n|move|p1a: Dunsparce|Rock Slide|p2a: Cyclizar|[spread] p2a,p2b\n|-resisted|p2b: Ursaluna\n|-crit|p2b: Ursaluna\n|-damage|p2a: Cyclizar|76\/100 par\n|-damage|p2b: Ursaluna|94\/100\n|cant|p2a: Cyclizar|flinch\n|move|p2b: Ursaluna|Blood Moon|p1a: Dunsparce\n|-damage|p1a: Dunsparce|0 fnt\n|faint|p1a: Dunsparce\n|-damage|p2b: Ursaluna|84\/100|[from] item: Life Orb\n|\n|upkeep\n|\n|t:|1697648959\n|switch|p1a: Roaring Moon|Roaring Moon|100\/100\n|-enditem|p1a: Roaring Moon|Booster Energy\n|-activate|p1a: Roaring Moon|ability: Protosynthesis|[fromitem]\n|-start|p1a: Roaring Moon|protosynthesisatk\n|turn|2\n|\n|t:|1697648978\n|move|p1b: Sableye|Attract|p2b: Ursaluna\n|-start|p2b: Ursaluna|Attract\n|move|p1a: Roaring Moon|Dragon Dance|p1a: Roaring Moon\n|-boost|p1a: Roaring Moon|atk|1\n|-boost|p1a: Roaring Moon|spe|1\n|cant|p2a: Cyclizar|par\n|-activate|p2b: Ursaluna|move: Attract|[of] p1b: Sableye\n|cant|p2b: Ursaluna|Attract\n|\n|upkeep\n|turn|3\n|\n|t:|1697649000\n|move|p1b: Sableye|Confuse Ray|p2b: Ursaluna\n|-start|p2b: Ursaluna|confusion\n|move|p1a: Roaring Moon|Rock Slide|p2a: Cyclizar|[spread] p2a,p2b\n|-resisted|p2b: Ursaluna\n|-damage|p2a: Cyclizar|0 fnt\n|-damage|p2b: Ursaluna|68\/100\n|faint|p2a: Cyclizar\n|cant|p2b: Ursaluna|flinch\n|\n|upkeep\n|\n|t:|1697649013\n|switch|p2a: Klawf|Klawf, M|100\/100\n|turn|4\n|\n|t:|1697649036\n|move|p1b: Sableye|Attract|p2a: Klawf\n|-start|p2a: Klawf|Attract\n|move|p1a: Roaring Moon|Rock Slide|p2b: Ursaluna|[spread] p2a,p2b\n|-resisted|p2b: Ursaluna\n|-damage|p2a: Klawf|72\/100\n|-damage|p2b: Ursaluna|52\/100\n|cant|p2a: Klawf|flinch\n|-activate|p2b: Ursaluna|confusion\n|-activate|p2b: Ursaluna|move: Attract|[of] p1b: Sableye\n|cant|p2b: Ursaluna|Attract\n|\n|-heal|p2a: Klawf|78\/100|[from] item: Leftovers\n|upkeep\n|turn|5\n|\n|t:|1697649053\n|move|p1b: Sableye|Thunder Wave|p2a: Klawf\n|-status|p2a: Klawf|par\n|move|p1a: Roaring Moon|Rock Slide|p2a: Klawf|[spread] p2b\n|-miss|p1a: Roaring Moon|p2a: Klawf\n|-resisted|p2b: Ursaluna\n|-damage|p2b: Ursaluna|38\/100\n|cant|p2b: Ursaluna|flinch\n|-activate|p2a: Klawf|move: Attract|[of] p1b: Sableye\n|move|p2a: Klawf|Stealth Rock|p1b: Sableye\n|-sidestart|p1: snowgust|move: Stealth Rock\n|\n|-heal|p2a: Klawf|84\/100 par|[from] item: Leftovers\n|upkeep\n|turn|6\n|l|\u2606snowgust\n|player|p1|\n|j|\u2606snowgust\n|player|p1|snowgust|1\n|\n|t:|1697649083\n|switch|p2a: Electrode|Electrode-Hisui|100\/100\n|move|p1b: Sableye|Confuse Ray|p2a: Electrode\n|-start|p2a: Electrode|confusion\n|move|p1a: Roaring Moon|Rock Slide|p2b: Ursaluna|[spread] p2a,p2b\n|-resisted|p2b: Ursaluna\n|-damage|p2a: Electrode|23\/100\n|-damage|p2b: Ursaluna|24\/100\n|-activate|p2b: Ursaluna|confusion\n|-activate|p2b: Ursaluna|move: Attract|[of] p1b: Sableye\n|cant|p2b: Ursaluna|Attract\n|\n|-heal|p2a: Electrode|29\/100|[from] item: Leftovers\n|upkeep\n|turn|7\n|\n|t:|1697649108\n|switch|p2a: Klawf|Klawf, M|100\/100 par\n|move|p1b: Sableye|Gravity|p1b: Sableye\n|-fieldstart|move: Gravity\n|move|p1a: Roaring Moon|Rock Slide|p2a: Klawf|[spread] p2a,p2b\n|-resisted|p2b: Ursaluna\n|-damage|p2a: Klawf|71\/100 par\n|-damage|p2b: Ursaluna|8\/100\n|cant|p2b: Ursaluna|flinch\n|\n|-heal|p2a: Klawf|77\/100 par|[from] item: Leftovers\n|upkeep\n|turn|8\n|\n|t:|1697649123\n|cant|p2a: Klawf|par\n|move|p1b: Sableye|Attract|p2a: Klawf\n|-start|p2a: Klawf|Attract\n|move|p1a: Roaring Moon|Rock Slide|p2b: Ursaluna|[spread] p2a,p2b\n|-resisted|p2b: Ursaluna\n|-damage|p2a: Klawf|50\/100 par\n|-damage|p2b: Ursaluna|0 fnt\n|faint|p2b: Ursaluna\n|\n|-heal|p2a: Klawf|56\/100 par|[from] item: Leftovers\n|upkeep\n|\n|t:|1697649128\n|switch|p2b: Electrode|Electrode-Hisui|29\/100\n|turn|9\n|\n|t:|1697649148\n|move|p1b: Sableye|Confuse Ray|p2a: Klawf\n|-start|p2a: Klawf|confusion\n|move|p1a: Roaring Moon|Rock Slide|p2b: Electrode|[spread] p2a,p2b\n|-crit|p2b: Electrode\n|-damage|p2a: Klawf|28\/100 par\n|-damage|p2b: Electrode|0 fnt\n|faint|p2b: Electrode\n|cant|p2a: Klawf|flinch\n|\n|-heal|p2a: Klawf|35\/100 par|[from] item: Leftovers\n|upkeep\n|\n|t:|1697649156\n|switch|p2b: Mantyke|Mantyke, F|100\/100\n|turn|10\n|\n|t:|1697649171\n|move|p2b: Mantyke|Wide Guard|p2b: Mantyke\n|-singleturn|p2b: Mantyke|Wide Guard\n|move|p1b: Sableye|Thunder Wave|p2b: Mantyke\n|-status|p2b: Mantyke|par\n|move|p1a: Roaring Moon|Rock Slide|p2b: Mantyke|[spread] \n|-activate|p2a: Klawf|move: Wide Guard\n|-activate|p2b: Mantyke|move: Wide Guard\n|-activate|p2a: Klawf|confusion\n|-activate|p2a: Klawf|move: Attract|[of] p1b: Sableye\n|cant|p2a: Klawf|par\n|\n|-heal|p2a: Klawf|41\/100 par|[from] item: Leftovers\n|upkeep\n|turn|11\n|\n|t:|1697649190\n|switch|p2a: Forretress|Forretress, M|100\/100\n|cant|p2b: Mantyke|par\n|move|p1b: Sableye|Confuse Ray|p2b: Mantyke\n|-start|p2b: Mantyke|confusion\n|move|p1a: Roaring Moon|Knock Off|p2b: Mantyke\n|-damage|p2b: Mantyke|0 fnt\n|-enditem|p2b: Mantyke|Eviolite|[from] move: Knock Off|[of] p1a: Roaring Moon\n|faint|p2b: Mantyke\n|\n|-fieldend|move: Gravity\n|upkeep\n|\n|t:|1697649199\n|switch|p2b: Klawf|Klawf, M|74\/100 par\n|turn|12\n|\n|t:|1697649216\n|move|p1b: Sableye|Gravity|p1b: Sableye\n|-fieldstart|move: Gravity\n|move|p1a: Roaring Moon|Rock Slide|p2b: Klawf|[spread] p2a,p2b\n|-damage|p2a: Forretress|72\/100\n|-damage|p2b: Klawf|48\/100 par\n|cant|p2b: Klawf|par\n|cant|p2a: Forretress|flinch\n|\n|-heal|p2b: Klawf|54\/100 par|[from] item: Leftovers\n|upkeep\n|turn|13\n|\n|t:|1697649233\n|move|p1b: Sableye|Attract|p2b: Klawf\n|-start|p2b: Klawf|Attract\n|move|p1a: Roaring Moon|Rock Slide|p2b: Klawf|[spread] p2a,p2b\n|-damage|p2a: Forretress|43\/100\n|-damage|p2b: Klawf|28\/100 par\n|-activate|p2b: Klawf|move: Attract|[of] p1b: Sableye\n|move|p2b: Klawf|Rock Slide|p1b: Sableye|[spread] p1a,p1b\n|-damage|p1a: Roaring Moon|76\/100\n|-damage|p1b: Sableye|83\/100\n|cant|p2a: Forretress|flinch\n|\n|-heal|p1b: Sableye|89\/100|[from] item: Leftovers\n|-heal|p2b: Klawf|34\/100 par|[from] item: Leftovers\n|upkeep\n|turn|14\n|\n|t:|1697649251\n|move|p1b: Sableye|Thunder Wave|p2a: Forretress\n|-status|p2a: Forretress|par\n|move|p1a: Roaring Moon|Dragon Dance|p1a: Roaring Moon\n|-boost|p1a: Roaring Moon|atk|1\n|-boost|p1a: Roaring Moon|spe|1\n|-activate|p2b: Klawf|move: Attract|[of] p1b: Sableye\n|move|p2b: Klawf|Rock Slide|p1a: Roaring Moon|[spread] p1a,p1b\n|-damage|p1a: Roaring Moon|49\/100\n|-damage|p1b: Sableye|69\/100\n|move|p2a: Forretress|Gyro Ball|p1a: Roaring Moon\n|-damage|p1a: Roaring Moon|0 fnt\n|faint|p1a: Roaring Moon\n|-end|p1a: Roaring Moon|Protosynthesis|[silent]\n|\n|-heal|p1b: Sableye|75\/100|[from] item: Leftovers\n|-heal|p2b: Klawf|40\/100 par|[from] item: Leftovers\n|upkeep\n|\n|t:|1697649263\n|switch|p1a: Dudunsparce|Dudunsparce, F|100\/100\n|-damage|p1a: Dudunsparce|88\/100|[from] Stealth Rock\n|turn|15\n|\n|t:|1697649276\n|-activate|p2b: Klawf|move: Attract|[of] p1b: Sableye\n|cant|p2b: Klawf|par\n|move|p1b: Sableye|Attract|p2a: Forretress\n|-start|p2a: Forretress|Attract\n|move|p1a: Dudunsparce|Rock Slide|p2a: Forretress|[spread] p2a,p2b\n|-damage|p2a: Forretress|32\/100 par\n|-damage|p2b: Klawf|28\/100 par\n|cant|p2a: Forretress|flinch\n|\n|-heal|p1a: Dudunsparce|94\/100|[from] item: Leftovers\n|-heal|p1b: Sableye|82\/100|[from] item: Leftovers\n|-heal|p2b: Klawf|34\/100 par|[from] item: Leftovers\n|upkeep\n|turn|16\n|\n|t:|1697649296\n|move|p1b: Sableye|Confuse Ray|p2b: Klawf\n|-start|p2b: Klawf|confusion\n|move|p1a: Dudunsparce|Agility|p1a: Dudunsparce\n|-boost|p1a: Dudunsparce|spe|2\n|-activate|p2b: Klawf|confusion\n|-activate|p2b: Klawf|move: Attract|[of] p1b: Sableye\n|cant|p2b: Klawf|Attract\n|-activate|p2a: Forretress|move: Attract|[of] p1b: Sableye\n|cant|p2a: Forretress|Attract\n|\n|-heal|p1a: Dudunsparce|100\/100|[from] item: Leftovers\n|-heal|p1b: Sableye|88\/100|[from] item: Leftovers\n|-heal|p2b: Klawf|40\/100 par|[from] item: Leftovers\n|-fieldend|move: Gravity\n|upkeep\n|turn|17\n|\n|t:|1697649316\n|move|p1b: Sableye|Gravity|p1b: Sableye\n|-fieldstart|move: Gravity\n|move|p1a: Dudunsparce|Rock Slide|p2b: Klawf|[spread] p2a,p2b\n|-damage|p2a: Forretress|21\/100 par\n|-damage|p2b: Klawf|29\/100 par\n|cant|p2b: Klawf|flinch\n|-activate|p2a: Forretress|move: Attract|[of] p1b: Sableye\n|cant|p2a: Forretress|Attract\n|\n|-heal|p1b: Sableye|94\/100|[from] item: Leftovers\n|-heal|p2b: Klawf|35\/100 par|[from] item: Leftovers\n|upkeep\n|turn|18\n|\n|t:|1697649333\n|move|p1b: Sableye|Confuse Ray|p2a: Forretress\n|-start|p2a: Forretress|confusion\n|move|p1a: Dudunsparce|Rock Slide|p2a: Forretress|[spread] p2a,p2b\n|-crit|p2b: Klawf\n|-damage|p2a: Forretress|8\/100 par\n|-damage|p2b: Klawf|18\/100 par\n|cant|p2b: Klawf|flinch\n|cant|p2a: Forretress|flinch\n|\n|-heal|p1b: Sableye|100\/100|[from] item: Leftovers\n|-heal|p2b: Klawf|24\/100 par|[from] item: Leftovers\n|upkeep\n|turn|19\n|\n|t:|1697649353\n|move|p1b: Sableye|Confuse Ray||[still]\n|-fail|p1b: Sableye\n|move|p1a: Dudunsparce|Rock Slide|p2b: Klawf|[spread] p2a,p2b\n|-damage|p2a: Forretress|0 fnt\n|-damage|p2b: Klawf|13\/100 par\n|faint|p2a: Forretress\n|-activate|p2b: Klawf|confusion\n|-damage|p2b: Klawf|6\/100 par|[from] confusion\n|\n|-heal|p2b: Klawf|12\/100 par|[from] item: Leftovers\n|upkeep\n|turn|20\n|\n|t:|1697649370\n|switch|p1b: Dragonite|Dragonite, M|100\/100\n|-end|p2b: Klawf|Attract|[silent]\n|-damage|p1b: Dragonite|76\/100|[from] Stealth Rock\n|move|p1a: Dudunsparce|Rock Slide|p2b: Klawf\n|-damage|p2b: Klawf|0 fnt\n|faint|p2b: Klawf\n|\n|win|snowgust\n|raw|snowgust's rating: 1154 &rarr; <strong>1177<\/strong><br \/>(+23 for winning)\n|raw|Lgbeet's rating: 1127 &rarr; <strong>1104<\/strong><br \/>(-23 for losing)\n|c|\u2606snowgust|gg\n|l|\u2606Lgbeet\n","uploadtime":1697649383,"views":6,"p1id":"snowgust","p2id":"lgbeet","formatid":"gen9nationaldexdoubles","rating":1104,"private":0,"password":""}