{"id":"gen9nationaldexdoubles-1960236549","p1":"L-DNSZ","p2":"tykrei","format":"[Gen 9] National Dex Doubles","log":"|j|\u2606L-DNSZ\n|j|\u2606tykrei\n|t:|1696509415\n|gametype|doubles\n|player|p1|L-DNSZ|hilbert-wonderlauncher|\n|player|p2|tykrei|red|\n|teamsize|p1|6\n|teamsize|p2|6\n|gen|9\n|tier|[Gen 9] National Dex Doubles\n|rule|HP Percentage Mod: HP is shown in percentages\n|rule|Endless Battle Clause: Forcing endless battles is banned\n|rule|OHKO Clause: OHKO moves are banned\n|rule|Evasion Moves Clause: Evasion moves are banned\n|rule|Evasion Abilities Clause: Evasion abilities are banned\n|rule|Species Clause: Limit one of each Pok\u00e9mon\n|rule|Gravity Sleep Clause: The combination of sleep-inducing moves with imperfect accuracy and Gravity or Gigantamax Orbeetle are banned\n|clearpoke\n|poke|p1|Abomasnow, M|\n|poke|p1|Darmanitan-Galar, M|\n|poke|p1|Lapras, M|\n|poke|p1|Kyurem|\n|poke|p1|Ninetales-Alola, M|\n|poke|p1|Mr. Rime, M|\n|poke|p2|Swampert, F|\n|poke|p2|Pelipper, F|\n|poke|p2|Rotom-Wash|\n|poke|p2|Toxapex, M|\n|poke|p2|Basculegion, M|\n|poke|p2|Azumarill, M|\n|teampreview\n|j| jacallb\n|\n|t:|1696509441\n|start\n|switch|p1a: Ninetales|Ninetales-Alola, M|100\/100\n|switch|p1b: Kyurem|Kyurem|100\/100\n|switch|p2a: Pelipper|Pelipper, F|100\/100\n|switch|p2b: Swampert|Swampert, F|100\/100\n|-weather|Snow|[from] ability: Snow Warning|[of] p1a: Ninetales\n|-ability|p1b: Kyurem|Pressure\n|-weather|RainDance|[from] ability: Drizzle|[of] p2a: Pelipper\n|turn|1\n|\n|t:|1696509485\n|switch|p1b: Mr. Rime|Mr. Rime, M|100\/100\n|detailschange|p2b: Swampert|Swampert-Mega, F\n|-mega|p2b: Swampert|Swampert|Swampertite\n|move|p2b: Swampert|Flip Turn|p1a: Ninetales\n|-damage|p1a: Ninetales|11\/100\n|\n|t:|1696509498\n|switch|p2b: Azumarill|Azumarill, M, shiny|100\/100|[from] Flip Turn\n|move|p1a: Ninetales|Aurora Veil||[still]\n|-fail|p1a: Ninetales\n|move|p2a: Pelipper|Tailwind|p2a: Pelipper\n|-sidestart|p2: tykrei|move: Tailwind\n|\n|-weather|RainDance|[upkeep]\n|upkeep\n|turn|2\n|\n|t:|1696509533\n|switch|p2a: Toxapex|Toxapex, M, shiny|100\/100\n|move|p2b: Azumarill|Knock Off|p1b: Mr. Rime\n|-supereffective|p1b: Mr. Rime\n|-damage|p1b: Mr. Rime|8\/100\n|-enditem|p1b: Mr. Rime|Iapapa Berry|[from] move: Knock Off|[of] p2b: Azumarill\n|move|p1a: Ninetales|Freeze-Dry|p2b: Azumarill\n|-supereffective|p2b: Azumarill\n|-damage|p2b: Azumarill|37\/100\n|-enditem|p2b: Azumarill|Sitrus Berry|[eat]\n|-heal|p2b: Azumarill|62\/100|[from] item: Sitrus Berry\n|move|p1b: Mr. Rime|Freeze-Dry|p2a: Toxapex\n|-supereffective|p2a: Toxapex\n|-damage|p2a: Toxapex|46\/100\n|\n|-weather|RainDance|[upkeep]\n|-heal|p2a: Toxapex|52\/100|[from] item: Black Sludge\n|upkeep\n|turn|3\n|\n|t:|1696509577\n|switch|p1a: Lapras|Lapras, M|100\/100\n|move|p2a: Toxapex|Baneful Bunker|p2a: Toxapex\n|-singleturn|p2a: Toxapex|move: Protect\n|move|p2b: Azumarill|Aqua Jet|p1b: Mr. Rime\n|-damage|p1b: Mr. Rime|0 fnt\n|faint|p1b: Mr. Rime\n|\n|-weather|RainDance|[upkeep]\n|-heal|p2a: Toxapex|58\/100|[from] item: Black Sludge\n|upkeep\n|\n|t:|1696509594\n|switch|p1b: Ninetales|Ninetales-Alola, M|11\/100\n|-weather|Snow|[from] ability: Snow Warning|[of] p1b: Ninetales\n|turn|4\n|\n|t:|1696509618\n|move|p2b: Azumarill|Aqua Jet|p1b: Ninetales\n|-damage|p1b: Ninetales|0 fnt\n|faint|p1b: Ninetales\n|move|p2a: Toxapex|Recover|p2a: Toxapex\n|-heal|p2a: Toxapex|100\/100\n|move|p1a: Lapras|Thunderbolt|p2b: Azumarill\n|-supereffective|p2b: Azumarill\n|-damage|p2b: Azumarill|14\/100\n|\n|-weather|Snow|[upkeep]\n|-sideend|p2: tykrei|move: Tailwind\n|upkeep\n|\n|t:|1696509635\n|switch|p1b: Kyurem|Kyurem|100\/100\n|-ability|p1b: Kyurem|Pressure\n|turn|5\n|\n|t:|1696509653\n|switch|p1b: Abomasnow|Abomasnow, M|100\/100\n|move|p2b: Azumarill|Play Rough|p1b: Abomasnow\n|-damage|p1b: Abomasnow|52\/100\n|move|p1a: Lapras|Thunderbolt|p2b: Azumarill\n|-supereffective|p2b: Azumarill\n|-damage|p2b: Azumarill|0 fnt\n|faint|p2b: Azumarill\n|move|p2a: Toxapex|Scald|p1b: Abomasnow\n|-resisted|p1b: Abomasnow\n|-damage|p1b: Abomasnow|44\/100\n|\n|-weather|Snow|[upkeep]\n|upkeep\n|\n|t:|1696509669\n|switch|p2b: Pelipper|Pelipper, F|100\/100\n|-weather|RainDance|[from] ability: Drizzle|[of] p2b: Pelipper\n|turn|6\n|\n|t:|1696509683\n|switch|p2b: Swampert|Swampert-Mega, F|100\/100\n|switch|p1b: Kyurem|Kyurem|100\/100\n|-ability|p1b: Kyurem|Pressure\n|move|p2a: Toxapex|Baneful Bunker|p2a: Toxapex\n|-singleturn|p2a: Toxapex|move: Protect\n|move|p1a: Lapras|Thunderbolt|p2b: Swampert\n|-immune|p2b: Swampert\n|\n|-weather|RainDance|[upkeep]\n|upkeep\n|turn|7\n|\n|t:|1696509707\n|move|p2b: Swampert|Flip Turn|p1b: Kyurem\n|-resisted|p1b: Kyurem\n|-damage|p1b: Kyurem|75\/100\n|\n|t:|1696509711\n|switch|p2b: Rotom|Rotom-Wash|100\/100|[from] Flip Turn\n|move|p1b: Kyurem|Freeze-Dry|p2b: Rotom\n|-supereffective|p2b: Rotom\n|-damage|p2b: Rotom|0 fnt\n|faint|p2b: Rotom\n|move|p1a: Lapras|Blizzard|p2a: Toxapex\n|-resisted|p2a: Toxapex\n|-damage|p2a: Toxapex|87\/100\n|move|p2a: Toxapex|Scald|p1b: Kyurem\n|-resisted|p1b: Kyurem\n|-damage|p1b: Kyurem|65\/100\n|\n|-weather|RainDance|[upkeep]\n|-heal|p2a: Toxapex|93\/100|[from] item: Black Sludge\n|upkeep\n|\n|t:|1696509739\n|switch|p2b: Basculegion|Basculegion, M, shiny|100\/100\n|turn|8\n|\n|t:|1696509751\n|move|p2b: Basculegion|Phantom Force||[still]\n|-prepare|p2b: Basculegion|Phantom Force\n|move|p1b: Kyurem|Freeze-Dry|p2a: Toxapex\n|-supereffective|p2a: Toxapex\n|-damage|p2a: Toxapex|0 fnt\n|faint|p2a: Toxapex\n|move|p1a: Lapras|Thunderbolt|p2b: Basculegion|[miss]\n|-miss|p1a: Lapras|p2b: Basculegion\n|\n|-weather|RainDance|[upkeep]\n|upkeep\n|\n|t:|1696509762\n|switch|p2a: Swampert|Swampert-Mega, F|100\/100\n|turn|9\n|\n|t:|1696509776\n|move|p2b: Basculegion|Phantom Force|p1a: Lapras|[from]lockedmove\n|-damage|p1a: Lapras|54\/100\n|move|p2a: Swampert|Dynamic Punch|p1b: Kyurem\n|-supereffective|p1b: Kyurem\n|-damage|p1b: Kyurem|0 fnt\n|faint|p1b: Kyurem\n|move|p1a: Lapras|Blizzard|p2b: Basculegion|[spread] p2a,p2b\n|-resisted|p2b: Basculegion\n|-damage|p2a: Swampert|76\/100\n|-damage|p2b: Basculegion|84\/100\n|\n|-weather|RainDance|[upkeep]\n|-heal|p1a: Lapras|60\/100|[from] item: Leftovers\n|upkeep\n|l| jacallb\n|\n|t:|1696509795\n|switch|p1b: Abomasnow|Abomasnow, M|44\/100\n|-weather|Snow|[from] ability: Snow Warning|[of] p1b: Abomasnow\n|turn|10\n|\n|t:|1696509813\n|detailschange|p1b: Abomasnow|Abomasnow-Mega, M\n|-mega|p1b: Abomasnow|Abomasnow|Abomasite\n|move|p2b: Basculegion|Phantom Force||[still]\n|-prepare|p2b: Basculegion|Phantom Force\n|move|p2a: Swampert|Dynamic Punch|p1b: Abomasnow|[miss]\n|-miss|p2a: Swampert|p1b: Abomasnow\n|move|p1a: Lapras|Toxic|p2a: Swampert\n|-status|p2a: Swampert|tox\n|move|p1b: Abomasnow|Leaf Storm|p2a: Swampert\n|-supereffective|p2a: Swampert\n|-damage|p2a: Swampert|0 fnt\n|-unboost|p1b: Abomasnow|spa|2\n|faint|p2a: Swampert\n|\n|-weather|Snow|[upkeep]\n|-heal|p1a: Lapras|67\/100|[from] item: Leftovers\n|upkeep\n|\n|t:|1696509831\n|switch|p2a: Pelipper|Pelipper, F|100\/100\n|-weather|RainDance|[from] ability: Drizzle|[of] p2a: Pelipper\n|turn|11\n|\n|t:|1696509849\n|move|p2b: Basculegion|Phantom Force|p1a: Lapras|[from]lockedmove\n|-damage|p1a: Lapras|20\/100\n|move|p2a: Pelipper|Hurricane|p1b: Abomasnow\n|-supereffective|p1b: Abomasnow\n|-damage|p1b: Abomasnow|0 fnt\n|faint|p1b: Abomasnow\n|move|p1a: Lapras|Thunderbolt|p2b: Basculegion\n|-supereffective|p2b: Basculegion\n|-damage|p2b: Basculegion|43\/100\n|\n|-weather|RainDance|[upkeep]\n|-heal|p1a: Lapras|27\/100|[from] item: Leftovers\n|upkeep\n|\n|t:|1696509863\n|switch|p1b: Darmanitan|Darmanitan-Galar, M|100\/100\n|turn|12\n|\n|t:|1696509887\n|move|p2b: Basculegion|Phantom Force||[still]\n|-prepare|p2b: Basculegion|Phantom Force\n|move|p1b: Darmanitan|Icicle Crash|p2a: Pelipper\n|-damage|p2a: Pelipper|2\/100\n|cant|p2a: Pelipper|flinch\n|move|p1a: Lapras|Thunderbolt|p2b: Basculegion|[miss]\n|-miss|p1a: Lapras|p2b: Basculegion\n|\n|-weather|RainDance|[upkeep]\n|-heal|p1a: Lapras|33\/100|[from] item: Leftovers\n|upkeep\n|turn|13\n|\n|t:|1696509908\n|move|p2b: Basculegion|Phantom Force|p1b: Darmanitan|[from]lockedmove\n|-damage|p1b: Darmanitan|9\/100\n|move|p1b: Darmanitan|Icicle Crash|p2b: Basculegion\n|-resisted|p2b: Basculegion\n|-damage|p2b: Basculegion|1\/100\n|move|p2a: Pelipper|Tailwind|p2a: Pelipper\n|-sidestart|p2: tykrei|move: Tailwind\n|move|p1a: Lapras|Thunderbolt|p2b: Basculegion\n|-supereffective|p2b: Basculegion\n|-damage|p2b: Basculegion|0 fnt\n|faint|p2b: Basculegion\n|\n|-weather|RainDance|[upkeep]\n|-heal|p1a: Lapras|39\/100|[from] item: Leftovers\n|upkeep\n|turn|14\n|\n|t:|1696509939\n|move|p1b: Darmanitan|Icicle Crash|p2a: Pelipper\n|-damage|p2a: Pelipper|0 fnt\n|faint|p2a: Pelipper\n|\n|win|L-DNSZ\n|l|\u2606tykrei\n","uploadtime":1696509953,"views":10,"p1id":"ldnsz","p2id":"tykrei","formatid":"gen9nationaldexdoubles","rating":0,"private":0,"password":""}