{"id":"gen9nationaldexdoubles-1993359760","p1":"Turo's assistant","p2":"Profesor Turo","format":"[Gen 9] National Dex Doubles","log":"|j|\u2606Turo's assistant\n|j|\u2606Profesor Turo\n|t:|1700305667\n|gametype|doubles\n|player|p1|Turo's assistant|acerola-masters|\n|player|p2|Profesor Turo|turo-ai|\n|teamsize|p1|2\n|teamsize|p2|4\n|gen|9\n|tier|[Gen 9] National Dex Doubles\n|rule|HP Percentage Mod: HP is shown in percentages\n|rule|Endless Battle Clause: Forcing endless battles is banned\n|rule|OHKO Clause: OHKO moves are banned\n|rule|Evasion Moves Clause: Evasion moves are banned\n|rule|Evasion Abilities Clause: Evasion abilities are banned\n|rule|Species Clause: Limit one of each Pok\u00e9mon\n|rule|Gravity Sleep Clause: The combination of sleep-inducing moves with imperfect accuracy and Gravity or Gigantamax Orbeetle are banned\n|clearpoke\n|poke|p1|Gengar, M|\n|poke|p1|Haunter, F|\n|poke|p2|Plusle, F|\n|poke|p2|Boltund, F|\n|poke|p2|Barraskewda, F|\n|poke|p2|Stantler, M|\n|teampreview\n|inactive|Battle timer is ON: inactive players will automatically lose when time's up. (requested by Turo's assistant)\n|inactive|Profesor Turo also wants the timer to be on.\n|\n|t:|1700305672\n|start\n|switch|p1a: Gengar|Gengar, M|100\/100\n|switch|p1b: Haunter|Haunter, F|100\/100\n|switch|p2a: Barraskewda|Barraskewda, F|100\/100\n|switch|p2b: Stantler|Stantler, M|100\/100\n|-ability|p2b: Stantler|Intimidate|boost\n|-unboost|p1a: Gengar|atk|1\n|-unboost|p1b: Haunter|atk|1\n|turn|1\n|\n|t:|1700305679\n|move|p2a: Barraskewda|Drill Run|p1b: Haunter\n|-immune|p1b: Haunter|[from] ability: Levitate\n|move|p1a: Gengar|Body Slam|p1b: Haunter\n|-immune|p1b: Haunter\n|move|p1b: Haunter|Clear Smog|p1a: Gengar\n|-resisted|p1a: Gengar\n|-damage|p1a: Gengar|93\/100\n|-clearboost|p1a: Gengar\n|move|p2b: Stantler|Skill Swap|p2a: Barraskewda\n|-activate|p2b: Stantler|move: Skill Swap|||[of] p2a: Barraskewda\n|-ability|p2a: Barraskewda|Intimidate|boost\n|-unboost|p1a: Gengar|atk|1\n|-unboost|p1b: Haunter|atk|1\n|\n|upkeep\n|turn|2\n|\n|t:|1700305690\n|switch|p2a: Boltund|Boltund, F|100\/100\n|move|p1a: Gengar|Body Slam|p1b: Haunter\n|-immune|p1b: Haunter\n|move|p1b: Haunter|Clear Smog|p1a: Gengar\n|-resisted|p1a: Gengar\n|-damage|p1a: Gengar|85\/100\n|-clearboost|p1a: Gengar\n|move|p2b: Stantler|Skill Swap|p2a: Boltund\n|-activate|p2b: Stantler|move: Skill Swap|||[of] p2a: Boltund\n|\n|upkeep\n|turn|3\n|\n|t:|1700305700\n|switch|p2b: Plusle|Plusle, F|100\/100\n|move|p2a: Boltund|Electrify|p1b: Haunter\n|-singleturn|p1b: Haunter|move: Electrify\n|move|p1a: Gengar|Body Slam|p1b: Haunter\n|-immune|p1b: Haunter\n|move|p1b: Haunter|Clear Smog|p2b: Plusle\n|-activate|p2b: Plusle|ability: Lightning Rod\n|-ability|p2b: Plusle|Lightning Rod|boost\n|-boost|p2b: Plusle|spa|1\n|\n|upkeep\n|turn|4\n|\n|t:|1700305710\n|move|p2a: Boltund|Electrify|p1b: Haunter\n|-singleturn|p1b: Haunter|move: Electrify\n|move|p2b: Plusle|Copycat|p2b: Plusle\n|move|p2b: Plusle|Electrify||[from]move: Copycat|[still]\n|-fail|p2b: Plusle\n|move|p1a: Gengar|Body Slam|p1b: Haunter\n|-immune|p1b: Haunter\n|move|p1b: Haunter|Clear Smog|p2b: Plusle\n|-activate|p2b: Plusle|ability: Lightning Rod\n|-ability|p2b: Plusle|Lightning Rod|boost\n|-boost|p2b: Plusle|spa|1\n|\n|upkeep\n|turn|5\n|\n|t:|1700305736\n|-terastallize|p2a: Boltund|Ground\n|move|p2a: Boltund|Electrify|p1b: Haunter\n|-singleturn|p1b: Haunter|move: Electrify\n|move|p2b: Plusle|Nasty Plot|p2b: Plusle\n|-boost|p2b: Plusle|spa|2\n|move|p1a: Gengar|Body Slam|p1b: Haunter\n|-immune|p1b: Haunter\n|move|p1b: Haunter|Clear Smog|p2b: Plusle\n|-activate|p2b: Plusle|ability: Lightning Rod\n|-ability|p2b: Plusle|Lightning Rod|boost\n|-boost|p2b: Plusle|spa|1\n|\n|upkeep\n|turn|6\n|-message|Profesor Turo forfeited.\n|\n|win|Turo's assistant\n|l|\u2606Profesor Turo\n","uploadtime":1700305755,"views":7,"p1id":"turosassistant","p2id":"profesorturo","formatid":"gen9nationaldexdoubles","rating":0,"private":0,"password":""}