{"id":"gen9nationaldexdoubles-1979830923","p1":"limplight","p2":"Flamebyte","format":"[Gen 9] National Dex Doubles","log":"|j|\u2606limplight\n|j|\u2606Flamebyte\n|t:|1698717759\n|gametype|doubles\n|player|p1|limplight|265|\n|player|p2|Flamebyte|169|\n|teamsize|p1|6\n|teamsize|p2|6\n|gen|9\n|tier|[Gen 9] National Dex Doubles\n|rule|HP Percentage Mod: HP is shown in percentages\n|rule|Endless Battle Clause: Forcing endless battles is banned\n|rule|OHKO Clause: OHKO moves are banned\n|rule|Evasion Moves Clause: Evasion moves are banned\n|rule|Evasion Abilities Clause: Evasion abilities are banned\n|rule|Species Clause: Limit one of each Pok\u00e9mon\n|rule|Gravity Sleep Clause: The combination of sleep-inducing moves with imperfect accuracy and Gravity or Gigantamax Orbeetle are banned\n|clearpoke\n|poke|p1|Corsola-Galar, M|\n|poke|p1|Eldegoss, F|\n|poke|p1|Orbeetle, M|\n|poke|p1|Falinks|\n|poke|p1|Thievul, M|\n|poke|p1|Gurdurr, F|\n|poke|p2|Silicobra, M|\n|poke|p2|Greedent, M|\n|poke|p2|Stonjourner, M|\n|poke|p2|Mudbray, F|\n|poke|p2|Thievul, F|\n|poke|p2|Stunfisk, F|\n|teampreview\n|\n|t:|1698717883\n|start\n|switch|p1a: Corsola|Corsola-Galar, M|100\/100\n|switch|p1b: Eldegoss|Eldegoss, F|100\/100\n|switch|p2a: Silicobra|Silicobra, M|100\/100\n|switch|p2b: Stonjourner|Stonjourner, M|100\/100\n|turn|1\n|\n|t:|1698718034\n|move|p2b: Stonjourner|Heat Crash|p1a: Corsola\n|-damage|p1a: Corsola|48\/100\n|-start|p2b: Stonjourner|Disable|Heat Crash|[from] ability: Cursed Body|[of] p1a: Corsola\n|-damage|p2b: Stonjourner|91\/100|[from] item: Life Orb\n|move|p1b: Eldegoss|Aromatherapy||[still]\n|-activate|p1b: Eldegoss|move: Aromatherapy\n|-fail|p1b: Eldegoss\n|move|p2a: Silicobra|Earthquake|p1b: Eldegoss|[spread] p2b,p1a,p1b\n|-supereffective|p2b: Stonjourner\n|-resisted|p1b: Eldegoss\n|-damage|p2b: Stonjourner|62\/100\n|-damage|p1a: Corsola|26\/100\n|-damage|p1b: Eldegoss|88\/100\n|move|p1a: Corsola|Will-O-Wisp|p2b: Stonjourner\n|-status|p2b: Stonjourner|brn\n|\n|-heal|p1a: Corsola|32\/100|[from] item: Leftovers\n|-damage|p2b: Stonjourner|56\/100 brn|[from] brn\n|upkeep\n|turn|2\n|j| NatsumiChan2\n|\n|t:|1698718644\n|switch|p1b: Thievul|Thievul, M|100\/100\n|switch|p1a: Falinks|Falinks|100\/100\n|move|p2b: Stonjourner|Stone Edge|p1b: Thievul\n|-crit|p1b: Thievul\n|-damage|p1b: Thievul|14\/100\n|-damage|p2b: Stonjourner|46\/100 brn|[from] item: Life Orb\n|move|p2a: Silicobra|Earthquake|p1b: Thievul|[spread] p2b,p1a,p1b\n|-supereffective|p2b: Stonjourner\n|-damage|p2b: Stonjourner|20\/100 brn\n|-damage|p1a: Falinks|76\/100\n|-damage|p1b: Thievul|0 fnt\n|faint|p1b: Thievul\n|\n|-heal|p1a: Falinks|82\/100|[from] item: Leftovers\n|-damage|p2b: Stonjourner|13\/100 brn|[from] brn\n|upkeep\n|l| NatsumiChan2\n|\n|t:|1698718771\n|switch|p1b: Corsola|Corsola-Galar, M|32\/100\n|turn|3\n|j| Treinador1998\n|l| Treinador1998\n|\n|t:|1698718871\n|move|p2b: Stonjourner|Protect|p2b: Stonjourner\n|-singleturn|p2b: Stonjourner|Protect\n|move|p1a: Falinks|Close Combat|p2b: Stonjourner\n|-activate|p2b: Stonjourner|move: Protect\n|move|p2a: Silicobra|Glare|p1b: Corsola\n|-status|p1b: Corsola|par\n|move|p1b: Corsola|Strength Sap|p2a: Silicobra\n|-unboost|p2a: Silicobra|atk|1\n|-heal|p1b: Corsola|79\/100 par\n|\n|-heal|p1a: Falinks|88\/100|[from] item: Leftovers\n|-heal|p1b: Corsola|85\/100 par|[from] item: Leftovers\n|-damage|p2b: Stonjourner|7\/100 brn|[from] brn\n|upkeep\n|turn|4\n|\n|t:|1698719130\n|move|p1a: Falinks|No Retreat|p1a: Falinks\n|-boost|p1a: Falinks|atk|1\n|-boost|p1a: Falinks|def|1\n|-boost|p1a: Falinks|spa|1\n|-boost|p1a: Falinks|spd|1\n|-boost|p1a: Falinks|spe|1\n|-start|p1a: Falinks|move: No Retreat\n|move|p2b: Stonjourner|Stone Edge|p1b: Corsola\n|-damage|p1b: Corsola|50\/100 par\n|-damage|p2b: Stonjourner|0 fnt|[from] item: Life Orb\n|faint|p2b: Stonjourner\n|move|p2a: Silicobra|Earthquake|p1a: Falinks|[spread] p1a,p1b\n|-damage|p1a: Falinks|78\/100\n|-damage|p1b: Corsola|39\/100 par\n|-start|p2a: Silicobra|Disable|Earthquake|[from] ability: Cursed Body|[of] p1b: Corsola\n|cant|p1b: Corsola|par\n|\n|-heal|p1a: Falinks|84\/100|[from] item: Leftovers\n|-heal|p1b: Corsola|45\/100 par|[from] item: Leftovers\n|upkeep\n|\n|t:|1698719280\n|switch|p2b: Mudbray|Mudbray, F|100\/100\n|turn|5\n|\n|t:|1698720019\n|move|p1a: Falinks|Close Combat|p2a: Silicobra\n|-damage|p2a: Silicobra|0 fnt\n|-unboost|p1a: Falinks|def|1\n|-unboost|p1a: Falinks|spd|1\n|-weather|Sandstorm|[from] ability: Sand Spit|[of] p2a: Silicobra\n|faint|p2a: Silicobra\n|move|p2b: Mudbray|Earthquake|p1a: Falinks|[spread] p1a,p1b\n|-damage|p1a: Falinks|45\/100\n|-damage|p1b: Corsola|14\/100 par\n|move|p1b: Corsola|Will-O-Wisp|p2b: Mudbray\n|-status|p2b: Mudbray|brn\n|\n|-weather|Sandstorm|[upkeep]\n|-damage|p1a: Falinks|39\/100|[from] Sandstorm\n|-damage|p1b: Corsola|8\/100 par|[from] Sandstorm\n|-heal|p1a: Falinks|45\/100|[from] item: Leftovers\n|-heal|p1b: Corsola|14\/100 par|[from] item: Leftovers\n|-damage|p2b: Mudbray|94\/100 brn|[from] brn\n|upkeep\n|\n|t:|1698720423\n|switch|p2a: Thievul|Thievul, F|100\/100\n|turn|6\n|\n|t:|1698720609\n|move|p1a: Falinks|Close Combat|p2b: Mudbray\n|-damage|p2b: Mudbray|31\/100 brn\n|-unboost|p1a: Falinks|def|1\n|-unboost|p1a: Falinks|spd|1\n|move|p2a: Thievul|Taunt|p1a: Falinks\n|-start|p1a: Falinks|move: Taunt\n|move|p2b: Mudbray|Earthquake|p1a: Falinks|[spread] p2a,p1a,p1b\n|-damage|p2a: Thievul|71\/100\n|-damage|p1a: Falinks|16\/100\n|-damage|p1b: Corsola|0 fnt\n|-start|p2b: Mudbray|Disable|Earthquake|[from] ability: Cursed Body|[of] p1b: Corsola\n|faint|p1b: Corsola\n|\n|-weather|Sandstorm|[upkeep]\n|-damage|p1a: Falinks|10\/100|[from] Sandstorm\n|-damage|p2a: Thievul|65\/100|[from] Sandstorm\n|-heal|p1a: Falinks|16\/100|[from] item: Leftovers\n|-damage|p2b: Mudbray|25\/100 brn|[from] brn\n|upkeep\n|\n|t:|1698720722\n|switch|p1b: Gurdurr|Gurdurr, F|100\/100\n|turn|7\n|\n|t:|1698720897\n|move|p2b: Mudbray|Protect|p2b: Mudbray\n|-singleturn|p2b: Mudbray|Protect\n|move|p2a: Thievul|Sucker Punch|p1a: Falinks\n|-resisted|p1a: Falinks\n|-damage|p1a: Falinks|0 fnt\n|faint|p1a: Falinks\n|move|p1b: Gurdurr|Drain Punch|p2a: Thievul\n|-supereffective|p2a: Thievul\n|-damage|p2a: Thievul|0 fnt\n|faint|p2a: Thievul\n|\n|-weather|Sandstorm|[upkeep]\n|-damage|p1b: Gurdurr|94\/100|[from] Sandstorm\n|-damage|p2b: Mudbray|19\/100 brn|[from] brn\n|upkeep\n|\n|t:|1698721072\n|switch|p2a: Stunfisk|Stunfisk, F|100\/100\n|switch|p1a: Eldegoss|Eldegoss, F|100\/100\n|turn|8\n|\n|t:|1698721334\n|move|p2b: Mudbray|Protect||[still]\n|-fail|p2b: Mudbray\n|move|p1a: Eldegoss|Giga Drain|p2a: Stunfisk\n|-supereffective|p2a: Stunfisk\n|-damage|p2a: Stunfisk|73\/100\n|move|p1b: Gurdurr|Drain Punch|p2b: Mudbray\n|-damage|p2b: Mudbray|0 fnt\n|-heal|p1b: Gurdurr|100\/100|[from] drain|[of] p2b: Mudbray\n|faint|p2b: Mudbray\n|move|p2a: Stunfisk|Earth Power|p1b: Gurdurr\n|-damage|p1b: Gurdurr|71\/100\n|\n|-weather|Sandstorm|[upkeep]\n|-damage|p1a: Eldegoss|94\/100|[from] Sandstorm\n|-damage|p1b: Gurdurr|65\/100|[from] Sandstorm\n|-heal|p2a: Stunfisk|80\/100|[from] item: Leftovers\n|upkeep\n|\n|t:|1698721415\n|switch|p2b: Greedent|Greedent, M|100\/100\n|turn|9\n|\n|t:|1698721524\n|move|p1a: Eldegoss|Aromatherapy||[still]\n|-activate|p1a: Eldegoss|move: Aromatherapy\n|-fail|p1a: Eldegoss\n|move|p1b: Gurdurr|Drain Punch|p2b: Greedent\n|-supereffective|p2b: Greedent\n|-damage|p2b: Greedent|44\/100\n|-heal|p1b: Gurdurr|98\/100|[from] drain|[of] p2b: Greedent\n|-enditem|p2b: Greedent|Sitrus Berry|[eat]\n|-heal|p2b: Greedent|69\/100|[from] item: Sitrus Berry\n|-heal|p2b: Greedent|100\/100|[from] ability: Cheek Pouch\n|move|p2a: Stunfisk|Earth Power|p1a: Eldegoss\n|-resisted|p1a: Eldegoss\n|-damage|p1a: Eldegoss|86\/100\n|move|p2b: Greedent|Body Slam|p1a: Eldegoss\n|-damage|p1a: Eldegoss|47\/100\n|-enditem|p1a: Eldegoss|Sitrus Berry|[eat]\n|-heal|p1a: Eldegoss|72\/100|[from] item: Sitrus Berry\n|\n|-weather|none\n|-heal|p2a: Stunfisk|86\/100|[from] item: Leftovers\n|upkeep\n|turn|10\n|\n|t:|1698721709\n|move|p1a: Eldegoss|Giga Drain|p2b: Greedent\n|-damage|p2b: Greedent|78\/100\n|-heal|p1a: Eldegoss|88\/100|[from] drain|[of] p2b: Greedent\n|move|p1b: Gurdurr|Drain Punch|p2b: Greedent\n|-supereffective|p2b: Greedent\n|-damage|p2b: Greedent|14\/100\n|-heal|p1b: Gurdurr|100\/100|[from] drain|[of] p2b: Greedent\n|move|p2a: Stunfisk|Earth Power|p1a: Eldegoss\n|-resisted|p1a: Eldegoss\n|-damage|p1a: Eldegoss|80\/100\n|move|p2b: Greedent|Seed Bomb|p1a: Eldegoss\n|-resisted|p1a: Eldegoss\n|-damage|p1a: Eldegoss|67\/100\n|\n|-heal|p2a: Stunfisk|92\/100|[from] item: Leftovers\n|upkeep\n|turn|11\n|\n|t:|1698721793\n|move|p2b: Greedent|Protect|p2b: Greedent\n|-singleturn|p2b: Greedent|Protect\n|move|p1a: Eldegoss|Giga Drain|p2b: Greedent\n|-activate|p2b: Greedent|move: Protect\n|move|p1b: Gurdurr|Drain Punch|p2a: Stunfisk\n|-damage|p2a: Stunfisk|58\/100\n|move|p2a: Stunfisk|Earth Power|p1a: Eldegoss\n|-resisted|p1a: Eldegoss\n|-damage|p1a: Eldegoss|59\/100\n|\n|-heal|p2a: Stunfisk|64\/100|[from] item: Leftovers\n|upkeep\n|turn|12\n|\n|t:|1698721881\n|move|p1a: Eldegoss|Synthesis|p1a: Eldegoss\n|-heal|p1a: Eldegoss|100\/100\n|move|p1b: Gurdurr|Drain Punch|p2b: Greedent\n|-supereffective|p2b: Greedent\n|-damage|p2b: Greedent|0 fnt\n|faint|p2b: Greedent\n|move|p2a: Stunfisk|Earth Power|p1a: Eldegoss\n|-resisted|p1a: Eldegoss\n|-damage|p1a: Eldegoss|92\/100\n|\n|-heal|p2a: Stunfisk|70\/100|[from] item: Leftovers\n|upkeep\n|turn|13\n|\n|t:|1698721983\n|move|p1a: Eldegoss|Giga Drain|p2a: Stunfisk\n|-supereffective|p2a: Stunfisk\n|-damage|p2a: Stunfisk|46\/100\n|-heal|p1a: Eldegoss|100\/100|[from] drain|[of] p2a: Stunfisk\n|move|p1b: Gurdurr|Drain Punch|p2a: Stunfisk\n|-damage|p2a: Stunfisk|14\/100\n|move|p2a: Stunfisk|Earth Power|p1a: Eldegoss\n|-resisted|p1a: Eldegoss\n|-damage|p1a: Eldegoss|92\/100\n|\n|-heal|p2a: Stunfisk|20\/100|[from] item: Leftovers\n|upkeep\n|turn|14\n|\n|t:|1698722049\n|move|p1a: Eldegoss|Giga Drain|p2a: Stunfisk\n|-supereffective|p2a: Stunfisk\n|-damage|p2a: Stunfisk|0 fnt\n|-heal|p1a: Eldegoss|100\/100|[from] drain|[of] p2a: Stunfisk\n|faint|p2a: Stunfisk\n|\n|win|limplight\n","uploadtime":1698722102,"views":12,"p1id":"limplight","p2id":"flamebyte","formatid":"gen9nationaldexdoubles","rating":0,"private":0,"password":""}