{"id":"gen9nationaldexdoubles-1962204725","p1":"Rapidklipdo","p2":"official_ksc","format":"[Gen 9] National Dex Doubles","log":"|j|\u2606Rapidklipdo\n|j|\u2606official_ksc\n|t:|1696717734\n|gametype|doubles\n|player|p1|Rapidklipdo|169|1120\n|player|p2|official_ksc|2|1219\n|teamsize|p1|6\n|teamsize|p2|6\n|gen|9\n|tier|[Gen 9] National Dex Doubles\n|rated|\n|rule|HP Percentage Mod: HP is shown in percentages\n|rule|Endless Battle Clause: Forcing endless battles is banned\n|rule|OHKO Clause: OHKO moves are banned\n|rule|Evasion Moves Clause: Evasion moves are banned\n|rule|Evasion Abilities Clause: Evasion abilities are banned\n|rule|Species Clause: Limit one of each Pok\u00e9mon\n|rule|Gravity Sleep Clause: The combination of sleep-inducing moves with imperfect accuracy and Gravity or Gigantamax Orbeetle are banned\n|clearpoke\n|poke|p1|Vanilluxe, M|\n|poke|p1|Greninja-*, M|\n|poke|p1|Beedrill, F|\n|poke|p1|Clefable, F|\n|poke|p1|Torkoal, M|\n|poke|p1|Carbink|\n|poke|p2|Tyranitar, M|\n|poke|p2|Aegislash, M|\n|poke|p2|Garchomp, M|\n|poke|p2|Iron Valiant|\n|poke|p2|Rillaboom, M|\n|poke|p2|Iron Moth|\n|teampreview\n|inactive|Battle timer is ON: inactive players will automatically lose when time's up. (requested by official_ksc)\n|\n|t:|1696717742\n|start\n|switch|p1a: Greninja|Greninja, M|100\/100\n|switch|p1b: Vanilluxe|Vanilluxe, M|100\/100\n|switch|p2a: Tyranitar|Tyranitar, M, shiny|100\/100\n|switch|p2b: Rillaboom|Rillaboom, M|100\/100\n|-weather|Snow|[from] ability: Snow Warning|[of] p1b: Vanilluxe\n|-fieldstart|move: Grassy Terrain|[from] ability: Grassy Surge|[of] p2b: Rillaboom\n|-enditem|p2b: Rillaboom|Grassy Seed\n|-boost|p2b: Rillaboom|def|1|[from] item: Grassy Seed\n|-weather|Sandstorm|[from] ability: Sand Stream|[of] p2a: Tyranitar\n|turn|1\n|\n|t:|1696717751\n|switch|p2a: Aegislash|Aegislash, M|100\/100\n|move|p1a: Greninja|Water Shuriken|p2a: Aegislash\n|-damage|p2a: Aegislash|94\/100\n|-damage|p2a: Aegislash|87\/100\n|-damage|p2a: Aegislash|81\/100\n|-damage|p2a: Aegislash|75\/100\n|-hitcount|p2a: Aegislash|4\n|move|p2b: Rillaboom|Grassy Glide|p1a: Greninja\n|-supereffective|p1a: Greninja\n|-damage|p1a: Greninja|0 fnt\n|faint|p1a: Greninja\n|move|p1b: Vanilluxe|Ice Beam|p2b: Rillaboom\n|-supereffective|p2b: Rillaboom\n|-damage|p2b: Rillaboom|1\/100\n|\n|-weather|Sandstorm|[upkeep]\n|-damage|p1b: Vanilluxe|94\/100|[from] Sandstorm\n|-damage|p2b: Rillaboom|0 fnt|[from] Sandstorm\n|faint|p2b: Rillaboom\n|-heal|p1b: Vanilluxe|100\/100|[from] Grassy Terrain\n|-heal|p2a: Aegislash|81\/100|[from] Grassy Terrain\n|-heal|p2a: Aegislash|87\/100|[from] item: Leftovers\n|upkeep\n|\n|t:|1696717777\n|switch|p1a: Beedrill|Beedrill, F|100\/100\n|switch|p2b: Tyranitar|Tyranitar, M, shiny|100\/100\n|turn|2\n|\n|t:|1696717795\n|detailschange|p1a: Beedrill|Beedrill-Mega, F\n|-mega|p1a: Beedrill|Beedrill|Beedrillite\n|detailschange|p2b: Tyranitar|Tyranitar-Mega, M, shiny\n|-mega|p2b: Tyranitar|Tyranitar|Tyranitarite\n|move|p2a: Aegislash|King's Shield|p2a: Aegislash\n|-singleturn|p2a: Aegislash|Protect\n|move|p1a: Beedrill|X-Scissor|p2b: Tyranitar\n|-supereffective|p2b: Tyranitar\n|-damage|p2b: Tyranitar|34\/100\n|move|p1b: Vanilluxe|Ice Beam|p2a: Aegislash\n|-activate|p2a: Aegislash|move: Protect\n|move|p2b: Tyranitar|Rock Slide|p1b: Vanilluxe|[spread] p1a\n|-miss|p2b: Tyranitar|p1b: Vanilluxe\n|-supereffective|p1a: Beedrill\n|-damage|p1a: Beedrill|0 fnt\n|faint|p1a: Beedrill\n|\n|-weather|Sandstorm|[upkeep]\n|-damage|p1b: Vanilluxe|94\/100|[from] Sandstorm\n|-heal|p1b: Vanilluxe|100\/100|[from] Grassy Terrain\n|-heal|p2b: Tyranitar|40\/100|[from] Grassy Terrain\n|-heal|p2a: Aegislash|94\/100|[from] Grassy Terrain\n|-heal|p2a: Aegislash|99\/100|[from] item: Leftovers\n|upkeep\n|\n|t:|1696717805\n|switch|p1a: Carbink|Carbink|100\/100\n|turn|3\n|\n|t:|1696717826\n|move|p1b: Vanilluxe|Ice Beam|p2b: Tyranitar\n|-damage|p2b: Tyranitar|20\/100\n|move|p2b: Tyranitar|Rock Slide|p1a: Carbink|[spread] p1a\n|-miss|p2b: Tyranitar|p1b: Vanilluxe\n|-damage|p1a: Carbink|76\/100\n|move|p2a: Aegislash|Swords Dance|p2a: Aegislash\n|-boost|p2a: Aegislash|atk|2\n|move|p1a: Carbink|Trick Room|p1a: Carbink\n|-fieldstart|move: Trick Room|[of] p1a: Carbink\n|\n|-weather|Sandstorm|[upkeep]\n|-damage|p1b: Vanilluxe|94\/100|[from] Sandstorm\n|-heal|p1a: Carbink|83\/100|[from] Grassy Terrain\n|-heal|p2a: Aegislash|100\/100|[from] Grassy Terrain\n|-heal|p2b: Tyranitar|26\/100|[from] Grassy Terrain\n|-heal|p1b: Vanilluxe|100\/100|[from] Grassy Terrain\n|upkeep\n|turn|4\n|\n|t:|1696717844\n|switch|p1b: Torkoal|Torkoal, M|100\/100\n|-weather|SunnyDay|[from] ability: Drought|[of] p1b: Torkoal\n|move|p1a: Carbink|Flash Cannon|p2b: Tyranitar\n|-supereffective|p2b: Tyranitar\n|-damage|p2b: Tyranitar|2\/100\n|-formechange|p2a: Aegislash|Aegislash-Blade||[from] ability: Stance Change\n|move|p2a: Aegislash|Iron Head|p1b: Torkoal\n|-resisted|p1b: Torkoal\n|-damage|p1b: Torkoal|71\/100\n|move|p2b: Tyranitar|Knock Off|p1a: Carbink\n|-resisted|p1a: Carbink\n|-damage|p1a: Carbink|64\/100\n|-enditem|p1a: Carbink|Heavy-Duty Boots|[from] move: Knock Off|[of] p2b: Tyranitar\n|\n|-weather|SunnyDay|[upkeep]\n|-heal|p1b: Torkoal|77\/100|[from] Grassy Terrain\n|-heal|p1a: Carbink|70\/100|[from] Grassy Terrain\n|-heal|p2b: Tyranitar|8\/100|[from] Grassy Terrain\n|upkeep\n|turn|5\n|\n|t:|1696717873\n|switch|p2b: Garchomp|Garchomp, M|100\/100\n|-formechange|p2a: Aegislash|Aegislash||[from] ability: Stance Change\n|move|p2a: Aegislash|King's Shield|p2a: Aegislash\n|-singleturn|p2a: Aegislash|Protect\n|move|p1b: Torkoal|Eruption|p2b: Garchomp|[spread] p2b\n|-activate|p2a: Aegislash|move: Protect\n|-resisted|p2b: Garchomp\n|-damage|p2b: Garchomp|57\/100\n|move|p1a: Carbink|Flash Cannon|p2b: Garchomp\n|-damage|p2b: Garchomp|39\/100\n|-unboost|p2b: Garchomp|spd|1\n|\n|-weather|SunnyDay|[upkeep]\n|-heal|p1b: Torkoal|83\/100|[from] Grassy Terrain\n|-heal|p1a: Carbink|76\/100|[from] Grassy Terrain\n|-heal|p2b: Garchomp|45\/100|[from] Grassy Terrain\n|-fieldend|move: Grassy Terrain\n|upkeep\n|turn|6\n|\n|t:|1696717897\n|move|p1b: Torkoal|Eruption|p2b: Garchomp|[spread] p2a,p2b\n|-supereffective|p2a: Aegislash\n|-resisted|p2b: Garchomp\n|-damage|p2a: Aegislash|0 fnt\n|-damage|p2b: Garchomp|0 fnt\n|faint|p2a: Aegislash\n|faint|p2b: Garchomp\n|move|p1a: Carbink|Moonblast|p2: Aegislash|[notarget]\n|-fail|p1a: Carbink\n|\n|-weather|SunnyDay|[upkeep]\n|upkeep\n|\n|t:|1696717906\n|switch|p2a: Tyranitar|Tyranitar-Mega, M, shiny|8\/100\n|switch|p2b: Iron Moth|Iron Moth|100\/100\n|-weather|Sandstorm|[from] ability: Sand Stream|[of] p2a: Tyranitar\n|-enditem|p2b: Iron Moth|Booster Energy\n|-activate|p2b: Iron Moth|ability: Quark Drive|[fromitem]\n|-start|p2b: Iron Moth|quarkdrivespa\n|turn|7\n|\n|t:|1696717926\n|move|p1b: Torkoal|Eruption|p2b: Iron Moth|[spread] p2a,p2b\n|-resisted|p2a: Tyranitar\n|-resisted|p2b: Iron Moth\n|-damage|p2a: Tyranitar|0 fnt\n|-damage|p2b: Iron Moth|72\/100\n|faint|p2a: Tyranitar\n|move|p1a: Carbink|Power Gem|p2b: Iron Moth\n|-supereffective|p2b: Iron Moth\n|-damage|p2b: Iron Moth|22\/100\n|move|p2b: Iron Moth|Energy Ball|p1a: Carbink\n|-supereffective|p1a: Carbink\n|-damage|p1a: Carbink|29\/100\n|\n|-weather|Sandstorm|[upkeep]\n|-damage|p1b: Torkoal|77\/100|[from] Sandstorm\n|-damage|p2b: Iron Moth|16\/100|[from] Sandstorm\n|-fieldend|move: Trick Room\n|upkeep\n|\n|t:|1696717937\n|switch|p2a: Iron Valiant|Iron Valiant|100\/100\n|-enditem|p2a: Iron Valiant|Booster Energy\n|-activate|p2a: Iron Valiant|ability: Quark Drive|[fromitem]\n|-start|p2a: Iron Valiant|quarkdrivespe\n|turn|8\n|\n|t:|1696717952\n|move|p2a: Iron Valiant|Drain Punch|p1b: Torkoal\n|-damage|p1b: Torkoal|50\/100\n|move|p2b: Iron Moth|Energy Ball|p1a: Carbink\n|-supereffective|p1a: Carbink\n|-damage|p1a: Carbink|0 fnt\n|faint|p1a: Carbink\n|move|p1b: Torkoal|Eruption|p2a: Iron Valiant|[spread] p2a,p2b\n|-resisted|p2b: Iron Moth\n|-damage|p2a: Iron Valiant|33\/100\n|-damage|p2b: Iron Moth|0 fnt\n|faint|p2b: Iron Moth\n|-end|p2b: Iron Moth|Quark Drive|[silent]\n|\n|-weather|Sandstorm|[upkeep]\n|-damage|p2a: Iron Valiant|26\/100|[from] Sandstorm\n|-damage|p1b: Torkoal|44\/100|[from] Sandstorm\n|upkeep\n|\n|t:|1696717956\n|switch|p1a: Vanilluxe|Vanilluxe, M|100\/100\n|-weather|Snow|[from] ability: Snow Warning|[of] p1a: Vanilluxe\n|turn|9\n|\n|t:|1696717961\n|move|p2a: Iron Valiant|Drain Punch|p1a: Vanilluxe\n|-supereffective|p1a: Vanilluxe\n|-damage|p1a: Vanilluxe|30\/100\n|-heal|p2a: Iron Valiant|61\/100|[from] drain|[of] p1a: Vanilluxe\n|move|p1a: Vanilluxe|Weather Ball|p2a: Iron Valiant\n|-damage|p2a: Iron Valiant|0 fnt\n|faint|p2a: Iron Valiant\n|-end|p2a: Iron Valiant|Quark Drive|[silent]\n|\n|win|Rapidklipdo\n|raw|Rapidklipdo's rating: 1120 &rarr; <strong>1152<\/strong><br \/>(+32 for winning)\n|raw|official_ksc's rating: 1219 &rarr; <strong>1187<\/strong><br \/>(-32 for losing)\n|l|\u2606official_ksc\n|c|\u2606Rapidklipdo|Gg\n","uploadtime":1696717969,"views":15,"p1id":"rapidklipdo","p2id":"officialksc","formatid":"gen9nationaldexdoubles","rating":1152,"private":0,"password":""}