{"id":"gen9nationaldexdoubles-1996566450","p1":"Amarutheone","p2":"studios_galaxy","format":"[Gen 9] National Dex Doubles","log":"|j|\u2606Amarutheone\n|j|\u2606studios_galaxy\n|t:|1700695064\n|gametype|doubles\n|player|p1|Amarutheone|hilbert|1072\n|player|p2|studios_galaxy|hilda|1085\n|teamsize|p1|6\n|teamsize|p2|6\n|gen|9\n|tier|[Gen 9] National Dex Doubles\n|rated|\n|rule|HP Percentage Mod: HP is shown in percentages\n|rule|Endless Battle Clause: Forcing endless battles is banned\n|rule|OHKO Clause: OHKO moves are banned\n|rule|Evasion Moves Clause: Evasion moves are banned\n|rule|Evasion Abilities Clause: Evasion abilities are banned\n|rule|Species Clause: Limit one of each Pok\u00e9mon\n|rule|Gravity Sleep Clause: The combination of sleep-inducing moves with imperfect accuracy and Gravity or Gigantamax Orbeetle are banned\n|clearpoke\n|poke|p1|Sceptile, M|\n|poke|p1|Meowstic, M|\n|poke|p1|Seismitoad, M|\n|poke|p1|Lucario, M|\n|poke|p1|Decidueye, M|\n|poke|p1|Tapu Koko|\n|poke|p2|Venusaur, F|\n|poke|p2|Swampert, M|\n|poke|p2|Incineroar, M|\n|poke|p2|Jolteon, F|\n|poke|p2|Blaziken, M|\n|poke|p2|Amoonguss, M|\n|teampreview\n|\n|t:|1700695076\n|start\n|switch|p1a: Leonidas|Seismitoad, M|100\/100\n|switch|p1b: Meowstic|Meowstic, M|100\/100\n|switch|p2a: Venusaur|Venusaur, F|100\/100\n|switch|p2b: Jolteon|Jolteon, F|100\/100\n|turn|1\n|\n|t:|1700695095\n|-terastallize|p1a: Leonidas|Fire\n|move|p1b: Meowstic|Light Screen|p1b: Meowstic\n|-sidestart|p1: Amarutheone|move: Light Screen\n|move|p2b: Jolteon|Hidden Power|p1b: Meowstic\n|-supereffective|p1b: Meowstic\n|-damage|p1b: Meowstic|80\/100\n|move|p2a: Venusaur|Power Whip|p1a: Leonidas\n|-resisted|p1a: Leonidas\n|-damage|p1a: Leonidas|87\/100\n|move|p1a: Leonidas|Earthquake|p2b: Jolteon|[spread] p1b,p2a,p2b\n|-supereffective|p2b: Jolteon\n|-damage|p1b: Meowstic|49\/100\n|-damage|p2a: Venusaur|71\/100\n|-damage|p2b: Jolteon|40\/100\n|\n|-heal|p2b: Jolteon|46\/100|[from] item: Leftovers\n|-heal|p2a: Venusaur|77\/100|[from] item: Leftovers\n|-heal|p1a: Leonidas|94\/100|[from] item: Leftovers\n|upkeep\n|turn|2\n|\n|t:|1700695124\n|switch|p2b: Incineroar|Incineroar, M|100\/100\n|move|p1b: Meowstic|Reflect|p1b: Meowstic\n|-sidestart|p1: Amarutheone|Reflect\n|move|p2a: Venusaur|Reflect|p2a: Venusaur\n|-sidestart|p2: studios_galaxy|Reflect\n|move|p1a: Leonidas|Rock Slide|p2b: Incineroar|[spread] p2b\n|-miss|p1a: Leonidas|p2a: Venusaur\n|-supereffective|p2b: Incineroar\n|-damage|p2b: Incineroar|83\/100\n|\n|-heal|p2a: Venusaur|83\/100|[from] item: Leftovers\n|-heal|p1a: Leonidas|99\/100|[from] item: Leftovers\n|upkeep\n|turn|3\n|\n|t:|1700695151\n|switch|p1b: Satoshi|Lucario, M|100\/100\n|switch|p1a: Nikola Tesla|Tapu Koko|100\/100\n|-fieldstart|move: Electric Terrain|[from] ability: Electric Surge|[of] p1a: Nikola Tesla\n|move|p2b: Incineroar|Dual Chop|p1a: Nikola Tesla\n|-immune|p1a: Nikola Tesla\n|move|p2a: Venusaur|Power Whip|p1b: Satoshi\n|-resisted|p1b: Satoshi\n|-damage|p1b: Satoshi|84\/100\n|\n|-heal|p2a: Venusaur|90\/100|[from] item: Leftovers\n|upkeep\n|turn|4\n|\n|t:|1700695176\n|move|p1a: Nikola Tesla|Dazzling Gleam|p2a: Venusaur|[spread] p2a,p2b\n|-resisted|p2a: Venusaur\n|-damage|p2a: Venusaur|82\/100\n|-damage|p2b: Incineroar|71\/100\n|move|p1b: Satoshi|Blaze Kick|p2a: Venusaur\n|-supereffective|p2a: Venusaur\n|-damage|p2a: Venusaur|32\/100\n|-damage|p1b: Satoshi|75\/100|[from] item: Life Orb\n|move|p2b: Incineroar|Cross Chop|p1a: Nikola Tesla\n|-resisted|p1a: Nikola Tesla\n|-damage|p1a: Nikola Tesla|88\/100\n|move|p2a: Venusaur|Sleep Powder|p1a: Nikola Tesla\n|-activate|p1a: Nikola Tesla|move: Electric Terrain\n|\n|-heal|p2a: Venusaur|38\/100|[from] item: Leftovers\n|upkeep\n|turn|5\n|\n|t:|1700695196\n|move|p1a: Nikola Tesla|Dazzling Gleam|p2a: Venusaur|[spread] p2a,p2b\n|-resisted|p2a: Venusaur\n|-damage|p2a: Venusaur|30\/100\n|-damage|p2b: Incineroar|59\/100\n|move|p1b: Satoshi|Blaze Kick|p2a: Venusaur\n|-supereffective|p2a: Venusaur\n|-damage|p2a: Venusaur|0 fnt\n|faint|p2a: Venusaur\n|-damage|p1b: Satoshi|65\/100|[from] item: Life Orb\n|move|p2b: Incineroar|Blaze Kick|p1b: Satoshi\n|-supereffective|p1b: Satoshi\n|-damage|p1b: Satoshi|0 fnt\n|faint|p1b: Satoshi\n|\n|upkeep\n|\n|t:|1700695213\n|switch|p1b: Decidueye|Decidueye, M|100\/100\n|switch|p2a: Swampert|Swampert, M|100\/100\n|turn|6\n|\n|t:|1700695232\n|move|p1a: Nikola Tesla|Thunderbolt|p2b: Incineroar\n|-damage|p2b: Incineroar|32\/100\n|-status|p2b: Incineroar|par\n|move|p1b: Decidueye|Leaf Blade|p2a: Swampert\n|-supereffective|p2a: Swampert\n|-damage|p2a: Swampert|0 fnt\n|faint|p2a: Swampert\n|move|p2b: Incineroar|Blaze Kick|p1b: Decidueye\n|-supereffective|p1b: Decidueye\n|-damage|p1b: Decidueye|18\/100\n|-enditem|p1b: Decidueye|Weakness Policy\n|-boost|p1b: Decidueye|atk|2|[from] item: Weakness Policy\n|-boost|p1b: Decidueye|spa|2|[from] item: Weakness Policy\n|\n|-sideend|p2: studios_galaxy|Reflect\n|upkeep\n|\n|t:|1700695249\n|switch|p2a: Jolteon|Jolteon, F|46\/100\n|turn|7\n|\n|t:|1700695259\n|move|p1a: Nikola Tesla|Dazzling Gleam|p2a: Jolteon|[spread] p2a,p2b\n|-damage|p2a: Jolteon|26\/100\n|-damage|p2b: Incineroar|19\/100 par\n|move|p2a: Jolteon|Thunder Wave|p1b: Decidueye\n|-status|p1b: Decidueye|par\n|move|p2b: Incineroar|Blaze Kick|p1b: Decidueye\n|-supereffective|p1b: Decidueye\n|-damage|p1b: Decidueye|0 fnt\n|faint|p1b: Decidueye\n|\n|-heal|p2a: Jolteon|32\/100|[from] item: Leftovers\n|-fieldend|move: Electric Terrain\n|upkeep\n|\n|t:|1700695268\n|switch|p1b: Leonidas|Seismitoad, M, tera:Fire|99\/100\n|turn|8\n|\n|t:|1700695294\n|move|p1a: Nikola Tesla|Dazzling Gleam|p2a: Jolteon|[spread] p2a,p2b\n|-damage|p2a: Jolteon|9\/100\n|-damage|p2b: Incineroar|6\/100 par\n|move|p2a: Jolteon|Wish|p2a: Jolteon\n|move|p1b: Leonidas|Rock Slide|p2a: Jolteon|[spread] p2a,p2b\n|-supereffective|p2b: Incineroar\n|-damage|p2a: Jolteon|0 fnt\n|-damage|p2b: Incineroar|0 fnt\n|faint|p2a: Jolteon\n|faint|p2b: Incineroar\n|\n|-heal|p1b: Leonidas|100\/100|[from] item: Leftovers\n|-sideend|p1: Amarutheone|move: Light Screen\n|upkeep\n|\n|t:|1700695308\n|switch|p2a: Blaziken|Blaziken, M|100\/100\n|switch|p2b: Amoonguss|Amoonguss, M|100\/100\n|turn|9\n|\n|t:|1700695332\n|move|p1a: Nikola Tesla|Brave Bird|p2b: Amoonguss\n|-supereffective|p2b: Amoonguss\n|-damage|p2b: Amoonguss|27\/100\n|-damage|p1a: Nikola Tesla|54\/100|[from] Recoil\n|move|p2a: Blaziken|Rock Slide|p1b: Leonidas|[spread] p1a,p1b\n|-supereffective|p1b: Leonidas\n|-damage|p1a: Nikola Tesla|40\/100\n|-damage|p1b: Leonidas|81\/100\n|cant|p1b: Leonidas|flinch\n|move|p2b: Amoonguss|Sludge Bomb|p1b: Leonidas\n|-damage|p1b: Leonidas|56\/100\n|\n|-heal|p1b: Leonidas|62\/100|[from] item: Leftovers\n|-heal|p2b: Amoonguss|33\/100|[from] item: Leftovers\n|-sideend|p1: Amarutheone|Reflect\n|upkeep\n|turn|10\n|\n|t:|1700695367\n|move|p1a: Nikola Tesla|Brave Bird|p2a: Blaziken\n|-supereffective|p2a: Blaziken\n|-damage|p2a: Blaziken|3\/100\n|-damage|p1a: Nikola Tesla|2\/100|[from] Recoil\n|move|p2a: Blaziken|Blaze Kick|p1a: Nikola Tesla\n|-damage|p1a: Nikola Tesla|0 fnt\n|faint|p1a: Nikola Tesla\n|move|p1b: Leonidas|Rock Slide|p2a: Blaziken|[spread] p2b\n|-miss|p1b: Leonidas|p2a: Blaziken\n|-damage|p2b: Amoonguss|19\/100\n|cant|p2b: Amoonguss|flinch\n|\n|-heal|p1b: Leonidas|69\/100|[from] item: Leftovers\n|-heal|p2b: Amoonguss|25\/100|[from] item: Leftovers\n|upkeep\n|\n|t:|1700695381\n|switch|p1a: Phantom|Sceptile, M|100\/100\n|turn|11\n|\n|t:|1700695397\n|detailschange|p1a: Phantom|Sceptile-Mega, M\n|-mega|p1a: Phantom|Sceptile|Sceptilite\n|move|p1a: Phantom|Earthquake|p2b: Amoonguss|[spread] p1b,p2a,p2b\n|-supereffective|p1b: Leonidas\n|-supereffective|p2a: Blaziken\n|-damage|p1b: Leonidas|40\/100\n|-damage|p2a: Blaziken|0 fnt\n|-damage|p2b: Amoonguss|6\/100\n|faint|p2a: Blaziken\n|move|p1b: Leonidas|Knock Off|p2b: Amoonguss\n|-damage|p2b: Amoonguss|0 fnt\n|-status|p1b: Leonidas|psn|[from] ability: Effect Spore|[of] p2b: Amoonguss\n|-enditem|p2b: Amoonguss|Leftovers|[from] move: Knock Off|[of] p1b: Leonidas\n|faint|p2b: Amoonguss\n|\n|win|Amarutheone\n|raw|Amarutheone's rating: 1072 &rarr; <strong>1102<\/strong><br \/>(+30 for winning)\n|raw|studios_galaxy's rating: 1085 &rarr; <strong>1061<\/strong><br \/>(-24 for losing)\n|l|\u2606studios_galaxy\n","uploadtime":1700695457,"views":6,"p1id":"amarutheone","p2id":"studiosgalaxy","formatid":"gen9nationaldexdoubles","rating":1061,"private":0,"password":""}