{"id":"gen9nationaldexdoubles-1984946295","p1":"pd wogus","p2":"SORRY L0SER SHUTUP","format":"[Gen 9] National Dex Doubles","log":"|j|\u2606pd wogus\n|j|\u2606SORRY L0SER SHUTUP\n|t:|1699313543\n|gametype|doubles\n|player|p1|pd wogus|dawn|1129\n|player|p2|SORRY L0SER SHUTUP|ninjaboy|1000\n|teamsize|p1|6\n|teamsize|p2|6\n|gen|9\n|tier|[Gen 9] National Dex Doubles\n|rated|\n|rule|HP Percentage Mod: HP is shown in percentages\n|rule|Endless Battle Clause: Forcing endless battles is banned\n|rule|OHKO Clause: OHKO moves are banned\n|rule|Evasion Moves Clause: Evasion moves are banned\n|rule|Evasion Abilities Clause: Evasion abilities are banned\n|rule|Species Clause: Limit one of each Pok\u00e9mon\n|rule|Gravity Sleep Clause: The combination of sleep-inducing moves with imperfect accuracy and Gravity or Gigantamax Orbeetle are banned\n|clearpoke\n|poke|p1|Venusaur, F|\n|poke|p1|Hitmontop, M|\n|poke|p1|Torkoal, F|\n|poke|p1|Whimsicott, F|\n|poke|p1|Walking Wake|\n|poke|p1|Rillaboom, M|\n|poke|p2|Indeedee-F, F|\n|poke|p2|Oranguru, F|\n|poke|p2|Glastrier|\n|poke|p2|Hoopa-Unbound|\n|poke|p2|Ursaluna, F|\n|poke|p2|Zygarde|\n|teampreview\n|inactive|Battle timer is ON: inactive players will automatically lose when time's up. (requested by pd wogus)\n|inactive|SORRY L0SER SHUTUP has 120 seconds left.\n|inactive|pd wogus has 120 seconds left.\n|\n|t:|1699313594\n|start\n|switch|p1a: Hitmontop|Hitmontop, M|100\/100\n|switch|p1b: Torkoal|Torkoal, F|100\/100\n|switch|p2a: Hoopa|Hoopa-Unbound|100\/100\n|switch|p2b: Zygarde|Zygarde|100\/100\n|-ability|p1a: Hitmontop|Intimidate|boost\n|-unboost|p2a: Hoopa|atk|1\n|-unboost|p2b: Zygarde|atk|1\n|-ability|p2b: Zygarde|Aura Break\n|-weather|SunnyDay|[from] ability: Drought|[of] p1b: Torkoal\n|turn|1\n|\n|t:|1699313604\n|move|p1a: Hitmontop|Fake Out|p2b: Zygarde\n|-damage|p2b: Zygarde|94\/100\n|cant|p2b: Zygarde|flinch\n|move|p2a: Hoopa|Dark Pulse|p1b: Torkoal\n|-crit|p1b: Torkoal\n|-damage|p1b: Torkoal|0 fnt\n|faint|p1b: Torkoal\n|\n|-weather|SunnyDay|[upkeep]\n|upkeep\n|\n|t:|1699313613\n|switch|p1b: Rillaboom|Rillaboom, M|100\/100\n|-fieldstart|move: Grassy Terrain|[from] ability: Grassy Surge|[of] p1b: Rillaboom\n|turn|2\n|\n|t:|1699313631\n|move|p1b: Rillaboom|Fake Out|p2b: Zygarde\n|-damage|p2b: Zygarde|83\/100\n|move|p1a: Hitmontop|Close Combat|p2a: Hoopa\n|-damage|p2a: Hoopa|43\/100\n|-unboost|p1a: Hitmontop|def|1\n|-unboost|p1a: Hitmontop|spd|1\n|cant|p2b: Zygarde|flinch\n|move|p2a: Hoopa|Trick Room|p2a: Hoopa\n|-fieldstart|move: Trick Room|[of] p2a: Hoopa\n|-enditem|p2b: Zygarde|Room Service\n|-unboost|p2b: Zygarde|spe|1|[from] item: Room Service\n|-enditem|p2a: Hoopa|Room Service\n|-unboost|p2a: Hoopa|spe|1|[from] item: Room Service\n|\n|-weather|SunnyDay|[upkeep]\n|-heal|p2a: Hoopa|49\/100|[from] Grassy Terrain\n|-heal|p2b: Zygarde|89\/100|[from] Grassy Terrain\n|upkeep\n|turn|3\n|\n|t:|1699313653\n|switch|p2b: Indeedee|Indeedee-F, F|100\/100\n|-fieldstart|move: Psychic Terrain|[from] ability: Psychic Surge|[of] p2b: Indeedee\n|move|p1a: Hitmontop|Wide Guard|p1a: Hitmontop\n|-singleturn|p1a: Hitmontop|Wide Guard\n|move|p2a: Hoopa|Dark Pulse|p1b: Rillaboom\n|-damage|p1b: Rillaboom|34\/100\n|-item|p2a: Hoopa|Miracle Seed|[from] ability: Magician|[of] p1b: Rillaboom\n|move|p1b: Rillaboom|Wood Hammer|p2a: Hoopa\n|-damage|p2a: Hoopa|0 fnt\n|faint|p2a: Hoopa\n|-damage|p1b: Rillaboom|19\/100|[from] Recoil\n|\n|-weather|SunnyDay|[upkeep]\n|upkeep\n|inactive|SORRY L0SER SHUTUP has 120 seconds left.\n|\n|t:|1699313669\n|switch|p2a: Glastrier|Glastrier|100\/100\n|turn|4\n|\n|t:|1699313674\n|move|p1b: Rillaboom|Protect|p1b: Rillaboom\n|-singleturn|p1b: Rillaboom|Protect\n|move|p2b: Indeedee|Follow Me|p2b: Indeedee\n|-singleturn|p2b: Indeedee|move: Follow Me\n|move|p2a: Glastrier|Icicle Spear|p1b: Rillaboom\n|-activate|p1b: Rillaboom|move: Protect\n|move|p1a: Hitmontop|Close Combat|p2b: Indeedee\n|-damage|p2b: Indeedee|57\/100\n|-unboost|p1a: Hitmontop|def|1\n|-unboost|p1a: Hitmontop|spd|1\n|\n|-weather|SunnyDay|[upkeep]\n|upkeep\n|turn|5\n|\n|t:|1699313692\n|switch|p1b: Whimsicott|Whimsicott, F|100\/100\n|-terastallize|p2a: Glastrier|Ice\n|move|p2b: Indeedee|Follow Me|p2b: Indeedee\n|-singleturn|p2b: Indeedee|move: Follow Me\n|move|p2a: Glastrier|Icicle Spear|p1b: Whimsicott\n|-supereffective|p1b: Whimsicott\n|-damage|p1b: Whimsicott|63\/100\n|-supereffective|p1b: Whimsicott\n|-damage|p1b: Whimsicott|26\/100\n|-supereffective|p1b: Whimsicott\n|-damage|p1b: Whimsicott|0 fnt\n|faint|p1b: Whimsicott\n|-ability|p2a: Glastrier|Chilling Neigh|boost\n|-boost|p2a: Glastrier|atk|1\n|-hitcount|p1: Whimsicott|3\n|move|p1a: Hitmontop|Close Combat|p2b: Indeedee\n|-damage|p2b: Indeedee|19\/100\n|-unboost|p1a: Hitmontop|def|1\n|-unboost|p1a: Hitmontop|spd|1\n|\n|-weather|none\n|upkeep\n|\n|t:|1699313697\n|switch|p1b: Rillaboom|Rillaboom, M|19\/100\n|-fieldstart|move: Grassy Terrain|[from] ability: Grassy Surge|[of] p1b: Rillaboom\n|turn|6\n|inactive|SORRY L0SER SHUTUP has 120 seconds left.\n|inactive|SORRY L0SER SHUTUP has 90 seconds left.\n|\n|t:|1699313759\n|switch|p2b: Zygarde|Zygarde|89\/100\n|-ability|p2b: Zygarde|Aura Break\n|move|p2a: Glastrier|Protect|p2a: Glastrier\n|-singleturn|p2a: Glastrier|Protect\n|move|p1b: Rillaboom|Fake Out|p2a: Glastrier\n|-activate|p2a: Glastrier|move: Protect\n|move|p1a: Hitmontop|Close Combat|p2a: Glastrier\n|-activate|p2a: Glastrier|move: Protect\n|\n|-heal|p2b: Zygarde|95\/100|[from] Grassy Terrain\n|-heal|p1b: Rillaboom|25\/100|[from] Grassy Terrain\n|-fieldend|move: Trick Room\n|upkeep\n|turn|7\n|inactive|SORRY L0SER SHUTUP has 90 seconds left.\n|\n|t:|1699313800\n|switch|p2a: Indeedee|Indeedee-F, F|19\/100\n|-fieldstart|move: Psychic Terrain|[from] ability: Psychic Surge|[of] p2a: Indeedee\n|move|p1b: Rillaboom|Wood Hammer|p2a: Indeedee\n|-damage|p2a: Indeedee|0 fnt\n|faint|p2a: Indeedee\n|-damage|p1b: Rillaboom|20\/100|[from] Recoil\n|move|p1a: Hitmontop|Close Combat|p2b: Zygarde\n|-damage|p2b: Zygarde|66\/100\n|-unboost|p1a: Hitmontop|def|1\n|-unboost|p1a: Hitmontop|spd|1\n|move|p2b: Zygarde|Coil|p2b: Zygarde\n|-boost|p2b: Zygarde|atk|1\n|-boost|p2b: Zygarde|def|1\n|-boost|p2b: Zygarde|accuracy|1\n|\n|upkeep\n|\n|t:|1699313812\n|switch|p2a: Oranguru|Oranguru, F|100\/100\n|turn|8\n|\n|t:|1699313821\n|move|p1b: Rillaboom|Wood Hammer|p2b: Zygarde\n|-damage|p2b: Zygarde|35\/100\n|-damage|p1b: Rillaboom|9\/100|[from] Recoil\n|move|p1a: Hitmontop|Close Combat|p2b: Zygarde\n|-crit|p2b: Zygarde\n|-damage|p2b: Zygarde|0 fnt\n|-unboost|p1a: Hitmontop|def|1\n|-unboost|p1a: Hitmontop|spd|1\n|faint|p2b: Zygarde\n|move|p2a: Oranguru|Trick Room|p2a: Oranguru\n|-fieldstart|move: Trick Room|[of] p2a: Oranguru\n|\n|upkeep\n|inactive|SORRY L0SER SHUTUP has 90 seconds left.\n|\n|t:|1699313834\n|switch|p2b: Glastrier|Glastrier, tera:Ice|100\/100\n|turn|9\n|\n|t:|1699313842\n|move|p1b: Rillaboom|Protect|p1b: Rillaboom\n|-singleturn|p1b: Rillaboom|Protect\n|move|p2b: Glastrier|Icicle Spear|p1a: Hitmontop\n|-damage|p1a: Hitmontop|20\/100\n|-enditem|p1a: Hitmontop|Sitrus Berry|[eat]\n|-heal|p1a: Hitmontop|45\/100|[from] item: Sitrus Berry\n|-damage|p1a: Hitmontop|0 fnt\n|faint|p1a: Hitmontop\n|-ability|p2b: Glastrier|Chilling Neigh|boost\n|-boost|p2b: Glastrier|atk|1\n|-hitcount|p1: Hitmontop|2\n|move|p2a: Oranguru|Instruct|p2b: Glastrier\n|-singleturn|p2b: Glastrier|move: Instruct|[of] p2a: Oranguru\n|move|p2b: Glastrier|Icicle Spear|p1b: Rillaboom\n|-activate|p1b: Rillaboom|move: Protect\n|\n|upkeep\n|\n|t:|1699313847\n|switch|p1a: Walking Wake|Walking Wake|100\/100\n|turn|10\n|\n|t:|1699313859\n|move|p1a: Walking Wake|Protect|p1a: Walking Wake\n|-singleturn|p1a: Walking Wake|Protect\n|move|p2b: Glastrier|Icicle Spear|p1b: Rillaboom\n|-supereffective|p1b: Rillaboom\n|-damage|p1b: Rillaboom|0 fnt\n|faint|p1b: Rillaboom\n|-ability|p2b: Glastrier|Chilling Neigh|boost\n|-boost|p2b: Glastrier|atk|1\n|-hitcount|p1: Rillaboom|1\n|move|p2a: Oranguru|Instruct|p2b: Glastrier\n|-singleturn|p2b: Glastrier|move: Instruct|[of] p2a: Oranguru\n|move|p2b: Glastrier|Icicle Spear|p1a: Walking Wake\n|-activate|p1a: Walking Wake|move: Protect\n|\n|upkeep\n|\n|t:|1699313861\n|switch|p1b: Venusaur|Venusaur, F|100\/100\n|turn|11\n|\n|t:|1699313872\n|-terastallize|p1b: Venusaur|Fire\n|move|p1a: Walking Wake|Protect|p1a: Walking Wake\n|-singleturn|p1a: Walking Wake|Protect\n|move|p2b: Glastrier|Icicle Spear|p1a: Walking Wake\n|-activate|p1a: Walking Wake|move: Protect\n|move|p2a: Oranguru|Instruct|p2b: Glastrier\n|-singleturn|p2b: Glastrier|move: Instruct|[of] p2a: Oranguru\n|move|p2b: Glastrier|Icicle Spear|p1a: Walking Wake\n|-activate|p1a: Walking Wake|move: Protect\n|move|p1b: Venusaur|Sleep Powder|p2b: Glastrier|[miss]\n|-miss|p1b: Venusaur|p2b: Glastrier\n|\n|-fieldend|move: Psychic Terrain\n|upkeep\n|turn|12\n|inactive|SORRY L0SER SHUTUP has 120 seconds left.\n|\n|t:|1699313906\n|move|p2b: Glastrier|Icicle Spear|p1a: Walking Wake\n|-damage|p1a: Walking Wake|57\/100\n|-damage|p1a: Walking Wake|14\/100\n|-damage|p1a: Walking Wake|0 fnt\n|faint|p1a: Walking Wake\n|-end|p1a: Walking Wake|Protosynthesis|[silent]\n|-ability|p2b: Glastrier|Chilling Neigh|boost\n|-boost|p2b: Glastrier|atk|1\n|-hitcount|p1: Walking Wake|3\n|move|p2a: Oranguru|Instruct|p2b: Glastrier\n|-singleturn|p2b: Glastrier|move: Instruct|[of] p2a: Oranguru\n|move|p2b: Glastrier|Icicle Spear|p1b: Venusaur\n|-resisted|p1b: Venusaur\n|-damage|p1b: Venusaur|67\/100\n|-resisted|p1b: Venusaur\n|-damage|p1b: Venusaur|32\/100\n|-resisted|p1b: Venusaur\n|-damage|p1b: Venusaur|0 fnt\n|faint|p1b: Venusaur\n|-hitcount|p1: Venusaur|3\n|\n|win|SORRY L0SER SHUTUP\n|raw|pd wogus's rating: 1129 &rarr; <strong>1095<\/strong><br \/>(-34 for losing)\n|raw|SORRY L0SER SHUTUP's rating: 1000 &rarr; <strong>1054<\/strong><br \/>(+54 for winning)\n","uploadtime":1699313920,"views":5,"p1id":"pdwogus","p2id":"sorryl0sershutup","formatid":"gen9nationaldexdoubles","rating":1054,"private":0,"password":""}