{"id":"gen9nationaldexdoubles-1957171845","p1":"scout033","p2":"Mortlooo","format":"[Gen 9] National Dex Doubles","log":"|j|\u2606scout033\n|j|\u2606Mortlooo\n|t:|1696192517\n|gametype|doubles\n|player|p1|scout033|byron|\n|player|p2|Mortlooo|preschooler|\n|teamsize|p1|6\n|teamsize|p2|6\n|gen|9\n|tier|[Gen 9] National Dex Doubles\n|rule|HP Percentage Mod: HP is shown in percentages\n|rule|Endless Battle Clause: Forcing endless battles is banned\n|rule|OHKO Clause: OHKO moves are banned\n|rule|Evasion Moves Clause: Evasion moves are banned\n|rule|Evasion Abilities Clause: Evasion abilities are banned\n|rule|Species Clause: Limit one of each Pok\u00e9mon\n|rule|Gravity Sleep Clause: The combination of sleep-inducing moves with imperfect accuracy and Gravity or Gigantamax Orbeetle are banned\n|clearpoke\n|poke|p1|Incineroar, F|\n|poke|p1|Ninetales, F|\n|poke|p1|Typhlosion, M|\n|poke|p1|Amoonguss, M|\n|poke|p1|Crobat, M|\n|poke|p1|Morgrem, M|\n|poke|p2|Murkrow, M|\n|poke|p2|Iron Bundle|\n|poke|p2|Tauros-Paldea-Aqua, M|\n|poke|p2|Zapdos|\n|poke|p2|Aegislash, F|\n|poke|p2|Clefable, M|\n|teampreview\n|c|\u2606Mortlooo|ok\n|c|\u2606Mortlooo|gl hf lmao\n|c|\u2606scout033|you too\n|\n|t:|1696192566\n|start\n|switch|p1a: Bungrem|Morgrem, M|100\/100\n|switch|p1b: Bungaroar|Incineroar, F|100\/100\n|switch|p2a: Joke|Murkrow, M|100\/100\n|switch|p2b: Sloppy|Tauros-Paldea-Aqua, M|100\/100\n|-ability|p2b: Sloppy|Intimidate|boost\n|-unboost|p1a: Bungrem|atk|1\n|-unboost|p1b: Bungaroar|atk|1\n|-ability|p1b: Bungaroar|Intimidate|boost\n|-unboost|p2a: Joke|atk|1\n|-unboost|p2b: Sloppy|atk|1\n|turn|1\n|j| Tatoogonnawine\n|\n|t:|1696192581\n|move|p1b: Bungaroar|Fake Out|p2a: Joke\n|-damage|p2a: Joke|94\/100\n|cant|p2a: Joke|flinch\n|move|p1a: Bungrem|Reflect|p1a: Bungrem\n|-sidestart|p1: scout033|Reflect\n|move|p2b: Sloppy|Wave Crash|p1b: Bungaroar\n|-supereffective|p1b: Bungaroar\n|-damage|p1b: Bungaroar|36\/100\n|-damage|p2b: Sloppy|72\/100|[from] Recoil\n|\n|upkeep\n|turn|2\n|\n|t:|1696192633\n|switch|p2a: Mickey|Zapdos|100\/100\n|move|p1a: Bungrem|Parting Shot|p2b: Sloppy\n|-unboost|p2b: Sloppy|atk|1\n|-unboost|p2b: Sloppy|spa|1\n|\n|t:|1696192678\n|switch|p1a: Crobunga|Crobat, M|100\/100|[from] Parting Shot\n|move|p2b: Sloppy|Wave Crash|p1b: Bungaroar\n|-supereffective|p1b: Bungaroar\n|-damage|p1b: Bungaroar|0 fnt\n|faint|p1b: Bungaroar\n|-damage|p2b: Sloppy|56\/100|[from] Recoil\n|\n|upkeep\n|\n|t:|1696192696\n|switch|p1b: Bungaphlosion|Typhlosion, M|100\/100\n|turn|3\n|\n|t:|1696192712\n|switch|p2b: Pizza|Clefable, M|100\/100\n|-terastallize|p1b: Bungaphlosion|Fire\n|move|p1a: Crobunga|Tailwind|p1a: Crobunga\n|-sidestart|p1: scout033|move: Tailwind\n|move|p1b: Bungaphlosion|Eruption|p2a: Mickey|[spread] p2a,p2b\n|-damage|p2a: Mickey|3\/100\n|-damage|p2b: Pizza|13\/100\n|-enditem|p2b: Pizza|Sitrus Berry|[eat]\n|-heal|p2b: Pizza|38\/100|[from] item: Sitrus Berry\n|move|p2a: Mickey|Thunderbolt|p1a: Crobunga\n|-supereffective|p1a: Crobunga\n|-enditem|p1a: Crobunga|Focus Sash\n|-damage|p1a: Crobunga|1\/100\n|\n|upkeep\n|turn|4\n|\n|t:|1696192751\n|move|p2b: Pizza|Protect|p2b: Pizza\n|-singleturn|p2b: Pizza|Protect\n|move|p1a: Crobunga|Brave Bird|p2a: Mickey\n|-resisted|p2a: Mickey\n|-damage|p2a: Mickey|0 fnt\n|-damage|p1a: Crobunga|0 fnt|[from] item: Rocky Helmet|[of] p2a: Mickey\n|faint|p2a: Mickey\n|faint|p1a: Crobunga\n|move|p1b: Bungaphlosion|Eruption|p2b: Pizza\n|-activate|p2b: Pizza|move: Protect\n|\n|upkeep\n|\n|t:|1696192773\n|switch|p1a: Bungrem|Morgrem, M|100\/100\n|switch|p2a: Joke|Murkrow, M|94\/100\n|turn|5\n|\n|t:|1696192785\n|move|p1a: Bungrem|Fake Out|p2a: Joke\n|-damage|p2a: Joke|88\/100\n|cant|p2a: Joke|flinch\n|move|p1b: Bungaphlosion|Eruption|p2b: Pizza|[spread] p2a,p2b\n|-damage|p2a: Joke|0 fnt\n|-damage|p2b: Pizza|0 fnt\n|faint|p2a: Joke\n|faint|p2b: Pizza\n|\n|-sideend|p1: scout033|Reflect\n|upkeep\n|\n|t:|1696192793\n|switch|p2a: Sloppy|Tauros-Paldea-Aqua, M|56\/100\n|switch|p2b: Dudey|Aegislash, F|100\/100\n|-ability|p2a: Sloppy|Intimidate|boost\n|-unboost|p1a: Bungrem|atk|1\n|-unboost|p1b: Bungaphlosion|atk|1\n|turn|6\n|\n|t:|1696192815\n|-terastallize|p2b: Dudey|Fire\n|move|p1a: Bungrem|Reflect|p1a: Bungrem\n|-sidestart|p1: scout033|Reflect\n|move|p2a: Sloppy|Aqua Jet|p1b: Bungaphlosion\n|-supereffective|p1b: Bungaphlosion\n|-damage|p1b: Bungaphlosion|52\/100\n|move|p1b: Bungaphlosion|Eruption|p2a: Sloppy|[spread] p2a,p2b\n|-resisted|p2a: Sloppy\n|-resisted|p2b: Dudey\n|-damage|p2a: Sloppy|13\/100\n|-damage|p2b: Dudey|79\/100\n|-formechange|p2b: Dudey|Aegislash-Blade||[from] ability: Stance Change\n|move|p2b: Dudey|Rock Slide|p1a: Bungrem|[spread] p1a,p1b\n|-supereffective|p1b: Bungaphlosion\n|-damage|p1a: Bungrem|82\/100\n|-damage|p1b: Bungaphlosion|13\/100\n|\n|-heal|p2b: Dudey|85\/100|[from] item: Leftovers\n|-sideend|p1: scout033|move: Tailwind\n|upkeep\n|turn|7\n|\n|t:|1696192850\n|switch|p1b: Bungatales|Ninetales, F|100\/100\n|-weather|SunnyDay|[from] ability: Drought|[of] p1b: Bungatales\n|move|p2a: Sloppy|Aqua Jet|p1b: Bungatales\n|-supereffective|p1b: Bungatales\n|-damage|p1b: Bungatales|70\/100\n|move|p1a: Bungrem|Parting Shot|p2a: Sloppy\n|-unboost|p2a: Sloppy|atk|1\n|-unboost|p2a: Sloppy|spa|1\n|\n|t:|1696192863\n|switch|p1a: Ungabunguss|Amoonguss, M|100\/100|[from] Parting Shot\n|move|p2b: Dudey|Substitute|p2b: Dudey\n|-start|p2b: Dudey|Substitute\n|-damage|p2b: Dudey|60\/100\n|\n|-weather|SunnyDay|[upkeep]\n|-heal|p2b: Dudey|66\/100|[from] item: Leftovers\n|upkeep\n|turn|8\n|\n|t:|1696192887\n|switch|p2a: Winny|Iron Bundle|100\/100\n|-enditem|p2a: Winny|Booster Energy\n|-activate|p2a: Winny|ability: Quark Drive|[fromitem]\n|-start|p2a: Winny|quarkdrivespe\n|move|p1a: Ungabunguss|Rage Powder|p1a: Ungabunguss\n|-singleturn|p1a: Ungabunguss|move: Rage Powder\n|move|p1b: Bungatales|Heat Wave|p2a: Winny|[spread] p2a,p2b\n|-resisted|p2b: Dudey\n|-end|p2b: Dudey|Substitute\n|-damage|p2a: Winny|25\/100\n|move|p2b: Dudey|Rock Slide|p1b: Bungatales|[spread] p1a,p1b\n|-supereffective|p1b: Bungatales\n|-damage|p1a: Ungabunguss|84\/100\n|-damage|p1b: Bungatales|25\/100\n|-enditem|p1b: Bungatales|Mago Berry|[eat]\n|-heal|p1b: Bungatales|58\/100|[from] item: Mago Berry\n|\n|-weather|SunnyDay|[upkeep]\n|-heal|p2b: Dudey|72\/100|[from] item: Leftovers\n|upkeep\n|turn|9\n|\n|t:|1696192908\n|-formechange|p2b: Dudey|Aegislash||[from] ability: Stance Change\n|move|p2b: Dudey|King's Shield|p2b: Dudey\n|-singleturn|p2b: Dudey|Protect\n|move|p1a: Ungabunguss|Rage Powder|p1a: Ungabunguss\n|-singleturn|p1a: Ungabunguss|move: Rage Powder\n|move|p2a: Winny|Hydro Pump|p1a: Ungabunguss\n|-resisted|p1a: Ungabunguss\n|-damage|p1a: Ungabunguss|76\/100\n|move|p1b: Bungatales|Heat Wave|p2a: Winny|[spread] p2a\n|-activate|p2b: Dudey|move: Protect\n|-damage|p2a: Winny|0 fnt\n|faint|p2a: Winny\n|-end|p2a: Winny|Quark Drive|[silent]\n|\n|-weather|SunnyDay|[upkeep]\n|-heal|p2b: Dudey|79\/100|[from] item: Leftovers\n|upkeep\n|c|\u2606Mortlooo|right\n|\n|t:|1696192918\n|switch|p2a: Sloppy|Tauros-Paldea-Aqua, M|13\/100\n|-ability|p2a: Sloppy|Intimidate|boost\n|-unboost|p1a: Ungabunguss|atk|1\n|-unboost|p1b: Bungatales|atk|1\n|turn|10\n|j| Lugiabirb\n|\n|t:|1696192941\n|move|p1a: Ungabunguss|Rage Powder|p1a: Ungabunguss\n|-singleturn|p1a: Ungabunguss|move: Rage Powder\n|move|p1b: Bungatales|Heat Wave|p2b: Dudey|[spread] p2a\n|-miss|p1b: Bungatales|p2b: Dudey\n|-resisted|p2a: Sloppy\n|-damage|p2a: Sloppy|0 fnt\n|faint|p2a: Sloppy\n|-formechange|p2b: Dudey|Aegislash-Blade||[from] ability: Stance Change\n|move|p2b: Dudey|Rock Slide|p1b: Bungatales|[spread] p1b\n|-miss|p2b: Dudey|p1a: Ungabunguss\n|-supereffective|p1b: Bungatales\n|-damage|p1b: Bungatales|11\/100\n|\n|-weather|SunnyDay|[upkeep]\n|-heal|p2b: Dudey|85\/100|[from] item: Leftovers\n|-sideend|p1: scout033|Reflect\n|upkeep\n|turn|11\n|\n|t:|1696192959\n|-formechange|p2b: Dudey|Aegislash||[from] ability: Stance Change\n|move|p2b: Dudey|King's Shield|p2b: Dudey\n|-singleturn|p2b: Dudey|Protect\n|move|p1b: Bungatales|Flamethrower|p2b: Dudey\n|-activate|p2b: Dudey|move: Protect\n|move|p1a: Ungabunguss|Spore|p2b: Dudey\n|-status|p2b: Dudey|slp|[from] move: Spore\n|\n|-weather|none\n|-heal|p2b: Dudey|91\/100 slp|[from] item: Leftovers\n|upkeep\n|turn|12\n|c|\u2606Mortlooo|damn that goes thru king's shield?\n|c|\u2606scout033|today I learned that too\n|\n|t:|1696192987\n|move|p1b: Bungatales|Flamethrower|p2b: Dudey\n|-resisted|p2b: Dudey\n|-damage|p2b: Dudey|76\/100 slp\n|cant|p2b: Dudey|slp\n|move|p1a: Ungabunguss|Giga Drain|p2b: Dudey\n|-resisted|p2b: Dudey\n|-damage|p2b: Dudey|67\/100 slp\n|-heal|p1a: Ungabunguss|79\/100|[from] drain|[of] p2b: Dudey\n|\n|-heal|p2b: Dudey|73\/100 slp|[from] item: Leftovers\n|upkeep\n|turn|13\n|\n|t:|1696193022\n|switch|p1b: Bungrem|Morgrem, M|82\/100\n|-curestatus|p2b: Dudey|slp|[msg]\n|-formechange|p2b: Dudey|Aegislash-Blade||[from] ability: Stance Change\n|move|p2b: Dudey|Rock Slide|p1a: Ungabunguss|[spread] p1a,p1b\n|-damage|p1a: Ungabunguss|54\/100\n|-damage|p1b: Bungrem|54\/100\n|cant|p1a: Ungabunguss|flinch\n|\n|-heal|p2b: Dudey|79\/100|[from] item: Leftovers\n|upkeep\n|turn|14\n|\n|t:|1696193038\n|-formechange|p2b: Dudey|Aegislash||[from] ability: Stance Change\n|move|p2b: Dudey|King's Shield|p2b: Dudey\n|-singleturn|p2b: Dudey|Protect\n|move|p1b: Bungrem|Parting Shot|p2b: Dudey\n|-unboost|p2b: Dudey|atk|1\n|-unboost|p2b: Dudey|spa|1\n|c|\u2606Mortlooo|ah\n|c|\u2606Mortlooo|gg\n|\n|t:|1696193044\n|switch|p1b: Bungatales|Ninetales, F|11\/100|[from] Parting Shot\n|-weather|SunnyDay|[from] ability: Drought|[of] p1b: Bungatales\n|move|p1a: Ungabunguss|Spore|p2b: Dudey\n|-status|p2b: Dudey|slp|[from] move: Spore\n|\n|-weather|SunnyDay|[upkeep]\n|-heal|p2b: Dudey|85\/100 slp|[from] item: Leftovers\n|upkeep\n|turn|15\n|\n|t:|1696193057\n|move|p1b: Bungatales|Flamethrower|p2b: Dudey\n|-resisted|p2b: Dudey\n|-damage|p2b: Dudey|65\/100 slp\n|cant|p2b: Dudey|slp\n|move|p1a: Ungabunguss|Giga Drain|p2b: Dudey\n|-resisted|p2b: Dudey\n|-damage|p2b: Dudey|56\/100 slp\n|-heal|p1a: Ungabunguss|57\/100|[from] drain|[of] p2b: Dudey\n|\n|-weather|SunnyDay|[upkeep]\n|-heal|p2b: Dudey|62\/100 slp|[from] item: Leftovers\n|upkeep\n|turn|16\n|\n|t:|1696193069\n|switch|p1a: Bungaphlosion|Typhlosion, M, tera:Fire|13\/100\n|move|p1b: Bungatales|Flamethrower|p2b: Dudey\n|-resisted|p2b: Dudey\n|-damage|p2b: Dudey|43\/100 slp\n|cant|p2b: Dudey|slp\n|\n|-weather|SunnyDay|[upkeep]\n|-heal|p2b: Dudey|49\/100 slp|[from] item: Leftovers\n|upkeep\n|turn|17\n|c|\u2606Mortlooo|could been  cool turn\n|\n|t:|1696193081\n|move|p1a: Bungaphlosion|Burn Up|p2b: Dudey\n|-resisted|p2b: Dudey\n|-damage|p2b: Dudey|0 fnt\n|-start|p1a: Bungaphlosion|typechange|Fire|[from] move: Burn Up\n|faint|p2b: Dudey\n|\n|win|scout033\n|c|\u2606Mortlooo|if i woke\n|c|\u2606Mortlooo|lol\n|c|\u2606Mortlooo|gg\n|l|\u2606Mortlooo\n|c|\u2606scout033|I was scared of you waking up there lmao\n|c|\u2606scout033|gg\n|l| Lugiabirb\n|l|\u2606scout033\n|l| Tatoogonnawine\n|j| Tatoogonnawine\n","uploadtime":1696193110,"views":20,"p1id":"scout033","p2id":"mortlooo","formatid":"gen9nationaldexdoubles","rating":0,"private":0,"password":""}