{"id":"gen9nationaldexdoubles-1973218861","p1":"bibleisreal20994","p2":"MasterHand","format":"[Gen 9] National Dex Doubles","log":"|j|\u2606bibleisreal20994\n|j|\u2606MasterHand\n|t:|1697940765\n|gametype|doubles\n|player|p1|bibleisreal20994|cheren-gen5bw2|1248\n|player|p2|MasterHand|volkner|1202\n|teamsize|p1|6\n|teamsize|p2|6\n|gen|9\n|tier|[Gen 9] National Dex Doubles\n|rated|\n|rule|HP Percentage Mod: HP is shown in percentages\n|rule|Endless Battle Clause: Forcing endless battles is banned\n|rule|OHKO Clause: OHKO moves are banned\n|rule|Evasion Moves Clause: Evasion moves are banned\n|rule|Evasion Abilities Clause: Evasion abilities are banned\n|rule|Species Clause: Limit one of each Pok\u00e9mon\n|rule|Gravity Sleep Clause: The combination of sleep-inducing moves with imperfect accuracy and Gravity or Gigantamax Orbeetle are banned\n|clearpoke\n|poke|p1|Palossand, M|\n|poke|p1|Corviknight, M|\n|poke|p1|Accelgor, F|\n|poke|p1|Diancie|\n|poke|p1|Flamigo, F|\n|poke|p1|Umbreon, M|\n|poke|p2|Blastoise, M|\n|poke|p2|Linoone, F|\n|poke|p2|Slowbro-Galar, F|\n|poke|p2|Mew|\n|poke|p2|Throh, M|\n|poke|p2|Skeledirge, M|\n|teampreview\n|inactive|Battle timer is ON: inactive players will automatically lose when time's up. (requested by bibleisreal20994)\n|inactive|MasterHand has 120 seconds left.\n|\n|t:|1697940803\n|start\n|switch|p1a: Palossand|Palossand, M|100\/100\n|switch|p1b: Diancie|Diancie|100\/100\n|switch|p2a: Skeledirge|Skeledirge, M|100\/100\n|switch|p2b: Blastoise|Blastoise, M|100\/100\n|turn|1\n|\n|t:|1697940816\n|move|p2a: Skeledirge|Torch Song|p1a: Palossand\n|-damage|p1a: Palossand|71\/100\n|-boost|p2a: Skeledirge|spa|1\n|move|p2b: Blastoise|Water Pledge|p1a: Palossand\n|-supereffective|p1a: Palossand\n|-damage|p1a: Palossand|15\/100\n|-ability|p1a: Palossand|Water Compaction|boost\n|-boost|p1a: Palossand|def|2\n|move|p1a: Palossand|Skill Swap|p1b: Diancie\n|-activate|p1a: Palossand|move: Skill Swap|||[of] p1b: Diancie\n|move|p1b: Diancie|Trick Room|p1b: Diancie\n|-fieldstart|move: Trick Room|[of] p1b: Diancie\n|\n|upkeep\n|turn|2\n|inactive|MasterHand has 120 seconds left.\n|\n|t:|1697940853\n|move|p1b: Diancie|Protect|p1b: Diancie\n|-singleturn|p1b: Diancie|Protect\n|move|p2b: Blastoise|Follow Me|p2b: Blastoise\n|-singleturn|p2b: Blastoise|move: Follow Me\n|move|p1a: Palossand|Destiny Bond|p1a: Palossand\n|-singlemove|p1a: Palossand|Destiny Bond\n|move|p2a: Skeledirge|Torch Song|p1a: Palossand\n|-damage|p1a: Palossand|0 fnt\n|-boost|p2a: Skeledirge|spa|1\n|faint|p1a: Palossand\n|-activate|p1a: Palossand|move: Destiny Bond\n|faint|p2a: Skeledirge\n|\n|upkeep\n|\n|t:|1697940879\n|switch|p1a: Accelgor|Accelgor, F|100\/100\n|switch|p2a: Slowbro|Slowbro-Galar, F|100\/100\n|turn|3\n|inactive|MasterHand has 120 seconds left.\n|\n|t:|1697940914\n|move|p2b: Blastoise|Follow Me|p2b: Blastoise\n|-singleturn|p2b: Blastoise|move: Follow Me\n|move|p1a: Accelgor|Water Shuriken|p2b: Blastoise\n|-resisted|p2b: Blastoise\n|-damage|p2b: Blastoise|99\/100\n|-resisted|p2b: Blastoise\n|-damage|p2b: Blastoise|97\/100\n|-resisted|p2b: Blastoise\n|-damage|p2b: Blastoise|96\/100\n|-resisted|p2b: Blastoise\n|-damage|p2b: Blastoise|95\/100\n|-hitcount|p2b: Blastoise|4\n|-enditem|p2b: Blastoise|Eject Button\n|\n|t:|1697940918\n|switch|p2b: Throh|Throh, M|100\/100\n|move|p2a: Slowbro|Belly Drum|p2a: Slowbro\n|-damage|p2a: Slowbro|50\/100\n|-setboost|p2a: Slowbro|atk|6|[from] move: Belly Drum\n|-enditem|p2a: Slowbro|Sitrus Berry|[eat]\n|-heal|p2a: Slowbro|75\/100|[from] item: Sitrus Berry\n|move|p1b: Diancie|Draining Kiss|p2b: Throh\n|-supereffective|p2b: Throh\n|-crit|p2b: Throh\n|-damage|p2b: Throh|47\/100\n|\n|upkeep\n|turn|4\n|\n|t:|1697940930\n|move|p1a: Accelgor|Water Shuriken|p1b: Diancie\n|-supereffective|p1b: Diancie\n|-damage|p1b: Diancie|94\/100\n|-ability|p1b: Diancie|Water Compaction|boost\n|-boost|p1b: Diancie|def|2\n|-enditem|p1b: Diancie|Weakness Policy\n|-boost|p1b: Diancie|atk|2|[from] item: Weakness Policy\n|-boost|p1b: Diancie|spa|2|[from] item: Weakness Policy\n|-supereffective|p1b: Diancie\n|-damage|p1b: Diancie|87\/100\n|-ability|p1b: Diancie|Water Compaction|boost\n|-boost|p1b: Diancie|def|2\n|-hitcount|p1b: Diancie|2\n|move|p2a: Slowbro|Drain Punch|p1b: Diancie\n|-damage|p1b: Diancie|60\/100\n|-heal|p2a: Slowbro|84\/100|[from] drain|[of] p1b: Diancie\n|move|p2b: Throh|Mat Block|p2b: Throh\n|-singleturn|p2b: Throh|Mat Block\n|move|p1b: Diancie|Stored Power|p2a: Slowbro\n|-activate|p2a: Slowbro|move: Mat Block|Stored Power\n|\n|upkeep\n|turn|5\n|inactive|MasterHand has 120 seconds left.\n|-activate|p2a: Slowbro|ability: Quick Draw\n|\n|t:|1697940968\n|move|p2a: Slowbro|Waterfall|p1b: Diancie\n|-supereffective|p1b: Diancie\n|-damage|p1b: Diancie|0 fnt\n|faint|p1b: Diancie\n|move|p2b: Throh|Superpower|p1a: Accelgor\n|-resisted|p1a: Accelgor\n|-damage|p1a: Accelgor|49\/100\n|-unboost|p2b: Throh|atk|1\n|-unboost|p2b: Throh|def|1\n|-enditem|p2b: Throh|Eject Pack\n|\n|t:|1697940978\n|switch|p2b: Blastoise|Blastoise, M|95\/100\n|move|p1a: Accelgor|Final Gambit|p2a: Slowbro\n|-damage|p2a: Slowbro|39\/100\n|faint|p1a: Accelgor\n|\n|-fieldend|move: Trick Room\n|upkeep\n|-message|bibleisreal20994 forfeited.\n|\n|win|MasterHand\n|raw|bibleisreal20994's rating: 1248 &rarr; <strong>1220<\/strong><br \/>(-28 for losing)\n|raw|MasterHand's rating: 1202 &rarr; <strong>1230<\/strong><br \/>(+28 for winning)\n|l|\u2606bibleisreal20994\n","uploadtime":1697940991,"views":15,"p1id":"bibleisreal20994","p2id":"masterhand","formatid":"gen9nationaldexdoubles","rating":1220,"private":0,"password":""}