{"id":"gen9nationaldexdoubles-1954019858","p1":"bibbler111","p2":"jayballester","format":"[Gen 9] National Dex Doubles","log":"|j|\u2606bibbler111\n|j|\u2606jayballester\n|t:|1695846276\n|gametype|doubles\n|player|p1|bibbler111|1|\n|player|p2|jayballester|riley|\n|teamsize|p1|6\n|teamsize|p2|6\n|gen|9\n|tier|[Gen 9] National Dex Doubles\n|rule|HP Percentage Mod: HP is shown in percentages\n|rule|Endless Battle Clause: Forcing endless battles is banned\n|rule|OHKO Clause: OHKO moves are banned\n|rule|Evasion Moves Clause: Evasion moves are banned\n|rule|Evasion Abilities Clause: Evasion abilities are banned\n|rule|Gravity Sleep Clause: The combination of sleep-inducing moves with imperfect accuracy and Gravity or Gigantamax Orbeetle are banned\n|rule|Z-Move Clause: Z-Moves are banned\n|rule|Terastal Clause: You cannot Terastallize\n|rule|Forme Clause: Limit one of each forme of a Pok\u00e9mon\n|clearpoke\n|poke|p1|Hitmontop, M|\n|poke|p1|Scovillain, M|\n|poke|p1|Liepard, F|\n|poke|p1|Emboar, M|\n|poke|p1|Goodra, M|\n|poke|p1|Togekiss, F|\n|poke|p2|Liepard, M|\n|poke|p2|Emboar, M|\n|poke|p2|Scovillain, M|\n|poke|p2|Mimikyu, M|\n|poke|p2|Dragalge, M|\n|poke|p2|Hitmontop, M|\n|teampreview\n|c|\u2606bibbler111|glhf\n|c|\u2606jayballester|glhf\n|c|\u2606jayballester|I see we went with similar stuff lmao\n|c|\u2606bibbler111|oh yeah\n|c|\u2606jayballester|Liepard, Scovillain, Emboar, Hitmontop + a dragon and a fairy\n|c|\u2606bibbler111|lmao\n|c|\u2606bibbler111|i mean i knew i was gonna use hitmontop\n|c|\u2606bibbler111|because its like incineroar before incineroar\n|c|\u2606jayballester|yea\n|\n|t:|1695846372\n|start\n|switch|p1a: Liepard|Liepard, F|100\/100\n|switch|p1b: Togekiss|Togekiss, F|100\/100\n|switch|p2a: Mimikyu|Mimikyu, M|100\/100\n|switch|p2b: Hitmontop|Hitmontop, M|100\/100\n|-ability|p2b: Hitmontop|Intimidate|boost\n|-unboost|p1a: Liepard|atk|1\n|-unboost|p1b: Togekiss|atk|1\n|turn|1\n|\n|t:|1695846401\n|switch|p1a: Hitmontop|Hitmontop, M|100\/100\n|-ability|p1a: Hitmontop|Intimidate|boost\n|-unboost|p2a: Mimikyu|atk|1\n|-unboost|p2b: Hitmontop|atk|1\n|move|p2b: Hitmontop|Fake Out|p1b: Togekiss\n|-damage|p1b: Togekiss|94\/100\n|move|p1b: Togekiss|Air Slash|p2a: Mimikyu\n|-activate|p2a: Mimikyu|ability: Disguise\n|-damage|p2a: Mimikyu|100\/100\n|detailschange|p2a: Mimikyu|Mimikyu-Busted, M\n|-damage|p2a: Mimikyu|88\/100|[from] pokemon: Mimikyu-Busted\n|cant|p2a: Mimikyu|flinch\n|\n|upkeep\n|turn|2\n|c|\u2606jayballester|also I'm usually a vgc player, 6v6 doubles will be kinda weird to me\n|c|\u2606bibbler111|oh\n|c|\u2606bibbler111|im a smogon doubles player\n|\n|t:|1695846446\n|switch|p1a: Liepard|Liepard, F|100\/100\n|move|p2a: Mimikyu|Play Rough|p1a: Liepard\n|-supereffective|p1a: Liepard\n|-damage|p1a: Liepard|8\/100\n|-enditem|p1a: Liepard|Sitrus Berry|[eat]\n|-heal|p1a: Liepard|33\/100|[from] item: Sitrus Berry\n|move|p1b: Togekiss|Air Slash|p2a: Mimikyu|[miss]\n|-miss|p1b: Togekiss|p2a: Mimikyu\n|move|p2b: Hitmontop|Rock Slide|p1a: Liepard|[spread] p1a,p1b\n|-supereffective|p1b: Togekiss\n|-damage|p1a: Liepard|11\/100\n|-damage|p1b: Togekiss|77\/100\n|\n|upkeep\n|turn|3\n|\n|t:|1695846470\n|move|p1a: Liepard|Protect|p1a: Liepard\n|-singleturn|p1a: Liepard|Protect\n|move|p2b: Hitmontop|Mach Punch|p1a: Liepard\n|-activate|p1a: Liepard|move: Protect\n|move|p1b: Togekiss|Tailwind|p1b: Togekiss\n|-sidestart|p1: bibbler111|move: Tailwind\n|move|p2a: Mimikyu|Trick Room|p2a: Mimikyu\n|-fieldstart|move: Trick Room|[of] p2a: Mimikyu\n|\n|upkeep\n|turn|4\n|\n|t:|1695846487\n|switch|p2a: Dragalge|Dragalge, M|100\/100\n|move|p1b: Togekiss|Follow Me|p1b: Togekiss\n|-singleturn|p1b: Togekiss|move: Follow Me\n|move|p1a: Liepard|Sunny Day|p1a: Liepard\n|-weather|SunnyDay\n|move|p2b: Hitmontop|Rock Slide|p1a: Liepard|[spread] p1b\n|-miss|p2b: Hitmontop|p1a: Liepard\n|-supereffective|p1b: Togekiss\n|-damage|p1b: Togekiss|59\/100\n|\n|-weather|SunnyDay|[upkeep]\n|upkeep\n|turn|5\n|\n|t:|1695846509\n|move|p2b: Hitmontop|Mach Punch|p1a: Liepard\n|-supereffective|p1a: Liepard\n|-damage|p1a: Liepard|0 fnt\n|faint|p1a: Liepard\n|move|p2a: Dragalge|Sludge Bomb|p1b: Togekiss\n|-supereffective|p1b: Togekiss\n|-damage|p1b: Togekiss|0 fnt\n|faint|p1b: Togekiss\n|-damage|p2a: Dragalge|91\/100|[from] item: Life Orb\n|\n|-weather|SunnyDay|[upkeep]\n|upkeep\n|\n|t:|1695846522\n|switch|p1b: Goodra|Goodra, M|100\/100\n|switch|p1a: Emboar|Emboar, M|100\/100\n|turn|6\n|\n|t:|1695846536\n|switch|p2b: Mimikyu|Mimikyu-Busted, M|88\/100\n|move|p2a: Dragalge|Draco Meteor|p1a: Emboar|[miss]\n|-miss|p2a: Dragalge|p1a: Emboar\n|move|p1b: Goodra|Ice Beam|p2a: Dragalge\n|-supereffective|p2a: Dragalge\n|-damage|p2a: Dragalge|38\/100\n|move|p1a: Emboar|Flare Blitz|p2b: Mimikyu\n|-damage|p2b: Mimikyu|0 fnt\n|faint|p2b: Mimikyu\n|-damage|p1a: Emboar|75\/100|[from] Recoil\n|\n|-weather|SunnyDay|[upkeep]\n|-sideend|p1: bibbler111|move: Tailwind\n|upkeep\n|\n|t:|1695846564\n|switch|p2b: Emboar|Emboar, M|100\/100\n|turn|7\n|\n|t:|1695846571\n|move|p2a: Dragalge|Draco Meteor|p1b: Goodra\n|-supereffective|p1b: Goodra\n|-damage|p1b: Goodra|12\/100\n|-unboost|p2a: Dragalge|spa|2\n|-damage|p2a: Dragalge|28\/100|[from] item: Life Orb\n|move|p2b: Emboar|Flare Blitz|p1a: Emboar\n|-resisted|p1a: Emboar\n|-damage|p1a: Emboar|0 fnt\n|faint|p1a: Emboar\n|-damage|p2b: Emboar|80\/100|[from] Recoil\n|move|p1b: Goodra|Draco Meteor|p2b: Emboar\n|-damage|p2b: Emboar|9\/100\n|-unboost|p1b: Goodra|spa|2\n|\n|-weather|SunnyDay|[upkeep]\n|-heal|p2b: Emboar|15\/100|[from] item: Leftovers\n|-fieldend|move: Trick Room\n|upkeep\n|\n|t:|1695846588\n|switch|p1a: Scovillain|Scovillain, M|100\/100\n|turn|8\n|\n|t:|1695846601\n|move|p1a: Scovillain|Flamethrower|p2a: Dragalge\n|-resisted|p2a: Dragalge\n|-damage|p2a: Dragalge|0 fnt\n|faint|p2a: Dragalge\n|-damage|p1a: Scovillain|91\/100|[from] item: Life Orb\n|move|p1b: Goodra|Sludge Bomb|p2b: Emboar\n|-damage|p2b: Emboar|0 fnt\n|faint|p2b: Emboar\n|\n|-weather|none\n|upkeep\n|\n|t:|1695846626\n|switch|p2b: Scovillain|Scovillain, M|100\/100\n|switch|p2a: Hitmontop|Hitmontop, M|100\/100\n|-ability|p2a: Hitmontop|Intimidate|boost\n|-unboost|p1a: Scovillain|atk|1\n|-unboost|p1b: Goodra|atk|1\n|turn|9\n|\n|t:|1695846640\n|switch|p1a: Hitmontop|Hitmontop, M|100\/100\n|-ability|p1a: Hitmontop|Intimidate|boost\n|-unboost|p2a: Hitmontop|atk|1\n|-unboost|p2b: Scovillain|atk|1\n|move|p2a: Hitmontop|Fake Out|p1a: Hitmontop\n|-damage|p1a: Hitmontop|92\/100\n|move|p2b: Scovillain|Flamethrower|p1b: Goodra\n|-resisted|p1b: Goodra\n|-damage|p1b: Goodra|0 fnt\n|faint|p1b: Goodra\n|\n|upkeep\n|\n|t:|1695846649\n|switch|p1b: Scovillain|Scovillain, M|91\/100\n|turn|10\n|\n|t:|1695846660\n|switch|p2b: Liepard|Liepard, M|100\/100\n|move|p1a: Hitmontop|Feint|p2b: Liepard\n|-damage|p2b: Liepard|88\/100\n|move|p1b: Scovillain|Flamethrower|p2b: Liepard\n|-damage|p2b: Liepard|0 fnt\n|faint|p2b: Liepard\n|-damage|p1b: Scovillain|81\/100|[from] item: Life Orb\n|move|p2a: Hitmontop|Rock Slide|p1b: Scovillain|[spread] p1b\n|-miss|p2a: Hitmontop|p1a: Hitmontop\n|-supereffective|p1b: Scovillain\n|-crit|p1b: Scovillain\n|-damage|p1b: Scovillain|0 fnt\n|faint|p1b: Scovillain\n|\n|upkeep\n|\n|t:|1695846673\n|switch|p2b: Scovillain|Scovillain, M|100\/100\n|turn|11\n|\n|t:|1695846680\n|move|p2b: Scovillain|Flamethrower|p1a: Hitmontop\n|-damage|p1a: Hitmontop|21\/100\n|-status|p1a: Hitmontop|brn\n|-enditem|p1a: Hitmontop|Sitrus Berry|[eat]\n|-heal|p1a: Hitmontop|45\/100 brn|[from] item: Sitrus Berry\n|move|p1a: Hitmontop|Close Combat|p2b: Scovillain\n|-damage|p2b: Scovillain|60\/100\n|-unboost|p1a: Hitmontop|def|1\n|-unboost|p1a: Hitmontop|spd|1\n|move|p2a: Hitmontop|Close Combat|p1a: Hitmontop\n|-damage|p1a: Hitmontop|0 fnt\n|-unboost|p2a: Hitmontop|def|1\n|-unboost|p2a: Hitmontop|spd|1\n|faint|p1a: Hitmontop\n|\n|win|jayballester\n|c|\u2606bibbler111|gg\n|c|\u2606jayballester|ggs\n","uploadtime":1695846710,"views":15,"p1id":"bibbler111","p2id":"jayballester","formatid":"gen9nationaldexdoubles","rating":0,"private":0,"password":""}