{"id":"gen9nationaldexdoubles-1957761917","p1":"AutumnCookie","p2":"UncleKars","format":"[Gen 9] National Dex Doubles","log":"|j|\u2606AutumnCookie\n|j|\u2606UncleKars\n|t:|1696259129\n|gametype|doubles\n|player|p1|AutumnCookie|blue|\n|player|p2|UncleKars|silver|\n|teamsize|p1|6\n|teamsize|p2|6\n|gen|9\n|tier|[Gen 9] National Dex Doubles\n|rule|HP Percentage Mod: HP is shown in percentages\n|rule|Endless Battle Clause: Forcing endless battles is banned\n|rule|OHKO Clause: OHKO moves are banned\n|rule|Evasion Moves Clause: Evasion moves are banned\n|rule|Evasion Abilities Clause: Evasion abilities are banned\n|rule|Species Clause: Limit one of each Pok\u00e9mon\n|rule|Gravity Sleep Clause: The combination of sleep-inducing moves with imperfect accuracy and Gravity or Gigantamax Orbeetle are banned\n|clearpoke\n|poke|p1|Lycanroc-Midnight, M|\n|poke|p1|Incineroar, M|\n|poke|p1|Golisopod, F|\n|poke|p1|Mimikyu, F|\n|poke|p1|Scrafty, M|\n|poke|p1|Electivire, M|\n|poke|p2|Mudsdale, F|\n|poke|p2|Kommo-o, M|\n|poke|p2|Cacturne, M|\n|poke|p2|Ampharos, M|\n|poke|p2|Palafin, M|\n|poke|p2|Perrserker, M|\n|teampreview\n|c|\u2606UncleKars|the fucking palafin jpeg\n|\n|t:|1696259181\n|start\n|switch|p1a: Electivire|Electivire, M|100\/100\n|switch|p1b: Golisopod|Golisopod, F|100\/100\n|switch|p2a: Il|Palafin, M|100\/100\n|switch|p2b: Rodeo|Mudsdale, F|100\/100\n|turn|1\n|l|\u2606AutumnCookie\n|player|p1|\n|j|\u2606AutumnCookie\n|player|p1|AutumnCookie|blue\n|j| cassinidivision\n|c| cassinidivision|wahoo\n|c|\u2606UncleKars|wahoo yahoo!\n|\n|t:|1696259242\n|move|p1b: Golisopod|First Impression|p2b: Rodeo\n|-damage|p2b: Rodeo|52\/100\n|-ability|p2b: Rodeo|Stamina|boost\n|-boost|p2b: Rodeo|def|1\n|move|p2a: Il|Flip Turn|p1b: Golisopod\n|-resisted|p1b: Golisopod\n|-damage|p1b: Golisopod|92\/100\n|c|\u2606UncleKars|the palafin jpeg is so funny\n|\n|t:|1696259249\n|detailschange|p2a: Il|Palafin-Hero, M\n|switch|p2a: Deputy|Cacturne, M|100\/100|[from] Flip Turn\n|move|p1a: Electivire|Thunderbolt|p2a: Deputy\n|-resisted|p2a: Deputy\n|-damage|p2a: Deputy|79\/100\n|move|p2b: Rodeo|Iron Defense|p2b: Rodeo\n|-boost|p2b: Rodeo|def|2\n|\n|-heal|p2b: Rodeo|58\/100|[from] item: Leftovers\n|upkeep\n|turn|2\n|c| cassinidivision|DOLPHIN.PNG\n|c|\u2606AutumnCookie|PALAFIN JPEG...\n|l|\u2606AutumnCookie\n|player|p1|\n|j|\u2606AutumnCookie\n|player|p1|AutumnCookie|blue\n|c|\u2606UncleKars|god i love divo's team. not because it's good just because i feel like it fits him.\n|\n|t:|1696259307\n|move|p2a: Deputy|Spiky Shield|p2a: Deputy\n|-singleturn|p2a: Deputy|move: Protect\n|move|p1a: Electivire|Flamethrower|p2a: Deputy\n|-activate|p2a: Deputy|move: Protect\n|move|p1b: Golisopod|Scald|p2b: Rodeo\n|-supereffective|p2b: Rodeo\n|-damage|p2b: Rodeo|34\/100\n|-status|p2b: Rodeo|brn\n|-ability|p2b: Rodeo|Stamina|boost\n|-boost|p2b: Rodeo|def|1\n|move|p2b: Rodeo|High Horsepower|p1a: Electivire\n|-supereffective|p1a: Electivire\n|-damage|p1a: Electivire|31\/100\n|\n|-heal|p2b: Rodeo|41\/100 brn|[from] item: Leftovers\n|-damage|p2b: Rodeo|34\/100 brn|[from] brn\n|upkeep\n|turn|3\n|c|\u2606UncleKars|THE BURN\n|c|\u2606UncleKars|YOU LUCKY BASTARD\n|c|\u2606AutumnCookie|OH THE BURN\n|c|\u2606AutumnCookie|YES\n|c|\u2606AutumnCookie|EXACTLY WHAT I WANTED\n|c| cassinidivision|OHUUUG\n|\n|t:|1696259353\n|move|p1a: Electivire|Ice Punch|p2a: Deputy\n|-supereffective|p2a: Deputy\n|-damage|p2a: Deputy|19\/100\n|move|p1b: Golisopod|Liquidation|p2b: Rodeo\n|-supereffective|p2b: Rodeo\n|-damage|p2b: Rodeo|12\/100 brn\n|-ability|p2b: Rodeo|Stamina|boost\n|-boost|p2b: Rodeo|def|1\n|move|p2a: Deputy|Grass Knot|p1a: Electivire\n|-damage|p1a: Electivire|0 fnt\n|faint|p1a: Electivire\n|move|p2b: Rodeo|Body Press|p1b: Golisopod\n|-resisted|p1b: Golisopod\n|-damage|p1b: Golisopod|78\/100\n|\n|-heal|p2b: Rodeo|18\/100 brn|[from] item: Leftovers\n|-damage|p2b: Rodeo|12\/100 brn|[from] brn\n|upkeep\n|c|\u2606AutumnCookie|It would've been so funny if that ice punch froze\n|c|\u2606UncleKars|YEAH\n|\n|t:|1696259398\n|switch|p1a: Scrafty|Scrafty, M|100\/100\n|turn|4\n|\n|t:|1696259433\n|move|p1a: Scrafty|Bulk Up|p1a: Scrafty\n|-boost|p1a: Scrafty|atk|1\n|-boost|p1a: Scrafty|def|1\n|move|p1b: Golisopod|Leech Life|p2a: Deputy\n|-supereffective|p2a: Deputy\n|-damage|p2a: Deputy|0 fnt\n|-heal|p1b: Golisopod|88\/100|[from] drain|[of] p2a: Deputy\n|faint|p2a: Deputy\n|move|p2b: Rodeo|Body Press|p1a: Scrafty\n|-supereffective|p1a: Scrafty\n|-crit|p1a: Scrafty\n|-damage|p1a: Scrafty|3\/100\n|\n|-heal|p1a: Scrafty|9\/100|[from] item: Leftovers\n|-heal|p2b: Rodeo|18\/100 brn|[from] item: Leftovers\n|-damage|p2b: Rodeo|12\/100 brn|[from] brn\n|upkeep\n|\n|t:|1696259452\n|switch|p2a: Cowboy|Kommo-o, M|100\/100\n|turn|5\n|l|\u2606AutumnCookie\n|player|p1|\n|j|\u2606AutumnCookie\n|player|p1|AutumnCookie|blue\n|c|\u2606UncleKars|love how your avatar changes every single time you disconnect and rejoin\n|\n|t:|1696259502\n|move|p2a: Cowboy|Clanging Scales|p1b: Golisopod|[spread] p1a,p1b\n|-damage|p1a: Scrafty|0 fnt\n|-damage|p1b: Golisopod|44\/100\n|faint|p1a: Scrafty\n|-activate|p1b: Golisopod|ability: Emergency Exit\n|-unboost|p2a: Cowboy|def|1\n|\n|t:|1696259516\n|switch|p1b: Mimikyu|Mimikyu, F|100\/100\n|move|p2b: Rodeo|Body Press|p1b: Mimikyu\n|-immune|p1b: Mimikyu\n|\n|-heal|p2b: Rodeo|18\/100 brn|[from] item: Leftovers\n|-damage|p2b: Rodeo|12\/100 brn|[from] brn\n|upkeep\n|c|\u2606AutumnCookie|IT DOES?\n|c|\u2606UncleKars|YEAH\n|l|\u2606AutumnCookie\n|player|p1|\n|j|\u2606AutumnCookie\n|player|p1|AutumnCookie|blue\n|c|\u2606AutumnCookie|My phone hates Showdown a lot.\n|c|\u2606UncleKars|understandable\n|\n|t:|1696259566\n|switch|p1a: Lycanroc|Lycanroc-Midnight, M|100\/100\n|turn|6\n|c|\u2606UncleKars|it hates divo's stupid horse that is somehow still standing\n|\n|t:|1696259580\n|switch|p2a: Clawful|Perrserker, M|100\/100\n|-terastallize|p1a: Lycanroc|Grass\n|move|p1b: Mimikyu|Swords Dance|p1b: Mimikyu\n|-boost|p1b: Mimikyu|atk|2\n|move|p1a: Lycanroc|Trailblaze|p2b: Rodeo\n|-supereffective|p2b: Rodeo\n|-damage|p2b: Rodeo|0 fnt\n|-boost|p1a: Lycanroc|spe|1\n|faint|p2b: Rodeo\n|-damage|p1a: Lycanroc|91\/100|[from] item: Life Orb\n|\n|upkeep\n|c|\u2606UncleKars|the horse is DOWN\n|\n|t:|1696259602\n|switch|p2b: Spotlight|Ampharos, M|100\/100\n|turn|7\n|c| cassinidivision|horse death\n|c|\u2606AutumnCookie|BYE BYE STUPID HORSE\n|\n|t:|1696259640\n|move|p1a: Lycanroc|Stomping Tantrum|p2a: Clawful\n|-supereffective|p2a: Clawful\n|-damage|p2a: Clawful|28\/100\n|-damage|p1a: Lycanroc|81\/100|[from] item: Life Orb\n|move|p1b: Mimikyu|Swords Dance|p1b: Mimikyu\n|-boost|p1b: Mimikyu|atk|2\n|move|p2b: Spotlight|Signal Beam|p1a: Lycanroc\n|-supereffective|p1a: Lycanroc\n|-damage|p1a: Lycanroc|7\/100\n|move|p2a: Clawful|Shadow Claw|p1b: Mimikyu\n|-activate|p1b: Mimikyu|ability: Disguise\n|-damage|p1b: Mimikyu|100\/100\n|detailschange|p1b: Mimikyu|Mimikyu-Busted, F\n|-damage|p1b: Mimikyu|88\/100|[from] pokemon: Mimikyu-Busted\n|\n|upkeep\n|turn|8\n|\n|t:|1696259682\n|move|p1a: Lycanroc|Stomping Tantrum|p2b: Spotlight\n|-supereffective|p2b: Spotlight\n|-damage|p2b: Spotlight|31\/100\n|-damage|p1a: Lycanroc|0 fnt|[from] item: Life Orb\n|faint|p1a: Lycanroc\n|move|p1b: Mimikyu|Shadow Claw|p2a: Clawful\n|-damage|p2a: Clawful|0 fnt\n|faint|p2a: Clawful\n|-damage|p1b: Mimikyu|78\/100|[from] item: Life Orb\n|move|p2b: Spotlight|Dazzling Gleam|p1b: Mimikyu\n|-damage|p1b: Mimikyu|41\/100\n|\n|upkeep\n|l|\u2606AutumnCookie\n|player|p1|\n|j|\u2606AutumnCookie\n|player|p1|AutumnCookie|blue\n|c| cassinidivision|now  ur hilda\n|\n|t:|1696259734\n|switch|p1a: Incineroar|Incineroar, M|100\/100\n|switch|p2a: Il|Palafin-Hero, M|100\/100\n|-activate|p2a: Il|ability: Zero to Hero\n|-ability|p1a: Incineroar|Intimidate|boost\n|-unboost|p2a: Il|atk|1\n|-unboost|p2b: Spotlight|atk|1\n|turn|9\n|c|\u2606UncleKars|you turned into ethan for a moment\n|l|\u2606AutumnCookie\n|player|p1|\n|j|\u2606AutumnCookie\n|player|p1|AutumnCookie|blue\n|c| cassinidivision|ethan\n|l|\u2606AutumnCookie\n|player|p1|\n|c|\u2606UncleKars|who will they bbe this time\n|c|\u2606UncleKars|ethan again\n|c| cassinidivision|lyra\n|j|\u2606AutumnCookie\n|player|p1|AutumnCookie|blue\n|n|\u2606AutumnCookie|autumncookie\n|c| cassinidivision|for mw\n|c| cassinidivision|me\n|\n|t:|1696259805\n|move|p2a: Il|Jet Punch|p1a: Incineroar\n|-supereffective|p1a: Incineroar\n|-damage|p1a: Incineroar|42\/100\n|move|p1b: Mimikyu|Phantom Force||[still]\n|-prepare|p1b: Mimikyu|Phantom Force\n|move|p1a: Incineroar|Knock Off|p2b: Spotlight\n|-damage|p2b: Spotlight|0 fnt\n|-enditem|p2b: Spotlight|Magnet|[from] move: Knock Off|[of] p1a: Incineroar\n|faint|p2b: Spotlight\n|\n|upkeep\n|\n|t:|1696259813\n|switch|p2b: Cowboy|Kommo-o, M|100\/100\n|turn|10\n|l|\u2606AutumnCookie\n|player|p1|\n|j|\u2606AutumnCookie\n|player|p1|AutumnCookie|blue\n|c|\u2606UncleKars|hilda moment\n|\n|t:|1696259857\n|move|p2a: Il|Jet Punch|p1a: Incineroar\n|-supereffective|p1a: Incineroar\n|-damage|p1a: Incineroar|0 fnt\n|faint|p1a: Incineroar\n|move|p2b: Cowboy|Shock Wave|p1b: Mimikyu|[miss]\n|-miss|p2b: Cowboy|p1b: Mimikyu\n|move|p1b: Mimikyu|Phantom Force|p2a: Il|[from]lockedmove\n|-damage|p2a: Il|0 fnt\n|faint|p2a: Il\n|-damage|p1b: Mimikyu|31\/100|[from] item: Life Orb\n|\n|upkeep\n|\n|t:|1696259870\n|switch|p1a: Golisopod|Golisopod, F|44\/100\n|turn|11\n|\n|t:|1696259878\n|move|p1a: Golisopod|First Impression|p2b: Cowboy\n|-resisted|p2b: Cowboy\n|-damage|p2b: Cowboy|73\/100\n|move|p2b: Cowboy|Shock Wave|p1a: Golisopod\n|-supereffective|p1a: Golisopod\n|-damage|p1a: Golisopod|0 fnt\n|faint|p1a: Golisopod\n|move|p1b: Mimikyu|Play Rough|p2b: Cowboy\n|-supereffective|p2b: Cowboy\n|-damage|p2b: Cowboy|0 fnt\n|faint|p2b: Cowboy\n|-damage|p1b: Mimikyu|21\/100|[from] item: Life Orb\n|\n|win|AutumnCookie\n|c| cassinidivision|ZAMN\n|c|\u2606AutumnCookie|YES\n","uploadtime":1696259912,"views":20,"p1id":"autumncookie","p2id":"unclekars","formatid":"gen9nationaldexdoubles","rating":0,"private":0,"password":""}