{"id":"gen9nationaldexdoubles-1998543581","p1":"My s D m d de","p2":"guymanbutfun","format":"[Gen 9] National Dex Doubles","log":"|j|\u2606My s D m d de\n|j|\u203dguymanbutfun\n|t:|1700954389\n|gametype|doubles\n|player|p1|My s D m d de|lucas|1000\n|player|p2|guymanbutfun|101|1046\n|teamsize|p1|6\n|teamsize|p2|6\n|gen|9\n|tier|[Gen 9] National Dex Doubles\n|rated|\n|rule|HP Percentage Mod: HP is shown in percentages\n|rule|Endless Battle Clause: Forcing endless battles is banned\n|rule|OHKO Clause: OHKO moves are banned\n|rule|Evasion Moves Clause: Evasion moves are banned\n|rule|Evasion Abilities Clause: Evasion abilities are banned\n|rule|Species Clause: Limit one of each Pok\u00e9mon\n|rule|Gravity Sleep Clause: The combination of sleep-inducing moves with imperfect accuracy and Gravity or Gigantamax Orbeetle are banned\n|clearpoke\n|poke|p1|Indeedee, M|\n|poke|p1|Deoxys-Attack|\n|poke|p1|Typhlosion, F|\n|poke|p1|Kartana|\n|poke|p1|Murkrow, F|\n|poke|p1|Shuckle, M|\n|poke|p2|Slaking, M|\n|poke|p2|Grafaiai, M|\n|poke|p2|Enamorus, F|\n|poke|p2|Azumarill, F|\n|poke|p2|Aron, L1, M|\n|poke|p2|Tyranitar, M|\n|teampreview\n|\n|t:|1700954400\n|start\n|switch|p1a: Murkrow|Murkrow, F|100\/100\n|switch|p1b: Shuckle|Shuckle, M|100\/100\n|switch|p2a: Enamorus|Enamorus, F|100\/100\n|switch|p2b: Azumarill|Azumarill, F, shiny|100\/100\n|turn|1\n|\n|t:|1700954415\n|-terastallize|p2a: Enamorus|Fighting\n|move|p1a: Murkrow|Taunt|p2a: Enamorus\n|-start|p2a: Enamorus|move: Taunt\n|move|p2a: Enamorus|Superpower|p1a: Murkrow\n|-damage|p1a: Murkrow|5\/100\n|-boost|p2a: Enamorus|atk|1\n|-boost|p2a: Enamorus|def|1\n|-damage|p2a: Enamorus|91\/100|[from] item: Life Orb\n|move|p2b: Azumarill|Belly Drum|p2b: Azumarill\n|-damage|p2b: Azumarill|51\/100\n|-setboost|p2b: Azumarill|atk|6|[from] move: Belly Drum\n|move|p1b: Shuckle|Stealth Rock|p2a: Enamorus\n|-sidestart|p2: guymanbutfun|move: Stealth Rock\n|\n|upkeep\n|turn|2\n|\n|t:|1700954453\n|move|p1a: Murkrow|Tailwind|p1a: Murkrow\n|-sidestart|p1: My s D m d de|move: Tailwind\n|move|p2b: Azumarill|Aqua Jet|p1b: Shuckle\n|-supereffective|p1b: Shuckle\n|-ability|p1b: Shuckle|Sturdy\n|-damage|p1b: Shuckle|1\/100\n|move|p2a: Enamorus|Superpower|p1a: Murkrow\n|-damage|p1a: Murkrow|0 fnt\n|-boost|p2a: Enamorus|atk|1\n|-boost|p2a: Enamorus|def|1\n|faint|p1a: Murkrow\n|-damage|p2a: Enamorus|81\/100|[from] item: Life Orb\n|move|p1b: Shuckle|Toxic|p2b: Azumarill\n|-status|p2b: Azumarill|tox\n|\n|-damage|p2b: Azumarill|44\/100 tox|[from] psn\n|upkeep\n|-enditem|p2b: Azumarill|Sitrus Berry|[eat]\n|-heal|p2b: Azumarill|69\/100 tox|[from] item: Sitrus Berry\n|\n|t:|1700954484\n|switch|p1a: Deoxys|Deoxys-Attack|100\/100\n|-ability|p1a: Deoxys|Pressure\n|turn|3\n|inactive|Battle timer is ON: inactive players will automatically lose when time's up. (requested by guymanbutfun)\n|\n|t:|1700954502\n|move|p2b: Azumarill|Aqua Jet|p1b: Shuckle\n|-supereffective|p1b: Shuckle\n|-damage|p1b: Shuckle|0 fnt\n|faint|p1b: Shuckle\n|move|p1a: Deoxys|Psyshock|p2b: Azumarill\n|-damage|p2b: Azumarill|8\/100 tox\n|move|p2a: Enamorus|Superpower|p1a: Deoxys\n|-resisted|p1a: Deoxys\n|-enditem|p1a: Deoxys|Focus Sash\n|-damage|p1a: Deoxys|1\/100\n|-boost|p2a: Enamorus|atk|1\n|-boost|p2a: Enamorus|def|1\n|-damage|p2a: Enamorus|71\/100|[from] item: Life Orb\n|\n|-damage|p2b: Azumarill|0 fnt|[from] psn\n|faint|p2b: Azumarill\n|-end|p2a: Enamorus|move: Taunt\n|upkeep\n|\n|t:|1700954528\n|switch|p2b: Slaking|Slaking, M|100\/100\n|switch|p1b: Indeedee|Indeedee, M|100\/100\n|-fieldstart|move: Psychic Terrain|[from] ability: Psychic Surge|[of] p1b: Indeedee\n|-damage|p2b: Slaking|88\/100|[from] Stealth Rock\n|turn|4\n|\n|t:|1700954549\n|-terastallize|p1b: Indeedee|Psychic\n|move|p1a: Deoxys|Psyshock|p2b: Slaking\n|-damage|p2b: Slaking|35\/100\n|move|p1b: Indeedee|Expanding Force|p2a: Enamorus|[spread] p2a,p2b\n|-supereffective|p2a: Enamorus\n|-damage|p2a: Enamorus|0 fnt\n|-damage|p2b: Slaking|0 fnt\n|faint|p2a: Enamorus\n|faint|p2b: Slaking\n|\n|upkeep\n|\n|t:|1700954564\n|switch|p2a: Aron|Aron, L1, M|100\/100\n|switch|p2b: Tyranitar|Tyranitar, M|100\/100\n|-damage|p2b: Tyranitar|88\/100|[from] Stealth Rock\n|-weather|Sandstorm|[from] ability: Sand Stream|[of] p2b: Tyranitar\n|-damage|p2a: Aron|92\/100|[from] Stealth Rock\n|turn|5\n|\n|t:|1700954584\n|detailschange|p2b: Tyranitar|Tyranitar-Mega, M\n|-mega|p2b: Tyranitar|Tyranitar|Tyranitarite\n|move|p1a: Deoxys|Ice Beam|p2b: Tyranitar\n|-crit|p2b: Tyranitar\n|-damage|p2b: Tyranitar|59\/100\n|move|p1b: Indeedee|Expanding Force|p2a: Aron|[spread] p2a\n|-immune|p2b: Tyranitar\n|-resisted|p2a: Aron\n|-damage|p2a: Aron|0 fnt\n|faint|p2a: Aron\n|move|p2b: Tyranitar|Stone Edge|p1a: Deoxys|[miss]\n|-miss|p2b: Tyranitar|p1a: Deoxys\n|\n|-weather|Sandstorm|[upkeep]\n|-damage|p1a: Deoxys|0 fnt|[from] Sandstorm\n|-damage|p1b: Indeedee|94\/100|[from] Sandstorm\n|faint|p1a: Deoxys\n|-sideend|p1: My s D m d de|move: Tailwind\n|upkeep\n|\n|t:|1700954601\n|switch|p1a: Kartana|Kartana|100\/100\n|switch|p2a: Grafaiai|Grafaiai, M|100\/100\n|-damage|p2a: Grafaiai|88\/100|[from] Stealth Rock\n|turn|6\n|\n|t:|1700954615\n|move|p1a: Kartana|Sacred Sword|p2b: Tyranitar\n|-supereffective|p2b: Tyranitar\n|-damage|p2b: Tyranitar|0 fnt\n|faint|p2b: Tyranitar\n|-ability|p1a: Kartana|Beast Boost|boost\n|-boost|p1a: Kartana|atk|1\n|move|p1b: Indeedee|Expanding Force|p2a: Grafaiai\n|-supereffective|p2a: Grafaiai\n|-damage|p2a: Grafaiai|0 fnt\n|faint|p2a: Grafaiai\n|\n|win|My s D m d de\n|raw|My s D m d de's rating: 1000 &rarr; <strong>1045<\/strong><br \/>(+45 for winning)\n|raw|guymanbutfun's rating: 1046 &rarr; <strong>1027<\/strong><br \/>(-19 for losing)\n|l|\u203dguymanbutfun\n","uploadtime":1700954631,"views":0,"p1id":"mysdmdde","p2id":"guymanbutfun","formatid":"gen9nationaldexdoubles","rating":1027,"private":0,"password":""}