{"id":"gen9nationaldexdoubles-1984040980","p1":"Careytheicon","p2":"SchmooMaster","format":"[Gen 9] National Dex Doubles","log":"|j|\u2606Careytheicon\n|j|\u2606SchmooMaster\n|t:|1699212615\n|gametype|doubles\n|player|p1|Careytheicon|lucy|1085\n|player|p2|SchmooMaster|hilbert|1157\n|teamsize|p1|6\n|teamsize|p2|6\n|gen|9\n|tier|[Gen 9] National Dex Doubles\n|rated|\n|rule|HP Percentage Mod: HP is shown in percentages\n|rule|Endless Battle Clause: Forcing endless battles is banned\n|rule|OHKO Clause: OHKO moves are banned\n|rule|Evasion Moves Clause: Evasion moves are banned\n|rule|Evasion Abilities Clause: Evasion abilities are banned\n|rule|Species Clause: Limit one of each Pok\u00e9mon\n|rule|Gravity Sleep Clause: The combination of sleep-inducing moves with imperfect accuracy and Gravity or Gigantamax Orbeetle are banned\n|clearpoke\n|poke|p1|Shuckle, M|\n|poke|p1|Runerigus, F|\n|poke|p1|Malamar, F|\n|poke|p1|Victini|\n|poke|p1|Comfey, M|\n|poke|p1|Jirachi|\n|poke|p2|Politoed, M|\n|poke|p2|Kingdra, M|\n|poke|p2|Ferrothorn, F|\n|poke|p2|Thundurus, M|\n|poke|p2|Conkeldurr, F|\n|poke|p2|Metagross|\n|teampreview\n|inactive|Battle timer is ON: inactive players will automatically lose when time's up. (requested by Careytheicon)\n|\n|t:|1699212625\n|start\n|switch|p1a: Roxxx|Runerigus, F, shiny|100\/100\n|switch|p1b: Shuckle|Shuckle, M|100\/100\n|switch|p2a: Politoed|Politoed, M|100\/100\n|switch|p2b: Kingdra|Kingdra, M|100\/100\n|-weather|RainDance|[from] ability: Drizzle|[of] p2a: Politoed\n|turn|1\n|\n|t:|1699212646\n|move|p2b: Kingdra|Draco Meteor|p1b: Shuckle\n|-damage|p1b: Shuckle|44\/100\n|-unboost|p2b: Kingdra|spa|2\n|-enditem|p1b: Shuckle|Sitrus Berry|[eat]\n|-heal|p1b: Shuckle|69\/100|[from] item: Sitrus Berry\n|move|p2a: Politoed|Hydro Pump|p1a: Roxxx\n|-supereffective|p1a: Roxxx\n|-damage|p1a: Roxxx|0 fnt\n|faint|p1a: Roxxx\n|move|p1b: Shuckle|Sticky Web|p2a: Politoed\n|-sidestart|p2: SchmooMaster|move: Sticky Web\n|\n|-weather|RainDance|[upkeep]\n|upkeep\n|\n|t:|1699212659\n|switch|p1a: Jirachi|Jirachi|100\/100\n|turn|2\n|\n|t:|1699212679\n|switch|p2b: Thundurus|Thundurus, M|100\/100\n|move|p1a: Jirachi|Ancient Power|p2b: Thundurus\n|-supereffective|p2b: Thundurus\n|-damage|p2b: Thundurus|58\/100\n|-boost|p1a: Jirachi|atk|1\n|-boost|p1a: Jirachi|def|1\n|-boost|p1a: Jirachi|spa|1\n|-boost|p1a: Jirachi|spd|1\n|-boost|p1a: Jirachi|spe|1\n|move|p2a: Politoed|Hydro Pump|p1b: Shuckle\n|-supereffective|p1b: Shuckle\n|-damage|p1b: Shuckle|0 fnt\n|faint|p1b: Shuckle\n|\n|-weather|RainDance|[upkeep]\n|upkeep\n|c|\u2606Careytheicon|lol\n|\n|t:|1699212693\n|switch|p1b: Comfey|Comfey, M|100\/100\n|turn|3\n|\n|t:|1699212705\n|move|p2a: Politoed|Protect|p2a: Politoed\n|-singleturn|p2a: Politoed|Protect\n|move|p2b: Thundurus|Substitute|p2b: Thundurus\n|-start|p2b: Thundurus|Substitute\n|-damage|p2b: Thundurus|33\/100\n|move|p1a: Jirachi|Ancient Power|p2b: Thundurus\n|-supereffective|p2b: Thundurus\n|-end|p2b: Thundurus|Substitute\n|move|p1b: Comfey|Leech Seed|p2a: Politoed\n|-activate|p2a: Politoed|move: Protect\n|\n|-weather|RainDance|[upkeep]\n|upkeep\n|turn|4\n|inactive|SchmooMaster has 120 seconds left.\n|\n|t:|1699212738\n|move|p2a: Politoed|Helping Hand|p2b: Thundurus\n|-singleturn|p2b: Thundurus|Helping Hand|[of] p2a: Politoed\n|move|p1a: Jirachi|Ancient Power|p2b: Thundurus\n|-supereffective|p2b: Thundurus\n|-damage|p2b: Thundurus|0 fnt\n|-boost|p1a: Jirachi|atk|1\n|-boost|p1a: Jirachi|def|1\n|-boost|p1a: Jirachi|spa|1\n|-boost|p1a: Jirachi|spd|1\n|-boost|p1a: Jirachi|spe|1\n|faint|p2b: Thundurus\n|move|p1b: Comfey|Calm Mind|p1b: Comfey\n|-boost|p1b: Comfey|spa|1\n|-boost|p1b: Comfey|spd|1\n|\n|-weather|RainDance|[upkeep]\n|upkeep\n|inactive|SchmooMaster has 120 seconds left.\n|c|\u2606Careytheicon|LOL\n|\n|t:|1699212751\n|switch|p2b: Metagross|Metagross, shiny|100\/100\n|-activate|p2b: Metagross|move: Sticky Web\n|-fail|p2b: Metagross|unboost|[from] ability: Clear Body|[of] p2b: Metagross\n|turn|5\n|\n|t:|1699212768\n|move|p1b: Comfey|Protect|p1b: Comfey\n|-singleturn|p1b: Comfey|Protect\n|move|p2b: Metagross|Protect|p2b: Metagross\n|-singleturn|p2b: Metagross|Protect\n|move|p1a: Jirachi|Fire Punch|p2b: Metagross\n|-activate|p2b: Metagross|move: Protect\n|move|p2a: Politoed|Icy Wind|p1b: Comfey|[spread] p1a\n|-activate|p1b: Comfey|move: Protect\n|-resisted|p1a: Jirachi\n|-damage|p1a: Jirachi|98\/100\n|-unboost|p1a: Jirachi|spe|1\n|\n|-weather|none\n|upkeep\n|turn|6\n|\n|t:|1699212787\n|move|p1a: Jirachi|Fire Punch|p2b: Metagross\n|-supereffective|p2b: Metagross\n|-enditem|p2b: Metagross|Occa Berry|[eat]\n|-enditem|p2b: Metagross|Occa Berry|[weaken]\n|-damage|p2b: Metagross|70\/100\n|-status|p2b: Metagross|brn\n|move|p1b: Comfey|Leech Seed|p2a: Politoed\n|-start|p2a: Politoed|move: Leech Seed\n|move|p2b: Metagross|Earthquake|p1a: Jirachi|[spread] p2a,p1a,p1b\n|-crit|p2a: Politoed\n|-supereffective|p1a: Jirachi\n|-damage|p2a: Politoed|74\/100\n|-damage|p1a: Jirachi|84\/100\n|-damage|p1b: Comfey|81\/100\n|move|p2a: Politoed|Hydro Pump|p1a: Jirachi|[miss]\n|-miss|p2a: Politoed|p1a: Jirachi\n|\n|-damage|p2a: Politoed|61\/100|[from] Leech Seed|[of] p1b: Comfey\n|-heal|p1b: Comfey|100\/100|[silent]\n|-damage|p2b: Metagross|64\/100 brn|[from] brn\n|upkeep\n|turn|7\n|c|\u2606Careytheicon|XD\n|l|\u2606SchmooMaster\n|inactive|SchmooMaster disconnected and has a minute to reconnect!\n|player|p2|\n|inactive|SchmooMaster has 30 seconds to reconnect!\n|inactive|SchmooMaster has 20 seconds to reconnect!\n|inactive|SchmooMaster has 15 seconds to reconnect!\n|inactive|SchmooMaster has 10 seconds to reconnect!\n|inactive|SchmooMaster has 5 seconds to reconnect!\n|-message|SchmooMaster lost due to inactivity.\n|\n|win|Careytheicon\n|raw|Careytheicon's rating: 1085 &rarr; <strong>1118<\/strong><br \/>(+33 for winning)\n|raw|SchmooMaster's rating: 1157 &rarr; <strong>1127<\/strong><br \/>(-30 for losing)\n","uploadtime":1699212913,"views":12,"p1id":"careytheicon","p2id":"schmoomaster","formatid":"gen9nationaldexdoubles","rating":1118,"private":0,"password":""}