{"id":"gen9nationaldexdoubles-1951600955","p1":"breadban","p2":"Mirrza","format":"[Gen 9] National Dex Doubles","log":"|j|\u2606breadban\n|j|\u2606Mirrza\n|t:|1695597945\n|gametype|doubles\n|player|p1|breadban|169|1462\n|player|p2|Mirrza|170|1428\n|teamsize|p1|6\n|teamsize|p2|6\n|gen|9\n|tier|[Gen 9] National Dex Doubles\n|rated|\n|rule|HP Percentage Mod: HP is shown in percentages\n|rule|Endless Battle Clause: Forcing endless battles is banned\n|rule|OHKO Clause: OHKO moves are banned\n|rule|Evasion Moves Clause: Evasion moves are banned\n|rule|Evasion Abilities Clause: Evasion abilities are banned\n|rule|Species Clause: Limit one of each Pok\u00e9mon\n|rule|Gravity Sleep Clause: The combination of sleep-inducing moves with imperfect accuracy and Gravity or Gigantamax Orbeetle are banned\n|clearpoke\n|poke|p1|Gardevoir, F|\n|poke|p1|Pelipper, M|\n|poke|p1|Indeedee-F, F|\n|poke|p1|Basculegion-F, F|\n|poke|p1|Incineroar, F|\n|poke|p1|Clodsire, F|\n|poke|p2|Volcarona, F|\n|poke|p2|Smeargle, M|\n|poke|p2|Tapu Lele|\n|poke|p2|Tapu Fini|\n|poke|p2|Suicune|\n|poke|p2|Chien-Pao|\n|teampreview\n|inactive|Battle timer is ON: inactive players will automatically lose when time's up. (requested by Mirrza)\n|inactive|Mirrza has 120 seconds left.\n|inactive|Mirrza has 90 seconds left.\n|\n|t:|1695598011\n|start\n|switch|p1a: Zucaritas|Incineroar, F|100\/100\n|switch|p1b: Amazon|Pelipper, M|100\/100\n|switch|p2a: Miami Terror|Volcarona, F|100\/100\n|switch|p2b: Bobby Lee|Smeargle, M|100\/100\n|-weather|RainDance|[from] ability: Drizzle|[of] p1b: Amazon\n|-ability|p1a: Zucaritas|Intimidate|boost\n|-unboost|p2a: Miami Terror|atk|1\n|-unboost|p2b: Bobby Lee|atk|1\n|turn|1\n|inactive|Mirrza has 120 seconds left.\n|\n|t:|1695598044\n|move|p2b: Bobby Lee|King's Shield|p2b: Bobby Lee\n|-singleturn|p2b: Bobby Lee|Protect\n|move|p2a: Miami Terror|Protect|p2a: Miami Terror\n|-singleturn|p2a: Miami Terror|Protect\n|move|p1a: Zucaritas|Fake Out|p2a: Miami Terror\n|-activate|p2a: Miami Terror|move: Protect\n|move|p1b: Amazon|Hurricane|p2b: Bobby Lee\n|-activate|p2b: Bobby Lee|move: Protect\n|\n|-weather|RainDance|[upkeep]\n|-ability|p2b: Bobby Lee|Moody|boost\n|-boost|p2b: Bobby Lee|atk|2\n|-unboost|p2b: Bobby Lee|spa|1\n|upkeep\n|turn|2\n|inactive|breadban has 120 seconds left.\n|\n|t:|1695598085\n|move|p2b: Bobby Lee|Spore|p1b: Amazon\n|-status|p1b: Amazon|slp|[from] move: Spore\n|move|p2a: Miami Terror|Quiver Dance|p2a: Miami Terror\n|-boost|p2a: Miami Terror|spa|1\n|-boost|p2a: Miami Terror|spd|1\n|-boost|p2a: Miami Terror|spe|1\n|cant|p1b: Amazon|slp\n|-zpower|p1a: Zucaritas\n|move|p1a: Zucaritas|Malicious Moonsault|p2b: Bobby Lee|[zeffect]\n|-enditem|p2b: Bobby Lee|Focus Sash\n|-damage|p2b: Bobby Lee|1\/100\n|\n|-weather|RainDance|[upkeep]\n|-ability|p2b: Bobby Lee|Moody|boost\n|-boost|p2b: Bobby Lee|spa|2\n|-unboost|p2b: Bobby Lee|spe|1\n|upkeep\n|turn|3\n|inactive|breadban has 120 seconds left.\n|\n|t:|1695598114\n|move|p2a: Miami Terror|Quiver Dance|p2a: Miami Terror\n|-boost|p2a: Miami Terror|spa|1\n|-boost|p2a: Miami Terror|spd|1\n|-boost|p2a: Miami Terror|spe|1\n|move|p2b: Bobby Lee|Spore|p1a: Zucaritas\n|-status|p1a: Zucaritas|slp|[from] move: Spore\n|cant|p1b: Amazon|slp\n|cant|p1a: Zucaritas|slp\n|\n|-weather|RainDance|[upkeep]\n|-ability|p2b: Bobby Lee|Moody|boost\n|-boost|p2b: Bobby Lee|atk|2\n|-unboost|p2b: Bobby Lee|spd|1\n|upkeep\n|turn|4\n|inactive|breadban has 120 seconds left.\n|\n|t:|1695598141\n|switch|p1a: Basculegion|Basculegion-F, F|100\/100\n|move|p2b: Bobby Lee|Follow Me|p2b: Bobby Lee\n|-singleturn|p2b: Bobby Lee|move: Follow Me\n|move|p2a: Miami Terror|Giga Drain|p1b: Amazon\n|-damage|p1b: Amazon|43\/100 slp\n|-curestatus|p1b: Amazon|slp|[msg]\n|move|p1b: Amazon|Hurricane|p2b: Bobby Lee\n|-damage|p2b: Bobby Lee|0 fnt\n|faint|p2b: Bobby Lee\n|\n|-weather|RainDance|[upkeep]\n|upkeep\n|\n|t:|1695598152\n|switch|p2b: Azura|Suicune|100\/100\n|turn|5\n|\n|t:|1695598172\n|switch|p1b: Miss. Gardi|Gardevoir, F, shiny|100\/100\n|-terastallize|p1a: Basculegion|Fighting\n|move|p2a: Miami Terror|Protect|p2a: Miami Terror\n|-singleturn|p2a: Miami Terror|Protect\n|move|p1a: Basculegion|Surf|p2b: Azura|[spread] p2b\n|-activate|p2a: Miami Terror|move: Protect\n|-activate|p1b: Miss. Gardi|ability: Telepathy\n|-resisted|p2b: Azura\n|-damage|p2b: Azura|72\/100\n|move|p2b: Azura|Roar|p1a: Basculegion\n|drag|p1a: Amazon|Pelipper, M|43\/100\n|\n|-weather|none\n|upkeep\n|turn|6\n|j| kitty teve\n|\n|t:|1695598193\n|move|p2a: Miami Terror|Quiver Dance|p2a: Miami Terror\n|-boost|p2a: Miami Terror|spa|1\n|-boost|p2a: Miami Terror|spd|1\n|-boost|p2a: Miami Terror|spe|1\n|move|p2b: Azura|Psych Up|p2a: Miami Terror\n|-copyboost|p2b: Azura|p2a: Miami Terror|[from] move: Psych Up\n|move|p1a: Amazon|Surf|p2a: Miami Terror|[spread] p2a,p2b\n|-activate|p1b: Miss. Gardi|ability: Telepathy\n|-supereffective|p2a: Miami Terror\n|-resisted|p2b: Azura\n|-damage|p2a: Miami Terror|78\/100\n|-damage|p2b: Azura|68\/100\n|move|p1b: Miss. Gardi|Trick Room|p1b: Miss. Gardi\n|-fieldstart|move: Trick Room|[of] p1b: Miss. Gardi\n|\n|-heal|p2a: Miami Terror|84\/100|[from] item: Leftovers\n|upkeep\n|turn|7\n|\n|t:|1695598218\n|switch|p1a: Miss. Indede|Indeedee-F, F|100\/100\n|-fieldstart|move: Psychic Terrain|[from] ability: Psychic Surge|[of] p1a: Miss. Indede\n|-enditem|p1a: Miss. Indede|Psychic Seed\n|-boost|p1a: Miss. Indede|spd|1|[from] item: Psychic Seed\n|move|p1b: Miss. Gardi|Protect|p1b: Miss. Gardi\n|-singleturn|p1b: Miss. Gardi|Protect\n|move|p2b: Azura|Scald|p1b: Miss. Gardi\n|-activate|p1b: Miss. Gardi|move: Protect\n|move|p2a: Miami Terror|Heat Wave|p1b: Miss. Gardi|[spread] p1a\n|-activate|p1b: Miss. Gardi|move: Protect\n|-damage|p1a: Miss. Indede|54\/100\n|\n|-heal|p2a: Miami Terror|90\/100|[from] item: Leftovers\n|upkeep\n|turn|8\n|\n|t:|1695598241\n|switch|p2b: Mi-Aow|Chien-Pao|100\/100\n|-ability|p2b: Mi-Aow|Sword of Ruin\n|detailschange|p1b: Miss. Gardi|Gardevoir-Mega, F, shiny\n|-mega|p1b: Miss. Gardi|Gardevoir|Gardevoirite\n|move|p2a: Miami Terror|Protect|p2a: Miami Terror\n|-singleturn|p2a: Miami Terror|Protect\n|move|p1b: Miss. Gardi|Expanding Force|p2a: Miami Terror|[spread] \n|-activate|p2a: Miami Terror|move: Protect\n|-immune|p2b: Mi-Aow\n|move|p1a: Miss. Indede|Expanding Force|p2b: Mi-Aow|[spread] \n|-activate|p2a: Miami Terror|move: Protect\n|-immune|p2b: Mi-Aow\n|\n|-heal|p2a: Miami Terror|96\/100|[from] item: Leftovers\n|upkeep\n|turn|9\n|\n|t:|1695598271\n|switch|p1a: Amazon|Pelipper, M|43\/100\n|-weather|RainDance|[from] ability: Drizzle|[of] p1a: Amazon\n|switch|p2b: Lana|Tapu Fini|100\/100\n|-fieldstart|move: Misty Terrain|[from] ability: Misty Surge|[of] p2b: Lana\n|move|p1b: Miss. Gardi|Protect|p1b: Miss. Gardi\n|-singleturn|p1b: Miss. Gardi|Protect\n|move|p2a: Miami Terror|Heat Wave|p1b: Miss. Gardi|[spread] p1a\n|-activate|p1b: Miss. Gardi|move: Protect\n|-resisted|p1a: Amazon\n|-damage|p1a: Amazon|14\/100\n|\n|-weather|RainDance|[upkeep]\n|-heal|p2a: Miami Terror|100\/100|[from] item: Leftovers\n|upkeep\n|turn|10\n|inactive|breadban has 120 seconds left.\n|\n|t:|1695598316\n|switch|p1a: Basculegion|Basculegion-F, F, tera:Fighting|100\/100\n|move|p2a: Miami Terror|Protect|p2a: Miami Terror\n|-singleturn|p2a: Miami Terror|Protect\n|move|p1b: Miss. Gardi|Hyper Voice|p2b: Lana|[spread] p2b\n|-activate|p2a: Miami Terror|move: Protect\n|-damage|p2b: Lana|61\/100\n|move|p2b: Lana|Psych Up|p2a: Miami Terror\n|-copyboost|p2b: Lana|p2a: Miami Terror|[from] move: Psych Up\n|\n|-weather|RainDance|[upkeep]\n|-fieldend|move: Trick Room\n|upkeep\n|turn|11\n|inactive|breadban has 120 seconds left.\n|\n|t:|1695598354\n|switch|p1a: Zucaritas|Incineroar, F|100\/100 slp\n|-ability|p1a: Zucaritas|Intimidate|boost\n|-unboost|p2a: Miami Terror|atk|1\n|-unboost|p2b: Lana|atk|1\n|switch|p1b: Amazon|Pelipper, M|14\/100\n|-terastallize|p2a: Miami Terror|Grass\n|move|p2a: Miami Terror|Giga Drain|p1b: Amazon\n|-damage|p1b: Amazon|0 fnt\n|faint|p1b: Amazon\n|move|p2b: Lana|Taunt|p1a: Zucaritas\n|-start|p1a: Zucaritas|move: Taunt\n|\n|-weather|RainDance|[upkeep]\n|upkeep\n|inactive|breadban has 90 seconds left.\n|\n|t:|1695598396\n|switch|p1b: Juana Manso|Clodsire, F|100\/100\n|turn|12\n|\n|t:|1695598418\n|switch|p1a: Miss. Indede|Indeedee-F, F|54\/100\n|-fieldstart|move: Psychic Terrain|[from] ability: Psychic Surge|[of] p1a: Miss. Indede\n|move|p2a: Miami Terror|Giga Drain|p1b: Juana Manso\n|-damage|p1b: Juana Manso|52\/100\n|move|p2b: Lana|Taunt|p1b: Juana Manso\n|-start|p1b: Juana Manso|move: Taunt\n|cant|p1b: Juana Manso|move: Taunt|Curse\n|\n|-weather|RainDance|[upkeep]\n|-heal|p1b: Juana Manso|59\/100|[from] item: Black Sludge\n|upkeep\n|turn|13\n|inactive|breadban has 90 seconds left.\n|\n|t:|1695598435\n|switch|p1a: Zucaritas|Incineroar, F|100\/100 slp\n|-ability|p1a: Zucaritas|Intimidate|boost\n|-unboost|p2a: Miami Terror|atk|1\n|-unboost|p2b: Lana|atk|1\n|move|p2a: Miami Terror|Giga Drain|p1a: Zucaritas\n|-resisted|p1a: Zucaritas\n|-damage|p1a: Zucaritas|59\/100 slp\n|move|p2b: Lana|Dazzling Gleam|p1a: Zucaritas|[spread] p1a,p1b\n|-resisted|p1b: Juana Manso\n|-damage|p1a: Zucaritas|11\/100 slp\n|-damage|p1b: Juana Manso|45\/100\n|move|p1b: Juana Manso|Earthquake|p2b: Lana|[spread] p1a,p2a,p2b\n|-supereffective|p1a: Zucaritas\n|-resisted|p2a: Miami Terror\n|-damage|p1a: Zucaritas|0 fnt\n|-damage|p2a: Miami Terror|92\/100\n|-damage|p2b: Lana|45\/100\n|faint|p1a: Zucaritas\n|\n|-weather|none\n|-heal|p2a: Miami Terror|98\/100|[from] item: Leftovers\n|-heal|p1b: Juana Manso|51\/100|[from] item: Black Sludge\n|upkeep\n|\n|t:|1695598452\n|switch|p1a: Miss. Gardi|Gardevoir-Mega, F, shiny|100\/100\n|turn|14\n|inactive|breadban has 90 seconds left.\n|\n|t:|1695598459\n|switch|p1b: Miss. Indede|Indeedee-F, F|54\/100\n|move|p1a: Miss. Gardi|Protect|p1a: Miss. Gardi\n|-singleturn|p1a: Miss. Gardi|Protect\n|move|p2a: Miami Terror|Heat Wave|p1a: Miss. Gardi|[spread] \n|-activate|p1a: Miss. Gardi|move: Protect\n|-miss|p2a: Miami Terror|p1b: Miss. Indede\n|move|p2b: Lana|Taunt|p1a: Miss. Gardi\n|-activate|p1a: Miss. Gardi|move: Protect\n|\n|-heal|p2a: Miami Terror|100\/100|[from] item: Leftovers\n|upkeep\n|turn|15\n|inactive|breadban has 90 seconds left.\n|\n|t:|1695598484\n|move|p1b: Miss. Indede|Follow Me|p1b: Miss. Indede\n|-singleturn|p1b: Miss. Indede|move: Follow Me\n|move|p2a: Miami Terror|Heat Wave|p1b: Miss. Indede|[spread] p1a,p1b\n|-damage|p1a: Miss. Gardi|39\/100\n|-damage|p1b: Miss. Indede|0 fnt\n|faint|p1b: Miss. Indede\n|move|p2b: Lana|Dazzling Gleam|p1a: Miss. Gardi\n|-damage|p1a: Miss. Gardi|0 fnt\n|faint|p1a: Miss. Gardi\n|\n|upkeep\n|inactive|breadban has 90 seconds left.\n|\n|t:|1695598496\n|switch|p1b: Juana Manso|Clodsire, F|51\/100\n|switch|p1a: Basculegion|Basculegion-F, F, tera:Fighting|100\/100\n|turn|16\n|\n|t:|1695598504\n|move|p2a: Miami Terror|Heat Wave|p1b: Juana Manso|[spread] p1a,p1b\n|-damage|p1a: Basculegion|4\/100\n|-damage|p1b: Juana Manso|6\/100\n|move|p2b: Lana|Dazzling Gleam|p1a: Basculegion|[spread] p1a,p1b\n|-supereffective|p1a: Basculegion\n|-resisted|p1b: Juana Manso\n|-damage|p1a: Basculegion|0 fnt\n|-damage|p1b: Juana Manso|0 fnt\n|faint|p1a: Basculegion\n|faint|p1b: Juana Manso\n|\n|win|Mirrza\n|raw|breadban's rating: 1462 &rarr; <strong>1440<\/strong><br \/>(-22 for losing)\n|raw|Mirrza's rating: 1428 &rarr; <strong>1450<\/strong><br \/>(+22 for winning)\n|c|\u2606Mirrza|gg\n|c|\u2606breadban|GG\n","uploadtime":1695598517,"views":7,"p1id":"breadban","p2id":"mirrza","formatid":"gen9nationaldexdoubles","rating":1440,"private":0,"password":""}