{"id":"gen9nationaldexdoubles-1967064773","p1":"Seaking_cat","p2":"RJsInfinite","format":"[Gen 9] National Dex Doubles","log":"|j|\u2606Seaking_cat\n|j|\u2606RJsInfinite\n|t:|1697250131\n|gametype|doubles\n|player|p1|Seaking_cat|hilbert-wonderlauncher|\n|player|p2|RJsInfinite|giovanni|\n|teamsize|p1|6\n|teamsize|p2|6\n|gen|9\n|tier|[Gen 9] National Dex Doubles\n|rule|HP Percentage Mod: HP is shown in percentages\n|rule|Endless Battle Clause: Forcing endless battles is banned\n|rule|OHKO Clause: OHKO moves are banned\n|rule|Evasion Moves Clause: Evasion moves are banned\n|rule|Evasion Abilities Clause: Evasion abilities are banned\n|rule|Species Clause: Limit one of each Pok\u00e9mon\n|rule|Gravity Sleep Clause: The combination of sleep-inducing moves with imperfect accuracy and Gravity or Gigantamax Orbeetle are banned\n|clearpoke\n|poke|p1|Primarina, M|\n|poke|p1|Klefki, M|\n|poke|p1|Cloyster, F|\n|poke|p1|Meowscarada, F|\n|poke|p1|Glimmora, F|\n|poke|p1|Whimsicott, M|\n|poke|p2|Tyranitar, F|\n|poke|p2|Eelektross, F|\n|poke|p2|Incineroar, F|\n|poke|p2|Talonflame, F|\n|poke|p2|Sableye, F|\n|poke|p2|Greninja-*, F|\n|teampreview\n|j| Professor Eriic\n|\n|t:|1697250150\n|start\n|switch|p1a: Wut|Klefki, M|100\/100\n|switch|p1b: Elsa|Cloyster, F|100\/100\n|switch|p2a: lean|Sableye, F|100\/100\n|switch|p2b: Van Himilton|Eelektross, F|100\/100\n|turn|1\n|\n|t:|1697250200\n|move|p1a: Wut|Reflect|p1a: Wut\n|-sidestart|p1: Seaking_cat|Reflect\n|move|p2a: lean|Will-O-Wisp|p1b: Elsa\n|-status|p1b: Elsa|brn\n|move|p1b: Elsa|Shell Smash|p1b: Elsa\n|-unboost|p1b: Elsa|def|1\n|-unboost|p1b: Elsa|spd|1\n|-boost|p1b: Elsa|atk|2\n|-boost|p1b: Elsa|spa|2\n|-boost|p1b: Elsa|spe|2\n|-enditem|p1b: Elsa|White Herb\n|-clearnegativeboost|p1b: Elsa|[silent]\n|move|p2b: Van Himilton|Volt Switch|p1b: Elsa\n|-supereffective|p1b: Elsa\n|-damage|p1b: Elsa|0 fnt\n|faint|p1b: Elsa\n|\n|t:|1697250215\n|switch|p2b: Incineroar|Incineroar, F|100\/100|[from] Volt Switch\n|-ability|p2b: Incineroar|Intimidate|boost\n|-unboost|p1a: Wut|atk|1\n|\n|upkeep\n|\n|t:|1697250224\n|switch|p1b: Forgive Me|Primarina, M|100\/100\n|turn|2\n|\n|t:|1697250237\n|move|p1a: Wut|Light Screen|p1a: Wut\n|-sidestart|p1: Seaking_cat|move: Light Screen\n|move|p2a: lean|Will-O-Wisp|p1b: Forgive Me\n|-status|p1b: Forgive Me|brn\n|move|p2b: Incineroar|Flare Blitz|p1b: Forgive Me\n|-resisted|p1b: Forgive Me\n|-damage|p1b: Forgive Me|82\/100 brn\n|-damage|p2b: Incineroar|95\/100|[from] Recoil\n|move|p1b: Forgive Me|Hyper Voice|p2b: Incineroar|[spread] p2a,p2b\n|-supereffective|p2b: Incineroar\n|-damage|p2a: lean|52\/100\n|-damage|p2b: Incineroar|14\/100\n|\n|-damage|p1b: Forgive Me|75\/100 brn|[from] brn\n|upkeep\n|turn|3\n|\n|t:|1697250277\n|switch|p2b: Yujiro Hanma|Tyranitar, F|100\/100\n|-weather|Sandstorm|[from] ability: Sand Stream|[of] p2b: Yujiro Hanma\n|move|p2a: lean|Recover|p2a: lean\n|-heal|p2a: lean|100\/100\n|move|p1a: Wut|Draining Kiss|p2a: lean\n|-supereffective|p2a: lean\n|-damage|p2a: lean|66\/100\n|move|p1b: Forgive Me|Sparkling Aria|p2a: lean|[spread] p1a,p2a,p2b\n|-supereffective|p2b: Yujiro Hanma\n|-damage|p1a: Wut|62\/100\n|-damage|p2a: lean|18\/100\n|-damage|p2b: Yujiro Hanma|54\/100\n|-enditem|p2a: lean|Aguav Berry|[eat]\n|-heal|p2a: lean|51\/100|[from] item: Aguav Berry\n|\n|-weather|Sandstorm|[upkeep]\n|-damage|p1b: Forgive Me|69\/100 brn|[from] Sandstorm\n|-damage|p2a: lean|45\/100|[from] Sandstorm\n|-damage|p1b: Forgive Me|63\/100 brn|[from] brn\n|upkeep\n|turn|4\n|\n|t:|1697250332\n|switch|p2b: Van Himilton|Eelektross, F|100\/100\n|move|p1a: Wut|Draining Kiss|p2b: Van Himilton\n|-damage|p2b: Van Himilton|90\/100\n|-heal|p1a: Wut|71\/100|[from] drain|[of] p2b: Van Himilton\n|move|p1b: Forgive Me|Moonblast|p2a: lean\n|-supereffective|p2a: lean\n|-damage|p2a: lean|0 fnt\n|faint|p2a: lean\n|\n|-weather|Sandstorm|[upkeep]\n|-damage|p1b: Forgive Me|57\/100 brn|[from] Sandstorm\n|-damage|p2b: Van Himilton|84\/100|[from] Sandstorm\n|-damage|p1b: Forgive Me|51\/100 brn|[from] brn\n|upkeep\n|\n|t:|1697250346\n|switch|p2a: eric gyat reveal|Talonflame, F|100\/100\n|turn|5\n|\n|t:|1697250378\n|switch|p1b: Nyoom|Meowscarada, F|100\/100\n|move|p2a: eric gyat reveal|Tailwind|p2a: eric gyat reveal\n|-sidestart|p2: RJsInfinite|move: Tailwind\n|move|p2b: Van Himilton|Volt Switch|p1b: Nyoom\n|-resisted|p1b: Nyoom\n|-damage|p1b: Nyoom|83\/100\n|\n|t:|1697250396\n|switch|p2b: Incineroar|Incineroar, F|14\/100|[from] Volt Switch\n|-ability|p2b: Incineroar|Intimidate|boost\n|-unboost|p1a: Wut|atk|1\n|-unboost|p1b: Nyoom|atk|1\n|move|p1a: Wut|Foul Play|p2b: Incineroar\n|-resisted|p2b: Incineroar\n|-damage|p2b: Incineroar|3\/100\n|\n|-weather|Sandstorm|[upkeep]\n|-damage|p2a: eric gyat reveal|94\/100|[from] Sandstorm\n|-damage|p1b: Nyoom|77\/100|[from] Sandstorm\n|upkeep\n|turn|6\n|\n|t:|1697250439\n|move|p2a: eric gyat reveal|Will-O-Wisp|p1b: Nyoom\n|-status|p1b: Nyoom|brn\n|move|p1b: Nyoom|U-turn|p2a: eric gyat reveal\n|-start|p1b: Nyoom|typechange|Bug|[from] ability: Protean\n|-resisted|p2a: eric gyat reveal\n|-damage|p2a: eric gyat reveal|90\/100\n|-damage|p1b: Nyoom|67\/100 brn|[from] item: Life Orb\n|\n|t:|1697250453\n|switch|p1b: Forgive Me|Primarina, M|51\/100 brn|[from] U-turn\n|move|p2b: Incineroar|Flare Blitz|p1b: Forgive Me\n|-resisted|p1b: Forgive Me\n|-damage|p1b: Forgive Me|34\/100 brn\n|-damage|p2b: Incineroar|0 fnt|[from] Recoil\n|faint|p2b: Incineroar\n|move|p1a: Wut|Draining Kiss|p2a: eric gyat reveal\n|-resisted|p2a: eric gyat reveal\n|-damage|p2a: eric gyat reveal|79\/100\n|-heal|p1a: Wut|79\/100|[from] drain|[of] p2a: eric gyat reveal\n|\n|-weather|Sandstorm|[upkeep]\n|-damage|p2a: eric gyat reveal|73\/100|[from] Sandstorm\n|-damage|p1b: Forgive Me|28\/100 brn|[from] Sandstorm\n|-damage|p1b: Forgive Me|22\/100 brn|[from] brn\n|upkeep\n|\n|t:|1697250467\n|switch|p2b: Van Himilton|Eelektross, F|84\/100\n|turn|7\n|\n|t:|1697250515\n|switch|p1b: Britney Spears|Glimmora, F|100\/100\n|move|p1a: Wut|Reflect||[still]\n|-fail|p1a: Wut\n|move|p2a: eric gyat reveal|Brave Bird|p1b: Britney Spears\n|-resisted|p1b: Britney Spears\n|-damage|p1b: Britney Spears|81\/100\n|-activate|p1b: Britney Spears|ability: Toxic Debris\n|-sidestart|p2: RJsInfinite|move: Toxic Spikes\n|-damage|p2a: eric gyat reveal|66\/100|[from] Recoil\n|move|p2b: Van Himilton|Volt Switch|p1b: Britney Spears\n|-damage|p1b: Britney Spears|59\/100\n|\n|t:|1697250553\n|switch|p2b: Yujiro Hanma|Tyranitar, F|54\/100|[from] Volt Switch\n|-status|p2b: Yujiro Hanma|psn\n|\n|-weather|none\n|-heal|p1b: Britney Spears|65\/100|[from] item: Black Sludge\n|-damage|p2b: Yujiro Hanma|42\/100 psn|[from] psn\n|upkeep\n|turn|8\n|\n|t:|1697250606\n|switch|p2b: Van Himilton|Eelektross, F|84\/100\n|move|p2a: eric gyat reveal|Will-O-Wisp|p1b: Britney Spears\n|-status|p1b: Britney Spears|brn\n|move|p1b: Britney Spears|Gunk Shot|p2b: Van Himilton\n|-damage|p2b: Van Himilton|69\/100\n|move|p1a: Wut|Draining Kiss|p2b: Van Himilton\n|-damage|p2b: Van Himilton|58\/100\n|-heal|p1a: Wut|89\/100|[from] drain|[of] p2b: Van Himilton\n|\n|-heal|p1b: Britney Spears|72\/100 brn|[from] item: Black Sludge\n|-damage|p1b: Britney Spears|65\/100 brn|[from] brn\n|-sideend|p1: Seaking_cat|Reflect\n|-sideend|p2: RJsInfinite|move: Tailwind\n|upkeep\n|turn|9\n|c| Professor Eriic|Yo\n|c| Professor Eriic|RJ\n|c| Professor Eriic|Does that Eelektross only have Volt Switch?\n|\n|t:|1697250654\n|move|p1a: Wut|Reflect|p1a: Wut\n|-sidestart|p1: Seaking_cat|Reflect\n|move|p2a: eric gyat reveal|Taunt|p1a: Wut\n|-start|p1a: Wut|move: Taunt\n|move|p1b: Britney Spears|Gunk Shot|p2a: eric gyat reveal\n|-damage|p2a: eric gyat reveal|48\/100\n|move|p2b: Van Himilton|Giga Drain|p1b: Britney Spears\n|-damage|p1b: Britney Spears|41\/100 brn\n|-heal|p2b: Van Himilton|68\/100|[from] drain|[of] p1b: Britney Spears\n|\n|-heal|p1b: Britney Spears|47\/100 brn|[from] item: Black Sludge\n|-damage|p1b: Britney Spears|41\/100 brn|[from] brn\n|-sideend|p1: Seaking_cat|move: Light Screen\n|upkeep\n|turn|10\n|\n|t:|1697250707\n|move|p2a: eric gyat reveal|Tailwind|p2a: eric gyat reveal\n|-sidestart|p2: RJsInfinite|move: Tailwind\n|move|p1b: Britney Spears|Gunk Shot|p2a: eric gyat reveal\n|-damage|p2a: eric gyat reveal|28\/100\n|move|p2b: Van Himilton|Drain Punch|p1b: Britney Spears\n|-damage|p1b: Britney Spears|25\/100 brn\n|-heal|p2b: Van Himilton|75\/100|[from] drain|[of] p1b: Britney Spears\n|-activate|p1b: Britney Spears|ability: Toxic Debris\n|-sidestart|p2: RJsInfinite|move: Toxic Spikes\n|move|p1a: Wut|Draining Kiss|p2a: eric gyat reveal\n|-resisted|p2a: eric gyat reveal\n|-damage|p2a: eric gyat reveal|18\/100\n|-heal|p1a: Wut|96\/100|[from] drain|[of] p2a: eric gyat reveal\n|\n|-heal|p1b: Britney Spears|31\/100 brn|[from] item: Black Sludge\n|-damage|p1b: Britney Spears|25\/100 brn|[from] brn\n|upkeep\n|turn|11\n|\n|t:|1697250762\n|switch|p2a: Greninja|Greninja, F|100\/100\n|-status|p2a: Greninja|tox\n|move|p1b: Britney Spears|Gunk Shot|p2b: Van Himilton\n|-damage|p2b: Van Himilton|60\/100\n|move|p2b: Van Himilton|Giga Drain|p1b: Britney Spears\n|-damage|p1b: Britney Spears|0 fnt\n|-heal|p2b: Van Himilton|69\/100|[from] drain|[of] p1b: Britney Spears\n|faint|p1b: Britney Spears\n|move|p1a: Wut|Draining Kiss|p2a: Greninja\n|-supereffective|p2a: Greninja\n|-damage|p2a: Greninja|53\/100 tox\n|-heal|p1a: Wut|100\/100|[from] drain|[of] p2a: Greninja\n|\n|-damage|p2a: Greninja|48\/100 tox|[from] psn\n|upkeep\n|\n|t:|1697250785\n|switch|p1b: The Sun|Whimsicott, M|100\/100\n|turn|12\n|\n|t:|1697250850\n|move|p2a: Greninja|Rock Slide|p1b: The Sun|[spread] p1a,p1b\n|-start|p2a: Greninja|typechange|Rock|[from] ability: Protean\n|-resisted|p1a: Wut\n|-damage|p1a: Wut|94\/100\n|-damage|p1b: The Sun|78\/100\n|-damage|p2a: Greninja|38\/100 tox|[from] item: Life Orb\n|move|p1b: The Sun|Moonblast|p2a: Greninja\n|-damage|p2a: Greninja|0 fnt\n|faint|p2a: Greninja\n|move|p2b: Van Himilton|Flamethrower|p1b: The Sun\n|-supereffective|p1b: The Sun\n|-damage|p1b: The Sun|0 fnt\n|faint|p1b: The Sun\n|move|p1a: Wut|Draining Kiss|p2b: Van Himilton\n|-damage|p2b: Van Himilton|58\/100\n|-heal|p1a: Wut|100\/100|[from] drain|[of] p2b: Van Himilton\n|\n|-end|p1a: Wut|move: Taunt\n|upkeep\n|\n|t:|1697250881\n|switch|p2a: Yujiro Hanma|Tyranitar, F|42\/100 psn\n|switch|p1b: Nyoom|Meowscarada, F|67\/100 brn\n|-weather|Sandstorm|[from] ability: Sand Stream|[of] p2a: Yujiro Hanma\n|turn|13\n|\n|t:|1697250917\n|move|p2a: Yujiro Hanma|Protect|p2a: Yujiro Hanma\n|-singleturn|p2a: Yujiro Hanma|Protect\n|move|p1a: Wut|Light Screen|p1a: Wut\n|-sidestart|p1: Seaking_cat|move: Light Screen\n|move|p1b: Nyoom|Leaf Storm|p2a: Yujiro Hanma\n|-start|p1b: Nyoom|typechange|Grass|[from] ability: Protean\n|-activate|p2a: Yujiro Hanma|move: Protect\n|move|p2b: Van Himilton|Flamethrower|p1b: Nyoom\n|-supereffective|p1b: Nyoom\n|-damage|p1b: Nyoom|0 fnt\n|faint|p1b: Nyoom\n|\n|-weather|Sandstorm|[upkeep]\n|-damage|p2b: Van Himilton|52\/100|[from] Sandstorm\n|-damage|p2a: Yujiro Hanma|29\/100 psn|[from] psn\n|-sideend|p2: RJsInfinite|move: Tailwind\n|upkeep\n|\n|t:|1697250934\n|switch|p1b: Forgive Me|Primarina, M|22\/100 brn\n|turn|14\n|\n|t:|1697250974\n|move|p2a: Yujiro Hanma|Protect||[still]\n|-fail|p2a: Yujiro Hanma\n|move|p1a: Wut|Draining Kiss|p2a: Yujiro Hanma\n|-supereffective|p2a: Yujiro Hanma\n|-damage|p2a: Yujiro Hanma|11\/100 psn\n|move|p1b: Forgive Me|Perish Song|p1b: Forgive Me\n|-start|p1a: Wut|perish3|[silent]\n|-start|p1b: Forgive Me|perish3|[silent]\n|-start|p2a: Yujiro Hanma|perish3|[silent]\n|-start|p2b: Van Himilton|perish3|[silent]\n|-fieldactivate|move: Perish Song\n|move|p2b: Van Himilton|Volt Switch|p1b: Forgive Me\n|-supereffective|p1b: Forgive Me\n|-damage|p1b: Forgive Me|0 fnt\n|faint|p1b: Forgive Me\n|\n|t:|1697250994\n|switch|p2b: eric gyat reveal|Talonflame, F|18\/100|[from] Volt Switch\n|\n|-weather|Sandstorm|[upkeep]\n|-damage|p2b: eric gyat reveal|12\/100|[from] Sandstorm\n|-damage|p2a: Yujiro Hanma|0 fnt|[from] psn\n|faint|p2a: Yujiro Hanma\n|-start|p1a: Wut|perish3\n|upkeep\n|\n|t:|1697251003\n|switch|p2a: Van Himilton|Eelektross, F|52\/100\n|turn|15\n|\n|t:|1697251087\n|-terastallize|p2b: eric gyat reveal|Ghost\n|move|p2b: eric gyat reveal|Taunt|p1a: Wut\n|-start|p1a: Wut|move: Taunt\n|move|p1a: Wut|Draining Kiss|p2b: eric gyat reveal\n|-damage|p2b: eric gyat reveal|0 fnt\n|faint|p2b: eric gyat reveal\n|move|p2a: Van Himilton|Drain Punch|p1a: Wut\n|-damage|p1a: Wut|89\/100\n|-heal|p2a: Van Himilton|57\/100|[from] drain|[of] p1a: Wut\n|\n|-weather|Sandstorm|[upkeep]\n|-damage|p2a: Van Himilton|51\/100|[from] Sandstorm\n|-start|p1a: Wut|perish2\n|upkeep\n|turn|16\n|\n|t:|1697251139\n|move|p1a: Wut|Foul Play|p2a: Van Himilton\n|-damage|p2a: Van Himilton|24\/100\n|move|p2a: Van Himilton|Flamethrower|p1a: Wut\n|-supereffective|p1a: Wut\n|-damage|p1a: Wut|39\/100\n|\n|-weather|Sandstorm|[upkeep]\n|-damage|p2a: Van Himilton|18\/100|[from] Sandstorm\n|-start|p1a: Wut|perish1\n|-sideend|p1: Seaking_cat|Reflect\n|upkeep\n|turn|17\n|\n|t:|1697251152\n|move|p1a: Wut|Foul Play|p2a: Van Himilton\n|-damage|p2a: Van Himilton|0 fnt\n|faint|p2a: Van Himilton\n|\n|win|Seaking_cat\n","uploadtime":1697251157,"views":6,"p1id":"seakingcat","p2id":"rjsinfinite","formatid":"gen9nationaldexdoubles","rating":0,"private":0,"password":""}