{"id":"gen9nationaldexdoubles-1954660535","p1":"Icelis Ataraxia","p2":"Mastew98","format":"[Gen 9] National Dex Doubles","log":"|j|\u2606Icelis Ataraxia\n|j|\u2606Mastew98\n|t:|1695916377\n|gametype|doubles\n|player|p1|Icelis Ataraxia|iris-gen5bw2|\n|player|p2|Mastew98|shauntal|\n|teamsize|p1|6\n|teamsize|p2|6\n|gen|9\n|tier|[Gen 9] National Dex Doubles\n|rule|HP Percentage Mod: HP is shown in percentages\n|rule|Endless Battle Clause: Forcing endless battles is banned\n|rule|OHKO Clause: OHKO moves are banned\n|rule|Evasion Moves Clause: Evasion moves are banned\n|rule|Evasion Abilities Clause: Evasion abilities are banned\n|rule|Species Clause: Limit one of each Pok\u00e9mon\n|rule|Gravity Sleep Clause: The combination of sleep-inducing moves with imperfect accuracy and Gravity or Gigantamax Orbeetle are banned\n|clearpoke\n|poke|p1|Primarina, F|\n|poke|p1|Blissey, F|\n|poke|p1|Maushold-Four|\n|poke|p1|Frosmoth, F|\n|poke|p1|Marowak-Alola, F|\n|poke|p1|Victini|\n|poke|p2|Jellicent, M|\n|poke|p2|Ursaluna, F|\n|poke|p2|Zoroark-Hisui, M|\n|poke|p2|Golisopod, M|\n|poke|p2|Weezing-Galar, M|\n|poke|p2|Jirachi|\n|teampreview\n|\n|t:|1695916427\n|start\n|switch|p1a: Frosmoth|Frosmoth, F|100\/100\n|switch|p1b: Victini|Victini|100\/100\n|switch|p2a: Dondon|Weezing-Galar, M|100\/100\n|switch|p2b: Ghosting|Golisopod, M|100\/100\n|-ability|p2a: Dondon|Neutralizing Gas\n|turn|1\n|\n|t:|1695916449\n|move|p1a: Frosmoth|Air Slash|p2b: Ghosting\n|-supereffective|p2b: Ghosting\n|-damage|p2b: Ghosting|52\/100\n|-enditem|p2b: Ghosting|Weakness Policy\n|-boost|p2b: Ghosting|atk|2|[from] item: Weakness Policy\n|-boost|p2b: Ghosting|spa|2|[from] item: Weakness Policy\n|move|p2a: Dondon|Taunt|p1a: Frosmoth\n|-start|p1a: Frosmoth|move: Taunt\n|move|p2b: Ghosting|Knock Off|p1b: Victini\n|-supereffective|p1b: Victini\n|-damage|p1b: Victini|0 fnt\n|-enditem|p1b: Victini|Aguav Berry|[from] move: Knock Off|[of] p2b: Ghosting\n|faint|p1b: Victini\n|\n|upkeep\n|\n|t:|1695916466\n|switch|p1b: Maushold|Maushold-Four|100\/100\n|turn|2\n|\n|t:|1695916481\n|move|p1b: Maushold|Tidy Up|p1b: Maushold\n|-boost|p1b: Maushold|atk|1\n|-boost|p1b: Maushold|spe|1\n|move|p1a: Frosmoth|Air Slash|p2b: Ghosting\n|-supereffective|p2b: Ghosting\n|-damage|p2b: Ghosting|5\/100\n|move|p2a: Dondon|Taunt|p1b: Maushold\n|-start|p1b: Maushold|move: Taunt\n|cant|p2b: Ghosting|flinch\n|\n|upkeep\n|turn|3\n|\n|t:|1695916501\n|move|p1b: Maushold|Population Bomb|p2a: Dondon\n|-damage|p2a: Dondon|92\/100\n|-damage|p2a: Dondon|84\/100\n|-damage|p2a: Dondon|77\/100\n|-damage|p2a: Dondon|68\/100\n|-damage|p2a: Dondon|61\/100\n|-damage|p2a: Dondon|53\/100\n|-damage|p2a: Dondon|45\/100\n|-damage|p2a: Dondon|37\/100\n|-damage|p2a: Dondon|29\/100\n|-damage|p2a: Dondon|22\/100\n|-hitcount|p2a: Dondon|10\n|move|p1a: Frosmoth|Air Slash|p2b: Ghosting\n|-supereffective|p2b: Ghosting\n|-damage|p2b: Ghosting|0 fnt\n|faint|p2b: Ghosting\n|move|p2a: Dondon|Toxic Spikes|p1b: Maushold\n|-sidestart|p1: Icelis Ataraxia|move: Toxic Spikes\n|\n|-heal|p2a: Dondon|28\/100|[from] item: Black Sludge\n|upkeep\n|\n|t:|1695916524\n|switch|p2b: My autism|Jellicent, M|100\/100\n|turn|4\n|\n|t:|1695916553\n|-terastallize|p1b: Maushold|Ghost\n|move|p1b: Maushold|Shadow Claw|p2b: My autism\n|-supereffective|p2b: My autism\n|-damage|p2b: My autism|35\/100\n|move|p1a: Frosmoth|Air Slash|p2b: My autism\n|-damage|p2b: My autism|17\/100\n|move|p2a: Dondon|Dazzling Gleam|p1a: Frosmoth|[spread] p1a,p1b\n|-damage|p1a: Frosmoth|81\/100\n|-damage|p1b: Maushold|75\/100\n|move|p2b: My autism|Trick Room|p2b: My autism\n|-fieldstart|move: Trick Room|[of] p2b: My autism\n|\n|-heal|p2b: My autism|23\/100|[from] item: Leftovers\n|-heal|p2a: Dondon|34\/100|[from] item: Black Sludge\n|-heal|p1a: Frosmoth|87\/100|[from] item: Leftovers\n|-end|p1a: Frosmoth|move: Taunt\n|upkeep\n|turn|5\n|\n|t:|1695916581\n|move|p2b: My autism|Recover|p2b: My autism\n|-heal|p2b: My autism|73\/100\n|move|p2a: Dondon|Toxic Spikes|p1b: Maushold\n|-sidestart|p1: Icelis Ataraxia|move: Toxic Spikes\n|move|p1a: Frosmoth|Bug Buzz|p2a: Dondon\n|-resisted|p2a: Dondon\n|-damage|p2a: Dondon|21\/100\n|-unboost|p2a: Dondon|spd|1\n|move|p1b: Maushold|Population Bomb|p2a: Dondon\n|-crit|p2a: Dondon\n|-damage|p2a: Dondon|9\/100\n|-damage|p2a: Dondon|0 fnt\n|faint|p2a: Dondon\n|-end|p2a: Dondon|ability: Neutralizing Gas\n|-hitcount|p2: Dondon|2\n|\n|-heal|p2b: My autism|79\/100|[from] item: Leftovers\n|-heal|p1a: Frosmoth|94\/100|[from] item: Leftovers\n|-end|p1b: Maushold|move: Taunt\n|upkeep\n|\n|t:|1695916599\n|switch|p2a: Mr.White|Ursaluna, F|100\/100\n|turn|6\n|\n|t:|1695916612\n|move|p2b: My autism|Protect|p2b: My autism\n|-singleturn|p2b: My autism|Protect\n|move|p2a: Mr.White|Headlong Rush|p1b: Maushold\n|-damage|p1b: Maushold|0 fnt\n|-unboost|p2a: Mr.White|def|1\n|-unboost|p2a: Mr.White|spd|1\n|faint|p1b: Maushold\n|move|p1a: Frosmoth|Air Slash|p2a: Mr.White\n|-damage|p2a: Mr.White|69\/100\n|\n|-heal|p2b: My autism|85\/100|[from] item: Leftovers\n|-heal|p1a: Frosmoth|99\/100|[from] item: Leftovers\n|-status|p2a: Mr.White|brn|[from] item: Flame Orb\n|upkeep\n|\n|t:|1695916630\n|switch|p1b: Primarina|Primarina, F|100\/100\n|-status|p1b: Primarina|tox\n|turn|7\n|\n|t:|1695916680\n|-terastallize|p2a: Mr.White|Normal\n|move|p1b: Primarina|Energy Ball|p2b: My autism\n|-supereffective|p2b: My autism\n|-damage|p2b: My autism|2\/100\n|move|p2a: Mr.White|Facade|p1b: Primarina\n|-damage|p1b: Primarina|0 fnt\n|faint|p1b: Primarina\n|move|p2b: My autism|Recover|p2b: My autism\n|-heal|p2b: My autism|52\/100\n|move|p1a: Frosmoth|Bug Buzz|p2a: Mr.White\n|-damage|p2a: Mr.White|14\/100 brn\n|\n|-heal|p2b: My autism|58\/100|[from] item: Leftovers\n|-heal|p1a: Frosmoth|100\/100|[from] item: Leftovers\n|-damage|p2a: Mr.White|8\/100 brn|[from] brn\n|upkeep\n|\n|t:|1695916702\n|switch|p1b: Marowak|Marowak-Alola, F|100\/100\n|-status|p1b: Marowak|tox\n|turn|8\n|\n|t:|1695916731\n|move|p1b: Marowak|Flare Blitz|p2a: Mr.White\n|-damage|p2a: Mr.White|0 fnt\n|faint|p2a: Mr.White\n|-damage|p1b: Marowak|91\/100 tox|[from] item: Life Orb\n|move|p2b: My autism|Recover|p2b: My autism\n|-heal|p2b: My autism|100\/100\n|move|p1a: Frosmoth|Quiver Dance|p1a: Frosmoth\n|-boost|p1a: Frosmoth|spa|1\n|-boost|p1a: Frosmoth|spd|1\n|-boost|p1a: Frosmoth|spe|1\n|\n|-damage|p1b: Marowak|84\/100 tox|[from] psn\n|-fieldend|move: Trick Room\n|upkeep\n|\n|t:|1695916749\n|switch|p2a: Staraito|Jirachi|100\/100\n|turn|9\n|\n|t:|1695916771\n|switch|p1b: Blissey|Blissey, F|100\/100\n|-status|p1b: Blissey|tox\n|move|p2a: Staraito|Iron Head|p1a: Frosmoth\n|-supereffective|p1a: Frosmoth\n|-damage|p1a: Frosmoth|0 fnt\n|faint|p1a: Frosmoth\n|move|p2b: My autism|Surf|p1b: Blissey|[spread] p2a,p1b\n|-damage|p2a: Staraito|79\/100\n|-damage|p1b: Blissey|95\/100 tox\n|\n|-heal|p1b: Blissey|100\/100 tox|[from] item: Leftovers\n|-damage|p1b: Blissey|94\/100 tox|[from] psn\n|upkeep\n|\n|t:|1695916778\n|switch|p1a: Marowak|Marowak-Alola, F|84\/100 tox\n|turn|10\n|\n|t:|1695916804\n|move|p2a: Staraito|Iron Head|p1b: Blissey\n|-damage|p1b: Blissey|31\/100 tox\n|move|p2b: My autism|Surf|p1b: Blissey|[spread] p2a,p1a,p1b\n|-supereffective|p1a: Marowak\n|-damage|p2a: Staraito|57\/100\n|-damage|p1a: Marowak|34\/100 tox\n|-damage|p1b: Blissey|25\/100 tox\n|cant|p1b: Blissey|flinch\n|move|p1a: Marowak|Poltergeist|p2a: Staraito\n|-activate|p2a: Staraito|move: Poltergeist|Choice Scarf\n|-supereffective|p2a: Staraito\n|-damage|p2a: Staraito|0 fnt\n|faint|p2a: Staraito\n|-damage|p1a: Marowak|25\/100 tox|[from] item: Life Orb\n|\n|-heal|p1b: Blissey|31\/100 tox|[from] item: Leftovers\n|-damage|p1b: Blissey|19\/100 tox|[from] psn\n|-damage|p1a: Marowak|18\/100 tox|[from] psn\n|upkeep\n|\n|t:|1695916820\n|switch|p2a: My autism|Jellicent, M|100\/100\n|turn|11\n|\n|t:|1695916877\n|move|p2b: My autism|Protect|p2b: My autism\n|-singleturn|p2b: My autism|Protect\n|move|p2a: My autism|Flamethrower|p1a: Marowak\n|-resisted|p1a: Marowak\n|-damage|p1a: Marowak|0 fnt\n|faint|p1a: Marowak\n|move|p1b: Blissey|Toxic|p2a: My autism\n|-status|p2a: My autism|tox\n|\n|-heal|p1b: Blissey|25\/100 tox|[from] item: Leftovers\n|-damage|p2a: My autism|95\/100 tox|[from] psn\n|-damage|p1b: Blissey|7\/100 tox|[from] psn\n|upkeep\n|turn|12\n|\n|t:|1695916895\n|move|p2b: My autism|Protect||[still]\n|-fail|p2b: My autism\n|move|p2a: My autism|Flamethrower|p1b: Blissey\n|-damage|p1b: Blissey|0 fnt\n|faint|p1b: Blissey\n|\n|win|Mastew98\n","uploadtime":1695916905,"views":8,"p1id":"icelisataraxia","p2id":"mastew98","formatid":"gen9nationaldexdoubles","rating":0,"private":0,"password":""}