{"id":"gen9nationaldexdoubles-1994466291","p1":"Brick_Enjoyer_144","p2":"X3no Slayer","format":"[Gen 9] National Dex Doubles","log":"|j|\u2606Brick_Enjoyer_144\n|j|\u2606X3no Slayer\n|t:|1700447167\n|gametype|doubles\n|player|p1|Brick_Enjoyer_144|shauntal|1222\n|player|p2|X3no Slayer|giovanni|1101\n|teamsize|p1|6\n|teamsize|p2|6\n|gen|9\n|tier|[Gen 9] National Dex Doubles\n|rated|\n|rule|HP Percentage Mod: HP is shown in percentages\n|rule|Endless Battle Clause: Forcing endless battles is banned\n|rule|OHKO Clause: OHKO moves are banned\n|rule|Evasion Moves Clause: Evasion moves are banned\n|rule|Evasion Abilities Clause: Evasion abilities are banned\n|rule|Species Clause: Limit one of each Pok\u00e9mon\n|rule|Gravity Sleep Clause: The combination of sleep-inducing moves with imperfect accuracy and Gravity or Gigantamax Orbeetle are banned\n|clearpoke\n|poke|p1|Smeargle, M|\n|poke|p1|Kartana|\n|poke|p1|Roaring Moon|\n|poke|p1|Minior-Violet|\n|poke|p1|Mawile, M|\n|poke|p1|Zapdos|\n|poke|p2|Talonflame, F|\n|poke|p2|Volcanion|\n|poke|p2|Tropius, M|\n|poke|p2|Volcarona, F|\n|poke|p2|Torkoal, F|\n|poke|p2|Charizard, F|\n|teampreview\n|inactive|Battle timer is ON: inactive players will automatically lose when time's up. (requested by Brick_Enjoyer_144)\n|\n|t:|1700447174\n|start\n|switch|p1a: Smeargle|Smeargle, M, shiny|100\/100\n|switch|p1b: Minior|Minior-Violet, shiny|100\/100\n|switch|p2a: Talonflame|Talonflame, F|100\/100\n|switch|p2b: Torkoal|Torkoal, F|100\/100\n|-formechange|p1b: Minior|Minior-Meteor||[from] ability: Shields Down\n|-weather|SunnyDay|[from] ability: Drought|[of] p2b: Torkoal\n|turn|1\n|\n|t:|1700447195\n|move|p1a: Smeargle|Fake Out|p2a: Talonflame\n|-damage|p2a: Talonflame|93\/100\n|cant|p2a: Talonflame|flinch\n|move|p1b: Minior|Shell Smash|p1b: Minior\n|-unboost|p1b: Minior|def|1\n|-unboost|p1b: Minior|spd|1\n|-boost|p1b: Minior|atk|2\n|-boost|p1b: Minior|spa|2\n|-boost|p1b: Minior|spe|2\n|move|p2b: Torkoal|Overheat|p1a: Smeargle\n|-damage|p1a: Smeargle|0 fnt\n|-unboost|p2b: Torkoal|spa|2\n|faint|p1a: Smeargle\n|\n|-weather|SunnyDay|[upkeep]\n|-heal|p2a: Talonflame|99\/100|[from] item: Leftovers\n|upkeep\n|inactive|Brick_Enjoyer_144 has 120 seconds left.\n|\n|t:|1700447219\n|switch|p1a: Roaring Moon|Roaring Moon, shiny|100\/100\n|-activate|p1a: Roaring Moon|ability: Protosynthesis\n|-start|p1a: Roaring Moon|protosynthesisatk\n|turn|2\n|\n|t:|1700447229\n|move|p1b: Minior|Stone Edge|p2a: Talonflame\n|-supereffective|p2a: Talonflame\n|-damage|p2a: Talonflame|0 fnt\n|faint|p2a: Talonflame\n|move|p1a: Roaring Moon|Stone Edge|p2b: Torkoal\n|-supereffective|p2b: Torkoal\n|-damage|p2b: Torkoal|35\/100\n|move|p2b: Torkoal|Rock Slide|p1a: Roaring Moon|[spread] p1a,p1b\n|-supereffective|p1b: Minior\n|-damage|p1a: Roaring Moon|80\/100\n|-damage|p1b: Minior|32\/100\n|\n|-weather|SunnyDay|[upkeep]\n|-formechange|p1b: Minior|Minior-Violet||[from] ability: Shields Down\n|upkeep\n|\n|t:|1700447242\n|switch|p2a: Tropius|Tropius, M|100\/100\n|turn|3\n|\n|t:|1700447254\n|-terastallize|p2a: Tropius|Grass\n|move|p1b: Minior|Stone Edge|p2b: Torkoal\n|-supereffective|p2b: Torkoal\n|-damage|p2b: Torkoal|0 fnt\n|faint|p2b: Torkoal\n|move|p1a: Roaring Moon|Stone Edge|p2a: Tropius\n|-damage|p2a: Tropius|56\/100\n|move|p2a: Tropius|Tailwind|p2a: Tropius\n|-sidestart|p2: X3no Slayer|move: Tailwind\n|\n|-weather|SunnyDay|[upkeep]\n|upkeep\n|\n|t:|1700447269\n|switch|p2b: Volcanion|Volcanion|100\/100\n|turn|4\n|\n|t:|1700447278\n|move|p1b: Minior|Stone Edge|p2a: Tropius\n|-damage|p2a: Tropius|0 fnt\n|faint|p2a: Tropius\n|move|p1a: Roaring Moon|Knock Off|p2b: Volcanion\n|-damage|p2b: Volcanion|48\/100\n|-enditem|p2b: Volcanion|Leftovers|[from] move: Knock Off|[of] p1a: Roaring Moon\n|move|p2b: Volcanion|Heat Wave|p1b: Minior|[spread] p1a,p1b\n|-resisted|p1a: Roaring Moon\n|-resisted|p1b: Minior\n|-damage|p1a: Roaring Moon|49\/100\n|-damage|p1b: Minior|0 fnt\n|faint|p1b: Minior\n|\n|-weather|SunnyDay|[upkeep]\n|upkeep\n|\n|t:|1700447295\n|switch|p1b: Zapdos|Zapdos, shiny|100\/100\n|switch|p2a: Volcarona|Volcarona, F|100\/100\n|turn|5\n|\n|t:|1700447311\n|move|p2a: Volcarona|Bug Buzz|p1a: Roaring Moon\n|-supereffective|p1a: Roaring Moon\n|-damage|p1a: Roaring Moon|0 fnt\n|faint|p1a: Roaring Moon\n|-end|p1a: Roaring Moon|Protosynthesis|[silent]\n|move|p2b: Volcanion|Heat Wave|p1b: Zapdos\n|-damage|p1b: Zapdos|0 fnt\n|faint|p1b: Zapdos\n|\n|-weather|SunnyDay|[upkeep]\n|upkeep\n|\n|t:|1700447323\n|switch|p1a: Kartana|Kartana, shiny|100\/100\n|switch|p1b: Mawile|Mawile, M, shiny|100\/100\n|turn|6\n|\n|t:|1700447344\n|detailschange|p1b: Mawile|Mawile-Mega, M, shiny\n|-mega|p1b: Mawile|Mawile|Mawilite\n|move|p1b: Mawile|Sucker Punch|p2b: Volcanion\n|-damage|p2b: Volcanion|11\/100\n|move|p2a: Volcarona|Heat Wave|p1a: Kartana|[spread] p1a\n|-miss|p2a: Volcarona|p1b: Mawile\n|-supereffective|p1a: Kartana\n|-damage|p1a: Kartana|0 fnt\n|faint|p1a: Kartana\n|move|p2b: Volcanion|Heat Wave|p1b: Mawile\n|-supereffective|p1b: Mawile\n|-damage|p1b: Mawile|0 fnt\n|faint|p1b: Mawile\n|\n|win|X3no Slayer\n|raw|Brick_Enjoyer_144's rating: 1222 &rarr; <strong>1189<\/strong><br \/>(-33 for losing)\n|raw|X3no Slayer's rating: 1101 &rarr; <strong>1134<\/strong><br \/>(+33 for winning)\n","uploadtime":1700447360,"views":3,"p1id":"brickenjoyer144","p2id":"x3noslayer","formatid":"gen9nationaldexdoubles","rating":1134,"private":0,"password":""}