{"id":"gen9nationaldexdoubles-1992479099","p1":"Mistery Gold","p2":"DracoAxel","format":"[Gen 9] National Dex Doubles","log":"|j|\u2606Mistery Gold\n|j|\u2606DracoAxel\n|t:|1700192663\n|gametype|doubles\n|player|p1|Mistery Gold|tate|\n|player|p2|DracoAxel|nate|\n|teamsize|p1|6\n|teamsize|p2|6\n|gen|9\n|tier|[Gen 9] National Dex Doubles\n|rule|HP Percentage Mod: HP is shown in percentages\n|rule|Endless Battle Clause: Forcing endless battles is banned\n|rule|OHKO Clause: OHKO moves are banned\n|rule|Evasion Moves Clause: Evasion moves are banned\n|rule|Evasion Abilities Clause: Evasion abilities are banned\n|rule|Species Clause: Limit one of each Pok\u00e9mon\n|rule|Gravity Sleep Clause: The combination of sleep-inducing moves with imperfect accuracy and Gravity or Gigantamax Orbeetle are banned\n|clearpoke\n|poke|p1|Iron Bundle|\n|poke|p1|Flutter Mane|\n|poke|p1|Chandelure, F|\n|poke|p1|Indeedee-F, F|\n|poke|p1|Scream Tail|\n|poke|p1|Houndstone, F|\n|poke|p2|Tapu Koko|\n|poke|p2|Great Tusk|\n|poke|p2|Flutter Mane|\n|poke|p2|Torkoal, F|\n|poke|p2|Iron Valiant|\n|poke|p2|Iron Hands|\n|teampreview\n|\n|t:|1700192680\n|start\n|switch|p1a: Chandelure|Chandelure, F|100\/100\n|switch|p1b: Indeedee|Indeedee-F, F|100\/100\n|switch|p2a: Tapu Koko|Tapu Koko|100\/100\n|switch|p2b: Iron Hands|Iron Hands|100\/100\n|-fieldstart|move: Electric Terrain|[from] ability: Electric Surge|[of] p2a: Tapu Koko\n|-activate|p2b: Iron Hands|ability: Quark Drive\n|-start|p2b: Iron Hands|quarkdriveatk\n|-fieldstart|move: Psychic Terrain|[from] ability: Psychic Surge|[of] p1b: Indeedee\n|-end|p2b: Iron Hands|Quark Drive\n|turn|1\n|\n|t:|1700192691\n|-terastallize|p1a: Chandelure|Fire\n|move|p1b: Indeedee|Helping Hand|p1a: Chandelure\n|-singleturn|p1a: Chandelure|Helping Hand|[of] p1b: Indeedee\n|move|p1a: Chandelure|Heat Wave|p2b: Iron Hands|[spread] p2b\n|-miss|p1a: Chandelure|p2a: Tapu Koko\n|-damage|p2b: Iron Hands|32\/100\n|move|p2b: Iron Hands|Rock Slide|p1a: Chandelure|[spread] p1a,p1b\n|-supereffective|p1a: Chandelure\n|-damage|p1a: Chandelure|2\/100\n|-damage|p1b: Indeedee|71\/100\n|move|p2a: Tapu Koko|Roar|p1b: Indeedee\n|drag|p1b: Flutter Mane|Flutter Mane|100\/100\n|-enditem|p1b: Flutter Mane|Booster Energy\n|-activate|p1b: Flutter Mane|ability: Protosynthesis|[fromitem]\n|-start|p1b: Flutter Mane|protosynthesisspe\n|\n|upkeep\n|turn|2\n|\n|t:|1700192718\n|move|p1b: Flutter Mane|Dazzling Gleam|p2a: Tapu Koko|[spread] p2a,p2b\n|-supereffective|p2b: Iron Hands\n|-crit|p2b: Iron Hands\n|-damage|p2a: Tapu Koko|62\/100\n|-damage|p2b: Iron Hands|0 fnt\n|faint|p2b: Iron Hands\n|-end|p2b: Iron Hands|Quark Drive|[silent]\n|move|p1a: Chandelure|Heat Wave|p2a: Tapu Koko\n|-damage|p2a: Tapu Koko|0 fnt\n|faint|p2a: Tapu Koko\n|\n|upkeep\n|j| CrisWWE\n|j| Jxffc\n|\n|t:|1700192736\n|switch|p2a: Iron Valiant|Iron Valiant|100\/100\n|switch|p2b: Torkoal|Torkoal, F|100\/100\n|-weather|SunnyDay|[from] ability: Drought|[of] p2b: Torkoal\n|turn|3\n|\n|t:|1700192750\n|-end|p2a: Iron Valiant|Quark Drive|[silent]\n|switch|p2a: Flutter Mane|Flutter Mane|100\/100\n|-activate|p2a: Flutter Mane|ability: Protosynthesis\n|-start|p2a: Flutter Mane|protosynthesisspa\n|move|p1b: Flutter Mane|Dazzling Gleam|p2a: Flutter Mane|[spread] p2a,p2b\n|-resisted|p2b: Torkoal\n|-damage|p2a: Flutter Mane|68\/100\n|-damage|p2b: Torkoal|81\/100\n|move|p1a: Chandelure|Heat Wave|p2b: Torkoal|[spread] p2a,p2b\n|-crit|p2a: Flutter Mane\n|-resisted|p2b: Torkoal\n|-damage|p2a: Flutter Mane|0 fnt\n|-damage|p2b: Torkoal|31\/100\n|faint|p2a: Flutter Mane\n|-end|p2a: Flutter Mane|Protosynthesis|[silent]\n|move|p2b: Torkoal|Iron Defense|p2b: Torkoal\n|-boost|p2b: Torkoal|def|2\n|\n|-weather|SunnyDay|[upkeep]\n|-heal|p2b: Torkoal|38\/100|[from] item: Leftovers\n|upkeep\n|\n|t:|1700192759\n|switch|p2a: Great Tusk|Great Tusk|100\/100\n|-activate|p2a: Great Tusk|ability: Protosynthesis\n|-start|p2a: Great Tusk|protosynthesisatk\n|turn|4\n|\n|t:|1700192790\n|move|p1b: Flutter Mane|Dazzling Gleam|p2b: Torkoal|[spread] p2a,p2b\n|-supereffective|p2a: Great Tusk\n|-resisted|p2b: Torkoal\n|-damage|p2a: Great Tusk|42\/100\n|-damage|p2b: Torkoal|17\/100\n|move|p1a: Chandelure|Heat Wave|p2b: Torkoal|[spread] p2a,p2b\n|-resisted|p2b: Torkoal\n|-damage|p2a: Great Tusk|0 fnt\n|-damage|p2b: Torkoal|0 fnt\n|faint|p2a: Great Tusk\n|-end|p2a: Great Tusk|Protosynthesis|[silent]\n|faint|p2b: Torkoal\n|\n|-weather|SunnyDay|[upkeep]\n|upkeep\n|\n|t:|1700192796\n|switch|p2b: Iron Valiant|Iron Valiant|100\/100\n|turn|5\n|\n|t:|1700192815\n|move|p1b: Flutter Mane|Dazzling Gleam|p2b: Iron Valiant\n|-supereffective|p2b: Iron Valiant\n|-damage|p2b: Iron Valiant|0 fnt\n|faint|p2b: Iron Valiant\n|-end|p2b: Iron Valiant|Quark Drive|[silent]\n|\n|win|Mistery Gold\n|l|\u2606DracoAxel\n","uploadtime":1700192868,"views":8,"p1id":"misterygold","p2id":"dracoaxel","formatid":"gen9nationaldexdoubles","rating":0,"private":0,"password":""}