{"id":"gen9nationaldexdoubles-1959578076","p1":"RandomUsername129","p2":"Spooooky Gorl","format":"[Gen 9] National Dex Doubles","log":"|j|\u2606RandomUsername129\n|j|\u2606Spooooky Gorl\n|t:|1696438774\n|gametype|doubles\n|player|p1|RandomUsername129|265|\n|player|p2|Spooooky Gorl|shauntal|\n|teamsize|p1|6\n|teamsize|p2|6\n|gen|9\n|tier|[Gen 9] National Dex Doubles\n|rule|HP Percentage Mod: HP is shown in percentages\n|rule|Endless Battle Clause: Forcing endless battles is banned\n|rule|OHKO Clause: OHKO moves are banned\n|rule|Evasion Moves Clause: Evasion moves are banned\n|rule|Evasion Abilities Clause: Evasion abilities are banned\n|rule|Species Clause: Limit one of each Pok\u00e9mon\n|rule|Gravity Sleep Clause: The combination of sleep-inducing moves with imperfect accuracy and Gravity or Gigantamax Orbeetle are banned\n|clearpoke\n|poke|p1|Vanilluxe, F|\n|poke|p1|Altaria, F|\n|poke|p1|Whiscash, F|\n|poke|p1|Spiritomb, M|\n|poke|p1|Avalugg, F|\n|poke|p1|Garchomp, F|\n|poke|p2|Milotic, F|\n|poke|p2|Dragapult, M|\n|poke|p2|Aurorus, F|\n|poke|p2|Aegislash, M|\n|poke|p2|Gourgeist-*, F|\n|poke|p2|Kingambit, M|\n|teampreview\n|\n|t:|1696438791\n|start\n|switch|p1a: Vanilluxe|Vanilluxe, F, shiny|100\/100\n|switch|p1b: Garchomp|Garchomp, F, shiny|100\/100\n|switch|p2a: Gourgeous|Gourgeist-Super, F, shiny|100\/100\n|switch|p2b: Mother of Dragons|Dragapult, M|100\/100\n|-weather|Snow|[from] ability: Snow Warning|[of] p1a: Vanilluxe\n|-item|p1a: Vanilluxe|Focus Sash|[from] ability: Frisk|[of] p2a: Gourgeous|[identify]\n|-item|p1b: Garchomp|Choice Scarf|[from] ability: Frisk|[of] p2a: Gourgeous|[identify]\n|turn|1\n|\n|t:|1696438835\n|move|p1b: Garchomp|Dragon Claw|p2b: Mother of Dragons\n|-supereffective|p2b: Mother of Dragons\n|-damage|p2b: Mother of Dragons|2\/100\n|move|p2b: Mother of Dragons|Dragon Pulse|p1b: Garchomp\n|-supereffective|p1b: Garchomp\n|-damage|p1b: Garchomp|26\/100\n|move|p1a: Vanilluxe|Blizzard|p2a: Gourgeous|[spread] p2a,p2b\n|-supereffective|p2a: Gourgeous\n|-supereffective|p2b: Mother of Dragons\n|-damage|p2a: Gourgeous|10\/100\n|-damage|p2b: Mother of Dragons|0 fnt\n|faint|p2b: Mother of Dragons\n|move|p2a: Gourgeous|Giga Drain|p1b: Garchomp\n|-damage|p1b: Garchomp|0 fnt\n|-heal|p2a: Gourgeous|25\/100|[from] drain|[of] p1b: Garchomp\n|faint|p1b: Garchomp\n|\n|-weather|Snow|[upkeep]\n|-heal|p2a: Gourgeous|31\/100|[from] item: Leftovers\n|upkeep\n|\n|t:|1696438870\n|switch|p2b: Rory|Aurorus, F, shiny|100\/100\n|switch|p1b: Spiritomb|Spiritomb, M, shiny|100\/100\n|turn|2\n|\n|t:|1696438898\n|move|p1a: Vanilluxe|Blizzard|p2a: Gourgeous|[spread] p2a,p2b\n|-supereffective|p2a: Gourgeous\n|-resisted|p2b: Rory\n|-damage|p2a: Gourgeous|0 fnt\n|-damage|p2b: Rory|90\/100\n|faint|p2a: Gourgeous\n|move|p2b: Rory|Stone Edge|p1a: Vanilluxe\n|-supereffective|p1a: Vanilluxe\n|-damage|p1a: Vanilluxe|48\/100\n|move|p1b: Spiritomb|Trick Room|p1b: Spiritomb\n|-fieldstart|move: Trick Room|[of] p1b: Spiritomb\n|\n|-weather|Snow|[upkeep]\n|upkeep\n|\n|t:|1696438916\n|switch|p2a: Tickled Pink|Milotic, F|100\/100\n|turn|3\n|\n|t:|1696438937\n|move|p1b: Spiritomb|Ally Switch|p1b: Spiritomb\n|swap|p1b: Spiritomb|0|[from] move: Ally Switch\n|move|p2b: Rory|Stone Edge|p1b: Vanilluxe\n|-supereffective|p1b: Vanilluxe\n|-damage|p1b: Vanilluxe|0 fnt\n|faint|p1b: Vanilluxe\n|move|p2a: Tickled Pink|Flip Turn|p1a: Spiritomb\n|-damage|p1a: Spiritomb|86\/100\n|\n|t:|1696438950\n|switch|p2a: Danger Plate|Aegislash, M, shiny|100\/100|[from] Flip Turn\n|\n|-weather|Snow|[upkeep]\n|upkeep\n|\n|t:|1696438961\n|switch|p1b: Whiscash|Whiscash, F, shiny|100\/100\n|turn|4\n|\n|t:|1696438995\n|move|p1a: Spiritomb|Will-O-Wisp|p2a: Danger Plate\n|-status|p2a: Danger Plate|brn\n|move|p2b: Rory|Flash Cannon|p1a: Spiritomb\n|-crit|p1a: Spiritomb\n|-damage|p1a: Spiritomb|44\/100\n|-formechange|p2a: Danger Plate|Aegislash-Blade||[from] ability: Stance Change\n|move|p2a: Danger Plate|Shadow Ball|p1a: Spiritomb\n|-damage|p1a: Spiritomb|1\/100\n|move|p1b: Whiscash|Earthquake|p2a: Danger Plate|[spread] p1a,p2a,p2b\n|-supereffective|p2a: Danger Plate\n|-supereffective|p2b: Rory\n|-crit|p2b: Rory\n|-damage|p1a: Spiritomb|0 fnt\n|-damage|p2a: Danger Plate|42\/100 brn\n|-damage|p2b: Rory|52\/100\n|faint|p1a: Spiritomb\n|\n|-weather|Snow|[upkeep]\n|-damage|p2a: Danger Plate|36\/100 brn|[from] brn\n|upkeep\n|\n|t:|1696439032\n|switch|p1a: Avalugg|Avalugg, F, shiny|100\/100\n|turn|5\n|\n|t:|1696439077\n|move|p1a: Avalugg|Body Press|p2b: Rory\n|-supereffective|p2b: Rory\n|-damage|p2b: Rory|0 fnt\n|faint|p2b: Rory\n|move|p2a: Danger Plate|Flash Cannon|p1a: Avalugg\n|-supereffective|p1a: Avalugg\n|-ability|p1a: Avalugg|Sturdy\n|-damage|p1a: Avalugg|1\/100\n|-unboost|p1a: Avalugg|spd|1\n|move|p1b: Whiscash|Earthquake|p2a: Danger Plate|[spread] p1a,p2a\n|-supereffective|p2a: Danger Plate\n|-damage|p1a: Avalugg|0 fnt\n|-damage|p2a: Danger Plate|0 fnt\n|faint|p1a: Avalugg\n|faint|p2a: Danger Plate\n|\n|-weather|none\n|upkeep\n|\n|t:|1696439094\n|switch|p1a: Altaria|Altaria, F, shiny|100\/100\n|switch|p2b: Chesster|Kingambit, M|100\/100\n|switch|p2a: Tickled Pink|Milotic, F|100\/100\n|-activate|p2b: Chesster|ability: Supreme Overlord\n|-start|p2b: Chesster|fallen4|[silent]\n|-ability|p1a: Altaria|Cloud Nine\n|turn|6\n|\n|t:|1696439144\n|move|p2b: Chesster|Kowtow Cleave|p1b: Whiscash\n|-damage|p1b: Whiscash|34\/100\n|move|p1b: Whiscash|Earthquake|p2b: Chesster|[spread] p2a,p2b\n|-immune|p1a: Altaria\n|-crit|p2a: Tickled Pink\n|-supereffective|p2b: Chesster\n|-damage|p2a: Tickled Pink|77\/100\n|-damage|p2b: Chesster|75\/100\n|move|p2a: Tickled Pink|Scald|p1b: Whiscash\n|-crit|p1b: Whiscash\n|-damage|p1b: Whiscash|5\/100\n|move|p1a: Altaria|Perish Song|p1a: Altaria\n|-start|p1a: Altaria|perish3|[silent]\n|-start|p1b: Whiscash|perish3|[silent]\n|-start|p2a: Tickled Pink|perish3|[silent]\n|-start|p2b: Chesster|perish3|[silent]\n|-fieldactivate|move: Perish Song\n|\n|-heal|p1b: Whiscash|11\/100|[from] item: Leftovers\n|-start|p2b: Chesster|perish3\n|-start|p1b: Whiscash|perish3\n|-start|p2a: Tickled Pink|perish3\n|-start|p1a: Altaria|perish3\n|-fieldend|move: Trick Room\n|upkeep\n|turn|7\n|\n|t:|1696439176\n|move|p1b: Whiscash|Protect|p1b: Whiscash\n|-singleturn|p1b: Whiscash|Protect\n|move|p2b: Chesster|Sucker Punch||[still]\n|-fail|p2b: Chesster\n|move|p1a: Altaria|Roost||[still]\n|-fail|p1a: Altaria|heal\n|move|p2a: Tickled Pink|Recover|p2a: Tickled Pink\n|-heal|p2a: Tickled Pink|100\/100\n|\n|-heal|p1b: Whiscash|17\/100|[from] item: Leftovers\n|-start|p1a: Altaria|perish2\n|-start|p2a: Tickled Pink|perish2\n|-start|p1b: Whiscash|perish2\n|-start|p2b: Chesster|perish2\n|upkeep\n|turn|8\n|\n|t:|1696439203\n|move|p1b: Whiscash|Protect||[still]\n|-fail|p1b: Whiscash\n|move|p2b: Chesster|Sucker Punch||[still]\n|-fail|p2b: Chesster\n|move|p1a: Altaria|Roost||[still]\n|-fail|p1a: Altaria|heal\n|move|p2a: Tickled Pink|Scald|p1b: Whiscash\n|-damage|p1b: Whiscash|0 fnt\n|faint|p1b: Whiscash\n|\n|-start|p1a: Altaria|perish1\n|-start|p2a: Tickled Pink|perish1\n|-start|p2b: Chesster|perish1\n|upkeep\n|turn|9\n|\n|t:|1696439234\n|move|p1a: Altaria|Roost||[still]\n|-fail|p1a: Altaria|heal\n|move|p2a: Tickled Pink|Scald|p1a: Altaria\n|-resisted|p1a: Altaria\n|-damage|p1a: Altaria|85\/100\n|move|p2b: Chesster|Kowtow Cleave|p1a: Altaria\n|-crit|p1a: Altaria\n|-damage|p1a: Altaria|0 fnt\n|faint|p1a: Altaria\n|\n|win|Spooooky Gorl\n","uploadtime":1696439247,"views":10,"p1id":"randomusername129","p2id":"spooookygorl","formatid":"gen9nationaldexdoubles","rating":0,"private":0,"password":""}