{"id":"gen9nationaldexdoubles-1976779049","p1":"Sencopion","p2":"InkyGoBoo!","format":"[Gen 9] National Dex Doubles","log":"|j|\u2606Sencopion\n|j|\u2606InkyGoBoo!\n|t:|1698340682\n|gametype|doubles\n|player|p1|Sencopion|roxie|\n|player|p2|InkyGoBoo!|nemona-s|\n|teamsize|p1|6\n|teamsize|p2|6\n|gen|9\n|tier|[Gen 9] National Dex Doubles\n|rule|HP Percentage Mod: HP is shown in percentages\n|rule|Endless Battle Clause: Forcing endless battles is banned\n|rule|OHKO Clause: OHKO moves are banned\n|rule|Evasion Moves Clause: Evasion moves are banned\n|rule|Evasion Abilities Clause: Evasion abilities are banned\n|rule|Species Clause: Limit one of each Pok\u00e9mon\n|rule|Gravity Sleep Clause: The combination of sleep-inducing moves with imperfect accuracy and Gravity or Gigantamax Orbeetle are banned\n|clearpoke\n|poke|p1|Tapu Koko|\n|poke|p1|Sneasler, M|\n|poke|p1|Lopunny, M|\n|poke|p1|Landorus-Therian, M|\n|poke|p1|Iron Jugulis|\n|poke|p1|Gholdengo|\n|poke|p2|Tapu Koko|\n|poke|p2|Ampharos, M|\n|poke|p2|Raichu-Alola, M|\n|poke|p2|Iron Hands|\n|poke|p2|Iron Thorns|\n|poke|p2|Rotom-Heat|\n|teampreview\n|inactive|Battle timer is ON: inactive players will automatically lose when time's up. (requested by Sencopion)\n|c|\u2606Sencopion|Glhf!\n|inactive|Sencopion has 270 seconds left.\n|c|\u2606InkyGoBoo!|You too!\n|j| AhiruChan\n|\n|t:|1698340726\n|start\n|switch|p1a: Tapu Koko|Tapu Koko|100\/100\n|switch|p1b: Lopunny|Lopunny, M|100\/100\n|switch|p2a: Guardian Of W's|Tapu Koko, shiny|100\/100\n|switch|p2b: Beeg Boi|Iron Hands, shiny|100\/100\n|-fieldstart|move: Electric Terrain|[from] ability: Electric Surge|[of] p2a: Guardian Of W's\n|-activate|p2b: Beeg Boi|ability: Quark Drive\n|-start|p2b: Beeg Boi|quarkdriveatk\n|turn|1\n|\n|t:|1698340749\n|detailschange|p1b: Lopunny|Lopunny-Mega, M\n|-mega|p1b: Lopunny|Lopunny|Lopunnite\n|move|p1b: Lopunny|Fake Out|p2b: Beeg Boi\n|-damage|p2b: Beeg Boi|88\/100\n|cant|p2b: Beeg Boi|flinch\n|move|p2a: Guardian Of W's|Reflect|p2a: Guardian Of W's\n|-sidestart|p2: InkyGoBoo!|Reflect\n|move|p1a: Tapu Koko|Electroweb|p2b: Beeg Boi|[spread] p2a,p2b\n|-resisted|p2a: Guardian Of W's\n|-resisted|p2b: Beeg Boi\n|-damage|p2a: Guardian Of W's|87\/100\n|-damage|p2b: Beeg Boi|80\/100\n|-unboost|p2a: Guardian Of W's|spe|1\n|-unboost|p2b: Beeg Boi|spe|1\n|\n|-heal|p2b: Beeg Boi|86\/100|[from] item: Leftovers\n|upkeep\n|turn|2\n|\n|t:|1698340769\n|move|p1b: Lopunny|Protect|p1b: Lopunny\n|-singleturn|p1b: Lopunny|Protect\n|move|p1a: Tapu Koko|Taunt|p2a: Guardian Of W's\n|-start|p2a: Guardian Of W's|move: Taunt\n|move|p2a: Guardian Of W's|Dazzling Gleam|p1b: Lopunny|[spread] p1a\n|-activate|p1b: Lopunny|move: Protect\n|-damage|p1a: Tapu Koko|72\/100\n|move|p2b: Beeg Boi|Thunder Punch|p1b: Lopunny\n|-activate|p1b: Lopunny|move: Protect\n|\n|-heal|p2b: Beeg Boi|92\/100|[from] item: Leftovers\n|upkeep\n|turn|3\n|\n|t:|1698340790\n|switch|p1b: Landorus|Landorus-Therian, M|100\/100\n|-ability|p1b: Landorus|Intimidate|boost\n|-unboost|p2a: Guardian Of W's|atk|1\n|-unboost|p2b: Beeg Boi|atk|1\n|move|p1a: Tapu Koko|Nature's Madness|p2b: Beeg Boi\n|-damage|p2b: Beeg Boi|46\/100\n|move|p2a: Guardian Of W's|Dazzling Gleam|p1a: Tapu Koko|[spread] p1a,p1b\n|-damage|p1a: Tapu Koko|44\/100\n|-damage|p1b: Landorus|75\/100\n|move|p2b: Beeg Boi|Ice Punch|p1a: Tapu Koko\n|-damage|p1a: Tapu Koko|14\/100\n|-enditem|p1a: Tapu Koko|Wiki Berry|[eat]\n|-heal|p1a: Tapu Koko|47\/100|[from] item: Wiki Berry\n|\n|-heal|p2b: Beeg Boi|53\/100|[from] item: Leftovers\n|upkeep\n|turn|4\n|inactive|Sencopion has 270 seconds left.\n|\n|t:|1698340833\n|-end|p2b: Beeg Boi|Quark Drive|[silent]\n|switch|p2b: Vroooooom|Rotom-Heat, shiny|100\/100\n|move|p1a: Tapu Koko|Nature's Madness|p2b: Vroooooom\n|-damage|p2b: Vroooooom|51\/100\n|move|p2a: Guardian Of W's|Dazzling Gleam|p1b: Landorus|[spread] p1a,p1b\n|-damage|p1a: Tapu Koko|19\/100\n|-damage|p1b: Landorus|48\/100\n|-enditem|p1b: Landorus|Sitrus Berry|[eat]\n|-heal|p1b: Landorus|73\/100|[from] item: Sitrus Berry\n|move|p1b: Landorus|Stomping Tantrum|p2b: Vroooooom\n|-immune|p2b: Vroooooom|[from] ability: Levitate\n|\n|-end|p2a: Guardian Of W's|move: Taunt\n|upkeep\n|turn|5\n|inactive|Sencopion has 270 seconds left.\n|\n|t:|1698340853\n|move|p1a: Tapu Koko|Volt Switch|p2a: Guardian Of W's\n|-resisted|p2a: Guardian Of W's\n|-damage|p2a: Guardian Of W's|65\/100\n|inactive|Sencopion has 270 seconds left.\n|\n|t:|1698340862\n|switch|p1a: Sneasler|Sneasler, M|100\/100|[from] Volt Switch\n|-enditem|p1a: Sneasler|Electric Seed\n|-boost|p1a: Sneasler|def|1|[from] item: Electric Seed\n|move|p2b: Vroooooom|Overheat|p1b: Landorus\n|-damage|p1b: Landorus|0 fnt\n|-unboost|p2b: Vroooooom|spa|2\n|faint|p1b: Landorus\n|-damage|p2b: Vroooooom|41\/100|[from] item: Life Orb\n|move|p2a: Guardian Of W's|Dazzling Gleam|p1a: Sneasler\n|-damage|p1a: Sneasler|54\/100\n|\n|-fieldend|move: Electric Terrain\n|upkeep\n|inactive|Sencopion has 270 seconds left.\n|\n|t:|1698340877\n|switch|p1b: Lopunny|Lopunny-Mega, M|100\/100\n|turn|6\n|\n|t:|1698340890\n|switch|p2b: GODZILLAAAAA|Iron Thorns, shiny|100\/100\n|-item|p2b: GODZILLAAAAA|Air Balloon\n|move|p1b: Lopunny|Fake Out|p2b: GODZILLAAAAA\n|-resisted|p2b: GODZILLAAAAA\n|-damage|p2b: GODZILLAAAAA|95\/100\n|-enditem|p2b: GODZILLAAAAA|Air Balloon\n|move|p1a: Sneasler|Dire Claw|p2a: Guardian Of W's\n|-supereffective|p2a: Guardian Of W's\n|-damage|p2a: Guardian Of W's|0 fnt\n|faint|p2a: Guardian Of W's\n|\n|upkeep\n|\n|t:|1698340902\n|switch|p2a: Beeg Boi|Iron Hands, shiny|53\/100\n|turn|7\n|inactive|Sencopion has 270 seconds left.\n|inactive|InkyGoBoo! has 270 seconds left.\n|\n|t:|1698340949\n|-terastallize|p1a: Sneasler|Flying\n|move|p1b: Lopunny|Protect|p1b: Lopunny\n|-singleturn|p1b: Lopunny|Protect\n|move|p2a: Beeg Boi|Fake Out|p1a: Sneasler\n|-damage|p1a: Sneasler|35\/100\n|cant|p1a: Sneasler|flinch\n|move|p2b: GODZILLAAAAA|Wild Charge|p1b: Lopunny\n|-activate|p1b: Lopunny|move: Protect\n|\n|-heal|p2a: Beeg Boi|59\/100|[from] item: Leftovers\n|upkeep\n|turn|8\n|inactive|Sencopion has 270 seconds left.\n|\n|t:|1698340987\n|switch|p1b: Gholdengo|Gholdengo|100\/100\n|move|p1a: Sneasler|Acrobatics|p2a: Beeg Boi\n|-damage|p2a: Beeg Boi|32\/100\n|move|p2b: GODZILLAAAAA|Wild Charge|p1a: Sneasler\n|-supereffective|p1a: Sneasler\n|-damage|p1a: Sneasler|0 fnt\n|faint|p1a: Sneasler\n|-damage|p2b: GODZILLAAAAA|87\/100|[from] Recoil\n|move|p2a: Beeg Boi|Close Combat|p1b: Gholdengo\n|-immune|p1b: Gholdengo\n|\n|-heal|p2a: Beeg Boi|38\/100|[from] item: Leftovers\n|-sideend|p2: InkyGoBoo!|Reflect\n|upkeep\n|inactive|Sencopion has 240 seconds left.\n|\n|t:|1698341021\n|switch|p1a: Lopunny|Lopunny-Mega, M|100\/100\n|turn|9\n|inactive|Sencopion has 240 seconds left.\n|\n|t:|1698341035\n|move|p1a: Lopunny|Fake Out|p2a: Beeg Boi\n|-damage|p2a: Beeg Boi|24\/100\n|move|p1b: Gholdengo|Make It Rain|p2a: Beeg Boi|[spread] p2a,p2b\n|-resisted|p2a: Beeg Boi\n|-damage|p2a: Beeg Boi|0 fnt\n|-damage|p2b: GODZILLAAAAA|0 fnt\n|-unboost|p1b: Gholdengo|spa|1\n|faint|p2a: Beeg Boi\n|-end|p2a: Beeg Boi|Quark Drive|[silent]\n|faint|p2b: GODZILLAAAAA\n|-end|p2b: GODZILLAAAAA|Quark Drive|[silent]\n|\n|upkeep\n|\n|t:|1698341046\n|switch|p2b: ZAP!|Raichu-Alola, M, shiny|100\/100\n|switch|p2a: L'Or\u00e8al|Ampharos, M, shiny|100\/100\n|turn|10\n|\n|t:|1698341063\n|detailschange|p2a: L'Or\u00e8al|Ampharos-Mega, M, shiny\n|-mega|p2a: L'Or\u00e8al|Ampharos|Ampharosite\n|-ability|p2a: L'Or\u00e8al|Mold Breaker\n|move|p1a: Lopunny|Return|p2b: ZAP!\n|-damage|p2b: ZAP!|0 fnt\n|faint|p2b: ZAP!\n|move|p1b: Gholdengo|Make It Rain|p2a: L'Or\u00e8al\n|-resisted|p2a: L'Or\u00e8al\n|-damage|p2a: L'Or\u00e8al|70\/100\n|-unboost|p1b: Gholdengo|spa|1\n|move|p2a: L'Or\u00e8al|Thunderbolt|p1b: Gholdengo\n|-damage|p1b: Gholdengo|36\/100\n|\n|upkeep\n|\n|t:|1698341070\n|switch|p2b: Vroooooom|Rotom-Heat, shiny|41\/100\n|turn|11\n|inactive|Sencopion has 270 seconds left.\n|\n|t:|1698341094\n|switch|p1a: Tapu Koko|Tapu Koko|19\/100\n|-fieldstart|move: Electric Terrain|[from] ability: Electric Surge|[of] p1a: Tapu Koko\n|move|p2b: Vroooooom|Thunderbolt|p1a: Tapu Koko\n|-resisted|p1a: Tapu Koko\n|-damage|p1a: Tapu Koko|0 fnt\n|faint|p1a: Tapu Koko\n|-damage|p2b: Vroooooom|31\/100|[from] item: Life Orb\n|move|p1b: Gholdengo|Make It Rain|p2a: L'Or\u00e8al|[spread] p2a,p2b\n|-resisted|p2a: L'Or\u00e8al\n|-resisted|p2b: Vroooooom\n|-damage|p2a: L'Or\u00e8al|54\/100\n|-damage|p2b: Vroooooom|18\/100\n|-unboost|p1b: Gholdengo|spa|1\n|move|p2a: L'Or\u00e8al|Thunderbolt|p1b: Gholdengo\n|-crit|p1b: Gholdengo\n|-damage|p1b: Gholdengo|0 fnt\n|faint|p1b: Gholdengo\n|\n|upkeep\n|\n|t:|1698341102\n|switch|p1a: Iron Jugulis|Iron Jugulis|100\/100\n|switch|p1b: Lopunny|Lopunny-Mega, M|100\/100\n|-activate|p1a: Iron Jugulis|ability: Quark Drive\n|-start|p1a: Iron Jugulis|quarkdrivespa\n|turn|12\n|c| AhiruChan|Gholdengo do be bs in the meta\n|inactive|Sencopion has 270 seconds left.\n|c|\u2606InkyGoBoo!|I think I lose... GG!\n|inactive|Sencopion has 240 seconds left.\n|\n|t:|1698341151\n|-terastallize|p2b: Vroooooom|Electric\n|move|p1b: Lopunny|Fake Out|p2b: Vroooooom\n|-damage|p2b: Vroooooom|0 fnt\n|faint|p2b: Vroooooom\n|move|p1a: Iron Jugulis|Dark Pulse|p2a: L'Or\u00e8al\n|-damage|p2a: L'Or\u00e8al|11\/100\n|move|p2a: L'Or\u00e8al|Thunderbolt|p1a: Iron Jugulis\n|-supereffective|p1a: Iron Jugulis\n|-damage|p1a: Iron Jugulis|0 fnt\n|faint|p1a: Iron Jugulis\n|-end|p1a: Iron Jugulis|Quark Drive|[silent]\n|\n|upkeep\n|turn|13\n|\n|t:|1698341162\n|move|p1b: Lopunny|Return|p2a: L'Or\u00e8al\n|-damage|p2a: L'Or\u00e8al|0 fnt\n|faint|p2a: L'Or\u00e8al\n|\n|win|Sencopion\n|c|\u2606Sencopion|gg wp\n|c|\u2606InkyGoBoo!|Gg, thanks for the match!\n|c| AhiruChan|Gg both!\n|c|\u2606Sencopion|Same to you!\n|c|\u2606InkyGoBoo!|I knew I was gonna lose the second you challenged ^^'\n|l| AhiruChan\n|l|\u2606Sencopion\n|j|\u2606Sencopion\n|player|p1|Sencopion|roxie\n","uploadtime":1698341222,"views":12,"p1id":"sencopion","p2id":"inkygoboo","formatid":"gen9nationaldexdoubles","rating":0,"private":0,"password":""}