{"id":"gen9nationaldexdoubles-1997969284","p1":"py123456","p2":"fightmeeee","format":"[Gen 9] National Dex Doubles","log":"|j|\u2606py123456\n|j|\u2606fightmeeee\n|t:|1700873508\n|gametype|doubles\n|player|p1|py123456|steven|1091\n|player|p2|fightmeeee|265|1000\n|teamsize|p1|6\n|teamsize|p2|6\n|gen|9\n|tier|[Gen 9] National Dex Doubles\n|rated|\n|rule|HP Percentage Mod: HP is shown in percentages\n|rule|Endless Battle Clause: Forcing endless battles is banned\n|rule|OHKO Clause: OHKO moves are banned\n|rule|Evasion Moves Clause: Evasion moves are banned\n|rule|Evasion Abilities Clause: Evasion abilities are banned\n|rule|Species Clause: Limit one of each Pok\u00e9mon\n|rule|Gravity Sleep Clause: The combination of sleep-inducing moves with imperfect accuracy and Gravity or Gigantamax Orbeetle are banned\n|clearpoke\n|poke|p1|Torkoal, F|\n|poke|p1|Flutter Mane|\n|poke|p1|Tornadus, M|\n|poke|p1|Great Tusk|\n|poke|p1|Landorus-Therian, M|\n|poke|p1|Lilligant-Hisui, F|\n|poke|p2|Whimsicott, M|\n|poke|p2|Ninjask, F|\n|poke|p2|Dragonite, F|\n|poke|p2|Heatran, F|\n|poke|p2|Gliscor, M|\n|poke|p2|Tentacruel, F|\n|teampreview\n|inactive|Battle timer is ON: inactive players will automatically lose when time's up. (requested by py123456)\n|\n|t:|1700873524\n|start\n|switch|p1a: Lilligant|Lilligant-Hisui, F|100\/100\n|switch|p1b: Torkoal|Torkoal, F|100\/100\n|switch|p2a: Tentacruel|Tentacruel, F|100\/100\n|switch|p2b: Whimsicott|Whimsicott, M|100\/100\n|-weather|SunnyDay|[from] ability: Drought|[of] p1b: Torkoal\n|turn|1\n|\n|t:|1700873545\n|move|p2b: Whimsicott|Leech Seed|p1a: Lilligant\n|-immune|p1a: Lilligant\n|move|p1a: Lilligant|After You|p1b: Torkoal\n|-activate|p1b: Torkoal|move: After You\n|move|p1b: Torkoal|Eruption|p2a: Tentacruel|[spread] p2a,p2b\n|-resisted|p2a: Tentacruel\n|-supereffective|p2b: Whimsicott\n|-damage|p2a: Tentacruel|65\/100\n|-damage|p2b: Whimsicott|0 fnt\n|faint|p2b: Whimsicott\n|move|p2a: Tentacruel|Toxic|p1b: Torkoal\n|-status|p1b: Torkoal|tox\n|\n|-weather|SunnyDay|[upkeep]\n|-heal|p2a: Tentacruel|71\/100|[from] item: Black Sludge\n|-damage|p1b: Torkoal|94\/100 tox|[from] psn\n|upkeep\n|\n|t:|1700873559\n|switch|p2b: Heatran|Heatran, F|100\/100\n|turn|2\n|\n|t:|1700873570\n|move|p2b: Heatran|Protect|p2b: Heatran\n|-singleturn|p2b: Heatran|Protect\n|move|p1a: Lilligant|Swords Dance|p1a: Lilligant\n|-boost|p1a: Lilligant|atk|2\n|move|p2a: Tentacruel|Toxic|p1a: Lilligant\n|-status|p1a: Lilligant|tox\n|move|p1b: Torkoal|Solar Beam||[still]\n|-prepare|p1b: Torkoal|Solar Beam\n|-anim|p1b: Torkoal|Solar Beam|p2a: Tentacruel\n|-damage|p2a: Tentacruel|43\/100\n|\n|-weather|SunnyDay|[upkeep]\n|-heal|p2a: Tentacruel|49\/100|[from] item: Black Sludge\n|-damage|p1a: Lilligant|94\/100 tox|[from] psn\n|-damage|p1b: Torkoal|82\/100 tox|[from] psn\n|upkeep\n|turn|3\n|\n|t:|1700873592\n|move|p1a: Lilligant|Swords Dance|p1a: Lilligant\n|-boost|p1a: Lilligant|atk|2\n|move|p2b: Heatran|Substitute|p2b: Heatran\n|-start|p2b: Heatran|Substitute\n|-damage|p2b: Heatran|75\/100\n|move|p2a: Tentacruel|Rapid Spin|p1a: Lilligant\n|-damage|p1a: Lilligant|83\/100 tox\n|-boost|p2a: Tentacruel|spe|1\n|move|p1b: Torkoal|Earth Power|p2b: Heatran\n|-supereffective|p2b: Heatran\n|-end|p2b: Heatran|Substitute\n|\n|-weather|SunnyDay|[upkeep]\n|-heal|p2a: Tentacruel|55\/100|[from] item: Black Sludge\n|-heal|p2b: Heatran|82\/100|[from] item: Leftovers\n|-damage|p1a: Lilligant|71\/100 tox|[from] psn\n|-damage|p1b: Torkoal|64\/100 tox|[from] psn\n|upkeep\n|turn|4\n|\n|t:|1700873613\n|move|p2b: Heatran|Protect|p2b: Heatran\n|-singleturn|p2b: Heatran|Protect\n|move|p1a: Lilligant|Swords Dance|p1a: Lilligant\n|-boost|p1a: Lilligant|atk|2\n|move|p2a: Tentacruel|Rapid Spin|p1a: Lilligant\n|-damage|p1a: Lilligant|59\/100 tox\n|-boost|p2a: Tentacruel|spe|1\n|move|p1b: Torkoal|Solar Beam||[still]\n|-prepare|p1b: Torkoal|Solar Beam\n|-anim|p1b: Torkoal|Solar Beam|p2a: Tentacruel\n|-damage|p2a: Tentacruel|25\/100\n|\n|-weather|SunnyDay|[upkeep]\n|-heal|p2a: Tentacruel|31\/100|[from] item: Black Sludge\n|-heal|p2b: Heatran|88\/100|[from] item: Leftovers\n|-damage|p1a: Lilligant|41\/100 tox|[from] psn\n|-damage|p1b: Torkoal|39\/100 tox|[from] psn\n|upkeep\n|turn|5\n|\n|t:|1700873643\n|move|p1a: Lilligant|Close Combat|p2b: Heatran\n|-supereffective|p2b: Heatran\n|-damage|p2b: Heatran|0 fnt\n|-unboost|p1a: Lilligant|def|1\n|-unboost|p1a: Lilligant|spd|1\n|faint|p2b: Heatran\n|move|p2a: Tentacruel|Scald|p1b: Torkoal\n|-supereffective|p1b: Torkoal\n|-damage|p1b: Torkoal|11\/100 tox\n|move|p1b: Torkoal|Earth Power|p2a: Tentacruel\n|-supereffective|p2a: Tentacruel\n|-damage|p2a: Tentacruel|0 fnt\n|faint|p2a: Tentacruel\n|\n|-weather|none\n|-damage|p1a: Lilligant|17\/100 tox|[from] psn\n|-damage|p1b: Torkoal|0 fnt|[from] psn\n|faint|p1b: Torkoal\n|upkeep\n|\n|t:|1700873666\n|switch|p2b: Dragonite|Dragonite, F|100\/100\n|switch|p2a: Gliscor|Gliscor, M|100\/100\n|switch|p1b: Tornadus|Tornadus, M|100\/100\n|turn|6\n|\n|t:|1700873682\n|move|p1b: Tornadus|Tailwind|p1b: Tornadus\n|-sidestart|p1: py123456|move: Tailwind\n|move|p1a: Lilligant|Close Combat|p2b: Dragonite\n|-resisted|p2b: Dragonite\n|-damage|p2b: Dragonite|55\/100\n|-unboost|p1a: Lilligant|def|1\n|-unboost|p1a: Lilligant|spd|1\n|move|p2a: Gliscor|Toxic|p1b: Tornadus\n|-status|p1b: Tornadus|tox\n|move|p2b: Dragonite|Dragon Tail|p1a: Lilligant\n|-damage|p1a: Lilligant|0 fnt\n|faint|p1a: Lilligant\n|\n|-heal|p2b: Dragonite|61\/100|[from] item: Leftovers\n|-damage|p1b: Tornadus|94\/100 tox|[from] psn\n|-status|p2a: Gliscor|tox|[from] item: Toxic Orb\n|upkeep\n|\n|t:|1700873702\n|switch|p1a: Flutter Mane|Flutter Mane|100\/100\n|turn|7\n|\n|t:|1700873725\n|move|p1b: Tornadus|Taunt|p2a: Gliscor\n|-start|p2a: Gliscor|move: Taunt\n|move|p1a: Flutter Mane|Dazzling Gleam|p2b: Dragonite|[spread] p2a,p2b\n|-supereffective|p2b: Dragonite\n|-damage|p2a: Gliscor|40\/100 tox\n|-damage|p2b: Dragonite|0 fnt\n|faint|p2b: Dragonite\n|move|p2a: Gliscor|Earthquake|p1a: Flutter Mane|[spread] p1a\n|-immune|p1b: Tornadus\n|-damage|p1a: Flutter Mane|43\/100\n|\n|-damage|p1b: Tornadus|82\/100 tox|[from] psn\n|-heal|p2a: Gliscor|52\/100 tox|[from] ability: Poison Heal\n|upkeep\n|\n|t:|1700873739\n|switch|p2b: Ninjask|Ninjask, F|100\/100\n|turn|8\n|\n|t:|1700873749\n|-terastallize|p1a: Flutter Mane|Fairy\n|move|p1b: Tornadus|Sunny Day|p1b: Tornadus\n|-weather|SunnyDay\n|-activate|p1a: Flutter Mane|ability: Protosynthesis\n|-start|p1a: Flutter Mane|protosynthesisspe\n|move|p1a: Flutter Mane|Dazzling Gleam|p2b: Ninjask|[spread] p2a,p2b\n|-damage|p2a: Gliscor|0 fnt\n|-damage|p2b: Ninjask|0 fnt\n|faint|p2a: Gliscor\n|faint|p2b: Ninjask\n|\n|win|py123456\n|raw|py123456's rating: 1091 &rarr; <strong>1111<\/strong><br \/>(+20 for winning)\n|raw|fightmeeee's rating: 1000 &rarr; <strong>1000<\/strong><br \/>(+0 for losing)\n","uploadtime":1700873761,"views":0,"p1id":"py123456","p2id":"fightmeeee","formatid":"gen9nationaldexdoubles","rating":1000,"private":0,"password":""}