{"id":"gen9nationaldexdoubles-1990604560","p1":"Evil_nDeVrZ","p2":"Theadonia","format":"[Gen 9] National Dex Doubles","log":"|j|\u2606Evil_nDeVrZ\n|j|\u2606Theadonia\n|t:|1699985065\n|gametype|doubles\n|player|p1|Evil_nDeVrZ|alder|1045\n|player|p2|Theadonia|roxie|1026\n|teamsize|p1|2\n|teamsize|p2|6\n|gen|9\n|tier|[Gen 9] National Dex Doubles\n|rated|\n|rule|HP Percentage Mod: HP is shown in percentages\n|rule|Endless Battle Clause: Forcing endless battles is banned\n|rule|OHKO Clause: OHKO moves are banned\n|rule|Evasion Moves Clause: Evasion moves are banned\n|rule|Evasion Abilities Clause: Evasion abilities are banned\n|rule|Species Clause: Limit one of each Pok\u00e9mon\n|rule|Gravity Sleep Clause: The combination of sleep-inducing moves with imperfect accuracy and Gravity or Gigantamax Orbeetle are banned\n|clearpoke\n|poke|p1|Audino, F|\n|poke|p1|Eevee, M|\n|poke|p2|Lapras, M|\n|poke|p2|Golduck, F|\n|poke|p2|Gastrodon, M|\n|poke|p2|Castform, M|\n|poke|p2|Politoed, M|\n|poke|p2|Poliwrath, F|\n|teampreview\n|inactive|Battle timer is ON: inactive players will automatically lose when time's up. (requested by Evil_nDeVrZ)\n|\n|t:|1699985075\n|start\n|switch|p1a: Barbie|Audino, F|100\/100\n|switch|p1b: Oppenheimer|Eevee, M, shiny|100\/100\n|switch|p2a: Gastrodon|Gastrodon, M|100\/100\n|switch|p2b: Golduck|Golduck, F|100\/100\n|-ability|p2b: Golduck|Cloud Nine\n|turn|1\n|inactive|Evil_nDeVrZ has 120 seconds left.\n|\n|t:|1699985125\n|detailschange|p1a: Barbie|Audino-Mega, F\n|-mega|p1a: Barbie|Audino|Audinite\n|-terastallize|p2a: Gastrodon|Poison\n|move|p2b: Golduck|Simple Beam|p2a: Gastrodon\n|-endability|p2a: Gastrodon|Storm Drain|[from] move: Simple Beam\n|-ability|p2a: Gastrodon|Simple|[from] move: Simple Beam\n|move|p1a: Barbie|Simple Beam|p1b: Oppenheimer\n|-endability|p1b: Oppenheimer|Adaptability|[from] move: Simple Beam\n|-ability|p1b: Oppenheimer|Simple|[from] move: Simple Beam\n|-zpower|p1b: Oppenheimer\n|move|p1b: Oppenheimer|Extreme Evoboost|p1b: Oppenheimer\n|-boost|p1b: Oppenheimer|atk|4\n|-boost|p1b: Oppenheimer|def|4\n|-boost|p1b: Oppenheimer|spa|4\n|-boost|p1b: Oppenheimer|spd|4\n|-boost|p1b: Oppenheimer|spe|4\n|move|p2a: Gastrodon|Stockpile|p2a: Gastrodon\n|-start|p2a: Gastrodon|stockpile1\n|-boost|p2a: Gastrodon|def|2\n|-boost|p2a: Gastrodon|spd|2\n|\n|upkeep\n|turn|2\n|inactive|Evil_nDeVrZ has 120 seconds left.\n|\n|t:|1699985153\n|move|p1b: Oppenheimer|Stored Power|p2a: Gastrodon\n|-supereffective|p2a: Gastrodon\n|-damage|p2a: Gastrodon|0 fnt\n|faint|p2a: Gastrodon\n|move|p2b: Golduck|Chilling Water|p1b: Oppenheimer\n|-damage|p1b: Oppenheimer|91\/100\n|-unboost|p1b: Oppenheimer|atk|2\n|move|p1a: Barbie|Psych Up|p1b: Oppenheimer\n|-copyboost|p1a: Barbie|p1b: Oppenheimer|[from] move: Psych Up\n|\n|upkeep\n|inactive|Theadonia has 120 seconds left.\n|\n|t:|1699985164\n|switch|p2a: Poliwrath|Poliwrath, F|100\/100\n|turn|3\n|\n|t:|1699985170\n|switch|p2a: Castform|Castform, M, shiny|100\/100\n|move|p1a: Barbie|Dazzling Gleam|p2a: Castform|[spread] p2a,p2b\n|-damage|p2a: Castform|15\/100\n|-damage|p2b: Golduck|20\/100\n|-enditem|p2b: Golduck|Aguav Berry|[eat]\n|-heal|p2b: Golduck|54\/100|[from] item: Aguav Berry\n|move|p1b: Oppenheimer|Stored Power|p2b: Golduck\n|-damage|p2b: Golduck|0 fnt\n|faint|p2b: Golduck\n|\n|upkeep\n|\n|t:|1699985188\n|switch|p2b: Poliwrath|Poliwrath, F|100\/100\n|turn|4\n|\n|t:|1699985206\n|switch|p2b: Politoed|Politoed, M|100\/100\n|-weather|RainDance|[from] ability: Drizzle|[of] p2b: Politoed\n|-formechange|p2a: Castform|Castform-Rainy|[msg]|[from] ability: Forecast\n|move|p1a: Barbie|Dazzling Gleam|p2b: Politoed|[spread] p2a,p2b\n|-damage|p2a: Castform|0 fnt\n|-damage|p2b: Politoed|52\/100\n|faint|p2a: Castform\n|move|p1b: Oppenheimer|Hyper Voice|p2b: Politoed\n|-damage|p2b: Politoed|1\/100\n|\n|-weather|RainDance|[upkeep]\n|upkeep\n|\n|t:|1699985210\n|switch|p2a: Poliwrath|Poliwrath, F|100\/100\n|turn|5\n|\n|t:|1699985221\n|move|p2a: Poliwrath|Drain Punch|p1b: Oppenheimer\n|-supereffective|p1b: Oppenheimer\n|-damage|p1b: Oppenheimer|54\/100\n|move|p1a: Barbie|Dazzling Gleam|p2a: Poliwrath|[spread] p2a,p2b\n|-supereffective|p2a: Poliwrath\n|-damage|p2a: Poliwrath|0 fnt\n|-damage|p2b: Politoed|0 fnt\n|faint|p2a: Poliwrath\n|faint|p2b: Politoed\n|move|p1b: Oppenheimer|Stored Power|p2: Poliwrath|[notarget]\n|-fail|p1b: Oppenheimer\n|\n|-weather|RainDance|[upkeep]\n|upkeep\n|\n|t:|1699985226\n|switch|p2a: Lapras|Lapras, M|100\/100\n|turn|6\n|-message|Theadonia forfeited.\n|\n|win|Evil_nDeVrZ\n|raw|Evil_nDeVrZ's rating: 1045 &rarr; <strong>1076<\/strong><br \/>(+31 for winning)\n|raw|Theadonia's rating: 1026 &rarr; <strong>1013<\/strong><br \/>(-13 for losing)\n|l|\u2606Theadonia\n","uploadtime":1699985233,"views":5,"p1id":"evilndevrz","p2id":"theadonia","formatid":"gen9nationaldexdoubles","rating":1013,"private":0,"password":""}