{"id":"gen9nationaldexdoubles-1956899053","p1":"djalove62","p2":"Theadonia","format":"[Gen 9] National Dex Doubles","log":"|j|\u2606djalove62\n|j|\u2606Theadonia\n|t:|1696167667\n|gametype|doubles\n|player|p1|djalove62|caitlin|1104\n|player|p2|Theadonia|caitlin|1115\n|teamsize|p1|6\n|teamsize|p2|6\n|gen|9\n|tier|[Gen 9] National Dex Doubles\n|rated|\n|rule|HP Percentage Mod: HP is shown in percentages\n|rule|Endless Battle Clause: Forcing endless battles is banned\n|rule|OHKO Clause: OHKO moves are banned\n|rule|Evasion Moves Clause: Evasion moves are banned\n|rule|Evasion Abilities Clause: Evasion abilities are banned\n|rule|Species Clause: Limit one of each Pok\u00e9mon\n|rule|Gravity Sleep Clause: The combination of sleep-inducing moves with imperfect accuracy and Gravity or Gigantamax Orbeetle are banned\n|clearpoke\n|poke|p1|Volcarona, M|\n|poke|p1|Oricorio-Sensu, F|\n|poke|p1|Liepard, F|\n|poke|p1|Garchomp, M|\n|poke|p1|Maushold|\n|poke|p1|Lilligant, F|\n|poke|p2|Delphox, F|\n|poke|p2|Oricorio-Sensu, F|\n|poke|p2|Kommo-o, F|\n|poke|p2|Riolu, F|\n|poke|p2|Cresselia, F|\n|poke|p2|Trevenant, M|\n|teampreview\n|c|\u2606djalove62|oh x)\n|\n|t:|1696167683\n|start\n|switch|p1a: Volcarona|Volcarona, M|100\/100\n|switch|p1b: Oricorio|Oricorio-Sensu, F|100\/100\n|switch|p2a: Oricorio|Oricorio-Sensu, F, shiny|100\/100\n|switch|p2b: Trevenant|Trevenant, M|100\/100\n|-item|p1a: Volcarona|Leftovers|[from] ability: Frisk|[of] p2b: Trevenant|[identify]\n|-item|p1b: Oricorio|Focus Sash|[from] ability: Frisk|[of] p2b: Trevenant|[identify]\n|turn|1\n|c|\u2606Theadonia|This oughta be fun hahaha\n|\n|t:|1696167698\n|move|p1a: Volcarona|Quiver Dance|p1a: Volcarona\n|-boost|p1a: Volcarona|spa|1\n|-boost|p1a: Volcarona|spd|1\n|-boost|p1a: Volcarona|spe|1\n|-activate|p2a: Oricorio|ability: Dancer\n|move|p2a: Oricorio|Quiver Dance|p2a: Oricorio|[from]ability: Dancer\n|-boost|p2a: Oricorio|spa|1\n|-boost|p2a: Oricorio|spd|1\n|-boost|p2a: Oricorio|spe|1\n|-activate|p1b: Oricorio|ability: Dancer\n|move|p1b: Oricorio|Quiver Dance|p1b: Oricorio|[from]ability: Dancer\n|-boost|p1b: Oricorio|spa|1\n|-boost|p1b: Oricorio|spd|1\n|-boost|p1b: Oricorio|spe|1\n|move|p1b: Oricorio|Quiver Dance|p1b: Oricorio\n|-boost|p1b: Oricorio|spa|1\n|-boost|p1b: Oricorio|spd|1\n|-boost|p1b: Oricorio|spe|1\n|-activate|p2a: Oricorio|ability: Dancer\n|move|p2a: Oricorio|Quiver Dance|p2a: Oricorio|[from]ability: Dancer\n|-boost|p2a: Oricorio|spa|1\n|-boost|p2a: Oricorio|spd|1\n|-boost|p2a: Oricorio|spe|1\n|move|p2a: Oricorio|Quiver Dance|p2a: Oricorio\n|-boost|p2a: Oricorio|spa|1\n|-boost|p2a: Oricorio|spd|1\n|-boost|p2a: Oricorio|spe|1\n|-activate|p1b: Oricorio|ability: Dancer\n|move|p1b: Oricorio|Quiver Dance|p1b: Oricorio|[from]ability: Dancer\n|-boost|p1b: Oricorio|spa|1\n|-boost|p1b: Oricorio|spd|1\n|-boost|p1b: Oricorio|spe|1\n|move|p2b: Trevenant|Skill Swap|p1b: Oricorio\n|-activate|p2b: Trevenant|move: Skill Swap|Dancer|Frisk|[of] p1b: Oricorio\n|-item|p2a: Oricorio|Aguav Berry|[from] ability: Frisk|[of] p1b: Oricorio|[identify]\n|-item|p2b: Trevenant|Leftovers|[from] ability: Frisk|[of] p1b: Oricorio|[identify]\n|\n|upkeep\n|turn|2\n|c|\u2606djalove62|xDDD\n|\n|t:|1696167737\n|-terastallize|p2a: Oricorio|Fairy\n|move|p2b: Trevenant|Sucker Punch|p1b: Oricorio\n|-supereffective|p1b: Oricorio\n|-damage|p1b: Oricorio|49\/100\n|move|p1b: Oricorio|Revelation Dance|p2a: Oricorio\n|-damage|p2a: Oricorio|54\/100\n|-activate|p2b: Trevenant|ability: Dancer\n|move|p2b: Trevenant|Revelation Dance|p1b: Oricorio|[from]ability: Dancer\n|-supereffective|p1b: Oricorio\n|-damage|p1b: Oricorio|18\/100\n|-activate|p2a: Oricorio|ability: Dancer\n|move|p2a: Oricorio|Revelation Dance|p1b: Oricorio|[from]ability: Dancer\n|-damage|p1b: Oricorio|0 fnt\n|faint|p1b: Oricorio\n|move|p2a: Oricorio|Quiver Dance|p2a: Oricorio\n|-boost|p2a: Oricorio|spa|1\n|-boost|p2a: Oricorio|spd|1\n|-boost|p2a: Oricorio|spe|1\n|-activate|p2b: Trevenant|ability: Dancer\n|move|p2b: Trevenant|Quiver Dance|p2b: Trevenant|[from]ability: Dancer\n|-boost|p2b: Trevenant|spa|1\n|-boost|p2b: Trevenant|spd|1\n|-boost|p2b: Trevenant|spe|1\n|move|p1a: Volcarona|Fiery Dance|p2b: Trevenant\n|-supereffective|p2b: Trevenant\n|-damage|p2b: Trevenant|40\/100\n|-activate|p2b: Trevenant|ability: Dancer\n|move|p2b: Trevenant|Fiery Dance|p1a: Volcarona|[from]ability: Dancer\n|-damage|p1a: Volcarona|86\/100\n|-boost|p2b: Trevenant|spa|1\n|-activate|p2a: Oricorio|ability: Dancer\n|move|p2a: Oricorio|Fiery Dance|p1a: Volcarona|[from]ability: Dancer\n|-damage|p1a: Volcarona|46\/100\n|-boost|p2a: Oricorio|spa|1\n|\n|-heal|p1a: Volcarona|52\/100|[from] item: Leftovers\n|-heal|p2b: Trevenant|46\/100|[from] item: Leftovers\n|upkeep\n|\n|t:|1696167780\n|switch|p1b: Liepard|Liepard, F|100\/100\n|turn|3\n|\n|t:|1696167791\n|move|p1b: Liepard|Fake Out|p2a: Oricorio\n|-damage|p2a: Oricorio|43\/100\n|move|p2b: Trevenant|Sucker Punch|p1a: Volcarona\n|-damage|p1a: Volcarona|23\/100\n|cant|p2a: Oricorio|flinch\n|move|p1a: Volcarona|Fiery Dance|p2b: Trevenant\n|-supereffective|p2b: Trevenant\n|-crit|p2b: Trevenant\n|-damage|p2b: Trevenant|0 fnt\n|-boost|p1a: Volcarona|spa|1\n|faint|p2b: Trevenant\n|-activate|p2a: Oricorio|ability: Dancer\n|cant|p2a: Oricorio|flinch\n|\n|-heal|p1a: Volcarona|29\/100|[from] item: Leftovers\n|upkeep\n|\n|t:|1696167799\n|switch|p2b: Riolu|Riolu, F|100\/100\n|turn|4\n|\n|t:|1696167814\n|move|p2b: Riolu|Copycat|p2b: Riolu\n|move|p2b: Riolu|Sucker Punch|p1b: Liepard|[from]move: Copycat\n|-hint|Since gen 7, Dark is immune to Prankster moves.\n|-immune|p1b: Liepard\n|move|p2a: Oricorio|Revelation Dance|p1b: Liepard\n|-supereffective|p1b: Liepard\n|-enditem|p1b: Liepard|Focus Sash\n|-damage|p1b: Liepard|1\/100\n|move|p1b: Liepard|Knock Off|p2a: Oricorio\n|-resisted|p2a: Oricorio\n|-damage|p2a: Oricorio|25\/100\n|-enditem|p2a: Oricorio|Aguav Berry|[from] move: Knock Off|[of] p1b: Liepard\n|move|p1a: Volcarona|Fiery Dance|p2b: Riolu\n|-damage|p2b: Riolu|0 fnt\n|faint|p2b: Riolu\n|-activate|p2a: Oricorio|ability: Dancer\n|move|p2a: Oricorio|Fiery Dance|p1a: Volcarona|[from]ability: Dancer\n|-damage|p1a: Volcarona|0 fnt\n|-boost|p2a: Oricorio|spa|1\n|faint|p1a: Volcarona\n|\n|upkeep\n|c|\u2606Theadonia|Poor riolu \ud83d\ude2d\n|\n|t:|1696167840\n|switch|p1a: Maushold|Maushold|100\/100\n|switch|p2b: Kommo-o|Kommo-o, F, shiny|100\/100\n|turn|5\n|\n|t:|1696167869\n|move|p1b: Liepard|Grass Knot|p2a: Oricorio\n|-damage|p2a: Oricorio|23\/100\n|move|p2a: Oricorio|Roost|p2a: Oricorio\n|-heal|p2a: Oricorio|73\/100\n|move|p1a: Maushold|Play Rough|p2b: Kommo-o\n|-supereffective|p2b: Kommo-o\n|-damage|p2b: Kommo-o|14\/100\n|-zpower|p2b: Kommo-o\n|move|p2b: Kommo-o|Clangorous Soulblaze|p1a: Maushold|[zeffect]|[spread] p1a,p1b\n|-damage|p1a: Maushold|33\/100\n|-damage|p1b: Liepard|0 fnt\n|faint|p1b: Liepard\n|-boost|p2b: Kommo-o|atk|1\n|-boost|p2b: Kommo-o|def|1\n|-boost|p2b: Kommo-o|spa|1\n|-boost|p2b: Kommo-o|spd|1\n|-boost|p2b: Kommo-o|spe|1\n|\n|upkeep\n|-message|djalove62 forfeited.\n|\n|win|Theadonia\n|raw|djalove62's rating: 1104 &rarr; <strong>1080<\/strong><br \/>(-24 for losing)\n|raw|Theadonia's rating: 1115 &rarr; <strong>1139<\/strong><br \/>(+24 for winning)\n|l|\u2606djalove62\n","uploadtime":1696167889,"views":7,"p1id":"djalove62","p2id":"theadonia","formatid":"gen9nationaldexdoubles","rating":1080,"private":0,"password":""}