{"id":"gen9nationaldexdoubles-1992086063","p1":"kitsu-aria","p2":"Pancake Tuesday","format":"[Gen 9] National Dex Doubles","log":"|j|\u2606kitsu-aria\n|j|\u2606Pancake Tuesday\n|t:|1700153893\n|gametype|doubles\n|player|p1|kitsu-aria|roxie|1597\n|player|p2|Pancake Tuesday|pokemaniac|1417\n|teamsize|p1|6\n|teamsize|p2|6\n|gen|9\n|tier|[Gen 9] National Dex Doubles\n|rated|\n|rule|HP Percentage Mod: HP is shown in percentages\n|rule|Endless Battle Clause: Forcing endless battles is banned\n|rule|OHKO Clause: OHKO moves are banned\n|rule|Evasion Moves Clause: Evasion moves are banned\n|rule|Evasion Abilities Clause: Evasion abilities are banned\n|rule|Species Clause: Limit one of each Pok\u00e9mon\n|rule|Gravity Sleep Clause: The combination of sleep-inducing moves with imperfect accuracy and Gravity or Gigantamax Orbeetle are banned\n|clearpoke\n|poke|p1|Grimmsnarl, M|\n|poke|p1|Excadrill, M|\n|poke|p1|Dracovish|\n|poke|p1|Tyranitar, M|\n|poke|p1|Glimmora, M|\n|poke|p1|Marshadow|\n|poke|p2|Ninetales-Alola, M|\n|poke|p2|Latias, F|\n|poke|p2|Volcanion|\n|poke|p2|Kyurem-Black|\n|poke|p2|Whimsicott, M|\n|poke|p2|Zamazenta-*|\n|teampreview\n|c|\u2606Pancake Tuesday|glhf\n|\n|t:|1700153914\n|start\n|switch|p1a: Grimmsnarl|Grimmsnarl, M|100\/100\n|switch|p1b: Glimmora|Glimmora, M|100\/100\n|switch|p2a: Zamazenta|Zamazenta|100\/100\n|switch|p2b: Volcanion|Volcanion|100\/100\n|-ability|p2a: Zamazenta|Dauntless Shield|boost\n|-boost|p2a: Zamazenta|def|1\n|turn|1\n|\n|t:|1700153924\n|move|p1a: Grimmsnarl|Parting Shot|p2b: Volcanion\n|-unboost|p2b: Volcanion|atk|1\n|-unboost|p2b: Volcanion|spa|1\n|\n|t:|1700153927\n|switch|p1a: Tyranitar|Tyranitar, M|100\/100|[from] Parting Shot\n|-weather|Sandstorm|[from] ability: Sand Stream|[of] p1a: Tyranitar\n|move|p2a: Zamazenta|Body Press|p1a: Tyranitar\n|-supereffective|p1a: Tyranitar\n|-damage|p1a: Tyranitar|0 fnt\n|faint|p1a: Tyranitar\n|move|p1b: Glimmora|Mortal Spin|p2b: Volcanion|[spread] p2a,p2b\n|-damage|p2a: Zamazenta|98\/100\n|-damage|p2b: Volcanion|97\/100\n|-status|p2a: Zamazenta|psn\n|-status|p2b: Volcanion|psn\n|move|p2b: Volcanion|Substitute|p2b: Volcanion\n|-start|p2b: Volcanion|Substitute\n|-damage|p2b: Volcanion|72\/100 psn\n|\n|-weather|Sandstorm|[upkeep]\n|-damage|p2a: Zamazenta|92\/100 psn|[from] Sandstorm\n|-damage|p2b: Volcanion|66\/100 psn|[from] Sandstorm\n|-damage|p2a: Zamazenta|80\/100 psn|[from] psn\n|-damage|p2b: Volcanion|54\/100 psn|[from] psn\n|upkeep\n|\n|t:|1700153945\n|switch|p1a: Dracovish|Dracovish|100\/100\n|turn|2\n|\n|t:|1700153953\n|move|p1a: Dracovish|Fishious Rend|p2a: Zamazenta\n|-damage|p2a: Zamazenta|29\/100 psn\n|-enditem|p2a: Zamazenta|Sitrus Berry|[eat]\n|-heal|p2a: Zamazenta|54\/100 psn|[from] item: Sitrus Berry\n|-damage|p1a: Dracovish|91\/100|[from] item: Life Orb\n|move|p2a: Zamazenta|Body Press|p1a: Dracovish\n|-damage|p1a: Dracovish|41\/100\n|move|p1b: Glimmora|Power Gem|p2b: Volcanion\n|-supereffective|p2b: Volcanion\n|-end|p2b: Volcanion|Substitute\n|-zpower|p2b: Volcanion\n|move|p2b: Volcanion|Hydro Vortex|p1b: Glimmora|[zeffect]\n|-supereffective|p1b: Glimmora\n|-damage|p1b: Glimmora|43\/100\n|\n|-weather|Sandstorm|[upkeep]\n|-damage|p2a: Zamazenta|48\/100 psn|[from] Sandstorm\n|-damage|p2b: Volcanion|48\/100 psn|[from] Sandstorm\n|-damage|p2a: Zamazenta|36\/100 psn|[from] psn\n|-damage|p2b: Volcanion|35\/100 psn|[from] psn\n|upkeep\n|turn|3\n|\n|t:|1700153980\n|move|p1a: Dracovish|Fishious Rend|p2a: Zamazenta\n|-damage|p2a: Zamazenta|0 fnt\n|faint|p2a: Zamazenta\n|-damage|p1a: Dracovish|31\/100|[from] item: Life Orb\n|move|p1b: Glimmora|Power Gem|p2b: Volcanion\n|-supereffective|p2b: Volcanion\n|-damage|p2b: Volcanion|0 fnt\n|faint|p2b: Volcanion\n|\n|-weather|Sandstorm|[upkeep]\n|upkeep\n|\n|t:|1700153990\n|switch|p2a: Ninetales|Ninetales-Alola, M|100\/100\n|switch|p2b: Kyurem|Kyurem-Black|100\/100\n|-weather|Snow|[from] ability: Snow Warning|[of] p2a: Ninetales\n|-ability|p2b: Kyurem|Teravolt\n|turn|4\n|\n|t:|1700154006\n|move|p2b: Kyurem|Protect|p2b: Kyurem\n|-singleturn|p2b: Kyurem|Protect\n|move|p2a: Ninetales|Aurora Veil|p2a: Ninetales\n|-sidestart|p2: Pancake Tuesday|move: Aurora Veil\n|move|p1a: Dracovish|Draco Meteor|p2b: Kyurem\n|-activate|p2b: Kyurem|move: Protect\n|move|p1b: Glimmora|Mortal Spin|p2a: Ninetales|[spread] p2a\n|-activate|p2b: Kyurem|move: Protect\n|-supereffective|p2a: Ninetales\n|-damage|p2a: Ninetales|95\/100\n|-status|p2a: Ninetales|psn\n|\n|-weather|Snow|[upkeep]\n|-damage|p2a: Ninetales|82\/100 psn|[from] psn\n|upkeep\n|turn|5\n|\n|t:|1700154026\n|-terastallize|p2b: Kyurem|Electric\n|move|p2a: Ninetales|Blizzard|p1a: Dracovish|[spread] p1a,p1b\n|-crit|p1b: Glimmora\n|-damage|p1a: Dracovish|0 fnt\n|-damage|p1b: Glimmora|9\/100\n|faint|p1a: Dracovish\n|move|p2b: Kyurem|Dragon Dance|p2b: Kyurem\n|-boost|p2b: Kyurem|atk|1\n|-boost|p2b: Kyurem|spe|1\n|move|p1b: Glimmora|Power Gem|p2b: Kyurem\n|-damage|p2b: Kyurem|73\/100\n|\n|-weather|Snow|[upkeep]\n|-damage|p2a: Ninetales|70\/100 psn|[from] psn\n|upkeep\n|\n|t:|1700154034\n|switch|p1a: Grimmsnarl|Grimmsnarl, M|100\/100\n|turn|6\n|\n|t:|1700154045\n|move|p1a: Grimmsnarl|Reflect|p1a: Grimmsnarl\n|-sidestart|p1: kitsu-aria|Reflect\n|move|p2b: Kyurem|Icicle Spear|p1a: Grimmsnarl\n|-damage|p1a: Grimmsnarl|79\/100\n|-damage|p1a: Grimmsnarl|56\/100\n|-hitcount|p1a: Grimmsnarl|2\n|move|p2a: Ninetales|Blizzard|p1a: Grimmsnarl|[spread] p1a,p1b\n|-damage|p1a: Grimmsnarl|33\/100\n|-damage|p1b: Glimmora|0 fnt\n|faint|p1b: Glimmora\n|\n|-weather|Snow|[upkeep]\n|-damage|p2a: Ninetales|58\/100 psn|[from] psn\n|upkeep\n|\n|t:|1700154055\n|switch|p1b: Marshadow|Marshadow|100\/100\n|turn|7\n|\n|t:|1700154089\n|move|p1b: Marshadow|Protect|p1b: Marshadow\n|-singleturn|p1b: Marshadow|Protect\n|move|p1a: Grimmsnarl|Light Screen|p1a: Grimmsnarl\n|-sidestart|p1: kitsu-aria|move: Light Screen\n|move|p2b: Kyurem|Fusion Bolt|p1b: Marshadow\n|-activate|p1b: Marshadow|move: Protect\n|move|p2a: Ninetales|Blizzard|p1b: Marshadow|[spread] p1a\n|-activate|p1b: Marshadow|move: Protect\n|-damage|p1a: Grimmsnarl|18\/100\n|\n|-weather|Snow|[upkeep]\n|-damage|p2a: Ninetales|46\/100 psn|[from] psn\n|upkeep\n|turn|8\n|\n|t:|1700154102\n|move|p1a: Grimmsnarl|Parting Shot|p2a: Ninetales\n|-unboost|p2a: Ninetales|atk|1\n|-unboost|p2a: Ninetales|spa|1\n|\n|t:|1700154106\n|switch|p1a: Excadrill|Excadrill, M|100\/100|[from] Parting Shot\n|move|p2b: Kyurem|Fusion Bolt|p1b: Marshadow\n|-damage|p1b: Marshadow|14\/100\n|move|p1b: Marshadow|Spectral Thief||[still]\n|-clearpositiveboost|p2b: Kyurem|p1b: Marshadow|move: Spectral Thief\n|-boost|p1b: Marshadow|atk|1\n|-boost|p1b: Marshadow|spe|1\n|-anim|p1b: Marshadow|Spectral Thief|p2b: Kyurem\n|-damage|p2b: Kyurem|36\/100\n|move|p2a: Ninetales|Blizzard|p1a: Excadrill|[spread] p1a,p1b\n|-crit|p1a: Excadrill\n|-damage|p1a: Excadrill|34\/100\n|-damage|p1b: Marshadow|0 fnt\n|faint|p1b: Marshadow\n|\n|-weather|none\n|-damage|p2a: Ninetales|34\/100 psn|[from] psn\n|upkeep\n|\n|t:|1700154119\n|switch|p1b: Grimmsnarl|Grimmsnarl, M|18\/100\n|turn|9\n|\n|t:|1700154132\n|move|p1b: Grimmsnarl|Parting Shot|p2a: Ninetales\n|-unboost|p2a: Ninetales|atk|1\n|-unboost|p2a: Ninetales|spa|1\n|move|p2a: Ninetales|Blizzard|p1b: Grimmsnarl|[spread] p1a\n|-miss|p2a: Ninetales|p1b: Grimmsnarl\n|-damage|p1a: Excadrill|19\/100\n|move|p2b: Kyurem|Icicle Spear|p1a: Excadrill\n|-damage|p1a: Excadrill|2\/100\n|-damage|p1a: Excadrill|0 fnt\n|faint|p1a: Excadrill\n|-hitcount|p1: Excadrill|2\n|\n|-damage|p2a: Ninetales|21\/100 psn|[from] psn\n|upkeep\n|turn|10\n|c|\u2606kitsu-aria|Gg\n|c|\u2606Pancake Tuesday|ggs\n|\n|t:|1700154146\n|move|p2a: Ninetales|Blizzard|p1b: Grimmsnarl\n|-damage|p1b: Grimmsnarl|6\/100\n|move|p2b: Kyurem|Fusion Bolt|p1b: Grimmsnarl\n|-damage|p1b: Grimmsnarl|0 fnt\n|faint|p1b: Grimmsnarl\n|\n|win|Pancake Tuesday\n|raw|kitsu-aria's rating: 1597 &rarr; <strong>1567<\/strong><br \/>(-30 for losing)\n|raw|Pancake Tuesday's rating: 1417 &rarr; <strong>1447<\/strong><br \/>(+30 for winning)\n|l|\u2606kitsu-aria\n|c|\u2606Pancake Tuesday|hail is knig\n","uploadtime":1700154169,"views":46,"p1id":"kitsuaria","p2id":"pancaketuesday","formatid":"gen9nationaldexdoubles","rating":1447,"private":0,"password":""}