{"id":"gen9nationaldexdoubles-1955822920","p1":"Joel Leepine","p2":"Beagles725","format":"[Gen 9] National Dex Doubles","log":"|j|\u2606Joel Leepine\n|j|\u2606Beagles725\n|t:|1696031774\n|gametype|doubles\n|player|p1|Joel Leepine|102|\n|player|p2|Beagles725|steven|\n|teamsize|p1|6\n|teamsize|p2|6\n|gen|9\n|tier|[Gen 9] National Dex Doubles\n|rule|HP Percentage Mod: HP is shown in percentages\n|rule|Endless Battle Clause: Forcing endless battles is banned\n|rule|OHKO Clause: OHKO moves are banned\n|rule|Evasion Moves Clause: Evasion moves are banned\n|rule|Evasion Abilities Clause: Evasion abilities are banned\n|rule|Species Clause: Limit one of each Pok\u00e9mon\n|rule|Gravity Sleep Clause: The combination of sleep-inducing moves with imperfect accuracy and Gravity or Gigantamax Orbeetle are banned\n|clearpoke\n|poke|p1|Togekiss, F|\n|poke|p1|Miltank, F|\n|poke|p1|Delphox, M|\n|poke|p1|Lilligant-Hisui, F|\n|poke|p1|Muk-Alola, F|\n|poke|p1|Politoed, F|\n|poke|p2|Delphox, F|\n|poke|p2|Toxtricity, M|\n|poke|p2|Ludicolo, M|\n|poke|p2|Lucario, M|\n|poke|p2|Grimmsnarl, M|\n|poke|p2|Golem, F|\n|teampreview\n|inactive|Battle timer is ON: inactive players will automatically lose when time's up. (requested by Beagles725)\n|j| Mistol\n|j| PatrickMatrix\n|inactive|Joel Leepine has 270 seconds left.\n|inactive|Beagles725 has 270 seconds left.\n|j| KillerCage2\n|inactiveoff|Battle timer is now OFF.\n|\n|t:|1696031844\n|start\n|switch|p1a: Muk|Muk-Alola, F|100\/100\n|switch|p1b: Delphox|Delphox, M|100\/100\n|switch|p2a: Delphox|Delphox, F, shiny|100\/100\n|switch|p2b: Ludicolo|Ludicolo, M, shiny|100\/100\n|turn|1\n|\n|t:|1696031873\n|move|p2a: Delphox|Metronome|p2a: Delphox\n|move|p2a: Delphox|Dual Wingbeat|p1b: Delphox|[from]move: Metronome\n|-damage|p1b: Delphox|91\/100\n|-damage|p1b: Delphox|83\/100\n|-hitcount|p1b: Delphox|2\n|move|p1b: Delphox|Metronome|p1b: Delphox\n|move|p1b: Delphox|Dragon Darts|p2b: Ludicolo|[from]move: Metronome\n|-damage|p2b: Ludicolo|91\/100\n|-anim|p1b: Delphox|Dragon Darts|p2a: Delphox\n|-damage|p2a: Delphox|91\/100\n|move|p2b: Ludicolo|Metronome|p2b: Ludicolo\n|move|p2b: Ludicolo|Misty Explosion|p1a: Muk|[from]move: Metronome|[spread] p2a,p1a,p1b\n|-resisted|p2a: Delphox\n|-resisted|p1b: Delphox\n|-damage|p2a: Delphox|82\/100\n|-damage|p1a: Muk|86\/100\n|-damage|p1b: Delphox|75\/100\n|faint|p2b: Ludicolo\n|move|p1a: Muk|Metronome|p1a: Muk\n|move|p1a: Muk|Water Gun|p2a: Delphox|[from]move: Metronome\n|-supereffective|p2a: Delphox\n|-damage|p2a: Delphox|69\/100\n|\n|upkeep\n|\n|t:|1696031893\n|switch|p2b: Toxtricity|Toxtricity, M, shiny|100\/100\n|turn|2\n|\n|t:|1696031924\n|move|p2a: Delphox|Metronome|p2a: Delphox\n|move|p2a: Delphox|Stealth Rock|p1b: Delphox|[from]move: Metronome\n|-sidestart|p1: Joel Leepine|move: Stealth Rock\n|move|p1b: Delphox|Metronome|p1b: Delphox\n|move|p1b: Delphox|Screech|p2b: Toxtricity|[from]move: Metronome\n|-unboost|p2b: Toxtricity|def|2\n|move|p2b: Toxtricity|Metronome|p2b: Toxtricity\n|move|p2b: Toxtricity|Sky Attack||[from]move: Metronome|[still]\n|-prepare|p2b: Toxtricity|Sky Attack\n|move|p1a: Muk|Metronome|p1a: Muk\n|move|p1a: Muk|Shift Gear|p1a: Muk|[from]move: Metronome\n|-boost|p1a: Muk|spe|2\n|-boost|p1a: Muk|atk|1\n|\n|upkeep\n|turn|3\n|\n|t:|1696031938\n|move|p1a: Muk|Metronome|p1a: Muk\n|move|p1a: Muk|Swords Dance|p1a: Muk|[from]move: Metronome\n|-boost|p1a: Muk|atk|2\n|move|p2a: Delphox|Metronome|p2a: Delphox\n|move|p2a: Delphox|Slash|p1b: Delphox|[from]move: Metronome\n|-damage|p1b: Delphox|61\/100\n|move|p1b: Delphox|Metronome|p1b: Delphox\n|move|p1b: Delphox|Bug Bite|p2b: Toxtricity|[from]move: Metronome\n|-resisted|p2b: Toxtricity\n|-damage|p2b: Toxtricity|88\/100\n|-enditem|p2b: Toxtricity|Leppa Berry|[from] stealeat|[move] Bug Bite|[of] p1b: Delphox\n|-activate|p1b: Delphox|item: Leppa Berry|Metronome|[consumed]\n|move|p2b: Toxtricity|Sky Attack|p1b: Delphox|[from]lockedmove\n|-damage|p1b: Delphox|25\/100\n|\n|upkeep\n|turn|4\n|\n|t:|1696031956\n|switch|p1b: Miltank|Miltank, F|100\/100\n|-damage|p1b: Miltank|88\/100|[from] Stealth Rock\n|move|p1a: Muk|Metronome|p1a: Muk\n|move|p1a: Muk|Scorching Sands|p2a: Delphox|[from]move: Metronome\n|-supereffective|p2a: Delphox\n|-damage|p2a: Delphox|49\/100\n|move|p2a: Delphox|Metronome|p2a: Delphox\n|move|p2a: Delphox|Thunder Shock|p1b: Miltank|[from]move: Metronome\n|-damage|p1b: Miltank|76\/100\n|move|p2b: Toxtricity|Metronome|p2b: Toxtricity\n|move|p2b: Toxtricity|Volt Switch|p1a: Muk|[from]move: Metronome\n|-damage|p1a: Muk|57\/100\n|\n|t:|1696031971\n|switch|p2b: Lucario|Lucario, M, shiny|100\/100|[from] Volt Switch\n|\n|upkeep\n|turn|5\n|\n|t:|1696031985\n|move|p1a: Muk|Metronome|p1a: Muk\n|move|p1a: Muk|Fury Cutter|p2b: Lucario|[from]move: Metronome\n|-resisted|p2b: Lucario\n|-damage|p2b: Lucario|91\/100\n|move|p2a: Delphox|Metronome|p2a: Delphox\n|move|p2a: Delphox|Shadow Ball|p1a: Muk|[from]move: Metronome\n|-resisted|p1a: Muk\n|-damage|p1a: Muk|46\/100\n|move|p2b: Lucario|Metronome|p2b: Lucario\n|move|p2b: Lucario|Fire Spin|p1a: Muk|[from]move: Metronome\n|-damage|p1a: Muk|37\/100\n|-activate|p1a: Muk|move: Fire Spin|[of] p2b: Lucario\n|move|p1b: Miltank|Metronome|p1b: Miltank\n|move|p1b: Miltank|Spark|p2a: Delphox|[from]move: Metronome\n|-damage|p2a: Delphox|26\/100\n|\n|-damage|p1a: Muk|25\/100|[from] move: Fire Spin|[partiallytrapped]\n|upkeep\n|turn|6\n|\n|t:|1696032002\n|move|p1a: Muk|Metronome|p1a: Muk\n|move|p1a: Muk|Ice Spinner|p2a: Delphox|[from]move: Metronome\n|-resisted|p2a: Delphox\n|-damage|p2a: Delphox|0 fnt\n|faint|p2a: Delphox\n|move|p2b: Lucario|Metronome|p2b: Lucario\n|move|p2b: Lucario|Toxic Spikes|p1a: Muk|[from]move: Metronome\n|-sidestart|p1: Joel Leepine|move: Toxic Spikes\n|move|p1b: Miltank|Metronome|p1b: Miltank\n|move|p1b: Miltank|Volt Switch|p2b: Lucario|[from]move: Metronome\n|-damage|p2b: Lucario|81\/100\n|\n|t:|1696032021\n|switch|p1b: Politoed|Politoed, F|100\/100|[from] Volt Switch\n|-damage|p1b: Politoed|88\/100|[from] Stealth Rock\n|-status|p1b: Politoed|psn\n|\n|-damage|p1b: Politoed|76\/100 psn|[from] psn\n|-damage|p1a: Muk|12\/100|[from] move: Fire Spin|[partiallytrapped]\n|upkeep\n|\n|t:|1696032030\n|switch|p2a: Grimmsnarl|Grimmsnarl, M, shiny|100\/100\n|turn|7\n|\n|t:|1696032038\n|move|p2a: Grimmsnarl|Metronome|p2a: Grimmsnarl\n|move|p2a: Grimmsnarl|Stomp|p1b: Politoed|[from]move: Metronome\n|-damage|p1b: Politoed|59\/100 psn\n|move|p1a: Muk|Metronome|p1a: Muk\n|move|p1a: Muk|Sludge|p2a: Grimmsnarl|[from]move: Metronome\n|-supereffective|p2a: Grimmsnarl\n|-damage|p2a: Grimmsnarl|67\/100\n|move|p2b: Lucario|Metronome|p2b: Lucario\n|move|p2b: Lucario|Acid|p1b: Politoed|[from]move: Metronome|[spread] p1a,p1b\n|-resisted|p1a: Muk\n|-damage|p1a: Muk|8\/100\n|-damage|p1b: Politoed|50\/100 psn\n|cant|p1b: Politoed|flinch\n|\n|-damage|p1b: Politoed|38\/100 psn|[from] psn\n|-damage|p1a: Muk|0 fnt|[from] move: Fire Spin|[partiallytrapped]\n|faint|p1a: Muk\n|upkeep\n|\n|t:|1696032057\n|switch|p1a: Miltank|Miltank, F|76\/100\n|-damage|p1a: Miltank|64\/100|[from] Stealth Rock\n|-status|p1a: Miltank|psn\n|turn|8\n|\n|t:|1696032065\n|move|p2a: Grimmsnarl|Metronome|p2a: Grimmsnarl\n|move|p2a: Grimmsnarl|Focus Energy|p2a: Grimmsnarl|[from]move: Metronome\n|-start|p2a: Grimmsnarl|move: Focus Energy\n|move|p2b: Lucario|Metronome|p2b: Lucario\n|move|p2b: Lucario|Heat Crash|p1a: Miltank|[from]move: Metronome\n|-damage|p1a: Miltank|53\/100 psn\n|move|p1a: Miltank|Metronome|p1a: Miltank\n|move|p1a: Miltank|Hold Back|p2b: Lucario|[from]move: Metronome\n|-resisted|p2b: Lucario\n|-damage|p2b: Lucario|69\/100\n|move|p1b: Politoed|Metronome|p1b: Politoed\n|move|p1b: Politoed|Bullet Punch|p2b: Lucario|[from]move: Metronome\n|-resisted|p2b: Lucario\n|-damage|p2b: Lucario|65\/100\n|\n|-damage|p1a: Miltank|40\/100 psn|[from] psn\n|-damage|p1b: Politoed|25\/100 psn|[from] psn\n|upkeep\n|turn|9\n|\n|t:|1696032080\n|move|p2a: Grimmsnarl|Metronome|p2a: Grimmsnarl\n|move|p2a: Grimmsnarl|Scary Face|p1a: Miltank|[from]move: Metronome\n|-unboost|p1a: Miltank|spe|2\n|move|p2b: Lucario|Metronome|p2b: Lucario\n|move|p2b: Lucario|Memento|p1b: Politoed|[from]move: Metronome\n|-unboost|p1b: Politoed|atk|2\n|-unboost|p1b: Politoed|spa|2\n|faint|p2b: Lucario\n|move|p1b: Politoed|Metronome|p1b: Politoed\n|move|p1b: Politoed|Electro Ball|p2a: Grimmsnarl|[from]move: Metronome\n|-damage|p2a: Grimmsnarl|58\/100\n|move|p1a: Miltank|Metronome|p1a: Miltank\n|move|p1a: Miltank|Ally Switch||[from]move: Metronome|[still]\n|-fail|p1a: Miltank\n|\n|-damage|p1b: Politoed|13\/100 psn|[from] psn\n|-damage|p1a: Miltank|28\/100 psn|[from] psn\n|upkeep\n|\n|t:|1696032092\n|switch|p2b: Golem|Golem, F, shiny|100\/100\n|turn|10\n|\n|t:|1696032097\n|move|p2a: Grimmsnarl|Metronome|p2a: Grimmsnarl\n|move|p2a: Grimmsnarl|Bitter Malice|p1a: Miltank|[from]move: Metronome\n|-immune|p1a: Miltank\n|move|p1b: Politoed|Metronome|p1b: Politoed\n|move|p1b: Politoed|Low Sweep|p2b: Golem|[from]move: Metronome\n|-supereffective|p2b: Golem\n|-damage|p2b: Golem|91\/100\n|-unboost|p2b: Golem|spe|1\n|move|p1a: Miltank|Metronome|p1a: Miltank\n|move|p1a: Miltank|Sunny Day|p1a: Miltank|[from]move: Metronome\n|-weather|SunnyDay\n|move|p2b: Golem|Metronome|p2b: Golem\n|move|p2b: Golem|Surf|p1a: Miltank|[from]move: Metronome|[spread] p2a,p1a\n|-heal|p1b: Politoed|38\/100 psn|[from] ability: Water Absorb|[of] p2b: Golem\n|-damage|p2a: Grimmsnarl|52\/100\n|-damage|p1a: Miltank|22\/100 psn\n|\n|-weather|SunnyDay|[upkeep]\n|-damage|p1b: Politoed|25\/100 psn|[from] psn\n|-damage|p1a: Miltank|9\/100 psn|[from] psn\n|upkeep\n|turn|11\n|\n|t:|1696032116\n|move|p2a: Grimmsnarl|Metronome|p2a: Grimmsnarl\n|move|p2a: Grimmsnarl|Hyper Voice|p1b: Politoed|[from]move: Metronome|[spread] p1a,p1b\n|-crit|p1a: Miltank\n|-damage|p1a: Miltank|0 fnt\n|-damage|p1b: Politoed|10\/100 psn\n|faint|p1a: Miltank\n|move|p1b: Politoed|Metronome|p1b: Politoed\n|move|p1b: Politoed|Charge|p1b: Politoed|[from]move: Metronome\n|-boost|p1b: Politoed|spd|1\n|-start|p1b: Politoed|Charge\n|move|p2b: Golem|Metronome|p2b: Golem\n|move|p2b: Golem|Lick|p1b: Politoed|[from]move: Metronome\n|-damage|p1b: Politoed|2\/100 psn\n|\n|-weather|SunnyDay|[upkeep]\n|-damage|p1b: Politoed|0 fnt|[from] psn\n|faint|p1b: Politoed\n|upkeep\n|\n|t:|1696032133\n|switch|p1a: Lilligant|Lilligant-Hisui, F|100\/100\n|switch|p1b: Delphox|Delphox, M|25\/100\n|-damage|p1a: Lilligant|94\/100|[from] Stealth Rock\n|-status|p1a: Lilligant|psn\n|-damage|p1b: Delphox|0 fnt|[from] Stealth Rock\n|faint|p1b: Delphox\n|\n|t:|1696032141\n|switch|p1b: Togekiss|Togekiss, F|100\/100\n|-damage|p1b: Togekiss|76\/100|[from] Stealth Rock\n|turn|12\n|\n|t:|1696032146\n|move|p2a: Grimmsnarl|Metronome|p2a: Grimmsnarl\n|move|p2a: Grimmsnarl|Super Fang|p1a: Lilligant|[from]move: Metronome\n|-damage|p1a: Lilligant|48\/100 psn\n|move|p1a: Lilligant|Metronome|p1a: Lilligant\n|move|p1a: Lilligant|Sludge Wave|p2a: Grimmsnarl|[from]move: Metronome|[spread] p1b,p2a,p2b\n|-supereffective|p1b: Togekiss\n|-supereffective|p2a: Grimmsnarl\n|-resisted|p2b: Golem\n|-damage|p1b: Togekiss|60\/100\n|-damage|p2a: Grimmsnarl|33\/100\n|-damage|p2b: Golem|88\/100\n|move|p1b: Togekiss|Metronome|p1b: Togekiss\n|move|p1b: Togekiss|Wildbolt Storm|p2a: Grimmsnarl|[from]move: Metronome|[spread] p2a\n|-immune|p2b: Golem\n|-crit|p2a: Grimmsnarl\n|-damage|p2a: Grimmsnarl|0 fnt\n|faint|p2a: Grimmsnarl\n|move|p2b: Golem|Metronome|p2b: Golem\n|move|p2b: Golem|Giga Drain|p1a: Lilligant|[from]move: Metronome\n|-resisted|p1a: Lilligant\n|-damage|p1a: Lilligant|40\/100 psn\n|-heal|p2b: Golem|92\/100|[from] drain|[of] p1a: Lilligant\n|\n|-weather|SunnyDay|[upkeep]\n|-damage|p1a: Lilligant|27\/100 psn|[from] psn\n|upkeep\n|\n|t:|1696032159\n|switch|p2a: Toxtricity|Toxtricity, M, shiny|88\/100\n|turn|13\n|\n|t:|1696032167\n|move|p1a: Lilligant|Metronome|p1a: Lilligant\n|move|p1a: Lilligant|Lunar Blessing|p1a: Lilligant|[from]move: Metronome|[spread] p1a,p1b\n|-heal|p1a: Lilligant|52\/100 psn\n|-curestatus|p1a: Lilligant|psn|[msg]\n|-heal|p1b: Togekiss|85\/100\n|move|p1b: Togekiss|Metronome|p1b: Togekiss\n|move|p1b: Togekiss|Fury Cutter|p2b: Golem|[from]move: Metronome|[miss]\n|-miss|p1b: Togekiss|p2b: Golem\n|move|p2a: Toxtricity|Metronome|p2a: Toxtricity\n|move|p2a: Toxtricity|Ceaseless Edge|p1a: Lilligant|[from]move: Metronome\n|-resisted|p1a: Lilligant\n|-damage|p1a: Lilligant|42\/100\n|-sidestart|p1: Joel Leepine|Spikes\n|move|p2b: Golem|Metronome|p2b: Golem\n|move|p2b: Golem|High Horsepower|p1b: Togekiss|[from]move: Metronome\n|-immune|p1b: Togekiss\n|\n|-weather|SunnyDay|[upkeep]\n|upkeep\n|turn|14\n|\n|t:|1696032186\n|move|p1a: Lilligant|Metronome|p1a: Lilligant\n|move|p1a: Lilligant|Sticky Web|p2b: Golem|[from]move: Metronome\n|-sidestart|p2: Beagles725|move: Sticky Web\n|move|p1b: Togekiss|Metronome|p1b: Togekiss\n|move|p1b: Togekiss|Double Team|p1b: Togekiss|[from]move: Metronome\n|-boost|p1b: Togekiss|evasion|1\n|move|p2a: Toxtricity|Metronome|p2a: Toxtricity\n|move|p2a: Toxtricity|Seismic Toss|p1a: Lilligant|[from]move: Metronome\n|-damage|p1a: Lilligant|9\/100\n|move|p2b: Golem|Metronome|p2b: Golem\n|move|p2b: Golem|Dragon Pulse|p1a: Lilligant|[from]move: Metronome\n|-damage|p1a: Lilligant|0 fnt\n|faint|p1a: Lilligant\n|\n|-weather|none\n|upkeep\n|turn|15\n|\n|t:|1696032199\n|move|p1b: Togekiss|Metronome|p1b: Togekiss\n|move|p1b: Togekiss|Play Rough|p2b: Golem|[from]move: Metronome\n|-damage|p2b: Golem|80\/100\n|move|p2a: Toxtricity|Metronome|p2a: Toxtricity\n|move|p2a: Toxtricity|Fiery Dance|p1b: Togekiss|[from]move: Metronome\n|-damage|p1b: Togekiss|61\/100\n|-boost|p2a: Toxtricity|spa|1\n|move|p2b: Golem|Metronome|p2b: Golem\n|move|p2b: Golem|Volt Tackle|p1b: Togekiss|[from]move: Metronome|[miss]\n|-miss|p2b: Golem|p1b: Togekiss\n|\n|upkeep\n|turn|16\n|\n|t:|1696032212\n|move|p1b: Togekiss|Metronome|p1b: Togekiss\n|move|p1b: Togekiss|Volt Switch|p2b: Golem|[from]move: Metronome\n|-immune|p2b: Golem\n|move|p2a: Toxtricity|Metronome|p2a: Toxtricity\n|move|p2a: Toxtricity|Hypnosis|p1b: Togekiss|[from]move: Metronome\n|-status|p1b: Togekiss|slp|[from] move: Hypnosis\n|move|p2b: Golem|Metronome|p2b: Golem\n|move|p2b: Golem|High Horsepower|p1b: Togekiss|[from]move: Metronome\n|-immune|p1b: Togekiss\n|\n|upkeep\n|turn|17\n|\n|t:|1696032223\n|cant|p1b: Togekiss|slp\n|move|p2a: Toxtricity|Metronome|p2a: Toxtricity\n|move|p2a: Toxtricity|Body Slam|p1b: Togekiss|[from]move: Metronome\n|-damage|p1b: Togekiss|40\/100 slp\n|move|p2b: Golem|Metronome|p2b: Golem\n|move|p2b: Golem|Scary Face|p1b: Togekiss|[from]move: Metronome\n|-unboost|p1b: Togekiss|spe|2\n|\n|upkeep\n|turn|18\n|\n|t:|1696032232\n|move|p2a: Toxtricity|Metronome|p2a: Toxtricity\n|move|p2a: Toxtricity|Smog|p1b: Togekiss|[from]move: Metronome|[miss]\n|-miss|p2a: Toxtricity|p1b: Togekiss\n|cant|p1b: Togekiss|slp\n|move|p2b: Golem|Metronome|p2b: Golem\n|move|p2b: Golem|Gust|p1b: Togekiss|[from]move: Metronome\n|-damage|p1b: Togekiss|33\/100 slp\n|\n|upkeep\n|turn|19\n|\n|t:|1696032242\n|move|p2a: Toxtricity|Metronome|p2a: Toxtricity\n|move|p2a: Toxtricity|Tera Blast|p1b: Togekiss|[from]move: Metronome\n|-damage|p1b: Togekiss|2\/100 slp\n|-curestatus|p1b: Togekiss|slp|[msg]\n|move|p1b: Togekiss|Metronome|p1b: Togekiss\n|move|p1b: Togekiss|Aqua Step|p2b: Golem|[from]move: Metronome\n|-supereffective|p2b: Golem\n|-damage|p2b: Golem|50\/100\n|-boost|p1b: Togekiss|spe|1\n|move|p2b: Golem|Metronome|p2b: Golem\n|move|p2b: Golem|Ceaseless Edge|p1b: Togekiss|[from]move: Metronome\n|-resisted|p1b: Togekiss\n|-damage|p1b: Togekiss|0 fnt\n|-sidestart|p1: Joel Leepine|Spikes\n|faint|p1b: Togekiss\n|\n|win|Beagles725\n|l|\u2606Beagles725\n|l| Mistol\n|l|\u2606Joel Leepine\n","uploadtime":1696032258,"views":16,"p1id":"joelleepine","p2id":"beagles725","formatid":"gen9nationaldexdoubles","rating":0,"private":0,"password":""}