{"id":"gen9nationaldexdoubles-1961907648","p1":"AnnoyingCanuck","p2":"AerixThorn","format":"[Gen 9] National Dex Doubles","log":"|j|\u2606AnnoyingCanuck\n|j|\u2606AerixThorn\n|t:|1696687623\n|gametype|doubles\n|player|p1|AnnoyingCanuck|roughneck|1099\n|player|p2|AerixThorn|volkner|1053\n|teamsize|p1|6\n|teamsize|p2|6\n|gen|9\n|tier|[Gen 9] National Dex Doubles\n|rated|\n|rule|HP Percentage Mod: HP is shown in percentages\n|rule|Endless Battle Clause: Forcing endless battles is banned\n|rule|OHKO Clause: OHKO moves are banned\n|rule|Evasion Moves Clause: Evasion moves are banned\n|rule|Evasion Abilities Clause: Evasion abilities are banned\n|rule|Species Clause: Limit one of each Pok\u00e9mon\n|rule|Gravity Sleep Clause: The combination of sleep-inducing moves with imperfect accuracy and Gravity or Gigantamax Orbeetle are banned\n|clearpoke\n|poke|p1|Clefable, F|\n|poke|p1|Polteageist-Antique|\n|poke|p1|Banette, M|\n|poke|p1|Breloom, M|\n|poke|p1|Pikachu, F|\n|poke|p1|Sylveon, F|\n|poke|p2|Clefable, M|\n|poke|p2|Shuckle, F|\n|poke|p2|Ninetales-Alola, F|\n|poke|p2|Chandelure, F|\n|poke|p2|Indeedee-F, F|\n|poke|p2|Hawlucha, M|\n|teampreview\n|inactive|Battle timer is ON: inactive players will automatically lose when time's up. (requested by AerixThorn)\n|inactive|AnnoyingCanuck also wants the timer to be on.\n|\n|t:|1696687648\n|start\n|switch|p1a: Clefable|Clefable, F|100\/100\n|switch|p1b: Polteageist|Polteageist-Antique|100\/100\n|switch|p2a: Indeedee|Indeedee-F, F|100\/100\n|switch|p2b: Hawlucha|Hawlucha, M|100\/100\n|-fieldstart|move: Psychic Terrain|[from] ability: Psychic Surge|[of] p2a: Indeedee\n|-enditem|p2b: Hawlucha|Psychic Seed\n|-boost|p2b: Hawlucha|spd|1|[from] item: Psychic Seed\n|turn|1\n|\n|t:|1696687666\n|move|p2a: Indeedee|Follow Me|p2a: Indeedee\n|-singleturn|p2a: Indeedee|move: Follow Me\n|move|p1a: Clefable|Follow Me|p1a: Clefable\n|-singleturn|p1a: Clefable|move: Follow Me\n|move|p2b: Hawlucha|Bulk Up|p2b: Hawlucha\n|-boost|p2b: Hawlucha|atk|1\n|-boost|p2b: Hawlucha|def|1\n|move|p1b: Polteageist|Shell Smash|p1b: Polteageist\n|-unboost|p1b: Polteageist|def|1\n|-unboost|p1b: Polteageist|spd|1\n|-boost|p1b: Polteageist|atk|2\n|-boost|p1b: Polteageist|spa|2\n|-boost|p1b: Polteageist|spe|2\n|-enditem|p1b: Polteageist|White Herb\n|-clearnegativeboost|p1b: Polteageist|[silent]\n|\n|upkeep\n|turn|2\n|\n|t:|1696687684\n|move|p2a: Indeedee|Follow Me|p2a: Indeedee\n|-singleturn|p2a: Indeedee|move: Follow Me\n|move|p2b: Hawlucha|Acrobatics|p1a: Clefable\n|-damage|p1a: Clefable|40\/100\n|move|p1b: Polteageist|Baton Pass|p1b: Polteageist\n|\n|t:|1696687700\n|switch|p1b: Sylveon|Sylveon, F|100\/100|[from] Baton Pass\n|move|p1a: Clefable|Psych Up|p2a: Indeedee\n|-copyboost|p1a: Clefable|p2a: Indeedee|[from] move: Psych Up\n|\n|-heal|p1a: Clefable|46\/100|[from] item: Leftovers\n|upkeep\n|turn|3\n|\n|t:|1696687717\n|move|p2a: Indeedee|Follow Me|p2a: Indeedee\n|-singleturn|p2a: Indeedee|move: Follow Me\n|move|p2b: Hawlucha|Acrobatics|p1b: Sylveon\n|-damage|p1b: Sylveon|10\/100\n|move|p1b: Sylveon|Hyper Voice|p2b: Hawlucha|[spread] p2a,p2b\n|-supereffective|p2b: Hawlucha\n|-damage|p2a: Indeedee|10\/100\n|-damage|p2b: Hawlucha|0 fnt\n|faint|p2b: Hawlucha\n|-enditem|p1b: Sylveon|Throat Spray\n|-boost|p1b: Sylveon|spa|1|[from] item: Throat Spray\n|move|p1a: Clefable|Psych Up|p2a: Indeedee\n|-copyboost|p1a: Clefable|p2a: Indeedee|[from] move: Psych Up\n|\n|-heal|p2a: Indeedee|16\/100|[from] item: Leftovers\n|-heal|p1a: Clefable|52\/100|[from] item: Leftovers\n|upkeep\n|\n|t:|1696687724\n|switch|p2b: Ninetales|Ninetales-Alola, F|100\/100\n|-weather|Snow|[from] ability: Snow Warning|[of] p2b: Ninetales\n|turn|4\n|\n|t:|1696687736\n|move|p2a: Indeedee|Follow Me|p2a: Indeedee\n|-singleturn|p2a: Indeedee|move: Follow Me\n|move|p1a: Clefable|Follow Me|p1a: Clefable\n|-singleturn|p1a: Clefable|move: Follow Me\n|move|p2b: Ninetales|Blizzard|p1b: Sylveon|[spread] p1a,p1b\n|-damage|p1a: Clefable|32\/100\n|-damage|p1b: Sylveon|0 fnt\n|-status|p1a: Clefable|frz\n|faint|p1b: Sylveon\n|\n|-weather|Snow|[upkeep]\n|-heal|p2a: Indeedee|22\/100|[from] item: Leftovers\n|-heal|p1a: Clefable|38\/100 frz|[from] item: Leftovers\n|upkeep\n|\n|t:|1696687753\n|switch|p1b: Polteageist|Polteageist-Antique|100\/100\n|turn|5\n|\n|t:|1696687768\n|move|p2a: Indeedee|Follow Me|p2a: Indeedee\n|-singleturn|p2a: Indeedee|move: Follow Me\n|-curestatus|p1a: Clefable|frz|[msg]\n|move|p1a: Clefable|Follow Me|p1a: Clefable\n|-singleturn|p1a: Clefable|move: Follow Me\n|move|p2b: Ninetales|Aurora Veil|p2b: Ninetales\n|-sidestart|p2: AerixThorn|move: Aurora Veil\n|move|p1b: Polteageist|Shell Smash|p1b: Polteageist\n|-unboost|p1b: Polteageist|def|1\n|-unboost|p1b: Polteageist|spd|1\n|-boost|p1b: Polteageist|atk|2\n|-boost|p1b: Polteageist|spa|2\n|-boost|p1b: Polteageist|spe|2\n|\n|-weather|Snow|[upkeep]\n|-heal|p2a: Indeedee|28\/100|[from] item: Leftovers\n|-heal|p1a: Clefable|44\/100|[from] item: Leftovers\n|-fieldend|move: Psychic Terrain\n|upkeep\n|turn|6\n|inactive|AnnoyingCanuck has 120 seconds left.\n|\n|t:|1696687802\n|move|p2a: Indeedee|Follow Me|p2a: Indeedee\n|-singleturn|p2a: Indeedee|move: Follow Me\n|move|p1a: Clefable|Follow Me|p1a: Clefable\n|-singleturn|p1a: Clefable|move: Follow Me\n|move|p1b: Polteageist|Baton Pass|p1b: Polteageist\n|inactive|AnnoyingCanuck has 120 seconds left.\n|\n|t:|1696687811\n|switch|p1b: Pikachu|Pikachu, F|100\/100|[from] Baton Pass\n|move|p2b: Ninetales|Blizzard|p1a: Clefable|[spread] p1a,p1b\n|-damage|p1a: Clefable|23\/100\n|-damage|p1b: Pikachu|0 fnt\n|faint|p1b: Pikachu\n|\n|-weather|Snow|[upkeep]\n|-heal|p2a: Indeedee|34\/100|[from] item: Leftovers\n|-heal|p1a: Clefable|29\/100|[from] item: Leftovers\n|upkeep\n|inactive|AnnoyingCanuck has 120 seconds left.\n|c|\u2606AnnoyingCanuck|lol\n|\n|t:|1696687820\n|switch|p1b: Polteageist|Polteageist-Antique|100\/100\n|turn|7\n|\n|t:|1696687831\n|move|p2a: Indeedee|Follow Me|p2a: Indeedee\n|-singleturn|p2a: Indeedee|move: Follow Me\n|move|p1a: Clefable|Follow Me|p1a: Clefable\n|-singleturn|p1a: Clefable|move: Follow Me\n|move|p2b: Ninetales|Blizzard|p1a: Clefable|[spread] p1a,p1b\n|-damage|p1a: Clefable|9\/100\n|-damage|p1b: Polteageist|64\/100\n|-start|p2b: Ninetales|Disable|Blizzard|[from] ability: Cursed Body|[of] p1b: Polteageist\n|move|p1b: Polteageist|Shell Smash|p1b: Polteageist\n|-unboost|p1b: Polteageist|def|1\n|-unboost|p1b: Polteageist|spd|1\n|-boost|p1b: Polteageist|atk|2\n|-boost|p1b: Polteageist|spa|2\n|-boost|p1b: Polteageist|spe|2\n|\n|-weather|Snow|[upkeep]\n|-heal|p2a: Indeedee|40\/100|[from] item: Leftovers\n|-heal|p1a: Clefable|15\/100|[from] item: Leftovers\n|upkeep\n|turn|8\n|\n|t:|1696687848\n|move|p2a: Indeedee|Follow Me|p2a: Indeedee\n|-singleturn|p2a: Indeedee|move: Follow Me\n|move|p1b: Polteageist|Baton Pass|p1b: Polteageist\n|\n|t:|1696687864\n|switch|p1b: Banette|Banette, M|100\/100|[from] Baton Pass\n|-item|p2a: Indeedee|Leftovers|[from] ability: Frisk|[of] p1b: Banette|[identify]\n|-item|p2b: Ninetales|Light Clay|[from] ability: Frisk|[of] p1b: Banette|[identify]\n|move|p2b: Ninetales|Dazzling Gleam|p1b: Banette|[spread] p1a,p1b\n|-damage|p1a: Clefable|0 fnt\n|-damage|p1b: Banette|69\/100\n|faint|p1a: Clefable\n|\n|-weather|none\n|-heal|p2a: Indeedee|46\/100|[from] item: Leftovers\n|upkeep\n|\n|t:|1696687868\n|switch|p1a: Polteageist|Polteageist-Antique|64\/100\n|turn|9\n|\n|t:|1696687886\n|detailschange|p1b: Banette|Banette-Mega, M\n|-mega|p1b: Banette|Banette|Banettite\n|move|p2a: Indeedee|Follow Me|p2a: Indeedee\n|-singleturn|p2a: Indeedee|move: Follow Me\n|move|p1b: Banette|Dazzling Gleam|p2a: Indeedee|[spread] p2a,p2b\n|-damage|p2a: Indeedee|26\/100\n|-damage|p2b: Ninetales|79\/100\n|move|p2b: Ninetales|Dazzling Gleam|p1b: Banette|[spread] p1a,p1b\n|-damage|p1a: Polteageist|40\/100\n|-damage|p1b: Banette|41\/100\n|move|p1a: Polteageist|Curse|p2a: Indeedee\n|-start|p2a: Indeedee|Curse|[of] p1a: Polteageist\n|-damage|p1a: Polteageist|0 fnt\n|faint|p1a: Polteageist\n|\n|-heal|p2a: Indeedee|32\/100|[from] item: Leftovers\n|-damage|p2a: Indeedee|7\/100|[from] Curse\n|upkeep\n|\n|t:|1696687898\n|switch|p1a: Breloom|Breloom, M|100\/100\n|turn|10\n|\n|t:|1696687908\n|move|p2a: Indeedee|Follow Me|p2a: Indeedee\n|-singleturn|p2a: Indeedee|move: Follow Me\n|move|p1b: Banette|Thunder Wave|p2a: Indeedee\n|-status|p2a: Indeedee|par\n|move|p2b: Ninetales|Dazzling Gleam|p1b: Banette|[spread] p1a,p1b\n|-supereffective|p1a: Breloom\n|-damage|p1a: Breloom|52\/100\n|-damage|p1b: Banette|14\/100\n|move|p1a: Breloom|Power-Up Punch|p2a: Indeedee\n|-damage|p2a: Indeedee|0 fnt\n|-boost|p1a: Breloom|atk|1\n|faint|p2a: Indeedee\n|\n|-end|p2b: Ninetales|Disable\n|upkeep\n|\n|t:|1696687919\n|switch|p2a: Chandelure|Chandelure, F|100\/100\n|turn|11\n|\n|t:|1696687929\n|move|p1b: Banette|Dazzling Gleam|p2a: Chandelure|[spread] p2a,p2b\n|-resisted|p2a: Chandelure\n|-damage|p2a: Chandelure|89\/100\n|-damage|p2b: Ninetales|58\/100\n|move|p2b: Ninetales|Dazzling Gleam|p1a: Breloom|[spread] p1a,p1b\n|-supereffective|p1a: Breloom\n|-damage|p1a: Breloom|5\/100\n|-damage|p1b: Banette|0 fnt\n|faint|p1b: Banette\n|move|p2a: Chandelure|Flamethrower|p1a: Breloom\n|-supereffective|p1a: Breloom\n|-damage|p1a: Breloom|0 fnt\n|faint|p1a: Breloom\n|\n|win|AerixThorn\n|raw|AnnoyingCanuck's rating: 1099 &rarr; <strong>1071<\/strong><br \/>(-28 for losing)\n|raw|AerixThorn's rating: 1053 &rarr; <strong>1089<\/strong><br \/>(+36 for winning)\n|l|\u2606AnnoyingCanuck\n","uploadtime":1696687949,"views":7,"p1id":"annoyingcanuck","p2id":"aerixthorn","formatid":"gen9nationaldexdoubles","rating":1071,"private":0,"password":""}