{"id":"gen9nationaldexdoubles-1966819373","p1":"lxvliiz","p2":"MatCat19","format":"[Gen 9] National Dex Doubles","log":"|j|\u2606lxvliiz\n|j|\u2606MatCat19\n|t:|1697224535\n|gametype|doubles\n|player|p1|lxvliiz|101|1103\n|player|p2|MatCat19|102|1059\n|teamsize|p1|6\n|teamsize|p2|6\n|gen|9\n|tier|[Gen 9] National Dex Doubles\n|rated|\n|rule|HP Percentage Mod: HP is shown in percentages\n|rule|Endless Battle Clause: Forcing endless battles is banned\n|rule|OHKO Clause: OHKO moves are banned\n|rule|Evasion Moves Clause: Evasion moves are banned\n|rule|Evasion Abilities Clause: Evasion abilities are banned\n|rule|Species Clause: Limit one of each Pok\u00e9mon\n|rule|Gravity Sleep Clause: The combination of sleep-inducing moves with imperfect accuracy and Gravity or Gigantamax Orbeetle are banned\n|clearpoke\n|poke|p1|Torkoal, F|\n|poke|p1|Rillaboom, F|\n|poke|p1|Sinistcha-Masterpiece|\n|poke|p1|Volcarona, F|\n|poke|p1|Blaziken, F|\n|poke|p1|Ogerpon-Cornerstone, F|\n|poke|p2|Empoleon, M|\n|poke|p2|Swanna, F|\n|poke|p2|Sceptile, M|\n|poke|p2|Infernape, M|\n|poke|p2|Electrode-Hisui|\n|poke|p2|Slowbro, M|\n|teampreview\n|\n|t:|1697224548\n|start\n|switch|p1a: Ogerpon|Ogerpon-Cornerstone, F|100\/100\n|switch|p1b: Torkoal|Torkoal, F|100\/100\n|switch|p2a: 007|Empoleon, M|100\/100\n|switch|p2b: Vegita|Electrode-Hisui, shiny|100\/100\n|-weather|SunnyDay|[from] ability: Drought|[of] p1b: Torkoal\n|turn|1\n|\n|t:|1697224569\n|-terastallize|p1b: Torkoal|Fire\n|move|p2b: Vegita|Protect|p2b: Vegita\n|-singleturn|p2b: Vegita|Protect\n|move|p1a: Ogerpon|Follow Me|p1a: Ogerpon\n|-singleturn|p1a: Ogerpon|move: Follow Me\n|move|p2a: 007|Flash Cannon|p1a: Ogerpon\n|-supereffective|p1a: Ogerpon\n|-damage|p1a: Ogerpon|31\/100\n|move|p1b: Torkoal|Eruption|p2a: 007|[spread] p2a\n|-activate|p2b: Vegita|move: Protect\n|-damage|p2a: 007|8\/100\n|-enditem|p2a: 007|Aguav Berry|[eat]\n|-heal|p2a: 007|41\/100|[from] item: Aguav Berry\n|\n|-weather|SunnyDay|[upkeep]\n|upkeep\n|turn|2\n|\n|t:|1697224604\n|switch|p2b: Son Goku|Infernape, M|100\/100\n|move|p1a: Ogerpon|Ivy Cudgel|p2a: 007\n|-resisted|p2a: 007\n|-damage|p2a: 007|12\/100\n|move|p2a: 007|Flash Cannon|p1a: Ogerpon\n|-supereffective|p1a: Ogerpon\n|-damage|p1a: Ogerpon|0 fnt\n|faint|p1a: Ogerpon\n|move|p1b: Torkoal|Eruption|p2b: Son Goku|[spread] p2a,p2b\n|-resisted|p2b: Son Goku\n|-damage|p2a: 007|0 fnt\n|-damage|p2b: Son Goku|51\/100\n|faint|p2a: 007\n|\n|-weather|SunnyDay|[upkeep]\n|upkeep\n|\n|t:|1697224633\n|switch|p1a: Volcarona|Volcarona, F|100\/100\n|switch|p2a: Slowbro|Slowbro, M, shiny|100\/100\n|turn|3\n|\n|t:|1697224648\n|move|p1a: Volcarona|Rage Powder|p1a: Volcarona\n|-singleturn|p1a: Volcarona|move: Rage Powder\n|move|p2b: Son Goku|Acrobatics|p1a: Volcarona\n|-supereffective|p1a: Volcarona\n|-damage|p1a: Volcarona|36\/100\n|move|p2a: Slowbro|Hydro Pump|p1a: Volcarona\n|-supereffective|p1a: Volcarona\n|-damage|p1a: Volcarona|4\/100\n|-enditem|p1a: Volcarona|Wiki Berry|[eat]\n|-heal|p1a: Volcarona|37\/100|[from] item: Wiki Berry\n|move|p1b: Torkoal|Eruption|p2b: Son Goku|[spread] p2a,p2b\n|-resisted|p2a: Slowbro\n|-resisted|p2b: Son Goku\n|-damage|p2a: Slowbro|59\/100\n|-damage|p2b: Son Goku|0 fnt\n|faint|p2b: Son Goku\n|\n|-weather|SunnyDay|[upkeep]\n|upkeep\n|\n|t:|1697224667\n|switch|p2b: Boird|Swanna, F, shiny|100\/100\n|turn|4\n|\n|t:|1697224678\n|switch|p1b: Sinistcha|Sinistcha-Masterpiece|100\/100\n|-heal|p1a: Volcarona|62\/100|[from] ability: Hospitality|[of] p1b: Sinistcha\n|-terastallize|p2b: Boird|Fairy\n|move|p2b: Boird|Rain Dance|p2b: Boird\n|-weather|RainDance\n|move|p1a: Volcarona|Morning Sun|p1a: Volcarona\n|-heal|p1a: Volcarona|87\/100\n|move|p2a: Slowbro|Hydro Pump|p1b: Sinistcha\n|-resisted|p1b: Sinistcha\n|-damage|p1b: Sinistcha|56\/100\n|\n|-weather|RainDance|[upkeep]\n|-heal|p1b: Sinistcha|62\/100|[from] item: Leftovers\n|upkeep\n|turn|5\n|\n|t:|1697224707\n|move|p1a: Volcarona|Protect|p1a: Volcarona\n|-singleturn|p1a: Volcarona|Protect\n|move|p2b: Boird|Hurricane|p1b: Sinistcha\n|-supereffective|p1b: Sinistcha\n|-damage|p1b: Sinistcha|0 fnt\n|faint|p1b: Sinistcha\n|-zpower|p2a: Slowbro\n|move|p2a: Slowbro|Hydro Vortex|p1a: Volcarona|[zeffect]\n|-supereffective|p1a: Volcarona\n|-crit|p1a: Volcarona\n|-zbroken|p1a: Volcarona\n|-damage|p1a: Volcarona|29\/100\n|\n|-weather|RainDance|[upkeep]\n|upkeep\n|\n|t:|1697224719\n|switch|p1b: Torkoal|Torkoal, F, tera:Fire|100\/100\n|-weather|SunnyDay|[from] ability: Drought|[of] p1b: Torkoal\n|turn|6\n|\n|t:|1697224736\n|move|p1a: Volcarona|Rage Powder|p1a: Volcarona\n|-singleturn|p1a: Volcarona|move: Rage Powder\n|move|p2b: Boird|Hydro Pump|p1a: Volcarona\n|-supereffective|p1a: Volcarona\n|-damage|p1a: Volcarona|9\/100\n|move|p2a: Slowbro|Hydro Pump|p1a: Volcarona|[miss]\n|-miss|p2a: Slowbro|p1a: Volcarona\n|move|p1b: Torkoal|Eruption|p2b: Boird|[spread] p2a,p2b\n|-resisted|p2a: Slowbro\n|-damage|p2a: Slowbro|17\/100\n|-damage|p2b: Boird|0 fnt\n|faint|p2b: Boird\n|\n|-weather|SunnyDay|[upkeep]\n|upkeep\n|\n|t:|1697224759\n|switch|p2b: Vegita|Electrode-Hisui, shiny|100\/100\n|turn|7\n|\n|t:|1697224769\n|move|p2b: Vegita|Protect|p2b: Vegita\n|-singleturn|p2b: Vegita|Protect\n|move|p1a: Volcarona|Fiery Dance|p2b: Vegita\n|-activate|p2b: Vegita|move: Protect\n|move|p2a: Slowbro|Hydro Pump|p1a: Volcarona\n|-supereffective|p1a: Volcarona\n|-damage|p1a: Volcarona|0 fnt\n|faint|p1a: Volcarona\n|move|p1b: Torkoal|Eruption|p2a: Slowbro|[spread] p2a\n|-activate|p2b: Vegita|move: Protect\n|-resisted|p2a: Slowbro\n|-damage|p2a: Slowbro|0 fnt\n|faint|p2a: Slowbro\n|\n|-weather|SunnyDay|[upkeep]\n|upkeep\n|\n|t:|1697224786\n|switch|p1a: Rillaboom|Rillaboom, F|100\/100\n|switch|p2a: Djokovic|Sceptile, M|100\/100\n|-fieldstart|move: Grassy Terrain|[from] ability: Grassy Surge|[of] p1a: Rillaboom\n|-enditem|p1a: Rillaboom|Grassy Seed\n|-boost|p1a: Rillaboom|def|1|[from] item: Grassy Seed\n|turn|8\n|\n|t:|1697224825\n|move|p1a: Rillaboom|Grassy Glide|p2b: Vegita\n|-resisted|p2b: Vegita\n|-damage|p2b: Vegita|70\/100\n|move|p2b: Vegita|Rain Dance|p2b: Vegita\n|-weather|RainDance\n|move|p2a: Djokovic|Solar Beam||[still]\n|-prepare|p2a: Djokovic|Solar Beam\n|move|p1b: Torkoal|Eruption|p2b: Vegita|[spread] p2a,p2b\n|-supereffective|p2a: Djokovic\n|-supereffective|p2b: Vegita\n|-damage|p2a: Djokovic|39\/100\n|-damage|p2b: Vegita|0 fnt\n|faint|p2b: Vegita\n|\n|-weather|RainDance|[upkeep]\n|-heal|p2a: Djokovic|45\/100|[from] Grassy Terrain\n|upkeep\n|turn|9\n|\n|t:|1697224844\n|move|p2a: Djokovic|Solar Beam|p1b: Torkoal|[from]lockedmove\n|-resisted|p1b: Torkoal\n|-damage|p1b: Torkoal|87\/100\n|move|p1a: Rillaboom|Knock Off|p2a: Djokovic\n|-damage|p2a: Djokovic|0 fnt\n|-enditem|p2a: Djokovic|Aguav Berry|[from] move: Knock Off|[of] p1a: Rillaboom\n|faint|p2a: Djokovic\n|\n|win|lxvliiz\n|raw|lxvliiz's rating: 1103 &rarr; <strong>1125<\/strong><br \/>(+22 for winning)\n|raw|MatCat19's rating: 1059 &rarr; <strong>1043<\/strong><br \/>(-16 for losing)\n","uploadtime":1697224856,"views":4,"p1id":"lxvliiz","p2id":"matcat19","formatid":"gen9nationaldexdoubles","rating":1043,"private":0,"password":""}