{"id":"gen9nationaldexdoubles-1975252617","p1":"multiingbe","p2":"didly","format":"[Gen 9] National Dex Doubles","log":"|j|\u2606multiingbe\n|j|\u2606didly\n|t:|1698173814\n|gametype|doubles\n|player|p1|multiingbe|kimonogirl|1045\n|player|p2|didly|hiker|1051\n|teamsize|p1|6\n|teamsize|p2|6\n|gen|9\n|tier|[Gen 9] National Dex Doubles\n|rated|\n|rule|HP Percentage Mod: HP is shown in percentages\n|rule|Endless Battle Clause: Forcing endless battles is banned\n|rule|OHKO Clause: OHKO moves are banned\n|rule|Evasion Moves Clause: Evasion moves are banned\n|rule|Evasion Abilities Clause: Evasion abilities are banned\n|rule|Species Clause: Limit one of each Pok\u00e9mon\n|rule|Gravity Sleep Clause: The combination of sleep-inducing moves with imperfect accuracy and Gravity or Gigantamax Orbeetle are banned\n|clearpoke\n|poke|p1|Azumarill, F|\n|poke|p1|Ditto|\n|poke|p1|Politoed, M|\n|poke|p1|Mesprit|\n|poke|p1|Absol, F|\n|poke|p1|Volbeat, M|\n|poke|p2|Alakazam, F|\n|poke|p2|Slaking, F|\n|poke|p2|Regigigas|\n|poke|p2|Manaphy|\n|poke|p2|Sableye, M|\n|poke|p2|Chansey, F|\n|teampreview\n|\n|t:|1698173829\n|start\n|switch|p1a: Refivirsant|Absol, F|100\/100\n|switch|p1b: Etudelki|Azumarill, F|100\/100\n|switch|p2a: Alakazam|Alakazam, F|100\/100\n|switch|p2b: Slaking|Slaking, F|100\/100\n|-ability|p1a: Refivirsant|Pressure\n|turn|1\n|\n|t:|1698173919\n|detailschange|p1a: Refivirsant|Absol-Mega, F\n|-mega|p1a: Refivirsant|Absol|Absolite\n|move|p2b: Slaking|Sucker Punch|p1a: Refivirsant\n|-resisted|p1a: Refivirsant\n|-damage|p1a: Refivirsant|69\/100\n|move|p2a: Alakazam|Skill Swap|p2b: Slaking\n|-activate|p2a: Alakazam|move: Skill Swap|||[of] p2b: Slaking\n|move|p1a: Refivirsant|Knock Off|p2b: Slaking\n|-damage|p2b: Slaking|62\/100\n|-enditem|p2b: Slaking|Assault Vest|[from] move: Knock Off|[of] p1a: Refivirsant\n|move|p1b: Etudelki|Body Slam|p2b: Slaking\n|-damage|p2b: Slaking|31\/100\n|-status|p2b: Slaking|par\n|-activate|p2b: Slaking|ability: Synchronize\n|-status|p1b: Etudelki|par\n|\n|upkeep\n|turn|2\n|\n|t:|1698173953\n|-terastallize|p1b: Etudelki|Water\n|move|p1b: Etudelki|Aqua Jet|p2b: Slaking\n|-damage|p2b: Slaking|4\/100 par\n|cant|p2a: Alakazam|ability: Truant\n|move|p1a: Refivirsant|Knock Off|p2a: Alakazam\n|-supereffective|p2a: Alakazam\n|-enditem|p2a: Alakazam|Focus Sash\n|-damage|p2a: Alakazam|1\/100\n|cant|p2b: Slaking|par\n|\n|upkeep\n|turn|3\n|\n|t:|1698173972\n|move|p2b: Slaking|Sucker Punch|p1a: Refivirsant\n|-resisted|p1a: Refivirsant\n|-damage|p1a: Refivirsant|40\/100\n|move|p1b: Etudelki|Aqua Jet|p2a: Alakazam\n|-damage|p2a: Alakazam|0 fnt\n|faint|p2a: Alakazam\n|move|p1a: Refivirsant|Ice Beam|p2b: Slaking\n|-damage|p2b: Slaking|0 fnt\n|faint|p2b: Slaking\n|\n|upkeep\n|\n|t:|1698173984\n|switch|p2a: Regigigas|Regigigas|100\/100\n|switch|p2b: Manaphy|Manaphy|100\/100\n|-start|p2a: Regigigas|ability: Slow Start\n|turn|4\n|\n|t:|1698174001\n|switch|p1b: Wen Tji|Politoed, M|100\/100\n|-weather|RainDance|[from] ability: Drizzle|[of] p1b: Wen Tji\n|move|p1a: Refivirsant|Knock Off|p2b: Manaphy\n|-damage|p2b: Manaphy|54\/100\n|-enditem|p2b: Manaphy|Focus Sash|[from] move: Knock Off|[of] p1a: Refivirsant\n|move|p2b: Manaphy|Skill Swap|p2a: Regigigas\n|-activate|p2b: Manaphy|move: Skill Swap|||[of] p2a: Regigigas\n|-end|p2a: Regigigas|Slow Start|[silent]\n|-start|p2b: Manaphy|ability: Slow Start\n|move|p2a: Regigigas|Power-Up Punch|p1a: Refivirsant\n|-supereffective|p1a: Refivirsant\n|-damage|p1a: Refivirsant|0 fnt\n|-boost|p2a: Regigigas|atk|1\n|faint|p1a: Refivirsant\n|\n|-weather|RainDance|[upkeep]\n|upkeep\n|\n|t:|1698174020\n|switch|p1a: Etudelki|Azumarill, F, tera:Water|100\/100 par\n|turn|5\n|\n|t:|1698174033\n|cant|p1a: Etudelki|par\n|move|p2a: Regigigas|Heavy Slam|p1a: Etudelki\n|-resisted|p1a: Etudelki\n|-damage|p1a: Etudelki|56\/100 par\n|move|p2b: Manaphy|Skill Swap|p1b: Wen Tji\n|-activate|p2b: Manaphy|move: Skill Swap|Drizzle|Slow Start|[of] p1b: Wen Tji\n|-end|p2b: Manaphy|Slow Start|[silent]\n|-start|p1b: Wen Tji|ability: Slow Start\n|move|p1b: Wen Tji|Waterfall|p2a: Regigigas\n|-damage|p2a: Regigigas|81\/100\n|\n|-weather|RainDance|[upkeep]\n|upkeep\n|turn|6\n|\n|t:|1698174056\n|-end|p1b: Wen Tji|Slow Start|[silent]\n|switch|p1b: Muninai|Ditto|100\/100\n|-transform|p1b: Muninai|p2a: Regigigas|[from] ability: Imposter\n|move|p1a: Etudelki|Aqua Jet|p2a: Regigigas\n|-damage|p2a: Regigigas|37\/100\n|move|p2a: Regigigas|Heavy Slam|p1a: Etudelki\n|-resisted|p1a: Etudelki\n|-damage|p1a: Etudelki|13\/100 par\n|move|p2b: Manaphy|Energy Ball|p1b: Muninai\n|-damage|p1b: Muninai|74\/100\n|\n|-weather|RainDance|[upkeep]\n|upkeep\n|turn|7\n|\n|t:|1698174080\n|move|p1a: Etudelki|Aqua Jet|p2a: Regigigas\n|-damage|p2a: Regigigas|0 fnt\n|faint|p2a: Regigigas\n|move|p2b: Manaphy|Energy Ball|p1a: Etudelki\n|-supereffective|p1a: Etudelki\n|-damage|p1a: Etudelki|0 fnt\n|faint|p1a: Etudelki\n|move|p1b: Muninai|Power-Up Punch|p2b: Manaphy\n|-damage|p2b: Manaphy|30\/100\n|-boost|p1b: Muninai|atk|1\n|\n|-weather|RainDance|[upkeep]\n|upkeep\n|\n|t:|1698174094\n|switch|p2a: Sableye|Sableye, M|100\/100\n|switch|p1a: Wen Tji|Politoed, M|100\/100\n|turn|8\n|\n|t:|1698174117\n|detailschange|p2a: Sableye|Sableye-Mega, M\n|-mega|p2a: Sableye|Sableye|Sablenite\n|move|p1b: Muninai|Power-Up Punch|p2b: Manaphy\n|-damage|p2b: Manaphy|0 fnt\n|-boost|p1b: Muninai|atk|1\n|faint|p2b: Manaphy\n|move|p1a: Wen Tji|Waterfall|p2a: Sableye\n|-damage|p2a: Sableye|56\/100\n|cant|p2a: Sableye|flinch\n|\n|-weather|none\n|upkeep\n|\n|t:|1698174127\n|switch|p2b: Chansey|Chansey, F|100\/100\n|turn|9\n|\n|t:|1698174161\n|switch|p1a: Oerhywhyn|Volbeat, M|100\/100\n|move|p1b: Muninai|Power-Up Punch|p2b: Chansey\n|-supereffective|p2b: Chansey\n|-damage|p2b: Chansey|10\/100\n|-boost|p1b: Muninai|atk|1\n|move|p2b: Chansey|Drain Punch|p1b: Muninai\n|-supereffective|p1b: Muninai\n|-crit|p1b: Muninai\n|-damage|p1b: Muninai|63\/100\n|-heal|p2b: Chansey|13\/100|[from] drain|[of] p1b: Muninai\n|move|p2a: Sableye|Shadow Claw|p1b: Muninai\n|-immune|p1b: Muninai\n|\n|upkeep\n|turn|10\n|-message|didly forfeited.\n|\n|win|multiingbe\n|raw|multiingbe's rating: 1045 &rarr; <strong>1079<\/strong><br \/>(+34 for winning)\n|raw|didly's rating: 1051 &rarr; <strong>1033<\/strong><br \/>(-18 for losing)\n|l|\u2606didly\n","uploadtime":1698174185,"views":12,"p1id":"multiingbe","p2id":"didly","formatid":"gen9nationaldexdoubles","rating":1033,"private":0,"password":""}