{"id":"gen9nationaldexdoubles-1978770854","p1":"multiingbe","p2":"XxEXOxX","format":"[Gen 9] National Dex Doubles","log":"|j|\u2606multiingbe\n|j|\u2606XxEXOxX\n|t:|1698593117\n|gametype|doubles\n|player|p1|multiingbe|kimonogirl|1029\n|player|p2|XxEXOxX|169|1087\n|teamsize|p1|6\n|teamsize|p2|6\n|gen|9\n|tier|[Gen 9] National Dex Doubles\n|rated|\n|rule|HP Percentage Mod: HP is shown in percentages\n|rule|Endless Battle Clause: Forcing endless battles is banned\n|rule|OHKO Clause: OHKO moves are banned\n|rule|Evasion Moves Clause: Evasion moves are banned\n|rule|Evasion Abilities Clause: Evasion abilities are banned\n|rule|Species Clause: Limit one of each Pok\u00e9mon\n|rule|Gravity Sleep Clause: The combination of sleep-inducing moves with imperfect accuracy and Gravity or Gigantamax Orbeetle are banned\n|clearpoke\n|poke|p1|Azumarill, F|\n|poke|p1|Dewgong, M|\n|poke|p1|Ninetales-Alola, M|\n|poke|p1|Blastoise, M|\n|poke|p1|Volbeat, M|\n|poke|p1|Comfey, F|\n|poke|p2|Sinistcha|\n|poke|p2|Palafin, M|\n|poke|p2|Pelipper, F|\n|poke|p2|Zapdos|\n|poke|p2|Ogerpon-Hearthflame, F|\n|poke|p2|Torkoal, M|\n|teampreview\n|inactive|Battle timer is ON: inactive players will automatically lose when time's up. (requested by XxEXOxX)\n|\n|t:|1698593129\n|start\n|switch|p1a: Ueuwady|Dewgong, M, shiny|100\/100\n|switch|p1b: Vamauah|Ninetales-Alola, M|100\/100\n|switch|p2a: Palafin|Palafin, M, shiny|100\/100\n|switch|p2b: Pelipper|Pelipper, F, shiny|100\/100\n|-weather|Snow|[from] ability: Snow Warning|[of] p1b: Vamauah\n|-weather|RainDance|[from] ability: Drizzle|[of] p2b: Pelipper\n|turn|1\n|\n|t:|1698593150\n|-terastallize|p1b: Vamauah|Ice\n|move|p1a: Ueuwady|Fake Out|p2a: Palafin\n|-damage|p2a: Palafin|93\/100\n|cant|p2a: Palafin|flinch\n|move|p1b: Vamauah|Blizzard|p2a: Palafin|[spread] p2a,p2b\n|-resisted|p2a: Palafin\n|-damage|p2a: Palafin|67\/100\n|-damage|p2b: Pelipper|32\/100\n|move|p2b: Pelipper|Tailwind|p2b: Pelipper\n|-sidestart|p2: XxEXOxX|move: Tailwind\n|\n|-weather|RainDance|[upkeep]\n|-heal|p2a: Palafin|73\/100|[from] item: Leftovers\n|-heal|p2b: Pelipper|39\/100|[from] item: Leftovers\n|upkeep\n|turn|2\n|\n|t:|1698593171\n|switch|p1a: Etudelki|Azumarill, F|100\/100\n|move|p2a: Palafin|Flip Turn|p1b: Vamauah\n|-damage|p1b: Vamauah|64\/100\n|\n|t:|1698593183\n|detailschange|p2a: Palafin|Palafin-Hero, M, shiny\n|switch|p2a: Torkoal|Torkoal, M, shiny|100\/100|[from] Flip Turn\n|-weather|SunnyDay|[from] ability: Drought|[of] p2a: Torkoal\n|move|p2b: Pelipper|U-turn|p1a: Etudelki\n|-resisted|p1a: Etudelki\n|-damage|p1a: Etudelki|93\/100\n|\n|t:|1698593187\n|switch|p2b: Palafin|Palafin-Hero, M, shiny|73\/100|[from] U-turn\n|-activate|p2b: Palafin|ability: Zero to Hero\n|move|p1b: Vamauah|Blizzard|p2b: Palafin|[spread] p2a\n|-miss|p1b: Vamauah|p2b: Palafin\n|-resisted|p2a: Torkoal\n|-damage|p2a: Torkoal|73\/100\n|\n|-weather|SunnyDay|[upkeep]\n|-heal|p2b: Palafin|79\/100|[from] item: Leftovers\n|-heal|p2a: Torkoal|79\/100|[from] item: Leftovers\n|upkeep\n|turn|3\n|\n|t:|1698593210\n|move|p2b: Palafin|Drain Punch|p1b: Vamauah\n|-supereffective|p1b: Vamauah\n|-damage|p1b: Vamauah|0 fnt\n|-heal|p2b: Palafin|100\/100|[from] drain|[of] p1b: Vamauah\n|faint|p1b: Vamauah\n|move|p1a: Etudelki|Body Slam|p2b: Palafin\n|-damage|p2b: Palafin|67\/100\n|-status|p2b: Palafin|par\n|move|p2a: Torkoal|Stealth Rock|p1a: Etudelki\n|-sidestart|p1: multiingbe|move: Stealth Rock\n|\n|-weather|SunnyDay|[upkeep]\n|-heal|p2b: Palafin|73\/100 par|[from] item: Leftovers\n|-heal|p2a: Torkoal|86\/100|[from] item: Leftovers\n|upkeep\n|inactive|multiingbe has 120 seconds left.\n|\n|t:|1698593225\n|switch|p1b: Teg|Blastoise, M|100\/100\n|-damage|p1b: Teg|88\/100|[from] Stealth Rock\n|turn|4\n|\n|t:|1698593240\n|detailschange|p1b: Teg|Blastoise-Mega, M\n|-mega|p1b: Teg|Blastoise|Blastoisinite\n|move|p2a: Torkoal|Protect|p2a: Torkoal\n|-singleturn|p2a: Torkoal|Protect\n|move|p2b: Palafin|Drain Punch|p1b: Teg\n|-damage|p1b: Teg|65\/100\n|-heal|p2b: Palafin|85\/100 par|[from] drain|[of] p1b: Teg\n|move|p1b: Teg|Icy Wind|p2a: Torkoal|[spread] p2b\n|-activate|p2a: Torkoal|move: Protect\n|-resisted|p2b: Palafin\n|-damage|p2b: Palafin|78\/100 par\n|-unboost|p2b: Palafin|spe|1\n|move|p1a: Etudelki|Body Slam|p2b: Palafin\n|-damage|p2b: Palafin|44\/100 par\n|\n|-weather|SunnyDay|[upkeep]\n|-heal|p2b: Palafin|50\/100 par|[from] item: Leftovers\n|-heal|p2a: Torkoal|92\/100|[from] item: Leftovers\n|-sideend|p2: XxEXOxX|move: Tailwind\n|upkeep\n|turn|5\n|\n|t:|1698593265\n|move|p1a: Etudelki|Body Slam|p2b: Palafin\n|-damage|p2b: Palafin|16\/100 par\n|cant|p2b: Palafin|par\n|move|p2a: Torkoal|Rapid Spin|p1a: Etudelki\n|-damage|p1a: Etudelki|80\/100\n|-boost|p2a: Torkoal|spe|1\n|move|p1b: Teg|Counter||[still]\n|-fail|p1b: Teg\n|\n|-weather|SunnyDay|[upkeep]\n|-heal|p2b: Palafin|23\/100 par|[from] item: Leftovers\n|-heal|p2a: Torkoal|98\/100|[from] item: Leftovers\n|upkeep\n|turn|6\n|\n|t:|1698593289\n|move|p1b: Teg|Dark Pulse|p2b: Palafin\n|-crit|p2b: Palafin\n|-damage|p2b: Palafin|0 fnt\n|faint|p2b: Palafin\n|move|p1a: Etudelki|Body Slam|p2a: Torkoal\n|-damage|p2a: Torkoal|74\/100\n|-status|p2a: Torkoal|par\n|move|p2a: Torkoal|Rapid Spin|p1a: Etudelki\n|-damage|p1a: Etudelki|65\/100\n|-boost|p2a: Torkoal|spe|1\n|\n|-weather|none\n|-heal|p2a: Torkoal|80\/100 par|[from] item: Leftovers\n|upkeep\n|\n|t:|1698593299\n|switch|p2b: Sinistcha|Sinistcha, shiny|100\/100\n|turn|7\n|\n|t:|1698593308\n|move|p2a: Torkoal|Protect|p2a: Torkoal\n|-singleturn|p2a: Torkoal|Protect\n|move|p1a: Etudelki|Aqua Jet|p2a: Torkoal\n|-activate|p2a: Torkoal|move: Protect\n|move|p2b: Sinistcha|Matcha Gotcha|p1b: Teg|[spread] p1a\n|-miss|p2b: Sinistcha|p1b: Teg\n|-supereffective|p1a: Etudelki\n|-damage|p1a: Etudelki|35\/100\n|move|p1b: Teg|Dark Pulse|p2b: Sinistcha\n|-supereffective|p2b: Sinistcha\n|-damage|p2b: Sinistcha|23\/100\n|\n|-heal|p2a: Torkoal|86\/100 par|[from] item: Leftovers\n|upkeep\n|turn|8\n|\n|t:|1698593326\n|move|p1a: Etudelki|Aqua Jet|p2a: Torkoal\n|-supereffective|p2a: Torkoal\n|-damage|p2a: Torkoal|48\/100 par\n|move|p2b: Sinistcha|Matcha Gotcha|p1a: Etudelki|[spread] p1a,p1b\n|-supereffective|p1a: Etudelki\n|-crit|p1a: Etudelki\n|-supereffective|p1b: Teg\n|-damage|p1a: Etudelki|0 fnt\n|-heal|p2b: Sinistcha|43\/100|[from] drain|[of] p1a: Etudelki\n|-damage|p1b: Teg|26\/100\n|-heal|p2b: Sinistcha|67\/100|[from] drain|[of] p1b: Teg\n|faint|p1a: Etudelki\n|move|p1b: Teg|Icy Wind|p2b: Sinistcha|[spread] p2a,p2b\n|-resisted|p2a: Torkoal\n|-supereffective|p2b: Sinistcha\n|-damage|p2a: Torkoal|38\/100 par\n|-damage|p2b: Sinistcha|39\/100\n|-unboost|p2a: Torkoal|spe|1\n|-unboost|p2b: Sinistcha|spe|1\n|cant|p2a: Torkoal|par\n|\n|-heal|p2a: Torkoal|45\/100 par|[from] item: Leftovers\n|upkeep\n|\n|t:|1698593346\n|switch|p1a: Veledmej|Comfey, F|100\/100\n|-damage|p1a: Veledmej|88\/100|[from] Stealth Rock\n|turn|9\n|\n|t:|1698593353\n|move|p2a: Torkoal|Protect|p2a: Torkoal\n|-singleturn|p2a: Torkoal|Protect\n|move|p1a: Veledmej|Floral Healing|p1b: Teg\n|-heal|p1b: Teg|76\/100\n|move|p1b: Teg|Dark Pulse|p2b: Sinistcha\n|-supereffective|p2b: Sinistcha\n|-damage|p2b: Sinistcha|0 fnt\n|faint|p2b: Sinistcha\n|\n|-heal|p2a: Torkoal|51\/100 par|[from] item: Leftovers\n|upkeep\n|\n|t:|1698593375\n|switch|p2b: Zapdos|Zapdos, shiny|100\/100\n|turn|10\n|\n|t:|1698593384\n|switch|p2a: Pelipper|Pelipper, F, shiny|39\/100\n|-weather|RainDance|[from] ability: Drizzle|[of] p2a: Pelipper\n|move|p1a: Veledmej|Ally Switch|p1a: Veledmej\n|swap|p1a: Veledmej|1|[from] move: Ally Switch\n|move|p2b: Zapdos|Thunder|p1b: Veledmej\n|-damage|p1b: Veledmej|32\/100\n|move|p1a: Teg|Icy Wind|p2b: Zapdos|[spread] p2a,p2b\n|-supereffective|p2b: Zapdos\n|-damage|p2a: Pelipper|16\/100\n|-damage|p2b: Zapdos|69\/100\n|-unboost|p2a: Pelipper|spe|1\n|-unboost|p2b: Zapdos|spe|1\n|\n|-weather|RainDance|[upkeep]\n|-heal|p2b: Zapdos|75\/100|[from] item: Leftovers\n|-heal|p2a: Pelipper|22\/100|[from] item: Leftovers\n|upkeep\n|turn|11\n|\n|t:|1698593403\n|move|p1b: Veledmej|Floral Healing|p1a: Teg\n|-heal|p1a: Teg|100\/100\n|move|p2b: Zapdos|Thunder|p1a: Teg\n|-supereffective|p1a: Teg\n|-damage|p1a: Teg|17\/100\n|move|p1a: Teg|Blizzard|p2a: Pelipper|[spread] p2b\n|-miss|p1a: Teg|p2a: Pelipper\n|-supereffective|p2b: Zapdos\n|-damage|p2b: Zapdos|16\/100\n|move|p2a: Pelipper|Tailwind|p2a: Pelipper\n|-sidestart|p2: XxEXOxX|move: Tailwind\n|\n|-weather|RainDance|[upkeep]\n|-heal|p2b: Zapdos|22\/100|[from] item: Leftovers\n|-heal|p2a: Pelipper|28\/100|[from] item: Leftovers\n|upkeep\n|turn|12\n|\n|t:|1698593421\n|move|p1b: Veledmej|Ally Switch|p1b: Veledmej\n|swap|p1b: Veledmej|0|[from] move: Ally Switch\n|move|p2b: Zapdos|Thunder|p1a: Veledmej\n|-damage|p1a: Veledmej|0 fnt\n|faint|p1a: Veledmej\n|move|p2a: Pelipper|Roost|p2a: Pelipper\n|-heal|p2a: Pelipper|78\/100\n|-singleturn|p2a: Pelipper|move: Roost\n|move|p1b: Teg|Icy Wind|p2a: Pelipper|[spread] p2a,p2b\n|-resisted|p2a: Pelipper\n|-supereffective|p2b: Zapdos\n|-damage|p2a: Pelipper|67\/100\n|-damage|p2b: Zapdos|0 fnt\n|-unboost|p2a: Pelipper|spe|1\n|faint|p2b: Zapdos\n|\n|-weather|RainDance|[upkeep]\n|-heal|p2a: Pelipper|73\/100|[from] item: Leftovers\n|upkeep\n|\n|t:|1698593439\n|switch|p2b: Ogerpon|Ogerpon-Hearthflame, F|100\/100\n|switch|p1a: Ueuwady|Dewgong, M, shiny|100\/100\n|-ability|p2b: Ogerpon|Mold Breaker\n|-damage|p1a: Ueuwady|75\/100|[from] Stealth Rock\n|turn|13\n|\n|t:|1698593469\n|move|p1a: Ueuwady|Fake Out|p2b: Ogerpon\n|-damage|p2b: Ogerpon|93\/100\n|cant|p2b: Ogerpon|flinch\n|move|p2a: Pelipper|U-turn|p1a: Ueuwady\n|-damage|p1a: Ueuwady|62\/100\n|\n|t:|1698593476\n|switch|p2a: Torkoal|Torkoal, M, shiny|51\/100 par|[from] U-turn\n|-weather|SunnyDay|[from] ability: Drought|[of] p2a: Torkoal\n|move|p1b: Teg|Dark Pulse|p2b: Ogerpon\n|-damage|p2b: Ogerpon|51\/100\n|\n|-weather|SunnyDay|[upkeep]\n|-heal|p2a: Torkoal|57\/100 par|[from] item: Leftovers\n|upkeep\n|turn|14\n|\n|t:|1698593490\n|move|p2a: Torkoal|Protect|p2a: Torkoal\n|-singleturn|p2a: Torkoal|Protect\n|move|p2b: Ogerpon|Leech Seed|p1a: Ueuwady\n|-start|p1a: Ueuwady|move: Leech Seed\n|move|p1a: Ueuwady|Ice Beam|p2b: Ogerpon\n|-damage|p2b: Ogerpon|11\/100\n|move|p1b: Teg|Icy Wind|p2a: Torkoal|[spread] p2b\n|-activate|p2a: Torkoal|move: Protect\n|-damage|p2b: Ogerpon|0 fnt\n|faint|p2b: Ogerpon\n|\n|-weather|SunnyDay|[upkeep]\n|-heal|p2a: Torkoal|63\/100 par|[from] item: Leftovers\n|-sideend|p2: XxEXOxX|move: Tailwind\n|upkeep\n|\n|t:|1698593506\n|switch|p2b: Pelipper|Pelipper, F, shiny|73\/100\n|-weather|RainDance|[from] ability: Drizzle|[of] p2b: Pelipper\n|turn|15\n|-message|multiingbe forfeited.\n|\n|win|XxEXOxX\n|raw|multiingbe's rating: 1029 &rarr; <strong>1017<\/strong><br \/>(-12 for losing)\n|raw|XxEXOxX's rating: 1087 &rarr; <strong>1109<\/strong><br \/>(+22 for winning)\n|l|\u2606XxEXOxX\n","uploadtime":1698593512,"views":7,"p1id":"multiingbe","p2id":"xxexoxx","formatid":"gen9nationaldexdoubles","rating":1017,"private":0,"password":""}