{"id":"gen9nationaldexdoubles-1991072498","p1":"Apex_17","p2":"DADA2077","format":"[Gen 9] National Dex Doubles","log":"|j|\u2606Apex_17\n|j|\u2606DADA2077\n|t:|1700038430\n|gametype|doubles\n|player|p1|Apex_17|acetrainer-gen4|1092\n|player|p2|DADA2077|iris-gen5bw2|1000\n|teamsize|p1|6\n|teamsize|p2|6\n|gen|9\n|tier|[Gen 9] National Dex Doubles\n|rated|\n|rule|HP Percentage Mod: HP is shown in percentages\n|rule|Endless Battle Clause: Forcing endless battles is banned\n|rule|OHKO Clause: OHKO moves are banned\n|rule|Evasion Moves Clause: Evasion moves are banned\n|rule|Evasion Abilities Clause: Evasion abilities are banned\n|rule|Species Clause: Limit one of each Pok\u00e9mon\n|rule|Gravity Sleep Clause: The combination of sleep-inducing moves with imperfect accuracy and Gravity or Gigantamax Orbeetle are banned\n|clearpoke\n|poke|p1|Garchomp, M|\n|poke|p1|Tyranitar, M|\n|poke|p1|Talonflame, F|\n|poke|p1|Salamence, F|\n|poke|p1|Charizard, F|\n|poke|p1|Dragonite, F|\n|poke|p2|Salamence, M|\n|poke|p2|Indeedee-F, F|\n|poke|p2|Amoonguss, F|\n|poke|p2|Zapdos-Galar|\n|poke|p2|Chien-Pao|\n|poke|p2|Flutter Mane|\n|teampreview\n|\n|t:|1700038440\n|start\n|switch|p1a: Zonda|Garchomp, M|100\/100\n|switch|p1b: Godzilla|Tyranitar, M|100\/100\n|switch|p2a: Salamence|Salamence, M|100\/100\n|switch|p2b: Indeedee|Indeedee-F, F|100\/100\n|-ability|p2a: Salamence|Intimidate|boost\n|-unboost|p1a: Zonda|atk|1\n|-unboost|p1b: Godzilla|atk|1\n|-enditem|p1b: Godzilla|White Herb\n|-clearnegativeboost|p1b: Godzilla|[silent]\n|-weather|Sandstorm|[from] ability: Sand Stream|[of] p1b: Godzilla\n|turn|1\n|\n|t:|1700038457\n|detailschange|p2a: Salamence|Salamence-Mega, M\n|-mega|p2a: Salamence|Salamence|Salamencite\n|move|p2b: Indeedee|Fake Out|p1a: Zonda\n|-damage|p1a: Zonda|93\/100\n|-damage|p2b: Indeedee|88\/100|[from] ability: Rough Skin|[of] p1a: Zonda\n|-damage|p2b: Indeedee|72\/100|[from] item: Rocky Helmet|[of] p1a: Zonda\n|move|p2a: Salamence|Dragon Dance|p2a: Salamence\n|-boost|p2a: Salamence|atk|1\n|-boost|p2a: Salamence|spe|1\n|cant|p1a: Zonda|flinch\n|move|p1b: Godzilla|Stone Edge|p2a: Salamence\n|-supereffective|p2a: Salamence\n|-crit|p2a: Salamence\n|-damage|p2a: Salamence|0 fnt\n|faint|p2a: Salamence\n|\n|-weather|Sandstorm|[upkeep]\n|-damage|p2b: Indeedee|66\/100|[from] Sandstorm\n|upkeep\n|\n|t:|1700038473\n|switch|p2a: Flutter Mane|Flutter Mane|100\/100\n|-enditem|p2a: Flutter Mane|Booster Energy\n|-activate|p2a: Flutter Mane|ability: Protosynthesis|[fromitem]\n|-start|p2a: Flutter Mane|protosynthesisspe\n|turn|2\n|inactive|Battle timer is ON: inactive players will automatically lose when time's up. (requested by DADA2077)\n|\n|t:|1700038492\n|move|p2b: Indeedee|Helping Hand|p2a: Flutter Mane\n|-singleturn|p2a: Flutter Mane|Helping Hand|[of] p2b: Indeedee\n|move|p2a: Flutter Mane|Dazzling Gleam|p1a: Zonda|[spread] p1a,p1b\n|-supereffective|p1a: Zonda\n|-supereffective|p1b: Godzilla\n|-damage|p1a: Zonda|0 fnt\n|-damage|p1b: Godzilla|31\/100\n|faint|p1a: Zonda\n|move|p1b: Godzilla|Dragon Dance|p1b: Godzilla\n|-boost|p1b: Godzilla|atk|1\n|-boost|p1b: Godzilla|spe|1\n|\n|-weather|Sandstorm|[upkeep]\n|-damage|p2a: Flutter Mane|95\/100|[from] Sandstorm\n|-damage|p2b: Indeedee|60\/100|[from] Sandstorm\n|upkeep\n|\n|t:|1700038505\n|switch|p1a: Artarka|Dragonite, F|100\/100\n|turn|3\n|\n|t:|1700038515\n|move|p2b: Indeedee|Helping Hand|p2a: Flutter Mane\n|-singleturn|p2a: Flutter Mane|Helping Hand|[of] p2b: Indeedee\n|move|p1a: Artarka|Extreme Speed|p2b: Indeedee\n|-damage|p2b: Indeedee|21\/100\n|-enditem|p2b: Indeedee|Aguav Berry|[eat]\n|-heal|p2b: Indeedee|54\/100|[from] item: Aguav Berry\n|move|p2a: Flutter Mane|Dazzling Gleam|p1a: Artarka|[spread] p1a,p1b\n|-supereffective|p1a: Artarka\n|-supereffective|p1b: Godzilla\n|-damage|p1a: Artarka|0 fnt\n|-damage|p1b: Godzilla|0 fnt\n|faint|p1a: Artarka\n|faint|p1b: Godzilla\n|\n|-weather|Sandstorm|[upkeep]\n|-damage|p2a: Flutter Mane|89\/100|[from] Sandstorm\n|-damage|p2b: Indeedee|48\/100|[from] Sandstorm\n|upkeep\n|\n|t:|1700038531\n|switch|p1a: C. Falcon|Talonflame, F|100\/100\n|switch|p1b: Flowmaster|Charizard, F|100\/100\n|turn|4\n|inactive|DADA2077 has 120 seconds left.\n|\n|t:|1700038577\n|detailschange|p1b: Flowmaster|Charizard-Mega-Y, F\n|-mega|p1b: Flowmaster|Charizard|Charizardite Y\n|-weather|SunnyDay|[from] ability: Drought|[of] p1b: Flowmaster\n|-terastallize|p2a: Flutter Mane|Ghost\n|move|p2b: Indeedee|Follow Me|p2b: Indeedee\n|-singleturn|p2b: Indeedee|move: Follow Me\n|move|p2a: Flutter Mane|Shadow Ball|p1b: Flowmaster\n|-damage|p1b: Flowmaster|44\/100\n|-unboost|p1b: Flowmaster|spd|1\n|move|p1a: C. Falcon|Flare Blitz|p2b: Indeedee\n|-damage|p2b: Indeedee|0 fnt\n|faint|p2b: Indeedee\n|-damage|p1a: C. Falcon|84\/100|[from] Recoil\n|-damage|p1a: C. Falcon|74\/100|[from] item: Life Orb\n|move|p1b: Flowmaster|Flamethrower|p2a: Flutter Mane\n|-damage|p2a: Flutter Mane|0 fnt\n|faint|p2a: Flutter Mane\n|-end|p2a: Flutter Mane|Protosynthesis|[silent]\n|\n|-weather|SunnyDay|[upkeep]\n|upkeep\n|inactive|DADA2077 has 90 seconds left.\n|\n|t:|1700038601\n|switch|p2a: Chien-Pao|Chien-Pao|100\/100\n|switch|p2b: Amoonguss|Amoonguss, F|100\/100\n|-ability|p2a: Chien-Pao|Sword of Ruin\n|turn|5\n|\n|t:|1700038624\n|move|p2a: Chien-Pao|Sucker Punch|p1b: Flowmaster\n|-damage|p1b: Flowmaster|0 fnt\n|faint|p1b: Flowmaster\n|move|p1a: C. Falcon|Flare Blitz|p2a: Chien-Pao\n|-supereffective|p2a: Chien-Pao\n|-enditem|p2a: Chien-Pao|Focus Sash\n|-damage|p2a: Chien-Pao|1\/100\n|-damage|p1a: C. Falcon|41\/100|[from] Recoil\n|-damage|p1a: C. Falcon|31\/100|[from] item: Life Orb\n|move|p2b: Amoonguss|Spore|p1a: C. Falcon\n|-status|p1a: C. Falcon|slp|[from] move: Spore\n|\n|-weather|SunnyDay|[upkeep]\n|upkeep\n|\n|t:|1700038636\n|switch|p1b: Salamence|Salamence, F|100\/100\n|turn|6\n|inactive|DADA2077 has 120 seconds left.\n|\n|t:|1700038650\n|cant|p1a: C. Falcon|slp\n|move|p2a: Chien-Pao|Ice Spinner|p1b: Salamence\n|-supereffective|p1b: Salamence\n|-enditem|p1b: Salamence|Focus Sash\n|-damage|p1b: Salamence|1\/100\n|move|p1b: Salamence|Earthquake|p2a: Chien-Pao|[spread] p2a,p2b\n|-immune|p1a: C. Falcon\n|-damage|p2a: Chien-Pao|0 fnt\n|-damage|p2b: Amoonguss|66\/100\n|faint|p2a: Chien-Pao\n|-ability|p1b: Salamence|Moxie|boost\n|-boost|p1b: Salamence|atk|1\n|move|p2b: Amoonguss|Substitute|p2b: Amoonguss\n|-start|p2b: Amoonguss|Substitute\n|-damage|p2b: Amoonguss|41\/100\n|\n|-weather|SunnyDay|[upkeep]\n|-heal|p2b: Amoonguss|47\/100|[from] item: Leftovers\n|upkeep\n|\n|t:|1700038669\n|switch|p2a: Zapdos|Zapdos-Galar|100\/100\n|turn|7\n|inactive|DADA2077 has 120 seconds left.\n|\n|t:|1700038684\n|cant|p1a: C. Falcon|slp\n|move|p1b: Salamence|Fire Fang|p2a: Zapdos\n|-damage|p2a: Zapdos|43\/100\n|move|p2a: Zapdos|Thunderous Kick|p1b: Salamence\n|-resisted|p1b: Salamence\n|-damage|p1b: Salamence|0 fnt\n|faint|p1b: Salamence\n|move|p2b: Amoonguss|Spore|p1a: C. Falcon\n|-fail|p1a: C. Falcon|slp\n|\n|-weather|SunnyDay|[upkeep]\n|-heal|p2b: Amoonguss|54\/100|[from] item: Leftovers\n|upkeep\n|turn|8\n|inactive|DADA2077 has 120 seconds left.\n|\n|t:|1700038718\n|cant|p1a: C. Falcon|slp\n|move|p2a: Zapdos|Close Combat|p1a: C. Falcon\n|-resisted|p1a: C. Falcon\n|-damage|p1a: C. Falcon|0 fnt\n|-unboost|p2a: Zapdos|def|1\n|-unboost|p2a: Zapdos|spd|1\n|faint|p1a: C. Falcon\n|\n|win|DADA2077\n|raw|Apex_17's rating: 1092 &rarr; <strong>1062<\/strong><br \/>(-30 for losing)\n|raw|DADA2077's rating: 1000 &rarr; <strong>1050<\/strong><br \/>(+50 for winning)\n|c|\u2606Apex_17|gg\n","uploadtime":1700038728,"views":6,"p1id":"apex17","p2id":"dada2077","formatid":"gen9nationaldexdoubles","rating":1050,"private":0,"password":""}