{"id":"gen9nationaldexdoubles-1988421891","p1":"yogodragon","p2":"Theadonia","format":"[Gen 9] National Dex Doubles","log":"|j|\u2606yogodragon\n|j|\u2606Theadonia\n|t:|1699721190\n|gametype|doubles\n|player|p1|yogodragon|swimmerf-gen4dp|1125\n|player|p2|Theadonia|roxie|1090\n|teamsize|p1|6\n|teamsize|p2|6\n|gen|9\n|tier|[Gen 9] National Dex Doubles\n|rated|\n|rule|HP Percentage Mod: HP is shown in percentages\n|rule|Endless Battle Clause: Forcing endless battles is banned\n|rule|OHKO Clause: OHKO moves are banned\n|rule|Evasion Moves Clause: Evasion moves are banned\n|rule|Evasion Abilities Clause: Evasion abilities are banned\n|rule|Species Clause: Limit one of each Pok\u00e9mon\n|rule|Gravity Sleep Clause: The combination of sleep-inducing moves with imperfect accuracy and Gravity or Gigantamax Orbeetle are banned\n|clearpoke\n|poke|p1|Charizard, F|\n|poke|p1|Blacephalon|\n|poke|p1|Ninetales, F|\n|poke|p1|Ceruledge, F|\n|poke|p1|Mew|\n|poke|p1|Coalossal, F|\n|poke|p2|Furret, F|\n|poke|p2|Oricorio-Sensu, M|\n|poke|p2|Kommo-o, M|\n|poke|p2|Riolu, M|\n|poke|p2|Cresselia, F|\n|poke|p2|Swoobat, F|\n|teampreview\n|\n|t:|1699721205\n|start\n|switch|p1a: Blacephalon|Blacephalon, shiny|100\/100\n|switch|p1b: Ninetales|Ninetales, F, shiny|100\/100\n|switch|p2a: Riolu|Riolu, M|100\/100\n|switch|p2b: Swoobat|Swoobat, F|100\/100\n|-weather|SunnyDay|[from] ability: Drought|[of] p1b: Ninetales\n|turn|1\n|\n|t:|1699721229\n|switch|p1a: Mew|Mew|100\/100\n|move|p2a: Riolu|Coaching|p2b: Swoobat\n|-boost|p2b: Swoobat|atk|2\n|-boost|p2b: Swoobat|def|2\n|move|p2b: Swoobat|Calm Mind|p2b: Swoobat\n|-boost|p2b: Swoobat|spa|2\n|-boost|p2b: Swoobat|spd|2\n|move|p1b: Ninetales|Reflect|p1b: Ninetales\n|-sidestart|p1: yogodragon|Reflect\n|\n|-weather|SunnyDay|[upkeep]\n|upkeep\n|turn|2\n|\n|t:|1699721248\n|move|p2a: Riolu|Coaching|p2b: Swoobat\n|-boost|p2b: Swoobat|atk|2\n|-boost|p2b: Swoobat|def|2\n|move|p2b: Swoobat|Stored Power|p1b: Ninetales\n|-damage|p1b: Ninetales|0 fnt\n|faint|p1b: Ninetales\n|move|p1a: Mew|Trick Room|p1a: Mew\n|-fieldstart|move: Trick Room|[of] p1a: Mew\n|\n|-weather|SunnyDay|[upkeep]\n|upkeep\n|\n|t:|1699721259\n|switch|p1b: Blacephalon|Blacephalon, shiny|100\/100\n|turn|3\n|\n|t:|1699721269\n|switch|p1a: Ceruledge|Ceruledge, F, shiny|100\/100\n|-terastallize|p1b: Blacephalon|Fire\n|move|p2a: Riolu|Copycat|p2a: Riolu\n|move|p2a: Riolu|Trick Room|p2a: Riolu|[from]move: Copycat\n|-fieldend|move: Trick Room\n|move|p2b: Swoobat|Stored Power|p1b: Blacephalon\n|-damage|p1b: Blacephalon|0 fnt\n|faint|p1b: Blacephalon\n|\n|-weather|SunnyDay|[upkeep]\n|upkeep\n|\n|t:|1699721285\n|switch|p1b: Mew|Mew|100\/100\n|turn|4\n|\n|t:|1699721295\n|move|p2a: Riolu|Coaching|p2b: Swoobat\n|-boost|p2b: Swoobat|atk|2\n|-boost|p2b: Swoobat|def|2\n|move|p2b: Swoobat|Stored Power|p1a: Ceruledge\n|-damage|p1a: Ceruledge|0 fnt\n|faint|p1a: Ceruledge\n|move|p1b: Mew|Trick Room|p1b: Mew\n|-fieldstart|move: Trick Room|[of] p1b: Mew\n|\n|-weather|SunnyDay|[upkeep]\n|upkeep\n|\n|t:|1699721306\n|switch|p1a: Coalossal|Coalossal, F|100\/100\n|turn|5\n|\n|t:|1699721321\n|move|p2a: Riolu|Copycat|p2a: Riolu\n|move|p2a: Riolu|Trick Room|p2a: Riolu|[from]move: Copycat\n|-fieldend|move: Trick Room\n|move|p2b: Swoobat|Stored Power|p1a: Coalossal\n|-damage|p1a: Coalossal|0 fnt\n|faint|p1a: Coalossal\n|move|p1b: Mew|Foul Play|p2b: Swoobat\n|-supereffective|p2b: Swoobat\n|-damage|p2b: Swoobat|60\/100\n|\n|-weather|none\n|-sideend|p1: yogodragon|Reflect\n|upkeep\n|\n|t:|1699721334\n|switch|p1a: Charizard|Charizard, F, shiny|100\/100\n|turn|6\n|\n|t:|1699721344\n|detailschange|p1a: Charizard|Charizard-Mega-Y, F, shiny\n|-mega|p1a: Charizard|Charizard|Charizardite Y\n|-weather|SunnyDay|[from] ability: Drought|[of] p1a: Charizard\n|move|p2a: Riolu|Copycat|p2a: Riolu\n|move|p2a: Riolu|Foul Play|p1b: Mew|[from]move: Copycat\n|-supereffective|p1b: Mew\n|-damage|p1b: Mew|68\/100\n|move|p2b: Swoobat|Stored Power|p1a: Charizard\n|-damage|p1a: Charizard|0 fnt\n|faint|p1a: Charizard\n|move|p1b: Mew|Knock Off|p2a: Riolu\n|-resisted|p2a: Riolu\n|-damage|p2a: Riolu|83\/100\n|-enditem|p2a: Riolu|Eviolite|[from] move: Knock Off|[of] p1b: Mew\n|\n|-weather|SunnyDay|[upkeep]\n|upkeep\n|turn|7\n|-message|yogodragon forfeited.\n|\n|win|Theadonia\n|raw|yogodragon's rating: 1125 &rarr; <strong>1097<\/strong><br \/>(-28 for losing)\n|raw|Theadonia's rating: 1090 &rarr; <strong>1119<\/strong><br \/>(+29 for winning)\n|l|\u2606yogodragon\n","uploadtime":1699721369,"views":5,"p1id":"yogodragon","p2id":"theadonia","formatid":"gen9nationaldexdoubles","rating":1097,"private":0,"password":""}