{"id":"gen9nationaldexdoubles-1977076254","p1":"Saxn99","p2":"LowksterP","format":"[Gen 9] National Dex Doubles","log":"|j|\u2606Saxn99\n|j|\u2606LowksterP\n|t:|1698368870\n|gametype|doubles\n|player|p1|Saxn99|brock|1012\n|player|p2|LowksterP|striker|1042\n|teamsize|p1|6\n|teamsize|p2|6\n|gen|9\n|tier|[Gen 9] National Dex Doubles\n|rated|\n|rule|HP Percentage Mod: HP is shown in percentages\n|rule|Endless Battle Clause: Forcing endless battles is banned\n|rule|OHKO Clause: OHKO moves are banned\n|rule|Evasion Moves Clause: Evasion moves are banned\n|rule|Evasion Abilities Clause: Evasion abilities are banned\n|rule|Species Clause: Limit one of each Pok\u00e9mon\n|rule|Gravity Sleep Clause: The combination of sleep-inducing moves with imperfect accuracy and Gravity or Gigantamax Orbeetle are banned\n|clearpoke\n|poke|p1|Meowscarada, F|\n|poke|p1|Delphox, M|\n|poke|p1|Swanna, F|\n|poke|p1|Sylveon, M|\n|poke|p1|Dragonite, F|\n|poke|p1|Leavanny, F|\n|poke|p2|Dodrio, M|\n|poke|p2|Golduck, M|\n|poke|p2|Primeape, M|\n|poke|p2|Arcanine, M|\n|poke|p2|Hypno, M|\n|poke|p2|Parasect, M|\n|teampreview\n|\n|t:|1698368876\n|start\n|switch|p1a: Serenity|Swanna, F, shiny|100\/100\n|switch|p1b: Maple|Delphox, M|100\/100\n|switch|p2a: Arcanine|Arcanine, M, shiny|100\/100\n|switch|p2b: Parasect|Parasect, M, shiny|100\/100\n|-ability|p2a: Arcanine|Intimidate|boost\n|-unboost|p1a: Serenity|atk|1\n|-unboost|p1b: Maple|atk|1\n|turn|1\n|\n|t:|1698368939\n|switch|p2a: Golduck|Golduck, M, shiny|100\/100\n|-ability|p2a: Golduck|Cloud Nine\n|switch|p1b: prince|Sylveon, M, shiny|100\/100\n|switch|p2b: Hypno|Hypno, M, shiny|100\/100\n|-terastallize|p1a: Serenity|Water\n|move|p1a: Serenity|Aqua Ring|p1a: Serenity\n|-start|p1a: Serenity|Aqua Ring\n|\n|upkeep\n|turn|2\n|\n|t:|1698368974\n|move|p1a: Serenity|Feather Dance|p2a: Golduck\n|-unboost|p2a: Golduck|atk|2\n|move|p2a: Golduck|Icy Wind|p1a: Serenity|[spread] p1a,p1b\n|-resisted|p1a: Serenity\n|-damage|p1a: Serenity|93\/100\n|-damage|p1b: prince|93\/100\n|-unboost|p1a: Serenity|spe|1\n|-unboost|p1b: prince|spe|1\n|move|p2b: Hypno|Thunder Wave|p1a: Serenity\n|-status|p1a: Serenity|par\n|move|p1b: prince|Hyper Beam|p2b: Hypno\n|-damage|p2b: Hypno|7\/100\n|-mustrecharge|p1b: prince\n|\n|-heal|p2b: Hypno|13\/100|[from] item: Leftovers\n|-heal|p1a: Serenity|99\/100 par|[from] item: Leftovers\n|-heal|p1a: Serenity|100\/100 par|[from] Aqua Ring\n|upkeep\n|turn|3\n|\n|t:|1698369024\n|switch|p2b: Dodrio|Dodrio, M, shiny|100\/100\n|move|p2a: Golduck|Muddy Water|p1a: Serenity|[spread] p1a,p1b\n|-resisted|p1a: Serenity\n|-damage|p1a: Serenity|83\/100 par\n|-damage|p1b: prince|75\/100\n|-unboost|p1b: prince|accuracy|1\n|cant|p1b: prince|recharge\n|move|p1a: Serenity|Air Slash|p2b: Dodrio\n|-damage|p2b: Dodrio|54\/100\n|\n|-heal|p1a: Serenity|89\/100 par|[from] item: Leftovers\n|-heal|p1a: Serenity|95\/100 par|[from] Aqua Ring\n|upkeep\n|turn|4\n|\n|t:|1698369057\n|move|p2b: Dodrio|Acupressure|p2b: Dodrio\n|-boost|p2b: Dodrio|evasion|2\n|move|p2a: Golduck|Muddy Water|p1b: prince|[spread] p1a,p1b\n|-resisted|p1a: Serenity\n|-damage|p1a: Serenity|76\/100 par\n|-damage|p1b: prince|57\/100\n|move|p1b: prince|Shadow Ball|p2a: Golduck\n|-damage|p2a: Golduck|77\/100\n|move|p1a: Serenity|Air Slash|p2b: Dodrio\n|-damage|p2b: Dodrio|13\/100\n|\n|-heal|p2a: Golduck|83\/100|[from] item: Leftovers\n|-heal|p1a: Serenity|82\/100 par|[from] item: Leftovers\n|-heal|p1a: Serenity|88\/100 par|[from] Aqua Ring\n|upkeep\n|turn|5\n|\n|t:|1698369103\n|move|p2b: Dodrio|Rest|p2b: Dodrio\n|-status|p2b: Dodrio|slp|[from] move: Rest\n|-heal|p2b: Dodrio|100\/100 slp|[silent]\n|move|p2a: Golduck|Psych Up|p2b: Dodrio\n|-copyboost|p2a: Golduck|p2b: Dodrio|[from] move: Psych Up\n|move|p1b: prince|Hyper Beam|p2a: Golduck\n|-damage|p2a: Golduck|0 fnt\n|-mustrecharge|p1b: prince\n|faint|p2a: Golduck\n|move|p1a: Serenity|Air Slash|p2b: Dodrio|[miss]\n|-miss|p1a: Serenity|p2b: Dodrio\n|\n|-heal|p1a: Serenity|94\/100 par|[from] item: Leftovers\n|-heal|p1a: Serenity|100\/100 par|[from] Aqua Ring\n|upkeep\n|\n|t:|1698369118\n|switch|p2a: Hypno|Hypno, M, shiny|13\/100\n|turn|6\n|\n|t:|1698369130\n|cant|p2b: Dodrio|slp\n|move|p2a: Hypno|Thunder Wave|p1b: prince\n|-status|p1b: prince|par\n|move|p1a: Serenity|Air Slash|p2a: Hypno\n|-damage|p2a: Hypno|0 fnt\n|faint|p2a: Hypno\n|cant|p1b: prince|recharge\n|\n|upkeep\n|\n|t:|1698369144\n|switch|p2a: Arcanine|Arcanine, M, shiny|100\/100\n|-ability|p2a: Arcanine|Intimidate|boost\n|-unboost|p1a: Serenity|atk|1\n|-unboost|p1b: prince|atk|1\n|turn|7\n|\n|t:|1698369172\n|-curestatus|p2b: Dodrio|slp|[msg]\n|-zpower|p2b: Dodrio\n|move|p2b: Dodrio|Z-Acupressure|p2a: Arcanine|[anim]Acupressure\n|-start|p2b: Dodrio|move: Focus Energy|[zeffect]\n|-boost|p2a: Arcanine|spa|2\n|move|p2a: Arcanine|Mud-Slap|p1b: prince\n|-damage|p1b: prince|47\/100 par\n|-unboost|p1b: prince|accuracy|1\n|move|p1a: Serenity|Air Slash|p2b: Dodrio|[miss]\n|-miss|p1a: Serenity|p2b: Dodrio\n|move|p1b: prince|Hyper Beam|p2a: Arcanine|[miss]\n|-miss|p1b: prince|p2a: Arcanine\n|\n|upkeep\n|turn|8\n|\n|t:|1698369200\n|move|p2b: Dodrio|Acupressure|p2a: Arcanine\n|-boost|p2a: Arcanine|def|2\n|move|p2a: Arcanine|Mud-Slap|p1b: prince\n|-damage|p1b: prince|39\/100 par\n|-unboost|p1b: prince|accuracy|1\n|cant|p1a: Serenity|par\n|move|p1b: prince|Hyper Beam|p2a: Arcanine\n|-resisted|p2a: Arcanine\n|-damage|p2a: Arcanine|52\/100\n|-mustrecharge|p1b: prince\n|\n|-heal|p2a: Arcanine|58\/100|[from] item: Leftovers\n|upkeep\n|turn|9\n|\n|t:|1698369227\n|move|p2b: Dodrio|Acupressure|p2a: Arcanine\n|-boost|p2a: Arcanine|def|2\n|move|p2a: Arcanine|Mud-Slap|p1a: Serenity\n|-damage|p1a: Serenity|84\/100 par\n|-unboost|p1a: Serenity|accuracy|1\n|move|p1a: Serenity|Feather Dance|p2b: Dodrio|[miss]\n|-miss|p1a: Serenity|p2b: Dodrio\n|cant|p1b: prince|recharge\n|\n|-heal|p2a: Arcanine|64\/100|[from] item: Leftovers\n|-heal|p1a: Serenity|90\/100 par|[from] item: Leftovers\n|-heal|p1a: Serenity|96\/100 par|[from] Aqua Ring\n|upkeep\n|turn|10\n|\n|t:|1698369254\n|move|p2b: Dodrio|Acupressure|p2a: Arcanine\n|-boost|p2a: Arcanine|evasion|2\n|move|p2a: Arcanine|Mud-Slap|p1a: Serenity\n|-damage|p1a: Serenity|80\/100 par\n|-unboost|p1a: Serenity|accuracy|1\n|move|p1a: Serenity|Feather Dance|p2b: Dodrio\n|-unboost|p2b: Dodrio|atk|2\n|cant|p1b: prince|par\n|\n|-heal|p2a: Arcanine|70\/100|[from] item: Leftovers\n|-heal|p1a: Serenity|86\/100 par|[from] item: Leftovers\n|-heal|p1a: Serenity|92\/100 par|[from] Aqua Ring\n|upkeep\n|turn|11\n|\n|t:|1698369272\n|move|p2b: Dodrio|Acupressure|p2a: Arcanine\n|-boost|p2a: Arcanine|spd|2\n|move|p2a: Arcanine|Mud-Slap|p1a: Serenity\n|-damage|p1a: Serenity|75\/100 par\n|-unboost|p1a: Serenity|accuracy|1\n|move|p1a: Serenity|Feather Dance|p2b: Dodrio|[miss]\n|-miss|p1a: Serenity|p2b: Dodrio\n|move|p1b: prince|Hyper Beam|p2a: Arcanine\n|-resisted|p2a: Arcanine\n|-damage|p2a: Arcanine|42\/100\n|-mustrecharge|p1b: prince\n|\n|-heal|p2a: Arcanine|48\/100|[from] item: Leftovers\n|-heal|p1a: Serenity|81\/100 par|[from] item: Leftovers\n|-heal|p1a: Serenity|87\/100 par|[from] Aqua Ring\n|upkeep\n|turn|12\n|\n|t:|1698369297\n|move|p2b: Dodrio|Acupressure|p2a: Arcanine\n|-boost|p2a: Arcanine|evasion|2\n|move|p2a: Arcanine|Mud-Slap|p1b: prince\n|-damage|p1b: prince|31\/100 par\n|-unboost|p1b: prince|accuracy|1\n|cant|p1a: Serenity|par\n|cant|p1b: prince|recharge\n|\n|-heal|p2a: Arcanine|55\/100|[from] item: Leftovers\n|-heal|p1a: Serenity|93\/100 par|[from] item: Leftovers\n|-heal|p1a: Serenity|99\/100 par|[from] Aqua Ring\n|upkeep\n|turn|13\n|\n|t:|1698369325\n|move|p2b: Dodrio|Acupressure|p2a: Arcanine\n|-boost|p2a: Arcanine|evasion|2\n|move|p2a: Arcanine|Mud-Slap|p1a: Serenity\n|-damage|p1a: Serenity|83\/100 par\n|-unboost|p1a: Serenity|accuracy|1\n|move|p1a: Serenity|Feather Dance|p2b: Dodrio\n|-unboost|p2b: Dodrio|atk|2\n|move|p1b: prince|Iron Tail|p2b: Dodrio\n|-damage|p2b: Dodrio|85\/100\n|\n|-heal|p2a: Arcanine|61\/100|[from] item: Leftovers\n|-heal|p1a: Serenity|89\/100 par|[from] item: Leftovers\n|-heal|p1a: Serenity|95\/100 par|[from] Aqua Ring\n|upkeep\n|turn|14\n|\n|t:|1698369348\n|move|p2b: Dodrio|Acupressure|p2a: Arcanine\n|-boost|p2a: Arcanine|accuracy|2\n|move|p2a: Arcanine|Mud-Slap|p1a: Serenity\n|-damage|p1a: Serenity|79\/100 par\n|-unboost|p1a: Serenity|accuracy|1\n|move|p1a: Serenity|Air Slash|p2b: Dodrio\n|-damage|p2b: Dodrio|44\/100\n|cant|p1b: prince|par\n|\n|-heal|p2a: Arcanine|67\/100|[from] item: Leftovers\n|-heal|p1a: Serenity|85\/100 par|[from] item: Leftovers\n|-heal|p1a: Serenity|91\/100 par|[from] Aqua Ring\n|upkeep\n|turn|15\n|\n|t:|1698369370\n|move|p2b: Dodrio|Acupressure|p2a: Arcanine\n|-boost|p2a: Arcanine|spd|2\n|move|p2a: Arcanine|Mud-Slap|p1a: Serenity\n|-damage|p1a: Serenity|75\/100 par\n|-unboost|p1a: Serenity|accuracy|1\n|move|p1a: Serenity|Air Slash|p2b: Dodrio\n|-damage|p2b: Dodrio|4\/100\n|cant|p1b: prince|par\n|\n|-heal|p2a: Arcanine|73\/100|[from] item: Leftovers\n|-heal|p1a: Serenity|81\/100 par|[from] item: Leftovers\n|-heal|p1a: Serenity|87\/100 par|[from] Aqua Ring\n|upkeep\n|turn|16\n|\n|t:|1698369408\n|move|p2b: Dodrio|Rest|p2b: Dodrio\n|-status|p2b: Dodrio|slp|[from] move: Rest\n|-heal|p2b: Dodrio|100\/100 slp|[silent]\n|move|p2a: Arcanine|Psychic Fangs|p1a: Serenity\n|-damage|p1a: Serenity|52\/100 par\n|cant|p1a: Serenity|par\n|move|p1b: prince|Hyper Beam|p2a: Arcanine|[miss]\n|-miss|p1b: prince|p2a: Arcanine\n|\n|-heal|p2a: Arcanine|80\/100|[from] item: Leftovers\n|-heal|p1a: Serenity|58\/100 par|[from] item: Leftovers\n|-heal|p1a: Serenity|64\/100 par|[from] Aqua Ring\n|upkeep\n|turn|17\n|\n|t:|1698369432\n|cant|p2b: Dodrio|slp\n|move|p2a: Arcanine|Psychic Fangs|p1a: Serenity\n|-damage|p1a: Serenity|28\/100 par\n|move|p1a: Serenity|Air Slash|p2b: Dodrio|[miss]\n|-miss|p1a: Serenity|p2b: Dodrio\n|move|p1b: prince|Hyper Beam|p2b: Dodrio|[miss]\n|-miss|p1b: prince|p2b: Dodrio\n|\n|-heal|p2a: Arcanine|86\/100|[from] item: Leftovers\n|-heal|p1a: Serenity|35\/100 par|[from] item: Leftovers\n|-heal|p1a: Serenity|41\/100 par|[from] Aqua Ring\n|upkeep\n|turn|18\n|\n|t:|1698369450\n|-curestatus|p2b: Dodrio|slp|[msg]\n|move|p2b: Dodrio|Acupressure|p2a: Arcanine\n|-boost|p2a: Arcanine|spa|2\n|move|p2a: Arcanine|Psychic Fangs|p1a: Serenity\n|-damage|p1a: Serenity|3\/100 par\n|move|p1a: Serenity|Roost|p1a: Serenity\n|-heal|p1a: Serenity|53\/100 par\n|move|p1b: prince|Hyper Beam|p2b: Dodrio\n|-damage|p2b: Dodrio|0 fnt\n|-mustrecharge|p1b: prince\n|faint|p2b: Dodrio\n|\n|-heal|p2a: Arcanine|92\/100|[from] item: Leftovers\n|-heal|p1a: Serenity|59\/100 par|[from] item: Leftovers\n|-heal|p1a: Serenity|65\/100 par|[from] Aqua Ring\n|upkeep\n|\n|t:|1698369473\n|switch|p2b: Primeape|Primeape, M, shiny|100\/100\n|turn|19\n|\n|t:|1698369498\n|move|p2a: Arcanine|Psychic Fangs|p1a: Serenity\n|-damage|p1a: Serenity|33\/100 par\n|move|p2b: Primeape|Dynamic Punch|p1b: prince\n|-resisted|p1b: prince\n|-damage|p1b: prince|14\/100 par\n|-start|p1b: prince|confusion\n|move|p1a: Serenity|Roost|p1a: Serenity\n|-heal|p1a: Serenity|83\/100 par\n|cant|p1b: prince|recharge\n|\n|-heal|p2a: Arcanine|98\/100|[from] item: Leftovers\n|-heal|p1a: Serenity|89\/100 par|[from] item: Leftovers\n|-heal|p1a: Serenity|95\/100 par|[from] Aqua Ring\n|upkeep\n|turn|20\n|\n|t:|1698369539\n|move|p2a: Arcanine|Mud-Slap|p1a: Serenity\n|-damage|p1a: Serenity|72\/100 par\n|move|p2b: Primeape|Dynamic Punch|p1a: Serenity|[miss]\n|-miss|p2b: Primeape|p1a: Serenity\n|-enditem|p2b: Primeape|Blunder Policy\n|-boost|p2b: Primeape|spe|2\n|cant|p1a: Serenity|par\n|-activate|p1b: prince|confusion\n|cant|p1b: prince|par\n|\n|-heal|p2a: Arcanine|100\/100|[from] item: Leftovers\n|-heal|p1a: Serenity|78\/100 par|[from] item: Leftovers\n|-heal|p1a: Serenity|84\/100 par|[from] Aqua Ring\n|upkeep\n|turn|21\n|\n|t:|1698369569\n|move|p2b: Primeape|Hone Claws|p2b: Primeape\n|-boost|p2b: Primeape|atk|1\n|-boost|p2b: Primeape|accuracy|1\n|move|p2a: Arcanine|Psychic Fangs|p1a: Serenity\n|-damage|p1a: Serenity|50\/100 par\n|move|p1a: Serenity|Air Slash|p2b: Primeape\n|-supereffective|p2b: Primeape\n|-damage|p2b: Primeape|24\/100\n|-end|p1b: prince|confusion\n|move|p1b: prince|Psychic|p2b: Primeape|[miss]\n|-miss|p1b: prince|p2b: Primeape\n|\n|-heal|p1a: Serenity|56\/100 par|[from] item: Leftovers\n|-heal|p1a: Serenity|62\/100 par|[from] Aqua Ring\n|upkeep\n|turn|22\n|\n|t:|1698369611\n|move|p2b: Primeape|Dynamic Punch|p1a: Serenity|[miss]\n|-miss|p2b: Primeape|p1a: Serenity\n|move|p2a: Arcanine|Heat Wave|p1a: Serenity|[spread] p1a,p1b\n|-resisted|p1a: Serenity\n|-damage|p1a: Serenity|0 fnt\n|-damage|p1b: prince|0 fnt\n|faint|p1a: Serenity\n|faint|p1b: prince\n|\n|upkeep\n|\n|t:|1698369631\n|switch|p1a: Medusa|Dragonite, F, shiny|100\/100\n|switch|p1b: Silky|Leavanny, F|100\/100\n|turn|23\n|\n|t:|1698369657\n|move|p2b: Primeape|Hone Claws|p2b: Primeape\n|-boost|p2b: Primeape|atk|1\n|-boost|p2b: Primeape|accuracy|1\n|move|p2a: Arcanine|Will-O-Wisp|p1a: Medusa\n|-status|p1a: Medusa|brn\n|move|p1b: Silky|Hidden Power|p2a: Arcanine\n|-supereffective|p2a: Arcanine\n|-damage|p2a: Arcanine|93\/100\n|move|p1a: Medusa|Dual Wingbeat|p2b: Primeape|[miss]\n|-miss|p1a: Medusa|p2b: Primeape\n|\n|-heal|p2a: Arcanine|99\/100|[from] item: Leftovers\n|-damage|p1a: Medusa|94\/100 brn|[from] brn\n|upkeep\n|turn|24\n|\n|t:|1698369676\n|move|p2b: Primeape|Stone Edge|p1a: Medusa\n|-supereffective|p1a: Medusa\n|-damage|p1a: Medusa|1\/100 brn\n|move|p2a: Arcanine|Heat Wave|p1a: Medusa|[spread] p1a,p1b\n|-resisted|p1a: Medusa\n|-supereffective|p1b: Silky\n|-damage|p1a: Medusa|0 fnt\n|-enditem|p1b: Silky|Focus Sash\n|-damage|p1b: Silky|1\/100\n|faint|p1a: Medusa\n|move|p1b: Silky|Sunny Day|p1b: Silky\n|-weather|SunnyDay\n|\n|-weather|SunnyDay|[upkeep]\n|-heal|p2a: Arcanine|100\/100|[from] item: Leftovers\n|upkeep\n|\n|t:|1698369694\n|switch|p1a: Maple|Delphox, M|100\/100\n|turn|25\n|\n|t:|1698369721\n|move|p1b: Silky|Poison Jab|p2a: Arcanine|[miss]\n|-miss|p1b: Silky|p2a: Arcanine\n|move|p2b: Primeape|Stone Edge|p1a: Maple\n|-supereffective|p1a: Maple\n|-damage|p1a: Maple|0 fnt\n|faint|p1a: Maple\n|move|p2a: Arcanine|Mud-Slap|p1b: Silky\n|-resisted|p1b: Silky\n|-damage|p1b: Silky|0 fnt\n|faint|p1b: Silky\n|\n|-weather|SunnyDay|[upkeep]\n|upkeep\n|\n|t:|1698369738\n|switch|p1b: Thorn|Meowscarada, F, shiny|100\/100\n|turn|26\n|\n|t:|1698369754\n|move|p2b: Primeape|Dynamic Punch|p1b: Thorn\n|-supereffective|p1b: Thorn\n|-damage|p1b: Thorn|0 fnt\n|faint|p1b: Thorn\n|\n|win|LowksterP\n|raw|Saxn99's rating: 1012 &rarr; <strong>1001<\/strong><br \/>(-11 for losing)\n|raw|LowksterP's rating: 1042 &rarr; <strong>1073<\/strong><br \/>(+31 for winning)\n|l|\u2606Saxn99\n","uploadtime":1698369763,"views":5,"p1id":"saxn99","p2id":"lowksterp","formatid":"gen9nationaldexdoubles","rating":1001,"private":0,"password":""}