{"id":"gen9nationaldexdoubles-1977631438","p1":"CinDq","p2":"Nohbdy06","format":"[Gen 9] National Dex Doubles","log":"|j|\u2606CinDq\n|j|\u2606Nohbdy06\n|t:|1698433491\n|gametype|doubles\n|player|p1|CinDq|cynthia|\n|player|p2|Nohbdy06|hilda-wonderlauncher|\n|teamsize|p1|6\n|teamsize|p2|6\n|gen|9\n|tier|[Gen 9] National Dex Doubles\n|rule|HP Percentage Mod: HP is shown in percentages\n|rule|Endless Battle Clause: Forcing endless battles is banned\n|rule|OHKO Clause: OHKO moves are banned\n|rule|Evasion Moves Clause: Evasion moves are banned\n|rule|Evasion Abilities Clause: Evasion abilities are banned\n|rule|Species Clause: Limit one of each Pok\u00e9mon\n|rule|Gravity Sleep Clause: The combination of sleep-inducing moves with imperfect accuracy and Gravity or Gigantamax Orbeetle are banned\n|clearpoke\n|poke|p1|Quagsire, F|\n|poke|p1|Chien-Pao|\n|poke|p1|Kingambit, M|\n|poke|p1|Gastrodon-East, M|\n|poke|p1|Ogerpon-Wellspring, F|\n|poke|p1|Chansey, F|\n|poke|p2|Tyranitar, F|\n|poke|p2|Dragapult, F|\n|poke|p2|Dragonite, F|\n|poke|p2|Garchomp, F|\n|poke|p2|Salamence, F|\n|poke|p2|Torterra, F|\n|teampreview\n|\n|t:|1698433505\n|start\n|switch|p1a: Gastrodon|Gastrodon-East, M|100\/100\n|switch|p1b: Barney|Quagsire, F, shiny|100\/100\n|switch|p2a: Torterra|Torterra, F, shiny|100\/100\n|switch|p2b: Salamence|Salamence, F, shiny|100\/100\n|-ability|p2b: Salamence|Intimidate|boost\n|-unboost|p1a: Gastrodon|atk|1\n|-unboost|p1b: Barney|atk|1\n|turn|1\n|\n|t:|1698433531\n|switch|p1a: Ogerpon|Ogerpon-Wellspring, F|100\/100\n|switch|p1b: Chien-Pao|Chien-Pao|100\/100\n|-ability|p1b: Chien-Pao|Sword of Ruin\n|detailschange|p2b: Salamence|Salamence-Mega, F, shiny\n|-mega|p2b: Salamence|Salamence|Salamencite\n|-terastallize|p2a: Torterra|Grass\n|move|p2b: Salamence|Crunch|p1a: Ogerpon\n|-damage|p1a: Ogerpon|41\/100\n|move|p2a: Torterra|Seed Bomb|p1b: Chien-Pao\n|-damage|p1b: Chien-Pao|29\/100\n|\n|upkeep\n|turn|2\n|\n|t:|1698433563\n|move|p1b: Chien-Pao|Icicle Crash|p2b: Salamence\n|-supereffective|p2b: Salamence\n|-crit|p2b: Salamence\n|-damage|p2b: Salamence|0 fnt\n|faint|p2b: Salamence\n|move|p1a: Ogerpon|Horn Leech|p2a: Torterra\n|-resisted|p2a: Torterra\n|-damage|p2a: Torterra|77\/100\n|-heal|p1a: Ogerpon|56\/100|[from] drain|[of] p2a: Torterra\n|move|p2a: Torterra|Giga Drain|p1b: Chien-Pao\n|-damage|p1b: Chien-Pao|0 fnt\n|-heal|p2a: Torterra|89\/100|[from] drain|[of] p1b: Chien-Pao\n|faint|p1b: Chien-Pao\n|\n|upkeep\n|\n|t:|1698433579\n|switch|p1b: Chansey|Chansey, F, shiny|100\/100\n|switch|p2b: Dragapult|Dragapult, F, shiny|100\/100\n|turn|3\n|\n|t:|1698433719\n|move|p1a: Ogerpon|Spiky Shield|p1a: Ogerpon\n|-singleturn|p1a: Ogerpon|move: Protect\n|move|p2b: Dragapult|Phantom Force||[still]\n|-prepare|p2b: Dragapult|Phantom Force\n|move|p2a: Torterra|Trailblaze|p1b: Chansey\n|-damage|p1b: Chansey|79\/100\n|-boost|p2a: Torterra|spe|1\n|move|p1b: Chansey|Heal Pulse|p1a: Ogerpon\n|-activate|p1a: Ogerpon|move: Protect\n|\n|upkeep\n|turn|4\n|\n|t:|1698433743\n|switch|p1a: Kingambit|Kingambit, M|100\/100\n|-activate|p1a: Kingambit|ability: Supreme Overlord\n|-start|p1a: Kingambit|fallen1|[silent]\n|move|p2b: Dragapult|Phantom Force|p1a: Kingambit|[from]lockedmove\n|-resisted|p1a: Kingambit\n|-damage|p1a: Kingambit|84\/100\n|move|p2a: Torterra|Trailblaze|p1b: Chansey\n|-damage|p1b: Chansey|56\/100\n|-boost|p2a: Torterra|spe|1\n|move|p1b: Chansey|Thunder Wave|p2a: Torterra\n|-status|p2a: Torterra|par\n|\n|upkeep\n|turn|5\n|\n|t:|1698433771\n|move|p1a: Kingambit|Sucker Punch|p2b: Dragapult\n|-supereffective|p2b: Dragapult\n|-damage|p2b: Dragapult|0 fnt\n|faint|p2b: Dragapult\n|move|p2a: Torterra|Seed Bomb|p1a: Kingambit\n|-resisted|p1a: Kingambit\n|-damage|p1a: Kingambit|64\/100\n|move|p1b: Chansey|Soft-Boiled|p1b: Chansey\n|-heal|p1b: Chansey|100\/100\n|\n|upkeep\n|\n|t:|1698433780\n|switch|p2b: Tyranitar|Tyranitar, F, shiny|100\/100\n|-weather|Sandstorm|[from] ability: Sand Stream|[of] p2b: Tyranitar\n|turn|6\n|\n|t:|1698433817\n|-end|p1a: Kingambit|fallen1|[silent]\n|switch|p1a: Gastrodon|Gastrodon-East, M|100\/100\n|move|p2b: Tyranitar|Fire Fang|p1a: Gastrodon|[miss]\n|-miss|p2b: Tyranitar|p1a: Gastrodon\n|move|p2a: Torterra|Giga Drain|p1b: Chansey\n|-damage|p1b: Chansey|91\/100\n|-heal|p2a: Torterra|97\/100 par|[from] drain|[of] p1b: Chansey\n|move|p1b: Chansey|Heal Pulse|p1a: Gastrodon\n|-fail|p1a: Gastrodon|heal\n|\n|-weather|Sandstorm|[upkeep]\n|-damage|p2a: Torterra|91\/100 par|[from] Sandstorm\n|-damage|p1b: Chansey|85\/100|[from] Sandstorm\n|upkeep\n|turn|7\n|\n|t:|1698433854\n|-terastallize|p1a: Gastrodon|Water\n|cant|p2a: Torterra|par\n|move|p1b: Chansey|Seismic Toss|p2a: Torterra\n|-damage|p2a: Torterra|66\/100 par\n|move|p1a: Gastrodon|Earthquake|p2b: Tyranitar|[spread] p1b,p2a,p2b\n|-crit|p1b: Chansey\n|-resisted|p2a: Torterra\n|-supereffective|p2b: Tyranitar\n|-damage|p1b: Chansey|51\/100\n|-damage|p2a: Torterra|53\/100 par\n|-damage|p2b: Tyranitar|37\/100\n|move|p2b: Tyranitar|Avalanche|p1b: Chansey\n|-damage|p1b: Chansey|36\/100\n|\n|-weather|Sandstorm|[upkeep]\n|-damage|p2a: Torterra|47\/100 par|[from] Sandstorm\n|-damage|p1b: Chansey|30\/100|[from] Sandstorm\n|-heal|p2b: Tyranitar|43\/100|[from] item: Leftovers\n|upkeep\n|turn|8\n|\n|t:|1698433885\n|move|p2b: Tyranitar|Hidden Power|p1a: Gastrodon\n|-supereffective|p1a: Gastrodon\n|-damage|p1a: Gastrodon|85\/100\n|move|p2a: Torterra|Seed Bomb|p1a: Gastrodon\n|-supereffective|p1a: Gastrodon\n|-damage|p1a: Gastrodon|0 fnt\n|faint|p1a: Gastrodon\n|move|p1b: Chansey|Soft-Boiled|p1b: Chansey\n|-heal|p1b: Chansey|80\/100\n|\n|-weather|Sandstorm|[upkeep]\n|-damage|p2a: Torterra|41\/100 par|[from] Sandstorm\n|-damage|p1b: Chansey|74\/100|[from] Sandstorm\n|-heal|p2b: Tyranitar|49\/100|[from] item: Leftovers\n|upkeep\n|\n|t:|1698433897\n|switch|p1a: Ogerpon|Ogerpon-Wellspring, F|56\/100\n|turn|9\n|\n|t:|1698433916\n|move|p1a: Ogerpon|Horn Leech|p2b: Tyranitar\n|-supereffective|p2b: Tyranitar\n|-damage|p2b: Tyranitar|0 fnt\n|-heal|p1a: Ogerpon|84\/100|[from] drain|[of] p2b: Tyranitar\n|faint|p2b: Tyranitar\n|move|p2a: Torterra|Giga Drain|p1a: Ogerpon\n|-damage|p1a: Ogerpon|51\/100\n|-heal|p2a: Torterra|53\/100 par|[from] drain|[of] p1a: Ogerpon\n|move|p1b: Chansey|Seismic Toss|p2a: Torterra\n|-damage|p2a: Torterra|28\/100 par\n|\n|-weather|Sandstorm|[upkeep]\n|-damage|p1a: Ogerpon|45\/100|[from] Sandstorm\n|-damage|p2a: Torterra|22\/100 par|[from] Sandstorm\n|-damage|p1b: Chansey|67\/100|[from] Sandstorm\n|upkeep\n|\n|t:|1698433936\n|switch|p2b: Dragonite|Dragonite, F, shiny|100\/100\n|turn|10\n|\n|t:|1698433953\n|move|p1a: Ogerpon|Spiky Shield|p1a: Ogerpon\n|-singleturn|p1a: Ogerpon|move: Protect\n|move|p2b: Dragonite|Dragon Claw|p1b: Chansey\n|-damage|p1b: Chansey|40\/100\n|cant|p2a: Torterra|par\n|move|p1b: Chansey|Seismic Toss|p2b: Dragonite\n|-damage|p2b: Dragonite|70\/100\n|\n|-weather|none\n|-heal|p2b: Dragonite|76\/100|[from] item: Leftovers\n|upkeep\n|turn|11\n|\n|t:|1698433978\n|switch|p1a: Barney|Quagsire, F, shiny|100\/100\n|move|p2b: Dragonite|Dragon Claw|p1a: Barney\n|-damage|p1a: Barney|65\/100\n|move|p2a: Torterra|Giga Drain|p1b: Chansey\n|-damage|p1b: Chansey|31\/100\n|-heal|p2a: Torterra|29\/100 par|[from] drain|[of] p1b: Chansey\n|move|p1b: Chansey|Soft-Boiled|p1b: Chansey\n|-heal|p1b: Chansey|81\/100\n|\n|-heal|p2b: Dragonite|82\/100|[from] item: Leftovers\n|upkeep\n|turn|12\n|\n|t:|1698433999\n|move|p2b: Dragonite|Dragon Claw|p1a: Barney\n|-damage|p1a: Barney|36\/100\n|cant|p2a: Torterra|par\n|move|p1b: Chansey|Seismic Toss|p2a: Torterra\n|-damage|p2a: Torterra|4\/100 par\n|move|p1a: Barney|Liquidation|p2b: Dragonite\n|-resisted|p2b: Dragonite\n|-damage|p2b: Dragonite|66\/100\n|\n|-heal|p2b: Dragonite|72\/100|[from] item: Leftovers\n|upkeep\n|turn|13\n|\n|t:|1698434016\n|move|p1a: Barney|Protect|p1a: Barney\n|-singleturn|p1a: Barney|Protect\n|move|p2b: Dragonite|Dragon Claw|p1b: Chansey\n|-damage|p1b: Chansey|53\/100\n|move|p2a: Torterra|Giga Drain|p1a: Barney\n|-activate|p1a: Barney|move: Protect\n|move|p1b: Chansey|Thunder Wave|p2b: Dragonite\n|-status|p2b: Dragonite|par\n|\n|-heal|p2b: Dragonite|79\/100 par|[from] item: Leftovers\n|upkeep\n|turn|14\n|\n|t:|1698434034\n|move|p2a: Torterra|Giga Drain|p1a: Barney\n|-supereffective|p1a: Barney\n|-damage|p1a: Barney|0 fnt\n|-heal|p2a: Torterra|22\/100 par|[from] drain|[of] p1a: Barney\n|faint|p1a: Barney\n|move|p2b: Dragonite|Dragon Claw|p1b: Chansey\n|-damage|p1b: Chansey|26\/100\n|move|p1b: Chansey|Seismic Toss|p2a: Torterra\n|-damage|p2a: Torterra|0 fnt\n|faint|p2a: Torterra\n|\n|-heal|p2b: Dragonite|85\/100 par|[from] item: Leftovers\n|upkeep\n|\n|t:|1698434050\n|switch|p2a: Garchomp|Garchomp, F, shiny|100\/100\n|switch|p1a: Kingambit|Kingambit, M|64\/100\n|-activate|p1a: Kingambit|ability: Supreme Overlord\n|-start|p1a: Kingambit|fallen3|[silent]\n|turn|15\n|\n|t:|1698434069\n|move|p1a: Kingambit|Sucker Punch|p2b: Dragonite\n|-damage|p2b: Dragonite|29\/100 par\n|move|p2a: Garchomp|Bulldoze|p1a: Kingambit|[spread] p1a,p1b\n|-immune|p2b: Dragonite\n|-supereffective|p1a: Kingambit\n|-damage|p1a: Kingambit|31\/100\n|-damage|p1b: Chansey|10\/100\n|-unboost|p1a: Kingambit|spe|1\n|-unboost|p1b: Chansey|spe|1\n|move|p2b: Dragonite|Fire Punch|p1a: Kingambit\n|-supereffective|p1a: Kingambit\n|-damage|p1a: Kingambit|0 fnt\n|faint|p1a: Kingambit\n|-end|p1a: Kingambit|fallen3|[silent]\n|move|p1b: Chansey|Soft-Boiled|p1b: Chansey\n|-heal|p1b: Chansey|60\/100\n|\n|-heal|p2b: Dragonite|35\/100 par|[from] item: Leftovers\n|upkeep\n|\n|t:|1698434084\n|switch|p1a: Ogerpon|Ogerpon-Wellspring, F|45\/100\n|turn|16\n|\n|t:|1698434095\n|move|p1a: Ogerpon|Horn Leech|p2a: Garchomp\n|-damage|p2a: Garchomp|57\/100\n|-heal|p1a: Ogerpon|71\/100|[from] drain|[of] p2a: Garchomp\n|-damage|p1a: Ogerpon|59\/100|[from] ability: Rough Skin|[of] p2a: Garchomp\n|move|p2a: Garchomp|Bulldoze|p1a: Ogerpon|[spread] p1a,p1b\n|-immune|p2b: Dragonite\n|-resisted|p1a: Ogerpon\n|-damage|p1a: Ogerpon|44\/100\n|-damage|p1b: Chansey|45\/100\n|-unboost|p1a: Ogerpon|spe|1\n|-unboost|p1b: Chansey|spe|1\n|cant|p2b: Dragonite|par\n|move|p1b: Chansey|Seismic Toss|p2b: Dragonite\n|-damage|p2b: Dragonite|5\/100 par\n|\n|-heal|p2b: Dragonite|11\/100 par|[from] item: Leftovers\n|upkeep\n|turn|17\n|\n|t:|1698434119\n|move|p2a: Garchomp|Rock Slide|p1a: Ogerpon|[spread] p1a,p1b\n|-damage|p1a: Ogerpon|19\/100\n|-damage|p1b: Chansey|33\/100\n|move|p1a: Ogerpon|Ivy Cudgel|p2b: Dragonite\n|-resisted|p2b: Dragonite\n|-damage|p2b: Dragonite|0 fnt\n|faint|p2b: Dragonite\n|move|p1b: Chansey|Seismic Toss|p2a: Garchomp\n|-damage|p2a: Garchomp|29\/100\n|-damage|p1b: Chansey|21\/100|[from] ability: Rough Skin|[of] p2a: Garchomp\n|\n|upkeep\n|turn|18\n|\n|t:|1698434138\n|move|p2a: Garchomp|Rock Slide|p1a: Ogerpon|[spread] p1a,p1b\n|-damage|p1a: Ogerpon|0 fnt\n|-damage|p1b: Chansey|7\/100\n|faint|p1a: Ogerpon\n|move|p1b: Chansey|Seismic Toss|p2a: Garchomp\n|-damage|p2a: Garchomp|1\/100\n|-damage|p1b: Chansey|0 fnt|[from] ability: Rough Skin|[of] p2a: Garchomp\n|faint|p1b: Chansey\n|\n|win|Nohbdy06\n","uploadtime":1698434149,"views":16,"p1id":"cindq","p2id":"nohbdy06","formatid":"gen9nationaldexdoubles","rating":0,"private":0,"password":""}