{"id":"gen9nationaldexdoubles-1980273510","p1":"Naydenfr","p2":"lxvliiz","format":"[Gen 9] National Dex Doubles","log":"|j|\u2606Naydenfr\n|j|\u2606lxvliiz\n|t:|1698771419\n|gametype|doubles\n|player|p1|Naydenfr|2|1048\n|player|p2|lxvliiz|gambler|1080\n|teamsize|p1|6\n|teamsize|p2|6\n|gen|9\n|tier|[Gen 9] National Dex Doubles\n|rated|\n|rule|HP Percentage Mod: HP is shown in percentages\n|rule|Endless Battle Clause: Forcing endless battles is banned\n|rule|OHKO Clause: OHKO moves are banned\n|rule|Evasion Moves Clause: Evasion moves are banned\n|rule|Evasion Abilities Clause: Evasion abilities are banned\n|rule|Species Clause: Limit one of each Pok\u00e9mon\n|rule|Gravity Sleep Clause: The combination of sleep-inducing moves with imperfect accuracy and Gravity or Gigantamax Orbeetle are banned\n|clearpoke\n|poke|p1|Oricorio-Pom-Pom, M|\n|poke|p1|Uxie|\n|poke|p1|Sylveon, F|\n|poke|p1|Ogerpon-Hearthflame, F|\n|poke|p1|Cresselia, F|\n|poke|p1|Chandelure, M|\n|poke|p2|Lilligant-Hisui, F|\n|poke|p2|Kommo-o, F|\n|poke|p2|Volcarona, M|\n|poke|p2|Oricorio-Pom-Pom, F|\n|poke|p2|Quaquaval, M|\n|poke|p2|Flamigo, F|\n|teampreview\n|\n|t:|1698771428\n|start\n|switch|p1a: Oricorio|Oricorio-Pom-Pom, M|100\/100\n|switch|p1b: Uxie|Uxie|100\/100\n|switch|p2a: Kommo-o|Kommo-o, F|100\/100\n|switch|p2b: Oricorio|Oricorio-Pom-Pom, F|100\/100\n|turn|1\n|\n|t:|1698771441\n|move|p1a: Oricorio|Quiver Dance|p1a: Oricorio\n|-boost|p1a: Oricorio|spa|1\n|-boost|p1a: Oricorio|spd|1\n|-boost|p1a: Oricorio|spe|1\n|-enditem|p2b: Oricorio|Mirror Herb\n|-boost|p2b: Oricorio|spa|1|[from] item: Mirror Herb\n|-boost|p2b: Oricorio|spd|1|[from] item: Mirror Herb\n|-boost|p2b: Oricorio|spe|1|[from] item: Mirror Herb\n|-activate|p2b: Oricorio|ability: Dancer\n|move|p2b: Oricorio|Quiver Dance|p2b: Oricorio|[from]ability: Dancer\n|-boost|p2b: Oricorio|spa|1\n|-boost|p2b: Oricorio|spd|1\n|-boost|p2b: Oricorio|spe|1\n|move|p2b: Oricorio|Revelation Dance|p1a: Oricorio\n|-damage|p1a: Oricorio|32\/100\n|-activate|p1a: Oricorio|ability: Dancer\n|move|p1a: Oricorio|Revelation Dance|p2b: Oricorio|[from]ability: Dancer\n|-damage|p2b: Oricorio|66\/100\n|move|p1b: Uxie|Skill Swap|p1a: Oricorio\n|-activate|p1b: Uxie|move: Skill Swap|||[of] p1a: Oricorio\n|-zpower|p2a: Kommo-o\n|move|p2a: Kommo-o|Clangorous Soulblaze|p1a: Oricorio|[zeffect]|[spread] p1a,p1b\n|-damage|p1a: Oricorio|0 fnt\n|-damage|p1b: Uxie|62\/100\n|faint|p1a: Oricorio\n|-boost|p2a: Kommo-o|atk|1\n|-boost|p2a: Kommo-o|def|1\n|-boost|p2a: Kommo-o|spa|1\n|-boost|p2a: Kommo-o|spd|1\n|-boost|p2a: Kommo-o|spe|1\n|\n|upkeep\n|\n|t:|1698771471\n|switch|p1a: Ogerpon|Ogerpon-Hearthflame, F|100\/100\n|-ability|p1a: Ogerpon|Mold Breaker\n|turn|2\n|\n|t:|1698771486\n|move|p2b: Oricorio|Revelation Dance|p1a: Ogerpon\n|-resisted|p1a: Ogerpon\n|-damage|p1a: Ogerpon|58\/100\n|-activate|p1b: Uxie|ability: Dancer\n|move|p1b: Uxie|Revelation Dance|p2b: Oricorio|[from]ability: Dancer\n|-damage|p2b: Oricorio|48\/100\n|move|p2a: Kommo-o|Clanging Scales|p1b: Uxie|[spread] p1a,p1b\n|-damage|p1a: Ogerpon|8\/100\n|-damage|p1b: Uxie|29\/100\n|-unboost|p2a: Kommo-o|def|1\n|move|p1a: Ogerpon|Ivy Cudgel|p2a: Kommo-o\n|-resisted|p2a: Kommo-o\n|-damage|p2a: Kommo-o|71\/100\n|move|p1b: Uxie|Skill Swap|p2b: Oricorio\n|-activate|p1b: Uxie|move: Skill Swap|Dancer|Dancer|[of] p2b: Oricorio\n|\n|upkeep\n|turn|3\n|\n|t:|1698771514\n|move|p1b: Uxie|Protect|p1b: Uxie\n|-singleturn|p1b: Uxie|Protect\n|move|p2b: Oricorio|Baton Pass|p2b: Oricorio\n|\n|t:|1698771522\n|switch|p2b: Quaquaval|Quaquaval, M|100\/100|[from] Baton Pass\n|move|p2a: Kommo-o|Drain Punch|p1a: Ogerpon\n|-damage|p1a: Ogerpon|0 fnt\n|-heal|p2a: Kommo-o|75\/100|[from] drain|[of] p1a: Ogerpon\n|faint|p1a: Ogerpon\n|\n|upkeep\n|\n|t:|1698771530\n|switch|p1a: Chandelure|Chandelure, M|100\/100\n|turn|4\n|\n|t:|1698771547\n|-terastallize|p2b: Quaquaval|Water\n|move|p2b: Quaquaval|Aqua Step|p1a: Chandelure\n|-supereffective|p1a: Chandelure\n|-damage|p1a: Chandelure|0 fnt\n|-boost|p2b: Quaquaval|spe|1\n|faint|p1a: Chandelure\n|-ability|p2b: Quaquaval|Moxie|boost\n|-boost|p2b: Quaquaval|atk|1\n|-activate|p1b: Uxie|ability: Dancer\n|move|p1b: Uxie|Aqua Step|p2b: Quaquaval|[from]ability: Dancer\n|-resisted|p2b: Quaquaval\n|-damage|p2b: Quaquaval|93\/100\n|-boost|p1b: Uxie|spe|1\n|move|p1b: Uxie|Tri Attack|p2a: Kommo-o\n|-damage|p2a: Kommo-o|63\/100\n|move|p2a: Kommo-o|Drain Punch|p1b: Uxie\n|-resisted|p1b: Uxie\n|-damage|p1b: Uxie|8\/100\n|-heal|p2a: Kommo-o|76\/100|[from] drain|[of] p1b: Uxie\n|\n|upkeep\n|\n|t:|1698771565\n|switch|p1a: Cresselia|Cresselia, F|100\/100\n|turn|5\n|\n|t:|1698771581\n|move|p1b: Uxie|Protect|p1b: Uxie\n|-singleturn|p1b: Uxie|Protect\n|move|p2b: Quaquaval|Ice Spinner|p1b: Uxie\n|-activate|p1b: Uxie|move: Protect\n|move|p2a: Kommo-o|Dragon Claw|p1a: Cresselia\n|-damage|p1a: Cresselia|70\/100\n|move|p1a: Cresselia|Lunar Blessing|p1a: Cresselia|[spread] p1a,p1b\n|-heal|p1a: Cresselia|95\/100\n|-heal|p1b: Uxie|33\/100\n|\n|-heal|p1a: Cresselia|100\/100|[from] item: Leftovers\n|upkeep\n|turn|6\n|\n|t:|1698771610\n|move|p2b: Quaquaval|Swords Dance|p2b: Quaquaval\n|-boost|p2b: Quaquaval|atk|2\n|-activate|p1b: Uxie|ability: Dancer\n|move|p1b: Uxie|Swords Dance|p1b: Uxie|[from]ability: Dancer\n|-boost|p1b: Uxie|atk|2\n|move|p1b: Uxie|Psychic|p2b: Quaquaval\n|-damage|p2b: Quaquaval|77\/100\n|move|p2a: Kommo-o|Drain Punch|p1b: Uxie\n|-resisted|p1b: Uxie\n|-damage|p1b: Uxie|13\/100\n|-heal|p2a: Kommo-o|88\/100|[from] drain|[of] p1b: Uxie\n|move|p1a: Cresselia|Moonblast|p2a: Kommo-o\n|-supereffective|p2a: Kommo-o\n|-damage|p2a: Kommo-o|32\/100\n|-unboost|p2a: Kommo-o|spa|1\n|\n|upkeep\n|turn|7\n|\n|t:|1698771630\n|move|p1b: Uxie|Protect|p1b: Uxie\n|-singleturn|p1b: Uxie|Protect\n|move|p2b: Quaquaval|Aqua Step|p1b: Uxie\n|-activate|p1b: Uxie|move: Protect\n|move|p2a: Kommo-o|Drain Punch|p1b: Uxie\n|-activate|p1b: Uxie|move: Protect\n|move|p1a: Cresselia|Lunar Blessing|p1a: Cresselia|[spread] p1a,p1b\n|-heal|p1b: Uxie|38\/100\n|\n|upkeep\n|turn|8\n|\n|t:|1698771645\n|move|p2b: Quaquaval|Aqua Step|p1b: Uxie\n|-damage|p1b: Uxie|0 fnt\n|-boost|p2b: Quaquaval|spe|1\n|faint|p1b: Uxie\n|-ability|p2b: Quaquaval|Moxie|boost\n|-boost|p2b: Quaquaval|atk|1\n|move|p2a: Kommo-o|Drain Punch|p1a: Cresselia\n|-resisted|p1a: Cresselia\n|-damage|p1a: Cresselia|86\/100\n|-heal|p2a: Kommo-o|43\/100|[from] drain|[of] p1a: Cresselia\n|move|p1a: Cresselia|Moonblast|p2b: Quaquaval\n|-damage|p2b: Quaquaval|65\/100\n|-unboost|p2b: Quaquaval|spa|1\n|\n|-heal|p1a: Cresselia|92\/100|[from] item: Leftovers\n|upkeep\n|\n|t:|1698771659\n|switch|p1b: Sylveon|Sylveon, F|100\/100\n|turn|9\n|\n|t:|1698771673\n|move|p2b: Quaquaval|Aqua Step|p1a: Cresselia\n|-damage|p1a: Cresselia|0 fnt\n|-boost|p2b: Quaquaval|spe|1\n|faint|p1a: Cresselia\n|-ability|p2b: Quaquaval|Moxie|boost\n|-boost|p2b: Quaquaval|atk|1\n|move|p2a: Kommo-o|Drain Punch|p1b: Sylveon\n|-resisted|p1b: Sylveon\n|-damage|p1b: Sylveon|79\/100\n|-heal|p2a: Kommo-o|58\/100|[from] drain|[of] p1b: Sylveon\n|move|p1b: Sylveon|Psych Up|p2b: Quaquaval\n|-copyboost|p1b: Sylveon|p2b: Quaquaval|[from] move: Psych Up\n|\n|-heal|p1b: Sylveon|86\/100|[from] item: Leftovers\n|upkeep\n|turn|10\n|\n|t:|1698771689\n|move|p2b: Quaquaval|Aqua Step|p1b: Sylveon\n|-damage|p1b: Sylveon|0 fnt\n|-boost|p2b: Quaquaval|spe|1\n|faint|p1b: Sylveon\n|\n|win|lxvliiz\n|raw|Naydenfr's rating: 1048 &rarr; <strong>1032<\/strong><br \/>(-16 for losing)\n|raw|lxvliiz's rating: 1080 &rarr; <strong>1105<\/strong><br \/>(+25 for winning)\n|l|\u2606Naydenfr\n|c|\u2606lxvliiz|gg\n","uploadtime":1698771696,"views":16,"p1id":"naydenfr","p2id":"lxvliiz","formatid":"gen9nationaldexdoubles","rating":1032,"private":0,"password":""}