{"id":"gen9nationaldexdoubles-1995179058","p1":"Brick_Enjoyer_144","p2":"AuraGuardianNate","format":"[Gen 9] National Dex Doubles","log":"|j|\u2606Brick_Enjoyer_144\n|j|\u2606AuraGuardianNate\n|t:|1700531443\n|gametype|doubles\n|player|p1|Brick_Enjoyer_144|shauntal|1228\n|player|p2|AuraGuardianNate|nate|1415\n|teamsize|p1|6\n|teamsize|p2|6\n|gen|9\n|tier|[Gen 9] National Dex Doubles\n|rated|\n|rule|HP Percentage Mod: HP is shown in percentages\n|rule|Endless Battle Clause: Forcing endless battles is banned\n|rule|OHKO Clause: OHKO moves are banned\n|rule|Evasion Moves Clause: Evasion moves are banned\n|rule|Evasion Abilities Clause: Evasion abilities are banned\n|rule|Species Clause: Limit one of each Pok\u00e9mon\n|rule|Gravity Sleep Clause: The combination of sleep-inducing moves with imperfect accuracy and Gravity or Gigantamax Orbeetle are banned\n|clearpoke\n|poke|p1|Smeargle, F|\n|poke|p1|Kartana|\n|poke|p1|Roaring Moon|\n|poke|p1|Minior-Violet|\n|poke|p1|Mawile, F|\n|poke|p1|Zapdos|\n|poke|p2|Articuno-Galar|\n|poke|p2|Indeedee-F, F|\n|poke|p2|Hatterene, F|\n|poke|p2|Enamorus-Therian, F|\n|poke|p2|Ursaluna-Bloodmoon, M|\n|poke|p2|Houndstone, F|\n|teampreview\n|inactive|Battle timer is ON: inactive players will automatically lose when time's up. (requested by Brick_Enjoyer_144)\n|\n|t:|1700531451\n|start\n|switch|p1a: Smeargle|Smeargle, F, shiny|100\/100\n|switch|p1b: Minior|Minior-Violet, shiny|100\/100\n|switch|p2a: Articuno|Articuno-Galar|100\/100\n|switch|p2b: Indeedee|Indeedee-F, F|100\/100\n|-formechange|p1b: Minior|Minior-Meteor||[from] ability: Shields Down\n|-fieldstart|move: Psychic Terrain|[from] ability: Psychic Surge|[of] p2b: Indeedee\n|turn|1\n|j| wkx6v587\n|\n|t:|1700531468\n|move|p2b: Indeedee|Follow Me|p2b: Indeedee\n|-singleturn|p2b: Indeedee|move: Follow Me\n|move|p1a: Smeargle|Stealth Rock|p2b: Indeedee\n|-sidestart|p2: AuraGuardianNate|move: Stealth Rock\n|move|p1b: Minior|Shell Smash|p1b: Minior\n|-unboost|p1b: Minior|def|1\n|-unboost|p1b: Minior|spd|1\n|-boost|p1b: Minior|atk|2\n|-boost|p1b: Minior|spa|2\n|-boost|p1b: Minior|spe|2\n|move|p2a: Articuno|Trick Room|p2a: Articuno\n|-fieldstart|move: Trick Room|[of] p2a: Articuno\n|\n|upkeep\n|turn|2\n|\n|t:|1700531491\n|move|p2a: Articuno|Expanding Force|p1b: Minior|[spread] p1a,p1b\n|-damage|p1a: Smeargle|0 fnt\n|-enditem|p1b: Minior|Focus Sash\n|-damage|p1b: Minior|1\/100\n|faint|p1a: Smeargle\n|move|p2b: Indeedee|Dazzling Gleam|p1b: Minior\n|-damage|p1b: Minior|0 fnt\n|faint|p1b: Minior\n|\n|upkeep\n|inactive|Brick_Enjoyer_144 has 120 seconds left.\n|\n|t:|1700531508\n|switch|p1a: Mawile|Mawile, F, shiny|100\/100\n|switch|p1b: Zapdos|Zapdos, shiny|100\/100\n|turn|3\n|inactive|Brick_Enjoyer_144 has 120 seconds left.\n|\n|t:|1700531534\n|detailschange|p1a: Mawile|Mawile-Mega, F, shiny\n|-mega|p1a: Mawile|Mawile|Mawilite\n|move|p2b: Indeedee|Follow Me|p2b: Indeedee\n|-singleturn|p2b: Indeedee|move: Follow Me\n|move|p2a: Articuno|Expanding Force|p1b: Zapdos|[spread] p1a,p1b\n|-resisted|p1a: Mawile\n|-damage|p1a: Mawile|52\/100\n|-damage|p1b: Zapdos|24\/100\n|move|p1a: Mawile|Play Rough|p2b: Indeedee\n|-damage|p2b: Indeedee|25\/100\n|move|p1b: Zapdos|Discharge|p2b: Indeedee|[spread] p1a,p2a,p2b\n|-supereffective|p2a: Articuno\n|-damage|p1a: Mawile|9\/100\n|-damage|p2a: Articuno|44\/100\n|-damage|p2b: Indeedee|0 fnt\n|-status|p2a: Articuno|par\n|faint|p2b: Indeedee\n|\n|upkeep\n|\n|t:|1700531542\n|switch|p2b: Hatterene|Hatterene, F|100\/100\n|-damage|p2b: Hatterene|88\/100|[from] Stealth Rock\n|turn|4\n|\n|t:|1700531563\n|move|p2a: Articuno|Expanding Force|p1b: Zapdos|[spread] p1a,p1b\n|-resisted|p1a: Mawile\n|-damage|p1a: Mawile|0 fnt\n|-damage|p1b: Zapdos|0 fnt\n|faint|p1a: Mawile\n|faint|p1b: Zapdos\n|move|p2b: Hatterene|Expanding Force|p1: Mawile|[notarget]\n|-fail|p2b: Hatterene\n|\n|upkeep\n|\n|t:|1700531571\n|switch|p1a: Roaring Moon|Roaring Moon, shiny|100\/100\n|switch|p1b: Kartana|Kartana, shiny|100\/100\n|-enditem|p1a: Roaring Moon|Booster Energy\n|-activate|p1a: Roaring Moon|ability: Protosynthesis|[fromitem]\n|-start|p1a: Roaring Moon|protosynthesisatk\n|turn|5\n|\n|t:|1700531594\n|move|p2a: Articuno|Expanding Force|p1b: Kartana|[spread] p1b\n|-immune|p1a: Roaring Moon\n|-resisted|p1b: Kartana\n|-damage|p1b: Kartana|0 fnt\n|faint|p1b: Kartana\n|move|p2b: Hatterene|Expanding Force|p1a: Roaring Moon\n|-immune|p1a: Roaring Moon\n|move|p1a: Roaring Moon|Iron Head|p2b: Hatterene\n|-supereffective|p2b: Hatterene\n|-damage|p2b: Hatterene|0 fnt\n|faint|p2b: Hatterene\n|\n|-fieldend|move: Trick Room\n|-fieldend|move: Psychic Terrain\n|upkeep\n|\n|t:|1700531605\n|switch|p2b: Enamorus|Enamorus-Therian, F|100\/100\n|-damage|p2b: Enamorus|75\/100|[from] Stealth Rock\n|turn|6\n|\n|t:|1700531616\n|-terastallize|p2b: Enamorus|Fire\n|move|p1a: Roaring Moon|Knock Off|p2a: Articuno\n|-supereffective|p2a: Articuno\n|-damage|p2a: Articuno|0 fnt\n|-enditem|p2a: Articuno|Iron Ball|[from] move: Knock Off|[of] p1a: Roaring Moon\n|faint|p2a: Articuno\n|move|p2b: Enamorus|Moonblast|p1a: Roaring Moon\n|-supereffective|p1a: Roaring Moon\n|-damage|p1a: Roaring Moon|0 fnt\n|faint|p1a: Roaring Moon\n|-end|p1a: Roaring Moon|Protosynthesis|[silent]\n|\n|win|AuraGuardianNate\n|raw|Brick_Enjoyer_144's rating: 1228 &rarr; <strong>1215<\/strong><br \/>(-13 for losing)\n|raw|AuraGuardianNate's rating: 1415 &rarr; <strong>1425<\/strong><br \/>(+10 for winning)\n|l|\u2606AuraGuardianNate\n|l| wkx6v587\n","uploadtime":1700531629,"views":1,"p1id":"brickenjoyer144","p2id":"auraguardiannate","formatid":"gen9nationaldexdoubles","rating":1215,"private":0,"password":""}