{"id":"gen9nationaldexdoubles-1958128878","p1":"Bryantdang3r","p2":"PixelDude18","format":"[Gen 9] National Dex Doubles","log":"|j|\u2606Bryantdang3r\n|j|\u2606PixelDude18\n|t:|1696290618\n|gametype|doubles\n|player|p1|Bryantdang3r|riley|1152\n|player|p2|PixelDude18|gambler|1131\n|teamsize|p1|6\n|teamsize|p2|6\n|gen|9\n|tier|[Gen 9] National Dex Doubles\n|rated|\n|rule|HP Percentage Mod: HP is shown in percentages\n|rule|Endless Battle Clause: Forcing endless battles is banned\n|rule|OHKO Clause: OHKO moves are banned\n|rule|Evasion Moves Clause: Evasion moves are banned\n|rule|Evasion Abilities Clause: Evasion abilities are banned\n|rule|Species Clause: Limit one of each Pok\u00e9mon\n|rule|Gravity Sleep Clause: The combination of sleep-inducing moves with imperfect accuracy and Gravity or Gigantamax Orbeetle are banned\n|clearpoke\n|poke|p1|Arcanine-Hisui, M|\n|poke|p1|Slaking, M|\n|poke|p1|Milotic, M|\n|poke|p1|Metagross|\n|poke|p1|Amoonguss, F|\n|poke|p1|Cresselia, F|\n|poke|p2|Regigigas|\n|poke|p2|Weezing-Galar, F|\n|poke|p2|Tornadus, M|\n|poke|p2|Diancie|\n|poke|p2|Gyarados, M|\n|poke|p2|Espeon, M|\n|teampreview\n|\n|t:|1696290623\n|start\n|switch|p1a: Slaking|Slaking, M|100\/100\n|switch|p1b: Amoonguss|Amoonguss, F|100\/100\n|switch|p2a: Regigigas|Regigigas|100\/100\n|switch|p2b: Weezing|Weezing-Galar, F|100\/100\n|-ability|p2b: Weezing|Neutralizing Gas\n|turn|1\n|c|\u2606PixelDude18|gl hf\n|c|\u2606Bryantdang3r|Gl bro\n|\n|t:|1696290645\n|-singleturn|p1a: Slaking|move: Focus Punch\n|move|p1b: Amoonguss|Rage Powder|p1b: Amoonguss\n|-singleturn|p1b: Amoonguss|move: Rage Powder\n|move|p2a: Regigigas|Knock Off|p1b: Amoonguss\n|-damage|p1b: Amoonguss|58\/100\n|-enditem|p1b: Amoonguss|Black Sludge|[from] move: Knock Off|[of] p2a: Regigigas\n|move|p2b: Weezing|Taunt|p1b: Amoonguss\n|-start|p1b: Amoonguss|move: Taunt\n|move|p1a: Slaking|Focus Punch|p2a: Regigigas\n|-supereffective|p2a: Regigigas\n|-damage|p2a: Regigigas|0 fnt\n|faint|p2a: Regigigas\n|-end|p2a: Regigigas|Slow Start|[silent]\n|\n|upkeep\n|c|\u2606Bryantdang3r|I was real worried haha\n|\n|t:|1696290666\n|switch|p2a: Espeon|Espeon, M|100\/100\n|turn|2\n|\n|t:|1696290706\n|switch|p1b: Cresselia|Cresselia, F|100\/100\n|-singleturn|p1a: Slaking|move: Focus Punch\n|move|p2a: Espeon|Psychic|p1a: Slaking\n|-crit|p1a: Slaking\n|-damage|p1a: Slaking|28\/100\n|move|p2b: Weezing|Sludge Bomb|p1a: Slaking\n|-damage|p1a: Slaking|2\/100\n|cant|p1a: Slaking|Focus Punch|Focus Punch\n|\n|upkeep\n|turn|3\n|\n|t:|1696290739\n|switch|p1a: Metagross|Metagross|100\/100\n|move|p2a: Espeon|Calm Mind|p2a: Espeon\n|-boost|p2a: Espeon|spa|1\n|-boost|p2a: Espeon|spd|1\n|move|p1b: Cresselia|Light Screen|p1b: Cresselia\n|-sidestart|p1: Bryantdang3r|move: Light Screen\n|move|p2b: Weezing|Will-O-Wisp|p1a: Metagross|[miss]\n|-miss|p2b: Weezing|p1a: Metagross\n|\n|upkeep\n|turn|4\n|\n|t:|1696290782\n|detailschange|p1a: Metagross|Metagross-Mega\n|-mega|p1a: Metagross|Metagross|Metagrossite\n|move|p1b: Cresselia|Helping Hand|p1a: Metagross\n|-singleturn|p1a: Metagross|Helping Hand|[of] p1b: Cresselia\n|move|p2a: Espeon|Shadow Ball|p1a: Metagross\n|-supereffective|p1a: Metagross\n|-damage|p1a: Metagross|38\/100\n|move|p1a: Metagross|Meteor Mash|p2b: Weezing\n|-supereffective|p2b: Weezing\n|-damage|p2b: Weezing|0 fnt\n|faint|p2b: Weezing\n|-end|p2b: Weezing|ability: Neutralizing Gas\n|\n|upkeep\n|\n|t:|1696290792\n|switch|p2b: Gyarados|Gyarados, M|100\/100\n|-ability|p2b: Gyarados|Intimidate|boost\n|-unboost|p1a: Metagross|atk|1\n|-unboost|p1b: Cresselia|atk|1\n|turn|5\n|\n|t:|1696290831\n|switch|p1a: Milotic|Milotic, M|100\/100\n|move|p2a: Espeon|Shadow Ball|p1a: Milotic\n|-damage|p1a: Milotic|76\/100\n|move|p2b: Gyarados|Dragon Dance|p2b: Gyarados\n|-boost|p2b: Gyarados|atk|1\n|-boost|p2b: Gyarados|spe|1\n|move|p1b: Cresselia|Reflect|p1b: Cresselia\n|-sidestart|p1: Bryantdang3r|Reflect\n|\n|-heal|p1a: Milotic|82\/100|[from] item: Leftovers\n|upkeep\n|turn|6\n|\n|t:|1696290870\n|switch|p1b: Amoonguss|Amoonguss, F|58\/100\n|move|p2b: Gyarados|Stone Edge|p1a: Milotic\n|-damage|p1a: Milotic|43\/100\n|-damage|p2b: Gyarados|91\/100|[from] item: Life Orb\n|move|p2a: Espeon|Calm Mind|p2a: Espeon\n|-boost|p2a: Espeon|spa|1\n|-boost|p2a: Espeon|spd|1\n|move|p1a: Milotic|Haze|p1a: Milotic\n|-clearallboost\n|\n|-heal|p1a: Milotic|49\/100|[from] item: Leftovers\n|upkeep\n|turn|7\n|\n|t:|1696290907\n|move|p2a: Espeon|Zap Cannon|p1a: Milotic|[miss]\n|-miss|p2a: Espeon|p1a: Milotic\n|move|p2b: Gyarados|Ice Fang|p1b: Amoonguss\n|-supereffective|p1b: Amoonguss\n|-damage|p1b: Amoonguss|11\/100\n|-damage|p2b: Gyarados|81\/100|[from] item: Life Orb\n|move|p1a: Milotic|Scald|p2a: Espeon\n|-damage|p2a: Espeon|53\/100\n|move|p1b: Amoonguss|Spore|p2b: Gyarados\n|-status|p2b: Gyarados|slp|[from] move: Spore\n|\n|-heal|p1a: Milotic|55\/100|[from] item: Leftovers\n|upkeep\n|turn|8\n|\n|t:|1696290935\n|switch|p1b: Metagross|Metagross-Mega|38\/100\n|move|p2a: Espeon|Psychic|p1b: Metagross\n|-resisted|p1b: Metagross\n|-damage|p1b: Metagross|30\/100\n|-unboost|p1b: Metagross|spd|1\n|cant|p2b: Gyarados|slp\n|move|p1a: Milotic|Scald|p2a: Espeon\n|-damage|p2a: Espeon|7\/100\n|\n|-heal|p1a: Milotic|61\/100|[from] item: Leftovers\n|upkeep\n|turn|9\n|\n|t:|1696290965\n|move|p1b: Metagross|Bullet Punch|p2a: Espeon\n|-damage|p2a: Espeon|0 fnt\n|faint|p2a: Espeon\n|cant|p2b: Gyarados|slp\n|move|p1a: Milotic|Ice Beam|p2b: Gyarados\n|-damage|p2b: Gyarados|54\/100 slp\n|\n|-heal|p1a: Milotic|67\/100|[from] item: Leftovers\n|upkeep\n|\n|t:|1696290974\n|switch|p2a: Tornadus|Tornadus, M|100\/100\n|turn|10\n|\n|t:|1696290995\n|move|p2a: Tornadus|Tailwind|p2a: Tornadus\n|-sidestart|p2: PixelDude18|move: Tailwind\n|move|p1b: Metagross|Bullet Punch|p2a: Tornadus\n|-damage|p2a: Tornadus|61\/100\n|cant|p2b: Gyarados|slp\n|move|p1a: Milotic|Ice Beam|p2a: Tornadus\n|-supereffective|p2a: Tornadus\n|-damage|p2a: Tornadus|12\/100\n|\n|-heal|p1a: Milotic|73\/100|[from] item: Leftovers\n|-sideend|p1: Bryantdang3r|move: Light Screen\n|upkeep\n|turn|11\n|\n|t:|1696291014\n|move|p1b: Metagross|Bullet Punch|p2a: Tornadus\n|-damage|p2a: Tornadus|0 fnt\n|faint|p2a: Tornadus\n|-curestatus|p2b: Gyarados|slp|[msg]\n|move|p2b: Gyarados|Dragon Dance|p2b: Gyarados\n|-boost|p2b: Gyarados|atk|1\n|-boost|p2b: Gyarados|spe|1\n|move|p1a: Milotic|Ice Beam|p2b: Gyarados\n|-crit|p2b: Gyarados\n|-damage|p2b: Gyarados|15\/100\n|\n|-heal|p1a: Milotic|79\/100|[from] item: Leftovers\n|upkeep\n|\n|t:|1696291025\n|switch|p2a: Diancie|Diancie|100\/100\n|turn|12\n|\n|t:|1696291040\n|detailschange|p2a: Diancie|Diancie-Mega\n|-mega|p2a: Diancie|Diancie|Diancite\n|move|p1b: Metagross|Bullet Punch|p2b: Gyarados\n|-resisted|p2b: Gyarados\n|-crit|p2b: Gyarados\n|-damage|p2b: Gyarados|0 fnt\n|faint|p2b: Gyarados\n|move|p2a: Diancie|Diamond Storm|p1b: Metagross|[spread] p1a,p1b\n|-resisted|p1b: Metagross\n|-damage|p1a: Milotic|55\/100\n|-damage|p1b: Metagross|21\/100\n|-boost|p2a: Diancie|def|2\n|move|p1a: Milotic|Scald|p2a: Diancie\n|-supereffective|p2a: Diancie\n|-damage|p2a: Diancie|3\/100\n|-status|p2a: Diancie|brn\n|\n|-heal|p1a: Milotic|61\/100|[from] item: Leftovers\n|-damage|p2a: Diancie|0 fnt|[from] brn\n|faint|p2a: Diancie\n|\n|win|Bryantdang3r\n|upkeep\n|raw|Bryantdang3r's rating: 1152 &rarr; <strong>1175<\/strong><br \/>(+23 for winning)\n|raw|PixelDude18's rating: 1131 &rarr; <strong>1108<\/strong><br \/>(-23 for losing)\n|c|\u2606PixelDude18|gg\n|c|\u2606Bryantdang3r|Gg\n|l|\u2606PixelDude18\n","uploadtime":1696291068,"views":8,"p1id":"bryantdang3r","p2id":"pixeldude18","formatid":"gen9nationaldexdoubles","rating":1108,"private":0,"password":""}