{"id":"gen9nationaldexdoubles-1959881561","p1":"KRONEL2426","p2":"Theadonia","format":"[Gen 9] National Dex Doubles","log":"|j|\u2606KRONEL2426\n|j|\u2606Theadonia\n|t:|1696464748\n|gametype|doubles\n|player|p1|KRONEL2426|hugh|1114\n|player|p2|Theadonia|caitlin|1176\n|teamsize|p1|6\n|teamsize|p2|6\n|gen|9\n|tier|[Gen 9] National Dex Doubles\n|rated|\n|rule|HP Percentage Mod: HP is shown in percentages\n|rule|Endless Battle Clause: Forcing endless battles is banned\n|rule|OHKO Clause: OHKO moves are banned\n|rule|Evasion Moves Clause: Evasion moves are banned\n|rule|Evasion Abilities Clause: Evasion abilities are banned\n|rule|Species Clause: Limit one of each Pok\u00e9mon\n|rule|Gravity Sleep Clause: The combination of sleep-inducing moves with imperfect accuracy and Gravity or Gigantamax Orbeetle are banned\n|clearpoke\n|poke|p1|Landorus-Therian, M|\n|poke|p1|Volcarona, F|\n|poke|p1|Corviknight, F|\n|poke|p1|Baxcalibur, F|\n|poke|p1|Amoonguss, F|\n|poke|p1|Grimmsnarl, M|\n|poke|p2|Delphox, F|\n|poke|p2|Oricorio-Sensu, M|\n|poke|p2|Kommo-o, F|\n|poke|p2|Riolu, M|\n|poke|p2|Cresselia, F|\n|poke|p2|Smeargle, F|\n|teampreview\n|\n|t:|1696464762\n|start\n|switch|p1a: Baxcalibur|Baxcalibur, F|100\/100\n|switch|p1b: Grimmsnarl|Grimmsnarl, M|100\/100\n|switch|p2a: Kommo-o|Kommo-o, F, shiny|100\/100\n|switch|p2b: Smeargle|Smeargle, F|100\/100\n|turn|1\n|inactive|Battle timer is ON: inactive players will automatically lose when time's up. (requested by KRONEL2426)\n|\n|t:|1696464786\n|-terastallize|p1a: Baxcalibur|Fairy\n|move|p1b: Grimmsnarl|Fake Out|p2b: Smeargle\n|-damage|p2b: Smeargle|75\/100\n|cant|p2b: Smeargle|flinch\n|-zpower|p2a: Kommo-o\n|move|p2a: Kommo-o|Clangorous Soulblaze|p1a: Baxcalibur|[zeffect]|[spread] \n|-immune|p1a: Baxcalibur\n|-immune|p1b: Grimmsnarl\n|move|p1a: Baxcalibur|Dragon Dance|p1a: Baxcalibur\n|-boost|p1a: Baxcalibur|atk|1\n|-boost|p1a: Baxcalibur|spe|1\n|\n|upkeep\n|turn|2\n|\n|t:|1696464814\n|move|p1b: Grimmsnarl|Taunt|p2b: Smeargle\n|-start|p2b: Smeargle|move: Taunt\n|move|p1a: Baxcalibur|Dragon Dance|p1a: Baxcalibur\n|-boost|p1a: Baxcalibur|atk|1\n|-boost|p1a: Baxcalibur|spe|1\n|cant|p2b: Smeargle|move: Taunt|Simple Beam\n|move|p2a: Kommo-o|Clangorous Soul|p2a: Kommo-o\n|-boost|p2a: Kommo-o|atk|1\n|-boost|p2a: Kommo-o|def|1\n|-boost|p2a: Kommo-o|spa|1\n|-boost|p2a: Kommo-o|spd|1\n|-boost|p2a: Kommo-o|spe|1\n|-damage|p2a: Kommo-o|68\/100\n|\n|upkeep\n|turn|3\n|\n|t:|1696464834\n|switch|p2b: Riolu|Riolu, M|100\/100\n|move|p1b: Grimmsnarl|Parting Shot|p2a: Kommo-o\n|-immune|p2a: Kommo-o|[from] ability: Soundproof\n|move|p1a: Baxcalibur|Earthquake|p2a: Kommo-o|[spread] p1b,p2a,p2b\n|-damage|p1b: Grimmsnarl|18\/100\n|-damage|p2a: Kommo-o|27\/100\n|-damage|p2b: Riolu|0 fnt\n|faint|p2b: Riolu\n|move|p2a: Kommo-o|Poison Jab|p1a: Baxcalibur\n|-supereffective|p1a: Baxcalibur\n|-damage|p1a: Baxcalibur|29\/100\n|-status|p1a: Baxcalibur|psn\n|\n|-damage|p1a: Baxcalibur|16\/100 psn|[from] psn\n|upkeep\n|\n|t:|1696464844\n|switch|p2b: Smeargle|Smeargle, F|75\/100\n|turn|4\n|\n|t:|1696464855\n|move|p2b: Smeargle|Extreme Speed|p1a: Baxcalibur\n|-damage|p1a: Baxcalibur|8\/100 psn\n|move|p1b: Grimmsnarl|Taunt|p2b: Smeargle\n|-start|p2b: Smeargle|move: Taunt\n|move|p1a: Baxcalibur|Earthquake|p2a: Kommo-o|[spread] p1b,p2a,p2b\n|-damage|p1b: Grimmsnarl|0 fnt\n|-damage|p2a: Kommo-o|0 fnt\n|-damage|p2b: Smeargle|0 fnt\n|faint|p1b: Grimmsnarl\n|faint|p2a: Kommo-o\n|faint|p2b: Smeargle\n|\n|-damage|p1a: Baxcalibur|0 fnt|[from] psn\n|faint|p1a: Baxcalibur\n|upkeep\n|\n|t:|1696464878\n|switch|p2a: Delphox|Delphox, F, shiny|100\/100\n|switch|p2b: Oricorio|Oricorio-Sensu, M, shiny|100\/100\n|switch|p1a: Amoonguss|Amoonguss, F|100\/100\n|switch|p1b: Volcarona|Volcarona, F|100\/100\n|turn|5\n|\n|t:|1696464895\n|-terastallize|p2a: Delphox|Fire\n|move|p2a: Delphox|Role Play|p2b: Oricorio\n|-endability|p2a: Delphox|Magician|[from] move: Role Play\n|-ability|p2a: Delphox|Dancer|[from] move: Role Play|[of] p2b: Oricorio\n|move|p1b: Volcarona|Quiver Dance|p1b: Volcarona\n|-boost|p1b: Volcarona|spa|1\n|-boost|p1b: Volcarona|spd|1\n|-boost|p1b: Volcarona|spe|1\n|-activate|p2b: Oricorio|ability: Dancer\n|move|p2b: Oricorio|Quiver Dance|p2b: Oricorio|[from]ability: Dancer\n|-boost|p2b: Oricorio|spa|1\n|-boost|p2b: Oricorio|spd|1\n|-boost|p2b: Oricorio|spe|1\n|-activate|p2a: Delphox|ability: Dancer\n|move|p2a: Delphox|Quiver Dance|p2a: Delphox|[from]ability: Dancer\n|-boost|p2a: Delphox|spa|1\n|-boost|p2a: Delphox|spd|1\n|-boost|p2a: Delphox|spe|1\n|move|p2b: Oricorio|Revelation Dance|p1a: Amoonguss\n|-damage|p1a: Amoonguss|68\/100\n|-activate|p2a: Delphox|ability: Dancer\n|move|p2a: Delphox|Revelation Dance|p1a: Amoonguss|[from]ability: Dancer\n|-supereffective|p1a: Amoonguss\n|-damage|p1a: Amoonguss|0 fnt\n|faint|p1a: Amoonguss\n|\n|upkeep\n|inactive|KRONEL2426 has 120 seconds left.\n|\n|t:|1696464924\n|switch|p1a: Landorus|Landorus-Therian, M|100\/100\n|-ability|p1a: Landorus|Intimidate|boost\n|-unboost|p2a: Delphox|atk|1\n|-unboost|p2b: Oricorio|atk|1\n|turn|6\n|\n|t:|1696464932\n|move|p2a: Delphox|Copycat|p2a: Delphox\n|move|p2a: Delphox|Revelation Dance|p1b: Volcarona|[from]move: Copycat\n|-damage|p1b: Volcarona|39\/100\n|-activate|p2b: Oricorio|ability: Dancer\n|move|p2b: Oricorio|Revelation Dance|p1b: Volcarona|[from]ability: Dancer\n|-damage|p1b: Volcarona|6\/100\n|move|p1b: Volcarona|Fiery Dance|p2b: Oricorio\n|-damage|p2b: Oricorio|38\/100\n|-boost|p1b: Volcarona|spa|1\n|-activate|p2b: Oricorio|ability: Dancer\n|move|p2b: Oricorio|Fiery Dance|p1b: Volcarona|[from]ability: Dancer\n|-crit|p1b: Volcarona\n|-damage|p1b: Volcarona|0 fnt\n|-boost|p2b: Oricorio|spa|1\n|faint|p1b: Volcarona\n|-activate|p2a: Delphox|ability: Dancer\n|move|p2a: Delphox|Fiery Dance|p1a: Landorus|[from]ability: Dancer\n|-damage|p1a: Landorus|6\/100\n|-boost|p2a: Delphox|spa|1\n|move|p2b: Oricorio|Revelation Dance|p1a: Landorus\n|-damage|p1a: Landorus|0 fnt\n|faint|p1a: Landorus\n|-activate|p2a: Delphox|ability: Dancer\n|move|p2a: Delphox|Revelation Dance|p1: Landorus|[from]ability: Dancer|[notarget]\n|-fail|p2a: Delphox\n|\n|upkeep\n|inactive|KRONEL2426 has 120 seconds left.\n|-message|KRONEL2426 forfeited.\n|\n|win|Theadonia\n|raw|KRONEL2426's rating: 1114 &rarr; <strong>1093<\/strong><br \/>(-21 for losing)\n|raw|Theadonia's rating: 1176 &rarr; <strong>1197<\/strong><br \/>(+21 for winning)\n|l|\u2606KRONEL2426\n","uploadtime":1696464966,"views":5,"p1id":"kronel2426","p2id":"theadonia","formatid":"gen9nationaldexdoubles","rating":1093,"private":0,"password":""}