{"id":"gen9nationaldexdoubles-1973496461","p1":"Nersus213","p2":"WheelsWitch","format":"[Gen 9] National Dex Doubles","log":"|j|\u2606Nersus213\n|j|\u2606WheelsWitch\n|t:|1697983760\n|gametype|doubles\n|player|p1|Nersus213|n-masters|1128\n|player|p2|WheelsWitch|rollerskaterf|1000\n|teamsize|p1|6\n|teamsize|p2|6\n|gen|9\n|tier|[Gen 9] National Dex Doubles\n|rated|\n|rule|HP Percentage Mod: HP is shown in percentages\n|rule|Endless Battle Clause: Forcing endless battles is banned\n|rule|OHKO Clause: OHKO moves are banned\n|rule|Evasion Moves Clause: Evasion moves are banned\n|rule|Evasion Abilities Clause: Evasion abilities are banned\n|rule|Species Clause: Limit one of each Pok\u00e9mon\n|rule|Gravity Sleep Clause: The combination of sleep-inducing moves with imperfect accuracy and Gravity or Gigantamax Orbeetle are banned\n|clearpoke\n|poke|p1|Clamperl, M|\n|poke|p1|Araquanid, M|\n|poke|p1|Pelipper, M|\n|poke|p1|Ogerpon-Wellspring, F|\n|poke|p1|Ribombee, F|\n|poke|p1|Basculegion, M|\n|poke|p2|Emolga, F|\n|poke|p2|Clawitzer, M|\n|poke|p2|Breloom, F|\n|poke|p2|Talonflame, F|\n|poke|p2|Kommo-o, F|\n|poke|p2|Altaria, M|\n|teampreview\n|inactive|Battle timer is ON: inactive players will automatically lose when time's up. (requested by Nersus213)\n|\n|t:|1697983769\n|start\n|switch|p1a: Pelipper|Pelipper, M|100\/100\n|switch|p1b: Araquanid|Araquanid, M|100\/100\n|switch|p2a: Emolga|Emolga, F|100\/100\n|switch|p2b: Breloom|Breloom, F|100\/100\n|-weather|RainDance|[from] ability: Drizzle|[of] p1a: Pelipper\n|turn|1\n|\n|t:|1697983787\n|-terastallize|p1a: Pelipper|Ground\n|move|p2a: Emolga|Nuzzle|p1a: Pelipper\n|-immune|p1a: Pelipper\n|move|p2b: Breloom|Spore|p1b: Araquanid\n|-status|p1b: Araquanid|slp|[from] move: Spore\n|move|p1a: Pelipper|U-turn|p2b: Breloom\n|-damage|p2b: Breloom|86\/100\n|\n|t:|1697983795\n|switch|p1a: Clamperl|Clamperl, M|100\/100|[from] U-turn\n|cant|p1b: Araquanid|slp\n|\n|-weather|RainDance|[upkeep]\n|upkeep\n|turn|2\n|\n|t:|1697983807\n|move|p1a: Clamperl|Protect|p1a: Clamperl\n|-singleturn|p1a: Clamperl|Protect\n|move|p2a: Emolga|Volt Switch|p1b: Araquanid\n|-supereffective|p1b: Araquanid\n|-damage|p1b: Araquanid|68\/100 slp\n|\n|t:|1697983814\n|switch|p2a: Altaria|Altaria, M|100\/100|[from] Volt Switch\n|move|p2b: Breloom|Bullet Seed|p1a: Clamperl\n|-activate|p1a: Clamperl|move: Protect\n|cant|p1b: Araquanid|slp\n|\n|-weather|RainDance|[upkeep]\n|-heal|p1b: Araquanid|74\/100 slp|[from] item: Leftovers\n|upkeep\n|turn|3\n|\n|t:|1697983827\n|-terastallize|p2a: Altaria|Fairy\n|move|p2a: Altaria|Dragon Dance|p2a: Altaria\n|-boost|p2a: Altaria|atk|1\n|-boost|p2a: Altaria|spe|1\n|move|p2b: Breloom|Bullet Seed|p1a: Clamperl\n|-supereffective|p1a: Clamperl\n|-damage|p1a: Clamperl|41\/100\n|-supereffective|p1a: Clamperl\n|-damage|p1a: Clamperl|0 fnt\n|faint|p1a: Clamperl\n|-hitcount|p1: Clamperl|2\n|cant|p1b: Araquanid|slp\n|\n|-weather|RainDance|[upkeep]\n|-heal|p1b: Araquanid|80\/100 slp|[from] item: Leftovers\n|upkeep\n|\n|t:|1697983838\n|switch|p1a: Ribombee|Ribombee, F|100\/100\n|turn|4\n|\n|t:|1697983853\n|switch|p2b: Burnout|Talonflame, F|100\/100\n|move|p2a: Altaria|Dragon Dance|p2a: Altaria\n|-boost|p2a: Altaria|atk|1\n|-boost|p2a: Altaria|spe|1\n|move|p1a: Ribombee|Moonblast|p2b: Burnout\n|-resisted|p2b: Burnout\n|-damage|p2b: Burnout|75\/100\n|-curestatus|p1b: Araquanid|slp|[msg]\n|move|p1b: Araquanid|Sticky Web|p2a: Altaria\n|-sidestart|p2: WheelsWitch|move: Sticky Web\n|\n|-weather|RainDance|[upkeep]\n|-heal|p1b: Araquanid|87\/100|[from] item: Leftovers\n|upkeep\n|turn|5\n|\n|t:|1697983874\n|move|p2a: Altaria|Play Rough|p1b: Araquanid\n|-damage|p1b: Araquanid|18\/100\n|move|p2b: Burnout|Brave Bird|p1a: Ribombee\n|-supereffective|p1a: Ribombee\n|-enditem|p1a: Ribombee|Focus Sash\n|-damage|p1a: Ribombee|1\/100\n|-damage|p2b: Burnout|51\/100|[from] Recoil\n|move|p1a: Ribombee|Moonblast|p2a: Altaria\n|-damage|p2a: Altaria|55\/100\n|-unboost|p2a: Altaria|spa|1\n|move|p1b: Araquanid|Liquidation|p2a: Altaria\n|-damage|p2a: Altaria|0 fnt\n|faint|p2a: Altaria\n|\n|-weather|RainDance|[upkeep]\n|-heal|p1b: Araquanid|24\/100|[from] item: Leftovers\n|upkeep\n|inactive|WheelsWitch has 120 seconds left.\n|\n|t:|1697983891\n|switch|p2a: Breloom|Breloom, F|86\/100\n|-activate|p2a: Breloom|move: Sticky Web\n|-unboost|p2a: Breloom|spe|1\n|turn|6\n|\n|t:|1697983904\n|switch|p2b: Touge|Kommo-o, F|100\/100\n|-activate|p2b: Touge|move: Sticky Web\n|-unboost|p2b: Touge|spe|1\n|move|p2a: Breloom|Mach Punch|p1a: Ribombee\n|-resisted|p1a: Ribombee\n|-damage|p1a: Ribombee|0 fnt\n|faint|p1a: Ribombee\n|move|p1b: Araquanid|Leech Life|p2a: Breloom\n|-damage|p2a: Breloom|38\/100\n|-heal|p1b: Araquanid|42\/100|[from] drain|[of] p2a: Breloom\n|\n|-weather|RainDance|[upkeep]\n|-heal|p1b: Araquanid|48\/100|[from] item: Leftovers\n|upkeep\n|\n|t:|1697983912\n|switch|p1a: Ogerpon|Ogerpon-Wellspring, F|100\/100\n|turn|7\n|\n|t:|1697983923\n|move|p1a: Ogerpon|Spiky Shield|p1a: Ogerpon\n|-singleturn|p1a: Ogerpon|move: Protect\n|move|p2b: Touge|Clangorous Soul|p2b: Touge\n|-boost|p2b: Touge|atk|1\n|-boost|p2b: Touge|def|1\n|-boost|p2b: Touge|spa|1\n|-boost|p2b: Touge|spd|1\n|-boost|p2b: Touge|spe|1\n|-damage|p2b: Touge|68\/100\n|-enditem|p2b: Touge|Throat Spray\n|-boost|p2b: Touge|spa|1|[from] item: Throat Spray\n|move|p2a: Breloom|Spore|p1b: Araquanid\n|-status|p1b: Araquanid|slp|[from] move: Spore\n|cant|p1b: Araquanid|slp\n|\n|-weather|RainDance|[upkeep]\n|-heal|p1b: Araquanid|54\/100 slp|[from] item: Leftovers\n|upkeep\n|turn|8\n|\n|t:|1697983944\n|move|p2b: Touge|Poison Jab|p1a: Ogerpon\n|-supereffective|p1a: Ogerpon\n|-damage|p1a: Ogerpon|26\/100\n|move|p1a: Ogerpon|Play Rough|p2b: Touge\n|-supereffective|p2b: Touge\n|-damage|p2b: Touge|0 fnt\n|faint|p2b: Touge\n|move|p2a: Breloom|Bullet Seed|p1a: Ogerpon\n|-damage|p1a: Ogerpon|2\/100\n|-damage|p1a: Ogerpon|0 fnt\n|faint|p1a: Ogerpon\n|-hitcount|p1: Ogerpon|2\n|cant|p1b: Araquanid|slp\n|\n|-weather|none\n|-heal|p1b: Araquanid|60\/100 slp|[from] item: Leftovers\n|upkeep\n|\n|t:|1697983960\n|switch|p2b: Slick|Clawitzer, M|100\/100\n|switch|p1a: Pelipper|Pelipper, M, tera:Ground|100\/100\n|-activate|p2b: Slick|move: Sticky Web\n|-unboost|p2b: Slick|spe|1\n|-weather|RainDance|[from] ability: Drizzle|[of] p1a: Pelipper\n|turn|9\n|\n|t:|1697983976\n|move|p2a: Breloom|Bullet Seed|p1b: Araquanid\n|-crit|p1b: Araquanid\n|-damage|p1b: Araquanid|24\/100 slp\n|-damage|p1b: Araquanid|0 fnt\n|faint|p1b: Araquanid\n|-hitcount|p1: Araquanid|2\n|move|p1a: Pelipper|Hurricane|p2b: Slick\n|-damage|p2b: Slick|62\/100\n|move|p2b: Slick|Water Pulse|p1a: Pelipper\n|-supereffective|p1a: Pelipper\n|-damage|p1a: Pelipper|0 fnt\n|faint|p1a: Pelipper\n|\n|-weather|RainDance|[upkeep]\n|upkeep\n|\n|t:|1697983982\n|switch|p1a: Basculegion|Basculegion, M|100\/100\n|turn|10\n|\n|t:|1697983991\n|move|p1a: Basculegion|Last Respects|p2b: Slick\n|-damage|p2b: Slick|0 fnt\n|faint|p2b: Slick\n|move|p2a: Breloom|Spore|p1a: Basculegion\n|-status|p1a: Basculegion|slp|[from] move: Spore\n|\n|-weather|RainDance|[upkeep]\n|upkeep\n|\n|t:|1697983998\n|switch|p2b: Emolga|Emolga, F|100\/100\n|turn|11\n|\n|t:|1697984003\n|cant|p1a: Basculegion|slp\n|move|p2b: Emolga|Knock Off|p1a: Basculegion\n|-supereffective|p1a: Basculegion\n|-damage|p1a: Basculegion|60\/100 slp\n|-enditem|p1a: Basculegion|Choice Scarf|[from] move: Knock Off|[of] p2b: Emolga\n|move|p2a: Breloom|Bullet Seed|p1a: Basculegion\n|-supereffective|p1a: Basculegion\n|-damage|p1a: Basculegion|1\/100 slp\n|-supereffective|p1a: Basculegion\n|-damage|p1a: Basculegion|0 fnt\n|faint|p1a: Basculegion\n|-hitcount|p1: Basculegion|2\n|\n|win|WheelsWitch\n|raw|Nersus213's rating: 1128 &rarr; <strong>1094<\/strong><br \/>(-34 for losing)\n|raw|WheelsWitch's rating: 1000 &rarr; <strong>1054<\/strong><br \/>(+54 for winning)\n","uploadtime":1697984018,"views":13,"p1id":"nersus213","p2id":"wheelswitch","formatid":"gen9nationaldexdoubles","rating":1054,"private":0,"password":""}