{"id":"gen9nationaldexdoubles-1956517028","p1":"Mudkiped","p2":"bibbler111","format":"[Gen 9] National Dex Doubles","log":"|j|\u2606Mudkiped\n|j|\u2606bibbler111\n|t:|1696116101\n|gametype|doubles\n|player|p1|Mudkiped|crasherwake|1446\n|player|p2|bibbler111|169|1327\n|teamsize|p1|6\n|teamsize|p2|6\n|gen|9\n|tier|[Gen 9] National Dex Doubles\n|rated|\n|rule|HP Percentage Mod: HP is shown in percentages\n|rule|Endless Battle Clause: Forcing endless battles is banned\n|rule|OHKO Clause: OHKO moves are banned\n|rule|Evasion Moves Clause: Evasion moves are banned\n|rule|Evasion Abilities Clause: Evasion abilities are banned\n|rule|Species Clause: Limit one of each Pok\u00e9mon\n|rule|Gravity Sleep Clause: The combination of sleep-inducing moves with imperfect accuracy and Gravity or Gigantamax Orbeetle are banned\n|clearpoke\n|poke|p1|Wo-Chien|\n|poke|p1|Sinistcha-Masterpiece|\n|poke|p1|Incineroar, M|\n|poke|p1|Kommo-o, M|\n|poke|p1|Ninetales-Alola, F|\n|poke|p1|Landorus, M|\n|poke|p2|Primarina, M|\n|poke|p2|Pelipper, M|\n|poke|p2|Marshadow|\n|poke|p2|Cresselia, F|\n|poke|p2|Ribombee, M|\n|poke|p2|Togekiss, F|\n|teampreview\n|c|\u2606bibbler111|glhf\n|c|\u2606Mudkiped|glhf!\n|\n|t:|1696116156\n|start\n|switch|p1a: Big Kahuna|Kommo-o, M, shiny|100\/100\n|switch|p1b: Mc Cloud|Ninetales-Alola, F|100\/100\n|switch|p2a: Ribombee|Ribombee, M|100\/100\n|switch|p2b: Togekiss|Togekiss, F|100\/100\n|-weather|Snow|[from] ability: Snow Warning|[of] p1b: Mc Cloud\n|turn|1\n|c|\u2606Mudkiped|when your a fighting dragon surrounded by fairies\n|\n|t:|1696116179\n|switch|p2a: Pelipper|Pelipper, M|100\/100\n|-weather|RainDance|[from] ability: Drizzle|[of] p2a: Pelipper\n|-terastallize|p1a: Big Kahuna|Steel\n|move|p1b: Mc Cloud|Aurora Veil||[still]\n|-fail|p1b: Mc Cloud\n|move|p1a: Big Kahuna|Clangorous Soul|p1a: Big Kahuna\n|-boost|p1a: Big Kahuna|atk|1\n|-boost|p1a: Big Kahuna|def|1\n|-boost|p1a: Big Kahuna|spa|1\n|-boost|p1a: Big Kahuna|spd|1\n|-boost|p1a: Big Kahuna|spe|1\n|-damage|p1a: Big Kahuna|68\/100\n|-enditem|p1a: Big Kahuna|Throat Spray\n|-boost|p1a: Big Kahuna|spa|1|[from] item: Throat Spray\n|move|p2b: Togekiss|Air Slash|p1a: Big Kahuna\n|-resisted|p1a: Big Kahuna\n|-damage|p1a: Big Kahuna|59\/100\n|\n|-weather|RainDance|[upkeep]\n|upkeep\n|turn|2\n|c|\u2606bibbler111|oh right thats a thing\n|c|\u2606bibbler111|i forgot the non-z move version exists\n|c|\u2606Mudkiped|ja\n|\n|t:|1696116220\n|move|p1a: Big Kahuna|Flash Cannon|p2b: Togekiss\n|-supereffective|p2b: Togekiss\n|-damage|p2b: Togekiss|5\/100\n|move|p1b: Mc Cloud|Freeze-Dry|p2a: Pelipper\n|-supereffective|p2a: Pelipper\n|-damage|p2a: Pelipper|0 fnt\n|faint|p2a: Pelipper\n|move|p2b: Togekiss|Tailwind|p2b: Togekiss\n|-sidestart|p2: bibbler111|move: Tailwind\n|\n|-weather|RainDance|[upkeep]\n|upkeep\n|\n|t:|1696116228\n|switch|p2a: Marshadow|Marshadow|100\/100\n|turn|3\n|\n|t:|1696116245\n|-terastallize|p2a: Marshadow|Ghost\n|move|p2b: Togekiss|Follow Me|p2b: Togekiss\n|-singleturn|p2b: Togekiss|move: Follow Me\n|move|p2a: Marshadow|Rock Tomb|p1b: Mc Cloud\n|-supereffective|p1b: Mc Cloud\n|-damage|p1b: Mc Cloud|7\/100\n|-unboost|p1b: Mc Cloud|spe|1\n|move|p1a: Big Kahuna|Clanging Scales|p2b: Togekiss|[spread] p2a\n|-immune|p2b: Togekiss\n|-damage|p2a: Marshadow|35\/100\n|-unboost|p1a: Big Kahuna|def|1\n|move|p1b: Mc Cloud|Moonblast|p2b: Togekiss\n|-damage|p2b: Togekiss|0 fnt\n|faint|p2b: Togekiss\n|\n|-weather|RainDance|[upkeep]\n|upkeep\n|\n|t:|1696116264\n|switch|p2b: Ribombee|Ribombee, M|100\/100\n|turn|4\n|\n|t:|1696116273\n|switch|p1b: In A Hot Tub|Sinistcha-Masterpiece, shiny|100\/100\n|-heal|p1a: Big Kahuna|84\/100|[from] ability: Hospitality|[of] p1b: In A Hot Tub\n|move|p2a: Marshadow|Spectral Thief||[still]\n|-clearpositiveboost|p1a: Big Kahuna|p2a: Marshadow|move: Spectral Thief\n|-boost|p2a: Marshadow|atk|1\n|-boost|p2a: Marshadow|spa|2\n|-boost|p2a: Marshadow|spd|1\n|-boost|p2a: Marshadow|spe|1\n|-anim|p2a: Marshadow|Spectral Thief|p1a: Big Kahuna\n|-damage|p1a: Big Kahuna|14\/100\n|move|p2b: Ribombee|Moonblast|p1b: In A Hot Tub\n|-damage|p1b: In A Hot Tub|76\/100\n|-unboost|p1b: In A Hot Tub|spa|1\n|move|p1a: Big Kahuna|Clanging Scales|p2b: Ribombee|[spread] p2a\n|-immune|p2b: Ribombee\n|-damage|p2a: Marshadow|10\/100\n|-unboost|p1a: Big Kahuna|def|1\n|\n|-weather|RainDance|[upkeep]\n|upkeep\n|turn|5\n|c|\u2606Mudkiped|ow\n|c|\u2606bibbler111|did you forget about marshadow's balanced signature move\n|c|\u2606Mudkiped|nah just thought i was faster\n|c|\u2606bibbler111|ah\n|c|\u2606Mudkiped|why did marshadow kinda tank that 2x scales\n|c|\u2606Mudkiped|!dt marshadow\n|raw|<div class=\"message\"><ul class=\"utilichart\"><li class=\"result\"><span class=\"col numcol\">Illegal<\/span> <span class=\"col iconcol\"><psicon pokemon=\"marshadow\"\/><\/span> <span class=\"col pokemonnamecol\" style=\"white-space:nowrap\"><a href=\"https:\/\/dex.pokemonshowdown.com\/pokemon\/marshadow\" target=\"_blank\">Marshadow<\/a><\/span> <span class=\"col typecol\"><img src=\"https:\/\/play.pokemonshowdown.com\/sprites\/types\/Fighting.png\" alt=\"Fighting\" height=\"14\" width=\"32\"><img src=\"https:\/\/play.pokemonshowdown.com\/sprites\/types\/Ghost.png\" alt=\"Ghost\" height=\"14\" width=\"32\"><\/span> <span style=\"float:left;min-height:26px\"><span class=\"col abilitycol\">Technician<\/span><span class=\"col abilitycol\"><\/span><\/span><span style=\"float:left;min-height:26px\"><span class=\"col statcol\"><em>HP<\/em><br \/>90<\/span> <span class=\"col statcol\"><em>Atk<\/em><br \/>125<\/span> <span class=\"col statcol\"><em>Def<\/em><br \/>80<\/span> <span class=\"col statcol\"><em>SpA<\/em><br \/>90<\/span> <span class=\"col statcol\"><em>SpD<\/em><br \/>90<\/span> <span class=\"col statcol\"><em>Spe<\/em><br \/>125<\/span> <span class=\"col bstcol\"><em>BST<br \/>600<\/em><\/span> <\/span><\/li><li style=\"clear:both\"><\/li><\/ul><\/div>\n|raw|<font size=\"1\"><font color=\"#686868\">Dex#:<\/font> 802&nbsp;|&ThickSpace;<font color=\"#686868\">Gen:<\/font> 7&nbsp;|&ThickSpace;<font color=\"#686868\">Height:<\/font> 0.7 m&nbsp;|&ThickSpace;<font color=\"#686868\">Weight:<\/font> 22.2 kg <em>(40 BP)<\/em>&nbsp;|&ThickSpace;<font color=\"#686868\">Dex Colour:<\/font> Gray&nbsp;|&ThickSpace;<font color=\"#686868\">Egg Group(s):<\/font> Undiscovered&nbsp;|&ThickSpace;<font color=\"#686868\">Does Not Evolve<\/font><\/font>\n\n|c|\u2606Mudkiped|it was even single target from fairy immunity right?\n|c|\u2606bibbler111|clanging scales is special\n|c|\u2606Mudkiped|or does it half anyway\n|c|\u2606bibbler111|and i have +1 special defense\n|c|\u2606Mudkiped|i meant the first time\n|c|\u2606Mudkiped|you were just blank marsh and it did like 80%\n|c|\u2606bibbler111|oh\n|c|\u2606bibbler111|no idea lmao\n|c|\u2606Mudkiped|guess hes got spdef in those pockets\n|c|\u2606Mudkiped|anyway sorry back to battle\n|c|\u2606bibbler111|yeah im surprised it didnt bring me down to sash then\n|inactive|Battle timer is ON: inactive players will automatically lose when time's up. (requested by bibbler111)\n|\n|t:|1696116467\n|switch|p1a: Lich's Big W|Wo-Chien|100\/100\n|-ability|p1a: Lich's Big W|Tablets of Ruin\n|move|p2a: Marshadow|Spectral Thief|p1b: In A Hot Tub\n|-supereffective|p1b: In A Hot Tub\n|-damage|p1b: In A Hot Tub|0 fnt\n|faint|p1b: In A Hot Tub\n|move|p2b: Ribombee|Pollen Puff|p2a: Marshadow\n|-heal|p2a: Marshadow|60\/100\n|\n|-weather|none\n|-sideend|p2: bibbler111|move: Tailwind\n|upkeep\n|\n|t:|1696116484\n|switch|p1b: Whats New?|Incineroar, M, shiny|100\/100\n|-ability|p1b: Whats New?|Intimidate|boost\n|-unboost|p2a: Marshadow|atk|1\n|-unboost|p2b: Ribombee|atk|1\n|turn|6\n|c|\u2606bibbler111|sorry i need you to hurry because my battery's low :(\n|\n|t:|1696116491\n|move|p2a: Marshadow|Low Kick|p1b: Whats New?\n|-supereffective|p1b: Whats New?\n|-damage|p1b: Whats New?|43\/100\n|-enditem|p1b: Whats New?|Sitrus Berry|[eat]\n|-heal|p1b: Whats New?|68\/100|[from] item: Sitrus Berry\n|move|p2b: Ribombee|Pollen Puff|p1a: Lich's Big W\n|-supereffective|p1a: Lich's Big W\n|-damage|p1a: Lich's Big W|32\/100\n|move|p1a: Lich's Big W|Foul Play|p2a: Marshadow\n|-supereffective|p2a: Marshadow\n|-damage|p2a: Marshadow|0 fnt\n|faint|p2a: Marshadow\n|move|p1b: Whats New?|Knock Off|p2b: Ribombee\n|-resisted|p2b: Ribombee\n|-damage|p2b: Ribombee|75\/100\n|-enditem|p2b: Ribombee|Iapapa Berry|[from] move: Knock Off|[of] p1b: Whats New?\n|\n|-heal|p1a: Lich's Big W|38\/100|[from] item: Leftovers\n|upkeep\n|\n|t:|1696116498\n|switch|p2a: Primarina|Primarina, M|100\/100\n|turn|7\n|\n|t:|1696116524\n|switch|p1a: Wheres My Tea?|Landorus, M|100\/100\n|switch|p1b: Big Kahuna|Kommo-o, M, shiny, tera:Steel|14\/100\n|move|p2b: Ribombee|Pollen Puff|p1a: Wheres My Tea?\n|-resisted|p1a: Wheres My Tea?\n|-damage|p1a: Wheres My Tea?|84\/100\n|move|p2a: Primarina|Hyper Voice|p1b: Big Kahuna|[spread] p1a\n|-immune|p1b: Big Kahuna|[from] ability: Soundproof\n|-supereffective|p1a: Wheres My Tea?\n|-damage|p1a: Wheres My Tea?|4\/100\n|\n|upkeep\n|turn|8\n|c|\u2606Mudkiped|fk\n|\n|t:|1696116550\n|move|p2b: Ribombee|Speed Swap|p2a: Primarina\n|-activate|p2b: Ribombee|move: Speed Swap|[of] p2a: Primarina\n|move|p2a: Primarina|Dazzling Gleam|p1a: Wheres My Tea?|[spread] p1a,p1b\n|-resisted|p1b: Big Kahuna\n|-damage|p1a: Wheres My Tea?|0 fnt\n|-damage|p1b: Big Kahuna|0 fnt\n|faint|p1a: Wheres My Tea?\n|faint|p1b: Big Kahuna\n|\n|upkeep\n|c|\u2606Mudkiped|WAIT THATS RAD\n|c|\u2606Mudkiped|aight gg\n|inactive|Mudkiped has 120 seconds left.\n|c|\u2606bibbler111|gg\n|\n|t:|1696116565\n|switch|p1b: Lich's Big W|Wo-Chien|38\/100\n|switch|p1a: Whats New?|Incineroar, M, shiny|68\/100\n|-ability|p1b: Lich's Big W|Tablets of Ruin\n|-ability|p1a: Whats New?|Intimidate|boost\n|-unboost|p2a: Primarina|atk|1\n|-unboost|p2b: Ribombee|atk|1\n|turn|9\n|inactive|Mudkiped has 120 seconds left.\n|\n|t:|1696116591\n|move|p1a: Whats New?|Fake Out|p2a: Primarina\n|-damage|p2a: Primarina|92\/100\n|cant|p2a: Primarina|flinch\n|move|p1b: Lich's Big W|Leech Seed|p2a: Primarina\n|-start|p2a: Primarina|move: Leech Seed\n|move|p2b: Ribombee|Pollen Puff|p1b: Lich's Big W\n|-supereffective|p1b: Lich's Big W\n|-damage|p1b: Lich's Big W|0 fnt\n|faint|p1b: Lich's Big W\n|\n|upkeep\n|\n|t:|1696116601\n|switch|p1b: Mc Cloud|Ninetales-Alola, F|7\/100\n|-weather|Snow|[from] ability: Snow Warning|[of] p1b: Mc Cloud\n|turn|10\n|inactive|Mudkiped has 120 seconds left.\n|\n|t:|1696116619\n|switch|p2b: Cresselia|Cresselia, F|100\/100\n|move|p2a: Primarina|Hyper Voice|p1a: Whats New?|[spread] p1a,p1b\n|-supereffective|p1a: Whats New?\n|-damage|p1a: Whats New?|14\/100\n|-damage|p1b: Mc Cloud|0 fnt\n|faint|p1b: Mc Cloud\n|move|p1a: Whats New?|Flare Blitz|p2b: Cresselia\n|-crit|p2b: Cresselia\n|-damage|p2b: Cresselia|50\/100\n|-damage|p1a: Whats New?|0 fnt|[from] Recoil\n|faint|p1a: Whats New?\n|\n|win|bibbler111\n|raw|Mudkiped's rating: 1446 &rarr; <strong>1419<\/strong><br \/>(-27 for losing)\n|raw|bibbler111's rating: 1327 &rarr; <strong>1354<\/strong><br \/>(+27 for winning)\n","uploadtime":1696116624,"views":22,"p1id":"mudkiped","p2id":"bibbler111","formatid":"gen9nationaldexdoubles","rating":1354,"private":0,"password":""}