{"id":"gen9nationaldexdoubles-1974661025","p1":"Syph0n_78","p2":"Noktumm","format":"[Gen 9] National Dex Doubles","log":"|j|\u2606Syph0n_78\n|j|\u2606Noktumm\n|t:|1698107756\n|gametype|doubles\n|player|p1|Syph0n_78|170|1195\n|player|p2|Noktumm|richboy-gen4|1208\n|teamsize|p1|6\n|teamsize|p2|6\n|gen|9\n|tier|[Gen 9] National Dex Doubles\n|rated|\n|rule|HP Percentage Mod: HP is shown in percentages\n|rule|Endless Battle Clause: Forcing endless battles is banned\n|rule|OHKO Clause: OHKO moves are banned\n|rule|Evasion Moves Clause: Evasion moves are banned\n|rule|Evasion Abilities Clause: Evasion abilities are banned\n|rule|Species Clause: Limit one of each Pok\u00e9mon\n|rule|Gravity Sleep Clause: The combination of sleep-inducing moves with imperfect accuracy and Gravity or Gigantamax Orbeetle are banned\n|clearpoke\n|poke|p1|Torterra, F|\n|poke|p1|Tyranitar, F|\n|poke|p1|Excadrill, F|\n|poke|p1|Ferrothorn, F|\n|poke|p1|Cradily, M|\n|poke|p1|Ogerpon-Cornerstone, F|\n|poke|p2|Empoleon, M|\n|poke|p2|Toxicroak, M|\n|poke|p2|Snorlax, M|\n|poke|p2|Metagross|\n|poke|p2|Ludicolo, F|\n|poke|p2|Salamence, F|\n|teampreview\n|\n|t:|1698107779\n|start\n|switch|p1a: Tyranitar|Tyranitar, F|100\/100\n|switch|p1b: Excadrill|Excadrill, F, shiny|100\/100\n|switch|p2a: Toxicroak|Toxicroak, M|100\/100\n|switch|p2b: Salamence|Salamence, F|100\/100\n|-ability|p2b: Salamence|Intimidate|boost\n|-unboost|p1a: Tyranitar|atk|1\n|-unboost|p1b: Excadrill|atk|1\n|-weather|Sandstorm|[from] ability: Sand Stream|[of] p1a: Tyranitar\n|turn|1\n|\n|t:|1698107818\n|switch|p1a: Torterra|Torterra, F|100\/100\n|move|p2a: Toxicroak|Fake Out|p1b: Excadrill\n|-resisted|p1b: Excadrill\n|-damage|p1b: Excadrill|92\/100\n|cant|p1b: Excadrill|flinch\n|move|p2b: Salamence|Rain Dance|p2b: Salamence\n|-weather|RainDance\n|\n|-weather|RainDance|[upkeep]\n|upkeep\n|turn|2\n|\n|t:|1698107835\n|switch|p1a: Tyranitar|Tyranitar, F|100\/100\n|-weather|Sandstorm|[from] ability: Sand Stream|[of] p1a: Tyranitar\n|move|p1b: Excadrill|High Horsepower|p2a: Toxicroak\n|-supereffective|p2a: Toxicroak\n|-enditem|p2a: Toxicroak|Focus Sash\n|-damage|p2a: Toxicroak|1\/100\n|move|p2b: Salamence|Air Cutter|p1a: Tyranitar|[spread] p1a,p1b\n|-resisted|p1a: Tyranitar\n|-resisted|p1b: Excadrill\n|-damage|p1a: Tyranitar|96\/100\n|-damage|p1b: Excadrill|80\/100\n|move|p2a: Toxicroak|Cross Chop|p1a: Tyranitar|[miss]\n|-miss|p2a: Toxicroak|p1a: Tyranitar\n|\n|-weather|Sandstorm|[upkeep]\n|-damage|p2b: Salamence|94\/100|[from] Sandstorm\n|-damage|p2a: Toxicroak|0 fnt|[from] Sandstorm\n|faint|p2a: Toxicroak\n|upkeep\n|\n|t:|1698107849\n|switch|p2a: Metagross|Metagross|100\/100\n|turn|3\n|\n|t:|1698107873\n|move|p1b: Excadrill|High Horsepower|p2a: Metagross\n|-supereffective|p2a: Metagross\n|-damage|p2a: Metagross|33\/100\n|move|p2a: Metagross|Earthquake|p1a: Tyranitar|[spread] p1a,p1b\n|-immune|p2b: Salamence\n|-supereffective|p1a: Tyranitar\n|-supereffective|p1b: Excadrill\n|-damage|p1a: Tyranitar|52\/100\n|-damage|p1b: Excadrill|4\/100\n|move|p2b: Salamence|Rain Dance|p2b: Salamence\n|-weather|RainDance\n|move|p1a: Tyranitar|Dragon Dance|p1a: Tyranitar\n|-boost|p1a: Tyranitar|atk|1\n|-boost|p1a: Tyranitar|spe|1\n|\n|-weather|RainDance|[upkeep]\n|upkeep\n|turn|4\n|\n|t:|1698107891\n|detailschange|p1a: Tyranitar|Tyranitar-Mega, F\n|-mega|p1a: Tyranitar|Tyranitar|Tyranitarite\n|-weather|Sandstorm|[from] ability: Sand Stream|[of] p1a: Tyranitar\n|move|p1b: Excadrill|High Horsepower|p2a: Metagross\n|-supereffective|p2a: Metagross\n|-damage|p2a: Metagross|0 fnt\n|faint|p2a: Metagross\n|move|p2b: Salamence|Draco Meteor|p1a: Tyranitar\n|-damage|p1a: Tyranitar|28\/100\n|-unboost|p2b: Salamence|spa|2\n|move|p1a: Tyranitar|Rock Slide|p2b: Salamence\n|-supereffective|p2b: Salamence\n|-damage|p2b: Salamence|0 fnt\n|faint|p2b: Salamence\n|\n|-weather|Sandstorm|[upkeep]\n|upkeep\n|\n|t:|1698107899\n|switch|p2b: Empoleon|Empoleon, M|100\/100\n|switch|p2a: Ludicolo|Ludicolo, F|100\/100\n|turn|5\n|\n|t:|1698107920\n|switch|p1b: Ferrothorn|Ferrothorn, F|100\/100\n|move|p2b: Empoleon|Vacuum Wave|p1a: Tyranitar\n|-supereffective|p1a: Tyranitar\n|-damage|p1a: Tyranitar|2\/100\n|move|p1a: Tyranitar|High Horsepower|p2b: Empoleon\n|-supereffective|p2b: Empoleon\n|-damage|p2b: Empoleon|0 fnt\n|faint|p2b: Empoleon\n|move|p2a: Ludicolo|Rain Dance|p2a: Ludicolo\n|-weather|RainDance\n|\n|-weather|RainDance|[upkeep]\n|upkeep\n|-message|Noktumm forfeited.\n|\n|win|Syph0n_78\n|raw|Syph0n_78's rating: 1195 &rarr; <strong>1221<\/strong><br \/>(+26 for winning)\n|raw|Noktumm's rating: 1208 &rarr; <strong>1182<\/strong><br \/>(-26 for losing)\n|l|\u2606Noktumm\n","uploadtime":1698107931,"views":13,"p1id":"syph0n78","p2id":"noktumm","formatid":"gen9nationaldexdoubles","rating":1182,"private":0,"password":""}