{"id":"gen9nationaldexdoubles-1949100609","p1":"MudBloodMuggle","p2":"L0rdBagel","format":"[Gen 9] National Dex Doubles","log":"|j|\u2606MudBloodMuggle\n|j|\u2606L0rdBagel\n|t:|1695325900\n|gametype|doubles\n|player|p1|MudBloodMuggle|169|\n|player|p2|L0rdBagel|juan|\n|teamsize|p1|4\n|teamsize|p2|4\n|gen|9\n|tier|[Gen 9] National Dex Doubles\n|rule|HP Percentage Mod: HP is shown in percentages\n|rule|Endless Battle Clause: Forcing endless battles is banned\n|rule|OHKO Clause: OHKO moves are banned\n|rule|Evasion Moves Clause: Evasion moves are banned\n|rule|Evasion Abilities Clause: Evasion abilities are banned\n|rule|Species Clause: Limit one of each Pok\u00e9mon\n|rule|Gravity Sleep Clause: The combination of sleep-inducing moves with imperfect accuracy and Gravity or Gigantamax Orbeetle are banned\n|clearpoke\n|poke|p1|Araquanid, M|\n|poke|p1|Zoroark, M|\n|poke|p1|Eelektross, M|\n|poke|p1|Delphox, M|\n|poke|p2|Aegislash, F|\n|poke|p2|Lucario, M|\n|poke|p2|Togedemaru, M|\n|poke|p2|Scizor, F|\n|teampreview\n|\n|t:|1695325919\n|start\n|switch|p1a: Araquanid|Araquanid, M, shiny|100\/100\n|switch|p1b: Delphox|Delphox, M|100\/100\n|switch|p2a: Scizor|Scizor, F, shiny|100\/100\n|switch|p2b: Aegislash|Aegislash, F, shiny|100\/100\n|turn|1\n|\n|t:|1695325934\n|move|p1b: Delphox|Trick|p2b: Aegislash\n|-activate|p1b: Delphox|move: Trick|[of] p2b: Aegislash\n|-item|p2b: Aegislash|Flame Orb|[from] move: Trick\n|-item|p1b: Delphox|Leftovers|[from] move: Trick\n|move|p2a: Scizor|Dual Wingbeat|p1a: Araquanid\n|-supereffective|p1a: Araquanid\n|-damage|p1a: Araquanid|49\/100\n|-damage|p2a: Scizor|84\/100|[from] item: Rocky Helmet|[of] p1a: Araquanid\n|-supereffective|p1a: Araquanid\n|-damage|p1a: Araquanid|0 fnt\n|-damage|p2a: Scizor|67\/100|[from] item: Rocky Helmet|[of] p1a: Araquanid\n|faint|p1a: Araquanid\n|-hitcount|p1: Araquanid|2\n|-formechange|p2b: Aegislash|Aegislash-Blade||[from] ability: Stance Change\n|move|p2b: Aegislash|Shadow Claw|p1b: Delphox\n|-resisted|p1b: Delphox\n|-damage|p1b: Delphox|75\/100\n|replace|p1b: Zoroark|Zoroark, M, shiny\n|-end|p1b: Zoroark|Illusion\n|\n|-heal|p1b: Zoroark|82\/100|[from] item: Leftovers\n|-status|p2b: Aegislash|brn|[from] item: Flame Orb\n|upkeep\n|\n|t:|1695325943\n|switch|p1a: Eelektross|Eelektross, M|100\/100\n|turn|2\n|\n|t:|1695325959\n|-formechange|p2b: Aegislash|Aegislash||[from] ability: Stance Change\n|move|p2b: Aegislash|King's Shield|p2b: Aegislash\n|-singleturn|p2b: Aegislash|Protect\n|move|p1b: Zoroark|Dark Pulse|p2b: Aegislash\n|-activate|p2b: Aegislash|move: Protect\n|move|p2a: Scizor|X-Scissor|p1b: Zoroark\n|-supereffective|p1b: Zoroark\n|-crit|p1b: Zoroark\n|-damage|p1b: Zoroark|0 fnt\n|faint|p1b: Zoroark\n|move|p1a: Eelektross|Fire Punch|p2a: Scizor\n|-supereffective|p2a: Scizor\n|-damage|p2a: Scizor|0 fnt\n|faint|p2a: Scizor\n|\n|-damage|p2b: Aegislash|94\/100 brn|[from] brn\n|upkeep\n|\n|t:|1695325974\n|switch|p1b: Delphox|Delphox, M|100\/100\n|switch|p2a: Togedemaru|Togedemaru, M|100\/100\n|turn|3\n|\n|t:|1695325987\n|-terastallize|p1b: Delphox|Fire\n|move|p2a: Togedemaru|Fake Out|p1b: Delphox\n|-damage|p1b: Delphox|87\/100\n|cant|p1b: Delphox|flinch\n|-formechange|p2b: Aegislash|Aegislash-Blade||[from] ability: Stance Change\n|move|p2b: Aegislash|Shadow Claw|p1b: Delphox\n|-damage|p1b: Delphox|53\/100\n|move|p1a: Eelektross|Fire Punch|p2b: Aegislash\n|-supereffective|p2b: Aegislash\n|-damage|p2b: Aegislash|0 fnt\n|faint|p2b: Aegislash\n|\n|upkeep\n|\n|t:|1695326002\n|switch|p2b: Lucario|Lucario, M|100\/100\n|turn|4\n|\n|t:|1695326014\n|detailschange|p2b: Lucario|Lucario-Mega, M\n|-mega|p2b: Lucario|Lucario|Lucarionite\n|move|p2a: Togedemaru|Helping Hand|p2b: Lucario\n|-singleturn|p2b: Lucario|Helping Hand|[of] p2a: Togedemaru\n|move|p2b: Lucario|Drain Punch|p1b: Delphox\n|-damage|p1b: Delphox|0 fnt\n|faint|p1b: Delphox\n|move|p1a: Eelektross|Fire Punch|p2b: Lucario\n|-supereffective|p2b: Lucario\n|-damage|p2b: Lucario|26\/100\n|\n|upkeep\n|turn|5\n|\n|t:|1695326029\n|move|p2a: Togedemaru|Helping Hand|p2b: Lucario\n|-singleturn|p2b: Lucario|Helping Hand|[of] p2a: Togedemaru\n|move|p2b: Lucario|Drain Punch|p1a: Eelektross\n|-damage|p1a: Eelektross|0 fnt\n|-heal|p2b: Lucario|93\/100|[from] drain|[of] p1a: Eelektross\n|faint|p1a: Eelektross\n|\n|win|L0rdBagel\n|l|\u2606MudBloodMuggle\n|c|\u2606L0rdBagel|Gg\n|c|\u2606L0rdBagel|Gg\n","uploadtime":1695326051,"views":14,"p1id":"mudbloodmuggle","p2id":"l0rdbagel","formatid":"gen9nationaldexdoubles","rating":0,"private":0,"password":""}