{"id":"gen9nationaldexdoubles-1967900324","p1":"Profesor Turo","p2":"bibleisreal20994","format":"[Gen 9] National Dex Doubles","log":"|j|\u2606Profesor Turo\n|j|\u2606bibleisreal20994\n|t:|1697355137\n|gametype|doubles\n|player|p1|Profesor Turo|turo-ai|1340\n|player|p2|bibleisreal20994|cheren-gen5bw2|1387\n|teamsize|p1|6\n|teamsize|p2|6\n|gen|9\n|tier|[Gen 9] National Dex Doubles\n|rated|\n|rule|HP Percentage Mod: HP is shown in percentages\n|rule|Endless Battle Clause: Forcing endless battles is banned\n|rule|OHKO Clause: OHKO moves are banned\n|rule|Evasion Moves Clause: Evasion moves are banned\n|rule|Evasion Abilities Clause: Evasion abilities are banned\n|rule|Species Clause: Limit one of each Pok\u00e9mon\n|rule|Gravity Sleep Clause: The combination of sleep-inducing moves with imperfect accuracy and Gravity or Gigantamax Orbeetle are banned\n|clearpoke\n|poke|p1|Chien-Pao|\n|poke|p1|Thundurus-Therian, M|\n|poke|p1|Regieleki|\n|poke|p1|Zeraora|\n|poke|p1|Tapu Koko|\n|poke|p1|Pawmot, M|\n|poke|p2|Zeraora|\n|poke|p2|Eiscue, F|\n|poke|p2|Probopass, F|\n|poke|p2|Noivern, F|\n|poke|p2|Slowking-Galar, M|\n|poke|p2|Manaphy|\n|teampreview\n|inactive|Battle timer is ON: inactive players will automatically lose when time's up. (requested by Profesor Turo)\n|inactive|bibleisreal20994 also wants the timer to be on.\n|\n|t:|1697355154\n|start\n|switch|p1a: Gadget|Regieleki|100\/100\n|switch|p1b: Oppenheimer|Zeraora|100\/100\n|switch|p2a: Zeraora|Zeraora|100\/100\n|switch|p2b: Eiscue|Eiscue, F|100\/100\n|turn|1\n|\n|t:|1697355166\n|-zpower|p2a: Zeraora\n|move|p2a: Zeraora|Z-Snatch|p2a: Zeraora|[anim]Snatch\n|-boost|p2a: Zeraora|spe|2|[zeffect]\n|-singleturn|p2a: Zeraora|Snatch\n|move|p1b: Oppenheimer|Fake Out|p2a: Zeraora\n|-damage|p2a: Zeraora|79\/100\n|-damage|p1b: Oppenheimer|91\/100|[from] item: Life Orb\n|move|p1a: Gadget|Body Slam|p2b: Eiscue\n|-activate|p2b: Eiscue|ability: Ice Face\n|-damage|p2b: Eiscue|100\/100\n|detailschange|p2b: Eiscue|Eiscue-Noice, F\n|move|p2b: Eiscue|Belly Drum|p2b: Eiscue\n|-activate|p2a: Zeraora|move: Snatch|[of] p2b: Eiscue\n|move|p2a: Zeraora|Belly Drum|p2a: Zeraora|[from]Snatch\n|-damage|p2a: Zeraora|29\/100\n|-setboost|p2a: Zeraora|atk|6|[from] move: Belly Drum\n|\n|upkeep\n|turn|2\n|inactive|bibleisreal20994 has 120 seconds left.\n|\n|t:|1697355201\n|switch|p1b: CP my beloved|Chien-Pao|100\/100\n|-ability|p1b: CP my beloved|Sword of Ruin\n|move|p2a: Zeraora|Drain Punch|p1b: CP my beloved\n|-supereffective|p1b: CP my beloved\n|-crit|p1b: CP my beloved\n|-enditem|p1b: CP my beloved|Focus Sash\n|-damage|p1b: CP my beloved|1\/100\n|-heal|p2a: Zeraora|76\/100|[from] drain|[of] p1b: CP my beloved\n|move|p1a: Gadget|Body Slam|p2b: Eiscue\n|-damage|p2b: Eiscue|35\/100\n|move|p2b: Eiscue|Belly Drum||[still]\n|-fail|p2b: Eiscue\n|\n|upkeep\n|turn|3\n|\n|t:|1697355224\n|-terastallize|p1b: CP my beloved|Dark\n|move|p2a: Zeraora|Protect|p2a: Zeraora\n|-singleturn|p2a: Zeraora|Protect\n|move|p1b: CP my beloved|Sucker Punch||[still]\n|-fail|p1b: CP my beloved\n|move|p1a: Gadget|Body Slam|p2b: Eiscue\n|-damage|p2b: Eiscue|0 fnt\n|faint|p2b: Eiscue\n|\n|upkeep\n|inactive|bibleisreal20994 has 120 seconds left.\n|\n|t:|1697355241\n|switch|p2b: Noivern|Noivern, F|100\/100\n|turn|4\n|\n|t:|1697355249\n|-terastallize|p2b: Noivern|Normal\n|move|p2a: Zeraora|Snatch|p2a: Zeraora\n|-singleturn|p2a: Zeraora|Snatch\n|move|p1b: CP my beloved|Sucker Punch|p2b: Noivern\n|-damage|p2b: Noivern|16\/100\n|move|p1a: Gadget|Body Slam|p2a: Zeraora\n|-damage|p2a: Zeraora|6\/100\n|move|p2b: Noivern|Heat Wave|p1a: Gadget|[spread] p1b\n|-miss|p2b: Noivern|p1a: Gadget\n|-damage|p1b: CP my beloved|0 fnt\n|faint|p1b: CP my beloved\n|\n|upkeep\n|\n|t:|1697355263\n|switch|p1b: Oppenheimer|Zeraora|91\/100\n|turn|5\n|\n|t:|1697355272\n|move|p2a: Zeraora|Protect|p2a: Zeraora\n|-singleturn|p2a: Zeraora|Protect\n|move|p1b: Oppenheimer|Fake Out|p2a: Zeraora\n|-activate|p2a: Zeraora|move: Protect\n|move|p1a: Gadget|Body Slam|p2b: Noivern\n|-damage|p2b: Noivern|0 fnt\n|faint|p2b: Noivern\n|\n|upkeep\n|\n|t:|1697355279\n|switch|p2b: Manaphy|Manaphy|100\/100\n|turn|6\n|\n|t:|1697355286\n|move|p2a: Zeraora|Drain Punch|p1a: Gadget\n|-damage|p1a: Gadget|0 fnt\n|-heal|p2a: Zeraora|63\/100|[from] drain|[of] p1a: Gadget\n|faint|p1a: Gadget\n|move|p1b: Oppenheimer|Close Combat|p2a: Zeraora\n|-damage|p2a: Zeraora|0 fnt\n|-unboost|p1b: Oppenheimer|def|1\n|-unboost|p1b: Oppenheimer|spd|1\n|faint|p2a: Zeraora\n|-damage|p1b: Oppenheimer|81\/100|[from] item: Life Orb\n|move|p2b: Manaphy|Psych Up|p2: Zeraora|[notarget]\n|-fail|p2b: Manaphy\n|\n|upkeep\n|-message|bibleisreal20994 forfeited.\n|\n|win|Profesor Turo\n|raw|Profesor Turo's rating: 1340 &rarr; <strong>1363<\/strong><br \/>(+23 for winning)\n|raw|bibleisreal20994's rating: 1387 &rarr; <strong>1364<\/strong><br \/>(-23 for losing)\n|l|\u2606bibleisreal20994\n","uploadtime":1697355299,"views":12,"p1id":"profesorturo","p2id":"bibleisreal20994","formatid":"gen9nationaldexdoubles","rating":1363,"private":0,"password":""}