{"id":"gen9nationaldexdoubles-1979097182","p1":"Telebow123","p2":"El Ryuk456","format":"[Gen 9] National Dex Doubles","log":"|j|\u2606Telebow123\n|j|\u2606El Ryuk456\n|t:|1698631785\n|gametype|doubles\n|player|p1|Telebow123|101|1219\n|player|p2|El Ryuk456|ingo|1488\n|teamsize|p1|6\n|teamsize|p2|6\n|gen|9\n|tier|[Gen 9] National Dex Doubles\n|rated|\n|rule|HP Percentage Mod: HP is shown in percentages\n|rule|Endless Battle Clause: Forcing endless battles is banned\n|rule|OHKO Clause: OHKO moves are banned\n|rule|Evasion Moves Clause: Evasion moves are banned\n|rule|Evasion Abilities Clause: Evasion abilities are banned\n|rule|Species Clause: Limit one of each Pok\u00e9mon\n|rule|Gravity Sleep Clause: The combination of sleep-inducing moves with imperfect accuracy and Gravity or Gigantamax Orbeetle are banned\n|clearpoke\n|poke|p1|Yanmega, M|\n|poke|p1|Aerodactyl, F|\n|poke|p1|Blissey, F|\n|poke|p1|Cryogonal|\n|poke|p1|Rillaboom, M|\n|poke|p1|Landorus, M|\n|poke|p2|Enamorus, F|\n|poke|p2|Regieleki|\n|poke|p2|Sableye, M|\n|poke|p2|Hydreigon, M|\n|poke|p2|Mawile, F|\n|poke|p2|Toxapex, F|\n|teampreview\n|\n|t:|1698631811\n|start\n|switch|p1a: Landorus|Landorus, M|100\/100\n|switch|p1b: Aerodactyl|Aerodactyl, F|100\/100\n|switch|p2a: Spedy|Regieleki|100\/100\n|switch|p2b: Genbu|Enamorus, F|100\/100\n|-ability|p1b: Aerodactyl|Pressure\n|turn|1\n|\n|t:|1698631852\n|detailschange|p1b: Aerodactyl|Aerodactyl-Mega, F\n|-mega|p1b: Aerodactyl|Aerodactyl|Aerodactylite\n|-terastallize|p2a: Spedy|Ice\n|move|p2a: Spedy|Tera Blast|p1a: Landorus|[anim] Tera Blast Ice\n|-supereffective|p1a: Landorus\n|-damage|p1a: Landorus|0 fnt\n|faint|p1a: Landorus\n|move|p1b: Aerodactyl|Rock Slide|p2b: Genbu|[spread] p2b\n|-miss|p1b: Aerodactyl|p2a: Spedy\n|-supereffective|p2b: Genbu\n|-damage|p2b: Genbu|28\/100\n|move|p2b: Genbu|Draining Kiss|p1b: Aerodactyl\n|-damage|p1b: Aerodactyl|70\/100\n|-heal|p2b: Genbu|48\/100|[from] drain|[of] p1b: Aerodactyl\n|\n|-heal|p2b: Genbu|54\/100|[from] item: Leftovers\n|upkeep\n|\n|t:|1698631878\n|switch|p1a: Yanmega|Yanmega, M|100\/100\n|turn|2\n|\n|t:|1698631885\n|move|p2b: Genbu|Protect|p2b: Genbu\n|-singleturn|p2b: Genbu|Protect\n|move|p2a: Spedy|Electroweb|p1a: Yanmega|[spread] p1a,p1b\n|-supereffective|p1a: Yanmega\n|-supereffective|p1b: Aerodactyl\n|-damage|p1a: Yanmega|25\/100\n|-damage|p1b: Aerodactyl|20\/100\n|-unboost|p1a: Yanmega|spe|1\n|-unboost|p1b: Aerodactyl|spe|1\n|move|p1b: Aerodactyl|Rock Slide|p2b: Genbu|[spread] p2a\n|-activate|p2b: Genbu|move: Protect\n|-supereffective|p2a: Spedy\n|-damage|p2a: Spedy|20\/100\n|move|p1a: Yanmega|Ancient Power|p2a: Spedy\n|-supereffective|p2a: Spedy\n|-damage|p2a: Spedy|0 fnt\n|faint|p2a: Spedy\n|\n|-heal|p2b: Genbu|60\/100|[from] item: Leftovers\n|-ability|p1a: Yanmega|Speed Boost|boost\n|-boost|p1a: Yanmega|spe|1\n|upkeep\n|\n|t:|1698631903\n|switch|p2a: Yami|Sableye, M|100\/100\n|turn|3\n|\n|t:|1698631914\n|move|p1a: Yanmega|Protect|p1a: Yanmega\n|-singleturn|p1a: Yanmega|Protect\n|move|p2a: Yami|Fake Out|p1a: Yanmega\n|-activate|p1a: Yanmega|move: Protect\n|move|p1b: Aerodactyl|Tailwind|p1b: Aerodactyl\n|-sidestart|p1: Telebow123|move: Tailwind\n|move|p2b: Genbu|Dazzling Gleam|p1b: Aerodactyl|[spread] p1b\n|-activate|p1a: Yanmega|move: Protect\n|-damage|p1b: Aerodactyl|0 fnt\n|faint|p1b: Aerodactyl\n|\n|-heal|p2b: Genbu|66\/100|[from] item: Leftovers\n|-ability|p1a: Yanmega|Speed Boost|boost\n|-boost|p1a: Yanmega|spe|1\n|upkeep\n|inactive|Battle timer is ON: inactive players will automatically lose when time's up. (requested by El Ryuk456)\n|\n|t:|1698631925\n|switch|p1b: Rillaboom|Rillaboom, M|100\/100\n|-fieldstart|move: Grassy Terrain|[from] ability: Grassy Surge|[of] p1b: Rillaboom\n|turn|4\n|\n|t:|1698631936\n|move|p2b: Genbu|Protect|p2b: Genbu\n|-singleturn|p2b: Genbu|Protect\n|move|p2a: Yami|Will-O-Wisp|p1b: Rillaboom\n|-status|p1b: Rillaboom|brn\n|move|p1a: Yanmega|Ancient Power|p2b: Genbu\n|-activate|p2b: Genbu|move: Protect\n|move|p1b: Rillaboom|Wood Hammer|p2a: Yami\n|-damage|p2a: Yami|42\/100\n|-enditem|p2a: Yami|Sitrus Berry|[eat]\n|-heal|p2a: Yami|67\/100|[from] item: Sitrus Berry\n|-damage|p1b: Rillaboom|83\/100 brn|[from] Recoil\n|-damage|p1b: Rillaboom|73\/100 brn|[from] item: Life Orb\n|\n|-heal|p1b: Rillaboom|79\/100 brn|[from] Grassy Terrain\n|-heal|p2b: Genbu|72\/100|[from] item: Leftovers\n|-heal|p2a: Yami|73\/100|[from] Grassy Terrain\n|-damage|p1b: Rillaboom|73\/100 brn|[from] brn\n|-ability|p1a: Yanmega|Speed Boost|boost\n|-boost|p1a: Yanmega|spe|1\n|upkeep\n|turn|5\n|\n|t:|1698631953\n|switch|p2b: Mastema|Toxapex, F|100\/100\n|move|p1a: Yanmega|Bug Buzz|p2a: Yami\n|-damage|p2a: Yami|14\/100\n|-unboost|p2a: Yami|spd|1\n|move|p1b: Rillaboom|Wood Hammer|p2a: Yami\n|-damage|p2a: Yami|0 fnt\n|faint|p2a: Yami\n|-damage|p1b: Rillaboom|69\/100 brn|[from] Recoil\n|-damage|p1b: Rillaboom|59\/100 brn|[from] item: Life Orb\n|\n|-heal|p1b: Rillaboom|66\/100 brn|[from] Grassy Terrain\n|-damage|p1b: Rillaboom|59\/100 brn|[from] brn\n|-ability|p1a: Yanmega|Speed Boost|boost\n|-boost|p1a: Yanmega|spe|1\n|upkeep\n|\n|t:|1698631962\n|switch|p2a: Yuzu|Mawile, F|100\/100\n|-ability|p2a: Yuzu|Intimidate|boost\n|-unboost|p1a: Yanmega|atk|1\n|-unboost|p1b: Rillaboom|atk|1\n|turn|6\n|\n|t:|1698631976\n|detailschange|p2a: Yuzu|Mawile-Mega, F\n|-mega|p2a: Yuzu|Mawile|Mawilite\n|move|p2a: Yuzu|Sucker Punch|p1a: Yanmega\n|-damage|p1a: Yanmega|0 fnt\n|faint|p1a: Yanmega\n|move|p1b: Rillaboom|Earthquake|p2a: Yuzu|[spread] p2a,p2b\n|-supereffective|p2a: Yuzu\n|-supereffective|p2b: Mastema\n|-damage|p2a: Yuzu|89\/100\n|-damage|p2b: Mastema|93\/100\n|-damage|p1b: Rillaboom|49\/100 brn|[from] item: Life Orb\n|move|p2b: Mastema|Gunk Shot|p1b: Rillaboom\n|-supereffective|p1b: Rillaboom\n|-damage|p1b: Rillaboom|0 fnt\n|faint|p1b: Rillaboom\n|\n|-heal|p2a: Yuzu|96\/100|[from] Grassy Terrain\n|-heal|p2b: Mastema|99\/100|[from] Grassy Terrain\n|-sideend|p1: Telebow123|move: Tailwind\n|upkeep\n|\n|t:|1698631987\n|switch|p1b: Blissey|Blissey, F|100\/100\n|switch|p1a: Cryogonal|Cryogonal|100\/100\n|turn|7\n|-message|Telebow123 forfeited.\n|\n|win|El Ryuk456\n|raw|Telebow123's rating: 1219 &rarr; <strong>1210<\/strong><br \/>(-9 for losing)\n|raw|El Ryuk456's rating: 1488 &rarr; <strong>1495<\/strong><br \/>(+7 for winning)\n|l|\u2606Telebow123\n","uploadtime":1698631994,"views":8,"p1id":"telebow123","p2id":"elryuk456","formatid":"gen9nationaldexdoubles","rating":1210,"private":0,"password":""}