{"id":"gen9nationaldexdoubles-1983677340","p1":"GunGalione","p2":"Lilytheloudmouth","format":"[Gen 9] National Dex Doubles","log":"|j|\u2606GunGalione\n|j|\u2606Lilytheloudmouth\n|t:|1699158295\n|gametype|doubles\n|player|p1|GunGalione|pokemonranger-gen4|1214\n|player|p2|Lilytheloudmouth|roxie|1085\n|teamsize|p1|6\n|teamsize|p2|6\n|gen|9\n|tier|[Gen 9] National Dex Doubles\n|rated|\n|rule|HP Percentage Mod: HP is shown in percentages\n|rule|Endless Battle Clause: Forcing endless battles is banned\n|rule|OHKO Clause: OHKO moves are banned\n|rule|Evasion Moves Clause: Evasion moves are banned\n|rule|Evasion Abilities Clause: Evasion abilities are banned\n|rule|Species Clause: Limit one of each Pok\u00e9mon\n|rule|Gravity Sleep Clause: The combination of sleep-inducing moves with imperfect accuracy and Gravity or Gigantamax Orbeetle are banned\n|clearpoke\n|poke|p1|Magmortar, F|\n|poke|p1|Typhlosion, M|\n|poke|p1|Chi-Yu|\n|poke|p1|Torkoal, M|\n|poke|p1|Heliolisk, M|\n|poke|p1|Talonflame, F|\n|poke|p2|Okidogi, M|\n|poke|p2|Munkidori, M|\n|poke|p2|Gliscor, M|\n|poke|p2|Oranguru, M|\n|poke|p2|Kingambit, M|\n|poke|p2|Gholdengo|\n|teampreview\n|raw|<div class=\"broadcast-red\"><b>The server is restarting soon.<\/b><br \/>Please finish your battles quickly. No new battles can be started until the server resets in a few minutes.<\/div>\n|inactive|Battle timer is ON: inactive players will automatically lose when time's up.\n|raw|<div class=\"broadcast-red\"><b>Moderated chat was set to +!<\/b><br \/>Only users of rank + and higher can talk.<\/div>\n|\n|t:|1699158313\n|start\n|switch|p1a: Magmortar|Magmortar, F, shiny|100\/100\n|switch|p1b: Talonflame|Talonflame, F|100\/100\n|switch|p2a: Wrath|Okidogi, M|100\/100\n|switch|p2b: Gluttony|Gliscor, M|100\/100\n|turn|1\n|\n|t:|1699158337\n|-terastallize|p1a: Magmortar|Psychic\n|move|p2b: Gluttony|Protect|p2b: Gluttony\n|-singleturn|p2b: Gluttony|Protect\n|move|p1b: Talonflame|Tailwind|p1b: Talonflame\n|-sidestart|p1: GunGalione|move: Tailwind\n|move|p1a: Magmortar|Psychic|p2a: Wrath\n|-supereffective|p2a: Wrath\n|-damage|p2a: Wrath|0 fnt\n|faint|p2a: Wrath\n|\n|-status|p2b: Gluttony|tox|[from] item: Toxic Orb\n|upkeep\n|\n|t:|1699158349\n|switch|p2a: Pride|Kingambit, M|100\/100\n|-activate|p2a: Pride|ability: Supreme Overlord\n|-start|p2a: Pride|fallen1|[silent]\n|turn|2\n|\n|t:|1699158358\n|-terastallize|p2a: Pride|Flying\n|move|p2a: Pride|Sucker Punch|p1a: Magmortar\n|-supereffective|p1a: Magmortar\n|-damage|p1a: Magmortar|0 fnt\n|faint|p1a: Magmortar\n|move|p1b: Talonflame|U-turn|p1: Magmortar|[notarget]\n|-fail|p1b: Talonflame\n|move|p2b: Gluttony|Earthquake|p1b: Talonflame|[spread] \n|-immune|p2a: Pride\n|-immune|p1b: Talonflame\n|\n|upkeep\n|\n|t:|1699158368\n|switch|p1a: Heliolisk|Heliolisk, M, shiny|100\/100\n|turn|3\n|\n|t:|1699158390\n|switch|p1b: Torkoal|Torkoal, M|100\/100\n|-weather|SunnyDay|[from] ability: Drought|[of] p1b: Torkoal\n|-end|p2a: Pride|fallen1|[silent]\n|switch|p2a: Greed|Gholdengo|100\/100\n|move|p1a: Heliolisk|Thunderbolt|p2a: Greed\n|-damage|p2a: Greed|54\/100\n|move|p2b: Gluttony|Earthquake|p1b: Torkoal|[spread] p2a,p1a,p1b\n|-supereffective|p2a: Greed\n|-supereffective|p1a: Heliolisk\n|-supereffective|p1b: Torkoal\n|-damage|p2a: Greed|8\/100\n|-damage|p1a: Heliolisk|0 fnt\n|-damage|p1b: Torkoal|64\/100\n|faint|p1a: Heliolisk\n|\n|-weather|SunnyDay|[upkeep]\n|upkeep\n|\n|t:|1699158398\n|switch|p1a: Typhlosion|Typhlosion, M|100\/100\n|turn|4\n|\n|t:|1699158417\n|switch|p1b: Chi-Yu|Chi-Yu|100\/100\n|-ability|p1b: Chi-Yu|Beads of Ruin\n|move|p1a: Typhlosion|Eruption|p2b: Gluttony|[spread] p2a,p2b\n|-supereffective|p2a: Greed\n|-damage|p2a: Greed|0 fnt\n|-damage|p2b: Gluttony|0 fnt\n|faint|p2a: Greed\n|faint|p2b: Gluttony\n|\n|-weather|SunnyDay|[upkeep]\n|-sideend|p1: GunGalione|move: Tailwind\n|upkeep\n|\n|t:|1699158427\n|switch|p2b: sloth|Oranguru, M|100\/100\n|switch|p2a: envy|Munkidori, M|100\/100\n|turn|5\n|\n|t:|1699158438\n|move|p1a: Typhlosion|Eruption|p2a: envy|[spread] p2a,p2b\n|-damage|p2a: envy|0 fnt\n|-damage|p2b: sloth|12\/100\n|faint|p2a: envy\n|move|p1b: Chi-Yu|Heat Wave|p2b: sloth\n|-damage|p2b: sloth|0 fnt\n|faint|p2b: sloth\n|\n|-weather|SunnyDay|[upkeep]\n|upkeep\n|\n|t:|1699158450\n|switch|p2a: Pride|Kingambit, M, tera:Flying|100\/100\n|-activate|p2a: Pride|ability: Supreme Overlord\n|-start|p2a: Pride|fallen5|[silent]\n|turn|6\n|\n|t:|1699158460\n|move|p2a: Pride|Sucker Punch|p1a: Typhlosion\n|-damage|p1a: Typhlosion|8\/100\n|move|p1a: Typhlosion|Eruption|p2a: Pride\n|-damage|p2a: Pride|89\/100\n|move|p1b: Chi-Yu|Heat Wave|p2a: Pride\n|-damage|p2a: Pride|0 fnt\n|faint|p2a: Pride\n|-end|p2a: Pride|fallen5|[silent]\n|\n|win|GunGalione\n|raw|GunGalione's rating: 1214 &rarr; <strong>1230<\/strong><br \/>(+16 for winning)\n|raw|Lilytheloudmouth's rating: 1085 &rarr; <strong>1070<\/strong><br \/>(-15 for losing)\n|c|\u2606GunGalione|Gg\n|c|\u2606Lilytheloudmouth|no\n|c|\u2606Lilytheloudmouth|no it wasnt\n|c|\u2606GunGalione|Lol ok\n|l|\u2606Lilytheloudmouth\n","uploadtime":1699158493,"views":14,"p1id":"gungalione","p2id":"lilytheloudmouth","formatid":"gen9nationaldexdoubles","rating":1070,"private":0,"password":""}