{"id":"gen9nationaldexdoubles-1956418818","p1":"Rey_The_Savage","p2":"Naoie","format":"[Gen 9] National Dex Doubles","log":"|j|\u2606Rey_The_Savage\n|j|\u2606Naoie\n|t:|1696105928\n|gametype|doubles\n|player|p1|Rey_The_Savage|ethan|1193\n|player|p2|Naoie|preschoolerf|1433\n|teamsize|p1|6\n|teamsize|p2|6\n|gen|9\n|tier|[Gen 9] National Dex Doubles\n|rated|\n|rule|HP Percentage Mod: HP is shown in percentages\n|rule|Endless Battle Clause: Forcing endless battles is banned\n|rule|OHKO Clause: OHKO moves are banned\n|rule|Evasion Moves Clause: Evasion moves are banned\n|rule|Evasion Abilities Clause: Evasion abilities are banned\n|rule|Species Clause: Limit one of each Pok\u00e9mon\n|rule|Gravity Sleep Clause: The combination of sleep-inducing moves with imperfect accuracy and Gravity or Gigantamax Orbeetle are banned\n|clearpoke\n|poke|p1|Charizard, M|\n|poke|p1|Typhlosion, M|\n|poke|p1|Venusaur, F|\n|poke|p1|Ninetales, F|\n|poke|p1|Alcremie, F|\n|poke|p1|Flutter Mane|\n|poke|p2|Snorlax, M|\n|poke|p2|Sinistcha|\n|poke|p2|Landorus-Therian, M|\n|poke|p2|Iron Hands|\n|poke|p2|Clefairy, F|\n|poke|p2|Kommo-o, M|\n|teampreview\n|inactive|Battle timer is ON: inactive players will automatically lose when time's up. (requested by Rey_The_Savage)\n|\n|t:|1696105945\n|start\n|switch|p1a: Ninetales|Ninetales, F|100\/100\n|switch|p1b: Flutter Mane|Flutter Mane|100\/100\n|switch|p2a: Snorlax|Snorlax, M|100\/100\n|switch|p2b: Landorus|Landorus-Therian, M|100\/100\n|-ability|p2b: Landorus|Intimidate|boost\n|-unboost|p1a: Ninetales|atk|1\n|-unboost|p1b: Flutter Mane|atk|1\n|-weather|SunnyDay|[from] ability: Drought|[of] p1a: Ninetales\n|-activate|p1b: Flutter Mane|ability: Protosynthesis\n|-start|p1b: Flutter Mane|protosynthesisspe\n|turn|1\n|\n|t:|1696105962\n|move|p1a: Ninetales|Helping Hand|p1b: Flutter Mane\n|-singleturn|p1b: Flutter Mane|Helping Hand|[of] p1a: Ninetales\n|move|p2a: Snorlax|Protect|p2a: Snorlax\n|-singleturn|p2a: Snorlax|Protect\n|move|p1b: Flutter Mane|Dazzling Gleam|p2b: Landorus|[spread] p2b\n|-activate|p2a: Snorlax|move: Protect\n|-damage|p2b: Landorus|0 fnt\n|faint|p2b: Landorus\n|\n|-weather|SunnyDay|[upkeep]\n|upkeep\n|\n|t:|1696105976\n|switch|p2b: Clefairy|Clefairy, F|100\/100\n|turn|2\n|\n|t:|1696105988\n|move|p2b: Clefairy|Helping Hand|p2a: Snorlax\n|-singleturn|p2a: Snorlax|Helping Hand|[of] p2b: Clefairy\n|move|p1b: Flutter Mane|Dazzling Gleam|p2a: Snorlax|[spread] p2a,p2b\n|-damage|p2a: Snorlax|81\/100\n|-damage|p2b: Clefairy|64\/100\n|move|p1a: Ninetales|Heat Wave|p2b: Clefairy|[spread] p2a,p2b\n|-damage|p2a: Snorlax|73\/100\n|-damage|p2b: Clefairy|35\/100\n|-status|p2a: Snorlax|brn\n|move|p2a: Snorlax|High Horsepower|p1b: Flutter Mane\n|-damage|p1b: Flutter Mane|58\/100\n|\n|-weather|SunnyDay|[upkeep]\n|-damage|p2a: Snorlax|67\/100 brn|[from] brn\n|upkeep\n|turn|3\n|\n|t:|1696106005\n|move|p1a: Ninetales|Helping Hand|p1b: Flutter Mane\n|-singleturn|p1b: Flutter Mane|Helping Hand|[of] p1a: Ninetales\n|move|p2b: Clefairy|Protect|p2b: Clefairy\n|-singleturn|p2b: Clefairy|Protect\n|move|p1b: Flutter Mane|Dazzling Gleam|p2b: Clefairy|[spread] p2a\n|-activate|p2b: Clefairy|move: Protect\n|-damage|p2a: Snorlax|36\/100 brn\n|-enditem|p2a: Snorlax|Sitrus Berry|[eat]\n|-heal|p2a: Snorlax|61\/100 brn|[from] item: Sitrus Berry\n|move|p2a: Snorlax|Facade|p1a: Ninetales\n|-damage|p1a: Ninetales|3\/100\n|\n|-weather|SunnyDay|[upkeep]\n|-damage|p2a: Snorlax|55\/100 brn|[from] brn\n|upkeep\n|turn|4\n|\n|t:|1696106022\n|move|p1a: Ninetales|Helping Hand|p1b: Flutter Mane\n|-singleturn|p1b: Flutter Mane|Helping Hand|[of] p1a: Ninetales\n|move|p2a: Snorlax|Protect|p2a: Snorlax\n|-singleturn|p2a: Snorlax|Protect\n|move|p1b: Flutter Mane|Dazzling Gleam|p2a: Snorlax|[spread] p2b\n|-activate|p2a: Snorlax|move: Protect\n|-damage|p2b: Clefairy|0 fnt\n|faint|p2b: Clefairy\n|\n|-weather|SunnyDay|[upkeep]\n|-damage|p2a: Snorlax|49\/100 brn|[from] brn\n|upkeep\n|\n|t:|1696106033\n|switch|p2b: Iron Hands|Iron Hands, shiny|100\/100\n|turn|5\n|\n|t:|1696106054\n|-terastallize|p2b: Iron Hands|Water\n|move|p1a: Ninetales|Helping Hand|p1b: Flutter Mane\n|-singleturn|p1b: Flutter Mane|Helping Hand|[of] p1a: Ninetales\n|move|p2b: Iron Hands|Fake Out|p1a: Ninetales\n|-damage|p1a: Ninetales|0 fnt\n|faint|p1a: Ninetales\n|move|p1b: Flutter Mane|Dazzling Gleam|p2a: Snorlax|[spread] p2a,p2b\n|-damage|p2a: Snorlax|11\/100 brn\n|-damage|p2b: Iron Hands|66\/100\n|move|p2a: Snorlax|High Horsepower|p1b: Flutter Mane\n|-damage|p1b: Flutter Mane|25\/100\n|\n|-weather|SunnyDay|[upkeep]\n|-damage|p2a: Snorlax|5\/100 brn|[from] brn\n|upkeep\n|\n|t:|1696106068\n|switch|p1a: Venusaur|Venusaur, F|100\/100\n|turn|6\n|\n|t:|1696106075\n|-end|p2b: Iron Hands|Quark Drive|[silent]\n|switch|p2b: Sinistcha|Sinistcha|100\/100\n|-heal|p2a: Snorlax|29\/100 brn|[from] ability: Hospitality|[of] p2b: Sinistcha\n|move|p2a: Snorlax|Protect|p2a: Snorlax\n|-singleturn|p2a: Snorlax|Protect\n|move|p1b: Flutter Mane|Dazzling Gleam|p2b: Sinistcha|[spread] p2b\n|-activate|p2a: Snorlax|move: Protect\n|-crit|p2b: Sinistcha\n|-damage|p2b: Sinistcha|31\/100\n|move|p1a: Venusaur|Growth|p1a: Venusaur\n|-boost|p1a: Venusaur|atk|2\n|-boost|p1a: Venusaur|spa|2\n|\n|-weather|SunnyDay|[upkeep]\n|-damage|p2a: Snorlax|23\/100 brn|[from] brn\n|upkeep\n|turn|7\n|\n|t:|1696106093\n|move|p1b: Flutter Mane|Dazzling Gleam|p2a: Snorlax|[spread] p2a,p2b\n|-damage|p2a: Snorlax|0 fnt\n|-damage|p2b: Sinistcha|0 fnt\n|faint|p2a: Snorlax\n|faint|p2b: Sinistcha\n|move|p1a: Venusaur|Sludge Bomb|p2: Snorlax|[notarget]\n|-fail|p1a: Venusaur\n|\n|-weather|SunnyDay|[upkeep]\n|upkeep\n|\n|t:|1696106097\n|switch|p2b: Kommo-o|Kommo-o, M|100\/100\n|switch|p2a: Iron Hands|Iron Hands, shiny, tera:Water|66\/100\n|turn|8\n|\n|t:|1696106104\n|move|p2b: Kommo-o|Protect|p2b: Kommo-o\n|-singleturn|p2b: Kommo-o|Protect\n|move|p1b: Flutter Mane|Dazzling Gleam|p2b: Kommo-o|[spread] p2a\n|-activate|p2b: Kommo-o|move: Protect\n|-damage|p2a: Iron Hands|41\/100\n|move|p1a: Venusaur|Sleep Powder|p2b: Kommo-o\n|-activate|p2b: Kommo-o|move: Protect\n|move|p2a: Iron Hands|Heavy Slam|p1b: Flutter Mane\n|-supereffective|p1b: Flutter Mane\n|-damage|p1b: Flutter Mane|0 fnt\n|faint|p1b: Flutter Mane\n|-end|p1b: Flutter Mane|Protosynthesis|[silent]\n|\n|-weather|none\n|upkeep\n|\n|t:|1696106107\n|switch|p1b: Charizard|Charizard, M|100\/100\n|turn|9\n|\n|t:|1696106122\n|detailschange|p1b: Charizard|Charizard-Mega-Y, M\n|-mega|p1b: Charizard|Charizard|Charizardite Y\n|-weather|SunnyDay|[from] ability: Drought|[of] p1b: Charizard\n|move|p1a: Venusaur|Sleep Powder|p2b: Kommo-o\n|-status|p2b: Kommo-o|slp|[from] move: Sleep Powder\n|move|p1b: Charizard|Solar Beam||[still]\n|-prepare|p1b: Charizard|Solar Beam\n|-anim|p1b: Charizard|Solar Beam|p2a: Iron Hands\n|-supereffective|p2a: Iron Hands\n|-damage|p2a: Iron Hands|0 fnt\n|faint|p2a: Iron Hands\n|-end|p2a: Iron Hands|Quark Drive|[silent]\n|cant|p2b: Kommo-o|slp\n|\n|-weather|SunnyDay|[upkeep]\n|upkeep\n|turn|10\n|-message|Naoie forfeited.\n|\n|win|Rey_The_Savage\n|raw|Rey_The_Savage's rating: 1193 &rarr; <strong>1233<\/strong><br \/>(+40 for winning)\n|raw|Naoie's rating: 1433 &rarr; <strong>1401<\/strong><br \/>(-32 for losing)\n|l|\u2606Naoie\n","uploadtime":1696106143,"views":9,"p1id":"reythesavage","p2id":"naoie","formatid":"gen9nationaldexdoubles","rating":1233,"private":0,"password":""}