{"id":"gen9nationaldexdoubles-1960702615","p1":"Theadonia","p2":"Kin+ak (\u2727\u2207\u2727)","format":"[Gen 9] National Dex Doubles","log":"|j|\u2606Theadonia\n|j|\u2606Kin+ak (\u2727\u2207\u2727)\n|t:|1696547639\n|gametype|doubles\n|player|p1|Theadonia|caitlin|1241\n|player|p2|Kin+ak (\u2727\u2207\u2727)|wally|1507\n|teamsize|p1|6\n|teamsize|p2|6\n|gen|9\n|tier|[Gen 9] National Dex Doubles\n|rated|\n|rule|HP Percentage Mod: HP is shown in percentages\n|rule|Endless Battle Clause: Forcing endless battles is banned\n|rule|OHKO Clause: OHKO moves are banned\n|rule|Evasion Moves Clause: Evasion moves are banned\n|rule|Evasion Abilities Clause: Evasion abilities are banned\n|rule|Species Clause: Limit one of each Pok\u00e9mon\n|rule|Gravity Sleep Clause: The combination of sleep-inducing moves with imperfect accuracy and Gravity or Gigantamax Orbeetle are banned\n|clearpoke\n|poke|p1|Delphox, F|\n|poke|p1|Oricorio-Sensu, F|\n|poke|p1|Kommo-o, F|\n|poke|p1|Riolu, M|\n|poke|p1|Cresselia, F|\n|poke|p1|Smeargle, F|\n|poke|p2|Camerupt, M|\n|poke|p2|Porygon2|\n|poke|p2|Indeedee-F, F|\n|poke|p2|Cresselia, F|\n|poke|p2|Glastrier|\n|poke|p2|Ursaluna, M|\n|teampreview\n|\n|t:|1696547653\n|start\n|switch|p1a: Delphox|Delphox, F, shiny|100\/100\n|switch|p1b: Oricorio|Oricorio-Sensu, F, shiny|100\/100\n|switch|p2a: Indeedee|Indeedee-F, F|100\/100\n|switch|p2b: Porygon2|Porygon2, shiny|100\/100\n|-fieldstart|move: Psychic Terrain|[from] ability: Psychic Surge|[of] p2a: Indeedee\n|-ability|p2b: Porygon2|Dancer|[from] ability: Trace|[of] p1b: Oricorio\n|turn|1\n|\n|t:|1696547661\n|move|p1a: Delphox|Role Play|p1b: Oricorio\n|-endability|p1a: Delphox|Magician|[from] move: Role Play\n|-ability|p1a: Delphox|Dancer|[from] move: Role Play|[of] p1b: Oricorio\n|move|p1b: Oricorio|Quiver Dance|p1b: Oricorio\n|-boost|p1b: Oricorio|spa|1\n|-boost|p1b: Oricorio|spd|1\n|-boost|p1b: Oricorio|spe|1\n|-activate|p2b: Porygon2|ability: Dancer\n|move|p2b: Porygon2|Quiver Dance|p2b: Porygon2|[from]ability: Dancer\n|-boost|p2b: Porygon2|spa|1\n|-boost|p2b: Porygon2|spd|1\n|-boost|p2b: Porygon2|spe|1\n|-activate|p1a: Delphox|ability: Dancer\n|move|p1a: Delphox|Quiver Dance|p1a: Delphox|[from]ability: Dancer\n|-boost|p1a: Delphox|spa|1\n|-boost|p1a: Delphox|spd|1\n|-boost|p1a: Delphox|spe|1\n|move|p2a: Indeedee|Imprison|p2a: Indeedee\n|-start|p2a: Indeedee|move: Imprison\n|move|p2b: Porygon2|Trick Room|p2b: Porygon2\n|-fieldstart|move: Trick Room|[of] p2b: Porygon2\n|\n|upkeep\n|turn|2\n|c|\u2606Kin+ak (\u2727\u2207\u2727)|LMAO\n|c|\u2606Theadonia|Yeah this\u2019ll be a time LMAO\n|\n|t:|1696547705\n|move|p2a: Indeedee|Expanding Force|p1b: Oricorio|[spread] p1a,p1b\n|-resisted|p1a: Delphox\n|-damage|p1a: Delphox|86\/100\n|-damage|p1b: Oricorio|64\/100\n|move|p2b: Porygon2|Tri Attack|p1a: Delphox\n|-damage|p1a: Delphox|50\/100\n|move|p1b: Oricorio|Quiver Dance|p1b: Oricorio\n|-boost|p1b: Oricorio|spa|1\n|-boost|p1b: Oricorio|spd|1\n|-boost|p1b: Oricorio|spe|1\n|-activate|p2b: Porygon2|ability: Dancer\n|move|p2b: Porygon2|Quiver Dance|p2b: Porygon2|[from]ability: Dancer\n|-boost|p2b: Porygon2|spa|1\n|-boost|p2b: Porygon2|spd|1\n|-boost|p2b: Porygon2|spe|1\n|-activate|p1a: Delphox|ability: Dancer\n|move|p1a: Delphox|Quiver Dance|p1a: Delphox|[from]ability: Dancer\n|-boost|p1a: Delphox|spa|1\n|-boost|p1a: Delphox|spd|1\n|-boost|p1a: Delphox|spe|1\n|move|p1a: Delphox|Stored Power|p2b: Porygon2\n|-damage|p2b: Porygon2|48\/100\n|\n|upkeep\n|turn|3\n|\n|t:|1696547734\n|move|p2a: Indeedee|Follow Me|p2a: Indeedee\n|-singleturn|p2a: Indeedee|move: Follow Me\n|move|p2b: Porygon2|Tri Attack|p1a: Delphox\n|-damage|p1a: Delphox|18\/100\n|move|p1b: Oricorio|Roost|p1b: Oricorio\n|-heal|p1b: Oricorio|100\/100\n|-singleturn|p1b: Oricorio|move: Roost\n|move|p1a: Delphox|Heat Wave|p2b: Porygon2|[spread] p2a,p2b\n|-damage|p2a: Indeedee|57\/100\n|-damage|p2b: Porygon2|25\/100\n|\n|upkeep\n|turn|4\n|\n|t:|1696547761\n|move|p2a: Indeedee|Expanding Force|p1a: Delphox|[spread] p1a,p1b\n|-resisted|p1a: Delphox\n|-crit|p1b: Oricorio\n|-damage|p1a: Delphox|6\/100\n|-damage|p1b: Oricorio|25\/100\n|-enditem|p1b: Oricorio|Aguav Berry|[eat]\n|-heal|p1b: Oricorio|59\/100|[from] item: Aguav Berry\n|move|p2b: Porygon2|Tri Attack|p1a: Delphox\n|-damage|p1a: Delphox|0 fnt\n|faint|p1a: Delphox\n|move|p1b: Oricorio|Quiver Dance|p1b: Oricorio\n|-boost|p1b: Oricorio|spa|1\n|-boost|p1b: Oricorio|spd|1\n|-boost|p1b: Oricorio|spe|1\n|-activate|p2b: Porygon2|ability: Dancer\n|move|p2b: Porygon2|Quiver Dance|p2b: Porygon2|[from]ability: Dancer\n|-boost|p2b: Porygon2|spa|1\n|-boost|p2b: Porygon2|spd|1\n|-boost|p2b: Porygon2|spe|1\n|\n|upkeep\n|\n|t:|1696547764\n|switch|p1a: Riolu|Riolu, M|100\/100\n|turn|5\n|\n|t:|1696547797\n|move|p1a: Riolu|Coaching|p1b: Oricorio\n|-boost|p1b: Oricorio|atk|1\n|-boost|p1b: Oricorio|def|1\n|move|p2a: Indeedee|Expanding Force|p1b: Oricorio|[spread] p1a,p1b\n|-supereffective|p1a: Riolu\n|-damage|p1a: Riolu|0 fnt\n|-damage|p1b: Oricorio|40\/100\n|faint|p1a: Riolu\n|move|p2b: Porygon2|Recover|p2b: Porygon2\n|-heal|p2b: Porygon2|75\/100\n|move|p1b: Oricorio|Roost|p1b: Oricorio\n|-heal|p1b: Oricorio|90\/100\n|-singleturn|p1b: Oricorio|move: Roost\n|\n|-fieldend|move: Trick Room\n|-fieldend|move: Psychic Terrain\n|upkeep\n|\n|t:|1696547804\n|switch|p1a: Cresselia|Cresselia, F|100\/100\n|turn|6\n|\n|t:|1696547813\n|move|p1b: Oricorio|Quiver Dance|p1b: Oricorio\n|-boost|p1b: Oricorio|spa|1\n|-boost|p1b: Oricorio|spd|1\n|-boost|p1b: Oricorio|spe|1\n|-activate|p2b: Porygon2|ability: Dancer\n|move|p2b: Porygon2|Quiver Dance|p2b: Porygon2|[from]ability: Dancer\n|-boost|p2b: Porygon2|spa|1\n|-boost|p2b: Porygon2|spd|1\n|-boost|p2b: Porygon2|spe|1\n|move|p2b: Porygon2|Tri Attack|p1a: Cresselia\n|-damage|p1a: Cresselia|49\/100\n|move|p1a: Cresselia|Psych Up|p1b: Oricorio\n|-copyboost|p1a: Cresselia|p1b: Oricorio|[from] move: Psych Up\n|move|p2a: Indeedee|Trick Room|p2a: Indeedee\n|-fieldstart|move: Trick Room|[of] p2a: Indeedee\n|\n|-heal|p1a: Cresselia|55\/100|[from] item: Leftovers\n|upkeep\n|turn|7\n|\n|t:|1696547840\n|switch|p2a: Ursaluna|Ursaluna, M|100\/100\n|move|p2b: Porygon2|Tri Attack|p1a: Cresselia\n|-damage|p1a: Cresselia|37\/100\n|move|p1a: Cresselia|Stored Power|p2b: Porygon2\n|-damage|p2b: Porygon2|3\/100\n|move|p1b: Oricorio|Roost|p1b: Oricorio\n|-heal|p1b: Oricorio|100\/100\n|-singleturn|p1b: Oricorio|move: Roost\n|\n|-heal|p1a: Cresselia|43\/100|[from] item: Leftovers\n|-status|p2a: Ursaluna|brn|[from] item: Flame Orb\n|upkeep\n|turn|8\n|\n|t:|1696547856\n|-terastallize|p1b: Oricorio|Fairy\n|move|p2a: Ursaluna|Facade|p1a: Cresselia\n|-damage|p1a: Cresselia|0 fnt\n|faint|p1a: Cresselia\n|move|p2b: Porygon2|Recover|p2b: Porygon2\n|-heal|p2b: Porygon2|53\/100\n|move|p1b: Oricorio|Revelation Dance|p2a: Ursaluna\n|-damage|p2a: Ursaluna|13\/100 brn\n|-activate|p2b: Porygon2|ability: Dancer\n|move|p2b: Porygon2|Revelation Dance|p1b: Oricorio|[from]ability: Dancer\n|-crit|p1b: Oricorio\n|-damage|p1b: Oricorio|0 fnt\n|faint|p1b: Oricorio\n|\n|-damage|p2a: Ursaluna|7\/100 brn|[from] brn\n|upkeep\n|c|\u2606Theadonia|Welp\n|c|\u2606Theadonia|LMAO\n|\n|t:|1696547870\n|switch|p1a: Kommo-o|Kommo-o, F, shiny|100\/100\n|switch|p1b: Smeargle|Smeargle, F|100\/100\n|turn|9\n|\n|t:|1696547886\n|move|p2a: Ursaluna|Facade|p1a: Kommo-o\n|-damage|p1a: Kommo-o|0 fnt\n|faint|p1a: Kommo-o\n|move|p1b: Smeargle|Acupressure|p1: Kommo-o|[notarget]\n|-fail|p1b: Smeargle\n|move|p2b: Porygon2|Tri Attack|p1b: Smeargle\n|-damage|p1b: Smeargle|0 fnt\n|faint|p1b: Smeargle\n|\n|win|Kin+ak (\u2727\u2207\u2727)\n|raw|Theadonia's rating: 1241 &rarr; <strong>1232<\/strong><br \/>(-9 for losing)\n|raw|Kin+ak (\u2727\u2207\u2727)'s rating: 1507 &rarr; <strong>1514<\/strong><br \/>(+7 for winning)\n|c|\u2606Theadonia|Ggwp\n|c|\u2606Kin+ak (\u2727\u2207\u2727)|Ggwp\n","uploadtime":1696547907,"views":7,"p1id":"theadonia","p2id":"kinak","formatid":"gen9nationaldexdoubles","rating":1232,"private":0,"password":""}