{"id":"gen9nationaldexdoubles-1956450214","p1":"Cal E Hector","p2":"TheRap12","format":"[Gen 9] National Dex Doubles","log":"|j|\u2606Cal E Hector\n|j|\u2606TheRap12\n|t:|1696108997\n|gametype|doubles\n|player|p1|Cal E Hector|guitarist-gen4|\n|player|p2|TheRap12|102|\n|teamsize|p1|6\n|teamsize|p2|6\n|gen|9\n|tier|[Gen 9] National Dex Doubles\n|rule|HP Percentage Mod: HP is shown in percentages\n|rule|Endless Battle Clause: Forcing endless battles is banned\n|rule|OHKO Clause: OHKO moves are banned\n|rule|Evasion Moves Clause: Evasion moves are banned\n|rule|Evasion Abilities Clause: Evasion abilities are banned\n|rule|Species Clause: Limit one of each Pok\u00e9mon\n|rule|Gravity Sleep Clause: The combination of sleep-inducing moves with imperfect accuracy and Gravity or Gigantamax Orbeetle are banned\n|clearpoke\n|poke|p1|Froslass, L50, F|\n|poke|p1|Charizard, L40, M|\n|poke|p1|Spiritomb, L50, F|\n|poke|p1|Wobbuffet, L50, F|\n|poke|p1|Nidoking, L50, M|\n|poke|p1|Eevee, L50, F|\n|poke|p2|Arbok, L50, F|\n|poke|p2|Incineroar, L50, M|\n|poke|p2|Azumarill, L50, F|\n|poke|p2|Kilowattrel, L50, M|\n|poke|p2|Garchomp, L50, F|\n|poke|p2|Butterfree, L50, M|\n|teampreview\n|\n|t:|1696109010\n|start\n|switch|p1a: Bait|Eevee, L50, F|100\/100\n|switch|p1b: Froslass|Froslass, L50, F|100\/100\n|switch|p2a: Arbok|Arbok, L50, F|100\/100\n|switch|p2b: Garchomp|Garchomp, L50, F|100\/100\n|-ability|p2a: Arbok|Intimidate|boost\n|-unboost|p1a: Bait|atk|1\n|-unboost|p1b: Froslass|atk|1\n|turn|1\n|\n|t:|1696109030\n|move|p1b: Froslass|Blizzard|p2b: Garchomp|[spread] p2a,p2b\n|-crit|p2a: Arbok\n|-supereffective|p2b: Garchomp\n|-damage|p2a: Arbok|46\/100\n|-damage|p2b: Garchomp|0 fnt\n|faint|p2b: Garchomp\n|move|p1a: Bait|Baton Pass|p1a: Bait\n|\n|t:|1696109037\n|switch|p1a: Wobbuffet|Wobbuffet, L50, F|100\/100|[from] Baton Pass\n|move|p2a: Arbok|Crunch|p1b: Froslass\n|-supereffective|p1b: Froslass\n|-damage|p1b: Froslass|38\/100\n|-unboost|p1b: Froslass|def|1\n|\n|upkeep\n|\n|t:|1696109047\n|switch|p2b: Incineroar|Incineroar, L50, M|100\/100\n|turn|2\n|\n|t:|1696109062\n|-terastallize|p2a: Arbok|Poison\n|move|p1b: Froslass|Blizzard|p2a: Arbok|[spread] \n|-miss|p1b: Froslass|p2a: Arbok\n|-miss|p1b: Froslass|p2b: Incineroar\n|move|p2a: Arbok|Crunch|p1b: Froslass\n|-supereffective|p1b: Froslass\n|-damage|p1b: Froslass|0 fnt\n|faint|p1b: Froslass\n|move|p2b: Incineroar|Darkest Lariat|p1a: Wobbuffet\n|-supereffective|p1a: Wobbuffet\n|-damage|p1a: Wobbuffet|29\/100\n|move|p1a: Wobbuffet|Counter|p2b: Incineroar\n|-damage|p2b: Incineroar|0 fnt\n|faint|p2b: Incineroar\n|\n|-heal|p1a: Wobbuffet|35\/100|[from] item: Leftovers\n|upkeep\n|\n|t:|1696109079\n|switch|p1b: Spiritomb|Spiritomb, L50, F|100\/100\n|switch|p2b: Butterfree|Butterfree, L50, M|100\/100\n|-ability|p1b: Spiritomb|Pressure\n|turn|3\n|\n|t:|1696109105\n|move|p2b: Butterfree|Sleep Powder|p1b: Spiritomb\n|-status|p1b: Spiritomb|slp|[from] move: Sleep Powder\n|move|p1a: Wobbuffet|Destiny Bond|p1a: Wobbuffet\n|-singlemove|p1a: Wobbuffet|Destiny Bond\n|cant|p1b: Spiritomb|slp\n|move|p2a: Arbok|Dragon Tail|p1a: Wobbuffet\n|-damage|p1a: Wobbuffet|22\/100\n|drag|p1a: Nidoking|Nidoking, L50, M|100\/100\n|\n|upkeep\n|turn|4\n|\n|t:|1696109126\n|move|p1a: Nidoking|Sludge Wave|p2b: Butterfree|[spread] p1b,p2a,p2b\n|-resisted|p1b: Spiritomb\n|-resisted|p2a: Arbok\n|-damage|p1b: Spiritomb|81\/100 slp\n|-damage|p2a: Arbok|15\/100\n|-damage|p2b: Butterfree|40\/100\n|-enditem|p2a: Arbok|Aguav Berry|[eat]\n|-heal|p2a: Arbok|48\/100|[from] item: Aguav Berry\n|move|p2a: Arbok|Psychic Fangs|p1a: Nidoking\n|-supereffective|p1a: Nidoking\n|-damage|p1a: Nidoking|48\/100\n|move|p2b: Butterfree|Bug Buzz|p1b: Spiritomb\n|-damage|p1b: Spiritomb|47\/100 slp\n|-curestatus|p1b: Spiritomb|slp|[msg]\n|move|p1b: Spiritomb|Calm Mind|p1b: Spiritomb\n|-boost|p1b: Spiritomb|spa|1\n|-boost|p1b: Spiritomb|spd|1\n|\n|-heal|p1b: Spiritomb|53\/100|[from] item: Leftovers\n|upkeep\n|turn|5\n|\n|t:|1696109150\n|move|p1a: Nidoking|Sludge Wave|p2b: Butterfree|[spread] p1b,p2a,p2b\n|-resisted|p1b: Spiritomb\n|-resisted|p2a: Arbok\n|-damage|p1b: Spiritomb|40\/100\n|-damage|p2a: Arbok|17\/100\n|-damage|p2b: Butterfree|0 fnt\n|faint|p2b: Butterfree\n|move|p2a: Arbok|Psychic Fangs|p1a: Nidoking\n|-supereffective|p1a: Nidoking\n|-damage|p1a: Nidoking|0 fnt\n|faint|p1a: Nidoking\n|move|p1b: Spiritomb|Dark Pulse|p2a: Arbok\n|-damage|p2a: Arbok|0 fnt\n|faint|p2a: Arbok\n|\n|-heal|p1b: Spiritomb|45\/100|[from] item: Leftovers\n|upkeep\n|\n|t:|1696109165\n|switch|p1a: Wobbuffet|Wobbuffet, L50, F|22\/100\n|switch|p2a: Azumarill|Azumarill, L50, F|100\/100\n|switch|p2b: Kilowattrel|Kilowattrel, L50, M|100\/100\n|turn|6\n|\n|t:|1696109186\n|move|p1b: Spiritomb|Protect|p1b: Spiritomb\n|-singleturn|p1b: Spiritomb|Protect\n|move|p2b: Kilowattrel|Thunderbolt|p1b: Spiritomb\n|-activate|p1b: Spiritomb|move: Protect\n|move|p2a: Azumarill|Play Rough|p1b: Spiritomb\n|-activate|p1b: Spiritomb|move: Protect\n|move|p1a: Wobbuffet|Destiny Bond|p1a: Wobbuffet\n|-singlemove|p1a: Wobbuffet|Destiny Bond\n|\n|-heal|p1a: Wobbuffet|28\/100|[from] item: Leftovers\n|-heal|p1b: Spiritomb|51\/100|[from] item: Leftovers\n|upkeep\n|turn|7\n|\n|t:|1696109206\n|move|p2b: Kilowattrel|Thunderbolt|p1b: Spiritomb\n|-damage|p1b: Spiritomb|18\/100\n|-damage|p2b: Kilowattrel|91\/100|[from] item: Life Orb\n|move|p2a: Azumarill|Play Rough|p1b: Spiritomb\n|-supereffective|p1b: Spiritomb\n|-damage|p1b: Spiritomb|0 fnt\n|faint|p1b: Spiritomb\n|move|p1a: Wobbuffet|Charm|p2b: Kilowattrel\n|-unboost|p2b: Kilowattrel|atk|2\n|\n|-heal|p1a: Wobbuffet|35\/100|[from] item: Leftovers\n|upkeep\n|\n|t:|1696109220\n|switch|p1b: Bait|Eevee, L50, F|100\/100\n|turn|8\n|\n|t:|1696109232\n|move|p2b: Kilowattrel|Thunderbolt|p1a: Wobbuffet\n|-crit|p1a: Wobbuffet\n|-damage|p1a: Wobbuffet|0 fnt\n|faint|p1a: Wobbuffet\n|-damage|p2b: Kilowattrel|81\/100|[from] item: Life Orb\n|-zpower|p1b: Bait\n|move|p1b: Bait|Extreme Evoboost|p1b: Bait\n|-boost|p1b: Bait|atk|2\n|-boost|p1b: Bait|def|2\n|-boost|p1b: Bait|spa|2\n|-boost|p1b: Bait|spd|2\n|-boost|p1b: Bait|spe|2\n|move|p2a: Azumarill|Aqua Tail|p1b: Bait\n|-damage|p1b: Bait|45\/100\n|\n|upkeep\n|\n|t:|1696109246\n|switch|p1a: Charizard|Charizard, L40, M|100\/100\n|turn|9\n|\n|t:|1696109261\n|move|p1b: Bait|Stored Power|p2a: Azumarill\n|-damage|p2a: Azumarill|50\/100\n|move|p2b: Kilowattrel|Thunderbolt|p1b: Bait\n|-damage|p1b: Bait|3\/100\n|-damage|p2b: Kilowattrel|71\/100|[from] item: Life Orb\n|move|p1a: Charizard|Hurricane|p2a: Azumarill\n|-damage|p2a: Azumarill|16\/100\n|move|p2a: Azumarill|Aqua Tail|p1a: Charizard\n|-supereffective|p1a: Charizard\n|-crit|p1a: Charizard\n|-damage|p1a: Charizard|0 fnt\n|faint|p1a: Charizard\n|\n|-heal|p2a: Azumarill|22\/100|[from] item: Leftovers\n|upkeep\n|turn|10\n|\n|t:|1696109279\n|move|p1b: Bait|Protect|p1b: Bait\n|-singleturn|p1b: Bait|Protect\n|move|p2b: Kilowattrel|Quick Attack|p1b: Bait\n|-activate|p1b: Bait|move: Protect\n|move|p2a: Azumarill|Play Rough|p1b: Bait\n|-activate|p1b: Bait|move: Protect\n|\n|-heal|p2a: Azumarill|28\/100|[from] item: Leftovers\n|upkeep\n|turn|11\n|\n|t:|1696109291\n|move|p2b: Kilowattrel|Quick Attack|p1b: Bait\n|-damage|p1b: Bait|0 fnt\n|faint|p1b: Bait\n|-damage|p2b: Kilowattrel|61\/100|[from] item: Life Orb\n|\n|win|TheRap12\n|l|\u2606Cal E Hector\n","uploadtime":1696109300,"views":25,"p1id":"calehector","p2id":"therap12","formatid":"gen9nationaldexdoubles","rating":0,"private":0,"password":""}