{"id":"gen9nationaldexdoubles-1954772657","p1":"BetosWessos","p2":"boylisegundo","format":"[Gen 9] National Dex Doubles","log":"|j|\u2606BetosWessos\n|j|\u2606boylisegundo\n|t:|1695924850\n|gametype|doubles\n|player|p1|BetosWessos|janitor|1151\n|player|p2|boylisegundo|guitarist|1309\n|teamsize|p1|6\n|teamsize|p2|6\n|gen|9\n|tier|[Gen 9] National Dex Doubles\n|rated|\n|rule|HP Percentage Mod: HP is shown in percentages\n|rule|Endless Battle Clause: Forcing endless battles is banned\n|rule|OHKO Clause: OHKO moves are banned\n|rule|Evasion Moves Clause: Evasion moves are banned\n|rule|Evasion Abilities Clause: Evasion abilities are banned\n|rule|Species Clause: Limit one of each Pok\u00e9mon\n|rule|Gravity Sleep Clause: The combination of sleep-inducing moves with imperfect accuracy and Gravity or Gigantamax Orbeetle are banned\n|clearpoke\n|poke|p1|Sandslash-Alola, F|\n|poke|p1|Abomasnow, F|\n|poke|p1|Chien-Pao|\n|poke|p1|Ninetales-Alola, F|\n|poke|p1|Cetitan, F|\n|poke|p1|Rotom-Frost|\n|poke|p2|Drampa, F|\n|poke|p2|Ferrothorn, M|\n|poke|p2|Meowstic, M|\n|poke|p2|Glimmora, M|\n|poke|p2|Chansey, F|\n|poke|p2|Volcanion|\n|teampreview\n|\n|t:|1695924857\n|start\n|switch|p1a: Abomasnow|Abomasnow, F, shiny|100\/100\n|switch|p1b: Cetitan|Cetitan, F, shiny|100\/100\n|switch|p2a: Meowstic|Meowstic, M|100\/100\n|switch|p2b: Glimmora|Glimmora, M|100\/100\n|-weather|Snow|[from] ability: Snow Warning|[of] p1a: Abomasnow\n|turn|1\n|\n|t:|1695924876\n|detailschange|p1a: Abomasnow|Abomasnow-Mega, F, shiny\n|-mega|p1a: Abomasnow|Abomasnow|Abomasite\n|move|p2a: Meowstic|Fake Out|p1b: Cetitan\n|-damage|p1b: Cetitan|97\/100\n|cant|p1b: Cetitan|flinch\n|move|p2b: Glimmora|Mortal Spin|p1a: Abomasnow|[spread] p1a,p1b\n|-supereffective|p1a: Abomasnow\n|-damage|p1a: Abomasnow|94\/100\n|-damage|p1b: Cetitan|94\/100\n|-status|p1a: Abomasnow|psn\n|-status|p1b: Cetitan|psn\n|move|p1a: Abomasnow|Blizzard|p2a: Meowstic|[spread] p2a,p2b\n|-damage|p2a: Meowstic|72\/100\n|-damage|p2b: Glimmora|74\/100\n|\n|-weather|Snow|[upkeep]\n|-heal|p2b: Glimmora|80\/100|[from] item: Leftovers\n|-damage|p1b: Cetitan|82\/100 psn|[from] psn\n|-damage|p1a: Abomasnow|82\/100 psn|[from] psn\n|upkeep\n|turn|2\n|\n|t:|1695924899\n|move|p2a: Meowstic|Light Screen|p2a: Meowstic\n|-sidestart|p2: boylisegundo|move: Light Screen\n|move|p1b: Cetitan|Ice Spinner|p2a: Meowstic\n|-damage|p2a: Meowstic|18\/100\n|move|p2b: Glimmora|Venoshock|p1a: Abomasnow\n|-supereffective|p1a: Abomasnow\n|-damage|p1a: Abomasnow|0 fnt\n|faint|p1a: Abomasnow\n|\n|-weather|Snow|[upkeep]\n|-heal|p2b: Glimmora|87\/100|[from] item: Leftovers\n|-damage|p1b: Cetitan|69\/100 psn|[from] psn\n|upkeep\n|\n|t:|1695924912\n|switch|p1a: Rotom|Rotom-Frost|100\/100\n|turn|3\n|\n|t:|1695924918\n|move|p1a: Rotom|Helping Hand|p1b: Cetitan\n|-singleturn|p1b: Cetitan|Helping Hand|[of] p1a: Rotom\n|move|p2a: Meowstic|Light Screen||[still]\n|-fail|p2a: Meowstic\n|move|p1b: Cetitan|Earthquake|p2b: Glimmora|[spread] p2a,p2b\n|-immune|p1a: Rotom|[from] ability: Levitate\n|-supereffective|p2b: Glimmora\n|-damage|p2a: Meowstic|0 fnt\n|-damage|p2b: Glimmora|0 fnt\n|-activate|p2b: Glimmora|ability: Toxic Debris\n|-sidestart|p1: BetosWessos|move: Toxic Spikes\n|faint|p2a: Meowstic\n|faint|p2b: Glimmora\n|\n|-weather|Snow|[upkeep]\n|-damage|p1b: Cetitan|57\/100 psn|[from] psn\n|upkeep\n|\n|t:|1695924944\n|switch|p2a: Ferrothorn|Ferrothorn, M|100\/100\n|switch|p2b: Volcanion|Volcanion|100\/100\n|turn|4\n|\n|t:|1695924968\n|switch|p1b: Sandslash|Sandslash-Alola, F|100\/100\n|move|p2b: Volcanion|Protect|p2b: Volcanion\n|-singleturn|p2b: Volcanion|Protect\n|move|p1a: Rotom|Will-O-Wisp|p2a: Ferrothorn\n|-status|p2a: Ferrothorn|brn\n|move|p2a: Ferrothorn|Leech Seed|p1b: Sandslash\n|-start|p1b: Sandslash|move: Leech Seed\n|\n|-weather|Snow|[upkeep]\n|-damage|p1b: Sandslash|88\/100|[from] Leech Seed|[of] p2a: Ferrothorn\n|-damage|p2a: Ferrothorn|94\/100 brn|[from] brn\n|upkeep\n|turn|5\n|\n|t:|1695924987\n|-terastallize|p1b: Sandslash|Ground\n|move|p1b: Sandslash|Earthquake|p2a: Ferrothorn|[spread] p2a,p2b\n|-immune|p1a: Rotom|[from] ability: Levitate\n|-supereffective|p2b: Volcanion\n|-damage|p2a: Ferrothorn|68\/100 brn\n|-damage|p2b: Volcanion|55\/100\n|move|p1a: Rotom|Discharge|p2a: Ferrothorn|[spread] p2a,p2b\n|-immune|p1b: Sandslash\n|-resisted|p2a: Ferrothorn\n|-supereffective|p2b: Volcanion\n|-damage|p2a: Ferrothorn|63\/100 brn\n|-damage|p2b: Volcanion|19\/100\n|move|p2b: Volcanion|Flamethrower|p1b: Sandslash\n|-damage|p1b: Sandslash|48\/100\n|move|p2a: Ferrothorn|Leech Seed|p1a: Rotom\n|-start|p1a: Rotom|move: Leech Seed\n|\n|-weather|none\n|-heal|p2b: Volcanion|25\/100|[from] item: Leftovers\n|-heal|p2a: Ferrothorn|69\/100 brn|[from] item: Leftovers\n|-damage|p1b: Sandslash|36\/100|[from] Leech Seed|[of] p2a: Ferrothorn\n|-heal|p2a: Ferrothorn|79\/100 brn|[silent]\n|-damage|p1a: Rotom|88\/100|[from] Leech Seed|[of] p2a: Ferrothorn\n|-heal|p2a: Ferrothorn|88\/100 brn|[silent]\n|-damage|p2a: Ferrothorn|82\/100 brn|[from] brn\n|upkeep\n|turn|6\n|\n|t:|1695925023\n|switch|p1a: Ninetales|Ninetales-Alola, F, shiny|100\/100\n|-status|p1a: Ninetales|psn\n|-weather|Snow|[from] ability: Snow Warning|[of] p1a: Ninetales\n|switch|p2b: Chansey|Chansey, F|100\/100\n|move|p1b: Sandslash|Ice Spinner|p2b: Chansey\n|-damage|p2b: Chansey|77\/100\n|move|p2a: Ferrothorn|Iron Defense|p2a: Ferrothorn\n|-boost|p2a: Ferrothorn|def|2\n|\n|-weather|Snow|[upkeep]\n|-heal|p2a: Ferrothorn|88\/100 brn|[from] item: Leftovers\n|-damage|p1b: Sandslash|24\/100|[from] Leech Seed|[of] p2a: Ferrothorn\n|-heal|p2a: Ferrothorn|98\/100 brn|[silent]\n|-damage|p1a: Ninetales|88\/100 psn|[from] psn\n|-damage|p2a: Ferrothorn|92\/100 brn|[from] brn\n|upkeep\n|turn|7\n|\n|t:|1695925050\n|switch|p1b: Cetitan|Cetitan, F, shiny|57\/100 psn\n|move|p1a: Ninetales|Misty Terrain|p1a: Ninetales\n|-fieldstart|move: Misty Terrain\n|move|p2b: Chansey|Heal Pulse|p2a: Ferrothorn\n|-heal|p2a: Ferrothorn|100\/100 brn\n|move|p2a: Ferrothorn|Leech Seed|p1a: Ninetales\n|-start|p1a: Ninetales|move: Leech Seed\n|\n|-weather|Snow|[upkeep]\n|-damage|p1a: Ninetales|76\/100 psn|[from] Leech Seed|[of] p2a: Ferrothorn\n|-damage|p1b: Cetitan|44\/100 psn|[from] psn\n|-damage|p1a: Ninetales|64\/100 psn|[from] psn\n|-damage|p2a: Ferrothorn|94\/100 brn|[from] brn\n|upkeep\n|turn|8\n|\n|t:|1695925081\n|switch|p1a: Sandslash|Sandslash-Alola, F, tera:Ground|24\/100\n|move|p1b: Cetitan|Liquidation|p2b: Chansey\n|-damage|p2b: Chansey|58\/100\n|move|p2b: Chansey|Soft-Boiled|p2b: Chansey\n|-heal|p2b: Chansey|100\/100\n|move|p2a: Ferrothorn|Iron Defense|p2a: Ferrothorn\n|-boost|p2a: Ferrothorn|def|2\n|\n|-weather|Snow|[upkeep]\n|-heal|p2a: Ferrothorn|100\/100 brn|[from] item: Leftovers\n|-damage|p1b: Cetitan|32\/100 psn|[from] psn\n|-damage|p2a: Ferrothorn|94\/100 brn|[from] brn\n|upkeep\n|turn|9\n|\n|t:|1695925106\n|move|p2a: Ferrothorn|Protect|p2a: Ferrothorn\n|-singleturn|p2a: Ferrothorn|Protect\n|move|p1a: Sandslash|Steel Roller|p2b: Chansey\n|-damage|p2b: Chansey|59\/100\n|-fieldend|Misty Terrain\n|move|p1b: Cetitan|Liquidation|p2b: Chansey\n|-damage|p2b: Chansey|41\/100\n|move|p2b: Chansey|Toxic|p1a: Sandslash\n|-status|p1a: Sandslash|tox\n|\n|-weather|Snow|[upkeep]\n|-heal|p2a: Ferrothorn|100\/100 brn|[from] item: Leftovers\n|-damage|p1a: Sandslash|18\/100 tox|[from] psn\n|-damage|p1b: Cetitan|19\/100 psn|[from] psn\n|-damage|p2a: Ferrothorn|94\/100 brn|[from] brn\n|-sideend|p2: boylisegundo|move: Light Screen\n|upkeep\n|turn|10\n|inactive|Battle timer is ON: inactive players will automatically lose when time's up. (requested by boylisegundo)\n|\n|t:|1695925156\n|move|p2b: Chansey|Protect|p2b: Chansey\n|-singleturn|p2b: Chansey|Protect\n|move|p1a: Sandslash|Ice Spinner|p2b: Chansey\n|-activate|p2b: Chansey|move: Protect\n|move|p1b: Cetitan|Ice Spinner|p2b: Chansey\n|-activate|p2b: Chansey|move: Protect\n|move|p2a: Ferrothorn|Leech Seed|p1b: Cetitan\n|-start|p1b: Cetitan|move: Leech Seed\n|\n|-weather|none\n|-activate|p2b: Chansey|ability: Healer\n|-curestatus|p2a: Ferrothorn|brn|[msg]\n|-heal|p2a: Ferrothorn|100\/100|[from] item: Leftovers\n|-damage|p1b: Cetitan|7\/100 psn|[from] Leech Seed|[of] p2a: Ferrothorn\n|-damage|p1a: Sandslash|6\/100 tox|[from] psn\n|-damage|p1b: Cetitan|0 fnt|[from] psn\n|faint|p1b: Cetitan\n|upkeep\n|c|\u2606BetosWessos|Stall man\n|n|!BetosWessos|betoswessos\n|inactive|BetosWessos has 120 seconds left.\n|\n|t:|1695925197\n|switch|p1b: Rotom|Rotom-Frost|88\/100\n|turn|11\n|\n|t:|1695925207\n|move|p1b: Rotom|Helping Hand|p1a: Sandslash\n|-singleturn|p1a: Sandslash|Helping Hand|[of] p1b: Rotom\n|move|p1a: Sandslash|Earthquake|p2a: Ferrothorn|[spread] p2a,p2b\n|-immune|p1b: Rotom|[from] ability: Levitate\n|-damage|p2a: Ferrothorn|86\/100\n|-damage|p2b: Chansey|5\/100\n|move|p2b: Chansey|Soft-Boiled|p2b: Chansey\n|-heal|p2b: Chansey|55\/100\n|move|p2a: Ferrothorn|Leech Seed|p1b: Rotom\n|-start|p1b: Rotom|move: Leech Seed\n|\n|-heal|p2a: Ferrothorn|92\/100|[from] item: Leftovers\n|-damage|p1b: Rotom|76\/100|[from] Leech Seed|[of] p2a: Ferrothorn\n|-heal|p2a: Ferrothorn|100\/100|[silent]\n|-damage|p1a: Sandslash|0 fnt|[from] psn\n|faint|p1a: Sandslash\n|upkeep\n|inactive|BetosWessos has 120 seconds left.\n|\n|t:|1695925225\n|switch|p1a: Ninetales|Ninetales-Alola, F, shiny|64\/100 psn\n|-weather|Snow|[from] ability: Snow Warning|[of] p1a: Ninetales\n|turn|12\n|\n|t:|1695925241\n|move|p1a: Ninetales|Misty Terrain|p1a: Ninetales\n|-fieldstart|move: Misty Terrain\n|move|p1b: Rotom|Blizzard|p2a: Ferrothorn|[spread] p2a,p2b\n|-damage|p2a: Ferrothorn|78\/100\n|-damage|p2b: Chansey|43\/100\n|move|p2b: Chansey|Soft-Boiled|p2b: Chansey\n|-heal|p2b: Chansey|93\/100\n|move|p2a: Ferrothorn|Body Press|p1a: Ninetales\n|-crit|p1a: Ninetales\n|-damage|p1a: Ninetales|0 fnt\n|faint|p1a: Ninetales\n|\n|-weather|Snow|[upkeep]\n|-heal|p2a: Ferrothorn|84\/100|[from] item: Leftovers\n|-damage|p1b: Rotom|63\/100|[from] Leech Seed|[of] p2a: Ferrothorn\n|-heal|p2a: Ferrothorn|93\/100|[silent]\n|upkeep\n|inactive|BetosWessos has 120 seconds left.\n|\n|t:|1695925258\n|switch|p1a: Chien-Pao|Chien-Pao|100\/100\n|-ability|p1a: Chien-Pao|Sword of Ruin\n|turn|13\n|\n|t:|1695925281\n|move|p1b: Rotom|Helping Hand|p1a: Chien-Pao\n|-singleturn|p1a: Chien-Pao|Helping Hand|[of] p1b: Rotom\n|-zpower|p1a: Chien-Pao\n|move|p1a: Chien-Pao|Breakneck Blitz|p2b: Chansey|[zeffect]\n|-damage|p2b: Chansey|10\/100\n|move|p2b: Chansey|Toxic|p1b: Rotom\n|-status|p1b: Rotom|tox\n|move|p2a: Ferrothorn|Body Press|p1a: Chien-Pao\n|-supereffective|p1a: Chien-Pao\n|-damage|p1a: Chien-Pao|0 fnt\n|faint|p1a: Chien-Pao\n|\n|-weather|Snow|[upkeep]\n|-heal|p2a: Ferrothorn|99\/100|[from] item: Leftovers\n|-damage|p1b: Rotom|51\/100 tox|[from] Leech Seed|[of] p2a: Ferrothorn\n|-heal|p2a: Ferrothorn|100\/100|[silent]\n|-damage|p1b: Rotom|44\/100 tox|[from] psn\n|upkeep\n|turn|14\n|-message|BetosWessos forfeited.\n|\n|win|boylisegundo\n|raw|BetosWessos's rating: 1151 &rarr; <strong>1137<\/strong><br \/>(-14 for losing)\n|raw|boylisegundo's rating: 1309 &rarr; <strong>1320<\/strong><br \/>(+11 for winning)\n|l|!BetosWessos\n","uploadtime":1695925175,"views":7,"p1id":"betoswessos","p2id":"boylisegundo","formatid":"gen9nationaldexdoubles","rating":1137,"private":0,"password":""}