{"id":"gen9nationaldexdoubles-1993410585","p1":"Frankc255","p2":"H hi cj jg f","format":"[Gen 9] National Dex Doubles","log":"|j|\u2606Frankc255\n|j|\u2606H hi cj jg f\n|t:|1700314157\n|gametype|doubles\n|player|p1|Frankc255|juan|1135\n|player|p2|H hi cj jg f|dawn|1000\n|teamsize|p1|4\n|teamsize|p2|6\n|gen|9\n|tier|[Gen 9] National Dex Doubles\n|rated|\n|rule|HP Percentage Mod: HP is shown in percentages\n|rule|Endless Battle Clause: Forcing endless battles is banned\n|rule|OHKO Clause: OHKO moves are banned\n|rule|Evasion Moves Clause: Evasion moves are banned\n|rule|Evasion Abilities Clause: Evasion abilities are banned\n|rule|Species Clause: Limit one of each Pok\u00e9mon\n|rule|Gravity Sleep Clause: The combination of sleep-inducing moves with imperfect accuracy and Gravity or Gigantamax Orbeetle are banned\n|clearpoke\n|poke|p1|Regigigas|\n|poke|p1|Weezing-Galar, F|\n|poke|p1|Arbok, F|\n|poke|p1|Meowscarada, F|\n|poke|p2|Indeedee, M|\n|poke|p2|Deoxys-Attack|\n|poke|p2|Typhlosion, F|\n|poke|p2|Kartana|\n|poke|p2|Murkrow, M|\n|poke|p2|Shuckle, F|\n|teampreview\n|\n|t:|1700314166\n|start\n|switch|p1a: Regigigas|Regigigas, shiny|100\/100\n|switch|p1b: Meowscarada|Meowscarada, F|100\/100\n|switch|p2a: Murkrow|Murkrow, M|100\/100\n|switch|p2b: Shuckle|Shuckle, F|100\/100\n|-start|p1a: Regigigas|ability: Slow Start\n|turn|1\n|\n|t:|1700314184\n|move|p2a: Murkrow|Perish Song|p2a: Murkrow\n|-start|p1a: Regigigas|perish3|[silent]\n|-start|p1b: Meowscarada|perish3|[silent]\n|-start|p2a: Murkrow|perish3|[silent]\n|-start|p2b: Shuckle|perish3|[silent]\n|-fieldactivate|move: Perish Song\n|move|p1b: Meowscarada|Skill Swap|p1a: Regigigas\n|-start|p1b: Meowscarada|typechange|Psychic|[from] ability: Protean\n|-activate|p1b: Meowscarada|move: Skill Swap|||[of] p1a: Regigigas\n|-end|p1a: Regigigas|Slow Start|[silent]\n|-start|p1b: Meowscarada|ability: Slow Start\n|move|p1a: Regigigas|Return|p2a: Murkrow\n|-damage|p2a: Murkrow|16\/100\n|move|p2b: Shuckle|Stealth Rock|p1a: Regigigas\n|-sidestart|p1: Frankc255|move: Stealth Rock\n|\n|-start|p1a: Regigigas|perish3\n|-start|p2a: Murkrow|perish3\n|-start|p1b: Meowscarada|perish3\n|-start|p2b: Shuckle|perish3\n|upkeep\n|turn|2\n|\n|t:|1700314217\n|move|p2a: Murkrow|Taunt|p1b: Meowscarada\n|-start|p1b: Meowscarada|move: Taunt\n|move|p1a: Regigigas|Superpower|p2b: Shuckle\n|-start|p1a: Regigigas|typechange|Fighting|[from] ability: Protean\n|-damage|p2b: Shuckle|60\/100\n|-unboost|p1a: Regigigas|atk|1\n|-unboost|p1a: Regigigas|def|1\n|move|p1b: Meowscarada|U-turn|p2a: Murkrow\n|-damage|p2a: Murkrow|1\/100\n|\n|t:|1700314234\n|-end|p1b: Meowscarada|Slow Start|[silent]\n|switch|p1b: Weezing|Weezing-Galar, F|100\/100|[from] U-turn\n|-ability|p1b: Weezing|Neutralizing Gas\n|-damage|p1b: Weezing|88\/100|[from] Stealth Rock\n|move|p2b: Shuckle|Power Split|p1a: Regigigas\n|-activate|p2b: Shuckle|move: Power Split|[of] p1a: Regigigas\n|\n|-heal|p1b: Weezing|94\/100|[from] item: Leftovers\n|-start|p1a: Regigigas|perish2\n|-start|p2a: Murkrow|perish2\n|-start|p2b: Shuckle|perish2\n|upkeep\n|turn|3\n|inactive|Battle timer is ON: inactive players will automatically lose when time's up. (requested by Frankc255)\n|\n|t:|1700314280\n|switch|p1a: Meowscarada|Meowscarada, F|100\/100\n|-damage|p1a: Meowscarada|88\/100|[from] Stealth Rock\n|move|p2a: Murkrow|Taunt|p1b: Weezing\n|-start|p1b: Weezing|move: Taunt\n|cant|p1b: Weezing|move: Taunt|Poison Gas\n|move|p2b: Shuckle|Toxic|p1a: Meowscarada|[miss]\n|-miss|p2b: Shuckle|p1a: Meowscarada\n|\n|-heal|p1b: Weezing|99\/100|[from] item: Leftovers\n|-start|p2a: Murkrow|perish1\n|-start|p2b: Shuckle|perish1\n|upkeep\n|turn|4\n|inactive|Frankc255 has 120 seconds left.\n|\n|t:|1700314313\n|-end|p1b: Weezing|ability: Neutralizing Gas\n|switch|p1b: Regigigas|Regigigas, shiny|100\/100\n|-damage|p1b: Regigigas|88\/100|[from] Stealth Rock\n|-start|p1b: Regigigas|ability: Slow Start\n|move|p2a: Murkrow|Perish Song|p2a: Murkrow\n|-start|p1a: Meowscarada|perish3|[silent]\n|-start|p1b: Regigigas|perish3|[silent]\n|-fieldactivate|move: Perish Song\n|move|p1a: Meowscarada|Skill Swap|p1b: Regigigas\n|-start|p1a: Meowscarada|typechange|Psychic|[from] ability: Protean\n|-activate|p1a: Meowscarada|move: Skill Swap|||[of] p1b: Regigigas\n|-end|p1b: Regigigas|Slow Start|[silent]\n|-start|p1a: Meowscarada|ability: Slow Start\n|move|p2b: Shuckle|Toxic|p1b: Regigigas\n|-status|p1b: Regigigas|tox\n|\n|-damage|p1b: Regigigas|82\/100 tox|[from] psn\n|-start|p1b: Regigigas|perish3\n|-start|p2a: Murkrow|perish0\n|-start|p1a: Meowscarada|perish3\n|faint|p2a: Murkrow\n|-start|p2b: Shuckle|perish0\n|faint|p2b: Shuckle\n|upkeep\n|inactive|H hi cj jg f has 120 seconds left.\n|inactive|H hi cj jg f has 90 seconds left.\n|\n|t:|1700314384\n|switch|p2a: Kartana|Kartana|100\/100\n|switch|p2b: Typhlosion|Typhlosion, F|100\/100\n|turn|5\n|\n|t:|1700314402\n|-end|p1a: Meowscarada|Slow Start|[silent]\n|switch|p1a: Arbok|Arbok, F|100\/100\n|-damage|p1a: Arbok|88\/100|[from] Stealth Rock\n|-ability|p1a: Arbok|Intimidate|boost\n|-unboost|p2a: Kartana|atk|1\n|-unboost|p2b: Typhlosion|atk|1\n|move|p2b: Typhlosion|Eruption|p1a: Arbok|[spread] p1a,p1b\n|-damage|p1a: Arbok|12\/100\n|-damage|p1b: Regigigas|53\/100 tox\n|-enditem|p1a: Arbok|Red Card|[of] p2b: Typhlosion\n|drag|p2b: Deoxys|Deoxys-Attack|100\/100\n|-ability|p2b: Deoxys|Pressure\n|move|p2a: Kartana|Sacred Sword|p1b: Regigigas\n|-supereffective|p1b: Regigigas\n|-damage|p1b: Regigigas|0 fnt\n|faint|p1b: Regigigas\n|-ability|p2a: Kartana|Beast Boost|boost\n|-boost|p2a: Kartana|atk|1\n|\n|upkeep\n|inactive|Frankc255 has 120 seconds left.\n|-message|Frankc255 forfeited.\n|\n|win|H hi cj jg f\n|raw|Frankc255's rating: 1135 &rarr; <strong>1101<\/strong><br \/>(-34 for losing)\n|raw|H hi cj jg f's rating: 1000 &rarr; <strong>1055<\/strong><br \/>(+55 for winning)\n|l|\u2606Frankc255\n","uploadtime":1700314543,"views":5,"p1id":"frankc255","p2id":"hhicjjgf","formatid":"gen9nationaldexdoubles","rating":1055,"private":0,"password":""}