{"id":"gen9nationaldexdoubles-1992613268","p1":"DazzlingBrilliance","p2":"Jgijhgt","format":"[Gen 9] National Dex Doubles","log":"|j|\u2606DazzlingBrilliance\n|j|\u2606Jgijhgt\n|t:|1700214781\n|gametype|doubles\n|player|p1|DazzlingBrilliance|striker|1031\n|player|p2|Jgijhgt|dawn|1095\n|teamsize|p1|6\n|teamsize|p2|6\n|gen|9\n|tier|[Gen 9] National Dex Doubles\n|rated|\n|rule|HP Percentage Mod: HP is shown in percentages\n|rule|Endless Battle Clause: Forcing endless battles is banned\n|rule|OHKO Clause: OHKO moves are banned\n|rule|Evasion Moves Clause: Evasion moves are banned\n|rule|Evasion Abilities Clause: Evasion abilities are banned\n|rule|Species Clause: Limit one of each Pok\u00e9mon\n|rule|Gravity Sleep Clause: The combination of sleep-inducing moves with imperfect accuracy and Gravity or Gigantamax Orbeetle are banned\n|clearpoke\n|poke|p1|Blissey, F|\n|poke|p1|Eldegoss, M|\n|poke|p1|Golduck, M|\n|poke|p1|Dodrio, M|\n|poke|p1|Hitmonchan, M|\n|poke|p1|Chandelure, M|\n|poke|p2|Indeedee, M|\n|poke|p2|Deoxys-Attack|\n|poke|p2|Typhlosion, M|\n|poke|p2|Kartana|\n|poke|p2|Murkrow, F|\n|poke|p2|Shuckle, F|\n|teampreview\n|inactive|Battle timer is ON: inactive players will automatically lose when time's up. (requested by Jgijhgt)\n|\n|t:|1700214800\n|start\n|switch|p1a: Eldegoss|Eldegoss, M, shiny|100\/100\n|switch|p1b: Dodrio|Dodrio, M, shiny|100\/100\n|switch|p2a: Murkrow|Murkrow, F|100\/100\n|switch|p2b: Shuckle|Shuckle, F|100\/100\n|turn|1\n|\n|t:|1700214810\n|move|p2a: Murkrow|Taunt|p1a: Eldegoss\n|-start|p1a: Eldegoss|move: Taunt\n|move|p1b: Dodrio|Acupressure|p1b: Dodrio\n|-boost|p1b: Dodrio|accuracy|2\n|cant|p1a: Eldegoss|move: Taunt|Sleep Powder\n|move|p2b: Shuckle|Stealth Rock|p1a: Eldegoss\n|-sidestart|p1: DazzlingBrilliance|move: Stealth Rock\n|\n|upkeep\n|turn|2\n|inactive|DazzlingBrilliance has 120 seconds left.\n|\n|t:|1700214870\n|switch|p1a: Blissey|Blissey, F, shiny|100\/100\n|-damage|p1a: Blissey|88\/100|[from] Stealth Rock\n|move|p2a: Murkrow|Perish Song|p2a: Murkrow\n|-start|p1a: Blissey|perish3|[silent]\n|-start|p1b: Dodrio|perish3|[silent]\n|-start|p2a: Murkrow|perish3|[silent]\n|-start|p2b: Shuckle|perish3|[silent]\n|-fieldactivate|move: Perish Song\n|move|p1b: Dodrio|Knock Off|p2a: Murkrow\n|-resisted|p2a: Murkrow\n|-damage|p2a: Murkrow|86\/100\n|-enditem|p2a: Murkrow|Focus Sash|[from] move: Knock Off|[of] p1b: Dodrio\n|move|p2b: Shuckle|Sticky Web|p1b: Dodrio\n|-sidestart|p1: DazzlingBrilliance|move: Sticky Web\n|\n|-heal|p1a: Blissey|94\/100|[from] item: Leftovers\n|-start|p1b: Dodrio|perish3\n|-start|p2a: Murkrow|perish3\n|-start|p1a: Blissey|perish3\n|-start|p2b: Shuckle|perish3\n|upkeep\n|turn|3\n|\n|t:|1700214889\n|switch|p1b: Get Fisted|Hitmonchan, M, shiny|100\/100\n|-damage|p1b: Get Fisted|94\/100|[from] Stealth Rock\n|-activate|p1b: Get Fisted|move: Sticky Web\n|-unboost|p1b: Get Fisted|spe|1\n|switch|p1a: Eldegoss|Eldegoss, M, shiny|100\/100\n|-damage|p1a: Eldegoss|88\/100|[from] Stealth Rock\n|-activate|p1a: Eldegoss|move: Sticky Web\n|-unboost|p1a: Eldegoss|spe|1\n|move|p2a: Murkrow|Taunt|p1a: Eldegoss\n|-start|p1a: Eldegoss|move: Taunt\n|move|p2b: Shuckle|Toxic|p1a: Eldegoss|[miss]\n|-miss|p2b: Shuckle|p1a: Eldegoss\n|\n|-heal|p1a: Eldegoss|94\/100|[from] item: Leftovers\n|-start|p2a: Murkrow|perish2\n|-start|p2b: Shuckle|perish2\n|upkeep\n|turn|4\n|inactive|DazzlingBrilliance has 120 seconds left.\n|\n|t:|1700214918\n|move|p2a: Murkrow|Taunt|p1b: Get Fisted\n|-start|p1b: Get Fisted|move: Taunt\n|move|p1b: Get Fisted|Rapid Spin|p2b: Shuckle\n|-resisted|p2b: Shuckle\n|-damage|p2b: Shuckle|96\/100\n|-boost|p1b: Get Fisted|spe|1\n|-sideend|p1: DazzlingBrilliance|Stealth Rock|[from] move: Rapid Spin|[of] p1b: Get Fisted\n|-sideend|p1: DazzlingBrilliance|Sticky Web|[from] move: Rapid Spin|[of] p1b: Get Fisted\n|move|p1a: Eldegoss|Hyper Beam|p2a: Murkrow\n|-damage|p2a: Murkrow|17\/100\n|-mustrecharge|p1a: Eldegoss\n|move|p2b: Shuckle|Toxic|p1a: Eldegoss|[miss]\n|-miss|p2b: Shuckle|p1a: Eldegoss\n|\n|-heal|p1a: Eldegoss|100\/100|[from] item: Leftovers\n|-start|p2a: Murkrow|perish1\n|-start|p2b: Shuckle|perish1\n|upkeep\n|turn|5\n|inactive|DazzlingBrilliance has 120 seconds left.\n|inactive|Jgijhgt has 120 seconds left.\n|\n|t:|1700214952\n|switch|p2b: Indeedee|Indeedee, M|100\/100\n|-fieldstart|move: Psychic Terrain|[from] ability: Psychic Surge|[of] p2b: Indeedee\n|move|p2a: Murkrow|Tailwind|p2a: Murkrow\n|-sidestart|p2: Jgijhgt|move: Tailwind\n|move|p1b: Get Fisted|Power-Up Punch|p2b: Indeedee\n|-damage|p2b: Indeedee|52\/100\n|-boost|p1b: Get Fisted|atk|1\n|cant|p1a: Eldegoss|recharge\n|\n|-end|p1a: Eldegoss|move: Taunt\n|-start|p2a: Murkrow|perish0\n|faint|p2a: Murkrow\n|upkeep\n|inactive|Jgijhgt has 120 seconds left.\n|\n|t:|1700214968\n|switch|p2a: Typhlosion|Typhlosion, M|100\/100\n|turn|6\n|\n|t:|1700214981\n|switch|p1b: Chandelure|Chandelure, M, shiny|100\/100\n|switch|p1a: Blissey|Blissey, F, shiny|94\/100\n|move|p2a: Typhlosion|Eruption|p1b: Chandelure|[spread] p1a,p1b\n|-resisted|p1b: Chandelure\n|-damage|p1a: Blissey|75\/100\n|-damage|p1b: Chandelure|69\/100\n|move|p2b: Indeedee|Expanding Force|p1b: Chandelure|[spread] p1a,p1b\n|-damage|p1a: Blissey|53\/100\n|-damage|p1b: Chandelure|5\/100\n|\n|-heal|p1b: Chandelure|11\/100|[from] item: Leftovers\n|-heal|p1a: Blissey|59\/100|[from] item: Leftovers\n|upkeep\n|turn|7\n|\n|t:|1700215003\n|switch|p2b: Shuckle|Shuckle, F|96\/100\n|switch|p1b: Golduck|Golduck, M, shiny|100\/100\n|-ability|p1b: Golduck|Cloud Nine\n|move|p2a: Typhlosion|Eruption|p1a: Blissey|[spread] p1a,p1b\n|-resisted|p1b: Golduck\n|-crit|p1b: Golduck\n|-damage|p1a: Blissey|39\/100\n|-damage|p1b: Golduck|57\/100\n|move|p1a: Blissey|Charge Beam|p2b: Shuckle\n|-damage|p2b: Shuckle|90\/100\n|-boost|p1a: Blissey|spa|1\n|\n|-heal|p1b: Golduck|64\/100|[from] item: Leftovers\n|-heal|p1a: Blissey|45\/100|[from] item: Leftovers\n|upkeep\n|turn|8\n|\n|t:|1700215031\n|switch|p1b: Eldegoss|Eldegoss, M, shiny|100\/100\n|move|p2a: Typhlosion|Eruption|p1a: Blissey|[spread] p1a,p1b\n|-supereffective|p1b: Eldegoss\n|-damage|p1a: Blissey|24\/100\n|-damage|p1b: Eldegoss|0 fnt\n|faint|p1b: Eldegoss\n|move|p1a: Blissey|Mud-Slap|p2a: Typhlosion\n|-supereffective|p2a: Typhlosion\n|-damage|p2a: Typhlosion|84\/100\n|-unboost|p2a: Typhlosion|accuracy|1\n|move|p2b: Shuckle|Sticky Web|p1a: Blissey\n|-sidestart|p1: DazzlingBrilliance|move: Sticky Web\n|\n|-heal|p1a: Blissey|30\/100|[from] item: Leftovers\n|-sideend|p2: Jgijhgt|move: Tailwind\n|upkeep\n|inactive|DazzlingBrilliance has 120 seconds left.\n|\n|t:|1700215055\n|switch|p1b: Dodrio|Dodrio, M, shiny|100\/100\n|turn|9\n|\n|t:|1700215074\n|move|p2a: Typhlosion|Eruption|p1b: Dodrio|[spread] p1a,p1b\n|-damage|p1a: Blissey|14\/100\n|-damage|p1b: Dodrio|40\/100\n|move|p1b: Dodrio|Acupressure|p1b: Dodrio\n|-boost|p1b: Dodrio|spd|2\n|move|p1a: Blissey|Mud-Slap|p2b: Shuckle\n|-damage|p2b: Shuckle|86\/100\n|-unboost|p2b: Shuckle|accuracy|1\n|move|p2b: Shuckle|Toxic|p1b: Dodrio\n|-status|p1b: Dodrio|tox\n|\n|-heal|p1a: Blissey|20\/100|[from] item: Leftovers\n|-damage|p1b: Dodrio|34\/100 tox|[from] psn\n|-fieldend|move: Psychic Terrain\n|upkeep\n|turn|10\n|inactive|DazzlingBrilliance has 120 seconds left.\n|\n|t:|1700215123\n|move|p2a: Typhlosion|Eruption|p1a: Blissey|[spread] \n|-miss|p2a: Typhlosion|p1a: Blissey\n|-miss|p2a: Typhlosion|p1b: Dodrio\n|move|p1b: Dodrio|Rest|p1b: Dodrio\n|-status|p1b: Dodrio|slp|[from] move: Rest\n|-heal|p1b: Dodrio|100\/100 slp|[silent]\n|move|p1a: Blissey|Mud-Slap|p2a: Typhlosion\n|-supereffective|p2a: Typhlosion\n|-damage|p2a: Typhlosion|68\/100\n|-unboost|p2a: Typhlosion|accuracy|1\n|move|p2b: Shuckle|Stealth Rock|p1b: Dodrio\n|-sidestart|p1: DazzlingBrilliance|move: Stealth Rock\n|\n|-heal|p1a: Blissey|26\/100|[from] item: Leftovers\n|upkeep\n|turn|11\n|inactive|DazzlingBrilliance has 120 seconds left.\n|inactive|DazzlingBrilliance has 90 seconds left.\n|inactive|DazzlingBrilliance has 60 seconds left.\n|\n|t:|1700215212\n|switch|p2a: Indeedee|Indeedee, M|52\/100\n|-fieldstart|move: Psychic Terrain|[from] ability: Psychic Surge|[of] p2a: Indeedee\n|cant|p1b: Dodrio|slp\n|move|p1a: Blissey|Mud-Slap|p2a: Indeedee\n|-damage|p2a: Indeedee|44\/100\n|-unboost|p2a: Indeedee|accuracy|1\n|move|p2b: Shuckle|Toxic|p1a: Blissey\n|-status|p1a: Blissey|tox\n|\n|-heal|p1a: Blissey|32\/100 tox|[from] item: Leftovers\n|-damage|p1a: Blissey|26\/100 tox|[from] psn\n|upkeep\n|turn|12\n|inactive|DazzlingBrilliance has 60 seconds left.\n|\n|t:|1700215244\n|switch|p2b: Kartana|Kartana|100\/100\n|move|p2a: Indeedee|Expanding Force|p1a: Blissey|[spread] p1a,p1b\n|-damage|p1a: Blissey|3\/100 tox\n|-damage|p1b: Dodrio|56\/100 slp\n|-curestatus|p1b: Dodrio|slp|[msg]\n|-zpower|p1b: Dodrio\n|move|p1b: Dodrio|Z-Acupressure|p1b: Dodrio|[anim]Acupressure\n|-start|p1b: Dodrio|move: Focus Energy|[zeffect]\n|-boost|p1b: Dodrio|atk|2\n|move|p1a: Blissey|Heal Bell|p1a: Blissey\n|-activate|p1a: Blissey|move: Heal Bell\n|-curestatus|p1a: Blissey|tox|[msg]\n|\n|-heal|p1a: Blissey|9\/100|[from] item: Leftovers\n|upkeep\n|turn|13\n|inactive|DazzlingBrilliance has 60 seconds left.\n|inactive|Jgijhgt has 120 seconds left.\n|\n|t:|1700215279\n|switch|p2a: Typhlosion|Typhlosion, M|68\/100\n|move|p2b: Kartana|Sacred Sword|p1a: Blissey\n|-supereffective|p1a: Blissey\n|-damage|p1a: Blissey|0 fnt\n|faint|p1a: Blissey\n|-ability|p2b: Kartana|Beast Boost|boost\n|-boost|p2b: Kartana|atk|1\n|move|p1b: Dodrio|Knock Off|p2a: Typhlosion\n|-damage|p2a: Typhlosion|7\/100\n|-enditem|p2a: Typhlosion|Choice Scarf|[from] move: Knock Off|[of] p1b: Dodrio\n|\n|upkeep\n|inactive|DazzlingBrilliance has 30 seconds left.\n|\n|t:|1700215296\n|switch|p1a: Chandelure|Chandelure, M, shiny|11\/100\n|-activate|p1a: Chandelure|move: Sticky Web\n|-unboost|p1a: Chandelure|spe|1\n|-damage|p1a: Chandelure|0 fnt|[from] Stealth Rock\n|faint|p1a: Chandelure\n|inactive|DazzlingBrilliance has 30 seconds left.\n|\n|t:|1700215301\n|switch|p1a: Golduck|Golduck, M, shiny|64\/100\n|-activate|p1a: Golduck|move: Sticky Web\n|-unboost|p1a: Golduck|spe|1\n|-damage|p1a: Golduck|51\/100|[from] Stealth Rock\n|-ability|p1a: Golduck|Cloud Nine\n|turn|14\n|\n|t:|1700215322\n|move|p2b: Kartana|Sacred Sword|p1b: Dodrio\n|-damage|p1b: Dodrio|0 fnt\n|faint|p1b: Dodrio\n|-ability|p2b: Kartana|Beast Boost|boost\n|-boost|p2b: Kartana|atk|1\n|move|p2a: Typhlosion|Seismic Toss|p1a: Golduck\n|-damage|p1a: Golduck|18\/100\n|move|p1a: Golduck|Muddy Water|p2a: Typhlosion|[spread] p2a\n|-miss|p1a: Golduck|p2b: Kartana\n|-supereffective|p2a: Typhlosion\n|-damage|p2a: Typhlosion|0 fnt\n|faint|p2a: Typhlosion\n|\n|-heal|p1a: Golduck|25\/100|[from] item: Leftovers\n|upkeep\n|\n|t:|1700215338\n|switch|p2a: Indeedee|Indeedee, M|44\/100\n|switch|p1b: Get Fisted|Hitmonchan, M, shiny|94\/100\n|-activate|p1b: Get Fisted|move: Sticky Web\n|-unboost|p1b: Get Fisted|spe|1\n|-damage|p1b: Get Fisted|88\/100|[from] Stealth Rock\n|turn|15\n|inactive|DazzlingBrilliance has 60 seconds left.\n|\n|t:|1700215355\n|-terastallize|p1b: Get Fisted|Ghost\n|move|p2b: Kartana|Sacred Sword|p1b: Get Fisted\n|-immune|p1b: Get Fisted\n|move|p2a: Indeedee|Expanding Force|p1b: Get Fisted|[spread] p1a,p1b\n|-damage|p1a: Golduck|0 fnt\n|-damage|p1b: Get Fisted|21\/100\n|faint|p1a: Golduck\n|move|p1b: Get Fisted|Rapid Spin|p2b: Kartana\n|-resisted|p2b: Kartana\n|-crit|p2b: Kartana\n|-damage|p2b: Kartana|88\/100\n|-boost|p1b: Get Fisted|spe|1\n|-sideend|p1: DazzlingBrilliance|Stealth Rock|[from] move: Rapid Spin|[of] p1b: Get Fisted\n|-sideend|p1: DazzlingBrilliance|Sticky Web|[from] move: Rapid Spin|[of] p1b: Get Fisted\n|\n|-fieldend|move: Psychic Terrain\n|upkeep\n|turn|16\n|inactive|DazzlingBrilliance has 60 seconds left.\n|\n|t:|1700215386\n|switch|p2b: Shuckle|Shuckle, F|86\/100\n|move|p2a: Indeedee|Expanding Force|p1b: Get Fisted\n|-damage|p1b: Get Fisted|0 fnt\n|faint|p1b: Get Fisted\n|\n|win|Jgijhgt\n|raw|DazzlingBrilliance's rating: 1031 &rarr; <strong>1019<\/strong><br \/>(-12 for losing)\n|raw|Jgijhgt's rating: 1095 &rarr; <strong>1116<\/strong><br \/>(+21 for winning)\n","uploadtime":1700215397,"views":7,"p1id":"dazzlingbrilliance","p2id":"jgijhgt","formatid":"gen9nationaldexdoubles","rating":1019,"private":0,"password":""}