{"id":"gen9nationaldexdoubles-1980137042","p1":"ArtofWumbology","p2":"fumbari 24","format":"[Gen 9] National Dex Doubles","log":"|j|\u2606ArtofWumbology\n|j|\u2606fumbari 24\n|t:|1698760589\n|gametype|doubles\n|player|p1|ArtofWumbology|101|1541\n|player|p2|fumbari 24|hilbert|1492\n|teamsize|p1|6\n|teamsize|p2|6\n|gen|9\n|tier|[Gen 9] National Dex Doubles\n|rated|\n|rule|HP Percentage Mod: HP is shown in percentages\n|rule|Endless Battle Clause: Forcing endless battles is banned\n|rule|OHKO Clause: OHKO moves are banned\n|rule|Evasion Moves Clause: Evasion moves are banned\n|rule|Evasion Abilities Clause: Evasion abilities are banned\n|rule|Species Clause: Limit one of each Pok\u00e9mon\n|rule|Gravity Sleep Clause: The combination of sleep-inducing moves with imperfect accuracy and Gravity or Gigantamax Orbeetle are banned\n|clearpoke\n|poke|p1|Kyurem-Black|\n|poke|p1|Dracovish|\n|poke|p1|Tornadus, M|\n|poke|p1|Rillaboom, M|\n|poke|p1|Dracozolt|\n|poke|p1|Hippowdon, F|\n|poke|p2|Primeape, M|\n|poke|p2|Maushold|\n|poke|p2|Chesnaught, M|\n|poke|p2|Aggron, M|\n|poke|p2|Aromatisse, F|\n|poke|p2|Grimmsnarl, M|\n|teampreview\n|\n|t:|1698760611\n|start\n|switch|p1a: Rillaboom|Rillaboom, M, shiny|100\/100\n|switch|p1b: Tornadus|Tornadus, M, shiny|100\/100\n|switch|p2a: Grimmsnarl|Grimmsnarl, M|100\/100\n|switch|p2b: Aggron|Aggron, M|100\/100\n|-fieldstart|move: Grassy Terrain|[from] ability: Grassy Surge|[of] p1a: Rillaboom\n|turn|1\n|inactive|Battle timer is ON: inactive players will automatically lose when time's up. (requested by ArtofWumbology)\n|\n|t:|1698760626\n|detailschange|p2b: Aggron|Aggron-Mega, M\n|-mega|p2b: Aggron|Aggron|Aggronite\n|move|p1b: Tornadus|Protect|p1b: Tornadus\n|-singleturn|p1b: Tornadus|Protect\n|move|p2a: Grimmsnarl|Light Screen|p2a: Grimmsnarl\n|-sidestart|p2: fumbari 24|move: Light Screen\n|move|p1a: Rillaboom|High Horsepower|p2b: Aggron\n|-supereffective|p2b: Aggron\n|-damage|p2b: Aggron|69\/100\n|move|p2b: Aggron|Iron Defense|p2b: Aggron\n|-boost|p2b: Aggron|def|2\n|\n|-heal|p2b: Aggron|76\/100|[from] Grassy Terrain\n|upkeep\n|turn|2\n|j| RoyalWagon\n|\n|t:|1698760644\n|switch|p1a: Hippowdon|Hippowdon, F|100\/100\n|-weather|Sandstorm|[from] ability: Sand Stream|[of] p1a: Hippowdon\n|move|p1b: Tornadus|Taunt|p2b: Aggron\n|-start|p2b: Aggron|move: Taunt\n|move|p2a: Grimmsnarl|Reflect|p2a: Grimmsnarl\n|-sidestart|p2: fumbari 24|Reflect\n|move|p2b: Aggron|Body Press|p1a: Hippowdon\n|-damage|p1a: Hippowdon|57\/100\n|\n|-weather|Sandstorm|[upkeep]\n|-damage|p1b: Tornadus|94\/100|[from] Sandstorm\n|-damage|p2a: Grimmsnarl|94\/100|[from] Sandstorm\n|-heal|p2a: Grimmsnarl|100\/100|[from] Grassy Terrain\n|-heal|p1a: Hippowdon|64\/100|[from] Grassy Terrain\n|-heal|p2b: Aggron|82\/100|[from] Grassy Terrain\n|upkeep\n|turn|3\n|\n|t:|1698760668\n|move|p1b: Tornadus|Protect|p1b: Tornadus\n|-singleturn|p1b: Tornadus|Protect\n|move|p2a: Grimmsnarl|Spirit Break|p1a: Hippowdon\n|-damage|p1a: Hippowdon|49\/100\n|-unboost|p1a: Hippowdon|spa|1\n|move|p2b: Aggron|Body Press|p1a: Hippowdon\n|-damage|p1a: Hippowdon|7\/100\n|move|p1a: Hippowdon|Whirlwind|p2b: Aggron\n|drag|p2b: Aromatisse|Aromatisse, F|100\/100\n|\n|-weather|Sandstorm|[upkeep]\n|-damage|p1b: Tornadus|88\/100|[from] Sandstorm\n|-damage|p2a: Grimmsnarl|94\/100|[from] Sandstorm\n|-damage|p2b: Aromatisse|94\/100|[from] Sandstorm\n|-heal|p2a: Grimmsnarl|100\/100|[from] Grassy Terrain\n|-heal|p1a: Hippowdon|14\/100|[from] Grassy Terrain\n|-heal|p2b: Aromatisse|100\/100|[from] Grassy Terrain\n|upkeep\n|turn|4\n|\n|t:|1698760692\n|switch|p1a: Rillaboom|Rillaboom, M, shiny|100\/100\n|move|p1b: Tornadus|Acrobatics|p2a: Grimmsnarl\n|-crit|p2a: Grimmsnarl\n|-damage|p2a: Grimmsnarl|12\/100\n|move|p2a: Grimmsnarl|Spirit Break|p1a: Rillaboom\n|-damage|p1a: Rillaboom|72\/100\n|-unboost|p1a: Rillaboom|spa|1\n|move|p2b: Aromatisse|Trick Room|p2b: Aromatisse\n|-fieldstart|move: Trick Room|[of] p2b: Aromatisse\n|\n|-weather|Sandstorm|[upkeep]\n|-damage|p2b: Aromatisse|94\/100|[from] Sandstorm\n|-damage|p2a: Grimmsnarl|6\/100|[from] Sandstorm\n|-damage|p1a: Rillaboom|65\/100|[from] Sandstorm\n|-damage|p1b: Tornadus|82\/100|[from] Sandstorm\n|-heal|p2b: Aromatisse|100\/100|[from] Grassy Terrain\n|-heal|p2a: Grimmsnarl|12\/100|[from] Grassy Terrain\n|-heal|p1a: Rillaboom|72\/100|[from] Grassy Terrain\n|upkeep\n|turn|5\n|\n|t:|1698760715\n|switch|p2a: Aggron|Aggron-Mega, M|82\/100\n|move|p1b: Tornadus|Taunt|p2b: Aromatisse\n|-block|p2b: Aromatisse|ability: Aroma Veil|[of] p2b: Aromatisse\n|move|p2b: Aromatisse|Wish|p2b: Aromatisse\n|move|p1a: Rillaboom|Brick Break|p2a: Aggron\n|-sideend|p2: fumbari 24|Reflect\n|-sideend|p2: fumbari 24|move: Light Screen\n|-supereffective|p2a: Aggron\n|-damage|p2a: Aggron|56\/100\n|\n|-weather|Sandstorm|[upkeep]\n|-damage|p2b: Aromatisse|94\/100|[from] Sandstorm\n|-damage|p1a: Rillaboom|65\/100|[from] Sandstorm\n|-damage|p1b: Tornadus|76\/100|[from] Sandstorm\n|-heal|p2b: Aromatisse|100\/100|[from] Grassy Terrain\n|-heal|p2a: Aggron|62\/100|[from] Grassy Terrain\n|-heal|p1a: Rillaboom|72\/100|[from] Grassy Terrain\n|-fieldend|move: Grassy Terrain\n|upkeep\n|turn|6\n|\n|t:|1698760742\n|switch|p1a: Dracozolt|Dracozolt|100\/100\n|move|p2b: Aromatisse|Ally Switch|p2b: Aromatisse\n|swap|p2b: Aromatisse|0|[from] move: Ally Switch\n|move|p1b: Tornadus|Taunt|p2a: Aromatisse\n|-block|p2a: Aromatisse|ability: Aroma Veil|[of] p2a: Aromatisse\n|move|p2b: Aggron|Iron Defense|p2b: Aggron\n|-boost|p2b: Aggron|def|2\n|\n|-weather|Sandstorm|[upkeep]\n|-damage|p2a: Aromatisse|94\/100|[from] Sandstorm\n|-damage|p1b: Tornadus|69\/100|[from] Sandstorm\n|-heal|p2b: Aggron|100\/100|[from] move: Wish|[wisher] Aromatisse\n|upkeep\n|turn|7\n|\n|t:|1698760759\n|move|p2a: Aromatisse|Moonblast|p1a: Dracozolt\n|-supereffective|p1a: Dracozolt\n|-damage|p1a: Dracozolt|5\/100\n|move|p2b: Aggron|Body Press|p1a: Dracozolt\n|-damage|p1a: Dracozolt|0 fnt\n|faint|p1a: Dracozolt\n|move|p1b: Tornadus|Acrobatics|p2a: Aromatisse\n|-damage|p2a: Aromatisse|41\/100\n|\n|-weather|Sandstorm|[upkeep]\n|-damage|p2a: Aromatisse|34\/100|[from] Sandstorm\n|-damage|p1b: Tornadus|63\/100|[from] Sandstorm\n|upkeep\n|-message|ArtofWumbology forfeited.\n|\n|win|fumbari 24\n|raw|ArtofWumbology's rating: 1541 &rarr; <strong>1518<\/strong><br \/>(-23 for losing)\n|raw|fumbari 24's rating: 1492 &rarr; <strong>1515<\/strong><br \/>(+23 for winning)\n|l|\u2606ArtofWumbology\n","uploadtime":1698760769,"views":9,"p1id":"artofwumbology","p2id":"fumbari24","formatid":"gen9nationaldexdoubles","rating":1515,"private":0,"password":""}