{"id":"gen9nationaldexdoubles-1959944775","p1":"Imsaf","p2":"Kin+ak (\u2727\u2207\u2727)","format":"[Gen 9] National Dex Doubles","log":"|j|\u2606Imsaf\n|j|\u2606Kin+ak (\u2727\u2207\u2727)\n|t:|1696471269\n|gametype|doubles\n|player|p1|Imsaf|cynthia-gen4|1187\n|player|p2|Kin+ak (\u2727\u2207\u2727)|2|1421\n|teamsize|p1|6\n|teamsize|p2|6\n|gen|9\n|tier|[Gen 9] National Dex Doubles\n|rated|\n|rule|HP Percentage Mod: HP is shown in percentages\n|rule|Endless Battle Clause: Forcing endless battles is banned\n|rule|OHKO Clause: OHKO moves are banned\n|rule|Evasion Moves Clause: Evasion moves are banned\n|rule|Evasion Abilities Clause: Evasion abilities are banned\n|rule|Species Clause: Limit one of each Pok\u00e9mon\n|rule|Gravity Sleep Clause: The combination of sleep-inducing moves with imperfect accuracy and Gravity or Gigantamax Orbeetle are banned\n|clearpoke\n|poke|p1|Gothitelle, M|\n|poke|p1|Jirachi|\n|poke|p1|Murkrow, M|\n|poke|p1|Conkeldurr, F|\n|poke|p1|Raichu, F|\n|poke|p1|Ribombee, F|\n|poke|p2|Camerupt, F|\n|poke|p2|Porygon2|\n|poke|p2|Indeedee-F, F|\n|poke|p2|Cresselia, F|\n|poke|p2|Glastrier|\n|poke|p2|Ursaluna, F|\n|teampreview\n|inactive|Battle timer is ON: inactive players will automatically lose when time's up. (requested by Imsaf)\n|\n|t:|1696471279\n|start\n|switch|p1a: pscyhic sist3r|Gothitelle, M|100\/100\n|switch|p1b: pscyhic sister|Jirachi|100\/100\n|switch|p2a: Indeedee|Indeedee-F, F|100\/100\n|switch|p2b: Glastrier|Glastrier|100\/100\n|-fieldstart|move: Psychic Terrain|[from] ability: Psychic Surge|[of] p2a: Indeedee\n|turn|1\n|\n|t:|1696471288\n|move|p1b: pscyhic sister|Iron Defense|p1b: pscyhic sister\n|-boost|p1b: pscyhic sister|def|2\n|move|p1a: pscyhic sist3r|Thunder Wave|p2b: Glastrier\n|-status|p2b: Glastrier|par\n|move|p2b: Glastrier|Icicle Crash|p1a: pscyhic sist3r\n|-damage|p1a: pscyhic sist3r|50\/100\n|move|p2a: Indeedee|Trick Room|p2a: Indeedee\n|-fieldstart|move: Trick Room|[of] p2a: Indeedee\n|\n|-heal|p1a: pscyhic sist3r|57\/100|[from] item: Leftovers\n|upkeep\n|turn|2\n|\n|t:|1696471302\n|move|p2a: Indeedee|Follow Me|p2a: Indeedee\n|-singleturn|p2a: Indeedee|move: Follow Me\n|move|p2b: Glastrier|High Horsepower|p1b: pscyhic sister\n|-supereffective|p1b: pscyhic sister\n|-damage|p1b: pscyhic sister|73\/100\n|move|p1a: pscyhic sist3r|Thunder Wave|p2a: Indeedee\n|-status|p2a: Indeedee|par\n|move|p1b: pscyhic sister|Iron Defense|p1b: pscyhic sister\n|-boost|p1b: pscyhic sister|def|2\n|\n|-heal|p1a: pscyhic sist3r|63\/100|[from] item: Leftovers\n|-heal|p1b: pscyhic sister|79\/100|[from] item: Leftovers\n|upkeep\n|turn|3\n|\n|t:|1696471317\n|move|p2a: Indeedee|Follow Me|p2a: Indeedee\n|-singleturn|p2a: Indeedee|move: Follow Me\n|move|p2b: Glastrier|Icicle Crash|p1a: pscyhic sist3r\n|-damage|p1a: pscyhic sist3r|14\/100\n|move|p1a: pscyhic sist3r|Psych Up|p2a: Indeedee\n|-copyboost|p1a: pscyhic sist3r|p2a: Indeedee|[from] move: Psych Up\n|move|p1b: pscyhic sister|Iron Defense|p1b: pscyhic sister\n|-boost|p1b: pscyhic sister|def|2\n|\n|-heal|p1a: pscyhic sist3r|20\/100|[from] item: Leftovers\n|-heal|p1b: pscyhic sister|86\/100|[from] item: Leftovers\n|upkeep\n|turn|4\n|\n|t:|1696471331\n|cant|p2a: Indeedee|par\n|move|p2b: Glastrier|Icicle Crash|p1a: pscyhic sist3r\n|-damage|p1a: pscyhic sist3r|0 fnt\n|faint|p1a: pscyhic sist3r\n|-ability|p2b: Glastrier|Chilling Neigh|boost\n|-boost|p2b: Glastrier|atk|1\n|move|p1b: pscyhic sister|Calm Mind|p1b: pscyhic sister\n|-boost|p1b: pscyhic sister|spa|1\n|-boost|p1b: pscyhic sister|spd|1\n|\n|-heal|p1b: pscyhic sister|92\/100|[from] item: Leftovers\n|upkeep\n|\n|t:|1696471339\n|switch|p1a: <3|Murkrow, M|100\/100\n|turn|5\n|\n|t:|1696471360\n|move|p2a: Indeedee|Follow Me|p2a: Indeedee\n|-singleturn|p2a: Indeedee|move: Follow Me\n|move|p1a: <3|Psych Up|p2a: Indeedee\n|-activate|p2a: Indeedee|move: Psychic Terrain\n|cant|p2b: Glastrier|par\n|move|p1b: pscyhic sister|Calm Mind|p1b: pscyhic sister\n|-boost|p1b: pscyhic sister|spa|1\n|-boost|p1b: pscyhic sister|spd|1\n|\n|-heal|p1b: pscyhic sister|98\/100|[from] item: Leftovers\n|-fieldend|move: Trick Room\n|-fieldend|move: Psychic Terrain\n|upkeep\n|turn|6\n|\n|t:|1696471372\n|move|p1a: <3|Psych Up|p1b: pscyhic sister\n|-copyboost|p1a: <3|p1b: pscyhic sister|[from] move: Psych Up\n|move|p1b: pscyhic sister|Stored Power|p2a: Indeedee\n|-resisted|p2a: Indeedee\n|-damage|p2a: Indeedee|51\/100 par\n|move|p2b: Glastrier|Icicle Crash|p1a: <3\n|-supereffective|p1a: <3\n|-damage|p1a: <3|17\/100\n|move|p2a: Indeedee|Trick Room|p2a: Indeedee\n|-fieldstart|move: Trick Room|[of] p2a: Indeedee\n|\n|-heal|p1b: pscyhic sister|100\/100|[from] item: Leftovers\n|-heal|p1a: <3|23\/100|[from] item: Leftovers\n|upkeep\n|turn|7\n|\n|t:|1696471384\n|switch|p2a: Camerupt|Camerupt, F|100\/100\n|move|p1b: pscyhic sister|Follow Me|p1b: pscyhic sister\n|-singleturn|p1b: pscyhic sister|move: Follow Me\n|move|p2b: Glastrier|Icicle Crash|p1b: pscyhic sister\n|-resisted|p1b: pscyhic sister\n|-damage|p1b: pscyhic sister|94\/100\n|move|p1a: <3|Dark Pulse|p2a: Camerupt\n|-damage|p2a: Camerupt|45\/100\n|\n|-heal|p1b: pscyhic sister|99\/100|[from] item: Leftovers\n|-heal|p1a: <3|30\/100|[from] item: Leftovers\n|upkeep\n|turn|8\n|\n|t:|1696471402\n|detailschange|p2a: Camerupt|Camerupt-Mega, F\n|-mega|p2a: Camerupt|Camerupt|Cameruptite\n|-terastallize|p1b: pscyhic sister|Water\n|move|p2b: Glastrier|Icicle Crash|p1a: <3\n|-supereffective|p1a: <3\n|-damage|p1a: <3|0 fnt\n|faint|p1a: <3\n|-ability|p2b: Glastrier|Chilling Neigh|boost\n|-boost|p2b: Glastrier|atk|1\n|move|p2a: Camerupt|Earth Power|p1b: pscyhic sister\n|-crit|p1b: pscyhic sister\n|-damage|p1b: pscyhic sister|21\/100\n|move|p1b: pscyhic sister|Calm Mind|p1b: pscyhic sister\n|-boost|p1b: pscyhic sister|spa|1\n|-boost|p1b: pscyhic sister|spd|1\n|\n|-heal|p1b: pscyhic sister|27\/100|[from] item: Leftovers\n|upkeep\n|\n|t:|1696471417\n|switch|p1a: PieChu|Raichu, F|100\/100\n|turn|9\n|c|\u2606Kin+ak (\u2727\u2207\u2727)|YOO\n|\n|t:|1696471432\n|move|p1a: PieChu|Follow Me|p1a: PieChu\n|-singleturn|p1a: PieChu|move: Follow Me\n|move|p2b: Glastrier|Close Combat|p1a: PieChu\n|-crit|p1a: PieChu\n|-damage|p1a: PieChu|0 fnt\n|-unboost|p2b: Glastrier|def|1\n|-unboost|p2b: Glastrier|spd|1\n|faint|p1a: PieChu\n|-ability|p2b: Glastrier|Chilling Neigh|boost\n|-boost|p2b: Glastrier|atk|1\n|move|p2a: Camerupt|Earth Power|p1b: pscyhic sister\n|-damage|p1b: pscyhic sister|4\/100\n|move|p1b: pscyhic sister|Stored Power|p2a: Camerupt\n|-damage|p2a: Camerupt|0 fnt\n|faint|p2a: Camerupt\n|\n|-heal|p1b: pscyhic sister|10\/100|[from] item: Leftovers\n|upkeep\n|\n|t:|1696471448\n|switch|p2a: Ursaluna|Ursaluna, F|100\/100\n|switch|p1a: \u0190>|Conkeldurr, F|100\/100\n|turn|10\n|\n|t:|1696471458\n|-singleturn|p1a: \u0190>|move: Focus Punch\n|move|p2b: Glastrier|Close Combat|p1b: pscyhic sister\n|-damage|p1b: pscyhic sister|0 fnt\n|-unboost|p2b: Glastrier|def|1\n|-unboost|p2b: Glastrier|spd|1\n|faint|p1b: pscyhic sister\n|-ability|p2b: Glastrier|Chilling Neigh|boost\n|-boost|p2b: Glastrier|atk|1\n|move|p2a: Ursaluna|Headlong Rush|p1a: \u0190>\n|-damage|p1a: \u0190>|38\/100\n|-unboost|p2a: Ursaluna|def|1\n|-unboost|p2a: Ursaluna|spd|1\n|cant|p1a: \u0190>|Focus Punch|Focus Punch\n|\n|-fieldend|move: Trick Room\n|-status|p2a: Ursaluna|brn|[from] item: Flame Orb\n|upkeep\n|\n|t:|1696471472\n|switch|p1b: sOUR Sweet|Ribombee, F|100\/100\n|turn|11\n|\n|t:|1696471490\n|-singleturn|p1a: \u0190>|move: Focus Punch\n|move|p1b: sOUR Sweet|After You|p1a: \u0190>\n|-activate|p1a: \u0190>|move: After You\n|move|p1a: \u0190>|Focus Punch|p2a: Ursaluna\n|-supereffective|p2a: Ursaluna\n|-damage|p2a: Ursaluna|0 fnt\n|faint|p2a: Ursaluna\n|-damage|p1a: \u0190>|28\/100|[from] item: Life Orb\n|move|p2b: Glastrier|Icicle Crash|p1b: sOUR Sweet\n|-damage|p1b: sOUR Sweet|0 fnt\n|faint|p1b: sOUR Sweet\n|-ability|p2b: Glastrier|Chilling Neigh|boost\n|-boost|p2b: Glastrier|atk|1\n|\n|upkeep\n|\n|t:|1696471503\n|switch|p2a: Indeedee|Indeedee-F, F|51\/100 par\n|-fieldstart|move: Psychic Terrain|[from] ability: Psychic Surge|[of] p2a: Indeedee\n|turn|12\n|\n|t:|1696471507\n|move|p1a: \u0190>|Earthquake|p2b: Glastrier|[spread] p2a,p2b\n|-damage|p2a: Indeedee|0 fnt\n|-damage|p2b: Glastrier|47\/100 par\n|faint|p2a: Indeedee\n|-damage|p1a: \u0190>|18\/100|[from] item: Life Orb\n|move|p2b: Glastrier|Icicle Crash|p1a: \u0190>\n|-damage|p1a: \u0190>|0 fnt\n|faint|p1a: \u0190>\n|\n|win|Kin+ak (\u2727\u2207\u2727)\n|raw|Imsaf's rating: 1187 &rarr; <strong>1177<\/strong><br \/>(-10 for losing)\n|raw|Kin+ak (\u2727\u2207\u2727)'s rating: 1421 &rarr; <strong>1429<\/strong><br \/>(+8 for winning)\n|c|\u2606Imsaf|annoying crit\n|c|\u2606Kin+ak (\u2727\u2207\u2727)|Ye\n|c|\u2606Kin+ak (\u2727\u2207\u2727)|gg\n|l|\u2606Imsaf\n","uploadtime":1696471529,"views":9,"p1id":"imsaf","p2id":"kinak","formatid":"gen9nationaldexdoubles","rating":1177,"private":0,"password":""}