{"id":"gen9nationaldexdoubles-1968994517","p1":"AutumnCookie","p2":"cassinidivision","format":"[Gen 9] National Dex Doubles","log":"|j|\u2606AutumnCookie\n|j|\u2606cassinidivision\n|t:|1697481313\n|gametype|doubles\n|player|p1|AutumnCookie|penny|\n|player|p2|cassinidivision|giacomo|\n|teamsize|p1|6\n|teamsize|p2|6\n|gen|9\n|tier|[Gen 9] National Dex Doubles\n|rule|HP Percentage Mod: HP is shown in percentages\n|rule|Endless Battle Clause: Forcing endless battles is banned\n|rule|OHKO Clause: OHKO moves are banned\n|rule|Evasion Moves Clause: Evasion moves are banned\n|rule|Evasion Abilities Clause: Evasion abilities are banned\n|rule|Species Clause: Limit one of each Pok\u00e9mon\n|rule|Gravity Sleep Clause: The combination of sleep-inducing moves with imperfect accuracy and Gravity or Gigantamax Orbeetle are banned\n|clearpoke\n|poke|p1|Jolteon, F|\n|poke|p1|Vaporeon, F|\n|poke|p1|Flareon, F|\n|poke|p1|Leafeon, F|\n|poke|p1|Umbreon, M|\n|poke|p1|Sylveon, F|\n|poke|p2|Kingambit, M|\n|poke|p2|Honchkrow, M|\n|poke|p2|Weavile, M|\n|poke|p2|Krookodile, F|\n|poke|p2|Muk-Alola, F|\n|poke|p2|Umbreon, F|\n|teampreview\n|\n|t:|1697481331\n|start\n|switch|p1a: Umbreon|Umbreon, M|100\/100\n|switch|p1b: Flareon|Flareon, F|100\/100\n|switch|p2a: SAUCE|Muk-Alola, F|100\/100\n|switch|p2b: BIG BIRD|Honchkrow, M|100\/100\n|turn|1\n|\n|t:|1697481377\n|move|p2b: BIG BIRD|U-turn|p1a: Umbreon\n|-supereffective|p1a: Umbreon\n|-damage|p1a: Umbreon|64\/100\n|\n|t:|1697481387\n|switch|p2b: PASTRAMI|Krookodile, F|100\/100|[from] U-turn\n|move|p1b: Flareon|Facade|p2a: SAUCE\n|-damage|p2a: SAUCE|70\/100\n|move|p1a: Umbreon|Toxic|p1b: Flareon\n|-status|p1b: Flareon|tox\n|move|p2a: SAUCE|Substitute|p2a: SAUCE\n|-start|p2a: SAUCE|Substitute\n|-damage|p2a: SAUCE|45\/100\n|\n|-heal|p1a: Umbreon|71\/100|[from] item: Leftovers\n|-heal|p2a: SAUCE|51\/100|[from] item: Leftovers\n|-damage|p1b: Flareon|95\/100 tox|[from] psn\n|upkeep\n|turn|2\n|c|\u2606AutumnCookie|SPEED TIE CHOSE TO BE MEAN TO ME...\n|\n|t:|1697481420\n|switch|p1b: Vaporeon|Vaporeon, F|100\/100\n|move|p1a: Umbreon|Sucker Punch||[still]\n|-fail|p1a: Umbreon\n|move|p2b: PASTRAMI|Bulk Up|p2b: PASTRAMI\n|-boost|p2b: PASTRAMI|atk|1\n|-boost|p2b: PASTRAMI|def|1\n|move|p2a: SAUCE|Acid Armor|p2a: SAUCE\n|-boost|p2a: SAUCE|def|2\n|\n|-heal|p1a: Umbreon|77\/100|[from] item: Leftovers\n|-heal|p2a: SAUCE|57\/100|[from] item: Leftovers\n|upkeep\n|turn|3\n|\n|t:|1697481454\n|move|p2b: PASTRAMI|Darkest Lariat|p1b: Vaporeon\n|-damage|p1b: Vaporeon|40\/100\n|-damage|p2b: PASTRAMI|91\/100|[from] item: Life Orb\n|move|p1b: Vaporeon|Aqua Ring|p1b: Vaporeon\n|-start|p1b: Vaporeon|Aqua Ring\n|move|p1a: Umbreon|Toxic|p2b: PASTRAMI\n|-status|p2b: PASTRAMI|tox\n|move|p2a: SAUCE|Brick Break|p1a: Umbreon\n|-supereffective|p1a: Umbreon\n|-damage|p1a: Umbreon|47\/100\n|\n|-heal|p1a: Umbreon|53\/100|[from] item: Leftovers\n|-heal|p2a: SAUCE|63\/100|[from] item: Leftovers\n|-heal|p1b: Vaporeon|46\/100|[from] Aqua Ring\n|-damage|p2b: PASTRAMI|84\/100 tox|[from] psn\n|upkeep\n|turn|4\n|\n|t:|1697481528\n|switch|p1b: Leafeon|Leafeon, F|100\/100\n|move|p2b: PASTRAMI|Darkest Lariat|p1b: Leafeon\n|-damage|p1b: Leafeon|37\/100\n|-damage|p2b: PASTRAMI|75\/100 tox|[from] item: Life Orb\n|move|p1a: Umbreon|Foul Play|p2b: PASTRAMI\n|-resisted|p2b: PASTRAMI\n|-damage|p2b: PASTRAMI|47\/100 tox\n|move|p2a: SAUCE|Gunk Shot|p1a: Umbreon\n|-damage|p1a: Umbreon|16\/100\n|\n|-heal|p1a: Umbreon|22\/100|[from] item: Leftovers\n|-heal|p2a: SAUCE|69\/100|[from] item: Leftovers\n|-damage|p2b: PASTRAMI|35\/100 tox|[from] psn\n|upkeep\n|turn|5\n|\n|t:|1697481591\n|move|p1b: Leafeon|Protect|p1b: Leafeon\n|-singleturn|p1b: Leafeon|Protect\n|move|p2b: PASTRAMI|Darkest Lariat|p1b: Leafeon\n|-activate|p1b: Leafeon|move: Protect\n|move|p1a: Umbreon|Moonlight|p1a: Umbreon\n|-heal|p1a: Umbreon|72\/100\n|move|p2a: SAUCE|Gunk Shot|p1a: Umbreon\n|-damage|p1a: Umbreon|36\/100\n|\n|-heal|p1a: Umbreon|42\/100|[from] item: Leftovers\n|-heal|p2a: SAUCE|75\/100|[from] item: Leftovers\n|-damage|p2b: PASTRAMI|17\/100 tox|[from] psn\n|upkeep\n|turn|6\n|\n|t:|1697481616\n|move|p1b: Leafeon|Wish|p1b: Leafeon\n|move|p2b: PASTRAMI|Darkest Lariat|p1b: Leafeon\n|-damage|p1b: Leafeon|0 fnt\n|faint|p1b: Leafeon\n|-ability|p2b: PASTRAMI|Moxie|boost\n|-boost|p2b: PASTRAMI|atk|1\n|-damage|p2b: PASTRAMI|7\/100 tox|[from] item: Life Orb\n|move|p1a: Umbreon|Moonlight|p1a: Umbreon\n|-heal|p1a: Umbreon|92\/100\n|move|p2a: SAUCE|Gunk Shot|p1a: Umbreon\n|-damage|p1a: Umbreon|58\/100\n|-status|p1a: Umbreon|psn\n|-activate|p1a: Umbreon|ability: Synchronize\n|-immune|p2a: SAUCE\n|\n|-heal|p1a: Umbreon|64\/100 psn|[from] item: Leftovers\n|-heal|p2a: SAUCE|81\/100|[from] item: Leftovers\n|-damage|p2b: PASTRAMI|0 fnt|[from] psn\n|faint|p2b: PASTRAMI\n|-damage|p1a: Umbreon|52\/100 psn|[from] psn\n|upkeep\n|\n|t:|1697481645\n|switch|p1b: Vaporeon|Vaporeon, F|46\/100\n|switch|p2b: SLASHER|Weavile, M|100\/100\n|turn|7\n|\n|t:|1697481674\n|move|p2b: SLASHER|Fake Out|p1b: Vaporeon\n|-damage|p1b: Vaporeon|37\/100\n|move|p1a: Umbreon|Moonlight|p1a: Umbreon\n|-heal|p1a: Umbreon|100\/100 psn\n|cant|p1b: Vaporeon|flinch\n|move|p2a: SAUCE|Gunk Shot|p1b: Vaporeon\n|-damage|p1b: Vaporeon|6\/100\n|\n|-heal|p1b: Vaporeon|42\/100|[from] move: Wish|[wisher] Leafeon\n|-heal|p2a: SAUCE|87\/100|[from] item: Leftovers\n|-damage|p1a: Umbreon|88\/100 psn|[from] psn\n|upkeep\n|turn|8\n|\n|t:|1697481709\n|move|p2b: SLASHER|Icicle Crash|p1a: Umbreon\n|-damage|p1a: Umbreon|57\/100 psn\n|move|p1a: Umbreon|Toxic|p2b: SLASHER\n|-status|p2b: SLASHER|tox\n|move|p1b: Vaporeon|Acid Armor|p1b: Vaporeon\n|-boost|p1b: Vaporeon|def|2\n|move|p2a: SAUCE|Gunk Shot|p1b: Vaporeon\n|-damage|p1b: Vaporeon|26\/100\n|\n|-heal|p1a: Umbreon|63\/100 psn|[from] item: Leftovers\n|-heal|p2a: SAUCE|93\/100|[from] item: Leftovers\n|-damage|p2b: SLASHER|94\/100 tox|[from] psn\n|-damage|p1a: Umbreon|50\/100 psn|[from] psn\n|upkeep\n|turn|9\n|\n|t:|1697481734\n|move|p2b: SLASHER|Throat Chop|p1b: Vaporeon\n|-crit|p1b: Vaporeon\n|-damage|p1b: Vaporeon|0 fnt\n|faint|p1b: Vaporeon\n|move|p1a: Umbreon|Moonlight|p1a: Umbreon\n|-heal|p1a: Umbreon|100\/100 psn\n|move|p2a: SAUCE|Brick Break|p1a: Umbreon\n|-supereffective|p1a: Umbreon\n|-damage|p1a: Umbreon|73\/100 psn\n|\n|-heal|p1a: Umbreon|79\/100 psn|[from] item: Leftovers\n|-heal|p2a: SAUCE|99\/100|[from] item: Leftovers\n|-damage|p2b: SLASHER|82\/100 tox|[from] psn\n|-damage|p1a: Umbreon|66\/100 psn|[from] psn\n|upkeep\n|\n|t:|1697481773\n|switch|p1b: Jolteon|Jolteon, F|100\/100\n|turn|10\n|\n|t:|1697481792\n|move|p1a: Umbreon|Sucker Punch|p2a: SAUCE\n|-resisted|p2a: SAUCE\n|-activate|p2a: SAUCE|move: Substitute|[damage]\n|move|p1b: Jolteon|Calm Mind|p1b: Jolteon\n|-boost|p1b: Jolteon|spa|1\n|-boost|p1b: Jolteon|spd|1\n|move|p2b: SLASHER|Icicle Crash|p1b: Jolteon\n|-damage|p1b: Jolteon|16\/100\n|move|p2a: SAUCE|Gunk Shot|p1a: Umbreon\n|-damage|p1a: Umbreon|33\/100 psn\n|\n|-heal|p1a: Umbreon|39\/100 psn|[from] item: Leftovers\n|-heal|p2a: SAUCE|100\/100|[from] item: Leftovers\n|-damage|p2b: SLASHER|64\/100 tox|[from] psn\n|-damage|p1a: Umbreon|26\/100 psn|[from] psn\n|-status|p1b: Jolteon|brn|[from] item: Flame Orb\n|upkeep\n|turn|11\n|\n|t:|1697481835\n|move|p1b: Jolteon|Volt Switch|p2a: SAUCE\n|-end|p2a: SAUCE|Substitute\n|\n|t:|1697481842\n|switch|p1b: Flareon|Flareon, F|95\/100 tox|[from] Volt Switch\n|move|p2b: SLASHER|Icicle Crash|p1a: Umbreon\n|-damage|p1a: Umbreon|0 fnt\n|faint|p1a: Umbreon\n|move|p2a: SAUCE|Brick Break|p1b: Flareon\n|-damage|p1b: Flareon|66\/100 tox\n|\n|-heal|p1b: Flareon|72\/100 tox|[from] item: Leftovers\n|-damage|p2b: SLASHER|40\/100 tox|[from] psn\n|-damage|p1b: Flareon|66\/100 tox|[from] psn\n|upkeep\n|\n|t:|1697481857\n|switch|p1a: Sylveon|Sylveon, F|100\/100\n|turn|12\n|\n|t:|1697481870\n|move|p2b: SLASHER|Throat Chop|p1b: Flareon\n|-damage|p1b: Flareon|3\/100 tox\n|-start|p1b: Flareon|Throat Chop|[silent]\n|move|p1b: Flareon|Facade|p2a: SAUCE\n|-damage|p2a: SAUCE|58\/100\n|move|p1a: Sylveon|Substitute|p1a: Sylveon\n|-start|p1a: Sylveon|Substitute\n|-damage|p1a: Sylveon|76\/100\n|move|p2a: SAUCE|Gunk Shot|p1a: Sylveon\n|-supereffective|p1a: Sylveon\n|-end|p1a: Sylveon|Substitute\n|\n|-heal|p1b: Flareon|9\/100 tox|[from] item: Leftovers\n|-heal|p2a: SAUCE|64\/100|[from] item: Leftovers\n|-damage|p2b: SLASHER|10\/100 tox|[from] psn\n|-damage|p1b: Flareon|0 fnt|[from] psn\n|faint|p1b: Flareon\n|upkeep\n|\n|t:|1697481889\n|switch|p1b: Jolteon|Jolteon, F|16\/100 brn\n|turn|13\n|\n|t:|1697481904\n|move|p1b: Jolteon|Signal Beam|p2a: SAUCE\n|-damage|p2a: SAUCE|50\/100\n|move|p2b: SLASHER|Icicle Crash|p1a: Sylveon\n|-damage|p1a: Sylveon|24\/100\n|cant|p1a: Sylveon|flinch\n|move|p2a: SAUCE|Brick Break|p1b: Jolteon\n|-damage|p1b: Jolteon|0 fnt\n|faint|p1b: Jolteon\n|\n|-heal|p2a: SAUCE|56\/100|[from] item: Leftovers\n|-damage|p2b: SLASHER|0 fnt|[from] psn\n|faint|p2b: SLASHER\n|upkeep\n|c|\u2606AutumnCookie|THE FLINCH\n|\n|t:|1697481919\n|switch|p2b: BIG BIRD|Honchkrow, M|100\/100\n|turn|14\n|c|\u2606cassinidivision|HA\n|\n|t:|1697481941\n|-terastallize|p1a: Sylveon|Fire\n|move|p2b: BIG BIRD|Sucker Punch||[still]\n|-fail|p2b: BIG BIRD\n|move|p1a: Sylveon|Wish|p1a: Sylveon\n|move|p2a: SAUCE|Gunk Shot|p1a: Sylveon|[miss]\n|-miss|p2a: SAUCE|p1a: Sylveon\n|\n|-heal|p2a: SAUCE|62\/100|[from] item: Leftovers\n|upkeep\n|turn|15\n|\n|t:|1697481970\n|move|p2b: BIG BIRD|Air Slash|p1a: Sylveon\n|-damage|p1a: Sylveon|0 fnt\n|faint|p1a: Sylveon\n|\n|win|cassinidivision\n|c|\u2606cassinidivision|gg\n|c|\u2606AutumnCookie|DAMN\n|c|\u2606cassinidivision|hehe\n|c|\u2606AutumnCookie|Sylveon might've been able to sweep if it weren't for the flinch tbh\n|c|\u2606cassinidivision|yknow\n|c|\u2606cassinidivision|last time these two battled giacomo was still probably quite weak\n|c|\u2606AutumnCookie|YEAH...\n","uploadtime":1697482004,"views":8,"p1id":"autumncookie","p2id":"cassinidivision","formatid":"gen9nationaldexdoubles","rating":0,"private":0,"password":""}