{"id":"gen9nationaldexdoubles-1983395272","p1":"Team noxious","p2":"fumbari 24","format":"[Gen 9] National Dex Doubles","log":"|j|\u2606Team noxious\n|j|\u2606fumbari 24\n|t:|1699125606\n|gametype|doubles\n|player|p1|Team noxious|blue|1121\n|player|p2|fumbari 24|hilbert|1442\n|teamsize|p1|6\n|teamsize|p2|6\n|gen|9\n|tier|[Gen 9] National Dex Doubles\n|rated|\n|rule|HP Percentage Mod: HP is shown in percentages\n|rule|Endless Battle Clause: Forcing endless battles is banned\n|rule|OHKO Clause: OHKO moves are banned\n|rule|Evasion Moves Clause: Evasion moves are banned\n|rule|Evasion Abilities Clause: Evasion abilities are banned\n|rule|Species Clause: Limit one of each Pok\u00e9mon\n|rule|Gravity Sleep Clause: The combination of sleep-inducing moves with imperfect accuracy and Gravity or Gigantamax Orbeetle are banned\n|clearpoke\n|poke|p1|Kommo-o, F|\n|poke|p1|Sylveon, M|\n|poke|p1|Sinistcha-Masterpiece|\n|poke|p1|Obstagoon, M|\n|poke|p1|Sableye, F|\n|poke|p1|Ursaluna, F|\n|poke|p2|Enamorus, F|\n|poke|p2|Tapu Koko|\n|poke|p2|Sableye, M|\n|poke|p2|Wyrdeer, M|\n|poke|p2|Heracross, M|\n|poke|p2|Gastrodon, M|\n|teampreview\n|\n|t:|1699125617\n|start\n|switch|p1a: colegate|Obstagoon, M, shiny|100\/100\n|switch|p1b: GOLD|Sableye, F, shiny|100\/100\n|switch|p2a: Genbu|Enamorus, F|100\/100\n|switch|p2b: Tapu Koko|Tapu Koko, shiny|100\/100\n|-fieldstart|move: Electric Terrain|[from] ability: Electric Surge|[of] p2b: Tapu Koko\n|turn|1\n|inactive|Battle timer is ON: inactive players will automatically lose when time's up. (requested by fumbari 24)\n|\n|t:|1699125635\n|move|p1b: GOLD|Will-O-Wisp|p1a: colegate\n|-status|p1a: colegate|brn\n|-zpower|p2b: Tapu Koko\n|move|p2b: Tapu Koko|Twinkle Tackle|p1a: colegate|[zeffect]\n|-supereffective|p1a: colegate\n|-damage|p1a: colegate|0 fnt\n|faint|p1a: colegate\n|move|p2a: Genbu|Dazzling Gleam|p1b: GOLD\n|-supereffective|p1b: GOLD\n|-enditem|p1b: GOLD|Focus Sash\n|-damage|p1b: GOLD|1\/100\n|\n|upkeep\n|\n|t:|1699125647\n|switch|p1a: feddy|Ursaluna, F, shiny|100\/100\n|turn|2\n|\n|t:|1699125657\n|move|p1b: GOLD|Will-O-Wisp|p1a: feddy\n|-status|p1a: feddy|brn\n|move|p2b: Tapu Koko|Eerie Impulse|p2a: Genbu\n|-boost|p2a: Genbu|spa|2\n|move|p2a: Genbu|Dazzling Gleam|p1b: GOLD|[spread] p1a,p1b\n|-supereffective|p1b: GOLD\n|-crit|p1b: GOLD\n|-damage|p1a: feddy|68\/100 brn\n|-damage|p1b: GOLD|0 fnt\n|faint|p1b: GOLD\n|move|p1a: feddy|Earthquake|p2b: Tapu Koko|[spread] p2b\n|-immune|p2a: Genbu\n|-supereffective|p2b: Tapu Koko\n|-damage|p2b: Tapu Koko|0 fnt\n|faint|p2b: Tapu Koko\n|\n|-damage|p1a: feddy|62\/100 brn|[from] brn\n|upkeep\n|j| Toxic Ariados\n|l| Toxic Ariados\n|inactive|fumbari 24 has 120 seconds left.\n|\n|t:|1699125703\n|switch|p2b: Yami|Sableye, M|100\/100\n|switch|p1b: i am a dude|Sylveon, M, shiny|100\/100\n|turn|3\n|c|\u2606fumbari 24|how could you burn obstagoon\n|inactive|fumbari 24 has 120 seconds left.\n|c|\u2606Team noxious|guts\n|\n|t:|1699125732\n|move|p2b: Yami|Fake Out|p1a: feddy\n|-damage|p1a: feddy|57\/100 brn\n|move|p2a: Genbu|Dazzling Gleam|p1b: i am a dude|[spread] p1a,p1b\n|-damage|p1a: feddy|19\/100 brn\n|-damage|p1b: i am a dude|57\/100\n|move|p1b: i am a dude|Psych Up|p2a: Genbu\n|-copyboost|p1b: i am a dude|p2a: Genbu|[from] move: Psych Up\n|cant|p1a: feddy|flinch\n|\n|-heal|p1b: i am a dude|63\/100|[from] item: Leftovers\n|-damage|p1a: feddy|13\/100 brn|[from] brn\n|upkeep\n|turn|4\n|c|\u2606fumbari 24|No, i said how?\n|inactive|fumbari 24 has 120 seconds left.\n|c|\u2606Team noxious|prankster\n|c|\u2606fumbari 24|Because prankster dont affect dark type\n|c|\u2606Team noxious|will o wisp\n|inactive|Team noxious has 120 seconds left.\n|c|\u2606Team noxious|oh thats only from enemys\n|\n|t:|1699125780\n|move|p2b: Yami|Encore|p1b: i am a dude\n|-start|p1b: i am a dude|Encore\n|move|p2a: Genbu|Dazzling Gleam|p1b: i am a dude|[spread] p1a,p1b\n|-crit|p1b: i am a dude\n|-damage|p1a: feddy|0 fnt\n|-damage|p1b: i am a dude|0 fnt\n|faint|p1a: feddy\n|faint|p1b: i am a dude\n|\n|upkeep\n|\n|t:|1699125786\n|switch|p1b: heroes never die|Sinistcha-Masterpiece, shiny|100\/100\n|switch|p1a: Pink limeaid|Kommo-o, F, shiny|100\/100\n|turn|5\n|inactive|Team noxious has 120 seconds left.\n|inactive|fumbari 24 has 120 seconds left.\n|\n|t:|1699125802\n|-terastallize|p1a: Pink limeaid|Steel\n|move|p2b: Yami|Will-O-Wisp|p1a: Pink limeaid\n|-status|p1a: Pink limeaid|brn\n|move|p2a: Genbu|Dazzling Gleam|p1a: Pink limeaid|[spread] p1a,p1b\n|-resisted|p1a: Pink limeaid\n|-damage|p1a: Pink limeaid|71\/100 brn\n|-damage|p1b: heroes never die|47\/100\n|-enditem|p1b: heroes never die|Sitrus Berry|[eat]\n|-heal|p1b: heroes never die|72\/100|[from] item: Sitrus Berry\n|move|p1a: Pink limeaid|Flash Cannon|p2a: Genbu\n|-supereffective|p2a: Genbu\n|-damage|p2a: Genbu|26\/100\n|move|p1b: heroes never die|Matcha Gotcha|p2b: Yami|[spread] p2a,p2b\n|-resisted|p2a: Genbu\n|-damage|p2a: Genbu|12\/100\n|-heal|p1b: heroes never die|80\/100|[from] drain|[of] p2a: Genbu\n|-damage|p2b: Yami|68\/100\n|-heal|p1b: heroes never die|94\/100|[from] drain|[of] p2b: Yami\n|-status|p2b: Yami|brn\n|\n|-heal|p2a: Genbu|18\/100|[from] item: Leftovers\n|-damage|p1a: Pink limeaid|65\/100 brn|[from] brn\n|-damage|p2b: Yami|62\/100 brn|[from] brn\n|-fieldend|move: Electric Terrain\n|upkeep\n|turn|6\n|inactive|Team noxious has 120 seconds left.\n|inactive|fumbari 24 has 120 seconds left.\n|\n|t:|1699125832\n|move|p1b: heroes never die|Rage Powder|p1b: heroes never die\n|-singleturn|p1b: heroes never die|move: Rage Powder\n|move|p2b: Yami|Will-O-Wisp|p1b: heroes never die\n|-status|p1b: heroes never die|brn\n|move|p2a: Genbu|Earth Power|p1b: heroes never die\n|-resisted|p1b: heroes never die\n|-crit|p1b: heroes never die\n|-damage|p1b: heroes never die|53\/100 brn\n|move|p1a: Pink limeaid|Flash Cannon|p2a: Genbu\n|-supereffective|p2a: Genbu\n|-damage|p2a: Genbu|0 fnt\n|faint|p2a: Genbu\n|\n|-damage|p1a: Pink limeaid|59\/100 brn|[from] brn\n|-damage|p1b: heroes never die|47\/100 brn|[from] brn\n|-damage|p2b: Yami|55\/100 brn|[from] brn\n|upkeep\n|\n|t:|1699125841\n|switch|p2a: Stoick|Wyrdeer, M|100\/100\n|-ability|p2a: Stoick|Intimidate|boost\n|-unboost|p1a: Pink limeaid|atk|1\n|-unboost|p1b: heroes never die|atk|1\n|turn|7\n|inactive|fumbari 24 has 120 seconds left.\n|\n|t:|1699125861\n|move|p2b: Yami|Encore|p1b: heroes never die\n|-start|p1b: heroes never die|Encore\n|move|p1a: Pink limeaid|Clangorous Soul|p1a: Pink limeaid\n|-boost|p1a: Pink limeaid|atk|1\n|-boost|p1a: Pink limeaid|def|1\n|-boost|p1a: Pink limeaid|spa|1\n|-boost|p1a: Pink limeaid|spd|1\n|-boost|p1a: Pink limeaid|spe|1\n|-damage|p1a: Pink limeaid|27\/100 brn\n|-enditem|p1a: Pink limeaid|Throat Spray\n|-boost|p1a: Pink limeaid|spa|1|[from] item: Throat Spray\n|move|p1b: heroes never die|Rage Powder|p1b: heroes never die\n|-singleturn|p1b: heroes never die|move: Rage Powder\n|move|p2a: Stoick|Psyshield Bash|p1b: heroes never die\n|-damage|p1b: heroes never die|24\/100 brn\n|-boost|p2a: Stoick|def|1\n|\n|-damage|p1a: Pink limeaid|20\/100 brn|[from] brn\n|-damage|p1b: heroes never die|18\/100 brn|[from] brn\n|-damage|p2b: Yami|49\/100 brn|[from] brn\n|upkeep\n|-enditem|p2b: Yami|Sitrus Berry|[eat]\n|-heal|p2b: Yami|74\/100 brn|[from] item: Sitrus Berry\n|turn|8\n|\n|t:|1699125880\n|move|p1b: heroes never die|Rage Powder|p1b: heroes never die\n|-singleturn|p1b: heroes never die|move: Rage Powder\n|move|p2b: Yami|Encore||[still]\n|-fail|p2b: Yami\n|move|p1a: Pink limeaid|Clanging Scales|p2b: Yami|[spread] p2a,p2b\n|-damage|p2a: Stoick|46\/100\n|-damage|p2b: Yami|0 fnt\n|faint|p2b: Yami\n|-unboost|p1a: Pink limeaid|def|1\n|move|p2a: Stoick|Trick Room|p2a: Stoick\n|-fieldstart|move: Trick Room|[of] p2a: Stoick\n|\n|-damage|p1b: heroes never die|12\/100 brn|[from] brn\n|-damage|p1a: Pink limeaid|14\/100 brn|[from] brn\n|upkeep\n|\n|t:|1699125893\n|switch|p2b: Shelldon|Gastrodon, M|100\/100\n|turn|9\n|\n|t:|1699125903\n|move|p1b: heroes never die|Rage Powder|p1b: heroes never die\n|-singleturn|p1b: heroes never die|move: Rage Powder\n|move|p2b: Shelldon|Earth Power|p1b: heroes never die\n|-resisted|p1b: heroes never die\n|-damage|p1b: heroes never die|0 fnt\n|faint|p1b: heroes never die\n|move|p2a: Stoick|Psyshield Bash|p1a: Pink limeaid\n|-resisted|p1a: Pink limeaid\n|-damage|p1a: Pink limeaid|5\/100 brn\n|-boost|p2a: Stoick|def|1\n|move|p1a: Pink limeaid|Clanging Scales|p2a: Stoick|[spread] p2a,p2b\n|-damage|p2a: Stoick|0 fnt\n|-damage|p2b: Shelldon|40\/100\n|faint|p2a: Stoick\n|-unboost|p1a: Pink limeaid|def|1\n|\n|-damage|p1a: Pink limeaid|0 fnt|[from] brn\n|faint|p1a: Pink limeaid\n|\n|win|fumbari 24\n|upkeep\n|raw|Team noxious's rating: 1121 &rarr; <strong>1114<\/strong><br \/>(-7 for losing)\n|raw|fumbari 24's rating: 1442 &rarr; <strong>1447<\/strong><br \/>(+5 for winning)\n|c|\u2606Team noxious|gg\n|l|\u2606Team noxious\n","uploadtime":1699125923,"views":11,"p1id":"teamnoxious","p2id":"fumbari24","formatid":"gen9nationaldexdoubles","rating":1114,"private":0,"password":""}