{"id":"gen9nationaldexdoubles-1954087580","p1":"El_Gran_Wigglytuff","p2":"Leviatan4","format":"[Gen 9] National Dex Doubles","log":"|j|\u2606El_Gran_Wigglytuff\n|j|\u2606Leviatan4\n|t:|1695852439\n|gametype|doubles\n|player|p1|El_Gran_Wigglytuff|benga|\n|player|p2|Leviatan4|scientist-gen4dp|\n|teamsize|p1|6\n|teamsize|p2|6\n|gen|9\n|tier|[Gen 9] National Dex Doubles\n|rule|HP Percentage Mod: HP is shown in percentages\n|rule|Endless Battle Clause: Forcing endless battles is banned\n|rule|OHKO Clause: OHKO moves are banned\n|rule|Evasion Moves Clause: Evasion moves are banned\n|rule|Evasion Abilities Clause: Evasion abilities are banned\n|rule|Species Clause: Limit one of each Pok\u00e9mon\n|rule|Gravity Sleep Clause: The combination of sleep-inducing moves with imperfect accuracy and Gravity or Gigantamax Orbeetle are banned\n|clearpoke\n|poke|p1|Basculegion-F, F|\n|poke|p1|Pelipper, M|\n|poke|p1|Ogerpon-Wellspring, F|\n|poke|p1|Walking Wake|\n|poke|p1|Palafin, M|\n|poke|p1|Swampert, M|\n|poke|p2|Scizor, M|\n|poke|p2|Lokix, F|\n|poke|p2|Volcarona, M|\n|poke|p2|Forretress, F|\n|poke|p2|Heracross, F|\n|poke|p2|Yanmega, F|\n|teampreview\n|j| XMarcosPr710\n|\n|t:|1695852453\n|start\n|switch|p1a: Pelipper|Pelipper, M|100\/100\n|switch|p1b: Palafin|Palafin, M|100\/100\n|switch|p2a: Ra|Volcarona, M, shiny|100\/100\n|switch|p2b: Yanmega|Yanmega, F|100\/100\n|-weather|RainDance|[from] ability: Drizzle|[of] p1a: Pelipper\n|turn|1\n|\n|t:|1695852490\n|detailschange|p1b: Palafin|Palafin-Hero, M\n|switch|p1b: Walking Wake|Walking Wake|100\/100\n|move|p2a: Ra|Giga Drain|p1b: Walking Wake\n|-damage|p1b: Walking Wake|64\/100\n|move|p2b: Yanmega|Psychic|p1a: Pelipper\n|-damage|p1a: Pelipper|57\/100\n|move|p1a: Pelipper|Hurricane|p2b: Yanmega\n|-supereffective|p2b: Yanmega\n|-damage|p2b: Yanmega|0 fnt\n|faint|p2b: Yanmega\n|\n|-weather|RainDance|[upkeep]\n|upkeep\n|\n|t:|1695852504\n|switch|p2b: Flash|Lokix, F|100\/100\n|turn|2\n|\n|t:|1695852534\n|-end|p1b: Walking Wake|Protosynthesis|[silent]\n|switch|p1b: Basculegion|Basculegion-F, F|100\/100\n|move|p2b: Flash|Sucker Punch|p1a: Pelipper\n|-damage|p1a: Pelipper|27\/100\n|-damage|p2b: Flash|91\/100|[from] item: Life Orb\n|move|p2a: Ra|Giga Drain|p1a: Pelipper\n|-damage|p1a: Pelipper|0 fnt\n|faint|p1a: Pelipper\n|\n|-weather|RainDance|[upkeep]\n|upkeep\n|\n|t:|1695852546\n|switch|p1a: Palafin|Palafin-Hero, M|100\/100\n|-activate|p1a: Palafin|ability: Zero to Hero\n|turn|3\n|c| XMarcosPr710|Bluff que dices de inalcanzable\n|c| XMarcosPr710|Si es jugador de lluvia promedio B)\n|\n|t:|1695852572\n|move|p1a: Palafin|Jet Punch|p2a: Ra\n|-supereffective|p2a: Ra\n|-damage|p2a: Ra|0 fnt\n|faint|p2a: Ra\n|move|p1b: Basculegion|Liquidation|p2b: Flash\n|-damage|p2b: Flash|0 fnt\n|faint|p2b: Flash\n|\n|-weather|RainDance|[upkeep]\n|upkeep\n|\n|t:|1695852586\n|switch|p2b: Strength|Heracross, F|100\/100\n|switch|p2a: Cannonball|Forretress, F|100\/100\n|turn|4\n|\n|t:|1695852625\n|-terastallize|p2b: Strength|Fighting\n|move|p1a: Palafin|Jet Punch|p2b: Strength\n|-crit|p2b: Strength\n|-damage|p2b: Strength|0 fnt\n|faint|p2b: Strength\n|move|p1b: Basculegion|Liquidation|p2a: Cannonball\n|-damage|p2a: Cannonball|47\/100\n|move|p2a: Cannonball|Spikes|p1b: Basculegion\n|-sidestart|p1: El_Gran_Wigglytuff|Spikes\n|\n|-weather|RainDance|[upkeep]\n|upkeep\n|\n|t:|1695852636\n|switch|p2b: New One|Scizor, M|100\/100\n|turn|5\n|\n|t:|1695852654\n|detailschange|p2b: New One|Scizor-Mega, M\n|-mega|p2b: New One|Scizor|Scizorite\n|-terastallize|p1a: Palafin|Water\n|move|p1a: Palafin|Jet Punch|p2b: New One\n|-damage|p2b: New One|42\/100\n|move|p2b: New One|Bullet Punch|p1a: Palafin\n|-resisted|p1a: Palafin\n|-damage|p1a: Palafin|82\/100\n|move|p1b: Basculegion|Liquidation|p2a: Cannonball\n|-damage|p2a: Cannonball|0 fnt\n|faint|p2a: Cannonball\n|\n|-weather|RainDance|[upkeep]\n|-heal|p1a: Palafin|88\/100|[from] item: Leftovers\n|upkeep\n|turn|6\n|\n|t:|1695852671\n|move|p1a: Palafin|Jet Punch|p2b: New One\n|-damage|p2b: New One|0 fnt\n|faint|p2b: New One\n|\n|win|El_Gran_Wigglytuff\n","uploadtime":1695852675,"views":8,"p1id":"elgranwigglytuff","p2id":"leviatan4","formatid":"gen9nationaldexdoubles","rating":0,"private":0,"password":""}