{"id":"gen9nationaldexdoubles-1948766482","p1":"crabbycrab112233","p2":"El Ryuk456","format":"[Gen 9] National Dex Doubles","log":"|j|\u2606crabbycrab112233\n|j|\u2606El Ryuk456\n|t:|1695300975\n|gametype|doubles\n|player|p1|crabbycrab112233|lucas-gen4pt|1000\n|player|p2|El Ryuk456|blaine|1273\n|teamsize|p1|6\n|teamsize|p2|6\n|gen|9\n|tier|[Gen 9] National Dex Doubles\n|rated|\n|rule|HP Percentage Mod: HP is shown in percentages\n|rule|Endless Battle Clause: Forcing endless battles is banned\n|rule|OHKO Clause: OHKO moves are banned\n|rule|Evasion Moves Clause: Evasion moves are banned\n|rule|Evasion Abilities Clause: Evasion abilities are banned\n|rule|Species Clause: Limit one of each Pok\u00e9mon\n|rule|Gravity Sleep Clause: The combination of sleep-inducing moves with imperfect accuracy and Gravity or Gigantamax Orbeetle are banned\n|clearpoke\n|poke|p1|Gliscor, F|\n|poke|p1|Ditto|\n|poke|p1|Baxcalibur, F|\n|poke|p1|Sceptile, F|\n|poke|p1|Maushold-Four|\n|poke|p1|Slowbro, F|\n|poke|p2|Charizard, M|\n|poke|p2|Blastoise, M|\n|poke|p2|Pikachu, M|\n|poke|p2|Meowscarada, M|\n|poke|p2|Ursaluna-Bloodmoon, M|\n|poke|p2|Gardevoir, F|\n|teampreview\n|inactive|Battle timer is ON: inactive players will automatically lose when time's up. (requested by El Ryuk456)\n|\n|t:|1695300985\n|start\n|switch|p1a: Ditto|Ditto|100\/100\n|switch|p1b: Sceptile|Sceptile, F|100\/100\n|switch|p2a: Charizard|Charizard, M|100\/100\n|switch|p2b: Harbor|Blastoise, M|100\/100\n|-transform|p1a: Ditto|p2b: Harbor|[from] ability: Imposter\n|turn|1\n|\n|t:|1695301006\n|detailschange|p2a: Charizard|Charizard-Mega-X, M\n|-mega|p2a: Charizard|Charizard|Charizardite X\n|move|p2b: Harbor|Fake Out|p1b: Sceptile\n|-damage|p1b: Sceptile|89\/100\n|cant|p1b: Sceptile|flinch\n|move|p2a: Charizard|Flare Blitz|p1b: Sceptile\n|-supereffective|p1b: Sceptile\n|-damage|p1b: Sceptile|0 fnt\n|faint|p1b: Sceptile\n|-damage|p2a: Charizard|77\/100|[from] Recoil\n|move|p1a: Ditto|Scald|p2a: Charizard\n|-damage|p2a: Charizard|49\/100\n|\n|upkeep\n|inactive|crabbycrab112233 has 120 seconds left.\n|\n|t:|1695301021\n|switch|p1b: Baxcalibur|Baxcalibur, F|100\/100\n|turn|2\n|inactive|crabbycrab112233 has 120 seconds left.\n|\n|t:|1695301047\n|move|p2a: Charizard|Protect|p2a: Charizard\n|-singleturn|p2a: Charizard|Protect\n|move|p1b: Baxcalibur|Scale Shot|p2a: Charizard\n|-activate|p2a: Charizard|move: Protect\n|move|p1a: Ditto|Icy Wind|p2a: Charizard|[spread] p2b\n|-activate|p2a: Charizard|move: Protect\n|-resisted|p2b: Harbor\n|-damage|p2b: Harbor|97\/100\n|-unboost|p2b: Harbor|spe|1\n|move|p2b: Harbor|Icy Wind|p1a: Ditto|[spread] p1a\n|-miss|p2b: Harbor|p1b: Baxcalibur\n|-resisted|p1a: Ditto\n|-damage|p1a: Ditto|96\/100\n|-unboost|p1a: Ditto|spe|1\n|\n|-heal|p1a: Ditto|100\/100|[from] item: Leftovers\n|-heal|p2b: Harbor|100\/100|[from] item: Leftovers\n|upkeep\n|turn|3\n|inactive|crabbycrab112233 has 120 seconds left.\n|\n|t:|1695301076\n|move|p2a: Charizard|Flare Blitz|p1b: Baxcalibur\n|-damage|p1b: Baxcalibur|35\/100\n|-ability|p1b: Baxcalibur|Thermal Exchange|boost\n|-boost|p1b: Baxcalibur|atk|1\n|-damage|p2a: Charizard|27\/100|[from] Recoil\n|move|p1b: Baxcalibur|Icicle Spear|p2b: Harbor\n|-resisted|p2b: Harbor\n|-damage|p2b: Harbor|92\/100\n|-resisted|p2b: Harbor\n|-damage|p2b: Harbor|82\/100\n|-resisted|p2b: Harbor\n|-damage|p2b: Harbor|74\/100\n|-resisted|p2b: Harbor\n|-damage|p2b: Harbor|65\/100\n|-resisted|p2b: Harbor\n|-damage|p2b: Harbor|56\/100\n|-hitcount|p2b: Harbor|5\n|move|p1a: Ditto|Icy Wind|p2b: Harbor|[spread] p2a,p2b\n|-resisted|p2b: Harbor\n|-damage|p2a: Charizard|17\/100\n|-damage|p2b: Harbor|53\/100\n|-unboost|p2a: Charizard|spe|1\n|-unboost|p2b: Harbor|spe|1\n|move|p2b: Harbor|Icy Wind|p1b: Baxcalibur|[spread] p1a,p1b\n|-resisted|p1a: Ditto\n|-crit|p1b: Baxcalibur\n|-damage|p1a: Ditto|97\/100\n|-damage|p1b: Baxcalibur|22\/100\n|-unboost|p1a: Ditto|spe|1\n|-unboost|p1b: Baxcalibur|spe|1\n|\n|-heal|p1a: Ditto|100\/100|[from] item: Leftovers\n|-heal|p2b: Harbor|59\/100|[from] item: Leftovers\n|upkeep\n|turn|4\n|inactive|crabbycrab112233 has 120 seconds left.\n|\n|t:|1695301106\n|move|p1b: Baxcalibur|Protect|p1b: Baxcalibur\n|-singleturn|p1b: Baxcalibur|Protect\n|move|p1a: Ditto|Protect|p1a: Ditto\n|-singleturn|p1a: Ditto|Protect\n|move|p2a: Charizard|Thunder Punch|p1b: Baxcalibur\n|-activate|p1b: Baxcalibur|move: Protect\n|move|p2b: Harbor|Icy Wind|p1b: Baxcalibur|[spread] \n|-activate|p1a: Ditto|move: Protect\n|-activate|p1b: Baxcalibur|move: Protect\n|\n|-heal|p2b: Harbor|65\/100|[from] item: Leftovers\n|upkeep\n|turn|5\n|\n|t:|1695301127\n|move|p2a: Charizard|Flare Blitz|p1b: Baxcalibur\n|-damage|p1b: Baxcalibur|0 fnt\n|faint|p1b: Baxcalibur\n|-damage|p2a: Charizard|10\/100|[from] Recoil\n|move|p2b: Harbor|Icy Wind|p1a: Ditto\n|-resisted|p1a: Ditto\n|-damage|p1a: Ditto|96\/100\n|-unboost|p1a: Ditto|spe|1\n|move|p1a: Ditto|Icy Wind|p2b: Harbor|[spread] p2b\n|-miss|p1a: Ditto|p2a: Charizard\n|-resisted|p2b: Harbor\n|-damage|p2b: Harbor|62\/100\n|-unboost|p2b: Harbor|spe|1\n|\n|-heal|p1a: Ditto|100\/100|[from] item: Leftovers\n|-heal|p2b: Harbor|68\/100|[from] item: Leftovers\n|upkeep\n|inactive|crabbycrab112233 has 120 seconds left.\n|\n|t:|1695301145\n|switch|p1b: Gliscor|Gliscor, F|100\/100\n|turn|6\n|\n|t:|1695301167\n|move|p2a: Charizard|Protect|p2a: Charizard\n|-singleturn|p2a: Charizard|Protect\n|move|p1b: Gliscor|High Horsepower|p2a: Charizard\n|-activate|p2a: Charizard|move: Protect\n|move|p1a: Ditto|Scald|p2b: Harbor\n|-resisted|p2b: Harbor\n|-damage|p2b: Harbor|60\/100\n|-status|p2b: Harbor|brn\n|move|p2b: Harbor|Icy Wind|p1b: Gliscor|[spread] p1a,p1b\n|-resisted|p1a: Ditto\n|-supereffective|p1b: Gliscor\n|-damage|p1a: Ditto|97\/100\n|-damage|p1b: Gliscor|50\/100\n|-unboost|p1a: Ditto|spe|1\n|-unboost|p1b: Gliscor|spe|1\n|\n|-heal|p2b: Harbor|66\/100 brn|[from] item: Leftovers\n|-heal|p1a: Ditto|100\/100|[from] item: Leftovers\n|-damage|p2b: Harbor|60\/100 brn|[from] brn\n|-status|p1b: Gliscor|tox|[from] item: Toxic Orb\n|upkeep\n|turn|7\n|inactive|crabbycrab112233 has 120 seconds left.\n|inactive|El Ryuk456 has 120 seconds left.\n|\n|t:|1695301203\n|switch|p2a: Ursaluna|Ursaluna-Bloodmoon, M|100\/100\n|move|p1b: Gliscor|Dual Wingbeat|p2b: Harbor\n|-damage|p2b: Harbor|45\/100 brn\n|-damage|p2b: Harbor|32\/100 brn\n|-hitcount|p2b: Harbor|2\n|move|p2b: Harbor|Scald|p1b: Gliscor\n|-supereffective|p1b: Gliscor\n|-damage|p1b: Gliscor|0 fnt\n|faint|p1b: Gliscor\n|move|p1a: Ditto|Icy Wind|p2b: Harbor|[spread] p2a,p2b\n|-supereffective|p2a: Ursaluna\n|-resisted|p2b: Harbor\n|-damage|p2a: Ursaluna|84\/100\n|-damage|p2b: Harbor|29\/100 brn\n|-unboost|p2a: Ursaluna|spe|1\n|-unboost|p2b: Harbor|spe|1\n|\n|-heal|p2b: Harbor|35\/100 brn|[from] item: Leftovers\n|-damage|p2b: Harbor|29\/100 brn|[from] brn\n|upkeep\n|inactive|crabbycrab112233 has 120 seconds left.\n|\n|t:|1695301221\n|switch|p1b: Maushold|Maushold-Four|100\/100\n|turn|8\n|\n|t:|1695301234\n|switch|p1a: Slowbro|Slowbro, F|100\/100\n|-terastallize|p2a: Ursaluna|Normal\n|move|p1b: Maushold|Population Bomb|p2a: Ursaluna\n|-damage|p2a: Ursaluna|75\/100\n|-damage|p2a: Ursaluna|66\/100\n|-damage|p2a: Ursaluna|57\/100\n|-damage|p2a: Ursaluna|48\/100\n|-damage|p2a: Ursaluna|40\/100\n|-damage|p2a: Ursaluna|31\/100\n|-damage|p2a: Ursaluna|23\/100\n|-damage|p2a: Ursaluna|14\/100\n|-hitcount|p2a: Ursaluna|8\n|move|p2a: Ursaluna|Hyper Voice|p1a: Slowbro|[spread] p1a,p1b\n|-damage|p1a: Slowbro|64\/100\n|-damage|p1b: Maushold|15\/100\n|-enditem|p2a: Ursaluna|Throat Spray\n|-boost|p2a: Ursaluna|spa|1|[from] item: Throat Spray\n|move|p2b: Harbor|Scald|p1b: Maushold\n|-damage|p1b: Maushold|0 fnt\n|faint|p1b: Maushold\n|\n|-heal|p1a: Slowbro|71\/100|[from] item: Leftovers\n|-heal|p2b: Harbor|35\/100 brn|[from] item: Leftovers\n|-damage|p2b: Harbor|29\/100 brn|[from] brn\n|upkeep\n|inactive|crabbycrab112233 has 120 seconds left.\n|\n|t:|1695301259\n|switch|p1b: Ditto|Ditto|100\/100\n|-transform|p1b: Ditto|p2a: Ursaluna|[from] ability: Imposter\n|-start|p1b: Ditto|typechange|Ground\/Normal|[silent]\n|turn|9\n|inactive|crabbycrab112233 has 120 seconds left.\n|\n|t:|1695301274\n|switch|p2b: Belle|Gardevoir, F, shiny|100\/100\n|-ability|p2b: Belle|Oblivious|[from] ability: Trace|[of] p1a: Slowbro\n|move|p1a: Slowbro|Iron Defense|p1a: Slowbro\n|-boost|p1a: Slowbro|def|2\n|move|p2a: Ursaluna|Hyper Voice|p1b: Ditto|[spread] p1a,p1b\n|-damage|p1a: Slowbro|10\/100\n|-damage|p1b: Ditto|13\/100\n|move|p1b: Ditto|Hyper Voice|p2b: Belle|[spread] p2a,p2b\n|-damage|p2a: Ursaluna|0 fnt\n|-damage|p2b: Belle|48\/100\n|-enditem|p2b: Belle|Sitrus Berry|[eat]\n|-heal|p2b: Belle|73\/100|[from] item: Sitrus Berry\n|faint|p2a: Ursaluna\n|\n|-heal|p1a: Slowbro|16\/100|[from] item: Leftovers\n|-heal|p1b: Ditto|19\/100|[from] item: Leftovers\n|upkeep\n|\n|t:|1695301292\n|switch|p2a: Pikachu|Pikachu, M|100\/100\n|turn|10\n|-message|crabbycrab112233 forfeited.\n|\n|win|El Ryuk456\n|raw|crabbycrab112233's rating: 1000 &rarr; <strong>1000<\/strong><br \/>(+0 for losing)\n|raw|El Ryuk456's rating: 1273 &rarr; <strong>1282<\/strong><br \/>(+9 for winning)\n|l|\u2606crabbycrab112233\n","uploadtime":1695301301,"views":8,"p1id":"crabbycrab112233","p2id":"elryuk456","formatid":"gen9nationaldexdoubles","rating":1000,"private":0,"password":""}