{"id":"gen9nationaldexdoubles-1990014013","p1":"Mirzzza","p2":"TeddyWarlock","format":"[Gen 9] National Dex Doubles","log":"|j|\u2606Mirzzza\n|j|\u2606TeddyWarlock\n|t:|1699915444\n|gametype|doubles\n|player|p1|Mirzzza|saturn|1415\n|player|p2|TeddyWarlock|rood|1381\n|teamsize|p1|6\n|teamsize|p2|6\n|gen|9\n|tier|[Gen 9] National Dex Doubles\n|rated|\n|rule|HP Percentage Mod: HP is shown in percentages\n|rule|Endless Battle Clause: Forcing endless battles is banned\n|rule|OHKO Clause: OHKO moves are banned\n|rule|Evasion Moves Clause: Evasion moves are banned\n|rule|Evasion Abilities Clause: Evasion abilities are banned\n|rule|Species Clause: Limit one of each Pok\u00e9mon\n|rule|Gravity Sleep Clause: The combination of sleep-inducing moves with imperfect accuracy and Gravity or Gigantamax Orbeetle are banned\n|clearpoke\n|poke|p1|Incineroar, M|\n|poke|p1|Gastrodon-East, M|\n|poke|p1|Rillaboom, M|\n|poke|p1|Zygarde|\n|poke|p1|Amoonguss, M|\n|poke|p1|Chien-Pao|\n|poke|p2|Tyranitar, F|\n|poke|p2|Glimmora, M|\n|poke|p2|Garganacl, M|\n|poke|p2|Gholdengo|\n|poke|p2|Landorus-Therian, M|\n|poke|p2|Iron Hands|\n|teampreview\n|inactive|Battle timer is ON: inactive players will automatically lose when time's up. (requested by TeddyWarlock)\n|inactive|Mirzzza also wants the timer to be on.\n|\n|t:|1699915456\n|start\n|switch|p1a: Chien-Pao|Chien-Pao|100\/100\n|switch|p1b: Incineroar|Incineroar, M, shiny|100\/100\n|switch|p2a: Gholdengo|Gholdengo, shiny|100\/100\n|switch|p2b: Iron Hands|Iron Hands, shiny|100\/100\n|-ability|p1a: Chien-Pao|Sword of Ruin\n|-ability|p1b: Incineroar|Intimidate|boost\n|-unboost|p2a: Gholdengo|atk|1\n|-unboost|p2b: Iron Hands|atk|1\n|turn|1\n|\n|t:|1699915469\n|move|p1b: Incineroar|Fake Out|p2b: Iron Hands\n|-damage|p2b: Iron Hands|89\/100\n|cant|p2b: Iron Hands|flinch\n|move|p1a: Chien-Pao|Crunch|p2a: Gholdengo\n|-supereffective|p2a: Gholdengo\n|-damage|p2a: Gholdengo|0 fnt\n|faint|p2a: Gholdengo\n|\n|upkeep\n|\n|t:|1699915480\n|switch|p2a: Glimmora|Glimmora, M, shiny|100\/100\n|turn|2\n|\n|t:|1699915487\n|move|p1a: Chien-Pao|Crunch|p2a: Glimmora\n|-damage|p2a: Glimmora|38\/100\n|-activate|p2a: Glimmora|ability: Toxic Debris\n|-sidestart|p1: Mirzzza|move: Toxic Spikes\n|move|p2a: Glimmora|Mortal Spin|p1b: Incineroar|[spread] p1a,p1b\n|-damage|p1a: Chien-Pao|95\/100\n|-damage|p1b: Incineroar|95\/100\n|-status|p1a: Chien-Pao|psn\n|-status|p1b: Incineroar|psn\n|move|p1b: Incineroar|Knock Off|p2a: Glimmora\n|-damage|p2a: Glimmora|0 fnt\n|-activate|p2a: Glimmora|ability: Toxic Debris\n|-sidestart|p1: Mirzzza|move: Toxic Spikes\n|-enditem|p2a: Glimmora|Focus Sash|[from] move: Knock Off|[of] p1b: Incineroar\n|faint|p2a: Glimmora\n|move|p2b: Iron Hands|Drain Punch|p1a: Chien-Pao\n|-supereffective|p1a: Chien-Pao\n|-damage|p1a: Chien-Pao|0 fnt\n|-heal|p2b: Iron Hands|100\/100|[from] drain|[of] p1a: Chien-Pao\n|faint|p1a: Chien-Pao\n|\n|-damage|p1b: Incineroar|83\/100 psn|[from] psn\n|upkeep\n|\n|t:|1699915511\n|switch|p1a: Amoonguss|Amoonguss, M|100\/100\n|switch|p2a: Garganacl|Garganacl, M|100\/100\n|-sideend|p1: Mirzzza|move: Toxic Spikes|[of] p1a: Amoonguss\n|turn|3\n|\n|t:|1699915525\n|move|p2a: Garganacl|Protect|p2a: Garganacl\n|-singleturn|p2a: Garganacl|Protect\n|move|p1b: Incineroar|Parting Shot|p2b: Iron Hands\n|-unboost|p2b: Iron Hands|atk|1\n|-unboost|p2b: Iron Hands|spa|1\n|\n|t:|1699915530\n|switch|p1b: Zygarde|Zygarde, shiny|100\/100|[from] Parting Shot\n|-ability|p1b: Zygarde|Aura Break\n|move|p2b: Iron Hands|Drain Punch|p1b: Zygarde\n|-damage|p1b: Zygarde|88\/100\n|move|p1a: Amoonguss|Spore|p2b: Iron Hands\n|-status|p2b: Iron Hands|slp|[from] move: Spore\n|\n|upkeep\n|turn|4\n|\n|t:|1699915551\n|-terastallize|p2a: Garganacl|Ghost\n|move|p1a: Amoonguss|Rage Powder|p1a: Amoonguss\n|-singleturn|p1a: Amoonguss|move: Rage Powder\n|move|p1b: Zygarde|Dragon Dance|p1b: Zygarde\n|-boost|p1b: Zygarde|atk|1\n|-boost|p1b: Zygarde|spe|1\n|cant|p2b: Iron Hands|slp\n|move|p2a: Garganacl|Salt Cure|p1a: Amoonguss\n|-crit|p1a: Amoonguss\n|-damage|p1a: Amoonguss|84\/100\n|-start|p1a: Amoonguss|Salt Cure\n|\n|-heal|p1a: Amoonguss|91\/100|[from] item: Leftovers\n|-damage|p1a: Amoonguss|78\/100|[from] Salt Cure\n|upkeep\n|turn|5\n|\n|t:|1699915573\n|move|p1a: Amoonguss|Rage Powder|p1a: Amoonguss\n|-singleturn|p1a: Amoonguss|move: Rage Powder\n|move|p1b: Zygarde|Dragon Dance|p1b: Zygarde\n|-boost|p1b: Zygarde|atk|1\n|-boost|p1b: Zygarde|spe|1\n|-curestatus|p2b: Iron Hands|slp|[msg]\n|move|p2b: Iron Hands|Body Press|p1a: Amoonguss\n|-resisted|p1a: Amoonguss\n|-damage|p1a: Amoonguss|65\/100\n|move|p2a: Garganacl|Salt Cure|p1a: Amoonguss\n|-damage|p1a: Amoonguss|54\/100\n|\n|-heal|p1a: Amoonguss|60\/100|[from] item: Leftovers\n|-damage|p1a: Amoonguss|47\/100|[from] Salt Cure\n|upkeep\n|turn|6\n|\n|t:|1699915589\n|-end|p2b: Iron Hands|Quark Drive|[silent]\n|switch|p2b: Landorus|Landorus-Therian, M|100\/100\n|-ability|p2b: Landorus|Intimidate|boost\n|-unboost|p1a: Amoonguss|atk|1\n|-fail|p1b: Zygarde|unboost|[from] item: Clear Amulet|[of] p1b: Zygarde\n|move|p1a: Amoonguss|Rage Powder|p1a: Amoonguss\n|-singleturn|p1a: Amoonguss|move: Rage Powder\n|move|p1b: Zygarde|Thousand Arrows|p2a: Garganacl|[spread] p2a,p2b\n|-damage|p2a: Garganacl|68\/100\n|-damage|p2b: Landorus|40\/100\n|-start|p2b: Landorus|Smack Down\n|move|p2a: Garganacl|Salt Cure|p1a: Amoonguss\n|-damage|p1a: Amoonguss|36\/100\n|\n|-heal|p2a: Garganacl|75\/100|[from] item: Leftovers\n|-heal|p1a: Amoonguss|43\/100|[from] item: Leftovers\n|-damage|p1a: Amoonguss|30\/100|[from] Salt Cure\n|upkeep\n|turn|7\n|\n|t:|1699915612\n|move|p2a: Garganacl|Wide Guard|p2a: Garganacl\n|-singleturn|p2a: Garganacl|Wide Guard\n|move|p1a: Amoonguss|Rage Powder|p1a: Amoonguss\n|-singleturn|p1a: Amoonguss|move: Rage Powder\n|move|p1b: Zygarde|Thousand Arrows|p2b: Landorus|[spread] \n|-activate|p2a: Garganacl|move: Wide Guard\n|-activate|p2b: Landorus|move: Wide Guard\n|move|p2b: Landorus|Stomping Tantrum|p1a: Amoonguss\n|-damage|p1a: Amoonguss|0 fnt\n|faint|p1a: Amoonguss\n|\n|-heal|p2a: Garganacl|81\/100|[from] item: Leftovers\n|upkeep\n|\n|t:|1699915624\n|switch|p1a: Incineroar|Incineroar, M, shiny|83\/100 psn\n|-ability|p1a: Incineroar|Intimidate|boost\n|-unboost|p2a: Garganacl|atk|1\n|-unboost|p2b: Landorus|atk|1\n|turn|8\n|\n|t:|1699915634\n|switch|p2b: Iron Hands|Iron Hands, shiny|100\/100\n|move|p1b: Zygarde|Extreme Speed|p2b: Iron Hands\n|-damage|p2b: Iron Hands|77\/100\n|move|p1a: Incineroar|Knock Off|p2a: Garganacl\n|-supereffective|p2a: Garganacl\n|-damage|p2a: Garganacl|15\/100\n|-enditem|p2a: Garganacl|Leftovers|[from] move: Knock Off|[of] p1a: Incineroar\n|move|p2a: Garganacl|Salt Cure|p1b: Zygarde\n|-resisted|p1b: Zygarde\n|-damage|p1b: Zygarde|85\/100\n|-start|p1b: Zygarde|Salt Cure\n|\n|-damage|p1a: Incineroar|70\/100 psn|[from] psn\n|-damage|p1b: Zygarde|73\/100|[from] Salt Cure\n|upkeep\n|turn|9\n|inactive|TeddyWarlock has 120 seconds left.\n|\n|t:|1699915671\n|move|p2a: Garganacl|Wide Guard|p2a: Garganacl\n|-singleturn|p2a: Garganacl|Wide Guard\n|move|p1b: Zygarde|Thousand Arrows|p2b: Iron Hands|[spread] \n|-activate|p2a: Garganacl|move: Wide Guard\n|-activate|p2b: Iron Hands|move: Wide Guard\n|move|p1a: Incineroar|Flare Blitz|p2a: Garganacl\n|-damage|p2a: Garganacl|0 fnt\n|faint|p2a: Garganacl\n|-damage|p1a: Incineroar|65\/100 psn|[from] Recoil\n|move|p2b: Iron Hands|Drain Punch|p1a: Incineroar\n|-supereffective|p1a: Incineroar\n|-damage|p1a: Incineroar|0 fnt\n|-heal|p2b: Iron Hands|100\/100|[from] drain|[of] p1a: Incineroar\n|faint|p1a: Incineroar\n|\n|-damage|p1b: Zygarde|60\/100|[from] Salt Cure\n|upkeep\n|\n|t:|1699915689\n|switch|p1a: Rillaboom|Rillaboom, M|100\/100\n|switch|p2a: Tyranitar|Tyranitar, F|100\/100\n|-fieldstart|move: Grassy Terrain|[from] ability: Grassy Surge|[of] p1a: Rillaboom\n|-weather|Sandstorm|[from] ability: Sand Stream|[of] p2a: Tyranitar\n|turn|10\n|\n|t:|1699915708\n|-end|p2b: Iron Hands|Quark Drive|[silent]\n|switch|p2b: Landorus|Landorus-Therian, M|40\/100\n|-ability|p2b: Landorus|Intimidate|boost\n|-unboost|p1a: Rillaboom|atk|1\n|-fail|p1b: Zygarde|unboost|[from] item: Clear Amulet|[of] p1b: Zygarde\n|detailschange|p2a: Tyranitar|Tyranitar-Mega, F\n|-mega|p2a: Tyranitar|Tyranitar|Tyranitarite\n|move|p2a: Tyranitar|Protect|p2a: Tyranitar\n|-singleturn|p2a: Tyranitar|Protect\n|move|p1a: Rillaboom|Grassy Glide|p2a: Tyranitar\n|-activate|p2a: Tyranitar|move: Protect\n|move|p1b: Zygarde|Thousand Arrows|p2b: Landorus|[spread] p2b\n|-activate|p2a: Tyranitar|move: Protect\n|-damage|p2b: Landorus|0 fnt\n|faint|p2b: Landorus\n|\n|-weather|Sandstorm|[upkeep]\n|-damage|p1a: Rillaboom|94\/100|[from] Sandstorm\n|-heal|p1b: Zygarde|67\/100|[from] Grassy Terrain\n|-heal|p1a: Rillaboom|100\/100|[from] Grassy Terrain\n|-damage|p1b: Zygarde|54\/100|[from] Salt Cure\n|upkeep\n|inactive|TeddyWarlock has 120 seconds left.\n|\n|t:|1699915729\n|switch|p2b: Iron Hands|Iron Hands, shiny|100\/100\n|turn|11\n|\n|t:|1699915745\n|move|p1b: Zygarde|Protect|p1b: Zygarde\n|-singleturn|p1b: Zygarde|Protect\n|move|p2b: Iron Hands|Fake Out|p1a: Rillaboom\n|-damage|p1a: Rillaboom|87\/100\n|cant|p1a: Rillaboom|flinch\n|move|p2a: Tyranitar|Knock Off|p1b: Zygarde\n|-activate|p1b: Zygarde|move: Protect\n|\n|-weather|Sandstorm|[upkeep]\n|-damage|p1a: Rillaboom|81\/100|[from] Sandstorm\n|-damage|p2b: Iron Hands|94\/100|[from] Sandstorm\n|-heal|p1b: Zygarde|60\/100|[from] Grassy Terrain\n|-heal|p1a: Rillaboom|87\/100|[from] Grassy Terrain\n|-heal|p2b: Iron Hands|100\/100|[from] Grassy Terrain\n|-damage|p1b: Zygarde|48\/100|[from] Salt Cure\n|upkeep\n|turn|12\n|\n|t:|1699915767\n|move|p1b: Zygarde|Thousand Arrows|p2a: Tyranitar|[spread] p2a,p2b\n|-supereffective|p2a: Tyranitar\n|-supereffective|p2b: Iron Hands\n|-damage|p2a: Tyranitar|37\/100\n|-damage|p2b: Iron Hands|48\/100\n|move|p1a: Rillaboom|U-turn|p2b: Iron Hands\n|-resisted|p2b: Iron Hands\n|-damage|p2b: Iron Hands|43\/100\n|\n|t:|1699915773\n|switch|p1a: Gastrodon|Gastrodon-East, M, shiny|100\/100|[from] U-turn\n|move|p2a: Tyranitar|Knock Off|p1b: Zygarde\n|-crit|p1b: Zygarde\n|-damage|p1b: Zygarde|0 fnt\n|-enditem|p1b: Zygarde|Clear Amulet|[from] move: Knock Off|[of] p2a: Tyranitar\n|faint|p1b: Zygarde\n|move|p2b: Iron Hands|Drain Punch|p1a: Gastrodon\n|-damage|p1a: Gastrodon|69\/100\n|-heal|p2b: Iron Hands|57\/100|[from] drain|[of] p1a: Gastrodon\n|\n|-weather|Sandstorm|[upkeep]\n|-damage|p2b: Iron Hands|50\/100|[from] Sandstorm\n|-heal|p2a: Tyranitar|43\/100|[from] Grassy Terrain\n|-heal|p2b: Iron Hands|57\/100|[from] Grassy Terrain\n|-heal|p1a: Gastrodon|75\/100|[from] Grassy Terrain\n|-heal|p1a: Gastrodon|81\/100|[from] item: Leftovers\n|upkeep\n|\n|t:|1699915789\n|switch|p1b: Rillaboom|Rillaboom, M|87\/100\n|turn|13\n|\n|t:|1699915803\n|move|p1b: Rillaboom|Fake Out|p2b: Iron Hands\n|-damage|p2b: Iron Hands|50\/100\n|move|p2a: Tyranitar|Knock Off|p1a: Gastrodon\n|-damage|p1a: Gastrodon|29\/100\n|-enditem|p1a: Gastrodon|Leftovers|[from] move: Knock Off|[of] p2a: Tyranitar\n|cant|p2b: Iron Hands|flinch\n|move|p1a: Gastrodon|Earth Power|p2b: Iron Hands\n|-supereffective|p2b: Iron Hands\n|-damage|p2b: Iron Hands|17\/100\n|\n|-weather|Sandstorm|[upkeep]\n|-damage|p1b: Rillaboom|81\/100|[from] Sandstorm\n|-damage|p2b: Iron Hands|11\/100|[from] Sandstorm\n|-heal|p1b: Rillaboom|87\/100|[from] Grassy Terrain\n|-heal|p2a: Tyranitar|49\/100|[from] Grassy Terrain\n|-heal|p2b: Iron Hands|17\/100|[from] Grassy Terrain\n|-heal|p1a: Gastrodon|35\/100|[from] Grassy Terrain\n|upkeep\n|turn|14\n|\n|t:|1699915828\n|move|p1b: Rillaboom|Grassy Glide|p2a: Tyranitar\n|-supereffective|p2a: Tyranitar\n|-crit|p2a: Tyranitar\n|-damage|p2a: Tyranitar|0 fnt\n|faint|p2a: Tyranitar\n|move|p2b: Iron Hands|Drain Punch|p1b: Rillaboom\n|-damage|p1b: Rillaboom|50\/100\n|-heal|p2b: Iron Hands|30\/100|[from] drain|[of] p1b: Rillaboom\n|move|p1a: Gastrodon|Earth Power|p2b: Iron Hands\n|-supereffective|p2b: Iron Hands\n|-damage|p2b: Iron Hands|0 fnt\n|faint|p2b: Iron Hands\n|-end|p2b: Iron Hands|Quark Drive|[silent]\n|\n|win|Mirzzza\n|raw|Mirzzza's rating: 1415 &rarr; <strong>1433<\/strong><br \/>(+18 for winning)\n|raw|TeddyWarlock's rating: 1381 &rarr; <strong>1363<\/strong><br \/>(-18 for losing)\n|l|\u2606TeddyWarlock\n","uploadtime":1699917145,"views":5,"p1id":"mirzzza","p2id":"teddywarlock","formatid":"gen9nationaldexdoubles","rating":1363,"private":0,"password":""}