{"id":"gen9nationaldexdoubles-1952363883","p1":"Yume__ice idiot","p2":"megan23497e","format":"[Gen 9] National Dex Doubles","log":"|j|\u2606Yume__ice idiot\n|j|\u2606megan23497e\n|t:|1695677486\n|gametype|doubles\n|player|p1|Yume__ice idiot|pokemonbreeder-gen4|1094\n|player|p2|megan23497e|dawn|1033\n|teamsize|p1|6\n|teamsize|p2|6\n|gen|9\n|tier|[Gen 9] National Dex Doubles\n|rated|\n|rule|HP Percentage Mod: HP is shown in percentages\n|rule|Endless Battle Clause: Forcing endless battles is banned\n|rule|OHKO Clause: OHKO moves are banned\n|rule|Evasion Moves Clause: Evasion moves are banned\n|rule|Evasion Abilities Clause: Evasion abilities are banned\n|rule|Species Clause: Limit one of each Pok\u00e9mon\n|rule|Gravity Sleep Clause: The combination of sleep-inducing moves with imperfect accuracy and Gravity or Gigantamax Orbeetle are banned\n|clearpoke\n|poke|p1|Baxcalibur, M|\n|poke|p1|Ninetales-Alola, M|\n|poke|p1|Chien-Pao|\n|poke|p1|Cetitan, M|\n|poke|p1|Iron Bundle|\n|poke|p1|Rotom-Frost|\n|poke|p2|Primarina, F|\n|poke|p2|Gothitelle, M|\n|poke|p2|Grimmsnarl, M|\n|poke|p2|Gengar, F|\n|poke|p2|Empoleon, F|\n|poke|p2|Serperior, F|\n|teampreview\n|\n|t:|1695677494\n|start\n|switch|p1a: Aroura|Ninetales-Alola, M, shiny|100\/100\n|switch|p1b: Icicle|Chien-Pao|100\/100\n|switch|p2a: Empoleon|Empoleon, F|100\/100\n|switch|p2b: Grimmsnarl|Grimmsnarl, M, shiny|100\/100\n|-ability|p1b: Icicle|Sword of Ruin\n|-weather|Snow|[from] ability: Snow Warning|[of] p1a: Aroura\n|turn|1\n|\n|t:|1695677509\n|move|p2b: Grimmsnarl|Fake Out|p1b: Icicle\n|-damage|p1b: Icicle|90\/100\n|cant|p1b: Icicle|flinch\n|move|p1a: Aroura|Aurora Veil|p1a: Aroura\n|-sidestart|p1: Yume__ice idiot|move: Aurora Veil\n|move|p2a: Empoleon|Flash Cannon|p1b: Icicle\n|-supereffective|p1b: Icicle\n|-damage|p1b: Icicle|26\/100\n|\n|-weather|Snow|[upkeep]\n|upkeep\n|turn|2\n|\n|t:|1695677524\n|move|p2b: Grimmsnarl|Reflect|p2b: Grimmsnarl\n|-sidestart|p2: megan23497e|Reflect\n|move|p1b: Icicle|Icicle Crash|p2b: Grimmsnarl\n|-damage|p2b: Grimmsnarl|58\/100\n|move|p1a: Aroura|Dazzling Gleam|p2b: Grimmsnarl|[spread] p2a,p2b\n|-resisted|p2a: Empoleon\n|-supereffective|p2b: Grimmsnarl\n|-damage|p2a: Empoleon|92\/100\n|-damage|p2b: Grimmsnarl|18\/100\n|move|p2a: Empoleon|Flash Cannon|p1b: Icicle\n|-supereffective|p1b: Icicle\n|-damage|p1b: Icicle|0 fnt\n|faint|p1b: Icicle\n|\n|-weather|Snow|[upkeep]\n|upkeep\n|\n|t:|1695677535\n|switch|p1b: MacnCheese|Rotom-Frost, shiny|100\/100\n|turn|3\n|\n|t:|1695677540\n|move|p2b: Grimmsnarl|Light Screen|p2b: Grimmsnarl\n|-sidestart|p2: megan23497e|move: Light Screen\n|move|p1a: Aroura|Dazzling Gleam|p2b: Grimmsnarl|[spread] p2a,p2b\n|-resisted|p2a: Empoleon\n|-supereffective|p2b: Grimmsnarl\n|-damage|p2a: Empoleon|87\/100\n|-damage|p2b: Grimmsnarl|0 fnt\n|faint|p2b: Grimmsnarl\n|move|p1b: MacnCheese|Blizzard|p2a: Empoleon\n|-resisted|p2a: Empoleon\n|-damage|p2a: Empoleon|81\/100\n|move|p2a: Empoleon|Flash Cannon|p1a: Aroura\n|-supereffective|p1a: Aroura\n|-damage|p1a: Aroura|10\/100\n|\n|-weather|Snow|[upkeep]\n|upkeep\n|\n|t:|1695677558\n|switch|p2b: Gothitelle|Gothitelle, M|100\/100\n|turn|4\n|\n|t:|1695677578\n|move|p2b: Gothitelle|Fake Out|p1a: Aroura\n|-damage|p1a: Aroura|7\/100\n|cant|p1a: Aroura|flinch\n|move|p1b: MacnCheese|Blizzard|p2b: Gothitelle|[spread] p2a,p2b\n|-resisted|p2a: Empoleon\n|-damage|p2a: Empoleon|77\/100\n|-damage|p2b: Gothitelle|81\/100\n|-status|p2a: Empoleon|frz\n|cant|p2a: Empoleon|frz\n|\n|-weather|Snow|[upkeep]\n|upkeep\n|turn|5\n|\n|t:|1695677598\n|move|p1a: Aroura|Moonblast|p2b: Gothitelle\n|-damage|p2b: Gothitelle|62\/100\n|move|p1b: MacnCheese|Thunderbolt|p2b: Gothitelle\n|-damage|p2b: Gothitelle|44\/100\n|-status|p2b: Gothitelle|par\n|-curestatus|p2a: Empoleon|frz|[msg]\n|move|p2a: Empoleon|Icy Wind|p1a: Aroura|[spread] p1a,p1b\n|-resisted|p1a: Aroura\n|-crit|p1a: Aroura\n|-resisted|p1b: MacnCheese\n|-damage|p1a: Aroura|0 fnt\n|-damage|p1b: MacnCheese|98\/100\n|-unboost|p1b: MacnCheese|spe|1\n|faint|p1a: Aroura\n|cant|p2b: Gothitelle|par\n|\n|-weather|Snow|[upkeep]\n|-sideend|p1: Yume__ice idiot|move: Aurora Veil\n|upkeep\n|\n|t:|1695677610\n|switch|p1a: Does he know?|Cetitan, M, shiny|100\/100\n|turn|6\n|\n|t:|1695677620\n|move|p1a: Does he know?|Earthquake|p2b: Gothitelle|[spread] p2a,p2b\n|-immune|p1b: MacnCheese|[from] ability: Levitate\n|-supereffective|p2a: Empoleon\n|-damage|p2a: Empoleon|50\/100\n|-damage|p2b: Gothitelle|28\/100 par\n|move|p1b: MacnCheese|Blizzard|p2a: Empoleon|[spread] p2a,p2b\n|-resisted|p2a: Empoleon\n|-damage|p2a: Empoleon|46\/100\n|-damage|p2b: Gothitelle|11\/100 par\n|-status|p2a: Empoleon|frz\n|cant|p2a: Empoleon|frz\n|move|p2b: Gothitelle|Psychic|p1a: Does he know?\n|-damage|p1a: Does he know?|65\/100\n|\n|-weather|Snow|[upkeep]\n|-heal|p1a: Does he know?|71\/100|[from] item: Leftovers\n|-sideend|p2: megan23497e|Reflect\n|upkeep\n|turn|7\n|\n|t:|1695677637\n|cant|p2b: Gothitelle|par\n|move|p1a: Does he know?|Earthquake|p2b: Gothitelle|[spread] p2a,p2b\n|-immune|p1b: MacnCheese|[from] ability: Levitate\n|-supereffective|p2a: Empoleon\n|-damage|p2a: Empoleon|7\/100 frz\n|-damage|p2b: Gothitelle|0 fnt\n|-enditem|p2a: Empoleon|Aguav Berry|[eat]\n|-heal|p2a: Empoleon|40\/100 frz|[from] item: Aguav Berry\n|faint|p2b: Gothitelle\n|move|p1b: MacnCheese|Blizzard|p2a: Empoleon\n|-resisted|p2a: Empoleon\n|-damage|p2a: Empoleon|34\/100 frz\n|cant|p2a: Empoleon|frz\n|\n|-weather|Snow|[upkeep]\n|-heal|p1a: Does he know?|77\/100|[from] item: Leftovers\n|-sideend|p2: megan23497e|move: Light Screen\n|upkeep\n|\n|t:|1695677656\n|switch|p2b: Serperior|Serperior, F|100\/100\n|turn|8\n|\n|t:|1695677673\n|-terastallize|p2b: Serperior|Fire\n|move|p1a: Does he know?|Earthquake|p2b: Serperior|[spread] p2a,p2b\n|-immune|p1b: MacnCheese|[from] ability: Levitate\n|-supereffective|p2a: Empoleon\n|-supereffective|p2b: Serperior\n|-damage|p2a: Empoleon|0 fnt\n|-damage|p2b: Serperior|63\/100\n|faint|p2a: Empoleon\n|move|p2b: Serperior|Leaf Storm|p1a: Does he know?\n|-damage|p1a: Does he know?|34\/100\n|-boost|p2b: Serperior|spa|2\n|move|p1b: MacnCheese|Blizzard|p2b: Serperior\n|-resisted|p2b: Serperior\n|-damage|p2b: Serperior|49\/100\n|\n|-weather|none\n|-heal|p1a: Does he know?|41\/100|[from] item: Leftovers\n|upkeep\n|\n|t:|1695677688\n|switch|p2a: Gengar|Gengar, F|100\/100\n|turn|9\n|\n|t:|1695677695\n|move|p2a: Gengar|Sludge Bomb|p1a: Does he know?\n|-damage|p1a: Does he know?|0 fnt\n|faint|p1a: Does he know?\n|move|p2b: Serperior|Leaf Storm|p1b: MacnCheese\n|-damage|p1b: MacnCheese|49\/100\n|-boost|p2b: Serperior|spa|2\n|move|p1b: MacnCheese|Blizzard|p2a: Gengar|[spread] p2a,p2b\n|-resisted|p2b: Serperior\n|-damage|p2a: Gengar|41\/100\n|-damage|p2b: Serperior|39\/100\n|-status|p2a: Gengar|frz\n|-status|p2b: Serperior|frz\n|\n|upkeep\n|\n|t:|1695677700\n|switch|p1a: BAZOOKA|Iron Bundle, shiny|100\/100\n|-enditem|p1a: BAZOOKA|Booster Energy\n|-activate|p1a: BAZOOKA|ability: Quark Drive|[fromitem]\n|-start|p1a: BAZOOKA|quarkdrivespe\n|turn|10\n|\n|t:|1695677715\n|move|p1a: BAZOOKA|Hydro Pump|p2b: Serperior\n|-supereffective|p2b: Serperior\n|-damage|p2b: Serperior|0 fnt\n|faint|p2b: Serperior\n|cant|p2a: Gengar|frz\n|move|p1b: MacnCheese|Thunderbolt|p2a: Gengar\n|-damage|p2a: Gengar|0 fnt\n|-start|p1b: MacnCheese|Disable|Thunderbolt|[from] ability: Cursed Body|[of] p2a: Gengar\n|faint|p2a: Gengar\n|\n|upkeep\n|\n|t:|1695677732\n|switch|p2a: Primarina|Primarina, F|100\/100\n|turn|11\n|\n|t:|1695677736\n|move|p1a: BAZOOKA|Freeze-Dry|p2a: Primarina\n|-supereffective|p2a: Primarina\n|-damage|p2a: Primarina|40\/100\n|move|p1b: MacnCheese|Discharge|p2a: Primarina|[spread] p1a,p2a\n|-supereffective|p1a: BAZOOKA\n|-supereffective|p2a: Primarina\n|-damage|p1a: BAZOOKA|0 fnt\n|-damage|p2a: Primarina|0 fnt\n|faint|p1a: BAZOOKA\n|-end|p1a: BAZOOKA|Quark Drive|[silent]\n|faint|p2a: Primarina\n|\n|win|Yume__ice idiot\n|raw|Yume__ice idiot's rating: 1094 &rarr; <strong>1115<\/strong><br \/>(+21 for winning)\n|raw|megan23497e's rating: 1033 &rarr; <strong>1021<\/strong><br \/>(-12 for losing)\n|l|\u2606megan23497e\n|c|\u2606Yume__ice idiot|Skill based\n","uploadtime":1695677749,"views":26,"p1id":"yumeiceidiot","p2id":"megan23497e","formatid":"gen9nationaldexdoubles","rating":1021,"private":0,"password":""}