{"id":"gen9nationaldexdoubles-1968171883","p1":"AlphaApolo","p2":"jhv lgcvgu","format":"[Gen 9] National Dex Doubles","log":"|j|\u2606AlphaApolo\n|j|\u2606jhv lgcvgu\n|t:|1697391426\n|gametype|doubles\n|player|p1|AlphaApolo|juan|1107\n|player|p2|jhv lgcvgu|cyclistf-gen4|1000\n|teamsize|p1|6\n|teamsize|p2|6\n|gen|9\n|tier|[Gen 9] National Dex Doubles\n|rated|\n|rule|HP Percentage Mod: HP is shown in percentages\n|rule|Endless Battle Clause: Forcing endless battles is banned\n|rule|OHKO Clause: OHKO moves are banned\n|rule|Evasion Moves Clause: Evasion moves are banned\n|rule|Evasion Abilities Clause: Evasion abilities are banned\n|rule|Species Clause: Limit one of each Pok\u00e9mon\n|rule|Gravity Sleep Clause: The combination of sleep-inducing moves with imperfect accuracy and Gravity or Gigantamax Orbeetle are banned\n|clearpoke\n|poke|p1|Ninetales-Alola, M|\n|poke|p1|Froslass, F|\n|poke|p1|Abomasnow, M|\n|poke|p1|Weavile, M|\n|poke|p1|Mamoswine, M|\n|poke|p1|Sandslash-Alola, M|\n|poke|p2|Indeedee-F, F|\n|poke|p2|Oranguru, F|\n|poke|p2|Glastrier|\n|poke|p2|Hoopa-Unbound|\n|poke|p2|Ursaluna, F|\n|poke|p2|Zygarde|\n|teampreview\n|\n|t:|1697391457\n|start\n|switch|p1a: Ninetales|Ninetales-Alola, M, shiny|100\/100\n|switch|p1b: Mamoswine|Mamoswine, M, shiny|100\/100\n|switch|p2a: Hoopa|Hoopa-Unbound|100\/100\n|switch|p2b: Zygarde|Zygarde|100\/100\n|-weather|Snow|[from] ability: Snow Warning|[of] p1a: Ninetales\n|-ability|p2b: Zygarde|Aura Break\n|turn|1\n|\n|t:|1697391479\n|-terastallize|p2b: Zygarde|Steel\n|move|p1a: Ninetales|Aurora Veil|p1a: Ninetales\n|-sidestart|p1: AlphaApolo|move: Aurora Veil\n|move|p1b: Mamoswine|Stealth Rock|p2b: Zygarde\n|-sidestart|p2: jhv lgcvgu|move: Stealth Rock\n|move|p2b: Zygarde|Coil|p2b: Zygarde\n|-boost|p2b: Zygarde|atk|1\n|-boost|p2b: Zygarde|def|1\n|-boost|p2b: Zygarde|accuracy|1\n|move|p2a: Hoopa|Trick Room|p2a: Hoopa\n|-fieldstart|move: Trick Room|[of] p2a: Hoopa\n|-enditem|p2b: Zygarde|Room Service\n|-unboost|p2b: Zygarde|spe|1|[from] item: Room Service\n|-enditem|p2a: Hoopa|Room Service\n|-unboost|p2a: Hoopa|spe|1|[from] item: Room Service\n|\n|-weather|Snow|[upkeep]\n|upkeep\n|turn|2\n|inactive|Battle timer is ON: inactive players will automatically lose when time's up. (requested by jhv lgcvgu)\n|\n|t:|1697391500\n|switch|p1a: Abomasnow|Abomasnow, M, shiny|100\/100\n|move|p2a: Hoopa|Dark Pulse|p1b: Mamoswine\n|-damage|p1b: Mamoswine|54\/100\n|-item|p2a: Hoopa|Leftovers|[from] ability: Magician|[of] p1b: Mamoswine\n|move|p2b: Zygarde|Coil|p2b: Zygarde\n|-boost|p2b: Zygarde|atk|1\n|-boost|p2b: Zygarde|def|1\n|-boost|p2b: Zygarde|accuracy|1\n|move|p1b: Mamoswine|High Horsepower|p2b: Zygarde\n|-supereffective|p2b: Zygarde\n|-damage|p2b: Zygarde|72\/100\n|\n|-weather|Snow|[upkeep]\n|upkeep\n|turn|3\n|\n|t:|1697391527\n|detailschange|p1a: Abomasnow|Abomasnow-Mega, M, shiny\n|-mega|p1a: Abomasnow|Abomasnow|Abomasite\n|move|p1a: Abomasnow|Toxic|p2a: Hoopa\n|-status|p2a: Hoopa|tox\n|move|p2a: Hoopa|Dark Pulse|p1b: Mamoswine\n|-damage|p1b: Mamoswine|12\/100\n|move|p2b: Zygarde|Thousand Arrows|p1a: Abomasnow|[spread] p1a,p1b\n|-resisted|p1a: Abomasnow\n|-damage|p1a: Abomasnow|92\/100\n|-damage|p1b: Mamoswine|0 fnt\n|faint|p1b: Mamoswine\n|\n|-weather|Snow|[upkeep]\n|-damage|p2a: Hoopa|94\/100 tox|[from] psn\n|upkeep\n|inactive|AlphaApolo has 120 seconds left.\n|\n|t:|1697391542\n|switch|p1b: Froslass|Froslass, F, shiny|100\/100\n|turn|4\n|\n|t:|1697391555\n|move|p1a: Abomasnow|Leech Seed|p2b: Zygarde\n|-start|p2b: Zygarde|move: Leech Seed\n|move|p2a: Hoopa|Dark Pulse|p1b: Froslass\n|-supereffective|p1b: Froslass\n|-damage|p1b: Froslass|0 fnt\n|faint|p1b: Froslass\n|move|p2b: Zygarde|Thousand Arrows|p1a: Abomasnow\n|-resisted|p1a: Abomasnow\n|-damage|p1a: Abomasnow|80\/100\n|\n|-weather|Snow|[upkeep]\n|-heal|p2a: Hoopa|100\/100 tox|[from] item: Leftovers\n|-damage|p2b: Zygarde|60\/100|[from] Leech Seed|[of] p1a: Abomasnow\n|-heal|p1a: Abomasnow|94\/100|[silent]\n|-damage|p2a: Hoopa|88\/100 tox|[from] psn\n|upkeep\n|inactive|AlphaApolo has 120 seconds left.\n|\n|t:|1697391573\n|switch|p1b: Sandslash|Sandslash-Alola, M, shiny|100\/100\n|turn|5\n|\n|t:|1697391590\n|move|p1a: Abomasnow|Blizzard|p2b: Zygarde|[spread] p2a,p2b\n|-resisted|p2b: Zygarde\n|-damage|p2a: Hoopa|61\/100 tox\n|-damage|p2b: Zygarde|48\/100\n|move|p2a: Hoopa|Dark Pulse|p1a: Abomasnow\n|-damage|p1a: Abomasnow|70\/100\n|move|p2b: Zygarde|Thousand Arrows|p1a: Abomasnow|[spread] p1a,p1b\n|-resisted|p1a: Abomasnow\n|-supereffective|p1b: Sandslash\n|-damage|p1a: Abomasnow|61\/100\n|-damage|p1b: Sandslash|59\/100\n|move|p1b: Sandslash|Knock Off|p2a: Hoopa\n|-damage|p2a: Hoopa|21\/100 tox\n|-enditem|p2a: Hoopa|Leftovers|[from] move: Knock Off|[of] p1b: Sandslash\n|\n|-weather|none\n|-heal|p1b: Sandslash|65\/100|[from] item: Leftovers\n|-damage|p2b: Zygarde|35\/100|[from] Leech Seed|[of] p1a: Abomasnow\n|-heal|p1a: Abomasnow|75\/100|[silent]\n|-damage|p2a: Hoopa|3\/100 tox|[from] psn\n|-fieldend|move: Trick Room\n|upkeep\n|turn|6\n|inactive|AlphaApolo has 120 seconds left.\n|\n|t:|1697391624\n|switch|p1a: Ninetales|Ninetales-Alola, M, shiny|100\/100\n|-weather|Snow|[from] ability: Snow Warning|[of] p1a: Ninetales\n|move|p1b: Sandslash|Knock Off|p2b: Zygarde\n|-damage|p2b: Zygarde|29\/100\n|move|p2b: Zygarde|Thousand Arrows|p1b: Sandslash|[spread] p1a,p1b\n|-supereffective|p1b: Sandslash\n|-damage|p1a: Ninetales|73\/100\n|-damage|p1b: Sandslash|21\/100\n|move|p2a: Hoopa|Trick Room|p2a: Hoopa\n|-fieldstart|move: Trick Room|[of] p2a: Hoopa\n|\n|-weather|Snow|[upkeep]\n|-heal|p1b: Sandslash|27\/100|[from] item: Leftovers\n|-damage|p2b: Zygarde|16\/100|[from] Leech Seed|[of] p1a: Ninetales\n|-heal|p1a: Ninetales|88\/100|[silent]\n|-damage|p2a: Hoopa|0 fnt|[from] psn\n|faint|p2a: Hoopa\n|upkeep\n|inactive|jhv lgcvgu has 120 seconds left.\n|\n|t:|1697391647\n|switch|p2a: Ursaluna|Ursaluna, F|100\/100\n|-damage|p2a: Ursaluna|94\/100|[from] Stealth Rock\n|turn|7\n|\n|t:|1697391657\n|switch|p1b: Abomasnow|Abomasnow-Mega, M, shiny|75\/100\n|move|p2a: Ursaluna|Facade|p1a: Ninetales\n|-damage|p1a: Ninetales|64\/100\n|move|p2b: Zygarde|Thousand Arrows|p1a: Ninetales|[spread] p1a,p1b\n|-resisted|p1b: Abomasnow\n|-damage|p1a: Ninetales|40\/100\n|-damage|p1b: Abomasnow|66\/100\n|move|p1a: Ninetales|Blizzard|p2b: Zygarde|[spread] p2a,p2b\n|-supereffective|p2a: Ursaluna\n|-resisted|p2b: Zygarde\n|-damage|p2a: Ursaluna|54\/100\n|-damage|p2b: Zygarde|9\/100\n|\n|-weather|Snow|[upkeep]\n|-damage|p2b: Zygarde|0 fnt|[from] Leech Seed|[of] p1a: Ninetales\n|-heal|p1a: Ninetales|50\/100|[silent]\n|faint|p2b: Zygarde\n|-status|p2a: Ursaluna|brn|[from] item: Flame Orb\n|upkeep\n|inactive|jhv lgcvgu has 120 seconds left.\n|\n|t:|1697391710\n|switch|p2b: Indeedee|Indeedee-F, F|100\/100\n|-damage|p2b: Indeedee|88\/100|[from] Stealth Rock\n|-fieldstart|move: Psychic Terrain|[from] ability: Psychic Surge|[of] p2b: Indeedee\n|turn|8\n|\n|t:|1697391733\n|switch|p1a: Sandslash|Sandslash-Alola, M, shiny|27\/100\n|move|p2a: Ursaluna|Close Combat|p1b: Abomasnow\n|-supereffective|p1b: Abomasnow\n|-damage|p1b: Abomasnow|13\/100\n|-unboost|p2a: Ursaluna|def|1\n|-unboost|p2a: Ursaluna|spd|1\n|move|p1b: Abomasnow|Blizzard|p2b: Indeedee|[spread] p2a,p2b\n|-supereffective|p2a: Ursaluna\n|-damage|p2a: Ursaluna|0 fnt\n|-damage|p2b: Indeedee|59\/100\n|faint|p2a: Ursaluna\n|move|p2b: Indeedee|Heal Pulse|p2: Ursaluna|[notarget]\n|-fail|p2b: Indeedee\n|\n|-weather|Snow|[upkeep]\n|-heal|p1a: Sandslash|33\/100|[from] item: Leftovers\n|-sideend|p1: AlphaApolo|move: Aurora Veil\n|upkeep\n|\n|t:|1697391745\n|switch|p2a: Glastrier|Glastrier|100\/100\n|-damage|p2a: Glastrier|75\/100|[from] Stealth Rock\n|turn|9\n|\n|t:|1697391758\n|move|p2b: Indeedee|Follow Me|p2b: Indeedee\n|-singleturn|p2b: Indeedee|move: Follow Me\n|move|p2a: Glastrier|Double Kick|p1a: Sandslash\n|-supereffective|p1a: Sandslash\n|-damage|p1a: Sandslash|3\/100\n|-supereffective|p1a: Sandslash\n|-damage|p1a: Sandslash|0 fnt\n|faint|p1a: Sandslash\n|-ability|p2a: Glastrier|Chilling Neigh|boost\n|-boost|p2a: Glastrier|atk|1\n|-hitcount|p1: Sandslash|2\n|move|p1b: Abomasnow|Aurora Veil|p1b: Abomasnow\n|-sidestart|p1: AlphaApolo|move: Aurora Veil\n|\n|-weather|Snow|[upkeep]\n|upkeep\n|\n|t:|1697391773\n|switch|p1a: Weavile|Weavile, M, shiny|100\/100\n|turn|10\n|\n|t:|1697391784\n|move|p1a: Weavile|Fake Out|p2a: Glastrier\n|-activate|p2a: Glastrier|move: Psychic Terrain\n|move|p2b: Indeedee|Follow Me|p2b: Indeedee\n|-singleturn|p2b: Indeedee|move: Follow Me\n|move|p2a: Glastrier|Double Kick|p1b: Abomasnow\n|-supereffective|p1b: Abomasnow\n|-damage|p1b: Abomasnow|0 fnt\n|faint|p1b: Abomasnow\n|-ability|p2a: Glastrier|Chilling Neigh|boost\n|-boost|p2a: Glastrier|atk|1\n|-hitcount|p1: Abomasnow|1\n|\n|-weather|none\n|-fieldend|move: Trick Room\n|upkeep\n|\n|t:|1697391797\n|switch|p1b: Ninetales|Ninetales-Alola, M, shiny|50\/100\n|-weather|Snow|[from] ability: Snow Warning|[of] p1b: Ninetales\n|turn|11\n|\n|t:|1697391814\n|-terastallize|p1b: Ninetales|Fairy\n|move|p2b: Indeedee|Follow Me|p2b: Indeedee\n|-singleturn|p2b: Indeedee|move: Follow Me\n|move|p1a: Weavile|Power-Up Punch|p2b: Indeedee\n|-damage|p2b: Indeedee|46\/100\n|-boost|p1a: Weavile|atk|1\n|move|p1b: Ninetales|Dazzling Gleam|p2b: Indeedee|[spread] p2a,p2b\n|-damage|p2a: Glastrier|57\/100\n|-damage|p2b: Indeedee|26\/100\n|move|p2a: Glastrier|Double Kick|p1a: Weavile\n|-supereffective|p1a: Weavile\n|-damage|p1a: Weavile|24\/100\n|-supereffective|p1a: Weavile\n|-damage|p1a: Weavile|0 fnt\n|faint|p1a: Weavile\n|-ability|p2a: Glastrier|Chilling Neigh|boost\n|-boost|p2a: Glastrier|atk|1\n|-hitcount|p1: Weavile|2\n|\n|-weather|Snow|[upkeep]\n|upkeep\n|turn|12\n|\n|t:|1697391836\n|move|p2b: Indeedee|Follow Me|p2b: Indeedee\n|-singleturn|p2b: Indeedee|move: Follow Me\n|move|p1b: Ninetales|Dazzling Gleam|p2a: Glastrier|[spread] p2a,p2b\n|-damage|p2a: Glastrier|38\/100\n|-damage|p2b: Indeedee|4\/100\n|move|p2a: Glastrier|Icicle Spear|p1b: Ninetales\n|-damage|p1b: Ninetales|17\/100\n|-damage|p1b: Ninetales|0 fnt\n|faint|p1b: Ninetales\n|-hitcount|p1: Ninetales|2\n|\n|win|jhv lgcvgu\n|raw|AlphaApolo's rating: 1107 &rarr; <strong>1075<\/strong><br \/>(-32 for losing)\n|raw|jhv lgcvgu's rating: 1000 &rarr; <strong>1052<\/strong><br \/>(+52 for winning)\n","uploadtime":1697391841,"views":6,"p1id":"alphaapolo","p2id":"jhvlgcvgu","formatid":"gen9nationaldexdoubles","rating":1052,"private":0,"password":""}