{"id":"gen9nationaldexdoubles-1992068573","p1":"NinjaSnapple","p2":"glimmeraqua","format":"[Gen 9] National Dex Doubles","log":"|j|\u2606NinjaSnapple\n|j|\u2606glimmeraqua\n|t:|1700152435\n|gametype|doubles\n|player|p1|NinjaSnapple|bugcatcher-gen2|\n|player|p2|glimmeraqua|iris-gen5bw2|\n|teamsize|p1|6\n|teamsize|p2|6\n|gen|9\n|tier|[Gen 9] National Dex Doubles\n|rule|HP Percentage Mod: HP is shown in percentages\n|rule|Endless Battle Clause: Forcing endless battles is banned\n|rule|OHKO Clause: OHKO moves are banned\n|rule|Evasion Moves Clause: Evasion moves are banned\n|rule|Evasion Abilities Clause: Evasion abilities are banned\n|rule|Species Clause: Limit one of each Pok\u00e9mon\n|rule|Gravity Sleep Clause: The combination of sleep-inducing moves with imperfect accuracy and Gravity or Gigantamax Orbeetle are banned\n|clearpoke\n|poke|p1|Zygarde|\n|poke|p1|Zamazenta-*|\n|poke|p1|Scizor, F|\n|poke|p1|Blastoise, F|\n|poke|p1|Flutter Mane|\n|poke|p1|Zapdos|\n|poke|p2|Kyurem-Black|\n|poke|p2|Kingambit, F|\n|poke|p2|Gothitelle, M|\n|poke|p2|Zamazenta-*|\n|poke|p2|Salamence, F|\n|poke|p2|Tapu Fini|\n|teampreview\n|inactive|Battle timer is ON: inactive players will automatically lose when time's up. (requested by NinjaSnapple)\n|inactive|NinjaSnapple has 270 seconds left.\n|inactive|glimmeraqua has 270 seconds left.\n|inactive|NinjaSnapple has 240 seconds left.\n|\n|t:|1700152513\n|start\n|switch|p1a: Flutter Mane|Flutter Mane|100\/100\n|switch|p1b: Zapdos|Zapdos|100\/100\n|switch|p2a: True Friends|Kingambit, F|100\/100\n|switch|p2b: Keep Myself Alive|Salamence, F|100\/100\n|-ability|p2b: Keep Myself Alive|Intimidate|boost\n|-unboost|p1a: Flutter Mane|atk|1\n|-unboost|p1b: Zapdos|atk|1\n|turn|1\n|inactive|NinjaSnapple has 270 seconds left.\n|inactive|glimmeraqua has 270 seconds left.\n|\n|t:|1700152557\n|switch|p2b: Hold On Till May|Gothitelle, M|100\/100\n|move|p1a: Flutter Mane|Dazzling Gleam|p2a: True Friends|[spread] p2a,p2b\n|-damage|p2a: True Friends|74\/100\n|-damage|p2b: Hold On Till May|70\/100\n|move|p1b: Zapdos|Tailwind|p1b: Zapdos\n|-sidestart|p1: NinjaSnapple|move: Tailwind\n|move|p2a: True Friends|Knock Off|p1a: Flutter Mane\n|-damage|p1a: Flutter Mane|0 fnt\n|-enditem|p1a: Flutter Mane|Choice Specs|[from] move: Knock Off|[of] p2a: True Friends\n|faint|p1a: Flutter Mane\n|-end|p1a: Flutter Mane|Protosynthesis|[silent]\n|\n|upkeep\n|\n|t:|1700152575\n|switch|p1a: Scizor|Scizor, F|100\/100\n|turn|2\n|inactive|NinjaSnapple has 270 seconds left.\n|inactive|glimmeraqua has 270 seconds left.\n|\n|t:|1700152606\n|switch|p2a: Keep Myself Alive|Salamence, F|100\/100\n|-ability|p2a: Keep Myself Alive|Intimidate|boost\n|-unboost|p1a: Scizor|atk|1\n|-unboost|p1b: Zapdos|atk|1\n|move|p2b: Hold On Till May|Protect|p2b: Hold On Till May\n|-singleturn|p2b: Hold On Till May|Protect\n|move|p1a: Scizor|Bullet Punch|p2b: Hold On Till May\n|-activate|p2b: Hold On Till May|move: Protect\n|move|p1b: Zapdos|Volt Switch|p2b: Hold On Till May\n|-activate|p2b: Hold On Till May|move: Protect\n|\n|upkeep\n|turn|3\n|inactive|glimmeraqua has 270 seconds left.\n|\n|t:|1700152648\n|switch|p2b: True Friends|Kingambit, F|74\/100\n|detailschange|p1a: Scizor|Scizor-Mega, F\n|-mega|p1a: Scizor|Scizor|Scizorite\n|move|p2a: Keep Myself Alive|Protect|p2a: Keep Myself Alive\n|-singleturn|p2a: Keep Myself Alive|Protect\n|move|p1b: Zapdos|Volt Switch|p2a: Keep Myself Alive\n|-activate|p2a: Keep Myself Alive|move: Protect\n|move|p1a: Scizor|Swords Dance|p1a: Scizor\n|-boost|p1a: Scizor|atk|2\n|\n|upkeep\n|turn|4\n|inactive|glimmeraqua has 270 seconds left.\n|inactive|NinjaSnapple has 270 seconds left.\n|\n|t:|1700152698\n|detailschange|p2a: Keep Myself Alive|Salamence-Mega, F\n|-mega|p2a: Keep Myself Alive|Salamence|Salamencite\n|move|p1a: Scizor|Bullet Punch|p2a: Keep Myself Alive\n|-damage|p2a: Keep Myself Alive|62\/100\n|move|p2b: True Friends|Sucker Punch|p1b: Zapdos\n|-damage|p1b: Zapdos|64\/100\n|-status|p2b: True Friends|par|[from] ability: Static|[of] p1b: Zapdos\n|move|p1b: Zapdos|Volt Switch|p2a: Keep Myself Alive\n|-damage|p2a: Keep Myself Alive|23\/100\n|\n|t:|1700152712\n|switch|p1b: Zygarde|Zygarde|100\/100|[from] Volt Switch\n|-ability|p1b: Zygarde|Aura Break\n|move|p2a: Keep Myself Alive|Tera Blast|p1a: Scizor\n|-damage|p1a: Scizor|60\/100\n|\n|-sideend|p1: NinjaSnapple|move: Tailwind\n|upkeep\n|turn|5\n|inactive|glimmeraqua has 270 seconds left.\n|inactive|NinjaSnapple has 270 seconds left.\n|\n|t:|1700152748\n|switch|p2b: One for the Money|Zamazenta|100\/100\n|-ability|p2b: One for the Money|Dauntless Shield|boost\n|-boost|p2b: One for the Money|def|1\n|move|p2a: Keep Myself Alive|Protect|p2a: Keep Myself Alive\n|-singleturn|p2a: Keep Myself Alive|Protect\n|move|p1a: Scizor|Bullet Punch|p2a: Keep Myself Alive\n|-activate|p2a: Keep Myself Alive|move: Protect\n|move|p1b: Zygarde|Dragon Dance|p1b: Zygarde\n|-boost|p1b: Zygarde|atk|1\n|-boost|p1b: Zygarde|spe|1\n|\n|upkeep\n|turn|6\n|inactive|NinjaSnapple has 270 seconds left.\n|inactive|glimmeraqua has 270 seconds left.\n|\n|t:|1700152782\n|move|p1b: Zygarde|Extreme Speed|p2a: Keep Myself Alive\n|-damage|p2a: Keep Myself Alive|0 fnt\n|faint|p2a: Keep Myself Alive\n|move|p2b: One for the Money|Body Press|p1a: Scizor\n|-damage|p1a: Scizor|24\/100\n|move|p1a: Scizor|Dual Wingbeat|p2b: One for the Money\n|-supereffective|p2b: One for the Money\n|-damage|p2b: One for the Money|67\/100\n|-supereffective|p2b: One for the Money\n|-damage|p2b: One for the Money|35\/100\n|-hitcount|p2b: One for the Money|2\n|\n|upkeep\n|\n|t:|1700152787\n|switch|p2a: Doomsday|Kyurem-Black|100\/100\n|-ability|p2a: Doomsday|Teravolt\n|turn|7\n|inactive|glimmeraqua has 270 seconds left.\n|\n|t:|1700152812\n|-terastallize|p1b: Zygarde|Fire\n|-terastallize|p2a: Doomsday|Electric\n|move|p1a: Scizor|Bullet Punch|p2a: Doomsday\n|-resisted|p2a: Doomsday\n|-damage|p2a: Doomsday|82\/100\n|move|p1b: Zygarde|Dragon Dance|p1b: Zygarde\n|-boost|p1b: Zygarde|atk|1\n|-boost|p1b: Zygarde|spe|1\n|move|p2b: One for the Money|Coaching|p2a: Doomsday\n|-boost|p2a: Doomsday|atk|1\n|-boost|p2a: Doomsday|def|1\n|move|p2a: Doomsday|Fusion Bolt|p1a: Scizor\n|-damage|p1a: Scizor|0 fnt\n|faint|p1a: Scizor\n|\n|upkeep\n|\n|t:|1700152820\n|switch|p1a: Zamazenta|Zamazenta|100\/100\n|-ability|p1a: Zamazenta|Dauntless Shield|boost\n|-boost|p1a: Zamazenta|def|1\n|turn|8\n|\n|t:|1700152843\n|switch|p2b: True Friends|Kingambit, F|74\/100 par\n|move|p2a: Doomsday|Protect|p2a: Doomsday\n|-singleturn|p2a: Doomsday|Protect\n|move|p1b: Zygarde|Extreme Speed|p2a: Doomsday\n|-activate|p2a: Doomsday|move: Protect\n|move|p1a: Zamazenta|Imprison|p1a: Zamazenta\n|-start|p1a: Zamazenta|move: Imprison\n|\n|upkeep\n|turn|9\n|\n|t:|1700152859\n|move|p2b: True Friends|Sucker Punch|p1b: Zygarde\n|-damage|p1b: Zygarde|69\/100\n|move|p1b: Zygarde|Thousand Arrows|p2b: True Friends|[spread] p2a,p2b\n|-supereffective|p2a: Doomsday\n|-supereffective|p2b: True Friends\n|-damage|p2a: Doomsday|30\/100\n|-damage|p2b: True Friends|0 fnt\n|faint|p2b: True Friends\n|move|p1a: Zamazenta|Coaching|p1b: Zygarde\n|-boost|p1b: Zygarde|atk|1\n|-boost|p1b: Zygarde|def|1\n|move|p2a: Doomsday|Fusion Bolt|p1b: Zygarde\n|-damage|p1b: Zygarde|21\/100\n|\n|upkeep\n|\n|t:|1700152868\n|switch|p2b: Hold On Till May|Gothitelle, M|70\/100\n|turn|10\n|inactive|NinjaSnapple has 270 seconds left.\n|inactive|NinjaSnapple has 240 seconds left.\n|\n|t:|1700152946\n|move|p1b: Zygarde|Protect|p1b: Zygarde\n|-singleturn|p1b: Zygarde|Protect\n|move|p2a: Doomsday|Protect|p2a: Doomsday\n|-singleturn|p2a: Doomsday|Protect\n|move|p1a: Zamazenta|Heavy Slam|p2b: Hold On Till May\n|-damage|p2b: Hold On Till May|47\/100\n|-enditem|p2b: Hold On Till May|Sitrus Berry|[eat]\n|-heal|p2b: Hold On Till May|72\/100|[from] item: Sitrus Berry\n|move|p2b: Hold On Till May|Psychic|p1a: Zamazenta\n|-supereffective|p1a: Zamazenta\n|-damage|p1a: Zamazenta|56\/100\n|\n|upkeep\n|turn|11\n|inactive|NinjaSnapple has 240 seconds left.\n|inactive|glimmeraqua has 270 seconds left.\n|\n|t:|1700152982\n|move|p1b: Zygarde|Thousand Arrows|p2b: Hold On Till May|[spread] p2a,p2b\n|-supereffective|p2a: Doomsday\n|-damage|p2a: Doomsday|0 fnt\n|-damage|p2b: Hold On Till May|15\/100\n|faint|p2a: Doomsday\n|move|p1a: Zamazenta|Heavy Slam|p2b: Hold On Till May\n|-damage|p2b: Hold On Till May|0 fnt\n|faint|p2b: Hold On Till May\n|\n|upkeep\n|\n|t:|1700152985\n|switch|p2a: LosT|Tapu Fini|100\/100\n|switch|p2b: One for the Money|Zamazenta|35\/100\n|-fieldstart|move: Misty Terrain|[from] ability: Misty Surge|[of] p2a: LosT\n|turn|12\n|\n|t:|1700152997\n|move|p1b: Zygarde|Thousand Arrows|p2a: LosT|[spread] p2a,p2b\n|-damage|p2a: LosT|35\/100\n|-damage|p2b: One for the Money|0 fnt\n|faint|p2b: One for the Money\n|move|p1a: Zamazenta|Heavy Slam|p2a: LosT\n|-damage|p2a: LosT|6\/100\n|move|p2a: LosT|Muddy Water|p1b: Zygarde|[spread] p1a,p1b\n|-supereffective|p1b: Zygarde\n|-damage|p1a: Zamazenta|17\/100\n|-damage|p1b: Zygarde|0 fnt\n|faint|p1b: Zygarde\n|\n|upkeep\n|-message|glimmeraqua forfeited.\n|\n|win|NinjaSnapple\n|l|\u2606glimmeraqua\n|c|\u2606NinjaSnapple|gg\n|l|\u2606NinjaSnapple\n|j|\u2606glimmeraqua\n|player|p2|glimmeraqua|iris-gen5bw2\n","uploadtime":1700153014,"views":56,"p1id":"ninjasnapple","p2id":"glimmeraqua","formatid":"gen9nationaldexdoubles","rating":0,"private":0,"password":""}