{"id":"gen9nationaldexdoubles-1965498787","p1":"Zera & Lucy","p2":"Noktumm","format":"[Gen 9] National Dex Doubles","log":"|j|\u2606Zera & Lucy\n|j|\u2606Noktumm\n|t:|1697079768\n|gametype|doubles\n|player|p1|Zera & Lucy|cynthia|1124\n|player|p2|Noktumm|richboy-gen4|1289\n|teamsize|p1|6\n|teamsize|p2|6\n|gen|9\n|tier|[Gen 9] National Dex Doubles\n|rated|\n|rule|HP Percentage Mod: HP is shown in percentages\n|rule|Endless Battle Clause: Forcing endless battles is banned\n|rule|OHKO Clause: OHKO moves are banned\n|rule|Evasion Moves Clause: Evasion moves are banned\n|rule|Evasion Abilities Clause: Evasion abilities are banned\n|rule|Species Clause: Limit one of each Pok\u00e9mon\n|rule|Gravity Sleep Clause: The combination of sleep-inducing moves with imperfect accuracy and Gravity or Gigantamax Orbeetle are banned\n|clearpoke\n|poke|p1|Amoonguss, M|\n|poke|p1|Copperajah, F|\n|poke|p1|Grimmsnarl, M|\n|poke|p1|Iron Bundle|\n|poke|p1|Landorus-Therian, M|\n|poke|p1|Goodra-Hisui, M|\n|poke|p2|Gliscor, F|\n|poke|p2|Breloom, F|\n|poke|p2|Gyarados, F|\n|poke|p2|Purugly, M|\n|poke|p2|Metagross|\n|poke|p2|Arcanine, F|\n|teampreview\n|inactive|Battle timer is ON: inactive players will automatically lose when time's up. (requested by Zera & Lucy)\n|\n|t:|1697079797\n|start\n|switch|p1a: Copperajah|Copperajah, F|100\/100\n|switch|p1b: Goodra|Goodra-Hisui, M|100\/100\n|switch|p2a: Purugly|Purugly, M|100\/100\n|switch|p2b: Metagross|Metagross|100\/100\n|turn|1\n|inactive|Zera & Lucy has 120 seconds left.\n|\n|t:|1697079830\n|move|p2a: Purugly|U-turn|p1b: Goodra\n|-resisted|p1b: Goodra\n|-damage|p1b: Goodra|92\/100\n|\n|t:|1697079835\n|switch|p2a: Gliscor|Gliscor, F|100\/100|[from] U-turn\n|move|p2b: Metagross|Stealth Rock|p1b: Goodra\n|-sidestart|p1: Zera & Lucy|move: Stealth Rock\n|move|p1b: Goodra|Acid Armor|p1b: Goodra\n|-boost|p1b: Goodra|def|2\n|move|p1a: Copperajah|Heat Crash|p2b: Metagross\n|-supereffective|p2b: Metagross\n|-damage|p2b: Metagross|60\/100\n|-damage|p1a: Copperajah|91\/100|[from] item: Life Orb\n|\n|-heal|p2b: Metagross|66\/100|[from] item: Leftovers\n|-heal|p1b: Goodra|98\/100|[from] item: Leftovers\n|-status|p2a: Gliscor|tox|[from] item: Toxic Orb\n|upkeep\n|turn|2\n|inactive|Zera & Lucy has 120 seconds left.\n|\n|t:|1697079880\n|switch|p2b: Arcanine|Arcanine, F|100\/100\n|-ability|p2b: Arcanine|Intimidate|boost\n|-unboost|p1a: Copperajah|atk|1\n|-unboost|p1b: Goodra|atk|1\n|move|p2a: Gliscor|Swords Dance|p2a: Gliscor\n|-boost|p2a: Gliscor|atk|2\n|move|p1b: Goodra|Heavy Slam|p2a: Gliscor\n|-damage|p2a: Gliscor|77\/100 tox\n|move|p1a: Copperajah|Heat Crash|p2b: Arcanine\n|-resisted|p2b: Arcanine\n|-damage|p2b: Arcanine|80\/100\n|-damage|p1a: Copperajah|81\/100|[from] item: Life Orb\n|\n|-heal|p1b: Goodra|100\/100|[from] item: Leftovers\n|-heal|p2a: Gliscor|89\/100 tox|[from] ability: Poison Heal\n|upkeep\n|turn|3\n|inactive|Zera & Lucy has 120 seconds left.\n|inactive|Noktumm has 120 seconds left.\n|\n|t:|1697079918\n|move|p2b: Arcanine|Protect|p2b: Arcanine\n|-singleturn|p2b: Arcanine|Protect\n|move|p2a: Gliscor|Earthquake|p1a: Copperajah|[spread] p1a,p1b\n|-activate|p2b: Arcanine|move: Protect\n|-supereffective|p1a: Copperajah\n|-supereffective|p1b: Goodra\n|-damage|p1a: Copperajah|0 fnt\n|-damage|p1b: Goodra|54\/100\n|faint|p1a: Copperajah\n|move|p1b: Goodra|Dragon Tail|p2a: Gliscor\n|-damage|p2a: Gliscor|77\/100 tox\n|drag|p2a: Gyarados|Gyarados, F|100\/100\n|-ability|p2a: Gyarados|Intimidate|boost\n|-unboost|p1b: Goodra|atk|1\n|\n|-heal|p1b: Goodra|60\/100|[from] item: Leftovers\n|upkeep\n|inactive|Zera & Lucy has 120 seconds left.\n|\n|t:|1697079933\n|switch|p1a: Iron Bundle|Iron Bundle|100\/100\n|-damage|p1a: Iron Bundle|76\/100|[from] Stealth Rock\n|-enditem|p1a: Iron Bundle|Booster Energy\n|-activate|p1a: Iron Bundle|ability: Quark Drive|[fromitem]\n|-start|p1a: Iron Bundle|quarkdrivespe\n|turn|4\n|inactive|Zera & Lucy has 120 seconds left.\n|\n|t:|1697079950\n|move|p2b: Arcanine|Protect||[still]\n|-fail|p2b: Arcanine\n|move|p1a: Iron Bundle|Encore|p2b: Arcanine\n|-start|p2b: Arcanine|Encore\n|move|p2a: Gyarados|Dragon Dance|p2a: Gyarados\n|-boost|p2a: Gyarados|atk|1\n|-boost|p2a: Gyarados|spe|1\n|move|p1b: Goodra|Heavy Slam|p2a: Gyarados\n|-resisted|p2a: Gyarados\n|-damage|p2a: Gyarados|94\/100\n|\n|-heal|p1b: Goodra|66\/100|[from] item: Leftovers\n|upkeep\n|turn|5\n|\n|t:|1697079979\n|switch|p2b: Metagross|Metagross|66\/100\n|switch|p1b: Landorus|Landorus-Therian, M|100\/100\n|-damage|p1b: Landorus|88\/100|[from] Stealth Rock\n|-ability|p1b: Landorus|Intimidate|boost\n|-unboost|p2a: Gyarados|atk|1\n|-fail|p2b: Metagross|unboost|[from] ability: Clear Body|[of] p2b: Metagross\n|move|p1a: Iron Bundle|Freeze-Dry|p2a: Gyarados\n|-supereffective|p2a: Gyarados\n|-damage|p2a: Gyarados|0 fnt\n|faint|p2a: Gyarados\n|\n|-heal|p2b: Metagross|72\/100|[from] item: Leftovers\n|upkeep\n|inactive|Noktumm has 120 seconds left.\n|\n|t:|1697079994\n|switch|p2a: Breloom|Breloom, F|100\/100\n|turn|6\n|\n|t:|1697080014\n|move|p2a: Breloom|Protect|p2a: Breloom\n|-singleturn|p2a: Breloom|Protect\n|move|p1a: Iron Bundle|U-turn|p2a: Breloom\n|-activate|p2a: Breloom|move: Protect\n|move|p1b: Landorus|Stomping Tantrum|p2b: Metagross\n|-supereffective|p2b: Metagross\n|-damage|p2b: Metagross|0 fnt\n|faint|p2b: Metagross\n|-damage|p1b: Landorus|79\/100|[from] item: Life Orb\n|\n|upkeep\n|\n|t:|1697080028\n|switch|p2b: Purugly|Purugly, M|100\/100\n|turn|7\n|\n|t:|1697080040\n|-end|p1a: Iron Bundle|Quark Drive|[silent]\n|switch|p1a: Goodra|Goodra-Hisui, M|66\/100\n|-damage|p1a: Goodra|60\/100|[from] Stealth Rock\n|switch|p1b: Amoonguss|Amoonguss, M|100\/100\n|-damage|p1b: Amoonguss|88\/100|[from] Stealth Rock\n|move|p2b: Purugly|Fake Out|p1a: Goodra\n|-resisted|p1a: Goodra\n|-damage|p1a: Goodra|52\/100\n|move|p2a: Breloom|Bullet Seed|p1b: Amoonguss\n|-resisted|p1b: Amoonguss\n|-damage|p1b: Amoonguss|83\/100\n|-resisted|p1b: Amoonguss\n|-damage|p1b: Amoonguss|77\/100\n|-resisted|p1b: Amoonguss\n|-damage|p1b: Amoonguss|71\/100\n|-hitcount|p1b: Amoonguss|3\n|\n|-heal|p1a: Goodra|58\/100|[from] item: Leftovers\n|upkeep\n|turn|8\n|\n|t:|1697080061\n|switch|p2a: Gliscor|Gliscor, F|77\/100 tox\n|move|p2b: Purugly|Body Slam|p1b: Amoonguss\n|-crit|p1b: Amoonguss\n|-damage|p1b: Amoonguss|5\/100\n|-damage|p2b: Purugly|84\/100|[from] item: Rocky Helmet|[of] p1b: Amoonguss\n|move|p1a: Goodra|Acid Armor|p1a: Goodra\n|-boost|p1a: Goodra|def|2\n|move|p1b: Amoonguss|Spore|p2b: Purugly\n|-status|p2b: Purugly|slp|[from] move: Spore\n|\n|-heal|p1a: Goodra|64\/100|[from] item: Leftovers\n|-heal|p2a: Gliscor|90\/100 tox|[from] ability: Poison Heal\n|upkeep\n|turn|9\n|\n|t:|1697080087\n|cant|p2b: Purugly|slp\n|move|p2a: Gliscor|Facade|p1b: Amoonguss\n|-damage|p1b: Amoonguss|0 fnt\n|-damage|p2a: Gliscor|73\/100 tox|[from] item: Rocky Helmet|[of] p1b: Amoonguss\n|faint|p1b: Amoonguss\n|move|p1a: Goodra|Acid Armor|p1a: Goodra\n|-boost|p1a: Goodra|def|2\n|\n|-heal|p1a: Goodra|70\/100|[from] item: Leftovers\n|-heal|p2a: Gliscor|86\/100 tox|[from] ability: Poison Heal\n|upkeep\n|\n|t:|1697080104\n|switch|p1b: Landorus|Landorus-Therian, M|79\/100\n|-damage|p1b: Landorus|66\/100|[from] Stealth Rock\n|-ability|p1b: Landorus|Intimidate|boost\n|-unboost|p2a: Gliscor|atk|1\n|-unboost|p2b: Purugly|atk|1\n|-ability|p2b: Purugly|Defiant|boost\n|-boost|p2b: Purugly|atk|2\n|turn|10\n|\n|t:|1697080125\n|cant|p2b: Purugly|slp\n|move|p1b: Landorus|Stone Edge|p2a: Gliscor\n|-damage|p2a: Gliscor|55\/100 tox\n|-damage|p1b: Landorus|57\/100|[from] item: Life Orb\n|move|p2a: Gliscor|Roost|p2a: Gliscor\n|-heal|p2a: Gliscor|100\/100 tox\n|-singleturn|p2a: Gliscor|move: Roost\n|move|p1a: Goodra|Acid Armor|p1a: Goodra\n|-boost|p1a: Goodra|def|2\n|\n|-heal|p1a: Goodra|76\/100|[from] item: Leftovers\n|upkeep\n|turn|11\n|\n|t:|1697080152\n|switch|p1b: Grimmsnarl|Grimmsnarl, M|100\/100\n|-damage|p1b: Grimmsnarl|88\/100|[from] Stealth Rock\n|-curestatus|p2b: Purugly|slp|[msg]\n|move|p2b: Purugly|Body Slam|p1b: Grimmsnarl\n|-damage|p1b: Grimmsnarl|11\/100\n|move|p2a: Gliscor|Swords Dance|p2a: Gliscor\n|-boost|p2a: Gliscor|atk|2\n|move|p1a: Goodra|Body Press|p2b: Purugly\n|-supereffective|p2b: Purugly\n|-damage|p2b: Purugly|0 fnt\n|faint|p2b: Purugly\n|\n|-heal|p1a: Goodra|82\/100|[from] item: Leftovers\n|upkeep\n|\n|t:|1697080165\n|switch|p2b: Breloom|Breloom, F|100\/100\n|turn|12\n|\n|t:|1697080190\n|move|p1b: Grimmsnarl|Thunder Wave|p2a: Gliscor\n|-immune|p2a: Gliscor\n|move|p2a: Gliscor|Swords Dance|p2a: Gliscor\n|-boost|p2a: Gliscor|atk|2\n|move|p2b: Breloom|Spore|p1a: Goodra\n|-ability|p1a: Goodra|Sap Sipper|boost\n|-boost|p1a: Goodra|atk|1\n|move|p1a: Goodra|Body Press|p2a: Gliscor\n|-resisted|p2a: Gliscor\n|-damage|p2a: Gliscor|78\/100 tox\n|\n|-heal|p1a: Goodra|88\/100|[from] item: Leftovers\n|-heal|p2a: Gliscor|90\/100 tox|[from] ability: Poison Heal\n|upkeep\n|turn|13\n|inactive|Zera & Lucy has 120 seconds left.\n|\n|t:|1697080228\n|move|p1b: Grimmsnarl|Fake Out||[still]\n|-hint|Fake Out only works on your first turn out.\n|-fail|p1b: Grimmsnarl\n|move|p2b: Breloom|Mach Punch|p1b: Grimmsnarl\n|-damage|p1b: Grimmsnarl|0 fnt\n|faint|p1b: Grimmsnarl\n|move|p2a: Gliscor|Swords Dance|p2a: Gliscor\n|-boost|p2a: Gliscor|atk|2\n|move|p1a: Goodra|Body Press|p2b: Breloom\n|-enditem|p2b: Breloom|Focus Sash\n|-damage|p2b: Breloom|1\/100\n|\n|-heal|p1a: Goodra|94\/100|[from] item: Leftovers\n|-heal|p2a: Gliscor|100\/100 tox|[from] ability: Poison Heal\n|upkeep\n|\n|t:|1697080237\n|switch|p1b: Iron Bundle|Iron Bundle|76\/100\n|-damage|p1b: Iron Bundle|51\/100|[from] Stealth Rock\n|turn|14\n|\n|t:|1697080262\n|-terastallize|p2a: Gliscor|Ground\n|move|p2b: Breloom|Mach Punch|p1b: Iron Bundle\n|-supereffective|p1b: Iron Bundle\n|-damage|p1b: Iron Bundle|0 fnt\n|faint|p1b: Iron Bundle\n|-end|p1b: Iron Bundle|Quark Drive|[silent]\n|move|p2a: Gliscor|Earthquake|p1a: Goodra|[spread] p2b,p1a\n|-resisted|p2b: Breloom\n|-supereffective|p1a: Goodra\n|-damage|p2b: Breloom|0 fnt\n|-damage|p1a: Goodra|39\/100\n|faint|p2b: Breloom\n|move|p1a: Goodra|Dragon Tail|p2a: Gliscor\n|-damage|p2a: Gliscor|73\/100 tox\n|drag|p2a: Arcanine|Arcanine, F|80\/100\n|-ability|p2a: Arcanine|Intimidate|boost\n|-unboost|p1a: Goodra|atk|1\n|\n|-heal|p1a: Goodra|45\/100|[from] item: Leftovers\n|upkeep\n|\n|t:|1697080275\n|switch|p1b: Landorus|Landorus-Therian, M|57\/100\n|switch|p2b: Gliscor|Gliscor, F, tera:Ground|73\/100 tox\n|-damage|p1b: Landorus|44\/100|[from] Stealth Rock\n|-ability|p1b: Landorus|Intimidate|boost\n|-unboost|p2a: Arcanine|atk|1\n|-unboost|p2b: Gliscor|atk|1\n|turn|15\n|inactive|Noktumm has 120 seconds left.\n|\n|t:|1697080319\n|-terastallize|p1b: Landorus|Ground\n|move|p2a: Arcanine|Protect|p2a: Arcanine\n|-singleturn|p2a: Arcanine|Protect\n|move|p1b: Landorus|Stomping Tantrum|p2a: Arcanine\n|-activate|p2a: Arcanine|move: Protect\n|move|p2b: Gliscor|Swords Dance|p2b: Gliscor\n|-boost|p2b: Gliscor|atk|2\n|move|p1a: Goodra|Body Press|p2b: Gliscor\n|-damage|p2b: Gliscor|21\/100 tox\n|\n|-heal|p1a: Goodra|51\/100|[from] item: Leftovers\n|-heal|p2b: Gliscor|34\/100 tox|[from] ability: Poison Heal\n|upkeep\n|turn|16\n|inactive|Noktumm has 120 seconds left.\n|\n|t:|1697080341\n|move|p1b: Landorus|Stomping Tantrum|p2b: Gliscor\n|-damage|p2b: Gliscor|0 fnt\n|faint|p2b: Gliscor\n|-damage|p1b: Landorus|35\/100|[from] item: Life Orb\n|move|p2a: Arcanine|Will-O-Wisp|p1a: Goodra\n|-status|p1a: Goodra|brn\n|move|p1a: Goodra|Body Press|p2a: Arcanine\n|-crit|p2a: Arcanine\n|-damage|p2a: Arcanine|24\/100\n|-enditem|p2a: Arcanine|Sitrus Berry|[eat]\n|-heal|p2a: Arcanine|49\/100|[from] item: Sitrus Berry\n|\n|-heal|p1a: Goodra|57\/100 brn|[from] item: Leftovers\n|-damage|p1a: Goodra|51\/100 brn|[from] brn\n|upkeep\n|turn|17\n|\n|t:|1697080356\n|move|p2a: Arcanine|Extreme Speed|p1b: Landorus\n|-damage|p1b: Landorus|16\/100\n|move|p1b: Landorus|Stomping Tantrum|p2a: Arcanine\n|-supereffective|p2a: Arcanine\n|-damage|p2a: Arcanine|0 fnt\n|faint|p2a: Arcanine\n|-damage|p1b: Landorus|7\/100|[from] item: Life Orb\n|\n|win|Zera & Lucy\n|raw|Zera &amp; Lucy's rating: 1124 &rarr; <strong>1160<\/strong><br \/>(+36 for winning)\n|raw|Noktumm's rating: 1289 &rarr; <strong>1253<\/strong><br \/>(-36 for losing)\n|l|\u2606Noktumm\n","uploadtime":1697080364,"views":4,"p1id":"zeralucy","p2id":"noktumm","formatid":"gen9nationaldexdoubles","rating":1160,"private":0,"password":""}