{"id":"gen9nationaldexdoubles-1978085085","p1":"Vario 64\u2606\u5f61","p2":"InkyGoBoo!","format":"[Gen 9] National Dex Doubles","log":"|j|\u2606Vario 64\u2606\u5f61\n|j|\u2606InkyGoBoo!\n|t:|1698497100\n|gametype|doubles\n|player|p1|Vario 64\u2606\u5f61|ghetsis|\n|player|p2|InkyGoBoo!|nemona-s|\n|teamsize|p1|6\n|teamsize|p2|6\n|gen|9\n|tier|[Gen 9] National Dex Doubles\n|rule|HP Percentage Mod: HP is shown in percentages\n|rule|Endless Battle Clause: Forcing endless battles is banned\n|rule|OHKO Clause: OHKO moves are banned\n|rule|Evasion Moves Clause: Evasion moves are banned\n|rule|Evasion Abilities Clause: Evasion abilities are banned\n|rule|Species Clause: Limit one of each Pok\u00e9mon\n|rule|Gravity Sleep Clause: The combination of sleep-inducing moves with imperfect accuracy and Gravity or Gigantamax Orbeetle are banned\n|clearpoke\n|poke|p1|Ribombee, M|\n|poke|p1|Scizor, F|\n|poke|p1|Maushold-Four|\n|poke|p1|Urshifu-*, M|\n|poke|p1|Hydreigon, F|\n|poke|p1|Volcarona, F|\n|poke|p2|Tapu Koko|\n|poke|p2|Ampharos, F|\n|poke|p2|Raichu-Alola, F|\n|poke|p2|Iron Hands|\n|poke|p2|Iron Valiant|\n|poke|p2|Hawlucha, F|\n|teampreview\n|c|\u2606InkyGoBoo!|Glhf!\n|\n|t:|1698497135\n|start\n|switch|p1a: Hydreigon|Hydreigon, F|100\/100\n|switch|p1b: Ribombee|Ribombee, M|100\/100\n|switch|p2a: Guardian Of W's|Tapu Koko, shiny|100\/100\n|switch|p2b: Hawlucha|Hawlucha, F, shiny|100\/100\n|-fieldstart|move: Electric Terrain|[from] ability: Electric Surge|[of] p2a: Guardian Of W's\n|-enditem|p2b: Hawlucha|Electric Seed\n|-boost|p2b: Hawlucha|def|1|[from] item: Electric Seed\n|turn|1\n|inactive|Battle timer is ON: inactive players will automatically lose when time's up. (requested by InkyGoBoo!)\n|\n|t:|1698497160\n|move|p2b: Hawlucha|Acrobatics|p1b: Ribombee\n|-supereffective|p1b: Ribombee\n|-damage|p1b: Ribombee|0 fnt\n|faint|p1b: Ribombee\n|move|p2a: Guardian Of W's|Dazzling Gleam|p1a: Hydreigon\n|-supereffective|p1a: Hydreigon\n|-damage|p1a: Hydreigon|0 fnt\n|faint|p1a: Hydreigon\n|\n|upkeep\n|\n|t:|1698497169\n|switch|p1b: Maushold|Maushold-Four|100\/100\n|switch|p1a: Scizor|Scizor, F|100\/100\n|turn|2\n|inactive|InkyGoBoo! has 270 seconds left.\n|c|\u2606Vario 64\u2606\u5f61|T1 was a big oof\n|\n|t:|1698497215\n|detailschange|p1a: Scizor|Scizor-Mega, F\n|-mega|p1a: Scizor|Scizor|Scizorite\n|move|p2b: Hawlucha|Protect|p2b: Hawlucha\n|-singleturn|p2b: Hawlucha|Protect\n|move|p1b: Maushold|Protect|p1b: Maushold\n|-singleturn|p1b: Maushold|Protect\n|move|p2a: Guardian Of W's|Reflect|p2a: Guardian Of W's\n|-sidestart|p2: InkyGoBoo!|Reflect\n|move|p1a: Scizor|Swords Dance|p1a: Scizor\n|-boost|p1a: Scizor|atk|2\n|\n|upkeep\n|turn|3\n|inactive|InkyGoBoo! has 270 seconds left.\n|\n|t:|1698497237\n|-terastallize|p2b: Hawlucha|Flying\n|move|p1b: Maushold|Follow Me|p1b: Maushold\n|-singleturn|p1b: Maushold|move: Follow Me\n|move|p2b: Hawlucha|Acrobatics|p1b: Maushold\n|-damage|p1b: Maushold|16\/100\n|move|p2a: Guardian Of W's|Volt Switch|p1b: Maushold\n|-damage|p1b: Maushold|0 fnt\n|faint|p1b: Maushold\n|inactive|InkyGoBoo! has 240 seconds left.\n|\n|t:|1698497289\n|switch|p2a: Beeg Boi|Iron Hands, shiny|100\/100|[from] Volt Switch\n|-activate|p2a: Beeg Boi|ability: Quark Drive\n|-start|p2a: Beeg Boi|quarkdriveatk\n|move|p1a: Scizor|Swords Dance|p1a: Scizor\n|-boost|p1a: Scizor|atk|2\n|\n|upkeep\n|inactive|Vario 64\u2606\u5f61 has 270 seconds left.\n|\n|t:|1698497319\n|switch|p1b: Urshifu|Urshifu-Rapid-Strike, M|100\/100\n|turn|4\n|\n|t:|1698497331\n|move|p1b: Urshifu|Protect|p1b: Urshifu\n|-singleturn|p1b: Urshifu|Protect\n|move|p2a: Beeg Boi|Fake Out|p1a: Scizor\n|-resisted|p1a: Scizor\n|-damage|p1a: Scizor|93\/100\n|cant|p1a: Scizor|flinch\n|move|p2b: Hawlucha|Acrobatics|p1b: Urshifu\n|-activate|p1b: Urshifu|move: Protect\n|\n|upkeep\n|turn|5\n|\n|t:|1698497351\n|move|p1a: Scizor|Bullet Punch|p2b: Hawlucha\n|-damage|p2b: Hawlucha|27\/100\n|move|p2b: Hawlucha|Acrobatics|p1b: Urshifu\n|-supereffective|p1b: Urshifu\n|-damage|p1b: Urshifu|0 fnt\n|faint|p1b: Urshifu\n|move|p2a: Beeg Boi|Close Combat|p1a: Scizor\n|-damage|p1a: Scizor|18\/100\n|-unboost|p2a: Beeg Boi|def|1\n|-unboost|p2a: Beeg Boi|spd|1\n|\n|-fieldend|move: Electric Terrain\n|-end|p2a: Beeg Boi|Quark Drive\n|upkeep\n|\n|t:|1698497358\n|switch|p1b: Volcarona|Volcarona, F|100\/100\n|turn|6\n|\n|t:|1698497369\n|-terastallize|p1b: Volcarona|Grass\n|move|p2b: Hawlucha|Protect|p2b: Hawlucha\n|-singleturn|p2b: Hawlucha|Protect\n|move|p1a: Scizor|Bullet Punch|p2b: Hawlucha\n|-activate|p2b: Hawlucha|move: Protect\n|move|p1b: Volcarona|Quiver Dance|p1b: Volcarona\n|-boost|p1b: Volcarona|spa|1\n|-boost|p1b: Volcarona|spd|1\n|-boost|p1b: Volcarona|spe|1\n|move|p2a: Beeg Boi|Thunder Punch|p1a: Scizor\n|-damage|p1a: Scizor|0 fnt\n|faint|p1a: Scizor\n|\n|upkeep\n|turn|7\n|\n|t:|1698497386\n|move|p2b: Hawlucha|Acrobatics|p1b: Volcarona\n|-supereffective|p1b: Volcarona\n|-damage|p1b: Volcarona|0 fnt\n|faint|p1b: Volcarona\n|\n|win|InkyGoBoo!\n|c|\u2606InkyGoBoo!|Gg!~\n|c|\u2606Vario 64\u2606\u5f61|Gg!\n","uploadtime":1698497402,"views":17,"p1id":"vario64","p2id":"inkygoboo","formatid":"gen9nationaldexdoubles","rating":0,"private":0,"password":""}