{"id":"gen9nationaldexdoubles-1956627043","p1":"Maakiduabaapkamaar","p2":"nawaz787","format":"[Gen 9] National Dex Doubles","log":"|j|\u2606Maakiduabaapkamaar\n|j|\u2606nawaz787\n|t:|1696128193\n|gametype|doubles\n|player|p1|Maakiduabaapkamaar|linebacker|\n|player|p2|nawaz787|burglar|\n|teamsize|p1|6\n|teamsize|p2|6\n|gen|9\n|tier|[Gen 9] National Dex Doubles\n|rule|HP Percentage Mod: HP is shown in percentages\n|rule|Endless Battle Clause: Forcing endless battles is banned\n|rule|OHKO Clause: OHKO moves are banned\n|rule|Evasion Moves Clause: Evasion moves are banned\n|rule|Evasion Abilities Clause: Evasion abilities are banned\n|rule|Species Clause: Limit one of each Pok\u00e9mon\n|rule|Gravity Sleep Clause: The combination of sleep-inducing moves with imperfect accuracy and Gravity or Gigantamax Orbeetle are banned\n|clearpoke\n|poke|p1|Iron Moth|\n|poke|p1|Iron Hands|\n|poke|p1|Dragonite, M|\n|poke|p1|Tyranitar, M|\n|poke|p1|Charizard, F|\n|poke|p1|Zamazenta-*|\n|poke|p2|Dragonite, M|\n|poke|p2|Incineroar, M|\n|poke|p2|Indeedee-F, F|\n|poke|p2|Meowscarada, M|\n|poke|p2|Charizard, M|\n|poke|p2|Raichu, F|\n|teampreview\n|\n|t:|1696128203\n|start\n|switch|p1a: Iron Hands|Iron Hands|100\/100\n|switch|p1b: Zamazenta|Zamazenta|100\/100\n|switch|p2a: Indeedee|Indeedee-F, F|100\/100\n|switch|p2b: Charizard|Charizard, M|100\/100\n|-ability|p1b: Zamazenta|Dauntless Shield|boost\n|-boost|p1b: Zamazenta|def|1\n|turn|1\n|\n|t:|1696128217\n|detailschange|p2b: Charizard|Charizard-Mega-X, M\n|-mega|p2b: Charizard|Charizard|Charizardite X\n|-terastallize|p1a: Iron Hands|Fighting\n|move|p2a: Indeedee|Follow Me|p2a: Indeedee\n|-singleturn|p2a: Indeedee|move: Follow Me\n|move|p1b: Zamazenta|Wild Charge|p2a: Indeedee\n|-damage|p2a: Indeedee|46\/100\n|-damage|p1b: Zamazenta|88\/100|[from] Recoil\n|move|p2b: Charizard|Swords Dance|p2b: Charizard\n|-boost|p2b: Charizard|atk|2\n|move|p1a: Iron Hands|Drain Punch|p2a: Indeedee\n|-damage|p2a: Indeedee|0 fnt\n|faint|p2a: Indeedee\n|\n|upkeep\n|\n|t:|1696128243\n|switch|p2a: Dragonite|Dragonite, M|100\/100\n|turn|2\n|\n|t:|1696128255\n|switch|p1b: Charizard|Charizard, F, shiny|100\/100\n|-end|p1a: Iron Hands|Quark Drive|[silent]\n|switch|p1a: Tyranitar|Tyranitar, M, shiny|100\/100\n|-weather|Sandstorm|[from] ability: Sand Stream|[of] p1a: Tyranitar\n|move|p2b: Charizard|Earthquake|p1a: Tyranitar|[spread] p1a\n|-immune|p2a: Dragonite\n|-immune|p1b: Charizard\n|-supereffective|p1a: Tyranitar\n|-damage|p1a: Tyranitar|16\/100\n|-enditem|p1a: Tyranitar|Aguav Berry|[eat]\n|-heal|p1a: Tyranitar|49\/100|[from] item: Aguav Berry\n|-start|p1a: Tyranitar|confusion\n|move|p2a: Dragonite|Tailwind|p2a: Dragonite\n|-sidestart|p2: nawaz787|move: Tailwind\n|\n|-weather|Sandstorm|[upkeep]\n|-damage|p2b: Charizard|94\/100|[from] Sandstorm\n|-damage|p2a: Dragonite|94\/100|[from] Sandstorm\n|-damage|p1b: Charizard|94\/100|[from] Sandstorm\n|upkeep\n|turn|3\n|\n|t:|1696128289\n|detailschange|p1b: Charizard|Charizard-Mega-X, F, shiny\n|-mega|p1b: Charizard|Charizard|Charizardite X\n|move|p2a: Dragonite|Extreme Speed|p1b: Charizard\n|-damage|p1b: Charizard|69\/100\n|move|p2b: Charizard|Earthquake|p1a: Tyranitar|[spread] p1a,p1b\n|-immune|p2a: Dragonite\n|-supereffective|p1a: Tyranitar\n|-supereffective|p1b: Charizard\n|-damage|p1a: Tyranitar|0 fnt\n|-damage|p1b: Charizard|0 fnt\n|faint|p1a: Tyranitar\n|faint|p1b: Charizard\n|\n|-weather|Sandstorm|[upkeep]\n|-damage|p2b: Charizard|88\/100|[from] Sandstorm\n|-damage|p2a: Dragonite|88\/100|[from] Sandstorm\n|upkeep\n|\n|t:|1696128302\n|switch|p1a: Iron Hands|Iron Hands, tera:Fighting|100\/100\n|switch|p1b: Zamazenta|Zamazenta|88\/100\n|turn|4\n|\n|t:|1696128311\n|move|p2b: Charizard|Earthquake|p1b: Zamazenta|[spread] p1a,p1b\n|-immune|p2a: Dragonite\n|-damage|p1a: Iron Hands|72\/100\n|-damage|p1b: Zamazenta|46\/100\n|move|p2a: Dragonite|Earthquake|p1b: Zamazenta|[spread] p2b,p1a,p1b\n|-supereffective|p2b: Charizard\n|-damage|p2b: Charizard|38\/100\n|-damage|p1a: Iron Hands|58\/100\n|-damage|p1b: Zamazenta|25\/100\n|move|p1b: Zamazenta|Wild Charge|p2b: Charizard\n|-resisted|p2b: Charizard\n|-damage|p2b: Charizard|16\/100\n|-damage|p1b: Zamazenta|20\/100|[from] Recoil\n|move|p1a: Iron Hands|Drain Punch|p2b: Charizard\n|-damage|p2b: Charizard|0 fnt\n|-heal|p1a: Iron Hands|63\/100|[from] drain|[of] p2b: Charizard\n|faint|p2b: Charizard\n|\n|-weather|Sandstorm|[upkeep]\n|-damage|p2a: Dragonite|82\/100|[from] Sandstorm\n|-damage|p1b: Zamazenta|13\/100|[from] Sandstorm\n|-damage|p1a: Iron Hands|57\/100|[from] Sandstorm\n|upkeep\n|\n|t:|1696128334\n|switch|p2b: Raichu|Raichu, F|100\/100\n|turn|5\n|\n|t:|1696128346\n|switch|p2a: Incineroar|Incineroar, M|100\/100\n|move|p2b: Raichu|Thunderbolt|p1b: Zamazenta\n|-damage|p1b: Zamazenta|0 fnt\n|faint|p1b: Zamazenta\n|move|p1a: Iron Hands|Drain Punch|p2a: Incineroar\n|-supereffective|p2a: Incineroar\n|-damage|p2a: Incineroar|0 fnt\n|-heal|p1a: Iron Hands|89\/100|[from] drain|[of] p2a: Incineroar\n|faint|p2a: Incineroar\n|\n|-weather|Sandstorm|[upkeep]\n|-damage|p2b: Raichu|94\/100|[from] Sandstorm\n|-damage|p1a: Iron Hands|83\/100|[from] Sandstorm\n|-sideend|p2: nawaz787|move: Tailwind\n|upkeep\n|\n|t:|1696128364\n|switch|p1b: Dragonite|Dragonite, M, shiny|100\/100\n|switch|p2a: Dragonite|Dragonite, M|82\/100\n|turn|6\n|\n|t:|1696128381\n|move|p2b: Raichu|Thunderbolt|p1a: Iron Hands\n|-damage|p1a: Iron Hands|50\/100\n|move|p1b: Dragonite|Draco Meteor|p2a: Dragonite\n|-supereffective|p2a: Dragonite\n|-damage|p2a: Dragonite|9\/100\n|-unboost|p1b: Dragonite|spa|2\n|-enditem|p2a: Dragonite|Aguav Berry|[eat]\n|-heal|p2a: Dragonite|42\/100|[from] item: Aguav Berry\n|move|p2a: Dragonite|Dragon Claw|p1b: Dragonite\n|-supereffective|p1b: Dragonite\n|-damage|p1b: Dragonite|8\/100\n|move|p1a: Iron Hands|Drain Punch|p2a: Dragonite\n|-resisted|p2a: Dragonite\n|-damage|p2a: Dragonite|0 fnt\n|-heal|p1a: Iron Hands|64\/100|[from] drain|[of] p2a: Dragonite\n|faint|p2a: Dragonite\n|\n|-weather|none\n|upkeep\n|\n|t:|1696128402\n|switch|p2a: Meowscarada|Meowscarada, M|100\/100\n|turn|7\n|\n|t:|1696128415\n|move|p2a: Meowscarada|Ally Switch|p2a: Meowscarada\n|swap|p2a: Meowscarada|1|[from] move: Ally Switch\n|move|p2a: Raichu|Thunderbolt|p1b: Dragonite\n|-damage|p1b: Dragonite|0 fnt\n|faint|p1b: Dragonite\n|move|p1a: Iron Hands|Drain Punch|p2b: Meowscarada\n|-supereffective|p2b: Meowscarada\n|-damage|p2b: Meowscarada|0 fnt\n|-heal|p1a: Iron Hands|94\/100|[from] drain|[of] p2b: Meowscarada\n|faint|p2b: Meowscarada\n|\n|upkeep\n|\n|t:|1696128424\n|switch|p1b: Iron Moth|Iron Moth|100\/100\n|turn|8\n|\n|t:|1696128434\n|move|p1b: Iron Moth|Hurricane|p2a: Raichu\n|-resisted|p2a: Raichu\n|-damage|p2a: Raichu|66\/100\n|move|p2a: Raichu|Fly||[still]\n|-prepare|p2a: Raichu|Fly\n|move|p1a: Iron Hands|Drain Punch|p2a: Raichu|[miss]\n|-miss|p1a: Iron Hands|p2a: Raichu\n|\n|upkeep\n|turn|9\n|\n|t:|1696128446\n|move|p1b: Iron Moth|Dazzling Gleam|p2a: Raichu|[miss]\n|-miss|p1b: Iron Moth|p2a: Raichu\n|move|p2a: Raichu|Fly|p1a: Iron Hands|[from]lockedmove\n|-supereffective|p1a: Iron Hands\n|-damage|p1a: Iron Hands|71\/100\n|move|p1a: Iron Hands|Drain Punch|p2a: Raichu\n|-damage|p2a: Raichu|0 fnt\n|-heal|p1a: Iron Hands|88\/100|[from] drain|[of] p2a: Raichu\n|faint|p2a: Raichu\n|\n|win|Maakiduabaapkamaar\n|l|\u2606nawaz787\n","uploadtime":1696128463,"views":4,"p1id":"maakiduabaapkamaar","p2id":"nawaz787","formatid":"gen9nationaldexdoubles","rating":0,"private":0,"password":""}