{"id":"gen9nationaldexdoubles-1964302767","p1":"Balazs1102","p2":"4rfger","format":"[Gen 9] National Dex Doubles","log":"|j|\u2606Balazs1102\n|j|\u26064rfger\n|t:|1696958069\n|gametype|doubles\n|player|p1|Balazs1102|jogger|1206\n|player|p2|4rfger|roark|1386\n|teamsize|p1|6\n|teamsize|p2|6\n|gen|9\n|tier|[Gen 9] National Dex Doubles\n|rated|\n|rule|HP Percentage Mod: HP is shown in percentages\n|rule|Endless Battle Clause: Forcing endless battles is banned\n|rule|OHKO Clause: OHKO moves are banned\n|rule|Evasion Moves Clause: Evasion moves are banned\n|rule|Evasion Abilities Clause: Evasion abilities are banned\n|rule|Species Clause: Limit one of each Pok\u00e9mon\n|rule|Gravity Sleep Clause: The combination of sleep-inducing moves with imperfect accuracy and Gravity or Gigantamax Orbeetle are banned\n|clearpoke\n|poke|p1|Mawile, F|\n|poke|p1|Indeedee-F, F|\n|poke|p1|Ribombee, M|\n|poke|p1|Tapu Fini|\n|poke|p1|Mimikyu, M|\n|poke|p1|Gardevoir, F|\n|poke|p2|Tyranitar, M|\n|poke|p2|Garganacl, M|\n|poke|p2|Stakataka|\n|poke|p2|Aggron, M|\n|poke|p2|Ogerpon-Cornerstone, F|\n|poke|p2|Shuckle, F|\n|teampreview\n|inactive|Battle timer is ON: inactive players will automatically lose when time's up. (requested by Balazs1102)\n|c|\u26064rfger|Hi\n|c|\u26064rfger|i'm the power of ROCK\n|c|\u26064rfger|Im having a training arc\n|c|\u2606Balazs1102|okay\n|c|\u26064rfger|but mwhahaha you ran into me\n|inactive|Balazs1102 has 120 seconds left.\n|inactive|4rfger has 120 seconds left.\n|c|\u2606Balazs1102|You are the rock gim leader right?\n|\n|t:|1696958115\n|start\n|switch|p1a: Alactria|Mawile, F|100\/100\n|switch|p1b: Indeedee|Indeedee-F, F|100\/100\n|switch|p2a: Stakataka|Stakataka|100\/100\n|switch|p2b: Ogerpon|Ogerpon-Cornerstone, F|100\/100\n|-fieldstart|move: Psychic Terrain|[from] ability: Psychic Surge|[of] p1b: Indeedee\n|-ability|p1a: Alactria|Intimidate|boost\n|-unboost|p2a: Stakataka|atk|1\n|-unboost|p2b: Ogerpon|atk|1\n|turn|1\n|c|\u26064rfger|yep\n|c|\u2606Balazs1102|Well do you remember me?\n|c|\u26064rfger|of course\n|c|\u2606Balazs1102|okay\n|c|\u26064rfger|thats why i said what i said\n|c|\u2606Balazs1102|let's see what happens then\n|c|\u26064rfger|i'll change my alt after\n|inactive|4rfger has 120 seconds left.\n|\n|t:|1696958171\n|detailschange|p1a: Alactria|Mawile-Mega, F\n|-mega|p1a: Alactria|Mawile|Mawilite\n|-singleturn|p1a: Alactria|move: Focus Punch\n|move|p1b: Indeedee|Follow Me|p1b: Indeedee\n|-singleturn|p1b: Indeedee|move: Follow Me\n|move|p2b: Ogerpon|Swords Dance|p2b: Ogerpon\n|-boost|p2b: Ogerpon|atk|2\n|move|p2a: Stakataka|Heat Crash|p1b: Indeedee\n|-damage|p1b: Indeedee|57\/100\n|move|p1a: Alactria|Focus Punch|p2a: Stakataka\n|-supereffective|p2a: Stakataka\n|-enditem|p2a: Stakataka|Focus Sash\n|-damage|p2a: Stakataka|1\/100\n|\n|upkeep\n|turn|2\n|\n|t:|1696958188\n|switch|p1b: Tapu Fini|Tapu Fini|100\/100\n|-fieldstart|move: Misty Terrain|[from] ability: Misty Surge|[of] p1b: Tapu Fini\n|move|p2b: Ogerpon|Ivy Cudgel|p1b: Tapu Fini\n|-crit|p1b: Tapu Fini\n|-damage|p1b: Tapu Fini|0 fnt\n|faint|p1b: Tapu Fini\n|move|p1a: Alactria|Play Rough|p2b: Ogerpon\n|-ability|p2b: Ogerpon|Sturdy\n|-damage|p2b: Ogerpon|1\/100\n|move|p2a: Stakataka|Trick Room|p2a: Stakataka\n|-fieldstart|move: Trick Room|[of] p2a: Stakataka\n|\n|upkeep\n|\n|t:|1696958200\n|switch|p1b: Mimikyu|Mimikyu, M|100\/100\n|turn|3\n|\n|t:|1696958209\n|move|p1a: Alactria|Sucker Punch|p2b: Ogerpon\n|-damage|p2b: Ogerpon|0 fnt\n|faint|p2b: Ogerpon\n|move|p1b: Mimikyu|Shadow Sneak|p2a: Stakataka\n|-damage|p2a: Stakataka|0 fnt\n|faint|p2a: Stakataka\n|\n|upkeep\n|\n|t:|1696958215\n|switch|p2a: Garganacl|Garganacl, M|100\/100\n|switch|p2b: Shuckle|Shuckle, F|100\/100\n|turn|4\n|c|\u2606Balazs1102|I have power and priority now\n|c|\u2606Balazs1102|this is alactria's strongest form so far!\n|c|\u26064rfger|Don't underestimate my ROCKS\n|\n|t:|1696958235\n|-terastallize|p2a: Garganacl|Ghost\n|move|p2b: Shuckle|Guard Split|p2a: Garganacl\n|-activate|p2b: Shuckle|move: Guard Split|[of] p2a: Garganacl\n|move|p2a: Garganacl|Iron Defense|p2a: Garganacl\n|-boost|p2a: Garganacl|def|2\n|move|p1a: Alactria|Swords Dance|p1a: Alactria\n|-boost|p1a: Alactria|atk|2\n|move|p1b: Mimikyu|Swords Dance|p1b: Mimikyu\n|-boost|p1b: Mimikyu|atk|2\n|\n|upkeep\n|turn|5\n|c|\u26064rfger|you out of all people should know\n|c|\u26064rfger|my power\n|c|\u2606Balazs1102|I know it\n|\n|t:|1696958253\n|switch|p2b: Aggron|Aggron, M|100\/100\n|move|p2a: Garganacl|Salt Cure|p1a: Alactria\n|-resisted|p1a: Alactria\n|-damage|p1a: Alactria|95\/100\n|-start|p1a: Alactria|Salt Cure\n|move|p1a: Alactria|Play Rough|p2b: Aggron\n|-resisted|p2b: Aggron\n|-damage|p2b: Aggron|60\/100\n|move|p1b: Mimikyu|Curse|p2a: Garganacl\n|-start|p2a: Garganacl|Curse|[of] p1b: Mimikyu\n|-damage|p1b: Mimikyu|51\/100\n|\n|-damage|p2a: Garganacl|75\/100|[from] Curse\n|-damage|p1a: Alactria|70\/100|[from] Salt Cure\n|upkeep\n|turn|6\n|c|\u2606Balazs1102|but I have something stronger\n|\n|t:|1696958276\n|switch|p2a: Shuckle|Shuckle, F|100\/100\n|switch|p1b: Gardevoir|Gardevoir, F|100\/100\n|-ability|p1b: Gardevoir|Sturdy|[from] ability: Trace|[of] p2a: Shuckle\n|detailschange|p2b: Aggron|Aggron-Mega, M\n|-mega|p2b: Aggron|Aggron|Aggronite\n|move|p1a: Alactria|Sucker Punch||[still]\n|-fail|p1a: Alactria\n|move|p2b: Aggron|Body Press|p1a: Alactria\n|-damage|p1a: Alactria|22\/100\n|\n|-damage|p1a: Alactria|0 fnt|[from] Salt Cure\n|faint|p1a: Alactria\n|-fieldend|move: Trick Room\n|-fieldend|Misty Terrain\n|upkeep\n|inactive|Balazs1102 has 120 seconds left.\n|\n|t:|1696958295\n|switch|p1a: Ribombee|Ribombee, M|100\/100\n|turn|7\n|\n|t:|1696958306\n|switch|p2b: Tyranitar|Tyranitar, M|100\/100\n|-weather|Sandstorm|[from] ability: Sand Stream|[of] p2b: Tyranitar\n|move|p1a: Ribombee|Quiver Dance|p1a: Ribombee\n|-boost|p1a: Ribombee|spa|1\n|-boost|p1a: Ribombee|spd|1\n|-boost|p1a: Ribombee|spe|1\n|move|p1b: Gardevoir|Mystical Fire|p2b: Tyranitar\n|-resisted|p2b: Tyranitar\n|-damage|p2b: Tyranitar|96\/100\n|-unboost|p2b: Tyranitar|spa|1\n|-damage|p1b: Gardevoir|91\/100|[from] item: Life Orb\n|move|p2a: Shuckle|Guard Split|p2b: Tyranitar\n|-activate|p2a: Shuckle|move: Guard Split|[of] p2b: Tyranitar\n|\n|-weather|Sandstorm|[upkeep]\n|-damage|p1a: Ribombee|94\/100|[from] Sandstorm\n|-damage|p1b: Gardevoir|85\/100|[from] Sandstorm\n|upkeep\n|turn|8\n|\n|t:|1696958325\n|switch|p2a: Garganacl|Garganacl, M, tera:Ghost|75\/100\n|move|p1a: Ribombee|Moonblast|p2b: Tyranitar\n|-supereffective|p2b: Tyranitar\n|-damage|p2b: Tyranitar|72\/100\n|move|p1b: Gardevoir|Energy Ball|p2b: Tyranitar\n|-supereffective|p2b: Tyranitar\n|-damage|p2b: Tyranitar|57\/100\n|-damage|p1b: Gardevoir|75\/100|[from] item: Life Orb\n|move|p2b: Tyranitar|Stone Edge|p1a: Ribombee\n|-supereffective|p1a: Ribombee\n|-damage|p1a: Ribombee|0 fnt\n|faint|p1a: Ribombee\n|\n|-weather|Sandstorm|[upkeep]\n|-damage|p1b: Gardevoir|69\/100|[from] Sandstorm\n|-damage|p2a: Garganacl|69\/100|[from] Sandstorm\n|-heal|p2a: Garganacl|75\/100|[from] item: Leftovers\n|upkeep\n|c|\u2606Balazs1102|you really go hard with the shucks\n|\n|t:|1696958344\n|switch|p1a: Mimikyu|Mimikyu, M|51\/100\n|turn|9\n|\n|t:|1696958360\n|-zpower|p1a: Mimikyu\n|move|p1a: Mimikyu|Let's Snuggle Forever|p2a: Garganacl|[zeffect]\n|-damage|p2a: Garganacl|28\/100\n|move|p1b: Gardevoir|Expanding Force|p2a: Garganacl\n|-damage|p2a: Garganacl|0 fnt\n|faint|p2a: Garganacl\n|-damage|p1b: Gardevoir|59\/100|[from] item: Life Orb\n|move|p2b: Tyranitar|Knock Off|p1b: Gardevoir\n|-damage|p1b: Gardevoir|0 fnt\n|-enditem|p1b: Gardevoir|Life Orb|[from] move: Knock Off|[of] p2b: Tyranitar\n|faint|p1b: Gardevoir\n|\n|-weather|Sandstorm|[upkeep]\n|-damage|p1a: Mimikyu|45\/100|[from] Sandstorm\n|upkeep\n|c|\u26064rfger|yep\n|\n|t:|1696958376\n|switch|p1b: Indeedee|Indeedee-F, F|57\/100\n|switch|p2a: Shuckle|Shuckle, F|100\/100\n|-fieldstart|move: Psychic Terrain|[from] ability: Psychic Surge|[of] p1b: Indeedee\n|turn|10\n|\n|t:|1696958387\n|move|p1a: Mimikyu|Swords Dance|p1a: Mimikyu\n|-boost|p1a: Mimikyu|atk|2\n|move|p1b: Indeedee|Heal Pulse|p1a: Mimikyu\n|-heal|p1a: Mimikyu|95\/100\n|move|p2b: Tyranitar|Knock Off|p1b: Indeedee\n|-supereffective|p1b: Indeedee\n|-damage|p1b: Indeedee|0 fnt\n|-enditem|p1b: Indeedee|Wiki Berry|[from] move: Knock Off|[of] p2b: Tyranitar\n|faint|p1b: Indeedee\n|move|p2a: Shuckle|Infestation|p1a: Mimikyu\n|-activate|p1a: Mimikyu|ability: Disguise\n|-damage|p1a: Mimikyu|95\/100\n|-activate|p1a: Mimikyu|move: Infestation|[of] p2a: Shuckle\n|detailschange|p1a: Mimikyu|Mimikyu-Busted, M\n|-damage|p1a: Mimikyu|83\/100|[from] pokemon: Mimikyu-Busted\n|\n|-weather|Sandstorm|[upkeep]\n|-damage|p1a: Mimikyu|77\/100|[from] Sandstorm\n|-damage|p1a: Mimikyu|64\/100|[from] move: Infestation|[partiallytrapped]\n|upkeep\n|turn|11\n|c|\u2606Balazs1102|you know you can guard split again\n|c|\u2606Balazs1102|gg\n|\n|t:|1696958410\n|move|p1a: Mimikyu|Play Rough|p2b: Tyranitar\n|-supereffective|p2b: Tyranitar\n|-damage|p2b: Tyranitar|0 fnt\n|faint|p2b: Tyranitar\n|move|p2a: Shuckle|Infestation|p1a: Mimikyu\n|-resisted|p1a: Mimikyu\n|-damage|p1a: Mimikyu|64\/100\n|\n|-weather|none\n|-damage|p1a: Mimikyu|51\/100|[from] move: Infestation|[partiallytrapped]\n|upkeep\n|\n|t:|1696958414\n|switch|p2b: Aggron|Aggron-Mega, M|60\/100\n|turn|12\n|c|\u26064rfger|gg\n|\n|t:|1696958427\n|move|p1a: Mimikyu|Curse|p2b: Aggron\n|-start|p2b: Aggron|Curse|[of] p1a: Mimikyu\n|-damage|p1a: Mimikyu|2\/100\n|move|p2b: Aggron|Iron Defense|p2b: Aggron\n|-boost|p2b: Aggron|def|2\n|move|p2a: Shuckle|Knock Off|p1a: Mimikyu\n|-damage|p1a: Mimikyu|0 fnt\n|faint|p1a: Mimikyu\n|\n|win|4rfger\n|raw|Balazs1102's rating: 1206 &rarr; <strong>1193<\/strong><br \/>(-13 for losing)\n|raw|4rfger's rating: 1386 &rarr; <strong>1396<\/strong><br \/>(+10 for winning)\n","uploadtime":1696958439,"views":3,"p1id":"balazs1102","p2id":"4rfger","formatid":"gen9nationaldexdoubles","rating":1193,"private":0,"password":""}