{"id":"gen9nationaldexdoubles-1974288144","p1":"milesforhire","p2":"xdtrainer","format":"[Gen 9] National Dex Doubles","log":"|j|\u2606milesforhire\n|j|\u2606xdtrainer\n|t:|1698075033\n|gametype|doubles\n|player|p1|milesforhire|rosa-masters2|1126\n|player|p2|xdtrainer|169|1321\n|teamsize|p1|6\n|teamsize|p2|6\n|gen|9\n|tier|[Gen 9] National Dex Doubles\n|rated|\n|rule|HP Percentage Mod: HP is shown in percentages\n|rule|Endless Battle Clause: Forcing endless battles is banned\n|rule|OHKO Clause: OHKO moves are banned\n|rule|Evasion Moves Clause: Evasion moves are banned\n|rule|Evasion Abilities Clause: Evasion abilities are banned\n|rule|Species Clause: Limit one of each Pok\u00e9mon\n|rule|Gravity Sleep Clause: The combination of sleep-inducing moves with imperfect accuracy and Gravity or Gigantamax Orbeetle are banned\n|clearpoke\n|poke|p1|Abomasnow, M|\n|poke|p1|Froslass, F|\n|poke|p1|Bronzong|\n|poke|p1|Glaceon, M|\n|poke|p1|Hariyama, M|\n|poke|p1|Alomomola, F|\n|poke|p2|Flutter Mane|\n|poke|p2|Slaking, F|\n|poke|p2|Weezing-Galar, M|\n|poke|p2|Tornadus, M|\n|poke|p2|Ogerpon-Hearthflame, F|\n|poke|p2|Toedscruel, M|\n|teampreview\n|inactive|Battle timer is ON: inactive players will automatically lose when time's up. (requested by xdtrainer)\n|\n|t:|1698075048\n|start\n|switch|p1a: Froslass|Froslass, F|100\/100\n|switch|p1b: Hariyama|Hariyama, M|100\/100\n|switch|p2a: Slaking|Slaking, F|100\/100\n|switch|p2b: Weezing|Weezing-Galar, M|100\/100\n|-ability|p2b: Weezing|Neutralizing Gas\n|turn|1\n|\n|t:|1698075064\n|move|p1b: Hariyama|Fake Out|p2b: Weezing\n|-damage|p2b: Weezing|87\/100\n|-damage|p1b: Hariyama|84\/100|[from] item: Rocky Helmet|[of] p2b: Weezing\n|move|p1a: Froslass|Thunder Wave|p2a: Slaking|[miss]\n|-miss|p1a: Froslass|p2a: Slaking\n|move|p2a: Slaking|Heavy Slam|p1a: Froslass\n|-supereffective|p1a: Froslass\n|-enditem|p1a: Froslass|Focus Sash\n|-damage|p1a: Froslass|1\/100\n|cant|p2b: Weezing|flinch\n|\n|upkeep\n|turn|2\n|\n|t:|1698075084\n|move|p1b: Hariyama|Bullet Punch|p2b: Weezing\n|-supereffective|p2b: Weezing\n|-damage|p2b: Weezing|63\/100\n|-damage|p1b: Hariyama|67\/100|[from] item: Rocky Helmet|[of] p2b: Weezing\n|move|p1a: Froslass|Thunder Wave|p2a: Slaking\n|-status|p2a: Slaking|par\n|move|p2b: Weezing|Will-O-Wisp|p1b: Hariyama\n|-status|p1b: Hariyama|brn\n|move|p2a: Slaking|Heavy Slam|p1b: Hariyama\n|-damage|p1b: Hariyama|46\/100 brn\n|\n|-damage|p1b: Hariyama|40\/100 brn|[from] brn\n|upkeep\n|turn|3\n|\n|t:|1698075102\n|move|p2b: Weezing|Protect|p2b: Weezing\n|-singleturn|p2b: Weezing|Protect\n|move|p1a: Froslass|Spikes|p2b: Weezing\n|-sidestart|p2: xdtrainer|Spikes\n|move|p1b: Hariyama|Drain Punch|p2a: Slaking\n|-supereffective|p2a: Slaking\n|-damage|p2a: Slaking|71\/100 par\n|-heal|p1b: Hariyama|57\/100 brn|[from] drain|[of] p2a: Slaking\n|move|p2a: Slaking|Play Rough|p1b: Hariyama\n|-supereffective|p1b: Hariyama\n|-damage|p1b: Hariyama|0 fnt\n|faint|p1b: Hariyama\n|\n|upkeep\n|\n|t:|1698075117\n|switch|p1b: Alomomola|Alomomola, F|100\/100\n|turn|4\n|\n|t:|1698075131\n|move|p1a: Froslass|Spikes|p2b: Weezing\n|-sidestart|p2: xdtrainer|Spikes\n|move|p1b: Alomomola|Snowscape|p1b: Alomomola\n|-weather|Snow\n|move|p2b: Weezing|Will-O-Wisp|p1a: Froslass\n|-status|p1a: Froslass|brn\n|move|p2a: Slaking|Body Slam|p1b: Alomomola\n|-damage|p1b: Alomomola|69\/100\n|-damage|p2a: Slaking|55\/100 par|[from] item: Rocky Helmet|[of] p1b: Alomomola\n|\n|-weather|Snow|[upkeep]\n|-damage|p1a: Froslass|0 fnt|[from] brn\n|faint|p1a: Froslass\n|upkeep\n|\n|t:|1698075145\n|switch|p1a: Glaceon|Glaceon, M|100\/100\n|turn|5\n|\n|t:|1698075157\n|move|p1b: Alomomola|Protect|p1b: Alomomola\n|-singleturn|p1b: Alomomola|Protect\n|move|p1a: Glaceon|Ice Beam|p2a: Slaking\n|-damage|p2a: Slaking|11\/100 par\n|move|p2b: Weezing|Dazzling Gleam|p1a: Glaceon|[spread] p1a\n|-activate|p1b: Alomomola|move: Protect\n|-damage|p1a: Glaceon|76\/100\n|move|p2a: Slaking|Drain Punch|p1a: Glaceon\n|-supereffective|p1a: Glaceon\n|-damage|p1a: Glaceon|24\/100\n|-heal|p2a: Slaking|25\/100 par|[from] drain|[of] p1a: Glaceon\n|\n|-weather|Snow|[upkeep]\n|upkeep\n|turn|6\n|\n|t:|1698075178\n|move|p1a: Glaceon|Ice Beam|p2a: Slaking\n|-damage|p2a: Slaking|0 fnt\n|faint|p2a: Slaking\n|move|p1b: Alomomola|Wish|p1b: Alomomola\n|move|p2b: Weezing|Dazzling Gleam|p1a: Glaceon|[spread] p1a,p1b\n|-damage|p1a: Glaceon|2\/100\n|-damage|p1b: Alomomola|51\/100\n|\n|-weather|Snow|[upkeep]\n|upkeep\n|\n|t:|1698075191\n|switch|p2a: Flutter Mane|Flutter Mane|100\/100\n|-damage|p2a: Flutter Mane|84\/100|[from] Spikes\n|turn|7\n|\n|t:|1698075199\n|move|p1b: Alomomola|Protect|p1b: Alomomola\n|-singleturn|p1b: Alomomola|Protect\n|move|p2a: Flutter Mane|Moonblast|p1b: Alomomola\n|-activate|p1b: Alomomola|move: Protect\n|move|p1a: Glaceon|Ice Beam|p2a: Flutter Mane\n|-damage|p2a: Flutter Mane|8\/100\n|-status|p2a: Flutter Mane|frz\n|move|p2b: Weezing|Dazzling Gleam|p1b: Alomomola|[spread] p1a\n|-activate|p1b: Alomomola|move: Protect\n|-damage|p1a: Glaceon|0 fnt\n|faint|p1a: Glaceon\n|\n|-weather|Snow|[upkeep]\n|-heal|p1b: Alomomola|100\/100|[from] move: Wish|[wisher] Alomomola\n|upkeep\n|\n|t:|1698075214\n|switch|p1a: Bronzong|Bronzong|100\/100\n|turn|8\n|\n|t:|1698075223\n|cant|p2a: Flutter Mane|frz\n|move|p1b: Alomomola|Wish|p1b: Alomomola\n|move|p2b: Weezing|Sludge Bomb|p1b: Alomomola\n|-damage|p1b: Alomomola|73\/100\n|move|p1a: Bronzong|Gyro Ball|p2b: Weezing\n|-supereffective|p2b: Weezing\n|-damage|p2b: Weezing|31\/100\n|-damage|p1a: Bronzong|84\/100|[from] item: Rocky Helmet|[of] p2b: Weezing\n|\n|-weather|none\n|-heal|p1a: Bronzong|90\/100|[from] item: Leftovers\n|upkeep\n|turn|9\n|\n|t:|1698075239\n|move|p1b: Alomomola|Protect|p1b: Alomomola\n|-singleturn|p1b: Alomomola|Protect\n|cant|p2a: Flutter Mane|frz\n|move|p2b: Weezing|Sludge Bomb|p1b: Alomomola\n|-activate|p1b: Alomomola|move: Protect\n|move|p1a: Bronzong|Stealth Rock|p2b: Weezing\n|-sidestart|p2: xdtrainer|move: Stealth Rock\n|\n|-heal|p1b: Alomomola|100\/100|[from] move: Wish|[wisher] Alomomola\n|-heal|p1a: Bronzong|96\/100|[from] item: Leftovers\n|upkeep\n|turn|10\n|\n|t:|1698075255\n|cant|p2a: Flutter Mane|frz\n|move|p1b: Alomomola|Snowscape|p1b: Alomomola\n|-weather|Snow\n|move|p2b: Weezing|Sludge Bomb|p1b: Alomomola\n|-damage|p1b: Alomomola|73\/100\n|-status|p1b: Alomomola|psn\n|move|p1a: Bronzong|Iron Defense|p1a: Bronzong\n|-boost|p1a: Bronzong|def|2\n|\n|-weather|Snow|[upkeep]\n|-heal|p1a: Bronzong|100\/100|[from] item: Leftovers\n|-damage|p1b: Alomomola|60\/100 psn|[from] psn\n|upkeep\n|turn|11\n|\n|t:|1698075271\n|move|p2b: Weezing|Protect|p2b: Weezing\n|-singleturn|p2b: Weezing|Protect\n|cant|p2a: Flutter Mane|frz\n|move|p1b: Alomomola|Wish|p1b: Alomomola\n|move|p1a: Bronzong|Gyro Ball|p2b: Weezing\n|-activate|p2b: Weezing|move: Protect\n|\n|-weather|Snow|[upkeep]\n|-damage|p1b: Alomomola|48\/100 psn|[from] psn\n|upkeep\n|turn|12\n|\n|t:|1698075291\n|move|p1b: Alomomola|Protect|p1b: Alomomola\n|-singleturn|p1b: Alomomola|Protect\n|cant|p2a: Flutter Mane|frz\n|move|p2b: Weezing|Dazzling Gleam|p1a: Bronzong|[spread] p1a\n|-activate|p1b: Alomomola|move: Protect\n|-resisted|p1a: Bronzong\n|-damage|p1a: Bronzong|94\/100\n|move|p1a: Bronzong|Gyro Ball|p2b: Weezing\n|-supereffective|p2b: Weezing\n|-damage|p2b: Weezing|0 fnt\n|-damage|p1a: Bronzong|77\/100|[from] item: Rocky Helmet|[of] p2b: Weezing\n|faint|p2b: Weezing\n|-end|p2b: Weezing|ability: Neutralizing Gas\n|\n|-weather|Snow|[upkeep]\n|-heal|p1b: Alomomola|98\/100 psn|[from] move: Wish|[wisher] Alomomola\n|-heal|p1a: Bronzong|84\/100|[from] item: Leftovers\n|-damage|p1b: Alomomola|86\/100 psn|[from] psn\n|upkeep\n|\n|t:|1698075312\n|switch|p2b: Toedscruel|Toedscruel, M|100\/100\n|-damage|p2b: Toedscruel|84\/100|[from] Spikes\n|-damage|p2b: Toedscruel|78\/100|[from] Stealth Rock\n|turn|13\n|\n|t:|1698075328\n|cant|p2a: Flutter Mane|frz\n|move|p2b: Toedscruel|Giga Drain|p1b: Alomomola\n|-supereffective|p1b: Alomomola\n|-damage|p1b: Alomomola|24\/100 psn\n|-heal|p2b: Toedscruel|100\/100|[from] drain|[of] p1b: Alomomola\n|move|p1b: Alomomola|Toxic|p2b: Toedscruel\n|-status|p2b: Toedscruel|tox\n|move|p1a: Bronzong|Body Press|p2b: Toedscruel\n|-damage|p2b: Toedscruel|21\/100 tox\n|\n|-weather|Snow|[upkeep]\n|-heal|p2b: Toedscruel|27\/100 tox|[from] item: Leftovers\n|-heal|p1a: Bronzong|90\/100|[from] item: Leftovers\n|-damage|p2b: Toedscruel|21\/100 tox|[from] psn\n|-damage|p1b: Alomomola|11\/100 psn|[from] psn\n|upkeep\n|turn|14\n|\n|t:|1698075349\n|move|p1b: Alomomola|Protect|p1b: Alomomola\n|-singleturn|p1b: Alomomola|Protect\n|cant|p2a: Flutter Mane|frz\n|move|p1a: Bronzong|Body Press|p2b: Toedscruel\n|-damage|p2b: Toedscruel|0 fnt\n|faint|p2b: Toedscruel\n|\n|-weather|none\n|-heal|p1a: Bronzong|96\/100|[from] item: Leftovers\n|-damage|p1b: Alomomola|0 fnt|[from] psn\n|faint|p1b: Alomomola\n|upkeep\n|\n|t:|1698075364\n|switch|p2b: Tornadus|Tornadus, M|100\/100\n|switch|p1b: Abomasnow|Abomasnow, M|100\/100\n|-damage|p2b: Tornadus|76\/100|[from] Stealth Rock\n|-weather|Snow|[from] ability: Snow Warning|[of] p1b: Abomasnow\n|turn|15\n|\n|t:|1698075377\n|move|p2b: Tornadus|Sunny Day|p2b: Tornadus\n|-weather|SunnyDay\n|-activate|p2a: Flutter Mane|ability: Protosynthesis\n|-start|p2a: Flutter Mane|protosynthesisspe\n|cant|p2a: Flutter Mane|frz\n|move|p1b: Abomasnow|Aurora Veil||[still]\n|-fail|p1b: Abomasnow\n|move|p1a: Bronzong|Gyro Ball|p2b: Tornadus\n|-damage|p2b: Tornadus|36\/100\n|\n|-weather|SunnyDay|[upkeep]\n|-heal|p1a: Bronzong|100\/100|[from] item: Leftovers\n|upkeep\n|turn|16\n|\n|t:|1698075397\n|cant|p2a: Flutter Mane|frz\n|move|p2b: Tornadus|Bleakwind Storm|p1a: Bronzong|[spread] p1a,p1b\n|-resisted|p1a: Bronzong\n|-supereffective|p1b: Abomasnow\n|-damage|p1a: Bronzong|89\/100\n|-damage|p1b: Abomasnow|42\/100\n|move|p1b: Abomasnow|Giga Drain|p2a: Flutter Mane\n|-damage|p2a: Flutter Mane|0 fnt\n|-heal|p1b: Abomasnow|45\/100|[from] drain|[of] p2a: Flutter Mane\n|faint|p2a: Flutter Mane\n|-end|p2a: Flutter Mane|Protosynthesis|[silent]\n|move|p1a: Bronzong|Gyro Ball|p2b: Tornadus\n|-damage|p2b: Tornadus|0 fnt\n|faint|p2b: Tornadus\n|\n|-weather|SunnyDay|[upkeep]\n|-heal|p1a: Bronzong|95\/100|[from] item: Leftovers\n|upkeep\n|inactive|xdtrainer has 120 seconds left.\n|c|\u2606xdtrainer|This is fucking crazy\n|c|\u2606xdtrainer|Fucking 10 turns like what the fuck\n|\n|t:|1698075441\n|switch|p2a: Ogerpon|Ogerpon-Hearthflame, F|100\/100\n|-damage|p2a: Ogerpon|84\/100|[from] Spikes\n|-damage|p2a: Ogerpon|59\/100|[from] Stealth Rock\n|-ability|p2a: Ogerpon|Mold Breaker\n|turn|17\n|inactive|xdtrainer has 120 seconds left.\n|\n|t:|1698075453\n|-terastallize|p2a: Ogerpon|Fire\n|detailschange|p2a: Ogerpon|Ogerpon-Hearthflame-Tera, F, tera:Fire\n|-ability|p2a: Ogerpon|Embody Aspect (Hearthflame)|boost\n|-boost|p2a: Ogerpon|atk|1\n|move|p2a: Ogerpon|Ivy Cudgel|p1a: Bronzong\n|-supereffective|p1a: Bronzong\n|-damage|p1a: Bronzong|0 fnt\n|faint|p1a: Bronzong\n|move|p1b: Abomasnow|Earth Power|p2a: Ogerpon\n|-supereffective|p2a: Ogerpon\n|-damage|p2a: Ogerpon|3\/100\n|\n|-weather|SunnyDay|[upkeep]\n|upkeep\n|turn|18\n|\n|t:|1698075466\n|move|p2a: Ogerpon|Ivy Cudgel|p1b: Abomasnow\n|-supereffective|p1b: Abomasnow\n|-damage|p1b: Abomasnow|0 fnt\n|faint|p1b: Abomasnow\n|\n|win|xdtrainer\n|raw|milesforhire's rating: 1126 &rarr; <strong>1114<\/strong><br \/>(-12 for losing)\n|raw|xdtrainer's rating: 1321 &rarr; <strong>1331<\/strong><br \/>(+10 for winning)\n|c|\u2606milesforhire|ggs man\n","uploadtime":1698075473,"views":10,"p1id":"milesforhire","p2id":"xdtrainer","formatid":"gen9nationaldexdoubles","rating":1114,"private":0,"password":""}