{"id":"gen9nationaldexdoubles-1991635923","p1":"Wisper2ng","p2":"fireball0809","format":"[Gen 9] National Dex Doubles","log":"|j|\u2606Wisper2ng\n|j|\u2606fireball0809\n|t:|1700096823\n|gametype|doubles\n|player|p1|Wisper2ng|wallace|1000\n|player|p2|fireball0809|red|1057\n|teamsize|p1|2\n|teamsize|p2|6\n|gen|9\n|tier|[Gen 9] National Dex Doubles\n|rated|\n|rule|HP Percentage Mod: HP is shown in percentages\n|rule|Endless Battle Clause: Forcing endless battles is banned\n|rule|OHKO Clause: OHKO moves are banned\n|rule|Evasion Moves Clause: Evasion moves are banned\n|rule|Evasion Abilities Clause: Evasion abilities are banned\n|rule|Species Clause: Limit one of each Pok\u00e9mon\n|rule|Gravity Sleep Clause: The combination of sleep-inducing moves with imperfect accuracy and Gravity or Gigantamax Orbeetle are banned\n|clearpoke\n|poke|p1|Eevee, M|\n|poke|p1|Swoobat, M|\n|poke|p2|Boltund, M|\n|poke|p2|Toxapex, M|\n|poke|p2|Camerupt, M|\n|poke|p2|Dragonite, F|\n|poke|p2|Alomomola, F|\n|poke|p2|Umbreon, F|\n|teampreview\n|inactive|Battle timer is ON: inactive players will automatically lose when time's up. (requested by Wisper2ng)\n|c|\u2606Wisper2ng|EEVEE\n|\n|t:|1700096840\n|start\n|switch|p1a: Eevee|Eevee, M|100\/100\n|switch|p1b: Swoobat|Swoobat, M|100\/100\n|switch|p2a: Umbreon|Umbreon, F|100\/100\n|switch|p2b: Alomomola|Alomomola, F|100\/100\n|turn|1\n|\n|t:|1700096853\n|move|p1b: Swoobat|Simple Beam|p1a: Eevee\n|-endability|p1a: Eevee|Adaptability|[from] move: Simple Beam\n|-ability|p1a: Eevee|Simple|[from] move: Simple Beam\n|-zpower|p1a: Eevee\n|move|p1a: Eevee|Extreme Evoboost|p1a: Eevee\n|-boost|p1a: Eevee|atk|4\n|-boost|p1a: Eevee|def|4\n|-boost|p1a: Eevee|spa|4\n|-boost|p1a: Eevee|spd|4\n|-boost|p1a: Eevee|spe|4\n|move|p2b: Alomomola|Whirlpool|p1a: Eevee\n|-damage|p1a: Eevee|97\/100\n|-activate|p1a: Eevee|move: Whirlpool|[of] p2b: Alomomola\n|move|p2a: Umbreon|Calm Mind|p2a: Umbreon\n|-boost|p2a: Umbreon|spa|1\n|-boost|p2a: Umbreon|spd|1\n|\n|-damage|p1a: Eevee|84\/100|[from] move: Whirlpool|[partiallytrapped]\n|upkeep\n|turn|2\n|\n|t:|1700096877\n|move|p1a: Eevee|Return|p2a: Umbreon\n|-damage|p2a: Umbreon|57\/100\n|move|p1b: Swoobat|Light Screen|p1b: Swoobat\n|-sidestart|p1: Wisper2ng|move: Light Screen\n|move|p2b: Alomomola|Aqua Ring|p2b: Alomomola\n|-start|p2b: Alomomola|Aqua Ring\n|move|p2a: Umbreon|Calm Mind|p2a: Umbreon\n|-boost|p2a: Umbreon|spa|1\n|-boost|p2a: Umbreon|spd|1\n|\n|-damage|p1a: Eevee|72\/100|[from] move: Whirlpool|[partiallytrapped]\n|upkeep\n|turn|3\n|\n|t:|1700096897\n|move|p1a: Eevee|Return|p2a: Umbreon\n|-crit|p2a: Umbreon\n|-damage|p2a: Umbreon|0 fnt\n|faint|p2a: Umbreon\n|move|p1b: Swoobat|Reflect|p1b: Swoobat\n|-sidestart|p1: Wisper2ng|Reflect\n|move|p2b: Alomomola|Flip Turn|p1a: Eevee\n|-damage|p1a: Eevee|64\/100\n|\n|t:|1700096907\n|switch|p2b: Camerupt|Camerupt, M|100\/100|[from] Flip Turn\n|\n|-end|p1a: Eevee|Whirlpool|[partiallytrapped]|[silent]\n|upkeep\n|\n|t:|1700096919\n|switch|p2a: Boltund|Boltund, M|100\/100\n|turn|4\n|\n|t:|1700096938\n|detailschange|p2b: Camerupt|Camerupt-Mega, M\n|-mega|p2b: Camerupt|Camerupt|Cameruptite\n|move|p1a: Eevee|Stored Power|p2b: Camerupt\n|-damage|p2b: Camerupt|0 fnt\n|faint|p2b: Camerupt\n|move|p2a: Boltund|Thunder Fang|p1b: Swoobat\n|-supereffective|p1b: Swoobat\n|-damage|p1b: Swoobat|18\/100\n|cant|p1b: Swoobat|flinch\n|\n|upkeep\n|\n|t:|1700096949\n|switch|p2b: Alomomola|Alomomola, F|100\/100\n|turn|5\n|\n|t:|1700096959\n|move|p1a: Eevee|Stored Power|p2a: Boltund\n|-damage|p2a: Boltund|0 fnt\n|faint|p2a: Boltund\n|move|p1b: Swoobat|Energy Ball|p2b: Alomomola\n|-supereffective|p2b: Alomomola\n|-damage|p2b: Alomomola|58\/100\n|move|p2b: Alomomola|Aqua Ring|p2b: Alomomola\n|-start|p2b: Alomomola|Aqua Ring\n|\n|-heal|p2b: Alomomola|64\/100|[from] item: Leftovers\n|-heal|p2b: Alomomola|70\/100|[from] Aqua Ring\n|upkeep\n|\n|t:|1700096971\n|switch|p2a: Dragonite|Dragonite, F|100\/100\n|turn|6\n|\n|t:|1700096982\n|move|p1a: Eevee|Stored Power|p2a: Dragonite\n|-damage|p2a: Dragonite|23\/100\n|move|p1b: Swoobat|Energy Ball|p2b: Alomomola\n|-supereffective|p2b: Alomomola\n|-damage|p2b: Alomomola|26\/100\n|move|p2a: Dragonite|Air Slash|p1a: Eevee\n|-damage|p1a: Eevee|52\/100\n|-damage|p2a: Dragonite|13\/100|[from] item: Life Orb\n|move|p2b: Alomomola|Whirlpool|p1a: Eevee\n|-damage|p1a: Eevee|50\/100\n|-activate|p1a: Eevee|move: Whirlpool|[of] p2b: Alomomola\n|\n|-heal|p2b: Alomomola|32\/100|[from] item: Leftovers\n|-heal|p2b: Alomomola|38\/100|[from] Aqua Ring\n|-damage|p1a: Eevee|37\/100|[from] move: Whirlpool|[partiallytrapped]\n|upkeep\n|turn|7\n|inactive|fireball0809 has 120 seconds left.\n|\n|t:|1700097013\n|move|p2a: Dragonite|Extreme Speed|p1a: Eevee\n|-damage|p1a: Eevee|18\/100\n|-damage|p2a: Dragonite|4\/100|[from] item: Life Orb\n|move|p1a: Eevee|Stored Power|p2a: Dragonite\n|-damage|p2a: Dragonite|0 fnt\n|faint|p2a: Dragonite\n|move|p1b: Swoobat|Energy Ball|p2b: Alomomola\n|-supereffective|p2b: Alomomola\n|-damage|p2b: Alomomola|0 fnt\n|faint|p2b: Alomomola\n|\n|-end|p1a: Eevee|Whirlpool|[partiallytrapped]|[silent]\n|upkeep\n|inactive|fireball0809 has 120 seconds left.\n|\n|t:|1700097025\n|switch|p2b: Toxapex|Toxapex, M|100\/100\n|turn|8\n|\n|t:|1700097037\n|move|p1a: Eevee|Stored Power|p2b: Toxapex\n|-supereffective|p2b: Toxapex\n|-damage|p2b: Toxapex|0 fnt\n|faint|p2b: Toxapex\n|\n|win|Wisper2ng\n|raw|Wisper2ng's rating: 1000 &rarr; <strong>1047<\/strong><br \/>(+47 for winning)\n|raw|fireball0809's rating: 1057 &rarr; <strong>1035<\/strong><br \/>(-22 for losing)\n|c|\u2606Wisper2ng|Gg\n|c|\u2606fireball0809|Gg\n|l|\u2606fireball0809\n","uploadtime":1700097051,"views":14,"p1id":"wisper2ng","p2id":"fireball0809","formatid":"gen9nationaldexdoubles","rating":1035,"private":0,"password":""}