{"id":"gen9nationaldexdoubles-1986350894","p1":"MoonVTLunaAstraea","p2":"killahj","format":"[Gen 9] National Dex Doubles","log":"|j|\u2606MoonVTLunaAstraea\n|j|\u2606killahj\n|t:|1699471512\n|gametype|doubles\n|player|p1|MoonVTLunaAstraea|lusamine-nihilego|1186\n|player|p2|killahj|silver|1201\n|teamsize|p1|6\n|teamsize|p2|6\n|gen|9\n|tier|[Gen 9] National Dex Doubles\n|rated|\n|rule|HP Percentage Mod: HP is shown in percentages\n|rule|Endless Battle Clause: Forcing endless battles is banned\n|rule|OHKO Clause: OHKO moves are banned\n|rule|Evasion Moves Clause: Evasion moves are banned\n|rule|Evasion Abilities Clause: Evasion abilities are banned\n|rule|Species Clause: Limit one of each Pok\u00e9mon\n|rule|Gravity Sleep Clause: The combination of sleep-inducing moves with imperfect accuracy and Gravity or Gigantamax Orbeetle are banned\n|clearpoke\n|poke|p1|Sceptile, M|\n|poke|p1|Primarina, F|\n|poke|p1|Kommo-o, F|\n|poke|p1|Mawile, M|\n|poke|p1|Incineroar, M|\n|poke|p1|Thundurus-Therian, M|\n|poke|p2|Gastrodon, M|\n|poke|p2|Raichu-Alola, F|\n|poke|p2|Haxorus, F|\n|poke|p2|Chandelure, F|\n|poke|p2|Sylveon, F|\n|poke|p2|Medicham, M|\n|teampreview\n|\n|t:|1699471522\n|start\n|switch|p1a: Elizardbeth|Sceptile, M|100\/100\n|switch|p1b: Puddles|Primarina, F|100\/100\n|switch|p2a: Chandelure|Chandelure, F|100\/100\n|switch|p2b: Raichu|Raichu-Alola, F|100\/100\n|turn|1\n|\n|t:|1699471552\n|switch|p1a: Ol\u2019 Thundy|Thundurus-Therian, M|100\/100\n|switch|p1b: Pincho-Puncho|Mawile, M|100\/100\n|move|p2b: Raichu|Fake Out|p1b: Pincho-Puncho\n|-resisted|p1b: Pincho-Puncho\n|-damage|p1b: Pincho-Puncho|96\/100\n|move|p2a: Chandelure|Flamethrower|p1a: Ol\u2019 Thundy\n|-damage|p1a: Ol\u2019 Thundy|0 fnt\n|faint|p1a: Ol\u2019 Thundy\n|-damage|p2a: Chandelure|91\/100|[from] item: Life Orb\n|\n|upkeep\n|\n|t:|1699471569\n|switch|p1a: Tony T. Tiger|Incineroar, M|100\/100\n|-ability|p1a: Tony T. Tiger|Intimidate|boost\n|-unboost|p2a: Chandelure|atk|1\n|-unboost|p2b: Raichu|atk|1\n|turn|2\n|\n|t:|1699471591\n|switch|p2a: Gastrodon|Gastrodon, M|100\/100\n|detailschange|p1b: Pincho-Puncho|Mawile-Mega, M\n|-mega|p1b: Pincho-Puncho|Mawile|Mawilite\n|move|p1a: Tony T. Tiger|Fake Out|p2a: Gastrodon\n|-damage|p2a: Gastrodon|86\/100\n|move|p2b: Raichu|Thunderbolt|p1a: Tony T. Tiger\n|-damage|p1a: Tony T. Tiger|74\/100\n|move|p1b: Pincho-Puncho|Rock Slide|p2a: Gastrodon|[spread] p2a,p2b\n|-resisted|p2a: Gastrodon\n|-damage|p2a: Gastrodon|68\/100\n|-damage|p2b: Raichu|25\/100\n|\n|upkeep\n|turn|3\n|\n|t:|1699471615\n|move|p2b: Raichu|Endeavor|p1a: Tony T. Tiger\n|-damage|p1a: Tony T. Tiger|18\/100\n|move|p1a: Tony T. Tiger|U-turn|p2a: Gastrodon\n|-damage|p2a: Gastrodon|39\/100\n|\n|t:|1699471626\n|switch|p1a: Mr. Jangles|Kommo-o, F|100\/100|[from] U-turn\n|move|p1b: Pincho-Puncho|Rock Slide|p2b: Raichu|[spread] p2a\n|-miss|p1b: Pincho-Puncho|p2b: Raichu\n|-resisted|p2a: Gastrodon\n|-damage|p2a: Gastrodon|21\/100\n|-enditem|p2a: Gastrodon|Aguav Berry|[eat]\n|-heal|p2a: Gastrodon|55\/100|[from] item: Aguav Berry\n|move|p2a: Gastrodon|Scald|p1a: Mr. Jangles\n|-resisted|p1a: Mr. Jangles\n|-damage|p1a: Mr. Jangles|86\/100\n|\n|upkeep\n|turn|4\n|\n|t:|1699471645\n|-terastallize|p2a: Gastrodon|Poison\n|move|p1a: Mr. Jangles|Protect|p1a: Mr. Jangles\n|-singleturn|p1a: Mr. Jangles|Protect\n|move|p2b: Raichu|Endeavor|p1b: Pincho-Puncho\n|-damage|p1b: Pincho-Puncho|21\/100\n|move|p1b: Pincho-Puncho|Iron Head|p2b: Raichu\n|-resisted|p2b: Raichu\n|-damage|p2b: Raichu|0 fnt\n|faint|p2b: Raichu\n|move|p2a: Gastrodon|Toxic|p1a: Mr. Jangles\n|-activate|p1a: Mr. Jangles|move: Protect\n|\n|upkeep\n|\n|t:|1699471658\n|switch|p2b: Medicham|Medicham, M|100\/100\n|turn|5\n|\n|t:|1699471667\n|detailschange|p2b: Medicham|Medicham-Mega, M\n|-mega|p2b: Medicham|Medicham|Medichamite\n|move|p2b: Medicham|Fake Out|p1b: Pincho-Puncho\n|-resisted|p1b: Pincho-Puncho\n|-damage|p1b: Pincho-Puncho|9\/100\n|-zpower|p1a: Mr. Jangles\n|move|p1a: Mr. Jangles|Clangorous Soulblaze|p2b: Medicham|[zeffect]|[spread] p2a,p2b\n|-damage|p2a: Gastrodon|11\/100\n|-damage|p2b: Medicham|1\/100\n|-boost|p1a: Mr. Jangles|atk|1\n|-boost|p1a: Mr. Jangles|def|1\n|-boost|p1a: Mr. Jangles|spa|1\n|-boost|p1a: Mr. Jangles|spd|1\n|-boost|p1a: Mr. Jangles|spe|1\n|cant|p1b: Pincho-Puncho|flinch\n|move|p2a: Gastrodon|Ice Beam|p1a: Mr. Jangles\n|-supereffective|p1a: Mr. Jangles\n|-damage|p1a: Mr. Jangles|56\/100\n|\n|upkeep\n|turn|6\n|c|\u2606MoonVTLunaAstraea|w mr jangles\n|\n|t:|1699471695\n|move|p2b: Medicham|Bullet Punch|p1b: Pincho-Puncho\n|-damage|p1b: Pincho-Puncho|0 fnt\n|faint|p1b: Pincho-Puncho\n|move|p1a: Mr. Jangles|Flamethrower|p2b: Medicham\n|-damage|p2b: Medicham|0 fnt\n|faint|p2b: Medicham\n|move|p2a: Gastrodon|Ice Beam|p1a: Mr. Jangles\n|-supereffective|p1a: Mr. Jangles\n|-damage|p1a: Mr. Jangles|28\/100\n|\n|upkeep\n|\n|t:|1699471706\n|switch|p2b: Haxorus|Haxorus, F, shiny|100\/100\n|switch|p1b: Tony T. Tiger|Incineroar, M|18\/100\n|-ability|p2b: Haxorus|Mold Breaker\n|-ability|p1b: Tony T. Tiger|Intimidate|boost\n|-unboost|p2a: Gastrodon|atk|1\n|-unboost|p2b: Haxorus|atk|1\n|turn|7\n|\n|t:|1699471723\n|move|p1b: Tony T. Tiger|Fake Out|p2b: Haxorus\n|-damage|p2b: Haxorus|82\/100\n|cant|p2b: Haxorus|flinch\n|move|p1a: Mr. Jangles|Clanging Scales|p2a: Gastrodon|[spread] p2a,p2b\n|-supereffective|p2b: Haxorus\n|-damage|p2a: Gastrodon|0 fnt\n|-damage|p2b: Haxorus|0 fnt\n|faint|p2a: Gastrodon\n|faint|p2b: Haxorus\n|-unboost|p1a: Mr. Jangles|def|1\n|\n|upkeep\n|\n|t:|1699471735\n|switch|p2b: Chandelure|Chandelure, F|91\/100\n|switch|p2a: Sylveon|Sylveon, F|100\/100\n|turn|8\n|\n|t:|1699471760\n|move|p1a: Mr. Jangles|Flamethrower|p2a: Sylveon\n|-damage|p2a: Sylveon|83\/100\n|move|p2b: Chandelure|Flamethrower|p1b: Tony T. Tiger\n|-resisted|p1b: Tony T. Tiger\n|-damage|p1b: Tony T. Tiger|0 fnt\n|faint|p1b: Tony T. Tiger\n|-damage|p2b: Chandelure|81\/100|[from] item: Life Orb\n|move|p2a: Sylveon|Moonblast|p1a: Mr. Jangles\n|-supereffective|p1a: Mr. Jangles\n|-damage|p1a: Mr. Jangles|0 fnt\n|faint|p1a: Mr. Jangles\n|\n|upkeep\n|\n|t:|1699471773\n|switch|p1a: Puddles|Primarina, F|100\/100\n|switch|p1b: Elizardbeth|Sceptile, M|100\/100\n|turn|9\n|\n|t:|1699471791\n|move|p1b: Elizardbeth|Grass Pledge|p2a: Sylveon\n|-waiting|p1b: Elizardbeth|p1a: Puddles\n|move|p1a: Puddles|Water Pledge|p2a: Sylveon|[from]move: Grass Pledge\n|-combine\n|-damage|p2a: Sylveon|29\/100\n|-sidestart|p2: killahj|Grass Pledge\n|move|p2b: Chandelure|Flamethrower|p1b: Elizardbeth\n|-supereffective|p1b: Elizardbeth\n|-enditem|p1b: Elizardbeth|Focus Sash\n|-damage|p1b: Elizardbeth|1\/100\n|-status|p1b: Elizardbeth|brn\n|-damage|p2b: Chandelure|71\/100|[from] item: Life Orb\n|move|p2a: Sylveon|Moonblast|p1b: Elizardbeth\n|-damage|p1b: Elizardbeth|0 fnt\n|faint|p1b: Elizardbeth\n|\n|upkeep\n|turn|10\n|c|\u2606MoonVTLunaAstraea|the burn bruh\n|c|\u2606MoonVTLunaAstraea|that's crazy\n|c|\u2606MoonVTLunaAstraea|gg\n|\n|t:|1699471814\n|move|p1a: Puddles|Water Pledge|p2b: Chandelure\n|-supereffective|p2b: Chandelure\n|-damage|p2b: Chandelure|0 fnt\n|faint|p2b: Chandelure\n|move|p2a: Sylveon|Moonblast|p1a: Puddles\n|-damage|p1a: Puddles|58\/100\n|-unboost|p1a: Puddles|spa|1\n|\n|upkeep\n|turn|11\n|c|\u2606MoonVTLunaAstraea|goooo puddles\n|\n|t:|1699471824\n|move|p1a: Puddles|Water Pledge|p2a: Sylveon\n|-crit|p2a: Sylveon\n|-damage|p2a: Sylveon|0 fnt\n|faint|p2a: Sylveon\n|\n|win|MoonVTLunaAstraea\n|raw|MoonVTLunaAstraea's rating: 1186 &rarr; <strong>1212<\/strong><br \/>(+26 for winning)\n|raw|killahj's rating: 1201 &rarr; <strong>1175<\/strong><br \/>(-26 for losing)\n|c|\u2606MoonVTLunaAstraea|GG\n","uploadtime":1699471831,"views":7,"p1id":"moonvtlunaastraea","p2id":"killahj","formatid":"gen9nationaldexdoubles","rating":1175,"private":0,"password":""}