{"id":"gen9nationaldexdoubles-1982199287","p1":"Careytheicon","p2":"AHughMann","format":"[Gen 9] National Dex Doubles","log":"|j|\u2606Careytheicon\n|j|\u2606AHughMann\n|t:|1698978332\n|gametype|doubles\n|player|p1|Careytheicon|lucy|1128\n|player|p2|AHughMann|102|1040\n|teamsize|p1|6\n|teamsize|p2|6\n|gen|9\n|tier|[Gen 9] National Dex Doubles\n|rated|\n|rule|HP Percentage Mod: HP is shown in percentages\n|rule|Endless Battle Clause: Forcing endless battles is banned\n|rule|OHKO Clause: OHKO moves are banned\n|rule|Evasion Moves Clause: Evasion moves are banned\n|rule|Evasion Abilities Clause: Evasion abilities are banned\n|rule|Species Clause: Limit one of each Pok\u00e9mon\n|rule|Gravity Sleep Clause: The combination of sleep-inducing moves with imperfect accuracy and Gravity or Gigantamax Orbeetle are banned\n|clearpoke\n|poke|p1|Shuckle, M|\n|poke|p1|Runerigus, M|\n|poke|p1|Malamar, F|\n|poke|p1|Victini|\n|poke|p1|Comfey, F|\n|poke|p1|Jirachi|\n|poke|p2|Palafin, F|\n|poke|p2|Coalossal, M|\n|poke|p2|Pelipper, M|\n|poke|p2|Torkoal, M|\n|poke|p2|Basculegion-F, F|\n|poke|p2|Lilligant-Hisui, F|\n|teampreview\n|inactive|Battle timer is ON: inactive players will automatically lose when time's up. (requested by Careytheicon)\n|\n|t:|1698978338\n|start\n|switch|p1a: Roxxx|Runerigus, M, shiny|100\/100\n|switch|p1b: Shuckle|Shuckle, M|100\/100\n|switch|p2a: Palafin|Palafin, F|100\/100\n|switch|p2b: Coalossal|Coalossal, M|100\/100\n|turn|1\n|\n|t:|1698978354\n|-terastallize|p2b: Coalossal|Water\n|move|p2a: Palafin|Flip Turn|p2b: Coalossal\n|-resisted|p2b: Coalossal\n|-damage|p2b: Coalossal|89\/100\n|-ability|p2b: Coalossal|Steam Engine|boost\n|-boost|p2b: Coalossal|spe|6\n|-enditem|p2b: Coalossal|Absorb Bulb\n|-boost|p2b: Coalossal|spa|1|[from] item: Absorb Bulb\n|\n|t:|1698978362\n|detailschange|p2a: Palafin|Palafin-Hero, F\n|switch|p2a: Torkoal|Torkoal, M|100\/100|[from] Flip Turn\n|-weather|SunnyDay|[from] ability: Drought|[of] p2a: Torkoal\n|move|p2b: Coalossal|Heat Wave|p1b: Shuckle|[spread] p1a\n|-miss|p2b: Coalossal|p1b: Shuckle\n|-damage|p1a: Roxxx|25\/100\n|-status|p1a: Roxxx|brn\n|-enditem|p1a: Roxxx|Sitrus Berry|[eat]\n|-heal|p1a: Roxxx|50\/100 brn|[from] item: Sitrus Berry\n|move|p1a: Roxxx|Stealth Rock|p2b: Coalossal\n|-sidestart|p2: AHughMann|move: Stealth Rock\n|move|p1b: Shuckle|Toxic|p2b: Coalossal\n|-status|p2b: Coalossal|tox\n|\n|-weather|SunnyDay|[upkeep]\n|-damage|p2b: Coalossal|83\/100 tox|[from] psn\n|-damage|p1a: Roxxx|44\/100 brn|[from] brn\n|upkeep\n|turn|2\n|\n|t:|1698978384\n|move|p2b: Coalossal|Heat Wave|p1a: Roxxx|[spread] p1a,p1b\n|-damage|p1a: Roxxx|0 fnt\n|-damage|p1b: Shuckle|38\/100\n|-enditem|p1b: Shuckle|Sitrus Berry|[eat]\n|-heal|p1b: Shuckle|62\/100|[from] item: Sitrus Berry\n|faint|p1a: Roxxx\n|move|p1b: Shuckle|Sticky Web|p2b: Coalossal\n|-sidestart|p2: AHughMann|move: Sticky Web\n|move|p2a: Torkoal|Lava Plume|p1b: Shuckle|[spread] p2b,p1b\n|-resisted|p2b: Coalossal\n|-damage|p2b: Coalossal|71\/100 tox\n|-damage|p1b: Shuckle|37\/100\n|\n|-weather|SunnyDay|[upkeep]\n|-damage|p2b: Coalossal|59\/100 tox|[from] psn\n|upkeep\n|inactive|Careytheicon has 120 seconds left.\n|\n|t:|1698978413\n|switch|p1a: Comfey|Comfey, F|100\/100\n|turn|3\n|\n|t:|1698978426\n|move|p1a: Comfey|Protect|p1a: Comfey\n|-singleturn|p1a: Comfey|Protect\n|move|p2b: Coalossal|Earth Power|p1b: Shuckle\n|-damage|p1b: Shuckle|5\/100\n|move|p1b: Shuckle|Toxic|p2a: Torkoal\n|-status|p2a: Torkoal|tox\n|move|p2a: Torkoal|Rapid Spin|p1b: Shuckle\n|-resisted|p1b: Shuckle\n|-damage|p1b: Shuckle|1\/100\n|-boost|p2a: Torkoal|spe|1\n|-sideend|p2: AHughMann|Stealth Rock|[from] move: Rapid Spin|[of] p2a: Torkoal\n|-sideend|p2: AHughMann|Sticky Web|[from] move: Rapid Spin|[of] p2a: Torkoal\n|\n|-weather|SunnyDay|[upkeep]\n|-damage|p2b: Coalossal|40\/100 tox|[from] psn\n|-damage|p2a: Torkoal|94\/100 tox|[from] psn\n|upkeep\n|turn|4\n|\n|t:|1698978447\n|move|p1b: Shuckle|Protect|p1b: Shuckle\n|-singleturn|p1b: Shuckle|Protect\n|move|p2b: Coalossal|Earth Power|p1b: Shuckle\n|-activate|p1b: Shuckle|move: Protect\n|move|p1a: Comfey|Leech Seed|p2b: Coalossal|[miss]\n|-miss|p1a: Comfey|p2b: Coalossal\n|move|p2a: Torkoal|Lava Plume|p1a: Comfey|[spread] p2b,p1a\n|-activate|p1b: Shuckle|move: Protect\n|-resisted|p2b: Coalossal\n|-damage|p2b: Coalossal|28\/100 tox\n|-damage|p1a: Comfey|72\/100\n|\n|-weather|SunnyDay|[upkeep]\n|-damage|p2b: Coalossal|4\/100 tox|[from] psn\n|-damage|p2a: Torkoal|82\/100 tox|[from] psn\n|upkeep\n|turn|5\n|\n|t:|1698978469\n|move|p1a: Comfey|Protect|p1a: Comfey\n|-singleturn|p1a: Comfey|Protect\n|move|p2b: Coalossal|Heat Wave|p1b: Shuckle|[spread] \n|-activate|p1a: Comfey|move: Protect\n|-miss|p2b: Coalossal|p1b: Shuckle\n|move|p2a: Torkoal|Rapid Spin|p1b: Shuckle\n|-resisted|p1b: Shuckle\n|-damage|p1b: Shuckle|0 fnt\n|-boost|p2a: Torkoal|spe|1\n|faint|p1b: Shuckle\n|\n|-weather|SunnyDay|[upkeep]\n|-damage|p2b: Coalossal|0 fnt|[from] psn\n|faint|p2b: Coalossal\n|-damage|p2a: Torkoal|64\/100 tox|[from] psn\n|upkeep\n|\n|t:|1698978484\n|switch|p1b: Jirachi|Jirachi|100\/100\n|switch|p2b: Lilligant|Lilligant-Hisui, F|100\/100\n|turn|6\n|\n|t:|1698978502\n|-terastallize|p1a: Comfey|Steel\n|move|p2b: Lilligant|Victory Dance|p2b: Lilligant\n|-boost|p2b: Lilligant|atk|1\n|-boost|p2b: Lilligant|def|1\n|-boost|p2b: Lilligant|spe|1\n|move|p1b: Jirachi|Ancient Power|p2a: Torkoal\n|-supereffective|p2a: Torkoal\n|-damage|p2a: Torkoal|20\/100 tox\n|-boost|p1b: Jirachi|atk|1\n|-boost|p1b: Jirachi|def|1\n|-boost|p1b: Jirachi|spa|1\n|-boost|p1b: Jirachi|spd|1\n|-boost|p1b: Jirachi|spe|1\n|move|p1a: Comfey|Calm Mind|p1a: Comfey\n|-boost|p1a: Comfey|spa|1\n|-boost|p1a: Comfey|spd|1\n|move|p2a: Torkoal|Stealth Rock|p1a: Comfey\n|-sidestart|p1: Careytheicon|move: Stealth Rock\n|\n|-weather|SunnyDay|[upkeep]\n|-damage|p2a: Torkoal|0 fnt|[from] psn\n|faint|p2a: Torkoal\n|upkeep\n|\n|t:|1698978515\n|switch|p2a: Pelipper|Pelipper, M|100\/100\n|-weather|RainDance|[from] ability: Drizzle|[of] p2a: Pelipper\n|turn|7\n|\n|t:|1698978535\n|move|p1a: Comfey|Draining Kiss|p2b: Lilligant\n|-supereffective|p2b: Lilligant\n|-damage|p2b: Lilligant|25\/100\n|-heal|p1a: Comfey|100\/100|[from] drain|[of] p2b: Lilligant\n|move|p2b: Lilligant|Close Combat|p1a: Comfey\n|-supereffective|p1a: Comfey\n|-damage|p1a: Comfey|0 fnt\n|-unboost|p2b: Lilligant|def|1\n|-unboost|p2b: Lilligant|spd|1\n|faint|p1a: Comfey\n|move|p1b: Jirachi|Fire Punch|p2b: Lilligant\n|-supereffective|p2b: Lilligant\n|-damage|p2b: Lilligant|0 fnt\n|faint|p2b: Lilligant\n|move|p2a: Pelipper|Surf|p1b: Jirachi\n|-damage|p1b: Jirachi|74\/100\n|\n|-weather|RainDance|[upkeep]\n|upkeep\n|\n|t:|1698978560\n|switch|p2b: Palafin|Palafin-Hero, F|100\/100\n|switch|p1a: Malamar|Malamar, F|100\/100\n|-activate|p2b: Palafin|ability: Zero to Hero\n|-damage|p1a: Malamar|88\/100|[from] Stealth Rock\n|turn|8\n|\n|t:|1698978574\n|move|p1b: Jirachi|Ancient Power|p2b: Palafin\n|-crit|p2b: Palafin\n|-damage|p2b: Palafin|66\/100\n|-boost|p1b: Jirachi|atk|1\n|-boost|p1b: Jirachi|def|1\n|-boost|p1b: Jirachi|spa|1\n|-boost|p1b: Jirachi|spd|1\n|-boost|p1b: Jirachi|spe|1\n|move|p2b: Palafin|Wave Crash|p1a: Malamar\n|-damage|p1a: Malamar|0 fnt\n|faint|p1a: Malamar\n|-damage|p2b: Palafin|39\/100|[from] Recoil\n|move|p2a: Pelipper|Surf|p1b: Jirachi|[spread] p2b,p1b\n|-resisted|p2b: Palafin\n|-crit|p1b: Jirachi\n|-damage|p2b: Palafin|19\/100\n|-damage|p1b: Jirachi|21\/100\n|-enditem|p1b: Jirachi|Sitrus Berry|[eat]\n|-heal|p1b: Jirachi|46\/100|[from] item: Sitrus Berry\n|\n|-weather|RainDance|[upkeep]\n|upkeep\n|\n|t:|1698978590\n|switch|p1a: Victini|Victini|100\/100\n|-damage|p1a: Victini|76\/100|[from] Stealth Rock\n|turn|9\n|\n|t:|1698978607\n|move|p1b: Jirachi|Ancient Power|p2b: Palafin\n|-damage|p2b: Palafin|0 fnt\n|-boost|p1b: Jirachi|atk|1\n|-boost|p1b: Jirachi|def|1\n|-boost|p1b: Jirachi|spa|1\n|-boost|p1b: Jirachi|spd|1\n|-boost|p1b: Jirachi|spe|1\n|faint|p2b: Palafin\n|move|p1a: Victini|Bolt Strike|p2a: Pelipper\n|-supereffective|p2a: Pelipper\n|-damage|p2a: Pelipper|9\/100\n|move|p2a: Pelipper|Hurricane|p1b: Jirachi\n|-resisted|p1b: Jirachi\n|-damage|p1b: Jirachi|38\/100\n|\n|-weather|RainDance|[upkeep]\n|upkeep\n|\n|t:|1698978612\n|switch|p2b: Basculegion|Basculegion-F, F|100\/100\n|turn|10\n|c|\u2606Careytheicon|oh Jirlegend\n|\n|t:|1698978639\n|move|p1b: Jirachi|Iron Head|p2b: Basculegion\n|-resisted|p2b: Basculegion\n|-damage|p2b: Basculegion|50\/100\n|move|p2b: Basculegion|Last Respects|p1a: Victini\n|-supereffective|p1a: Victini\n|-damage|p1a: Victini|0 fnt\n|faint|p1a: Victini\n|move|p2a: Pelipper|Hurricane|p1b: Jirachi\n|-resisted|p1b: Jirachi\n|-damage|p1b: Jirachi|32\/100\n|\n|-weather|RainDance|[upkeep]\n|upkeep\n|turn|11\n|\n|t:|1698978654\n|move|p1b: Jirachi|Iron Head|p2b: Basculegion\n|-resisted|p2b: Basculegion\n|-crit|p2b: Basculegion\n|-damage|p2b: Basculegion|0 fnt\n|faint|p2b: Basculegion\n|move|p2a: Pelipper|Hurricane|p1b: Jirachi\n|-resisted|p1b: Jirachi\n|-damage|p1b: Jirachi|24\/100\n|\n|-weather|RainDance|[upkeep]\n|upkeep\n|turn|12\n|c|\u2606Careytheicon|LOLS\n|c|\u2606AHughMann|GG\n|\n|t:|1698978671\n|move|p1b: Jirachi|Ancient Power|p2a: Pelipper\n|-supereffective|p2a: Pelipper\n|-damage|p2a: Pelipper|0 fnt\n|faint|p2a: Pelipper\n|\n|win|Careytheicon\n|raw|Careytheicon's rating: 1128 &rarr; <strong>1147<\/strong><br \/>(+19 for winning)\n|raw|AHughMann's rating: 1040 &rarr; <strong>1028<\/strong><br \/>(-12 for losing)\n|c|\u2606AHughMann|dunno if you even needed that crit\n|l|\u2606AHughMann\n","uploadtime":1698978685,"views":5,"p1id":"careytheicon","p2id":"ahughmann","formatid":"gen9nationaldexdoubles","rating":1028,"private":0,"password":""}