{"id":"gen9nationaldexdoubles-1948043186","p1":"Mmiirrzzaa","p2":"Dyonilon","format":"[Gen 9] National Dex Doubles","log":"|j|\u2606Mmiirrzzaa\n|j|\u2606Dyonilon\n|t:|1695226259\n|gametype|doubles\n|player|p1|Mmiirrzzaa|170|1469\n|player|p2|Dyonilon|wallace|1359\n|teamsize|p1|6\n|teamsize|p2|6\n|gen|9\n|tier|[Gen 9] National Dex Doubles\n|rated|\n|rule|HP Percentage Mod: HP is shown in percentages\n|rule|Endless Battle Clause: Forcing endless battles is banned\n|rule|OHKO Clause: OHKO moves are banned\n|rule|Evasion Moves Clause: Evasion moves are banned\n|rule|Evasion Abilities Clause: Evasion abilities are banned\n|rule|Species Clause: Limit one of each Pok\u00e9mon\n|rule|Gravity Sleep Clause: The combination of sleep-inducing moves with imperfect accuracy and Gravity or Gigantamax Orbeetle are banned\n|clearpoke\n|poke|p1|Volcarona, M|\n|poke|p1|Smeargle, M|\n|poke|p1|Tapu Lele|\n|poke|p1|Tapu Fini|\n|poke|p1|Suicune|\n|poke|p1|Chien-Pao|\n|poke|p2|Ursaluna, M|\n|poke|p2|Cresselia, F|\n|poke|p2|Flutter Mane|\n|poke|p2|Tinkaton, F|\n|poke|p2|Skeledirge, M|\n|poke|p2|Palafin, M|\n|teampreview\n|inactive|Battle timer is ON: inactive players will automatically lose when time's up. (requested by Mmiirrzzaa)\n|\n|t:|1695226278\n|start\n|switch|p1a: Miami Terror|Volcarona, M|100\/100\n|switch|p1b: Bobby Lee|Smeargle, M|100\/100\n|switch|p2a: Cresselia|Cresselia, F|100\/100\n|switch|p2b: Ursaluna|Ursaluna, M|100\/100\n|turn|1\n|\n|t:|1695226295\n|switch|p1b: Lana|Tapu Fini|100\/100\n|-fieldstart|move: Misty Terrain|[from] ability: Misty Surge|[of] p1b: Lana\n|move|p1a: Miami Terror|Quiver Dance|p1a: Miami Terror\n|-boost|p1a: Miami Terror|spa|1\n|-boost|p1a: Miami Terror|spd|1\n|-boost|p1a: Miami Terror|spe|1\n|move|p2b: Ursaluna|Swords Dance|p2b: Ursaluna\n|-boost|p2b: Ursaluna|atk|2\n|move|p2a: Cresselia|Trick Room|p2a: Cresselia\n|-fieldstart|move: Trick Room|[of] p2a: Cresselia\n|\n|upkeep\n|turn|2\n|\n|t:|1695226308\n|switch|p1b: Bobby Lee|Smeargle, M|100\/100\n|move|p1a: Miami Terror|Protect|p1a: Miami Terror\n|-singleturn|p1a: Miami Terror|Protect\n|move|p2b: Ursaluna|Earthquake|p1a: Miami Terror|[spread] p1b\n|-activate|p1a: Miami Terror|move: Protect\n|-immune|p2a: Cresselia|[from] ability: Levitate\n|-enditem|p1b: Bobby Lee|Focus Sash\n|-damage|p1b: Bobby Lee|1\/100\n|move|p2a: Cresselia|Light Screen|p2a: Cresselia\n|-sidestart|p2: Dyonilon|move: Light Screen\n|\n|-ability|p1b: Bobby Lee|Moody|boost\n|-boost|p1b: Bobby Lee|spa|2\n|-unboost|p1b: Bobby Lee|def|1\n|upkeep\n|turn|3\n|\n|t:|1695226332\n|move|p1b: Bobby Lee|Wide Guard|p1b: Bobby Lee\n|-singleturn|p1b: Bobby Lee|Wide Guard\n|move|p2b: Ursaluna|Earthquake|p1a: Miami Terror|[spread] \n|-activate|p1a: Miami Terror|move: Wide Guard\n|-activate|p1b: Bobby Lee|move: Wide Guard\n|-immune|p2a: Cresselia|[from] ability: Levitate\n|move|p2a: Cresselia|Psychic|p1a: Miami Terror\n|-crit|p1a: Miami Terror\n|-damage|p1a: Miami Terror|67\/100\n|move|p1a: Miami Terror|Quiver Dance|p1a: Miami Terror\n|-boost|p1a: Miami Terror|spa|1\n|-boost|p1a: Miami Terror|spd|1\n|-boost|p1a: Miami Terror|spe|1\n|\n|-heal|p1a: Miami Terror|73\/100|[from] item: Leftovers\n|-ability|p1b: Bobby Lee|Moody|boost\n|-boost|p1b: Bobby Lee|spe|2\n|-unboost|p1b: Bobby Lee|spa|1\n|upkeep\n|turn|4\n|\n|t:|1695226352\n|-terastallize|p1a: Miami Terror|Grass\n|move|p1b: Bobby Lee|Follow Me|p1b: Bobby Lee\n|-singleturn|p1b: Bobby Lee|move: Follow Me\n|move|p2b: Ursaluna|Earthquake|p1a: Miami Terror|[spread] p1a,p1b\n|-immune|p2a: Cresselia|[from] ability: Levitate\n|-resisted|p1a: Miami Terror\n|-damage|p1a: Miami Terror|34\/100\n|-damage|p1b: Bobby Lee|0 fnt\n|faint|p1b: Bobby Lee\n|move|p2a: Cresselia|Psychic|p1a: Miami Terror\n|-crit|p1a: Miami Terror\n|-damage|p1a: Miami Terror|4\/100\n|move|p1a: Miami Terror|Giga Drain|p2b: Ursaluna\n|-supereffective|p2b: Ursaluna\n|-damage|p2b: Ursaluna|28\/100\n|-heal|p1a: Miami Terror|49\/100|[from] drain|[of] p2b: Ursaluna\n|\n|-heal|p1a: Miami Terror|56\/100|[from] item: Leftovers\n|upkeep\n|inactive|Mmiirrzzaa has 120 seconds left.\n|\n|t:|1695226373\n|switch|p1b: Mi-Aow|Chien-Pao|100\/100\n|-ability|p1b: Mi-Aow|Sword of Ruin\n|turn|5\n|\n|t:|1695226385\n|-terastallize|p2b: Ursaluna|Grass\n|move|p1a: Miami Terror|Protect|p1a: Miami Terror\n|-singleturn|p1a: Miami Terror|Protect\n|move|p2b: Ursaluna|Earthquake|p1a: Miami Terror|[spread] p1b\n|-activate|p1a: Miami Terror|move: Protect\n|-immune|p2a: Cresselia|[from] ability: Levitate\n|-enditem|p1b: Mi-Aow|Focus Sash\n|-damage|p1b: Mi-Aow|1\/100\n|move|p2a: Cresselia|Lunar Blessing|p2a: Cresselia|[spread] p2a,p2b\n|-heal|p2b: Ursaluna|53\/100\n|move|p1b: Mi-Aow|Crunch|p2a: Cresselia\n|-supereffective|p2a: Cresselia\n|-damage|p2a: Cresselia|26\/100\n|-unboost|p2a: Cresselia|def|1\n|\n|-heal|p1a: Miami Terror|62\/100|[from] item: Leftovers\n|-fieldend|move: Trick Room\n|-fieldend|Misty Terrain\n|-status|p2b: Ursaluna|brn|[from] item: Flame Orb\n|upkeep\n|turn|6\n|\n|t:|1695226407\n|move|p1a: Miami Terror|Heat Wave|p2b: Ursaluna|[spread] p2a,p2b\n|-supereffective|p2b: Ursaluna\n|-damage|p2a: Cresselia|4\/100\n|-damage|p2b: Ursaluna|0 fnt\n|-status|p2a: Cresselia|brn\n|faint|p2b: Ursaluna\n|move|p1b: Mi-Aow|Crunch|p2a: Cresselia\n|-supereffective|p2a: Cresselia\n|-damage|p2a: Cresselia|0 fnt\n|faint|p2a: Cresselia\n|\n|-heal|p1a: Miami Terror|68\/100|[from] item: Leftovers\n|-sideend|p2: Dyonilon|move: Light Screen\n|upkeep\n|\n|t:|1695226420\n|switch|p2a: Tinkaton|Tinkaton, F|100\/100\n|switch|p2b: Palafin|Palafin, M|100\/100\n|-ability|p2a: Tinkaton|Mold Breaker\n|turn|7\n|inactive|Dyonilon has 120 seconds left.\n|inactive|Dyonilon has 90 seconds left.\n|\n|t:|1695226484\n|switch|p1b: Phoebe|Tapu Lele|100\/100\n|-fieldstart|move: Psychic Terrain|[from] ability: Psychic Surge|[of] p1b: Phoebe\n|move|p2a: Tinkaton|Fake Out|p1b: Phoebe\n|-activate|p1b: Phoebe|move: Psychic Terrain\n|move|p2b: Palafin|Jet Punch|p1a: Miami Terror\n|-activate|p1a: Miami Terror|move: Psychic Terrain\n|move|p1a: Miami Terror|Giga Drain|p2b: Palafin\n|-supereffective|p2b: Palafin\n|-damage|p2b: Palafin|0 fnt\n|-heal|p1a: Miami Terror|100\/100|[from] drain|[of] p2b: Palafin\n|faint|p2b: Palafin\n|\n|upkeep\n|inactive|Dyonilon has 90 seconds left.\n|\n|t:|1695226501\n|switch|p2b: Flutter Mane|Flutter Mane|100\/100\n|turn|8\n|inactive|Dyonilon has 90 seconds left.\n|\n|t:|1695226521\n|move|p1a: Miami Terror|Heat Wave|p2b: Flutter Mane|[spread] p2a\n|-miss|p1a: Miami Terror|p2b: Flutter Mane\n|-supereffective|p2a: Tinkaton\n|-damage|p2a: Tinkaton|0 fnt\n|faint|p2a: Tinkaton\n|move|p2b: Flutter Mane|Mystical Fire|p1a: Miami Terror\n|-supereffective|p1a: Miami Terror\n|-damage|p1a: Miami Terror|65\/100\n|-unboost|p1a: Miami Terror|spa|1\n|move|p1b: Phoebe|Psych Up|p1a: Miami Terror\n|-copyboost|p1b: Phoebe|p1a: Miami Terror|[from] move: Psych Up\n|\n|-heal|p1a: Miami Terror|71\/100|[from] item: Leftovers\n|upkeep\n|inactive|Dyonilon has 90 seconds left.\n|\n|t:|1695226533\n|switch|p2a: Skeledirge|Skeledirge, M|100\/100\n|turn|9\n|j| Azq2020 ^~^ \u273f \u2661 \u2764\n|\n|t:|1695226547\n|move|p1a: Miami Terror|Protect|p1a: Miami Terror\n|-singleturn|p1a: Miami Terror|Protect\n|move|p1b: Phoebe|Psychic|p2b: Flutter Mane\n|-damage|p2b: Flutter Mane|14\/100\n|move|p2b: Flutter Mane|Mystical Fire|p1b: Phoebe\n|-damage|p1b: Phoebe|83\/100\n|-unboost|p1b: Phoebe|spa|1\n|move|p2a: Skeledirge|Torch Song|p1a: Miami Terror\n|-activate|p1a: Miami Terror|move: Protect\n|\n|-heal|p1a: Miami Terror|77\/100|[from] item: Leftovers\n|upkeep\n|turn|10\n|l| Azq2020 ^~^ \u273f \u2661 \u2764\n|inactive|Dyonilon has 120 seconds left.\n|\n|t:|1695226564\n|move|p1a: Miami Terror|Heat Wave|p2a: Skeledirge|[spread] p2a,p2b\n|-resisted|p2a: Skeledirge\n|-damage|p2a: Skeledirge|84\/100\n|-damage|p2b: Flutter Mane|0 fnt\n|faint|p2b: Flutter Mane\n|-end|p2b: Flutter Mane|Protosynthesis|[silent]\n|move|p1b: Phoebe|Psychic|p2a: Skeledirge\n|-damage|p2a: Skeledirge|47\/100\n|move|p2a: Skeledirge|Torch Song|p1a: Miami Terror\n|-supereffective|p1a: Miami Terror\n|-damage|p1a: Miami Terror|49\/100\n|-boost|p2a: Skeledirge|spa|1\n|-enditem|p2a: Skeledirge|Throat Spray\n|-boost|p2a: Skeledirge|spa|1|[from] item: Throat Spray\n|\n|-heal|p1a: Miami Terror|55\/100|[from] item: Leftovers\n|upkeep\n|turn|11\n|\n|t:|1695226579\n|move|p1a: Miami Terror|Quiver Dance|p1a: Miami Terror\n|-boost|p1a: Miami Terror|spa|1\n|-boost|p1a: Miami Terror|spd|1\n|-boost|p1a: Miami Terror|spe|1\n|move|p1b: Phoebe|Psych Up|p1a: Miami Terror\n|-copyboost|p1b: Phoebe|p1a: Miami Terror|[from] move: Psych Up\n|move|p2a: Skeledirge|Torch Song|p1a: Miami Terror\n|-supereffective|p1a: Miami Terror\n|-damage|p1a: Miami Terror|12\/100\n|-boost|p2a: Skeledirge|spa|1\n|\n|-heal|p1a: Miami Terror|18\/100|[from] item: Leftovers\n|-fieldend|move: Psychic Terrain\n|upkeep\n|turn|12\n|\n|t:|1695226592\n|move|p1a: Miami Terror|Heat Wave|p2a: Skeledirge|[miss]\n|-miss|p1a: Miami Terror|p2a: Skeledirge\n|move|p1b: Phoebe|Psychic|p2a: Skeledirge\n|-damage|p2a: Skeledirge|0 fnt\n|faint|p2a: Skeledirge\n|\n|win|Mmiirrzzaa\n|raw|Mmiirrzzaa's rating: 1469 &rarr; <strong>1483<\/strong><br \/>(+14 for winning)\n|raw|Dyonilon's rating: 1359 &rarr; <strong>1345<\/strong><br \/>(-14 for losing)\n|l|\u2606Dyonilon\n","uploadtime":1695226604,"views":7,"p1id":"mmiirrzzaa","p2id":"dyonilon","formatid":"gen9nationaldexdoubles","rating":1345,"private":0,"password":""}