{"id":"gen9nationaldexdoubles-1963475617","p1":"ripallmyoldnames","p2":"TonyG1449","format":"[Gen 9] National Dex Doubles","log":"|j|\u2606ripallmyoldnames\n|j|\u2606TonyG1449\n|t:|1696870929\n|gametype|doubles\n|player|p1|ripallmyoldnames|karen|\n|player|p2|TonyG1449|101|\n|teamsize|p1|6\n|teamsize|p2|6\n|gen|9\n|tier|[Gen 9] National Dex Doubles\n|rule|HP Percentage Mod: HP is shown in percentages\n|rule|Endless Battle Clause: Forcing endless battles is banned\n|rule|OHKO Clause: OHKO moves are banned\n|rule|Evasion Moves Clause: Evasion moves are banned\n|rule|Evasion Abilities Clause: Evasion abilities are banned\n|rule|Species Clause: Limit one of each Pok\u00e9mon\n|rule|Gravity Sleep Clause: The combination of sleep-inducing moves with imperfect accuracy and Gravity or Gigantamax Orbeetle are banned\n|clearpoke\n|poke|p1|Blastoise, F|\n|poke|p1|Tentacruel, F|\n|poke|p1|Rillaboom, F|\n|poke|p1|Dragapult, M|\n|poke|p1|Hawlucha, M|\n|poke|p1|Volcarona, M|\n|poke|p2|Ninetales, F|\n|poke|p2|Jolteon, F|\n|poke|p2|Blastoise, M|\n|poke|p2|Garchomp, F|\n|poke|p2|Togekiss, F|\n|poke|p2|Aegislash, M|\n|teampreview\n|\n|t:|1696870969\n|start\n|switch|p1a: Blastoise|Blastoise, F|100\/100\n|switch|p1b: Tentacruel|Tentacruel, F|100\/100\n|switch|p2a: Blastoise|Blastoise, M|100\/100\n|switch|p2b: Togekiss|Togekiss, F|100\/100\n|turn|1\n|\n|t:|1696871024\n|switch|p2a: Jolteon|Jolteon, F|100\/100\n|move|p1b: Tentacruel|Knock Off|p2b: Togekiss\n|-resisted|p2b: Togekiss\n|-damage|p2b: Togekiss|94\/100\n|-enditem|p2b: Togekiss|Life Orb|[from] move: Knock Off|[of] p1b: Tentacruel\n|move|p2b: Togekiss|Air Slash|p1b: Tentacruel\n|-damage|p1b: Tentacruel|68\/100\n|move|p1a: Blastoise|Flip Turn|p2b: Togekiss\n|-damage|p2b: Togekiss|76\/100\n|\n|t:|1696871037\n|switch|p1a: Rillaboom|Rillaboom, F|100\/100|[from] Flip Turn\n|-fieldstart|move: Grassy Terrain|[from] ability: Grassy Surge|[of] p1a: Rillaboom\n|\n|-heal|p1b: Tentacruel|74\/100|[from] Grassy Terrain\n|-heal|p1b: Tentacruel|80\/100|[from] item: Black Sludge\n|upkeep\n|turn|2\n|j| Clabeh\n|\n|t:|1696871095\n|move|p1a: Rillaboom|Fake Out|p2a: Jolteon\n|-damage|p2a: Jolteon|66\/100\n|cant|p2a: Jolteon|flinch\n|move|p1b: Tentacruel|Knock Off|p2a: Jolteon\n|-damage|p2a: Jolteon|36\/100\n|-enditem|p2a: Jolteon|Sitrus Berry|[from] move: Knock Off|[of] p1b: Tentacruel\n|move|p2b: Togekiss|Air Slash|p1b: Tentacruel\n|-damage|p1b: Tentacruel|48\/100\n|\n|-heal|p2a: Jolteon|42\/100|[from] Grassy Terrain\n|-heal|p1b: Tentacruel|54\/100|[from] Grassy Terrain\n|-heal|p1b: Tentacruel|60\/100|[from] item: Black Sludge\n|upkeep\n|turn|3\n|\n|t:|1696871129\n|switch|p2a: Ninetales|Ninetales, F|100\/100\n|-weather|SunnyDay|[from] ability: Drought|[of] p2a: Ninetales\n|move|p1a: Rillaboom|Grassy Glide|p2a: Ninetales\n|-resisted|p2a: Ninetales\n|-damage|p2a: Ninetales|72\/100\n|move|p1b: Tentacruel|Scald|p2b: Togekiss\n|-damage|p2b: Togekiss|67\/100\n|move|p2b: Togekiss|Air Slash|p1a: Rillaboom\n|-supereffective|p1a: Rillaboom\n|-damage|p1a: Rillaboom|36\/100\n|\n|-weather|SunnyDay|[upkeep]\n|-heal|p1b: Tentacruel|66\/100|[from] Grassy Terrain\n|-heal|p2a: Ninetales|78\/100|[from] Grassy Terrain\n|-heal|p1b: Tentacruel|72\/100|[from] item: Black Sludge\n|-heal|p2a: Ninetales|84\/100|[from] item: Leftovers\n|-heal|p1a: Rillaboom|42\/100|[from] Grassy Terrain\n|upkeep\n|turn|4\n|\n|t:|1696871163\n|switch|p2a: Blastoise|Blastoise, M|100\/100\n|move|p1b: Tentacruel|Scald|p2a: Blastoise\n|-resisted|p2a: Blastoise\n|-crit|p2a: Blastoise\n|-damage|p2a: Blastoise|92\/100\n|-status|p2a: Blastoise|brn\n|move|p1a: Rillaboom|U-turn|p2a: Blastoise\n|-damage|p2a: Blastoise|66\/100 brn\n|\n|t:|1696871176\n|switch|p1a: Blastoise|Blastoise, F|100\/100|[from] U-turn\n|move|p2b: Togekiss|Air Slash|p1a: Blastoise\n|-damage|p1a: Blastoise|63\/100\n|\n|-weather|SunnyDay|[upkeep]\n|-heal|p1b: Tentacruel|78\/100|[from] Grassy Terrain\n|-heal|p1b: Tentacruel|84\/100|[from] item: Black Sludge\n|-heal|p2a: Blastoise|72\/100 brn|[from] Grassy Terrain\n|-heal|p1a: Blastoise|69\/100|[from] Grassy Terrain\n|-heal|p1a: Blastoise|75\/100|[from] item: Leftovers\n|-damage|p2a: Blastoise|66\/100 brn|[from] brn\n|upkeep\n|turn|5\n|\n|t:|1696871214\n|move|p1a: Blastoise|Fake Out|p2a: Blastoise\n|-damage|p2a: Blastoise|59\/100 brn\n|move|p1b: Tentacruel|Knock Off|p2a: Blastoise\n|-damage|p2a: Blastoise|45\/100 brn\n|-enditem|p2a: Blastoise|Focus Band|[from] move: Knock Off|[of] p1b: Tentacruel\n|move|p2b: Togekiss|Roost|p2b: Togekiss\n|-heal|p2b: Togekiss|100\/100\n|-singleturn|p2b: Togekiss|move: Roost\n|cant|p2a: Blastoise|flinch\n|\n|-weather|SunnyDay|[upkeep]\n|-heal|p1b: Tentacruel|90\/100|[from] Grassy Terrain\n|-heal|p1b: Tentacruel|96\/100|[from] item: Black Sludge\n|-heal|p1a: Blastoise|81\/100|[from] Grassy Terrain\n|-heal|p2a: Blastoise|51\/100 brn|[from] Grassy Terrain\n|-heal|p1a: Blastoise|88\/100|[from] item: Leftovers\n|-damage|p2a: Blastoise|45\/100 brn|[from] brn\n|-fieldend|move: Grassy Terrain\n|upkeep\n|turn|6\n|\n|t:|1696871247\n|move|p1b: Tentacruel|Rain Dance|p1b: Tentacruel\n|-weather|RainDance\n|move|p2b: Togekiss|Air Slash|p1b: Tentacruel|[miss]\n|-miss|p2b: Togekiss|p1b: Tentacruel\n|move|p2a: Blastoise|Liquidation|p1b: Tentacruel\n|-resisted|p1b: Tentacruel\n|-damage|p1b: Tentacruel|77\/100\n|move|p1a: Blastoise|Water Spout|p2b: Togekiss|[spread] p2a,p2b\n|-resisted|p2a: Blastoise\n|-damage|p2a: Blastoise|18\/100 brn\n|-damage|p2b: Togekiss|51\/100\n|\n|-weather|RainDance|[upkeep]\n|-heal|p1b: Tentacruel|83\/100|[from] ability: Rain Dish\n|-heal|p1a: Blastoise|94\/100|[from] ability: Rain Dish\n|-heal|p1b: Tentacruel|89\/100|[from] item: Black Sludge\n|-heal|p1a: Blastoise|99\/100|[from] item: Leftovers\n|-damage|p2a: Blastoise|12\/100 brn|[from] brn\n|upkeep\n|turn|7\n|\n|t:|1696871327\n|move|p1b: Tentacruel|Reflect|p1b: Tentacruel\n|-sidestart|p1: ripallmyoldnames|Reflect\n|move|p2b: Togekiss|Play Rough|p1b: Tentacruel\n|-resisted|p1b: Tentacruel\n|-damage|p1b: Tentacruel|77\/100\n|move|p1a: Blastoise|Water Spout|p2a: Blastoise|[spread] p2a,p2b\n|-resisted|p2a: Blastoise\n|-damage|p2a: Blastoise|0 fnt\n|-damage|p2b: Togekiss|1\/100\n|faint|p2a: Blastoise\n|\n|-weather|RainDance|[upkeep]\n|-heal|p1b: Tentacruel|83\/100|[from] ability: Rain Dish\n|-heal|p1a: Blastoise|100\/100|[from] ability: Rain Dish\n|-heal|p1b: Tentacruel|89\/100|[from] item: Black Sludge\n|upkeep\n|\n|t:|1696871341\n|switch|p2a: Jolteon|Jolteon, F|42\/100\n|turn|8\n|\n|t:|1696871382\n|move|p2a: Jolteon|Thunderbolt|p1b: Tentacruel\n|-supereffective|p1b: Tentacruel\n|-damage|p1b: Tentacruel|18\/100\n|move|p1b: Tentacruel|Scald|p2a: Jolteon\n|-damage|p2a: Jolteon|0 fnt\n|faint|p2a: Jolteon\n|move|p2b: Togekiss|Roost|p2b: Togekiss\n|-heal|p2b: Togekiss|51\/100\n|-singleturn|p2b: Togekiss|move: Roost\n|move|p1a: Blastoise|Water Spout|p2b: Togekiss\n|-damage|p2b: Togekiss|0 fnt\n|faint|p2b: Togekiss\n|\n|-weather|RainDance|[upkeep]\n|-heal|p1b: Tentacruel|24\/100|[from] ability: Rain Dish\n|-heal|p1b: Tentacruel|30\/100|[from] item: Black Sludge\n|upkeep\n|\n|t:|1696871408\n|switch|p2a: Garchomp|Garchomp, F|100\/100\n|switch|p2b: Aegislash|Aegislash, M|100\/100\n|-item|p2b: Aegislash|Air Balloon\n|turn|9\n|\n|t:|1696871428\n|move|p2a: Garchomp|Earthquake|p1b: Tentacruel|[spread] p1a,p1b\n|-immune|p2b: Aegislash\n|-supereffective|p1b: Tentacruel\n|-damage|p1a: Blastoise|78\/100\n|-damage|p1b: Tentacruel|0 fnt\n|faint|p1b: Tentacruel\n|move|p1a: Blastoise|Water Spout|p2b: Aegislash|[spread] p2a,p2b\n|-damage|p2a: Garchomp|40\/100\n|-damage|p2b: Aegislash|63\/100\n|-enditem|p2b: Aegislash|Air Balloon\n|-formechange|p2b: Aegislash|Aegislash-Blade||[from] ability: Stance Change\n|move|p2b: Aegislash|Flash Cannon|p1a: Blastoise\n|-resisted|p1a: Blastoise\n|-damage|p1a: Blastoise|57\/100\n|\n|-weather|RainDance|[upkeep]\n|-heal|p1a: Blastoise|63\/100|[from] ability: Rain Dish\n|-heal|p1a: Blastoise|69\/100|[from] item: Leftovers\n|upkeep\n|\n|t:|1696871445\n|switch|p1b: Rillaboom|Rillaboom, F|42\/100\n|-fieldstart|move: Grassy Terrain|[from] ability: Grassy Surge|[of] p1b: Rillaboom\n|turn|10\n|\n|t:|1696871466\n|-formechange|p2b: Aegislash|Aegislash||[from] ability: Stance Change\n|move|p2b: Aegislash|King's Shield|p2b: Aegislash\n|-singleturn|p2b: Aegislash|Protect\n|move|p2a: Garchomp|Dragon Pulse|p1b: Rillaboom\n|-crit|p1b: Rillaboom\n|-damage|p1b: Rillaboom|12\/100\n|move|p1b: Rillaboom|U-turn|p2b: Aegislash\n|-activate|p2b: Aegislash|move: Protect\n|-unboost|p1b: Rillaboom|atk|1\n|move|p1a: Blastoise|Water Spout|p2b: Aegislash|[spread] p2a\n|-activate|p2b: Aegislash|move: Protect\n|-damage|p2a: Garchomp|0 fnt\n|faint|p2a: Garchomp\n|\n|-weather|none\n|-heal|p1b: Rillaboom|18\/100|[from] Grassy Terrain\n|-heal|p1a: Blastoise|75\/100|[from] Grassy Terrain\n|-heal|p1a: Blastoise|81\/100|[from] item: Leftovers\n|-heal|p2b: Aegislash|69\/100|[from] Grassy Terrain\n|upkeep\n|\n|t:|1696871487\n|switch|p2a: Ninetales|Ninetales, F|84\/100\n|-weather|SunnyDay|[from] ability: Drought|[of] p2a: Ninetales\n|turn|11\n|\n|t:|1696871509\n|move|p2a: Ninetales|Fire Blast|p1b: Rillaboom\n|-supereffective|p1b: Rillaboom\n|-damage|p1b: Rillaboom|0 fnt\n|faint|p1b: Rillaboom\n|move|p1a: Blastoise|Water Spout|p2a: Ninetales|[spread] p2a,p2b\n|-supereffective|p2a: Ninetales\n|-damage|p2a: Ninetales|46\/100\n|-damage|p2b: Aegislash|58\/100\n|-formechange|p2b: Aegislash|Aegislash-Blade||[from] ability: Stance Change\n|move|p2b: Aegislash|Shadow Claw|p1a: Blastoise\n|-damage|p1a: Blastoise|63\/100\n|\n|-weather|SunnyDay|[upkeep]\n|-heal|p2a: Ninetales|52\/100|[from] Grassy Terrain\n|-heal|p2a: Ninetales|58\/100|[from] item: Leftovers\n|-heal|p1a: Blastoise|69\/100|[from] Grassy Terrain\n|-heal|p1a: Blastoise|75\/100|[from] item: Leftovers\n|-heal|p2b: Aegislash|64\/100|[from] Grassy Terrain\n|-sideend|p1: ripallmyoldnames|Reflect\n|upkeep\n|\n|t:|1696871530\n|switch|p1b: Dragapult|Dragapult, M|100\/100\n|turn|12\n|\n|t:|1696871544\n|-formechange|p2b: Aegislash|Aegislash||[from] ability: Stance Change\n|move|p2b: Aegislash|King's Shield|p2b: Aegislash\n|-singleturn|p2b: Aegislash|Protect\n|move|p1a: Blastoise|Follow Me|p1a: Blastoise\n|-singleturn|p1a: Blastoise|move: Follow Me\n|move|p1b: Dragapult|Dragon Dance|p1b: Dragapult\n|-boost|p1b: Dragapult|atk|1\n|-boost|p1b: Dragapult|spe|1\n|move|p2a: Ninetales|Fire Blast|p1a: Blastoise\n|-resisted|p1a: Blastoise\n|-damage|p1a: Blastoise|44\/100\n|\n|-weather|SunnyDay|[upkeep]\n|-heal|p2a: Ninetales|64\/100|[from] Grassy Terrain\n|-heal|p2a: Ninetales|69\/100|[from] item: Leftovers\n|-heal|p1a: Blastoise|50\/100|[from] Grassy Terrain\n|-heal|p1a: Blastoise|56\/100|[from] item: Leftovers\n|-heal|p2b: Aegislash|70\/100|[from] Grassy Terrain\n|upkeep\n|turn|13\n|\n|t:|1696871589\n|move|p1b: Dragapult|Phantom Force||[still]\n|-prepare|p1b: Dragapult|Phantom Force\n|move|p2a: Ninetales|Fire Blast|p1a: Blastoise\n|-resisted|p1a: Blastoise\n|-damage|p1a: Blastoise|29\/100\n|move|p1a: Blastoise|Flip Turn|p2a: Ninetales\n|-supereffective|p2a: Ninetales\n|-damage|p2a: Ninetales|44\/100\n|\n|t:|1696871605\n|switch|p1a: Volcarona|Volcarona, M|100\/100|[from] Flip Turn\n|-formechange|p2b: Aegislash|Aegislash-Blade||[from] ability: Stance Change\n|move|p2b: Aegislash|Flash Cannon|p1a: Volcarona\n|-resisted|p1a: Volcarona\n|-damage|p1a: Volcarona|82\/100\n|\n|-weather|SunnyDay|[upkeep]\n|-heal|p1a: Volcarona|88\/100|[from] Grassy Terrain\n|-heal|p2a: Ninetales|50\/100|[from] Grassy Terrain\n|-heal|p2a: Ninetales|56\/100|[from] item: Leftovers\n|-heal|p2b: Aegislash|76\/100|[from] Grassy Terrain\n|upkeep\n|turn|14\n|\n|t:|1696871631\n|move|p1b: Dragapult|Phantom Force|p2b: Aegislash|[from]lockedmove\n|-supereffective|p2b: Aegislash\n|-damage|p2b: Aegislash|0 fnt\n|faint|p2b: Aegislash\n|move|p2a: Ninetales|Heat Wave|p1b: Dragapult|[spread] p1a,p1b\n|-resisted|p1b: Dragapult\n|-damage|p1a: Volcarona|50\/100\n|-damage|p1b: Dragapult|71\/100\n|-enditem|p1a: Volcarona|Sitrus Berry|[eat]\n|-heal|p1a: Volcarona|75\/100|[from] item: Sitrus Berry\n|move|p1a: Volcarona|Heat Wave|p2a: Ninetales\n|-resisted|p2a: Ninetales\n|-damage|p2a: Ninetales|22\/100\n|\n|-weather|SunnyDay|[upkeep]\n|-heal|p1b: Dragapult|77\/100|[from] Grassy Terrain\n|-heal|p2a: Ninetales|28\/100|[from] Grassy Terrain\n|-heal|p1a: Volcarona|81\/100|[from] Grassy Terrain\n|-heal|p2a: Ninetales|34\/100|[from] item: Leftovers\n|-fieldend|move: Grassy Terrain\n|upkeep\n|turn|15\n|\n|t:|1696871662\n|move|p1b: Dragapult|Dragon Darts|p2a: Ninetales\n|-damage|p2a: Ninetales|0 fnt\n|faint|p2a: Ninetales\n|\n|win|ripallmyoldnames\n|l|\u2606TonyG1449\n","uploadtime":1696872745,"views":12,"p1id":"ripallmyoldnames","p2id":"tonyg1449","formatid":"gen9nationaldexdoubles","rating":0,"private":0,"password":""}