{"id":"gen9nationaldexdoubles-1970835010","p1":"JackieNut","p2":"sootywhisper73","format":"[Gen 9] National Dex Doubles","log":"|j|\u2606JackieNut\n|j|\u2606sootywhisper73\n|t:|1697671991\n|gametype|doubles\n|player|p1|JackieNut|flannery|\n|player|p2|sootywhisper73|dawn-gen4pt|\n|teamsize|p1|6\n|teamsize|p2|6\n|gen|9\n|tier|[Gen 9] National Dex Doubles\n|rule|HP Percentage Mod: HP is shown in percentages\n|rule|Endless Battle Clause: Forcing endless battles is banned\n|rule|OHKO Clause: OHKO moves are banned\n|rule|Evasion Moves Clause: Evasion moves are banned\n|rule|Evasion Abilities Clause: Evasion abilities are banned\n|rule|Species Clause: Limit one of each Pok\u00e9mon\n|rule|Gravity Sleep Clause: The combination of sleep-inducing moves with imperfect accuracy and Gravity or Gigantamax Orbeetle are banned\n|clearpoke\n|poke|p1|Zamazenta-*|\n|poke|p1|Lycanroc-Midnight, F|\n|poke|p1|Shaymin-Sky|\n|poke|p1|Sylveon, F|\n|poke|p1|Arcanine, M|\n|poke|p1|Suicune|\n|poke|p2|Tapu Koko|\n|poke|p2|Venusaur, F|\n|poke|p2|Skarmory, F|\n|poke|p2|Espeon, F|\n|poke|p2|Samurott, M|\n|poke|p2|Garchomp, F|\n|teampreview\n|\n|t:|1697671998\n|start\n|switch|p1a: mutt|Arcanine, M|100\/100\n|switch|p1b: water dog|Suicune|100\/100\n|switch|p2a: Skarmory|Skarmory, F|100\/100\n|switch|p2b: Cynda|Tapu Koko, shiny|100\/100\n|-fieldstart|move: Electric Terrain|[from] ability: Electric Surge|[of] p2b: Cynda\n|-ability|p1a: mutt|Intimidate|boost\n|-unboost|p2a: Skarmory|atk|1\n|-unboost|p2b: Cynda|atk|1\n|turn|1\n|\n|t:|1697672058\n|switch|p1b: doggie|Shaymin-Sky|100\/100\n|move|p2b: Cynda|Thunderbolt|p1b: doggie\n|-damage|p1b: doggie|37\/100\n|move|p1a: mutt|Flare Blitz|p2a: Skarmory\n|-supereffective|p2a: Skarmory\n|-damage|p2a: Skarmory|29\/100\n|-damage|p1a: mutt|80\/100|[from] Recoil\n|move|p2a: Skarmory|Tailwind|p2a: Skarmory\n|-sidestart|p2: sootywhisper73|move: Tailwind\n|\n|-heal|p2a: Skarmory|35\/100|[from] item: Leftovers\n|upkeep\n|turn|2\n|\n|t:|1697672076\n|move|p2b: Cynda|Thunderbolt|p1b: doggie\n|-damage|p1b: doggie|0 fnt\n|faint|p1b: doggie\n|move|p2a: Skarmory|Stealth Rock|p1a: mutt\n|-sidestart|p1: JackieNut|move: Stealth Rock\n|move|p1a: mutt|Flare Blitz|p2a: Skarmory\n|-supereffective|p2a: Skarmory\n|-damage|p2a: Skarmory|0 fnt\n|faint|p2a: Skarmory\n|-damage|p1a: mutt|71\/100|[from] Recoil\n|\n|upkeep\n|\n|t:|1697672123\n|switch|p1b: wolfie|Lycanroc-Midnight, F|100\/100\n|switch|p2a: Venusaur|Venusaur, F, shiny|100\/100\n|-damage|p1b: wolfie|88\/100|[from] Stealth Rock\n|turn|3\n|\n|t:|1697672198\n|detailschange|p2a: Venusaur|Venusaur-Mega, F, shiny\n|-mega|p2a: Venusaur|Venusaur|Venusaurite\n|move|p2b: Cynda|U-turn|p1b: wolfie\n|-damage|p1b: wolfie|73\/100\n|\n|t:|1697672205\n|switch|p2b: Espeon|Espeon, F|100\/100|[from] U-turn\n|move|p2a: Venusaur|Earth Power|p1a: mutt\n|-supereffective|p1a: mutt\n|-damage|p1a: mutt|17\/100\n|-enditem|p1a: mutt|Sitrus Berry|[eat]\n|-heal|p1a: mutt|42\/100|[from] item: Sitrus Berry\n|move|p1a: mutt|Flare Blitz|p2a: Venusaur\n|-supereffective|p2a: Venusaur\n|-damage|p2a: Venusaur|72\/100\n|-damage|p1a: mutt|34\/100|[from] Recoil\n|move|p1b: wolfie|Stone Edge|p2b: Espeon\n|-damage|p2b: Espeon|0 fnt\n|faint|p2b: Espeon\n|\n|upkeep\n|\n|t:|1697672213\n|switch|p2b: Samurott|Samurott, M|100\/100\n|turn|4\n|\n|t:|1697672255\n|switch|p1b: gay dog|Sylveon, F|100\/100\n|-damage|p1b: gay dog|88\/100|[from] Stealth Rock\n|move|p1a: mutt|Protect|p1a: mutt\n|-singleturn|p1a: mutt|Protect\n|move|p2b: Samurott|Aqua Jet|p1a: mutt\n|-activate|p1a: mutt|move: Protect\n|move|p2a: Venusaur|Energy Ball|p1b: gay dog\n|-damage|p1b: gay dog|64\/100\n|\n|-heal|p1b: gay dog|71\/100|[from] item: Leftovers\n|-sideend|p2: sootywhisper73|move: Tailwind\n|upkeep\n|turn|5\n|\n|t:|1697672274\n|switch|p1a: water dog|Suicune|100\/100\n|-damage|p1a: water dog|88\/100|[from] Stealth Rock\n|move|p2b: Samurott|Aqua Jet|p1a: water dog\n|-resisted|p1a: water dog\n|-damage|p1a: water dog|83\/100\n|move|p2a: Venusaur|Sludge Bomb|p1b: gay dog\n|-supereffective|p1b: gay dog\n|-damage|p1b: gay dog|20\/100\n|move|p1b: gay dog|Substitute|p1b: gay dog\n|-fail|p1b: gay dog|move: Substitute|[weak]\n|\n|-heal|p1a: water dog|89\/100|[from] item: Leftovers\n|-heal|p1b: gay dog|26\/100|[from] item: Leftovers\n|-fieldend|move: Electric Terrain\n|upkeep\n|turn|6\n|\n|t:|1697672291\n|move|p1b: gay dog|Protect|p1b: gay dog\n|-singleturn|p1b: gay dog|Protect\n|move|p2b: Samurott|Aqua Jet|p1b: gay dog\n|-activate|p1b: gay dog|move: Protect\n|move|p1a: water dog|Tailwind|p1a: water dog\n|-sidestart|p1: JackieNut|move: Tailwind\n|move|p2a: Venusaur|Sludge Bomb|p1b: gay dog\n|-activate|p1b: gay dog|move: Protect\n|\n|-heal|p1a: water dog|95\/100|[from] item: Leftovers\n|-heal|p1b: gay dog|32\/100|[from] item: Leftovers\n|upkeep\n|turn|7\n|\n|t:|1697672328\n|switch|p1a: pupie|Zamazenta|100\/100\n|-damage|p1a: pupie|94\/100|[from] Stealth Rock\n|-ability|p1a: pupie|Dauntless Shield|boost\n|-boost|p1a: pupie|def|1\n|move|p1b: gay dog|Protect|p1b: gay dog\n|-singleturn|p1b: gay dog|Protect\n|move|p2b: Samurott|Aqua Jet|p1b: gay dog\n|-activate|p1b: gay dog|move: Protect\n|move|p2a: Venusaur|Energy Ball|p1a: pupie\n|-damage|p1a: pupie|63\/100\n|\n|-heal|p1b: gay dog|38\/100|[from] item: Leftovers\n|upkeep\n|turn|8\n|\n|t:|1697672361\n|move|p1a: pupie|Close Combat|p2a: Venusaur\n|-resisted|p2a: Venusaur\n|-damage|p2a: Venusaur|48\/100\n|-unboost|p1a: pupie|def|1\n|-unboost|p1a: pupie|spd|1\n|move|p1b: gay dog|Substitute|p1b: gay dog\n|-start|p1b: gay dog|Substitute\n|-damage|p1b: gay dog|13\/100\n|move|p2a: Venusaur|Sludge Bomb|p1b: gay dog\n|-supereffective|p1b: gay dog\n|-end|p1b: gay dog|Substitute\n|move|p2b: Samurott|Air Slash|p1a: pupie\n|-supereffective|p1a: pupie\n|-damage|p1a: pupie|0 fnt\n|faint|p1a: pupie\n|\n|-heal|p1b: gay dog|19\/100|[from] item: Leftovers\n|upkeep\n|\n|t:|1697672376\n|switch|p1a: mutt|Arcanine, M|34\/100\n|-damage|p1a: mutt|9\/100|[from] Stealth Rock\n|-ability|p1a: mutt|Intimidate|boost\n|-unboost|p2a: Venusaur|atk|1\n|-unboost|p2b: Samurott|atk|1\n|turn|9\n|\n|t:|1697672408\n|switch|p2a: Cynda|Tapu Koko, shiny|100\/100\n|-fieldstart|move: Electric Terrain|[from] ability: Electric Surge|[of] p2a: Cynda\n|move|p1a: mutt|Flare Blitz|p2a: Cynda\n|-damage|p2a: Cynda|38\/100\n|-damage|p1a: mutt|0 fnt|[from] Recoil\n|faint|p1a: mutt\n|move|p1b: gay dog|Hyper Voice|p2a: Cynda|[spread] p2a,p2b\n|-damage|p2a: Cynda|0 fnt\n|-damage|p2b: Samurott|67\/100\n|faint|p2a: Cynda\n|move|p2b: Samurott|Surf|p1b: gay dog\n|-damage|p1b: gay dog|0 fnt\n|faint|p1b: gay dog\n|\n|-sideend|p1: JackieNut|move: Tailwind\n|upkeep\n|\n|t:|1697672424\n|switch|p2a: Garchomp|Garchomp, F|100\/100\n|switch|p1a: wolfie|Lycanroc-Midnight, F|73\/100\n|switch|p1b: water dog|Suicune|95\/100\n|-damage|p1a: wolfie|61\/100|[from] Stealth Rock\n|-damage|p1b: water dog|83\/100|[from] Stealth Rock\n|turn|10\n|\n|t:|1697672452\n|move|p2a: Garchomp|Iron Head|p1a: wolfie\n|-supereffective|p1a: wolfie\n|-damage|p1a: wolfie|0 fnt\n|faint|p1a: wolfie\n|-damage|p2a: Garchomp|91\/100|[from] item: Life Orb\n|move|p1b: water dog|Ice Beam|p2a: Garchomp\n|-supereffective|p2a: Garchomp\n|-damage|p2a: Garchomp|0 fnt\n|faint|p2a: Garchomp\n|move|p2b: Samurott|Surf|p1b: water dog\n|-resisted|p1b: water dog\n|-damage|p1b: water dog|70\/100\n|\n|-heal|p1b: water dog|76\/100|[from] item: Leftovers\n|upkeep\n|\n|t:|1697672455\n|switch|p2a: Venusaur|Venusaur-Mega, F, shiny|48\/100\n|turn|11\n|\n|t:|1697672476\n|move|p1b: water dog|Ice Beam|p2a: Venusaur\n|-supereffective|p2a: Venusaur\n|-damage|p2a: Venusaur|31\/100\n|move|p2a: Venusaur|Energy Ball|p1b: water dog\n|-supereffective|p1b: water dog\n|-damage|p1b: water dog|29\/100\n|move|p2b: Samurott|Air Slash|p1b: water dog\n|-damage|p1b: water dog|15\/100\n|\n|-heal|p1b: water dog|21\/100|[from] item: Leftovers\n|upkeep\n|turn|12\n|\n|t:|1697672487\n|move|p1b: water dog|Ice Beam|p2a: Venusaur\n|-supereffective|p2a: Venusaur\n|-damage|p2a: Venusaur|15\/100\n|move|p2a: Venusaur|Energy Ball|p1b: water dog\n|-supereffective|p1b: water dog\n|-damage|p1b: water dog|0 fnt\n|faint|p1b: water dog\n|\n|win|sootywhisper73\n","uploadtime":1697672491,"views":9,"p1id":"jackienut","p2id":"sootywhisper73","formatid":"gen9nationaldexdoubles","rating":0,"private":0,"password":""}