{"id":"gen9nationaldexdoubles-1972812245","p1":"MrLukis","p2":"Churritox","format":"[Gen 9] National Dex Doubles","log":"|j|\u2606MrLukis\n|j|\u2606Churritox\n|t:|1697898097\n|gametype|doubles\n|player|p1|MrLukis|hugh|\n|player|p2|Churritox|lucas|\n|teamsize|p1|6\n|teamsize|p2|6\n|gen|9\n|tier|[Gen 9] National Dex Doubles\n|rule|HP Percentage Mod: HP is shown in percentages\n|rule|Endless Battle Clause: Forcing endless battles is banned\n|rule|OHKO Clause: OHKO moves are banned\n|rule|Evasion Moves Clause: Evasion moves are banned\n|rule|Evasion Abilities Clause: Evasion abilities are banned\n|rule|Species Clause: Limit one of each Pok\u00e9mon\n|rule|Gravity Sleep Clause: The combination of sleep-inducing moves with imperfect accuracy and Gravity or Gigantamax Orbeetle are banned\n|clearpoke\n|poke|p1|Wigglytuff, M|\n|poke|p1|Dragonite, M|\n|poke|p1|Feraligatr, M|\n|poke|p1|Slaking, M|\n|poke|p1|Hydreigon, M|\n|poke|p1|Azumarill, M|\n|poke|p2|Greninja-*, M|\n|poke|p2|Blastoise, M|\n|poke|p2|Staraptor, F|\n|poke|p2|Charizard, M|\n|poke|p2|Infernape, F|\n|poke|p2|Incineroar, M|\n|teampreview\n|inactive|Battle timer is ON: inactive players will automatically lose when time's up. (requested by MrLukis)\n|c|\u2606MrLukis|gimnasio barriga cervecera\n|inactiveoff|Battle timer is now OFF.\n|\n|t:|1697898172\n|start\n|switch|p1a: Drag0nite|Feraligatr, M|100\/100\n|switch|p1b: Lukis|Azumarill, M, shiny|100\/100\n|switch|p2a: Labrador|Staraptor, F|100\/100\n|switch|p2b: Greninja|Greninja, M|100\/100\n|-ability|p2a: Labrador|Intimidate|boost\n|-unboost|p1a: Drag0nite|atk|1\n|-unboost|p1b: Lukis|atk|1\n|turn|1\n|\n|t:|1697898200\n|move|p2b: Greninja|Dark Pulse|p1b: Lukis\n|-resisted|p1b: Lukis\n|-damage|p1b: Lukis|82\/100\n|move|p2a: Labrador|Close Combat|p1b: Lukis\n|-resisted|p1b: Lukis\n|-damage|p1b: Lukis|62\/100\n|-unboost|p2a: Labrador|def|1\n|-unboost|p2a: Labrador|spd|1\n|move|p1a: Drag0nite|Ice Punch|p2a: Labrador\n|-supereffective|p2a: Labrador\n|-damage|p2a: Labrador|0 fnt\n|-damage|p1a: Drag0nite|84\/100|[from] item: Rocky Helmet|[of] p2a: Labrador\n|faint|p2a: Labrador\n|move|p1b: Lukis|Play Rough|p2b: Greninja\n|-supereffective|p2b: Greninja\n|-enditem|p2b: Greninja|Focus Sash\n|-damage|p2b: Greninja|1\/100\n|-unboost|p2b: Greninja|atk|1\n|\n|upkeep\n|\n|t:|1697898219\n|switch|p2a: Dragomega|Charizard, M|100\/100\n|turn|2\n|\n|t:|1697898231\n|detailschange|p2a: Dragomega|Charizard-Mega-Y, M\n|-mega|p2a: Dragomega|Charizard|Charizardite Y\n|-weather|SunnyDay|[from] ability: Drought|[of] p2a: Dragomega\n|move|p1b: Lukis|Aqua Jet|p2b: Greninja\n|-resisted|p2b: Greninja\n|-damage|p2b: Greninja|0 fnt\n|faint|p2b: Greninja\n|move|p2a: Dragomega|Blast Burn|p1b: Lukis\n|-resisted|p1b: Lukis\n|-crit|p1b: Lukis\n|-damage|p1b: Lukis|0 fnt\n|-mustrecharge|p2a: Dragomega\n|faint|p1b: Lukis\n|move|p1a: Drag0nite|Waterfall|p2a: Dragomega\n|-supereffective|p2a: Dragomega\n|-damage|p2a: Dragomega|52\/100\n|\n|-weather|SunnyDay|[upkeep]\n|upkeep\n|\n|t:|1697898245\n|switch|p2b: Omega|Incineroar, M|100\/100\n|switch|p1b: Feraligator|Dragonite, M|100\/100\n|-ability|p2b: Omega|Intimidate|boost\n|-unboost|p1a: Drag0nite|atk|1\n|-unboost|p1b: Feraligator|atk|1\n|turn|3\n|\n|t:|1697898260\n|switch|p1b: Barriga Croquetera|Hydreigon, M, shiny|100\/100\n|cant|p2a: Dragomega|recharge\n|move|p1a: Drag0nite|Earthquake|p2a: Dragomega|[spread] p2b\n|-immune|p1b: Barriga Croquetera|[from] ability: Levitate\n|-immune|p2a: Dragomega\n|-supereffective|p2b: Omega\n|-damage|p2b: Omega|75\/100\n|move|p2b: Omega|Outrage|p1b: Barriga Croquetera\n|-supereffective|p1b: Barriga Croquetera\n|-damage|p1b: Barriga Croquetera|0 fnt\n|faint|p1b: Barriga Croquetera\n|\n|-weather|SunnyDay|[upkeep]\n|upkeep\n|\n|t:|1697898273\n|switch|p1b: Barriga Empanadera|Slaking, M|100\/100\n|turn|4\n|\n|t:|1697898284\n|move|p1b: Barriga Empanadera|Double-Edge|p2b: Omega\n|-damage|p2b: Omega|4\/100\n|-damage|p1b: Barriga Empanadera|80\/100|[from] Recoil\n|move|p2a: Dragomega|Blast Burn|p1b: Barriga Empanadera\n|-damage|p1b: Barriga Empanadera|0 fnt\n|-mustrecharge|p2a: Dragomega\n|faint|p1b: Barriga Empanadera\n|move|p1a: Drag0nite|Waterfall|p2a: Dragomega\n|-supereffective|p2a: Dragomega\n|-damage|p2a: Dragomega|14\/100\n|move|p2b: Omega|Outrage|p1a: Drag0nite|[from]lockedmove\n|-damage|p1a: Drag0nite|40\/100\n|-enditem|p1a: Drag0nite|Red Card|[of] p2b: Omega\n|-start|p2b: Omega|confusion|[fatigue]\n|drag|p2b: Cristi|Infernape, F|100\/100\n|\n|-weather|SunnyDay|[upkeep]\n|upkeep\n|\n|t:|1697898301\n|switch|p1b: Feraligator|Dragonite, M|100\/100\n|turn|5\n|\n|t:|1697898309\n|switch|p1a: Gran Bluff|Wigglytuff, M|100\/100\n|move|p2b: Cristi|Fake Out|p1a: Gran Bluff\n|-damage|p1a: Gran Bluff|80\/100\n|-damage|p2b: Cristi|91\/100|[from] item: Life Orb\n|move|p1b: Feraligator|Extreme Speed|p2a: Dragomega\n|-damage|p2a: Dragomega|0 fnt\n|faint|p2a: Dragomega\n|\n|-weather|SunnyDay|[upkeep]\n|upkeep\n|\n|t:|1697898321\n|switch|p2a: Omega|Incineroar, M|4\/100\n|-ability|p2a: Omega|Intimidate|boost\n|-unboost|p1a: Gran Bluff|atk|1\n|-ability|p1a: Gran Bluff|Competitive|boost\n|-boost|p1a: Gran Bluff|spa|2\n|-unboost|p1b: Feraligator|atk|1\n|turn|6\n|\n|t:|1697898340\n|move|p1b: Feraligator|Extreme Speed|p2a: Omega\n|-damage|p2a: Omega|0 fnt\n|faint|p2a: Omega\n|move|p2b: Cristi|Flare Blitz|p1b: Feraligator\n|-resisted|p1b: Feraligator\n|-damage|p1b: Feraligator|73\/100\n|-damage|p2b: Cristi|80\/100|[from] Recoil\n|-damage|p2b: Cristi|70\/100|[from] item: Life Orb\n|move|p1a: Gran Bluff|Hyper Voice|p2b: Cristi\n|-damage|p2b: Cristi|0 fnt\n|faint|p2b: Cristi\n|\n|-weather|none\n|upkeep\n|\n|t:|1697898368\n|switch|p2b: Cervecerilla|Blastoise, M|100\/100\n|turn|7\n|\n|t:|1697898380\n|move|p1b: Feraligator|Dragon Claw|p2b: Cervecerilla\n|-damage|p2b: Cervecerilla|70\/100\n|move|p2b: Cervecerilla|Focus Blast|p1a: Gran Bluff|[miss]\n|-miss|p2b: Cervecerilla|p1a: Gran Bluff\n|move|p1a: Gran Bluff|Hyper Voice|p2b: Cervecerilla\n|-damage|p2b: Cervecerilla|26\/100\n|\n|upkeep\n|turn|8\n|\n|t:|1697898393\n|-terastallize|p2b: Cervecerilla|Water\n|move|p1b: Feraligator|Extreme Speed|p2b: Cervecerilla\n|-damage|p2b: Cervecerilla|5\/100\n|move|p2b: Cervecerilla|Hydro Cannon|p1a: Gran Bluff|[miss]\n|-miss|p2b: Cervecerilla|p1a: Gran Bluff\n|move|p1a: Gran Bluff|Hyper Voice|p2b: Cervecerilla\n|-damage|p2b: Cervecerilla|0 fnt\n|faint|p2b: Cervecerilla\n|\n|win|MrLukis\n","uploadtime":1697898409,"views":13,"p1id":"mrlukis","p2id":"churritox","formatid":"gen9nationaldexdoubles","rating":0,"private":0,"password":""}