{"id":"gen9nationaldexdoubles-1984885594","p1":"Xalvadore","p2":"fumbari 24","format":"[Gen 9] National Dex Doubles","log":"|j|\u2606Xalvadore\n|j|\u2606fumbari 24\n|t:|1699307549\n|gametype|doubles\n|player|p1|Xalvadore|marnie|1388\n|player|p2|fumbari 24|hilbert|1494\n|teamsize|p1|6\n|teamsize|p2|6\n|gen|9\n|tier|[Gen 9] National Dex Doubles\n|rated|\n|rule|HP Percentage Mod: HP is shown in percentages\n|rule|Endless Battle Clause: Forcing endless battles is banned\n|rule|OHKO Clause: OHKO moves are banned\n|rule|Evasion Moves Clause: Evasion moves are banned\n|rule|Evasion Abilities Clause: Evasion abilities are banned\n|rule|Species Clause: Limit one of each Pok\u00e9mon\n|rule|Gravity Sleep Clause: The combination of sleep-inducing moves with imperfect accuracy and Gravity or Gigantamax Orbeetle are banned\n|clearpoke\n|poke|p1|Tyranitar, M|\n|poke|p1|Gastrodon, M|\n|poke|p1|Excadrill, F|\n|poke|p1|Zapdos|\n|poke|p1|Latias, F|\n|poke|p1|Hitmontop, M|\n|poke|p2|Enamorus, F|\n|poke|p2|Tapu Koko|\n|poke|p2|Sableye, M|\n|poke|p2|Heracross, M|\n|poke|p2|Wyrdeer, M|\n|poke|p2|Gastrodon, M|\n|teampreview\n|\n|t:|1699307567\n|start\n|switch|p1a: Latias|Latias, F|100\/100\n|switch|p1b: Hitmontop|Hitmontop, M|100\/100\n|switch|p2a: Genbu|Enamorus, F|100\/100\n|switch|p2b: Raijin|Tapu Koko, shiny|100\/100\n|-fieldstart|move: Electric Terrain|[from] ability: Electric Surge|[of] p2b: Raijin\n|-ability|p1b: Hitmontop|Intimidate|boost\n|-boost|p2a: Genbu|atk|1\n|-unboost|p2b: Raijin|atk|1\n|turn|1\n|inactive|Battle timer is ON: inactive players will automatically lose when time's up. (requested by fumbari 24)\n|\n|t:|1699307603\n|move|p1b: Hitmontop|Wide Guard|p1b: Hitmontop\n|-singleturn|p1b: Hitmontop|Wide Guard\n|move|p2b: Raijin|Eerie Impulse|p2a: Genbu\n|-boost|p2a: Genbu|spa|2\n|move|p1a: Latias|Tailwind|p1a: Latias\n|-sidestart|p1: Xalvadore|move: Tailwind\n|move|p2a: Genbu|Dazzling Gleam|p1a: Latias|[spread] \n|-activate|p1a: Latias|move: Wide Guard\n|-activate|p1b: Hitmontop|move: Wide Guard\n|\n|upkeep\n|turn|2\n|\n|t:|1699307632\n|switch|p1a: Excadrill|Excadrill, F|100\/100\n|move|p1b: Hitmontop|Mach Punch|p2b: Raijin\n|-resisted|p2b: Raijin\n|-damage|p2b: Raijin|92\/100\n|move|p2b: Raijin|Volt Switch|p1b: Hitmontop\n|-damage|p1b: Hitmontop|71\/100\n|\n|t:|1699307642\n|switch|p2b: Yami|Sableye, M|100\/100|[from] Volt Switch\n|move|p2a: Genbu|Sludge Bomb|p1b: Hitmontop\n|-damage|p1b: Hitmontop|16\/100\n|-enditem|p1b: Hitmontop|Sitrus Berry|[eat]\n|-heal|p1b: Hitmontop|41\/100|[from] item: Sitrus Berry\n|\n|upkeep\n|turn|3\n|\n|t:|1699307666\n|switch|p1b: Tyranitar|Tyranitar, M|100\/100\n|-weather|Sandstorm|[from] ability: Sand Stream|[of] p1b: Tyranitar\n|move|p2a: Genbu|Protect|p2a: Genbu\n|-singleturn|p2a: Genbu|Protect\n|move|p2b: Yami|Encore|p1b: Tyranitar\n|-hint|Since gen 7, Dark is immune to Prankster moves.\n|-immune|p1b: Tyranitar\n|move|p1a: Excadrill|Rock Slide|p2b: Yami|[spread] p2b\n|-activate|p2a: Genbu|move: Protect\n|-damage|p2b: Yami|71\/100\n|\n|-weather|Sandstorm|[upkeep]\n|-damage|p2a: Genbu|94\/100|[from] Sandstorm\n|-damage|p2b: Yami|65\/100|[from] Sandstorm\n|-heal|p2a: Genbu|100\/100|[from] item: Leftovers\n|upkeep\n|turn|4\n|\n|t:|1699307695\n|-terastallize|p2a: Genbu|Ground\n|move|p2b: Yami|Encore|p1a: Excadrill\n|-start|p1a: Excadrill|Encore\n|move|p1a: Excadrill|Rock Slide|p2b: Yami|[spread] p2a,p2b\n|-resisted|p2a: Genbu\n|-damage|p2a: Genbu|88\/100\n|-damage|p2b: Yami|39\/100\n|-enditem|p2b: Yami|Sitrus Berry|[eat]\n|-heal|p2b: Yami|64\/100|[from] item: Sitrus Berry\n|move|p2a: Genbu|Dazzling Gleam|p1b: Tyranitar|[spread] p1a,p1b\n|-resisted|p1a: Excadrill\n|-supereffective|p1b: Tyranitar\n|-crit|p1b: Tyranitar\n|-damage|p1a: Excadrill|63\/100\n|-damage|p1b: Tyranitar|5\/100\n|move|p1b: Tyranitar|Rock Slide|p2a: Genbu|[spread] p2a,p2b\n|-resisted|p2a: Genbu\n|-damage|p2a: Genbu|72\/100\n|-damage|p2b: Yami|26\/100\n|\n|-weather|Sandstorm|[upkeep]\n|-damage|p2b: Yami|20\/100|[from] Sandstorm\n|-heal|p2a: Genbu|78\/100|[from] item: Leftovers\n|-sideend|p1: Xalvadore|move: Tailwind\n|upkeep\n|turn|5\n|\n|t:|1699307717\n|move|p1b: Tyranitar|Protect|p1b: Tyranitar\n|-singleturn|p1b: Tyranitar|Protect\n|move|p2b: Yami|Will-O-Wisp|p1a: Excadrill\n|-status|p1a: Excadrill|brn\n|move|p1a: Excadrill|Rock Slide|p2b: Yami|[spread] p2a,p2b\n|-resisted|p2a: Genbu\n|-damage|p2a: Genbu|73\/100\n|-damage|p2b: Yami|6\/100\n|move|p2a: Genbu|Dazzling Gleam|p1b: Tyranitar|[spread] p1a\n|-activate|p1b: Tyranitar|move: Protect\n|-resisted|p1a: Excadrill\n|-damage|p1a: Excadrill|21\/100 brn\n|\n|-weather|Sandstorm|[upkeep]\n|-damage|p2b: Yami|0 fnt|[from] Sandstorm\n|faint|p2b: Yami\n|-heal|p2a: Genbu|79\/100|[from] item: Leftovers\n|-damage|p1a: Excadrill|15\/100 brn|[from] brn\n|-fieldend|move: Electric Terrain\n|upkeep\n|inactive|fumbari 24 has 120 seconds left.\n|\n|t:|1699307736\n|switch|p2b: Stoick|Wyrdeer, M|100\/100\n|-ability|p2b: Stoick|Intimidate|boost\n|-unboost|p1a: Excadrill|atk|1\n|-unboost|p1b: Tyranitar|atk|1\n|turn|6\n|\n|t:|1699307746\n|switch|p2b: Raijin|Tapu Koko, shiny|92\/100\n|-fieldstart|move: Electric Terrain|[from] ability: Electric Surge|[of] p2b: Raijin\n|-zpower|p1a: Excadrill\n|move|p1a: Excadrill|Tectonic Rage|p2a: Genbu|[zeffect]\n|-damage|p2a: Genbu|40\/100\n|move|p2a: Genbu|Dazzling Gleam|p1a: Excadrill|[spread] p1a,p1b\n|-resisted|p1a: Excadrill\n|-supereffective|p1b: Tyranitar\n|-damage|p1a: Excadrill|0 fnt\n|-damage|p1b: Tyranitar|0 fnt\n|faint|p1a: Excadrill\n|faint|p1b: Tyranitar\n|\n|-weather|Sandstorm|[upkeep]\n|-damage|p2b: Raijin|86\/100|[from] Sandstorm\n|-heal|p2a: Genbu|46\/100|[from] item: Leftovers\n|upkeep\n|\n|t:|1699307762\n|switch|p1a: Gastrodon|Gastrodon, M|100\/100\n|switch|p1b: Hitmontop|Hitmontop, M|41\/100\n|-ability|p1b: Hitmontop|Intimidate|boost\n|-boost|p2a: Genbu|atk|1\n|-unboost|p2b: Raijin|atk|1\n|turn|7\n|\n|t:|1699307783\n|move|p2a: Genbu|Protect|p2a: Genbu\n|-singleturn|p2a: Genbu|Protect\n|move|p1b: Hitmontop|Fake Out|p2a: Genbu\n|-activate|p2a: Genbu|move: Protect\n|move|p2b: Raijin|Volt Switch|p1b: Hitmontop\n|-damage|p1b: Hitmontop|14\/100\n|\n|t:|1699307794\n|switch|p2b: Shelldon|Gastrodon, M|100\/100|[from] Volt Switch\n|move|p1a: Gastrodon|Earth Power|p2b: Shelldon\n|-damage|p2b: Shelldon|73\/100\n|\n|-weather|none\n|-heal|p2a: Genbu|52\/100|[from] item: Leftovers\n|upkeep\n|turn|8\n|\n|t:|1699307823\n|move|p1b: Hitmontop|Mach Punch|p2a: Genbu\n|-damage|p2a: Genbu|36\/100\n|move|p2a: Genbu|Sludge Bomb|p1b: Hitmontop\n|-damage|p1b: Hitmontop|0 fnt\n|faint|p1b: Hitmontop\n|move|p2b: Shelldon|Ice Beam|p1a: Gastrodon\n|-damage|p1a: Gastrodon|78\/100\n|move|p1a: Gastrodon|Ice Beam|p2a: Genbu\n|-supereffective|p2a: Genbu\n|-damage|p2a: Genbu|0 fnt\n|faint|p2a: Genbu\n|\n|upkeep\n|\n|t:|1699307840\n|switch|p2a: Heracles|Heracross, M|100\/100\n|switch|p1b: Latias|Latias, F|100\/100\n|turn|9\n|\n|t:|1699307856\n|detailschange|p2a: Heracles|Heracross-Mega, M\n|-mega|p2a: Heracles|Heracross|Heracronite\n|move|p1b: Latias|Draco Meteor|p2b: Shelldon\n|-damage|p2b: Shelldon|26\/100\n|-unboost|p1b: Latias|spa|2\n|move|p2a: Heracles|Bullet Seed|p1a: Gastrodon\n|-supereffective|p1a: Gastrodon\n|-damage|p1a: Gastrodon|41\/100\n|-enditem|p1a: Gastrodon|Sitrus Berry|[eat]\n|-heal|p1a: Gastrodon|66\/100|[from] item: Sitrus Berry\n|-supereffective|p1a: Gastrodon\n|-damage|p1a: Gastrodon|29\/100\n|-supereffective|p1a: Gastrodon\n|-damage|p1a: Gastrodon|0 fnt\n|faint|p1a: Gastrodon\n|-hitcount|p1: Gastrodon|3\n|move|p2b: Shelldon|Ice Beam|p1b: Latias\n|-supereffective|p1b: Latias\n|-damage|p1b: Latias|67\/100\n|\n|upkeep\n|\n|t:|1699307873\n|switch|p1a: Zapdos|Zapdos|100\/100\n|-ability|p1a: Zapdos|Pressure\n|turn|10\n|\n|t:|1699307882\n|move|p1b: Latias|Helping Hand|p1a: Zapdos\n|-singleturn|p1a: Zapdos|Helping Hand|[of] p1b: Latias\n|move|p2a: Heracles|Protect|p2a: Heracles\n|-singleturn|p2a: Heracles|Protect\n|move|p1a: Zapdos|Heat Wave|p2a: Heracles|[spread] p2b\n|-activate|p2a: Heracles|move: Protect\n|-resisted|p2b: Shelldon\n|-damage|p2b: Shelldon|11\/100\n|move|p2b: Shelldon|Recover|p2b: Shelldon\n|-heal|p2b: Shelldon|61\/100\n|\n|-fieldend|move: Electric Terrain\n|upkeep\n|turn|11\n|\n|t:|1699307897\n|switch|p2a: Stoick|Wyrdeer, M|100\/100\n|-ability|p2a: Stoick|Intimidate|boost\n|-unboost|p1a: Zapdos|atk|1\n|-unboost|p1b: Latias|atk|1\n|move|p1b: Latias|Helping Hand|p1a: Zapdos\n|-singleturn|p1a: Zapdos|Helping Hand|[of] p1b: Latias\n|move|p1a: Zapdos|Heat Wave|p2b: Shelldon|[spread] p2a,p2b\n|-resisted|p2b: Shelldon\n|-damage|p2a: Stoick|70\/100\n|-damage|p2b: Shelldon|43\/100\n|move|p2b: Shelldon|Recover|p2b: Shelldon\n|-heal|p2b: Shelldon|93\/100\n|\n|upkeep\n|turn|12\n|c|\u2606Xalvadore|gg\n|-message|Xalvadore forfeited.\n|\n|win|fumbari 24\n|raw|Xalvadore's rating: 1388 &rarr; <strong>1374<\/strong><br \/>(-14 for losing)\n|raw|fumbari 24's rating: 1494 &rarr; <strong>1508<\/strong><br \/>(+14 for winning)\n","uploadtime":1699307920,"views":5,"p1id":"xalvadore","p2id":"fumbari24","formatid":"gen9nationaldexdoubles","rating":1374,"private":0,"password":""}