{"id":"gen9nationaldexdoubles-1983251201","p1":"bitxozero","p2":"Darsoon","format":"[Gen 9] National Dex Doubles","log":"|j|\u2606bitxozero\n|j|\u2606Darsoon\n|t:|1699110527\n|gametype|doubles\n|player|p1|bitxozero|youngster-gen4dp|\n|player|p2|Darsoon|giovanni|\n|teamsize|p1|6\n|teamsize|p2|6\n|gen|9\n|tier|[Gen 9] National Dex Doubles\n|rule|HP Percentage Mod: HP is shown in percentages\n|rule|Endless Battle Clause: Forcing endless battles is banned\n|rule|OHKO Clause: OHKO moves are banned\n|rule|Evasion Moves Clause: Evasion moves are banned\n|rule|Evasion Abilities Clause: Evasion abilities are banned\n|rule|Species Clause: Limit one of each Pok\u00e9mon\n|rule|Gravity Sleep Clause: The combination of sleep-inducing moves with imperfect accuracy and Gravity or Gigantamax Orbeetle are banned\n|clearpoke\n|poke|p1|Cinderace, F|\n|poke|p1|Blastoise, F|\n|poke|p1|Starmie|\n|poke|p1|Kingambit, M|\n|poke|p1|Rillaboom, M|\n|poke|p1|Slurpuff, M|\n|poke|p2|Cinderace, F|\n|poke|p2|Blastoise, M|\n|poke|p2|Dusclops, M|\n|poke|p2|Rillaboom, M|\n|poke|p2|Primarina, M|\n|poke|p2|Kingambit, M|\n|teampreview\n|c|\u2606bitxozero|pos ya estamos\n|\n|t:|1699110581\n|start\n|switch|p1a: 1.e4 e5 2.f4!!|Kingambit, M|100\/100\n|switch|p1b: Se Iluminaba|Starmie|100\/100\n|switch|p2a: Cinderina|Cinderace, F, shiny|100\/100\n|switch|p2b: Donatello|Blastoise, M|100\/100\n|turn|1\n|\n|t:|1699110625\n|move|p1a: 1.e4 e5 2.f4!!|Protect|p1a: 1.e4 e5 2.f4!!\n|-singleturn|p1a: 1.e4 e5 2.f4!!|Protect\n|move|p2b: Donatello|Fake Out|p1b: Se Iluminaba\n|-damage|p1b: Se Iluminaba|89\/100\n|move|p2a: Cinderina|Pyro Ball|p1a: 1.e4 e5 2.f4!!\n|-activate|p1a: 1.e4 e5 2.f4!!|move: Protect\n|cant|p1b: Se Iluminaba|flinch\n|\n|upkeep\n|turn|2\n|\n|t:|1699110648\n|switch|p1a: American Pie|Slurpuff, M|100\/100\n|move|p2a: Cinderina|Pyro Ball|p1a: American Pie\n|-damage|p1a: American Pie|0 fnt\n|faint|p1a: American Pie\n|-damage|p2a: Cinderina|91\/100|[from] item: Life Orb\n|move|p1b: Se Iluminaba|Hydro Pump|p2a: Cinderina\n|-supereffective|p2a: Cinderina\n|-damage|p2a: Cinderina|0 fnt\n|faint|p2a: Cinderina\n|move|p2b: Donatello|Yawn|p1b: Se Iluminaba\n|-start|p1b: Se Iluminaba|move: Yawn|[of] p2b: Donatello\n|\n|upkeep\n|\n|t:|1699110678\n|switch|p2a: Boomkey|Rillaboom, M, shiny|100\/100\n|switch|p1a: Pablo|Rillaboom, M|100\/100\n|-fieldstart|move: Grassy Terrain|[from] ability: Grassy Surge|[of] p1a: Pablo\n|turn|3\n|\n|t:|1699110711\n|switch|p1b: Rita|Blastoise, F|100\/100\n|switch|p2b: TRLoCambiaTodo|Dusclops, M|100\/100\n|-ability|p2b: TRLoCambiaTodo|Pressure\n|move|p1a: Pablo|Grassy Glide|p2b: TRLoCambiaTodo\n|-damage|p2b: TRLoCambiaTodo|75\/100\n|move|p2a: Boomkey|Wood Hammer|p1b: Rita\n|-supereffective|p1b: Rita\n|-damage|p1b: Rita|1\/100\n|-damage|p2a: Boomkey|70\/100|[from] Recoil\n|\n|-heal|p2a: Boomkey|76\/100|[from] Grassy Terrain\n|-heal|p1b: Rita|7\/100|[from] Grassy Terrain\n|-heal|p2b: TRLoCambiaTodo|81\/100|[from] Grassy Terrain\n|upkeep\n|turn|4\n|\n|t:|1699110753\n|move|p1b: Rita|Fake Out|p2a: Boomkey\n|-damage|p2a: Boomkey|70\/100\n|move|p2b: TRLoCambiaTodo|Ally Switch|p2b: TRLoCambiaTodo\n|swap|p2b: TRLoCambiaTodo|0|[from] move: Ally Switch\n|move|p1a: Pablo|Knock Off|p2b: Boomkey\n|-damage|p2b: Boomkey|39\/100\n|-enditem|p2b: Boomkey|Assault Vest|[from] move: Knock Off|[of] p1a: Pablo\n|cant|p2b: Boomkey|flinch\n|\n|-heal|p2b: Boomkey|45\/100|[from] Grassy Terrain\n|-heal|p1b: Rita|13\/100|[from] Grassy Terrain\n|-heal|p2a: TRLoCambiaTodo|87\/100|[from] Grassy Terrain\n|upkeep\n|turn|5\n|\n|t:|1699110781\n|switch|p1b: Jenni Hermoso|Cinderace, F|100\/100\n|move|p2b: Boomkey|Wood Hammer|p1a: Pablo\n|-resisted|p1a: Pablo\n|-damage|p1a: Pablo|61\/100\n|-damage|p2b: Boomkey|32\/100|[from] Recoil\n|move|p1a: Pablo|Knock Off|p2a: TRLoCambiaTodo\n|-supereffective|p2a: TRLoCambiaTodo\n|-damage|p2a: TRLoCambiaTodo|54\/100\n|-enditem|p2a: TRLoCambiaTodo|Eviolite|[from] move: Knock Off|[of] p1a: Pablo\n|move|p2a: TRLoCambiaTodo|Night Shade|p1b: Jenni Hermoso\n|-damage|p1b: Jenni Hermoso|67\/100\n|\n|-heal|p1b: Jenni Hermoso|73\/100|[from] Grassy Terrain\n|-heal|p2b: Boomkey|38\/100|[from] Grassy Terrain\n|-heal|p1a: Pablo|67\/100|[from] Grassy Terrain\n|-heal|p2a: TRLoCambiaTodo|60\/100|[from] Grassy Terrain\n|upkeep\n|turn|6\n|\n|t:|1699110849\n|switch|p2b: Donatello|Blastoise, M|100\/100\n|move|p2a: TRLoCambiaTodo|Ally Switch|p2a: TRLoCambiaTodo\n|swap|p2a: TRLoCambiaTodo|1|[from] move: Ally Switch\n|move|p1a: Pablo|Grassy Glide|p2a: Donatello\n|-supereffective|p2a: Donatello\n|-damage|p2a: Donatello|29\/100\n|-enditem|p2a: Donatello|Sitrus Berry|[eat]\n|-heal|p2a: Donatello|54\/100|[from] item: Sitrus Berry\n|move|p1b: Jenni Hermoso|Pyro Ball|p2b: TRLoCambiaTodo\n|-damage|p2b: TRLoCambiaTodo|9\/100\n|-damage|p1b: Jenni Hermoso|63\/100|[from] item: Life Orb\n|\n|-heal|p1b: Jenni Hermoso|69\/100|[from] Grassy Terrain\n|-heal|p1a: Pablo|73\/100|[from] Grassy Terrain\n|-heal|p2a: Donatello|60\/100|[from] Grassy Terrain\n|-heal|p2b: TRLoCambiaTodo|15\/100|[from] Grassy Terrain\n|upkeep\n|turn|7\n|\n|t:|1699110880\n|switch|p2b: Aquamarine|Primarina, M, shiny|100\/100\n|move|p2a: Donatello|Fake Out|p1a: Pablo\n|-damage|p1a: Pablo|67\/100\n|cant|p1a: Pablo|flinch\n|move|p1b: Jenni Hermoso|Iron Head|p2b: Aquamarine\n|-start|p1b: Jenni Hermoso|typechange|Steel|[from] ability: Libero\n|-damage|p2b: Aquamarine|37\/100\n|-damage|p1b: Jenni Hermoso|59\/100|[from] item: Life Orb\n|\n|-heal|p1b: Jenni Hermoso|65\/100|[from] Grassy Terrain\n|-heal|p1a: Pablo|73\/100|[from] Grassy Terrain\n|-heal|p2a: Donatello|66\/100|[from] Grassy Terrain\n|-heal|p2b: Aquamarine|43\/100|[from] Grassy Terrain\n|-fieldend|move: Grassy Terrain\n|upkeep\n|turn|8\n|\n|t:|1699110915\n|switch|p1a: Se Iluminaba|Starmie|89\/100\n|move|p2a: Donatello|Follow Me|p2a: Donatello\n|-singleturn|p2a: Donatello|move: Follow Me\n|move|p1b: Jenni Hermoso|Iron Head|p2a: Donatello\n|-resisted|p2a: Donatello\n|-damage|p2a: Donatello|47\/100\n|-damage|p1b: Jenni Hermoso|55\/100|[from] item: Life Orb\n|move|p2b: Aquamarine|Hyper Voice|p1a: Se Iluminaba|[spread] p1a,p1b\n|-resisted|p1a: Se Iluminaba\n|-damage|p1a: Se Iluminaba|71\/100\n|-damage|p1b: Jenni Hermoso|0 fnt\n|faint|p1b: Jenni Hermoso\n|-enditem|p2b: Aquamarine|Throat Spray\n|-boost|p2b: Aquamarine|spa|1|[from] item: Throat Spray\n|\n|upkeep\n|\n|t:|1699110928\n|switch|p1b: Pablo|Rillaboom, M|73\/100\n|-fieldstart|move: Grassy Terrain|[from] ability: Grassy Surge|[of] p1b: Pablo\n|turn|9\n|\n|t:|1699110954\n|switch|p2a: Hades|Kingambit, M|100\/100\n|move|p2b: Aquamarine|Protect|p2b: Aquamarine\n|-singleturn|p2b: Aquamarine|Protect\n|move|p1b: Pablo|Grassy Glide|p2b: Aquamarine\n|-activate|p2b: Aquamarine|move: Protect\n|move|p1a: Se Iluminaba|Thunderbolt|p2a: Hades\n|-damage|p2a: Hades|75\/100\n|\n|-heal|p1a: Se Iluminaba|77\/100|[from] Grassy Terrain\n|-heal|p1b: Pablo|79\/100|[from] Grassy Terrain\n|-heal|p2b: Aquamarine|49\/100|[from] Grassy Terrain\n|-heal|p2a: Hades|81\/100|[from] Grassy Terrain\n|upkeep\n|turn|10\n|\n|t:|1699110986\n|switch|p2b: TRLoCambiaTodo|Dusclops, M|15\/100\n|-ability|p2b: TRLoCambiaTodo|Pressure\n|move|p2a: Hades|Sucker Punch|p1b: Pablo\n|-damage|p1b: Pablo|34\/100\n|move|p1a: Se Iluminaba|Thunderbolt|p2b: TRLoCambiaTodo\n|-damage|p2b: TRLoCambiaTodo|0 fnt\n|faint|p2b: TRLoCambiaTodo\n|move|p1b: Pablo|High Horsepower|p2a: Hades\n|-supereffective|p2a: Hades\n|-damage|p2a: Hades|26\/100\n|\n|-heal|p1a: Se Iluminaba|82\/100|[from] Grassy Terrain\n|-heal|p1b: Pablo|40\/100|[from] Grassy Terrain\n|-heal|p2a: Hades|32\/100|[from] Grassy Terrain\n|upkeep\n|\n|t:|1699111005\n|switch|p2b: Boomkey|Rillaboom, M, shiny|38\/100\n|turn|11\n|\n|t:|1699111028\n|move|p2b: Boomkey|Fake Out|p1a: Se Iluminaba\n|-damage|p1a: Se Iluminaba|62\/100\n|move|p1b: Pablo|Grassy Glide|p2a: Hades\n|-resisted|p2a: Hades\n|-damage|p2a: Hades|14\/100\n|move|p2a: Hades|Sucker Punch||[still]\n|-fail|p2a: Hades\n|cant|p1a: Se Iluminaba|flinch\n|\n|-heal|p1a: Se Iluminaba|68\/100|[from] Grassy Terrain\n|-heal|p1b: Pablo|46\/100|[from] Grassy Terrain\n|-heal|p2b: Boomkey|44\/100|[from] Grassy Terrain\n|-heal|p2a: Hades|20\/100|[from] Grassy Terrain\n|upkeep\n|turn|12\n|\n|t:|1699111060\n|move|p1b: Pablo|Grassy Glide|p2a: Hades\n|-resisted|p2a: Hades\n|-damage|p2a: Hades|3\/100\n|move|p2a: Hades|Sucker Punch|p1a: Se Iluminaba\n|-supereffective|p1a: Se Iluminaba\n|-damage|p1a: Se Iluminaba|0 fnt\n|faint|p1a: Se Iluminaba\n|move|p2b: Boomkey|Knock Off|p1b: Pablo\n|-damage|p1b: Pablo|15\/100\n|-enditem|p1b: Pablo|Miracle Seed|[from] move: Knock Off|[of] p2b: Boomkey\n|\n|-heal|p1b: Pablo|21\/100|[from] Grassy Terrain\n|-heal|p2b: Boomkey|50\/100|[from] Grassy Terrain\n|-heal|p2a: Hades|9\/100|[from] Grassy Terrain\n|upkeep\n|\n|t:|1699111074\n|switch|p1a: Rita|Blastoise, F|13\/100\n|turn|13\n|\n|t:|1699111093\n|move|p2a: Hades|Protect|p2a: Hades\n|-singleturn|p2a: Hades|Protect\n|move|p1a: Rita|Fake Out|p2b: Boomkey\n|-damage|p2b: Boomkey|43\/100\n|move|p1b: Pablo|Grassy Glide|p2a: Hades\n|-activate|p2a: Hades|move: Protect\n|cant|p2b: Boomkey|flinch\n|\n|-heal|p1b: Pablo|27\/100|[from] Grassy Terrain\n|-heal|p2b: Boomkey|49\/100|[from] Grassy Terrain\n|-heal|p1a: Rita|19\/100|[from] Grassy Terrain\n|-heal|p2a: Hades|16\/100|[from] Grassy Terrain\n|-fieldend|move: Grassy Terrain\n|upkeep\n|turn|14\n|\n|t:|1699111119\n|move|p1a: Rita|Follow Me|p1a: Rita\n|-singleturn|p1a: Rita|move: Follow Me\n|move|p2a: Hades|Sucker Punch||[still]\n|-fail|p2a: Hades\n|move|p2b: Boomkey|Wood Hammer|p1a: Rita\n|-supereffective|p1a: Rita\n|-damage|p1a: Rita|0 fnt\n|faint|p1a: Rita\n|-damage|p2b: Boomkey|44\/100|[from] Recoil\n|move|p1b: Pablo|High Horsepower|p2a: Hades\n|-supereffective|p2a: Hades\n|-damage|p2a: Hades|0 fnt\n|faint|p2a: Hades\n|\n|upkeep\n|\n|t:|1699111135\n|switch|p1a: 1.e4 e5 2.f4!!|Kingambit, M|100\/100\n|switch|p2a: Donatello|Blastoise, M|47\/100\n|turn|15\n|\n|t:|1699111162\n|move|p2a: Donatello|Fake Out|p1a: 1.e4 e5 2.f4!!\n|-resisted|p1a: 1.e4 e5 2.f4!!\n|-damage|p1a: 1.e4 e5 2.f4!!|98\/100\n|cant|p1a: 1.e4 e5 2.f4!!|flinch\n|move|p2b: Boomkey|Wood Hammer|p1b: Pablo\n|-resisted|p1b: Pablo\n|-damage|p1b: Pablo|0 fnt\n|faint|p1b: Pablo\n|-damage|p2b: Boomkey|35\/100|[from] Recoil\n|\n|upkeep\n|turn|16\n|\n|t:|1699111180\n|move|p2a: Donatello|Follow Me|p2a: Donatello\n|-singleturn|p2a: Donatello|move: Follow Me\n|move|p2b: Boomkey|High Horsepower|p1a: 1.e4 e5 2.f4!!\n|-supereffective|p1a: 1.e4 e5 2.f4!!\n|-damage|p1a: 1.e4 e5 2.f4!!|54\/100\n|move|p1a: 1.e4 e5 2.f4!!|Knock Off|p2a: Donatello\n|-damage|p2a: Donatello|17\/100\n|\n|upkeep\n|turn|17\n|\n|t:|1699111191\n|move|p2a: Donatello|Follow Me|p2a: Donatello\n|-singleturn|p2a: Donatello|move: Follow Me\n|move|p2b: Boomkey|High Horsepower|p1a: 1.e4 e5 2.f4!!\n|-supereffective|p1a: 1.e4 e5 2.f4!!\n|-damage|p1a: 1.e4 e5 2.f4!!|11\/100\n|move|p1a: 1.e4 e5 2.f4!!|Knock Off|p2a: Donatello\n|-damage|p2a: Donatello|0 fnt\n|faint|p2a: Donatello\n|\n|upkeep\n|\n|t:|1699111200\n|switch|p2a: Aquamarine|Primarina, M, shiny|49\/100\n|turn|18\n|\n|t:|1699111206\n|move|p1a: 1.e4 e5 2.f4!!|Sucker Punch|p2b: Boomkey\n|-damage|p2b: Boomkey|0 fnt\n|faint|p2b: Boomkey\n|move|p2a: Aquamarine|Moonblast|p1a: 1.e4 e5 2.f4!!\n|-damage|p1a: 1.e4 e5 2.f4!!|0 fnt\n|faint|p1a: 1.e4 e5 2.f4!!\n|\n|win|Darsoon\n","uploadtime":1699111217,"views":18,"p1id":"bitxozero","p2id":"darsoon","formatid":"gen9nationaldexdoubles","rating":0,"private":0,"password":""}