{"id":"gen9nationaldexdoubles-1949893508","p1":"Banjo0119","p2":"slithernyx","format":"[Gen 9] National Dex Doubles","log":"|j|\u2606Banjo0119\n|j|\u2606slithernyx\n|t:|1695407202\n|gametype|doubles\n|player|p1|Banjo0119|acerola|1051\n|player|p2|slithernyx|pokemonbreederf-gen4|1054\n|teamsize|p1|6\n|teamsize|p2|6\n|gen|9\n|tier|[Gen 9] National Dex Doubles\n|rated|\n|rule|HP Percentage Mod: HP is shown in percentages\n|rule|Endless Battle Clause: Forcing endless battles is banned\n|rule|OHKO Clause: OHKO moves are banned\n|rule|Evasion Moves Clause: Evasion moves are banned\n|rule|Evasion Abilities Clause: Evasion abilities are banned\n|rule|Species Clause: Limit one of each Pok\u00e9mon\n|rule|Gravity Sleep Clause: The combination of sleep-inducing moves with imperfect accuracy and Gravity or Gigantamax Orbeetle are banned\n|clearpoke\n|poke|p1|Alcremie-Matcha-Cream, F|\n|poke|p1|Blaziken, M|\n|poke|p1|Liepard, F|\n|poke|p1|Tinkaton, F|\n|poke|p1|Diancie|\n|poke|p1|Toxapex, F|\n|poke|p2|Armarouge, F|\n|poke|p2|Electrode|\n|poke|p2|Indeedee-F, F|\n|poke|p2|Landorus-Therian, M|\n|poke|p2|Dragonite, M|\n|poke|p2|Dragapult, F|\n|teampreview\n|inactive|Battle timer is ON: inactive players will automatically lose when time's up. (requested by Banjo0119)\n|inactive|slithernyx also wants the timer to be on.\n|\n|t:|1695407220\n|start\n|switch|p1a: Miku|Alcremie-Matcha-Cream, F|100\/100\n|switch|p1b: Man|Blaziken, M|100\/100\n|switch|p2a: Orb ponderer|Armarouge, F|100\/100\n|switch|p2b: Orb AKA rizz god|Electrode|100\/100\n|turn|1\n|\n|t:|1695407246\n|move|p1b: Man|Protect|p1b: Man\n|-singleturn|p1b: Man|Protect\n|move|p2a: Orb ponderer|Protect|p2a: Orb ponderer\n|-singleturn|p2a: Orb ponderer|Protect\n|move|p2b: Orb AKA rizz god|Thunder Wave|p1a: Miku\n|-status|p1a: Miku|par\n|move|p1a: Miku|Decorate|p1b: Man\n|-boost|p1b: Man|atk|2\n|-boost|p1b: Man|spa|2\n|\n|-ability|p1b: Man|Speed Boost|boost\n|-boost|p1b: Man|spe|1\n|upkeep\n|turn|2\n|inactive|slithernyx has 120 seconds left.\n|\n|t:|1695407297\n|switch|p2a: Snek|Dragapult, F|100\/100\n|move|p2b: Orb AKA rizz god|Foul Play|p1b: Man\n|-resisted|p1b: Man\n|-damage|p1b: Man|61\/100\n|-damage|p2b: Orb AKA rizz god|91\/100|[from] item: Life Orb\n|move|p1b: Man|Substitute|p1b: Man\n|-start|p1b: Man|Substitute\n|-damage|p1b: Man|36\/100\n|move|p1a: Miku|Acid Armor|p1a: Miku\n|-boost|p1a: Miku|def|2\n|\n|-ability|p1b: Man|Speed Boost|boost\n|-boost|p1b: Man|spe|1\n|upkeep\n|turn|3\n|inactive|slithernyx has 120 seconds left.\n|\n|t:|1695407324\n|move|p1b: Man|Protect|p1b: Man\n|-singleturn|p1b: Man|Protect\n|move|p2b: Orb AKA rizz god|Foul Play|p1b: Man\n|-activate|p1b: Man|move: Protect\n|move|p2a: Snek|Disable|p1a: Miku\n|-block|p1a: Miku|ability: Aroma Veil|[of] p1a: Miku\n|move|p1a: Miku|Decorate||[still]\n|-fail|p1a: Miku\n|\n|-ability|p1b: Man|Speed Boost|boost\n|-boost|p1b: Man|spe|1\n|upkeep\n|turn|4\n|inactive|slithernyx has 120 seconds left.\n|\n|t:|1695407345\n|move|p2a: Snek|Sucker Punch|p1b: Man\n|-resisted|p1b: Man\n|-damage|p1b: Man|19\/100\n|move|p1b: Man|Heat Wave|p2b: Orb AKA rizz god|[spread] p2a,p2b\n|-resisted|p2a: Snek\n|-damage|p2a: Snek|43\/100\n|-damage|p2b: Orb AKA rizz god|0 fnt\n|faint|p2b: Orb AKA rizz god\n|-damage|p1b: Man|9\/100|[from] item: Life Orb\n|cant|p1a: Miku|par\n|\n|-heal|p2a: Snek|49\/100|[from] item: Leftovers\n|-ability|p1b: Man|Speed Boost|boost\n|-boost|p1b: Man|spe|1\n|upkeep\n|c|\u2606slithernyx|Rizz god is dead\n|inactive|slithernyx has 90 seconds left.\n|\n|t:|1695407378\n|switch|p2b: Landoheimer|Landorus-Therian, M|100\/100\n|-ability|p2b: Landoheimer|Intimidate|boost\n|-unboost|p1a: Miku|atk|1\n|-immune|p1b: Man\n|turn|5\n|inactive|slithernyx has 90 seconds left.\n|\n|t:|1695407407\n|move|p1b: Man|Protect|p1b: Man\n|-singleturn|p1b: Man|Protect\n|move|p2a: Snek|Protect|p2a: Snek\n|-singleturn|p2a: Snek|Protect\n|move|p2b: Landoheimer|U-turn|p1b: Man\n|-activate|p1b: Man|move: Protect\n|move|p1a: Miku|Draining Kiss|p2a: Snek\n|-activate|p2a: Snek|move: Protect\n|\n|-heal|p2a: Snek|55\/100|[from] item: Leftovers\n|-ability|p1b: Man|Speed Boost|boost\n|-boost|p1b: Man|spe|1\n|upkeep\n|turn|6\n|inactive|slithernyx has 90 seconds left.\n|\n|t:|1695407425\n|move|p1b: Man|Protect||[still]\n|-fail|p1b: Man\n|move|p2a: Snek|Sucker Punch||[still]\n|-fail|p2a: Snek\n|move|p2b: Landoheimer|U-turn|p1a: Miku\n|-resisted|p1a: Miku\n|-damage|p1a: Miku|89\/100 par\n|-damage|p2b: Landoheimer|91\/100|[from] item: Life Orb\n|inactive|slithernyx has 90 seconds left.\n|\n|t:|1695407438\n|switch|p2b: Orb ponderer|Armarouge, F|100\/100|[from] U-turn\n|cant|p1a: Miku|par\n|\n|-heal|p2a: Snek|61\/100|[from] item: Leftovers\n|-heal|p1a: Miku|95\/100 par|[from] item: Leftovers\n|-ability|p1b: Man|Speed Boost|boost\n|-boost|p1b: Man|spe|1\n|upkeep\n|turn|7\n|\n|t:|1695407459\n|move|p1b: Man|Protect|p1b: Man\n|-singleturn|p1b: Man|Protect\n|move|p2b: Orb ponderer|Protect|p2b: Orb ponderer\n|-singleturn|p2b: Orb ponderer|Protect\n|move|p2a: Snek|Breaking Swipe|p1b: Man|[spread] \n|-activate|p1b: Man|move: Protect\n|-immune|p1a: Miku\n|cant|p1a: Miku|par\n|\n|-heal|p2a: Snek|67\/100|[from] item: Leftovers\n|-heal|p1a: Miku|100\/100 par|[from] item: Leftovers\n|upkeep\n|turn|8\n|inactive|slithernyx has 120 seconds left.\n|c|\u2606Banjo0119|Oh my fucking god\n|\n|t:|1695407475\n|move|p1b: Man|Protect|p1b: Man\n|-singleturn|p1b: Man|Protect\n|move|p2a: Snek|Breaking Swipe|p1b: Man|[spread] \n|-activate|p1b: Man|move: Protect\n|-immune|p1a: Miku\n|move|p2b: Orb ponderer|Heat Wave|p1a: Miku|[spread] \n|-activate|p1b: Man|move: Protect\n|-miss|p2b: Orb ponderer|p1a: Miku\n|move|p1a: Miku|Draining Kiss|p2a: Snek\n|-supereffective|p2a: Snek\n|-damage|p2a: Snek|20\/100\n|\n|-heal|p2a: Snek|26\/100|[from] item: Leftovers\n|upkeep\n|turn|9\n|inactive|slithernyx has 120 seconds left.\n|c|\u2606slithernyx|Breaking swipe go BRRRRR\n|inactive|Banjo0119 has 120 seconds left.\n|\n|t:|1695407521\n|switch|p2b: Furry|Indeedee-F, F|100\/100\n|-fieldstart|move: Psychic Terrain|[from] ability: Psychic Surge|[of] p2b: Furry\n|move|p1b: Man|Heat Wave|p2b: Furry|[spread] p2a,p2b\n|-resisted|p2a: Snek\n|-damage|p2a: Snek|0 fnt\n|-damage|p2b: Furry|42\/100\n|-status|p2b: Furry|brn\n|faint|p2a: Snek\n|-damage|p1b: Man|0 fnt|[from] item: Life Orb\n|faint|p1b: Man\n|move|p1a: Miku|Acid Armor|p1a: Miku\n|-boost|p1a: Miku|def|2\n|\n|-heal|p2b: Furry|48\/100 brn|[from] item: Leftovers\n|-damage|p2b: Furry|42\/100 brn|[from] brn\n|upkeep\n|inactive|slithernyx has 120 seconds left.\n|c|\u2606slithernyx|Nooo snek\n|inactive|Banjo0119 has 120 seconds left.\n|c|\u2606slithernyx|lol\n|\n|t:|1695407542\n|switch|p2a: Orb ponderer|Armarouge, F|100\/100\n|switch|p1b: Tinky|Tinkaton, F|100\/100\n|-ability|p1b: Tinky|Mold Breaker\n|turn|10\n|inactive|slithernyx has 120 seconds left.\n|\n|t:|1695407559\n|-terastallize|p1b: Tinky|Fairy\n|move|p2b: Furry|Fake Out|p1b: Tinky\n|-activate|p1b: Tinky|move: Psychic Terrain\n|move|p1b: Tinky|Knock Off|p2a: Orb ponderer\n|-supereffective|p2a: Orb ponderer\n|-damage|p2a: Orb ponderer|57\/100\n|-ability|p2a: Orb ponderer|Weak Armor|boost\n|-unboost|p2a: Orb ponderer|def|1\n|-boost|p2a: Orb ponderer|spe|2\n|-enditem|p2a: Orb ponderer|Safety Goggles|[from] move: Knock Off|[of] p1b: Tinky\n|move|p2a: Orb ponderer|Heat Wave|p1b: Tinky|[spread] p1a,p1b\n|-damage|p1a: Miku|78\/100 par\n|-damage|p1b: Tinky|64\/100\n|cant|p1a: Miku|par\n|\n|-heal|p1b: Tinky|70\/100|[from] item: Leftovers\n|-heal|p2b: Furry|48\/100 brn|[from] item: Leftovers\n|-heal|p1a: Miku|84\/100 par|[from] item: Leftovers\n|-damage|p2b: Furry|42\/100 brn|[from] brn\n|upkeep\n|turn|11\n|c|\u2606slithernyx|KDKDKSKSKSKDM\n|c|\u2606Banjo0119|That's 4 fucking paras\n|c|\u2606slithernyx|I forgot the psychic terrain\n|inactive|slithernyx has 120 seconds left.\n|inactive|Banjo0119 has 120 seconds left.\n|\n|t:|1695407605\n|move|p2b: Furry|Follow Me|p2b: Furry\n|-singleturn|p2b: Furry|move: Follow Me\n|move|p2a: Orb ponderer|Expanding Force|p1b: Tinky|[spread] p1a,p1b\n|-damage|p1a: Miku|45\/100 par\n|-damage|p1b: Tinky|4\/100\n|move|p1b: Tinky|Gigaton Hammer|p2b: Furry\n|-damage|p2b: Furry|0 fnt\n|faint|p2b: Furry\n|cant|p1a: Miku|par\n|\n|-heal|p1b: Tinky|10\/100|[from] item: Leftovers\n|-heal|p1a: Miku|51\/100 par|[from] item: Leftovers\n|upkeep\n|inactive|slithernyx has 90 seconds left.\n|c|\u2606Banjo0119|THAT'S 5 FUCKING PARAS\n|\n|t:|1695407624\n|switch|p2b: Landoheimer|Landorus-Therian, M|91\/100\n|-ability|p2b: Landoheimer|Intimidate|boost\n|-unboost|p1a: Miku|atk|1\n|-unboost|p1b: Tinky|atk|1\n|turn|12\n|\n|t:|1695407641\n|switch|p1b: Meow Meow|Liepard, F, shiny|100\/100\n|move|p2a: Orb ponderer|Expanding Force|p1a: Miku|[spread] p1a\n|-immune|p1b: Meow Meow\n|-damage|p1a: Miku|15\/100 par\n|move|p2b: Landoheimer|Knock Off|p1a: Miku\n|-resisted|p1a: Miku\n|-damage|p1a: Miku|5\/100 par\n|-enditem|p1a: Miku|Leftovers|[from] move: Knock Off|[of] p2b: Landoheimer\n|-damage|p2b: Landoheimer|81\/100|[from] item: Life Orb\n|move|p1a: Miku|Recover|p1a: Miku\n|-heal|p1a: Miku|55\/100 par\n|\n|upkeep\n|turn|13\n|inactive|Banjo0119 has 120 seconds left.\n|\n|t:|1695407675\n|switch|p1b: Queen|Diancie|100\/100\n|move|p2a: Orb ponderer|Aura Sphere|p1b: Queen\n|-damage|p1b: Queen|80\/100\n|move|p2b: Landoheimer|Knock Off|p1b: Queen\n|-resisted|p1b: Queen\n|-damage|p1b: Queen|63\/100\n|-enditem|p1b: Queen|Leftovers|[from] move: Knock Off|[of] p2b: Landoheimer\n|-damage|p2b: Landoheimer|71\/100|[from] item: Life Orb\n|move|p1a: Miku|Recover|p1a: Miku\n|-heal|p1a: Miku|100\/100 par\n|\n|-fieldend|move: Psychic Terrain\n|upkeep\n|turn|14\n|inactive|slithernyx has 120 seconds left.\n|\n|t:|1695407697\n|move|p2a: Orb ponderer|Protect|p2a: Orb ponderer\n|-singleturn|p2a: Orb ponderer|Protect\n|move|p2b: Landoheimer|Earthquake|p1a: Miku|[spread] p1a,p1b\n|-activate|p2a: Orb ponderer|move: Protect\n|-supereffective|p1b: Queen\n|-damage|p1a: Miku|76\/100 par\n|-damage|p1b: Queen|0 fnt\n|faint|p1b: Queen\n|-damage|p2b: Landoheimer|62\/100|[from] item: Life Orb\n|move|p1a: Miku|Decorate|p1: Queen|[notarget]\n|-fail|p1a: Miku\n|\n|upkeep\n|\n|t:|1695407710\n|switch|p1b: Meow Meow|Liepard, F, shiny|100\/100\n|turn|15\n|\n|t:|1695407723\n|move|p1b: Meow Meow|Fake Out|p2a: Orb ponderer\n|-damage|p2a: Orb ponderer|42\/100\n|-ability|p2a: Orb ponderer|Weak Armor|boost\n|-unboost|p2a: Orb ponderer|def|1\n|-boost|p2a: Orb ponderer|spe|2\n|cant|p2a: Orb ponderer|flinch\n|move|p2b: Landoheimer|U-turn|p1b: Meow Meow\n|-supereffective|p1b: Meow Meow\n|-enditem|p1b: Meow Meow|Focus Sash\n|-damage|p1b: Meow Meow|1\/100\n|-damage|p2b: Landoheimer|52\/100|[from] item: Life Orb\n|\n|t:|1695407737\n|switch|p2b: Big boi|Dragonite, M|100\/100|[from] U-turn\n|move|p1a: Miku|Draining Kiss|p2b: Big boi\n|-supereffective|p2b: Big boi\n|-damage|p2b: Big boi|83\/100\n|-heal|p1a: Miku|91\/100 par|[from] drain|[of] p2b: Big boi\n|\n|-heal|p2b: Big boi|90\/100|[from] item: Leftovers\n|upkeep\n|turn|16\n|inactive|slithernyx has 120 seconds left.\n|\n|t:|1695407771\n|move|p1b: Meow Meow|Toxic|p2a: Orb ponderer\n|-status|p2a: Orb ponderer|tox\n|move|p2a: Orb ponderer|Aura Sphere|p1b: Meow Meow\n|-supereffective|p1b: Meow Meow\n|-damage|p1b: Meow Meow|0 fnt\n|faint|p1b: Meow Meow\n|move|p2b: Big boi|Dual Wingbeat|p1a: Miku\n|-damage|p1a: Miku|82\/100 par\n|-damage|p1a: Miku|72\/100 par\n|-hitcount|p1a: Miku|2\n|move|p1a: Miku|Acid Armor|p1a: Miku\n|-boost|p1a: Miku|def|2\n|\n|-heal|p2b: Big boi|96\/100|[from] item: Leftovers\n|-damage|p2a: Orb ponderer|36\/100 tox|[from] psn\n|upkeep\n|inactive|Banjo0119 has 120 seconds left.\n|\n|t:|1695407798\n|switch|p1b: Tinky|Tinkaton, F, tera:Fairy|10\/100\n|-ability|p1b: Tinky|Mold Breaker\n|turn|17\n|\n|t:|1695407819\n|move|p2b: Big boi|Protect|p2b: Big boi\n|-singleturn|p2b: Big boi|Protect\n|move|p2a: Orb ponderer|Expanding Force|p1b: Tinky\n|-damage|p1b: Tinky|0 fnt\n|faint|p1b: Tinky\n|move|p1a: Miku|Draining Kiss|p2b: Big boi\n|-activate|p2b: Big boi|move: Protect\n|\n|-heal|p2b: Big boi|100\/100|[from] item: Leftovers\n|-damage|p2a: Orb ponderer|24\/100 tox|[from] psn\n|upkeep\n|\n|t:|1695407838\n|switch|p1b: Bunker|Toxapex, F|100\/100\n|turn|18\n|\n|t:|1695407853\n|move|p1b: Bunker|Baneful Bunker|p1b: Bunker\n|-singleturn|p1b: Bunker|move: Protect\n|move|p2a: Orb ponderer|Expanding Force|p1b: Bunker\n|-activate|p1b: Bunker|move: Protect\n|move|p2b: Big boi|Dual Wingbeat|p1a: Miku\n|-damage|p1a: Miku|65\/100 par\n|-damage|p1a: Miku|58\/100 par\n|-hitcount|p1a: Miku|2\n|move|p1a: Miku|Draining Kiss|p2b: Big boi\n|-supereffective|p2b: Big boi\n|-crit|p2b: Big boi\n|-damage|p2b: Big boi|75\/100\n|-heal|p1a: Miku|80\/100 par|[from] drain|[of] p2b: Big boi\n|\n|-heal|p2b: Big boi|81\/100|[from] item: Leftovers\n|-damage|p2a: Orb ponderer|6\/100 tox|[from] psn\n|upkeep\n|turn|19\n|c|\u2606slithernyx|Orb ponderer has survived way too much lol\n|\n|t:|1695407877\n|move|p2b: Big boi|Protect|p2b: Big boi\n|-singleturn|p2b: Big boi|Protect\n|move|p2a: Orb ponderer|Expanding Force|p1b: Bunker\n|-supereffective|p1b: Bunker\n|-damage|p1b: Bunker|38\/100\n|move|p1b: Bunker|Toxic Spikes|p2b: Big boi\n|-sidestart|p2: slithernyx|move: Toxic Spikes\n|move|p1a: Miku|Draining Kiss|p2b: Big boi\n|-activate|p2b: Big boi|move: Protect\n|\n|-heal|p2b: Big boi|87\/100|[from] item: Leftovers\n|-heal|p1b: Bunker|44\/100|[from] item: Black Sludge\n|-damage|p2a: Orb ponderer|0 fnt|[from] psn\n|faint|p2a: Orb ponderer\n|upkeep\n|\n|t:|1695407889\n|switch|p2a: Landoheimer|Landorus-Therian, M|52\/100\n|-ability|p2a: Landoheimer|Intimidate|boost\n|-unboost|p1a: Miku|atk|1\n|-unboost|p1b: Bunker|atk|1\n|turn|20\n|\n|t:|1695407910\n|move|p1b: Bunker|Baneful Bunker|p1b: Bunker\n|-singleturn|p1b: Bunker|move: Protect\n|move|p2a: Landoheimer|Earthquake|p1b: Bunker|[spread] p1a\n|-activate|p1b: Bunker|move: Protect\n|-immune|p2b: Big boi\n|-damage|p1a: Miku|62\/100 par\n|-damage|p2a: Landoheimer|42\/100|[from] item: Life Orb\n|move|p2b: Big boi|Dual Wingbeat|p1a: Miku\n|-crit|p1a: Miku\n|-damage|p1a: Miku|21\/100 par\n|-damage|p1a: Miku|14\/100 par\n|-hitcount|p1a: Miku|2\n|move|p1a: Miku|Draining Kiss|p2b: Big boi\n|-supereffective|p2b: Big boi\n|-damage|p2b: Big boi|56\/100\n|-heal|p1a: Miku|41\/100 par|[from] drain|[of] p2b: Big boi\n|\n|-heal|p2b: Big boi|62\/100|[from] item: Leftovers\n|-heal|p1b: Bunker|50\/100|[from] item: Black Sludge\n|upkeep\n|turn|21\n|\n|t:|1695407931\n|move|p2a: Landoheimer|Earthquake|p1a: Miku|[spread] p1a,p1b\n|-immune|p2b: Big boi\n|-supereffective|p1b: Bunker\n|-damage|p1a: Miku|22\/100 par\n|-damage|p1b: Bunker|0 fnt\n|faint|p1b: Bunker\n|-damage|p2a: Landoheimer|32\/100|[from] item: Life Orb\n|move|p2b: Big boi|Dual Wingbeat|p1a: Miku\n|-damage|p1a: Miku|15\/100 par\n|-damage|p1a: Miku|7\/100 par\n|-hitcount|p1a: Miku|2\n|move|p1a: Miku|Draining Kiss|p2b: Big boi\n|-supereffective|p2b: Big boi\n|-damage|p2b: Big boi|30\/100\n|-heal|p1a: Miku|36\/100 par|[from] drain|[of] p2b: Big boi\n|\n|-heal|p2b: Big boi|36\/100|[from] item: Leftovers\n|upkeep\n|turn|22\n|\n|t:|1695407951\n|move|p2a: Landoheimer|Earthquake|p1a: Miku|[spread] p1a\n|-immune|p2b: Big boi\n|-damage|p1a: Miku|19\/100 par\n|-damage|p2a: Landoheimer|23\/100|[from] item: Life Orb\n|move|p2b: Big boi|Dual Wingbeat|p1a: Miku\n|-damage|p1a: Miku|11\/100 par\n|-damage|p1a: Miku|5\/100 par\n|-hitcount|p1a: Miku|2\n|move|p1a: Miku|Recover|p1a: Miku\n|-heal|p1a: Miku|55\/100 par\n|\n|-heal|p2b: Big boi|42\/100|[from] item: Leftovers\n|upkeep\n|turn|23\n|\n|t:|1695407967\n|move|p2b: Big boi|Protect|p2b: Big boi\n|-singleturn|p2b: Big boi|Protect\n|move|p2a: Landoheimer|Explosion|p1a: Miku|[spread] p1a\n|-activate|p2b: Big boi|move: Protect\n|-damage|p1a: Miku|26\/100 par\n|faint|p2a: Landoheimer\n|cant|p1a: Miku|par\n|\n|-heal|p2b: Big boi|48\/100|[from] item: Leftovers\n|upkeep\n|turn|24\n|\n|t:|1695407982\n|move|p2b: Big boi|Dual Wingbeat|p1a: Miku\n|-damage|p1a: Miku|20\/100 par\n|-damage|p1a: Miku|13\/100 par\n|-hitcount|p1a: Miku|2\n|move|p1a: Miku|Recover|p1a: Miku\n|-heal|p1a: Miku|63\/100 par\n|\n|-heal|p2b: Big boi|54\/100|[from] item: Leftovers\n|upkeep\n|turn|25\n|\n|t:|1695407997\n|-terastallize|p2b: Big boi|Fairy\n|move|p2b: Big boi|Tera Blast|p1a: Miku|[anim] Tera Blast Fairy\n|-damage|p1a: Miku|49\/100 par\n|cant|p1a: Miku|par\n|\n|-heal|p2b: Big boi|61\/100|[from] item: Leftovers\n|upkeep\n|turn|26\n|c|\u2606slithernyx|lol\n|\n|t:|1695408011\n|move|p2b: Big boi|Dual Wingbeat|p1a: Miku\n|-damage|p1a: Miku|43\/100 par\n|-damage|p1a: Miku|36\/100 par\n|-hitcount|p1a: Miku|2\n|move|p1a: Miku|Draining Kiss|p2b: Big boi\n|-damage|p2b: Big boi|44\/100\n|-heal|p1a: Miku|50\/100 par|[from] drain|[of] p2b: Big boi\n|\n|-heal|p2b: Big boi|50\/100|[from] item: Leftovers\n|upkeep\n|turn|27\n|c|\u2606slithernyx|Nice battle :]\n|-message|slithernyx forfeited.\n|\n|win|Banjo0119\n|raw|Banjo0119's rating: 1051 &rarr; <strong>1084<\/strong><br \/>(+33 for winning)\n|raw|slithernyx's rating: 1054 &rarr; <strong>1036<\/strong><br \/>(-18 for losing)\n|l|\u2606slithernyx\n","uploadtime":1695408042,"views":6,"p1id":"banjo0119","p2id":"slithernyx","formatid":"gen9nationaldexdoubles","rating":1036,"private":0,"password":""}