{"id":"gen9nationaldexdoubles-1966195651","p1":"SupremeKawaiiFiend","p2":"draga140813","format":"[Gen 9] National Dex Doubles","log":"|j|\u2606SupremeKawaiiFiend\n|j|\u2606draga140813\n|t:|1697154573\n|gametype|doubles\n|player|p1|SupremeKawaiiFiend|whitney|1076\n|player|p2|draga140813|caitlin|1047\n|teamsize|p1|6\n|teamsize|p2|6\n|gen|9\n|tier|[Gen 9] National Dex Doubles\n|rated|\n|rule|HP Percentage Mod: HP is shown in percentages\n|rule|Endless Battle Clause: Forcing endless battles is banned\n|rule|OHKO Clause: OHKO moves are banned\n|rule|Evasion Moves Clause: Evasion moves are banned\n|rule|Evasion Abilities Clause: Evasion abilities are banned\n|rule|Species Clause: Limit one of each Pok\u00e9mon\n|rule|Gravity Sleep Clause: The combination of sleep-inducing moves with imperfect accuracy and Gravity or Gigantamax Orbeetle are banned\n|clearpoke\n|poke|p1|Azumarill, M|\n|poke|p1|Okidogi, M|\n|poke|p1|Sinistcha-Masterpiece|\n|poke|p1|Garganacl, F|\n|poke|p1|Clefable, M|\n|poke|p1|Gliscor, M|\n|poke|p2|Swampert, F|\n|poke|p2|Pelipper, M|\n|poke|p2|Manectric, M|\n|poke|p2|Toxapex, F|\n|poke|p2|Blastoise, M|\n|poke|p2|Toxicroak, M|\n|teampreview\n|\n|t:|1697154588\n|start\n|switch|p1a: GOTCHA MATCHA|Sinistcha-Masterpiece, shiny|100\/100\n|switch|p1b: BELLYDRUM|Azumarill, M, shiny|100\/100\n|switch|p2a: Blastoise|Blastoise, M, shiny|100\/100\n|switch|p2b: Pelipper|Pelipper, M, shiny|100\/100\n|-weather|RainDance|[from] ability: Drizzle|[of] p2b: Pelipper\n|turn|1\n|\n|t:|1697154605\n|move|p2a: Blastoise|Fake Out|p1b: BELLYDRUM\n|-damage|p1b: BELLYDRUM|93\/100\n|move|p2b: Pelipper|Tailwind|p2b: Pelipper\n|-sidestart|p2: draga140813|move: Tailwind\n|move|p1a: GOTCHA MATCHA|Calm Mind|p1a: GOTCHA MATCHA\n|-boost|p1a: GOTCHA MATCHA|spa|1\n|-boost|p1a: GOTCHA MATCHA|spd|1\n|cant|p1b: BELLYDRUM|flinch\n|\n|-weather|RainDance|[upkeep]\n|upkeep\n|turn|2\n|\n|t:|1697154622\n|move|p2b: Pelipper|Toxic|p1b: BELLYDRUM\n|-status|p1b: BELLYDRUM|tox\n|move|p1a: GOTCHA MATCHA|Strength Sap|p2a: Blastoise\n|-unboost|p2a: Blastoise|atk|1\n|move|p1b: BELLYDRUM|Knock Off|p2b: Pelipper\n|-damage|p2b: Pelipper|83\/100\n|-enditem|p2b: Pelipper|Damp Rock|[from] move: Knock Off|[of] p1b: BELLYDRUM\n|move|p2a: Blastoise|Roar|p1a: GOTCHA MATCHA\n|drag|p1a: SALTBROS|Garganacl, F, shiny|100\/100\n|\n|-weather|RainDance|[upkeep]\n|-damage|p1b: BELLYDRUM|87\/100 tox|[from] psn\n|upkeep\n|turn|3\n|\n|t:|1697154643\n|move|p2a: Blastoise|Scald|p1a: SALTBROS\n|-supereffective|p1a: SALTBROS\n|-damage|p1a: SALTBROS|51\/100\n|move|p2b: Pelipper|Toxic|p1a: SALTBROS\n|-immune|p1a: SALTBROS|[from] ability: Purifying Salt\n|move|p1b: BELLYDRUM|Knock Off|p2a: Blastoise\n|-damage|p2a: Blastoise|87\/100\n|-enditem|p2a: Blastoise|Aguav Berry|[from] move: Knock Off|[of] p1b: BELLYDRUM\n|move|p1a: SALTBROS|Salt Cure|p2b: Pelipper\n|-supereffective|p2b: Pelipper\n|-damage|p2b: Pelipper|59\/100\n|-start|p2b: Pelipper|Salt Cure\n|\n|-weather|RainDance|[upkeep]\n|-heal|p2a: Blastoise|93\/100|[from] ability: Rain Dish\n|-heal|p1a: SALTBROS|57\/100|[from] item: Leftovers\n|-damage|p1b: BELLYDRUM|74\/100 tox|[from] psn\n|-damage|p2b: Pelipper|35\/100|[from] Salt Cure\n|upkeep\n|turn|4\n|\n|t:|1697154668\n|move|p2b: Pelipper|Scald|p1a: SALTBROS\n|-supereffective|p1a: SALTBROS\n|-damage|p1a: SALTBROS|8\/100\n|move|p1b: BELLYDRUM|Play Rough|p2a: Blastoise\n|-damage|p2a: Blastoise|73\/100\n|move|p1a: SALTBROS|Recover|p1a: SALTBROS\n|-heal|p1a: SALTBROS|58\/100\n|move|p2a: Blastoise|Roar|p1a: SALTBROS\n|drag|p1a: DOGE|Okidogi, M|100\/100\n|\n|-weather|RainDance|[upkeep]\n|-heal|p2a: Blastoise|79\/100|[from] ability: Rain Dish\n|-damage|p1b: BELLYDRUM|56\/100 tox|[from] psn\n|-damage|p2b: Pelipper|10\/100|[from] Salt Cure\n|-sideend|p2: draga140813|move: Tailwind\n|upkeep\n|turn|5\n|inactive|Battle timer is ON: inactive players will automatically lose when time's up. (requested by draga140813)\n|\n|t:|1697154696\n|move|p1a: DOGE|Drain Punch|p2a: Blastoise\n|-damage|p2a: Blastoise|59\/100\n|move|p2a: Blastoise|Scald|p1a: DOGE\n|-damage|p1a: DOGE|72\/100\n|move|p2b: Pelipper|Scald|p1a: DOGE\n|-damage|p1a: DOGE|43\/100\n|move|p1b: BELLYDRUM|Play Rough|p2a: Blastoise\n|-damage|p2a: Blastoise|39\/100\n|\n|-weather|RainDance|[upkeep]\n|-heal|p2a: Blastoise|45\/100|[from] ability: Rain Dish\n|-heal|p1a: DOGE|49\/100|[from] item: Leftovers\n|-damage|p1b: BELLYDRUM|31\/100 tox|[from] psn\n|-damage|p2b: Pelipper|0 fnt|[from] Salt Cure\n|faint|p2b: Pelipper\n|upkeep\n|\n|t:|1697154715\n|switch|p2b: hi :)|Toxicroak, M, shiny|100\/100\n|turn|6\n|\n|t:|1697154730\n|move|p1a: DOGE|Bulk Up|p1a: DOGE\n|-boost|p1a: DOGE|atk|1\n|-boost|p1a: DOGE|def|1\n|move|p1b: BELLYDRUM|Knock Off|p2b: hi :)\n|-resisted|p2b: hi :)\n|-damage|p2b: hi :)|90\/100\n|-enditem|p2b: hi :)|Focus Sash|[from] move: Knock Off|[of] p1b: BELLYDRUM\n|move|p2b: hi :)|Counter|p1b: BELLYDRUM\n|-damage|p1b: BELLYDRUM|12\/100 tox\n|move|p2a: Blastoise|Roar|p1b: BELLYDRUM\n|drag|p1b: GOTCHA MATCHA|Sinistcha-Masterpiece, shiny|100\/100\n|\n|-weather|RainDance|[upkeep]\n|-heal|p2b: hi :)|100\/100|[from] ability: Dry Skin\n|-heal|p2a: Blastoise|51\/100|[from] ability: Rain Dish\n|-heal|p1a: DOGE|55\/100|[from] item: Leftovers\n|upkeep\n|turn|7\n|inactive|SupremeKawaiiFiend has 120 seconds left.\n|\n|t:|1697154764\n|move|p2b: hi :)|Knock Off|p1b: GOTCHA MATCHA\n|-supereffective|p1b: GOTCHA MATCHA\n|-damage|p1b: GOTCHA MATCHA|72\/100\n|-enditem|p1b: GOTCHA MATCHA|Leftovers|[from] move: Knock Off|[of] p2b: hi :)\n|move|p1a: DOGE|Drain Punch|p2a: Blastoise\n|-damage|p2a: Blastoise|17\/100\n|-heal|p1a: DOGE|71\/100|[from] drain|[of] p2a: Blastoise\n|move|p1b: GOTCHA MATCHA|Matcha Gotcha|p2a: Blastoise|[spread] p2a\n|-miss|p1b: GOTCHA MATCHA|p2b: hi :)\n|-supereffective|p2a: Blastoise\n|-damage|p2a: Blastoise|0 fnt\n|-heal|p1b: GOTCHA MATCHA|80\/100|[from] drain|[of] p2a: Blastoise\n|faint|p2a: Blastoise\n|\n|-weather|RainDance|[upkeep]\n|-heal|p1a: DOGE|77\/100|[from] item: Leftovers\n|upkeep\n|inactive|draga140813 has 120 seconds left.\n|\n|t:|1697154781\n|switch|p2a: Toxapex|Toxapex, F, shiny|100\/100\n|turn|8\n|inactive|SupremeKawaiiFiend has 120 seconds left.\n|\n|t:|1697154839\n|move|p2b: hi :)|Knock Off|p1a: DOGE\n|-resisted|p1a: DOGE\n|-damage|p1a: DOGE|72\/100\n|-enditem|p1a: DOGE|Leftovers|[from] move: Knock Off|[of] p2b: hi :)\n|move|p1a: DOGE|Bulk Up|p1a: DOGE\n|-boost|p1a: DOGE|atk|1\n|-boost|p1a: DOGE|def|1\n|move|p1b: GOTCHA MATCHA|Calm Mind|p1b: GOTCHA MATCHA\n|-boost|p1b: GOTCHA MATCHA|spa|1\n|-boost|p1b: GOTCHA MATCHA|spd|1\n|move|p2a: Toxapex|Haze|p2a: Toxapex\n|-clearallboost\n|\n|-weather|none\n|upkeep\n|turn|9\n|\n|t:|1697154867\n|move|p2b: hi :)|Knock Off|p1b: GOTCHA MATCHA\n|-supereffective|p1b: GOTCHA MATCHA\n|-damage|p1b: GOTCHA MATCHA|62\/100\n|move|p1a: DOGE|Knock Off|p2a: Toxapex\n|-damage|p2a: Toxapex|75\/100\n|-enditem|p2a: Toxapex|Black Sludge|[from] move: Knock Off|[of] p1a: DOGE\n|move|p1b: GOTCHA MATCHA|Strength Sap|p2b: hi :)\n|-unboost|p2b: hi :)|atk|1\n|-heal|p1b: GOTCHA MATCHA|100\/100\n|move|p2a: Toxapex|Cross Poison|p1b: GOTCHA MATCHA\n|-damage|p1b: GOTCHA MATCHA|90\/100\n|\n|upkeep\n|turn|10\n|inactive|SupremeKawaiiFiend has 90 seconds left.\n|inactive|SupremeKawaiiFiend has 60 seconds left.\n|inactive|SupremeKawaiiFiend has 30 seconds left.\n|\n|t:|1697154958\n|move|p1a: DOGE|Bulk Up|p1a: DOGE\n|-boost|p1a: DOGE|atk|1\n|-boost|p1a: DOGE|def|1\n|move|p1b: GOTCHA MATCHA|Matcha Gotcha|p2a: Toxapex|[spread] p2a,p2b\n|-resisted|p2b: hi :)\n|-damage|p2a: Toxapex|55\/100\n|-heal|p1b: GOTCHA MATCHA|99\/100|[from] drain|[of] p2a: Toxapex\n|-damage|p2b: hi :)|88\/100\n|-heal|p1b: GOTCHA MATCHA|100\/100|[from] drain|[of] p2b: hi :)\n|move|p2a: Toxapex|Cross Poison|p1b: GOTCHA MATCHA\n|-damage|p1b: GOTCHA MATCHA|88\/100\n|-status|p1b: GOTCHA MATCHA|psn\n|move|p2b: hi :)|Counter||[still]\n|-fail|p2b: hi :)\n|\n|-damage|p1b: GOTCHA MATCHA|75\/100 psn|[from] psn\n|upkeep\n|turn|11\n|inactive|SupremeKawaiiFiend has 30 seconds left.\n|\n|t:|1697154983\n|switch|p2b: Swampert|Swampert, F, shiny|100\/100\n|move|p1a: DOGE|Bulk Up|p1a: DOGE\n|-boost|p1a: DOGE|atk|1\n|-boost|p1a: DOGE|def|1\n|move|p1b: GOTCHA MATCHA|Matcha Gotcha|p2b: Swampert|[spread] p2a\n|-miss|p1b: GOTCHA MATCHA|p2b: Swampert\n|-damage|p2a: Toxapex|34\/100\n|-heal|p1b: GOTCHA MATCHA|85\/100 psn|[from] drain|[of] p2a: Toxapex\n|move|p2a: Toxapex|Haze|p2a: Toxapex\n|-clearallboost\n|\n|-damage|p1b: GOTCHA MATCHA|73\/100 psn|[from] psn\n|upkeep\n|turn|12\n|inactive|draga140813 has 120 seconds left.\n|\n|t:|1697155015\n|move|p1a: DOGE|Ice Fang|p2b: Swampert\n|-damage|p2b: Swampert|82\/100\n|move|p1b: GOTCHA MATCHA|Strength Sap|p2b: Swampert\n|-unboost|p2b: Swampert|atk|1\n|-heal|p1b: GOTCHA MATCHA|100\/100 psn\n|-zpower|p2b: Swampert\n|move|p2b: Swampert|Hydro Vortex|p1a: DOGE|[zeffect]\n|-damage|p1a: DOGE|30\/100\n|move|p2a: Toxapex|Recover|p2a: Toxapex\n|-heal|p2a: Toxapex|84\/100\n|\n|-damage|p1b: GOTCHA MATCHA|88\/100 psn|[from] psn\n|upkeep\n|turn|13\n|inactive|SupremeKawaiiFiend has 30 seconds left.\n|\n|t:|1697155046\n|move|p1a: DOGE|Drain Punch|p2b: Swampert\n|-damage|p2b: Swampert|54\/100\n|-heal|p1a: DOGE|45\/100|[from] drain|[of] p2b: Swampert\n|move|p1b: GOTCHA MATCHA|Matcha Gotcha|p2a: Toxapex|[spread] p2a,p2b\n|-supereffective|p2b: Swampert\n|-damage|p2a: Toxapex|66\/100\n|-heal|p1b: GOTCHA MATCHA|97\/100 psn|[from] drain|[of] p2a: Toxapex\n|-damage|p2b: Swampert|0 fnt\n|-heal|p1b: GOTCHA MATCHA|100\/100 psn|[from] drain|[of] p2b: Swampert\n|faint|p2b: Swampert\n|move|p2a: Toxapex|Cross Poison|p1b: GOTCHA MATCHA\n|-damage|p1b: GOTCHA MATCHA|88\/100 psn\n|\n|-damage|p1b: GOTCHA MATCHA|75\/100 psn|[from] psn\n|upkeep\n|inactive|draga140813 has 120 seconds left.\n|\n|t:|1697155059\n|switch|p2b: Manectric|Manectric, M, shiny|100\/100\n|-item|p2b: Manectric|Air Balloon\n|turn|14\n|\n|t:|1697155071\n|-terastallize|p2b: Manectric|Electric\n|move|p2b: Manectric|Thunderbolt|p1a: DOGE\n|-damage|p1a: DOGE|3\/100\n|move|p1a: DOGE|Drain Punch|p2b: Manectric\n|-damage|p2b: Manectric|39\/100\n|-heal|p1a: DOGE|26\/100|[from] drain|[of] p2b: Manectric\n|-enditem|p2b: Manectric|Air Balloon\n|move|p1b: GOTCHA MATCHA|Matcha Gotcha|p2a: Toxapex|[spread] p2b\n|-miss|p1b: GOTCHA MATCHA|p2a: Toxapex\n|-damage|p2b: Manectric|0 fnt\n|-heal|p1b: GOTCHA MATCHA|91\/100 psn|[from] drain|[of] p2b: Manectric\n|faint|p2b: Manectric\n|move|p2a: Toxapex|Haze|p2a: Toxapex\n|-clearallboost\n|\n|-damage|p1b: GOTCHA MATCHA|79\/100 psn|[from] psn\n|upkeep\n|\n|t:|1697155083\n|switch|p2b: hi :)|Toxicroak, M, shiny|88\/100\n|turn|15\n|\n|t:|1697155096\n|move|p2b: hi :)|Fake Out|p1a: DOGE\n|-damage|p1a: DOGE|19\/100\n|cant|p1a: DOGE|flinch\n|move|p1b: GOTCHA MATCHA|Strength Sap|p2b: hi :)\n|-unboost|p2b: hi :)|atk|1\n|-heal|p1b: GOTCHA MATCHA|100\/100 psn\n|move|p2a: Toxapex|Cross Poison|p1a: DOGE\n|-resisted|p1a: DOGE\n|-damage|p1a: DOGE|12\/100\n|\n|-damage|p1b: GOTCHA MATCHA|88\/100 psn|[from] psn\n|upkeep\n|turn|16\n|inactive|SupremeKawaiiFiend has 90 seconds left.\n|\n|t:|1697155122\n|move|p2b: hi :)|Drain Punch|p1a: DOGE\n|-resisted|p1a: DOGE\n|-damage|p1a: DOGE|6\/100\n|-heal|p2b: hi :)|92\/100|[from] drain|[of] p1a: DOGE\n|move|p1a: DOGE|Drain Punch|p2b: hi :)\n|-resisted|p2b: hi :)\n|-damage|p2b: hi :)|75\/100\n|-heal|p1a: DOGE|14\/100|[from] drain|[of] p2b: hi :)\n|move|p1b: GOTCHA MATCHA|Matcha Gotcha|p2b: hi :)|[spread] p2a,p2b\n|-resisted|p2b: hi :)\n|-damage|p2a: Toxapex|46\/100\n|-heal|p1b: GOTCHA MATCHA|97\/100 psn|[from] drain|[of] p2a: Toxapex\n|-damage|p2b: hi :)|61\/100\n|-heal|p1b: GOTCHA MATCHA|100\/100 psn|[from] drain|[of] p2b: hi :)\n|move|p2a: Toxapex|Cross Poison|p1a: DOGE\n|-resisted|p1a: DOGE\n|-damage|p1a: DOGE|7\/100\n|\n|-damage|p1b: GOTCHA MATCHA|88\/100 psn|[from] psn\n|upkeep\n|turn|17\n|inactive|SupremeKawaiiFiend has 90 seconds left.\n|\n|t:|1697155146\n|move|p2b: hi :)|Drain Punch|p1a: DOGE\n|-resisted|p1a: DOGE\n|-crit|p1a: DOGE\n|-damage|p1a: DOGE|0 fnt\n|-heal|p2b: hi :)|65\/100|[from] drain|[of] p1a: DOGE\n|faint|p1a: DOGE\n|move|p1b: GOTCHA MATCHA|Strength Sap|p2b: hi :)\n|-unboost|p2b: hi :)|atk|1\n|-heal|p1b: GOTCHA MATCHA|100\/100 psn\n|move|p2a: Toxapex|Cross Poison|p1b: GOTCHA MATCHA\n|-damage|p1b: GOTCHA MATCHA|88\/100 psn\n|\n|-damage|p1b: GOTCHA MATCHA|75\/100 psn|[from] psn\n|upkeep\n|\n|t:|1697155159\n|switch|p1a: IM A SNEK|Gliscor, M, shiny|100\/100\n|turn|18\n|\n|t:|1697155169\n|move|p1a: IM A SNEK|Protect|p1a: IM A SNEK\n|-singleturn|p1a: IM A SNEK|Protect\n|move|p2b: hi :)|Knock Off|p1a: IM A SNEK\n|-activate|p1a: IM A SNEK|move: Protect\n|move|p1b: GOTCHA MATCHA|Matcha Gotcha|p2b: hi :)|[spread] p2a,p2b\n|-resisted|p2b: hi :)\n|-damage|p2a: Toxapex|27\/100\n|-heal|p1b: GOTCHA MATCHA|84\/100 psn|[from] drain|[of] p2a: Toxapex\n|-damage|p2b: hi :)|51\/100\n|-heal|p1b: GOTCHA MATCHA|92\/100 psn|[from] drain|[of] p2b: hi :)\n|move|p2a: Toxapex|Haze|p2a: Toxapex\n|-clearallboost\n|\n|-damage|p1b: GOTCHA MATCHA|79\/100 psn|[from] psn\n|-status|p1a: IM A SNEK|tox|[from] item: Toxic Orb\n|upkeep\n|turn|19\n|inactive|SupremeKawaiiFiend has 120 seconds left.\n|\n|t:|1697155197\n|move|p1a: IM A SNEK|Sand Tomb|p2a: Toxapex|[miss]\n|-miss|p1a: IM A SNEK|p2a: Toxapex\n|move|p2b: hi :)|Drain Punch|p1a: IM A SNEK\n|-resisted|p1a: IM A SNEK\n|-damage|p1a: IM A SNEK|91\/100 tox\n|-heal|p2b: hi :)|56\/100|[from] drain|[of] p1a: IM A SNEK\n|move|p1b: GOTCHA MATCHA|Strength Sap|p2b: hi :)\n|-unboost|p2b: hi :)|atk|1\n|-heal|p1b: GOTCHA MATCHA|100\/100 psn\n|move|p2a: Toxapex|Recover|p2a: Toxapex\n|-heal|p2a: Toxapex|77\/100\n|\n|-heal|p1a: IM A SNEK|100\/100 tox|[from] ability: Poison Heal\n|-damage|p1b: GOTCHA MATCHA|88\/100 psn|[from] psn\n|upkeep\n|turn|20\n|inactive|SupremeKawaiiFiend has 120 seconds left.\n|-message|draga140813 forfeited.\n|\n|win|SupremeKawaiiFiend\n|raw|SupremeKawaiiFiend's rating: 1076 &rarr; <strong>1102<\/strong><br \/>(+26 for winning)\n|raw|draga140813's rating: 1047 &rarr; <strong>1031<\/strong><br \/>(-16 for losing)\n|l|\u2606draga140813\n","uploadtime":1697155234,"views":5,"p1id":"supremekawaiifiend","p2id":"draga140813","formatid":"gen9nationaldexdoubles","rating":1031,"private":0,"password":""}