{"id":"gen9nationaldexdoubles-1995757250","p1":"PkMnTrainerChud","p2":"TRAINER $PITT !!!","format":"[Gen 9] National Dex Doubles","log":"|j|\u2606PkMnTrainerChud\n|j|\u2606TRAINER $PITT !!!\n|t:|1700600295\n|gametype|doubles\n|player|p1|PkMnTrainerChud|pokemonbreeder-gen4|1088\n|player|p2|TRAINER $PITT !!!|flannery|1114\n|teamsize|p1|6\n|teamsize|p2|6\n|gen|9\n|tier|[Gen 9] National Dex Doubles\n|rated|\n|rule|HP Percentage Mod: HP is shown in percentages\n|rule|Endless Battle Clause: Forcing endless battles is banned\n|rule|OHKO Clause: OHKO moves are banned\n|rule|Evasion Moves Clause: Evasion moves are banned\n|rule|Evasion Abilities Clause: Evasion abilities are banned\n|rule|Species Clause: Limit one of each Pok\u00e9mon\n|rule|Gravity Sleep Clause: The combination of sleep-inducing moves with imperfect accuracy and Gravity or Gigantamax Orbeetle are banned\n|clearpoke\n|poke|p1|Incineroar, F|\n|poke|p1|Rillaboom, M|\n|poke|p1|Rotom-Wash|\n|poke|p1|Kingambit, M|\n|poke|p1|Sylveon, M|\n|poke|p1|Dragonite, M|\n|poke|p2|Dusknoir, M|\n|poke|p2|Aromatisse, F|\n|poke|p2|Mandibuzz, F|\n|poke|p2|Mawile, F|\n|poke|p2|Slowbro, F|\n|poke|p2|Arboliva, F|\n|teampreview\n|\n|t:|1700600316\n|start\n|switch|p1a: Incineroar|Incineroar, F|100\/100\n|switch|p1b: Kingambit|Kingambit, M|100\/100\n|switch|p2a: Mephisto|Dusknoir, M|100\/100\n|switch|p2b: Cherry|Aromatisse, F|100\/100\n|-ability|p1a: Incineroar|Intimidate|boost\n|-unboost|p2a: Mephisto|atk|1\n|-unboost|p2b: Cherry|atk|1\n|-item|p1a: Incineroar|Safety Goggles|[from] ability: Frisk|[of] p2a: Mephisto|[identify]\n|-item|p1b: Kingambit|Black Belt|[from] ability: Frisk|[of] p2a: Mephisto|[identify]\n|turn|1\n|\n|t:|1700600352\n|switch|p2b: Bones|Mandibuzz, F|100\/100\n|move|p1a: Incineroar|Fake Out|p2b: Bones\n|-damage|p2b: Bones|94\/100\n|-damage|p1a: Incineroar|84\/100|[from] item: Rocky Helmet|[of] p2b: Bones\n|move|p1b: Kingambit|Kowtow Cleave|p2b: Bones\n|-resisted|p2b: Bones\n|-damage|p2b: Bones|80\/100\n|-damage|p1b: Kingambit|84\/100|[from] item: Rocky Helmet|[of] p2b: Bones\n|move|p2a: Mephisto|Trick Room|p2a: Mephisto\n|-fieldstart|move: Trick Room|[of] p2a: Mephisto\n|\n|upkeep\n|turn|2\n|\n|t:|1700600371\n|switch|p2a: Cecil|Mawile, F|100\/100\n|-ability|p2a: Cecil|Intimidate|boost\n|-unboost|p1a: Incineroar|atk|1\n|-unboost|p1b: Kingambit|atk|1\n|-ability|p1b: Kingambit|Defiant|boost\n|-boost|p1b: Kingambit|atk|2\n|move|p2b: Bones|Toxic|p1a: Incineroar\n|-status|p1a: Incineroar|tox\n|move|p1b: Kingambit|Swords Dance|p1b: Kingambit\n|-boost|p1b: Kingambit|atk|2\n|move|p1a: Incineroar|Parting Shot|p2a: Cecil\n|-unboost|p2a: Cecil|atk|1\n|-unboost|p2a: Cecil|spa|1\n|\n|t:|1700600389\n|switch|p1a: Sylveon|Sylveon, M|100\/100|[from] Parting Shot\n|\n|upkeep\n|turn|3\n|\n|t:|1700600405\n|detailschange|p2a: Cecil|Mawile-Mega, F\n|-mega|p2a: Cecil|Mawile|Mawilite\n|move|p2a: Cecil|Iron Head|p1a: Sylveon\n|-supereffective|p1a: Sylveon\n|-damage|p1a: Sylveon|0 fnt\n|faint|p1a: Sylveon\n|move|p2b: Bones|Foul Play|p1b: Kingambit\n|-resisted|p1b: Kingambit\n|-damage|p1b: Kingambit|39\/100\n|move|p1b: Kingambit|Kowtow Cleave|p2a: Cecil\n|-resisted|p2a: Cecil\n|-damage|p2a: Cecil|44\/100\n|\n|upkeep\n|\n|t:|1700600417\n|switch|p1a: Dragonite|Dragonite, M|100\/100\n|turn|4\n|\n|t:|1700600428\n|-terastallize|p1a: Dragonite|Normal\n|move|p1a: Dragonite|Extreme Speed|p2a: Cecil\n|-resisted|p2a: Cecil\n|-damage|p2a: Cecil|13\/100\n|move|p1b: Kingambit|Sucker Punch|p2a: Cecil\n|-resisted|p2a: Cecil\n|-damage|p2a: Cecil|0 fnt\n|faint|p2a: Cecil\n|move|p2b: Bones|Foul Play|p1b: Kingambit\n|-resisted|p1b: Kingambit\n|-damage|p1b: Kingambit|0 fnt\n|faint|p1b: Kingambit\n|\n|upkeep\n|\n|t:|1700600443\n|switch|p2a: Slowbro|Slowbro, F|100\/100\n|switch|p1b: Rotom|Rotom-Wash|100\/100\n|turn|5\n|\n|t:|1700600455\n|move|p1a: Dragonite|Extreme Speed|p2b: Bones\n|-damage|p2b: Bones|43\/100\n|-damage|p1a: Dragonite|84\/100|[from] item: Rocky Helmet|[of] p2b: Bones\n|move|p2a: Slowbro|Disable|p1a: Dragonite\n|-start|p1a: Dragonite|Disable|Extreme Speed\n|move|p2b: Bones|Toxic|p1b: Rotom\n|-status|p1b: Rotom|tox\n|move|p1b: Rotom|Volt Switch|p2a: Slowbro\n|-supereffective|p2a: Slowbro\n|-damage|p2a: Slowbro|47\/100\n|\n|t:|1700600468\n|switch|p1b: Rillaboom|Rillaboom, M|100\/100|[from] Volt Switch\n|-fieldstart|move: Grassy Terrain|[from] ability: Grassy Surge|[of] p1b: Rillaboom\n|\n|-heal|p2a: Slowbro|53\/100|[from] Grassy Terrain\n|-heal|p2a: Slowbro|59\/100|[from] item: Leftovers\n|-heal|p1a: Dragonite|90\/100|[from] Grassy Terrain\n|-fieldend|move: Trick Room\n|upkeep\n|turn|6\n|\n|t:|1700600494\n|switch|p1a: Rotom|Rotom-Wash|100\/100 tox\n|switch|p2a: Mephisto|Dusknoir, M|100\/100\n|-item|p1a: Rotom|Leftovers|[from] ability: Frisk|[of] p2a: Mephisto|[identify]\n|-item|p1b: Rillaboom|Assault Vest|[from] ability: Frisk|[of] p2a: Mephisto|[identify]\n|move|p1b: Rillaboom|Wood Hammer|p2a: Mephisto\n|-damage|p2a: Mephisto|26\/100\n|-damage|p1b: Rillaboom|82\/100|[from] Recoil\n|move|p2b: Bones|Roost|p2b: Bones\n|-heal|p2b: Bones|93\/100\n|-singleturn|p2b: Bones|move: Roost\n|\n|-heal|p1b: Rillaboom|88\/100|[from] Grassy Terrain\n|-heal|p2b: Bones|99\/100|[from] Grassy Terrain\n|-heal|p2a: Mephisto|32\/100|[from] Grassy Terrain\n|-heal|p2a: Mephisto|38\/100|[from] item: Leftovers\n|-damage|p1a: Rotom|95\/100 tox|[from] psn\n|upkeep\n|turn|7\n|\n|t:|1700600528\n|switch|p2b: Arboliva|Arboliva, F, shiny|100\/100\n|move|p1b: Rillaboom|U-turn|p2b: Arboliva\n|-supereffective|p2b: Arboliva\n|-damage|p2b: Arboliva|43\/100\n|\n|t:|1700600533\n|switch|p1b: Incineroar|Incineroar, F|84\/100 tox|[from] U-turn\n|-ability|p1b: Incineroar|Intimidate|boost\n|-unboost|p2a: Mephisto|atk|1\n|-unboost|p2b: Arboliva|atk|1\n|move|p1a: Rotom|Volt Switch|p2a: Mephisto\n|-damage|p2a: Mephisto|16\/100\n|\n|t:|1700600541\n|switch|p1a: Dragonite|Dragonite, M, tera:Normal|90\/100|[from] Volt Switch\n|move|p2a: Mephisto|Trick Room|p2a: Mephisto\n|-fieldstart|move: Trick Room|[of] p2a: Mephisto\n|\n|-heal|p2a: Mephisto|22\/100|[from] Grassy Terrain\n|-heal|p2a: Mephisto|28\/100|[from] item: Leftovers\n|-heal|p2b: Arboliva|49\/100|[from] Grassy Terrain\n|-heal|p1b: Incineroar|90\/100 tox|[from] Grassy Terrain\n|-heal|p1a: Dragonite|96\/100|[from] Grassy Terrain\n|-damage|p1b: Incineroar|84\/100 tox|[from] psn\n|upkeep\n|turn|8\n|\n|t:|1700600571\n|move|p1b: Incineroar|Fake Out|p2b: Arboliva\n|-damage|p2b: Arboliva|39\/100\n|move|p2a: Mephisto|Rock Slide|p1a: Dragonite|[spread] p1b\n|-miss|p2a: Mephisto|p1a: Dragonite\n|-supereffective|p1b: Incineroar\n|-damage|p1b: Incineroar|67\/100 tox\n|cant|p2b: Arboliva|flinch\n|move|p1a: Dragonite|Stomping Tantrum|p2a: Mephisto\n|-damage|p2a: Mephisto|0 fnt\n|faint|p2a: Mephisto\n|\n|-heal|p2b: Arboliva|45\/100|[from] Grassy Terrain\n|-heal|p1b: Incineroar|73\/100 tox|[from] Grassy Terrain\n|-heal|p1a: Dragonite|100\/100|[from] Grassy Terrain\n|-damage|p1b: Incineroar|61\/100 tox|[from] psn\n|upkeep\n|\n|t:|1700600581\n|switch|p2a: Slowbro|Slowbro, F|93\/100\n|turn|9\n|\n|t:|1700600615\n|move|p2b: Arboliva|Protect|p2b: Arboliva\n|-singleturn|p2b: Arboliva|Protect\n|move|p2a: Slowbro|Surf|p1a: Dragonite|[spread] p1a,p1b\n|-activate|p2b: Arboliva|move: Protect\n|-supereffective|p1b: Incineroar\n|-damage|p1a: Dragonite|91\/100\n|-damage|p1b: Incineroar|20\/100 tox\n|move|p1b: Incineroar|Flare Blitz|p2b: Arboliva\n|-activate|p2b: Arboliva|move: Protect\n|move|p1a: Dragonite|Stomping Tantrum|p2a: Slowbro\n|-damage|p2a: Slowbro|68\/100\n|\n|-heal|p2a: Slowbro|74\/100|[from] Grassy Terrain\n|-heal|p2a: Slowbro|80\/100|[from] item: Leftovers\n|-heal|p2b: Arboliva|51\/100|[from] Grassy Terrain\n|-heal|p1b: Incineroar|26\/100 tox|[from] Grassy Terrain\n|-heal|p1a: Dragonite|97\/100|[from] Grassy Terrain\n|-damage|p1b: Incineroar|8\/100 tox|[from] psn\n|-fieldend|move: Grassy Terrain\n|upkeep\n|turn|10\n|\n|t:|1700600641\n|switch|p1a: Rotom|Rotom-Wash|95\/100 tox\n|move|p2a: Slowbro|Surf|p1b: Incineroar|[spread] p2b,p1a,p1b\n|-resisted|p2b: Arboliva\n|-resisted|p1a: Rotom\n|-supereffective|p1b: Incineroar\n|-damage|p2b: Arboliva|45\/100\n|-damage|p1a: Rotom|85\/100 tox\n|-damage|p1b: Incineroar|0 fnt\n|faint|p1b: Incineroar\n|move|p2b: Arboliva|Leech Seed|p1a: Rotom|[miss]\n|-miss|p2b: Arboliva|p1a: Rotom\n|\n|-heal|p2a: Slowbro|86\/100|[from] item: Leftovers\n|-heal|p1a: Rotom|91\/100 tox|[from] item: Leftovers\n|-damage|p1a: Rotom|85\/100 tox|[from] psn\n|upkeep\n|\n|t:|1700600653\n|switch|p1b: Dragonite|Dragonite, M, tera:Normal|97\/100\n|turn|11\n|\n|t:|1700600662\n|move|p1b: Dragonite|Extreme Speed|p2b: Arboliva\n|-damage|p2b: Arboliva|0 fnt\n|faint|p2b: Arboliva\n|move|p1a: Rotom|Volt Switch|p2a: Slowbro\n|-supereffective|p2a: Slowbro\n|-damage|p2a: Slowbro|36\/100\n|\n|t:|1700600668\n|switch|p1a: Rillaboom|Rillaboom, M|88\/100|[from] Volt Switch\n|-fieldstart|move: Grassy Terrain|[from] ability: Grassy Surge|[of] p1a: Rillaboom\n|move|p2a: Slowbro|Teleport|p2a: Slowbro\n|\n|t:|1700600676\n|switch|p2a: Cherry|Aromatisse, F|100\/100|[from] Teleport\n|\n|-heal|p1a: Rillaboom|94\/100|[from] Grassy Terrain\n|-heal|p1b: Dragonite|100\/100|[from] Grassy Terrain\n|-fieldend|move: Trick Room\n|upkeep\n|\n|t:|1700600679\n|switch|p2b: Bones|Mandibuzz, F|99\/100\n|turn|12\n|\n|t:|1700600693\n|move|p1b: Dragonite|Extreme Speed|p2a: Cherry\n|-damage|p2a: Cherry|47\/100\n|move|p1a: Rillaboom|Wood Hammer|p2a: Cherry\n|-damage|p2a: Cherry|0 fnt\n|faint|p2a: Cherry\n|-damage|p1a: Rillaboom|79\/100|[from] Recoil\n|move|p2b: Bones|Foul Play|p1b: Dragonite\n|-damage|p1b: Dragonite|73\/100\n|\n|-heal|p1a: Rillaboom|85\/100|[from] Grassy Terrain\n|-heal|p1b: Dragonite|80\/100|[from] Grassy Terrain\n|upkeep\n|\n|t:|1700600699\n|switch|p2a: Slowbro|Slowbro, F|69\/100\n|turn|13\n|-message|TRAINER $PITT !!! forfeited.\n|\n|win|PkMnTrainerChud\n|raw|PkMnTrainerChud's rating: 1088 &rarr; <strong>1117<\/strong><br \/>(+29 for winning)\n|raw|TRAINER $PITT !!!'s rating: 1114 &rarr; <strong>1087<\/strong><br \/>(-27 for losing)\n|l|\u2606TRAINER $PITT !!!\n|c|\u2606PkMnTrainerChud|Gg\n","uploadtime":1700600716,"views":1,"p1id":"pkmntrainerchud","p2id":"trainerpitt","formatid":"gen9nationaldexdoubles","rating":1087,"private":0,"password":""}