{"id":"gen9nationaldexdoubles-1998964400","p1":"Arnaenaed \u223e","p2":"Kazutoxo","format":"[Gen 9] National Dex Doubles","log":"|j|\u2606Arnaenaed \u223e\n|j|\u2606Kazutoxo\n|t:|1701018474\n|gametype|doubles\n|player|p1|Arnaenaed \u223e|clay|\n|player|p2|Kazutoxo|ingo|\n|teamsize|p1|6\n|teamsize|p2|6\n|gen|9\n|tier|[Gen 9] National Dex Doubles\n|rule|HP Percentage Mod: HP is shown in percentages\n|rule|Endless Battle Clause: Forcing endless battles is banned\n|rule|OHKO Clause: OHKO moves are banned\n|rule|Evasion Moves Clause: Evasion moves are banned\n|rule|Evasion Abilities Clause: Evasion abilities are banned\n|rule|Species Clause: Limit one of each Pok\u00e9mon\n|rule|Gravity Sleep Clause: The combination of sleep-inducing moves with imperfect accuracy and Gravity or Gigantamax Orbeetle are banned\n|clearpoke\n|poke|p1|Ninetales-Alola, M|\n|poke|p1|Abomasnow, M|\n|poke|p1|Arctovish|\n|poke|p1|Chien-Pao|\n|poke|p1|Iron Bundle|\n|poke|p1|Arctozolt|\n|poke|p2|Charizard, F|\n|poke|p2|Ogerpon-Hearthflame, F|\n|poke|p2|Incineroar, F|\n|poke|p2|Arcanine-Hisui, M|\n|poke|p2|Gastrodon, F|\n|poke|p2|Torkoal, F|\n|teampreview\n|c|\u2606Arnaenaed \u223e|porqe tienes un gastrodon\n|c|\u2606Arnaenaed \u223e|xdd\n|c|\u2606Arnaenaed \u223e|se puede??\n|c|\u2606Kazutoxo|Por el tera\n|c|\u2606Kazutoxo|Es tera fuego\n|c|\u2606Kazutoxo|Estamos aplicando la de la liga tambien\n|\n|t:|1701018566\n|start\n|switch|p1a: Abomasnow|Abomasnow, M|100\/100\n|switch|p1b: Arctozolt|Arctozolt|100\/100\n|switch|p2a: Charizard|Charizard, F|100\/100\n|switch|p2b: Incineroar|Incineroar, F|100\/100\n|-ability|p2b: Incineroar|Intimidate|boost\n|-unboost|p1a: Abomasnow|atk|1\n|-unboost|p1b: Arctozolt|atk|1\n|-weather|Snow|[from] ability: Snow Warning|[of] p1a: Abomasnow\n|turn|1\n|\n|t:|1701018599\n|detailschange|p2a: Charizard|Charizard-Mega-Y, F\n|-mega|p2a: Charizard|Charizard|Charizardite Y\n|-weather|SunnyDay|[from] ability: Drought|[of] p2a: Charizard\n|detailschange|p1a: Abomasnow|Abomasnow-Mega, M\n|-mega|p1a: Abomasnow|Abomasnow|Abomasite\n|-weather|Snow|[from] ability: Snow Warning|[of] p1a: Abomasnow\n|move|p1b: Arctozolt|Protect|p1b: Arctozolt\n|-singleturn|p1b: Arctozolt|Protect\n|move|p1a: Abomasnow|Protect|p1a: Abomasnow\n|-singleturn|p1a: Abomasnow|Protect\n|move|p2b: Incineroar|Fake Out|p1b: Arctozolt\n|-activate|p1b: Arctozolt|move: Protect\n|move|p2a: Charizard|Heat Wave|p1b: Arctozolt|[spread] \n|-activate|p1a: Abomasnow|move: Protect\n|-activate|p1b: Arctozolt|move: Protect\n|\n|-weather|Snow|[upkeep]\n|upkeep\n|turn|2\n|\n|t:|1701018625\n|switch|p2a: Torkoal|Torkoal, F|100\/100\n|-weather|SunnyDay|[from] ability: Drought|[of] p2a: Torkoal\n|switch|p1a: Chien-Pao|Chien-Pao|100\/100\n|-ability|p1a: Chien-Pao|Sword of Ruin\n|move|p1b: Arctozolt|Bolt Beak|p2a: Torkoal\n|-damage|p2a: Torkoal|49\/100\n|move|p2b: Incineroar|Knock Off|p1b: Arctozolt\n|-damage|p1b: Arctozolt|33\/100\n|-enditem|p1b: Arctozolt|Expert Belt|[from] move: Knock Off|[of] p2b: Incineroar\n|\n|-weather|SunnyDay|[upkeep]\n|-heal|p2a: Torkoal|56\/100|[from] item: Leftovers\n|upkeep\n|turn|3\n|\n|t:|1701018648\n|switch|p1b: Abomasnow|Abomasnow-Mega, M|100\/100\n|-weather|Snow|[from] ability: Snow Warning|[of] p1b: Abomasnow\n|move|p1a: Chien-Pao|Protect|p1a: Chien-Pao\n|-singleturn|p1a: Chien-Pao|Protect\n|move|p2b: Incineroar|Knock Off|p1a: Chien-Pao\n|-activate|p1a: Chien-Pao|move: Protect\n|move|p2a: Torkoal|Burning Jealousy|p1b: Abomasnow|[spread] p1b\n|-activate|p1a: Chien-Pao|move: Protect\n|-supereffective|p1b: Abomasnow\n|-damage|p1b: Abomasnow|49\/100\n|\n|-weather|Snow|[upkeep]\n|-heal|p2a: Torkoal|62\/100|[from] item: Leftovers\n|upkeep\n|turn|4\n|\n|t:|1701018682\n|move|p1a: Chien-Pao|Sacred Sword|p2b: Incineroar\n|-supereffective|p2b: Incineroar\n|-damage|p2b: Incineroar|30\/100\n|move|p2b: Incineroar|Taunt|p1b: Abomasnow\n|-start|p1b: Abomasnow|move: Taunt\n|move|p2a: Torkoal|Burning Jealousy|p1b: Abomasnow|[spread] p1a,p1b\n|-supereffective|p1a: Chien-Pao\n|-supereffective|p1b: Abomasnow\n|-damage|p1a: Chien-Pao|49\/100\n|-damage|p1b: Abomasnow|0 fnt\n|faint|p1b: Abomasnow\n|\n|-weather|Snow|[upkeep]\n|-heal|p2a: Torkoal|68\/100|[from] item: Leftovers\n|upkeep\n|\n|t:|1701018695\n|switch|p1b: Arctozolt|Arctozolt|33\/100\n|turn|5\n|\n|t:|1701018705\n|switch|p2b: Charizard|Charizard-Mega-Y, F|100\/100\n|-weather|SunnyDay|[from] ability: Drought|[of] p2b: Charizard\n|move|p1a: Chien-Pao|Sacred Sword|p2b: Charizard\n|-resisted|p2b: Charizard\n|-damage|p2b: Charizard|68\/100\n|move|p1b: Arctozolt|Bolt Beak|p2a: Torkoal\n|-damage|p2a: Torkoal|0 fnt\n|faint|p2a: Torkoal\n|\n|-weather|SunnyDay|[upkeep]\n|upkeep\n|\n|t:|1701018720\n|switch|p2a: Incineroar|Incineroar, F|30\/100\n|-ability|p2a: Incineroar|Intimidate|boost\n|-unboost|p1a: Chien-Pao|atk|1\n|-unboost|p1b: Arctozolt|atk|1\n|turn|6\n|\n|t:|1701018737\n|switch|p1b: Ninetales|Ninetales-Alola, M|100\/100\n|-weather|Snow|[from] ability: Snow Warning|[of] p1b: Ninetales\n|move|p1a: Chien-Pao|Protect|p1a: Chien-Pao\n|-singleturn|p1a: Chien-Pao|Protect\n|move|p2a: Incineroar|Fake Out|p1a: Chien-Pao\n|-activate|p1a: Chien-Pao|move: Protect\n|move|p2b: Charizard|Heat Wave|p1b: Ninetales|[spread] p1b\n|-activate|p1a: Chien-Pao|move: Protect\n|-supereffective|p1b: Ninetales\n|-damage|p1b: Ninetales|9\/100\n|\n|-weather|Snow|[upkeep]\n|upkeep\n|turn|7\n|\n|t:|1701018769\n|switch|p2b: Arcanine|Arcanine-Hisui, M|100\/100\n|-ability|p2b: Arcanine|Intimidate|boost\n|-unboost|p1a: Chien-Pao|atk|1\n|-unboost|p1b: Ninetales|atk|1\n|move|p1a: Chien-Pao|Sacred Sword|p2a: Incineroar\n|-supereffective|p2a: Incineroar\n|-damage|p2a: Incineroar|0 fnt\n|faint|p2a: Incineroar\n|move|p1b: Ninetales|Aurora Veil|p1b: Ninetales\n|-sidestart|p1: Arnaenaed \u223e|move: Aurora Veil\n|\n|-weather|Snow|[upkeep]\n|upkeep\n|\n|t:|1701018781\n|switch|p2a: Charizard|Charizard-Mega-Y, F|68\/100\n|-weather|SunnyDay|[from] ability: Drought|[of] p2a: Charizard\n|turn|8\n|\n|t:|1701018800\n|switch|p1b: Arctovish|Arctovish|100\/100\n|move|p1a: Chien-Pao|Protect|p1a: Chien-Pao\n|-singleturn|p1a: Chien-Pao|Protect\n|move|p2a: Charizard|Heat Wave|p1b: Arctovish|[spread] p1b\n|-activate|p1a: Chien-Pao|move: Protect\n|-damage|p1b: Arctovish|46\/100\n|move|p2b: Arcanine|Rock Slide|p1a: Chien-Pao|[spread] p1b\n|-activate|p1a: Chien-Pao|move: Protect\n|-supereffective|p1b: Arctovish\n|-damage|p1b: Arctovish|0 fnt\n|faint|p1b: Arctovish\n|\n|-weather|SunnyDay|[upkeep]\n|upkeep\n|\n|t:|1701018815\n|switch|p1b: Ninetales|Ninetales-Alola, M|9\/100\n|-weather|Snow|[from] ability: Snow Warning|[of] p1b: Ninetales\n|turn|9\n|\n|t:|1701018830\n|move|p1a: Chien-Pao|Sacred Sword|p2b: Arcanine\n|-supereffective|p2b: Arcanine\n|-damage|p2b: Arcanine|49\/100\n|move|p1b: Ninetales|Icy Wind|p2a: Charizard|[spread] p2a,p2b\n|-resisted|p2b: Arcanine\n|-damage|p2a: Charizard|55\/100\n|-damage|p2b: Arcanine|41\/100\n|-unboost|p2a: Charizard|spe|1\n|-unboost|p2b: Arcanine|spe|1\n|move|p2a: Charizard|Heat Wave|p1a: Chien-Pao|[spread] p1b\n|-miss|p2a: Charizard|p1a: Chien-Pao\n|-supereffective|p1b: Ninetales\n|-damage|p1b: Ninetales|0 fnt\n|faint|p1b: Ninetales\n|move|p2b: Arcanine|Rock Slide|p1a: Chien-Pao\n|-supereffective|p1a: Chien-Pao\n|-damage|p1a: Chien-Pao|0 fnt\n|faint|p1a: Chien-Pao\n|\n|-weather|Snow|[upkeep]\n|upkeep\n|\n|t:|1701018845\n|switch|p1a: Iron Bundle|Iron Bundle|100\/100\n|switch|p1b: Arctozolt|Arctozolt|33\/100\n|-enditem|p1a: Iron Bundle|Booster Energy\n|-activate|p1a: Iron Bundle|ability: Quark Drive|[fromitem]\n|-start|p1a: Iron Bundle|quarkdrivespe\n|turn|10\n|\n|t:|1701018876\n|switch|p2a: Gastrodon|Gastrodon, F|100\/100\n|-terastallize|p1a: Iron Bundle|Ice\n|move|p1a: Iron Bundle|Freeze-Dry|p2a: Gastrodon\n|-supereffective|p2a: Gastrodon\n|-damage|p2a: Gastrodon|0 fnt\n|faint|p2a: Gastrodon\n|move|p1b: Arctozolt|Bolt Beak|p2b: Arcanine\n|-damage|p2b: Arcanine|0 fnt\n|faint|p2b: Arcanine\n|\n|-weather|Snow|[upkeep]\n|upkeep\n|\n|t:|1701018892\n|switch|p2b: Charizard|Charizard-Mega-Y, F|55\/100\n|switch|p2a: Ogerpon|Ogerpon-Hearthflame, F|100\/100\n|-ability|p2a: Ogerpon|Mold Breaker\n|-weather|SunnyDay|[from] ability: Drought|[of] p2b: Charizard\n|turn|11\n|\n|t:|1701018915\n|move|p2a: Ogerpon|Spiky Shield|p2a: Ogerpon\n|-singleturn|p2a: Ogerpon|move: Protect\n|move|p1b: Arctozolt|Protect|p1b: Arctozolt\n|-singleturn|p1b: Arctozolt|Protect\n|move|p1a: Iron Bundle|Icy Wind|p2b: Charizard|[spread] p2b\n|-activate|p2a: Ogerpon|move: Protect\n|-damage|p2b: Charizard|23\/100\n|-unboost|p2b: Charizard|spe|1\n|move|p2b: Charizard|Tailwind|p2b: Charizard\n|-sidestart|p2: Kazutoxo|move: Tailwind\n|\n|-weather|SunnyDay|[upkeep]\n|upkeep\n|turn|12\n|\n|t:|1701018941\n|move|p1a: Iron Bundle|Protect|p1a: Iron Bundle\n|-singleturn|p1a: Iron Bundle|Protect\n|move|p2a: Ogerpon|Ivy Cudgel|p1a: Iron Bundle|[anim] Ivy Cudgel Fire\n|-activate|p1a: Iron Bundle|move: Protect\n|move|p2b: Charizard|Heat Wave|p1a: Iron Bundle|[spread] p1b\n|-activate|p1a: Iron Bundle|move: Protect\n|-supereffective|p1b: Arctozolt\n|-damage|p1b: Arctozolt|0 fnt\n|faint|p1b: Arctozolt\n|\n|-weather|SunnyDay|[upkeep]\n|upkeep\n|turn|13\n|\n|t:|1701018956\n|move|p2a: Ogerpon|Ivy Cudgel|p1a: Iron Bundle|[anim] Ivy Cudgel Fire\n|-supereffective|p1a: Iron Bundle\n|-damage|p1a: Iron Bundle|0 fnt\n|faint|p1a: Iron Bundle\n|-end|p1a: Iron Bundle|Quark Drive|[silent]\n|\n|win|Kazutoxo\n","uploadtime":1701018962,"views":11,"p1id":"arnaenaed","p2id":"kazutoxo","formatid":"gen9nationaldexdoubles","rating":0,"private":0,"password":""}