{"id":"gen9nationaldexdoubles-1977004214","p1":"Dirtyd2oh9","p2":"LowksterP","format":"[Gen 9] National Dex Doubles","log":"|j|\u2606Dirtyd2oh9\n|j|\u2606LowksterP\n|t:|1698360838\n|gametype|doubles\n|player|p1|Dirtyd2oh9|rocketgrunt|1232\n|player|p2|LowksterP|striker|1110\n|teamsize|p1|6\n|teamsize|p2|6\n|gen|9\n|tier|[Gen 9] National Dex Doubles\n|rated|\n|rule|HP Percentage Mod: HP is shown in percentages\n|rule|Endless Battle Clause: Forcing endless battles is banned\n|rule|OHKO Clause: OHKO moves are banned\n|rule|Evasion Moves Clause: Evasion moves are banned\n|rule|Evasion Abilities Clause: Evasion abilities are banned\n|rule|Species Clause: Limit one of each Pok\u00e9mon\n|rule|Gravity Sleep Clause: The combination of sleep-inducing moves with imperfect accuracy and Gravity or Gigantamax Orbeetle are banned\n|clearpoke\n|poke|p1|Grimmsnarl, M|\n|poke|p1|Ferrothorn, M|\n|poke|p1|Alakazam, M|\n|poke|p1|Tyranitar, F|\n|poke|p1|Conkeldurr, M|\n|poke|p1|Excadrill, M|\n|poke|p2|Dodrio, M|\n|poke|p2|Golduck, M|\n|poke|p2|Primeape, M|\n|poke|p2|Arcanine, M|\n|poke|p2|Hypno, M|\n|poke|p2|Parasect, M|\n|teampreview\n|inactive|Battle timer is ON: inactive players will automatically lose when time's up. (requested by Dirtyd2oh9)\n|\n|t:|1698360848\n|start\n|switch|p1a: Grimmsnarl|Grimmsnarl, M|100\/100\n|switch|p1b: Conkeldurr|Conkeldurr, M|100\/100\n|switch|p2a: Parasect|Parasect, M, shiny|100\/100\n|switch|p2b: Arcanine|Arcanine, M, shiny|100\/100\n|-ability|p2b: Arcanine|Intimidate|boost\n|-unboost|p1a: Grimmsnarl|atk|1\n|-unboost|p1b: Conkeldurr|atk|1\n|turn|1\n|\n|t:|1698360868\n|switch|p1b: Tyranitar|Tyranitar, F, shiny|100\/100\n|-weather|Sandstorm|[from] ability: Sand Stream|[of] p1b: Tyranitar\n|move|p1a: Grimmsnarl|Reflect|p1a: Grimmsnarl\n|-sidestart|p1: Dirtyd2oh9|Reflect\n|move|p2b: Arcanine|Will-O-Wisp|p1b: Tyranitar|[miss]\n|-miss|p2b: Arcanine|p1b: Tyranitar\n|move|p2a: Parasect|Spore|p1a: Grimmsnarl\n|-status|p1a: Grimmsnarl|slp|[from] move: Spore\n|\n|-weather|Sandstorm|[upkeep]\n|-damage|p2b: Arcanine|94\/100|[from] Sandstorm\n|-damage|p1a: Grimmsnarl|94\/100 slp|[from] Sandstorm\n|-damage|p2a: Parasect|94\/100|[from] Sandstorm\n|-heal|p2b: Arcanine|100\/100|[from] item: Leftovers\n|-heal|p2a: Parasect|100\/100|[from] item: Leftovers\n|upkeep\n|turn|2\n|inactive|Dirtyd2oh9 has 120 seconds left.\n|inactive|LowksterP has 120 seconds left.\n|\n|t:|1698360915\n|switch|p2b: Golduck|Golduck, M, shiny|100\/100\n|-ability|p2b: Golduck|Cloud Nine\n|switch|p1b: Conkeldurr|Conkeldurr, M|100\/100\n|switch|p1a: Excadrill|Excadrill, M|100\/100\n|move|p2a: Parasect|Spore|p1b: Conkeldurr\n|-status|p1b: Conkeldurr|slp|[from] move: Spore\n|\n|-weather|Sandstorm|[upkeep]\n|upkeep\n|turn|3\n|inactive|Dirtyd2oh9 has 120 seconds left.\n|inactive|LowksterP has 120 seconds left.\n|\n|t:|1698360945\n|switch|p2a: Arcanine|Arcanine, M, shiny|100\/100\n|-ability|p2a: Arcanine|Intimidate|boost\n|-unboost|p1a: Excadrill|atk|1\n|-unboost|p1b: Conkeldurr|atk|1\n|move|p2b: Golduck|Icy Wind|p1a: Excadrill|[spread] p1b\n|-miss|p2b: Golduck|p1a: Excadrill\n|-damage|p1b: Conkeldurr|88\/100 slp\n|-unboost|p1b: Conkeldurr|spe|1\n|move|p1a: Excadrill|Rock Slide|p2b: Golduck|[spread] p2a,p2b\n|-supereffective|p2a: Arcanine\n|-damage|p2a: Arcanine|69\/100\n|-damage|p2b: Golduck|85\/100\n|cant|p1b: Conkeldurr|slp\n|\n|-weather|Sandstorm|[upkeep]\n|-heal|p2a: Arcanine|75\/100|[from] item: Leftovers\n|-heal|p2b: Golduck|91\/100|[from] item: Leftovers\n|upkeep\n|turn|4\n|inactive|Dirtyd2oh9 has 120 seconds left.\n|inactive|LowksterP has 120 seconds left.\n|\n|t:|1698360966\n|switch|p1a: Tyranitar|Tyranitar, F, shiny|100\/100\n|switch|p1b: Alakazam|Alakazam, M, shiny|100\/100\n|move|p2a: Arcanine|Will-O-Wisp|p1a: Tyranitar|[miss]\n|-miss|p2a: Arcanine|p1a: Tyranitar\n|move|p2b: Golduck|Icy Wind|p1a: Tyranitar|[spread] p1a,p1b\n|-damage|p1a: Tyranitar|93\/100\n|-damage|p1b: Alakazam|87\/100\n|-unboost|p1a: Tyranitar|spe|1\n|-unboost|p1b: Alakazam|spe|1\n|\n|-weather|Sandstorm|[upkeep]\n|-heal|p2a: Arcanine|81\/100|[from] item: Leftovers\n|-heal|p2b: Golduck|97\/100|[from] item: Leftovers\n|upkeep\n|turn|5\n|inactive|Dirtyd2oh9 has 120 seconds left.\n|inactive|LowksterP has 120 seconds left.\n|\n|t:|1698361000\n|switch|p2a: Parasect|Parasect, M, shiny|100\/100\n|switch|p2b: Hypno|Hypno, M, shiny|100\/100\n|detailschange|p1a: Tyranitar|Tyranitar-Mega, F, shiny\n|-mega|p1a: Tyranitar|Tyranitar|Tyranitarite\n|move|p1b: Alakazam|Dazzling Gleam|p2a: Parasect|[spread] p2a,p2b\n|-damage|p2a: Parasect|59\/100\n|-damage|p2b: Hypno|65\/100\n|move|p1a: Tyranitar|Rock Slide|p2b: Hypno|[spread] p2a,p2b\n|-supereffective|p2a: Parasect\n|-crit|p2a: Parasect\n|-damage|p2a: Parasect|0 fnt\n|-damage|p2b: Hypno|24\/100\n|faint|p2a: Parasect\n|\n|-weather|none\n|-heal|p2b: Hypno|30\/100|[from] item: Leftovers\n|upkeep\n|\n|t:|1698361014\n|switch|p2a: Arcanine|Arcanine, M, shiny|81\/100\n|-ability|p2a: Arcanine|Intimidate|boost\n|-unboost|p1a: Tyranitar|atk|1\n|-unboost|p1b: Alakazam|atk|1\n|turn|6\n|inactive|Dirtyd2oh9 has 120 seconds left.\n|inactive|LowksterP has 120 seconds left.\n|l|\u2606Dirtyd2oh9\n|inactive|Dirtyd2oh9 disconnected and has a minute to reconnect!\n|player|p1|\n|j|\u2606Dirtyd2oh9\n|inactive|Dirtyd2oh9 reconnected and has 105 seconds left.\n|player|p1|Dirtyd2oh9|rocketgrunt\n|\n|t:|1698361066\n|switch|p1b: Grimmsnarl|Grimmsnarl, M|94\/100 slp\n|switch|p1a: Excadrill|Excadrill, M|100\/100\n|move|p2a: Arcanine|Will-O-Wisp|p1a: Excadrill|[miss]\n|-miss|p2a: Arcanine|p1a: Excadrill\n|move|p2b: Hypno|Thunder Wave||[still]\n|-fail|p2b: Hypno\n|\n|-heal|p2a: Arcanine|87\/100|[from] item: Leftovers\n|-heal|p2b: Hypno|36\/100|[from] item: Leftovers\n|upkeep\n|turn|7\n|inactive|Dirtyd2oh9 has 120 seconds left.\n|inactive|LowksterP has 120 seconds left.\n|inactive|LowksterP has 90 seconds left.\n|\n|t:|1698361112\n|switch|p1a: Conkeldurr|Conkeldurr, M|88\/100 slp\n|switch|p1b: Tyranitar|Tyranitar-Mega, F, shiny|93\/100\n|-weather|Sandstorm|[from] ability: Sand Stream|[of] p1b: Tyranitar\n|move|p2a: Arcanine|Will-O-Wisp||[still]\n|-fail|p2a: Arcanine\n|move|p2b: Hypno|Nasty Plot|p2b: Hypno\n|-boost|p2b: Hypno|spa|2\n|\n|-weather|Sandstorm|[upkeep]\n|-damage|p2a: Arcanine|81\/100|[from] Sandstorm\n|-damage|p2b: Hypno|30\/100|[from] Sandstorm\n|-damage|p1a: Conkeldurr|82\/100 slp|[from] Sandstorm\n|-heal|p2a: Arcanine|87\/100|[from] item: Leftovers\n|-heal|p2b: Hypno|36\/100|[from] item: Leftovers\n|upkeep\n|turn|8\n|inactive|Dirtyd2oh9 has 120 seconds left.\n|inactive|LowksterP has 90 seconds left.\n|\n|t:|1698361144\n|move|p2a: Arcanine|Mud-Slap|p1b: Tyranitar\n|-supereffective|p1b: Tyranitar\n|-damage|p1b: Tyranitar|88\/100\n|-unboost|p1b: Tyranitar|accuracy|1\n|move|p1b: Tyranitar|Rock Slide|p2b: Hypno|[spread] p2a\n|-miss|p1b: Tyranitar|p2b: Hypno\n|-supereffective|p2a: Arcanine\n|-damage|p2a: Arcanine|0 fnt\n|faint|p2a: Arcanine\n|move|p2b: Hypno|Draining Kiss|p1a: Conkeldurr\n|-supereffective|p1a: Conkeldurr\n|-damage|p1a: Conkeldurr|27\/100 slp\n|-heal|p2b: Hypno|91\/100|[from] drain|[of] p1a: Conkeldurr\n|cant|p1a: Conkeldurr|slp\n|\n|-weather|Sandstorm|[upkeep]\n|-damage|p2b: Hypno|85\/100|[from] Sandstorm\n|-damage|p1a: Conkeldurr|21\/100 slp|[from] Sandstorm\n|-heal|p2b: Hypno|91\/100|[from] item: Leftovers\n|-sideend|p1: Dirtyd2oh9|Reflect\n|upkeep\n|\n|t:|1698361161\n|switch|p2a: Golduck|Golduck, M, shiny|97\/100\n|-ability|p2a: Golduck|Cloud Nine\n|turn|9\n|inactive|LowksterP has 90 seconds left.\n|\n|t:|1698361180\n|switch|p1b: Alakazam|Alakazam, M, shiny|87\/100\n|move|p2a: Golduck|Psych Up|p2b: Hypno\n|-copyboost|p2a: Golduck|p2b: Hypno|[from] move: Psych Up\n|move|p2b: Hypno|Thunder Wave|p1b: Alakazam\n|-status|p1b: Alakazam|par\n|-curestatus|p1a: Conkeldurr|slp|[msg]\n|move|p1a: Conkeldurr|Knock Off|p2b: Hypno\n|-supereffective|p2b: Hypno\n|-damage|p2b: Hypno|18\/100\n|-enditem|p2b: Hypno|Leftovers|[from] move: Knock Off|[of] p1a: Conkeldurr\n|\n|-weather|Sandstorm|[upkeep]\n|-heal|p2a: Golduck|100\/100|[from] item: Leftovers\n|-status|p1a: Conkeldurr|brn|[from] item: Flame Orb\n|upkeep\n|turn|10\n|inactive|LowksterP has 90 seconds left.\n|l|\u2606Dirtyd2oh9\n|inactive|Dirtyd2oh9 disconnected and has a minute to reconnect!\n|player|p1|\n|\n|t:|1698361222\n|move|p1a: Conkeldurr|Mach Punch|p2b: Hypno\n|-resisted|p2b: Hypno\n|-damage|p2b: Hypno|0 fnt\n|faint|p2b: Hypno\n|move|p2a: Golduck|Muddy Water|p1a: Conkeldurr|[spread] p1a,p1b\n|-crit|p1b: Alakazam\n|-damage|p1a: Conkeldurr|0 fnt\n|-damage|p1b: Alakazam|0 fnt\n|faint|p1a: Conkeldurr\n|faint|p1b: Alakazam\n|\n|-weather|Sandstorm|[upkeep]\n|upkeep\n|inactive|LowksterP has 90 seconds left.\n|inactive|Dirtyd2oh9 has 30 seconds to reconnect!\n|j|\u2606Dirtyd2oh9\n|inactive|Dirtyd2oh9 reconnected and has 120 seconds left.\n|player|p1|Dirtyd2oh9|rocketgrunt\n|inactive|LowksterP has 60 seconds left.\n|inactive|LowksterP has 30 seconds left.\n|l|\u2606Dirtyd2oh9\n|inactive|Dirtyd2oh9 disconnected and has a minute to reconnect!\n|player|p1|\n|inactive|LowksterP has 20 seconds left.\n|inactive|LowksterP has 15 seconds left.\n|j|\u2606Dirtyd2oh9\n|inactive|Dirtyd2oh9 reconnected.\n|player|p1|Dirtyd2oh9|rocketgrunt\n|inactive|LowksterP has 10 seconds left.\n|\n|t:|1698361321\n|switch|p1b: Excadrill|Excadrill, M|100\/100\n|switch|p2b: Dodrio|Dodrio, M, shiny|100\/100\n|switch|p1a: Tyranitar|Tyranitar-Mega, F, shiny|88\/100\n|turn|11\n|inactive|LowksterP has 30 seconds left.\n|inactive|LowksterP has 20 seconds left.\n|inactive|Dirtyd2oh9 has 120 seconds left.\n|inactive|LowksterP has 15 seconds left.\n|\n|t:|1698361345\n|-terastallize|p1b: Excadrill|Electric\n|-zpower|p2b: Dodrio\n|move|p2b: Dodrio|Z-Acupressure|p2a: Golduck|[anim]Acupressure\n|-start|p2b: Dodrio|move: Focus Energy|[zeffect]\n|-boost|p2a: Golduck|accuracy|2\n|move|p2a: Golduck|Muddy Water|p1a: Tyranitar|[spread] p1a,p1b\n|-supereffective|p1a: Tyranitar\n|-damage|p1a: Tyranitar|18\/100\n|-damage|p1b: Excadrill|61\/100\n|move|p1b: Excadrill|Rock Slide|p2a: Golduck|[spread] p2a,p2b\n|-supereffective|p2b: Dodrio\n|-damage|p2a: Golduck|77\/100\n|-damage|p2b: Dodrio|28\/100\n|move|p1a: Tyranitar|Rock Slide|p2a: Golduck|[spread] p2a,p2b\n|-supereffective|p2b: Dodrio\n|-damage|p2a: Golduck|34\/100\n|-damage|p2b: Dodrio|0 fnt\n|faint|p2b: Dodrio\n|\n|-weather|none\n|-heal|p2a: Golduck|40\/100|[from] item: Leftovers\n|upkeep\n|inactive|LowksterP has 20 seconds left this turn.\n|inactive|LowksterP has 15 seconds left.\n|inactive|LowksterP has 10 seconds left.\n|inactive|LowksterP has 5 seconds left.\n|\n|t:|1698361362\n|switch|p2b: Primeape|Primeape, M, shiny|100\/100\n|turn|12\n|inactive|LowksterP has 30 seconds left this turn.\n|inactive|LowksterP has 20 seconds left.\n|inactive|LowksterP has 15 seconds left.\n|inactive|LowksterP has 10 seconds left.\n|inactive|LowksterP has 5 seconds left.\n|\n|t:|1698361391\n|move|p2a: Golduck|Muddy Water|p1b: Excadrill|[spread] p1a,p1b\n|-supereffective|p1a: Tyranitar\n|-damage|p1a: Tyranitar|0 fnt\n|-damage|p1b: Excadrill|22\/100\n|-unboost|p1b: Excadrill|accuracy|1\n|faint|p1a: Tyranitar\n|move|p2b: Primeape|Dynamic Punch|p1b: Excadrill\n|-damage|p1b: Excadrill|0 fnt\n|faint|p1b: Excadrill\n|\n|-heal|p2a: Golduck|46\/100|[from] item: Leftovers\n|upkeep\n|inactive|LowksterP has 10 seconds left this turn.\n|inactive|Dirtyd2oh9 has 120 seconds left.\n|\n|t:|1698361411\n|switch|p1b: Ferrothorn|Ferrothorn, M, shiny|100\/100\n|switch|p1a: Grimmsnarl|Grimmsnarl, M|94\/100 slp\n|turn|13\n|inactive|LowksterP has 30 seconds left.\n|\n|t:|1698361425\n|cant|p1a: Grimmsnarl|slp\n|move|p2a: Golduck|Muddy Water|p1b: Ferrothorn|[spread] p1a,p1b\n|-resisted|p1b: Ferrothorn\n|-damage|p1a: Grimmsnarl|39\/100 slp\n|-damage|p1b: Ferrothorn|82\/100\n|-unboost|p1a: Grimmsnarl|accuracy|1\n|-unboost|p1b: Ferrothorn|accuracy|1\n|move|p2b: Primeape|Dynamic Punch|p1b: Ferrothorn\n|-supereffective|p1b: Ferrothorn\n|-damage|p1b: Ferrothorn|39\/100\n|-start|p1b: Ferrothorn|confusion\n|-damage|p2b: Primeape|88\/100|[from] ability: Iron Barbs|[of] p1b: Ferrothorn\n|-activate|p1b: Ferrothorn|confusion\n|move|p1b: Ferrothorn|Leech Seed|p2a: Golduck|[miss]\n|-miss|p1b: Ferrothorn|p2a: Golduck\n|\n|-heal|p2a: Golduck|52\/100|[from] item: Leftovers\n|-heal|p1b: Ferrothorn|46\/100|[from] item: Leftovers\n|upkeep\n|turn|14\n|inactive|LowksterP has 30 seconds left.\n|\n|t:|1698361450\n|-curestatus|p1a: Grimmsnarl|slp|[msg]\n|move|p1a: Grimmsnarl|Reflect|p1a: Grimmsnarl\n|-sidestart|p1: Dirtyd2oh9|Reflect\n|move|p2a: Golduck|Muddy Water|p1a: Grimmsnarl|[spread] p1a,p1b\n|-crit|p1a: Grimmsnarl\n|-resisted|p1b: Ferrothorn\n|-damage|p1a: Grimmsnarl|0 fnt\n|-damage|p1b: Ferrothorn|28\/100\n|faint|p1a: Grimmsnarl\n|move|p2b: Primeape|Dynamic Punch|p1b: Ferrothorn\n|-supereffective|p1b: Ferrothorn\n|-damage|p1b: Ferrothorn|2\/100\n|-damage|p2b: Primeape|76\/100|[from] ability: Iron Barbs|[of] p1b: Ferrothorn\n|-activate|p1b: Ferrothorn|confusion\n|move|p1b: Ferrothorn|Leech Seed|p2a: Golduck\n|-start|p2a: Golduck|move: Leech Seed\n|\n|-heal|p2a: Golduck|58\/100|[from] item: Leftovers\n|-heal|p1b: Ferrothorn|8\/100|[from] item: Leftovers\n|-damage|p2a: Golduck|46\/100|[from] Leech Seed|[of] p1b: Ferrothorn\n|-heal|p1b: Ferrothorn|19\/100|[silent]\n|upkeep\n|turn|15\n|\n|t:|1698361473\n|move|p2a: Golduck|Muddy Water|p1b: Ferrothorn\n|-resisted|p1b: Ferrothorn\n|-damage|p1b: Ferrothorn|0 fnt\n|faint|p1b: Ferrothorn\n|\n|win|LowksterP\n|raw|Dirtyd2oh9's rating: 1232 &rarr; <strong>1199<\/strong><br \/>(-33 for losing)\n|raw|LowksterP's rating: 1110 &rarr; <strong>1143<\/strong><br \/>(+33 for winning)\n|l|\u2606Dirtyd2oh9\n","uploadtime":1698361478,"views":10,"p1id":"dirtyd2oh9","p2id":"lowksterp","formatid":"gen9nationaldexdoubles","rating":1143,"private":0,"password":""}