{"id":"gen9nationaldexdoubles-1973092475","p1":"epicbibor","p2":"DONT BE MAD LOOZER","format":"[Gen 9] National Dex Doubles","log":"|j|\u2606epicbibor\n|j|\u2606DONT BE MAD LOOZER\n|t:|1697926741\n|gametype|doubles\n|player|p1|epicbibor|dawn-gen4pt|1054\n|player|p2|DONT BE MAD LOOZER|camper|1000\n|teamsize|p1|6\n|teamsize|p2|6\n|gen|9\n|tier|[Gen 9] National Dex Doubles\n|rated|\n|rule|HP Percentage Mod: HP is shown in percentages\n|rule|Endless Battle Clause: Forcing endless battles is banned\n|rule|OHKO Clause: OHKO moves are banned\n|rule|Evasion Moves Clause: Evasion moves are banned\n|rule|Evasion Abilities Clause: Evasion abilities are banned\n|rule|Species Clause: Limit one of each Pok\u00e9mon\n|rule|Gravity Sleep Clause: The combination of sleep-inducing moves with imperfect accuracy and Gravity or Gigantamax Orbeetle are banned\n|clearpoke\n|poke|p1|Vaporeon, M|\n|poke|p1|Omastar, M|\n|poke|p1|Tyranitar, M|\n|poke|p1|Shuckle, F|\n|poke|p1|Hatterene, F|\n|poke|p1|Gallade, M|\n|poke|p2|Indeedee, M|\n|poke|p2|Regieleki|\n|poke|p2|Meowscarada, M|\n|poke|p2|Spectrier|\n|poke|p2|Murkrow, F|\n|poke|p2|Shuckle, M|\n|teampreview\n|inactive|Battle timer is ON: inactive players will automatically lose when time's up. (requested by epicbibor)\n|\n|t:|1697926763\n|start\n|switch|p1a: Tyranitar|Tyranitar, M|100\/100\n|switch|p1b: Shuckle|Shuckle, F|100\/100\n|switch|p2a: Murkrow|Murkrow, F|100\/100\n|switch|p2b: Shuckle|Shuckle, M|100\/100\n|-weather|Sandstorm|[from] ability: Sand Stream|[of] p1a: Tyranitar\n|turn|1\n|\n|t:|1697926776\n|detailschange|p1a: Tyranitar|Tyranitar-Mega, M\n|-mega|p1a: Tyranitar|Tyranitar|Tyranitarite\n|move|p2a: Murkrow|Taunt|p1b: Shuckle\n|-start|p1b: Shuckle|move: Taunt\n|move|p1a: Tyranitar|Dragon Dance|p1a: Tyranitar\n|-boost|p1a: Tyranitar|atk|1\n|-boost|p1a: Tyranitar|spe|1\n|cant|p1b: Shuckle|move: Taunt|Sticky Web\n|move|p2b: Shuckle|Toxic|p1a: Tyranitar\n|-status|p1a: Tyranitar|tox\n|\n|-weather|Sandstorm|[upkeep]\n|-damage|p2a: Murkrow|94\/100|[from] Sandstorm\n|-damage|p1a: Tyranitar|94\/100 tox|[from] psn\n|upkeep\n|turn|2\n|\n|t:|1697926794\n|move|p2a: Murkrow|Haze|p2a: Murkrow\n|-clearallboost\n|move|p1a: Tyranitar|Stone Edge|p2a: Murkrow\n|-supereffective|p2a: Murkrow\n|-crit|p2a: Murkrow\n|-damage|p2a: Murkrow|0 fnt\n|faint|p2a: Murkrow\n|move|p2b: Shuckle|Stealth Rock|p1a: Tyranitar\n|-sidestart|p1: epicbibor|move: Stealth Rock\n|move|p1b: Shuckle|Mud-Slap|p2b: Shuckle\n|-damage|p2b: Shuckle|99\/100\n|-unboost|p2b: Shuckle|accuracy|1\n|\n|-weather|Sandstorm|[upkeep]\n|-damage|p1a: Tyranitar|82\/100 tox|[from] psn\n|upkeep\n|\n|t:|1697926814\n|switch|p2a: Regieleki|Regieleki|100\/100\n|turn|3\n|\n|t:|1697926843\n|switch|p2b: Meowscarada|Meowscarada, M|100\/100\n|-terastallize|p1b: Shuckle|Flying\n|move|p2a: Regieleki|Electro Ball|p1b: Shuckle\n|-supereffective|p1b: Shuckle\n|-ability|p1b: Shuckle|Sturdy\n|-damage|p1b: Shuckle|1\/100\n|move|p1a: Tyranitar|Earthquake|p2a: Regieleki|[spread] p2a,p2b\n|-immune|p1b: Shuckle\n|-supereffective|p2a: Regieleki\n|-resisted|p2b: Meowscarada\n|-enditem|p2a: Regieleki|Focus Sash\n|-damage|p2a: Regieleki|1\/100\n|-damage|p2b: Meowscarada|77\/100\n|move|p1b: Shuckle|Mud-Slap|p2a: Regieleki\n|-supereffective|p2a: Regieleki\n|-damage|p2a: Regieleki|0 fnt\n|faint|p2a: Regieleki\n|\n|-weather|Sandstorm|[upkeep]\n|-damage|p2b: Meowscarada|71\/100|[from] Sandstorm\n|-damage|p1b: Shuckle|0 fnt|[from] Sandstorm\n|faint|p1b: Shuckle\n|-damage|p1a: Tyranitar|64\/100 tox|[from] psn\n|upkeep\n|\n|t:|1697926872\n|switch|p2a: Indeedee|Indeedee, M|100\/100\n|switch|p1b: Gallade|Gallade, M|100\/100\n|-fieldstart|move: Psychic Terrain|[from] ability: Psychic Surge|[of] p2a: Indeedee\n|-damage|p1b: Gallade|94\/100|[from] Stealth Rock\n|turn|4\n|\n|t:|1697926889\n|-terastallize|p2a: Indeedee|Psychic\n|move|p2b: Meowscarada|Flower Trick|p1a: Tyranitar\n|-start|p2b: Meowscarada|typechange|Grass|[from] ability: Protean\n|-supereffective|p1a: Tyranitar\n|-crit|p1a: Tyranitar\n|-damage|p1a: Tyranitar|4\/100 tox\n|move|p2a: Indeedee|Expanding Force|p1a: Tyranitar|[spread] p1b\n|-immune|p1a: Tyranitar\n|-damage|p1b: Gallade|38\/100\n|move|p1a: Tyranitar|Dragon Dance|p1a: Tyranitar\n|-boost|p1a: Tyranitar|atk|1\n|-boost|p1a: Tyranitar|spe|1\n|move|p1b: Gallade|Drain Punch|p2b: Meowscarada\n|-damage|p2b: Meowscarada|20\/100\n|-heal|p1b: Gallade|63\/100|[from] drain|[of] p2b: Meowscarada\n|\n|-weather|Sandstorm|[upkeep]\n|-damage|p2b: Meowscarada|14\/100|[from] Sandstorm\n|-damage|p2a: Indeedee|94\/100|[from] Sandstorm\n|-damage|p1b: Gallade|57\/100|[from] Sandstorm\n|-damage|p1a: Tyranitar|0 fnt|[from] psn\n|faint|p1a: Tyranitar\n|upkeep\n|\n|t:|1697926909\n|switch|p1a: Hatterene|Hatterene, F|100\/100\n|-damage|p1a: Hatterene|88\/100|[from] Stealth Rock\n|turn|5\n|\n|t:|1697926936\n|move|p2b: Meowscarada|Flower Trick|p1a: Hatterene\n|-crit|p1a: Hatterene\n|-damage|p1a: Hatterene|31\/100\n|-enditem|p1a: Hatterene|Sitrus Berry|[eat]\n|-heal|p1a: Hatterene|56\/100|[from] item: Sitrus Berry\n|move|p2a: Indeedee|Expanding Force|p1b: Gallade|[spread] p1a,p1b\n|-resisted|p1a: Hatterene\n|-damage|p1a: Hatterene|21\/100\n|-damage|p1b: Gallade|1\/100\n|move|p1b: Gallade|Drain Punch|p2b: Meowscarada\n|-damage|p2b: Meowscarada|0 fnt\n|-heal|p1b: Gallade|8\/100|[from] drain|[of] p2b: Meowscarada\n|faint|p2b: Meowscarada\n|move|p1a: Hatterene|Heal Pulse|p1b: Gallade\n|-heal|p1b: Gallade|58\/100\n|\n|-weather|none\n|upkeep\n|inactive|DONT BE MAD LOOZER has 120 seconds left.\n|\n|t:|1697926947\n|switch|p2b: Spectrier|Spectrier|100\/100\n|turn|6\n|\n|t:|1697926963\n|move|p2a: Indeedee|Expanding Force|p1a: Hatterene|[spread] p1a,p1b\n|-resisted|p1a: Hatterene\n|-crit|p1b: Gallade\n|-damage|p1a: Hatterene|0 fnt\n|-damage|p1b: Gallade|0 fnt\n|faint|p1a: Hatterene\n|faint|p1b: Gallade\n|move|p2b: Spectrier|Shadow Ball|p1: Hatterene|[notarget]\n|-fail|p2b: Spectrier\n|\n|upkeep\n|\n|t:|1697926971\n|switch|p1b: Vaporeon|Vaporeon, M|100\/100\n|switch|p1a: Omastar|Omastar, M|100\/100\n|-damage|p1b: Vaporeon|88\/100|[from] Stealth Rock\n|-damage|p1a: Omastar|88\/100|[from] Stealth Rock\n|turn|7\n|\n|t:|1697926995\n|move|p2a: Indeedee|Expanding Force|p1b: Vaporeon|[spread] p1a,p1b\n|-damage|p1a: Omastar|0 fnt\n|-damage|p1b: Vaporeon|36\/100\n|faint|p1a: Omastar\n|move|p2b: Spectrier|Psychic|p1b: Vaporeon\n|-damage|p1b: Vaporeon|0 fnt\n|faint|p1b: Vaporeon\n|\n|win|DONT BE MAD LOOZER\n|raw|epicbibor's rating: 1054 &rarr; <strong>1033<\/strong><br \/>(-21 for losing)\n|raw|DONT BE MAD LOOZER's rating: 1000 &rarr; <strong>1046<\/strong><br \/>(+46 for winning)\n","uploadtime":1697926999,"views":9,"p1id":"epicbibor","p2id":"dontbemadloozer","formatid":"gen9nationaldexdoubles","rating":1033,"private":0,"password":""}