{"id":"gen9nationaldexdoubles-1993004565","p1":"zeref203","p2":"Blonking","format":"[Gen 9] National Dex Doubles","log":"|j|\u2606zeref203\n|j|\u2606Blonking\n|t:|1700254630\n|gametype|doubles\n|player|p1|zeref203|102|1186\n|player|p2|Blonking|265|1133\n|teamsize|p1|6\n|teamsize|p2|6\n|gen|9\n|tier|[Gen 9] National Dex Doubles\n|rated|\n|rule|HP Percentage Mod: HP is shown in percentages\n|rule|Endless Battle Clause: Forcing endless battles is banned\n|rule|OHKO Clause: OHKO moves are banned\n|rule|Evasion Moves Clause: Evasion moves are banned\n|rule|Evasion Abilities Clause: Evasion abilities are banned\n|rule|Species Clause: Limit one of each Pok\u00e9mon\n|rule|Gravity Sleep Clause: The combination of sleep-inducing moves with imperfect accuracy and Gravity or Gigantamax Orbeetle are banned\n|clearpoke\n|poke|p1|Feraligatr, F|\n|poke|p1|Krookodile, F|\n|poke|p1|Sandaconda, M|\n|poke|p1|Iron Valiant|\n|poke|p1|Medicham, F|\n|poke|p1|Buzzwole|\n|poke|p2|Gardevoir, F|\n|poke|p2|Indeedee-F, F|\n|poke|p2|Dudunsparce-*, F|\n|poke|p2|Maushold|\n|poke|p2|Alakazam, F|\n|poke|p2|Tapu Lele|\n|teampreview\n|inactive|Battle timer is ON: inactive players will automatically lose when time's up. (requested by zeref203)\n|inactive|Blonking also wants the timer to be on.\n|\n|t:|1700254648\n|start\n|switch|p1a: Medicham|Medicham, F|100\/100\n|switch|p1b: Boa|Sandaconda, M|100\/100\n|switch|p2a: Maushold|Maushold|100\/100\n|switch|p2b: Dudunsparce|Dudunsparce, F|100\/100\n|turn|1\n|\n|t:|1700254669\n|detailschange|p1a: Medicham|Medicham-Mega, F\n|-mega|p1a: Medicham|Medicham|Medichamite\n|move|p2a: Maushold|Protect|p2a: Maushold\n|-singleturn|p2a: Maushold|Protect\n|move|p2b: Dudunsparce|Protect|p2b: Dudunsparce\n|-singleturn|p2b: Dudunsparce|Protect\n|move|p1a: Medicham|Fake Out|p2a: Maushold\n|-activate|p2a: Maushold|move: Protect\n|move|p1b: Boa|Stealth Rock|p2b: Dudunsparce\n|-sidestart|p2: Blonking|move: Stealth Rock\n|\n|upkeep\n|turn|2\n|\n|t:|1700254685\n|-terastallize|p2b: Dudunsparce|Ghost\n|move|p2a: Maushold|Beat Up|p2b: Dudunsparce\n|-supereffective|p2b: Dudunsparce\n|-damage|p2b: Dudunsparce|98\/100\n|-ability|p2b: Dudunsparce|Rattled|boost\n|-boost|p2b: Dudunsparce|spe|1\n|-enditem|p2b: Dudunsparce|Weakness Policy\n|-boost|p2b: Dudunsparce|atk|2|[from] item: Weakness Policy\n|-boost|p2b: Dudunsparce|spa|2|[from] item: Weakness Policy\n|-supereffective|p2b: Dudunsparce\n|-damage|p2b: Dudunsparce|94\/100\n|-ability|p2b: Dudunsparce|Rattled|boost\n|-boost|p2b: Dudunsparce|spe|1\n|-supereffective|p2b: Dudunsparce\n|-damage|p2b: Dudunsparce|91\/100\n|-ability|p2b: Dudunsparce|Rattled|boost\n|-boost|p2b: Dudunsparce|spe|1\n|-supereffective|p2b: Dudunsparce\n|-damage|p2b: Dudunsparce|89\/100\n|-ability|p2b: Dudunsparce|Rattled|boost\n|-boost|p2b: Dudunsparce|spe|1\n|-supereffective|p2b: Dudunsparce\n|-damage|p2b: Dudunsparce|86\/100\n|-ability|p2b: Dudunsparce|Rattled|boost\n|-boost|p2b: Dudunsparce|spe|1\n|-supereffective|p2b: Dudunsparce\n|-damage|p2b: Dudunsparce|83\/100\n|-ability|p2b: Dudunsparce|Rattled|boost\n|-boost|p2b: Dudunsparce|spe|1\n|-hitcount|p2b: Dudunsparce|6\n|move|p2b: Dudunsparce|Baton Pass|p2b: Dudunsparce\n|\n|t:|1700254689\n|switch|p2b: Gardevoir|Gardevoir, F|100\/100|[from] Baton Pass\n|-damage|p2b: Gardevoir|88\/100|[from] Stealth Rock\n|move|p1a: Medicham|Drain Punch|p2b: Gardevoir\n|-resisted|p2b: Gardevoir\n|-damage|p2b: Gardevoir|68\/100\n|move|p1b: Boa|Scale Shot|p2a: Maushold|[miss]\n|-miss|p1b: Boa|p2a: Maushold\n|\n|upkeep\n|turn|3\n|\n|t:|1700254705\n|switch|p2a: Indeedee|Indeedee-F, F|100\/100\n|-damage|p2a: Indeedee|88\/100|[from] Stealth Rock\n|-fieldstart|move: Psychic Terrain|[from] ability: Psychic Surge|[of] p2a: Indeedee\n|detailschange|p2b: Gardevoir|Gardevoir-Mega, F\n|-mega|p2b: Gardevoir|Gardevoir|Gardevoirite\n|move|p1a: Medicham|Bullet Punch|p2b: Gardevoir\n|-activate|p2b: Gardevoir|move: Psychic Terrain\n|move|p2b: Gardevoir|Expanding Force|p1b: Boa|[spread] p1a,p1b\n|-damage|p1a: Medicham|0 fnt\n|-damage|p1b: Boa|0 fnt\n|-weather|Sandstorm|[from] ability: Sand Spit|[of] p1b: Boa\n|faint|p1a: Medicham\n|faint|p1b: Boa\n|\n|-weather|Sandstorm|[upkeep]\n|-damage|p2b: Gardevoir|62\/100|[from] Sandstorm\n|-damage|p2a: Indeedee|82\/100|[from] Sandstorm\n|upkeep\n|c|\u2606Blonking|Hehe boi\n|\n|t:|1700254722\n|switch|p1a: Flawda man|Iron Valiant|100\/100\n|switch|p1b: Mosquibro|Buzzwole|100\/100\n|-enditem|p1a: Flawda man|Booster Energy\n|-activate|p1a: Flawda man|ability: Quark Drive|[fromitem]\n|-start|p1a: Flawda man|quarkdrivespe\n|turn|4\n|\n|t:|1700254733\n|move|p1a: Flawda man|Wide Guard|p1a: Flawda man\n|-singleturn|p1a: Flawda man|Wide Guard\n|move|p2b: Gardevoir|Expanding Force|p1b: Mosquibro|[spread] \n|-activate|p1a: Flawda man|move: Wide Guard\n|-activate|p1b: Mosquibro|move: Wide Guard\n|move|p2a: Indeedee|Psych Up|p2b: Gardevoir\n|-copyboost|p2a: Indeedee|p2b: Gardevoir|[from] move: Psych Up\n|move|p1b: Mosquibro|Poison Jab|p2b: Gardevoir\n|-supereffective|p2b: Gardevoir\n|-damage|p2b: Gardevoir|0 fnt\n|faint|p2b: Gardevoir\n|-ability|p1b: Mosquibro|Beast Boost|boost\n|-boost|p1b: Mosquibro|atk|1\n|\n|-weather|Sandstorm|[upkeep]\n|-damage|p2a: Indeedee|76\/100|[from] Sandstorm\n|-damage|p1a: Flawda man|94\/100|[from] Sandstorm\n|-damage|p1b: Mosquibro|94\/100|[from] Sandstorm\n|upkeep\n|\n|t:|1700254742\n|switch|p2b: Tapu Lele|Tapu Lele|100\/100\n|-damage|p2b: Tapu Lele|88\/100|[from] Stealth Rock\n|turn|5\n|\n|t:|1700254756\n|move|p1a: Flawda man|Wide Guard|p1a: Flawda man\n|-singleturn|p1a: Flawda man|Wide Guard\n|move|p2b: Tapu Lele|Ally Switch|p2b: Tapu Lele\n|swap|p2b: Tapu Lele|0|[from] move: Ally Switch\n|move|p2b: Indeedee|Expanding Force|p1b: Mosquibro|[spread] \n|-activate|p1a: Flawda man|move: Wide Guard\n|-activate|p1b: Mosquibro|move: Wide Guard\n|move|p1b: Mosquibro|Leech Life|p2a: Tapu Lele\n|-damage|p2a: Tapu Lele|4\/100\n|-heal|p1b: Mosquibro|100\/100|[from] drain|[of] p2a: Tapu Lele\n|\n|-weather|Sandstorm|[upkeep]\n|-damage|p2b: Indeedee|70\/100|[from] Sandstorm\n|-damage|p1a: Flawda man|88\/100|[from] Sandstorm\n|-damage|p2a: Tapu Lele|0 fnt|[from] Sandstorm\n|-damage|p1b: Mosquibro|94\/100|[from] Sandstorm\n|faint|p2a: Tapu Lele\n|upkeep\n|-message|Blonking forfeited.\n|\n|win|zeref203\n|raw|zeref203's rating: 1186 &rarr; <strong>1207<\/strong><br \/>(+21 for winning)\n|raw|Blonking's rating: 1133 &rarr; <strong>1112<\/strong><br \/>(-21 for losing)\n|l|\u2606Blonking\n","uploadtime":1700254822,"views":23,"p1id":"zeref203","p2id":"blonking","formatid":"gen9nationaldexdoubles","rating":1112,"private":0,"password":""}