{"id":"gen9nationaldexdoubles-1996644402","p1":"mrcalico","p2":"Fegufegu","format":"[Gen 9] National Dex Doubles","log":"|j|\u2606mrcalico\n|j|\u2606Fegufegu\n|t:|1700704462\n|gametype|doubles\n|player|p1|mrcalico|alec-anime|1081\n|player|p2|Fegufegu|iris-gen5bw2|1000\n|teamsize|p1|6\n|teamsize|p2|6\n|gen|9\n|tier|[Gen 9] National Dex Doubles\n|rated|\n|rule|HP Percentage Mod: HP is shown in percentages\n|rule|Endless Battle Clause: Forcing endless battles is banned\n|rule|OHKO Clause: OHKO moves are banned\n|rule|Evasion Moves Clause: Evasion moves are banned\n|rule|Evasion Abilities Clause: Evasion abilities are banned\n|rule|Species Clause: Limit one of each Pok\u00e9mon\n|rule|Gravity Sleep Clause: The combination of sleep-inducing moves with imperfect accuracy and Gravity or Gigantamax Orbeetle are banned\n|clearpoke\n|poke|p1|Sinistcha|\n|poke|p1|Marowak-Alola, M|\n|poke|p1|Cresselia, F|\n|poke|p1|Gastrodon, F|\n|poke|p1|Tatsugiri, L80, M|\n|poke|p1|Kingambit, M|\n|poke|p2|Sableye, F|\n|poke|p2|Sinistcha-Masterpiece|\n|poke|p2|Hatterene, F|\n|poke|p2|Kingambit, F|\n|poke|p2|Ursaluna, M|\n|poke|p2|Dunsparce, F|\n|teampreview\n|inactive|Battle timer is ON: inactive players will automatically lose when time's up. (requested by mrcalico)\n|\n|t:|1700704482\n|start\n|switch|p1a: Marowak|Marowak-Alola, M|100\/100\n|switch|p1b: Kingambit|Kingambit, M|100\/100\n|switch|p2a: Sableye|Sableye, F|100\/100\n|switch|p2b: Hatterene|Hatterene, F|100\/100\n|turn|1\n|inactive|Fegufegu has 120 seconds left.\n|\n|t:|1700704530\n|move|p2a: Sableye|Fake Out|p1b: Kingambit\n|-resisted|p1b: Kingambit\n|-damage|p1b: Kingambit|98\/100\n|cant|p1b: Kingambit|flinch\n|move|p1a: Marowak|Swords Dance|p1a: Marowak\n|-boost|p1a: Marowak|atk|2\n|move|p2b: Hatterene|Mystical Fire|p1b: Kingambit\n|-supereffective|p1b: Kingambit\n|-damage|p1b: Kingambit|41\/100\n|-unboost|p1b: Kingambit|spa|1\n|\n|upkeep\n|turn|2\n|inactive|Fegufegu has 120 seconds left.\n|inactive|mrcalico has 120 seconds left.\n|inactive|Fegufegu has 90 seconds left.\n|\n|t:|1700704576\n|switch|p2b: Dunsparce|Dunsparce, F|100\/100\n|move|p2a: Sableye|Toxic|p1a: Marowak\n|-status|p1a: Marowak|tox\n|move|p1b: Kingambit|Iron Head|p2b: Dunsparce\n|-damage|p2b: Dunsparce|54\/100\n|-damage|p1b: Kingambit|31\/100|[from] item: Life Orb\n|move|p1a: Marowak|Shadow Bone|p2a: Sableye\n|-damage|p2a: Sableye|0 fnt\n|faint|p2a: Sableye\n|\n|-damage|p1a: Marowak|94\/100 tox|[from] psn\n|upkeep\n|\n|t:|1700704594\n|switch|p2a: Sinistcha|Sinistcha-Masterpiece|100\/100\n|-heal|p2b: Dunsparce|79\/100|[from] ability: Hospitality|[of] p2a: Sinistcha\n|turn|3\n|inactive|Fegufegu has 90 seconds left.\n|\n|t:|1700704619\n|move|p2a: Sinistcha|Rage Powder|p2a: Sinistcha\n|-singleturn|p2a: Sinistcha|move: Rage Powder\n|move|p1b: Kingambit|Swords Dance|p1b: Kingambit\n|-boost|p1b: Kingambit|atk|2\n|move|p2b: Dunsparce|Coil|p2b: Dunsparce\n|-boost|p2b: Dunsparce|atk|1\n|-boost|p2b: Dunsparce|def|1\n|-boost|p2b: Dunsparce|accuracy|1\n|move|p1a: Marowak|Shadow Bone|p2a: Sinistcha\n|-supereffective|p2a: Sinistcha\n|-damage|p2a: Sinistcha|0 fnt\n|faint|p2a: Sinistcha\n|\n|-damage|p1a: Marowak|82\/100 tox|[from] psn\n|upkeep\n|\n|t:|1700704639\n|switch|p2a: Ursaluna|Ursaluna, M|100\/100\n|turn|4\n|\n|t:|1700704657\n|move|p2a: Ursaluna|Drain Punch|p1b: Kingambit\n|-supereffective|p1b: Kingambit\n|-damage|p1b: Kingambit|0 fnt\n|faint|p1b: Kingambit\n|-end|p1b: Kingambit|fallenundefined|[silent]\n|move|p2b: Dunsparce|Rock Slide|p1a: Marowak\n|-supereffective|p1a: Marowak\n|-damage|p1a: Marowak|46\/100 tox\n|cant|p1a: Marowak|flinch\n|\n|-damage|p1a: Marowak|28\/100 tox|[from] psn\n|-status|p2a: Ursaluna|brn|[from] item: Flame Orb\n|upkeep\n|\n|t:|1700704668\n|switch|p1b: Sinistcha|Sinistcha|100\/100\n|-heal|p1a: Marowak|53\/100 tox|[from] ability: Hospitality|[of] p1b: Sinistcha\n|turn|5\n|inactive|Fegufegu has 90 seconds left.\n|\n|t:|1700704692\n|switch|p2a: Hatterene|Hatterene, F|100\/100\n|move|p1b: Sinistcha|Strength Sap|p2a: Hatterene\n|move|p2a: Hatterene|Strength Sap|p1b: Sinistcha|[from]ability: Magic Bounce\n|-unboost|p1b: Sinistcha|atk|1\n|move|p2b: Dunsparce|Rock Slide|p1b: Sinistcha|[spread] p1a,p1b\n|-supereffective|p1a: Marowak\n|-damage|p1a: Marowak|24\/100 tox\n|-damage|p1b: Sinistcha|91\/100\n|cant|p1a: Marowak|flinch\n|\n|-heal|p1b: Sinistcha|97\/100|[from] item: Leftovers\n|-damage|p1a: Marowak|0 fnt|[from] psn\n|faint|p1a: Marowak\n|upkeep\n|\n|t:|1700704703\n|switch|p1a: Cresselia|Cresselia, F|100\/100\n|turn|6\n|inactive|Fegufegu has 90 seconds left.\n|\n|t:|1700704736\n|move|p1b: Sinistcha|Rage Powder|p1b: Sinistcha\n|-singleturn|p1b: Sinistcha|move: Rage Powder\n|move|p1a: Cresselia|Toxic|p2b: Dunsparce\n|-status|p2b: Dunsparce|tox\n|move|p2b: Dunsparce|Rock Slide|p1a: Cresselia|[spread] p1a,p1b\n|-damage|p1a: Cresselia|90\/100\n|-damage|p1b: Sinistcha|86\/100\n|move|p2a: Hatterene|Trick Room|p2a: Hatterene\n|-fieldstart|move: Trick Room|[of] p2a: Hatterene\n|\n|-heal|p1a: Cresselia|96\/100|[from] item: Leftovers\n|-heal|p1b: Sinistcha|92\/100|[from] item: Leftovers\n|-damage|p2b: Dunsparce|73\/100 tox|[from] psn\n|upkeep\n|turn|7\n|inactive|mrcalico has 120 seconds left.\n|inactive|mrcalico has 90 seconds left.\n|inactive|mrcalico has 60 seconds left.\n|inactive|mrcalico has 30 seconds left.\n|\n|t:|1700704858\n|move|p2a: Hatterene|Mystical Fire|p1b: Sinistcha\n|-supereffective|p1b: Sinistcha\n|-damage|p1b: Sinistcha|24\/100\n|-unboost|p1b: Sinistcha|spa|1\n|move|p2b: Dunsparce|Rock Slide|p1a: Cresselia|[spread] p1a,p1b\n|-damage|p1a: Cresselia|86\/100\n|-damage|p1b: Sinistcha|14\/100\n|cant|p1a: Cresselia|flinch\n|move|p1b: Sinistcha|Trick Room|p1b: Sinistcha\n|-fieldend|move: Trick Room\n|\n|-heal|p1b: Sinistcha|20\/100|[from] item: Leftovers\n|-heal|p1a: Cresselia|92\/100|[from] item: Leftovers\n|-damage|p2b: Dunsparce|61\/100 tox|[from] psn\n|upkeep\n|turn|8\n|inactive|mrcalico has 30 seconds left.\n|inactive|Fegufegu has 90 seconds left.\n|\n|t:|1700704903\n|switch|p2b: Ursaluna|Ursaluna, M|100\/100 brn\n|move|p1b: Sinistcha|Strength Sap|p2b: Ursaluna\n|-unboost|p2b: Ursaluna|atk|1\n|-heal|p1b: Sinistcha|100\/100\n|move|p1a: Cresselia|Moonblast|p2a: Hatterene\n|-damage|p2a: Hatterene|83\/100\n|-unboost|p2a: Hatterene|spa|1\n|move|p2a: Hatterene|Mystical Fire|p1b: Sinistcha\n|-supereffective|p1b: Sinistcha\n|-damage|p1b: Sinistcha|53\/100\n|-unboost|p1b: Sinistcha|spa|1\n|\n|-heal|p1b: Sinistcha|59\/100|[from] item: Leftovers\n|-heal|p1a: Cresselia|98\/100|[from] item: Leftovers\n|-damage|p2b: Ursaluna|94\/100 brn|[from] brn\n|upkeep\n|turn|9\n|inactive|Fegufegu has 90 seconds left.\n|\n|t:|1700704942\n|switch|p2b: Kingambit|Kingambit, F|100\/100\n|-activate|p2b: Kingambit|ability: Supreme Overlord\n|-start|p2b: Kingambit|fallen2|[silent]\n|move|p1b: Sinistcha|Strength Sap|p2b: Kingambit\n|-unboost|p2b: Kingambit|atk|1\n|-heal|p1b: Sinistcha|100\/100\n|move|p1a: Cresselia|Moonblast|p2b: Kingambit\n|-damage|p2b: Kingambit|85\/100\n|move|p2a: Hatterene|Mystical Fire|p1a: Cresselia\n|-damage|p1a: Cresselia|89\/100\n|-unboost|p1a: Cresselia|spa|1\n|\n|-heal|p1a: Cresselia|95\/100|[from] item: Leftovers\n|upkeep\n|turn|10\n|inactive|mrcalico has 60 seconds left.\n|inactive|Fegufegu has 90 seconds left.\n|\n|t:|1700704975\n|switch|p1b: Tatsugiri|Tatsugiri, L80, M|100\/100\n|switch|p1a: Gastrodon|Gastrodon, F|100\/100\n|move|p2b: Kingambit|Kowtow Cleave|p1b: Tatsugiri\n|-damage|p1b: Tatsugiri|7\/100\n|move|p2a: Hatterene|Mystical Fire|p1a: Gastrodon\n|-resisted|p1a: Gastrodon\n|-damage|p1a: Gastrodon|94\/100\n|-unboost|p1a: Gastrodon|spa|1\n|\n|-heal|p1a: Gastrodon|99\/100|[from] item: Leftovers\n|upkeep\n|turn|11\n|inactive|mrcalico has 60 seconds left.\n|\n|t:|1700704996\n|-end|p2b: Kingambit|fallen2|[silent]\n|switch|p2b: Dunsparce|Dunsparce, F|61\/100 tox\n|move|p1b: Tatsugiri|Surf|p2a: Hatterene|[spread] p2a,p2b\n|-ability|p1a: Gastrodon|Storm Drain|boost\n|-boost|p1a: Gastrodon|spa|1\n|-damage|p2a: Hatterene|46\/100\n|-damage|p2b: Dunsparce|41\/100 tox\n|move|p1a: Gastrodon|Surf|p2a: Hatterene|[spread] p2a,p2b\n|-ability|p1b: Tatsugiri|Storm Drain|boost\n|-boost|p1b: Tatsugiri|spa|1\n|-damage|p2a: Hatterene|23\/100\n|-damage|p2b: Dunsparce|29\/100 tox\n|move|p2a: Hatterene|Trick Room|p2a: Hatterene\n|-fieldstart|move: Trick Room|[of] p2a: Hatterene\n|\n|-heal|p1a: Gastrodon|100\/100|[from] item: Leftovers\n|-damage|p2b: Dunsparce|23\/100 tox|[from] psn\n|upkeep\n|turn|12\n|inactive|Fegufegu has 90 seconds left.\n|\n|t:|1700705023\n|move|p1a: Gastrodon|Surf|p2b: Dunsparce|[spread] p2a,p2b\n|-ability|p1b: Tatsugiri|Storm Drain|boost\n|-boost|p1b: Tatsugiri|spa|1\n|-damage|p2a: Hatterene|2\/100\n|-damage|p2b: Dunsparce|12\/100 tox\n|move|p2a: Hatterene|Psyshock|p1b: Tatsugiri\n|-damage|p1b: Tatsugiri|0 fnt\n|faint|p1b: Tatsugiri\n|move|p2b: Dunsparce|Headbutt|p1a: Gastrodon\n|-damage|p1a: Gastrodon|81\/100\n|\n|-heal|p1a: Gastrodon|87\/100|[from] item: Leftovers\n|-damage|p2b: Dunsparce|0 fnt|[from] psn\n|faint|p2b: Dunsparce\n|upkeep\n|inactive|Fegufegu has 90 seconds left.\n|\n|t:|1700705036\n|switch|p1b: Sinistcha|Sinistcha|100\/100\n|switch|p2b: Kingambit|Kingambit, F|85\/100\n|-activate|p2b: Kingambit|ability: Supreme Overlord\n|-start|p2b: Kingambit|fallen3|[silent]\n|-heal|p1a: Gastrodon|100\/100|[from] ability: Hospitality|[of] p1b: Sinistcha\n|turn|13\n|\n|t:|1700705051\n|-terastallize|p1b: Sinistcha|Water\n|move|p1b: Sinistcha|Rage Powder|p1b: Sinistcha\n|-singleturn|p1b: Sinistcha|move: Rage Powder\n|move|p1a: Gastrodon|Surf|p2a: Hatterene|[spread] p1b,p2a,p2b\n|-resisted|p1b: Sinistcha\n|-damage|p1b: Sinistcha|87\/100\n|-damage|p2a: Hatterene|0 fnt\n|-damage|p2b: Kingambit|66\/100\n|faint|p2a: Hatterene\n|move|p2b: Kingambit|Kowtow Cleave|p1b: Sinistcha\n|-damage|p1b: Sinistcha|45\/100\n|\n|-heal|p1b: Sinistcha|51\/100|[from] item: Leftovers\n|upkeep\n|\n|t:|1700705064\n|switch|p2a: Ursaluna|Ursaluna, M|94\/100 brn\n|turn|14\n|inactive|mrcalico has 120 seconds left.\n|\n|t:|1700705077\n|move|p1a: Gastrodon|Earth Power|p2b: Kingambit\n|-supereffective|p2b: Kingambit\n|-damage|p2b: Kingambit|13\/100\n|move|p2a: Ursaluna|Facade|p1a: Gastrodon\n|-damage|p1a: Gastrodon|0 fnt\n|faint|p1a: Gastrodon\n|move|p2b: Kingambit|Kowtow Cleave|p1b: Sinistcha\n|-damage|p1b: Sinistcha|3\/100\n|move|p1b: Sinistcha|Strength Sap|p2a: Ursaluna\n|-unboost|p2a: Ursaluna|atk|1\n|-heal|p1b: Sinistcha|100\/100\n|\n|-damage|p2a: Ursaluna|88\/100 brn|[from] brn\n|upkeep\n|\n|t:|1700705079\n|switch|p1a: Cresselia|Cresselia, F|95\/100\n|turn|15\n|inactive|Fegufegu has 120 seconds left.\n|\n|t:|1700705106\n|move|p1b: Sinistcha|Rage Powder|p1b: Sinistcha\n|-singleturn|p1b: Sinistcha|move: Rage Powder\n|move|p2a: Ursaluna|Facade|p1b: Sinistcha\n|-damage|p1b: Sinistcha|46\/100\n|move|p2b: Kingambit|Kowtow Cleave|p1b: Sinistcha\n|-damage|p1b: Sinistcha|0 fnt\n|faint|p1b: Sinistcha\n|move|p1a: Cresselia|Moonblast|p2b: Kingambit\n|-damage|p2b: Kingambit|0 fnt\n|faint|p2b: Kingambit\n|-end|p2b: Kingambit|fallen3|[silent]\n|\n|-heal|p1a: Cresselia|100\/100|[from] item: Leftovers\n|-damage|p2a: Ursaluna|82\/100 brn|[from] brn\n|-fieldend|move: Trick Room\n|upkeep\n|turn|16\n|\n|t:|1700705122\n|move|p1a: Cresselia|Moonblast|p2a: Ursaluna\n|-damage|p2a: Ursaluna|67\/100 brn\n|move|p2a: Ursaluna|Swords Dance|p2a: Ursaluna\n|-boost|p2a: Ursaluna|atk|2\n|\n|-damage|p2a: Ursaluna|61\/100 brn|[from] brn\n|upkeep\n|turn|17\n|\n|t:|1700705130\n|move|p1a: Cresselia|Moonblast|p2a: Ursaluna\n|-damage|p2a: Ursaluna|45\/100 brn\n|move|p2a: Ursaluna|Facade|p1a: Cresselia\n|-damage|p1a: Cresselia|0 fnt\n|faint|p1a: Cresselia\n|\n|win|Fegufegu\n|raw|mrcalico's rating: 1081 &rarr; <strong>1054<\/strong><br \/>(-27 for losing)\n|raw|Fegufegu's rating: 1000 &rarr; <strong>1049<\/strong><br \/>(+49 for winning)\n|l|\u2606mrcalico\n","uploadtime":1700705221,"views":1,"p1id":"mrcalico","p2id":"fegufegu","formatid":"gen9nationaldexdoubles","rating":1049,"private":0,"password":""}