{"id":"gen9nationaldexdoubles-1976992895","p1":"LowksterP","p2":"Andres624342","format":"[Gen 9] National Dex Doubles","log":"|j|\u2606LowksterP\n|j|\u2606Andres624342\n|t:|1698359642\n|gametype|doubles\n|player|p1|LowksterP|striker|1026\n|player|p2|Andres624342|101|1060\n|teamsize|p1|6\n|teamsize|p2|6\n|gen|9\n|tier|[Gen 9] National Dex Doubles\n|rated|\n|rule|HP Percentage Mod: HP is shown in percentages\n|rule|Endless Battle Clause: Forcing endless battles is banned\n|rule|OHKO Clause: OHKO moves are banned\n|rule|Evasion Moves Clause: Evasion moves are banned\n|rule|Evasion Abilities Clause: Evasion abilities are banned\n|rule|Species Clause: Limit one of each Pok\u00e9mon\n|rule|Gravity Sleep Clause: The combination of sleep-inducing moves with imperfect accuracy and Gravity or Gigantamax Orbeetle are banned\n|clearpoke\n|poke|p1|Dodrio, M|\n|poke|p1|Golduck, M|\n|poke|p1|Primeape, M|\n|poke|p1|Arcanine, M|\n|poke|p1|Hypno, M|\n|poke|p1|Parasect, M|\n|poke|p2|Gourgeist-*, M|\n|poke|p2|Wigglytuff, M|\n|poke|p2|Vespiquen, F|\n|poke|p2|Farigiraf, F|\n|poke|p2|Lumineon, M|\n|poke|p2|Unfezant, M|\n|teampreview\n|\n|t:|1698359670\n|start\n|switch|p1a: Hypno|Hypno, M, shiny|100\/100\n|switch|p1b: Arcanine|Arcanine, M, shiny|100\/100\n|switch|p2a: Unfezant|Unfezant, M, shiny|100\/100\n|switch|p2b: Farigiraf|Farigiraf, F|100\/100\n|-ability|p1b: Arcanine|Intimidate|boost\n|-unboost|p2a: Unfezant|atk|1\n|-unboost|p2b: Farigiraf|atk|1\n|turn|1\n|\n|t:|1698359699\n|move|p1b: Arcanine|Will-O-Wisp|p2a: Unfezant\n|-status|p2a: Unfezant|brn\n|move|p2a: Unfezant|Feather Dance|p1b: Arcanine\n|-unboost|p1b: Arcanine|atk|2\n|move|p1a: Hypno|Thunder Wave|p2b: Farigiraf\n|-status|p2b: Farigiraf|par\n|cant|p2b: Farigiraf|par\n|\n|-damage|p2a: Unfezant|94\/100 brn|[from] brn\n|upkeep\n|turn|2\n|\n|t:|1698359728\n|switch|p1a: Dodrio|Dodrio, M, shiny|100\/100\n|move|p1b: Arcanine|Mud-Slap|p2b: Farigiraf\n|-damage|p2b: Farigiraf|94\/100 par\n|-unboost|p2b: Farigiraf|accuracy|1\n|move|p2a: Unfezant|Brave Bird|p1a: Dodrio\n|-crit|p1a: Dodrio\n|-damage|p1a: Dodrio|39\/100\n|-damage|p2a: Unfezant|80\/100 brn|[from] Recoil\n|cant|p2b: Farigiraf|par\n|\n|-damage|p2a: Unfezant|74\/100 brn|[from] brn\n|upkeep\n|turn|3\n|\n|t:|1698359758\n|switch|p1a: Golduck|Golduck, M, shiny|100\/100\n|-ability|p1a: Golduck|Cloud Nine\n|move|p1b: Arcanine|Heat Wave|p2b: Farigiraf|[spread] p2a,p2b\n|-damage|p2a: Unfezant|35\/100 brn\n|-damage|p2b: Farigiraf|61\/100 par\n|move|p2a: Unfezant|Feather Dance|p1a: Golduck\n|-unboost|p1a: Golduck|atk|2\n|move|p2b: Farigiraf|Trick Room|p2b: Farigiraf\n|-fieldstart|move: Trick Room|[of] p2b: Farigiraf\n|\n|-damage|p2a: Unfezant|29\/100 brn|[from] brn\n|upkeep\n|turn|4\n|\n|t:|1698359788\n|switch|p2b: Wigglytuff|Wigglytuff, M|100\/100\n|move|p2a: Unfezant|Roost|p2a: Unfezant\n|-heal|p2a: Unfezant|79\/100 brn\n|-singleturn|p2a: Unfezant|move: Roost\n|move|p1a: Golduck|Muddy Water|p2b: Wigglytuff|[spread] p2b\n|-miss|p1a: Golduck|p2a: Unfezant\n|-damage|p2b: Wigglytuff|77\/100\n|move|p1b: Arcanine|Mud-Slap|p2b: Wigglytuff\n|-damage|p2b: Wigglytuff|72\/100\n|-unboost|p2b: Wigglytuff|accuracy|1\n|-ability|p2b: Wigglytuff|Competitive|boost\n|-boost|p2b: Wigglytuff|spa|2\n|\n|-heal|p2b: Wigglytuff|78\/100|[from] item: Leftovers\n|-damage|p2a: Unfezant|73\/100 brn|[from] brn\n|upkeep\n|turn|5\n|\n|t:|1698359833\n|move|p2b: Wigglytuff|Wish|p2b: Wigglytuff\n|move|p2a: Unfezant|Brave Bird|p1b: Arcanine\n|-damage|p1b: Arcanine|81\/100\n|-damage|p2a: Unfezant|67\/100 brn|[from] Recoil\n|move|p1a: Golduck|Clear Smog|p2b: Wigglytuff\n|-supereffective|p2b: Wigglytuff\n|-damage|p2b: Wigglytuff|51\/100\n|-clearboost|p2b: Wigglytuff\n|move|p1b: Arcanine|Heat Wave|p2b: Wigglytuff|[spread] p2a,p2b\n|-damage|p2a: Unfezant|29\/100 brn\n|-damage|p2b: Wigglytuff|22\/100\n|\n|-heal|p2b: Wigglytuff|28\/100|[from] item: Leftovers\n|-heal|p1b: Arcanine|88\/100|[from] item: Leftovers\n|-damage|p2a: Unfezant|23\/100 brn|[from] brn\n|upkeep\n|turn|6\n|\n|t:|1698359866\n|-terastallize|p2b: Wigglytuff|Fire\n|move|p2b: Wigglytuff|Amnesia|p2b: Wigglytuff\n|-boost|p2b: Wigglytuff|spd|2\n|move|p2a: Unfezant|Brave Bird|p1a: Golduck\n|-crit|p1a: Golduck\n|-damage|p1a: Golduck|55\/100\n|-damage|p2a: Unfezant|10\/100 brn|[from] Recoil\n|move|p1a: Golduck|Muddy Water|p2b: Wigglytuff|[spread] p2b\n|-miss|p1a: Golduck|p2a: Unfezant\n|-supereffective|p2b: Wigglytuff\n|-damage|p2b: Wigglytuff|3\/100\n|move|p1b: Arcanine|Heat Wave|p2b: Wigglytuff|[spread] p2a,p2b\n|-resisted|p2b: Wigglytuff\n|-damage|p2a: Unfezant|0 fnt\n|-damage|p2b: Wigglytuff|0 fnt\n|faint|p2a: Unfezant\n|faint|p2b: Wigglytuff\n|\n|-heal|p1a: Golduck|61\/100|[from] item: Leftovers\n|-heal|p1b: Arcanine|94\/100|[from] item: Leftovers\n|upkeep\n|\n|t:|1698359890\n|switch|p2b: Farigiraf|Farigiraf, F|61\/100 par\n|switch|p2a: Lumineon|Lumineon, M|100\/100\n|turn|7\n|\n|t:|1698359912\n|switch|p1b: Parasect|Parasect, M, shiny|100\/100\n|move|p2b: Farigiraf|Hyper Voice|p1a: Golduck|[spread] p1a,p1b\n|-damage|p1a: Golduck|26\/100\n|-damage|p1b: Parasect|63\/100\n|move|p2a: Lumineon|Chilling Water|p1b: Parasect\n|-resisted|p1b: Parasect\n|-damage|p1b: Parasect|55\/100\n|-unboost|p1b: Parasect|atk|1\n|move|p1a: Golduck|Icy Wind|p2b: Farigiraf|[spread] p2b\n|-miss|p1a: Golduck|p2a: Lumineon\n|-damage|p2b: Farigiraf|49\/100 par\n|-unboost|p2b: Farigiraf|spe|1\n|-enditem|p2b: Farigiraf|Sitrus Berry|[eat]\n|-heal|p2b: Farigiraf|73\/100 par|[from] item: Sitrus Berry\n|\n|-heal|p1b: Parasect|62\/100|[from] item: Leftovers\n|-heal|p1a: Golduck|32\/100|[from] item: Leftovers\n|-fieldend|move: Trick Room\n|upkeep\n|turn|8\n|\n|t:|1698359949\n|switch|p1a: Hypno|Hypno, M, shiny|100\/100\n|switch|p2b: Vespiquen|Vespiquen, F|100\/100\n|-ability|p2b: Vespiquen|Pressure\n|move|p2a: Lumineon|Icy Wind|p1a: Hypno|[spread] p1a\n|-miss|p2a: Lumineon|p1b: Parasect\n|-damage|p1a: Hypno|92\/100\n|-unboost|p1a: Hypno|spe|1\n|move|p1b: Parasect|Spore|p2a: Lumineon\n|-status|p2a: Lumineon|slp|[from] move: Spore\n|\n|-heal|p1a: Hypno|98\/100|[from] item: Leftovers\n|-heal|p1b: Parasect|68\/100|[from] item: Leftovers\n|upkeep\n|turn|9\n|\n|t:|1698359971\n|switch|p1b: Arcanine|Arcanine, M, shiny|94\/100\n|-ability|p1b: Arcanine|Intimidate|boost\n|-unboost|p2a: Lumineon|atk|1\n|-unboost|p2b: Vespiquen|atk|1\n|cant|p2a: Lumineon|slp\n|move|p1a: Hypno|Thunder Wave|p2b: Vespiquen\n|-status|p2b: Vespiquen|par\n|cant|p2b: Vespiquen|par\n|\n|-heal|p1b: Arcanine|99\/100|[from] item: Leftovers\n|-heal|p1a: Hypno|100\/100|[from] item: Leftovers\n|upkeep\n|turn|10\n|\n|t:|1698360008\n|switch|p1a: Dodrio|Dodrio, M, shiny|39\/100\n|switch|p2b: Farigiraf|Farigiraf, F|73\/100 par\n|move|p1b: Arcanine|Mud-Slap|p2a: Lumineon\n|-damage|p2a: Lumineon|95\/100 slp\n|-unboost|p2a: Lumineon|accuracy|1\n|cant|p2a: Lumineon|slp\n|\n|-heal|p1b: Arcanine|100\/100|[from] item: Leftovers\n|-heal|p2a: Lumineon|100\/100 slp|[from] item: Leftovers\n|upkeep\n|turn|11\n|\n|t:|1698360028\n|-zpower|p1a: Dodrio\n|move|p1a: Dodrio|Z-Acupressure|p1a: Dodrio|[anim]Acupressure\n|-start|p1a: Dodrio|move: Focus Energy|[zeffect]\n|-boost|p1a: Dodrio|def|2\n|move|p1b: Arcanine|Mud-Slap|p2b: Farigiraf\n|-damage|p2b: Farigiraf|67\/100 par\n|-unboost|p2b: Farigiraf|accuracy|1\n|-curestatus|p2a: Lumineon|slp|[msg]\n|move|p2a: Lumineon|Chilling Water|p1b: Arcanine\n|-supereffective|p1b: Arcanine\n|-damage|p1b: Arcanine|67\/100\n|-unboost|p1b: Arcanine|atk|1\n|move|p2b: Farigiraf|Hyper Voice|p1a: Dodrio|[spread] p1a,p1b\n|-damage|p1a: Dodrio|0 fnt\n|-damage|p1b: Arcanine|25\/100\n|faint|p1a: Dodrio\n|\n|-heal|p1b: Arcanine|32\/100|[from] item: Leftovers\n|upkeep\n|\n|t:|1698360050\n|switch|p1a: Hypno|Hypno, M, shiny|100\/100\n|turn|12\n|\n|t:|1698360064\n|switch|p1b: Parasect|Parasect, M, shiny|68\/100\n|move|p2a: Lumineon|Protect|p2a: Lumineon\n|-singleturn|p2a: Lumineon|Protect\n|move|p1a: Hypno|Thunder Wave|p2a: Lumineon\n|-activate|p2a: Lumineon|move: Protect\n|cant|p2b: Farigiraf|par\n|\n|-heal|p1b: Parasect|74\/100|[from] item: Leftovers\n|upkeep\n|turn|13\n|\n|t:|1698360082\n|switch|p2a: Vespiquen|Vespiquen, F|100\/100 par\n|-ability|p2a: Vespiquen|Pressure\n|switch|p2b: Gourgeist|Gourgeist-Large, M|100\/100\n|move|p1a: Hypno|Nasty Plot|p1a: Hypno\n|-boost|p1a: Hypno|spa|2\n|move|p1b: Parasect|Spore||[still]\n|-fail|p1b: Parasect\n|\n|-heal|p1b: Parasect|80\/100|[from] item: Leftovers\n|upkeep\n|turn|14\n|\n|t:|1698360121\n|move|p2b: Gourgeist|Shadow Sneak|p1a: Hypno\n|-supereffective|p1a: Hypno\n|-damage|p1a: Hypno|62\/100\n|move|p1a: Hypno|Thunder Wave|p2b: Gourgeist\n|-status|p2b: Gourgeist|par\n|move|p1b: Parasect|Leech Seed|p2a: Vespiquen\n|-start|p2a: Vespiquen|move: Leech Seed\n|move|p2a: Vespiquen|Aromatic Mist|p2b: Gourgeist\n|-boost|p2b: Gourgeist|spd|1\n|\n|-heal|p1a: Hypno|68\/100|[from] item: Leftovers\n|-heal|p1b: Parasect|87\/100|[from] item: Leftovers\n|-damage|p2a: Vespiquen|88\/100 par|[from] Leech Seed|[of] p1b: Parasect\n|-heal|p1b: Parasect|100\/100|[silent]\n|upkeep\n|turn|15\n|\n|t:|1698360150\n|switch|p1b: Golduck|Golduck, M, shiny|32\/100\n|-ability|p1b: Golduck|Cloud Nine\n|move|p2a: Vespiquen|Protect|p2a: Vespiquen\n|-singleturn|p2a: Vespiquen|Protect\n|move|p1a: Hypno|Hex|p2b: Gourgeist\n|-supereffective|p2b: Gourgeist\n|-damage|p2b: Gourgeist|1\/100 par\n|move|p2b: Gourgeist|Phantom Force||[still]\n|-prepare|p2b: Gourgeist|Phantom Force\n|\n|-heal|p1b: Golduck|38\/100|[from] item: Leftovers\n|-heal|p1a: Hypno|74\/100|[from] item: Leftovers\n|-heal|p2b: Gourgeist|7\/100 par|[from] item: Leftovers\n|-heal|p2a: Vespiquen|94\/100 par|[from] item: Leftovers\n|-damage|p2a: Vespiquen|82\/100 par|[from] Leech Seed|[of] p1b: Golduck\n|-heal|p1b: Golduck|52\/100|[silent]\n|upkeep\n|turn|16\n|\n|t:|1698360190\n|move|p1b: Golduck|Psych Up|p1a: Hypno\n|-copyboost|p1b: Golduck|p1a: Hypno|[from] move: Psych Up\n|move|p1a: Hypno|Draining Kiss|p2a: Vespiquen\n|-crit|p2a: Vespiquen\n|-damage|p2a: Vespiquen|49\/100 par\n|-heal|p1a: Hypno|100\/100|[from] drain|[of] p2a: Vespiquen\n|cant|p2b: Gourgeist|par\n|cant|p2a: Vespiquen|par\n|\n|-heal|p1b: Golduck|58\/100|[from] item: Leftovers\n|-heal|p2b: Gourgeist|13\/100 par|[from] item: Leftovers\n|-heal|p2a: Vespiquen|56\/100 par|[from] item: Leftovers\n|-damage|p2a: Vespiquen|43\/100 par|[from] Leech Seed|[of] p1b: Golduck\n|-heal|p1b: Golduck|72\/100|[silent]\n|upkeep\n|turn|17\n|\n|t:|1698360223\n|move|p1b: Golduck|Icy Wind|p2a: Vespiquen|[spread] p2a,p2b\n|-supereffective|p2a: Vespiquen\n|-supereffective|p2b: Gourgeist\n|-damage|p2a: Vespiquen|5\/100 par\n|-damage|p2b: Gourgeist|0 fnt\n|-unboost|p2a: Vespiquen|spe|1\n|faint|p2b: Gourgeist\n|move|p1a: Hypno|Hex|p2a: Vespiquen\n|-damage|p2a: Vespiquen|0 fnt\n|faint|p2a: Vespiquen\n|\n|-heal|p1b: Golduck|78\/100|[from] item: Leftovers\n|upkeep\n|\n|t:|1698360256\n|switch|p2b: Farigiraf|Farigiraf, F|67\/100 par\n|switch|p2a: Lumineon|Lumineon, M|100\/100\n|turn|18\n|\n|t:|1698360270\n|move|p1b: Golduck|Icy Wind|p2b: Farigiraf|[spread] p2a,p2b\n|-resisted|p2a: Lumineon\n|-damage|p2a: Lumineon|90\/100\n|-damage|p2b: Farigiraf|45\/100 par\n|-unboost|p2a: Lumineon|spe|1\n|-unboost|p2b: Farigiraf|spe|1\n|move|p1a: Hypno|Thunder Wave|p2a: Lumineon|[miss]\n|-miss|p1a: Hypno|p2a: Lumineon\n|move|p2a: Lumineon|Icy Wind|p1b: Golduck|[spread] p1a,p1b\n|-crit|p1a: Hypno\n|-resisted|p1b: Golduck\n|-damage|p1a: Hypno|88\/100\n|-damage|p1b: Golduck|74\/100\n|-unboost|p1a: Hypno|spe|1\n|-unboost|p1b: Golduck|spe|1\n|move|p2b: Farigiraf|Hyper Voice|p1a: Hypno|[spread] p1a,p1b\n|-damage|p1a: Hypno|51\/100\n|-damage|p1b: Golduck|36\/100\n|\n|-heal|p1b: Golduck|43\/100|[from] item: Leftovers\n|-heal|p2a: Lumineon|96\/100|[from] item: Leftovers\n|-heal|p1a: Hypno|57\/100|[from] item: Leftovers\n|upkeep\n|turn|19\n|\n|t:|1698360293\n|move|p1b: Golduck|Muddy Water|p2a: Lumineon|[spread] \n|-ability|p2a: Lumineon|Storm Drain|boost\n|-boost|p2a: Lumineon|spa|1\n|-miss|p1b: Golduck|p2b: Farigiraf\n|move|p2a: Lumineon|Icy Wind|p1b: Golduck|[spread] p1a,p1b\n|-resisted|p1b: Golduck\n|-damage|p1a: Hypno|44\/100\n|-damage|p1b: Golduck|37\/100\n|-unboost|p1a: Hypno|spe|1\n|-unboost|p1b: Golduck|spe|1\n|move|p1a: Hypno|Thunder Wave|p2a: Lumineon\n|-status|p2a: Lumineon|par\n|move|p2b: Farigiraf|Hyper Voice|p1a: Hypno|[spread] p1a,p1b\n|-damage|p1a: Hypno|9\/100\n|-damage|p1b: Golduck|1\/100\n|\n|-heal|p1b: Golduck|7\/100|[from] item: Leftovers\n|-heal|p1a: Hypno|15\/100|[from] item: Leftovers\n|-heal|p2a: Lumineon|100\/100 par|[from] item: Leftovers\n|upkeep\n|turn|20\n|\n|t:|1698360326\n|move|p1b: Golduck|Clear Smog|p2a: Lumineon\n|-damage|p2a: Lumineon|73\/100 par\n|-clearboost|p2a: Lumineon\n|move|p2a: Lumineon|Icy Wind|p1a: Hypno|[spread] p1b\n|-miss|p2a: Lumineon|p1a: Hypno\n|-resisted|p1b: Golduck\n|-damage|p1b: Golduck|3\/100\n|-unboost|p1b: Golduck|spe|1\n|move|p1a: Hypno|Draining Kiss|p2b: Farigiraf\n|-damage|p2b: Farigiraf|16\/100 par\n|-heal|p1a: Hypno|41\/100|[from] drain|[of] p2b: Farigiraf\n|move|p2b: Farigiraf|Wish|p2b: Farigiraf\n|\n|-heal|p2a: Lumineon|79\/100 par|[from] item: Leftovers\n|-heal|p1b: Golduck|9\/100|[from] item: Leftovers\n|-heal|p1a: Hypno|47\/100|[from] item: Leftovers\n|upkeep\n|turn|21\n|\n|t:|1698360382\n|move|p2a: Lumineon|Icy Wind|p1b: Golduck|[spread] p1a,p1b\n|-resisted|p1b: Golduck\n|-damage|p1a: Hypno|39\/100\n|-damage|p1b: Golduck|5\/100\n|-unboost|p1a: Hypno|spe|1\n|-unboost|p1b: Golduck|spe|1\n|move|p1b: Golduck|Icy Wind|p2b: Farigiraf|[spread] p2a,p2b\n|-resisted|p2a: Lumineon\n|-damage|p2a: Lumineon|68\/100 par\n|-damage|p2b: Farigiraf|0 fnt\n|-unboost|p2a: Lumineon|spe|1\n|faint|p2b: Farigiraf\n|move|p1a: Hypno|Hex|p2a: Lumineon\n|-damage|p2a: Lumineon|2\/100 par\n|\n|-heal|p1b: Golduck|11\/100|[from] item: Leftovers\n|-heal|p2a: Lumineon|8\/100 par|[from] item: Leftovers\n|-heal|p1a: Hypno|45\/100|[from] item: Leftovers\n|upkeep\n|turn|22\n|\n|t:|1698360415\n|move|p1b: Golduck|Clear Smog|p2a: Lumineon\n|-damage|p2a: Lumineon|0 fnt\n|-clearboost|p2a: Lumineon\n|faint|p2a: Lumineon\n|\n|win|LowksterP\n|raw|LowksterP's rating: 1026 &rarr; <strong>1066<\/strong><br \/>(+40 for winning)\n|raw|Andres624342's rating: 1060 &rarr; <strong>1039<\/strong><br \/>(-21 for losing)\n","uploadtime":1698360427,"views":8,"p1id":"lowksterp","p2id":"andres624342","formatid":"gen9nationaldexdoubles","rating":1039,"private":0,"password":""}