{"id":"gen9nationaldexdoubles-1949025253","p1":"Quxelopqr","p2":"Qapi","format":"[Gen 9] National Dex Doubles","log":"|j|\u2606Quxelopqr\n|j|\u2606Qapi\n|t:|1695320167\n|gametype|doubles\n|player|p1|Quxelopqr|cheren|\n|player|p2|Qapi|clown|\n|teamsize|p1|6\n|teamsize|p2|6\n|gen|9\n|tier|[Gen 9] National Dex Doubles\n|rule|HP Percentage Mod: HP is shown in percentages\n|rule|Endless Battle Clause: Forcing endless battles is banned\n|rule|OHKO Clause: OHKO moves are banned\n|rule|Evasion Moves Clause: Evasion moves are banned\n|rule|Evasion Abilities Clause: Evasion abilities are banned\n|rule|Species Clause: Limit one of each Pok\u00e9mon\n|rule|Gravity Sleep Clause: The combination of sleep-inducing moves with imperfect accuracy and Gravity or Gigantamax Orbeetle are banned\n|clearpoke\n|poke|p1|Celesteela|\n|poke|p1|Sigilyph, F|\n|poke|p1|Archeops, M|\n|poke|p1|Aerodactyl, M|\n|poke|p1|Honchkrow, M|\n|poke|p1|Crobat, F|\n|poke|p2|Orthworm, F|\n|poke|p2|Gyarados, F|\n|poke|p2|Kilowattrel, F|\n|poke|p2|Garganacl, F|\n|poke|p2|Farigiraf, F|\n|poke|p2|Iron Hands|\n|teampreview\n|c|\u2606Quxelopqr|glhf!\n|\n|t:|1695320191\n|start\n|switch|p1a: Aerodactyl|Aerodactyl, M|100\/100\n|switch|p1b: Honchkrow|Honchkrow, M|100\/100\n|switch|p2a: Garganacl|Garganacl, F|100\/100\n|switch|p2b: Farigiraf|Farigiraf, F|100\/100\n|-ability|p1a: Aerodactyl|Unnerve\n|turn|1\n|\n|t:|1695320213\n|detailschange|p1a: Aerodactyl|Aerodactyl-Mega, M\n|-mega|p1a: Aerodactyl|Aerodactyl|Aerodactylite\n|move|p1a: Aerodactyl|Earthquake|p2b: Farigiraf|[spread] p2a,p2b\n|-immune|p1b: Honchkrow\n|-supereffective|p2a: Garganacl\n|-damage|p2a: Garganacl|62\/100\n|-damage|p2b: Farigiraf|71\/100\n|move|p1b: Honchkrow|Thunder Wave|p2b: Farigiraf\n|-status|p2b: Farigiraf|par\n|move|p2a: Garganacl|Iron Defense|p2a: Garganacl\n|-boost|p2a: Garganacl|def|2\n|move|p2b: Farigiraf|Trick Room|p2b: Farigiraf\n|-fieldstart|move: Trick Room|[of] p2b: Farigiraf\n|\n|-heal|p2a: Garganacl|69\/100|[from] item: Leftovers\n|upkeep\n|turn|2\n|\n|t:|1695320236\n|switch|p1a: Celesteela|Celesteela|100\/100\n|move|p1b: Honchkrow|Sucker Punch||[still]\n|cant|p2b: Farigiraf|ability: Armor Tail|Sucker Punch|[of] p1b: Honchkrow\n|cant|p2b: Farigiraf|par\n|move|p2a: Garganacl|Iron Defense|p2a: Garganacl\n|-boost|p2a: Garganacl|def|2\n|\n|-heal|p2a: Garganacl|75\/100|[from] item: Leftovers\n|upkeep\n|turn|3\n|\n|t:|1695320267\n|cant|p2b: Farigiraf|par\n|move|p2a: Garganacl|Salt Cure|p1a: Celesteela\n|-damage|p1a: Celesteela|90\/100\n|-start|p1a: Celesteela|Salt Cure\n|move|p1a: Celesteela|Giga Drain|p2a: Garganacl\n|-supereffective|p2a: Garganacl\n|-damage|p2a: Garganacl|51\/100\n|-heal|p1a: Celesteela|100\/100|[from] drain|[of] p2a: Garganacl\n|move|p1b: Honchkrow|Thunder Wave|p2a: Garganacl\n|-immune|p2a: Garganacl|[from] ability: Purifying Salt\n|\n|-heal|p2a: Garganacl|57\/100|[from] item: Leftovers\n|-damage|p1a: Celesteela|76\/100|[from] Salt Cure\n|upkeep\n|turn|4\n|\n|t:|1695320294\n|switch|p1b: Crobat|Crobat, F|100\/100\n|move|p2b: Farigiraf|Dazzling Gleam|p1b: Crobat|[spread] p1a,p1b\n|-resisted|p1a: Celesteela\n|-resisted|p1b: Crobat\n|-damage|p1a: Celesteela|67\/100\n|-damage|p1b: Crobat|89\/100\n|move|p2a: Garganacl|Recover|p2a: Garganacl\n|-heal|p2a: Garganacl|100\/100\n|move|p1a: Celesteela|Giga Drain|p2a: Garganacl\n|-supereffective|p2a: Garganacl\n|-damage|p2a: Garganacl|76\/100\n|-heal|p1a: Celesteela|79\/100|[from] drain|[of] p2a: Garganacl\n|\n|-heal|p2a: Garganacl|82\/100|[from] item: Leftovers\n|-heal|p1a: Celesteela|85\/100|[from] item: Leftovers\n|-damage|p1a: Celesteela|61\/100|[from] Salt Cure\n|upkeep\n|turn|5\n|\n|t:|1695320319\n|switch|p1a: Archeops|Archeops, M|100\/100\n|move|p2b: Farigiraf|Psychic|p1b: Crobat\n|-supereffective|p1b: Crobat\n|-damage|p1b: Crobat|0 fnt\n|faint|p1b: Crobat\n|move|p2a: Garganacl|Stealth Rock|p1a: Archeops\n|-sidestart|p1: Quxelopqr|move: Stealth Rock\n|\n|-heal|p2a: Garganacl|88\/100|[from] item: Leftovers\n|-fieldend|move: Trick Room\n|upkeep\n|\n|t:|1695320333\n|switch|p1b: Honchkrow|Honchkrow, M|100\/100\n|turn|6\n|\n|t:|1695320345\n|move|p1a: Archeops|Knock Off|p2a: Garganacl\n|-damage|p2a: Garganacl|80\/100\n|-enditem|p2a: Garganacl|Leftovers|[from] move: Knock Off|[of] p1a: Archeops\n|move|p1b: Honchkrow|Defog|p2a: Garganacl\n|-unboost|p2a: Garganacl|evasion|1\n|-sideend|p1: Quxelopqr|Stealth Rock|[from] move: Defog|[of] p1b: Honchkrow\n|move|p2a: Garganacl|Salt Cure|p1a: Archeops\n|-supereffective|p1a: Archeops\n|-damage|p1a: Archeops|51\/100\n|-start|p1a: Archeops|Salt Cure\n|cant|p2b: Farigiraf|par\n|\n|-damage|p1a: Archeops|39\/100|[from] Salt Cure\n|upkeep\n|turn|7\n|\n|t:|1695320364\n|move|p1b: Honchkrow|Sucker Punch||[still]\n|cant|p2b: Farigiraf|ability: Armor Tail|Sucker Punch|[of] p1b: Honchkrow\n|move|p1a: Archeops|Stealth Rock|p2a: Garganacl\n|-sidestart|p2: Qapi|move: Stealth Rock\n|move|p2a: Garganacl|Salt Cure|p1b: Honchkrow\n|-supereffective|p1b: Honchkrow\n|-damage|p1b: Honchkrow|63\/100\n|-start|p1b: Honchkrow|Salt Cure\n|move|p2b: Farigiraf|Trick Room|p2b: Farigiraf\n|-fieldstart|move: Trick Room|[of] p2b: Farigiraf\n|\n|-damage|p1b: Honchkrow|51\/100|[from] Salt Cure\n|-damage|p1a: Archeops|26\/100|[from] Salt Cure\n|upkeep\n|turn|8\n|\n|t:|1695320381\n|move|p2b: Farigiraf|Dazzling Gleam|p1b: Honchkrow|[spread] p1a,p1b\n|-supereffective|p1b: Honchkrow\n|-damage|p1a: Archeops|0 fnt\n|-damage|p1b: Honchkrow|16\/100\n|faint|p1a: Archeops\n|move|p2a: Garganacl|Iron Defense|p2a: Garganacl\n|-boost|p2a: Garganacl|def|2\n|move|p1b: Honchkrow|Roost|p1b: Honchkrow\n|-heal|p1b: Honchkrow|66\/100\n|-singleturn|p1b: Honchkrow|move: Roost\n|\n|-damage|p1b: Honchkrow|53\/100|[from] Salt Cure\n|upkeep\n|\n|t:|1695320398\n|switch|p1a: Sigilyph|Sigilyph, F|100\/100\n|turn|9\n|\n|t:|1695320407\n|cant|p2b: Farigiraf|par\n|move|p2a: Garganacl|Salt Cure|p1a: Sigilyph\n|-supereffective|p1a: Sigilyph\n|-damage|p1a: Sigilyph|62\/100\n|-start|p1a: Sigilyph|Salt Cure\n|move|p1b: Honchkrow|Roost|p1b: Honchkrow\n|-heal|p1b: Honchkrow|100\/100\n|-singleturn|p1b: Honchkrow|move: Roost\n|move|p1a: Sigilyph|Energy Ball|p2a: Garganacl\n|-supereffective|p2a: Garganacl\n|-damage|p2a: Garganacl|27\/100\n|\n|-damage|p1b: Honchkrow|88\/100|[from] Salt Cure\n|-damage|p1a: Sigilyph|50\/100|[from] Salt Cure\n|upkeep\n|turn|10\n|\n|t:|1695320427\n|switch|p1b: Celesteela|Celesteela|61\/100\n|move|p2b: Farigiraf|Dazzling Gleam|p1b: Celesteela|[spread] p1a,p1b\n|-resisted|p1b: Celesteela\n|-damage|p1a: Sigilyph|22\/100\n|-damage|p1b: Celesteela|52\/100\n|move|p2a: Garganacl|Recover|p2a: Garganacl\n|-heal|p2a: Garganacl|77\/100\n|move|p1a: Sigilyph|Energy Ball|p2a: Garganacl\n|-supereffective|p2a: Garganacl\n|-damage|p2a: Garganacl|23\/100\n|\n|-heal|p1b: Celesteela|58\/100|[from] item: Leftovers\n|-damage|p1a: Sigilyph|10\/100|[from] Salt Cure\n|upkeep\n|turn|11\n|\n|t:|1695320447\n|move|p2b: Farigiraf|Dazzling Gleam|p1b: Celesteela|[spread] p1a,p1b\n|-resisted|p1b: Celesteela\n|-damage|p1a: Sigilyph|0 fnt\n|-damage|p1b: Celesteela|49\/100\n|faint|p1a: Sigilyph\n|move|p2a: Garganacl|Salt Cure|p1b: Celesteela\n|-damage|p1b: Celesteela|38\/100\n|-start|p1b: Celesteela|Salt Cure\n|move|p1b: Celesteela|Giga Drain|p2a: Garganacl\n|-supereffective|p2a: Garganacl\n|-damage|p2a: Garganacl|0 fnt\n|-heal|p1b: Celesteela|50\/100|[from] drain|[of] p2a: Garganacl\n|faint|p2a: Garganacl\n|-ability|p1b: Celesteela|Beast Boost|boost\n|-boost|p1b: Celesteela|atk|1\n|\n|-heal|p1b: Celesteela|56\/100|[from] item: Leftovers\n|-damage|p1b: Celesteela|31\/100|[from] Salt Cure\n|-fieldend|move: Trick Room\n|upkeep\n|\n|t:|1695320465\n|switch|p1a: Honchkrow|Honchkrow, M|88\/100\n|switch|p2a: Iron Hands|Iron Hands|100\/100\n|-damage|p2a: Iron Hands|94\/100|[from] Stealth Rock\n|-enditem|p2a: Iron Hands|Booster Energy\n|-activate|p2a: Iron Hands|ability: Quark Drive|[fromitem]\n|-start|p2a: Iron Hands|quarkdriveatk\n|turn|12\n|\n|t:|1695320477\n|switch|p1b: Aerodactyl|Aerodactyl-Mega, M|100\/100\n|move|p2a: Iron Hands|Fake Out|p1b: Aerodactyl\n|-resisted|p1b: Aerodactyl\n|-damage|p1b: Aerodactyl|88\/100\n|move|p1a: Honchkrow|Thunder Wave|p2a: Iron Hands\n|-immune|p2a: Iron Hands\n|cant|p2b: Farigiraf|par\n|\n|upkeep\n|turn|13\n|\n|t:|1695320494\n|-end|p2a: Iron Hands|Quark Drive|[silent]\n|switch|p2a: Gyarados|Gyarados, F|100\/100\n|-damage|p2a: Gyarados|76\/100|[from] Stealth Rock\n|move|p1a: Honchkrow|Sucker Punch||[still]\n|cant|p2b: Farigiraf|ability: Armor Tail|Sucker Punch|[of] p1a: Honchkrow\n|move|p1b: Aerodactyl|Earthquake|p2a: Gyarados|[spread] p2b\n|-immune|p1a: Honchkrow\n|-immune|p2a: Gyarados\n|-damage|p2b: Farigiraf|41\/100 par\n|move|p2b: Farigiraf|Trick Room|p2b: Farigiraf\n|-fieldstart|move: Trick Room|[of] p2b: Farigiraf\n|\n|upkeep\n|turn|14\n|\n|t:|1695320519\n|switch|p1a: Celesteela|Celesteela|31\/100\n|move|p2b: Farigiraf|Psychic|p1b: Aerodactyl\n|-damage|p1b: Aerodactyl|38\/100\n|-unboost|p1b: Aerodactyl|spd|1\n|move|p2a: Gyarados|Waterfall|p1b: Aerodactyl\n|-supereffective|p1b: Aerodactyl\n|-damage|p1b: Aerodactyl|0 fnt\n|faint|p1b: Aerodactyl\n|-ability|p2a: Gyarados|Moxie|boost\n|-boost|p2a: Gyarados|atk|1\n|\n|-heal|p1a: Celesteela|37\/100|[from] item: Leftovers\n|upkeep\n|\n|t:|1695320531\n|switch|p1b: Honchkrow|Honchkrow, M|88\/100\n|turn|15\n|\n|t:|1695320539\n|cant|p2b: Farigiraf|par\n|move|p1a: Celesteela|Giga Drain|p2a: Gyarados\n|-damage|p2a: Gyarados|56\/100\n|-heal|p1a: Celesteela|45\/100|[from] drain|[of] p2a: Gyarados\n|move|p1b: Honchkrow|Thunder Wave|p2a: Gyarados\n|-status|p2a: Gyarados|par\n|move|p2a: Gyarados|Waterfall|p1a: Celesteela\n|-damage|p1a: Celesteela|2\/100\n|\n|-heal|p1a: Celesteela|8\/100|[from] item: Leftovers\n|upkeep\n|turn|16\n|\n|t:|1695320554\n|move|p1a: Celesteela|Protect|p1a: Celesteela\n|-singleturn|p1a: Celesteela|Protect\n|cant|p2b: Farigiraf|par\n|cant|p2a: Gyarados|par\n|move|p1b: Honchkrow|Roost|p1b: Honchkrow\n|-heal|p1b: Honchkrow|100\/100\n|-singleturn|p1b: Honchkrow|move: Roost\n|\n|-heal|p1a: Celesteela|14\/100|[from] item: Leftovers\n|upkeep\n|turn|17\n|\n|t:|1695320569\n|move|p1b: Honchkrow|Sucker Punch||[still]\n|cant|p2b: Farigiraf|ability: Armor Tail|Sucker Punch|[of] p1b: Honchkrow\n|cant|p2b: Farigiraf|par\n|move|p1a: Celesteela|Giga Drain|p2a: Gyarados\n|-damage|p2a: Gyarados|36\/100 par\n|-heal|p1a: Celesteela|23\/100|[from] drain|[of] p2a: Gyarados\n|move|p2a: Gyarados|Waterfall|p1a: Celesteela\n|-damage|p1a: Celesteela|0 fnt\n|faint|p1a: Celesteela\n|-ability|p2a: Gyarados|Moxie|boost\n|-boost|p2a: Gyarados|atk|1\n|\n|-fieldend|move: Trick Room\n|upkeep\n|turn|18\n|\n|t:|1695320584\n|move|p1b: Honchkrow|Defog|p2a: Gyarados\n|-fail|p2a: Gyarados|unboost|[from] item: Clear Amulet|[of] p2a: Gyarados\n|-sideend|p2: Qapi|Stealth Rock|[from] move: Defog|[of] p1b: Honchkrow\n|move|p2a: Gyarados|Waterfall|p1b: Honchkrow\n|-damage|p1b: Honchkrow|0 fnt\n|faint|p1b: Honchkrow\n|\n|win|Qapi\n|c|\u2606Quxelopqr|gg\n","uploadtime":1695320597,"views":8,"p1id":"quxelopqr","p2id":"qapi","formatid":"gen9nationaldexdoubles","rating":0,"private":0,"password":""}