{"id":"gen9nationaldexdoubles-1949994674","p1":"Pekkaboi38","p2":"kingspeed51","format":"[Gen 9] National Dex Doubles","log":"|j|\u2606Pekkaboi38\n|j|\u2606kingspeed51\n|t:|1695415688\n|gametype|doubles\n|player|p1|Pekkaboi38|clown|1289\n|player|p2|kingspeed51|2|1174\n|teamsize|p1|6\n|teamsize|p2|6\n|gen|9\n|tier|[Gen 9] National Dex Doubles\n|rated|\n|rule|HP Percentage Mod: HP is shown in percentages\n|rule|Endless Battle Clause: Forcing endless battles is banned\n|rule|OHKO Clause: OHKO moves are banned\n|rule|Evasion Moves Clause: Evasion moves are banned\n|rule|Evasion Abilities Clause: Evasion abilities are banned\n|rule|Species Clause: Limit one of each Pok\u00e9mon\n|rule|Gravity Sleep Clause: The combination of sleep-inducing moves with imperfect accuracy and Gravity or Gigantamax Orbeetle are banned\n|clearpoke\n|poke|p1|Charjabug, F|\n|poke|p1|Chi-Yu|\n|poke|p1|Torkoal, M|\n|poke|p1|Walking Wake|\n|poke|p1|Amoonguss, M|\n|poke|p1|Iron Hands|\n|poke|p2|Metagross|\n|poke|p2|Salamence, M|\n|poke|p2|Iron Moth|\n|poke|p2|Greninja-*, F|\n|poke|p2|Whimsicott, F|\n|poke|p2|Chansey, F|\n|teampreview\n|inactive|Battle timer is ON: inactive players will automatically lose when time's up. (requested by Pekkaboi38)\n|inactive|kingspeed51 has 120 seconds left.\n|\n|t:|1695415725\n|start\n|switch|p1a: Funni Bugge|Charjabug, F|100\/100\n|switch|p1b: Franklin|Torkoal, M|100\/100\n|switch|p2a: Whimsicott|Whimsicott, F|100\/100\n|switch|p2b: Salamence|Salamence, M|100\/100\n|-ability|p2b: Salamence|Intimidate|boost\n|-unboost|p1a: Funni Bugge|atk|1\n|-unboost|p1b: Franklin|atk|1\n|-weather|SunnyDay|[from] ability: Drought|[of] p1b: Franklin\n|turn|1\n|\n|t:|1695415751\n|move|p2a: Whimsicott|Tailwind|p2a: Whimsicott\n|-sidestart|p2: kingspeed51|move: Tailwind\n|move|p2b: Salamence|Dual Wingbeat|p1b: Franklin\n|-damage|p1b: Franklin|77\/100\n|-damage|p1b: Franklin|54\/100\n|-hitcount|p1b: Franklin|2\n|-enditem|p1b: Franklin|Eject Button\n|-damage|p2b: Salamence|91\/100|[from] item: Life Orb\n|\n|t:|1695415763\n|switch|p1b: F E E S H|Chi-Yu|100\/100\n|-ability|p1b: F E E S H|Beads of Ruin\n|move|p1a: Funni Bugge|Sticky Web|p2a: Whimsicott\n|-sidestart|p2: kingspeed51|move: Sticky Web\n|\n|-weather|SunnyDay|[upkeep]\n|upkeep\n|turn|2\n|\n|t:|1695415781\n|-terastallize|p1b: F E E S H|Fairy\n|move|p2a: Whimsicott|Taunt|p1a: Funni Bugge\n|-start|p1a: Funni Bugge|move: Taunt\n|move|p2b: Salamence|Outrage|p1a: Funni Bugge\n|-damage|p1a: Funni Bugge|53\/100\n|-damage|p2b: Salamence|81\/100|[from] item: Life Orb\n|move|p1b: F E E S H|Heat Wave|p2a: Whimsicott|[spread] p2b\n|-miss|p1b: F E E S H|p2a: Whimsicott\n|-resisted|p2b: Salamence\n|-damage|p2b: Salamence|0 fnt\n|faint|p2b: Salamence\n|cant|p1a: Funni Bugge|move: Taunt|Thunder Wave\n|\n|-weather|SunnyDay|[upkeep]\n|upkeep\n|\n|t:|1695415795\n|switch|p2b: Metagross|Metagross|100\/100\n|-activate|p2b: Metagross|move: Sticky Web\n|-fail|p2b: Metagross|unboost|[from] ability: Clear Body|[of] p2b: Metagross\n|turn|3\n|\n|t:|1695415805\n|-terastallize|p2b: Metagross|Ground\n|move|p2a: Whimsicott|Protect|p2a: Whimsicott\n|-singleturn|p2a: Whimsicott|Protect\n|move|p2b: Metagross|Meteor Mash|p1b: F E E S H\n|-supereffective|p1b: F E E S H\n|-damage|p1b: F E E S H|0 fnt\n|faint|p1b: F E E S H\n|move|p1a: Funni Bugge|Volt Switch|p2b: Metagross\n|-immune|p2b: Metagross\n|\n|-weather|SunnyDay|[upkeep]\n|upkeep\n|\n|t:|1695415817\n|switch|p1b: Walter White|Walking Wake|100\/100\n|-activate|p1b: Walter White|ability: Protosynthesis\n|-start|p1b: Walter White|protosynthesisspa\n|turn|4\n|\n|t:|1695415827\n|switch|p2a: Iron Moth|Iron Moth|100\/100\n|-enditem|p2a: Iron Moth|Booster Energy\n|-activate|p2a: Iron Moth|ability: Quark Drive|[fromitem]\n|-start|p2a: Iron Moth|quarkdrivespa\n|-activate|p2a: Iron Moth|move: Sticky Web\n|-unboost|p2a: Iron Moth|spe|1\n|switch|p2b: Chansey|Chansey, F|100\/100\n|-activate|p2b: Chansey|move: Sticky Web\n|-unboost|p2b: Chansey|spe|1\n|move|p1b: Walter White|Hydro Steam|p2b: Chansey\n|-damage|p2b: Chansey|69\/100\n|move|p1a: Funni Bugge|Volt Switch|p2a: Iron Moth\n|-damage|p2a: Iron Moth|84\/100\n|\n|t:|1695415841\n|switch|p1a: Catch These Hands|Iron Hands|100\/100|[from] Volt Switch\n|\n|-weather|SunnyDay|[upkeep]\n|-sideend|p2: kingspeed51|move: Tailwind\n|upkeep\n|turn|5\n|\n|t:|1695415850\n|move|p2a: Iron Moth|Protect|p2a: Iron Moth\n|-singleturn|p2a: Iron Moth|Protect\n|move|p1b: Walter White|Hydro Steam|p2a: Iron Moth\n|-activate|p2a: Iron Moth|move: Protect\n|move|p1a: Catch These Hands|Drain Punch|p2b: Chansey\n|-supereffective|p2b: Chansey\n|-damage|p2b: Chansey|11\/100\n|move|p2b: Chansey|Toxic|p1a: Catch These Hands\n|-status|p1a: Catch These Hands|tox\n|\n|-weather|none\n|-end|p1b: Walter White|Protosynthesis\n|-damage|p1a: Catch These Hands|94\/100 tox|[from] psn\n|upkeep\n|turn|6\n|inactive|kingspeed51 has 120 seconds left.\n|\n|t:|1695415889\n|switch|p2b: Metagross|Metagross, tera:Ground|100\/100\n|-activate|p2b: Metagross|move: Sticky Web\n|-fail|p2b: Metagross|unboost|[from] ability: Clear Body|[of] p2b: Metagross\n|move|p1b: Walter White|Hydro Steam|p2a: Iron Moth\n|-supereffective|p2a: Iron Moth\n|-damage|p2a: Iron Moth|5\/100\n|move|p2a: Iron Moth|Energy Ball|p1b: Walter White\n|-damage|p1b: Walter White|54\/100\n|move|p1a: Catch These Hands|Earthquake|p2b: Metagross|[spread] p1b,p2a,p2b\n|-supereffective|p2a: Iron Moth\n|-damage|p1b: Walter White|19\/100\n|-damage|p2a: Iron Moth|0 fnt\n|-damage|p2b: Metagross|74\/100\n|faint|p2a: Iron Moth\n|-end|p2a: Iron Moth|Quark Drive|[silent]\n|\n|-damage|p1a: Catch These Hands|82\/100 tox|[from] psn\n|upkeep\n|inactive|kingspeed51 has 120 seconds left.\n|\n|t:|1695415905\n|switch|p2a: Whimsicott|Whimsicott, F|100\/100\n|-activate|p2a: Whimsicott|move: Sticky Web\n|-unboost|p2a: Whimsicott|spe|1\n|turn|7\n|\n|t:|1695415925\n|-end|p1a: Catch These Hands|Quark Drive|[silent]\n|switch|p1a: Franklin|Torkoal, M|54\/100\n|-weather|SunnyDay|[from] ability: Drought|[of] p1a: Franklin\n|-activate|p1b: Walter White|ability: Protosynthesis\n|-start|p1b: Walter White|protosynthesisspa\n|move|p2a: Whimsicott|Tailwind|p2a: Whimsicott\n|-sidestart|p2: kingspeed51|move: Tailwind\n|move|p2b: Metagross|Earthquake|p1a: Franklin|[spread] p2a,p1a,p1b\n|-resisted|p2a: Whimsicott\n|-supereffective|p1a: Franklin\n|-damage|p2a: Whimsicott|78\/100\n|-damage|p1a: Franklin|0 fnt\n|-damage|p1b: Walter White|0 fnt\n|faint|p1a: Franklin\n|faint|p1b: Walter White\n|-end|p1b: Walter White|Protosynthesis|[silent]\n|\n|-weather|SunnyDay|[upkeep]\n|upkeep\n|inactive|Pekkaboi38 has 120 seconds left.\n|\n|t:|1695415943\n|switch|p1b: Say My Name|Amoonguss, M|100\/100\n|switch|p1a: Catch These Hands|Iron Hands|82\/100 tox\n|turn|8\n|\n|t:|1695415952\n|switch|p2b: Chansey|Chansey, F|11\/100\n|-activate|p2b: Chansey|move: Sticky Web\n|-unboost|p2b: Chansey|spe|1\n|move|p2a: Whimsicott|Protect|p2a: Whimsicott\n|-singleturn|p2a: Whimsicott|Protect\n|move|p1a: Catch These Hands|Fake Out|p2b: Chansey\n|-damage|p2b: Chansey|1\/100\n|move|p1b: Say My Name|Energy Ball|p2b: Chansey\n|-damage|p2b: Chansey|0 fnt\n|faint|p2b: Chansey\n|\n|-weather|SunnyDay|[upkeep]\n|-damage|p1a: Catch These Hands|75\/100 tox|[from] psn\n|upkeep\n|\n|t:|1695415965\n|switch|p2b: Metagross|Metagross, tera:Ground|74\/100\n|-activate|p2b: Metagross|move: Sticky Web\n|-fail|p2b: Metagross|unboost|[from] ability: Clear Body|[of] p2b: Metagross\n|turn|9\n|\n|t:|1695415976\n|move|p2b: Metagross|Earthquake|p1a: Catch These Hands|[spread] p2a,p1a,p1b\n|-resisted|p2a: Whimsicott\n|-supereffective|p1a: Catch These Hands\n|-damage|p2a: Whimsicott|52\/100\n|-damage|p1a: Catch These Hands|28\/100 tox\n|-damage|p1b: Say My Name|61\/100\n|-enditem|p1a: Catch These Hands|Sitrus Berry|[eat]\n|-heal|p1a: Catch These Hands|53\/100 tox|[from] item: Sitrus Berry\n|move|p2a: Whimsicott|Moonblast|p1a: Catch These Hands\n|-supereffective|p1a: Catch These Hands\n|-damage|p1a: Catch These Hands|5\/100 tox\n|move|p1a: Catch These Hands|Belly Drum||[still]\n|-fail|p1a: Catch These Hands\n|move|p1b: Say My Name|Spore|p2b: Metagross\n|-status|p2b: Metagross|slp|[from] move: Spore\n|\n|-weather|SunnyDay|[upkeep]\n|-heal|p1b: Say My Name|67\/100|[from] item: Leftovers\n|-damage|p1a: Catch These Hands|0 fnt|[from] psn\n|faint|p1a: Catch These Hands\n|-end|p1a: Catch These Hands|Quark Drive|[silent]\n|upkeep\n|\n|t:|1695416000\n|switch|p1a: Funni Bugge|Charjabug, F|53\/100\n|turn|10\n|\n|t:|1695416007\n|move|p2a: Whimsicott|Taunt|p1b: Say My Name\n|-start|p1b: Say My Name|move: Taunt\n|cant|p2b: Metagross|slp\n|move|p1a: Funni Bugge|Thunder Wave|p2a: Whimsicott\n|-status|p2a: Whimsicott|par\n|move|p1b: Say My Name|Energy Ball|p2b: Metagross\n|-supereffective|p2b: Metagross\n|-damage|p2b: Metagross|0 fnt\n|faint|p2b: Metagross\n|\n|-weather|SunnyDay|[upkeep]\n|-heal|p1b: Say My Name|73\/100|[from] item: Leftovers\n|-sideend|p2: kingspeed51|move: Tailwind\n|upkeep\n|\n|t:|1695416020\n|switch|p2b: Greninja|Greninja, F|100\/100\n|-activate|p2b: Greninja|move: Sticky Web\n|-unboost|p2b: Greninja|spe|1\n|turn|11\n|\n|t:|1695416030\n|move|p2b: Greninja|Extrasensory|p1b: Say My Name\n|-start|p2b: Greninja|typechange|Psychic|[from] ability: Protean\n|-supereffective|p1b: Say My Name\n|-damage|p1b: Say My Name|23\/100\n|cant|p2a: Whimsicott|par\n|move|p1a: Funni Bugge|Volt Switch|p2b: Greninja\n|-damage|p2b: Greninja|77\/100\n|move|p1b: Say My Name|Energy Ball|p2b: Greninja\n|-damage|p2b: Greninja|21\/100\n|-unboost|p2b: Greninja|spd|1\n|\n|-weather|none\n|-heal|p1b: Say My Name|30\/100|[from] item: Leftovers\n|upkeep\n|turn|12\n|\n|t:|1695416047\n|move|p2b: Greninja|Extrasensory|p1b: Say My Name\n|-supereffective|p1b: Say My Name\n|-damage|p1b: Say My Name|0 fnt\n|faint|p1b: Say My Name\n|cant|p2a: Whimsicott|par\n|move|p1a: Funni Bugge|Volt Switch|p2b: Greninja\n|-damage|p2b: Greninja|0 fnt\n|faint|p2b: Greninja\n|\n|upkeep\n|turn|13\n|c|\u2606kingspeed51|close game\n|\n|t:|1695416063\n|move|p2a: Whimsicott|Moonblast|p1a: Funni Bugge\n|-damage|p1a: Funni Bugge|26\/100\n|-unboost|p1a: Funni Bugge|spa|1\n|move|p1a: Funni Bugge|Volt Switch|p2a: Whimsicott\n|-resisted|p2a: Whimsicott\n|-damage|p2a: Whimsicott|46\/100 par\n|\n|upkeep\n|turn|14\n|\n|t:|1695416073\n|move|p2a: Whimsicott|Moonblast|p1a: Funni Bugge\n|-damage|p1a: Funni Bugge|1\/100\n|-unboost|p1a: Funni Bugge|spa|1\n|move|p1a: Funni Bugge|Volt Switch|p2a: Whimsicott\n|-resisted|p2a: Whimsicott\n|-damage|p2a: Whimsicott|41\/100 par\n|\n|upkeep\n|turn|15\n|\n|t:|1695416083\n|move|p2a: Whimsicott|Moonblast|p1a: Funni Bugge\n|-damage|p1a: Funni Bugge|0 fnt\n|faint|p1a: Funni Bugge\n|\n|win|kingspeed51\n|raw|Pekkaboi38's rating: 1289 &rarr; <strong>1256<\/strong><br \/>(-33 for losing)\n|raw|kingspeed51's rating: 1174 &rarr; <strong>1207<\/strong><br \/>(+33 for winning)\n|l|\u2606Pekkaboi38\n","uploadtime":1695416092,"views":5,"p1id":"pekkaboi38","p2id":"kingspeed51","formatid":"gen9nationaldexdoubles","rating":1207,"private":0,"password":""}