{"id":"gen9nationaldexdoubles-1951538193","p1":"isredelpo2009","p2":"Pedro Carbono","format":"[Gen 9] National Dex Doubles","log":"|j|\u2606isredelpo2009\n|j|\u2606Pedro Carbono\n|t:|1695591621\n|gametype|doubles\n|player|p1|isredelpo2009|lucas|1043\n|player|p2|Pedro Carbono|n|1127\n|teamsize|p1|6\n|teamsize|p2|2\n|gen|9\n|tier|[Gen 9] National Dex Doubles\n|rated|\n|rule|HP Percentage Mod: HP is shown in percentages\n|rule|Endless Battle Clause: Forcing endless battles is banned\n|rule|OHKO Clause: OHKO moves are banned\n|rule|Evasion Moves Clause: Evasion moves are banned\n|rule|Evasion Abilities Clause: Evasion abilities are banned\n|rule|Species Clause: Limit one of each Pok\u00e9mon\n|rule|Gravity Sleep Clause: The combination of sleep-inducing moves with imperfect accuracy and Gravity or Gigantamax Orbeetle are banned\n|clearpoke\n|poke|p1|Kangaskhan, F|\n|poke|p1|Snorlax, F|\n|poke|p1|Clefairy, F|\n|poke|p1|Linoone, F|\n|poke|p1|Ditto|\n|poke|p1|Greninja-*, M|\n|poke|p2|Lurantis, M|\n|poke|p2|Blissey, F|\n|teampreview\n|\n|t:|1695591629\n|start\n|switch|p1a: Clefairy|Clefairy, F|100\/100\n|switch|p1b: Snorlax|Snorlax, F, shiny|100\/100\n|switch|p2a: Lurantis|Lurantis, M|100\/100\n|switch|p2b: Blissey|Blissey, F|100\/100\n|turn|1\n|\n|t:|1695591645\n|move|p1a: Clefairy|Follow Me|p1a: Clefairy\n|-singleturn|p1a: Clefairy|move: Follow Me\n|move|p2b: Blissey|Charm|p1a: Clefairy\n|-unboost|p1a: Clefairy|atk|2\n|move|p2a: Lurantis|Superpower|p1a: Clefairy\n|-resisted|p1a: Clefairy\n|-damage|p1a: Clefairy|77\/100\n|-boost|p2a: Lurantis|atk|1\n|-boost|p2a: Lurantis|def|1\n|move|p1b: Snorlax|Belly Drum|p1b: Snorlax\n|-damage|p1b: Snorlax|51\/100\n|-setboost|p1b: Snorlax|atk|6|[from] move: Belly Drum\n|\n|upkeep\n|turn|2\n|\n|t:|1695591672\n|-terastallize|p1b: Snorlax|Normal\n|move|p2a: Lurantis|Protect|p2a: Lurantis\n|-singleturn|p2a: Lurantis|Protect\n|move|p1a: Clefairy|Protect|p1a: Clefairy\n|-singleturn|p1a: Clefairy|Protect\n|move|p2b: Blissey|Charm|p2a: Lurantis\n|-activate|p2a: Lurantis|move: Protect\n|move|p1b: Snorlax|Self-Destruct|p2a: Lurantis|[spread] p2b\n|-activate|p1a: Clefairy|move: Protect\n|-activate|p2a: Lurantis|move: Protect\n|-damage|p2b: Blissey|0 fnt\n|faint|p1b: Snorlax\n|faint|p2b: Blissey\n|\n|upkeep\n|\n|t:|1695591692\n|switch|p1b: Greninja|Greninja, M|100\/100\n|turn|3\n|\n|t:|1695591704\n|move|p1a: Clefairy|Follow Me|p1a: Clefairy\n|-singleturn|p1a: Clefairy|move: Follow Me\n|move|p1b: Greninja|Mat Block|p1b: Greninja\n|-singleturn|p1b: Greninja|Mat Block\n|move|p2a: Lurantis|Superpower|p1a: Clefairy\n|-activate|p1a: Clefairy|move: Mat Block|Superpower\n|\n|upkeep\n|turn|4\n|\n|t:|1695591723\n|move|p1a: Clefairy|Protect|p1a: Clefairy\n|-singleturn|p1a: Clefairy|Protect\n|move|p1b: Greninja|Gunk Shot|p2a: Lurantis\n|-supereffective|p2a: Lurantis\n|-damage|p2a: Lurantis|55\/100\n|move|p2a: Lurantis|Superpower|p1b: Greninja\n|-supereffective|p1b: Greninja\n|-damage|p1b: Greninja|0 fnt\n|-boost|p2a: Lurantis|atk|1\n|-boost|p2a: Lurantis|def|1\n|faint|p1b: Greninja\n|\n|-heal|p2a: Lurantis|61\/100|[from] item: Leftovers\n|upkeep\n|\n|t:|1695591737\n|switch|p1b: Kangaskhan|Kangaskhan, F|100\/100\n|turn|5\n|\n|t:|1695591769\n|detailschange|p1b: Kangaskhan|Kangaskhan-Mega, F\n|-mega|p1b: Kangaskhan|Kangaskhan|Kangaskhanite\n|-terastallize|p2a: Lurantis|Grass\n|move|p2a: Lurantis|Protect|p2a: Lurantis\n|-singleturn|p2a: Lurantis|Protect\n|move|p1a: Clefairy|Protect||[still]\n|-fail|p1a: Clefairy\n|move|p1b: Kangaskhan|Fake Out|p2a: Lurantis\n|-activate|p2a: Lurantis|move: Protect\n|\n|-heal|p2a: Lurantis|67\/100|[from] item: Leftovers\n|upkeep\n|turn|6\n|\n|t:|1695591795\n|move|p1a: Clefairy|Protect|p1a: Clefairy\n|-singleturn|p1a: Clefairy|Protect\n|move|p1b: Kangaskhan|Ice Punch|p2a: Lurantis\n|-supereffective|p2a: Lurantis\n|-damage|p2a: Lurantis|39\/100\n|-supereffective|p2a: Lurantis\n|-damage|p2a: Lurantis|32\/100\n|-hitcount|p2a: Lurantis|2\n|move|p2a: Lurantis|Superpower|p1b: Kangaskhan\n|-supereffective|p1b: Kangaskhan\n|-damage|p1b: Kangaskhan|0 fnt\n|-boost|p2a: Lurantis|atk|1\n|-boost|p2a: Lurantis|def|1\n|faint|p1b: Kangaskhan\n|\n|-heal|p2a: Lurantis|38\/100|[from] item: Leftovers\n|upkeep\n|\n|t:|1695591812\n|switch|p1b: Ditto|Ditto, shiny|100\/100\n|-transform|p1b: Ditto|p2a: Lurantis|[from] ability: Imposter\n|turn|7\n|\n|t:|1695591828\n|switch|p1a: Linoone|Linoone, F|100\/100\n|move|p1b: Ditto|Protect|p1b: Ditto\n|-singleturn|p1b: Ditto|Protect\n|move|p2a: Lurantis|Leech Life|p1b: Ditto\n|-activate|p1b: Ditto|move: Protect\n|\n|-heal|p2a: Lurantis|44\/100|[from] item: Leftovers\n|upkeep\n|turn|8\n|\n|t:|1695591849\n|move|p1a: Linoone|Extreme Speed|p2a: Lurantis\n|-damage|p2a: Lurantis|31\/100\n|move|p1b: Ditto|Superpower|p2a: Lurantis\n|-damage|p2a: Lurantis|0 fnt\n|-boost|p1b: Ditto|atk|1\n|-boost|p1b: Ditto|def|1\n|faint|p2a: Lurantis\n|\n|win|isredelpo2009\n|raw|isredelpo2009's rating: 1043 &rarr; <strong>1085<\/strong><br \/>(+42 for winning)\n|raw|Pedro Carbono's rating: 1127 &rarr; <strong>1096<\/strong><br \/>(-31 for losing)\n|l|\u2606Pedro Carbono\n","uploadtime":1695591861,"views":6,"p1id":"isredelpo2009","p2id":"pedrocarbono","formatid":"gen9nationaldexdoubles","rating":1085,"private":0,"password":""}