{"id":"gen9nationaldexdoubles-1972291692","p1":"WIISPORTSFAN420","p2":"MegaMania001","format":"[Gen 9] National Dex Doubles","log":"|j|\u2606WIISPORTSFAN420\n|j|\u2606MegaMania001\n|t:|1697828561\n|gametype|doubles\n|player|p1|WIISPORTSFAN420|170|\n|player|p2|MegaMania001|winona|\n|teamsize|p1|6\n|teamsize|p2|6\n|gen|9\n|tier|[Gen 9] National Dex Doubles\n|rule|HP Percentage Mod: HP is shown in percentages\n|rule|Endless Battle Clause: Forcing endless battles is banned\n|rule|OHKO Clause: OHKO moves are banned\n|rule|Evasion Moves Clause: Evasion moves are banned\n|rule|Evasion Abilities Clause: Evasion abilities are banned\n|rule|Species Clause: Limit one of each Pok\u00e9mon\n|rule|Gravity Sleep Clause: The combination of sleep-inducing moves with imperfect accuracy and Gravity or Gigantamax Orbeetle are banned\n|clearpoke\n|poke|p1|Chi-Yu|\n|poke|p1|Dondozo, M|\n|poke|p1|Gardevoir, F|\n|poke|p1|Arcanine-Hisui, M|\n|poke|p1|Murkrow, M|\n|poke|p1|Brute Bonnet|\n|poke|p2|Meowscarada, M|\n|poke|p2|Incineroar, M|\n|poke|p2|Aegislash, F|\n|poke|p2|Fezandipiti, M|\n|poke|p2|Articuno-Galar|\n|poke|p2|Regieleki|\n|teampreview\n|inactive|Battle timer is ON: inactive players will automatically lose when time's up. (requested by MegaMania001)\n|inactive|MegaMania001 has 270 seconds left.\n|\n|t:|1697828595\n|start\n|switch|p1a: lil guy|Chi-Yu|100\/100\n|switch|p1b: funny hat guy|Murkrow, M, shiny|100\/100\n|switch|p2a: John Cena|Incineroar, M, shiny|100\/100\n|switch|p2b: Gazerbeam|Articuno-Galar|100\/100\n|-ability|p1a: lil guy|Beads of Ruin\n|-ability|p2a: John Cena|Intimidate|boost\n|-unboost|p1a: lil guy|atk|1\n|-unboost|p1b: funny hat guy|atk|1\n|turn|1\n|\n|t:|1697828619\n|move|p2a: John Cena|Fake Out|p1b: funny hat guy\n|-damage|p1b: funny hat guy|80\/100\n|cant|p1b: funny hat guy|flinch\n|move|p2b: Gazerbeam|Ancient Power|p1a: lil guy\n|-supereffective|p1a: lil guy\n|-damage|p1a: lil guy|34\/100\n|move|p1a: lil guy|Dark Pulse|p2b: Gazerbeam\n|-supereffective|p2b: Gazerbeam\n|-crit|p2b: Gazerbeam\n|-damage|p2b: Gazerbeam|0 fnt\n|faint|p2b: Gazerbeam\n|-damage|p1a: lil guy|24\/100|[from] item: Life Orb\n|\n|upkeep\n|inactive|MegaMania001 has 270 seconds left.\n|\n|t:|1697828636\n|switch|p2b: Zippy zappy|Regieleki|100\/100\n|turn|2\n|\n|t:|1697828653\n|switch|p1a: big dawg|Arcanine-Hisui, M|100\/100\n|-ability|p1a: big dawg|Intimidate|boost\n|-unboost|p2a: John Cena|atk|1\n|-unboost|p2b: Zippy zappy|atk|1\n|move|p1b: funny hat guy|Tailwind|p1b: funny hat guy\n|-sidestart|p1: WIISPORTSFAN420|move: Tailwind\n|move|p2b: Zippy zappy|Electroweb|p1a: big dawg|[spread] p1a,p1b\n|-supereffective|p1b: funny hat guy\n|-damage|p1a: big dawg|68\/100\n|-damage|p1b: funny hat guy|31\/100\n|-unboost|p1a: big dawg|spe|1\n|-unboost|p1b: funny hat guy|spe|1\n|move|p2a: John Cena|Brick Break|p1a: big dawg\n|-supereffective|p1a: big dawg\n|-damage|p1a: big dawg|29\/100\n|\n|upkeep\n|turn|3\n|inactive|WIISPORTSFAN420 has 270 seconds left.\n|inactive|MegaMania001 has 270 seconds left.\n|\n|t:|1697828699\n|move|p1b: funny hat guy|Quash|p2b: Zippy zappy\n|-activate|p2b: Zippy zappy|move: Quash\n|move|p1a: big dawg|Head Smash|p2b: Zippy zappy|[miss]\n|-miss|p1a: big dawg|p2b: Zippy zappy\n|move|p2a: John Cena|Flare Blitz|p1b: funny hat guy\n|-damage|p1b: funny hat guy|0 fnt\n|faint|p1b: funny hat guy\n|-damage|p2a: John Cena|92\/100|[from] Recoil\n|move|p2b: Zippy zappy|Electroweb|p1a: big dawg\n|-damage|p1a: big dawg|0 fnt\n|faint|p1a: big dawg\n|\n|upkeep\n|inactive|WIISPORTSFAN420 has 270 seconds left.\n|\n|t:|1697828727\n|switch|p1a: Keke Tang|Gardevoir, F, shiny|100\/100\n|switch|p1b: big guy|Dondozo, M|100\/100\n|turn|4\n|inactive|WIISPORTSFAN420 has 270 seconds left.\n|inactive|MegaMania001 has 270 seconds left.\n|\n|t:|1697828744\n|detailschange|p1a: Keke Tang|Gardevoir-Mega, F, shiny\n|-mega|p1a: Keke Tang|Gardevoir|Gardevoirite\n|move|p1a: Keke Tang|Hyper Voice|p2a: John Cena|[spread] p2a,p2b\n|-damage|p2a: John Cena|59\/100\n|-damage|p2b: Zippy zappy|0 fnt\n|faint|p2b: Zippy zappy\n|move|p1b: big guy|Wave Crash|p2a: John Cena\n|-supereffective|p2a: John Cena\n|-damage|p2a: John Cena|0 fnt\n|faint|p2a: John Cena\n|-damage|p1b: big guy|85\/100|[from] Recoil\n|\n|-heal|p1b: big guy|91\/100|[from] item: Leftovers\n|upkeep\n|inactive|MegaMania001 has 270 seconds left.\n|\n|t:|1697828759\n|switch|p2b: King Arthur|Aegislash, F|100\/100\n|switch|p2a: Weed Wizard|Meowscarada, M|100\/100\n|turn|5\n|\n|t:|1697828770\n|move|p2b: King Arthur|King's Shield|p2b: King Arthur\n|-singleturn|p2b: King Arthur|Protect\n|move|p1a: Keke Tang|Hyper Voice|p2a: Weed Wizard|[spread] p2a\n|-activate|p2b: King Arthur|move: Protect\n|-supereffective|p2a: Weed Wizard\n|-damage|p2a: Weed Wizard|0 fnt\n|faint|p2a: Weed Wizard\n|move|p1b: big guy|Yawn|p2b: King Arthur\n|-start|p2b: King Arthur|move: Yawn|[of] p1b: big guy\n|\n|-heal|p1b: big guy|98\/100|[from] item: Leftovers\n|-sideend|p1: WIISPORTSFAN420|move: Tailwind\n|upkeep\n|\n|t:|1697828781\n|switch|p2a: Polly|Fezandipiti, M|100\/100\n|turn|6\n|\n|t:|1697828793\n|move|p1a: Keke Tang|Hyper Voice|p2b: King Arthur|[spread] p2a,p2b\n|-resisted|p2a: Polly\n|-resisted|p2b: King Arthur\n|-damage|p2a: Polly|77\/100\n|-damage|p2b: King Arthur|83\/100\n|move|p2a: Polly|Dazzling Gleam|p1b: big guy|[spread] p1a,p1b\n|-damage|p1a: Keke Tang|78\/100\n|-damage|p1b: big guy|84\/100\n|move|p2b: King Arthur|Toxic|p1a: Keke Tang\n|-status|p1a: Keke Tang|tox\n|move|p1b: big guy|Heavy Slam|p2a: Polly\n|-supereffective|p2a: Polly\n|-damage|p2a: Polly|6\/100\n|\n|-heal|p2a: Polly|12\/100|[from] item: Black Sludge\n|-heal|p2b: King Arthur|89\/100|[from] item: Leftovers\n|-heal|p1b: big guy|90\/100|[from] item: Leftovers\n|-damage|p1a: Keke Tang|72\/100 tox|[from] psn\n|-end|p2b: King Arthur|move: Yawn|[silent]\n|-status|p2b: King Arthur|slp\n|upkeep\n|turn|7\n|inactive|WIISPORTSFAN420 has 270 seconds left.\n|\n|t:|1697828830\n|cant|p2b: King Arthur|slp\n|move|p1a: Keke Tang|Hyper Voice|p2a: Polly|[spread] p2a,p2b\n|-resisted|p2a: Polly\n|-resisted|p2b: King Arthur\n|-damage|p2a: Polly|0 fnt\n|-damage|p2b: King Arthur|74\/100 slp\n|faint|p2a: Polly\n|move|p1b: big guy|Wave Crash|p2b: King Arthur\n|-damage|p2b: King Arthur|39\/100 slp\n|-damage|p1b: big guy|83\/100|[from] Recoil\n|\n|-heal|p2b: King Arthur|46\/100 slp|[from] item: Leftovers\n|-heal|p1b: big guy|89\/100|[from] item: Leftovers\n|-damage|p1a: Keke Tang|59\/100 tox|[from] psn\n|upkeep\n|turn|8\n|\n|t:|1697828846\n|move|p1a: Keke Tang|Moonblast|p2b: King Arthur\n|-resisted|p2b: King Arthur\n|-damage|p2b: King Arthur|26\/100 slp\n|cant|p2b: King Arthur|slp\n|move|p1b: big guy|Wave Crash|p2b: King Arthur\n|-damage|p2b: King Arthur|0 fnt\n|faint|p2b: King Arthur\n|-damage|p1b: big guy|83\/100|[from] Recoil\n|\n|win|WIISPORTSFAN420\n","uploadtime":1697828856,"views":12,"p1id":"wiisportsfan420","p2id":"megamania001","formatid":"gen9nationaldexdoubles","rating":0,"private":0,"password":""}