{"id":"gen9nationaldexdoubles-1955640311","p1":"Tukitiko","p2":"Cowtown Cowfolk","format":"[Gen 9] National Dex Doubles","log":"|j|\u2606Tukitiko\n|j|\u2606Cowtown Cowfolk\n|t:|1696014371\n|gametype|doubles\n|player|p1|Tukitiko|lusamine-nihilego|1377\n|player|p2|Cowtown Cowfolk|clay|1248\n|teamsize|p1|6\n|teamsize|p2|6\n|gen|9\n|tier|[Gen 9] National Dex Doubles\n|rated|\n|rule|HP Percentage Mod: HP is shown in percentages\n|rule|Endless Battle Clause: Forcing endless battles is banned\n|rule|OHKO Clause: OHKO moves are banned\n|rule|Evasion Moves Clause: Evasion moves are banned\n|rule|Evasion Abilities Clause: Evasion abilities are banned\n|rule|Species Clause: Limit one of each Pok\u00e9mon\n|rule|Gravity Sleep Clause: The combination of sleep-inducing moves with imperfect accuracy and Gravity or Gigantamax Orbeetle are banned\n|clearpoke\n|poke|p1|Oranguru, F|\n|poke|p1|Slowbro, M|\n|poke|p1|Crawdaunt, M|\n|poke|p1|Marowak-Alola, M|\n|poke|p1|Buzzwole|\n|poke|p1|Malamar, F|\n|poke|p2|Dragonite, M|\n|poke|p2|Medicham, M|\n|poke|p2|Regigigas|\n|poke|p2|Comfey, M|\n|poke|p2|Sableye, M|\n|poke|p2|Arboliva, F|\n|teampreview\n|\n|t:|1696014399\n|start\n|switch|p1a: Changa|Oranguru, F|100\/100\n|switch|p1b: Taladro brrrrrr|Slowbro, M|100\/100\n|switch|p2a: Sableye|Sableye, M|100\/100\n|switch|p2b: Dragonite|Dragonite, M|100\/100\n|turn|1\n|\n|t:|1696014414\n|detailschange|p1b: Taladro brrrrrr|Slowbro-Mega, M\n|-mega|p1b: Taladro brrrrrr|Slowbro|Slowbronite\n|move|p2a: Sableye|Fake Out|p1b: Taladro brrrrrr\n|-damage|p1b: Taladro brrrrrr|97\/100\n|move|p2b: Dragonite|Sky Drop||[still]\n|-prepare|p2b: Dragonite|Sky Drop|p1a: Changa\n|cant|p1b: Taladro brrrrrr|flinch\n|\n|upkeep\n|turn|2\n|\n|t:|1696014426\n|move|p2a: Sableye|Will-O-Wisp|p1b: Taladro brrrrrr\n|-status|p1b: Taladro brrrrrr|brn\n|move|p2b: Dragonite|Sky Drop|p1a: Changa|[from]lockedmove\n|-damage|p1a: Changa|82\/100\n|-end|p1a: Changa|Sky Drop\n|move|p1b: Taladro brrrrrr|Nasty Plot|p1b: Taladro brrrrrr\n|-boost|p1b: Taladro brrrrrr|spa|2\n|move|p1a: Changa|Trick Room|p1a: Changa\n|-fieldstart|move: Trick Room|[of] p1a: Changa\n|\n|-heal|p1a: Changa|88\/100|[from] item: Leftovers\n|-damage|p1b: Taladro brrrrrr|91\/100 brn|[from] brn\n|upkeep\n|turn|3\n|\n|t:|1696014449\n|move|p2a: Sableye|Will-O-Wisp|p1a: Changa\n|-status|p1a: Changa|brn\n|move|p1b: Taladro brrrrrr|Surf|p2b: Dragonite|[spread] p2a,p2b\n|-activate|p1a: Changa|ability: Telepathy\n|-resisted|p2b: Dragonite\n|-damage|p2a: Sableye|23\/100\n|-damage|p2b: Dragonite|89\/100\n|move|p1a: Changa|Instruct|p1b: Taladro brrrrrr\n|-singleturn|p1b: Taladro brrrrrr|move: Instruct|[of] p1a: Changa\n|move|p1b: Taladro brrrrrr|Surf|p2b: Dragonite|[spread] p2a,p2b\n|-activate|p1a: Changa|ability: Telepathy\n|-resisted|p2b: Dragonite\n|-damage|p2a: Sableye|0 fnt\n|-damage|p2b: Dragonite|67\/100\n|faint|p2a: Sableye\n|move|p2b: Dragonite|Sky Drop||[still]\n|-prepare|p2b: Dragonite|Sky Drop|p1b: Taladro brrrrrr\n|\n|-heal|p1a: Changa|94\/100 brn|[from] item: Leftovers\n|-heal|p2b: Dragonite|73\/100|[from] item: Leftovers\n|-damage|p1b: Taladro brrrrrr|85\/100 brn|[from] brn\n|-damage|p1a: Changa|88\/100 brn|[from] brn\n|upkeep\n|\n|t:|1696014470\n|switch|p2a: Arboliva|Arboliva, F|100\/100\n|turn|4\n|\n|t:|1696014489\n|move|p2a: Arboliva|Leech Seed|p1a: Changa|[miss]\n|-miss|p2a: Arboliva|p1a: Changa\n|move|p1a: Changa|Instruct|p1b: Taladro brrrrrr|[miss]\n|-miss|p1a: Changa|p1b: Taladro brrrrrr\n|move|p2b: Dragonite|Sky Drop|p1b: Taladro brrrrrr|[from]lockedmove\n|-damage|p1b: Taladro brrrrrr|69\/100 brn\n|-end|p1b: Taladro brrrrrr|Sky Drop\n|\n|-heal|p1a: Changa|94\/100 brn|[from] item: Leftovers\n|-heal|p2b: Dragonite|79\/100|[from] item: Leftovers\n|-damage|p1b: Taladro brrrrrr|63\/100 brn|[from] brn\n|-damage|p1a: Changa|88\/100 brn|[from] brn\n|upkeep\n|turn|5\n|\n|t:|1696014511\n|move|p2b: Dragonite|Extreme Speed|p1b: Taladro brrrrrr\n|-damage|p1b: Taladro brrrrrr|52\/100 brn\n|move|p1b: Taladro brrrrrr|Ice Beam|p2b: Dragonite\n|-supereffective|p2b: Dragonite\n|-damage|p2b: Dragonite|0 fnt\n|faint|p2b: Dragonite\n|move|p2a: Arboliva|Energy Ball|p1b: Taladro brrrrrr\n|-supereffective|p1b: Taladro brrrrrr\n|-damage|p1b: Taladro brrrrrr|0 fnt\n|faint|p1b: Taladro brrrrrr\n|move|p1a: Changa|Instruct|p1: Taladro brrrrrr|[notarget]\n|-fail|p1a: Changa\n|\n|-heal|p1a: Changa|94\/100 brn|[from] item: Leftovers\n|-damage|p1a: Changa|88\/100 brn|[from] brn\n|upkeep\n|\n|t:|1696014531\n|switch|p1b: Crawdaunt|Crawdaunt, M|100\/100\n|switch|p2b: Regigigas|Regigigas|100\/100\n|-start|p2b: Regigigas|ability: Slow Start\n|turn|6\n|\n|t:|1696014551\n|move|p1a: Changa|Ally Switch|p1a: Changa\n|swap|p1a: Changa|1|[from] move: Ally Switch\n|move|p2a: Arboliva|Fling|p2b: Regigigas\n|-damage|p2b: Regigigas|99\/100\n|-boost|p2b: Regigigas|spa|2|[from] item: Starf Berry\n|-enditem|p2a: Arboliva|Starf Berry|[from] move: Fling\n|move|p2b: Regigigas|Drain Punch|p1b: Changa\n|-damage|p1b: Changa|75\/100 brn\n|-heal|p2b: Regigigas|100\/100|[from] drain|[of] p1b: Changa\n|move|p1a: Crawdaunt|Crabhammer|p2b: Regigigas\n|-crit|p2b: Regigigas\n|-damage|p2b: Regigigas|0 fnt\n|faint|p2b: Regigigas\n|-end|p2b: Regigigas|Slow Start|[silent]\n|\n|-heal|p1b: Changa|81\/100 brn|[from] item: Leftovers\n|-damage|p1b: Changa|75\/100 brn|[from] brn\n|-fieldend|move: Trick Room\n|upkeep\n|\n|t:|1696014566\n|switch|p2b: Comfey|Comfey, M|100\/100\n|turn|7\n|\n|t:|1696014585\n|switch|p1a: Sans|Marowak-Alola, M, shiny|100\/100\n|move|p2b: Comfey|Calm Mind|p2b: Comfey\n|-boost|p2b: Comfey|spa|1\n|-boost|p2b: Comfey|spd|1\n|move|p2a: Arboliva|Energy Ball|p1a: Sans\n|-resisted|p1a: Sans\n|-damage|p1a: Sans|76\/100\n|move|p1b: Changa|Trick Room|p1b: Changa\n|-fieldstart|move: Trick Room|[of] p1b: Changa\n|\n|-heal|p1b: Changa|81\/100 brn|[from] item: Leftovers\n|-damage|p1b: Changa|75\/100 brn|[from] brn\n|upkeep\n|turn|8\n|\n|t:|1696014608\n|move|p1a: Sans|Flare Blitz|p2a: Arboliva\n|-supereffective|p2a: Arboliva\n|-damage|p2a: Arboliva|0 fnt\n|faint|p2a: Arboliva\n|move|p1b: Changa|Instruct|p1a: Sans\n|-singleturn|p1a: Sans|move: Instruct|[of] p1b: Changa\n|move|p1a: Sans|Flare Blitz|p2b: Comfey\n|-damage|p2b: Comfey|0 fnt\n|faint|p2b: Comfey\n|\n|-heal|p1b: Changa|81\/100 brn|[from] item: Leftovers\n|-damage|p1b: Changa|75\/100 brn|[from] brn\n|upkeep\n|\n|t:|1696014617\n|switch|p2a: Medicham|Medicham, M|100\/100\n|turn|9\n|\n|t:|1696014625\n|move|p1b: Changa|Ally Switch|p1b: Changa\n|swap|p1b: Changa|0|[from] move: Ally Switch\n|move|p2a: Medicham|Feint|p1b: Sans\n|-immune|p1b: Sans\n|move|p1b: Sans|Poltergeist|p2a: Medicham\n|-activate|p2a: Medicham|move: Poltergeist|Choice Scarf\n|-supereffective|p2a: Medicham\n|-damage|p2a: Medicham|0 fnt\n|faint|p2a: Medicham\n|\n|win|Tukitiko\n|raw|Tukitiko's rating: 1377 &rarr; <strong>1390<\/strong><br \/>(+13 for winning)\n|raw|Cowtown Cowfolk's rating: 1248 &rarr; <strong>1232<\/strong><br \/>(-16 for losing)\n|l|\u2606Cowtown Cowfolk\n","uploadtime":1696014640,"views":7,"p1id":"tukitiko","p2id":"cowtowncowfolk","formatid":"gen9nationaldexdoubles","rating":1232,"private":0,"password":""}