{"id":"gen9nationaldexdoubles-1981381244","p1":"Retsuna","p2":"davidnwa","format":"[Gen 9] National Dex Doubles","log":"|j|\u2606Retsuna\n|j|\u2606davidnwa\n|t:|1698889591\n|gametype|doubles\n|player|p1|Retsuna|adaman|1155\n|player|p2|davidnwa|1|1269\n|teamsize|p1|6\n|teamsize|p2|6\n|gen|9\n|tier|[Gen 9] National Dex Doubles\n|rated|\n|rule|HP Percentage Mod: HP is shown in percentages\n|rule|Endless Battle Clause: Forcing endless battles is banned\n|rule|OHKO Clause: OHKO moves are banned\n|rule|Evasion Moves Clause: Evasion moves are banned\n|rule|Evasion Abilities Clause: Evasion abilities are banned\n|rule|Species Clause: Limit one of each Pok\u00e9mon\n|rule|Gravity Sleep Clause: The combination of sleep-inducing moves with imperfect accuracy and Gravity or Gigantamax Orbeetle are banned\n|clearpoke\n|poke|p1|Decidueye, M|\n|poke|p1|Pidgeot, F|\n|poke|p1|Volcarona, M|\n|poke|p1|Lycanroc-Dusk, F|\n|poke|p1|Kommo-o, M|\n|poke|p1|Goodra, F|\n|poke|p2|Blacephalon|\n|poke|p2|Typhlosion, M|\n|poke|p2|Ninetales, M|\n|poke|p2|Chi-Yu|\n|poke|p2|Armarouge, F|\n|poke|p2|Torkoal, M|\n|teampreview\n|inactive|Battle timer is ON: inactive players will automatically lose when time's up. (requested by davidnwa)\n|\n|t:|1698889602\n|start\n|switch|p1a: Decidueye|Decidueye, M, shiny|100\/100\n|switch|p1b: Goodra|Goodra, F|100\/100\n|switch|p2a: Blacephalon|Blacephalon, shiny|100\/100\n|switch|p2b: Ninetales|Ninetales, M|100\/100\n|-weather|SunnyDay|[from] ability: Drought|[of] p2b: Ninetales\n|turn|1\n|inactive|Retsuna has 120 seconds left.\n|\n|t:|1698889642\n|switch|p2b: Typhlosion|Typhlosion, M, shiny|100\/100\n|-terastallize|p2a: Blacephalon|Fire\n|-terastallize|p1a: Decidueye|Dark\n|move|p1a: Decidueye|Sucker Punch|p2a: Blacephalon\n|-damage|p2a: Blacephalon|0 fnt\n|faint|p2a: Blacephalon\n|move|p1b: Goodra|Rain Dance|p1b: Goodra\n|-weather|RainDance\n|\n|-weather|RainDance|[upkeep]\n|upkeep\n|inactive|davidnwa has 120 seconds left.\n|\n|t:|1698889688\n|switch|p2a: Torkoal|Torkoal, M|100\/100\n|-weather|SunnyDay|[from] ability: Drought|[of] p2a: Torkoal\n|turn|2\n|inactive|Retsuna has 120 seconds left.\n|\n|t:|1698889725\n|switch|p1a: Kommo-o|Kommo-o, M|100\/100\n|move|p2b: Typhlosion|Eruption|p1a: Kommo-o|[spread] p1a,p1b\n|-resisted|p1a: Kommo-o\n|-resisted|p1b: Goodra\n|-damage|p1a: Kommo-o|49\/100\n|-damage|p1b: Goodra|82\/100\n|move|p1b: Goodra|Rain Dance|p1b: Goodra\n|-weather|RainDance\n|move|p2a: Torkoal|Eruption|p1b: Goodra|[spread] p1a,p1b\n|-resisted|p1a: Kommo-o\n|-resisted|p1b: Goodra\n|-damage|p1a: Kommo-o|34\/100\n|-damage|p1b: Goodra|76\/100\n|\n|-weather|RainDance|[upkeep]\n|upkeep\n|turn|3\n|\n|t:|1698889735\n|switch|p2a: Ninetales|Ninetales, M|100\/100\n|-weather|SunnyDay|[from] ability: Drought|[of] p2a: Ninetales\n|move|p2b: Typhlosion|Eruption|p1a: Kommo-o|[spread] p1a,p1b\n|-resisted|p1a: Kommo-o\n|-resisted|p1b: Goodra\n|-damage|p1a: Kommo-o|0 fnt\n|-damage|p1b: Goodra|58\/100\n|faint|p1a: Kommo-o\n|move|p1b: Goodra|Toxic|p2b: Typhlosion\n|-status|p2b: Typhlosion|tox\n|\n|-weather|SunnyDay|[upkeep]\n|-damage|p2b: Typhlosion|94\/100 tox|[from] psn\n|upkeep\n|\n|t:|1698889742\n|switch|p1a: Lycanroc|Lycanroc-Dusk, F|100\/100\n|turn|4\n|\n|t:|1698889751\n|move|p2b: Typhlosion|Eruption|p1b: Goodra|[spread] p1a,p1b\n|-resisted|p1a: Lycanroc\n|-resisted|p1b: Goodra\n|-damage|p1a: Lycanroc|41\/100\n|-damage|p1b: Goodra|42\/100\n|move|p1a: Lycanroc|Drill Run|p2b: Typhlosion\n|-supereffective|p2b: Typhlosion\n|-damage|p2b: Typhlosion|0 fnt\n|faint|p2b: Typhlosion\n|move|p2a: Ninetales|Heat Wave|p1b: Goodra|[spread] p1a,p1b\n|-resisted|p1a: Lycanroc\n|-resisted|p1b: Goodra\n|-damage|p1a: Lycanroc|7\/100\n|-damage|p1b: Goodra|32\/100\n|move|p1b: Goodra|Toxic|p2a: Ninetales\n|-status|p2a: Ninetales|tox\n|\n|-weather|SunnyDay|[upkeep]\n|-damage|p2a: Ninetales|95\/100 tox|[from] psn\n|upkeep\n|\n|t:|1698889758\n|switch|p2b: Armarouge|Armarouge, F, shiny|100\/100\n|turn|5\n|\n|t:|1698889763\n|move|p1a: Lycanroc|Accelerock|p2a: Ninetales\n|-supereffective|p2a: Ninetales\n|-damage|p2a: Ninetales|23\/100 tox\n|move|p2a: Ninetales|Heat Wave|p1a: Lycanroc|[spread] p1a,p1b\n|-resisted|p1a: Lycanroc\n|-resisted|p1b: Goodra\n|-damage|p1a: Lycanroc|0 fnt\n|-damage|p1b: Goodra|22\/100\n|faint|p1a: Lycanroc\n|move|p1b: Goodra|Rain Dance|p1b: Goodra\n|-weather|RainDance\n|move|p2b: Armarouge|Heat Wave|p1b: Goodra|[miss]\n|-miss|p2b: Armarouge|p1b: Goodra\n|\n|-weather|RainDance|[upkeep]\n|-damage|p2a: Ninetales|12\/100 tox|[from] psn\n|upkeep\n|\n|t:|1698889768\n|switch|p1a: Decidueye|Decidueye, M, shiny, tera:Dark|100\/100\n|turn|6\n|\n|t:|1698889787\n|switch|p2b: Torkoal|Torkoal, M|100\/100\n|-weather|SunnyDay|[from] ability: Drought|[of] p2b: Torkoal\n|move|p2a: Ninetales|Heat Wave|p1b: Goodra|[spread] p1a\n|-miss|p2a: Ninetales|p1b: Goodra\n|-damage|p1a: Decidueye|60\/100\n|move|p1b: Goodra|Rest|p1b: Goodra\n|-status|p1b: Goodra|slp|[from] move: Rest\n|-heal|p1b: Goodra|100\/100 slp|[silent]\n|move|p1a: Decidueye|Poltergeist|p2b: Torkoal\n|-activate|p2b: Torkoal|move: Poltergeist|Assault Vest\n|-damage|p2b: Torkoal|36\/100\n|\n|-weather|SunnyDay|[upkeep]\n|-damage|p2a: Ninetales|0 fnt|[from] psn\n|faint|p2a: Ninetales\n|upkeep\n|\n|t:|1698889797\n|switch|p2a: Armarouge|Armarouge, F, shiny|100\/100\n|turn|7\n|\n|t:|1698889805\n|cant|p1b: Goodra|slp\n|move|p1a: Decidueye|Poltergeist|p2a: Armarouge\n|-activate|p2a: Armarouge|move: Poltergeist|Weakness Policy\n|-supereffective|p2a: Armarouge\n|-damage|p2a: Armarouge|0 fnt\n|faint|p2a: Armarouge\n|move|p2b: Torkoal|Heat Wave|p1a: Decidueye|[spread] p1a,p1b\n|-resisted|p1b: Goodra\n|-damage|p1a: Decidueye|14\/100\n|-damage|p1b: Goodra|89\/100 slp\n|\n|-weather|SunnyDay|[upkeep]\n|upkeep\n|-message|davidnwa forfeited.\n|\n|win|Retsuna\n|raw|Retsuna's rating: 1155 &rarr; <strong>1188<\/strong><br \/>(+33 for winning)\n|raw|davidnwa's rating: 1269 &rarr; <strong>1236<\/strong><br \/>(-33 for losing)\n|l|\u2606davidnwa\n","uploadtime":1698889817,"views":7,"p1id":"retsuna","p2id":"davidnwa","formatid":"gen9nationaldexdoubles","rating":1188,"private":0,"password":""}