{"id":"gen9nationaldexdoubles-1961191091","p1":"cediedesu","p2":"Gumbus wumbus","format":"[Gen 9] National Dex Doubles","log":"|j|\u2606cediedesu\n|j|\u2606Gumbus wumbus\n|t:|1696605059\n|gametype|doubles\n|player|p1|cediedesu|veteran|\n|player|p2|Gumbus wumbus|clown|\n|teamsize|p1|6\n|teamsize|p2|6\n|gen|9\n|tier|[Gen 9] National Dex Doubles\n|rule|HP Percentage Mod: HP is shown in percentages\n|rule|Endless Battle Clause: Forcing endless battles is banned\n|rule|OHKO Clause: OHKO moves are banned\n|rule|Evasion Moves Clause: Evasion moves are banned\n|rule|Evasion Abilities Clause: Evasion abilities are banned\n|rule|Species Clause: Limit one of each Pok\u00e9mon\n|rule|Gravity Sleep Clause: The combination of sleep-inducing moves with imperfect accuracy and Gravity or Gigantamax Orbeetle are banned\n|clearpoke\n|poke|p1|Ferrothorn, M|\n|poke|p1|Appletun, F|\n|poke|p1|Kingdra, F|\n|poke|p1|Cradily, F|\n|poke|p1|Tyrantrum, M|\n|poke|p1|Sceptile, F|\n|poke|p2|Klawf, M|\n|poke|p2|Cloyster, F|\n|poke|p2|Shelgon, M|\n|poke|p2|Forretress, M|\n|poke|p2|Clawitzer, M|\n|poke|p2|Goodra-Hisui, M|\n|teampreview\n|inactive|Battle timer is ON: inactive players will automatically lose when time's up. (requested by cediedesu)\n|\n|t:|1696605075\n|start\n|switch|p1a: Ferrothorn|Ferrothorn, M|100\/100\n|switch|p1b: Appletun|Appletun, F|100\/100\n|switch|p2a: Shellfishery|Cloyster, F, shiny|100\/100\n|switch|p2b: Bombshell|Clawitzer, M, shiny|100\/100\n|turn|1\n|inactive|Gumbus wumbus has 270 seconds left.\n|inactive|cediedesu has 270 seconds left.\n|\n|t:|1696605116\n|switch|p2a: Shellshocked|Shelgon, M, shiny|100\/100\n|-terastallize|p2b: Bombshell|Grass\n|move|p2b: Bombshell|Aura Sphere|p1a: Ferrothorn\n|-supereffective|p1a: Ferrothorn\n|-damage|p1a: Ferrothorn|35\/100\n|move|p1b: Appletun|Apple Acid|p2b: Bombshell\n|-resisted|p2b: Bombshell\n|-damage|p2b: Bombshell|91\/100\n|-unboost|p2b: Bombshell|spd|1\n|move|p1a: Ferrothorn|Gyro Ball|p2a: Shellshocked\n|-crit|p2a: Shellshocked\n|-damage|p2a: Shellshocked|71\/100\n|\n|upkeep\n|turn|2\n|inactive|cediedesu has 270 seconds left.\n|\n|t:|1696605140\n|move|p2b: Bombshell|Ice Beam|p1b: Appletun\n|-supereffective|p1b: Appletun\n|-enditem|p1b: Appletun|Yache Berry|[eat]\n|-enditem|p1b: Appletun|Yache Berry|[weaken]\n|-damage|p1b: Appletun|79\/100\n|move|p2a: Shellshocked|Brick Break|p1a: Ferrothorn\n|-supereffective|p1a: Ferrothorn\n|-damage|p1a: Ferrothorn|14\/100\n|-damage|p2a: Shellshocked|59\/100|[from] ability: Iron Barbs|[of] p1a: Ferrothorn\n|-damage|p2a: Shellshocked|43\/100|[from] item: Rocky Helmet|[of] p1a: Ferrothorn\n|move|p1b: Appletun|Reflect|p1b: Appletun\n|-sidestart|p1: cediedesu|Reflect\n|move|p1a: Ferrothorn|Body Press|p2a: Shellshocked\n|-damage|p2a: Shellshocked|23\/100\n|\n|upkeep\n|turn|3\n|inactive|cediedesu has 270 seconds left.\n|inactive|Gumbus wumbus has 270 seconds left.\n|\n|t:|1696605180\n|move|p2b: Bombshell|Ice Beam|p1b: Appletun\n|-supereffective|p1b: Appletun\n|-damage|p1b: Appletun|38\/100\n|move|p2a: Shellshocked|Brick Break|p1a: Ferrothorn\n|-sideend|p1: cediedesu|Reflect\n|-supereffective|p1a: Ferrothorn\n|-damage|p1a: Ferrothorn|0 fnt\n|-damage|p2a: Shellshocked|11\/100|[from] ability: Iron Barbs|[of] p1a: Ferrothorn\n|-damage|p2a: Shellshocked|0 fnt|[from] item: Rocky Helmet|[of] p1a: Ferrothorn\n|faint|p1a: Ferrothorn\n|faint|p2a: Shellshocked\n|move|p1b: Appletun|Apple Acid|p2b: Bombshell\n|-resisted|p2b: Bombshell\n|-damage|p2b: Bombshell|77\/100\n|-unboost|p2b: Bombshell|spd|1\n|\n|upkeep\n|inactive|Gumbus wumbus has 270 seconds left.\n|\n|t:|1696605203\n|switch|p2a: Busheller|Klawf, M, shiny|100\/100\n|switch|p1a: Kingdra|Kingdra, F|100\/100\n|turn|4\n|\n|t:|1696605223\n|move|p2a: Busheller|Protect|p2a: Busheller\n|-singleturn|p2a: Busheller|Protect\n|move|p1a: Kingdra|Ice Beam|p2b: Bombshell\n|-supereffective|p2b: Bombshell\n|-damage|p2b: Bombshell|12\/100\n|move|p2b: Bombshell|Ice Beam|p1b: Appletun\n|-supereffective|p1b: Appletun\n|-damage|p1b: Appletun|0 fnt\n|faint|p1b: Appletun\n|\n|upkeep\n|\n|t:|1696605236\n|switch|p1b: Sceptile|Sceptile, F|100\/100\n|turn|5\n|\n|t:|1696605249\n|switch|p2a: Shellproof|Goodra-Hisui, M, shiny|100\/100\n|switch|p2b: Nutshell|Forretress, M, shiny|100\/100\n|move|p1b: Sceptile|Leaf Storm|p2a: Shellproof\n|-resisted|p2a: Shellproof\n|-damage|p2a: Shellproof|92\/100\n|-unboost|p1b: Sceptile|spa|2\n|-enditem|p1b: Sceptile|White Herb\n|-clearnegativeboost|p1b: Sceptile|[silent]\n|move|p1a: Kingdra|Flip Turn|p2b: Nutshell\n|-damage|p2b: Nutshell|88\/100\n|\n|t:|1696605265\n|switch|p1a: Cradily|Cradily, F|100\/100|[from] Flip Turn\n|\n|-heal|p2a: Shellproof|98\/100|[from] item: Leftovers\n|upkeep\n|turn|6\n|\n|t:|1696605282\n|move|p1b: Sceptile|Drain Punch|p2a: Shellproof\n|-supereffective|p2a: Shellproof\n|-damage|p2a: Shellproof|66\/100\n|move|p2a: Shellproof|Flash Cannon|p1a: Cradily\n|-supereffective|p1a: Cradily\n|-damage|p1a: Cradily|52\/100\n|move|p1a: Cradily|Curse|p1a: Cradily\n|-unboost|p1a: Cradily|spe|1\n|-boost|p1a: Cradily|atk|1\n|-boost|p1a: Cradily|def|1\n|move|p2b: Nutshell|Bug Bite|p1b: Sceptile\n|-supereffective|p1b: Sceptile\n|-damage|p1b: Sceptile|18\/100\n|\n|-heal|p2a: Shellproof|72\/100|[from] item: Leftovers\n|-heal|p1a: Cradily|58\/100|[from] item: Leftovers\n|upkeep\n|turn|7\n|\n|t:|1696605308\n|move|p2a: Shellproof|Protect|p2a: Shellproof\n|-singleturn|p2a: Shellproof|Protect\n|move|p1b: Sceptile|Drain Punch|p2a: Shellproof\n|-activate|p2a: Shellproof|move: Protect\n|move|p2b: Nutshell|Bug Bite|p1b: Sceptile\n|-supereffective|p1b: Sceptile\n|-damage|p1b: Sceptile|0 fnt\n|faint|p1b: Sceptile\n|move|p1a: Cradily|Leech Seed|p2b: Nutshell\n|-start|p2b: Nutshell|move: Leech Seed\n|\n|-heal|p2a: Shellproof|78\/100|[from] item: Leftovers\n|-heal|p1a: Cradily|64\/100|[from] item: Leftovers\n|-damage|p2b: Nutshell|75\/100|[from] Leech Seed|[of] p1a: Cradily\n|-heal|p1a: Cradily|74\/100|[silent]\n|upkeep\n|inactive|cediedesu has 270 seconds left.\n|\n|t:|1696605324\n|switch|p1b: Kingdra|Kingdra, F|100\/100\n|turn|8\n|inactive|Gumbus wumbus has 270 seconds left.\n|\n|t:|1696605361\n|switch|p2b: Bombshell|Clawitzer, M, shiny, tera:Grass|12\/100\n|move|p1b: Kingdra|Scald|p1a: Cradily\n|-activate|p1a: Cradily|ability: Storm Drain\n|-ability|p1a: Cradily|Storm Drain|boost\n|-boost|p1a: Cradily|spa|1\n|move|p2a: Shellproof|Dragon Pulse|p1b: Kingdra\n|-supereffective|p1b: Kingdra\n|-damage|p1b: Kingdra|45\/100\n|move|p1a: Cradily|Leech Seed|p2a: Shellproof\n|-start|p2a: Shellproof|move: Leech Seed\n|\n|-heal|p2a: Shellproof|84\/100|[from] item: Leftovers\n|-heal|p1a: Cradily|80\/100|[from] item: Leftovers\n|-damage|p2a: Shellproof|71\/100|[from] Leech Seed|[of] p1a: Cradily\n|-heal|p1a: Cradily|93\/100|[silent]\n|upkeep\n|turn|9\n|inactive|Gumbus wumbus has 270 seconds left.\n|inactive|cediedesu has 270 seconds left.\n|\n|t:|1696605393\n|switch|p2b: Nutshell|Forretress, M, shiny|75\/100\n|move|p1b: Kingdra|Ice Beam|p2b: Nutshell\n|-resisted|p2b: Nutshell\n|-damage|p2b: Nutshell|61\/100\n|-status|p2b: Nutshell|frz\n|move|p2a: Shellproof|Dragon Pulse|p1b: Kingdra\n|-supereffective|p1b: Kingdra\n|-damage|p1b: Kingdra|0 fnt\n|faint|p1b: Kingdra\n|move|p1a: Cradily|Giga Drain|p2a: Shellproof\n|-resisted|p2a: Shellproof\n|-damage|p2a: Shellproof|66\/100\n|-heal|p1a: Cradily|96\/100|[from] drain|[of] p2a: Shellproof\n|\n|-heal|p2a: Shellproof|72\/100|[from] item: Leftovers\n|-heal|p1a: Cradily|100\/100|[from] item: Leftovers\n|-damage|p2a: Shellproof|59\/100|[from] Leech Seed|[of] p1a: Cradily\n|upkeep\n|inactive|cediedesu has 270 seconds left.\n|\n|t:|1696605412\n|switch|p1b: Tyrantrum|Tyrantrum, M|100\/100\n|turn|10\n|\n|t:|1696605423\n|switch|p2a: Bombshell|Clawitzer, M, shiny, tera:Grass|12\/100\n|switch|p2b: Shellfishery|Cloyster, F, shiny|100\/100\n|move|p1b: Tyrantrum|Earthquake|p2a: Bombshell|[spread] p1a,p2a,p2b\n|-resisted|p2a: Bombshell\n|-damage|p1a: Cradily|85\/100\n|-damage|p2a: Bombshell|0 fnt\n|-damage|p2b: Shellfishery|77\/100\n|faint|p2a: Bombshell\n|move|p1a: Cradily|Curse|p1a: Cradily\n|-unboost|p1a: Cradily|spe|1\n|-boost|p1a: Cradily|atk|1\n|-boost|p1a: Cradily|def|1\n|\n|-heal|p1a: Cradily|92\/100|[from] item: Leftovers\n|upkeep\n|inactive|Gumbus wumbus has 270 seconds left.\n|\n|t:|1696605447\n|switch|p2a: Shellproof|Goodra-Hisui, M, shiny|59\/100\n|turn|11\n|inactive|Gumbus wumbus has 270 seconds left.\n|\n|t:|1696605473\n|move|p2b: Shellfishery|Icicle Spear|p1b: Tyrantrum\n|-supereffective|p1b: Tyrantrum\n|-damage|p1b: Tyrantrum|80\/100\n|-supereffective|p1b: Tyrantrum\n|-damage|p1b: Tyrantrum|61\/100\n|-supereffective|p1b: Tyrantrum\n|-damage|p1b: Tyrantrum|43\/100\n|-supereffective|p1b: Tyrantrum\n|-damage|p1b: Tyrantrum|24\/100\n|-supereffective|p1b: Tyrantrum\n|-damage|p1b: Tyrantrum|4\/100\n|-hitcount|p1b: Tyrantrum|5\n|move|p1b: Tyrantrum|Earthquake|p2a: Shellproof|[spread] p1a,p2a,p2b\n|-supereffective|p2a: Shellproof\n|-damage|p1a: Cradily|80\/100\n|-damage|p2a: Shellproof|15\/100\n|-damage|p2b: Shellfishery|54\/100\n|move|p2a: Shellproof|Flash Cannon|p1a: Cradily\n|-supereffective|p1a: Cradily\n|-damage|p1a: Cradily|33\/100\n|-unboost|p1a: Cradily|spd|1\n|move|p1a: Cradily|Giga Drain|p2b: Shellfishery\n|-supereffective|p2b: Shellfishery\n|-damage|p2b: Shellfishery|0 fnt\n|-heal|p1a: Cradily|50\/100|[from] drain|[of] p2b: Shellfishery\n|faint|p2b: Shellfishery\n|\n|-heal|p2a: Shellproof|21\/100|[from] item: Leftovers\n|-heal|p1a: Cradily|57\/100|[from] item: Leftovers\n|upkeep\n|\n|t:|1696605502\n|switch|p2b: Busheller|Klawf, M, shiny|100\/100\n|turn|12\n|\n|t:|1696605531\n|move|p2b: Busheller|Brick Break|p1b: Tyrantrum\n|-supereffective|p1b: Tyrantrum\n|-damage|p1b: Tyrantrum|0 fnt\n|faint|p1b: Tyrantrum\n|move|p2a: Shellproof|Flash Cannon|p1a: Cradily\n|-supereffective|p1a: Cradily\n|-damage|p1a: Cradily|0 fnt\n|faint|p1a: Cradily\n|\n|win|Gumbus wumbus\n","uploadtime":1696605567,"views":11,"p1id":"cediedesu","p2id":"gumbuswumbus","formatid":"gen9nationaldexdoubles","rating":0,"private":0,"password":""}