{"id":"gen9nationaldexdoubles-1990235686","p1":"XxBlazefirexX","p2":"Darklight7o2","format":"[Gen 9] National Dex Doubles","log":"|j|\u2606XxBlazefirexX\n|j|\u2606Darklight7o2\n|t:|1699941980\n|gametype|doubles\n|player|p1|XxBlazefirexX|lance|1046\n|player|p2|Darklight7o2|gardenia|1040\n|teamsize|p1|6\n|teamsize|p2|6\n|gen|9\n|tier|[Gen 9] National Dex Doubles\n|rated|\n|rule|HP Percentage Mod: HP is shown in percentages\n|rule|Endless Battle Clause: Forcing endless battles is banned\n|rule|OHKO Clause: OHKO moves are banned\n|rule|Evasion Moves Clause: Evasion moves are banned\n|rule|Evasion Abilities Clause: Evasion abilities are banned\n|rule|Species Clause: Limit one of each Pok\u00e9mon\n|rule|Gravity Sleep Clause: The combination of sleep-inducing moves with imperfect accuracy and Gravity or Gigantamax Orbeetle are banned\n|clearpoke\n|poke|p1|Victini|\n|poke|p1|Malamar, M|\n|poke|p1|Blastoise, F|\n|poke|p1|Whimsicott, M|\n|poke|p1|Kyurem-Black|\n|poke|p1|Amoonguss, F|\n|poke|p2|Kommo-o, F|\n|poke|p2|Maushold-Four|\n|poke|p2|Gliscor, F|\n|poke|p2|Metagross|\n|poke|p2|Armarouge, M|\n|poke|p2|Tinkaton, F|\n|teampreview\n|\n|t:|1699941984\n|start\n|switch|p1a: Contary Victini|Victini|100\/100\n|switch|p1b: The Switchable|Malamar, M|100\/100\n|switch|p2a: Kommo-o|Kommo-o, F|100\/100\n|switch|p2b: Maushold|Maushold-Four|100\/100\n|turn|1\n|\n|t:|1699941997\n|move|p2b: Maushold|Population Bomb|p1b: The Switchable\n|-crit|p1b: The Switchable\n|-damage|p1b: The Switchable|88\/100\n|-damage|p1b: The Switchable|80\/100\n|-damage|p1b: The Switchable|72\/100\n|-crit|p1b: The Switchable\n|-damage|p1b: The Switchable|59\/100\n|-crit|p1b: The Switchable\n|-damage|p1b: The Switchable|47\/100\n|-enditem|p1b: The Switchable|Sitrus Berry|[eat]\n|-heal|p1b: The Switchable|72\/100|[from] item: Sitrus Berry\n|-damage|p1b: The Switchable|64\/100\n|-damage|p1b: The Switchable|57\/100\n|-damage|p1b: The Switchable|49\/100\n|-hitcount|p1b: The Switchable|8\n|move|p1a: Contary Victini|Skill Swap|p1b: The Switchable\n|-activate|p1a: Contary Victini|move: Skill Swap|||[of] p1b: The Switchable\n|move|p2a: Kommo-o|Clangorous Soul|p2a: Kommo-o\n|-boost|p2a: Kommo-o|atk|1\n|-boost|p2a: Kommo-o|def|1\n|-boost|p2a: Kommo-o|spa|1\n|-boost|p2a: Kommo-o|spd|1\n|-boost|p2a: Kommo-o|spe|1\n|-damage|p2a: Kommo-o|68\/100\n|move|p1b: The Switchable|Sunny Day|p1b: The Switchable\n|-weather|SunnyDay\n|\n|-weather|SunnyDay|[upkeep]\n|upkeep\n|turn|2\n|\n|t:|1699942028\n|move|p2b: Maushold|Population Bomb|p1a: Contary Victini\n|-damage|p1a: Contary Victini|90\/100\n|-damage|p1a: Contary Victini|81\/100\n|-damage|p1a: Contary Victini|71\/100\n|-damage|p1a: Contary Victini|61\/100\n|-damage|p1a: Contary Victini|52\/100\n|-damage|p1a: Contary Victini|43\/100\n|-enditem|p1a: Contary Victini|Sitrus Berry|[eat]\n|-heal|p1a: Contary Victini|68\/100|[from] item: Sitrus Berry\n|-hitcount|p1a: Contary Victini|6\n|move|p2a: Kommo-o|Drain Punch|p1b: The Switchable\n|-damage|p1b: The Switchable|8\/100\n|-heal|p2a: Kommo-o|90\/100|[from] drain|[of] p1b: The Switchable\n|move|p1a: Contary Victini|V-create|p2b: Maushold\n|-damage|p2b: Maushold|0 fnt\n|-boost|p1a: Contary Victini|spe|1\n|-boost|p1a: Contary Victini|def|1\n|-boost|p1a: Contary Victini|spd|1\n|faint|p2b: Maushold\n|move|p1b: The Switchable|Topsy-Turvy|p2a: Kommo-o\n|-invertboost|p2a: Kommo-o|[from] move: Topsy-Turvy\n|\n|-weather|SunnyDay|[upkeep]\n|upkeep\n|\n|t:|1699942057\n|switch|p2b: Gliscor|Gliscor, F|100\/100\n|turn|3\n|\n|t:|1699942066\n|switch|p1b: The Tickler|Whimsicott, M|100\/100\n|move|p1a: Contary Victini|V-create|p2a: Kommo-o\n|-resisted|p2a: Kommo-o\n|-damage|p2a: Kommo-o|25\/100\n|-boost|p1a: Contary Victini|spe|1\n|-boost|p1a: Contary Victini|def|1\n|-boost|p1a: Contary Victini|spd|1\n|move|p2b: Gliscor|Knock Off|p1a: Contary Victini\n|-supereffective|p1a: Contary Victini\n|-damage|p1a: Contary Victini|52\/100\n|move|p2a: Kommo-o|Clangorous Soul||[still]\n|-fail|p2a: Kommo-o\n|\n|-weather|SunnyDay|[upkeep]\n|-status|p2b: Gliscor|tox|[from] item: Toxic Orb\n|upkeep\n|turn|4\n|\n|t:|1699942086\n|move|p1a: Contary Victini|Protect|p1a: Contary Victini\n|-singleturn|p1a: Contary Victini|Protect\n|move|p1b: The Tickler|Tailwind|p1b: The Tickler\n|-sidestart|p1: XxBlazefirexX|move: Tailwind\n|move|p2b: Gliscor|Fling|p1a: Contary Victini\n|-activate|p1a: Contary Victini|move: Protect\n|-enditem|p2b: Gliscor|Toxic Orb|[from] move: Fling\n|move|p2a: Kommo-o|Drain Punch|p1a: Contary Victini\n|-activate|p1a: Contary Victini|move: Protect\n|\n|-weather|SunnyDay|[upkeep]\n|upkeep\n|turn|5\n|\n|t:|1699942105\n|move|p1b: The Tickler|Tickle|p1a: Contary Victini\n|-boost|p1a: Contary Victini|atk|1\n|-boost|p1a: Contary Victini|def|1\n|move|p1a: Contary Victini|V-create|p2b: Gliscor\n|-damage|p2b: Gliscor|0 fnt\n|-boost|p1a: Contary Victini|spe|1\n|-boost|p1a: Contary Victini|def|1\n|-boost|p1a: Contary Victini|spd|1\n|faint|p2b: Gliscor\n|move|p2a: Kommo-o|Drain Punch|p1a: Contary Victini\n|-resisted|p1a: Contary Victini\n|-damage|p1a: Contary Victini|48\/100\n|-heal|p2a: Kommo-o|27\/100|[from] drain|[of] p1a: Contary Victini\n|\n|-weather|none\n|upkeep\n|\n|t:|1699942111\n|switch|p2b: Armarouge|Armarouge, M|100\/100\n|turn|6\n|\n|t:|1699942128\n|move|p1b: The Tickler|Tickle|p1a: Contary Victini\n|-boost|p1a: Contary Victini|atk|1\n|-boost|p1a: Contary Victini|def|1\n|move|p1a: Contary Victini|Stored Power|p2b: Armarouge\n|-resisted|p2b: Armarouge\n|-damage|p2b: Armarouge|44\/100\n|move|p2b: Armarouge|Clear Smog|p1a: Contary Victini\n|-damage|p1a: Contary Victini|42\/100\n|-clearboost|p1a: Contary Victini\n|move|p2a: Kommo-o|Drain Punch|p1b: The Tickler\n|-resisted|p1b: The Tickler\n|-damage|p1b: The Tickler|82\/100\n|-heal|p2a: Kommo-o|34\/100|[from] drain|[of] p1b: The Tickler\n|\n|upkeep\n|turn|7\n|\n|t:|1699942152\n|move|p1b: The Tickler|Tickle|p1a: Contary Victini\n|-boost|p1a: Contary Victini|atk|1\n|-boost|p1a: Contary Victini|def|1\n|move|p1a: Contary Victini|V-create|p2a: Kommo-o\n|-resisted|p2a: Kommo-o\n|-damage|p2a: Kommo-o|0 fnt\n|-boost|p1a: Contary Victini|spe|1\n|-boost|p1a: Contary Victini|def|1\n|-boost|p1a: Contary Victini|spd|1\n|faint|p2a: Kommo-o\n|move|p2b: Armarouge|Calm Mind|p2b: Armarouge\n|-boost|p2b: Armarouge|spa|1\n|-boost|p2b: Armarouge|spd|1\n|\n|-sideend|p1: XxBlazefirexX|move: Tailwind\n|upkeep\n|\n|t:|1699942155\n|switch|p2a: Metagross|Metagross|100\/100\n|turn|8\n|\n|t:|1699942168\n|detailschange|p2a: Metagross|Metagross-Mega\n|-mega|p2a: Metagross|Metagross|Metagrossite\n|move|p1b: The Tickler|Tailwind|p1b: The Tickler\n|-sidestart|p1: XxBlazefirexX|move: Tailwind\n|move|p2a: Metagross|Bullet Punch|p1a: Contary Victini\n|-resisted|p1a: Contary Victini\n|-damage|p1a: Contary Victini|35\/100\n|move|p1a: Contary Victini|V-create|p2b: Armarouge\n|-start|p2b: Armarouge|ability: Flash Fire\n|move|p2b: Armarouge|Shadow Ball|p1a: Contary Victini\n|-supereffective|p1a: Contary Victini\n|-damage|p1a: Contary Victini|0 fnt\n|faint|p1a: Contary Victini\n|\n|upkeep\n|\n|t:|1699942183\n|switch|p1a: a random blastoise|Blastoise, F|100\/100\n|turn|9\n|\n|t:|1699942195\n|move|p1b: The Tickler|Helping Hand|p1a: a random blastoise\n|-singleturn|p1a: a random blastoise|Helping Hand|[of] p1b: The Tickler\n|move|p1a: a random blastoise|Flip Turn|p2b: Armarouge\n|-supereffective|p2b: Armarouge\n|-damage|p2b: Armarouge|0 fnt\n|faint|p2b: Armarouge\n|\n|t:|1699942202\n|switch|p1a: a random kyurem|Kyurem-Black|100\/100|[from] Flip Turn\n|-ability|p1a: a random kyurem|Teravolt\n|move|p2a: Metagross|Zen Headbutt|p1b: The Tickler|[miss]\n|-miss|p2a: Metagross|p1b: The Tickler\n|\n|upkeep\n|\n|t:|1699942205\n|switch|p2b: Tinkaton|Tinkaton, F|100\/100\n|turn|10\n|\n|t:|1699942225\n|move|p1b: The Tickler|Helping Hand|p1a: a random kyurem\n|-singleturn|p1a: a random kyurem|Helping Hand|[of] p1b: The Tickler\n|move|p1a: a random kyurem|Icy Wind|p2b: Tinkaton|[spread] \n|-miss|p1a: a random kyurem|p2a: Metagross\n|-miss|p1a: a random kyurem|p2b: Tinkaton\n|move|p2a: Metagross|Meteor Mash|p1a: a random kyurem\n|-supereffective|p1a: a random kyurem\n|-damage|p1a: a random kyurem|2\/100\n|-boost|p2a: Metagross|atk|1\n|move|p2b: Tinkaton|Draining Kiss|p1a: a random kyurem\n|-supereffective|p1a: a random kyurem\n|-damage|p1a: a random kyurem|0 fnt\n|faint|p1a: a random kyurem\n|\n|upkeep\n|\n|t:|1699942244\n|switch|p1a: Sussy Healer|Amoonguss, F|100\/100\n|turn|11\n|\n|t:|1699942258\n|move|p1b: The Tickler|Helping Hand|p1a: Sussy Healer\n|-singleturn|p1a: Sussy Healer|Helping Hand|[of] p1b: The Tickler\n|move|p2a: Metagross|Meteor Mash|p1b: The Tickler\n|-supereffective|p1b: The Tickler\n|-damage|p1b: The Tickler|0 fnt\n|faint|p1b: The Tickler\n|move|p2b: Tinkaton|Steel Beam|p1a: Sussy Healer\n|-damage|p1a: Sussy Healer|67\/100\n|-damage|p2b: Tinkaton|50\/100|[from] steelbeam\n|move|p1a: Sussy Healer|Pollen Puff|p2a: Metagross\n|-damage|p2a: Metagross|73\/100\n|\n|-sideend|p1: XxBlazefirexX|move: Tailwind\n|upkeep\n|\n|t:|1699942275\n|switch|p1b: a random blastoise|Blastoise, F|100\/100\n|turn|12\n|\n|t:|1699942291\n|move|p1b: a random blastoise|Fake Out|p2b: Tinkaton\n|-resisted|p2b: Tinkaton\n|-damage|p2b: Tinkaton|45\/100\n|move|p2a: Metagross|Meteor Mash|p1b: a random blastoise\n|-resisted|p1b: a random blastoise\n|-damage|p1b: a random blastoise|66\/100\n|cant|p2b: Tinkaton|flinch\n|move|p1a: Sussy Healer|Clear Smog|p2a: Metagross\n|-immune|p2a: Metagross\n|\n|upkeep\n|turn|13\n|\n|t:|1699942310\n|move|p2a: Metagross|Meteor Mash|p1b: a random blastoise\n|-resisted|p1b: a random blastoise\n|-damage|p1b: a random blastoise|29\/100\n|-enditem|p1b: a random blastoise|Sitrus Berry|[eat]\n|-heal|p1b: a random blastoise|54\/100|[from] item: Sitrus Berry\n|move|p2b: Tinkaton|Draining Kiss|p1b: a random blastoise\n|-damage|p1b: a random blastoise|39\/100\n|-heal|p2b: Tinkaton|58\/100|[from] drain|[of] p1b: a random blastoise\n|move|p1b: a random blastoise|Flip Turn|p2b: Tinkaton\n|-damage|p2b: Tinkaton|34\/100\n|\n|t:|1699942320\n|switch|p1b: The Switchable|Malamar, M|8\/100|[from] Flip Turn\n|move|p1a: Sussy Healer|Pollen Puff|p2a: Metagross\n|-damage|p2a: Metagross|55\/100\n|\n|upkeep\n|turn|14\n|c|\u2606Darklight7o2|\ud83d\udc22\n|\n|t:|1699942336\n|move|p2a: Metagross|Bullet Punch|p1b: The Switchable\n|-damage|p1b: The Switchable|0 fnt\n|faint|p1b: The Switchable\n|move|p2b: Tinkaton|Rest|p2b: Tinkaton\n|-status|p2b: Tinkaton|slp|[from] move: Rest\n|-heal|p2b: Tinkaton|100\/100 slp|[silent]\n|move|p1a: Sussy Healer|Spore|p2a: Metagross\n|-status|p2a: Metagross|slp|[from] move: Spore\n|\n|upkeep\n|inactive|Battle timer is ON: inactive players will automatically lose when time's up. (requested by Darklight7o2)\n|c|\u2606XxBlazefirexX|\ud83d\udc22 indeed\n|\n|t:|1699942376\n|switch|p1b: a random blastoise|Blastoise, F|39\/100\n|turn|15\n|\n|t:|1699942397\n|cant|p2a: Metagross|slp\n|cant|p2b: Tinkaton|slp\n|move|p2b: Tinkaton|Sleep Talk|p2b: Tinkaton\n|move|p2b: Tinkaton|Rest||[from]move: Sleep Talk|[still]\n|-fail|p2b: Tinkaton\n|move|p1b: a random blastoise|Flip Turn|p2a: Metagross\n|-damage|p2a: Metagross|42\/100 slp\n|move|p1a: Sussy Healer|Pollen Puff|p2a: Metagross\n|-damage|p2a: Metagross|22\/100 slp\n|\n|upkeep\n|turn|16\n|\n|t:|1699942413\n|-curestatus|p2a: Metagross|slp|[msg]\n|move|p2a: Metagross|Meteor Mash|p1b: a random blastoise\n|-resisted|p1b: a random blastoise\n|-damage|p1b: a random blastoise|2\/100\n|cant|p2b: Tinkaton|slp\n|move|p2b: Tinkaton|Sleep Talk|p2b: Tinkaton\n|move|p2b: Tinkaton|Steel Beam|p1a: Sussy Healer|[from]move: Sleep Talk\n|-damage|p1a: Sussy Healer|29\/100\n|-damage|p2b: Tinkaton|50\/100 slp|[from] steelbeam\n|-enditem|p1a: Sussy Healer|Sitrus Berry|[eat]\n|-heal|p1a: Sussy Healer|54\/100|[from] item: Sitrus Berry\n|move|p1b: a random blastoise|Flip Turn|p2a: Metagross\n|-damage|p2a: Metagross|0 fnt\n|faint|p2a: Metagross\n|move|p1a: Sussy Healer|Pollen Puff|p1b: a random blastoise\n|-heal|p1b: a random blastoise|51\/100\n|\n|upkeep\n|turn|17\n|\n|t:|1699942440\n|move|p1b: a random blastoise|Fake Out||[still]\n|-hint|Fake Out only works on your first turn out.\n|-fail|p1b: a random blastoise\n|-curestatus|p2b: Tinkaton|slp|[msg]\n|move|p2b: Tinkaton|Draining Kiss|p1b: a random blastoise\n|-damage|p1b: a random blastoise|35\/100\n|-heal|p2b: Tinkaton|64\/100|[from] drain|[of] p1b: a random blastoise\n|move|p1a: Sussy Healer|Pollen Puff|p2b: Tinkaton\n|-resisted|p2b: Tinkaton\n|-damage|p2b: Tinkaton|60\/100\n|\n|upkeep\n|turn|18\n|\n|t:|1699942459\n|move|p2b: Tinkaton|Draining Kiss|p1a: Sussy Healer\n|-resisted|p1a: Sussy Healer\n|-damage|p1a: Sussy Healer|48\/100\n|-heal|p2b: Tinkaton|66\/100|[from] drain|[of] p1a: Sussy Healer\n|move|p1b: a random blastoise|Flip Turn|p2b: Tinkaton\n|-damage|p2b: Tinkaton|40\/100\n|move|p1a: Sussy Healer|Spore|p2b: Tinkaton\n|-status|p2b: Tinkaton|slp|[from] move: Spore\n|\n|upkeep\n|turn|19\n|\n|t:|1699942471\n|cant|p2b: Tinkaton|slp\n|move|p2b: Tinkaton|Sleep Talk|p2b: Tinkaton\n|move|p2b: Tinkaton|Draining Kiss|p1b: a random blastoise|[from]move: Sleep Talk\n|-damage|p1b: a random blastoise|20\/100\n|-heal|p2b: Tinkaton|54\/100 slp|[from] drain|[of] p1b: a random blastoise\n|move|p1b: a random blastoise|Flip Turn|p2b: Tinkaton\n|-damage|p2b: Tinkaton|19\/100 slp\n|move|p1a: Sussy Healer|Pollen Puff|p1b: a random blastoise\n|-heal|p1b: a random blastoise|70\/100\n|\n|upkeep\n|turn|20\n|\n|t:|1699942489\n|-curestatus|p2b: Tinkaton|slp|[msg]\n|move|p2b: Tinkaton|Sleep Talk||[still]\n|-fail|p2b: Tinkaton\n|move|p1b: a random blastoise|Flip Turn|p2b: Tinkaton\n|-damage|p2b: Tinkaton|0 fnt\n|faint|p2b: Tinkaton\n|\n|win|XxBlazefirexX\n|raw|XxBlazefirexX's rating: 1046 &rarr; <strong>1079<\/strong><br \/>(+33 for winning)\n|raw|Darklight7o2's rating: 1040 &rarr; <strong>1024<\/strong><br \/>(-16 for losing)\n|l|\u2606Darklight7o2\n","uploadtime":1699942504,"views":7,"p1id":"xxblazefirexx","p2id":"darklight7o2","formatid":"gen9nationaldexdoubles","rating":1024,"private":0,"password":""}