{"id":"gen9nationaldexdoubles-1970146462","p1":"OceanHazel","p2":"Chuuugs","format":"[Gen 9] National Dex Doubles","log":"|j|\u2606OceanHazel\n|j|\u2606Chuuugs\n|t:|1697601252\n|gametype|doubles\n|player|p1|OceanHazel|barry|\n|player|p2|Chuuugs|hilda|\n|teamsize|p1|6\n|teamsize|p2|6\n|gen|9\n|tier|[Gen 9] National Dex Doubles\n|rule|HP Percentage Mod: HP is shown in percentages\n|rule|Endless Battle Clause: Forcing endless battles is banned\n|rule|OHKO Clause: OHKO moves are banned\n|rule|Evasion Moves Clause: Evasion moves are banned\n|rule|Evasion Abilities Clause: Evasion abilities are banned\n|rule|Species Clause: Limit one of each Pok\u00e9mon\n|rule|Gravity Sleep Clause: The combination of sleep-inducing moves with imperfect accuracy and Gravity or Gigantamax Orbeetle are banned\n|clearpoke\n|poke|p1|Hatterene, F|\n|poke|p1|Ting-Lu|\n|poke|p1|Slowking-Galar, M|\n|poke|p1|Torkoal, F|\n|poke|p1|Rabsca, M|\n|poke|p1|Iron Hands|\n|poke|p2|Scream Tail|\n|poke|p2|Ursaluna, F|\n|poke|p2|Torkoal, F|\n|poke|p2|Klefki, F|\n|poke|p2|Amoonguss, M|\n|poke|p2|Great Tusk|\n|teampreview\n|\n|t:|1697601287\n|start\n|switch|p1a: Prof. Poison|Slowking-Galar, M|100\/100\n|switch|p1b: Magic School Bus|Ting-Lu|100\/100\n|switch|p2a: Mambo|Scream Tail|100\/100\n|switch|p2b: Bernstein|Ursaluna, F|100\/100\n|-ability|p1b: Magic School Bus|Vessel of Ruin\n|turn|1\n|\n|t:|1697601323\n|move|p2b: Bernstein|Bulk Up|p2b: Bernstein\n|-boost|p2b: Bernstein|atk|1\n|-boost|p2b: Bernstein|def|1\n|move|p1b: Magic School Bus|Heavy Slam|p2a: Mambo\n|-supereffective|p2a: Mambo\n|-damage|p2a: Mambo|50\/100\n|-damage|p1b: Magic School Bus|84\/100|[from] item: Rocky Helmet|[of] p2a: Mambo\n|move|p2a: Mambo|Roar|p1b: Magic School Bus\n|drag|p1b: Sleepyhead|Torkoal, F|100\/100\n|-weather|SunnyDay|[from] ability: Drought|[of] p1b: Sleepyhead\n|-activate|p2a: Mambo|ability: Protosynthesis\n|-start|p2a: Mambo|protosynthesisspd\n|move|p1a: Prof. Poison|Trick Room|p1a: Prof. Poison\n|-fieldstart|move: Trick Room|[of] p1a: Prof. Poison\n|\n|-weather|SunnyDay|[upkeep]\n|-status|p2b: Bernstein|brn|[from] item: Flame Orb\n|upkeep\n|turn|2\n|\n|t:|1697601388\n|-end|p2a: Mambo|Protosynthesis|[silent]\n|switch|p2a: Toad|Amoonguss, M, shiny|100\/100\n|-terastallize|p1b: Sleepyhead|Grass\n|move|p1b: Sleepyhead|Solar Beam||[still]\n|-prepare|p1b: Sleepyhead|Solar Beam\n|-anim|p1b: Sleepyhead|Solar Beam|p2b: Bernstein\n|-supereffective|p2b: Bernstein\n|-damage|p2b: Bernstein|5\/100 brn\n|move|p1a: Prof. Poison|Imprison|p1a: Prof. Poison\n|-start|p1a: Prof. Poison|move: Imprison\n|move|p2b: Bernstein|Earthquake|p1b: Sleepyhead|[spread] p2a,p1a,p1b\n|-supereffective|p1a: Prof. Poison\n|-resisted|p1b: Sleepyhead\n|-damage|p2a: Toad|20\/100\n|-damage|p1a: Prof. Poison|0 fnt\n|-damage|p1b: Sleepyhead|63\/100\n|-enditem|p2a: Toad|Sitrus Berry|[eat]\n|-heal|p2a: Toad|45\/100|[from] item: Sitrus Berry\n|faint|p1a: Prof. Poison\n|\n|-weather|SunnyDay|[upkeep]\n|-damage|p2b: Bernstein|0 fnt|[from] brn\n|faint|p2b: Bernstein\n|upkeep\n|\n|t:|1697601435\n|switch|p1a: BONESAW'S READY|Iron Hands|100\/100\n|switch|p2b: Mambo|Scream Tail|50\/100\n|-activate|p2b: Mambo|ability: Protosynthesis\n|-start|p2b: Mambo|protosynthesisspd\n|-enditem|p1a: BONESAW'S READY|Booster Energy\n|-activate|p1a: BONESAW'S READY|ability: Quark Drive|[fromitem]\n|-start|p1a: BONESAW'S READY|quarkdriveatk\n|turn|3\n|\n|t:|1697601457\n|move|p1a: BONESAW'S READY|Fake Out|p2b: Mambo\n|-damage|p2b: Mambo|37\/100\n|-damage|p1a: BONESAW'S READY|84\/100|[from] item: Rocky Helmet|[of] p2b: Mambo\n|move|p1b: Sleepyhead|Eruption|p2b: Mambo|[spread] p2a,p2b\n|-supereffective|p2a: Toad\n|-damage|p2a: Toad|0 fnt\n|-damage|p2b: Mambo|15\/100\n|faint|p2a: Toad\n|cant|p2b: Mambo|flinch\n|\n|-weather|SunnyDay|[upkeep]\n|upkeep\n|\n|t:|1697601480\n|switch|p2a: Brick|Torkoal, F|100\/100\n|turn|4\n|\n|t:|1697601500\n|switch|p1b: Magic School Bus|Ting-Lu|84\/100\n|-ability|p1b: Magic School Bus|Vessel of Ruin\n|move|p2a: Brick|Iron Defense|p2a: Brick\n|-boost|p2a: Brick|def|2\n|move|p1a: BONESAW'S READY|Drain Punch|p2b: Mambo\n|-resisted|p2b: Mambo\n|-damage|p2b: Mambo|6\/100\n|-heal|p1a: BONESAW'S READY|88\/100|[from] drain|[of] p2b: Mambo\n|-damage|p1a: BONESAW'S READY|71\/100|[from] item: Rocky Helmet|[of] p2b: Mambo\n|move|p2b: Mambo|Roar|p1a: BONESAW'S READY\n|-end|p1a: BONESAW'S READY|Quark Drive|[silent]\n|drag|p1a: Sleepyhead|Torkoal, F, tera:Grass|63\/100\n|\n|-weather|SunnyDay|[upkeep]\n|upkeep\n|turn|5\n|\n|t:|1697601530\n|switch|p1a: BONESAW'S READY|Iron Hands|71\/100\n|move|p1b: Magic School Bus|Heavy Slam|p2b: Mambo\n|-supereffective|p2b: Mambo\n|-damage|p2b: Mambo|0 fnt\n|-damage|p1b: Magic School Bus|67\/100|[from] item: Rocky Helmet|[of] p2b: Mambo\n|faint|p2b: Mambo\n|-end|p2b: Mambo|Protosynthesis|[silent]\n|move|p2a: Brick|Eruption|p1b: Magic School Bus|[spread] p1a,p1b\n|-damage|p1a: BONESAW'S READY|36\/100\n|-damage|p1b: Magic School Bus|34\/100\n|\n|-weather|SunnyDay|[upkeep]\n|-fieldend|move: Trick Room\n|upkeep\n|\n|t:|1697601545\n|switch|p2b: Kingdom Hearts|Klefki, F|100\/100\n|turn|6\n|\n|t:|1697601581\n|-end|p1a: BONESAW'S READY|Quark Drive|[silent]\n|switch|p1a: Miss Frizzle|Hatterene, F|100\/100\n|move|p2a: Brick|Protect|p2a: Brick\n|-singleturn|p2a: Brick|Protect\n|move|p1b: Magic School Bus|Rock Slide|p2b: Kingdom Hearts|[spread] p2b\n|-activate|p2a: Brick|move: Protect\n|-resisted|p2b: Kingdom Hearts\n|-damage|p2b: Kingdom Hearts|92\/100\n|cant|p2b: Kingdom Hearts|flinch\n|\n|-weather|SunnyDay|[upkeep]\n|-heal|p2b: Kingdom Hearts|98\/100|[from] item: Leftovers\n|upkeep\n|turn|7\n|\n|t:|1697601617\n|-terastallize|p2a: Brick|Water\n|move|p1a: Miss Frizzle|Protect|p1a: Miss Frizzle\n|-singleturn|p1a: Miss Frizzle|Protect\n|move|p2b: Kingdom Hearts|Spikes|p1a: Miss Frizzle\n|move|p1a: Miss Frizzle|Spikes|p2b: Kingdom Hearts|[from]ability: Magic Bounce\n|-sidestart|p2: Chuuugs|Spikes\n|move|p2a: Brick|Tera Blast|p1b: Magic School Bus|[anim] Tera Blast Water\n|-supereffective|p1b: Magic School Bus\n|-damage|p1b: Magic School Bus|20\/100\n|move|p1b: Magic School Bus|Earthquake|p2b: Kingdom Hearts|[spread] p2a,p2b\n|-activate|p1a: Miss Frizzle|move: Protect\n|-supereffective|p2b: Kingdom Hearts\n|-damage|p2a: Brick|88\/100\n|-damage|p2b: Kingdom Hearts|37\/100\n|\n|-weather|SunnyDay|[upkeep]\n|-heal|p2b: Kingdom Hearts|43\/100|[from] item: Leftovers\n|upkeep\n|turn|8\n|\n|t:|1697601668\n|move|p2b: Kingdom Hearts|Play Rough|p1a: Miss Frizzle\n|-damage|p1a: Miss Frizzle|74\/100\n|move|p1a: Miss Frizzle|Dazzling Gleam|p2b: Kingdom Hearts|[spread] p2a,p2b\n|-resisted|p2b: Kingdom Hearts\n|-damage|p2a: Brick|50\/100\n|-damage|p2b: Kingdom Hearts|28\/100\n|move|p2a: Brick|Eruption|p1b: Magic School Bus|[spread] p1a,p1b\n|-damage|p1a: Miss Frizzle|53\/100\n|-damage|p1b: Magic School Bus|6\/100\n|move|p1b: Magic School Bus|Throat Chop|p2a: Brick\n|-damage|p2a: Brick|38\/100\n|-start|p2a: Brick|Throat Chop|[silent]\n|\n|-weather|none\n|-heal|p2b: Kingdom Hearts|34\/100|[from] item: Leftovers\n|-heal|p1a: Miss Frizzle|59\/100|[from] item: Leftovers\n|upkeep\n|turn|9\n|\n|t:|1697601696\n|move|p1a: Miss Frizzle|Protect|p1a: Miss Frizzle\n|-singleturn|p1a: Miss Frizzle|Protect\n|move|p2a: Brick|Protect|p2a: Brick\n|-singleturn|p2a: Brick|Protect\n|move|p2b: Kingdom Hearts|Play Rough|p1b: Magic School Bus\n|-supereffective|p1b: Magic School Bus\n|-damage|p1b: Magic School Bus|0 fnt\n|faint|p1b: Magic School Bus\n|\n|-heal|p2b: Kingdom Hearts|40\/100|[from] item: Leftovers\n|-heal|p1a: Miss Frizzle|65\/100|[from] item: Leftovers\n|-end|p2a: Brick|Throat Chop|[silent]\n|upkeep\n|\n|t:|1697601712\n|switch|p1b: Sleepyhead|Torkoal, F, tera:Grass|63\/100\n|-weather|SunnyDay|[from] ability: Drought|[of] p1b: Sleepyhead\n|turn|10\n|\n|t:|1697601750\n|move|p1a: Miss Frizzle|Psychic|p2b: Kingdom Hearts\n|-resisted|p2b: Kingdom Hearts\n|-damage|p2b: Kingdom Hearts|6\/100\n|move|p2a: Brick|Eruption|p1b: Sleepyhead|[spread] p1a,p1b\n|-supereffective|p1b: Sleepyhead\n|-damage|p1a: Miss Frizzle|46\/100\n|-damage|p1b: Sleepyhead|12\/100\n|move|p1b: Sleepyhead|Solar Beam||[still]\n|-prepare|p1b: Sleepyhead|Solar Beam\n|-anim|p1b: Sleepyhead|Solar Beam|p2a: Brick\n|-supereffective|p2a: Brick\n|-damage|p2a: Brick|0 fnt\n|faint|p2a: Brick\n|move|p2b: Kingdom Hearts|Trick Room|p2b: Kingdom Hearts\n|-fieldstart|move: Trick Room|[of] p2b: Kingdom Hearts\n|\n|-weather|SunnyDay|[upkeep]\n|-heal|p1a: Miss Frizzle|52\/100|[from] item: Leftovers\n|-heal|p2b: Kingdom Hearts|12\/100|[from] item: Leftovers\n|upkeep\n|\n|t:|1697601765\n|switch|p2a: Fabar|Great Tusk, shiny|100\/100\n|-damage|p2a: Fabar|88\/100|[from] Spikes\n|-activate|p2a: Fabar|ability: Protosynthesis\n|-start|p2a: Fabar|protosynthesisatk\n|turn|11\n|\n|t:|1697601782\n|move|p1b: Sleepyhead|Eruption|p2a: Fabar|[spread] p2a,p2b\n|-supereffective|p2b: Kingdom Hearts\n|-damage|p2a: Fabar|82\/100\n|-damage|p2b: Kingdom Hearts|0 fnt\n|faint|p2b: Kingdom Hearts\n|move|p1a: Miss Frizzle|Dazzling Gleam|p2a: Fabar\n|-supereffective|p2a: Fabar\n|-damage|p2a: Fabar|15\/100\n|move|p2a: Fabar|Ice Spinner|p1b: Sleepyhead\n|-supereffective|p1b: Sleepyhead\n|-damage|p1b: Sleepyhead|0 fnt\n|faint|p1b: Sleepyhead\n|\n|-weather|SunnyDay|[upkeep]\n|-heal|p1a: Miss Frizzle|58\/100|[from] item: Leftovers\n|upkeep\n|\n|t:|1697601795\n|switch|p1b: BONESAW'S READY|Iron Hands|36\/100\n|turn|12\n|\n|t:|1697601804\n|move|p1a: Miss Frizzle|Dazzling Gleam|p2a: Fabar\n|-supereffective|p2a: Fabar\n|-damage|p2a: Fabar|0 fnt\n|faint|p2a: Fabar\n|-end|p2a: Fabar|Protosynthesis|[silent]\n|\n|win|OceanHazel\n|l|\u2606Chuuugs\n","uploadtime":1697601838,"views":13,"p1id":"oceanhazel","p2id":"chuuugs","formatid":"gen9nationaldexdoubles","rating":0,"private":0,"password":""}