{"id":"gen9nationaldexdoubles-1956717506","p1":"chaphlagical","p2":"Epilepsy Espeon","format":"[Gen 9] National Dex Doubles","log":"|j|\u2606chaphlagical\n|j|\u2606Epilepsy Espeon\n|t:|1696140030\n|gametype|doubles\n|player|p1|chaphlagical|101|1000\n|player|p2|Epilepsy Espeon|psychic-gen4|1066\n|teamsize|p1|6\n|teamsize|p2|6\n|gen|9\n|tier|[Gen 9] National Dex Doubles\n|rated|\n|rule|HP Percentage Mod: HP is shown in percentages\n|rule|Endless Battle Clause: Forcing endless battles is banned\n|rule|OHKO Clause: OHKO moves are banned\n|rule|Evasion Moves Clause: Evasion moves are banned\n|rule|Evasion Abilities Clause: Evasion abilities are banned\n|rule|Species Clause: Limit one of each Pok\u00e9mon\n|rule|Gravity Sleep Clause: The combination of sleep-inducing moves with imperfect accuracy and Gravity or Gigantamax Orbeetle are banned\n|clearpoke\n|poke|p1|Gastly, M|\n|poke|p1|Gothita, F|\n|poke|p1|Glimmet, F|\n|poke|p1|Marill, M|\n|poke|p1|Staravia, F|\n|poke|p1|Foongus, F|\n|poke|p2|Froslass, F|\n|poke|p2|Mismagius, F|\n|poke|p2|Gengar, M|\n|poke|p2|Murkrow, M|\n|poke|p2|Gothitelle, F|\n|poke|p2|Dusknoir, M|\n|teampreview\n|inactive|Battle timer is ON: inactive players will automatically lose when time's up. (requested by Epilepsy Espeon)\n|c|\u2606Epilepsy Espeon|:3\n|\n|t:|1696140071\n|start\n|switch|p1a: Staravia|Staravia, F|100\/100\n|switch|p1b: Foongus|Foongus, F|100\/100\n|switch|p2a: Gothitelle|Gothitelle, F|100\/100\n|switch|p2b: Mismagius|Mismagius, F|100\/100\n|-ability|p1a: Staravia|Intimidate|boost\n|-unboost|p2a: Gothitelle|atk|1\n|-unboost|p2b: Mismagius|atk|1\n|turn|1\n|\n|t:|1696140086\n|move|p1a: Staravia|Brave Bird|p2a: Gothitelle\n|-crit|p2a: Gothitelle\n|-damage|p2a: Gothitelle|27\/100\n|-damage|p1a: Staravia|67\/100|[from] Recoil\n|move|p2b: Mismagius|Perish Song|p2b: Mismagius\n|-start|p1a: Staravia|perish3|[silent]\n|-start|p1b: Foongus|perish3|[silent]\n|-start|p2a: Gothitelle|perish3|[silent]\n|-start|p2b: Mismagius|perish3|[silent]\n|-fieldactivate|move: Perish Song\n|move|p2a: Gothitelle|Taunt|p1b: Foongus\n|-start|p1b: Foongus|move: Taunt\n|cant|p1b: Foongus|move: Taunt|Spore\n|\n|-heal|p2a: Gothitelle|33\/100|[from] item: Leftovers\n|-start|p1a: Staravia|perish3\n|-start|p2b: Mismagius|perish3\n|-start|p2a: Gothitelle|perish3\n|-start|p1b: Foongus|perish3\n|upkeep\n|turn|2\n|\n|t:|1696140105\n|switch|p2a: Murkrow|Murkrow, M|100\/100\n|move|p1a: Staravia|Brave Bird|p2a: Murkrow\n|-damage|p2a: Murkrow|36\/100\n|-damage|p1a: Staravia|40\/100|[from] Recoil\n|move|p2b: Mismagius|Mystical Fire|p1b: Foongus\n|-supereffective|p1b: Foongus\n|-damage|p1b: Foongus|44\/100\n|-unboost|p1b: Foongus|spa|1\n|move|p1b: Foongus|Leaf Storm|p2b: Mismagius\n|-damage|p2b: Mismagius|76\/100\n|-unboost|p1b: Foongus|spa|2\n|\n|-start|p1a: Staravia|perish2\n|-start|p2b: Mismagius|perish2\n|-start|p1b: Foongus|perish2\n|upkeep\n|turn|3\n|\n|t:|1696140127\n|switch|p1b: Marill|Marill, M|100\/100\n|move|p2a: Murkrow|Mean Look|p1a: Staravia\n|-activate|p1a: Staravia|trapped\n|move|p1a: Staravia|Brave Bird|p2a: Murkrow\n|-damage|p2a: Murkrow|0 fnt\n|faint|p2a: Murkrow\n|-damage|p1a: Staravia|25\/100|[from] Recoil\n|move|p2b: Mismagius|Power Gem|p1a: Staravia\n|-supereffective|p1a: Staravia\n|-damage|p1a: Staravia|0 fnt\n|faint|p1a: Staravia\n|\n|-start|p2b: Mismagius|perish1\n|upkeep\n|\n|t:|1696140149\n|switch|p1a: Gothita|Gothita, F|100\/100\n|switch|p2a: Gengar|Gengar, M|100\/100\n|turn|4\n|\n|t:|1696140172\n|switch|p2b: Froslass|Froslass, F|100\/100\n|switch|p1b: Gastly|Gastly, M|100\/100\n|move|p2a: Gengar|Giga Drain|p1b: Gastly\n|-resisted|p1b: Gastly\n|-damage|p1b: Gastly|52\/100\n|move|p1a: Gothita|Foul Play|p2a: Gengar\n|-supereffective|p2a: Gengar\n|-damage|p2a: Gengar|58\/100\n|\n|-heal|p2a: Gengar|64\/100|[from] item: Black Sludge\n|upkeep\n|turn|5\n|\n|t:|1696140194\n|move|p1b: Gastly|Protect|p1b: Gastly\n|-singleturn|p1b: Gastly|Protect\n|move|p2a: Gengar|Perish Song|p2a: Gengar\n|-start|p1a: Gothita|perish3|[silent]\n|-start|p1b: Gastly|perish3|[silent]\n|-start|p2a: Gengar|perish3|[silent]\n|-start|p2b: Froslass|perish3|[silent]\n|-fieldactivate|move: Perish Song\n|move|p2b: Froslass|Block|p1a: Gothita\n|-activate|p1a: Gothita|trapped\n|move|p1a: Gothita|Foul Play|p2b: Froslass\n|-supereffective|p2b: Froslass\n|-damage|p2b: Froslass|54\/100\n|\n|-heal|p2a: Gengar|71\/100|[from] item: Black Sludge\n|-start|p2a: Gengar|perish3\n|-start|p2b: Froslass|perish3\n|-start|p1b: Gastly|perish3\n|-start|p1a: Gothita|perish3\n|upkeep\n|turn|6\n|\n|t:|1696140219\n|move|p2b: Froslass|Draining Kiss|p1a: Gothita\n|-damage|p1a: Gothita|88\/100\n|-heal|p2b: Froslass|63\/100|[from] drain|[of] p1a: Gothita\n|move|p2a: Gengar|Dark Pulse|p1b: Gastly\n|-supereffective|p1b: Gastly\n|-damage|p1b: Gastly|0 fnt\n|faint|p1b: Gastly\n|move|p1a: Gothita|Foul Play|p2b: Froslass\n|-supereffective|p2b: Froslass\n|-damage|p2b: Froslass|22\/100\n|\n|-heal|p2a: Gengar|77\/100|[from] item: Black Sludge\n|-start|p2b: Froslass|perish2\n|-start|p2a: Gengar|perish2\n|-start|p1a: Gothita|perish2\n|upkeep\n|inactive|chaphlagical has 120 seconds left.\n|\n|t:|1696140240\n|switch|p1b: Foongus|Foongus, F|78\/100\n|turn|7\n|\n|t:|1696140247\n|move|p2b: Froslass|Block|p1b: Foongus\n|-activate|p1b: Foongus|trapped\n|move|p2a: Gengar|Perish Song|p2a: Gengar\n|-start|p1b: Foongus|perish3|[silent]\n|-fieldactivate|move: Perish Song\n|move|p1a: Gothita|Foul Play|p2b: Froslass\n|-supereffective|p2b: Froslass\n|-damage|p2b: Froslass|0 fnt\n|faint|p2b: Froslass\n|move|p1b: Foongus|Spore|p2a: Gengar\n|-status|p2a: Gengar|slp|[from] move: Spore\n|\n|-heal|p2a: Gengar|83\/100 slp|[from] item: Black Sludge\n|-start|p2a: Gengar|perish1\n|-start|p1a: Gothita|perish1\n|-start|p1b: Foongus|perish3\n|upkeep\n|\n|t:|1696140259\n|switch|p2b: Dusknoir|Dusknoir, M|100\/100\n|-item|p1a: Gothita|Eviolite|[from] ability: Frisk|[of] p2b: Dusknoir|[identify]\n|-item|p1b: Foongus|Rocky Helmet|[from] ability: Frisk|[of] p2b: Dusknoir|[identify]\n|turn|8\n|\n|t:|1696140276\n|switch|p2a: Gothitelle|Gothitelle, F|33\/100\n|move|p2b: Dusknoir|Phantom Force||[still]\n|-prepare|p2b: Dusknoir|Phantom Force\n|move|p1a: Gothita|Foul Play|p2b: Dusknoir|[miss]\n|-miss|p1a: Gothita|p2b: Dusknoir\n|move|p1b: Foongus|Spore|p2b: Dusknoir|[miss]\n|-miss|p1b: Foongus|p2b: Dusknoir\n|\n|-heal|p2a: Gothitelle|39\/100|[from] item: Leftovers\n|-start|p1a: Gothita|perish0\n|-start|p1b: Foongus|perish2\n|faint|p1a: Gothita\n|upkeep\n|\n|t:|1696140290\n|switch|p1a: Glimmet|Glimmet, F|100\/100\n|turn|9\n|\n|t:|1696140303\n|move|p1a: Glimmet|Power Gem|p2a: Gothitelle\n|-damage|p2a: Gothitelle|0 fnt\n|faint|p2a: Gothitelle\n|move|p2b: Dusknoir|Phantom Force|p1b: Foongus|[from]lockedmove\n|-damage|p1b: Foongus|19\/100\n|-damage|p2b: Dusknoir|84\/100|[from] item: Rocky Helmet|[of] p1b: Foongus\n|move|p1b: Foongus|Spore|p2b: Dusknoir\n|-status|p2b: Dusknoir|slp|[from] move: Spore\n|\n|-start|p1b: Foongus|perish1\n|upkeep\n|\n|t:|1696140313\n|switch|p2a: Gengar|Gengar, M|83\/100 slp\n|turn|10\n|\n|t:|1696140321\n|switch|p1b: Marill|Marill, M|100\/100\n|cant|p2a: Gengar|slp\n|move|p1a: Glimmet|Power Gem|p2a: Gengar\n|-damage|p2a: Gengar|0 fnt\n|faint|p2a: Gengar\n|cant|p2b: Dusknoir|slp\n|\n|upkeep\n|\n|t:|1696140329\n|switch|p2a: Mismagius|Mismagius, F|76\/100\n|turn|11\n|\n|t:|1696140349\n|-terastallize|p2b: Dusknoir|Ghost\n|move|p2a: Mismagius|Mystical Fire|p1a: Glimmet\n|-resisted|p1a: Glimmet\n|-damage|p1a: Glimmet|77\/100\n|-unboost|p1a: Glimmet|spa|1\n|move|p1a: Glimmet|Power Gem|p2a: Mismagius\n|-damage|p2a: Mismagius|30\/100\n|cant|p2b: Dusknoir|slp\n|move|p1b: Marill|Perish Song|p1b: Marill\n|-start|p1a: Glimmet|perish3|[silent]\n|-start|p1b: Marill|perish3|[silent]\n|-start|p2a: Mismagius|perish3|[silent]\n|-start|p2b: Dusknoir|perish3|[silent]\n|-fieldactivate|move: Perish Song\n|\n|-start|p2a: Mismagius|perish3\n|-start|p1a: Glimmet|perish3\n|-start|p2b: Dusknoir|perish3\n|-start|p1b: Marill|perish3\n|upkeep\n|turn|12\n|\n|t:|1696140375\n|switch|p1a: Foongus|Foongus, F|52\/100\n|move|p1b: Marill|Protect|p1b: Marill\n|-singleturn|p1b: Marill|Protect\n|move|p2a: Mismagius|Shadow Ball|p1a: Foongus\n|-damage|p1a: Foongus|4\/100\n|-curestatus|p2b: Dusknoir|slp|[msg]\n|move|p2b: Dusknoir|Phantom Force||[still]\n|-prepare|p2b: Dusknoir|Phantom Force\n|\n|-start|p2a: Mismagius|perish2\n|-start|p2b: Dusknoir|perish2\n|-start|p1b: Marill|perish2\n|upkeep\n|turn|13\n|\n|t:|1696140393\n|switch|p1a: Glimmet|Glimmet, F|77\/100\n|move|p2a: Mismagius|Mystical Fire|p1a: Glimmet\n|-resisted|p1a: Glimmet\n|-damage|p1a: Glimmet|53\/100\n|-unboost|p1a: Glimmet|spa|1\n|move|p2b: Dusknoir|Phantom Force|p1b: Marill|[from]lockedmove\n|-damage|p1b: Marill|27\/100\n|-enditem|p1b: Marill|Sitrus Berry|[eat]\n|-heal|p1b: Marill|52\/100|[from] item: Sitrus Berry\n|move|p1b: Marill|Knock Off|p2a: Mismagius\n|-supereffective|p2a: Mismagius\n|-damage|p2a: Mismagius|0 fnt\n|-enditem|p2a: Mismagius|Aguav Berry|[from] move: Knock Off|[of] p1b: Marill\n|faint|p2a: Mismagius\n|\n|-start|p2b: Dusknoir|perish1\n|-start|p1b: Marill|perish1\n|upkeep\n|turn|14\n|\n|t:|1696140423\n|switch|p1b: Foongus|Foongus, F|37\/100\n|move|p1a: Glimmet|Power Gem|p2b: Dusknoir\n|-damage|p2b: Dusknoir|53\/100\n|move|p2b: Dusknoir|Phantom Force||[still]\n|-prepare|p2b: Dusknoir|Phantom Force\n|\n|-start|p2b: Dusknoir|perish0\n|faint|p2b: Dusknoir\n|\n|win|chaphlagical\n|upkeep\n|raw|chaphlagical's rating: 1000 &rarr; <strong>1048<\/strong><br \/>(+48 for winning)\n|raw|Epilepsy Espeon's rating: 1066 &rarr; <strong>1042<\/strong><br \/>(-24 for losing)\n|j| LazyPinecone142\n","uploadtime":1696140434,"views":16,"p1id":"chaphlagical","p2id":"epilepsyespeon","formatid":"gen9nationaldexdoubles","rating":1042,"private":0,"password":""}