{"id":"gen9nationaldexdoubles-1948450046","p1":"kingspeed51","p2":"Eoxygen","format":"[Gen 9] National Dex Doubles","log":"|j|\u2606kingspeed51\n|j|\u2606Eoxygen\n|t:|1695261111\n|gametype|doubles\n|player|p1|kingspeed51|169|1108\n|player|p2|Eoxygen|n|1209\n|teamsize|p1|6\n|teamsize|p2|6\n|gen|9\n|tier|[Gen 9] National Dex Doubles\n|rated|\n|rule|HP Percentage Mod: HP is shown in percentages\n|rule|Endless Battle Clause: Forcing endless battles is banned\n|rule|OHKO Clause: OHKO moves are banned\n|rule|Evasion Moves Clause: Evasion moves are banned\n|rule|Evasion Abilities Clause: Evasion abilities are banned\n|rule|Species Clause: Limit one of each Pok\u00e9mon\n|rule|Gravity Sleep Clause: The combination of sleep-inducing moves with imperfect accuracy and Gravity or Gigantamax Orbeetle are banned\n|clearpoke\n|poke|p1|Metagross|\n|poke|p1|Roaring Moon|\n|poke|p1|Milotic, F|\n|poke|p1|Sinistcha|\n|poke|p1|Talonflame, M|\n|poke|p1|Chansey, F|\n|poke|p2|Sylveon, F|\n|poke|p2|Regieleki|\n|poke|p2|Tornadus, M|\n|poke|p2|Gholdengo|\n|poke|p2|Talonflame, F|\n|poke|p2|Rillaboom, M|\n|teampreview\n|inactive|Battle timer is ON: inactive players will automatically lose when time's up. (requested by Eoxygen)\n|\n|t:|1695261123\n|start\n|switch|p1a: Talonflame|Talonflame, M|100\/100\n|switch|p1b: Milotic|Milotic, F|100\/100\n|switch|p2a: Sylveon|Sylveon, F, shiny|100\/100\n|switch|p2b: Regieleki|Regieleki|100\/100\n|turn|1\n|\n|t:|1695261141\n|switch|p1b: Metagross|Metagross|100\/100\n|move|p2a: Sylveon|Protect|p2a: Sylveon\n|-singleturn|p2a: Sylveon|Protect\n|move|p1a: Talonflame|Tailwind|p1a: Talonflame\n|-sidestart|p1: kingspeed51|move: Tailwind\n|move|p2b: Regieleki|Ancient Power|p1a: Talonflame\n|-supereffective|p1a: Talonflame\n|-damage|p1a: Talonflame|4\/100\n|\n|upkeep\n|turn|2\n|\n|t:|1695261165\n|-terastallize|p1b: Metagross|Ground\n|move|p1a: Talonflame|Protect|p1a: Talonflame\n|-singleturn|p1a: Talonflame|Protect\n|move|p2b: Regieleki|Ancient Power|p1a: Talonflame\n|-activate|p1a: Talonflame|move: Protect\n|move|p1b: Metagross|Earthquake|p2b: Regieleki|[spread] p2a,p2b\n|-activate|p1a: Talonflame|move: Protect\n|-supereffective|p2b: Regieleki\n|-crit|p2b: Regieleki\n|-damage|p2a: Sylveon|54\/100\n|-damage|p2b: Regieleki|0 fnt\n|faint|p2b: Regieleki\n|move|p2a: Sylveon|Shadow Ball|p1b: Metagross\n|-damage|p1b: Metagross|65\/100\n|\n|upkeep\n|inactive|Eoxygen has 120 seconds left.\n|\n|t:|1695261181\n|switch|p2b: Rillaboom|Rillaboom, M|100\/100\n|-fieldstart|move: Grassy Terrain|[from] ability: Grassy Surge|[of] p2b: Rillaboom\n|turn|3\n|\n|t:|1695261197\n|switch|p1b: Chansey|Chansey, F|100\/100\n|move|p2b: Rillaboom|Fake Out|p1b: Chansey\n|-damage|p1b: Chansey|92\/100\n|move|p1a: Talonflame|Flare Blitz|p2b: Rillaboom\n|-supereffective|p2b: Rillaboom\n|-damage|p2b: Rillaboom|38\/100\n|-damage|p1a: Talonflame|0 fnt|[from] Recoil\n|faint|p1a: Talonflame\n|move|p2a: Sylveon|Round|p1b: Chansey\n|-damage|p1b: Chansey|78\/100\n|\n|-heal|p1b: Chansey|84\/100|[from] Grassy Terrain\n|-heal|p2b: Rillaboom|44\/100|[from] Grassy Terrain\n|-heal|p2b: Rillaboom|50\/100|[from] item: Leftovers\n|-heal|p2a: Sylveon|60\/100|[from] Grassy Terrain\n|upkeep\n|\n|t:|1695261213\n|switch|p1a: Roaring Moon|Roaring Moon|100\/100\n|-enditem|p1a: Roaring Moon|Booster Energy\n|-activate|p1a: Roaring Moon|ability: Protosynthesis|[fromitem]\n|-start|p1a: Roaring Moon|protosynthesisatk\n|turn|4\n|\n|t:|1695261225\n|-terastallize|p2a: Sylveon|Fairy\n|move|p1a: Roaring Moon|Protect|p1a: Roaring Moon\n|-singleturn|p1a: Roaring Moon|Protect\n|move|p2b: Rillaboom|Grassy Glide|p1b: Chansey\n|-damage|p1b: Chansey|62\/100\n|move|p1b: Chansey|Toxic|p2a: Sylveon\n|-status|p2a: Sylveon|tox\n|move|p2a: Sylveon|Round|p1a: Roaring Moon\n|-activate|p1a: Roaring Moon|move: Protect\n|\n|-heal|p1b: Chansey|69\/100|[from] Grassy Terrain\n|-heal|p2b: Rillaboom|56\/100|[from] Grassy Terrain\n|-heal|p2b: Rillaboom|62\/100|[from] item: Leftovers\n|-heal|p2a: Sylveon|66\/100 tox|[from] Grassy Terrain\n|-damage|p2a: Sylveon|60\/100 tox|[from] psn\n|-sideend|p1: kingspeed51|move: Tailwind\n|upkeep\n|turn|5\n|inactive|Eoxygen has 120 seconds left.\n|\n|t:|1695261257\n|move|p2a: Sylveon|Protect|p2a: Sylveon\n|-singleturn|p2a: Sylveon|Protect\n|move|p1a: Roaring Moon|Acrobatics|p2b: Rillaboom\n|-supereffective|p2b: Rillaboom\n|-damage|p2b: Rillaboom|0 fnt\n|faint|p2b: Rillaboom\n|move|p1b: Chansey|Soft-Boiled|p1b: Chansey\n|-heal|p1b: Chansey|100\/100\n|\n|-heal|p2a: Sylveon|66\/100 tox|[from] Grassy Terrain\n|-damage|p2a: Sylveon|54\/100 tox|[from] psn\n|upkeep\n|inactive|Eoxygen has 120 seconds left.\n|\n|t:|1695261268\n|switch|p2b: Tornadus|Tornadus, M|100\/100\n|turn|6\n|\n|t:|1695261280\n|-end|p1a: Roaring Moon|Protosynthesis|[silent]\n|switch|p1a: Milotic|Milotic, F|100\/100\n|move|p2b: Tornadus|Tailwind|p2b: Tornadus\n|-sidestart|p2: Eoxygen|move: Tailwind\n|move|p2a: Sylveon|Round|p1a: Milotic\n|-damage|p1a: Milotic|53\/100\n|move|p1b: Chansey|Toxic|p2b: Tornadus\n|-status|p2b: Tornadus|tox\n|\n|-heal|p2a: Sylveon|60\/100 tox|[from] Grassy Terrain\n|-heal|p1a: Milotic|59\/100|[from] Grassy Terrain\n|-damage|p2b: Tornadus|94\/100 tox|[from] psn\n|-damage|p2a: Sylveon|42\/100 tox|[from] psn\n|upkeep\n|turn|7\n|\n|t:|1695261300\n|switch|p2a: Gholdengo|Gholdengo|100\/100\n|move|p2b: Tornadus|Bleakwind Storm|p1a: Milotic|[spread] p1a\n|-miss|p2b: Tornadus|p1b: Chansey\n|-damage|p1a: Milotic|32\/100\n|move|p1a: Milotic|Ice Beam|p2b: Tornadus\n|-supereffective|p2b: Tornadus\n|-damage|p2b: Tornadus|33\/100 tox\n|move|p1b: Chansey|Seismic Toss|p2b: Tornadus\n|-damage|p2b: Tornadus|5\/100 tox\n|\n|-heal|p1a: Milotic|38\/100|[from] Grassy Terrain\n|-damage|p2b: Tornadus|0 fnt|[from] psn\n|faint|p2b: Tornadus\n|-fieldend|move: Grassy Terrain\n|upkeep\n|\n|t:|1695261315\n|switch|p2b: Talonflame|Talonflame, F|100\/100\n|turn|8\n|\n|t:|1695261327\n|-zpower|p2b: Talonflame\n|move|p2b: Talonflame|Supersonic Skystrike|p1b: Chansey|[zeffect]\n|-crit|p1b: Chansey\n|-damage|p1b: Chansey|22\/100\n|move|p2a: Gholdengo|Make It Rain|p1b: Chansey|[spread] p1a,p1b\n|-resisted|p1a: Milotic\n|-damage|p1a: Milotic|8\/100\n|-damage|p1b: Chansey|0 fnt\n|-unboost|p2a: Gholdengo|spa|1\n|faint|p1b: Chansey\n|move|p1a: Milotic|Recover|p1a: Milotic\n|-heal|p1a: Milotic|58\/100\n|\n|upkeep\n|\n|t:|1695261346\n|switch|p1b: Roaring Moon|Roaring Moon|100\/100\n|turn|9\n|\n|t:|1695261357\n|move|p1a: Milotic|Protect|p1a: Milotic\n|-singleturn|p1a: Milotic|Protect\n|move|p2b: Talonflame|Tailwind||[still]\n|-fail|p2b: Talonflame\n|move|p2a: Gholdengo|Make It Rain|p1b: Roaring Moon|[spread] p1b\n|-activate|p1a: Milotic|move: Protect\n|-damage|p1b: Roaring Moon|52\/100\n|-unboost|p2a: Gholdengo|spa|1\n|move|p1b: Roaring Moon|Jaw Lock|p2a: Gholdengo\n|-supereffective|p2a: Gholdengo\n|-damage|p2a: Gholdengo|0 fnt\n|faint|p2a: Gholdengo\n|\n|-sideend|p2: Eoxygen|move: Tailwind\n|upkeep\n|\n|t:|1695261372\n|switch|p2a: Sylveon|Sylveon, F, shiny, tera:Fairy|42\/100 tox\n|turn|10\n|\n|t:|1695261379\n|move|p1b: Roaring Moon|Protect|p1b: Roaring Moon\n|-singleturn|p1b: Roaring Moon|Protect\n|move|p2b: Talonflame|Tailwind|p2b: Talonflame\n|-sidestart|p2: Eoxygen|move: Tailwind\n|move|p2a: Sylveon|Round|p1b: Roaring Moon\n|-activate|p1b: Roaring Moon|move: Protect\n|move|p1a: Milotic|Scald|p2b: Talonflame\n|-supereffective|p2b: Talonflame\n|-damage|p2b: Talonflame|2\/100\n|\n|-damage|p2a: Sylveon|36\/100 tox|[from] psn\n|upkeep\n|turn|11\n|\n|t:|1695261396\n|-end|p1b: Roaring Moon|Protosynthesis|[silent]\n|switch|p1b: Sinistcha|Sinistcha|100\/100\n|-heal|p1a: Milotic|83\/100|[from] ability: Hospitality|[of] p1b: Sinistcha\n|move|p2b: Talonflame|Return|p1a: Milotic\n|-crit|p1a: Milotic\n|-damage|p1a: Milotic|47\/100\n|move|p2a: Sylveon|Round|p1b: Sinistcha\n|-damage|p1b: Sinistcha|43\/100\n|move|p1a: Milotic|Recover|p1a: Milotic\n|-heal|p1a: Milotic|97\/100\n|\n|-damage|p2a: Sylveon|24\/100 tox|[from] psn\n|upkeep\n|turn|12\n|\n|t:|1695261420\n|move|p1b: Sinistcha|Protect|p1b: Sinistcha\n|-singleturn|p1b: Sinistcha|Protect\n|move|p2b: Talonflame|Flare Blitz|p1b: Sinistcha\n|-activate|p1b: Sinistcha|move: Protect\n|move|p2a: Sylveon|Shadow Ball|p1b: Sinistcha\n|-activate|p1b: Sinistcha|move: Protect\n|move|p1a: Milotic|Scald|p2b: Talonflame\n|-supereffective|p2b: Talonflame\n|-damage|p2b: Talonflame|0 fnt\n|faint|p2b: Talonflame\n|\n|-damage|p2a: Sylveon|5\/100 tox|[from] psn\n|upkeep\n|turn|13\n|\n|t:|1695261434\n|move|p2a: Sylveon|Round|p1b: Sinistcha\n|-damage|p1b: Sinistcha|0 fnt\n|faint|p1b: Sinistcha\n|move|p1a: Milotic|Scald|p2a: Sylveon\n|-crit|p2a: Sylveon\n|-damage|p2a: Sylveon|0 fnt\n|faint|p2a: Sylveon\n|\n|win|kingspeed51\n|raw|kingspeed51's rating: 1108 &rarr; <strong>1140<\/strong><br \/>(+32 for winning)\n|raw|Eoxygen's rating: 1209 &rarr; <strong>1177<\/strong><br \/>(-32 for losing)\n|l|\u2606Eoxygen\n","uploadtime":1695261446,"views":9,"p1id":"kingspeed51","p2id":"eoxygen","formatid":"gen9nationaldexdoubles","rating":1140,"private":0,"password":""}