{"id":"gen9nationaldexdoubles-1979135553","p1":"Ammosia","p2":"Falalinks","format":"[Gen 9] National Dex Doubles","log":"|j|\u2606Ammosia\n|j|\u2606Falalinks\n|t:|1698637112\n|gametype|doubles\n|player|p1|Ammosia|266|\n|player|p2|Falalinks|265|\n|teamsize|p1|6\n|teamsize|p2|5\n|gen|9\n|tier|[Gen 9] National Dex Doubles\n|rule|HP Percentage Mod: HP is shown in percentages\n|rule|Endless Battle Clause: Forcing endless battles is banned\n|rule|OHKO Clause: OHKO moves are banned\n|rule|Evasion Moves Clause: Evasion moves are banned\n|rule|Evasion Abilities Clause: Evasion abilities are banned\n|rule|Species Clause: Limit one of each Pok\u00e9mon\n|rule|Gravity Sleep Clause: The combination of sleep-inducing moves with imperfect accuracy and Gravity or Gigantamax Orbeetle are banned\n|clearpoke\n|poke|p1|Lapras, L80, M|\n|poke|p1|Mimikyu, L80, F|\n|poke|p1|Cinderace, L80, F|\n|poke|p1|Zoroark, L80, M|\n|poke|p1|Appletun, L80, M|\n|poke|p1|Dragapult, M|\n|poke|p2|Kommo-o, M|\n|poke|p2|Falinks|\n|poke|p2|Gallade, M|\n|poke|p2|Lucario, M|\n|poke|p2|Marshadow|\n|teampreview\n|\n|t:|1698637142\n|start\n|switch|p1a: Cinderace|Cinderace, L80, F|100\/100\n|switch|p1b: Dragapult|Dragapult, L80, M|100\/100\n|switch|p2a: Lucario|Lucario, M|100\/100\n|switch|p2b: Falinks|Falinks|100\/100\n|turn|1\n|\n|t:|1698637193\n|move|p2a: Lucario|Bullet Punch|p1b: Dragapult\n|-damage|p1b: Dragapult|61\/100\n|replace|p1b: Zoroark|Zoroark, L80, M\n|-end|p1b: Zoroark|Illusion\n|move|p1a: Cinderace|Pyro Ball|p2a: Lucario\n|-supereffective|p2a: Lucario\n|-damage|p2a: Lucario|4\/100\n|move|p1b: Zoroark|Hex|p2b: Falinks\n|-damage|p2b: Falinks|83\/100\n|move|p2b: Falinks|No Retreat|p2b: Falinks\n|-boost|p2b: Falinks|atk|1\n|-boost|p2b: Falinks|def|1\n|-boost|p2b: Falinks|spa|1\n|-boost|p2b: Falinks|spd|1\n|-boost|p2b: Falinks|spe|1\n|-start|p2b: Falinks|move: No Retreat\n|\n|-heal|p2b: Falinks|89\/100|[from] item: Leftovers\n|-heal|p2a: Lucario|10\/100|[from] item: Leftovers\n|-heal|p1b: Zoroark|67\/100|[from] item: Leftovers\n|upkeep\n|turn|2\n|\n|t:|1698637226\n|move|p2b: Falinks|Iron Head|p1a: Cinderace\n|-resisted|p1a: Cinderace\n|-damage|p1a: Cinderace|68\/100\n|move|p1a: Cinderace|Pyro Ball|p2a: Lucario\n|-supereffective|p2a: Lucario\n|-damage|p2a: Lucario|0 fnt\n|faint|p2a: Lucario\n|move|p1b: Zoroark|Encore|p2b: Falinks\n|-start|p2b: Falinks|Encore\n|\n|-heal|p2b: Falinks|95\/100|[from] item: Leftovers\n|-heal|p1b: Zoroark|73\/100|[from] item: Leftovers\n|upkeep\n|\n|t:|1698637238\n|switch|p2a: Gallade|Gallade, M|100\/100\n|turn|3\n|\n|t:|1698637262\n|switch|p1b: Dragapult|Dragapult, M|100\/100\n|move|p2b: Falinks|Iron Head|p1b: Dragapult\n|-damage|p1b: Dragapult|63\/100\n|move|p1a: Cinderace|Pyro Ball|p2b: Falinks\n|-damage|p2b: Falinks|69\/100\n|move|p2a: Gallade|Brick Break|p1a: Cinderace\n|-damage|p1a: Cinderace|0 fnt\n|faint|p1a: Cinderace\n|\n|-heal|p2b: Falinks|75\/100|[from] item: Leftovers\n|upkeep\n|\n|t:|1698637283\n|switch|p1a: Appletun|Appletun, L80, M|100\/100\n|turn|4\n|\n|t:|1698637305\n|switch|p1a: Lapras|Lapras, L80, M|100\/100\n|move|p1b: Dragapult|Phantom Force||[still]\n|-prepare|p1b: Dragapult|Phantom Force\n|move|p2b: Falinks|Iron Head|p1a: Lapras\n|-damage|p1a: Lapras|60\/100\n|move|p2a: Gallade|Knock Off|p1b: Dragapult|[miss]\n|-miss|p2a: Gallade|p1b: Dragapult\n|\n|-heal|p2b: Falinks|81\/100|[from] item: Leftovers\n|upkeep\n|turn|5\n|\n|t:|1698637328\n|move|p1b: Dragapult|Phantom Force|p2a: Gallade|[from]lockedmove\n|-supereffective|p2a: Gallade\n|-damage|p2a: Gallade|0 fnt\n|faint|p2a: Gallade\n|move|p2b: Falinks|Iron Head|p1a: Lapras\n|-damage|p1a: Lapras|21\/100\n|cant|p1a: Lapras|flinch\n|\n|-heal|p2b: Falinks|87\/100|[from] item: Leftovers\n|-end|p2b: Falinks|Encore\n|upkeep\n|\n|t:|1698637340\n|switch|p2a: Kommo-o|Kommo-o, M|100\/100\n|turn|6\n|\n|t:|1698637360\n|switch|p1a: Appletun|Appletun, L80, M|100\/100\n|move|p1b: Dragapult|Draco Meteor|p2a: Kommo-o\n|-supereffective|p2a: Kommo-o\n|-damage|p2a: Kommo-o|6\/100\n|-unboost|p1b: Dragapult|spa|2\n|move|p2b: Falinks|Close Combat|p1a: Appletun\n|-damage|p1a: Appletun|10\/100\n|-unboost|p2b: Falinks|def|1\n|-unboost|p2b: Falinks|spd|1\n|move|p2a: Kommo-o|Draco Meteor|p1b: Dragapult\n|-supereffective|p1b: Dragapult\n|-damage|p1b: Dragapult|0 fnt\n|-unboost|p2a: Kommo-o|spa|2\n|faint|p1b: Dragapult\n|\n|-heal|p2b: Falinks|93\/100|[from] item: Leftovers\n|-heal|p2a: Kommo-o|12\/100|[from] item: Leftovers\n|upkeep\n|\n|t:|1698637382\n|switch|p1b: Mimikyu|Mimikyu, L80, F|73\/100\n|turn|7\n|\n|t:|1698637414\n|move|p2b: Falinks|Close Combat|p1a: Appletun\n|-damage|p1a: Appletun|0 fnt\n|-unboost|p2b: Falinks|def|1\n|-unboost|p2b: Falinks|spd|1\n|faint|p1a: Appletun\n|move|p2a: Kommo-o|Draco Meteor|p1b: Mimikyu\n|-damage|p1b: Mimikyu|18\/100\n|-unboost|p2a: Kommo-o|spa|2\n|replace|p1b: Zoroark|Zoroark, L80, M\n|-end|p1b: Zoroark|Illusion\n|move|p1b: Zoroark|Hex|p2b: Falinks\n|-damage|p2b: Falinks|65\/100\n|\n|-heal|p2b: Falinks|71\/100|[from] item: Leftovers\n|-heal|p2a: Kommo-o|18\/100|[from] item: Leftovers\n|-heal|p1b: Zoroark|24\/100|[from] item: Leftovers\n|upkeep\n|\n|t:|1698637436\n|switch|p1a: Mimikyu|Mimikyu, L80, F|100\/100\n|turn|8\n|\n|t:|1698637468\n|move|p2b: Falinks|Close Combat|p1a: Mimikyu\n|-immune|p1a: Mimikyu\n|move|p2a: Kommo-o|Draco Meteor|p1b: Zoroark\n|-damage|p1b: Zoroark|0 fnt\n|-unboost|p2a: Kommo-o|spa|2\n|faint|p1b: Zoroark\n|move|p1a: Mimikyu|Dazzling Gleam|p2b: Falinks|[spread] p2a,p2b\n|-supereffective|p2a: Kommo-o\n|-supereffective|p2b: Falinks\n|-damage|p2a: Kommo-o|0 fnt\n|-damage|p2b: Falinks|31\/100\n|faint|p2a: Kommo-o\n|\n|-heal|p2b: Falinks|37\/100|[from] item: Leftovers\n|upkeep\n|\n|t:|1698637485\n|switch|p2a: Marshadow|Marshadow|100\/100\n|switch|p1b: Lapras|Lapras, L80, M|21\/100\n|turn|9\n|\n|t:|1698637509\n|move|p2a: Marshadow|Outrage|p1b: Lapras\n|-damage|p1b: Lapras|0 fnt\n|faint|p1b: Lapras\n|move|p2b: Falinks|Close Combat|p1a: Mimikyu\n|-immune|p1a: Mimikyu\n|move|p1a: Mimikyu|Dazzling Gleam|p2b: Falinks|[spread] p2a,p2b\n|-supereffective|p2a: Marshadow\n|-supereffective|p2b: Falinks\n|-damage|p2a: Marshadow|85\/100\n|-damage|p2b: Falinks|0 fnt\n|faint|p2b: Falinks\n|\n|-heal|p2a: Marshadow|91\/100|[from] item: Leftovers\n|upkeep\n|turn|10\n|\n|t:|1698637525\n|move|p2a: Marshadow|Outrage|p1a: Mimikyu|[from]lockedmove\n|-immune|p1a: Mimikyu\n|-start|p2a: Marshadow|confusion|[fatigue]\n|move|p1a: Mimikyu|Dazzling Gleam|p2a: Marshadow\n|-supereffective|p2a: Marshadow\n|-damage|p2a: Marshadow|68\/100\n|\n|-heal|p2a: Marshadow|74\/100|[from] item: Leftovers\n|upkeep\n|turn|11\n|\n|t:|1698637546\n|-activate|p2a: Marshadow|confusion\n|move|p2a: Marshadow|Outrage|p1a: Mimikyu\n|-immune|p1a: Mimikyu\n|move|p1a: Mimikyu|Dazzling Gleam|p2a: Marshadow\n|-supereffective|p2a: Marshadow\n|-damage|p2a: Marshadow|52\/100\n|\n|-heal|p2a: Marshadow|58\/100|[from] item: Leftovers\n|upkeep\n|turn|12\n|\n|t:|1698637563\n|-activate|p2a: Marshadow|confusion\n|move|p2a: Marshadow|Shadow Ball|p1a: Mimikyu\n|-activate|p1a: Mimikyu|ability: Disguise\n|-damage|p1a: Mimikyu|100\/100\n|detailschange|p1a: Mimikyu|Mimikyu-Busted, L80, F\n|-damage|p1a: Mimikyu|88\/100|[from] pokemon: Mimikyu-Busted\n|move|p1a: Mimikyu|Dazzling Gleam|p2a: Marshadow\n|-supereffective|p2a: Marshadow\n|-damage|p2a: Marshadow|34\/100\n|\n|-heal|p2a: Marshadow|40\/100|[from] item: Leftovers\n|-heal|p1a: Mimikyu|94\/100|[from] item: Leftovers\n|upkeep\n|turn|13\n|\n|t:|1698637584\n|-activate|p2a: Marshadow|confusion\n|-damage|p2a: Marshadow|25\/100|[from] confusion\n|move|p1a: Mimikyu|Mimic|p2a: Marshadow\n|-start|p1a: Mimikyu|Mimic|Shadow Ball\n|\n|-heal|p2a: Marshadow|31\/100|[from] item: Leftovers\n|-heal|p1a: Mimikyu|99\/100|[from] item: Leftovers\n|upkeep\n|turn|14\n|\n|t:|1698637601\n|-end|p2a: Marshadow|confusion\n|move|p2a: Marshadow|Endeavor|p1a: Mimikyu\n|-immune|p1a: Mimikyu\n|move|p1a: Mimikyu|Shadow Ball|p2a: Marshadow\n|-supereffective|p2a: Marshadow\n|-damage|p2a: Marshadow|9\/100\n|-unboost|p2a: Marshadow|spd|1\n|\n|-heal|p2a: Marshadow|15\/100|[from] item: Leftovers\n|-heal|p1a: Mimikyu|100\/100|[from] item: Leftovers\n|upkeep\n|turn|15\n|\n|t:|1698637621\n|move|p2a: Marshadow|Shadow Ball|p1a: Mimikyu\n|-supereffective|p1a: Mimikyu\n|-damage|p1a: Mimikyu|12\/100\n|move|p1a: Mimikyu|Shadow Ball|p2a: Marshadow\n|-supereffective|p2a: Marshadow\n|-damage|p2a: Marshadow|0 fnt\n|faint|p2a: Marshadow\n|\n|win|Ammosia\n","uploadtime":1698637644,"views":10,"p1id":"ammosia","p2id":"falalinks","formatid":"gen9nationaldexdoubles","rating":0,"private":0,"password":""}