{"id":"gen9nationaldexdoubles-1963552241","p1":"oofouchowiemybones","p2":"Spooooky Gorl","format":"[Gen 9] National Dex Doubles","log":"|j|\u2606oofouchowiemybones\n|j|\u2606Spooooky Gorl\n|t:|1696877158\n|gametype|doubles\n|player|p1|oofouchowiemybones|karen|\n|player|p2|Spooooky Gorl|medium|\n|teamsize|p1|6\n|teamsize|p2|6\n|gen|9\n|tier|[Gen 9] National Dex Doubles\n|rule|HP Percentage Mod: HP is shown in percentages\n|rule|Endless Battle Clause: Forcing endless battles is banned\n|rule|OHKO Clause: OHKO moves are banned\n|rule|Evasion Moves Clause: Evasion moves are banned\n|rule|Evasion Abilities Clause: Evasion abilities are banned\n|rule|Species Clause: Limit one of each Pok\u00e9mon\n|rule|Gravity Sleep Clause: The combination of sleep-inducing moves with imperfect accuracy and Gravity or Gigantamax Orbeetle are banned\n|clearpoke\n|poke|p1|Blastoise, M|\n|poke|p1|Tentacruel, M|\n|poke|p1|Rillaboom, M|\n|poke|p1|Dragapult, M|\n|poke|p1|Hawlucha, F|\n|poke|p1|Volcarona, F|\n|poke|p2|Milotic, F|\n|poke|p2|Dragapult, M|\n|poke|p2|Aurorus, F|\n|poke|p2|Aegislash, M|\n|poke|p2|Gourgeist-*, F|\n|poke|p2|Kingambit, M|\n|teampreview\n|\n|t:|1696877195\n|start\n|switch|p1a: Blastoise|Blastoise, M|100\/100\n|switch|p1b: Volcarona|Volcarona, F|100\/100\n|switch|p2a: Gourgeous|Gourgeist-Super, F, shiny|100\/100\n|switch|p2b: Rory|Aurorus, F, shiny|100\/100\n|-item|p1a: Blastoise|Leftovers|[from] ability: Frisk|[of] p2a: Gourgeous|[identify]\n|-item|p1b: Volcarona|Sitrus Berry|[from] ability: Frisk|[of] p2a: Gourgeous|[identify]\n|turn|1\n|\n|t:|1696877220\n|move|p1a: Blastoise|Fake Out|p2b: Rory\n|-resisted|p2b: Rory\n|-damage|p2b: Rory|97\/100\n|move|p1b: Volcarona|Heat Wave|p2a: Gourgeous|[spread] p2a,p2b\n|-supereffective|p2a: Gourgeous\n|-damage|p2a: Gourgeous|40\/100\n|-damage|p2b: Rory|79\/100\n|cant|p2b: Rory|flinch\n|move|p2a: Gourgeous|Giga Drain|p1a: Blastoise\n|-supereffective|p1a: Blastoise\n|-damage|p1a: Blastoise|56\/100\n|-heal|p2a: Gourgeous|66\/100|[from] drain|[of] p1a: Blastoise\n|\n|-heal|p1a: Blastoise|62\/100|[from] item: Leftovers\n|-heal|p2a: Gourgeous|72\/100|[from] item: Leftovers\n|upkeep\n|turn|2\n|\n|t:|1696877259\n|move|p1b: Volcarona|Heat Wave|p2b: Rory|[spread] p2a,p2b\n|-supereffective|p2a: Gourgeous\n|-damage|p2a: Gourgeous|8\/100\n|-damage|p2b: Rory|61\/100\n|move|p1a: Blastoise|Flip Turn|p2b: Rory\n|-supereffective|p2b: Rory\n|-damage|p2b: Rory|26\/100\n|\n|t:|1696877276\n|switch|p1a: Tentacruel|Tentacruel, M|100\/100|[from] Flip Turn\n|move|p2b: Rory|Body Slam|p1a: Tentacruel\n|-resisted|p1a: Tentacruel\n|-damage|p1a: Tentacruel|82\/100\n|-status|p1a: Tentacruel|par\n|move|p2a: Gourgeous|Disable|p1b: Volcarona\n|-start|p1b: Volcarona|Disable|Heat Wave\n|\n|-heal|p1a: Tentacruel|88\/100 par|[from] item: Black Sludge\n|-heal|p2a: Gourgeous|14\/100|[from] item: Leftovers\n|upkeep\n|turn|3\n|\n|t:|1696877338\n|switch|p1b: Rillaboom|Rillaboom, M|100\/100\n|-fieldstart|move: Grassy Terrain|[from] ability: Grassy Surge|[of] p1b: Rillaboom\n|move|p1a: Tentacruel|Knock Off|p2a: Gourgeous\n|-supereffective|p2a: Gourgeous\n|-damage|p2a: Gourgeous|0 fnt\n|-enditem|p2a: Gourgeous|Leftovers|[from] move: Knock Off|[of] p1a: Tentacruel\n|faint|p2a: Gourgeous\n|move|p2b: Rory|Flash Cannon|p1a: Tentacruel\n|-resisted|p1a: Tentacruel\n|-damage|p1a: Tentacruel|78\/100 par\n|\n|-heal|p1a: Tentacruel|84\/100 par|[from] Grassy Terrain\n|-heal|p1a: Tentacruel|90\/100 par|[from] item: Black Sludge\n|-heal|p2b: Rory|32\/100|[from] Grassy Terrain\n|upkeep\n|\n|t:|1696877389\n|switch|p2a: Danger Plate|Aegislash, M, shiny|100\/100\n|turn|4\n|\n|t:|1696877427\n|move|p1b: Rillaboom|Grassy Glide|p2b: Rory\n|-supereffective|p2b: Rory\n|-damage|p2b: Rory|0 fnt\n|faint|p2b: Rory\n|move|p1a: Tentacruel|Knock Off|p2a: Danger Plate\n|-supereffective|p2a: Danger Plate\n|-damage|p2a: Danger Plate|80\/100\n|-enditem|p2a: Danger Plate|Expert Belt|[from] move: Knock Off|[of] p1a: Tentacruel\n|-formechange|p2a: Danger Plate|Aegislash-Blade||[from] ability: Stance Change\n|move|p2a: Danger Plate|Flash Cannon|p1b: Rillaboom\n|-damage|p1b: Rillaboom|74\/100\n|\n|-heal|p1b: Rillaboom|80\/100|[from] Grassy Terrain\n|-heal|p1a: Tentacruel|96\/100 par|[from] Grassy Terrain\n|-heal|p1a: Tentacruel|100\/100 par|[from] item: Black Sludge\n|-heal|p2a: Danger Plate|86\/100|[from] Grassy Terrain\n|upkeep\n|\n|t:|1696877443\n|switch|p2b: Mother of Dragons|Dragapult, M|100\/100\n|turn|5\n|\n|t:|1696877490\n|switch|p1b: Volcarona|Volcarona, F|100\/100\n|move|p2b: Mother of Dragons|Phantom Force||[still]\n|-prepare|p2b: Mother of Dragons|Phantom Force\n|move|p1a: Tentacruel|Reflect|p1a: Tentacruel\n|-sidestart|p1: oofouchowiemybones|Reflect\n|move|p2a: Danger Plate|Close Combat|p1b: Volcarona\n|-resisted|p1b: Volcarona\n|-damage|p1b: Volcarona|85\/100\n|-unboost|p2a: Danger Plate|def|1\n|-unboost|p2a: Danger Plate|spd|1\n|\n|-heal|p1b: Volcarona|91\/100|[from] Grassy Terrain\n|-heal|p2a: Danger Plate|92\/100|[from] Grassy Terrain\n|upkeep\n|turn|6\n|\n|t:|1696877529\n|move|p2b: Mother of Dragons|Phantom Force|p1b: Volcarona|[from]lockedmove\n|-damage|p1b: Volcarona|63\/100\n|move|p1b: Volcarona|Will-O-Wisp|p2b: Mother of Dragons\n|-status|p2b: Mother of Dragons|brn\n|cant|p1a: Tentacruel|par\n|move|p2a: Danger Plate|Iron Defense|p2a: Danger Plate\n|-boost|p2a: Danger Plate|def|2\n|\n|-heal|p1b: Volcarona|69\/100|[from] Grassy Terrain\n|-heal|p2a: Danger Plate|99\/100|[from] Grassy Terrain\n|-damage|p2b: Mother of Dragons|95\/100 brn|[from] brn\n|upkeep\n|turn|7\n|\n|t:|1696877569\n|move|p2b: Mother of Dragons|Phantom Force||[still]\n|-prepare|p2b: Mother of Dragons|Phantom Force\n|move|p1b: Volcarona|Will-O-Wisp|p2a: Danger Plate\n|-status|p2a: Danger Plate|brn\n|move|p1a: Tentacruel|Knock Off|p2b: Mother of Dragons|[miss]\n|-miss|p1a: Tentacruel|p2b: Mother of Dragons\n|move|p2a: Danger Plate|Shadow Ball|p1b: Volcarona\n|-damage|p1b: Volcarona|40\/100\n|-enditem|p1b: Volcarona|Sitrus Berry|[eat]\n|-heal|p1b: Volcarona|64\/100|[from] item: Sitrus Berry\n|\n|-heal|p1b: Volcarona|71\/100|[from] Grassy Terrain\n|-heal|p2a: Danger Plate|100\/100 brn|[from] Grassy Terrain\n|-damage|p2b: Mother of Dragons|89\/100 brn|[from] brn\n|-damage|p2a: Danger Plate|94\/100 brn|[from] brn\n|-fieldend|move: Grassy Terrain\n|upkeep\n|turn|8\n|\n|t:|1696877618\n|switch|p1a: Rillaboom|Rillaboom, M|80\/100\n|-fieldstart|move: Grassy Terrain|[from] ability: Grassy Surge|[of] p1a: Rillaboom\n|move|p2b: Mother of Dragons|Phantom Force|p1a: Rillaboom|[from]lockedmove\n|-damage|p1a: Rillaboom|70\/100\n|move|p1b: Volcarona|Roost|p1b: Volcarona\n|-heal|p1b: Volcarona|100\/100\n|-singleturn|p1b: Volcarona|move: Roost\n|move|p2a: Danger Plate|Shadow Ball|p1b: Volcarona\n|-damage|p1b: Volcarona|67\/100\n|\n|-heal|p2b: Mother of Dragons|95\/100 brn|[from] Grassy Terrain\n|-heal|p1b: Volcarona|73\/100|[from] Grassy Terrain\n|-heal|p1a: Rillaboom|76\/100|[from] Grassy Terrain\n|-heal|p2a: Danger Plate|100\/100 brn|[from] Grassy Terrain\n|-damage|p2b: Mother of Dragons|89\/100 brn|[from] brn\n|-damage|p2a: Danger Plate|94\/100 brn|[from] brn\n|upkeep\n|turn|9\n|\n|t:|1696877664\n|move|p2b: Mother of Dragons|Phantom Force||[still]\n|-prepare|p2b: Mother of Dragons|Phantom Force\n|move|p1b: Volcarona|Heat Wave|p2a: Danger Plate|[spread] p2a\n|-miss|p1b: Volcarona|p2b: Mother of Dragons\n|-supereffective|p2a: Danger Plate\n|-damage|p2a: Danger Plate|0 fnt\n|faint|p2a: Danger Plate\n|move|p1a: Rillaboom|U-turn|p2b: Mother of Dragons|[miss]\n|-miss|p1a: Rillaboom|p2b: Mother of Dragons\n|\n|-heal|p1b: Volcarona|80\/100|[from] Grassy Terrain\n|-heal|p1a: Rillaboom|82\/100|[from] Grassy Terrain\n|-damage|p2b: Mother of Dragons|83\/100 brn|[from] brn\n|-sideend|p1: oofouchowiemybones|Reflect\n|upkeep\n|\n|t:|1696877677\n|switch|p2a: Tickled Pink|Milotic, F|100\/100\n|turn|10\n|\n|t:|1696877699\n|switch|p1b: Blastoise|Blastoise, M|62\/100\n|move|p2b: Mother of Dragons|Phantom Force|p1a: Rillaboom|[from]lockedmove\n|-damage|p1a: Rillaboom|68\/100\n|move|p1a: Rillaboom|Wood Hammer|p2a: Tickled Pink\n|-supereffective|p2a: Tickled Pink\n|-damage|p2a: Tickled Pink|0 fnt\n|faint|p2a: Tickled Pink\n|-damage|p1a: Rillaboom|36\/100|[from] Recoil\n|\n|-heal|p2b: Mother of Dragons|89\/100 brn|[from] Grassy Terrain\n|-heal|p1a: Rillaboom|42\/100|[from] Grassy Terrain\n|-heal|p1b: Blastoise|68\/100|[from] Grassy Terrain\n|-heal|p1b: Blastoise|74\/100|[from] item: Leftovers\n|-damage|p2b: Mother of Dragons|83\/100 brn|[from] brn\n|upkeep\n|\n|t:|1696877716\n|switch|p2a: Chesster|Kingambit, M|100\/100\n|-activate|p2a: Chesster|ability: Supreme Overlord\n|-start|p2a: Chesster|fallen4|[silent]\n|turn|11\n|\n|t:|1696877752\n|move|p2a: Chesster|Sucker Punch|p1a: Rillaboom\n|-damage|p1a: Rillaboom|0 fnt\n|faint|p1a: Rillaboom\n|move|p2b: Mother of Dragons|Dragon Darts|p1b: Blastoise\n|-damage|p1b: Blastoise|66\/100\n|-anim|p2b: Mother of Dragons|Dragon Darts|p1b: Blastoise\n|-damage|p1b: Blastoise|57\/100\n|move|p1b: Blastoise|Flip Turn|p2a: Chesster\n|-damage|p2a: Chesster|88\/100\n|\n|t:|1696877764\n|switch|p1b: Volcarona|Volcarona, F|80\/100|[from] Flip Turn\n|\n|-heal|p2b: Mother of Dragons|89\/100 brn|[from] Grassy Terrain\n|-heal|p1b: Volcarona|86\/100|[from] Grassy Terrain\n|-heal|p2a: Chesster|94\/100|[from] Grassy Terrain\n|-damage|p2b: Mother of Dragons|83\/100 brn|[from] brn\n|upkeep\n|\n|t:|1696877781\n|switch|p1a: Dragapult|Dragapult, M|100\/100\n|turn|12\n|\n|t:|1696877831\n|move|p2a: Chesster|Sucker Punch|p1a: Dragapult\n|-supereffective|p1a: Dragapult\n|-enditem|p1a: Dragapult|Focus Sash\n|-damage|p1a: Dragapult|1\/100\n|move|p2b: Mother of Dragons|Phantom Force||[still]\n|-prepare|p2b: Mother of Dragons|Phantom Force\n|move|p1a: Dragapult|Dragon Darts|p2a: Chesster\n|-resisted|p2a: Chesster\n|-damage|p2a: Chesster|84\/100\n|-anim|p1a: Dragapult|Dragon Darts|p2a: Chesster\n|-resisted|p2a: Chesster\n|-damage|p2a: Chesster|73\/100\n|move|p1b: Volcarona|Heat Wave|p2b: Mother of Dragons|[spread] p2a\n|-miss|p1b: Volcarona|p2b: Mother of Dragons\n|-supereffective|p2a: Chesster\n|-damage|p2a: Chesster|30\/100\n|\n|-heal|p1a: Dragapult|7\/100|[from] Grassy Terrain\n|-heal|p1b: Volcarona|92\/100|[from] Grassy Terrain\n|-heal|p2a: Chesster|36\/100|[from] Grassy Terrain\n|-damage|p2b: Mother of Dragons|77\/100 brn|[from] brn\n|-fieldend|move: Grassy Terrain\n|upkeep\n|turn|13\n|\n|t:|1696877872\n|move|p2a: Chesster|Sucker Punch|p1b: Volcarona\n|-damage|p1b: Volcarona|23\/100\n|move|p2b: Mother of Dragons|Phantom Force|p1a: Dragapult|[from]lockedmove\n|-supereffective|p1a: Dragapult\n|-crit|p1a: Dragapult\n|-damage|p1a: Dragapult|0 fnt\n|faint|p1a: Dragapult\n|move|p1b: Volcarona|Heat Wave|p2b: Mother of Dragons|[spread] p2a,p2b\n|-supereffective|p2a: Chesster\n|-resisted|p2b: Mother of Dragons\n|-damage|p2a: Chesster|0 fnt\n|-damage|p2b: Mother of Dragons|56\/100 brn\n|faint|p2a: Chesster\n|-end|p2a: Chesster|fallen4|[silent]\n|\n|-damage|p2b: Mother of Dragons|50\/100 brn|[from] brn\n|upkeep\n|\n|t:|1696877892\n|switch|p1a: Hawlucha|Hawlucha, F|100\/100\n|turn|14\n|\n|t:|1696877925\n|move|p2b: Mother of Dragons|Dragon Darts|p1b: Volcarona\n|-damage|p1b: Volcarona|12\/100\n|-anim|p2b: Mother of Dragons|Dragon Darts|p1a: Hawlucha\n|-damage|p1a: Hawlucha|90\/100\n|move|p1b: Volcarona|Roost|p1b: Volcarona\n|-heal|p1b: Volcarona|62\/100\n|-singleturn|p1b: Volcarona|move: Roost\n|move|p1a: Hawlucha|Substitute|p1a: Hawlucha\n|-start|p1a: Hawlucha|Substitute\n|-damage|p1a: Hawlucha|65\/100\n|\n|-damage|p2b: Mother of Dragons|44\/100 brn|[from] brn\n|upkeep\n|turn|15\n|\n|t:|1696877946\n|move|p1b: Volcarona|Rage Powder|p1b: Volcarona\n|-singleturn|p1b: Volcarona|move: Rage Powder\n|move|p2b: Mother of Dragons|Phantom Force||[still]\n|-prepare|p2b: Mother of Dragons|Phantom Force\n|move|p1a: Hawlucha|Swords Dance|p1a: Hawlucha\n|-boost|p1a: Hawlucha|atk|2\n|\n|-damage|p2b: Mother of Dragons|38\/100 brn|[from] brn\n|upkeep\n|turn|16\n|\n|t:|1696877972\n|move|p2b: Mother of Dragons|Phantom Force|p1b: Volcarona|[from]lockedmove\n|-damage|p1b: Volcarona|40\/100\n|move|p1b: Volcarona|Roost|p1b: Volcarona\n|-heal|p1b: Volcarona|90\/100\n|-singleturn|p1b: Volcarona|move: Roost\n|move|p1a: Hawlucha|Swords Dance|p1a: Hawlucha\n|-boost|p1a: Hawlucha|atk|2\n|\n|-damage|p2b: Mother of Dragons|32\/100 brn|[from] brn\n|upkeep\n|turn|17\n|\n|t:|1696877989\n|move|p1b: Volcarona|Rage Powder|p1b: Volcarona\n|-singleturn|p1b: Volcarona|move: Rage Powder\n|move|p1a: Hawlucha|Acrobatics|p2b: Mother of Dragons\n|-damage|p2b: Mother of Dragons|0 fnt\n|faint|p2b: Mother of Dragons\n|\n|win|oofouchowiemybones\n","uploadtime":1696877999,"views":12,"p1id":"oofouchowiemybones","p2id":"spooookygorl","formatid":"gen9nationaldexdoubles","rating":0,"private":0,"password":""}