{"id":"gen9nationaldexdoubles-1998493139","p1":"Kazutoxo","p2":"Drixzard","format":"[Gen 9] National Dex Doubles","log":"|j|\u2606Kazutoxo\n|j|\u2606Drixzard\n|t:|1700948540\n|gametype|doubles\n|player|p1|Kazutoxo|ingo|\n|player|p2|Drixzard|ingo|\n|teamsize|p1|6\n|teamsize|p2|6\n|gen|9\n|tier|[Gen 9] National Dex Doubles\n|rule|HP Percentage Mod: HP is shown in percentages\n|rule|Endless Battle Clause: Forcing endless battles is banned\n|rule|OHKO Clause: OHKO moves are banned\n|rule|Evasion Moves Clause: Evasion moves are banned\n|rule|Evasion Abilities Clause: Evasion abilities are banned\n|rule|Species Clause: Limit one of each Pok\u00e9mon\n|rule|Gravity Sleep Clause: The combination of sleep-inducing moves with imperfect accuracy and Gravity or Gigantamax Orbeetle are banned\n|clearpoke\n|poke|p1|Charizard, M|\n|poke|p1|Ogerpon-Hearthflame, F|\n|poke|p1|Incineroar, M|\n|poke|p1|Arcanine-Hisui, M|\n|poke|p1|Gastrodon, F|\n|poke|p1|Torkoal, M|\n|poke|p2|Ogerpon-Wellspring, F|\n|poke|p2|Walking Wake|\n|poke|p2|Palafin, M|\n|poke|p2|Goodra-Hisui, M|\n|poke|p2|Iron Bundle|\n|poke|p2|Pelipper, F|\n|teampreview\n|\n|t:|1700948554\n|start\n|switch|p1a: Gastrodon|Gastrodon, F|100\/100\n|switch|p1b: Incineroar|Incineroar, M|100\/100\n|switch|p2a: Palafin|Palafin, M|100\/100\n|switch|p2b: Walking Wake|Walking Wake|100\/100\n|-ability|p1b: Incineroar|Intimidate|boost\n|-unboost|p2a: Palafin|atk|1\n|-unboost|p2b: Walking Wake|atk|1\n|-enditem|p2b: Walking Wake|Booster Energy\n|-activate|p2b: Walking Wake|ability: Protosynthesis|[fromitem]\n|-start|p2b: Walking Wake|protosynthesisspa\n|turn|1\n|\n|t:|1700948599\n|detailschange|p2a: Palafin|Palafin-Hero, M\n|switch|p2a: Pelipper|Pelipper, F|100\/100\n|-weather|RainDance|[from] ability: Drizzle|[of] p2a: Pelipper\n|-terastallize|p1a: Gastrodon|Fire\n|move|p1a: Gastrodon|Protect|p1a: Gastrodon\n|-singleturn|p1a: Gastrodon|Protect\n|move|p2b: Walking Wake|Draco Meteor|p1a: Gastrodon\n|-activate|p1a: Gastrodon|move: Protect\n|move|p1b: Incineroar|Parting Shot|p2b: Walking Wake\n|-unboost|p2b: Walking Wake|atk|1\n|-unboost|p2b: Walking Wake|spa|1\n|\n|t:|1700948615\n|switch|p1b: Charizard|Charizard, M|100\/100|[from] Parting Shot\n|\n|-weather|RainDance|[upkeep]\n|upkeep\n|turn|2\n|\n|t:|1700948681\n|-end|p2b: Walking Wake|Protosynthesis|[silent]\n|switch|p2b: Goodra|Goodra-Hisui, M|100\/100\n|detailschange|p1b: Charizard|Charizard-Mega-Y, M\n|-mega|p1b: Charizard|Charizard|Charizardite Y\n|-weather|SunnyDay|[from] ability: Drought|[of] p1b: Charizard\n|move|p1b: Charizard|Tailwind|p1b: Charizard\n|-sidestart|p1: Kazutoxo|move: Tailwind\n|move|p1a: Gastrodon|Yawn|p2a: Pelipper\n|-start|p2a: Pelipper|move: Yawn|[of] p1a: Gastrodon\n|move|p2a: Pelipper|Icy Wind|p1b: Charizard|[spread] p1a\n|-miss|p2a: Pelipper|p1b: Charizard\n|-resisted|p1a: Gastrodon\n|-damage|p1a: Gastrodon|97\/100\n|-unboost|p1a: Gastrodon|spe|1\n|\n|-weather|SunnyDay|[upkeep]\n|-heal|p1a: Gastrodon|100\/100|[from] item: Leftovers\n|upkeep\n|turn|3\n|\n|t:|1700948710\n|-terastallize|p2b: Goodra|Water\n|move|p1b: Charizard|Heat Wave|p2a: Pelipper|[spread] p2a,p2b\n|-resisted|p2a: Pelipper\n|-resisted|p2b: Goodra\n|-damage|p2a: Pelipper|66\/100\n|-damage|p2b: Goodra|78\/100\n|-status|p2b: Goodra|brn\n|move|p2a: Pelipper|Tailwind|p2a: Pelipper\n|-sidestart|p2: Drixzard|move: Tailwind\n|move|p2b: Goodra|Thunder|p1b: Charizard\n|-supereffective|p1b: Charizard\n|-damage|p1b: Charizard|43\/100\n|move|p1a: Gastrodon|Yawn||[still]\n|-fail|p1a: Gastrodon\n|\n|-weather|SunnyDay|[upkeep]\n|-heal|p2b: Goodra|84\/100 brn|[from] item: Leftovers\n|-damage|p2b: Goodra|78\/100 brn|[from] brn\n|-end|p2a: Pelipper|move: Yawn|[silent]\n|-status|p2a: Pelipper|slp\n|upkeep\n|turn|4\n|c|\u2606Drixzard|Ptm\n|c|\u2606Drixzard|Esa tera ya me jodi\u00f3\n|c|\u2606Drixzard|El team estaba pensado pa la otra tier\n|\n|t:|1700948764\n|switch|p1b: Torkoal|Torkoal, M|100\/100\n|switch|p2a: Palafin|Palafin-Hero, M|100\/100\n|-activate|p2a: Palafin|ability: Zero to Hero\n|move|p2b: Goodra|Thunder|p1b: Torkoal|[miss]\n|-miss|p2b: Goodra|p1b: Torkoal\n|move|p1a: Gastrodon|Muddy Water|p2b: Goodra|[spread] p2a,p2b\n|-resisted|p2a: Palafin\n|-resisted|p2b: Goodra\n|-damage|p2a: Palafin|94\/100\n|-damage|p2b: Goodra|75\/100 brn\n|-unboost|p2a: Palafin|accuracy|1\n|-unboost|p2b: Goodra|accuracy|1\n|\n|-weather|SunnyDay|[upkeep]\n|-heal|p2b: Goodra|81\/100 brn|[from] item: Leftovers\n|-damage|p2b: Goodra|75\/100 brn|[from] brn\n|upkeep\n|turn|5\n|\n|t:|1700948804\n|switch|p2b: Pelipper|Pelipper, F|66\/100 slp\n|-weather|RainDance|[from] ability: Drizzle|[of] p2b: Pelipper\n|move|p2a: Palafin|Bulk Up|p2a: Palafin\n|-boost|p2a: Palafin|atk|1\n|-boost|p2a: Palafin|def|1\n|move|p1b: Torkoal|Burning Jealousy|p2b: Pelipper|[spread] p2a,p2b\n|-resisted|p2a: Palafin\n|-resisted|p2b: Pelipper\n|-damage|p2a: Palafin|90\/100\n|-damage|p2b: Pelipper|62\/100 slp\n|-status|p2a: Palafin|brn\n|move|p1a: Gastrodon|Earth Power|p2b: Pelipper\n|-immune|p2b: Pelipper\n|\n|-weather|RainDance|[upkeep]\n|-damage|p2a: Palafin|84\/100 brn|[from] brn\n|-sideend|p1: Kazutoxo|move: Tailwind\n|upkeep\n|turn|6\n|\n|t:|1700948831\n|switch|p1b: Charizard|Charizard-Mega-Y, M|43\/100\n|-weather|SunnyDay|[from] ability: Drought|[of] p1b: Charizard\n|move|p2a: Palafin|Ice Punch|p1b: Charizard|[miss]\n|-miss|p2a: Palafin|p1b: Charizard\n|cant|p2b: Pelipper|slp\n|move|p1a: Gastrodon|Earth Power|p2a: Palafin\n|-damage|p2a: Palafin|54\/100 brn\n|-unboost|p2a: Palafin|spd|1\n|\n|-weather|SunnyDay|[upkeep]\n|-damage|p2a: Palafin|48\/100 brn|[from] brn\n|-sideend|p2: Drixzard|move: Tailwind\n|upkeep\n|turn|7\n|\n|t:|1700948855\n|move|p1b: Charizard|Protect|p1b: Charizard\n|-singleturn|p1b: Charizard|Protect\n|move|p2a: Palafin|Ice Punch|p1b: Charizard\n|-activate|p1b: Charizard|move: Protect\n|cant|p2b: Pelipper|slp\n|move|p1a: Gastrodon|Muddy Water|p2b: Pelipper|[spread] p2a,p2b\n|-resisted|p2a: Palafin\n|-resisted|p2b: Pelipper\n|-damage|p2a: Palafin|39\/100 brn\n|-damage|p2b: Pelipper|57\/100 slp\n|-unboost|p2a: Palafin|accuracy|1\n|-unboost|p2b: Pelipper|accuracy|1\n|\n|-weather|SunnyDay|[upkeep]\n|-damage|p2a: Palafin|33\/100 brn|[from] brn\n|upkeep\n|turn|8\n|c|\u2606Drixzard|De no ser por esa cagada de gastrodon\n|c|\u2606Drixzard|Ptm\n|c|\u2606Drixzard|Pip\u00edpi\n|\n|t:|1700948890\n|switch|p1b: Incineroar|Incineroar, M|100\/100\n|-ability|p1b: Incineroar|Intimidate|boost\n|-unboost|p2a: Palafin|atk|1\n|-unboost|p2b: Pelipper|atk|1\n|move|p2a: Palafin|Ice Punch|p1b: Incineroar\n|-resisted|p1b: Incineroar\n|-damage|p1b: Incineroar|93\/100\n|-curestatus|p2b: Pelipper|slp|[msg]\n|move|p2b: Pelipper|Hurricane|p1a: Gastrodon|[miss]\n|-miss|p2b: Pelipper|p1a: Gastrodon\n|move|p1a: Gastrodon|Earth Power|p2a: Palafin\n|-damage|p2a: Palafin|0 fnt\n|faint|p2a: Palafin\n|\n|-weather|SunnyDay|[upkeep]\n|upkeep\n|\n|t:|1700948907\n|switch|p2a: Walking Wake|Walking Wake|100\/100\n|-activate|p2a: Walking Wake|ability: Protosynthesis\n|-start|p2a: Walking Wake|protosynthesisspa\n|turn|9\n|\n|t:|1700948919\n|switch|p2b: Iron Bundle|Iron Bundle|100\/100\n|-enditem|p2b: Iron Bundle|Booster Energy\n|-activate|p2b: Iron Bundle|ability: Quark Drive|[fromitem]\n|-start|p2b: Iron Bundle|quarkdrivespe\n|move|p1b: Incineroar|Fake Out|p2a: Walking Wake\n|-damage|p2a: Walking Wake|88\/100\n|cant|p2a: Walking Wake|flinch\n|move|p1a: Gastrodon|Earth Power|p2a: Walking Wake\n|-damage|p2a: Walking Wake|56\/100\n|\n|-weather|SunnyDay|[upkeep]\n|upkeep\n|turn|10\n|\n|t:|1700948942\n|move|p1a: Gastrodon|Protect|p1a: Gastrodon\n|-singleturn|p1a: Gastrodon|Protect\n|move|p2b: Iron Bundle|Blizzard|p1b: Incineroar|[spread] p1b\n|-activate|p1a: Gastrodon|move: Protect\n|-resisted|p1b: Incineroar\n|-damage|p1b: Incineroar|76\/100\n|move|p2a: Walking Wake|Draco Meteor|p1a: Gastrodon\n|-activate|p1a: Gastrodon|move: Protect\n|move|p1b: Incineroar|Parting Shot|p2b: Iron Bundle\n|-unboost|p2b: Iron Bundle|atk|1\n|-unboost|p2b: Iron Bundle|spa|1\n|\n|t:|1700948958\n|switch|p1b: Arcanine|Arcanine-Hisui, M|100\/100|[from] Parting Shot\n|-ability|p1b: Arcanine|Intimidate|boost\n|-unboost|p2a: Walking Wake|atk|1\n|-unboost|p2b: Iron Bundle|atk|1\n|\n|-weather|none\n|-end|p2a: Walking Wake|Protosynthesis\n|upkeep\n|turn|11\n|\n|t:|1700948984\n|switch|p1b: Incineroar|Incineroar, M|76\/100\n|-ability|p1b: Incineroar|Intimidate|boost\n|-unboost|p2a: Walking Wake|atk|1\n|-unboost|p2b: Iron Bundle|atk|1\n|move|p2b: Iron Bundle|Blizzard|p1b: Incineroar|[spread] p1a,p1b\n|-resisted|p1a: Gastrodon\n|-resisted|p1b: Incineroar\n|-damage|p1a: Gastrodon|89\/100\n|-damage|p1b: Incineroar|64\/100\n|move|p2a: Walking Wake|Draco Meteor|p1a: Gastrodon\n|-damage|p1a: Gastrodon|39\/100\n|-unboost|p2a: Walking Wake|spa|2\n|move|p1a: Gastrodon|Muddy Water|p2a: Walking Wake|[spread] p2a,p2b\n|-resisted|p2a: Walking Wake\n|-resisted|p2b: Iron Bundle\n|-damage|p2a: Walking Wake|50\/100\n|-damage|p2b: Iron Bundle|79\/100\n|-unboost|p2a: Walking Wake|accuracy|1\n|\n|-heal|p1a: Gastrodon|45\/100|[from] item: Leftovers\n|upkeep\n|turn|12\n|c|\u2606Drixzard|Ya d\u00e9jame matar al gastrodon *llora en venezolano*\n|\n|t:|1700949011\n|-end|p2a: Walking Wake|Protosynthesis|[silent]\n|switch|p2a: Pelipper|Pelipper, F|57\/100\n|-weather|RainDance|[from] ability: Drizzle|[of] p2a: Pelipper\n|move|p1a: Gastrodon|Protect|p1a: Gastrodon\n|-singleturn|p1a: Gastrodon|Protect\n|move|p2b: Iron Bundle|Blizzard|p1a: Gastrodon|[spread] p1b\n|-activate|p1a: Gastrodon|move: Protect\n|-resisted|p1b: Incineroar\n|-damage|p1b: Incineroar|53\/100\n|move|p1b: Incineroar|Parting Shot|p2b: Iron Bundle\n|-unboost|p2b: Iron Bundle|atk|1\n|-unboost|p2b: Iron Bundle|spa|1\n|\n|t:|1700949026\n|switch|p1b: Torkoal|Torkoal, M|100\/100|[from] Parting Shot\n|-weather|SunnyDay|[from] ability: Drought|[of] p1b: Torkoal\n|\n|-weather|SunnyDay|[upkeep]\n|-heal|p1a: Gastrodon|51\/100|[from] item: Leftovers\n|upkeep\n|turn|13\n|\n|t:|1700949038\n|-end|p2b: Iron Bundle|Quark Drive|[silent]\n|switch|p2b: Ogerpon|Ogerpon-Wellspring, F|100\/100\n|move|p2a: Pelipper|Tailwind|p2a: Pelipper\n|-sidestart|p2: Drixzard|move: Tailwind\n|move|p1b: Torkoal|Earth Power|p2b: Ogerpon\n|-resisted|p2b: Ogerpon\n|-damage|p2b: Ogerpon|91\/100\n|move|p1a: Gastrodon|Muddy Water|p2a: Pelipper|[spread] \n|-heal|p2b: Ogerpon|100\/100|[from] ability: Water Absorb|[of] p1a: Gastrodon\n|-miss|p1a: Gastrodon|p2a: Pelipper\n|\n|-weather|SunnyDay|[upkeep]\n|-heal|p1a: Gastrodon|58\/100|[from] item: Leftovers\n|upkeep\n|turn|14\n|\n|t:|1700949056\n|move|p1a: Gastrodon|Protect|p1a: Gastrodon\n|-singleturn|p1a: Gastrodon|Protect\n|move|p2b: Ogerpon|Seed Bomb|p1a: Gastrodon\n|-activate|p1a: Gastrodon|move: Protect\n|move|p2a: Pelipper|Hurricane|p1a: Gastrodon\n|-activate|p1a: Gastrodon|move: Protect\n|move|p1b: Torkoal|Burning Jealousy|p2a: Pelipper|[spread] p2a,p2b\n|-resisted|p2a: Pelipper\n|-damage|p2a: Pelipper|45\/100\n|-damage|p2b: Ogerpon|73\/100\n|\n|-weather|SunnyDay|[upkeep]\n|-heal|p1a: Gastrodon|64\/100|[from] item: Leftovers\n|upkeep\n|turn|15\n|\n|t:|1700949078\n|switch|p1a: Incineroar|Incineroar, M|53\/100\n|-ability|p1a: Incineroar|Intimidate|boost\n|-unboost|p2a: Pelipper|atk|1\n|-unboost|p2b: Ogerpon|atk|1\n|move|p2b: Ogerpon|Seed Bomb|p1a: Incineroar\n|-resisted|p1a: Incineroar\n|-damage|p1a: Incineroar|39\/100\n|move|p2a: Pelipper|Hurricane|p1a: Incineroar|[miss]\n|-miss|p2a: Pelipper|p1a: Incineroar\n|move|p1b: Torkoal|Earth Power|p2b: Ogerpon\n|-resisted|p2b: Ogerpon\n|-damage|p2b: Ogerpon|62\/100\n|\n|-weather|SunnyDay|[upkeep]\n|upkeep\n|turn|16\n|\n|t:|1700949099\n|move|p1a: Incineroar|Fake Out|p2b: Ogerpon\n|-damage|p2b: Ogerpon|46\/100\n|cant|p2b: Ogerpon|flinch\n|move|p2a: Pelipper|Hurricane|p1a: Incineroar|[miss]\n|-miss|p2a: Pelipper|p1a: Incineroar\n|move|p1b: Torkoal|Burning Jealousy|p2b: Ogerpon|[spread] p2a,p2b\n|-resisted|p2a: Pelipper\n|-damage|p2a: Pelipper|31\/100\n|-damage|p2b: Ogerpon|21\/100\n|\n|-weather|none\n|-sideend|p2: Drixzard|move: Tailwind\n|upkeep\n|turn|17\n|\n|t:|1700949124\n|switch|p1b: Gastrodon|Gastrodon, F, tera:Fire|64\/100\n|move|p2a: Pelipper|Protect|p2a: Pelipper\n|-singleturn|p2a: Pelipper|Protect\n|move|p2b: Ogerpon|Synthesis|p2b: Ogerpon\n|-heal|p2b: Ogerpon|71\/100\n|move|p1a: Incineroar|Knock Off|p2a: Pelipper\n|-activate|p2a: Pelipper|move: Protect\n|\n|-heal|p1b: Gastrodon|70\/100|[from] item: Leftovers\n|upkeep\n|turn|18\n|\n|t:|1700949145\n|switch|p2b: Walking Wake|Walking Wake|50\/100\n|move|p2a: Pelipper|Hurricane|p1b: Gastrodon\n|-damage|p1b: Gastrodon|38\/100\n|move|p1a: Incineroar|Knock Off|p2a: Pelipper\n|-damage|p2a: Pelipper|0 fnt\n|-enditem|p2a: Pelipper|Damp Rock|[from] move: Knock Off|[of] p1a: Incineroar\n|faint|p2a: Pelipper\n|move|p1b: Gastrodon|Yawn|p2b: Walking Wake\n|-start|p2b: Walking Wake|move: Yawn|[of] p1b: Gastrodon\n|\n|-heal|p1b: Gastrodon|44\/100|[from] item: Leftovers\n|upkeep\n|\n|t:|1700949148\n|switch|p2a: Ogerpon|Ogerpon-Wellspring, F|71\/100\n|turn|19\n|\n|t:|1700949168\n|-end|p2b: Walking Wake|Protosynthesis|[silent]\n|switch|p2b: Iron Bundle|Iron Bundle|79\/100\n|switch|p1a: Arcanine|Arcanine-Hisui, M|100\/100\n|-ability|p1a: Arcanine|Intimidate|boost\n|-unboost|p2a: Ogerpon|atk|1\n|-unboost|p2b: Iron Bundle|atk|1\n|move|p1b: Gastrodon|Protect|p1b: Gastrodon\n|-singleturn|p1b: Gastrodon|Protect\n|move|p2a: Ogerpon|Seed Bomb|p1a: Arcanine\n|-damage|p1a: Arcanine|62\/100\n|\n|-heal|p1b: Gastrodon|50\/100|[from] item: Leftovers\n|upkeep\n|turn|20\n|\n|t:|1700949190\n|move|p2b: Iron Bundle|Blizzard|p1b: Gastrodon|[spread] p1a,p1b\n|-resisted|p1a: Arcanine\n|-resisted|p1b: Gastrodon\n|-damage|p1a: Arcanine|38\/100\n|-damage|p1b: Gastrodon|32\/100\n|move|p2a: Ogerpon|Horn Leech|p1b: Gastrodon\n|-resisted|p1b: Gastrodon\n|-damage|p1b: Gastrodon|20\/100\n|-heal|p2a: Ogerpon|79\/100|[from] drain|[of] p1b: Gastrodon\n|move|p1a: Arcanine|Flare Blitz|p2a: Ogerpon\n|-damage|p2a: Ogerpon|0 fnt\n|faint|p2a: Ogerpon\n|-damage|p1a: Arcanine|14\/100|[from] Recoil\n|move|p1b: Gastrodon|Yawn|p2b: Iron Bundle\n|-start|p2b: Iron Bundle|move: Yawn|[of] p1b: Gastrodon\n|\n|-heal|p1b: Gastrodon|26\/100|[from] item: Leftovers\n|upkeep\n|\n|t:|1700949194\n|switch|p2a: Walking Wake|Walking Wake|50\/100\n|turn|21\n|\n|t:|1700949229\n|-end|p2b: Iron Bundle|Quark Drive|[silent]\n|switch|p2b: Goodra|Goodra-Hisui, M, tera:Water|75\/100 brn\n|switch|p1a: Incineroar|Incineroar, M|39\/100\n|-ability|p1a: Incineroar|Intimidate|boost\n|-unboost|p2a: Walking Wake|atk|1\n|-unboost|p2b: Goodra|atk|1\n|move|p1b: Gastrodon|Protect|p1b: Gastrodon\n|-singleturn|p1b: Gastrodon|Protect\n|move|p2a: Walking Wake|Weather Ball|p1a: Incineroar\n|-damage|p1a: Incineroar|24\/100\n|\n|-heal|p2b: Goodra|81\/100 brn|[from] item: Leftovers\n|-heal|p1b: Gastrodon|32\/100|[from] item: Leftovers\n|-damage|p2b: Goodra|75\/100 brn|[from] brn\n|upkeep\n|turn|22\n|\n|t:|1700949254\n|switch|p1b: Ogerpon|Ogerpon-Hearthflame, F|100\/100\n|-ability|p1b: Ogerpon|Mold Breaker\n|move|p1a: Incineroar|Fake Out|p2a: Walking Wake\n|-damage|p2a: Walking Wake|35\/100\n|cant|p2a: Walking Wake|flinch\n|move|p2b: Goodra|Draco Meteor|p1b: Ogerpon\n|-damage|p1b: Ogerpon|44\/100\n|-unboost|p2b: Goodra|spa|2\n|\n|-heal|p2b: Goodra|81\/100 brn|[from] item: Leftovers\n|-damage|p2b: Goodra|75\/100 brn|[from] brn\n|upkeep\n|turn|23\n|\n|t:|1700949283\n|switch|p2b: Iron Bundle|Iron Bundle|79\/100\n|move|p1b: Ogerpon|Horn Leech|p2a: Walking Wake\n|-damage|p2a: Walking Wake|0 fnt\n|-heal|p1b: Ogerpon|63\/100|[from] drain|[of] p2a: Walking Wake\n|faint|p2a: Walking Wake\n|-end|p2a: Walking Wake|Protosynthesis|[silent]\n|move|p1a: Incineroar|Knock Off|p2b: Iron Bundle\n|-damage|p2b: Iron Bundle|44\/100\n|\n|upkeep\n|\n|t:|1700949287\n|switch|p2a: Goodra|Goodra-Hisui, M, tera:Water|75\/100 brn\n|turn|24\n|\n|t:|1700949318\n|move|p1b: Ogerpon|Spiky Shield|p1b: Ogerpon\n|-singleturn|p1b: Ogerpon|move: Protect\n|move|p2b: Iron Bundle|Hydro Pump|p1b: Ogerpon\n|-activate|p1b: Ogerpon|move: Protect\n|move|p1a: Incineroar|Parting Shot|p2b: Iron Bundle\n|-unboost|p2b: Iron Bundle|atk|1\n|-unboost|p2b: Iron Bundle|spa|1\n|\n|t:|1700949331\n|switch|p1a: Charizard|Charizard-Mega-Y, M|43\/100|[from] Parting Shot\n|-weather|SunnyDay|[from] ability: Drought|[of] p1a: Charizard\n|move|p2a: Goodra|Blizzard|p1b: Ogerpon|[spread] p1a\n|-activate|p1b: Ogerpon|move: Protect\n|-damage|p1a: Charizard|22\/100\n|\n|-weather|SunnyDay|[upkeep]\n|-heal|p2a: Goodra|81\/100 brn|[from] item: Leftovers\n|-damage|p2a: Goodra|75\/100 brn|[from] brn\n|upkeep\n|turn|25\n|\n|t:|1700949352\n|move|p2b: Iron Bundle|Hydro Pump|p1b: Ogerpon\n|-damage|p1b: Ogerpon|43\/100\n|move|p1b: Ogerpon|Horn Leech|p2a: Goodra\n|-supereffective|p2a: Goodra\n|-damage|p2a: Goodra|4\/100 brn\n|-heal|p1b: Ogerpon|78\/100|[from] drain|[of] p2a: Goodra\n|move|p1a: Charizard|Heat Wave|p2a: Goodra|[spread] p2a,p2b\n|-resisted|p2a: Goodra\n|-damage|p2a: Goodra|0 fnt\n|-damage|p2b: Iron Bundle|0 fnt\n|faint|p2a: Goodra\n|faint|p2b: Iron Bundle\n|-end|p2b: Iron Bundle|Quark Drive|[silent]\n|\n|win|Kazutoxo\n|l|\u2606Drixzard\n","uploadtime":1700949444,"views":7,"p1id":"kazutoxo","p2id":"drixzard","formatid":"gen9nationaldexdoubles","rating":0,"private":0,"password":""}