{"id":"gen9nationaldexdoubles-1973164081","p1":"JacaTraficante","p2":"MasterHand","format":"[Gen 9] National Dex Doubles","log":"|j|\u2606JacaTraficante\n|j|\u2606MasterHand\n|t:|1697934723\n|gametype|doubles\n|player|p1|JacaTraficante|266|1000\n|player|p2|MasterHand|volkner|1124\n|teamsize|p1|6\n|teamsize|p2|6\n|gen|9\n|tier|[Gen 9] National Dex Doubles\n|rated|\n|rule|HP Percentage Mod: HP is shown in percentages\n|rule|Endless Battle Clause: Forcing endless battles is banned\n|rule|OHKO Clause: OHKO moves are banned\n|rule|Evasion Moves Clause: Evasion moves are banned\n|rule|Evasion Abilities Clause: Evasion abilities are banned\n|rule|Species Clause: Limit one of each Pok\u00e9mon\n|rule|Gravity Sleep Clause: The combination of sleep-inducing moves with imperfect accuracy and Gravity or Gigantamax Orbeetle are banned\n|clearpoke\n|poke|p1|Durant, M|\n|poke|p1|Yanmega, F|\n|poke|p1|Scolipede, F|\n|poke|p1|Armaldo, M|\n|poke|p1|Centiskorch, M|\n|poke|p1|Araquanid, F|\n|poke|p2|Greninja-*, F|\n|poke|p2|Slowbro-Galar, M|\n|poke|p2|Iron Hands|\n|poke|p2|Throh, M|\n|poke|p2|Parasect, M|\n|poke|p2|Oranguru, F|\n|teampreview\n|\n|t:|1697934736\n|start\n|switch|p1a: Minerva|Araquanid, F|100\/100\n|switch|p1b: Pequenininho|Durant, M|100\/100\n|switch|p2a: Slowbro|Slowbro-Galar, M|100\/100\n|switch|p2b: Parasect|Parasect, M|100\/100\n|turn|1\n|c|\u2606MasterHand|Dope mono\n|\n|t:|1697934763\n|move|p1a: Minerva|Magic Coat|p1a: Minerva\n|-singleturn|p1a: Minerva|move: Magic Coat\n|move|p1b: Pequenininho|First Impression|p2b: Parasect\n|-supereffective|p2b: Parasect\n|-damage|p2b: Parasect|0 fnt\n|-status|p1b: Pequenininho|par|[from] ability: Effect Spore|[of] p2b: Parasect\n|faint|p2b: Parasect\n|move|p2a: Slowbro|Trick Room|p2a: Slowbro\n|-fieldstart|move: Trick Room|[of] p2a: Slowbro\n|\n|upkeep\n|\n|t:|1697934773\n|switch|p2b: Throh|Throh, M|100\/100\n|turn|2\n|\n|t:|1697934795\n|move|p2a: Slowbro|Belly Drum|p2a: Slowbro\n|-damage|p2a: Slowbro|50\/100\n|-setboost|p2a: Slowbro|atk|6|[from] move: Belly Drum\n|move|p2b: Throh|Mat Block|p2b: Throh\n|-singleturn|p2b: Throh|Mat Block\n|move|p1a: Minerva|Liquidation|p2b: Throh\n|-activate|p2b: Throh|move: Mat Block|Liquidation\n|move|p1b: Pequenininho|Stomping Tantrum|p2a: Slowbro\n|-activate|p2a: Slowbro|move: Mat Block|Stomping Tantrum\n|\n|upkeep\n|turn|3\n|\n|t:|1697934816\n|move|p2a: Slowbro|Drain Punch|p1b: Pequenininho\n|-damage|p1b: Pequenininho|0 fnt\n|-heal|p2a: Slowbro|83\/100|[from] drain|[of] p1b: Pequenininho\n|faint|p1b: Pequenininho\n|move|p2b: Throh|Superpower|p1a: Minerva\n|-resisted|p1a: Minerva\n|-damage|p1a: Minerva|67\/100\n|-unboost|p2b: Throh|atk|1\n|-unboost|p2b: Throh|def|1\n|-enditem|p2b: Throh|Eject Pack\n|\n|t:|1697934825\n|switch|p2b: Oranguru|Oranguru, F|100\/100\n|move|p1a: Minerva|Liquidation|p2a: Slowbro\n|-damage|p2a: Slowbro|22\/100\n|\n|-heal|p1a: Minerva|73\/100|[from] item: Leftovers\n|upkeep\n|\n|t:|1697934836\n|switch|p1b: Ronaldo|Armaldo, M|100\/100\n|turn|4\n|-activate|p2a: Slowbro|ability: Quick Draw\n|\n|t:|1697934851\n|move|p2a: Slowbro|Drain Punch|p1b: Ronaldo\n|-damage|p1b: Ronaldo|12\/100\n|-heal|p2a: Slowbro|62\/100|[from] drain|[of] p1b: Ronaldo\n|move|p2b: Oranguru|Instruct|p2a: Slowbro\n|-singleturn|p2a: Slowbro|move: Instruct|[of] p2b: Oranguru\n|move|p2a: Slowbro|Drain Punch|p1b: Ronaldo\n|-damage|p1b: Ronaldo|0 fnt\n|-heal|p2a: Slowbro|67\/100|[from] drain|[of] p1b: Ronaldo\n|faint|p1b: Ronaldo\n|move|p1a: Minerva|Leech Life|p2b: Oranguru\n|-supereffective|p2b: Oranguru\n|-damage|p2b: Oranguru|37\/100\n|-heal|p1a: Minerva|100\/100|[from] drain|[of] p2b: Oranguru\n|\n|upkeep\n|\n|t:|1697934868\n|switch|p1b: Grasp|Scolipede, F, shiny|100\/100\n|turn|5\n|\n|t:|1697934889\n|move|p2a: Slowbro|Poison Jab|p1a: Minerva\n|-damage|p1a: Minerva|0 fnt\n|faint|p1a: Minerva\n|move|p2b: Oranguru|Yawn|p1b: Grasp\n|-start|p1b: Grasp|move: Yawn|[of] p2b: Oranguru\n|move|p1b: Grasp|Earthquake|p2b: Oranguru|[spread] p2a,p2b\n|-supereffective|p2a: Slowbro\n|-crit|p2b: Oranguru\n|-damage|p2a: Slowbro|24\/100\n|-damage|p2b: Oranguru|0 fnt\n|faint|p2b: Oranguru\n|\n|-fieldend|move: Trick Room\n|-ability|p1b: Grasp|Speed Boost|boost\n|-boost|p1b: Grasp|spe|1\n|upkeep\n|\n|t:|1697934909\n|switch|p1a: Inferno|Centiskorch, M|100\/100\n|switch|p2b: Greninja|Greninja, F|100\/100\n|turn|6\n|-activate|p2a: Slowbro|item: Quick Claw\n|\n|t:|1697934936\n|switch|p1b: Shelly|Yanmega, F|100\/100\n|move|p2b: Greninja|Mat Block|p2b: Greninja\n|-singleturn|p2b: Greninja|Mat Block\n|move|p1a: Inferno|Fire Lash|p2a: Slowbro\n|-activate|p2a: Slowbro|move: Mat Block|Fire Lash\n|move|p2a: Slowbro|Trick Room|p2a: Slowbro\n|-fieldstart|move: Trick Room|[of] p2a: Slowbro\n|\n|upkeep\n|turn|7\n|-activate|p2a: Slowbro|ability: Quick Draw\n|\n|t:|1697934957\n|switch|p2b: Throh|Throh, M|100\/100\n|move|p1b: Shelly|Protect|p1b: Shelly\n|-singleturn|p1b: Shelly|Protect\n|move|p2a: Slowbro|Poison Jab|p1b: Shelly\n|-activate|p1b: Shelly|move: Protect\n|move|p1a: Inferno|Fire Lash|p2a: Slowbro\n|-damage|p2a: Slowbro|0 fnt\n|faint|p2a: Slowbro\n|\n|-ability|p1b: Shelly|Speed Boost|boost\n|-boost|p1b: Shelly|spe|1\n|upkeep\n|\n|t:|1697934965\n|switch|p2a: Iron Hands|Iron Hands|100\/100\n|-enditem|p2a: Iron Hands|Booster Energy\n|-activate|p2a: Iron Hands|ability: Quark Drive|[fromitem]\n|-start|p2a: Iron Hands|quarkdriveatk\n|turn|8\n|c|\u2606JacaTraficante|No more\n|\n|t:|1697935012\n|move|p2a: Iron Hands|Thunder Punch|p1b: Shelly\n|-supereffective|p1b: Shelly\n|-damage|p1b: Shelly|0 fnt\n|faint|p1b: Shelly\n|move|p1a: Inferno|Fire Lash|p2a: Iron Hands\n|-damage|p2a: Iron Hands|76\/100\n|-unboost|p2a: Iron Hands|def|1\n|move|p2b: Throh|Circle Throw|p1a: Inferno\n|-resisted|p1a: Inferno\n|-damage|p1a: Inferno|84\/100\n|drag|p1a: Grasp|Scolipede, F, shiny|100\/100\n|\n|upkeep\n|c|\u2606MasterHand|No more?\n|\n|t:|1697935049\n|switch|p1b: Inferno|Centiskorch, M|84\/100\n|turn|9\n|\n|t:|1697935072\n|move|p2b: Throh|Earthquake|p1a: Grasp|[spread] p2a,p1a,p1b\n|-supereffective|p2a: Iron Hands\n|-damage|p2a: Iron Hands|31\/100\n|-damage|p1a: Grasp|64\/100\n|-damage|p1b: Inferno|53\/100\n|move|p2a: Iron Hands|Thunder Punch|p1b: Inferno\n|-damage|p1b: Inferno|0 fnt\n|faint|p1b: Inferno\n|move|p1a: Grasp|Earthquake|p2a: Iron Hands|[spread] p2a,p2b\n|-supereffective|p2a: Iron Hands\n|-damage|p2a: Iron Hands|0 fnt\n|-damage|p2b: Throh|80\/100\n|faint|p2a: Iron Hands\n|-end|p2a: Iron Hands|Quark Drive|[silent]\n|\n|-ability|p1a: Grasp|Speed Boost|boost\n|-boost|p1a: Grasp|spe|1\n|upkeep\n|\n|t:|1697935079\n|switch|p2a: Greninja|Greninja, F|100\/100\n|turn|10\n|\n|t:|1697935123\n|move|p2b: Throh|Superpower|p1a: Grasp\n|-resisted|p1a: Grasp\n|-damage|p1a: Grasp|45\/100\n|-unboost|p2b: Throh|atk|1\n|-unboost|p2b: Throh|def|1\n|move|p2a: Greninja|Water Pledge|p1a: Grasp\n|-damage|p1a: Grasp|0 fnt\n|faint|p1a: Grasp\n|\n|win|MasterHand\n|raw|JacaTraficante's rating: 1000 &rarr; <strong>1000<\/strong><br \/>(+0 for losing)\n|raw|MasterHand's rating: 1124 &rarr; <strong>1140<\/strong><br \/>(+16 for winning)\n|l|\u2606JacaTraficante\n","uploadtime":1697935141,"views":6,"p1id":"jacatraficante","p2id":"masterhand","formatid":"gen9nationaldexdoubles","rating":1000,"private":0,"password":""}