{"id":"gen9nationaldexdoubles-1965928354","p1":"Chunkle","p2":"chumlee's pawnshop","format":"[Gen 9] National Dex Doubles","log":"|j|\u2606Chunkle\n|j|\u2606chumlee's pawnshop\n|t:|1697130655\n|gametype|doubles\n|player|p1|Chunkle|janitor|1061\n|player|p2|chumlee's pawnshop|policeman-gen4|1079\n|teamsize|p1|6\n|teamsize|p2|2\n|gen|9\n|tier|[Gen 9] National Dex Doubles\n|rated|\n|rule|HP Percentage Mod: HP is shown in percentages\n|rule|Endless Battle Clause: Forcing endless battles is banned\n|rule|OHKO Clause: OHKO moves are banned\n|rule|Evasion Moves Clause: Evasion moves are banned\n|rule|Evasion Abilities Clause: Evasion abilities are banned\n|rule|Species Clause: Limit one of each Pok\u00e9mon\n|rule|Gravity Sleep Clause: The combination of sleep-inducing moves with imperfect accuracy and Gravity or Gigantamax Orbeetle are banned\n|clearpoke\n|poke|p1|Diancie|\n|poke|p1|Dondozo, M|\n|poke|p1|Ceruledge, M|\n|poke|p1|Clefable, F|\n|poke|p1|Snorlax, F|\n|poke|p1|Sableye, M|\n|poke|p2|Bibarel, F|\n|poke|p2|Riolu, F|\n|teampreview\n|\n|t:|1697130665\n|start\n|switch|p1a: Dwayne|Diancie|100\/100\n|switch|p1b: God Bless America|Snorlax, F, shiny|100\/100\n|switch|p2a: Bibarel|Bibarel, F|100\/100\n|switch|p2b: Riolu|Riolu, F|100\/100\n|turn|1\n|\n|t:|1697130677\n|detailschange|p1a: Dwayne|Diancie-Mega\n|-mega|p1a: Dwayne|Diancie|Diancite\n|move|p2b: Riolu|Coaching|p2a: Bibarel\n|-boost|p2a: Bibarel|atk|2\n|-boost|p2a: Bibarel|def|2\n|move|p2a: Bibarel|Curse|p2a: Bibarel\n|-unboost|p2a: Bibarel|spe|2\n|-boost|p2a: Bibarel|atk|2\n|-boost|p2a: Bibarel|def|2\n|move|p1b: God Bless America|Belly Drum|p1b: God Bless America\n|-damage|p1b: God Bless America|50\/100\n|-setboost|p1b: God Bless America|atk|6|[from] move: Belly Drum\n|-enditem|p1b: God Bless America|Aguav Berry|[eat]\n|-heal|p1b: God Bless America|84\/100|[from] item: Aguav Berry\n|move|p1a: Dwayne|Trick Room|p1a: Dwayne\n|-fieldstart|move: Trick Room|[of] p1a: Dwayne\n|\n|upkeep\n|turn|2\n|\n|t:|1697130708\n|move|p2b: Riolu|Coaching|p2a: Bibarel\n|-boost|p2a: Bibarel|atk|2\n|-boost|p2a: Bibarel|def|2\n|move|p2a: Bibarel|Liquidation|p1b: God Bless America\n|-damage|p1b: God Bless America|0 fnt\n|faint|p1b: God Bless America\n|move|p1a: Dwayne|Diamond Storm|p2b: Riolu|[spread] p2a,p2b\n|-resisted|p2b: Riolu\n|-damage|p2a: Bibarel|87\/100\n|-damage|p2b: Riolu|75\/100\n|\n|upkeep\n|\n|t:|1697130722\n|switch|p1b: Gremlin Bastard|Sableye, M|100\/100\n|turn|3\n|\n|t:|1697130730\n|move|p2b: Riolu|Helping Hand|p2a: Bibarel\n|-singleturn|p2a: Bibarel|Helping Hand|[of] p2b: Riolu\n|move|p1b: Gremlin Bastard|Fake Out|p2a: Bibarel\n|-damage|p2a: Bibarel|84\/100\n|cant|p2a: Bibarel|flinch\n|move|p1a: Dwayne|Diamond Storm|p2a: Bibarel|[spread] p2a,p2b\n|-resisted|p2b: Riolu\n|-damage|p2a: Bibarel|70\/100\n|-damage|p2b: Riolu|53\/100\n|-boost|p1a: Dwayne|def|2\n|\n|upkeep\n|turn|4\n|\n|t:|1697130748\n|move|p2b: Riolu|Helping Hand|p2a: Bibarel\n|-singleturn|p2a: Bibarel|Helping Hand|[of] p2b: Riolu\n|move|p1b: Gremlin Bastard|Will-O-Wisp|p2a: Bibarel\n|-status|p2a: Bibarel|brn\n|move|p2a: Bibarel|Liquidation|p1a: Dwayne\n|-supereffective|p1a: Dwayne\n|-damage|p1a: Dwayne|0 fnt\n|faint|p1a: Dwayne\n|\n|-damage|p2a: Bibarel|63\/100 brn|[from] brn\n|upkeep\n|\n|t:|1697130760\n|switch|p1a: The Don|Dondozo, M, shiny|100\/100\n|turn|5\n|\n|t:|1697130770\n|move|p2b: Riolu|Helping Hand|p2a: Bibarel\n|-singleturn|p2a: Bibarel|Helping Hand|[of] p2b: Riolu\n|move|p1b: Gremlin Bastard|Taunt|p2b: Riolu\n|-start|p2b: Riolu|move: Taunt\n|move|p2a: Bibarel|Liquidation|p1b: Gremlin Bastard\n|-damage|p1b: Gremlin Bastard|0 fnt\n|faint|p1b: Gremlin Bastard\n|move|p1a: The Don|Wave Crash|p2a: Bibarel\n|-resisted|p2a: Bibarel\n|-damage|p2a: Bibarel|33\/100 brn\n|-damage|p1a: The Don|93\/100|[from] Recoil\n|\n|-damage|p2a: Bibarel|26\/100 brn|[from] brn\n|-fieldend|move: Trick Room\n|upkeep\n|\n|t:|1697130784\n|switch|p1b: The Bledge|Clefable, F|100\/100\n|turn|6\n|\n|t:|1697130795\n|move|p1b: The Bledge|Follow Me|p1b: The Bledge\n|-singleturn|p1b: The Bledge|move: Follow Me\n|move|p2b: Riolu|Bullet Punch|p1b: The Bledge\n|-supereffective|p1b: The Bledge\n|-damage|p1b: The Bledge|84\/100\n|move|p1a: The Don|Wave Crash|p2a: Bibarel\n|-resisted|p2a: Bibarel\n|-damage|p2a: Bibarel|0 fnt\n|faint|p2a: Bibarel\n|-damage|p1a: The Don|87\/100|[from] Recoil\n|\n|upkeep\n|turn|7\n|c|\u2606Chunkle|eat shit chumlee\n|n|!Chunkle|chunkle\n|\n|t:|1697130822\n|move|p1b: The Bledge|Helping Hand|p1a: The Don\n|-singleturn|p1a: The Don|Helping Hand|[of] p1b: The Bledge\n|move|p2b: Riolu|Bullet Punch|p1b: The Bledge\n|-supereffective|p1b: The Bledge\n|-damage|p1b: The Bledge|68\/100\n|move|p1a: The Don|Wave Crash|p2b: Riolu\n|-damage|p2b: Riolu|0 fnt\n|faint|p2b: Riolu\n|-damage|p1a: The Don|77\/100|[from] Recoil\n|\n|win|Chunkle\n|raw|Chunkle's rating: 1061 &rarr; <strong>1093<\/strong><br \/>(+32 for winning)\n|raw|chumlee&apos;s pawnshop's rating: 1079 &rarr; <strong>1056<\/strong><br \/>(-23 for losing)\n","uploadtime":1697130812,"views":4,"p1id":"chunkle","p2id":"chumleespawnshop","formatid":"gen9nationaldexdoubles","rating":1056,"private":0,"password":""}