{"id":"gen9nationaldexdoubles-1989872391","p1":"Mirzzza","p2":"Jimmy9876543567878","format":"[Gen 9] National Dex Doubles","log":"|j|\u2606Mirzzza\n|j|\u2606Jimmy9876543567878\n|t:|1699902774\n|gametype|doubles\n|player|p1|Mirzzza|saturn|1252\n|player|p2|Jimmy9876543567878|2|1321\n|teamsize|p1|6\n|teamsize|p2|6\n|gen|9\n|tier|[Gen 9] National Dex Doubles\n|rated|\n|rule|HP Percentage Mod: HP is shown in percentages\n|rule|Endless Battle Clause: Forcing endless battles is banned\n|rule|OHKO Clause: OHKO moves are banned\n|rule|Evasion Moves Clause: Evasion moves are banned\n|rule|Evasion Abilities Clause: Evasion abilities are banned\n|rule|Species Clause: Limit one of each Pok\u00e9mon\n|rule|Gravity Sleep Clause: The combination of sleep-inducing moves with imperfect accuracy and Gravity or Gigantamax Orbeetle are banned\n|clearpoke\n|poke|p1|Incineroar, M|\n|poke|p1|Gastrodon-East, M|\n|poke|p1|Rillaboom, M|\n|poke|p1|Zygarde|\n|poke|p1|Amoonguss, M|\n|poke|p1|Chien-Pao|\n|poke|p2|Charizard, M|\n|poke|p2|Walking Wake|\n|poke|p2|Venusaur, F|\n|poke|p2|Volcarona, M|\n|poke|p2|Arcanine-Hisui, M|\n|poke|p2|Ogerpon-Hearthflame, F|\n|teampreview\n|inactive|Battle timer is ON: inactive players will automatically lose when time's up. (requested by Mirzzza)\n|inactive|Mirzzza has 120 seconds left.\n|\n|t:|1699902810\n|start\n|switch|p1a: Chien-Pao|Chien-Pao|100\/100\n|switch|p1b: Incineroar|Incineroar, M, shiny|100\/100\n|switch|p2a: Charizard|Charizard, M, shiny|100\/100\n|switch|p2b: Venusaur|Venusaur, F|100\/100\n|-ability|p1a: Chien-Pao|Sword of Ruin\n|-ability|p1b: Incineroar|Intimidate|boost\n|-unboost|p2a: Charizard|atk|1\n|-unboost|p2b: Venusaur|atk|1\n|turn|1\n|\n|t:|1699902837\n|detailschange|p2a: Charizard|Charizard-Mega-Y, M, shiny\n|-mega|p2a: Charizard|Charizard|Charizardite Y\n|-weather|SunnyDay|[from] ability: Drought|[of] p2a: Charizard\n|move|p1b: Incineroar|Fake Out|p2a: Charizard\n|-damage|p2a: Charizard|78\/100\n|move|p2b: Venusaur|Earth Power|p1b: Incineroar\n|-supereffective|p1b: Incineroar\n|-crit|p1b: Incineroar\n|-damage|p1b: Incineroar|19\/100\n|-enditem|p1b: Incineroar|Mago Berry|[eat]\n|-heal|p1b: Incineroar|53\/100|[from] item: Mago Berry\n|move|p1a: Chien-Pao|Ice Spinner|p2b: Venusaur\n|-supereffective|p2b: Venusaur\n|-damage|p2b: Venusaur|0 fnt\n|faint|p2b: Venusaur\n|cant|p2a: Charizard|flinch\n|\n|-weather|SunnyDay|[upkeep]\n|upkeep\n|inactive|Jimmy9876543567878 has 120 seconds left.\n|\n|t:|1699902864\n|switch|p2b: Walking Wake|Walking Wake|100\/100\n|-activate|p2b: Walking Wake|ability: Protosynthesis\n|-start|p2b: Walking Wake|protosynthesisspa\n|turn|2\n|\n|t:|1699902872\n|switch|p1b: Gastrodon|Gastrodon-East, M, shiny|100\/100\n|move|p1a: Chien-Pao|Ice Spinner|p2a: Charizard\n|-damage|p2a: Charizard|18\/100\n|move|p2b: Walking Wake|Hydro Steam|p1b: Gastrodon\n|-ability|p1b: Gastrodon|Storm Drain|boost\n|-boost|p1b: Gastrodon|spa|1\n|move|p2a: Charizard|Tailwind|p2a: Charizard\n|-sidestart|p2: Jimmy9876543567878|move: Tailwind\n|\n|-weather|SunnyDay|[upkeep]\n|upkeep\n|turn|3\n|\n|t:|1699902888\n|switch|p1a: Incineroar|Incineroar, M, shiny|53\/100\n|-ability|p1a: Incineroar|Intimidate|boost\n|-unboost|p2a: Charizard|atk|1\n|-unboost|p2b: Walking Wake|atk|1\n|move|p1b: Gastrodon|Protect|p1b: Gastrodon\n|-singleturn|p1b: Gastrodon|Protect\n|-zpower|p2b: Walking Wake\n|move|p2b: Walking Wake|Devastating Drake|p1b: Gastrodon|[zeffect]\n|-zbroken|p1b: Gastrodon\n|-damage|p1b: Gastrodon|71\/100\n|move|p2a: Charizard|Flamethrower|p1a: Incineroar\n|-resisted|p1a: Incineroar\n|-damage|p1a: Incineroar|16\/100\n|\n|-weather|SunnyDay|[upkeep]\n|-heal|p1b: Gastrodon|77\/100|[from] item: Leftovers\n|upkeep\n|turn|4\n|\n|t:|1699902912\n|move|p1a: Incineroar|Fake Out|p2a: Charizard\n|-damage|p2a: Charizard|1\/100\n|move|p2b: Walking Wake|Dragon Pulse|p1a: Incineroar\n|-damage|p1a: Incineroar|0 fnt\n|faint|p1a: Incineroar\n|cant|p2a: Charizard|flinch\n|move|p1b: Gastrodon|Earth Power|p2b: Walking Wake\n|-damage|p2b: Walking Wake|35\/100\n|-unboost|p2b: Walking Wake|spd|1\n|\n|-weather|SunnyDay|[upkeep]\n|-heal|p1b: Gastrodon|83\/100|[from] item: Leftovers\n|upkeep\n|\n|t:|1699902925\n|switch|p1a: Chien-Pao|Chien-Pao|100\/100\n|-ability|p1a: Chien-Pao|Sword of Ruin\n|turn|5\n|\n|t:|1699902934\n|move|p1a: Chien-Pao|Protect|p1a: Chien-Pao\n|-singleturn|p1a: Chien-Pao|Protect\n|move|p1b: Gastrodon|Protect|p1b: Gastrodon\n|-singleturn|p1b: Gastrodon|Protect\n|move|p2b: Walking Wake|Draco Meteor|p1a: Chien-Pao\n|-activate|p1a: Chien-Pao|move: Protect\n|move|p2a: Charizard|Roost|p2a: Charizard\n|-heal|p2a: Charizard|51\/100\n|-singleturn|p2a: Charizard|move: Roost\n|\n|-weather|none\n|-end|p2b: Walking Wake|Protosynthesis\n|-heal|p1b: Gastrodon|89\/100|[from] item: Leftovers\n|-sideend|p2: Jimmy9876543567878|move: Tailwind\n|upkeep\n|turn|6\n|\n|t:|1699902960\n|move|p1a: Chien-Pao|Crunch|p2b: Walking Wake\n|-damage|p2b: Walking Wake|0 fnt\n|faint|p2b: Walking Wake\n|-end|p2b: Walking Wake|Protosynthesis|[silent]\n|move|p2a: Charizard|Tailwind|p2a: Charizard\n|-sidestart|p2: Jimmy9876543567878|move: Tailwind\n|move|p1b: Gastrodon|Muddy Water|p2a: Charizard|[miss]\n|-miss|p1b: Gastrodon|p2a: Charizard\n|\n|-heal|p1b: Gastrodon|96\/100|[from] item: Leftovers\n|upkeep\n|\n|t:|1699902972\n|switch|p2b: Ogerpon|Ogerpon-Hearthflame, F|100\/100\n|-ability|p2b: Ogerpon|Mold Breaker\n|turn|7\n|\n|t:|1699902983\n|-terastallize|p1b: Gastrodon|Fire\n|move|p1a: Chien-Pao|Protect|p1a: Chien-Pao\n|-singleturn|p1a: Chien-Pao|Protect\n|move|p2b: Ogerpon|Horn Leech|p1b: Gastrodon\n|-resisted|p1b: Gastrodon\n|-damage|p1b: Gastrodon|67\/100\n|move|p2a: Charizard|Roost|p2a: Charizard\n|-heal|p2a: Charizard|100\/100\n|-singleturn|p2a: Charizard|move: Roost\n|move|p1b: Gastrodon|Muddy Water|p2b: Ogerpon|[spread] p2a,p2b\n|-supereffective|p2a: Charizard\n|-damage|p2a: Charizard|27\/100\n|-damage|p2b: Ogerpon|53\/100\n|-unboost|p2a: Charizard|accuracy|1\n|-unboost|p2b: Ogerpon|accuracy|1\n|\n|-heal|p1b: Gastrodon|73\/100|[from] item: Leftovers\n|upkeep\n|turn|8\n|\n|t:|1699903009\n|switch|p1a: Zygarde|Zygarde, shiny|100\/100\n|-ability|p1a: Zygarde|Aura Break\n|move|p2b: Ogerpon|Ivy Cudgel|p1a: Zygarde|[miss]\n|-miss|p2b: Ogerpon|p1a: Zygarde\n|move|p2a: Charizard|Roost|p2a: Charizard\n|-heal|p2a: Charizard|77\/100\n|-singleturn|p2a: Charizard|move: Roost\n|move|p1b: Gastrodon|Muddy Water|p2a: Charizard|[spread] p2a,p2b\n|-supereffective|p2a: Charizard\n|-damage|p2a: Charizard|0 fnt\n|-damage|p2b: Ogerpon|7\/100\n|faint|p2a: Charizard\n|\n|-heal|p1b: Gastrodon|79\/100|[from] item: Leftovers\n|upkeep\n|inactive|Jimmy9876543567878 has 120 seconds left.\n|\n|t:|1699903027\n|switch|p2a: Arcanine|Arcanine-Hisui, M|100\/100\n|turn|9\n|\n|t:|1699903037\n|-terastallize|p2a: Arcanine|Normal\n|move|p1b: Gastrodon|Protect|p1b: Gastrodon\n|-singleturn|p1b: Gastrodon|Protect\n|move|p1a: Zygarde|Extreme Speed|p2b: Ogerpon\n|-damage|p2b: Ogerpon|0 fnt\n|faint|p2b: Ogerpon\n|move|p2a: Arcanine|Head Smash|p1b: Gastrodon\n|-activate|p1b: Gastrodon|move: Protect\n|\n|-heal|p1b: Gastrodon|85\/100|[from] item: Leftovers\n|-sideend|p2: Jimmy9876543567878|move: Tailwind\n|upkeep\n|\n|t:|1699903051\n|switch|p2b: Volcarona|Volcarona, M|100\/100\n|turn|10\n|\n|t:|1699903060\n|switch|p1b: Amoonguss|Amoonguss, M|100\/100\n|move|p2b: Volcarona|Bug Buzz|p1a: Zygarde\n|-damage|p1a: Zygarde|70\/100\n|move|p2a: Arcanine|Head Smash|p1b: Amoonguss\n|-damage|p1b: Amoonguss|41\/100\n|move|p1a: Zygarde|Dragon Dance|p1a: Zygarde\n|-boost|p1a: Zygarde|atk|1\n|-boost|p1a: Zygarde|spe|1\n|\n|-heal|p1b: Amoonguss|47\/100|[from] item: Leftovers\n|upkeep\n|turn|11\n|\n|t:|1699903084\n|switch|p1b: Gastrodon|Gastrodon-East, M, shiny, tera:Fire|85\/100\n|move|p2a: Arcanine|Extreme Speed|p1a: Zygarde\n|-damage|p1a: Zygarde|43\/100\n|move|p1a: Zygarde|Dragon Dance|p1a: Zygarde\n|-boost|p1a: Zygarde|atk|1\n|-boost|p1a: Zygarde|spe|1\n|move|p2b: Volcarona|Bug Buzz|p1a: Zygarde\n|-damage|p1a: Zygarde|7\/100\n|\n|-heal|p1b: Gastrodon|91\/100|[from] item: Leftovers\n|upkeep\n|turn|12\n|\n|t:|1699903104\n|move|p1a: Zygarde|Protect|p1a: Zygarde\n|-singleturn|p1a: Zygarde|Protect\n|move|p2a: Arcanine|Extreme Speed|p1a: Zygarde\n|-activate|p1a: Zygarde|move: Protect\n|move|p2b: Volcarona|Air Slash|p1a: Zygarde\n|-activate|p1a: Zygarde|move: Protect\n|move|p1b: Gastrodon|Muddy Water|p2a: Arcanine|[spread] p2a,p2b\n|-supereffective|p2b: Volcarona\n|-damage|p2a: Arcanine|69\/100\n|-damage|p2b: Volcarona|49\/100\n|-unboost|p2a: Arcanine|accuracy|1\n|\n|-heal|p1b: Gastrodon|97\/100|[from] item: Leftovers\n|upkeep\n|turn|13\n|\n|t:|1699903124\n|switch|p1b: Amoonguss|Amoonguss, M|80\/100\n|move|p1a: Zygarde|Extreme Speed|p2a: Arcanine\n|-damage|p2a: Arcanine|23\/100\n|-damage|p1a: Zygarde|0 fnt|[from] item: Rocky Helmet|[of] p2a: Arcanine\n|faint|p1a: Zygarde\n|move|p2a: Arcanine|Extreme Speed|p1b: Amoonguss|[miss]\n|-miss|p2a: Arcanine|p1b: Amoonguss\n|move|p2b: Volcarona|Air Slash|p1b: Amoonguss\n|-supereffective|p1b: Amoonguss\n|-damage|p1b: Amoonguss|39\/100\n|\n|-heal|p1b: Amoonguss|46\/100|[from] item: Leftovers\n|upkeep\n|\n|t:|1699903138\n|switch|p1a: Rillaboom|Rillaboom, M|100\/100\n|-fieldstart|move: Grassy Terrain|[from] ability: Grassy Surge|[of] p1a: Rillaboom\n|turn|14\n|inactive|Jimmy9876543567878 has 120 seconds left.\n|\n|t:|1699903169\n|switch|p1b: Gastrodon|Gastrodon-East, M, shiny, tera:Fire|97\/100\n|move|p1a: Rillaboom|Grassy Glide|p2a: Arcanine\n|-damage|p2a: Arcanine|0 fnt\n|-damage|p1a: Rillaboom|84\/100|[from] item: Rocky Helmet|[of] p2a: Arcanine\n|faint|p2a: Arcanine\n|move|p2b: Volcarona|Fiery Dance|p1a: Rillaboom\n|-supereffective|p1a: Rillaboom\n|-damage|p1a: Rillaboom|5\/100\n|\n|-heal|p2b: Volcarona|55\/100|[from] Grassy Terrain\n|-heal|p1a: Rillaboom|11\/100|[from] Grassy Terrain\n|-heal|p1b: Gastrodon|100\/100|[from] Grassy Terrain\n|upkeep\n|turn|15\n|\n|t:|1699903185\n|move|p1a: Rillaboom|Grassy Glide|p2b: Volcarona\n|-resisted|p2b: Volcarona\n|-crit|p2b: Volcarona\n|-damage|p2b: Volcarona|35\/100\n|move|p2b: Volcarona|Fiery Dance|p1a: Rillaboom\n|-supereffective|p1a: Rillaboom\n|-crit|p1a: Rillaboom\n|-damage|p1a: Rillaboom|0 fnt\n|-boost|p2b: Volcarona|spa|1\n|faint|p1a: Rillaboom\n|move|p1b: Gastrodon|Muddy Water|p2b: Volcarona\n|-supereffective|p2b: Volcarona\n|-damage|p2b: Volcarona|0 fnt\n|faint|p2b: Volcarona\n|\n|win|Mirzzza\n|raw|Mirzzza's rating: 1252 &rarr; <strong>1282<\/strong><br \/>(+30 for winning)\n|raw|Jimmy9876543567878's rating: 1321 &rarr; <strong>1297<\/strong><br \/>(-24 for losing)\n|l|\u2606Jimmy9876543567878\n","uploadtime":1699903214,"views":6,"p1id":"mirzzza","p2id":"jimmy9876543567878","formatid":"gen9nationaldexdoubles","rating":1282,"private":0,"password":""}