{"id":"gen9nationaldexdoubles-1992875423","p1":"CTC_TeamTest","p2":"MrTRB","format":"[Gen 9] National Dex Doubles","log":"|j|\u2606CTC_TeamTest\n|j|\u2606MrTRB\n|t:|1700243008\n|gametype|doubles\n|player|p1|CTC_TeamTest|workerice|1232\n|player|p2|MrTRB|benga|1138\n|teamsize|p1|6\n|teamsize|p2|6\n|gen|9\n|tier|[Gen 9] National Dex Doubles\n|rated|\n|rule|HP Percentage Mod: HP is shown in percentages\n|rule|Endless Battle Clause: Forcing endless battles is banned\n|rule|OHKO Clause: OHKO moves are banned\n|rule|Evasion Moves Clause: Evasion moves are banned\n|rule|Evasion Abilities Clause: Evasion abilities are banned\n|rule|Species Clause: Limit one of each Pok\u00e9mon\n|rule|Gravity Sleep Clause: The combination of sleep-inducing moves with imperfect accuracy and Gravity or Gigantamax Orbeetle are banned\n|clearpoke\n|poke|p1|Exeggutor-Alola, M|\n|poke|p1|Ninetales, M|\n|poke|p1|Torkoal, M|\n|poke|p1|Lilligant, F|\n|poke|p1|Great Tusk|\n|poke|p1|Houndoom, F|\n|poke|p2|Greninja-*, M|\n|poke|p2|Seismitoad, F|\n|poke|p2|Pelipper, M|\n|poke|p2|Palafin, M|\n|poke|p2|Ludicolo, F|\n|poke|p2|Bellibolt, F|\n|teampreview\n|inactive|Battle timer is ON: inactive players will automatically lose when time's up. (requested by CTC_TeamTest)\n|c|\u2606MrTRB|the\n|\n|t:|1700243027\n|start\n|switch|p1a: Torkoal|Torkoal, M|100\/100\n|switch|p1b: Lilligant|Lilligant, F|100\/100\n|switch|p2a: Pelipper|Pelipper, M, shiny|100\/100\n|switch|p2b: Palafin|Palafin, M|100\/100\n|-weather|RainDance|[from] ability: Drizzle|[of] p2a: Pelipper\n|-weather|SunnyDay|[from] ability: Drought|[of] p1a: Torkoal\n|turn|1\n|\n|t:|1700243046\n|move|p1b: Lilligant|Sleep Powder|p2b: Palafin\n|-status|p2b: Palafin|slp|[from] move: Sleep Powder\n|cant|p2b: Palafin|slp\n|move|p2a: Pelipper|Tailwind|p2a: Pelipper\n|-sidestart|p2: MrTRB|move: Tailwind\n|move|p1a: Torkoal|Stealth Rock|p2a: Pelipper\n|-sidestart|p2: MrTRB|move: Stealth Rock\n|\n|-weather|SunnyDay|[upkeep]\n|upkeep\n|turn|2\n|\n|t:|1700243064\n|switch|p2a: Ludicolo|Ludicolo, F, shiny|100\/100\n|-damage|p2a: Ludicolo|88\/100|[from] Stealth Rock\n|move|p1b: Lilligant|Sleep Powder|p2a: Ludicolo\n|-immune|p2a: Ludicolo\n|cant|p2b: Palafin|slp\n|move|p1a: Torkoal|Solar Beam||[still]\n|-prepare|p1a: Torkoal|Solar Beam\n|-anim|p1a: Torkoal|Solar Beam|p2b: Palafin\n|-supereffective|p2b: Palafin\n|-damage|p2b: Palafin|19\/100 slp\n|\n|-weather|SunnyDay|[upkeep]\n|-heal|p2b: Palafin|25\/100 slp|[from] item: Leftovers\n|upkeep\n|turn|3\n|\n|t:|1700243093\n|detailschange|p2b: Palafin|Palafin-Hero, M\n|switch|p2b: Bellibolt|Bellibolt, F|100\/100\n|-damage|p2b: Bellibolt|88\/100|[from] Stealth Rock\n|move|p1b: Lilligant|Energy Ball|p2b: Bellibolt\n|-damage|p2b: Bellibolt|41\/100\n|-start|p2b: Bellibolt|Charge|Energy Ball|[from] ability: Electromorphosis\n|move|p2a: Ludicolo|Leech Seed|p1a: Torkoal\n|-start|p1a: Torkoal|move: Leech Seed\n|move|p1a: Torkoal|Eruption|p2b: Bellibolt|[spread] p2a,p2b\n|-damage|p2a: Ludicolo|36\/100\n|-damage|p2b: Bellibolt|0 fnt\n|faint|p2b: Bellibolt\n|\n|-weather|SunnyDay|[upkeep]\n|-damage|p1a: Torkoal|88\/100|[from] Leech Seed|[of] p2a: Ludicolo\n|-heal|p2a: Ludicolo|47\/100|[silent]\n|upkeep\n|inactive|MrTRB has 120 seconds left.\n|\n|t:|1700243114\n|switch|p2b: Pelipper|Pelipper, M, shiny|100\/100\n|-damage|p2b: Pelipper|76\/100|[from] Stealth Rock\n|-weather|RainDance|[from] ability: Drizzle|[of] p2b: Pelipper\n|turn|4\n|inactive|MrTRB has 120 seconds left.\n|\n|t:|1700243145\n|switch|p1a: Ninetales|Ninetales, M|100\/100\n|-weather|SunnyDay|[from] ability: Drought|[of] p1a: Ninetales\n|move|p1b: Lilligant|Sleep Powder|p2b: Pelipper\n|-status|p2b: Pelipper|slp|[from] move: Sleep Powder\n|cant|p2b: Pelipper|slp\n|move|p2a: Ludicolo|Knock Off|p1b: Lilligant\n|-damage|p1b: Lilligant|65\/100\n|-enditem|p1b: Lilligant|Wide Lens|[from] move: Knock Off|[of] p2a: Ludicolo\n|-damage|p2a: Ludicolo|38\/100|[from] item: Life Orb\n|\n|-weather|SunnyDay|[upkeep]\n|-sideend|p2: MrTRB|move: Tailwind\n|upkeep\n|turn|5\n|inactive|MrTRB has 120 seconds left.\n|\n|t:|1700243174\n|switch|p1b: Exeggutor|Exeggutor-Alola, M|100\/100\n|move|p1a: Ninetales|Flamethrower|p2a: Ludicolo\n|-damage|p2a: Ludicolo|3\/100\n|cant|p2b: Pelipper|slp\n|move|p2a: Ludicolo|Leech Seed|p1a: Ninetales|[miss]\n|-miss|p2a: Ludicolo|p1a: Ninetales\n|\n|-weather|SunnyDay|[upkeep]\n|upkeep\n|turn|6\n|inactive|MrTRB has 120 seconds left.\n|\n|t:|1700243192\n|switch|p2b: Seismitoad|Seismitoad, F, shiny|100\/100\n|-damage|p2b: Seismitoad|95\/100|[from] Stealth Rock\n|move|p1a: Ninetales|Solar Beam||[still]\n|-prepare|p1a: Ninetales|Solar Beam\n|-anim|p1a: Ninetales|Solar Beam|p2b: Seismitoad\n|-supereffective|p2b: Seismitoad\n|-damage|p2b: Seismitoad|0 fnt\n|faint|p2b: Seismitoad\n|move|p2a: Ludicolo|Hydro Pump|p1a: Ninetales\n|-supereffective|p1a: Ninetales\n|-damage|p1a: Ninetales|43\/100\n|-damage|p2a: Ludicolo|0 fnt|[from] item: Life Orb\n|faint|p2a: Ludicolo\n|move|p1b: Exeggutor|Swords Dance|p1b: Exeggutor\n|-boost|p1b: Exeggutor|atk|2\n|\n|-weather|SunnyDay|[upkeep]\n|upkeep\n|\n|t:|1700243207\n|switch|p2b: Pelipper|Pelipper, M, shiny|76\/100 slp\n|switch|p2a: Greninja|Greninja, M|100\/100\n|-damage|p2a: Greninja|88\/100|[from] Stealth Rock\n|-damage|p2b: Pelipper|51\/100 slp|[from] Stealth Rock\n|-weather|RainDance|[from] ability: Drizzle|[of] p2b: Pelipper\n|turn|7\n|\n|t:|1700243222\n|switch|p1a: Torkoal|Torkoal, M|88\/100\n|-weather|SunnyDay|[from] ability: Drought|[of] p1a: Torkoal\n|move|p2a: Greninja|Ice Beam|p1b: Exeggutor\n|-supereffective|p1b: Exeggutor\n|-damage|p1b: Exeggutor|0 fnt\n|faint|p1b: Exeggutor\n|-ability|p2a: Greninja|Battle Bond|boost\n|-boost|p2a: Greninja|atk|1\n|-boost|p2a: Greninja|spa|1\n|-boost|p2a: Greninja|spe|1\n|-activate|p2a: Greninja|ability: Battle Bond\n|cant|p2b: Pelipper|slp\n|\n|-weather|SunnyDay|[upkeep]\n|upkeep\n|\n|t:|1700243233\n|switch|p1b: Lilligant|Lilligant, F|65\/100\n|turn|8\n|\n|t:|1700243248\n|move|p2a: Greninja|Water Shuriken|p1b: Lilligant\n|-resisted|p1b: Lilligant\n|-damage|p1b: Lilligant|61\/100\n|-resisted|p1b: Lilligant\n|-damage|p1b: Lilligant|58\/100\n|-hitcount|p1b: Lilligant|2\n|move|p1b: Lilligant|Energy Ball|p2a: Greninja\n|-supereffective|p2a: Greninja\n|-damage|p2a: Greninja|0 fnt\n|faint|p2a: Greninja\n|-curestatus|p2b: Pelipper|slp|[msg]\n|move|p2b: Pelipper|Tailwind|p2b: Pelipper\n|-sidestart|p2: MrTRB|move: Tailwind\n|move|p1a: Torkoal|Solar Beam||[still]\n|-prepare|p1a: Torkoal|Solar Beam\n|-anim|p1a: Torkoal|Solar Beam|p2b: Pelipper\n|-damage|p2b: Pelipper|2\/100\n|\n|-weather|SunnyDay|[upkeep]\n|upkeep\n|\n|t:|1700243258\n|switch|p2a: Palafin|Palafin-Hero, M|25\/100 slp\n|-damage|p2a: Palafin|13\/100 slp|[from] Stealth Rock\n|-activate|p2a: Palafin|ability: Zero to Hero\n|turn|9\n|\n|t:|1700243270\n|-curestatus|p2a: Palafin|slp|[msg]\n|move|p2a: Palafin|Jet Punch|p1a: Torkoal\n|-supereffective|p1a: Torkoal\n|-damage|p1a: Torkoal|57\/100\n|move|p1b: Lilligant|After You|p1a: Torkoal\n|-activate|p1a: Torkoal|move: After You\n|move|p1a: Torkoal|Eruption|p2b: Pelipper|[spread] p2a,p2b\n|-resisted|p2a: Palafin\n|-resisted|p2b: Pelipper\n|-damage|p2a: Palafin|0 fnt\n|-damage|p2b: Pelipper|0 fnt\n|faint|p2a: Palafin\n|faint|p2b: Pelipper\n|\n|win|CTC_TeamTest\n|raw|CTC_TeamTest's rating: 1232 &rarr; <strong>1250<\/strong><br \/>(+18 for winning)\n|raw|MrTRB's rating: 1138 &rarr; <strong>1120<\/strong><br \/>(-18 for losing)\n|l|\u2606MrTRB\n|c|\u2606CTC_TeamTest|gg\n","uploadtime":1700243286,"views":16,"p1id":"ctcteamtest","p2id":"mrtrb","formatid":"gen9nationaldexdoubles","rating":1120,"private":0,"password":""}