{"id":"gen9nationaldexdoubles-1986660140","p1":"Mokaccino333","p2":"Prapple2","format":"[Gen 9] National Dex Doubles","log":"|j|\u2606Mokaccino333\n|j|\u2606Prapple2\n|t:|1699503793\n|gametype|doubles\n|player|p1|Mokaccino333|lady|\n|player|p2|Prapple2|caitlin|\n|teamsize|p1|6\n|teamsize|p2|6\n|gen|9\n|tier|[Gen 9] National Dex Doubles\n|rule|HP Percentage Mod: HP is shown in percentages\n|rule|Endless Battle Clause: Forcing endless battles is banned\n|rule|OHKO Clause: OHKO moves are banned\n|rule|Evasion Moves Clause: Evasion moves are banned\n|rule|Evasion Abilities Clause: Evasion abilities are banned\n|rule|Species Clause: Limit one of each Pok\u00e9mon\n|rule|Gravity Sleep Clause: The combination of sleep-inducing moves with imperfect accuracy and Gravity or Gigantamax Orbeetle are banned\n|clearpoke\n|poke|p1|Metagross|\n|poke|p1|Raichu-Alola, M|\n|poke|p1|Iron Moth|\n|poke|p1|Venusaur, F|\n|poke|p1|Rillaboom, M|\n|poke|p1|Quagsire, M|\n|poke|p2|Tapu Lele|\n|poke|p2|Clefable, M|\n|poke|p2|Mawile, M|\n|poke|p2|Hatterene, F|\n|poke|p2|Grimmsnarl, M|\n|poke|p2|Diancie|\n|teampreview\n|c|\u2606Prapple2|O-o\n|c|\u2606Mokaccino333|its not too bad\n|c|\u2606Mokaccino333|i guess\n|c|\u2606Mokaccino333|random team i made\n|\n|t:|1699503809\n|start\n|switch|p1a: Rillaboom|Rillaboom, M|100\/100\n|switch|p1b: Metagross|Metagross|100\/100\n|switch|p2a: Hatterene|Hatterene, F|100\/100\n|switch|p2b: Grimmsnarl|Grimmsnarl, M|100\/100\n|-fieldstart|move: Grassy Terrain|[from] ability: Grassy Surge|[of] p1a: Rillaboom\n|turn|1\n|\n|t:|1699503823\n|move|p1a: Rillaboom|Fake Out|p2a: Hatterene\n|-damage|p2a: Hatterene|87\/100\n|move|p2b: Grimmsnarl|Fake Out|p1a: Rillaboom\n|-damage|p1a: Rillaboom|91\/100\n|-enditem|p1a: Rillaboom|Eject Button\n|\n|t:|1699503832\n|switch|p1a: Raichu|Raichu-Alola, M|100\/100\n|move|p1b: Metagross|Steel Roller|p2a: Hatterene\n|-supereffective|p2a: Hatterene\n|-damage|p2a: Hatterene|0 fnt\n|-fieldend|move: Grassy Terrain\n|faint|p2a: Hatterene\n|\n|upkeep\n|\n|t:|1699503842\n|switch|p2a: Mawile|Mawile, M|100\/100\n|-ability|p2a: Mawile|Intimidate|boost\n|-unboost|p1a: Raichu|atk|1\n|-fail|p1b: Metagross|unboost|[from] ability: Clear Body|[of] p1b: Metagross\n|turn|2\n|\n|t:|1699503858\n|detailschange|p2a: Mawile|Mawile-Mega, M\n|-mega|p2a: Mawile|Mawile|Mawilite\n|move|p1a: Raichu|Fake Out|p2a: Mawile\n|-resisted|p2a: Mawile\n|-damage|p2a: Mawile|98\/100\n|move|p2b: Grimmsnarl|Light Screen|p2b: Grimmsnarl\n|-sidestart|p2: Prapple2|move: Light Screen\n|move|p1b: Metagross|Stomping Tantrum|p2a: Mawile\n|-supereffective|p2a: Mawile\n|-damage|p2a: Mawile|46\/100\n|cant|p2a: Mawile|flinch\n|\n|upkeep\n|turn|3\n|\n|t:|1699503882\n|switch|p1b: Rillaboom|Rillaboom, M|91\/100\n|-fieldstart|move: Grassy Terrain|[from] ability: Grassy Surge|[of] p1b: Rillaboom\n|move|p2b: Grimmsnarl|Reflect|p2b: Grimmsnarl\n|-sidestart|p2: Prapple2|Reflect\n|move|p1a: Raichu|Thunder Wave|p2a: Mawile\n|-status|p2a: Mawile|par\n|cant|p2a: Mawile|par\n|\n|-heal|p1b: Rillaboom|97\/100|[from] Grassy Terrain\n|-heal|p2a: Mawile|52\/100 par|[from] Grassy Terrain\n|upkeep\n|turn|4\n|\n|t:|1699503904\n|switch|p1a: Metagross|Metagross|100\/100\n|move|p1b: Rillaboom|Fake Out|p2a: Mawile\n|-resisted|p2a: Mawile\n|-damage|p2a: Mawile|48\/100 par\n|move|p2b: Grimmsnarl|Parting Shot|p1b: Rillaboom\n|-unboost|p1b: Rillaboom|atk|1\n|-unboost|p1b: Rillaboom|spa|1\n|\n|t:|1699503909\n|switch|p2b: Clefable|Clefable, M|100\/100|[from] Parting Shot\n|cant|p2a: Mawile|flinch\n|\n|-heal|p1b: Rillaboom|100\/100|[from] Grassy Terrain\n|-heal|p2a: Mawile|54\/100 par|[from] Grassy Terrain\n|upkeep\n|turn|5\n|\n|t:|1699503921\n|move|p2b: Clefable|Follow Me|p2b: Clefable\n|-singleturn|p2b: Clefable|move: Follow Me\n|cant|p2a: Mawile|par\n|move|p1b: Rillaboom|U-turn|p2b: Clefable\n|-resisted|p2b: Clefable\n|-damage|p2b: Clefable|93\/100\n|\n|t:|1699503927\n|switch|p1b: Raichu|Raichu-Alola, M|100\/100|[from] U-turn\n|move|p1a: Metagross|Steel Roller|p2b: Clefable\n|-supereffective|p2b: Clefable\n|-damage|p2b: Clefable|0 fnt\n|-fieldend|move: Grassy Terrain\n|faint|p2b: Clefable\n|\n|upkeep\n|\n|t:|1699503932\n|switch|p2b: Diancie|Diancie|100\/100\n|turn|6\n|c|\u2606Prapple2|bru that para\n|c|\u2606Prapple2|fake out spam is lamee\n|\n|t:|1699503958\n|move|p1b: Raichu|Fake Out|p2a: Mawile\n|-resisted|p2a: Mawile\n|-damage|p2a: Mawile|52\/100 par\n|cant|p2a: Mawile|flinch\n|move|p1a: Metagross|Stomping Tantrum|p2a: Mawile\n|-supereffective|p2a: Mawile\n|-crit|p2a: Mawile\n|-damage|p2a: Mawile|0 fnt\n|faint|p2a: Mawile\n|move|p2b: Diancie|Diamond Storm|p1b: Raichu|[spread] p1a,p1b\n|-resisted|p1a: Metagross\n|-damage|p1a: Metagross|91\/100\n|-damage|p1b: Raichu|47\/100\n|-boost|p2b: Diancie|def|2\n|\n|upkeep\n|\n|t:|1699503967\n|switch|p2a: Grimmsnarl|Grimmsnarl, M|100\/100\n|turn|7\n|\n|t:|1699503975\n|move|p2a: Grimmsnarl|Fake Out|p1a: Metagross\n|-resisted|p1a: Metagross\n|-damage|p1a: Metagross|87\/100\n|move|p1b: Raichu|Electric Terrain|p1b: Raichu\n|-fieldstart|move: Electric Terrain\n|cant|p1a: Metagross|flinch\n|move|p2b: Diancie|Diamond Storm|p1b: Raichu|[spread] p1a,p1b\n|-resisted|p1a: Metagross\n|-damage|p1a: Metagross|77\/100\n|-damage|p1b: Raichu|0 fnt\n|faint|p1b: Raichu\n|\n|upkeep\n|\n|t:|1699503984\n|switch|p1b: Iron Moth|Iron Moth|100\/100\n|-activate|p1b: Iron Moth|ability: Quark Drive\n|-start|p1b: Iron Moth|quarkdrivespa\n|turn|8\n|\n|t:|1699503998\n|move|p2a: Grimmsnarl|Parting Shot|p1b: Iron Moth\n|-unboost|p1b: Iron Moth|atk|1\n|-unboost|p1b: Iron Moth|spa|1\n|\n|t:|1699504002\n|switch|p2a: Tapu Lele|Tapu Lele|100\/100|[from] Parting Shot\n|-fieldstart|move: Psychic Terrain|[from] ability: Psychic Surge|[of] p2a: Tapu Lele\n|-end|p1b: Iron Moth|Quark Drive\n|-enditem|p1b: Iron Moth|Booster Energy\n|-activate|p1b: Iron Moth|ability: Quark Drive|[fromitem]\n|-start|p1b: Iron Moth|quarkdrivespe\n|move|p1b: Iron Moth|Sludge Wave|p2a: Tapu Lele|[spread] p2a,p2b\n|-immune|p1a: Metagross\n|-supereffective|p2a: Tapu Lele\n|-damage|p2a: Tapu Lele|71\/100\n|-damage|p2b: Diancie|86\/100\n|move|p1a: Metagross|Steel Roller|p2b: Diancie\n|-supereffective|p2b: Diancie\n|-crit|p2b: Diancie\n|-damage|p2b: Diancie|0 fnt\n|-fieldend|move: Psychic Terrain\n|faint|p2b: Diancie\n|\n|upkeep\n|\n|t:|1699504015\n|switch|p2b: Grimmsnarl|Grimmsnarl, M|100\/100\n|turn|9\n|\n|t:|1699504024\n|-end|p1b: Iron Moth|Quark Drive|[silent]\n|switch|p1b: Rillaboom|Rillaboom, M|100\/100\n|-fieldstart|move: Grassy Terrain|[from] ability: Grassy Surge|[of] p1b: Rillaboom\n|move|p2b: Grimmsnarl|Fake Out|p1a: Metagross\n|-resisted|p1a: Metagross\n|-damage|p1a: Metagross|73\/100\n|move|p2a: Tapu Lele|Psychic|p1b: Rillaboom\n|-damage|p1b: Rillaboom|52\/100\n|-damage|p2a: Tapu Lele|62\/100|[from] item: Life Orb\n|cant|p1a: Metagross|flinch\n|\n|-heal|p1b: Rillaboom|58\/100|[from] Grassy Terrain\n|-heal|p2a: Tapu Lele|68\/100|[from] Grassy Terrain\n|-heal|p1a: Metagross|79\/100|[from] Grassy Terrain\n|-sideend|p2: Prapple2|move: Light Screen\n|upkeep\n|turn|10\n|c|\u2606Prapple2|wats wit these crits lol\n|c|\u2606Mokaccino333|idk it still dies tho\n|\n|t:|1699504045\n|move|p2b: Grimmsnarl|Reflect||[still]\n|-fail|p2b: Grimmsnarl\n|move|p1b: Rillaboom|Brutal Swing|p2b: Grimmsnarl|[spread] p1a,p2a,p2b\n|-supereffective|p1a: Metagross\n|-resisted|p2b: Grimmsnarl\n|-damage|p1a: Metagross|60\/100\n|-damage|p2a: Tapu Lele|57\/100\n|-damage|p2b: Grimmsnarl|98\/100\n|-enditem|p1a: Metagross|Weakness Policy\n|-boost|p1a: Metagross|atk|2|[from] item: Weakness Policy\n|-boost|p1a: Metagross|spa|2|[from] item: Weakness Policy\n|move|p2a: Tapu Lele|Dazzling Gleam|p1a: Metagross|[spread] p1a,p1b\n|-resisted|p1a: Metagross\n|-damage|p1a: Metagross|39\/100\n|-damage|p1b: Rillaboom|25\/100\n|-damage|p2a: Tapu Lele|47\/100|[from] item: Life Orb\n|move|p1a: Metagross|Steel Roller|p2a: Tapu Lele\n|-supereffective|p2a: Tapu Lele\n|-damage|p2a: Tapu Lele|0 fnt\n|-fieldend|move: Grassy Terrain\n|faint|p2a: Tapu Lele\n|\n|-sideend|p2: Prapple2|Reflect\n|upkeep\n|turn|11\n|c|\u2606Prapple2|ye but the fake out spam is kinda eh\n|\n|t:|1699504068\n|move|p2b: Grimmsnarl|Parting Shot|p1b: Rillaboom\n|-unboost|p1b: Rillaboom|atk|1\n|-unboost|p1b: Rillaboom|spa|1\n|move|p1b: Rillaboom|Grassy Terrain|p1b: Rillaboom\n|-fieldstart|move: Grassy Terrain\n|move|p1a: Metagross|Steel Roller|p2b: Grimmsnarl\n|-supereffective|p2b: Grimmsnarl\n|-damage|p2b: Grimmsnarl|0 fnt\n|-fieldend|move: Grassy Terrain\n|faint|p2b: Grimmsnarl\n|\n|win|Mokaccino333\n|c|\u2606Prapple2|like probably not a thing to run in GA counter teams\n|c|\u2606Mokaccino333|ya\n|c|\u2606Mokaccino333|true\n|c|\u2606Mokaccino333|its still funny\n|c|\u2606Mokaccino333|i love the fake out spam\n","uploadtime":1699504148,"views":31,"p1id":"mokaccino333","p2id":"prapple2","formatid":"gen9nationaldexdoubles","rating":0,"private":0,"password":""}