{"id":"gen9nationaldexdoubles-1985259093","p1":"seanthsheep","p2":"psng","format":"[Gen 9] National Dex Doubles","log":"|j|\u2606seanthsheep\n|j|\u2606psng\n|t:|1699356604\n|gametype|doubles\n|player|p1|seanthsheep|bugsy|1146\n|player|p2|psng|wallace|1187\n|teamsize|p1|6\n|teamsize|p2|6\n|gen|9\n|tier|[Gen 9] National Dex Doubles\n|rated|\n|rule|HP Percentage Mod: HP is shown in percentages\n|rule|Endless Battle Clause: Forcing endless battles is banned\n|rule|OHKO Clause: OHKO moves are banned\n|rule|Evasion Moves Clause: Evasion moves are banned\n|rule|Evasion Abilities Clause: Evasion abilities are banned\n|rule|Species Clause: Limit one of each Pok\u00e9mon\n|rule|Gravity Sleep Clause: The combination of sleep-inducing moves with imperfect accuracy and Gravity or Gigantamax Orbeetle are banned\n|clearpoke\n|poke|p1|Mudsdale, M|\n|poke|p1|Hatterene, F|\n|poke|p1|Ursaluna, M|\n|poke|p1|Arcanine-Hisui, F|\n|poke|p1|Sinistcha-Masterpiece|\n|poke|p1|Urshifu-*, F|\n|poke|p2|Chien-Pao|\n|poke|p2|Zapdos|\n|poke|p2|Pelipper, F|\n|poke|p2|Swampert, F|\n|poke|p2|Klefki, F|\n|poke|p2|Sinistcha|\n|teampreview\n|inactive|Battle timer is ON: inactive players will automatically lose when time's up. (requested by psng)\n|inactive|psng has 120 seconds left.\n|\n|t:|1699356641\n|start\n|switch|p1a: Urshifu|Urshifu-Rapid-Strike, F|100\/100\n|switch|p1b: Sinistcha|Sinistcha-Masterpiece|100\/100\n|switch|p2a: Klefki|Klefki, F, shiny|100\/100\n|switch|p2b: Pelipper|Pelipper, F, shiny|100\/100\n|-weather|RainDance|[from] ability: Drizzle|[of] p2b: Pelipper\n|turn|1\n|\n|t:|1699356660\n|move|p1b: Sinistcha|Rage Powder|p1b: Sinistcha\n|-singleturn|p1b: Sinistcha|move: Rage Powder\n|move|p2a: Klefki|Reflect|p2a: Klefki\n|-sidestart|p2: psng|Reflect\n|move|p1a: Urshifu|Close Combat|p2a: Klefki\n|-damage|p2a: Klefki|50\/100\n|-unboost|p1a: Urshifu|def|1\n|-unboost|p1a: Urshifu|spd|1\n|move|p2b: Pelipper|Tailwind|p2b: Pelipper\n|-sidestart|p2: psng|move: Tailwind\n|\n|-weather|RainDance|[upkeep]\n|upkeep\n|turn|2\n|\n|t:|1699356681\n|switch|p2a: Zapdos|Zapdos, shiny|100\/100\n|move|p2b: Pelipper|Hurricane|p1b: Sinistcha\n|-supereffective|p1b: Sinistcha\n|-damage|p1b: Sinistcha|0 fnt\n|faint|p1b: Sinistcha\n|move|p1a: Urshifu|Surging Strikes|p2a: Zapdos\n|-crit|p2a: Zapdos\n|-damage|p2a: Zapdos|74\/100\n|-damage|p1a: Urshifu|84\/100|[from] item: Rocky Helmet|[of] p2a: Zapdos\n|-crit|p2a: Zapdos\n|-damage|p2a: Zapdos|48\/100\n|-damage|p1a: Urshifu|68\/100|[from] item: Rocky Helmet|[of] p2a: Zapdos\n|-crit|p2a: Zapdos\n|-damage|p2a: Zapdos|22\/100\n|-damage|p1a: Urshifu|51\/100|[from] item: Rocky Helmet|[of] p2a: Zapdos\n|-hitcount|p2a: Zapdos|3\n|\n|-weather|RainDance|[upkeep]\n|upkeep\n|\n|t:|1699356698\n|switch|p1b: Hatterene|Hatterene, F, shiny|100\/100\n|turn|3\n|\n|t:|1699356708\n|switch|p2b: Klefki|Klefki, F, shiny|50\/100\n|move|p1a: Urshifu|Aqua Jet|p2a: Zapdos\n|-damage|p2a: Zapdos|4\/100\n|-damage|p1a: Urshifu|35\/100|[from] item: Rocky Helmet|[of] p2a: Zapdos\n|move|p2a: Zapdos|Thunder|p1a: Urshifu\n|-supereffective|p1a: Urshifu\n|-damage|p1a: Urshifu|0 fnt\n|faint|p1a: Urshifu\n|move|p1b: Hatterene|Trick Room|p1b: Hatterene\n|-fieldstart|move: Trick Room|[of] p1b: Hatterene\n|\n|-weather|RainDance|[upkeep]\n|upkeep\n|\n|t:|1699356722\n|switch|p1a: Mudsdale|Mudsdale, M, shiny|100\/100\n|turn|4\n|\n|t:|1699356735\n|move|p2b: Klefki|Light Screen|p2b: Klefki\n|-sidestart|p2: psng|move: Light Screen\n|move|p1b: Hatterene|Reflect|p1b: Hatterene\n|-sidestart|p1: seanthsheep|Reflect\n|move|p1a: Mudsdale|Rock Slide|p2a: Zapdos|[spread] p2a,p2b\n|-supereffective|p2a: Zapdos\n|-resisted|p2b: Klefki\n|-damage|p2a: Zapdos|0 fnt\n|-damage|p2b: Klefki|42\/100\n|faint|p2a: Zapdos\n|\n|-weather|RainDance|[upkeep]\n|-sideend|p2: psng|move: Tailwind\n|upkeep\n|\n|t:|1699356740\n|switch|p2a: Sinistcha|Sinistcha, shiny|100\/100\n|-heal|p2b: Klefki|67\/100|[from] ability: Hospitality|[of] p2a: Sinistcha\n|turn|5\n|\n|t:|1699356755\n|move|p1b: Hatterene|Nuzzle|p2a: Sinistcha\n|-resisted|p2a: Sinistcha\n|-damage|p2a: Sinistcha|99\/100\n|-status|p2a: Sinistcha|par\n|move|p1a: Mudsdale|High Horsepower|p2b: Klefki|[miss]\n|-miss|p1a: Mudsdale|p2b: Klefki\n|move|p2b: Klefki|Steel Beam|p1b: Hatterene\n|-supereffective|p1b: Hatterene\n|-damage|p1b: Hatterene|0 fnt\n|-damage|p2b: Klefki|17\/100|[from] steelbeam\n|faint|p1b: Hatterene\n|move|p2a: Sinistcha|Trick Room|p2a: Sinistcha\n|-fieldend|move: Trick Room\n|\n|-weather|none\n|-heal|p2a: Sinistcha|100\/100 par|[from] item: Leftovers\n|upkeep\n|\n|t:|1699356769\n|switch|p1b: Arcanine|Arcanine-Hisui, F|100\/100\n|-ability|p1b: Arcanine|Intimidate|boost\n|-unboost|p2a: Sinistcha|atk|1\n|-unboost|p2b: Klefki|atk|1\n|turn|6\n|\n|t:|1699356782\n|switch|p2a: Pelipper|Pelipper, F, shiny|100\/100\n|-weather|RainDance|[from] ability: Drizzle|[of] p2a: Pelipper\n|move|p1b: Arcanine|Heat Wave|p2b: Klefki|[spread] p2a,p2b\n|-resisted|p2a: Pelipper\n|-supereffective|p2b: Klefki\n|-damage|p2a: Pelipper|94\/100\n|-damage|p2b: Klefki|0 fnt\n|faint|p2b: Klefki\n|move|p1a: Mudsdale|Rock Slide|p2a: Pelipper\n|-supereffective|p2a: Pelipper\n|-damage|p2a: Pelipper|49\/100\n|\n|-weather|RainDance|[upkeep]\n|upkeep\n|\n|t:|1699356788\n|switch|p2b: Swampert|Swampert, F, shiny|100\/100\n|turn|7\n|\n|t:|1699356800\n|detailschange|p2b: Swampert|Swampert-Mega, F, shiny\n|-mega|p2b: Swampert|Swampert|Swampertite\n|move|p1b: Arcanine|Extreme Speed|p2b: Swampert\n|-damage|p2b: Swampert|83\/100\n|move|p2b: Swampert|Earthquake|p1b: Arcanine|[spread] p1a,p1b\n|-immune|p2a: Pelipper\n|-supereffective|p1b: Arcanine\n|-damage|p1a: Mudsdale|75\/100\n|-damage|p1b: Arcanine|0 fnt\n|-ability|p1a: Mudsdale|Stamina|boost\n|-boost|p1a: Mudsdale|def|1\n|faint|p1b: Arcanine\n|move|p2a: Pelipper|Scald|p1a: Mudsdale\n|-supereffective|p1a: Mudsdale\n|-damage|p1a: Mudsdale|2\/100\n|-status|p1a: Mudsdale|brn\n|-ability|p1a: Mudsdale|Stamina|boost\n|-boost|p1a: Mudsdale|def|1\n|move|p1a: Mudsdale|Body Press|p2b: Swampert\n|-damage|p2b: Swampert|72\/100\n|\n|-weather|RainDance|[upkeep]\n|-damage|p1a: Mudsdale|0 fnt|[from] brn\n|faint|p1a: Mudsdale\n|upkeep\n|\n|t:|1699356824\n|switch|p1b: Ursaluna|Ursaluna, M|100\/100\n|turn|8\n|\n|t:|1699356831\n|switch|p2a: Chien-Pao|Chien-Pao|100\/100\n|-ability|p2a: Chien-Pao|Sword of Ruin\n|move|p2b: Swampert|Liquidation|p1b: Ursaluna\n|-supereffective|p1b: Ursaluna\n|-damage|p1b: Ursaluna|0 fnt\n|faint|p1b: Ursaluna\n|\n|win|psng\n|raw|seanthsheep's rating: 1146 &rarr; <strong>1124<\/strong><br \/>(-22 for losing)\n|raw|psng's rating: 1187 &rarr; <strong>1209<\/strong><br \/>(+22 for winning)\n|l|\u2606seanthsheep\n","uploadtime":1699356844,"views":8,"p1id":"seanthsheep","p2id":"psng","formatid":"gen9nationaldexdoubles","rating":1124,"private":0,"password":""}