{"id":"gen9nationaldexdoubles-1973139285","p1":"Alexander Bleu","p2":"MasterHand","format":"[Gen 9] National Dex Doubles","log":"|j|\u2606Alexander Bleu\n|j|\u2606MasterHand\n|t:|1697931982\n|gametype|doubles\n|player|p1|Alexander Bleu|aaron|1000\n|player|p2|MasterHand|volkner|1000\n|teamsize|p1|6\n|teamsize|p2|6\n|gen|9\n|tier|[Gen 9] National Dex Doubles\n|rated|\n|rule|HP Percentage Mod: HP is shown in percentages\n|rule|Endless Battle Clause: Forcing endless battles is banned\n|rule|OHKO Clause: OHKO moves are banned\n|rule|Evasion Moves Clause: Evasion moves are banned\n|rule|Evasion Abilities Clause: Evasion abilities are banned\n|rule|Species Clause: Limit one of each Pok\u00e9mon\n|rule|Gravity Sleep Clause: The combination of sleep-inducing moves with imperfect accuracy and Gravity or Gigantamax Orbeetle are banned\n|clearpoke\n|poke|p1|Amoonguss, F|\n|poke|p1|Grimmsnarl, M|\n|poke|p1|Galvantula, F|\n|poke|p1|Kingdra, M|\n|poke|p1|Cinderace, F|\n|poke|p1|Spectrier|\n|poke|p2|Greninja-*, M|\n|poke|p2|Mew|\n|poke|p2|Iron Hands|\n|poke|p2|Throh, M|\n|poke|p2|Parasect, M|\n|poke|p2|Oranguru, M|\n|teampreview\n|\n|t:|1697932002\n|start\n|switch|p1a: Grimmsnarl|Grimmsnarl, M|100\/100\n|switch|p1b: Amoonguss|Amoonguss, F|100\/100\n|switch|p2a: Greninja|Greninja, M|100\/100\n|switch|p2b: Mew|Mew|100\/100\n|turn|1\n|\n|t:|1697932029\n|move|p1a: Grimmsnarl|Light Screen|p1a: Grimmsnarl\n|-sidestart|p1: Alexander Bleu|move: Light Screen\n|move|p2a: Greninja|Mat Block|p2a: Greninja\n|-singleturn|p2a: Greninja|Mat Block\n|move|p2b: Mew|Encore|p1a: Grimmsnarl\n|-start|p1a: Grimmsnarl|Encore\n|move|p1b: Amoonguss|Ingrain|p1b: Amoonguss\n|-start|p1b: Amoonguss|move: Ingrain\n|\n|upkeep\n|turn|2\n|\n|t:|1697932045\n|move|p1a: Grimmsnarl|Light Screen||[still]\n|-fail|p1a: Grimmsnarl\n|move|p2a: Greninja|Blizzard|p1a: Grimmsnarl|[spread] p1a\n|-miss|p2a: Greninja|p1b: Amoonguss\n|-damage|p1a: Grimmsnarl|88\/100\n|move|p2b: Mew|Encore|p1b: Amoonguss\n|-start|p1b: Amoonguss|Encore\n|move|p1b: Amoonguss|Ingrain||[still]\n|-fail|p1b: Amoonguss\n|\n|upkeep\n|turn|3\n|\n|t:|1697932062\n|move|p1a: Grimmsnarl|Light Screen||[still]\n|-fail|p1a: Grimmsnarl\n|move|p2a: Greninja|Snowscape|p2a: Greninja\n|-weather|Snow\n|move|p2b: Mew|Blizzard|p1a: Grimmsnarl|[spread] p1a,p1b\n|-supereffective|p1b: Amoonguss\n|-damage|p1a: Grimmsnarl|74\/100\n|-damage|p1b: Amoonguss|78\/100\n|move|p1b: Amoonguss|Ingrain||[still]\n|-fail|p1b: Amoonguss\n|\n|-weather|Snow|[upkeep]\n|-heal|p1b: Amoonguss|84\/100|[from] item: Black Sludge\n|-heal|p1b: Amoonguss|91\/100|[from] Ingrain\n|upkeep\n|turn|4\n|\n|t:|1697932075\n|move|p1a: Grimmsnarl|Light Screen||[still]\n|-fail|p1a: Grimmsnarl\n|move|p2a: Greninja|Blizzard|p1a: Grimmsnarl|[spread] p1a,p1b\n|-supereffective|p1b: Amoonguss\n|-damage|p1a: Grimmsnarl|62\/100\n|-damage|p1b: Amoonguss|68\/100\n|move|p2b: Mew|Blizzard|p1b: Amoonguss|[spread] p1a,p1b\n|-supereffective|p1b: Amoonguss\n|-damage|p1a: Grimmsnarl|49\/100\n|-damage|p1b: Amoonguss|47\/100\n|move|p1b: Amoonguss|Ingrain||[still]\n|-fail|p1b: Amoonguss\n|\n|-weather|Snow|[upkeep]\n|-heal|p1b: Amoonguss|53\/100|[from] item: Black Sludge\n|-heal|p1b: Amoonguss|60\/100|[from] Ingrain\n|-end|p1a: Grimmsnarl|Encore\n|-end|p1b: Amoonguss|Encore\n|upkeep\n|turn|5\n|\n|t:|1697932107\n|move|p1a: Grimmsnarl|Reflect|p1a: Grimmsnarl\n|-sidestart|p1: Alexander Bleu|Reflect\n|move|p2a: Greninja|Blizzard|p1a: Grimmsnarl|[spread] p1a,p1b\n|-crit|p1a: Grimmsnarl\n|-supereffective|p1b: Amoonguss\n|-damage|p1a: Grimmsnarl|21\/100\n|-damage|p1b: Amoonguss|38\/100\n|move|p2b: Mew|Blizzard|p1a: Grimmsnarl|[spread] p1a,p1b\n|-supereffective|p1b: Amoonguss\n|-damage|p1a: Grimmsnarl|7\/100\n|-damage|p1b: Amoonguss|16\/100\n|move|p1b: Amoonguss|Pollen Puff|p2b: Mew\n|-supereffective|p2b: Mew\n|-damage|p2b: Mew|66\/100\n|\n|-weather|Snow|[upkeep]\n|-heal|p1b: Amoonguss|22\/100|[from] item: Black Sludge\n|-heal|p1b: Amoonguss|29\/100|[from] Ingrain\n|-sideend|p1: Alexander Bleu|move: Light Screen\n|upkeep\n|turn|6\n|\n|t:|1697932129\n|move|p1a: Grimmsnarl|Light Screen|p1a: Grimmsnarl\n|-sidestart|p1: Alexander Bleu|move: Light Screen\n|move|p2a: Greninja|Blizzard|p1a: Grimmsnarl|[spread] p1a,p1b\n|-supereffective|p1b: Amoonguss\n|-crit|p1b: Amoonguss\n|-damage|p1a: Grimmsnarl|0 fnt\n|-damage|p1b: Amoonguss|0 fnt\n|faint|p1a: Grimmsnarl\n|faint|p1b: Amoonguss\n|move|p2b: Mew|Blizzard|p1: Grimmsnarl|[notarget]\n|-fail|p2b: Mew\n|\n|-weather|Snow|[upkeep]\n|upkeep\n|\n|t:|1697932140\n|switch|p1a: Kingdra|Kingdra, M|100\/100\n|switch|p1b: Galvantula|Galvantula, F|100\/100\n|turn|7\n|\n|t:|1697932156\n|move|p2a: Greninja|Water Pledge|p1b: Galvantula\n|-waiting|p2a: Greninja|p2b: Mew\n|move|p2b: Mew|Grass Pledge|p1a: Kingdra|[from]move: Water Pledge\n|-combine\n|-damage|p1a: Kingdra|47\/100\n|-sidestart|p1: Alexander Bleu|Grass Pledge\n|move|p1b: Galvantula|Sticky Web|p2a: Greninja\n|-sidestart|p2: MasterHand|move: Sticky Web\n|move|p1a: Kingdra|Rain Dance|p1a: Kingdra\n|-weather|RainDance\n|\n|-weather|RainDance|[upkeep]\n|upkeep\n|turn|8\n|\n|t:|1697932176\n|move|p2a: Greninja|Water Pledge|p1b: Galvantula\n|-damage|p1b: Galvantula|30\/100\n|move|p2b: Mew|Encore|p1a: Kingdra\n|-start|p1a: Kingdra|Encore\n|move|p1a: Kingdra|Rain Dance||[still]\n|-fail|p1a: Kingdra\n|move|p1b: Galvantula|Electroweb|p2b: Mew|[spread] p2a,p2b\n|-supereffective|p2a: Greninja\n|-damage|p2a: Greninja|49\/100\n|-damage|p2b: Mew|50\/100\n|-unboost|p2b: Mew|spe|1\n|\n|-weather|RainDance|[upkeep]\n|upkeep\n|turn|9\n|\n|t:|1697932196\n|-terastallize|p1a: Kingdra|Water\n|move|p2a: Greninja|Water Pledge|p1b: Galvantula\n|-damage|p1b: Galvantula|0 fnt\n|faint|p1b: Galvantula\n|move|p2b: Mew|Blizzard|p1a: Kingdra\n|-resisted|p1a: Kingdra\n|-damage|p1a: Kingdra|33\/100\n|move|p1a: Kingdra|Rain Dance||[still]\n|-fail|p1a: Kingdra\n|\n|-weather|RainDance|[upkeep]\n|-sideend|p1: Alexander Bleu|Reflect\n|upkeep\n|\n|t:|1697932207\n|switch|p1b: Cinderace|Cinderace, F|100\/100\n|turn|10\n|\n|t:|1697932223\n|move|p2a: Greninja|Water Pledge|p1b: Cinderace\n|-supereffective|p1b: Cinderace\n|-damage|p1b: Cinderace|0 fnt\n|faint|p1b: Cinderace\n|move|p2b: Mew|Tailwind|p2b: Mew\n|-sidestart|p2: MasterHand|move: Tailwind\n|move|p1a: Kingdra|Rain Dance||[still]\n|-fail|p1a: Kingdra\n|\n|-weather|RainDance|[upkeep]\n|-end|p1a: Kingdra|Encore\n|-sideend|p1: Alexander Bleu|move: Light Screen\n|-sideend|p1: Alexander Bleu|Grass Pledge\n|upkeep\n|\n|t:|1697932234\n|switch|p1b: Spectrier|Spectrier|100\/100\n|turn|11\n|\n|t:|1697932253\n|move|p2a: Greninja|Water Pledge|p1a: Kingdra\n|-waiting|p2a: Greninja|p2b: Mew\n|move|p2b: Mew|Grass Pledge|p1a: Kingdra|[from]move: Water Pledge\n|-combine\n|-supereffective|p1a: Kingdra\n|-damage|p1a: Kingdra|0 fnt\n|-sidestart|p1: Alexander Bleu|Grass Pledge\n|faint|p1a: Kingdra\n|move|p1b: Spectrier|Shadow Ball|p2b: Mew\n|-supereffective|p2b: Mew\n|-damage|p2b: Mew|0 fnt\n|faint|p2b: Mew\n|-ability|p1b: Spectrier|Grim Neigh|boost\n|-boost|p1b: Spectrier|spa|1\n|\n|-weather|none\n|upkeep\n|\n|t:|1697932268\n|switch|p2b: Parasect|Parasect, M|100\/100\n|-activate|p2b: Parasect|move: Sticky Web\n|-unboost|p2b: Parasect|spe|1\n|turn|12\n|\n|t:|1697932286\n|move|p2a: Greninja|Water Pledge|p1b: Spectrier\n|-damage|p1b: Spectrier|78\/100\n|move|p2b: Parasect|Leech Seed|p1b: Spectrier\n|-start|p1b: Spectrier|move: Leech Seed\n|move|p1b: Spectrier|Dark Pulse|p2b: Parasect\n|-damage|p2b: Parasect|57\/100\n|-enditem|p2b: Parasect|Eject Button\n|\n|t:|1697932298\n|switch|p2b: Iron Hands|Iron Hands|100\/100\n|-activate|p2b: Iron Hands|move: Sticky Web\n|-unboost|p2b: Iron Hands|spe|1\n|-enditem|p2b: Iron Hands|Booster Energy\n|-activate|p2b: Iron Hands|ability: Quark Drive|[fromitem]\n|-start|p2b: Iron Hands|quarkdriveatk\n|\n|-damage|p1b: Spectrier|66\/100|[from] Leech Seed|[of] p2b: Iron Hands\n|upkeep\n|turn|13\n|\n|t:|1697932325\n|move|p2a: Greninja|Water Pledge|p1b: Spectrier\n|-damage|p1b: Spectrier|40\/100\n|move|p2b: Iron Hands|Thunder Punch|p1b: Spectrier\n|-damage|p1b: Spectrier|0 fnt\n|faint|p1b: Spectrier\n|\n|win|MasterHand\n|raw|Alexander Bleu's rating: 1000 &rarr; <strong>1000<\/strong><br \/>(+0 for losing)\n|raw|MasterHand's rating: 1000 &rarr; <strong>1040<\/strong><br \/>(+40 for winning)\n|l|\u2606Alexander Bleu\n","uploadtime":1697932337,"views":6,"p1id":"alexanderbleu","p2id":"masterhand","formatid":"gen9nationaldexdoubles","rating":1000,"private":0,"password":""}