{"id":"gen9nationaldexdoubles-1994476304","p1":"PanduxD","p2":"Roy Kasoy","format":"[Gen 9] National Dex Doubles","log":"|j|\u2606PanduxD\n|j|\u2606Roy Kasoy\n|t:|1700448344\n|gametype|doubles\n|player|p1|PanduxD|170|\n|player|p2|Roy Kasoy|hilbert|\n|teamsize|p1|6\n|teamsize|p2|6\n|gen|9\n|tier|[Gen 9] National Dex Doubles\n|rule|HP Percentage Mod: HP is shown in percentages\n|rule|Endless Battle Clause: Forcing endless battles is banned\n|rule|OHKO Clause: OHKO moves are banned\n|rule|Evasion Moves Clause: Evasion moves are banned\n|rule|Evasion Abilities Clause: Evasion abilities are banned\n|rule|Species Clause: Limit one of each Pok\u00e9mon\n|rule|Gravity Sleep Clause: The combination of sleep-inducing moves with imperfect accuracy and Gravity or Gigantamax Orbeetle are banned\n|clearpoke\n|poke|p1|Sprigatito, F|\n|poke|p1|Bulbasaur, F|\n|poke|p1|Totodile, M|\n|poke|p1|Riolu, M|\n|poke|p1|Scorbunny, F|\n|poke|p1|Larvitar, F|\n|poke|p2|Bulbasaur, F|\n|poke|p2|Litten, F|\n|poke|p2|Squirtle, F|\n|poke|p2|Larvitar, F|\n|poke|p2|Riolu, F|\n|poke|p2|Charmander, F|\n|teampreview\n|\n|t:|1700448374\n|start\n|switch|p1a: Larvitar|Larvitar, F|100\/100\n|switch|p1b: Bulbasaur|Bulbasaur, F|100\/100\n|switch|p2a: Squirtle|Squirtle, F|100\/100\n|switch|p2b: Riolu|Riolu, F, shiny|100\/100\n|turn|1\n|\n|t:|1700448416\n|-terastallize|p1a: Larvitar|Ghost\n|move|p2a: Squirtle|Fake Out|p1b: Bulbasaur\n|-damage|p1b: Bulbasaur|95\/100\n|move|p2b: Riolu|Drain Punch|p1a: Larvitar\n|-immune|p1a: Larvitar\n|cant|p1b: Bulbasaur|flinch\n|move|p1a: Larvitar|Dragon Dance|p1a: Larvitar\n|-boost|p1a: Larvitar|atk|1\n|-boost|p1a: Larvitar|spe|1\n|\n|-status|p1a: Larvitar|brn|[from] item: Flame Orb\n|upkeep\n|turn|2\n|\n|t:|1700448449\n|switch|p2b: Larvitar|Larvitar, F, shiny|100\/100\n|switch|p2a: Litten|Litten, F|100\/100\n|-ability|p2a: Litten|Intimidate|boost\n|-unboost|p1a: Larvitar|atk|1\n|-unboost|p1b: Bulbasaur|atk|1\n|move|p1b: Bulbasaur|Protect|p1b: Bulbasaur\n|-singleturn|p1b: Bulbasaur|Protect\n|move|p1a: Larvitar|Earthquake|p2a: Litten|[spread] p2a,p2b\n|-activate|p1b: Bulbasaur|move: Protect\n|-supereffective|p2a: Litten\n|-supereffective|p2b: Larvitar\n|-damage|p2a: Litten|0 fnt\n|-damage|p2b: Larvitar|0 fnt\n|faint|p2a: Litten\n|faint|p2b: Larvitar\n|\n|-damage|p1a: Larvitar|94\/100 brn|[from] brn\n|upkeep\n|\n|t:|1700448476\n|switch|p2a: Riolu|Riolu, F, shiny|100\/100\n|switch|p2b: Charmander|Charmander, F, shiny|100\/100\n|turn|3\n|\n|t:|1700448500\n|switch|p1b: Totodile|Totodile, M|100\/100\n|-terastallize|p2b: Charmander|Dragon\n|move|p2a: Riolu|Sunny Day|p2a: Riolu\n|-weather|SunnyDay\n|move|p2b: Charmander|Heat Wave|p1b: Totodile|[spread] p1a,p1b\n|-resisted|p1b: Totodile\n|-damage|p1a: Larvitar|15\/100 brn\n|-damage|p1b: Totodile|72\/100\n|-status|p1b: Totodile|brn\n|move|p1a: Larvitar|Dragon Dance|p1a: Larvitar\n|-boost|p1a: Larvitar|atk|1\n|-boost|p1a: Larvitar|spe|1\n|\n|-weather|SunnyDay|[upkeep]\n|-damage|p1a: Larvitar|9\/100 brn|[from] brn\n|-damage|p1b: Totodile|66\/100 brn|[from] brn\n|upkeep\n|turn|4\n|\n|t:|1700448547\n|switch|p2a: Squirtle|Squirtle, F|100\/100\n|switch|p2b: Bulbasaur|Bulbasaur, F, shiny|100\/100\n|move|p1a: Larvitar|Rock Slide|p2a: Squirtle|[spread] p2a,p2b\n|-damage|p2a: Squirtle|69\/100\n|-damage|p2b: Bulbasaur|59\/100\n|move|p1b: Totodile|Ice Punch|p2b: Bulbasaur\n|-supereffective|p2b: Bulbasaur\n|-damage|p2b: Bulbasaur|39\/100\n|\n|-weather|SunnyDay|[upkeep]\n|-damage|p1a: Larvitar|3\/100 brn|[from] brn\n|-damage|p1b: Totodile|60\/100 brn|[from] brn\n|upkeep\n|turn|5\n|\n|t:|1700448576\n|move|p2a: Squirtle|Fake Out|p1a: Larvitar\n|-immune|p1a: Larvitar\n|move|p2b: Bulbasaur|Giga Drain|p1b: Totodile\n|-supereffective|p1b: Totodile\n|-damage|p1b: Totodile|20\/100 brn\n|-heal|p2b: Bulbasaur|61\/100|[from] drain|[of] p1b: Totodile\n|move|p1a: Larvitar|Earthquake|p2a: Squirtle|[spread] p1b,p2a,p2b\n|-damage|p1b: Totodile|0 fnt\n|-damage|p2a: Squirtle|31\/100\n|-damage|p2b: Bulbasaur|11\/100\n|faint|p1b: Totodile\n|\n|-weather|SunnyDay|[upkeep]\n|-damage|p1a: Larvitar|0 fnt|[from] brn\n|faint|p1a: Larvitar\n|upkeep\n|\n|t:|1700448608\n|switch|p1a: Bulbasaur|Bulbasaur, F|95\/100\n|switch|p1b: Riolu|Riolu, M|100\/100\n|turn|6\n|\n|t:|1700448630\n|move|p2b: Bulbasaur|Giga Drain|p1b: Riolu\n|-crit|p1b: Riolu\n|-damage|p1b: Riolu|12\/100\n|-heal|p2b: Bulbasaur|48\/100|[from] drain|[of] p1b: Riolu\n|move|p1b: Riolu|Swords Dance|p1b: Riolu\n|-boost|p1b: Riolu|atk|2\n|move|p1a: Bulbasaur|Sludge Bomb|p2b: Bulbasaur\n|-damage|p2b: Bulbasaur|19\/100\n|move|p2a: Squirtle|Ice Beam|p1a: Bulbasaur\n|-supereffective|p1a: Bulbasaur\n|-damage|p1a: Bulbasaur|67\/100\n|\n|-weather|SunnyDay|[upkeep]\n|upkeep\n|turn|7\n|\n|t:|1700448656\n|move|p2b: Bulbasaur|Giga Drain|p1b: Riolu\n|-damage|p1b: Riolu|0 fnt\n|-heal|p2b: Bulbasaur|24\/100|[from] drain|[of] p1b: Riolu\n|faint|p1b: Riolu\n|move|p1a: Bulbasaur|Sleep Powder|p2a: Squirtle|[miss]\n|-miss|p1a: Bulbasaur|p2a: Squirtle\n|move|p2a: Squirtle|Ice Beam|p1a: Bulbasaur\n|-supereffective|p1a: Bulbasaur\n|-damage|p1a: Bulbasaur|39\/100\n|\n|-weather|none\n|upkeep\n|\n|t:|1700448669\n|switch|p1b: Scorbunny|Scorbunny, F|100\/100\n|turn|8\n|\n|t:|1700448687\n|move|p1b: Scorbunny|U-turn|p2b: Bulbasaur\n|-start|p1b: Scorbunny|typechange|Bug|[from] ability: Libero\n|-damage|p2b: Bulbasaur|0 fnt\n|faint|p2b: Bulbasaur\n|-damage|p1b: Scorbunny|91\/100|[from] item: Life Orb\n|\n|t:|1700448693\n|switch|p1b: Sprigatito|Sprigatito, F|100\/100|[from] U-turn\n|move|p1a: Bulbasaur|Giga Drain|p2a: Squirtle\n|-supereffective|p2a: Squirtle\n|-damage|p2a: Squirtle|0 fnt\n|-heal|p1a: Bulbasaur|56\/100|[from] drain|[of] p2a: Squirtle\n|faint|p2a: Squirtle\n|\n|upkeep\n|\n|t:|1700448703\n|switch|p2b: Riolu|Riolu, F, shiny|100\/100\n|switch|p2a: Charmander|Charmander, F, shiny, tera:Dragon|100\/100\n|turn|9\n|\n|t:|1700448727\n|move|p2b: Riolu|Sunny Day|p2b: Riolu\n|-weather|SunnyDay\n|move|p2a: Charmander|Heat Wave|p1a: Bulbasaur|[spread] \n|-miss|p2a: Charmander|p1a: Bulbasaur\n|-miss|p2a: Charmander|p1b: Sprigatito\n|move|p1b: Sprigatito|Acrobatics|p2b: Riolu\n|-start|p1b: Sprigatito|typechange|Flying|[from] ability: Protean\n|-supereffective|p2b: Riolu\n|-damage|p2b: Riolu|0 fnt\n|faint|p2b: Riolu\n|-damage|p1b: Sprigatito|91\/100|[from] item: Life Orb\n|move|p1a: Bulbasaur|Sleep Powder|p2a: Charmander|[miss]\n|-miss|p1a: Bulbasaur|p2a: Charmander\n|\n|-weather|SunnyDay|[upkeep]\n|upkeep\n|turn|10\n|\n|t:|1700448757\n|move|p1a: Bulbasaur|Protect|p1a: Bulbasaur\n|-singleturn|p1a: Bulbasaur|Protect\n|move|p2a: Charmander|Heat Wave|p1b: Sprigatito|[spread] \n|-activate|p1a: Bulbasaur|move: Protect\n|-miss|p2a: Charmander|p1b: Sprigatito\n|move|p1b: Sprigatito|Acrobatics|p2a: Charmander\n|-damage|p2a: Charmander|30\/100\n|-damage|p1b: Sprigatito|81\/100|[from] item: Life Orb\n|\n|-weather|SunnyDay|[upkeep]\n|upkeep\n|turn|11\n|c|\u2606Roy Kasoy|Oe\n|c|\u2606Roy Kasoy|Que chucha p\n|c|\u2606Roy Kasoy|XD\n|c|\u2606PanduxD|q porcentaje de acierto es\n|\n|t:|1700448784\n|switch|p1a: Scorbunny|Scorbunny, F|91\/100\n|move|p2a: Charmander|Heat Wave|p1b: Sprigatito|[spread] p1b\n|-miss|p2a: Charmander|p1a: Scorbunny\n|-damage|p1b: Sprigatito|0 fnt\n|faint|p1b: Sprigatito\n|\n|-weather|SunnyDay|[upkeep]\n|upkeep\n|\n|t:|1700448791\n|switch|p1b: Bulbasaur|Bulbasaur, F|56\/100\n|turn|12\n|\n|t:|1700448821\n|move|p1b: Bulbasaur|Protect|p1b: Bulbasaur\n|-singleturn|p1b: Bulbasaur|Protect\n|move|p2a: Charmander|Heat Wave|p1b: Bulbasaur|[spread] p1a\n|-activate|p1b: Bulbasaur|move: Protect\n|-resisted|p1a: Scorbunny\n|-damage|p1a: Scorbunny|0 fnt\n|faint|p1a: Scorbunny\n|\n|-weather|SunnyDay|[upkeep]\n|upkeep\n|turn|13\n|c|\u2606PanduxD|wtf xd\n|\n|t:|1700448839\n|move|p2a: Charmander|Heat Wave|p1b: Bulbasaur\n|-supereffective|p1b: Bulbasaur\n|-damage|p1b: Bulbasaur|0 fnt\n|faint|p1b: Bulbasaur\n|\n|win|Roy Kasoy\n|c|\u2606PanduxD|los hax estuvieron raros\n|c|\u2606PanduxD|yo falle 2 o 3 sleep powder\n|c|\u2606PanduxD|y tu 2 o 3 heat wave\n|c|\u2606PanduxD|xdd\n","uploadtime":1700448848,"views":5,"p1id":"panduxd","p2id":"roykasoy","formatid":"gen9nationaldexdoubles","rating":0,"private":0,"password":""}