{"id":"gen9nationaldexdoubles-1990179510","p1":"IsaacDanger7","p2":"LDP333","format":"[Gen 9] National Dex Doubles","log":"|j|\u2606IsaacDanger7\n|j|\u2606LDP333\n|t:|1699933601\n|gametype|doubles\n|player|p1|IsaacDanger7|102|1347\n|player|p2|LDP333|riley|1645\n|teamsize|p1|6\n|teamsize|p2|6\n|gen|9\n|tier|[Gen 9] National Dex Doubles\n|rated|\n|rule|HP Percentage Mod: HP is shown in percentages\n|rule|Endless Battle Clause: Forcing endless battles is banned\n|rule|OHKO Clause: OHKO moves are banned\n|rule|Evasion Moves Clause: Evasion moves are banned\n|rule|Evasion Abilities Clause: Evasion abilities are banned\n|rule|Species Clause: Limit one of each Pok\u00e9mon\n|rule|Gravity Sleep Clause: The combination of sleep-inducing moves with imperfect accuracy and Gravity or Gigantamax Orbeetle are banned\n|clearpoke\n|poke|p1|Farigiraf, F|\n|poke|p1|Volcanion|\n|poke|p1|Ursaluna-Bloodmoon, M|\n|poke|p1|Marowak-Alola, M|\n|poke|p1|Grimmsnarl, M|\n|poke|p1|Cresselia, F|\n|poke|p2|Kommo-o, F|\n|poke|p2|Iron Bundle|\n|poke|p2|Manectric, M|\n|poke|p2|Flutter Mane|\n|poke|p2|Incineroar, F|\n|poke|p2|Rillaboom, F|\n|teampreview\n|inactive|Battle timer is ON: inactive players will automatically lose when time's up. (requested by IsaacDanger7)\n|\n|t:|1699933622\n|start\n|switch|p1a: Farigiraf|Farigiraf, F|100\/100\n|switch|p1b: Grimmsnarl|Grimmsnarl, M, shiny|100\/100\n|switch|p2a: universe first|Incineroar, F|100\/100\n|switch|p2b: Yuanshen|Rillaboom, F|100\/100\n|-fieldstart|move: Grassy Terrain|[from] ability: Grassy Surge|[of] p2b: Yuanshen\n|-ability|p2a: universe first|Intimidate|boost\n|-unboost|p1a: Farigiraf|atk|1\n|-unboost|p1b: Grimmsnarl|atk|1\n|turn|1\n|\n|t:|1699933632\n|move|p1b: Grimmsnarl|Fake Out|p2a: universe first\n|-damage|p2a: universe first|92\/100\n|move|p2b: Yuanshen|Wood Hammer|p1a: Farigiraf\n|-damage|p1a: Farigiraf|0 fnt\n|faint|p1a: Farigiraf\n|-damage|p2b: Yuanshen|64\/100|[from] Recoil\n|cant|p2a: universe first|flinch\n|\n|-heal|p2b: Yuanshen|70\/100|[from] Grassy Terrain\n|-heal|p2a: universe first|98\/100|[from] Grassy Terrain\n|upkeep\n|\n|t:|1699933641\n|switch|p1a: Cresselia|Cresselia, F, shiny|100\/100\n|turn|2\n|\n|t:|1699933650\n|move|p1b: Grimmsnarl|Parting Shot|p2b: Yuanshen\n|-unboost|p2b: Yuanshen|atk|1\n|-unboost|p2b: Yuanshen|spa|1\n|\n|t:|1699933656\n|switch|p1b: Marowak|Marowak-Alola, M|100\/100|[from] Parting Shot\n|move|p2b: Yuanshen|Wood Hammer|p1a: Cresselia\n|-damage|p1a: Cresselia|49\/100\n|-damage|p2b: Yuanshen|51\/100|[from] Recoil\n|move|p2a: universe first|Knock Off|p1a: Cresselia\n|-supereffective|p1a: Cresselia\n|-damage|p1a: Cresselia|0 fnt\n|-enditem|p1a: Cresselia|Leftovers|[from] move: Knock Off|[of] p2a: universe first\n|faint|p1a: Cresselia\n|\n|-heal|p2b: Yuanshen|58\/100|[from] Grassy Terrain\n|-heal|p2a: universe first|100\/100|[from] Grassy Terrain\n|upkeep\n|\n|t:|1699933669\n|switch|p1a: Ursaluna|Ursaluna-Bloodmoon, M|100\/100\n|turn|3\n|\n|t:|1699933687\n|-terastallize|p1b: Marowak|Dragon\n|move|p2b: Yuanshen|Protect|p2b: Yuanshen\n|-singleturn|p2b: Yuanshen|Protect\n|move|p2a: universe first|Knock Off|p1b: Marowak\n|-damage|p1b: Marowak|64\/100\n|-enditem|p1b: Marowak|Thick Club|[from] move: Knock Off|[of] p2a: universe first\n|move|p1a: Ursaluna|Blood Moon|p2b: Yuanshen\n|-activate|p2b: Yuanshen|move: Protect\n|move|p1b: Marowak|Brutal Swing|p2a: universe first|[spread] p1a,p2a\n|-activate|p2b: Yuanshen|move: Protect\n|-resisted|p2a: universe first\n|-damage|p1a: Ursaluna|92\/100\n|-damage|p2a: universe first|95\/100\n|\n|-heal|p2b: Yuanshen|64\/100|[from] Grassy Terrain\n|-heal|p2a: universe first|100\/100|[from] Grassy Terrain\n|-heal|p1a: Ursaluna|98\/100|[from] Grassy Terrain\n|-heal|p1b: Marowak|70\/100|[from] Grassy Terrain\n|upkeep\n|turn|4\n|l|\u2606IsaacDanger7\n|inactive|IsaacDanger7 disconnected and has a minute to reconnect!\n|player|p1|\n|\n|t:|1699933707\n|move|p2b: Yuanshen|Wood Hammer|p1a: Ursaluna\n|-supereffective|p1a: Ursaluna\n|-damage|p1a: Ursaluna|0 fnt\n|faint|p1a: Ursaluna\n|-damage|p2b: Yuanshen|30\/100|[from] Recoil\n|move|p2a: universe first|Knock Off|p1b: Marowak\n|-damage|p1b: Marowak|45\/100\n|move|p1b: Marowak|Bonemerang|p2a: universe first\n|-supereffective|p2a: universe first\n|-damage|p2a: universe first|74\/100\n|-supereffective|p2a: universe first\n|-crit|p2a: universe first\n|-damage|p2a: universe first|38\/100\n|-enditem|p2a: universe first|Sitrus Berry|[eat]\n|-heal|p2a: universe first|63\/100|[from] item: Sitrus Berry\n|-hitcount|p2a: universe first|2\n|\n|-heal|p2b: Yuanshen|36\/100|[from] Grassy Terrain\n|-heal|p2a: universe first|69\/100|[from] Grassy Terrain\n|-heal|p1b: Marowak|51\/100|[from] Grassy Terrain\n|upkeep\n|j|\u2606IsaacDanger7\n|inactive|IsaacDanger7 reconnected and has 145 seconds left.\n|player|p1|IsaacDanger7|102\n|\n|t:|1699933726\n|switch|p1a: Volcanion|Volcanion|100\/100\n|turn|5\n|\n|t:|1699933734\n|switch|p2b: EleDog|Manectric, M|100\/100\n|move|p1a: Volcanion|Heat Wave|p2b: EleDog|[spread] p2a,p2b\n|-resisted|p2a: universe first\n|-damage|p2a: universe first|50\/100\n|-damage|p2b: EleDog|14\/100\n|move|p2a: universe first|Knock Off|p1a: Volcanion\n|-damage|p1a: Volcanion|72\/100\n|-enditem|p1a: Volcanion|Flame Plate|[from] move: Knock Off|[of] p2a: universe first\n|move|p1b: Marowak|Bonemerang|p2a: universe first\n|-supereffective|p2a: universe first\n|-damage|p2a: universe first|24\/100\n|-supereffective|p2a: universe first\n|-damage|p2a: universe first|0 fnt\n|faint|p2a: universe first\n|-hitcount|p2: universe first|2\n|\n|-heal|p2b: EleDog|20\/100|[from] Grassy Terrain\n|-heal|p1a: Volcanion|78\/100|[from] Grassy Terrain\n|-heal|p1b: Marowak|57\/100|[from] Grassy Terrain\n|-fieldend|move: Grassy Terrain\n|upkeep\n|\n|t:|1699933748\n|switch|p2a: Komm-susser-Tod|Kommo-o, F, shiny|100\/100\n|turn|6\n|l|\u2606IsaacDanger7\n|inactive|IsaacDanger7 disconnected and has a minute to reconnect!\n|player|p1|\n|j|\u2606IsaacDanger7\n|inactive|IsaacDanger7 reconnected and has 125 seconds left.\n|player|p1|IsaacDanger7|102\n|inactive|IsaacDanger7 has 120 seconds left.\n|\n|t:|1699933793\n|detailschange|p2b: EleDog|Manectric-Mega, M\n|-mega|p2b: EleDog|Manectric|Manectite\n|-ability|p2b: EleDog|Intimidate|boost\n|-unboost|p1a: Volcanion|atk|1\n|-unboost|p1b: Marowak|atk|1\n|move|p2b: EleDog|Volt Switch|p1a: Volcanion\n|-supereffective|p1a: Volcanion\n|-damage|p1a: Volcanion|0 fnt\n|faint|p1a: Volcanion\n|\n|t:|1699933802\n|switch|p2b: Flutter Mane|Flutter Mane|100\/100|[from] Volt Switch\n|-zpower|p2a: Komm-susser-Tod\n|move|p2a: Komm-susser-Tod|Clangorous Soulblaze|p1b: Marowak|[zeffect]\n|-supereffective|p1b: Marowak\n|-damage|p1b: Marowak|0 fnt\n|faint|p1b: Marowak\n|-boost|p2a: Komm-susser-Tod|atk|1\n|-boost|p2a: Komm-susser-Tod|def|1\n|-boost|p2a: Komm-susser-Tod|spa|1\n|-boost|p2a: Komm-susser-Tod|spd|1\n|-boost|p2a: Komm-susser-Tod|spe|1\n|\n|upkeep\n|\n|t:|1699933807\n|switch|p1b: Grimmsnarl|Grimmsnarl, M, shiny|100\/100\n|turn|7\n|\n|t:|1699933815\n|move|p1b: Grimmsnarl|Sucker Punch|p2b: Flutter Mane\n|-damage|p2b: Flutter Mane|48\/100\n|move|p2a: Komm-susser-Tod|Aura Sphere|p1b: Grimmsnarl\n|-damage|p1b: Grimmsnarl|43\/100\n|move|p2b: Flutter Mane|Moonblast|p1b: Grimmsnarl\n|-supereffective|p1b: Grimmsnarl\n|-damage|p1b: Grimmsnarl|0 fnt\n|faint|p1b: Grimmsnarl\n|\n|win|LDP333\n|raw|IsaacDanger7's rating: 1347 &rarr; <strong>1341<\/strong><br \/>(-6 for losing)\n|raw|LDP333's rating: 1645 &rarr; <strong>1651<\/strong><br \/>(+6 for winning)\n|l|\u2606IsaacDanger7\n","uploadtime":1699933829,"views":6,"p1id":"isaacdanger7","p2id":"ldp333","formatid":"gen9nationaldexdoubles","rating":1341,"private":0,"password":""}