{"id":"gen9nationaldexdoubles-1964708154","p1":"Natezero58","p2":"yasmachine","format":"[Gen 9] National Dex Doubles","log":"|j|\u2606Natezero58\n|j|\u2606yasmachine\n|t:|1696996483\n|gametype|doubles\n|player|p1|Natezero58|2|1210\n|player|p2|yasmachine|caitlin|1173\n|teamsize|p1|6\n|teamsize|p2|6\n|gen|9\n|tier|[Gen 9] National Dex Doubles\n|rated|\n|rule|HP Percentage Mod: HP is shown in percentages\n|rule|Endless Battle Clause: Forcing endless battles is banned\n|rule|OHKO Clause: OHKO moves are banned\n|rule|Evasion Moves Clause: Evasion moves are banned\n|rule|Evasion Abilities Clause: Evasion abilities are banned\n|rule|Species Clause: Limit one of each Pok\u00e9mon\n|rule|Gravity Sleep Clause: The combination of sleep-inducing moves with imperfect accuracy and Gravity or Gigantamax Orbeetle are banned\n|clearpoke\n|poke|p1|Morpeko, F|\n|poke|p1|Toxapex, F|\n|poke|p1|Fezandipiti, M|\n|poke|p1|Umbreon, F|\n|poke|p1|Arboliva, F|\n|poke|p1|Whimsicott, M|\n|poke|p2|Venusaur, M|\n|poke|p2|Torkoal, F|\n|poke|p2|Whimsicott, M|\n|poke|p2|Walking Wake|\n|poke|p2|Hitmontop, M|\n|poke|p2|Chi-Yu|\n|teampreview\n|inactive|Battle timer is ON: inactive players will automatically lose when time's up. (requested by yasmachine)\n|\n|t:|1696996498\n|start\n|switch|p1a: Fezandipiti|Fezandipiti, M|100\/100\n|switch|p1b: Whimsicott|Whimsicott, M|100\/100\n|switch|p2a: Hitmontop|Hitmontop, M|100\/100\n|switch|p2b: Chi-Yu|Chi-Yu|100\/100\n|-ability|p2b: Chi-Yu|Beads of Ruin\n|-ability|p2a: Hitmontop|Intimidate|boost\n|-unboost|p1a: Fezandipiti|atk|1\n|-unboost|p1b: Whimsicott|atk|1\n|turn|1\n|\n|t:|1696996511\n|move|p2a: Hitmontop|Fake Out|p1b: Whimsicott\n|-damage|p1b: Whimsicott|92\/100\n|cant|p1b: Whimsicott|flinch\n|move|p2b: Chi-Yu|Heat Wave|p1a: Fezandipiti|[spread] p1b\n|-miss|p2b: Chi-Yu|p1a: Fezandipiti\n|-supereffective|p1b: Whimsicott\n|-damage|p1b: Whimsicott|0 fnt\n|faint|p1b: Whimsicott\n|move|p1a: Fezandipiti|Tailwind|p1a: Fezandipiti\n|-sidestart|p1: Natezero58|move: Tailwind\n|\n|upkeep\n|\n|t:|1696996524\n|switch|p1b: Toxapex|Toxapex, F|100\/100\n|turn|2\n|\n|t:|1696996532\n|switch|p2b: Torkoal|Torkoal, F|100\/100\n|-weather|SunnyDay|[from] ability: Drought|[of] p2b: Torkoal\n|switch|p2a: Venusaur|Venusaur, M|100\/100\n|move|p1a: Fezandipiti|Heat Wave|p2b: Torkoal|[spread] p2a,p2b\n|-supereffective|p2a: Venusaur\n|-resisted|p2b: Torkoal\n|-damage|p2a: Venusaur|57\/100\n|-damage|p2b: Torkoal|88\/100\n|move|p1b: Toxapex|Toxic|p2b: Torkoal\n|-status|p2b: Torkoal|tox\n|\n|-weather|SunnyDay|[upkeep]\n|-damage|p2b: Torkoal|82\/100 tox|[from] psn\n|upkeep\n|turn|3\n|\n|t:|1696996552\n|-terastallize|p2a: Venusaur|Fire\n|move|p2a: Venusaur|Weather Ball|p1a: Fezandipiti\n|-damage|p1a: Fezandipiti|37\/100\n|-damage|p2a: Venusaur|47\/100|[from] item: Life Orb\n|move|p1a: Fezandipiti|Heat Wave|p2a: Venusaur|[spread] p2a\n|-miss|p1a: Fezandipiti|p2b: Torkoal\n|-resisted|p2a: Venusaur\n|-damage|p2a: Venusaur|37\/100\n|-status|p2a: Venusaur|tox|[from] ability: Toxic Chain|[of] p1a: Fezandipiti\n|move|p1b: Toxapex|Toxic Spikes|p2a: Venusaur\n|-sidestart|p2: yasmachine|move: Toxic Spikes\n|move|p2b: Torkoal|Earth Power|p1a: Fezandipiti\n|-supereffective|p1a: Fezandipiti\n|-damage|p1a: Fezandipiti|0 fnt\n|faint|p1a: Fezandipiti\n|\n|-weather|SunnyDay|[upkeep]\n|-damage|p2a: Venusaur|31\/100 tox|[from] psn\n|-damage|p2b: Torkoal|70\/100 tox|[from] psn\n|upkeep\n|\n|t:|1696996569\n|switch|p1a: Morpeko|Morpeko, F|100\/100\n|turn|4\n|\n|t:|1696996580\n|move|p1a: Morpeko|Fake Out|p2a: Venusaur\n|-damage|p2a: Venusaur|16\/100 tox\n|cant|p2a: Venusaur|flinch\n|move|p1b: Toxapex|Toxic Spikes|p2a: Venusaur\n|-sidestart|p2: yasmachine|move: Toxic Spikes\n|move|p2b: Torkoal|Earth Power|p1b: Toxapex\n|-supereffective|p1b: Toxapex\n|-damage|p1b: Toxapex|58\/100\n|\n|-weather|SunnyDay|[upkeep]\n|-heal|p1b: Toxapex|64\/100|[from] item: Black Sludge\n|-damage|p2a: Venusaur|4\/100 tox|[from] psn\n|-damage|p2b: Torkoal|51\/100 tox|[from] psn\n|-sideend|p1: Natezero58|move: Tailwind\n|-formechange|p1a: Morpeko|Morpeko-Hangry||[from] ability: Hunger Switch\n|upkeep\n|turn|5\n|\n|t:|1696996592\n|move|p2a: Venusaur|Giga Drain|p1a: Morpeko\n|-damage|p1a: Morpeko|9\/100\n|-heal|p2a: Venusaur|43\/100 tox|[from] drain|[of] p1a: Morpeko\n|-damage|p2a: Venusaur|33\/100 tox|[from] item: Life Orb\n|move|p1a: Morpeko|Aura Wheel|p2b: Torkoal\n|-damage|p2b: Torkoal|16\/100 tox\n|-boost|p1a: Morpeko|spe|1\n|move|p1b: Toxapex|Recover|p1b: Toxapex\n|-heal|p1b: Toxapex|100\/100\n|move|p2b: Torkoal|Earth Power|p1b: Toxapex\n|-supereffective|p1b: Toxapex\n|-damage|p1b: Toxapex|57\/100\n|\n|-weather|SunnyDay|[upkeep]\n|-heal|p1b: Toxapex|63\/100|[from] item: Black Sludge\n|-damage|p2a: Venusaur|15\/100 tox|[from] psn\n|-damage|p2b: Torkoal|0 fnt|[from] psn\n|faint|p2b: Torkoal\n|-formechange|p1a: Morpeko|Morpeko||[from] ability: Hunger Switch\n|upkeep\n|\n|t:|1696996599\n|switch|p2b: Hitmontop|Hitmontop, M|100\/100\n|-status|p2b: Hitmontop|tox\n|-ability|p2b: Hitmontop|Intimidate|boost\n|-unboost|p1a: Morpeko|atk|1\n|-unboost|p1b: Toxapex|atk|1\n|turn|6\n|\n|t:|1696996618\n|move|p2b: Hitmontop|Fake Out|p1a: Morpeko\n|-damage|p1a: Morpeko|0 fnt\n|faint|p1a: Morpeko\n|move|p2a: Venusaur|Giga Drain|p1b: Toxapex\n|-damage|p1b: Toxapex|27\/100\n|-heal|p2a: Venusaur|33\/100 tox|[from] drain|[of] p1b: Toxapex\n|-damage|p2a: Venusaur|23\/100 tox|[from] item: Life Orb\n|move|p1b: Toxapex|Recover|p1b: Toxapex\n|-heal|p1b: Toxapex|77\/100\n|\n|-weather|none\n|-heal|p1b: Toxapex|84\/100|[from] item: Black Sludge\n|-damage|p2a: Venusaur|0 fnt|[from] psn\n|faint|p2a: Venusaur\n|-damage|p2b: Hitmontop|94\/100 tox|[from] psn\n|upkeep\n|\n|t:|1696996629\n|switch|p1a: Arboliva|Arboliva, F|100\/100\n|switch|p2a: Whimsicott|Whimsicott, M|100\/100\n|-status|p2a: Whimsicott|tox\n|turn|7\n|\n|t:|1696996637\n|move|p2a: Whimsicott|Encore|p1b: Toxapex\n|-start|p1b: Toxapex|Encore\n|move|p2b: Hitmontop|Close Combat|p1a: Arboliva\n|-supereffective|p1a: Arboliva\n|-damage|p1a: Arboliva|47\/100\n|-unboost|p2b: Hitmontop|def|1\n|-unboost|p2b: Hitmontop|spd|1\n|-fieldstart|move: Grassy Terrain|[from] ability: Seed Sower|[of] p1a: Arboliva\n|move|p1a: Arboliva|Leech Seed|p2b: Hitmontop\n|-start|p2b: Hitmontop|move: Leech Seed\n|move|p1b: Toxapex|Recover|p1b: Toxapex\n|-heal|p1b: Toxapex|100\/100\n|\n|-heal|p2b: Hitmontop|100\/100 tox|[from] Grassy Terrain\n|-heal|p1a: Arboliva|53\/100|[from] Grassy Terrain\n|-heal|p1a: Arboliva|59\/100|[from] item: Leftovers\n|-damage|p2b: Hitmontop|88\/100 tox|[from] Leech Seed|[of] p1a: Arboliva\n|-heal|p1a: Arboliva|69\/100|[silent]\n|-damage|p2a: Whimsicott|94\/100 tox|[from] psn\n|-damage|p2b: Hitmontop|75\/100 tox|[from] psn\n|upkeep\n|turn|8\n|inactive|Natezero58 has 120 seconds left.\n|\n|t:|1696996682\n|switch|p2b: Chi-Yu|Chi-Yu|100\/100\n|-status|p2b: Chi-Yu|tox\n|-ability|p2b: Chi-Yu|Beads of Ruin\n|move|p1a: Arboliva|Protect|p1a: Arboliva\n|-singleturn|p1a: Arboliva|Protect\n|move|p2a: Whimsicott|Encore|p1a: Arboliva\n|-activate|p1a: Arboliva|move: Protect\n|move|p1b: Toxapex|Recover||[still]\n|-fail|p1b: Toxapex|heal\n|\n|-heal|p2a: Whimsicott|100\/100 tox|[from] Grassy Terrain\n|-heal|p1a: Arboliva|75\/100|[from] Grassy Terrain\n|-heal|p1a: Arboliva|82\/100|[from] item: Leftovers\n|-damage|p2b: Chi-Yu|95\/100 tox|[from] psn\n|-damage|p2a: Whimsicott|88\/100 tox|[from] psn\n|upkeep\n|turn|9\n|\n|t:|1696996695\n|switch|p1a: Umbreon|Umbreon, F|100\/100\n|move|p2a: Whimsicott|Encore|p1a: Umbreon\n|-hint|Since gen 7, Dark is immune to Prankster moves.\n|-immune|p1a: Umbreon\n|move|p2b: Chi-Yu|Psychic|p1b: Toxapex\n|-supereffective|p1b: Toxapex\n|-damage|p1b: Toxapex|0 fnt\n|faint|p1b: Toxapex\n|\n|-heal|p2b: Chi-Yu|100\/100 tox|[from] Grassy Terrain\n|-heal|p2a: Whimsicott|94\/100 tox|[from] Grassy Terrain\n|-damage|p2b: Chi-Yu|89\/100 tox|[from] psn\n|-damage|p2a: Whimsicott|76\/100 tox|[from] psn\n|upkeep\n|\n|t:|1696996704\n|switch|p1b: Arboliva|Arboliva, F|82\/100\n|turn|10\n|\n|t:|1696996714\n|switch|p2b: Hitmontop|Hitmontop, M|75\/100 tox\n|-ability|p2b: Hitmontop|Intimidate|boost\n|-unboost|p1a: Umbreon|atk|1\n|-unboost|p1b: Arboliva|atk|1\n|move|p2a: Whimsicott|Sunny Day|p2a: Whimsicott\n|-weather|SunnyDay\n|move|p1a: Umbreon|Foul Play|p2b: Hitmontop\n|-resisted|p2b: Hitmontop\n|-damage|p2b: Hitmontop|61\/100 tox\n|move|p1b: Arboliva|Earth Power|p2b: Hitmontop\n|-damage|p2b: Hitmontop|41\/100 tox\n|-unboost|p2b: Hitmontop|spd|1\n|-enditem|p2b: Hitmontop|Sitrus Berry|[eat]\n|-heal|p2b: Hitmontop|66\/100 tox|[from] item: Sitrus Berry\n|\n|-weather|SunnyDay|[upkeep]\n|-heal|p2a: Whimsicott|82\/100 tox|[from] Grassy Terrain\n|-heal|p2b: Hitmontop|72\/100 tox|[from] Grassy Terrain\n|-heal|p1b: Arboliva|88\/100|[from] Grassy Terrain\n|-heal|p1b: Arboliva|94\/100|[from] item: Leftovers\n|-damage|p2a: Whimsicott|57\/100 tox|[from] psn\n|-damage|p2b: Hitmontop|66\/100 tox|[from] psn\n|upkeep\n|turn|11\n|\n|t:|1696996740\n|move|p2a: Whimsicott|Fake Tears|p1b: Arboliva\n|-unboost|p1b: Arboliva|spd|2\n|move|p2b: Hitmontop|Close Combat|p1a: Umbreon\n|-supereffective|p1a: Umbreon\n|-damage|p1a: Umbreon|52\/100\n|-unboost|p2b: Hitmontop|def|1\n|-unboost|p2b: Hitmontop|spd|1\n|move|p1a: Umbreon|Foul Play|p2a: Whimsicott\n|-resisted|p2a: Whimsicott\n|-damage|p2a: Whimsicott|50\/100 tox\n|move|p1b: Arboliva|Energy Ball|p2a: Whimsicott\n|-resisted|p2a: Whimsicott\n|-damage|p2a: Whimsicott|17\/100 tox\n|\n|-weather|SunnyDay|[upkeep]\n|-heal|p2a: Whimsicott|23\/100 tox|[from] Grassy Terrain\n|-heal|p2b: Hitmontop|72\/100 tox|[from] Grassy Terrain\n|-heal|p1a: Umbreon|58\/100|[from] Grassy Terrain\n|-heal|p1a: Umbreon|64\/100|[from] item: Leftovers\n|-heal|p1b: Arboliva|99\/100|[from] Grassy Terrain\n|-heal|p1b: Arboliva|100\/100|[from] item: Leftovers\n|-damage|p2a: Whimsicott|0 fnt|[from] psn\n|faint|p2a: Whimsicott\n|-damage|p2b: Hitmontop|60\/100 tox|[from] psn\n|-fieldend|move: Grassy Terrain\n|upkeep\n|\n|t:|1696996748\n|switch|p2a: Chi-Yu|Chi-Yu|89\/100 tox\n|-ability|p2a: Chi-Yu|Beads of Ruin\n|turn|12\n|\n|t:|1696996771\n|move|p2a: Chi-Yu|Heat Wave|p1a: Umbreon|[spread] p1a\n|-miss|p2a: Chi-Yu|p1b: Arboliva\n|-damage|p1a: Umbreon|0 fnt\n|faint|p1a: Umbreon\n|move|p2b: Hitmontop|Close Combat|p1b: Arboliva\n|-supereffective|p1b: Arboliva\n|-damage|p1b: Arboliva|40\/100\n|-unboost|p2b: Hitmontop|def|1\n|-unboost|p2b: Hitmontop|spd|1\n|-fieldstart|move: Grassy Terrain|[from] ability: Seed Sower|[of] p1b: Arboliva\n|move|p1b: Arboliva|Leech Seed|p2a: Chi-Yu\n|-start|p2a: Chi-Yu|move: Leech Seed\n|\n|-weather|SunnyDay|[upkeep]\n|-heal|p2a: Chi-Yu|95\/100 tox|[from] Grassy Terrain\n|-heal|p2b: Hitmontop|66\/100 tox|[from] Grassy Terrain\n|-heal|p1b: Arboliva|47\/100|[from] Grassy Terrain\n|-heal|p1b: Arboliva|53\/100|[from] item: Leftovers\n|-damage|p2a: Chi-Yu|82\/100 tox|[from] Leech Seed|[of] p1b: Arboliva\n|-heal|p1b: Arboliva|61\/100|[silent]\n|-damage|p2a: Chi-Yu|76\/100 tox|[from] psn\n|-damage|p2b: Hitmontop|47\/100 tox|[from] psn\n|upkeep\n|turn|13\n|\n|t:|1696996796\n|switch|p2a: Walking Wake|Walking Wake|100\/100\n|-status|p2a: Walking Wake|tox\n|-activate|p2a: Walking Wake|ability: Protosynthesis\n|-start|p2a: Walking Wake|protosynthesisspa\n|move|p1b: Arboliva|Protect|p1b: Arboliva\n|-singleturn|p1b: Arboliva|Protect\n|move|p2b: Hitmontop|Close Combat|p1b: Arboliva\n|-activate|p1b: Arboliva|move: Protect\n|\n|-weather|SunnyDay|[upkeep]\n|-heal|p2b: Hitmontop|53\/100 tox|[from] Grassy Terrain\n|-heal|p1b: Arboliva|67\/100|[from] Grassy Terrain\n|-heal|p1b: Arboliva|74\/100|[from] item: Leftovers\n|-damage|p2a: Walking Wake|94\/100 tox|[from] psn\n|-damage|p2b: Hitmontop|28\/100 tox|[from] psn\n|upkeep\n|turn|14\n|\n|t:|1696996811\n|-terastallize|p1b: Arboliva|Grass\n|move|p2a: Walking Wake|Weather Ball|p1b: Arboliva\n|-supereffective|p1b: Arboliva\n|-damage|p1b: Arboliva|0 fnt\n|faint|p1b: Arboliva\n|\n|win|yasmachine\n|raw|Natezero58's rating: 1210 &rarr; <strong>1182<\/strong><br \/>(-28 for losing)\n|raw|yasmachine's rating: 1173 &rarr; <strong>1201<\/strong><br \/>(+28 for winning)\n|l|\u2606Natezero58\n","uploadtime":1696996819,"views":16,"p1id":"natezero58","p2id":"yasmachine","formatid":"gen9nationaldexdoubles","rating":1182,"private":0,"password":""}