{"id":"gen9nationaldexdoubles-1987882683","p1":"thatsrealnito2","p2":"Ubitroll","format":"[Gen 9] National Dex Doubles","log":"|j|\u2606thatsrealnito2\n|j|\u2606Ubitroll\n|t:|1699645601\n|gametype|doubles\n|player|p1|thatsrealnito2|iris-gen5bw2|\n|player|p2|Ubitroll|101|\n|teamsize|p1|6\n|teamsize|p2|6\n|gen|9\n|tier|[Gen 9] National Dex Doubles\n|rule|HP Percentage Mod: HP is shown in percentages\n|rule|Endless Battle Clause: Forcing endless battles is banned\n|rule|OHKO Clause: OHKO moves are banned\n|rule|Evasion Moves Clause: Evasion moves are banned\n|rule|Evasion Abilities Clause: Evasion abilities are banned\n|rule|Species Clause: Limit one of each Pok\u00e9mon\n|rule|Gravity Sleep Clause: The combination of sleep-inducing moves with imperfect accuracy and Gravity or Gigantamax Orbeetle are banned\n|clearpoke\n|poke|p1|Dracozolt|\n|poke|p1|Flygon, M|\n|poke|p1|Appletun, F|\n|poke|p1|Goodra, F|\n|poke|p1|Noivern, M|\n|poke|p1|Turtonator, M|\n|poke|p2|Azumarill, F|\n|poke|p2|Iron Valiant|\n|poke|p2|Tinkaton, F|\n|poke|p2|Sylveon, F|\n|poke|p2|Gardevoir, F|\n|poke|p2|Dachsbun, F|\n|teampreview\n|\n|t:|1699645625\n|start\n|switch|p1a: Turtle|Turtonator, M|100\/100\n|switch|p1b: a good boi|Appletun, F|100\/100\n|switch|p2a: Tinkaton|Tinkaton, F, shiny|100\/100\n|switch|p2b: Iron Valiant|Iron Valiant|100\/100\n|-ability|p2a: Tinkaton|Mold Breaker\n|-enditem|p2b: Iron Valiant|Booster Energy\n|-activate|p2b: Iron Valiant|ability: Quark Drive|[fromitem]\n|-start|p2b: Iron Valiant|quarkdrivespe\n|turn|1\n|\n|t:|1699645668\n|-terastallize|p2a: Tinkaton|Water\n|move|p2b: Iron Valiant|Swords Dance|p2b: Iron Valiant\n|-boost|p2b: Iron Valiant|atk|2\n|move|p2a: Tinkaton|Gigaton Hammer|p1b: a good boi\n|-damage|p1b: a good boi|56\/100\n|move|p1a: Turtle|Flash Cannon|p2b: Iron Valiant\n|-supereffective|p2b: Iron Valiant\n|-crit|p2b: Iron Valiant\n|-damage|p2b: Iron Valiant|0 fnt\n|faint|p2b: Iron Valiant\n|-end|p2b: Iron Valiant|Quark Drive|[silent]\n|move|p1b: a good boi|Leech Seed|p2a: Tinkaton\n|-start|p2a: Tinkaton|move: Leech Seed\n|\n|-heal|p1b: a good boi|62\/100|[from] item: Leftovers\n|-damage|p2a: Tinkaton|88\/100|[from] Leech Seed|[of] p1b: a good boi\n|-heal|p1b: a good boi|73\/100|[silent]\n|upkeep\n|\n|t:|1699645698\n|switch|p2b: Sylveon|Sylveon, F, shiny|100\/100\n|turn|2\n|\n|t:|1699645717\n|-terastallize|p1b: a good boi|Steel\n|move|p2a: Tinkaton|Stealth Rock|p1b: a good boi\n|-sidestart|p1: thatsrealnito2|move: Stealth Rock\n|move|p1a: Turtle|Flash Cannon|p2b: Sylveon\n|-supereffective|p2b: Sylveon\n|-damage|p2b: Sylveon|70\/100\n|move|p2b: Sylveon|Hyper Voice|p1a: Turtle|[spread] p1a,p1b\n|-resisted|p1b: a good boi\n|-damage|p1a: Turtle|58\/100\n|-damage|p1b: a good boi|64\/100\n|move|p1b: a good boi|Apple Acid|p2a: Tinkaton\n|-supereffective|p2a: Tinkaton\n|-damage|p2a: Tinkaton|42\/100\n|-unboost|p2a: Tinkaton|spd|1\n|\n|-heal|p2a: Tinkaton|48\/100|[from] item: Leftovers\n|-heal|p2b: Sylveon|76\/100|[from] item: Leftovers\n|-heal|p1b: a good boi|70\/100|[from] item: Leftovers\n|-damage|p2a: Tinkaton|35\/100|[from] Leech Seed|[of] p1b: a good boi\n|-heal|p1b: a good boi|81\/100|[silent]\n|upkeep\n|turn|3\n|\n|t:|1699645745\n|move|p2a: Tinkaton|Gigaton Hammer|p1b: a good boi\n|-resisted|p1b: a good boi\n|-damage|p1b: a good boi|61\/100\n|move|p1a: Turtle|Flash Cannon|p2b: Sylveon\n|-supereffective|p2b: Sylveon\n|-damage|p2b: Sylveon|45\/100\n|move|p2b: Sylveon|Wish|p2b: Sylveon\n|move|p1b: a good boi|Apple Acid|p2a: Tinkaton\n|-supereffective|p2a: Tinkaton\n|-damage|p2a: Tinkaton|0 fnt\n|faint|p2a: Tinkaton\n|\n|-heal|p2b: Sylveon|51\/100|[from] item: Leftovers\n|-heal|p1b: a good boi|67\/100|[from] item: Leftovers\n|upkeep\n|\n|t:|1699645763\n|switch|p2a: Gardevoir|Gardevoir, F, shiny|100\/100\n|-ability|p2a: Gardevoir|Thick Fat|[from] ability: Trace|[of] p1b: a good boi\n|turn|4\n|\n|t:|1699645777\n|detailschange|p2a: Gardevoir|Gardevoir-Mega, F, shiny\n|-mega|p2a: Gardevoir|Gardevoir|Gardevoirite\n|move|p2b: Sylveon|Protect|p2b: Sylveon\n|-singleturn|p2b: Sylveon|Protect\n|move|p1a: Turtle|Flash Cannon|p2a: Gardevoir\n|-supereffective|p2a: Gardevoir\n|-damage|p2a: Gardevoir|67\/100\n|move|p2a: Gardevoir|Hyper Voice|p1a: Turtle|[spread] p1a,p1b\n|-resisted|p1b: a good boi\n|-damage|p1a: Turtle|0 fnt\n|-damage|p1b: a good boi|51\/100\n|faint|p1a: Turtle\n|move|p1b: a good boi|Apple Acid|p2b: Sylveon\n|-activate|p2b: Sylveon|move: Protect\n|\n|-heal|p2b: Sylveon|100\/100|[from] move: Wish|[wisher] Sylveon\n|-heal|p1b: a good boi|57\/100|[from] item: Leftovers\n|upkeep\n|\n|t:|1699645795\n|switch|p1a: zolt|Dracozolt, shiny|100\/100\n|-damage|p1a: zolt|88\/100|[from] Stealth Rock\n|turn|5\n|\n|t:|1699645804\n|move|p1a: zolt|Bolt Beak|p2a: Gardevoir\n|-damage|p2a: Gardevoir|0 fnt\n|faint|p2a: Gardevoir\n|move|p2b: Sylveon|Hyper Voice|p1a: zolt|[spread] p1a,p1b\n|-supereffective|p1a: zolt\n|-resisted|p1b: a good boi\n|-damage|p1a: zolt|5\/100\n|-damage|p1b: a good boi|48\/100\n|move|p1b: a good boi|Recover|p1b: a good boi\n|-heal|p1b: a good boi|98\/100\n|\n|-heal|p1b: a good boi|100\/100|[from] item: Leftovers\n|upkeep\n|\n|t:|1699645815\n|switch|p2a: Azumarill|Azumarill, F, shiny|100\/100\n|turn|6\n|\n|t:|1699645825\n|move|p2a: Azumarill|Protect|p2a: Azumarill\n|-singleturn|p2a: Azumarill|Protect\n|move|p1a: zolt|Bolt Beak|p2a: Azumarill\n|-activate|p2a: Azumarill|move: Protect\n|move|p2b: Sylveon|Hyper Voice|p1b: a good boi|[spread] p1a,p1b\n|-supereffective|p1a: zolt\n|-resisted|p1b: a good boi\n|-damage|p1a: zolt|0 fnt\n|-damage|p1b: a good boi|90\/100\n|faint|p1a: zolt\n|move|p1b: a good boi|Leech Seed|p2a: Azumarill\n|-activate|p2a: Azumarill|move: Protect\n|\n|-heal|p1b: a good boi|96\/100|[from] item: Leftovers\n|upkeep\n|\n|t:|1699645840\n|switch|p1a: goo|Goodra, F|100\/100\n|-damage|p1a: goo|88\/100|[from] Stealth Rock\n|turn|7\n|\n|t:|1699645853\n|move|p1a: goo|Thunderbolt|p2a: Azumarill\n|-supereffective|p2a: Azumarill\n|-damage|p2a: Azumarill|32\/100\n|-enditem|p2a: Azumarill|Sitrus Berry|[eat]\n|-heal|p2a: Azumarill|57\/100|[from] item: Sitrus Berry\n|move|p2b: Sylveon|Hyper Voice|p1a: goo|[spread] p1a,p1b\n|-supereffective|p1a: goo\n|-resisted|p1b: a good boi\n|-damage|p1a: goo|44\/100\n|-damage|p1b: a good boi|86\/100\n|move|p2a: Azumarill|Belly Drum|p2a: Azumarill\n|-damage|p2a: Azumarill|7\/100\n|-setboost|p2a: Azumarill|atk|6|[from] move: Belly Drum\n|move|p1b: a good boi|Leech Seed|p2b: Sylveon\n|-start|p2b: Sylveon|move: Leech Seed\n|\n|-heal|p1b: a good boi|92\/100|[from] item: Leftovers\n|-damage|p2b: Sylveon|88\/100|[from] Leech Seed|[of] p1b: a good boi\n|-heal|p1b: a good boi|100\/100|[silent]\n|upkeep\n|turn|8\n|\n|t:|1699645881\n|move|p2a: Azumarill|Aqua Jet|p1a: goo\n|-resisted|p1a: goo\n|-damage|p1a: goo|0 fnt\n|faint|p1a: goo\n|move|p2b: Sylveon|Hyper Voice|p1b: a good boi\n|-resisted|p1b: a good boi\n|-damage|p1b: a good boi|87\/100\n|move|p1b: a good boi|Apple Acid|p2b: Sylveon\n|-damage|p2b: Sylveon|68\/100\n|-unboost|p2b: Sylveon|spd|1\n|\n|-heal|p2b: Sylveon|74\/100|[from] item: Leftovers\n|-heal|p1b: a good boi|93\/100|[from] item: Leftovers\n|-damage|p2b: Sylveon|61\/100|[from] Leech Seed|[of] p1b: a good boi\n|-heal|p1b: a good boi|100\/100|[silent]\n|upkeep\n|\n|t:|1699645896\n|switch|p1a: goggles|Flygon, M|100\/100\n|-damage|p1a: goggles|95\/100|[from] Stealth Rock\n|turn|9\n|\n|t:|1699645907\n|move|p2a: Azumarill|Aqua Jet|p1a: goggles\n|-damage|p1a: goggles|0 fnt\n|faint|p1a: goggles\n|move|p2b: Sylveon|Wish|p2b: Sylveon\n|move|p1b: a good boi|Apple Acid|p2a: Azumarill\n|-supereffective|p2a: Azumarill\n|-damage|p2a: Azumarill|0 fnt\n|faint|p2a: Azumarill\n|\n|-heal|p2b: Sylveon|67\/100|[from] item: Leftovers\n|-damage|p2b: Sylveon|55\/100|[from] Leech Seed|[of] p1b: a good boi\n|upkeep\n|\n|t:|1699645919\n|switch|p1a: Mr Bat|Noivern, M|100\/100\n|switch|p2a: Dachsbun|Dachsbun, F, shiny|100\/100\n|turn|10\n|\n|t:|1699645941\n|move|p1a: Mr Bat|Flamethrower|p2b: Sylveon\n|-damage|p2b: Sylveon|29\/100\n|move|p2a: Dachsbun|Play Rough|p1a: Mr Bat\n|-supereffective|p1a: Mr Bat\n|-damage|p1a: Mr Bat|37\/100\n|-unboost|p1a: Mr Bat|atk|1\n|move|p2b: Sylveon|Hyper Voice|p1a: Mr Bat|[spread] p1a,p1b\n|-supereffective|p1a: Mr Bat\n|-resisted|p1b: a good boi\n|-damage|p1a: Mr Bat|0 fnt\n|-damage|p1b: a good boi|91\/100\n|faint|p1a: Mr Bat\n|move|p1b: a good boi|Apple Acid|p2a: Dachsbun\n|-damage|p2a: Dachsbun|63\/100\n|-unboost|p2a: Dachsbun|spd|1\n|\n|-heal|p2b: Sylveon|79\/100|[from] move: Wish|[wisher] Sylveon\n|-heal|p2b: Sylveon|86\/100|[from] item: Leftovers\n|-heal|p1b: a good boi|97\/100|[from] item: Leftovers\n|-damage|p2b: Sylveon|73\/100|[from] Leech Seed|[of] p1b: a good boi\n|-heal|p1b: a good boi|100\/100|[silent]\n|upkeep\n|turn|11\n|\n|t:|1699645985\n|move|p2a: Dachsbun|Body Press|p1b: a good boi\n|-supereffective|p1b: a good boi\n|-damage|p1b: a good boi|43\/100\n|move|p2b: Sylveon|Hyper Voice|p1b: a good boi\n|-resisted|p1b: a good boi\n|-damage|p1b: a good boi|29\/100\n|move|p1b: a good boi|Apple Acid|p2a: Dachsbun\n|-damage|p2a: Dachsbun|6\/100\n|-unboost|p2a: Dachsbun|spd|1\n|\n|-heal|p2b: Sylveon|79\/100|[from] item: Leftovers\n|-heal|p1b: a good boi|35\/100|[from] item: Leftovers\n|-damage|p2b: Sylveon|67\/100|[from] Leech Seed|[of] p1b: a good boi\n|-heal|p1b: a good boi|47\/100|[silent]\n|upkeep\n|turn|12\n|\n|t:|1699646005\n|move|p2a: Dachsbun|Body Press|p1b: a good boi\n|-supereffective|p1b: a good boi\n|-damage|p1b: a good boi|0 fnt\n|faint|p1b: a good boi\n|\n|win|Ubitroll\n","uploadtime":1699646014,"views":10,"p1id":"thatsrealnito2","p2id":"ubitroll","formatid":"gen9nationaldexdoubles","rating":0,"private":0,"password":""}