{"id":"gen9nationaldexdoubles-1979100471","p1":"JG40s","p2":"tired & eepy","format":"[Gen 9] National Dex Doubles","log":"|j|\u2606JG40s\n|j|\u2606tired & eepy\n|t:|1698632214\n|gametype|doubles\n|player|p1|JG40s|101|1273\n|player|p2|tired & eepy|1|1154\n|teamsize|p1|6\n|teamsize|p2|6\n|gen|9\n|tier|[Gen 9] National Dex Doubles\n|rated|\n|rule|HP Percentage Mod: HP is shown in percentages\n|rule|Endless Battle Clause: Forcing endless battles is banned\n|rule|OHKO Clause: OHKO moves are banned\n|rule|Evasion Moves Clause: Evasion moves are banned\n|rule|Evasion Abilities Clause: Evasion abilities are banned\n|rule|Species Clause: Limit one of each Pok\u00e9mon\n|rule|Gravity Sleep Clause: The combination of sleep-inducing moves with imperfect accuracy and Gravity or Gigantamax Orbeetle are banned\n|clearpoke\n|poke|p1|Oricorio-Pom-Pom, M|\n|poke|p1|Kommo-o, F|\n|poke|p1|Volcarona, M|\n|poke|p1|Ludicolo, M|\n|poke|p1|Lilligant-Hisui, F|\n|poke|p1|Okidogi, M|\n|poke|p2|Kommo-o, M|\n|poke|p2|Sinistcha|\n|poke|p2|Snorlax, F|\n|poke|p2|Landorus-Therian, M|\n|poke|p2|Iron Hands|\n|poke|p2|Clefairy, F|\n|teampreview\n|inactive|Battle timer is ON: inactive players will automatically lose when time's up. (requested by tired & eepy)\n|\n|t:|1698632227\n|start\n|switch|p1a: Oricorio|Oricorio-Pom-Pom, M|100\/100\n|switch|p1b: Volcarona|Volcarona, M|100\/100\n|switch|p2a: Kommo-o|Kommo-o, M|100\/100\n|switch|p2b: Clefairy|Clefairy, F|100\/100\n|turn|1\n|\n|t:|1698632246\n|switch|p2b: Iron Hands|Iron Hands|100\/100\n|-terastallize|p2a: Kommo-o|Steel\n|move|p1b: Volcarona|Fiery Dance|p2b: Iron Hands\n|-damage|p2b: Iron Hands|74\/100\n|-activate|p1a: Oricorio|ability: Dancer\n|move|p1a: Oricorio|Fiery Dance|p2b: Iron Hands|[from]ability: Dancer\n|-damage|p2b: Iron Hands|62\/100\n|-boost|p1a: Oricorio|spa|1\n|move|p1a: Oricorio|Quiver Dance|p1a: Oricorio\n|-boost|p1a: Oricorio|spa|1\n|-boost|p1a: Oricorio|spd|1\n|-boost|p1a: Oricorio|spe|1\n|move|p2a: Kommo-o|Clangorous Soul|p2a: Kommo-o\n|-boost|p2a: Kommo-o|atk|1\n|-boost|p2a: Kommo-o|def|1\n|-boost|p2a: Kommo-o|spa|1\n|-boost|p2a: Kommo-o|spd|1\n|-boost|p2a: Kommo-o|spe|1\n|-damage|p2a: Kommo-o|68\/100\n|-enditem|p2a: Kommo-o|Throat Spray\n|-boost|p2a: Kommo-o|spa|1|[from] item: Throat Spray\n|-activate|p1a: Oricorio|ability: Dancer\n|move|p1a: Oricorio|Clangorous Soul|p1a: Oricorio|[from]ability: Dancer\n|-boost|p1a: Oricorio|atk|1\n|-boost|p1a: Oricorio|def|1\n|-boost|p1a: Oricorio|spa|1\n|-boost|p1a: Oricorio|spd|1\n|-boost|p1a: Oricorio|spe|1\n|-damage|p1a: Oricorio|68\/100\n|\n|upkeep\n|turn|2\n|inactive|JG40s has 120 seconds left.\n|\n|t:|1698632276\n|move|p2b: Iron Hands|Fake Out|p1b: Volcarona\n|-damage|p1b: Volcarona|76\/100\n|-damage|p2b: Iron Hands|45\/100|[from] item: Rocky Helmet|[of] p1b: Volcarona\n|move|p1a: Oricorio|Quiver Dance|p1a: Oricorio\n|-boost|p1a: Oricorio|spa|1\n|-boost|p1a: Oricorio|spd|1\n|-boost|p1a: Oricorio|spe|1\n|move|p2a: Kommo-o|Clanging Scales|p1b: Volcarona|[spread] p1a,p1b\n|-damage|p1a: Oricorio|21\/100\n|-damage|p1b: Volcarona|0 fnt\n|faint|p1b: Volcarona\n|-unboost|p2a: Kommo-o|def|1\n|\n|upkeep\n|inactive|JG40s has 120 seconds left.\n|\n|t:|1698632290\n|switch|p1b: Lilligant|Lilligant-Hisui, F|100\/100\n|turn|3\n|\n|t:|1698632301\n|-end|p2b: Iron Hands|Quark Drive|[silent]\n|switch|p2b: Clefairy|Clefairy, F|100\/100\n|move|p1a: Oricorio|Baton Pass|p1a: Oricorio\n|\n|t:|1698632305\n|switch|p1a: Okidogi|Okidogi, M|100\/100|[from] Baton Pass\n|move|p2a: Kommo-o|Clanging Scales|p1a: Okidogi|[spread] p1a,p1b\n|-damage|p1a: Okidogi|63\/100\n|-damage|p1b: Lilligant|0 fnt\n|faint|p1b: Lilligant\n|-unboost|p2a: Kommo-o|def|1\n|\n|upkeep\n|\n|t:|1698632317\n|switch|p1b: Kommo-o|Kommo-o, F|100\/100\n|turn|4\n|\n|t:|1698632326\n|move|p2b: Clefairy|Follow Me|p2b: Clefairy\n|-singleturn|p2b: Clefairy|move: Follow Me\n|move|p1a: Okidogi|Poison Jab|p2b: Clefairy\n|-supereffective|p2b: Clefairy\n|-damage|p2b: Clefairy|0 fnt\n|faint|p2b: Clefairy\n|move|p2a: Kommo-o|Clanging Scales|p1b: Kommo-o|[spread] p1a,p1b\n|-supereffective|p1b: Kommo-o\n|-damage|p1a: Okidogi|25\/100\n|-damage|p1b: Kommo-o|0 fnt\n|faint|p1b: Kommo-o\n|-unboost|p2a: Kommo-o|def|1\n|\n|upkeep\n|\n|t:|1698632338\n|switch|p1b: Ludicolo|Ludicolo, M|100\/100\n|switch|p2b: Iron Hands|Iron Hands|45\/100\n|turn|5\n|\n|t:|1698632354\n|move|p2b: Iron Hands|Fake Out|p1a: Okidogi\n|-damage|p1a: Okidogi|16\/100\n|cant|p1a: Okidogi|flinch\n|move|p2a: Kommo-o|Clanging Scales|p1b: Ludicolo|[spread] p1a,p1b\n|-damage|p1a: Okidogi|0 fnt\n|-damage|p1b: Ludicolo|33\/100\n|faint|p1a: Okidogi\n|-unboost|p2a: Kommo-o|def|1\n|move|p1b: Ludicolo|Scald|p2a: Kommo-o\n|-damage|p2a: Kommo-o|43\/100\n|\n|upkeep\n|\n|t:|1698632366\n|switch|p1a: Oricorio|Oricorio-Pom-Pom, M|21\/100\n|turn|6\n|\n|t:|1698632376\n|move|p2a: Kommo-o|Clanging Scales|p1b: Ludicolo|[spread] p1a,p1b\n|-damage|p1a: Oricorio|0 fnt\n|-damage|p1b: Ludicolo|0 fnt\n|faint|p1a: Oricorio\n|faint|p1b: Ludicolo\n|\n|win|tired & eepy\n|raw|JG40s's rating: 1273 &rarr; <strong>1240<\/strong><br \/>(-33 for losing)\n|raw|tired &amp; eepy's rating: 1154 &rarr; <strong>1187<\/strong><br \/>(+33 for winning)\n|l|\u2606JG40s\n","uploadtime":1698632393,"views":11,"p1id":"jg40s","p2id":"tiredeepy","formatid":"gen9nationaldexdoubles","rating":1187,"private":0,"password":""}