{"id":"gen9nationaldexdoubles-1962733599","p1":"caganinci alt acc","p2":"Chad Tankers","format":"[Gen 9] National Dex Doubles","log":"|j|\u2606caganinci alt acc\n|j|\u2606Chad Tankers\n|t:|1696787078\n|gametype|doubles\n|player|p1|caganinci alt acc|lance|1444\n|player|p2|Chad Tankers|burglar|1441\n|teamsize|p1|6\n|teamsize|p2|6\n|gen|9\n|tier|[Gen 9] National Dex Doubles\n|rated|\n|rule|HP Percentage Mod: HP is shown in percentages\n|rule|Endless Battle Clause: Forcing endless battles is banned\n|rule|OHKO Clause: OHKO moves are banned\n|rule|Evasion Moves Clause: Evasion moves are banned\n|rule|Evasion Abilities Clause: Evasion abilities are banned\n|rule|Species Clause: Limit one of each Pok\u00e9mon\n|rule|Gravity Sleep Clause: The combination of sleep-inducing moves with imperfect accuracy and Gravity or Gigantamax Orbeetle are banned\n|clearpoke\n|poke|p1|Marshadow|\n|poke|p1|Zapdos|\n|poke|p1|Chien-Pao|\n|poke|p1|Dragonite, M|\n|poke|p1|Metagross|\n|poke|p1|Kleavor, M|\n|poke|p2|Zygarde|\n|poke|p2|Blastoise, M|\n|poke|p2|Jirachi|\n|poke|p2|Rillaboom, F|\n|poke|p2|Volcanion|\n|poke|p2|Zamazenta-*|\n|teampreview\n|inactive|Battle timer is ON: inactive players will automatically lose when time's up. (requested by Chad Tankers)\n|\n|t:|1696787096\n|start\n|switch|p1a: Kleavor|Kleavor, M, shiny|100\/100\n|switch|p1b: Chien-Pao|Chien-Pao|100\/100\n|switch|p2a: Blastoise|Blastoise, M|100\/100\n|switch|p2b: Jirachi|Jirachi|100\/100\n|-ability|p1b: Chien-Pao|Sword of Ruin\n|turn|1\n|\n|t:|1696787117\n|switch|p1b: Zapdos|Zapdos|100\/100\n|detailschange|p2a: Blastoise|Blastoise-Mega, M\n|-mega|p2a: Blastoise|Blastoise|Blastoisinite\n|move|p2b: Jirachi|Follow Me|p2b: Jirachi\n|-singleturn|p2b: Jirachi|move: Follow Me\n|move|p1a: Kleavor|Stone Axe|p2b: Jirachi\n|-resisted|p2b: Jirachi\n|-damage|p2b: Jirachi|80\/100\n|-sidestart|p2: Chad Tankers|move: Stealth Rock\n|move|p2a: Blastoise|Shell Smash|p2a: Blastoise\n|-unboost|p2a: Blastoise|def|1\n|-unboost|p2a: Blastoise|spd|1\n|-boost|p2a: Blastoise|atk|2\n|-boost|p2a: Blastoise|spa|2\n|-boost|p2a: Blastoise|spe|2\n|\n|upkeep\n|turn|2\n|\n|t:|1696787137\n|move|p2b: Jirachi|Follow Me|p2b: Jirachi\n|-singleturn|p2b: Jirachi|move: Follow Me\n|move|p2a: Blastoise|Muddy Water|p1a: Kleavor|[spread] p1a,p1b\n|-supereffective|p1a: Kleavor\n|-crit|p1a: Kleavor\n|-enditem|p1a: Kleavor|Focus Sash\n|-damage|p1a: Kleavor|1\/100\n|-damage|p1b: Zapdos|22\/100\n|move|p1b: Zapdos|Thunderbolt|p2b: Jirachi\n|-damage|p2b: Jirachi|48\/100\n|-enditem|p2b: Jirachi|Sitrus Berry|[eat]\n|-heal|p2b: Jirachi|73\/100|[from] item: Sitrus Berry\n|move|p1a: Kleavor|X-Scissor|p2b: Jirachi\n|-damage|p2b: Jirachi|25\/100\n|\n|upkeep\n|turn|3\n|\n|t:|1696787156\n|move|p2b: Jirachi|Follow Me|p2b: Jirachi\n|-singleturn|p2b: Jirachi|move: Follow Me\n|move|p2a: Blastoise|Muddy Water|p1b: Zapdos|[spread] p1a,p1b\n|-supereffective|p1a: Kleavor\n|-damage|p1a: Kleavor|0 fnt\n|-damage|p1b: Zapdos|0 fnt\n|faint|p1a: Kleavor\n|faint|p1b: Zapdos\n|\n|upkeep\n|inactive|caganinci alt acc has 120 seconds left.\n|\n|t:|1696787178\n|switch|p1b: Marshadow|Marshadow|100\/100\n|switch|p1a: Chien-Pao|Chien-Pao|100\/100\n|-ability|p1a: Chien-Pao|Sword of Ruin\n|turn|4\n|\n|t:|1696787190\n|move|p2b: Jirachi|Follow Me|p2b: Jirachi\n|-singleturn|p2b: Jirachi|move: Follow Me\n|move|p1b: Marshadow|Shadow Sneak|p2b: Jirachi\n|-supereffective|p2b: Jirachi\n|-damage|p2b: Jirachi|0 fnt\n|faint|p2b: Jirachi\n|-damage|p1b: Marshadow|91\/100|[from] item: Life Orb\n|move|p2a: Blastoise|Muddy Water|p1a: Chien-Pao|[spread] p1a\n|-miss|p2a: Blastoise|p1b: Marshadow\n|-enditem|p1a: Chien-Pao|Focus Sash\n|-damage|p1a: Chien-Pao|1\/100\n|move|p1a: Chien-Pao|Crunch|p2a: Blastoise\n|-damage|p2a: Blastoise|19\/100\n|-unboost|p2a: Blastoise|def|1\n|\n|upkeep\n|\n|t:|1696787212\n|switch|p2b: Rillaboom|Rillaboom, F|100\/100\n|-damage|p2b: Rillaboom|88\/100|[from] Stealth Rock\n|-fieldstart|move: Grassy Terrain|[from] ability: Grassy Surge|[of] p2b: Rillaboom\n|turn|5\n|\n|t:|1696787239\n|move|p2b: Rillaboom|Fake Out|p1a: Chien-Pao\n|-damage|p1a: Chien-Pao|0 fnt\n|faint|p1a: Chien-Pao\n|move|p1b: Marshadow|Shadow Sneak|p2a: Blastoise\n|-damage|p2a: Blastoise|0 fnt\n|faint|p2a: Blastoise\n|-damage|p1b: Marshadow|81\/100|[from] item: Life Orb\n|\n|-heal|p1b: Marshadow|87\/100|[from] Grassy Terrain\n|-heal|p2b: Rillaboom|94\/100|[from] Grassy Terrain\n|upkeep\n|\n|t:|1696787258\n|switch|p1a: Dragonite|Dragonite, M|100\/100\n|switch|p2a: Zamazenta|Zamazenta, shiny|100\/100\n|-damage|p2a: Zamazenta|94\/100|[from] Stealth Rock\n|-ability|p2a: Zamazenta|Dauntless Shield|boost\n|-boost|p2a: Zamazenta|def|1\n|turn|6\n|\n|t:|1696787284\n|move|p1a: Dragonite|Extreme Speed|p2a: Zamazenta\n|-damage|p2a: Zamazenta|74\/100\n|move|p2a: Zamazenta|Play Rough|p1a: Dragonite\n|-supereffective|p1a: Dragonite\n|-damage|p1a: Dragonite|55\/100\n|move|p1b: Marshadow|Close Combat|p2b: Rillaboom\n|-damage|p2b: Rillaboom|20\/100\n|-unboost|p1b: Marshadow|def|1\n|-unboost|p1b: Marshadow|spd|1\n|-damage|p1b: Marshadow|77\/100|[from] item: Life Orb\n|move|p2b: Rillaboom|Wood Hammer|p1b: Marshadow\n|-crit|p1b: Marshadow\n|-damage|p1b: Marshadow|0 fnt\n|faint|p1b: Marshadow\n|-damage|p2b: Rillaboom|0 fnt|[from] Recoil\n|faint|p2b: Rillaboom\n|\n|-heal|p2a: Zamazenta|81\/100|[from] Grassy Terrain\n|upkeep\n|\n|t:|1696787305\n|switch|p1b: Metagross|Metagross, shiny|100\/100\n|switch|p2b: Zygarde|Zygarde|100\/100\n|-damage|p2b: Zygarde|94\/100|[from] Stealth Rock\n|-ability|p2b: Zygarde|Aura Break\n|turn|7\n|\n|t:|1696787321\n|detailschange|p1b: Metagross|Metagross-Mega, shiny\n|-mega|p1b: Metagross|Metagross|Metagrossite\n|-terastallize|p1a: Dragonite|Normal\n|move|p2b: Zygarde|Protect|p2b: Zygarde\n|-singleturn|p2b: Zygarde|Protect\n|move|p1a: Dragonite|Extreme Speed|p2a: Zamazenta\n|-damage|p2a: Zamazenta|52\/100\n|move|p2a: Zamazenta|Coaching|p2b: Zygarde\n|-boost|p2b: Zygarde|atk|1\n|-boost|p2b: Zygarde|def|1\n|move|p1b: Metagross|Zen Headbutt|p2a: Zamazenta\n|-supereffective|p2a: Zamazenta\n|-damage|p2a: Zamazenta|0 fnt\n|faint|p2a: Zamazenta\n|\n|-heal|p2b: Zygarde|100\/100|[from] Grassy Terrain\n|-heal|p1a: Dragonite|61\/100|[from] Grassy Terrain\n|upkeep\n|inactive|Chad Tankers has 120 seconds left.\n|\n|t:|1696787341\n|switch|p2a: Volcanion|Volcanion|100\/100\n|-damage|p2a: Volcanion|75\/100|[from] Stealth Rock\n|turn|8\n|\n|t:|1696787368\n|move|p1b: Metagross|Meteor Mash|p2b: Zygarde\n|-damage|p2b: Zygarde|67\/100\n|move|p2b: Zygarde|Dragon Dance|p2b: Zygarde\n|-boost|p2b: Zygarde|atk|1\n|-boost|p2b: Zygarde|spe|1\n|move|p1a: Dragonite|Stomping Tantrum|p2a: Volcanion\n|-supereffective|p2a: Volcanion\n|-damage|p2a: Volcanion|32\/100\n|move|p2a: Volcanion|Flamethrower|p1b: Metagross\n|-supereffective|p1b: Metagross\n|-damage|p1b: Metagross|0 fnt\n|faint|p1b: Metagross\n|\n|-heal|p2b: Zygarde|73\/100|[from] Grassy Terrain\n|-heal|p1a: Dragonite|67\/100|[from] Grassy Terrain\n|-heal|p2a: Volcanion|38\/100|[from] Grassy Terrain\n|upkeep\n|turn|9\n|\n|t:|1696787390\n|move|p1a: Dragonite|Extreme Speed|p2a: Volcanion\n|-damage|p2a: Volcanion|0 fnt\n|faint|p2a: Volcanion\n|move|p2b: Zygarde|Thousand Arrows|p1a: Dragonite\n|-damage|p1a: Dragonite|0 fnt\n|faint|p1a: Dragonite\n|\n|win|Chad Tankers\n|raw|caganinci alt acc's rating: 1444 &rarr; <strong>1424<\/strong><br \/>(-20 for losing)\n|raw|Chad Tankers's rating: 1441 &rarr; <strong>1461<\/strong><br \/>(+20 for winning)\n|l|\u2606caganinci alt acc\n|c|\u2606Chad Tankers|Gs\n|l|\u2606Chad Tankers\n|j|\u2606Chad Tankers\n|player|p2|Chad Tankers|burglar\n","uploadtime":1696787727,"views":9,"p1id":"caganincialtacc","p2id":"chadtankers","formatid":"gen9nationaldexdoubles","rating":1424,"private":0,"password":""}