{"id":"gen9nationaldexdoubles-1957295204","p1":"Agent010203","p2":"MistaFeast","format":"[Gen 9] National Dex Doubles","log":"|j|\u2606Agent010203\n|j|\u2606MistaFeast\n|t:|1696205743\n|gametype|doubles\n|player|p1|Agent010203|rosa|\n|player|p2|MistaFeast|acetrainer|\n|teamsize|p1|6\n|teamsize|p2|6\n|gen|9\n|tier|[Gen 9] National Dex Doubles\n|rule|HP Percentage Mod: HP is shown in percentages\n|rule|Endless Battle Clause: Forcing endless battles is banned\n|rule|OHKO Clause: OHKO moves are banned\n|rule|Evasion Moves Clause: Evasion moves are banned\n|rule|Evasion Abilities Clause: Evasion abilities are banned\n|rule|Species Clause: Limit one of each Pok\u00e9mon\n|rule|Gravity Sleep Clause: The combination of sleep-inducing moves with imperfect accuracy and Gravity or Gigantamax Orbeetle are banned\n|clearpoke\n|poke|p1|Delphox, F|\n|poke|p1|Ninetales-Alola, M|\n|poke|p1|Florges-Blue, F|\n|poke|p1|Sylveon, M|\n|poke|p1|Magnezone|\n|poke|p1|Goodra, F|\n|poke|p2|Coalossal, F|\n|poke|p2|Heatmor, M|\n|poke|p2|Houndoom, M|\n|poke|p2|Turtonator, M|\n|poke|p2|Scovillain, M|\n|poke|p2|Charizard, M|\n|teampreview\n|\n|t:|1696205784\n|start\n|switch|p1a: Lollipop|Florges-Blue, F|100\/100\n|switch|p1b: Goop|Goodra, F|100\/100\n|switch|p2a: Coalossal|Coalossal, F|100\/100\n|switch|p2b: Scovillain|Scovillain, M|100\/100\n|turn|1\n|\n|t:|1696205826\n|move|p2b: Scovillain|Solar Beam||[still]\n|-prepare|p2b: Scovillain|Solar Beam\n|move|p1a: Lollipop|Skill Swap|p2a: Coalossal\n|-activate|p1a: Lollipop|move: Skill Swap|Steam Engine|Symbiosis|[of] p2a: Coalossal\n|move|p1b: Goop|Surf|p2a: Coalossal|[spread] p1a,p2a,p2b\n|-supereffective|p2a: Coalossal\n|-damage|p1a: Lollipop|85\/100\n|-damage|p2a: Coalossal|19\/100\n|-damage|p2b: Scovillain|62\/100\n|-ability|p1a: Lollipop|Steam Engine|boost\n|-boost|p1a: Lollipop|spe|6\n|move|p2a: Coalossal|Sunny Day|p2a: Coalossal\n|-weather|SunnyDay\n|\n|-weather|SunnyDay|[upkeep]\n|-heal|p1a: Lollipop|92\/100|[from] item: Leftovers\n|upkeep\n|turn|2\n|\n|t:|1696205894\n|move|p1a: Lollipop|Rain Dance|p1a: Lollipop\n|-weather|RainDance\n|move|p2b: Scovillain|Solar Beam|p1b: Goop|[from]lockedmove\n|-resisted|p1b: Goop\n|-damage|p1b: Goop|90\/100\n|move|p1b: Goop|Acid Spray|p2b: Scovillain\n|-supereffective|p2b: Scovillain\n|-damage|p2b: Scovillain|16\/100\n|-unboost|p2b: Scovillain|spd|2\n|move|p2a: Coalossal|Overheat|p1a: Lollipop\n|-damage|p1a: Lollipop|73\/100\n|-unboost|p2a: Coalossal|spa|2\n|\n|-weather|RainDance|[upkeep]\n|-heal|p1a: Lollipop|79\/100|[from] item: Leftovers\n|upkeep\n|turn|3\n|\n|t:|1696205914\n|move|p1a: Lollipop|Light Screen|p1a: Lollipop\n|-sidestart|p1: Agent010203|move: Light Screen\n|move|p2b: Scovillain|Energy Ball|p1a: Lollipop\n|-damage|p1a: Lollipop|59\/100\n|move|p1b: Goop|Surf|p2a: Coalossal|[spread] p1a,p2a,p2b\n|-supereffective|p2a: Coalossal\n|-damage|p1a: Lollipop|45\/100\n|-damage|p2a: Coalossal|0 fnt\n|-damage|p2b: Scovillain|0 fnt\n|faint|p2a: Coalossal\n|faint|p2b: Scovillain\n|\n|-weather|RainDance|[upkeep]\n|-heal|p1a: Lollipop|52\/100|[from] item: Leftovers\n|upkeep\n|\n|t:|1696205935\n|switch|p2b: Charizard|Charizard, M|100\/100\n|switch|p2a: Houndoom|Houndoom, M|100\/100\n|turn|4\n|\n|t:|1696206042\n|switch|p1a: Fila|Delphox, F|100\/100\n|-terastallize|p1b: Goop|Poison\n|move|p2a: Houndoom|Sludge Bomb|p1a: Fila\n|-damage|p1a: Fila|80\/100\n|move|p2b: Charizard|Outrage|p1b: Goop\n|-damage|p1b: Goop|64\/100\n|move|p1b: Goop|Acid Spray|p2b: Charizard\n|-damage|p2b: Charizard|60\/100\n|-unboost|p2b: Charizard|spd|2\n|\n|-weather|RainDance|[upkeep]\n|upkeep\n|turn|5\n|\n|t:|1696206083\n|move|p1a: Fila|Psychic|p2b: Charizard\n|-damage|p2b: Charizard|0 fnt\n|faint|p2b: Charizard\n|move|p2a: Houndoom|Flamethrower|p1b: Goop\n|-damage|p1b: Goop|54\/100\n|move|p1b: Goop|Rest|p1b: Goop\n|-status|p1b: Goop|slp|[from] move: Rest\n|-heal|p1b: Goop|100\/100 slp|[silent]\n|\n|-weather|RainDance|[upkeep]\n|-activate|p1b: Goop|ability: Hydration\n|-curestatus|p1b: Goop|slp|[msg]\n|upkeep\n|\n|t:|1696206090\n|switch|p2b: Heatmor|Heatmor, M|100\/100\n|turn|6\n|\n|t:|1696206105\n|switch|p1a: Lollipop|Florges-Blue, F|52\/100\n|move|p2a: Houndoom|Sunny Day|p2a: Houndoom\n|-weather|SunnyDay\n|move|p1b: Goop|Surf|p2a: Houndoom|[spread] p1a,p2a,p2b\n|-supereffective|p2a: Houndoom\n|-supereffective|p2b: Heatmor\n|-damage|p1a: Lollipop|46\/100\n|-damage|p2a: Houndoom|65\/100\n|-damage|p2b: Heatmor|81\/100\n|move|p2b: Heatmor|Scorching Sands|p1b: Goop\n|-supereffective|p1b: Goop\n|-damage|p1b: Goop|82\/100\n|\n|-weather|SunnyDay|[upkeep]\n|-heal|p1a: Lollipop|52\/100|[from] item: Leftovers\n|upkeep\n|turn|7\n|\n|t:|1696206127\n|move|p2a: Houndoom|Flamethrower|p1b: Goop\n|-damage|p1b: Goop|47\/100\n|move|p1a: Lollipop|Rain Dance|p1a: Lollipop\n|-weather|RainDance\n|move|p1b: Goop|Acid Spray|p2b: Heatmor\n|-damage|p2b: Heatmor|55\/100\n|move|p2b: Heatmor|Scorching Sands|p1b: Goop\n|-supereffective|p1b: Goop\n|-damage|p1b: Goop|28\/100\n|\n|-weather|RainDance|[upkeep]\n|-heal|p1a: Lollipop|59\/100|[from] item: Leftovers\n|-sideend|p1: Agent010203|move: Light Screen\n|upkeep\n|turn|8\n|\n|t:|1696206143\n|move|p2a: Houndoom|Sunny Day|p2a: Houndoom\n|-weather|SunnyDay\n|move|p1a: Lollipop|Light Screen|p1a: Lollipop\n|-sidestart|p1: Agent010203|move: Light Screen\n|move|p1b: Goop|Rest|p1b: Goop\n|-status|p1b: Goop|slp|[from] move: Rest\n|-heal|p1b: Goop|100\/100 slp|[silent]\n|move|p2b: Heatmor|Overheat|p1a: Lollipop|[miss]\n|-miss|p2b: Heatmor|p1a: Lollipop\n|\n|-weather|SunnyDay|[upkeep]\n|-heal|p1a: Lollipop|65\/100|[from] item: Leftovers\n|upkeep\n|turn|9\n|\n|t:|1696206162\n|move|p2a: Houndoom|Flamethrower|p1b: Goop\n|-damage|p1b: Goop|68\/100 slp\n|move|p1a: Lollipop|Rain Dance|p1a: Lollipop\n|-weather|RainDance\n|cant|p1b: Goop|slp\n|move|p2b: Heatmor|Scorching Sands|p1b: Goop\n|-supereffective|p1b: Goop\n|-damage|p1b: Goop|47\/100 slp\n|\n|-weather|RainDance|[upkeep]\n|-heal|p1a: Lollipop|71\/100|[from] item: Leftovers\n|-activate|p1b: Goop|ability: Hydration\n|-curestatus|p1b: Goop|slp|[msg]\n|upkeep\n|turn|10\n|\n|t:|1696206225\n|move|p2a: Houndoom|Sunny Day|p2a: Houndoom\n|-weather|SunnyDay\n|move|p1a: Lollipop|Rain Dance|p1a: Lollipop\n|-weather|RainDance\n|move|p1b: Goop|Acid Spray|p2a: Houndoom\n|-crit|p2a: Houndoom\n|-damage|p2a: Houndoom|0 fnt\n|faint|p2a: Houndoom\n|move|p2b: Heatmor|Scorching Sands|p1b: Goop\n|-supereffective|p1b: Goop\n|-damage|p1b: Goop|29\/100\n|-status|p1b: Goop|brn\n|\n|-weather|RainDance|[upkeep]\n|-heal|p1a: Lollipop|77\/100|[from] item: Leftovers\n|-activate|p1b: Goop|ability: Hydration\n|-curestatus|p1b: Goop|brn|[msg]\n|upkeep\n|\n|t:|1696206228\n|switch|p2a: Turtonator|Turtonator, M|100\/100\n|turn|11\n|\n|t:|1696206257\n|move|p1a: Lollipop|Dazzling Gleam|p2a: Turtonator|[spread] p2a,p2b\n|-resisted|p2b: Heatmor\n|-damage|p2a: Turtonator|59\/100\n|-damage|p2b: Heatmor|42\/100\n|move|p1b: Goop|Acid Spray|p2a: Turtonator\n|-damage|p2a: Turtonator|18\/100\n|-unboost|p2a: Turtonator|spd|2\n|move|p2b: Heatmor|Scorching Sands|p1b: Goop\n|-supereffective|p1b: Goop\n|-damage|p1b: Goop|10\/100\n|-enditem|p1b: Goop|Apicot Berry|[eat]\n|-boost|p1b: Goop|spd|1|[from] item: Apicot Berry\n|-activate|p1a: Lollipop|ability: Symbiosis|Leftovers|[of] p1b: Goop\n|move|p2a: Turtonator|Draco Meteor|p1b: Goop\n|-damage|p1b: Goop|0 fnt\n|-unboost|p2a: Turtonator|spa|2\n|faint|p1b: Goop\n|\n|-weather|RainDance|[upkeep]\n|upkeep\n|\n|t:|1696206284\n|switch|p1b: Ender|Sylveon, M|100\/100\n|turn|12\n|\n|t:|1696206298\n|move|p1a: Lollipop|Dazzling Gleam|p2b: Heatmor|[spread] p2a,p2b\n|-resisted|p2b: Heatmor\n|-damage|p2a: Turtonator|0 fnt\n|-damage|p2b: Heatmor|30\/100\n|faint|p2a: Turtonator\n|move|p1b: Ender|Hyper Voice|p2b: Heatmor\n|-resisted|p2b: Heatmor\n|-damage|p2b: Heatmor|6\/100\n|-enditem|p1b: Ender|Throat Spray\n|-boost|p1b: Ender|spa|1|[from] item: Throat Spray\n|move|p2b: Heatmor|Fire Lash|p1a: Lollipop\n|-damage|p1a: Lollipop|60\/100\n|-unboost|p1a: Lollipop|def|1\n|\n|-weather|RainDance|[upkeep]\n|-sideend|p1: Agent010203|move: Light Screen\n|upkeep\n|turn|13\n|\n|t:|1696206327\n|-terastallize|p2b: Heatmor|Fire\n|move|p1a: Lollipop|Light Screen|p1a: Lollipop\n|-sidestart|p1: Agent010203|move: Light Screen\n|move|p1b: Ender|Weather Ball|p2b: Heatmor\n|-supereffective|p2b: Heatmor\n|-damage|p2b: Heatmor|0 fnt\n|faint|p2b: Heatmor\n|\n|win|Agent010203\n|l|\u2606MistaFeast\n","uploadtime":1696206337,"views":51,"p1id":"agent010203","p2id":"mistafeast","formatid":"gen9nationaldexdoubles","rating":0,"private":0,"password":""}