{"id":"gen9nationaldexdoubles-1950903992","p1":"breadban","p2":"user58342485","format":"[Gen 9] National Dex Doubles","log":"|j|\u2606breadban\n|j|\u2606user58342485\n|t:|1695517883\n|gametype|doubles\n|player|p1|breadban|102|1466\n|player|p2|user58342485|nate|1506\n|teamsize|p1|6\n|teamsize|p2|6\n|gen|9\n|tier|[Gen 9] National Dex Doubles\n|rated|\n|rule|HP Percentage Mod: HP is shown in percentages\n|rule|Endless Battle Clause: Forcing endless battles is banned\n|rule|OHKO Clause: OHKO moves are banned\n|rule|Evasion Moves Clause: Evasion moves are banned\n|rule|Evasion Abilities Clause: Evasion abilities are banned\n|rule|Species Clause: Limit one of each Pok\u00e9mon\n|rule|Gravity Sleep Clause: The combination of sleep-inducing moves with imperfect accuracy and Gravity or Gigantamax Orbeetle are banned\n|clearpoke\n|poke|p1|Gardevoir, F|\n|poke|p1|Pelipper, M|\n|poke|p1|Indeedee-F, F|\n|poke|p1|Basculegion-F, F|\n|poke|p1|Incineroar, F|\n|poke|p1|Clodsire, F|\n|poke|p2|Metagross|\n|poke|p2|Rillaboom, M|\n|poke|p2|Volcanion|\n|poke|p2|Kingambit, F|\n|poke|p2|Flutter Mane|\n|poke|p2|Tornadus, M|\n|teampreview\n|inactive|Battle timer is ON: inactive players will automatically lose when time's up. (requested by user58342485)\n|\n|t:|1695517899\n|start\n|switch|p1a: Miss. Gardi|Gardevoir, F, shiny|100\/100\n|switch|p1b: Zucaritas|Incineroar, F|100\/100\n|switch|p2a: Metagross|Metagross|100\/100\n|switch|p2b: Kingambit|Kingambit, F|100\/100\n|-ability|p1b: Zucaritas|Intimidate|boost\n|-fail|p2a: Metagross|unboost|[from] ability: Clear Body|[of] p2a: Metagross\n|-unboost|p2b: Kingambit|atk|1\n|-ability|p2b: Kingambit|Defiant|boost\n|-boost|p2b: Kingambit|atk|2\n|turn|1\n|inactive|breadban has 120 seconds left.\n|inactive|breadban has 90 seconds left.\n|\n|t:|1695517964\n|switch|p1a: Juana Manso|Clodsire, F|100\/100\n|detailschange|p2a: Metagross|Metagross-Mega\n|-mega|p2a: Metagross|Metagross|Metagrossite\n|move|p2a: Metagross|Steel Roller||[still]\n|-fail|p2a: Metagross\n|-zpower|p1b: Zucaritas\n|move|p1b: Zucaritas|Malicious Moonsault|p2a: Metagross|[zeffect]\n|-supereffective|p2a: Metagross\n|-damage|p2a: Metagross|0 fnt\n|faint|p2a: Metagross\n|move|p2b: Kingambit|Swords Dance|p2b: Kingambit\n|-boost|p2b: Kingambit|atk|2\n|\n|upkeep\n|inactive|user58342485 has 120 seconds left.\n|\n|t:|1695517987\n|switch|p2a: Volcanion|Volcanion|100\/100\n|turn|2\n|\n|t:|1695518005\n|switch|p1a: Miss. Indede|Indeedee-F, F|100\/100\n|-fieldstart|move: Psychic Terrain|[from] ability: Psychic Surge|[of] p1a: Miss. Indede\n|-enditem|p1a: Miss. Indede|Psychic Seed\n|-boost|p1a: Miss. Indede|spd|1|[from] item: Psychic Seed\n|-terastallize|p2b: Kingambit|Dark\n|move|p2a: Volcanion|Earth Power|p1a: Miss. Indede\n|-damage|p1a: Miss. Indede|81\/100\n|move|p1b: Zucaritas|Flare Blitz|p2b: Kingambit\n|-damage|p2b: Kingambit|55\/100\n|-damage|p1b: Zucaritas|85\/100|[from] Recoil\n|move|p2b: Kingambit|Knock Off|p1a: Miss. Indede\n|-supereffective|p1a: Miss. Indede\n|-damage|p1a: Miss. Indede|0 fnt\n|faint|p1a: Miss. Indede\n|\n|upkeep\n|\n|t:|1695518027\n|switch|p1a: Basculegion|Basculegion-F, F|100\/100\n|turn|3\n|\n|t:|1695518050\n|switch|p2a: Rillaboom|Rillaboom, M|100\/100\n|-fieldstart|move: Grassy Terrain|[from] ability: Grassy Surge|[of] p2a: Rillaboom\n|switch|p1b: Amazon|Pelipper, M|100\/100\n|-weather|RainDance|[from] ability: Drizzle|[of] p1b: Amazon\n|-terastallize|p1a: Basculegion|Fighting\n|move|p2b: Kingambit|Sucker Punch|p1a: Basculegion\n|-resisted|p1a: Basculegion\n|-damage|p1a: Basculegion|17\/100\n|move|p1a: Basculegion|Tera Blast|p2b: Kingambit|[anim] Tera Blast Fighting\n|-supereffective|p2b: Kingambit\n|-damage|p2b: Kingambit|0 fnt\n|faint|p2b: Kingambit\n|\n|-weather|RainDance|[upkeep]\n|-heal|p1a: Basculegion|23\/100|[from] Grassy Terrain\n|upkeep\n|\n|t:|1695518069\n|switch|p2b: Flutter Mane|Flutter Mane|100\/100\n|turn|4\n|inactive|breadban has 120 seconds left.\n|\n|t:|1695518088\n|switch|p1a: Zucaritas|Incineroar, F|85\/100\n|-ability|p1a: Zucaritas|Intimidate|boost\n|-unboost|p2a: Rillaboom|atk|1\n|-unboost|p2b: Flutter Mane|atk|1\n|move|p2a: Rillaboom|Grassy Glide|p1a: Zucaritas\n|-resisted|p1a: Zucaritas\n|-damage|p1a: Zucaritas|74\/100\n|move|p2b: Flutter Mane|Moonblast|p1b: Amazon\n|-damage|p1b: Amazon|2\/100\n|-unboost|p1b: Amazon|spa|1\n|move|p1b: Amazon|Hurricane|p2a: Rillaboom\n|-supereffective|p2a: Rillaboom\n|-damage|p2a: Rillaboom|56\/100\n|\n|-weather|RainDance|[upkeep]\n|-heal|p2a: Rillaboom|62\/100|[from] Grassy Terrain\n|-heal|p1a: Zucaritas|80\/100|[from] Grassy Terrain\n|upkeep\n|turn|5\n|inactive|breadban has 120 seconds left.\n|inactive|user58342485 has 120 seconds left.\n|\n|t:|1695518134\n|switch|p2a: Volcanion|Volcanion|100\/100\n|move|p1b: Amazon|Protect|p1b: Amazon\n|-singleturn|p1b: Amazon|Protect\n|move|p2b: Flutter Mane|Moonblast|p1a: Zucaritas\n|-damage|p1a: Zucaritas|3\/100\n|move|p1a: Zucaritas|Parting Shot|p2b: Flutter Mane\n|-unboost|p2b: Flutter Mane|atk|1\n|-unboost|p2b: Flutter Mane|spa|1\n|inactive|breadban has 90 seconds left.\n|\n|t:|1695518153\n|switch|p1a: Basculegion|Basculegion-F, F, tera:Fighting|23\/100|[from] Parting Shot\n|\n|-weather|RainDance|[upkeep]\n|-heal|p1a: Basculegion|29\/100|[from] Grassy Terrain\n|upkeep\n|turn|6\n|inactive|user58342485 has 120 seconds left.\n|\n|t:|1695518190\n|-end|p2b: Flutter Mane|Protosynthesis|[silent]\n|switch|p2b: Tornadus|Tornadus, M|100\/100\n|move|p1a: Basculegion|Shadow Ball|p2b: Tornadus\n|-damage|p2b: Tornadus|19\/100\n|-unboost|p2b: Tornadus|spd|1\n|move|p2a: Volcanion|Earth Power|p1a: Basculegion\n|-damage|p1a: Basculegion|0 fnt\n|faint|p1a: Basculegion\n|move|p1b: Amazon|Hurricane|p2a: Volcanion\n|-damage|p2a: Volcanion|77\/100\n|-start|p2a: Volcanion|confusion\n|\n|-weather|RainDance|[upkeep]\n|-heal|p2a: Volcanion|83\/100|[from] Grassy Terrain\n|upkeep\n|inactive|breadban has 90 seconds left.\n|\n|t:|1695518206\n|switch|p1a: Miss. Gardi|Gardevoir, F, shiny|100\/100\n|turn|7\n|inactive|breadban has 90 seconds left.\n|inactive|user58342485 has 120 seconds left.\n|\n|t:|1695518234\n|-zpower|p2b: Tornadus\n|move|p2b: Tornadus|Supersonic Skystrike|p1a: Miss. Gardi|[zeffect]\n|-damage|p1a: Miss. Gardi|14\/100\n|-activate|p2a: Volcanion|confusion\n|-damage|p2a: Volcanion|77\/100|[from] confusion\n|move|p1b: Amazon|Hurricane|p2a: Volcanion\n|-damage|p2a: Volcanion|56\/100\n|move|p1a: Miss. Gardi|Expanding Force|p2a: Volcanion\n|-damage|p2a: Volcanion|32\/100\n|\n|-weather|none\n|-heal|p2a: Volcanion|38\/100|[from] Grassy Terrain\n|-heal|p1a: Miss. Gardi|20\/100|[from] Grassy Terrain\n|-fieldend|move: Grassy Terrain\n|upkeep\n|turn|8\n|inactive|breadban has 90 seconds left.\n|inactive|user58342485 has 120 seconds left.\n|\n|t:|1695518272\n|move|p1b: Amazon|Protect|p1b: Amazon\n|-singleturn|p1b: Amazon|Protect\n|move|p1a: Miss. Gardi|Protect|p1a: Miss. Gardi\n|-singleturn|p1a: Miss. Gardi|Protect\n|move|p2b: Tornadus|Bleakwind Storm|p1a: Miss. Gardi|[spread] \n|-activate|p1a: Miss. Gardi|move: Protect\n|-activate|p1b: Amazon|move: Protect\n|-activate|p2a: Volcanion|confusion\n|-damage|p2a: Volcanion|32\/100|[from] confusion\n|\n|upkeep\n|turn|9\n|inactive|breadban has 90 seconds left.\n|\n|t:|1695518289\n|switch|p1a: Juana Manso|Clodsire, F|100\/100\n|move|p2b: Tornadus|Bleakwind Storm|p1b: Amazon|[spread] p1a\n|-miss|p2b: Tornadus|p1b: Amazon\n|-damage|p1a: Juana Manso|80\/100\n|-end|p2a: Volcanion|confusion\n|move|p2a: Volcanion|Steam Eruption|p1a: Juana Manso\n|-heal|p1a: Juana Manso|100\/100|[from] ability: Water Absorb|[of] p2a: Volcanion\n|move|p1b: Amazon|Hurricane|p2a: Volcanion\n|-damage|p2a: Volcanion|8\/100\n|\n|upkeep\n|turn|10\n|\n|t:|1695518307\n|move|p1b: Amazon|Wide Guard|p1b: Amazon\n|-singleturn|p1b: Amazon|Wide Guard\n|move|p2b: Tornadus|Bleakwind Storm|p1a: Juana Manso|[spread] \n|-activate|p1a: Juana Manso|move: Wide Guard\n|-activate|p1b: Amazon|move: Wide Guard\n|move|p2a: Volcanion|Earth Power|p1a: Juana Manso\n|-supereffective|p1a: Juana Manso\n|-damage|p1a: Juana Manso|64\/100\n|move|p1a: Juana Manso|Earthquake|p2b: Tornadus|[spread] p2a\n|-activate|p1b: Amazon|move: Wide Guard\n|-immune|p2b: Tornadus\n|-supereffective|p2a: Volcanion\n|-damage|p2a: Volcanion|0 fnt\n|faint|p2a: Volcanion\n|\n|-heal|p1a: Juana Manso|71\/100|[from] item: Black Sludge\n|upkeep\n|j| qasxcfdcvbjhygtf\n|\n|t:|1695518324\n|switch|p2a: Flutter Mane|Flutter Mane|100\/100\n|turn|11\n|inactive|breadban has 120 seconds left.\n|inactive|user58342485 has 120 seconds left.\n|inactive|user58342485 has 90 seconds left.\n|\n|t:|1695518399\n|-end|p2a: Flutter Mane|Protosynthesis|[silent]\n|switch|p2a: Rillaboom|Rillaboom, M|62\/100\n|-fieldstart|move: Grassy Terrain|[from] ability: Grassy Surge|[of] p2a: Rillaboom\n|move|p2b: Tornadus|Taunt|p1b: Amazon\n|-start|p1b: Amazon|move: Taunt\n|move|p1b: Amazon|Surf|p2b: Tornadus|[spread] p2a,p2b\n|-heal|p1a: Juana Manso|96\/100|[from] ability: Water Absorb|[of] p1b: Amazon\n|-resisted|p2a: Rillaboom\n|-damage|p2a: Rillaboom|56\/100\n|-damage|p2b: Tornadus|0 fnt\n|faint|p2b: Tornadus\n|move|p1a: Juana Manso|Earthquake|p2a: Rillaboom|[spread] p2a\n|-immune|p1b: Amazon\n|-resisted|p2a: Rillaboom\n|-damage|p2a: Rillaboom|52\/100\n|\n|-heal|p2a: Rillaboom|58\/100|[from] Grassy Terrain\n|-heal|p1a: Juana Manso|100\/100|[from] Grassy Terrain\n|upkeep\n|\n|t:|1695518416\n|switch|p2b: Flutter Mane|Flutter Mane|100\/100\n|turn|12\n|inactive|user58342485 has 90 seconds left.\n|\n|t:|1695518428\n|move|p2b: Flutter Mane|Moonblast|p1a: Juana Manso\n|-resisted|p1a: Juana Manso\n|-damage|p1a: Juana Manso|80\/100\n|move|p2a: Rillaboom|Wood Hammer|p1a: Juana Manso\n|-damage|p1a: Juana Manso|0 fnt\n|faint|p1a: Juana Manso\n|-damage|p2a: Rillaboom|27\/100|[from] Recoil\n|move|p1b: Amazon|Hurricane|p2a: Rillaboom\n|-supereffective|p2a: Rillaboom\n|-damage|p2a: Rillaboom|0 fnt\n|faint|p2a: Rillaboom\n|\n|upkeep\n|inactive|breadban has 120 seconds left.\n|\n|t:|1695518442\n|switch|p1a: Miss. Gardi|Gardevoir, F, shiny|20\/100\n|turn|13\n|l| qasxcfdcvbjhygtf\n|\n|t:|1695518463\n|move|p1a: Miss. Gardi|Protect|p1a: Miss. Gardi\n|-singleturn|p1a: Miss. Gardi|Protect\n|move|p2b: Flutter Mane|Moonblast|p1a: Miss. Gardi\n|-activate|p1a: Miss. Gardi|move: Protect\n|move|p1b: Amazon|Hurricane|p2b: Flutter Mane\n|-damage|p2b: Flutter Mane|67\/100\n|\n|-heal|p2b: Flutter Mane|73\/100|[from] Grassy Terrain\n|-heal|p1a: Miss. Gardi|26\/100|[from] Grassy Terrain\n|-end|p1b: Amazon|move: Taunt\n|upkeep\n|turn|14\n|\n|t:|1695518482\n|switch|p1a: Zucaritas|Incineroar, F|3\/100\n|-ability|p1a: Zucaritas|Intimidate|boost\n|-unboost|p2b: Flutter Mane|atk|1\n|move|p2b: Flutter Mane|Moonblast|p1a: Zucaritas\n|-damage|p1a: Zucaritas|0 fnt\n|faint|p1a: Zucaritas\n|move|p1b: Amazon|Hurricane|p2b: Flutter Mane\n|-damage|p2b: Flutter Mane|38\/100\n|\n|-heal|p2b: Flutter Mane|44\/100|[from] Grassy Terrain\n|upkeep\n|\n|t:|1695518493\n|switch|p1a: Miss. Gardi|Gardevoir, F, shiny|26\/100\n|turn|15\n|\n|t:|1695518505\n|move|p1a: Miss. Gardi|Protect|p1a: Miss. Gardi\n|-singleturn|p1a: Miss. Gardi|Protect\n|move|p2b: Flutter Mane|Moonblast|p1b: Amazon\n|-damage|p1b: Amazon|0 fnt\n|faint|p1b: Amazon\n|\n|-heal|p2b: Flutter Mane|50\/100|[from] Grassy Terrain\n|-heal|p1a: Miss. Gardi|33\/100|[from] Grassy Terrain\n|-fieldend|move: Grassy Terrain\n|upkeep\n|turn|16\n|c|\u2606user58342485|gg\n|\n|t:|1695518527\n|detailschange|p1a: Miss. Gardi|Gardevoir-Mega, F, shiny\n|-mega|p1a: Miss. Gardi|Gardevoir|Gardevoirite\n|move|p2b: Flutter Mane|Moonblast|p1a: Miss. Gardi\n|-damage|p1a: Miss. Gardi|0 fnt\n|faint|p1a: Miss. Gardi\n|\n|win|user58342485\n|raw|breadban's rating: 1466 &rarr; <strong>1448<\/strong><br \/>(-18 for losing)\n|raw|user58342485's rating: 1506 &rarr; <strong>1524<\/strong><br \/>(+18 for winning)\n|c|\u2606breadban|GG\n|c|\u2606user58342485|cool team :)\n|c|\u2606breadban|thank you\n|l|\u2606breadban\n","uploadtime":1695518563,"views":32,"p1id":"breadban","p2id":"user58342485","formatid":"gen9nationaldexdoubles","rating":1448,"private":0,"password":""}