{"id":"gen9nationaldexdoubles-1985610609","p1":"SORRY NOOB U LOSE","p2":"MadJac","format":"[Gen 9] National Dex Doubles","log":"|j|\u2606SORRY NOOB U LOSE\n|j|\u2606MadJac\n|t:|1699388863\n|gametype|doubles\n|player|p1|SORRY NOOB U LOSE|picnicker|1101\n|player|p2|MadJac|roxie|1029\n|teamsize|p1|6\n|teamsize|p2|6\n|gen|9\n|tier|[Gen 9] National Dex Doubles\n|rated|\n|rule|HP Percentage Mod: HP is shown in percentages\n|rule|Endless Battle Clause: Forcing endless battles is banned\n|rule|OHKO Clause: OHKO moves are banned\n|rule|Evasion Moves Clause: Evasion moves are banned\n|rule|Evasion Abilities Clause: Evasion abilities are banned\n|rule|Species Clause: Limit one of each Pok\u00e9mon\n|rule|Gravity Sleep Clause: The combination of sleep-inducing moves with imperfect accuracy and Gravity or Gigantamax Orbeetle are banned\n|clearpoke\n|poke|p1|Indeedee, M|\n|poke|p1|Deoxys-Attack|\n|poke|p1|Typhlosion, F|\n|poke|p1|Kartana|\n|poke|p1|Murkrow, M|\n|poke|p1|Shuckle, F|\n|poke|p2|Banette, M|\n|poke|p2|Gengar, F|\n|poke|p2|Sylveon, M|\n|poke|p2|Zoroark-Hisui, F|\n|poke|p2|Toxtricity, M|\n|poke|p2|Noivern, F|\n|teampreview\n|\n|t:|1699388870\n|start\n|switch|p1a: Murkrow|Murkrow, M|100\/100\n|switch|p1b: Shuckle|Shuckle, F|100\/100\n|switch|p2a: Banette|Banette, M|100\/100\n|switch|p2b: Gengar|Gengar, F, shiny|100\/100\n|turn|1\n|\n|t:|1699388896\n|move|p1a: Murkrow|Perish Song|p1a: Murkrow\n|-start|p1a: Murkrow|perish3|[silent]\n|-start|p1b: Shuckle|perish3|[silent]\n|-start|p2a: Banette|perish3|[silent]\n|-start|p2b: Gengar|perish3|[silent]\n|-fieldactivate|move: Perish Song\n|move|p2b: Gengar|Hypnosis|p1a: Murkrow\n|-status|p1a: Murkrow|slp|[from] move: Hypnosis\n|move|p2a: Banette|Thunder Wave|p1b: Shuckle\n|-status|p1b: Shuckle|par\n|move|p1b: Shuckle|Sticky Web|p2a: Banette\n|-sidestart|p2: MadJac|move: Sticky Web\n|\n|-start|p2b: Gengar|perish3\n|-start|p1a: Murkrow|perish3\n|-start|p2a: Banette|perish3\n|-start|p1b: Shuckle|perish3\n|upkeep\n|turn|2\n|\n|t:|1699388919\n|detailschange|p2a: Banette|Banette-Mega, M\n|-mega|p2a: Banette|Banette|Banettite\n|cant|p1a: Murkrow|slp\n|move|p2a: Banette|Confuse Ray|p1b: Shuckle\n|-start|p1b: Shuckle|confusion\n|move|p2b: Gengar|Hex|p1a: Murkrow\n|-resisted|p1a: Murkrow\n|-damage|p1a: Murkrow|30\/100 slp\n|-activate|p1b: Shuckle|confusion\n|move|p1b: Shuckle|Stealth Rock|p2a: Banette\n|-sidestart|p2: MadJac|move: Stealth Rock\n|\n|-start|p2b: Gengar|perish2\n|-start|p1a: Murkrow|perish2\n|-start|p2a: Banette|perish2\n|-start|p1b: Shuckle|perish2\n|upkeep\n|turn|3\n|\n|t:|1699388983\n|switch|p2a: Noivern|Noivern, F|100\/100\n|-damage|p2a: Noivern|76\/100|[from] Stealth Rock\n|cant|p1a: Murkrow|slp\n|move|p2b: Gengar|Hex|p1a: Murkrow\n|-resisted|p1a: Murkrow\n|-damage|p1a: Murkrow|0 fnt\n|faint|p1a: Murkrow\n|-activate|p1b: Shuckle|confusion\n|-damage|p1b: Shuckle|99\/100 par|[from] confusion\n|\n|-start|p2b: Gengar|perish1\n|-start|p1b: Shuckle|perish1\n|upkeep\n|inactive|Battle timer is ON: inactive players will automatically lose when time's up. (requested by MadJac)\n|inactive|SORRY NOOB U LOSE has 120 seconds left.\n|\n|t:|1699389069\n|switch|p1a: Indeedee|Indeedee, M|100\/100\n|-fieldstart|move: Psychic Terrain|[from] ability: Psychic Surge|[of] p1a: Indeedee\n|turn|4\n|\n|t:|1699389078\n|switch|p2b: Toxtricity|Toxtricity, M|100\/100\n|-activate|p2b: Toxtricity|move: Sticky Web\n|-unboost|p2b: Toxtricity|spe|1\n|-damage|p2b: Toxtricity|88\/100|[from] Stealth Rock\n|-terastallize|p1a: Indeedee|Psychic\n|move|p1a: Indeedee|Expanding Force|p2b: Toxtricity|[spread] p2a,p2b\n|-crit|p2a: Noivern\n|-supereffective|p2b: Toxtricity\n|-damage|p2a: Noivern|0 fnt\n|-damage|p2b: Toxtricity|0 fnt\n|faint|p2a: Noivern\n|faint|p2b: Toxtricity\n|-end|p1b: Shuckle|confusion\n|move|p1b: Shuckle|Power Split|p2: Noivern|[notarget]\n|-fail|p1b: Shuckle\n|\n|-start|p1b: Shuckle|perish0\n|faint|p1b: Shuckle\n|upkeep\n|\n|t:|1699389106\n|switch|p2a: Banette|Banette-Mega, M|100\/100\n|switch|p2b: Sylveon|Sylveon, M|100\/100\n|switch|p1b: Typhlosion|Typhlosion, F|100\/100\n|-activate|p2a: Banette|move: Sticky Web\n|-unboost|p2a: Banette|spe|1\n|-damage|p2a: Banette|88\/100|[from] Stealth Rock\n|-activate|p2b: Sylveon|move: Sticky Web\n|-unboost|p2b: Sylveon|spe|1\n|-damage|p2b: Sylveon|88\/100|[from] Stealth Rock\n|turn|5\n|inactive|SORRY NOOB U LOSE has 120 seconds left.\n|\n|t:|1699389153\n|move|p1b: Typhlosion|Eruption|p2b: Sylveon|[spread] p2a,p2b\n|-damage|p2a: Banette|26\/100\n|-damage|p2b: Sylveon|54\/100\n|move|p1a: Indeedee|Expanding Force|p2a: Banette|[spread] p2a,p2b\n|-damage|p2a: Banette|0 fnt\n|-damage|p2b: Sylveon|4\/100\n|faint|p2a: Banette\n|move|p2b: Sylveon|Light Screen|p2b: Sylveon\n|-sidestart|p2: MadJac|move: Light Screen\n|\n|upkeep\n|\n|t:|1699389164\n|switch|p2a: Gengar|Gengar, F, shiny|100\/100\n|-activate|p2a: Gengar|move: Sticky Web\n|-unboost|p2a: Gengar|spe|1\n|-damage|p2a: Gengar|88\/100|[from] Stealth Rock\n|turn|6\n|\n|t:|1699389180\n|move|p1b: Typhlosion|Eruption|p2a: Gengar|[spread] p2a,p2b\n|-damage|p2a: Gengar|21\/100\n|-damage|p2b: Sylveon|0 fnt\n|replace|p2a: Zoroark|Zoroark-Hisui, F, shiny\n|-end|p2a: Zoroark|Illusion\n|faint|p2b: Sylveon\n|move|p1a: Indeedee|Expanding Force|p2a: Zoroark\n|-damage|p2a: Zoroark|0 fnt\n|faint|p2a: Zoroark\n|\n|upkeep\n|inactive|MadJac has 120 seconds left.\n|\n|t:|1699389203\n|switch|p2b: Gengar|Gengar, F, shiny|100\/100\n|-activate|p2b: Gengar|move: Sticky Web\n|-unboost|p2b: Gengar|spe|1\n|-damage|p2b: Gengar|88\/100|[from] Stealth Rock\n|turn|7\n|\n|t:|1699389218\n|-terastallize|p2b: Gengar|Psychic\n|move|p1b: Typhlosion|Eruption|p2b: Gengar\n|-damage|p2b: Gengar|6\/100\n|move|p1a: Indeedee|Expanding Force|p2b: Gengar\n|-resisted|p2b: Gengar\n|-damage|p2b: Gengar|0 fnt\n|-start|p1a: Indeedee|Disable|Expanding Force|[from] ability: Cursed Body|[of] p2b: Gengar\n|faint|p2b: Gengar\n|\n|win|SORRY NOOB U LOSE\n|raw|SORRY NOOB U LOSE's rating: 1133 &rarr; <strong>1151<\/strong><br \/>(+18 for winning)\n|raw|MadJac's rating: 1029 &rarr; <strong>1019<\/strong><br \/>(-10 for losing)\n|l|\u2606MadJac\n","uploadtime":1699389249,"views":5,"p1id":"sorrynoobulose","p2id":"madjac","formatid":"gen9nationaldexdoubles","rating":1019,"private":0,"password":""}