{"id":"gen9nationaldexdoubles-1954142887","p1":"Mudkiped","p2":"pot rocks","format":"[Gen 9] National Dex Doubles","log":"|j|\u2606Mudkiped\n|j|\u2606pot rocks\n|t:|1695858188\n|gametype|doubles\n|player|p1|Mudkiped|crasherwake|1387\n|player|p2|pot rocks|fisherman-gen4|1125\n|teamsize|p1|6\n|teamsize|p2|6\n|gen|9\n|tier|[Gen 9] National Dex Doubles\n|rated|\n|rule|HP Percentage Mod: HP is shown in percentages\n|rule|Endless Battle Clause: Forcing endless battles is banned\n|rule|OHKO Clause: OHKO moves are banned\n|rule|Evasion Moves Clause: Evasion moves are banned\n|rule|Evasion Abilities Clause: Evasion abilities are banned\n|rule|Species Clause: Limit one of each Pok\u00e9mon\n|rule|Gravity Sleep Clause: The combination of sleep-inducing moves with imperfect accuracy and Gravity or Gigantamax Orbeetle are banned\n|clearpoke\n|poke|p1|Wo-Chien|\n|poke|p1|Sinistcha-Masterpiece|\n|poke|p1|Glimmora, F|\n|poke|p1|Kommo-o, M|\n|poke|p1|Ninetales-Alola, F|\n|poke|p1|Landorus-Therian, M|\n|poke|p2|Ambipom, M|\n|poke|p2|Jolteon, F|\n|poke|p2|Absol, M|\n|poke|p2|Tauros, M|\n|poke|p2|Pidove, M|\n|poke|p2|Weezing-Galar, F|\n|teampreview\n|inactive|Battle timer is ON: inactive players will automatically lose when time's up. (requested by pot rocks)\n|inactive|Mudkiped has 120 seconds left.\n|\n|t:|1695858219\n|start\n|switch|p1a: Big Kahuna|Kommo-o, M, shiny|100\/100\n|switch|p1b: Land of the T|Landorus-Therian, M|100\/100\n|switch|p2a: Ambipom|Ambipom, M|100\/100\n|switch|p2b: Jolteon|Jolteon, F|100\/100\n|-ability|p1b: Land of the T|Intimidate|boost\n|-unboost|p2a: Ambipom|atk|1\n|-unboost|p2b: Jolteon|atk|1\n|turn|1\n|\n|t:|1695858244\n|-terastallize|p2b: Jolteon|Grass\n|move|p2a: Ambipom|Fake Out|p1a: Big Kahuna\n|-damage|p1a: Big Kahuna|83\/100\n|move|p1b: Land of the T|U-turn|p2b: Jolteon\n|-supereffective|p2b: Jolteon\n|-damage|p2b: Jolteon|2\/100\n|\n|t:|1695858252\n|switch|p1b: In A Hot Tub|Sinistcha-Masterpiece, shiny|100\/100|[from] U-turn\n|-heal|p1a: Big Kahuna|100\/100|[from] ability: Hospitality|[of] p1b: In A Hot Tub\n|move|p2b: Jolteon|Hidden Power|p1b: In A Hot Tub\n|-supereffective|p1b: In A Hot Tub\n|-damage|p1b: In A Hot Tub|64\/100\n|cant|p1a: Big Kahuna|flinch\n|\n|upkeep\n|turn|2\n|\n|t:|1695858270\n|switch|p1b: WatchYoStep|Glimmora, F|100\/100\n|move|p2b: Jolteon|Hidden Power|p1a: Big Kahuna\n|-supereffective|p1a: Big Kahuna\n|-damage|p1a: Big Kahuna|60\/100\n|move|p2a: Ambipom|Aerial Ace|p1a: Big Kahuna\n|-supereffective|p1a: Big Kahuna\n|-damage|p1a: Big Kahuna|29\/100\n|-enditem|p1a: Big Kahuna|Sitrus Berry|[eat]\n|-heal|p1a: Big Kahuna|54\/100|[from] item: Sitrus Berry\n|move|p1a: Big Kahuna|Clangorous Soul|p1a: Big Kahuna\n|-boost|p1a: Big Kahuna|atk|1\n|-boost|p1a: Big Kahuna|def|1\n|-boost|p1a: Big Kahuna|spa|1\n|-boost|p1a: Big Kahuna|spd|1\n|-boost|p1a: Big Kahuna|spe|1\n|-damage|p1a: Big Kahuna|21\/100\n|\n|upkeep\n|turn|3\n|\n|t:|1695858290\n|switch|p1b: In A Hot Tub|Sinistcha-Masterpiece, shiny|64\/100\n|-heal|p1a: Big Kahuna|46\/100|[from] ability: Hospitality|[of] p1b: In A Hot Tub\n|move|p2b: Jolteon|Hidden Power|p1a: Big Kahuna\n|-supereffective|p1a: Big Kahuna\n|-damage|p1a: Big Kahuna|18\/100\n|move|p2a: Ambipom|Double Hit|p1a: Big Kahuna\n|-damage|p1a: Big Kahuna|9\/100\n|-damage|p1a: Big Kahuna|0 fnt\n|faint|p1a: Big Kahuna\n|-hitcount|p1: Big Kahuna|2\n|\n|upkeep\n|\n|t:|1695858303\n|switch|p1a: Big W|Wo-Chien|100\/100\n|-ability|p1a: Big W|Tablets of Ruin\n|turn|4\n|n|!pot rocks|potrocks\n|\n|t:|1695858319\n|switch|p2a: Weezing|Weezing-Galar, F|100\/100\n|-ability|p2a: Weezing|Neutralizing Gas\n|move|p2b: Jolteon|Shadow Ball|p2a: Weezing\n|-damage|p2a: Weezing|62\/100\n|-unboost|p2a: Weezing|spd|1\n|move|p1b: In A Hot Tub|Matcha Gotcha|p2b: Jolteon|[spread] p2a,p2b\n|-resisted|p2a: Weezing\n|-resisted|p2b: Jolteon\n|-damage|p2a: Weezing|34\/100\n|-heal|p1b: In A Hot Tub|77\/100|[from] drain|[of] p2a: Weezing\n|-damage|p2b: Jolteon|0 fnt\n|-heal|p1b: In A Hot Tub|78\/100|[from] drain|[of] p2b: Jolteon\n|faint|p2b: Jolteon\n|move|p1a: Big W|Foul Play|p2a: Weezing\n|-resisted|p2a: Weezing\n|-damage|p2a: Weezing|27\/100\n|\n|-heal|p2a: Weezing|33\/100|[from] item: Leftovers\n|upkeep\n|\n|t:|1695858333\n|switch|p2b: Absol|Absol, M|100\/100\n|turn|5\n|\n|t:|1695858356\n|switch|p1b: Land of the T|Landorus-Therian, M|100\/100\n|move|p2b: Absol|Sucker Punch||[still]\n|-fail|p2b: Absol\n|move|p1a: Big W|Pollen Puff|p2b: Absol\n|-supereffective|p2b: Absol\n|-damage|p2b: Absol|30\/100\n|move|p2a: Weezing|Dazzling Gleam|p1b: Land of the T|[spread] p1a,p1b\n|-supereffective|p1a: Big W\n|-damage|p1a: Big W|78\/100\n|-damage|p1b: Land of the T|75\/100\n|\n|-heal|p1a: Big W|84\/100|[from] item: Leftovers\n|-heal|p2a: Weezing|39\/100|[from] item: Leftovers\n|upkeep\n|turn|6\n|j| Where's your Fang\n|inactive|Mudkiped has 120 seconds left.\n|\n|t:|1695858406\n|move|p2b: Absol|Sucker Punch|p1b: Land of the T\n|-damage|p1b: Land of the T|29\/100\n|move|p1b: Land of the T|Rock Slide|p2a: Weezing|[spread] p2a,p2b\n|-crit|p2b: Absol\n|-damage|p2a: Weezing|24\/100\n|-damage|p2b: Absol|0 fnt\n|faint|p2b: Absol\n|move|p1a: Big W|Pollen Puff|p2a: Weezing\n|-resisted|p2a: Weezing\n|-damage|p2a: Weezing|15\/100\n|cant|p2a: Weezing|flinch\n|\n|-heal|p1a: Big W|90\/100|[from] item: Leftovers\n|-heal|p2a: Weezing|21\/100|[from] item: Leftovers\n|upkeep\n|inactive|pot rocks has 120 seconds left.\n|\n|t:|1695858421\n|switch|p2b: Ambipom|Ambipom, M|100\/100\n|turn|7\n|inactive|Mudkiped has 120 seconds left.\n|\n|t:|1695858457\n|switch|p1b: WatchYoStep|Glimmora, F|100\/100\n|switch|p2b: Pidove|Pidove, M|100\/100\n|switch|p1a: In A Hot Tub|Sinistcha-Masterpiece, shiny|78\/100\n|move|p2a: Weezing|Dazzling Gleam|p1a: In A Hot Tub|[spread] p1a,p1b\n|-resisted|p1b: WatchYoStep\n|-damage|p1a: In A Hot Tub|60\/100\n|-damage|p1b: WatchYoStep|89\/100\n|\n|-heal|p2a: Weezing|27\/100|[from] item: Leftovers\n|upkeep\n|turn|8\n|inactive|Mudkiped has 120 seconds left.\n|l| Where's your Fang\n|\n|t:|1695858476\n|move|p1b: WatchYoStep|Power Gem|p2a: Weezing\n|-crit|p2a: Weezing\n|-damage|p2a: Weezing|0 fnt\n|faint|p2a: Weezing\n|-end|p2a: Weezing|ability: Neutralizing Gas\n|-heal|p1b: WatchYoStep|100\/100|[from] ability: Hospitality|[of] p1a: In A Hot Tub\n|move|p2b: Pidove|Taunt|p1b: WatchYoStep\n|-start|p1b: WatchYoStep|move: Taunt\n|move|p1a: In A Hot Tub|Trick Room|p1a: In A Hot Tub\n|-fieldstart|move: Trick Room|[of] p1a: In A Hot Tub\n|\n|upkeep\n|\n|t:|1695858485\n|switch|p2a: Ambipom|Ambipom, M|100\/100\n|turn|9\n|\n|t:|1695858494\n|move|p2b: Pidove|Quick Attack|p1a: In A Hot Tub\n|-immune|p1a: In A Hot Tub\n|move|p1a: In A Hot Tub|Matcha Gotcha|p2b: Pidove|[spread] p2a,p2b\n|-resisted|p2b: Pidove\n|-damage|p2a: Ambipom|57\/100\n|-heal|p1a: In A Hot Tub|78\/100|[from] drain|[of] p2a: Ambipom\n|-damage|p2b: Pidove|64\/100\n|-heal|p1a: In A Hot Tub|94\/100|[from] drain|[of] p2b: Pidove\n|move|p1b: WatchYoStep|Mortal Spin|p2a: Ambipom|[spread] p2a,p2b\n|-damage|p2a: Ambipom|49\/100\n|-damage|p2b: Pidove|55\/100\n|-status|p2a: Ambipom|psn\n|-status|p2b: Pidove|psn\n|move|p2a: Ambipom|Aerial Ace|p1a: In A Hot Tub\n|-supereffective|p1a: In A Hot Tub\n|-damage|p1a: In A Hot Tub|35\/100\n|-damage|p2a: Ambipom|32\/100 psn|[from] item: Rocky Helmet|[of] p1a: In A Hot Tub\n|\n|-damage|p2b: Pidove|43\/100 psn|[from] psn\n|-damage|p2a: Ambipom|20\/100 psn|[from] psn\n|upkeep\n|turn|10\n|\n|t:|1695858519\n|move|p2b: Pidove|Detect|p2b: Pidove\n|-singleturn|p2b: Pidove|Protect\n|move|p1a: In A Hot Tub|Matcha Gotcha|p2a: Ambipom|[spread] p2a\n|-activate|p2b: Pidove|move: Protect\n|-damage|p2a: Ambipom|0 fnt\n|-heal|p1a: In A Hot Tub|43\/100|[from] drain|[of] p2a: Ambipom\n|faint|p2a: Ambipom\n|move|p1b: WatchYoStep|Power Gem|p2b: Pidove\n|-activate|p2b: Pidove|move: Protect\n|\n|-damage|p2b: Pidove|31\/100 psn|[from] psn\n|upkeep\n|\n|t:|1695858529\n|switch|p2a: Tauros|Tauros, M|100\/100\n|turn|11\n|\n|t:|1695858541\n|switch|p1b: Land of the T|Landorus-Therian, M|29\/100\n|-ability|p1b: Land of the T|Intimidate|boost\n|-unboost|p2a: Tauros|atk|1\n|-unboost|p2b: Pidove|atk|1\n|move|p2b: Pidove|Quick Attack|p2a: Tauros\n|-damage|p2a: Tauros|93\/100\n|move|p1a: In A Hot Tub|Matcha Gotcha|p2a: Tauros|[spread] p2a,p2b\n|-resisted|p2b: Pidove\n|-damage|p2a: Tauros|49\/100\n|-heal|p1a: In A Hot Tub|62\/100|[from] drain|[of] p2a: Tauros\n|-damage|p2b: Pidove|0 fnt\n|-heal|p1a: In A Hot Tub|75\/100|[from] drain|[of] p2b: Pidove\n|faint|p2b: Pidove\n|move|p2a: Tauros|Earthquake|p1b: Land of the T|[spread] p1a\n|-immune|p1b: Land of the T\n|-resisted|p1a: In A Hot Tub\n|-damage|p1a: In A Hot Tub|68\/100\n|\n|-heal|p2a: Tauros|55\/100|[from] item: Leftovers\n|upkeep\n|turn|12\n|\n|t:|1695858570\n|move|p1a: In A Hot Tub|Rage Powder|p1a: In A Hot Tub\n|-singleturn|p1a: In A Hot Tub|move: Rage Powder\n|move|p2a: Tauros|Rock Slide|p1b: Land of the T|[spread] p1a\n|-miss|p2a: Tauros|p1b: Land of the T\n|-damage|p1a: In A Hot Tub|57\/100\n|move|p1b: Land of the T|Stomping Tantrum|p2a: Tauros\n|-damage|p2a: Tauros|6\/100\n|\n|-heal|p2a: Tauros|12\/100|[from] item: Leftovers\n|-fieldend|move: Trick Room\n|upkeep\n|turn|13\n|\n|t:|1695858583\n|move|p1b: Land of the T|Stomping Tantrum|p2a: Tauros\n|-damage|p2a: Tauros|0 fnt\n|faint|p2a: Tauros\n|\n|win|Mudkiped\n|raw|Mudkiped's rating: 1387 &rarr; <strong>1394<\/strong><br \/>(+7 for winning)\n|raw|pot rocks's rating: 1125 &rarr; <strong>1116<\/strong><br \/>(-9 for losing)\n","uploadtime":1695858306,"views":5,"p1id":"mudkiped","p2id":"potrocks","formatid":"gen9nationaldexdoubles","rating":1116,"private":0,"password":""}