{"id":"gen9nationaldexdoubles-1952882282","p1":"AceofJades39","p2":"SquidSpring","format":"[Gen 9] National Dex Doubles","log":"|j|\u2606AceofJades39\n|j|\u2606SquidSpring\n|t:|1695737600\n|gametype|doubles\n|player|p1|AceofJades39|cheryl|1370\n|player|p2|SquidSpring|iono|1431\n|teamsize|p1|6\n|teamsize|p2|6\n|gen|9\n|tier|[Gen 9] National Dex Doubles\n|rated|\n|rule|HP Percentage Mod: HP is shown in percentages\n|rule|Endless Battle Clause: Forcing endless battles is banned\n|rule|OHKO Clause: OHKO moves are banned\n|rule|Evasion Moves Clause: Evasion moves are banned\n|rule|Evasion Abilities Clause: Evasion abilities are banned\n|rule|Species Clause: Limit one of each Pok\u00e9mon\n|rule|Gravity Sleep Clause: The combination of sleep-inducing moves with imperfect accuracy and Gravity or Gigantamax Orbeetle are banned\n|clearpoke\n|poke|p1|Weezing-Galar, M|\n|poke|p1|Regigigas|\n|poke|p1|Iron Hands|\n|poke|p1|Sinistcha-Masterpiece|\n|poke|p1|Ninetales-Alola, M|\n|poke|p1|Landorus-Therian, M|\n|poke|p2|Sirfetch\u2019d, M|\n|poke|p2|Rillaboom, M|\n|poke|p2|Volcanion|\n|poke|p2|Zygarde|\n|poke|p2|Jirachi|\n|poke|p2|Tornadus, M|\n|teampreview\n|inactive|Battle timer is ON: inactive players will automatically lose when time's up. (requested by SquidSpring)\n|c|\u2606SquidSpring|glhf\n|\n|t:|1695737613\n|start\n|switch|p1a: Hugo|Iron Hands|100\/100\n|switch|p1b: Harm|Landorus-Therian, M|100\/100\n|switch|p2a: Zygarde|Zygarde|100\/100\n|switch|p2b: Sirfetch\u2019d|Sirfetch\u2019d, M|100\/100\n|-ability|p1b: Harm|Intimidate|boost\n|-fail|p2a: Zygarde|unboost|[from] item: Clear Amulet|[of] p2a: Zygarde\n|-unboost|p2b: Sirfetch\u2019d|atk|1\n|-ability|p2a: Zygarde|Aura Break\n|turn|1\n|\n|t:|1695737629\n|move|p1a: Hugo|Fake Out|p2b: Sirfetch\u2019d\n|-damage|p2b: Sirfetch\u2019d|85\/100\n|move|p1b: Harm|U-turn|p2a: Zygarde\n|-damage|p2a: Zygarde|79\/100\n|\n|t:|1695737635\n|switch|p1b: Blizz|Ninetales-Alola, M|100\/100|[from] U-turn\n|-weather|Snow|[from] ability: Snow Warning|[of] p1b: Blizz\n|cant|p2b: Sirfetch\u2019d|flinch\n|-ability|p2b: Sirfetch\u2019d|Steadfast|boost\n|-boost|p2b: Sirfetch\u2019d|spe|1\n|move|p2a: Zygarde|Dragon Dance|p2a: Zygarde\n|-boost|p2a: Zygarde|atk|1\n|-boost|p2a: Zygarde|spe|1\n|\n|-weather|Snow|[upkeep]\n|upkeep\n|turn|2\n|\n|t:|1695737652\n|-end|p1a: Hugo|Quark Drive|[silent]\n|switch|p1a: Harm|Landorus-Therian, M|100\/100\n|-ability|p1a: Harm|Intimidate|boost\n|-fail|p2a: Zygarde|unboost|[from] item: Clear Amulet|[of] p2a: Zygarde\n|-unboost|p2b: Sirfetch\u2019d|atk|1\n|-terastallize|p2a: Zygarde|Steel\n|move|p2b: Sirfetch\u2019d|Simple Beam|p2a: Zygarde\n|-endability|p2a: Zygarde|Aura Break|[from] move: Simple Beam\n|-ability|p2a: Zygarde|Simple|[from] move: Simple Beam\n|move|p2a: Zygarde|Thousand Arrows|p1a: Harm|[spread] p1a,p1b\n|-crit|p1a: Harm\n|-damage|p1a: Harm|13\/100\n|-damage|p1b: Blizz|56\/100\n|-start|p1a: Harm|Smack Down\n|move|p1b: Blizz|Freeze-Dry|p2a: Zygarde\n|-resisted|p2a: Zygarde\n|-damage|p2a: Zygarde|68\/100\n|\n|-weather|Snow|[upkeep]\n|upkeep\n|turn|3\n|\n|t:|1695737669\n|move|p1a: Harm|Stomping Tantrum|p2a: Zygarde\n|-supereffective|p2a: Zygarde\n|-damage|p2a: Zygarde|7\/100\n|move|p2b: Sirfetch\u2019d|Coaching|p2a: Zygarde\n|-boost|p2a: Zygarde|atk|2\n|-boost|p2a: Zygarde|def|2\n|move|p2a: Zygarde|Thousand Arrows|p1b: Blizz|[spread] p1a,p1b\n|-damage|p1a: Harm|0 fnt\n|-damage|p1b: Blizz|0 fnt\n|faint|p1a: Harm\n|faint|p1b: Blizz\n|\n|-weather|Snow|[upkeep]\n|upkeep\n|\n|t:|1695737684\n|switch|p1b: Hugo|Iron Hands|100\/100\n|switch|p1a: Doug|Weezing-Galar, M|100\/100\n|-ability|p1a: Doug|Neutralizing Gas\n|turn|4\n|j| breadban\n|\n|t:|1695737693\n|move|p2b: Sirfetch\u2019d|Quick Guard|p2b: Sirfetch\u2019d\n|-singleturn|p2b: Sirfetch\u2019d|Quick Guard\n|move|p1b: Hugo|Fake Out|p2a: Zygarde\n|-activate|p2a: Zygarde|move: Quick Guard\n|move|p2a: Zygarde|Thousand Arrows|p1b: Hugo|[spread] p1a,p1b\n|-supereffective|p1a: Doug\n|-supereffective|p1b: Hugo\n|-damage|p1a: Doug|0 fnt\n|-damage|p1b: Hugo|0 fnt\n|faint|p1a: Doug\n|-end|p1a: Doug|ability: Neutralizing Gas\n|faint|p1b: Hugo\n|-end|p1b: Hugo|Quark Drive|[silent]\n|\n|-weather|Snow|[upkeep]\n|upkeep\n|\n|t:|1695737701\n|switch|p1a: Chug Jug|Sinistcha-Masterpiece|100\/100\n|switch|p1b: The Woah|Regigigas, shiny|100\/100\n|-start|p1b: The Woah|ability: Slow Start\n|turn|5\n|\n|t:|1695737713\n|move|p2b: Sirfetch\u2019d|Coaching|p2a: Zygarde\n|-boost|p2a: Zygarde|atk|2\n|-boost|p2a: Zygarde|def|2\n|move|p2a: Zygarde|Thousand Arrows|p1a: Chug Jug|[spread] p1a,p1b\n|-resisted|p1a: Chug Jug\n|-damage|p1a: Chug Jug|50\/100\n|-damage|p1b: The Woah|19\/100\n|move|p1a: Chug Jug|Matcha Gotcha|p2b: Sirfetch\u2019d|[spread] p2b\n|-miss|p1a: Chug Jug|p2a: Zygarde\n|-damage|p2b: Sirfetch\u2019d|54\/100\n|-heal|p1a: Chug Jug|64\/100|[from] drain|[of] p2b: Sirfetch\u2019d\n|move|p1b: The Woah|Knock Off|p2a: Zygarde\n|-damage|p2a: Zygarde|2\/100\n|-enditem|p2a: Zygarde|Clear Amulet|[from] move: Knock Off|[of] p1b: The Woah\n|\n|-weather|none\n|upkeep\n|turn|6\n|\n|t:|1695737739\n|move|p2b: Sirfetch\u2019d|Close Combat|p1b: The Woah\n|-supereffective|p1b: The Woah\n|-damage|p1b: The Woah|0 fnt\n|-unboost|p2b: Sirfetch\u2019d|def|1\n|-unboost|p2b: Sirfetch\u2019d|spd|1\n|faint|p1b: The Woah\n|-end|p1b: The Woah|Slow Start|[silent]\n|move|p2a: Zygarde|Thousand Arrows|p1a: Chug Jug\n|-resisted|p1a: Chug Jug\n|-damage|p1a: Chug Jug|0 fnt\n|faint|p1a: Chug Jug\n|\n|win|SquidSpring\n|raw|AceofJades39's rating: 1370 &rarr; <strong>1353<\/strong><br \/>(-17 for losing)\n|raw|SquidSpring's rating: 1431 &rarr; <strong>1448<\/strong><br \/>(+17 for winning)\n|c|\u2606SquidSpring|gg\n|c|\u2606AceofJades39|hope you're first during the apocalypyse\n|l|\u2606AceofJades39\n|c|\u2606SquidSpring|lmao\n|l| breadban\n|l|\u2606SquidSpring\n|j|\u2606SquidSpring\n|player|p2|SquidSpring|iono\n","uploadtime":1695737837,"views":14,"p1id":"aceofjades39","p2id":"squidspring","formatid":"gen9nationaldexdoubles","rating":1353,"private":0,"password":""}