{"id":"gen9nationaldexdoubles-1955064763","p1":"Skeliton Lord","p2":"Dasia_lovewitch","format":"[Gen 9] National Dex Doubles","log":"|j|\u2606Skeliton Lord\n|j|\u2606Dasia_lovewitch\n|t:|1695952369\n|gametype|doubles\n|player|p1|Skeliton Lord|2|1183\n|player|p2|Dasia_lovewitch|veteranf|1030\n|teamsize|p1|6\n|teamsize|p2|6\n|gen|9\n|tier|[Gen 9] National Dex Doubles\n|rated|\n|rule|HP Percentage Mod: HP is shown in percentages\n|rule|Endless Battle Clause: Forcing endless battles is banned\n|rule|OHKO Clause: OHKO moves are banned\n|rule|Evasion Moves Clause: Evasion moves are banned\n|rule|Evasion Abilities Clause: Evasion abilities are banned\n|rule|Species Clause: Limit one of each Pok\u00e9mon\n|rule|Gravity Sleep Clause: The combination of sleep-inducing moves with imperfect accuracy and Gravity or Gigantamax Orbeetle are banned\n|clearpoke\n|poke|p1|Venusaur, M|\n|poke|p1|Charizard, F|\n|poke|p1|Flutter Mane|\n|poke|p1|Grimmsnarl, M|\n|poke|p1|Gholdengo|\n|poke|p1|Great Tusk|\n|poke|p2|Sinistcha|\n|poke|p2|Polteageist|\n|poke|p2|Meowscarada, M|\n|poke|p2|Delphox, M|\n|poke|p2|Cresselia, F|\n|poke|p2|Darkrai|\n|teampreview\n|inactive|Battle timer is ON: inactive players will automatically lose when time's up. (requested by Skeliton Lord)\n|\n|t:|1695952376\n|start\n|switch|p1a: Charizard|Charizard, F|100\/100\n|switch|p1b: Flutter Mane|Flutter Mane|100\/100\n|switch|p2a: Fire Witch|Delphox, M|100\/100\n|switch|p2b: Grass Magician|Meowscarada, M|100\/100\n|turn|1\n|\n|t:|1695952394\n|detailschange|p1a: Charizard|Charizard-Mega-Y, F\n|-mega|p1a: Charizard|Charizard|Charizardite Y\n|-weather|SunnyDay|[from] ability: Drought|[of] p1a: Charizard\n|-activate|p1b: Flutter Mane|ability: Protosynthesis\n|-start|p1b: Flutter Mane|protosynthesisspe\n|move|p1b: Flutter Mane|Shadow Ball|p2a: Fire Witch\n|-supereffective|p2a: Fire Witch\n|-damage|p2a: Fire Witch|0 fnt\n|faint|p2a: Fire Witch\n|move|p2b: Grass Magician|Trick||[still]\n|-fail|p2b: Grass Magician\n|move|p1a: Charizard|Tailwind|p1a: Charizard\n|-sidestart|p1: Skeliton Lord|move: Tailwind\n|\n|-weather|SunnyDay|[upkeep]\n|-status|p2b: Grass Magician|tox|[from] item: Toxic Orb\n|upkeep\n|inactive|Dasia_lovewitch has 120 seconds left.\n|\n|t:|1695952422\n|switch|p2a: Lumine|Cresselia, F|100\/100\n|turn|2\n|\n|t:|1695952446\n|move|p1b: Flutter Mane|Shadow Ball|p2a: Lumine\n|-supereffective|p2a: Lumine\n|-damage|p2a: Lumine|14\/100\n|move|p1a: Charizard|Flamethrower|p2a: Lumine\n|-damage|p2a: Lumine|0 fnt\n|faint|p2a: Lumine\n|move|p2b: Grass Magician|Leech Seed|p1b: Flutter Mane\n|-start|p1b: Flutter Mane|move: Leech Seed\n|\n|-weather|SunnyDay|[upkeep]\n|-damage|p1b: Flutter Mane|88\/100|[from] Leech Seed|[of] p2b: Grass Magician\n|-damage|p2b: Grass Magician|94\/100 tox|[from] psn\n|upkeep\n|inactive|Dasia_lovewitch has 120 seconds left.\n|\n|t:|1695952461\n|switch|p2a: More tea?|Polteageist, shiny|100\/100\n|turn|3\n|\n|t:|1695952485\n|move|p1b: Flutter Mane|Shadow Ball|p2a: More tea?\n|-supereffective|p2a: More tea?\n|-damage|p2a: More tea?|0 fnt\n|faint|p2a: More tea?\n|move|p1a: Charizard|Ancient Power|p2b: Grass Magician\n|-damage|p2b: Grass Magician|60\/100 tox\n|move|p2b: Grass Magician|Trick|p1b: Flutter Mane\n|-activate|p2b: Grass Magician|move: Trick|[of] p1b: Flutter Mane\n|-item|p1b: Flutter Mane|Toxic Orb|[from] move: Trick\n|-item|p2b: Grass Magician|Choice Specs|[from] move: Trick\n|\n|-weather|SunnyDay|[upkeep]\n|-damage|p1b: Flutter Mane|76\/100|[from] Leech Seed|[of] p2b: Grass Magician\n|-heal|p2b: Grass Magician|70\/100 tox|[silent]\n|-damage|p2b: Grass Magician|58\/100 tox|[from] psn\n|-status|p1b: Flutter Mane|tox|[from] item: Toxic Orb\n|upkeep\n|inactive|Dasia_lovewitch has 120 seconds left.\n|\n|t:|1695952498\n|switch|p2a: Tea Party!|Sinistcha, shiny|100\/100\n|-heal|p2b: Grass Magician|83\/100 tox|[from] ability: Hospitality|[of] p2a: Tea Party!\n|turn|4\n|\n|t:|1695952514\n|move|p1b: Flutter Mane|Shadow Ball|p2a: Tea Party!\n|-supereffective|p2a: Tea Party!\n|-damage|p2a: Tea Party!|0 fnt\n|faint|p2a: Tea Party!\n|move|p1a: Charizard|Flamethrower|p2b: Grass Magician\n|-supereffective|p2b: Grass Magician\n|-damage|p2b: Grass Magician|0 fnt\n|faint|p2b: Grass Magician\n|\n|-weather|SunnyDay|[upkeep]\n|-damage|p1b: Flutter Mane|70\/100 tox|[from] psn\n|-sideend|p1: Skeliton Lord|move: Tailwind\n|upkeep\n|inactive|Dasia_lovewitch has 120 seconds left.\n|\n|t:|1695952529\n|switch|p2a: Lunare|Darkrai, shiny|100\/100\n|turn|5\n|\n|t:|1695952540\n|-end|p1b: Flutter Mane|Protosynthesis|[silent]\n|switch|p1b: Grimmsnarl|Grimmsnarl, M|100\/100\n|switch|p1a: Venusaur|Venusaur, M|100\/100\n|move|p2a: Lunare|Hypnosis|p1a: Venusaur\n|-status|p1a: Venusaur|slp|[from] move: Hypnosis\n|\n|-weather|none\n|-damage|p1a: Venusaur|88\/100 slp|[from] ability: Bad Dreams|[of] p2a: Lunare\n|upkeep\n|turn|6\n|\n|t:|1695952554\n|switch|p1a: Charizard|Charizard-Mega-Y, F|100\/100\n|-weather|SunnyDay|[from] ability: Drought|[of] p1a: Charizard\n|switch|p1b: Great Tusk|Great Tusk|100\/100\n|-activate|p1b: Great Tusk|ability: Protosynthesis\n|-start|p1b: Great Tusk|protosynthesisatk\n|move|p2a: Lunare|Hex|p1a: Charizard\n|-damage|p1a: Charizard|81\/100\n|\n|-weather|SunnyDay|[upkeep]\n|upkeep\n|turn|7\n|c|\u2606Skeliton Lord|We don't sack homies here\n|inactive|Dasia_lovewitch has 120 seconds left.\n|\n|t:|1695952585\n|move|p2a: Lunare|Hex|p1a: Charizard\n|-crit|p1a: Charizard\n|-damage|p1a: Charizard|49\/100\n|move|p1a: Charizard|Tailwind|p1a: Charizard\n|-sidestart|p1: Skeliton Lord|move: Tailwind\n|move|p1b: Great Tusk|Close Combat|p2a: Lunare\n|-supereffective|p2a: Lunare\n|-damage|p2a: Lunare|0 fnt\n|-unboost|p1b: Great Tusk|def|1\n|-unboost|p1b: Great Tusk|spd|1\n|-enditem|p1b: Great Tusk|Eject Pack\n|faint|p2a: Lunare\n|\n|win|Skeliton Lord\n|raw|Skeliton Lord's rating: 1183 &rarr; <strong>1198<\/strong><br \/>(+15 for winning)\n|raw|Dasia_lovewitch's rating: 1030 &rarr; <strong>1022<\/strong><br \/>(-8 for losing)\n|c|\u2606Skeliton Lord|gg\n|c|\u2606Dasia_lovewitch|Dispair\n|c|\u2606Dasia_lovewitch|gg\n","uploadtime":1695952603,"views":16,"p1id":"skelitonlord","p2id":"dasialovewitch","formatid":"gen9nationaldexdoubles","rating":1022,"private":0,"password":""}