{"id":"gen9nationaldexdoubles-1999022775","p1":"Akira_Vlone","p2":"CreativeFangs","format":"[Gen 9] National Dex Doubles","log":"|j|\u2606Akira_Vlone\n|j|\u2606CreativeFangs\n|t:|1701024881\n|gametype|doubles\n|player|p1|Akira_Vlone|guitarist|1139\n|player|p2|CreativeFangs|dragontamer|1174\n|teamsize|p1|6\n|teamsize|p2|6\n|gen|9\n|tier|[Gen 9] National Dex Doubles\n|rated|\n|rule|HP Percentage Mod: HP is shown in percentages\n|rule|Endless Battle Clause: Forcing endless battles is banned\n|rule|OHKO Clause: OHKO moves are banned\n|rule|Evasion Moves Clause: Evasion moves are banned\n|rule|Evasion Abilities Clause: Evasion abilities are banned\n|rule|Species Clause: Limit one of each Pok\u00e9mon\n|rule|Gravity Sleep Clause: The combination of sleep-inducing moves with imperfect accuracy and Gravity or Gigantamax Orbeetle are banned\n|clearpoke\n|poke|p1|Lopunny, F|\n|poke|p1|Kartana|\n|poke|p1|Landorus-Therian, M|\n|poke|p1|Tapu Lele|\n|poke|p1|Celesteela|\n|poke|p1|Heatran, M|\n|poke|p2|Glalie, M|\n|poke|p2|Ninetales-Alola, M|\n|poke|p2|Eiscue, M|\n|poke|p2|Baxcalibur, F|\n|poke|p2|Sandslash-Alola, F|\n|poke|p2|Beartic, F|\n|teampreview\n|inactive|Battle timer is ON: inactive players will automatically lose when time's up. (requested by CreativeFangs)\n|\n|t:|1701024910\n|start\n|switch|p1a: Lopunny|Lopunny, F|100\/100\n|switch|p1b: Landorus|Landorus-Therian, M|100\/100\n|switch|p2a: Ninetales|Ninetales-Alola, M|100\/100\n|switch|p2b: Eiscue|Eiscue, M, shiny|100\/100\n|-weather|Snow|[from] ability: Snow Warning|[of] p2a: Ninetales\n|-ability|p1b: Landorus|Intimidate|boost\n|-unboost|p2a: Ninetales|atk|1\n|-unboost|p2b: Eiscue|atk|1\n|turn|1\n|\n|t:|1701024925\n|move|p1a: Lopunny|Fake Out|p2a: Ninetales\n|-damage|p2a: Ninetales|83\/100\n|cant|p2a: Ninetales|flinch\n|move|p1b: Landorus|U-turn|p2b: Eiscue\n|-activate|p2b: Eiscue|ability: Ice Face\n|-damage|p2b: Eiscue|100\/100\n|detailschange|p2b: Eiscue|Eiscue-Noice, M, shiny\n|\n|t:|1701024930\n|switch|p1b: Heatran|Heatran, M|100\/100|[from] U-turn\n|-item|p1b: Heatran|Air Balloon\n|move|p2b: Eiscue|Blizzard|p1a: Lopunny|[spread] p1a,p1b\n|-crit|p1a: Lopunny\n|-resisted|p1b: Heatran\n|-damage|p1a: Lopunny|38\/100\n|-damage|p1b: Heatran|94\/100\n|-enditem|p1b: Heatran|Air Balloon\n|\n|-weather|Snow|[upkeep]\n|upkeep\n|turn|2\n|inactive|Akira_Vlone has 120 seconds left.\n|\n|t:|1701024963\n|detailschange|p1a: Lopunny|Lopunny-Mega, F\n|-mega|p1a: Lopunny|Lopunny|Lopunnite\n|move|p1a: Lopunny|Close Combat|p2b: Eiscue\n|-supereffective|p2b: Eiscue\n|-damage|p2b: Eiscue|0 fnt\n|-unboost|p1a: Lopunny|def|1\n|-unboost|p1a: Lopunny|spd|1\n|faint|p2b: Eiscue\n|move|p2a: Ninetales|Hail|p2a: Ninetales\n|-weather|Hail\n|move|p1b: Heatran|Toxic|p2a: Ninetales\n|-status|p2a: Ninetales|tox\n|\n|-weather|Hail|[upkeep]\n|-damage|p1a: Lopunny|32\/100|[from] Hail\n|-damage|p1b: Heatran|88\/100|[from] Hail\n|-damage|p2a: Ninetales|78\/100 tox|[from] psn\n|upkeep\n|\n|t:|1701024977\n|switch|p2b: Glalie|Glalie, M, shiny|100\/100\n|turn|3\n|\n|t:|1701024999\n|detailschange|p2b: Glalie|Glalie-Mega, M, shiny\n|-mega|p2b: Glalie|Glalie|Glalitite\n|move|p1b: Heatran|Protect|p1b: Heatran\n|-singleturn|p1b: Heatran|Protect\n|move|p1a: Lopunny|U-turn|p2b: Glalie\n|-damage|p2b: Glalie|65\/100\n|\n|t:|1701025006\n|switch|p1a: Celesteela|Celesteela|100\/100|[from] U-turn\n|move|p2a: Ninetales|Aurora Veil|p2a: Ninetales\n|-sidestart|p2: CreativeFangs|move: Aurora Veil\n|move|p2b: Glalie|Frost Breath|p1b: Heatran\n|-activate|p1b: Heatran|move: Protect\n|\n|-weather|Hail|[upkeep]\n|-damage|p1b: Heatran|82\/100|[from] Hail\n|-damage|p1a: Celesteela|94\/100|[from] Hail\n|-heal|p1a: Celesteela|100\/100|[from] item: Leftovers\n|-damage|p2a: Ninetales|66\/100 tox|[from] psn\n|upkeep\n|turn|4\n|inactive|CreativeFangs has 120 seconds left.\n|\n|t:|1701025043\n|-terastallize|p1b: Heatran|Fire\n|move|p1a: Celesteela|Protect|p1a: Celesteela\n|-singleturn|p1a: Celesteela|Protect\n|-zpower|p2a: Ninetales\n|move|p2a: Ninetales|Subzero Slammer|p1a: Celesteela|[zeffect]\n|-zbroken|p1a: Celesteela\n|-damage|p1a: Celesteela|94\/100\n|move|p2b: Glalie|Freeze-Dry|p1b: Heatran\n|-resisted|p1b: Heatran\n|-damage|p1b: Heatran|66\/100\n|move|p1b: Heatran|Lava Plume|p2a: Ninetales|[spread] p2a,p2b\n|-activate|p1a: Celesteela|move: Protect\n|-supereffective|p2a: Ninetales\n|-supereffective|p2b: Glalie\n|-damage|p2a: Ninetales|14\/100 tox\n|-damage|p2b: Glalie|1\/100\n|\n|-weather|Hail|[upkeep]\n|-damage|p1b: Heatran|60\/100|[from] Hail\n|-damage|p1a: Celesteela|88\/100|[from] Hail\n|-heal|p1a: Celesteela|94\/100|[from] item: Leftovers\n|-damage|p2a: Ninetales|0 fnt|[from] psn\n|faint|p2a: Ninetales\n|upkeep\n|\n|t:|1701025063\n|switch|p2a: Baxcalibur|Baxcalibur, F|100\/100\n|turn|5\n|inactive|CreativeFangs has 120 seconds left.\n|\n|t:|1701025093\n|switch|p1b: Kartana|Kartana, shiny|100\/100\n|move|p2b: Glalie|Signal Beam|p1a: Celesteela\n|-resisted|p1a: Celesteela\n|-damage|p1a: Celesteela|91\/100\n|-start|p1a: Celesteela|confusion\n|move|p2a: Baxcalibur|Earthquake|p1a: Celesteela|[spread] p2b,p1b\n|-immune|p1a: Celesteela\n|-damage|p2b: Glalie|0 fnt\n|-damage|p1b: Kartana|71\/100\n|faint|p2b: Glalie\n|-activate|p1a: Celesteela|confusion\n|-damage|p1a: Celesteela|83\/100|[from] confusion\n|\n|-weather|Hail|[upkeep]\n|-damage|p1b: Kartana|65\/100|[from] Hail\n|-damage|p1a: Celesteela|77\/100|[from] Hail\n|-heal|p1a: Celesteela|83\/100|[from] item: Leftovers\n|upkeep\n|\n|t:|1701025109\n|switch|p2b: Sandslash|Sandslash-Alola, F|100\/100\n|turn|6\n|\n|t:|1701025125\n|move|p1b: Kartana|Sacred Sword|p2b: Sandslash\n|-supereffective|p2b: Sandslash\n|-damage|p2b: Sandslash|12\/100\n|-enditem|p2b: Sandslash|Weakness Policy\n|-boost|p2b: Sandslash|atk|2|[from] item: Weakness Policy\n|-boost|p2b: Sandslash|spa|2|[from] item: Weakness Policy\n|move|p2b: Sandslash|Drill Run|p1a: Celesteela\n|-immune|p1a: Celesteela\n|move|p2a: Baxcalibur|Icicle Crash|p1b: Kartana\n|-crit|p1b: Kartana\n|-damage|p1b: Kartana|0 fnt\n|faint|p1b: Kartana\n|-activate|p1a: Celesteela|confusion\n|move|p1a: Celesteela|Leech Seed|p2a: Baxcalibur\n|-start|p2a: Baxcalibur|move: Leech Seed\n|\n|-weather|none\n|-heal|p1a: Celesteela|89\/100|[from] item: Leftovers\n|-damage|p2a: Baxcalibur|88\/100|[from] Leech Seed|[of] p1a: Celesteela\n|-heal|p1a: Celesteela|100\/100|[silent]\n|upkeep\n|\n|t:|1701025132\n|switch|p1b: Lopunny|Lopunny-Mega, F|32\/100\n|turn|7\n|inactive|CreativeFangs has 120 seconds left.\n|\n|t:|1701025161\n|-terastallize|p2b: Sandslash|Bug\n|-activate|p1a: Celesteela|confusion\n|move|p1a: Celesteela|Protect|p1a: Celesteela\n|-singleturn|p1a: Celesteela|Protect\n|move|p1b: Lopunny|U-turn|p2b: Sandslash\n|-damage|p2b: Sandslash|0 fnt\n|faint|p2b: Sandslash\n|\n|t:|1701025170\n|switch|p1b: Tapu Lele|Tapu Lele, shiny|100\/100|[from] U-turn\n|-fieldstart|move: Psychic Terrain|[from] ability: Psychic Surge|[of] p1b: Tapu Lele\n|move|p2a: Baxcalibur|Glaive Rush|p1b: Tapu Lele\n|-immune|p1b: Tapu Lele\n|\n|-damage|p2a: Baxcalibur|76\/100|[from] Leech Seed|[of] p1a: Celesteela\n|-sideend|p2: CreativeFangs|move: Aurora Veil\n|upkeep\n|\n|t:|1701025179\n|switch|p2b: Beartic|Beartic, F, shiny|100\/100\n|turn|8\n|\n|t:|1701025195\n|move|p1b: Tapu Lele|Moonblast|p2a: Baxcalibur\n|-supereffective|p2a: Baxcalibur\n|-damage|p2a: Baxcalibur|0 fnt\n|faint|p2a: Baxcalibur\n|-end|p1a: Celesteela|confusion\n|move|p1a: Celesteela|Heavy Slam|p2b: Beartic\n|-supereffective|p2b: Beartic\n|-damage|p2b: Beartic|41\/100\n|move|p2b: Beartic|Crunch|p1b: Tapu Lele\n|-damage|p1b: Tapu Lele|49\/100\n|\n|upkeep\n|turn|9\n|\n|t:|1701025211\n|move|p1b: Tapu Lele|Moonblast|p2b: Beartic\n|-damage|p2b: Beartic|0 fnt\n|faint|p2b: Beartic\n|\n|win|Akira_Vlone\n|raw|Akira_Vlone's rating: 1139 &rarr; <strong>1167<\/strong><br \/>(+28 for winning)\n|raw|CreativeFangs's rating: 1174 &rarr; <strong>1146<\/strong><br \/>(-28 for losing)\n|l|\u2606CreativeFangs\n","uploadtime":1701025217,"views":1,"p1id":"akiravlone","p2id":"creativefangs","formatid":"gen9nationaldexdoubles","rating":1146,"private":0,"password":""}