{"id":"gen9nationaldexdoubles-1973043414","p1":"Beyond Subzero","p2":"Yu hung lo","format":"[Gen 9] National Dex Doubles","log":"|j|\u2606Beyond Subzero\n|j|\u2606Yu hung lo\n|t:|1697921536\n|gametype|doubles\n|player|p1|Beyond Subzero|bruno|1441\n|player|p2|Yu hung lo|janitor|1589\n|teamsize|p1|6\n|teamsize|p2|6\n|gen|9\n|tier|[Gen 9] National Dex Doubles\n|rated|\n|rule|HP Percentage Mod: HP is shown in percentages\n|rule|Endless Battle Clause: Forcing endless battles is banned\n|rule|OHKO Clause: OHKO moves are banned\n|rule|Evasion Moves Clause: Evasion moves are banned\n|rule|Evasion Abilities Clause: Evasion abilities are banned\n|rule|Species Clause: Limit one of each Pok\u00e9mon\n|rule|Gravity Sleep Clause: The combination of sleep-inducing moves with imperfect accuracy and Gravity or Gigantamax Orbeetle are banned\n|clearpoke\n|poke|p1|Ninetales-Alola, M|\n|poke|p1|Latias, F|\n|poke|p1|Volcanion|\n|poke|p1|Kyurem-Black|\n|poke|p1|Whimsicott, F|\n|poke|p1|Zamazenta-*|\n|poke|p2|Swampert, M|\n|poke|p2|Pelipper, M|\n|poke|p2|Rillaboom, M|\n|poke|p2|Tornadus, M|\n|poke|p2|Zapdos|\n|poke|p2|Stakataka|\n|teampreview\n|inactive|Battle timer is ON: inactive players will automatically lose when time's up. (requested by Yu hung lo)\n|inactive|Beyond Subzero has 120 seconds left.\n|inactive|Beyond Subzero has 90 seconds left.\n|\n|t:|1697921625\n|start\n|switch|p1a: Ninetales|Ninetales-Alola, M|100\/100\n|switch|p1b: Whimsicott|Whimsicott, F|100\/100\n|switch|p2a: Rillaboom|Rillaboom, M|100\/100\n|switch|p2b: Stakataka|Stakataka|100\/100\n|-weather|Snow|[from] ability: Snow Warning|[of] p1a: Ninetales\n|-fieldstart|move: Grassy Terrain|[from] ability: Grassy Surge|[of] p2a: Rillaboom\n|turn|1\n|\n|t:|1697921645\n|move|p1b: Whimsicott|Protect|p1b: Whimsicott\n|-singleturn|p1b: Whimsicott|Protect\n|move|p1a: Ninetales|Protect|p1a: Ninetales\n|-singleturn|p1a: Ninetales|Protect\n|move|p2a: Rillaboom|Fake Out|p1b: Whimsicott\n|-activate|p1b: Whimsicott|move: Protect\n|move|p2b: Stakataka|Trick Room|p2b: Stakataka\n|-fieldstart|move: Trick Room|[of] p2b: Stakataka\n|\n|-weather|Snow|[upkeep]\n|upkeep\n|turn|2\n|\n|t:|1697921668\n|switch|p2b: Pelipper|Pelipper, M|100\/100\n|-weather|RainDance|[from] ability: Drizzle|[of] p2b: Pelipper\n|move|p1b: Whimsicott|Encore||[still]\n|-fail|p1b: Whimsicott\n|move|p2a: Rillaboom|U-turn|p1b: Whimsicott\n|-damage|p1b: Whimsicott|65\/100\n|\n|t:|1697921676\n|switch|p2a: Stakataka|Stakataka|100\/100|[from] U-turn\n|move|p1a: Ninetales|Blizzard|p2b: Pelipper|[spread] p2b\n|-miss|p1a: Ninetales|p2a: Stakataka\n|-damage|p2b: Pelipper|71\/100\n|\n|-weather|RainDance|[upkeep]\n|-heal|p1b: Whimsicott|71\/100|[from] Grassy Terrain\n|upkeep\n|turn|3\n|\n|t:|1697921706\n|switch|p1a: Volcanion|Volcanion|100\/100\n|move|p1b: Whimsicott|Protect|p1b: Whimsicott\n|-singleturn|p1b: Whimsicott|Protect\n|move|p2a: Stakataka|Rock Slide|p1a: Volcanion|[spread] p1a\n|-activate|p1b: Whimsicott|move: Protect\n|-supereffective|p1a: Volcanion\n|-damage|p1a: Volcanion|46\/100\n|move|p2b: Pelipper|Hurricane|p1b: Whimsicott\n|-activate|p1b: Whimsicott|move: Protect\n|\n|-weather|RainDance|[upkeep]\n|-heal|p1a: Volcanion|52\/100|[from] Grassy Terrain\n|-heal|p1b: Whimsicott|78\/100|[from] Grassy Terrain\n|upkeep\n|turn|4\n|inactive|Beyond Subzero has 120 seconds left.\n|inactive|Yu hung lo has 120 seconds left.\n|\n|t:|1697921755\n|-terastallize|p2a: Stakataka|Ghost\n|move|p2b: Pelipper|Helping Hand|p2a: Stakataka\n|-singleturn|p2a: Stakataka|Helping Hand|[of] p2b: Pelipper\n|move|p2a: Stakataka|Rock Slide|p1b: Whimsicott|[spread] p1a,p1b\n|-supereffective|p1a: Volcanion\n|-damage|p1a: Volcanion|0 fnt\n|-damage|p1b: Whimsicott|9\/100\n|faint|p1a: Volcanion\n|-ability|p2a: Stakataka|Beast Boost|boost\n|-boost|p2a: Stakataka|atk|1\n|move|p1b: Whimsicott|Moonblast|p2b: Pelipper\n|-damage|p2b: Pelipper|40\/100\n|\n|-weather|RainDance|[upkeep]\n|-heal|p1b: Whimsicott|15\/100|[from] Grassy Terrain\n|upkeep\n|inactive|Beyond Subzero has 90 seconds left.\n|\n|t:|1697921784\n|switch|p1a: Zamazenta|Zamazenta|100\/100\n|-ability|p1a: Zamazenta|Dauntless Shield|boost\n|-boost|p1a: Zamazenta|def|1\n|turn|5\n|\n|t:|1697921808\n|switch|p2b: Rillaboom|Rillaboom, M|100\/100\n|move|p1b: Whimsicott|Protect|p1b: Whimsicott\n|-singleturn|p1b: Whimsicott|Protect\n|move|p1a: Zamazenta|Wide Guard|p1a: Zamazenta\n|-singleturn|p1a: Zamazenta|Wide Guard\n|move|p2a: Stakataka|Rock Slide|p1a: Zamazenta|[spread] \n|-activate|p1a: Zamazenta|move: Wide Guard\n|-activate|p1b: Whimsicott|move: Wide Guard\n|\n|-weather|RainDance|[upkeep]\n|-heal|p1b: Whimsicott|21\/100|[from] Grassy Terrain\n|-fieldend|move: Trick Room\n|-fieldend|move: Grassy Terrain\n|upkeep\n|turn|6\n|inactive|Beyond Subzero has 120 seconds left.\n|\n|t:|1697921832\n|move|p2b: Rillaboom|Fake Out|p1b: Whimsicott\n|-damage|p1b: Whimsicott|0 fnt\n|faint|p1b: Whimsicott\n|move|p1a: Zamazenta|Body Press|p2a: Stakataka\n|-immune|p2a: Stakataka\n|move|p2a: Stakataka|Trick Room|p2a: Stakataka\n|-fieldstart|move: Trick Room|[of] p2a: Stakataka\n|\n|-weather|RainDance|[upkeep]\n|upkeep\n|\n|t:|1697921843\n|switch|p1b: Latias|Latias, F|100\/100\n|turn|7\n|inactive|Beyond Subzero has 120 seconds left.\n|\n|t:|1697921857\n|detailschange|p1b: Latias|Latias-Mega, F\n|-mega|p1b: Latias|Latias|Latiasite\n|move|p2a: Stakataka|Gyro Ball|p1b: Latias\n|-damage|p1b: Latias|5\/100\n|move|p2b: Rillaboom|U-turn|p1b: Latias\n|-supereffective|p1b: Latias\n|-damage|p1b: Latias|0 fnt\n|faint|p1b: Latias\n|\n|t:|1697921868\n|switch|p2b: Zapdos|Zapdos|100\/100|[from] U-turn\n|move|p1a: Zamazenta|Coaching|p1: Latias|[notarget]\n|-fail|p1a: Zamazenta\n|\n|-weather|RainDance|[upkeep]\n|upkeep\n|inactive|Beyond Subzero has 120 seconds left.\n|\n|t:|1697921878\n|switch|p1b: Kyurem|Kyurem-Black|100\/100\n|-ability|p1b: Kyurem|Teravolt\n|turn|8\n|inactive|Beyond Subzero has 120 seconds left.\n|\n|t:|1697921912\n|-terastallize|p1b: Kyurem|Electric\n|move|p2a: Stakataka|Gyro Ball|p1b: Kyurem\n|-resisted|p1b: Kyurem\n|-damage|p1b: Kyurem|48\/100\n|move|p1b: Kyurem|Icicle Spear|p2b: Zapdos\n|-supereffective|p2b: Zapdos\n|-damage|p2b: Zapdos|56\/100\n|-supereffective|p2b: Zapdos\n|-damage|p2b: Zapdos|12\/100\n|-supereffective|p2b: Zapdos\n|-damage|p2b: Zapdos|0 fnt\n|faint|p2b: Zapdos\n|-hitcount|p2: Zapdos|3\n|move|p1a: Zamazenta|Coaching|p1b: Kyurem\n|-boost|p1b: Kyurem|atk|1\n|-boost|p1b: Kyurem|def|1\n|\n|-weather|RainDance|[upkeep]\n|upkeep\n|\n|t:|1697921927\n|switch|p2b: Pelipper|Pelipper, M|40\/100\n|turn|9\n|\n|t:|1697921942\n|move|p1b: Kyurem|Protect|p1b: Kyurem\n|-singleturn|p1b: Kyurem|Protect\n|move|p1a: Zamazenta|Wide Guard|p1a: Zamazenta\n|-singleturn|p1a: Zamazenta|Wide Guard\n|move|p2a: Stakataka|High Horsepower|p1b: Kyurem\n|-activate|p1b: Kyurem|move: Protect\n|move|p2b: Pelipper|Hurricane|p1a: Zamazenta\n|-supereffective|p1a: Zamazenta\n|-damage|p1a: Zamazenta|39\/100\n|-enditem|p1a: Zamazenta|Sitrus Berry|[eat]\n|-heal|p1a: Zamazenta|64\/100|[from] item: Sitrus Berry\n|\n|-weather|none\n|upkeep\n|turn|10\n|\n|t:|1697921971\n|switch|p2b: Tornadus|Tornadus, M|100\/100\n|move|p1b: Kyurem|Protect||[still]\n|-fail|p1b: Kyurem\n|move|p2a: Stakataka|High Horsepower|p1b: Kyurem\n|-supereffective|p1b: Kyurem\n|-damage|p1b: Kyurem|0 fnt\n|faint|p1b: Kyurem\n|-ability|p2a: Stakataka|Beast Boost|boost\n|-boost|p2a: Stakataka|atk|1\n|move|p1a: Zamazenta|Play Rough|p2a: Stakataka\n|-damage|p2a: Stakataka|86\/100\n|\n|-fieldend|move: Trick Room\n|upkeep\n|\n|t:|1697921985\n|switch|p1b: Ninetales|Ninetales-Alola, M|100\/100\n|-weather|Snow|[from] ability: Snow Warning|[of] p1b: Ninetales\n|turn|11\n|c|\u2606Beyond Subzero|ggs\n|\n|t:|1697922004\n|switch|p2a: Pelipper|Pelipper, M|40\/100\n|-weather|RainDance|[from] ability: Drizzle|[of] p2a: Pelipper\n|move|p1a: Zamazenta|Play Rough|p2b: Tornadus\n|-damage|p2b: Tornadus|74\/100\n|move|p1b: Ninetales|Blizzard|p2a: Pelipper|[spread] p2a,p2b\n|-supereffective|p2b: Tornadus\n|-damage|p2a: Pelipper|11\/100\n|-damage|p2b: Tornadus|0 fnt\n|faint|p2b: Tornadus\n|\n|-weather|RainDance|[upkeep]\n|upkeep\n|\n|t:|1697922016\n|switch|p2b: Swampert|Swampert, M|100\/100\n|turn|12\n|\n|t:|1697922036\n|detailschange|p2b: Swampert|Swampert-Mega, M\n|-mega|p2b: Swampert|Swampert|Swampertite\n|move|p2b: Swampert|Protect|p2b: Swampert\n|-singleturn|p2b: Swampert|Protect\n|move|p2a: Pelipper|Protect|p2a: Pelipper\n|-singleturn|p2a: Pelipper|Protect\n|move|p1a: Zamazenta|Body Press|p2b: Swampert\n|-activate|p2b: Swampert|move: Protect\n|move|p1b: Ninetales|Blizzard|p2b: Swampert|[spread] \n|-activate|p2a: Pelipper|move: Protect\n|-activate|p2b: Swampert|move: Protect\n|\n|-weather|RainDance|[upkeep]\n|upkeep\n|turn|13\n|\n|t:|1697922055\n|move|p2a: Pelipper|Helping Hand|p2b: Swampert\n|-singleturn|p2b: Swampert|Helping Hand|[of] p2a: Pelipper\n|move|p2b: Swampert|Liquidation|p1b: Ninetales\n|-damage|p1b: Ninetales|0 fnt\n|faint|p1b: Ninetales\n|move|p1a: Zamazenta|Play Rough|p2b: Swampert\n|-damage|p2b: Swampert|79\/100\n|-unboost|p2b: Swampert|atk|1\n|\n|-weather|RainDance|[upkeep]\n|upkeep\n|turn|14\n|j| Howfalcons\n|\n|t:|1697922068\n|move|p2a: Pelipper|Helping Hand|p2b: Swampert\n|-singleturn|p2b: Swampert|Helping Hand|[of] p2a: Pelipper\n|move|p2b: Swampert|Liquidation|p1a: Zamazenta\n|-damage|p1a: Zamazenta|21\/100\n|move|p1a: Zamazenta|Body Press|p2b: Swampert\n|-damage|p2b: Swampert|33\/100\n|\n|-weather|RainDance|[upkeep]\n|upkeep\n|turn|15\n|\n|t:|1697922079\n|move|p2a: Pelipper|Helping Hand|p2b: Swampert\n|-singleturn|p2b: Swampert|Helping Hand|[of] p2a: Pelipper\n|move|p2b: Swampert|Liquidation|p1a: Zamazenta\n|-damage|p1a: Zamazenta|0 fnt\n|faint|p1a: Zamazenta\n|\n|win|Yu hung lo\n|raw|Beyond Subzero's rating: 1441 &rarr; <strong>1429<\/strong><br \/>(-12 for losing)\n|raw|Yu hung lo's rating: 1589 &rarr; <strong>1601<\/strong><br \/>(+12 for winning)\n","uploadtime":1697922083,"views":11,"p1id":"beyondsubzero","p2id":"yuhunglo","formatid":"gen9nationaldexdoubles","rating":1429,"private":0,"password":""}