{"id":"gen9nationaldexdoubles-1988029865","p1":"Ubitroll","p2":"DoomedTaurus","format":"[Gen 9] National Dex Doubles","log":"|j|\u2606Ubitroll\n|j|\u2606DoomedTaurus\n|t:|1699661071\n|gametype|doubles\n|player|p1|Ubitroll|depotagent|\n|player|p2|DoomedTaurus|steven|\n|teamsize|p1|6\n|teamsize|p2|6\n|gen|9\n|tier|[Gen 9] National Dex Doubles\n|rule|HP Percentage Mod: HP is shown in percentages\n|rule|Endless Battle Clause: Forcing endless battles is banned\n|rule|OHKO Clause: OHKO moves are banned\n|rule|Evasion Moves Clause: Evasion moves are banned\n|rule|Evasion Abilities Clause: Evasion abilities are banned\n|rule|Species Clause: Limit one of each Pok\u00e9mon\n|rule|Gravity Sleep Clause: The combination of sleep-inducing moves with imperfect accuracy and Gravity or Gigantamax Orbeetle are banned\n|clearpoke\n|poke|p1|Azumarill, F|\n|poke|p1|Iron Valiant|\n|poke|p1|Tinkaton, F|\n|poke|p1|Sylveon, F|\n|poke|p1|Gardevoir, F|\n|poke|p1|Dachsbun, M|\n|poke|p2|Keldeo-Resolute|\n|poke|p2|Gyarados, F|\n|poke|p2|Cloyster, F|\n|poke|p2|Ludicolo, M|\n|poke|p2|Slowking, M|\n|poke|p2|Wailord, M|\n|teampreview\n|\n|t:|1699661086\n|start\n|switch|p1a: Tinkaton|Tinkaton, F, shiny|100\/100\n|switch|p1b: Iron Valiant|Iron Valiant|100\/100\n|switch|p2a: Ludicolo|Ludicolo, M|100\/100\n|switch|p2b: Wailord|Wailord, M|100\/100\n|-ability|p1a: Tinkaton|Mold Breaker\n|-ability|p2b: Wailord|Pressure\n|-enditem|p1b: Iron Valiant|Booster Energy\n|-activate|p1b: Iron Valiant|ability: Quark Drive|[fromitem]\n|-start|p1b: Iron Valiant|quarkdrivespe\n|turn|1\n|\n|t:|1699661125\n|move|p1b: Iron Valiant|Swords Dance|p1b: Iron Valiant\n|-boost|p1b: Iron Valiant|atk|2\n|move|p1a: Tinkaton|Gigaton Hammer|p2a: Ludicolo\n|-resisted|p2a: Ludicolo\n|-damage|p2a: Ludicolo|70\/100\n|move|p2a: Ludicolo|Rain Dance|p2a: Ludicolo\n|-weather|RainDance\n|move|p2b: Wailord|Toxic|p1b: Iron Valiant\n|-status|p1b: Iron Valiant|tox\n|\n|-weather|RainDance|[upkeep]\n|-damage|p1b: Iron Valiant|94\/100 tox|[from] psn\n|upkeep\n|turn|2\n|\n|t:|1699661145\n|move|p1b: Iron Valiant|Close Combat|p2a: Ludicolo\n|-damage|p2a: Ludicolo|0 fnt\n|-unboost|p1b: Iron Valiant|def|1\n|-unboost|p1b: Iron Valiant|spd|1\n|faint|p2a: Ludicolo\n|move|p1a: Tinkaton|Knock Off|p2b: Wailord\n|-damage|p2b: Wailord|85\/100\n|-enditem|p2b: Wailord|Leftovers|[from] move: Knock Off|[of] p1a: Tinkaton\n|move|p2b: Wailord|Substitute|p2b: Wailord\n|-start|p2b: Wailord|Substitute\n|-damage|p2b: Wailord|60\/100\n|\n|-weather|RainDance|[upkeep]\n|-damage|p1b: Iron Valiant|82\/100 tox|[from] psn\n|upkeep\n|\n|t:|1699661161\n|switch|p2a: Gyarados|Gyarados, F|100\/100\n|turn|3\n|\n|t:|1699661185\n|detailschange|p2a: Gyarados|Gyarados-Mega, F\n|-mega|p2a: Gyarados|Gyarados|Gyaradosite\n|-ability|p2a: Gyarados|Mold Breaker\n|move|p2b: Wailord|Protect|p2b: Wailord\n|-singleturn|p2b: Wailord|Protect\n|move|p1b: Iron Valiant|Close Combat|p2b: Wailord\n|-activate|p2b: Wailord|move: Protect\n|move|p1a: Tinkaton|Gigaton Hammer|p2a: Gyarados\n|-resisted|p2a: Gyarados\n|-damage|p2a: Gyarados|79\/100\n|move|p2a: Gyarados|Waterfall|p1b: Iron Valiant\n|-damage|p1b: Iron Valiant|0 fnt\n|faint|p1b: Iron Valiant\n|-end|p1b: Iron Valiant|Quark Drive|[silent]\n|\n|-weather|RainDance|[upkeep]\n|upkeep\n|\n|t:|1699661211\n|switch|p1b: Gardevoir|Gardevoir, F, shiny|100\/100\n|-ability|p1b: Gardevoir|Pressure\n|-ability|p1b: Gardevoir|Pressure|[from] ability: Trace|[of] p2b: Wailord\n|turn|4\n|\n|t:|1699661246\n|detailschange|p1b: Gardevoir|Gardevoir-Mega, F, shiny\n|-mega|p1b: Gardevoir|Gardevoir|Gardevoirite\n|move|p1a: Tinkaton|Knock Off|p2a: Gyarados\n|-resisted|p2a: Gyarados\n|-damage|p2a: Gyarados|74\/100\n|move|p2a: Gyarados|Waterfall|p1b: Gardevoir\n|-damage|p1b: Gardevoir|24\/100\n|move|p1b: Gardevoir|Hyper Voice|p2a: Gyarados|[spread] p2a,p2b\n|-supereffective|p2a: Gyarados\n|-damage|p2a: Gyarados|0 fnt\n|-damage|p2b: Wailord|19\/100\n|faint|p2a: Gyarados\n|move|p2b: Wailord|Toxic|p1b: Gardevoir\n|-status|p1b: Gardevoir|tox\n|\n|-weather|RainDance|[upkeep]\n|-damage|p1b: Gardevoir|17\/100 tox|[from] psn\n|upkeep\n|\n|t:|1699661265\n|switch|p2a: Slowking|Slowking, M|100\/100\n|turn|5\n|\n|t:|1699661298\n|move|p2b: Wailord|Protect|p2b: Wailord\n|-singleturn|p2b: Wailord|Protect\n|move|p1a: Tinkaton|Gigaton Hammer|p2b: Wailord\n|-activate|p2b: Wailord|move: Protect\n|move|p1b: Gardevoir|Hyper Voice|p2b: Wailord|[spread] p2a\n|-activate|p2b: Wailord|move: Protect\n|-damage|p2a: Slowking|62\/100\n|move|p2a: Slowking|Scald|p1b: Gardevoir\n|-damage|p1b: Gardevoir|0 fnt\n|faint|p1b: Gardevoir\n|\n|-weather|RainDance|[upkeep]\n|upkeep\n|\n|t:|1699661318\n|switch|p1b: Dachsbun|Dachsbun, M, shiny|100\/100\n|turn|6\n|\n|t:|1699661345\n|move|p1a: Tinkaton|Knock Off|p2b: Wailord\n|-activate|p2b: Wailord|move: Substitute|[damage]\n|move|p1b: Dachsbun|Play Rough|p2a: Slowking\n|-damage|p2a: Slowking|43\/100\n|-unboost|p2a: Slowking|atk|1\n|move|p2b: Wailord|Toxic|p1b: Dachsbun\n|-status|p1b: Dachsbun|tox\n|move|p2a: Slowking|Scald|p1b: Dachsbun\n|-damage|p1b: Dachsbun|45\/100 tox\n|\n|-weather|RainDance|[upkeep]\n|-damage|p1b: Dachsbun|39\/100 tox|[from] psn\n|upkeep\n|turn|7\n|\n|t:|1699661378\n|move|p2b: Wailord|Protect|p2b: Wailord\n|-singleturn|p2b: Wailord|Protect\n|move|p1a: Tinkaton|Gigaton Hammer|p2b: Wailord\n|-activate|p2b: Wailord|move: Protect\n|move|p1b: Dachsbun|Body Press|p2b: Wailord\n|-activate|p2b: Wailord|move: Protect\n|move|p2a: Slowking|Slack Off|p2a: Slowking\n|-heal|p2a: Slowking|93\/100\n|\n|-weather|RainDance|[upkeep]\n|-damage|p1b: Dachsbun|27\/100 tox|[from] psn\n|upkeep\n|turn|8\n|\n|t:|1699661407\n|move|p2b: Wailord|Protect||[still]\n|-fail|p2b: Wailord\n|move|p1a: Tinkaton|Knock Off|p2b: Wailord\n|-activate|p2b: Wailord|move: Substitute|[damage]\n|move|p1b: Dachsbun|Body Press|p2b: Wailord\n|-end|p2b: Wailord|Substitute\n|move|p2a: Slowking|Scald|p1b: Dachsbun\n|-damage|p1b: Dachsbun|0 fnt\n|faint|p1b: Dachsbun\n|\n|-weather|none\n|upkeep\n|\n|t:|1699661423\n|switch|p1b: Sylveon|Sylveon, F, shiny|100\/100\n|turn|9\n|\n|t:|1699661434\n|move|p1a: Tinkaton|Stealth Rock|p2a: Slowking\n|-sidestart|p2: DoomedTaurus|move: Stealth Rock\n|move|p1b: Sylveon|Hyper Voice|p2b: Wailord|[spread] p2a,p2b\n|-damage|p2a: Slowking|71\/100\n|-damage|p2b: Wailord|0 fnt\n|faint|p2b: Wailord\n|move|p2a: Slowking|Scald|p1a: Tinkaton\n|-damage|p1a: Tinkaton|78\/100\n|\n|-heal|p1a: Tinkaton|84\/100|[from] item: Leftovers\n|upkeep\n|\n|t:|1699661444\n|switch|p2b: Keldeo|Keldeo-Resolute|100\/100\n|-damage|p2b: Keldeo|94\/100|[from] Stealth Rock\n|turn|10\n|\n|t:|1699661482\n|-terastallize|p2b: Keldeo|Steel\n|move|p2b: Keldeo|Hydro Pump|p1a: Tinkaton|[miss]\n|-miss|p2b: Keldeo|p1a: Tinkaton\n|move|p1a: Tinkaton|Knock Off|p2a: Slowking\n|-supereffective|p2a: Slowking\n|-damage|p2a: Slowking|47\/100\n|-enditem|p2a: Slowking|Heavy-Duty Boots|[from] move: Knock Off|[of] p1a: Tinkaton\n|move|p1b: Sylveon|Hyper Voice|p2b: Keldeo|[spread] p2a,p2b\n|-resisted|p2b: Keldeo\n|-damage|p2a: Slowking|21\/100\n|-damage|p2b: Keldeo|76\/100\n|move|p2a: Slowking|Psychic|p1a: Tinkaton\n|-resisted|p1a: Tinkaton\n|-damage|p1a: Tinkaton|71\/100\n|\n|-heal|p1a: Tinkaton|77\/100|[from] item: Leftovers\n|upkeep\n|turn|11\n|\n|t:|1699661503\n|move|p2b: Keldeo|Hydro Pump|p1a: Tinkaton\n|-damage|p1a: Tinkaton|0 fnt\n|faint|p1a: Tinkaton\n|move|p1b: Sylveon|Hyper Voice|p2a: Slowking|[spread] p2a,p2b\n|-resisted|p2b: Keldeo\n|-damage|p2a: Slowking|0 fnt\n|-damage|p2b: Keldeo|60\/100\n|faint|p2a: Slowking\n|\n|upkeep\n|\n|t:|1699661512\n|switch|p1a: Azumarill|Azumarill, F, shiny|100\/100\n|switch|p2a: Cloyster|Cloyster, F|100\/100\n|-damage|p2a: Cloyster|76\/100|[from] Stealth Rock\n|turn|12\n|\n|t:|1699661539\n|move|p1b: Sylveon|Protect|p1b: Sylveon\n|-singleturn|p1b: Sylveon|Protect\n|move|p2b: Keldeo|Hydro Pump|p1b: Sylveon\n|-activate|p1b: Sylveon|move: Protect\n|move|p2a: Cloyster|Icicle Spear|p1b: Sylveon\n|-activate|p1b: Sylveon|move: Protect\n|move|p1a: Azumarill|Belly Drum|p1a: Azumarill\n|-damage|p1a: Azumarill|50\/100\n|-setboost|p1a: Azumarill|atk|6|[from] move: Belly Drum\n|-enditem|p1a: Azumarill|Sitrus Berry|[eat]\n|-heal|p1a: Azumarill|75\/100|[from] item: Sitrus Berry\n|\n|upkeep\n|turn|13\n|\n|t:|1699661562\n|move|p1a: Azumarill|Aqua Jet|p2a: Cloyster\n|-resisted|p2a: Cloyster\n|-damage|p2a: Cloyster|33\/100\n|move|p2b: Keldeo|Hydro Pump|p1a: Azumarill\n|-resisted|p1a: Azumarill\n|-damage|p1a: Azumarill|33\/100\n|move|p2a: Cloyster|Icicle Spear|p1a: Azumarill\n|-resisted|p1a: Azumarill\n|-damage|p1a: Azumarill|28\/100\n|-resisted|p1a: Azumarill\n|-damage|p1a: Azumarill|23\/100\n|-resisted|p1a: Azumarill\n|-damage|p1a: Azumarill|18\/100\n|-resisted|p1a: Azumarill\n|-damage|p1a: Azumarill|13\/100\n|-resisted|p1a: Azumarill\n|-damage|p1a: Azumarill|7\/100\n|-hitcount|p1a: Azumarill|5\n|move|p1b: Sylveon|Hyper Voice|p2b: Keldeo|[spread] p2a,p2b\n|-resisted|p2b: Keldeo\n|-damage|p2a: Cloyster|0 fnt\n|-damage|p2b: Keldeo|42\/100\n|faint|p2a: Cloyster\n|\n|upkeep\n|turn|14\n|\n|t:|1699661582\n|move|p1a: Azumarill|Aqua Jet|p2b: Keldeo\n|-damage|p2b: Keldeo|0 fnt\n|faint|p2b: Keldeo\n|\n|win|Ubitroll\n","uploadtime":1699661589,"views":7,"p1id":"ubitroll","p2id":"doomedtaurus","formatid":"gen9nationaldexdoubles","rating":0,"private":0,"password":""}