{"id":"gen9nationaldexdoubles-1953397418","p1":"Nyata","p2":"GingerBreadEel","format":"[Gen 9] National Dex Doubles","log":"|j|\u2606Nyata\n|j|\u2606GingerBreadEel\n|t:|1695782162\n|gametype|doubles\n|player|p1|Nyata|266|1172\n|player|p2|GingerBreadEel|clay|1336\n|teamsize|p1|6\n|teamsize|p2|6\n|gen|9\n|tier|[Gen 9] National Dex Doubles\n|rated|\n|rule|HP Percentage Mod: HP is shown in percentages\n|rule|Endless Battle Clause: Forcing endless battles is banned\n|rule|OHKO Clause: OHKO moves are banned\n|rule|Evasion Moves Clause: Evasion moves are banned\n|rule|Evasion Abilities Clause: Evasion abilities are banned\n|rule|Species Clause: Limit one of each Pok\u00e9mon\n|rule|Gravity Sleep Clause: The combination of sleep-inducing moves with imperfect accuracy and Gravity or Gigantamax Orbeetle are banned\n|clearpoke\n|poke|p1|Cradily, F|\n|poke|p1|Aerodactyl, F|\n|poke|p1|Arcanine-Hisui, M|\n|poke|p1|Nihilego|\n|poke|p1|Tyranitar, M|\n|poke|p1|Aggron, F|\n|poke|p2|Charizard, F|\n|poke|p2|Venusaur, F|\n|poke|p2|Great Tusk|\n|poke|p2|Walking Wake|\n|poke|p2|Flutter Mane|\n|poke|p2|Torkoal, M|\n|teampreview\n|inactive|Battle timer is ON: inactive players will automatically lose when time's up. (requested by GingerBreadEel)\n|\n|t:|1695782173\n|start\n|switch|p1a: Aerodactyl|Aerodactyl, F|100\/100\n|switch|p1b: Nihilego|Nihilego|100\/100\n|switch|p2a: Charizard|Charizard, F|100\/100\n|switch|p2b: Venusaur|Venusaur, F|100\/100\n|-ability|p1a: Aerodactyl|Unnerve\n|turn|1\n|\n|t:|1695782184\n|switch|p2a: Torkoal|Torkoal, M|100\/100\n|-weather|SunnyDay|[from] ability: Drought|[of] p2a: Torkoal\n|move|p1b: Nihilego|Protect|p1b: Nihilego\n|-singleturn|p1b: Nihilego|Protect\n|move|p2b: Venusaur|Earth Power|p1b: Nihilego\n|-activate|p1b: Nihilego|move: Protect\n|move|p1a: Aerodactyl|Tailwind|p1a: Aerodactyl\n|-sidestart|p1: Nyata|move: Tailwind\n|\n|-weather|SunnyDay|[upkeep]\n|upkeep\n|turn|2\n|\n|t:|1695782198\n|move|p1a: Aerodactyl|Sky Drop||[still]\n|-prepare|p1a: Aerodactyl|Sky Drop|p2b: Venusaur\n|move|p1b: Nihilego|Meteor Beam||[still]\n|-prepare|p1b: Nihilego|Meteor Beam\n|-boost|p1b: Nihilego|spa|1\n|-enditem|p1b: Nihilego|Power Herb\n|-anim|p1b: Nihilego|Meteor Beam|p2a: Torkoal\n|-supereffective|p2a: Torkoal\n|-damage|p2a: Torkoal|0 fnt\n|faint|p2a: Torkoal\n|-ability|p1b: Nihilego|Beast Boost|boost\n|-boost|p1b: Nihilego|spa|1\n|\n|-weather|SunnyDay|[upkeep]\n|upkeep\n|\n|t:|1695782207\n|switch|p2a: Great Tusk|Great Tusk|100\/100\n|-activate|p2a: Great Tusk|ability: Protosynthesis\n|-start|p2a: Great Tusk|protosynthesisatk\n|turn|3\n|\n|t:|1695782219\n|-terastallize|p1b: Nihilego|Flying\n|move|p1a: Aerodactyl|Sky Drop|p2b: Venusaur|[from]lockedmove\n|-supereffective|p2b: Venusaur\n|-damage|p2b: Venusaur|42\/100\n|-end|p2b: Venusaur|Sky Drop\n|move|p1b: Nihilego|Grass Knot|p2a: Great Tusk\n|-supereffective|p2a: Great Tusk\n|-damage|p2a: Great Tusk|0 fnt\n|faint|p2a: Great Tusk\n|-end|p2a: Great Tusk|Protosynthesis|[silent]\n|-ability|p1b: Nihilego|Beast Boost|boost\n|-boost|p1b: Nihilego|spa|1\n|move|p2b: Venusaur|Giga Drain|p1a: Aerodactyl\n|-damage|p1a: Aerodactyl|56\/100\n|-heal|p2b: Venusaur|69\/100|[from] drain|[of] p1a: Aerodactyl\n|\n|-weather|SunnyDay|[upkeep]\n|upkeep\n|\n|t:|1695782222\n|switch|p2a: Charizard|Charizard, F|100\/100\n|turn|4\n|\n|t:|1695782243\n|detailschange|p2a: Charizard|Charizard-Mega-Y, F\n|-mega|p2a: Charizard|Charizard|Charizardite Y\n|move|p1a: Aerodactyl|Sky Drop||[still]\n|-prepare|p1a: Aerodactyl|Sky Drop|p2b: Venusaur\n|move|p1b: Nihilego|Sludge Wave|p2a: Charizard|[spread] p2a\n|-miss|p1b: Nihilego|p1a: Aerodactyl\n|-miss|p1b: Nihilego|p2b: Venusaur\n|-damage|p2a: Charizard|20\/100\n|move|p2a: Charizard|Heat Wave|p1a: Aerodactyl|[spread] p1b\n|-miss|p2a: Charizard|p1a: Aerodactyl\n|-damage|p1b: Nihilego|47\/100\n|\n|-weather|SunnyDay|[upkeep]\n|-sideend|p1: Nyata|move: Tailwind\n|upkeep\n|turn|5\n|\n|t:|1695782259\n|move|p1a: Aerodactyl|Sky Drop|p2b: Venusaur|[from]lockedmove\n|-supereffective|p2b: Venusaur\n|-damage|p2b: Venusaur|9\/100\n|-end|p2b: Venusaur|Sky Drop\n|move|p1b: Nihilego|Sludge Wave|p2a: Charizard|[spread] p1a,p2a,p2b\n|-resisted|p1a: Aerodactyl\n|-damage|p1a: Aerodactyl|0 fnt\n|-damage|p2a: Charizard|0 fnt\n|-damage|p2b: Venusaur|0 fnt\n|faint|p1a: Aerodactyl\n|faint|p2a: Charizard\n|faint|p2b: Venusaur\n|-ability|p1b: Nihilego|Beast Boost|boost\n|-boost|p1b: Nihilego|spa|3\n|\n|-weather|none\n|upkeep\n|\n|t:|1695782271\n|switch|p1a: Arcanine|Arcanine-Hisui, M|100\/100\n|switch|p2b: Flutter Mane|Flutter Mane|100\/100\n|switch|p2a: Walking Wake|Walking Wake|100\/100\n|turn|6\n|\n|t:|1695782285\n|switch|p1a: Cradily|Cradily, F|100\/100\n|move|p2b: Flutter Mane|Dazzling Gleam|p1b: Nihilego|[spread] p1a,p1b\n|-damage|p1a: Cradily|76\/100\n|-damage|p1b: Nihilego|15\/100\n|-damage|p2b: Flutter Mane|91\/100|[from] item: Life Orb\n|move|p2a: Walking Wake|Hydro Steam|p1a: Cradily\n|-ability|p1a: Cradily|Storm Drain|boost\n|-boost|p1a: Cradily|spa|1\n|move|p1b: Nihilego|Sludge Wave|p2a: Walking Wake|[spread] p1a,p2a,p2b\n|-damage|p1a: Cradily|0 fnt\n|-damage|p2a: Walking Wake|0 fnt\n|-damage|p2b: Flutter Mane|0 fnt\n|faint|p1a: Cradily\n|faint|p2a: Walking Wake\n|-end|p2a: Walking Wake|Protosynthesis|[silent]\n|faint|p2b: Flutter Mane\n|-end|p2b: Flutter Mane|Protosynthesis|[silent]\n|\n|win|Nyata\n|raw|Nyata's rating: 1172 &rarr; <strong>1208<\/strong><br \/>(+36 for winning)\n|raw|GingerBreadEel's rating: 1336 &rarr; <strong>1307<\/strong><br \/>(-29 for losing)\n|l|\u2606GingerBreadEel\n","uploadtime":1695782300,"views":8,"p1id":"nyata","p2id":"gingerbreadeel","formatid":"gen9nationaldexdoubles","rating":1208,"private":0,"password":""}