{"id":"gen9nationaldexdoubles-1998413737","p1":"Mr Green Tea","p2":"Trainer 2713","format":"[Gen 9] National Dex Doubles","log":"|j|\u2606Mr Green Tea\n|j|\u2606Trainer 2713\n|t:|1700939593\n|gametype|doubles\n|player|p1|Mr Green Tea|burglar|1162\n|player|p2|Trainer 2713|hilda|1047\n|teamsize|p1|6\n|teamsize|p2|6\n|gen|9\n|tier|[Gen 9] National Dex Doubles\n|rated|\n|rule|HP Percentage Mod: HP is shown in percentages\n|rule|Endless Battle Clause: Forcing endless battles is banned\n|rule|OHKO Clause: OHKO moves are banned\n|rule|Evasion Moves Clause: Evasion moves are banned\n|rule|Evasion Abilities Clause: Evasion abilities are banned\n|rule|Species Clause: Limit one of each Pok\u00e9mon\n|rule|Gravity Sleep Clause: The combination of sleep-inducing moves with imperfect accuracy and Gravity or Gigantamax Orbeetle are banned\n|clearpoke\n|poke|p1|Landorus-Therian, M|\n|poke|p1|Grimmsnarl, M|\n|poke|p1|Orthworm, M|\n|poke|p1|Ogerpon-Wellspring, F|\n|poke|p1|Iron Hands|\n|poke|p1|Sinistcha|\n|poke|p2|Whimsicott, F|\n|poke|p2|Lucario, M|\n|poke|p2|Cobalion|\n|poke|p2|Aegislash, M|\n|poke|p2|Zeraora|\n|poke|p2|Ceruledge, F|\n|teampreview\n|\n|t:|1700939623\n|start\n|switch|p1a: Grimmsnarl|Grimmsnarl, M|100\/100\n|switch|p1b: Landorus|Landorus-Therian, M|100\/100\n|switch|p2a: Get\u2018em!|Whimsicott, F, shiny|100\/100\n|switch|p2b: Lucario|Lucario, M, shiny|100\/100\n|-ability|p1b: Landorus|Intimidate|boost\n|-unboost|p2a: Get\u2018em!|atk|1\n|-unboost|p2b: Lucario|atk|1\n|turn|1\n|\n|t:|1700939663\n|move|p1a: Grimmsnarl|Reflect|p1a: Grimmsnarl\n|-sidestart|p1: Mr Green Tea|Reflect\n|move|p1b: Landorus|Earthquake|p2a: Get\u2018em!|[spread] p1a,p2a,p2b\n|-resisted|p2a: Get\u2018em!\n|-supereffective|p2b: Lucario\n|-damage|p1a: Grimmsnarl|72\/100\n|-damage|p2a: Get\u2018em!|72\/100\n|-damage|p2b: Lucario|0 fnt\n|faint|p2b: Lucario\n|move|p2a: Get\u2018em!|Beat Up|p2: Lucario|[notarget]\n|-fail|p2a: Get\u2018em!\n|\n|upkeep\n|inactive|Battle timer is ON: inactive players will automatically lose when time's up. (requested by Mr Green Tea)\n|\n|t:|1700939670\n|switch|p2b: Cobalion|Cobalion|100\/100\n|turn|2\n|\n|t:|1700939681\n|move|p1a: Grimmsnarl|Light Screen|p1a: Grimmsnarl\n|-sidestart|p1: Mr Green Tea|move: Light Screen\n|move|p1b: Landorus|Earthquake|p2b: Cobalion|[spread] p1a,p2a,p2b\n|-resisted|p2a: Get\u2018em!\n|-supereffective|p2b: Cobalion\n|-damage|p1a: Grimmsnarl|42\/100\n|-damage|p2a: Get\u2018em!|46\/100\n|-damage|p2b: Cobalion|42\/100\n|move|p2a: Get\u2018em!|Beat Up|p2b: Cobalion\n|-resisted|p2b: Cobalion\n|-damage|p2b: Cobalion|42\/100\n|-ability|p2b: Cobalion|Justified|boost\n|-boost|p2b: Cobalion|atk|1\n|-resisted|p2b: Cobalion\n|-damage|p2b: Cobalion|41\/100\n|-ability|p2b: Cobalion|Justified|boost\n|-boost|p2b: Cobalion|atk|1\n|-resisted|p2b: Cobalion\n|-damage|p2b: Cobalion|40\/100\n|-ability|p2b: Cobalion|Justified|boost\n|-boost|p2b: Cobalion|atk|1\n|-resisted|p2b: Cobalion\n|-damage|p2b: Cobalion|40\/100\n|-ability|p2b: Cobalion|Justified|boost\n|-boost|p2b: Cobalion|atk|1\n|-resisted|p2b: Cobalion\n|-damage|p2b: Cobalion|39\/100\n|-ability|p2b: Cobalion|Justified|boost\n|-boost|p2b: Cobalion|atk|1\n|-hitcount|p2b: Cobalion|5\n|move|p2b: Cobalion|Close Combat|p1a: Grimmsnarl\n|-damage|p1a: Grimmsnarl|0 fnt\n|-unboost|p2b: Cobalion|def|1\n|-unboost|p2b: Cobalion|spd|1\n|faint|p1a: Grimmsnarl\n|\n|upkeep\n|\n|t:|1700939693\n|switch|p1a: Orthworm|Orthworm, M|100\/100\n|turn|3\n|\n|t:|1700939705\n|move|p2b: Cobalion|Protect|p2b: Cobalion\n|-singleturn|p2b: Cobalion|Protect\n|move|p1b: Landorus|Earthquake|p2b: Cobalion|[spread] p2a\n|-activate|p2b: Cobalion|move: Protect\n|-immune|p1a: Orthworm|[from] ability: Earth Eater\n|-resisted|p2a: Get\u2018em!\n|-damage|p2a: Get\u2018em!|19\/100\n|move|p2a: Get\u2018em!|Giga Drain|p1a: Orthworm\n|-resisted|p1a: Orthworm\n|-damage|p1a: Orthworm|87\/100\n|-heal|p2a: Get\u2018em!|28\/100|[from] drain|[of] p1a: Orthworm\n|move|p1a: Orthworm|Iron Head|p2a: Get\u2018em!\n|-supereffective|p2a: Get\u2018em!\n|-damage|p2a: Get\u2018em!|0 fnt\n|faint|p2a: Get\u2018em!\n|\n|upkeep\n|\n|t:|1700939723\n|switch|p2a: Aegislash|Aegislash, M|100\/100\n|turn|4\n|\n|t:|1700939744\n|move|p1b: Landorus|Earthquake|p2b: Cobalion|[spread] p2a,p2b\n|-heal|p1a: Orthworm|100\/100|[from] ability: Earth Eater|[of] p1b: Landorus\n|-supereffective|p2a: Aegislash\n|-supereffective|p2b: Cobalion\n|-damage|p2a: Aegislash|25\/100\n|-damage|p2b: Cobalion|0 fnt\n|faint|p2b: Cobalion\n|move|p1a: Orthworm|Body Press|p2a: Aegislash\n|-immune|p2a: Aegislash\n|-formechange|p2a: Aegislash|Aegislash-Blade||[from] ability: Stance Change\n|move|p2a: Aegislash|Shadow Claw|p1b: Landorus\n|-damage|p1b: Landorus|74\/100\n|\n|upkeep\n|\n|t:|1700939749\n|switch|p2b: Zeraora|Zeraora, shiny|100\/100\n|turn|5\n|\n|t:|1700939762\n|move|p1b: Landorus|Earthquake|p2a: Aegislash|[spread] p2a,p2b\n|-immune|p1a: Orthworm|[from] ability: Earth Eater\n|-supereffective|p2a: Aegislash\n|-supereffective|p2b: Zeraora\n|-damage|p2a: Aegislash|0 fnt\n|-damage|p2b: Zeraora|0 fnt\n|faint|p2a: Aegislash\n|faint|p2b: Zeraora\n|move|p1a: Orthworm|Shed Tail|p1a: Orthworm\n|-start|p1a: Orthworm|Substitute|[from] move: Shed Tail\n|-damage|p1a: Orthworm|50\/100\n|-enditem|p1a: Orthworm|Sitrus Berry|[eat]\n|-heal|p1a: Orthworm|75\/100|[from] item: Sitrus Berry\n|\n|t:|1700939770\n|switch|p1a: Ogerpon|Ogerpon-Wellspring, F|100\/100|[from] Shed Tail\n|\n|upkeep\n|\n|t:|1700939779\n|switch|p2b: Ceruledge|Ceruledge, F|100\/100\n|turn|6\n|\n|t:|1700939789\n|-terastallize|p1a: Ogerpon|Water\n|detailschange|p1a: Ogerpon|Ogerpon-Wellspring-Tera, F, tera:Water\n|-ability|p1a: Ogerpon|Embody Aspect (Wellspring)|boost\n|-boost|p1a: Ogerpon|spd|1\n|move|p1b: Landorus|Earthquake|p2b: Ceruledge|[spread] p1a,p2b\n|-end|p1a: Ogerpon|Substitute\n|-supereffective|p2b: Ceruledge\n|-damage|p2b: Ceruledge|0 fnt\n|faint|p2b: Ceruledge\n|\n|win|Mr Green Tea\n|raw|Mr Green Tea's rating: 1162 &rarr; <strong>1179<\/strong><br \/>(+17 for winning)\n|raw|Trainer 2713's rating: 1047 &rarr; <strong>1035<\/strong><br \/>(-12 for losing)\n|l|\u2606Trainer 2713\n","uploadtime":1700939803,"views":3,"p1id":"mrgreentea","p2id":"trainer2713","formatid":"gen9nationaldexdoubles","rating":1035,"private":0,"password":""}