{"id":"gen9nationaldexdoubles-1968856200","p1":"OEEM67","p2":"Arnaenaed","format":"[Gen 9] National Dex Doubles","log":"|j|\u2606OEEM67\n|j|\u2606Arnaenaed\n|t:|1697470415\n|gametype|doubles\n|player|p1|OEEM67|lass|\n|player|p2|Arnaenaed|clay|\n|teamsize|p1|6\n|teamsize|p2|6\n|gen|9\n|tier|[Gen 9] National Dex Doubles\n|rule|HP Percentage Mod: HP is shown in percentages\n|rule|Endless Battle Clause: Forcing endless battles is banned\n|rule|OHKO Clause: OHKO moves are banned\n|rule|Evasion Moves Clause: Evasion moves are banned\n|rule|Evasion Abilities Clause: Evasion abilities are banned\n|rule|Species Clause: Limit one of each Pok\u00e9mon\n|rule|Gravity Sleep Clause: The combination of sleep-inducing moves with imperfect accuracy and Gravity or Gigantamax Orbeetle are banned\n|clearpoke\n|poke|p1|Iron Hands|\n|poke|p1|Zapdos|\n|poke|p1|Thundurus-Therian, M|\n|poke|p1|Tapu Koko|\n|poke|p1|Sandy Shocks|\n|poke|p1|Golem-Alola, F|\n|poke|p2|Gliscor, F|\n|poke|p2|Clodsire, F|\n|poke|p2|Ting-Lu|\n|poke|p2|Gastrodon, M|\n|poke|p2|Great Tusk|\n|poke|p2|Quagsire, F|\n|teampreview\n|\n|t:|1697470469\n|start\n|switch|p1a: Tapu Koko|Tapu Koko|100\/100\n|switch|p1b: Iron Hands|Iron Hands|100\/100\n|switch|p2a: Gliscor|Gliscor, F|100\/100\n|switch|p2b: Clodsire|Clodsire, F|100\/100\n|-fieldstart|move: Electric Terrain|[from] ability: Electric Surge|[of] p1a: Tapu Koko\n|-activate|p1b: Iron Hands|ability: Quark Drive\n|-start|p1b: Iron Hands|quarkdriveatk\n|turn|1\n|\n|t:|1697470522\n|switch|p2a: Ting-Lu|Ting-Lu|100\/100\n|-ability|p2a: Ting-Lu|Vessel of Ruin\n|move|p1b: Iron Hands|Fake Out|p2b: Clodsire\n|-damage|p2b: Clodsire|82\/100\n|move|p1a: Tapu Koko|Reflect|p1a: Tapu Koko\n|-sidestart|p1: OEEM67|Reflect\n|cant|p2b: Clodsire|flinch\n|\n|upkeep\n|turn|2\n|\n|t:|1697470567\n|switch|p1a: Zapdos|Zapdos|100\/100\n|move|p1b: Iron Hands|Earthquake|p2a: Ting-Lu|[spread] p2a,p2b\n|-immune|p1a: Zapdos\n|-supereffective|p2b: Clodsire\n|-damage|p2a: Ting-Lu|81\/100\n|-damage|p2b: Clodsire|14\/100\n|move|p2b: Clodsire|Toxic Spikes|p1b: Iron Hands\n|-sidestart|p1: OEEM67|move: Toxic Spikes\n|move|p2a: Ting-Lu|Whirlwind|p1b: Iron Hands\n|-end|p1b: Iron Hands|Quark Drive|[silent]\n|drag|p1b: Thundurus|Thundurus-Therian, M|100\/100\n|\n|-heal|p2a: Ting-Lu|88\/100|[from] item: Leftovers\n|upkeep\n|turn|3\n|inactive|Battle timer is ON: inactive players will automatically lose when time's up. (requested by Arnaenaed)\n|\n|t:|1697470625\n|move|p1b: Thundurus|Hidden Power|p2b: Clodsire\n|-supereffective|p2b: Clodsire\n|-damage|p2b: Clodsire|0 fnt\n|faint|p2b: Clodsire\n|-damage|p1b: Thundurus|91\/100|[from] item: Life Orb\n|move|p1a: Zapdos|Tailwind|p1a: Zapdos\n|-sidestart|p1: OEEM67|move: Tailwind\n|move|p2a: Ting-Lu|Stealth Rock|p1b: Thundurus\n|-sidestart|p1: OEEM67|move: Stealth Rock\n|\n|-heal|p2a: Ting-Lu|94\/100|[from] item: Leftovers\n|upkeep\n|\n|t:|1697470640\n|switch|p2b: Gliscor|Gliscor, F|100\/100\n|turn|4\n|inactive|OEEM67 has 270 seconds left.\n|inactive|OEEM67 has 240 seconds left.\n|inactive|OEEM67 has 210 seconds left.\n|inactive|OEEM67 has 180 seconds left.\n|l|\u2606OEEM67\n|inactive|OEEM67 disconnected and has 300 seconds to reconnect!\n|player|p1|\n|inactive|OEEM67 has 270 seconds to reconnect!\n|inactive|OEEM67 has 240 seconds to reconnect!\n|inactive|OEEM67 has 210 seconds to reconnect!\n|inactive|OEEM67 has 180 seconds to reconnect!\n|inactive|OEEM67 has 150 seconds to reconnect!\n|inactive|OEEM67 has 120 seconds to reconnect!\n|inactive|OEEM67 has 90 seconds to reconnect!\n|inactive|OEEM67 has 60 seconds to reconnect!\n|inactive|OEEM67 has 30 seconds to reconnect!\n|inactive|OEEM67 has 20 seconds to reconnect!\n|inactive|OEEM67 has 15 seconds to reconnect!\n|inactiveoff|Battle timer is now OFF.\n|j|\u2606OEEM67\n|player|p1|OEEM67|lass\n|\n|t:|1697471325\n|move|p1b: Thundurus|Hidden Power|p2a: Ting-Lu\n|-damage|p2a: Ting-Lu|82\/100\n|-damage|p1b: Thundurus|81\/100|[from] item: Life Orb\n|move|p1a: Zapdos|Toxic|p2a: Ting-Lu\n|-status|p2a: Ting-Lu|tox\n|move|p2b: Gliscor|Toxic|p1a: Zapdos\n|-status|p1a: Zapdos|tox\n|move|p2a: Ting-Lu|Spikes|p1a: Zapdos\n|-sidestart|p1: OEEM67|Spikes\n|\n|-heal|p2a: Ting-Lu|88\/100 tox|[from] item: Leftovers\n|-damage|p1a: Zapdos|94\/100 tox|[from] psn\n|-damage|p2a: Ting-Lu|82\/100 tox|[from] psn\n|-status|p2b: Gliscor|tox|[from] item: Toxic Orb\n|upkeep\n|turn|5\n|\n|t:|1697471766\n|switch|p1b: Iron Hands|Iron Hands|100\/100\n|-status|p1b: Iron Hands|psn\n|-damage|p1b: Iron Hands|94\/100 psn|[from] Stealth Rock\n|-damage|p1b: Iron Hands|82\/100 psn|[from] Spikes\n|-activate|p1b: Iron Hands|ability: Quark Drive\n|-start|p1b: Iron Hands|quarkdriveatk\n|switch|p2a: Gastrodon|Gastrodon, M|100\/100\n|move|p1a: Zapdos|Protect|p1a: Zapdos\n|-singleturn|p1a: Zapdos|Protect\n|move|p2b: Gliscor|Toxic|p1b: Iron Hands|[miss]\n|-miss|p2b: Gliscor|p1b: Iron Hands\n|\n|-damage|p1a: Zapdos|82\/100 tox|[from] psn\n|-damage|p1b: Iron Hands|69\/100 psn|[from] psn\n|-fieldend|move: Electric Terrain\n|-end|p1b: Iron Hands|Quark Drive\n|upkeep\n|turn|6\n|inactive|Battle timer is ON: inactive players will automatically lose when time's up. (requested by Arnaenaed)\n|inactive|OEEM67 has 150 seconds left.\n|inactive|OEEM67 has 120 seconds left.\n|inactive|OEEM67 has 90 seconds left.\n|\n|t:|1697471915\n|switch|p2b: Quagsire|Quagsire, F|100\/100\n|move|p1a: Zapdos|Toxic||[still]\n|-fail|p1a: Zapdos\n|move|p1b: Iron Hands|Ice Punch|p2b: Quagsire\n|-damage|p2b: Quagsire|83\/100\n|move|p2a: Gastrodon|Spikes|p1a: Zapdos\n|-sidestart|p1: OEEM67|Spikes\n|\n|-heal|p2b: Quagsire|89\/100|[from] item: Leftovers\n|-damage|p1a: Zapdos|63\/100 tox|[from] psn\n|-damage|p1b: Iron Hands|57\/100 psn|[from] psn\n|-sideend|p1: OEEM67|move: Tailwind\n|upkeep\n|turn|7\n|inactive|OEEM67 has 90 seconds left.\n|\n|t:|1697471935\n|move|p1a: Zapdos|Toxic|p2b: Quagsire\n|-status|p2b: Quagsire|tox\n|move|p1b: Iron Hands|Drain Punch|p2b: Quagsire\n|-damage|p2b: Quagsire|60\/100 tox\n|-heal|p1b: Iron Hands|70\/100 psn|[from] drain|[of] p2b: Quagsire\n|move|p2b: Quagsire|Spikes|p1b: Iron Hands\n|-sidestart|p1: OEEM67|Spikes\n|move|p2a: Gastrodon|Scald|p1b: Iron Hands\n|-damage|p1b: Iron Hands|57\/100 psn\n|\n|-heal|p2b: Quagsire|66\/100 tox|[from] item: Leftovers\n|-damage|p1a: Zapdos|38\/100 tox|[from] psn\n|-damage|p1b: Iron Hands|44\/100 psn|[from] psn\n|-damage|p2b: Quagsire|60\/100 tox|[from] psn\n|upkeep\n|turn|8\n|\n|t:|1697471957\n|switch|p1a: Tapu Koko|Tapu Koko|100\/100\n|-status|p1a: Tapu Koko|psn\n|-damage|p1a: Tapu Koko|88\/100 psn|[from] Stealth Rock\n|-damage|p1a: Tapu Koko|63\/100 psn|[from] Spikes\n|-fieldstart|move: Electric Terrain|[from] ability: Electric Surge|[of] p1a: Tapu Koko\n|-activate|p1b: Iron Hands|ability: Quark Drive\n|-start|p1b: Iron Hands|quarkdriveatk\n|-end|p1b: Iron Hands|Quark Drive|[silent]\n|switch|p1b: Golem|Golem-Alola, F|100\/100\n|-damage|p1b: Golem|88\/100|[from] Stealth Rock\n|-item|p1b: Golem|Air Balloon\n|switch|p2b: Gliscor|Gliscor, F|100\/100 tox\n|switch|p2a: Ting-Lu|Ting-Lu|82\/100 tox\n|-ability|p2a: Ting-Lu|Vessel of Ruin\n|\n|-heal|p2a: Ting-Lu|88\/100 tox|[from] item: Leftovers\n|-damage|p1a: Tapu Koko|51\/100 psn|[from] psn\n|-damage|p2a: Ting-Lu|82\/100 tox|[from] psn\n|-sideend|p1: OEEM67|Reflect\n|upkeep\n|turn|9\n|inactive|OEEM67 has 120 seconds left.\n|inactive|Arnaenaed has 270 seconds left.\n|\n|t:|1697471991\n|move|p1b: Golem|Protect|p1b: Golem\n|-singleturn|p1b: Golem|Protect\n|move|p1a: Tapu Koko|Reflect|p1a: Tapu Koko\n|-sidestart|p1: OEEM67|Reflect\n|move|p2b: Gliscor|Toxic|p1b: Golem\n|-activate|p1b: Golem|move: Protect\n|move|p2a: Ting-Lu|Ruination|p1a: Tapu Koko\n|-damage|p1a: Tapu Koko|26\/100 psn\n|\n|-heal|p2a: Ting-Lu|88\/100 tox|[from] item: Leftovers\n|-damage|p1a: Tapu Koko|14\/100 psn|[from] psn\n|-damage|p2a: Ting-Lu|76\/100 tox|[from] psn\n|upkeep\n|turn|10\n|inactive|OEEM67 has 90 seconds left.\n|\n|t:|1697472027\n|move|p1a: Tapu Koko|Nature's Madness|p2b: Gliscor\n|-damage|p2b: Gliscor|50\/100 tox\n|move|p2b: Gliscor|Toxic|p1b: Golem\n|-status|p1b: Golem|tox\n|move|p1b: Golem|Earthquake|p2a: Ting-Lu|[spread] p1a,p2a\n|-immune|p2b: Gliscor\n|-supereffective|p1a: Tapu Koko\n|-crit|p1a: Tapu Koko\n|-damage|p1a: Tapu Koko|0 fnt\n|-damage|p2a: Ting-Lu|61\/100 tox\n|faint|p1a: Tapu Koko\n|move|p2a: Ting-Lu|Whirlwind|p1b: Golem\n|drag|p1b: Iron Hands|Iron Hands|44\/100 psn\n|-damage|p1b: Iron Hands|38\/100 psn|[from] Stealth Rock\n|-damage|p1b: Iron Hands|13\/100 psn|[from] Spikes\n|-activate|p1b: Iron Hands|ability: Quark Drive\n|-start|p1b: Iron Hands|quarkdriveatk\n|\n|-heal|p2a: Ting-Lu|68\/100 tox|[from] item: Leftovers\n|-heal|p2b: Gliscor|63\/100 tox|[from] ability: Poison Heal\n|-damage|p1b: Iron Hands|1\/100 psn|[from] psn\n|-damage|p2a: Ting-Lu|49\/100 tox|[from] psn\n|upkeep\n|\n|t:|1697472049\n|switch|p1a: Zapdos|Zapdos|38\/100 tox\n|turn|11\n|inactive|OEEM67 has 90 seconds left.\n|\n|t:|1697472071\n|switch|p2a: Quagsire|Quagsire, F|60\/100 tox\n|move|p1a: Zapdos|Roost|p1a: Zapdos\n|-heal|p1a: Zapdos|88\/100 tox\n|-singleturn|p1a: Zapdos|move: Roost\n|move|p2b: Gliscor|Knock Off|p1b: Iron Hands\n|-resisted|p1b: Iron Hands\n|-damage|p1b: Iron Hands|0 fnt\n|-enditem|p1b: Iron Hands|Assault Vest|[from] move: Knock Off|[of] p2b: Gliscor\n|faint|p1b: Iron Hands\n|-end|p1b: Iron Hands|Quark Drive|[silent]\n|\n|-heal|p2a: Quagsire|66\/100 tox|[from] item: Leftovers\n|-damage|p1a: Zapdos|82\/100 tox|[from] psn\n|-heal|p2b: Gliscor|75\/100 tox|[from] ability: Poison Heal\n|-damage|p2a: Quagsire|60\/100 tox|[from] psn\n|upkeep\n|\n|t:|1697472084\n|switch|p1b: Thundurus|Thundurus-Therian, M|81\/100\n|-damage|p1b: Thundurus|56\/100|[from] Stealth Rock\n|turn|12\n|inactive|OEEM67 has 90 seconds left.\n|\n|t:|1697472116\n|switch|p2b: Ting-Lu|Ting-Lu|49\/100 tox\n|-ability|p2b: Ting-Lu|Vessel of Ruin\n|move|p1b: Thundurus|Nasty Plot|p1b: Thundurus\n|-boost|p1b: Thundurus|spa|2\n|move|p1a: Zapdos|Tailwind|p1a: Zapdos\n|-sidestart|p1: OEEM67|move: Tailwind\n|move|p2a: Quagsire|Toxic|p1b: Thundurus\n|-status|p1b: Thundurus|tox\n|\n|-heal|p2b: Ting-Lu|55\/100 tox|[from] item: Leftovers\n|-heal|p2a: Quagsire|66\/100 tox|[from] item: Leftovers\n|-damage|p1b: Thundurus|50\/100 tox|[from] psn\n|-damage|p1a: Zapdos|69\/100 tox|[from] psn\n|-damage|p2b: Ting-Lu|49\/100 tox|[from] psn\n|-damage|p2a: Quagsire|54\/100 tox|[from] psn\n|-fieldend|move: Electric Terrain\n|upkeep\n|turn|13\n|inactive|OEEM67 has 90 seconds left.\n|inactive|Arnaenaed has 270 seconds left.\n|\n|t:|1697472150\n|switch|p1a: Sandy Shocks|Sandy Shocks|100\/100\n|-status|p1a: Sandy Shocks|psn\n|-damage|p1a: Sandy Shocks|94\/100 psn|[from] Stealth Rock\n|-damage|p1a: Sandy Shocks|70\/100 psn|[from] Spikes\n|move|p1b: Thundurus|Hidden Power|p2b: Ting-Lu\n|-damage|p2b: Ting-Lu|24\/100 tox\n|-damage|p1b: Thundurus|41\/100 tox|[from] item: Life Orb\n|move|p2a: Quagsire|Scald|p1b: Thundurus\n|-damage|p1b: Thundurus|19\/100 tox\n|move|p2b: Ting-Lu|Whirlwind|p1b: Thundurus\n|drag|p1b: Zapdos|Zapdos|69\/100 tox\n|\n|-heal|p2b: Ting-Lu|30\/100 tox|[from] item: Leftovers\n|-heal|p2a: Quagsire|60\/100 tox|[from] item: Leftovers\n|-damage|p1a: Sandy Shocks|57\/100 psn|[from] psn\n|-damage|p1b: Zapdos|63\/100 tox|[from] psn\n|-damage|p2b: Ting-Lu|18\/100 tox|[from] psn\n|-damage|p2a: Quagsire|42\/100 tox|[from] psn\n|upkeep\n|turn|14\n|inactive|OEEM67 has 90 seconds left.\n|inactive|Arnaenaed has 270 seconds left.\n|\n|t:|1697472185\n|switch|p2b: Gliscor|Gliscor, F|75\/100 tox\n|move|p1a: Sandy Shocks|Protect|p1a: Sandy Shocks\n|-singleturn|p1a: Sandy Shocks|Protect\n|move|p1b: Zapdos|Protect|p1b: Zapdos\n|-singleturn|p1b: Zapdos|Protect\n|move|p2a: Quagsire|Scald|p1a: Sandy Shocks\n|-activate|p1a: Sandy Shocks|move: Protect\n|\n|-heal|p2a: Quagsire|48\/100 tox|[from] item: Leftovers\n|-damage|p1a: Sandy Shocks|45\/100 psn|[from] psn\n|-damage|p1b: Zapdos|50\/100 tox|[from] psn\n|-heal|p2b: Gliscor|88\/100 tox|[from] ability: Poison Heal\n|-damage|p2a: Quagsire|23\/100 tox|[from] psn\n|upkeep\n|turn|15\n|inactive|OEEM67 has 90 seconds left.\n|\n|t:|1697472214\n|switch|p2a: Gastrodon|Gastrodon, M|100\/100\n|move|p1a: Sandy Shocks|Power Gem|p2b: Gliscor\n|-damage|p2b: Gliscor|57\/100 tox\n|-damage|p1a: Sandy Shocks|35\/100 psn|[from] item: Life Orb\n|move|p1b: Zapdos|Roost|p1b: Zapdos\n|-heal|p1b: Zapdos|100\/100 tox\n|-singleturn|p1b: Zapdos|move: Roost\n|move|p2b: Gliscor|Knock Off|p1b: Zapdos\n|-damage|p1b: Zapdos|90\/100 tox\n|-enditem|p1b: Zapdos|Heavy-Duty Boots|[from] move: Knock Off|[of] p2b: Gliscor\n|\n|-damage|p1a: Sandy Shocks|23\/100 psn|[from] psn\n|-damage|p1b: Zapdos|71\/100 tox|[from] psn\n|-heal|p2b: Gliscor|70\/100 tox|[from] ability: Poison Heal\n|-sideend|p1: OEEM67|move: Tailwind\n|upkeep\n|turn|16\n|inactive|OEEM67 has 90 seconds left.\n|inactive|Arnaenaed has 270 seconds left.\n|c|\u2606OEEM67|:0\n|inactive|Arnaenaed has 240 seconds left.\n|\n|t:|1697472277\n|switch|p2b: Ting-Lu|Ting-Lu|18\/100 tox\n|-ability|p2b: Ting-Lu|Vessel of Ruin\n|move|p1a: Sandy Shocks|Power Gem|p2b: Ting-Lu\n|-resisted|p2b: Ting-Lu\n|-damage|p2b: Ting-Lu|10\/100 tox\n|-damage|p1a: Sandy Shocks|13\/100 psn|[from] item: Life Orb\n|move|p1b: Zapdos|Tailwind|p1b: Zapdos\n|-sidestart|p1: OEEM67|move: Tailwind\n|move|p2a: Gastrodon|Scald|p1a: Sandy Shocks\n|-supereffective|p1a: Sandy Shocks\n|-damage|p1a: Sandy Shocks|0 fnt\n|faint|p1a: Sandy Shocks\n|-end|p1a: Sandy Shocks|Protosynthesis|[silent]\n|\n|-heal|p2b: Ting-Lu|16\/100 tox|[from] item: Leftovers\n|-damage|p1b: Zapdos|46\/100 tox|[from] psn\n|-damage|p2b: Ting-Lu|10\/100 tox|[from] psn\n|-sideend|p1: OEEM67|Reflect\n|upkeep\n|\n|t:|1697472293\n|switch|p1a: Golem|Golem-Alola, F|88\/100 tox\n|-damage|p1a: Golem|76\/100 tox|[from] Stealth Rock\n|-item|p1a: Golem|Air Balloon\n|turn|17\n|\n|t:|1697472317\n|move|p1b: Zapdos|Toxic|p2a: Gastrodon\n|-status|p2a: Gastrodon|tox\n|move|p1a: Golem|Earthquake|p2b: Ting-Lu|[spread] p2a,p2b\n|-immune|p1b: Zapdos\n|-damage|p2a: Gastrodon|81\/100 tox\n|-damage|p2b: Ting-Lu|0 fnt\n|faint|p2b: Ting-Lu\n|move|p2a: Gastrodon|Scald|p1a: Golem\n|-supereffective|p1a: Golem\n|-damage|p1a: Golem|6\/100 tox\n|-enditem|p1a: Golem|Air Balloon\n|\n|-damage|p1b: Zapdos|15\/100 tox|[from] psn\n|-damage|p1a: Golem|0 fnt|[from] psn\n|faint|p1a: Golem\n|-damage|p2a: Gastrodon|75\/100 tox|[from] psn\n|upkeep\n|inactive|Arnaenaed has 270 seconds left.\n|\n|t:|1697472336\n|switch|p2b: Gliscor|Gliscor, F|70\/100 tox\n|switch|p1a: Thundurus|Thundurus-Therian, M|19\/100 tox\n|-damage|p1a: Thundurus|0 fnt|[from] Stealth Rock\n|faint|p1a: Thundurus\n|turn|18\n|\n|t:|1697472344\n|move|p1b: Zapdos|Roost|p1b: Zapdos\n|-heal|p1b: Zapdos|65\/100 tox\n|-singleturn|p1b: Zapdos|move: Roost\n|move|p2b: Gliscor|Knock Off|p1b: Zapdos\n|-damage|p1b: Zapdos|55\/100 tox\n|move|p2a: Gastrodon|Scald|p1b: Zapdos\n|-damage|p1b: Zapdos|30\/100 tox\n|\n|-damage|p1b: Zapdos|0 fnt|[from] psn\n|faint|p1b: Zapdos\n|\n|win|Arnaenaed\n|upkeep\n|c|\u2606Arnaenaed|gg\n","uploadtime":1697472406,"views":6,"p1id":"oeem67","p2id":"arnaenaed","formatid":"gen9nationaldexdoubles","rating":0,"private":0,"password":""}