{"id":"gen9nationaldexdoubles-1979728279","p1":"AnimalJoker7068","p2":"lxvliiz","format":"[Gen 9] National Dex Doubles","log":"|j|\u2606AnimalJoker7068\n|j|\u2606lxvliiz\n|t:|1698707192\n|gametype|doubles\n|player|p1|AnimalJoker7068|169|1086\n|player|p2|lxvliiz|1|1029\n|teamsize|p1|6\n|teamsize|p2|6\n|gen|9\n|tier|[Gen 9] National Dex Doubles\n|rated|\n|rule|HP Percentage Mod: HP is shown in percentages\n|rule|Endless Battle Clause: Forcing endless battles is banned\n|rule|OHKO Clause: OHKO moves are banned\n|rule|Evasion Moves Clause: Evasion moves are banned\n|rule|Evasion Abilities Clause: Evasion abilities are banned\n|rule|Species Clause: Limit one of each Pok\u00e9mon\n|rule|Gravity Sleep Clause: The combination of sleep-inducing moves with imperfect accuracy and Gravity or Gigantamax Orbeetle are banned\n|clearpoke\n|poke|p1|Talonflame, M|\n|poke|p1|Goodra-Hisui, M|\n|poke|p1|Darkrai|\n|poke|p1|Volcanion|\n|poke|p1|Dragonite, F|\n|poke|p1|Grimmsnarl, M|\n|poke|p2|Moltres-Galar|\n|poke|p2|Murkrow, L1, F|\n|poke|p2|Weavile, M|\n|poke|p2|Greninja-*, M|\n|poke|p2|Incineroar, F|\n|poke|p2|Meowscarada, F|\n|teampreview\n|\n|t:|1698707208\n|start\n|switch|p1a: Darkrai|Darkrai|100\/100\n|switch|p1b: Grimmsnarl|Grimmsnarl, M|100\/100\n|switch|p2a: Meowscarada|Meowscarada, F|100\/100\n|switch|p2b: Moltres|Moltres-Galar|100\/100\n|turn|1\n|\n|t:|1698707223\n|move|p2a: Meowscarada|Spikes|p1b: Grimmsnarl\n|-sidestart|p1: AnimalJoker7068|Spikes\n|move|p1a: Darkrai|Hypnosis|p2a: Meowscarada\n|-status|p2a: Meowscarada|slp|[from] move: Hypnosis\n|move|p2b: Moltres|Nasty Plot|p2b: Moltres\n|-boost|p2b: Moltres|spa|2\n|move|p1b: Grimmsnarl|Foul Play|p2a: Meowscarada\n|-resisted|p2a: Meowscarada\n|-damage|p2a: Meowscarada|69\/100 slp\n|\n|-damage|p2a: Meowscarada|56\/100 slp|[from] ability: Bad Dreams|[of] p1a: Darkrai\n|upkeep\n|turn|2\n|\n|t:|1698707250\n|-terastallize|p2b: Moltres|Dark\n|cant|p2a: Meowscarada|slp\n|move|p1a: Darkrai|Hypnosis|p2b: Moltres|[miss]\n|-miss|p1a: Darkrai|p2b: Moltres\n|move|p2b: Moltres|Fiery Wrath|p1a: Darkrai|[spread] p1a,p1b\n|-resisted|p1a: Darkrai\n|-resisted|p1b: Grimmsnarl\n|-damage|p1a: Darkrai|47\/100\n|-damage|p1b: Grimmsnarl|78\/100\n|move|p1b: Grimmsnarl|Foul Play|p2a: Meowscarada\n|-resisted|p2a: Meowscarada\n|-damage|p2a: Meowscarada|23\/100 slp\n|\n|-damage|p2a: Meowscarada|11\/100 slp|[from] ability: Bad Dreams|[of] p1a: Darkrai\n|upkeep\n|turn|3\n|\n|t:|1698707282\n|-terastallize|p1b: Grimmsnarl|Dark\n|-curestatus|p2a: Meowscarada|slp|[msg]\n|move|p2a: Meowscarada|Flower Trick|p1b: Grimmsnarl\n|-crit|p1b: Grimmsnarl\n|-damage|p1b: Grimmsnarl|0 fnt\n|faint|p1b: Grimmsnarl\n|move|p1a: Darkrai|Hypnosis|p2b: Moltres\n|-status|p2b: Moltres|slp|[from] move: Hypnosis\n|cant|p2b: Moltres|slp\n|\n|-damage|p2b: Moltres|88\/100 slp|[from] ability: Bad Dreams|[of] p1a: Darkrai\n|upkeep\n|\n|t:|1698707299\n|switch|p1b: Talonflame|Talonflame, M|100\/100\n|turn|4\n|\n|t:|1698707311\n|move|p2a: Meowscarada|Taunt|p1a: Darkrai\n|-start|p1a: Darkrai|move: Taunt\n|move|p1b: Talonflame|Flame Charge|p2a: Meowscarada\n|-supereffective|p2a: Meowscarada\n|-damage|p2a: Meowscarada|0 fnt\n|-boost|p1b: Talonflame|spe|1\n|faint|p2a: Meowscarada\n|cant|p1a: Darkrai|move: Taunt|Hypnosis\n|cant|p2b: Moltres|slp\n|\n|-damage|p2b: Moltres|76\/100 slp|[from] ability: Bad Dreams|[of] p1a: Darkrai\n|upkeep\n|\n|t:|1698707319\n|switch|p2a: Murkrow|Murkrow, L1, F|100\/100\n|turn|5\n|\n|t:|1698707337\n|move|p2a: Murkrow|Tailwind|p2a: Murkrow\n|-sidestart|p2: lxvliiz|move: Tailwind\n|-curestatus|p2b: Moltres|slp|[msg]\n|move|p2b: Moltres|Fiery Wrath|p1a: Darkrai|[spread] p1a,p1b\n|-resisted|p1a: Darkrai\n|-damage|p1a: Darkrai|0 fnt\n|-enditem|p1b: Talonflame|Focus Sash\n|-damage|p1b: Talonflame|1\/100\n|faint|p1a: Darkrai\n|move|p1b: Talonflame|Brave Bird|p2b: Moltres\n|-damage|p2b: Moltres|22\/100\n|-damage|p1b: Talonflame|0 fnt|[from] Recoil\n|-ability|p2b: Moltres|Berserk|boost\n|-boost|p2b: Moltres|spa|1\n|faint|p1b: Talonflame\n|\n|upkeep\n|\n|t:|1698707368\n|switch|p1b: Volcanion|Volcanion|100\/100\n|switch|p1a: Dragonite|Dragonite, F|100\/100\n|-damage|p1b: Volcanion|88\/100|[from] Spikes\n|turn|6\n|\n|t:|1698707382\n|move|p2b: Moltres|Fiery Wrath|p1b: Volcanion|[spread] p1a,p1b\n|-damage|p1a: Dragonite|0 fnt\n|-damage|p1b: Volcanion|0 fnt\n|faint|p1a: Dragonite\n|faint|p1b: Volcanion\n|move|p2a: Murkrow|Whirlwind|p1: Dragonite|[notarget]\n|-fail|p2a: Murkrow\n|\n|upkeep\n|inactive|Battle timer is ON: inactive players will automatically lose when time's up. (requested by lxvliiz)\n|\n|t:|1698707403\n|switch|p1b: Goodra|Goodra-Hisui, M|100\/100\n|-damage|p1b: Goodra|88\/100|[from] Spikes\n|turn|7\n|\n|t:|1698707413\n|move|p2b: Moltres|Fiery Wrath|p1b: Goodra\n|-damage|p1b: Goodra|0 fnt\n|faint|p1b: Goodra\n|\n|win|lxvliiz\n|raw|AnimalJoker7068's rating: 1086 &rarr; <strong>1059<\/strong><br \/>(-27 for losing)\n|raw|lxvliiz's rating: 1029 &rarr; <strong>1070<\/strong><br \/>(+41 for winning)\n|c|\u2606lxvliiz|gg\n","uploadtime":1698707420,"views":4,"p1id":"animaljoker7068","p2id":"lxvliiz","formatid":"gen9nationaldexdoubles","rating":1059,"private":0,"password":""}