{"id":"gen9nationaldexdoubles-1971627612","p1":"Genosse_Pflanze","p2":"Clea_Foxx96","format":"[Gen 9] National Dex Doubles","log":"|j|\u2606Genosse_Pflanze\n|j|\u2606Clea_Foxx96\n|t:|1697754869\n|gametype|doubles\n|player|p1|Genosse_Pflanze|n|1225\n|player|p2|Clea_Foxx96|bianca|1152\n|teamsize|p1|6\n|teamsize|p2|6\n|gen|9\n|tier|[Gen 9] National Dex Doubles\n|rated|\n|rule|HP Percentage Mod: HP is shown in percentages\n|rule|Endless Battle Clause: Forcing endless battles is banned\n|rule|OHKO Clause: OHKO moves are banned\n|rule|Evasion Moves Clause: Evasion moves are banned\n|rule|Evasion Abilities Clause: Evasion abilities are banned\n|rule|Species Clause: Limit one of each Pok\u00e9mon\n|rule|Gravity Sleep Clause: The combination of sleep-inducing moves with imperfect accuracy and Gravity or Gigantamax Orbeetle are banned\n|clearpoke\n|poke|p1|Ninetales-Alola, F|\n|poke|p1|Baxcalibur, F|\n|poke|p1|Cetitan, M|\n|poke|p1|Vanilluxe, M|\n|poke|p1|Mr. Rime, F|\n|poke|p1|Articuno|\n|poke|p2|Weezing-Galar, M|\n|poke|p2|Rotom-Heat|\n|poke|p2|Sinistcha-Masterpiece|\n|poke|p2|Honchkrow, M|\n|poke|p2|Sirfetch\u2019d, M|\n|poke|p2|Garchomp, M|\n|teampreview\n|\n|t:|1697754883\n|start\n|switch|p1a: Mr. Rime|Mr. Rime, F|100\/100\n|switch|p1b: Vanilluxe|Vanilluxe, M|100\/100\n|switch|p2a: Rotom|Rotom-Heat, shiny|100\/100\n|switch|p2b: Mori|Weezing-Galar, M|100\/100\n|-weather|Snow|[from] ability: Snow Warning|[of] p1b: Vanilluxe\n|turn|1\n|\n|t:|1697754902\n|move|p1a: Mr. Rime|Fake Out|p2a: Rotom\n|-damage|p2a: Rotom|91\/100\n|cant|p2a: Rotom|flinch\n|move|p1b: Vanilluxe|Aurora Veil|p1b: Vanilluxe\n|-sidestart|p1: Genosse_Pflanze|move: Aurora Veil\n|move|p2b: Mori|Poison Gas|p1b: Vanilluxe|[spread] p1a,p1b\n|-status|p1a: Mr. Rime|psn\n|-status|p1b: Vanilluxe|psn\n|\n|-weather|Snow|[upkeep]\n|-damage|p1a: Mr. Rime|88\/100 psn|[from] psn\n|-damage|p1b: Vanilluxe|88\/100 psn|[from] psn\n|upkeep\n|turn|2\n|\n|t:|1697754924\n|move|p2a: Rotom|Nasty Plot|p2a: Rotom\n|-boost|p2a: Rotom|spa|2\n|move|p1a: Mr. Rime|Nasty Plot|p1a: Mr. Rime\n|-boost|p1a: Mr. Rime|spa|2\n|move|p1b: Vanilluxe|Light Screen|p1b: Vanilluxe\n|-sidestart|p1: Genosse_Pflanze|move: Light Screen\n|move|p2b: Mori|Venom Drench|p1a: Mr. Rime|[spread] p1a,p1b\n|-unboost|p1a: Mr. Rime|atk|1\n|-unboost|p1a: Mr. Rime|spa|1\n|-unboost|p1a: Mr. Rime|spe|1\n|-unboost|p1b: Vanilluxe|atk|1\n|-unboost|p1b: Vanilluxe|spa|1\n|-unboost|p1b: Vanilluxe|spe|1\n|\n|-weather|Snow|[upkeep]\n|-heal|p1a: Mr. Rime|94\/100 psn|[from] ability: Ice Body\n|-damage|p1a: Mr. Rime|82\/100 psn|[from] psn\n|-damage|p1b: Vanilluxe|76\/100 psn|[from] psn\n|upkeep\n|turn|3\n|inactive|Battle timer is ON: inactive players will automatically lose when time's up. (requested by Clea_Foxx96)\n|\n|t:|1697754989\n|move|p2a: Rotom|Overheat|p1a: Mr. Rime\n|-supereffective|p1a: Mr. Rime\n|-damage|p1a: Mr. Rime|0 fnt\n|-unboost|p2a: Rotom|spa|2\n|faint|p1a: Mr. Rime\n|move|p2b: Mori|Heat Wave|p1b: Vanilluxe\n|-supereffective|p1b: Vanilluxe\n|-damage|p1b: Vanilluxe|35\/100 psn\n|move|p1b: Vanilluxe|Blizzard|p2a: Rotom|[spread] p2a,p2b\n|-resisted|p2a: Rotom\n|-damage|p2a: Rotom|73\/100\n|-damage|p2b: Mori|58\/100\n|\n|-weather|Snow|[upkeep]\n|-heal|p2b: Mori|64\/100|[from] item: Black Sludge\n|-damage|p1b: Vanilluxe|23\/100 psn|[from] psn\n|upkeep\n|\n|t:|1697755016\n|switch|p1a: Cetitan|Cetitan, M|100\/100\n|turn|4\n|\n|t:|1697755031\n|switch|p1b: Baxcalibur|Baxcalibur, F|100\/100\n|move|p1a: Cetitan|Liquidation|p2a: Rotom\n|-supereffective|p2a: Rotom\n|-enditem|p2a: Rotom|Passho Berry|[eat]\n|-enditem|p2a: Rotom|Passho Berry|[weaken]\n|-damage|p2a: Rotom|35\/100\n|move|p2a: Rotom|Overheat|p1a: Cetitan\n|-supereffective|p1a: Cetitan\n|-damage|p1a: Cetitan|15\/100\n|-unboost|p2a: Rotom|spa|2\n|move|p2b: Mori|Poison Gas|p1b: Baxcalibur|[spread] p1a,p1b\n|-status|p1a: Cetitan|psn\n|-status|p1b: Baxcalibur|psn\n|\n|-weather|Snow|[upkeep]\n|-heal|p1a: Cetitan|21\/100 psn|[from] item: Leftovers\n|-heal|p2b: Mori|70\/100|[from] item: Black Sludge\n|-damage|p1a: Cetitan|9\/100 psn|[from] psn\n|-damage|p1b: Baxcalibur|88\/100 psn|[from] psn\n|upkeep\n|turn|5\n|inactive|Genosse_Pflanze has 120 seconds left.\n|\n|t:|1697755082\n|move|p1a: Cetitan|Icicle Spear|p2b: Mori\n|-damage|p2b: Mori|58\/100\n|-damage|p2b: Mori|44\/100\n|-hitcount|p2b: Mori|2\n|move|p2a: Rotom|Thunderbolt|p1b: Baxcalibur\n|-resisted|p1b: Baxcalibur\n|-damage|p1b: Baxcalibur|82\/100 psn\n|move|p1b: Baxcalibur|Icicle Crash|p2b: Mori\n|-damage|p2b: Mori|0 fnt\n|faint|p2b: Mori\n|\n|-weather|none\n|-heal|p1a: Cetitan|15\/100 psn|[from] item: Leftovers\n|-damage|p1a: Cetitan|3\/100 psn|[from] psn\n|-damage|p1b: Baxcalibur|69\/100 psn|[from] psn\n|upkeep\n|inactive|Clea_Foxx96 has 120 seconds left.\n|\n|t:|1697755107\n|switch|p2b: Devland|Sirfetch\u2019d, M|100\/100\n|turn|6\n|inactive|Genosse_Pflanze has 120 seconds left.\n|\n|t:|1697755118\n|move|p2b: Devland|First Impression|p1b: Baxcalibur\n|-damage|p1b: Baxcalibur|45\/100 psn\n|move|p2a: Rotom|Thunderbolt|p1b: Baxcalibur\n|-resisted|p1b: Baxcalibur\n|-damage|p1b: Baxcalibur|38\/100 psn\n|move|p1b: Baxcalibur|Dragon Dance|p1b: Baxcalibur\n|-boost|p1b: Baxcalibur|atk|1\n|-boost|p1b: Baxcalibur|spe|1\n|move|p1a: Cetitan|Liquidation|p2a: Rotom\n|-supereffective|p2a: Rotom\n|-damage|p2a: Rotom|0 fnt\n|faint|p2a: Rotom\n|\n|-heal|p1a: Cetitan|9\/100 psn|[from] item: Leftovers\n|-damage|p1b: Baxcalibur|26\/100 psn|[from] psn\n|-damage|p1a: Cetitan|0 fnt|[from] psn\n|faint|p1a: Cetitan\n|upkeep\n|\n|t:|1697755137\n|switch|p2a: Qrow|Honchkrow, M|100\/100\n|switch|p1a: Ninetales|Ninetales-Alola, F|100\/100\n|-weather|Snow|[from] ability: Snow Warning|[of] p1a: Ninetales\n|turn|7\n|\n|t:|1697755154\n|move|p2a: Qrow|Sucker Punch|p1b: Baxcalibur\n|-crit|p1b: Baxcalibur\n|-damage|p1b: Baxcalibur|0 fnt\n|faint|p1b: Baxcalibur\n|move|p1a: Ninetales|Encore|p2b: Devland\n|-start|p2b: Devland|Encore\n|move|p2b: Devland|First Impression||[still]\n|-hint|First Impression only works on your first turn out.\n|-fail|p2b: Devland\n|\n|-weather|Snow|[upkeep]\n|upkeep\n|\n|t:|1697755175\n|switch|p1b: Articuno|Articuno|100\/100\n|-ability|p1b: Articuno|Pressure\n|turn|8\n|\n|t:|1697755200\n|move|p2b: Devland|First Impression||[still]\n|-hint|First Impression only works on your first turn out.\n|-fail|p2b: Devland\n|move|p2a: Qrow|Sucker Punch||[still]\n|-fail|p2a: Qrow\n|move|p1a: Ninetales|Freeze-Dry|p2a: Qrow\n|-supereffective|p2a: Qrow\n|-damage|p2a: Qrow|12\/100\n|move|p1b: Articuno|Haze|p1b: Articuno\n|-clearallboost\n|\n|-weather|Snow|[upkeep]\n|-sideend|p1: Genosse_Pflanze|move: Aurora Veil\n|upkeep\n|turn|9\n|\n|t:|1697755228\n|move|p2b: Devland|First Impression||[still]\n|-hint|First Impression only works on your first turn out.\n|-fail|p2b: Devland\n|move|p2a: Qrow|Sucker Punch|p1a: Ninetales\n|-resisted|p1a: Ninetales\n|-crit|p1a: Ninetales\n|-damage|p1a: Ninetales|68\/100\n|move|p1a: Ninetales|Dazzling Gleam|p2a: Qrow|[spread] p2a,p2b\n|-supereffective|p2a: Qrow\n|-supereffective|p2b: Devland\n|-damage|p2a: Qrow|0 fnt\n|-damage|p2b: Devland|38\/100\n|faint|p2a: Qrow\n|move|p1b: Articuno|Haze|p1b: Articuno\n|-clearallboost\n|\n|-weather|Snow|[upkeep]\n|-end|p2b: Devland|Encore\n|-sideend|p1: Genosse_Pflanze|move: Light Screen\n|upkeep\n|inactive|Clea_Foxx96 has 120 seconds left.\n|\n|t:|1697755247\n|switch|p2a: Sinistcha|Sinistcha-Masterpiece, shiny|100\/100\n|-heal|p2b: Devland|63\/100|[from] ability: Hospitality|[of] p2a: Sinistcha\n|turn|10\n|\n|t:|1697755258\n|-terastallize|p2a: Sinistcha|Water\n|move|p1a: Ninetales|Freeze-Dry|p2a: Sinistcha\n|-supereffective|p2a: Sinistcha\n|-damage|p2a: Sinistcha|27\/100\n|move|p1b: Articuno|Haze|p1b: Articuno\n|-clearallboost\n|move|p2a: Sinistcha|Matcha Gotcha|p1b: Articuno|[spread] p1a,p1b\n|-resisted|p1b: Articuno\n|-crit|p1b: Articuno\n|-damage|p1a: Ninetales|29\/100\n|-heal|p2a: Sinistcha|44\/100|[from] drain|[of] p1a: Ninetales\n|-damage|p1b: Articuno|88\/100\n|-heal|p2a: Sinistcha|50\/100|[from] drain|[of] p1b: Articuno\n|-status|p1b: Articuno|brn\n|move|p2b: Devland|Poison Jab|p1a: Ninetales\n|-supereffective|p1a: Ninetales\n|-crit|p1a: Ninetales\n|-damage|p1a: Ninetales|0 fnt\n|faint|p1a: Ninetales\n|\n|-weather|Snow|[upkeep]\n|-heal|p2a: Sinistcha|57\/100|[from] item: Leftovers\n|-damage|p1b: Articuno|82\/100 brn|[from] brn\n|upkeep\n|-message|Genosse_Pflanze forfeited.\n|\n|win|Clea_Foxx96\n|raw|Genosse_Pflanze's rating: 1225 &rarr; <strong>1195<\/strong><br \/>(-30 for losing)\n|raw|Clea_Foxx96's rating: 1152 &rarr; <strong>1182<\/strong><br \/>(+30 for winning)\n|l|\u2606Genosse_Pflanze\n","uploadtime":1697755285,"views":16,"p1id":"genossepflanze","p2id":"cleafoxx96","formatid":"gen9nationaldexdoubles","rating":1182,"private":0,"password":""}