{"id":"gen9nationaldexdoubles-1972436738","p1":"Cesar hacker toons","p2":"Jfj fj h gj","format":"[Gen 9] National Dex Doubles","log":"|j|\u2606Cesar hacker toons\n|j|\u2606Jfj fj h gj\n|t:|1697842667\n|gametype|doubles\n|player|p1|Cesar hacker toons|skyla|1174\n|player|p2|Jfj fj h gj|lucas|1048\n|teamsize|p1|6\n|teamsize|p2|6\n|gen|9\n|tier|[Gen 9] National Dex Doubles\n|rated|\n|rule|HP Percentage Mod: HP is shown in percentages\n|rule|Endless Battle Clause: Forcing endless battles is banned\n|rule|OHKO Clause: OHKO moves are banned\n|rule|Evasion Moves Clause: Evasion moves are banned\n|rule|Evasion Abilities Clause: Evasion abilities are banned\n|rule|Species Clause: Limit one of each Pok\u00e9mon\n|rule|Gravity Sleep Clause: The combination of sleep-inducing moves with imperfect accuracy and Gravity or Gigantamax Orbeetle are banned\n|clearpoke\n|poke|p1|Politoed, M|\n|poke|p1|Incineroar, M|\n|poke|p1|Togekiss, M|\n|poke|p1|Gothitelle, M|\n|poke|p1|Azumarill, M|\n|poke|p1|Klefki, F|\n|poke|p2|Blastoise, M|\n|poke|p2|Clefable, M|\n|poke|p2|Indeedee-F, F|\n|poke|p2|Mr. Mime, F|\n|poke|p2|Glastrier|\n|poke|p2|Oranguru, F|\n|teampreview\n|inactive|Battle timer is ON: inactive players will automatically lose when time's up. (requested by Cesar hacker toons)\n|\n|t:|1697842692\n|start\n|switch|p1a: Azumarill|Azumarill, M|100\/100\n|switch|p1b: Klefki|Klefki, F|100\/100\n|switch|p2a: Blastoise|Blastoise, M|100\/100\n|switch|p2b: Mr. Mime|Mr. Mime, F|100\/100\n|turn|1\n|\n|t:|1697842706\n|switch|p1b: Gothitelle|Gothitelle, M|100\/100\n|move|p2b: Mr. Mime|Taunt|p1b: Gothitelle\n|-start|p1b: Gothitelle|move: Taunt\n|move|p2a: Blastoise|Scald|p1b: Gothitelle\n|-damage|p1b: Gothitelle|85\/100\n|move|p1a: Azumarill|Perish Song|p1a: Azumarill\n|-start|p1a: Azumarill|perish3|[silent]\n|-start|p1b: Gothitelle|perish3|[silent]\n|-start|p2a: Blastoise|perish3|[silent]\n|-immune|p2b: Mr. Mime|[from] ability: Soundproof\n|-fieldactivate|move: Perish Song\n|\n|-start|p2a: Blastoise|perish3\n|-start|p1b: Gothitelle|perish3\n|-start|p1a: Azumarill|perish3\n|upkeep\n|turn|2\n|\n|t:|1697842734\n|switch|p1a: Incineroar|Incineroar, M|100\/100\n|-ability|p1a: Incineroar|Intimidate|boost\n|-unboost|p2a: Blastoise|atk|1\n|-unboost|p2b: Mr. Mime|atk|1\n|move|p1b: Gothitelle|Fake Out|p2b: Mr. Mime\n|-damage|p2b: Mr. Mime|93\/100\n|cant|p2b: Mr. Mime|flinch\n|move|p2a: Blastoise|Roar|p1b: Gothitelle\n|drag|p1b: Togekiss|Togekiss, M|100\/100\n|\n|-start|p2a: Blastoise|perish2\n|upkeep\n|turn|3\n|\n|t:|1697842762\n|switch|p1b: Azumarill|Azumarill, M|100\/100\n|move|p1a: Incineroar|Protect|p1a: Incineroar\n|-singleturn|p1a: Incineroar|Protect\n|move|p2b: Mr. Mime|Seismic Toss|p1a: Incineroar\n|-activate|p1a: Incineroar|move: Protect\n|move|p2a: Blastoise|Scald|p1a: Incineroar\n|-activate|p1a: Incineroar|move: Protect\n|\n|-start|p2a: Blastoise|perish1\n|upkeep\n|turn|4\n|\n|t:|1697842785\n|switch|p2a: Indeedee|Indeedee-F, F|100\/100\n|-fieldstart|move: Psychic Terrain|[from] ability: Psychic Surge|[of] p2a: Indeedee\n|move|p2b: Mr. Mime|Taunt|p1b: Azumarill\n|-start|p1b: Azumarill|move: Taunt\n|move|p1a: Incineroar|Crunch|p2b: Mr. Mime\n|-damage|p2b: Mr. Mime|60\/100\n|cant|p1b: Azumarill|move: Taunt|Charm\n|\n|upkeep\n|turn|5\n|\n|t:|1697842811\n|switch|p1a: Politoed|Politoed, M|100\/100\n|switch|p1b: Gothitelle|Gothitelle, M|85\/100\n|move|p2b: Mr. Mime|Seismic Toss|p1a: Politoed\n|-damage|p1a: Politoed|74\/100\n|move|p2a: Indeedee|Trick Room|p2a: Indeedee\n|-fieldstart|move: Trick Room|[of] p2a: Indeedee\n|\n|upkeep\n|turn|6\n|\n|t:|1697842840\n|move|p2a: Indeedee|Follow Me|p2a: Indeedee\n|-singleturn|p2a: Indeedee|move: Follow Me\n|move|p1b: Gothitelle|Ally Switch|p1b: Gothitelle\n|swap|p1b: Gothitelle|0|[from] move: Ally Switch\n|move|p1b: Politoed|Perish Song|p1b: Politoed\n|-start|p1a: Gothitelle|perish3|[silent]\n|-start|p1b: Politoed|perish3|[silent]\n|-start|p2a: Indeedee|perish3|[silent]\n|-immune|p2b: Mr. Mime|[from] ability: Soundproof\n|-fieldactivate|move: Perish Song\n|move|p2b: Mr. Mime|Taunt|p1b: Politoed\n|-start|p1b: Politoed|move: Taunt\n|\n|-start|p2a: Indeedee|perish3\n|-start|p1a: Gothitelle|perish3\n|-start|p1b: Politoed|perish3\n|upkeep\n|turn|7\n|-message|Cesar hacker toons forfeited.\n|\n|win|Jfj fj h gj\n|raw|Cesar hacker toons's rating: 1174 &rarr; <strong>1140<\/strong><br \/>(-34 for losing)\n|raw|Jfj fj h gj's rating: 1048 &rarr; <strong>1092<\/strong><br \/>(+44 for winning)\n|l|\u2606Cesar hacker toons\n","uploadtime":1697842851,"views":4,"p1id":"cesarhackertoons","p2id":"jfjfjhgj","formatid":"gen9nationaldexdoubles","rating":1092,"private":0,"password":""}