{"id":"gen9nationaldexdoubles-1971812137","p1":"DeadlyVortez","p2":"Brick_Enjoyer_144","format":"[Gen 9] National Dex Doubles","log":"|j|\u2606DeadlyVortez\n|j|\u2606Brick_Enjoyer_144\n|t:|1697775402\n|gametype|doubles\n|player|p1|DeadlyVortez|fisherman-gen4|1241\n|player|p2|Brick_Enjoyer_144|shauntal|1092\n|teamsize|p1|6\n|teamsize|p2|6\n|gen|9\n|tier|[Gen 9] National Dex Doubles\n|rated|\n|rule|HP Percentage Mod: HP is shown in percentages\n|rule|Endless Battle Clause: Forcing endless battles is banned\n|rule|OHKO Clause: OHKO moves are banned\n|rule|Evasion Moves Clause: Evasion moves are banned\n|rule|Evasion Abilities Clause: Evasion abilities are banned\n|rule|Species Clause: Limit one of each Pok\u00e9mon\n|rule|Gravity Sleep Clause: The combination of sleep-inducing moves with imperfect accuracy and Gravity or Gigantamax Orbeetle are banned\n|clearpoke\n|poke|p1|Golem-Alola, F|\n|poke|p1|Volcanion|\n|poke|p1|Glalie, M|\n|poke|p1|Rabsca, F|\n|poke|p1|Chien-Pao|\n|poke|p1|Pawmot, F|\n|poke|p2|Espeon, M|\n|poke|p2|Gallade, M|\n|poke|p2|Illumise, F|\n|poke|p2|Urshifu-*, M|\n|poke|p2|Ogerpon-Hearthflame, F|\n|poke|p2|Heatran, M|\n|teampreview\n|inactive|Battle timer is ON: inactive players will automatically lose when time's up. (requested by Brick_Enjoyer_144)\n|\n|t:|1697775417\n|start\n|switch|p1a: Fizz like Lemonade|Pawmot, F|100\/100\n|switch|p1b: Ballistic Missile|Golem-Alola, F|100\/100\n|switch|p2a: Illumise|Illumise, F|100\/100\n|switch|p2b: Heatran|Heatran, M|100\/100\n|turn|1\n|\n|t:|1697775435\n|move|p1a: Fizz like Lemonade|Fake Out|p2a: Illumise\n|-damage|p2a: Illumise|85\/100\n|cant|p2a: Illumise|flinch\n|move|p2b: Heatran|Stealth Rock|p1b: Ballistic Missile\n|-sidestart|p1: DeadlyVortez|move: Stealth Rock\n|move|p1b: Ballistic Missile|Explosion|p2b: Heatran|[spread] p2a,p2b\n|-immune|p1a: Fizz like Lemonade|[from] ability: Volt Absorb\n|-damage|p2a: Illumise|0 fnt\n|-damage|p2b: Heatran|0 fnt\n|faint|p1b: Ballistic Missile\n|faint|p2a: Illumise\n|faint|p2b: Heatran\n|\n|upkeep\n|\n|t:|1697775449\n|switch|p2a: Espeon|Espeon, M|100\/100\n|switch|p2b: Urshifu|Urshifu-Rapid-Strike, M|100\/100\n|switch|p1b: Volatilest Sort|Volcanion|100\/100\n|-damage|p1b: Volatilest Sort|76\/100|[from] Stealth Rock\n|turn|2\n|\n|t:|1697775475\n|move|p2a: Espeon|Dazzling Gleam|p1a: Fizz like Lemonade|[spread] p1a,p1b\n|-supereffective|p1a: Fizz like Lemonade\n|-resisted|p1b: Volatilest Sort\n|-damage|p1a: Fizz like Lemonade|0 fnt\n|-damage|p1b: Volatilest Sort|59\/100\n|faint|p1a: Fizz like Lemonade\n|move|p2b: Urshifu|Close Combat|p1b: Volatilest Sort\n|-damage|p1b: Volatilest Sort|0 fnt\n|-unboost|p2b: Urshifu|def|1\n|-unboost|p2b: Urshifu|spd|1\n|faint|p1b: Volatilest Sort\n|\n|upkeep\n|\n|t:|1697775487\n|switch|p1a: Spartans Hark|Rabsca, F|100\/100\n|switch|p1b: Minesweeper|Glalie, M|100\/100\n|-damage|p1b: Minesweeper|75\/100|[from] Stealth Rock\n|-damage|p1a: Spartans Hark|76\/100|[from] Stealth Rock\n|turn|3\n|\n|t:|1697775502\n|detailschange|p1b: Minesweeper|Glalie-Mega, M\n|-mega|p1b: Minesweeper|Glalie|Glalitite\n|move|p1b: Minesweeper|Protect|p1b: Minesweeper\n|-singleturn|p1b: Minesweeper|Protect\n|move|p2a: Espeon|Dazzling Gleam|p1a: Spartans Hark|[spread] p1a\n|-activate|p1b: Minesweeper|move: Protect\n|-damage|p1a: Spartans Hark|48\/100\n|move|p2b: Urshifu|Close Combat|p1a: Spartans Hark\n|-resisted|p1a: Spartans Hark\n|-damage|p1a: Spartans Hark|22\/100\n|-unboost|p2b: Urshifu|def|1\n|-unboost|p2b: Urshifu|spd|1\n|move|p1a: Spartans Hark|Revival Blessing|p1a: Spartans Hark\n|\n|t:|1697775515\n|-heal|p1: Fizz like Lemonade|50\/100|[from] move: Revival Blessing\n|\n|-heal|p1a: Spartans Hark|28\/100|[from] item: Leftovers\n|upkeep\n|turn|4\n|\n|t:|1697775526\n|move|p2a: Espeon|Dazzling Gleam|p1b: Minesweeper|[spread] p1a,p1b\n|-damage|p1a: Spartans Hark|0 fnt\n|-damage|p1b: Minesweeper|43\/100\n|faint|p1a: Spartans Hark\n|move|p2b: Urshifu|Close Combat|p1b: Minesweeper\n|-supereffective|p1b: Minesweeper\n|-damage|p1b: Minesweeper|0 fnt\n|-unboost|p2b: Urshifu|def|1\n|-unboost|p2b: Urshifu|spd|1\n|faint|p1b: Minesweeper\n|\n|upkeep\n|\n|t:|1697775537\n|switch|p1b: Gone Fission|Chien-Pao|100\/100\n|switch|p1a: Fizz like Lemonade|Pawmot, F|50\/100\n|-damage|p1b: Gone Fission|76\/100|[from] Stealth Rock\n|-ability|p1b: Gone Fission|Sword of Ruin\n|-damage|p1a: Fizz like Lemonade|44\/100|[from] Stealth Rock\n|turn|5\n|\n|t:|1697775564\n|switch|p2b: Ogerpon|Ogerpon-Hearthflame, F|100\/100\n|-ability|p2b: Ogerpon|Mold Breaker\n|move|p1b: Gone Fission|Crunch|p2a: Espeon\n|-supereffective|p2a: Espeon\n|-damage|p2a: Espeon|0 fnt\n|faint|p2a: Espeon\n|move|p1a: Fizz like Lemonade|Double Shock|p2b: Ogerpon\n|-resisted|p2b: Ogerpon\n|-damage|p2b: Ogerpon|49\/100\n|-start|p1a: Fizz like Lemonade|typechange|???\/Fighting|[from] move: Double Shock\n|\n|-heal|p1a: Fizz like Lemonade|50\/100|[from] item: Leftovers\n|upkeep\n|\n|t:|1697775574\n|switch|p2a: Urshifu|Urshifu-Rapid-Strike, M|100\/100\n|turn|6\n|\n|t:|1697775587\n|-terastallize|p1b: Gone Fission|Ghost\n|move|p1b: Gone Fission|Icicle Crash|p2b: Ogerpon\n|-damage|p2b: Ogerpon|0 fnt\n|faint|p2b: Ogerpon\n|move|p1a: Fizz like Lemonade|Revival Blessing|p1a: Fizz like Lemonade\n|\n|t:|1697775596\n|-heal|p1: Minesweeper|50\/100|[from] move: Revival Blessing\n|move|p2a: Urshifu|Close Combat|p1b: Gone Fission\n|-immune|p1b: Gone Fission\n|\n|-heal|p1a: Fizz like Lemonade|56\/100|[from] item: Leftovers\n|upkeep\n|\n|t:|1697775602\n|switch|p2b: Gallade|Gallade, M|100\/100\n|turn|7\n|inactive|DeadlyVortez has 120 seconds left.\n|\n|t:|1697775639\n|move|p1b: Gone Fission|Icicle Crash|p2a: Urshifu|[miss]\n|-miss|p1b: Gone Fission|p2a: Urshifu\n|move|p1a: Fizz like Lemonade|Nuzzle|p2a: Urshifu\n|-supereffective|p2a: Urshifu\n|-damage|p2a: Urshifu|83\/100\n|-status|p2a: Urshifu|par\n|move|p2b: Gallade|Agility|p2b: Gallade\n|-boost|p2b: Gallade|spe|2\n|move|p2a: Urshifu|Close Combat|p1a: Fizz like Lemonade\n|-damage|p1a: Fizz like Lemonade|0 fnt\n|-unboost|p2a: Urshifu|def|1\n|-unboost|p2a: Urshifu|spd|1\n|faint|p1a: Fizz like Lemonade\n|\n|upkeep\n|\n|t:|1697775653\n|switch|p1a: Minesweeper|Glalie-Mega, M|50\/100\n|-damage|p1a: Minesweeper|25\/100|[from] Stealth Rock\n|turn|8\n|\n|t:|1697775662\n|move|p1b: Gone Fission|Protect|p1b: Gone Fission\n|-singleturn|p1b: Gone Fission|Protect\n|move|p2b: Gallade|Psycho Cut|p1b: Gone Fission\n|-activate|p1b: Gone Fission|move: Protect\n|move|p1a: Minesweeper|Explosion|p2b: Gallade|[spread] p2a,p2b\n|-activate|p1b: Gone Fission|move: Protect\n|-resisted|p2a: Urshifu\n|-damage|p2a: Urshifu|0 fnt\n|-damage|p2b: Gallade|0 fnt\n|faint|p1a: Minesweeper\n|faint|p2a: Urshifu\n|faint|p2b: Gallade\n|\n|win|DeadlyVortez\n|raw|DeadlyVortez's rating: 1241 &rarr; <strong>1256<\/strong><br \/>(+15 for winning)\n|raw|Brick_Enjoyer_144's rating: 1092 &rarr; <strong>1078<\/strong><br \/>(-14 for losing)\n","uploadtime":1697775680,"views":7,"p1id":"deadlyvortez","p2id":"brickenjoyer144","formatid":"gen9nationaldexdoubles","rating":1078,"private":0,"password":""}