{"id":"gen9nationaldexdoubles-1976355771","p1":"Kakurega","p2":"kevthechamp","format":"[Gen 9] National Dex Doubles","log":"|j|\u2606Kakurega\n|j|\u2606kevthechamp\n|t:|1698290514\n|gametype|doubles\n|player|p1|Kakurega|psychic|\n|player|p2|kevthechamp|red|\n|teamsize|p1|6\n|teamsize|p2|6\n|gen|9\n|tier|[Gen 9] National Dex Doubles\n|rule|HP Percentage Mod: HP is shown in percentages\n|rule|Endless Battle Clause: Forcing endless battles is banned\n|rule|OHKO Clause: OHKO moves are banned\n|rule|Evasion Moves Clause: Evasion moves are banned\n|rule|Evasion Abilities Clause: Evasion abilities are banned\n|rule|Species Clause: Limit one of each Pok\u00e9mon\n|rule|Gravity Sleep Clause: The combination of sleep-inducing moves with imperfect accuracy and Gravity or Gigantamax Orbeetle are banned\n|clearpoke\n|poke|p1|Arbok, M|\n|poke|p1|Hatterene, F|\n|poke|p1|Meditite, M|\n|poke|p1|Grimmsnarl, M|\n|poke|p1|Baxcalibur, M|\n|poke|p1|Oranguru, F|\n|poke|p2|Politoed, M|\n|poke|p2|Basculegion, M|\n|poke|p2|Rotom-Wash|\n|poke|p2|Corviknight, F|\n|poke|p2|Rillaboom, F|\n|poke|p2|Greninja-*, M|\n|teampreview\n|inactive|Battle timer is ON: inactive players will automatically lose when time's up. (requested by kevthechamp)\n|inactive|Kakurega has 270 seconds left.\n|\n|t:|1698290551\n|start\n|switch|p1a: Arbok|Arbok, M|100\/100\n|switch|p1b: Baxcalibur|Baxcalibur, M|100\/100\n|switch|p2a: Politoed|Politoed, M, shiny|100\/100\n|switch|p2b: Corviknight|Corviknight, F, shiny|100\/100\n|-ability|p1a: Arbok|Intimidate|boost\n|-unboost|p2a: Politoed|atk|1\n|-ability|p2b: Corviknight|Mirror Armor\n|-unboost|p1a: Arbok|atk|1\n|-weather|RainDance|[from] ability: Drizzle|[of] p2a: Politoed\n|turn|1\n|inactive|kevthechamp has 270 seconds left.\n|\n|t:|1698290587\n|move|p1b: Baxcalibur|Scale Shot|p2b: Corviknight\n|-resisted|p2b: Corviknight\n|-crit|p2b: Corviknight\n|-damage|p2b: Corviknight|90\/100\n|-resisted|p2b: Corviknight\n|-damage|p2b: Corviknight|84\/100\n|-resisted|p2b: Corviknight\n|-damage|p2b: Corviknight|78\/100\n|-resisted|p2b: Corviknight\n|-damage|p2b: Corviknight|71\/100\n|-hitcount|p2b: Corviknight|4\n|-unboost|p1b: Baxcalibur|def|1\n|-boost|p1b: Baxcalibur|spe|1\n|move|p1a: Arbok|Coil|p1a: Arbok\n|-boost|p1a: Arbok|atk|1\n|-boost|p1a: Arbok|def|1\n|-boost|p1a: Arbok|accuracy|1\n|move|p2a: Politoed|Scald|p1b: Baxcalibur\n|-resisted|p1b: Baxcalibur\n|-crit|p1b: Baxcalibur\n|-damage|p1b: Baxcalibur|77\/100\n|move|p2b: Corviknight|Bulk Up|p2b: Corviknight\n|-boost|p2b: Corviknight|atk|1\n|-boost|p2b: Corviknight|def|1\n|\n|-weather|RainDance|[upkeep]\n|upkeep\n|turn|2\n|inactive|kevthechamp has 270 seconds left.\n|inactive|Kakurega has 270 seconds left.\n|\n|t:|1698290640\n|move|p1b: Baxcalibur|Scale Shot|p2a: Politoed\n|-damage|p2a: Politoed|88\/100\n|-damage|p2a: Politoed|77\/100\n|-damage|p2a: Politoed|65\/100\n|-damage|p2a: Politoed|52\/100\n|-hitcount|p2a: Politoed|4\n|-unboost|p1b: Baxcalibur|def|1\n|-boost|p1b: Baxcalibur|spe|1\n|move|p1a: Arbok|Glare|p2b: Corviknight\n|-status|p2b: Corviknight|par\n|move|p2a: Politoed|Scald|p1a: Arbok\n|-damage|p1a: Arbok|66\/100\n|-status|p1a: Arbok|brn\n|move|p2b: Corviknight|Body Press|p1b: Baxcalibur\n|-supereffective|p1b: Baxcalibur\n|-damage|p1b: Baxcalibur|0 fnt\n|faint|p1b: Baxcalibur\n|\n|-weather|RainDance|[upkeep]\n|-damage|p1a: Arbok|60\/100 brn|[from] brn\n|upkeep\n|inactive|Kakurega has 240 seconds left.\n|c|\u2606Kakurega|Rain?\n|\n|t:|1698290671\n|switch|p1b: Grimmsnarl|Grimmsnarl, M|100\/100\n|turn|3\n|inactive|Kakurega has 240 seconds left.\n|c|\u2606kevthechamp|rain with grassy surge\n|\n|t:|1698290705\n|switch|p2a: Rotom|Rotom-Wash, shiny|100\/100\n|move|p1a: Arbok|Glare|p2a: Rotom\n|-immune|p2a: Rotom\n|move|p1b: Grimmsnarl|Fling|p2b: Corviknight\n|-damage|p2b: Corviknight|44\/100 par\n|-enditem|p1b: Grimmsnarl|Big Nugget|[from] move: Fling\n|move|p2b: Corviknight|Iron Head|p1b: Grimmsnarl\n|-supereffective|p1b: Grimmsnarl\n|-damage|p1b: Grimmsnarl|32\/100\n|\n|-weather|RainDance|[upkeep]\n|-damage|p1a: Arbok|54\/100 brn|[from] brn\n|upkeep\n|turn|4\n|inactive|Kakurega has 240 seconds left.\n|inactive|kevthechamp has 270 seconds left.\n|\n|t:|1698290738\n|move|p1b: Grimmsnarl|Light Screen|p1b: Grimmsnarl\n|-sidestart|p1: Kakurega|move: Light Screen\n|move|p2a: Rotom|Thunderbolt|p1b: Grimmsnarl\n|-damage|p1b: Grimmsnarl|12\/100\n|move|p1a: Arbok|Scale Shot|p2a: Rotom\n|-damage|p2a: Rotom|97\/100\n|-damage|p2a: Rotom|92\/100\n|-hitcount|p2a: Rotom|2\n|-unboost|p1a: Arbok|def|1\n|-boost|p1a: Arbok|spe|1\n|-damage|p1a: Arbok|44\/100 brn|[from] item: Life Orb\n|move|p2b: Corviknight|Roost|p2b: Corviknight\n|-heal|p2b: Corviknight|94\/100 par\n|-singleturn|p2b: Corviknight|move: Roost\n|\n|-weather|RainDance|[upkeep]\n|-heal|p2a: Rotom|99\/100|[from] item: Leftovers\n|-damage|p1a: Arbok|38\/100 brn|[from] brn\n|upkeep\n|turn|5\n|inactive|Kakurega has 240 seconds left.\n|c|\u2606Kakurega|Which would you need me to bring\n|inactive|kevthechamp has 270 seconds left.\n|inactive|Kakurega has 210 seconds left.\n|\n|t:|1698290788\n|switch|p2b: Rillaboom|Rillaboom, F, shiny|100\/100\n|-fieldstart|move: Grassy Terrain|[from] ability: Grassy Surge|[of] p2b: Rillaboom\n|move|p1a: Arbok|Poison Jab|p2a: Rotom\n|-damage|p2a: Rotom|80\/100\n|-damage|p1a: Arbok|28\/100 brn|[from] item: Life Orb\n|move|p2a: Rotom|Thunderbolt|p1b: Grimmsnarl\n|-damage|p1b: Grimmsnarl|0 fnt\n|faint|p1b: Grimmsnarl\n|\n|-weather|RainDance|[upkeep]\n|-heal|p1a: Arbok|34\/100 brn|[from] Grassy Terrain\n|-heal|p2a: Rotom|86\/100|[from] item: Leftovers\n|-damage|p1a: Arbok|28\/100 brn|[from] brn\n|upkeep\n|c|\u2606kevthechamp|i lowkey like the arbok with glare\/scaleshot\n|\n|t:|1698290807\n|switch|p1b: Oranguru|Oranguru, F|100\/100\n|turn|6\n|inactive|Kakurega has 210 seconds left.\n|c|\u2606Kakurega|Yeah the burn doesnt helo him tho\n|inactive|Kakurega has 180 seconds left.\n|c|\u2606kevthechamp|id rather you bring bax with scale shot\n|inactive|Kakurega has 150 seconds left.\n|c|\u2606kevthechamp|better attack and speed\n|c|\u2606kevthechamp|paired with follow me clefable or something else is naty\n|c|\u2606Kakurega|Yeah well lmited to no legendary this is what i thiugb lol\n|inactive|Kakurega has 120 seconds left.\n|c|\u2606Kakurega|Thought of\n|c|\u2606kevthechamp|monkey for instruct right ?\n|c|\u2606Kakurega|Yep\n|c|\u2606kevthechamp|what does that do..\n|inactive|Kakurega has 90 seconds left.\n|\n|t:|1698290938\n|switch|p2b: Corviknight|Corviknight, F, shiny|94\/100 par\n|-terastallize|p1a: Arbok|Poison\n|move|p1a: Arbok|Poison Jab|p2b: Corviknight\n|-immune|p2b: Corviknight\n|move|p2a: Rotom|Thunder Wave|p1b: Oranguru|[miss]\n|-miss|p2a: Rotom|p1b: Oranguru\n|move|p1b: Oranguru|Hyper Voice|p2a: Rotom|[spread] p2a,p2b\n|-resisted|p2b: Corviknight\n|-damage|p2a: Rotom|71\/100\n|-damage|p2b: Corviknight|87\/100 par\n|\n|-weather|RainDance|[upkeep]\n|-heal|p1a: Arbok|34\/100 brn|[from] Grassy Terrain\n|-heal|p2a: Rotom|77\/100|[from] item: Leftovers\n|-damage|p1a: Arbok|28\/100 brn|[from] brn\n|upkeep\n|turn|7\n|inactive|Kakurega has 90 seconds left.\n|inactive|kevthechamp has 270 seconds left.\n|\n|t:|1698290974\n|switch|p1a: Meditite|Meditite, M|100\/100\n|move|p2a: Rotom|Hydro Pump|p1b: Oranguru\n|-damage|p1b: Oranguru|71\/100\n|move|p1b: Oranguru|Nasty Plot|p1b: Oranguru\n|-boost|p1b: Oranguru|spa|2\n|move|p2b: Corviknight|Iron Head|p1b: Oranguru\n|-damage|p1b: Oranguru|49\/100\n|\n|-weather|RainDance|[upkeep]\n|-heal|p2a: Rotom|83\/100|[from] item: Leftovers\n|-heal|p1b: Oranguru|55\/100|[from] Grassy Terrain\n|upkeep\n|turn|8\n|inactive|Kakurega has 90 seconds left.\n|inactive|kevthechamp has 270 seconds left.\n|\n|t:|1698291002\n|move|p2a: Rotom|Will-O-Wisp|p1a: Meditite|[miss]\n|-miss|p2a: Rotom|p1a: Meditite\n|move|p1b: Oranguru|Instruct||[still]\n|-fail|p1b: Oranguru\n|move|p1a: Meditite|Acupressure|p1a: Meditite\n|-boost|p1a: Meditite|atk|2\n|move|p2b: Corviknight|Iron Head|p1b: Oranguru\n|-damage|p1b: Oranguru|36\/100\n|\n|-weather|none\n|-heal|p2a: Rotom|89\/100|[from] item: Leftovers\n|-heal|p1b: Oranguru|42\/100|[from] Grassy Terrain\n|-sideend|p1: Kakurega|move: Light Screen\n|upkeep\n|turn|9\n|c|\u2606Kakurega|If i survive you will see\n|inactive|Kakurega has 90 seconds left.\n|inactive|kevthechamp has 270 seconds left.\n|inactive|Kakurega has 60 seconds left.\n|\n|t:|1698291062\n|move|p2a: Rotom|Thunder Wave|p1b: Oranguru\n|-status|p1b: Oranguru|par\n|move|p1a: Meditite|Drain Punch|p2b: Corviknight\n|-damage|p2b: Corviknight|20\/100 par\n|-damage|p1a: Meditite|84\/100|[from] item: Rocky Helmet|[of] p2b: Corviknight\n|move|p2b: Corviknight|Body Press|p1a: Meditite\n|-resisted|p1a: Meditite\n|-damage|p1a: Meditite|71\/100\n|move|p1b: Oranguru|Pain Split|p2b: Corviknight\n|-sethp|p2b: Corviknight|30\/100 par|[from] move: Pain Split|[silent]\n|-sethp|p1b: Oranguru|31\/100 par|[from] move: Pain Split\n|\n|-heal|p2a: Rotom|96\/100|[from] item: Leftovers\n|-heal|p1a: Meditite|77\/100|[from] Grassy Terrain\n|-heal|p1b: Oranguru|38\/100 par|[from] Grassy Terrain\n|-fieldend|move: Grassy Terrain\n|upkeep\n|turn|10\n|inactive|Kakurega has 60 seconds left.\n|inactive|Kakurega has 30 seconds left.\n|inactive|Kakurega has 20 seconds left.\n|inactive|Kakurega has 15 seconds left.\n|c|\u2606kevthechamp|hurry aj lol\n|inactive|Kakurega has 10 seconds left.\n|\n|t:|1698291129\n|move|p2a: Rotom|Hydro Pump|p1a: Meditite|[miss]\n|-miss|p2a: Rotom|p1a: Meditite\n|move|p1a: Meditite|Drain Punch|p2b: Corviknight\n|-damage|p2b: Corviknight|0 fnt\n|-heal|p1a: Meditite|100\/100|[from] drain|[of] p2b: Corviknight\n|-damage|p1a: Meditite|84\/100|[from] item: Rocky Helmet|[of] p2b: Corviknight\n|faint|p2b: Corviknight\n|move|p1b: Oranguru|Hyper Voice|p2a: Rotom\n|-damage|p2a: Rotom|56\/100\n|\n|-heal|p2a: Rotom|62\/100|[from] item: Leftovers\n|upkeep\n|inactive|Kakurega has 15 seconds left this turn.\n|c|\u2606kevthechamp|turn timer off\n|inactiveoff|Battle timer is now OFF.\n|\n|t:|1698291155\n|switch|p2b: Rillaboom|Rillaboom, F, shiny|100\/100\n|-fieldstart|move: Grassy Terrain|[from] ability: Grassy Surge|[of] p2b: Rillaboom\n|turn|11\n|-activate|p1b: Oranguru|item: Quick Claw\n|\n|t:|1698291209\n|move|p2b: Rillaboom|Fake Out|p1a: Meditite\n|-damage|p1a: Meditite|63\/100\n|move|p1b: Oranguru|Pain Split|p2b: Rillaboom\n|-sethp|p2b: Rillaboom|68\/100|[from] move: Pain Split|[silent]\n|-sethp|p1b: Oranguru|72\/100 par|[from] move: Pain Split\n|move|p2a: Rotom|Will-O-Wisp|p1a: Meditite\n|-status|p1a: Meditite|brn\n|cant|p1a: Meditite|flinch\n|\n|-heal|p2a: Rotom|68\/100|[from] item: Leftovers\n|-heal|p2b: Rillaboom|74\/100|[from] Grassy Terrain\n|-heal|p1a: Meditite|69\/100 brn|[from] Grassy Terrain\n|-heal|p1b: Oranguru|78\/100 par|[from] Grassy Terrain\n|-damage|p1a: Meditite|63\/100 brn|[from] brn\n|upkeep\n|turn|12\n|c|\u2606Kakurega|Sorry work\n|-activate|p1b: Oranguru|item: Quick Claw\n|\n|t:|1698291256\n|move|p1b: Oranguru|Instruct|p1a: Meditite\n|-singleturn|p1a: Meditite|move: Instruct|[of] p1b: Oranguru\n|move|p1a: Meditite|Drain Punch|p2b: Rillaboom\n|-damage|p2b: Rillaboom|36\/100\n|-heal|p1a: Meditite|100\/100 brn|[from] drain|[of] p2b: Rillaboom\n|move|p2a: Rotom|Thunderbolt|p1a: Meditite\n|-damage|p1a: Meditite|49\/100 brn\n|move|p2b: Rillaboom|Drum Beating|p1a: Meditite\n|-damage|p1a: Meditite|0 fnt\n|faint|p1a: Meditite\n|\n|-heal|p2a: Rotom|75\/100|[from] item: Leftovers\n|-heal|p2b: Rillaboom|43\/100|[from] Grassy Terrain\n|-heal|p1b: Oranguru|84\/100 par|[from] Grassy Terrain\n|upkeep\n|c|\u2606Kakurega|Damn hate the guy much?\n|c|\u2606kevthechamp|i guessed as much\n|\n|t:|1698291293\n|switch|p1a: Hatterene|Hatterene, F|100\/100\n|turn|13\n|c|\u2606kevthechamp|he a threat lol\n|\n|t:|1698291315\n|move|p2a: Rotom|Thunderbolt|p1b: Oranguru\n|-damage|p1b: Oranguru|58\/100 par\n|move|p2b: Rillaboom|Drum Beating|p1a: Hatterene\n|-damage|p1a: Hatterene|45\/100\n|-unboost|p1a: Hatterene|spe|1\n|cant|p1b: Oranguru|par\n|move|p1a: Hatterene|Calm Mind|p1a: Hatterene\n|-boost|p1a: Hatterene|spa|1\n|-boost|p1a: Hatterene|spd|1\n|\n|-heal|p2a: Rotom|81\/100|[from] item: Leftovers\n|-heal|p2b: Rillaboom|49\/100|[from] Grassy Terrain\n|-heal|p1b: Oranguru|64\/100 par|[from] Grassy Terrain\n|-heal|p1a: Hatterene|50\/100|[from] Grassy Terrain\n|upkeep\n|turn|14\n|c|\u2606Kakurega|He is stronger than final evo\n|c|\u2606kevthechamp|life orb ? or eviolite ?\n|\n|t:|1698291353\n|move|p2a: Rotom|Thunderbolt|p1b: Oranguru\n|-damage|p1b: Oranguru|41\/100 par\n|move|p2b: Rillaboom|Drum Beating|p1a: Hatterene\n|-damage|p1a: Hatterene|0 fnt\n|faint|p1a: Hatterene\n|cant|p1b: Oranguru|par\n|\n|-heal|p2a: Rotom|87\/100|[from] item: Leftovers\n|-heal|p2b: Rillaboom|55\/100|[from] Grassy Terrain\n|-heal|p1b: Oranguru|47\/100 par|[from] Grassy Terrain\n|upkeep\n|c|\u2606Kakurega|Eviolite\n|\n|t:|1698291376\n|switch|p1a: Arbok|Arbok, M, tera:Poison|28\/100 brn\n|-ability|p1a: Arbok|Intimidate|boost\n|-unboost|p2a: Rotom|atk|1\n|-unboost|p2b: Rillaboom|atk|1\n|turn|15\n|c|\u2606kevthechamp|interesting\n|\n|t:|1698291397\n|move|p2b: Rillaboom|Grassy Glide|p1a: Arbok\n|-resisted|p1a: Arbok\n|-damage|p1a: Arbok|8\/100 brn\n|move|p2a: Rotom|Thunderbolt|p1b: Oranguru\n|-damage|p1b: Oranguru|24\/100 par\n|move|p1a: Arbok|Poison Jab|p2b: Rillaboom\n|-supereffective|p2b: Rillaboom\n|-damage|p2b: Rillaboom|8\/100\n|-damage|p1a: Arbok|0 fnt|[from] item: Life Orb\n|faint|p1a: Arbok\n|cant|p1b: Oranguru|par\n|\n|-heal|p2a: Rotom|93\/100|[from] item: Leftovers\n|-heal|p2b: Rillaboom|14\/100|[from] Grassy Terrain\n|-heal|p1b: Oranguru|30\/100 par|[from] Grassy Terrain\n|-fieldend|move: Grassy Terrain\n|upkeep\n|turn|16\n|c|\u2606Kakurega|Your status moves won this i feel\n|c|\u2606Kakurega|I couldn't do anything\n|c|\u2606kevthechamp|para\/burn\n|c|\u2606Kakurega|GG\n|\n|t:|1698291442\n|-terastallize|p2b: Rillaboom|Grass\n|move|p2a: Rotom|Thunderbolt|p1b: Oranguru\n|-damage|p1b: Oranguru|6\/100 par\n|move|p2b: Rillaboom|Grassy Glide|p1b: Oranguru\n|-damage|p1b: Oranguru|0 fnt\n|faint|p1b: Oranguru\n|\n|win|kevthechamp\n|c|\u2606kevthechamp|ggs\n|c|\u2606kevthechamp|i kinda like rillabom\n|c|\u2606kevthechamp|ogrepon also gets grassy glide\n|c|\u2606kevthechamp|so i could run rilla with terrain extender\n|c|\u2606kevthechamp|and you could run ogrepon in the back with grssy for priority\n|c|\u2606Kakurega|Ok\n|c|\u2606Kakurega|Rain ?\n|c|\u2606Kakurega|Kyorge?\n|c|\u2606kevthechamp|kyogre with basculegion ?\n|c|\u2606kevthechamp|unless ben and tony run miraidon bundle again\n|c|\u2606Kakurega|Alright and last two slots?\n|c|\u2606Kakurega|Well no way of knowing that\n|c|\u2606Kakurega|We could both run scarfed zacians without sword lol\n|c|\u2606kevthechamp|id rather run double zacian tera ground with tera blast ?\n|c|\u2606kevthechamp|instead of scarf\n|c|\u2606kevthechamp|the sword is a massive buff\n|c|\u2606Kakurega|Just so you now the +1 stage atk is with or without sword\n","uploadtime":1698291742,"views":18,"p1id":"kakurega","p2id":"kevthechamp","formatid":"gen9nationaldexdoubles","rating":0,"private":0,"password":""}