{"id":"gen9nationaldexdoubles-1947393843","p1":"Grunt2222222","p2":"Theadonia","format":"[Gen 9] National Dex Doubles","log":"|j|\u2606Grunt2222222\n|j|\u2606Theadonia\n|t:|1695156858\n|gametype|doubles\n|player|p1|Grunt2222222|rocketgrunt|1092\n|player|p2|Theadonia|caitlin|1024\n|teamsize|p1|6\n|teamsize|p2|6\n|gen|9\n|tier|[Gen 9] National Dex Doubles\n|rated|\n|rule|HP Percentage Mod: HP is shown in percentages\n|rule|Endless Battle Clause: Forcing endless battles is banned\n|rule|OHKO Clause: OHKO moves are banned\n|rule|Evasion Moves Clause: Evasion moves are banned\n|rule|Evasion Abilities Clause: Evasion abilities are banned\n|rule|Species Clause: Limit one of each Pok\u00e9mon\n|rule|Gravity Sleep Clause: The combination of sleep-inducing moves with imperfect accuracy and Gravity or Gigantamax Orbeetle are banned\n|clearpoke\n|poke|p1|Delcatty, M|\n|poke|p1|Pyroar, F|\n|poke|p1|Perrserker, M|\n|poke|p1|Persian, F|\n|poke|p1|Espeon, F|\n|poke|p1|Indeedee-F, F|\n|poke|p2|Banette, F|\n|poke|p2|Oricorio-Pom-Pom, F|\n|poke|p2|Kommo-o, F|\n|poke|p2|Golem-Alola, F|\n|poke|p2|Stakataka|\n|poke|p2|Sneasler, M|\n|teampreview\n|inactive|Battle timer is ON: inactive players will automatically lose when time's up. (requested by Grunt2222222)\n|\n|t:|1695156870\n|start\n|switch|p1a: Delcatty|Delcatty, M|100\/100\n|switch|p1b: Pyroar|Pyroar, F|100\/100\n|switch|p2a: This is prob bad|Banette, F, shiny|100\/100\n|switch|p2b: I\u2019m sorry in adv|Oricorio-Pom-Pom, F, shiny|100\/100\n|turn|1\n|\n|t:|1695156888\n|detailschange|p2a: This is prob bad|Banette-Mega, F, shiny\n|-mega|p2a: This is prob bad|Banette|Banettite\n|move|p1a: Delcatty|Fake Out|p2b: I\u2019m sorry in adv\n|-damage|p2b: I\u2019m sorry in adv|89\/100\n|move|p2a: This is prob bad|Role Play|p2b: I\u2019m sorry in adv\n|-endability|p2a: This is prob bad|Prankster|[from] move: Role Play\n|-ability|p2a: This is prob bad|Dancer|[from] move: Role Play|[of] p2b: I\u2019m sorry in adv\n|move|p1b: Pyroar|Dark Pulse|p2a: This is prob bad\n|-supereffective|p2a: This is prob bad\n|-damage|p2a: This is prob bad|0 fnt\n|faint|p2a: This is prob bad\n|cant|p2b: I\u2019m sorry in adv|flinch\n|\n|upkeep\n|\n|t:|1695156895\n|switch|p2a: uwontbreakmy|Kommo-o, F, shiny|100\/100\n|turn|2\n|\n|t:|1695156911\n|switch|p1b: Persian|Persian, F|100\/100\n|move|p1a: Delcatty|Play Rough|p2a: uwontbreakmy\n|-supereffective|p2a: uwontbreakmy\n|-damage|p2a: uwontbreakmy|22\/100\n|-enditem|p2a: uwontbreakmy|Iapapa Berry|[eat]\n|-heal|p2a: uwontbreakmy|55\/100|[from] item: Iapapa Berry\n|move|p2a: uwontbreakmy|Clangorous Soul|p2a: uwontbreakmy\n|-boost|p2a: uwontbreakmy|atk|1\n|-boost|p2a: uwontbreakmy|def|1\n|-boost|p2a: uwontbreakmy|spa|1\n|-boost|p2a: uwontbreakmy|spd|1\n|-boost|p2a: uwontbreakmy|spe|1\n|-enditem|p1b: Persian|Mirror Herb\n|-boost|p1b: Persian|atk|1|[from] item: Mirror Herb\n|-boost|p1b: Persian|def|1|[from] item: Mirror Herb\n|-boost|p1b: Persian|spa|1|[from] item: Mirror Herb\n|-boost|p1b: Persian|spd|1|[from] item: Mirror Herb\n|-boost|p1b: Persian|spe|1|[from] item: Mirror Herb\n|-damage|p2a: uwontbreakmy|22\/100\n|-activate|p2b: I\u2019m sorry in adv|ability: Dancer\n|move|p2b: I\u2019m sorry in adv|Clangorous Soul|p2b: I\u2019m sorry in adv|[from]ability: Dancer\n|-boost|p2b: I\u2019m sorry in adv|atk|1\n|-boost|p2b: I\u2019m sorry in adv|def|1\n|-boost|p2b: I\u2019m sorry in adv|spa|1\n|-boost|p2b: I\u2019m sorry in adv|spd|1\n|-boost|p2b: I\u2019m sorry in adv|spe|1\n|-damage|p2b: I\u2019m sorry in adv|57\/100\n|move|p2b: I\u2019m sorry in adv|Quiver Dance|p2b: I\u2019m sorry in adv\n|-boost|p2b: I\u2019m sorry in adv|spa|1\n|-boost|p2b: I\u2019m sorry in adv|spd|1\n|-boost|p2b: I\u2019m sorry in adv|spe|1\n|\n|upkeep\n|turn|3\n|\n|t:|1695156938\n|move|p1b: Persian|Fake Out|p2a: uwontbreakmy\n|-damage|p2a: uwontbreakmy|3\/100\n|move|p2b: I\u2019m sorry in adv|Baton Pass|p2b: I\u2019m sorry in adv\n|\n|t:|1695156943\n|switch|p2b: Millennium Puzzle|Stakataka, shiny|100\/100|[from] Baton Pass\n|cant|p2a: uwontbreakmy|flinch\n|move|p1a: Delcatty|Play Rough|p2a: uwontbreakmy\n|-supereffective|p2a: uwontbreakmy\n|-damage|p2a: uwontbreakmy|0 fnt\n|faint|p2a: uwontbreakmy\n|\n|upkeep\n|\n|t:|1695156954\n|switch|p2a: budtender|Sneasler, M|100\/100\n|turn|4\n|\n|t:|1695156968\n|move|p2a: budtender|Protect|p2a: budtender\n|-singleturn|p2a: budtender|Protect\n|move|p1b: Persian|Knock Off|p2b: Millennium Puzzle\n|-damage|p2b: Millennium Puzzle|91\/100\n|-enditem|p2b: Millennium Puzzle|Leftovers|[from] move: Knock Off|[of] p1b: Persian\n|move|p1a: Delcatty|Thunder Wave|p2a: budtender\n|-activate|p2a: budtender|move: Protect\n|move|p2b: Millennium Puzzle|Body Press|p1b: Persian\n|-supereffective|p1b: Persian\n|-damage|p1b: Persian|0 fnt\n|faint|p1b: Persian\n|-ability|p2b: Millennium Puzzle|Beast Boost|boost\n|-boost|p2b: Millennium Puzzle|def|1\n|\n|upkeep\n|\n|t:|1695156993\n|switch|p1b: Perrserker|Perrserker, M|100\/100\n|turn|5\n|\n|t:|1695157004\n|move|p2a: budtender|Close Combat|p1a: Delcatty\n|-supereffective|p1a: Delcatty\n|-damage|p1a: Delcatty|0 fnt\n|-unboost|p2a: budtender|def|1\n|-unboost|p2a: budtender|spd|1\n|faint|p1a: Delcatty\n|move|p1b: Perrserker|Close Combat|p2b: Millennium Puzzle\n|-supereffective|p2b: Millennium Puzzle\n|-damage|p2b: Millennium Puzzle|45\/100\n|-unboost|p1b: Perrserker|def|1\n|-unboost|p1b: Perrserker|spd|1\n|-damage|p1b: Perrserker|91\/100|[from] item: Life Orb\n|move|p2b: Millennium Puzzle|Heavy Slam|p1b: Perrserker\n|-resisted|p1b: Perrserker\n|-damage|p1b: Perrserker|32\/100\n|\n|upkeep\n|\n|t:|1695157016\n|switch|p1a: Pyroar|Pyroar, F|100\/100\n|turn|6\n|\n|t:|1695157029\n|switch|p2a: I\u2019m sorry in adv|Oricorio-Pom-Pom, F, shiny|57\/100\n|-terastallize|p1a: Pyroar|Normal\n|move|p2b: Millennium Puzzle|Protect|p2b: Millennium Puzzle\n|-singleturn|p2b: Millennium Puzzle|Protect\n|move|p1a: Pyroar|Hyper Voice|p2b: Millennium Puzzle|[spread] p2a\n|-activate|p2b: Millennium Puzzle|move: Protect\n|-damage|p2a: I\u2019m sorry in adv|0 fnt\n|faint|p2a: I\u2019m sorry in adv\n|move|p1b: Perrserker|Close Combat|p2b: Millennium Puzzle\n|-activate|p2b: Millennium Puzzle|move: Protect\n|\n|upkeep\n|\n|t:|1695157042\n|switch|p2a: me after coffee|Golem-Alola, F, shiny|100\/100\n|turn|7\n|\n|t:|1695157056\n|-terastallize|p2b: Millennium Puzzle|Ghost\n|move|p1a: Pyroar|Hyper Voice|p2a: me after coffee|[spread] p2a\n|-immune|p2b: Millennium Puzzle\n|-resisted|p2a: me after coffee\n|-damage|p2a: me after coffee|41\/100\n|move|p1b: Perrserker|Close Combat|p2a: me after coffee\n|-supereffective|p2a: me after coffee\n|-crit|p2a: me after coffee\n|-damage|p2a: me after coffee|0 fnt\n|-unboost|p1b: Perrserker|def|1\n|-unboost|p1b: Perrserker|spd|1\n|faint|p2a: me after coffee\n|-damage|p1b: Perrserker|22\/100|[from] item: Life Orb\n|move|p2b: Millennium Puzzle|Body Press|p1b: Perrserker\n|-supereffective|p1b: Perrserker\n|-damage|p1b: Perrserker|0 fnt\n|faint|p1b: Perrserker\n|-ability|p2b: Millennium Puzzle|Beast Boost|boost\n|-boost|p2b: Millennium Puzzle|def|1\n|\n|upkeep\n|\n|t:|1695157074\n|switch|p1b: Indeedee|Indeedee-F, F|100\/100\n|switch|p2a: budtender|Sneasler, M|100\/100\n|-fieldstart|move: Psychic Terrain|[from] ability: Psychic Surge|[of] p1b: Indeedee\n|turn|8\n|\n|t:|1695157080\n|move|p2b: Millennium Puzzle|Protect|p2b: Millennium Puzzle\n|-singleturn|p2b: Millennium Puzzle|Protect\n|move|p1b: Indeedee|Follow Me|p1b: Indeedee\n|-singleturn|p1b: Indeedee|move: Follow Me\n|move|p2a: budtender|Fling|p1b: Indeedee\n|-supereffective|p1b: Indeedee\n|-damage|p1b: Indeedee|0 fnt\n|-enditem|p2a: budtender|Big Nugget|[from] move: Fling\n|faint|p1b: Indeedee\n|move|p1a: Pyroar|Hyper Voice|p2a: budtender|[spread] p2a\n|-activate|p2b: Millennium Puzzle|move: Protect\n|-damage|p2a: budtender|33\/100\n|\n|upkeep\n|\n|t:|1695157091\n|switch|p1b: Espeon|Espeon, F|100\/100\n|turn|9\n|\n|t:|1695157098\n|move|p2a: budtender|Close Combat|p1a: Pyroar\n|-supereffective|p1a: Pyroar\n|-damage|p1a: Pyroar|0 fnt\n|-unboost|p2a: budtender|def|1\n|-unboost|p2a: budtender|spd|1\n|faint|p1a: Pyroar\n|move|p1b: Espeon|Expanding Force|p2a: budtender|[spread] p2a,p2b\n|-supereffective|p2a: budtender\n|-damage|p2a: budtender|0 fnt\n|-damage|p2b: Millennium Puzzle|3\/100\n|faint|p2a: budtender\n|-damage|p1b: Espeon|91\/100|[from] item: Life Orb\n|move|p2b: Millennium Puzzle|Heavy Slam|p1b: Espeon\n|-damage|p1b: Espeon|0 fnt\n|faint|p1b: Espeon\n|\n|win|Theadonia\n|raw|Grunt2222222's rating: 1092 &rarr; <strong>1064<\/strong><br \/>(-28 for losing)\n|raw|Theadonia's rating: 1024 &rarr; <strong>1067<\/strong><br \/>(+43 for winning)\n|c|\u2606Theadonia|Ggwp :)\n|c|\u2606Grunt2222222|Aha gg that was fun\n|c|\u2606Theadonia|Wild end but great battle\n|c|\u2606Grunt2222222|Have fun\n","uploadtime":1695157132,"views":5,"p1id":"grunt2222222","p2id":"theadonia","formatid":"gen9nationaldexdoubles","rating":1064,"private":0,"password":""}