{"id":"gen9nationaldexdoubles-1975325697","p1":"Vyrusi","p2":"rtqewhrje","format":"[Gen 9] National Dex Doubles","log":"|j|\u2606Vyrusi\n|j|\u2606rtqewhrje\n|t:|1698179989\n|gametype|doubles\n|player|p1|Vyrusi|proton|1000\n|player|p2|rtqewhrje|101|1000\n|teamsize|p1|6\n|teamsize|p2|6\n|gen|9\n|tier|[Gen 9] National Dex Doubles\n|rated|\n|rule|HP Percentage Mod: HP is shown in percentages\n|rule|Endless Battle Clause: Forcing endless battles is banned\n|rule|OHKO Clause: OHKO moves are banned\n|rule|Evasion Moves Clause: Evasion moves are banned\n|rule|Evasion Abilities Clause: Evasion abilities are banned\n|rule|Species Clause: Limit one of each Pok\u00e9mon\n|rule|Gravity Sleep Clause: The combination of sleep-inducing moves with imperfect accuracy and Gravity or Gigantamax Orbeetle are banned\n|clearpoke\n|poke|p1|Lurantis, M|\n|poke|p1|Cherrim, F|\n|poke|p1|Charizard, M|\n|poke|p1|Malamar, F|\n|poke|p1|Walking Wake|\n|poke|p1|Golurk|\n|poke|p2|Deoxys-Attack|\n|poke|p2|Indeedee-F, F|\n|poke|p2|Serperior, M|\n|poke|p2|Enamorus, F|\n|poke|p2|Toxapex, F|\n|poke|p2|Dragapult, M|\n|teampreview\n|inactive|Battle timer is ON: inactive players will automatically lose when time's up. (requested by rtqewhrje)\n|\n|t:|1698180000\n|start\n|switch|p1a: Cherrim|Cherrim, F|100\/100\n|switch|p1b: Lurantis|Lurantis, M|100\/100\n|switch|p2a: Deoxys|Deoxys-Attack, shiny|100\/100\n|switch|p2b: Serperior|Serperior, M|100\/100\n|-ability|p2a: Deoxys|Pressure\n|turn|1\n|\n|t:|1698180023\n|move|p2a: Deoxys|Role Play|p2b: Serperior\n|-endability|p2a: Deoxys|Pressure|[from] move: Role Play\n|-ability|p2a: Deoxys|Contrary|[from] move: Role Play|[of] p2b: Serperior\n|move|p2b: Serperior|Glare|p1a: Cherrim\n|-status|p1a: Cherrim|par\n|move|p1a: Cherrim|Sunny Day|p1a: Cherrim\n|-weather|SunnyDay\n|-formechange|p1a: Cherrim|Cherrim-Sunshine|[msg]|[from] ability: Flower Gift\n|move|p1b: Lurantis|Knock Off|p2a: Deoxys\n|-supereffective|p2a: Deoxys\n|-enditem|p2a: Deoxys|Focus Sash\n|-damage|p2a: Deoxys|1\/100\n|\n|-weather|SunnyDay|[upkeep]\n|upkeep\n|turn|2\n|\n|t:|1698180035\n|switch|p2b: Indeedee|Indeedee-F, F|100\/100\n|-fieldstart|move: Psychic Terrain|[from] ability: Psychic Surge|[of] p2b: Indeedee\n|move|p2a: Deoxys|Protect|p2a: Deoxys\n|-singleturn|p2a: Deoxys|Protect\n|move|p1a: Cherrim|Tickle|p1b: Lurantis\n|-boost|p1b: Lurantis|atk|1\n|-boost|p1b: Lurantis|def|1\n|move|p1b: Lurantis|Superpower|p2a: Deoxys\n|-activate|p2a: Deoxys|move: Protect\n|\n|-weather|SunnyDay|[upkeep]\n|upkeep\n|turn|3\n|\n|t:|1698180064\n|move|p2b: Indeedee|Follow Me|p2b: Indeedee\n|-singleturn|p2b: Indeedee|move: Follow Me\n|move|p2a: Deoxys|Psycho Boost|p1b: Lurantis\n|-damage|p1b: Lurantis|33\/100\n|-boost|p2a: Deoxys|spa|2\n|cant|p1a: Cherrim|par\n|move|p1b: Lurantis|Knock Off|p2b: Indeedee\n|-supereffective|p2b: Indeedee\n|-damage|p2b: Indeedee|0 fnt\n|-enditem|p2b: Indeedee|Terrain Extender|[from] move: Knock Off|[of] p1b: Lurantis\n|faint|p2b: Indeedee\n|\n|-weather|SunnyDay|[upkeep]\n|upkeep\n|inactive|rtqewhrje has 120 seconds left.\n|\n|t:|1698180083\n|switch|p2b: Dragapult|Dragapult, M|100\/100\n|turn|4\n|\n|t:|1698180095\n|move|p2a: Deoxys|Psycho Boost|p1b: Lurantis|[miss]\n|-miss|p2a: Deoxys|p1b: Lurantis\n|move|p2b: Dragapult|U-turn|p1a: Cherrim\n|-supereffective|p1a: Cherrim\n|-damage|p1a: Cherrim|0 fnt\n|faint|p1a: Cherrim\n|\n|t:|1698180109\n|switch|p2b: Toxapex|Toxapex, F|100\/100|[from] U-turn\n|move|p1b: Lurantis|Knock Off|p2b: Toxapex\n|-crit|p2b: Toxapex\n|-damage|p2b: Toxapex|55\/100\n|-damage|p1b: Lurantis|17\/100|[from] item: Rocky Helmet|[of] p2b: Toxapex\n|-enditem|p2b: Toxapex|Rocky Helmet|[from] move: Knock Off|[of] p1b: Lurantis\n|\n|-weather|SunnyDay|[upkeep]\n|upkeep\n|\n|t:|1698180120\n|switch|p1a: Malamar|Malamar, F|100\/100\n|turn|5\n|\n|t:|1698180138\n|move|p2a: Deoxys|Psycho Boost|p1b: Lurantis\n|-damage|p1b: Lurantis|0 fnt\n|-boost|p2a: Deoxys|spa|2\n|faint|p1b: Lurantis\n|move|p2b: Toxapex|Icy Wind|p1a: Malamar\n|-damage|p1a: Malamar|94\/100\n|-boost|p1a: Malamar|spe|1\n|move|p1a: Malamar|Trick Room|p1a: Malamar\n|-fieldstart|move: Trick Room|[of] p1a: Malamar\n|\n|-weather|none\n|upkeep\n|\n|t:|1698180149\n|switch|p1b: Golurk|Golurk|100\/100\n|turn|6\n|inactive|rtqewhrje has 120 seconds left.\n|\n|t:|1698180181\n|move|p1a: Malamar|Protect|p1a: Malamar\n|-singleturn|p1a: Malamar|Protect\n|move|p2a: Deoxys|Protect|p2a: Deoxys\n|-singleturn|p2a: Deoxys|Protect\n|move|p2b: Toxapex|Icy Wind|p1b: Golurk|[spread] p1b\n|-activate|p1a: Malamar|move: Protect\n|-supereffective|p1b: Golurk\n|-crit|p1b: Golurk\n|-damage|p1b: Golurk|81\/100\n|-unboost|p1b: Golurk|spe|1\n|move|p1b: Golurk|Earthquake|p2b: Toxapex|[spread] p2b\n|-activate|p1a: Malamar|move: Protect\n|-activate|p2a: Deoxys|move: Protect\n|-supereffective|p2b: Toxapex\n|-damage|p2b: Toxapex|0 fnt\n|faint|p2b: Toxapex\n|\n|upkeep\n|inactive|rtqewhrje has 120 seconds left.\n|\n|t:|1698180209\n|switch|p2b: Dragapult|Dragapult, M|100\/100\n|turn|7\n|inactive|rtqewhrje has 120 seconds left.\n|\n|t:|1698180229\n|move|p2a: Deoxys|Protect||[still]\n|-fail|p2a: Deoxys\n|move|p1b: Golurk|Shadow Punch|p2a: Deoxys\n|-supereffective|p2a: Deoxys\n|-damage|p2a: Deoxys|0 fnt\n|faint|p2a: Deoxys\n|move|p1a: Malamar|Psycho Cut|p2b: Dragapult\n|-damage|p2b: Dragapult|61\/100\n|move|p2b: Dragapult|Phantom Force||[still]\n|-prepare|p2b: Dragapult|Phantom Force\n|\n|upkeep\n|\n|t:|1698180241\n|switch|p2a: Enamorus|Enamorus, F|100\/100\n|turn|8\n|\n|t:|1698180257\n|-terastallize|p1b: Golurk|Ground\n|move|p1a: Malamar|Protect|p1a: Malamar\n|-singleturn|p1a: Malamar|Protect\n|move|p2a: Enamorus|Protect|p2a: Enamorus\n|-singleturn|p2a: Enamorus|Protect\n|move|p1b: Golurk|Thunder Punch|p2a: Enamorus\n|-activate|p2a: Enamorus|move: Protect\n|move|p2b: Dragapult|Phantom Force|p1b: Golurk|[from]lockedmove\n|-damage|p1b: Golurk|6\/100\n|\n|upkeep\n|turn|9\n|\n|t:|1698180276\n|switch|p2b: Serperior|Serperior, M|100\/100\n|move|p1b: Golurk|Thunder Punch|p2a: Enamorus\n|-supereffective|p2a: Enamorus\n|-damage|p2a: Enamorus|0 fnt\n|faint|p2a: Enamorus\n|move|p1a: Malamar|Psycho Cut|p2b: Serperior\n|-damage|p2b: Serperior|71\/100\n|\n|-fieldend|move: Trick Room\n|-fieldend|move: Psychic Terrain\n|upkeep\n|\n|t:|1698180285\n|switch|p2a: Dragapult|Dragapult, M|61\/100\n|turn|10\n|inactive|rtqewhrje has 120 seconds left.\n|\n|t:|1698180322\n|move|p2a: Dragapult|Dragon Darts|p1a: Malamar\n|-damage|p1a: Malamar|55\/100\n|-anim|p2a: Dragapult|Dragon Darts|p1b: Golurk\n|-damage|p1b: Golurk|0 fnt\n|faint|p1b: Golurk\n|move|p2b: Serperior|Leaf Storm|p1a: Malamar\n|-damage|p1a: Malamar|26\/100\n|-boost|p2b: Serperior|spa|2\n|move|p1a: Malamar|Trick Room|p1a: Malamar\n|-fieldstart|move: Trick Room|[of] p1a: Malamar\n|\n|upkeep\n|\n|t:|1698180336\n|switch|p1b: Charizard|Charizard, M|100\/100\n|turn|11\n|\n|t:|1698180349\n|detailschange|p1b: Charizard|Charizard-Mega-Y, M\n|-mega|p1b: Charizard|Charizard|Charizardite Y\n|-weather|SunnyDay|[from] ability: Drought|[of] p1b: Charizard\n|move|p1b: Charizard|Heat Wave|p2b: Serperior|[spread] p2a,p2b\n|-resisted|p2a: Dragapult\n|-supereffective|p2b: Serperior\n|-damage|p2a: Dragapult|14\/100\n|-damage|p2b: Serperior|0 fnt\n|faint|p2b: Serperior\n|move|p1a: Malamar|Psycho Cut|p2a: Dragapult\n|-damage|p2a: Dragapult|0 fnt\n|faint|p2a: Dragapult\n|\n|win|Vyrusi\n|raw|Vyrusi's rating: 1000 &rarr; <strong>1040<\/strong><br \/>(+40 for winning)\n|raw|rtqewhrje's rating: 1000 &rarr; <strong>1000<\/strong><br \/>(+0 for losing)\n|l|\u2606rtqewhrje\n","uploadtime":1698180364,"views":13,"p1id":"vyrusi","p2id":"rtqewhrje","formatid":"gen9nationaldexdoubles","rating":1000,"private":0,"password":""}