{"id":"gen9nationaldexdoubles-1948938555","p1":"guillemon","p2":"Piriko.","format":"[Gen 9] National Dex Doubles","log":"|j|\u2606guillemon\n|j|\u2606Piriko.\n|t:|1695313921\n|gametype|doubles\n|player|p1|guillemon|cheren-gen5bw2|1121\n|player|p2|Piriko.|alder|1000\n|teamsize|p1|6\n|teamsize|p2|6\n|gen|9\n|tier|[Gen 9] National Dex Doubles\n|rated|\n|rule|HP Percentage Mod: HP is shown in percentages\n|rule|Endless Battle Clause: Forcing endless battles is banned\n|rule|OHKO Clause: OHKO moves are banned\n|rule|Evasion Moves Clause: Evasion moves are banned\n|rule|Evasion Abilities Clause: Evasion abilities are banned\n|rule|Species Clause: Limit one of each Pok\u00e9mon\n|rule|Gravity Sleep Clause: The combination of sleep-inducing moves with imperfect accuracy and Gravity or Gigantamax Orbeetle are banned\n|clearpoke\n|poke|p1|Tornadus, M|\n|poke|p1|Landorus-Therian, M|\n|poke|p1|Ninetales, F|\n|poke|p1|Clefable, M|\n|poke|p1|Infernape, M|\n|poke|p1|Brute Bonnet|\n|poke|p2|Oricorio-Pom-Pom, F|\n|poke|p2|Ribombee, M|\n|poke|p2|Torkoal, F|\n|poke|p2|Typhlosion, F|\n|poke|p2|Sunflora, M|\n|poke|p2|Lilligant, F|\n|teampreview\n|\n|t:|1695313933\n|start\n|switch|p1a: Landorus|Landorus-Therian, M|100\/100\n|switch|p1b: Brute Bonnet|Brute Bonnet|100\/100\n|switch|p2a: Bromita|Oricorio-Pom-Pom, F|100\/100\n|switch|p2b: Ribombee|Ribombee, M|100\/100\n|-ability|p1a: Landorus|Intimidate|boost\n|-unboost|p2a: Bromita|atk|1\n|-unboost|p2b: Ribombee|atk|1\n|turn|1\n|\n|t:|1695313949\n|-terastallize|p1b: Brute Bonnet|Fire\n|move|p2a: Bromita|Protect|p2a: Bromita\n|-singleturn|p2a: Bromita|Protect\n|move|p2b: Ribombee|Quiver Dance|p2b: Ribombee\n|-boost|p2b: Ribombee|spa|1\n|-boost|p2b: Ribombee|spd|1\n|-boost|p2b: Ribombee|spe|1\n|-activate|p2a: Bromita|ability: Dancer\n|move|p2a: Bromita|Quiver Dance|p2a: Bromita|[from]ability: Dancer\n|-boost|p2a: Bromita|spa|1\n|-boost|p2a: Bromita|spd|1\n|-boost|p2a: Bromita|spe|1\n|move|p1a: Landorus|Rock Slide|p2b: Ribombee|[spread] p2b\n|-activate|p2a: Bromita|move: Protect\n|-supereffective|p2b: Ribombee\n|-damage|p2b: Ribombee|26\/100\n|move|p1b: Brute Bonnet|Trailblaze|p2a: Bromita\n|-activate|p2a: Bromita|move: Protect\n|\n|upkeep\n|turn|2\n|c|\u2606guillemon|bromita? se viene troll?\n|\n|t:|1695313983\n|move|p2b: Ribombee|Moonblast|p1a: Landorus\n|-damage|p1a: Landorus|31\/100\n|move|p2a: Bromita|Hurricane|p1a: Landorus\n|-damage|p1a: Landorus|0 fnt\n|faint|p1a: Landorus\n|move|p1b: Brute Bonnet|Trailblaze|p2a: Bromita\n|-resisted|p2a: Bromita\n|-damage|p2a: Bromita|86\/100\n|-boost|p1b: Brute Bonnet|spe|1\n|\n|-heal|p2a: Bromita|92\/100|[from] item: Leftovers\n|upkeep\n|\n|t:|1695313992\n|switch|p1a: Tornadus|Tornadus, M|100\/100\n|turn|3\n|\n|t:|1695313998\n|move|p2a: Bromita|Protect|p2a: Bromita\n|-singleturn|p2a: Bromita|Protect\n|move|p1a: Tornadus|Tailwind|p1a: Tornadus\n|-sidestart|p1: guillemon|move: Tailwind\n|move|p1b: Brute Bonnet|Sucker Punch||[still]\n|-fail|p1b: Brute Bonnet\n|move|p2b: Ribombee|Quiver Dance|p2b: Ribombee\n|-boost|p2b: Ribombee|spa|1\n|-boost|p2b: Ribombee|spd|1\n|-boost|p2b: Ribombee|spe|1\n|-activate|p2a: Bromita|ability: Dancer\n|move|p2a: Bromita|Quiver Dance|p2a: Bromita|[from]ability: Dancer\n|-boost|p2a: Bromita|spa|1\n|-boost|p2a: Bromita|spd|1\n|-boost|p2a: Bromita|spe|1\n|\n|-heal|p2a: Bromita|98\/100|[from] item: Leftovers\n|upkeep\n|turn|4\n|\n|t:|1695314015\n|move|p1a: Tornadus|Sunny Day|p1a: Tornadus\n|-weather|SunnyDay\n|-activate|p1b: Brute Bonnet|ability: Protosynthesis\n|-start|p1b: Brute Bonnet|protosynthesisatk\n|move|p2b: Ribombee|Sticky Web|p1b: Brute Bonnet\n|-sidestart|p1: guillemon|move: Sticky Web\n|move|p2a: Bromita|Revelation Dance|p1a: Tornadus\n|-supereffective|p1a: Tornadus\n|-damage|p1a: Tornadus|7\/100\n|move|p1b: Brute Bonnet|Spore|p2a: Bromita\n|-status|p2a: Bromita|slp|[from] move: Spore\n|\n|-weather|SunnyDay|[upkeep]\n|-heal|p2a: Bromita|100\/100 slp|[from] item: Leftovers\n|upkeep\n|turn|5\n|\n|t:|1695314041\n|switch|p1a: Infernape|Infernape, M|100\/100\n|-activate|p1a: Infernape|move: Sticky Web\n|-unboost|p1a: Infernape|spe|1\n|cant|p2a: Bromita|slp\n|move|p2b: Ribombee|Stun Spore|p1b: Brute Bonnet\n|-status|p1b: Brute Bonnet|par\n|move|p1b: Brute Bonnet|Bullet Seed|p2a: Bromita\n|-resisted|p2a: Bromita\n|-damage|p2a: Bromita|90\/100 slp\n|-resisted|p2a: Bromita\n|-damage|p2a: Bromita|80\/100 slp\n|-resisted|p2a: Bromita\n|-damage|p2a: Bromita|70\/100 slp\n|-resisted|p2a: Bromita\n|-damage|p2a: Bromita|61\/100 slp\n|-hitcount|p2a: Bromita|4\n|\n|-weather|SunnyDay|[upkeep]\n|-heal|p2a: Bromita|67\/100 slp|[from] item: Leftovers\n|upkeep\n|turn|6\n|\n|t:|1695314058\n|cant|p2a: Bromita|slp\n|move|p1b: Brute Bonnet|Sucker Punch||[still]\n|-fail|p1b: Brute Bonnet\n|move|p2b: Ribombee|Quiver Dance|p2b: Ribombee\n|-boost|p2b: Ribombee|spa|1\n|-boost|p2b: Ribombee|spd|1\n|-boost|p2b: Ribombee|spe|1\n|-activate|p2a: Bromita|ability: Dancer\n|-curestatus|p2a: Bromita|slp|[msg]\n|move|p2a: Bromita|Quiver Dance|p2a: Bromita|[from]ability: Dancer\n|-boost|p2a: Bromita|spa|1\n|-boost|p2a: Bromita|spd|1\n|-boost|p2a: Bromita|spe|1\n|move|p1a: Infernape|Thunder Punch|p2a: Bromita\n|-damage|p2a: Bromita|38\/100\n|\n|-weather|SunnyDay|[upkeep]\n|-heal|p2a: Bromita|44\/100|[from] item: Leftovers\n|-sideend|p1: guillemon|move: Tailwind\n|upkeep\n|turn|7\n|\n|t:|1695314086\n|move|p1b: Brute Bonnet|Sucker Punch||[still]\n|-fail|p1b: Brute Bonnet\n|move|p2b: Ribombee|Moonblast|p1a: Infernape\n|-damage|p1a: Infernape|0 fnt\n|faint|p1a: Infernape\n|move|p2a: Bromita|Roost|p2a: Bromita\n|-heal|p2a: Bromita|94\/100\n|-singleturn|p2a: Bromita|move: Roost\n|\n|-weather|SunnyDay|[upkeep]\n|-heal|p2a: Bromita|100\/100|[from] item: Leftovers\n|upkeep\n|\n|t:|1695314092\n|switch|p1a: Ninetales|Ninetales, F|100\/100\n|-activate|p1a: Ninetales|move: Sticky Web\n|-unboost|p1a: Ninetales|spe|1\n|turn|8\n|l|\u2606guillemon\n|player|p1|\n|inactive|Battle timer is ON: inactive players will automatically lose when time's up. (requested by Piriko.)\n|inactive|guillemon has 30 seconds to reconnect!\n|inactive|guillemon has 20 seconds to reconnect!\n|inactive|guillemon has 15 seconds to reconnect!\n|inactive|guillemon has 10 seconds to reconnect!\n|inactive|guillemon has 5 seconds to reconnect!\n|-message|guillemon lost due to inactivity.\n|\n|win|Piriko.\n|raw|guillemon's rating: 1121 &rarr; <strong>1088<\/strong><br \/>(-33 for losing)\n|raw|Piriko.'s rating: 1000 &rarr; <strong>1053<\/strong><br \/>(+53 for winning)\n","uploadtime":1695314172,"views":19,"p1id":"guillemon","p2id":"piriko","formatid":"gen9nationaldexdoubles","rating":1053,"private":0,"password":""}