{"id":"gen9nationaldexdoubles-1992345884","p1":"Vican259","p2":"thatsrealnito2","format":"[Gen 9] National Dex Doubles","log":"|j|\u2606Vican259\n|j|\u2606thatsrealnito2\n|t:|1700177036\n|gametype|doubles\n|player|p1|Vican259|bellelba|\n|player|p2|thatsrealnito2|iris-gen5bw2|\n|teamsize|p1|6\n|teamsize|p2|6\n|gen|9\n|tier|[Gen 9] National Dex Doubles\n|rule|HP Percentage Mod: HP is shown in percentages\n|rule|Endless Battle Clause: Forcing endless battles is banned\n|rule|OHKO Clause: OHKO moves are banned\n|rule|Evasion Moves Clause: Evasion moves are banned\n|rule|Evasion Abilities Clause: Evasion abilities are banned\n|rule|Species Clause: Limit one of each Pok\u00e9mon\n|rule|Gravity Sleep Clause: The combination of sleep-inducing moves with imperfect accuracy and Gravity or Gigantamax Orbeetle are banned\n|clearpoke\n|poke|p1|Stakataka|\n|poke|p1|Araquanid, F|\n|poke|p1|Buzzwole|\n|poke|p1|Guzzlord|\n|poke|p1|Blacephalon|\n|poke|p1|Celesteela|\n|poke|p2|Reuniclus, M|\n|poke|p2|Krookodile, F|\n|poke|p2|Audino, M|\n|poke|p2|Whimsicott, F|\n|poke|p2|Jellicent, M|\n|poke|p2|Chandelure, F|\n|teampreview\n|\n|t:|1700177046\n|start\n|switch|p1a: Stakataka|Stakataka|100\/100\n|switch|p1b: Araquanid|Araquanid, F|100\/100\n|switch|p2a: Sunglasses|Krookodile, F|100\/100\n|switch|p2b: Mr Pringles|Jellicent, M|100\/100\n|-ability|p2a: Sunglasses|Intimidate|boost\n|-unboost|p1a: Stakataka|atk|1\n|-unboost|p1b: Araquanid|atk|1\n|turn|1\n|\n|t:|1700177094\n|-terastallize|p2a: Sunglasses|Fighting\n|move|p2a: Sunglasses|Stealth Rock|p1b: Araquanid\n|-sidestart|p1: Vican259|move: Stealth Rock\n|move|p2b: Mr Pringles|Will-O-Wisp|p1a: Stakataka|[miss]\n|-miss|p2b: Mr Pringles|p1a: Stakataka\n|move|p1b: Araquanid|Sticky Web|p2b: Mr Pringles\n|-sidestart|p2: thatsrealnito2|move: Sticky Web\n|move|p1a: Stakataka|Trick Room|p1a: Stakataka\n|-fieldstart|move: Trick Room|[of] p1a: Stakataka\n|\n|upkeep\n|turn|2\n|\n|t:|1700177151\n|-terastallize|p1a: Stakataka|Flying\n|move|p1a: Stakataka|Toxic|p2b: Mr Pringles\n|-status|p2b: Mr Pringles|tox\n|move|p1b: Araquanid|Liquidation|p2a: Sunglasses\n|-damage|p2a: Sunglasses|66\/100\n|-unboost|p2a: Sunglasses|def|1\n|move|p2b: Mr Pringles|Will-O-Wisp|p1a: Stakataka\n|-status|p1a: Stakataka|brn\n|move|p2a: Sunglasses|Taunt|p1a: Stakataka\n|-start|p1a: Stakataka|move: Taunt\n|\n|-heal|p2a: Sunglasses|72\/100|[from] item: Leftovers\n|-damage|p2b: Mr Pringles|94\/100 tox|[from] psn\n|-damage|p1a: Stakataka|94\/100 brn|[from] brn\n|upkeep\n|turn|3\n|\n|t:|1700177187\n|switch|p1a: Blacephalon|Blacephalon|100\/100\n|-damage|p1a: Blacephalon|76\/100|[from] Stealth Rock\n|move|p1b: Araquanid|Liquidation|p2a: Sunglasses\n|-damage|p2a: Sunglasses|22\/100\n|move|p2b: Mr Pringles|Hex|p1a: Blacephalon\n|-supereffective|p1a: Blacephalon\n|-crit|p1a: Blacephalon\n|-damage|p1a: Blacephalon|0 fnt\n|faint|p1a: Blacephalon\n|move|p2a: Sunglasses|Knock Off|p1b: Araquanid\n|-damage|p1b: Araquanid|66\/100\n|-enditem|p1b: Araquanid|Figy Berry|[from] move: Knock Off|[of] p2a: Sunglasses\n|\n|-heal|p2a: Sunglasses|28\/100|[from] item: Leftovers\n|-damage|p2b: Mr Pringles|82\/100 tox|[from] psn\n|upkeep\n|\n|t:|1700177210\n|switch|p1a: Guzzlord|Guzzlord|100\/100\n|-damage|p1a: Guzzlord|88\/100|[from] Stealth Rock\n|turn|4\n|\n|t:|1700177227\n|move|p1b: Araquanid|Liquidation|p2a: Sunglasses\n|-damage|p2a: Sunglasses|0 fnt\n|faint|p2a: Sunglasses\n|move|p2b: Mr Pringles|Will-O-Wisp|p1a: Guzzlord\n|-status|p1a: Guzzlord|brn\n|move|p1a: Guzzlord|Knock Off|p2b: Mr Pringles\n|-supereffective|p2b: Mr Pringles\n|-enditem|p2b: Mr Pringles|Colbur Berry|[eat]\n|-enditem|p2b: Mr Pringles|Colbur Berry|[weaken]\n|-damage|p2b: Mr Pringles|71\/100 tox\n|\n|-damage|p2b: Mr Pringles|52\/100 tox|[from] psn\n|-damage|p1a: Guzzlord|82\/100 brn|[from] brn\n|upkeep\n|\n|t:|1700177243\n|switch|p2a: Cleric|Audino, M, shiny|100\/100\n|-activate|p2a: Cleric|move: Sticky Web\n|-unboost|p2a: Cleric|spe|1\n|turn|5\n|\n|t:|1700177289\n|detailschange|p2a: Cleric|Audino-Mega, M, shiny\n|-mega|p2a: Cleric|Audino|Audinite\n|move|p1b: Araquanid|Protect|p1b: Araquanid\n|-singleturn|p1b: Araquanid|Protect\n|move|p2a: Cleric|Heal Bell|p2a: Cleric\n|-activate|p2a: Cleric|move: Heal Bell\n|-curestatus|p2b: Mr Pringles|tox|[msg]\n|move|p2b: Mr Pringles|Hex|p1a: Guzzlord\n|-resisted|p1a: Guzzlord\n|-damage|p1a: Guzzlord|63\/100 brn\n|move|p1a: Guzzlord|Draco Meteor|p2b: Mr Pringles\n|-damage|p2b: Mr Pringles|3\/100\n|-unboost|p1a: Guzzlord|spa|2\n|\n|-damage|p1a: Guzzlord|57\/100 brn|[from] brn\n|-fieldend|move: Trick Room\n|upkeep\n|turn|6\n|\n|t:|1700177317\n|move|p2a: Cleric|Protect|p2a: Cleric\n|-singleturn|p2a: Cleric|Protect\n|move|p1a: Guzzlord|Knock Off|p2b: Mr Pringles\n|-supereffective|p2b: Mr Pringles\n|-damage|p2b: Mr Pringles|0 fnt\n|faint|p2b: Mr Pringles\n|-ability|p1a: Guzzlord|Beast Boost|boost\n|-boost|p1a: Guzzlord|spa|1\n|move|p1b: Araquanid|Liquidation|p2a: Cleric\n|-activate|p2a: Cleric|move: Protect\n|\n|-damage|p1a: Guzzlord|51\/100 brn|[from] brn\n|upkeep\n|\n|t:|1700177333\n|switch|p2b: Spooky lamp|Chandelure, F|100\/100\n|-activate|p2b: Spooky lamp|move: Sticky Web\n|-unboost|p2b: Spooky lamp|spe|1\n|turn|7\n|\n|t:|1700177380\n|switch|p1a: Buzzwole|Buzzwole|100\/100\n|-damage|p1a: Buzzwole|88\/100|[from] Stealth Rock\n|move|p2b: Spooky lamp|Flamethrower|p1a: Buzzwole\n|-supereffective|p1a: Buzzwole\n|-damage|p1a: Buzzwole|0 fnt\n|faint|p1a: Buzzwole\n|move|p1b: Araquanid|Liquidation|p2b: Spooky lamp\n|-supereffective|p2b: Spooky lamp\n|-damage|p2b: Spooky lamp|0 fnt\n|faint|p2b: Spooky lamp\n|move|p2a: Cleric|Knock Off|p1b: Araquanid\n|-damage|p1b: Araquanid|58\/100\n|\n|upkeep\n|\n|t:|1700177404\n|switch|p2b: The Lark|Whimsicott, F, shiny|100\/100\n|switch|p1a: Celesteela|Celesteela|100\/100\n|-activate|p2b: The Lark|move: Sticky Web\n|-unboost|p2b: The Lark|spe|1\n|-damage|p1a: Celesteela|88\/100|[from] Stealth Rock\n|turn|8\n|\n|t:|1700177421\n|move|p1b: Araquanid|Protect|p1b: Araquanid\n|-singleturn|p1b: Araquanid|Protect\n|move|p2b: The Lark|Tailwind|p2b: The Lark\n|-sidestart|p2: thatsrealnito2|move: Tailwind\n|move|p2a: Cleric|Knock Off|p1a: Celesteela\n|-damage|p1a: Celesteela|76\/100\n|-enditem|p1a: Celesteela|Leftovers|[from] move: Knock Off|[of] p2a: Cleric\n|move|p1a: Celesteela|Heavy Slam|p2b: The Lark\n|-supereffective|p2b: The Lark\n|-enditem|p2b: The Lark|Focus Sash\n|-damage|p2b: The Lark|1\/100\n|\n|upkeep\n|turn|9\n|\n|t:|1700177453\n|move|p2a: Cleric|Protect|p2a: Cleric\n|-singleturn|p2a: Cleric|Protect\n|move|p2b: The Lark|Moonblast|p1b: Araquanid\n|-damage|p1b: Araquanid|31\/100\n|move|p1a: Celesteela|Heavy Slam|p2b: The Lark\n|-supereffective|p2b: The Lark\n|-damage|p2b: The Lark|0 fnt\n|faint|p2b: The Lark\n|-ability|p1a: Celesteela|Beast Boost|boost\n|-boost|p1a: Celesteela|spd|1\n|move|p1b: Araquanid|Bug Bite|p2a: Cleric\n|-activate|p2a: Cleric|move: Protect\n|\n|upkeep\n|\n|t:|1700177465\n|switch|p2b: MEME'S|Reuniclus, M|100\/100\n|-activate|p2b: MEME'S|move: Sticky Web\n|-unboost|p2b: MEME'S|spe|1\n|turn|10\n|\n|t:|1700177494\n|move|p2a: Cleric|Knock Off|p1b: Araquanid\n|-damage|p1b: Araquanid|23\/100\n|move|p2b: MEME'S|Focus Blast|p1a: Celesteela\n|-damage|p1a: Celesteela|60\/100\n|move|p1a: Celesteela|Heavy Slam|p2a: Cleric\n|-supereffective|p2a: Cleric\n|-damage|p2a: Cleric|33\/100\n|move|p1b: Araquanid|Bug Bite|p2b: MEME'S\n|-supereffective|p2b: MEME'S\n|-damage|p2b: MEME'S|81\/100\n|-damage|p1b: Araquanid|6\/100|[from] item: Rocky Helmet|[of] p2b: MEME'S\n|\n|upkeep\n|turn|11\n|\n|t:|1700177521\n|move|p1b: Araquanid|Protect|p1b: Araquanid\n|-singleturn|p1b: Araquanid|Protect\n|move|p2a: Cleric|Wish|p2a: Cleric\n|move|p1a: Celesteela|Heavy Slam|p2a: Cleric\n|-supereffective|p2a: Cleric\n|-damage|p2a: Cleric|0 fnt\n|faint|p2a: Cleric\n|-ability|p1a: Celesteela|Beast Boost|boost\n|-boost|p1a: Celesteela|spd|1\n|move|p2b: MEME'S|Psyshock|p1b: Araquanid\n|-activate|p1b: Araquanid|move: Protect\n|\n|-sideend|p2: thatsrealnito2|move: Tailwind\n|upkeep\n|turn|12\n|\n|t:|1700177538\n|move|p1a: Celesteela|Flamethrower|p2b: MEME'S\n|-damage|p2b: MEME'S|60\/100\n|move|p1b: Araquanid|Bug Bite|p2b: MEME'S\n|-supereffective|p2b: MEME'S\n|-damage|p2b: MEME'S|40\/100\n|-damage|p1b: Araquanid|0 fnt|[from] item: Rocky Helmet|[of] p2b: MEME'S\n|faint|p1b: Araquanid\n|move|p2b: MEME'S|Psyshock|p1a: Celesteela\n|-resisted|p1a: Celesteela\n|-damage|p1a: Celesteela|46\/100\n|\n|upkeep\n|\n|t:|1700177549\n|switch|p1b: Guzzlord|Guzzlord|51\/100 brn\n|-damage|p1b: Guzzlord|38\/100 brn|[from] Stealth Rock\n|turn|13\n|\n|t:|1700177609\n|-zpower|p1b: Guzzlord\n|move|p1b: Guzzlord|Devastating Drake|p2b: MEME'S|[zeffect]\n|-damage|p2b: MEME'S|0 fnt\n|faint|p2b: MEME'S\n|\n|win|Vican259\n","uploadtime":1700177623,"views":8,"p1id":"vican259","p2id":"thatsrealnito2","formatid":"gen9nationaldexdoubles","rating":0,"private":0,"password":""}