{"id":"gen9nationaldexdoubles-1958249958","p1":"Aquiley","p2":"water10122246","format":"[Gen 9] National Dex Doubles","log":"|j|\u2606Aquiley\n|j|\u2606water10122246\n|t:|1696302557\n|gametype|doubles\n|player|p1|Aquiley|steven|1109\n|player|p2|water10122246|101|1298\n|teamsize|p1|6\n|teamsize|p2|6\n|gen|9\n|tier|[Gen 9] National Dex Doubles\n|rated|\n|rule|HP Percentage Mod: HP is shown in percentages\n|rule|Endless Battle Clause: Forcing endless battles is banned\n|rule|OHKO Clause: OHKO moves are banned\n|rule|Evasion Moves Clause: Evasion moves are banned\n|rule|Evasion Abilities Clause: Evasion abilities are banned\n|rule|Species Clause: Limit one of each Pok\u00e9mon\n|rule|Gravity Sleep Clause: The combination of sleep-inducing moves with imperfect accuracy and Gravity or Gigantamax Orbeetle are banned\n|clearpoke\n|poke|p1|Ninetales-Alola, M|\n|poke|p1|Amoonguss, M|\n|poke|p1|Tyranitar, F|\n|poke|p1|Kommo-o, M|\n|poke|p1|Lucario, F|\n|poke|p1|Sinistcha-Masterpiece|\n|poke|p2|Guzzlord|\n|poke|p2|Xurkitree|\n|poke|p2|Blacephalon|\n|poke|p2|Ninetales, F|\n|poke|p2|Whimsicott, F|\n|poke|p2|Ursaluna-Bloodmoon, M|\n|teampreview\n|\n|t:|1696302567\n|start\n|switch|p1a: Ninetales|Ninetales-Alola, M|100\/100\n|switch|p1b: Kommo-o|Kommo-o, M|100\/100\n|switch|p2a: Ninetales|Ninetales, F, shiny|100\/100\n|switch|p2b: Blacephalon|Blacephalon, shiny|100\/100\n|-weather|Snow|[from] ability: Snow Warning|[of] p1a: Ninetales\n|-weather|SunnyDay|[from] ability: Drought|[of] p2a: Ninetales\n|turn|1\n|\n|t:|1696302582\n|switch|p1a: Tyranitar|Tyranitar, F|100\/100\n|-weather|Sandstorm|[from] ability: Sand Stream|[of] p1a: Tyranitar\n|-terastallize|p2b: Blacephalon|Fire\n|move|p2a: Ninetales|Helping Hand|p2b: Blacephalon\n|-singleturn|p2b: Blacephalon|Helping Hand|[of] p2a: Ninetales\n|move|p2b: Blacephalon|Mind Blown|p1a: Tyranitar|[spread] p2a,p1a,p1b\n|-resisted|p2a: Ninetales\n|-resisted|p1a: Tyranitar\n|-resisted|p1b: Kommo-o\n|-damage|p2a: Ninetales|0 fnt\n|-damage|p1a: Tyranitar|59\/100\n|-damage|p1b: Kommo-o|0 fnt\n|-damage|p2b: Blacephalon|50\/100|[from] mindblown\n|faint|p2a: Ninetales\n|faint|p1b: Kommo-o\n|-ability|p2b: Blacephalon|Beast Boost|boost\n|-boost|p2b: Blacephalon|spa|2\n|\n|-weather|Sandstorm|[upkeep]\n|-damage|p2b: Blacephalon|44\/100|[from] Sandstorm\n|upkeep\n|inactive|Battle timer is ON: inactive players will automatically lose when time's up. (requested by water10122246)\n|\n|t:|1696302601\n|switch|p2a: Whimsicott|Whimsicott, F, shiny|100\/100\n|switch|p1b: Sinistcha|Sinistcha-Masterpiece|100\/100\n|-heal|p1a: Tyranitar|84\/100|[from] ability: Hospitality|[of] p1b: Sinistcha\n|turn|2\n|\n|t:|1696302610\n|detailschange|p1a: Tyranitar|Tyranitar-Mega, F\n|-mega|p1a: Tyranitar|Tyranitar|Tyranitarite\n|move|p2a: Whimsicott|Sunny Day|p2a: Whimsicott\n|-weather|SunnyDay\n|move|p2b: Blacephalon|Mind Blown|p1b: Sinistcha|[spread] p2a,p1a,p1b\n|-supereffective|p2a: Whimsicott\n|-resisted|p1a: Tyranitar\n|-supereffective|p1b: Sinistcha\n|-damage|p2a: Whimsicott|0 fnt\n|-damage|p1a: Tyranitar|0 fnt\n|-damage|p1b: Sinistcha|0 fnt\n|-damage|p2b: Blacephalon|0 fnt|[from] mindblown\n|faint|p2b: Blacephalon\n|faint|p2a: Whimsicott\n|faint|p1a: Tyranitar\n|faint|p1b: Sinistcha\n|\n|-weather|SunnyDay|[upkeep]\n|upkeep\n|\n|t:|1696302629\n|switch|p2a: Xurkitree|Xurkitree, shiny|100\/100\n|switch|p2b: Guzzlord|Guzzlord, shiny|100\/100\n|switch|p1a: Ninetales|Ninetales-Alola, M|100\/100\n|switch|p1b: Amoonguss|Amoonguss, M|100\/100\n|-weather|Snow|[from] ability: Snow Warning|[of] p1a: Ninetales\n|turn|3\n|\n|t:|1696302644\n|move|p1a: Ninetales|Aurora Veil|p1a: Ninetales\n|-sidestart|p1: Aquiley|move: Aurora Veil\n|move|p2a: Xurkitree|Tail Glow|p2a: Xurkitree\n|-boost|p2a: Xurkitree|spa|3\n|move|p1b: Amoonguss|Spore|p2b: Guzzlord\n|-status|p2b: Guzzlord|slp|[from] move: Spore\n|cant|p2b: Guzzlord|slp\n|\n|-weather|Snow|[upkeep]\n|upkeep\n|turn|4\n|\n|t:|1696302661\n|move|p1a: Ninetales|Reflect|p1a: Ninetales\n|-sidestart|p1: Aquiley|Reflect\n|move|p2a: Xurkitree|Discharge|p1b: Amoonguss|[spread] p2b,p1a,p1b\n|-resisted|p2b: Guzzlord\n|-resisted|p1b: Amoonguss\n|-crit|p1b: Amoonguss\n|-damage|p2b: Guzzlord|70\/100 slp\n|-damage|p1a: Ninetales|42\/100\n|-damage|p1b: Amoonguss|51\/100\n|move|p1b: Amoonguss|Spore|p2a: Xurkitree\n|-status|p2a: Xurkitree|slp|[from] move: Spore\n|-curestatus|p2b: Guzzlord|slp|[msg]\n|move|p2b: Guzzlord|Dragon Tail|p1b: Amoonguss\n|-damage|p1b: Amoonguss|29\/100\n|drag|p1b: Lucario|Lucario, F|100\/100\n|\n|-weather|Snow|[upkeep]\n|upkeep\n|turn|5\n|\n|t:|1696302678\n|move|p1a: Ninetales|Hypnosis|p2b: Guzzlord\n|-status|p2b: Guzzlord|slp|[from] move: Hypnosis\n|move|p1b: Lucario|Heal Pulse|p1a: Ninetales\n|-heal|p1a: Ninetales|92\/100\n|cant|p2a: Xurkitree|slp\n|cant|p2b: Guzzlord|slp\n|\n|-weather|Snow|[upkeep]\n|upkeep\n|turn|6\n|\n|t:|1696302688\n|move|p1b: Lucario|Extreme Speed|p2a: Xurkitree\n|-damage|p2a: Xurkitree|67\/100 slp\n|move|p1a: Ninetales|Draining Kiss|p2b: Guzzlord\n|-supereffective|p2b: Guzzlord\n|-damage|p2b: Guzzlord|32\/100 slp\n|-heal|p1a: Ninetales|100\/100|[from] drain|[of] p2b: Guzzlord\n|-curestatus|p2a: Xurkitree|slp|[msg]\n|move|p2a: Xurkitree|Discharge|p1b: Lucario|[spread] p2b,p1a,p1b\n|-resisted|p2b: Guzzlord\n|-damage|p2b: Guzzlord|3\/100 slp\n|-damage|p1a: Ninetales|40\/100\n|-damage|p1b: Lucario|0 fnt\n|faint|p1b: Lucario\n|-ability|p2a: Xurkitree|Beast Boost|boost\n|-boost|p2a: Xurkitree|spa|1\n|cant|p2b: Guzzlord|slp\n|\n|-weather|Snow|[upkeep]\n|upkeep\n|\n|t:|1696302692\n|switch|p1b: Amoonguss|Amoonguss, M|29\/100\n|turn|7\n|\n|t:|1696302716\n|move|p1a: Ninetales|Hypnosis|p2a: Xurkitree\n|-status|p2a: Xurkitree|slp|[from] move: Hypnosis\n|cant|p2a: Xurkitree|slp\n|cant|p2b: Guzzlord|slp\n|move|p1b: Amoonguss|Pollen Puff|p1a: Ninetales\n|-heal|p1a: Ninetales|90\/100\n|\n|-weather|none\n|upkeep\n|turn|8\n|\n|t:|1696302734\n|move|p1a: Ninetales|Draining Kiss|p2b: Guzzlord\n|-supereffective|p2b: Guzzlord\n|-damage|p2b: Guzzlord|0 fnt\n|-heal|p1a: Ninetales|94\/100|[from] drain|[of] p2b: Guzzlord\n|faint|p2b: Guzzlord\n|cant|p2a: Xurkitree|slp\n|move|p1b: Amoonguss|Sludge Bomb|p2a: Xurkitree\n|-damage|p2a: Xurkitree|23\/100 slp\n|\n|upkeep\n|\n|t:|1696302740\n|switch|p2b: Ursaluna|Ursaluna-Bloodmoon, M|100\/100\n|turn|9\n|\n|t:|1696302747\n|move|p1a: Ninetales|Hypnosis|p2b: Ursaluna|[miss]\n|-miss|p1a: Ninetales|p2b: Ursaluna\n|cant|p2a: Xurkitree|slp\n|move|p2b: Ursaluna|Blood Moon|p1a: Ninetales\n|-damage|p1a: Ninetales|39\/100\n|move|p1b: Amoonguss|Synthesis|p1b: Amoonguss\n|-heal|p1b: Amoonguss|79\/100\n|\n|upkeep\n|turn|10\n|\n|t:|1696302760\n|move|p2b: Ursaluna|Protect|p2b: Ursaluna\n|-singleturn|p2b: Ursaluna|Protect\n|move|p1a: Ninetales|Hypnosis|p2b: Ursaluna\n|-activate|p2b: Ursaluna|move: Protect\n|-curestatus|p2a: Xurkitree|slp|[msg]\n|move|p2a: Xurkitree|Discharge|p1a: Ninetales|[spread] p1a,p1b\n|-activate|p2b: Ursaluna|move: Protect\n|-resisted|p1b: Amoonguss\n|-damage|p1a: Ninetales|0 fnt\n|-damage|p1b: Amoonguss|55\/100\n|faint|p1a: Ninetales\n|-ability|p2a: Xurkitree|Beast Boost|boost\n|-boost|p2a: Xurkitree|spa|1\n|move|p1b: Amoonguss|Spore|p2a: Xurkitree\n|-status|p2a: Xurkitree|slp|[from] move: Spore\n|\n|-sideend|p1: Aquiley|move: Aurora Veil\n|upkeep\n|turn|11\n|\n|t:|1696302779\n|cant|p2a: Xurkitree|slp\n|move|p2b: Ursaluna|Blood Moon|p1b: Amoonguss\n|-damage|p1b: Amoonguss|0 fnt\n|faint|p1b: Amoonguss\n|\n|win|water10122246\n|raw|Aquiley's rating: 1109 &rarr; <strong>1096<\/strong><br \/>(-13 for losing)\n|raw|water10122246's rating: 1298 &rarr; <strong>1311<\/strong><br \/>(+13 for winning)\n|l|\u2606Aquiley\n|c|\u2606water10122246|Finally, Gg\n","uploadtime":1696302791,"views":12,"p1id":"aquiley","p2id":"water10122246","formatid":"gen9nationaldexdoubles","rating":1096,"private":0,"password":""}