{"id":"gen9nationaldexdoubles-1981289350","p1":"AcaciaIsHere","p2":"DazzlingBrilliance","format":"[Gen 9] National Dex Doubles","log":"|j|\u2606AcaciaIsHere\n|j|\u2606DazzlingBrilliance\n|t:|1698880163\n|gametype|doubles\n|player|p1|AcaciaIsHere|ingo|1125\n|player|p2|DazzlingBrilliance|striker|1052\n|teamsize|p1|6\n|teamsize|p2|6\n|gen|9\n|tier|[Gen 9] National Dex Doubles\n|rated|\n|rule|HP Percentage Mod: HP is shown in percentages\n|rule|Endless Battle Clause: Forcing endless battles is banned\n|rule|OHKO Clause: OHKO moves are banned\n|rule|Evasion Moves Clause: Evasion moves are banned\n|rule|Evasion Abilities Clause: Evasion abilities are banned\n|rule|Species Clause: Limit one of each Pok\u00e9mon\n|rule|Gravity Sleep Clause: The combination of sleep-inducing moves with imperfect accuracy and Gravity or Gigantamax Orbeetle are banned\n|clearpoke\n|poke|p1|Amoonguss, M|\n|poke|p1|Lurantis, M|\n|poke|p1|Shiftry, M|\n|poke|p1|Brambleghast, F|\n|poke|p1|Roserade, F|\n|poke|p1|Sinistcha|\n|poke|p2|Qwilfish, M|\n|poke|p2|Chandelure, M|\n|poke|p2|Altaria, M|\n|poke|p2|Eldegoss, F|\n|poke|p2|Jirachi|\n|poke|p2|Primeape, M|\n|teampreview\n|\n|t:|1698880173\n|start\n|switch|p1a: Shiftry|Shiftry, M|100\/100\n|switch|p1b: Brambleghast|Brambleghast, F|100\/100\n|switch|p2a: Jirachi|Jirachi, shiny|100\/100\n|switch|p2b: Qweefish|Qwilfish, M, shiny|100\/100\n|-ability|p2b: Qweefish|Intimidate|boost\n|-unboost|p1a: Shiftry|atk|1\n|-unboost|p1b: Brambleghast|atk|1\n|turn|1\n|\n|t:|1698880200\n|move|p2a: Jirachi|Cosmic Power|p2a: Jirachi\n|-boost|p2a: Jirachi|def|1\n|-boost|p2a: Jirachi|spd|1\n|move|p1b: Brambleghast|Poltergeist|p2a: Jirachi\n|-activate|p2a: Jirachi|move: Poltergeist|Leftovers\n|-supereffective|p2a: Jirachi\n|-damage|p2a: Jirachi|58\/100\n|move|p1a: Shiftry|Tailwind|p1a: Shiftry\n|-sidestart|p1: AcaciaIsHere|move: Tailwind\n|-ability|p1b: Brambleghast|Wind Rider|boost\n|-boost|p1b: Brambleghast|atk|1\n|-ability|p1a: Shiftry|Wind Rider|boost\n|-boost|p1a: Shiftry|atk|1\n|move|p2b: Qweefish|Thunder Wave|p1a: Shiftry\n|-status|p1a: Shiftry|par\n|\n|-heal|p2a: Jirachi|64\/100|[from] item: Leftovers\n|upkeep\n|turn|2\n|\n|t:|1698880249\n|move|p1a: Shiftry|Sucker Punch|p2a: Jirachi\n|-supereffective|p2a: Jirachi\n|-damage|p2a: Jirachi|27\/100\n|move|p1b: Brambleghast|Power Whip|p2b: Qweefish\n|-damage|p2b: Qweefish|20\/100\n|move|p2a: Jirachi|Charge Beam|p1b: Brambleghast\n|-resisted|p1b: Brambleghast\n|-crit|p1b: Brambleghast\n|-damage|p1b: Brambleghast|79\/100\n|-boost|p2a: Jirachi|spa|1\n|move|p2b: Qweefish|Thunder Wave|p1b: Brambleghast\n|-status|p1b: Brambleghast|par\n|\n|-heal|p2a: Jirachi|33\/100|[from] item: Leftovers\n|-heal|p2b: Qweefish|26\/100|[from] item: Leftovers\n|upkeep\n|turn|3\n|\n|t:|1698880281\n|switch|p2b: Chandelure|Chandelure, M, shiny|100\/100\n|cant|p1a: Shiftry|par\n|move|p2a: Jirachi|Baton Pass|p2a: Jirachi\n|\n|t:|1698880299\n|switch|p2a: Eldegoss|Eldegoss, F, shiny|100\/100|[from] Baton Pass\n|move|p1b: Brambleghast|Power Whip|p2b: Chandelure\n|-resisted|p2b: Chandelure\n|-damage|p2b: Chandelure|67\/100\n|\n|-heal|p2b: Chandelure|73\/100|[from] item: Leftovers\n|upkeep\n|turn|4\n|\n|t:|1698880330\n|move|p1b: Brambleghast|Shadow Sneak|p2b: Chandelure\n|-supereffective|p2b: Chandelure\n|-damage|p2b: Chandelure|25\/100\n|move|p1a: Shiftry|Sucker Punch|p2b: Chandelure\n|-supereffective|p2b: Chandelure\n|-damage|p2b: Chandelure|0 fnt\n|faint|p2b: Chandelure\n|move|p2a: Eldegoss|Rapid Spin|p1a: Shiftry\n|-damage|p1a: Shiftry|91\/100 par\n|-boost|p2a: Eldegoss|spe|1\n|\n|-sideend|p1: AcaciaIsHere|move: Tailwind\n|upkeep\n|\n|t:|1698880348\n|switch|p2b: Qweefish|Qwilfish, M, shiny|26\/100\n|-ability|p2b: Qweefish|Intimidate|boost\n|-unboost|p1a: Shiftry|atk|1\n|-unboost|p1b: Brambleghast|atk|1\n|turn|5\n|\n|t:|1698880399\n|move|p2b: Qweefish|Acupressure|p2a: Eldegoss\n|-boost|p2a: Eldegoss|evasion|2\n|move|p2a: Eldegoss|Pollen Puff|p2b: Qweefish\n|-heal|p2b: Qweefish|75\/100\n|cant|p1b: Brambleghast|par\n|move|p1a: Shiftry|Tailwind|p1a: Shiftry\n|-sidestart|p1: AcaciaIsHere|move: Tailwind\n|-ability|p1b: Brambleghast|Wind Rider|boost\n|-boost|p1b: Brambleghast|atk|1\n|-ability|p1a: Shiftry|Wind Rider|boost\n|-boost|p1a: Shiftry|atk|1\n|\n|-heal|p2b: Qweefish|81\/100|[from] item: Leftovers\n|upkeep\n|turn|6\n|\n|t:|1698880426\n|move|p1b: Brambleghast|Power Whip|p2b: Qweefish\n|-damage|p2b: Qweefish|6\/100\n|move|p1a: Shiftry|Leaf Blade|p2b: Qweefish\n|-damage|p2b: Qweefish|0 fnt\n|faint|p2b: Qweefish\n|move|p2a: Eldegoss|Rapid Spin|p1a: Shiftry\n|-damage|p1a: Shiftry|81\/100 par\n|-boost|p2a: Eldegoss|spe|1\n|\n|upkeep\n|\n|t:|1698880445\n|switch|p2b: Altaria|Altaria, M, shiny|100\/100\n|-ability|p2b: Altaria|Cloud Nine\n|turn|7\n|\n|t:|1698880484\n|switch|p1a: Amoonguss|Amoonguss, M|100\/100\n|move|p2a: Eldegoss|Rapid Spin|p1a: Amoonguss\n|-damage|p1a: Amoonguss|94\/100\n|-boost|p2a: Eldegoss|spe|1\n|cant|p1b: Brambleghast|par\n|move|p2b: Altaria|Mud-Slap|p1b: Brambleghast\n|-resisted|p1b: Brambleghast\n|-damage|p1b: Brambleghast|75\/100 par\n|-unboost|p1b: Brambleghast|accuracy|1\n|\n|-heal|p1a: Amoonguss|99\/100|[from] item: Black Sludge\n|upkeep\n|turn|8\n|\n|t:|1698880532\n|switch|p1b: Roserade|Roserade, F|100\/100\n|move|p2a: Eldegoss|Pollen Puff|p1b: Roserade\n|-damage|p1b: Roserade|63\/100\n|move|p2b: Altaria|Mud-Slap|p1a: Amoonguss\n|-crit|p1a: Amoonguss\n|-damage|p1a: Amoonguss|96\/100\n|-unboost|p1a: Amoonguss|accuracy|1\n|move|p1a: Amoonguss|Clear Smog|p2a: Eldegoss\n|-supereffective|p2a: Eldegoss\n|-damage|p2a: Eldegoss|82\/100\n|-clearboost|p2a: Eldegoss\n|\n|-heal|p1b: Roserade|69\/100|[from] item: Leftovers\n|-heal|p1a: Amoonguss|100\/100|[from] item: Black Sludge\n|-heal|p2a: Eldegoss|88\/100|[from] item: Leftovers\n|-sideend|p1: AcaciaIsHere|move: Tailwind\n|upkeep\n|turn|9\n|\n|t:|1698880568\n|move|p1b: Roserade|Sludge Bomb|p2a: Eldegoss\n|-supereffective|p2a: Eldegoss\n|-damage|p2a: Eldegoss|0 fnt\n|faint|p2a: Eldegoss\n|move|p2b: Altaria|Mud-Slap|p2: Eldegoss|[notarget]\n|-fail|p2b: Altaria\n|move|p1a: Amoonguss|Pollen Puff|p2b: Altaria\n|-resisted|p2b: Altaria\n|-damage|p2b: Altaria|91\/100\n|\n|-heal|p1b: Roserade|76\/100|[from] item: Leftovers\n|-heal|p2b: Altaria|97\/100|[from] item: Leftovers\n|upkeep\n|\n|t:|1698880578\n|switch|p2a: Jirachi|Jirachi, shiny|33\/100\n|turn|10\n|\n|t:|1698880599\n|-terastallize|p2b: Altaria|Steel\n|move|p2a: Jirachi|Cosmic Power|p2a: Jirachi\n|-boost|p2a: Jirachi|def|1\n|-boost|p2a: Jirachi|spd|1\n|move|p1b: Roserade|Hidden Power|p2b: Altaria\n|-resisted|p2b: Altaria\n|-damage|p2b: Altaria|87\/100\n|move|p2b: Altaria|Mud-Slap|p1b: Roserade\n|-damage|p1b: Roserade|71\/100\n|-unboost|p1b: Roserade|accuracy|1\n|move|p1a: Amoonguss|Spore|p2a: Jirachi\n|-status|p2a: Jirachi|slp|[from] move: Spore\n|\n|-heal|p2a: Jirachi|39\/100 slp|[from] item: Leftovers\n|-heal|p1b: Roserade|78\/100|[from] item: Leftovers\n|-heal|p2b: Altaria|93\/100|[from] item: Leftovers\n|upkeep\n|turn|11\n|\n|t:|1698880632\n|switch|p1b: Sinistcha|Sinistcha|100\/100\n|cant|p2a: Jirachi|slp\n|move|p2b: Altaria|Hone Claws|p2b: Altaria\n|-boost|p2b: Altaria|atk|1\n|-boost|p2b: Altaria|accuracy|1\n|move|p1a: Amoonguss|Spore|p2b: Altaria\n|-status|p2b: Altaria|slp|[from] move: Spore\n|\n|-heal|p2a: Jirachi|45\/100 slp|[from] item: Leftovers\n|-heal|p2b: Altaria|99\/100 slp|[from] item: Leftovers\n|upkeep\n|turn|12\n|\n|t:|1698880663\n|-curestatus|p2a: Jirachi|slp|[msg]\n|move|p2a: Jirachi|Cosmic Power|p2a: Jirachi\n|-boost|p2a: Jirachi|def|1\n|-boost|p2a: Jirachi|spd|1\n|cant|p2b: Altaria|slp\n|move|p1b: Sinistcha|Hex|p2b: Altaria\n|-damage|p2b: Altaria|32\/100 slp\n|move|p1a: Amoonguss|Pollen Puff|p2a: Jirachi|[miss]\n|-miss|p1a: Amoonguss|p2a: Jirachi\n|\n|-heal|p2a: Jirachi|52\/100|[from] item: Leftovers\n|-heal|p2b: Altaria|38\/100 slp|[from] item: Leftovers\n|upkeep\n|turn|13\n|\n|t:|1698880720\n|move|p1a: Amoonguss|Rage Powder|p1a: Amoonguss\n|-singleturn|p1a: Amoonguss|move: Rage Powder\n|move|p2a: Jirachi|Cosmic Power|p2a: Jirachi\n|-boost|p2a: Jirachi|def|1\n|-boost|p2a: Jirachi|spd|1\n|-curestatus|p2b: Altaria|slp|[msg]\n|move|p2b: Altaria|Mud-Slap|p1a: Amoonguss\n|-damage|p1a: Amoonguss|98\/100\n|-unboost|p1a: Amoonguss|accuracy|1\n|move|p1b: Sinistcha|Hex|p2b: Altaria\n|-damage|p2b: Altaria|1\/100\n|\n|-heal|p2a: Jirachi|58\/100|[from] item: Leftovers\n|-heal|p2b: Altaria|7\/100|[from] item: Leftovers\n|-heal|p1a: Amoonguss|100\/100|[from] item: Black Sludge\n|upkeep\n|turn|14\n|\n|t:|1698880741\n|switch|p2b: Primeape|Primeape, M, shiny|100\/100\n|move|p1a: Amoonguss|Rage Powder|p1a: Amoonguss\n|-singleturn|p1a: Amoonguss|move: Rage Powder\n|move|p2a: Jirachi|Baton Pass|p2a: Jirachi\n|\n|t:|1698880757\n|switch|p2a: Altaria|Altaria, M, shiny, tera:Steel|7\/100|[from] Baton Pass\n|-ability|p2a: Altaria|Cloud Nine\n|move|p1b: Sinistcha|Matcha Gotcha|p2a: Altaria|[spread] p2a\n|-miss|p1b: Sinistcha|p2b: Primeape\n|-resisted|p2a: Altaria\n|-damage|p2a: Altaria|1\/100\n|\n|-heal|p2a: Altaria|7\/100|[from] item: Leftovers\n|upkeep\n|turn|15\n|\n|t:|1698880796\n|move|p2a: Altaria|Sing|p1b: Sinistcha\n|-status|p1b: Sinistcha|slp|[from] move: Sing\n|cant|p1b: Sinistcha|slp\n|move|p2b: Primeape|Dynamic Punch|p1a: Amoonguss\n|-resisted|p1a: Amoonguss\n|-damage|p1a: Amoonguss|83\/100\n|-start|p1a: Amoonguss|confusion\n|-activate|p1a: Amoonguss|confusion\n|-damage|p1a: Amoonguss|76\/100|[from] confusion\n|\n|-heal|p2a: Altaria|14\/100|[from] item: Leftovers\n|-heal|p1a: Amoonguss|82\/100|[from] item: Black Sludge\n|upkeep\n|turn|16\n|\n|t:|1698880835\n|-activate|p1a: Amoonguss|confusion\n|-damage|p1a: Amoonguss|76\/100|[from] confusion\n|move|p2a: Altaria|Hone Claws|p2a: Altaria\n|-boost|p2a: Altaria|atk|1\n|-boost|p2a: Altaria|accuracy|1\n|cant|p1b: Sinistcha|slp\n|move|p2b: Primeape|Iron Tail|p1b: Sinistcha\n|-damage|p1b: Sinistcha|72\/100 slp\n|\n|-heal|p2a: Altaria|20\/100|[from] item: Leftovers\n|-heal|p1a: Amoonguss|83\/100|[from] item: Black Sludge\n|upkeep\n|turn|17\n|\n|t:|1698880861\n|-activate|p1a: Amoonguss|confusion\n|-damage|p1a: Amoonguss|76\/100|[from] confusion\n|move|p2a: Altaria|Hone Claws|p2a: Altaria\n|-boost|p2a: Altaria|atk|1\n|-boost|p2a: Altaria|accuracy|1\n|cant|p1b: Sinistcha|slp\n|move|p2b: Primeape|Dynamic Punch|p1a: Amoonguss|[miss]\n|-miss|p2b: Primeape|p1a: Amoonguss\n|-enditem|p2b: Primeape|Blunder Policy\n|-boost|p2b: Primeape|spe|2\n|\n|-heal|p2a: Altaria|26\/100|[from] item: Leftovers\n|-heal|p1a: Amoonguss|83\/100|[from] item: Black Sludge\n|upkeep\n|turn|18\n|\n|t:|1698880910\n|-end|p1a: Amoonguss|confusion\n|move|p1a: Amoonguss|Rage Powder|p1a: Amoonguss\n|-singleturn|p1a: Amoonguss|move: Rage Powder\n|move|p2b: Primeape|Hone Claws|p2b: Primeape\n|-boost|p2b: Primeape|atk|1\n|-boost|p2b: Primeape|accuracy|1\n|move|p2a: Altaria|Fly||[still]\n|-prepare|p2a: Altaria|Fly\n|-curestatus|p1b: Sinistcha|slp|[msg]\n|move|p1b: Sinistcha|Calm Mind|p1b: Sinistcha\n|-boost|p1b: Sinistcha|spa|1\n|-boost|p1b: Sinistcha|spd|1\n|\n|-heal|p2a: Altaria|32\/100|[from] item: Leftovers\n|-heal|p1a: Amoonguss|89\/100|[from] item: Black Sludge\n|upkeep\n|turn|19\n|\n|t:|1698880939\n|move|p1a: Amoonguss|Rage Powder|p1a: Amoonguss\n|-singleturn|p1a: Amoonguss|move: Rage Powder\n|move|p2b: Primeape|Hone Claws|p2b: Primeape\n|-boost|p2b: Primeape|atk|1\n|-boost|p2b: Primeape|accuracy|1\n|move|p2a: Altaria|Fly|p1a: Amoonguss|[from]lockedmove\n|-supereffective|p1a: Amoonguss\n|-damage|p1a: Amoonguss|0 fnt\n|faint|p1a: Amoonguss\n|move|p1b: Sinistcha|Trick Room|p1b: Sinistcha\n|-fieldstart|move: Trick Room|[of] p1b: Sinistcha\n|\n|-heal|p2a: Altaria|38\/100|[from] item: Leftovers\n|upkeep\n|\n|t:|1698880974\n|switch|p1a: Lurantis|Lurantis, M|100\/100\n|turn|20\n|\n|t:|1698881007\n|move|p1a: Lurantis|Leaf Storm|p2b: Primeape\n|-damage|p2b: Primeape|35\/100\n|-boost|p1a: Lurantis|spa|2\n|move|p1b: Sinistcha|Matcha Gotcha|p2a: Altaria|[spread] p2a,p2b\n|-resisted|p2a: Altaria\n|-crit|p2b: Primeape\n|-damage|p2a: Altaria|28\/100\n|-heal|p1b: Sinistcha|77\/100|[from] drain|[of] p2a: Altaria\n|-damage|p2b: Primeape|0 fnt\n|-heal|p1b: Sinistcha|93\/100|[from] drain|[of] p2b: Primeape\n|faint|p2b: Primeape\n|move|p2a: Altaria|Sing|p1a: Lurantis\n|-status|p1a: Lurantis|slp|[from] move: Sing\n|\n|-heal|p2a: Altaria|35\/100|[from] item: Leftovers\n|upkeep\n|\n|t:|1698881024\n|switch|p2b: Jirachi|Jirachi, shiny|58\/100\n|turn|21\n|\n|t:|1698881050\n|cant|p1a: Lurantis|slp\n|move|p1b: Sinistcha|Matcha Gotcha|p2a: Altaria|[spread] p2b\n|-miss|p1b: Sinistcha|p2a: Altaria\n|-resisted|p2b: Jirachi\n|-damage|p2b: Jirachi|37\/100\n|-heal|p1b: Sinistcha|100\/100|[from] drain|[of] p2b: Jirachi\n|move|p2a: Altaria|Sing|p1b: Sinistcha\n|-status|p1b: Sinistcha|slp|[from] move: Sing\n|move|p2b: Jirachi|Cosmic Power|p2b: Jirachi\n|-boost|p2b: Jirachi|def|1\n|-boost|p2b: Jirachi|spd|1\n|\n|-heal|p2a: Altaria|41\/100|[from] item: Leftovers\n|-heal|p2b: Jirachi|43\/100|[from] item: Leftovers\n|upkeep\n|turn|22\n|\n|t:|1698881075\n|cant|p1a: Lurantis|slp\n|cant|p1b: Sinistcha|slp\n|move|p2a: Altaria|Hone Claws|p2a: Altaria\n|-boost|p2a: Altaria|atk|1\n|-boost|p2a: Altaria|accuracy|1\n|move|p2b: Jirachi|Cosmic Power|p2b: Jirachi\n|-boost|p2b: Jirachi|def|1\n|-boost|p2b: Jirachi|spd|1\n|\n|-heal|p2a: Altaria|47\/100|[from] item: Leftovers\n|-heal|p2b: Jirachi|49\/100|[from] item: Leftovers\n|upkeep\n|turn|23\n|\n|t:|1698881101\n|cant|p1a: Lurantis|slp\n|-curestatus|p1b: Sinistcha|slp|[msg]\n|move|p1b: Sinistcha|Matcha Gotcha|p2b: Jirachi|[spread] p2a,p2b\n|-resisted|p2a: Altaria\n|-resisted|p2b: Jirachi\n|-damage|p2a: Altaria|38\/100\n|-damage|p2b: Jirachi|40\/100\n|move|p2a: Altaria|Sing|p1a: Lurantis\n|-fail|p1a: Lurantis|slp\n|move|p2b: Jirachi|Cosmic Power|p2b: Jirachi\n|-boost|p2b: Jirachi|def|1\n|-boost|p2b: Jirachi|spd|1\n|\n|-heal|p2a: Altaria|44\/100|[from] item: Leftovers\n|-heal|p2b: Jirachi|46\/100|[from] item: Leftovers\n|-fieldend|move: Trick Room\n|upkeep\n|turn|24\n|\n|t:|1698881125\n|move|p2b: Jirachi|Cosmic Power|p2b: Jirachi\n|-boost|p2b: Jirachi|def|1\n|-boost|p2b: Jirachi|spd|1\n|move|p2a: Altaria|Sing|p1b: Sinistcha\n|-status|p1b: Sinistcha|slp|[from] move: Sing\n|cant|p1b: Sinistcha|slp\n|-curestatus|p1a: Lurantis|slp|[msg]\n|move|p1a: Lurantis|Aromatherapy|p1a: Lurantis\n|-activate|p1a: Lurantis|move: Aromatherapy\n|-curestatus|p1b: Sinistcha|slp|[msg]\n|-curestatus|p1: Shiftry|par|[msg]\n|-curestatus|p1: Brambleghast|par|[msg]\n|\n|-heal|p2b: Jirachi|52\/100|[from] item: Leftovers\n|-heal|p2a: Altaria|51\/100|[from] item: Leftovers\n|upkeep\n|turn|25\n|c|\u2606AcaciaIsHere|this has been arduous\n|\n|t:|1698881154\n|move|p2b: Jirachi|Cosmic Power|p2b: Jirachi\n|-boost|p2b: Jirachi|def|1\n|-boost|p2b: Jirachi|spd|1\n|move|p2a: Altaria|Sing|p1a: Lurantis\n|-status|p1a: Lurantis|slp|[from] move: Sing\n|move|p1b: Sinistcha|Hex|p2b: Jirachi\n|-supereffective|p2b: Jirachi\n|-damage|p2b: Jirachi|24\/100\n|cant|p1a: Lurantis|slp\n|\n|-heal|p2b: Jirachi|30\/100|[from] item: Leftovers\n|-heal|p2a: Altaria|57\/100|[from] item: Leftovers\n|upkeep\n|turn|26\n|c|\u2606AcaciaIsHere|how did you hit another sing\n|\n|t:|1698881176\n|move|p2b: Jirachi|Ancient Power|p1a: Lurantis\n|-damage|p1a: Lurantis|78\/100 slp\n|-boost|p2b: Jirachi|atk|1\n|-boost|p2b: Jirachi|def|1\n|-boost|p2b: Jirachi|spa|1\n|-boost|p2b: Jirachi|spd|1\n|-boost|p2b: Jirachi|spe|1\n|move|p2a: Altaria|Sing|p1b: Sinistcha\n|-status|p1b: Sinistcha|slp|[from] move: Sing\n|cant|p1b: Sinistcha|slp\n|cant|p1a: Lurantis|slp\n|\n|-heal|p2b: Jirachi|36\/100|[from] item: Leftovers\n|-heal|p2a: Altaria|63\/100|[from] item: Leftovers\n|upkeep\n|turn|27\n|\n|t:|1698881204\n|move|p2b: Jirachi|Charge Beam|p1a: Lurantis\n|-resisted|p1a: Lurantis\n|-damage|p1a: Lurantis|63\/100 slp\n|-boost|p2b: Jirachi|spa|1\n|move|p2a: Altaria|Mud-Slap|p1b: Sinistcha\n|-resisted|p1b: Sinistcha\n|-damage|p1b: Sinistcha|99\/100 slp\n|-unboost|p1b: Sinistcha|accuracy|1\n|-curestatus|p1b: Sinistcha|slp|[msg]\n|move|p1b: Sinistcha|Hex|p2b: Jirachi|[miss]\n|-miss|p1b: Sinistcha|p2b: Jirachi\n|cant|p1a: Lurantis|slp\n|\n|-heal|p2b: Jirachi|42\/100|[from] item: Leftovers\n|-heal|p2a: Altaria|69\/100|[from] item: Leftovers\n|upkeep\n|turn|28\n|\n|t:|1698881235\n|move|p2b: Jirachi|Ancient Power|p1a: Lurantis\n|-damage|p1a: Lurantis|14\/100 slp\n|move|p2a: Altaria|Sing|p1b: Sinistcha\n|-status|p1b: Sinistcha|slp|[from] move: Sing\n|cant|p1b: Sinistcha|slp\n|-curestatus|p1a: Lurantis|slp|[msg]\n|move|p1a: Lurantis|Leaf Storm|p2b: Jirachi\n|-resisted|p2b: Jirachi\n|-damage|p2b: Jirachi|30\/100\n|-boost|p1a: Lurantis|spa|2\n|\n|-heal|p2b: Jirachi|36\/100|[from] item: Leftovers\n|-heal|p2a: Altaria|75\/100|[from] item: Leftovers\n|upkeep\n|turn|29\n|\n|t:|1698881264\n|move|p2b: Jirachi|Ancient Power|p1a: Lurantis\n|-damage|p1a: Lurantis|0 fnt\n|faint|p1a: Lurantis\n|move|p2a: Altaria|Mud-Slap|p1b: Sinistcha\n|-resisted|p1b: Sinistcha\n|-damage|p1b: Sinistcha|97\/100 slp\n|-unboost|p1b: Sinistcha|accuracy|1\n|cant|p1b: Sinistcha|slp\n|\n|-heal|p2b: Jirachi|42\/100|[from] item: Leftovers\n|-heal|p2a: Altaria|82\/100|[from] item: Leftovers\n|upkeep\n|\n|t:|1698881275\n|switch|p1a: Shiftry|Shiftry, M|81\/100\n|turn|30\n|\n|t:|1698881285\n|switch|p1b: Brambleghast|Brambleghast, F|75\/100\n|move|p2b: Jirachi|Charge Beam|p1a: Shiftry\n|-resisted|p1a: Shiftry\n|-damage|p1a: Shiftry|57\/100\n|-boost|p2b: Jirachi|spa|1\n|move|p1a: Shiftry|Tailwind|p1a: Shiftry\n|-sidestart|p1: AcaciaIsHere|move: Tailwind\n|-ability|p1b: Brambleghast|Wind Rider|boost\n|-boost|p1b: Brambleghast|atk|1\n|-ability|p1a: Shiftry|Wind Rider|boost\n|-boost|p1a: Shiftry|atk|1\n|move|p2a: Altaria|Sing|p1a: Shiftry\n|-status|p1a: Shiftry|slp|[from] move: Sing\n|\n|-heal|p2b: Jirachi|48\/100|[from] item: Leftovers\n|-heal|p2a: Altaria|88\/100|[from] item: Leftovers\n|upkeep\n|turn|31\n|\n|t:|1698881314\n|cant|p1a: Shiftry|slp\n|move|p1b: Brambleghast|Poltergeist|p2a: Altaria\n|-activate|p2a: Altaria|move: Poltergeist|Leftovers\n|-crit|p2a: Altaria\n|-damage|p2a: Altaria|0 fnt\n|faint|p2a: Altaria\n|move|p2b: Jirachi|Charge Beam|p1a: Shiftry\n|-resisted|p1a: Shiftry\n|-damage|p1a: Shiftry|26\/100 slp\n|-boost|p2b: Jirachi|spa|1\n|\n|-heal|p2b: Jirachi|54\/100|[from] item: Leftovers\n|upkeep\n|turn|32\n|c|\u2606AcaciaIsHere|THE PAIN IS OVER\n|\n|t:|1698881352\n|move|p1b: Brambleghast|Shadow Sneak|p2b: Jirachi\n|-supereffective|p2b: Jirachi\n|-damage|p2b: Jirachi|39\/100\n|-curestatus|p1a: Shiftry|slp|[msg]\n|move|p1a: Shiftry|Sucker Punch|p2b: Jirachi\n|-supereffective|p2b: Jirachi\n|-damage|p2b: Jirachi|18\/100\n|move|p2b: Jirachi|Charge Beam|p1a: Shiftry\n|-resisted|p1a: Shiftry\n|-damage|p1a: Shiftry|0 fnt\n|-boost|p2b: Jirachi|spa|1\n|faint|p1a: Shiftry\n|\n|-heal|p2b: Jirachi|24\/100|[from] item: Leftovers\n|upkeep\n|\n|t:|1698881363\n|switch|p1a: Roserade|Roserade, F|78\/100\n|turn|33\n|\n|t:|1698881374\n|move|p1a: Roserade|Hidden Power|p2b: Jirachi\n|-resisted|p2b: Jirachi\n|-damage|p2b: Jirachi|21\/100\n|move|p1b: Brambleghast|Power Whip|p2b: Jirachi\n|-resisted|p2b: Jirachi\n|-damage|p2b: Jirachi|12\/100\n|move|p2b: Jirachi|Ancient Power|p1b: Brambleghast\n|-damage|p1b: Brambleghast|0 fnt\n|faint|p1b: Brambleghast\n|\n|-heal|p1a: Roserade|84\/100|[from] item: Leftovers\n|-heal|p2b: Jirachi|18\/100|[from] item: Leftovers\n|-sideend|p1: AcaciaIsHere|move: Tailwind\n|upkeep\n|\n|t:|1698881388\n|switch|p1b: Sinistcha|Sinistcha|97\/100 slp\n|-heal|p1a: Roserade|100\/100|[from] ability: Hospitality|[of] p1b: Sinistcha\n|turn|34\n|\n|t:|1698881396\n|move|p2b: Jirachi|Ancient Power|p1b: Sinistcha\n|-damage|p1b: Sinistcha|21\/100 slp\n|move|p1a: Roserade|Dazzling Gleam|p2b: Jirachi\n|-resisted|p2b: Jirachi\n|-damage|p2b: Jirachi|15\/100\n|cant|p1b: Sinistcha|slp\n|\n|-heal|p2b: Jirachi|21\/100|[from] item: Leftovers\n|upkeep\n|turn|35\n|\n|t:|1698881409\n|move|p2b: Jirachi|Ancient Power|p1b: Sinistcha\n|-damage|p1b: Sinistcha|0 fnt\n|faint|p1b: Sinistcha\n|move|p1a: Roserade|Hidden Power|p2b: Jirachi\n|-resisted|p2b: Jirachi\n|-damage|p2b: Jirachi|18\/100\n|\n|-heal|p2b: Jirachi|25\/100|[from] item: Leftovers\n|upkeep\n|turn|36\n|c|\u2606AcaciaIsHere|my last move is tox spikes\n|c|\u2606AcaciaIsHere|i cant win\n|c|\u2606AcaciaIsHere|leftovers does more healing than all my moves\n|c|\u2606AcaciaIsHere|..\n|c|\u2606AcaciaIsHere|you win\n|-message|AcaciaIsHere forfeited.\n|\n|win|DazzlingBrilliance\n|raw|AcaciaIsHere's rating: 1125 &rarr; <strong>1095<\/strong><br \/>(-30 for losing)\n|raw|DazzlingBrilliance's rating: 1052 &rarr; <strong>1091<\/strong><br \/>(+39 for winning)\n","uploadtime":1698881456,"views":6,"p1id":"acaciaishere","p2id":"dazzlingbrilliance","formatid":"gen9nationaldexdoubles","rating":1091,"private":0,"password":""}