{"id":"gen9nationaldexdoubles-1972847422","p1":"ZeFlowerDemon","p2":"50stunzeed","format":"[Gen 9] National Dex Doubles","log":"|j|\u2606ZeFlowerDemon\n|j|\u260650stunzeed\n|t:|1697901777\n|gametype|doubles\n|player|p1|ZeFlowerDemon|roxie|1059\n|player|p2|50stunzeed|proton|1089\n|teamsize|p1|6\n|teamsize|p2|6\n|gen|9\n|tier|[Gen 9] National Dex Doubles\n|rated|\n|rule|HP Percentage Mod: HP is shown in percentages\n|rule|Endless Battle Clause: Forcing endless battles is banned\n|rule|OHKO Clause: OHKO moves are banned\n|rule|Evasion Moves Clause: Evasion moves are banned\n|rule|Evasion Abilities Clause: Evasion abilities are banned\n|rule|Species Clause: Limit one of each Pok\u00e9mon\n|rule|Gravity Sleep Clause: The combination of sleep-inducing moves with imperfect accuracy and Gravity or Gigantamax Orbeetle are banned\n|clearpoke\n|poke|p1|Lilligant-Hisui, F|\n|poke|p1|Scolipede, M|\n|poke|p1|Gliscor, M|\n|poke|p1|Ceruledge, M|\n|poke|p1|Volcarona, M|\n|poke|p1|Hatterene, F|\n|poke|p2|Jirachi|\n|poke|p2|Eevee, M|\n|poke|p2|Manaphy|\n|poke|p2|Regigigas|\n|poke|p2|Indeedee-F, F|\n|poke|p2|Armarouge, M|\n|teampreview\n|\n|t:|1697901793\n|start\n|switch|p1a: Volcarona|Volcarona, M|100\/100\n|switch|p1b: Zero|Ceruledge, M|100\/100\n|switch|p2a: Indeedee|Indeedee-F, F|100\/100\n|switch|p2b: Eevee|Eevee, M|100\/100\n|-fieldstart|move: Psychic Terrain|[from] ability: Psychic Surge|[of] p2a: Indeedee\n|turn|1\n|\n|t:|1697901816\n|move|p2a: Indeedee|Follow Me|p2a: Indeedee\n|-singleturn|p2a: Indeedee|move: Follow Me\n|move|p1a: Volcarona|Sunny Day|p1a: Volcarona\n|-weather|SunnyDay\n|move|p1b: Zero|Shadow Claw|p2a: Indeedee\n|-immune|p2a: Indeedee\n|-zpower|p2b: Eevee\n|move|p2b: Eevee|Extreme Evoboost|p2b: Eevee\n|-boost|p2b: Eevee|atk|2\n|-boost|p2b: Eevee|def|2\n|-boost|p2b: Eevee|spa|2\n|-boost|p2b: Eevee|spd|2\n|-boost|p2b: Eevee|spe|2\n|\n|-weather|SunnyDay|[upkeep]\n|upkeep\n|turn|2\n|-activate|p1a: Volcarona|item: Quick Claw\n|\n|t:|1697901839\n|switch|p1b: Lilligant|Lilligant-Hisui, F|100\/100\n|move|p2a: Indeedee|Follow Me|p2a: Indeedee\n|-singleturn|p2a: Indeedee|move: Follow Me\n|move|p1a: Volcarona|Fiery Dance|p2a: Indeedee\n|-damage|p2a: Indeedee|47\/100\n|move|p2b: Eevee|Substitute|p2b: Eevee\n|-start|p2b: Eevee|Substitute\n|-damage|p2b: Eevee|76\/100\n|\n|-weather|SunnyDay|[upkeep]\n|upkeep\n|turn|3\n|\n|t:|1697901870\n|move|p1b: Lilligant|Energy Ball|p2a: Indeedee\n|-crit|p2a: Indeedee\n|-damage|p2a: Indeedee|25\/100\n|-enditem|p2a: Indeedee|Aguav Berry|[eat]\n|-heal|p2a: Indeedee|59\/100|[from] item: Aguav Berry\n|move|p2b: Eevee|Baton Pass|p2b: Eevee\n|\n|t:|1697901886\n|switch|p2b: Regigigas|Regigigas, shiny|100\/100|[from] Baton Pass\n|-start|p2b: Regigigas|ability: Slow Start\n|move|p1a: Volcarona|Tailwind|p1a: Volcarona\n|-sidestart|p1: ZeFlowerDemon|move: Tailwind\n|move|p2a: Indeedee|Psych Up|p2b: Regigigas\n|-copyboost|p2a: Indeedee|p2b: Regigigas|[from] move: Psych Up\n|\n|-weather|SunnyDay|[upkeep]\n|upkeep\n|turn|4\n|c|\u2606ZeFlowerDemon|Oh lord\n|\n|t:|1697901921\n|move|p1b: Lilligant|Acrobatics|p2a: Indeedee\n|-damage|p2a: Indeedee|48\/100\n|move|p1a: Volcarona|Morning Sun|p1a: Volcarona\n|-fail|p1a: Volcarona|heal\n|move|p2a: Indeedee|Skill Swap|p2b: Regigigas\n|-activate|p2a: Indeedee|move: Skill Swap|||[of] p2b: Regigigas\n|-end|p2b: Regigigas|Slow Start|[silent]\n|-start|p2a: Indeedee|ability: Slow Start\n|move|p2b: Regigigas|Smack Down|p1a: Volcarona\n|-supereffective|p1a: Volcarona\n|-damage|p1a: Volcarona|0 fnt\n|faint|p1a: Volcarona\n|\n|-weather|SunnyDay|[upkeep]\n|upkeep\n|c|\u260650stunzeed|Lol\n|\n|t:|1697901939\n|switch|p1a: Gliscor|Gliscor, M|100\/100\n|turn|5\n|\n|t:|1697901956\n|move|p1b: Lilligant|Acrobatics|p2a: Indeedee\n|-damage|p2a: Indeedee|36\/100\n|move|p2b: Regigigas|Return|p1a: Gliscor\n|-enditem|p1a: Gliscor|Focus Sash\n|-damage|p1a: Gliscor|1\/100\n|move|p1a: Gliscor|Dual Wingbeat|p2a: Indeedee\n|-damage|p2a: Indeedee|27\/100\n|-damage|p2a: Indeedee|15\/100\n|-hitcount|p2a: Indeedee|2\n|move|p2a: Indeedee|Baton Pass|p2a: Indeedee\n|\n|t:|1697901964\n|-end|p2a: Indeedee|Slow Start|[silent]\n|switch|p2a: Jirachi|Jirachi|100\/100|[from] Baton Pass\n|-item|p2a: Jirachi|Air Balloon\n|\n|-weather|none\n|-fieldend|move: Psychic Terrain\n|upkeep\n|turn|6\n|\n|t:|1697902006\n|move|p2b: Regigigas|Smack Down|p1a: Gliscor\n|-damage|p1a: Gliscor|0 fnt\n|faint|p1a: Gliscor\n|move|p2a: Jirachi|Dazzling Gleam|p1b: Lilligant\n|-supereffective|p1b: Lilligant\n|-damage|p1b: Lilligant|0 fnt\n|faint|p1b: Lilligant\n|\n|-sideend|p1: ZeFlowerDemon|move: Tailwind\n|upkeep\n|\n|t:|1697902019\n|switch|p1a: Scolipede|Scolipede, M|100\/100\n|switch|p1b: Sonia|Hatterene, F|100\/100\n|turn|7\n|\n|t:|1697902035\n|move|p1b: Sonia|Helping Hand|p1a: Scolipede\n|-singleturn|p1a: Scolipede|Helping Hand|[of] p1b: Sonia\n|move|p2b: Regigigas|Iron Head|p1b: Sonia\n|-supereffective|p1b: Sonia\n|-damage|p1b: Sonia|0 fnt\n|faint|p1b: Sonia\n|move|p2a: Jirachi|Ancient Power|p1a: Scolipede\n|-supereffective|p1a: Scolipede\n|-damage|p1a: Scolipede|0 fnt\n|faint|p1a: Scolipede\n|\n|upkeep\n|c|\u2606ZeFlowerDemon|Gg\n|\n|t:|1697902058\n|switch|p1b: Zero|Ceruledge, M|100\/100\n|turn|8\n|c|\u260650stunzeed|Gg, most people dont see the sub regi coming\n|\n|t:|1697902102\n|move|p2b: Regigigas|Smack Down|p1b: Zero\n|-supereffective|p1b: Zero\n|-damage|p1b: Zero|0 fnt\n|faint|p1b: Zero\n|\n|win|50stunzeed\n|raw|ZeFlowerDemon's rating: 1059 &rarr; <strong>1042<\/strong><br \/>(-17 for losing)\n|raw|50stunzeed's rating: 1089 &rarr; <strong>1113<\/strong><br \/>(+24 for winning)\n|c|\u2606ZeFlowerDemon|Definitely did not\n|l|\u2606ZeFlowerDemon\n","uploadtime":1697902123,"views":5,"p1id":"zeflowerdemon","p2id":"50stunzeed","formatid":"gen9nationaldexdoubles","rating":1042,"private":0,"password":""}