{"id":"gen9nationaldexdoubles-1958333140","p1":"impastabot4000","p2":"sprichangito","format":"[Gen 9] National Dex Doubles","log":"|j|\u2606impastabot4000\n|j|\u2606sprichangito\n|t:|1696313698\n|gametype|doubles\n|player|p1|impastabot4000|nate|1181\n|player|p2|sprichangito|dawn|1050\n|teamsize|p1|6\n|teamsize|p2|6\n|gen|9\n|tier|[Gen 9] National Dex Doubles\n|rated|\n|rule|HP Percentage Mod: HP is shown in percentages\n|rule|Endless Battle Clause: Forcing endless battles is banned\n|rule|OHKO Clause: OHKO moves are banned\n|rule|Evasion Moves Clause: Evasion moves are banned\n|rule|Evasion Abilities Clause: Evasion abilities are banned\n|rule|Species Clause: Limit one of each Pok\u00e9mon\n|rule|Gravity Sleep Clause: The combination of sleep-inducing moves with imperfect accuracy and Gravity or Gigantamax Orbeetle are banned\n|clearpoke\n|poke|p1|Kommo-o, F|\n|poke|p1|Ninetales-Alola, F|\n|poke|p1|Wo-Chien|\n|poke|p1|Sinistcha-Masterpiece|\n|poke|p1|Incineroar, M|\n|poke|p1|Landorus, M|\n|poke|p2|Amoonguss, F|\n|poke|p2|Tyranitar, F|\n|poke|p2|Excadrill, M|\n|poke|p2|Landorus-Therian, M|\n|poke|p2|Flutter Mane|\n|poke|p2|Rillaboom, F|\n|teampreview\n|inactive|Battle timer is ON: inactive players will automatically lose when time's up. (requested by impastabot4000)\n|\n|t:|1696313728\n|start\n|switch|p1a: Incineroar|Incineroar, M|100\/100\n|switch|p1b: Kommo-o|Kommo-o, F|100\/100\n|switch|p2a: Amoonguss|Amoonguss, F|100\/100\n|switch|p2b: Landorus|Landorus-Therian, M|100\/100\n|-ability|p2b: Landorus|Intimidate|boost\n|-unboost|p1a: Incineroar|atk|1\n|-unboost|p1b: Kommo-o|atk|1\n|-ability|p1a: Incineroar|Intimidate|boost\n|-unboost|p2a: Amoonguss|atk|1\n|-unboost|p2b: Landorus|atk|1\n|turn|1\n|\n|t:|1696313758\n|move|p1a: Incineroar|Fake Out|p2a: Amoonguss\n|-damage|p2a: Amoonguss|95\/100\n|move|p1b: Kommo-o|Clangorous Soul|p1b: Kommo-o\n|-boost|p1b: Kommo-o|atk|1\n|-boost|p1b: Kommo-o|def|1\n|-boost|p1b: Kommo-o|spa|1\n|-boost|p1b: Kommo-o|spd|1\n|-boost|p1b: Kommo-o|spe|1\n|-damage|p1b: Kommo-o|68\/100\n|-enditem|p1b: Kommo-o|Throat Spray\n|-boost|p1b: Kommo-o|spa|1|[from] item: Throat Spray\n|move|p2b: Landorus|U-turn|p1b: Kommo-o\n|-resisted|p1b: Kommo-o\n|-damage|p1b: Kommo-o|63\/100\n|inactive|sprichangito has 120 seconds left.\n|\n|t:|1696313770\n|switch|p2b: Tyranitar|Tyranitar, F|100\/100|[from] U-turn\n|-weather|Sandstorm|[from] ability: Sand Stream|[of] p2b: Tyranitar\n|cant|p2a: Amoonguss|flinch\n|\n|-weather|Sandstorm|[upkeep]\n|-damage|p1b: Kommo-o|57\/100|[from] Sandstorm\n|-damage|p1a: Incineroar|94\/100|[from] Sandstorm\n|-damage|p2a: Amoonguss|89\/100|[from] Sandstorm\n|upkeep\n|turn|2\n|inactive|sprichangito has 120 seconds left.\n|inactive|impastabot4000 has 120 seconds left.\n|\n|t:|1696313809\n|switch|p1a: Ninetales|Ninetales-Alola, F|100\/100\n|-weather|Snow|[from] ability: Snow Warning|[of] p1a: Ninetales\n|move|p2b: Tyranitar|Protect|p2b: Tyranitar\n|-singleturn|p2b: Tyranitar|Protect\n|move|p1b: Kommo-o|Clanging Scales|p2a: Amoonguss|[spread] p2a\n|-activate|p2b: Tyranitar|move: Protect\n|-damage|p2a: Amoonguss|37\/100\n|-enditem|p2a: Amoonguss|Sitrus Berry|[eat]\n|-heal|p2a: Amoonguss|62\/100|[from] item: Sitrus Berry\n|-unboost|p1b: Kommo-o|def|1\n|move|p2a: Amoonguss|Clear Smog|p1b: Kommo-o\n|-damage|p1b: Kommo-o|47\/100\n|-clearboost|p1b: Kommo-o\n|\n|-weather|Snow|[upkeep]\n|upkeep\n|turn|3\n|inactive|sprichangito has 120 seconds left.\n|inactive|impastabot4000 has 120 seconds left.\n|\n|t:|1696313842\n|switch|p1b: Incineroar|Incineroar, M|94\/100\n|-ability|p1b: Incineroar|Intimidate|boost\n|-unboost|p2a: Amoonguss|atk|1\n|-unboost|p2b: Tyranitar|atk|1\n|switch|p2a: Landorus|Landorus-Therian, M|100\/100\n|-ability|p2a: Landorus|Intimidate|boost\n|-unboost|p1a: Ninetales|atk|1\n|-unboost|p1b: Incineroar|atk|1\n|move|p1a: Ninetales|Aurora Veil|p1a: Ninetales\n|-sidestart|p1: impastabot4000|move: Aurora Veil\n|move|p2b: Tyranitar|Stealth Rock|p1a: Ninetales\n|-sidestart|p1: impastabot4000|move: Stealth Rock\n|\n|-weather|Snow|[upkeep]\n|upkeep\n|turn|4\n|inactive|sprichangito has 120 seconds left.\n|\n|t:|1696313871\n|move|p1a: Ninetales|Freeze-Dry|p2a: Landorus\n|-supereffective|p2a: Landorus\n|-damage|p2a: Landorus|21\/100\n|-status|p2a: Landorus|frz\n|-curestatus|p2a: Landorus|frz|[msg]\n|move|p2a: Landorus|Stone Edge|p1b: Incineroar\n|-supereffective|p1b: Incineroar\n|-damage|p1b: Incineroar|54\/100\n|move|p2b: Tyranitar|Rock Slide|p1a: Ninetales|[spread] p1a,p1b\n|-supereffective|p1a: Ninetales\n|-supereffective|p1b: Incineroar\n|-damage|p1a: Ninetales|71\/100\n|-damage|p1b: Incineroar|34\/100\n|-enditem|p1b: Incineroar|Sitrus Berry|[eat]\n|-heal|p1b: Incineroar|59\/100|[from] item: Sitrus Berry\n|move|p1b: Incineroar|Parting Shot|p2b: Tyranitar\n|-unboost|p2b: Tyranitar|atk|1\n|-unboost|p2b: Tyranitar|spa|1\n|inactive|impastabot4000 has 120 seconds left.\n|\n|t:|1696313889\n|switch|p1b: Wo-Chien|Wo-Chien|100\/100|[from] Parting Shot\n|-damage|p1b: Wo-Chien|88\/100|[from] Stealth Rock\n|-ability|p1b: Wo-Chien|Tablets of Ruin\n|\n|-weather|Snow|[upkeep]\n|-heal|p1b: Wo-Chien|94\/100|[from] item: Leftovers\n|upkeep\n|turn|5\n|inactive|sprichangito has 120 seconds left.\n|\n|t:|1696313911\n|switch|p2b: Amoonguss|Amoonguss, F|96\/100\n|move|p1a: Ninetales|Freeze-Dry|p2a: Landorus\n|-supereffective|p2a: Landorus\n|-damage|p2a: Landorus|0 fnt\n|faint|p2a: Landorus\n|move|p1b: Wo-Chien|Leech Seed|p2b: Amoonguss\n|-immune|p2b: Amoonguss\n|\n|-weather|Snow|[upkeep]\n|-heal|p1b: Wo-Chien|100\/100|[from] item: Leftovers\n|upkeep\n|\n|t:|1696313920\n|switch|p2a: Tyranitar|Tyranitar, F|100\/100\n|-weather|Sandstorm|[from] ability: Sand Stream|[of] p2a: Tyranitar\n|turn|6\n|\n|t:|1696313940\n|switch|p1a: Incineroar|Incineroar, M|59\/100\n|-damage|p1a: Incineroar|34\/100|[from] Stealth Rock\n|-ability|p1a: Incineroar|Intimidate|boost\n|-unboost|p2a: Tyranitar|atk|1\n|-unboost|p2b: Amoonguss|atk|1\n|move|p1b: Wo-Chien|Leech Seed|p2a: Tyranitar|[miss]\n|-miss|p1b: Wo-Chien|p2a: Tyranitar\n|move|p2a: Tyranitar|Rock Slide|p1a: Incineroar|[spread] p1b\n|-miss|p2a: Tyranitar|p1a: Incineroar\n|-damage|p1b: Wo-Chien|92\/100\n|move|p2b: Amoonguss|Spore|p1b: Wo-Chien\n|-immune|p1b: Wo-Chien\n|\n|-weather|Sandstorm|[upkeep]\n|-damage|p1b: Wo-Chien|86\/100|[from] Sandstorm\n|-damage|p1a: Incineroar|28\/100|[from] Sandstorm\n|-damage|p2b: Amoonguss|90\/100|[from] Sandstorm\n|-heal|p1b: Wo-Chien|92\/100|[from] item: Leftovers\n|upkeep\n|turn|7\n|inactive|impastabot4000 has 120 seconds left.\n|inactive|sprichangito has 120 seconds left.\n|\n|t:|1696314005\n|switch|p2a: Excadrill|Excadrill, M|100\/100\n|move|p1a: Incineroar|Fake Out|p2a: Excadrill\n|-resisted|p2a: Excadrill\n|-damage|p2a: Excadrill|96\/100\n|move|p1b: Wo-Chien|Pollen Puff|p1a: Incineroar\n|-heal|p1a: Incineroar|78\/100\n|move|p2b: Amoonguss|Pollen Puff|p1b: Wo-Chien\n|-supereffective|p1b: Wo-Chien\n|-damage|p1b: Wo-Chien|63\/100\n|\n|-weather|Sandstorm|[upkeep]\n|-damage|p1b: Wo-Chien|57\/100|[from] Sandstorm\n|-damage|p1a: Incineroar|72\/100|[from] Sandstorm\n|-damage|p2b: Amoonguss|84\/100|[from] Sandstorm\n|-heal|p1b: Wo-Chien|63\/100|[from] item: Leftovers\n|upkeep\n|turn|8\n|inactive|sprichangito has 120 seconds left.\n|inactive|impastabot4000 has 120 seconds left.\n|\n|t:|1696314040\n|-terastallize|p1a: Incineroar|Grass\n|move|p2b: Amoonguss|Rage Powder|p2b: Amoonguss\n|-singleturn|p2b: Amoonguss|move: Rage Powder\n|move|p2a: Excadrill|Swords Dance|p2a: Excadrill\n|-boost|p2a: Excadrill|atk|2\n|move|p1b: Wo-Chien|Pollen Puff|p1a: Incineroar\n|-heal|p1a: Incineroar|100\/100\n|move|p1a: Incineroar|Flare Blitz|p2a: Excadrill\n|-supereffective|p2a: Excadrill\n|-damage|p2a: Excadrill|23\/100\n|-damage|p1a: Incineroar|76\/100|[from] Recoil\n|\n|-weather|Sandstorm|[upkeep]\n|-damage|p1b: Wo-Chien|57\/100|[from] Sandstorm\n|-damage|p1a: Incineroar|70\/100|[from] Sandstorm\n|-damage|p2b: Amoonguss|77\/100|[from] Sandstorm\n|-heal|p1b: Wo-Chien|63\/100|[from] item: Leftovers\n|upkeep\n|turn|9\n|inactive|impastabot4000 has 120 seconds left.\n|inactive|sprichangito has 90 seconds left.\n|\n|t:|1696314071\n|switch|p1a: Sinistcha|Sinistcha-Masterpiece|100\/100\n|-damage|p1a: Sinistcha|88\/100|[from] Stealth Rock\n|-heal|p1b: Wo-Chien|88\/100|[from] ability: Hospitality|[of] p1a: Sinistcha\n|move|p2a: Excadrill|Protect|p2a: Excadrill\n|-singleturn|p2a: Excadrill|Protect\n|move|p1b: Wo-Chien|Protect|p1b: Wo-Chien\n|-singleturn|p1b: Wo-Chien|Protect\n|move|p2b: Amoonguss|Pollen Puff|p1b: Wo-Chien\n|-activate|p1b: Wo-Chien|move: Protect\n|\n|-weather|Sandstorm|[upkeep]\n|-damage|p1b: Wo-Chien|82\/100|[from] Sandstorm\n|-damage|p1a: Sinistcha|82\/100|[from] Sandstorm\n|-damage|p2b: Amoonguss|71\/100|[from] Sandstorm\n|-heal|p1b: Wo-Chien|88\/100|[from] item: Leftovers\n|upkeep\n|turn|10\n|inactive|impastabot4000 has 120 seconds left.\n|inactive|sprichangito has 90 seconds left.\n|\n|t:|1696314101\n|switch|p1a: Incineroar|Incineroar, M, tera:Grass|70\/100\n|-damage|p1a: Incineroar|57\/100|[from] Stealth Rock\n|-ability|p1a: Incineroar|Intimidate|boost\n|-unboost|p2a: Excadrill|atk|1\n|-unboost|p2b: Amoonguss|atk|1\n|move|p2a: Excadrill|High Horsepower|p1a: Incineroar\n|-resisted|p1a: Incineroar\n|-damage|p1a: Incineroar|40\/100\n|-damage|p2a: Excadrill|13\/100|[from] item: Life Orb\n|move|p1b: Wo-Chien|Foul Play|p2a: Excadrill\n|-damage|p2a: Excadrill|0 fnt\n|faint|p2a: Excadrill\n|move|p2b: Amoonguss|Pollen Puff|p2: Excadrill|[notarget]\n|-fail|p2b: Amoonguss\n|\n|-weather|none\n|-heal|p1b: Wo-Chien|94\/100|[from] item: Leftovers\n|-sideend|p1: impastabot4000|move: Aurora Veil\n|upkeep\n|\n|t:|1696314118\n|switch|p2a: Flutter Mane|Flutter Mane|100\/100\n|-enditem|p2a: Flutter Mane|Booster Energy\n|-activate|p2a: Flutter Mane|ability: Protosynthesis|[fromitem]\n|-start|p2a: Flutter Mane|protosynthesisspe\n|turn|11\n|inactive|sprichangito has 90 seconds left.\n|\n|t:|1696314137\n|-terastallize|p2a: Flutter Mane|Fairy\n|move|p1b: Wo-Chien|Protect|p1b: Wo-Chien\n|-singleturn|p1b: Wo-Chien|Protect\n|move|p2a: Flutter Mane|Dazzling Gleam|p1b: Wo-Chien|[spread] p1a\n|-activate|p1b: Wo-Chien|move: Protect\n|-damage|p1a: Incineroar|2\/100\n|move|p1a: Incineroar|Parting Shot|p2a: Flutter Mane\n|-unboost|p2a: Flutter Mane|atk|1\n|-unboost|p2a: Flutter Mane|spa|1\n|inactive|impastabot4000 has 120 seconds left.\n|\n|t:|1696314152\n|switch|p1a: Ninetales|Ninetales-Alola, F|71\/100|[from] Parting Shot\n|-damage|p1a: Ninetales|46\/100|[from] Stealth Rock\n|-weather|Snow|[from] ability: Snow Warning|[of] p1a: Ninetales\n|move|p2b: Amoonguss|Spore|p1a: Ninetales\n|-status|p1a: Ninetales|slp|[from] move: Spore\n|\n|-weather|Snow|[upkeep]\n|-heal|p1b: Wo-Chien|100\/100|[from] item: Leftovers\n|upkeep\n|turn|12\n|inactive|sprichangito has 90 seconds left.\n|\n|t:|1696314179\n|cant|p1a: Ninetales|slp\n|move|p2a: Flutter Mane|Moonblast|p1b: Wo-Chien\n|-supereffective|p1b: Wo-Chien\n|-damage|p1b: Wo-Chien|44\/100\n|-unboost|p1b: Wo-Chien|spa|1\n|move|p1b: Wo-Chien|Leech Seed|p2a: Flutter Mane\n|-start|p2a: Flutter Mane|move: Leech Seed\n|move|p2b: Amoonguss|Pollen Puff|p1a: Ninetales\n|-resisted|p1a: Ninetales\n|-damage|p1a: Ninetales|35\/100 slp\n|\n|-weather|Snow|[upkeep]\n|-heal|p1b: Wo-Chien|50\/100|[from] item: Leftovers\n|-damage|p2a: Flutter Mane|88\/100|[from] Leech Seed|[of] p1b: Wo-Chien\n|-heal|p1b: Wo-Chien|59\/100|[silent]\n|upkeep\n|turn|13\n|\n|t:|1696314196\n|move|p1b: Wo-Chien|Protect|p1b: Wo-Chien\n|-singleturn|p1b: Wo-Chien|Protect\n|move|p2a: Flutter Mane|Moonblast|p1b: Wo-Chien\n|-activate|p1b: Wo-Chien|move: Protect\n|cant|p1a: Ninetales|slp\n|move|p2b: Amoonguss|Pollen Puff|p2a: Flutter Mane\n|-heal|p2a: Flutter Mane|100\/100\n|\n|-weather|Snow|[upkeep]\n|-heal|p1b: Wo-Chien|65\/100|[from] item: Leftovers\n|-damage|p2a: Flutter Mane|88\/100|[from] Leech Seed|[of] p1b: Wo-Chien\n|-heal|p1b: Wo-Chien|74\/100|[silent]\n|upkeep\n|turn|14\n|inactive|sprichangito has 120 seconds left.\n|\n|t:|1696314217\n|move|p2a: Flutter Mane|Moonblast|p1b: Wo-Chien\n|-supereffective|p1b: Wo-Chien\n|-damage|p1b: Wo-Chien|24\/100\n|-curestatus|p1a: Ninetales|slp|[msg]\n|move|p1a: Ninetales|Aurora Veil|p1a: Ninetales\n|-sidestart|p1: impastabot4000|move: Aurora Veil\n|move|p1b: Wo-Chien|Pollen Puff|p1a: Ninetales\n|-heal|p1a: Ninetales|85\/100\n|move|p2b: Amoonguss|Spore|p1a: Ninetales\n|-status|p1a: Ninetales|slp|[from] move: Spore\n|\n|-weather|Snow|[upkeep]\n|-heal|p1b: Wo-Chien|30\/100|[from] item: Leftovers\n|-damage|p2a: Flutter Mane|76\/100|[from] Leech Seed|[of] p1b: Wo-Chien\n|-heal|p1b: Wo-Chien|39\/100|[silent]\n|upkeep\n|turn|15\n|inactive|sprichangito has 120 seconds left.\n|\n|t:|1696314242\n|move|p1b: Wo-Chien|Protect|p1b: Wo-Chien\n|-singleturn|p1b: Wo-Chien|Protect\n|move|p2a: Flutter Mane|Dazzling Gleam|p1b: Wo-Chien|[spread] p1a\n|-activate|p1b: Wo-Chien|move: Protect\n|-damage|p1a: Ninetales|62\/100 slp\n|cant|p1a: Ninetales|slp\n|move|p2b: Amoonguss|Pollen Puff|p1b: Wo-Chien\n|-activate|p1b: Wo-Chien|move: Protect\n|\n|-weather|none\n|-heal|p1b: Wo-Chien|45\/100|[from] item: Leftovers\n|-damage|p2a: Flutter Mane|64\/100|[from] Leech Seed|[of] p1b: Wo-Chien\n|-heal|p1b: Wo-Chien|55\/100|[silent]\n|upkeep\n|turn|16\n|inactive|sprichangito has 120 seconds left.\n|\n|t:|1696314278\n|-end|p2a: Flutter Mane|Protosynthesis|[silent]\n|switch|p2a: Tyranitar|Tyranitar, F|100\/100\n|-weather|Sandstorm|[from] ability: Sand Stream|[of] p2a: Tyranitar\n|move|p1b: Wo-Chien|Protect||[still]\n|-fail|p1b: Wo-Chien\n|-curestatus|p1a: Ninetales|slp|[msg]\n|move|p1a: Ninetales|Freeze-Dry|p2b: Amoonguss\n|-supereffective|p2b: Amoonguss\n|-damage|p2b: Amoonguss|28\/100\n|move|p2b: Amoonguss|Pollen Puff|p1b: Wo-Chien\n|-supereffective|p1b: Wo-Chien\n|-damage|p1b: Wo-Chien|26\/100\n|\n|-weather|Sandstorm|[upkeep]\n|-damage|p1a: Ninetales|55\/100|[from] Sandstorm\n|-damage|p1b: Wo-Chien|20\/100|[from] Sandstorm\n|-damage|p2b: Amoonguss|22\/100|[from] Sandstorm\n|-heal|p1b: Wo-Chien|26\/100|[from] item: Leftovers\n|upkeep\n|turn|17\n|inactive|sprichangito has 120 seconds left.\n|\n|t:|1696314300\n|switch|p1a: Incineroar|Incineroar, M, tera:Grass|2\/100\n|-damage|p1a: Incineroar|0 fnt|[from] Stealth Rock\n|faint|p1a: Incineroar\n|switch|p2b: Rillaboom|Rillaboom, F|100\/100\n|-fieldstart|move: Grassy Terrain|[from] ability: Grassy Surge|[of] p2b: Rillaboom\n|move|p1b: Wo-Chien|Protect|p1b: Wo-Chien\n|-singleturn|p1b: Wo-Chien|Protect\n|move|p2a: Tyranitar|Protect||[still]\n|-fail|p2a: Tyranitar\n|\n|-weather|Sandstorm|[upkeep]\n|-damage|p2b: Rillaboom|94\/100|[from] Sandstorm\n|-damage|p1b: Wo-Chien|20\/100|[from] Sandstorm\n|-heal|p2b: Rillaboom|100\/100|[from] Grassy Terrain\n|-heal|p1b: Wo-Chien|26\/100|[from] Grassy Terrain\n|-heal|p1b: Wo-Chien|32\/100|[from] item: Leftovers\n|upkeep\n|inactive|impastabot4000 has 120 seconds left.\n|\n|t:|1696314320\n|switch|p1a: Ninetales|Ninetales-Alola, F|55\/100\n|-damage|p1a: Ninetales|30\/100|[from] Stealth Rock\n|-weather|Snow|[from] ability: Snow Warning|[of] p1a: Ninetales\n|turn|18\n|\n|t:|1696314338\n|move|p1a: Ninetales|Protect|p1a: Ninetales\n|-singleturn|p1a: Ninetales|Protect\n|move|p2b: Rillaboom|Fake Out|p1a: Ninetales\n|-activate|p1a: Ninetales|move: Protect\n|move|p1b: Wo-Chien|Leech Seed|p2a: Tyranitar\n|-start|p2a: Tyranitar|move: Leech Seed\n|move|p2a: Tyranitar|Rock Slide|p1b: Wo-Chien|[spread] p1b\n|-activate|p1a: Ninetales|move: Protect\n|-damage|p1b: Wo-Chien|20\/100\n|\n|-weather|Snow|[upkeep]\n|-heal|p1a: Ninetales|37\/100|[from] Grassy Terrain\n|-heal|p1b: Wo-Chien|26\/100|[from] Grassy Terrain\n|-heal|p1b: Wo-Chien|33\/100|[from] item: Leftovers\n|-damage|p2a: Tyranitar|88\/100|[from] Leech Seed|[of] p1b: Wo-Chien\n|-heal|p1b: Wo-Chien|46\/100|[silent]\n|upkeep\n|turn|19\n|\n|t:|1696314363\n|move|p1a: Ninetales|Freeze-Dry|p2b: Rillaboom\n|-supereffective|p2b: Rillaboom\n|-damage|p2b: Rillaboom|66\/100\n|move|p2b: Rillaboom|U-turn|p1b: Wo-Chien\n|-supereffective|p1b: Wo-Chien\n|-damage|p1b: Wo-Chien|10\/100\n|\n|t:|1696314371\n|switch|p2b: Flutter Mane|Flutter Mane, tera:Fairy|64\/100|[from] U-turn\n|move|p1b: Wo-Chien|Pollen Puff|p1a: Ninetales\n|-heal|p1a: Ninetales|87\/100\n|move|p2a: Tyranitar|Rock Slide|p1a: Ninetales|[spread] p1a\n|-miss|p2a: Tyranitar|p1b: Wo-Chien\n|-supereffective|p1a: Ninetales\n|-damage|p1a: Ninetales|56\/100\n|\n|-weather|Snow|[upkeep]\n|-heal|p2b: Flutter Mane|70\/100|[from] Grassy Terrain\n|-heal|p1a: Ninetales|62\/100|[from] Grassy Terrain\n|-heal|p1b: Wo-Chien|16\/100|[from] Grassy Terrain\n|-heal|p1b: Wo-Chien|22\/100|[from] item: Leftovers\n|-heal|p2a: Tyranitar|94\/100|[from] Grassy Terrain\n|-damage|p2a: Tyranitar|82\/100|[from] Leech Seed|[of] p1b: Wo-Chien\n|-heal|p1b: Wo-Chien|36\/100|[silent]\n|upkeep\n|turn|20\n|\n|t:|1696314395\n|switch|p1a: Sinistcha|Sinistcha-Masterpiece|82\/100\n|-damage|p1a: Sinistcha|70\/100|[from] Stealth Rock\n|-heal|p1b: Wo-Chien|60\/100|[from] ability: Hospitality|[of] p1a: Sinistcha\n|switch|p2a: Amoonguss|Amoonguss, F|55\/100\n|move|p1b: Wo-Chien|Protect|p1b: Wo-Chien\n|-singleturn|p1b: Wo-Chien|Protect\n|move|p2b: Flutter Mane|Moonblast|p1b: Wo-Chien\n|-activate|p1b: Wo-Chien|move: Protect\n|\n|-weather|Snow|[upkeep]\n|-heal|p2b: Flutter Mane|76\/100|[from] Grassy Terrain\n|-heal|p1b: Wo-Chien|67\/100|[from] Grassy Terrain\n|-heal|p1b: Wo-Chien|73\/100|[from] item: Leftovers\n|-heal|p1a: Sinistcha|76\/100|[from] Grassy Terrain\n|-heal|p2a: Amoonguss|61\/100|[from] Grassy Terrain\n|upkeep\n|turn|21\n|\n|t:|1696314421\n|move|p2b: Flutter Mane|Shadow Ball|p1a: Sinistcha\n|-supereffective|p1a: Sinistcha\n|-damage|p1a: Sinistcha|33\/100\n|move|p1b: Wo-Chien|Leech Seed|p2b: Flutter Mane\n|-start|p2b: Flutter Mane|move: Leech Seed\n|move|p1a: Sinistcha|Life Dew|p1a: Sinistcha|[spread] p1a,p1b\n|-heal|p1a: Sinistcha|58\/100\n|-heal|p1b: Wo-Chien|98\/100\n|move|p2a: Amoonguss|Pollen Puff|p2b: Flutter Mane\n|-heal|p2b: Flutter Mane|100\/100\n|\n|-weather|Snow|[upkeep]\n|-heal|p1b: Wo-Chien|100\/100|[from] Grassy Terrain\n|-heal|p1a: Sinistcha|64\/100|[from] Grassy Terrain\n|-heal|p2a: Amoonguss|67\/100|[from] Grassy Terrain\n|-damage|p2b: Flutter Mane|88\/100|[from] Leech Seed|[of] p1b: Wo-Chien\n|-sideend|p1: impastabot4000|move: Aurora Veil\n|-fieldend|move: Grassy Terrain\n|upkeep\n|turn|22\n|inactive|impastabot4000 has 120 seconds left.\n|inactive|sprichangito has 120 seconds left.\n|\n|t:|1696314467\n|move|p1b: Wo-Chien|Protect|p1b: Wo-Chien\n|-singleturn|p1b: Wo-Chien|Protect\n|move|p2b: Flutter Mane|Dazzling Gleam|p1a: Sinistcha|[spread] p1a\n|-activate|p1b: Wo-Chien|move: Protect\n|-damage|p1a: Sinistcha|32\/100\n|move|p1a: Sinistcha|Matcha Gotcha|p2a: Amoonguss|[spread] p2a,p2b\n|-resisted|p2a: Amoonguss\n|-damage|p2a: Amoonguss|62\/100\n|-heal|p1a: Sinistcha|35\/100|[from] drain|[of] p2a: Amoonguss\n|-damage|p2b: Flutter Mane|63\/100\n|-heal|p1a: Sinistcha|45\/100|[from] drain|[of] p2b: Flutter Mane\n|-status|p2b: Flutter Mane|brn\n|move|p2a: Amoonguss|Pollen Puff|p1b: Wo-Chien\n|-activate|p1b: Wo-Chien|move: Protect\n|\n|-weather|none\n|-damage|p2b: Flutter Mane|50\/100 brn|[from] Leech Seed|[of] p1b: Wo-Chien\n|-damage|p2b: Flutter Mane|44\/100 brn|[from] brn\n|upkeep\n|turn|23\n|inactive|sprichangito has 120 seconds left.\n|inactive|impastabot4000 has 120 seconds left.\n|\n|t:|1696314494\n|-end|p2b: Flutter Mane|Protosynthesis|[silent]\n|switch|p2b: Rillaboom|Rillaboom, F|66\/100\n|-fieldstart|move: Grassy Terrain|[from] ability: Grassy Surge|[of] p2b: Rillaboom\n|move|p1b: Wo-Chien|Pollen Puff|p1a: Sinistcha\n|-heal|p1a: Sinistcha|95\/100\n|move|p1a: Sinistcha|Life Dew||[still]|[spread] p1a,p1b\n|-heal|p1a: Sinistcha|100\/100\n|-fail|p1b: Wo-Chien|heal\n|move|p2a: Amoonguss|Pollen Puff|p2b: Rillaboom\n|-heal|p2b: Rillaboom|100\/100\n|\n|-heal|p2a: Amoonguss|68\/100|[from] Grassy Terrain\n|upkeep\n|turn|24\n|inactive|impastabot4000 has 120 seconds left.\n|inactive|sprichangito has 120 seconds left.\n|\n|t:|1696314525\n|switch|p2a: Tyranitar|Tyranitar, F|82\/100\n|-weather|Sandstorm|[from] ability: Sand Stream|[of] p2a: Tyranitar\n|move|p1b: Wo-Chien|Protect|p1b: Wo-Chien\n|-singleturn|p1b: Wo-Chien|Protect\n|move|p2b: Rillaboom|Fake Out|p1a: Sinistcha\n|-immune|p1a: Sinistcha\n|move|p1a: Sinistcha|Matcha Gotcha|p2a: Tyranitar|[spread] p2a,p2b\n|-supereffective|p2a: Tyranitar\n|-resisted|p2b: Rillaboom\n|-damage|p2a: Tyranitar|45\/100\n|-damage|p2b: Rillaboom|91\/100\n|\n|-weather|Sandstorm|[upkeep]\n|-damage|p2b: Rillaboom|85\/100|[from] Sandstorm\n|-damage|p1b: Wo-Chien|94\/100|[from] Sandstorm\n|-damage|p1a: Sinistcha|94\/100|[from] Sandstorm\n|-heal|p2b: Rillaboom|91\/100|[from] Grassy Terrain\n|-heal|p1b: Wo-Chien|100\/100|[from] Grassy Terrain\n|-heal|p2a: Tyranitar|51\/100|[from] Grassy Terrain\n|-heal|p1a: Sinistcha|100\/100|[from] Grassy Terrain\n|upkeep\n|turn|25\n|inactive|impastabot4000 has 120 seconds left.\n|\n|t:|1696314554\n|move|p2b: Rillaboom|U-turn|p1b: Wo-Chien\n|-supereffective|p1b: Wo-Chien\n|-damage|p1b: Wo-Chien|47\/100\n|inactive|sprichangito has 120 seconds left.\n|\n|t:|1696314579\n|switch|p2b: Amoonguss|Amoonguss, F|100\/100|[from] U-turn\n|move|p1b: Wo-Chien|Pollen Puff|p2a: Tyranitar\n|-supereffective|p2a: Tyranitar\n|-damage|p2a: Tyranitar|37\/100\n|move|p2a: Tyranitar|Rock Slide|p1b: Wo-Chien|[spread] p1a\n|-miss|p2a: Tyranitar|p1b: Wo-Chien\n|-damage|p1a: Sinistcha|77\/100\n|cant|p1a: Sinistcha|flinch\n|\n|-weather|Sandstorm|[upkeep]\n|-damage|p1b: Wo-Chien|41\/100|[from] Sandstorm\n|-damage|p1a: Sinistcha|71\/100|[from] Sandstorm\n|-damage|p2b: Amoonguss|94\/100|[from] Sandstorm\n|-heal|p1b: Wo-Chien|47\/100|[from] Grassy Terrain\n|-heal|p1b: Wo-Chien|53\/100|[from] item: Leftovers\n|-heal|p2a: Tyranitar|43\/100|[from] Grassy Terrain\n|-heal|p1a: Sinistcha|77\/100|[from] Grassy Terrain\n|-heal|p2b: Amoonguss|100\/100|[from] Grassy Terrain\n|upkeep\n|turn|26\n|inactive|sprichangito has 120 seconds left.\n|inactive|impastabot4000 has 120 seconds left.\n|\n|t:|1696314617\n|move|p1b: Wo-Chien|Protect|p1b: Wo-Chien\n|-singleturn|p1b: Wo-Chien|Protect\n|move|p2a: Tyranitar|Rock Slide|p1b: Wo-Chien|[spread] p1a\n|-activate|p1b: Wo-Chien|move: Protect\n|-damage|p1a: Sinistcha|55\/100\n|move|p1a: Sinistcha|Life Dew|p1a: Sinistcha|[spread] p1a,p1b\n|-heal|p1a: Sinistcha|80\/100\n|-heal|p1b: Wo-Chien|78\/100\n|move|p2b: Amoonguss|Pollen Puff|p2a: Tyranitar\n|-heal|p2a: Tyranitar|93\/100\n|\n|-weather|Sandstorm|[upkeep]\n|-damage|p1b: Wo-Chien|72\/100|[from] Sandstorm\n|-damage|p1a: Sinistcha|74\/100|[from] Sandstorm\n|-damage|p2b: Amoonguss|94\/100|[from] Sandstorm\n|-heal|p1b: Wo-Chien|78\/100|[from] Grassy Terrain\n|-heal|p1b: Wo-Chien|84\/100|[from] item: Leftovers\n|-heal|p2a: Tyranitar|99\/100|[from] Grassy Terrain\n|-heal|p1a: Sinistcha|80\/100|[from] Grassy Terrain\n|-heal|p2b: Amoonguss|100\/100|[from] Grassy Terrain\n|upkeep\n|turn|27\n|inactive|sprichangito has 120 seconds left.\n|inactive|impastabot4000 has 120 seconds left.\n|\n|t:|1696314650\n|switch|p2a: Flutter Mane|Flutter Mane, tera:Fairy|44\/100 brn\n|move|p1b: Wo-Chien|Pollen Puff|p1a: Sinistcha\n|-heal|p1a: Sinistcha|100\/100\n|move|p1a: Sinistcha|Matcha Gotcha|p2b: Amoonguss|[spread] p2a\n|-miss|p1a: Sinistcha|p2b: Amoonguss\n|-damage|p2a: Flutter Mane|16\/100 brn\n|move|p2b: Amoonguss|Pollen Puff|p2a: Flutter Mane\n|-heal|p2a: Flutter Mane|66\/100 brn\n|\n|-weather|Sandstorm|[upkeep]\n|-damage|p2a: Flutter Mane|60\/100 brn|[from] Sandstorm\n|-damage|p1b: Wo-Chien|78\/100|[from] Sandstorm\n|-damage|p1a: Sinistcha|94\/100|[from] Sandstorm\n|-damage|p2b: Amoonguss|94\/100|[from] Sandstorm\n|-heal|p2a: Flutter Mane|66\/100 brn|[from] Grassy Terrain\n|-heal|p1b: Wo-Chien|84\/100|[from] Grassy Terrain\n|-heal|p1b: Wo-Chien|91\/100|[from] item: Leftovers\n|-heal|p1a: Sinistcha|100\/100|[from] Grassy Terrain\n|-heal|p2b: Amoonguss|100\/100|[from] Grassy Terrain\n|-damage|p2a: Flutter Mane|60\/100 brn|[from] brn\n|-fieldend|move: Grassy Terrain\n|upkeep\n|turn|28\n|inactive|sprichangito has 120 seconds left.\n|inactive|impastabot4000 has 120 seconds left.\n|inactive|impastabot4000 has 90 seconds left.\n|\n|t:|1696314705\n|move|p1b: Wo-Chien|Protect|p1b: Wo-Chien\n|-singleturn|p1b: Wo-Chien|Protect\n|move|p2a: Flutter Mane|Moonblast|p1b: Wo-Chien\n|-activate|p1b: Wo-Chien|move: Protect\n|move|p2b: Amoonguss|Pollen Puff|p1b: Wo-Chien\n|-activate|p1b: Wo-Chien|move: Protect\n|move|p1a: Sinistcha|Trick Room|p1a: Sinistcha\n|-fieldstart|move: Trick Room|[of] p1a: Sinistcha\n|-enditem|p1a: Sinistcha|Room Service\n|-unboost|p1a: Sinistcha|spe|1|[from] item: Room Service\n|\n|-weather|none\n|-heal|p1b: Wo-Chien|97\/100|[from] item: Leftovers\n|-damage|p2a: Flutter Mane|53\/100 brn|[from] brn\n|upkeep\n|turn|29\n|inactive|sprichangito has 120 seconds left.\n|inactive|impastabot4000 has 90 seconds left.\n|\n|t:|1696314736\n|-end|p2a: Flutter Mane|Protosynthesis|[silent]\n|switch|p2a: Rillaboom|Rillaboom, F|91\/100\n|-fieldstart|move: Grassy Terrain|[from] ability: Grassy Surge|[of] p2a: Rillaboom\n|move|p1a: Sinistcha|Rage Powder|p1a: Sinistcha\n|-singleturn|p1a: Sinistcha|move: Rage Powder\n|move|p2b: Amoonguss|Pollen Puff|p1b: Wo-Chien\n|-supereffective|p1b: Wo-Chien\n|-damage|p1b: Wo-Chien|49\/100\n|move|p1b: Wo-Chien|Leech Seed|p2a: Rillaboom\n|-immune|p2a: Rillaboom\n|\n|-heal|p1b: Wo-Chien|55\/100|[from] Grassy Terrain\n|-heal|p1b: Wo-Chien|61\/100|[from] item: Leftovers\n|-heal|p2a: Rillaboom|97\/100|[from] Grassy Terrain\n|upkeep\n|turn|30\n|\n|t:|1696314773\n|move|p1b: Wo-Chien|Protect|p1b: Wo-Chien\n|-singleturn|p1b: Wo-Chien|Protect\n|move|p2a: Rillaboom|Fake Out|p1b: Wo-Chien\n|-activate|p1b: Wo-Chien|move: Protect\n|move|p1a: Sinistcha|Matcha Gotcha|p2b: Amoonguss|[spread] p2a,p2b\n|-resisted|p2a: Rillaboom\n|-resisted|p2b: Amoonguss\n|-damage|p2a: Rillaboom|87\/100\n|-damage|p2b: Amoonguss|94\/100\n|move|p2b: Amoonguss|Pollen Puff|p1b: Wo-Chien\n|-activate|p1b: Wo-Chien|move: Protect\n|\n|-heal|p2b: Amoonguss|100\/100|[from] Grassy Terrain\n|-heal|p1b: Wo-Chien|67\/100|[from] Grassy Terrain\n|-heal|p1b: Wo-Chien|73\/100|[from] item: Leftovers\n|-heal|p2a: Rillaboom|93\/100|[from] Grassy Terrain\n|upkeep\n|turn|31\n|\n|t:|1696314799\n|switch|p1b: Ninetales|Ninetales-Alola, F|62\/100\n|-damage|p1b: Ninetales|37\/100|[from] Stealth Rock\n|-weather|Snow|[from] ability: Snow Warning|[of] p1b: Ninetales\n|move|p2b: Amoonguss|Pollen Puff|p1b: Ninetales\n|-resisted|p1b: Ninetales\n|-damage|p1b: Ninetales|27\/100\n|move|p2a: Rillaboom|Stomping Tantrum|p1b: Ninetales\n|-damage|p1b: Ninetales|2\/100\n|move|p1a: Sinistcha|Trick Room|p1a: Sinistcha\n|-fieldend|move: Trick Room\n|\n|-weather|Snow|[upkeep]\n|-heal|p1b: Ninetales|8\/100|[from] Grassy Terrain\n|-heal|p2a: Rillaboom|99\/100|[from] Grassy Terrain\n|upkeep\n|turn|32\n|inactive|sprichangito has 120 seconds left.\n|inactive|sprichangito has 90 seconds left.\n|\n|t:|1696314861\n|move|p1b: Ninetales|Aurora Veil|p1b: Ninetales\n|-sidestart|p1: impastabot4000|move: Aurora Veil\n|move|p2a: Rillaboom|U-turn|p1b: Ninetales\n|-resisted|p1b: Ninetales\n|-damage|p1b: Ninetales|0 fnt\n|faint|p1b: Ninetales\n|inactive|sprichangito has 60 seconds left.\n|\n|t:|1696314872\n|switch|p2a: Tyranitar|Tyranitar, F|99\/100|[from] U-turn\n|-weather|Sandstorm|[from] ability: Sand Stream|[of] p2a: Tyranitar\n|move|p2b: Amoonguss|Pollen Puff|p1a: Sinistcha\n|-damage|p1a: Sinistcha|90\/100\n|move|p1a: Sinistcha|Matcha Gotcha|p2a: Tyranitar|[spread] p2a,p2b\n|-supereffective|p2a: Tyranitar\n|-resisted|p2b: Amoonguss\n|-damage|p2a: Tyranitar|62\/100\n|-heal|p1a: Sinistcha|100\/100|[from] drain|[of] p2a: Tyranitar\n|-damage|p2b: Amoonguss|94\/100\n|\n|-weather|Sandstorm|[upkeep]\n|-damage|p2b: Amoonguss|88\/100|[from] Sandstorm\n|-damage|p1a: Sinistcha|94\/100|[from] Sandstorm\n|-heal|p2a: Tyranitar|68\/100|[from] Grassy Terrain\n|-heal|p2b: Amoonguss|94\/100|[from] Grassy Terrain\n|-heal|p1a: Sinistcha|100\/100|[from] Grassy Terrain\n|upkeep\n|inactive|impastabot4000 has 90 seconds left.\n|\n|t:|1696314893\n|switch|p1b: Landorus|Landorus, M|100\/100\n|-damage|p1b: Landorus|88\/100|[from] Stealth Rock\n|turn|33\n|\n|t:|1696314906\n|move|p1b: Landorus|Taunt|p2b: Amoonguss\n|-start|p2b: Amoonguss|move: Taunt\n|move|p2a: Tyranitar|Rock Slide|p1b: Landorus|[spread] p1b\n|-miss|p2a: Tyranitar|p1a: Sinistcha\n|-damage|p1b: Landorus|64\/100\n|move|p2b: Amoonguss|Pollen Puff|p2a: Tyranitar\n|-heal|p2a: Tyranitar|100\/100\n|move|p1a: Sinistcha|Matcha Gotcha|p2b: Amoonguss|[spread] p2a,p2b\n|-supereffective|p2a: Tyranitar\n|-resisted|p2b: Amoonguss\n|-damage|p2a: Tyranitar|68\/100\n|-damage|p2b: Amoonguss|88\/100\n|\n|-weather|Sandstorm|[upkeep]\n|-damage|p2b: Amoonguss|82\/100|[from] Sandstorm\n|-damage|p1a: Sinistcha|94\/100|[from] Sandstorm\n|-heal|p2a: Tyranitar|75\/100|[from] Grassy Terrain\n|-heal|p2b: Amoonguss|88\/100|[from] Grassy Terrain\n|-heal|p1a: Sinistcha|100\/100|[from] Grassy Terrain\n|-fieldend|move: Grassy Terrain\n|upkeep\n|turn|34\n|inactive|impastabot4000 has 120 seconds left.\n|inactive|sprichangito has 90 seconds left.\n|\n|t:|1696314935\n|switch|p1a: Wo-Chien|Wo-Chien|73\/100\n|-damage|p1a: Wo-Chien|61\/100|[from] Stealth Rock\n|-ability|p1a: Wo-Chien|Tablets of Ruin\n|move|p1b: Landorus|Stealth Rock|p2b: Amoonguss\n|-sidestart|p2: sprichangito|move: Stealth Rock\n|move|p2a: Tyranitar|Rock Slide|p1b: Landorus|[spread] p1a,p1b\n|-damage|p1a: Wo-Chien|49\/100\n|-damage|p1b: Landorus|47\/100\n|move|p2b: Amoonguss|Pollen Puff|p2a: Tyranitar\n|-heal|p2a: Tyranitar|100\/100\n|\n|-weather|Sandstorm|[upkeep]\n|-damage|p1a: Wo-Chien|42\/100|[from] Sandstorm\n|-damage|p2b: Amoonguss|82\/100|[from] Sandstorm\n|-heal|p1a: Wo-Chien|49\/100|[from] item: Leftovers\n|upkeep\n|turn|35\n|inactive|impastabot4000 has 120 seconds left.\n|inactive|sprichangito has 90 seconds left.\n|\n|t:|1696314968\n|switch|p1a: Sinistcha|Sinistcha-Masterpiece|100\/100\n|-damage|p1a: Sinistcha|88\/100|[from] Stealth Rock\n|-heal|p1b: Landorus|72\/100|[from] ability: Hospitality|[of] p1a: Sinistcha\n|switch|p2a: Rillaboom|Rillaboom, F|99\/100\n|-damage|p2a: Rillaboom|87\/100|[from] Stealth Rock\n|-fieldstart|move: Grassy Terrain|[from] ability: Grassy Surge|[of] p2a: Rillaboom\n|move|p1b: Landorus|Sandsear Storm|p2a: Rillaboom|[spread] p2a,p2b\n|-resisted|p2a: Rillaboom\n|-damage|p2a: Rillaboom|67\/100\n|-damage|p2b: Amoonguss|30\/100\n|move|p2b: Amoonguss|Pollen Puff|p1a: Sinistcha\n|-crit|p1a: Sinistcha\n|-damage|p1a: Sinistcha|66\/100\n|\n|-weather|Sandstorm|[upkeep]\n|-damage|p2a: Rillaboom|61\/100|[from] Sandstorm\n|-damage|p1a: Sinistcha|59\/100|[from] Sandstorm\n|-damage|p2b: Amoonguss|24\/100|[from] Sandstorm\n|-heal|p2a: Rillaboom|67\/100|[from] Grassy Terrain\n|-heal|p1a: Sinistcha|66\/100|[from] Grassy Terrain\n|-heal|p2b: Amoonguss|30\/100|[from] Grassy Terrain\n|-end|p2b: Amoonguss|move: Taunt\n|upkeep\n|turn|36\n|inactive|impastabot4000 has 120 seconds left.\n|inactive|sprichangito has 90 seconds left.\n|\n|t:|1696314998\n|move|p1b: Landorus|Protect|p1b: Landorus\n|-singleturn|p1b: Landorus|Protect\n|move|p2a: Rillaboom|Fake Out|p1b: Landorus\n|-activate|p1b: Landorus|move: Protect\n|move|p1a: Sinistcha|Matcha Gotcha|p2a: Rillaboom|[spread] p2a,p2b\n|-resisted|p2a: Rillaboom\n|-resisted|p2b: Amoonguss\n|-damage|p2a: Rillaboom|57\/100\n|-heal|p1a: Sinistcha|71\/100|[from] drain|[of] p2a: Rillaboom\n|-damage|p2b: Amoonguss|24\/100\n|-heal|p1a: Sinistcha|75\/100|[from] drain|[of] p2b: Amoonguss\n|move|p2b: Amoonguss|Spore|p1b: Landorus\n|-activate|p1b: Landorus|move: Protect\n|\n|-weather|none\n|-heal|p2a: Rillaboom|64\/100|[from] Grassy Terrain\n|-heal|p1a: Sinistcha|81\/100|[from] Grassy Terrain\n|-heal|p2b: Amoonguss|30\/100|[from] Grassy Terrain\n|upkeep\n|turn|37\n|inactive|impastabot4000 has 120 seconds left.\n|\n|t:|1696315023\n|switch|p2b: Tyranitar|Tyranitar, F|100\/100\n|-damage|p2b: Tyranitar|88\/100|[from] Stealth Rock\n|-weather|Sandstorm|[from] ability: Sand Stream|[of] p2b: Tyranitar\n|move|p1b: Landorus|Taunt|p2b: Tyranitar\n|-start|p2b: Tyranitar|move: Taunt\n|move|p2a: Rillaboom|Stomping Tantrum|p1a: Sinistcha\n|-resisted|p1a: Sinistcha\n|-damage|p1a: Sinistcha|74\/100\n|move|p1a: Sinistcha|Life Dew|p1a: Sinistcha|[spread] p1a,p1b\n|-heal|p1a: Sinistcha|99\/100\n|-heal|p1b: Landorus|97\/100\n|\n|-weather|Sandstorm|[upkeep]\n|-damage|p2a: Rillaboom|57\/100|[from] Sandstorm\n|-damage|p1a: Sinistcha|93\/100|[from] Sandstorm\n|-heal|p2a: Rillaboom|64\/100|[from] Grassy Terrain\n|-heal|p2b: Tyranitar|94\/100|[from] Grassy Terrain\n|-heal|p1a: Sinistcha|99\/100|[from] Grassy Terrain\n|upkeep\n|turn|38\n|inactive|impastabot4000 has 120 seconds left.\n|\n|t:|1696315045\n|move|p1b: Landorus|Sandsear Storm|p2a: Rillaboom|[spread] \n|-miss|p1b: Landorus|p2a: Rillaboom\n|-miss|p1b: Landorus|p2b: Tyranitar\n|move|p2a: Rillaboom|Wood Hammer|p1b: Landorus\n|-damage|p1b: Landorus|38\/100\n|-damage|p2a: Rillaboom|48\/100|[from] Recoil\n|move|p2b: Tyranitar|Rock Slide|p1a: Sinistcha|[spread] p1a,p1b\n|-damage|p1a: Sinistcha|79\/100\n|-damage|p1b: Landorus|13\/100\n|move|p1a: Sinistcha|Matcha Gotcha|p2a: Rillaboom|[spread] p2a,p2b\n|-resisted|p2a: Rillaboom\n|-supereffective|p2b: Tyranitar\n|-damage|p2a: Rillaboom|38\/100\n|-heal|p1a: Sinistcha|86\/100|[from] drain|[of] p2a: Rillaboom\n|-damage|p2b: Tyranitar|59\/100\n|-heal|p1a: Sinistcha|100\/100|[from] drain|[of] p2b: Tyranitar\n|-status|p2b: Tyranitar|brn\n|\n|-weather|Sandstorm|[upkeep]\n|-damage|p2a: Rillaboom|31\/100|[from] Sandstorm\n|-damage|p1a: Sinistcha|94\/100|[from] Sandstorm\n|-heal|p2a: Rillaboom|38\/100|[from] Grassy Terrain\n|-heal|p2b: Tyranitar|65\/100 brn|[from] Grassy Terrain\n|-heal|p1a: Sinistcha|100\/100|[from] Grassy Terrain\n|-damage|p2b: Tyranitar|59\/100 brn|[from] brn\n|upkeep\n|turn|39\n|inactive|sprichangito has 120 seconds left.\n|inactive|impastabot4000 has 120 seconds left.\n|\n|t:|1696315078\n|move|p1b: Landorus|Protect|p1b: Landorus\n|-singleturn|p1b: Landorus|Protect\n|move|p2a: Rillaboom|U-turn|p1b: Landorus\n|-activate|p1b: Landorus|move: Protect\n|move|p2b: Tyranitar|Rock Slide|p1b: Landorus|[spread] \n|-activate|p1b: Landorus|move: Protect\n|-miss|p2b: Tyranitar|p1a: Sinistcha\n|move|p1a: Sinistcha|Life Dew||[still]|[spread] p1a,p1b\n|-fail|p1a: Sinistcha|heal\n|-heal|p1b: Landorus|38\/100\n|\n|-weather|Sandstorm|[upkeep]\n|-damage|p2a: Rillaboom|31\/100|[from] Sandstorm\n|-damage|p1a: Sinistcha|94\/100|[from] Sandstorm\n|-heal|p2a: Rillaboom|38\/100|[from] Grassy Terrain\n|-heal|p2b: Tyranitar|65\/100 brn|[from] Grassy Terrain\n|-heal|p1a: Sinistcha|100\/100|[from] Grassy Terrain\n|-damage|p2b: Tyranitar|59\/100 brn|[from] brn\n|-end|p2b: Tyranitar|move: Taunt\n|-sideend|p1: impastabot4000|move: Aurora Veil\n|-fieldend|move: Grassy Terrain\n|upkeep\n|turn|40\n|inactive|impastabot4000 has 120 seconds left.\n|\n|t:|1696315105\n|switch|p1b: Wo-Chien|Wo-Chien|49\/100\n|-damage|p1b: Wo-Chien|36\/100|[from] Stealth Rock\n|-ability|p1b: Wo-Chien|Tablets of Ruin\n|move|p2a: Rillaboom|Wood Hammer|p1b: Wo-Chien\n|-resisted|p1b: Wo-Chien\n|-damage|p1b: Wo-Chien|20\/100\n|-damage|p2a: Rillaboom|33\/100|[from] Recoil\n|move|p2b: Tyranitar|Rock Slide|p1b: Wo-Chien|[spread] p1b\n|-miss|p2b: Tyranitar|p1a: Sinistcha\n|-damage|p1b: Wo-Chien|11\/100\n|move|p1a: Sinistcha|Matcha Gotcha|p2a: Rillaboom|[spread] p2a,p2b\n|-resisted|p2a: Rillaboom\n|-supereffective|p2b: Tyranitar\n|-damage|p2a: Rillaboom|25\/100\n|-damage|p2b: Tyranitar|32\/100 brn\n|\n|-weather|Sandstorm|[upkeep]\n|-damage|p2a: Rillaboom|19\/100|[from] Sandstorm\n|-damage|p1b: Wo-Chien|5\/100|[from] Sandstorm\n|-damage|p1a: Sinistcha|94\/100|[from] Sandstorm\n|-heal|p1b: Wo-Chien|11\/100|[from] item: Leftovers\n|-damage|p2b: Tyranitar|25\/100 brn|[from] brn\n|upkeep\n|turn|41\n|inactive|impastabot4000 has 120 seconds left.\n|\n|t:|1696315127\n|move|p1b: Wo-Chien|Protect|p1b: Wo-Chien\n|-singleturn|p1b: Wo-Chien|Protect\n|move|p2a: Rillaboom|U-turn|p1b: Wo-Chien\n|-activate|p1b: Wo-Chien|move: Protect\n|move|p2b: Tyranitar|Rock Slide|p1a: Sinistcha|[spread] p1a\n|-activate|p1b: Wo-Chien|move: Protect\n|-damage|p1a: Sinistcha|83\/100\n|move|p1a: Sinistcha|Life Dew|p1a: Sinistcha|[spread] p1a,p1b\n|-heal|p1a: Sinistcha|100\/100\n|-heal|p1b: Wo-Chien|36\/100\n|\n|-weather|none\n|-heal|p1b: Wo-Chien|42\/100|[from] item: Leftovers\n|-damage|p2b: Tyranitar|19\/100 brn|[from] brn\n|upkeep\n|turn|42\n|inactive|impastabot4000 has 120 seconds left.\n|\n|t:|1696315161\n|switch|p1b: Landorus|Landorus, M|38\/100\n|-damage|p1b: Landorus|26\/100|[from] Stealth Rock\n|move|p2a: Rillaboom|U-turn|p1b: Landorus\n|-resisted|p1b: Landorus\n|-damage|p1b: Landorus|13\/100\n|\n|t:|1696315168\n|switch|p2a: Amoonguss|Amoonguss, F|63\/100|[from] U-turn\n|-damage|p2a: Amoonguss|51\/100|[from] Stealth Rock\n|move|p2b: Tyranitar|Rock Slide|p1b: Landorus|[spread] p1a,p1b\n|-damage|p1a: Sinistcha|86\/100\n|-damage|p1b: Landorus|0 fnt\n|faint|p1b: Landorus\n|cant|p1a: Sinistcha|flinch\n|\n|-damage|p2b: Tyranitar|13\/100 brn|[from] brn\n|upkeep\n|inactive|impastabot4000 has 120 seconds left.\n|\n|t:|1696315181\n|switch|p1b: Kommo-o|Kommo-o, F|47\/100\n|-damage|p1b: Kommo-o|41\/100|[from] Stealth Rock\n|turn|43\n|inactive|impastabot4000 has 120 seconds left.\n|\n|t:|1696315212\n|move|p2b: Tyranitar|Protect|p2b: Tyranitar\n|-singleturn|p2b: Tyranitar|Protect\n|move|p1b: Kommo-o|Vacuum Wave|p2b: Tyranitar\n|-activate|p2b: Tyranitar|move: Protect\n|move|p1a: Sinistcha|Life Dew|p1a: Sinistcha|[spread] p1a,p1b\n|-heal|p1a: Sinistcha|100\/100\n|-heal|p1b: Kommo-o|66\/100\n|move|p2a: Amoonguss|Spore|p1b: Kommo-o\n|-status|p1b: Kommo-o|slp|[from] move: Spore\n|\n|-damage|p2b: Tyranitar|7\/100 brn|[from] brn\n|upkeep\n|turn|44\n|inactive|sprichangito has 120 seconds left.\n|\n|t:|1696315251\n|switch|p1b: Wo-Chien|Wo-Chien|42\/100\n|-damage|p1b: Wo-Chien|30\/100|[from] Stealth Rock\n|-ability|p1b: Wo-Chien|Tablets of Ruin\n|move|p2b: Tyranitar|High Horsepower|p1b: Wo-Chien\n|-resisted|p1b: Wo-Chien\n|-damage|p1b: Wo-Chien|24\/100\n|move|p1a: Sinistcha|Life Dew||[still]|[spread] p1a,p1b\n|-fail|p1a: Sinistcha|heal\n|-heal|p1b: Wo-Chien|49\/100\n|move|p2a: Amoonguss|Spore||[still]\n|-fail|p2a: Amoonguss\n|\n|-heal|p1b: Wo-Chien|56\/100|[from] item: Leftovers\n|-damage|p2b: Tyranitar|1\/100 brn|[from] brn\n|upkeep\n|turn|45\n|inactive|sprichangito has 120 seconds left.\n|\n|t:|1696315284\n|move|p1b: Wo-Chien|Protect|p1b: Wo-Chien\n|-singleturn|p1b: Wo-Chien|Protect\n|move|p2b: Tyranitar|Rock Slide|p1b: Wo-Chien|[spread] p1a\n|-activate|p1b: Wo-Chien|move: Protect\n|-damage|p1a: Sinistcha|89\/100\n|move|p1a: Sinistcha|Matcha Gotcha|p2b: Tyranitar|[spread] p2a,p2b\n|-resisted|p2a: Amoonguss\n|-supereffective|p2b: Tyranitar\n|-damage|p2a: Amoonguss|46\/100\n|-heal|p1a: Sinistcha|92\/100|[from] drain|[of] p2a: Amoonguss\n|-damage|p2b: Tyranitar|0 fnt\n|-heal|p1a: Sinistcha|92\/100|[from] drain|[of] p2b: Tyranitar\n|faint|p2b: Tyranitar\n|move|p2a: Amoonguss|Pollen Puff|p2: Tyranitar|[notarget]\n|-fail|p2a: Amoonguss\n|\n|-heal|p1b: Wo-Chien|62\/100|[from] item: Leftovers\n|upkeep\n|\n|t:|1696315287\n|switch|p2b: Rillaboom|Rillaboom, F|19\/100\n|-damage|p2b: Rillaboom|7\/100|[from] Stealth Rock\n|-fieldstart|move: Grassy Terrain|[from] ability: Grassy Surge|[of] p2b: Rillaboom\n|turn|46\n|\n|t:|1696315307\n|switch|p1b: Kommo-o|Kommo-o, F|66\/100 slp\n|-damage|p1b: Kommo-o|60\/100 slp|[from] Stealth Rock\n|move|p2b: Rillaboom|Fake Out|p1b: Kommo-o\n|-damage|p1b: Kommo-o|50\/100 slp\n|move|p1a: Sinistcha|Matcha Gotcha|p2b: Rillaboom|[spread] p2a,p2b\n|-resisted|p2a: Amoonguss\n|-resisted|p2b: Rillaboom\n|-damage|p2a: Amoonguss|39\/100\n|-heal|p1a: Sinistcha|97\/100|[from] drain|[of] p2a: Amoonguss\n|-damage|p2b: Rillaboom|0 fnt\n|-heal|p1a: Sinistcha|100\/100|[from] drain|[of] p2b: Rillaboom\n|faint|p2b: Rillaboom\n|move|p2a: Amoonguss|Pollen Puff|p2: Rillaboom|[notarget]\n|-fail|p2a: Amoonguss\n|\n|-heal|p1b: Kommo-o|56\/100 slp|[from] Grassy Terrain\n|-heal|p2a: Amoonguss|45\/100|[from] Grassy Terrain\n|upkeep\n|inactive|sprichangito has 120 seconds left.\n|\n|t:|1696315324\n|switch|p2b: Flutter Mane|Flutter Mane, tera:Fairy|53\/100 brn\n|-damage|p2b: Flutter Mane|41\/100 brn|[from] Stealth Rock\n|turn|47\n|inactive|sprichangito has 120 seconds left.\n|\n|t:|1696315350\n|move|p2b: Flutter Mane|Moonblast|p1b: Kommo-o\n|-supereffective|p1b: Kommo-o\n|-damage|p1b: Kommo-o|0 fnt\n|faint|p1b: Kommo-o\n|move|p1a: Sinistcha|Matcha Gotcha|p2a: Amoonguss|[spread] p2a,p2b\n|-resisted|p2a: Amoonguss\n|-damage|p2a: Amoonguss|39\/100\n|-damage|p2b: Flutter Mane|9\/100 brn\n|move|p2a: Amoonguss|Pollen Puff|p2b: Flutter Mane\n|-heal|p2b: Flutter Mane|59\/100 brn\n|\n|-heal|p2b: Flutter Mane|65\/100 brn|[from] Grassy Terrain\n|-heal|p2a: Amoonguss|45\/100|[from] Grassy Terrain\n|-damage|p2b: Flutter Mane|59\/100 brn|[from] brn\n|upkeep\n|\n|t:|1696315364\n|switch|p1b: Wo-Chien|Wo-Chien|62\/100\n|-damage|p1b: Wo-Chien|49\/100|[from] Stealth Rock\n|-ability|p1b: Wo-Chien|Tablets of Ruin\n|turn|48\n|\n|t:|1696315376\n|move|p1b: Wo-Chien|Protect|p1b: Wo-Chien\n|-singleturn|p1b: Wo-Chien|Protect\n|move|p2b: Flutter Mane|Shadow Ball|p1a: Sinistcha\n|-supereffective|p1a: Sinistcha\n|-damage|p1a: Sinistcha|33\/100\n|move|p1a: Sinistcha|Life Dew|p1a: Sinistcha|[spread] p1a,p1b\n|-heal|p1a: Sinistcha|58\/100\n|-heal|p1b: Wo-Chien|75\/100\n|move|p2a: Amoonguss|Pollen Puff|p2b: Flutter Mane\n|-heal|p2b: Flutter Mane|100\/100 brn\n|\n|-heal|p1b: Wo-Chien|81\/100|[from] Grassy Terrain\n|-heal|p1b: Wo-Chien|87\/100|[from] item: Leftovers\n|-heal|p1a: Sinistcha|64\/100|[from] Grassy Terrain\n|-heal|p2a: Amoonguss|51\/100|[from] Grassy Terrain\n|-damage|p2b: Flutter Mane|94\/100 brn|[from] brn\n|upkeep\n|turn|49\n|\n|t:|1696315404\n|move|p2b: Flutter Mane|Shadow Ball|p1a: Sinistcha\n|-supereffective|p1a: Sinistcha\n|-damage|p1a: Sinistcha|1\/100\n|move|p1b: Wo-Chien|Leech Seed|p2b: Flutter Mane\n|-start|p2b: Flutter Mane|move: Leech Seed\n|move|p1a: Sinistcha|Matcha Gotcha|p2b: Flutter Mane|[spread] p2a,p2b\n|-resisted|p2a: Amoonguss\n|-crit|p2b: Flutter Mane\n|-damage|p2a: Amoonguss|44\/100\n|-heal|p1a: Sinistcha|5\/100|[from] drain|[of] p2a: Amoonguss\n|-damage|p2b: Flutter Mane|46\/100 brn\n|-heal|p1a: Sinistcha|24\/100|[from] drain|[of] p2b: Flutter Mane\n|-status|p2a: Amoonguss|brn\n|move|p2a: Amoonguss|Clear Smog|p1a: Sinistcha\n|-damage|p1a: Sinistcha|11\/100\n|-clearboost|p1a: Sinistcha\n|\n|-heal|p2b: Flutter Mane|52\/100 brn|[from] Grassy Terrain\n|-heal|p1b: Wo-Chien|93\/100|[from] Grassy Terrain\n|-heal|p1b: Wo-Chien|99\/100|[from] item: Leftovers\n|-heal|p1a: Sinistcha|18\/100|[from] Grassy Terrain\n|-heal|p2a: Amoonguss|50\/100 brn|[from] Grassy Terrain\n|-damage|p2b: Flutter Mane|40\/100 brn|[from] Leech Seed|[of] p1b: Wo-Chien\n|-heal|p1b: Wo-Chien|100\/100|[silent]\n|-damage|p2b: Flutter Mane|34\/100 brn|[from] brn\n|-damage|p2a: Amoonguss|44\/100 brn|[from] brn\n|upkeep\n|turn|50\n|inactive|impastabot4000 has 120 seconds left.\n|\n|t:|1696315439\n|move|p2b: Flutter Mane|Dazzling Gleam|p1b: Wo-Chien|[spread] p1a,p1b\n|-supereffective|p1b: Wo-Chien\n|-damage|p1a: Sinistcha|0 fnt\n|-damage|p1b: Wo-Chien|48\/100\n|faint|p1a: Sinistcha\n|move|p1b: Wo-Chien|Foul Play|p2a: Amoonguss\n|-damage|p2a: Amoonguss|26\/100 brn\n|move|p2a: Amoonguss|Clear Smog|p1b: Wo-Chien\n|-supereffective|p1b: Wo-Chien\n|-damage|p1b: Wo-Chien|27\/100\n|-clearboost|p1b: Wo-Chien\n|\n|-heal|p2b: Flutter Mane|40\/100 brn|[from] Grassy Terrain\n|-heal|p1b: Wo-Chien|33\/100|[from] Grassy Terrain\n|-heal|p1b: Wo-Chien|40\/100|[from] item: Leftovers\n|-heal|p2a: Amoonguss|32\/100 brn|[from] Grassy Terrain\n|-damage|p2b: Flutter Mane|28\/100 brn|[from] Leech Seed|[of] p1b: Wo-Chien\n|-heal|p1b: Wo-Chien|49\/100|[silent]\n|-damage|p2b: Flutter Mane|22\/100 brn|[from] brn\n|-damage|p2a: Amoonguss|26\/100 brn|[from] brn\n|-fieldend|move: Grassy Terrain\n|upkeep\n|turn|51\n|c|\u2606impastabot4000|gg\n|-message|impastabot4000 forfeited.\n|\n|win|sprichangito\n|raw|impastabot4000's rating: 1181 &rarr; <strong>1147<\/strong><br \/>(-34 for losing)\n|raw|sprichangito's rating: 1050 &rarr; <strong>1094<\/strong><br \/>(+44 for winning)\n|l|\u2606sprichangito\n","uploadtime":1696315470,"views":9,"p1id":"impastabot4000","p2id":"sprichangito","formatid":"gen9nationaldexdoubles","rating":1094,"private":0,"password":""}