{"id":"gen9nationaldexdoubles-1994512787","p1":"Shiny_Hero64","p2":"Ryan1Baek","format":"[Gen 9] National Dex Doubles","log":"|j|\u2606Shiny_Hero64\n|j|\u2606Ryan1Baek\n|t:|1700452865\n|gametype|doubles\n|player|p1|Shiny_Hero64|n-masters3|\n|player|p2|Ryan1Baek|carmine|\n|teamsize|p1|6\n|teamsize|p2|6\n|gen|9\n|tier|[Gen 9] National Dex Doubles\n|rule|HP Percentage Mod: HP is shown in percentages\n|rule|Endless Battle Clause: Forcing endless battles is banned\n|rule|OHKO Clause: OHKO moves are banned\n|rule|Evasion Moves Clause: Evasion moves are banned\n|rule|Evasion Abilities Clause: Evasion abilities are banned\n|rule|Species Clause: Limit one of each Pok\u00e9mon\n|rule|Gravity Sleep Clause: The combination of sleep-inducing moves with imperfect accuracy and Gravity or Gigantamax Orbeetle are banned\n|clearpoke\n|poke|p1|Indeedee-F, F|\n|poke|p1|Chien-Pao|\n|poke|p1|Alakazam, M|\n|poke|p1|Sneasler, F|\n|poke|p1|Ursaluna-Bloodmoon, M|\n|poke|p1|Deoxys-Attack|\n|poke|p2|Blastoise, F|\n|poke|p2|Indeedee-F, F|\n|poke|p2|Sneasler, F|\n|poke|p2|Landorus-Therian, M|\n|poke|p2|Heatran, M|\n|poke|p2|Sinistcha-Masterpiece|\n|teampreview\n|j| TestudoJK\n|j| Eliminathan\n|\n|t:|1700452883\n|start\n|switch|p1a: Indeedee|Indeedee-F, F|100\/100\n|switch|p1b: Fred bear|Ursaluna-Bloodmoon, M|100\/100\n|switch|p2a: Landorus|Landorus-Therian, M, shiny|100\/100\n|switch|p2b: Sneasler|Sneasler, F|100\/100\n|-ability|p2a: Landorus|Intimidate|boost\n|-unboost|p1a: Indeedee|atk|1\n|-unboost|p1b: Fred bear|atk|1\n|-fieldstart|move: Psychic Terrain|[from] ability: Psychic Surge|[of] p1a: Indeedee\n|-enditem|p2b: Sneasler|Psychic Seed\n|-boost|p2b: Sneasler|spd|1|[from] item: Psychic Seed\n|turn|1\n|\n|t:|1700452899\n|-terastallize|p2b: Sneasler|Flying\n|move|p1b: Fred bear|Protect|p1b: Fred bear\n|-singleturn|p1b: Fred bear|Protect\n|move|p2b: Sneasler|Dire Claw|p1b: Fred bear\n|-activate|p1b: Fred bear|move: Protect\n|move|p2a: Landorus|U-turn|p1a: Indeedee\n|-supereffective|p1a: Indeedee\n|-damage|p1a: Indeedee|54\/100\n|\n|t:|1700452912\n|switch|p2a: Sinistcha|Sinistcha-Masterpiece, shiny|100\/100|[from] U-turn\n|move|p1a: Indeedee|Trick Room|p1a: Indeedee\n|-fieldstart|move: Trick Room|[of] p1a: Indeedee\n|\n|upkeep\n|turn|2\n|\n|t:|1700452934\n|switch|p2b: Landorus|Landorus-Therian, M, shiny|100\/100\n|-ability|p2b: Landorus|Intimidate|boost\n|-unboost|p1a: Indeedee|atk|1\n|-unboost|p1b: Fred bear|atk|1\n|move|p1a: Indeedee|Follow Me|p1a: Indeedee\n|-singleturn|p1a: Indeedee|move: Follow Me\n|move|p1b: Fred bear|Calm Mind|p1b: Fred bear\n|-boost|p1b: Fred bear|spa|1\n|-boost|p1b: Fred bear|spd|1\n|move|p2a: Sinistcha|Matcha Gotcha|p1b: Fred bear|[spread] p1a\n|-miss|p2a: Sinistcha|p1b: Fred bear\n|-damage|p1a: Indeedee|31\/100\n|\n|upkeep\n|turn|3\n|c|\u2606Ryan1Baek|come on\n|\n|t:|1700452959\n|move|p2a: Sinistcha|Rage Powder|p2a: Sinistcha\n|-singleturn|p2a: Sinistcha|move: Rage Powder\n|move|p1b: Fred bear|Blood Moon|p2a: Sinistcha\n|-damage|p2a: Sinistcha|0 fnt\n|faint|p2a: Sinistcha\n|move|p1a: Indeedee|Expanding Force|p2b: Landorus\n|-damage|p2b: Landorus|39\/100\n|move|p2b: Landorus|U-turn|p1a: Indeedee\n|-supereffective|p1a: Indeedee\n|-damage|p1a: Indeedee|0 fnt\n|faint|p1a: Indeedee\n|\n|t:|1700452974\n|switch|p2b: Indeedee|Indeedee-F, F, shiny|100\/100|[from] U-turn\n|\n|upkeep\n|\n|t:|1700452987\n|switch|p2a: Heatran|Heatran, M|100\/100\n|switch|p1a: Chien-Pao|Chien-Pao|100\/100\n|-ability|p1a: Chien-Pao|Sword of Ruin\n|turn|4\n|\n|t:|1700453002\n|move|p1a: Chien-Pao|Protect|p1a: Chien-Pao\n|-singleturn|p1a: Chien-Pao|Protect\n|move|p2b: Indeedee|Follow Me|p2b: Indeedee\n|-singleturn|p2b: Indeedee|move: Follow Me\n|move|p1b: Fred bear|Calm Mind|p1b: Fred bear\n|-boost|p1b: Fred bear|spa|1\n|-boost|p1b: Fred bear|spd|1\n|move|p2a: Heatran|Eruption|p1a: Chien-Pao|[spread] p1b\n|-activate|p1a: Chien-Pao|move: Protect\n|-damage|p1b: Fred bear|66\/100\n|\n|-heal|p1b: Fred bear|72\/100|[from] item: Leftovers\n|upkeep\n|turn|5\n|\n|t:|1700453023\n|switch|p1a: Deoxys|Deoxys-Attack|100\/100\n|-ability|p1a: Deoxys|Pressure\n|move|p2b: Indeedee|Follow Me|p2b: Indeedee\n|-singleturn|p2b: Indeedee|move: Follow Me\n|move|p1b: Fred bear|Earth Power|p2b: Indeedee\n|-damage|p2b: Indeedee|3\/100\n|-enditem|p2b: Indeedee|Sitrus Berry|[eat]\n|-heal|p2b: Indeedee|28\/100|[from] item: Sitrus Berry\n|move|p2a: Heatran|Eruption|p1b: Fred bear|[spread] p1a,p1b\n|-damage|p1a: Deoxys|0 fnt\n|-damage|p1b: Fred bear|37\/100\n|faint|p1a: Deoxys\n|\n|-heal|p1b: Fred bear|43\/100|[from] item: Leftovers\n|-fieldend|move: Trick Room\n|upkeep\n|\n|t:|1700453038\n|switch|p1a: Sneasler|Sneasler, F|100\/100\n|-enditem|p1a: Sneasler|Psychic Seed\n|-boost|p1a: Sneasler|spd|1|[from] item: Psychic Seed\n|turn|6\n|\n|t:|1700453049\n|move|p1b: Fred bear|Protect|p1b: Fred bear\n|-singleturn|p1b: Fred bear|Protect\n|move|p2b: Indeedee|Follow Me|p2b: Indeedee\n|-singleturn|p2b: Indeedee|move: Follow Me\n|move|p1a: Sneasler|Dire Claw|p2b: Indeedee\n|-damage|p2b: Indeedee|0 fnt\n|faint|p2b: Indeedee\n|move|p2a: Heatran|Eruption|p1b: Fred bear|[spread] p1a\n|-activate|p1b: Fred bear|move: Protect\n|-damage|p1a: Sneasler|45\/100\n|\n|-heal|p1b: Fred bear|49\/100|[from] item: Leftovers\n|upkeep\n|\n|t:|1700453061\n|switch|p2b: Blastoise|Blastoise, F|100\/100\n|turn|7\n|\n|t:|1700453085\n|detailschange|p2b: Blastoise|Blastoise-Mega, F\n|-mega|p2b: Blastoise|Blastoise|Blastoisinite\n|-terastallize|p1b: Fred bear|Fairy\n|move|p1a: Sneasler|Close Combat|p2a: Heatran\n|-supereffective|p2a: Heatran\n|-damage|p2a: Heatran|0 fnt\n|-unboost|p1a: Sneasler|def|1\n|-unboost|p1a: Sneasler|spd|1\n|faint|p2a: Heatran\n|move|p2b: Blastoise|Muddy Water|p1b: Fred bear|[spread] p1b\n|-miss|p2b: Blastoise|p1a: Sneasler\n|-damage|p1b: Fred bear|27\/100\n|move|p1b: Fred bear|Blood Moon|p2b: Blastoise\n|-damage|p2b: Blastoise|0 fnt\n|faint|p2b: Blastoise\n|\n|-heal|p1b: Fred bear|33\/100|[from] item: Leftovers\n|upkeep\n|\n|t:|1700453098\n|switch|p2a: Landorus|Landorus-Therian, M, shiny|39\/100\n|switch|p2b: Sneasler|Sneasler, F, tera:Flying|100\/100\n|-ability|p2a: Landorus|Intimidate|boost\n|-unboost|p1a: Sneasler|atk|1\n|-unboost|p1b: Fred bear|atk|1\n|turn|8\n|c|\u2606Ryan1Baek|gg\n|\n|t:|1700453119\n|move|p1b: Fred bear|Protect|p1b: Fred bear\n|-singleturn|p1b: Fred bear|Protect\n|move|p1a: Sneasler|Acrobatics|p2a: Landorus\n|-crit|p2a: Landorus\n|-damage|p2a: Landorus|0 fnt\n|faint|p2a: Landorus\n|move|p2b: Sneasler|Acrobatics|p1a: Sneasler\n|-supereffective|p1a: Sneasler\n|-damage|p1a: Sneasler|0 fnt\n|faint|p1a: Sneasler\n|\n|-heal|p1b: Fred bear|39\/100|[from] item: Leftovers\n|-fieldend|move: Psychic Terrain\n|upkeep\n|\n|t:|1700453129\n|switch|p1a: Chien-Pao|Chien-Pao|100\/100\n|-ability|p1a: Chien-Pao|Sword of Ruin\n|turn|9\n|\n|t:|1700453137\n|move|p1a: Chien-Pao|Ice Spinner|p2b: Sneasler\n|-supereffective|p2b: Sneasler\n|-damage|p2b: Sneasler|0 fnt\n|faint|p2b: Sneasler\n|\n|win|Shiny_Hero64\n","uploadtime":1700453142,"views":17,"p1id":"shinyhero64","p2id":"ryan1baek","formatid":"gen9nationaldexdoubles","rating":0,"private":0,"password":""}