{"id":"gen9nationaldexdoubles-1954121349","p1":"wagglycrazyjj","p2":"Kneebones","format":"[Gen 9] National Dex Doubles","log":"|j|\u2606wagglycrazyjj\n|j|\u2606Kneebones\n|t:|1695855898\n|gametype|doubles\n|player|p1|wagglycrazyjj|2|1000\n|player|p2|Kneebones|102|1055\n|teamsize|p1|6\n|teamsize|p2|6\n|gen|9\n|tier|[Gen 9] National Dex Doubles\n|rated|\n|rule|HP Percentage Mod: HP is shown in percentages\n|rule|Endless Battle Clause: Forcing endless battles is banned\n|rule|OHKO Clause: OHKO moves are banned\n|rule|Evasion Moves Clause: Evasion moves are banned\n|rule|Evasion Abilities Clause: Evasion abilities are banned\n|rule|Species Clause: Limit one of each Pok\u00e9mon\n|rule|Gravity Sleep Clause: The combination of sleep-inducing moves with imperfect accuracy and Gravity or Gigantamax Orbeetle are banned\n|clearpoke\n|poke|p1|Toxapex, M|\n|poke|p1|Dragapult, F|\n|poke|p1|Iron Valiant|\n|poke|p1|Sinistcha|\n|poke|p1|Glimmora, F|\n|poke|p1|Kommo-o, M|\n|poke|p2|Indeedee-F, F|\n|poke|p2|Breloom, M|\n|poke|p2|Scizor, M|\n|poke|p2|Garchomp, F|\n|poke|p2|Talonflame, F|\n|poke|p2|Delphox, M|\n|teampreview\n|\n|t:|1695855903\n|start\n|switch|p1a: Kommo-o|Kommo-o, M|100\/100\n|switch|p1b: Sinistcha|Sinistcha|100\/100\n|switch|p2a: Indeedee|Indeedee-F, F|100\/100\n|switch|p2b: Delphox|Delphox, M|100\/100\n|-fieldstart|move: Psychic Terrain|[from] ability: Psychic Surge|[of] p2a: Indeedee\n|turn|1\n|\n|t:|1695855924\n|move|p2b: Delphox|Light Screen|p2b: Delphox\n|-sidestart|p2: Kneebones|move: Light Screen\n|move|p2a: Indeedee|Skill Swap|p1a: Kommo-o\n|-activate|p2a: Indeedee|move: Skill Swap|Soundproof|Psychic Surge|[of] p1a: Kommo-o\n|move|p1a: Kommo-o|Clangorous Soul|p1a: Kommo-o\n|-boost|p1a: Kommo-o|atk|1\n|-boost|p1a: Kommo-o|def|1\n|-boost|p1a: Kommo-o|spa|1\n|-boost|p1a: Kommo-o|spd|1\n|-boost|p1a: Kommo-o|spe|1\n|-damage|p1a: Kommo-o|68\/100\n|-enditem|p1a: Kommo-o|Throat Spray\n|-boost|p1a: Kommo-o|spa|1|[from] item: Throat Spray\n|move|p1b: Sinistcha|Life Dew||[still]|[spread] p1a,p1b\n|-heal|p1a: Kommo-o|93\/100\n|-fail|p1b: Sinistcha|heal\n|\n|upkeep\n|turn|2\n|\n|t:|1695855950\n|move|p2a: Indeedee|Follow Me|p2a: Indeedee\n|-singleturn|p2a: Indeedee|move: Follow Me\n|move|p1a: Kommo-o|Clanging Scales|p2a: Indeedee|[spread] p2b\n|-immune|p2a: Indeedee|[from] ability: Soundproof\n|-damage|p2b: Delphox|49\/100\n|-unboost|p1a: Kommo-o|def|1\n|move|p2b: Delphox|Calm Mind|p2b: Delphox\n|-boost|p2b: Delphox|spa|1\n|-boost|p2b: Delphox|spd|1\n|move|p1b: Sinistcha|Life Dew||[still]|[spread] p1a,p1b\n|-heal|p1a: Kommo-o|100\/100\n|-fail|p1b: Sinistcha|heal\n|\n|-heal|p2b: Delphox|55\/100|[from] item: Leftovers\n|upkeep\n|turn|3\n|\n|t:|1695855968\n|move|p1a: Kommo-o|Flash Cannon|p2b: Delphox\n|-resisted|p2b: Delphox\n|-damage|p2b: Delphox|43\/100\n|-unboost|p2b: Delphox|spd|1\n|move|p2b: Delphox|Calm Mind|p2b: Delphox\n|-boost|p2b: Delphox|spa|1\n|-boost|p2b: Delphox|spd|1\n|move|p2a: Indeedee|Heal Pulse|p2b: Delphox\n|-heal|p2b: Delphox|93\/100\n|move|p1b: Sinistcha|Life Dew||[still]|[still]|[spread] \n|-fail|p1a: Kommo-o|heal\n|-fail|p1b: Sinistcha|heal\n|\n|-heal|p2b: Delphox|99\/100|[from] item: Leftovers\n|upkeep\n|turn|4\n|\n|t:|1695855990\n|move|p1a: Kommo-o|Clangorous Soul|p1a: Kommo-o\n|-boost|p1a: Kommo-o|atk|1\n|-boost|p1a: Kommo-o|def|1\n|-boost|p1a: Kommo-o|spa|1\n|-boost|p1a: Kommo-o|spd|1\n|-boost|p1a: Kommo-o|spe|1\n|-damage|p1a: Kommo-o|68\/100\n|move|p2b: Delphox|Calm Mind|p2b: Delphox\n|-boost|p2b: Delphox|spa|1\n|-boost|p2b: Delphox|spd|1\n|move|p2a: Indeedee|Mystical Fire|p1a: Kommo-o\n|-resisted|p1a: Kommo-o\n|-damage|p1a: Kommo-o|62\/100\n|-unboost|p1a: Kommo-o|spa|1\n|move|p1b: Sinistcha|Life Dew||[still]|[spread] p1a,p1b\n|-heal|p1a: Kommo-o|87\/100\n|-fail|p1b: Sinistcha|heal\n|\n|-heal|p2b: Delphox|100\/100|[from] item: Leftovers\n|upkeep\n|turn|5\n|\n|t:|1695856015\n|move|p1a: Kommo-o|Flash Cannon|p2a: Indeedee\n|-damage|p2a: Indeedee|69\/100\n|move|p2b: Delphox|Calm Mind|p2b: Delphox\n|-boost|p2b: Delphox|spa|1\n|-boost|p2b: Delphox|spd|1\n|move|p2a: Indeedee|Mystical Fire|p1a: Kommo-o\n|-resisted|p1a: Kommo-o\n|-damage|p1a: Kommo-o|83\/100\n|-unboost|p1a: Kommo-o|spa|1\n|move|p1b: Sinistcha|Strength Sap|p2b: Delphox\n|-unboost|p2b: Delphox|atk|1\n|\n|-sideend|p2: Kneebones|move: Light Screen\n|-fieldend|move: Psychic Terrain\n|upkeep\n|turn|6\n|\n|t:|1695856051\n|move|p2a: Indeedee|Follow Me|p2a: Indeedee\n|-singleturn|p2a: Indeedee|move: Follow Me\n|move|p1a: Kommo-o|Flash Cannon|p2a: Indeedee\n|-damage|p2a: Indeedee|34\/100\n|move|p2b: Delphox|Light Screen|p2b: Delphox\n|-sidestart|p2: Kneebones|move: Light Screen\n|move|p1b: Sinistcha|Life Dew||[still]|[spread] p1a,p1b\n|-heal|p1a: Kommo-o|100\/100\n|-fail|p1b: Sinistcha|heal\n|\n|upkeep\n|turn|7\n|\n|t:|1695856074\n|-terastallize|p1a: Kommo-o|Dragon\n|move|p1b: Sinistcha|Rage Powder|p1b: Sinistcha\n|-singleturn|p1b: Sinistcha|move: Rage Powder\n|move|p1a: Kommo-o|Clanging Scales|p2b: Delphox|[spread] p2b\n|-immune|p2a: Indeedee|[from] ability: Soundproof\n|-damage|p2b: Delphox|76\/100\n|-unboost|p1a: Kommo-o|def|1\n|move|p2b: Delphox|Heat Wave|p1b: Sinistcha|[spread] p1a,p1b\n|-resisted|p1a: Kommo-o\n|-supereffective|p1b: Sinistcha\n|-damage|p1a: Kommo-o|74\/100\n|-damage|p1b: Sinistcha|0 fnt\n|faint|p1b: Sinistcha\n|move|p2a: Indeedee|Mystical Fire|p1a: Kommo-o\n|-resisted|p1a: Kommo-o\n|-damage|p1a: Kommo-o|70\/100\n|-unboost|p1a: Kommo-o|spa|1\n|\n|-heal|p2b: Delphox|82\/100|[from] item: Leftovers\n|upkeep\n|\n|t:|1695856095\n|switch|p1b: Glimmora|Glimmora, F|100\/100\n|turn|8\n|\n|t:|1695856113\n|move|p1a: Kommo-o|Flash Cannon|p2a: Indeedee\n|-damage|p2a: Indeedee|19\/100\n|move|p2b: Delphox|Psychic|p1b: Glimmora\n|-supereffective|p1b: Glimmora\n|-damage|p1b: Glimmora|0 fnt\n|faint|p1b: Glimmora\n|move|p2a: Indeedee|Heal Pulse|p2b: Delphox\n|-heal|p2b: Delphox|100\/100\n|\n|upkeep\n|\n|t:|1695856126\n|switch|p1b: Iron Valiant|Iron Valiant|100\/100\n|-enditem|p1b: Iron Valiant|Booster Energy\n|-activate|p1b: Iron Valiant|ability: Quark Drive|[fromitem]\n|-start|p1b: Iron Valiant|quarkdrivespe\n|turn|9\n|\n|t:|1695856142\n|move|p2a: Indeedee|Follow Me|p2a: Indeedee\n|-singleturn|p2a: Indeedee|move: Follow Me\n|move|p1b: Iron Valiant|Knock Off|p2a: Indeedee\n|-supereffective|p2a: Indeedee\n|-damage|p2a: Indeedee|0 fnt\n|-damage|p1b: Iron Valiant|84\/100|[from] item: Rocky Helmet|[of] p2a: Indeedee\n|-enditem|p2a: Indeedee|Rocky Helmet|[from] move: Knock Off|[of] p1b: Iron Valiant\n|faint|p2a: Indeedee\n|move|p1a: Kommo-o|Clangorous Soul|p1a: Kommo-o\n|-boost|p1a: Kommo-o|atk|1\n|-boost|p1a: Kommo-o|def|1\n|-boost|p1a: Kommo-o|spa|1\n|-boost|p1a: Kommo-o|spd|1\n|-boost|p1a: Kommo-o|spe|1\n|-damage|p1a: Kommo-o|37\/100\n|move|p2b: Delphox|Heat Wave|p1b: Iron Valiant|[spread] p1a,p1b\n|-resisted|p1a: Kommo-o\n|-damage|p1a: Kommo-o|16\/100\n|-damage|p1b: Iron Valiant|0 fnt\n|faint|p1b: Iron Valiant\n|-end|p1b: Iron Valiant|Quark Drive|[silent]\n|\n|upkeep\n|\n|t:|1695856172\n|switch|p1b: Dragapult|Dragapult, F|100\/100\n|switch|p2a: Scizor|Scizor, M|100\/100\n|turn|10\n|\n|t:|1695856188\n|detailschange|p2a: Scizor|Scizor-Mega, M\n|-mega|p2a: Scizor|Scizor|Scizorite\n|move|p1a: Kommo-o|Flash Cannon|p2a: Scizor\n|-resisted|p2a: Scizor\n|-damage|p2a: Scizor|88\/100\n|-unboost|p2a: Scizor|spd|1\n|move|p1b: Dragapult|Dragon Darts|p2b: Delphox\n|-damage|p2b: Delphox|69\/100\n|-anim|p1b: Dragapult|Dragon Darts|p2a: Scizor\n|-resisted|p2a: Scizor\n|-damage|p2a: Scizor|80\/100\n|move|p2b: Delphox|Psychic|p1a: Kommo-o\n|-damage|p1a: Kommo-o|0 fnt\n|faint|p1a: Kommo-o\n|move|p2a: Scizor|Swords Dance|p2a: Scizor\n|-boost|p2a: Scizor|atk|2\n|\n|-heal|p2b: Delphox|75\/100|[from] item: Leftovers\n|-sideend|p2: Kneebones|move: Light Screen\n|upkeep\n|\n|t:|1695856204\n|switch|p1a: Toxapex|Toxapex, M|100\/100\n|turn|11\n|\n|t:|1695856217\n|move|p2a: Scizor|Bullet Punch|p1b: Dragapult\n|-damage|p1b: Dragapult|20\/100\n|move|p1b: Dragapult|Will-O-Wisp|p2a: Scizor\n|-status|p2a: Scizor|brn\n|move|p2b: Delphox|Psychic|p1a: Toxapex\n|-supereffective|p1a: Toxapex\n|-damage|p1a: Toxapex|0 fnt\n|faint|p1a: Toxapex\n|\n|-heal|p2b: Delphox|81\/100|[from] item: Leftovers\n|-damage|p2a: Scizor|74\/100 brn|[from] brn\n|upkeep\n|turn|12\n|\n|t:|1695856233\n|move|p2a: Scizor|Bullet Punch|p1b: Dragapult\n|-damage|p1b: Dragapult|0 fnt\n|faint|p1b: Dragapult\n|\n|win|Kneebones\n|raw|wagglycrazyjj's rating: 1000 &rarr; <strong>1000<\/strong><br \/>(+0 for losing)\n|raw|Kneebones's rating: 1055 &rarr; <strong>1082<\/strong><br \/>(+27 for winning)\n|l|\u2606wagglycrazyjj\n","uploadtime":1695856252,"views":12,"p1id":"wagglycrazyjj","p2id":"kneebones","formatid":"gen9nationaldexdoubles","rating":1000,"private":0,"password":""}