{"id":"gen9nationaldexdoubles-1975485617","p1":"LDP333","p2":"cooolguy420","format":"[Gen 9] National Dex Doubles","log":"|j|\u2606LDP333\n|j|\u2606cooolguy420\n|t:|1698196427\n|gametype|doubles\n|player|p1|LDP333|riley|1641\n|player|p2|cooolguy420|infielder|1605\n|teamsize|p1|6\n|teamsize|p2|6\n|gen|9\n|tier|[Gen 9] National Dex Doubles\n|rated|\n|rule|HP Percentage Mod: HP is shown in percentages\n|rule|Endless Battle Clause: Forcing endless battles is banned\n|rule|OHKO Clause: OHKO moves are banned\n|rule|Evasion Moves Clause: Evasion moves are banned\n|rule|Evasion Abilities Clause: Evasion abilities are banned\n|rule|Species Clause: Limit one of each Pok\u00e9mon\n|rule|Gravity Sleep Clause: The combination of sleep-inducing moves with imperfect accuracy and Gravity or Gigantamax Orbeetle are banned\n|clearpoke\n|poke|p1|Kommo-o, M|\n|poke|p1|Iron Bundle|\n|poke|p1|Manectric, F|\n|poke|p1|Flutter Mane|\n|poke|p1|Incineroar, M|\n|poke|p1|Rillaboom, M|\n|poke|p2|Abomasnow, M|\n|poke|p2|Arctozolt|\n|poke|p2|Iron Bundle|\n|poke|p2|Tapu Koko|\n|poke|p2|Iron Hands|\n|poke|p2|Incineroar, F|\n|teampreview\n|\n|t:|1698196454\n|start\n|switch|p1a: EleDog|Manectric, F|100\/100\n|switch|p1b: NO.1|Incineroar, M|100\/100\n|switch|p2a: Iron Bundle|Iron Bundle|100\/100\n|switch|p2b: Iron Hands|Iron Hands|100\/100\n|-ability|p1b: NO.1|Intimidate|boost\n|-unboost|p2a: Iron Bundle|atk|1\n|-unboost|p2b: Iron Hands|atk|1\n|turn|1\n|\n|t:|1698196466\n|-end|p2a: Iron Bundle|Quark Drive|[silent]\n|switch|p2a: Tapu Koko|Tapu Koko|100\/100\n|-fieldstart|move: Electric Terrain|[from] ability: Electric Surge|[of] p2a: Tapu Koko\n|-activate|p2b: Iron Hands|ability: Quark Drive\n|-start|p2b: Iron Hands|quarkdriveatk\n|detailschange|p1a: EleDog|Manectric-Mega, F\n|-mega|p1a: EleDog|Manectric|Manectite\n|-ability|p1a: EleDog|Intimidate|boost\n|-unboost|p2a: Tapu Koko|atk|1\n|-unboost|p2b: Iron Hands|atk|1\n|move|p1b: NO.1|Fake Out|p2a: Tapu Koko\n|-damage|p2a: Tapu Koko|86\/100\n|move|p1a: EleDog|Volt Switch|p2a: Tapu Koko\n|-resisted|p2a: Tapu Koko\n|-damage|p2a: Tapu Koko|46\/100\n|\n|t:|1698196471\n|switch|p1a: Yuanshen|Rillaboom, M|100\/100|[from] Volt Switch\n|-fieldstart|move: Grassy Terrain|[from] ability: Grassy Surge|[of] p1a: Yuanshen\n|-end|p2b: Iron Hands|Quark Drive\n|move|p2b: Iron Hands|Drain Punch|p1b: NO.1\n|-supereffective|p1b: NO.1\n|-damage|p1b: NO.1|60\/100\n|\n|-heal|p2a: Tapu Koko|52\/100|[from] Grassy Terrain\n|-heal|p1b: NO.1|66\/100|[from] Grassy Terrain\n|upkeep\n|turn|2\n|\n|t:|1698196495\n|move|p2b: Iron Hands|Protect|p2b: Iron Hands\n|-singleturn|p2b: Iron Hands|Protect\n|move|p2a: Tapu Koko|U-turn|p1a: Yuanshen\n|-supereffective|p1a: Yuanshen\n|-damage|p1a: Yuanshen|82\/100\n|inactive|Battle timer is ON: inactive players will automatically lose when time's up. (requested by LDP333)\n|\n|t:|1698196530\n|switch|p2a: Iron Bundle|Iron Bundle|100\/100|[from] U-turn\n|move|p1a: Yuanshen|Wood Hammer|p2b: Iron Hands\n|-activate|p2b: Iron Hands|move: Protect\n|move|p1b: NO.1|Flare Blitz|p2b: Iron Hands\n|-activate|p2b: Iron Hands|move: Protect\n|\n|-heal|p1a: Yuanshen|88\/100|[from] Grassy Terrain\n|-heal|p1b: NO.1|73\/100|[from] Grassy Terrain\n|upkeep\n|turn|3\n|\n|t:|1698196550\n|move|p1a: Yuanshen|Protect|p1a: Yuanshen\n|-singleturn|p1a: Yuanshen|Protect\n|move|p2a: Iron Bundle|Freeze-Dry|p1a: Yuanshen\n|-activate|p1a: Yuanshen|move: Protect\n|move|p1b: NO.1|Knock Off|p2a: Iron Bundle\n|-damage|p2a: Iron Bundle|54\/100\n|-enditem|p2a: Iron Bundle|Choice Specs|[from] move: Knock Off|[of] p1b: NO.1\n|move|p2b: Iron Hands|Drain Punch|p1b: NO.1\n|-supereffective|p1b: NO.1\n|-crit|p1b: NO.1\n|-damage|p1b: NO.1|0 fnt\n|faint|p1b: NO.1\n|\n|-heal|p2a: Iron Bundle|60\/100|[from] Grassy Terrain\n|-heal|p1a: Yuanshen|94\/100|[from] Grassy Terrain\n|upkeep\n|inactive|LDP333 has 120 seconds left.\n|\n|t:|1698196572\n|switch|p1b: Good morning|Iron Bundle|100\/100\n|-enditem|p1b: Good morning|Booster Energy\n|-activate|p1b: Good morning|ability: Quark Drive|[fromitem]\n|-start|p1b: Good morning|quarkdrivespe\n|turn|4\n|\n|t:|1698196580\n|-end|p2b: Iron Hands|Quark Drive|[silent]\n|switch|p2b: Tapu Koko|Tapu Koko|52\/100\n|-fieldstart|move: Electric Terrain|[from] ability: Electric Surge|[of] p2b: Tapu Koko\n|-activate|p2a: Iron Bundle|ability: Quark Drive\n|-start|p2a: Iron Bundle|quarkdrivespe\n|-terastallize|p1b: Good morning|Ghost\n|move|p1b: Good morning|Freeze-Dry|p2a: Iron Bundle\n|-damage|p2a: Iron Bundle|0 fnt\n|faint|p2a: Iron Bundle\n|-end|p2a: Iron Bundle|Quark Drive|[silent]\n|move|p1a: Yuanshen|Wood Hammer|p2b: Tapu Koko\n|-damage|p2b: Tapu Koko|0 fnt\n|faint|p2b: Tapu Koko\n|-damage|p1a: Yuanshen|82\/100|[from] Recoil\n|\n|upkeep\n|\n|t:|1698196598\n|switch|p2a: Abomasnow|Abomasnow, M|100\/100\n|switch|p2b: Incineroar|Incineroar, F|100\/100\n|-ability|p2b: Incineroar|Intimidate|boost\n|-unboost|p1a: Yuanshen|atk|1\n|-unboost|p1b: Good morning|atk|1\n|-weather|Snow|[from] ability: Snow Warning|[of] p2a: Abomasnow\n|turn|5\n|\n|t:|1698196608\n|switch|p1a: EleDog|Manectric-Mega, F|100\/100\n|-ability|p1a: EleDog|Intimidate|boost\n|-unboost|p2a: Abomasnow|atk|1\n|-unboost|p2b: Incineroar|atk|1\n|detailschange|p2a: Abomasnow|Abomasnow-Mega, M\n|-mega|p2a: Abomasnow|Abomasnow|Abomasite\n|move|p1b: Good morning|Hydro Pump|p2b: Incineroar\n|-supereffective|p2b: Incineroar\n|-damage|p2b: Incineroar|0 fnt\n|faint|p2b: Incineroar\n|move|p2a: Abomasnow|Aurora Veil|p2a: Abomasnow\n|-sidestart|p2: cooolguy420|move: Aurora Veil\n|\n|-weather|Snow|[upkeep]\n|upkeep\n|\n|t:|1698196618\n|switch|p2b: Arctozolt|Arctozolt|100\/100\n|turn|6\n|\n|t:|1698196629\n|move|p1b: Good morning|Icy Wind|p2b: Arctozolt|[spread] p2b\n|-miss|p1b: Good morning|p2a: Abomasnow\n|-resisted|p2b: Arctozolt\n|-damage|p2b: Arctozolt|92\/100\n|-unboost|p2b: Arctozolt|spe|1\n|move|p1a: EleDog|Overheat|p2a: Abomasnow\n|-supereffective|p2a: Abomasnow\n|-damage|p2a: Abomasnow|18\/100\n|-unboost|p1a: EleDog|spa|2\n|move|p2b: Arctozolt|Bolt Beak|p1b: Good morning\n|-damage|p1b: Good morning|13\/100\n|move|p2a: Abomasnow|Blizzard|p1b: Good morning|[spread] p1a,p1b\n|-damage|p1a: EleDog|51\/100\n|-damage|p1b: Good morning|0 fnt\n|faint|p1b: Good morning\n|-end|p1b: Good morning|Quark Drive|[silent]\n|\n|-weather|Snow|[upkeep]\n|upkeep\n|\n|t:|1698196642\n|switch|p1b: Komm-susser-Tod|Kommo-o, M, shiny|100\/100\n|turn|7\n|\n|t:|1698196659\n|switch|p1a: Yuanshen|Rillaboom, M|82\/100\n|-fieldstart|move: Grassy Terrain|[from] ability: Grassy Surge|[of] p1a: Yuanshen\n|move|p2b: Arctozolt|Bolt Beak|p1a: Yuanshen\n|-resisted|p1a: Yuanshen\n|-damage|p1a: Yuanshen|27\/100\n|-zpower|p1b: Komm-susser-Tod\n|move|p1b: Komm-susser-Tod|Clangorous Soulblaze|p2b: Arctozolt|[zeffect]|[spread] p2a,p2b\n|-crit|p2b: Arctozolt\n|-damage|p2a: Abomasnow|0 fnt\n|-damage|p2b: Arctozolt|0 fnt\n|faint|p2a: Abomasnow\n|faint|p2b: Arctozolt\n|-boost|p1b: Komm-susser-Tod|atk|1\n|-boost|p1b: Komm-susser-Tod|def|1\n|-boost|p1b: Komm-susser-Tod|spa|1\n|-boost|p1b: Komm-susser-Tod|spd|1\n|-boost|p1b: Komm-susser-Tod|spe|1\n|\n|-weather|Snow|[upkeep]\n|-heal|p1a: Yuanshen|33\/100|[from] Grassy Terrain\n|upkeep\n|\n|t:|1698196661\n|switch|p2b: Iron Hands|Iron Hands|100\/100\n|turn|8\n|\n|t:|1698196670\n|move|p1b: Komm-susser-Tod|Clanging Scales|p2b: Iron Hands\n|-damage|p2b: Iron Hands|55\/100\n|-unboost|p1b: Komm-susser-Tod|def|1\n|move|p1a: Yuanshen|Wood Hammer|p2b: Iron Hands\n|-damage|p2b: Iron Hands|12\/100\n|-enditem|p2b: Iron Hands|Sitrus Berry|[eat]\n|-heal|p2b: Iron Hands|37\/100|[from] item: Sitrus Berry\n|-damage|p1a: Yuanshen|15\/100|[from] Recoil\n|move|p2b: Iron Hands|Drain Punch|p1b: Komm-susser-Tod\n|-damage|p1b: Komm-susser-Tod|56\/100\n|-heal|p2b: Iron Hands|49\/100|[from] drain|[of] p1b: Komm-susser-Tod\n|\n|-weather|Snow|[upkeep]\n|-heal|p1b: Komm-susser-Tod|62\/100|[from] Grassy Terrain\n|-heal|p1a: Yuanshen|21\/100|[from] Grassy Terrain\n|-heal|p2b: Iron Hands|55\/100|[from] Grassy Terrain\n|upkeep\n|turn|9\n|\n|t:|1698196687\n|move|p1b: Komm-susser-Tod|Clanging Scales|p2b: Iron Hands\n|-damage|p2b: Iron Hands|14\/100\n|-unboost|p1b: Komm-susser-Tod|def|1\n|move|p1a: Yuanshen|Wood Hammer|p2b: Iron Hands\n|-damage|p2b: Iron Hands|0 fnt\n|faint|p2b: Iron Hands\n|-end|p2b: Iron Hands|Quark Drive|[silent]\n|-damage|p1a: Yuanshen|16\/100|[from] Recoil\n|\n|win|LDP333\n|raw|LDP333's rating: 1641 &rarr; <strong>1659<\/strong><br \/>(+18 for winning)\n|raw|cooolguy420's rating: 1605 &rarr; <strong>1587<\/strong><br \/>(-18 for losing)\n|l|\u2606cooolguy420\n|l|\u2606LDP333\n|j|\u2606LDP333\n|player|p1|LDP333|riley\n","uploadtime":1698196864,"views":12,"p1id":"ldp333","p2id":"cooolguy420","formatid":"gen9nationaldexdoubles","rating":1587,"private":0,"password":""}