{"id":"gen9nationaldexdoubles-1948316422","p1":"JuliaMimi","p2":"Alecco","format":"[Gen 9] National Dex Doubles","log":"|j|\u2606JuliaMimi\n|j|\u2606Alecco\n|t:|1695247925\n|gametype|doubles\n|player|p1|JuliaMimi|candice|\n|player|p2|Alecco|102|\n|teamsize|p1|4\n|teamsize|p2|4\n|gen|9\n|tier|[Gen 9] National Dex Doubles\n|rule|HP Percentage Mod: HP is shown in percentages\n|rule|Endless Battle Clause: Forcing endless battles is banned\n|rule|OHKO Clause: OHKO moves are banned\n|rule|Evasion Moves Clause: Evasion moves are banned\n|rule|Evasion Abilities Clause: Evasion abilities are banned\n|rule|Species Clause: Limit one of each Pok\u00e9mon\n|rule|Gravity Sleep Clause: The combination of sleep-inducing moves with imperfect accuracy and Gravity or Gigantamax Orbeetle are banned\n|clearpoke\n|poke|p1|Azumarill, F|\n|poke|p1|Pelipper, M|\n|poke|p1|Samurott-Hisui, M|\n|poke|p1|Murkrow, F|\n|poke|p2|Gallade, M|\n|poke|p2|Meowscarada, M|\n|poke|p2|Sneasler, F|\n|poke|p2|Ditto|\n|teampreview\n|\n|t:|1695247931\n|start\n|switch|p1a: Double Rainbow|Pelipper, M, shiny|100\/100\n|switch|p1b: Justice|Samurott-Hisui, M|100\/100\n|switch|p2a: Galahad|Gallade, M|100\/100\n|switch|p2b: Amogus|Ditto|100\/100\n|-transform|p2b: Amogus|p1a: Double Rainbow|[from] ability: Imposter\n|-weather|RainDance|[from] ability: Drizzle|[of] p2b: Amogus\n|turn|1\n|\n|t:|1695247963\n|move|p1b: Justice|Razor Shell|p2a: Galahad\n|-damage|p2a: Galahad|0 fnt\n|faint|p2a: Galahad\n|move|p2b: Amogus|Tailwind|p2b: Amogus\n|-sidestart|p2: Alecco|move: Tailwind\n|move|p1a: Double Rainbow|Tailwind|p1a: Double Rainbow\n|-sidestart|p1: JuliaMimi|move: Tailwind\n|\n|-weather|RainDance|[upkeep]\n|upkeep\n|\n|t:|1695247975\n|switch|p2a: Zorro|Meowscarada, M|100\/100\n|turn|2\n|\n|t:|1695247988\n|move|p2a: Zorro|Flower Trick|p1b: Justice\n|-start|p2a: Zorro|typechange|Grass|[from] ability: Protean\n|-supereffective|p1b: Justice\n|-crit|p1b: Justice\n|-damage|p1b: Justice|0 fnt\n|faint|p1b: Justice\n|move|p2b: Amogus|Hurricane|p1a: Double Rainbow\n|-damage|p1a: Double Rainbow|49\/100\n|move|p1a: Double Rainbow|Hurricane|p2a: Zorro\n|-supereffective|p2a: Zorro\n|-enditem|p2a: Zorro|Focus Sash\n|-damage|p2a: Zorro|1\/100\n|\n|-weather|RainDance|[upkeep]\n|-heal|p1a: Double Rainbow|55\/100|[from] item: Leftovers\n|upkeep\n|\n|t:|1695248003\n|switch|p1b: Zuzu|Azumarill, F|100\/100\n|turn|3\n|\n|t:|1695248017\n|move|p2a: Zorro|Flower Trick|p1b: Zuzu\n|-supereffective|p1b: Zuzu\n|-crit|p1b: Zuzu\n|-damage|p1b: Zuzu|5\/100\n|-enditem|p1b: Zuzu|Sitrus Berry|[eat]\n|-heal|p1b: Zuzu|30\/100|[from] item: Sitrus Berry\n|move|p2b: Amogus|Hurricane|p1a: Double Rainbow\n|-damage|p1a: Double Rainbow|2\/100\n|move|p1a: Double Rainbow|Roost|p1a: Double Rainbow\n|-heal|p1a: Double Rainbow|52\/100\n|-singleturn|p1a: Double Rainbow|move: Roost\n|move|p1b: Zuzu|Play Rough|p2a: Zorro\n|-damage|p2a: Zorro|0 fnt\n|faint|p2a: Zorro\n|\n|-weather|RainDance|[upkeep]\n|-heal|p1a: Double Rainbow|58\/100|[from] item: Leftovers\n|upkeep\n|\n|t:|1695248033\n|switch|p2a: Weasel|Sneasler, F|100\/100\n|turn|4\n|\n|t:|1695248049\n|switch|p1a: Barbie|Murkrow, F, shiny|100\/100\n|move|p1b: Zuzu|Protect|p1b: Zuzu\n|-singleturn|p1b: Zuzu|Protect\n|move|p2a: Weasel|Fake Out|p1b: Zuzu\n|-activate|p1b: Zuzu|move: Protect\n|move|p2b: Amogus|Hurricane|p1a: Barbie\n|-damage|p1a: Barbie|72\/100\n|\n|-weather|RainDance|[upkeep]\n|-sideend|p1: JuliaMimi|move: Tailwind\n|-sideend|p2: Alecco|move: Tailwind\n|upkeep\n|turn|5\n|\n|t:|1695248066\n|move|p1a: Barbie|Perish Song|p1a: Barbie\n|-start|p1a: Barbie|perish3|[silent]\n|-start|p1b: Zuzu|perish3|[silent]\n|-start|p2a: Weasel|perish3|[silent]\n|-start|p2b: Amogus|perish3|[silent]\n|-fieldactivate|move: Perish Song\n|move|p1b: Zuzu|Aqua Jet|p2a: Weasel\n|-damage|p2a: Weasel|31\/100\n|move|p2a: Weasel|Rock Slide|p1a: Barbie|[spread] p1a,p1b\n|-supereffective|p1a: Barbie\n|-damage|p1a: Barbie|18\/100\n|-damage|p1b: Zuzu|8\/100\n|move|p2b: Amogus|Hurricane|p1b: Zuzu\n|-damage|p1b: Zuzu|0 fnt\n|faint|p1b: Zuzu\n|\n|-weather|none\n|-start|p2a: Weasel|perish3\n|-start|p1a: Barbie|perish3\n|-start|p2b: Amogus|perish3\n|upkeep\n|\n|t:|1695248081\n|switch|p1b: Double Rainbow|Pelipper, M, shiny|58\/100\n|-weather|RainDance|[from] ability: Drizzle|[of] p1b: Double Rainbow\n|turn|6\n|\n|t:|1695248091\n|move|p1a: Barbie|Thunder Wave|p2a: Weasel\n|-status|p2a: Weasel|par\n|move|p2a: Weasel|Rock Slide|p1b: Double Rainbow|[spread] p1a,p1b\n|-supereffective|p1a: Barbie\n|-supereffective|p1b: Double Rainbow\n|-damage|p1a: Barbie|0 fnt\n|-damage|p1b: Double Rainbow|29\/100\n|faint|p1a: Barbie\n|move|p1b: Double Rainbow|Roost|p1b: Double Rainbow\n|-heal|p1b: Double Rainbow|79\/100\n|-singleturn|p1b: Double Rainbow|move: Roost\n|move|p2b: Amogus|Hurricane|p1b: Double Rainbow\n|-damage|p1b: Double Rainbow|26\/100\n|-start|p1b: Double Rainbow|confusion\n|\n|-weather|RainDance|[upkeep]\n|-heal|p1b: Double Rainbow|33\/100|[from] item: Leftovers\n|-start|p2a: Weasel|perish2\n|-start|p2b: Amogus|perish2\n|upkeep\n|turn|7\n|\n|t:|1695248120\n|move|p2a: Weasel|Rock Slide|p1b: Double Rainbow\n|-supereffective|p1b: Double Rainbow\n|-damage|p1b: Double Rainbow|0 fnt\n|faint|p1b: Double Rainbow\n|\n|win|Alecco\n","uploadtime":1695248130,"views":5,"p1id":"juliamimi","p2id":"alecco","formatid":"gen9nationaldexdoubles","rating":0,"private":0,"password":""}