{"id":"gen9nationaldexdoubles-1964835228","p1":"ouxige","p2":"Kin+ak (\u2727\u2207\u2727)","format":"[Gen 9] National Dex Doubles","log":"|j|\u2606ouxige\n|j|\u2606Kin+ak (\u2727\u2207\u2727)\n|t:|1697016030\n|gametype|doubles\n|player|p1|ouxige|camper|1289\n|player|p2|Kin+ak (\u2727\u2207\u2727)|wally|1574\n|teamsize|p1|6\n|teamsize|p2|6\n|gen|9\n|tier|[Gen 9] National Dex Doubles\n|rated|\n|rule|HP Percentage Mod: HP is shown in percentages\n|rule|Endless Battle Clause: Forcing endless battles is banned\n|rule|OHKO Clause: OHKO moves are banned\n|rule|Evasion Moves Clause: Evasion moves are banned\n|rule|Evasion Abilities Clause: Evasion abilities are banned\n|rule|Species Clause: Limit one of each Pok\u00e9mon\n|rule|Gravity Sleep Clause: The combination of sleep-inducing moves with imperfect accuracy and Gravity or Gigantamax Orbeetle are banned\n|clearpoke\n|poke|p1|Iron Hands|\n|poke|p1|Heatran, M|\n|poke|p1|Cresselia, F|\n|poke|p1|Iron Bundle|\n|poke|p1|Ninetales-Alola, M|\n|poke|p1|Ogerpon-Wellspring, F|\n|poke|p2|Charizard, F|\n|poke|p2|Chi-Yu|\n|poke|p2|Flutter Mane|\n|poke|p2|Ogerpon-Hearthflame, F|\n|poke|p2|Rillaboom, F|\n|poke|p2|Walking Wake|\n|teampreview\n|inactive|Battle timer is ON: inactive players will automatically lose when time's up. (requested by ouxige)\n|j| Pharmci\n|\n|t:|1697016044\n|start\n|switch|p1a: Iron Hands|Iron Hands|100\/100\n|switch|p1b: Heatran|Heatran, M|100\/100\n|switch|p2a: Charizard|Charizard, F|100\/100\n|switch|p2b: Walking Wake|Walking Wake|100\/100\n|turn|1\n|\n|t:|1697016057\n|switch|p2a: Rillaboom|Rillaboom, F|100\/100\n|-fieldstart|move: Grassy Terrain|[from] ability: Grassy Surge|[of] p2a: Rillaboom\n|switch|p1b: Ogerpon|Ogerpon-Wellspring, F|100\/100\n|move|p2b: Walking Wake|Hydro Steam|p1b: Ogerpon\n|-immune|p1b: Ogerpon|[from] ability: Water Absorb\n|move|p1a: Iron Hands|Wild Charge|p2a: Rillaboom\n|-resisted|p2a: Rillaboom\n|-damage|p2a: Rillaboom|80\/100\n|-damage|p1a: Iron Hands|96\/100|[from] Recoil\n|\n|-heal|p2a: Rillaboom|86\/100|[from] Grassy Terrain\n|-heal|p1a: Iron Hands|100\/100|[from] Grassy Terrain\n|upkeep\n|turn|2\n|\n|t:|1697016076\n|-end|p2b: Walking Wake|Protosynthesis|[silent]\n|switch|p2b: Ogerpon|Ogerpon-Hearthflame, F|100\/100\n|-ability|p2b: Ogerpon|Mold Breaker\n|move|p1b: Ogerpon|Spiky Shield|p1b: Ogerpon\n|-singleturn|p1b: Ogerpon|move: Protect\n|move|p2a: Rillaboom|Wood Hammer|p1b: Ogerpon\n|-activate|p1b: Ogerpon|move: Protect\n|-damage|p2a: Rillaboom|74\/100|[from] Spiky Shield|[of] p1b: Ogerpon\n|move|p1a: Iron Hands|Swords Dance|p1a: Iron Hands\n|-boost|p1a: Iron Hands|atk|2\n|\n|-heal|p2a: Rillaboom|80\/100|[from] Grassy Terrain\n|upkeep\n|turn|3\n|inactive|ouxige has 120 seconds left.\n|inactive|Kin+ak (\u2727\u2207\u2727) has 120 seconds left.\n|\n|t:|1697016121\n|switch|p1b: Heatran|Heatran, M|100\/100\n|move|p2b: Ogerpon|Stomping Tantrum|p1a: Iron Hands\n|-supereffective|p1a: Iron Hands\n|-damage|p1a: Iron Hands|64\/100\n|move|p2a: Rillaboom|Wood Hammer|p1a: Iron Hands\n|-damage|p1a: Iron Hands|17\/100\n|-damage|p2a: Rillaboom|61\/100|[from] Recoil\n|move|p1a: Iron Hands|Wild Charge|p2b: Ogerpon\n|-resisted|p2b: Ogerpon\n|-damage|p2b: Ogerpon|40\/100\n|-damage|p1a: Iron Hands|7\/100|[from] Recoil\n|\n|-heal|p2b: Ogerpon|46\/100|[from] Grassy Terrain\n|-heal|p2a: Rillaboom|67\/100|[from] Grassy Terrain\n|-heal|p1a: Iron Hands|13\/100|[from] Grassy Terrain\n|-heal|p1a: Iron Hands|19\/100|[from] item: Leftovers\n|upkeep\n|turn|4\n|inactive|ouxige has 120 seconds left.\n|\n|t:|1697016144\n|-terastallize|p1b: Heatran|Grass\n|move|p1a: Iron Hands|Protect|p1a: Iron Hands\n|-singleturn|p1a: Iron Hands|Protect\n|move|p2b: Ogerpon|Stomping Tantrum|p1b: Heatran\n|-resisted|p1b: Heatran\n|-damage|p1b: Heatran|88\/100\n|move|p2a: Rillaboom|Wood Hammer|p1a: Iron Hands\n|-activate|p1a: Iron Hands|move: Protect\n|move|p1b: Heatran|Power Gem|p2b: Ogerpon\n|-supereffective|p2b: Ogerpon\n|-damage|p2b: Ogerpon|0 fnt\n|faint|p2b: Ogerpon\n|\n|-heal|p2a: Rillaboom|74\/100|[from] Grassy Terrain\n|-heal|p1b: Heatran|94\/100|[from] Grassy Terrain\n|-heal|p1a: Iron Hands|26\/100|[from] Grassy Terrain\n|-heal|p1a: Iron Hands|32\/100|[from] item: Leftovers\n|upkeep\n|\n|t:|1697016154\n|switch|p2b: Charizard|Charizard, F|100\/100\n|turn|5\n|\n|t:|1697016175\n|detailschange|p2b: Charizard|Charizard-Mega-Y, F\n|-mega|p2b: Charizard|Charizard|Charizardite Y\n|-weather|SunnyDay|[from] ability: Drought|[of] p2b: Charizard\n|move|p2b: Charizard|Air Slash|p1b: Heatran\n|-supereffective|p1b: Heatran\n|-damage|p1b: Heatran|40\/100\n|move|p2a: Rillaboom|Wood Hammer|p1a: Iron Hands\n|-damage|p1a: Iron Hands|0 fnt\n|faint|p1a: Iron Hands\n|-end|p1a: Iron Hands|Quark Drive|[silent]\n|-damage|p2a: Rillaboom|61\/100|[from] Recoil\n|move|p1b: Heatran|Power Gem|p2b: Charizard\n|-supereffective|p2b: Charizard\n|-damage|p2b: Charizard|0 fnt\n|faint|p2b: Charizard\n|\n|-weather|SunnyDay|[upkeep]\n|-heal|p2a: Rillaboom|67\/100|[from] Grassy Terrain\n|-heal|p1b: Heatran|46\/100|[from] Grassy Terrain\n|-fieldend|move: Grassy Terrain\n|upkeep\n|\n|t:|1697016189\n|switch|p2b: Chi-Yu|Chi-Yu|100\/100\n|switch|p1a: Ninetales|Ninetales-Alola, M|100\/100\n|-ability|p2b: Chi-Yu|Beads of Ruin\n|-weather|Snow|[from] ability: Snow Warning|[of] p1a: Ninetales\n|turn|6\n|\n|t:|1697016204\n|switch|p1a: Cresselia|Cresselia, F|100\/100\n|move|p2b: Chi-Yu|Overheat|p1a: Cresselia\n|-damage|p1a: Cresselia|36\/100\n|-unboost|p2b: Chi-Yu|spa|2\n|move|p2a: Rillaboom|U-turn|p1b: Heatran\n|-supereffective|p1b: Heatran\n|-damage|p1b: Heatran|4\/100\n|\n|t:|1697016215\n|switch|p2a: Flutter Mane|Flutter Mane|100\/100|[from] U-turn\n|move|p1b: Heatran|Heat Wave|p2b: Chi-Yu|[spread] p2a,p2b\n|-resisted|p2b: Chi-Yu\n|-damage|p2a: Flutter Mane|42\/100\n|-damage|p2b: Chi-Yu|79\/100\n|\n|-weather|Snow|[upkeep]\n|-heal|p1a: Cresselia|42\/100|[from] item: Leftovers\n|upkeep\n|turn|7\n|\n|t:|1697016236\n|-terastallize|p2a: Flutter Mane|Fairy\n|move|p2b: Chi-Yu|Overheat|p1a: Cresselia\n|-damage|p1a: Cresselia|11\/100\n|-unboost|p2b: Chi-Yu|spa|2\n|move|p2a: Flutter Mane|Dazzling Gleam|p1b: Heatran|[spread] p1a,p1b\n|-damage|p1a: Cresselia|0 fnt\n|-damage|p1b: Heatran|0 fnt\n|faint|p1a: Cresselia\n|faint|p1b: Heatran\n|-damage|p2a: Flutter Mane|32\/100|[from] item: Life Orb\n|\n|-weather|Snow|[upkeep]\n|upkeep\n|\n|t:|1697016247\n|switch|p1b: Iron Bundle|Iron Bundle|100\/100\n|switch|p1a: Ninetales|Ninetales-Alola, M|100\/100\n|-enditem|p1b: Iron Bundle|Booster Energy\n|-activate|p1b: Iron Bundle|ability: Quark Drive|[fromitem]\n|-start|p1b: Iron Bundle|quarkdrivespe\n|turn|8\n|\n|t:|1697016264\n|switch|p2b: Rillaboom|Rillaboom, F|67\/100\n|-fieldstart|move: Grassy Terrain|[from] ability: Grassy Surge|[of] p2b: Rillaboom\n|-end|p2a: Flutter Mane|Protosynthesis|[silent]\n|switch|p2a: Walking Wake|Walking Wake|100\/100\n|move|p1b: Iron Bundle|Blizzard|p2a: Walking Wake|[spread] p2a,p2b\n|-supereffective|p2b: Rillaboom\n|-damage|p2a: Walking Wake|55\/100\n|-damage|p2b: Rillaboom|0 fnt\n|faint|p2b: Rillaboom\n|move|p1a: Ninetales|Dazzling Gleam|p2a: Walking Wake\n|-supereffective|p2a: Walking Wake\n|-damage|p2a: Walking Wake|0 fnt\n|faint|p2a: Walking Wake\n|-end|p2a: Walking Wake|Protosynthesis|[silent]\n|\n|-weather|Snow|[upkeep]\n|upkeep\n|\n|t:|1697016275\n|switch|p2a: Flutter Mane|Flutter Mane, tera:Fairy|32\/100\n|switch|p2b: Chi-Yu|Chi-Yu|79\/100\n|-ability|p2b: Chi-Yu|Beads of Ruin\n|turn|9\n|\n|t:|1697016286\n|move|p1b: Iron Bundle|Blizzard|p2a: Flutter Mane|[spread] p2a,p2b\n|-resisted|p2b: Chi-Yu\n|-damage|p2a: Flutter Mane|0 fnt\n|-damage|p2b: Chi-Yu|55\/100\n|faint|p2a: Flutter Mane\n|-end|p2a: Flutter Mane|Protosynthesis|[silent]\n|move|p2b: Chi-Yu|Heat Wave|p1a: Ninetales|[spread] p1a,p1b\n|-supereffective|p1a: Ninetales\n|-damage|p1a: Ninetales|0 fnt\n|-damage|p1b: Iron Bundle|0 fnt\n|faint|p1a: Ninetales\n|faint|p1b: Iron Bundle\n|-end|p1b: Iron Bundle|Quark Drive|[silent]\n|\n|-weather|Snow|[upkeep]\n|-heal|p2b: Chi-Yu|61\/100|[from] Grassy Terrain\n|upkeep\n|\n|t:|1697016294\n|switch|p1b: Ogerpon|Ogerpon-Wellspring, F|100\/100\n|turn|10\n|c|\u2606Kin+ak (\u2727\u2207\u2727)|Aye\n|c|\u2606Kin+ak (\u2727\u2207\u2727)|gg\n|c|\u2606ouxige|wow\n|c|\u2606ouxige|gg\n|c| Pharmci|nice battle\n|c|\u2606Kin+ak (\u2727\u2207\u2727)|Ye\n|inactive|Kin+ak (\u2727\u2207\u2727) has 120 seconds left.\n|c|\u2606ouxige|yeah\n|c|\u2606Kin+ak (\u2727\u2207\u2727)|Chiyu sgould have 150 spa\n|c|\u2606Kin+ak (\u2727\u2207\u2727)|So i can beat u rn\n|\n|t:|1697016337\n|move|p2b: Chi-Yu|Heat Wave|p1b: Ogerpon\n|-damage|p1b: Ogerpon|34\/100\n|-status|p1b: Ogerpon|brn\n|move|p1b: Ogerpon|Play Rough|p2b: Chi-Yu\n|-crit|p2b: Chi-Yu\n|-damage|p2b: Chi-Yu|26\/100\n|\n|-weather|none\n|-heal|p2b: Chi-Yu|32\/100|[from] Grassy Terrain\n|-heal|p1b: Ogerpon|40\/100 brn|[from] Grassy Terrain\n|-damage|p1b: Ogerpon|34\/100 brn|[from] brn\n|upkeep\n|turn|11\n|c|\u2606ouxige|wtf burn\n|c|\u2606Kin+ak (\u2727\u2207\u2727)|UNBELIEVABLE\n|inactive|Kin+ak (\u2727\u2207\u2727) has 120 seconds left.\n|c|\u2606Kin+ak (\u2727\u2207\u2727)|GOD HEARD ME\n|c| Pharmci|no way\n|c|\u2606Kin+ak (\u2727\u2207\u2727)|THANK GOD\n|\n|t:|1697016366\n|move|p2b: Chi-Yu|Heat Wave|p1b: Ogerpon\n|-damage|p1b: Ogerpon|0 fnt\n|faint|p1b: Ogerpon\n|\n|win|Kin+ak (\u2727\u2207\u2727)\n|raw|ouxige's rating: 1289 &rarr; <strong>1281<\/strong><br \/>(-8 for losing)\n|raw|Kin+ak (\u2727\u2207\u2727)'s rating: 1574 &rarr; <strong>1580<\/strong><br \/>(+6 for winning)\n|c|\u2606ouxige|gg\n|c|\u2606Kin+ak (\u2727\u2207\u2727)|gg\n|c| Pharmci|dude\n|c|\u2606Kin+ak (\u2727\u2207\u2727)|Wow\n|c|\u2606Kin+ak (\u2727\u2207\u2727)|crazy luck\n|c| Pharmci|nice luck ya got there\n|c|\u2606ouxige|crazy\n|c|\u2606Kin+ak (\u2727\u2207\u2727)|Why didnt ya\n|c|\u2606Kin+ak (\u2727\u2207\u2727)|Ivy cudgeld\n|c| Pharmci|fr\n|c|\u2606Kin+ak (\u2727\u2207\u2727)|cuz there even w\/o burn i would've won tho\n|c|\u2606Kin+ak (\u2727\u2207\u2727)|With play rough\n|c|\u2606ouxige|^ ^\n|c|\u2606Kin+ak (\u2727\u2207\u2727)|And bTw thank you so much\n|c|\u2606Kin+ak (\u2727\u2207\u2727)|I need elo so i can take some revenge\n|c|\u2606ouxige|thank you too\n|c|\u2606ouxige|yea\n|c|\u2606Kin+ak (\u2727\u2207\u2727)|What did I do\n|c|\u2606ouxige|maybe I will pay more attention to the luck\n|c|\u2606ouxige|^ ^\n|c|\u2606Kin+ak (\u2727\u2207\u2727)|And bTw very nice team\n|c|\u2606ouxige|you too\n|c|\u2606Kin+ak (\u2727\u2207\u2727)|I was #4 with that team <3\n|c|\u2606ouxige|go for winning\n|c|\u2606ouxige|good luck\n|c|\u2606ouxige|bye\n","uploadtime":1697016633,"views":6,"p1id":"ouxige","p2id":"kinak","formatid":"gen9nationaldexdoubles","rating":1281,"private":0,"password":""}