{"id":"gen9nationaldexdoubles-1965568821","p1":"sludge3456","p2":"Sc4rletQu33n","format":"[Gen 9] National Dex Doubles","log":"|j|\u2606sludge3456\n|j|\u2606Sc4rletQu33n\n|t:|1697089497\n|gametype|doubles\n|player|p1|sludge3456|dragontamer|1021\n|player|p2|Sc4rletQu33n|cynthia-gen4|1161\n|teamsize|p1|6\n|teamsize|p2|6\n|gen|9\n|tier|[Gen 9] National Dex Doubles\n|rated|\n|rule|HP Percentage Mod: HP is shown in percentages\n|rule|Endless Battle Clause: Forcing endless battles is banned\n|rule|OHKO Clause: OHKO moves are banned\n|rule|Evasion Moves Clause: Evasion moves are banned\n|rule|Evasion Abilities Clause: Evasion abilities are banned\n|rule|Species Clause: Limit one of each Pok\u00e9mon\n|rule|Gravity Sleep Clause: The combination of sleep-inducing moves with imperfect accuracy and Gravity or Gigantamax Orbeetle are banned\n|clearpoke\n|poke|p1|Chesnaught, M|\n|poke|p1|Delphox, M|\n|poke|p1|Samurott-Hisui, F|\n|poke|p1|Garchomp, M|\n|poke|p1|Tinkaton, F|\n|poke|p1|Gengar, M|\n|poke|p2|Medicham, F|\n|poke|p2|Regigigas|\n|poke|p2|Landorus-Therian, M|\n|poke|p2|Venusaur, F|\n|poke|p2|Incineroar, F|\n|poke|p2|Basculegion-F, F|\n|teampreview\n|\n|t:|1697089504\n|start\n|switch|p1a: Knight|Chesnaught, M|100\/100\n|switch|p1b: Samura\u00ef|Samurott-Hisui, F|100\/100\n|switch|p2a: Medicham|Medicham, F|100\/100\n|switch|p2b: Regigigas|Regigigas|100\/100\n|-start|p2b: Regigigas|ability: Slow Start\n|turn|1\n|\n|t:|1697089526\n|move|p2a: Medicham|Skill Swap|p2b: Regigigas\n|-activate|p2a: Medicham|move: Skill Swap|||[of] p2b: Regigigas\n|-end|p2b: Regigigas|Slow Start|[silent]\n|-start|p2a: Medicham|ability: Slow Start\n|move|p2b: Regigigas|Drain Punch|p1b: Samura\u00ef\n|-supereffective|p1b: Samura\u00ef\n|-damage|p1b: Samura\u00ef|0 fnt\n|faint|p1b: Samura\u00ef\n|move|p1a: Knight|Brick Break|p2b: Regigigas\n|-supereffective|p2b: Regigigas\n|-damage|p2b: Regigigas|51\/100\n|\n|upkeep\n|\n|t:|1697089543\n|switch|p1b: Babysharkdududu|Garchomp, M|100\/100\n|turn|2\n|\n|t:|1697089557\n|switch|p1b: Heavyham(mer)|Tinkaton, F|100\/100\n|-ability|p1b: Heavyham(mer)|Mold Breaker\n|move|p2b: Regigigas|Zen Headbutt|p1a: Knight\n|-supereffective|p1a: Knight\n|-damage|p1a: Knight|0 fnt\n|faint|p1a: Knight\n|move|p2a: Medicham|Skill Swap|p1b: Heavyham(mer)\n|-activate|p2a: Medicham|move: Skill Swap|Mold Breaker|Slow Start|[of] p1b: Heavyham(mer)\n|-end|p2a: Medicham|Slow Start|[silent]\n|-ability|p2a: Medicham|Mold Breaker\n|-start|p1b: Heavyham(mer)|ability: Slow Start\n|\n|upkeep\n|\n|t:|1697089574\n|switch|p1a: Poltergeist|Gengar, M|100\/100\n|turn|3\n|\n|t:|1697089587\n|move|p2b: Regigigas|Earthquake|p1b: Heavyham(mer)|[spread] p2a,p1a,p1b\n|-supereffective|p1a: Poltergeist\n|-supereffective|p1b: Heavyham(mer)\n|-enditem|p2a: Medicham|Focus Sash\n|-damage|p2a: Medicham|1\/100\n|-enditem|p1a: Poltergeist|Focus Sash\n|-damage|p1a: Poltergeist|1\/100\n|-damage|p1b: Heavyham(mer)|0 fnt\n|faint|p1b: Heavyham(mer)\n|-end|p1b: Heavyham(mer)|Slow Start|[silent]\n|move|p1a: Poltergeist|Drain Punch|p2b: Regigigas\n|-supereffective|p2b: Regigigas\n|-damage|p2b: Regigigas|27\/100\n|-heal|p1a: Poltergeist|16\/100|[from] drain|[of] p2b: Regigigas\n|move|p2a: Medicham|Zen Headbutt|p1a: Poltergeist\n|-supereffective|p1a: Poltergeist\n|-damage|p1a: Poltergeist|0 fnt\n|faint|p1a: Poltergeist\n|\n|upkeep\n|\n|t:|1697089607\n|switch|p1a: Magik|Delphox, M|100\/100\n|switch|p1b: Babysharkdududu|Garchomp, M|100\/100\n|turn|4\n|\n|t:|1697089624\n|move|p2a: Medicham|Bullet Punch|p1b: Babysharkdududu\n|-damage|p1b: Babysharkdududu|93\/100\n|-damage|p2a: Medicham|0 fnt|[from] ability: Rough Skin|[of] p1b: Babysharkdududu\n|faint|p2a: Medicham\n|move|p2b: Regigigas|Earthquake|p1b: Babysharkdududu|[spread] p1a,p1b\n|-supereffective|p1a: Magik\n|-damage|p1a: Magik|0 fnt\n|-damage|p1b: Babysharkdududu|41\/100\n|faint|p1a: Magik\n|move|p1b: Babysharkdududu|Dragon Claw|p2b: Regigigas\n|-damage|p2b: Regigigas|0 fnt\n|faint|p2b: Regigigas\n|\n|upkeep\n|\n|t:|1697089639\n|switch|p2b: Basculegion|Basculegion-F, F|100\/100\n|switch|p2a: Landorus|Landorus-Therian, M|100\/100\n|-ability|p2a: Landorus|Intimidate|boost\n|-unboost|p1b: Babysharkdududu|atk|1\n|turn|5\n|c|\u2606Sc4rletQu33n|GG\n|\n|t:|1697089666\n|move|p2b: Basculegion|Ice Fang|p1b: Babysharkdududu\n|-supereffective|p1b: Babysharkdududu\n|-damage|p1b: Babysharkdududu|0 fnt\n|-damage|p2b: Basculegion|88\/100|[from] ability: Rough Skin|[of] p1b: Babysharkdududu\n|-damage|p2b: Basculegion|72\/100|[from] item: Rocky Helmet|[of] p1b: Babysharkdududu\n|faint|p1b: Babysharkdududu\n|\n|win|Sc4rletQu33n\n|raw|sludge3456's rating: 1021 &rarr; <strong>1013<\/strong><br \/>(-8 for losing)\n|raw|Sc4rletQu33n's rating: 1161 &rarr; <strong>1176<\/strong><br \/>(+15 for winning)\n|l|\u2606sludge3456\n","uploadtime":1697089689,"views":7,"p1id":"sludge3456","p2id":"sc4rletqu33n","formatid":"gen9nationaldexdoubles","rating":1013,"private":0,"password":""}