{"id":"gen9nationaldexdoubles-1971785410","p1":"Elianete112237","p2":"DragsAlt","format":"[Gen 9] National Dex Doubles","log":"|j|\u2606Elianete112237\n|j|\u2606DragsAlt\n|t:|1697772022\n|gametype|doubles\n|player|p1|Elianete112237|2|1182\n|player|p2|DragsAlt|janine|1197\n|teamsize|p1|6\n|teamsize|p2|6\n|gen|9\n|tier|[Gen 9] National Dex Doubles\n|rated|\n|rule|HP Percentage Mod: HP is shown in percentages\n|rule|Endless Battle Clause: Forcing endless battles is banned\n|rule|OHKO Clause: OHKO moves are banned\n|rule|Evasion Moves Clause: Evasion moves are banned\n|rule|Evasion Abilities Clause: Evasion abilities are banned\n|rule|Species Clause: Limit one of each Pok\u00e9mon\n|rule|Gravity Sleep Clause: The combination of sleep-inducing moves with imperfect accuracy and Gravity or Gigantamax Orbeetle are banned\n|clearpoke\n|poke|p1|Whimsicott, F|\n|poke|p1|Terrakion|\n|poke|p1|Gothitelle, F|\n|poke|p1|Incineroar, M|\n|poke|p1|Charizard, M|\n|poke|p1|Venusaur, M|\n|poke|p2|Flygon, M|\n|poke|p2|Mimikyu, F|\n|poke|p2|Volcarona, M|\n|poke|p2|Oricorio-Pa'u, M|\n|poke|p2|Tornadus, M|\n|poke|p2|Shiftry, M|\n|teampreview\n|\n|t:|1697772038\n|start\n|switch|p1a: Terrakion|Terrakion|100\/100\n|switch|p1b: Whimsicott|Whimsicott, F|100\/100\n|switch|p2a: Danny Choice|Flygon, M|100\/100\n|switch|p2b: Bird.|Volcarona, M|100\/100\n|turn|1\n|\n|t:|1697772057\n|-terastallize|p1a: Terrakion|Flying\n|-terastallize|p2b: Bird.|Grass\n|move|p2a: Danny Choice|First Impression|p1b: Whimsicott\n|-damage|p1b: Whimsicott|59\/100\n|-damage|p2a: Danny Choice|91\/100|[from] item: Life Orb\n|move|p1b: Whimsicott|Beat Up|p1a: Terrakion\n|-crit|p1a: Terrakion\n|-damage|p1a: Terrakion|96\/100\n|-ability|p1a: Terrakion|Justified|boost\n|-boost|p1a: Terrakion|atk|1\n|-damage|p1a: Terrakion|94\/100\n|-ability|p1a: Terrakion|Justified|boost\n|-boost|p1a: Terrakion|atk|1\n|-damage|p1a: Terrakion|92\/100\n|-ability|p1a: Terrakion|Justified|boost\n|-boost|p1a: Terrakion|atk|1\n|-damage|p1a: Terrakion|89\/100\n|-ability|p1a: Terrakion|Justified|boost\n|-boost|p1a: Terrakion|atk|1\n|-crit|p1a: Terrakion\n|-damage|p1a: Terrakion|86\/100\n|-ability|p1a: Terrakion|Justified|boost\n|-boost|p1a: Terrakion|atk|1\n|-damage|p1a: Terrakion|83\/100\n|-ability|p1a: Terrakion|Justified|boost\n|-boost|p1a: Terrakion|atk|1\n|-hitcount|p1a: Terrakion|6\n|move|p1a: Terrakion|Rock Slide|p2a: Danny Choice|[spread] p2a,p2b\n|-resisted|p2a: Danny Choice\n|-damage|p2a: Danny Choice|13\/100\n|-damage|p2b: Bird.|0 fnt\n|faint|p2b: Bird.\n|\n|upkeep\n|c|\u2606DragsAlt|YO THATS SICK\n|\n|t:|1697772084\n|switch|p2b: Buff Daddy|Tornadus, M|100\/100\n|turn|2\n|\n|t:|1697772098\n|move|p2b: Buff Daddy|Tailwind|p2b: Buff Daddy\n|-sidestart|p2: DragsAlt|move: Tailwind\n|move|p2a: Danny Choice|Dragon Claw|p1a: Terrakion\n|-damage|p1a: Terrakion|25\/100\n|-damage|p2a: Danny Choice|3\/100|[from] item: Life Orb\n|move|p1b: Whimsicott|Dazzling Gleam|p2a: Danny Choice|[spread] p2a,p2b\n|-supereffective|p2a: Danny Choice\n|-damage|p2a: Danny Choice|0 fnt\n|-damage|p2b: Buff Daddy|88\/100\n|faint|p2a: Danny Choice\n|move|p1a: Terrakion|Rock Slide|p2b: Buff Daddy\n|-supereffective|p2b: Buff Daddy\n|-damage|p2b: Buff Daddy|0 fnt\n|faint|p2b: Buff Daddy\n|\n|upkeep\n|\n|t:|1697772112\n|switch|p2a: oni-chan OwO|Shiftry, M|100\/100\n|switch|p2b: Sick with it|Oricorio-Pa'u, M|100\/100\n|-ability|p2a: oni-chan OwO|Wind Rider|boost\n|-boost|p2a: oni-chan OwO|atk|1\n|turn|3\n|\n|t:|1697772123\n|switch|p1b: Gothitelle|Gothitelle, F|100\/100\n|move|p2b: Sick with it|Air Slash|p1b: Gothitelle|[miss]\n|-miss|p2b: Sick with it|p1b: Gothitelle\n|move|p2a: oni-chan OwO|Rock Slide|p1a: Terrakion|[spread] p1a,p1b\n|-supereffective|p1a: Terrakion\n|-crit|p1b: Gothitelle\n|-damage|p1a: Terrakion|0 fnt\n|-damage|p1b: Gothitelle|51\/100\n|faint|p1a: Terrakion\n|-damage|p2a: oni-chan OwO|91\/100|[from] item: Life Orb\n|\n|upkeep\n|\n|t:|1697772137\n|switch|p1a: Incineroar|Incineroar, M|100\/100\n|-ability|p1a: Incineroar|Intimidate|boost\n|-unboost|p2a: oni-chan OwO|atk|1\n|-unboost|p2b: Sick with it|atk|1\n|turn|4\n|\n|t:|1697772162\n|move|p1a: Incineroar|Fake Out|p2a: oni-chan OwO\n|-damage|p2a: oni-chan OwO|59\/100\n|-damage|p1a: Incineroar|91\/100|[from] item: Life Orb\n|move|p2b: Sick with it|Tailwind||[still]\n|-fail|p2b: Sick with it\n|cant|p2a: oni-chan OwO|flinch\n|move|p1b: Gothitelle|Psychic|p2b: Sick with it\n|-resisted|p2b: Sick with it\n|-damage|p2b: Sick with it|75\/100\n|-unboost|p2b: Sick with it|spd|1\n|\n|-heal|p2b: Sick with it|82\/100|[from] item: Leftovers\n|upkeep\n|turn|5\n|inactive|Battle timer is ON: inactive players will automatically lose when time's up. (requested by DragsAlt)\n|inactive|Elianete112237 has 120 seconds left.\n|inactive|Elianete112237 has 90 seconds left.\n|c|\u2606DragsAlt|YO FAM HURRY UP INNIT FUCKING MENTAL (jk jk)\n|\n|t:|1697772273\n|move|p1b: Gothitelle|Ally Switch|p1b: Gothitelle\n|swap|p1b: Gothitelle|0|[from] move: Ally Switch\n|move|p2b: Sick with it|Air Slash|p1b: Incineroar\n|-damage|p1b: Incineroar|58\/100\n|move|p2a: oni-chan OwO|Rock Slide|p1a: Gothitelle|[spread] p1a,p1b\n|-supereffective|p1b: Incineroar\n|-damage|p1a: Gothitelle|30\/100\n|-damage|p1b: Incineroar|17\/100\n|-damage|p2a: oni-chan OwO|49\/100|[from] item: Life Orb\n|move|p1b: Incineroar|Drain Punch|p2a: oni-chan OwO\n|-supereffective|p2a: oni-chan OwO\n|-damage|p2a: oni-chan OwO|0 fnt\n|-heal|p1b: Incineroar|37\/100|[from] drain|[of] p2a: oni-chan OwO\n|faint|p2a: oni-chan OwO\n|-damage|p1b: Incineroar|27\/100|[from] item: Life Orb\n|\n|-heal|p2b: Sick with it|88\/100|[from] item: Leftovers\n|-sideend|p2: DragsAlt|move: Tailwind\n|upkeep\n|\n|t:|1697772283\n|switch|p2a: MY BABY|Mimikyu, F, shiny|100\/100\n|turn|6\n|\n|t:|1697772297\n|move|p2a: MY BABY|Swords Dance|p2a: MY BABY\n|-boost|p2a: MY BABY|atk|2\n|-activate|p2b: Sick with it|ability: Dancer\n|move|p2b: Sick with it|Swords Dance|p2b: Sick with it|[from]ability: Dancer\n|-boost|p2b: Sick with it|atk|2\n|move|p2b: Sick with it|Tailwind|p2b: Sick with it\n|-sidestart|p2: DragsAlt|move: Tailwind\n|move|p1a: Gothitelle|Heal Pulse|p1b: Incineroar\n|-heal|p1b: Incineroar|77\/100\n|move|p1b: Incineroar|Knock Off|p2b: Sick with it\n|-supereffective|p2b: Sick with it\n|-damage|p2b: Sick with it|0 fnt\n|-enditem|p2b: Sick with it|Leftovers|[from] move: Knock Off|[of] p1b: Incineroar\n|faint|p2b: Sick with it\n|-damage|p1b: Incineroar|67\/100|[from] item: Life Orb\n|\n|upkeep\n|turn|7\n|inactive|DragsAlt has 120 seconds left.\n|\n|t:|1697772329\n|move|p2a: MY BABY|Shadow Sneak|p1a: Gothitelle\n|-supereffective|p1a: Gothitelle\n|-damage|p1a: Gothitelle|0 fnt\n|faint|p1a: Gothitelle\n|-damage|p2a: MY BABY|91\/100|[from] item: Life Orb\n|move|p1b: Incineroar|Blaze Kick|p2a: MY BABY\n|-activate|p2a: MY BABY|ability: Disguise\n|-damage|p2a: MY BABY|91\/100\n|detailschange|p2a: MY BABY|Mimikyu-Busted, F, shiny\n|-damage|p2a: MY BABY|78\/100|[from] pokemon: Mimikyu-Busted\n|-damage|p1b: Incineroar|57\/100|[from] item: Life Orb\n|\n|upkeep\n|inactive|Elianete112237 has 120 seconds left.\n|\n|t:|1697772346\n|switch|p1a: Charizard|Charizard, M|100\/100\n|turn|8\n|\n|t:|1697772353\n|detailschange|p1a: Charizard|Charizard-Mega-Y, M\n|-mega|p1a: Charizard|Charizard|Charizardite Y\n|-weather|SunnyDay|[from] ability: Drought|[of] p1a: Charizard\n|move|p1a: Charizard|Protect|p1a: Charizard\n|-singleturn|p1a: Charizard|Protect\n|move|p2a: MY BABY|Shadow Claw|p1a: Charizard\n|-activate|p1a: Charizard|move: Protect\n|move|p1b: Incineroar|Blaze Kick|p2a: MY BABY\n|-damage|p2a: MY BABY|0 fnt\n|faint|p2a: MY BABY\n|-damage|p1b: Incineroar|47\/100|[from] item: Life Orb\n|\n|win|Elianete112237\n|raw|Elianete112237's rating: 1182 &rarr; <strong>1208<\/strong><br \/>(+26 for winning)\n|raw|DragsAlt's rating: 1197 &rarr; <strong>1171<\/strong><br \/>(-26 for losing)\n","uploadtime":1697772257,"views":8,"p1id":"elianete112237","p2id":"dragsalt","formatid":"gen9nationaldexdoubles","rating":1171,"private":0,"password":""}