{"id":"gen9nationaldexdoubles-1994040053","p1":"toffee1497","p2":"Edu6cr","format":"[Gen 9] National Dex Doubles","log":"|j|\u2606toffee1497\n|j|\u2606Edu6cr\n|t:|1700398294\n|gametype|doubles\n|player|p1|toffee1497|101|1277\n|player|p2|Edu6cr|drayden|1086\n|teamsize|p1|6\n|teamsize|p2|6\n|gen|9\n|tier|[Gen 9] National Dex Doubles\n|rated|\n|rule|HP Percentage Mod: HP is shown in percentages\n|rule|Endless Battle Clause: Forcing endless battles is banned\n|rule|OHKO Clause: OHKO moves are banned\n|rule|Evasion Moves Clause: Evasion moves are banned\n|rule|Evasion Abilities Clause: Evasion abilities are banned\n|rule|Species Clause: Limit one of each Pok\u00e9mon\n|rule|Gravity Sleep Clause: The combination of sleep-inducing moves with imperfect accuracy and Gravity or Gigantamax Orbeetle are banned\n|clearpoke\n|poke|p1|Pelipper, F|\n|poke|p1|Banette, F|\n|poke|p1|Arcanine, M|\n|poke|p1|Aurorus, F|\n|poke|p1|Goodra, M|\n|poke|p1|Kommo-o, F|\n|poke|p2|Charizard, M|\n|poke|p2|Jolteon, M|\n|poke|p2|Urshifu-*, M|\n|poke|p2|Grafaiai, F|\n|poke|p2|Munchlax, F|\n|poke|p2|Samurott-Hisui, M|\n|teampreview\n|\n|t:|1700398312\n|start\n|switch|p1a: Pelipper|Pelipper, F|100\/100\n|switch|p1b: Goodra|Goodra, M|100\/100\n|switch|p2a: Lizardo|Charizard, M, shiny|100\/100\n|switch|p2b: Shnaider|Jolteon, M|100\/100\n|-item|p2b: Shnaider|Air Balloon\n|-weather|RainDance|[from] ability: Drizzle|[of] p1a: Pelipper\n|turn|1\n|\n|t:|1700398348\n|-terastallize|p2a: Lizardo|Water\n|move|p2b: Shnaider|Thunderbolt|p1a: Pelipper\n|-supereffective|p1a: Pelipper\n|-damage|p1a: Pelipper|0 fnt\n|faint|p1a: Pelipper\n|move|p2a: Lizardo|Dragon Pulse|p1b: Goodra\n|-supereffective|p1b: Goodra\n|-damage|p1b: Goodra|78\/100\n|-damage|p2a: Lizardo|91\/100|[from] item: Life Orb\n|move|p1b: Goodra|Thunder|p2a: Lizardo\n|-supereffective|p2a: Lizardo\n|-damage|p2a: Lizardo|14\/100\n|-status|p2a: Lizardo|par\n|\n|-weather|RainDance|[upkeep]\n|upkeep\n|\n|t:|1700398362\n|switch|p1a: Aurorus|Aurorus, F|100\/100\n|-weather|Snow|[from] ability: Snow Warning|[of] p1a: Aurorus\n|turn|2\n|\n|t:|1700398372\n|move|p2b: Shnaider|Thunder Wave|p1b: Goodra\n|-status|p1b: Goodra|par\n|move|p1a: Aurorus|Aurora Veil|p1a: Aurorus\n|-sidestart|p1: toffee1497|move: Aurora Veil\n|move|p2a: Lizardo|Tera Blast|p1a: Aurorus|[anim] Tera Blast Water\n|-supereffective|p1a: Aurorus\n|-damage|p1a: Aurorus|46\/100\n|-damage|p2a: Lizardo|5\/100 par|[from] item: Life Orb\n|cant|p1b: Goodra|par\n|\n|-weather|Snow|[upkeep]\n|upkeep\n|turn|3\n|\n|t:|1700398389\n|-terastallize|p1a: Aurorus|Ice\n|move|p2b: Shnaider|Light Screen|p2b: Shnaider\n|-sidestart|p2: Edu6cr|move: Light Screen\n|move|p1a: Aurorus|Blizzard|p2b: Shnaider|[spread] p2a,p2b\n|-resisted|p2a: Lizardo\n|-crit|p2b: Shnaider\n|-damage|p2a: Lizardo|0 fnt\n|-damage|p2b: Shnaider|31\/100\n|-enditem|p2b: Shnaider|Air Balloon\n|faint|p2a: Lizardo\n|move|p1b: Goodra|Blizzard|p2b: Shnaider\n|-damage|p2b: Shnaider|8\/100\n|\n|-weather|Snow|[upkeep]\n|upkeep\n|\n|t:|1700398404\n|switch|p2a: Urshifurro|Urshifu-Rapid-Strike, M|100\/100\n|turn|4\n|\n|t:|1700398418\n|move|p2b: Shnaider|Thunderbolt|p1a: Aurorus\n|-damage|p1a: Aurorus|22\/100\n|move|p2a: Urshifurro|Ice Spinner|p1b: Goodra\n|-supereffective|p1b: Goodra\n|-damage|p1b: Goodra|35\/100 par\n|-ability|p1b: Goodra|Gooey\n|-unboost|p2a: Urshifurro|spe|1\n|move|p1a: Aurorus|Blizzard|p2b: Shnaider|[spread] p2a,p2b\n|-resisted|p2a: Urshifurro\n|-damage|p2a: Urshifurro|81\/100\n|-damage|p2b: Shnaider|0 fnt\n|faint|p2b: Shnaider\n|cant|p1b: Goodra|par\n|\n|-weather|Snow|[upkeep]\n|upkeep\n|\n|t:|1700398435\n|switch|p2b: Ronin|Samurott-Hisui, M|100\/100\n|turn|5\n|\n|t:|1700398452\n|move|p2b: Ronin|Smart Strike|p1a: Aurorus\n|-supereffective|p1a: Aurorus\n|-damage|p1a: Aurorus|7\/100\n|move|p1a: Aurorus|Blizzard|p2b: Ronin|[spread] p2a,p2b\n|-resisted|p2a: Urshifurro\n|-resisted|p2b: Ronin\n|-damage|p2a: Urshifurro|62\/100\n|-damage|p2b: Ronin|89\/100\n|move|p2a: Urshifurro|Ice Spinner|p1b: Goodra\n|-supereffective|p1b: Goodra\n|-damage|p1b: Goodra|0 fnt\n|-ability|p1b: Goodra|Gooey\n|-unboost|p2a: Urshifurro|spe|1\n|faint|p1b: Goodra\n|\n|-weather|Snow|[upkeep]\n|upkeep\n|\n|t:|1700398476\n|switch|p1b: Kommo-o|Kommo-o, F|100\/100\n|turn|6\n|\n|t:|1700398485\n|switch|p2a: Isabell|Grafaiai, F|100\/100\n|move|p2b: Ronin|Aqua Jet|p1a: Aurorus\n|-damage|p1a: Aurorus|1\/100\n|-zpower|p1b: Kommo-o\n|move|p1b: Kommo-o|Clangorous Soulblaze|p2b: Ronin|[zeffect]|[spread] p2a,p2b\n|-damage|p2a: Isabell|55\/100\n|-damage|p2b: Ronin|49\/100\n|-boost|p1b: Kommo-o|atk|1\n|-boost|p1b: Kommo-o|def|1\n|-boost|p1b: Kommo-o|spa|1\n|-boost|p1b: Kommo-o|spd|1\n|-boost|p1b: Kommo-o|spe|1\n|move|p1a: Aurorus|Blizzard|p2a: Isabell|[spread] p2a,p2b\n|-resisted|p2b: Ronin\n|-damage|p2a: Isabell|27\/100\n|-damage|p2b: Ronin|38\/100\n|\n|-weather|none\n|upkeep\n|turn|7\n|\n|t:|1700398514\n|move|p1b: Kommo-o|Protect|p1b: Kommo-o\n|-singleturn|p1b: Kommo-o|Protect\n|move|p2b: Ronin|Aqua Jet|p1a: Aurorus\n|-damage|p1a: Aurorus|0 fnt\n|faint|p1a: Aurorus\n|move|p2a: Isabell|Switcheroo|p1b: Kommo-o\n|-activate|p1b: Kommo-o|move: Protect\n|\n|-sideend|p2: Edu6cr|move: Light Screen\n|upkeep\n|\n|t:|1700398525\n|switch|p1a: Arcanine|Arcanine, M|100\/100\n|-ability|p1a: Arcanine|Intimidate|boost\n|-unboost|p2a: Isabell|atk|1\n|-unboost|p2b: Ronin|atk|1\n|turn|8\n|\n|t:|1700398537\n|move|p1a: Arcanine|Extreme Speed|p2a: Isabell\n|-damage|p2a: Isabell|0 fnt\n|faint|p2a: Isabell\n|-damage|p1a: Arcanine|91\/100|[from] item: Life Orb\n|move|p1b: Kommo-o|Clanging Scales|p2b: Ronin\n|-damage|p2b: Ronin|0 fnt\n|faint|p2b: Ronin\n|-unboost|p1b: Kommo-o|def|1\n|\n|upkeep\n|\n|t:|1700398549\n|switch|p2b: Samantha|Munchlax, F|100\/100\n|switch|p2a: Urshifurro|Urshifu-Rapid-Strike, M|62\/100\n|turn|9\n|\n|t:|1700398564\n|move|p1b: Kommo-o|Clanging Scales|p2a: Urshifurro|[spread] p2a,p2b\n|-damage|p2a: Urshifurro|0 fnt\n|-damage|p2b: Samantha|68\/100\n|faint|p2a: Urshifurro\n|-unboost|p1b: Kommo-o|def|1\n|move|p1a: Arcanine|Wild Charge|p2b: Samantha\n|-damage|p2b: Samantha|35\/100\n|-damage|p1a: Arcanine|78\/100|[from] Recoil\n|-damage|p1a: Arcanine|68\/100|[from] item: Life Orb\n|move|p2b: Samantha|Curse|p2b: Samantha\n|-unboost|p2b: Samantha|spe|1\n|-boost|p2b: Samantha|atk|1\n|-boost|p2b: Samantha|def|1\n|\n|-sideend|p1: toffee1497|move: Aurora Veil\n|upkeep\n|turn|10\n|\n|t:|1700398583\n|move|p1a: Arcanine|Extreme Speed|p2b: Samantha\n|-crit|p2b: Samantha\n|-damage|p2b: Samantha|0 fnt\n|faint|p2b: Samantha\n|-damage|p1a: Arcanine|58\/100|[from] item: Life Orb\n|\n|win|toffee1497\n|raw|toffee1497's rating: 1277 &rarr; <strong>1289<\/strong><br \/>(+12 for winning)\n|raw|Edu6cr's rating: 1086 &rarr; <strong>1075<\/strong><br \/>(-11 for losing)\n","uploadtime":1700398598,"views":7,"p1id":"toffee1497","p2id":"edu6cr","formatid":"gen9nationaldexdoubles","rating":1075,"private":0,"password":""}