{"id":"gen9nationaldexdoubles-1972800608","p1":"omegashenronone","p2":"khush19","format":"[Gen 9] National Dex Doubles","log":"|j|\u2606omegashenronone\n|j|\u2606khush19\n|t:|1697896686\n|gametype|doubles\n|player|p1|omegashenronone|hugh|\n|player|p2|khush19|n|\n|teamsize|p1|6\n|teamsize|p2|6\n|gen|9\n|tier|[Gen 9] National Dex Doubles\n|rule|HP Percentage Mod: HP is shown in percentages\n|rule|Endless Battle Clause: Forcing endless battles is banned\n|rule|OHKO Clause: OHKO moves are banned\n|rule|Evasion Moves Clause: Evasion moves are banned\n|rule|Evasion Abilities Clause: Evasion abilities are banned\n|rule|Species Clause: Limit one of each Pok\u00e9mon\n|rule|Gravity Sleep Clause: The combination of sleep-inducing moves with imperfect accuracy and Gravity or Gigantamax Orbeetle are banned\n|clearpoke\n|poke|p1|Pelipper, M|\n|poke|p1|Gyarados, F|\n|poke|p1|Greninja-*, M|\n|poke|p1|Dracovish|\n|poke|p1|Walking Wake|\n|poke|p1|Rotom-Wash|\n|poke|p2|Cinderace, F|\n|poke|p2|Swampert, F|\n|poke|p2|Blaziken, F|\n|poke|p2|Mimikyu, M|\n|poke|p2|Greninja-*, F|\n|poke|p2|Zapdos|\n|teampreview\n|inactive|Battle timer is ON: inactive players will automatically lose when time's up. (requested by omegashenronone)\n|c|\u2606khush19|Alr glhf\n|\n|t:|1697896710\n|start\n|switch|p1a: Happy|Pelipper, M|100\/100\n|switch|p1b: Former rotom phone|Rotom-Wash, shiny|100\/100\n|switch|p2a: Blaziken|Blaziken, F|100\/100\n|switch|p2b: Swampert|Swampert, F|100\/100\n|-weather|RainDance|[from] ability: Drizzle|[of] p1a: Happy\n|turn|1\n|c|\u2606omegashenronone|You 2\n|\n|t:|1697896738\n|detailschange|p2b: Swampert|Swampert-Mega, F\n|-mega|p2b: Swampert|Swampert|Swampertite\n|move|p2a: Blaziken|Protect|p2a: Blaziken\n|-singleturn|p2a: Blaziken|Protect\n|move|p2b: Swampert|Yawn|p1b: Former rotom phone\n|-start|p1b: Former rotom phone|move: Yawn|[of] p2b: Swampert\n|move|p1b: Former rotom phone|Hyper Voice|p2a: Blaziken|[spread] p2b\n|-activate|p2a: Blaziken|move: Protect\n|-damage|p2b: Swampert|81\/100\n|-damage|p1b: Former rotom phone|91\/100|[from] item: Life Orb\n|move|p1a: Happy|Tailwind|p1a: Happy\n|-sidestart|p1: omegashenronone|move: Tailwind\n|\n|-weather|RainDance|[upkeep]\n|-ability|p2a: Blaziken|Speed Boost|boost\n|-boost|p2a: Blaziken|spe|1\n|upkeep\n|turn|2\n|inactive|khush19 has 270 seconds left.\n|inactive|khush19 has 240 seconds left.\n|\n|t:|1697896800\n|switch|p1b: CHERRY|Gyarados, F, shiny|100\/100\n|-ability|p1b: CHERRY|Intimidate|boost\n|-unboost|p2a: Blaziken|atk|1\n|-unboost|p2b: Swampert|atk|1\n|move|p2b: Swampert|Ice Beam|p1a: Happy\n|-damage|p1a: Happy|80\/100\n|move|p2a: Blaziken|Bulk Up|p2a: Blaziken\n|-boost|p2a: Blaziken|atk|1\n|-boost|p2a: Blaziken|def|1\n|move|p1a: Happy|Icy Wind|p2a: Blaziken|[spread] p2a,p2b\n|-resisted|p2a: Blaziken\n|-damage|p2a: Blaziken|94\/100\n|-damage|p2b: Swampert|75\/100\n|-unboost|p2a: Blaziken|spe|1\n|-unboost|p2b: Swampert|spe|1\n|\n|-weather|RainDance|[upkeep]\n|-ability|p2a: Blaziken|Speed Boost|boost\n|-boost|p2a: Blaziken|spe|1\n|upkeep\n|turn|3\n|inactive|khush19 has 240 seconds left.\n|\n|t:|1697896830\n|move|p2a: Blaziken|Protect|p2a: Blaziken\n|-singleturn|p2a: Blaziken|Protect\n|move|p1b: CHERRY|Waterfall|p2b: Swampert\n|-damage|p2b: Swampert|19\/100\n|move|p2b: Swampert|Yawn|p1b: CHERRY\n|-start|p1b: CHERRY|move: Yawn|[of] p2b: Swampert\n|move|p1a: Happy|Icy Wind|p2b: Swampert|[spread] \n|-activate|p2a: Blaziken|move: Protect\n|-miss|p1a: Happy|p2b: Swampert\n|\n|-weather|RainDance|[upkeep]\n|-ability|p2a: Blaziken|Speed Boost|boost\n|-boost|p2a: Blaziken|spe|1\n|upkeep\n|turn|4\n|inactive|khush19 has 240 seconds left.\n|inactive|omegashenronone has 270 seconds left.\n|inactive|khush19 has 210 seconds left.\n|inactive|khush19 has 180 seconds left.\n|\n|t:|1697896920\n|detailschange|p1b: CHERRY|Gyarados-Mega, F, shiny\n|-mega|p1b: CHERRY|Gyarados|Gyaradosite\n|-ability|p1b: CHERRY|Mold Breaker\n|-terastallize|p2a: Blaziken|Water\n|move|p1b: CHERRY|Waterfall|p2a: Blaziken\n|-resisted|p2a: Blaziken\n|-damage|p2a: Blaziken|53\/100\n|move|p2a: Blaziken|Thunder Punch|p1a: Happy\n|-supereffective|p1a: Happy\n|-damage|p1a: Happy|0 fnt\n|faint|p1a: Happy\n|-damage|p2a: Blaziken|43\/100|[from] item: Life Orb\n|move|p2b: Swampert|Yawn||[still]\n|-fail|p2b: Swampert\n|\n|-weather|RainDance|[upkeep]\n|-end|p1b: CHERRY|move: Yawn|[silent]\n|-status|p1b: CHERRY|slp\n|-sideend|p1: omegashenronone|move: Tailwind\n|-ability|p2a: Blaziken|Speed Boost|boost\n|-boost|p2a: Blaziken|spe|1\n|upkeep\n|\n|t:|1697896942\n|switch|p1a: Former rotom phone|Rotom-Wash, shiny|91\/100\n|turn|5\n|inactive|omegashenronone has 270 seconds left.\n|inactive|khush19 has 180 seconds left.\n|inactive|khush19 has 150 seconds left.\n|\n|t:|1697897007\n|move|p2a: Blaziken|Thunder Punch|p1b: CHERRY\n|-supereffective|p1b: CHERRY\n|-damage|p1b: CHERRY|35\/100 slp\n|-damage|p2a: Blaziken|33\/100|[from] item: Life Orb\n|move|p2b: Swampert|Ice Beam|p1a: Former rotom phone\n|-resisted|p1a: Former rotom phone\n|-damage|p1a: Former rotom phone|81\/100\n|cant|p1b: CHERRY|slp\n|move|p1a: Former rotom phone|Thunder|p2a: Blaziken\n|-supereffective|p2a: Blaziken\n|-damage|p2a: Blaziken|0 fnt\n|faint|p2a: Blaziken\n|-damage|p1a: Former rotom phone|71\/100|[from] item: Life Orb\n|\n|-weather|RainDance|[upkeep]\n|upkeep\n|inactive|khush19 has 120 seconds left.\n|\n|t:|1697897048\n|switch|p2a: Cinderace|Cinderace, F|100\/100\n|turn|6\n|\n|t:|1697897061\n|move|p2a: Cinderace|Sucker Punch|p1a: Former rotom phone\n|-start|p2a: Cinderace|typechange|Dark|[from] ability: Libero\n|-damage|p1a: Former rotom phone|21\/100\n|-damage|p2a: Cinderace|91\/100|[from] item: Life Orb\n|move|p2b: Swampert|Ice Beam|p1b: CHERRY\n|-resisted|p1b: CHERRY\n|-damage|p1b: CHERRY|28\/100 slp\n|cant|p1b: CHERRY|slp\n|move|p1a: Former rotom phone|Hyper Voice|p2b: Swampert|[spread] p2a,p2b\n|-damage|p2a: Cinderace|51\/100\n|-damage|p2b: Swampert|0 fnt\n|faint|p2b: Swampert\n|-damage|p1a: Former rotom phone|11\/100|[from] item: Life Orb\n|\n|-weather|RainDance|[upkeep]\n|upkeep\n|inactive|khush19 has 120 seconds left.\n|\n|t:|1697897078\n|switch|p2b: Mimikyu|Mimikyu, M|100\/100\n|turn|7\n|\n|t:|1697897095\n|move|p2a: Cinderace|Sucker Punch|p1a: Former rotom phone\n|-damage|p1a: Former rotom phone|0 fnt\n|faint|p1a: Former rotom phone\n|-damage|p2a: Cinderace|41\/100|[from] item: Life Orb\n|move|p2b: Mimikyu|Shadow Sneak|p1b: CHERRY\n|-resisted|p1b: CHERRY\n|-damage|p1b: CHERRY|19\/100 slp\n|-damage|p2b: Mimikyu|91\/100|[from] item: Life Orb\n|cant|p1b: CHERRY|slp\n|\n|-weather|RainDance|[upkeep]\n|upkeep\n|\n|t:|1697897115\n|switch|p1a: Genji|Greninja, M, shiny|100\/100\n|turn|8\n|inactive|khush19 has 150 seconds left.\n|\n|t:|1697897128\n|move|p1a: Genji|U-turn|p2b: Mimikyu\n|-start|p1a: Genji|typechange|Bug|[from] ability: Protean\n|-activate|p2b: Mimikyu|ability: Disguise\n|-damage|p2b: Mimikyu|91\/100\n|detailschange|p2b: Mimikyu|Mimikyu-Busted, M\n|-damage|p2b: Mimikyu|78\/100|[from] pokemon: Mimikyu-Busted\n|\n|t:|1697897139\n|switch|p1a: Waking walk|Walking Wake|100\/100|[from] U-turn\n|-enditem|p1a: Waking walk|Booster Energy\n|-activate|p1a: Waking walk|ability: Protosynthesis|[fromitem]\n|-start|p1a: Waking walk|protosynthesisspa\n|move|p2a: Cinderace|High Jump Kick|p1a: Waking walk\n|-damage|p1a: Waking walk|41\/100\n|-damage|p2a: Cinderace|31\/100|[from] item: Life Orb\n|move|p2b: Mimikyu|Play Rough|p1b: CHERRY\n|-supereffective|p1b: CHERRY\n|-damage|p1b: CHERRY|0 fnt\n|faint|p1b: CHERRY\n|-damage|p2b: Mimikyu|68\/100|[from] item: Life Orb\n|\n|-weather|none\n|upkeep\n|\n|t:|1697897152\n|switch|p1b: Ze Fish?|Dracovish|100\/100\n|turn|9\n|\n|t:|1697897164\n|move|p2a: Cinderace|Sucker Punch|p1b: Ze Fish?\n|-damage|p1b: Ze Fish?|54\/100\n|-damage|p2a: Cinderace|21\/100|[from] item: Life Orb\n|move|p2b: Mimikyu|Shadow Sneak|p1b: Ze Fish?\n|-damage|p1b: Ze Fish?|32\/100\n|-damage|p2b: Mimikyu|58\/100|[from] item: Life Orb\n|move|p1b: Ze Fish?|Fishious Rend|p2b: Mimikyu\n|-crit|p2b: Mimikyu\n|-damage|p2b: Mimikyu|0 fnt\n|faint|p2b: Mimikyu\n|move|p1a: Waking walk|Hydro Steam|p2a: Cinderace\n|-damage|p2a: Cinderace|0 fnt\n|faint|p2a: Cinderace\n|\n|upkeep\n|\n|t:|1697897181\n|switch|p2a: Zapdos|Zapdos|100\/100\n|switch|p2b: Greninja|Greninja, F|100\/100\n|turn|10\n|inactive|khush19 has 180 seconds left.\n|\n|t:|1697897195\n|move|p2a: Zapdos|Protect|p2a: Zapdos\n|-singleturn|p2a: Zapdos|Protect\n|move|p1b: Ze Fish?|Fishious Rend|p2a: Zapdos\n|-activate|p2a: Zapdos|move: Protect\n|move|p2b: Greninja|Dark Pulse|p1b: Ze Fish?\n|-start|p2b: Greninja|typechange|Dark|[from] ability: Protean\n|-damage|p1b: Ze Fish?|0 fnt\n|faint|p1b: Ze Fish?\n|move|p1a: Waking walk|Dragon Pulse|p2a: Zapdos\n|-activate|p2a: Zapdos|move: Protect\n|\n|upkeep\n|\n|t:|1697897206\n|switch|p1b: Genji|Greninja, M, shiny|100\/100\n|turn|11\n|\n|t:|1697897229\n|move|p1b: Genji|Ice Beam|p2a: Zapdos\n|-start|p1b: Genji|typechange|Ice|[from] ability: Protean\n|-supereffective|p2a: Zapdos\n|-damage|p2a: Zapdos|0 fnt\n|faint|p2a: Zapdos\n|move|p2b: Greninja|Dark Pulse|p1b: Genji\n|-damage|p1b: Genji|41\/100\n|move|p1a: Waking walk|Hydro Steam|p2b: Greninja\n|-damage|p2b: Greninja|11\/100\n|\n|upkeep\n|turn|12\n|c|\u2606khush19|Miss dude\n|\n|t:|1697897255\n|move|p1b: Genji|Ice Beam|p2b: Greninja\n|-damage|p2b: Greninja|0 fnt\n|faint|p2b: Greninja\n|\n|win|omegashenronone\n|c|\u2606omegashenronone|Im using 100% moves\n|c|\u2606omegashenronone|Good game\n|c|\u2606omegashenronone|Im only doing 3 battles at a time though so no more\n","uploadtime":1697897283,"views":10,"p1id":"omegashenronone","p2id":"khush19","formatid":"gen9nationaldexdoubles","rating":0,"private":0,"password":""}