{"id":"gen9nationaldexdoubles-1994558347","p1":"Eliminathan","p2":"Dylanpika99","format":"[Gen 9] National Dex Doubles","log":"|j|\u2606Eliminathan\n|j|\u2606Dylanpika99\n|t:|1700459635\n|gametype|doubles\n|player|p1|Eliminathan|schoolkid-gen4|\n|player|p2|Dylanpika99|caitlin|\n|teamsize|p1|6\n|teamsize|p2|6\n|gen|9\n|tier|[Gen 9] National Dex Doubles\n|rule|HP Percentage Mod: HP is shown in percentages\n|rule|Endless Battle Clause: Forcing endless battles is banned\n|rule|OHKO Clause: OHKO moves are banned\n|rule|Evasion Moves Clause: Evasion moves are banned\n|rule|Evasion Abilities Clause: Evasion abilities are banned\n|rule|Species Clause: Limit one of each Pok\u00e9mon\n|rule|Gravity Sleep Clause: The combination of sleep-inducing moves with imperfect accuracy and Gravity or Gigantamax Orbeetle are banned\n|clearpoke\n|poke|p1|Zygarde|\n|poke|p1|Zamazenta-*|\n|poke|p1|Jirachi|\n|poke|p1|Kangaskhan, F|\n|poke|p1|Glimmora, M|\n|poke|p1|Iron Hands|\n|poke|p2|Ogerpon-Cornerstone, F|\n|poke|p2|Sinistcha-Masterpiece|\n|poke|p2|Incineroar, F|\n|poke|p2|Salamence, F|\n|poke|p2|Tapu Fini|\n|poke|p2|Jirachi|\n|teampreview\n|\n|t:|1700459686\n|start\n|switch|p1a: momma|Kangaskhan, F|100\/100\n|switch|p1b: Watch out|Iron Hands|100\/100\n|switch|p2a: Tapu Fini|Tapu Fini|100\/100\n|switch|p2b: Sinistcha|Sinistcha-Masterpiece|100\/100\n|-fieldstart|move: Misty Terrain|[from] ability: Misty Surge|[of] p2a: Tapu Fini\n|turn|1\n|\n|t:|1700459710\n|switch|p2a: Incineroar|Incineroar, F|100\/100\n|-ability|p2a: Incineroar|Intimidate|boost\n|-fail|p1a: momma|unboost|Attack|[from] ability: Scrappy|[of] p1a: momma\n|-unboost|p1b: Watch out|atk|1\n|move|p1a: momma|Fake Out|p2b: Sinistcha\n|-damage|p2b: Sinistcha|90\/100\n|-damage|p1a: momma|84\/100|[from] item: Rocky Helmet|[of] p2b: Sinistcha\n|cant|p2b: Sinistcha|flinch\n|move|p1b: Watch out|Wild Charge|p2a: Incineroar\n|-damage|p2a: Incineroar|78\/100\n|-damage|p1b: Watch out|96\/100|[from] Recoil\n|\n|upkeep\n|turn|2\n|\n|t:|1700459736\n|detailschange|p1a: momma|Kangaskhan-Mega, F\n|-mega|p1a: momma|Kangaskhan|Kangaskhanite\n|move|p2a: Incineroar|Fake Out|p1b: Watch out\n|-damage|p1b: Watch out|89\/100\n|move|p1a: momma|Seismic Toss|p2a: Incineroar\n|-damage|p2a: Incineroar|52\/100\n|-damage|p2a: Incineroar|27\/100\n|-hitcount|p2a: Incineroar|2\n|move|p2b: Sinistcha|Matcha Gotcha|p1a: momma|[spread] p1a,p1b\n|-damage|p1a: momma|64\/100\n|-heal|p2b: Sinistcha|100\/100|[from] drain|[of] p1a: momma\n|-damage|p1b: Watch out|78\/100\n|cant|p1b: Watch out|flinch\n|\n|upkeep\n|turn|3\n|\n|t:|1700459761\n|switch|p2a: Salamence|Salamence, F|100\/100\n|-ability|p2a: Salamence|Intimidate|boost\n|-unboost|p1a: momma|atk|1\n|-unboost|p1b: Watch out|atk|1\n|-end|p1b: Watch out|Quark Drive|[silent]\n|switch|p1b: FIX THE PROBLEM!|Jirachi|100\/100\n|move|p2b: Sinistcha|Rage Powder|p2b: Sinistcha\n|-singleturn|p2b: Sinistcha|move: Rage Powder\n|move|p1a: momma|Seismic Toss|p2b: Sinistcha\n|-immune|p2b: Sinistcha\n|\n|upkeep\n|turn|4\n|\n|t:|1700459787\n|switch|p1a: pointy|Glimmora, M|100\/100\n|detailschange|p2a: Salamence|Salamence-Mega, F\n|-mega|p2a: Salamence|Salamence|Salamencite\n|move|p2b: Sinistcha|Rage Powder|p2b: Sinistcha\n|-singleturn|p2b: Sinistcha|move: Rage Powder\n|move|p2a: Salamence|Dragon Dance|p2a: Salamence\n|-boost|p2a: Salamence|atk|1\n|-boost|p2a: Salamence|spe|1\n|move|p1b: FIX THE PROBLEM!|Thunder Wave|p2b: Sinistcha|[miss]\n|-miss|p1b: FIX THE PROBLEM!|p2b: Sinistcha\n|\n|upkeep\n|turn|5\n|\n|t:|1700459803\n|-terastallize|p1a: pointy|Grass\n|move|p1b: FIX THE PROBLEM!|Follow Me|p1b: FIX THE PROBLEM!\n|-singleturn|p1b: FIX THE PROBLEM!|move: Follow Me\n|move|p2b: Sinistcha|Rage Powder|p2b: Sinistcha\n|-singleturn|p2b: Sinistcha|move: Rage Powder\n|move|p2a: Salamence|Dragon Dance|p2a: Salamence\n|-boost|p2a: Salamence|atk|1\n|-boost|p2a: Salamence|spe|1\n|move|p1a: pointy|Power Gem|p2a: Salamence\n|-supereffective|p2a: Salamence\n|-damage|p2a: Salamence|7\/100\n|\n|-fieldend|Misty Terrain\n|upkeep\n|turn|6\n|c|\u2606Dylanpika99|hooygibgb\n|c|\u2606Eliminathan|lol\n|\n|t:|1700459881\n|move|p2a: Salamence|Return|p1a: pointy\n|-supereffective|p1a: pointy\n|-enditem|p1a: pointy|Focus Sash\n|-damage|p1a: pointy|1\/100\n|-activate|p1a: pointy|ability: Toxic Debris\n|-sidestart|p2: Dylanpika99|move: Toxic Spikes\n|move|p1a: pointy|Power Gem|p2a: Salamence\n|-supereffective|p2a: Salamence\n|-damage|p2a: Salamence|0 fnt\n|faint|p2a: Salamence\n|move|p1b: FIX THE PROBLEM!|Thunder Wave|p2b: Sinistcha\n|-status|p2b: Sinistcha|par\n|move|p2b: Sinistcha|Matcha Gotcha|p1b: FIX THE PROBLEM!|[spread] p1b\n|-miss|p2b: Sinistcha|p1a: pointy\n|-resisted|p1b: FIX THE PROBLEM!\n|-crit|p1b: FIX THE PROBLEM!\n|-damage|p1b: FIX THE PROBLEM!|86\/100\n|\n|-heal|p1b: FIX THE PROBLEM!|92\/100|[from] item: Leftovers\n|upkeep\n|c|\u2606Eliminathan|crazy miss\n|c|\u2606Dylanpika99|rare sinistcha L\n|c|\u2606Eliminathan|agreed\n|c|\u2606Eliminathan|that mon is nuts\n|\n|t:|1700459936\n|switch|p2a: Incineroar|Incineroar, F|27\/100\n|-status|p2a: Incineroar|psn\n|-ability|p2a: Incineroar|Intimidate|boost\n|-unboost|p1a: pointy|atk|1\n|-unboost|p1b: FIX THE PROBLEM!|atk|1\n|turn|7\n|\n|t:|1700459954\n|switch|p1a: Spanky|Zamazenta|100\/100\n|-ability|p1a: Spanky|Dauntless Shield|boost\n|-boost|p1a: Spanky|def|1\n|switch|p2a: Tapu Fini|Tapu Fini|100\/100\n|-status|p2a: Tapu Fini|psn\n|-fieldstart|move: Misty Terrain|[from] ability: Misty Surge|[of] p2a: Tapu Fini\n|move|p1b: FIX THE PROBLEM!|Iron Head|p2b: Sinistcha\n|-damage|p2b: Sinistcha|86\/100 par\n|-damage|p1b: FIX THE PROBLEM!|76\/100|[from] item: Rocky Helmet|[of] p2b: Sinistcha\n|cant|p2b: Sinistcha|flinch\n|\n|-heal|p1b: FIX THE PROBLEM!|82\/100|[from] item: Leftovers\n|-damage|p2a: Tapu Fini|88\/100 psn|[from] psn\n|upkeep\n|turn|8\n|\n|t:|1700459986\n|move|p1b: FIX THE PROBLEM!|Follow Me|p1b: FIX THE PROBLEM!\n|-singleturn|p1b: FIX THE PROBLEM!|move: Follow Me\n|move|p2b: Sinistcha|Rage Powder|p2b: Sinistcha\n|-singleturn|p2b: Sinistcha|move: Rage Powder\n|move|p1a: Spanky|Snarl|p2a: Tapu Fini|[spread] p2a,p2b\n|-resisted|p2a: Tapu Fini\n|-supereffective|p2b: Sinistcha\n|-damage|p2a: Tapu Fini|85\/100 psn\n|-damage|p2b: Sinistcha|71\/100 par\n|-unboost|p2a: Tapu Fini|spa|1\n|-unboost|p2b: Sinistcha|spa|1\n|-zpower|p2a: Tapu Fini\n|move|p2a: Tapu Fini|Hydro Vortex|p1b: FIX THE PROBLEM!|[zeffect]\n|-damage|p1b: FIX THE PROBLEM!|43\/100\n|\n|-heal|p1b: FIX THE PROBLEM!|50\/100|[from] item: Leftovers\n|-damage|p2a: Tapu Fini|73\/100 psn|[from] psn\n|upkeep\n|turn|9\n|\n|t:|1700460004\n|move|p1b: FIX THE PROBLEM!|Follow Me|p1b: FIX THE PROBLEM!\n|-singleturn|p1b: FIX THE PROBLEM!|move: Follow Me\n|move|p2b: Sinistcha|Rage Powder|p2b: Sinistcha\n|-singleturn|p2b: Sinistcha|move: Rage Powder\n|move|p1a: Spanky|Snarl|p2a: Tapu Fini|[spread] p2a,p2b\n|-resisted|p2a: Tapu Fini\n|-supereffective|p2b: Sinistcha\n|-damage|p2a: Tapu Fini|70\/100 psn\n|-damage|p2b: Sinistcha|56\/100 par\n|-unboost|p2a: Tapu Fini|spa|1\n|-unboost|p2b: Sinistcha|spa|1\n|move|p2a: Tapu Fini|Muddy Water|p1a: Spanky|[spread] p1a,p1b\n|-damage|p1a: Spanky|89\/100\n|-damage|p1b: FIX THE PROBLEM!|39\/100\n|\n|-heal|p1b: FIX THE PROBLEM!|45\/100|[from] item: Leftovers\n|-damage|p2a: Tapu Fini|57\/100 psn|[from] psn\n|upkeep\n|turn|10\n|\n|t:|1700460023\n|switch|p2a: Incineroar|Incineroar, F|27\/100 psn\n|-ability|p2a: Incineroar|Intimidate|boost\n|-unboost|p1a: Spanky|atk|1\n|-unboost|p1b: FIX THE PROBLEM!|atk|1\n|move|p1a: Spanky|Snarl|p2a: Incineroar|[spread] p2a,p2b\n|-resisted|p2a: Incineroar\n|-supereffective|p2b: Sinistcha\n|-damage|p2a: Incineroar|25\/100 psn\n|-damage|p2b: Sinistcha|39\/100 par\n|-unboost|p2a: Incineroar|spa|1\n|-unboost|p2b: Sinistcha|spa|1\n|move|p1b: FIX THE PROBLEM!|Iron Head|p2b: Sinistcha\n|-damage|p2b: Sinistcha|27\/100 par\n|-damage|p1b: FIX THE PROBLEM!|29\/100|[from] item: Rocky Helmet|[of] p2b: Sinistcha\n|cant|p2b: Sinistcha|flinch\n|\n|-heal|p1b: FIX THE PROBLEM!|35\/100|[from] item: Leftovers\n|-damage|p2a: Incineroar|13\/100 psn|[from] psn\n|upkeep\n|turn|11\n|\n|t:|1700460055\n|move|p1a: Spanky|Body Press|p2a: Incineroar\n|-supereffective|p2a: Incineroar\n|-damage|p2a: Incineroar|0 fnt\n|faint|p2a: Incineroar\n|move|p1b: FIX THE PROBLEM!|Iron Head|p2b: Sinistcha\n|-damage|p2b: Sinistcha|15\/100 par\n|-damage|p1b: FIX THE PROBLEM!|18\/100|[from] item: Rocky Helmet|[of] p2b: Sinistcha\n|cant|p2b: Sinistcha|flinch\n|\n|-heal|p1b: FIX THE PROBLEM!|25\/100|[from] item: Leftovers\n|-fieldend|Misty Terrain\n|upkeep\n|\n|t:|1700460064\n|switch|p2a: Tapu Fini|Tapu Fini|57\/100 psn\n|-fieldstart|move: Misty Terrain|[from] ability: Misty Surge|[of] p2a: Tapu Fini\n|turn|12\n|\n|t:|1700460081\n|move|p1b: FIX THE PROBLEM!|Follow Me|p1b: FIX THE PROBLEM!\n|-singleturn|p1b: FIX THE PROBLEM!|move: Follow Me\n|move|p2b: Sinistcha|Rage Powder|p2b: Sinistcha\n|-singleturn|p2b: Sinistcha|move: Rage Powder\n|move|p1a: Spanky|Snarl|p2a: Tapu Fini|[spread] p2a,p2b\n|-resisted|p2a: Tapu Fini\n|-supereffective|p2b: Sinistcha\n|-damage|p2a: Tapu Fini|54\/100 psn\n|-damage|p2b: Sinistcha|0 fnt\n|-unboost|p2a: Tapu Fini|spa|1\n|faint|p2b: Sinistcha\n|move|p2a: Tapu Fini|Muddy Water|p1b: FIX THE PROBLEM!|[spread] p1a,p1b\n|-damage|p1a: Spanky|74\/100\n|-damage|p1b: FIX THE PROBLEM!|11\/100\n|-unboost|p1a: Spanky|accuracy|1\n|\n|-heal|p1b: FIX THE PROBLEM!|17\/100|[from] item: Leftovers\n|-damage|p2a: Tapu Fini|42\/100 psn|[from] psn\n|upkeep\n|\n|t:|1700460101\n|switch|p2b: Jirachi|Jirachi|100\/100\n|turn|13\n|c|\u2606Dylanpika99|winnable\n|\n|t:|1700460125\n|switch|p2a: her|Ogerpon-Cornerstone, F|100\/100\n|move|p2b: Jirachi|Follow Me|p2b: Jirachi\n|-singleturn|p2b: Jirachi|move: Follow Me\n|move|p1a: Spanky|Body Press|p2b: Jirachi\n|-damage|p2b: Jirachi|55\/100\n|move|p1b: FIX THE PROBLEM!|Iron Head|p2b: Jirachi\n|-resisted|p2b: Jirachi\n|-damage|p2b: Jirachi|48\/100\n|-enditem|p2b: Jirachi|Sitrus Berry|[eat]\n|-heal|p2b: Jirachi|73\/100|[from] item: Sitrus Berry\n|\n|-heal|p1b: FIX THE PROBLEM!|23\/100|[from] item: Leftovers\n|upkeep\n|turn|14\n|\n|t:|1700460156\n|move|p2b: Jirachi|Follow Me|p2b: Jirachi\n|-singleturn|p2b: Jirachi|move: Follow Me\n|move|p1a: Spanky|Body Press|p2b: Jirachi\n|-damage|p2b: Jirachi|27\/100\n|move|p2a: her|Swords Dance|p2a: her\n|-boost|p2a: her|atk|2\n|move|p1b: FIX THE PROBLEM!|Iron Head|p2b: Jirachi\n|-resisted|p2b: Jirachi\n|-damage|p2b: Jirachi|21\/100\n|\n|-heal|p1b: FIX THE PROBLEM!|29\/100|[from] item: Leftovers\n|upkeep\n|turn|15\n|\n|t:|1700460182\n|move|p2a: her|Spiky Shield|p2a: her\n|-singleturn|p2a: her|move: Protect\n|move|p2b: Jirachi|Protect|p2b: Jirachi\n|-singleturn|p2b: Jirachi|Protect\n|move|p1a: Spanky|Body Press|p2b: Jirachi\n|-activate|p2b: Jirachi|move: Protect\n|move|p1b: FIX THE PROBLEM!|Iron Head|p2a: her\n|-activate|p2a: her|move: Protect\n|-damage|p1b: FIX THE PROBLEM!|17\/100|[from] Spiky Shield|[of] p2a: her\n|\n|-heal|p1b: FIX THE PROBLEM!|23\/100|[from] item: Leftovers\n|upkeep\n|turn|16\n|\n|t:|1700460214\n|-terastallize|p2a: her|Rock\n|detailschange|p2a: her|Ogerpon-Cornerstone-Tera, F, tera:Rock\n|-ability|p2a: her|Embody Aspect (Cornerstone)|boost\n|-boost|p2a: her|def|1\n|move|p2b: Jirachi|Follow Me|p2b: Jirachi\n|-singleturn|p2b: Jirachi|move: Follow Me\n|move|p1a: Spanky|Body Press|p2b: Jirachi\n|-damage|p2b: Jirachi|0 fnt\n|faint|p2b: Jirachi\n|move|p2a: her|Ivy Cudgel|p1a: Spanky|[anim] Ivy Cudgel Rock\n|-resisted|p1a: Spanky\n|-damage|p1a: Spanky|32\/100\n|-enditem|p1a: Spanky|Sitrus Berry|[eat]\n|-heal|p1a: Spanky|57\/100|[from] item: Sitrus Berry\n|move|p1b: FIX THE PROBLEM!|Iron Head|p2a: her\n|-supereffective|p2a: her\n|-damage|p2a: her|76\/100\n|\n|-heal|p1b: FIX THE PROBLEM!|29\/100|[from] item: Leftovers\n|-fieldend|Misty Terrain\n|upkeep\n|\n|t:|1700460226\n|switch|p2b: Tapu Fini|Tapu Fini|42\/100 psn\n|-fieldstart|move: Misty Terrain|[from] ability: Misty Surge|[of] p2b: Tapu Fini\n|turn|17\n|\n|t:|1700460242\n|switch|p1b: momma|Kangaskhan-Mega, F|64\/100\n|move|p1a: Spanky|Wide Guard|p1a: Spanky\n|-singleturn|p1a: Spanky|Wide Guard\n|move|p2a: her|Ivy Cudgel|p1b: momma|[anim] Ivy Cudgel Rock\n|-damage|p1b: momma|0 fnt\n|faint|p1b: momma\n|move|p2b: Tapu Fini|Moonblast|p1a: Spanky\n|-supereffective|p1a: Spanky\n|-damage|p1a: Spanky|0 fnt\n|faint|p1a: Spanky\n|\n|-damage|p2b: Tapu Fini|29\/100 psn|[from] psn\n|upkeep\n|\n|t:|1700460257\n|switch|p1a: Ginkle|Zygarde|100\/100\n|switch|p1b: Watch out|Iron Hands|78\/100\n|-ability|p1a: Ginkle|Aura Break\n|turn|18\n|\n|t:|1700460274\n|move|p2a: her|Spiky Shield|p2a: her\n|-singleturn|p2a: her|move: Protect\n|move|p2b: Tapu Fini|Protect|p2b: Tapu Fini\n|-singleturn|p2b: Tapu Fini|Protect\n|move|p1b: Watch out|Fake Out|p2a: her\n|-activate|p2a: her|move: Protect\n|-damage|p1b: Watch out|66\/100|[from] Spiky Shield|[of] p2a: her\n|move|p1a: Ginkle|Thousand Arrows|p2b: Tapu Fini|[spread] \n|-activate|p2a: her|move: Protect\n|-activate|p2b: Tapu Fini|move: Protect\n|\n|-damage|p2b: Tapu Fini|17\/100 psn|[from] psn\n|upkeep\n|turn|19\n|\n|t:|1700460294\n|move|p2a: her|Wood Hammer|p1a: Ginkle\n|-damage|p1a: Ginkle|0 fnt\n|faint|p1a: Ginkle\n|-damage|p2a: her|35\/100|[from] Recoil\n|move|p2b: Tapu Fini|Moonblast|p1b: Watch out\n|-supereffective|p1b: Watch out\n|-damage|p1b: Watch out|25\/100\n|move|p1b: Watch out|Drain Punch|p2a: her\n|-supereffective|p2a: her\n|-damage|p2a: her|0 fnt\n|-heal|p1b: Watch out|36\/100|[from] drain|[of] p2a: her\n|faint|p2a: her\n|\n|-damage|p2b: Tapu Fini|4\/100 psn|[from] psn\n|upkeep\n|\n|t:|1700460303\n|switch|p1a: pointy|Glimmora, M, tera:Grass|1\/100\n|turn|20\n|c|\u2606Dylanpika99|ive won these\n|\n|t:|1700460316\n|move|p2b: Tapu Fini|Protect|p2b: Tapu Fini\n|-singleturn|p2b: Tapu Fini|Protect\n|move|p1a: pointy|Power Gem|p2b: Tapu Fini\n|-activate|p2b: Tapu Fini|move: Protect\n|move|p1b: Watch out|Rock Slide|p2b: Tapu Fini\n|-activate|p2b: Tapu Fini|move: Protect\n|\n|-damage|p2b: Tapu Fini|0 fnt|[from] psn\n|faint|p2b: Tapu Fini\n|\n|win|Eliminathan\n|upkeep\n|c|\u2606Eliminathan|i believe it\n|c|\u2606Dylanpika99|ggs\n|c|\u2606Eliminathan|ggs\n","uploadtime":1700460327,"views":9,"p1id":"eliminathan","p2id":"dylanpika99","formatid":"gen9nationaldexdoubles","rating":0,"private":0,"password":""}