{"id":"gen9nationaldexdoubles-1991271055","p1":"ShiroBlack1604","p2":"Cdawgo","format":"[Gen 9] National Dex Doubles","log":"|j|\u2606ShiroBlack1604\n|j|\u2606Cdawgo\n|t:|1700063079\n|gametype|doubles\n|player|p1|ShiroBlack1604|benga|\n|player|p2|Cdawgo|brock|\n|teamsize|p1|6\n|teamsize|p2|6\n|gen|9\n|tier|[Gen 9] National Dex Doubles\n|rule|HP Percentage Mod: HP is shown in percentages\n|rule|Endless Battle Clause: Forcing endless battles is banned\n|rule|OHKO Clause: OHKO moves are banned\n|rule|Evasion Moves Clause: Evasion moves are banned\n|rule|Evasion Abilities Clause: Evasion abilities are banned\n|rule|Species Clause: Limit one of each Pok\u00e9mon\n|rule|Gravity Sleep Clause: The combination of sleep-inducing moves with imperfect accuracy and Gravity or Gigantamax Orbeetle are banned\n|clearpoke\n|poke|p1|Toxicroak, M|\n|poke|p1|Raichu-Alola, M|\n|poke|p1|Staraptor, F|\n|poke|p1|Mimikyu, F|\n|poke|p1|Garchomp, M|\n|poke|p1|Scolipede, M|\n|poke|p2|Sableye, F|\n|poke|p2|Amoonguss, M|\n|poke|p2|Medicham, F|\n|poke|p2|Diancie|\n|poke|p2|Gholdengo|\n|poke|p2|Flutter Mane|\n|teampreview\n|inactive|Battle timer is ON: inactive players will automatically lose when time's up. (requested by Cdawgo)\n|\n|t:|1700063094\n|start\n|switch|p1a: Star Punk|Staraptor, F, shiny|100\/100\n|switch|p1b: Rage Punk|Garchomp, M, shiny|100\/100\n|switch|p2a: Flutter Mane|Flutter Mane|100\/100\n|switch|p2b: Diancie|Diancie|100\/100\n|-enditem|p2a: Flutter Mane|Booster Energy\n|-activate|p2a: Flutter Mane|ability: Protosynthesis|[fromitem]\n|-start|p2a: Flutter Mane|protosynthesisspe\n|turn|1\n|\n|t:|1700063123\n|switch|p1b: Cent Punk|Scolipede, M, shiny|100\/100\n|move|p2a: Flutter Mane|Moonblast|p1b: Cent Punk\n|-resisted|p1b: Cent Punk\n|-damage|p1b: Cent Punk|55\/100\n|-unboost|p1b: Cent Punk|spa|1\n|move|p1a: Star Punk|Brave Bird|p2a: Flutter Mane\n|-damage|p2a: Flutter Mane|0 fnt\n|faint|p2a: Flutter Mane\n|-end|p2a: Flutter Mane|Protosynthesis|[silent]\n|-damage|p1a: Star Punk|74\/100|[from] Recoil\n|move|p2b: Diancie|Diamond Storm|p1a: Star Punk|[spread] p1a,p1b\n|-supereffective|p1a: Star Punk\n|-supereffective|p1b: Cent Punk\n|-damage|p1a: Star Punk|2\/100\n|-damage|p1b: Cent Punk|0 fnt\n|-boost|p2b: Diancie|def|2\n|faint|p1b: Cent Punk\n|\n|upkeep\n|\n|t:|1700063148\n|switch|p2a: Medicham|Medicham, F|100\/100\n|switch|p1b: Tox Punk|Toxicroak, M, shiny|100\/100\n|turn|2\n|\n|t:|1700063163\n|detailschange|p2a: Medicham|Medicham-Mega, F\n|-mega|p2a: Medicham|Medicham|Medichamite\n|move|p2a: Medicham|Fake Out|p1a: Star Punk\n|-damage|p1a: Star Punk|0 fnt\n|faint|p1a: Star Punk\n|move|p1b: Tox Punk|Gunk Shot|p2b: Diancie\n|-damage|p2b: Diancie|68\/100\n|move|p2b: Diancie|Earth Power|p1b: Tox Punk\n|-supereffective|p1b: Tox Punk\n|-damage|p1b: Tox Punk|15\/100\n|\n|-heal|p1b: Tox Punk|21\/100|[from] item: Leftovers\n|upkeep\n|\n|t:|1700063177\n|switch|p1a: Surf Punk|Raichu-Alola, M, shiny|100\/100\n|turn|3\n|\n|t:|1700063186\n|move|p2a: Medicham|Bullet Punch|p1a: Surf Punk\n|-resisted|p1a: Surf Punk\n|-damage|p1a: Surf Punk|73\/100\n|-zpower|p1a: Surf Punk\n|move|p1a: Surf Punk|Shattered Psyche|p2b: Diancie|[zeffect]\n|-crit|p2b: Diancie\n|-damage|p2b: Diancie|0 fnt\n|faint|p2b: Diancie\n|move|p1b: Tox Punk|Gunk Shot|p2a: Medicham\n|-crit|p2a: Medicham\n|-damage|p2a: Medicham|0 fnt\n|faint|p2a: Medicham\n|\n|-heal|p1b: Tox Punk|27\/100|[from] item: Leftovers\n|upkeep\n|\n|t:|1700063198\n|switch|p2a: Amoonguss|Amoonguss, M|100\/100\n|switch|p2b: Sableye|Sableye, F|100\/100\n|turn|4\n|\n|t:|1700063211\n|move|p1b: Tox Punk|Sucker Punch||[still]\n|-fail|p1b: Tox Punk\n|move|p2b: Sableye|Skill Swap|p2a: Amoonguss\n|-activate|p2b: Sableye|move: Skill Swap|||[of] p2a: Amoonguss\n|move|p2a: Amoonguss|Spore|p1a: Surf Punk\n|-status|p1a: Surf Punk|slp|[from] move: Spore\n|cant|p1a: Surf Punk|slp\n|\n|-heal|p1b: Tox Punk|33\/100|[from] item: Leftovers\n|upkeep\n|turn|5\n|inactive|ShiroBlack1604 has 270 seconds left.\n|\n|t:|1700063248\n|-terastallize|p1b: Tox Punk|Dark\n|move|p1b: Tox Punk|Sucker Punch||[still]\n|-fail|p1b: Tox Punk\n|move|p2a: Amoonguss|Spore|p1b: Tox Punk\n|-hint|Since gen 7, Dark is immune to Prankster moves.\n|-immune|p1b: Tox Punk\n|cant|p1a: Surf Punk|slp\n|move|p2b: Sableye|Dark Pulse|p1a: Surf Punk\n|-supereffective|p1a: Surf Punk\n|-damage|p1a: Surf Punk|0 fnt\n|faint|p1a: Surf Punk\n|\n|-heal|p1b: Tox Punk|39\/100|[from] item: Leftovers\n|upkeep\n|\n|t:|1700063267\n|switch|p1a: Rage Punk|Garchomp, M, shiny|100\/100\n|turn|6\n|inactive|ShiroBlack1604 has 270 seconds left.\n|\n|t:|1700063283\n|detailschange|p1a: Rage Punk|Garchomp-Mega, M, shiny\n|-mega|p1a: Rage Punk|Garchomp|Garchompite\n|move|p2a: Amoonguss|Spore|p1a: Rage Punk\n|-status|p1a: Rage Punk|slp|[from] move: Spore\n|cant|p1a: Rage Punk|slp\n|move|p1b: Tox Punk|Gunk Shot|p2a: Amoonguss\n|-damage|p2a: Amoonguss|39\/100\n|move|p2b: Sableye|Dazzling Gleam|p1a: Rage Punk|[spread] p1a,p1b\n|-supereffective|p1a: Rage Punk\n|-supereffective|p1b: Tox Punk\n|-damage|p1a: Rage Punk|70\/100 slp\n|-damage|p1b: Tox Punk|0 fnt\n|faint|p1b: Tox Punk\n|\n|-heal|p2a: Amoonguss|45\/100|[from] item: Leftovers\n|upkeep\n|\n|t:|1700063296\n|switch|p1b: Disguise Punk|Mimikyu, F, shiny|100\/100\n|turn|7\n|\n|t:|1700063303\n|switch|p2b: Gholdengo|Gholdengo|100\/100\n|move|p1b: Disguise Punk|Shadow Sneak|p2a: Amoonguss\n|-crit|p2a: Amoonguss\n|-damage|p2a: Amoonguss|12\/100\n|-damage|p1b: Disguise Punk|91\/100|[from] item: Life Orb\n|move|p2a: Amoonguss|Spore|p1b: Disguise Punk\n|-status|p1b: Disguise Punk|slp|[from] move: Spore\n|-curestatus|p1a: Rage Punk|slp|[msg]\n|move|p1a: Rage Punk|Fire Fang|p2a: Amoonguss\n|-supereffective|p2a: Amoonguss\n|-damage|p2a: Amoonguss|0 fnt\n|faint|p2a: Amoonguss\n|\n|upkeep\n|\n|t:|1700063312\n|switch|p2a: Sableye|Sableye, F|100\/100\n|turn|8\n|\n|t:|1700063327\n|cant|p1b: Disguise Punk|slp\n|move|p1a: Rage Punk|Fire Fang|p2b: Gholdengo\n|-supereffective|p2b: Gholdengo\n|-damage|p2b: Gholdengo|48\/100\n|move|p2b: Gholdengo|Make It Rain|p1a: Rage Punk|[spread] p1a,p1b\n|-damage|p1a: Rage Punk|14\/100\n|-activate|p1b: Disguise Punk|ability: Disguise\n|-damage|p1b: Disguise Punk|91\/100 slp\n|-unboost|p2b: Gholdengo|spa|1\n|detailschange|p1b: Disguise Punk|Mimikyu-Busted, F, shiny\n|-damage|p1b: Disguise Punk|78\/100 slp|[from] pokemon: Mimikyu-Busted\n|move|p2a: Sableye|Dazzling Gleam|p1b: Disguise Punk|[spread] p1a,p1b\n|-supereffective|p1a: Rage Punk\n|-damage|p1a: Rage Punk|0 fnt\n|-damage|p1b: Disguise Punk|58\/100 slp\n|faint|p1a: Rage Punk\n|\n|upkeep\n|turn|9\n|\n|t:|1700063352\n|move|p2a: Sableye|Pain Split|p2b: Gholdengo\n|-immune|p2b: Gholdengo|[from] ability: Good as Gold\n|cant|p1b: Disguise Punk|slp\n|move|p2b: Gholdengo|Nasty Plot|p2b: Gholdengo\n|-boost|p2b: Gholdengo|spa|2\n|\n|upkeep\n|turn|10\n|\n|t:|1700063361\n|-curestatus|p1b: Disguise Punk|slp|[msg]\n|move|p1b: Disguise Punk|Shadow Claw|p2b: Gholdengo\n|-supereffective|p2b: Gholdengo\n|-damage|p2b: Gholdengo|0 fnt\n|faint|p2b: Gholdengo\n|-damage|p1b: Disguise Punk|48\/100|[from] item: Life Orb\n|move|p2a: Sableye|Dark Pulse|p1b: Disguise Punk\n|-damage|p1b: Disguise Punk|13\/100\n|\n|upkeep\n|turn|11\n|\n|t:|1700063371\n|move|p1b: Disguise Punk|Play Rough|p2a: Sableye\n|-supereffective|p2a: Sableye\n|-enditem|p2a: Sableye|Focus Sash\n|-damage|p2a: Sableye|1\/100\n|-unboost|p2a: Sableye|atk|1\n|-damage|p1b: Disguise Punk|3\/100|[from] item: Life Orb\n|move|p2a: Sableye|Dark Pulse|p1b: Disguise Punk\n|-damage|p1b: Disguise Punk|0 fnt\n|faint|p1b: Disguise Punk\n|\n|win|Cdawgo\n|l|\u2606ShiroBlack1604\n|c|\u2606Cdawgo|nope focus sash carry\n|l|\u2606Cdawgo\n|j|\u2606Cdawgo\n|player|p2|Cdawgo|brock\n","uploadtime":1700063408,"views":16,"p1id":"shiroblack1604","p2id":"cdawgo","formatid":"gen9nationaldexdoubles","rating":0,"private":0,"password":""}