{"id":"gen9nationaldexdoubles-1957369232","p1":"KingGodzila","p2":"Kinglid","format":"[Gen 9] National Dex Doubles","log":"|j|\u2606KingGodzila\n|j|\u2606Kinglid\n|t:|1696213171\n|gametype|doubles\n|player|p1|KingGodzila|bugsy|1076\n|player|p2|Kinglid|dancer|1088\n|teamsize|p1|6\n|teamsize|p2|6\n|gen|9\n|tier|[Gen 9] National Dex Doubles\n|rated|\n|rule|HP Percentage Mod: HP is shown in percentages\n|rule|Endless Battle Clause: Forcing endless battles is banned\n|rule|OHKO Clause: OHKO moves are banned\n|rule|Evasion Moves Clause: Evasion moves are banned\n|rule|Evasion Abilities Clause: Evasion abilities are banned\n|rule|Species Clause: Limit one of each Pok\u00e9mon\n|rule|Gravity Sleep Clause: The combination of sleep-inducing moves with imperfect accuracy and Gravity or Gigantamax Orbeetle are banned\n|clearpoke\n|poke|p1|Vikavolt, M|\n|poke|p1|Lokix, M|\n|poke|p1|Golisopod, M|\n|poke|p1|Cresselia, F|\n|poke|p1|Escavalier, M|\n|poke|p1|Whirlipede, M|\n|poke|p2|Golisopod, M|\n|poke|p2|Manectric, F|\n|poke|p2|Ceruledge, F|\n|poke|p2|Tsareena, F|\n|poke|p2|Garchomp, M|\n|poke|p2|Togekiss, F|\n|teampreview\n|\n|t:|1696213183\n|start\n|switch|p1a: \u7f8e\u68a6\u8001\u5988|Cresselia, F|100\/100\n|switch|p1b: \u4e38\u5b50\u9f99|Whirlipede, M, shiny|100\/100\n|switch|p2a: Golisopod|Golisopod, M|100\/100\n|switch|p2b: Manectric|Manectric, F|100\/100\n|-item|p2b: Manectric|Air Balloon\n|turn|1\n|inactive|Battle timer is ON: inactive players will automatically lose when time's up. (requested by Kinglid)\n|inactive|KingGodzila has 120 seconds left.\n|\n|t:|1696213218\n|-terastallize|p1a: \u7f8e\u68a6\u8001\u5988|Bug\n|move|p2a: Golisopod|First Impression|p1a: \u7f8e\u68a6\u8001\u5988\n|-damage|p1a: \u7f8e\u68a6\u8001\u5988|73\/100\n|move|p2b: Manectric|Signal Beam|p1a: \u7f8e\u68a6\u8001\u5988\n|-damage|p1a: \u7f8e\u68a6\u8001\u5988|60\/100\n|move|p1a: \u7f8e\u68a6\u8001\u5988|Dazzling Gleam|p2b: Manectric|[spread] p2a,p2b\n|-damage|p2a: Golisopod|89\/100\n|-damage|p2b: Manectric|82\/100\n|-enditem|p2b: Manectric|Air Balloon\n|move|p1b: \u4e38\u5b50\u9f99|Toxic Spikes|p2b: Manectric\n|-sidestart|p2: Kinglid|move: Toxic Spikes\n|\n|-heal|p1a: \u7f8e\u68a6\u8001\u5988|66\/100|[from] item: Leftovers\n|upkeep\n|turn|2\n|\n|t:|1696213242\n|move|p2b: Manectric|Flamethrower|p1a: \u7f8e\u68a6\u8001\u5988\n|-supereffective|p1a: \u7f8e\u68a6\u8001\u5988\n|-damage|p1a: \u7f8e\u68a6\u8001\u5988|33\/100\n|move|p1a: \u7f8e\u68a6\u8001\u5988|Toxic|p2a: Golisopod\n|-status|p2a: Golisopod|tox\n|move|p2a: Golisopod|Razor Shell|p1b: \u4e38\u5b50\u9f99\n|-damage|p1b: \u4e38\u5b50\u9f99|69\/100\n|move|p1b: \u4e38\u5b50\u9f99|Substitute|p1b: \u4e38\u5b50\u9f99\n|-start|p1b: \u4e38\u5b50\u9f99|Substitute\n|-damage|p1b: \u4e38\u5b50\u9f99|44\/100\n|\n|-heal|p1a: \u7f8e\u68a6\u8001\u5988|39\/100|[from] item: Leftovers\n|-damage|p2a: Golisopod|83\/100 tox|[from] psn\n|upkeep\n|turn|3\n|\n|t:|1696213268\n|move|p1b: \u4e38\u5b50\u9f99|Protect|p1b: \u4e38\u5b50\u9f99\n|-singleturn|p1b: \u4e38\u5b50\u9f99|Protect\n|move|p2a: Golisopod|Sucker Punch||[still]\n|-fail|p2a: Golisopod\n|move|p2b: Manectric|Flamethrower|p1a: \u7f8e\u68a6\u8001\u5988\n|-supereffective|p1a: \u7f8e\u68a6\u8001\u5988\n|-damage|p1a: \u7f8e\u68a6\u8001\u5988|3\/100\n|move|p1a: \u7f8e\u68a6\u8001\u5988|Trick Room|p1a: \u7f8e\u68a6\u8001\u5988\n|-fieldstart|move: Trick Room|[of] p1a: \u7f8e\u68a6\u8001\u5988\n|\n|-heal|p1a: \u7f8e\u68a6\u8001\u5988|9\/100|[from] item: Leftovers\n|-damage|p2a: Golisopod|70\/100 tox|[from] psn\n|upkeep\n|turn|4\n|inactive|KingGodzila has 120 seconds left.\n|\n|t:|1696213300\n|switch|p1a: \u80fd\u8fdb\u80fd\u9000\u65b9\u6b66\u8005|Golisopod, M, shiny|100\/100\n|move|p2a: Golisopod|Sucker Punch||[still]\n|-fail|p2a: Golisopod\n|move|p1b: \u4e38\u5b50\u9f99|Toxic Spikes|p2b: Manectric\n|-sidestart|p2: Kinglid|move: Toxic Spikes\n|move|p2b: Manectric|Flamethrower|p1b: \u4e38\u5b50\u9f99\n|-supereffective|p1b: \u4e38\u5b50\u9f99\n|-end|p1b: \u4e38\u5b50\u9f99|Substitute\n|\n|-damage|p2a: Golisopod|52\/100 tox|[from] psn\n|upkeep\n|turn|5\n|inactive|KingGodzila has 120 seconds left.\n|\n|t:|1696213331\n|switch|p1b: \u7535\u5149\u8f68\u9053\u70ae|Vikavolt, M|100\/100\n|move|p1a: \u80fd\u8fdb\u80fd\u9000\u65b9\u6b66\u8005|First Impression|p2b: Manectric\n|-damage|p2b: Manectric|0 fnt\n|faint|p2b: Manectric\n|move|p2a: Golisopod|Leech Life|p1b: \u7535\u5149\u8f68\u9053\u70ae\n|-damage|p1b: \u7535\u5149\u8f68\u9053\u70ae|45\/100\n|-heal|p2a: Golisopod|86\/100 tox|[from] drain|[of] p1b: \u7535\u5149\u8f68\u9053\u70ae\n|\n|-damage|p2a: Golisopod|61\/100 tox|[from] psn\n|upkeep\n|inactive|Kinglid has 120 seconds left.\n|\n|t:|1696213346\n|switch|p2b: Togekiss|Togekiss, F|100\/100\n|turn|6\n|\n|t:|1696213362\n|switch|p1a: \u4e38\u5b50\u9f99|Whirlipede, M, shiny|44\/100\n|move|p1b: \u7535\u5149\u8f68\u9053\u70ae|Discharge|p2b: Togekiss|[spread] p1a,p2a,p2b\n|-supereffective|p2a: Golisopod\n|-supereffective|p2b: Togekiss\n|-damage|p1a: \u4e38\u5b50\u9f99|12\/100\n|-damage|p2a: Golisopod|0 fnt\n|-damage|p2b: Togekiss|5\/100\n|-status|p2b: Togekiss|par\n|faint|p2a: Golisopod\n|-damage|p1b: \u7535\u5149\u8f68\u9053\u70ae|35\/100|[from] item: Life Orb\n|move|p2b: Togekiss|Air Slash|p1a: \u4e38\u5b50\u9f99\n|-supereffective|p1a: \u4e38\u5b50\u9f99\n|-damage|p1a: \u4e38\u5b50\u9f99|0 fnt\n|faint|p1a: \u4e38\u5b50\u9f99\n|\n|upkeep\n|\n|t:|1696213388\n|switch|p1a: \u7f8e\u68a6\u8001\u5988|Cresselia, F, tera:Bug|9\/100\n|switch|p2a: Garchomp|Garchomp, M|100\/100\n|-status|p2a: Garchomp|tox\n|turn|7\n|inactive|Kinglid has 120 seconds left.\n|\n|t:|1696213420\n|move|p1b: \u7535\u5149\u8f68\u9053\u70ae|Bug Buzz|p2a: Garchomp\n|-damage|p2a: Garchomp|39\/100 tox\n|-damage|p1b: \u7535\u5149\u8f68\u9053\u70ae|26\/100|[from] item: Life Orb\n|cant|p2b: Togekiss|par\n|move|p1a: \u7f8e\u68a6\u8001\u5988|Dazzling Gleam|p2a: Garchomp|[spread] p2a,p2b\n|-supereffective|p2a: Garchomp\n|-damage|p2a: Garchomp|20\/100 tox\n|-damage|p2b: Togekiss|0 fnt\n|faint|p2b: Togekiss\n|move|p2a: Garchomp|Poison Jab|p1a: \u7f8e\u68a6\u8001\u5988\n|-damage|p1a: \u7f8e\u68a6\u8001\u5988|0 fnt\n|faint|p1a: \u7f8e\u68a6\u8001\u5988\n|\n|-damage|p2a: Garchomp|14\/100 tox|[from] psn\n|-fieldend|move: Trick Room\n|upkeep\n|\n|t:|1696213441\n|switch|p2b: Tsareena|Tsareena, F|100\/100\n|switch|p1a: \u80fd\u8fdb\u80fd\u9000\u65b9\u6b66\u8005|Golisopod, M, shiny|100\/100\n|-status|p2b: Tsareena|tox\n|turn|8\n|\n|t:|1696213459\n|move|p2a: Garchomp|Stone Edge|p1a: \u80fd\u8fdb\u80fd\u9000\u65b9\u6b66\u8005\n|-supereffective|p1a: \u80fd\u8fdb\u80fd\u9000\u65b9\u6b66\u8005\n|-damage|p1a: \u80fd\u8fdb\u80fd\u9000\u65b9\u6b66\u8005|59\/100\n|move|p2b: Tsareena|Acrobatics|p1a: \u80fd\u8fdb\u80fd\u9000\u65b9\u6b66\u8005\n|-supereffective|p1a: \u80fd\u8fdb\u80fd\u9000\u65b9\u6b66\u8005\n|-damage|p1a: \u80fd\u8fdb\u80fd\u9000\u65b9\u6b66\u8005|36\/100\n|-activate|p1a: \u80fd\u8fdb\u80fd\u9000\u65b9\u6b66\u8005|ability: Emergency Exit\n|\n|t:|1696213472\n|switch|p1a: \u4e00\u592b\u5f53\u5173\u4e3a\u9a91\u58eb|Escavalier, M|100\/100\n|move|p1b: \u7535\u5149\u8f68\u9053\u70ae|Bug Buzz|p2b: Tsareena\n|-supereffective|p2b: Tsareena\n|-damage|p2b: Tsareena|0 fnt\n|faint|p2b: Tsareena\n|-damage|p1b: \u7535\u5149\u8f68\u9053\u70ae|16\/100|[from] item: Life Orb\n|\n|-damage|p2a: Garchomp|1\/100 tox|[from] psn\n|upkeep\n|\n|t:|1696213479\n|switch|p2b: Ceruledge|Ceruledge, F|100\/100\n|-status|p2b: Ceruledge|tox\n|turn|9\n|\n|t:|1696213489\n|move|p2a: Garchomp|Poison Jab|p1b: \u7535\u5149\u8f68\u9053\u70ae\n|-damage|p1b: \u7535\u5149\u8f68\u9053\u70ae|0 fnt\n|faint|p1b: \u7535\u5149\u8f68\u9053\u70ae\n|move|p2b: Ceruledge|Bitter Blade|p1a: \u4e00\u592b\u5f53\u5173\u4e3a\u9a91\u58eb\n|-supereffective|p1a: \u4e00\u592b\u5f53\u5173\u4e3a\u9a91\u58eb\n|-damage|p1a: \u4e00\u592b\u5f53\u5173\u4e3a\u9a91\u58eb|0 fnt\n|faint|p1a: \u4e00\u592b\u5f53\u5173\u4e3a\u9a91\u58eb\n|\n|-damage|p2a: Garchomp|0 fnt|[from] psn\n|faint|p2a: Garchomp\n|-damage|p2b: Ceruledge|94\/100 tox|[from] psn\n|upkeep\n|\n|t:|1696213497\n|switch|p1b: \u80fd\u8fdb\u80fd\u9000\u65b9\u6b66\u8005|Golisopod, M, shiny|36\/100\n|switch|p1a: \u70c8\u817f\u8757\u4fa0|Lokix, M|100\/100\n|turn|10\n|\n|t:|1696213511\n|move|p1a: \u70c8\u817f\u8757\u4fa0|Sucker Punch|p2b: Ceruledge\n|-supereffective|p2b: Ceruledge\n|-damage|p2b: Ceruledge|11\/100 tox\n|-ability|p2b: Ceruledge|Weak Armor|boost\n|-unboost|p2b: Ceruledge|def|1\n|-boost|p2b: Ceruledge|spe|2\n|-enditem|p2b: Ceruledge|Weakness Policy\n|-boost|p2b: Ceruledge|atk|2|[from] item: Weakness Policy\n|-boost|p2b: Ceruledge|spa|2|[from] item: Weakness Policy\n|-damage|p1a: \u70c8\u817f\u8757\u4fa0|91\/100|[from] item: Life Orb\n|move|p2b: Ceruledge|Bitter Blade|p1a: \u70c8\u817f\u8757\u4fa0\n|-supereffective|p1a: \u70c8\u817f\u8757\u4fa0\n|-damage|p1a: \u70c8\u817f\u8757\u4fa0|0 fnt\n|-heal|p2b: Ceruledge|55\/100 tox|[from] drain|[of] p1a: \u70c8\u817f\u8757\u4fa0\n|faint|p1a: \u70c8\u817f\u8757\u4fa0\n|move|p1b: \u80fd\u8fdb\u80fd\u9000\u65b9\u6b66\u8005|Knock Off|p2b: Ceruledge\n|-supereffective|p2b: Ceruledge\n|-damage|p2b: Ceruledge|0 fnt\n|faint|p2b: Ceruledge\n|\n|win|KingGodzila\n|raw|KingGodzila's rating: 1076 &rarr; <strong>1106<\/strong><br \/>(+30 for winning)\n|raw|Kinglid's rating: 1088 &rarr; <strong>1064<\/strong><br \/>(-24 for losing)\n|l|\u2606Kinglid\n","uploadtime":1696213533,"views":7,"p1id":"kinggodzila","p2id":"kinglid","formatid":"gen9nationaldexdoubles","rating":1064,"private":0,"password":""}