{"id":"gen9nationaldexdoubles-1970527017","p1":"interdimentional","p2":"Yu hung lo","format":"[Gen 9] National Dex Doubles","log":"|j|\u2606interdimentional\n|j|\u2606Yu hung lo\n|t:|1697645857\n|gametype|doubles\n|player|p1|interdimentional|steven|1276\n|player|p2|Yu hung lo|janitor|1437\n|teamsize|p1|6\n|teamsize|p2|6\n|gen|9\n|tier|[Gen 9] National Dex Doubles\n|rated|\n|rule|HP Percentage Mod: HP is shown in percentages\n|rule|Endless Battle Clause: Forcing endless battles is banned\n|rule|OHKO Clause: OHKO moves are banned\n|rule|Evasion Moves Clause: Evasion moves are banned\n|rule|Evasion Abilities Clause: Evasion abilities are banned\n|rule|Species Clause: Limit one of each Pok\u00e9mon\n|rule|Gravity Sleep Clause: The combination of sleep-inducing moves with imperfect accuracy and Gravity or Gigantamax Orbeetle are banned\n|clearpoke\n|poke|p1|Garchomp, F|\n|poke|p1|Iron Hands|\n|poke|p1|Ogerpon-Hearthflame, F|\n|poke|p1|Fezandipiti, M|\n|poke|p1|Cresselia, F|\n|poke|p1|Gliscor, F|\n|poke|p2|Lucario, F|\n|poke|p2|Grimmsnarl, M|\n|poke|p2|Incineroar, M|\n|poke|p2|Rillaboom, F|\n|poke|p2|Blastoise, M|\n|poke|p2|Dragapult, F|\n|teampreview\n|inactive|Battle timer is ON: inactive players will automatically lose when time's up. (requested by interdimentional)\n|\n|t:|1697645885\n|start\n|switch|p1a: Iron Hands|Iron Hands|100\/100\n|switch|p1b: Cresselia|Cresselia, F|100\/100\n|switch|p2a: Lucario|Lucario, F|100\/100\n|switch|p2b: Dragapult|Dragapult, F|100\/100\n|turn|1\n|\n|t:|1697645902\n|detailschange|p2a: Lucario|Lucario-Mega, F\n|-mega|p2a: Lucario|Lucario|Lucarionite\n|-terastallize|p2b: Dragapult|Ghost\n|move|p1a: Iron Hands|Fake Out|p2a: Lucario\n|-resisted|p2a: Lucario\n|-damage|p2a: Lucario|90\/100\n|move|p2b: Dragapult|Phantom Force||[still]\n|-prepare|p2b: Dragapult|Phantom Force\n|cant|p2a: Lucario|flinch\n|move|p1b: Cresselia|Dazzling Gleam|p2b: Dragapult|[spread] p2a\n|-miss|p1b: Cresselia|p2b: Dragapult\n|-damage|p2a: Lucario|77\/100\n|\n|upkeep\n|turn|2\n|\n|t:|1697645930\n|switch|p2a: Incineroar|Incineroar, M|100\/100\n|-ability|p2a: Incineroar|Intimidate|boost\n|-unboost|p1a: Iron Hands|atk|1\n|-unboost|p1b: Cresselia|atk|1\n|switch|p1b: Fezandipiti|Fezandipiti, M|100\/100\n|move|p2b: Dragapult|Phantom Force|p1a: Iron Hands|[from]lockedmove\n|-damage|p1a: Iron Hands|47\/100\n|move|p1a: Iron Hands|Play Rough|p2b: Dragapult\n|-damage|p2b: Dragapult|68\/100\n|\n|upkeep\n|turn|3\n|inactive|Yu hung lo has 120 seconds left.\n|\n|t:|1697645962\n|move|p2a: Incineroar|Fake Out|p1a: Iron Hands\n|-damage|p1a: Iron Hands|40\/100\n|move|p2b: Dragapult|Phantom Force||[still]\n|-prepare|p2b: Dragapult|Phantom Force\n|move|p1b: Fezandipiti|Tailwind|p1b: Fezandipiti\n|-sidestart|p1: interdimentional|move: Tailwind\n|cant|p1a: Iron Hands|flinch\n|\n|upkeep\n|turn|4\n|\n|t:|1697645975\n|switch|p2a: Grimmsnarl|Grimmsnarl, M|100\/100\n|move|p1b: Fezandipiti|Dazzling Gleam|p2a: Grimmsnarl|[spread] p2a\n|-miss|p1b: Fezandipiti|p2b: Dragapult\n|-supereffective|p2a: Grimmsnarl\n|-damage|p2a: Grimmsnarl|68\/100\n|-status|p2a: Grimmsnarl|tox|[from] ability: Toxic Chain|[of] p1b: Fezandipiti\n|move|p2b: Dragapult|Phantom Force|p1a: Iron Hands|[from]lockedmove\n|-damage|p1a: Iron Hands|0 fnt\n|faint|p1a: Iron Hands\n|-end|p1a: Iron Hands|Quark Drive|[silent]\n|\n|-damage|p2a: Grimmsnarl|62\/100 tox|[from] psn\n|upkeep\n|\n|t:|1697645987\n|switch|p1a: Gliscor|Gliscor, F|100\/100\n|turn|5\n|\n|t:|1697645997\n|move|p2a: Grimmsnarl|Light Screen|p2a: Grimmsnarl\n|-sidestart|p2: Yu hung lo|move: Light Screen\n|move|p1a: Gliscor|Stealth Rock|p2a: Grimmsnarl\n|-sidestart|p2: Yu hung lo|move: Stealth Rock\n|move|p1b: Fezandipiti|Icy Wind|p2b: Dragapult|[spread] p2a,p2b\n|-damage|p2a: Grimmsnarl|56\/100 tox\n|-damage|p2b: Dragapult|60\/100\n|-unboost|p2a: Grimmsnarl|spe|1\n|move|p2b: Dragapult|Phantom Force||[still]\n|-prepare|p2b: Dragapult|Phantom Force\n|\n|-damage|p2a: Grimmsnarl|44\/100 tox|[from] psn\n|-status|p1a: Gliscor|tox|[from] item: Toxic Orb\n|upkeep\n|turn|6\n|\n|t:|1697646018\n|move|p1a: Gliscor|Protect|p1a: Gliscor\n|-singleturn|p1a: Gliscor|Protect\n|move|p2a: Grimmsnarl|Reflect|p2a: Grimmsnarl\n|-sidestart|p2: Yu hung lo|Reflect\n|move|p1b: Fezandipiti|Dazzling Gleam|p2b: Dragapult|[spread] p2a\n|-miss|p1b: Fezandipiti|p2b: Dragapult\n|-supereffective|p2a: Grimmsnarl\n|-damage|p2a: Grimmsnarl|22\/100 tox\n|move|p2b: Dragapult|Phantom Force|p1a: Gliscor|[from]lockedmove\n|-activate|p1a: Gliscor|move: Phantom Force|[broken]\n|-damage|p1a: Gliscor|38\/100 tox\n|\n|-heal|p1a: Gliscor|50\/100 tox|[from] ability: Poison Heal\n|-damage|p2a: Grimmsnarl|3\/100 tox|[from] psn\n|-sideend|p1: interdimentional|move: Tailwind\n|upkeep\n|turn|7\n|\n|t:|1697646040\n|move|p2a: Grimmsnarl|Parting Shot|p1b: Fezandipiti\n|-unboost|p1b: Fezandipiti|atk|1\n|-unboost|p1b: Fezandipiti|spa|1\n|\n|t:|1697646047\n|switch|p2a: Incineroar|Incineroar, M|100\/100|[from] Parting Shot\n|-damage|p2a: Incineroar|76\/100|[from] Stealth Rock\n|-ability|p2a: Incineroar|Intimidate|boost\n|-unboost|p1a: Gliscor|atk|1\n|-unboost|p1b: Fezandipiti|atk|1\n|move|p2b: Dragapult|Phantom Force||[still]\n|-prepare|p2b: Dragapult|Phantom Force\n|move|p1a: Gliscor|Knock Off|p2b: Dragapult|[miss]\n|-miss|p1a: Gliscor|p2b: Dragapult\n|move|p1b: Fezandipiti|Tailwind|p1b: Fezandipiti\n|-sidestart|p1: interdimentional|move: Tailwind\n|\n|-heal|p1a: Gliscor|63\/100 tox|[from] ability: Poison Heal\n|upkeep\n|turn|8\n|inactive|interdimentional has 120 seconds left.\n|\n|t:|1697646086\n|switch|p1a: Cresselia|Cresselia, F|100\/100\n|switch|p2a: Rillaboom|Rillaboom, F|100\/100\n|-damage|p2a: Rillaboom|88\/100|[from] Stealth Rock\n|-fieldstart|move: Grassy Terrain|[from] ability: Grassy Surge|[of] p2a: Rillaboom\n|move|p1b: Fezandipiti|Dazzling Gleam|p2b: Dragapult|[spread] p2a\n|-miss|p1b: Fezandipiti|p2b: Dragapult\n|-damage|p2a: Rillaboom|82\/100\n|move|p2b: Dragapult|Phantom Force|p1a: Cresselia|[from]lockedmove\n|-supereffective|p1a: Cresselia\n|-damage|p1a: Cresselia|0 fnt\n|faint|p1a: Cresselia\n|\n|-heal|p2b: Dragapult|66\/100|[from] Grassy Terrain\n|-heal|p2a: Rillaboom|89\/100|[from] Grassy Terrain\n|upkeep\n|\n|t:|1697646100\n|switch|p1a: Ogerpon|Ogerpon-Hearthflame, F|100\/100\n|-ability|p1a: Ogerpon|Mold Breaker\n|turn|9\n|\n|t:|1697646110\n|-terastallize|p1a: Ogerpon|Fire\n|detailschange|p1a: Ogerpon|Ogerpon-Hearthflame-Tera, F, tera:Fire\n|-ability|p1a: Ogerpon|Embody Aspect (Hearthflame)|boost\n|-boost|p1a: Ogerpon|atk|1\n|move|p2a: Rillaboom|Fake Out|p1a: Ogerpon\n|-damage|p1a: Ogerpon|82\/100\n|cant|p1a: Ogerpon|flinch\n|move|p1b: Fezandipiti|Icy Wind|p2b: Dragapult|[spread] p2a,p2b\n|-supereffective|p2a: Rillaboom\n|-damage|p2a: Rillaboom|84\/100\n|-damage|p2b: Dragapult|60\/100\n|-unboost|p2a: Rillaboom|spe|1\n|move|p2b: Dragapult|Phantom Force||[still]\n|-prepare|p2b: Dragapult|Phantom Force\n|\n|-heal|p1a: Ogerpon|88\/100|[from] Grassy Terrain\n|-heal|p2a: Rillaboom|90\/100|[from] Grassy Terrain\n|upkeep\n|turn|10\n|\n|t:|1697646131\n|switch|p1a: Gliscor|Gliscor, F|63\/100 tox\n|switch|p2a: Blastoise|Blastoise, M|100\/100\n|-damage|p2a: Blastoise|88\/100|[from] Stealth Rock\n|move|p1b: Fezandipiti|Roost||[still]\n|-fail|p1b: Fezandipiti|heal\n|move|p2b: Dragapult|Phantom Force|p1a: Gliscor|[from]lockedmove\n|-damage|p1a: Gliscor|7\/100 tox\n|\n|-heal|p2b: Dragapult|66\/100|[from] Grassy Terrain\n|-heal|p2a: Blastoise|94\/100|[from] Grassy Terrain\n|-heal|p1a: Gliscor|19\/100 tox|[from] ability: Poison Heal\n|-sideend|p1: interdimentional|move: Tailwind\n|upkeep\n|turn|11\n|\n|t:|1697646156\n|move|p2b: Dragapult|Phantom Force||[still]\n|-prepare|p2b: Dragapult|Phantom Force\n|move|p1a: Gliscor|Toxic|p2a: Blastoise\n|-status|p2a: Blastoise|tox\n|move|p1b: Fezandipiti|Icy Wind|p2b: Dragapult|[spread] p2a\n|-miss|p1b: Fezandipiti|p2b: Dragapult\n|-resisted|p2a: Blastoise\n|-damage|p2a: Blastoise|93\/100 tox\n|-unboost|p2a: Blastoise|spe|1\n|move|p2a: Blastoise|Scald|p1a: Gliscor\n|-supereffective|p1a: Gliscor\n|-damage|p1a: Gliscor|0 fnt\n|faint|p1a: Gliscor\n|\n|-heal|p2a: Blastoise|99\/100 tox|[from] Grassy Terrain\n|-damage|p2a: Blastoise|93\/100 tox|[from] psn\n|upkeep\n|inactive|interdimentional has 120 seconds left.\n|\n|t:|1697646176\n|switch|p1a: Garchomp|Garchomp, F|100\/100\n|turn|12\n|\n|t:|1697646197\n|switch|p2a: Grimmsnarl|Grimmsnarl, M|3\/100 tox\n|-damage|p2a: Grimmsnarl|0 fnt|[from] Stealth Rock\n|faint|p2a: Grimmsnarl\n|move|p2b: Dragapult|Phantom Force|p1b: Fezandipiti|[from]lockedmove\n|-damage|p1b: Fezandipiti|15\/100\n|move|p1a: Garchomp|Swords Dance|p1a: Garchomp\n|-boost|p1a: Garchomp|atk|2\n|move|p1b: Fezandipiti|Tailwind|p1b: Fezandipiti\n|-sidestart|p1: interdimentional|move: Tailwind\n|\n|-heal|p1b: Fezandipiti|21\/100|[from] Grassy Terrain\n|-heal|p1b: Fezandipiti|27\/100|[from] item: Leftovers\n|-heal|p2b: Dragapult|72\/100|[from] Grassy Terrain\n|-sideend|p2: Yu hung lo|move: Light Screen\n|-fieldend|move: Grassy Terrain\n|upkeep\n|\n|t:|1697646206\n|switch|p2a: Incineroar|Incineroar, M|76\/100\n|-damage|p2a: Incineroar|51\/100|[from] Stealth Rock\n|-ability|p2a: Incineroar|Intimidate|boost\n|-unboost|p1a: Garchomp|atk|1\n|-unboost|p1b: Fezandipiti|atk|1\n|turn|13\n|\n|t:|1697646223\n|move|p2a: Incineroar|Fake Out|p1b: Fezandipiti\n|-damage|p1b: Fezandipiti|15\/100\n|move|p1a: Garchomp|Fire Fang|p2b: Dragapult\n|-damage|p2b: Dragapult|37\/100\n|cant|p1b: Fezandipiti|flinch\n|cant|p2b: Dragapult|flinch\n|\n|-heal|p1b: Fezandipiti|21\/100|[from] item: Leftovers\n|-sideend|p2: Yu hung lo|Reflect\n|upkeep\n|turn|14\n|inactive|Yu hung lo has 120 seconds left.\n|\n|t:|1697646269\n|switch|p2b: Rillaboom|Rillaboom, F|90\/100\n|-damage|p2b: Rillaboom|78\/100|[from] Stealth Rock\n|-fieldstart|move: Grassy Terrain|[from] ability: Grassy Surge|[of] p2b: Rillaboom\n|move|p1a: Garchomp|Outrage|p2a: Incineroar\n|-damage|p2a: Incineroar|0 fnt\n|faint|p2a: Incineroar\n|move|p1b: Fezandipiti|Roost|p1b: Fezandipiti\n|-heal|p1b: Fezandipiti|71\/100\n|-singleturn|p1b: Fezandipiti|move: Roost\n|\n|-heal|p1b: Fezandipiti|77\/100|[from] Grassy Terrain\n|-heal|p1b: Fezandipiti|83\/100|[from] item: Leftovers\n|-heal|p2b: Rillaboom|84\/100|[from] Grassy Terrain\n|upkeep\n|\n|t:|1697646277\n|switch|p2a: Lucario|Lucario-Mega, F|77\/100\n|-damage|p2a: Lucario|74\/100|[from] Stealth Rock\n|turn|15\n|\n|t:|1697646289\n|move|p2b: Rillaboom|Fake Out|p1a: Garchomp\n|-damage|p1a: Garchomp|86\/100\n|-damage|p2b: Rillaboom|71\/100|[from] ability: Rough Skin|[of] p1a: Garchomp\n|-damage|p2b: Rillaboom|55\/100|[from] item: Rocky Helmet|[of] p1a: Garchomp\n|cant|p1a: Garchomp|flinch\n|move|p1b: Fezandipiti|Icy Wind|p2a: Lucario|[spread] p2a,p2b\n|-resisted|p2a: Lucario\n|-supereffective|p2b: Rillaboom\n|-damage|p2a: Lucario|70\/100\n|-damage|p2b: Rillaboom|48\/100\n|-unboost|p2a: Lucario|spe|1\n|-unboost|p2b: Rillaboom|spe|1\n|move|p2a: Lucario|Swords Dance|p2a: Lucario\n|-boost|p2a: Lucario|atk|2\n|\n|-heal|p1a: Garchomp|93\/100|[from] Grassy Terrain\n|-heal|p1b: Fezandipiti|89\/100|[from] Grassy Terrain\n|-heal|p1b: Fezandipiti|95\/100|[from] item: Leftovers\n|-heal|p2a: Lucario|77\/100|[from] Grassy Terrain\n|-heal|p2b: Rillaboom|55\/100|[from] Grassy Terrain\n|-sideend|p1: interdimentional|move: Tailwind\n|upkeep\n|turn|16\n|\n|t:|1697646307\n|move|p2b: Rillaboom|Grassy Glide|p1a: Garchomp\n|-damage|p1a: Garchomp|56\/100\n|-damage|p2b: Rillaboom|42\/100|[from] ability: Rough Skin|[of] p1a: Garchomp\n|-damage|p2b: Rillaboom|26\/100|[from] item: Rocky Helmet|[of] p1a: Garchomp\n|move|p1a: Garchomp|Fire Fang|p2b: Rillaboom\n|-supereffective|p2b: Rillaboom\n|-damage|p2b: Rillaboom|0 fnt\n|faint|p2b: Rillaboom\n|move|p2a: Lucario|Drain Punch|p1a: Garchomp\n|-damage|p1a: Garchomp|0 fnt\n|-heal|p2a: Lucario|100\/100|[from] drain|[of] p1a: Garchomp\n|-damage|p2a: Lucario|88\/100|[from] ability: Rough Skin|[of] p1a: Garchomp\n|-damage|p2a: Lucario|72\/100|[from] item: Rocky Helmet|[of] p1a: Garchomp\n|faint|p1a: Garchomp\n|move|p1b: Fezandipiti|Tailwind|p1b: Fezandipiti\n|-sidestart|p1: interdimentional|move: Tailwind\n|\n|-heal|p1b: Fezandipiti|100\/100|[from] Grassy Terrain\n|-heal|p2a: Lucario|78\/100|[from] Grassy Terrain\n|upkeep\n|\n|t:|1697646320\n|switch|p1a: Ogerpon|Ogerpon-Hearthflame-Tera, F, tera:Fire|88\/100\n|switch|p2b: Blastoise|Blastoise, M|93\/100 tox\n|-ability|p1a: Ogerpon|Embody Aspect (Hearthflame)|boost\n|-boost|p1a: Ogerpon|atk|1\n|-damage|p2b: Blastoise|80\/100 tox|[from] Stealth Rock\n|turn|17\n|inactive|Yu hung lo has 120 seconds left.\n|inactive|interdimentional has 120 seconds left.\n|\n|t:|1697646365\n|move|p2b: Blastoise|Fake Out|p1a: Ogerpon\n|-damage|p1a: Ogerpon|78\/100\n|cant|p1a: Ogerpon|flinch\n|move|p1b: Fezandipiti|Roost||[still]\n|-fail|p1b: Fezandipiti|heal\n|move|p2a: Lucario|Drain Punch|p1a: Ogerpon\n|-damage|p1a: Ogerpon|0 fnt\n|-heal|p2a: Lucario|100\/100|[from] drain|[of] p1a: Ogerpon\n|faint|p1a: Ogerpon\n|\n|-heal|p2b: Blastoise|86\/100 tox|[from] Grassy Terrain\n|-damage|p2b: Blastoise|80\/100 tox|[from] psn\n|upkeep\n|turn|18\n|\n|t:|1697646377\n|move|p2b: Blastoise|Follow Me|p2b: Blastoise\n|-singleturn|p2b: Blastoise|move: Follow Me\n|move|p2a: Lucario|Bullet Punch|p1b: Fezandipiti\n|-supereffective|p1b: Fezandipiti\n|-damage|p1b: Fezandipiti|0 fnt\n|faint|p1b: Fezandipiti\n|\n|win|Yu hung lo\n|raw|interdimentional's rating: 1276 &rarr; <strong>1262<\/strong><br \/>(-14 for losing)\n|raw|Yu hung lo's rating: 1437 &rarr; <strong>1448<\/strong><br \/>(+11 for winning)\n|l|\u2606interdimentional\n","uploadtime":1697646388,"views":9,"p1id":"interdimentional","p2id":"yuhunglo","formatid":"gen9nationaldexdoubles","rating":1262,"private":0,"password":""}