{"id":"gen9nationaldexdoubles-1978421589","p1":"AnimeProz","p2":"yaya_x3","format":"[Gen 9] National Dex Doubles","log":"|j|\u2606AnimeProz\n|j|\u2606yaya_x3\n|t:|1698536820\n|gametype|doubles\n|player|p1|AnimeProz|caitlin|\n|player|p2|yaya_x3|cyclistf|\n|teamsize|p1|6\n|teamsize|p2|6\n|gen|9\n|tier|[Gen 9] National Dex Doubles\n|rule|HP Percentage Mod: HP is shown in percentages\n|rule|Endless Battle Clause: Forcing endless battles is banned\n|rule|OHKO Clause: OHKO moves are banned\n|rule|Evasion Moves Clause: Evasion moves are banned\n|rule|Evasion Abilities Clause: Evasion abilities are banned\n|rule|Species Clause: Limit one of each Pok\u00e9mon\n|rule|Gravity Sleep Clause: The combination of sleep-inducing moves with imperfect accuracy and Gravity or Gigantamax Orbeetle are banned\n|clearpoke\n|poke|p1|Shiftry, M|\n|poke|p1|Meowscarada, F|\n|poke|p1|Florges, F|\n|poke|p1|Tornadus, M|\n|poke|p1|Politoed, M|\n|poke|p1|Mienshao, F|\n|poke|p2|Greninja-*, M|\n|poke|p2|Palafin, M|\n|poke|p2|Walking Wake|\n|poke|p2|Shiftry, M|\n|poke|p2|Ludicolo, M|\n|poke|p2|Pelipper, M|\n|teampreview\n|inactive|Battle timer is ON: inactive players will automatically lose when time's up. (requested by AnimeProz)\n|inactiveoff|Battle timer is now OFF.\n|\n|t:|1698536847\n|start\n|switch|p1a: Shiftry|Shiftry, M|100\/100\n|switch|p1b: Meowscarada|Meowscarada, F|100\/100\n|switch|p2a: Walking Wake|Walking Wake|100\/100\n|switch|p2b: Greninja|Greninja, M|100\/100\n|turn|1\n|\n|t:|1698536903\n|-terastallize|p2a: Walking Wake|Fairy\n|move|p1a: Shiftry|Protect|p1a: Shiftry\n|-singleturn|p1a: Shiftry|Protect\n|move|p2a: Walking Wake|Flamethrower|p1b: Meowscarada\n|-supereffective|p1b: Meowscarada\n|-enditem|p1b: Meowscarada|Focus Sash\n|-damage|p1b: Meowscarada|1\/100\n|move|p1b: Meowscarada|Play Rough|p2a: Walking Wake\n|-start|p1b: Meowscarada|typechange|Fairy|[from] ability: Protean\n|-damage|p2a: Walking Wake|58\/100\n|move|p2b: Greninja|Ice Beam|p1a: Shiftry\n|-activate|p1a: Shiftry|move: Protect\n|\n|upkeep\n|turn|2\n|\n|t:|1698536971\n|switch|p1b: Politoed|Politoed, M, shiny|100\/100\n|-weather|RainDance|[from] ability: Drizzle|[of] p1b: Politoed\n|-terastallize|p1a: Shiftry|Fairy\n|move|p2b: Greninja|Water Shuriken|p1b: Politoed\n|-resisted|p1b: Politoed\n|-damage|p1b: Politoed|96\/100\n|-resisted|p1b: Politoed\n|-damage|p1b: Politoed|91\/100\n|-hitcount|p1b: Politoed|2\n|move|p2a: Walking Wake|Flamethrower|p1a: Shiftry\n|-damage|p1a: Shiftry|72\/100\n|move|p1a: Shiftry|Leaf Blade|p2b: Greninja\n|-supereffective|p2b: Greninja\n|-damage|p2b: Greninja|0 fnt\n|faint|p2b: Greninja\n|-damage|p1a: Shiftry|62\/100|[from] item: Life Orb\n|\n|-weather|RainDance|[upkeep]\n|upkeep\n|\n|t:|1698537005\n|switch|p2b: Ludicolo|Ludicolo, M|100\/100\n|turn|3\n|\n|t:|1698537020\n|-end|p2a: Walking Wake|Protosynthesis|[silent]\n|switch|p2a: Pelipper|Pelipper, M|100\/100\n|move|p2b: Ludicolo|Hydro Pump|p1a: Shiftry\n|-damage|p1a: Shiftry|0 fnt\n|faint|p1a: Shiftry\n|move|p1b: Politoed|Icy Wind|p2b: Ludicolo|[spread] p2a,p2b\n|-damage|p2a: Pelipper|80\/100\n|-damage|p2b: Ludicolo|90\/100\n|-unboost|p2a: Pelipper|spe|1\n|-unboost|p2b: Ludicolo|spe|1\n|\n|-weather|RainDance|[upkeep]\n|upkeep\n|\n|t:|1698537040\n|switch|p1a: Mienshao|Mienshao, F, shiny|100\/100\n|turn|4\n|\n|t:|1698537052\n|move|p1a: Mienshao|Fake Out|p2a: Pelipper\n|-damage|p2a: Pelipper|56\/100\n|-damage|p1a: Mienshao|91\/100|[from] item: Life Orb\n|move|p2b: Ludicolo|Hydro Pump|p1a: Mienshao\n|-damage|p1a: Mienshao|0 fnt\n|faint|p1a: Mienshao\n|cant|p2a: Pelipper|flinch\n|move|p1b: Politoed|Icy Wind|p2a: Pelipper|[spread] p2a,p2b\n|-crit|p2b: Ludicolo\n|-damage|p2a: Pelipper|33\/100\n|-damage|p2b: Ludicolo|76\/100\n|-unboost|p2a: Pelipper|spe|1\n|-unboost|p2b: Ludicolo|spe|1\n|\n|-weather|RainDance|[upkeep]\n|upkeep\n|\n|t:|1698537071\n|switch|p1a: Tornadus|Tornadus, M|100\/100\n|turn|5\n|\n|t:|1698537098\n|switch|p2b: Shiftry|Shiftry, M|100\/100\n|switch|p2a: Palafin|Palafin, M|100\/100\n|move|p1a: Tornadus|Bleakwind Storm|p2b: Shiftry|[spread] p2a\n|-ability|p2b: Shiftry|Wind Rider|boost\n|-boost|p2b: Shiftry|atk|1\n|-damage|p2a: Palafin|46\/100\n|move|p1b: Politoed|Icy Wind|p2b: Shiftry|[spread] p2a\n|-ability|p2b: Shiftry|Wind Rider|boost\n|-boost|p2b: Shiftry|atk|1\n|-resisted|p2a: Palafin\n|-crit|p2a: Palafin\n|-damage|p2a: Palafin|32\/100\n|-unboost|p2a: Palafin|spe|1\n|\n|-weather|RainDance|[upkeep]\n|-heal|p2a: Palafin|39\/100|[from] item: Leftovers\n|upkeep\n|turn|6\n|c|\u2606AnimeProz|Well shoot\n|c|\u2606yaya_x3|wind rider broken?\n|\n|t:|1698537139\n|detailschange|p2a: Palafin|Palafin-Hero, M\n|switch|p2a: Ludicolo|Ludicolo, M|76\/100\n|move|p1a: Tornadus|Taunt|p2b: Shiftry\n|-hint|Since gen 7, Dark is immune to Prankster moves.\n|-immune|p2b: Shiftry\n|move|p2b: Shiftry|Knock Off|p1a: Tornadus\n|-enditem|p1a: Tornadus|Focus Sash\n|-damage|p1a: Tornadus|1\/100\n|move|p1b: Politoed|Encore|p2b: Shiftry\n|-start|p2b: Shiftry|Encore\n|\n|-weather|none\n|upkeep\n|turn|7\n|c|\u2606AnimeProz|I forgot his typing\n|\n|t:|1698537174\n|switch|p1b: Meowscarada|Meowscarada, F|1\/100\n|move|p1a: Tornadus|Protect|p1a: Tornadus\n|-singleturn|p1a: Tornadus|Protect\n|move|p2a: Ludicolo|Fake Out|p1a: Tornadus\n|-activate|p1a: Tornadus|move: Protect\n|move|p2b: Shiftry|Knock Off|p1b: Meowscarada\n|-resisted|p1b: Meowscarada\n|-damage|p1b: Meowscarada|0 fnt\n|faint|p1b: Meowscarada\n|\n|upkeep\n|\n|t:|1698537192\n|switch|p1b: Politoed|Politoed, M, shiny|91\/100\n|-weather|RainDance|[from] ability: Drizzle|[of] p1b: Politoed\n|turn|8\n|c|\u2606yaya_x3|shiftry basically immune to flying types now\n|c|\u2606yaya_x3|wow\n|\n|t:|1698537219\n|switch|p1b: Florges|Florges, F, shiny|100\/100\n|move|p2a: Ludicolo|Ice Beam|p1a: Tornadus\n|-supereffective|p1a: Tornadus\n|-damage|p1a: Tornadus|0 fnt\n|faint|p1a: Tornadus\n|move|p2b: Shiftry|Knock Off|p1b: Florges\n|-resisted|p1b: Florges\n|-damage|p1b: Florges|41\/100\n|-enditem|p1b: Florges|Leftovers|[from] move: Knock Off|[of] p2b: Shiftry\n|\n|-weather|RainDance|[upkeep]\n|upkeep\n|\n|t:|1698537231\n|switch|p1a: Politoed|Politoed, M, shiny|91\/100\n|turn|9\n|\n|t:|1698537246\n|move|p2a: Ludicolo|Giga Drain|p1b: Florges\n|-damage|p1b: Florges|20\/100\n|-heal|p2a: Ludicolo|88\/100|[from] drain|[of] p1b: Florges\n|move|p2b: Shiftry|Knock Off|p1b: Florges\n|-resisted|p1b: Florges\n|-damage|p1b: Florges|0 fnt\n|faint|p1b: Florges\n|move|p1a: Politoed|Muddy Water|p2a: Ludicolo|[spread] p2a,p2b\n|-resisted|p2a: Ludicolo\n|-resisted|p2b: Shiftry\n|-damage|p2a: Ludicolo|80\/100\n|-damage|p2b: Shiftry|64\/100\n|-unboost|p2a: Ludicolo|accuracy|1\n|\n|-weather|RainDance|[upkeep]\n|-end|p2b: Shiftry|Encore\n|upkeep\n|turn|10\n|\n|t:|1698537266\n|move|p2a: Ludicolo|Giga Drain|p1a: Politoed\n|-supereffective|p1a: Politoed\n|-damage|p1a: Politoed|32\/100\n|-heal|p2a: Ludicolo|100\/100|[from] drain|[of] p1a: Politoed\n|-enditem|p1a: Politoed|Sitrus Berry|[eat]\n|-heal|p1a: Politoed|56\/100|[from] item: Sitrus Berry\n|move|p2b: Shiftry|Leaf Blade|p1a: Politoed\n|-supereffective|p1a: Politoed\n|-damage|p1a: Politoed|0 fnt\n|faint|p1a: Politoed\n|\n|win|yaya_x3\n|c|\u2606yaya_x3|ggz\n|c|\u2606AnimeProz|Ggs\n|c|\u2606yaya_x3|try making sandstorm team\n|c|\u2606yaya_x3|with ttar\n|c|\u2606AnimeProz|Not much my team can do to shiftry\n|c|\u2606AnimeProz|Cus its designed to help my shiftry\n|l|\u2606AnimeProz\n|c|\u2606yaya_x3|ic\n","uploadtime":1698537312,"views":10,"p1id":"animeproz","p2id":"yayax3","formatid":"gen9nationaldexdoubles","rating":0,"private":0,"password":""}