{"id":"gen9nationaldexdoubles-1994603012","p1":"lobyte","p2":"Sargenbob","format":"[Gen 9] National Dex Doubles","log":"|j|\u2606lobyte\n|j|\u2606Sargenbob\n|t:|1700467708\n|gametype|doubles\n|player|p1|lobyte|steven|1154\n|player|p2|Sargenbob|red|1173\n|teamsize|p1|6\n|teamsize|p2|6\n|gen|9\n|tier|[Gen 9] National Dex Doubles\n|rated|\n|rule|HP Percentage Mod: HP is shown in percentages\n|rule|Endless Battle Clause: Forcing endless battles is banned\n|rule|OHKO Clause: OHKO moves are banned\n|rule|Evasion Moves Clause: Evasion moves are banned\n|rule|Evasion Abilities Clause: Evasion abilities are banned\n|rule|Species Clause: Limit one of each Pok\u00e9mon\n|rule|Gravity Sleep Clause: The combination of sleep-inducing moves with imperfect accuracy and Gravity or Gigantamax Orbeetle are banned\n|clearpoke\n|poke|p1|Kangaskhan, F|\n|poke|p1|Rillaboom, M|\n|poke|p1|Kyurem-Black|\n|poke|p1|Jirachi|\n|poke|p1|Urshifu-*, F|\n|poke|p1|Zeraora|\n|poke|p2|Ursaluna, F|\n|poke|p2|Gothitelle, F|\n|poke|p2|Salamence, F|\n|poke|p2|Amoonguss, F|\n|poke|p2|Diancie|\n|poke|p2|Incineroar, F|\n|teampreview\n|inactive|Battle timer is ON: inactive players will automatically lose when time's up. (requested by lobyte)\n|inactive|lobyte has 120 seconds left.\n|\n|t:|1700467750\n|start\n|switch|p1a: Zeraora|Zeraora|100\/100\n|switch|p1b: Kangaskhan|Kangaskhan, F|100\/100\n|switch|p2a: El-Macho|Incineroar, F, shiny|100\/100\n|switch|p2b: Shenron|Salamence, F, shiny|100\/100\n|-ability|p2b: Shenron|Intimidate|boost\n|-unboost|p1a: Zeraora|atk|1\n|-unboost|p1b: Kangaskhan|atk|1\n|-ability|p2a: El-Macho|Intimidate|boost\n|-unboost|p1a: Zeraora|atk|1\n|-unboost|p1b: Kangaskhan|atk|1\n|turn|1\n|\n|t:|1700467774\n|detailschange|p2b: Shenron|Salamence-Mega, F, shiny\n|-mega|p2b: Shenron|Salamence|Salamencite\n|detailschange|p1b: Kangaskhan|Kangaskhan-Mega, F\n|-mega|p1b: Kangaskhan|Kangaskhan|Kangaskhanite\n|move|p1a: Zeraora|Fake Out|p2a: El-Macho\n|-damage|p2a: El-Macho|95\/100\n|move|p1b: Kangaskhan|Fake Out|p2b: Shenron\n|-damage|p2b: Shenron|90\/100\n|-damage|p2b: Shenron|88\/100\n|-hitcount|p2b: Shenron|2\n|cant|p2a: El-Macho|flinch\n|cant|p2b: Shenron|flinch\n|\n|upkeep\n|turn|2\n|inactive|lobyte has 120 seconds left.\n|\n|t:|1700467806\n|switch|p1b: Urshifu|Urshifu-Rapid-Strike, F|100\/100\n|move|p1a: Zeraora|Plasma Fists|p2b: Shenron\n|-damage|p2b: Shenron|65\/100\n|-fieldactivate|move: Ion Deluge\n|-hint|Normal-type moves become Electric-type after using Plasma Fists.\n|move|p2b: Shenron|Breaking Swipe|p1a: Zeraora|[spread] p1a,p1b\n|-damage|p1a: Zeraora|72\/100\n|-damage|p1b: Urshifu|78\/100\n|-unboost|p1a: Zeraora|atk|1\n|-unboost|p1b: Urshifu|atk|1\n|move|p2a: El-Macho|Parting Shot|p1b: Urshifu\n|-unboost|p1b: Urshifu|atk|1\n|-unboost|p1b: Urshifu|spa|1\n|\n|t:|1700467824\n|switch|p2a: Toad|Amoonguss, F, shiny|100\/100|[from] Parting Shot\n|\n|upkeep\n|turn|3\n|inactive|lobyte has 120 seconds left.\n|\n|t:|1700467855\n|move|p1a: Zeraora|Coaching|p1b: Urshifu\n|-boost|p1b: Urshifu|atk|1\n|-boost|p1b: Urshifu|def|1\n|move|p1b: Urshifu|Surging Strikes|p2b: Shenron\n|-resisted|p2b: Shenron\n|-crit|p2b: Shenron\n|-damage|p2b: Shenron|55\/100\n|-resisted|p2b: Shenron\n|-crit|p2b: Shenron\n|-damage|p2b: Shenron|44\/100\n|-resisted|p2b: Shenron\n|-crit|p2b: Shenron\n|-damage|p2b: Shenron|35\/100\n|-hitcount|p2b: Shenron|3\n|move|p2b: Shenron|Breaking Swipe|p1b: Urshifu|[spread] p1a,p1b\n|-damage|p1a: Zeraora|41\/100\n|-damage|p1b: Urshifu|62\/100\n|-unboost|p1a: Zeraora|atk|1\n|-unboost|p1b: Urshifu|atk|1\n|move|p2a: Toad|Spore|p1a: Zeraora\n|-status|p1a: Zeraora|slp|[from] move: Spore\n|\n|upkeep\n|turn|4\n|\n|t:|1700467873\n|cant|p1a: Zeraora|slp\n|move|p1b: Urshifu|Surging Strikes|p2b: Shenron\n|-resisted|p2b: Shenron\n|-crit|p2b: Shenron\n|-damage|p2b: Shenron|24\/100\n|-resisted|p2b: Shenron\n|-crit|p2b: Shenron\n|-damage|p2b: Shenron|15\/100\n|-resisted|p2b: Shenron\n|-crit|p2b: Shenron\n|-damage|p2b: Shenron|5\/100\n|-hitcount|p2b: Shenron|3\n|move|p2b: Shenron|Breaking Swipe|p1b: Urshifu|[spread] p1a,p1b\n|-damage|p1a: Zeraora|11\/100 slp\n|-damage|p1b: Urshifu|49\/100\n|-unboost|p1a: Zeraora|atk|1\n|-unboost|p1b: Urshifu|atk|1\n|move|p2a: Toad|Pollen Puff|p2b: Shenron\n|-heal|p2b: Shenron|55\/100\n|\n|upkeep\n|turn|5\n|\n|t:|1700467892\n|cant|p1a: Zeraora|slp\n|move|p1b: Urshifu|Surging Strikes|p2b: Shenron\n|-resisted|p2b: Shenron\n|-crit|p2b: Shenron\n|-damage|p2b: Shenron|44\/100\n|-resisted|p2b: Shenron\n|-crit|p2b: Shenron\n|-damage|p2b: Shenron|33\/100\n|-resisted|p2b: Shenron\n|-crit|p2b: Shenron\n|-damage|p2b: Shenron|22\/100\n|-hitcount|p2b: Shenron|3\n|move|p2b: Shenron|Breaking Swipe|p1a: Zeraora|[spread] p1a,p1b\n|-damage|p1a: Zeraora|0 fnt\n|-damage|p1b: Urshifu|35\/100\n|-unboost|p1b: Urshifu|atk|1\n|faint|p1a: Zeraora\n|move|p2a: Toad|Pollen Puff|p2b: Shenron\n|-heal|p2b: Shenron|72\/100\n|\n|upkeep\n|\n|t:|1700467900\n|switch|p1a: Kyurem|Kyurem-Black|100\/100\n|-ability|p1a: Kyurem|Teravolt\n|turn|6\n|\n|t:|1700467917\n|switch|p1b: Rillaboom|Rillaboom, M|100\/100\n|-fieldstart|move: Grassy Terrain|[from] ability: Grassy Surge|[of] p1b: Rillaboom\n|-terastallize|p1a: Kyurem|Poison\n|move|p2a: Toad|Rage Powder|p2a: Toad\n|-singleturn|p2a: Toad|move: Rage Powder\n|move|p2b: Shenron|Breaking Swipe|p1b: Rillaboom|[spread] p1a,p1b\n|-damage|p1a: Kyurem|83\/100\n|-damage|p1b: Rillaboom|79\/100\n|-unboost|p1a: Kyurem|atk|1\n|-unboost|p1b: Rillaboom|atk|1\n|move|p1a: Kyurem|Icicle Spear|p2a: Toad\n|-supereffective|p2a: Toad\n|-damage|p2a: Toad|84\/100\n|-supereffective|p2a: Toad\n|-damage|p2a: Toad|66\/100\n|-supereffective|p2a: Toad\n|-damage|p2a: Toad|49\/100\n|-supereffective|p2a: Toad\n|-damage|p2a: Toad|33\/100\n|-hitcount|p2a: Toad|4\n|\n|-heal|p1a: Kyurem|89\/100|[from] Grassy Terrain\n|-heal|p1b: Rillaboom|86\/100|[from] Grassy Terrain\n|-heal|p2a: Toad|39\/100|[from] Grassy Terrain\n|upkeep\n|turn|7\n|\n|t:|1700467941\n|switch|p2a: El-Macho|Incineroar, F, shiny|95\/100\n|-ability|p2a: El-Macho|Intimidate|boost\n|-unboost|p1a: Kyurem|atk|1\n|-unboost|p1b: Rillaboom|atk|1\n|move|p1b: Rillaboom|Fake Out|p2a: El-Macho\n|-damage|p2a: El-Macho|89\/100\n|move|p2b: Shenron|Breaking Swipe|p1b: Rillaboom|[spread] p1a,p1b\n|-damage|p1a: Kyurem|72\/100\n|-damage|p1b: Rillaboom|67\/100\n|-unboost|p1a: Kyurem|atk|1\n|-unboost|p1b: Rillaboom|atk|1\n|move|p1a: Kyurem|Icicle Spear|p2b: Shenron\n|-supereffective|p2b: Shenron\n|-damage|p2b: Shenron|43\/100\n|-supereffective|p2b: Shenron\n|-damage|p2b: Shenron|14\/100\n|-supereffective|p2b: Shenron\n|-damage|p2b: Shenron|0 fnt\n|faint|p2b: Shenron\n|-hitcount|p2: Shenron|3\n|\n|-heal|p1a: Kyurem|78\/100|[from] Grassy Terrain\n|-heal|p1b: Rillaboom|73\/100|[from] Grassy Terrain\n|-heal|p2a: El-Macho|95\/100|[from] Grassy Terrain\n|upkeep\n|inactive|Sargenbob has 120 seconds left.\n|\n|t:|1700467960\n|switch|p2b: Waifu|Gothitelle, F, shiny|100\/100\n|turn|8\n|\n|t:|1700467990\n|move|p1a: Kyurem|Fusion Bolt|p2b: Waifu\n|-crit|p2b: Waifu\n|-damage|p2b: Waifu|43\/100\n|-enditem|p2b: Waifu|Sitrus Berry|[eat]\n|-heal|p2b: Waifu|68\/100|[from] item: Sitrus Berry\n|move|p1b: Rillaboom|U-turn|p2a: El-Macho\n|-damage|p2a: El-Macho|86\/100\n|\n|t:|1700468000\n|switch|p1b: Urshifu|Urshifu-Rapid-Strike, F|35\/100|[from] U-turn\n|move|p2b: Waifu|Psychic|p1a: Kyurem\n|-supereffective|p1a: Kyurem\n|-damage|p1a: Kyurem|29\/100\n|move|p2a: El-Macho|Flare Blitz|p1b: Urshifu\n|-resisted|p1b: Urshifu\n|-damage|p1b: Urshifu|9\/100\n|-damage|p2a: El-Macho|78\/100|[from] Recoil\n|\n|-heal|p1b: Urshifu|15\/100|[from] Grassy Terrain\n|-heal|p1a: Kyurem|35\/100|[from] Grassy Terrain\n|-heal|p2b: Waifu|74\/100|[from] Grassy Terrain\n|-heal|p2a: El-Macho|84\/100|[from] Grassy Terrain\n|upkeep\n|turn|9\n|\n|t:|1700468015\n|move|p1b: Urshifu|Surging Strikes|p2a: El-Macho\n|-supereffective|p2a: El-Macho\n|-crit|p2a: El-Macho\n|-damage|p2a: El-Macho|45\/100\n|-supereffective|p2a: El-Macho\n|-crit|p2a: El-Macho\n|-damage|p2a: El-Macho|8\/100\n|-supereffective|p2a: El-Macho\n|-crit|p2a: El-Macho\n|-damage|p2a: El-Macho|0 fnt\n|faint|p2a: El-Macho\n|-hitcount|p2: El-Macho|3\n|move|p1a: Kyurem|Fusion Bolt|p2b: Waifu\n|-damage|p2b: Waifu|58\/100\n|move|p2b: Waifu|Psychic|p1a: Kyurem\n|-supereffective|p1a: Kyurem\n|-damage|p1a: Kyurem|0 fnt\n|faint|p1a: Kyurem\n|\n|-heal|p1b: Urshifu|21\/100|[from] Grassy Terrain\n|-heal|p2b: Waifu|64\/100|[from] Grassy Terrain\n|upkeep\n|\n|t:|1700468032\n|switch|p1a: Kangaskhan|Kangaskhan-Mega, F|100\/100\n|switch|p2a: Toad|Amoonguss, F, shiny|72\/100\n|turn|10\n|\n|t:|1700468052\n|move|p1a: Kangaskhan|Fake Out|p2a: Toad\n|-damage|p2a: Toad|59\/100\n|-damage|p1a: Kangaskhan|84\/100|[from] item: Rocky Helmet|[of] p2a: Toad\n|-damage|p2a: Toad|55\/100\n|-damage|p1a: Kangaskhan|67\/100|[from] item: Rocky Helmet|[of] p2a: Toad\n|-hitcount|p2a: Toad|2\n|cant|p2a: Toad|flinch\n|move|p1b: Urshifu|Surging Strikes|p2b: Waifu\n|-crit|p2b: Waifu\n|-damage|p2b: Waifu|48\/100\n|-crit|p2b: Waifu\n|-damage|p2b: Waifu|31\/100\n|-crit|p2b: Waifu\n|-damage|p2b: Waifu|12\/100\n|-hitcount|p2b: Waifu|3\n|move|p2b: Waifu|Trick Room|p2b: Waifu\n|-fieldstart|move: Trick Room|[of] p2b: Waifu\n|\n|-heal|p2a: Toad|61\/100|[from] Grassy Terrain\n|-heal|p2b: Waifu|18\/100|[from] Grassy Terrain\n|-heal|p1a: Kangaskhan|73\/100|[from] Grassy Terrain\n|-heal|p1b: Urshifu|27\/100|[from] Grassy Terrain\n|-fieldend|move: Grassy Terrain\n|upkeep\n|turn|11\n|\n|t:|1700468080\n|move|p2a: Toad|Spore|p1a: Kangaskhan\n|-status|p1a: Kangaskhan|slp|[from] move: Spore\n|move|p2b: Waifu|Psychic|p1b: Urshifu\n|-supereffective|p1b: Urshifu\n|-crit|p1b: Urshifu\n|-damage|p1b: Urshifu|0 fnt\n|faint|p1b: Urshifu\n|cant|p1a: Kangaskhan|slp\n|\n|upkeep\n|\n|t:|1700468086\n|switch|p1b: Rillaboom|Rillaboom, M|73\/100\n|-fieldstart|move: Grassy Terrain|[from] ability: Grassy Surge|[of] p1b: Rillaboom\n|turn|12\n|\n|t:|1700468097\n|move|p1b: Rillaboom|Fake Out|p2a: Toad\n|-damage|p2a: Toad|51\/100\n|-damage|p1b: Rillaboom|56\/100|[from] item: Rocky Helmet|[of] p2a: Toad\n|cant|p2a: Toad|flinch\n|move|p2b: Waifu|Psychic|p1b: Rillaboom\n|-damage|p1b: Rillaboom|36\/100\n|cant|p1a: Kangaskhan|slp\n|\n|-heal|p2a: Toad|57\/100|[from] Grassy Terrain\n|-heal|p2b: Waifu|24\/100|[from] Grassy Terrain\n|-heal|p1b: Rillaboom|43\/100|[from] Grassy Terrain\n|-heal|p1a: Kangaskhan|79\/100 slp|[from] Grassy Terrain\n|upkeep\n|turn|13\n|\n|t:|1700468116\n|move|p2a: Toad|Pollen Puff|p2b: Waifu\n|-heal|p2b: Waifu|74\/100\n|move|p2b: Waifu|Psychic|p1b: Rillaboom\n|-damage|p1b: Rillaboom|23\/100\n|move|p1b: Rillaboom|Wood Hammer|p2a: Toad\n|-resisted|p2a: Toad\n|-damage|p2a: Toad|43\/100\n|-damage|p1b: Rillaboom|6\/100|[from] item: Rocky Helmet|[of] p2a: Toad\n|-damage|p1b: Rillaboom|1\/100|[from] Recoil\n|-curestatus|p1a: Kangaskhan|slp|[msg]\n|move|p1a: Kangaskhan|Shadow Claw|p2b: Waifu\n|-supereffective|p2b: Waifu\n|-damage|p2b: Waifu|36\/100\n|-supereffective|p2b: Waifu\n|-damage|p2b: Waifu|27\/100\n|-hitcount|p2b: Waifu|2\n|\n|-heal|p2a: Toad|49\/100|[from] Grassy Terrain\n|-heal|p2b: Waifu|33\/100|[from] Grassy Terrain\n|-heal|p1b: Rillaboom|8\/100|[from] Grassy Terrain\n|-heal|p1a: Kangaskhan|85\/100|[from] Grassy Terrain\n|upkeep\n|turn|14\n|\n|t:|1700468141\n|move|p1a: Kangaskhan|Protect|p1a: Kangaskhan\n|-singleturn|p1a: Kangaskhan|Protect\n|move|p1b: Rillaboom|Grassy Glide|p2b: Waifu\n|-damage|p2b: Waifu|5\/100\n|move|p2a: Toad|Spore|p1a: Kangaskhan\n|-activate|p1a: Kangaskhan|move: Protect\n|move|p2b: Waifu|Psychic|p1b: Rillaboom\n|-crit|p1b: Rillaboom\n|-damage|p1b: Rillaboom|0 fnt\n|faint|p1b: Rillaboom\n|\n|-heal|p2a: Toad|55\/100|[from] Grassy Terrain\n|-heal|p2b: Waifu|11\/100|[from] Grassy Terrain\n|-heal|p1a: Kangaskhan|91\/100|[from] Grassy Terrain\n|-fieldend|move: Trick Room\n|upkeep\n|inactive|lobyte has 120 seconds left.\n|\n|t:|1700468152\n|switch|p1b: Jirachi|Jirachi|100\/100\n|turn|15\n|\n|t:|1700468162\n|move|p1b: Jirachi|Follow Me|p1b: Jirachi\n|-singleturn|p1b: Jirachi|move: Follow Me\n|move|p2a: Toad|Rage Powder|p2a: Toad\n|-singleturn|p2a: Toad|move: Rage Powder\n|move|p1a: Kangaskhan|Shadow Claw|p2a: Toad\n|-damage|p2a: Toad|38\/100\n|-damage|p1a: Kangaskhan|75\/100|[from] item: Rocky Helmet|[of] p2a: Toad\n|-damage|p2a: Toad|33\/100\n|-damage|p1a: Kangaskhan|58\/100|[from] item: Rocky Helmet|[of] p2a: Toad\n|-hitcount|p2a: Toad|2\n|move|p2b: Waifu|Trick Room|p2b: Waifu\n|-fieldstart|move: Trick Room|[of] p2b: Waifu\n|\n|-heal|p2a: Toad|40\/100|[from] Grassy Terrain\n|-heal|p2b: Waifu|17\/100|[from] Grassy Terrain\n|-heal|p1a: Kangaskhan|64\/100|[from] Grassy Terrain\n|upkeep\n|turn|16\n|\n|t:|1700468176\n|switch|p2b: Freddy|Ursaluna, F, shiny|100\/100\n|move|p1b: Jirachi|Follow Me|p1b: Jirachi\n|-singleturn|p1b: Jirachi|move: Follow Me\n|move|p2a: Toad|Spore|p1b: Jirachi\n|-activate|p1b: Jirachi|item: Safety Goggles|Spore\n|move|p1a: Kangaskhan|Shadow Claw|p2b: Freddy\n|-immune|p2b: Freddy\n|\n|-heal|p2a: Toad|46\/100|[from] Grassy Terrain\n|-heal|p1a: Kangaskhan|70\/100|[from] Grassy Terrain\n|-fieldend|move: Grassy Terrain\n|-status|p2b: Freddy|brn|[from] item: Flame Orb\n|upkeep\n|turn|17\n|\n|t:|1700468194\n|switch|p2a: Crystal|Diancie, shiny|100\/100\n|move|p1b: Jirachi|Follow Me|p1b: Jirachi\n|-singleturn|p1b: Jirachi|move: Follow Me\n|move|p2b: Freddy|Facade|p1b: Jirachi\n|-resisted|p1b: Jirachi\n|-damage|p1b: Jirachi|52\/100\n|move|p1a: Kangaskhan|Seismic Toss|p2b: Freddy\n|-damage|p2b: Freddy|79\/100 brn\n|-damage|p2b: Freddy|57\/100 brn\n|-hitcount|p2b: Freddy|2\n|\n|-damage|p2b: Freddy|51\/100 brn|[from] brn\n|upkeep\n|turn|18\n|\n|t:|1700468213\n|move|p2b: Freddy|Facade|p1b: Jirachi\n|-resisted|p1b: Jirachi\n|-damage|p1b: Jirachi|5\/100\n|move|p2a: Crystal|Diamond Storm|p1a: Kangaskhan|[spread] p1a,p1b\n|-resisted|p1b: Jirachi\n|-damage|p1a: Kangaskhan|42\/100\n|-damage|p1b: Jirachi|0 fnt\n|-boost|p2a: Crystal|def|2\n|faint|p1b: Jirachi\n|move|p1a: Kangaskhan|Seismic Toss|p2b: Freddy\n|-damage|p2b: Freddy|30\/100 brn\n|-damage|p2b: Freddy|8\/100 brn\n|-hitcount|p2b: Freddy|2\n|\n|-damage|p2b: Freddy|2\/100 brn|[from] brn\n|upkeep\n|turn|19\n|\n|t:|1700468227\n|move|p2b: Freddy|Headlong Rush|p1a: Kangaskhan\n|-damage|p1a: Kangaskhan|0 fnt\n|-unboost|p2b: Freddy|def|1\n|-unboost|p2b: Freddy|spd|1\n|faint|p1a: Kangaskhan\n|\n|win|Sargenbob\n|raw|lobyte's rating: 1154 &rarr; <strong>1130<\/strong><br \/>(-24 for losing)\n|raw|Sargenbob's rating: 1173 &rarr; <strong>1197<\/strong><br \/>(+24 for winning)\n|l|\u2606lobyte\n|c|\u2606Sargenbob|gg\n","uploadtime":1700468234,"views":10,"p1id":"lobyte","p2id":"sargenbob","formatid":"gen9nationaldexdoubles","rating":1130,"private":0,"password":""}