{"id":"gen9nationaldexdoubles-1949027836","p1":"Bracco95","p2":"Dr. Steve Jobs","format":"[Gen 9] National Dex Doubles","log":"|j|\u2606Bracco95\n|j|\u2606Dr. Steve Jobs\n|t:|1695320361\n|gametype|doubles\n|player|p1|Bracco95|169|1345\n|player|p2|Dr. Steve Jobs|hiker-gen4|1377\n|teamsize|p1|6\n|teamsize|p2|6\n|gen|9\n|tier|[Gen 9] National Dex Doubles\n|rated|\n|rule|HP Percentage Mod: HP is shown in percentages\n|rule|Endless Battle Clause: Forcing endless battles is banned\n|rule|OHKO Clause: OHKO moves are banned\n|rule|Evasion Moves Clause: Evasion moves are banned\n|rule|Evasion Abilities Clause: Evasion abilities are banned\n|rule|Species Clause: Limit one of each Pok\u00e9mon\n|rule|Gravity Sleep Clause: The combination of sleep-inducing moves with imperfect accuracy and Gravity or Gigantamax Orbeetle are banned\n|clearpoke\n|poke|p1|Charizard, M|\n|poke|p1|Clefable, F|\n|poke|p1|Venusaur, M|\n|poke|p1|Amoonguss, F|\n|poke|p1|Dragonite, F|\n|poke|p1|Urshifu-*, M|\n|poke|p2|Eevee, M|\n|poke|p2|Espeon, F|\n|poke|p2|Flamigo, M|\n|poke|p2|Clefable, M|\n|poke|p2|Ogerpon-Hearthflame, F|\n|poke|p2|Marshadow|\n|teampreview\n|inactive|Battle timer is ON: inactive players will automatically lose when time's up. (requested by Dr. Steve Jobs)\n|\n|t:|1695320386\n|start\n|switch|p1a: Clefable|Clefable, F|100\/100\n|switch|p1b: Amoonguss|Amoonguss, F|100\/100\n|switch|p2a: Eevee|Eevee, M|100\/100\n|switch|p2b: Clefable|Clefable, M|100\/100\n|turn|1\n|\n|t:|1695320405\n|move|p2b: Clefable|Follow Me|p2b: Clefable\n|-singleturn|p2b: Clefable|move: Follow Me\n|-zpower|p2a: Eevee\n|move|p2a: Eevee|Extreme Evoboost|p2a: Eevee\n|-boost|p2a: Eevee|atk|2\n|-boost|p2a: Eevee|def|2\n|-boost|p2a: Eevee|spa|2\n|-boost|p2a: Eevee|spd|2\n|-boost|p2a: Eevee|spe|2\n|move|p1a: Clefable|Calm Mind|p1a: Clefable\n|-boost|p1a: Clefable|spa|1\n|-boost|p1a: Clefable|spd|1\n|move|p1b: Amoonguss|Spore|p2b: Clefable\n|-status|p2b: Clefable|slp|[from] move: Spore\n|\n|upkeep\n|turn|2\n|j| Half a castle\n|\n|t:|1695320425\n|move|p2a: Eevee|Baton Pass|p2a: Eevee\n|c| Half a castle|cool\n|\n|t:|1695320428\n|switch|p2a: Ogerpon|Ogerpon-Hearthflame, F|100\/100|[from] Baton Pass\n|-ability|p2a: Ogerpon|Mold Breaker\n|cant|p2b: Clefable|slp\n|move|p1a: Clefable|Dazzling Gleam|p2b: Clefable|[spread] p2a,p2b\n|-resisted|p2a: Ogerpon\n|-damage|p2a: Ogerpon|78\/100\n|-damage|p2b: Clefable|62\/100 slp\n|move|p1b: Amoonguss|Spore|p2a: Ogerpon\n|-immune|p2a: Ogerpon\n|\n|upkeep\n|turn|3\n|\n|t:|1695320452\n|move|p1b: Amoonguss|Protect|p1b: Amoonguss\n|-singleturn|p1b: Amoonguss|Protect\n|move|p2a: Ogerpon|Ivy Cudgel|p1b: Amoonguss\n|-activate|p1b: Amoonguss|move: Protect\n|move|p1a: Clefable|Dazzling Gleam|p2a: Ogerpon|[spread] p2a,p2b\n|-resisted|p2a: Ogerpon\n|-damage|p2a: Ogerpon|53\/100\n|-damage|p2b: Clefable|24\/100 slp\n|cant|p2b: Clefable|slp\n|\n|upkeep\n|turn|4\n|c|\u2606Dr. Steve Jobs|Hai\n|c|\u2606Dr. Steve Jobs|welcome\n|\n|t:|1695320473\n|move|p2a: Ogerpon|Spiky Shield|p2a: Ogerpon\n|-singleturn|p2a: Ogerpon|move: Protect\n|move|p1a: Clefable|Dazzling Gleam|p2b: Clefable|[spread] p2b\n|-activate|p2a: Ogerpon|move: Protect\n|-damage|p2b: Clefable|0 fnt\n|faint|p2b: Clefable\n|move|p1b: Amoonguss|Toxic|p2a: Ogerpon\n|-activate|p2a: Ogerpon|move: Protect\n|\n|upkeep\n|\n|t:|1695320486\n|switch|p2b: Flamigo|Flamigo, M|100\/100\n|-copyboost|p2b: Flamigo|p2a: Ogerpon|[from] ability: Costar\n|turn|5\n|c| Half a castle|rember my Walking Wake's roal\uff1f\n|\n|t:|1695320494\n|move|p1b: Amoonguss|Protect|p1b: Amoonguss\n|-singleturn|p1b: Amoonguss|Protect\n|move|p2a: Ogerpon|Ivy Cudgel|p1a: Clefable\n|-damage|p1a: Clefable|0 fnt\n|faint|p1a: Clefable\n|move|p2b: Flamigo|Brave Bird|p1b: Amoonguss\n|-activate|p1b: Amoonguss|move: Protect\n|\n|upkeep\n|c|\u2606Dr. Steve Jobs|What?\n|\n|t:|1695320509\n|switch|p1a: Charizard|Charizard, M|100\/100\n|turn|6\n|\n|t:|1695320529\n|detailschange|p1a: Charizard|Charizard-Mega-Y, M\n|-mega|p1a: Charizard|Charizard|Charizardite Y\n|-weather|SunnyDay|[from] ability: Drought|[of] p1a: Charizard\n|move|p2a: Ogerpon|Spiky Shield|p2a: Ogerpon\n|-singleturn|p2a: Ogerpon|move: Protect\n|move|p2b: Flamigo|Protect|p2b: Flamigo\n|-singleturn|p2b: Flamigo|Protect\n|move|p1a: Charizard|Protect|p1a: Charizard\n|-singleturn|p1a: Charizard|Protect\n|move|p1b: Amoonguss|Spore|p2b: Flamigo\n|-activate|p2b: Flamigo|move: Protect\n|\n|-weather|SunnyDay|[upkeep]\n|upkeep\n|turn|7\n|\n|t:|1695320552\n|-terastallize|p2a: Ogerpon|Fire\n|detailschange|p2a: Ogerpon|Ogerpon-Hearthflame-Tera, F, tera:Fire\n|-ability|p2a: Ogerpon|Embody Aspect (Hearthflame)|boost\n|-boost|p2a: Ogerpon|atk|1\n|move|p2a: Ogerpon|Ivy Cudgel|p1a: Charizard\n|-resisted|p1a: Charizard\n|-damage|p1a: Charizard|0 fnt\n|faint|p1a: Charizard\n|move|p2b: Flamigo|Brave Bird|p1b: Amoonguss\n|-supereffective|p1b: Amoonguss\n|-damage|p1b: Amoonguss|0 fnt\n|faint|p1b: Amoonguss\n|-damage|p2b: Flamigo|54\/100|[from] Recoil\n|\n|-weather|SunnyDay|[upkeep]\n|upkeep\n|inactive|Bracco95 has 120 seconds left.\n|l|\u2606Bracco95\n|inactive|Bracco95 disconnected and has a minute to reconnect!\n|player|p1|\n|j|\u2606Bracco95\n|inactive|Bracco95 reconnected and has 90 seconds left.\n|player|p1|Bracco95|169\n|-message|Bracco95 forfeited.\n|\n|win|Dr. Steve Jobs\n|raw|Bracco95's rating: 1345 &rarr; <strong>1327<\/strong><br \/>(-18 for losing)\n|raw|Dr. Steve Jobs's rating: 1377 &rarr; <strong>1395<\/strong><br \/>(+18 for winning)\n|l|\u2606Bracco95\n|c| Half a castle|cool\n|l|\u2606Dr. Steve Jobs\n","uploadtime":1695320831,"views":8,"p1id":"bracco95","p2id":"drstevejobs","formatid":"gen9nationaldexdoubles","rating":1327,"private":0,"password":""}