{"id":"gen9nationaldexdoubles-1994460551","p1":"KR0N0Z","p2":"Brick_Enjoyer_144","format":"[Gen 9] National Dex Doubles","log":"|j|\u2606KR0N0Z\n|j|\u2606Brick_Enjoyer_144\n|t:|1700446481\n|gametype|doubles\n|player|p1|KR0N0Z|roxie|1319\n|player|p2|Brick_Enjoyer_144|shauntal|1227\n|teamsize|p1|6\n|teamsize|p2|6\n|gen|9\n|tier|[Gen 9] National Dex Doubles\n|rated|\n|rule|HP Percentage Mod: HP is shown in percentages\n|rule|Endless Battle Clause: Forcing endless battles is banned\n|rule|OHKO Clause: OHKO moves are banned\n|rule|Evasion Moves Clause: Evasion moves are banned\n|rule|Evasion Abilities Clause: Evasion abilities are banned\n|rule|Species Clause: Limit one of each Pok\u00e9mon\n|rule|Gravity Sleep Clause: The combination of sleep-inducing moves with imperfect accuracy and Gravity or Gigantamax Orbeetle are banned\n|clearpoke\n|poke|p1|Golem-Alola, M|\n|poke|p1|Muk-Alola, M|\n|poke|p1|Oranguru, M|\n|poke|p1|Torkoal, F|\n|poke|p1|Camerupt, F|\n|poke|p1|Walking Wake|\n|poke|p2|Smeargle, F|\n|poke|p2|Kartana|\n|poke|p2|Roaring Moon|\n|poke|p2|Minior-Violet|\n|poke|p2|Mawile, F|\n|poke|p2|Zapdos|\n|teampreview\n|inactive|Battle timer is ON: inactive players will automatically lose when time's up. (requested by Brick_Enjoyer_144)\n|inactive|KR0N0Z has 120 seconds left.\n|\n|t:|1700446519\n|start\n|switch|p1a: Zinc|Golem-Alola, M, shiny|100\/100\n|switch|p1b: Heisenberg|Muk-Alola, M, shiny|100\/100\n|switch|p2a: Smeargle|Smeargle, F, shiny|100\/100\n|switch|p2b: Minior|Minior-Violet, shiny|100\/100\n|-formechange|p2b: Minior|Minior-Meteor||[from] ability: Shields Down\n|turn|1\n|\n|t:|1700446538\n|move|p1b: Heisenberg|Protect|p1b: Heisenberg\n|-singleturn|p1b: Heisenberg|Protect\n|move|p2a: Smeargle|Fake Out|p1a: Zinc\n|-resisted|p1a: Zinc\n|-damage|p1a: Zinc|99\/100\n|move|p2b: Minior|Shell Smash|p2b: Minior\n|-unboost|p2b: Minior|def|1\n|-unboost|p2b: Minior|spd|1\n|-boost|p2b: Minior|atk|2\n|-boost|p2b: Minior|spa|2\n|-boost|p2b: Minior|spe|2\n|cant|p1a: Zinc|flinch\n|\n|upkeep\n|turn|2\n|\n|t:|1700446562\n|move|p1a: Zinc|Protect|p1a: Zinc\n|-singleturn|p1a: Zinc|Protect\n|move|p2b: Minior|Stone Edge|p1a: Zinc\n|-activate|p1a: Zinc|move: Protect\n|move|p2a: Smeargle|Spore|p1b: Heisenberg\n|-status|p1b: Heisenberg|slp|[from] move: Spore\n|cant|p1b: Heisenberg|slp\n|\n|upkeep\n|turn|3\n|\n|t:|1700446578\n|move|p2b: Minior|Stone Edge|p1a: Zinc|[miss]\n|-miss|p2b: Minior|p1a: Zinc\n|move|p2a: Smeargle|Stealth Rock|p1b: Heisenberg\n|-sidestart|p1: KR0N0Z|move: Stealth Rock\n|-curestatus|p1b: Heisenberg|slp|[msg]\n|move|p1b: Heisenberg|Explosion|p2b: Minior|[spread] p1a,p2a,p2b\n|-resisted|p1a: Zinc\n|-resisted|p2b: Minior\n|-damage|p1a: Zinc|76\/100\n|-damage|p2a: Smeargle|0 fnt\n|-damage|p2b: Minior|43\/100\n|faint|p1b: Heisenberg\n|faint|p2a: Smeargle\n|move|p1a: Zinc|Explosion|p2b: Minior\n|-supereffective|p2b: Minior\n|-damage|p2b: Minior|0 fnt\n|faint|p1a: Zinc\n|faint|p2b: Minior\n|\n|upkeep\n|\n|t:|1700446600\n|switch|p2b: Zapdos|Zapdos, shiny|100\/100\n|switch|p2a: Kartana|Kartana, shiny|100\/100\n|switch|p1b: Walking Wake|Walking Wake|100\/100\n|switch|p1a: Mob-boss|Oranguru, M|100\/100\n|-damage|p1b: Walking Wake|88\/100|[from] Stealth Rock\n|-damage|p1a: Mob-boss|88\/100|[from] Stealth Rock\n|turn|4\n|\n|t:|1700446621\n|-end|p1b: Walking Wake|Protosynthesis|[silent]\n|switch|p1b: Galavagos|Torkoal, F|100\/100\n|-damage|p1b: Galavagos|75\/100|[from] Stealth Rock\n|-weather|SunnyDay|[from] ability: Drought|[of] p1b: Galavagos\n|move|p2a: Kartana|Leaf Blade|p1b: Galavagos\n|-resisted|p1b: Galavagos\n|-damage|p1b: Galavagos|42\/100\n|move|p2b: Zapdos|Discharge|p1b: Galavagos|[spread] p2a,p1a,p1b\n|-resisted|p2a: Kartana\n|-damage|p2a: Kartana|54\/100\n|-damage|p1a: Mob-boss|64\/100\n|-damage|p1b: Galavagos|0 fnt\n|faint|p1b: Galavagos\n|move|p1a: Mob-boss|Trick Room|p1a: Mob-boss\n|-fieldstart|move: Trick Room|[of] p1a: Mob-boss\n|\n|-weather|SunnyDay|[upkeep]\n|upkeep\n|\n|t:|1700446635\n|switch|p1b: Yellowstone|Camerupt, F, shiny|100\/100\n|-damage|p1b: Yellowstone|88\/100|[from] Stealth Rock\n|turn|5\n|\n|t:|1700446649\n|detailschange|p1b: Yellowstone|Camerupt-Mega, F, shiny\n|-mega|p1b: Yellowstone|Camerupt|Cameruptite\n|move|p1b: Yellowstone|Eruption|p2a: Kartana|[spread] p2a,p2b\n|-supereffective|p2a: Kartana\n|-damage|p2a: Kartana|0 fnt\n|-damage|p2b: Zapdos|0 fnt\n|faint|p2a: Kartana\n|faint|p2b: Zapdos\n|move|p1a: Mob-boss|Instruct|p1b: Yellowstone\n|-singleturn|p1b: Yellowstone|move: Instruct|[of] p1a: Mob-boss\n|move|p1b: Yellowstone|Eruption|p2: Kartana|[notarget]\n|-fail|p1b: Yellowstone\n|\n|-weather|SunnyDay|[upkeep]\n|upkeep\n|\n|t:|1700446663\n|switch|p2b: Roaring Moon|Roaring Moon, shiny|100\/100\n|switch|p2a: Mawile|Mawile, F, shiny|100\/100\n|-activate|p2b: Roaring Moon|ability: Protosynthesis\n|-start|p2b: Roaring Moon|protosynthesisatk\n|turn|6\n|\n|t:|1700446684\n|detailschange|p2a: Mawile|Mawile-Mega, F, shiny\n|-mega|p2a: Mawile|Mawile|Mawilite\n|move|p2a: Mawile|Sucker Punch|p1b: Yellowstone\n|-damage|p1b: Yellowstone|44\/100\n|move|p1b: Yellowstone|Eruption|p2b: Roaring Moon|[spread] p2a,p2b\n|-supereffective|p2a: Mawile\n|-resisted|p2b: Roaring Moon\n|-damage|p2a: Mawile|0 fnt\n|-damage|p2b: Roaring Moon|78\/100\n|faint|p2a: Mawile\n|move|p1a: Mob-boss|Instruct|p1b: Yellowstone\n|-singleturn|p1b: Yellowstone|move: Instruct|[of] p1a: Mob-boss\n|move|p1b: Yellowstone|Eruption|p2b: Roaring Moon\n|-resisted|p2b: Roaring Moon\n|-damage|p2b: Roaring Moon|47\/100\n|move|p2b: Roaring Moon|Knock Off|p1a: Mob-boss\n|-supereffective|p1a: Mob-boss\n|-damage|p1a: Mob-boss|0 fnt\n|-enditem|p1a: Mob-boss|Mental Herb|[from] move: Knock Off|[of] p2b: Roaring Moon\n|faint|p1a: Mob-boss\n|\n|-weather|SunnyDay|[upkeep]\n|upkeep\n|inactive|KR0N0Z has 120 seconds left.\n|\n|t:|1700446703\n|switch|p1a: Walking Wake|Walking Wake|88\/100\n|-damage|p1a: Walking Wake|76\/100|[from] Stealth Rock\n|-activate|p1a: Walking Wake|ability: Protosynthesis\n|-start|p1a: Walking Wake|protosynthesisspa\n|turn|7\n|\n|t:|1700446713\n|move|p1b: Yellowstone|Earth Power|p2b: Roaring Moon\n|-damage|p2b: Roaring Moon|0 fnt\n|faint|p2b: Roaring Moon\n|-end|p2b: Roaring Moon|Protosynthesis|[silent]\n|\n|win|KR0N0Z\n|raw|KR0N0Z's rating: 1319 &rarr; <strong>1334<\/strong><br \/>(+15 for winning)\n|raw|Brick_Enjoyer_144's rating: 1227 &rarr; <strong>1208<\/strong><br \/>(-19 for losing)\n|l|\u2606KR0N0Z\n","uploadtime":1700446722,"views":3,"p1id":"kr0n0z","p2id":"brickenjoyer144","formatid":"gen9nationaldexdoubles","rating":1208,"private":0,"password":""}