{"id":"gen9nationaldexdoubles-1968266046","p1":"LightNovas","p2":"Naia_05","format":"[Gen 9] National Dex Doubles","log":"|j|\u2606LightNovas\n|j|\u2606Naia_05\n|t:|1697400494\n|gametype|doubles\n|player|p1|LightNovas|cynthia|1154\n|player|p2|Naia_05|266|1378\n|teamsize|p1|6\n|teamsize|p2|6\n|gen|9\n|tier|[Gen 9] National Dex Doubles\n|rated|\n|rule|HP Percentage Mod: HP is shown in percentages\n|rule|Endless Battle Clause: Forcing endless battles is banned\n|rule|OHKO Clause: OHKO moves are banned\n|rule|Evasion Moves Clause: Evasion moves are banned\n|rule|Evasion Abilities Clause: Evasion abilities are banned\n|rule|Species Clause: Limit one of each Pok\u00e9mon\n|rule|Gravity Sleep Clause: The combination of sleep-inducing moves with imperfect accuracy and Gravity or Gigantamax Orbeetle are banned\n|clearpoke\n|poke|p1|Torkoal, M|\n|poke|p1|Ninetales-Alola, F|\n|poke|p1|Slowking, M|\n|poke|p1|Pelipper, M|\n|poke|p1|Dragonite, M|\n|poke|p1|Ogerpon-Wellspring, F|\n|poke|p2|Shiinotic, F|\n|poke|p2|Sableye, F|\n|poke|p2|Kommo-o, M|\n|poke|p2|Mawile, F|\n|poke|p2|Iron Moth|\n|poke|p2|Ursaluna-Bloodmoon, M|\n|teampreview\n|\n|t:|1697400512\n|start\n|switch|p1a: Nami|Ninetales-Alola, F|100\/100\n|switch|p1b: Wildcard|Dragonite, M|100\/100\n|switch|p2a: Shiinotic|Shiinotic, F|100\/100\n|switch|p2b: Sableye|Sableye, F|100\/100\n|-weather|Snow|[from] ability: Snow Warning|[of] p1a: Nami\n|turn|1\n|\n|t:|1697400523\n|move|p2b: Sableye|Skill Swap|p2a: Shiinotic\n|-activate|p2b: Sableye|move: Skill Swap|||[of] p2a: Shiinotic\n|move|p2a: Shiinotic|Spore|p1b: Wildcard\n|-status|p1b: Wildcard|slp|[from] move: Spore\n|move|p1a: Nami|Aurora Veil|p1a: Nami\n|-sidestart|p1: LightNovas|move: Aurora Veil\n|cant|p1b: Wildcard|slp\n|\n|-weather|Snow|[upkeep]\n|upkeep\n|turn|2\n|c|\u2606LightNovas|oh yay prankster spore\n|c|\u2606LightNovas|hooray\n|c|\u2606LightNovas|how fun\n|inactive|Battle timer is ON: inactive players will automatically lose when time's up. (requested by Naia_05)\n|\n|t:|1697400546\n|switch|p1a: Cinna|Ogerpon-Wellspring, F|100\/100\n|move|p2a: Shiinotic|Spore|p1a: Cinna\n|-immune|p1a: Cinna\n|-curestatus|p1b: Wildcard|slp|[msg]\n|move|p1b: Wildcard|Blizzard|p2b: Sableye|[spread] p2a,p2b\n|-supereffective|p2a: Shiinotic\n|-damage|p2a: Shiinotic|60\/100\n|-damage|p2b: Sableye|58\/100\n|move|p2b: Sableye|Skill Swap|p1b: Wildcard\n|-activate|p2b: Sableye|move: Skill Swap|Multiscale|Rain Dish|[of] p1b: Wildcard\n|\n|-weather|Snow|[upkeep]\n|upkeep\n|turn|3\n|\n|t:|1697400567\n|move|p2a: Shiinotic|Spore|p1b: Wildcard\n|-status|p1b: Wildcard|slp|[from] move: Spore\n|move|p1a: Cinna|Ivy Cudgel|p2b: Sableye\n|-damage|p2b: Sableye|7\/100\n|cant|p1b: Wildcard|slp\n|move|p2b: Sableye|Encore|p1a: Cinna\n|-start|p1a: Cinna|Encore\n|\n|-weather|Snow|[upkeep]\n|upkeep\n|turn|4\n|c|\u2606LightNovas|stupid small rat bastard of a pokemon\n|\n|t:|1697400581\n|move|p2a: Shiinotic|After You|p2b: Sableye\n|-activate|p2b: Sableye|move: After You\n|move|p2b: Sableye|Disable|p1a: Cinna\n|-start|p1a: Cinna|Disable|Ivy Cudgel\n|cant|p1a: Cinna|Disable|Ivy Cudgel\n|-curestatus|p1b: Wildcard|slp|[msg]\n|move|p1b: Wildcard|Blizzard|p2a: Shiinotic|[spread] p2a,p2b\n|-supereffective|p2a: Shiinotic\n|-damage|p2a: Shiinotic|22\/100\n|-damage|p2b: Sableye|0 fnt\n|faint|p2b: Sableye\n|\n|-weather|Snow|[upkeep]\n|upkeep\n|\n|t:|1697400594\n|switch|p2b: Kommo-o|Kommo-o, M|100\/100\n|turn|5\n|\n|t:|1697400600\n|switch|p1a: Nami|Ninetales-Alola, F|100\/100\n|move|p2a: Shiinotic|Spore|p1b: Wildcard\n|-status|p1b: Wildcard|slp|[from] move: Spore\n|cant|p1b: Wildcard|slp\n|-zpower|p2b: Kommo-o\n|move|p2b: Kommo-o|Clangorous Soulblaze|p1b: Wildcard|[zeffect]|[spread] p1b\n|-immune|p1a: Nami\n|-supereffective|p1b: Wildcard\n|-damage|p1b: Wildcard|17\/100 slp\n|-boost|p2b: Kommo-o|atk|1\n|-boost|p2b: Kommo-o|def|1\n|-boost|p2b: Kommo-o|spa|1\n|-boost|p2b: Kommo-o|spd|1\n|-boost|p2b: Kommo-o|spe|1\n|\n|-weather|none\n|upkeep\n|turn|6\n|\n|t:|1697400609\n|switch|p1b: Sanji|Slowking, M|100\/100\n|move|p2a: Shiinotic|Spore|p1a: Nami\n|-status|p1a: Nami|slp|[from] move: Spore\n|cant|p1a: Nami|slp\n|move|p2b: Kommo-o|Rock Slide|p1a: Nami|[spread] p1a,p1b\n|-supereffective|p1a: Nami\n|-damage|p1a: Nami|38\/100 slp\n|-damage|p1b: Sanji|82\/100\n|\n|upkeep\n|turn|7\n|c|\u2606LightNovas|cancer\n|\n|t:|1697400623\n|move|p2a: Shiinotic|Spore|p1b: Sanji\n|-status|p1b: Sanji|slp|[from] move: Spore\n|cant|p1a: Nami|slp\n|move|p2b: Kommo-o|Rock Slide|p1b: Sanji|[spread] p1a,p1b\n|-supereffective|p1a: Nami\n|-damage|p1a: Nami|0 fnt\n|-damage|p1b: Sanji|64\/100 slp\n|faint|p1a: Nami\n|cant|p1b: Sanji|slp\n|\n|upkeep\n|\n|t:|1697400625\n|switch|p1a: Cinna|Ogerpon-Wellspring, F|100\/100\n|turn|8\n|inactive|Naia_05 has 120 seconds left.\n|j| nicokino\n|inactive|Naia_05 has 90 seconds left.\n|\n|t:|1697400690\n|-terastallize|p1a: Cinna|Water\n|detailschange|p1a: Cinna|Ogerpon-Wellspring-Tera, F, tera:Water\n|-ability|p1a: Cinna|Embody Aspect (Wellspring)|boost\n|-boost|p1a: Cinna|spd|1\n|cant|p1b: Sanji|slp\n|move|p2a: Shiinotic|Strength Sap|p2b: Kommo-o\n|-unboost|p2b: Kommo-o|atk|1\n|-heal|p2a: Shiinotic|100\/100\n|move|p1a: Cinna|Ivy Cudgel|p2a: Shiinotic\n|-resisted|p2a: Shiinotic\n|-damage|p2a: Shiinotic|58\/100\n|move|p2b: Kommo-o|Clanging Scales|p1b: Sanji|[spread] p1a,p1b\n|-damage|p1a: Cinna|76\/100\n|-damage|p1b: Sanji|38\/100 slp\n|-unboost|p2b: Kommo-o|def|1\n|\n|-sideend|p1: LightNovas|move: Aurora Veil\n|upkeep\n|turn|9\n|c|\u2606LightNovas|gonna\n|c|\u2606LightNovas|KILL MYSELF\n|c| nicokino|bro why'd you tera\n|inactive|Naia_05 has 90 seconds left.\n|\n|t:|1697400717\n|switch|p1b: toliet bird|Pelipper, M|100\/100\n|-weather|RainDance|[from] ability: Drizzle|[of] p1b: toliet bird\n|move|p2a: Shiinotic|Substitute|p2a: Shiinotic\n|-start|p2a: Shiinotic|Substitute\n|-damage|p2a: Shiinotic|33\/100\n|move|p1a: Cinna|Ivy Cudgel|p2a: Shiinotic\n|-resisted|p2a: Shiinotic\n|-crit|p2a: Shiinotic\n|-end|p2a: Shiinotic|Substitute\n|move|p2b: Kommo-o|Rock Slide|p1b: toliet bird|[spread] p1a,p1b\n|-supereffective|p1b: toliet bird\n|-damage|p1a: Cinna|54\/100\n|-damage|p1b: toliet bird|60\/100\n|\n|-weather|RainDance|[upkeep]\n|upkeep\n|turn|10\n|c|\u2606LightNovas|i am mentally ill\n|c| nicokino|your ogerpon can get proc'd by spore now, no spore immunity\n|\n|t:|1697400739\n|move|p2a: Shiinotic|Spore|p1b: toliet bird\n|-status|p1b: toliet bird|slp|[from] move: Spore\n|move|p1a: Cinna|Ivy Cudgel|p2a: Shiinotic\n|-resisted|p2a: Shiinotic\n|-damage|p2a: Shiinotic|0 fnt\n|faint|p2a: Shiinotic\n|move|p2b: Kommo-o|Drain Punch|p1a: Cinna\n|-damage|p1a: Cinna|11\/100\n|cant|p1b: toliet bird|slp\n|\n|-weather|RainDance|[upkeep]\n|upkeep\n|c|\u2606LightNovas|its fine\n|c|\u2606LightNovas|ill be fine\n|c|\u2606LightNovas|everything is fine\n|c|\u2606LightNovas|the demon is dead\n|\n|t:|1697400749\n|switch|p2a: Mawile|Mawile, F|100\/100\n|-ability|p2a: Mawile|Intimidate|boost\n|-unboost|p1a: Cinna|atk|1\n|-unboost|p1b: toliet bird|atk|1\n|turn|11\n|c|\u2606LightNovas|the evil has been defeated\n|c|\u2606LightNovas|oh son of a bitch\n|\n|t:|1697400756\n|switch|p1a: Fast|Torkoal, M|100\/100\n|-weather|SunnyDay|[from] ability: Drought|[of] p1a: Fast\n|detailschange|p2a: Mawile|Mawile-Mega, F\n|-mega|p2a: Mawile|Mawile|Mawilite\n|move|p2a: Mawile|Sucker Punch||[still]\n|-fail|p2a: Mawile\n|move|p2b: Kommo-o|Rock Slide|p1a: Fast|[spread] p1a,p1b\n|-supereffective|p1a: Fast\n|-supereffective|p1b: toliet bird\n|-damage|p1a: Fast|81\/100\n|-damage|p1b: toliet bird|16\/100 slp\n|-curestatus|p1b: toliet bird|slp|[msg]\n|cant|p1b: toliet bird|flinch\n|\n|-weather|SunnyDay|[upkeep]\n|upkeep\n|turn|12\n|\n|t:|1697400770\n|switch|p2a: Iron Moth|Iron Moth|100\/100\n|-enditem|p2a: Iron Moth|Booster Energy\n|-activate|p2a: Iron Moth|ability: Quark Drive|[fromitem]\n|-start|p2a: Iron Moth|quarkdrivespa\n|move|p1b: toliet bird|Protect|p1b: toliet bird\n|-singleturn|p1b: toliet bird|Protect\n|move|p2b: Kommo-o|Rock Slide|p1b: toliet bird|[spread] p1a\n|-activate|p1b: toliet bird|move: Protect\n|-supereffective|p1a: Fast\n|-damage|p1a: Fast|59\/100\n|move|p1a: Fast|Lava Plume|p2a: Iron Moth|[spread] p2a,p2b\n|-activate|p1b: toliet bird|move: Protect\n|-resisted|p2a: Iron Moth\n|-resisted|p2b: Kommo-o\n|-damage|p2a: Iron Moth|90\/100\n|-damage|p2b: Kommo-o|91\/100\n|\n|-weather|SunnyDay|[upkeep]\n|upkeep\n|turn|13\n|c| nicokino|having 2 weather setters out at once is crazy\n|c|\u2606LightNovas|all my attackers are asleep\n|c|\u2606LightNovas|ggs\n|-message|LightNovas forfeited.\n|\n|win|Naia_05\n|raw|LightNovas's rating: 1154 &rarr; <strong>1143<\/strong><br \/>(-11 for losing)\n|raw|Naia_05's rating: 1378 &rarr; <strong>1387<\/strong><br \/>(+9 for winning)\n","uploadtime":1697400571,"views":3,"p1id":"lightnovas","p2id":"naia05","formatid":"gen9nationaldexdoubles","rating":1143,"private":0,"password":""}