{"id":"gen9nationaldexdoubles-1957871884","p1":"wymla wimp","p2":"sparkia \u2764","format":"[Gen 9] National Dex Doubles","log":"|j|\u203dwymla wimp\n|j|\u2606sparkia \u2764\n|t:|1696269552\n|gametype|doubles\n|player|p1|wymla wimp|169|1091\n|player|p2|sparkia \u2764|elesa-gen5bw2|1064\n|teamsize|p1|6\n|teamsize|p2|6\n|gen|9\n|tier|[Gen 9] National Dex Doubles\n|rated|\n|rule|HP Percentage Mod: HP is shown in percentages\n|rule|Endless Battle Clause: Forcing endless battles is banned\n|rule|OHKO Clause: OHKO moves are banned\n|rule|Evasion Moves Clause: Evasion moves are banned\n|rule|Evasion Abilities Clause: Evasion abilities are banned\n|rule|Species Clause: Limit one of each Pok\u00e9mon\n|rule|Gravity Sleep Clause: The combination of sleep-inducing moves with imperfect accuracy and Gravity or Gigantamax Orbeetle are banned\n|clearpoke\n|poke|p1|Incineroar, F|\n|poke|p1|Tapu Fini|\n|poke|p1|Metagross|\n|poke|p1|Zapdos|\n|poke|p1|Amoonguss, M|\n|poke|p1|Landorus-Therian, M|\n|poke|p2|Forretress, F|\n|poke|p2|Ninetales-Alola, M|\n|poke|p2|Goodra-Hisui, M|\n|poke|p2|Dragonite, M|\n|poke|p2|Houndstone, F|\n|poke|p2|Metagross|\n|teampreview\n|\n|t:|1696269562\n|start\n|switch|p1a: Tapu Fini|Tapu Fini, shiny|100\/100\n|switch|p1b: Landorus|Landorus-Therian, M, shiny|100\/100\n|switch|p2a: Forretress|Forretress, F|100\/100\n|switch|p2b: Ninetales|Ninetales-Alola, M|100\/100\n|-weather|Snow|[from] ability: Snow Warning|[of] p2b: Ninetales\n|-ability|p1b: Landorus|Intimidate|boost\n|-unboost|p2a: Forretress|atk|1\n|-unboost|p2b: Ninetales|atk|1\n|-fieldstart|move: Misty Terrain|[from] ability: Misty Surge|[of] p1a: Tapu Fini\n|turn|1\n|-activate|p2a: Forretress|item: Quick Claw\n|\n|t:|1696269603\n|switch|p1a: Amoonguss|Amoonguss, M, shiny|100\/100\n|move|p2a: Forretress|Toxic Spikes|p1a: Amoonguss\n|-sidestart|p1: wymla wimp|move: Toxic Spikes\n|move|p2b: Ninetales|Aurora Veil|p2b: Ninetales\n|-sidestart|p2: sparkia \u2764|move: Aurora Veil\n|move|p1b: Landorus|Stealth Rock|p2b: Ninetales\n|-sidestart|p2: sparkia \u2764|move: Stealth Rock\n|\n|-weather|Snow|[upkeep]\n|upkeep\n|turn|2\n|\n|t:|1696269634\n|move|p1b: Landorus|Earthquake|p2a: Forretress|[spread] p1a,p2a,p2b\n|-damage|p1a: Amoonguss|66\/100\n|-damage|p2a: Forretress|81\/100\n|-damage|p2b: Ninetales|78\/100\n|move|p2a: Forretress|Stealth Rock|p1a: Amoonguss\n|-sidestart|p1: wymla wimp|move: Stealth Rock\n|move|p1a: Amoonguss|Spore|p2a: Forretress\n|-activate|p2a: Forretress|move: Misty Terrain\n|move|p2b: Ninetales|Roar|p1a: Amoonguss\n|drag|p1a: Zapdos|Zapdos, shiny|100\/100\n|-damage|p1a: Zapdos|76\/100|[from] Stealth Rock\n|-enditem|p1a: Zapdos|Misty Seed\n|-boost|p1a: Zapdos|spd|1|[from] item: Misty Seed\n|\n|-weather|Snow|[upkeep]\n|upkeep\n|turn|3\n|\n|t:|1696269650\n|move|p1b: Landorus|U-turn|p2b: Ninetales\n|-resisted|p2b: Ninetales\n|-damage|p2b: Ninetales|70\/100\n|\n|t:|1696269661\n|switch|p1b: Incineroar|Incineroar, F, shiny|100\/100|[from] U-turn\n|-damage|p1b: Incineroar|76\/100|[from] Stealth Rock\n|-ability|p1b: Incineroar|Intimidate|boost\n|-unboost|p2a: Forretress|atk|1\n|-unboost|p2b: Ninetales|atk|1\n|move|p1a: Zapdos|Heat Wave|p2a: Forretress|[spread] p2a,p2b\n|-supereffective|p2a: Forretress\n|-supereffective|p2b: Ninetales\n|-damage|p2a: Forretress|17\/100\n|-damage|p2b: Ninetales|43\/100\n|move|p2a: Forretress|Spikes|p1b: Incineroar\n|-sidestart|p1: wymla wimp|Spikes\n|move|p2b: Ninetales|Roar|p1a: Zapdos\n|drag|p1a: Landorus|Landorus-Therian, M, shiny|100\/100\n|-damage|p1a: Landorus|88\/100|[from] Stealth Rock\n|-ability|p1a: Landorus|Intimidate|boost\n|-unboost|p2a: Forretress|atk|1\n|-unboost|p2b: Ninetales|atk|1\n|\n|-weather|Snow|[upkeep]\n|upkeep\n|turn|4\n|\n|t:|1696269680\n|move|p1b: Incineroar|Fake Out|p2a: Forretress\n|-resisted|p2a: Forretress\n|-damage|p2a: Forretress|14\/100\n|move|p1a: Landorus|U-turn|p2b: Ninetales\n|-resisted|p2b: Ninetales\n|-damage|p2b: Ninetales|36\/100\n|\n|t:|1696269689\n|switch|p1a: Zapdos|Zapdos, shiny|76\/100|[from] U-turn\n|-damage|p1a: Zapdos|51\/100|[from] Stealth Rock\n|cant|p2a: Forretress|flinch\n|move|p2b: Ninetales|Roar|p1a: Zapdos\n|drag|p1a: Landorus|Landorus-Therian, M, shiny|88\/100\n|-damage|p1a: Landorus|76\/100|[from] Stealth Rock\n|-ability|p1a: Landorus|Intimidate|boost\n|-unboost|p2a: Forretress|atk|1\n|-unboost|p2b: Ninetales|atk|1\n|\n|-weather|Snow|[upkeep]\n|upkeep\n|turn|5\n|\n|t:|1696269709\n|move|p2b: Ninetales|Ice Shard|p1a: Landorus\n|-supereffective|p1a: Landorus\n|-damage|p1a: Landorus|62\/100\n|move|p1a: Landorus|Knock Off|p2b: Ninetales\n|-resisted|p2b: Ninetales\n|-damage|p2b: Ninetales|27\/100\n|-enditem|p2b: Ninetales|Light Clay|[from] move: Knock Off|[of] p1a: Landorus\n|move|p1b: Incineroar|Flare Blitz|p2a: Forretress\n|-supereffective|p2a: Forretress\n|-damage|p2a: Forretress|0 fnt\n|faint|p2a: Forretress\n|-damage|p1b: Incineroar|72\/100|[from] Recoil\n|\n|-weather|none\n|-fieldend|Misty Terrain\n|upkeep\n|\n|t:|1696269729\n|switch|p2a: Houndstone|Houndstone, F|100\/100\n|-damage|p2a: Houndstone|88\/100|[from] Stealth Rock\n|turn|6\n|\n|t:|1696269780\n|switch|p1b: Zapdos|Zapdos, shiny|51\/100\n|-damage|p1b: Zapdos|26\/100|[from] Stealth Rock\n|move|p1a: Landorus|Earthquake|p2b: Ninetales|[spread] p2a,p2b\n|-immune|p1b: Zapdos\n|-crit|p2b: Ninetales\n|-damage|p2a: Houndstone|64\/100\n|-damage|p2b: Ninetales|0 fnt\n|faint|p2b: Ninetales\n|-enditem|p2a: Houndstone|Red Card|[of] p1a: Landorus\n|drag|p1a: Tapu Fini|Tapu Fini, shiny|100\/100\n|-status|p1a: Tapu Fini|psn\n|-damage|p1a: Tapu Fini|88\/100 psn|[from] Stealth Rock\n|-damage|p1a: Tapu Fini|76\/100 psn|[from] Spikes\n|-fieldstart|move: Misty Terrain|[from] ability: Misty Surge|[of] p1a: Tapu Fini\n|move|p2a: Houndstone|Roar|p1b: Zapdos\n|drag|p1b: Landorus|Landorus-Therian, M, shiny|62\/100\n|-damage|p1b: Landorus|50\/100|[from] Stealth Rock\n|-ability|p1b: Landorus|Intimidate|boost\n|-unboost|p2a: Houndstone|atk|1\n|\n|-damage|p1a: Tapu Fini|64\/100 psn|[from] psn\n|upkeep\n|\n|t:|1696269803\n|switch|p2b: Dragonite|Dragonite, M|100\/100\n|-damage|p2b: Dragonite|76\/100|[from] Stealth Rock\n|turn|7\n|\n|t:|1696269834\n|move|p1b: Landorus|Knock Off|p2a: Houndstone\n|-supereffective|p2a: Houndstone\n|-damage|p2a: Houndstone|48\/100\n|move|p1a: Tapu Fini|Moonblast|p2b: Dragonite\n|-supereffective|p2b: Dragonite\n|-damage|p2b: Dragonite|41\/100\n|-unboost|p2b: Dragonite|spa|1\n|-enditem|p2b: Dragonite|Red Card|[of] p1a: Tapu Fini\n|drag|p1a: Amoonguss|Amoonguss, M, shiny|99\/100\n|-sideend|p1: wymla wimp|move: Toxic Spikes|[of] p1a: Amoonguss\n|-damage|p1a: Amoonguss|87\/100|[from] Stealth Rock\n|-damage|p1a: Amoonguss|75\/100|[from] Spikes\n|move|p2b: Dragonite|Dragon Tail|p1b: Landorus|[miss]\n|-miss|p2b: Dragonite|p1b: Landorus\n|move|p2a: Houndstone|Roar|p1a: Amoonguss\n|drag|p1a: Incineroar|Incineroar, F, shiny|72\/100\n|-damage|p1a: Incineroar|47\/100|[from] Stealth Rock\n|-damage|p1a: Incineroar|35\/100|[from] Spikes\n|-ability|p1a: Incineroar|Intimidate|boost\n|-unboost|p2a: Houndstone|atk|1\n|-unboost|p2b: Dragonite|atk|1\n|\n|upkeep\n|turn|8\n|\n|t:|1696269865\n|move|p1b: Landorus|Earthquake|p2a: Houndstone|[spread] p1a,p2a\n|-immune|p2b: Dragonite\n|-supereffective|p1a: Incineroar\n|-damage|p1a: Incineroar|0 fnt\n|-damage|p2a: Houndstone|23\/100\n|faint|p1a: Incineroar\n|move|p2b: Dragonite|Dragon Tail|p1b: Landorus\n|-damage|p1b: Landorus|26\/100\n|drag|p1b: Amoonguss|Amoonguss, M, shiny|100\/100\n|-damage|p1b: Amoonguss|88\/100|[from] Stealth Rock\n|-damage|p1b: Amoonguss|75\/100|[from] Spikes\n|move|p2a: Houndstone|Roar|p1b: Amoonguss\n|drag|p1b: Landorus|Landorus-Therian, M, shiny|26\/100\n|-damage|p1b: Landorus|14\/100|[from] Stealth Rock\n|-ability|p1b: Landorus|Intimidate|boost\n|-unboost|p2a: Houndstone|atk|1\n|-unboost|p2b: Dragonite|atk|1\n|\n|-sideend|p2: sparkia \u2764|move: Aurora Veil\n|upkeep\n|\n|t:|1696269875\n|switch|p1a: Tapu Fini|Tapu Fini, shiny|64\/100 psn\n|-damage|p1a: Tapu Fini|52\/100 psn|[from] Stealth Rock\n|-damage|p1a: Tapu Fini|39\/100 psn|[from] Spikes\n|turn|9\n|\n|t:|1696269889\n|move|p2b: Dragonite|Extreme Speed|p1b: Landorus\n|-damage|p1b: Landorus|0 fnt\n|faint|p1b: Landorus\n|move|p1a: Tapu Fini|Moonblast|p2b: Dragonite\n|-supereffective|p2b: Dragonite\n|-damage|p2b: Dragonite|0 fnt\n|faint|p2b: Dragonite\n|move|p2a: Houndstone|Roar|p1a: Tapu Fini\n|drag|p1a: Amoonguss|Amoonguss, M, shiny|100\/100\n|-damage|p1a: Amoonguss|88\/100|[from] Stealth Rock\n|-damage|p1a: Amoonguss|75\/100|[from] Spikes\n|\n|upkeep\n|\n|t:|1696269901\n|switch|p1b: Metagross|Metagross, shiny|100\/100\n|switch|p2b: Metagross|Metagross|100\/100\n|-damage|p2b: Metagross|95\/100|[from] Stealth Rock\n|-damage|p1b: Metagross|95\/100|[from] Stealth Rock\n|-damage|p1b: Metagross|82\/100|[from] Spikes\n|turn|10\n|\n|t:|1696269916\n|detailschange|p1b: Metagross|Metagross-Mega, shiny\n|-mega|p1b: Metagross|Metagross|Metagrossite\n|detailschange|p2b: Metagross|Metagross-Mega\n|-mega|p2b: Metagross|Metagross|Metagrossite\n|move|p2b: Metagross|Psycho Cut|p1a: Amoonguss\n|-supereffective|p1a: Amoonguss\n|-damage|p1a: Amoonguss|10\/100\n|-enditem|p1a: Amoonguss|Wiki Berry|[eat]\n|-heal|p1a: Amoonguss|44\/100|[from] item: Wiki Berry\n|move|p1b: Metagross|Stomping Tantrum|p2b: Metagross\n|-supereffective|p2b: Metagross\n|-damage|p2b: Metagross|30\/100\n|move|p2a: Houndstone|Will-O-Wisp|p1b: Metagross\n|-activate|p1b: Metagross|move: Misty Terrain\n|move|p1a: Amoonguss|Spore|p2b: Metagross\n|-activate|p2b: Metagross|move: Misty Terrain\n|\n|-fieldend|Misty Terrain\n|upkeep\n|turn|11\n|\n|t:|1696269951\n|move|p1a: Amoonguss|Rage Powder|p1a: Amoonguss\n|-singleturn|p1a: Amoonguss|move: Rage Powder\n|move|p2b: Metagross|Psycho Cut|p1a: Amoonguss\n|-supereffective|p1a: Amoonguss\n|-damage|p1a: Amoonguss|0 fnt\n|faint|p1a: Amoonguss\n|move|p1b: Metagross|Stomping Tantrum|p2b: Metagross\n|-supereffective|p2b: Metagross\n|-damage|p2b: Metagross|0 fnt\n|faint|p2b: Metagross\n|move|p2a: Houndstone|Roar|p1b: Metagross\n|drag|p1b: Tapu Fini|Tapu Fini, shiny|39\/100 psn\n|-damage|p1b: Tapu Fini|27\/100 psn|[from] Stealth Rock\n|-damage|p1b: Tapu Fini|15\/100 psn|[from] Spikes\n|-fieldstart|move: Misty Terrain|[from] ability: Misty Surge|[of] p1b: Tapu Fini\n|-enditem|p1b: Tapu Fini|Mago Berry|[eat]\n|-heal|p1b: Tapu Fini|48\/100 psn|[from] item: Mago Berry\n|\n|-damage|p1b: Tapu Fini|36\/100 psn|[from] psn\n|upkeep\n|\n|t:|1696269968\n|switch|p2b: Goodra|Goodra-Hisui, M|100\/100\n|switch|p1a: Metagross|Metagross-Mega, shiny|82\/100\n|-damage|p1a: Metagross|76\/100|[from] Stealth Rock\n|-damage|p1a: Metagross|64\/100|[from] Spikes\n|-damage|p2b: Goodra|95\/100|[from] Stealth Rock\n|turn|12\n|\n|t:|1696269991\n|move|p2b: Goodra|Protect|p2b: Goodra\n|-singleturn|p2b: Goodra|Protect\n|move|p1a: Metagross|Stomping Tantrum|p2b: Goodra\n|-activate|p2b: Goodra|move: Protect\n|move|p1b: Tapu Fini|Muddy Water|p2b: Goodra|[spread] p2a\n|-activate|p2b: Goodra|move: Protect\n|-damage|p2a: Houndstone|6\/100\n|move|p2a: Houndstone|Roar|p1a: Metagross\n|drag|p1a: Zapdos|Zapdos, shiny|26\/100\n|-damage|p1a: Zapdos|1\/100|[from] Stealth Rock\n|\n|-damage|p1b: Tapu Fini|24\/100 psn|[from] psn\n|upkeep\n|turn|13\n|\n|t:|1696270008\n|move|p2a: Houndstone|Shadow Sneak|p1a: Zapdos\n|-damage|p1a: Zapdos|0 fnt\n|faint|p1a: Zapdos\n|move|p1b: Tapu Fini|Moonblast|p2b: Goodra\n|-damage|p2b: Goodra|73\/100\n|-enditem|p2b: Goodra|Red Card|[of] p1b: Tapu Fini\n|drag|p1b: Metagross|Metagross-Mega, shiny|64\/100\n|-damage|p1b: Metagross|58\/100|[from] Stealth Rock\n|-damage|p1b: Metagross|46\/100|[from] Spikes\n|move|p2b: Goodra|Life Dew|p2b: Goodra|[spread] p2a,p2b\n|-heal|p2a: Houndstone|31\/100\n|-heal|p2b: Goodra|98\/100\n|\n|upkeep\n|\n|t:|1696270013\n|switch|p1a: Tapu Fini|Tapu Fini, shiny|24\/100 psn\n|-damage|p1a: Tapu Fini|11\/100 psn|[from] Stealth Rock\n|-damage|p1a: Tapu Fini|0 fnt|[from] Spikes\n|faint|p1a: Tapu Fini\n|turn|14\n|\n|t:|1696270034\n|-terastallize|p2a: Houndstone|Ghost\n|move|p2a: Houndstone|Shadow Sneak|p1b: Metagross\n|-supereffective|p1b: Metagross\n|-damage|p1b: Metagross|34\/100\n|move|p1b: Metagross|Stomping Tantrum|p2a: Houndstone\n|-damage|p2a: Houndstone|12\/100\n|move|p2b: Goodra|Earthquake|p1b: Metagross|[spread] p2a,p1b\n|-supereffective|p1b: Metagross\n|-damage|p2a: Houndstone|0 fnt\n|-damage|p1b: Metagross|6\/100\n|faint|p2a: Houndstone\n|\n|upkeep\n|turn|15\n|\n|t:|1696270048\n|move|p1b: Metagross|Stomping Tantrum|p2b: Goodra\n|-supereffective|p2b: Goodra\n|-damage|p2b: Goodra|42\/100\n|-ability|p2b: Goodra|Gooey\n|-unboost|p1b: Metagross|spe|1\n|move|p2b: Goodra|Earthquake|p1b: Metagross\n|-supereffective|p1b: Metagross\n|-damage|p1b: Metagross|0 fnt\n|faint|p1b: Metagross\n|\n|win|sparkia \u2764\n|raw|wymla wimp's rating: 1091 &rarr; <strong>1066<\/strong><br \/>(-25 for losing)\n|raw|sparkia \u2764's rating: 1064 &rarr; <strong>1097<\/strong><br \/>(+33 for winning)\n|l|\u203dwymla wimp\n","uploadtime":1696270061,"views":4,"p1id":"wymlawimp","p2id":"sparkia","formatid":"gen9nationaldexdoubles","rating":1066,"private":0,"password":""}