{"id":"gen9nationaldexdoubles-1983241607","p1":"asdsdffgdfg","p2":"NPC At Home","format":"[Gen 9] National Dex Doubles","log":"|j|\u2606asdsdffgdfg\n|j|\u2606NPC At Home\n|t:|1699109440\n|gametype|doubles\n|player|p1|asdsdffgdfg|pokemonbreederf|1111\n|player|p2|NPC At Home|piers|1000\n|teamsize|p1|6\n|teamsize|p2|6\n|gen|9\n|tier|[Gen 9] National Dex Doubles\n|rated|\n|rule|HP Percentage Mod: HP is shown in percentages\n|rule|Endless Battle Clause: Forcing endless battles is banned\n|rule|OHKO Clause: OHKO moves are banned\n|rule|Evasion Moves Clause: Evasion moves are banned\n|rule|Evasion Abilities Clause: Evasion abilities are banned\n|rule|Species Clause: Limit one of each Pok\u00e9mon\n|rule|Gravity Sleep Clause: The combination of sleep-inducing moves with imperfect accuracy and Gravity or Gigantamax Orbeetle are banned\n|clearpoke\n|poke|p1|Ferrothorn, M|\n|poke|p1|Flutter Mane|\n|poke|p1|Heatran, M|\n|poke|p1|Illumise, F|\n|poke|p1|Porygon-Z|\n|poke|p1|Incineroar, M|\n|poke|p2|Metagross|\n|poke|p2|Kommo-o, M|\n|poke|p2|Volcanion|\n|poke|p2|Kingambit, M|\n|poke|p2|Rillaboom, F|\n|poke|p2|Tornadus, M|\n|teampreview\n|inactive|Battle timer is ON: inactive players will automatically lose when time's up. (requested by NPC At Home)\n|inactive|NPC At Home has 120 seconds left.\n|\n|t:|1699109473\n|start\n|switch|p1a: obj.main.duck.exe|Porygon-Z|100\/100\n|switch|p1b: Pink Panther|Incineroar, M|100\/100\n|switch|p2a: Kingambit|Kingambit, M, shiny|100\/100\n|switch|p2b: Kommo-o|Kommo-o, M|100\/100\n|-ability|p1b: Pink Panther|Intimidate|boost\n|-unboost|p2a: Kingambit|atk|1\n|-ability|p2a: Kingambit|Defiant|boost\n|-boost|p2a: Kingambit|atk|2\n|-unboost|p2b: Kommo-o|atk|1\n|turn|1\n|\n|t:|1699109500\n|move|p2b: Kommo-o|Protect|p2b: Kommo-o\n|-singleturn|p2b: Kommo-o|Protect\n|move|p1b: Pink Panther|Fake Out|p2b: Kommo-o\n|-activate|p2b: Kommo-o|move: Protect\n|move|p1a: obj.main.duck.exe|Hyper Beam|p2b: Kommo-o\n|-activate|p2b: Kommo-o|move: Protect\n|move|p2a: Kingambit|Swords Dance|p2a: Kingambit\n|-boost|p2a: Kingambit|atk|2\n|\n|upkeep\n|turn|2\n|inactive|NPC At Home has 120 seconds left.\n|\n|t:|1699109534\n|move|p2a: Kingambit|Sucker Punch|p1a: obj.main.duck.exe\n|-damage|p1a: obj.main.duck.exe|0 fnt\n|faint|p1a: obj.main.duck.exe\n|-zpower|p2b: Kommo-o\n|move|p2b: Kommo-o|Clangorous Soulblaze|p1b: Pink Panther|[zeffect]\n|-damage|p1b: Pink Panther|40\/100\n|-boost|p2b: Kommo-o|atk|1\n|-boost|p2b: Kommo-o|def|1\n|-boost|p2b: Kommo-o|spa|1\n|-boost|p2b: Kommo-o|spd|1\n|-boost|p2b: Kommo-o|spe|1\n|move|p1b: Pink Panther|Flare Blitz|p2a: Kingambit\n|-supereffective|p2a: Kingambit\n|-damage|p2a: Kingambit|30\/100\n|-damage|p1b: Pink Panther|16\/100|[from] Recoil\n|\n|upkeep\n|inactive|asdsdffgdfg has 120 seconds left.\n|\n|t:|1699109559\n|switch|p1a: deez nuts|Ferrothorn, M|100\/100\n|turn|3\n|\n|t:|1699109571\n|-terastallize|p1a: deez nuts|Fire\n|move|p2a: Kingambit|Protect|p2a: Kingambit\n|-singleturn|p2a: Kingambit|Protect\n|move|p2b: Kommo-o|Aura Sphere|p1a: deez nuts\n|-damage|p1a: deez nuts|59\/100\n|move|p1b: Pink Panther|Parting Shot|p2b: Kommo-o\n|-immune|p2b: Kommo-o|[from] ability: Soundproof\n|move|p1a: deez nuts|Body Press|p2a: Kingambit\n|-activate|p2a: Kingambit|move: Protect\n|\n|-heal|p1a: deez nuts|66\/100|[from] item: Leftovers\n|upkeep\n|turn|4\n|\n|t:|1699109599\n|switch|p1b: Miss Fortune|Flutter Mane|100\/100\n|move|p2a: Kingambit|Sucker Punch|p1a: deez nuts\n|-damage|p1a: deez nuts|0 fnt\n|-damage|p2a: Kingambit|18\/100|[from] ability: Iron Barbs|[of] p1a: deez nuts\n|faint|p1a: deez nuts\n|move|p2b: Kommo-o|Aura Sphere|p1b: Miss Fortune\n|-immune|p1b: Miss Fortune\n|\n|upkeep\n|\n|t:|1699109610\n|switch|p1a: Pink Panther|Incineroar, M|16\/100\n|-ability|p1a: Pink Panther|Intimidate|boost\n|-unboost|p2a: Kingambit|atk|1\n|-ability|p2a: Kingambit|Defiant|boost\n|-boost|p2a: Kingambit|atk|2\n|-unboost|p2b: Kommo-o|atk|1\n|turn|5\n|\n|t:|1699109619\n|move|p2b: Kommo-o|Protect|p2b: Kommo-o\n|-singleturn|p2b: Kommo-o|Protect\n|move|p2a: Kingambit|Protect|p2a: Kingambit\n|-singleturn|p2a: Kingambit|Protect\n|move|p1a: Pink Panther|Fake Out|p2a: Kingambit\n|-activate|p2a: Kingambit|move: Protect\n|move|p1b: Miss Fortune|Moonblast|p2b: Kommo-o\n|-activate|p2b: Kommo-o|move: Protect\n|\n|upkeep\n|turn|6\n|\n|t:|1699109637\n|-end|p1b: Miss Fortune|Protosynthesis|[silent]\n|switch|p1b: hewwo thewe|Illumise, F|100\/100\n|move|p2a: Kingambit|Sucker Punch|p1a: Pink Panther\n|-resisted|p1a: Pink Panther\n|-damage|p1a: Pink Panther|0 fnt\n|faint|p1a: Pink Panther\n|move|p2b: Kommo-o|Flash Cannon|p1b: hewwo thewe\n|-damage|p1b: hewwo thewe|68\/100\n|\n|upkeep\n|\n|t:|1699109654\n|switch|p1a: Vesuvius|Heatran, M|100\/100\n|turn|7\n|\n|t:|1699109663\n|move|p2a: Kingambit|Protect|p2a: Kingambit\n|-singleturn|p2a: Kingambit|Protect\n|move|p1b: hewwo thewe|Encore|p2b: Kommo-o\n|-start|p2b: Kommo-o|Encore\n|move|p2b: Kommo-o|Flash Cannon|p1b: hewwo thewe\n|-damage|p1b: hewwo thewe|30\/100\n|move|p1a: Vesuvius|Heat Wave|p2b: Kommo-o|[spread] p2b\n|-activate|p2a: Kingambit|move: Protect\n|-resisted|p2b: Kommo-o\n|-damage|p2b: Kommo-o|77\/100\n|\n|upkeep\n|turn|8\n|\n|t:|1699109683\n|switch|p1a: Miss Fortune|Flutter Mane|100\/100\n|move|p1b: hewwo thewe|Sunny Day|p1b: hewwo thewe\n|-weather|SunnyDay\n|-activate|p1a: Miss Fortune|ability: Protosynthesis\n|-start|p1a: Miss Fortune|protosynthesisspa\n|move|p2a: Kingambit|Sucker Punch||[still]\n|-fail|p2a: Kingambit\n|move|p2b: Kommo-o|Flash Cannon|p1a: Miss Fortune\n|-supereffective|p1a: Miss Fortune\n|-damage|p1a: Miss Fortune|24\/100\n|-unboost|p1a: Miss Fortune|spd|1\n|\n|-weather|SunnyDay|[upkeep]\n|upkeep\n|turn|9\n|\n|t:|1699109701\n|switch|p1b: Vesuvius|Heatran, M|100\/100\n|move|p1a: Miss Fortune|Protect|p1a: Miss Fortune\n|-singleturn|p1a: Miss Fortune|Protect\n|move|p2b: Kommo-o|Flash Cannon|p1a: Miss Fortune\n|-activate|p1a: Miss Fortune|move: Protect\n|move|p2a: Kingambit|Knock Off|p1b: Vesuvius\n|-damage|p1b: Vesuvius|0 fnt\n|-enditem|p1b: Vesuvius|Choice Specs|[from] move: Knock Off|[of] p2a: Kingambit\n|faint|p1b: Vesuvius\n|\n|-weather|SunnyDay|[upkeep]\n|-end|p2b: Kommo-o|Encore\n|upkeep\n|c|\u2606asdsdffgdfg|this is pain\n|inactive|asdsdffgdfg has 120 seconds left.\n|-message|asdsdffgdfg forfeited.\n|\n|win|NPC At Home\n|raw|asdsdffgdfg's rating: 1111 &rarr; <strong>1078<\/strong><br \/>(-33 for losing)\n|raw|NPC At Home's rating: 1000 &rarr; <strong>1052<\/strong><br \/>(+52 for winning)\n|l|\u2606asdsdffgdfg\n","uploadtime":1699109748,"views":6,"p1id":"asdsdffgdfg","p2id":"npcathome","formatid":"gen9nationaldexdoubles","rating":1052,"private":0,"password":""}