{"id":"gen9nationaldexdoubles-1986034831","p1":"Greenheart_YT","p2":"ShaneWithMiku","format":"[Gen 9] National Dex Doubles","log":"|j|\u2606Greenheart_YT\n|j|\u2606ShaneWithMiku\n|t:|1699441809\n|gametype|doubles\n|player|p1|Greenheart_YT|iono|1029\n|player|p2|ShaneWithMiku|clair|1068\n|teamsize|p1|6\n|teamsize|p2|6\n|gen|9\n|tier|[Gen 9] National Dex Doubles\n|rated|\n|rule|HP Percentage Mod: HP is shown in percentages\n|rule|Endless Battle Clause: Forcing endless battles is banned\n|rule|OHKO Clause: OHKO moves are banned\n|rule|Evasion Moves Clause: Evasion moves are banned\n|rule|Evasion Abilities Clause: Evasion abilities are banned\n|rule|Species Clause: Limit one of each Pok\u00e9mon\n|rule|Gravity Sleep Clause: The combination of sleep-inducing moves with imperfect accuracy and Gravity or Gigantamax Orbeetle are banned\n|clearpoke\n|poke|p1|Clefairy, M|\n|poke|p1|Sinistcha-Masterpiece|\n|poke|p1|Ogerpon-Wellspring, F|\n|poke|p1|Pelipper, M|\n|poke|p1|Torkoal, F|\n|poke|p1|Armarouge, F|\n|poke|p2|Blacephalon|\n|poke|p2|Torkoal, F|\n|poke|p2|Clefable, M|\n|poke|p2|Jirachi|\n|poke|p2|Forretress, F|\n|poke|p2|Kingambit, M|\n|teampreview\n|inactive|Battle timer is ON: inactive players will automatically lose when time's up. (requested by ShaneWithMiku)\n|\n|t:|1699441823\n|start\n|switch|p1a: Toasty Roasty|Armarouge, F, shiny|100\/100\n|switch|p1b: Chi Mii Miiiiii|Clefairy, M|100\/100\n|switch|p2a: Clown|Blacephalon, shiny|100\/100\n|switch|p2b: setter|Torkoal, F|100\/100\n|-weather|SunnyDay|[from] ability: Drought|[of] p2b: setter\n|turn|1\n|inactive|ShaneWithMiku has 120 seconds left.\n|\n|t:|1699441873\n|switch|p1b: Ducky|Pelipper, M, shiny|100\/100\n|-weather|RainDance|[from] ability: Drizzle|[of] p1b: Ducky\n|-terastallize|p2a: Clown|Fire\n|-terastallize|p1a: Toasty Roasty|Grass\n|move|p2b: setter|Helping Hand|p2a: Clown\n|-singleturn|p2a: Clown|Helping Hand|[of] p2b: setter\n|move|p2a: Clown|Mind Blown|p1b: Ducky|[spread] p2b,p1a,p1b\n|-resisted|p2b: setter\n|-supereffective|p1a: Toasty Roasty\n|-resisted|p1b: Ducky\n|-damage|p2b: setter|39\/100\n|-enditem|p1a: Toasty Roasty|Focus Sash\n|-damage|p1a: Toasty Roasty|1\/100\n|-damage|p1b: Ducky|51\/100\n|-damage|p2a: Clown|50\/100|[from] mindblown\n|move|p1a: Toasty Roasty|Weather Ball|p2a: Clown\n|-supereffective|p2a: Clown\n|-damage|p2a: Clown|0 fnt\n|faint|p2a: Clown\n|\n|-weather|RainDance|[upkeep]\n|upkeep\n|inactive|ShaneWithMiku has 90 seconds left.\n|\n|t:|1699441906\n|switch|p2a: helper|Clefable, M, shiny|100\/100\n|turn|2\n|inactive|ShaneWithMiku has 90 seconds left.\n|\n|t:|1699441918\n|switch|p1b: Soup|Sinistcha-Masterpiece, shiny|100\/100\n|-heal|p1a: Toasty Roasty|26\/100|[from] ability: Hospitality|[of] p1b: Soup\n|move|p2a: helper|Helping Hand|p2b: setter\n|-singleturn|p2b: setter|Helping Hand|[of] p2a: helper\n|move|p1a: Toasty Roasty|Weather Ball|p2b: setter\n|-supereffective|p2b: setter\n|-crit|p2b: setter\n|-damage|p2b: setter|0 fnt\n|faint|p2b: setter\n|\n|-weather|RainDance|[upkeep]\n|upkeep\n|inactive|ShaneWithMiku has 90 seconds left.\n|\n|t:|1699441931\n|switch|p2b: i explode|Forretress, F|100\/100\n|turn|3\n|\n|t:|1699441952\n|switch|p1a: Roasty Toasty|Torkoal, F|100\/100\n|-weather|SunnyDay|[from] ability: Drought|[of] p1a: Roasty Toasty\n|move|p2a: helper|Helping Hand|p2b: i explode\n|-singleturn|p2b: i explode|Helping Hand|[of] p2a: helper\n|move|p1b: Soup|Protect|p1b: Soup\n|-singleturn|p1b: Soup|Protect\n|move|p2b: i explode|Earthquake|p1b: Soup|[spread] p2a,p1a\n|-activate|p1b: Soup|move: Protect\n|-supereffective|p1a: Roasty Toasty\n|-damage|p2a: helper|32\/100\n|-damage|p1a: Roasty Toasty|31\/100\n|\n|-weather|SunnyDay|[upkeep]\n|-heal|p1a: Roasty Toasty|37\/100|[from] item: Leftovers\n|upkeep\n|turn|4\n|inactive|ShaneWithMiku has 120 seconds left.\n|\n|t:|1699441976\n|move|p2a: helper|Helping Hand|p2b: i explode\n|-singleturn|p2b: i explode|Helping Hand|[of] p2a: helper\n|move|p2b: i explode|Earthquake|p1b: Soup|[spread] p2a,p1a,p1b\n|-supereffective|p1a: Roasty Toasty\n|-resisted|p1b: Soup\n|-damage|p2a: helper|0 fnt\n|-damage|p1a: Roasty Toasty|0 fnt\n|-damage|p1b: Soup|83\/100\n|faint|p2a: helper\n|faint|p1a: Roasty Toasty\n|move|p1b: Soup|Strength Sap|p2b: i explode\n|-unboost|p2b: i explode|atk|1\n|-heal|p1b: Soup|100\/100\n|\n|-weather|SunnyDay|[upkeep]\n|upkeep\n|inactive|ShaneWithMiku has 120 seconds left.\n|\n|t:|1699441998\n|switch|p2a: Hit this|Jirachi|100\/100\n|switch|p1a: Ogerpon|Ogerpon-Wellspring, F|100\/100\n|turn|5\n|\n|t:|1699442020\n|move|p2a: Hit this|Follow Me|p2a: Hit this\n|-singleturn|p2a: Hit this|move: Follow Me\n|move|p1a: Ogerpon|Trailblaze|p2a: Hit this\n|-resisted|p2a: Hit this\n|-damage|p2a: Hit this|89\/100\n|-boost|p1a: Ogerpon|spe|1\n|move|p2b: i explode|Earthquake|p1b: Soup|[spread] p2a,p1a,p1b\n|-supereffective|p2a: Hit this\n|-resisted|p1a: Ogerpon\n|-resisted|p1b: Soup\n|-damage|p2a: Hit this|57\/100\n|-damage|p1a: Ogerpon|87\/100\n|-damage|p1b: Soup|93\/100\n|move|p1b: Soup|Strength Sap|p2a: Hit this\n|-unboost|p2a: Hit this|atk|1\n|-heal|p1b: Soup|100\/100\n|\n|-weather|SunnyDay|[upkeep]\n|upkeep\n|turn|6\n|inactive|ShaneWithMiku has 120 seconds left.\n|\n|t:|1699442063\n|move|p2a: Hit this|Follow Me|p2a: Hit this\n|-singleturn|p2a: Hit this|move: Follow Me\n|move|p1a: Ogerpon|Ivy Cudgel|p2a: Hit this\n|-damage|p2a: Hit this|37\/100\n|move|p2b: i explode|Earthquake|p1a: Ogerpon|[spread] p2a,p1a,p1b\n|-supereffective|p2a: Hit this\n|-resisted|p1a: Ogerpon\n|-resisted|p1b: Soup\n|-damage|p2a: Hit this|4\/100\n|-damage|p1a: Ogerpon|72\/100\n|-damage|p1b: Soup|92\/100\n|move|p1b: Soup|Matcha Gotcha|p2a: Hit this|[spread] p2a,p2b\n|-resisted|p2a: Hit this\n|-resisted|p2b: i explode\n|-damage|p2a: Hit this|0 fnt\n|-heal|p1b: Soup|94\/100|[from] drain|[of] p2a: Hit this\n|-damage|p2b: i explode|90\/100\n|-heal|p1b: Soup|99\/100|[from] drain|[of] p2b: i explode\n|faint|p2a: Hit this\n|\n|-weather|SunnyDay|[upkeep]\n|-heal|p1b: Soup|100\/100|[from] item: Leftovers\n|upkeep\n|\n|t:|1699442082\n|switch|p2a: NOW IM ANGRY|Kingambit, M|100\/100\n|-activate|p2a: NOW IM ANGRY|ability: Supreme Overlord\n|-start|p2a: NOW IM ANGRY|fallen4|[silent]\n|turn|7\n|inactive|ShaneWithMiku has 120 seconds left.\n|\n|t:|1699442100\n|switch|p1a: Ducky|Pelipper, M, shiny|51\/100\n|-weather|RainDance|[from] ability: Drizzle|[of] p1a: Ducky\n|move|p1b: Soup|Protect|p1b: Soup\n|-singleturn|p1b: Soup|Protect\n|move|p2a: NOW IM ANGRY|Sucker Punch||[still]\n|-fail|p2a: NOW IM ANGRY\n|move|p2b: i explode|Earthquake|p1b: Soup|[spread] p2a\n|-activate|p1b: Soup|move: Protect\n|-immune|p1a: Ducky\n|-supereffective|p2a: NOW IM ANGRY\n|-damage|p2a: NOW IM ANGRY|69\/100\n|\n|-weather|RainDance|[upkeep]\n|upkeep\n|turn|8\n|inactive|ShaneWithMiku has 120 seconds left.\n|\n|t:|1699442118\n|switch|p1b: Toasty Roasty|Armarouge, F, shiny, tera:Grass|26\/100\n|move|p1a: Ducky|Protect|p1a: Ducky\n|-singleturn|p1a: Ducky|Protect\n|move|p2a: NOW IM ANGRY|Sucker Punch||[still]\n|-fail|p2a: NOW IM ANGRY\n|move|p2b: i explode|Earthquake|p1b: Toasty Roasty|[spread] p2a,p1b\n|-activate|p1a: Ducky|move: Protect\n|-supereffective|p2a: NOW IM ANGRY\n|-resisted|p1b: Toasty Roasty\n|-damage|p2a: NOW IM ANGRY|35\/100\n|-damage|p1b: Toasty Roasty|16\/100\n|-ability|p1b: Toasty Roasty|Weak Armor|boost\n|-unboost|p1b: Toasty Roasty|def|1\n|-boost|p1b: Toasty Roasty|spe|2\n|\n|-weather|RainDance|[upkeep]\n|upkeep\n|turn|9\n|\n|t:|1699442136\n|move|p1a: Ducky|Helping Hand|p1b: Toasty Roasty\n|-singleturn|p1b: Toasty Roasty|Helping Hand|[of] p1a: Ducky\n|move|p2a: NOW IM ANGRY|Sucker Punch|p1b: Toasty Roasty\n|-damage|p1b: Toasty Roasty|0 fnt\n|faint|p1b: Toasty Roasty\n|move|p2b: i explode|Earthquake|p1a: Ducky|[spread] p2a\n|-immune|p1a: Ducky\n|-supereffective|p2a: NOW IM ANGRY\n|-damage|p2a: NOW IM ANGRY|0 fnt\n|faint|p2a: NOW IM ANGRY\n|-end|p2a: NOW IM ANGRY|fallen4|[silent]\n|\n|-weather|RainDance|[upkeep]\n|upkeep\n|\n|t:|1699442146\n|switch|p1b: Ogerpon|Ogerpon-Wellspring, F|72\/100\n|turn|10\n|-message|ShaneWithMiku forfeited.\n|\n|win|Greenheart_YT\n|raw|Greenheart_YT's rating: 1029 &rarr; <strong>1069<\/strong><br \/>(+40 for winning)\n|raw|ShaneWithMiku's rating: 1068 &rarr; <strong>1046<\/strong><br \/>(-22 for losing)\n|l|\u2606ShaneWithMiku\n","uploadtime":1699442186,"views":8,"p1id":"greenheartyt","p2id":"shanewithmiku","formatid":"gen9nationaldexdoubles","rating":1046,"private":0,"password":""}