{"id":"gen9nationaldexdoubles-1955240099","p1":"user58342485","p2":"LAIDEN22","format":"[Gen 9] National Dex Doubles","log":"|j|\u2606user58342485\n|j|\u2606LAIDEN22\n|t:|1695976383\n|gametype|doubles\n|player|p1|user58342485|nate|1551\n|player|p2|LAIDEN22|2|1370\n|teamsize|p1|6\n|teamsize|p2|6\n|gen|9\n|tier|[Gen 9] National Dex Doubles\n|rated|\n|rule|HP Percentage Mod: HP is shown in percentages\n|rule|Endless Battle Clause: Forcing endless battles is banned\n|rule|OHKO Clause: OHKO moves are banned\n|rule|Evasion Moves Clause: Evasion moves are banned\n|rule|Evasion Abilities Clause: Evasion abilities are banned\n|rule|Species Clause: Limit one of each Pok\u00e9mon\n|rule|Gravity Sleep Clause: The combination of sleep-inducing moves with imperfect accuracy and Gravity or Gigantamax Orbeetle are banned\n|clearpoke\n|poke|p1|Metagross|\n|poke|p1|Rillaboom, M|\n|poke|p1|Volcanion|\n|poke|p1|Kingambit, M|\n|poke|p1|Flutter Mane|\n|poke|p1|Tornadus, M|\n|poke|p2|Palafin, M|\n|poke|p2|Landorus-Therian, M|\n|poke|p2|Cetitan, M|\n|poke|p2|Sinistcha-Masterpiece|\n|poke|p2|Charizard, F|\n|poke|p2|Ninetales-Alola, F|\n|teampreview\n|inactive|Battle timer is ON: inactive players will automatically lose when time's up. (requested by user58342485)\n|inactive|LAIDEN22 also wants the timer to be on.\n|inactive|user58342485 has 120 seconds left.\n|\n|t:|1695976427\n|start\n|switch|p1a: Tornadus|Tornadus, M|100\/100\n|switch|p1b: Metagross|Metagross|100\/100\n|switch|p2a: JETPIN|Palafin, M|100\/100\n|switch|p2b: SNOWWWWW|Ninetales-Alola, F|100\/100\n|-weather|Snow|[from] ability: Snow Warning|[of] p2b: SNOWWWWW\n|turn|1\n|inactive|LAIDEN22 has 120 seconds left.\n|\n|t:|1695976463\n|switch|p2b: Unfair|Landorus-Therian, M|100\/100\n|-ability|p2b: Unfair|Intimidate|boost\n|-unboost|p1a: Tornadus|atk|1\n|-fail|p1b: Metagross|unboost|[from] ability: Clear Body|[of] p1b: Metagross\n|switch|p1b: Kingambit|Kingambit, M|100\/100\n|move|p2a: JETPIN|Protect|p2a: JETPIN\n|-singleturn|p2a: JETPIN|Protect\n|move|p1a: Tornadus|Taunt|p2b: Unfair\n|-start|p2b: Unfair|move: Taunt\n|\n|-weather|Snow|[upkeep]\n|upkeep\n|turn|2\n|inactive|LAIDEN22 has 120 seconds left.\n|\n|t:|1695976494\n|detailschange|p2a: JETPIN|Palafin-Hero, M\n|switch|p2a: TEA|Sinistcha-Masterpiece|100\/100\n|switch|p1b: Rillaboom|Rillaboom, M|100\/100\n|-fieldstart|move: Grassy Terrain|[from] ability: Grassy Surge|[of] p1b: Rillaboom\n|-zpower|p1a: Tornadus\n|move|p1a: Tornadus|Supersonic Skystrike|p2a: TEA|[zeffect]\n|-supereffective|p2a: TEA\n|-damage|p2a: TEA|0 fnt\n|faint|p2a: TEA\n|move|p2b: Unfair|Knock Off|p1a: Tornadus\n|-damage|p1a: Tornadus|58\/100\n|\n|-weather|Snow|[upkeep]\n|upkeep\n|\n|t:|1695976516\n|switch|p2a: Whaleeee|Cetitan, M|100\/100\n|turn|3\n|\n|t:|1695976532\n|move|p1b: Rillaboom|Fake Out|p2a: Whaleeee\n|-damage|p2a: Whaleeee|93\/100\n|move|p1a: Tornadus|Tailwind|p1a: Tornadus\n|-sidestart|p1: user58342485|move: Tailwind\n|cant|p2a: Whaleeee|flinch\n|move|p2b: Unfair|U-turn|p1b: Rillaboom\n|-supereffective|p1b: Rillaboom\n|-crit|p1b: Rillaboom\n|-damage|p1b: Rillaboom|20\/100\n|\n|t:|1695976547\n|switch|p2b: OVERRATED|Charizard, F|100\/100|[from] U-turn\n|\n|-weather|Snow|[upkeep]\n|-heal|p1b: Rillaboom|26\/100|[from] Grassy Terrain\n|-heal|p2a: Whaleeee|99\/100|[from] Grassy Terrain\n|upkeep\n|turn|4\n|inactive|LAIDEN22 has 120 seconds left.\n|inactive|user58342485 has 120 seconds left.\n|\n|t:|1695976579\n|switch|p1b: Volcanion|Volcanion|100\/100\n|detailschange|p2b: OVERRATED|Charizard-Mega-X, F\n|-mega|p2b: OVERRATED|Charizard|Charizardite X\n|move|p1a: Tornadus|Bleakwind Storm|p2a: Whaleeee|[spread] p2a,p2b\n|-damage|p2a: Whaleeee|65\/100\n|-damage|p2b: OVERRATED|62\/100\n|-unboost|p2a: Whaleeee|spe|1\n|move|p2a: Whaleeee|Ice Spinner|p1a: Tornadus\n|-supereffective|p1a: Tornadus\n|-damage|p1a: Tornadus|0 fnt\n|-fieldend|move: Grassy Terrain\n|faint|p1a: Tornadus\n|move|p2b: OVERRATED|Flare Blitz|p1b: Volcanion\n|-resisted|p1b: Volcanion\n|-damage|p1b: Volcanion|84\/100\n|-damage|p2b: OVERRATED|57\/100|[from] Recoil\n|\n|-weather|Snow|[upkeep]\n|upkeep\n|inactive|user58342485 has 120 seconds left.\n|\n|t:|1695976600\n|switch|p1a: Metagross|Metagross|100\/100\n|turn|5\n|inactive|user58342485 has 120 seconds left.\n|inactive|LAIDEN22 has 120 seconds left.\n|\n|t:|1695976632\n|switch|p2a: Unfair|Landorus-Therian, M|100\/100\n|-ability|p2a: Unfair|Intimidate|boost\n|-fail|p1a: Metagross|unboost|[from] ability: Clear Body|[of] p1a: Metagross\n|-unboost|p1b: Volcanion|atk|1\n|move|p1a: Metagross|Protect|p1a: Metagross\n|-singleturn|p1a: Metagross|Protect\n|move|p1b: Volcanion|Earth Power|p2b: OVERRATED\n|-supereffective|p2b: OVERRATED\n|-damage|p2b: OVERRATED|0 fnt\n|faint|p2b: OVERRATED\n|\n|-weather|none\n|upkeep\n|inactive|LAIDEN22 has 120 seconds left.\n|\n|t:|1695976648\n|switch|p2b: SNOWWWWW|Ninetales-Alola, F|100\/100\n|-weather|Snow|[from] ability: Snow Warning|[of] p2b: SNOWWWWW\n|turn|6\n|\n|t:|1695976662\n|detailschange|p1a: Metagross|Metagross-Mega\n|-mega|p1a: Metagross|Metagross|Metagrossite\n|-terastallize|p2b: SNOWWWWW|Ghost\n|move|p1a: Metagross|Iron Head|p2b: SNOWWWWW\n|-damage|p2b: SNOWWWWW|33\/100\n|move|p1b: Volcanion|Heat Wave|p2a: Unfair|[spread] p2a,p2b\n|-damage|p2a: Unfair|70\/100\n|-damage|p2b: SNOWWWWW|0 fnt\n|faint|p2b: SNOWWWWW\n|move|p2a: Unfair|Earthquake|p1a: Metagross|[spread] p1a,p1b\n|-supereffective|p1a: Metagross\n|-supereffective|p1b: Volcanion\n|-damage|p1a: Metagross|26\/100\n|-damage|p1b: Volcanion|3\/100\n|\n|-weather|Snow|[upkeep]\n|-sideend|p1: user58342485|move: Tailwind\n|upkeep\n|inactive|LAIDEN22 has 120 seconds left.\n|\n|t:|1695976680\n|switch|p2b: Whaleeee|Cetitan, M|65\/100\n|turn|7\n|\n|t:|1695976707\n|move|p1a: Metagross|Protect|p1a: Metagross\n|-singleturn|p1a: Metagross|Protect\n|move|p2b: Whaleeee|Ice Spinner|p1b: Volcanion\n|-resisted|p1b: Volcanion\n|-damage|p1b: Volcanion|0 fnt\n|faint|p1b: Volcanion\n|move|p2a: Unfair|Knock Off|p1a: Metagross\n|-activate|p1a: Metagross|move: Protect\n|\n|-weather|Snow|[upkeep]\n|upkeep\n|\n|t:|1695976717\n|switch|p1b: Rillaboom|Rillaboom, M|26\/100\n|-fieldstart|move: Grassy Terrain|[from] ability: Grassy Surge|[of] p1b: Rillaboom\n|turn|8\n|\n|t:|1695976731\n|move|p2b: Whaleeee|Protect|p2b: Whaleeee\n|-singleturn|p2b: Whaleeee|Protect\n|move|p1b: Rillaboom|Fake Out|p2b: Whaleeee\n|-activate|p2b: Whaleeee|move: Protect\n|move|p1a: Metagross|Steel Roller|p2b: Whaleeee\n|-activate|p2b: Whaleeee|move: Protect\n|move|p2a: Unfair|U-turn|p1b: Rillaboom\n|-supereffective|p1b: Rillaboom\n|-damage|p1b: Rillaboom|0 fnt\n|faint|p1b: Rillaboom\n|\n|t:|1695976745\n|switch|p2a: JETPIN|Palafin-Hero, M|100\/100|[from] U-turn\n|-activate|p2a: JETPIN|ability: Zero to Hero\n|\n|-weather|Snow|[upkeep]\n|-heal|p2b: Whaleeee|71\/100|[from] Grassy Terrain\n|-heal|p1a: Metagross|32\/100|[from] Grassy Terrain\n|upkeep\n|\n|t:|1695976756\n|switch|p1b: Kingambit|Kingambit, M|100\/100\n|turn|9\n|\n|t:|1695976772\n|switch|p1b: Flutter Mane|Flutter Mane|100\/100\n|move|p2b: Whaleeee|Liquidation|p1a: Metagross\n|-damage|p1a: Metagross|14\/100\n|move|p1a: Metagross|Steel Roller|p2b: Whaleeee\n|-supereffective|p2b: Whaleeee\n|-damage|p2b: Whaleeee|0 fnt\n|-fieldend|move: Grassy Terrain\n|faint|p2b: Whaleeee\n|move|p2a: JETPIN|Drain Punch|p1b: Flutter Mane\n|-immune|p1b: Flutter Mane\n|\n|-weather|Snow|[upkeep]\n|upkeep\n|\n|t:|1695976779\n|switch|p2b: Unfair|Landorus-Therian, M|70\/100\n|-ability|p2b: Unfair|Intimidate|boost\n|-unboost|p1a: Metagross|atk|1\n|-unboost|p1b: Flutter Mane|atk|1\n|turn|10\n|\n|t:|1695976796\n|-terastallize|p1b: Flutter Mane|Fairy\n|move|p1b: Flutter Mane|Dazzling Gleam|p2a: JETPIN|[spread] p2a,p2b\n|-damage|p2a: JETPIN|49\/100\n|-damage|p2b: Unfair|19\/100\n|move|p1a: Metagross|Iron Head|p2b: Unfair\n|-damage|p2b: Unfair|0 fnt\n|faint|p2b: Unfair\n|move|p2a: JETPIN|Wave Crash|p1b: Flutter Mane\n|-damage|p1b: Flutter Mane|0 fnt\n|faint|p1b: Flutter Mane\n|-end|p1b: Flutter Mane|Protosynthesis|[silent]\n|-damage|p2a: JETPIN|27\/100|[from] Recoil\n|\n|-weather|none\n|upkeep\n|\n|t:|1695976809\n|switch|p1b: Kingambit|Kingambit, M|100\/100\n|turn|11\n|\n|t:|1695976815\n|move|p2a: JETPIN|Jet Punch|p1a: Metagross\n|-damage|p1a: Metagross|0 fnt\n|faint|p1a: Metagross\n|move|p1b: Kingambit|Sucker Punch||[still]\n|-fail|p1b: Kingambit\n|\n|upkeep\n|turn|12\n|\n|t:|1695976827\n|move|p2a: JETPIN|Protect|p2a: JETPIN\n|-singleturn|p2a: JETPIN|Protect\n|move|p1b: Kingambit|Sucker Punch||[still]\n|-fail|p1b: Kingambit\n|\n|upkeep\n|turn|13\n|\n|t:|1695976840\n|move|p2a: JETPIN|Jet Punch|p1b: Kingambit\n|-damage|p1b: Kingambit|70\/100\n|move|p1b: Kingambit|Sucker Punch||[still]\n|-fail|p1b: Kingambit\n|\n|upkeep\n|turn|14\n|\n|t:|1695976847\n|move|p2a: JETPIN|Protect|p2a: JETPIN\n|-singleturn|p2a: JETPIN|Protect\n|move|p1b: Kingambit|Knock Off|p2a: JETPIN\n|-activate|p2a: JETPIN|move: Protect\n|\n|upkeep\n|turn|15\n|\n|t:|1695976854\n|move|p1b: Kingambit|Sucker Punch|p2a: JETPIN\n|-damage|p2a: JETPIN|0 fnt\n|faint|p2a: JETPIN\n|\n|win|user58342485\n|raw|user58342485's rating: 1551 &rarr; <strong>1561<\/strong><br \/>(+10 for winning)\n|raw|LAIDEN22's rating: 1370 &rarr; <strong>1360<\/strong><br \/>(-10 for losing)\n|c|\u2606user58342485|gg\n|c|\u2606user58342485|mind games\n|c|\u2606user58342485|but well played :)\n|l|\u2606LAIDEN22\n","uploadtime":1695976889,"views":28,"p1id":"user58342485","p2id":"laiden22","formatid":"gen9nationaldexdoubles","rating":1360,"private":0,"password":""}