{"id":"gen9nationaldexdoubles-1982806567","p1":"Its eezy haha","p2":"2t4irw47t0h34v3n","format":"[Gen 9] National Dex Doubles","log":"|j|\u2606Its eezy haha\n|j|\u26062t4irw47t0h34v3n\n|t:|1699046742\n|gametype|doubles\n|player|p1|Its eezy haha|lucas|1000\n|player|p2|2t4irw47t0h34v3n|riley|1087\n|teamsize|p1|6\n|teamsize|p2|5\n|gen|9\n|tier|[Gen 9] National Dex Doubles\n|rated|\n|rule|HP Percentage Mod: HP is shown in percentages\n|rule|Endless Battle Clause: Forcing endless battles is banned\n|rule|OHKO Clause: OHKO moves are banned\n|rule|Evasion Moves Clause: Evasion moves are banned\n|rule|Evasion Abilities Clause: Evasion abilities are banned\n|rule|Species Clause: Limit one of each Pok\u00e9mon\n|rule|Gravity Sleep Clause: The combination of sleep-inducing moves with imperfect accuracy and Gravity or Gigantamax Orbeetle are banned\n|clearpoke\n|poke|p1|Indeedee, M|\n|poke|p1|Deoxys-Attack|\n|poke|p1|Typhlosion, F|\n|poke|p1|Kartana|\n|poke|p1|Murkrow, F|\n|poke|p1|Shuckle, F|\n|poke|p2|Charizard, M|\n|poke|p2|Toxapex, F|\n|poke|p2|Serperior, M|\n|poke|p2|Great Tusk|\n|poke|p2|Farigiraf, M|\n|teampreview\n|\n|t:|1699046752\n|start\n|switch|p1a: Murkrow|Murkrow, F|100\/100\n|switch|p1b: Shuckle|Shuckle, F|100\/100\n|switch|p2a: Charizard|Charizard, M|100\/100\n|switch|p2b: Great Tusk|Great Tusk|100\/100\n|turn|1\n|inactive|Battle timer is ON: inactive players will automatically lose when time's up. (requested by 2t4irw47t0h34v3n)\n|\n|t:|1699046763\n|detailschange|p2a: Charizard|Charizard-Mega-Y, M\n|-mega|p2a: Charizard|Charizard|Charizardite Y\n|-weather|SunnyDay|[from] ability: Drought|[of] p2a: Charizard\n|-activate|p2b: Great Tusk|ability: Protosynthesis\n|-start|p2b: Great Tusk|protosynthesisatk\n|move|p1a: Murkrow|Taunt|p2b: Great Tusk\n|-start|p2b: Great Tusk|move: Taunt\n|move|p2b: Great Tusk|Close Combat|p1a: Murkrow\n|-enditem|p1a: Murkrow|Focus Sash\n|-damage|p1a: Murkrow|1\/100\n|-unboost|p2b: Great Tusk|def|1\n|-unboost|p2b: Great Tusk|spd|1\n|move|p2a: Charizard|Weather Ball|p1a: Murkrow\n|-damage|p1a: Murkrow|0 fnt\n|faint|p1a: Murkrow\n|move|p1b: Shuckle|Stealth Rock|p2a: Charizard\n|-sidestart|p2: 2t4irw47t0h34v3n|move: Stealth Rock\n|\n|-weather|SunnyDay|[upkeep]\n|upkeep\n|\n|t:|1699046793\n|switch|p1a: Deoxys|Deoxys-Attack|100\/100\n|-ability|p1a: Deoxys|Pressure\n|turn|2\n|\n|t:|1699046815\n|-end|p2b: Great Tusk|Protosynthesis|[silent]\n|switch|p2b: Toxapex|Toxapex, F|100\/100\n|-damage|p2b: Toxapex|88\/100|[from] Stealth Rock\n|move|p1a: Deoxys|Psyshock|p2a: Charizard\n|-damage|p2a: Charizard|24\/100\n|move|p2a: Charizard|Solar Beam||[still]\n|-prepare|p2a: Charizard|Solar Beam\n|-anim|p2a: Charizard|Solar Beam|p1a: Deoxys\n|-enditem|p1a: Deoxys|Focus Sash\n|-damage|p1a: Deoxys|1\/100\n|move|p1b: Shuckle|Power Split|p2a: Charizard\n|-activate|p1b: Shuckle|move: Power Split|[of] p2a: Charizard\n|\n|-weather|SunnyDay|[upkeep]\n|-heal|p2b: Toxapex|94\/100|[from] item: Black Sludge\n|upkeep\n|turn|3\n|inactive|Its eezy haha has 120 seconds left.\n|\n|t:|1699046849\n|switch|p1b: Typhlosion|Typhlosion, F|100\/100\n|-terastallize|p2b: Toxapex|Water\n|move|p1a: Deoxys|Psyshock|p2b: Toxapex\n|-damage|p2b: Toxapex|55\/100\n|move|p2a: Charizard|Weather Ball|p1a: Deoxys\n|-damage|p1a: Deoxys|0 fnt\n|faint|p1a: Deoxys\n|move|p2b: Toxapex|Toxic Spikes|p1b: Typhlosion\n|-sidestart|p1: Its eezy haha|move: Toxic Spikes\n|\n|-weather|SunnyDay|[upkeep]\n|-damage|p2b: Toxapex|42\/100|[from] item: Black Sludge\n|upkeep\n|inactive|Its eezy haha has 120 seconds left.\n|inactive|Its eezy haha has 90 seconds left.\n|\n|t:|1699046887\n|switch|p1a: Kartana|Kartana|100\/100\n|turn|4\n|\n|t:|1699046900\n|move|p1b: Typhlosion|Eruption|p2b: Toxapex|[spread] p2a,p2b\n|-resisted|p2a: Charizard\n|-resisted|p2b: Toxapex\n|-damage|p2a: Charizard|0 fnt\n|-damage|p2b: Toxapex|12\/100\n|faint|p2a: Charizard\n|move|p1a: Kartana|Leaf Blade|p2b: Toxapex\n|-supereffective|p2b: Toxapex\n|-damage|p2b: Toxapex|0 fnt\n|faint|p2b: Toxapex\n|-ability|p1a: Kartana|Beast Boost|boost\n|-boost|p1a: Kartana|atk|1\n|\n|-weather|SunnyDay|[upkeep]\n|upkeep\n|\n|t:|1699046909\n|switch|p2a: Great Tusk|Great Tusk|100\/100\n|switch|p2b: Farigiraf|Farigiraf, M|100\/100\n|-damage|p2a: Great Tusk|98\/100|[from] Stealth Rock\n|-activate|p2a: Great Tusk|ability: Protosynthesis\n|-start|p2a: Great Tusk|protosynthesisatk\n|-damage|p2b: Farigiraf|88\/100|[from] Stealth Rock\n|turn|5\n|inactive|Its eezy haha has 120 seconds left.\n|\n|t:|1699046932\n|move|p1b: Typhlosion|Eruption|p2b: Farigiraf|[spread] p2a,p2b\n|-damage|p2a: Great Tusk|0 fnt\n|-damage|p2b: Farigiraf|26\/100\n|faint|p2a: Great Tusk\n|-end|p2a: Great Tusk|Protosynthesis|[silent]\n|move|p1a: Kartana|Leaf Blade|p2b: Farigiraf\n|-damage|p2b: Farigiraf|0 fnt\n|faint|p2b: Farigiraf\n|-ability|p1a: Kartana|Beast Boost|boost\n|-boost|p1a: Kartana|atk|1\n|\n|-weather|none\n|upkeep\n|\n|t:|1699046940\n|switch|p2a: Serperior|Serperior, M|100\/100\n|-damage|p2a: Serperior|88\/100|[from] Stealth Rock\n|turn|6\n|inactive|Its eezy haha has 120 seconds left.\n|\n|t:|1699046984\n|move|p1b: Typhlosion|Eruption|p2a: Serperior\n|-supereffective|p2a: Serperior\n|-damage|p2a: Serperior|0 fnt\n|faint|p2a: Serperior\n|\n|win|Its eezy haha\n|raw|Its eezy haha's rating: 1000 &rarr; <strong>1050<\/strong><br \/>(+50 for winning)\n|raw|2t4irw47t0h34v3n's rating: 1087 &rarr; <strong>1058<\/strong><br \/>(-29 for losing)\n","uploadtime":1699046987,"views":7,"p1id":"itseezyhaha","p2id":"2t4irw47t0h34v3n","formatid":"gen9nationaldexdoubles","rating":1050,"private":0,"password":""}