{"id":"gen9nationaldexdoubles-1973701890","p1":"FriedBeaver01","p2":"Prankbox454","format":"[Gen 9] National Dex Doubles","log":"|j|\u2606FriedBeaver01\n|j|\u2606Prankbox454\n|t:|1698004856\n|gametype|doubles\n|player|p1|FriedBeaver01|2|\n|player|p2|Prankbox454|burgh|\n|teamsize|p1|6\n|teamsize|p2|6\n|gen|9\n|tier|[Gen 9] National Dex Doubles\n|rule|HP Percentage Mod: HP is shown in percentages\n|rule|Endless Battle Clause: Forcing endless battles is banned\n|rule|OHKO Clause: OHKO moves are banned\n|rule|Evasion Moves Clause: Evasion moves are banned\n|rule|Evasion Abilities Clause: Evasion abilities are banned\n|rule|Species Clause: Limit one of each Pok\u00e9mon\n|rule|Gravity Sleep Clause: The combination of sleep-inducing moves with imperfect accuracy and Gravity or Gigantamax Orbeetle are banned\n|clearpoke\n|poke|p1|Conkeldurr, M|\n|poke|p1|Espathra, M|\n|poke|p1|Ursaluna-Bloodmoon, M|\n|poke|p1|Tornadus, M|\n|poke|p1|Sinistcha-Masterpiece|\n|poke|p1|Kingambit, M|\n|poke|p2|Accelgor, M|\n|poke|p2|Volcarona, M|\n|poke|p2|Durant, M|\n|poke|p2|Heracross, M|\n|poke|p2|Parasect, F|\n|poke|p2|Araquanid, F|\n|teampreview\n|inactive|Battle timer is ON: inactive players will automatically lose when time's up. (requested by FriedBeaver01)\n|c|\u2606Prankbox454|I wanted to use a Zoroark team\n|c|\u2606Prankbox454|But one of the mons was banned\n|c|\u2606Prankbox454|:Madge:\n|\n|t:|1698004886\n|start\n|switch|p1a: Cloud Man|Tornadus, M, shiny|100\/100\n|switch|p1b: Ratafak Plachta|Espathra, M, shiny|100\/100\n|switch|p2a: Accelerated Gore|Accelgor, M|100\/100\n|switch|p2b: Arab Quasar Need|Araquanid, F, shiny|100\/100\n|turn|1\n|c|\u2606FriedBeaver01|lol\n|c|\u2606FriedBeaver01|hope you enjoy their nicknames\n|inactive|FriedBeaver01 has 270 seconds left.\n|inactive|Prankbox454 has 270 seconds left.\n|c|\u2606Prankbox454|Espathra's nickname is me trying to pronounce its name\n|\n|t:|1698004935\n|move|p1b: Ratafak Plachta|Protect|p1b: Ratafak Plachta\n|-singleturn|p1b: Ratafak Plachta|Protect\n|move|p1a: Cloud Man|Tailwind|p1a: Cloud Man\n|-sidestart|p1: FriedBeaver01|move: Tailwind\n|move|p2a: Accelerated Gore|Yawn|p1b: Ratafak Plachta\n|-activate|p1b: Ratafak Plachta|move: Protect\n|move|p2b: Arab Quasar Need|Sticky Web|p1a: Cloud Man\n|-sidestart|p1: FriedBeaver01|move: Sticky Web\n|\n|-ability|p1b: Ratafak Plachta|Speed Boost|boost\n|-boost|p1b: Ratafak Plachta|spe|1\n|upkeep\n|turn|2\n|inactive|FriedBeaver01 has 270 seconds left.\n|inactive|Prankbox454 has 270 seconds left.\n|inactive|Prankbox454 has 240 seconds left.\n|\n|t:|1698004980\n|move|p2a: Accelerated Gore|Protect|p2a: Accelerated Gore\n|-singleturn|p2a: Accelerated Gore|Protect\n|move|p1b: Ratafak Plachta|Calm Mind|p1b: Ratafak Plachta\n|-boost|p1b: Ratafak Plachta|spa|1\n|-boost|p1b: Ratafak Plachta|spd|1\n|move|p1a: Cloud Man|Bleakwind Storm|p2a: Accelerated Gore|[spread] p2b\n|-activate|p2a: Accelerated Gore|move: Protect\n|-supereffective|p2b: Arab Quasar Need\n|-damage|p2b: Arab Quasar Need|37\/100\n|move|p2b: Arab Quasar Need|Lunge|p1b: Ratafak Plachta\n|-supereffective|p1b: Ratafak Plachta\n|-damage|p1b: Ratafak Plachta|41\/100\n|-unboost|p1b: Ratafak Plachta|atk|1\n|-enditem|p1b: Ratafak Plachta|Red Card|[of] p2b: Arab Quasar Need\n|drag|p2b: Alien????|Parasect, F|100\/100\n|\n|-ability|p1b: Ratafak Plachta|Speed Boost|boost\n|-boost|p1b: Ratafak Plachta|spe|1\n|upkeep\n|turn|3\n|inactive|FriedBeaver01 has 270 seconds left.\n|inactive|Prankbox454 has 240 seconds left.\n|c|\u2606FriedBeaver01|Its name is a reference to a creepy Serbian (I think it was Serbian) childhood character\n|inactive|FriedBeaver01 has 240 seconds left.\n|c|\u2606FriedBeaver01|you can look it up if you want\n|inactiveoff|Battle timer is now OFF.\n|c|\u2606Prankbox454|Interesting\n|c|\u2606FriedBeaver01|That thing is rather offputting\n|c|\u2606FriedBeaver01|it looks like a deformed ostrich lmao\n|c|\u2606FriedBeaver01|That\u2019s why I named my Espathra like that character\n|c|\u2606Prankbox454|ill look it up quick\n|\n|t:|1698005099\n|switch|p2a: Arab Quasar Need|Araquanid, F, shiny|37\/100\n|-terastallize|p2b: Alien????|Rock\n|move|p1b: Ratafak Plachta|Baton Pass|p1b: Ratafak Plachta\n|\n|t:|1698005106\n|switch|p1b: Bearminator|Ursaluna-Bloodmoon, M|100\/100|[from] Baton Pass\n|-activate|p1b: Bearminator|move: Sticky Web\n|-unboost|p1b: Bearminator|spe|1\n|move|p1a: Cloud Man|Bleakwind Storm|p2a: Arab Quasar Need|[spread] p2a\n|-miss|p1a: Cloud Man|p2b: Alien????\n|-supereffective|p2a: Arab Quasar Need\n|-damage|p2a: Arab Quasar Need|0 fnt\n|faint|p2a: Arab Quasar Need\n|move|p2b: Alien????|Leech Life|p1b: Bearminator\n|-damage|p1b: Bearminator|84\/100\n|\n|upkeep\n|c|\u2606Prankbox454|well thats great\n|c|\u2606FriedBeaver01|What is great?\n|c|\u2606FriedBeaver01|the character?\n|c|\u2606Prankbox454|Lol no\n|c|\u2606FriedBeaver01|Oh you mean my beer drinking urso\n|c|\u2606Prankbox454|Me not doing shit against set up\n|c|\u2606FriedBeaver01|:smugpin:\n|c|\u2606FriedBeaver01|Enjoying the nicknames btw?\n|c|\u2606Prankbox454|Yes\n|\n|t:|1698005204\n|switch|p2a: Accelerated Gore|Accelgor, M|100\/100\n|turn|4\n|c|\u2606FriedBeaver01|\u201cCloud Man\u201d\n|\n|t:|1698005258\n|move|p2a: Accelerated Gore|Protect|p2a: Accelerated Gore\n|-singleturn|p2a: Accelerated Gore|Protect\n|move|p1a: Cloud Man|Bleakwind Storm|p2a: Accelerated Gore|[spread] p2b\n|-activate|p2a: Accelerated Gore|move: Protect\n|-resisted|p2b: Alien????\n|-damage|p2b: Alien????|84\/100\n|move|p1b: Bearminator|Earth Power|p2b: Alien????\n|-supereffective|p2b: Alien????\n|-damage|p2b: Alien????|0 fnt\n|faint|p2b: Alien????\n|\n|-sideend|p1: FriedBeaver01|move: Tailwind\n|upkeep\n|\n|t:|1698005294\n|switch|p2b: Rass Chore|Heracross, M|100\/100\n|turn|5\n|c|\u2606FriedBeaver01|Also Espathra and Ursaluna Bloodmoon make a great duo unironically\n|c|\u2606FriedBeaver01|Espa literally covers all weaknesses with its boosts and increases Ursa\u2019s Sp. Atk even further\n|c|\u2606FriedBeaver01|it\u2019s insane\n|c|\u2606Prankbox454|yea im screwed lmao\n|c|\u2606Prankbox454|This tornadus counters my whole team\n|c|\u2606FriedBeaver01|Yeah Prankster Tornadus is the goat\n|c|\u2606FriedBeaver01|or should I say\n|c|\u2606FriedBeaver01|the Cloud Man\n|c|\u2606FriedBeaver01|:smugpin:\n|\n|t:|1698005417\n|switch|p2b: Kevin Durant|Durant, M, shiny|100\/100\n|-terastallize|p1b: Bearminator|Poison\n|move|p1a: Cloud Man|Tailwind|p1a: Cloud Man\n|-sidestart|p1: FriedBeaver01|move: Tailwind\n|move|p1b: Bearminator|Blood Moon|p2b: Kevin Durant\n|-resisted|p2b: Kevin Durant\n|-damage|p2b: Kevin Durant|0 fnt\n|faint|p2b: Kevin Durant\n|move|p2a: Accelerated Gore|Encore|p1a: Cloud Man\n|-start|p1a: Cloud Man|Encore\n|\n|upkeep\n|\n|t:|1698005438\n|switch|p2b: Rass Chore|Heracross, M|100\/100\n|turn|6\n|c|\u2606Prankbox454|nice\n|c|\u2606FriedBeaver01|Fun Fact: This team used to have Rillaboom\n|c|\u2606Prankbox454|:smupin:\n|c|\u2606FriedBeaver01|but I replaced him with\n|c|\u2606FriedBeaver01|the Gambit King\n|c|\u2606FriedBeaver01|because Rilla didn\u2019t work very well\n|c|\u2606FriedBeaver01|plus I already had Sinistcha as Grass type\n|c|\u2606Prankbox454|yea the green tea cup already covered it\n|c|\u2606Prankbox454|(I dont keep up with new mons :P)\n|\n|t:|1698005526\n|switch|p1a: Weird Soup|Sinistcha-Masterpiece, shiny|100\/100\n|-activate|p1a: Weird Soup|move: Sticky Web\n|-unboost|p1a: Weird Soup|spe|1\n|-heal|p1b: Bearminator|100\/100|[from] ability: Hospitality|[of] p1a: Weird Soup\n|move|p1b: Bearminator|Earth Power|p2a: Accelerated Gore\n|-resisted|p2a: Accelerated Gore\n|-damage|p2a: Accelerated Gore|32\/100\n|move|p2a: Accelerated Gore|Yawn|p1a: Weird Soup\n|-start|p1a: Weird Soup|move: Yawn|[of] p2a: Accelerated Gore\n|move|p2b: Rass Chore|High Horsepower|p1b: Bearminator\n|-supereffective|p1b: Bearminator\n|-damage|p1b: Bearminator|32\/100\n|\n|upkeep\n|turn|7\n|\n|t:|1698005559\n|move|p2a: Accelerated Gore|Protect|p2a: Accelerated Gore\n|-singleturn|p2a: Accelerated Gore|Protect\n|move|p1a: Weird Soup|Rage Powder|p1a: Weird Soup\n|-singleturn|p1a: Weird Soup|move: Rage Powder\n|move|p1b: Bearminator|Blood Moon|p2b: Rass Chore\n|-damage|p2b: Rass Chore|0 fnt\n|faint|p2b: Rass Chore\n|\n|-end|p1a: Weird Soup|move: Yawn|[silent]\n|-status|p1a: Weird Soup|slp\n|upkeep\n|c|\u2606Prankbox454|My god\n|\n|t:|1698005569\n|switch|p2b: Volt Corona|Volcarona, M|100\/100\n|turn|8\n|c|\u2606Prankbox454|bruh you beat me deathless\n|\n|t:|1698005604\n|move|p1b: Bearminator|Earth Power|p2b: Volt Corona\n|-damage|p2b: Volt Corona|19\/100\n|-enditem|p2b: Volt Corona|Sitrus Berry|[eat]\n|-heal|p2b: Volt Corona|43\/100|[from] item: Sitrus Berry\n|move|p2a: Accelerated Gore|Yawn|p1b: Bearminator\n|-start|p1b: Bearminator|move: Yawn|[of] p2a: Accelerated Gore\n|cant|p1a: Weird Soup|slp\n|move|p2b: Volt Corona|Quiver Dance|p2b: Volt Corona\n|-boost|p2b: Volt Corona|spa|1\n|-boost|p2b: Volt Corona|spd|1\n|-boost|p2b: Volt Corona|spe|1\n|\n|-sideend|p1: FriedBeaver01|move: Tailwind\n|upkeep\n|turn|9\n|\n|t:|1698005627\n|move|p2a: Accelerated Gore|Protect|p2a: Accelerated Gore\n|-singleturn|p2a: Accelerated Gore|Protect\n|move|p2b: Volt Corona|Flamethrower|p1b: Bearminator\n|-damage|p1b: Bearminator|0 fnt\n|faint|p1b: Bearminator\n|cant|p1a: Weird Soup|slp\n|\n|upkeep\n|c|\u2606FriedBeaver01|Fun Fact\n|c|\u2606Prankbox454|comeback???\n|c|\u2606Prankbox454|:P\n|c|\u2606FriedBeaver01|Ursaluna also has Moonlight\n|c|\u2606FriedBeaver01|so in case it ever gets too low and there\u2019s no Sinistcha\n|c|\u2606Prankbox454|Yea i remember giving it to one of my Gym Leader Gauntlet teams\n|c|\u2606FriedBeaver01|it can just heal himself back up on his own\n|c|\u2606Prankbox454|(Remember that?)\n|c|\u2606FriedBeaver01|oh yeah I do\n|c|\u2606FriedBeaver01|wanna try that later?\n|c|\u2606Prankbox454|Sure\n|\n|t:|1698005693\n|switch|p1b: Cloud Man|Tornadus, M, shiny|100\/100\n|turn|10\n|c|\u2606Prankbox454|Maybe not after this\n|c|\u2606Prankbox454|But tomorrow sure\n|inactive|Battle timer is ON: inactive players will automatically lose when time's up. (requested by FriedBeaver01)\n|\n|t:|1698005727\n|cant|p1a: Weird Soup|slp\n|move|p2b: Volt Corona|Flamethrower|p1b: Cloud Man\n|-enditem|p1b: Cloud Man|Focus Sash\n|-damage|p1b: Cloud Man|1\/100\n|move|p2a: Accelerated Gore|Encore||[still]\n|-fail|p2a: Accelerated Gore\n|move|p1b: Cloud Man|Bleakwind Storm|p2b: Volt Corona|[spread] p2a,p2b\n|-supereffective|p2a: Accelerated Gore\n|-supereffective|p2b: Volt Corona\n|-damage|p2a: Accelerated Gore|0 fnt\n|-damage|p2b: Volt Corona|0 fnt\n|faint|p2a: Accelerated Gore\n|faint|p2b: Volt Corona\n|\n|win|FriedBeaver01\n|c|\u2606Prankbox454|NOOOOO\n|c|\u2606FriedBeaver01|gg\n|c|\u2606Prankbox454|If i u turned\n|c|\u2606Prankbox454|broooo i threw\n","uploadtime":1698005751,"views":17,"p1id":"friedbeaver01","p2id":"prankbox454","formatid":"gen9nationaldexdoubles","rating":0,"private":0,"password":""}