{"id":"gen9nationaldexdoubles-1992301844","p1":"NPC At Home","p2":"EatFoods","format":"[Gen 9] National Dex Doubles","log":"|j|\u2606NPC At Home\n|j|\u2606EatFoods\n|t:|1700172517\n|gametype|doubles\n|player|p1|NPC At Home|piers|1434\n|player|p2|EatFoods|rika|1531\n|teamsize|p1|6\n|teamsize|p2|6\n|gen|9\n|tier|[Gen 9] National Dex Doubles\n|rated|\n|rule|HP Percentage Mod: HP is shown in percentages\n|rule|Endless Battle Clause: Forcing endless battles is banned\n|rule|OHKO Clause: OHKO moves are banned\n|rule|Evasion Moves Clause: Evasion moves are banned\n|rule|Evasion Abilities Clause: Evasion abilities are banned\n|rule|Species Clause: Limit one of each Pok\u00e9mon\n|rule|Gravity Sleep Clause: The combination of sleep-inducing moves with imperfect accuracy and Gravity or Gigantamax Orbeetle are banned\n|clearpoke\n|poke|p1|Tapu Lele|\n|poke|p1|Stakataka|\n|poke|p1|Gardevoir, F|\n|poke|p1|Incineroar, F|\n|poke|p1|Urshifu-*, M|\n|poke|p1|Necrozma|\n|poke|p2|Rillaboom, F|\n|poke|p2|Tapu Fini|\n|poke|p2|Stakataka|\n|poke|p2|Zamazenta-*|\n|poke|p2|Salamence, M|\n|poke|p2|Chi-Yu|\n|teampreview\n|inactive|Battle timer is ON: inactive players will automatically lose when time's up. (requested by EatFoods)\n|inactive|NPC At Home also wants the timer to be on.\n|c|\u2606NPC At Home|Glhf\n|c|\u2606EatFoods|u2\n|inactive|NPC At Home has 120 seconds left.\n|inactive|EatFoods has 120 seconds left.\n|\n|t:|1700172560\n|start\n|switch|p1a: Incineroar|Incineroar, F|100\/100\n|switch|p1b: Urshifu|Urshifu-Rapid-Strike, M|100\/100\n|switch|p2a: Zamazenta|Zamazenta|100\/100\n|switch|p2b: Rillaboom|Rillaboom, F|100\/100\n|-ability|p2a: Zamazenta|Dauntless Shield|boost\n|-boost|p2a: Zamazenta|def|1\n|-fieldstart|move: Grassy Terrain|[from] ability: Grassy Surge|[of] p2b: Rillaboom\n|-ability|p1a: Incineroar|Intimidate|boost\n|-unboost|p2a: Zamazenta|atk|1\n|-unboost|p2b: Rillaboom|atk|1\n|turn|1\n|\n|t:|1700172576\n|move|p2b: Rillaboom|Fake Out|p1a: Incineroar\n|-damage|p1a: Incineroar|91\/100\n|cant|p1a: Incineroar|flinch\n|move|p2a: Zamazenta|Body Press|p1a: Incineroar\n|-supereffective|p1a: Incineroar\n|-damage|p1a: Incineroar|9\/100\n|-enditem|p1a: Incineroar|Sitrus Berry|[eat]\n|-heal|p1a: Incineroar|33\/100|[from] item: Sitrus Berry\n|move|p1b: Urshifu|Surging Strikes|p2a: Zamazenta\n|-crit|p2a: Zamazenta\n|-damage|p2a: Zamazenta|81\/100\n|-crit|p2a: Zamazenta\n|-damage|p2a: Zamazenta|61\/100\n|-crit|p2a: Zamazenta\n|-damage|p2a: Zamazenta|44\/100\n|-enditem|p2a: Zamazenta|Sitrus Berry|[eat]\n|-heal|p2a: Zamazenta|69\/100|[from] item: Sitrus Berry\n|-hitcount|p2a: Zamazenta|3\n|\n|-heal|p2a: Zamazenta|75\/100|[from] Grassy Terrain\n|-heal|p1a: Incineroar|40\/100|[from] Grassy Terrain\n|upkeep\n|turn|2\n|inactive|NPC At Home has 120 seconds left.\n|inactive|EatFoods has 120 seconds left.\n|\n|t:|1700172621\n|move|p1b: Urshifu|Detect|p1b: Urshifu\n|-singleturn|p1b: Urshifu|Protect\n|move|p2b: Rillaboom|Grassy Glide|p1b: Urshifu\n|-activate|p1b: Urshifu|move: Protect\n|move|p2a: Zamazenta|Body Press|p1a: Incineroar\n|-supereffective|p1a: Incineroar\n|-damage|p1a: Incineroar|0 fnt\n|faint|p1a: Incineroar\n|\n|-heal|p2a: Zamazenta|81\/100|[from] Grassy Terrain\n|upkeep\n|\n|t:|1700172633\n|switch|p1a: Tapu Lele|Tapu Lele|100\/100\n|-fieldstart|move: Psychic Terrain|[from] ability: Psychic Surge|[of] p1a: Tapu Lele\n|turn|3\n|inactive|NPC At Home has 120 seconds left.\n|inactive|EatFoods has 120 seconds left.\n|\n|t:|1700172679\n|switch|p2a: Tapu Fini|Tapu Fini|100\/100\n|-fieldstart|move: Misty Terrain|[from] ability: Misty Surge|[of] p2a: Tapu Fini\n|move|p1a: Tapu Lele|Psychic|p2b: Rillaboom\n|-damage|p2b: Rillaboom|68\/100\n|move|p1b: Urshifu|Close Combat|p2b: Rillaboom\n|-damage|p2b: Rillaboom|10\/100\n|-unboost|p1b: Urshifu|def|1\n|-unboost|p1b: Urshifu|spd|1\n|move|p2b: Rillaboom|Wood Hammer|p1b: Urshifu\n|-supereffective|p1b: Urshifu\n|-damage|p1b: Urshifu|0 fnt\n|faint|p1b: Urshifu\n|-damage|p2b: Rillaboom|0 fnt|[from] Recoil\n|faint|p2b: Rillaboom\n|\n|upkeep\n|inactive|NPC At Home has 120 seconds left.\n|\n|t:|1700172697\n|switch|p1b: Stakataka|Stakataka|100\/100\n|switch|p2b: Stakataka|Stakataka|100\/100\n|turn|4\n|\n|t:|1700172712\n|switch|p1a: Necrozma|Necrozma|100\/100\n|-terastallize|p2b: Stakataka|Ghost\n|move|p2a: Tapu Fini|Muddy Water|p1a: Necrozma|[spread] p1a,p1b\n|-supereffective|p1b: Stakataka\n|-damage|p1a: Necrozma|74\/100\n|-damage|p1b: Stakataka|45\/100\n|-unboost|p1a: Necrozma|accuracy|1\n|move|p1b: Stakataka|Body Press|p2b: Stakataka\n|-immune|p2b: Stakataka\n|move|p2b: Stakataka|Gyro Ball|p1b: Stakataka\n|-damage|p1b: Stakataka|36\/100\n|\n|upkeep\n|turn|5\n|inactive|NPC At Home has 120 seconds left.\n|\n|t:|1700172751\n|move|p1a: Necrozma|Meteor Beam||[still]\n|-prepare|p1a: Necrozma|Meteor Beam\n|-boost|p1a: Necrozma|spa|1\n|-enditem|p1a: Necrozma|Power Herb\n|-anim|p1a: Necrozma|Meteor Beam|p2b: Stakataka\n|-damage|p2b: Stakataka|40\/100\n|move|p2a: Tapu Fini|Muddy Water|p1b: Stakataka|[spread] p1a,p1b\n|-supereffective|p1b: Stakataka\n|-damage|p1a: Necrozma|45\/100\n|-damage|p1b: Stakataka|0 fnt\n|faint|p1b: Stakataka\n|move|p2b: Stakataka|Gyro Ball|p1a: Necrozma\n|-damage|p1a: Necrozma|0 fnt\n|faint|p1a: Necrozma\n|-ability|p2b: Stakataka|Beast Boost|boost\n|-boost|p2b: Stakataka|atk|1\n|\n|upkeep\n|\n|t:|1700172763\n|switch|p1a: Gardevoir|Gardevoir, F|100\/100\n|switch|p1b: Tapu Lele|Tapu Lele|100\/100\n|-fieldstart|move: Psychic Terrain|[from] ability: Psychic Surge|[of] p1b: Tapu Lele\n|-fieldstart|move: Misty Terrain|[from] ability: Misty Surge|[of] p1a: Gardevoir\n|-ability|p1a: Gardevoir|Misty Surge|[from] ability: Trace|[of] p2a: Tapu Fini\n|turn|6\n|inactive|NPC At Home has 120 seconds left.\n|\n|t:|1700172798\n|detailschange|p1a: Gardevoir|Gardevoir-Mega, F\n|-mega|p1a: Gardevoir|Gardevoir|Gardevoirite\n|move|p2b: Stakataka|Protect|p2b: Stakataka\n|-singleturn|p2b: Stakataka|Protect\n|move|p1b: Tapu Lele|Psychic|p2b: Stakataka\n|-activate|p2b: Stakataka|move: Protect\n|move|p2a: Tapu Fini|Muddy Water|p1b: Tapu Lele|[spread] p1a,p1b\n|-damage|p1a: Gardevoir|83\/100\n|-damage|p1b: Tapu Lele|79\/100\n|move|p1a: Gardevoir|Hyper Voice|p2b: Stakataka|[spread] p2a\n|-activate|p2b: Stakataka|move: Protect\n|-damage|p2a: Tapu Fini|62\/100\n|\n|-heal|p2a: Tapu Fini|68\/100|[from] item: Leftovers\n|upkeep\n|turn|7\n|inactive|NPC At Home has 120 seconds left.\n|inactive|EatFoods has 120 seconds left.\n|\n|t:|1700172832\n|move|p1b: Tapu Lele|Psychic|p2b: Stakataka\n|-crit|p2b: Stakataka\n|-damage|p2b: Stakataka|0 fnt\n|faint|p2b: Stakataka\n|move|p2a: Tapu Fini|Muddy Water|p1a: Gardevoir|[spread] p1a,p1b\n|-damage|p1a: Gardevoir|62\/100\n|-damage|p1b: Tapu Lele|58\/100\n|move|p1a: Gardevoir|Hyper Voice|p2a: Tapu Fini\n|-damage|p2a: Tapu Fini|12\/100\n|\n|-heal|p2a: Tapu Fini|18\/100|[from] item: Leftovers\n|upkeep\n|inactive|EatFoods has 120 seconds left.\n|\n|t:|1700172843\n|switch|p2b: Chi-Yu|Chi-Yu|100\/100\n|-ability|p2b: Chi-Yu|Beads of Ruin\n|turn|8\n|inactive|NPC At Home has 120 seconds left.\n|j| S1r.sweepsaLot\n|\n|t:|1700172857\n|move|p2b: Chi-Yu|Heat Wave|p1a: Gardevoir|[spread] p1b\n|-miss|p2b: Chi-Yu|p1a: Gardevoir\n|-damage|p1b: Tapu Lele|10\/100\n|-enditem|p1b: Tapu Lele|Sitrus Berry|[eat]\n|-heal|p1b: Tapu Lele|35\/100|[from] item: Sitrus Berry\n|move|p1b: Tapu Lele|Moonblast|p2b: Chi-Yu\n|-damage|p2b: Chi-Yu|46\/100\n|-unboost|p2b: Chi-Yu|spa|1\n|move|p2a: Tapu Fini|Muddy Water|p1a: Gardevoir|[spread] p1a,p1b\n|-damage|p1a: Gardevoir|35\/100\n|-damage|p1b: Tapu Lele|4\/100\n|-unboost|p1b: Tapu Lele|accuracy|1\n|move|p1a: Gardevoir|Trick Room|p1a: Gardevoir\n|-fieldstart|move: Trick Room|[of] p1a: Gardevoir\n|\n|-heal|p2a: Tapu Fini|24\/100|[from] item: Leftovers\n|upkeep\n|turn|9\n|\n|t:|1700172874\n|move|p2b: Chi-Yu|Protect|p2b: Chi-Yu\n|-singleturn|p2b: Chi-Yu|Protect\n|move|p1a: Gardevoir|Hyper Voice|p2a: Tapu Fini|[spread] p2a\n|-activate|p2b: Chi-Yu|move: Protect\n|-damage|p2a: Tapu Fini|0 fnt\n|faint|p2a: Tapu Fini\n|move|p1b: Tapu Lele|Moonblast|p2b: Chi-Yu\n|-activate|p2b: Chi-Yu|move: Protect\n|\n|upkeep\n|\n|t:|1700172883\n|switch|p2a: Salamence|Salamence, M|100\/100\n|-ability|p2a: Salamence|Intimidate|boost\n|-unboost|p1a: Gardevoir|atk|1\n|-unboost|p1b: Tapu Lele|atk|1\n|turn|10\n|\n|t:|1700172893\n|switch|p2b: Zamazenta|Zamazenta|81\/100\n|detailschange|p2a: Salamence|Salamence-Mega, M\n|-mega|p2a: Salamence|Salamence|Salamencite\n|move|p1a: Gardevoir|Hyper Voice|p2a: Salamence|[spread] p2a,p2b\n|-supereffective|p2a: Salamence\n|-supereffective|p2b: Zamazenta\n|-damage|p2a: Salamence|0 fnt\n|-damage|p2b: Zamazenta|0 fnt\n|faint|p2a: Salamence\n|faint|p2b: Zamazenta\n|move|p1b: Tapu Lele|Moonblast|p2: Salamence|[notarget]\n|-fail|p1b: Tapu Lele\n|\n|-fieldend|Misty Terrain\n|upkeep\n|\n|t:|1700172897\n|switch|p2b: Chi-Yu|Chi-Yu|46\/100\n|-ability|p2b: Chi-Yu|Beads of Ruin\n|turn|11\n|\n|t:|1700172911\n|move|p1a: Gardevoir|Hyper Voice|p2b: Chi-Yu\n|-damage|p2b: Chi-Yu|0 fnt\n|faint|p2b: Chi-Yu\n|\n|win|NPC At Home\n|raw|NPC At Home's rating: 1434 &rarr; <strong>1458<\/strong><br \/>(+24 for winning)\n|raw|EatFoods's rating: 1501 &rarr; <strong>1477<\/strong><br \/>(-24 for losing)\n|c|\u2606NPC At Home|Ggs\n|c|\u2606EatFoods|gg\n|l|\u2606EatFoods\n","uploadtime":1700172929,"views":5,"p1id":"npcathome","p2id":"eatfoods","formatid":"gen9nationaldexdoubles","rating":1458,"private":0,"password":""}