{"id":"gen9nationaldexdoubles-1954088220","p1":"pot rocks","p2":"Drakhar_LoveSensei","format":"[Gen 9] National Dex Doubles","log":"|j|\u2606pot rocks\n|j|\u2606Drakhar_LoveSensei\n|t:|1695852501\n|gametype|doubles\n|player|p1|pot rocks|fisherman-gen4|1068\n|player|p2|Drakhar_LoveSensei|idol|1117\n|teamsize|p1|6\n|teamsize|p2|6\n|gen|9\n|tier|[Gen 9] National Dex Doubles\n|rated|\n|rule|HP Percentage Mod: HP is shown in percentages\n|rule|Endless Battle Clause: Forcing endless battles is banned\n|rule|OHKO Clause: OHKO moves are banned\n|rule|Evasion Moves Clause: Evasion moves are banned\n|rule|Evasion Abilities Clause: Evasion abilities are banned\n|rule|Species Clause: Limit one of each Pok\u00e9mon\n|rule|Gravity Sleep Clause: The combination of sleep-inducing moves with imperfect accuracy and Gravity or Gigantamax Orbeetle are banned\n|clearpoke\n|poke|p1|Ambipom, M|\n|poke|p1|Heliolisk, F|\n|poke|p1|Absol, M|\n|poke|p1|Primeape, F|\n|poke|p1|Pidove, F|\n|poke|p1|Vaporeon, F|\n|poke|p2|Vikavolt, M|\n|poke|p2|Sableye, M|\n|poke|p2|Zweilous, M|\n|poke|p2|Chandelure, M|\n|poke|p2|Articuno-Galar|\n|poke|p2|Clefairy, M|\n|teampreview\n|inactive|Battle timer is ON: inactive players will automatically lose when time's up. (requested by pot rocks)\n|\n|t:|1695852509\n|start\n|switch|p1a: Ambipom|Ambipom, M|100\/100\n|switch|p1b: Absol|Absol, M|100\/100\n|switch|p2a: Sableye|Sableye, M, shiny|100\/100\n|switch|p2b: Zweilous|Zweilous, M, shiny|100\/100\n|turn|1\n|\n|t:|1695852520\n|move|p2b: Zweilous|Protect|p2b: Zweilous\n|-singleturn|p2b: Zweilous|Protect\n|move|p1a: Ambipom|Fake Out|p2b: Zweilous\n|-activate|p2b: Zweilous|move: Protect\n|move|p2a: Sableye|Gravity|p2a: Sableye\n|-fieldstart|move: Gravity\n|move|p1b: Absol|Night Slash|p2a: Sableye\n|-crit|p2a: Sableye\n|-damage|p2a: Sableye|17\/100\n|-enditem|p2a: Sableye|Salac Berry|[eat]\n|-boost|p2a: Sableye|spe|1|[from] item: Salac Berry\n|\n|upkeep\n|turn|2\n|\n|t:|1695852540\n|switch|p1a: Vaporeon|Vaporeon, F|100\/100\n|move|p2a: Sableye|Knock Off|p1a: Vaporeon\n|-damage|p1a: Vaporeon|69\/100\n|-enditem|p1a: Vaporeon|Leftovers|[from] move: Knock Off|[of] p2a: Sableye\n|move|p1b: Absol|Night Slash|p2a: Sableye\n|-crit|p2a: Sableye\n|-damage|p2a: Sableye|0 fnt\n|faint|p2a: Sableye\n|move|p2b: Zweilous|Dragon Rush|p1b: Absol\n|-damage|p1b: Absol|0 fnt\n|faint|p1b: Absol\n|\n|upkeep\n|\n|t:|1695852550\n|switch|p1b: Heliolisk|Heliolisk, F|100\/100\n|switch|p2a: Clefairy|Clefairy, M, shiny|100\/100\n|turn|3\n|\n|t:|1695852564\n|move|p2a: Clefairy|Follow Me|p2a: Clefairy\n|-singleturn|p2a: Clefairy|move: Follow Me\n|move|p1b: Heliolisk|Surf|p2b: Zweilous|[spread] p2a,p2b\n|-heal|p1a: Vaporeon|94\/100|[from] ability: Water Absorb|[of] p1b: Heliolisk\n|-resisted|p2b: Zweilous\n|-damage|p2a: Clefairy|83\/100\n|-damage|p2b: Zweilous|89\/100\n|move|p1a: Vaporeon|Ice Beam|p2a: Clefairy\n|-damage|p2a: Clefairy|55\/100\n|move|p2b: Zweilous|Dragon Rush|p1a: Vaporeon\n|-damage|p1a: Vaporeon|21\/100\n|\n|upkeep\n|turn|4\n|\n|t:|1695852578\n|-terastallize|p2b: Zweilous|Dragon\n|move|p2a: Clefairy|Ally Switch|p2a: Clefairy\n|swap|p2a: Clefairy|1|[from] move: Ally Switch\n|move|p1b: Heliolisk|Surf|p2a: Zweilous|[spread] p2a,p2b\n|-heal|p1a: Vaporeon|46\/100|[from] ability: Water Absorb|[of] p1b: Heliolisk\n|-resisted|p2a: Zweilous\n|-damage|p2a: Zweilous|77\/100\n|-damage|p2b: Clefairy|37\/100\n|move|p1a: Vaporeon|Surf|p2b: Clefairy|[spread] p2a,p2b\n|-immune|p1b: Heliolisk|[from] ability: Dry Skin\n|-resisted|p2a: Zweilous\n|-damage|p2a: Zweilous|60\/100\n|-damage|p2b: Clefairy|7\/100\n|move|p2a: Zweilous|Dragon Rush|p1a: Vaporeon\n|-damage|p1a: Vaporeon|0 fnt\n|faint|p1a: Vaporeon\n|\n|upkeep\n|\n|t:|1695852594\n|switch|p1a: Ambipom|Ambipom, M|100\/100\n|turn|5\n|\n|t:|1695852601\n|switch|p2b: Chandelure|Chandelure, M, shiny|100\/100\n|move|p2a: Zweilous|Protect|p2a: Zweilous\n|-singleturn|p2a: Zweilous|Protect\n|move|p1a: Ambipom|Fake Out|p2b: Chandelure\n|-immune|p2b: Chandelure\n|move|p1b: Heliolisk|Hyper Voice|p2a: Zweilous|[spread] \n|-activate|p2a: Zweilous|move: Protect\n|-immune|p2b: Chandelure\n|\n|-fieldend|move: Gravity\n|upkeep\n|turn|6\n|\n|t:|1695852609\n|switch|p2b: Articuno|Articuno-Galar, shiny|100\/100\n|switch|p2a: Clefairy|Clefairy, M, shiny|7\/100\n|move|p1a: Ambipom|Smack Down|p2b: Articuno\n|-supereffective|p2b: Articuno\n|-damage|p2b: Articuno|38\/100\n|-start|p2b: Articuno|Smack Down\n|move|p1b: Heliolisk|Hyper Voice|p2b: Articuno|[spread] p2a,p2b\n|-damage|p2a: Clefairy|0 fnt\n|-damage|p2b: Articuno|0 fnt\n|faint|p2a: Clefairy\n|faint|p2b: Articuno\n|\n|upkeep\n|\n|t:|1695852613\n|switch|p2b: Chandelure|Chandelure, M, shiny|100\/100\n|switch|p2a: Vikavolt|Vikavolt, M, shiny|100\/100\n|turn|7\n|\n|t:|1695852633\n|move|p2b: Chandelure|Protect|p2b: Chandelure\n|-singleturn|p2b: Chandelure|Protect\n|move|p1a: Ambipom|Smack Down|p2b: Chandelure\n|-activate|p2b: Chandelure|move: Protect\n|move|p1b: Heliolisk|Hyper Voice|p2a: Vikavolt|[spread] p2a\n|-activate|p2b: Chandelure|move: Protect\n|-damage|p2a: Vikavolt|53\/100\n|move|p2a: Vikavolt|Air Slash|p1a: Ambipom\n|-damage|p1a: Ambipom|54\/100\n|\n|upkeep\n|turn|8\n|\n|t:|1695852650\n|move|p1a: Ambipom|Smack Down|p2b: Chandelure\n|-supereffective|p2b: Chandelure\n|-crit|p2b: Chandelure\n|-damage|p2b: Chandelure|0 fnt\n|faint|p2b: Chandelure\n|move|p1b: Heliolisk|Hyper Voice|p2a: Vikavolt\n|-damage|p2a: Vikavolt|0 fnt\n|faint|p2a: Vikavolt\n|\n|upkeep\n|c|\u2606Drakhar_LoveSensei|oh come on\n|-message|Drakhar_LoveSensei forfeited.\n|\n|win|pot rocks\n|raw|pot rocks's rating: 1068 &rarr; <strong>1102<\/strong><br \/>(+34 for winning)\n|raw|Drakhar_LoveSensei's rating: 1117 &rarr; <strong>1088<\/strong><br \/>(-29 for losing)\n|l|\u2606Drakhar_LoveSensei\n","uploadtime":1695852673,"views":4,"p1id":"potrocks","p2id":"drakharlovesensei","formatid":"gen9nationaldexdoubles","rating":1088,"private":0,"password":""}