{"id":"gen9nationaldexdoubles-1955845917","p1":"extringer","p2":"Champion's Melody","format":"[Gen 9] National Dex Doubles","log":"|j|\u2606extringer\n|j|\u2606Champion's Melody\n|t:|1696034252\n|gametype|doubles\n|player|p1|extringer|backpacker|1173\n|player|p2|Champion's Melody|skyla|1138\n|teamsize|p1|6\n|teamsize|p2|6\n|gen|9\n|tier|[Gen 9] National Dex Doubles\n|rated|\n|rule|HP Percentage Mod: HP is shown in percentages\n|rule|Endless Battle Clause: Forcing endless battles is banned\n|rule|OHKO Clause: OHKO moves are banned\n|rule|Evasion Moves Clause: Evasion moves are banned\n|rule|Evasion Abilities Clause: Evasion abilities are banned\n|rule|Species Clause: Limit one of each Pok\u00e9mon\n|rule|Gravity Sleep Clause: The combination of sleep-inducing moves with imperfect accuracy and Gravity or Gigantamax Orbeetle are banned\n|clearpoke\n|poke|p1|Lycanroc, M|\n|poke|p1|Toxtricity-Low-Key, M|\n|poke|p1|Ampharos, M|\n|poke|p1|Grumpig, F|\n|poke|p1|Kommo-o, F|\n|poke|p1|Chandelure, F|\n|poke|p2|Fezandipiti, M|\n|poke|p2|Basculegion, M|\n|poke|p2|Torterra, F|\n|poke|p2|Empoleon, F|\n|poke|p2|Ditto|\n|poke|p2|Kleavor, M|\n|teampreview\n|\n|t:|1696034257\n|start\n|switch|p1a: Toxtricity|Toxtricity-Low-Key, M|100\/100\n|switch|p1b: Ampharos|Ampharos, M|100\/100\n|switch|p2a: Fezandipiti|Fezandipiti, M|100\/100\n|switch|p2b: Empoleon|Empoleon, F|100\/100\n|turn|1\n|inactive|Battle timer is ON: inactive players will automatically lose when time's up. (requested by extringer)\n|inactive|Champion's Melody has 120 seconds left.\n|\n|t:|1696034310\n|move|p2a: Fezandipiti|Icy Wind|p1a: Toxtricity|[spread] p1a,p1b\n|-damage|p1a: Toxtricity|86\/100\n|-damage|p1b: Ampharos|91\/100\n|-unboost|p1a: Toxtricity|spe|1\n|-unboost|p1b: Ampharos|spe|1\n|-status|p1b: Ampharos|tox|[from] ability: Toxic Chain|[of] p2a: Fezandipiti\n|-enditem|p1b: Ampharos|Lum Berry|[eat]\n|-curestatus|p1b: Ampharos|tox|[msg]\n|move|p2b: Empoleon|Hydro Pump|p1a: Toxtricity\n|-damage|p1a: Toxtricity|0 fnt\n|faint|p1a: Toxtricity\n|move|p1b: Ampharos|Magnetic Flux|p1b: Ampharos\n|-boost|p1b: Ampharos|def|1\n|-boost|p1b: Ampharos|spd|1\n|\n|upkeep\n|\n|t:|1696034325\n|switch|p1a: Lycanroc|Lycanroc, M|100\/100\n|turn|2\n|\n|t:|1696034337\n|move|p2a: Fezandipiti|Icy Wind|p1a: Lycanroc|[spread] p1a,p1b\n|-damage|p1a: Lycanroc|84\/100\n|-damage|p1b: Ampharos|85\/100\n|-unboost|p1a: Lycanroc|spe|1\n|-unboost|p1b: Ampharos|spe|1\n|-status|p1a: Lycanroc|tox|[from] ability: Toxic Chain|[of] p2a: Fezandipiti\n|move|p1a: Lycanroc|Swords Dance|p1a: Lycanroc\n|-boost|p1a: Lycanroc|atk|2\n|move|p2b: Empoleon|Hydro Pump|p1a: Lycanroc\n|-supereffective|p1a: Lycanroc\n|-damage|p1a: Lycanroc|0 fnt\n|faint|p1a: Lycanroc\n|move|p1b: Ampharos|Thunderbolt|p2b: Empoleon\n|-supereffective|p2b: Empoleon\n|-damage|p2b: Empoleon|7\/100\n|\n|upkeep\n|\n|t:|1696034352\n|switch|p1a: Chandelure|Chandelure, F|100\/100\n|turn|3\n|\n|t:|1696034362\n|move|p2a: Fezandipiti|Dazzling Gleam|p1b: Ampharos|[spread] p1a,p1b\n|-resisted|p1a: Chandelure\n|-damage|p1a: Chandelure|88\/100\n|-damage|p1b: Ampharos|72\/100\n|move|p1a: Chandelure|Heat Wave|p2b: Empoleon|[spread] p2a,p2b\n|-damage|p2a: Fezandipiti|67\/100\n|-damage|p2b: Empoleon|0 fnt\n|-status|p2a: Fezandipiti|brn\n|faint|p2b: Empoleon\n|move|p1b: Ampharos|Dazzling Gleam|p2a: Fezandipiti\n|-resisted|p2a: Fezandipiti\n|-damage|p2a: Fezandipiti|55\/100 brn\n|\n|-damage|p2a: Fezandipiti|49\/100 brn|[from] brn\n|upkeep\n|\n|t:|1696034376\n|switch|p2b: Torterra|Torterra, F|100\/100\n|turn|4\n|\n|t:|1696034395\n|move|p2a: Fezandipiti|Icy Wind|p1a: Chandelure|[spread] p1a\n|-miss|p2a: Fezandipiti|p1b: Ampharos\n|-resisted|p1a: Chandelure\n|-crit|p1a: Chandelure\n|-damage|p1a: Chandelure|80\/100\n|-unboost|p1a: Chandelure|spe|1\n|move|p2b: Torterra|Shell Smash|p2b: Torterra\n|-unboost|p2b: Torterra|def|1\n|-unboost|p2b: Torterra|spd|1\n|-boost|p2b: Torterra|atk|2\n|-boost|p2b: Torterra|spa|2\n|-boost|p2b: Torterra|spe|2\n|-enditem|p2b: Torterra|White Herb\n|-clearnegativeboost|p2b: Torterra|[silent]\n|-zpower|p1a: Chandelure\n|move|p1a: Chandelure|Never-Ending Nightmare|p2b: Torterra|[zeffect]\n|-damage|p2b: Torterra|0 fnt\n|faint|p2b: Torterra\n|move|p1b: Ampharos|Dazzling Gleam|p2a: Fezandipiti\n|-resisted|p2a: Fezandipiti\n|-damage|p2a: Fezandipiti|36\/100 brn\n|\n|-damage|p2a: Fezandipiti|30\/100 brn|[from] brn\n|upkeep\n|\n|t:|1696034419\n|switch|p2b: Kleavor|Kleavor, M|100\/100\n|turn|5\n|\n|t:|1696034431\n|switch|p1a: Grumpig|Grumpig, F|100\/100\n|move|p2a: Fezandipiti|Icy Wind|p1a: Grumpig|[spread] p1a,p1b\n|-damage|p1a: Grumpig|92\/100\n|-damage|p1b: Ampharos|66\/100\n|-unboost|p1a: Grumpig|spe|1\n|-unboost|p1b: Ampharos|spe|1\n|move|p2b: Kleavor|Stone Axe|p1a: Grumpig\n|-damage|p1a: Grumpig|36\/100\n|-sidestart|p1: extringer|move: Stealth Rock\n|-enditem|p1a: Grumpig|Aguav Berry|[eat]\n|-heal|p1a: Grumpig|69\/100|[from] item: Aguav Berry\n|move|p1b: Ampharos|Thunderbolt|p2b: Kleavor\n|-damage|p2b: Kleavor|21\/100\n|\n|-damage|p2a: Fezandipiti|24\/100 brn|[from] brn\n|upkeep\n|turn|6\n|\n|t:|1696034459\n|move|p2a: Fezandipiti|Dazzling Gleam|p1b: Ampharos|[spread] p1a,p1b\n|-damage|p1a: Grumpig|49\/100\n|-damage|p1b: Ampharos|51\/100\n|-status|p1a: Grumpig|tox|[from] ability: Toxic Chain|[of] p2a: Fezandipiti\n|move|p2b: Kleavor|Lunge|p1a: Grumpig\n|-supereffective|p1a: Grumpig\n|-damage|p1a: Grumpig|0 fnt\n|faint|p1a: Grumpig\n|move|p1b: Ampharos|Dazzling Gleam|p2b: Kleavor|[spread] p2a,p2b\n|-resisted|p2a: Fezandipiti\n|-damage|p2a: Fezandipiti|14\/100 brn\n|-damage|p2b: Kleavor|0 fnt\n|faint|p2b: Kleavor\n|\n|-damage|p2a: Fezandipiti|8\/100 brn|[from] brn\n|upkeep\n|\n|t:|1696034476\n|switch|p2b: Ditto|Ditto|100\/100\n|switch|p1a: Chandelure|Chandelure, F|80\/100\n|-damage|p1a: Chandelure|55\/100|[from] Stealth Rock\n|-transform|p2b: Ditto|p1a: Chandelure|[from] ability: Imposter\n|turn|7\n|\n|t:|1696034490\n|move|p2b: Ditto|Shadow Ball|p1a: Chandelure\n|-supereffective|p1a: Chandelure\n|-damage|p1a: Chandelure|0 fnt\n|faint|p1a: Chandelure\n|move|p2a: Fezandipiti|Icy Wind|p1b: Ampharos\n|-damage|p1b: Ampharos|42\/100\n|-unboost|p1b: Ampharos|spe|1\n|-status|p1b: Ampharos|tox|[from] ability: Toxic Chain|[of] p2a: Fezandipiti\n|move|p1b: Ampharos|Thunderbolt|p2b: Ditto\n|-damage|p2b: Ditto|44\/100\n|\n|-damage|p1b: Ampharos|36\/100 tox|[from] psn\n|-damage|p2a: Fezandipiti|2\/100 brn|[from] brn\n|upkeep\n|\n|t:|1696034503\n|switch|p1a: Kommo-o|Kommo-o, F|100\/100\n|-damage|p1a: Kommo-o|94\/100|[from] Stealth Rock\n|turn|8\n|\n|t:|1696034518\n|move|p2b: Ditto|Shadow Ball|p1a: Kommo-o\n|-damage|p1a: Kommo-o|49\/100\n|-enditem|p1a: Kommo-o|Sitrus Berry|[eat]\n|-heal|p1a: Kommo-o|73\/100|[from] item: Sitrus Berry\n|move|p2a: Fezandipiti|Hex|p1b: Ampharos\n|-crit|p1b: Ampharos\n|-damage|p1b: Ampharos|0 fnt\n|faint|p1b: Ampharos\n|move|p1a: Kommo-o|Clangorous Soul|p1a: Kommo-o\n|-boost|p1a: Kommo-o|atk|1\n|-boost|p1a: Kommo-o|def|1\n|-boost|p1a: Kommo-o|spa|1\n|-boost|p1a: Kommo-o|spd|1\n|-boost|p1a: Kommo-o|spe|1\n|-damage|p1a: Kommo-o|40\/100\n|\n|-damage|p2a: Fezandipiti|0 fnt|[from] brn\n|faint|p2a: Fezandipiti\n|upkeep\n|\n|t:|1696034536\n|switch|p2a: Basculegion|Basculegion, M|100\/100\n|turn|9\n|\n|t:|1696034547\n|move|p2a: Basculegion|Last Respects|p1a: Kommo-o\n|-damage|p1a: Kommo-o|0 fnt\n|faint|p1a: Kommo-o\n|\n|win|Champion's Melody\n|raw|extringer's rating: 1173 &rarr; <strong>1145<\/strong><br \/>(-28 for losing)\n|raw|Champion&apos;s Melody's rating: 1138 &rarr; <strong>1166<\/strong><br \/>(+28 for winning)\n|c|\u2606extringer|gg\n","uploadtime":1696034555,"views":7,"p1id":"extringer","p2id":"championsmelody","formatid":"gen9nationaldexdoubles","rating":1145,"private":0,"password":""}