{"id":"gen9nationaldexdoubles-1997845621","p1":"yaya_x3","p2":"christianfinity","format":"[Gen 9] National Dex Doubles","log":"|j|\u2606yaya_x3\n|j|\u2606christianfinity\n|t:|1700859046\n|gametype|doubles\n|player|p1|yaya_x3|furisodegirl-white|1387\n|player|p2|christianfinity|youngathlete|1583\n|teamsize|p1|6\n|teamsize|p2|6\n|gen|9\n|tier|[Gen 9] National Dex Doubles\n|rated|\n|rule|HP Percentage Mod: HP is shown in percentages\n|rule|Endless Battle Clause: Forcing endless battles is banned\n|rule|OHKO Clause: OHKO moves are banned\n|rule|Evasion Moves Clause: Evasion moves are banned\n|rule|Evasion Abilities Clause: Evasion abilities are banned\n|rule|Species Clause: Limit one of each Pok\u00e9mon\n|rule|Gravity Sleep Clause: The combination of sleep-inducing moves with imperfect accuracy and Gravity or Gigantamax Orbeetle are banned\n|clearpoke\n|poke|p1|Marshadow|\n|poke|p1|Rillaboom, F|\n|poke|p1|Chien-Pao|\n|poke|p1|Zamazenta-*|\n|poke|p1|Zygarde|\n|poke|p1|Whimsicott, F|\n|poke|p2|Kingambit, M|\n|poke|p2|Farigiraf, M|\n|poke|p2|Blaziken, F|\n|poke|p2|Landorus-Therian, M|\n|poke|p2|Ogerpon-Wellspring, F|\n|poke|p2|Zapdos|\n|teampreview\n|\n|t:|1700859088\n|start\n|switch|p1a: \u2b50 Twinkle \u2b50|Whimsicott, F, shiny|100\/100\n|switch|p1b: \ud835\udc03\ud835\udc28\ud835\udc20\ud835\udc1e \ud835\udde3\ud835\uddfc\ud835\ude04 !|Chien-Pao|100\/100\n|switch|p2a: Life Is Roblox|Farigiraf, M, shiny|100\/100\n|switch|p2b: Foto Beautiful :3|Landorus-Therian, M|100\/100\n|-ability|p2b: Foto Beautiful :3|Intimidate|boost\n|-unboost|p1a: \u2b50 Twinkle \u2b50|atk|1\n|-unboost|p1b: \ud835\udc03\ud835\udc28\ud835\udc20\ud835\udc1e \ud835\udde3\ud835\uddfc\ud835\ude04 !|atk|1\n|-ability|p1b: \ud835\udc03\ud835\udc28\ud835\udc20\ud835\udc1e \ud835\udde3\ud835\uddfc\ud835\ude04 !|Sword of Ruin\n|turn|1\n|\n|t:|1700859125\n|switch|p1a: (\ud835\ude7c\ud835\ude8e\ud835\ude90\ud835\ude8a) \u2022 Arbok|Zygarde, shiny|100\/100\n|-ability|p1a: (\ud835\ude7c\ud835\ude8e\ud835\ude90\ud835\ude8a) \u2022 Arbok|Aura Break\n|move|p2b: Foto Beautiful :3|U-turn|p1b: \ud835\udc03\ud835\udc28\ud835\udc20\ud835\udc1e \ud835\udde3\ud835\uddfc\ud835\ude04 !\n|-supereffective|p1b: \ud835\udc03\ud835\udc28\ud835\udc20\ud835\udc1e \ud835\udde3\ud835\uddfc\ud835\ude04 !\n|-damage|p1b: \ud835\udc03\ud835\udc28\ud835\udc20\ud835\udc1e \ud835\udde3\ud835\uddfc\ud835\ude04 !|45\/100\n|\n|t:|1700859137\n|switch|p2b: Vacuole|Ogerpon-Wellspring, F|100\/100|[from] U-turn\n|move|p1b: \ud835\udc03\ud835\udc28\ud835\udc20\ud835\udc1e \ud835\udde3\ud835\uddfc\ud835\ude04 !|Ice Spinner|p2b: Vacuole\n|-damage|p2b: Vacuole|61\/100\n|move|p2a: Life Is Roblox|Dazzling Gleam|p1b: \ud835\udc03\ud835\udc28\ud835\udc20\ud835\udc1e \ud835\udde3\ud835\uddfc\ud835\ude04 !|[spread] p1a,p1b\n|-supereffective|p1a: (\ud835\ude7c\ud835\ude8e\ud835\ude90\ud835\ude8a) \u2022 Arbok\n|-supereffective|p1b: \ud835\udc03\ud835\udc28\ud835\udc20\ud835\udc1e \ud835\udde3\ud835\uddfc\ud835\ude04 !\n|-damage|p1a: (\ud835\ude7c\ud835\ude8e\ud835\ude90\ud835\ude8a) \u2022 Arbok|74\/100\n|-damage|p1b: \ud835\udc03\ud835\udc28\ud835\udc20\ud835\udc1e \ud835\udde3\ud835\uddfc\ud835\ude04 !|0 fnt\n|faint|p1b: \ud835\udc03\ud835\udc28\ud835\udc20\ud835\udc1e \ud835\udde3\ud835\uddfc\ud835\ude04 !\n|\n|-heal|p1a: (\ud835\ude7c\ud835\ude8e\ud835\ude90\ud835\ude8a) \u2022 Arbok|80\/100|[from] item: Leftovers\n|upkeep\n|\n|t:|1700859160\n|switch|p1b: \ud835\udc03\ud835\udc28\ud835\udc20\ud835\udc1e \u0535\u03b1\u0572k|Zamazenta|100\/100\n|-ability|p1b: \ud835\udc03\ud835\udc28\ud835\udc20\ud835\udc1e \u0535\u03b1\u0572k|Dauntless Shield|boost\n|-boost|p1b: \ud835\udc03\ud835\udc28\ud835\udc20\ud835\udc1e \u0535\u03b1\u0572k|def|1\n|turn|2\n|\n|t:|1700859197\n|switch|p2b: Foto Beautiful :3|Landorus-Therian, M|100\/100\n|-ability|p2b: Foto Beautiful :3|Intimidate|boost\n|-unboost|p1a: (\ud835\ude7c\ud835\ude8e\ud835\ude90\ud835\ude8a) \u2022 Arbok|atk|1\n|-unboost|p1b: \ud835\udc03\ud835\udc28\ud835\udc20\ud835\udc1e \u0535\u03b1\u0572k|atk|1\n|move|p1a: (\ud835\ude7c\ud835\ude8e\ud835\ude90\ud835\ude8a) \u2022 Arbok|Protect|p1a: (\ud835\ude7c\ud835\ude8e\ud835\ude90\ud835\ude8a) \u2022 Arbok\n|-singleturn|p1a: (\ud835\ude7c\ud835\ude8e\ud835\ude90\ud835\ude8a) \u2022 Arbok|Protect\n|move|p1b: \ud835\udc03\ud835\udc28\ud835\udc20\ud835\udc1e \u0535\u03b1\u0572k|Coaching|p1a: (\ud835\ude7c\ud835\ude8e\ud835\ude90\ud835\ude8a) \u2022 Arbok\n|-boost|p1a: (\ud835\ude7c\ud835\ude8e\ud835\ude90\ud835\ude8a) \u2022 Arbok|atk|1\n|-boost|p1a: (\ud835\ude7c\ud835\ude8e\ud835\ude90\ud835\ude8a) \u2022 Arbok|def|1\n|move|p2a: Life Is Roblox|Dazzling Gleam|p1b: \ud835\udc03\ud835\udc28\ud835\udc20\ud835\udc1e \u0535\u03b1\u0572k|[spread] p1b\n|-activate|p1a: (\ud835\ude7c\ud835\ude8e\ud835\ude90\ud835\ude8a) \u2022 Arbok|move: Protect\n|-supereffective|p1b: \ud835\udc03\ud835\udc28\ud835\udc20\ud835\udc1e \u0535\u03b1\u0572k\n|-damage|p1b: \ud835\udc03\ud835\udc28\ud835\udc20\ud835\udc1e \u0535\u03b1\u0572k|75\/100\n|\n|-heal|p1a: (\ud835\ude7c\ud835\ude8e\ud835\ude90\ud835\ude8a) \u2022 Arbok|86\/100|[from] item: Leftovers\n|upkeep\n|turn|3\n|\n|t:|1700859223\n|move|p2b: Foto Beautiful :3|Hidden Power|p1a: (\ud835\ude7c\ud835\ude8e\ud835\ude90\ud835\ude8a) \u2022 Arbok\n|-supereffective|p1a: (\ud835\ude7c\ud835\ude8e\ud835\ude90\ud835\ude8a) \u2022 Arbok\n|-damage|p1a: (\ud835\ude7c\ud835\ude8e\ud835\ude90\ud835\ude8a) \u2022 Arbok|20\/100\n|move|p1b: \ud835\udc03\ud835\udc28\ud835\udc20\ud835\udc1e \u0535\u03b1\u0572k|Coaching|p1a: (\ud835\ude7c\ud835\ude8e\ud835\ude90\ud835\ude8a) \u2022 Arbok\n|-boost|p1a: (\ud835\ude7c\ud835\ude8e\ud835\ude90\ud835\ude8a) \u2022 Arbok|atk|1\n|-boost|p1a: (\ud835\ude7c\ud835\ude8e\ud835\ude90\ud835\ude8a) \u2022 Arbok|def|1\n|move|p1a: (\ud835\ude7c\ud835\ude8e\ud835\ude90\ud835\ude8a) \u2022 Arbok|Thousand Arrows|p2a: Life Is Roblox|[spread] p2a,p2b\n|-damage|p2a: Life Is Roblox|57\/100\n|-damage|p2b: Foto Beautiful :3|45\/100\n|-start|p2b: Foto Beautiful :3|Smack Down\n|move|p2a: Life Is Roblox|Dazzling Gleam|p1b: \ud835\udc03\ud835\udc28\ud835\udc20\ud835\udc1e \u0535\u03b1\u0572k|[spread] p1a,p1b\n|-supereffective|p1a: (\ud835\ude7c\ud835\ude8e\ud835\ude90\ud835\ude8a) \u2022 Arbok\n|-supereffective|p1b: \ud835\udc03\ud835\udc28\ud835\udc20\ud835\udc1e \u0535\u03b1\u0572k\n|-damage|p1a: (\ud835\ude7c\ud835\ude8e\ud835\ude90\ud835\ude8a) \u2022 Arbok|0 fnt\n|-damage|p1b: \ud835\udc03\ud835\udc28\ud835\udc20\ud835\udc1e \u0535\u03b1\u0572k|52\/100\n|faint|p1a: (\ud835\ude7c\ud835\ude8e\ud835\ude90\ud835\ude8a) \u2022 Arbok\n|\n|upkeep\n|\n|t:|1700859246\n|switch|p1a: \uff30\uff55\uff4c\uff4c \uff35\uff30|Marshadow|100\/100\n|turn|4\n|\n|t:|1700859274\n|switch|p2b: Blazy|Blaziken, F|100\/100\n|-terastallize|p2a: Life Is Roblox|Fairy\n|move|p1b: \ud835\udc03\ud835\udc28\ud835\udc20\ud835\udc1e \u0535\u03b1\u0572k|Coaching|p1a: \uff30\uff55\uff4c\uff4c \uff35\uff30\n|-boost|p1a: \uff30\uff55\uff4c\uff4c \uff35\uff30|atk|1\n|-boost|p1a: \uff30\uff55\uff4c\uff4c \uff35\uff30|def|1\n|move|p1a: \uff30\uff55\uff4c\uff4c \uff35\uff30|Close Combat|p2a: Life Is Roblox\n|-resisted|p2a: Life Is Roblox\n|-damage|p2a: Life Is Roblox|10\/100\n|-unboost|p1a: \uff30\uff55\uff4c\uff4c \uff35\uff30|def|1\n|-unboost|p1a: \uff30\uff55\uff4c\uff4c \uff35\uff30|spd|1\n|-enditem|p2a: Life Is Roblox|Sitrus Berry|[eat]\n|-heal|p2a: Life Is Roblox|35\/100|[from] item: Sitrus Berry\n|move|p2a: Life Is Roblox|Dazzling Gleam|p1b: \ud835\udc03\ud835\udc28\ud835\udc20\ud835\udc1e \u0535\u03b1\u0572k|[spread] p1a,p1b\n|-supereffective|p1a: \uff30\uff55\uff4c\uff4c \uff35\uff30\n|-supereffective|p1b: \ud835\udc03\ud835\udc28\ud835\udc20\ud835\udc1e \u0535\u03b1\u0572k\n|-damage|p1a: \uff30\uff55\uff4c\uff4c \uff35\uff30|16\/100\n|-damage|p1b: \ud835\udc03\ud835\udc28\ud835\udc20\ud835\udc1e \u0535\u03b1\u0572k|14\/100\n|-enditem|p1b: \ud835\udc03\ud835\udc28\ud835\udc20\ud835\udc1e \u0535\u03b1\u0572k|Sitrus Berry|[eat]\n|-heal|p1b: \ud835\udc03\ud835\udc28\ud835\udc20\ud835\udc1e \u0535\u03b1\u0572k|39\/100|[from] item: Sitrus Berry\n|\n|upkeep\n|turn|5\n|\n|t:|1700859327\n|switch|p1a: \uff2d\uff4f\uff4e\uff4b\uff45 \ud83d\udc12|Rillaboom, F|100\/100\n|-fieldstart|move: Grassy Terrain|[from] ability: Grassy Surge|[of] p1a: \uff2d\uff4f\uff4e\uff4b\uff45 \ud83d\udc12\n|switch|p2a: NEVEREVER|Kingambit, M, shiny|100\/100\n|detailschange|p2b: Blazy|Blaziken-Mega, F\n|-mega|p2b: Blazy|Blaziken|Blazikenite\n|move|p2b: Blazy|Detect|p2b: Blazy\n|-singleturn|p2b: Blazy|Protect\n|move|p1b: \ud835\udc03\ud835\udc28\ud835\udc20\ud835\udc1e \u0535\u03b1\u0572k|Iron Defense|p1b: \ud835\udc03\ud835\udc28\ud835\udc20\ud835\udc1e \u0535\u03b1\u0572k\n|-boost|p1b: \ud835\udc03\ud835\udc28\ud835\udc20\ud835\udc1e \u0535\u03b1\u0572k|def|2\n|\n|-heal|p1b: \ud835\udc03\ud835\udc28\ud835\udc20\ud835\udc1e \u0535\u03b1\u0572k|46\/100|[from] Grassy Terrain\n|-ability|p2b: Blazy|Speed Boost|boost\n|-boost|p2b: Blazy|spe|1\n|upkeep\n|turn|6\n|\n|t:|1700859349\n|switch|p2a: Life Is Roblox|Farigiraf, M, shiny, tera:Fairy|35\/100\n|move|p1a: \uff2d\uff4f\uff4e\uff4b\uff45 \ud83d\udc12|Fake Out||[still]\n|cant|p2a: Life Is Roblox|ability: Armor Tail|Fake Out|[of] p1a: \uff2d\uff4f\uff4e\uff4b\uff45 \ud83d\udc12\n|move|p2b: Blazy|Flare Blitz|p1a: \uff2d\uff4f\uff4e\uff4b\uff45 \ud83d\udc12\n|-supereffective|p1a: \uff2d\uff4f\uff4e\uff4b\uff45 \ud83d\udc12\n|-damage|p1a: \uff2d\uff4f\uff4e\uff4b\uff45 \ud83d\udc12|0 fnt\n|faint|p1a: \uff2d\uff4f\uff4e\uff4b\uff45 \ud83d\udc12\n|-damage|p2b: Blazy|56\/100|[from] Recoil\n|move|p1b: \ud835\udc03\ud835\udc28\ud835\udc20\ud835\udc1e \u0535\u03b1\u0572k|Iron Defense|p1b: \ud835\udc03\ud835\udc28\ud835\udc20\ud835\udc1e \u0535\u03b1\u0572k\n|-boost|p1b: \ud835\udc03\ud835\udc28\ud835\udc20\ud835\udc1e \u0535\u03b1\u0572k|def|2\n|\n|-heal|p2b: Blazy|62\/100|[from] Grassy Terrain\n|-heal|p1b: \ud835\udc03\ud835\udc28\ud835\udc20\ud835\udc1e \u0535\u03b1\u0572k|52\/100|[from] Grassy Terrain\n|-heal|p2a: Life Is Roblox|41\/100|[from] Grassy Terrain\n|-ability|p2b: Blazy|Speed Boost|boost\n|-boost|p2b: Blazy|spe|1\n|upkeep\n|\n|t:|1700859370\n|switch|p1a: \u2b50 Twinkle \u2b50|Whimsicott, F, shiny|100\/100\n|turn|7\n|\n|t:|1700859399\n|move|p2b: Blazy|Detect|p2b: Blazy\n|-singleturn|p2b: Blazy|Protect\n|move|p1a: \u2b50 Twinkle \u2b50|Tailwind|p1a: \u2b50 Twinkle \u2b50\n|-sidestart|p1: yaya_x3|move: Tailwind\n|move|p1b: \ud835\udc03\ud835\udc28\ud835\udc20\ud835\udc1e \u0535\u03b1\u0572k|Body Press|p2b: Blazy\n|-activate|p2b: Blazy|move: Protect\n|move|p2a: Life Is Roblox|Psychic|p1b: \ud835\udc03\ud835\udc28\ud835\udc20\ud835\udc1e \u0535\u03b1\u0572k\n|-supereffective|p1b: \ud835\udc03\ud835\udc28\ud835\udc20\ud835\udc1e \u0535\u03b1\u0572k\n|-damage|p1b: \ud835\udc03\ud835\udc28\ud835\udc20\ud835\udc1e \u0535\u03b1\u0572k|0 fnt\n|faint|p1b: \ud835\udc03\ud835\udc28\ud835\udc20\ud835\udc1e \u0535\u03b1\u0572k\n|\n|-heal|p2b: Blazy|68\/100|[from] Grassy Terrain\n|-heal|p2a: Life Is Roblox|47\/100|[from] Grassy Terrain\n|-ability|p2b: Blazy|Speed Boost|boost\n|-boost|p2b: Blazy|spe|1\n|upkeep\n|\n|t:|1700859416\n|switch|p1b: \uff30\uff55\uff4c\uff4c \uff35\uff30|Marshadow|16\/100\n|turn|8\n|\n|t:|1700859441\n|move|p2b: Blazy|Rock Slide|p1b: \uff30\uff55\uff4c\uff4c \uff35\uff30|[spread] p1a,p1b\n|-resisted|p1b: \uff30\uff55\uff4c\uff4c \uff35\uff30\n|-damage|p1a: \u2b50 Twinkle \u2b50|79\/100\n|-damage|p1b: \uff30\uff55\uff4c\uff4c \uff35\uff30|1\/100\n|move|p1b: \uff30\uff55\uff4c\uff4c \uff35\uff30|Spectral Thief|p2a: Life Is Roblox\n|-damage|p2a: Life Is Roblox|3\/100\n|move|p1a: \u2b50 Twinkle \u2b50|Moonblast|p2b: Blazy\n|-damage|p2b: Blazy|30\/100\n|move|p2a: Life Is Roblox|Psychic|p1a: \u2b50 Twinkle \u2b50\n|-damage|p1a: \u2b50 Twinkle \u2b50|34\/100\n|\n|-heal|p2b: Blazy|36\/100|[from] Grassy Terrain\n|-heal|p1b: \uff30\uff55\uff4c\uff4c \uff35\uff30|7\/100|[from] Grassy Terrain\n|-heal|p1a: \u2b50 Twinkle \u2b50|40\/100|[from] Grassy Terrain\n|-heal|p2a: Life Is Roblox|9\/100|[from] Grassy Terrain\n|-ability|p2b: Blazy|Speed Boost|boost\n|-boost|p2b: Blazy|spe|1\n|upkeep\n|turn|9\n|\n|t:|1700859475\n|move|p2b: Blazy|Rock Slide|p1a: \u2b50 Twinkle \u2b50|[spread] p1a,p1b\n|-resisted|p1b: \uff30\uff55\uff4c\uff4c \uff35\uff30\n|-damage|p1a: \u2b50 Twinkle \u2b50|18\/100\n|-damage|p1b: \uff30\uff55\uff4c\uff4c \uff35\uff30|0 fnt\n|faint|p1b: \uff30\uff55\uff4c\uff4c \uff35\uff30\n|move|p1a: \u2b50 Twinkle \u2b50|Moonblast|p2a: Life Is Roblox\n|-crit|p2a: Life Is Roblox\n|-damage|p2a: Life Is Roblox|0 fnt\n|faint|p2a: Life Is Roblox\n|\n|-heal|p2b: Blazy|42\/100|[from] Grassy Terrain\n|-heal|p1a: \u2b50 Twinkle \u2b50|24\/100|[from] Grassy Terrain\n|-fieldend|move: Grassy Terrain\n|-ability|p2b: Blazy|Speed Boost|boost\n|-boost|p2b: Blazy|spe|1\n|upkeep\n|\n|t:|1700859484\n|switch|p2a: NEVEREVER|Kingambit, M, shiny|100\/100\n|turn|10\n|\n|t:|1700859494\n|move|p2a: NEVEREVER|Sucker Punch|p1a: \u2b50 Twinkle \u2b50\n|-resisted|p1a: \u2b50 Twinkle \u2b50\n|-damage|p1a: \u2b50 Twinkle \u2b50|4\/100\n|move|p2b: Blazy|Flare Blitz|p1a: \u2b50 Twinkle \u2b50\n|-supereffective|p1a: \u2b50 Twinkle \u2b50\n|-damage|p1a: \u2b50 Twinkle \u2b50|0 fnt\n|faint|p1a: \u2b50 Twinkle \u2b50\n|-damage|p2b: Blazy|41\/100|[from] Recoil\n|\n|win|christianfinity\n|raw|yaya_x3's rating: 1387 &rarr; <strong>1377<\/strong><br \/>(-10 for losing)\n|raw|christianfinity's rating: 1583 &rarr; <strong>1593<\/strong><br \/>(+10 for winning)\n","uploadtime":1700859509,"views":11,"p1id":"yayax3","p2id":"christianfinity","formatid":"gen9nationaldexdoubles","rating":1377,"private":0,"password":""}