{"id":"gen9nationaldexdoubles-1963599174","p1":"Jy ti h D fj am","p2":"Tori Ala","format":"[Gen 9] National Dex Doubles","log":"|j|\u2606Jy ti h D fj am\n|j|\u2606Tori Ala\n|t:|1696882002\n|gametype|doubles\n|player|p1|Jy ti h D fj am|lucas|1000\n|player|p2|Tori Ala|parasollady-gen4|1013\n|teamsize|p1|6\n|teamsize|p2|6\n|gen|9\n|tier|[Gen 9] National Dex Doubles\n|rated|\n|rule|HP Percentage Mod: HP is shown in percentages\n|rule|Endless Battle Clause: Forcing endless battles is banned\n|rule|OHKO Clause: OHKO moves are banned\n|rule|Evasion Moves Clause: Evasion moves are banned\n|rule|Evasion Abilities Clause: Evasion abilities are banned\n|rule|Species Clause: Limit one of each Pok\u00e9mon\n|rule|Gravity Sleep Clause: The combination of sleep-inducing moves with imperfect accuracy and Gravity or Gigantamax Orbeetle are banned\n|clearpoke\n|poke|p1|Blastoise, F|\n|poke|p1|Clefable, M|\n|poke|p1|Indeedee-F, F|\n|poke|p1|Mr. Mime, M|\n|poke|p1|Glastrier|\n|poke|p1|Oranguru, F|\n|poke|p2|Lucario, F|\n|poke|p2|Whimsicott, M|\n|poke|p2|Mienshao, F|\n|poke|p2|Charizard, M|\n|poke|p2|Ambipom, F|\n|poke|p2|Flutter Mane|\n|teampreview\n|inactive|Battle timer is ON: inactive players will automatically lose when time's up. (requested by Tori Ala)\n|\n|t:|1696882024\n|start\n|switch|p1a: Glastrier|Glastrier|100\/100\n|switch|p1b: Indeedee|Indeedee-F, F|100\/100\n|switch|p2a: Lucario|Lucario, F|100\/100\n|switch|p2b: Whimsicott|Whimsicott, M|100\/100\n|-fieldstart|move: Psychic Terrain|[from] ability: Psychic Surge|[of] p1b: Indeedee\n|turn|1\n|\n|t:|1696882046\n|-terastallize|p2a: Lucario|Fighting\n|move|p1a: Glastrier|Protect|p1a: Glastrier\n|-singleturn|p1a: Glastrier|Protect\n|move|p2a: Lucario|Rock Slide|p1a: Glastrier|[spread] p1b\n|-activate|p1a: Glastrier|move: Protect\n|-damage|p1b: Indeedee|85\/100\n|move|p2b: Whimsicott|Beat Up|p2a: Lucario\n|-resisted|p2a: Lucario\n|-damage|p2a: Lucario|98\/100\n|-ability|p2a: Lucario|Justified|boost\n|-boost|p2a: Lucario|atk|1\n|-resisted|p2a: Lucario\n|-damage|p2a: Lucario|97\/100\n|-ability|p2a: Lucario|Justified|boost\n|-boost|p2a: Lucario|atk|1\n|-resisted|p2a: Lucario\n|-damage|p2a: Lucario|94\/100\n|-ability|p2a: Lucario|Justified|boost\n|-boost|p2a: Lucario|atk|1\n|-resisted|p2a: Lucario\n|-damage|p2a: Lucario|92\/100\n|-ability|p2a: Lucario|Justified|boost\n|-boost|p2a: Lucario|atk|1\n|-resisted|p2a: Lucario\n|-damage|p2a: Lucario|90\/100\n|-ability|p2a: Lucario|Justified|boost\n|-boost|p2a: Lucario|atk|1\n|-resisted|p2a: Lucario\n|-damage|p2a: Lucario|89\/100\n|-ability|p2a: Lucario|Justified|boost\n|-boost|p2a: Lucario|atk|1\n|-hitcount|p2a: Lucario|6\n|move|p1b: Indeedee|Trick Room|p1b: Indeedee\n|-fieldstart|move: Trick Room|[of] p1b: Indeedee\n|\n|-heal|p2a: Lucario|95\/100|[from] item: Leftovers\n|upkeep\n|turn|2\n|\n|t:|1696882066\n|move|p2b: Whimsicott|Helping Hand|p2a: Lucario\n|-singleturn|p2a: Lucario|Helping Hand|[of] p2b: Whimsicott\n|move|p1b: Indeedee|Helping Hand|p1a: Glastrier\n|-singleturn|p1a: Glastrier|Helping Hand|[of] p1b: Indeedee\n|move|p2a: Lucario|Bullet Punch|p1a: Glastrier\n|-activate|p1a: Glastrier|move: Psychic Terrain\n|move|p1a: Glastrier|Stomping Tantrum|p2a: Lucario\n|-damage|p2a: Lucario|18\/100\n|\n|-heal|p2a: Lucario|24\/100|[from] item: Leftovers\n|upkeep\n|turn|3\n|inactive|Jy ti h D fj am has 120 seconds left.\n|\n|t:|1696882105\n|move|p1b: Indeedee|Helping Hand|p1a: Glastrier\n|-singleturn|p1a: Glastrier|Helping Hand|[of] p1b: Indeedee\n|move|p2b: Whimsicott|Leech Seed|p1a: Glastrier\n|-activate|p1a: Glastrier|move: Psychic Terrain\n|move|p1a: Glastrier|Icicle Spear|p2a: Lucario\n|-damage|p2a: Lucario|0 fnt\n|faint|p2a: Lucario\n|-ability|p1a: Glastrier|Chilling Neigh|boost\n|-boost|p1a: Glastrier|atk|1\n|-hitcount|p2: Lucario|1\n|\n|upkeep\n|inactive|Tori Ala has 120 seconds left.\n|\n|t:|1696882121\n|switch|p2a: Charizard|Charizard, M|100\/100\n|turn|4\n|\n|t:|1696882139\n|move|p2b: Whimsicott|Helping Hand|p2a: Charizard\n|-singleturn|p2a: Charizard|Helping Hand|[of] p2b: Whimsicott\n|move|p1b: Indeedee|Follow Me|p1b: Indeedee\n|-singleturn|p1b: Indeedee|move: Follow Me\n|move|p1a: Glastrier|Icicle Spear|p2b: Whimsicott\n|-supereffective|p2b: Whimsicott\n|-damage|p2b: Whimsicott|62\/100\n|-supereffective|p2b: Whimsicott\n|-damage|p2b: Whimsicott|19\/100\n|-supereffective|p2b: Whimsicott\n|-damage|p2b: Whimsicott|0 fnt\n|faint|p2b: Whimsicott\n|-ability|p1a: Glastrier|Chilling Neigh|boost\n|-boost|p1a: Glastrier|atk|1\n|-hitcount|p2: Whimsicott|3\n|move|p2a: Charizard|Power-Up Punch|p1b: Indeedee\n|-damage|p1b: Indeedee|67\/100\n|-boost|p2a: Charizard|atk|1\n|-damage|p2a: Charizard|91\/100|[from] item: Life Orb\n|\n|upkeep\n|\n|t:|1696882154\n|switch|p2b: Mienshao|Mienshao, F, shiny|100\/100\n|turn|5\n|\n|t:|1696882166\n|move|p2b: Mienshao|Wide Guard|p2b: Mienshao\n|-singleturn|p2b: Mienshao|Wide Guard\n|move|p1b: Indeedee|Follow Me|p1b: Indeedee\n|-singleturn|p1b: Indeedee|move: Follow Me\n|move|p1a: Glastrier|Icicle Spear|p2a: Charizard\n|-damage|p2a: Charizard|44\/100\n|-damage|p2a: Charizard|0 fnt\n|faint|p2a: Charizard\n|-ability|p1a: Glastrier|Chilling Neigh|boost\n|-boost|p1a: Glastrier|atk|1\n|-hitcount|p2: Charizard|2\n|\n|-fieldend|move: Trick Room\n|-fieldend|move: Psychic Terrain\n|upkeep\n|\n|t:|1696882176\n|switch|p2a: Ambipom|Ambipom, F|100\/100\n|turn|6\n|\n|t:|1696882186\n|switch|p1b: Blastoise|Blastoise, F|100\/100\n|move|p1a: Glastrier|Protect|p1a: Glastrier\n|-singleturn|p1a: Glastrier|Protect\n|move|p2a: Ambipom|Fake Out|p1b: Blastoise\n|-damage|p1b: Blastoise|77\/100\n|-damage|p2a: Ambipom|91\/100|[from] item: Life Orb\n|move|p2b: Mienshao|Coaching|p2a: Ambipom\n|-boost|p2a: Ambipom|atk|1\n|-boost|p2a: Ambipom|def|1\n|\n|upkeep\n|turn|7\n|\n|t:|1696882200\n|move|p2b: Mienshao|Wide Guard|p2b: Mienshao\n|-singleturn|p2b: Mienshao|Wide Guard\n|move|p1b: Blastoise|Follow Me|p1b: Blastoise\n|-singleturn|p1b: Blastoise|move: Follow Me\n|move|p2a: Ambipom|Last Resort|p1b: Blastoise\n|-damage|p1b: Blastoise|0 fnt\n|faint|p1b: Blastoise\n|-damage|p2a: Ambipom|81\/100|[from] item: Life Orb\n|move|p1a: Glastrier|Icicle Spear|p2a: Ambipom\n|-damage|p2a: Ambipom|35\/100\n|-damage|p2a: Ambipom|0 fnt\n|faint|p2a: Ambipom\n|-ability|p1a: Glastrier|Chilling Neigh|boost\n|-boost|p1a: Glastrier|atk|1\n|-hitcount|p2: Ambipom|2\n|\n|upkeep\n|\n|t:|1696882222\n|switch|p2a: Flutter Mane|Flutter Mane|100\/100\n|switch|p1b: Oranguru|Oranguru, F|100\/100\n|-enditem|p2a: Flutter Mane|Booster Energy\n|-activate|p2a: Flutter Mane|ability: Protosynthesis|[fromitem]\n|-start|p2a: Flutter Mane|protosynthesisspe\n|turn|8\n|\n|t:|1696882234\n|move|p1a: Glastrier|Protect|p1a: Glastrier\n|-singleturn|p1a: Glastrier|Protect\n|move|p2b: Mienshao|Wide Guard|p2b: Mienshao\n|-singleturn|p2b: Mienshao|Wide Guard\n|move|p2a: Flutter Mane|Dark Pulse|p1b: Oranguru\n|-supereffective|p1b: Oranguru\n|-damage|p1b: Oranguru|56\/100\n|move|p1b: Oranguru|Trick Room|p1b: Oranguru\n|-fieldstart|move: Trick Room|[of] p1b: Oranguru\n|\n|upkeep\n|turn|9\n|-message|Tori Ala forfeited.\n|\n|win|Jy ti h D fj am\n|raw|Jy ti h D fj am's rating: 1000 &rarr; <strong>1041<\/strong><br \/>(+41 for winning)\n|raw|Tori Ala's rating: 1013 &rarr; <strong>1001<\/strong><br \/>(-12 for losing)\n|l|\u2606Tori Ala\n","uploadtime":1696882250,"views":7,"p1id":"jytihdfjam","p2id":"toriala","formatid":"gen9nationaldexdoubles","rating":1001,"private":0,"password":""}