{"id":"gen9nationaldexdoubles-1961398326","p1":"sabertooth290","p2":"UltimatePowerchan","format":"[Gen 9] National Dex Doubles","log":"|j|\u2606sabertooth290\n|j|\u2606UltimatePowerchan\n|t:|1696621757\n|gametype|doubles\n|player|p1|sabertooth290|clay|\n|player|p2|UltimatePowerchan|sage|\n|teamsize|p1|6\n|teamsize|p2|4\n|gen|9\n|tier|[Gen 9] National Dex Doubles\n|rule|HP Percentage Mod: HP is shown in percentages\n|rule|Endless Battle Clause: Forcing endless battles is banned\n|rule|OHKO Clause: OHKO moves are banned\n|rule|Evasion Moves Clause: Evasion moves are banned\n|rule|Evasion Abilities Clause: Evasion abilities are banned\n|rule|Species Clause: Limit one of each Pok\u00e9mon\n|rule|Gravity Sleep Clause: The combination of sleep-inducing moves with imperfect accuracy and Gravity or Gigantamax Orbeetle are banned\n|clearpoke\n|poke|p1|Ursaluna-Bloodmoon, M|\n|poke|p1|Xurkitree|\n|poke|p1|Toxapex, M|\n|poke|p1|Amoonguss, F|\n|poke|p1|Brute Bonnet|\n|poke|p1|Ambipom, M|\n|poke|p2|Indeedee-F, F|\n|poke|p2|Armarouge, M|\n|poke|p2|Iron Hands|\n|poke|p2|Hatterene, F|\n|teampreview\n|inactive|Battle timer is ON: inactive players will automatically lose when time's up. (requested by sabertooth290)\n|\n|t:|1696621777\n|start\n|switch|p1a: Ambipom|Ambipom, M|100\/100\n|switch|p1b: Xurkitree|Xurkitree|100\/100\n|switch|p2a: Staryama|Iron Hands|100\/100\n|switch|p2b: Indefinitely|Indeedee-F, F|100\/100\n|-fieldstart|move: Psychic Terrain|[from] ability: Psychic Surge|[of] p2b: Indefinitely\n|turn|1\n|\n|t:|1696621806\n|move|p1a: Ambipom|Knock Off|p2b: Indefinitely\n|-supereffective|p2b: Indefinitely\n|-crit|p2b: Indefinitely\n|-damage|p2b: Indefinitely|0 fnt\n|-enditem|p2b: Indefinitely|Leftovers|[from] move: Knock Off|[of] p1a: Ambipom\n|faint|p2b: Indefinitely\n|-damage|p1a: Ambipom|91\/100|[from] item: Life Orb\n|-zpower|p1b: Xurkitree\n|move|p1b: Xurkitree|Z-Hypnosis|p2a: Staryama|[anim]Hypnosis|[miss]\n|-boost|p1b: Xurkitree|spe|1|[zeffect]\n|-miss|p1b: Xurkitree|p2a: Staryama\n|move|p2a: Staryama|Drain Punch|p1a: Ambipom\n|-supereffective|p1a: Ambipom\n|-damage|p1a: Ambipom|0 fnt\n|faint|p1a: Ambipom\n|\n|upkeep\n|\n|t:|1696621824\n|switch|p1a: Toxapex|Toxapex, M|100\/100\n|switch|p2b: Mad Hatter|Hatterene, F|100\/100\n|turn|2\n|\n|t:|1696621835\n|move|p1a: Toxapex|Baneful Bunker|p1a: Toxapex\n|-singleturn|p1a: Toxapex|move: Protect\n|move|p1b: Xurkitree|Tail Glow|p1b: Xurkitree\n|-boost|p1b: Xurkitree|spa|3\n|move|p2a: Staryama|Earthquake|p1a: Toxapex|[spread] p2b,p1b\n|-activate|p1a: Toxapex|move: Protect\n|-supereffective|p1b: Xurkitree\n|-damage|p2b: Mad Hatter|69\/100\n|-damage|p1b: Xurkitree|30\/100\n|move|p2b: Mad Hatter|Trick Room|p2b: Mad Hatter\n|-fieldstart|move: Trick Room|[of] p2b: Mad Hatter\n|\n|-heal|p2b: Mad Hatter|75\/100|[from] item: Leftovers\n|upkeep\n|turn|3\n|\n|t:|1696621854\n|move|p2b: Mad Hatter|Protect|p2b: Mad Hatter\n|-singleturn|p2b: Mad Hatter|Protect\n|move|p1a: Toxapex|Toxic|p2a: Staryama\n|-status|p2a: Staryama|tox\n|move|p2a: Staryama|Earthquake|p1a: Toxapex|[spread] p1a,p1b\n|-activate|p2b: Mad Hatter|move: Protect\n|-supereffective|p1a: Toxapex\n|-supereffective|p1b: Xurkitree\n|-damage|p1a: Toxapex|60\/100\n|-damage|p1b: Xurkitree|0 fnt\n|faint|p1b: Xurkitree\n|\n|-heal|p2b: Mad Hatter|81\/100|[from] item: Leftovers\n|-heal|p1a: Toxapex|66\/100|[from] item: Leftovers\n|-damage|p2a: Staryama|94\/100 tox|[from] psn\n|upkeep\n|\n|t:|1696621867\n|switch|p1b: Ursaluna|Ursaluna-Bloodmoon, M|100\/100\n|turn|4\n|\n|t:|1696621883\n|-terastallize|p1b: Ursaluna|Steel\n|move|p2b: Mad Hatter|Dazzling Gleam|p1b: Ursaluna|[spread] p1a,p1b\n|-resisted|p1a: Toxapex\n|-crit|p1a: Toxapex\n|-resisted|p1b: Ursaluna\n|-damage|p1a: Toxapex|46\/100\n|-damage|p1b: Ursaluna|84\/100\n|move|p1a: Toxapex|Scald|p2b: Mad Hatter\n|-damage|p2b: Mad Hatter|62\/100\n|-status|p2b: Mad Hatter|brn\n|move|p2a: Staryama|Drain Punch|p1b: Ursaluna\n|-supereffective|p1b: Ursaluna\n|-damage|p1b: Ursaluna|30\/100\n|-heal|p2a: Staryama|100\/100 tox|[from] drain|[of] p1b: Ursaluna\n|move|p1b: Ursaluna|Blood Moon|p2b: Mad Hatter\n|-damage|p2b: Mad Hatter|3\/100 brn\n|\n|-heal|p2b: Mad Hatter|9\/100 brn|[from] item: Leftovers\n|-heal|p1a: Toxapex|52\/100|[from] item: Leftovers\n|-heal|p1b: Ursaluna|36\/100|[from] item: Leftovers\n|-damage|p2a: Staryama|88\/100 tox|[from] psn\n|-damage|p2b: Mad Hatter|3\/100 brn|[from] brn\n|upkeep\n|turn|5\n|inactive|sabertooth290 has 270 seconds left.\n|inactive|UltimatePowerchan has 270 seconds left.\n|\n|t:|1696621921\n|move|p2b: Mad Hatter|Dazzling Gleam|p1b: Ursaluna|[spread] p1a,p1b\n|-resisted|p1a: Toxapex\n|-resisted|p1b: Ursaluna\n|-damage|p1a: Toxapex|39\/100\n|-damage|p1b: Ursaluna|17\/100\n|move|p1a: Toxapex|Scald|p2b: Mad Hatter\n|-damage|p2b: Mad Hatter|0 fnt\n|faint|p2b: Mad Hatter\n|move|p2a: Staryama|Drain Punch|p1b: Ursaluna\n|-supereffective|p1b: Ursaluna\n|-damage|p1b: Ursaluna|0 fnt\n|-heal|p2a: Staryama|95\/100 tox|[from] drain|[of] p1b: Ursaluna\n|faint|p1b: Ursaluna\n|\n|-heal|p1a: Toxapex|45\/100|[from] item: Leftovers\n|-damage|p2a: Staryama|77\/100 tox|[from] psn\n|-fieldend|move: Psychic Terrain\n|upkeep\n|\n|t:|1696621937\n|switch|p2b: He's Armed|Armarouge, M|100\/100\n|switch|p1b: Amoonguss|Amoonguss, F|100\/100\n|turn|6\n|\n|t:|1696621958\n|move|p1b: Amoonguss|Spore|p2b: He's Armed\n|-status|p2b: He's Armed|slp|[from] move: Spore\n|move|p1a: Toxapex|Toxic||[still]\n|-fail|p1a: Toxapex\n|move|p2a: Staryama|Thunder Punch|p1a: Toxapex\n|-supereffective|p1a: Toxapex\n|-damage|p1a: Toxapex|0 fnt\n|faint|p1a: Toxapex\n|cant|p2b: He's Armed|slp\n|\n|-damage|p2a: Staryama|53\/100 tox|[from] psn\n|-fieldend|move: Trick Room\n|upkeep\n|\n|t:|1696621962\n|switch|p1a: Brute Bonnet|Brute Bonnet|100\/100\n|turn|7\n|\n|t:|1696621983\n|-curestatus|p2b: He's Armed|slp|[msg]\n|move|p2b: He's Armed|Protect|p2b: He's Armed\n|-singleturn|p2b: He's Armed|Protect\n|move|p1a: Brute Bonnet|Sucker Punch|p2a: Staryama\n|-resisted|p2a: Staryama\n|-damage|p2a: Staryama|44\/100 tox\n|-damage|p1a: Brute Bonnet|84\/100|[from] item: Rocky Helmet|[of] p2a: Staryama\n|move|p2a: Staryama|Drain Punch|p1a: Brute Bonnet\n|-supereffective|p1a: Brute Bonnet\n|-damage|p1a: Brute Bonnet|30\/100\n|-heal|p2a: Staryama|66\/100 tox|[from] drain|[of] p1a: Brute Bonnet\n|move|p1b: Amoonguss|Sludge Bomb|p2a: Staryama\n|-damage|p2a: Staryama|42\/100 tox\n|\n|-heal|p1a: Brute Bonnet|36\/100|[from] item: Leftovers\n|-damage|p2a: Staryama|12\/100 tox|[from] psn\n|upkeep\n|turn|8\n|inactive|UltimatePowerchan has 270 seconds left.\n|\n|t:|1696622018\n|move|p1a: Brute Bonnet|Sucker Punch|p2a: Staryama\n|-resisted|p2a: Staryama\n|-damage|p2a: Staryama|3\/100 tox\n|-damage|p1a: Brute Bonnet|20\/100|[from] item: Rocky Helmet|[of] p2a: Staryama\n|move|p2b: He's Armed|Armor Cannon|p1b: Amoonguss\n|-supereffective|p1b: Amoonguss\n|-damage|p1b: Amoonguss|0 fnt\n|-unboost|p2b: He's Armed|def|1\n|-unboost|p2b: He's Armed|spd|1\n|faint|p1b: Amoonguss\n|move|p2a: Staryama|Drain Punch|p1a: Brute Bonnet\n|-supereffective|p1a: Brute Bonnet\n|-damage|p1a: Brute Bonnet|0 fnt\n|-heal|p2a: Staryama|11\/100 tox|[from] drain|[of] p1a: Brute Bonnet\n|faint|p1a: Brute Bonnet\n|-end|p1a: Brute Bonnet|Protosynthesis|[silent]\n|\n|win|UltimatePowerchan\n|l|\u2606sabertooth290\n","uploadtime":1696622049,"views":9,"p1id":"sabertooth290","p2id":"ultimatepowerchan","formatid":"gen9nationaldexdoubles","rating":0,"private":0,"password":""}