{"id":"gen9nationaldexdoubles-1995307925","p1":"Wijssxsxj","p2":"Sargenbob","format":"[Gen 9] National Dex Doubles","log":"|j|\u2606Wijssxsxj\n|j|\u2606Sargenbob\n|t:|1700550936\n|gametype|doubles\n|player|p1|Wijssxsxj|1|1027\n|player|p2|Sargenbob|red|1074\n|teamsize|p1|6\n|teamsize|p2|6\n|gen|9\n|tier|[Gen 9] National Dex Doubles\n|rated|\n|rule|HP Percentage Mod: HP is shown in percentages\n|rule|Endless Battle Clause: Forcing endless battles is banned\n|rule|OHKO Clause: OHKO moves are banned\n|rule|Evasion Moves Clause: Evasion moves are banned\n|rule|Evasion Abilities Clause: Evasion abilities are banned\n|rule|Species Clause: Limit one of each Pok\u00e9mon\n|rule|Gravity Sleep Clause: The combination of sleep-inducing moves with imperfect accuracy and Gravity or Gigantamax Orbeetle are banned\n|clearpoke\n|poke|p1|Slaking, F|\n|poke|p1|Sableye, M|\n|poke|p1|Sinistcha-Masterpiece|\n|poke|p1|Ursaluna, F|\n|poke|p1|Amoonguss, M|\n|poke|p1|Kingambit, F|\n|poke|p2|Ursaluna, F|\n|poke|p2|Gothitelle, F|\n|poke|p2|Salamence, F|\n|poke|p2|Amoonguss, F|\n|poke|p2|Diancie|\n|poke|p2|Incineroar, F|\n|teampreview\n|inactive|Battle timer is ON: inactive players will automatically lose when time's up. (requested by Sargenbob)\n|\n|t:|1700550945\n|start\n|switch|p1a: Slaking|Slaking, F, shiny|100\/100\n|switch|p1b: Sableye|Sableye, M|100\/100\n|switch|p2a: El-Macho|Incineroar, F, shiny|100\/100\n|switch|p2b: Shenron|Salamence, F, shiny|100\/100\n|-ability|p2b: Shenron|Intimidate|boost\n|-unboost|p1a: Slaking|atk|1\n|-unboost|p1b: Sableye|atk|1\n|-ability|p2a: El-Macho|Intimidate|boost\n|-unboost|p1a: Slaking|atk|1\n|-unboost|p1b: Sableye|atk|1\n|turn|1\n|\n|t:|1700550960\n|detailschange|p2b: Shenron|Salamence-Mega, F, shiny\n|-mega|p2b: Shenron|Salamence|Salamencite\n|move|p1b: Sableye|Skill Swap|p1a: Slaking\n|-activate|p1b: Sableye|move: Skill Swap|||[of] p1a: Slaking\n|move|p1a: Slaking|Bulk Up|p1a: Slaking\n|-boost|p1a: Slaking|atk|1\n|-boost|p1a: Slaking|def|1\n|move|p2b: Shenron|Breaking Swipe|p1a: Slaking|[spread] p1a,p1b\n|-damage|p1a: Slaking|90\/100\n|-damage|p1b: Sableye|68\/100\n|-unboost|p1a: Slaking|atk|1\n|-unboost|p1b: Sableye|atk|1\n|move|p2a: El-Macho|Knock Off|p1b: Sableye\n|-damage|p1b: Sableye|10\/100\n|-enditem|p1b: Sableye|Focus Sash|[from] move: Knock Off|[of] p2a: El-Macho\n|\n|-heal|p1a: Slaking|96\/100|[from] item: Leftovers\n|upkeep\n|turn|2\n|\n|t:|1700550983\n|move|p2b: Shenron|Breaking Swipe|p1a: Slaking|[spread] p1a,p1b\n|-damage|p1a: Slaking|85\/100\n|-damage|p1b: Sableye|0 fnt\n|-unboost|p1a: Slaking|atk|1\n|faint|p1b: Sableye\n|move|p1a: Slaking|Power-Up Punch|p2a: El-Macho\n|-supereffective|p2a: El-Macho\n|-damage|p2a: El-Macho|87\/100\n|-boost|p1a: Slaking|atk|1\n|move|p2a: El-Macho|Knock Off|p1a: Slaking\n|-damage|p1a: Slaking|67\/100\n|-enditem|p1a: Slaking|Leftovers|[from] move: Knock Off|[of] p2a: El-Macho\n|\n|upkeep\n|\n|t:|1700550997\n|switch|p1b: Amoonguss|Amoonguss, M|100\/100\n|turn|3\n|\n|t:|1700551005\n|move|p1b: Amoonguss|Rage Powder|p1b: Amoonguss\n|-singleturn|p1b: Amoonguss|move: Rage Powder\n|move|p1a: Slaking|Bulk Up|p1a: Slaking\n|-boost|p1a: Slaking|atk|1\n|-boost|p1a: Slaking|def|1\n|move|p2b: Shenron|Breaking Swipe|p1b: Amoonguss|[spread] p1a,p1b\n|-damage|p1a: Slaking|59\/100\n|-damage|p1b: Amoonguss|79\/100\n|-unboost|p1a: Slaking|atk|1\n|-unboost|p1b: Amoonguss|atk|1\n|move|p2a: El-Macho|Parting Shot|p1b: Amoonguss\n|-unboost|p1b: Amoonguss|atk|1\n|-unboost|p1b: Amoonguss|spa|1\n|\n|t:|1700551016\n|switch|p2a: Crystal|Diancie, shiny|100\/100|[from] Parting Shot\n|\n|-heal|p1b: Amoonguss|85\/100|[from] item: Black Sludge\n|upkeep\n|turn|4\n|\n|t:|1700551027\n|move|p2b: Shenron|Hyper Voice|p1b: Amoonguss|[spread] p1a,p1b\n|-supereffective|p1b: Amoonguss\n|-damage|p1a: Slaking|21\/100\n|-damage|p1b: Amoonguss|32\/100\n|move|p1a: Slaking|Drain Punch|p2a: Crystal\n|-damage|p2a: Crystal|86\/100\n|-heal|p1a: Slaking|25\/100|[from] drain|[of] p2a: Crystal\n|move|p1b: Amoonguss|Toxic|p2b: Shenron\n|-status|p2b: Shenron|tox\n|move|p2a: Crystal|Diamond Storm|p1b: Amoonguss|[spread] p1a,p1b\n|-damage|p1a: Slaking|12\/100\n|-damage|p1b: Amoonguss|0 fnt\n|faint|p1b: Amoonguss\n|\n|-damage|p2b: Shenron|94\/100 tox|[from] psn\n|upkeep\n|\n|t:|1700551042\n|switch|p1b: Sinistcha|Sinistcha-Masterpiece|100\/100\n|-heal|p1a: Slaking|37\/100|[from] ability: Hospitality|[of] p1b: Sinistcha\n|turn|5\n|\n|t:|1700551051\n|switch|p2a: El-Macho|Incineroar, F, shiny|87\/100\n|-ability|p2a: El-Macho|Intimidate|boost\n|-unboost|p1a: Slaking|atk|1\n|-unboost|p1b: Sinistcha|atk|1\n|move|p2b: Shenron|Hyper Voice|p1a: Slaking|[spread] p1a,p1b\n|-supereffective|p1b: Sinistcha\n|-crit|p1b: Sinistcha\n|-damage|p1a: Slaking|0 fnt\n|-damage|p1b: Sinistcha|0 fnt\n|faint|p1a: Slaking\n|faint|p1b: Sinistcha\n|\n|-damage|p2b: Shenron|82\/100 tox|[from] psn\n|upkeep\n|\n|t:|1700551064\n|switch|p1a: Ursaluna|Ursaluna, F|100\/100\n|switch|p1b: Kingambit|Kingambit, F|100\/100\n|-activate|p1b: Kingambit|ability: Supreme Overlord\n|-start|p1b: Kingambit|fallen4|[silent]\n|turn|6\n|\n|t:|1700551073\n|move|p2b: Shenron|Breaking Swipe|p1b: Kingambit|[spread] p1a,p1b\n|-resisted|p1b: Kingambit\n|-damage|p1a: Ursaluna|85\/100\n|-damage|p1b: Kingambit|92\/100\n|-unboost|p1a: Ursaluna|atk|1\n|-unboost|p1b: Kingambit|atk|1\n|-damage|p2b: Shenron|66\/100 tox|[from] item: Rocky Helmet|[of] p1a: Ursaluna\n|move|p1b: Kingambit|Kowtow Cleave|p2b: Shenron\n|-damage|p2b: Shenron|22\/100 tox\n|move|p2a: El-Macho|Flare Blitz|p1b: Kingambit\n|-supereffective|p1b: Kingambit\n|-damage|p1b: Kingambit|3\/100\n|-damage|p2a: El-Macho|62\/100|[from] Recoil\n|move|p1a: Ursaluna|Earth Power|p2a: El-Macho\n|-supereffective|p2a: El-Macho\n|-damage|p2a: El-Macho|41\/100\n|-unboost|p2a: El-Macho|spd|1\n|\n|-damage|p2b: Shenron|4\/100 tox|[from] psn\n|upkeep\n|turn|7\n|\n|t:|1700551097\n|move|p2b: Shenron|Breaking Swipe|p1b: Kingambit|[spread] p1a,p1b\n|-resisted|p1b: Kingambit\n|-damage|p1a: Ursaluna|69\/100\n|-damage|p1b: Kingambit|0 fnt\n|-unboost|p1a: Ursaluna|atk|1\n|-damage|p2b: Shenron|0 fnt|[from] item: Rocky Helmet|[of] p1a: Ursaluna\n|faint|p1b: Kingambit\n|-end|p1b: Kingambit|fallen4|[silent]\n|faint|p2b: Shenron\n|move|p2a: El-Macho|Parting Shot|p1a: Ursaluna\n|-unboost|p1a: Ursaluna|atk|1\n|-unboost|p1a: Ursaluna|spa|1\n|\n|t:|1700551108\n|switch|p2a: Toad|Amoonguss, F, shiny|100\/100|[from] Parting Shot\n|move|p1a: Ursaluna|Cross Chop|p2a: Toad|[miss]\n|-miss|p1a: Ursaluna|p2a: Toad\n|\n|upkeep\n|\n|t:|1700551116\n|switch|p2b: Waifu|Gothitelle, F, shiny|100\/100\n|turn|8\n|\n|t:|1700551120\n|move|p1a: Ursaluna|Facade|p2b: Waifu\n|-damage|p2b: Waifu|87\/100\n|move|p2a: Toad|Spore|p1a: Ursaluna\n|-status|p1a: Ursaluna|slp|[from] move: Spore\n|move|p2b: Waifu|Trick Room|p2b: Waifu\n|-fieldstart|move: Trick Room|[of] p2b: Waifu\n|\n|upkeep\n|turn|9\n|\n|t:|1700551132\n|switch|p2a: El-Macho|Incineroar, F, shiny|41\/100\n|-ability|p2a: El-Macho|Intimidate|boost\n|-unboost|p1a: Ursaluna|atk|1\n|cant|p1a: Ursaluna|slp\n|move|p2b: Waifu|Psychic|p1a: Ursaluna\n|-damage|p1a: Ursaluna|45\/100 slp\n|\n|upkeep\n|turn|10\n|\n|t:|1700551142\n|cant|p1a: Ursaluna|slp\n|move|p2a: El-Macho|Flare Blitz|p1a: Ursaluna\n|-damage|p1a: Ursaluna|10\/100 slp\n|-damage|p2a: El-Macho|24\/100|[from] item: Rocky Helmet|[of] p1a: Ursaluna\n|-damage|p2a: El-Macho|11\/100|[from] Recoil\n|move|p2b: Waifu|Psychic|p1a: Ursaluna\n|-damage|p1a: Ursaluna|0 fnt\n|faint|p1a: Ursaluna\n|\n|win|Sargenbob\n|raw|Wijssxsxj's rating: 1027 &rarr; <strong>1015<\/strong><br \/>(-12 for losing)\n|raw|Sargenbob's rating: 1074 &rarr; <strong>1099<\/strong><br \/>(+25 for winning)\n|c|\u2606Sargenbob|gg\n|l|\u2606Wijssxsxj\n","uploadtime":1700551157,"views":1,"p1id":"wijssxsxj","p2id":"sargenbob","formatid":"gen9nationaldexdoubles","rating":1015,"private":0,"password":""}