{"id":"gen9nationaldexdoubles-1989037655","p1":"pablooochess","p2":"Ashbert","format":"[Gen 9] National Dex Doubles","log":"|j|\u2606pablooochess\n|j|\u2606Ashbert\n|t:|1699805144\n|gametype|doubles\n|player|p1|pablooochess|juggler|\n|player|p2|Ashbert|artist-gen4|\n|teamsize|p1|6\n|teamsize|p2|6\n|gen|9\n|tier|[Gen 9] National Dex Doubles\n|rule|HP Percentage Mod: HP is shown in percentages\n|rule|Endless Battle Clause: Forcing endless battles is banned\n|rule|OHKO Clause: OHKO moves are banned\n|rule|Evasion Moves Clause: Evasion moves are banned\n|rule|Evasion Abilities Clause: Evasion abilities are banned\n|rule|Species Clause: Limit one of each Pok\u00e9mon\n|rule|Gravity Sleep Clause: The combination of sleep-inducing moves with imperfect accuracy and Gravity or Gigantamax Orbeetle are banned\n|clearpoke\n|poke|p1|Oranguru, M|\n|poke|p1|Munkidori, M|\n|poke|p1|Gallade, M|\n|poke|p1|Hatterene, F|\n|poke|p1|Metagross|\n|poke|p1|Cresselia, F|\n|poke|p2|Stunfisk, M|\n|poke|p2|Morpeko, F|\n|poke|p2|Iron Thorns|\n|poke|p2|Zapdos|\n|poke|p2|Iron Hands|\n|poke|p2|Magnezone|\n|teampreview\n|\n|t:|1699805175\n|start\n|switch|p1a: Munkidori|Munkidori, M|100\/100\n|switch|p1b: Oranguru|Oranguru, M|100\/100\n|switch|p2a: Stunfisk|Stunfisk, M|100\/100\n|switch|p2b: Iron Hands|Iron Hands|100\/100\n|turn|1\n|\n|t:|1699805210\n|move|p1a: Munkidori|Fake Out|p2b: Iron Hands\n|-damage|p2b: Iron Hands|94\/100\n|-status|p2b: Iron Hands|tox|[from] ability: Toxic Chain|[of] p1a: Munkidori\n|-damage|p1a: Munkidori|91\/100|[from] item: Life Orb\n|move|p2a: Stunfisk|Sucker Punch|p1b: Oranguru\n|-supereffective|p1b: Oranguru\n|-damage|p1b: Oranguru|73\/100\n|move|p1b: Oranguru|Foul Play|p2a: Stunfisk\n|-damage|p2a: Stunfisk|76\/100\n|cant|p2b: Iron Hands|flinch\n|\n|-damage|p2b: Iron Hands|88\/100 tox|[from] psn\n|upkeep\n|turn|2\n|\n|t:|1699805236\n|move|p2a: Stunfisk|Sucker Punch|p1a: Munkidori\n|-supereffective|p1a: Munkidori\n|-damage|p1a: Munkidori|49\/100\n|move|p1a: Munkidori|Sludge Wave|p2b: Iron Hands|[spread] p2a,p2b\n|-activate|p1b: Oranguru|ability: Telepathy\n|-resisted|p2a: Stunfisk\n|-crit|p2a: Stunfisk\n|-damage|p2a: Stunfisk|40\/100\n|-damage|p2b: Iron Hands|27\/100 tox\n|-damage|p1a: Munkidori|40\/100|[from] item: Life Orb\n|move|p1b: Oranguru|Instruct|p1a: Munkidori\n|-singleturn|p1a: Munkidori|move: Instruct|[of] p1b: Oranguru\n|move|p1a: Munkidori|Sludge Wave|p2a: Stunfisk|[spread] p2a,p2b\n|-activate|p1b: Oranguru|ability: Telepathy\n|-resisted|p2a: Stunfisk\n|-crit|p2a: Stunfisk\n|-damage|p2a: Stunfisk|6\/100\n|-damage|p2b: Iron Hands|0 fnt\n|faint|p2b: Iron Hands\n|-end|p2b: Iron Hands|Quark Drive|[silent]\n|-damage|p1a: Munkidori|30\/100|[from] item: Life Orb\n|\n|upkeep\n|\n|t:|1699805261\n|switch|p2b: Morpeko|Morpeko, F, shiny|100\/100\n|turn|3\n|\n|t:|1699805279\n|move|p1a: Munkidori|Protect|p1a: Munkidori\n|-singleturn|p1a: Munkidori|Protect\n|move|p2a: Stunfisk|Sucker Punch||[still]\n|-fail|p2a: Stunfisk\n|move|p2b: Morpeko|Dark Pulse|p1b: Oranguru\n|-supereffective|p1b: Oranguru\n|-damage|p1b: Oranguru|35\/100\n|cant|p1b: Oranguru|flinch\n|\n|-formechange|p2b: Morpeko|Morpeko-Hangry||[from] ability: Hunger Switch\n|upkeep\n|turn|4\n|\n|t:|1699805301\n|switch|p1a: Hatterene|Hatterene, F|100\/100\n|move|p2a: Stunfisk|Sucker Punch||[still]\n|-fail|p2a: Stunfisk\n|move|p2b: Morpeko|Aura Wheel|p1b: Oranguru\n|-supereffective|p1b: Oranguru\n|-damage|p1b: Oranguru|0 fnt\n|-boost|p2b: Morpeko|spe|1\n|faint|p1b: Oranguru\n|\n|-formechange|p2b: Morpeko|Morpeko||[from] ability: Hunger Switch\n|upkeep\n|\n|t:|1699805317\n|switch|p1b: Gallade|Gallade, M|100\/100\n|turn|5\n|\n|t:|1699805347\n|move|p2a: Stunfisk|Sucker Punch|p1b: Gallade\n|-damage|p1b: Gallade|70\/100\n|move|p2b: Morpeko|Dark Pulse|p1b: Gallade\n|-damage|p1b: Gallade|55\/100\n|cant|p1b: Gallade|flinch\n|move|p1a: Hatterene|Calm Mind|p1a: Hatterene\n|-boost|p1a: Hatterene|spa|1\n|-boost|p1a: Hatterene|spd|1\n|\n|-formechange|p2b: Morpeko|Morpeko-Hangry||[from] ability: Hunger Switch\n|upkeep\n|turn|6\n|\n|t:|1699805374\n|switch|p1b: Cresselia|Cresselia, F|100\/100\n|move|p2a: Stunfisk|Sucker Punch||[still]\n|-fail|p2a: Stunfisk\n|move|p2b: Morpeko|Fire Fang|p1a: Hatterene\n|-damage|p1a: Hatterene|79\/100\n|move|p1a: Hatterene|Dazzling Gleam|p2a: Stunfisk|[spread] p2a,p2b\n|-supereffective|p2b: Morpeko\n|-damage|p2a: Stunfisk|0 fnt\n|-damage|p2b: Morpeko|0 fnt\n|faint|p2a: Stunfisk\n|faint|p2b: Morpeko\n|\n|upkeep\n|\n|t:|1699805392\n|switch|p2b: Iron Thorns|Iron Thorns|100\/100\n|switch|p2a: Magnezone|Magnezone, shiny|100\/100\n|turn|7\n|\n|t:|1699805414\n|move|p1a: Hatterene|Protect|p1a: Hatterene\n|-singleturn|p1a: Hatterene|Protect\n|move|p2b: Iron Thorns|Iron Head|p1b: Cresselia\n|-damage|p1b: Cresselia|82\/100\n|move|p2a: Magnezone|Flash Cannon|p1a: Hatterene\n|-activate|p1a: Hatterene|move: Protect\n|move|p1b: Cresselia|Trick Room|p1b: Cresselia\n|-fieldstart|move: Trick Room|[of] p1b: Cresselia\n|\n|-heal|p1b: Cresselia|88\/100|[from] item: Leftovers\n|upkeep\n|turn|8\n|\n|t:|1699805439\n|move|p1b: Cresselia|Ally Switch|p1b: Cresselia\n|swap|p1b: Cresselia|0|[from] move: Ally Switch\n|move|p1b: Hatterene|Psychic|p2b: Iron Thorns\n|-damage|p2b: Iron Thorns|8\/100\n|move|p2a: Magnezone|Flash Cannon|p1b: Hatterene\n|-supereffective|p1b: Hatterene\n|-damage|p1b: Hatterene|8\/100\n|move|p2b: Iron Thorns|Iron Head|p1a: Cresselia\n|-damage|p1a: Cresselia|68\/100\n|\n|-heal|p1a: Cresselia|74\/100|[from] item: Leftovers\n|upkeep\n|turn|9\n|\n|t:|1699805468\n|move|p1b: Hatterene|Protect|p1b: Hatterene\n|-singleturn|p1b: Hatterene|Protect\n|move|p2a: Magnezone|Flash Cannon|p1b: Hatterene\n|-activate|p1b: Hatterene|move: Protect\n|move|p1a: Cresselia|Lunar Blessing|p1a: Cresselia|[spread] p1a,p1b\n|-heal|p1a: Cresselia|99\/100\n|-heal|p1b: Hatterene|33\/100\n|move|p2b: Iron Thorns|Iron Head|p1a: Cresselia\n|-damage|p1a: Cresselia|81\/100\n|\n|-heal|p1a: Cresselia|87\/100|[from] item: Leftovers\n|upkeep\n|turn|10\n|\n|t:|1699805490\n|move|p1b: Hatterene|Dazzling Gleam|p2a: Magnezone|[spread] p2a,p2b\n|-resisted|p2a: Magnezone\n|-damage|p2a: Magnezone|67\/100\n|-damage|p2b: Iron Thorns|0 fnt\n|faint|p2b: Iron Thorns\n|-end|p2b: Iron Thorns|Quark Drive|[silent]\n|move|p2a: Magnezone|Flash Cannon|p1a: Cresselia\n|-damage|p1a: Cresselia|58\/100\n|move|p1a: Cresselia|Psychic|p2a: Magnezone\n|-resisted|p2a: Magnezone\n|-damage|p2a: Magnezone|50\/100\n|\n|-heal|p1a: Cresselia|64\/100|[from] item: Leftovers\n|upkeep\n|\n|t:|1699805500\n|switch|p2b: Zapdos|Zapdos, shiny|100\/100\n|-item|p2b: Zapdos|Air Balloon\n|turn|11\n|\n|t:|1699805511\n|move|p1b: Hatterene|Psychic|p2b: Zapdos\n|-damage|p2b: Zapdos|17\/100\n|-unboost|p2b: Zapdos|spd|1\n|-enditem|p2b: Zapdos|Air Balloon\n|move|p2a: Magnezone|Flash Cannon|p1b: Hatterene\n|-supereffective|p1b: Hatterene\n|-damage|p1b: Hatterene|0 fnt\n|faint|p1b: Hatterene\n|move|p1a: Cresselia|Lunar Blessing|p1a: Cresselia\n|-heal|p1a: Cresselia|89\/100\n|move|p2b: Zapdos|Heat Wave|p1a: Cresselia\n|-damage|p1a: Cresselia|71\/100\n|\n|-heal|p1a: Cresselia|77\/100|[from] item: Leftovers\n|-fieldend|move: Trick Room\n|upkeep\n|\n|t:|1699805528\n|switch|p1b: Munkidori|Munkidori, M|30\/100\n|turn|12\n|\n|t:|1699805548\n|move|p1b: Munkidori|Psychic|p2b: Zapdos\n|-damage|p2b: Zapdos|0 fnt\n|faint|p2b: Zapdos\n|-damage|p1b: Munkidori|20\/100|[from] item: Life Orb\n|move|p1a: Cresselia|Psychic|p2a: Magnezone\n|-resisted|p2a: Magnezone\n|-damage|p2a: Magnezone|34\/100\n|-unboost|p2a: Magnezone|spd|1\n|move|p2a: Magnezone|Flash Cannon|p1a: Cresselia\n|-damage|p1a: Cresselia|48\/100\n|-unboost|p1a: Cresselia|spd|1\n|\n|-heal|p1a: Cresselia|54\/100|[from] item: Leftovers\n|upkeep\n|turn|13\n|\n|t:|1699805566\n|move|p1b: Munkidori|Psychic|p2a: Magnezone\n|-resisted|p2a: Magnezone\n|-damage|p2a: Magnezone|0 fnt\n|faint|p2a: Magnezone\n|-damage|p1b: Munkidori|10\/100|[from] item: Life Orb\n|\n|win|pablooochess\n","uploadtime":1699805573,"views":8,"p1id":"pablooochess","p2id":"ashbert","formatid":"gen9nationaldexdoubles","rating":0,"private":0,"password":""}