{"id":"gen9nationaldexdoubles-1967073720","p1":"slow_riots_account","p2":"JackieNut","format":"[Gen 9] National Dex Doubles","log":"|j|\u2606slow_riots_account\n|j|\u2606JackieNut\n|t:|1697251154\n|gametype|doubles\n|player|p1|slow_riots_account|170|\n|player|p2|JackieNut|flannery|\n|teamsize|p1|6\n|teamsize|p2|6\n|gen|9\n|tier|[Gen 9] National Dex Doubles\n|rule|HP Percentage Mod: HP is shown in percentages\n|rule|Endless Battle Clause: Forcing endless battles is banned\n|rule|OHKO Clause: OHKO moves are banned\n|rule|Evasion Moves Clause: Evasion moves are banned\n|rule|Evasion Abilities Clause: Evasion abilities are banned\n|rule|Species Clause: Limit one of each Pok\u00e9mon\n|rule|Gravity Sleep Clause: The combination of sleep-inducing moves with imperfect accuracy and Gravity or Gigantamax Orbeetle are banned\n|clearpoke\n|poke|p1|Volcarona, M|\n|poke|p1|Landorus-Therian, M|\n|poke|p1|Reuniclus, M|\n|poke|p1|Sableye, F|\n|poke|p1|Poliwrath, M|\n|poke|p1|Luxray, F|\n|poke|p2|Zamazenta-*|\n|poke|p2|Lycanroc-Midnight, F|\n|poke|p2|Shaymin-Sky|\n|poke|p2|Sylveon, F|\n|poke|p2|Arcanine, F|\n|poke|p2|Houndoom, F|\n|teampreview\n|\n|t:|1697251227\n|start\n|switch|p1a: Volcarona|Volcarona, M|100\/100\n|switch|p1b: Landorus|Landorus-Therian, M|100\/100\n|switch|p2a: doggie|Shaymin-Sky|100\/100\n|switch|p2b: big pupie|Houndoom, F|100\/100\n|-ability|p1b: Landorus|Intimidate|boost\n|-unboost|p2a: doggie|atk|1\n|-unboost|p2b: big pupie|atk|1\n|turn|1\n|\n|t:|1697251303\n|switch|p2a: wolfie|Lycanroc-Midnight, F|100\/100\n|detailschange|p2b: big pupie|Houndoom-Mega, F\n|-mega|p2b: big pupie|Houndoom|Houndoominite\n|move|p2b: big pupie|Flame Charge|p1a: Volcarona\n|-damage|p1a: Volcarona|91\/100\n|-boost|p2b: big pupie|spe|1\n|move|p1a: Volcarona|Flamethrower|p2a: wolfie\n|-resisted|p2a: wolfie\n|-damage|p2a: wolfie|75\/100\n|move|p1b: Landorus|U-turn|p2b: big pupie\n|-damage|p2b: big pupie|72\/100\n|\n|t:|1697251322\n|switch|p1b: Poliwrath|Poliwrath, M|100\/100|[from] U-turn\n|\n|upkeep\n|turn|2\n|\n|t:|1697251374\n|switch|p2a: doggie|Shaymin-Sky|100\/100\n|move|p2b: big pupie|Dark Pulse|p1a: Volcarona\n|-damage|p1a: Volcarona|51\/100\n|move|p1a: Volcarona|Bug Buzz|p2b: big pupie\n|-damage|p2b: big pupie|19\/100\n|move|p1b: Poliwrath|Scald|p2b: big pupie\n|-supereffective|p2b: big pupie\n|-damage|p2b: big pupie|0 fnt\n|faint|p2b: big pupie\n|\n|upkeep\n|\n|t:|1697251423\n|switch|p2b: gay dog|Sylveon, F|100\/100\n|turn|3\n|c|\u2606JackieNut|:-3\n|\n|t:|1697251469\n|move|p2a: doggie|Air Slash|p1a: Volcarona\n|-supereffective|p1a: Volcarona\n|-damage|p1a: Volcarona|0 fnt\n|faint|p1a: Volcarona\n|move|p1b: Poliwrath|Scald|p2b: gay dog\n|-damage|p2b: gay dog|81\/100\n|move|p2b: gay dog|Substitute|p2b: gay dog\n|-start|p2b: gay dog|Substitute\n|-damage|p2b: gay dog|57\/100\n|\n|-heal|p2b: gay dog|63\/100|[from] item: Leftovers\n|upkeep\n|\n|t:|1697251488\n|switch|p1a: Landorus|Landorus-Therian, M|100\/100\n|-ability|p1a: Landorus|Intimidate|boost\n|-unboost|p2a: doggie|atk|1\n|-immune|p2b: gay dog\n|turn|4\n|\n|t:|1697251522\n|move|p2a: doggie|Air Slash|p1b: Poliwrath\n|-supereffective|p1b: Poliwrath\n|-crit|p1b: Poliwrath\n|-damage|p1b: Poliwrath|0 fnt\n|faint|p1b: Poliwrath\n|move|p1a: Landorus|U-turn|p2a: doggie\n|-damage|p2a: doggie|73\/100\n|\n|t:|1697251534\n|switch|p1a: Luxray|Luxray, F|100\/100|[from] U-turn\n|move|p2b: gay dog|Hyper Voice|p1a: Luxray\n|-damage|p1a: Luxray|26\/100\n|\n|-heal|p2b: gay dog|69\/100|[from] item: Leftovers\n|-status|p1a: Luxray|brn|[from] item: Flame Orb\n|upkeep\n|\n|t:|1697251543\n|switch|p1b: Sableye|Sableye, F|100\/100\n|turn|5\n|\n|t:|1697251588\n|move|p1b: Sableye|Will-O-Wisp|p2a: doggie\n|-status|p2a: doggie|brn\n|move|p2a: doggie|Air Slash|p1a: Luxray\n|-resisted|p1a: Luxray\n|-damage|p1a: Luxray|0 fnt\n|faint|p1a: Luxray\n|move|p2b: gay dog|Hyper Voice|p1b: Sableye\n|-supereffective|p1b: Sableye\n|-damage|p1b: Sableye|0 fnt\n|faint|p1b: Sableye\n|\n|-heal|p2b: gay dog|75\/100|[from] item: Leftovers\n|-damage|p2a: doggie|67\/100 brn|[from] brn\n|upkeep\n|\n|t:|1697251602\n|switch|p1a: Landorus|Landorus-Therian, M|100\/100\n|switch|p1b: Reuniclus|Reuniclus, M|100\/100\n|-ability|p1a: Landorus|Intimidate|boost\n|-unboost|p2a: doggie|atk|1\n|-immune|p2b: gay dog\n|turn|6\n|\n|t:|1697251633\n|move|p2a: doggie|Air Slash|p1a: Landorus\n|-damage|p1a: Landorus|53\/100\n|cant|p1a: Landorus|flinch\n|move|p2b: gay dog|Hyper Voice|p1b: Reuniclus|[spread] p1a,p1b\n|-damage|p1a: Landorus|20\/100\n|-damage|p1b: Reuniclus|64\/100\n|move|p1b: Reuniclus|Calm Mind|p1b: Reuniclus\n|-boost|p1b: Reuniclus|spa|1\n|-boost|p1b: Reuniclus|spd|1\n|\n|-heal|p1a: Landorus|26\/100|[from] item: Leftovers\n|-heal|p2b: gay dog|81\/100|[from] item: Leftovers\n|-damage|p2a: doggie|61\/100 brn|[from] brn\n|upkeep\n|turn|7\n|\n|t:|1697251663\n|move|p2a: doggie|Air Slash|p1a: Landorus\n|-damage|p1a: Landorus|0 fnt\n|faint|p1a: Landorus\n|move|p2b: gay dog|Hyper Voice|p1b: Reuniclus\n|-damage|p1b: Reuniclus|30\/100\n|move|p1b: Reuniclus|Psyshock|p2a: doggie\n|-damage|p2a: doggie|0 fnt\n|faint|p2a: doggie\n|\n|-heal|p2b: gay dog|87\/100|[from] item: Leftovers\n|upkeep\n|\n|t:|1697251683\n|switch|p2a: wolfie|Lycanroc-Midnight, F|75\/100\n|turn|8\n|\n|t:|1697251690\n|move|p2a: wolfie|Sucker Punch||[still]\n|-fail|p2a: wolfie\n|move|p2b: gay dog|Hyper Voice|p1b: Reuniclus\n|-damage|p1b: Reuniclus|0 fnt\n|faint|p1b: Reuniclus\n|\n|win|JackieNut\n","uploadtime":1697251697,"views":18,"p1id":"slowriotsaccount","p2id":"jackienut","formatid":"gen9nationaldexdoubles","rating":0,"private":0,"password":""}