{"id":"gen9nationaldexdoubles-1986826030","p1":"zxcvbnmy","p2":"Mirrrza","format":"[Gen 9] National Dex Doubles","log":"|j|\u2606zxcvbnmy\n|j|\u2606Mirrrza\n|t:|1699530825\n|gametype|doubles\n|player|p1|zxcvbnmy|101|1086\n|player|p2|Mirrrza|saturn|1390\n|teamsize|p1|6\n|teamsize|p2|6\n|gen|9\n|tier|[Gen 9] National Dex Doubles\n|rated|\n|rule|HP Percentage Mod: HP is shown in percentages\n|rule|Endless Battle Clause: Forcing endless battles is banned\n|rule|OHKO Clause: OHKO moves are banned\n|rule|Evasion Moves Clause: Evasion moves are banned\n|rule|Evasion Abilities Clause: Evasion abilities are banned\n|rule|Species Clause: Limit one of each Pok\u00e9mon\n|rule|Gravity Sleep Clause: The combination of sleep-inducing moves with imperfect accuracy and Gravity or Gigantamax Orbeetle are banned\n|clearpoke\n|poke|p1|Breloom, F|\n|poke|p1|Tornadus, M|\n|poke|p1|Metagross|\n|poke|p1|Hydreigon, F|\n|poke|p1|Arcanine-Hisui, F|\n|poke|p1|Okidogi, M|\n|poke|p2|Volcarona, M|\n|poke|p2|Smeargle, M|\n|poke|p2|Tapu Lele|\n|poke|p2|Tapu Fini|\n|poke|p2|Suicune|\n|poke|p2|Chien-Pao|\n|teampreview\n|inactive|Battle timer is ON: inactive players will automatically lose when time's up. (requested by Mirrrza)\n|\n|t:|1699530836\n|start\n|switch|p1a: Breloom|Breloom, F|100\/100\n|switch|p1b: Tornadus|Tornadus, M|100\/100\n|switch|p2a: Miami Terror|Volcarona, M|100\/100\n|switch|p2b: Bobby Lee|Smeargle, M|100\/100\n|turn|1\n|\n|t:|1699530851\n|switch|p2b: Lana|Tapu Fini|100\/100\n|-fieldstart|move: Misty Terrain|[from] ability: Misty Surge|[of] p2b: Lana\n|move|p1b: Tornadus|Tailwind|p1b: Tornadus\n|-sidestart|p1: zxcvbnmy|move: Tailwind\n|move|p1a: Breloom|Spore|p2b: Lana\n|-activate|p2b: Lana|move: Misty Terrain\n|move|p2a: Miami Terror|Quiver Dance|p2a: Miami Terror\n|-boost|p2a: Miami Terror|spa|1\n|-boost|p2a: Miami Terror|spd|1\n|-boost|p2a: Miami Terror|spe|1\n|\n|upkeep\n|turn|2\n|\n|t:|1699530872\n|switch|p2b: Bobby Lee|Smeargle, M|100\/100\n|move|p1b: Tornadus|Bleakwind Storm|p2b: Bobby Lee|[spread] p2a\n|-miss|p1b: Tornadus|p2b: Bobby Lee\n|-supereffective|p2a: Miami Terror\n|-damage|p2a: Miami Terror|53\/100\n|-unboost|p2a: Miami Terror|spe|1\n|move|p1a: Breloom|Bullet Seed|p2b: Bobby Lee\n|-damage|p2b: Bobby Lee|50\/100\n|-damage|p2b: Bobby Lee|0 fnt\n|faint|p2b: Bobby Lee\n|-hitcount|p2: Bobby Lee|2\n|move|p2a: Miami Terror|Quiver Dance|p2a: Miami Terror\n|-boost|p2a: Miami Terror|spa|1\n|-boost|p2a: Miami Terror|spd|1\n|-boost|p2a: Miami Terror|spe|1\n|\n|-heal|p2a: Miami Terror|60\/100|[from] item: Leftovers\n|upkeep\n|inactive|Mirrrza has 120 seconds left.\n|\n|t:|1699530889\n|switch|p2b: Phoebe|Tapu Lele|100\/100\n|-fieldstart|move: Psychic Terrain|[from] ability: Psychic Surge|[of] p2b: Phoebe\n|turn|3\n|\n|t:|1699530898\n|move|p1b: Tornadus|Bleakwind Storm|p2b: Phoebe|[spread] p2a,p2b\n|-supereffective|p2a: Miami Terror\n|-damage|p2a: Miami Terror|26\/100\n|-damage|p2b: Phoebe|66\/100\n|-unboost|p2a: Miami Terror|spe|1\n|-unboost|p2b: Phoebe|spe|1\n|move|p1a: Breloom|Spore|p2a: Miami Terror\n|-status|p2a: Miami Terror|slp|[from] move: Spore\n|cant|p2a: Miami Terror|slp\n|move|p2b: Phoebe|Psych Up|p2a: Miami Terror\n|-copyboost|p2b: Phoebe|p2a: Miami Terror|[from] move: Psych Up\n|\n|-heal|p2a: Miami Terror|32\/100 slp|[from] item: Leftovers\n|upkeep\n|turn|4\n|\n|t:|1699530916\n|switch|p2a: Lana|Tapu Fini|100\/100\n|-fieldstart|move: Misty Terrain|[from] ability: Misty Surge|[of] p2a: Lana\n|move|p1b: Tornadus|Bleakwind Storm|p2b: Phoebe|[spread] p2a\n|-miss|p1b: Tornadus|p2b: Phoebe\n|-damage|p2a: Lana|72\/100\n|move|p1a: Breloom|Bullet Seed|p2b: Phoebe\n|-damage|p2b: Phoebe|48\/100\n|-damage|p2b: Phoebe|30\/100\n|-damage|p2b: Phoebe|12\/100\n|-enditem|p2b: Phoebe|Wiki Berry|[eat]\n|-heal|p2b: Phoebe|45\/100|[from] item: Wiki Berry\n|-damage|p2b: Phoebe|25\/100\n|-hitcount|p2b: Phoebe|4\n|move|p2b: Phoebe|Dazzling Gleam|p1a: Breloom|[spread] p1a,p1b\n|-supereffective|p1a: Breloom\n|-damage|p1a: Breloom|0 fnt\n|-damage|p1b: Tornadus|38\/100\n|faint|p1a: Breloom\n|\n|-sideend|p1: zxcvbnmy|move: Tailwind\n|upkeep\n|inactive|zxcvbnmy has 120 seconds left.\n|\n|t:|1699530943\n|switch|p1a: Metagross|Metagross|100\/100\n|turn|5\n|\n|t:|1699530953\n|detailschange|p1a: Metagross|Metagross-Mega\n|-mega|p1a: Metagross|Metagross|Metagrossite\n|move|p2b: Phoebe|Protect|p2b: Phoebe\n|-singleturn|p2b: Phoebe|Protect\n|move|p1b: Tornadus|Tailwind|p1b: Tornadus\n|-sidestart|p1: zxcvbnmy|move: Tailwind\n|move|p1a: Metagross|Meteor Mash|p2b: Phoebe\n|-activate|p2b: Phoebe|move: Protect\n|move|p2a: Lana|Psych Up|p2b: Phoebe\n|-copyboost|p2a: Lana|p2b: Phoebe|[from] move: Psych Up\n|\n|upkeep\n|turn|6\n|\n|t:|1699530969\n|switch|p2b: Miami Terror|Volcarona, M|32\/100 slp\n|move|p1a: Metagross|Meteor Mash|p2b: Miami Terror\n|-resisted|p2b: Miami Terror\n|-crit|p2b: Miami Terror\n|-damage|p2b: Miami Terror|0 fnt\n|faint|p2b: Miami Terror\n|move|p1b: Tornadus|Sludge Wave|p2a: Lana|[spread] p2a\n|-immune|p1a: Metagross\n|-supereffective|p2a: Lana\n|-damage|p2a: Lana|53\/100\n|move|p2a: Lana|Muddy Water|p1b: Tornadus|[spread] p1a,p1b\n|-damage|p1a: Metagross|48\/100\n|-damage|p1b: Tornadus|0 fnt\n|-unboost|p1a: Metagross|accuracy|1\n|faint|p1b: Tornadus\n|\n|upkeep\n|\n|t:|1699530991\n|switch|p1b: Okidogi|Okidogi, M|100\/100\n|switch|p2b: Azura|Suicune|100\/100\n|turn|7\n|\n|t:|1699531004\n|-terastallize|p2a: Lana|Ground\n|move|p1a: Metagross|Zen Headbutt|p2b: Azura|[miss]\n|-miss|p1a: Metagross|p2b: Azura\n|move|p1b: Okidogi|Poison Jab|p2a: Lana\n|-resisted|p2a: Lana\n|-damage|p2a: Lana|37\/100\n|move|p2b: Azura|Psych Up|p2a: Lana\n|-copyboost|p2b: Azura|p2a: Lana|[from] move: Psych Up\n|move|p2a: Lana|Muddy Water|p1a: Metagross|[spread] p1a,p1b\n|-damage|p1a: Metagross|0 fnt\n|-damage|p1b: Okidogi|62\/100\n|faint|p1a: Metagross\n|\n|upkeep\n|\n|t:|1699531019\n|switch|p1a: Arcanine|Arcanine-Hisui, F|100\/100\n|turn|8\n|\n|t:|1699531025\n|move|p1a: Arcanine|Head Smash|p2b: Azura\n|-damage|p2b: Azura|17\/100\n|-enditem|p2b: Azura|Aguav Berry|[eat]\n|-heal|p2b: Azura|50\/100|[from] item: Aguav Berry\n|move|p1b: Okidogi|Ice Punch|p2a: Lana\n|-supereffective|p2a: Lana\n|-damage|p2a: Lana|0 fnt\n|faint|p2a: Lana\n|move|p2b: Azura|Scald|p1a: Arcanine\n|-supereffective|p1a: Arcanine\n|-damage|p1a: Arcanine|0 fnt\n|faint|p1a: Arcanine\n|\n|-sideend|p1: zxcvbnmy|move: Tailwind\n|-fieldend|Misty Terrain\n|upkeep\n|\n|t:|1699531040\n|switch|p1a: Hydreigon|Hydreigon, F|100\/100\n|switch|p2a: Mi-Aow|Chien-Pao|100\/100\n|-ability|p2a: Mi-Aow|Sword of Ruin\n|turn|9\n|\n|t:|1699531053\n|move|p2a: Mi-Aow|Ice Spinner|p1b: Okidogi\n|-damage|p1b: Okidogi|21\/100\n|move|p1a: Hydreigon|Dark Pulse|p2a: Mi-Aow\n|-resisted|p2a: Mi-Aow\n|-crit|p2a: Mi-Aow\n|-damage|p2a: Mi-Aow|53\/100\n|move|p2b: Azura|Ice Beam|p1a: Hydreigon\n|-supereffective|p1a: Hydreigon\n|-damage|p1a: Hydreigon|0 fnt\n|faint|p1a: Hydreigon\n|move|p1b: Okidogi|Poison Jab|p2b: Azura\n|-damage|p2b: Azura|3\/100\n|-status|p2b: Azura|psn\n|\n|-damage|p2b: Azura|0 fnt|[from] psn\n|faint|p2b: Azura\n|upkeep\n|\n|t:|1699531067\n|switch|p2b: Phoebe|Tapu Lele|25\/100\n|-fieldstart|move: Psychic Terrain|[from] ability: Psychic Surge|[of] p2b: Phoebe\n|turn|10\n|-message|zxcvbnmy forfeited.\n|\n|win|Mirrrza\n|raw|zxcvbnmy's rating: 1086 &rarr; <strong>1079<\/strong><br \/>(-7 for losing)\n|raw|Mirrrza's rating: 1390 &rarr; <strong>1396<\/strong><br \/>(+6 for winning)\n|l|\u2606zxcvbnmy\n","uploadtime":1699531900,"views":5,"p1id":"zxcvbnmy","p2id":"mirrrza","formatid":"gen9nationaldexdoubles","rating":1079,"private":0,"password":""}