{"id":"gen9nationaldexdoubles-1949393434","p1":"Anna Lisa Melculo","p2":"Thalassophobia","format":"[Gen 9] National Dex Doubles","log":"|j|\u2606Anna Lisa Melculo\n|j|\u2606Thalassophobia\n|t:|1695354930\n|gametype|doubles\n|player|p1|Anna Lisa Melculo|1|1041\n|player|p2|Thalassophobia|pokekid|1091\n|teamsize|p1|6\n|teamsize|p2|6\n|gen|9\n|tier|[Gen 9] National Dex Doubles\n|rated|\n|rule|HP Percentage Mod: HP is shown in percentages\n|rule|Endless Battle Clause: Forcing endless battles is banned\n|rule|OHKO Clause: OHKO moves are banned\n|rule|Evasion Moves Clause: Evasion moves are banned\n|rule|Evasion Abilities Clause: Evasion abilities are banned\n|rule|Species Clause: Limit one of each Pok\u00e9mon\n|rule|Gravity Sleep Clause: The combination of sleep-inducing moves with imperfect accuracy and Gravity or Gigantamax Orbeetle are banned\n|clearpoke\n|poke|p1|Torkoal, M|\n|poke|p1|Flutter Mane|\n|poke|p1|Walking Wake|\n|poke|p1|Slither Wing|\n|poke|p1|Chien-Pao|\n|poke|p1|Kingambit, M|\n|poke|p2|Umbreon, F|\n|poke|p2|Vaporeon, M|\n|poke|p2|Sylveon, F|\n|poke|p2|Ambipom, M|\n|poke|p2|Floatzel, F|\n|poke|p2|Glaceon, M|\n|teampreview\n|\n|t:|1695354942\n|start\n|switch|p1a: Pana Zulia|Torkoal, M|100\/100\n|switch|p1b: Agua Potable|Walking Wake|100\/100\n|switch|p2a: Ambipom|Ambipom, M|100\/100\n|switch|p2b: Floatzel|Floatzel, F|100\/100\n|-weather|SunnyDay|[from] ability: Drought|[of] p1a: Pana Zulia\n|-activate|p1b: Agua Potable|ability: Protosynthesis\n|-start|p1b: Agua Potable|protosynthesisspe\n|turn|1\n|inactive|Battle timer is ON: inactive players will automatically lose when time's up. (requested by Thalassophobia)\n|\n|t:|1695354961\n|move|p2b: Floatzel|Protect|p2b: Floatzel\n|-singleturn|p2b: Floatzel|Protect\n|move|p2a: Ambipom|Fake Out|p1a: Pana Zulia\n|-damage|p1a: Pana Zulia|76\/100\n|-damage|p2a: Ambipom|91\/100|[from] item: Life Orb\n|move|p1b: Agua Potable|Hydro Steam|p2b: Floatzel\n|-activate|p2b: Floatzel|move: Protect\n|cant|p1a: Pana Zulia|flinch\n|\n|-weather|SunnyDay|[upkeep]\n|upkeep\n|turn|2\n|\n|t:|1695354977\n|switch|p2a: Vaporeon|Vaporeon, M|100\/100\n|move|p1b: Agua Potable|Hydro Steam|p2a: Vaporeon\n|-immune|p2a: Vaporeon|[from] ability: Water Absorb\n|move|p2b: Floatzel|Surf|p1b: Agua Potable|[spread] p1a,p1b\n|-immune|p2a: Vaporeon|[from] ability: Water Absorb\n|-supereffective|p1a: Pana Zulia\n|-crit|p1a: Pana Zulia\n|-resisted|p1b: Agua Potable\n|-damage|p1a: Pana Zulia|43\/100\n|-damage|p1b: Agua Potable|98\/100\n|move|p1a: Pana Zulia|Stealth Rock|p2a: Vaporeon\n|-sidestart|p2: Thalassophobia|move: Stealth Rock\n|\n|-weather|SunnyDay|[upkeep]\n|upkeep\n|turn|3\n|\n|t:|1695354997\n|move|p1b: Agua Potable|Hydro Steam|p2b: Floatzel\n|-resisted|p2b: Floatzel\n|-damage|p2b: Floatzel|2\/100\n|move|p2b: Floatzel|Surf|p1b: Agua Potable|[spread] p1a,p1b\n|-immune|p2a: Vaporeon|[from] ability: Water Absorb\n|-supereffective|p1a: Pana Zulia\n|-resisted|p1b: Agua Potable\n|-damage|p1a: Pana Zulia|22\/100\n|-damage|p1b: Agua Potable|95\/100\n|move|p2a: Vaporeon|Scald|p1a: Pana Zulia\n|-supereffective|p1a: Pana Zulia\n|-damage|p1a: Pana Zulia|0 fnt\n|faint|p1a: Pana Zulia\n|\n|-weather|SunnyDay|[upkeep]\n|-heal|p2b: Floatzel|8\/100|[from] item: Leftovers\n|upkeep\n|inactive|Anna Lisa Melculo has 120 seconds left.\n|\n|t:|1695355019\n|switch|p1a: PeloeQk|Flutter Mane|100\/100\n|-activate|p1a: PeloeQk|ability: Protosynthesis\n|-start|p1a: PeloeQk|protosynthesisspe\n|turn|4\n|\n|t:|1695355030\n|move|p2b: Floatzel|Protect|p2b: Floatzel\n|-singleturn|p2b: Floatzel|Protect\n|move|p1a: PeloeQk|Calm Mind|p1a: PeloeQk\n|-boost|p1a: PeloeQk|spa|1\n|-boost|p1a: PeloeQk|spd|1\n|move|p1b: Agua Potable|Hydro Steam|p2b: Floatzel\n|-activate|p2b: Floatzel|move: Protect\n|move|p2a: Vaporeon|Aqua Ring|p2a: Vaporeon\n|-start|p2a: Vaporeon|Aqua Ring\n|\n|-weather|SunnyDay|[upkeep]\n|-heal|p2b: Floatzel|14\/100|[from] item: Leftovers\n|upkeep\n|turn|5\n|inactive|Anna Lisa Melculo has 120 seconds left.\n|inactive|Thalassophobia has 120 seconds left.\n|\n|t:|1695355068\n|move|p1a: PeloeQk|Shadow Ball|p2a: Vaporeon\n|-damage|p2a: Vaporeon|44\/100\n|-damage|p1a: PeloeQk|90\/100|[from] item: Life Orb\n|move|p1b: Agua Potable|Hydro Steam|p2b: Floatzel\n|-resisted|p2b: Floatzel\n|-damage|p2b: Floatzel|0 fnt\n|faint|p2b: Floatzel\n|move|p2a: Vaporeon|Ice Beam|p1b: Agua Potable\n|-damage|p1b: Agua Potable|57\/100\n|\n|-weather|none\n|-end|p1a: PeloeQk|Protosynthesis\n|-end|p1b: Agua Potable|Protosynthesis\n|-heal|p2a: Vaporeon|50\/100|[from] item: Leftovers\n|-heal|p2a: Vaporeon|57\/100|[from] Aqua Ring\n|upkeep\n|inactive|Thalassophobia has 120 seconds left.\n|\n|t:|1695355075\n|switch|p2b: Ambipom|Ambipom, M|91\/100\n|-damage|p2b: Ambipom|78\/100|[from] Stealth Rock\n|turn|6\n|\n|t:|1695355089\n|-end|p1b: Agua Potable|Protosynthesis|[silent]\n|switch|p1b: Kingambit|Kingambit, M|100\/100\n|move|p2b: Ambipom|Fake Out|p1b: Kingambit\n|-resisted|p1b: Kingambit\n|-damage|p1b: Kingambit|89\/100\n|-damage|p2b: Ambipom|68\/100|[from] item: Life Orb\n|move|p1a: PeloeQk|Dazzling Gleam|p2b: Ambipom|[spread] p2a,p2b\n|-damage|p2a: Vaporeon|16\/100\n|-damage|p2b: Ambipom|0 fnt\n|faint|p2b: Ambipom\n|-damage|p1a: PeloeQk|80\/100|[from] item: Life Orb\n|move|p2a: Vaporeon|Ice Beam|p1b: Kingambit\n|-resisted|p1b: Kingambit\n|-damage|p1b: Kingambit|79\/100\n|\n|-heal|p2a: Vaporeon|22\/100|[from] item: Leftovers\n|-heal|p2a: Vaporeon|29\/100|[from] Aqua Ring\n|upkeep\n|\n|t:|1695355106\n|switch|p2b: Umbreon|Umbreon, F, shiny|100\/100\n|-damage|p2b: Umbreon|88\/100|[from] Stealth Rock\n|turn|7\n|\n|t:|1695355127\n|switch|p2a: Sylveon|Sylveon, F|100\/100\n|-damage|p2a: Sylveon|88\/100|[from] Stealth Rock\n|move|p1a: PeloeQk|Dazzling Gleam|p2b: Umbreon|[spread] p2a,p2b\n|-supereffective|p2b: Umbreon\n|-damage|p2a: Sylveon|61\/100\n|-damage|p2b: Umbreon|4\/100\n|-damage|p1a: PeloeQk|70\/100|[from] item: Life Orb\n|move|p2b: Umbreon|Wish|p2b: Umbreon\n|move|p1b: Kingambit|Iron Head|p2b: Umbreon\n|-damage|p2b: Umbreon|0 fnt\n|faint|p2b: Umbreon\n|\n|upkeep\n|\n|t:|1695355141\n|switch|p2b: Vaporeon|Vaporeon, M|29\/100\n|-damage|p2b: Vaporeon|16\/100|[from] Stealth Rock\n|turn|8\n|\n|t:|1695355158\n|move|p1a: PeloeQk|Calm Mind|p1a: PeloeQk\n|-boost|p1a: PeloeQk|spa|1\n|-boost|p1a: PeloeQk|spd|1\n|move|p2b: Vaporeon|Aqua Ring|p2b: Vaporeon\n|-start|p2b: Vaporeon|Aqua Ring\n|move|p2a: Sylveon|Hyper Voice|p1b: Kingambit|[spread] p1a,p1b\n|-damage|p1a: PeloeQk|51\/100\n|-damage|p1b: Kingambit|51\/100\n|move|p1b: Kingambit|Iron Head|p2a: Sylveon\n|-supereffective|p2a: Sylveon\n|-damage|p2a: Sylveon|0 fnt\n|faint|p2a: Sylveon\n|\n|-heal|p2b: Vaporeon|59\/100|[from] move: Wish|[wisher] Umbreon\n|-heal|p2b: Vaporeon|65\/100|[from] item: Leftovers\n|-heal|p2b: Vaporeon|71\/100|[from] Aqua Ring\n|upkeep\n|\n|t:|1695355164\n|switch|p2a: Glaceon|Glaceon, M, shiny|100\/100\n|-damage|p2a: Glaceon|76\/100|[from] Stealth Rock\n|turn|9\n|\n|t:|1695355182\n|move|p1b: Kingambit|Sucker Punch|p2b: Vaporeon\n|-damage|p2b: Vaporeon|23\/100\n|move|p1a: PeloeQk|Dazzling Gleam|p2b: Vaporeon|[spread] p2a,p2b\n|-damage|p2a: Glaceon|0 fnt\n|-damage|p2b: Vaporeon|0 fnt\n|faint|p2a: Glaceon\n|faint|p2b: Vaporeon\n|-damage|p1a: PeloeQk|41\/100|[from] item: Life Orb\n|\n|win|Anna Lisa Melculo\n|raw|Anna Lisa Melculo's rating: 1041 &rarr; <strong>1080<\/strong><br \/>(+39 for winning)\n|raw|Thalassophobia's rating: 1091 &rarr; <strong>1064<\/strong><br \/>(-27 for losing)\n|l|\u2606Thalassophobia\n","uploadtime":1695355194,"views":10,"p1id":"annalisamelculo","p2id":"thalassophobia","formatid":"gen9nationaldexdoubles","rating":1064,"private":0,"password":""}