{"id":"gen9nationaldexdoubles-1956699369","p1":"Epilepsy Espeon","p2":"KingGodzila","format":"[Gen 9] National Dex Doubles","log":"|j|\u2606Epilepsy Espeon\n|j|\u2606KingGodzila\n|t:|1696137273\n|gametype|doubles\n|player|p1|Epilepsy Espeon|psychic-gen4|1068\n|player|p2|KingGodzila|bugsy|1006\n|teamsize|p1|6\n|teamsize|p2|6\n|gen|9\n|tier|[Gen 9] National Dex Doubles\n|rated|\n|rule|HP Percentage Mod: HP is shown in percentages\n|rule|Endless Battle Clause: Forcing endless battles is banned\n|rule|OHKO Clause: OHKO moves are banned\n|rule|Evasion Moves Clause: Evasion moves are banned\n|rule|Evasion Abilities Clause: Evasion abilities are banned\n|rule|Species Clause: Limit one of each Pok\u00e9mon\n|rule|Gravity Sleep Clause: The combination of sleep-inducing moves with imperfect accuracy and Gravity or Gigantamax Orbeetle are banned\n|clearpoke\n|poke|p1|Espeon, F|\n|poke|p1|Lurantis, F|\n|poke|p1|Corsola-Galar, F|\n|poke|p1|Sableye, M|\n|poke|p1|Chimecho, M|\n|poke|p1|Muk-Alola, M|\n|poke|p2|Vikavolt, M|\n|poke|p2|Lokix, M|\n|poke|p2|Golisopod, M|\n|poke|p2|Cresselia, F|\n|poke|p2|Escavalier, M|\n|poke|p2|Whirlipede, M|\n|teampreview\n|\n|t:|1696137278\n|start\n|switch|p1a: Chimecho|Chimecho, M|100\/100\n|switch|p1b: Muk|Muk-Alola, M|100\/100\n|switch|p2a: \u7f8e\u68a6\u8001\u5988|Cresselia, F|100\/100\n|switch|p2b: \u4e38\u5b50\u9f99|Whirlipede, M, shiny|100\/100\n|turn|1\n|\n|t:|1696137297\n|move|p1b: Muk|Rock Polish|p1b: Muk\n|-boost|p1b: Muk|spe|2\n|move|p1a: Chimecho|Cosmic Power|p1a: Chimecho\n|-boost|p1a: Chimecho|def|1\n|-boost|p1a: Chimecho|spd|1\n|move|p2a: \u7f8e\u68a6\u8001\u5988|Toxic|p1a: Chimecho\n|-status|p1a: Chimecho|tox\n|move|p2b: \u4e38\u5b50\u9f99|Toxic Spikes|p1a: Chimecho\n|-sidestart|p1: Epilepsy Espeon|move: Toxic Spikes\n|\n|-damage|p1a: Chimecho|94\/100 tox|[from] psn\n|upkeep\n|turn|2\n|\n|t:|1696137312\n|move|p1b: Muk|Rock Slide|p2b: \u4e38\u5b50\u9f99|[spread] p2a,p2b\n|-supereffective|p2b: \u4e38\u5b50\u9f99\n|-damage|p2a: \u7f8e\u68a6\u8001\u5988|91\/100\n|-damage|p2b: \u4e38\u5b50\u9f99|72\/100\n|move|p1a: Chimecho|Cosmic Power|p1a: Chimecho\n|-boost|p1a: Chimecho|def|1\n|-boost|p1a: Chimecho|spd|1\n|move|p2b: \u4e38\u5b50\u9f99|Substitute|p2b: \u4e38\u5b50\u9f99\n|-start|p2b: \u4e38\u5b50\u9f99|Substitute\n|-damage|p2b: \u4e38\u5b50\u9f99|47\/100\n|move|p2a: \u7f8e\u68a6\u8001\u5988|Trick Room|p2a: \u7f8e\u68a6\u8001\u5988\n|-fieldstart|move: Trick Room|[of] p2a: \u7f8e\u68a6\u8001\u5988\n|\n|-heal|p2a: \u7f8e\u68a6\u8001\u5988|97\/100|[from] item: Leftovers\n|-heal|p1a: Chimecho|100\/100 tox|[from] item: Leftovers\n|-damage|p1a: Chimecho|88\/100 tox|[from] psn\n|upkeep\n|turn|3\n|\n|t:|1696137347\n|switch|p2a: \u7535\u5149\u8f68\u9053\u70ae|Vikavolt, M|100\/100\n|switch|p1b: Espeon|Espeon, F|100\/100\n|-status|p1b: Espeon|psn\n|move|p2b: \u4e38\u5b50\u9f99|Protect|p2b: \u4e38\u5b50\u9f99\n|-singleturn|p2b: \u4e38\u5b50\u9f99|Protect\n|move|p1a: Chimecho|Cosmic Power|p1a: Chimecho\n|-boost|p1a: Chimecho|def|1\n|-boost|p1a: Chimecho|spd|1\n|\n|-heal|p1a: Chimecho|94\/100 tox|[from] item: Leftovers\n|-damage|p1a: Chimecho|76\/100 tox|[from] psn\n|-damage|p1b: Espeon|88\/100 psn|[from] psn\n|upkeep\n|turn|4\n|\n|t:|1696137363\n|move|p2a: \u7535\u5149\u8f68\u9053\u70ae|Discharge|p1a: Chimecho|[spread] p2b,p1a,p1b\n|-end|p2b: \u4e38\u5b50\u9f99|Substitute\n|-damage|p1a: Chimecho|56\/100 tox\n|-damage|p1b: Espeon|29\/100 psn\n|-damage|p2a: \u7535\u5149\u8f68\u9053\u70ae|91\/100|[from] item: Life Orb\n|move|p2b: \u4e38\u5b50\u9f99|Venom Drench|p1a: Chimecho\n|move|p1b: Espeon|Venom Drench||[from]ability: Magic Bounce|[still]|[spread] |[spread] p1a\n|-fail|p1b: Espeon\n|-unboost|p1a: Chimecho|atk|1\n|-unboost|p1a: Chimecho|spa|1\n|-unboost|p1a: Chimecho|spe|1\n|move|p1a: Chimecho|Stored Power|p2b: \u4e38\u5b50\u9f99\n|-supereffective|p2b: \u4e38\u5b50\u9f99\n|-damage|p2b: \u4e38\u5b50\u9f99|0 fnt\n|faint|p2b: \u4e38\u5b50\u9f99\n|move|p1b: Espeon|Psych Up|p1a: Chimecho\n|-copyboost|p1b: Espeon|p1a: Chimecho|[from] move: Psych Up\n|\n|-heal|p1a: Chimecho|63\/100 tox|[from] item: Leftovers\n|-damage|p1a: Chimecho|38\/100 tox|[from] psn\n|-damage|p1b: Espeon|17\/100 psn|[from] psn\n|upkeep\n|\n|t:|1696137377\n|switch|p2b: \u7f8e\u68a6\u8001\u5988|Cresselia, F|97\/100\n|turn|5\n|\n|t:|1696137390\n|move|p2a: \u7535\u5149\u8f68\u9053\u70ae|Discharge|p1b: Espeon|[spread] p2b,p1a,p1b\n|-damage|p2b: \u7f8e\u68a6\u8001\u5988|62\/100\n|-damage|p1a: Chimecho|20\/100 tox\n|-damage|p1b: Espeon|0 fnt\n|faint|p1b: Espeon\n|-damage|p2a: \u7535\u5149\u8f68\u9053\u70ae|81\/100|[from] item: Life Orb\n|move|p1a: Chimecho|Heal Pulse|p1: Espeon|[notarget]\n|-fail|p1a: Chimecho\n|move|p2b: \u7f8e\u68a6\u8001\u5988|Dazzling Gleam|p1a: Chimecho\n|-damage|p1a: Chimecho|14\/100 tox\n|\n|-heal|p1a: Chimecho|20\/100 tox|[from] item: Leftovers\n|-heal|p2b: \u7f8e\u68a6\u8001\u5988|69\/100|[from] item: Leftovers\n|-damage|p1a: Chimecho|0 fnt|[from] psn\n|faint|p1a: Chimecho\n|upkeep\n|\n|t:|1696137399\n|switch|p1a: Muk|Muk-Alola, M|100\/100\n|switch|p1b: Lurantis|Lurantis, F|100\/100\n|-sideend|p1: Epilepsy Espeon|move: Toxic Spikes|[of] p1a: Muk\n|turn|6\n|\n|t:|1696137410\n|-terastallize|p1b: Lurantis|Steel\n|move|p2a: \u7535\u5149\u8f68\u9053\u70ae|Discharge|p1b: Lurantis|[spread] p2b,p1a,p1b\n|-crit|p1b: Lurantis\n|-damage|p2b: \u7f8e\u68a6\u8001\u5988|37\/100\n|-damage|p1a: Muk|57\/100\n|-damage|p1b: Lurantis|27\/100\n|-status|p1a: Muk|par\n|-damage|p2a: \u7535\u5149\u8f68\u9053\u70ae|71\/100|[from] item: Life Orb\n|move|p1a: Muk|Rock Slide|p2a: \u7535\u5149\u8f68\u9053\u70ae|[spread] p2a,p2b\n|-supereffective|p2a: \u7535\u5149\u8f68\u9053\u70ae\n|-damage|p2a: \u7535\u5149\u8f68\u9053\u70ae|34\/100\n|-damage|p2b: \u7f8e\u68a6\u8001\u5988|27\/100\n|cant|p2b: \u7f8e\u68a6\u8001\u5988|flinch\n|move|p1b: Lurantis|Leaf Storm|p2b: \u7f8e\u68a6\u8001\u5988\n|-damage|p2b: \u7f8e\u68a6\u8001\u5988|4\/100\n|-boost|p1b: Lurantis|spa|2\n|\n|-heal|p1a: Muk|63\/100 par|[from] item: Black Sludge\n|-heal|p2b: \u7f8e\u68a6\u8001\u5988|10\/100|[from] item: Leftovers\n|-fieldend|move: Trick Room\n|upkeep\n|turn|7\n|\n|t:|1696137432\n|move|p1b: Lurantis|Leaf Storm|p2a: \u7535\u5149\u8f68\u9053\u70ae|[miss]\n|-miss|p1b: Lurantis|p2a: \u7535\u5149\u8f68\u9053\u70ae\n|move|p1a: Muk|Rock Slide|p2a: \u7535\u5149\u8f68\u9053\u70ae|[spread] p2a,p2b\n|-supereffective|p2a: \u7535\u5149\u8f68\u9053\u70ae\n|-damage|p2a: \u7535\u5149\u8f68\u9053\u70ae|0 fnt\n|-damage|p2b: \u7f8e\u68a6\u8001\u5988|2\/100\n|faint|p2a: \u7535\u5149\u8f68\u9053\u70ae\n|move|p2b: \u7f8e\u68a6\u8001\u5988|Trick Room|p2b: \u7f8e\u68a6\u8001\u5988\n|-fieldstart|move: Trick Room|[of] p2b: \u7f8e\u68a6\u8001\u5988\n|\n|-heal|p1a: Muk|69\/100 par|[from] item: Black Sludge\n|-heal|p2b: \u7f8e\u68a6\u8001\u5988|8\/100|[from] item: Leftovers\n|upkeep\n|\n|t:|1696137439\n|switch|p2a: \u4e00\u592b\u5f53\u5173\u4e3a\u9a91\u58eb|Escavalier, M|100\/100\n|turn|8\n|\n|t:|1696137459\n|switch|p2b: \u80fd\u8fdb\u80fd\u9000\u65b9\u6b66\u8005|Golisopod, M, shiny|100\/100\n|move|p2a: \u4e00\u592b\u5f53\u5173\u4e3a\u9a91\u58eb|Drill Run|p1b: Lurantis\n|-supereffective|p1b: Lurantis\n|-damage|p1b: Lurantis|0 fnt\n|faint|p1b: Lurantis\n|-ability|p1a: Muk|Contrary|[from] ability: Power of Alchemy|[of] p1b: Lurantis\n|-damage|p2a: \u4e00\u592b\u5f53\u5173\u4e3a\u9a91\u58eb|91\/100|[from] item: Life Orb\n|move|p1a: Muk|Rock Slide|p2a: \u4e00\u592b\u5f53\u5173\u4e3a\u9a91\u58eb|[spread] p2a,p2b\n|-supereffective|p2b: \u80fd\u8fdb\u80fd\u9000\u65b9\u6b66\u8005\n|-damage|p2a: \u4e00\u592b\u5f53\u5173\u4e3a\u9a91\u58eb|74\/100\n|-damage|p2b: \u80fd\u8fdb\u80fd\u9000\u65b9\u6b66\u8005|75\/100\n|\n|-heal|p1a: Muk|75\/100 par|[from] item: Black Sludge\n|upkeep\n|\n|t:|1696137471\n|switch|p1b: Sableye|Sableye, M|100\/100\n|turn|9\n|\n|t:|1696137500\n|move|p2b: \u80fd\u8fdb\u80fd\u9000\u65b9\u6b66\u8005|First Impression|p1b: Sableye\n|-damage|p1b: Sableye|49\/100\n|move|p1b: Sableye|Confuse Ray|p2a: \u4e00\u592b\u5f53\u5173\u4e3a\u9a91\u58eb\n|-start|p2a: \u4e00\u592b\u5f53\u5173\u4e3a\u9a91\u58eb|confusion\n|-activate|p2a: \u4e00\u592b\u5f53\u5173\u4e3a\u9a91\u58eb|confusion\n|-damage|p2a: \u4e00\u592b\u5f53\u5173\u4e3a\u9a91\u58eb|60\/100|[from] confusion\n|move|p1a: Muk|Rock Polish|p1a: Muk\n|-unboost|p1a: Muk|spe|2\n|\n|-heal|p1a: Muk|81\/100 par|[from] item: Black Sludge\n|upkeep\n|turn|10\n|\n|t:|1696137525\n|move|p1b: Sableye|Encore|p2b: \u80fd\u8fdb\u80fd\u9000\u65b9\u6b66\u8005\n|-start|p2b: \u80fd\u8fdb\u80fd\u9000\u65b9\u6b66\u8005|Encore\n|-activate|p2a: \u4e00\u592b\u5f53\u5173\u4e3a\u9a91\u58eb|confusion\n|move|p2a: \u4e00\u592b\u5f53\u5173\u4e3a\u9a91\u58eb|X-Scissor|p1b: Sableye\n|-damage|p1b: Sableye|0 fnt\n|faint|p1b: Sableye\n|-damage|p2a: \u4e00\u592b\u5f53\u5173\u4e3a\u9a91\u58eb|50\/100|[from] item: Life Orb\n|cant|p1a: Muk|par\n|move|p2b: \u80fd\u8fdb\u80fd\u9000\u65b9\u6b66\u8005|First Impression||[still]\n|-hint|First Impression only works on your first turn out.\n|-fail|p2b: \u80fd\u8fdb\u80fd\u9000\u65b9\u6b66\u8005\n|\n|-heal|p1a: Muk|87\/100 par|[from] item: Black Sludge\n|upkeep\n|\n|t:|1696137537\n|switch|p1b: Corsola|Corsola-Galar, F|100\/100\n|turn|11\n|\n|t:|1696137557\n|switch|p2b: \u7f8e\u68a6\u8001\u5988|Cresselia, F|8\/100\n|-activate|p2a: \u4e00\u592b\u5f53\u5173\u4e3a\u9a91\u58eb|confusion\n|move|p2a: \u4e00\u592b\u5f53\u5173\u4e3a\u9a91\u58eb|Iron Head|p1b: Corsola\n|-damage|p1b: Corsola|61\/100\n|-damage|p2a: \u4e00\u592b\u5f53\u5173\u4e3a\u9a91\u58eb|40\/100|[from] item: Life Orb\n|move|p1a: Muk|Drain Punch|p2a: \u4e00\u592b\u5f53\u5173\u4e3a\u9a91\u58eb\n|-damage|p2a: \u4e00\u592b\u5f53\u5173\u4e3a\u9a91\u58eb|15\/100\n|-heal|p1a: Muk|99\/100 par|[from] drain|[of] p2a: \u4e00\u592b\u5f53\u5173\u4e3a\u9a91\u58eb\n|cant|p1b: Corsola|flinch\n|\n|-heal|p1a: Muk|100\/100 par|[from] item: Black Sludge\n|-heal|p2b: \u7f8e\u68a6\u8001\u5988|14\/100|[from] item: Leftovers\n|-fieldend|move: Trick Room\n|upkeep\n|turn|12\n|\n|t:|1696137583\n|move|p2b: \u7f8e\u68a6\u8001\u5988|Lunar Dance|p2b: \u7f8e\u68a6\u8001\u5988\n|faint|p2b: \u7f8e\u68a6\u8001\u5988\n|move|p1b: Corsola|Night Shade|p2a: \u4e00\u592b\u5f53\u5173\u4e3a\u9a91\u58eb\n|-damage|p2a: \u4e00\u592b\u5f53\u5173\u4e3a\u9a91\u58eb|0 fnt\n|faint|p2a: \u4e00\u592b\u5f53\u5173\u4e3a\u9a91\u58eb\n|cant|p1a: Muk|par\n|\n|upkeep\n|\n|t:|1696137590\n|switch|p2b: \u80fd\u8fdb\u80fd\u9000\u65b9\u6b66\u8005|Golisopod, M, shiny|75\/100\n|switch|p2a: \u70c8\u817f\u8757\u4fa0|Lokix, M|100\/100\n|-heal|p2b: \u80fd\u8fdb\u80fd\u9000\u65b9\u6b66\u8005|100\/100|[from] move: Lunar Dance\n|turn|13\n|\n|t:|1696137601\n|move|p2b: \u80fd\u8fdb\u80fd\u9000\u65b9\u6b66\u8005|First Impression|p1a: Muk\n|-damage|p1a: Muk|34\/100 par\n|move|p2a: \u70c8\u817f\u8757\u4fa0|Knock Off|p1b: Corsola\n|-supereffective|p1b: Corsola\n|-damage|p1b: Corsola|0 fnt\n|-enditem|p1b: Corsola|Eviolite|[from] move: Knock Off|[of] p2a: \u70c8\u817f\u8757\u4fa0\n|faint|p1b: Corsola\n|-damage|p2a: \u70c8\u817f\u8757\u4fa0|91\/100|[from] item: Life Orb\n|move|p1a: Muk|Rock Slide|p2a: \u70c8\u817f\u8757\u4fa0|[spread] p2a,p2b\n|-supereffective|p2a: \u70c8\u817f\u8757\u4fa0\n|-supereffective|p2b: \u80fd\u8fdb\u80fd\u9000\u65b9\u6b66\u8005\n|-crit|p2b: \u80fd\u8fdb\u80fd\u9000\u65b9\u6b66\u8005\n|-damage|p2a: \u70c8\u817f\u8757\u4fa0|37\/100\n|-damage|p2b: \u80fd\u8fdb\u80fd\u9000\u65b9\u6b66\u8005|62\/100\n|\n|-heal|p1a: Muk|40\/100 par|[from] item: Black Sludge\n|upkeep\n|turn|14\n|\n|t:|1696137614\n|move|p2a: \u70c8\u817f\u8757\u4fa0|Axe Kick|p1a: Muk\n|-damage|p1a: Muk|0 fnt\n|faint|p1a: Muk\n|-damage|p2a: \u70c8\u817f\u8757\u4fa0|27\/100|[from] item: Life Orb\n|\n|win|KingGodzila\n|raw|Epilepsy Espeon's rating: 1068 &rarr; <strong>1044<\/strong><br \/>(-24 for losing)\n|raw|KingGodzila's rating: 1006 &rarr; <strong>1052<\/strong><br \/>(+46 for winning)\n|l|\u2606Epilepsy Espeon\n","uploadtime":1696137621,"views":8,"p1id":"epilepsyespeon","p2id":"kinggodzila","formatid":"gen9nationaldexdoubles","rating":1044,"private":0,"password":""}