{"id":"gen9nationaldexdoubles-1990239996","p1":"hhafxyz","p2":"DragoniteDuskull","format":"[Gen 9] National Dex Doubles","log":"|j|\u2606hhafxyz\n|j|\u2606DragoniteDuskull\n|t:|1699942722\n|gametype|doubles\n|player|p1|hhafxyz|rocketgruntf|1328\n|player|p2|DragoniteDuskull|will|1512\n|teamsize|p1|6\n|teamsize|p2|6\n|gen|9\n|tier|[Gen 9] National Dex Doubles\n|rated|\n|rule|HP Percentage Mod: HP is shown in percentages\n|rule|Endless Battle Clause: Forcing endless battles is banned\n|rule|OHKO Clause: OHKO moves are banned\n|rule|Evasion Moves Clause: Evasion moves are banned\n|rule|Evasion Abilities Clause: Evasion abilities are banned\n|rule|Species Clause: Limit one of each Pok\u00e9mon\n|rule|Gravity Sleep Clause: The combination of sleep-inducing moves with imperfect accuracy and Gravity or Gigantamax Orbeetle are banned\n|clearpoke\n|poke|p1|Pelipper, F|\n|poke|p1|Zapdos|\n|poke|p1|Swampert, F|\n|poke|p1|Kingdra, F|\n|poke|p1|Ferrothorn, F|\n|poke|p1|Empoleon, F|\n|poke|p2|Stakataka|\n|poke|p2|Necrozma|\n|poke|p2|Heatran, M|\n|poke|p2|Ursaluna, F|\n|poke|p2|Hoopa-Unbound|\n|poke|p2|Uxie|\n|teampreview\n|\n|t:|1699942752\n|start\n|switch|p1a: Pelipper|Pelipper, F|100\/100\n|switch|p1b: Swampert|Swampert, F|100\/100\n|switch|p2a: Necrozma|Necrozma|100\/100\n|switch|p2b: Hoopa|Hoopa-Unbound|100\/100\n|-weather|RainDance|[from] ability: Drizzle|[of] p1a: Pelipper\n|turn|1\n|\n|t:|1699942775\n|detailschange|p1b: Swampert|Swampert-Mega, F\n|-mega|p1b: Swampert|Swampert|Swampertite\n|move|p1b: Swampert|Waterfall|p2a: Necrozma\n|-damage|p2a: Necrozma|41\/100\n|move|p1a: Pelipper|Tailwind|p1a: Pelipper\n|-sidestart|p1: hhafxyz|move: Tailwind\n|move|p2a: Necrozma|Photon Geyser|p1b: Swampert\n|-damage|p1b: Swampert|53\/100\n|move|p2b: Hoopa|Trick Room|p2b: Hoopa\n|-fieldstart|move: Trick Room|[of] p2b: Hoopa\n|-enditem|p2b: Hoopa|Room Service\n|-unboost|p2b: Hoopa|spe|1|[from] item: Room Service\n|\n|-weather|RainDance|[upkeep]\n|upkeep\n|turn|2\n|\n|t:|1699942801\n|switch|p1a: Ferrothorn|Ferrothorn, F|100\/100\n|-terastallize|p2a: Necrozma|Psychic\n|move|p1b: Swampert|Protect|p1b: Swampert\n|-singleturn|p1b: Swampert|Protect\n|move|p2b: Hoopa|Hyperspace Fury|p1a: Ferrothorn\n|-damage|p1a: Ferrothorn|62\/100\n|-unboost|p2b: Hoopa|def|1\n|-item|p2b: Hoopa|Rocky Helmet|[from] ability: Magician|[of] p1a: Ferrothorn\n|move|p2a: Necrozma|Photon Geyser|p1b: Swampert\n|-activate|p1b: Swampert|move: Protect\n|\n|-weather|RainDance|[upkeep]\n|upkeep\n|turn|3\n|\n|t:|1699942837\n|switch|p1b: Kingdra|Kingdra, F|100\/100\n|move|p1a: Ferrothorn|Leech Seed|p2b: Hoopa|[miss]\n|-miss|p1a: Ferrothorn|p2b: Hoopa\n|move|p2b: Hoopa|Hyperspace Fury|p1a: Ferrothorn\n|-damage|p1a: Ferrothorn|25\/100\n|-unboost|p2b: Hoopa|def|1\n|move|p2a: Necrozma|Photon Geyser|p1b: Kingdra\n|-damage|p1b: Kingdra|13\/100\n|\n|-weather|RainDance|[upkeep]\n|upkeep\n|turn|4\n|\n|t:|1699942870\n|move|p1a: Ferrothorn|Toxic|p2b: Hoopa|[miss]\n|-miss|p1a: Ferrothorn|p2b: Hoopa\n|move|p2b: Hoopa|Hyperspace Fury|p1b: Kingdra\n|-damage|p1b: Kingdra|0 fnt\n|-unboost|p2b: Hoopa|def|1\n|faint|p1b: Kingdra\n|move|p2a: Necrozma|Photon Geyser|p1a: Ferrothorn\n|-resisted|p1a: Ferrothorn\n|-damage|p1a: Ferrothorn|0 fnt\n|faint|p1a: Ferrothorn\n|\n|-weather|RainDance|[upkeep]\n|-sideend|p1: hhafxyz|move: Tailwind\n|upkeep\n|\n|t:|1699942895\n|switch|p1a: Pelipper|Pelipper, F|100\/100\n|switch|p1b: Swampert|Swampert-Mega, F|53\/100\n|turn|5\n|\n|t:|1699942901\n|move|p1a: Pelipper|Protect|p1a: Pelipper\n|-singleturn|p1a: Pelipper|Protect\n|move|p1b: Swampert|Protect|p1b: Swampert\n|-singleturn|p1b: Swampert|Protect\n|move|p2b: Hoopa|Hyperspace Fury|p1a: Pelipper\n|-activate|p1a: Pelipper|move: Hyperspace Fury|[broken]\n|-damage|p1a: Pelipper|31\/100\n|-unboost|p2b: Hoopa|def|1\n|move|p2a: Necrozma|Photon Geyser|p1b: Swampert\n|-activate|p1b: Swampert|move: Protect\n|\n|-weather|RainDance|[upkeep]\n|-fieldend|move: Trick Room\n|upkeep\n|turn|6\n|\n|t:|1699942922\n|move|p2b: Hoopa|Protect|p2b: Hoopa\n|-singleturn|p2b: Hoopa|Protect\n|move|p1b: Swampert|Waterfall|p2b: Hoopa\n|-activate|p2b: Hoopa|move: Protect\n|move|p1a: Pelipper|Hurricane|p2b: Hoopa\n|-activate|p2b: Hoopa|move: Protect\n|move|p2a: Necrozma|Trick Room|p2a: Necrozma\n|-fieldstart|move: Trick Room|[of] p2a: Necrozma\n|\n|-weather|RainDance|[upkeep]\n|upkeep\n|turn|7\n|-message|hhafxyz forfeited.\n|\n|win|DragoniteDuskull\n|raw|hhafxyz's rating: 1328 &rarr; <strong>1318<\/strong><br \/>(-10 for losing)\n|raw|DragoniteDuskull's rating: 1512 &rarr; <strong>1522<\/strong><br \/>(+10 for winning)\n|l|\u2606hhafxyz\n","uploadtime":1699942934,"views":9,"p1id":"hhafxyz","p2id":"dragoniteduskull","formatid":"gen9nationaldexdoubles","rating":1318,"private":0,"password":""}