{"id":"gen9nationaldexdoubles-1990473742","p1":"mongoose1235","p2":"TlolJuan","format":"[Gen 9] National Dex Doubles","log":"|j|\u203dmongoose1235\n|j|\u2606TlolJuan\n|t:|1699974269\n|gametype|doubles\n|player|p1|mongoose1235|2|1109\n|player|p2|TlolJuan|ingo|1186\n|teamsize|p1|6\n|teamsize|p2|6\n|gen|9\n|tier|[Gen 9] National Dex Doubles\n|rated|\n|rule|HP Percentage Mod: HP is shown in percentages\n|rule|Endless Battle Clause: Forcing endless battles is banned\n|rule|OHKO Clause: OHKO moves are banned\n|rule|Evasion Moves Clause: Evasion moves are banned\n|rule|Evasion Abilities Clause: Evasion abilities are banned\n|rule|Species Clause: Limit one of each Pok\u00e9mon\n|rule|Gravity Sleep Clause: The combination of sleep-inducing moves with imperfect accuracy and Gravity or Gigantamax Orbeetle are banned\n|clearpoke\n|poke|p1|Palafin, F|\n|poke|p1|Gholdengo|\n|poke|p1|Chien-Pao|\n|poke|p1|Rillaboom, M|\n|poke|p1|Urshifu-*, F|\n|poke|p1|Landorus-Therian, M|\n|poke|p2|Dracovish|\n|poke|p2|Tyranitar, M|\n|poke|p2|Ceruledge, M|\n|poke|p2|Clefairy, M|\n|poke|p2|Togekiss, M|\n|poke|p2|Kommo-o, M|\n|teampreview\n|\n|t:|1699974282\n|start\n|switch|p1a: Rillaboom|Rillaboom, M, shiny|100\/100\n|switch|p1b: Palafin|Palafin, F, shiny|100\/100\n|switch|p2a: Eternamax|Clefairy, M|100\/100\n|switch|p2b: Kommo-o|Kommo-o, M|100\/100\n|-fieldstart|move: Grassy Terrain|[from] ability: Grassy Surge|[of] p1a: Rillaboom\n|-enditem|p1a: Rillaboom|Grassy Seed\n|-boost|p1a: Rillaboom|def|1|[from] item: Grassy Seed\n|turn|1\n|\n|t:|1699974304\n|detailschange|p1b: Palafin|Palafin-Hero, F, shiny\n|switch|p1b: Chien-Pao|Chien-Pao|100\/100\n|-ability|p1b: Chien-Pao|Sword of Ruin\n|move|p1a: Rillaboom|Fake Out|p2b: Kommo-o\n|-damage|p2b: Kommo-o|88\/100\n|cant|p2b: Kommo-o|flinch\n|move|p2a: Eternamax|Heal Pulse|p2b: Kommo-o\n|-heal|p2b: Kommo-o|100\/100\n|\n|upkeep\n|turn|2\n|\n|t:|1699974323\n|move|p2a: Eternamax|Follow Me|p2a: Eternamax\n|-singleturn|p2a: Eternamax|move: Follow Me\n|move|p1b: Chien-Pao|Ice Shard|p2a: Eternamax\n|-damage|p2a: Eternamax|77\/100\n|move|p2b: Kommo-o|Clangorous Soul|p2b: Kommo-o\n|-boost|p2b: Kommo-o|atk|1\n|-boost|p2b: Kommo-o|def|1\n|-boost|p2b: Kommo-o|spa|1\n|-boost|p2b: Kommo-o|spd|1\n|-boost|p2b: Kommo-o|spe|1\n|-damage|p2b: Kommo-o|68\/100\n|-enditem|p2b: Kommo-o|Throat Spray\n|-boost|p2b: Kommo-o|spa|1|[from] item: Throat Spray\n|move|p1a: Rillaboom|Knock Off|p2a: Eternamax\n|-resisted|p2a: Eternamax\n|-damage|p2a: Eternamax|56\/100\n|-enditem|p2a: Eternamax|Eviolite|[from] move: Knock Off|[of] p1a: Rillaboom\n|\n|-heal|p2b: Kommo-o|74\/100|[from] Grassy Terrain\n|-heal|p2a: Eternamax|62\/100|[from] Grassy Terrain\n|upkeep\n|turn|3\n|\n|t:|1699974356\n|-terastallize|p2b: Kommo-o|Steel\n|move|p2a: Eternamax|Helping Hand|p2b: Kommo-o\n|-singleturn|p2b: Kommo-o|Helping Hand|[of] p2a: Eternamax\n|move|p1a: Rillaboom|Grassy Glide|p2a: Eternamax\n|-crit|p2a: Eternamax\n|-damage|p2a: Eternamax|0 fnt\n|faint|p2a: Eternamax\n|move|p2b: Kommo-o|Clanging Scales|p1a: Rillaboom|[spread] p1a,p1b\n|-crit|p1a: Rillaboom\n|-damage|p1a: Rillaboom|0 fnt\n|-enditem|p1b: Chien-Pao|Focus Sash\n|-damage|p1b: Chien-Pao|1\/100\n|faint|p1a: Rillaboom\n|-unboost|p2b: Kommo-o|def|1\n|move|p1b: Chien-Pao|Icicle Crash|p2b: Kommo-o\n|-resisted|p2b: Kommo-o\n|-damage|p2b: Kommo-o|47\/100\n|\n|-heal|p2b: Kommo-o|54\/100|[from] Grassy Terrain\n|-heal|p1b: Chien-Pao|7\/100|[from] Grassy Terrain\n|upkeep\n|\n|t:|1699974385\n|switch|p1a: Landorus|Landorus-Therian, M, shiny|100\/100\n|switch|p2a: Togekiss|Togekiss, M, shiny|100\/100\n|-ability|p1a: Landorus|Intimidate|boost\n|-unboost|p2a: Togekiss|atk|1\n|-unboost|p2b: Kommo-o|atk|1\n|turn|4\n|\n|t:|1699974398\n|move|p1a: Landorus|U-turn|p2a: Togekiss\n|-resisted|p2a: Togekiss\n|-damage|p2a: Togekiss|92\/100\n|\n|t:|1699974403\n|switch|p1a: Gholdengo|Gholdengo|100\/100|[from] U-turn\n|move|p2b: Kommo-o|Clanging Scales|p1a: Gholdengo|[spread] p1a,p1b\n|-resisted|p1a: Gholdengo\n|-damage|p1a: Gholdengo|56\/100\n|-damage|p1b: Chien-Pao|0 fnt\n|faint|p1b: Chien-Pao\n|-unboost|p2b: Kommo-o|def|1\n|move|p2a: Togekiss|Tailwind|p2a: Togekiss\n|-sidestart|p2: TlolJuan|move: Tailwind\n|\n|-heal|p2b: Kommo-o|60\/100|[from] Grassy Terrain\n|-heal|p1a: Gholdengo|62\/100|[from] Grassy Terrain\n|upkeep\n|\n|t:|1699974419\n|switch|p1b: Palafin|Palafin-Hero, F, shiny|100\/100\n|-activate|p1b: Palafin|ability: Zero to Hero\n|turn|5\n|\n|t:|1699974434\n|move|p2b: Kommo-o|Clanging Scales|p1b: Palafin|[spread] p1a,p1b\n|-resisted|p1a: Gholdengo\n|-damage|p1a: Gholdengo|19\/100\n|-damage|p1b: Palafin|15\/100\n|-unboost|p2b: Kommo-o|def|1\n|move|p2a: Togekiss|Air Slash|p1b: Palafin\n|-damage|p1b: Palafin|0 fnt\n|faint|p1b: Palafin\n|move|p1a: Gholdengo|Power Gem|p2a: Togekiss\n|-supereffective|p2a: Togekiss\n|-damage|p2a: Togekiss|21\/100\n|\n|-heal|p2b: Kommo-o|66\/100|[from] Grassy Terrain\n|-heal|p1a: Gholdengo|25\/100|[from] Grassy Terrain\n|-fieldend|move: Grassy Terrain\n|upkeep\n|\n|t:|1699974446\n|switch|p1b: Landorus|Landorus-Therian, M, shiny|100\/100\n|-ability|p1b: Landorus|Intimidate|boost\n|-unboost|p2a: Togekiss|atk|1\n|-unboost|p2b: Kommo-o|atk|1\n|turn|6\n|\n|t:|1699974453\n|move|p2b: Kommo-o|Clanging Scales|p1a: Gholdengo|[spread] p1a,p1b\n|-resisted|p1a: Gholdengo\n|-damage|p1a: Gholdengo|0 fnt\n|-damage|p1b: Landorus|13\/100\n|faint|p1a: Gholdengo\n|-unboost|p2b: Kommo-o|def|1\n|move|p1b: Landorus|U-turn|p2b: Kommo-o\n|-resisted|p2b: Kommo-o\n|-damage|p2b: Kommo-o|33\/100\n|\n|t:|1699974462\n|switch|p1b: Urshifu|Urshifu-Rapid-Strike, F|100\/100|[from] U-turn\n|move|p2a: Togekiss|Air Slash|p1b: Urshifu\n|-supereffective|p1b: Urshifu\n|-damage|p1b: Urshifu|5\/100\n|\n|upkeep\n|\n|t:|1699974466\n|switch|p1a: Landorus|Landorus-Therian, M, shiny|13\/100\n|-ability|p1a: Landorus|Intimidate|boost\n|-unboost|p2a: Togekiss|atk|1\n|-unboost|p2b: Kommo-o|atk|1\n|turn|7\n|\n|t:|1699974474\n|move|p2b: Kommo-o|Clanging Scales|p1a: Landorus|[spread] p1a,p1b\n|-damage|p1a: Landorus|0 fnt\n|-damage|p1b: Urshifu|0 fnt\n|faint|p1a: Landorus\n|faint|p1b: Urshifu\n|\n|win|TlolJuan\n|raw|mongoose1235's rating: 1109 &rarr; <strong>1089<\/strong><br \/>(-20 for losing)\n|raw|TlolJuan's rating: 1186 &rarr; <strong>1206<\/strong><br \/>(+20 for winning)\n|c|\u2606TlolJuan|gg\n|l|\u203dmongoose1235\n","uploadtime":1699974486,"views":11,"p1id":"mongoose1235","p2id":"tloljuan","formatid":"gen9nationaldexdoubles","rating":1089,"private":0,"password":""}