{"id":"gen9nationaldexdoubles-1978580862","p1":"Weavil4","p2":"NatsumiChan2","format":"[Gen 9] National Dex Doubles","log":"|j|\u2606Weavil4\n|j|\u2606NatsumiChan2\n|t:|1698559941\n|gametype|doubles\n|player|p1|Weavil4|cyclistf-gen4|1162\n|player|p2|NatsumiChan2|backersf|1040\n|teamsize|p1|6\n|teamsize|p2|6\n|gen|9\n|tier|[Gen 9] National Dex Doubles\n|rated|\n|rule|HP Percentage Mod: HP is shown in percentages\n|rule|Endless Battle Clause: Forcing endless battles is banned\n|rule|OHKO Clause: OHKO moves are banned\n|rule|Evasion Moves Clause: Evasion moves are banned\n|rule|Evasion Abilities Clause: Evasion abilities are banned\n|rule|Species Clause: Limit one of each Pok\u00e9mon\n|rule|Gravity Sleep Clause: The combination of sleep-inducing moves with imperfect accuracy and Gravity or Gigantamax Orbeetle are banned\n|clearpoke\n|poke|p1|Ursaluna-Bloodmoon, M|\n|poke|p1|Cresselia, F|\n|poke|p1|Iron Hands|\n|poke|p1|Torkoal, F|\n|poke|p1|Lilligant-Hisui, F|\n|poke|p1|Flutter Mane|\n|poke|p2|Xurkitree|\n|poke|p2|Gardevoir, F|\n|poke|p2|Blacephalon|\n|poke|p2|Noivern, M|\n|poke|p2|Hatterene, F|\n|poke|p2|Marshadow|\n|teampreview\n|inactive|Battle timer is ON: inactive players will automatically lose when time's up. (requested by NatsumiChan2)\n|c|\u2606NatsumiChan2|Glhf\n|\n|t:|1698559953\n|start\n|switch|p1a: Trippy|Cresselia, F, shiny|100\/100\n|switch|p1b: Feddy fazbear|Ursaluna-Bloodmoon, M|100\/100\n|switch|p2a: Noivern|Noivern, M, shiny|100\/100\n|switch|p2b: Xurkitree|Xurkitree, shiny|100\/100\n|turn|1\n|inactive|NatsumiChan2 has 120 seconds left.\n|c|\u2606NatsumiChan2|Did you watched FNAF movie\n|c|\u2606Weavil4|Not yet\n|\n|t:|1698560001\n|move|p2a: Noivern|Dragon Pulse|p1b: Feddy fazbear\n|-damage|p1b: Feddy fazbear|61\/100\n|move|p2b: Xurkitree|Signal Beam|p1a: Trippy\n|-supereffective|p1a: Trippy\n|-damage|p1a: Trippy|38\/100\n|move|p1b: Feddy fazbear|Hyper Voice|p2a: Noivern|[spread] p2a,p2b\n|-damage|p2a: Noivern|48\/100\n|-damage|p2b: Xurkitree|41\/100\n|move|p1a: Trippy|Trick Room|p1a: Trippy\n|-fieldstart|move: Trick Room|[of] p1a: Trippy\n|\n|-heal|p2a: Noivern|54\/100|[from] item: Leftovers\n|upkeep\n|turn|2\n|inactive|NatsumiChan2 has 120 seconds left.\n|\n|t:|1698560021\n|move|p1b: Feddy fazbear|Hyper Voice|p2a: Noivern|[spread] p2a,p2b\n|-damage|p2a: Noivern|2\/100\n|-damage|p2b: Xurkitree|0 fnt\n|faint|p2b: Xurkitree\n|move|p1a: Trippy|Lunar Blessing|p1a: Trippy|[spread] p1a,p1b\n|-heal|p1a: Trippy|63\/100\n|-heal|p1b: Feddy fazbear|86\/100\n|move|p2a: Noivern|Dragon Pulse|p1b: Feddy fazbear\n|-damage|p1b: Feddy fazbear|43\/100\n|-enditem|p1b: Feddy fazbear|Sitrus Berry|[eat]\n|-heal|p1b: Feddy fazbear|67\/100|[from] item: Sitrus Berry\n|\n|-heal|p2a: Noivern|8\/100|[from] item: Leftovers\n|upkeep\n|inactive|NatsumiChan2 has 120 seconds left.\n|c|\u2606NatsumiChan2|Same\n|c|\u2606NatsumiChan2|Whats your fav poke btw\n|\n|t:|1698560044\n|switch|p2b: Hatterene|Hatterene, F, shiny|100\/100\n|turn|3\n|c|\u2606Weavil4|Rowlet\n|\n|t:|1698560053\n|-terastallize|p2a: Noivern|Normal\n|move|p2b: Hatterene|Mystical Fire|p1b: Feddy fazbear\n|-damage|p1b: Feddy fazbear|43\/100\n|-unboost|p1b: Feddy fazbear|spa|1\n|move|p1b: Feddy fazbear|Hyper Voice|p2b: Hatterene|[spread] p2a,p2b\n|-damage|p2a: Noivern|0 fnt\n|-damage|p2b: Hatterene|83\/100\n|faint|p2a: Noivern\n|move|p1a: Trippy|Lunar Blessing|p1a: Trippy|[spread] p1a,p1b\n|-heal|p1a: Trippy|88\/100\n|-heal|p1b: Feddy fazbear|68\/100\n|\n|upkeep\n|inactive|NatsumiChan2 has 120 seconds left.\n|c|\u2606NatsumiChan2|The first evo of Deci rigth?\n|c|\u2606Weavil4|Yep\n|\n|t:|1698560077\n|switch|p2a: Joking|Blacephalon, shiny|100\/100\n|turn|4\n|\n|t:|1698560096\n|switch|p1b: MyStranglinghands|Iron Hands, shiny|100\/100\n|move|p1a: Trippy|Ally Switch|p1a: Trippy\n|swap|p1a: Trippy|1|[from] move: Ally Switch\n|move|p2b: Hatterene|Mystical Fire|p1b: Trippy\n|-damage|p1b: Trippy|76\/100\n|-unboost|p1b: Trippy|spa|1\n|move|p2a: Joking|Mind Blown|p1a: MyStranglinghands|[spread] p2b,p1a,p1b\n|-damage|p2b: Hatterene|43\/100\n|-damage|p1a: MyStranglinghands|64\/100\n|-damage|p1b: Trippy|39\/100\n|-damage|p2a: Joking|50\/100|[from] mindblown\n|\n|upkeep\n|turn|5\n|c|\u2606NatsumiChan2|Rowlet is so cute\n|inactive|NatsumiChan2 has 120 seconds left.\n|\n|t:|1698560132\n|move|p1a: MyStranglinghands|Fake Out|p2b: Hatterene\n|-damage|p2b: Hatterene|26\/100\n|cant|p2b: Hatterene|flinch\n|move|p1b: Trippy|Lunar Blessing|p1b: Trippy|[spread] p1a,p1b\n|-heal|p1a: MyStranglinghands|89\/100\n|-heal|p1b: Trippy|64\/100\n|move|p2a: Joking|Mind Blown|p1a: MyStranglinghands|[spread] p2b,p1a,p1b\n|-damage|p2b: Hatterene|0 fnt\n|-damage|p1a: MyStranglinghands|46\/100\n|-damage|p1b: Trippy|30\/100\n|-damage|p2a: Joking|0 fnt|[from] mindblown\n|faint|p2a: Joking\n|faint|p2b: Hatterene\n|\n|-fieldend|move: Trick Room\n|upkeep\n|c|\u2606Weavil4|I know\n|\n|t:|1698560137\n|switch|p2a: Marshadow|Marshadow|100\/100\n|switch|p2b: Cotton Candy|Gardevoir, F, shiny|100\/100\n|turn|6\n|\n|t:|1698560162\n|-end|p1a: MyStranglinghands|Quark Drive|[silent]\n|switch|p1a: Feddy fazbear|Ursaluna-Bloodmoon, M|68\/100\n|detailschange|p2b: Cotton Candy|Gardevoir-Mega, F, shiny\n|-mega|p2b: Cotton Candy|Gardevoir|Gardevoirite\n|-zpower|p2a: Marshadow\n|move|p2a: Marshadow|Soul-Stealing 7-Star Strike|p1b: Trippy|[zeffect]\n|-supereffective|p1b: Trippy\n|-damage|p1b: Trippy|0 fnt\n|faint|p1b: Trippy\n|move|p2b: Cotton Candy|Draining Kiss|p1a: Feddy fazbear\n|-damage|p1a: Feddy fazbear|38\/100\n|\n|upkeep\n|inactive|Weavil4 has 120 seconds left.\n|\n|t:|1698560180\n|switch|p1b: MyStranglinghands|Iron Hands, shiny|46\/100\n|turn|7\n|c|\u2606NatsumiChan2|My favorite poke is Alolan Ninetales but Alolan Vulpix is so cute\n|\n|t:|1698560202\n|move|p2a: Marshadow|Drain Punch|p1a: Feddy fazbear\n|-supereffective|p1a: Feddy fazbear\n|-damage|p1a: Feddy fazbear|0 fnt\n|faint|p1a: Feddy fazbear\n|move|p2b: Cotton Candy|Draining Kiss|p1b: MyStranglinghands\n|-supereffective|p1b: MyStranglinghands\n|-damage|p1b: MyStranglinghands|14\/100\n|move|p1b: MyStranglinghands|Wild Charge|p2a: Marshadow\n|-crit|p2a: Marshadow\n|-damage|p2a: Marshadow|2\/100\n|-damage|p1b: MyStranglinghands|0 fnt|[from] Recoil\n|faint|p1b: MyStranglinghands\n|-end|p1b: MyStranglinghands|Quark Drive|[silent]\n|\n|upkeep\n|\n|t:|1698560215\n|switch|p1a: Iamspeed|Lilligant-Hisui, F, shiny|100\/100\n|switch|p1b: Genesis 1:3-5|Torkoal, F, shiny|100\/100\n|-weather|SunnyDay|[from] ability: Drought|[of] p1b: Genesis 1:3-5\n|turn|8\n|\n|t:|1698560226\n|-terastallize|p1b: Genesis 1:3-5|Fire\n|move|p1a: Iamspeed|After You|p1b: Genesis 1:3-5\n|-activate|p1b: Genesis 1:3-5|move: After You\n|move|p1b: Genesis 1:3-5|Eruption|p2b: Cotton Candy|[spread] p2a,p2b\n|-damage|p2a: Marshadow|0 fnt\n|-damage|p2b: Cotton Candy|28\/100\n|faint|p2a: Marshadow\n|move|p2b: Cotton Candy|Dazzling Gleam|p1b: Genesis 1:3-5|[spread] p1a,p1b\n|-supereffective|p1a: Iamspeed\n|-resisted|p1b: Genesis 1:3-5\n|-damage|p1a: Iamspeed|4\/100\n|-damage|p1b: Genesis 1:3-5|80\/100\n|\n|-weather|SunnyDay|[upkeep]\n|upkeep\n|turn|9\n|c|\u2606NatsumiChan2|ggwp\n|\n|t:|1698560240\n|move|p2b: Cotton Candy|Protect|p2b: Cotton Candy\n|-singleturn|p2b: Cotton Candy|Protect\n|move|p1a: Iamspeed|After You|p1b: Genesis 1:3-5\n|-activate|p1b: Genesis 1:3-5|move: After You\n|move|p1b: Genesis 1:3-5|Eruption|p2b: Cotton Candy\n|-activate|p2b: Cotton Candy|move: Protect\n|\n|-weather|SunnyDay|[upkeep]\n|upkeep\n|turn|10\n|c|\u2606Weavil4|ggwp\n|\n|t:|1698560250\n|move|p1a: Iamspeed|After You|p1b: Genesis 1:3-5\n|-activate|p1b: Genesis 1:3-5|move: After You\n|move|p1b: Genesis 1:3-5|Eruption|p2b: Cotton Candy\n|-damage|p2b: Cotton Candy|0 fnt\n|faint|p2b: Cotton Candy\n|\n|win|Weavil4\n|raw|Weavil4's rating: 1162 &rarr; <strong>1179<\/strong><br \/>(+17 for winning)\n|raw|NatsumiChan2's rating: 1040 &rarr; <strong>1029<\/strong><br \/>(-11 for losing)\n|c|\u2606NatsumiChan2|Fun match btw\n|c|\u2606NatsumiChan2|Nice team\n|c|\u2606Weavil4|Same goes for you\n|c|\u2606NatsumiChan2|Tysm\n|l|\u2606NatsumiChan2\n|j|\u2606NatsumiChan2\n|player|p2|NatsumiChan2|backersf\n","uploadtime":1698560287,"views":10,"p1id":"weavil4","p2id":"natsumichan2","formatid":"gen9nationaldexdoubles","rating":1029,"private":0,"password":""}