{"id":"gen9nationaldexdoubles-1984215879","p1":"Orlando9126","p2":"Hf di oh dt h","format":"[Gen 9] National Dex Doubles","log":"|j|\u2606Orlando9126\n|j|\u2606Hf di oh dt h\n|t:|1699231168\n|gametype|doubles\n|player|p1|Orlando9126|collector|1016\n|player|p2|Hf di oh dt h|youngster-gen4dp|1000\n|teamsize|p1|6\n|teamsize|p2|6\n|gen|9\n|tier|[Gen 9] National Dex Doubles\n|rated|\n|rule|HP Percentage Mod: HP is shown in percentages\n|rule|Endless Battle Clause: Forcing endless battles is banned\n|rule|OHKO Clause: OHKO moves are banned\n|rule|Evasion Moves Clause: Evasion moves are banned\n|rule|Evasion Abilities Clause: Evasion abilities are banned\n|rule|Species Clause: Limit one of each Pok\u00e9mon\n|rule|Gravity Sleep Clause: The combination of sleep-inducing moves with imperfect accuracy and Gravity or Gigantamax Orbeetle are banned\n|clearpoke\n|poke|p1|Lokix, M|\n|poke|p1|Greninja-*, M|\n|poke|p1|Ceruledge, M|\n|poke|p1|Garchomp, F|\n|poke|p1|Skeledirge, F|\n|poke|p1|Decidueye, F|\n|poke|p2|Indeedee, M|\n|poke|p2|Deoxys-Attack|\n|poke|p2|Typhlosion, M|\n|poke|p2|Kartana|\n|poke|p2|Murkrow, F|\n|poke|p2|Shuckle, F|\n|teampreview\n|\n|t:|1699231190\n|start\n|switch|p1a: Lokix|Lokix, M|100\/100\n|switch|p1b: Greninja|Greninja, M|100\/100\n|switch|p2a: Murkrow|Murkrow, F|100\/100\n|switch|p2b: Shuckle|Shuckle, F|100\/100\n|turn|1\n|\n|t:|1699231224\n|move|p1a: Lokix|First Impression|p2b: Shuckle\n|-damage|p2b: Shuckle|75\/100\n|move|p1b: Greninja|Water Shuriken|p2b: Shuckle\n|-supereffective|p2b: Shuckle\n|-damage|p2b: Shuckle|65\/100\n|-supereffective|p2b: Shuckle\n|-damage|p2b: Shuckle|53\/100\n|-hitcount|p2b: Shuckle|2\n|move|p2a: Murkrow|Perish Song|p2a: Murkrow\n|-start|p1a: Lokix|perish3|[silent]\n|-start|p1b: Greninja|perish3|[silent]\n|-start|p2a: Murkrow|perish3|[silent]\n|-start|p2b: Shuckle|perish3|[silent]\n|-fieldactivate|move: Perish Song\n|move|p2b: Shuckle|Stealth Rock|p1b: Greninja\n|-sidestart|p1: Orlando9126|move: Stealth Rock\n|\n|-start|p1b: Greninja|perish3\n|-start|p1a: Lokix|perish3\n|-start|p2a: Murkrow|perish3\n|-start|p2b: Shuckle|perish3\n|upkeep\n|turn|2\n|\n|t:|1699231263\n|move|p2a: Murkrow|Tailwind|p2a: Murkrow\n|-sidestart|p2: Hf di oh dt h|move: Tailwind\n|move|p1b: Greninja|Gunk Shot|p2a: Murkrow\n|-damage|p2a: Murkrow|66\/100\n|move|p1a: Lokix|Axe Kick|p2b: Shuckle\n|-damage|p2b: Shuckle|30\/100\n|-start|p2b: Shuckle|confusion\n|-activate|p2b: Shuckle|confusion\n|move|p2b: Shuckle|Sticky Web|p1b: Greninja\n|-sidestart|p1: Orlando9126|move: Sticky Web\n|\n|-start|p2a: Murkrow|perish2\n|-start|p1b: Greninja|perish2\n|-start|p1a: Lokix|perish2\n|-start|p2b: Shuckle|perish2\n|upkeep\n|turn|3\n|\n|t:|1699231289\n|move|p2a: Murkrow|Taunt|p1a: Lokix\n|-hint|Since gen 7, Dark is immune to Prankster moves.\n|-immune|p1a: Lokix\n|move|p1b: Greninja|Hydro Pump|p2b: Shuckle|[miss]\n|-miss|p1b: Greninja|p2b: Shuckle\n|move|p1a: Lokix|Axe Kick|p2b: Shuckle\n|-damage|p2b: Shuckle|10\/100\n|-activate|p2b: Shuckle|confusion\n|move|p2b: Shuckle|Toxic|p1a: Lokix\n|-status|p1a: Lokix|tox\n|\n|-damage|p1a: Lokix|94\/100 tox|[from] psn\n|-start|p2a: Murkrow|perish1\n|-start|p1b: Greninja|perish1\n|-start|p1a: Lokix|perish1\n|-start|p2b: Shuckle|perish1\n|upkeep\n|turn|4\n|\n|t:|1699231312\n|move|p2a: Murkrow|Perish Song||[still]\n|-fail|p2a: Murkrow\n|move|p1b: Greninja|Gunk Shot|p2a: Murkrow\n|-damage|p2a: Murkrow|28\/100\n|-status|p2a: Murkrow|psn\n|move|p1a: Lokix|Axe Kick|p2b: Shuckle\n|-damage|p2b: Shuckle|0 fnt\n|faint|p2b: Shuckle\n|\n|-damage|p2a: Murkrow|15\/100 psn|[from] psn\n|-damage|p1a: Lokix|82\/100 tox|[from] psn\n|-start|p2a: Murkrow|perish0\n|-start|p1b: Greninja|perish0\n|-start|p1a: Lokix|perish0\n|faint|p2a: Murkrow\n|faint|p1b: Greninja\n|faint|p1a: Lokix\n|upkeep\n|inactive|Battle timer is ON: inactive players will automatically lose when time's up. (requested by Hf di oh dt h)\n|inactive|Hf di oh dt h has 120 seconds left.\n|\n|t:|1699231353\n|switch|p1b: Ceruledge|Ceruledge, M|100\/100\n|switch|p1a: Skeledirge|Skeledirge, F|100\/100\n|switch|p2a: Indeedee|Indeedee, M|100\/100\n|switch|p2b: Typhlosion|Typhlosion, M|100\/100\n|-fieldstart|move: Psychic Terrain|[from] ability: Psychic Surge|[of] p2a: Indeedee\n|-damage|p1b: Ceruledge|76\/100|[from] Stealth Rock\n|-activate|p1b: Ceruledge|move: Sticky Web\n|-unboost|p1b: Ceruledge|spe|1\n|-damage|p1a: Skeledirge|76\/100|[from] Stealth Rock\n|-activate|p1a: Skeledirge|move: Sticky Web\n|-unboost|p1a: Skeledirge|spe|1\n|turn|5\n|\n|t:|1699231379\n|-terastallize|p2a: Indeedee|Psychic\n|move|p2b: Typhlosion|Eruption|p1b: Ceruledge|[spread] p1a\n|-start|p1b: Ceruledge|ability: Flash Fire\n|-resisted|p1a: Skeledirge\n|-damage|p1a: Skeledirge|49\/100\n|move|p2a: Indeedee|Expanding Force|p1a: Skeledirge|[spread] p1a,p1b\n|-damage|p1a: Skeledirge|0 fnt\n|-damage|p1b: Ceruledge|0 fnt\n|faint|p1a: Skeledirge\n|faint|p1b: Ceruledge\n|\n|-sideend|p2: Hf di oh dt h|move: Tailwind\n|upkeep\n|inactive|Orlando9126 has 120 seconds left.\n|\n|t:|1699231392\n|switch|p1b: Decidueye|Decidueye, F, shiny|100\/100\n|switch|p1a: Garchomp|Garchomp, F|100\/100\n|-damage|p1a: Garchomp|94\/100|[from] Stealth Rock\n|-activate|p1a: Garchomp|move: Sticky Web\n|-unboost|p1a: Garchomp|spe|1\n|-damage|p1b: Decidueye|88\/100|[from] Stealth Rock\n|-activate|p1b: Decidueye|move: Sticky Web\n|-unboost|p1b: Decidueye|spe|1\n|turn|6\n|\n|t:|1699231407\n|detailschange|p1a: Garchomp|Garchomp-Mega, F\n|-mega|p1a: Garchomp|Garchomp|Garchompite\n|move|p2b: Typhlosion|Eruption|p1a: Garchomp|[spread] p1a,p1b\n|-resisted|p1a: Garchomp\n|-crit|p1a: Garchomp\n|-supereffective|p1b: Decidueye\n|-damage|p1a: Garchomp|55\/100\n|-damage|p1b: Decidueye|0 fnt\n|faint|p1b: Decidueye\n|move|p2a: Indeedee|Expanding Force|p1a: Garchomp\n|-damage|p1a: Garchomp|0 fnt\n|faint|p1a: Garchomp\n|\n|win|Hf di oh dt h\n|raw|Orlando9126's rating: 1016 &rarr; <strong>1003<\/strong><br \/>(-13 for losing)\n|raw|Hf di oh dt h's rating: 1000 &rarr; <strong>1042<\/strong><br \/>(+42 for winning)\n|l|\u2606Orlando9126\n","uploadtime":1699231422,"views":4,"p1id":"orlando9126","p2id":"hfdiohdth","formatid":"gen9nationaldexdoubles","rating":1003,"private":0,"password":""}