{"id":"gen9nationaldexdoubles-1959021665","p1":"blossom02","p2":"SquidSpring","format":"[Gen 9] National Dex Doubles","log":"|j|\u2606blossom02\n|j|\u2606SquidSpring\n|t:|1696378661\n|gametype|doubles\n|player|p1|blossom02|mira|1309\n|player|p2|SquidSpring|iono|1419\n|teamsize|p1|6\n|teamsize|p2|6\n|gen|9\n|tier|[Gen 9] National Dex Doubles\n|rated|\n|rule|HP Percentage Mod: HP is shown in percentages\n|rule|Endless Battle Clause: Forcing endless battles is banned\n|rule|OHKO Clause: OHKO moves are banned\n|rule|Evasion Moves Clause: Evasion moves are banned\n|rule|Evasion Abilities Clause: Evasion abilities are banned\n|rule|Species Clause: Limit one of each Pok\u00e9mon\n|rule|Gravity Sleep Clause: The combination of sleep-inducing moves with imperfect accuracy and Gravity or Gigantamax Orbeetle are banned\n|clearpoke\n|poke|p1|Audino, F|\n|poke|p1|Clefable, F|\n|poke|p1|Klefki, F|\n|poke|p1|Primarina, F|\n|poke|p1|Togekiss, F|\n|poke|p1|Hatterene, F|\n|poke|p2|Sirfetch\u2019d, F|\n|poke|p2|Zygarde|\n|poke|p2|Jirachi|\n|poke|p2|Urshifu-*, F|\n|poke|p2|Incineroar, M|\n|poke|p2|Flutter Mane|\n|teampreview\n|inactive|Battle timer is ON: inactive players will automatically lose when time's up. (requested by SquidSpring)\n|c|\u2606SquidSpring|glhf\n|\n|t:|1696378683\n|start\n|switch|p1a: Klefki|Klefki, F|100\/100\n|switch|p1b: Togekiss|Togekiss, F, shiny|100\/100\n|switch|p2a: Sirfetch\u2019d|Sirfetch\u2019d, F|100\/100\n|switch|p2b: Zygarde|Zygarde|100\/100\n|-ability|p2b: Zygarde|Aura Break\n|turn|1\n|\n|t:|1696378695\n|-terastallize|p2b: Zygarde|Steel\n|move|p1a: Klefki|Reflect|p1a: Klefki\n|-sidestart|p1: blossom02|Reflect\n|move|p2a: Sirfetch\u2019d|Simple Beam|p2b: Zygarde\n|-endability|p2b: Zygarde|Aura Break|[from] move: Simple Beam\n|-ability|p2b: Zygarde|Simple|[from] move: Simple Beam\n|move|p2b: Zygarde|Dragon Dance|p2b: Zygarde\n|-boost|p2b: Zygarde|atk|2\n|-boost|p2b: Zygarde|spe|2\n|move|p1b: Togekiss|Draining Kiss|p2b: Zygarde\n|-resisted|p2b: Zygarde\n|-damage|p2b: Zygarde|83\/100\n|\n|upkeep\n|turn|2\n|\n|t:|1696378713\n|switch|p1b: Clefable|Clefable, F, shiny|100\/100\n|move|p2a: Sirfetch\u2019d|Quick Guard|p2a: Sirfetch\u2019d\n|-singleturn|p2a: Sirfetch\u2019d|Quick Guard\n|move|p2b: Zygarde|Dragon Dance|p2b: Zygarde\n|-boost|p2b: Zygarde|atk|2\n|-boost|p2b: Zygarde|spe|2\n|move|p1a: Klefki|Trick Room|p1a: Klefki\n|-fieldstart|move: Trick Room|[of] p1a: Klefki\n|\n|upkeep\n|turn|3\n|\n|t:|1696378734\n|move|p2a: Sirfetch\u2019d|Quick Guard|p2a: Sirfetch\u2019d\n|-singleturn|p2a: Sirfetch\u2019d|Quick Guard\n|move|p1a: Klefki|Light Screen|p1a: Klefki\n|-sidestart|p1: blossom02|move: Light Screen\n|move|p1b: Clefable|Moonblast|p2a: Sirfetch\u2019d\n|-supereffective|p2a: Sirfetch\u2019d\n|-damage|p2a: Sirfetch\u2019d|26\/100\n|move|p2b: Zygarde|Thousand Arrows|p1b: Clefable|[spread] p1a,p1b\n|-supereffective|p1a: Klefki\n|-damage|p1a: Klefki|0 fnt\n|-damage|p1b: Clefable|85\/100\n|faint|p1a: Klefki\n|\n|upkeep\n|\n|t:|1696378745\n|switch|p1a: Togekiss|Togekiss, F, shiny|100\/100\n|turn|4\n|\n|t:|1696378754\n|move|p1b: Clefable|Moonblast|p2a: Sirfetch\u2019d\n|-supereffective|p2a: Sirfetch\u2019d\n|-damage|p2a: Sirfetch\u2019d|0 fnt\n|faint|p2a: Sirfetch\u2019d\n|move|p1a: Togekiss|Aura Sphere|p2b: Zygarde\n|-supereffective|p2b: Zygarde\n|-damage|p2b: Zygarde|12\/100\n|move|p2b: Zygarde|Thousand Arrows|p1a: Togekiss|[spread] p1a,p1b\n|-damage|p1a: Togekiss|34\/100\n|-damage|p1b: Clefable|68\/100\n|-start|p1a: Togekiss|Smack Down\n|\n|upkeep\n|\n|t:|1696378759\n|switch|p2a: Jirachi|Jirachi|100\/100\n|turn|5\n|\n|t:|1696378770\n|move|p2b: Zygarde|Protect|p2b: Zygarde\n|-singleturn|p2b: Zygarde|Protect\n|move|p1b: Clefable|Moonblast|p2b: Zygarde\n|-activate|p2b: Zygarde|move: Protect\n|move|p1a: Togekiss|Aura Sphere|p2b: Zygarde\n|-activate|p2b: Zygarde|move: Protect\n|move|p2a: Jirachi|Trick Room|p2a: Jirachi\n|-fieldend|move: Trick Room\n|\n|upkeep\n|turn|6\n|\n|t:|1696378787\n|move|p2a: Jirachi|Follow Me|p2a: Jirachi\n|-singleturn|p2a: Jirachi|move: Follow Me\n|move|p1b: Clefable|Follow Me|p1b: Clefable\n|-singleturn|p1b: Clefable|move: Follow Me\n|move|p2b: Zygarde|Thousand Arrows|p1b: Clefable|[spread] p1a,p1b\n|-damage|p1a: Togekiss|0 fnt\n|-damage|p1b: Clefable|53\/100\n|faint|p1a: Togekiss\n|\n|upkeep\n|\n|t:|1696378795\n|switch|p1a: Primarina|Primarina, F, shiny|100\/100\n|turn|7\n|\n|t:|1696378807\n|move|p2a: Jirachi|Follow Me|p2a: Jirachi\n|-singleturn|p2a: Jirachi|move: Follow Me\n|move|p2b: Zygarde|Thousand Arrows|p1a: Primarina|[spread] p1a,p1b\n|-damage|p1a: Primarina|22\/100\n|-damage|p1b: Clefable|38\/100\n|move|p1a: Primarina|Hyper Voice|p2a: Jirachi|[spread] p2a,p2b\n|-damage|p2a: Jirachi|71\/100\n|-damage|p2b: Zygarde|0 fnt\n|faint|p2b: Zygarde\n|move|p1b: Clefable|Wish|p1b: Clefable\n|\n|upkeep\n|\n|t:|1696378814\n|switch|p2b: PILLOWS|Flutter Mane|100\/100\n|turn|8\n|\n|t:|1696378832\n|-terastallize|p1a: Primarina|Steel\n|move|p2b: PILLOWS|Dazzling Gleam|p1a: Primarina|[spread] p1a,p1b\n|-resisted|p1a: Primarina\n|-damage|p1a: Primarina|15\/100\n|-damage|p1b: Clefable|10\/100\n|move|p2a: Jirachi|Iron Head|p1b: Clefable\n|-supereffective|p1b: Clefable\n|-damage|p1b: Clefable|0 fnt\n|faint|p1b: Clefable\n|move|p1a: Primarina|Hyper Voice|p2a: Jirachi|[spread] p2a,p2b\n|-damage|p2a: Jirachi|42\/100\n|-damage|p2b: PILLOWS|69\/100\n|-enditem|p2a: Jirachi|Sitrus Berry|[eat]\n|-heal|p2a: Jirachi|67\/100|[from] item: Sitrus Berry\n|\n|-sideend|p1: blossom02|Reflect\n|upkeep\n|\n|t:|1696378840\n|switch|p1b: Audino|Audino, F|100\/100\n|turn|9\n|\n|t:|1696378847\n|detailschange|p1b: Audino|Audino-Mega, F\n|-mega|p1b: Audino|Audino|Audinite\n|move|p2b: PILLOWS|Dazzling Gleam|p1a: Primarina|[spread] p1a,p1b\n|-resisted|p1a: Primarina\n|-damage|p1a: Primarina|7\/100\n|-damage|p1b: Audino|80\/100\n|move|p2a: Jirachi|Iron Head|p1b: Audino\n|-supereffective|p1b: Audino\n|-damage|p1b: Audino|51\/100\n|move|p1a: Primarina|Hyper Voice|p2a: Jirachi|[spread] p2a,p2b\n|-damage|p2a: Jirachi|39\/100\n|-damage|p2b: PILLOWS|35\/100\n|cant|p1b: Audino|flinch\n|\n|upkeep\n|turn|10\n|\n|t:|1696378862\n|move|p2b: PILLOWS|Dazzling Gleam|p1b: Audino|[spread] p1a,p1b\n|-resisted|p1a: Primarina\n|-damage|p1a: Primarina|0 fnt\n|-damage|p1b: Audino|31\/100\n|faint|p1a: Primarina\n|move|p2a: Jirachi|Iron Head|p1b: Audino\n|-supereffective|p1b: Audino\n|-damage|p1b: Audino|2\/100\n|move|p1b: Audino|Wish|p1b: Audino\n|\n|-sideend|p1: blossom02|move: Light Screen\n|upkeep\n|\n|t:|1696378865\n|switch|p1a: Hatterene|Hatterene, F, shiny|100\/100\n|turn|11\n|\n|t:|1696378872\n|move|p1b: Audino|Protect|p1b: Audino\n|-singleturn|p1b: Audino|Protect\n|move|p2b: PILLOWS|Dazzling Gleam|p1a: Hatterene|[spread] p1a\n|-activate|p1b: Audino|move: Protect\n|-damage|p1a: Hatterene|51\/100\n|move|p2a: Jirachi|Iron Head|p1a: Hatterene\n|-supereffective|p1a: Hatterene\n|-damage|p1a: Hatterene|0 fnt\n|faint|p1a: Hatterene\n|\n|-heal|p1b: Audino|52\/100|[from] move: Wish|[wisher] Audino\n|upkeep\n|turn|12\n|-message|blossom02 forfeited.\n|\n|win|SquidSpring\n|raw|blossom02's rating: 1309 &rarr; <strong>1295<\/strong><br \/>(-14 for losing)\n|raw|SquidSpring's rating: 1419 &rarr; <strong>1433<\/strong><br \/>(+14 for winning)\n|l|\u2606blossom02\n","uploadtime":1696378888,"views":15,"p1id":"blossom02","p2id":"squidspring","formatid":"gen9nationaldexdoubles","rating":1295,"private":0,"password":""}