{"id":"gen9nationaldexdoubles-1985387864","p1":"MAISRN","p2":"Nerdygolem513","format":"[Gen 9] National Dex Doubles","log":"|j|\u2606MAISRN\n|j|\u2606Nerdygolem513\n|t:|1699370483\n|gametype|doubles\n|player|p1|MAISRN|101|1210\n|player|p2|Nerdygolem513|169|1369\n|teamsize|p1|6\n|teamsize|p2|6\n|gen|9\n|tier|[Gen 9] National Dex Doubles\n|rated|\n|rule|HP Percentage Mod: HP is shown in percentages\n|rule|Endless Battle Clause: Forcing endless battles is banned\n|rule|OHKO Clause: OHKO moves are banned\n|rule|Evasion Moves Clause: Evasion moves are banned\n|rule|Evasion Abilities Clause: Evasion abilities are banned\n|rule|Species Clause: Limit one of each Pok\u00e9mon\n|rule|Gravity Sleep Clause: The combination of sleep-inducing moves with imperfect accuracy and Gravity or Gigantamax Orbeetle are banned\n|clearpoke\n|poke|p1|Stakataka|\n|poke|p1|Torkoal, F|\n|poke|p1|Walking Wake|\n|poke|p1|Grimmsnarl, M|\n|poke|p1|Houndstone, M|\n|poke|p1|Tyranitar, M|\n|poke|p2|Tapu Koko|\n|poke|p2|Indeedee-F, F|\n|poke|p2|Raichu-Alola, M|\n|poke|p2|Alakazam, M|\n|poke|p2|Iron Valiant|\n|poke|p2|Farigiraf, M|\n|teampreview\n|\n|t:|1699370499\n|start\n|switch|p1a: Walking Wake|Walking Wake|100\/100\n|switch|p1b: Grimmsnarl|Grimmsnarl, M|100\/100\n|switch|p2a: KFC|Tapu Koko|100\/100\n|switch|p2b: Pancakes|Raichu-Alola, M|100\/100\n|-fieldstart|move: Electric Terrain|[from] ability: Electric Surge|[of] p2a: KFC\n|-enditem|p1a: Walking Wake|Booster Energy\n|-activate|p1a: Walking Wake|ability: Protosynthesis|[fromitem]\n|-start|p1a: Walking Wake|protosynthesisspa\n|turn|1\n|inactive|Battle timer is ON: inactive players will automatically lose when time's up. (requested by Nerdygolem513)\n|\n|t:|1699370519\n|switch|p2a: Hannah|Farigiraf, M|100\/100\n|move|p1b: Grimmsnarl|Fake Out||[still]\n|cant|p2a: Hannah|ability: Armor Tail|Fake Out|[of] p1b: Grimmsnarl\n|move|p2b: Pancakes|Rising Voltage|p1a: Walking Wake\n|-hint|Rising Voltage's BP doubled on grounded target.\n|-damage|p1a: Walking Wake|0 fnt\n|faint|p1a: Walking Wake\n|-end|p1a: Walking Wake|Protosynthesis|[silent]\n|-damage|p2b: Pancakes|91\/100|[from] item: Life Orb\n|\n|upkeep\n|\n|t:|1699370530\n|switch|p1a: Stakataka|Stakataka|100\/100\n|turn|2\n|\n|t:|1699370539\n|move|p1b: Grimmsnarl|Scary Face||[still]\n|cant|p2a: Hannah|ability: Armor Tail|Scary Face|[of] p1b: Grimmsnarl\n|move|p2b: Pancakes|Rising Voltage|p1a: Stakataka\n|-hint|Rising Voltage's BP doubled on grounded target.\n|-damage|p1a: Stakataka|24\/100\n|-enditem|p1a: Stakataka|Salac Berry|[eat]\n|-boost|p1a: Stakataka|spe|1|[from] item: Salac Berry\n|-damage|p2b: Pancakes|81\/100|[from] item: Life Orb\n|move|p2a: Hannah|Wish|p2a: Hannah\n|move|p1a: Stakataka|Trick Room|p1a: Stakataka\n|-fieldstart|move: Trick Room|[of] p1a: Stakataka\n|\n|upkeep\n|turn|3\n|\n|t:|1699370556\n|move|p2b: Pancakes|Protect|p2b: Pancakes\n|-singleturn|p2b: Pancakes|Protect\n|move|p1a: Stakataka|Gyro Ball|p2b: Pancakes\n|-activate|p2b: Pancakes|move: Protect\n|move|p1b: Grimmsnarl|Play Rough|p2a: Hannah\n|-damage|p2a: Hannah|63\/100\n|move|p2a: Hannah|Trick Room|p2a: Hannah\n|-fieldend|move: Trick Room\n|\n|-heal|p2a: Hannah|100\/100|[from] move: Wish|[wisher] Hannah\n|upkeep\n|turn|4\n|\n|t:|1699370577\n|move|p1b: Grimmsnarl|Scary Face||[still]\n|cant|p2a: Hannah|ability: Armor Tail|Scary Face|[of] p1b: Grimmsnarl\n|move|p2b: Pancakes|Rising Voltage|p1a: Stakataka\n|-hint|Rising Voltage's BP doubled on grounded target.\n|-damage|p1a: Stakataka|0 fnt\n|faint|p1a: Stakataka\n|-damage|p2b: Pancakes|71\/100|[from] item: Life Orb\n|move|p2a: Hannah|Hyper Voice|p1b: Grimmsnarl\n|-damage|p1b: Grimmsnarl|67\/100\n|\n|upkeep\n|\n|t:|1699370587\n|switch|p1a: Torkoal|Torkoal, F|100\/100\n|-weather|SunnyDay|[from] ability: Drought|[of] p1a: Torkoal\n|turn|5\n|\n|t:|1699370597\n|move|p1b: Grimmsnarl|Fake Out||[still]\n|cant|p2a: Hannah|ability: Armor Tail|Fake Out|[of] p1b: Grimmsnarl\n|move|p2b: Pancakes|Rising Voltage|p1a: Torkoal\n|-hint|Rising Voltage's BP doubled on grounded target.\n|-damage|p1a: Torkoal|0 fnt\n|faint|p1a: Torkoal\n|-damage|p2b: Pancakes|61\/100|[from] item: Life Orb\n|move|p2a: Hannah|Wish|p2a: Hannah\n|\n|-weather|SunnyDay|[upkeep]\n|-fieldend|move: Electric Terrain\n|upkeep\n|inactive|MAISRN has 120 seconds left.\n|\n|t:|1699370628\n|switch|p1a: Tyranitar|Tyranitar, M|100\/100\n|-weather|Sandstorm|[from] ability: Sand Stream|[of] p1a: Tyranitar\n|turn|6\n|\n|t:|1699370636\n|detailschange|p1a: Tyranitar|Tyranitar-Mega, M\n|-mega|p1a: Tyranitar|Tyranitar|Tyranitarite\n|-terastallize|p2b: Pancakes|Grass\n|move|p2a: Hannah|Ally Switch|p2a: Hannah\n|swap|p2a: Hannah|1|[from] move: Ally Switch\n|move|p2a: Pancakes|Grass Knot|p1a: Tyranitar\n|-supereffective|p1a: Tyranitar\n|-crit|p1a: Tyranitar\n|-damage|p1a: Tyranitar|16\/100\n|-damage|p2a: Pancakes|51\/100|[from] item: Life Orb\n|move|p1a: Tyranitar|Earthquake|p2a: Pancakes|[spread] p1b,p2a,p2b\n|-resisted|p2a: Pancakes\n|-damage|p1b: Grimmsnarl|38\/100\n|-damage|p2a: Pancakes|19\/100\n|-damage|p2b: Hannah|73\/100\n|move|p1b: Grimmsnarl|Play Rough|p2a: Pancakes\n|-damage|p2a: Pancakes|0 fnt\n|faint|p2a: Pancakes\n|\n|-weather|Sandstorm|[upkeep]\n|-damage|p1b: Grimmsnarl|31\/100|[from] Sandstorm\n|-damage|p2b: Hannah|67\/100|[from] Sandstorm\n|upkeep\n|\n|t:|1699370660\n|switch|p2a: KFC|Tapu Koko|100\/100\n|-fieldstart|move: Electric Terrain|[from] ability: Electric Surge|[of] p2a: KFC\n|turn|7\n|\n|t:|1699370670\n|move|p1b: Grimmsnarl|Scary Face||[still]\n|cant|p2b: Hannah|ability: Armor Tail|Scary Face|[of] p1b: Grimmsnarl\n|move|p2a: KFC|Iron Head|p1a: Tyranitar\n|-supereffective|p1a: Tyranitar\n|-damage|p1a: Tyranitar|0 fnt\n|faint|p1a: Tyranitar\n|move|p2b: Hannah|Hyper Voice|p1b: Grimmsnarl\n|-damage|p1b: Grimmsnarl|0 fnt\n|faint|p1b: Grimmsnarl\n|\n|-weather|Sandstorm|[upkeep]\n|-damage|p2a: KFC|94\/100|[from] Sandstorm\n|-damage|p2b: Hannah|61\/100|[from] Sandstorm\n|upkeep\n|\n|t:|1699370696\n|switch|p1b: Houndstone|Houndstone, M, shiny|100\/100\n|turn|8\n|\n|t:|1699370701\n|switch|p2b: Gender|Iron Valiant|100\/100\n|-activate|p2b: Gender|ability: Quark Drive\n|-start|p2b: Gender|quarkdrivespe\n|move|p1b: Houndstone|Last Respects|p2a: KFC\n|-damage|p2a: KFC|0 fnt\n|faint|p2a: KFC\n|\n|-weather|Sandstorm|[upkeep]\n|-damage|p2b: Gender|94\/100|[from] Sandstorm\n|upkeep\n|\n|t:|1699370705\n|switch|p2a: Indeed|Indeedee-F, F|100\/100\n|-fieldstart|move: Psychic Terrain|[from] ability: Psychic Surge|[of] p2a: Indeed\n|-end|p2b: Gender|Quark Drive\n|turn|9\n|\n|t:|1699370715\n|move|p2a: Indeed|Follow Me|p2a: Indeed\n|-singleturn|p2a: Indeed|move: Follow Me\n|move|p1b: Houndstone|Last Respects|p2a: Indeed\n|-immune|p2a: Indeed\n|move|p2b: Gender|Knock Off|p1b: Houndstone\n|-supereffective|p1b: Houndstone\n|-damage|p1b: Houndstone|0 fnt\n|-enditem|p1b: Houndstone|Choice Scarf|[from] move: Knock Off|[of] p2b: Gender\n|faint|p1b: Houndstone\n|\n|win|Nerdygolem513\n|raw|MAISRN's rating: 1210 &rarr; <strong>1196<\/strong><br \/>(-14 for losing)\n|raw|Nerdygolem513's rating: 1369 &rarr; <strong>1380<\/strong><br \/>(+11 for winning)\n","uploadtime":1699370721,"views":5,"p1id":"maisrn","p2id":"nerdygolem513","formatid":"gen9nationaldexdoubles","rating":1196,"private":0,"password":""}