{"id":"gen9nationaldexdoubles-1998016182","p1":"KRONEL2426","p2":"fumbari 24","format":"[Gen 9] National Dex Doubles","log":"|j|\u2606KRONEL2426\n|j|\u2606fumbari 24\n|t:|1700879329\n|gametype|doubles\n|player|p1|KRONEL2426|hugh|1189\n|player|p2|fumbari 24|hilbert|1181\n|teamsize|p1|6\n|teamsize|p2|6\n|gen|9\n|tier|[Gen 9] National Dex Doubles\n|rated|\n|rule|HP Percentage Mod: HP is shown in percentages\n|rule|Endless Battle Clause: Forcing endless battles is banned\n|rule|OHKO Clause: OHKO moves are banned\n|rule|Evasion Moves Clause: Evasion moves are banned\n|rule|Evasion Abilities Clause: Evasion abilities are banned\n|rule|Species Clause: Limit one of each Pok\u00e9mon\n|rule|Gravity Sleep Clause: The combination of sleep-inducing moves with imperfect accuracy and Gravity or Gigantamax Orbeetle are banned\n|clearpoke\n|poke|p1|Toxapex, F|\n|poke|p1|Amoonguss, F|\n|poke|p1|Corviknight, F|\n|poke|p1|Kommo-o, F|\n|poke|p1|Volcarona, F|\n|poke|p1|Landorus-Therian, M|\n|poke|p2|Electivire, M|\n|poke|p2|Electrode-Hisui|\n|poke|p2|Lycanroc-Dusk, M|\n|poke|p2|Rotom-Heat|\n|poke|p2|Alcremie, F|\n|poke|p2|Diggersby, M|\n|teampreview\n|\n|t:|1700879342\n|start\n|switch|p1a: Amoonguss|Amoonguss, F|100\/100\n|switch|p1b: Toxapex|Toxapex, F|100\/100\n|switch|p2a: Electivire|Electivire, M|100\/100\n|switch|p2b: Electrode|Electrode-Hisui|100\/100\n|turn|1\n|\n|t:|1700879355\n|move|p1b: Toxapex|Baneful Bunker|p1b: Toxapex\n|-singleturn|p1b: Toxapex|move: Protect\n|move|p2b: Electrode|Taunt|p1a: Amoonguss\n|-start|p1a: Amoonguss|move: Taunt\n|move|p2a: Electivire|Thunder Punch|p1b: Toxapex\n|-activate|p1b: Toxapex|move: Protect\n|-status|p2a: Electivire|psn\n|cant|p1a: Amoonguss|move: Taunt|Spore\n|\n|-damage|p2a: Electivire|88\/100 psn|[from] psn\n|upkeep\n|turn|2\n|\n|t:|1700879375\n|switch|p1b: Corviknight|Corviknight, F|100\/100\n|-ability|p1b: Corviknight|Pressure\n|switch|p1a: Landorus|Landorus-Therian, M|100\/100\n|-ability|p1a: Landorus|Intimidate|boost\n|-fail|p2a: Electivire|unboost|[from] item: Clear Amulet|[of] p2a: Electivire\n|-unboost|p2b: Electrode|atk|1\n|move|p2b: Electrode|Discharge|p1b: Corviknight|[spread] p1b\n|-ability|p2a: Electivire|Motor Drive|boost\n|-boost|p2a: Electivire|spe|1\n|-immune|p1a: Landorus\n|-supereffective|p1b: Corviknight\n|-damage|p1b: Corviknight|78\/100\n|move|p2a: Electivire|Thunder Punch|p1b: Corviknight\n|-supereffective|p1b: Corviknight\n|-damage|p1b: Corviknight|15\/100\n|\n|-heal|p1b: Corviknight|21\/100|[from] item: Leftovers\n|-damage|p2a: Electivire|76\/100 psn|[from] psn\n|upkeep\n|turn|3\n|\n|t:|1700879400\n|move|p2b: Electrode|Discharge|p1a: Landorus|[spread] p1b\n|-ability|p2a: Electivire|Motor Drive|boost\n|-boost|p2a: Electivire|spe|1\n|-immune|p1a: Landorus\n|-supereffective|p1b: Corviknight\n|-damage|p1b: Corviknight|0 fnt\n|faint|p1b: Corviknight\n|move|p2a: Electivire|Ice Punch|p1a: Landorus\n|-supereffective|p1a: Landorus\n|-damage|p1a: Landorus|0 fnt\n|faint|p1a: Landorus\n|\n|-damage|p2a: Electivire|63\/100 psn|[from] psn\n|upkeep\n|\n|t:|1700879417\n|switch|p1a: Toxapex|Toxapex, F|100\/100\n|switch|p1b: Kommo-o|Kommo-o, F|100\/100\n|turn|4\n|\n|t:|1700879427\n|-terastallize|p1b: Kommo-o|Fairy\n|move|p2a: Electivire|Ice Punch|p1b: Kommo-o\n|-damage|p1b: Kommo-o|76\/100\n|move|p2b: Electrode|Discharge|p1b: Kommo-o|[spread] p1a,p1b\n|-ability|p2a: Electivire|Motor Drive|boost\n|-boost|p2a: Electivire|spe|1\n|-supereffective|p1a: Toxapex\n|-damage|p1a: Toxapex|71\/100\n|-damage|p1b: Kommo-o|56\/100\n|move|p1b: Kommo-o|Clangorous Soul|p1b: Kommo-o\n|-boost|p1b: Kommo-o|atk|1\n|-boost|p1b: Kommo-o|def|1\n|-boost|p1b: Kommo-o|spa|1\n|-boost|p1b: Kommo-o|spd|1\n|-boost|p1b: Kommo-o|spe|1\n|-damage|p1b: Kommo-o|23\/100\n|move|p1a: Toxapex|Icy Wind|p2a: Electivire|[spread] p2a,p2b\n|-supereffective|p2b: Electrode\n|-damage|p2a: Electivire|56\/100 psn\n|-damage|p2b: Electrode|85\/100\n|\n|-heal|p1a: Toxapex|77\/100|[from] item: Leftovers\n|-damage|p2a: Electivire|44\/100 psn|[from] psn\n|upkeep\n|turn|5\n|inactive|Battle timer is ON: inactive players will automatically lose when time's up. (requested by fumbari 24)\n|\n|t:|1700879454\n|move|p1a: Toxapex|Baneful Bunker|p1a: Toxapex\n|-singleturn|p1a: Toxapex|move: Protect\n|move|p2a: Electivire|Thunder Punch|p1b: Kommo-o\n|-damage|p1b: Kommo-o|0 fnt\n|faint|p1b: Kommo-o\n|move|p2b: Electrode|Discharge|p1a: Toxapex|[spread] \n|-activate|p1a: Toxapex|move: Protect\n|-ability|p2a: Electivire|Motor Drive|boost\n|-boost|p2a: Electivire|spe|1\n|\n|-heal|p1a: Toxapex|83\/100|[from] item: Leftovers\n|-damage|p2a: Electivire|32\/100 psn|[from] psn\n|upkeep\n|-message|KRONEL2426 forfeited.\n|\n|win|fumbari 24\n|raw|KRONEL2426's rating: 1189 &rarr; <strong>1163<\/strong><br \/>(-26 for losing)\n|raw|fumbari 24's rating: 1181 &rarr; <strong>1207<\/strong><br \/>(+26 for winning)\n|l|\u2606KRONEL2426\n","uploadtime":1700879469,"views":3,"p1id":"kronel2426","p2id":"fumbari24","formatid":"gen9nationaldexdoubles","rating":1163,"private":0,"password":""}