{"id":"gen9nationaldexdoubles-1988978686","p1":"Mythless","p2":"DJMerintes","format":"[Gen 9] National Dex Doubles","log":"|j|\u2606Mythless\n|j|\u2606DJMerintes\n|t:|1699797580\n|gametype|doubles\n|player|p1|Mythless|jacq|\n|player|p2|DJMerintes|n|\n|teamsize|p1|6\n|teamsize|p2|6\n|gen|9\n|tier|[Gen 9] National Dex Doubles\n|rule|HP Percentage Mod: HP is shown in percentages\n|rule|Endless Battle Clause: Forcing endless battles is banned\n|rule|OHKO Clause: OHKO moves are banned\n|rule|Evasion Moves Clause: Evasion moves are banned\n|rule|Evasion Abilities Clause: Evasion abilities are banned\n|rule|Species Clause: Limit one of each Pok\u00e9mon\n|rule|Gravity Sleep Clause: The combination of sleep-inducing moves with imperfect accuracy and Gravity or Gigantamax Orbeetle are banned\n|clearpoke\n|poke|p1|Corviknight, M|\n|poke|p1|Heatran, F|\n|poke|p1|Orthworm, F|\n|poke|p1|Empoleon, F|\n|poke|p1|Gholdengo|\n|poke|p1|Metagross|\n|poke|p2|Lucario, F|\n|poke|p2|Gholdengo|\n|poke|p2|Heatran, F|\n|poke|p2|Klefki, M|\n|poke|p2|Celesteela|\n|poke|p2|Skarmory, M|\n|teampreview\n|j| Oddietor07\n|c| Oddietor07|COMIENZA LOS CUARTOS DE FINAL CON UN COMBATE ESPEJOOOOO\n|c|\u2606DJMerintes|empezamos con acero vs acero\n|c|\u2606Mythless|demos un par de mins por si entra alguien mas\n|c|\u2606DJMerintes|si si\n|c|\u2606DJMerintes|sin problema\n|c|\u2606Mythless|Pero oye una cosa\n|j| Vicomuq\n|c|\u2606DJMerintes|dime\n|c|\u2606Mythless|yo ahi cuento 3 limitados\n|c|\u2606Mythless|ARBIIIII\n|c| Oddietor07|eingg\n|c| Oddietor07|qui\u00e9n??\n|c|\u2606DJMerintes|el equipo se hizo con el arbi ;(\n|j| Bioke\n|c|\u2606Mythless|Gholdengho \/ heatran\/ celesteela\n|c| Oddietor07|hostia gholdengo est\u00e1 limitado?\n|c|\u2606Mythless|Si no?\n|c|\u2606DJMerintes|XD\n|c| Oddietor07|pues no lo recordaba jajajajaja\n|c|\u2606Mythless|A revisar\n|c|\u2606Mythless|Al var\n|c|\u2606DJMerintes|pues no se, como me digais, que hacemos?\n|c|\u2606Mythless|Yo pensaba que si\n|c|\u2606DJMerintes|no sale en limitados\n|c|\u2606Mythless|No lo veo en la lista\n|c|\u2606Mythless|Cierto\n|c|\u2606Mythless|Paranoia mia pues\n|c|\u2606Mythless|Les go\n|c| Oddietor07|M\u00cdRALE\n|c| Bioke|se hablo\n|c| Oddietor07|QU\u00c9 INTENTAS DYLAN\n|c| Bioke|en su momento\n|c| Bioke|de hacerlo limitado\n|c| Oddietor07|CONFUNDIR A TU RIVAL??\n|c| Bioke|pero al final no se en que quedo\n|c|\u2606DJMerintes|ya me estaba poniendo nervioso\n|c|\u2606Mythless|No no, solo soy bobo jajajaja\n|c|\u2606DJMerintes|le damos no?\n|c|\u2606Mythless|Yessss\n|\n|t:|1699797879\n|start\n|switch|p1a: Corvo|Corviknight, M, shiny|100\/100\n|switch|p1b: Ma Boy <3|Metagross, shiny|100\/100\n|switch|p2a: Klefki|Klefki, M|100\/100\n|switch|p2b: Lucario|Lucario, F|100\/100\n|turn|1\n|\n|t:|1699797901\n|switch|p2b: Celesteela|Celesteela|100\/100\n|move|p2a: Klefki|Light Screen|p2a: Klefki\n|-sidestart|p2: DJMerintes|move: Light Screen\n|move|p1b: Ma Boy <3|Brick Break|p2b: Celesteela\n|-sideend|p2: DJMerintes|move: Light Screen\n|-damage|p2b: Celesteela|74\/100\n|move|p1a: Corvo|Tailwind|p1a: Corvo\n|-sidestart|p1: Mythless|move: Tailwind\n|\n|-heal|p2b: Celesteela|80\/100|[from] item: Leftovers\n|upkeep\n|turn|2\n|\n|t:|1699797934\n|move|p2a: Klefki|Thunder Wave|p1b: Ma Boy <3\n|-status|p1b: Ma Boy <3|par\n|move|p1a: Corvo|U-turn|p2a: Klefki\n|-resisted|p2a: Klefki\n|-damage|p2a: Klefki|96\/100\n|\n|t:|1699797939\n|switch|p1a: Pingu|Empoleon, F, shiny|100\/100|[from] U-turn\n|cant|p1b: Ma Boy <3|par\n|move|p2b: Celesteela|Leech Seed|p1a: Pingu\n|-start|p1a: Pingu|move: Leech Seed\n|\n|-heal|p2b: Celesteela|86\/100|[from] item: Leftovers\n|-damage|p1a: Pingu|88\/100|[from] Leech Seed|[of] p2b: Celesteela\n|-heal|p2b: Celesteela|98\/100|[silent]\n|upkeep\n|turn|3\n|\n|t:|1699797961\n|move|p2a: Klefki|Reflect|p2a: Klefki\n|-sidestart|p2: DJMerintes|Reflect\n|move|p1a: Pingu|Flash Cannon|p2a: Klefki\n|-damage|p2a: Klefki|45\/100\n|move|p1b: Ma Boy <3|Thunder Punch|p2b: Celesteela\n|-supereffective|p2b: Celesteela\n|-damage|p2b: Celesteela|66\/100\n|move|p2b: Celesteela|Leech Seed|p1b: Ma Boy <3|[miss]\n|-miss|p2b: Celesteela|p1b: Ma Boy <3\n|\n|-heal|p2b: Celesteela|72\/100|[from] item: Leftovers\n|-damage|p1a: Pingu|76\/100|[from] Leech Seed|[of] p2b: Celesteela\n|-heal|p2b: Celesteela|83\/100|[silent]\n|upkeep\n|turn|4\n|\n|t:|1699797984\n|move|p2a: Klefki|Thunder Wave|p1a: Pingu\n|-status|p1a: Pingu|par\n|cant|p1b: Ma Boy <3|par\n|move|p2b: Celesteela|Leech Seed|p1b: Ma Boy <3\n|-start|p1b: Ma Boy <3|move: Leech Seed\n|cant|p1a: Pingu|par\n|\n|-heal|p2b: Celesteela|89\/100|[from] item: Leftovers\n|-damage|p1b: Ma Boy <3|88\/100 par|[from] Leech Seed|[of] p2b: Celesteela\n|-heal|p2b: Celesteela|98\/100|[silent]\n|-damage|p1a: Pingu|63\/100 par|[from] Leech Seed|[of] p2b: Celesteela\n|-heal|p2b: Celesteela|100\/100|[silent]\n|-sideend|p1: Mythless|move: Tailwind\n|upkeep\n|turn|5\n|c| Oddietor07|PARA PARA PARA PARA\n|c| Oddietor07|PARALIZA-DOOOOS\n|c| Oddietor07|PARECE QUE LAS DEFENSAS DE APACHE EST\u00c1N DETENIENDO LA OFENSIVA DE DYLAN\n|\n|t:|1699798041\n|move|p2a: Klefki|Light Screen|p2a: Klefki\n|-sidestart|p2: DJMerintes|move: Light Screen\n|move|p2b: Celesteela|Leech Seed||[still]\n|-fail|p2b: Celesteela\n|move|p1b: Ma Boy <3|Brick Break|p2a: Klefki\n|-sideend|p2: DJMerintes|Reflect\n|-sideend|p2: DJMerintes|move: Light Screen\n|-damage|p2a: Klefki|21\/100\n|move|p1a: Pingu|Flash Cannon|p2a: Klefki\n|-crit|p2a: Klefki\n|-damage|p2a: Klefki|0 fnt\n|faint|p2a: Klefki\n|\n|-damage|p1b: Ma Boy <3|76\/100 par|[from] Leech Seed|[of] p2b: Celesteela\n|-damage|p1a: Pingu|51\/100 par|[from] Leech Seed|[of] p2b: Celesteela\n|upkeep\n|c| Bioke|VAAAMOS DYLAN HAZLE LA TECNICA DEL ESPETO\n|\n|t:|1699798068\n|switch|p2a: Lucario|Lucario, F|100\/100\n|turn|6\n|c| Oddietor07|Jajajajajajajaja no s\u00e9 ni qu\u00e9 es pero s\u00e9 que rima con que de alguna forma te la meto\n|j| Inkubone\n|\n|t:|1699798090\n|switch|p1b: Bezos|Gholdengo|100\/100\n|switch|p1a: Corvo|Corviknight, M, shiny|100\/100\n|move|p2b: Celesteela|Protect|p2b: Celesteela\n|-singleturn|p2b: Celesteela|Protect\n|move|p2a: Lucario|Earthquake|p1a: Corvo|[spread] p1b\n|-activate|p2b: Celesteela|move: Protect\n|-immune|p1a: Corvo\n|-supereffective|p1b: Bezos\n|-damage|p1b: Bezos|43\/100\n|\n|upkeep\n|turn|7\n|\n|t:|1699798111\n|switch|p1b: Bob|Orthworm, F, shiny|100\/100\n|move|p2a: Lucario|Earthquake|p1b: Bob|[spread] \n|-immune|p1b: Bob|[from] ability: Earth Eater\n|-immune|p2b: Celesteela\n|-immune|p1a: Corvo\n|move|p1a: Corvo|Tailwind|p1a: Corvo\n|-sidestart|p1: Mythless|move: Tailwind\n|move|p2b: Celesteela|Leech Seed|p1a: Corvo\n|-start|p1a: Corvo|move: Leech Seed\n|\n|-damage|p1a: Corvo|88\/100|[from] Leech Seed|[of] p2b: Celesteela\n|upkeep\n|turn|8\n|\n|t:|1699798141\n|switch|p2a: Skarmory|Skarmory, M|100\/100\n|move|p1a: Corvo|U-turn|p2a: Skarmory\n|-resisted|p2a: Skarmory\n|-damage|p2a: Skarmory|98\/100\n|-damage|p1a: Corvo|72\/100|[from] item: Rocky Helmet|[of] p2a: Skarmory\n|\n|t:|1699798147\n|switch|p1a: Vulcano|Heatran, F|100\/100|[from] U-turn\n|-item|p1a: Vulcano|Air Balloon\n|move|p1b: Bob|Body Press|p2a: Skarmory\n|-damage|p2a: Skarmory|83\/100\n|-damage|p1b: Bob|84\/100|[from] item: Rocky Helmet|[of] p2a: Skarmory\n|move|p2b: Celesteela|Leech Seed|p1b: Bob\n|-start|p1b: Bob|move: Leech Seed\n|\n|-heal|p1b: Bob|90\/100|[from] item: Leftovers\n|-damage|p1b: Bob|78\/100|[from] Leech Seed|[of] p2b: Celesteela\n|upkeep\n|turn|9\n|\n|t:|1699798189\n|switch|p1b: Bezos|Gholdengo|43\/100\n|move|p1a: Vulcano|Heat Wave|p2a: Skarmory|[spread] p2a,p2b\n|-supereffective|p2a: Skarmory\n|-supereffective|p2b: Celesteela\n|-damage|p2a: Skarmory|0 fnt\n|-damage|p2b: Celesteela|49\/100\n|faint|p2a: Skarmory\n|move|p2b: Celesteela|Earthquake|p1a: Vulcano|[spread] p1b\n|-immune|p1a: Vulcano\n|-supereffective|p1b: Bezos\n|-damage|p1b: Bezos|7\/100\n|\n|-heal|p2b: Celesteela|55\/100|[from] item: Leftovers\n|upkeep\n|c| Oddietor07|ayyyyyyyy\n|c|\u2606Mythless|pero psicopata\n|c|\u2606Mythless|que hace el cohete con terremoto\n|c|\u2606DJMerintes|jajajajaja\n|c|\u2606DJMerintes|la tech\n|c| Oddietor07|a ver si te crees que esa mierda al despegar no sacude el suelo\n|l| Inkubone\n|\n|t:|1699798253\n|switch|p2a: Heatran|Heatran, F|100\/100\n|-item|p2a: Heatran|Air Balloon\n|turn|10\n|\n|t:|1699798283\n|move|p2b: Celesteela|Protect|p2b: Celesteela\n|-singleturn|p2b: Celesteela|Protect\n|move|p1b: Bezos|Power Gem|p2a: Heatran\n|-damage|p2a: Heatran|70\/100\n|-enditem|p2a: Heatran|Air Balloon\n|-damage|p1b: Bezos|0 fnt|[from] item: Life Orb\n|faint|p1b: Bezos\n|move|p1a: Vulcano|Heat Wave|p2a: Heatran|[spread] \n|-activate|p2b: Celesteela|move: Protect\n|-start|p2a: Heatran|ability: Flash Fire\n|move|p2a: Heatran|Earth Power|p1a: Vulcano\n|-immune|p1a: Vulcano\n|\n|-heal|p2b: Celesteela|61\/100|[from] item: Leftovers\n|-sideend|p1: Mythless|move: Tailwind\n|upkeep\n|\n|t:|1699798294\n|switch|p1b: Corvo|Corviknight, M, shiny|72\/100\n|turn|11\n|c| Oddietor07|EL GLOBO\u00c7\n|c| Oddietor07|EL GLOBO\n|c|\u2606DJMerintes|ese no era el target\n|c|\u2606DJMerintes|aaaa\n|c| Oddietor07|JAJAJAJA\n|c| Oddietor07|SE HIZO LA DE IT\n|c| Oddietor07|TODOS FLOTAMOOOO\n|\n|t:|1699798353\n|move|p2a: Heatran|Hidden Power|p1a: Vulcano\n|-supereffective|p1a: Vulcano\n|-damage|p1a: Vulcano|64\/100\n|-enditem|p1a: Vulcano|Air Balloon\n|move|p1a: Vulcano|Earth Power|p2a: Heatran\n|-supereffective|p2a: Heatran\n|-damage|p2a: Heatran|0 fnt\n|faint|p2a: Heatran\n|move|p1b: Corvo|Tailwind|p1b: Corvo\n|-sidestart|p1: Mythless|move: Tailwind\n|move|p2b: Celesteela|Leech Seed|p1b: Corvo|[miss]\n|-miss|p2b: Celesteela|p1b: Corvo\n|\n|-heal|p2b: Celesteela|67\/100|[from] item: Leftovers\n|upkeep\n|c| Oddietor07|APA-HETRAN LE DIJO EL PERREO HASTA EL SUELO Y EL DY-HEATRAN DIGO QUE LE PINTARON PAJARITOS EN EL AIRE\n|\n|t:|1699798367\n|switch|p2a: Lucario|Lucario, F|100\/100\n|turn|12\n|\n|t:|1699798376\n|move|p1a: Vulcano|Protect|p1a: Vulcano\n|-singleturn|p1a: Vulcano|Protect\n|move|p2a: Lucario|Earthquake|p1b: Corvo|[spread] \n|-activate|p1a: Vulcano|move: Protect\n|-immune|p2b: Celesteela\n|-immune|p1b: Corvo\n|move|p1b: Corvo|U-turn|p2b: Celesteela\n|-resisted|p2b: Celesteela\n|-damage|p2b: Celesteela|63\/100\n|\n|t:|1699798385\n|switch|p1b: Bob|Orthworm, F, shiny|78\/100|[from] U-turn\n|move|p2b: Celesteela|Leech Seed|p1b: Bob\n|-start|p1b: Bob|move: Leech Seed\n|\n|-heal|p1b: Bob|84\/100|[from] item: Leftovers\n|-heal|p2b: Celesteela|69\/100|[from] item: Leftovers\n|-damage|p1b: Bob|71\/100|[from] Leech Seed|[of] p2b: Celesteela\n|-heal|p2b: Celesteela|80\/100|[silent]\n|upkeep\n|turn|13\n|\n|t:|1699798413\n|switch|p1a: Corvo|Corviknight, M, shiny|72\/100\n|move|p2b: Celesteela|Wide Guard|p2b: Celesteela\n|-singleturn|p2b: Celesteela|Wide Guard\n|move|p2a: Lucario|Earthquake|p1b: Bob|[spread] \n|-activate|p2b: Celesteela|move: Wide Guard\n|-heal|p1b: Bob|96\/100|[from] ability: Earth Eater|[of] p2a: Lucario\n|-immune|p1a: Corvo\n|move|p1b: Bob|Body Press|p2a: Lucario\n|-supereffective|p2a: Lucario\n|-damage|p2a: Lucario|21\/100\n|\n|-heal|p1b: Bob|100\/100|[from] item: Leftovers\n|-heal|p2b: Celesteela|86\/100|[from] item: Leftovers\n|-damage|p1b: Bob|88\/100|[from] Leech Seed|[of] p2b: Celesteela\n|-heal|p2b: Celesteela|96\/100|[silent]\n|upkeep\n|turn|14\n|j| JuanAM8\n|\n|t:|1699798439\n|switch|p2a: Gholdengo|Gholdengo|100\/100\n|move|p1a: Corvo|Iron Head|p2a: Gholdengo\n|-resisted|p2a: Gholdengo\n|-damage|p2a: Gholdengo|81\/100\n|move|p1b: Bob|Iron Head|p2a: Gholdengo\n|-resisted|p2a: Gholdengo\n|-damage|p2a: Gholdengo|68\/100\n|move|p2b: Celesteela|Leech Seed|p1a: Corvo\n|-start|p1a: Corvo|move: Leech Seed\n|\n|-heal|p1b: Bob|94\/100|[from] item: Leftovers\n|-heal|p2b: Celesteela|100\/100|[from] item: Leftovers\n|-damage|p1a: Corvo|59\/100|[from] Leech Seed|[of] p2b: Celesteela\n|-damage|p1b: Bob|82\/100|[from] Leech Seed|[of] p2b: Celesteela\n|-sideend|p1: Mythless|move: Tailwind\n|upkeep\n|turn|15\n|l| JuanAM8\n|\n|t:|1699798512\n|move|p2b: Celesteela|Protect|p2b: Celesteela\n|-singleturn|p2b: Celesteela|Protect\n|move|p2a: Gholdengo|Make It Rain|p1b: Bob|[spread] p1a,p1b\n|-resisted|p1a: Corvo\n|-resisted|p1b: Bob\n|-damage|p1a: Corvo|28\/100\n|-damage|p1b: Bob|46\/100\n|-unboost|p2a: Gholdengo|spa|1\n|-enditem|p1a: Corvo|Sitrus Berry|[eat]\n|-heal|p1a: Corvo|52\/100|[from] item: Sitrus Berry\n|move|p1a: Corvo|Tailwind|p1a: Corvo\n|-sidestart|p1: Mythless|move: Tailwind\n|move|p1b: Bob|Iron Head|p2a: Gholdengo\n|-resisted|p2a: Gholdengo\n|-damage|p2a: Gholdengo|55\/100\n|\n|-heal|p1b: Bob|52\/100|[from] item: Leftovers\n|-damage|p1a: Corvo|40\/100|[from] Leech Seed|[of] p2b: Celesteela\n|-damage|p1b: Bob|39\/100|[from] Leech Seed|[of] p2b: Celesteela\n|upkeep\n|turn|16\n|\n|t:|1699798537\n|switch|p1b: Ma Boy <3|Metagross, shiny|76\/100 par\n|switch|p2a: Lucario|Lucario, F|21\/100\n|move|p2b: Celesteela|Wide Guard|p2b: Celesteela\n|-singleturn|p2b: Celesteela|Wide Guard\n|move|p1a: Corvo|U-turn|p2a: Lucario\n|-resisted|p2a: Lucario\n|-damage|p2a: Lucario|13\/100\n|\n|t:|1699798551\n|switch|p1a: Bob|Orthworm, F, shiny|39\/100|[from] U-turn\n|\n|-heal|p1a: Bob|46\/100|[from] item: Leftovers\n|upkeep\n|turn|17\n|\n|t:|1699798565\n|move|p1a: Bob|Protect|p1a: Bob\n|-singleturn|p1a: Bob|Protect\n|move|p2a: Lucario|Blaze Kick|p1a: Bob\n|-activate|p1a: Bob|move: Protect\n|move|p1b: Ma Boy <3|Brick Break|p2a: Lucario\n|-supereffective|p2a: Lucario\n|-damage|p2a: Lucario|0 fnt\n|faint|p2a: Lucario\n|move|p2b: Celesteela|Leech Seed|p1b: Ma Boy <3\n|-start|p1b: Ma Boy <3|move: Leech Seed\n|\n|-heal|p1a: Bob|52\/100|[from] item: Leftovers\n|-damage|p1b: Ma Boy <3|64\/100 par|[from] Leech Seed|[of] p2b: Celesteela\n|upkeep\n|\n|t:|1699798577\n|switch|p2a: Gholdengo|Gholdengo|55\/100\n|turn|18\n|\n|t:|1699798591\n|switch|p1b: Pingu|Empoleon, F, shiny|51\/100 par\n|move|p2b: Celesteela|Protect|p2b: Celesteela\n|-singleturn|p2b: Celesteela|Protect\n|move|p1a: Bob|Iron Head|p2a: Gholdengo\n|-resisted|p2a: Gholdengo\n|-damage|p2a: Gholdengo|40\/100\n|move|p2a: Gholdengo|Focus Blast|p1a: Bob\n|-supereffective|p1a: Bob\n|-damage|p1a: Bob|0 fnt\n|faint|p1a: Bob\n|\n|-sideend|p1: Mythless|move: Tailwind\n|upkeep\n|\n|t:|1699798602\n|switch|p1a: Corvo|Corviknight, M, shiny|40\/100\n|turn|19\n|\n|t:|1699798609\n|move|p2a: Gholdengo|Focus Blast|p1a: Corvo|[miss]\n|-miss|p2a: Gholdengo|p1a: Corvo\n|move|p1a: Corvo|Tailwind|p1a: Corvo\n|-sidestart|p1: Mythless|move: Tailwind\n|move|p2b: Celesteela|Leech Seed|p1a: Corvo\n|-start|p1a: Corvo|move: Leech Seed\n|move|p1b: Pingu|Scald|p2a: Gholdengo\n|-damage|p2a: Gholdengo|0 fnt\n|faint|p2a: Gholdengo\n|\n|-damage|p1a: Corvo|28\/100|[from] Leech Seed|[of] p2b: Celesteela\n|upkeep\n|turn|20\n|c|\u2606DJMerintes|gg\n|c| Oddietor07|se masca la tragedia\n|\n|t:|1699798630\n|move|p1a: Corvo|U-turn|p2b: Celesteela\n|-resisted|p2b: Celesteela\n|-damage|p2b: Celesteela|96\/100\n|\n|t:|1699798632\n|switch|p1a: Ma Boy <3|Metagross, shiny|64\/100 par|[from] U-turn\n|move|p2b: Celesteela|Earthquake|p1a: Ma Boy <3|[spread] p1a,p1b\n|-supereffective|p1a: Ma Boy <3\n|-supereffective|p1b: Pingu\n|-damage|p1a: Ma Boy <3|31\/100 par\n|-damage|p1b: Pingu|17\/100 par\n|-enditem|p1a: Ma Boy <3|Weakness Policy\n|-boost|p1a: Ma Boy <3|atk|2|[from] item: Weakness Policy\n|-boost|p1a: Ma Boy <3|spa|2|[from] item: Weakness Policy\n|move|p1b: Pingu|Ice Beam|p2b: Celesteela\n|-damage|p2b: Celesteela|77\/100\n|-status|p2b: Celesteela|frz\n|\n|-heal|p2b: Celesteela|83\/100 frz|[from] item: Leftovers\n|upkeep\n|turn|21\n|c| Oddietor07|t\u00fa\n|\n|t:|1699798648\n|move|p1a: Ma Boy <3|Thunder Punch|p2b: Celesteela\n|-supereffective|p2b: Celesteela\n|-damage|p2b: Celesteela|0 fnt\n|faint|p2b: Celesteela\n|\n|win|Mythless\n|c|\u2606Mythless|gg\n|c|\u2606DJMerintes|gg\n|c|\u2606Mythless|joder\n|c| Oddietor07|gg\n|c|\u2606Mythless|drenadoras ha hecho 400 millones de da\u00f1o esta partida\n|c|\u2606Mythless|Lo que ha costado pasar\n|c|\u2606DJMerintes|jaajajaja, turbo celesteela\n|c|\u2606DJMerintes|siguiente ;(\n|l| Bioke\n|l| Vicomuq\n|j| pablooochess\n|l|\u2606Mythless\n|l| pablooochess\n","uploadtime":1699799858,"views":22,"p1id":"mythless","p2id":"djmerintes","formatid":"gen9nationaldexdoubles","rating":0,"private":0,"password":""}