{"id":"gen9nationaldexdoubles-1965043909","p1":"lxvliiz","p2":"Gear6Luffy","format":"[Gen 9] National Dex Doubles","log":"|j|\u2606lxvliiz\n|j|\u2606Gear6Luffy\n|t:|1697038051\n|gametype|doubles\n|player|p1|lxvliiz|101|\n|player|p2|Gear6Luffy|266|\n|teamsize|p1|6\n|teamsize|p2|6\n|gen|9\n|tier|[Gen 9] National Dex Doubles\n|rule|HP Percentage Mod: HP is shown in percentages\n|rule|Endless Battle Clause: Forcing endless battles is banned\n|rule|OHKO Clause: OHKO moves are banned\n|rule|Evasion Moves Clause: Evasion moves are banned\n|rule|Evasion Abilities Clause: Evasion abilities are banned\n|rule|Species Clause: Limit one of each Pok\u00e9mon\n|rule|Gravity Sleep Clause: The combination of sleep-inducing moves with imperfect accuracy and Gravity or Gigantamax Orbeetle are banned\n|clearpoke\n|poke|p1|Nidoking, M|\n|poke|p1|Charizard, M|\n|poke|p1|Torkoal, F|\n|poke|p1|Lilligant-Hisui, F|\n|poke|p1|Rillaboom, M|\n|poke|p1|Sinistcha-Masterpiece|\n|poke|p2|Dondozo, F|\n|poke|p2|Tatsugiri, F|\n|poke|p2|Tyranitar, F|\n|poke|p2|Lycanroc, M|\n|poke|p2|Dragapult, F|\n|poke|p2|Garganacl, M|\n|teampreview\n|\n|t:|1697038064\n|start\n|switch|p1a: Torkoal|Torkoal, F|100\/100\n|switch|p1b: Rillaboom|Rillaboom, M|100\/100\n|switch|p2a: Tyranitar|Tyranitar, F|100\/100\n|switch|p2b: Lycanroc|Lycanroc, M|100\/100\n|-fieldstart|move: Grassy Terrain|[from] ability: Grassy Surge|[of] p1b: Rillaboom\n|-enditem|p1b: Rillaboom|Grassy Seed\n|-boost|p1b: Rillaboom|def|1|[from] item: Grassy Seed\n|-weather|Sandstorm|[from] ability: Sand Stream|[of] p2a: Tyranitar\n|-weather|SunnyDay|[from] ability: Drought|[of] p1a: Torkoal\n|turn|1\n|\n|t:|1697038095\n|move|p2b: Lycanroc|Accelerock|p1a: Torkoal\n|-supereffective|p1a: Torkoal\n|-damage|p1a: Torkoal|51\/100\n|move|p1b: Rillaboom|Grassy Glide|p2a: Tyranitar\n|-supereffective|p2a: Tyranitar\n|-damage|p2a: Tyranitar|33\/100\n|-enditem|p2a: Tyranitar|Weakness Policy\n|-boost|p2a: Tyranitar|atk|2|[from] item: Weakness Policy\n|-boost|p2a: Tyranitar|spa|2|[from] item: Weakness Policy\n|move|p2a: Tyranitar|Dragon Dance|p2a: Tyranitar\n|-boost|p2a: Tyranitar|atk|1\n|-boost|p2a: Tyranitar|spe|1\n|move|p1a: Torkoal|Eruption|p2b: Lycanroc|[spread] p2a,p2b\n|-resisted|p2a: Tyranitar\n|-resisted|p2b: Lycanroc\n|-damage|p2a: Tyranitar|16\/100\n|-damage|p2b: Lycanroc|72\/100\n|\n|-weather|SunnyDay|[upkeep]\n|-heal|p2a: Tyranitar|22\/100|[from] Grassy Terrain\n|-heal|p2b: Lycanroc|78\/100|[from] Grassy Terrain\n|-heal|p1a: Torkoal|57\/100|[from] Grassy Terrain\n|upkeep\n|turn|2\n|\n|t:|1697038117\n|move|p2b: Lycanroc|Accelerock|p1a: Torkoal\n|-supereffective|p1a: Torkoal\n|-damage|p1a: Torkoal|10\/100\n|move|p1b: Rillaboom|Grassy Glide|p2a: Tyranitar\n|-supereffective|p2a: Tyranitar\n|-damage|p2a: Tyranitar|0 fnt\n|faint|p2a: Tyranitar\n|move|p1a: Torkoal|Eruption|p2b: Lycanroc\n|-resisted|p2b: Lycanroc\n|-damage|p2b: Lycanroc|72\/100\n|\n|-weather|SunnyDay|[upkeep]\n|-heal|p2b: Lycanroc|78\/100|[from] Grassy Terrain\n|-heal|p1a: Torkoal|16\/100|[from] Grassy Terrain\n|upkeep\n|\n|t:|1697038134\n|switch|p2a: Dragapult|Dragapult, F|100\/100\n|turn|3\n|\n|t:|1697038144\n|switch|p1b: Sinistcha|Sinistcha-Masterpiece|100\/100\n|-heal|p1a: Torkoal|41\/100|[from] ability: Hospitality|[of] p1b: Sinistcha\n|move|p2b: Lycanroc|Accelerock|p1a: Torkoal\n|-supereffective|p1a: Torkoal\n|-crit|p1a: Torkoal\n|-damage|p1a: Torkoal|0 fnt\n|faint|p1a: Torkoal\n|move|p2a: Dragapult|Dragon Dance|p2a: Dragapult\n|-boost|p2a: Dragapult|atk|1\n|-boost|p2a: Dragapult|spe|1\n|\n|-weather|SunnyDay|[upkeep]\n|-heal|p2b: Lycanroc|84\/100|[from] Grassy Terrain\n|upkeep\n|\n|t:|1697038157\n|switch|p1a: Nidoking|Nidoking, M|100\/100\n|turn|4\n|\n|t:|1697038165\n|move|p2b: Lycanroc|Accelerock|p1b: Sinistcha\n|-damage|p1b: Sinistcha|73\/100\n|move|p2a: Dragapult|Shadow Ball|p1b: Sinistcha\n|-supereffective|p1b: Sinistcha\n|-damage|p1b: Sinistcha|0 fnt\n|faint|p1b: Sinistcha\n|-damage|p2a: Dragapult|91\/100|[from] item: Life Orb\n|move|p1a: Nidoking|Ice Beam|p2a: Dragapult\n|-supereffective|p2a: Dragapult\n|-damage|p2a: Dragapult|0 fnt\n|faint|p2a: Dragapult\n|\n|-weather|SunnyDay|[upkeep]\n|-heal|p2b: Lycanroc|90\/100|[from] Grassy Terrain\n|upkeep\n|\n|t:|1697038189\n|switch|p2a: Tatsugiri|Tatsugiri, F|100\/100\n|switch|p1b: Lilligant|Lilligant-Hisui, F|100\/100\n|turn|5\n|\n|t:|1697038202\n|move|p2b: Lycanroc|Accelerock|p1a: Nidoking\n|-resisted|p1a: Nidoking\n|-damage|p1a: Nidoking|78\/100\n|move|p1b: Lilligant|Close Combat|p2b: Lycanroc\n|-supereffective|p2b: Lycanroc\n|-damage|p2b: Lycanroc|0 fnt\n|-unboost|p1b: Lilligant|def|1\n|-unboost|p1b: Lilligant|spd|1\n|faint|p2b: Lycanroc\n|move|p1a: Nidoking|Ice Beam|p2a: Tatsugiri\n|-damage|p2a: Tatsugiri|51\/100\n|move|p2a: Tatsugiri|Chilling Water|p1a: Nidoking\n|-supereffective|p1a: Nidoking\n|-damage|p1a: Nidoking|42\/100\n|-unboost|p1a: Nidoking|atk|1\n|\n|-weather|none\n|-heal|p1a: Nidoking|48\/100|[from] Grassy Terrain\n|-heal|p2a: Tatsugiri|58\/100|[from] Grassy Terrain\n|-fieldend|move: Grassy Terrain\n|-status|p2a: Tatsugiri|tox|[from] item: Toxic Orb\n|upkeep\n|\n|t:|1697038219\n|switch|p2b: Garganacl|Garganacl, M|100\/100\n|turn|6\n|\n|t:|1697038245\n|-terastallize|p2a: Tatsugiri|Dragon\n|move|p1b: Lilligant|Seed Bomb|p2b: Garganacl\n|-supereffective|p2b: Garganacl\n|-damage|p2b: Garganacl|42\/100\n|move|p1a: Nidoking|Ice Beam|p2b: Garganacl\n|-damage|p2b: Garganacl|8\/100\n|-enditem|p2b: Garganacl|Aguav Berry|[eat]\n|-heal|p2b: Garganacl|41\/100|[from] item: Aguav Berry\n|move|p2a: Tatsugiri|Draco Meteor|p1b: Lilligant\n|-damage|p1b: Lilligant|0 fnt\n|-unboost|p2a: Tatsugiri|spa|2\n|faint|p1b: Lilligant\n|move|p2b: Garganacl|Salt Cure|p1a: Nidoking\n|-resisted|p1a: Nidoking\n|-damage|p1a: Nidoking|34\/100\n|-start|p1a: Nidoking|Salt Cure\n|\n|-damage|p2a: Tatsugiri|51\/100 tox|[from] psn\n|-damage|p1a: Nidoking|22\/100|[from] Salt Cure\n|upkeep\n|\n|t:|1697038259\n|switch|p1b: Rillaboom|Rillaboom, M|100\/100\n|-fieldstart|move: Grassy Terrain|[from] ability: Grassy Surge|[of] p1b: Rillaboom\n|turn|7\n|\n|t:|1697038270\n|move|p1b: Rillaboom|Grassy Glide|p2b: Garganacl\n|-supereffective|p2b: Garganacl\n|-damage|p2b: Garganacl|0 fnt\n|faint|p2b: Garganacl\n|move|p1a: Nidoking|Ice Beam|p2a: Tatsugiri\n|-supereffective|p2a: Tatsugiri\n|-damage|p2a: Tatsugiri|0 fnt\n|faint|p2a: Tatsugiri\n|\n|-heal|p1a: Nidoking|28\/100|[from] Grassy Terrain\n|-damage|p1a: Nidoking|15\/100|[from] Salt Cure\n|upkeep\n|\n|t:|1697038282\n|switch|p2a: Dondozo|Dondozo, F|100\/100\n|turn|8\n|\n|t:|1697038291\n|move|p1b: Rillaboom|Grassy Glide|p2a: Dondozo\n|-supereffective|p2a: Dondozo\n|-damage|p2a: Dondozo|59\/100\n|move|p1a: Nidoking|Sludge Wave|p2a: Dondozo|[spread] p1b,p2a\n|-supereffective|p1b: Rillaboom\n|-damage|p1b: Rillaboom|0 fnt\n|-damage|p2a: Dondozo|28\/100\n|faint|p1b: Rillaboom\n|move|p2a: Dondozo|Earthquake|p1a: Nidoking\n|-supereffective|p1a: Nidoking\n|-damage|p1a: Nidoking|0 fnt\n|faint|p1a: Nidoking\n|\n|-heal|p2a: Dondozo|34\/100|[from] Grassy Terrain\n|upkeep\n|\n|t:|1697038301\n|switch|p1b: Charizard|Charizard, M|100\/100\n|turn|9\n|\n|t:|1697038310\n|detailschange|p1b: Charizard|Charizard-Mega-Y, M\n|-mega|p1b: Charizard|Charizard|Charizardite Y\n|-weather|SunnyDay|[from] ability: Drought|[of] p1b: Charizard\n|move|p1b: Charizard|Solar Beam||[still]\n|-prepare|p1b: Charizard|Solar Beam\n|-anim|p1b: Charizard|Solar Beam|p2a: Dondozo\n|-supereffective|p2a: Dondozo\n|-damage|p2a: Dondozo|0 fnt\n|faint|p2a: Dondozo\n|\n|win|lxvliiz\n|l|\u2606Gear6Luffy\n","uploadtime":1697038502,"views":11,"p1id":"lxvliiz","p2id":"gear6luffy","formatid":"gen9nationaldexdoubles","rating":0,"private":0,"password":""}