{"id":"gen9nationaldexdoubles-1993860581","p1":"TheMoistFetus","p2":"0spr3y","format":"[Gen 9] National Dex Doubles","log":"|j|\u2606TheMoistFetus\n|j|\u26060spr3y\n|t:|1700366505\n|gametype|doubles\n|player|p1|TheMoistFetus|bianca-pwt|\n|player|p2|0spr3y|colress|\n|teamsize|p1|6\n|teamsize|p2|6\n|gen|9\n|tier|[Gen 9] National Dex Doubles\n|rule|HP Percentage Mod: HP is shown in percentages\n|rule|Endless Battle Clause: Forcing endless battles is banned\n|rule|OHKO Clause: OHKO moves are banned\n|rule|Evasion Moves Clause: Evasion moves are banned\n|rule|Evasion Abilities Clause: Evasion abilities are banned\n|rule|Species Clause: Limit one of each Pok\u00e9mon\n|rule|Gravity Sleep Clause: The combination of sleep-inducing moves with imperfect accuracy and Gravity or Gigantamax Orbeetle are banned\n|clearpoke\n|poke|p1|Chien-Pao|\n|poke|p1|Iron Bundle|\n|poke|p1|Ninetales-Alola, M|\n|poke|p1|Ogerpon-Cornerstone, F|\n|poke|p1|Tornadus, M|\n|poke|p1|Chi-Yu|\n|poke|p2|Regieleki|\n|poke|p2|Regidrago|\n|poke|p2|Tornadus, M|\n|poke|p2|Meloetta|\n|poke|p2|Kangaskhan, F|\n|poke|p2|Jirachi|\n|teampreview\n|j| Shiny_Hero64\n|c|\u2606TheMoistFetus|I dont know if Im winning this one bros\n|j| NickNoName\n|c|\u26060spr3y|Wdym?\n|\n|t:|1700366545\n|start\n|switch|p1a: Nicole|Chien-Pao|100\/100\n|switch|p1b: Penny|Ogerpon-Cornerstone, F|100\/100\n|switch|p2a: Tornadus|Tornadus, M|100\/100\n|switch|p2b: Meloetta|Meloetta|100\/100\n|-ability|p1a: Nicole|Sword of Ruin\n|turn|1\n|j| Eliminathan\n|\n|t:|1700366562\n|move|p1a: Nicole|Sucker Punch|p2b: Meloetta\n|-supereffective|p2b: Meloetta\n|-damage|p2b: Meloetta|0 fnt\n|faint|p2b: Meloetta\n|move|p2a: Tornadus|Tailwind|p2a: Tornadus\n|-sidestart|p2: 0spr3y|move: Tailwind\n|move|p1b: Penny|Ivy Cudgel|p2a: Tornadus|[anim] Ivy Cudgel Rock\n|-supereffective|p2a: Tornadus\n|-enditem|p2a: Tornadus|Focus Sash\n|-damage|p2a: Tornadus|1\/100\n|\n|upkeep\n|c| Eliminathan|delta you got this\n|c| Shiny_Hero64|Uhhhhh\n|c|\u2606TheMoistFetus|I see two regis\n|c|\u2606TheMoistFetus|my brothers\n|\n|t:|1700366582\n|switch|p2b: Kangaskhan|Kangaskhan, F|100\/100\n|turn|2\n|c| Eliminathan|they ass dw\n|\n|t:|1700366593\n|detailschange|p2b: Kangaskhan|Kangaskhan-Mega, F\n|-mega|p2b: Kangaskhan|Kangaskhan|Kangaskhanite\n|-terastallize|p1a: Nicole|Ghost\n|move|p1b: Penny|Spiky Shield|p1b: Penny\n|-singleturn|p1b: Penny|move: Protect\n|move|p2b: Kangaskhan|Fake Out|p1a: Nicole\n|-immune|p1a: Nicole\n|move|p2a: Tornadus|Bleakwind Storm|p1b: Penny|[spread] p1a\n|-activate|p1b: Penny|move: Protect\n|-damage|p1a: Nicole|52\/100\n|move|p1a: Nicole|Sacred Sword|p2b: Kangaskhan\n|-supereffective|p2b: Kangaskhan\n|-damage|p2b: Kangaskhan|45\/100\n|\n|upkeep\n|turn|3\n|j| Ryan1Baek\n|\n|t:|1700366617\n|move|p1a: Nicole|Sucker Punch|p2a: Tornadus\n|-damage|p2a: Tornadus|0 fnt\n|faint|p2a: Tornadus\n|move|p2b: Kangaskhan|Seismic Toss|p1b: Penny\n|-damage|p1b: Penny|67\/100\n|-damage|p1b: Penny|34\/100\n|-hitcount|p1b: Penny|2\n|move|p1b: Penny|Ivy Cudgel|p2b: Kangaskhan|[anim] Ivy Cudgel Rock\n|-damage|p2b: Kangaskhan|0 fnt\n|faint|p2b: Kangaskhan\n|\n|upkeep\n|\n|t:|1700366661\n|switch|p2a: Jirachi|Jirachi|100\/100\n|switch|p2b: Regidrago|Regidrago|100\/100\n|turn|4\n|\n|t:|1700366689\n|-terastallize|p2b: Regidrago|Dragon\n|move|p2a: Jirachi|Follow Me|p2a: Jirachi\n|-singleturn|p2a: Jirachi|move: Follow Me\n|move|p1a: Nicole|Sucker Punch||[still]\n|-fail|p1a: Nicole\n|move|p2b: Regidrago|Dragon Energy|p1a: Nicole|[spread] p1a,p1b\n|-damage|p1a: Nicole|0 fnt\n|-damage|p1b: Penny|0 fnt\n|faint|p1a: Nicole\n|faint|p1b: Penny\n|\n|-sideend|p2: 0spr3y|move: Tailwind\n|upkeep\n|c| Ryan1Baek|oh my\n|c|\u26060spr3y|Dragon energy is super funny.\n|c|\u26060spr3y|Not a good pokemon by any stretch of the imagination, but funny.\n|\n|t:|1700366777\n|switch|p1a: Mr Small|Tornadus, M, shiny|100\/100\n|switch|p1b: Darwin|Chi-Yu|100\/100\n|-ability|p1b: Darwin|Beads of Ruin\n|turn|5\n|\n|t:|1700366792\n|move|p2a: Jirachi|Follow Me|p2a: Jirachi\n|-singleturn|p2a: Jirachi|move: Follow Me\n|move|p1a: Mr Small|Tailwind|p1a: Mr Small\n|-sidestart|p1: TheMoistFetus|move: Tailwind\n|move|p1b: Darwin|Dark Pulse|p2a: Jirachi\n|-supereffective|p2a: Jirachi\n|-damage|p2a: Jirachi|11\/100\n|-enditem|p2a: Jirachi|Sitrus Berry|[eat]\n|-heal|p2a: Jirachi|36\/100|[from] item: Sitrus Berry\n|move|p2b: Regidrago|Dragon Energy|p1a: Mr Small|[spread] p1a,p1b\n|-crit|p1a: Mr Small\n|-enditem|p1a: Mr Small|Focus Sash\n|-damage|p1a: Mr Small|1\/100\n|-damage|p1b: Darwin|0 fnt\n|faint|p1b: Darwin\n|\n|upkeep\n|\n|t:|1700366818\n|switch|p1b: Gumball|Ninetales-Alola, M|100\/100\n|-weather|Snow|[from] ability: Snow Warning|[of] p1b: Gumball\n|turn|6\n|\n|t:|1700366846\n|move|p1b: Gumball|Blizzard|p2a: Jirachi|[spread] p2a,p2b\n|-resisted|p2a: Jirachi\n|-supereffective|p2b: Regidrago\n|-damage|p2a: Jirachi|28\/100\n|-damage|p2b: Regidrago|53\/100\n|move|p1a: Mr Small|Bleakwind Storm|p2a: Jirachi|[spread] p2b\n|-miss|p1a: Mr Small|p2a: Jirachi\n|-damage|p2b: Regidrago|18\/100\n|-unboost|p2b: Regidrago|spe|1\n|move|p2b: Regidrago|Dragon Energy|p1b: Gumball|[spread] p1a\n|-immune|p1b: Gumball\n|-damage|p1a: Mr Small|0 fnt\n|faint|p1a: Mr Small\n|move|p2a: Jirachi|Iron Head|p1b: Gumball\n|-supereffective|p1b: Gumball\n|-damage|p1b: Gumball|17\/100\n|\n|-weather|Snow|[upkeep]\n|upkeep\n|\n|t:|1700366862\n|switch|p1a: Bobert|Iron Bundle, shiny|100\/100\n|-enditem|p1a: Bobert|Booster Energy\n|-activate|p1a: Bobert|ability: Quark Drive|[fromitem]\n|-start|p1a: Bobert|quarkdrivespe\n|turn|7\n|\n|t:|1700366873\n|move|p2a: Jirachi|Protect|p2a: Jirachi\n|-singleturn|p2a: Jirachi|Protect\n|move|p1a: Bobert|Blizzard|p2b: Regidrago|[spread] p2b\n|-activate|p2a: Jirachi|move: Protect\n|-supereffective|p2b: Regidrago\n|-damage|p2b: Regidrago|0 fnt\n|faint|p2b: Regidrago\n|move|p1b: Gumball|Blizzard|p2a: Jirachi\n|-activate|p2a: Jirachi|move: Protect\n|\n|-weather|Snow|[upkeep]\n|upkeep\n|\n|t:|1700366882\n|switch|p2b: Regieleki|Regieleki|100\/100\n|turn|8\n|\n|t:|1700366908\n|move|p2a: Jirachi|Follow Me|p2a: Jirachi\n|-singleturn|p2a: Jirachi|move: Follow Me\n|move|p1a: Bobert|Blizzard|p2b: Regieleki|[spread] p2a,p2b\n|-resisted|p2a: Jirachi\n|-damage|p2a: Jirachi|13\/100\n|-damage|p2b: Regieleki|17\/100\n|move|p1b: Gumball|Blizzard|p2b: Regieleki|[spread] p2a,p2b\n|-resisted|p2a: Jirachi\n|-damage|p2a: Jirachi|4\/100\n|-damage|p2b: Regieleki|0 fnt\n|faint|p2b: Regieleki\n|\n|-weather|Snow|[upkeep]\n|-sideend|p1: TheMoistFetus|move: Tailwind\n|upkeep\n|turn|9\n|c|\u26060spr3y|ggs\n|c| Eliminathan|DOUBLE BLIZZARD MY GOAT\n|c|\u2606TheMoistFetus|ggs\n|\n|t:|1700366931\n|move|p2a: Jirachi|Protect|p2a: Jirachi\n|-singleturn|p2a: Jirachi|Protect\n|move|p1a: Bobert|Blizzard|p2a: Jirachi\n|-activate|p2a: Jirachi|move: Protect\n|move|p1b: Gumball|Blizzard|p2a: Jirachi\n|-activate|p2a: Jirachi|move: Protect\n|\n|-weather|Snow|[upkeep]\n|upkeep\n|turn|10\n|c|\u26060spr3y|Should've brought wide guard.\n|\n|t:|1700366949\n|move|p2a: Jirachi|Protect|p2a: Jirachi\n|-singleturn|p2a: Jirachi|Protect\n|move|p1a: Bobert|Blizzard|p2a: Jirachi\n|-activate|p2a: Jirachi|move: Protect\n|move|p1b: Gumball|Blizzard|p2a: Jirachi\n|-activate|p2a: Jirachi|move: Protect\n|\n|-weather|none\n|upkeep\n|turn|11\n|c|\u2606TheMoistFetus|aint no way lmfao\n|\n|t:|1700366966\n|move|p1a: Bobert|Freeze-Dry|p2a: Jirachi\n|-resisted|p2a: Jirachi\n|-damage|p2a: Jirachi|0 fnt\n|faint|p2a: Jirachi\n|\n|win|TheMoistFetus\n","uploadtime":1700366973,"views":28,"p1id":"themoistfetus","p2id":"0spr3y","formatid":"gen9nationaldexdoubles","rating":0,"private":0,"password":""}