{"id":"gen9nationaldexdoubles-1957978719","p1":"2011ChevyS10Xtreme","p2":"Megabrasil","format":"[Gen 9] National Dex Doubles","log":"|j|\u26062011ChevyS10Xtreme\n|j|\u2606Megabrasil\n|t:|1696277438\n|gametype|doubles\n|player|p1|2011ChevyS10Xtreme|266|1048\n|player|p2|Megabrasil|169|1028\n|teamsize|p1|6\n|teamsize|p2|6\n|gen|9\n|tier|[Gen 9] National Dex Doubles\n|rated|\n|rule|HP Percentage Mod: HP is shown in percentages\n|rule|Endless Battle Clause: Forcing endless battles is banned\n|rule|OHKO Clause: OHKO moves are banned\n|rule|Evasion Moves Clause: Evasion moves are banned\n|rule|Evasion Abilities Clause: Evasion abilities are banned\n|rule|Species Clause: Limit one of each Pok\u00e9mon\n|rule|Gravity Sleep Clause: The combination of sleep-inducing moves with imperfect accuracy and Gravity or Gigantamax Orbeetle are banned\n|clearpoke\n|poke|p1|Malamar, M|\n|poke|p1|Walking Wake|\n|poke|p1|Vileplume, F|\n|poke|p1|Clefable, F|\n|poke|p1|Enamorus, F|\n|poke|p1|Gholdengo|\n|poke|p2|Greninja-*, M|\n|poke|p2|Decidueye, F|\n|poke|p2|Gallade, M|\n|poke|p2|Aggron, F|\n|poke|p2|Luxray, F|\n|poke|p2|Talonflame, M|\n|teampreview\n|inactive|Battle timer is ON: inactive players will automatically lose when time's up. (requested by 2011ChevyS10Xtreme)\n|\n|t:|1696277460\n|start\n|switch|p1a: Walking Wake|Walking Wake|100\/100\n|switch|p1b: Malamar|Malamar, M|100\/100\n|switch|p2a: Aggron|Aggron, F|100\/100\n|switch|p2b: Talonflame|Talonflame, M|100\/100\n|-enditem|p1a: Walking Wake|Booster Energy\n|-activate|p1a: Walking Wake|ability: Protosynthesis|[fromitem]\n|-start|p1a: Walking Wake|protosynthesisspa\n|turn|1\n|\n|t:|1696277474\n|-terastallize|p2a: Aggron|Ground\n|move|p2b: Talonflame|Tailwind|p2b: Talonflame\n|-sidestart|p2: Megabrasil|move: Tailwind\n|move|p1a: Walking Wake|Draco Meteor|p2b: Talonflame\n|-damage|p2b: Talonflame|0 fnt\n|-unboost|p1a: Walking Wake|spa|2\n|faint|p2b: Talonflame\n|move|p2a: Aggron|Earthquake|p1b: Malamar|[spread] p1a,p1b\n|-damage|p1a: Walking Wake|67\/100\n|-damage|p1b: Malamar|71\/100\n|move|p1b: Malamar|Topsy-Turvy|p1a: Walking Wake\n|-invertboost|p1a: Walking Wake|[from] move: Topsy-Turvy\n|\n|upkeep\n|\n|t:|1696277488\n|switch|p2b: Luxray|Luxray, F|100\/100\n|-ability|p2b: Luxray|Intimidate|boost\n|-unboost|p1a: Walking Wake|atk|1\n|-unboost|p1b: Malamar|atk|1\n|turn|2\n|\n|t:|1696277507\n|switch|p1b: Clefable|Clefable, F|100\/100\n|move|p2b: Luxray|Thunder|p1a: Walking Wake\n|-damage|p1a: Walking Wake|25\/100\n|move|p1a: Walking Wake|Surf|p2a: Aggron|[spread] p1b,p2a,p2b\n|-supereffective|p2a: Aggron\n|-damage|p1b: Clefable|62\/100\n|-ability|p2a: Aggron|Sturdy\n|-damage|p2a: Aggron|1\/100\n|-damage|p2b: Luxray|28\/100\n|move|p2a: Aggron|Toxic|p1b: Clefable\n|-status|p1b: Clefable|tox\n|\n|-heal|p1b: Clefable|68\/100 tox|[from] item: Leftovers\n|-damage|p1b: Clefable|62\/100 tox|[from] psn\n|upkeep\n|turn|3\n|\n|t:|1696277532\n|switch|p2b: Greninja|Greninja, M, shiny|100\/100\n|switch|p2a: Decidueye|Decidueye, F|100\/100\n|move|p1b: Clefable|Follow Me|p1b: Clefable\n|-singleturn|p1b: Clefable|move: Follow Me\n|move|p1a: Walking Wake|Surf|p2a: Decidueye|[spread] p1b,p2a,p2b\n|-resisted|p2a: Decidueye\n|-resisted|p2b: Greninja\n|-damage|p1b: Clefable|22\/100 tox\n|-damage|p2a: Decidueye|57\/100\n|-damage|p2b: Greninja|29\/100\n|\n|-heal|p2b: Greninja|35\/100|[from] item: Leftovers\n|-heal|p1b: Clefable|29\/100 tox|[from] item: Leftovers\n|-damage|p1b: Clefable|16\/100 tox|[from] psn\n|upkeep\n|turn|4\n|\n|t:|1696277557\n|move|p2b: Greninja|Hydro Pump|p1b: Clefable\n|-start|p2b: Greninja|typechange|Water|[from] ability: Protean\n|-damage|p1b: Clefable|0 fnt\n|faint|p1b: Clefable\n|move|p2a: Decidueye|Leaf Blade|p1a: Walking Wake\n|-damage|p1a: Walking Wake|0 fnt\n|faint|p1a: Walking Wake\n|-end|p1a: Walking Wake|Protosynthesis|[silent]\n|\n|-heal|p2b: Greninja|41\/100|[from] item: Leftovers\n|-sideend|p2: Megabrasil|move: Tailwind\n|upkeep\n|\n|t:|1696277573\n|switch|p1a: Gholdengo|Gholdengo|100\/100\n|switch|p1b: Enamorus|Enamorus, F|100\/100\n|turn|5\n|inactive|Megabrasil has 120 seconds left.\n|\n|t:|1696277605\n|move|p1a: Gholdengo|Make It Rain|p2b: Greninja|[spread] p2a,p2b\n|-resisted|p2b: Greninja\n|-damage|p2a: Decidueye|10\/100\n|-damage|p2b: Greninja|5\/100\n|-unboost|p1a: Gholdengo|spa|1\n|move|p2b: Greninja|Hydro Pump|p1b: Enamorus\n|-crit|p1b: Enamorus\n|-damage|p1b: Enamorus|26\/100\n|move|p1b: Enamorus|Superpower|p2b: Greninja\n|-damage|p2b: Greninja|0 fnt\n|-boost|p1b: Enamorus|atk|1\n|-boost|p1b: Enamorus|def|1\n|faint|p2b: Greninja\n|-zpower|p2a: Decidueye\n|move|p2a: Decidueye|Sinister Arrow Raid|p1a: Gholdengo|[zeffect]\n|-supereffective|p1a: Gholdengo\n|-damage|p1a: Gholdengo|0 fnt\n|faint|p1a: Gholdengo\n|\n|upkeep\n|-message|2011ChevyS10Xtreme forfeited.\n|\n|win|Megabrasil\n|raw|2011ChevyS10Xtreme's rating: 1029 &rarr; <strong>1015<\/strong><br \/>(-14 for losing)\n|raw|Megabrasil's rating: 1028 &rarr; <strong>1064<\/strong><br \/>(+36 for winning)\n|l|\u26062011ChevyS10Xtreme\n","uploadtime":1696277650,"views":12,"p1id":"2011chevys10xtreme","p2id":"megabrasil","formatid":"gen9nationaldexdoubles","rating":1015,"private":0,"password":""}