{"id":"gen9nationaldexdoubles-1965298951","p1":"scout033","p2":"Dalton Blaze","format":"[Gen 9] National Dex Doubles","log":"|j|\u2606scout033\n|j|\u2606Dalton Blaze\n|t:|1697058796\n|gametype|doubles\n|player|p1|scout033|byron|\n|player|p2|Dalton Blaze|acetrainer-gen4dp|\n|teamsize|p1|6\n|teamsize|p2|6\n|gen|9\n|tier|[Gen 9] National Dex Doubles\n|rule|HP Percentage Mod: HP is shown in percentages\n|rule|Endless Battle Clause: Forcing endless battles is banned\n|rule|OHKO Clause: OHKO moves are banned\n|rule|Evasion Moves Clause: Evasion moves are banned\n|rule|Evasion Abilities Clause: Evasion abilities are banned\n|rule|Species Clause: Limit one of each Pok\u00e9mon\n|rule|Gravity Sleep Clause: The combination of sleep-inducing moves with imperfect accuracy and Gravity or Gigantamax Orbeetle are banned\n|clearpoke\n|poke|p1|Typhlosion, F|\n|poke|p1|Ninetales, F|\n|poke|p1|Incineroar, F|\n|poke|p1|Charizard, M|\n|poke|p1|Crobat, F|\n|poke|p1|Morgrem, M|\n|poke|p2|Armarouge, M|\n|poke|p2|Indeedee-F, F|\n|poke|p2|Ursaluna, M|\n|poke|p2|Flamigo, F|\n|poke|p2|Accelgor, F|\n|poke|p2|Coalossal, M|\n|teampreview\n|c|\u2606scout033|good luck and have fun y'all\n|c|\u2606Dalton Blaze|gl my friend\n|\n|t:|1697058849\n|start\n|switch|p1a: Crobunga|Crobat, F|100\/100\n|switch|p1b: Bungaroar|Incineroar, F|100\/100\n|switch|p2a: Stereo|Accelgor, F, shiny|100\/100\n|switch|p2b: Tomas|Coalossal, M, shiny|100\/100\n|-ability|p1b: Bungaroar|Intimidate|boost\n|-unboost|p2a: Stereo|atk|1\n|-unboost|p2b: Tomas|atk|1\n|turn|1\n|\n|t:|1697058895\n|-terastallize|p2b: Tomas|Rock\n|move|p1b: Bungaroar|Fake Out|p2a: Stereo\n|-damage|p2a: Stereo|80\/100\n|move|p2a: Stereo|Water Shuriken|p2b: Tomas\n|-supereffective|p2b: Tomas\n|-damage|p2b: Tomas|96\/100\n|-ability|p2b: Tomas|Steam Engine|boost\n|-boost|p2b: Tomas|spe|6\n|-enditem|p2b: Tomas|Weakness Policy\n|-boost|p2b: Tomas|atk|2|[from] item: Weakness Policy\n|-boost|p2b: Tomas|spa|2|[from] item: Weakness Policy\n|-supereffective|p2b: Tomas\n|-damage|p2b: Tomas|91\/100\n|-supereffective|p2b: Tomas\n|-damage|p2b: Tomas|86\/100\n|-hitcount|p2b: Tomas|3\n|move|p1a: Crobunga|Tailwind|p1a: Crobunga\n|-sidestart|p1: scout033|move: Tailwind\n|move|p2b: Tomas|Rock Slide|p1a: Crobunga|[spread] p1a\n|-miss|p2b: Tomas|p1b: Bungaroar\n|-supereffective|p1a: Crobunga\n|-enditem|p1a: Crobunga|Focus Sash\n|-damage|p1a: Crobunga|1\/100\n|\n|upkeep\n|turn|2\n|j| ValkoorMB\n|c|\u2606scout033|Fake Out didn't flinch Accelgor. Curious\n|\n|t:|1697058952\n|move|p2a: Stereo|Water Shuriken|p1a: Crobunga\n|-crit|p1a: Crobunga\n|-damage|p1a: Crobunga|0 fnt\n|faint|p1a: Crobunga\n|-hitcount|p1: Crobunga|1\n|move|p2b: Tomas|Rock Slide|p1b: Bungaroar\n|-supereffective|p1b: Bungaroar\n|-damage|p1b: Bungaroar|17\/100\n|move|p1b: Bungaroar|Stomping Tantrum|p2b: Tomas\n|-supereffective|p2b: Tomas\n|-damage|p2b: Tomas|59\/100\n|\n|upkeep\n|c|\u2606Dalton Blaze|we got the hax\n|c| ValkoorMB|Gaming\n|\n|t:|1697058977\n|switch|p1a: Bungrem|Morgrem, M|100\/100\n|turn|3\n|j| YlisseanPyro\n|\n|t:|1697058996\n|move|p1a: Bungrem|Fake Out|p2b: Tomas\n|-resisted|p2b: Tomas\n|-damage|p2b: Tomas|57\/100\n|move|p2a: Stereo|Final Gambit|p1a: Bungrem\n|-damage|p1a: Bungrem|13\/100\n|faint|p2a: Stereo\n|cant|p2b: Tomas|flinch\n|move|p1b: Bungaroar|Knock Off|p2b: Tomas\n|-damage|p2b: Tomas|39\/100\n|\n|upkeep\n|\n|t:|1697059007\n|switch|p2a: Lisa Lisa|Flamigo, F|100\/100\n|-copyboost|p2a: Lisa Lisa|p2b: Tomas|[from] ability: Costar\n|turn|4\n|\n|t:|1697059021\n|switch|p1b: Bungatales|Ninetales, F|100\/100\n|-weather|SunnyDay|[from] ability: Drought|[of] p1b: Bungatales\n|move|p1a: Bungrem|Reflect|p1a: Bungrem\n|-sidestart|p1: scout033|Reflect\n|move|p2a: Lisa Lisa|Liquidation|p1a: Bungrem\n|-damage|p1a: Bungrem|3\/100\n|move|p2b: Tomas|Rock Slide|p1b: Bungatales|[spread] p1a,p1b\n|-supereffective|p1b: Bungatales\n|-damage|p1a: Bungrem|0 fnt\n|-damage|p1b: Bungatales|3\/100\n|faint|p1a: Bungrem\n|\n|-weather|SunnyDay|[upkeep]\n|-sideend|p1: scout033|move: Tailwind\n|upkeep\n|\n|t:|1697059036\n|switch|p1a: Bungaroar|Incineroar, F|17\/100\n|-ability|p1a: Bungaroar|Intimidate|boost\n|-fail|p2a: Lisa Lisa|unboost|[from] item: Clear Amulet|[of] p2a: Lisa Lisa\n|-unboost|p2b: Tomas|atk|1\n|turn|5\n|\n|t:|1697059083\n|move|p2a: Lisa Lisa|Protect|p2a: Lisa Lisa\n|-singleturn|p2a: Lisa Lisa|Protect\n|move|p1a: Bungaroar|Fake Out|p2b: Tomas\n|-resisted|p2b: Tomas\n|-damage|p2b: Tomas|35\/100\n|cant|p2b: Tomas|flinch\n|move|p1b: Bungatales|Heat Wave|p2b: Tomas|[spread] p2b\n|-activate|p2a: Lisa Lisa|move: Protect\n|-resisted|p2b: Tomas\n|-damage|p2b: Tomas|13\/100\n|\n|-weather|SunnyDay|[upkeep]\n|upkeep\n|turn|6\n|j| Tatoogonnawine\n|\n|t:|1697059111\n|switch|p1a: Bungazard|Charizard, M|100\/100\n|move|p1b: Bungatales|Protect|p1b: Bungatales\n|-singleturn|p1b: Bungatales|Protect\n|move|p2a: Lisa Lisa|Liquidation|p1a: Bungazard\n|-supereffective|p1a: Bungazard\n|-damage|p1a: Bungazard|65\/100\n|move|p2b: Tomas|Rock Slide|p1a: Bungazard|[spread] \n|-activate|p1b: Bungatales|move: Protect\n|-miss|p2b: Tomas|p1a: Bungazard\n|\n|-weather|SunnyDay|[upkeep]\n|-damage|p1a: Bungazard|53\/100|[from] ability: Solar Power|[of] p1a: Bungazard\n|upkeep\n|turn|7\n|c| Tatoogonnawine|lmao\n|c| YlisseanPyro|Rock Slide\/10\n|\n|t:|1697059149\n|move|p2a: Lisa Lisa|Liquidation|p1a: Bungazard\n|-supereffective|p1a: Bungazard\n|-crit|p1a: Bungazard\n|-damage|p1a: Bungazard|0 fnt\n|faint|p1a: Bungazard\n|move|p2b: Tomas|Rock Slide|p1b: Bungatales\n|-supereffective|p1b: Bungatales\n|-damage|p1b: Bungatales|0 fnt\n|faint|p1b: Bungatales\n|\n|-weather|SunnyDay|[upkeep]\n|upkeep\n|\n|t:|1697059158\n|switch|p1a: Bungaroar|Incineroar, F|17\/100\n|switch|p1b: Bungaphlosion|Typhlosion, F|100\/100\n|-ability|p1a: Bungaroar|Intimidate|boost\n|-fail|p2a: Lisa Lisa|unboost|[from] item: Clear Amulet|[of] p2a: Lisa Lisa\n|-unboost|p2b: Tomas|atk|1\n|turn|8\n|\n|t:|1697059173\n|-terastallize|p1b: Bungaphlosion|Fire\n|move|p2a: Lisa Lisa|Protect|p2a: Lisa Lisa\n|-singleturn|p2a: Lisa Lisa|Protect\n|move|p1a: Bungaroar|Fake Out|p2a: Lisa Lisa\n|-activate|p2a: Lisa Lisa|move: Protect\n|move|p2b: Tomas|Earthquake|p1b: Bungaphlosion|[spread] p1a,p1b\n|-activate|p2a: Lisa Lisa|move: Protect\n|-supereffective|p1a: Bungaroar\n|-supereffective|p1b: Bungaphlosion\n|-damage|p1a: Bungaroar|4\/100\n|-damage|p1b: Bungaphlosion|77\/100\n|move|p1b: Bungaphlosion|Eruption|p2b: Tomas|[spread] p2b\n|-activate|p2a: Lisa Lisa|move: Protect\n|-resisted|p2b: Tomas\n|-damage|p2b: Tomas|0 fnt\n|faint|p2b: Tomas\n|\n|-weather|none\n|-sideend|p1: scout033|Reflect\n|upkeep\n|\n|t:|1697059192\n|switch|p2b: Demoiselle|Indeedee-F, F|100\/100\n|-fieldstart|move: Psychic Terrain|[from] ability: Psychic Surge|[of] p2b: Demoiselle\n|-enditem|p2b: Demoiselle|Psychic Seed\n|-boost|p2b: Demoiselle|spd|1|[from] item: Psychic Seed\n|turn|9\n|\n|t:|1697059229\n|move|p2b: Demoiselle|Ally Switch|p2b: Demoiselle\n|swap|p2b: Demoiselle|0|[from] move: Ally Switch\n|move|p2b: Lisa Lisa|Liquidation|p1b: Bungaphlosion\n|-supereffective|p1b: Bungaphlosion\n|-damage|p1b: Bungaphlosion|0 fnt\n|faint|p1b: Bungaphlosion\n|move|p1a: Bungaroar|Knock Off|p2b: Lisa Lisa\n|-resisted|p2b: Lisa Lisa\n|-damage|p2b: Lisa Lisa|76\/100\n|-enditem|p2b: Lisa Lisa|Clear Amulet|[from] move: Knock Off|[of] p1a: Bungaroar\n|\n|upkeep\n|turn|10\n|c|\u2606scout033|welp\n|\n|t:|1697059245\n|move|p2a: Demoiselle|Ally Switch||[still]\n|-fail|p2a: Demoiselle\n|move|p2b: Lisa Lisa|Liquidation|p1a: Bungaroar\n|-supereffective|p1a: Bungaroar\n|-damage|p1a: Bungaroar|0 fnt\n|-damage|p2b: Lisa Lisa|60\/100|[from] item: Rocky Helmet|[of] p1a: Bungaroar\n|faint|p1a: Bungaroar\n|\n|win|Dalton Blaze\n|c|\u2606scout033|GG\n|c|\u2606Dalton Blaze|gg\n","uploadtime":1697059259,"views":15,"p1id":"scout033","p2id":"daltonblaze","formatid":"gen9nationaldexdoubles","rating":0,"private":0,"password":""}