{"id":"gen9nationaldexdoubles-1988840993","p1":"Chef Nando","p2":"imp9024","format":"[Gen 9] National Dex Doubles","log":"|j|\u2606Chef Nando\n|j|\u2606imp9024\n|t:|1699771581\n|gametype|doubles\n|player|p1|Chef Nando|hilda|1221\n|player|p2|imp9024|lass-gen4dp|1124\n|teamsize|p1|6\n|teamsize|p2|6\n|gen|9\n|tier|[Gen 9] National Dex Doubles\n|rated|\n|rule|HP Percentage Mod: HP is shown in percentages\n|rule|Endless Battle Clause: Forcing endless battles is banned\n|rule|OHKO Clause: OHKO moves are banned\n|rule|Evasion Moves Clause: Evasion moves are banned\n|rule|Evasion Abilities Clause: Evasion abilities are banned\n|rule|Species Clause: Limit one of each Pok\u00e9mon\n|rule|Gravity Sleep Clause: The combination of sleep-inducing moves with imperfect accuracy and Gravity or Gigantamax Orbeetle are banned\n|clearpoke\n|poke|p1|Mr. Mime-Galar, M|\n|poke|p1|Tauros-Paldea-Combat, M|\n|poke|p1|Nidoqueen, F|\n|poke|p1|Gyarados, F|\n|poke|p1|Dragonite, F|\n|poke|p1|Zapdos-Galar|\n|poke|p2|Wishiwashi, F|\n|poke|p2|Ribombee, F|\n|poke|p2|Clefairy, M|\n|poke|p2|Farigiraf, M|\n|poke|p2|Amoonguss, F|\n|poke|p2|Flutter Mane|\n|teampreview\n|\n|t:|1699771591\n|start\n|switch|p1a: Handstwo|Zapdos-Galar, shiny|100\/100\n|switch|p1b: Baby Dragon|Dragonite, F|100\/100\n|switch|p2a: Wishiwashi|Wishiwashi, F|100\/100\n|switch|p2b: Ribombee|Ribombee, F|100\/100\n|-formechange|p2a: Wishiwashi|Wishiwashi-School||[from] ability: Schooling\n|turn|1\n|c|\u2606imp9024|have fun\n|inactive|Battle timer is ON: inactive players will automatically lose when time's up. (requested by Chef Nando)\n|\n|t:|1699771605\n|switch|p2b: Farigiraf|Farigiraf, M|100\/100\n|move|p1b: Baby Dragon|Extreme Speed||[still]\n|cant|p2b: Farigiraf|ability: Armor Tail|Extreme Speed|[of] p1b: Baby Dragon\n|move|p1a: Handstwo|U-turn|p2b: Farigiraf\n|-supereffective|p2b: Farigiraf\n|-damage|p2b: Farigiraf|47\/100\n|\n|t:|1699771613\n|switch|p1a: Matador|Tauros-Paldea-Combat, M|100\/100|[from] U-turn\n|-ability|p1a: Matador|Intimidate|boost\n|-unboost|p2a: Wishiwashi|atk|1\n|-unboost|p2b: Farigiraf|atk|1\n|move|p2a: Wishiwashi|Ice Beam|p1b: Baby Dragon\n|-supereffective|p1b: Baby Dragon\n|-damage|p1b: Baby Dragon|4\/100\n|\n|-heal|p1b: Baby Dragon|10\/100|[from] item: Leftovers\n|upkeep\n|turn|2\n|\n|t:|1699771630\n|switch|p2a: Amoonguss|Amoonguss, F|100\/100\n|move|p1b: Baby Dragon|Extreme Speed||[still]\n|cant|p2b: Farigiraf|ability: Armor Tail|Extreme Speed|[of] p1b: Baby Dragon\n|move|p1a: Matador|Trailblaze|p2a: Amoonguss\n|-resisted|p2a: Amoonguss\n|-damage|p2a: Amoonguss|97\/100\n|-boost|p1a: Matador|spe|1\n|-damage|p1a: Matador|84\/100|[from] item: Rocky Helmet|[of] p2a: Amoonguss\n|move|p2b: Farigiraf|Thunder Wave|p1a: Matador|[miss]\n|-miss|p2b: Farigiraf|p1a: Matador\n|\n|-heal|p1b: Baby Dragon|16\/100|[from] item: Leftovers\n|upkeep\n|turn|3\n|j| tregt\n|l| tregt\n|\n|t:|1699771656\n|move|p2a: Amoonguss|Rage Powder|p2a: Amoonguss\n|-singleturn|p2a: Amoonguss|move: Rage Powder\n|move|p1a: Matador|Raging Bull|p2a: Amoonguss\n|-resisted|p2a: Amoonguss\n|-damage|p2a: Amoonguss|80\/100\n|-damage|p1a: Matador|67\/100|[from] item: Rocky Helmet|[of] p2a: Amoonguss\n|move|p1b: Baby Dragon|Dual Wingbeat|p2a: Amoonguss\n|-supereffective|p2a: Amoonguss\n|-damage|p2a: Amoonguss|44\/100\n|-damage|p1b: Baby Dragon|0 fnt|[from] item: Rocky Helmet|[of] p2a: Amoonguss\n|faint|p1b: Baby Dragon\n|-hitcount|p2a: Amoonguss|1\n|move|p2b: Farigiraf|Dazzling Gleam|p1a: Matador\n|-supereffective|p1a: Matador\n|-damage|p1a: Matador|24\/100\n|\n|upkeep\n|\n|t:|1699771673\n|switch|p1b: Ash's Step Dad|Mr. Mime-Galar, M|100\/100\n|turn|4\n|\n|t:|1699771696\n|move|p1a: Matador|Raging Bull|p2b: Farigiraf\n|-damage|p2b: Farigiraf|7\/100\n|move|p1b: Ash's Step Dad|Skill Swap|p2a: Amoonguss\n|-activate|p1b: Ash's Step Dad|move: Skill Swap|Regenerator|Vital Spirit|[of] p2a: Amoonguss\n|move|p2b: Farigiraf|Dazzling Gleam|p1a: Matador|[spread] p1a,p1b\n|-supereffective|p1a: Matador\n|-damage|p1a: Matador|0 fnt\n|-damage|p1b: Ash's Step Dad|69\/100\n|faint|p1a: Matador\n|move|p2a: Amoonguss|Pollen Puff|p2b: Farigiraf\n|-heal|p2b: Farigiraf|57\/100\n|\n|upkeep\n|\n|t:|1699771710\n|switch|p1a: Handstwo|Zapdos-Galar, shiny|100\/100\n|turn|5\n|\n|t:|1699771717\n|move|p2a: Amoonguss|Rage Powder|p2a: Amoonguss\n|-singleturn|p2a: Amoonguss|move: Rage Powder\n|move|p1a: Handstwo|U-turn|p2a: Amoonguss\n|-damage|p2a: Amoonguss|24\/100\n|-damage|p1a: Handstwo|84\/100|[from] item: Rocky Helmet|[of] p2a: Amoonguss\n|\n|t:|1699771723\n|switch|p1a: Da Queen|Nidoqueen, F|100\/100|[from] U-turn\n|move|p1b: Ash's Step Dad|Freeze-Dry|p2a: Amoonguss\n|-supereffective|p2a: Amoonguss\n|-damage|p2a: Amoonguss|0 fnt\n|faint|p2a: Amoonguss\n|-damage|p1b: Ash's Step Dad|59\/100|[from] item: Life Orb\n|move|p2b: Farigiraf|Dazzling Gleam|p1a: Da Queen|[spread] p1a,p1b\n|-resisted|p1a: Da Queen\n|-crit|p1b: Ash's Step Dad\n|-damage|p1a: Da Queen|91\/100\n|-damage|p1b: Ash's Step Dad|13\/100\n|\n|upkeep\n|\n|t:|1699771742\n|switch|p2a: Wishiwashi|Wishiwashi, F|100\/100\n|-formechange|p2a: Wishiwashi|Wishiwashi-School||[from] ability: Schooling\n|turn|6\n|\n|t:|1699771758\n|switch|p1b: Monstar|Gyarados, F|100\/100\n|-ability|p1b: Monstar|Intimidate|boost\n|-unboost|p2a: Wishiwashi|atk|1\n|-unboost|p2b: Farigiraf|atk|1\n|move|p2b: Farigiraf|Ally Switch|p2b: Farigiraf\n|swap|p2b: Farigiraf|0|[from] move: Ally Switch\n|move|p1a: Da Queen|Stealth Rock|p2a: Farigiraf\n|-sidestart|p2: imp9024|move: Stealth Rock\n|move|p2b: Wishiwashi|Surf|p1a: Da Queen|[spread] p2a,p1a,p1b\n|-supereffective|p1a: Da Queen\n|-resisted|p1b: Monstar\n|-damage|p2a: Farigiraf|0 fnt\n|-damage|p1a: Da Queen|0 fnt\n|-damage|p1b: Monstar|77\/100\n|faint|p2a: Farigiraf\n|faint|p1a: Da Queen\n|\n|upkeep\n|\n|t:|1699771771\n|switch|p1a: Ash's Step Dad|Mr. Mime-Galar, M|46\/100\n|switch|p2a: Ribombee|Ribombee, F|100\/100\n|-damage|p2a: Ribombee|76\/100|[from] Stealth Rock\n|turn|7\n|\n|t:|1699771787\n|move|p2a: Ribombee|Speed Swap|p2b: Wishiwashi\n|-activate|p2a: Ribombee|move: Speed Swap|[of] p2b: Wishiwashi\n|move|p2b: Wishiwashi|Surf|p1b: Monstar|[spread] p2a,p1a,p1b\n|-resisted|p1b: Monstar\n|-damage|p2a: Ribombee|0 fnt\n|-damage|p1a: Ash's Step Dad|0 fnt\n|-damage|p1b: Monstar|52\/100\n|faint|p2a: Ribombee\n|faint|p1a: Ash's Step Dad\n|move|p1b: Monstar|Substitute|p1b: Monstar\n|-start|p1b: Monstar|Substitute\n|-damage|p1b: Monstar|27\/100\n|\n|upkeep\n|\n|t:|1699771797\n|switch|p2a: Flutter Mane|Flutter Mane|100\/100\n|switch|p1a: Handstwo|Zapdos-Galar, shiny|84\/100\n|-damage|p2a: Flutter Mane|88\/100|[from] Stealth Rock\n|turn|8\n|\n|t:|1699771811\n|-end|p2a: Flutter Mane|Protosynthesis|[silent]\n|switch|p2a: Clefairy|Clefairy, M|100\/100\n|-damage|p2a: Clefairy|88\/100|[from] Stealth Rock\n|-terastallize|p1a: Handstwo|Steel\n|move|p1a: Handstwo|Tera Blast|p2a: Clefairy|[anim] Tera Blast Steel\n|-supereffective|p2a: Clefairy\n|-damage|p2a: Clefairy|0 fnt\n|faint|p2a: Clefairy\n|move|p2b: Wishiwashi|Surf|p1b: Monstar|[spread] p1a,p1b\n|-resisted|p1b: Monstar\n|-end|p1b: Monstar|Substitute\n|-damage|p1a: Handstwo|20\/100\n|move|p1b: Monstar|Crunch|p2b: Wishiwashi\n|-damage|p2b: Wishiwashi|78\/100\n|\n|upkeep\n|\n|t:|1699771824\n|switch|p2a: Flutter Mane|Flutter Mane|88\/100\n|-damage|p2a: Flutter Mane|76\/100|[from] Stealth Rock\n|turn|9\n|\n|t:|1699771834\n|detailschange|p1b: Monstar|Gyarados-Mega, F\n|-mega|p1b: Monstar|Gyarados|Gyaradosite\n|-ability|p1b: Monstar|Mold Breaker\n|-terastallize|p2a: Flutter Mane|Fairy\n|move|p1a: Handstwo|Tera Blast|p2a: Flutter Mane|[anim] Tera Blast Steel\n|-supereffective|p2a: Flutter Mane\n|-damage|p2a: Flutter Mane|0 fnt\n|faint|p2a: Flutter Mane\n|-end|p2a: Flutter Mane|Protosynthesis|[silent]\n|move|p2b: Wishiwashi|Surf|p1b: Monstar|[spread] p1a,p1b\n|-resisted|p1b: Monstar\n|-damage|p1a: Handstwo|0 fnt\n|-damage|p1b: Monstar|6\/100\n|faint|p1a: Handstwo\n|move|p1b: Monstar|Crunch|p2b: Wishiwashi\n|-damage|p2b: Wishiwashi|39\/100\n|\n|upkeep\n|turn|10\n|\n|t:|1699771851\n|move|p2b: Wishiwashi|Surf|p1b: Monstar\n|-resisted|p1b: Monstar\n|-damage|p1b: Monstar|0 fnt\n|faint|p1b: Monstar\n|\n|win|imp9024\n|raw|Chef Nando's rating: 1221 &rarr; <strong>1189<\/strong><br \/>(-32 for losing)\n|raw|imp9024's rating: 1124 &rarr; <strong>1156<\/strong><br \/>(+32 for winning)\n|l|\u2606Chef Nando\n","uploadtime":1699771856,"views":13,"p1id":"chefnando","p2id":"imp9024","formatid":"gen9nationaldexdoubles","rating":1156,"private":0,"password":""}