{"id":"gen9nationaldexdoubles-1985589588","p1":"PBJK","p2":"AdvancedDigit","format":"[Gen 9] National Dex Doubles","log":"|j|\u2606PBJK\n|j|\u2606AdvancedDigit\n|t:|1699387062\n|gametype|doubles\n|player|p1|PBJK|brock|1092\n|player|p2|AdvancedDigit|nate|1147\n|teamsize|p1|6\n|teamsize|p2|6\n|gen|9\n|tier|[Gen 9] National Dex Doubles\n|rated|\n|rule|HP Percentage Mod: HP is shown in percentages\n|rule|Endless Battle Clause: Forcing endless battles is banned\n|rule|OHKO Clause: OHKO moves are banned\n|rule|Evasion Moves Clause: Evasion moves are banned\n|rule|Evasion Abilities Clause: Evasion abilities are banned\n|rule|Species Clause: Limit one of each Pok\u00e9mon\n|rule|Gravity Sleep Clause: The combination of sleep-inducing moves with imperfect accuracy and Gravity or Gigantamax Orbeetle are banned\n|clearpoke\n|poke|p1|Garganacl, M|\n|poke|p1|Tyranitar, M|\n|poke|p1|Steelix, M|\n|poke|p1|Aerodactyl, F|\n|poke|p1|Avalugg-Hisui, F|\n|poke|p1|Golem-Alola, M|\n|poke|p2|Diancie|\n|poke|p2|Polteageist-Antique|\n|poke|p2|Clefable, F|\n|poke|p2|Tyranitar, M|\n|poke|p2|Jumpluff, F|\n|poke|p2|Mr. Mime, M|\n|teampreview\n|\n|t:|1699387083\n|start\n|switch|p1a: Tyranitar|Tyranitar, M|100\/100\n|switch|p1b: Garganacl|Garganacl, M|100\/100\n|switch|p2a: Jumpluff|Jumpluff, F|100\/100\n|switch|p2b: Mr. Mime|Mr. Mime, M|100\/100\n|-weather|Sandstorm|[from] ability: Sand Stream|[of] p1a: Tyranitar\n|turn|1\n|\n|t:|1699387100\n|move|p1a: Tyranitar|Protect|p1a: Tyranitar\n|-singleturn|p1a: Tyranitar|Protect\n|move|p2b: Mr. Mime|Fake Out|p1b: Garganacl\n|-resisted|p1b: Garganacl\n|-damage|p1b: Garganacl|99\/100\n|move|p2a: Jumpluff|Cotton Guard|p2a: Jumpluff\n|-boost|p2a: Jumpluff|def|3\n|cant|p1b: Garganacl|flinch\n|\n|-weather|Sandstorm|[upkeep]\n|-damage|p2a: Jumpluff|94\/100|[from] Sandstorm\n|-damage|p2b: Mr. Mime|95\/100|[from] Sandstorm\n|-heal|p2b: Mr. Mime|100\/100|[from] item: Leftovers\n|-heal|p1b: Garganacl|100\/100|[from] item: Leftovers\n|upkeep\n|turn|2\n|\n|t:|1699387124\n|move|p2b: Mr. Mime|Follow Me|p2b: Mr. Mime\n|-singleturn|p2b: Mr. Mime|move: Follow Me\n|move|p2a: Jumpluff|Cotton Guard|p2a: Jumpluff\n|-boost|p2a: Jumpluff|def|3\n|move|p1a: Tyranitar|Knock Off|p2b: Mr. Mime\n|-damage|p2b: Mr. Mime|6\/100\n|-enditem|p2b: Mr. Mime|Leftovers|[from] move: Knock Off|[of] p1a: Tyranitar\n|move|p1b: Garganacl|Stealth Rock|p2b: Mr. Mime\n|-sidestart|p2: AdvancedDigit|move: Stealth Rock\n|\n|-weather|Sandstorm|[upkeep]\n|-damage|p2a: Jumpluff|88\/100|[from] Sandstorm\n|-damage|p2b: Mr. Mime|0 fnt|[from] Sandstorm\n|faint|p2b: Mr. Mime\n|upkeep\n|\n|t:|1699387131\n|switch|p2b: Clefable|Clefable, F|100\/100\n|-damage|p2b: Clefable|88\/100|[from] Stealth Rock\n|turn|3\n|\n|t:|1699387148\n|move|p1a: Tyranitar|Protect|p1a: Tyranitar\n|-singleturn|p1a: Tyranitar|Protect\n|move|p2b: Clefable|Follow Me|p2b: Clefable\n|-singleturn|p2b: Clefable|move: Follow Me\n|move|p2a: Jumpluff|Baton Pass|p2a: Jumpluff\n|\n|t:|1699387157\n|switch|p2a: Polteageist|Polteageist-Antique|100\/100|[from] Baton Pass\n|-damage|p2a: Polteageist|88\/100|[from] Stealth Rock\n|move|p1b: Garganacl|Rock Tomb|p2b: Clefable\n|-damage|p2b: Clefable|67\/100\n|-unboost|p2b: Clefable|spe|1\n|\n|-weather|Sandstorm|[upkeep]\n|-damage|p2a: Polteageist|82\/100|[from] Sandstorm\n|-damage|p2b: Clefable|61\/100|[from] Sandstorm\n|-heal|p2b: Clefable|67\/100|[from] item: Leftovers\n|upkeep\n|turn|4\n|c|\u2606PBJK|I'm Screwed\n|\n|t:|1699387190\n|switch|p1b: Steelix|Steelix, M|100\/100\n|move|p2b: Clefable|Follow Me|p2b: Clefable\n|-singleturn|p2b: Clefable|move: Follow Me\n|move|p2a: Polteageist|Shell Smash|p2a: Polteageist\n|-unboost|p2a: Polteageist|def|1\n|-unboost|p2a: Polteageist|spd|1\n|-boost|p2a: Polteageist|atk|2\n|-boost|p2a: Polteageist|spa|2\n|-boost|p2a: Polteageist|spe|2\n|-enditem|p2a: Polteageist|White Herb\n|-clearnegativeboost|p2a: Polteageist|[silent]\n|move|p1a: Tyranitar|Knock Off|p2b: Clefable\n|-resisted|p2b: Clefable\n|-crit|p2b: Clefable\n|-damage|p2b: Clefable|20\/100\n|-enditem|p2b: Clefable|Leftovers|[from] move: Knock Off|[of] p1a: Tyranitar\n|\n|-weather|Sandstorm|[upkeep]\n|-damage|p2a: Polteageist|76\/100|[from] Sandstorm\n|-damage|p2b: Clefable|13\/100|[from] Sandstorm\n|upkeep\n|turn|5\n|c|\u2606AdvancedDigit|actually idk\n|\n|t:|1699387249\n|move|p2b: Clefable|Follow Me|p2b: Clefable\n|-singleturn|p2b: Clefable|move: Follow Me\n|move|p2a: Polteageist|Shadow Ball|p1b: Steelix\n|-damage|p1b: Steelix|24\/100\n|move|p1a: Tyranitar|Knock Off|p2b: Clefable\n|-resisted|p2b: Clefable\n|-damage|p2b: Clefable|0 fnt\n|faint|p2b: Clefable\n|move|p1b: Steelix|Earthquake|p2a: Polteageist|[spread] p1a,p2a\n|-supereffective|p1a: Tyranitar\n|-damage|p1a: Tyranitar|47\/100\n|-damage|p2a: Polteageist|63\/100\n|\n|-weather|none\n|upkeep\n|\n|t:|1699387263\n|switch|p2b: Jumpluff|Jumpluff, F|88\/100\n|-damage|p2b: Jumpluff|63\/100|[from] Stealth Rock\n|turn|6\n|\n|t:|1699387288\n|-terastallize|p2a: Polteageist|Ghost\n|move|p2a: Polteageist|Shadow Ball|p1a: Tyranitar\n|-resisted|p1a: Tyranitar\n|-damage|p1a: Tyranitar|2\/100\n|move|p2b: Jumpluff|Pollen Puff|p1a: Tyranitar\n|-supereffective|p1a: Tyranitar\n|-damage|p1a: Tyranitar|0 fnt\n|faint|p1a: Tyranitar\n|move|p1b: Steelix|Fire Fang|p2b: Jumpluff\n|-supereffective|p2b: Jumpluff\n|-damage|p2b: Jumpluff|3\/100\n|\n|upkeep\n|\n|t:|1699387303\n|switch|p1a: Garganacl|Garganacl, M|100\/100\n|turn|7\n|\n|t:|1699387327\n|-terastallize|p1b: Steelix|Rock\n|move|p2a: Polteageist|Baton Pass|p2a: Polteageist\n|\n|t:|1699387340\n|switch|p2a: Diancie|Diancie|100\/100|[from] Baton Pass\n|-damage|p2a: Diancie|88\/100|[from] Stealth Rock\n|move|p2b: Jumpluff|Leech Seed|p1b: Steelix\n|-start|p1b: Steelix|move: Leech Seed\n|move|p1a: Garganacl|Salt Cure|p2a: Diancie\n|-damage|p2a: Diancie|85\/100\n|-start|p2a: Diancie|Salt Cure\n|move|p1b: Steelix|Head Smash|p2a: Diancie\n|-damage|p2a: Diancie|71\/100\n|-damage|p1b: Steelix|18\/100|[from] Recoil\n|\n|-damage|p1b: Steelix|5\/100|[from] Leech Seed|[of] p2b: Jumpluff\n|-heal|p2b: Jumpluff|16\/100|[silent]\n|-damage|p2a: Diancie|59\/100|[from] Salt Cure\n|upkeep\n|turn|8\n|\n|t:|1699387360\n|move|p2b: Jumpluff|Pollen Puff|p2a: Diancie\n|-heal|p2a: Diancie|100\/100\n|move|p2a: Diancie|Body Press|p1a: Garganacl\n|-supereffective|p1a: Garganacl\n|-damage|p1a: Garganacl|0 fnt\n|faint|p1a: Garganacl\n|move|p1b: Steelix|Iron Tail|p2a: Diancie\n|-supereffective|p2a: Diancie\n|-damage|p2a: Diancie|53\/100\n|\n|-damage|p1b: Steelix|0 fnt|[from] Leech Seed|[of] p2b: Jumpluff\n|-heal|p2b: Jumpluff|21\/100|[silent]\n|faint|p1b: Steelix\n|-damage|p2a: Diancie|41\/100|[from] Salt Cure\n|upkeep\n|\n|t:|1699387379\n|switch|p1a: Golem|Golem-Alola, M|100\/100\n|switch|p1b: Aerodactyl|Aerodactyl, F|100\/100\n|-ability|p1b: Aerodactyl|Pressure\n|-item|p1a: Golem|Air Balloon\n|turn|9\n|\n|t:|1699387394\n|detailschange|p1b: Aerodactyl|Aerodactyl-Mega, F\n|-mega|p1b: Aerodactyl|Aerodactyl|Aerodactylite\n|move|p2b: Jumpluff|Pollen Puff|p2a: Diancie\n|-heal|p2a: Diancie|91\/100\n|move|p1b: Aerodactyl|Dual Wingbeat|p2b: Jumpluff\n|-supereffective|p2b: Jumpluff\n|-crit|p2b: Jumpluff\n|-damage|p2b: Jumpluff|0 fnt\n|faint|p2b: Jumpluff\n|-hitcount|p2: Jumpluff|1\n|move|p2a: Diancie|Body Press|p1a: Golem\n|-supereffective|p1a: Golem\n|-damage|p1a: Golem|0 fnt\n|-enditem|p1a: Golem|Air Balloon\n|faint|p1a: Golem\n|\n|-damage|p2a: Diancie|78\/100|[from] Salt Cure\n|upkeep\n|\n|t:|1699387410\n|switch|p2b: Polteageist|Polteageist-Antique, tera:Ghost|63\/100\n|switch|p1a: Avalugg|Avalugg-Hisui, F|100\/100\n|-damage|p2b: Polteageist|50\/100|[from] Stealth Rock\n|turn|10\n|\n|t:|1699387424\n|move|p1b: Aerodactyl|Rock Slide|p2a: Diancie|[spread] p2a,p2b\n|-damage|p2a: Diancie|70\/100\n|-damage|p2b: Polteageist|2\/100\n|cant|p2a: Diancie|flinch\n|move|p2b: Polteageist|Shadow Ball|p1b: Aerodactyl\n|-damage|p1b: Aerodactyl|48\/100\n|move|p1a: Avalugg|Earthquake|p2b: Polteageist|[spread] p2a,p2b\n|-immune|p1b: Aerodactyl\n|-supereffective|p2a: Diancie\n|-damage|p2a: Diancie|51\/100\n|-damage|p2b: Polteageist|0 fnt\n|-start|p1a: Avalugg|Disable|Earthquake|[from] ability: Cursed Body|[of] p2b: Polteageist\n|faint|p2b: Polteageist\n|\n|-damage|p2a: Diancie|39\/100|[from] Salt Cure\n|upkeep\n|\n|t:|1699387432\n|switch|p2b: Tyranitar|Tyranitar, M|100\/100\n|-damage|p2b: Tyranitar|88\/100|[from] Stealth Rock\n|-weather|Sandstorm|[from] ability: Sand Stream|[of] p2b: Tyranitar\n|turn|11\n|\n|t:|1699387450\n|detailschange|p2b: Tyranitar|Tyranitar-Mega, M\n|-mega|p2b: Tyranitar|Tyranitar|Tyranitarite\n|move|p1b: Aerodactyl|Rock Slide|p2a: Diancie|[spread] p2a,p2b\n|-damage|p2a: Diancie|31\/100\n|-damage|p2b: Tyranitar|64\/100\n|move|p2a: Diancie|Diamond Storm|p1b: Aerodactyl|[spread] p1a,p1b\n|-supereffective|p1a: Avalugg\n|-supereffective|p1b: Aerodactyl\n|-damage|p1a: Avalugg|55\/100\n|-damage|p1b: Aerodactyl|0 fnt\n|faint|p1b: Aerodactyl\n|move|p2b: Tyranitar|Crunch|p1a: Avalugg\n|-damage|p1a: Avalugg|25\/100\n|-activate|p1a: Avalugg|move: Struggle\n|move|p1a: Avalugg|Struggle|p2a: Diancie\n|-damage|p2a: Diancie|25\/100\n|-damage|p1a: Avalugg|0 fnt|[from] recoil\n|faint|p1a: Avalugg\n|\n|win|AdvancedDigit\n|raw|PBJK's rating: 1092 &rarr; <strong>1072<\/strong><br \/>(-20 for losing)\n|raw|AdvancedDigit's rating: 1147 &rarr; <strong>1168<\/strong><br \/>(+21 for winning)\n|c|\u2606AdvancedDigit|gg\n|c|\u2606PBJK|gg\n","uploadtime":1699387466,"views":5,"p1id":"pbjk","p2id":"advanceddigit","formatid":"gen9nationaldexdoubles","rating":1072,"private":0,"password":""}