{"id":"gen9nationaldexdoubles-1999905857","p1":"Anemen","p2":"mr Deuzp","format":"[Gen 9] National Dex Doubles","log":"|j|\u2606Anemen\n|j|\u2606mr Deuzp\n|t:|1701128525\n|gametype|doubles\n|player|p1|Anemen|265|1026\n|player|p2|mr Deuzp|shadowtriad|1133\n|teamsize|p1|6\n|teamsize|p2|6\n|gen|9\n|tier|[Gen 9] National Dex Doubles\n|rated|\n|rule|HP Percentage Mod: HP is shown in percentages\n|rule|Endless Battle Clause: Forcing endless battles is banned\n|rule|OHKO Clause: OHKO moves are banned\n|rule|Evasion Moves Clause: Evasion moves are banned\n|rule|Evasion Abilities Clause: Evasion abilities are banned\n|rule|Species Clause: Limit one of each Pok\u00e9mon\n|rule|Gravity Sleep Clause: The combination of sleep-inducing moves with imperfect accuracy and Gravity or Gigantamax Orbeetle are banned\n|clearpoke\n|poke|p1|Oricorio-Pom-Pom, M|\n|poke|p1|Iron Moth|\n|poke|p1|Volcarona, F|\n|poke|p1|Flamigo, F|\n|poke|p1|Florges, F|\n|poke|p1|Hoopa-Unbound|\n|poke|p2|Hatterene, F|\n|poke|p2|Indeedee-F, F|\n|poke|p2|Ursaluna-Bloodmoon, M|\n|poke|p2|Amoonguss, M|\n|poke|p2|Gastrodon, F|\n|poke|p2|Porygon2|\n|teampreview\n|\n|t:|1701128529\n|start\n|switch|p1a: Hoopa|Hoopa-Unbound|100\/100\n|switch|p1b: Oricorio|Oricorio-Pom-Pom, M|100\/100\n|switch|p2a: Indeedee|Indeedee-F, F|100\/100\n|switch|p2b: Hatterene|Hatterene, F, shiny|100\/100\n|-fieldstart|move: Psychic Terrain|[from] ability: Psychic Surge|[of] p2a: Indeedee\n|turn|1\n|\n|t:|1701128544\n|move|p2a: Indeedee|Follow Me|p2a: Indeedee\n|-singleturn|p2a: Indeedee|move: Follow Me\n|move|p1b: Oricorio|Quiver Dance|p1b: Oricorio\n|-boost|p1b: Oricorio|spa|1\n|-boost|p1b: Oricorio|spd|1\n|-boost|p1b: Oricorio|spe|1\n|move|p1a: Hoopa|Dark Pulse|p2a: Indeedee\n|-supereffective|p2a: Indeedee\n|-damage|p2a: Indeedee|28\/100\n|move|p2b: Hatterene|Trick Room|p2b: Hatterene\n|-fieldstart|move: Trick Room|[of] p2b: Hatterene\n|\n|-heal|p2a: Indeedee|35\/100|[from] item: Leftovers\n|upkeep\n|turn|2\n|\n|t:|1701128567\n|move|p2a: Indeedee|Helping Hand|p2b: Hatterene\n|-singleturn|p2b: Hatterene|Helping Hand|[of] p2a: Indeedee\n|move|p2b: Hatterene|Dazzling Gleam|p1b: Oricorio|[spread] p1a,p1b\n|-supereffective|p1a: Hoopa\n|-damage|p1a: Hoopa|4\/100\n|-damage|p1b: Oricorio|49\/100\n|-damage|p2b: Hatterene|91\/100|[from] item: Life Orb\n|move|p1a: Hoopa|Role Play|p1b: Oricorio\n|-endability|p1a: Hoopa|Magician|[from] move: Role Play\n|-ability|p1a: Hoopa|Dancer|[from] move: Role Play|[of] p1b: Oricorio\n|move|p1b: Oricorio|Revelation Dance|p2a: Indeedee\n|-damage|p2a: Indeedee|0 fnt\n|faint|p2a: Indeedee\n|-heal|p1b: Oricorio|54\/100|[from] item: Shell Bell|[of] p2: Indeedee\n|-activate|p1a: Hoopa|ability: Dancer\n|move|p1a: Hoopa|Revelation Dance|p2b: Hatterene|[from]ability: Dancer\n|-resisted|p2b: Hatterene\n|-damage|p2b: Hatterene|61\/100\n|\n|-heal|p1a: Hoopa|10\/100|[from] item: Leftovers\n|upkeep\n|\n|t:|1701128575\n|switch|p2a: Gastrodon|Gastrodon, F, shiny|100\/100\n|turn|3\n|\n|t:|1701128619\n|move|p1a: Hoopa|Protect|p1a: Hoopa\n|-singleturn|p1a: Hoopa|Protect\n|move|p1b: Oricorio|Protect|p1b: Oricorio\n|-singleturn|p1b: Oricorio|Protect\n|move|p2b: Hatterene|Dazzling Gleam|p1b: Oricorio|[spread] \n|-activate|p1a: Hoopa|move: Protect\n|-activate|p1b: Oricorio|move: Protect\n|move|p2a: Gastrodon|Ice Beam|p1b: Oricorio\n|-activate|p1b: Oricorio|move: Protect\n|\n|-heal|p1a: Hoopa|16\/100|[from] item: Leftovers\n|upkeep\n|turn|4\n|\n|t:|1701128658\n|switch|p1b: Florges|Florges, F|100\/100\n|move|p2b: Hatterene|Dazzling Gleam|p1a: Hoopa|[spread] p1a,p1b\n|-supereffective|p1a: Hoopa\n|-damage|p1a: Hoopa|0 fnt\n|-damage|p1b: Florges|80\/100\n|faint|p1a: Hoopa\n|-damage|p2b: Hatterene|51\/100|[from] item: Life Orb\n|move|p2a: Gastrodon|Ice Beam|p1b: Florges\n|-damage|p1b: Florges|68\/100\n|\n|upkeep\n|\n|t:|1701128671\n|switch|p1a: Oricorio|Oricorio-Pom-Pom, M|54\/100\n|turn|5\n|\n|t:|1701128681\n|move|p1a: Oricorio|Protect|p1a: Oricorio\n|-singleturn|p1a: Oricorio|Protect\n|move|p2b: Hatterene|Dazzling Gleam|p1b: Florges|[spread] p1b\n|-activate|p1a: Oricorio|move: Protect\n|-crit|p1b: Florges\n|-damage|p1b: Florges|35\/100\n|-damage|p2b: Hatterene|41\/100|[from] item: Life Orb\n|move|p2a: Gastrodon|Ice Beam|p1a: Oricorio\n|-activate|p1a: Oricorio|move: Protect\n|move|p1b: Florges|Petal Dance|p2a: Gastrodon\n|-supereffective|p2a: Gastrodon\n|-damage|p2a: Gastrodon|0 fnt\n|faint|p2a: Gastrodon\n|-activate|p1a: Oricorio|ability: Dancer\n|move|p1a: Oricorio|Petal Dance|p2b: Hatterene|[from]ability: Dancer\n|-damage|p2b: Hatterene|16\/100\n|-heal|p1a: Oricorio|58\/100|[from] item: Shell Bell|[of] p2b: Hatterene\n|\n|-fieldend|move: Trick Room\n|-fieldend|move: Psychic Terrain\n|upkeep\n|\n|t:|1701128686\n|switch|p2a: Porygon2|Porygon2, shiny|100\/100\n|-ability|p2a: Porygon2|Download|boost\n|-boost|p2a: Porygon2|atk|1\n|turn|6\n|\n|t:|1701128712\n|move|p2b: Hatterene|Protect|p2b: Hatterene\n|-singleturn|p2b: Hatterene|Protect\n|move|p1a: Oricorio|Revelation Dance|p2b: Hatterene\n|-activate|p2b: Hatterene|move: Protect\n|move|p1b: Florges|Petal Dance|p2b: Hatterene|[from]lockedmove\n|-activate|p2b: Hatterene|move: Protect\n|move|p2a: Porygon2|Trick Room|p2a: Porygon2\n|-fieldstart|move: Trick Room|[of] p2a: Porygon2\n|\n|upkeep\n|turn|7\n|\n|t:|1701128728\n|move|p1a: Oricorio|Protect|p1a: Oricorio\n|-singleturn|p1a: Oricorio|Protect\n|move|p2b: Hatterene|Expanding Force|p1b: Florges\n|-damage|p1b: Florges|7\/100\n|-damage|p2b: Hatterene|6\/100|[from] item: Life Orb\n|move|p2a: Porygon2|Ice Beam|p1a: Oricorio\n|-activate|p1a: Oricorio|move: Protect\n|move|p1b: Florges|Petal Dance|p2a: Porygon2\n|-damage|p2a: Porygon2|72\/100\n|-activate|p1a: Oricorio|ability: Dancer\n|move|p1a: Oricorio|Petal Dance|p2b: Hatterene|[from]ability: Dancer\n|-damage|p2b: Hatterene|0 fnt\n|faint|p2b: Hatterene\n|-heal|p1a: Oricorio|58\/100|[from] item: Shell Bell|[of] p2: Hatterene\n|\n|upkeep\n|\n|t:|1701128731\n|switch|p2b: Ursaluna|Ursaluna-Bloodmoon, M|100\/100\n|turn|8\n|\n|t:|1701128759\n|switch|p1a: Flamigo|Flamigo, F|100\/100\n|-copyboost|p1a: Flamigo|p1b: Florges|[from] ability: Costar\n|move|p2b: Ursaluna|Blood Moon|p1b: Florges\n|-damage|p1b: Florges|0 fnt\n|faint|p1b: Florges\n|move|p2a: Porygon2|Ice Beam|p1a: Flamigo\n|-supereffective|p1a: Flamigo\n|-damage|p1a: Flamigo|34\/100\n|\n|upkeep\n|\n|t:|1701128773\n|switch|p1b: Volcarona|Volcarona, F|100\/100\n|turn|9\n|\n|t:|1701128789\n|move|p1b: Volcarona|Protect|p1b: Volcarona\n|-singleturn|p1b: Volcarona|Protect\n|move|p2a: Porygon2|Thunderbolt|p1b: Volcarona\n|-activate|p1b: Volcarona|move: Protect\n|move|p2b: Ursaluna|Earth Power|p1b: Volcarona\n|-activate|p1b: Volcarona|move: Protect\n|move|p1a: Flamigo|Hyper Beam|p2a: Porygon2\n|-damage|p2a: Porygon2|50\/100\n|-mustrecharge|p1a: Flamigo\n|-damage|p1a: Flamigo|24\/100|[from] item: Life Orb\n|\n|upkeep\n|turn|10\n|\n|t:|1701128808\n|move|p2a: Porygon2|Thunderbolt|p1a: Flamigo\n|-supereffective|p1a: Flamigo\n|-damage|p1a: Flamigo|0 fnt\n|faint|p1a: Flamigo\n|move|p2b: Ursaluna|Blood Moon|p1b: Volcarona\n|-damage|p1b: Volcarona|21\/100\n|move|p1b: Volcarona|Quiver Dance|p1b: Volcarona\n|-boost|p1b: Volcarona|spa|1\n|-boost|p1b: Volcarona|spd|1\n|-boost|p1b: Volcarona|spe|1\n|\n|-heal|p1b: Volcarona|28\/100|[from] item: Leftovers\n|-fieldend|move: Trick Room\n|upkeep\n|\n|t:|1701128822\n|switch|p1a: Oricorio|Oricorio-Pom-Pom, M|58\/100\n|turn|11\n|\n|t:|1701128843\n|move|p1b: Volcarona|Giga Drain|p2b: Ursaluna\n|-supereffective|p2b: Ursaluna\n|-damage|p2b: Ursaluna|2\/100\n|-heal|p1b: Volcarona|95\/100|[from] drain|[of] p2b: Ursaluna\n|move|p1a: Oricorio|Revelation Dance|p2a: Porygon2\n|-damage|p2a: Porygon2|31\/100\n|-heal|p1a: Oricorio|61\/100|[from] item: Shell Bell|[of] p2a: Porygon2\n|move|p2b: Ursaluna|Hyper Voice|p1b: Volcarona|[spread] p1a,p1b\n|-damage|p1a: Oricorio|0 fnt\n|-damage|p1b: Volcarona|67\/100\n|faint|p1a: Oricorio\n|move|p2a: Porygon2|Trick Room|p2a: Porygon2\n|-fieldstart|move: Trick Room|[of] p2a: Porygon2\n|\n|-heal|p2b: Ursaluna|8\/100|[from] item: Leftovers\n|-heal|p1b: Volcarona|73\/100|[from] item: Leftovers\n|upkeep\n|\n|t:|1701128860\n|switch|p1a: Iron Moth|Iron Moth|100\/100\n|-enditem|p1a: Iron Moth|Booster Energy\n|-activate|p1a: Iron Moth|ability: Quark Drive|[fromitem]\n|-start|p1a: Iron Moth|quarkdrivespe\n|turn|12\n|\n|t:|1701128877\n|move|p1b: Volcarona|Protect|p1b: Volcarona\n|-singleturn|p1b: Volcarona|Protect\n|move|p1a: Iron Moth|Protect|p1a: Iron Moth\n|-singleturn|p1a: Iron Moth|Protect\n|move|p2a: Porygon2|Thunderbolt|p1b: Volcarona\n|-activate|p1b: Volcarona|move: Protect\n|move|p2b: Ursaluna|Earth Power|p1a: Iron Moth\n|-activate|p1a: Iron Moth|move: Protect\n|\n|-heal|p2b: Ursaluna|14\/100|[from] item: Leftovers\n|-heal|p1b: Volcarona|79\/100|[from] item: Leftovers\n|upkeep\n|turn|13\n|\n|t:|1701128902\n|move|p2a: Porygon2|Thunderbolt|p1a: Iron Moth\n|-damage|p1a: Iron Moth|81\/100\n|move|p2b: Ursaluna|Earth Power|p1a: Iron Moth\n|-supereffective|p1a: Iron Moth\n|-damage|p1a: Iron Moth|0 fnt\n|faint|p1a: Iron Moth\n|-end|p1a: Iron Moth|Quark Drive|[silent]\n|move|p1b: Volcarona|Fiery Dance|p2a: Porygon2\n|-damage|p2a: Porygon2|0 fnt\n|-boost|p1b: Volcarona|spa|1\n|faint|p2a: Porygon2\n|\n|-heal|p2b: Ursaluna|20\/100|[from] item: Leftovers\n|-heal|p1b: Volcarona|85\/100|[from] item: Leftovers\n|upkeep\n|\n|t:|1701128905\n|switch|p2a: Amoonguss|Amoonguss, M, shiny|100\/100\n|turn|14\n|\n|t:|1701128921\n|-terastallize|p2b: Ursaluna|Normal\n|move|p1b: Volcarona|Protect|p1b: Volcarona\n|-singleturn|p1b: Volcarona|Protect\n|move|p2a: Amoonguss|Pollen Puff|p2b: Ursaluna\n|-heal|p2b: Ursaluna|70\/100\n|move|p2b: Ursaluna|Blood Moon|p1b: Volcarona\n|-activate|p1b: Volcarona|move: Protect\n|\n|-heal|p2b: Ursaluna|77\/100|[from] item: Leftovers\n|-heal|p1b: Volcarona|91\/100|[from] item: Leftovers\n|upkeep\n|turn|15\n|\n|t:|1701128937\n|move|p2a: Amoonguss|Spore|p1b: Volcarona\n|-status|p1b: Volcarona|slp|[from] move: Spore\n|move|p2b: Ursaluna|Hyper Voice|p1b: Volcarona\n|-damage|p1b: Volcarona|39\/100 slp\n|cant|p1b: Volcarona|slp\n|\n|-heal|p2b: Ursaluna|83\/100|[from] item: Leftovers\n|-heal|p1b: Volcarona|45\/100 slp|[from] item: Leftovers\n|-fieldend|move: Trick Room\n|upkeep\n|turn|16\n|\n|t:|1701128950\n|cant|p1b: Volcarona|slp\n|move|p2b: Ursaluna|Blood Moon|p1b: Volcarona\n|-damage|p1b: Volcarona|0 fnt\n|faint|p1b: Volcarona\n|\n|win|mr Deuzp\n|raw|Anemen's rating: 1026 &rarr; <strong>1016<\/strong><br \/>(-10 for losing)\n|raw|mr Deuzp's rating: 1133 &rarr; <strong>1151<\/strong><br \/>(+18 for winning)\n|l|\u2606Anemen\n","uploadtime":1701129056,"views":5,"p1id":"anemen","p2id":"mrdeuzp","formatid":"gen9nationaldexdoubles","rating":1016,"private":0,"password":""}