{"id":"gen9nationaldexdoubles-1990433575","p1":"fumbari 24","p2":"AnonymousThe1","format":"[Gen 9] National Dex Doubles","log":"|j|\u2606fumbari 24\n|j|\u2606AnonymousThe1\n|t:|1699970521\n|gametype|doubles\n|player|p1|fumbari 24|hilbert|1370\n|player|p2|AnonymousThe1|unknown|1246\n|teamsize|p1|6\n|teamsize|p2|6\n|gen|9\n|tier|[Gen 9] National Dex Doubles\n|rated|\n|rule|HP Percentage Mod: HP is shown in percentages\n|rule|Endless Battle Clause: Forcing endless battles is banned\n|rule|OHKO Clause: OHKO moves are banned\n|rule|Evasion Moves Clause: Evasion moves are banned\n|rule|Evasion Abilities Clause: Evasion abilities are banned\n|rule|Species Clause: Limit one of each Pok\u00e9mon\n|rule|Gravity Sleep Clause: The combination of sleep-inducing moves with imperfect accuracy and Gravity or Gigantamax Orbeetle are banned\n|clearpoke\n|poke|p1|Iron Moth|\n|poke|p1|Tapu Koko|\n|poke|p1|Hariyama, M|\n|poke|p1|Farigiraf, F|\n|poke|p1|Sableye, M|\n|poke|p1|Heracross, M|\n|poke|p2|Garchomp, M|\n|poke|p2|Toxapex, M|\n|poke|p2|Charizard, M|\n|poke|p2|Leafeon, M|\n|poke|p2|Mimikyu, F|\n|poke|p2|Urshifu-*, F|\n|teampreview\n|\n|t:|1699970541\n|start\n|switch|p1a: E.V.A|Iron Moth|100\/100\n|switch|p1b: Raijin|Tapu Koko, shiny|100\/100\n|switch|p2a: Garchomp|Garchomp, M|100\/100\n|switch|p2b: Charizard|Charizard, M, shiny|100\/100\n|-fieldstart|move: Electric Terrain|[from] ability: Electric Surge|[of] p1b: Raijin\n|-enditem|p1a: E.V.A|Electric Seed\n|-boost|p1a: E.V.A|def|1|[from] item: Electric Seed\n|-activate|p1a: E.V.A|ability: Quark Drive\n|-start|p1a: E.V.A|quarkdrivespe\n|turn|1\n|inactive|Battle timer is ON: inactive players will automatically lose when time's up. (requested by fumbari 24)\n|\n|t:|1699970560\n|detailschange|p2b: Charizard|Charizard-Mega-Y, M, shiny\n|-mega|p2b: Charizard|Charizard|Charizardite Y\n|-weather|SunnyDay|[from] ability: Drought|[of] p2b: Charizard\n|-terastallize|p2a: Garchomp|Water\n|move|p1a: E.V.A|Acid Spray|p2b: Charizard\n|-damage|p2b: Charizard|81\/100\n|-unboost|p2b: Charizard|spd|2\n|-zpower|p1b: Raijin\n|move|p1b: Raijin|Twinkle Tackle|p2a: Garchomp|[zeffect]\n|-damage|p2a: Garchomp|32\/100\n|move|p2a: Garchomp|Earthquake|p1a: E.V.A|[spread] p1a,p1b\n|-immune|p2b: Charizard\n|-supereffective|p1a: E.V.A\n|-crit|p1a: E.V.A\n|-supereffective|p1b: Raijin\n|-damage|p1a: E.V.A|0 fnt\n|-damage|p1b: Raijin|0 fnt\n|faint|p1a: E.V.A\n|-end|p1a: E.V.A|Quark Drive|[silent]\n|faint|p1b: Raijin\n|move|p2b: Charizard|Tailwind|p2b: Charizard\n|-sidestart|p2: AnonymousThe1|move: Tailwind\n|\n|-weather|SunnyDay|[upkeep]\n|upkeep\n|\n|t:|1699970571\n|switch|p1b: Raiden|Hariyama, M|100\/100\n|switch|p1a: J.H|Farigiraf, F|100\/100\n|turn|2\n|\n|t:|1699970593\n|move|p1b: Raiden|Wide Guard|p1b: Raiden\n|-singleturn|p1b: Raiden|Wide Guard\n|move|p2a: Garchomp|Earthquake|p1b: Raiden|[spread] \n|-activate|p1a: J.H|move: Wide Guard\n|-activate|p1b: Raiden|move: Wide Guard\n|-immune|p2b: Charizard\n|move|p2b: Charizard|Heat Wave|p1a: J.H|[spread] \n|-activate|p1a: J.H|move: Wide Guard\n|-activate|p1b: Raiden|move: Wide Guard\n|move|p1a: J.H|Trick Room|p1a: J.H\n|-fieldstart|move: Trick Room|[of] p1a: J.H\n|\n|-weather|SunnyDay|[upkeep]\n|-status|p1b: Raiden|brn|[from] item: Flame Orb\n|upkeep\n|turn|3\n|\n|t:|1699970621\n|-terastallize|p1b: Raiden|Fire\n|move|p1b: Raiden|Drain Punch|p2a: Garchomp\n|-damage|p2a: Garchomp|0 fnt\n|-damage|p1b: Raiden|88\/100 brn|[from] ability: Rough Skin|[of] p2a: Garchomp\n|faint|p2a: Garchomp\n|move|p1a: J.H|Hyper Voice|p2b: Charizard\n|-damage|p2b: Charizard|5\/100\n|-enditem|p1a: J.H|Throat Spray\n|-boost|p1a: J.H|spa|1|[from] item: Throat Spray\n|move|p2b: Charizard|Solar Beam||[still]\n|-prepare|p2b: Charizard|Solar Beam\n|-anim|p2b: Charizard|Solar Beam|p1a: J.H\n|-damage|p1a: J.H|55\/100\n|\n|-weather|SunnyDay|[upkeep]\n|-damage|p1b: Raiden|82\/100 brn|[from] brn\n|upkeep\n|inactive|AnonymousThe1 has 120 seconds left.\n|\n|t:|1699970641\n|switch|p2a: Toxapex|Toxapex, M, shiny|100\/100\n|turn|4\n|\n|t:|1699970646\n|move|p2a: Toxapex|Baneful Bunker|p2a: Toxapex\n|-singleturn|p2a: Toxapex|move: Protect\n|move|p1b: Raiden|Drain Punch|p2b: Charizard\n|-resisted|p2b: Charizard\n|-damage|p2b: Charizard|0 fnt\n|-heal|p1b: Raiden|84\/100 brn|[from] drain|[of] p2b: Charizard\n|faint|p2b: Charizard\n|move|p1a: J.H|Twin Beam|p2a: Toxapex\n|-activate|p2a: Toxapex|move: Protect\n|\n|-weather|SunnyDay|[upkeep]\n|-damage|p1b: Raiden|77\/100 brn|[from] brn\n|-sideend|p2: AnonymousThe1|move: Tailwind\n|upkeep\n|\n|t:|1699970662\n|switch|p2b: Mimikyu|Mimikyu, F, shiny|100\/100\n|turn|5\n|\n|t:|1699970683\n|move|p1b: Raiden|Fire Punch|p2b: Mimikyu\n|-activate|p2b: Mimikyu|ability: Disguise\n|-damage|p2b: Mimikyu|100\/100\n|detailschange|p2b: Mimikyu|Mimikyu-Busted, F, shiny\n|-damage|p2b: Mimikyu|88\/100|[from] pokemon: Mimikyu-Busted\n|move|p2a: Toxapex|Toxic|p1a: J.H\n|-status|p1a: J.H|tox\n|move|p1a: J.H|Twin Beam|p2a: Toxapex\n|-supereffective|p2a: Toxapex\n|-damage|p2a: Toxapex|58\/100\n|-supereffective|p2a: Toxapex\n|-damage|p2a: Toxapex|11\/100\n|-hitcount|p2a: Toxapex|2\n|move|p2b: Mimikyu|Play Rough|p1b: Raiden\n|-resisted|p1b: Raiden\n|-damage|p1b: Raiden|50\/100 brn\n|-damage|p2b: Mimikyu|78\/100|[from] item: Life Orb\n|\n|-weather|none\n|-heal|p2a: Toxapex|17\/100|[from] item: Leftovers\n|-damage|p1a: J.H|49\/100 tox|[from] psn\n|-damage|p1b: Raiden|44\/100 brn|[from] brn\n|-fieldend|move: Electric Terrain\n|upkeep\n|turn|6\n|\n|t:|1699970709\n|move|p2a: Toxapex|Baneful Bunker|p2a: Toxapex\n|-singleturn|p2a: Toxapex|move: Protect\n|move|p1b: Raiden|Fire Punch|p2b: Mimikyu\n|-damage|p2b: Mimikyu|0 fnt\n|faint|p2b: Mimikyu\n|move|p1a: J.H|Hyper Voice|p2a: Toxapex\n|-activate|p2a: Toxapex|move: Protect\n|\n|-heal|p2a: Toxapex|23\/100|[from] item: Leftovers\n|-damage|p1a: J.H|37\/100 tox|[from] psn\n|-damage|p1b: Raiden|38\/100 brn|[from] brn\n|-fieldend|move: Trick Room\n|upkeep\n|inactive|AnonymousThe1 has 120 seconds left.\n|\n|t:|1699970733\n|switch|p2b: Leafeon|Leafeon, M|100\/100\n|turn|7\n|inactive|AnonymousThe1 has 120 seconds left.\n|\n|t:|1699970755\n|move|p2b: Leafeon|Knock Off|p1b: Raiden\n|-damage|p1b: Raiden|0 fnt\n|-enditem|p1b: Raiden|Flame Orb|[from] move: Knock Off|[of] p2b: Leafeon\n|faint|p1b: Raiden\n|move|p1a: J.H|Hyper Voice|p2a: Toxapex|[spread] p2a,p2b\n|-damage|p2a: Toxapex|0 fnt\n|-damage|p2b: Leafeon|42\/100\n|faint|p2a: Toxapex\n|\n|-damage|p1a: J.H|18\/100 tox|[from] psn\n|upkeep\n|\n|t:|1699970769\n|switch|p2a: Urshifu|Urshifu-Rapid-Strike, F|100\/100\n|switch|p1b: Yami|Sableye, M|100\/100\n|turn|8\n|inactive|fumbari 24 has 120 seconds left.\n|\n|t:|1699970826\n|move|p1b: Yami|Fake Out|p2b: Leafeon\n|-damage|p2b: Leafeon|34\/100\n|move|p2a: Urshifu|U-turn|p1a: J.H\n|-supereffective|p1a: J.H\n|-damage|p1a: J.H|0 fnt\n|faint|p1a: J.H\n|cant|p2b: Leafeon|flinch\n|\n|upkeep\n|\n|t:|1699970831\n|switch|p1a: Heracles|Heracross, M|100\/100\n|turn|9\n|inactive|fumbari 24 has 120 seconds left.\n|\n|t:|1699970847\n|detailschange|p1a: Heracles|Heracross-Mega, M\n|-mega|p1a: Heracles|Heracross|Heracronite\n|move|p1b: Yami|Quash|p2a: Urshifu\n|-activate|p2a: Urshifu|move: Quash\n|move|p2b: Leafeon|Knock Off|p1a: Heracles\n|-resisted|p1a: Heracles\n|-damage|p1a: Heracles|86\/100\n|move|p1a: Heracles|Bullet Seed|p2a: Urshifu\n|-supereffective|p2a: Urshifu\n|-damage|p2a: Urshifu|78\/100\n|-supereffective|p2a: Urshifu\n|-damage|p2a: Urshifu|54\/100\n|-supereffective|p2a: Urshifu\n|-damage|p2a: Urshifu|32\/100\n|-supereffective|p2a: Urshifu\n|-damage|p2a: Urshifu|8\/100\n|-supereffective|p2a: Urshifu\n|-crit|p2a: Urshifu\n|-damage|p2a: Urshifu|0 fnt\n|faint|p2a: Urshifu\n|-hitcount|p2: Urshifu|5\n|\n|upkeep\n|turn|10\n|inactive|fumbari 24 has 120 seconds left.\n|\n|t:|1699970868\n|move|p1b: Yami|Will-O-Wisp|p2b: Leafeon\n|-status|p2b: Leafeon|brn\n|move|p2b: Leafeon|Knock Off|p1b: Yami\n|-damage|p1b: Yami|69\/100\n|-enditem|p1b: Yami|Sitrus Berry|[from] move: Knock Off|[of] p2b: Leafeon\n|move|p1a: Heracles|Pin Missile|p2b: Leafeon\n|-supereffective|p2b: Leafeon\n|-damage|p2b: Leafeon|0 fnt\n|faint|p2b: Leafeon\n|-hitcount|p2: Leafeon|1\n|\n|win|fumbari 24\n|raw|fumbari 24's rating: 1370 &rarr; <strong>1383<\/strong><br \/>(+13 for winning)\n|raw|AnonymousThe1's rating: 1246 &rarr; <strong>1230<\/strong><br \/>(-16 for losing)\n|l|\u2606AnonymousThe1\n","uploadtime":1699970876,"views":10,"p1id":"fumbari24","p2id":"anonymousthe1","formatid":"gen9nationaldexdoubles","rating":1230,"private":0,"password":""}