{"id":"gen9nationaldexdoubles-1968351015","p1":"Sakura the blossom","p2":"Empress_Anna","format":"[Gen 9] National Dex Doubles","log":"|j|\u2606Sakura the blossom\n|j|\u2606Empress_Anna\n|t:|1697409004\n|gametype|doubles\n|player|p1|Sakura the blossom|caitlin|\n|player|p2|Empress_Anna|cheryl|\n|teamsize|p1|6\n|teamsize|p2|6\n|gen|9\n|tier|[Gen 9] National Dex Doubles\n|rule|HP Percentage Mod: HP is shown in percentages\n|rule|Endless Battle Clause: Forcing endless battles is banned\n|rule|OHKO Clause: OHKO moves are banned\n|rule|Evasion Moves Clause: Evasion moves are banned\n|rule|Evasion Abilities Clause: Evasion abilities are banned\n|rule|Species Clause: Limit one of each Pok\u00e9mon\n|rule|Gravity Sleep Clause: The combination of sleep-inducing moves with imperfect accuracy and Gravity or Gigantamax Orbeetle are banned\n|clearpoke\n|poke|p1|Armarouge, M|\n|poke|p1|Indeedee-F, F|\n|poke|p1|Maushold|\n|poke|p1|Gardevoir, F|\n|poke|p1|Farigiraf, M|\n|poke|p1|Kommo-o, M|\n|poke|p2|Cherrim, F|\n|poke|p2|Ursaluna, F|\n|poke|p2|Centiskorch, F|\n|poke|p2|Pincurchin, M|\n|poke|p2|Manectric, F|\n|poke|p2|Raichu-Alola, M|\n|teampreview\n|inactive|Battle timer is ON: inactive players will automatically lose when time's up. (requested by Sakura the blossom)\n|c|\u2606Empress_Anna|gl hf!\n|c|\u2606Empress_Anna|oooh!\n|c|\u2606Sakura the blossom|Gl hg\n|c|\u2606Empress_Anna|kommo-o!\n|c|\u2606Sakura the blossom|Hf*\n|c|\u2606Empress_Anna|oh wait\n|c|\u2606Empress_Anna|nononono\n|c|\u2606Empress_Anna|shit\n|c|\u2606Empress_Anna|kommo-o qwq\n|c|\u2606Sakura the blossom|?\n|c|\u2606Sakura the blossom|Oh yeah\n|inactive|Empress_Anna has 270 seconds left.\n|c|\u2606Empress_Anna|i know what youre doing 3:<\n|c|\u2606Sakura the blossom|Thought you would like it\n|\n|t:|1697409042\n|start\n|switch|p1a: Armarouge|Armarouge, M|100\/100\n|switch|p1b: Maushold|Maushold|100\/100\n|switch|p2a: Cherrim|Cherrim, F|100\/100\n|switch|p2b: Ursaluna|Ursaluna, F|100\/100\n|turn|1\n|\n|t:|1697409054\n|move|p1a: Armarouge|Endure|p1a: Armarouge\n|-singleturn|p1a: Armarouge|move: Endure\n|move|p2b: Ursaluna|Protect|p2b: Ursaluna\n|-singleturn|p2b: Ursaluna|Protect\n|move|p1b: Maushold|Beat Up|p1a: Armarouge\n|-supereffective|p1a: Armarouge\n|-crit|p1a: Armarouge\n|-damage|p1a: Armarouge|93\/100\n|-ability|p1a: Armarouge|Weak Armor|boost\n|-unboost|p1a: Armarouge|def|1\n|-boost|p1a: Armarouge|spe|2\n|-enditem|p1a: Armarouge|Weakness Policy\n|-boost|p1a: Armarouge|atk|2|[from] item: Weakness Policy\n|-boost|p1a: Armarouge|spa|2|[from] item: Weakness Policy\n|-supereffective|p1a: Armarouge\n|-damage|p1a: Armarouge|87\/100\n|-ability|p1a: Armarouge|Weak Armor|boost\n|-unboost|p1a: Armarouge|def|1\n|-boost|p1a: Armarouge|spe|2\n|-supereffective|p1a: Armarouge\n|-damage|p1a: Armarouge|79\/100\n|-ability|p1a: Armarouge|Weak Armor|boost\n|-unboost|p1a: Armarouge|def|1\n|-boost|p1a: Armarouge|spe|2\n|-supereffective|p1a: Armarouge\n|-damage|p1a: Armarouge|68\/100\n|-ability|p1a: Armarouge|Weak Armor|boost\n|-unboost|p1a: Armarouge|def|1\n|-supereffective|p1a: Armarouge\n|-damage|p1a: Armarouge|50\/100\n|-ability|p1a: Armarouge|Weak Armor|boost\n|-unboost|p1a: Armarouge|def|1\n|-supereffective|p1a: Armarouge\n|-damage|p1a: Armarouge|26\/100\n|-ability|p1a: Armarouge|Weak Armor|boost\n|-unboost|p1a: Armarouge|def|1\n|-hitcount|p1a: Armarouge|6\n|move|p2a: Cherrim|Sunny Day|p2a: Cherrim\n|-weather|SunnyDay\n|-formechange|p2a: Cherrim|Cherrim-Sunshine|[msg]|[from] ability: Flower Gift\n|\n|-weather|SunnyDay|[upkeep]\n|-status|p2b: Ursaluna|brn|[from] item: Flame Orb\n|upkeep\n|turn|2\n|c|\u2606Empress_Anna|wow\n|c|\u2606Empress_Anna|huh\n|inactive|Sakura the blossom has 270 seconds left.\n|inactive|Empress_Anna has 270 seconds left.\n|c|\u2606Sakura the blossom|So much text....\n|c|\u2606Empress_Anna|ggs lol, thats insane\n|inactive|Empress_Anna has 240 seconds left.\n|\n|t:|1697409114\n|move|p1b: Maushold|Follow Me|p1b: Maushold\n|-singleturn|p1b: Maushold|move: Follow Me\n|move|p1a: Armarouge|Armor Cannon|p2b: Ursaluna\n|-damage|p2b: Ursaluna|2\/100 brn\n|-unboost|p1a: Armarouge|spd|1\n|move|p2a: Cherrim|Toxic|p1b: Maushold\n|-status|p1b: Maushold|tox\n|move|p2b: Ursaluna|Facade|p1b: Maushold\n|-damage|p1b: Maushold|0 fnt\n|faint|p1b: Maushold\n|\n|-weather|SunnyDay|[upkeep]\n|-damage|p2b: Ursaluna|0 fnt|[from] brn\n|faint|p2b: Ursaluna\n|upkeep\n|c|\u2606Empress_Anna|damn\n|inactive|Sakura the blossom has 270 seconds left.\n|\n|t:|1697409132\n|switch|p1b: Kommo-o|Kommo-o, M|100\/100\n|switch|p2b: Centiskorch|Centiskorch, F|100\/100\n|turn|3\n|inactive|Empress_Anna has 270 seconds left.\n|c|\u2606Empress_Anna|fuck\n|\n|t:|1697409157\n|move|p1a: Armarouge|Endure|p1a: Armarouge\n|-singleturn|p1a: Armarouge|move: Endure\n|move|p1b: Kommo-o|Clangorous Soul|p1b: Kommo-o\n|-boost|p1b: Kommo-o|atk|1\n|-boost|p1b: Kommo-o|def|1\n|-boost|p1b: Kommo-o|spa|1\n|-boost|p1b: Kommo-o|spd|1\n|-boost|p1b: Kommo-o|spe|1\n|-damage|p1b: Kommo-o|68\/100\n|move|p2a: Cherrim|Toxic|p1a: Armarouge\n|-status|p1a: Armarouge|tox\n|move|p2b: Centiskorch|Crunch|p1a: Armarouge\n|-supereffective|p1a: Armarouge\n|-activate|p1a: Armarouge|move: Endure\n|-damage|p1a: Armarouge|1\/100 tox\n|\n|-weather|SunnyDay|[upkeep]\n|-damage|p1a: Armarouge|0 fnt|[from] psn\n|faint|p1a: Armarouge\n|upkeep\n|c|\u2606Sakura the blossom|Damn\n|inactive|Sakura the blossom has 270 seconds left.\n|c|\u2606Sakura the blossom|Smart play\n|c|\u2606Empress_Anna|:3\n|\n|t:|1697409182\n|switch|p1a: Farigiraf|Farigiraf, M|100\/100\n|turn|4\n|inactive|Empress_Anna has 270 seconds left.\n|inactive|Sakura the blossom has 270 seconds left.\n|\n|t:|1697409206\n|move|p1b: Kommo-o|Drain Punch|p2a: Cherrim\n|-damage|p2a: Cherrim|38\/100\n|-heal|p1b: Kommo-o|100\/100|[from] drain|[of] p2a: Cherrim\n|move|p2a: Cherrim|Toxic|p1b: Kommo-o\n|-status|p1b: Kommo-o|tox\n|move|p1a: Farigiraf|Psyshock|p2a: Cherrim\n|-damage|p2a: Cherrim|3\/100\n|move|p2b: Centiskorch|Crunch|p1a: Farigiraf\n|-supereffective|p1a: Farigiraf\n|-damage|p1a: Farigiraf|25\/100\n|-unboost|p1a: Farigiraf|def|1\n|-enditem|p1a: Farigiraf|Sitrus Berry|[eat]\n|-heal|p1a: Farigiraf|50\/100|[from] item: Sitrus Berry\n|\n|-weather|SunnyDay|[upkeep]\n|-damage|p1b: Kommo-o|94\/100 tox|[from] psn\n|upkeep\n|turn|5\n|inactive|Empress_Anna has 270 seconds left.\n|c|\u2606Empress_Anna|suprised i havent seen it yet\n|inactive|Sakura the blossom has 270 seconds left.\n|c|\u2606Sakura the blossom|I run a physical\n|\n|t:|1697409244\n|move|p1b: Kommo-o|Dragon Claw|p2b: Centiskorch\n|-damage|p2b: Centiskorch|37\/100\n|move|p2a: Cherrim|Leech Seed|p1b: Kommo-o\n|-start|p1b: Kommo-o|move: Leech Seed\n|move|p1a: Farigiraf|Dazzling Gleam|p2a: Cherrim|[spread] p2a,p2b\n|-resisted|p2b: Centiskorch\n|-damage|p2a: Cherrim|0 fnt\n|-damage|p2b: Centiskorch|34\/100\n|faint|p2a: Cherrim\n|move|p2b: Centiskorch|Crunch|p1a: Farigiraf\n|-supereffective|p1a: Farigiraf\n|-damage|p1a: Farigiraf|0 fnt\n|faint|p1a: Farigiraf\n|\n|-weather|SunnyDay|[upkeep]\n|-damage|p1b: Kommo-o|82\/100 tox|[from] psn\n|upkeep\n|inactive|Empress_Anna has 270 seconds left.\n|c|\u2606Empress_Anna|fairs\n|\n|t:|1697409263\n|switch|p2a: Raichu|Raichu-Alola, M|100\/100\n|switch|p1a: Gardevoir|Gardevoir, F|100\/100\n|-ability|p1a: Gardevoir|Flame Body|[from] ability: Trace|[of] p2b: Centiskorch\n|turn|6\n|\n|t:|1697409282\n|switch|p2a: Pincurchin|Pincurchin, M|100\/100\n|-fieldstart|move: Electric Terrain|[from] ability: Electric Surge|[of] p2a: Pincurchin\n|detailschange|p1a: Gardevoir|Gardevoir-Mega, F\n|-mega|p1a: Gardevoir|Gardevoir|Gardevoirite\n|move|p1b: Kommo-o|Drain Punch|p2b: Centiskorch\n|-resisted|p2b: Centiskorch\n|-damage|p2b: Centiskorch|3\/100\n|-heal|p1b: Kommo-o|99\/100 tox|[from] drain|[of] p2b: Centiskorch\n|move|p1a: Gardevoir|Hyper Voice|p2a: Pincurchin|[spread] p2a,p2b\n|-resisted|p2b: Centiskorch\n|-crit|p2b: Centiskorch\n|-damage|p2a: Pincurchin|37\/100\n|-damage|p2b: Centiskorch|0 fnt\n|faint|p2b: Centiskorch\n|\n|-weather|SunnyDay|[upkeep]\n|-damage|p1b: Kommo-o|88\/100 tox|[from] Leech Seed|[of] p2a: Pincurchin\n|-heal|p2a: Pincurchin|53\/100|[silent]\n|-damage|p1b: Kommo-o|69\/100 tox|[from] psn\n|upkeep\n|inactive|Empress_Anna has 270 seconds left.\n|\n|t:|1697409299\n|switch|p2b: Raichu|Raichu-Alola, M|100\/100\n|turn|7\n|c|\u2606Sakura the blossom|Huh expected raichu to stay out\n|c|\u2606Empress_Anna|i was expecting indeedee to come in\n|inactive|Empress_Anna has 270 seconds left.\n|\n|t:|1697409337\n|switch|p1a: Indeedee|Indeedee-F, F|100\/100\n|-fieldstart|move: Psychic Terrain|[from] ability: Psychic Surge|[of] p1a: Indeedee\n|-enditem|p1a: Indeedee|Psychic Seed\n|-boost|p1a: Indeedee|spd|1|[from] item: Psychic Seed\n|move|p1b: Kommo-o|Drain Punch|p2a: Pincurchin\n|-damage|p2a: Pincurchin|0 fnt\n|-heal|p1b: Kommo-o|91\/100 tox|[from] drain|[of] p2a: Pincurchin\n|faint|p2a: Pincurchin\n|move|p2b: Raichu|Draining Kiss|p1b: Kommo-o\n|-supereffective|p1b: Kommo-o\n|-enditem|p1b: Kommo-o|Roseli Berry|[eat]\n|-enditem|p1b: Kommo-o|Roseli Berry|[weaken]\n|-damage|p1b: Kommo-o|62\/100 tox\n|-damage|p2b: Raichu|91\/100|[from] item: Life Orb\n|\n|-weather|SunnyDay|[upkeep]\n|-damage|p1b: Kommo-o|37\/100 tox|[from] psn\n|upkeep\n|c|\u2606Sakura the blossom|The mind games be real\n|\n|t:|1697409353\n|switch|p2a: Manectric|Manectric, F, shiny|100\/100\n|turn|8\n|inactive|Empress_Anna has 270 seconds left.\n|\n|t:|1697409370\n|detailschange|p2a: Manectric|Manectric-Mega, F, shiny\n|-mega|p2a: Manectric|Manectric|Manectite\n|-ability|p2a: Manectric|Intimidate|boost\n|-unboost|p1a: Indeedee|atk|1\n|-unboost|p1b: Kommo-o|atk|1\n|move|p1b: Kommo-o|Drain Punch|p2a: Manectric\n|-damage|p2a: Manectric|47\/100\n|-heal|p1b: Kommo-o|63\/100 tox|[from] drain|[of] p2a: Manectric\n|move|p2a: Manectric|Hyper Voice|p1a: Indeedee|[spread] p1a\n|-immune|p1b: Kommo-o|[from] ability: Soundproof\n|-damage|p1a: Indeedee|84\/100\n|move|p2b: Raichu|Draining Kiss|p1b: Kommo-o\n|-supereffective|p1b: Kommo-o\n|-damage|p1b: Kommo-o|9\/100 tox\n|-heal|p2b: Raichu|100\/100|[from] drain|[of] p1b: Kommo-o\n|-damage|p2b: Raichu|91\/100|[from] item: Life Orb\n|move|p1a: Indeedee|Dazzling Gleam|p2b: Raichu|[spread] p2a,p2b\n|-damage|p2a: Manectric|29\/100\n|-damage|p2b: Raichu|70\/100\n|\n|-weather|none\n|-damage|p1b: Kommo-o|0 fnt|[from] Leech Seed|[of] p2a: Manectric\n|-heal|p2a: Manectric|38\/100|[silent]\n|faint|p1b: Kommo-o\n|upkeep\n|\n|t:|1697409394\n|switch|p1b: Gardevoir|Gardevoir-Mega, F|100\/100\n|turn|9\n|c|\u2606Empress_Anna|not good for me\n|c|\u2606Sakura the blossom|This will be close\n|inactive|Empress_Anna has 270 seconds left.\n|\n|t:|1697409415\n|move|p1a: Indeedee|Follow Me|p1a: Indeedee\n|-singleturn|p1a: Indeedee|move: Follow Me\n|move|p2a: Manectric|Rising Voltage|p1a: Indeedee\n|-damage|p1a: Indeedee|58\/100\n|move|p2b: Raichu|Rising Voltage|p1a: Indeedee\n|-damage|p1a: Indeedee|33\/100\n|-damage|p2b: Raichu|60\/100|[from] item: Life Orb\n|move|p1b: Gardevoir|Hyper Voice|p2a: Manectric|[spread] p2a,p2b\n|-damage|p2a: Manectric|0 fnt\n|-damage|p2b: Raichu|0 fnt\n|faint|p2a: Manectric\n|faint|p2b: Raichu\n|\n|win|Sakura the blossom\n|c|\u2606Empress_Anna|ggs\n|c|\u2606Empress_Anna|almost\n|c|\u2606Sakura the blossom|Ggs wp\n|c|\u2606Empress_Anna|u tu\n|c|\u2606Sakura the blossom|Proud you got so far\n|c|\u2606Empress_Anna|thx!\n","uploadtime":1697409441,"views":5,"p1id":"sakuratheblossom","p2id":"empressanna","formatid":"gen9nationaldexdoubles","rating":0,"private":0,"password":""}