{"id":"gen9nationaldexdoubles-1960657476","p1":"wolfwere","p2":"Danomatic132","format":"[Gen 9] National Dex Doubles","log":"|j|\u2606wolfwere\n|j|\u2606Danomatic132\n|t:|1696543105\n|gametype|doubles\n|player|p1|wolfwere|chuck|\n|player|p2|Danomatic132|steven-masters2|\n|teamsize|p1|6\n|teamsize|p2|6\n|gen|9\n|tier|[Gen 9] National Dex Doubles\n|rule|HP Percentage Mod: HP is shown in percentages\n|rule|Endless Battle Clause: Forcing endless battles is banned\n|rule|OHKO Clause: OHKO moves are banned\n|rule|Evasion Moves Clause: Evasion moves are banned\n|rule|Evasion Abilities Clause: Evasion abilities are banned\n|rule|Species Clause: Limit one of each Pok\u00e9mon\n|rule|Gravity Sleep Clause: The combination of sleep-inducing moves with imperfect accuracy and Gravity or Gigantamax Orbeetle are banned\n|clearpoke\n|poke|p1|Ninetales-Alola, M|\n|poke|p1|Baxcalibur, M|\n|poke|p1|Amoonguss, M|\n|poke|p1|Okidogi, M|\n|poke|p1|Farigiraf, M|\n|poke|p1|Chi-Yu|\n|poke|p2|Ursaluna, M|\n|poke|p2|Amoonguss, F|\n|poke|p2|Ninetales-Alola, F|\n|poke|p2|Tyranitar, F|\n|poke|p2|Armarouge, F|\n|poke|p2|Indeedee-F, F|\n|teampreview\n|j| cr46290\n|\n|t:|1696543176\n|start\n|switch|p1a: Farigiraf|Farigiraf, M|100\/100\n|switch|p1b: Ninetales|Ninetales-Alola, M|100\/100\n|switch|p2a: Armarouge|Armarouge, F|100\/100\n|switch|p2b: Tyranitar|Tyranitar, F|100\/100\n|-weather|Snow|[from] ability: Snow Warning|[of] p1b: Ninetales\n|-weather|Sandstorm|[from] ability: Sand Stream|[of] p2b: Tyranitar\n|turn|1\n|c|\u2606Danomatic132|Do you mind if I set timer cause I have an hour?\n|c|\u2606wolfwere|yeah it's alright\n|inactive|Battle timer is ON: inactive players will automatically lose when time's up. (requested by Danomatic132)\n|\n|t:|1696543207\n|switch|p1b: Amoonguss|Amoonguss, M|100\/100\n|detailschange|p2b: Tyranitar|Tyranitar-Mega, F\n|-mega|p2b: Tyranitar|Tyranitar|Tyranitarite\n|move|p1a: Farigiraf|Imprison|p1a: Farigiraf\n|-start|p1a: Farigiraf|move: Imprison\n|move|p2b: Tyranitar|Curse|p2b: Tyranitar\n|-unboost|p2b: Tyranitar|spe|1\n|-boost|p2b: Tyranitar|atk|1\n|-boost|p2b: Tyranitar|def|1\n|cant|p2a: Armarouge|move: Imprison|Trick Room\n|\n|-weather|Sandstorm|[upkeep]\n|-damage|p1a: Farigiraf|94\/100|[from] Sandstorm\n|-damage|p2a: Armarouge|94\/100|[from] Sandstorm\n|-damage|p1b: Amoonguss|94\/100|[from] Sandstorm\n|upkeep\n|turn|2\n|\n|t:|1696543226\n|switch|p1a: Ninetales|Ninetales-Alola, M|100\/100\n|-weather|Snow|[from] ability: Snow Warning|[of] p1a: Ninetales\n|move|p2a: Armarouge|Expanding Force|p1b: Amoonguss\n|-supereffective|p1b: Amoonguss\n|-damage|p1b: Amoonguss|24\/100\n|move|p2b: Tyranitar|Crunch|p1a: Ninetales\n|-resisted|p1a: Ninetales\n|-damage|p1a: Ninetales|66\/100\n|move|p1b: Amoonguss|Spore|p2b: Tyranitar\n|-status|p2b: Tyranitar|slp|[from] move: Spore\n|\n|-weather|Snow|[upkeep]\n|upkeep\n|turn|3\n|\n|t:|1696543248\n|switch|p2b: Indeedee|Indeedee-F, F|100\/100\n|-fieldstart|move: Psychic Terrain|[from] ability: Psychic Surge|[of] p2b: Indeedee\n|switch|p1b: Farigiraf|Farigiraf, M|94\/100\n|move|p1a: Ninetales|Aurora Veil|p1a: Ninetales\n|-sidestart|p1: wolfwere|move: Aurora Veil\n|move|p2a: Armarouge|Expanding Force|p1a: Ninetales|[spread] p1a,p1b\n|-resisted|p1b: Farigiraf\n|-damage|p1a: Ninetales|27\/100\n|-damage|p1b: Farigiraf|71\/100\n|\n|-weather|Snow|[upkeep]\n|upkeep\n|turn|4\n|j| seta0052\n|\n|t:|1696543271\n|switch|p1a: Baxcalibur|Baxcalibur, M|100\/100\n|switch|p2b: Tyranitar|Tyranitar-Mega, F|100\/100 slp\n|-weather|Sandstorm|[from] ability: Sand Stream|[of] p2b: Tyranitar\n|move|p1b: Farigiraf|Imprison|p1b: Farigiraf\n|-start|p1b: Farigiraf|move: Imprison\n|move|p2a: Armarouge|Expanding Force|p1b: Farigiraf|[spread] p1a,p1b\n|-resisted|p1b: Farigiraf\n|-damage|p1a: Baxcalibur|55\/100\n|-damage|p1b: Farigiraf|49\/100\n|-enditem|p1b: Farigiraf|Sitrus Berry|[eat]\n|-heal|p1b: Farigiraf|74\/100|[from] item: Sitrus Berry\n|\n|-weather|Sandstorm|[upkeep]\n|-damage|p1a: Baxcalibur|49\/100|[from] Sandstorm\n|-damage|p1b: Farigiraf|67\/100|[from] Sandstorm\n|-damage|p2a: Armarouge|88\/100|[from] Sandstorm\n|upkeep\n|turn|5\n|\n|t:|1696543299\n|switch|p2b: Indeedee|Indeedee-F, F|100\/100\n|move|p1a: Baxcalibur|Icicle Crash|p2a: Armarouge\n|-resisted|p2a: Armarouge\n|-damage|p2a: Armarouge|65\/100\n|move|p1b: Farigiraf|Hyper Voice|p2a: Armarouge|[spread] p2a,p2b\n|-damage|p2a: Armarouge|24\/100\n|-damage|p2b: Indeedee|71\/100\n|move|p2a: Armarouge|Will-O-Wisp|p1a: Baxcalibur\n|-immune|p1a: Baxcalibur|[from] ability: Thermal Exchange\n|\n|-weather|Sandstorm|[upkeep]\n|-damage|p1a: Baxcalibur|43\/100|[from] Sandstorm\n|-damage|p1b: Farigiraf|61\/100|[from] Sandstorm\n|-damage|p2b: Indeedee|65\/100|[from] Sandstorm\n|-damage|p2a: Armarouge|18\/100|[from] Sandstorm\n|upkeep\n|turn|6\n|inactive|Danomatic132 has 270 seconds left.\n|\n|t:|1696543329\n|switch|p2a: Tyranitar|Tyranitar-Mega, F|100\/100 slp\n|move|p1a: Baxcalibur|Scale Shot|p2a: Tyranitar\n|-damage|p2a: Tyranitar|91\/100 slp\n|-damage|p2a: Tyranitar|81\/100 slp\n|-damage|p2a: Tyranitar|71\/100 slp\n|-damage|p2a: Tyranitar|61\/100 slp\n|-hitcount|p2a: Tyranitar|4\n|-unboost|p1a: Baxcalibur|def|1\n|-boost|p1a: Baxcalibur|spe|1\n|move|p1b: Farigiraf|Hyper Voice|p2b: Indeedee|[spread] p2a,p2b\n|-resisted|p2a: Tyranitar\n|-damage|p2a: Tyranitar|52\/100 slp\n|-damage|p2b: Indeedee|32\/100\n|move|p2b: Indeedee|Expanding Force|p1a: Baxcalibur|[spread] p1a,p1b\n|-resisted|p1b: Farigiraf\n|-damage|p1a: Baxcalibur|8\/100\n|-damage|p1b: Farigiraf|40\/100\n|\n|-weather|Sandstorm|[upkeep]\n|-damage|p1a: Baxcalibur|2\/100|[from] Sandstorm\n|-damage|p1b: Farigiraf|34\/100|[from] Sandstorm\n|-damage|p2b: Indeedee|26\/100|[from] Sandstorm\n|upkeep\n|turn|7\n|\n|t:|1696543352\n|switch|p1b: Ninetales|Ninetales-Alola, M|27\/100\n|-weather|Snow|[from] ability: Snow Warning|[of] p1b: Ninetales\n|move|p1a: Baxcalibur|Icicle Crash|p2a: Tyranitar\n|-damage|p2a: Tyranitar|18\/100 slp\n|move|p2b: Indeedee|Expanding Force|p1b: Ninetales|[spread] p1a,p1b\n|-damage|p1a: Baxcalibur|0 fnt\n|-damage|p1b: Ninetales|0 fnt\n|faint|p1a: Baxcalibur\n|faint|p1b: Ninetales\n|cant|p2a: Tyranitar|slp\n|\n|-weather|Snow|[upkeep]\n|upkeep\n|\n|t:|1696543365\n|switch|p1b: Okidogi|Okidogi, M|100\/100\n|switch|p1a: Chi-Yu|Chi-Yu|100\/100\n|-ability|p1a: Chi-Yu|Beads of Ruin\n|turn|8\n|\n|t:|1696543390\n|switch|p2a: Armarouge|Armarouge, F|18\/100\n|-terastallize|p1b: Okidogi|Grass\n|move|p1a: Chi-Yu|Dark Pulse|p2b: Indeedee\n|-supereffective|p2b: Indeedee\n|-damage|p2b: Indeedee|0 fnt\n|faint|p2b: Indeedee\n|move|p1b: Okidogi|Bulk Up|p1b: Okidogi\n|-boost|p1b: Okidogi|atk|1\n|-boost|p1b: Okidogi|def|1\n|\n|-weather|Snow|[upkeep]\n|upkeep\n|inactive|Danomatic132 has 270 seconds left.\n|\n|t:|1696543409\n|switch|p2b: Ninetales|Ninetales-Alola, F|100\/100\n|turn|9\n|\n|t:|1696543427\n|switch|p1a: Amoonguss|Amoonguss, M|58\/100\n|move|p2b: Ninetales|Aurora Veil|p2b: Ninetales\n|-sidestart|p2: Danomatic132|move: Aurora Veil\n|move|p1b: Okidogi|Drain Punch|p2a: Armarouge\n|-resisted|p2a: Armarouge\n|-crit|p2a: Armarouge\n|-damage|p2a: Armarouge|0 fnt\n|faint|p2a: Armarouge\n|\n|-weather|Snow|[upkeep]\n|upkeep\n|\n|t:|1696543444\n|switch|p2a: Amoonguss|Amoonguss, F|100\/100\n|turn|10\n|\n|t:|1696543454\n|-terastallize|p2b: Ninetales|Ice\n|move|p2b: Ninetales|Blizzard|p1a: Amoonguss|[spread] p1a,p1b\n|-supereffective|p1a: Amoonguss\n|-supereffective|p1b: Okidogi\n|-damage|p1a: Amoonguss|15\/100\n|-damage|p1b: Okidogi|38\/100\n|move|p1b: Okidogi|Poison Jab|p2b: Ninetales\n|-damage|p2b: Ninetales|54\/100\n|-status|p2b: Ninetales|psn\n|move|p2a: Amoonguss|Sludge Bomb|p1b: Okidogi\n|-supereffective|p1b: Okidogi\n|-damage|p1b: Okidogi|1\/100\n|move|p1a: Amoonguss|Body Slam|p2a: Amoonguss\n|-damage|p2a: Amoonguss|91\/100\n|\n|-weather|Snow|[upkeep]\n|-heal|p1b: Okidogi|7\/100|[from] item: Leftovers\n|-heal|p2a: Amoonguss|97\/100|[from] item: Black Sludge\n|-damage|p2b: Ninetales|42\/100 psn|[from] psn\n|-sideend|p1: wolfwere|move: Aurora Veil\n|-fieldend|move: Psychic Terrain\n|upkeep\n|turn|11\n|inactive|wolfwere has 270 seconds left.\n|\n|t:|1696543486\n|switch|p1b: Farigiraf|Farigiraf, M|34\/100\n|switch|p1a: Chi-Yu|Chi-Yu|100\/100\n|-ability|p1a: Chi-Yu|Beads of Ruin\n|move|p2b: Ninetales|Blizzard|p1b: Farigiraf|[spread] p1a,p1b\n|-resisted|p1a: Chi-Yu\n|-damage|p1a: Chi-Yu|77\/100\n|-damage|p1b: Farigiraf|0 fnt\n|faint|p1b: Farigiraf\n|move|p2a: Amoonguss|Pollen Puff|p2b: Ninetales\n|-heal|p2b: Ninetales|91\/100 psn\n|\n|-weather|none\n|-heal|p2a: Amoonguss|100\/100|[from] item: Black Sludge\n|-damage|p2b: Ninetales|79\/100 psn|[from] psn\n|upkeep\n|inactive|wolfwere has 270 seconds left.\n|\n|t:|1696543503\n|switch|p1b: Amoonguss|Amoonguss, M|48\/100\n|turn|12\n|inactive|wolfwere has 270 seconds left.\n|inactive|Danomatic132 has 270 seconds left.\n|\n|t:|1696543534\n|switch|p2b: Tyranitar|Tyranitar-Mega, F|18\/100 slp\n|-weather|Sandstorm|[from] ability: Sand Stream|[of] p2b: Tyranitar\n|move|p1a: Chi-Yu|Heat Wave|p2a: Amoonguss|[spread] p2b\n|-miss|p1a: Chi-Yu|p2a: Amoonguss\n|-resisted|p2b: Tyranitar\n|-damage|p2b: Tyranitar|5\/100 slp\n|move|p2a: Amoonguss|Spore|p1a: Chi-Yu\n|-status|p1a: Chi-Yu|slp|[from] move: Spore\n|move|p1b: Amoonguss|Spore|p2b: Tyranitar\n|-fail|p2b: Tyranitar|slp\n|\n|-weather|Sandstorm|[upkeep]\n|-damage|p1a: Chi-Yu|71\/100 slp|[from] Sandstorm\n|-damage|p2a: Amoonguss|94\/100|[from] Sandstorm\n|-damage|p1b: Amoonguss|42\/100|[from] Sandstorm\n|-heal|p2a: Amoonguss|100\/100|[from] item: Black Sludge\n|upkeep\n|turn|13\n|j| caeden0330\n|\n|t:|1696543558\n|cant|p1a: Chi-Yu|slp\n|cant|p2b: Tyranitar|slp\n|move|p2a: Amoonguss|Pollen Puff|p2b: Tyranitar\n|-heal|p2b: Tyranitar|55\/100 slp\n|move|p1b: Amoonguss|Body Slam|p2a: Amoonguss\n|-damage|p2a: Amoonguss|91\/100\n|\n|-weather|Sandstorm|[upkeep]\n|-damage|p1a: Chi-Yu|65\/100 slp|[from] Sandstorm\n|-damage|p2a: Amoonguss|85\/100|[from] Sandstorm\n|-damage|p1b: Amoonguss|36\/100|[from] Sandstorm\n|-heal|p2a: Amoonguss|91\/100|[from] item: Black Sludge\n|upkeep\n|turn|14\n|\n|t:|1696543574\n|-curestatus|p1a: Chi-Yu|slp|[msg]\n|move|p1a: Chi-Yu|Heat Wave|p2a: Amoonguss|[spread] p2a,p2b\n|-supereffective|p2a: Amoonguss\n|-resisted|p2b: Tyranitar\n|-damage|p2a: Amoonguss|0 fnt\n|-damage|p2b: Tyranitar|43\/100 slp\n|faint|p2a: Amoonguss\n|-curestatus|p2b: Tyranitar|slp|[msg]\n|move|p2b: Tyranitar|Rock Slide|p1b: Amoonguss|[spread] p1a\n|-miss|p2b: Tyranitar|p1b: Amoonguss\n|-supereffective|p1a: Chi-Yu\n|-damage|p1a: Chi-Yu|0 fnt\n|faint|p1a: Chi-Yu\n|move|p1b: Amoonguss|Body Slam|p2b: Tyranitar\n|-resisted|p2b: Tyranitar\n|-damage|p2b: Tyranitar|40\/100\n|\n|-weather|Sandstorm|[upkeep]\n|-damage|p1b: Amoonguss|30\/100|[from] Sandstorm\n|upkeep\n|\n|t:|1696543590\n|switch|p1a: Okidogi|Okidogi, M, tera:Grass|7\/100\n|switch|p2a: Ninetales|Ninetales-Alola, F, tera:Ice|79\/100 psn\n|-weather|Snow|[from] ability: Snow Warning|[of] p2a: Ninetales\n|turn|15\n|\n|t:|1696543615\n|move|p1b: Amoonguss|Rage Powder|p1b: Amoonguss\n|-singleturn|p1b: Amoonguss|move: Rage Powder\n|move|p2a: Ninetales|Blizzard|p1b: Amoonguss|[spread] p1a,p1b\n|-supereffective|p1a: Okidogi\n|-supereffective|p1b: Amoonguss\n|-damage|p1a: Okidogi|0 fnt\n|-damage|p1b: Amoonguss|0 fnt\n|faint|p1a: Okidogi\n|faint|p1b: Amoonguss\n|\n|win|Danomatic132\n|l|\u2606wolfwere\n|l| caeden0330\n|l| seta0052\n","uploadtime":1696544013,"views":10,"p1id":"wolfwere","p2id":"danomatic132","formatid":"gen9nationaldexdoubles","rating":0,"private":0,"password":""}