{"id":"gen9nationaldexdoubles-1958575647","p1":"nombre epico.jpg","p2":"opaldrream","format":"[Gen 9] National Dex Doubles","log":"|j|\u2606nombre epico.jpg\n|j|\u2606opaldrream\n|t:|1696342213\n|gametype|doubles\n|player|p1|nombre epico.jpg|shauntal|1217\n|player|p2|opaldrream|calem-masters|1049\n|teamsize|p1|6\n|teamsize|p2|6\n|gen|9\n|tier|[Gen 9] National Dex Doubles\n|rated|\n|rule|HP Percentage Mod: HP is shown in percentages\n|rule|Endless Battle Clause: Forcing endless battles is banned\n|rule|OHKO Clause: OHKO moves are banned\n|rule|Evasion Moves Clause: Evasion moves are banned\n|rule|Evasion Abilities Clause: Evasion abilities are banned\n|rule|Species Clause: Limit one of each Pok\u00e9mon\n|rule|Gravity Sleep Clause: The combination of sleep-inducing moves with imperfect accuracy and Gravity or Gigantamax Orbeetle are banned\n|clearpoke\n|poke|p1|Weavile, F|\n|poke|p1|Ribombee, F|\n|poke|p1|Dragonite, M|\n|poke|p1|Gliscor, M|\n|poke|p1|Metagross|\n|poke|p1|Manaphy|\n|poke|p2|Gholdengo|\n|poke|p2|Emboar, M|\n|poke|p2|Mudsdale, M|\n|poke|p2|Klawf, F|\n|poke|p2|Alakazam, M|\n|poke|p2|Starmie|\n|teampreview\n|\n|t:|1696342230\n|start\n|switch|p1a: Weavile|Weavile, F|100\/100\n|switch|p1b: Ribombee|Ribombee, F, shiny|100\/100\n|switch|p2a: Gholdengo|Gholdengo|100\/100\n|switch|p2b: Alakazam|Alakazam, M|100\/100\n|-ability|p1a: Weavile|Pressure\n|-item|p2a: Gholdengo|Air Balloon\n|turn|1\n|inactive|Battle timer is ON: inactive players will automatically lose when time's up. (requested by opaldrream)\n|\n|t:|1696342251\n|move|p2a: Gholdengo|Protect|p2a: Gholdengo\n|-singleturn|p2a: Gholdengo|Protect\n|move|p1a: Weavile|Night Slash|p2a: Gholdengo\n|-activate|p2a: Gholdengo|move: Protect\n|move|p1b: Ribombee|Light Screen|p1b: Ribombee\n|-sidestart|p1: nombre epico.jpg|move: Light Screen\n|move|p2b: Alakazam|Thunder Wave|p1b: Ribombee\n|-status|p1b: Ribombee|par\n|\n|upkeep\n|turn|2\n|\n|t:|1696342269\n|-terastallize|p2a: Gholdengo|Fairy\n|move|p1a: Weavile|Night Slash|p2b: Alakazam\n|-supereffective|p2b: Alakazam\n|-damage|p2b: Alakazam|8\/100\n|move|p2a: Gholdengo|Nasty Plot|p2a: Gholdengo\n|-boost|p2a: Gholdengo|spa|2\n|move|p2b: Alakazam|Disable|p1a: Weavile\n|-start|p1a: Weavile|Disable|Night Slash\n|move|p1b: Ribombee|Light Screen||[still]\n|-fail|p1b: Ribombee\n|\n|upkeep\n|turn|3\n|\n|t:|1696342285\n|move|p1a: Weavile|Ice Shard|p2b: Alakazam\n|-damage|p2b: Alakazam|0 fnt\n|faint|p2b: Alakazam\n|move|p2a: Gholdengo|Make It Rain|p1b: Ribombee|[spread] p1a,p1b\n|-supereffective|p1a: Weavile\n|-supereffective|p1b: Ribombee\n|-enditem|p1a: Weavile|Focus Sash\n|-damage|p1a: Weavile|1\/100\n|-damage|p1b: Ribombee|0 fnt\n|-unboost|p2a: Gholdengo|spa|1\n|faint|p1b: Ribombee\n|\n|upkeep\n|\n|t:|1696342305\n|switch|p1b: Metagross|Metagross, shiny|100\/100\n|switch|p2b: Emboar|Emboar, M, shiny|100\/100\n|turn|4\n|\n|t:|1696342319\n|detailschange|p1b: Metagross|Metagross-Mega, shiny\n|-mega|p1b: Metagross|Metagross|Metagrossite\n|move|p2a: Gholdengo|Protect|p2a: Gholdengo\n|-singleturn|p2a: Gholdengo|Protect\n|move|p1a: Weavile|Ice Shard|p2a: Gholdengo\n|-activate|p2a: Gholdengo|move: Protect\n|move|p1b: Metagross|Meteor Mash|p2a: Gholdengo\n|-activate|p2a: Gholdengo|move: Protect\n|move|p2b: Emboar|Flare Blitz|p1b: Metagross\n|-supereffective|p1b: Metagross\n|-damage|p1b: Metagross|2\/100\n|-damage|p2b: Emboar|77\/100|[from] Recoil\n|\n|upkeep\n|turn|5\n|\n|t:|1696342337\n|move|p2b: Emboar|Protect|p2b: Emboar\n|-singleturn|p2b: Emboar|Protect\n|move|p1a: Weavile|Triple Axel|p2a: Gholdengo\n|-damage|p2a: Gholdengo|89\/100\n|-enditem|p2a: Gholdengo|Air Balloon\n|-damage|p2a: Gholdengo|64\/100\n|-damage|p2a: Gholdengo|29\/100\n|-hitcount|p2a: Gholdengo|3\n|move|p2a: Gholdengo|Dazzling Gleam|p1b: Metagross|[spread] p1a,p1b\n|-supereffective|p1a: Weavile\n|-resisted|p1b: Metagross\n|-damage|p1a: Weavile|0 fnt\n|-damage|p1b: Metagross|0 fnt\n|faint|p1a: Weavile\n|faint|p1b: Metagross\n|\n|upkeep\n|\n|t:|1696342353\n|switch|p1a: Gliscor|Gliscor, M, shiny|100\/100\n|switch|p1b: Dragonite|Dragonite, M|100\/100\n|turn|6\n|\n|t:|1696342363\n|move|p2a: Gholdengo|Protect|p2a: Gholdengo\n|-singleturn|p2a: Gholdengo|Protect\n|move|p1b: Dragonite|Extreme Speed|p2a: Gholdengo\n|-activate|p2a: Gholdengo|move: Protect\n|move|p1a: Gliscor|Earthquake|p2a: Gholdengo|[spread] p2b\n|-activate|p2a: Gholdengo|move: Protect\n|-immune|p1b: Dragonite\n|-supereffective|p2b: Emboar\n|-damage|p2b: Emboar|6\/100\n|move|p2b: Emboar|Body Slam|p1a: Gliscor\n|-damage|p1a: Gliscor|74\/100\n|\n|-status|p1a: Gliscor|tox|[from] item: Toxic Orb\n|upkeep\n|turn|7\n|\n|t:|1696342391\n|move|p1b: Dragonite|Extreme Speed|p2a: Gholdengo\n|-damage|p2a: Gholdengo|0 fnt\n|faint|p2a: Gholdengo\n|move|p1a: Gliscor|Earthquake|p2b: Emboar|[spread] p2b\n|-immune|p1b: Dragonite\n|-supereffective|p2b: Emboar\n|-damage|p2b: Emboar|0 fnt\n|faint|p2b: Emboar\n|\n|-heal|p1a: Gliscor|86\/100 tox|[from] ability: Poison Heal\n|upkeep\n|inactive|opaldrream has 120 seconds left.\n|\n|t:|1696342410\n|switch|p2a: Starmie|Starmie|100\/100\n|switch|p2b: Klawf|Klawf, F|100\/100\n|turn|8\n|\n|t:|1696342421\n|move|p1a: Gliscor|Protect|p1a: Gliscor\n|-singleturn|p1a: Gliscor|Protect\n|move|p1b: Dragonite|Extreme Speed|p2a: Starmie\n|-crit|p2a: Starmie\n|-damage|p2a: Starmie|52\/100\n|move|p2a: Starmie|Blizzard|p1b: Dragonite|[spread] \n|-activate|p1a: Gliscor|move: Protect\n|-miss|p2a: Starmie|p1b: Dragonite\n|move|p2b: Klawf|Substitute|p2b: Klawf\n|-start|p2b: Klawf|Substitute\n|-damage|p2b: Klawf|75\/100\n|\n|-heal|p2b: Klawf|82\/100|[from] item: Leftovers\n|-heal|p1a: Gliscor|98\/100 tox|[from] ability: Poison Heal\n|-sideend|p1: nombre epico.jpg|move: Light Screen\n|upkeep\n|turn|9\n|\n|t:|1696342442\n|switch|p1a: Manaphy|Manaphy, shiny|100\/100\n|move|p2a: Starmie|Blizzard|p1b: Dragonite|[spread] p1a,p1b\n|-resisted|p1a: Manaphy\n|-supereffective|p1b: Dragonite\n|-damage|p1a: Manaphy|89\/100\n|-damage|p1b: Dragonite|52\/100\n|-enditem|p1b: Dragonite|Weakness Policy\n|-boost|p1b: Dragonite|atk|2|[from] item: Weakness Policy\n|-boost|p1b: Dragonite|spa|2|[from] item: Weakness Policy\n|move|p1b: Dragonite|Dual Wingbeat|p2a: Starmie\n|-damage|p2a: Starmie|0 fnt\n|faint|p2a: Starmie\n|-hitcount|p2: Starmie|1\n|move|p2b: Klawf|Knock Off|p1b: Dragonite\n|-damage|p1b: Dragonite|38\/100\n|\n|-heal|p2b: Klawf|88\/100|[from] item: Leftovers\n|upkeep\n|inactive|opaldrream has 120 seconds left.\n|\n|t:|1696342461\n|switch|p2a: Mudsdale|Mudsdale, M|100\/100\n|turn|10\n|\n|t:|1696342468\n|move|p2b: Klawf|Helping Hand|p2a: Mudsdale\n|-singleturn|p2a: Mudsdale|Helping Hand|[of] p2b: Klawf\n|move|p1a: Manaphy|Scald|p2a: Mudsdale\n|-supereffective|p2a: Mudsdale\n|-damage|p2a: Mudsdale|50\/100\n|-ability|p2a: Mudsdale|Stamina|boost\n|-boost|p2a: Mudsdale|def|1\n|move|p1b: Dragonite|Dual Wingbeat|p2b: Klawf\n|-resisted|p2b: Klawf\n|-activate|p2b: Klawf|move: Substitute|[damage]\n|-resisted|p2b: Klawf\n|-end|p2b: Klawf|Substitute\n|-hitcount|p2b: Klawf|2\n|move|p2a: Mudsdale|Rock Slide|p1a: Manaphy|[spread] p1a,p1b\n|-supereffective|p1b: Dragonite\n|-damage|p1a: Manaphy|61\/100\n|-damage|p1b: Dragonite|0 fnt\n|faint|p1b: Dragonite\n|\n|-heal|p2b: Klawf|94\/100|[from] item: Leftovers\n|upkeep\n|\n|t:|1696342488\n|switch|p1b: Gliscor|Gliscor, M, shiny|98\/100 tox\n|turn|11\n|\n|t:|1696342507\n|move|p2b: Klawf|Helping Hand|p2a: Mudsdale\n|-singleturn|p2a: Mudsdale|Helping Hand|[of] p2b: Klawf\n|move|p1a: Manaphy|Scald|p2a: Mudsdale\n|-supereffective|p2a: Mudsdale\n|-damage|p2a: Mudsdale|0 fnt\n|faint|p2a: Mudsdale\n|move|p1b: Gliscor|Dual Wingbeat|p2b: Klawf\n|-resisted|p2b: Klawf\n|-damage|p2b: Klawf|87\/100\n|-resisted|p2b: Klawf\n|-damage|p2b: Klawf|80\/100\n|-hitcount|p2b: Klawf|2\n|\n|-heal|p2b: Klawf|86\/100|[from] item: Leftovers\n|-heal|p1b: Gliscor|100\/100 tox|[from] ability: Poison Heal\n|upkeep\n|turn|12\n|-message|opaldrream forfeited.\n|\n|win|nombre epico.jpg\n|raw|nombre epico.jpg's rating: 1217 &rarr; <strong>1231<\/strong><br \/>(+14 for winning)\n|raw|opaldrream's rating: 1049 &rarr; <strong>1039<\/strong><br \/>(-10 for losing)\n|l|\u2606opaldrream\n","uploadtime":1696342530,"views":9,"p1id":"nombreepicojpg","p2id":"opaldrream","formatid":"gen9nationaldexdoubles","rating":1039,"private":0,"password":""}