{"id":"gen9nationaldexdoubles-1968461204","p1":"winlike","p2":"Lil barnacle Boi","format":"[Gen 9] National Dex Doubles","log":"|j|\u2606winlike\n|j|\u2606Lil barnacle Boi\n|t:|1697421030\n|gametype|doubles\n|player|p1|winlike|red|1508\n|player|p2|Lil barnacle Boi|li|1402\n|teamsize|p1|6\n|teamsize|p2|6\n|gen|9\n|tier|[Gen 9] National Dex Doubles\n|rated|\n|rule|HP Percentage Mod: HP is shown in percentages\n|rule|Endless Battle Clause: Forcing endless battles is banned\n|rule|OHKO Clause: OHKO moves are banned\n|rule|Evasion Moves Clause: Evasion moves are banned\n|rule|Evasion Abilities Clause: Evasion abilities are banned\n|rule|Species Clause: Limit one of each Pok\u00e9mon\n|rule|Gravity Sleep Clause: The combination of sleep-inducing moves with imperfect accuracy and Gravity or Gigantamax Orbeetle are banned\n|clearpoke\n|poke|p1|Ogerpon-Hearthflame, F|\n|poke|p1|Heatran, F|\n|poke|p1|Chien-Pao|\n|poke|p1|Dragonite, M|\n|poke|p1|Amoonguss, M|\n|poke|p1|Charizard, M|\n|poke|p2|Dusclops, F|\n|poke|p2|Ursaluna-Bloodmoon, M|\n|poke|p2|Glastrier|\n|poke|p2|Diancie|\n|poke|p2|Iron Hands|\n|poke|p2|Sinistcha|\n|teampreview\n|inactive|Battle timer is ON: inactive players will automatically lose when time's up. (requested by Lil barnacle Boi)\n|\n|t:|1697421065\n|start\n|switch|p1a: Heatran|Heatran, F|100\/100\n|switch|p1b: Amoonguss|Amoonguss, M, shiny|100\/100\n|switch|p2a: Iron Hands|Iron Hands, shiny|100\/100\n|switch|p2b: Dusclops|Dusclops, F, shiny|100\/100\n|-item|p1a: Heatran|Assault Vest|[from] ability: Frisk|[of] p2b: Dusclops|[identify]\n|-item|p1b: Amoonguss|Mental Herb|[from] ability: Frisk|[of] p2b: Dusclops|[identify]\n|turn|1\n|\n|t:|1697421085\n|-terastallize|p1a: Heatran|Grass\n|move|p2a: Iron Hands|Fake Out|p1a: Heatran\n|-crit|p1a: Heatran\n|-damage|p1a: Heatran|81\/100\n|cant|p1a: Heatran|flinch\n|move|p1b: Amoonguss|Spore|p2b: Dusclops\n|-status|p2b: Dusclops|slp|[from] move: Spore\n|cant|p2b: Dusclops|slp\n|\n|upkeep\n|turn|2\n|\n|t:|1697421114\n|move|p1a: Heatran|Magma Storm|p2b: Dusclops\n|-damage|p2b: Dusclops|68\/100 slp\n|-activate|p2b: Dusclops|move: Magma Storm|[of] p1a: Heatran\n|move|p2a: Iron Hands|Ice Punch|p1a: Heatran\n|-supereffective|p1a: Heatran\n|-damage|p1a: Heatran|28\/100\n|move|p1b: Amoonguss|Spore|p2a: Iron Hands\n|-status|p2a: Iron Hands|slp|[from] move: Spore\n|-curestatus|p2b: Dusclops|slp|[msg]\n|move|p2b: Dusclops|Trick Room|p2b: Dusclops\n|-fieldstart|move: Trick Room|[of] p2b: Dusclops\n|\n|-damage|p2b: Dusclops|56\/100|[from] move: Magma Storm|[partiallytrapped]\n|upkeep\n|turn|3\n|\n|t:|1697421133\n|move|p1b: Amoonguss|Spore|p2b: Dusclops\n|-status|p2b: Dusclops|slp|[from] move: Spore\n|cant|p2b: Dusclops|slp\n|cant|p2a: Iron Hands|slp\n|move|p1a: Heatran|Magma Storm|p2a: Iron Hands\n|-damage|p2a: Iron Hands|68\/100 slp\n|-activate|p2a: Iron Hands|move: Magma Storm|[of] p1a: Heatran\n|\n|-damage|p2b: Dusclops|44\/100 slp|[from] move: Magma Storm|[partiallytrapped]\n|-damage|p2a: Iron Hands|55\/100 slp|[from] move: Magma Storm|[partiallytrapped]\n|upkeep\n|turn|4\n|\n|t:|1697421151\n|move|p1b: Amoonguss|Pollen Puff|p1a: Heatran\n|-heal|p1a: Heatran|78\/100\n|cant|p2b: Dusclops|slp\n|-curestatus|p2a: Iron Hands|slp|[msg]\n|move|p2a: Iron Hands|Ice Punch|p1a: Heatran\n|-supereffective|p1a: Heatran\n|-damage|p1a: Heatran|24\/100\n|move|p1a: Heatran|Heat Wave|p2b: Dusclops|[spread] p2a,p2b\n|-damage|p2a: Iron Hands|31\/100\n|-damage|p2b: Dusclops|22\/100 slp\n|\n|-damage|p2b: Dusclops|10\/100 slp|[from] move: Magma Storm|[partiallytrapped]\n|-damage|p2a: Iron Hands|19\/100|[from] move: Magma Storm|[partiallytrapped]\n|upkeep\n|turn|5\n|\n|t:|1697421167\n|switch|p1a: Ogerpon|Ogerpon-Hearthflame, F|100\/100\n|-ability|p1a: Ogerpon|Mold Breaker\n|move|p1b: Amoonguss|Spore|p2a: Iron Hands\n|-status|p2a: Iron Hands|slp|[from] move: Spore\n|-curestatus|p2b: Dusclops|slp|[msg]\n|move|p2b: Dusclops|Memento|p1a: Ogerpon\n|-unboost|p1a: Ogerpon|atk|2\n|-unboost|p1a: Ogerpon|spa|2\n|faint|p2b: Dusclops\n|cant|p2a: Iron Hands|slp\n|\n|-end|p2a: Iron Hands|Magma Storm|[partiallytrapped]|[silent]\n|upkeep\n|\n|t:|1697421180\n|switch|p2b: Glastrier|Glastrier|100\/100\n|turn|6\n|\n|t:|1697421188\n|switch|p1a: Heatran|Heatran, F, tera:Grass|24\/100\n|-terastallize|p2b: Glastrier|Water\n|move|p1b: Amoonguss|Spore|p2b: Glastrier\n|-status|p2b: Glastrier|slp|[from] move: Spore\n|cant|p2b: Glastrier|slp\n|cant|p2a: Iron Hands|slp\n|\n|-fieldend|move: Trick Room\n|upkeep\n|turn|7\n|\n|t:|1697421203\n|move|p1a: Heatran|Heat Wave|p2b: Glastrier|[spread] p2a,p2b\n|-resisted|p2b: Glastrier\n|-damage|p2a: Iron Hands|0 fnt\n|-damage|p2b: Glastrier|84\/100 slp\n|faint|p2a: Iron Hands\n|-end|p2a: Iron Hands|Quark Drive|[silent]\n|-curestatus|p2b: Glastrier|slp|[msg]\n|move|p2b: Glastrier|Icicle Spear|p1b: Amoonguss\n|-supereffective|p1b: Amoonguss\n|-damage|p1b: Amoonguss|75\/100\n|-supereffective|p1b: Amoonguss\n|-damage|p1b: Amoonguss|50\/100\n|-supereffective|p1b: Amoonguss\n|-damage|p1b: Amoonguss|26\/100\n|-supereffective|p1b: Amoonguss\n|-damage|p1b: Amoonguss|2\/100\n|-hitcount|p1b: Amoonguss|4\n|move|p1b: Amoonguss|Pollen Puff|p1a: Heatran\n|-heal|p1a: Heatran|74\/100\n|\n|upkeep\n|c|\u2606winlike|\uff1f\uff1f\uff1f\n|\n|t:|1697421227\n|switch|p2a: Sinistcha|Sinistcha, shiny|100\/100\n|-heal|p2b: Glastrier|100\/100|[from] ability: Hospitality|[of] p2a: Sinistcha\n|turn|8\n|c|\u2606winlike|\u5168\u662f\u79d2\u9192\n|\n|t:|1697421253\n|switch|p1b: Ogerpon|Ogerpon-Hearthflame, F|100\/100\n|-ability|p1b: Ogerpon|Mold Breaker\n|move|p1a: Heatran|Heat Wave|p2a: Sinistcha|[spread] p2b\n|-miss|p1a: Heatran|p2a: Sinistcha\n|-resisted|p2b: Glastrier\n|-damage|p2b: Glastrier|85\/100\n|move|p2b: Glastrier|Swords Dance|p2b: Glastrier\n|-boost|p2b: Glastrier|atk|2\n|move|p2a: Sinistcha|Trick Room|p2a: Sinistcha\n|-fieldstart|move: Trick Room|[of] p2a: Sinistcha\n|\n|upkeep\n|turn|9\n|inactive|Lil barnacle Boi has 120 seconds left.\n|c|\u2606Lil barnacle Boi|\u505c\u6b62\u5411\u5b62\u5b50\u53d1\u9001\u5783\u573e\u90ae\u4ef6\n|\n|t:|1697421302\n|move|p2a: Sinistcha|Scald|p1b: Ogerpon\n|-damage|p1b: Ogerpon|66\/100\n|move|p2b: Glastrier|Icicle Spear|p1a: Heatran\n|-supereffective|p1a: Heatran\n|-damage|p1a: Heatran|34\/100\n|-supereffective|p1a: Heatran\n|-damage|p1a: Heatran|0 fnt\n|faint|p1a: Heatran\n|-ability|p2b: Glastrier|Chilling Neigh|boost\n|-boost|p2b: Glastrier|atk|1\n|-hitcount|p1: Heatran|2\n|move|p1b: Ogerpon|Horn Leech|p2b: Glastrier\n|-supereffective|p2b: Glastrier\n|-damage|p2b: Glastrier|34\/100\n|-heal|p1b: Ogerpon|99\/100|[from] drain|[of] p2b: Glastrier\n|\n|upkeep\n|\n|t:|1697421315\n|switch|p1a: Amoonguss|Amoonguss, M, shiny|36\/100\n|turn|10\n|inactive|Lil barnacle Boi has 120 seconds left.\n|\n|t:|1697421331\n|move|p1a: Amoonguss|Spore|p2b: Glastrier\n|-status|p2b: Glastrier|slp|[from] move: Spore\n|move|p2a: Sinistcha|Scald|p1b: Ogerpon\n|-crit|p1b: Ogerpon\n|-damage|p1b: Ogerpon|48\/100\n|cant|p2b: Glastrier|slp\n|move|p1b: Ogerpon|Ivy Cudgel|p2a: Sinistcha\n|-supereffective|p2a: Sinistcha\n|-damage|p2a: Sinistcha|0 fnt\n|faint|p2a: Sinistcha\n|\n|upkeep\n|inactive|Lil barnacle Boi has 120 seconds left.\n|\n|t:|1697421337\n|switch|p2a: Ursaluna|Ursaluna-Bloodmoon, M|100\/100\n|turn|11\n|\n|t:|1697421344\n|move|p1a: Amoonguss|Spore|p2a: Ursaluna\n|-status|p2a: Ursaluna|slp|[from] move: Spore\n|-curestatus|p2b: Glastrier|slp|[msg]\n|move|p2b: Glastrier|Icicle Spear|p1b: Ogerpon\n|-damage|p1b: Ogerpon|8\/100\n|-damage|p1b: Ogerpon|0 fnt\n|faint|p1b: Ogerpon\n|-ability|p2b: Glastrier|Chilling Neigh|boost\n|-boost|p2b: Glastrier|atk|1\n|-hitcount|p1: Ogerpon|2\n|cant|p2a: Ursaluna|slp\n|\n|upkeep\n|\n|t:|1697421367\n|switch|p1b: Chien-Pao|Chien-Pao|100\/100\n|-ability|p1b: Chien-Pao|Sword of Ruin\n|turn|12\n|\n|t:|1697421376\n|move|p1a: Amoonguss|Spore|p2b: Glastrier\n|-status|p2b: Glastrier|slp|[from] move: Spore\n|cant|p2b: Glastrier|slp\n|-curestatus|p2a: Ursaluna|slp|[msg]\n|move|p2a: Ursaluna|Moonblast|p1b: Chien-Pao\n|-supereffective|p1b: Chien-Pao\n|-enditem|p1b: Chien-Pao|Focus Sash\n|-damage|p1b: Chien-Pao|1\/100\n|move|p1b: Chien-Pao|Crunch|p2b: Glastrier\n|-damage|p2b: Glastrier|7\/100 slp\n|\n|-fieldend|move: Trick Room\n|upkeep\n|turn|13\n|\n|t:|1697421404\n|switch|p1a: Dragonite|Dragonite, M, shiny|100\/100\n|move|p1b: Chien-Pao|Ice Spinner|p2a: Ursaluna\n|-supereffective|p2a: Ursaluna\n|-damage|p2a: Ursaluna|24\/100\n|move|p2a: Ursaluna|Snarl|p1a: Dragonite|[spread] p1a,p1b\n|-resisted|p1b: Chien-Pao\n|-damage|p1a: Dragonite|93\/100\n|-damage|p1b: Chien-Pao|0 fnt\n|-unboost|p1a: Dragonite|spa|1\n|faint|p1b: Chien-Pao\n|cant|p2b: Glastrier|slp\n|\n|upkeep\n|inactive|winlike has 120 seconds left.\n|\n|t:|1697421417\n|switch|p1b: Charizard|Charizard, M, shiny|100\/100\n|turn|14\n|\n|t:|1697421424\n|detailschange|p1b: Charizard|Charizard-Mega-Y, M, shiny\n|-mega|p1b: Charizard|Charizard|Charizardite Y\n|-weather|SunnyDay|[from] ability: Drought|[of] p1b: Charizard\n|move|p1b: Charizard|Heat Wave|p2b: Glastrier|[spread] p2a,p2b\n|-resisted|p2b: Glastrier\n|-damage|p2a: Ursaluna|0 fnt\n|-damage|p2b: Glastrier|0 fnt\n|faint|p2a: Ursaluna\n|faint|p2b: Glastrier\n|move|p1a: Dragonite|Earthquake|p1b: Charizard\n|-immune|p1b: Charizard\n|\n|-weather|SunnyDay|[upkeep]\n|upkeep\n|\n|t:|1697421431\n|switch|p2a: Diancie|Diancie, shiny|100\/100\n|turn|15\n|\n|t:|1697421438\n|detailschange|p2a: Diancie|Diancie-Mega, shiny\n|-mega|p2a: Diancie|Diancie|Diancite\n|move|p1b: Charizard|Heat Wave|p2a: Diancie\n|-resisted|p2a: Diancie\n|-damage|p2a: Diancie|70\/100\n|move|p2a: Diancie|Diamond Storm|p1b: Charizard|[spread] p1a,p1b\n|-supereffective|p1a: Dragonite\n|-supereffective|p1b: Charizard\n|-damage|p1a: Dragonite|15\/100\n|-damage|p1b: Charizard|0 fnt\n|-boost|p2a: Diancie|def|2\n|faint|p1b: Charizard\n|move|p1a: Dragonite|Earthquake|p2a: Diancie\n|-supereffective|p2a: Diancie\n|-damage|p2a: Diancie|7\/100\n|\n|-weather|SunnyDay|[upkeep]\n|upkeep\n|\n|t:|1697421451\n|switch|p1b: Amoonguss|Amoonguss, M, shiny|69\/100\n|turn|16\n|\n|t:|1697421461\n|move|p2a: Diancie|Diamond Storm|p1b: Amoonguss|[spread] p1a,p1b\n|-supereffective|p1a: Dragonite\n|-damage|p1a: Dragonite|0 fnt\n|-damage|p1b: Amoonguss|27\/100\n|faint|p1a: Dragonite\n|move|p1b: Amoonguss|Pollen Puff|p2a: Diancie\n|-resisted|p2a: Diancie\n|-damage|p2a: Diancie|0 fnt\n|faint|p2a: Diancie\n|\n|win|winlike\n|raw|winlike's rating: 1508 &rarr; <strong>1522<\/strong><br \/>(+14 for winning)\n|raw|Lil barnacle Boi's rating: 1402 &rarr; <strong>1388<\/strong><br \/>(-14 for losing)\n|l|\u2606Lil barnacle Boi\n","uploadtime":1697421472,"views":22,"p1id":"winlike","p2id":"lilbarnacleboi","formatid":"gen9nationaldexdoubles","rating":1388,"private":0,"password":""}