{"id":"gen9nationaldexdoubles-1972193559","p1":"AdvancedDigit","p2":"Rhyszznnccvv","format":"[Gen 9] National Dex Doubles","log":"|j|\u2606AdvancedDigit\n|j|\u2606Rhyszznnccvv\n|t:|1697820384\n|gametype|doubles\n|player|p1|AdvancedDigit|hilbert|1231\n|player|p2|Rhyszznnccvv|emmet|1201\n|teamsize|p1|6\n|teamsize|p2|6\n|gen|9\n|tier|[Gen 9] National Dex Doubles\n|rated|\n|rule|HP Percentage Mod: HP is shown in percentages\n|rule|Endless Battle Clause: Forcing endless battles is banned\n|rule|OHKO Clause: OHKO moves are banned\n|rule|Evasion Moves Clause: Evasion moves are banned\n|rule|Evasion Abilities Clause: Evasion abilities are banned\n|rule|Species Clause: Limit one of each Pok\u00e9mon\n|rule|Gravity Sleep Clause: The combination of sleep-inducing moves with imperfect accuracy and Gravity or Gigantamax Orbeetle are banned\n|clearpoke\n|poke|p1|Lilligant-Hisui, F|\n|poke|p1|Tornadus, M|\n|poke|p1|Malamar, F|\n|poke|p1|Gothitelle, M|\n|poke|p1|Charizard, M|\n|poke|p1|Garchomp, M|\n|poke|p2|Reuniclus, F|\n|poke|p2|Zapdos-Galar|\n|poke|p2|Porygon-Z|\n|poke|p2|Skarmory, M|\n|poke|p2|Basculegion, M|\n|poke|p2|Grimmsnarl, M|\n|teampreview\n|inactive|Battle timer is ON: inactive players will automatically lose when time's up. (requested by Rhyszznnccvv)\n|\n|t:|1697820400\n|start\n|switch|p1a: Lilligant|Lilligant-Hisui, F|100\/100\n|switch|p1b: Charizard|Charizard, M|100\/100\n|switch|p2a: Zapdos|Zapdos-Galar|100\/100\n|switch|p2b: Grimmsnarl|Grimmsnarl, M|100\/100\n|turn|1\n|\n|t:|1697820408\n|detailschange|p1b: Charizard|Charizard-Mega-Y, M\n|-mega|p1b: Charizard|Charizard|Charizardite Y\n|-weather|SunnyDay|[from] ability: Drought|[of] p1b: Charizard\n|move|p2b: Grimmsnarl|Light Screen|p2b: Grimmsnarl\n|-sidestart|p2: Rhyszznnccvv|move: Light Screen\n|move|p1a: Lilligant|Entrainment|p1b: Charizard\n|-endability|p1b: Charizard|Drought|[from] move: Entrainment\n|-ability|p1b: Charizard|Chlorophyll|[from] move: Entrainment\n|move|p1b: Charizard|Heat Wave|p2a: Zapdos|[spread] p2a,p2b\n|-damage|p2a: Zapdos|44\/100\n|-damage|p2b: Grimmsnarl|63\/100\n|move|p2a: Zapdos|Brave Bird|p1a: Lilligant\n|-supereffective|p1a: Lilligant\n|-damage|p1a: Lilligant|0 fnt\n|faint|p1a: Lilligant\n|-damage|p2a: Zapdos|15\/100|[from] Recoil\n|\n|-weather|SunnyDay|[upkeep]\n|upkeep\n|\n|t:|1697820423\n|switch|p1a: Gothitelle|Gothitelle, M|100\/100\n|turn|2\n|\n|t:|1697820435\n|move|p1a: Gothitelle|Fake Out|p2b: Grimmsnarl\n|-damage|p2b: Grimmsnarl|56\/100\n|cant|p2b: Grimmsnarl|flinch\n|move|p1b: Charizard|Heat Wave|p2a: Zapdos|[spread] p2a,p2b\n|-damage|p2a: Zapdos|0 fnt\n|-damage|p2b: Grimmsnarl|19\/100\n|faint|p2a: Zapdos\n|\n|-weather|SunnyDay|[upkeep]\n|upkeep\n|\n|t:|1697820439\n|switch|p2a: Reuniclus|Reuniclus, F|100\/100\n|turn|3\n|\n|t:|1697820447\n|move|p2a: Reuniclus|Protect|p2a: Reuniclus\n|-singleturn|p2a: Reuniclus|Protect\n|move|p2b: Grimmsnarl|Reflect|p2b: Grimmsnarl\n|-sidestart|p2: Rhyszznnccvv|Reflect\n|move|p1b: Charizard|Heat Wave|p2a: Reuniclus|[spread] p2b\n|-activate|p2a: Reuniclus|move: Protect\n|-damage|p2b: Grimmsnarl|0 fnt\n|faint|p2b: Grimmsnarl\n|move|p1a: Gothitelle|Toxic|p2a: Reuniclus\n|-activate|p2a: Reuniclus|move: Protect\n|\n|-weather|SunnyDay|[upkeep]\n|upkeep\n|\n|t:|1697820458\n|switch|p2b: Basculegion|Basculegion, M|100\/100\n|turn|4\n|\n|t:|1697820477\n|-terastallize|p2b: Basculegion|Fairy\n|move|p1b: Charizard|Hidden Power|p2b: Basculegion\n|-damage|p2b: Basculegion|82\/100\n|move|p2b: Basculegion|Head Smash|p1b: Charizard\n|-supereffective|p1b: Charizard\n|-damage|p1b: Charizard|0 fnt\n|faint|p1b: Charizard\n|-damage|p2b: Basculegion|49\/100|[from] Recoil\n|-damage|p2b: Basculegion|39\/100|[from] item: Life Orb\n|move|p1a: Gothitelle|Toxic|p2a: Reuniclus\n|-status|p2a: Reuniclus|tox\n|move|p2a: Reuniclus|Trick Room|p2a: Reuniclus\n|-fieldstart|move: Trick Room|[of] p2a: Reuniclus\n|\n|-weather|SunnyDay|[upkeep]\n|-damage|p2a: Reuniclus|94\/100 tox|[from] psn\n|upkeep\n|inactive|AdvancedDigit has 120 seconds left.\n|\n|t:|1697820503\n|switch|p1b: Tornadus|Tornadus, M|100\/100\n|turn|5\n|inactive|AdvancedDigit has 120 seconds left.\n|\n|t:|1697820525\n|move|p1b: Tornadus|Defog|p2b: Basculegion\n|-unboost|p2b: Basculegion|evasion|1\n|-sideend|p2: Rhyszznnccvv|Reflect\n|-sideend|p2: Rhyszznnccvv|move: Light Screen\n|move|p2a: Reuniclus|Psychic|p1b: Tornadus\n|-damage|p1b: Tornadus|39\/100\n|-damage|p2a: Reuniclus|84\/100 tox|[from] item: Life Orb\n|move|p1a: Gothitelle|Shadow Ball|p2b: Basculegion\n|-damage|p2b: Basculegion|23\/100\n|move|p2b: Basculegion|Last Respects|p1a: Gothitelle\n|-supereffective|p1a: Gothitelle\n|-damage|p1a: Gothitelle|0 fnt\n|faint|p1a: Gothitelle\n|-damage|p2b: Basculegion|13\/100|[from] item: Life Orb\n|\n|-weather|none\n|-heal|p1b: Tornadus|45\/100|[from] item: Leftovers\n|-damage|p2a: Reuniclus|72\/100 tox|[from] psn\n|upkeep\n|\n|t:|1697820527\n|switch|p1a: Malamar|Malamar, F|100\/100\n|turn|6\n|\n|t:|1697820545\n|move|p1b: Tornadus|Defog|p1a: Malamar\n|-boost|p1a: Malamar|evasion|1\n|move|p2a: Reuniclus|Psychic|p1b: Tornadus\n|-damage|p1b: Tornadus|0 fnt\n|faint|p1b: Tornadus\n|-damage|p2a: Reuniclus|62\/100 tox|[from] item: Life Orb\n|move|p1a: Malamar|Superpower|p2b: Basculegion\n|-resisted|p2b: Basculegion\n|-damage|p2b: Basculegion|0 fnt\n|-boost|p1a: Malamar|atk|1\n|-boost|p1a: Malamar|def|1\n|faint|p2b: Basculegion\n|\n|-damage|p2a: Reuniclus|44\/100 tox|[from] psn\n|upkeep\n|\n|t:|1697820560\n|switch|p2b: Skarmory|Skarmory, M|100\/100\n|switch|p1b: Garchomp|Garchomp, M|100\/100\n|turn|7\n|\n|t:|1697820582\n|move|p2a: Reuniclus|Psychic|p1b: Garchomp\n|-damage|p1b: Garchomp|48\/100\n|-damage|p2a: Reuniclus|34\/100 tox|[from] item: Life Orb\n|move|p1a: Malamar|Superpower|p2b: Skarmory\n|-damage|p2b: Skarmory|70\/100\n|-boost|p1a: Malamar|atk|1\n|-boost|p1a: Malamar|def|1\n|-damage|p1a: Malamar|84\/100|[from] item: Rocky Helmet|[of] p2b: Skarmory\n|move|p2b: Skarmory|Toxic|p1a: Malamar\n|-status|p1a: Malamar|tox\n|move|p1b: Garchomp|Crunch|p2b: Skarmory\n|-damage|p2b: Skarmory|53\/100\n|-damage|p1b: Garchomp|32\/100|[from] item: Rocky Helmet|[of] p2b: Skarmory\n|\n|-heal|p1a: Malamar|90\/100 tox|[from] item: Leftovers\n|-damage|p2a: Reuniclus|9\/100 tox|[from] psn\n|-damage|p1a: Malamar|84\/100 tox|[from] psn\n|upkeep\n|turn|8\n|inactive|AdvancedDigit has 120 seconds left.\n|\n|t:|1697820623\n|-terastallize|p1a: Malamar|Fighting\n|move|p2a: Reuniclus|Psychic|p1b: Garchomp\n|-damage|p1b: Garchomp|0 fnt\n|faint|p1b: Garchomp\n|-damage|p2a: Reuniclus|0 fnt|[from] item: Life Orb\n|faint|p2a: Reuniclus\n|move|p1a: Malamar|Superpower|p2b: Skarmory\n|-damage|p2b: Skarmory|0 fnt\n|-boost|p1a: Malamar|atk|1\n|-boost|p1a: Malamar|def|1\n|-damage|p1a: Malamar|68\/100 tox|[from] item: Rocky Helmet|[of] p2b: Skarmory\n|faint|p2b: Skarmory\n|\n|-heal|p1a: Malamar|74\/100 tox|[from] item: Leftovers\n|-damage|p1a: Malamar|61\/100 tox|[from] psn\n|-fieldend|move: Trick Room\n|upkeep\n|\n|t:|1697820631\n|switch|p2b: Porygon-Z|Porygon-Z|100\/100\n|turn|9\n|\n|t:|1697820644\n|move|p2b: Porygon-Z|Thunderbolt|p1a: Malamar|[miss]\n|-miss|p2b: Porygon-Z|p1a: Malamar\n|move|p1a: Malamar|Superpower|p2b: Porygon-Z\n|-supereffective|p2b: Porygon-Z\n|-damage|p2b: Porygon-Z|0 fnt\n|-boost|p1a: Malamar|atk|1\n|-boost|p1a: Malamar|def|1\n|faint|p2b: Porygon-Z\n|\n|win|AdvancedDigit\n|raw|AdvancedDigit's rating: 1231 &rarr; <strong>1254<\/strong><br \/>(+23 for winning)\n|raw|Rhyszznnccvv's rating: 1201 &rarr; <strong>1178<\/strong><br \/>(-23 for losing)\n|c|\u2606AdvancedDigit|gg\n|l|\u2606Rhyszznnccvv\n","uploadtime":1697820668,"views":7,"p1id":"advanceddigit","p2id":"rhyszznnccvv","formatid":"gen9nationaldexdoubles","rating":1178,"private":0,"password":""}