{"id":"gen9nationaldexdoubles-1969962408","p1":"Andres624342","p2":"poo24","format":"[Gen 9] National Dex Doubles","log":"|j|\u2606Andres624342\n|j|\u2606poo24\n|t:|1697579931\n|gametype|doubles\n|player|p1|Andres624342|2|1051\n|player|p2|poo24|bellelba|1119\n|teamsize|p1|6\n|teamsize|p2|6\n|gen|9\n|tier|[Gen 9] National Dex Doubles\n|rated|\n|rule|HP Percentage Mod: HP is shown in percentages\n|rule|Endless Battle Clause: Forcing endless battles is banned\n|rule|OHKO Clause: OHKO moves are banned\n|rule|Evasion Moves Clause: Evasion moves are banned\n|rule|Evasion Abilities Clause: Evasion abilities are banned\n|rule|Species Clause: Limit one of each Pok\u00e9mon\n|rule|Gravity Sleep Clause: The combination of sleep-inducing moves with imperfect accuracy and Gravity or Gigantamax Orbeetle are banned\n|clearpoke\n|poke|p1|Mudsdale, F|\n|poke|p1|Sawsbuck, M|\n|poke|p1|Wigglytuff, M|\n|poke|p1|Oranguru, F|\n|poke|p1|Lumineon, M|\n|poke|p1|Ambipom, F|\n|poke|p2|Blissey, F|\n|poke|p2|Shuckle, M|\n|poke|p2|Breloom, F|\n|poke|p2|Thundurus, M|\n|poke|p2|Togekiss, M|\n|poke|p2|Tyranitar, M|\n|teampreview\n|inactive|Battle timer is ON: inactive players will automatically lose when time's up. (requested by poo24)\n|\n|t:|1697579937\n|start\n|switch|p1a: Oranguru|Oranguru, F|100\/100\n|switch|p1b: Lumineon|Lumineon, M|100\/100\n|switch|p2a: Mother Fuckle|Shuckle, M|100\/100\n|switch|p2b: 777777|Thundurus, M|100\/100\n|turn|1\n|\n|t:|1697579952\n|move|p1b: Lumineon|Protect|p1b: Lumineon\n|-singleturn|p1b: Lumineon|Protect\n|move|p2b: 777777|Thunder Wave|p1b: Lumineon\n|-activate|p1b: Lumineon|move: Protect\n|move|p1a: Oranguru|Light Screen|p1a: Oranguru\n|-sidestart|p1: Andres624342|move: Light Screen\n|move|p2a: Mother Fuckle|Power Split|p1b: Lumineon\n|-activate|p1b: Lumineon|move: Protect\n|\n|upkeep\n|turn|2\n|\n|t:|1697579970\n|switch|p2b: Ignorance|Blissey, F|100\/100\n|move|p1b: Lumineon|Icy Wind|p2b: Ignorance|[spread] p2a,p2b\n|-damage|p2a: Mother Fuckle|95\/100\n|-damage|p2b: Ignorance|97\/100\n|-unboost|p2a: Mother Fuckle|spe|1\n|-unboost|p2b: Ignorance|spe|1\n|move|p1a: Oranguru|Reflect|p1a: Oranguru\n|-sidestart|p1: Andres624342|Reflect\n|move|p2a: Mother Fuckle|Guard Split|p2b: Ignorance\n|-activate|p2a: Mother Fuckle|move: Guard Split|[of] p2b: Ignorance\n|\n|-heal|p2b: Ignorance|100\/100|[from] item: Leftovers\n|upkeep\n|turn|3\n|\n|t:|1697579996\n|switch|p1b: Ambipom|Ambipom, F|100\/100\n|move|p1a: Oranguru|Foul Play|p2b: Ignorance\n|-damage|p2b: Ignorance|98\/100\n|move|p2b: Ignorance|Seismic Toss|p1a: Oranguru\n|-damage|p1a: Oranguru|74\/100\n|move|p2a: Mother Fuckle|Toxic|p2b: Ignorance\n|-status|p2b: Ignorance|tox\n|\n|-heal|p2b: Ignorance|100\/100 tox|[from] item: Leftovers\n|-damage|p2b: Ignorance|94\/100 tox|[from] psn\n|upkeep\n|turn|4\n|\n|t:|1697580020\n|switch|p1a: Mudsdale|Mudsdale, F|100\/100\n|switch|p2a: Doom da Loom|Breloom, F|100\/100\n|move|p1b: Ambipom|Fake Out|p2a: Doom da Loom\n|-damage|p2a: Doom da Loom|48\/100\n|-damage|p1b: Ambipom|91\/100|[from] item: Life Orb\n|move|p2b: Ignorance|Skill Swap|p2a: Doom da Loom\n|-activate|p2b: Ignorance|move: Skill Swap|||[of] p2a: Doom da Loom\n|\n|-heal|p2b: Ignorance|100\/100 tox|[from] item: Leftovers\n|upkeep\n|turn|5\n|\n|t:|1697580047\n|move|p1b: Ambipom|Acrobatics|p2a: Doom da Loom\n|-supereffective|p2a: Doom da Loom\n|-damage|p2a: Doom da Loom|0 fnt\n|faint|p2a: Doom da Loom\n|-damage|p1b: Ambipom|81\/100|[from] item: Life Orb\n|move|p2b: Ignorance|Seismic Toss|p1a: Mudsdale\n|-damage|p1a: Mudsdale|71\/100\n|-ability|p1a: Mudsdale|Stamina|boost\n|-boost|p1a: Mudsdale|def|1\n|move|p1a: Mudsdale|High Horsepower|p2b: Ignorance\n|-damage|p2b: Ignorance|83\/100 tox\n|\n|-heal|p2b: Ignorance|89\/100 tox|[from] item: Leftovers\n|-heal|p2b: Ignorance|100\/100 tox|[from] ability: Poison Heal\n|upkeep\n|\n|t:|1697580055\n|switch|p2a: Mother Fuckle|Shuckle, M|95\/100\n|turn|6\n|\n|t:|1697580074\n|move|p1b: Ambipom|Double Hit|p2a: Mother Fuckle\n|-resisted|p2a: Mother Fuckle\n|-damage|p2a: Mother Fuckle|86\/100\n|-resisted|p2a: Mother Fuckle\n|-damage|p2a: Mother Fuckle|78\/100\n|-hitcount|p2a: Mother Fuckle|2\n|-damage|p1b: Ambipom|71\/100|[from] item: Life Orb\n|move|p2b: Ignorance|Seismic Toss|p1b: Ambipom\n|-damage|p1b: Ambipom|42\/100\n|move|p1a: Mudsdale|Body Slam|p2a: Mother Fuckle\n|-resisted|p2a: Mother Fuckle\n|-damage|p2a: Mother Fuckle|71\/100\n|-status|p2a: Mother Fuckle|par\n|move|p2a: Mother Fuckle|Toxic|p1a: Mudsdale|[miss]\n|-miss|p2a: Mother Fuckle|p1a: Mudsdale\n|\n|upkeep\n|turn|7\n|\n|t:|1697580098\n|switch|p1b: Sawsbuck|Sawsbuck, M|100\/100\n|move|p2b: Ignorance|Seismic Toss|p1b: Sawsbuck\n|-damage|p1b: Sawsbuck|73\/100\n|move|p1a: Mudsdale|Iron Head|p2a: Mother Fuckle\n|-supereffective|p2a: Mother Fuckle\n|-damage|p2a: Mother Fuckle|43\/100 par\n|move|p2a: Mother Fuckle|Toxic|p1a: Mudsdale\n|-status|p1a: Mudsdale|tox\n|\n|-damage|p1a: Mudsdale|65\/100 tox|[from] psn\n|upkeep\n|turn|8\n|\n|t:|1697580118\n|move|p1b: Sawsbuck|Swords Dance|p1b: Sawsbuck\n|-boost|p1b: Sawsbuck|atk|2\n|move|p2b: Ignorance|Seismic Toss|p1b: Sawsbuck\n|-damage|p1b: Sawsbuck|45\/100\n|move|p1a: Mudsdale|High Horsepower|p2a: Mother Fuckle\n|-damage|p2a: Mother Fuckle|17\/100 par\n|move|p2a: Mother Fuckle|Power Split|p1b: Sawsbuck\n|-activate|p2a: Mother Fuckle|move: Power Split|[of] p1b: Sawsbuck\n|\n|-damage|p1a: Mudsdale|53\/100 tox|[from] psn\n|-sideend|p1: Andres624342|move: Light Screen\n|upkeep\n|turn|9\n|\n|t:|1697580136\n|move|p1b: Sawsbuck|Horn Leech|p2b: Ignorance\n|-damage|p2b: Ignorance|88\/100 tox\n|-heal|p1b: Sawsbuck|57\/100|[from] drain|[of] p2b: Ignorance\n|move|p2b: Ignorance|Seismic Toss|p1b: Sawsbuck\n|-damage|p1b: Sawsbuck|29\/100\n|move|p1a: Mudsdale|Iron Head|p2a: Mother Fuckle\n|-supereffective|p2a: Mother Fuckle\n|-damage|p2a: Mother Fuckle|0 fnt\n|faint|p2a: Mother Fuckle\n|\n|-heal|p2b: Ignorance|94\/100 tox|[from] item: Leftovers\n|-heal|p2b: Ignorance|100\/100 tox|[from] ability: Poison Heal\n|-damage|p1a: Mudsdale|35\/100 tox|[from] psn\n|-sideend|p1: Andres624342|Reflect\n|upkeep\n|\n|t:|1697580143\n|switch|p2a: Togeparty|Togekiss, M|100\/100\n|turn|10\n|\n|t:|1697580161\n|move|p1b: Sawsbuck|Wild Charge|p2a: Togeparty\n|-supereffective|p2a: Togeparty\n|-damage|p2a: Togeparty|40\/100\n|-damage|p1b: Sawsbuck|13\/100|[from] Recoil\n|move|p2a: Togeparty|Air Slash|p1b: Sawsbuck|[miss]\n|-miss|p2a: Togeparty|p1b: Sawsbuck\n|move|p2b: Ignorance|Seismic Toss|p1a: Mudsdale\n|-damage|p1a: Mudsdale|5\/100 tox\n|-ability|p1a: Mudsdale|Stamina|boost\n|-boost|p1a: Mudsdale|def|1\n|move|p1a: Mudsdale|Iron Head|p2a: Togeparty\n|-supereffective|p2a: Togeparty\n|-damage|p2a: Togeparty|0 fnt\n|faint|p2a: Togeparty\n|\n|-damage|p1a: Mudsdale|0 fnt|[from] psn\n|faint|p1a: Mudsdale\n|upkeep\n|\n|t:|1697580179\n|switch|p2a: TTr|Tyranitar, M|100\/100\n|switch|p1a: Lumineon|Lumineon, M|100\/100\n|-ability|p2a: TTr|Unnerve\n|turn|11\n|\n|t:|1697580191\n|move|p2a: TTr|Crunch|p1b: Sawsbuck\n|-damage|p1b: Sawsbuck|0 fnt\n|faint|p1b: Sawsbuck\n|move|p1a: Lumineon|Icy Wind|p2a: TTr|[spread] p2a,p2b\n|-damage|p2a: TTr|92\/100\n|-damage|p2b: Ignorance|98\/100 tox\n|-unboost|p2a: TTr|spe|1\n|-unboost|p2b: Ignorance|spe|1\n|move|p2b: Ignorance|Seismic Toss|p1a: Lumineon\n|-damage|p1a: Lumineon|71\/100\n|\n|-heal|p1a: Lumineon|77\/100|[from] item: Leftovers\n|-heal|p2b: Ignorance|100\/100 tox|[from] item: Leftovers\n|upkeep\n|\n|t:|1697580207\n|switch|p1b: Wigglytuff|Wigglytuff, M|100\/100\n|turn|12\n|\n|t:|1697580215\n|switch|p2a: 777777|Thundurus, M|100\/100\n|move|p1a: Lumineon|Protect|p1a: Lumineon\n|-singleturn|p1a: Lumineon|Protect\n|move|p1b: Wigglytuff|Dazzling Gleam|p2a: 777777|[spread] p2a,p2b\n|-damage|p2a: 777777|75\/100\n|-damage|p2b: Ignorance|94\/100 tox\n|move|p2b: Ignorance|Seismic Toss|p1b: Wigglytuff\n|-damage|p1b: Wigglytuff|77\/100\n|\n|-heal|p1a: Lumineon|84\/100|[from] item: Leftovers\n|-heal|p2b: Ignorance|99\/100 tox|[from] item: Leftovers\n|-heal|p2b: Ignorance|100\/100 tox|[from] ability: Poison Heal\n|upkeep\n|turn|13\n|\n|t:|1697580235\n|move|p2a: 777777|Toxic|p1b: Wigglytuff\n|-status|p1b: Wigglytuff|tox\n|move|p1a: Lumineon|Icy Wind|p2b: Ignorance|[spread] p2a,p2b\n|-supereffective|p2a: 777777\n|-damage|p2a: 777777|57\/100\n|-damage|p2b: Ignorance|98\/100 tox\n|-unboost|p2a: 777777|spe|1\n|-unboost|p2b: Ignorance|spe|1\n|move|p1b: Wigglytuff|Ice Beam|p2a: 777777\n|-supereffective|p2a: 777777\n|-damage|p2a: 777777|7\/100\n|-enditem|p2a: 777777|Sitrus Berry|[eat]\n|-heal|p2a: 777777|31\/100|[from] item: Sitrus Berry\n|move|p2b: Ignorance|Seismic Toss|p1a: Lumineon\n|-damage|p1a: Lumineon|54\/100\n|\n|-heal|p1a: Lumineon|60\/100|[from] item: Leftovers\n|-heal|p2b: Ignorance|100\/100 tox|[from] item: Leftovers\n|-damage|p1b: Wigglytuff|71\/100 tox|[from] psn\n|upkeep\n|turn|14\n|inactive|Andres624342 has 120 seconds left.\n|\n|t:|1697580270\n|switch|p2a: TTr|Tyranitar, M|92\/100\n|-ability|p2a: TTr|Unnerve\n|move|p1a: Lumineon|Protect|p1a: Lumineon\n|-singleturn|p1a: Lumineon|Protect\n|move|p1b: Wigglytuff|Dazzling Gleam|p2b: Ignorance|[spread] p2a,p2b\n|-supereffective|p2a: TTr\n|-damage|p2a: TTr|44\/100\n|-damage|p2b: Ignorance|93\/100 tox\n|move|p2b: Ignorance|Seismic Toss|p1b: Wigglytuff\n|-damage|p1b: Wigglytuff|47\/100 tox\n|\n|-heal|p1a: Lumineon|67\/100|[from] item: Leftovers\n|-heal|p2b: Ignorance|99\/100 tox|[from] item: Leftovers\n|-damage|p1b: Wigglytuff|34\/100 tox|[from] psn\n|-heal|p2b: Ignorance|100\/100 tox|[from] ability: Poison Heal\n|upkeep\n|turn|15\n|\n|t:|1697580291\n|move|p2a: TTr|Rock Slide|p1a: Lumineon|[spread] p1a,p1b\n|-damage|p1a: Lumineon|36\/100\n|-damage|p1b: Wigglytuff|2\/100 tox\n|move|p1a: Lumineon|Icy Wind|p2b: Ignorance|[spread] p2a,p2b\n|-crit|p2b: Ignorance\n|-damage|p2a: TTr|36\/100\n|-damage|p2b: Ignorance|97\/100 tox\n|-unboost|p2a: TTr|spe|1\n|-unboost|p2b: Ignorance|spe|1\n|move|p1b: Wigglytuff|Dazzling Gleam|p2a: TTr|[spread] p2a,p2b\n|-supereffective|p2a: TTr\n|-damage|p2a: TTr|0 fnt\n|-damage|p2b: Ignorance|89\/100 tox\n|faint|p2a: TTr\n|move|p2b: Ignorance|Seismic Toss|p1b: Wigglytuff\n|-damage|p1b: Wigglytuff|0 fnt\n|faint|p1b: Wigglytuff\n|\n|-heal|p1a: Lumineon|43\/100|[from] item: Leftovers\n|-heal|p2b: Ignorance|96\/100 tox|[from] item: Leftovers\n|-heal|p2b: Ignorance|100\/100 tox|[from] ability: Poison Heal\n|upkeep\n|\n|t:|1697580312\n|switch|p2a: 777777|Thundurus, M|31\/100\n|switch|p1b: Ambipom|Ambipom, F|42\/100\n|turn|16\n|\n|t:|1697580320\n|move|p1a: Lumineon|Protect|p1a: Lumineon\n|-singleturn|p1a: Lumineon|Protect\n|move|p1b: Ambipom|Fake Out|p2a: 777777\n|-damage|p2a: 777777|1\/100\n|-damage|p1b: Ambipom|33\/100|[from] item: Life Orb\n|cant|p2a: 777777|flinch\n|move|p2b: Ignorance|Seismic Toss|p1a: Lumineon\n|-activate|p1a: Lumineon|move: Protect\n|\n|-heal|p1a: Lumineon|49\/100|[from] item: Leftovers\n|upkeep\n|turn|17\n|\n|t:|1697580347\n|move|p2a: 777777|Toxic|p1a: Lumineon\n|-status|p1a: Lumineon|tox\n|move|p1b: Ambipom|Knock Off|p2a: 777777\n|-damage|p2a: 777777|0 fnt\n|faint|p2a: 777777\n|-damage|p1b: Ambipom|23\/100|[from] item: Life Orb\n|move|p1a: Lumineon|Chilling Water|p2b: Ignorance\n|-damage|p2b: Ignorance|96\/100 tox\n|-unboost|p2b: Ignorance|atk|1\n|move|p2b: Ignorance|Seismic Toss|p1b: Ambipom\n|-damage|p1b: Ambipom|0 fnt\n|faint|p1b: Ambipom\n|\n|-heal|p1a: Lumineon|55\/100 tox|[from] item: Leftovers\n|-heal|p2b: Ignorance|100\/100 tox|[from] item: Leftovers\n|-damage|p1a: Lumineon|49\/100 tox|[from] psn\n|upkeep\n|inactive|Andres624342 has 120 seconds left.\n|\n|t:|1697580374\n|switch|p1b: Oranguru|Oranguru, F|74\/100\n|turn|18\n|c|\u2606poo24|gg\n|inactive|Andres624342 has 120 seconds left.\n|\n|t:|1697580386\n|move|p1a: Lumineon|Icy Wind|p2b: Ignorance\n|-damage|p2b: Ignorance|97\/100 tox\n|-unboost|p2b: Ignorance|spe|1\n|move|p1b: Oranguru|Foul Play|p2b: Ignorance\n|-damage|p2b: Ignorance|95\/100 tox\n|move|p2b: Ignorance|Seismic Toss|p1b: Oranguru\n|-damage|p1b: Oranguru|48\/100\n|\n|-heal|p1a: Lumineon|55\/100 tox|[from] item: Leftovers\n|-heal|p2b: Ignorance|100\/100 tox|[from] item: Leftovers\n|-damage|p1a: Lumineon|43\/100 tox|[from] psn\n|upkeep\n|turn|19\n|\n|t:|1697580407\n|-terastallize|p2b: Ignorance|Ghost\n|move|p1a: Lumineon|Chilling Water|p2b: Ignorance\n|-damage|p2b: Ignorance|96\/100 tox\n|-unboost|p2b: Ignorance|atk|1\n|move|p1b: Oranguru|Foul Play|p2b: Ignorance\n|-supereffective|p2b: Ignorance\n|-damage|p2b: Ignorance|93\/100 tox\n|move|p2b: Ignorance|Seismic Toss|p1b: Oranguru\n|-damage|p1b: Oranguru|22\/100\n|\n|-heal|p1a: Lumineon|49\/100 tox|[from] item: Leftovers\n|-heal|p2b: Ignorance|99\/100 tox|[from] item: Leftovers\n|-damage|p1a: Lumineon|30\/100 tox|[from] psn\n|-heal|p2b: Ignorance|100\/100 tox|[from] ability: Poison Heal\n|upkeep\n|turn|20\n|inactive|poo24 has 120 seconds left.\n|\n|t:|1697580438\n|move|p1a: Lumineon|Chilling Water|p2b: Ignorance\n|-damage|p2b: Ignorance|96\/100 tox\n|-unboost|p2b: Ignorance|atk|1\n|move|p1b: Oranguru|Foul Play|p2b: Ignorance\n|-supereffective|p2b: Ignorance\n|-damage|p2b: Ignorance|94\/100 tox\n|move|p2b: Ignorance|Seismic Toss|p1b: Oranguru\n|-damage|p1b: Oranguru|0 fnt\n|faint|p1b: Oranguru\n|\n|-heal|p1a: Lumineon|36\/100 tox|[from] item: Leftovers\n|-heal|p2b: Ignorance|99\/100 tox|[from] item: Leftovers\n|-damage|p1a: Lumineon|12\/100 tox|[from] psn\n|-heal|p2b: Ignorance|100\/100 tox|[from] ability: Poison Heal\n|upkeep\n|turn|21\n|\n|t:|1697580459\n|move|p1a: Lumineon|Chilling Water|p2b: Ignorance\n|-damage|p2b: Ignorance|95\/100 tox\n|-unboost|p2b: Ignorance|atk|1\n|move|p2b: Ignorance|Skill Swap|p1a: Lumineon\n|-activate|p2b: Ignorance|move: Skill Swap|Storm Drain|Poison Heal|[of] p1a: Lumineon\n|\n|-heal|p1a: Lumineon|18\/100 tox|[from] item: Leftovers\n|-heal|p2b: Ignorance|100\/100 tox|[from] item: Leftovers\n|-heal|p1a: Lumineon|30\/100 tox|[from] ability: Poison Heal\n|-damage|p2b: Ignorance|8\/100 tox|[from] psn\n|upkeep\n|turn|22\n|\n|t:|1697580474\n|move|p1a: Lumineon|Icy Wind|p2b: Ignorance\n|-damage|p2b: Ignorance|5\/100 tox\n|-unboost|p2b: Ignorance|spe|1\n|move|p2b: Ignorance|Skill Swap|p1a: Lumineon\n|-activate|p2b: Ignorance|move: Skill Swap|Poison Heal|Storm Drain|[of] p1a: Lumineon\n|\n|-heal|p1a: Lumineon|36\/100 tox|[from] item: Leftovers\n|-heal|p2b: Ignorance|11\/100 tox|[from] item: Leftovers\n|-damage|p1a: Lumineon|0 fnt|[from] psn\n|faint|p1a: Lumineon\n|\n|win|poo24\n|upkeep\n|raw|Andres624342's rating: 1051 &rarr; <strong>1037<\/strong><br \/>(-14 for losing)\n|raw|poo24's rating: 1119 &rarr; <strong>1139<\/strong><br \/>(+20 for winning)\n|c|\u2606poo24|gg\n","uploadtime":1697580515,"views":9,"p1id":"andres624342","p2id":"poo24","formatid":"gen9nationaldexdoubles","rating":1037,"private":0,"password":""}