{"id":"gen9nationaldexdoubles-1993609923","p1":"Antkiller0909","p2":"Horse95","format":"[Gen 9] National Dex Doubles","log":"|j|\u2606Antkiller0909\n|j|\u2606Horse95\n|t:|1700337176\n|gametype|doubles\n|player|p1|Antkiller0909|blackbelt|\n|player|p2|Horse95|colress|\n|teamsize|p1|6\n|teamsize|p2|6\n|gen|9\n|tier|[Gen 9] National Dex Doubles\n|rule|HP Percentage Mod: HP is shown in percentages\n|rule|Endless Battle Clause: Forcing endless battles is banned\n|rule|OHKO Clause: OHKO moves are banned\n|rule|Evasion Moves Clause: Evasion moves are banned\n|rule|Evasion Abilities Clause: Evasion abilities are banned\n|rule|Species Clause: Limit one of each Pok\u00e9mon\n|rule|Gravity Sleep Clause: The combination of sleep-inducing moves with imperfect accuracy and Gravity or Gigantamax Orbeetle are banned\n|clearpoke\n|poke|p1|Amoonguss, M|\n|poke|p1|Tornadus, M|\n|poke|p1|Qwilfish-Hisui, F|\n|poke|p1|Chi-Yu|\n|poke|p1|Flutter Mane|\n|poke|p1|Iron Hands|\n|poke|p2|Glastrier|\n|poke|p2|Oranguru, M|\n|poke|p2|Cresselia, F|\n|poke|p2|Ursaluna, F|\n|poke|p2|Flutter Mane|\n|poke|p2|Azumarill, M|\n|teampreview\n|inactive|Battle timer is ON: inactive players will automatically lose when time's up. (requested by Antkiller0909)\n|inactiveoff|Battle timer is now OFF.\n|c|\u2606Horse95|glhf\n|c|\u2606Antkiller0909|you 2\n|c|\u2606Antkiller0909|where do we send link and replay?\n|c|\u2606Horse95|ohh the same chat\n|c|\u2606Horse95|I sent it\n|c|\u2606Antkiller0909|thanks\n|c|\u2606Horse95|thanks for the reminder haha\n|\n|t:|1700337240\n|start\n|switch|p1a: Tornadus|Tornadus, M|100\/100\n|switch|p1b: Chi-Yu|Chi-Yu|100\/100\n|switch|p2a: Glastrier|Glastrier|100\/100\n|switch|p2b: Oranguru|Oranguru, M, shiny|100\/100\n|-ability|p1b: Chi-Yu|Beads of Ruin\n|turn|1\n|\n|t:|1700337265\n|-terastallize|p2a: Glastrier|Water\n|move|p2b: Oranguru|Protect|p2b: Oranguru\n|-singleturn|p2b: Oranguru|Protect\n|move|p1b: Chi-Yu|Heat Wave|p2a: Glastrier|[spread] p2a\n|-activate|p2b: Oranguru|move: Protect\n|-resisted|p2a: Glastrier\n|-damage|p2a: Glastrier|70\/100\n|move|p1a: Tornadus|Bleakwind Storm|p2b: Oranguru|[spread] p2a\n|-activate|p2b: Oranguru|move: Protect\n|-damage|p2a: Glastrier|33\/100\n|move|p2a: Glastrier|High Horsepower|p1b: Chi-Yu\n|-supereffective|p1b: Chi-Yu\n|-damage|p1b: Chi-Yu|0 fnt\n|faint|p1b: Chi-Yu\n|-ability|p2a: Glastrier|Chilling Neigh|boost\n|-boost|p2a: Glastrier|atk|1\n|\n|upkeep\n|\n|t:|1700337283\n|switch|p1b: Qwilfish|Qwilfish-Hisui, F|100\/100\n|-ability|p1b: Qwilfish|Intimidate|boost\n|-unboost|p2a: Glastrier|atk|1\n|-fail|p2b: Oranguru|unboost|Attack|[from] ability: Inner Focus|[of] p2b: Oranguru\n|turn|2\n|\n|t:|1700337291\n|move|p2a: Glastrier|Protect|p2a: Glastrier\n|-singleturn|p2a: Glastrier|Protect\n|move|p1a: Tornadus|Bleakwind Storm|p2a: Glastrier|[spread] p2b\n|-activate|p2a: Glastrier|move: Protect\n|-damage|p2b: Oranguru|71\/100\n|-unboost|p2b: Oranguru|spe|1\n|move|p1b: Qwilfish|Gunk Shot|p2b: Oranguru\n|-damage|p2b: Oranguru|34\/100\n|move|p2b: Oranguru|Trick Room|p2b: Oranguru\n|-fieldstart|move: Trick Room|[of] p2b: Oranguru\n|\n|upkeep\n|turn|3\n|\n|t:|1700337308\n|move|p1a: Tornadus|Protect|p1a: Tornadus\n|-singleturn|p1a: Tornadus|Protect\n|move|p2a: Glastrier|Icicle Spear|p1a: Tornadus\n|-activate|p1a: Tornadus|move: Protect\n|move|p2b: Oranguru|Instruct|p2a: Glastrier\n|-singleturn|p2a: Glastrier|move: Instruct|[of] p2b: Oranguru\n|move|p2a: Glastrier|Icicle Spear|p1a: Tornadus\n|-activate|p1a: Tornadus|move: Protect\n|move|p1b: Qwilfish|Gunk Shot|p2a: Glastrier|[miss]\n|-miss|p1b: Qwilfish|p2a: Glastrier\n|\n|upkeep\n|turn|4\n|\n|t:|1700337335\n|switch|p1a: Iron Hands|Iron Hands|100\/100\n|move|p2a: Glastrier|Icicle Spear|p1a: Iron Hands\n|-damage|p1a: Iron Hands|91\/100\n|-damage|p1a: Iron Hands|82\/100\n|-damage|p1a: Iron Hands|72\/100\n|-damage|p1a: Iron Hands|63\/100\n|-hitcount|p1a: Iron Hands|4\n|move|p2b: Oranguru|Instruct|p2a: Glastrier\n|-singleturn|p2a: Glastrier|move: Instruct|[of] p2b: Oranguru\n|move|p2a: Glastrier|Icicle Spear|p1a: Iron Hands\n|-damage|p1a: Iron Hands|55\/100\n|-damage|p1a: Iron Hands|45\/100\n|-damage|p1a: Iron Hands|36\/100\n|-damage|p1a: Iron Hands|26\/100\n|-hitcount|p1a: Iron Hands|4\n|move|p1b: Qwilfish|Gunk Shot|p2a: Glastrier\n|-damage|p2a: Glastrier|0 fnt\n|faint|p2a: Glastrier\n|\n|upkeep\n|\n|t:|1700337357\n|switch|p2a: Ursaluna|Ursaluna, F|100\/100\n|turn|5\n|\n|t:|1700337372\n|move|p1a: Iron Hands|Fake Out|p2b: Oranguru\n|-damage|p2b: Oranguru|21\/100\n|move|p2b: Oranguru|Instruct||[still]\n|-fail|p2b: Oranguru\n|move|p2a: Ursaluna|Headlong Rush|p1b: Qwilfish\n|-supereffective|p1b: Qwilfish\n|-crit|p1b: Qwilfish\n|-damage|p1b: Qwilfish|0 fnt\n|-unboost|p2a: Ursaluna|def|1\n|-unboost|p2a: Ursaluna|spd|1\n|faint|p1b: Qwilfish\n|\n|-status|p2a: Ursaluna|brn|[from] item: Flame Orb\n|upkeep\n|\n|t:|1700337391\n|switch|p1b: Tornadus|Tornadus, M|100\/100\n|turn|6\n|\n|t:|1700337400\n|move|p1b: Tornadus|Protect|p1b: Tornadus\n|-singleturn|p1b: Tornadus|Protect\n|move|p1a: Iron Hands|Protect|p1a: Iron Hands\n|-singleturn|p1a: Iron Hands|Protect\n|move|p2b: Oranguru|Instruct|p2a: Ursaluna\n|-singleturn|p2a: Ursaluna|move: Instruct|[of] p2b: Oranguru\n|move|p2a: Ursaluna|Headlong Rush|p1b: Tornadus\n|-activate|p1b: Tornadus|move: Protect\n|move|p2a: Ursaluna|Facade|p1a: Iron Hands\n|-activate|p1a: Iron Hands|move: Protect\n|\n|-damage|p2a: Ursaluna|94\/100 brn|[from] brn\n|-fieldend|move: Trick Room\n|upkeep\n|turn|7\n|\n|t:|1700337424\n|switch|p2a: Flutter Mane|Flutter Mane|100\/100\n|-enditem|p2a: Flutter Mane|Booster Energy\n|-activate|p2a: Flutter Mane|ability: Protosynthesis|[fromitem]\n|-start|p2a: Flutter Mane|protosynthesisspa\n|switch|p2b: Cresselia|Cresselia, F|100\/100\n|move|p1b: Tornadus|Tailwind|p1b: Tornadus\n|-sidestart|p1: Antkiller0909|move: Tailwind\n|move|p1a: Iron Hands|Drain Punch|p2a: Flutter Mane\n|-immune|p2a: Flutter Mane\n|\n|upkeep\n|turn|8\n|\n|t:|1700337443\n|-end|p1a: Iron Hands|Quark Drive|[silent]\n|switch|p1a: Amoonguss|Amoonguss, M|100\/100\n|move|p1b: Tornadus|Bleakwind Storm|p2b: Cresselia|[spread] p2a,p2b\n|-damage|p2a: Flutter Mane|67\/100\n|-damage|p2b: Cresselia|79\/100\n|-unboost|p2a: Flutter Mane|spe|1\n|-unboost|p2b: Cresselia|spe|1\n|move|p2a: Flutter Mane|Moonblast|p1a: Amoonguss\n|-resisted|p1a: Amoonguss\n|-damage|p1a: Amoonguss|73\/100\n|move|p2b: Cresselia|Trick Room|p2b: Cresselia\n|-fieldstart|move: Trick Room|[of] p2b: Cresselia\n|\n|-heal|p2b: Cresselia|85\/100|[from] item: Leftovers\n|-heal|p1a: Amoonguss|80\/100|[from] item: Leftovers\n|upkeep\n|turn|9\n|\n|t:|1700337480\n|move|p1a: Amoonguss|Rage Powder|p1a: Amoonguss\n|-singleturn|p1a: Amoonguss|move: Rage Powder\n|move|p2b: Cresselia|Psychic|p1a: Amoonguss\n|-supereffective|p1a: Amoonguss\n|-damage|p1a: Amoonguss|38\/100\n|move|p2a: Flutter Mane|Shadow Ball|p1a: Amoonguss\n|-damage|p1a: Amoonguss|0 fnt\n|faint|p1a: Amoonguss\n|move|p1b: Tornadus|Bleakwind Storm|p2a: Flutter Mane|[spread] p2a,p2b\n|-damage|p2a: Flutter Mane|38\/100\n|-damage|p2b: Cresselia|64\/100\n|-unboost|p2a: Flutter Mane|spe|1\n|\n|-heal|p2b: Cresselia|71\/100|[from] item: Leftovers\n|upkeep\n|\n|t:|1700337497\n|switch|p1a: Iron Hands|Iron Hands|26\/100\n|turn|10\n|\n|t:|1700337512\n|move|p1a: Iron Hands|Fake Out|p2b: Cresselia\n|-damage|p2b: Cresselia|62\/100\n|cant|p2b: Cresselia|flinch\n|move|p2a: Flutter Mane|Moonblast|p1a: Iron Hands\n|-supereffective|p1a: Iron Hands\n|-damage|p1a: Iron Hands|0 fnt\n|faint|p1a: Iron Hands\n|-end|p1a: Iron Hands|Quark Drive|[silent]\n|move|p1b: Tornadus|Bleakwind Storm|p2b: Cresselia|[spread] p2b\n|-miss|p1b: Tornadus|p2a: Flutter Mane\n|-damage|p2b: Cresselia|40\/100\n|-unboost|p2b: Cresselia|spe|1\n|\n|-heal|p2b: Cresselia|46\/100|[from] item: Leftovers\n|-sideend|p1: Antkiller0909|move: Tailwind\n|upkeep\n|\n|t:|1700337523\n|switch|p1a: Flutter Mane|Flutter Mane|100\/100\n|turn|11\n|\n|t:|1700337536\n|move|p1b: Tornadus|Protect|p1b: Tornadus\n|-singleturn|p1b: Tornadus|Protect\n|move|p1a: Flutter Mane|Protect|p1a: Flutter Mane\n|-singleturn|p1a: Flutter Mane|Protect\n|move|p2b: Cresselia|Lunar Blessing|p2b: Cresselia|[spread] p2a,p2b\n|-heal|p2a: Flutter Mane|63\/100\n|-heal|p2b: Cresselia|71\/100\n|move|p2a: Flutter Mane|Shadow Ball|p1a: Flutter Mane\n|-activate|p1a: Flutter Mane|move: Protect\n|\n|-heal|p2b: Cresselia|77\/100|[from] item: Leftovers\n|upkeep\n|turn|12\n|\n|t:|1700337571\n|move|p2b: Cresselia|Lunar Blessing|p2b: Cresselia|[spread] p2a,p2b\n|-heal|p2a: Flutter Mane|88\/100\n|-heal|p2b: Cresselia|100\/100\n|move|p2a: Flutter Mane|Shadow Ball|p1a: Flutter Mane\n|-supereffective|p1a: Flutter Mane\n|-enditem|p1a: Flutter Mane|Focus Sash\n|-damage|p1a: Flutter Mane|1\/100\n|move|p1b: Tornadus|Bleakwind Storm|p2a: Flutter Mane|[spread] p2a,p2b\n|-damage|p2a: Flutter Mane|56\/100\n|-damage|p2b: Cresselia|80\/100\n|-unboost|p2b: Cresselia|spe|1\n|move|p1a: Flutter Mane|Shadow Ball|p2a: Flutter Mane\n|-supereffective|p2a: Flutter Mane\n|-damage|p2a: Flutter Mane|0 fnt\n|faint|p2a: Flutter Mane\n|-end|p2a: Flutter Mane|Protosynthesis|[silent]\n|\n|-heal|p2b: Cresselia|86\/100|[from] item: Leftovers\n|-fieldend|move: Trick Room\n|upkeep\n|\n|t:|1700337591\n|switch|p2a: Azumarill|Azumarill, M|100\/100\n|turn|13\n|\n|t:|1700337600\n|move|p1a: Flutter Mane|Protect|p1a: Flutter Mane\n|-singleturn|p1a: Flutter Mane|Protect\n|move|p2a: Azumarill|Aqua Jet|p1a: Flutter Mane\n|-activate|p1a: Flutter Mane|move: Protect\n|move|p1b: Tornadus|Bleakwind Storm|p2a: Azumarill|[spread] p2a\n|-miss|p1b: Tornadus|p2b: Cresselia\n|-damage|p2a: Azumarill|65\/100\n|move|p2b: Cresselia|Trick Room|p2b: Cresselia\n|-fieldstart|move: Trick Room|[of] p2b: Cresselia\n|\n|-heal|p2b: Cresselia|92\/100|[from] item: Leftovers\n|upkeep\n|turn|14\n|\n|t:|1700337618\n|move|p2a: Azumarill|Aqua Jet|p1a: Flutter Mane\n|-damage|p1a: Flutter Mane|0 fnt\n|faint|p1a: Flutter Mane\n|-end|p1a: Flutter Mane|Protosynthesis|[silent]\n|move|p2b: Cresselia|Psychic|p1b: Tornadus\n|-damage|p1b: Tornadus|74\/100\n|move|p1b: Tornadus|Bleakwind Storm|p2a: Azumarill|[spread] p2a,p2b\n|-damage|p2a: Azumarill|29\/100\n|-damage|p2b: Cresselia|69\/100\n|-unboost|p2b: Cresselia|spe|1\n|-enditem|p2a: Azumarill|Sitrus Berry|[eat]\n|-heal|p2a: Azumarill|54\/100|[from] item: Sitrus Berry\n|\n|-heal|p2b: Cresselia|75\/100|[from] item: Leftovers\n|upkeep\n|turn|15\n|\n|t:|1700337637\n|move|p2b: Cresselia|Psychic|p1b: Tornadus\n|-damage|p1b: Tornadus|47\/100\n|move|p2a: Azumarill|Liquidation|p1b: Tornadus\n|-damage|p1b: Tornadus|0 fnt\n|faint|p1b: Tornadus\n|\n|win|Horse95\n|c|\u2606Horse95|gg\n|c|\u2606Antkiller0909|gg\n","uploadtime":1700337648,"views":42,"p1id":"antkiller0909","p2id":"horse95","formatid":"gen9nationaldexdoubles","rating":0,"private":0,"password":""}