{"id":"gen9nationaldexdoubles-1981169568","p1":"El Ryuk456","p2":"Bean.god","format":"[Gen 9] National Dex Doubles","log":"|j|\u2606El Ryuk456\n|j|\u2606Bean.god\n|t:|1698869257\n|gametype|doubles\n|player|p1|El Ryuk456|ingo|1540\n|player|p2|Bean.god|striker|1419\n|teamsize|p1|6\n|teamsize|p2|6\n|gen|9\n|tier|[Gen 9] National Dex Doubles\n|rated|\n|rule|HP Percentage Mod: HP is shown in percentages\n|rule|Endless Battle Clause: Forcing endless battles is banned\n|rule|OHKO Clause: OHKO moves are banned\n|rule|Evasion Moves Clause: Evasion moves are banned\n|rule|Evasion Abilities Clause: Evasion abilities are banned\n|rule|Species Clause: Limit one of each Pok\u00e9mon\n|rule|Gravity Sleep Clause: The combination of sleep-inducing moves with imperfect accuracy and Gravity or Gigantamax Orbeetle are banned\n|clearpoke\n|poke|p1|Landorus-Therian, M|\n|poke|p1|Chien-Pao|\n|poke|p1|Blastoise, M|\n|poke|p1|Braviary, M|\n|poke|p1|Armarouge, M|\n|poke|p1|Arboliva, F|\n|poke|p2|Brute Bonnet|\n|poke|p2|Ogerpon-Hearthflame, F|\n|poke|p2|Great Tusk|\n|poke|p2|Charizard, F|\n|poke|p2|Venusaur, M|\n|poke|p2|Walking Wake|\n|teampreview\n|\n|t:|1698869277\n|start\n|switch|p1a: Huayco|Landorus-Therian, M|100\/100\n|switch|p1b: Frossbit|Chien-Pao|100\/100\n|switch|p2a: Quasar \u2600\ufe0f|Charizard, F, shiny|100\/100\n|switch|p2b: Hale \u2604\ufe0f|Walking Wake|100\/100\n|-ability|p1a: Huayco|Intimidate|boost\n|-unboost|p2a: Quasar \u2600\ufe0f|atk|1\n|-unboost|p2b: Hale \u2604\ufe0f|atk|1\n|-ability|p1b: Frossbit|Sword of Ruin\n|turn|1\n|inactive|Battle timer is ON: inactive players will automatically lose when time's up. (requested by El Ryuk456)\n|\n|t:|1698869297\n|detailschange|p2a: Quasar \u2600\ufe0f|Charizard-Mega-Y, F, shiny\n|-mega|p2a: Quasar \u2600\ufe0f|Charizard|Charizardite Y\n|-weather|SunnyDay|[from] ability: Drought|[of] p2a: Quasar \u2600\ufe0f\n|-activate|p2b: Hale \u2604\ufe0f|ability: Protosynthesis\n|-start|p2b: Hale \u2604\ufe0f|protosynthesisspe\n|-terastallize|p2b: Hale \u2604\ufe0f|Water\n|move|p2b: Hale \u2604\ufe0f|Hydro Steam|p1b: Frossbit\n|-enditem|p1b: Frossbit|Focus Sash\n|-damage|p1b: Frossbit|1\/100\n|-damage|p2b: Hale \u2604\ufe0f|91\/100|[from] item: Life Orb\n|move|p1a: Huayco|Rock Slide|p2a: Quasar \u2600\ufe0f|[spread] p2a\n|-miss|p1a: Huayco|p2b: Hale \u2604\ufe0f\n|-supereffective|p2a: Quasar \u2600\ufe0f\n|-damage|p2a: Quasar \u2600\ufe0f|0 fnt\n|faint|p2a: Quasar \u2600\ufe0f\n|move|p1b: Frossbit|Ice Spinner|p2b: Hale \u2604\ufe0f\n|-resisted|p2b: Hale \u2604\ufe0f\n|-damage|p2b: Hale \u2604\ufe0f|61\/100\n|\n|-weather|SunnyDay|[upkeep]\n|upkeep\n|\n|t:|1698869324\n|switch|p2a: Entropy \ud83d\udc80|Great Tusk|100\/100\n|-activate|p2a: Entropy \ud83d\udc80|ability: Protosynthesis\n|-start|p2a: Entropy \ud83d\udc80|protosynthesisatk\n|turn|2\n|\n|t:|1698869333\n|switch|p1a: Olivia|Arboliva, F|100\/100\n|move|p1b: Frossbit|Protect|p1b: Frossbit\n|-singleturn|p1b: Frossbit|Protect\n|move|p2b: Hale \u2604\ufe0f|Hydro Steam|p1a: Olivia\n|-resisted|p1a: Olivia\n|-damage|p1a: Olivia|55\/100\n|-fieldstart|move: Grassy Terrain|[from] ability: Seed Sower|[of] p1a: Olivia\n|-damage|p2b: Hale \u2604\ufe0f|52\/100|[from] item: Life Orb\n|move|p2a: Entropy \ud83d\udc80|Rapid Spin|p1b: Frossbit\n|-activate|p1b: Frossbit|move: Protect\n|\n|-weather|SunnyDay|[upkeep]\n|-heal|p2b: Hale \u2604\ufe0f|58\/100|[from] Grassy Terrain\n|-heal|p1b: Frossbit|7\/100|[from] Grassy Terrain\n|-heal|p1a: Olivia|61\/100|[from] Grassy Terrain\n|-heal|p1a: Olivia|67\/100|[from] item: Leftovers\n|upkeep\n|turn|3\n|\n|t:|1698869358\n|move|p1b: Frossbit|Sucker Punch|p2b: Hale \u2604\ufe0f\n|-damage|p2b: Hale \u2604\ufe0f|10\/100\n|move|p2b: Hale \u2604\ufe0f|Flamethrower|p1a: Olivia\n|-supereffective|p1a: Olivia\n|-damage|p1a: Olivia|0 fnt\n|faint|p1a: Olivia\n|-damage|p2b: Hale \u2604\ufe0f|0 fnt|[from] item: Life Orb\n|faint|p2b: Hale \u2604\ufe0f\n|-end|p2b: Hale \u2604\ufe0f|Protosynthesis|[silent]\n|move|p2a: Entropy \ud83d\udc80|Rapid Spin|p1b: Frossbit\n|-damage|p1b: Frossbit|0 fnt\n|-boost|p2a: Entropy \ud83d\udc80|spe|1\n|faint|p1b: Frossbit\n|\n|-weather|SunnyDay|[upkeep]\n|upkeep\n|\n|t:|1698869381\n|switch|p1b: Wildfire|Armarouge, M|100\/100\n|switch|p2b: Venusaur|Venusaur, M|100\/100\n|switch|p1a: Huayco|Landorus-Therian, M|100\/100\n|-ability|p1a: Huayco|Intimidate|boost\n|-unboost|p2a: Entropy \ud83d\udc80|atk|1\n|-unboost|p2b: Venusaur|atk|1\n|turn|4\n|\n|t:|1698869393\n|-terastallize|p1b: Wildfire|Grass\n|move|p2b: Venusaur|Earth Power|p1b: Wildfire\n|-resisted|p1b: Wildfire\n|-damage|p1b: Wildfire|88\/100\n|move|p2a: Entropy \ud83d\udc80|Ice Spinner|p1a: Huayco\n|-supereffective|p1a: Huayco\n|-damage|p1a: Huayco|0 fnt\n|-fieldend|move: Grassy Terrain\n|faint|p1a: Huayco\n|move|p1b: Wildfire|Trick Room|p1b: Wildfire\n|-fieldstart|move: Trick Room|[of] p1b: Wildfire\n|\n|-weather|SunnyDay|[upkeep]\n|upkeep\n|\n|t:|1698869415\n|switch|p1a: D.K|Braviary, M|100\/100\n|turn|5\n|\n|t:|1698869430\n|move|p1b: Wildfire|Heat Wave|p2a: Entropy \ud83d\udc80|[spread] p2a,p2b\n|-supereffective|p2b: Venusaur\n|-damage|p2a: Entropy \ud83d\udc80|48\/100\n|-damage|p2b: Venusaur|0 fnt\n|faint|p2b: Venusaur\n|-zpower|p1a: D.K\n|move|p1a: D.K|Supersonic Skystrike|p2a: Entropy \ud83d\udc80|[zeffect]\n|-supereffective|p2a: Entropy \ud83d\udc80\n|-damage|p2a: Entropy \ud83d\udc80|0 fnt\n|faint|p2a: Entropy \ud83d\udc80\n|-end|p2a: Entropy \ud83d\udc80|Protosynthesis|[silent]\n|\n|-weather|none\n|upkeep\n|\n|t:|1698869438\n|switch|p2b: Ozone \ud83d\udd73\ufe0f|Ogerpon-Hearthflame, F|100\/100\n|switch|p2a: Gravitas \u269b\ufe0f|Brute Bonnet|100\/100\n|-ability|p2b: Ozone \ud83d\udd73\ufe0f|Mold Breaker\n|turn|6\n|\n|t:|1698869462\n|move|p2a: Gravitas \u269b\ufe0f|Rage Powder|p2a: Gravitas \u269b\ufe0f\n|-singleturn|p2a: Gravitas \u269b\ufe0f|move: Rage Powder\n|move|p1b: Wildfire|Heat Wave|p2b: Ozone \ud83d\udd73\ufe0f|[spread] p2a,p2b\n|-supereffective|p2a: Gravitas \u269b\ufe0f\n|-damage|p2a: Gravitas \u269b\ufe0f|44\/100\n|-damage|p2b: Ozone \ud83d\udd73\ufe0f|60\/100\n|move|p1a: D.K|Brave Bird|p2a: Gravitas \u269b\ufe0f\n|-supereffective|p2a: Gravitas \u269b\ufe0f\n|-damage|p2a: Gravitas \u269b\ufe0f|0 fnt\n|faint|p2a: Gravitas \u269b\ufe0f\n|-end|p2a: Gravitas \u269b\ufe0f|Protosynthesis|[silent]\n|-damage|p1a: D.K|84\/100|[from] Recoil\n|move|p2b: Ozone \ud83d\udd73\ufe0f|Ivy Cudgel|p1b: Wildfire\n|-supereffective|p1b: Wildfire\n|-damage|p1b: Wildfire|0 fnt\n|faint|p1b: Wildfire\n|\n|upkeep\n|\n|t:|1698869475\n|switch|p1b: Bastion|Blastoise, M|100\/100\n|turn|7\n|\n|t:|1698869483\n|detailschange|p1b: Bastion|Blastoise-Mega, M\n|-mega|p1b: Bastion|Blastoise|Blastoisinite\n|move|p2b: Ozone \ud83d\udd73\ufe0f|Spiky Shield|p2b: Ozone \ud83d\udd73\ufe0f\n|-singleturn|p2b: Ozone \ud83d\udd73\ufe0f|move: Protect\n|move|p1a: D.K|Brave Bird|p2b: Ozone \ud83d\udd73\ufe0f\n|-activate|p2b: Ozone \ud83d\udd73\ufe0f|move: Protect\n|-damage|p1a: D.K|72\/100|[from] Spiky Shield|[of] p2b: Ozone \ud83d\udd73\ufe0f\n|move|p1b: Bastion|Water Spout|p2b: Ozone \ud83d\udd73\ufe0f\n|-activate|p2b: Ozone \ud83d\udd73\ufe0f|move: Protect\n|\n|upkeep\n|turn|8\n|\n|t:|1698869489\n|move|p1b: Bastion|Protect|p1b: Bastion\n|-singleturn|p1b: Bastion|Protect\n|move|p2b: Ozone \ud83d\udd73\ufe0f|Spiky Shield|p2b: Ozone \ud83d\udd73\ufe0f\n|-singleturn|p2b: Ozone \ud83d\udd73\ufe0f|move: Protect\n|move|p1a: D.K|Tailwind|p1a: D.K\n|-sidestart|p1: El Ryuk456|move: Tailwind\n|\n|-fieldend|move: Trick Room\n|upkeep\n|turn|9\n|\n|t:|1698869499\n|move|p1b: Bastion|Water Spout|p2b: Ozone \ud83d\udd73\ufe0f\n|-damage|p2b: Ozone \ud83d\udd73\ufe0f|0 fnt\n|faint|p2b: Ozone \ud83d\udd73\ufe0f\n|\n|win|El Ryuk456\n|raw|El Ryuk456's rating: 1540 &rarr; <strong>1553<\/strong><br \/>(+13 for winning)\n|raw|Bean.god's rating: 1419 &rarr; <strong>1406<\/strong><br \/>(-13 for losing)\n|c|\u2606Bean.god|Wp\n|c|\u2606El Ryuk456|thanks\n","uploadtime":1698869516,"views":8,"p1id":"elryuk456","p2id":"beangod","formatid":"gen9nationaldexdoubles","rating":1406,"private":0,"password":""}