{"id":"gen9nationaldexdoubles-1953411512","p1":"Try me noob","p2":"femspencer","format":"[Gen 9] National Dex Doubles","log":"|j|\u2606Try me noob\n|j|\u2606femspencer\n|t:|1695783726\n|gametype|doubles\n|player|p1|Try me noob|camper|1000\n|player|p2|femspencer|nurse|1141\n|teamsize|p1|6\n|teamsize|p2|6\n|gen|9\n|tier|[Gen 9] National Dex Doubles\n|rated|\n|rule|HP Percentage Mod: HP is shown in percentages\n|rule|Endless Battle Clause: Forcing endless battles is banned\n|rule|OHKO Clause: OHKO moves are banned\n|rule|Evasion Moves Clause: Evasion moves are banned\n|rule|Evasion Abilities Clause: Evasion abilities are banned\n|rule|Species Clause: Limit one of each Pok\u00e9mon\n|rule|Gravity Sleep Clause: The combination of sleep-inducing moves with imperfect accuracy and Gravity or Gigantamax Orbeetle are banned\n|clearpoke\n|poke|p1|Zygarde|\n|poke|p1|Blastoise, M|\n|poke|p1|Clefable, M|\n|poke|p1|Indeedee-F, F|\n|poke|p1|Venomoth, F|\n|poke|p1|Mr. Mime, M|\n|poke|p2|Sinistcha-Masterpiece|\n|poke|p2|Chandelure, F|\n|poke|p2|Flutter Mane|\n|poke|p2|Cofagrigus, F|\n|poke|p2|Dragapult, F|\n|poke|p2|Trevenant, F|\n|teampreview\n|\n|t:|1695783738\n|start\n|switch|p1a: Zygarde|Zygarde|100\/100\n|switch|p1b: Blastoise|Blastoise, M|100\/100\n|switch|p2a: Flutter Mane|Flutter Mane|100\/100\n|switch|p2b: Trevenant|Trevenant, F|100\/100\n|-ability|p1a: Zygarde|Aura Break\n|turn|1\n|inactive|Battle timer is ON: inactive players will automatically lose when time's up. (requested by Try me noob)\n|\n|t:|1695783757\n|-terastallize|p2a: Flutter Mane|Fairy\n|-terastallize|p1a: Zygarde|Steel\n|move|p1b: Blastoise|Follow Me|p1b: Blastoise\n|-singleturn|p1b: Blastoise|move: Follow Me\n|move|p2a: Flutter Mane|Moonblast|p1b: Blastoise\n|-crit|p1b: Blastoise\n|-damage|p1b: Blastoise|21\/100\n|-enditem|p1b: Blastoise|Iapapa Berry|[eat]\n|-heal|p1b: Blastoise|55\/100|[from] item: Iapapa Berry\n|move|p1a: Zygarde|Dragon Dance|p1a: Zygarde\n|-boost|p1a: Zygarde|atk|1\n|-boost|p1a: Zygarde|spe|1\n|move|p2b: Trevenant|Leech Seed|p1b: Blastoise\n|-start|p1b: Blastoise|move: Leech Seed\n|\n|-damage|p1b: Blastoise|42\/100|[from] Leech Seed|[of] p2b: Trevenant\n|upkeep\n|turn|2\n|\n|t:|1695783783\n|move|p1a: Zygarde|Protect|p1a: Zygarde\n|-singleturn|p1a: Zygarde|Protect\n|move|p1b: Blastoise|Follow Me|p1b: Blastoise\n|-singleturn|p1b: Blastoise|move: Follow Me\n|move|p2a: Flutter Mane|Moonblast|p1b: Blastoise\n|-crit|p1b: Blastoise\n|-damage|p1b: Blastoise|0 fnt\n|faint|p1b: Blastoise\n|move|p2b: Trevenant|Knock Off|p1a: Zygarde\n|-activate|p1a: Zygarde|move: Protect\n|\n|upkeep\n|\n|t:|1695783793\n|switch|p1b: Clefable|Clefable, M|100\/100\n|turn|3\n|\n|t:|1695783801\n|move|p1b: Clefable|Follow Me|p1b: Clefable\n|-singleturn|p1b: Clefable|move: Follow Me\n|move|p2a: Flutter Mane|Moonblast|p1b: Clefable\n|-crit|p1b: Clefable\n|-damage|p1b: Clefable|18\/100\n|-unboost|p1b: Clefable|spa|1\n|move|p1a: Zygarde|Dragon Dance|p1a: Zygarde\n|-boost|p1a: Zygarde|atk|1\n|-boost|p1a: Zygarde|spe|1\n|move|p2b: Trevenant|Poltergeist|p1b: Clefable\n|-activate|p1b: Clefable|move: Poltergeist|Focus Sash\n|-damage|p1b: Clefable|0 fnt\n|faint|p1b: Clefable\n|\n|upkeep\n|inactive|Try me noob has 120 seconds left.\n|\n|t:|1695783836\n|switch|p1b: Mr. Mime|Mr. Mime, M|100\/100\n|turn|4\n|\n|t:|1695783845\n|move|p1b: Mr. Mime|Follow Me|p1b: Mr. Mime\n|-singleturn|p1b: Mr. Mime|move: Follow Me\n|move|p2a: Flutter Mane|Moonblast|p1b: Mr. Mime\n|-damage|p1b: Mr. Mime|36\/100\n|move|p1a: Zygarde|Crunch|p2b: Trevenant\n|-supereffective|p2b: Trevenant\n|-damage|p2b: Trevenant|0 fnt\n|faint|p2b: Trevenant\n|\n|upkeep\n|\n|t:|1695783859\n|switch|p2b: Chandelure|Chandelure, F|100\/100\n|turn|5\n|inactive|Try me noob has 120 seconds left.\n|inactive|Try me noob has 90 seconds left.\n|\n|t:|1695783926\n|move|p1b: Mr. Mime|Follow Me|p1b: Mr. Mime\n|-singleturn|p1b: Mr. Mime|move: Follow Me\n|move|p2a: Flutter Mane|Moonblast|p1b: Mr. Mime\n|-damage|p1b: Mr. Mime|0 fnt\n|faint|p1b: Mr. Mime\n|move|p1a: Zygarde|Thousand Arrows|p2b: Chandelure|[spread] p2a,p2b\n|-supereffective|p2b: Chandelure\n|-damage|p2a: Flutter Mane|0 fnt\n|-damage|p2b: Chandelure|0 fnt\n|faint|p2a: Flutter Mane\n|-end|p2a: Flutter Mane|Protosynthesis|[silent]\n|faint|p2b: Chandelure\n|\n|upkeep\n|\n|t:|1695783942\n|switch|p2a: Sinistcha|Sinistcha-Masterpiece|100\/100\n|switch|p2b: Cofagrigus|Cofagrigus, F|100\/100\n|switch|p1b: Indeedee|Indeedee-F, F|100\/100\n|-fieldstart|move: Psychic Terrain|[from] ability: Psychic Surge|[of] p1b: Indeedee\n|turn|6\n|inactive|Try me noob has 120 seconds left.\n|\n|t:|1695783963\n|move|p1b: Indeedee|Follow Me|p1b: Indeedee\n|-singleturn|p1b: Indeedee|move: Follow Me\n|move|p1a: Zygarde|Crunch|p2a: Sinistcha\n|-supereffective|p2a: Sinistcha\n|-damage|p2a: Sinistcha|17\/100\n|move|p2a: Sinistcha|Stun Spore|p1b: Indeedee|[miss]\n|-miss|p2a: Sinistcha|p1b: Indeedee\n|move|p2b: Cofagrigus|Body Press|p1b: Indeedee\n|-damage|p1b: Indeedee|77\/100\n|\n|-heal|p2a: Sinistcha|23\/100|[from] item: Leftovers\n|upkeep\n|turn|7\n|\n|t:|1695783977\n|move|p1b: Indeedee|Follow Me|p1b: Indeedee\n|-singleturn|p1b: Indeedee|move: Follow Me\n|move|p1a: Zygarde|Thousand Arrows|p2b: Cofagrigus|[spread] p2a,p2b\n|-resisted|p2a: Sinistcha\n|-damage|p2a: Sinistcha|0 fnt\n|-damage|p2b: Cofagrigus|42\/100\n|faint|p2a: Sinistcha\n|move|p2b: Cofagrigus|Iron Defense|p2b: Cofagrigus\n|-boost|p2b: Cofagrigus|def|2\n|\n|-heal|p2b: Cofagrigus|49\/100|[from] item: Leftovers\n|upkeep\n|\n|t:|1695783987\n|switch|p2a: Dragapult|Dragapult, F, shiny|100\/100\n|turn|8\n|\n|t:|1695784010\n|move|p1b: Indeedee|Follow Me|p1b: Indeedee\n|-singleturn|p1b: Indeedee|move: Follow Me\n|move|p1a: Zygarde|Crunch|p2b: Cofagrigus\n|-supereffective|p2b: Cofagrigus\n|-damage|p2b: Cofagrigus|10\/100\n|-activate|p2b: Cofagrigus|ability: Mummy|Aura Break|[of] p1a: Zygarde\n|move|p2a: Dragapult|Dragon Darts|p1b: Indeedee\n|-damage|p1b: Indeedee|52\/100\n|-anim|p2a: Dragapult|Dragon Darts|p1b: Indeedee\n|-damage|p1b: Indeedee|26\/100\n|move|p2b: Cofagrigus|Iron Defense|p2b: Cofagrigus\n|-boost|p2b: Cofagrigus|def|2\n|\n|-heal|p2b: Cofagrigus|17\/100|[from] item: Leftovers\n|upkeep\n|turn|9\n|\n|t:|1695784028\n|move|p1b: Indeedee|Follow Me|p1b: Indeedee\n|-singleturn|p1b: Indeedee|move: Follow Me\n|move|p1a: Zygarde|Crunch|p2b: Cofagrigus\n|-supereffective|p2b: Cofagrigus\n|-damage|p2b: Cofagrigus|0 fnt\n|faint|p2b: Cofagrigus\n|move|p2a: Dragapult|Dragon Darts|p1b: Indeedee\n|-damage|p1b: Indeedee|0 fnt\n|faint|p1b: Indeedee\n|\n|upkeep\n|inactive|Try me noob has 120 seconds left.\n|\n|t:|1695784050\n|switch|p1b: Venomoth|Venomoth, F|100\/100\n|turn|10\n|\n|t:|1695784057\n|move|p1a: Zygarde|Crunch|p2a: Dragapult\n|-supereffective|p2a: Dragapult\n|-damage|p2a: Dragapult|0 fnt\n|faint|p2a: Dragapult\n|\n|win|Try me noob\n|raw|Try me noob's rating: 1000 &rarr; <strong>1055<\/strong><br \/>(+55 for winning)\n|raw|femspencer's rating: 1141 &rarr; <strong>1106<\/strong><br \/>(-35 for losing)\n","uploadtime":1695784061,"views":12,"p1id":"trymenoob","p2id":"femspencer","formatid":"gen9nationaldexdoubles","rating":1055,"private":0,"password":""}