{"id":"gen9nationaldexdoubles-1992853474","p1":"Ink!Jo","p2":"MrTRB","format":"[Gen 9] National Dex Doubles","log":"|j|\u2606Ink!Jo\n|j|\u2606MrTRB\n|t:|1700241128\n|gametype|doubles\n|player|p1|Ink!Jo|blue|1151\n|player|p2|MrTRB|benga|1110\n|teamsize|p1|6\n|teamsize|p2|6\n|gen|9\n|tier|[Gen 9] National Dex Doubles\n|rated|\n|rule|HP Percentage Mod: HP is shown in percentages\n|rule|Endless Battle Clause: Forcing endless battles is banned\n|rule|OHKO Clause: OHKO moves are banned\n|rule|Evasion Moves Clause: Evasion moves are banned\n|rule|Evasion Abilities Clause: Evasion abilities are banned\n|rule|Species Clause: Limit one of each Pok\u00e9mon\n|rule|Gravity Sleep Clause: The combination of sleep-inducing moves with imperfect accuracy and Gravity or Gigantamax Orbeetle are banned\n|clearpoke\n|poke|p1|Eevee, M|\n|poke|p1|Lucario, M|\n|poke|p1|Mimikyu, F|\n|poke|p1|Ninetales-Alola, F|\n|poke|p1|Iron Bundle|\n|poke|p1|Milotic, F|\n|poke|p2|Greninja-*, M|\n|poke|p2|Seismitoad, F|\n|poke|p2|Pelipper, M|\n|poke|p2|Palafin, M|\n|poke|p2|Ludicolo, F|\n|poke|p2|Bellibolt, F|\n|teampreview\n|\n|t:|1700241141\n|start\n|switch|p1a: Emo|Iron Bundle|100\/100\n|switch|p1b: Faily|Mimikyu, F, shiny|100\/100\n|switch|p2a: Pelipper|Pelipper, M, shiny|100\/100\n|switch|p2b: Palafin|Palafin, M|100\/100\n|-weather|RainDance|[from] ability: Drizzle|[of] p2a: Pelipper\n|-enditem|p1a: Emo|Booster Energy\n|-activate|p1a: Emo|ability: Quark Drive|[fromitem]\n|-start|p1a: Emo|quarkdrivespe\n|turn|1\n|\n|t:|1700241168\n|-terastallize|p1a: Emo|Water\n|move|p1a: Emo|Hydro Pump|p2a: Pelipper\n|-resisted|p2a: Pelipper\n|-damage|p2a: Pelipper|22\/100\n|move|p1b: Faily|Swords Dance|p1b: Faily\n|-boost|p1b: Faily|atk|2\n|move|p2b: Palafin|Flip Turn|p1b: Faily\n|-activate|p1b: Faily|ability: Disguise\n|-damage|p1b: Faily|100\/100\n|detailschange|p1b: Faily|Mimikyu-Busted, F, shiny\n|-damage|p1b: Faily|88\/100|[from] pokemon: Mimikyu-Busted\n|\n|t:|1700241192\n|detailschange|p2b: Palafin|Palafin-Hero, M\n|switch|p2b: Bellibolt|Bellibolt, F|100\/100|[from] Flip Turn\n|move|p2a: Pelipper|Tailwind|p2a: Pelipper\n|-sidestart|p2: MrTRB|move: Tailwind\n|\n|-weather|RainDance|[upkeep]\n|upkeep\n|turn|2\n|\n|t:|1700241211\n|move|p1a: Emo|Blizzard|p2b: Bellibolt|[spread] p2b\n|-miss|p1a: Emo|p2a: Pelipper\n|-damage|p2b: Bellibolt|61\/100\n|-start|p2b: Bellibolt|Charge|Blizzard|[from] ability: Electromorphosis\n|move|p2a: Pelipper|U-turn|p1b: Faily\n|-resisted|p1b: Faily\n|-damage|p1b: Faily|85\/100\n|\n|t:|1700241223\n|switch|p2a: Seismitoad|Seismitoad, F, shiny|100\/100|[from] U-turn\n|-zpower|p1b: Faily\n|move|p1b: Faily|Let's Snuggle Forever|p2b: Bellibolt|[zeffect]\n|-crit|p2b: Bellibolt\n|-damage|p2b: Bellibolt|0 fnt\n|faint|p2b: Bellibolt\n|\n|-weather|RainDance|[upkeep]\n|upkeep\n|\n|t:|1700241239\n|switch|p2b: Palafin|Palafin-Hero, M|100\/100\n|-activate|p2b: Palafin|ability: Zero to Hero\n|turn|3\n|\n|t:|1700241259\n|move|p2b: Palafin|Jet Punch|p1b: Faily\n|-damage|p1b: Faily|0 fnt\n|faint|p1b: Faily\n|move|p2a: Seismitoad|Power Whip|p1a: Emo\n|-supereffective|p1a: Emo\n|-damage|p1a: Emo|10\/100\n|move|p1a: Emo|Hydro Pump|p2b: Palafin\n|-resisted|p2b: Palafin\n|-damage|p2b: Palafin|52\/100\n|\n|-weather|RainDance|[upkeep]\n|-heal|p2b: Palafin|58\/100|[from] item: Leftovers\n|upkeep\n|\n|t:|1700241279\n|switch|p1b: Snowgrave|Ninetales-Alola, F|100\/100\n|-weather|Snow|[from] ability: Snow Warning|[of] p1b: Snowgrave\n|turn|4\n|\n|t:|1700241300\n|move|p2b: Palafin|Jet Punch|p1a: Emo\n|-resisted|p1a: Emo\n|-crit|p1a: Emo\n|-damage|p1a: Emo|0 fnt\n|faint|p1a: Emo\n|-end|p1a: Emo|Quark Drive|[silent]\n|move|p2a: Seismitoad|Power-Up Punch|p1b: Snowgrave\n|-damage|p1b: Snowgrave|88\/100\n|-boost|p2a: Seismitoad|atk|1\n|move|p1b: Snowgrave|Blizzard|p2b: Palafin|[spread] p2a,p2b\n|-resisted|p2b: Palafin\n|-damage|p2a: Seismitoad|77\/100\n|-damage|p2b: Palafin|44\/100\n|\n|-weather|Snow|[upkeep]\n|-heal|p2b: Palafin|50\/100|[from] item: Leftovers\n|-sideend|p2: MrTRB|move: Tailwind\n|upkeep\n|\n|t:|1700241311\n|switch|p1a: Noelle|Milotic, F|100\/100\n|turn|5\n|\n|t:|1700241323\n|move|p1b: Snowgrave|Blizzard|p2b: Palafin|[spread] p2a,p2b\n|-resisted|p2b: Palafin\n|-damage|p2a: Seismitoad|47\/100\n|-damage|p2b: Palafin|34\/100\n|-status|p2b: Palafin|frz\n|move|p2a: Seismitoad|Power Whip|p1a: Noelle\n|-supereffective|p1a: Noelle\n|-damage|p1a: Noelle|0 fnt\n|faint|p1a: Noelle\n|cant|p2b: Palafin|frz\n|\n|-weather|Snow|[upkeep]\n|-heal|p2b: Palafin|40\/100 frz|[from] item: Leftovers\n|upkeep\n|\n|t:|1700241333\n|switch|p1a: Hunrr|Lucario, M|100\/100\n|turn|6\n|\n|t:|1700241343\n|detailschange|p1a: Hunrr|Lucario-Mega, M\n|-mega|p1a: Hunrr|Lucario|Lucarionite\n|move|p1a: Hunrr|Close Combat|p2a: Seismitoad\n|-damage|p2a: Seismitoad|0 fnt\n|-unboost|p1a: Hunrr|def|1\n|-unboost|p1a: Hunrr|spd|1\n|faint|p2a: Seismitoad\n|move|p1b: Snowgrave|Nasty Plot|p1b: Snowgrave\n|-boost|p1b: Snowgrave|spa|2\n|cant|p2b: Palafin|frz\n|\n|-weather|Snow|[upkeep]\n|-heal|p2b: Palafin|46\/100 frz|[from] item: Leftovers\n|upkeep\n|\n|t:|1700241358\n|switch|p2a: Pelipper|Pelipper, M, shiny|22\/100\n|-weather|RainDance|[from] ability: Drizzle|[of] p2a: Pelipper\n|turn|7\n|\n|t:|1700241371\n|move|p1a: Hunrr|Extreme Speed|p2a: Pelipper\n|-damage|p2a: Pelipper|0 fnt\n|faint|p2a: Pelipper\n|move|p1b: Snowgrave|Nasty Plot|p1b: Snowgrave\n|-boost|p1b: Snowgrave|spa|2\n|-curestatus|p2b: Palafin|frz|[msg]\n|move|p2b: Palafin|Drain Punch|p1a: Hunrr\n|-supereffective|p1a: Hunrr\n|-damage|p1a: Hunrr|0 fnt\n|-heal|p2b: Palafin|81\/100|[from] drain|[of] p1a: Hunrr\n|faint|p1a: Hunrr\n|\n|-weather|RainDance|[upkeep]\n|-heal|p2b: Palafin|87\/100|[from] item: Leftovers\n|upkeep\n|\n|t:|1700241391\n|switch|p1a: Asriel|Eevee, M, shiny|100\/100\n|switch|p2a: Ludicolo|Ludicolo, F, shiny|100\/100\n|-item|p1a: Asriel|Air Balloon\n|turn|8\n|\n|t:|1700241407\n|move|p1a: Asriel|Helping Hand|p1b: Snowgrave\n|-singleturn|p1b: Snowgrave|Helping Hand|[of] p1a: Asriel\n|move|p2b: Palafin|Jet Punch|p1b: Snowgrave\n|-damage|p1b: Snowgrave|0 fnt\n|faint|p1b: Snowgrave\n|move|p2a: Ludicolo|Knock Off|p1a: Asriel\n|-damage|p1a: Asriel|64\/100\n|-enditem|p1a: Asriel|Air Balloon\n|-damage|p2a: Ludicolo|91\/100|[from] item: Life Orb\n|\n|-weather|RainDance|[upkeep]\n|-heal|p2a: Ludicolo|97\/100|[from] ability: Rain Dish\n|-heal|p2b: Palafin|93\/100|[from] item: Leftovers\n|upkeep\n|turn|9\n|c|\u2606MrTRB|yo?\n|inactive|Battle timer is ON: inactive players will automatically lose when time's up. (requested by MrTRB)\n|inactive|Ink!Jo has 120 seconds left.\n|inactive|Ink!Jo has 90 seconds left.\n|inactive|Ink!Jo has 60 seconds left.\n|l|\u2606Ink!Jo\n|inactive|Ink!Jo disconnected and has a minute to reconnect!\n|player|p1|\n|inactive|Ink!Jo has 30 seconds to reconnect!\n|inactive|Ink!Jo has 20 seconds to reconnect!\n|inactive|Ink!Jo has 15 seconds to reconnect!\n|inactive|Ink!Jo has 10 seconds to reconnect!\n|inactive|Ink!Jo has 5 seconds to reconnect!\n|-message|Ink!Jo lost due to inactivity.\n|\n|win|MrTRB\n|raw|Ink!Jo's rating: 1158 &rarr; <strong>1130<\/strong><br \/>(-28 for losing)\n|raw|MrTRB's rating: 1110 &rarr; <strong>1138<\/strong><br \/>(+28 for winning)\n","uploadtime":1700241731,"views":5,"p1id":"inkjo","p2id":"mrtrb","formatid":"gen9nationaldexdoubles","rating":1130,"private":0,"password":""}