{"id":"gen9nationaldexdoubles-1960723830","p1":"Mudkiped","p2":"Danomatic132","format":"[Gen 9] National Dex Doubles","log":"|j|\u2606Mudkiped\n|j|\u2606Danomatic132\n|t:|1696549805\n|gametype|doubles\n|player|p1|Mudkiped|crasherwake|\n|player|p2|Danomatic132|steven-masters2|\n|teamsize|p1|6\n|teamsize|p2|6\n|gen|9\n|tier|[Gen 9] National Dex Doubles\n|rule|HP Percentage Mod: HP is shown in percentages\n|rule|Endless Battle Clause: Forcing endless battles is banned\n|rule|OHKO Clause: OHKO moves are banned\n|rule|Evasion Moves Clause: Evasion moves are banned\n|rule|Evasion Abilities Clause: Evasion abilities are banned\n|rule|Species Clause: Limit one of each Pok\u00e9mon\n|rule|Gravity Sleep Clause: The combination of sleep-inducing moves with imperfect accuracy and Gravity or Gigantamax Orbeetle are banned\n|clearpoke\n|poke|p1|Wo-Chien|\n|poke|p1|Sinistcha-Masterpiece|\n|poke|p1|Incineroar, F|\n|poke|p1|Tinkaton, F|\n|poke|p1|Ninetales-Alola, F|\n|poke|p1|Landorus, M|\n|poke|p2|Ursaluna, M|\n|poke|p2|Amoonguss, F|\n|poke|p2|Ninetales-Alola, M|\n|poke|p2|Tyranitar, F|\n|poke|p2|Armarouge, M|\n|poke|p2|Indeedee-F, F|\n|teampreview\n|j| cr46290\n|inactive|Battle timer is ON: inactive players will automatically lose when time's up. (requested by Danomatic132)\n|inactive|Mudkiped has 270 seconds left.\n|\n|t:|1696549878\n|start\n|switch|p1a: Mc Cloud|Ninetales-Alola, F|100\/100\n|switch|p1b: Wheres My Tea?|Landorus, M|100\/100\n|switch|p2a: Indeedee|Indeedee-F, F|100\/100\n|switch|p2b: Armarouge|Armarouge, M|100\/100\n|-weather|Snow|[from] ability: Snow Warning|[of] p1a: Mc Cloud\n|-fieldstart|move: Psychic Terrain|[from] ability: Psychic Surge|[of] p2a: Indeedee\n|turn|1\n|\n|t:|1696549899\n|switch|p2a: Tyranitar|Tyranitar, F|100\/100\n|-weather|Sandstorm|[from] ability: Sand Stream|[of] p2a: Tyranitar\n|move|p1a: Mc Cloud|Protect|p1a: Mc Cloud\n|-singleturn|p1a: Mc Cloud|Protect\n|move|p1b: Wheres My Tea?|Defog|p2b: Armarouge\n|-unboost|p2b: Armarouge|evasion|1\n|-fieldend|move: Psychic Terrain\n|move|p2b: Armarouge|Trick Room|p2b: Armarouge\n|-fieldstart|move: Trick Room|[of] p2b: Armarouge\n|\n|-weather|Sandstorm|[upkeep]\n|-damage|p2b: Armarouge|94\/100|[from] Sandstorm\n|-damage|p1a: Mc Cloud|95\/100|[from] Sandstorm\n|upkeep\n|turn|2\n|j| caeden0330\n|inactive|Mudkiped has 270 seconds left.\n|\n|t:|1696549931\n|switch|p1a: Whats New?|Incineroar, F, shiny|100\/100\n|-ability|p1a: Whats New?|Intimidate|boost\n|-unboost|p2a: Tyranitar|atk|1\n|-unboost|p2b: Armarouge|atk|1\n|detailschange|p2a: Tyranitar|Tyranitar-Mega, F\n|-mega|p2a: Tyranitar|Tyranitar|Tyranitarite\n|move|p2a: Tyranitar|Rock Slide|p1a: Whats New?|[spread] p1a,p1b\n|-supereffective|p1a: Whats New?\n|-damage|p1a: Whats New?|53\/100\n|-damage|p1b: Wheres My Tea?|73\/100\n|move|p2b: Armarouge|Armor Cannon|p1a: Whats New?\n|-resisted|p1a: Whats New?\n|-damage|p1a: Whats New?|29\/100\n|-unboost|p2b: Armarouge|def|1\n|-unboost|p2b: Armarouge|spd|1\n|-enditem|p1a: Whats New?|Sitrus Berry|[eat]\n|-heal|p1a: Whats New?|54\/100|[from] item: Sitrus Berry\n|move|p1b: Wheres My Tea?|Sandsear Storm|p2a: Tyranitar|[spread] p2a,p2b\n|-supereffective|p2a: Tyranitar\n|-supereffective|p2b: Armarouge\n|-damage|p2a: Tyranitar|51\/100\n|-damage|p2b: Armarouge|0 fnt\n|faint|p2b: Armarouge\n|\n|-weather|Sandstorm|[upkeep]\n|-damage|p1a: Whats New?|48\/100|[from] Sandstorm\n|upkeep\n|inactive|Danomatic132 has 270 seconds left.\n|\n|t:|1696549951\n|switch|p2b: Indeedee|Indeedee-F, F|100\/100\n|-fieldstart|move: Psychic Terrain|[from] ability: Psychic Surge|[of] p2b: Indeedee\n|turn|3\n|inactive|Danomatic132 has 270 seconds left.\n|\n|t:|1696549989\n|move|p1a: Whats New?|Knock Off|p2b: Indeedee\n|-supereffective|p2b: Indeedee\n|-damage|p2b: Indeedee|0 fnt\n|-enditem|p2b: Indeedee|Terrain Extender|[from] move: Knock Off|[of] p1a: Whats New?\n|faint|p2b: Indeedee\n|move|p2a: Tyranitar|Rock Slide|p1a: Whats New?|[spread] p1b\n|-miss|p2a: Tyranitar|p1a: Whats New?\n|-damage|p1b: Wheres My Tea?|45\/100\n|move|p1b: Wheres My Tea?|Sandsear Storm|p2a: Tyranitar\n|-supereffective|p2a: Tyranitar\n|-damage|p2a: Tyranitar|0 fnt\n|faint|p2a: Tyranitar\n|\n|-weather|Sandstorm|[upkeep]\n|-damage|p1a: Whats New?|42\/100|[from] Sandstorm\n|upkeep\n|\n|t:|1696550009\n|switch|p2a: Ursaluna|Ursaluna, M|100\/100\n|switch|p2b: Ninetales|Ninetales-Alola, M|100\/100\n|-weather|Snow|[from] ability: Snow Warning|[of] p2b: Ninetales\n|turn|4\n|inactive|Mudkiped has 270 seconds left.\n|\n|t:|1696550053\n|switch|p1b: Mc Cloud|Ninetales-Alola, F|95\/100\n|move|p2a: Ursaluna|Belly Drum|p2a: Ursaluna\n|-damage|p2a: Ursaluna|50\/100\n|-setboost|p2a: Ursaluna|atk|6|[from] move: Belly Drum\n|move|p1a: Whats New?|Parting Shot|p2a: Ursaluna\n|-unboost|p2a: Ursaluna|atk|1\n|-unboost|p2a: Ursaluna|spa|1\n|\n|t:|1696550063\n|switch|p1a: Tinkaton|Tinkaton, F|100\/100|[from] Parting Shot\n|-ability|p1a: Tinkaton|Mold Breaker\n|move|p2b: Ninetales|Blizzard|p1b: Mc Cloud|[spread] p1a,p1b\n|-resisted|p1a: Tinkaton\n|-resisted|p1b: Mc Cloud\n|-damage|p1a: Tinkaton|85\/100\n|-damage|p1b: Mc Cloud|76\/100\n|\n|-weather|Snow|[upkeep]\n|-heal|p2a: Ursaluna|57\/100|[from] item: Leftovers\n|-heal|p1a: Tinkaton|91\/100|[from] item: Leftovers\n|upkeep\n|turn|5\n|inactive|Danomatic132 has 270 seconds left.\n|inactive|Mudkiped has 270 seconds left.\n|\n|t:|1696550099\n|move|p1a: Tinkaton|Protect|p1a: Tinkaton\n|-singleturn|p1a: Tinkaton|Protect\n|move|p2a: Ursaluna|Drain Punch|p1b: Mc Cloud\n|-damage|p1b: Mc Cloud|0 fnt\n|-heal|p2a: Ursaluna|85\/100|[from] drain|[of] p1b: Mc Cloud\n|faint|p1b: Mc Cloud\n|move|p2b: Ninetales|Aurora Veil|p2b: Ninetales\n|-sidestart|p2: Danomatic132|move: Aurora Veil\n|\n|-weather|Snow|[upkeep]\n|-heal|p2a: Ursaluna|92\/100|[from] item: Leftovers\n|-heal|p1a: Tinkaton|97\/100|[from] item: Leftovers\n|-fieldend|move: Trick Room\n|upkeep\n|inactive|Mudkiped has 270 seconds left.\n|\n|t:|1696550118\n|switch|p1b: Lich's Big W|Wo-Chien|100\/100\n|-ability|p1b: Lich's Big W|Tablets of Ruin\n|turn|6\n|inactive|Danomatic132 has 270 seconds left.\n|\n|t:|1696550139\n|switch|p2b: Amoonguss|Amoonguss, F|100\/100\n|move|p1b: Lich's Big W|Protect|p1b: Lich's Big W\n|-singleturn|p1b: Lich's Big W|Protect\n|move|p1a: Tinkaton|Gigaton Hammer|p2b: Amoonguss\n|-damage|p2b: Amoonguss|76\/100\n|move|p2a: Ursaluna|Drain Punch|p1b: Lich's Big W\n|-activate|p1b: Lich's Big W|move: Protect\n|\n|-weather|Snow|[upkeep]\n|-heal|p1a: Tinkaton|100\/100|[from] item: Leftovers\n|-heal|p2b: Amoonguss|82\/100|[from] item: Black Sludge\n|-heal|p2a: Ursaluna|98\/100|[from] item: Leftovers\n|upkeep\n|turn|7\n|inactive|Danomatic132 has 270 seconds left.\n|\n|t:|1696550162\n|move|p2b: Amoonguss|Rage Powder|p2b: Amoonguss\n|-singleturn|p2b: Amoonguss|move: Rage Powder\n|move|p1a: Tinkaton|Knock Off|p2b: Amoonguss\n|-damage|p2b: Amoonguss|73\/100\n|-enditem|p2b: Amoonguss|Black Sludge|[from] move: Knock Off|[of] p1a: Tinkaton\n|move|p1b: Lich's Big W|Foul Play|p2a: Ursaluna\n|-damage|p2a: Ursaluna|33\/100\n|move|p2a: Ursaluna|Drain Punch|p1b: Lich's Big W\n|-supereffective|p1b: Lich's Big W\n|-damage|p1b: Lich's Big W|3\/100\n|-heal|p2a: Ursaluna|78\/100|[from] drain|[of] p1b: Lich's Big W\n|\n|-weather|Snow|[upkeep]\n|-heal|p1b: Lich's Big W|9\/100|[from] item: Leftovers\n|-heal|p2a: Ursaluna|85\/100|[from] item: Leftovers\n|upkeep\n|turn|8\n|inactive|Danomatic132 has 270 seconds left.\n|inactive|Mudkiped has 270 seconds left.\n|\n|t:|1696550192\n|switch|p1a: Let Em Cook|Sinistcha-Masterpiece, shiny|100\/100\n|-heal|p1b: Lich's Big W|34\/100|[from] ability: Hospitality|[of] p1a: Let Em Cook\n|move|p2b: Amoonguss|Rage Powder|p2b: Amoonguss\n|-singleturn|p2b: Amoonguss|move: Rage Powder\n|move|p1b: Lich's Big W|Foul Play|p2a: Ursaluna\n|-damage|p2a: Ursaluna|17\/100\n|move|p2a: Ursaluna|Earthquake|p1b: Lich's Big W|[spread] p2b,p1a,p1b\n|-resisted|p1a: Let Em Cook\n|-resisted|p1b: Lich's Big W\n|-damage|p2b: Amoonguss|24\/100\n|-damage|p1a: Let Em Cook|57\/100\n|-damage|p1b: Lich's Big W|0 fnt\n|faint|p1b: Lich's Big W\n|\n|-weather|none\n|-heal|p2a: Ursaluna|23\/100|[from] item: Leftovers\n|upkeep\n|inactive|Mudkiped has 270 seconds left.\n|\n|t:|1696550209\n|switch|p1b: Whats New?|Incineroar, F, shiny|42\/100\n|-ability|p1b: Whats New?|Intimidate|boost\n|-unboost|p2a: Ursaluna|atk|1\n|-unboost|p2b: Amoonguss|atk|1\n|turn|9\n|\n|t:|1696550220\n|move|p1b: Whats New?|Fake Out|p2b: Amoonguss\n|-activate|p2b: Amoonguss|move: Psychic Terrain\n|move|p1a: Let Em Cook|Matcha Gotcha|p2b: Amoonguss|[spread] p2a,p2b\n|-supereffective|p2a: Ursaluna\n|-resisted|p2b: Amoonguss\n|-damage|p2a: Ursaluna|0 fnt\n|-heal|p1a: Let Em Cook|70\/100|[from] drain|[of] p2a: Ursaluna\n|-damage|p2b: Amoonguss|20\/100\n|-heal|p1a: Let Em Cook|73\/100|[from] drain|[of] p2b: Amoonguss\n|faint|p2a: Ursaluna\n|move|p2b: Amoonguss|Pollen Puff|p2: Ursaluna|[notarget]\n|-fail|p2b: Amoonguss\n|\n|upkeep\n|\n|t:|1696550232\n|switch|p2a: Ninetales|Ninetales-Alola, M|100\/100\n|-weather|Snow|[from] ability: Snow Warning|[of] p2a: Ninetales\n|turn|10\n|inactive|Mudkiped has 270 seconds left.\n|\n|t:|1696550276\n|switch|p1b: Tinkaton|Tinkaton, F|100\/100\n|-ability|p1b: Tinkaton|Mold Breaker\n|move|p2b: Amoonguss|Rage Powder|p2b: Amoonguss\n|-singleturn|p2b: Amoonguss|move: Rage Powder\n|move|p2a: Ninetales|Blizzard|p1b: Tinkaton|[spread] p1a,p1b\n|-supereffective|p1a: Let Em Cook\n|-resisted|p1b: Tinkaton\n|-damage|p1a: Let Em Cook|24\/100\n|-damage|p1b: Tinkaton|85\/100\n|move|p1a: Let Em Cook|Matcha Gotcha|p2a: Ninetales|[spread] p2a,p2b\n|-resisted|p2b: Amoonguss\n|-damage|p2a: Ninetales|82\/100\n|-heal|p1a: Let Em Cook|31\/100|[from] drain|[of] p2a: Ninetales\n|-damage|p2b: Amoonguss|17\/100\n|-heal|p1a: Let Em Cook|34\/100|[from] drain|[of] p2b: Amoonguss\n|-status|p2b: Amoonguss|brn\n|\n|-weather|Snow|[upkeep]\n|-heal|p1b: Tinkaton|91\/100|[from] item: Leftovers\n|-damage|p2b: Amoonguss|10\/100 brn|[from] brn\n|-fieldend|move: Psychic Terrain\n|upkeep\n|turn|11\n|inactive|Mudkiped has 270 seconds left.\n|\n|t:|1696550300\n|switch|p1a: Whats New?|Incineroar, F, shiny|42\/100\n|-ability|p1a: Whats New?|Intimidate|boost\n|-unboost|p2a: Ninetales|atk|1\n|-unboost|p2b: Amoonguss|atk|1\n|-terastallize|p2a: Ninetales|Ice\n|move|p1b: Tinkaton|Fake Out|p2a: Ninetales\n|-damage|p2a: Ninetales|74\/100\n|cant|p2a: Ninetales|flinch\n|move|p2b: Amoonguss|Spore|p1b: Tinkaton\n|-status|p1b: Tinkaton|slp|[from] move: Spore\n|\n|-weather|Snow|[upkeep]\n|-heal|p1b: Tinkaton|98\/100 slp|[from] item: Leftovers\n|-damage|p2b: Amoonguss|4\/100 brn|[from] brn\n|upkeep\n|turn|12\n|inactive|Mudkiped has 270 seconds left.\n|\n|t:|1696550326\n|move|p1a: Whats New?|Fake Out|p2b: Amoonguss\n|-damage|p2b: Amoonguss|0 fnt\n|faint|p2b: Amoonguss\n|move|p2a: Ninetales|Blizzard|p1b: Tinkaton|[spread] p1a,p1b\n|-resisted|p1a: Whats New?\n|-resisted|p1b: Tinkaton\n|-damage|p1a: Whats New?|26\/100\n|-damage|p1b: Tinkaton|76\/100 slp\n|cant|p1b: Tinkaton|slp\n|\n|-weather|Snow|[upkeep]\n|-heal|p1b: Tinkaton|82\/100 slp|[from] item: Leftovers\n|-sideend|p2: Danomatic132|move: Aurora Veil\n|upkeep\n|turn|13\n|\n|t:|1696550345\n|switch|p1a: Let Em Cook|Sinistcha-Masterpiece, shiny|34\/100\n|-heal|p1b: Tinkaton|100\/100 slp|[from] ability: Hospitality|[of] p1a: Let Em Cook\n|move|p2a: Ninetales|Moonblast|p1a: Let Em Cook\n|-damage|p1a: Let Em Cook|1\/100\n|cant|p1b: Tinkaton|slp\n|\n|-weather|Snow|[upkeep]\n|upkeep\n|turn|14\n|\n|t:|1696550361\n|move|p2a: Ninetales|Blizzard|p1b: Tinkaton|[spread] p1a,p1b\n|-supereffective|p1a: Let Em Cook\n|-resisted|p1b: Tinkaton\n|-damage|p1a: Let Em Cook|0 fnt\n|-damage|p1b: Tinkaton|78\/100 slp\n|faint|p1a: Let Em Cook\n|-curestatus|p1b: Tinkaton|slp|[msg]\n|move|p1b: Tinkaton|Gigaton Hammer|p2a: Ninetales\n|-supereffective|p2a: Ninetales\n|-damage|p2a: Ninetales|0 fnt\n|faint|p2a: Ninetales\n|\n|win|Mudkiped\n|c|\u2606Danomatic132|Gg\n|l|\u2606Danomatic132\n","uploadtime":1696550425,"views":9,"p1id":"mudkiped","p2id":"danomatic132","formatid":"gen9nationaldexdoubles","rating":0,"private":0,"password":""}