{"id":"gen9nationaldexdoubles-1972044919","p1":"Tonni stark","p2":"Shnipe_Cizy","format":"[Gen 9] National Dex Doubles","log":"|j|\u2606Tonni stark\n|j|\u2606Shnipe_Cizy\n|t:|1697808029\n|gametype|doubles\n|player|p1|Tonni stark|2|1225\n|player|p2|Shnipe_Cizy|blackbelt-gen4dp|1418\n|teamsize|p1|6\n|teamsize|p2|6\n|gen|9\n|tier|[Gen 9] National Dex Doubles\n|rated|\n|rule|HP Percentage Mod: HP is shown in percentages\n|rule|Endless Battle Clause: Forcing endless battles is banned\n|rule|OHKO Clause: OHKO moves are banned\n|rule|Evasion Moves Clause: Evasion moves are banned\n|rule|Evasion Abilities Clause: Evasion abilities are banned\n|rule|Species Clause: Limit one of each Pok\u00e9mon\n|rule|Gravity Sleep Clause: The combination of sleep-inducing moves with imperfect accuracy and Gravity or Gigantamax Orbeetle are banned\n|clearpoke\n|poke|p1|Electrode|\n|poke|p1|Druddigon, F|\n|poke|p1|Escavalier, F|\n|poke|p1|Reuniclus, M|\n|poke|p1|Mamoswine, F|\n|poke|p1|Sinistcha-Masterpiece|\n|poke|p2|Palafin, M|\n|poke|p2|Incineroar, M|\n|poke|p2|Amoonguss, F|\n|poke|p2|Flutter Mane|\n|poke|p2|Ninetales-Alola, M|\n|poke|p2|Chien-Pao|\n|teampreview\n|inactive|Battle timer is ON: inactive players will automatically lose when time's up. (requested by Tonni stark)\n|\n|t:|1697808053\n|start\n|switch|p1a: Mamoswine|Mamoswine, F|100\/100\n|switch|p1b: Escavalier|Escavalier, F|100\/100\n|switch|p2a: Palafin|Palafin, M|100\/100\n|switch|p2b: Ninetales|Ninetales-Alola, M, shiny|100\/100\n|-weather|Snow|[from] ability: Snow Warning|[of] p2b: Ninetales\n|turn|1\n|\n|t:|1697808059\n|detailschange|p2a: Palafin|Palafin-Hero, M\n|switch|p2a: Incineroar|Incineroar, M|100\/100\n|-ability|p2a: Incineroar|Intimidate|boost\n|-unboost|p1a: Mamoswine|atk|1\n|-unboost|p1b: Escavalier|atk|1\n|move|p2b: Ninetales|Aurora Veil|p2b: Ninetales\n|-sidestart|p2: Shnipe_Cizy|move: Aurora Veil\n|move|p1a: Mamoswine|Trailblaze|p2a: Incineroar\n|-resisted|p2a: Incineroar\n|-damage|p2a: Incineroar|97\/100\n|-boost|p1a: Mamoswine|spe|1\n|move|p1b: Escavalier|Iron Head|p2b: Ninetales\n|-supereffective|p2b: Ninetales\n|-damage|p2b: Ninetales|22\/100\n|\n|-weather|Snow|[upkeep]\n|upkeep\n|turn|2\n|\n|t:|1697808085\n|switch|p1b: Druddigon|Druddigon, F|100\/100\n|move|p1a: Mamoswine|Rock Blast|p2b: Ninetales\n|-supereffective|p2b: Ninetales\n|-damage|p2b: Ninetales|16\/100\n|-supereffective|p2b: Ninetales\n|-damage|p2b: Ninetales|9\/100\n|-supereffective|p2b: Ninetales\n|-damage|p2b: Ninetales|3\/100\n|-supereffective|p2b: Ninetales\n|-damage|p2b: Ninetales|0 fnt\n|faint|p2b: Ninetales\n|-hitcount|p2: Ninetales|4\n|move|p2a: Incineroar|Flare Blitz|p1b: Druddigon\n|-resisted|p1b: Druddigon\n|-damage|p1b: Druddigon|82\/100\n|-damage|p2a: Incineroar|85\/100|[from] ability: Rough Skin|[of] p1b: Druddigon\n|-damage|p2a: Incineroar|68\/100|[from] item: Rocky Helmet|[of] p1b: Druddigon\n|-damage|p2a: Incineroar|63\/100|[from] Recoil\n|\n|-weather|Snow|[upkeep]\n|upkeep\n|\n|t:|1697808092\n|switch|p2b: Palafin|Palafin-Hero, M|100\/100\n|-activate|p2b: Palafin|ability: Zero to Hero\n|turn|3\n|\n|t:|1697808115\n|-terastallize|p2b: Palafin|Water\n|move|p2b: Palafin|Jet Punch|p1a: Mamoswine\n|-supereffective|p1a: Mamoswine\n|-damage|p1a: Mamoswine|1\/100\n|move|p1a: Mamoswine|Rock Blast|p2a: Incineroar\n|-supereffective|p2a: Incineroar\n|-damage|p2a: Incineroar|57\/100\n|-supereffective|p2a: Incineroar\n|-damage|p2a: Incineroar|51\/100\n|-supereffective|p2a: Incineroar\n|-crit|p2a: Incineroar\n|-damage|p2a: Incineroar|29\/100\n|-enditem|p2a: Incineroar|Sitrus Berry|[eat]\n|-heal|p2a: Incineroar|54\/100|[from] item: Sitrus Berry\n|-supereffective|p2a: Incineroar\n|-damage|p2a: Incineroar|47\/100\n|-supereffective|p2a: Incineroar\n|-damage|p2a: Incineroar|41\/100\n|-hitcount|p2a: Incineroar|5\n|move|p2a: Incineroar|Parting Shot|p1b: Druddigon\n|-unboost|p1b: Druddigon|atk|1\n|-unboost|p1b: Druddigon|spa|1\n|\n|t:|1697808132\n|switch|p2a: Chien-Pao|Chien-Pao|100\/100|[from] Parting Shot\n|-ability|p2a: Chien-Pao|Sword of Ruin\n|move|p1b: Druddigon|Glare|p2b: Palafin\n|-status|p2b: Palafin|par\n|\n|-weather|Snow|[upkeep]\n|upkeep\n|turn|4\n|\n|t:|1697808152\n|switch|p1a: Escavalier|Escavalier, F|100\/100\n|move|p2b: Palafin|Jet Punch|p1a: Escavalier\n|-damage|p1a: Escavalier|26\/100\n|move|p2a: Chien-Pao|Ice Spinner|p1b: Druddigon\n|-supereffective|p1b: Druddigon\n|-damage|p1b: Druddigon|0 fnt\n|-damage|p2a: Chien-Pao|88\/100|[from] ability: Rough Skin|[of] p1b: Druddigon\n|-damage|p2a: Chien-Pao|72\/100|[from] item: Rocky Helmet|[of] p1b: Druddigon\n|faint|p1b: Druddigon\n|\n|-weather|Snow|[upkeep]\n|upkeep\n|\n|t:|1697808160\n|switch|p1b: Electrode|Electrode|100\/100\n|turn|5\n|\n|t:|1697808172\n|switch|p2b: Amoonguss|Amoonguss, F|100\/100\n|move|p2a: Chien-Pao|Sucker Punch|p1a: Escavalier\n|-damage|p1a: Escavalier|0 fnt\n|faint|p1a: Escavalier\n|move|p1b: Electrode|Electro Ball|p2b: Amoonguss\n|-resisted|p2b: Amoonguss\n|-damage|p2b: Amoonguss|76\/100\n|-damage|p1b: Electrode|91\/100|[from] item: Life Orb\n|\n|-weather|none\n|upkeep\n|\n|t:|1697808182\n|switch|p1a: Reuniclus|Reuniclus, M, shiny|100\/100\n|turn|6\n|\n|t:|1697808210\n|move|p2a: Chien-Pao|Sucker Punch||[still]\n|-fail|p2a: Chien-Pao\n|move|p1b: Electrode|Thunder Wave|p2a: Chien-Pao\n|-status|p2a: Chien-Pao|par\n|move|p2b: Amoonguss|Spore|p1a: Reuniclus\n|-status|p1a: Reuniclus|slp|[from] move: Spore\n|cant|p1a: Reuniclus|slp\n|\n|upkeep\n|turn|7\n|inactive|Tonni stark has 120 seconds left.\n|\n|t:|1697808248\n|switch|p1b: Sinistcha|Sinistcha-Masterpiece, shiny|100\/100\n|move|p2b: Amoonguss|Rage Powder|p2b: Amoonguss\n|-singleturn|p2b: Amoonguss|move: Rage Powder\n|cant|p2a: Chien-Pao|par\n|cant|p1a: Reuniclus|slp\n|\n|upkeep\n|turn|8\n|\n|t:|1697808263\n|move|p2a: Chien-Pao|Ice Spinner|p1b: Sinistcha\n|-supereffective|p1b: Sinistcha\n|-damage|p1b: Sinistcha|0 fnt\n|faint|p1b: Sinistcha\n|-curestatus|p1a: Reuniclus|slp|[msg]\n|move|p1a: Reuniclus|Psychic|p2b: Amoonguss\n|-supereffective|p2b: Amoonguss\n|-damage|p2b: Amoonguss|11\/100\n|-unboost|p2b: Amoonguss|spd|1\n|-enditem|p2b: Amoonguss|Aguav Berry|[eat]\n|-heal|p2b: Amoonguss|45\/100|[from] item: Aguav Berry\n|move|p2b: Amoonguss|Pollen Puff|p2a: Chien-Pao\n|-heal|p2a: Chien-Pao|100\/100 par\n|\n|-sideend|p2: Shnipe_Cizy|move: Aurora Veil\n|upkeep\n|\n|t:|1697808274\n|switch|p1b: Electrode|Electrode|91\/100\n|turn|9\n|\n|t:|1697808291\n|-terastallize|p1a: Reuniclus|Fighting\n|move|p2a: Chien-Pao|Sucker Punch|p1a: Reuniclus\n|-resisted|p1a: Reuniclus\n|-damage|p1a: Reuniclus|77\/100\n|move|p1b: Electrode|Hidden Power|p2b: Amoonguss\n|-supereffective|p2b: Amoonguss\n|-damage|p2b: Amoonguss|0 fnt\n|faint|p2b: Amoonguss\n|-damage|p1b: Electrode|81\/100|[from] item: Life Orb\n|move|p1a: Reuniclus|Energy Ball|p2a: Chien-Pao\n|-damage|p2a: Chien-Pao|46\/100 par\n|\n|-heal|p1a: Reuniclus|83\/100|[from] item: Leftovers\n|upkeep\n|\n|t:|1697808300\n|switch|p2b: Flutter Mane|Flutter Mane|100\/100\n|turn|10\n|\n|t:|1697808322\n|cant|p2a: Chien-Pao|par\n|move|p1b: Electrode|Thunder Wave|p2b: Flutter Mane\n|-status|p2b: Flutter Mane|par\n|cant|p2b: Flutter Mane|par\n|move|p1a: Reuniclus|Energy Ball|p2a: Chien-Pao\n|-damage|p2a: Chien-Pao|0 fnt\n|faint|p2a: Chien-Pao\n|\n|-heal|p1a: Reuniclus|89\/100|[from] item: Leftovers\n|upkeep\n|\n|t:|1697808331\n|switch|p2a: Palafin|Palafin-Hero, M, tera:Water|100\/100 par\n|turn|11\n|\n|t:|1697808345\n|move|p2a: Palafin|Protect|p2a: Palafin\n|-singleturn|p2a: Palafin|Protect\n|move|p1b: Electrode|Discharge|p2a: Palafin|[spread] p1a,p2b\n|-activate|p2a: Palafin|move: Protect\n|-damage|p1a: Reuniclus|62\/100\n|-damage|p2b: Flutter Mane|73\/100 par\n|-damage|p1b: Electrode|71\/100|[from] item: Life Orb\n|move|p2b: Flutter Mane|Moonblast|p1a: Reuniclus\n|-supereffective|p1a: Reuniclus\n|-damage|p1a: Reuniclus|0 fnt\n|faint|p1a: Reuniclus\n|\n|upkeep\n|\n|t:|1697808357\n|switch|p1a: Mamoswine|Mamoswine, F|1\/100\n|turn|12\n|\n|t:|1697808366\n|move|p1a: Mamoswine|Ice Shard|p2b: Flutter Mane\n|-damage|p2b: Flutter Mane|43\/100 par\n|move|p2a: Palafin|Jet Punch|p1a: Mamoswine\n|-supereffective|p1a: Mamoswine\n|-damage|p1a: Mamoswine|0 fnt\n|faint|p1a: Mamoswine\n|move|p1b: Electrode|Discharge|p2b: Flutter Mane|[spread] p2a,p2b\n|-supereffective|p2a: Palafin\n|-damage|p2a: Palafin|48\/100 par\n|-damage|p2b: Flutter Mane|19\/100 par\n|-damage|p1b: Electrode|61\/100|[from] item: Life Orb\n|move|p2b: Flutter Mane|Moonblast|p1b: Electrode\n|-damage|p1b: Electrode|0 fnt\n|faint|p1b: Electrode\n|\n|win|Shnipe_Cizy\n|raw|Tonni stark's rating: 1225 &rarr; <strong>1213<\/strong><br \/>(-12 for losing)\n|raw|Shnipe_Cizy's rating: 1418 &rarr; <strong>1428<\/strong><br \/>(+10 for winning)\n","uploadtime":1697808380,"views":12,"p1id":"tonnistark","p2id":"shnipecizy","formatid":"gen9nationaldexdoubles","rating":1213,"private":0,"password":""}