{"id":"gen9nationaldexdoubles-1995181804","p1":"Knotty317","p2":"Brick_Enjoyer_144","format":"[Gen 9] National Dex Doubles","log":"|j|\u2606Knotty317\n|j|\u2606Brick_Enjoyer_144\n|t:|1700531748\n|gametype|doubles\n|player|p1|Knotty317|benga|1314\n|player|p2|Brick_Enjoyer_144|shauntal|1215\n|teamsize|p1|6\n|teamsize|p2|6\n|gen|9\n|tier|[Gen 9] National Dex Doubles\n|rated|\n|rule|HP Percentage Mod: HP is shown in percentages\n|rule|Endless Battle Clause: Forcing endless battles is banned\n|rule|OHKO Clause: OHKO moves are banned\n|rule|Evasion Moves Clause: Evasion moves are banned\n|rule|Evasion Abilities Clause: Evasion abilities are banned\n|rule|Species Clause: Limit one of each Pok\u00e9mon\n|rule|Gravity Sleep Clause: The combination of sleep-inducing moves with imperfect accuracy and Gravity or Gigantamax Orbeetle are banned\n|clearpoke\n|poke|p1|Ninetales-Alola, M|\n|poke|p1|Salamence, M|\n|poke|p1|Blastoise, M|\n|poke|p1|Incineroar, F|\n|poke|p1|Iron Hands|\n|poke|p1|Zygarde|\n|poke|p2|Smeargle, F|\n|poke|p2|Kartana|\n|poke|p2|Roaring Moon|\n|poke|p2|Minior-Violet|\n|poke|p2|Mawile, M|\n|poke|p2|Zapdos|\n|teampreview\n|inactive|Battle timer is ON: inactive players will automatically lose when time's up. (requested by Knotty317)\n|inactive|Brick_Enjoyer_144 also wants the timer to be on.\n|\n|t:|1700531764\n|start\n|switch|p1a: Ninetales|Ninetales-Alola, M|100\/100\n|switch|p1b: Incineroar|Incineroar, F|100\/100\n|switch|p2a: Smeargle|Smeargle, F, shiny|100\/100\n|switch|p2b: Minior|Minior-Violet, shiny|100\/100\n|-weather|Snow|[from] ability: Snow Warning|[of] p1a: Ninetales\n|-formechange|p2b: Minior|Minior-Meteor||[from] ability: Shields Down\n|-ability|p1b: Incineroar|Intimidate|boost\n|-fail|p2a: Smeargle|unboost|Attack|[from] ability: Own Tempo|[of] p2a: Smeargle\n|-unboost|p2b: Minior|atk|1\n|turn|1\n|\n|t:|1700531788\n|move|p2a: Smeargle|Fake Out|p1a: Ninetales\n|-damage|p1a: Ninetales|96\/100\n|cant|p1a: Ninetales|flinch\n|move|p2b: Minior|Shell Smash|p2b: Minior\n|-unboost|p2b: Minior|def|1\n|-unboost|p2b: Minior|spd|1\n|-boost|p2b: Minior|atk|2\n|-boost|p2b: Minior|spa|2\n|-boost|p2b: Minior|spe|2\n|move|p1b: Incineroar|Flare Blitz|p2a: Smeargle\n|-damage|p2a: Smeargle|0 fnt\n|faint|p2a: Smeargle\n|-damage|p1b: Incineroar|74\/100|[from] Recoil\n|\n|-weather|Snow|[upkeep]\n|upkeep\n|inactive|Brick_Enjoyer_144 has 120 seconds left.\n|\n|t:|1700531809\n|switch|p2a: Roaring Moon|Roaring Moon, shiny|100\/100\n|-enditem|p2a: Roaring Moon|Booster Energy\n|-activate|p2a: Roaring Moon|ability: Protosynthesis|[fromitem]\n|-start|p2a: Roaring Moon|protosynthesisatk\n|turn|2\n|\n|t:|1700531820\n|move|p1a: Ninetales|Protect|p1a: Ninetales\n|-singleturn|p1a: Ninetales|Protect\n|move|p2b: Minior|Iron Head|p1a: Ninetales\n|-activate|p1a: Ninetales|move: Protect\n|move|p2a: Roaring Moon|Stone Edge|p1b: Incineroar\n|-supereffective|p1b: Incineroar\n|-damage|p1b: Incineroar|0 fnt\n|faint|p1b: Incineroar\n|\n|-weather|Snow|[upkeep]\n|upkeep\n|\n|t:|1700531833\n|switch|p1b: Iron Hands|Iron Hands|100\/100\n|turn|3\n|\n|t:|1700531849\n|switch|p1a: Blastoise|Blastoise, M|100\/100\n|move|p2b: Minior|Iron Head|p1a: Blastoise\n|-resisted|p1a: Blastoise\n|-damage|p1a: Blastoise|89\/100\n|move|p2a: Roaring Moon|Knock Off|p1b: Iron Hands\n|-resisted|p1b: Iron Hands\n|-damage|p1b: Iron Hands|75\/100\n|-enditem|p1b: Iron Hands|Assault Vest|[from] move: Knock Off|[of] p2a: Roaring Moon\n|move|p1b: Iron Hands|Wild Charge|p2b: Minior\n|-supereffective|p2b: Minior\n|-enditem|p2b: Minior|Focus Sash\n|-damage|p2b: Minior|1\/100\n|-damage|p1b: Iron Hands|61\/100|[from] Recoil\n|\n|-weather|Snow|[upkeep]\n|-heal|p1a: Blastoise|96\/100|[from] item: Leftovers\n|-formechange|p2b: Minior|Minior-Violet||[from] ability: Shields Down\n|upkeep\n|turn|4\n|\n|t:|1700531875\n|move|p1a: Blastoise|Follow Me|p1a: Blastoise\n|-singleturn|p1a: Blastoise|move: Follow Me\n|move|p2b: Minior|Acrobatics|p1a: Blastoise\n|-damage|p1a: Blastoise|34\/100\n|move|p2a: Roaring Moon|Acrobatics|p1a: Blastoise\n|-damage|p1a: Blastoise|0 fnt\n|faint|p1a: Blastoise\n|move|p1b: Iron Hands|Drain Punch|p2a: Roaring Moon\n|-supereffective|p2a: Roaring Moon\n|-damage|p2a: Roaring Moon|0 fnt\n|-heal|p1b: Iron Hands|99\/100|[from] drain|[of] p2a: Roaring Moon\n|faint|p2a: Roaring Moon\n|-end|p2a: Roaring Moon|Protosynthesis|[silent]\n|\n|-weather|Snow|[upkeep]\n|upkeep\n|\n|t:|1700531894\n|switch|p2a: Zapdos|Zapdos, shiny|100\/100\n|switch|p1a: Zygarde|Zygarde|100\/100\n|-ability|p1a: Zygarde|Aura Break\n|turn|5\n|\n|t:|1700531907\n|move|p1a: Zygarde|Extreme Speed|p2b: Minior\n|-resisted|p2b: Minior\n|-damage|p2b: Minior|0 fnt\n|faint|p2b: Minior\n|move|p2a: Zapdos|Heat Wave|p1a: Zygarde|[spread] p1a,p1b\n|-resisted|p1a: Zygarde\n|-crit|p1a: Zygarde\n|-damage|p1a: Zygarde|82\/100\n|-damage|p1b: Iron Hands|82\/100\n|move|p1b: Iron Hands|Wild Charge|p2a: Zapdos\n|-damage|p2a: Zapdos|31\/100\n|-damage|p1b: Iron Hands|69\/100|[from] Recoil\n|\n|-weather|none\n|upkeep\n|\n|t:|1700531922\n|switch|p2b: Mawile|Mawile, M, shiny|100\/100\n|turn|6\n|\n|t:|1700531936\n|-end|p1b: Iron Hands|Quark Drive|[silent]\n|switch|p1b: Salamence|Salamence, M|100\/100\n|-ability|p1b: Salamence|Intimidate|boost\n|-unboost|p2a: Zapdos|atk|1\n|-fail|p2b: Mawile|unboost|Attack|[from] ability: Hyper Cutter|[of] p2b: Mawile\n|detailschange|p2b: Mawile|Mawile-Mega, M, shiny\n|-mega|p2b: Mawile|Mawile|Mawilite\n|move|p2a: Zapdos|Heat Wave|p1a: Zygarde|[spread] p1a,p1b\n|-resisted|p1a: Zygarde\n|-resisted|p1b: Salamence\n|-damage|p1a: Zygarde|70\/100\n|-damage|p1b: Salamence|85\/100\n|-status|p1a: Zygarde|brn\n|move|p1a: Zygarde|Thousand Arrows|p2b: Mawile|[spread] p2a,p2b\n|-supereffective|p2b: Mawile\n|-damage|p2a: Zapdos|10\/100\n|-damage|p2b: Mawile|66\/100\n|-start|p2a: Zapdos|Smack Down\n|move|p2b: Mawile|Play Rough|p1b: Salamence\n|-supereffective|p1b: Salamence\n|-damage|p1b: Salamence|0 fnt\n|faint|p1b: Salamence\n|\n|-damage|p1a: Zygarde|64\/100 brn|[from] brn\n|upkeep\n|\n|t:|1700531957\n|switch|p1b: Iron Hands|Iron Hands|69\/100\n|turn|7\n|\n|t:|1700531969\n|move|p1b: Iron Hands|Fake Out|p2b: Mawile\n|-resisted|p2b: Mawile\n|-damage|p2b: Mawile|59\/100\n|move|p2a: Zapdos|Heat Wave|p1b: Iron Hands|[spread] p1a,p1b\n|-resisted|p1a: Zygarde\n|-damage|p1a: Zygarde|54\/100 brn\n|-damage|p1b: Iron Hands|52\/100\n|-status|p1b: Iron Hands|brn\n|move|p1a: Zygarde|Dragon Dance|p1a: Zygarde\n|-boost|p1a: Zygarde|atk|1\n|-boost|p1a: Zygarde|spe|1\n|cant|p2b: Mawile|flinch\n|\n|-damage|p1a: Zygarde|48\/100 brn|[from] brn\n|-damage|p1b: Iron Hands|45\/100 brn|[from] brn\n|upkeep\n|turn|8\n|\n|t:|1700531992\n|-terastallize|p1a: Zygarde|Ground\n|move|p1a: Zygarde|Thousand Arrows|p2b: Mawile|[spread] p2a,p2b\n|-supereffective|p2a: Zapdos\n|-supereffective|p2b: Mawile\n|-damage|p2a: Zapdos|0 fnt\n|-damage|p2b: Mawile|0 fnt\n|faint|p2a: Zapdos\n|faint|p2b: Mawile\n|move|p1b: Iron Hands|Drain Punch|p2: Zapdos|[notarget]\n|-fail|p1b: Iron Hands\n|\n|-damage|p1a: Zygarde|41\/100 brn|[from] brn\n|-damage|p1b: Iron Hands|39\/100 brn|[from] brn\n|upkeep\n|\n|t:|1700532009\n|switch|p2b: Kartana|Kartana, shiny|100\/100\n|turn|9\n|j| km203\n|\n|t:|1700532029\n|-terastallize|p2b: Kartana|Grass\n|move|p1a: Zygarde|Protect|p1a: Zygarde\n|-singleturn|p1a: Zygarde|Protect\n|move|p2b: Kartana|Leaf Blade|p1b: Iron Hands\n|-damage|p1b: Iron Hands|0 fnt\n|faint|p1b: Iron Hands\n|-end|p1b: Iron Hands|Quark Drive|[silent]\n|-ability|p2b: Kartana|Beast Boost|boost\n|-boost|p2b: Kartana|atk|1\n|\n|-damage|p1a: Zygarde|35\/100 brn|[from] brn\n|upkeep\n|\n|t:|1700532039\n|switch|p1b: Ninetales|Ninetales-Alola, M|96\/100\n|-weather|Snow|[from] ability: Snow Warning|[of] p1b: Ninetales\n|turn|10\n|\n|t:|1700532048\n|move|p1a: Zygarde|Extreme Speed|p2b: Kartana\n|-damage|p2b: Kartana|82\/100\n|move|p2b: Kartana|Leaf Blade|p1b: Ninetales\n|-damage|p1b: Ninetales|0 fnt\n|faint|p1b: Ninetales\n|-ability|p2b: Kartana|Beast Boost|boost\n|-boost|p2b: Kartana|atk|1\n|\n|-weather|Snow|[upkeep]\n|-damage|p1a: Zygarde|29\/100 brn|[from] brn\n|upkeep\n|turn|11\n|-message|Knotty317 forfeited.\n|\n|win|Brick_Enjoyer_144\n|raw|Knotty317's rating: 1314 &rarr; <strong>1288<\/strong><br \/>(-26 for losing)\n|raw|Brick_Enjoyer_144's rating: 1215 &rarr; <strong>1247<\/strong><br \/>(+32 for winning)\n|l|\u2606Knotty317\n","uploadtime":1700532063,"views":7,"p1id":"knotty317","p2id":"brickenjoyer144","formatid":"gen9nationaldexdoubles","rating":1247,"private":0,"password":""}