{"id":"gen9nationaldexdoubles-1970581418","p1":"Chumpette","p2":"Clabeh","format":"[Gen 9] National Dex Doubles","log":"|j|\u2606Chumpette\n|j|\u2606Clabeh\n|t:|1697650021\n|gametype|doubles\n|player|p1|Chumpette|boarder|\n|player|p2|Clabeh|102|\n|teamsize|p1|6\n|teamsize|p2|6\n|gen|9\n|tier|[Gen 9] National Dex Doubles\n|rule|HP Percentage Mod: HP is shown in percentages\n|rule|Endless Battle Clause: Forcing endless battles is banned\n|rule|OHKO Clause: OHKO moves are banned\n|rule|Evasion Moves Clause: Evasion moves are banned\n|rule|Evasion Abilities Clause: Evasion abilities are banned\n|rule|Species Clause: Limit one of each Pok\u00e9mon\n|rule|Gravity Sleep Clause: The combination of sleep-inducing moves with imperfect accuracy and Gravity or Gigantamax Orbeetle are banned\n|clearpoke\n|poke|p1|Ninetales-Alola, F|\n|poke|p1|Togekiss, F|\n|poke|p1|Vanilluxe, M|\n|poke|p1|Cloyster, M|\n|poke|p1|Jolteon, M|\n|poke|p1|Sandslash-Alola, M|\n|poke|p2|Claydol|\n|poke|p2|Seismitoad, M|\n|poke|p2|Ninetales, F|\n|poke|p2|Tyranitar, F|\n|poke|p2|Venusaur, M|\n|poke|p2|Cinderace, M|\n|teampreview\n|\n|t:|1697650028\n|start\n|switch|p1a: Vanilla Ice|Vanilluxe, M|100\/100\n|switch|p1b: The Messiah|Sandslash-Alola, M|100\/100\n|switch|p2a: Ninetales|Ninetales, F|100\/100\n|switch|p2b: Venusaur|Venusaur, M|100\/100\n|-weather|SunnyDay|[from] ability: Drought|[of] p2a: Ninetales\n|-weather|Snow|[from] ability: Snow Warning|[of] p1a: Vanilla Ice\n|turn|1\n|\n|t:|1697650057\n|move|p2b: Venusaur|Protect|p2b: Venusaur\n|-singleturn|p2b: Venusaur|Protect\n|move|p1b: The Messiah|Brick Break|p2a: Ninetales\n|-damage|p2a: Ninetales|68\/100\n|-enditem|p2a: Ninetales|Eject Button\n|\n|t:|1697650063\n|switch|p2a: Tyranitar|Tyranitar, F|100\/100\n|-weather|Sandstorm|[from] ability: Sand Stream|[of] p2a: Tyranitar\n|move|p1a: Vanilla Ice|Water Pulse|p2a: Tyranitar\n|-supereffective|p2a: Tyranitar\n|-crit|p2a: Tyranitar\n|-damage|p2a: Tyranitar|77\/100\n|\n|-weather|Sandstorm|[upkeep]\n|-damage|p2b: Venusaur|95\/100|[from] Sandstorm\n|-damage|p1a: Vanilla Ice|94\/100|[from] Sandstorm\n|-heal|p2b: Venusaur|100\/100|[from] item: Black Sludge\n|upkeep\n|turn|2\n|\n|t:|1697650080\n|switch|p1a: Winter|Ninetales-Alola, F|100\/100\n|-weather|Snow|[from] ability: Snow Warning|[of] p1a: Winter\n|move|p1b: The Messiah|Brick Break|p2a: Tyranitar\n|-supereffective|p2a: Tyranitar\n|-damage|p2a: Tyranitar|3\/100\n|move|p2b: Venusaur|Earthquake|p1a: Winter|[spread] p2a,p1a,p1b\n|-supereffective|p2a: Tyranitar\n|-supereffective|p1b: The Messiah\n|-damage|p2a: Tyranitar|0 fnt\n|-damage|p1a: Winter|79\/100\n|-damage|p1b: The Messiah|72\/100\n|faint|p2a: Tyranitar\n|\n|-weather|Snow|[upkeep]\n|upkeep\n|\n|t:|1697650094\n|switch|p2a: Ninetales|Ninetales, F|68\/100\n|-weather|SunnyDay|[from] ability: Drought|[of] p2a: Ninetales\n|turn|3\n|\n|t:|1697650152\n|switch|p2a: Cinderace|Cinderace, M|100\/100\n|switch|p1b: Vanilla Ice|Vanilluxe, M|94\/100\n|-weather|Snow|[from] ability: Snow Warning|[of] p1b: Vanilla Ice\n|move|p2b: Venusaur|Protect|p2b: Venusaur\n|-singleturn|p2b: Venusaur|Protect\n|move|p1a: Winter|Blizzard|p2b: Venusaur|[spread] p2a\n|-activate|p2b: Venusaur|move: Protect\n|-resisted|p2a: Cinderace\n|-damage|p2a: Cinderace|80\/100\n|\n|-weather|Snow|[upkeep]\n|upkeep\n|turn|4\n|\n|t:|1697650191\n|move|p2a: Cinderace|Fire Pledge|p1a: Winter\n|-waiting|p2a: Cinderace|p2b: Venusaur\n|move|p2b: Venusaur|Grass Pledge|p1a: Winter|[from]move: Fire Pledge\n|-combine\n|-supereffective|p1a: Winter\n|-damage|p1a: Winter|0 fnt\n|-sidestart|p1: Chumpette|Fire Pledge\n|faint|p1a: Winter\n|move|p1b: Vanilla Ice|Blizzard|p2b: Venusaur|[spread] p2a,p2b\n|-resisted|p2a: Cinderace\n|-supereffective|p2b: Venusaur\n|-damage|p2a: Cinderace|49\/100\n|-damage|p2b: Venusaur|10\/100\n|\n|-weather|Snow|[upkeep]\n|-heal|p2b: Venusaur|16\/100|[from] item: Black Sludge\n|-damage|p1b: Vanilla Ice|82\/100|[from] Fire Pledge\n|upkeep\n|\n|t:|1697650213\n|switch|p1a: The Messiah|Sandslash-Alola, M|72\/100\n|turn|5\n|\n|t:|1697650247\n|move|p1a: The Messiah|Triple Axel|p2b: Venusaur\n|-supereffective|p2b: Venusaur\n|-damage|p2b: Venusaur|0 fnt\n|faint|p2b: Venusaur\n|-hitcount|p2: Venusaur|1\n|move|p2a: Cinderace|Fire Pledge|p1a: The Messiah\n|-supereffective|p1a: The Messiah\n|-damage|p1a: The Messiah|0 fnt\n|faint|p1a: The Messiah\n|move|p1b: Vanilla Ice|Water Pulse|p2a: Cinderace\n|-supereffective|p2a: Cinderace\n|-damage|p2a: Cinderace|0 fnt\n|faint|p2a: Cinderace\n|\n|-weather|Snow|[upkeep]\n|-damage|p1b: Vanilla Ice|70\/100|[from] Fire Pledge\n|upkeep\n|\n|t:|1697650290\n|switch|p2a: Ninetales|Ninetales, F|68\/100\n|switch|p2b: Claydol|Claydol|100\/100\n|switch|p1a: Judas|Cloyster, M|100\/100\n|-weather|SunnyDay|[from] ability: Drought|[of] p2a: Ninetales\n|turn|6\n|\n|t:|1697650313\n|move|p2a: Ninetales|Heat Wave|p1a: Judas|[spread] p1b\n|-miss|p2a: Ninetales|p1a: Judas\n|-supereffective|p1b: Vanilla Ice\n|-damage|p1b: Vanilla Ice|10\/100\n|move|p1a: Judas|Rock Blast|p2a: Ninetales\n|-supereffective|p2a: Ninetales\n|-damage|p2a: Ninetales|47\/100\n|-supereffective|p2a: Ninetales\n|-damage|p2a: Ninetales|23\/100\n|-supereffective|p2a: Ninetales\n|-damage|p2a: Ninetales|1\/100\n|-supereffective|p2a: Ninetales\n|-damage|p2a: Ninetales|0 fnt\n|faint|p2a: Ninetales\n|-hitcount|p2: Ninetales|4\n|move|p1b: Vanilla Ice|Water Pulse|p2b: Claydol\n|-supereffective|p2b: Claydol\n|-damage|p2b: Claydol|84\/100\n|-start|p2b: Claydol|confusion\n|-activate|p2b: Claydol|confusion\n|move|p2b: Claydol|Iron Defense|p2b: Claydol\n|-boost|p2b: Claydol|def|2\n|\n|-weather|SunnyDay|[upkeep]\n|-damage|p1a: Judas|88\/100|[from] Fire Pledge\n|-damage|p1b: Vanilla Ice|0 fnt|[from] Fire Pledge\n|faint|p1b: Vanilla Ice\n|-heal|p2b: Claydol|90\/100|[from] item: Leftovers\n|upkeep\n|\n|t:|1697650343\n|switch|p2a: Seismitoad|Seismitoad, M|100\/100\n|switch|p1b: MC Hammer|Jolteon, M|100\/100\n|turn|7\n|\n|t:|1697650392\n|move|p1b: MC Hammer|Hidden Power|p2a: Seismitoad\n|-supereffective|p2a: Seismitoad\n|-damage|p2a: Seismitoad|44\/100\n|move|p2a: Seismitoad|Earthquake|p1a: Judas|[spread] p1a,p1b\n|-immune|p2b: Claydol|[from] ability: Levitate\n|-supereffective|p1b: MC Hammer\n|-damage|p1a: Judas|59\/100\n|-damage|p1b: MC Hammer|0 fnt\n|faint|p1b: MC Hammer\n|move|p1a: Judas|Icicle Spear|p2a: Seismitoad\n|-damage|p2a: Seismitoad|30\/100\n|-damage|p2a: Seismitoad|17\/100\n|-damage|p2a: Seismitoad|2\/100\n|-damage|p2a: Seismitoad|0 fnt\n|faint|p2a: Seismitoad\n|-hitcount|p2: Seismitoad|4\n|-end|p2b: Claydol|confusion\n|move|p2b: Claydol|Iron Defense|p2b: Claydol\n|-boost|p2b: Claydol|def|2\n|\n|-weather|SunnyDay|[upkeep]\n|-damage|p1a: Judas|47\/100|[from] Fire Pledge\n|-heal|p2b: Claydol|96\/100|[from] item: Leftovers\n|-sideend|p1: Chumpette|Fire Pledge\n|upkeep\n|\n|t:|1697650412\n|switch|p1b: Sycophant|Togekiss, F|100\/100\n|turn|8\n|\n|t:|1697650428\n|move|p1a: Judas|Protect|p1a: Judas\n|-singleturn|p1a: Judas|Protect\n|move|p1b: Sycophant|Air Slash|p2b: Claydol\n|-damage|p2b: Claydol|73\/100\n|move|p2b: Claydol|Body Press|p1a: Judas\n|-activate|p1a: Judas|move: Protect\n|\n|-weather|SunnyDay|[upkeep]\n|-heal|p2b: Claydol|79\/100|[from] item: Leftovers\n|upkeep\n|turn|9\n|\n|t:|1697650443\n|move|p1a: Judas|Icicle Spear|p2b: Claydol\n|-supereffective|p2b: Claydol\n|-damage|p2b: Claydol|73\/100\n|-supereffective|p2b: Claydol\n|-damage|p2b: Claydol|65\/100\n|-supereffective|p2b: Claydol\n|-crit|p2b: Claydol\n|-damage|p2b: Claydol|35\/100\n|-supereffective|p2b: Claydol\n|-damage|p2b: Claydol|28\/100\n|-supereffective|p2b: Claydol\n|-damage|p2b: Claydol|22\/100\n|-hitcount|p2b: Claydol|5\n|move|p1b: Sycophant|Air Slash|p2b: Claydol\n|-damage|p2b: Claydol|0 fnt\n|faint|p2b: Claydol\n|\n|win|Chumpette\n","uploadtime":1697650457,"views":13,"p1id":"chumpette","p2id":"clabeh","formatid":"gen9nationaldexdoubles","rating":0,"private":0,"password":""}