{"id":"gen9nationaldexdoubles-1956617128","p1":"zeref203","p2":"nombre epico.jpg","format":"[Gen 9] National Dex Doubles","log":"|j|\u2606zeref203\n|j|\u2606nombre epico.jpg\n|t:|1696127078\n|gametype|doubles\n|player|p1|zeref203|101|1112\n|player|p2|nombre epico.jpg|allister-masters|1264\n|teamsize|p1|6\n|teamsize|p2|6\n|gen|9\n|tier|[Gen 9] National Dex Doubles\n|rated|\n|rule|HP Percentage Mod: HP is shown in percentages\n|rule|Endless Battle Clause: Forcing endless battles is banned\n|rule|OHKO Clause: OHKO moves are banned\n|rule|Evasion Moves Clause: Evasion moves are banned\n|rule|Evasion Abilities Clause: Evasion abilities are banned\n|rule|Species Clause: Limit one of each Pok\u00e9mon\n|rule|Gravity Sleep Clause: The combination of sleep-inducing moves with imperfect accuracy and Gravity or Gigantamax Orbeetle are banned\n|clearpoke\n|poke|p1|Great Tusk|\n|poke|p1|Ninetales, M|\n|poke|p1|Sableye, F|\n|poke|p1|Gardevoir, M|\n|poke|p1|Feraligatr, M|\n|poke|p1|Mawile, F|\n|poke|p2|Chansey, F|\n|poke|p2|Jirachi|\n|poke|p2|Garchomp, F|\n|poke|p2|Lopunny, F|\n|poke|p2|Milotic, F|\n|poke|p2|Ambipom, M|\n|teampreview\n|inactive|Battle timer is ON: inactive players will automatically lose when time's up. (requested by zeref203)\n|\n|t:|1696127087\n|start\n|switch|p1a: Feraligatr|Feraligatr, M|100\/100\n|switch|p1b: Sableye|Sableye, F|100\/100\n|switch|p2a: Huevona|Chansey, F|100\/100\n|switch|p2b: Princesita|Garchomp, F|100\/100\n|turn|1\n|\n|t:|1696127103\n|move|p1b: Sableye|Will-O-Wisp|p2a: Huevona\n|-status|p2a: Huevona|brn\n|move|p2b: Princesita|Rock Slide|p1a: Feraligatr|[spread] p1a\n|-miss|p2b: Princesita|p1b: Sableye\n|-damage|p1a: Feraligatr|78\/100\n|move|p1a: Feraligatr|Ice Punch|p2b: Princesita\n|-supereffective|p2b: Princesita\n|-damage|p2b: Princesita|0 fnt\n|-damage|p1a: Feraligatr|65\/100|[from] ability: Rough Skin|[of] p2b: Princesita\n|faint|p2b: Princesita\n|move|p2a: Huevona|Thunder Wave|p1a: Feraligatr\n|-status|p1a: Feraligatr|par\n|\n|-damage|p2a: Huevona|94\/100 brn|[from] brn\n|upkeep\n|inactive|nombre epico.jpg has 120 seconds left.\n|\n|t:|1696127123\n|switch|p2b: Lopunny|Lopunny, F|100\/100\n|turn|2\n|\n|t:|1696127133\n|detailschange|p2b: Lopunny|Lopunny-Mega, F\n|-mega|p2b: Lopunny|Lopunny|Lopunnite\n|move|p2b: Lopunny|Fake Out|p1b: Sableye\n|-damage|p1b: Sableye|71\/100\n|cant|p1b: Sableye|flinch\n|move|p2a: Huevona|Thunder Wave|p1b: Sableye\n|-status|p1b: Sableye|par\n|cant|p1a: Feraligatr|par\n|\n|-damage|p2a: Huevona|88\/100 brn|[from] brn\n|upkeep\n|turn|3\n|\n|t:|1696127158\n|move|p2a: Huevona|Helping Hand|p2b: Lopunny\n|-singleturn|p2b: Lopunny|Helping Hand|[of] p2a: Huevona\n|move|p1b: Sableye|Will-O-Wisp|p2b: Lopunny\n|-status|p2b: Lopunny|brn\n|move|p2b: Lopunny|Close Combat|p1b: Sableye\n|-supereffective|p1b: Sableye\n|-damage|p1b: Sableye|0 fnt\n|-unboost|p2b: Lopunny|def|1\n|-unboost|p2b: Lopunny|spd|1\n|faint|p1b: Sableye\n|move|p1a: Feraligatr|Rock Slide|p2b: Lopunny|[spread] p2b\n|-miss|p1a: Feraligatr|p2a: Huevona\n|-resisted|p2b: Lopunny\n|-damage|p2b: Lopunny|77\/100 brn\n|\n|-damage|p2b: Lopunny|71\/100 brn|[from] brn\n|-damage|p2a: Huevona|82\/100 brn|[from] brn\n|upkeep\n|\n|t:|1696127176\n|switch|p1b: Great Tusk|Great Tusk|100\/100\n|turn|4\n|\n|t:|1696127186\n|move|p2b: Lopunny|U-turn|p1a: Feraligatr\n|-damage|p1a: Feraligatr|50\/100 par\n|\n|t:|1696127190\n|switch|p2b: Milotic|Milotic, F|100\/100|[from] U-turn\n|move|p1b: Great Tusk|Close Combat|p2a: Huevona\n|-supereffective|p2a: Huevona\n|-damage|p2a: Huevona|1\/100 brn\n|-unboost|p1b: Great Tusk|def|1\n|-unboost|p1b: Great Tusk|spd|1\n|-enditem|p1b: Great Tusk|Eject Pack\n|\n|t:|1696127199\n|-end|p1b: Great Tusk|Protosynthesis|[silent]\n|switch|p1b: Ninetales|Ninetales, M|100\/100\n|-weather|SunnyDay|[from] ability: Drought|[of] p1b: Ninetales\n|move|p2a: Huevona|Seismic Toss|p1b: Ninetales\n|-damage|p1b: Ninetales|66\/100\n|move|p1a: Feraligatr|Liquidation|p2b: Milotic\n|-resisted|p2b: Milotic\n|-damage|p2b: Milotic|87\/100\n|\n|-weather|SunnyDay|[upkeep]\n|-heal|p2b: Milotic|93\/100|[from] item: Leftovers\n|-damage|p2a: Huevona|0 fnt|[from] brn\n|faint|p2a: Huevona\n|upkeep\n|\n|t:|1696127215\n|switch|p2a: Ambipom|Ambipom, M|100\/100\n|turn|5\n|\n|t:|1696127225\n|move|p2a: Ambipom|Fake Out|p1b: Ninetales\n|-enditem|p2a: Ambipom|Normal Gem|[from] gem\n|-damage|p1b: Ninetales|20\/100\n|cant|p1b: Ninetales|flinch\n|move|p2b: Milotic|Icy Wind|p1a: Feraligatr|[spread] p1a,p1b\n|-resisted|p1a: Feraligatr\n|-resisted|p1b: Ninetales\n|-damage|p1a: Feraligatr|44\/100 par\n|-damage|p1b: Ninetales|13\/100\n|-unboost|p1a: Feraligatr|spe|1\n|-unboost|p1b: Ninetales|spe|1\n|move|p1a: Feraligatr|Rock Slide|p2a: Ambipom|[spread] p2a\n|-miss|p1a: Feraligatr|p2b: Milotic\n|-damage|p2a: Ambipom|60\/100\n|\n|-weather|SunnyDay|[upkeep]\n|-heal|p2b: Milotic|99\/100|[from] item: Leftovers\n|upkeep\n|turn|6\n|\n|t:|1696127245\n|move|p2a: Ambipom|Return|p1a: Feraligatr\n|-damage|p1a: Feraligatr|0 fnt\n|faint|p1a: Feraligatr\n|move|p1b: Ninetales|Solar Beam||[still]\n|-prepare|p1b: Ninetales|Solar Beam\n|-anim|p1b: Ninetales|Solar Beam|p2b: Milotic\n|-supereffective|p2b: Milotic\n|-damage|p2b: Milotic|57\/100\n|move|p2b: Milotic|Scald|p1b: Ninetales\n|-supereffective|p1b: Ninetales\n|-damage|p1b: Ninetales|0 fnt\n|faint|p1b: Ninetales\n|\n|-weather|SunnyDay|[upkeep]\n|-heal|p2b: Milotic|63\/100|[from] item: Leftovers\n|upkeep\n|\n|t:|1696127255\n|switch|p1b: Mawile|Mawile, F|100\/100\n|switch|p1a: Gardevoir|Gardevoir, M|100\/100\n|turn|7\n|\n|t:|1696127274\n|detailschange|p1a: Gardevoir|Gardevoir-Mega, M\n|-mega|p1a: Gardevoir|Gardevoir|Gardevoirite\n|move|p2a: Ambipom|U-turn|p1a: Gardevoir\n|-damage|p1a: Gardevoir|66\/100\n|\n|t:|1696127279\n|switch|p2a: Jirachi|Jirachi|100\/100|[from] U-turn\n|move|p1a: Gardevoir|Hyper Voice|p2a: Jirachi|[spread] p2a,p2b\n|-resisted|p2a: Jirachi\n|-damage|p2a: Jirachi|76\/100\n|-damage|p2b: Milotic|27\/100\n|move|p2b: Milotic|Icy Wind|p1b: Mawile|[spread] p1a,p1b\n|-resisted|p1b: Mawile\n|-damage|p1a: Gardevoir|57\/100\n|-damage|p1b: Mawile|94\/100\n|-unboost|p1a: Gardevoir|spe|1\n|-unboost|p1b: Mawile|spe|1\n|move|p1b: Mawile|Iron Head|p2a: Jirachi\n|-resisted|p2a: Jirachi\n|-damage|p2a: Jirachi|52\/100\n|\n|-weather|SunnyDay|[upkeep]\n|-heal|p2b: Milotic|33\/100|[from] item: Leftovers\n|upkeep\n|turn|8\n|\n|t:|1696127301\n|move|p2a: Jirachi|Iron Head|p1a: Gardevoir\n|-supereffective|p1a: Gardevoir\n|-damage|p1a: Gardevoir|0 fnt\n|faint|p1a: Gardevoir\n|move|p2b: Milotic|Scald|p1b: Mawile\n|-damage|p1b: Mawile|74\/100\n|move|p1b: Mawile|Crunch|p2a: Jirachi\n|-supereffective|p2a: Jirachi\n|-damage|p2a: Jirachi|0 fnt\n|faint|p2a: Jirachi\n|\n|-weather|SunnyDay|[upkeep]\n|-heal|p2b: Milotic|40\/100|[from] item: Leftovers\n|upkeep\n|\n|t:|1696127316\n|switch|p2a: Ambipom|Ambipom, M|60\/100\n|switch|p1a: Great Tusk|Great Tusk|100\/100\n|-activate|p1a: Great Tusk|ability: Protosynthesis\n|-start|p1a: Great Tusk|protosynthesisatk\n|turn|9\n|\n|t:|1696127328\n|move|p2a: Ambipom|Fake Out|p1a: Great Tusk\n|-damage|p1a: Great Tusk|84\/100\n|cant|p1a: Great Tusk|flinch\n|move|p2b: Milotic|Scald|p1a: Great Tusk\n|-supereffective|p1a: Great Tusk\n|-damage|p1a: Great Tusk|48\/100\n|move|p1b: Mawile|Iron Head|p2b: Milotic\n|-resisted|p2b: Milotic\n|-damage|p2b: Milotic|19\/100\n|\n|-weather|SunnyDay|[upkeep]\n|-heal|p2b: Milotic|25\/100|[from] item: Leftovers\n|upkeep\n|turn|10\n|\n|t:|1696127345\n|move|p2b: Milotic|Protect|p2b: Milotic\n|-singleturn|p2b: Milotic|Protect\n|move|p2a: Ambipom|Return|p1a: Great Tusk\n|-damage|p1a: Great Tusk|19\/100\n|move|p1a: Great Tusk|Close Combat|p2a: Ambipom\n|-supereffective|p2a: Ambipom\n|-damage|p2a: Ambipom|0 fnt\n|-unboost|p1a: Great Tusk|def|1\n|-unboost|p1a: Great Tusk|spd|1\n|faint|p2a: Ambipom\n|move|p1b: Mawile|Iron Head|p2b: Milotic\n|-activate|p2b: Milotic|move: Protect\n|\n|-weather|SunnyDay|[upkeep]\n|-heal|p2b: Milotic|31\/100|[from] item: Leftovers\n|upkeep\n|\n|t:|1696127362\n|switch|p2a: Lopunny|Lopunny-Mega, F|71\/100 brn\n|turn|11\n|\n|t:|1696127374\n|move|p2a: Lopunny|Fake Out|p1a: Great Tusk\n|-damage|p1a: Great Tusk|6\/100\n|cant|p1a: Great Tusk|flinch\n|move|p2b: Milotic|Scald|p1b: Mawile\n|-damage|p1b: Mawile|55\/100\n|-status|p1b: Mawile|brn\n|move|p1b: Mawile|Play Rough|p2a: Lopunny\n|-supereffective|p2a: Lopunny\n|-damage|p2a: Lopunny|9\/100 brn\n|\n|-weather|none\n|-end|p1a: Great Tusk|Protosynthesis\n|-heal|p2b: Milotic|37\/100|[from] item: Leftovers\n|-damage|p2a: Lopunny|3\/100 brn|[from] brn\n|-damage|p1b: Mawile|49\/100 brn|[from] brn\n|upkeep\n|turn|12\n|\n|t:|1696127399\n|move|p1b: Mawile|Sucker Punch|p2a: Lopunny\n|-resisted|p2a: Lopunny\n|-damage|p2a: Lopunny|0 fnt\n|faint|p2a: Lopunny\n|move|p1a: Great Tusk|Close Combat|p2b: Milotic\n|-damage|p2b: Milotic|0 fnt\n|-unboost|p1a: Great Tusk|def|1\n|-unboost|p1a: Great Tusk|spd|1\n|faint|p2b: Milotic\n|\n|win|zeref203\n|raw|zeref203's rating: 1112 &rarr; <strong>1147<\/strong><br \/>(+35 for winning)\n|raw|nombre epico.jpg's rating: 1264 &rarr; <strong>1229<\/strong><br \/>(-35 for losing)\n|c|\u2606zeref203|Gg wp\n|c|\u2606nombre epico.jpg|Que tremenda jugada weon\n","uploadtime":1696127442,"views":13,"p1id":"zeref203","p2id":"nombreepicojpg","formatid":"gen9nationaldexdoubles","rating":1147,"private":0,"password":""}