{"id":"gen9nationaldexdoubles-1956274317","p1":"german_mg53","p2":"Noawa","format":"[Gen 9] National Dex Doubles","log":"|j|\u2606german_mg53\n|j|\u2606Noawa\n|t:|1696092027\n|gametype|doubles\n|player|p1|german_mg53|saturn|\n|player|p2|Noawa|psychicf|\n|teamsize|p1|6\n|teamsize|p2|6\n|gen|9\n|tier|[Gen 9] National Dex Doubles\n|rule|HP Percentage Mod: HP is shown in percentages\n|rule|Endless Battle Clause: Forcing endless battles is banned\n|rule|OHKO Clause: OHKO moves are banned\n|rule|Evasion Moves Clause: Evasion moves are banned\n|rule|Evasion Abilities Clause: Evasion abilities are banned\n|rule|Species Clause: Limit one of each Pok\u00e9mon\n|rule|Gravity Sleep Clause: The combination of sleep-inducing moves with imperfect accuracy and Gravity or Gigantamax Orbeetle are banned\n|clearpoke\n|poke|p1|Flygon, M|\n|poke|p1|Eelektross, F|\n|poke|p1|Orthworm, F|\n|poke|p1|Lilligant-Hisui, F|\n|poke|p1|Charizard, F|\n|poke|p1|Pachirisu, F|\n|poke|p2|Hippowdon, M|\n|poke|p2|Garganacl, M|\n|poke|p2|Sylveon, F|\n|poke|p2|Indeedee-F, F|\n|poke|p2|Dipplin, F|\n|poke|p2|Milotic, F|\n|teampreview\n|j| PJewe\n|\n|t:|1696092059\n|start\n|switch|p1a: longaniza|Charizard, F|100\/100\n|switch|p1b: bailonga|Lilligant-Hisui, F|100\/100\n|switch|p2a: snek :3|Milotic, F|100\/100\n|switch|p2b: jefa|Indeedee-F, F, shiny|100\/100\n|-fieldstart|move: Psychic Terrain|[from] ability: Psychic Surge|[of] p2b: jefa\n|-enditem|p2a: snek :3|Psychic Seed\n|-boost|p2a: snek :3|spd|1|[from] item: Psychic Seed\n|turn|1\n|j| harvestmarc\n|\n|t:|1696092091\n|switch|p2b: maz\u00e1|Dipplin, F, shiny|100\/100\n|-ability|p2b: maz\u00e1|Supersweet Syrup\n|-ability|p2b: maz\u00e1|Supersweet Syrup|boost\n|-unboost|p1a: longaniza|evasion|1\n|-unboost|p1b: bailonga|evasion|1\n|detailschange|p1a: longaniza|Charizard-Mega-Y, F\n|-mega|p1a: longaniza|Charizard|Charizardite Y\n|-weather|SunnyDay|[from] ability: Drought|[of] p1a: longaniza\n|-terastallize|p2a: snek :3|Ghost\n|move|p1b: bailonga|Solar Blade||[still]\n|-prepare|p1b: bailonga|Solar Blade\n|-anim|p1b: bailonga|Solar Blade|p2a: snek :3\n|-damage|p2a: snek :3|56\/100\n|move|p1a: longaniza|Heat Wave|p2a: snek :3|[spread] p2a,p2b\n|-damage|p2a: snek :3|25\/100\n|-damage|p2b: maz\u00e1|67\/100\n|move|p2a: snek :3|Hypnosis|p1a: longaniza\n|-status|p1a: longaniza|slp|[from] move: Hypnosis\n|\n|-weather|SunnyDay|[upkeep]\n|upkeep\n|turn|2\n|\n|t:|1696092134\n|switch|p1a: mar|Pachirisu, F|100\/100\n|switch|p2a: :O|Hippowdon, M|100\/100\n|-weather|Sandstorm|[from] ability: Sand Stream|[of] p2a: :O\n|move|p1b: bailonga|Solar Blade||[still]\n|-prepare|p1b: bailonga|Solar Blade\n|move|p2b: maz\u00e1|Infestation|p1a: mar\n|-damage|p1a: mar|95\/100\n|-activate|p1a: mar|move: Infestation|[of] p2b: maz\u00e1\n|\n|-weather|Sandstorm|[upkeep]\n|-damage|p1b: bailonga|94\/100|[from] Sandstorm\n|-damage|p1a: mar|88\/100|[from] Sandstorm\n|-damage|p2b: maz\u00e1|61\/100|[from] Sandstorm\n|-heal|p1b: bailonga|100\/100|[from] item: Leftovers\n|-damage|p1a: mar|76\/100|[from] move: Infestation|[partiallytrapped]\n|upkeep\n|turn|3\n|j| VenusTatas\n|\n|t:|1696092164\n|move|p1b: bailonga|Solar Blade|p2a: :O|[from]lockedmove\n|-supereffective|p2a: :O\n|-damage|p2a: :O|60\/100\n|move|p1a: mar|Nuzzle|p2b: maz\u00e1\n|-resisted|p2b: maz\u00e1\n|-damage|p2b: maz\u00e1|61\/100\n|-status|p2b: maz\u00e1|par\n|move|p2a: :O|Sand Tomb|p1b: bailonga\n|-resisted|p1b: bailonga\n|-damage|p1b: bailonga|90\/100\n|-activate|p1b: bailonga|move: Sand Tomb|[of] p2a: :O\n|move|p2b: maz\u00e1|Pollen Puff|p1b: bailonga\n|-damage|p1b: bailonga|60\/100\n|\n|-weather|Sandstorm|[upkeep]\n|-damage|p1b: bailonga|54\/100|[from] Sandstorm\n|-damage|p1a: mar|70\/100|[from] Sandstorm\n|-damage|p2b: maz\u00e1|55\/100 par|[from] Sandstorm\n|-heal|p1b: bailonga|60\/100|[from] item: Leftovers\n|-damage|p1b: bailonga|44\/100|[from] move: Sand Tomb|[partiallytrapped]\n|-damage|p1a: mar|58\/100|[from] move: Infestation|[partiallytrapped]\n|upkeep\n|turn|4\n|\n|t:|1696092205\n|switch|p2a: dwayne|Garganacl, M, shiny|100\/100\n|move|p1b: bailonga|Victory Dance|p1b: bailonga\n|-boost|p1b: bailonga|atk|1\n|-boost|p1b: bailonga|def|1\n|-boost|p1b: bailonga|spe|1\n|move|p1a: mar|U-turn|p2a: dwayne\n|-damage|p2a: dwayne|95\/100\n|\n|t:|1696092212\n|switch|p1a: longaniza|Charizard-Mega-Y, F|100\/100 slp|[from] U-turn\n|-weather|SunnyDay|[from] ability: Drought|[of] p1a: longaniza\n|move|p2b: maz\u00e1|Syrup Bomb|p1b: bailonga\n|-resisted|p1b: bailonga\n|-damage|p1b: bailonga|28\/100\n|-start|p1b: bailonga|Syrup Bomb\n|\n|-weather|SunnyDay|[upkeep]\n|-heal|p1b: bailonga|34\/100|[from] item: Leftovers\n|-heal|p2a: dwayne|100\/100|[from] item: Leftovers\n|-end|p1b: bailonga|Sand Tomb|[partiallytrapped]|[silent]\n|-unboost|p1b: bailonga|spe|1\n|upkeep\n|turn|5\n|\n|t:|1696092249\n|move|p1b: bailonga|Ice Spinner|p2b: maz\u00e1\n|-supereffective|p2b: maz\u00e1\n|-damage|p2b: maz\u00e1|0 fnt\n|-fieldend|move: Psychic Terrain\n|faint|p2b: maz\u00e1\n|cant|p1a: longaniza|slp\n|move|p2a: dwayne|Salt Cure|p1a: longaniza\n|-supereffective|p1a: longaniza\n|-damage|p1a: longaniza|28\/100 slp\n|-start|p1a: longaniza|Salt Cure\n|\n|-weather|SunnyDay|[upkeep]\n|-heal|p1b: bailonga|40\/100|[from] item: Leftovers\n|-damage|p1a: longaniza|16\/100 slp|[from] Salt Cure\n|-unboost|p1b: bailonga|spe|1\n|upkeep\n|\n|t:|1696092264\n|switch|p2b: :O|Hippowdon, M|60\/100\n|-weather|Sandstorm|[from] ability: Sand Stream|[of] p2b: :O\n|turn|6\n|\n|t:|1696092279\n|switch|p1a: sorpresiva|Orthworm, F|100\/100\n|move|p2b: :O|Protect|p2b: :O\n|-singleturn|p2b: :O|Protect\n|move|p1b: bailonga|Close Combat|p2a: dwayne\n|-supereffective|p2a: dwayne\n|-damage|p2a: dwayne|0 fnt\n|-unboost|p1b: bailonga|def|1\n|-unboost|p1b: bailonga|spd|1\n|faint|p2a: dwayne\n|\n|-weather|Sandstorm|[upkeep]\n|-damage|p1b: bailonga|34\/100|[from] Sandstorm\n|-heal|p1b: bailonga|40\/100|[from] item: Leftovers\n|-end|p1b: bailonga|Syrup Bomb\n|upkeep\n|\n|t:|1696092296\n|switch|p2a: snek :3|Milotic, F, tera:Ghost|25\/100\n|turn|7\n|\n|t:|1696092306\n|switch|p1a: longaniza|Charizard-Mega-Y, F|16\/100 slp\n|-weather|SunnyDay|[from] ability: Drought|[of] p1a: longaniza\n|move|p1b: bailonga|Solar Blade||[still]\n|-prepare|p1b: bailonga|Solar Blade\n|-anim|p1b: bailonga|Solar Blade|p2a: snek :3\n|-damage|p2a: snek :3|0 fnt\n|faint|p2a: snek :3\n|move|p2b: :O|Sand Tomb|p1b: bailonga\n|-resisted|p1b: bailonga\n|-damage|p1b: bailonga|30\/100\n|-activate|p1b: bailonga|move: Sand Tomb|[of] p2b: :O\n|\n|-weather|SunnyDay|[upkeep]\n|-heal|p1b: bailonga|36\/100|[from] item: Leftovers\n|-damage|p1b: bailonga|19\/100|[from] move: Sand Tomb|[partiallytrapped]\n|upkeep\n|\n|t:|1696092321\n|switch|p2a: her.|Sylveon, F|100\/100\n|turn|8\n|\n|t:|1696092330\n|switch|p1a: sorpresiva|Orthworm, F|100\/100\n|switch|p2b: jefa|Indeedee-F, F, shiny|100\/100\n|-fieldstart|move: Psychic Terrain|[from] ability: Psychic Surge|[of] p2b: jefa\n|move|p1b: bailonga|Solar Blade||[still]\n|-prepare|p1b: bailonga|Solar Blade\n|-anim|p1b: bailonga|Solar Blade|p2b: jefa\n|-damage|p2b: jefa|22\/100\n|move|p2a: her.|Hyper Voice|p1a: sorpresiva|[spread] p1a,p1b\n|-resisted|p1a: sorpresiva\n|-supereffective|p1b: bailonga\n|-damage|p1a: sorpresiva|72\/100\n|-damage|p1b: bailonga|0 fnt\n|faint|p1b: bailonga\n|-enditem|p2a: her.|Throat Spray\n|-boost|p2a: her.|spa|1|[from] item: Throat Spray\n|\n|-weather|SunnyDay|[upkeep]\n|-heal|p2b: jefa|28\/100|[from] item: Leftovers\n|upkeep\n|\n|t:|1696092349\n|switch|p1b: mar|Pachirisu, F|58\/100\n|turn|9\n|\n|t:|1696092367\n|move|p2b: jefa|Helping Hand|p2a: her.\n|-singleturn|p2a: her.|Helping Hand|[of] p2b: jefa\n|move|p1b: mar|Nuzzle|p2a: her.\n|-damage|p2a: her.|96\/100\n|-status|p2a: her.|par\n|move|p1a: sorpresiva|Iron Head|p2a: her.\n|-supereffective|p2a: her.\n|-damage|p2a: her.|39\/100 par\n|move|p2a: her.|Shadow Ball|p1a: sorpresiva\n|-damage|p1a: sorpresiva|0 fnt\n|faint|p1a: sorpresiva\n|\n|-weather|SunnyDay|[upkeep]\n|-heal|p2b: jefa|34\/100|[from] item: Leftovers\n|upkeep\n|\n|t:|1696092381\n|switch|p1a: radiolo|Eelektross, F|100\/100\n|turn|10\n|\n|t:|1696092389\n|move|p2b: jefa|Follow Me|p2b: jefa\n|-singleturn|p2b: jefa|move: Follow Me\n|move|p1b: mar|Super Fang|p2b: jefa\n|-damage|p2b: jefa|17\/100\n|move|p1a: radiolo|Discharge|p2b: jefa|[spread] p2a,p2b\n|-heal|p1b: mar|83\/100|[from] ability: Volt Absorb|[of] p1a: radiolo\n|-crit|p2b: jefa\n|-damage|p2a: her.|25\/100 par\n|-damage|p2b: jefa|0 fnt\n|faint|p2b: jefa\n|move|p2a: her.|Hyper Voice|p1b: mar|[spread] p1a,p1b\n|-damage|p1a: radiolo|72\/100\n|-damage|p1b: mar|22\/100\n|\n|-weather|SunnyDay|[upkeep]\n|upkeep\n|\n|t:|1696092401\n|switch|p2b: :O|Hippowdon, M|60\/100\n|-weather|Sandstorm|[from] ability: Sand Stream|[of] p2b: :O\n|turn|11\n|\n|t:|1696092415\n|switch|p1b: arantxa|Flygon, M|100\/100\n|move|p2b: :O|Double-Edge|p1a: radiolo\n|-damage|p1a: radiolo|36\/100\n|-damage|p2b: :O|49\/100|[from] Recoil\n|move|p1a: radiolo|Discharge|p2b: :O|[spread] p2a\n|-immune|p1b: arantxa\n|-immune|p2b: :O\n|-damage|p2a: her.|11\/100 par\n|move|p2a: her.|Hyper Voice|p1a: radiolo|[spread] p1a,p1b\n|-supereffective|p1b: arantxa\n|-damage|p1a: radiolo|7\/100\n|-damage|p1b: arantxa|0 fnt\n|faint|p1b: arantxa\n|\n|-weather|Sandstorm|[upkeep]\n|-damage|p1a: radiolo|1\/100|[from] Sandstorm\n|-damage|p2a: her.|5\/100 par|[from] Sandstorm\n|upkeep\n|\n|t:|1696092432\n|switch|p1b: longaniza|Charizard-Mega-Y, F|16\/100 slp\n|-weather|SunnyDay|[from] ability: Drought|[of] p1b: longaniza\n|turn|12\n|\n|t:|1696092447\n|cant|p2a: her.|par\n|cant|p1b: longaniza|slp\n|move|p2b: :O|Slack Off|p2b: :O\n|-heal|p2b: :O|99\/100\n|move|p1a: radiolo|Giga Drain|p2b: :O\n|-supereffective|p2b: :O\n|-damage|p2b: :O|68\/100\n|-heal|p1a: radiolo|19\/100|[from] drain|[of] p2b: :O\n|\n|-weather|SunnyDay|[upkeep]\n|-fieldend|move: Psychic Terrain\n|upkeep\n|turn|13\n|\n|t:|1696092474\n|move|p2a: her.|Protect|p2a: her.\n|-singleturn|p2a: her.|Protect\n|cant|p1b: longaniza|slp\n|move|p2b: :O|Double-Edge|p1a: radiolo\n|-damage|p1a: radiolo|0 fnt\n|faint|p1a: radiolo\n|-damage|p2b: :O|63\/100|[from] Recoil\n|\n|-weather|SunnyDay|[upkeep]\n|upkeep\n|\n|t:|1696092482\n|switch|p1a: mar|Pachirisu, F|22\/100\n|turn|14\n|\n|t:|1696092496\n|-curestatus|p1b: longaniza|slp|[msg]\n|move|p1b: longaniza|Solar Beam||[still]\n|-prepare|p1b: longaniza|Solar Beam\n|-anim|p1b: longaniza|Solar Beam|p2b: :O\n|-supereffective|p2b: :O\n|-damage|p2b: :O|0 fnt\n|faint|p2b: :O\n|move|p1a: mar|U-turn|p2a: her.\n|-resisted|p2a: her.\n|-damage|p2a: her.|0 fnt\n|faint|p2a: her.\n|\n|win|german_mg53\n|l|\u2606Noawa\n|l| harvestmarc\n","uploadtime":1696092517,"views":5,"p1id":"germanmg53","p2id":"noawa","formatid":"gen9nationaldexdoubles","rating":0,"private":0,"password":""}