{"id":"gen9nationaldexdoubles-1972025063","p1":"omegashenronone","p2":"khush19","format":"[Gen 9] National Dex Doubles","log":"|j|\u2606omegashenronone\n|j|\u2606khush19\n|t:|1697806048\n|gametype|doubles\n|player|p1|omegashenronone|hugh|\n|player|p2|khush19|n|\n|teamsize|p1|6\n|teamsize|p2|6\n|gen|9\n|tier|[Gen 9] National Dex Doubles\n|rule|HP Percentage Mod: HP is shown in percentages\n|rule|Endless Battle Clause: Forcing endless battles is banned\n|rule|OHKO Clause: OHKO moves are banned\n|rule|Evasion Moves Clause: Evasion moves are banned\n|rule|Evasion Abilities Clause: Evasion abilities are banned\n|rule|Species Clause: Limit one of each Pok\u00e9mon\n|rule|Gravity Sleep Clause: The combination of sleep-inducing moves with imperfect accuracy and Gravity or Gigantamax Orbeetle are banned\n|clearpoke\n|poke|p1|Pelipper, F|\n|poke|p1|Gyarados, M|\n|poke|p1|Greninja-*, M|\n|poke|p1|Dracovish|\n|poke|p1|Walking Wake|\n|poke|p1|Rotom-Wash|\n|poke|p2|Cinderace, M|\n|poke|p2|Swampert, M|\n|poke|p2|Blaziken, M|\n|poke|p2|Mimikyu, F|\n|poke|p2|Greninja-*, M|\n|poke|p2|Charizard, M|\n|teampreview\n|inactive|Battle timer is ON: inactive players will automatically lose when time's up. (requested by omegashenronone)\n|c|\u2606omegashenronone|Uhh\n|c|\u2606omegashenronone|You know im the water gym leader?\n|c|\u2606khush19|Glhf\n|c|\u2606khush19|Yeah ik\n|c|\u2606omegashenronone|You 2 \ud83d\udc4d\n|inactive|omegashenronone has 270 seconds left.\n|\n|t:|1697806085\n|start\n|switch|p1a: Happy|Pelipper, F|100\/100\n|switch|p1b: Former rotom phone|Rotom-Wash, shiny|100\/100\n|switch|p2a: Swampert|Swampert, M|100\/100\n|switch|p2b: Greninja|Greninja, M|100\/100\n|-weather|RainDance|[from] ability: Drizzle|[of] p1a: Happy\n|turn|1\n|c|\u2606khush19|It's my default team so i cannot change that\n|inactive|khush19 has 270 seconds left.\n|c|\u2606omegashenronone|Alright but whyd you put 3 fire types?\n|\n|t:|1697806124\n|move|p2b: Greninja|Protect|p2b: Greninja\n|-start|p2b: Greninja|typechange|Normal|[from] ability: Protean\n|-singleturn|p2b: Greninja|Protect\n|move|p2a: Swampert|Yawn|p1b: Former rotom phone\n|-start|p1b: Former rotom phone|move: Yawn|[of] p2a: Swampert\n|move|p1b: Former rotom phone|Thunder|p2b: Greninja\n|-activate|p2b: Greninja|move: Protect\n|move|p1a: Happy|Tailwind|p1a: Happy\n|-sidestart|p1: omegashenronone|move: Tailwind\n|\n|-weather|RainDance|[upkeep]\n|upkeep\n|turn|2\n|inactive|khush19 has 270 seconds left.\n|\n|t:|1697806154\n|switch|p1b: Ze Fish?|Dracovish|100\/100\n|move|p2b: Greninja|Ice Beam|p1a: Happy\n|-damage|p1a: Happy|68\/100\n|move|p1a: Happy|Hurricane|p2b: Greninja\n|-damage|p2b: Greninja|48\/100\n|move|p2a: Swampert|Ice Beam|p1a: Happy\n|-damage|p1a: Happy|50\/100\n|\n|-weather|RainDance|[upkeep]\n|upkeep\n|turn|3\n|\n|t:|1697806176\n|move|p2b: Greninja|Protect|p2b: Greninja\n|-singleturn|p2b: Greninja|Protect\n|move|p1b: Ze Fish?|Fishious Rend|p2a: Swampert\n|-damage|p2a: Swampert|0 fnt\n|faint|p2a: Swampert\n|move|p1a: Happy|Hurricane|p2b: Greninja\n|-activate|p2b: Greninja|move: Protect\n|\n|-weather|RainDance|[upkeep]\n|upkeep\n|inactive|khush19 has 270 seconds left.\n|\n|t:|1697806194\n|switch|p2a: Mimikyu|Mimikyu, F|100\/100\n|turn|4\n|\n|t:|1697806205\n|move|p1b: Ze Fish?|Fishious Rend|p2b: Greninja\n|-damage|p2b: Greninja|0 fnt\n|faint|p2b: Greninja\n|move|p1a: Happy|Icy Wind|p2a: Mimikyu\n|-activate|p2a: Mimikyu|ability: Disguise\n|-damage|p2a: Mimikyu|100\/100\n|-unboost|p2a: Mimikyu|spe|1\n|detailschange|p2a: Mimikyu|Mimikyu-Busted, F\n|-damage|p2a: Mimikyu|88\/100|[from] pokemon: Mimikyu-Busted\n|move|p2a: Mimikyu|Swords Dance|p2a: Mimikyu\n|-boost|p2a: Mimikyu|atk|2\n|\n|-weather|RainDance|[upkeep]\n|-sideend|p1: omegashenronone|move: Tailwind\n|upkeep\n|inactive|khush19 has 270 seconds left.\n|\n|t:|1697806224\n|switch|p2b: Charizard|Charizard, M|100\/100\n|turn|5\n|\n|t:|1697806231\n|move|p2b: Charizard|Protect|p2b: Charizard\n|-singleturn|p2b: Charizard|Protect\n|move|p1b: Ze Fish?|Fishious Rend|p2a: Mimikyu\n|-damage|p2a: Mimikyu|0 fnt\n|faint|p2a: Mimikyu\n|move|p1a: Happy|Tailwind|p1a: Happy\n|-sidestart|p1: omegashenronone|move: Tailwind\n|\n|-weather|RainDance|[upkeep]\n|upkeep\n|c|\u2606khush19|Gg\n|\n|t:|1697806246\n|switch|p2a: Cinderace|Cinderace, M|100\/100\n|turn|6\n|\n|t:|1697806269\n|detailschange|p2b: Charizard|Charizard-Mega-X, M\n|-mega|p2b: Charizard|Charizard|Charizardite X\n|move|p1b: Ze Fish?|Fishious Rend|p2b: Charizard\n|-damage|p2b: Charizard|0 fnt\n|faint|p2b: Charizard\n|move|p2a: Cinderace|High Jump Kick|p1b: Ze Fish?\n|-start|p2a: Cinderace|typechange|Fighting|[from] ability: Libero\n|-damage|p1b: Ze Fish?|15\/100\n|-damage|p2a: Cinderace|91\/100|[from] item: Life Orb\n|move|p1a: Happy|Icy Wind|p2a: Cinderace\n|-damage|p2a: Cinderace|74\/100\n|-unboost|p2a: Cinderace|spe|1\n|\n|-weather|RainDance|[upkeep]\n|upkeep\n|c|\u2606omegashenronone|If you csn set sun i might lose\n|c|\u2606omegashenronone|Oh its X charizard\n|inactive|khush19 has 270 seconds left.\n|\n|t:|1697806285\n|switch|p2b: Blaziken|Blaziken, M|100\/100\n|turn|7\n|c|\u2606omegashenronone|You know Y is stronger?\n|inactive|khush19 has 270 seconds left.\n|\n|t:|1697806319\n|move|p1b: Ze Fish?|Fishious Rend|p2b: Blaziken\n|-supereffective|p2b: Blaziken\n|-damage|p2b: Blaziken|0 fnt\n|faint|p2b: Blaziken\n|move|p1a: Happy|Hurricane|p2a: Cinderace\n|-supereffective|p2a: Cinderace\n|-damage|p2a: Cinderace|0 fnt\n|faint|p2a: Cinderace\n|\n|win|omegashenronone\n|c|\u2606omegashenronone|Good game \ud83d\udc4d\n|c|\u2606khush19|Again\n|c|\u2606omegashenronone|Isnt there a time limit between challenges?\n|c|\u2606khush19|Nop\n|c|\u2606omegashenronone|Or was that a different server\n|c|\u2606omegashenronone|Ok\n","uploadtime":1697806362,"views":15,"p1id":"omegashenronone","p2id":"khush19","formatid":"gen9nationaldexdoubles","rating":0,"private":0,"password":""}