{"id":"gen9nationaldexdoubles-1955785367","p1":"LakeyWakey","p2":"PawmotLover06","format":"[Gen 9] National Dex Doubles","log":"|j|\u2606LakeyWakey\n|j|\u2606PawmotLover06\n|t:|1696027837\n|gametype|doubles\n|player|p1|LakeyWakey|ingo|\n|player|p2|PawmotLover06|cynthia-gen4|\n|teamsize|p1|6\n|teamsize|p2|6\n|gen|9\n|tier|[Gen 9] National Dex Doubles\n|rule|HP Percentage Mod: HP is shown in percentages\n|rule|Endless Battle Clause: Forcing endless battles is banned\n|rule|OHKO Clause: OHKO moves are banned\n|rule|Evasion Moves Clause: Evasion moves are banned\n|rule|Evasion Abilities Clause: Evasion abilities are banned\n|rule|Species Clause: Limit one of each Pok\u00e9mon\n|rule|Gravity Sleep Clause: The combination of sleep-inducing moves with imperfect accuracy and Gravity or Gigantamax Orbeetle are banned\n|clearpoke\n|poke|p1|Cyclizar, F|\n|poke|p1|Weezing-Galar, M|\n|poke|p1|Regigigas|\n|poke|p1|Meloetta|\n|poke|p1|Scovillain, M|\n|poke|p1|Drampa, M|\n|poke|p2|Palafin, M|\n|poke|p2|Dudunsparce-*, M|\n|poke|p2|Orthworm, M|\n|poke|p2|Tauros-Paldea-Combat, M|\n|poke|p2|Garchomp, F|\n|poke|p2|Armarouge, F|\n|teampreview\n|\n|t:|1696027846\n|start\n|switch|p1a: Meloetta|Meloetta|100\/100\n|switch|p1b: doug dimmadome|Weezing-Galar, M, shiny|100\/100\n|switch|p2a: Palafin|Palafin, M|100\/100\n|switch|p2b: Dudunsparce|Dudunsparce-Three-Segment, M|100\/100\n|-ability|p1b: doug dimmadome|Neutralizing Gas\n|turn|1\n|\n|t:|1696027862\n|move|p2a: Palafin|Flip Turn|p1b: doug dimmadome\n|-damage|p1b: doug dimmadome|86\/100\n|\n|t:|1696027872\n|detailschange|p2a: Palafin|Palafin-Hero, M\n|switch|p2a: Orthworm|Orthworm, M|100\/100|[from] Flip Turn\n|move|p2b: Dudunsparce|Stealth Rock|p1b: doug dimmadome\n|-sidestart|p1: LakeyWakey|move: Stealth Rock\n|move|p1b: doug dimmadome|Toxic Spikes|p2b: Dudunsparce\n|-sidestart|p2: PawmotLover06|move: Toxic Spikes\n|move|p1a: Meloetta|Trick Room|p1a: Meloetta\n|-fieldstart|move: Trick Room|[of] p1a: Meloetta\n|\n|upkeep\n|turn|2\n|\n|t:|1696027897\n|move|p1b: doug dimmadome|Will-O-Wisp|p2a: Orthworm\n|-status|p2a: Orthworm|brn\n|move|p2a: Orthworm|Earthquake|p1a: Meloetta|[spread] p2b,p1a,p1b\n|-supereffective|p1b: doug dimmadome\n|-damage|p2b: Dudunsparce|93\/100\n|-damage|p1a: Meloetta|93\/100\n|-damage|p1b: doug dimmadome|72\/100\n|move|p1a: Meloetta|U-turn|p2b: Dudunsparce\n|-damage|p2b: Dudunsparce|80\/100\n|\n|t:|1696027906\n|switch|p1a: friend :3|Regigigas, shiny|100\/100|[from] U-turn\n|-damage|p1a: friend :3|88\/100|[from] Stealth Rock\n|move|p2b: Dudunsparce|Drill Run|p1a: friend :3\n|-damage|p1a: friend :3|73\/100\n|\n|-damage|p2a: Orthworm|94\/100 brn|[from] brn\n|upkeep\n|turn|3\n|\n|t:|1696027935\n|-terastallize|p1a: friend :3|Ghost\n|move|p1b: doug dimmadome|Sludge Bomb|p2b: Dudunsparce\n|-damage|p2b: Dudunsparce|54\/100\n|-status|p2b: Dudunsparce|psn\n|move|p2a: Orthworm|Earthquake|p1a: friend :3|[spread] p2b,p1a,p1b\n|-supereffective|p1b: doug dimmadome\n|-damage|p2b: Dudunsparce|47\/100 psn\n|-damage|p1a: friend :3|67\/100\n|-damage|p1b: doug dimmadome|59\/100\n|move|p2b: Dudunsparce|Drill Run|p1b: doug dimmadome\n|-supereffective|p1b: doug dimmadome\n|-damage|p1b: doug dimmadome|24\/100\n|move|p1a: friend :3|Power-Up Punch|p2a: Orthworm\n|-supereffective|p2a: Orthworm\n|-damage|p2a: Orthworm|62\/100 brn\n|-boost|p1a: friend :3|atk|1\n|-damage|p1a: friend :3|58\/100|[from] item: Life Orb\n|\n|-heal|p2a: Orthworm|68\/100 brn|[from] item: Leftovers\n|-damage|p2b: Dudunsparce|34\/100 psn|[from] psn\n|-damage|p2a: Orthworm|62\/100 brn|[from] brn\n|upkeep\n|turn|4\n|\n|t:|1696027962\n|move|p1b: doug dimmadome|Strange Steam|p2b: Dudunsparce\n|-damage|p2b: Dudunsparce|8\/100 psn\n|move|p2a: Orthworm|Earthquake|p1b: doug dimmadome|[spread] p2b,p1a,p1b\n|-supereffective|p1b: doug dimmadome\n|-damage|p2b: Dudunsparce|2\/100 psn\n|-damage|p1a: friend :3|52\/100\n|-damage|p1b: doug dimmadome|10\/100\n|move|p2b: Dudunsparce|Drill Run|p1b: doug dimmadome\n|-supereffective|p1b: doug dimmadome\n|-damage|p1b: doug dimmadome|0 fnt\n|faint|p1b: doug dimmadome\n|-end|p1b: doug dimmadome|ability: Neutralizing Gas\n|-start|p1a: friend :3|ability: Slow Start\n|move|p1a: friend :3|Fire Punch|p2a: Orthworm\n|-supereffective|p2a: Orthworm\n|-damage|p2a: Orthworm|16\/100 brn\n|-damage|p1a: friend :3|42\/100|[from] item: Life Orb\n|\n|-heal|p2a: Orthworm|22\/100 brn|[from] item: Leftovers\n|-damage|p2b: Dudunsparce|0 fnt|[from] psn\n|faint|p2b: Dudunsparce\n|-damage|p2a: Orthworm|16\/100 brn|[from] brn\n|upkeep\n|\n|t:|1696027989\n|switch|p1b: hassel (real)|Drampa, M, shiny|100\/100\n|switch|p2b: Tauros|Tauros-Paldea-Combat, M|100\/100\n|-ability|p1b: hassel (real)|Cloud Nine\n|-status|p2b: Tauros|psn\n|-ability|p2b: Tauros|Intimidate|boost\n|-unboost|p1a: friend :3|atk|1\n|-unboost|p1b: hassel (real)|atk|1\n|turn|5\n|\n|t:|1696028036\n|move|p1b: hassel (real)|Flamethrower|p2a: Orthworm\n|-supereffective|p2a: Orthworm\n|-crit|p2a: Orthworm\n|-damage|p2a: Orthworm|0 fnt\n|faint|p2a: Orthworm\n|move|p1a: friend :3|Body Slam|p2b: Tauros\n|-damage|p2b: Tauros|69\/100 psn\n|-damage|p1a: friend :3|32\/100|[from] item: Life Orb\n|move|p2b: Tauros|Outrage|p1a: friend :3\n|-damage|p1a: friend :3|0 fnt\n|faint|p1a: friend :3\n|-end|p1a: friend :3|Slow Start|[silent]\n|-damage|p2b: Tauros|59\/100 psn|[from] item: Life Orb\n|\n|-damage|p2b: Tauros|46\/100 psn|[from] psn\n|-fieldend|move: Trick Room\n|upkeep\n|\n|t:|1696028051\n|switch|p1a: Cyclizar|Cyclizar, F, shiny|100\/100\n|switch|p2a: Palafin|Palafin-Hero, M|100\/100\n|-damage|p1a: Cyclizar|88\/100|[from] Stealth Rock\n|-status|p2a: Palafin|psn\n|-activate|p2a: Palafin|ability: Zero to Hero\n|turn|6\n|\n|t:|1696028062\n|switch|p1b: Meloetta|Meloetta|93\/100\n|-damage|p1b: Meloetta|80\/100|[from] Stealth Rock\n|move|p1a: Cyclizar|Shed Tail|p1a: Cyclizar\n|-start|p1a: Cyclizar|Substitute|[from] move: Shed Tail\n|-damage|p1a: Cyclizar|38\/100\n|\n|t:|1696028069\n|switch|p1a: Scovillain|Scovillain, M, shiny|100\/100|[from] Shed Tail\n|-damage|p1a: Scovillain|76\/100|[from] Stealth Rock\n|move|p2a: Palafin|Drain Punch|p1a: Scovillain\n|-end|p1a: Scovillain|Substitute\n|move|p2b: Tauros|Outrage|p1a: Scovillain|[from]lockedmove\n|-damage|p1a: Scovillain|30\/100\n|-damage|p2b: Tauros|36\/100 psn|[from] item: Life Orb\n|-start|p2b: Tauros|confusion|[fatigue]\n|\n|-heal|p1a: Scovillain|36\/100|[from] item: Leftovers\n|-damage|p2b: Tauros|24\/100 psn|[from] psn\n|-damage|p2a: Palafin|88\/100 psn|[from] psn\n|-ability|p1a: Scovillain|Moody|boost\n|-boost|p1a: Scovillain|spe|2\n|-unboost|p1a: Scovillain|spd|1\n|upkeep\n|turn|7\n|\n|t:|1696028095\n|move|p1a: Scovillain|Protect|p1a: Scovillain\n|-singleturn|p1a: Scovillain|Protect\n|move|p2a: Palafin|Jet Punch|p1a: Scovillain\n|-activate|p1a: Scovillain|move: Protect\n|-activate|p2b: Tauros|confusion\n|move|p2b: Tauros|Outrage|p1a: Scovillain\n|-activate|p1a: Scovillain|move: Protect\n|move|p1b: Meloetta|Trick Room|p1b: Meloetta\n|-fieldstart|move: Trick Room|[of] p1b: Meloetta\n|\n|-heal|p2a: Palafin|94\/100 psn|[from] item: Leftovers\n|-heal|p1a: Scovillain|41\/100|[from] item: Leftovers\n|-damage|p2b: Tauros|12\/100 psn|[from] psn\n|-damage|p2a: Palafin|82\/100 psn|[from] psn\n|-ability|p1a: Scovillain|Moody|boost\n|-boost|p1a: Scovillain|def|2\n|-unboost|p1a: Scovillain|spd|1\n|upkeep\n|turn|8\n|\n|t:|1696028114\n|move|p2a: Palafin|Jet Punch|p1a: Scovillain\n|-damage|p1a: Scovillain|20\/100\n|move|p1b: Meloetta|Psychic|p2b: Tauros\n|-supereffective|p2b: Tauros\n|-damage|p2b: Tauros|0 fnt\n|faint|p2b: Tauros\n|move|p1a: Scovillain|Leech Seed|p2a: Palafin\n|-start|p2a: Palafin|move: Leech Seed\n|\n|-heal|p2a: Palafin|88\/100 psn|[from] item: Leftovers\n|-heal|p1a: Scovillain|26\/100|[from] item: Leftovers\n|-damage|p2a: Palafin|76\/100 psn|[from] Leech Seed|[of] p1a: Scovillain\n|-heal|p1a: Scovillain|45\/100|[silent]\n|-damage|p2a: Palafin|63\/100 psn|[from] psn\n|-ability|p1a: Scovillain|Moody|boost\n|-boost|p1a: Scovillain|atk|2\n|-unboost|p1a: Scovillain|spd|1\n|upkeep\n|\n|t:|1696028128\n|switch|p2b: Armarouge|Armarouge, F|100\/100\n|-status|p2b: Armarouge|psn\n|turn|9\n|\n|t:|1696028141\n|-terastallize|p2b: Armarouge|Fire\n|move|p1a: Scovillain|Protect|p1a: Scovillain\n|-singleturn|p1a: Scovillain|Protect\n|move|p2b: Armarouge|Dark Pulse|p1b: Meloetta\n|-supereffective|p1b: Meloetta\n|-damage|p1b: Meloetta|40\/100\n|-enditem|p1b: Meloetta|Sitrus Berry|[eat]\n|-heal|p1b: Meloetta|65\/100|[from] item: Sitrus Berry\n|move|p1b: Meloetta|U-turn|p2a: Palafin\n|-damage|p2a: Palafin|51\/100 psn\n|\n|t:|1696028154\n|switch|p1b: hassel (real)|Drampa, M, shiny|100\/100|[from] U-turn\n|-ability|p1b: hassel (real)|Cloud Nine\n|move|p2a: Palafin|Bulk Up|p2a: Palafin\n|-boost|p2a: Palafin|atk|1\n|-boost|p2a: Palafin|def|1\n|\n|-heal|p2a: Palafin|58\/100 psn|[from] item: Leftovers\n|-heal|p1a: Scovillain|51\/100|[from] item: Leftovers\n|-damage|p2a: Palafin|45\/100 psn|[from] Leech Seed|[of] p1a: Scovillain\n|-heal|p1a: Scovillain|69\/100|[silent]\n|-damage|p2b: Armarouge|88\/100 psn|[from] psn\n|-damage|p2a: Palafin|33\/100 psn|[from] psn\n|-ability|p1a: Scovillain|Moody|boost\n|-boost|p1a: Scovillain|atk|2\n|-unboost|p1a: Scovillain|spd|1\n|upkeep\n|turn|10\n|\n|t:|1696028174\n|move|p2a: Palafin|Jet Punch|p1a: Scovillain\n|-damage|p1a: Scovillain|37\/100\n|move|p1b: hassel (real)|Thunderbolt|p2a: Palafin\n|-supereffective|p2a: Palafin\n|-damage|p2a: Palafin|0 fnt\n|faint|p2a: Palafin\n|move|p2b: Armarouge|Armor Cannon|p1a: Scovillain\n|-damage|p1a: Scovillain|0 fnt\n|-unboost|p2b: Armarouge|def|1\n|-unboost|p2b: Armarouge|spd|1\n|faint|p1a: Scovillain\n|\n|-damage|p2b: Armarouge|76\/100 psn|[from] psn\n|upkeep\n|\n|t:|1696028188\n|switch|p1a: Cyclizar|Cyclizar, F, shiny|71\/100\n|switch|p2a: Garchomp|Garchomp, F|100\/100\n|-status|p2a: Garchomp|psn\n|-damage|p1a: Cyclizar|59\/100|[from] Stealth Rock\n|turn|11\n|\n|t:|1696028204\n|move|p1b: hassel (real)|Ice Beam|p2a: Garchomp\n|-supereffective|p2a: Garchomp\n|-damage|p2a: Garchomp|0 fnt\n|faint|p2a: Garchomp\n|move|p2b: Armarouge|Armor Cannon|p1b: hassel (real)\n|-resisted|p1b: hassel (real)\n|-damage|p1b: hassel (real)|53\/100\n|-unboost|p2b: Armarouge|def|1\n|-unboost|p2b: Armarouge|spd|1\n|move|p1a: Cyclizar|Dragon Tail|p2b: Armarouge\n|-damage|p2b: Armarouge|32\/100 psn\n|\n|-damage|p2b: Armarouge|19\/100 psn|[from] psn\n|-fieldend|move: Trick Room\n|upkeep\n|turn|12\n|\n|t:|1696028221\n|move|p1a: Cyclizar|Crunch|p2b: Armarouge\n|-damage|p2b: Armarouge|0 fnt\n|faint|p2b: Armarouge\n|\n|win|LakeyWakey\n|l|\u2606PawmotLover06\n","uploadtime":1696028517,"views":18,"p1id":"lakeywakey","p2id":"pawmotlover06","formatid":"gen9nationaldexdoubles","rating":0,"private":0,"password":""}