{"id":"gen9nationaldexdoubles-1969067241","p1":"FriedBeaver01","p2":"Prankbox454","format":"[Gen 9] National Dex Doubles","log":"|j|\u2606FriedBeaver01\n|j|\u2606Prankbox454\n|t:|1697487186\n|gametype|doubles\n|player|p1|FriedBeaver01|170|\n|player|p2|Prankbox454|rosa-masters|\n|teamsize|p1|6\n|teamsize|p2|6\n|gen|9\n|tier|[Gen 9] National Dex Doubles\n|rule|HP Percentage Mod: HP is shown in percentages\n|rule|Endless Battle Clause: Forcing endless battles is banned\n|rule|OHKO Clause: OHKO moves are banned\n|rule|Evasion Moves Clause: Evasion moves are banned\n|rule|Evasion Abilities Clause: Evasion abilities are banned\n|rule|Species Clause: Limit one of each Pok\u00e9mon\n|rule|Gravity Sleep Clause: The combination of sleep-inducing moves with imperfect accuracy and Gravity or Gigantamax Orbeetle are banned\n|clearpoke\n|poke|p1|Pelipper, M|\n|poke|p1|Swampert, M|\n|poke|p1|Barraskewda, M|\n|poke|p1|Toxapex, M|\n|poke|p1|Politoed, M|\n|poke|p1|Greninja-*, M|\n|poke|p2|Scream Tail|\n|poke|p2|Flapple, F|\n|poke|p2|Ogerpon-Wellspring, F|\n|poke|p2|Torkoal, M|\n|poke|p2|Magnezone|\n|poke|p2|Landorus-Therian, M|\n|teampreview\n|c|\u2606FriedBeaver01|here\n|c|\u2606Prankbox454|Toxapex, i see\n|c|\u2606FriedBeaver01|:smugpin:\n|c|\u2606FriedBeaver01|Also Og*erpon\n|c|\u2606FriedBeaver01|cringe\n|c|\u2606Prankbox454|I didnt know what other water types to pick\n|c|\u2606Prankbox454|And this guy seems pretty good\n|c|\u2606Prankbox454|:smugpin:\n|\n|t:|1697487253\n|start\n|switch|p1a: Pelipper|Pelipper, M, shiny|100\/100\n|switch|p1b: Barraskewda|Barraskewda, M, shiny|100\/100\n|switch|p2a: Scream Tail|Scream Tail|100\/100\n|switch|p2b: Torkoal|Torkoal, M|100\/100\n|-weather|RainDance|[from] ability: Drizzle|[of] p1a: Pelipper\n|-weather|SunnyDay|[from] ability: Drought|[of] p2b: Torkoal\n|-activate|p2a: Scream Tail|ability: Protosynthesis\n|-start|p2a: Scream Tail|protosynthesisspe\n|turn|1\n|c|\u2606Prankbox454|:smugpin:\n|inactive|Battle timer is ON: inactive players will automatically lose when time's up. (requested by FriedBeaver01)\n|\n|t:|1697487286\n|switch|p1a: Politoed|Politoed, M, shiny|100\/100\n|-weather|RainDance|[from] ability: Drizzle|[of] p1a: Politoed\n|-end|p2a: Scream Tail|Protosynthesis\n|move|p2b: Torkoal|Protect|p2b: Torkoal\n|-singleturn|p2b: Torkoal|Protect\n|move|p1b: Barraskewda|Flip Turn|p2b: Torkoal\n|-activate|p2b: Torkoal|move: Protect\n|move|p2a: Scream Tail|Bulk Up|p2a: Scream Tail\n|-boost|p2a: Scream Tail|atk|1\n|-boost|p2a: Scream Tail|def|1\n|\n|-weather|RainDance|[upkeep]\n|upkeep\n|turn|2\n|c|\u2606FriedBeaver01|:smugpin:\n|c|\u2606Prankbox454|i knew that was gonna happen\n|c|\u2606Prankbox454|But now its time\n|inactive|Prankbox454 has 270 seconds left.\n|\n|t:|1697487345\n|switch|p2b: Ogerpon|Ogerpon-Wellspring, F|100\/100\n|move|p1b: Barraskewda|Flip Turn|p2a: Scream Tail\n|-damage|p2a: Scream Tail|61\/100\n|inactive|FriedBeaver01 has 270 seconds left.\n|\n|t:|1697487355\n|switch|p1b: Toxapex|Toxapex, M|100\/100|[from] Flip Turn\n|move|p2a: Scream Tail|Baton Pass|p2a: Scream Tail\n|inactive|Prankbox454 has 240 seconds left.\n|inactive|Prankbox454 has 210 seconds left.\n|\n|t:|1697487410\n|-end|p2a: Scream Tail|Protosynthesis|[silent]\n|switch|p2a: Flapple|Flapple, F|100\/100|[from] Baton Pass\n|move|p1a: Politoed|Mist|p1a: Politoed\n|-sidestart|p1: FriedBeaver01|Mist\n|\n|-weather|RainDance|[upkeep]\n|upkeep\n|turn|3\n|c|\u2606FriedBeaver01|O TEU URSO BEBE CERVEJA\n|c|\u2606FriedBeaver01|:smugpin:\n|c|\u2606Prankbox454|huh\n|c|\u2606Prankbox454|Interesting\n|inactive|Prankbox454 has 210 seconds left.\n|inactive|Prankbox454 has 180 seconds left.\n|\n|t:|1697487475\n|switch|p2b: Torkoal|Torkoal, M|100\/100\n|-weather|SunnyDay|[from] ability: Drought|[of] p2b: Torkoal\n|move|p2a: Flapple|Grav Apple|p1a: Politoed\n|-supereffective|p1a: Politoed\n|-damage|p1a: Politoed|0 fnt\n|faint|p1a: Politoed\n|move|p1b: Toxapex|Toxic Spikes|p2a: Flapple\n|-sidestart|p2: Prankbox454|move: Toxic Spikes\n|\n|-weather|SunnyDay|[upkeep]\n|upkeep\n|inactive|FriedBeaver01 has 270 seconds left.\n|\n|t:|1697487487\n|switch|p1a: Pelipper|Pelipper, M, shiny|100\/100\n|-weather|RainDance|[from] ability: Drizzle|[of] p1a: Pelipper\n|turn|4\n|inactive|Prankbox454 has 180 seconds left.\n|inactive|Prankbox454 has 150 seconds left.\n|\n|t:|1697487556\n|switch|p2b: Magnezone|Magnezone|100\/100\n|move|p2a: Flapple|Endure|p2a: Flapple\n|-singleturn|p2a: Flapple|move: Endure\n|move|p1a: Pelipper|Weather Ball|p2b: Magnezone\n|-damage|p2b: Magnezone|29\/100\n|move|p1b: Toxapex|Poison Jab|p2a: Flapple\n|-supereffective|p2a: Flapple\n|-damage|p2a: Flapple|61\/100\n|\n|-weather|RainDance|[upkeep]\n|-heal|p2b: Magnezone|35\/100|[from] item: Leftovers\n|upkeep\n|turn|5\n|inactive|Prankbox454 has 150 seconds left.\n|inactive|Prankbox454 has 120 seconds left.\n|\n|t:|1697487596\n|move|p2a: Flapple|Dragon Dance|p2a: Flapple\n|-boost|p2a: Flapple|atk|1\n|-boost|p2a: Flapple|spe|1\n|move|p1a: Pelipper|Weather Ball|p2b: Magnezone\n|-damage|p2b: Magnezone|0 fnt\n|faint|p2b: Magnezone\n|move|p1b: Toxapex|Poison Jab|p2a: Flapple\n|-supereffective|p2a: Flapple\n|-damage|p2a: Flapple|27\/100\n|\n|-weather|RainDance|[upkeep]\n|upkeep\n|inactive|Prankbox454 has 120 seconds left.\n|inactive|Prankbox454 has 90 seconds left.\n|\n|t:|1697487641\n|switch|p2b: Landorus|Landorus-Therian, M|100\/100\n|-ability|p2b: Landorus|Intimidate|boost\n|-activate|p1a: Pelipper|move: Mist\n|-activate|p1b: Toxapex|move: Mist\n|turn|6\n|inactive|Prankbox454 has 90 seconds left.\n|inactive|FriedBeaver01 has 270 seconds left.\n|\n|t:|1697487681\n|-terastallize|p2b: Landorus|Flying\n|move|p2a: Flapple|Endure|p2a: Flapple\n|-singleturn|p2a: Flapple|move: Endure\n|move|p1a: Pelipper|Tailwind|p1a: Pelipper\n|-sidestart|p1: FriedBeaver01|move: Tailwind\n|move|p2b: Landorus|Stomping Tantrum|p1b: Toxapex\n|-supereffective|p1b: Toxapex\n|-damage|p1b: Toxapex|34\/100\n|move|p1b: Toxapex|Poison Jab|p2a: Flapple\n|-supereffective|p2a: Flapple\n|-activate|p2a: Flapple|move: Endure\n|-damage|p2a: Flapple|1\/100\n|-status|p2a: Flapple|psn\n|-activate|p2a: Flapple|ability: Ripen\n|-enditem|p2a: Flapple|Liechi Berry|[eat]\n|-boost|p2a: Flapple|atk|2|[from] item: Liechi Berry\n|\n|-weather|RainDance|[upkeep]\n|-heal|p1b: Toxapex|40\/100|[from] item: Leftovers\n|-damage|p2a: Flapple|0 fnt|[from] psn\n|faint|p2a: Flapple\n|-sideend|p1: FriedBeaver01|Mist\n|upkeep\n|inactive|Prankbox454 has 90 seconds left.\n|c|\u2606Prankbox454|omfg\n|c|\u2606FriedBeaver01|lmao\n|c|\u2606Prankbox454|All that setup\n|\n|t:|1697487708\n|switch|p2a: Torkoal|Torkoal, M|100\/100\n|-status|p2a: Torkoal|psn\n|-weather|SunnyDay|[from] ability: Drought|[of] p2a: Torkoal\n|turn|7\n|inactive|Prankbox454 has 90 seconds left.\n|inactive|FriedBeaver01 has 270 seconds left.\n|\n|t:|1697487734\n|move|p1b: Toxapex|Baneful Bunker|p1b: Toxapex\n|-singleturn|p1b: Toxapex|move: Protect\n|move|p1a: Pelipper|Weather Ball|p2b: Landorus\n|-damage|p2b: Landorus|59\/100\n|move|p2b: Landorus|Gravity|p2b: Landorus\n|-fieldstart|move: Gravity\n|move|p2a: Torkoal|Yawn|p1b: Toxapex\n|-activate|p1b: Toxapex|move: Protect\n|\n|-weather|SunnyDay|[upkeep]\n|-heal|p1b: Toxapex|46\/100|[from] item: Leftovers\n|-damage|p2a: Torkoal|88\/100 psn|[from] psn\n|upkeep\n|turn|8\n|inactive|Prankbox454 has 90 seconds left.\n|inactive|FriedBeaver01 has 270 seconds left.\n|\n|t:|1697487764\n|move|p1a: Pelipper|Hurricane|p2a: Torkoal\n|-damage|p2a: Torkoal|31\/100 psn\n|-enditem|p2a: Torkoal|Sitrus Berry|[eat]\n|-heal|p2a: Torkoal|56\/100 psn|[from] item: Sitrus Berry\n|move|p2b: Landorus|Stomping Tantrum|p1b: Toxapex\n|-supereffective|p1b: Toxapex\n|-damage|p1b: Toxapex|0 fnt\n|faint|p1b: Toxapex\n|move|p2a: Torkoal|Inferno|p1a: Pelipper\n|-resisted|p1a: Pelipper\n|-damage|p1a: Pelipper|58\/100\n|-status|p1a: Pelipper|brn\n|\n|-weather|SunnyDay|[upkeep]\n|-damage|p2a: Torkoal|44\/100 psn|[from] psn\n|-damage|p1a: Pelipper|52\/100 brn|[from] brn\n|upkeep\n|\n|t:|1697487788\n|switch|p1b: Barraskewda|Barraskewda, M, shiny|100\/100\n|turn|9\n|inactive|Prankbox454 has 90 seconds left.\n|inactive|Prankbox454 has 60 seconds left.\n|\n|t:|1697487841\n|switch|p1a: Swampert|Swampert, M|100\/100\n|switch|p2a: Scream Tail|Scream Tail|61\/100\n|-status|p2a: Scream Tail|psn\n|-activate|p2a: Scream Tail|ability: Protosynthesis\n|-start|p2a: Scream Tail|protosynthesisspe\n|move|p1b: Barraskewda|Flip Turn|p2a: Scream Tail\n|-damage|p2a: Scream Tail|40\/100 psn\n|\n|t:|1697487852\n|switch|p1b: Pelipper|Pelipper, M, shiny|52\/100 brn|[from] Flip Turn\n|-weather|RainDance|[from] ability: Drizzle|[of] p1b: Pelipper\n|-end|p2a: Scream Tail|Protosynthesis\n|move|p2b: Landorus|Tera Blast|p1b: Pelipper|[anim] Tera Blast Flying\n|-damage|p1b: Pelipper|0 fnt\n|faint|p1b: Pelipper\n|\n|-weather|RainDance|[upkeep]\n|-damage|p2a: Scream Tail|27\/100 psn|[from] psn\n|-sideend|p1: FriedBeaver01|move: Tailwind\n|upkeep\n|c|\u2606Prankbox454|holy shit\n|\n|t:|1697487866\n|switch|p1b: Barraskewda|Barraskewda, M, shiny|100\/100\n|turn|10\n|c|\u2606Prankbox454|300 IQ predict\n|inactive|FriedBeaver01 has 270 seconds left.\n|inactive|Prankbox454 has 90 seconds left.\n|\n|t:|1697487881\n|-end|p2a: Scream Tail|Protosynthesis|[silent]\n|switch|p2a: Torkoal|Torkoal, M|44\/100 psn\n|-weather|SunnyDay|[from] ability: Drought|[of] p2a: Torkoal\n|detailschange|p1a: Swampert|Swampert-Mega, M\n|-mega|p1a: Swampert|Swampert|Swampertite\n|move|p2b: Landorus|Protect|p2b: Landorus\n|-singleturn|p2b: Landorus|Protect\n|move|p1b: Barraskewda|Flip Turn|p2a: Torkoal\n|-supereffective|p2a: Torkoal\n|-damage|p2a: Torkoal|14\/100 psn\n|\n|t:|1697487892\n|switch|p1b: Greninja|Greninja, M|100\/100|[from] Flip Turn\n|move|p1a: Swampert|Liquidation|p2b: Landorus\n|-activate|p2b: Landorus|move: Protect\n|\n|-weather|SunnyDay|[upkeep]\n|-damage|p2a: Torkoal|2\/100 psn|[from] psn\n|upkeep\n|turn|11\n|c|\u2606FriedBeaver01|thanks\n|inactive|FriedBeaver01 has 270 seconds left.\n|inactive|Prankbox454 has 90 seconds left.\n|inactive|FriedBeaver01 has 240 seconds left.\n|c|\u2606FriedBeaver01|Oh wait you were referring to yourself right?\n|inactive|Prankbox454 has 60 seconds left.\n|c|\u2606Prankbox454|yes\n|c|\u2606Prankbox454|:P\n|inactive|FriedBeaver01 has 210 seconds left.\n|c|\u2606Prankbox454|cause now you got no rain\n|\n|t:|1697487979\n|move|p2b: Landorus|Protect||[still]\n|-fail|p2b: Landorus\n|move|p1b: Greninja|Ice Beam|p2b: Landorus\n|-supereffective|p2b: Landorus\n|-damage|p2b: Landorus|6\/100\n|move|p1a: Swampert|Bulk Up|p1a: Swampert\n|-boost|p1a: Swampert|atk|1\n|-boost|p1a: Swampert|def|1\n|move|p2a: Torkoal|Yawn|p1a: Swampert\n|-start|p1a: Swampert|move: Yawn|[of] p2a: Torkoal\n|\n|-weather|SunnyDay|[upkeep]\n|-damage|p2a: Torkoal|0 fnt|[from] psn\n|faint|p2a: Torkoal\n|-fieldend|move: Gravity\n|upkeep\n|inactive|Prankbox454 has 30 seconds left.\n|c|\u2606Prankbox454|i forgot i already protected lmao\n|inactive|Prankbox454 has 20 seconds left.\n|\n|t:|1697487999\n|switch|p2a: Ogerpon|Ogerpon-Wellspring, F|100\/100\n|-status|p2a: Ogerpon|psn\n|turn|12\n|inactive|Prankbox454 has 30 seconds left.\n|\n|t:|1697488018\n|move|p2b: Landorus|Protect|p2b: Landorus\n|-singleturn|p2b: Landorus|Protect\n|move|p1b: Greninja|Ice Beam|p2b: Landorus\n|-activate|p2b: Landorus|move: Protect\n|move|p2a: Ogerpon|Horn Leech|p1b: Greninja\n|-supereffective|p1b: Greninja\n|-damage|p1b: Greninja|0 fnt\n|faint|p1b: Greninja\n|move|p1a: Swampert|Ice Punch|p2a: Ogerpon\n|-damage|p2a: Ogerpon|38\/100 psn\n|\n|-weather|SunnyDay|[upkeep]\n|-damage|p2a: Ogerpon|25\/100 psn|[from] psn\n|-end|p1a: Swampert|move: Yawn|[silent]\n|-status|p1a: Swampert|slp\n|upkeep\n|\n|t:|1697488033\n|switch|p1b: Barraskewda|Barraskewda, M, shiny|100\/100\n|turn|13\n|inactive|FriedBeaver01 has 240 seconds left.\n|inactive|Prankbox454 has 30 seconds left.\n|\n|t:|1697488065\n|move|p1b: Barraskewda|Throat Chop|p2a: Ogerpon\n|-damage|p2a: Ogerpon|0 fnt\n|faint|p2a: Ogerpon\n|move|p2b: Landorus|Tera Blast|p1b: Barraskewda|[anim] Tera Blast Flying\n|-damage|p1b: Barraskewda|0 fnt\n|faint|p1b: Barraskewda\n|cant|p1a: Swampert|slp\n|\n|-weather|SunnyDay|[upkeep]\n|upkeep\n|inactive|Prankbox454 has 30 seconds left.\n|\n|t:|1697488073\n|switch|p2a: Scream Tail|Scream Tail|27\/100 psn\n|-activate|p2a: Scream Tail|ability: Protosynthesis\n|-start|p2a: Scream Tail|protosynthesisspe\n|turn|14\n|c|\u2606FriedBeaver01|Man the legendary muscular men on clouds are insufferable\n|c|\u2606FriedBeaver01|almost as much as the mask girl\n|inactive|Prankbox454 has 30 seconds left.\n|inactive|FriedBeaver01 has 240 seconds left.\n|\n|t:|1697488113\n|move|p2a: Scream Tail|Psychic Fangs|p1a: Swampert\n|-damage|p1a: Swampert|91\/100 slp\n|move|p2b: Landorus|Tera Blast|p1a: Swampert|[anim] Tera Blast Flying\n|-damage|p1a: Swampert|60\/100 slp\n|-curestatus|p1a: Swampert|slp|[msg]\n|move|p1a: Swampert|Ice Punch|p2b: Landorus\n|-supereffective|p2b: Landorus\n|-damage|p2b: Landorus|0 fnt\n|faint|p2b: Landorus\n|\n|-weather|none\n|-end|p2a: Scream Tail|Protosynthesis\n|-damage|p2a: Scream Tail|15\/100 psn|[from] psn\n|upkeep\n|turn|15\n|c|\u2606Prankbox454|dont think im winning this one\n|c|\u2606Prankbox454|yea ggs\n|c|\u2606FriedBeaver01|yooo\n|inactive|FriedBeaver01 has 240 seconds left.\n|c|\u2606FriedBeaver01|Swampert is the goat\n|\n|t:|1697488137\n|move|p2a: Scream Tail|Psychic Fangs|p1a: Swampert\n|-damage|p1a: Swampert|51\/100\n|move|p1a: Swampert|Earthquake|p2a: Scream Tail\n|-damage|p2a: Scream Tail|0 fnt\n|faint|p2a: Scream Tail\n|-end|p2a: Scream Tail|Protosynthesis|[silent]\n|\n|win|FriedBeaver01\n|c|\u2606FriedBeaver01|ggs\n|c|\u2606Prankbox454|Ngl the yawn was kinda hype\n|c|\u2606Prankbox454|ggs\n|c|\u2606FriedBeaver01|Yeah Torkoal was annoying here\n|l|\u2606FriedBeaver01\n","uploadtime":1697488240,"views":4,"p1id":"friedbeaver01","p2id":"prankbox454","formatid":"gen9nationaldexdoubles","rating":0,"private":0,"password":""}