{"id":"gen9nationaldexdoubles-1971502157","p1":"chescor49","p2":"Elin Baecil","format":"[Gen 9] National Dex Doubles","log":"|j|\u2606chescor49\n|j|\u2606Elin Baecil\n|t:|1697743547\n|gametype|doubles\n|player|p1|chescor49|2|\n|player|p2|Elin Baecil|2|\n|teamsize|p1|6\n|teamsize|p2|6\n|gen|9\n|tier|[Gen 9] National Dex Doubles\n|rule|HP Percentage Mod: HP is shown in percentages\n|rule|Endless Battle Clause: Forcing endless battles is banned\n|rule|OHKO Clause: OHKO moves are banned\n|rule|Evasion Moves Clause: Evasion moves are banned\n|rule|Evasion Abilities Clause: Evasion abilities are banned\n|rule|Species Clause: Limit one of each Pok\u00e9mon\n|rule|Gravity Sleep Clause: The combination of sleep-inducing moves with imperfect accuracy and Gravity or Gigantamax Orbeetle are banned\n|clearpoke\n|poke|p1|Tapu Koko|\n|poke|p1|Iron Hands|\n|poke|p1|Iron Thorns|\n|poke|p1|Kilowattrel, M|\n|poke|p1|Stunfisk, F|\n|poke|p1|Luxray, M|\n|poke|p2|Manectric, M|\n|poke|p2|Iron Hands|\n|poke|p2|Thundurus, M|\n|poke|p2|Sandy Shocks|\n|poke|p2|Iron Thorns|\n|poke|p2|Pachirisu, M|\n|teampreview\n|c|\u2606chescor49|buena suerte\n|c|\u2606chescor49|PACHIRISU\n|c|\u2606chescor49|THIS IS WHY YOU USE PACHIRISU ON VGC\n|c|\u2606Elin Baecil|XDDD\n|c|\u2606Elin Baecil|Por favor pachi, repite la jugada del mundial\n|\n|t:|1697743639\n|start\n|switch|p1a: Stunfisk|Stunfisk, F|100\/100\n|switch|p1b: Iron Hands|Iron Hands|100\/100\n|switch|p2a: Iron Hands|Iron Hands|100\/100\n|switch|p2b: Manectric|Manectric, M|100\/100\n|turn|1\n|\n|t:|1697743715\n|-end|p1b: Iron Hands|Quark Drive|[silent]\n|switch|p1b: Luxray|Luxray, M|100\/100\n|-ability|p1b: Luxray|Intimidate|boost\n|-unboost|p2a: Iron Hands|atk|1\n|-unboost|p2b: Manectric|atk|1\n|detailschange|p2b: Manectric|Manectric-Mega, M\n|-mega|p2b: Manectric|Manectric|Manectite\n|-ability|p2b: Manectric|Intimidate|boost\n|-unboost|p1a: Stunfisk|atk|1\n|-unboost|p1b: Luxray|atk|1\n|move|p1a: Stunfisk|Protect|p1a: Stunfisk\n|-singleturn|p1a: Stunfisk|Protect\n|move|p2a: Iron Hands|Fake Out|p1a: Stunfisk\n|-activate|p1a: Stunfisk|move: Protect\n|move|p2b: Manectric|Hidden Power|p1a: Stunfisk\n|-activate|p1a: Stunfisk|move: Protect\n|\n|upkeep\n|turn|2\n|\n|t:|1697743759\n|switch|p1a: Kilowattrel|Kilowattrel, M|100\/100\n|move|p2b: Manectric|Hyper Voice|p1b: Luxray|[spread] p1a,p1b\n|-damage|p1a: Kilowattrel|61\/100\n|-damage|p1b: Luxray|71\/100\n|move|p1b: Luxray|Toxic|p2a: Iron Hands\n|-status|p2a: Iron Hands|tox\n|move|p2a: Iron Hands|Swords Dance|p2a: Iron Hands\n|-boost|p2a: Iron Hands|atk|2\n|\n|-damage|p2a: Iron Hands|94\/100 tox|[from] psn\n|upkeep\n|turn|3\n|\n|t:|1697743775\n|move|p2b: Manectric|Protect|p2b: Manectric\n|-singleturn|p2b: Manectric|Protect\n|move|p1a: Kilowattrel|Feather Dance|p2a: Iron Hands\n|-unboost|p2a: Iron Hands|atk|2\n|move|p1b: Luxray|Toxic|p2b: Manectric\n|-activate|p2b: Manectric|move: Protect\n|move|p2a: Iron Hands|Earthquake|p1a: Kilowattrel|[spread] p1b\n|-activate|p2b: Manectric|move: Protect\n|-immune|p1a: Kilowattrel\n|-supereffective|p1b: Luxray\n|-damage|p1b: Luxray|23\/100\n|-enditem|p1b: Luxray|Sitrus Berry|[eat]\n|-heal|p1b: Luxray|48\/100|[from] item: Sitrus Berry\n|\n|-heal|p2a: Iron Hands|100\/100 tox|[from] item: Leftovers\n|-damage|p2a: Iron Hands|88\/100 tox|[from] psn\n|upkeep\n|turn|4\n|\n|t:|1697743799\n|move|p2b: Manectric|Hyper Voice|p1b: Luxray|[spread] p1a,p1b\n|-damage|p1a: Kilowattrel|25\/100\n|-damage|p1b: Luxray|21\/100\n|-enditem|p1a: Kilowattrel|Sitrus Berry|[eat]\n|-heal|p1a: Kilowattrel|50\/100|[from] item: Sitrus Berry\n|move|p1a: Kilowattrel|Tailwind|p1a: Kilowattrel\n|-sidestart|p1: chescor49|move: Tailwind\n|move|p1b: Luxray|Toxic|p2b: Manectric\n|-status|p2b: Manectric|tox\n|move|p2a: Iron Hands|Drain Punch|p1b: Luxray\n|-damage|p1b: Luxray|0 fnt\n|-heal|p2a: Iron Hands|96\/100 tox|[from] drain|[of] p1b: Luxray\n|faint|p1b: Luxray\n|\n|-heal|p2a: Iron Hands|100\/100 tox|[from] item: Leftovers\n|-damage|p2b: Manectric|94\/100 tox|[from] psn\n|-damage|p2a: Iron Hands|82\/100 tox|[from] psn\n|upkeep\n|\n|t:|1697743819\n|switch|p1b: Iron Thorns|Iron Thorns|100\/100\n|turn|5\n|\n|t:|1697743847\n|switch|p1a: Tapu Koko|Tapu Koko|100\/100\n|-fieldstart|move: Electric Terrain|[from] ability: Electric Surge|[of] p1a: Tapu Koko\n|-activate|p1b: Iron Thorns|ability: Quark Drive\n|-start|p1b: Iron Thorns|quarkdriveatk\n|-activate|p2a: Iron Hands|ability: Quark Drive\n|-start|p2a: Iron Hands|quarkdriveatk\n|-end|p2a: Iron Hands|Quark Drive|[silent]\n|switch|p2a: Pachirisu|Pachirisu, M|100\/100\n|move|p1b: Iron Thorns|Earthquake|p2a: Pachirisu|[spread] p1a,p2a,p2b\n|-supereffective|p1a: Tapu Koko\n|-supereffective|p2a: Pachirisu\n|-supereffective|p2b: Manectric\n|-damage|p1a: Tapu Koko|17\/100\n|-damage|p2a: Pachirisu|19\/100\n|-damage|p2b: Manectric|0 fnt\n|-enditem|p2a: Pachirisu|Sitrus Berry|[eat]\n|-heal|p2a: Pachirisu|44\/100|[from] item: Sitrus Berry\n|faint|p2b: Manectric\n|\n|upkeep\n|\n|t:|1697743859\n|switch|p2b: Iron Hands|Iron Hands|82\/100 tox\n|-activate|p2b: Iron Hands|ability: Quark Drive\n|-start|p2b: Iron Hands|quarkdriveatk\n|turn|6\n|\n|t:|1697743883\n|-end|p1b: Iron Thorns|Quark Drive|[silent]\n|switch|p1b: Kilowattrel|Kilowattrel, M|50\/100\n|move|p2b: Iron Hands|Fake Out|p1a: Tapu Koko\n|-damage|p1a: Tapu Koko|0 fnt\n|faint|p1a: Tapu Koko\n|move|p2a: Pachirisu|Toxic|p1b: Kilowattrel\n|-status|p1b: Kilowattrel|tox\n|\n|-heal|p2b: Iron Hands|88\/100 tox|[from] item: Leftovers\n|-damage|p1b: Kilowattrel|44\/100 tox|[from] psn\n|-damage|p2b: Iron Hands|82\/100 tox|[from] psn\n|upkeep\n|\n|t:|1697743892\n|switch|p1a: Iron Thorns|Iron Thorns|100\/100\n|-activate|p1a: Iron Thorns|ability: Quark Drive\n|-start|p1a: Iron Thorns|quarkdriveatk\n|turn|7\n|\n|t:|1697743905\n|move|p1a: Iron Thorns|Earthquake|p2b: Iron Hands|[spread] p2a,p2b\n|-immune|p1b: Kilowattrel\n|-supereffective|p2a: Pachirisu\n|-supereffective|p2b: Iron Hands\n|-damage|p2a: Pachirisu|0 fnt\n|-damage|p2b: Iron Hands|36\/100 tox\n|faint|p2a: Pachirisu\n|move|p1b: Kilowattrel|Feather Dance|p2b: Iron Hands\n|-unboost|p2b: Iron Hands|atk|2\n|move|p2b: Iron Hands|Drain Punch|p1a: Iron Thorns\n|-supereffective|p1a: Iron Thorns\n|-damage|p1a: Iron Thorns|47\/100\n|-heal|p2b: Iron Hands|55\/100 tox|[from] drain|[of] p1a: Iron Thorns\n|\n|-heal|p2b: Iron Hands|61\/100 tox|[from] item: Leftovers\n|-damage|p1b: Kilowattrel|31\/100 tox|[from] psn\n|-damage|p2b: Iron Hands|49\/100 tox|[from] psn\n|-sideend|p1: chescor49|move: Tailwind\n|upkeep\n|\n|t:|1697743911\n|switch|p2a: Sandy Shocks|Sandy Shocks|100\/100\n|turn|8\n|\n|t:|1697743922\n|move|p1a: Iron Thorns|Earthquake|p2b: Iron Hands|[spread] p2a,p2b\n|-immune|p1b: Kilowattrel\n|-supereffective|p2a: Sandy Shocks\n|-supereffective|p2b: Iron Hands\n|-damage|p2a: Sandy Shocks|20\/100\n|-damage|p2b: Iron Hands|2\/100 tox\n|move|p1b: Kilowattrel|Tailwind|p1b: Kilowattrel\n|-sidestart|p1: chescor49|move: Tailwind\n|move|p2a: Sandy Shocks|Earth Power|p1a: Iron Thorns\n|-supereffective|p1a: Iron Thorns\n|-damage|p1a: Iron Thorns|0 fnt\n|faint|p1a: Iron Thorns\n|-end|p1a: Iron Thorns|Quark Drive|[silent]\n|-damage|p2a: Sandy Shocks|10\/100|[from] item: Life Orb\n|move|p2b: Iron Hands|Drain Punch|p1b: Kilowattrel\n|-resisted|p1b: Kilowattrel\n|-damage|p1b: Kilowattrel|8\/100 tox\n|-heal|p2b: Iron Hands|10\/100 tox|[from] drain|[of] p1b: Kilowattrel\n|\n|-heal|p2b: Iron Hands|17\/100 tox|[from] item: Leftovers\n|-damage|p1b: Kilowattrel|0 fnt|[from] psn\n|faint|p1b: Kilowattrel\n|-damage|p2b: Iron Hands|0 fnt|[from] psn\n|faint|p2b: Iron Hands\n|-end|p2b: Iron Hands|Quark Drive|[silent]\n|upkeep\n|\n|t:|1697743934\n|switch|p1b: Stunfisk|Stunfisk, F|100\/100\n|switch|p1a: Iron Hands|Iron Hands|100\/100\n|switch|p2b: Thundurus|Thundurus, M|100\/100\n|-activate|p1a: Iron Hands|ability: Quark Drive\n|-start|p1a: Iron Hands|quarkdriveatk\n|turn|9\n|\n|t:|1697743943\n|move|p2a: Sandy Shocks|Protect|p2a: Sandy Shocks\n|-singleturn|p2a: Sandy Shocks|Protect\n|move|p1a: Iron Hands|Fake Out|p2a: Sandy Shocks\n|-activate|p2a: Sandy Shocks|move: Protect\n|move|p2b: Thundurus|Snarl|p1b: Stunfisk|[spread] p1a,p1b\n|-resisted|p1a: Iron Hands\n|-damage|p1a: Iron Hands|97\/100\n|-damage|p1b: Stunfisk|91\/100\n|-unboost|p1a: Iron Hands|spa|1\n|-unboost|p1b: Stunfisk|spa|1\n|move|p1b: Stunfisk|Yawn|p2b: Thundurus\n|-start|p2b: Thundurus|move: Yawn|[of] p1b: Stunfisk\n|\n|upkeep\n|turn|10\n|\n|t:|1697743966\n|switch|p2b: Iron Thorns|Iron Thorns|100\/100\n|-activate|p2b: Iron Thorns|ability: Quark Drive\n|-start|p2b: Iron Thorns|quarkdriveatk\n|move|p1b: Stunfisk|Protect|p1b: Stunfisk\n|-singleturn|p1b: Stunfisk|Protect\n|move|p2a: Sandy Shocks|Earth Power|p1a: Iron Hands\n|-supereffective|p1a: Iron Hands\n|-damage|p1a: Iron Hands|35\/100\n|-damage|p2a: Sandy Shocks|0 fnt|[from] item: Life Orb\n|faint|p2a: Sandy Shocks\n|-end|p2a: Sandy Shocks|Protosynthesis|[silent]\n|move|p1a: Iron Hands|Drain Punch|p2b: Iron Thorns\n|-supereffective|p2b: Iron Thorns\n|-damage|p2b: Iron Thorns|3\/100\n|-heal|p1a: Iron Hands|68\/100|[from] drain|[of] p2b: Iron Thorns\n|\n|upkeep\n|\n|t:|1697743968\n|switch|p2a: Thundurus|Thundurus, M|100\/100\n|turn|11\n|\n|t:|1697743999\n|move|p1a: Iron Hands|Drain Punch|p2b: Iron Thorns\n|-supereffective|p2b: Iron Thorns\n|-damage|p2b: Iron Thorns|0 fnt\n|-heal|p1a: Iron Hands|69\/100|[from] drain|[of] p2b: Iron Thorns\n|faint|p2b: Iron Thorns\n|-end|p2b: Iron Thorns|Quark Drive|[silent]\n|move|p2a: Thundurus|Grass Knot|p1a: Iron Hands\n|-damage|p1a: Iron Hands|49\/100\n|move|p1b: Stunfisk|Yawn|p2a: Thundurus\n|-start|p2a: Thundurus|move: Yawn|[of] p1b: Stunfisk\n|\n|-sideend|p1: chescor49|move: Tailwind\n|upkeep\n|turn|12\n|\n|t:|1697744014\n|move|p2a: Thundurus|Grass Knot|p1a: Iron Hands\n|-damage|p1a: Iron Hands|29\/100\n|move|p1a: Iron Hands|Ice Punch|p2a: Thundurus\n|-supereffective|p2a: Thundurus\n|-damage|p2a: Thundurus|18\/100\n|move|p1b: Stunfisk|Yawn||[still]\n|-fail|p1b: Stunfisk\n|\n|-end|p2a: Thundurus|move: Yawn|[silent]\n|-status|p2a: Thundurus|slp\n|-fieldend|move: Electric Terrain\n|-end|p1a: Iron Hands|Quark Drive\n|upkeep\n|turn|13\n|\n|t:|1697744021\n|cant|p2a: Thundurus|slp\n|move|p1a: Iron Hands|Ice Punch|p2a: Thundurus\n|-supereffective|p2a: Thundurus\n|-damage|p2a: Thundurus|0 fnt\n|faint|p2a: Thundurus\n|\n|win|chescor49\n|c|\u2606Elin Baecil|gg\n|c|\u2606chescor49|gg\n","uploadtime":1697744028,"views":9,"p1id":"chescor49","p2id":"elinbaecil","formatid":"gen9nationaldexdoubles","rating":0,"private":0,"password":""}