{"id":"gen9nationaldexdoubles-1960663188","p1":"wolfwere","p2":"Danomatic132","format":"[Gen 9] National Dex Doubles","log":"|j|\u2606wolfwere\n|j|\u2606Danomatic132\n|t:|1696543662\n|gametype|doubles\n|player|p1|wolfwere|chuck|\n|player|p2|Danomatic132|steven-masters2|\n|teamsize|p1|6\n|teamsize|p2|6\n|gen|9\n|tier|[Gen 9] National Dex Doubles\n|rule|HP Percentage Mod: HP is shown in percentages\n|rule|Endless Battle Clause: Forcing endless battles is banned\n|rule|OHKO Clause: OHKO moves are banned\n|rule|Evasion Moves Clause: Evasion moves are banned\n|rule|Evasion Abilities Clause: Evasion abilities are banned\n|rule|Species Clause: Limit one of each Pok\u00e9mon\n|rule|Gravity Sleep Clause: The combination of sleep-inducing moves with imperfect accuracy and Gravity or Gigantamax Orbeetle are banned\n|clearpoke\n|poke|p1|Ninetales-Alola, M|\n|poke|p1|Baxcalibur, M|\n|poke|p1|Amoonguss, M|\n|poke|p1|Okidogi, M|\n|poke|p1|Farigiraf, M|\n|poke|p1|Chi-Yu|\n|poke|p2|Ursaluna, M|\n|poke|p2|Amoonguss, M|\n|poke|p2|Ninetales-Alola, M|\n|poke|p2|Tyranitar, F|\n|poke|p2|Armarouge, M|\n|poke|p2|Indeedee-F, F|\n|teampreview\n|j| cr46290\n|j| caeden0330\n|\n|t:|1696543679\n|start\n|switch|p1a: Farigiraf|Farigiraf, M|100\/100\n|switch|p1b: Amoonguss|Amoonguss, M|100\/100\n|switch|p2a: Indeedee|Indeedee-F, F|100\/100\n|switch|p2b: Armarouge|Armarouge, M|100\/100\n|-fieldstart|move: Psychic Terrain|[from] ability: Psychic Surge|[of] p2a: Indeedee\n|turn|1\n|inactive|Battle timer is ON: inactive players will automatically lose when time's up. (requested by wolfwere)\n|\n|t:|1696543694\n|-terastallize|p1b: Amoonguss|Dark\n|move|p2a: Indeedee|Expanding Force|p1b: Amoonguss|[spread] p1a\n|-immune|p1b: Amoonguss\n|-resisted|p1a: Farigiraf\n|-damage|p1a: Farigiraf|69\/100\n|move|p2b: Armarouge|Expanding Force|p1b: Amoonguss|[spread] p1a\n|-immune|p1b: Amoonguss\n|-resisted|p1a: Farigiraf\n|-damage|p1a: Farigiraf|34\/100\n|-enditem|p1a: Farigiraf|Sitrus Berry|[eat]\n|-heal|p1a: Farigiraf|59\/100|[from] item: Sitrus Berry\n|move|p1b: Amoonguss|Spore|p2b: Armarouge\n|-status|p2b: Armarouge|slp|[from] move: Spore\n|move|p1a: Farigiraf|Trick Room|p1a: Farigiraf\n|-fieldstart|move: Trick Room|[of] p1a: Farigiraf\n|\n|upkeep\n|turn|2\n|\n|t:|1696543717\n|switch|p2b: Ursaluna|Ursaluna, M|100\/100\n|move|p1b: Amoonguss|Spore|p2a: Indeedee\n|-status|p2a: Indeedee|slp|[from] move: Spore\n|cant|p2a: Indeedee|slp\n|move|p1a: Farigiraf|Hyper Voice|p2b: Ursaluna|[spread] p2a,p2b\n|-damage|p2a: Indeedee|70\/100 slp\n|-damage|p2b: Ursaluna|76\/100\n|\n|-heal|p2b: Ursaluna|82\/100|[from] item: Leftovers\n|upkeep\n|turn|3\n|\n|t:|1696543739\n|switch|p2a: Ninetales|Ninetales-Alola, M|100\/100\n|-weather|Snow|[from] ability: Snow Warning|[of] p2a: Ninetales\n|move|p1b: Amoonguss|Spore|p2b: Ursaluna\n|-status|p2b: Ursaluna|slp|[from] move: Spore\n|cant|p2b: Ursaluna|slp\n|move|p1a: Farigiraf|Hyper Voice|p2b: Ursaluna|[spread] p2a,p2b\n|-damage|p2a: Ninetales|58\/100\n|-damage|p2b: Ursaluna|59\/100 slp\n|\n|-weather|Snow|[upkeep]\n|-heal|p2b: Ursaluna|66\/100 slp|[from] item: Leftovers\n|upkeep\n|turn|4\n|inactive|wolfwere has 270 seconds left.\n|\n|t:|1696543769\n|switch|p2b: Tyranitar|Tyranitar, F|100\/100\n|-weather|Sandstorm|[from] ability: Sand Stream|[of] p2b: Tyranitar\n|switch|p1a: Baxcalibur|Baxcalibur, M|100\/100\n|move|p1b: Amoonguss|Spore|p2a: Ninetales\n|-status|p2a: Ninetales|slp|[from] move: Spore\n|cant|p2a: Ninetales|slp\n|\n|-weather|Sandstorm|[upkeep]\n|-damage|p1b: Amoonguss|94\/100|[from] Sandstorm\n|-damage|p1a: Baxcalibur|94\/100|[from] Sandstorm\n|-damage|p2a: Ninetales|52\/100 slp|[from] Sandstorm\n|upkeep\n|turn|5\n|\n|t:|1696543795\n|switch|p2a: Armarouge|Armarouge, M|100\/100 slp\n|detailschange|p2b: Tyranitar|Tyranitar-Mega, F\n|-mega|p2b: Tyranitar|Tyranitar|Tyranitarite\n|move|p1b: Amoonguss|Rage Powder|p1b: Amoonguss\n|-singleturn|p1b: Amoonguss|move: Rage Powder\n|move|p2b: Tyranitar|Rock Slide|p1b: Amoonguss|[spread] p1a,p1b\n|-supereffective|p1a: Baxcalibur\n|-damage|p1a: Baxcalibur|22\/100\n|-damage|p1b: Amoonguss|55\/100\n|move|p1a: Baxcalibur|Icicle Crash|p2b: Tyranitar\n|-damage|p2b: Tyranitar|67\/100\n|\n|-weather|Sandstorm|[upkeep]\n|-damage|p1b: Amoonguss|49\/100|[from] Sandstorm\n|-damage|p2a: Armarouge|94\/100 slp|[from] Sandstorm\n|-damage|p1a: Baxcalibur|15\/100|[from] Sandstorm\n|-fieldend|move: Trick Room\n|upkeep\n|turn|6\n|inactive|Danomatic132 has 270 seconds left.\n|\n|t:|1696543828\n|switch|p1a: Ninetales|Ninetales-Alola, M|100\/100\n|-weather|Snow|[from] ability: Snow Warning|[of] p1a: Ninetales\n|switch|p1b: Okidogi|Okidogi, M|100\/100\n|cant|p2a: Armarouge|slp\n|move|p2b: Tyranitar|Rock Slide|p1a: Ninetales|[spread] p1a,p1b\n|-supereffective|p1a: Ninetales\n|-resisted|p1b: Okidogi\n|-damage|p1a: Ninetales|40\/100\n|-damage|p1b: Okidogi|84\/100\n|\n|-weather|Snow|[upkeep]\n|-heal|p1b: Okidogi|90\/100|[from] item: Leftovers\n|upkeep\n|turn|7\n|\n|t:|1696543847\n|move|p1a: Ninetales|Aurora Veil|p1a: Ninetales\n|-sidestart|p1: wolfwere|move: Aurora Veil\n|move|p1b: Okidogi|Drain Punch|p2b: Tyranitar\n|-supereffective|p2b: Tyranitar\n|-damage|p2b: Tyranitar|0 fnt\n|-heal|p1b: Okidogi|100\/100|[from] drain|[of] p2b: Tyranitar\n|faint|p2b: Tyranitar\n|-curestatus|p2a: Armarouge|slp|[msg]\n|move|p2a: Armarouge|Trick Room|p2a: Armarouge\n|-fieldstart|move: Trick Room|[of] p2a: Armarouge\n|\n|-weather|Snow|[upkeep]\n|upkeep\n|inactive|Danomatic132 has 270 seconds left.\n|\n|t:|1696543868\n|switch|p2b: Indeedee|Indeedee-F, F|70\/100 slp\n|turn|8\n|\n|t:|1696543884\n|switch|p1a: Amoonguss|Amoonguss, M, tera:Dark|82\/100\n|move|p2a: Armarouge|Expanding Force|p1a: Amoonguss|[spread] p1b\n|-immune|p1a: Amoonguss\n|-supereffective|p1b: Okidogi\n|-damage|p1b: Okidogi|0 fnt\n|faint|p1b: Okidogi\n|-curestatus|p2b: Indeedee|slp|[msg]\n|move|p2b: Indeedee|Hyper Voice|p1a: Amoonguss\n|-damage|p1a: Amoonguss|61\/100\n|\n|-weather|Snow|[upkeep]\n|-fieldend|move: Psychic Terrain\n|upkeep\n|\n|t:|1696543897\n|switch|p1b: Chi-Yu|Chi-Yu|100\/100\n|-ability|p1b: Chi-Yu|Beads of Ruin\n|turn|9\n|\n|t:|1696543921\n|-terastallize|p2a: Armarouge|Psychic\n|move|p1a: Amoonguss|Spore|p2a: Armarouge\n|-status|p2a: Armarouge|slp|[from] move: Spore\n|cant|p2a: Armarouge|slp\n|move|p2b: Indeedee|Hyper Voice|p1b: Chi-Yu|[spread] p1a,p1b\n|-damage|p1a: Amoonguss|43\/100\n|-damage|p1b: Chi-Yu|77\/100\n|move|p1b: Chi-Yu|Dark Pulse|p2a: Armarouge\n|-supereffective|p2a: Armarouge\n|-damage|p2a: Armarouge|0 fnt\n|faint|p2a: Armarouge\n|\n|-weather|Snow|[upkeep]\n|upkeep\n|c|\u2606Danomatic132|no\n|\n|t:|1696543935\n|switch|p2a: Ursaluna|Ursaluna, M|66\/100 slp\n|turn|10\n|\n|t:|1696543947\n|move|p1a: Amoonguss|Spore|p2b: Indeedee\n|-status|p2b: Indeedee|slp|[from] move: Spore\n|cant|p2a: Ursaluna|slp\n|cant|p2b: Indeedee|slp\n|move|p1b: Chi-Yu|Dark Pulse|p2b: Indeedee\n|-supereffective|p2b: Indeedee\n|-damage|p2b: Indeedee|0 fnt\n|faint|p2b: Indeedee\n|\n|-weather|none\n|-heal|p2a: Ursaluna|72\/100 slp|[from] item: Leftovers\n|upkeep\n|\n|t:|1696543960\n|switch|p2b: Ninetales|Ninetales-Alola, M|52\/100 slp\n|-weather|Snow|[from] ability: Snow Warning|[of] p2b: Ninetales\n|turn|11\n|\n|t:|1696543972\n|move|p1a: Amoonguss|Spore|p2a: Ursaluna\n|-fail|p2a: Ursaluna|slp\n|-curestatus|p2a: Ursaluna|slp|[msg]\n|move|p2a: Ursaluna|Drain Punch|p1b: Chi-Yu\n|-supereffective|p1b: Chi-Yu\n|-damage|p1b: Chi-Yu|26\/100\n|-heal|p2a: Ursaluna|88\/100|[from] drain|[of] p1b: Chi-Yu\n|move|p1b: Chi-Yu|Dark Pulse|p2a: Ursaluna\n|-damage|p2a: Ursaluna|17\/100\n|-curestatus|p2b: Ninetales|slp|[msg]\n|move|p2b: Ninetales|Moonblast|p1a: Amoonguss\n|-supereffective|p1a: Amoonguss\n|-damage|p1a: Amoonguss|0 fnt\n|faint|p1a: Amoonguss\n|\n|-weather|Snow|[upkeep]\n|-heal|p2a: Ursaluna|24\/100|[from] item: Leftovers\n|-fieldend|move: Trick Room\n|upkeep\n|\n|t:|1696543990\n|switch|p1a: Farigiraf|Farigiraf, M|59\/100\n|turn|12\n|\n|t:|1696544005\n|switch|p2b: Amoonguss|Amoonguss, M|100\/100\n|move|p1b: Chi-Yu|Dark Pulse|p2a: Ursaluna\n|-crit|p2a: Ursaluna\n|-damage|p2a: Ursaluna|0 fnt\n|faint|p2a: Ursaluna\n|move|p1a: Farigiraf|Hyper Voice|p2b: Amoonguss\n|-damage|p2b: Amoonguss|45\/100\n|\n|-weather|Snow|[upkeep]\n|-heal|p2b: Amoonguss|51\/100|[from] item: Black Sludge\n|upkeep\n|\n|t:|1696544015\n|switch|p2a: Ninetales|Ninetales-Alola, M|52\/100\n|turn|13\n|\n|t:|1696544028\n|switch|p1b: Baxcalibur|Baxcalibur, M|15\/100\n|move|p2a: Ninetales|Moonblast|p1b: Baxcalibur\n|-supereffective|p1b: Baxcalibur\n|-damage|p1b: Baxcalibur|0 fnt\n|faint|p1b: Baxcalibur\n|move|p1a: Farigiraf|Hyper Voice|p2a: Ninetales|[spread] p2a,p2b\n|-crit|p2b: Amoonguss\n|-damage|p2a: Ninetales|14\/100\n|-damage|p2b: Amoonguss|8\/100\n|move|p2b: Amoonguss|Spore|p1a: Farigiraf\n|-status|p1a: Farigiraf|slp|[from] move: Spore\n|\n|-weather|Snow|[upkeep]\n|-heal|p2b: Amoonguss|14\/100|[from] item: Black Sludge\n|upkeep\n|\n|t:|1696544041\n|switch|p1b: Chi-Yu|Chi-Yu|26\/100\n|-ability|p1b: Chi-Yu|Beads of Ruin\n|turn|14\n|\n|t:|1696544048\n|move|p2a: Ninetales|Moonblast|p1b: Chi-Yu\n|-damage|p1b: Chi-Yu|0 fnt\n|faint|p1b: Chi-Yu\n|cant|p1a: Farigiraf|slp\n|move|p2b: Amoonguss|Pollen Puff|p2a: Ninetales\n|-heal|p2a: Ninetales|64\/100\n|\n|-weather|Snow|[upkeep]\n|-heal|p2b: Amoonguss|20\/100|[from] item: Black Sludge\n|-sideend|p1: wolfwere|move: Aurora Veil\n|upkeep\n|\n|t:|1696544059\n|switch|p1b: Ninetales|Ninetales-Alola, M|40\/100\n|turn|15\n|\n|t:|1696544071\n|move|p2a: Ninetales|Aurora Veil|p2a: Ninetales\n|-sidestart|p2: Danomatic132|move: Aurora Veil\n|move|p1b: Ninetales|Dazzling Gleam|p2a: Ninetales|[spread] p2a,p2b\n|-resisted|p2b: Amoonguss\n|-damage|p2a: Ninetales|46\/100\n|-damage|p2b: Amoonguss|14\/100\n|-curestatus|p1a: Farigiraf|slp|[msg]\n|move|p1a: Farigiraf|Hyper Voice|p2a: Ninetales|[spread] p2a,p2b\n|-crit|p2b: Amoonguss\n|-damage|p2a: Ninetales|20\/100\n|-damage|p2b: Amoonguss|0 fnt\n|faint|p2b: Amoonguss\n|\n|-weather|none\n|upkeep\n|turn|16\n|\n|t:|1696544089\n|move|p2a: Ninetales|Blizzard|p1b: Ninetales|[spread] p1a\n|-miss|p2a: Ninetales|p1b: Ninetales\n|-damage|p1a: Farigiraf|24\/100\n|move|p1b: Ninetales|Encore|p2a: Ninetales\n|-start|p2a: Ninetales|Encore\n|move|p1a: Farigiraf|Hyper Voice|p2a: Ninetales\n|-damage|p2a: Ninetales|0 fnt\n|faint|p2a: Ninetales\n|\n|win|wolfwere\n|l|\u2606wolfwere\n|l| caeden0330\n","uploadtime":1696544378,"views":7,"p1id":"wolfwere","p2id":"danomatic132","formatid":"gen9nationaldexdoubles","rating":0,"private":0,"password":""}