{"id":"gen9nationaldexdoubles-1968029002","p1":"oh oh no U MAD?","p2":"BuChonAso","format":"[Gen 9] National Dex Doubles","log":"|j|\u2606oh oh no U MAD?\n|j|\u2606BuChonAso\n|t:|1697376263\n|gametype|doubles\n|player|p1|oh oh no U MAD?|cyclistf-gen4|1211\n|player|p2|BuChonAso|psychic|1148\n|teamsize|p1|6\n|teamsize|p2|6\n|gen|9\n|tier|[Gen 9] National Dex Doubles\n|rated|\n|rule|HP Percentage Mod: HP is shown in percentages\n|rule|Endless Battle Clause: Forcing endless battles is banned\n|rule|OHKO Clause: OHKO moves are banned\n|rule|Evasion Moves Clause: Evasion moves are banned\n|rule|Evasion Abilities Clause: Evasion abilities are banned\n|rule|Species Clause: Limit one of each Pok\u00e9mon\n|rule|Gravity Sleep Clause: The combination of sleep-inducing moves with imperfect accuracy and Gravity or Gigantamax Orbeetle are banned\n|clearpoke\n|poke|p1|Indeedee-F, F|\n|poke|p1|Oranguru, M|\n|poke|p1|Glastrier|\n|poke|p1|Hoopa-Unbound|\n|poke|p1|Ursaluna, M|\n|poke|p1|Zygarde|\n|poke|p2|Heliolisk, F|\n|poke|p2|Politoed, M|\n|poke|p2|Ludicolo, M|\n|poke|p2|Frosmoth, M|\n|poke|p2|Pelipper, M|\n|poke|p2|Shiinotic, F|\n|teampreview\n|inactive|Battle timer is ON: inactive players will automatically lose when time's up. (requested by BuChonAso)\n|\n|t:|1697376289\n|start\n|switch|p1a: Hoopa|Hoopa-Unbound|100\/100\n|switch|p1b: Zygarde|Zygarde|100\/100\n|switch|p2a: Pelipper|Pelipper, M, shiny|100\/100\n|switch|p2b: Shiinotic|Shiinotic, F|100\/100\n|-weather|RainDance|[from] ability: Drizzle|[of] p2a: Pelipper\n|-ability|p1b: Zygarde|Aura Break\n|turn|1\n|\n|t:|1697376316\n|move|p2a: Pelipper|Knock Off|p1a: Hoopa\n|-damage|p1a: Hoopa|84\/100\n|-enditem|p1a: Hoopa|Room Service|[from] move: Knock Off|[of] p2a: Pelipper\n|move|p1b: Zygarde|Coil|p1b: Zygarde\n|-boost|p1b: Zygarde|atk|1\n|-boost|p1b: Zygarde|def|1\n|-boost|p1b: Zygarde|accuracy|1\n|move|p1a: Hoopa|Psyshock|p2b: Shiinotic\n|-damage|p2b: Shiinotic|30\/100\n|-item|p1a: Hoopa|Leftovers|[from] ability: Magician|[of] p2b: Shiinotic\n|move|p2b: Shiinotic|Leech Seed|p1b: Zygarde\n|-start|p1b: Zygarde|move: Leech Seed\n|\n|-weather|RainDance|[upkeep]\n|-heal|p2b: Shiinotic|36\/100|[from] ability: Rain Dish\n|-heal|p1a: Hoopa|90\/100|[from] item: Leftovers\n|-damage|p1b: Zygarde|88\/100|[from] Leech Seed|[of] p2b: Shiinotic\n|-heal|p2b: Shiinotic|52\/100|[silent]\n|upkeep\n|turn|2\n|inactive|BuChonAso has 120 seconds left.\n|\n|t:|1697376354\n|move|p2a: Pelipper|Scald|p1b: Zygarde\n|-damage|p1b: Zygarde|64\/100\n|-status|p1b: Zygarde|brn\n|move|p1b: Zygarde|Thousand Arrows|p2a: Pelipper|[spread] p2a,p2b\n|-resisted|p2b: Shiinotic\n|-damage|p2a: Pelipper|84\/100\n|-damage|p2b: Shiinotic|41\/100\n|-start|p2a: Pelipper|Smack Down\n|move|p1a: Hoopa|Psyshock|p2b: Shiinotic\n|-damage|p2b: Shiinotic|0 fnt\n|faint|p2b: Shiinotic\n|\n|-weather|RainDance|[upkeep]\n|-heal|p1a: Hoopa|96\/100|[from] item: Leftovers\n|-damage|p1b: Zygarde|58\/100 brn|[from] brn\n|upkeep\n|\n|t:|1697376377\n|switch|p2b: Ludicolo|Ludicolo, M|100\/100\n|turn|3\n|inactive|BuChonAso has 120 seconds left.\n|\n|t:|1697376402\n|switch|p2a: Frosmoth|Frosmoth, M, shiny|100\/100\n|move|p2b: Ludicolo|Hydro Pump|p1b: Zygarde\n|-damage|p1b: Zygarde|23\/100 brn\n|move|p1b: Zygarde|Thousand Arrows|p2a: Frosmoth|[spread] p2a,p2b\n|-resisted|p2a: Frosmoth\n|-resisted|p2b: Ludicolo\n|-damage|p2a: Frosmoth|84\/100\n|-damage|p2b: Ludicolo|89\/100\n|move|p1a: Hoopa|Trick Room|p1a: Hoopa\n|-fieldstart|move: Trick Room|[of] p1a: Hoopa\n|-enditem|p1b: Zygarde|Room Service\n|-unboost|p1b: Zygarde|spe|1|[from] item: Room Service\n|\n|-weather|RainDance|[upkeep]\n|-heal|p1a: Hoopa|100\/100|[from] item: Leftovers\n|-heal|p2b: Ludicolo|95\/100|[from] item: Leftovers\n|-damage|p1b: Zygarde|10\/100 brn|[from] Leech Seed|[of] p2b: Ludicolo\n|-heal|p2b: Ludicolo|100\/100|[silent]\n|-damage|p1b: Zygarde|4\/100 brn|[from] brn\n|upkeep\n|turn|4\n|inactive|BuChonAso has 120 seconds left.\n|\n|t:|1697376434\n|move|p1b: Zygarde|Thousand Arrows|p2b: Ludicolo|[spread] p2a,p2b\n|-resisted|p2a: Frosmoth\n|-resisted|p2b: Ludicolo\n|-damage|p2a: Frosmoth|68\/100\n|-damage|p2b: Ludicolo|90\/100\n|move|p1a: Hoopa|Dark Pulse|p2b: Ludicolo\n|-damage|p2b: Ludicolo|52\/100\n|move|p2a: Frosmoth|Ice Beam|p1a: Hoopa\n|-damage|p1a: Hoopa|54\/100\n|-damage|p2a: Frosmoth|58\/100|[from] item: Life Orb\n|move|p2b: Ludicolo|Leech Seed|p1a: Hoopa\n|-start|p1a: Hoopa|move: Leech Seed\n|\n|-weather|RainDance|[upkeep]\n|-heal|p1a: Hoopa|60\/100|[from] item: Leftovers\n|-heal|p2b: Ludicolo|58\/100|[from] item: Leftovers\n|-damage|p1b: Zygarde|0 fnt|[from] Leech Seed|[of] p2b: Ludicolo\n|-heal|p2b: Ludicolo|63\/100|[silent]\n|faint|p1b: Zygarde\n|-damage|p1a: Hoopa|48\/100|[from] Leech Seed|[of] p2b: Ludicolo\n|-heal|p2b: Ludicolo|75\/100|[silent]\n|upkeep\n|inactive|oh oh no U MAD? has 120 seconds left.\n|\n|t:|1697376452\n|switch|p1b: Ursaluna|Ursaluna, M|100\/100\n|turn|5\n|inactive|BuChonAso has 120 seconds left.\n|\n|t:|1697376487\n|move|p1b: Ursaluna|Facade|p2b: Ludicolo\n|-damage|p2b: Ludicolo|18\/100\n|move|p1a: Hoopa|Dark Pulse|p2b: Ludicolo\n|-damage|p2b: Ludicolo|0 fnt\n|faint|p2b: Ludicolo\n|move|p2a: Frosmoth|Bug Buzz|p1a: Hoopa\n|-supereffective|p1a: Hoopa\n|-damage|p1a: Hoopa|0 fnt\n|faint|p1a: Hoopa\n|-damage|p2a: Frosmoth|48\/100|[from] item: Life Orb\n|\n|-weather|RainDance|[upkeep]\n|-status|p1b: Ursaluna|brn|[from] item: Flame Orb\n|upkeep\n|inactive|BuChonAso has 120 seconds left.\n|inactive|oh oh no U MAD? has 120 seconds left.\n|\n|t:|1697376520\n|switch|p1a: Oranguru|Oranguru, M|100\/100\n|switch|p2b: Heliolisk|Heliolisk, F|100\/100\n|turn|6\n|inactive|BuChonAso has 120 seconds left.\n|\n|t:|1697376541\n|-terastallize|p2b: Heliolisk|Ghost\n|move|p1b: Ursaluna|Facade|p2b: Heliolisk\n|-immune|p2b: Heliolisk\n|move|p1a: Oranguru|Instruct|p1b: Ursaluna\n|-singleturn|p1b: Ursaluna|move: Instruct|[of] p1a: Oranguru\n|move|p1b: Ursaluna|Facade|p2b: Heliolisk\n|-immune|p2b: Heliolisk\n|move|p2a: Frosmoth|Ice Beam|p1b: Ursaluna\n|-supereffective|p1b: Ursaluna\n|-damage|p1b: Ursaluna|0 fnt\n|faint|p1b: Ursaluna\n|-damage|p2a: Frosmoth|38\/100|[from] item: Life Orb\n|move|p2b: Heliolisk|Dragon Pulse|p1a: Oranguru\n|-damage|p1a: Oranguru|69\/100\n|-damage|p2b: Heliolisk|91\/100|[from] item: Life Orb\n|\n|-weather|RainDance|[upkeep]\n|-heal|p2b: Heliolisk|100\/100|[from] ability: Dry Skin\n|upkeep\n|\n|t:|1697376545\n|switch|p1b: Glastrier|Glastrier|100\/100\n|turn|7\n|inactive|BuChonAso has 120 seconds left.\n|\n|t:|1697376580\n|-terastallize|p1b: Glastrier|Ice\n|move|p1b: Glastrier|Icicle Spear|p2b: Heliolisk\n|-damage|p2b: Heliolisk|54\/100\n|-damage|p2b: Heliolisk|12\/100\n|-damage|p2b: Heliolisk|0 fnt\n|faint|p2b: Heliolisk\n|-ability|p1b: Glastrier|Chilling Neigh|boost\n|-boost|p1b: Glastrier|atk|1\n|-hitcount|p2: Heliolisk|3\n|move|p1a: Oranguru|Instruct|p1b: Glastrier\n|-singleturn|p1b: Glastrier|move: Instruct|[of] p1a: Oranguru\n|move|p1b: Glastrier|Icicle Spear|p2a: Frosmoth\n|-resisted|p2a: Frosmoth\n|-damage|p2a: Frosmoth|7\/100\n|-resisted|p2a: Frosmoth\n|-damage|p2a: Frosmoth|0 fnt\n|faint|p2a: Frosmoth\n|-ability|p1b: Glastrier|Chilling Neigh|boost\n|-boost|p1b: Glastrier|atk|1\n|-hitcount|p2: Frosmoth|2\n|\n|-weather|RainDance|[upkeep]\n|-fieldend|move: Trick Room\n|upkeep\n|\n|t:|1697376603\n|switch|p2b: Pelipper|Pelipper, M, shiny|84\/100\n|switch|p2a: Politoed|Politoed, M, shiny|100\/100\n|turn|8\n|inactive|BuChonAso has 120 seconds left.\n|\n|t:|1697376638\n|move|p1b: Glastrier|Protect|p1b: Glastrier\n|-singleturn|p1b: Glastrier|Protect\n|move|p2b: Pelipper|Hurricane|p1a: Oranguru\n|-damage|p1a: Oranguru|38\/100\n|-start|p1a: Oranguru|confusion\n|move|p2a: Politoed|Surf|p1a: Oranguru|[spread] p2b,p1a\n|-activate|p1b: Glastrier|move: Protect\n|-resisted|p2b: Pelipper\n|-damage|p2b: Pelipper|51\/100\n|-damage|p1a: Oranguru|0 fnt\n|faint|p1a: Oranguru\n|\n|-weather|none\n|upkeep\n|\n|t:|1697376649\n|switch|p1a: Indeedee|Indeedee-F, F|100\/100\n|-fieldstart|move: Psychic Terrain|[from] ability: Psychic Surge|[of] p1a: Indeedee\n|turn|9\n|inactive|BuChonAso has 120 seconds left.\n|\n|t:|1697376667\n|move|p1a: Indeedee|Follow Me|p1a: Indeedee\n|-singleturn|p1a: Indeedee|move: Follow Me\n|move|p2b: Pelipper|Knock Off|p1a: Indeedee\n|-supereffective|p1a: Indeedee\n|-damage|p1a: Indeedee|76\/100\n|-enditem|p1a: Indeedee|Focus Sash|[from] move: Knock Off|[of] p2b: Pelipper\n|move|p2a: Politoed|Ice Beam|p1a: Indeedee\n|-damage|p1a: Indeedee|52\/100\n|move|p1b: Glastrier|Icicle Spear|p2b: Pelipper\n|-crit|p2b: Pelipper\n|-damage|p2b: Pelipper|0 fnt\n|faint|p2b: Pelipper\n|-ability|p1b: Glastrier|Chilling Neigh|boost\n|-boost|p1b: Glastrier|atk|1\n|-hitcount|p2: Pelipper|1\n|\n|upkeep\n|turn|10\n|inactive|BuChonAso has 120 seconds left.\n|\n|t:|1697376688\n|move|p1a: Indeedee|Helping Hand|p1b: Glastrier\n|-singleturn|p1b: Glastrier|Helping Hand|[of] p1a: Indeedee\n|move|p2a: Politoed|Surf|p1b: Glastrier|[spread] p1a,p1b\n|-damage|p1a: Indeedee|28\/100\n|-damage|p1b: Glastrier|78\/100\n|move|p1b: Glastrier|Icicle Spear|p2a: Politoed\n|-resisted|p2a: Politoed\n|-crit|p2a: Politoed\n|-damage|p2a: Politoed|36\/100\n|-resisted|p2a: Politoed\n|-damage|p2a: Politoed|0 fnt\n|faint|p2a: Politoed\n|-hitcount|p2: Politoed|2\n|\n|win|oh oh no U MAD?\n|raw|oh oh no U MAD?'s rating: 1211 &rarr; <strong>1232<\/strong><br \/>(+21 for winning)\n|raw|BuChonAso's rating: 1148 &rarr; <strong>1127<\/strong><br \/>(-21 for losing)\n|l|\u2606BuChonAso\n","uploadtime":1697376702,"views":10,"p1id":"ohohnoumad","p2id":"buchonaso","formatid":"gen9nationaldexdoubles","rating":1127,"private":0,"password":""}