{"id":"gen9nationaldexdoubles-1967082608","p1":"MirzaMirzaMirza","p2":"Old McBruh","format":"[Gen 9] National Dex Doubles","log":"|j|\u2606MirzaMirzaMirza\n|j|\u203dOld McBruh\n|t:|1697252194\n|gametype|doubles\n|player|p1|MirzaMirzaMirza|265|1565\n|player|p2|Old McBruh|colress|1597\n|teamsize|p1|6\n|teamsize|p2|6\n|gen|9\n|tier|[Gen 9] National Dex Doubles\n|rated|\n|rule|HP Percentage Mod: HP is shown in percentages\n|rule|Endless Battle Clause: Forcing endless battles is banned\n|rule|OHKO Clause: OHKO moves are banned\n|rule|Evasion Moves Clause: Evasion moves are banned\n|rule|Evasion Abilities Clause: Evasion abilities are banned\n|rule|Species Clause: Limit one of each Pok\u00e9mon\n|rule|Gravity Sleep Clause: The combination of sleep-inducing moves with imperfect accuracy and Gravity or Gigantamax Orbeetle are banned\n|clearpoke\n|poke|p1|Volcarona, M|\n|poke|p1|Smeargle, M|\n|poke|p1|Tapu Lele|\n|poke|p1|Tapu Fini|\n|poke|p1|Suicune|\n|poke|p1|Chien-Pao|\n|poke|p2|Zygarde|\n|poke|p2|Ninetales-Alola, F|\n|poke|p2|Cresselia, F|\n|poke|p2|Whimsicott, M|\n|poke|p2|Chien-Pao|\n|poke|p2|Rillaboom, M|\n|teampreview\n|inactive|Battle timer is ON: inactive players will automatically lose when time's up. (requested by MirzaMirzaMirza)\n|\n|t:|1697252204\n|start\n|switch|p1a: Miami Terror|Volcarona, M|100\/100\n|switch|p1b: Bobby Lee|Smeargle, M|100\/100\n|switch|p2a: Zygarde|Zygarde|100\/100\n|switch|p2b: Ninetales|Ninetales-Alola, F|100\/100\n|-weather|Snow|[from] ability: Snow Warning|[of] p2b: Ninetales\n|-ability|p2a: Zygarde|Aura Break\n|turn|1\n|inactive|MirzaMirzaMirza has 120 seconds left.\n|inactive|MirzaMirzaMirza has 90 seconds left.\n|\n|t:|1697252270\n|move|p2b: Ninetales|Aurora Veil|p2b: Ninetales\n|-sidestart|p2: Old McBruh|move: Aurora Veil\n|move|p1b: Bobby Lee|Spore|p2a: Zygarde\n|-status|p2a: Zygarde|slp|[from] move: Spore\n|move|p1a: Miami Terror|Quiver Dance|p1a: Miami Terror\n|-boost|p1a: Miami Terror|spa|1\n|-boost|p1a: Miami Terror|spd|1\n|-boost|p1a: Miami Terror|spe|1\n|cant|p2a: Zygarde|slp\n|\n|-weather|Snow|[upkeep]\n|-ability|p1b: Bobby Lee|Moody|boost\n|-boost|p1b: Bobby Lee|spa|2\n|-unboost|p1b: Bobby Lee|atk|1\n|upkeep\n|turn|2\n|\n|t:|1697252283\n|switch|p2b: Cresselia|Cresselia, F|100\/100\n|move|p1a: Miami Terror|Quiver Dance|p1a: Miami Terror\n|-boost|p1a: Miami Terror|spa|1\n|-boost|p1a: Miami Terror|spd|1\n|-boost|p1a: Miami Terror|spe|1\n|move|p1b: Bobby Lee|Spore|p2b: Cresselia\n|-activate|p2b: Cresselia|item: Safety Goggles|Spore\n|cant|p2a: Zygarde|slp\n|\n|-weather|Snow|[upkeep]\n|-ability|p1b: Bobby Lee|Moody|boost\n|-boost|p1b: Bobby Lee|spa|2\n|-unboost|p1b: Bobby Lee|spd|1\n|upkeep\n|turn|3\n|inactive|MirzaMirzaMirza has 120 seconds left.\n|\n|t:|1697252297\n|switch|p1b: Lana|Tapu Fini|100\/100\n|-fieldstart|move: Misty Terrain|[from] ability: Misty Surge|[of] p1b: Lana\n|move|p1a: Miami Terror|Quiver Dance|p1a: Miami Terror\n|-boost|p1a: Miami Terror|spa|1\n|-boost|p1a: Miami Terror|spd|1\n|-boost|p1a: Miami Terror|spe|1\n|cant|p2a: Zygarde|slp\n|move|p2b: Cresselia|Lunar Blessing|p2b: Cresselia|[spread] p2a,p2b\n|-curestatus|p2a: Zygarde|slp|[msg]\n|\n|-weather|Snow|[upkeep]\n|upkeep\n|turn|4\n|\n|t:|1697252310\n|move|p1a: Miami Terror|Protect|p1a: Miami Terror\n|-singleturn|p1a: Miami Terror|Protect\n|move|p2b: Cresselia|Protect|p2b: Cresselia\n|-singleturn|p2b: Cresselia|Protect\n|move|p2a: Zygarde|Coil|p2a: Zygarde\n|-boost|p2a: Zygarde|atk|1\n|-boost|p2a: Zygarde|def|1\n|-boost|p2a: Zygarde|accuracy|1\n|move|p1b: Lana|Psych Up|p1a: Miami Terror\n|-copyboost|p1b: Lana|p1a: Miami Terror|[from] move: Psych Up\n|\n|-weather|Snow|[upkeep]\n|upkeep\n|turn|5\n|inactive|Old McBruh has 120 seconds left.\n|\n|t:|1697252343\n|-terastallize|p2a: Zygarde|Normal\n|move|p1a: Miami Terror|Giga Drain|p2a: Zygarde\n|-damage|p2a: Zygarde|75\/100\n|move|p1b: Lana|Taunt|p2b: Cresselia\n|-start|p2b: Cresselia|move: Taunt\n|move|p2a: Zygarde|Coil|p2a: Zygarde\n|-boost|p2a: Zygarde|atk|1\n|-boost|p2a: Zygarde|def|1\n|-boost|p2a: Zygarde|accuracy|1\n|cant|p2b: Cresselia|move: Taunt|Lunar Blessing\n|\n|-weather|none\n|upkeep\n|turn|6\n|\n|t:|1697252356\n|switch|p2b: Chien-Pao|Chien-Pao|100\/100\n|-ability|p2b: Chien-Pao|Sword of Ruin\n|move|p1a: Miami Terror|Protect|p1a: Miami Terror\n|-singleturn|p1a: Miami Terror|Protect\n|move|p1b: Lana|Muddy Water|p2b: Chien-Pao|[spread] p2a,p2b\n|-damage|p2a: Zygarde|48\/100\n|-damage|p2b: Chien-Pao|31\/100\n|move|p2a: Zygarde|Thousand Arrows|p1b: Lana|[spread] p1b\n|-activate|p1a: Miami Terror|move: Protect\n|-damage|p1b: Lana|52\/100\n|\n|upkeep\n|turn|7\n|\n|t:|1697252380\n|move|p2a: Zygarde|Extreme Speed|p1b: Lana\n|-damage|p1b: Lana|0 fnt\n|faint|p1b: Lana\n|move|p2b: Chien-Pao|Sucker Punch|p1a: Miami Terror\n|-damage|p1a: Miami Terror|60\/100\n|move|p1a: Miami Terror|Heat Wave|p2a: Zygarde|[spread] p2a,p2b\n|-crit|p2a: Zygarde\n|-supereffective|p2b: Chien-Pao\n|-damage|p2a: Zygarde|0 fnt\n|-damage|p2b: Chien-Pao|0 fnt\n|faint|p2a: Zygarde\n|faint|p2b: Chien-Pao\n|\n|-heal|p1a: Miami Terror|66\/100|[from] item: Leftovers\n|-fieldend|Misty Terrain\n|upkeep\n|\n|t:|1697252393\n|switch|p2b: Rillaboom|Rillaboom, M|100\/100\n|switch|p2a: Whimsicott|Whimsicott, M|100\/100\n|switch|p1b: Bobby Lee|Smeargle, M|100\/100\n|-fieldstart|move: Grassy Terrain|[from] ability: Grassy Surge|[of] p2b: Rillaboom\n|turn|8\n|\n|t:|1697252407\n|switch|p1b: Phoebe|Tapu Lele|100\/100\n|-fieldstart|move: Psychic Terrain|[from] ability: Psychic Surge|[of] p1b: Phoebe\n|move|p2b: Rillaboom|Fake Out|p1a: Miami Terror\n|-activate|p1a: Miami Terror|move: Psychic Terrain\n|move|p2a: Whimsicott|Taunt|p1b: Phoebe\n|-activate|p1b: Phoebe|move: Psychic Terrain\n|move|p1a: Miami Terror|Heat Wave|p2a: Whimsicott|[spread] p2a,p2b\n|-supereffective|p2a: Whimsicott\n|-supereffective|p2b: Rillaboom\n|-enditem|p2a: Whimsicott|Focus Sash\n|-damage|p2a: Whimsicott|1\/100\n|-damage|p2b: Rillaboom|32\/100\n|\n|-heal|p1a: Miami Terror|72\/100|[from] item: Leftovers\n|-sideend|p2: Old McBruh|move: Aurora Veil\n|upkeep\n|turn|9\n|-message|Old McBruh forfeited.\n|\n|win|MirzaMirzaMirza\n|raw|MirzaMirzaMirza's rating: 1537 &rarr; <strong>1560<\/strong><br \/>(+23 for winning)\n|raw|Old McBruh's rating: 1597 &rarr; <strong>1574<\/strong><br \/>(-23 for losing)\n|l|\u203dOld McBruh\n","uploadtime":1697252431,"views":9,"p1id":"mirzamirzamirza","p2id":"oldmcbruh","formatid":"gen9nationaldexdoubles","rating":1560,"private":0,"password":""}