{"id":"gen9nationaldexdoubles-1977303160","p1":"I'mSuspecious)","p2":"Old McBruh","format":"[Gen 9] National Dex Doubles","log":"|j|\u2606I'mSuspecious)\n|j|\u203dOld McBruh\n|t:|1698402157\n|gametype|doubles\n|player|p1|I'mSuspecious)|wallace|1299\n|player|p2|Old McBruh|colress|1551\n|teamsize|p1|6\n|teamsize|p2|6\n|gen|9\n|tier|[Gen 9] National Dex Doubles\n|rated|\n|rule|HP Percentage Mod: HP is shown in percentages\n|rule|Endless Battle Clause: Forcing endless battles is banned\n|rule|OHKO Clause: OHKO moves are banned\n|rule|Evasion Moves Clause: Evasion moves are banned\n|rule|Evasion Abilities Clause: Evasion abilities are banned\n|rule|Species Clause: Limit one of each Pok\u00e9mon\n|rule|Gravity Sleep Clause: The combination of sleep-inducing moves with imperfect accuracy and Gravity or Gigantamax Orbeetle are banned\n|clearpoke\n|poke|p1|Landorus-Therian, M|\n|poke|p1|Camerupt, F|\n|poke|p1|Toedscruel, F|\n|poke|p1|Ting-Lu|\n|poke|p1|Gastrodon, M|\n|poke|p1|Runerigus, M|\n|poke|p2|Rillaboom, M|\n|poke|p2|Zamazenta-*|\n|poke|p2|Zygarde|\n|poke|p2|Whimsicott, F|\n|poke|p2|Chien-Pao|\n|poke|p2|Cresselia, F|\n|teampreview\n|c|\u2606I'mSuspecious)|we meet again\n|\n|t:|1698402170\n|start\n|switch|p1a: Landorus|Landorus-Therian, M|100\/100\n|switch|p1b: Runerigus|Runerigus, M|100\/100\n|switch|p2a: Whimsicott|Whimsicott, F|100\/100\n|switch|p2b: Zygarde|Zygarde|100\/100\n|-ability|p1a: Landorus|Intimidate|boost\n|-unboost|p2a: Whimsicott|atk|1\n|-fail|p2b: Zygarde|unboost|[from] item: Clear Amulet|[of] p2b: Zygarde\n|-ability|p2b: Zygarde|Aura Break\n|turn|1\n|\n|t:|1698402202\n|move|p2b: Zygarde|Protect|p2b: Zygarde\n|-singleturn|p2b: Zygarde|Protect\n|move|p2a: Whimsicott|Taunt|p1b: Runerigus\n|-start|p1b: Runerigus|move: Taunt\n|-enditem|p1b: Runerigus|Mental Herb\n|-end|p1b: Runerigus|move: Taunt\n|move|p1a: Landorus|U-turn|p2b: Zygarde\n|-activate|p2b: Zygarde|move: Protect\n|move|p1b: Runerigus|Trick Room|p1b: Runerigus\n|-fieldstart|move: Trick Room|[of] p1b: Runerigus\n|\n|upkeep\n|turn|2\n|n|\u2606Old McBruh|oldmcbruh\n|c|\u2606Old McBruh|we do indeed\n|\n|t:|1698402224\n|move|p2a: Whimsicott|Encore|p1b: Runerigus\n|-start|p1b: Runerigus|Encore\n|move|p1b: Runerigus|Trick Room|p1b: Runerigus\n|-fieldend|move: Trick Room\n|move|p1a: Landorus|U-turn|p2b: Zygarde\n|-damage|p2b: Zygarde|80\/100\n|j| Astro nation shoe\n|c|\u2606I'mSuspecious)|lol\n|\n|t:|1698402239\n|switch|p1a: Gastrodon|Gastrodon, M|100\/100|[from] U-turn\n|move|p2b: Zygarde|Dragon Dance|p2b: Zygarde\n|-boost|p2b: Zygarde|atk|1\n|-boost|p2b: Zygarde|spe|1\n|\n|upkeep\n|turn|3\n|c|\u2606Old McBruh|oh hey shoe\n|c| Astro nation shoe|hi\n|c|\u2606Old McBruh|sorry that i didn't chat\n|c|\u2606Old McBruh|just dc'd from my vpn\n|c|\u2606I'mSuspecious)|Gonna watch me get murdered\n|c|\u2606I'mSuspecious)|again ;(\n|c|\u2606Old McBruh|so now i can chat\n|c|\u2606Old McBruh|lmao\n|c| Astro nation shoe|oh np\n|\n|t:|1698402286\n|switch|p1b: Toedscruel|Toedscruel, F|100\/100\n|move|p2b: Zygarde|Protect|p2b: Zygarde\n|-singleturn|p2b: Zygarde|Protect\n|move|p2a: Whimsicott|Taunt|p1b: Toedscruel\n|-start|p1b: Toedscruel|move: Taunt\n|-enditem|p1b: Toedscruel|Mental Herb\n|-end|p1b: Toedscruel|move: Taunt\n|move|p1a: Gastrodon|Ice Beam|p2b: Zygarde\n|-activate|p2b: Zygarde|move: Protect\n|\n|upkeep\n|turn|4\n|c|\u2606Old McBruh|Whimsicott is a fucking annoying thing\n|c| Astro nation shoe|toedscruel\n|c| Astro nation shoe|intresting\n|c|\u2606Old McBruh|the 'unblockable sleep'\n|c|\u2606I'mSuspecious)|My god\n|c|\u2606I'mSuspecious)|i'm stuck\n|\n|t:|1698402344\n|switch|p1b: Runerigus|Runerigus, M|100\/100\n|-terastallize|p2b: Zygarde|Normal\n|move|p2a: Whimsicott|Taunt|p1b: Runerigus\n|-start|p1b: Runerigus|move: Taunt\n|move|p2b: Zygarde|Dragon Dance|p2b: Zygarde\n|-boost|p2b: Zygarde|atk|1\n|-boost|p2b: Zygarde|spe|1\n|move|p1a: Gastrodon|Ice Beam|p2b: Zygarde\n|-damage|p2b: Zygarde|63\/100\n|-status|p2b: Zygarde|frz\n|\n|upkeep\n|turn|5\n|c|\u2606I'mSuspecious)|no\n|c|\u2606I'mSuspecious)|Sorry\n|c|\u2606I'mSuspecious)|fuck\n|\n|t:|1698402384\n|switch|p2a: Cresselia|Cresselia, F|100\/100\n|cant|p2b: Zygarde|frz\n|move|p1a: Gastrodon|Clear Smog|p2b: Zygarde\n|-damage|p2b: Zygarde|54\/100 frz\n|-clearboost|p2b: Zygarde\n|move|p1b: Runerigus|Earthquake|p2a: Cresselia|[spread] p1a,p2b\n|-immune|p2a: Cresselia|[from] ability: Levitate\n|-damage|p1a: Gastrodon|79\/100\n|-damage|p2b: Zygarde|37\/100 frz\n|\n|-heal|p1a: Gastrodon|85\/100|[from] item: Leftovers\n|upkeep\n|turn|6\n|\n|t:|1698402404\n|move|p1a: Gastrodon|Helping Hand|p1b: Runerigus\n|-singleturn|p1b: Runerigus|Helping Hand|[of] p1a: Gastrodon\n|cant|p2b: Zygarde|frz\n|move|p2a: Cresselia|Lunar Blessing|p2a: Cresselia|[spread] p2a,p2b\n|-heal|p2b: Zygarde|62\/100 frz\n|-curestatus|p2b: Zygarde|frz|[msg]\n|move|p1b: Runerigus|Earthquake|p2a: Cresselia|[spread] p1a,p2b\n|-immune|p2a: Cresselia|[from] ability: Levitate\n|-damage|p1a: Gastrodon|54\/100\n|-damage|p2b: Zygarde|37\/100\n|\n|-heal|p1a: Gastrodon|60\/100|[from] item: Leftovers\n|-end|p1b: Runerigus|move: Taunt\n|upkeep\n|turn|7\n|\n|t:|1698402435\n|move|p2b: Zygarde|Dragon Dance|p2b: Zygarde\n|-boost|p2b: Zygarde|atk|1\n|-boost|p2b: Zygarde|spe|1\n|move|p2a: Cresselia|Lunar Blessing|p2a: Cresselia|[spread] p2a,p2b\n|-heal|p2b: Zygarde|62\/100\n|move|p1a: Gastrodon|Recover|p1a: Gastrodon\n|-heal|p1a: Gastrodon|100\/100\n|move|p1b: Runerigus|Will-O-Wisp|p2b: Zygarde\n|-status|p2b: Zygarde|brn\n|\n|-damage|p2b: Zygarde|56\/100 brn|[from] brn\n|upkeep\n|turn|8\n|\n|t:|1698402452\n|move|p2a: Cresselia|Ally Switch|p2a: Cresselia\n|swap|p2a: Cresselia|1|[from] move: Ally Switch\n|move|p2a: Zygarde|Dragon Dance|p2a: Zygarde\n|-boost|p2a: Zygarde|atk|1\n|-boost|p2a: Zygarde|spe|1\n|move|p1a: Gastrodon|Clear Smog|p2b: Cresselia\n|-crit|p2b: Cresselia\n|-damage|p2b: Cresselia|91\/100\n|-clearboost|p2b: Cresselia\n|move|p1b: Runerigus|Trick Room|p1b: Runerigus\n|-fieldstart|move: Trick Room|[of] p1b: Runerigus\n|\n|-damage|p2a: Zygarde|50\/100 brn|[from] brn\n|upkeep\n|turn|9\n|\n|t:|1698402488\n|move|p2a: Zygarde|Protect|p2a: Zygarde\n|-singleturn|p2a: Zygarde|Protect\n|move|p1b: Runerigus|Haze|p1b: Runerigus\n|-clearallboost\n|move|p1a: Gastrodon|Ice Beam|p2a: Zygarde\n|-activate|p2a: Zygarde|move: Protect\n|move|p2b: Cresselia|Lunar Blessing|p2b: Cresselia|[spread] p2a,p2b\n|-heal|p2a: Zygarde|75\/100 brn\n|-curestatus|p2a: Zygarde|brn|[msg]\n|-heal|p2b: Cresselia|100\/100\n|\n|upkeep\n|turn|10\n|c|\u2606I'mSuspecious)|shit lunar blessing that op?\n|c|\u2606I'mSuspecious)|didn't know it cures you\n|c|\u2606I'mSuspecious)|damn\n|c|\u2606Old McBruh|yea\n|c|\u2606I'mSuspecious)|I'm doomed\n|\n|t:|1698402568\n|switch|p1b: Camerupt|Camerupt, F|100\/100\n|switch|p2a: Rillaboom|Rillaboom, M|100\/100\n|-fieldstart|move: Grassy Terrain|[from] ability: Grassy Surge|[of] p2a: Rillaboom\n|move|p1a: Gastrodon|Ice Beam|p2a: Rillaboom\n|-supereffective|p2a: Rillaboom\n|-damage|p2a: Rillaboom|75\/100\n|move|p2b: Cresselia|Lunar Blessing|p2b: Cresselia|[spread] p2a,p2b\n|-heal|p2a: Rillaboom|99\/100\n|\n|-heal|p2a: Rillaboom|100\/100|[from] Grassy Terrain\n|upkeep\n|turn|11\n|\n|t:|1698402599\n|switch|p2b: Zamazenta|Zamazenta|100\/100\n|-ability|p2b: Zamazenta|Dauntless Shield|boost\n|-boost|p2b: Zamazenta|def|1\n|detailschange|p1b: Camerupt|Camerupt-Mega, F\n|-mega|p1b: Camerupt|Camerupt|Cameruptite\n|move|p1a: Gastrodon|Helping Hand|p1b: Camerupt\n|-singleturn|p1b: Camerupt|Helping Hand|[of] p1a: Gastrodon\n|move|p2a: Rillaboom|Fake Out|p1b: Camerupt\n|-damage|p1b: Camerupt|85\/100\n|cant|p1b: Camerupt|flinch\n|\n|-heal|p1b: Camerupt|91\/100|[from] Grassy Terrain\n|upkeep\n|turn|12\n|c|\u2606I'mSuspecious)|nah\n|\n|t:|1698402614\n|move|p1a: Gastrodon|Helping Hand|p1b: Camerupt\n|-singleturn|p1b: Camerupt|Helping Hand|[of] p1a: Gastrodon\n|move|p2b: Zamazenta|Wide Guard|p2b: Zamazenta\n|-singleturn|p2b: Zamazenta|Wide Guard\n|move|p1b: Camerupt|Heat Wave|p2b: Zamazenta|[spread] \n|-activate|p2a: Rillaboom|move: Wide Guard\n|-activate|p2b: Zamazenta|move: Wide Guard\n|move|p2a: Rillaboom|Wood Hammer|p1b: Camerupt\n|-damage|p1b: Camerupt|5\/100\n|-damage|p2a: Rillaboom|72\/100|[from] Recoil\n|\n|-heal|p1b: Camerupt|12\/100|[from] Grassy Terrain\n|-heal|p2a: Rillaboom|78\/100|[from] Grassy Terrain\n|-fieldend|move: Trick Room\n|upkeep\n|turn|13\n|c|\u2606I'mSuspecious)|Insane\n|c|\u2606Old McBruh|behold\n|\n|t:|1698402637\n|switch|p1b: Landorus|Landorus-Therian, M|100\/100\n|-ability|p1b: Landorus|Intimidate|boost\n|-unboost|p2a: Rillaboom|atk|1\n|-unboost|p2b: Zamazenta|atk|1\n|move|p2a: Rillaboom|Grassy Glide|p1b: Landorus\n|-damage|p1b: Landorus|69\/100\n|move|p2b: Zamazenta|Coaching|p2a: Rillaboom\n|-boost|p2a: Rillaboom|atk|1\n|-boost|p2a: Rillaboom|def|1\n|move|p1a: Gastrodon|Ice Beam|p2a: Rillaboom\n|-supereffective|p2a: Rillaboom\n|-damage|p2a: Rillaboom|50\/100\n|\n|-heal|p2a: Rillaboom|56\/100|[from] Grassy Terrain\n|upkeep\n|turn|14\n|c|\u2606I'mSuspecious)|no\n|c|\u2606Old McBruh|THE POWER OF ZAMAZENTA\n|c|\u2606I'mSuspecious)|I'm so stuck with ground\n|c|\u2606I'mSuspecious)|what are you cooking\n|c|\u2606Old McBruh|when Rillaboom is one of the top mons in the meta, its kinda hard\n|c|\u2606Old McBruh|simple, physical attackers\n|c|\u2606I'mSuspecious)|I love Rillaboom\n|c|\u2606Old McBruh|yea\n|c|\u2606Old McBruh|its my 2nd favorite from galar\n|c|\u2606I'mSuspecious)|I mean galar is definately not my fave\n|c|\u2606I'mSuspecious)|Rillaboom's definately up there tho\n|j| mario123MAMAMIA\n|c|\u2606Old McBruh|my favorite is either Hoenn or Unova\n|c|\u2606Old McBruh|who dis?\n|c|\u2606I'mSuspecious)|I have no clue\n|c|\u2606I'mSuspecious)|for sure\n|c|\u2606I'mSuspecious)|I also like kalos\n|c|\u2606I'mSuspecious)|Hoen in oras is my favorite\n|c|\u2606I'mSuspecious)|i think\n|c|\u2606Old McBruh|this has been a while\n|c|\u2606I'mSuspecious)|Yeah\n|c|\u2606I'mSuspecious)|Mean what are you doing\n|c|\u2606Old McBruh|clicked on moves\n|c|\u2606I'mSuspecious)|what\n|c|\u2606Old McBruh|im just laddering\n|c|\u2606I'mSuspecious)|I mean I have set my moves like 4 minutes ago\n|c|\u2606Old McBruh|wait what?\n|c|\u2606I'mSuspecious)|yeah what\n|c|\u2606I'mSuspecious)|You were waiting for me?\n|c|\u2606Old McBruh|yeah\n|c|\u2606I'mSuspecious)|This never happened\n|c|\u2606I'mSuspecious)|to me\n|c|\u2606I'mSuspecious)|Ima do it again\n|c|\u2606Old McBruh|this is really weird\n|c|\u2606Old McBruh|sure\n|c|\u2606I'mSuspecious)|I have been waiting for four minutes\n|c|\u2606Old McBruh|same\n|\n|t:|1698403268\n|-terastallize|p1a: Gastrodon|Flying\n|move|p2a: Rillaboom|Grassy Glide|p1a: Gastrodon\n|-resisted|p1a: Gastrodon\n|-damage|p1a: Gastrodon|84\/100\n|move|p1b: Landorus|U-turn|p2a: Rillaboom\n|-supereffective|p2a: Rillaboom\n|-damage|p2a: Rillaboom|14\/100\n|c|\u2606I'mSuspecious)|no way\n|c|\u2606I'mSuspecious)|I son't know why this happened\n|c|\u2606I'mSuspecious)|I'm so sorry\n|\n|t:|1698403291\n|switch|p1b: Runerigus|Runerigus, M|100\/100|[from] U-turn\n|move|p2b: Zamazenta|Coaching|p2a: Rillaboom\n|-boost|p2a: Rillaboom|atk|1\n|-boost|p2a: Rillaboom|def|1\n|move|p1a: Gastrodon|Ice Beam|p2a: Rillaboom\n|-supereffective|p2a: Rillaboom\n|-damage|p2a: Rillaboom|0 fnt\n|faint|p2a: Rillaboom\n|\n|-heal|p1a: Gastrodon|90\/100|[from] item: Leftovers\n|-fieldend|move: Grassy Terrain\n|upkeep\n|c|\u2606Old McBruh|no worries\n|\n|t:|1698403299\n|switch|p2a: Chien-Pao|Chien-Pao|100\/100\n|-ability|p2a: Chien-Pao|Sword of Ruin\n|turn|15\n|c|\u2606I'mSuspecious)|sheeet\n|\n|t:|1698403333\n|switch|p1a: Toedscruel|Toedscruel, F|100\/100\n|move|p2b: Zamazenta|Coaching|p2a: Chien-Pao\n|-boost|p2a: Chien-Pao|atk|1\n|-boost|p2a: Chien-Pao|def|1\n|move|p2a: Chien-Pao|Icicle Crash|p1b: Runerigus|[miss]\n|-miss|p2a: Chien-Pao|p1b: Runerigus\n|move|p1b: Runerigus|Trick Room|p1b: Runerigus\n|-fieldstart|move: Trick Room|[of] p1b: Runerigus\n|\n|upkeep\n|turn|16\n|c|\u2606I'mSuspecious)|NOOO\n|c|\u2606Old McBruh|bruh\n|\n|t:|1698403363\n|switch|p2b: Cresselia|Cresselia, F|100\/100\n|move|p2a: Chien-Pao|Protect|p2a: Chien-Pao\n|-singleturn|p2a: Chien-Pao|Protect\n|move|p1b: Runerigus|Haze|p1b: Runerigus\n|-clearallboost\n|move|p1a: Toedscruel|Spore|p2a: Chien-Pao\n|-activate|p2a: Chien-Pao|move: Protect\n|\n|upkeep\n|turn|17\n|\n|t:|1698403398\n|move|p1b: Runerigus|Will-O-Wisp|p2a: Chien-Pao\n|-status|p2a: Chien-Pao|brn\n|move|p2b: Cresselia|Lunar Blessing|p2b: Cresselia|[spread] p2a,p2b\n|-curestatus|p2a: Chien-Pao|brn|[msg]\n|move|p2a: Chien-Pao|Icicle Crash|p1a: Toedscruel|[miss]\n|-miss|p2a: Chien-Pao|p1a: Toedscruel\n|move|p1a: Toedscruel|Spore|p2b: Cresselia\n|-activate|p2b: Cresselia|item: Safety Goggles|Spore\n|\n|upkeep\n|turn|18\n|c|\u2606I'mSuspecious)|no shot\n|c|\u2606I'mSuspecious)|And why also\n|c|\u2606I'mSuspecious)|The spore\n|c|\u2606Old McBruh|OH WHAT\n|c|\u2606Old McBruh|Safety Goggles\n|c|\u2606I'mSuspecious)|I have no idea\n|c|\u2606I'mSuspecious)|ooo\n|c|\u2606I'mSuspecious)|alright\n|\n|t:|1698403467\n|switch|p1a: Camerupt|Camerupt-Mega, F|12\/100\n|move|p2b: Cresselia|Ally Switch|p2b: Cresselia\n|swap|p2b: Cresselia|0|[from] move: Ally Switch\n|move|p1b: Runerigus|Will-O-Wisp|p2a: Cresselia\n|-status|p2a: Cresselia|brn\n|move|p2b: Chien-Pao|Icicle Crash|p1a: Camerupt\n|-damage|p1a: Camerupt|0 fnt\n|faint|p1a: Camerupt\n|\n|-damage|p2a: Cresselia|94\/100 brn|[from] brn\n|upkeep\n|c|\u2606I'mSuspecious)|ggs lmao\n|\n|t:|1698403484\n|switch|p1a: Ting-Lu|Ting-Lu|100\/100\n|-ability|p1a: Ting-Lu|Vessel of Ruin\n|turn|19\n|\n|t:|1698403512\n|switch|p2a: Zamazenta|Zamazenta|100\/100\n|move|p2b: Chien-Pao|Protect|p2b: Chien-Pao\n|-singleturn|p2b: Chien-Pao|Protect\n|move|p1b: Runerigus|Will-O-Wisp|p2a: Zamazenta\n|-status|p2a: Zamazenta|brn\n|move|p1a: Ting-Lu|Heavy Slam|p2b: Chien-Pao\n|-activate|p2b: Chien-Pao|move: Protect\n|\n|-damage|p2a: Zamazenta|94\/100 brn|[from] brn\n|-fieldend|move: Trick Room\n|upkeep\n|turn|20\n|c|\u2606I'mSuspecious)|yo\n|c|\u2606I'mSuspecious)|no\n|\n|t:|1698403533\n|move|p2a: Zamazenta|Coaching|p2b: Chien-Pao\n|-boost|p2b: Chien-Pao|atk|1\n|-boost|p2b: Chien-Pao|def|1\n|move|p2b: Chien-Pao|Icicle Crash|p1b: Runerigus\n|-supereffective|p1b: Runerigus\n|-damage|p1b: Runerigus|0 fnt\n|faint|p1b: Runerigus\n|move|p1a: Ting-Lu|Heavy Slam|p2b: Chien-Pao\n|-supereffective|p2b: Chien-Pao\n|-damage|p2b: Chien-Pao|44\/100\n|\n|-damage|p2a: Zamazenta|88\/100 brn|[from] brn\n|upkeep\n|c|\u2606I'mSuspecious)|ggs ;)\n|c|\u2606I'mSuspecious)|oh id on't even ohko\n|\n|t:|1698403552\n|switch|p1b: Landorus|Landorus-Therian, M|69\/100\n|-ability|p1b: Landorus|Intimidate|boost\n|-unboost|p2a: Zamazenta|atk|1\n|-unboost|p2b: Chien-Pao|atk|1\n|turn|21\n|\n|t:|1698403627\n|switch|p2a: Whimsicott|Whimsicott, F|100\/100\n|move|p2b: Chien-Pao|Protect|p2b: Chien-Pao\n|-singleturn|p2b: Chien-Pao|Protect\n|move|p1b: Landorus|Earthquake|p2a: Whimsicott|[spread] p1a,p2a\n|-activate|p2b: Chien-Pao|move: Protect\n|-resisted|p2a: Whimsicott\n|-damage|p1a: Ting-Lu|73\/100\n|-damage|p2a: Whimsicott|63\/100\n|move|p1a: Ting-Lu|Heavy Slam|p2b: Chien-Pao\n|-activate|p2b: Chien-Pao|move: Protect\n|\n|upkeep\n|turn|22\n|\n|t:|1698403644\n|switch|p1b: Toedscruel|Toedscruel, F|100\/100\n|move|p2a: Whimsicott|Tailwind|p2a: Whimsicott\n|-sidestart|p2: Old McBruh|move: Tailwind\n|move|p2b: Chien-Pao|Icicle Crash|p1b: Toedscruel\n|-supereffective|p1b: Toedscruel\n|-damage|p1b: Toedscruel|0 fnt\n|faint|p1b: Toedscruel\n|move|p1a: Ting-Lu|Heavy Slam|p2b: Chien-Pao\n|-supereffective|p2b: Chien-Pao\n|-damage|p2b: Chien-Pao|0 fnt\n|faint|p2b: Chien-Pao\n|\n|upkeep\n|\n|t:|1698403676\n|switch|p2b: Zygarde|Zygarde, tera:Normal|75\/100\n|switch|p1b: Gastrodon|Gastrodon, M, tera:Flying|90\/100\n|-ability|p2b: Zygarde|Aura Break\n|turn|23\n|c|\u2606I'mSuspecious)|I feel like I'm playing well tho\n|c|\u2606I'mSuspecious)|I have no chance what soever but like\n|\n|t:|1698403706\n|move|p1b: Gastrodon|Helping Hand|p1a: Ting-Lu\n|-singleturn|p1a: Ting-Lu|Helping Hand|[of] p1b: Gastrodon\n|move|p2a: Whimsicott|Moonblast|p1a: Ting-Lu\n|-supereffective|p1a: Ting-Lu\n|-damage|p1a: Ting-Lu|51\/100\n|move|p2b: Zygarde|Dragon Dance|p2b: Zygarde\n|-boost|p2b: Zygarde|atk|1\n|-boost|p2b: Zygarde|spe|1\n|move|p1a: Ting-Lu|Stomping Tantrum|p2b: Zygarde\n|-damage|p2b: Zygarde|41\/100\n|\n|-heal|p1b: Gastrodon|96\/100|[from] item: Leftovers\n|upkeep\n|turn|24\n|c|\u2606I'mSuspecious)|o sheee\n|c|\u2606I'mSuspecious)|NAH\n|c|\u2606I'mSuspecious)|nothing\n|\n|t:|1698403725\n|move|p2b: Zygarde|Protect|p2b: Zygarde\n|-singleturn|p2b: Zygarde|Protect\n|move|p2a: Whimsicott|Encore|p1b: Gastrodon\n|-start|p1b: Gastrodon|Encore\n|move|p1a: Ting-Lu|Heavy Slam|p2a: Whimsicott\n|-supereffective|p2a: Whimsicott\n|-damage|p2a: Whimsicott|0 fnt\n|faint|p2a: Whimsicott\n|move|p1b: Gastrodon|Helping Hand||[still]\n|-fail|p1b: Gastrodon\n|\n|-heal|p1b: Gastrodon|100\/100|[from] item: Leftovers\n|upkeep\n|\n|t:|1698403732\n|switch|p2a: Zamazenta|Zamazenta|88\/100 brn\n|turn|25\n|c|\u2606I'mSuspecious)|with the encore\n|c|\u2606I'mSuspecious)|no shot\n|\n|t:|1698403828\n|move|p1b: Gastrodon|Helping Hand|p1a: Ting-Lu\n|-singleturn|p1a: Ting-Lu|Helping Hand|[of] p1b: Gastrodon\n|move|p2a: Zamazenta|Coaching|p2b: Zygarde\n|-boost|p2b: Zygarde|atk|1\n|-boost|p2b: Zygarde|def|1\n|move|p2b: Zygarde|Thousand Arrows|p1a: Ting-Lu|[spread] p1a,p1b\n|-damage|p1a: Ting-Lu|23\/100\n|-damage|p1b: Gastrodon|51\/100\n|-start|p1b: Gastrodon|Smack Down\n|move|p1a: Ting-Lu|Stomping Tantrum|p2b: Zygarde\n|-damage|p2b: Zygarde|20\/100\n|\n|-heal|p1b: Gastrodon|57\/100|[from] item: Leftovers\n|-damage|p2a: Zamazenta|82\/100 brn|[from] brn\n|-sideend|p2: Old McBruh|move: Tailwind\n|upkeep\n|turn|26\n|\n|t:|1698403885\n|move|p1b: Gastrodon|Helping Hand|p1a: Ting-Lu\n|-singleturn|p1a: Ting-Lu|Helping Hand|[of] p1b: Gastrodon\n|move|p2a: Zamazenta|Coaching|p2b: Zygarde\n|-boost|p2b: Zygarde|atk|1\n|-boost|p2b: Zygarde|def|1\n|move|p2b: Zygarde|Thousand Arrows|p1a: Ting-Lu|[spread] p1a,p1b\n|-damage|p1a: Ting-Lu|0 fnt\n|-damage|p1b: Gastrodon|0 fnt\n|faint|p1a: Ting-Lu\n|faint|p1b: Gastrodon\n|\n|-damage|p2a: Zamazenta|76\/100 brn|[from] brn\n|upkeep\n|\n|t:|1698403895\n|switch|p1b: Landorus|Landorus-Therian, M|69\/100\n|-ability|p1b: Landorus|Intimidate|boost\n|-unboost|p2a: Zamazenta|atk|1\n|-fail|p2b: Zygarde|unboost|[from] item: Clear Amulet|[of] p2b: Zygarde\n|turn|27\n|c|\u2606I'mSuspecious)|shit\n|c|\u2606I'mSuspecious)|I don't even outspeed\n|\n|t:|1698403938\n|move|p2b: Zygarde|Protect|p2b: Zygarde\n|-singleturn|p2b: Zygarde|Protect\n|move|p1b: Landorus|Stone Edge|p2b: Zygarde\n|-activate|p2b: Zygarde|move: Protect\n|move|p2a: Zamazenta|Coaching|p2b: Zygarde\n|-boost|p2b: Zygarde|atk|1\n|-boost|p2b: Zygarde|def|1\n|\n|-damage|p2a: Zamazenta|70\/100 brn|[from] brn\n|upkeep\n|turn|28\n|\n|t:|1698403946\n|move|p2b: Zygarde|Extreme Speed|p1b: Landorus\n|-damage|p1b: Landorus|0 fnt\n|faint|p1b: Landorus\n|\n|win|Old McBruh\n|raw|I&apos;mSuspecious)'s rating: 1299 &rarr; <strong>1288<\/strong><br \/>(-11 for losing)\n|raw|Old McBruh's rating: 1520 &rarr; <strong>1529<\/strong><br \/>(+9 for winning)\n|c|\u2606Old McBruh|gg\n|c|\u2606I'mSuspecious)|even with extreme luck\n|l| Astro nation shoe\n|l| mario123MAMAMIA\n|c|\u2606Old McBruh|yea lmao\n|c|\u2606Old McBruh|kinda unlucky for both of us\n|c|\u2606I'mSuspecious)|really?\n|c|\u2606Old McBruh|unlucky for me cause rng, unlucky for u cause even with rng u lost\n|c|\u2606I'mSuspecious)|yeah that counts\n|c|\u2606Old McBruh|anyways, well played\n|c|\u2606I'mSuspecious)|Havea g ood one\n|c|\u2606I'mSuspecious)|<3\n|c|\u2606I'mSuspecious)|seeyou\n|c|\u2606Old McBruh|thak u\n|c|\u2606Old McBruh|see ya\n|l|\u2606I'mSuspecious)\n","uploadtime":1698404049,"views":9,"p1id":"imsuspecious","p2id":"oldmcbruh","formatid":"gen9nationaldexdoubles","rating":1288,"private":0,"password":""}