{"id":"gen9nationaldexdoubles-1986950766","p1":"Sakura the blossom","p2":"TigerSpace02","format":"[Gen 9] National Dex Doubles","log":"|j|\u2606Sakura the blossom\n|j|\u2606TigerSpace02\n|t:|1699543794\n|gametype|doubles\n|player|p1|Sakura the blossom|caitlin|\n|player|p2|TigerSpace02|blackbelt-gen4dp|\n|teamsize|p1|6\n|teamsize|p2|6\n|gen|9\n|tier|[Gen 9] National Dex Doubles\n|rule|HP Percentage Mod: HP is shown in percentages\n|rule|Endless Battle Clause: Forcing endless battles is banned\n|rule|OHKO Clause: OHKO moves are banned\n|rule|Evasion Moves Clause: Evasion moves are banned\n|rule|Evasion Abilities Clause: Evasion abilities are banned\n|rule|Species Clause: Limit one of each Pok\u00e9mon\n|rule|Gravity Sleep Clause: The combination of sleep-inducing moves with imperfect accuracy and Gravity or Gigantamax Orbeetle are banned\n|clearpoke\n|poke|p1|Hatterene, F|\n|poke|p1|Indeedee-F, F|\n|poke|p1|Reuniclus, F|\n|poke|p1|Musharna, F|\n|poke|p1|Mawile, F|\n|poke|p1|Pangoro, M|\n|poke|p2|Grimmsnarl, M|\n|poke|p2|Amoonguss, F|\n|poke|p2|Rillaboom, M|\n|poke|p2|Dragonite, M|\n|poke|p2|Ninetales-Alola, M|\n|poke|p2|Murkrow, M|\n|teampreview\n|inactive|Battle timer is ON: inactive players will automatically lose when time's up. (requested by Sakura the blossom)\n|c|\u2606TigerSpace02|glhf\n|c|\u2606Sakura the blossom|Gl hf\n|inactive|TigerSpace02 has 270 seconds left.\n|inactive|TigerSpace02 has 240 seconds left.\n|\n|t:|1699543858\n|start\n|switch|p1a: Indeedee|Indeedee-F, F, shiny|100\/100\n|switch|p1b: Mawile|Mawile, F|100\/100\n|switch|p2a: Dragonite|Dragonite, M|100\/100\n|switch|p2b: Ninetales|Ninetales-Alola, M|100\/100\n|-weather|Snow|[from] ability: Snow Warning|[of] p2b: Ninetales\n|-fieldstart|move: Psychic Terrain|[from] ability: Psychic Surge|[of] p1a: Indeedee\n|-enditem|p1a: Indeedee|Psychic Seed\n|-boost|p1a: Indeedee|spd|1|[from] item: Psychic Seed\n|-ability|p1b: Mawile|Intimidate|boost\n|-fail|p2a: Dragonite|unboost|Attack|[from] ability: Inner Focus|[of] p2a: Dragonite\n|-unboost|p2b: Ninetales|atk|1\n|turn|1\n|\n|t:|1699543886\n|switch|p2b: Amoonguss|Amoonguss, F|100\/100\n|detailschange|p1b: Mawile|Mawile-Mega, F\n|-mega|p1b: Mawile|Mawile|Mawilite\n|move|p2a: Dragonite|Ice Spinner|p1a: Indeedee\n|-damage|p1a: Indeedee|61\/100\n|-fieldend|move: Psychic Terrain\n|move|p1b: Mawile|Rock Slide|p2a: Dragonite|[spread] p2a,p2b\n|-supereffective|p2a: Dragonite\n|-damage|p2a: Dragonite|15\/100\n|-damage|p2b: Amoonguss|67\/100\n|move|p1a: Indeedee|Trick Room|p1a: Indeedee\n|-fieldstart|move: Trick Room|[of] p1a: Indeedee\n|\n|-weather|Snow|[upkeep]\n|upkeep\n|turn|2\n|\n|t:|1699543909\n|switch|p1b: Hatterene|Hatterene, F, shiny|100\/100\n|switch|p2a: Rillaboom|Rillaboom, M|100\/100\n|-fieldstart|move: Grassy Terrain|[from] ability: Grassy Surge|[of] p2a: Rillaboom\n|move|p2b: Amoonguss|Protect|p2b: Amoonguss\n|-singleturn|p2b: Amoonguss|Protect\n|move|p1a: Indeedee|Psychic|p2b: Amoonguss\n|-activate|p2b: Amoonguss|move: Protect\n|\n|-weather|Snow|[upkeep]\n|-heal|p2b: Amoonguss|73\/100|[from] Grassy Terrain\n|-heal|p1a: Indeedee|67\/100|[from] Grassy Terrain\n|upkeep\n|turn|3\n|inactive|TigerSpace02 has 270 seconds left.\n|\n|t:|1699543954\n|switch|p2b: Grimmsnarl|Grimmsnarl, M|100\/100\n|switch|p1a: Musharna|Musharna, F|100\/100\n|-activate|p1a: Musharna|ability: Forewarn|Wood Hammer|[of] p2a: Rillaboom\n|move|p1b: Hatterene|Mystical Fire|p2a: Rillaboom\n|-supereffective|p2a: Rillaboom\n|-damage|p2a: Rillaboom|43\/100\n|-unboost|p2a: Rillaboom|spa|1\n|move|p2a: Rillaboom|Knock Off|p1b: Hatterene\n|-damage|p1b: Hatterene|62\/100\n|-enditem|p1b: Hatterene|Weakness Policy|[from] move: Knock Off|[of] p2a: Rillaboom\n|\n|-weather|Snow|[upkeep]\n|-heal|p1b: Hatterene|67\/100|[from] Grassy Terrain\n|-heal|p2a: Rillaboom|49\/100|[from] Grassy Terrain\n|upkeep\n|turn|4\n|inactive|TigerSpace02 has 270 seconds left.\n|inactive|TigerSpace02 has 240 seconds left.\n|\n|t:|1699544004\n|move|p1a: Musharna|Psychic Terrain|p1a: Musharna\n|-fieldstart|move: Psychic Terrain\n|move|p1b: Hatterene|Dazzling Gleam|p2b: Grimmsnarl|[spread] p2a,p2b\n|-supereffective|p2b: Grimmsnarl\n|-damage|p2a: Rillaboom|16\/100\n|-damage|p2b: Grimmsnarl|18\/100\n|move|p2a: Rillaboom|Wood Hammer|p1b: Hatterene\n|-damage|p1b: Hatterene|4\/100\n|-damage|p2a: Rillaboom|0 fnt|[from] Recoil\n|faint|p2a: Rillaboom\n|move|p2b: Grimmsnarl|Darkest Lariat|p1a: Musharna\n|-supereffective|p1a: Musharna\n|-damage|p1a: Musharna|22\/100\n|-enditem|p1a: Musharna|Sitrus Berry|[eat]\n|-heal|p1a: Musharna|47\/100|[from] item: Sitrus Berry\n|\n|-weather|Snow|[upkeep]\n|upkeep\n|\n|t:|1699544014\n|switch|p2a: Amoonguss|Amoonguss, F|100\/100\n|turn|5\n|\n|t:|1699544027\n|move|p2a: Amoonguss|Rage Powder|p2a: Amoonguss\n|-singleturn|p2a: Amoonguss|move: Rage Powder\n|move|p1b: Hatterene|Dazzling Gleam|p2a: Amoonguss|[spread] p2a,p2b\n|-resisted|p2a: Amoonguss\n|-supereffective|p2b: Grimmsnarl\n|-damage|p2a: Amoonguss|87\/100\n|-damage|p2b: Grimmsnarl|0 fnt\n|faint|p2b: Grimmsnarl\n|move|p1a: Musharna|Expanding Force|p2a: Amoonguss\n|-supereffective|p2a: Amoonguss\n|-damage|p2a: Amoonguss|0 fnt\n|faint|p2a: Amoonguss\n|\n|-weather|none\n|-fieldend|move: Trick Room\n|upkeep\n|\n|t:|1699544037\n|switch|p2b: Murkrow|Murkrow, M|100\/100\n|switch|p2a: Ninetales|Ninetales-Alola, M|100\/100\n|-weather|Snow|[from] ability: Snow Warning|[of] p2a: Ninetales\n|turn|6\n|\n|t:|1699544052\n|move|p2a: Ninetales|Blizzard|p1a: Musharna|[spread] p1a,p1b\n|-damage|p1a: Musharna|19\/100\n|-damage|p1b: Hatterene|0 fnt\n|faint|p1b: Hatterene\n|move|p2b: Murkrow|U-turn|p1a: Musharna\n|-supereffective|p1a: Musharna\n|-damage|p1a: Musharna|0 fnt\n|faint|p1a: Musharna\n|\n|t:|1699544056\n|switch|p2b: Dragonite|Dragonite, M|15\/100|[from] U-turn\n|\n|-weather|Snow|[upkeep]\n|upkeep\n|\n|t:|1699544068\n|switch|p1b: Reuniclus|Reuniclus, F, shiny|100\/100\n|switch|p1a: Mawile|Mawile-Mega, F|100\/100\n|turn|7\n|\n|t:|1699544091\n|switch|p2b: Murkrow|Murkrow, M|100\/100\n|move|p1a: Mawile|Sucker Punch||[still]\n|-fail|p1a: Mawile\n|move|p2a: Ninetales|Aurora Veil|p2a: Ninetales\n|-sidestart|p2: TigerSpace02|move: Aurora Veil\n|move|p1b: Reuniclus|Trick Room|p1b: Reuniclus\n|-fieldstart|move: Trick Room|[of] p1b: Reuniclus\n|\n|-weather|Snow|[upkeep]\n|upkeep\n|turn|8\n|\n|t:|1699544109\n|move|p1b: Reuniclus|Flash Cannon|p2b: Murkrow\n|-damage|p2b: Murkrow|79\/100\n|move|p1a: Mawile|Iron Head|p2a: Ninetales\n|-supereffective|p2a: Ninetales\n|-damage|p2a: Ninetales|0 fnt\n|faint|p2a: Ninetales\n|move|p2b: Murkrow|Foul Play|p1a: Mawile\n|-resisted|p1a: Mawile\n|-damage|p1a: Mawile|79\/100\n|\n|-weather|Snow|[upkeep]\n|-fieldend|move: Psychic Terrain\n|upkeep\n|\n|t:|1699544113\n|switch|p2a: Dragonite|Dragonite, M|15\/100\n|turn|9\n|\n|t:|1699544131\n|move|p1b: Reuniclus|Flash Cannon|p2a: Dragonite\n|-damage|p2a: Dragonite|0 fnt\n|faint|p2a: Dragonite\n|move|p1a: Mawile|Play Rough|p2b: Murkrow\n|-supereffective|p2b: Murkrow\n|-damage|p2b: Murkrow|0 fnt\n|faint|p2b: Murkrow\n|\n|win|Sakura the blossom\n|c|\u2606TigerSpace02|gg\n|l|\u2606TigerSpace02\n|c|\u2606Sakura the blossom|Gg\n","uploadtime":1699544143,"views":21,"p1id":"sakuratheblossom","p2id":"tigerspace02","formatid":"gen9nationaldexdoubles","rating":0,"private":0,"password":""}