{"id":"gen9nationaldexdoubles-1972327706","p1":"justamagicarp","p2":"fumbari 24","format":"[Gen 9] National Dex Doubles","log":"|j|\u2606justamagicarp\n|j|\u2606fumbari 24\n|t:|1697831753\n|gametype|doubles\n|player|p1|justamagicarp|101|1104\n|player|p2|fumbari 24|hilbert|1378\n|teamsize|p1|6\n|teamsize|p2|6\n|gen|9\n|tier|[Gen 9] National Dex Doubles\n|rated|\n|rule|HP Percentage Mod: HP is shown in percentages\n|rule|Endless Battle Clause: Forcing endless battles is banned\n|rule|OHKO Clause: OHKO moves are banned\n|rule|Evasion Moves Clause: Evasion moves are banned\n|rule|Evasion Abilities Clause: Evasion abilities are banned\n|rule|Species Clause: Limit one of each Pok\u00e9mon\n|rule|Gravity Sleep Clause: The combination of sleep-inducing moves with imperfect accuracy and Gravity or Gigantamax Orbeetle are banned\n|clearpoke\n|poke|p1|Gyarados, M|\n|poke|p1|Iron Moth|\n|poke|p1|Serperior, F|\n|poke|p1|Froslass, F|\n|poke|p1|Ninetales-Alola, F|\n|poke|p1|Shuckle, M|\n|poke|p2|Thundurus-Therian, M|\n|poke|p2|Pelipper, M|\n|poke|p2|Blastoise, M|\n|poke|p2|Ting-Lu|\n|poke|p2|Alakazam, M|\n|poke|p2|Meowscarada, M|\n|teampreview\n|\n|t:|1697831763\n|start\n|switch|p1a: Frosgyatt|Froslass, F, shiny|100\/100\n|switch|p1b: Alolan-Ninegyatt|Ninetales-Alola, F, shiny|100\/100\n|switch|p2a: Thundurus|Thundurus-Therian, M|100\/100\n|switch|p2b: Pelipper|Pelipper, M|100\/100\n|-weather|Snow|[from] ability: Snow Warning|[of] p1b: Alolan-Ninegyatt\n|-weather|RainDance|[from] ability: Drizzle|[of] p2b: Pelipper\n|turn|1\n|\n|t:|1697831780\n|move|p1a: Frosgyatt|Aurora Veil||[still]\n|-fail|p1a: Frosgyatt\n|move|p1b: Alolan-Ninegyatt|Blizzard|p2a: Thundurus|[spread] p2a\n|-miss|p1b: Alolan-Ninegyatt|p2b: Pelipper\n|-supereffective|p2a: Thundurus\n|-damage|p2a: Thundurus|30\/100\n|-zpower|p2a: Thundurus\n|move|p2a: Thundurus|All-Out Pummeling|p1b: Alolan-Ninegyatt|[zeffect]\n|-damage|p1b: Alolan-Ninegyatt|20\/100\n|move|p2b: Pelipper|Tailwind|p2b: Pelipper\n|-sidestart|p2: fumbari 24|move: Tailwind\n|\n|-weather|RainDance|[upkeep]\n|upkeep\n|turn|2\n|\n|t:|1697831805\n|move|p2a: Thundurus|Wildbolt Storm|p1b: Alolan-Ninegyatt|[spread] p1a,p1b\n|-damage|p1a: Frosgyatt|38\/100\n|-damage|p1b: Alolan-Ninegyatt|0 fnt\n|faint|p1b: Alolan-Ninegyatt\n|move|p2b: Pelipper|Hurricane|p1a: Frosgyatt\n|-damage|p1a: Frosgyatt|0 fnt\n|faint|p1a: Frosgyatt\n|\n|-weather|RainDance|[upkeep]\n|upkeep\n|\n|t:|1697831823\n|switch|p1a: Serperiorgyatt|Serperior, F, shiny|100\/100\n|switch|p1b: Iron gyatt|Iron Moth|100\/100\n|-enditem|p1b: Iron gyatt|Booster Energy\n|-activate|p1b: Iron gyatt|ability: Quark Drive|[fromitem]\n|-start|p1b: Iron gyatt|quarkdrivespe\n|turn|3\n|\n|t:|1697831853\n|move|p2a: Thundurus|Volt Switch|p1b: Iron gyatt\n|-damage|p1b: Iron gyatt|65\/100\n|\n|t:|1697831861\n|switch|p2a: Ting-Lu|Ting-Lu|100\/100|[from] Volt Switch\n|-ability|p2a: Ting-Lu|Vessel of Ruin\n|move|p1b: Iron gyatt|Energy Ball|p2a: Ting-Lu\n|-supereffective|p2a: Ting-Lu\n|-damage|p2a: Ting-Lu|80\/100\n|move|p2b: Pelipper|Hurricane|p1a: Serperiorgyatt\n|-supereffective|p1a: Serperiorgyatt\n|-crit|p1a: Serperiorgyatt\n|-damage|p1a: Serperiorgyatt|0 fnt\n|faint|p1a: Serperiorgyatt\n|\n|-weather|RainDance|[upkeep]\n|upkeep\n|\n|t:|1697831874\n|switch|p1a: Shuckgyatt|Shuckle, M, shiny|100\/100\n|turn|4\n|inactive|Battle timer is ON: inactive players will automatically lose when time's up. (requested by fumbari 24)\n|\n|t:|1697831895\n|switch|p2b: Harbor|Blastoise, M|100\/100\n|-terastallize|p1b: Iron gyatt|Fairy\n|move|p1b: Iron gyatt|Dazzling Gleam|p2b: Harbor|[spread] p2a,p2b\n|-supereffective|p2a: Ting-Lu\n|-crit|p2a: Ting-Lu\n|-damage|p2a: Ting-Lu|50\/100\n|-damage|p2b: Harbor|81\/100\n|move|p2a: Ting-Lu|Stomping Tantrum|p1b: Iron gyatt\n|-damage|p1b: Iron gyatt|13\/100\n|move|p1a: Shuckgyatt|Sticky Web|p2a: Ting-Lu\n|-sidestart|p2: fumbari 24|move: Sticky Web\n|\n|-weather|RainDance|[upkeep]\n|-heal|p2b: Harbor|87\/100|[from] ability: Rain Dish\n|-heal|p2b: Harbor|93\/100|[from] item: Leftovers\n|-sideend|p2: fumbari 24|move: Tailwind\n|upkeep\n|turn|5\n|inactive|justamagicarp has 120 seconds left.\n|\n|t:|1697831936\n|move|p2b: Harbor|Fake Out|p1b: Iron gyatt\n|-damage|p1b: Iron gyatt|3\/100\n|cant|p1b: Iron gyatt|flinch\n|move|p2a: Ting-Lu|Ruination|p1a: Shuckgyatt\n|-damage|p1a: Shuckgyatt|51\/100\n|move|p1a: Shuckgyatt|Toxic|p2b: Harbor\n|-status|p2b: Harbor|tox\n|\n|-weather|RainDance|[upkeep]\n|-heal|p2b: Harbor|99\/100 tox|[from] ability: Rain Dish\n|-heal|p2b: Harbor|100\/100 tox|[from] item: Leftovers\n|-heal|p1a: Shuckgyatt|57\/100|[from] item: Leftovers\n|-damage|p2b: Harbor|94\/100 tox|[from] psn\n|upkeep\n|turn|6\n|inactive|justamagicarp has 120 seconds left.\n|\n|t:|1697831957\n|move|p1b: Iron gyatt|Energy Ball|p2b: Harbor\n|-supereffective|p2b: Harbor\n|-damage|p2b: Harbor|53\/100 tox\n|move|p2b: Harbor|Scald|p1a: Shuckgyatt\n|-supereffective|p1a: Shuckgyatt\n|-damage|p1a: Shuckgyatt|27\/100\n|move|p2a: Ting-Lu|Snarl|p1b: Iron gyatt|[spread] p1a,p1b\n|-resisted|p1b: Iron gyatt\n|-damage|p1a: Shuckgyatt|23\/100\n|-damage|p1b: Iron gyatt|0 fnt\n|-boost|p1a: Shuckgyatt|spa|1\n|faint|p1b: Iron gyatt\n|-end|p1b: Iron gyatt|Quark Drive|[silent]\n|move|p1a: Shuckgyatt|Toxic|p2a: Ting-Lu\n|-status|p2a: Ting-Lu|tox\n|\n|-weather|RainDance|[upkeep]\n|-heal|p2b: Harbor|59\/100 tox|[from] ability: Rain Dish\n|-heal|p2b: Harbor|65\/100 tox|[from] item: Leftovers\n|-heal|p1a: Shuckgyatt|29\/100|[from] item: Leftovers\n|-damage|p2b: Harbor|53\/100 tox|[from] psn\n|-damage|p2a: Ting-Lu|44\/100 tox|[from] psn\n|upkeep\n|\n|t:|1697831983\n|switch|p1b: Gyatrados|Gyarados, M, shiny|100\/100\n|turn|7\n|\n|t:|1697832003\n|switch|p2b: Pelipper|Pelipper, M|100\/100\n|detailschange|p1b: Gyatrados|Gyarados-Mega, M, shiny\n|-mega|p1b: Gyatrados|Gyarados|Gyaradosite\n|-ability|p1b: Gyatrados|Mold Breaker\n|move|p1b: Gyatrados|Waterfall|p2a: Ting-Lu\n|-supereffective|p2a: Ting-Lu\n|-damage|p2a: Ting-Lu|0 fnt\n|faint|p2a: Ting-Lu\n|move|p1a: Shuckgyatt|Infestation|p2b: Pelipper\n|-resisted|p2b: Pelipper\n|-damage|p2b: Pelipper|99\/100\n|-activate|p2b: Pelipper|move: Infestation|[of] p1a: Shuckgyatt\n|\n|-weather|RainDance|[upkeep]\n|-heal|p1a: Shuckgyatt|35\/100|[from] item: Leftovers\n|-damage|p2b: Pelipper|86\/100|[from] move: Infestation|[partiallytrapped]\n|upkeep\n|\n|t:|1697832013\n|switch|p2a: Thundurus|Thundurus-Therian, M|30\/100\n|turn|8\n|inactive|justamagicarp has 120 seconds left.\n|\n|t:|1697832044\n|move|p2a: Thundurus|Wildbolt Storm|p1b: Gyatrados|[spread] p1a,p1b\n|-supereffective|p1b: Gyatrados\n|-damage|p1a: Shuckgyatt|13\/100\n|-damage|p1b: Gyatrados|40\/100\n|move|p1b: Gyatrados|Crunch|p2a: Thundurus\n|-damage|p2a: Thundurus|0 fnt\n|faint|p2a: Thundurus\n|move|p2b: Pelipper|Tailwind|p2b: Pelipper\n|-sidestart|p2: fumbari 24|move: Tailwind\n|move|p1a: Shuckgyatt|Toxic|p2b: Pelipper\n|-status|p2b: Pelipper|tox\n|\n|-weather|none\n|-heal|p1a: Shuckgyatt|19\/100|[from] item: Leftovers\n|-damage|p2b: Pelipper|80\/100 tox|[from] psn\n|-damage|p2b: Pelipper|68\/100 tox|[from] move: Infestation|[partiallytrapped]\n|upkeep\n|\n|t:|1697832059\n|switch|p2a: A.Banderas|Meowscarada, M|100\/100\n|-activate|p2a: A.Banderas|move: Sticky Web\n|-unboost|p2a: A.Banderas|spe|1\n|turn|9\n|inactive|justamagicarp has 120 seconds left.\n|\n|t:|1697832097\n|move|p2a: A.Banderas|Flower Trick|p1b: Gyatrados\n|-supereffective|p1b: Gyatrados\n|-crit|p1b: Gyatrados\n|-damage|p1b: Gyatrados|0 fnt\n|faint|p1b: Gyatrados\n|move|p2b: Pelipper|Hurricane|p1a: Shuckgyatt|[miss]\n|-miss|p2b: Pelipper|p1a: Shuckgyatt\n|move|p1a: Shuckgyatt|Infestation|p2a: A.Banderas\n|-supereffective|p2a: A.Banderas\n|-damage|p2a: A.Banderas|83\/100\n|-activate|p2a: A.Banderas|move: Infestation|[of] p1a: Shuckgyatt\n|\n|-heal|p1a: Shuckgyatt|26\/100|[from] item: Leftovers\n|-damage|p2b: Pelipper|55\/100 tox|[from] psn\n|-damage|p2a: A.Banderas|70\/100|[from] move: Infestation|[partiallytrapped]\n|-damage|p2b: Pelipper|43\/100 tox|[from] move: Infestation|[partiallytrapped]\n|upkeep\n|turn|10\n|c|\u2606fumbari 24|Gh\n|\n|t:|1697832115\n|move|p2a: A.Banderas|Flower Trick|p1a: Shuckgyatt\n|-crit|p1a: Shuckgyatt\n|-damage|p1a: Shuckgyatt|0 fnt\n|faint|p1a: Shuckgyatt\n|\n|win|fumbari 24\n|raw|justamagicarp's rating: 1104 &rarr; <strong>1095<\/strong><br \/>(-9 for losing)\n|raw|fumbari 24's rating: 1378 &rarr; <strong>1385<\/strong><br \/>(+7 for winning)\n|c|\u2606fumbari 24|Gg\n","uploadtime":1697832122,"views":12,"p1id":"justamagicarp","p2id":"fumbari24","formatid":"gen9nationaldexdoubles","rating":1095,"private":0,"password":""}