{"id":"gen9nationaldexdoubles-1968855642","p1":"purrglar","p2":"kitsu-aria","format":"[Gen 9] National Dex Doubles","log":"|j|\u2606purrglar\n|j|\u2606kitsu-aria\n|t:|1697470369\n|gametype|doubles\n|player|p1|purrglar|petrel|1350\n|player|p2|kitsu-aria|hexmaniac-gen6|1665\n|teamsize|p1|6\n|teamsize|p2|6\n|gen|9\n|tier|[Gen 9] National Dex Doubles\n|rated|\n|rule|HP Percentage Mod: HP is shown in percentages\n|rule|Endless Battle Clause: Forcing endless battles is banned\n|rule|OHKO Clause: OHKO moves are banned\n|rule|Evasion Moves Clause: Evasion moves are banned\n|rule|Evasion Abilities Clause: Evasion abilities are banned\n|rule|Species Clause: Limit one of each Pok\u00e9mon\n|rule|Gravity Sleep Clause: The combination of sleep-inducing moves with imperfect accuracy and Gravity or Gigantamax Orbeetle are banned\n|clearpoke\n|poke|p1|Armarouge, F|\n|poke|p1|Amoonguss, M|\n|poke|p1|Bronzong|\n|poke|p1|Torkoal, L99, M|\n|poke|p1|Iron Hands|\n|poke|p1|Indeedee-F, F|\n|poke|p2|Weezing-Galar, M|\n|poke|p2|Palafin, F|\n|poke|p2|Tornadus, M|\n|poke|p2|Kingambit, M|\n|poke|p2|Regigigas|\n|poke|p2|Iron Hands|\n|teampreview\n|inactive|Battle timer is ON: inactive players will automatically lose when time's up. (requested by purrglar)\n|c|\u2606purrglar|cool team, glhf\n|\n|t:|1697470387\n|start\n|switch|p1a: ding dong|Bronzong, shiny|100\/100\n|switch|p1b: agree|Indeedee-F, F, shiny|100\/100\n|switch|p2a: Weezing|Weezing-Galar, M|100\/100\n|switch|p2b: Palafin|Palafin, F|100\/100\n|-ability|p2a: Weezing|Neutralizing Gas\n|turn|1\n|\n|t:|1697470394\n|detailschange|p2b: Palafin|Palafin-Hero, F\n|switch|p2b: Kingambit|Kingambit, M|100\/100\n|move|p1b: agree|Follow Me|p1b: agree\n|-singleturn|p1b: agree|move: Follow Me\n|move|p2a: Weezing|Will-O-Wisp|p1b: agree\n|-status|p1b: agree|brn\n|-zpower|p1a: ding dong\n|move|p1a: ding dong|Z-Trick Room|p1a: ding dong|[anim]Trick Room\n|-boost|p1a: ding dong|accuracy|1|[zeffect]\n|-fieldstart|move: Trick Room|[of] p1a: ding dong\n|\n|-damage|p1b: agree|94\/100 brn|[from] brn\n|upkeep\n|turn|2\n|\n|t:|1697470423\n|move|p1a: ding dong|Hypnosis|p2b: Kingambit\n|-status|p2b: Kingambit|slp|[from] move: Hypnosis\n|cant|p2b: Kingambit|slp\n|move|p2a: Weezing|Strange Steam|p1a: ding dong\n|-resisted|p1a: ding dong\n|-damage|p1a: ding dong|92\/100\n|-start|p1a: ding dong|confusion\n|move|p1b: agree|Psychic|p2a: Weezing\n|-supereffective|p2a: Weezing\n|-damage|p2a: Weezing|43\/100\n|\n|-heal|p2a: Weezing|49\/100|[from] item: Leftovers\n|-damage|p1b: agree|88\/100 brn|[from] brn\n|upkeep\n|turn|3\n|\n|t:|1697470437\n|move|p2a: Weezing|Protect|p2a: Weezing\n|-singleturn|p2a: Weezing|Protect\n|-activate|p1a: ding dong|confusion\n|move|p1a: ding dong|Hypnosis|p2a: Weezing\n|-activate|p2a: Weezing|move: Protect\n|-curestatus|p2b: Kingambit|slp|[msg]\n|move|p2b: Kingambit|Kowtow Cleave|p1b: agree\n|-supereffective|p1b: agree\n|-damage|p1b: agree|0 fnt\n|faint|p1b: agree\n|\n|-heal|p2a: Weezing|55\/100|[from] item: Leftovers\n|upkeep\n|\n|t:|1697470443\n|switch|p1b: heat|Torkoal, L99, M|100\/100\n|turn|4\n|\n|t:|1697470470\n|-terastallize|p2b: Kingambit|Dark\n|move|p2b: Kingambit|Sucker Punch|p1b: heat\n|-damage|p1b: heat|49\/100\n|move|p1b: heat|Eruption|p2b: Kingambit|[spread] p2a,p2b\n|-damage|p2a: Weezing|24\/100\n|-damage|p2b: Kingambit|69\/100\n|-activate|p1a: ding dong|confusion\n|move|p1a: ding dong|Hypnosis|p2b: Kingambit\n|-status|p2b: Kingambit|slp|[from] move: Hypnosis\n|move|p2a: Weezing|Strange Steam|p1b: heat\n|-resisted|p1b: heat\n|-damage|p1b: heat|29\/100\n|\n|-heal|p2a: Weezing|30\/100|[from] item: Leftovers\n|upkeep\n|turn|5\n|\n|t:|1697470484\n|switch|p1b: edible|Amoonguss, M, shiny|100\/100\n|switch|p2b: Palafin|Palafin-Hero, F|100\/100\n|-activate|p2b: Palafin|ability: Zero to Hero\n|move|p2a: Weezing|Protect|p2a: Weezing\n|-singleturn|p2a: Weezing|Protect\n|-activate|p1a: ding dong|confusion\n|move|p1a: ding dong|Gyro Ball|p2a: Weezing\n|-activate|p2a: Weezing|move: Protect\n|\n|-heal|p2a: Weezing|36\/100|[from] item: Leftovers\n|-fieldend|move: Trick Room\n|upkeep\n|turn|6\n|\n|t:|1697470493\n|-end|p2a: Weezing|ability: Neutralizing Gas\n|switch|p2a: Tornadus|Tornadus, M|100\/100\n|move|p1b: edible|Rage Powder|p1b: edible\n|-singleturn|p1b: edible|move: Rage Powder\n|move|p2b: Palafin|Bulk Up|p2b: Palafin\n|-boost|p2b: Palafin|atk|1\n|-boost|p2b: Palafin|def|1\n|-activate|p1a: ding dong|confusion\n|move|p1a: ding dong|Trick Room|p1a: ding dong\n|-fieldstart|move: Trick Room|[of] p1a: ding dong\n|\n|upkeep\n|turn|7\n|\n|t:|1697470514\n|move|p1b: edible|Spore|p2b: Palafin\n|-status|p2b: Palafin|slp|[from] move: Spore\n|-end|p1a: ding dong|confusion\n|move|p1a: ding dong|Hypnosis|p2a: Tornadus|[miss]\n|-miss|p1a: ding dong|p2a: Tornadus\n|cant|p2b: Palafin|slp\n|-zpower|p2a: Tornadus\n|move|p2a: Tornadus|Supersonic Skystrike|p1b: edible|[zeffect]\n|-supereffective|p1b: edible\n|-damage|p1b: edible|0 fnt\n|faint|p1b: edible\n|\n|upkeep\n|\n|t:|1697470520\n|switch|p1b: heat|Torkoal, L99, M|29\/100\n|-weather|SunnyDay|[from] ability: Drought|[of] p1b: heat\n|turn|8\n|\n|t:|1697470534\n|cant|p2b: Palafin|slp\n|move|p2a: Tornadus|Taunt|p1a: ding dong\n|-start|p1a: ding dong|move: Taunt\n|move|p1b: heat|Solar Beam||[still]\n|-prepare|p1b: heat|Solar Beam\n|-anim|p1b: heat|Solar Beam|p2b: Palafin\n|-supereffective|p2b: Palafin\n|-damage|p2b: Palafin|11\/100 slp\n|cant|p1a: ding dong|move: Taunt|Hypnosis\n|\n|-weather|SunnyDay|[upkeep]\n|upkeep\n|turn|9\n|\n|t:|1697470553\n|switch|p2a: Iron Hands|Iron Hands|100\/100\n|-enditem|p2a: Iron Hands|Booster Energy\n|-activate|p2a: Iron Hands|ability: Quark Drive|[fromitem]\n|-start|p2a: Iron Hands|quarkdriveatk\n|cant|p2b: Palafin|slp\n|move|p1b: heat|Solar Beam||[still]\n|-prepare|p1b: heat|Solar Beam\n|-anim|p1b: heat|Solar Beam|p2b: Palafin\n|-supereffective|p2b: Palafin\n|-damage|p2b: Palafin|0 fnt\n|faint|p2b: Palafin\n|move|p1a: ding dong|Gyro Ball|p2a: Iron Hands\n|-resisted|p2a: Iron Hands\n|-damage|p2a: Iron Hands|97\/100\n|\n|-weather|SunnyDay|[upkeep]\n|upkeep\n|\n|t:|1697470564\n|switch|p2b: Kingambit|Kingambit, M, tera:Dark|69\/100 slp\n|turn|10\n|\n|t:|1697470577\n|switch|p1b: \"Hariyama\"|Iron Hands|100\/100\n|move|p1a: ding dong|Gyro Ball|p2b: Kingambit\n|-damage|p2b: Kingambit|60\/100 slp\n|move|p2a: Iron Hands|Wild Charge|p1b: \"Hariyama\"\n|-resisted|p1b: \"Hariyama\"\n|-damage|p1b: \"Hariyama\"|78\/100\n|-damage|p2a: Iron Hands|92\/100|[from] Recoil\n|cant|p2b: Kingambit|slp\n|\n|-weather|SunnyDay|[upkeep]\n|-end|p1a: ding dong|move: Taunt\n|-fieldend|move: Trick Room\n|upkeep\n|turn|11\n|\n|t:|1697470595\n|switch|p2b: Tornadus|Tornadus, M|100\/100\n|move|p2a: Iron Hands|Swords Dance|p2a: Iron Hands\n|-boost|p2a: Iron Hands|atk|2\n|move|p1b: \"Hariyama\"|Heavy Slam|p2b: Tornadus\n|-damage|p2b: Tornadus|27\/100\n|move|p1a: ding dong|Trick Room|p1a: ding dong\n|-fieldstart|move: Trick Room|[of] p1a: ding dong\n|\n|-weather|SunnyDay|[upkeep]\n|upkeep\n|turn|12\n|\n|t:|1697470611\n|-end|p1b: \"Hariyama\"|Quark Drive|[silent]\n|switch|p1b: Armarouge|Armarouge, F|100\/100\n|move|p2b: Tornadus|Taunt|p1a: ding dong\n|-start|p1a: ding dong|move: Taunt\n|move|p1a: ding dong|Gyro Ball|p2b: Tornadus\n|-damage|p2b: Tornadus|0 fnt\n|faint|p2b: Tornadus\n|move|p2a: Iron Hands|Drain Punch|p1b: Armarouge\n|-resisted|p1b: Armarouge\n|-damage|p1b: Armarouge|50\/100\n|-heal|p2a: Iron Hands|100\/100|[from] drain|[of] p1b: Armarouge\n|\n|-weather|none\n|upkeep\n|\n|t:|1697470623\n|switch|p2b: Kingambit|Kingambit, M, tera:Dark|60\/100 slp\n|turn|13\n|\n|t:|1697470630\n|move|p1a: ding dong|Gyro Ball|p2a: Iron Hands\n|-resisted|p2a: Iron Hands\n|-damage|p2a: Iron Hands|97\/100\n|move|p2a: Iron Hands|Wild Charge|p1b: Armarouge\n|-damage|p1b: Armarouge|0 fnt\n|faint|p1b: Armarouge\n|-damage|p2a: Iron Hands|88\/100|[from] Recoil\n|cant|p2b: Kingambit|slp\n|\n|upkeep\n|\n|t:|1697470636\n|switch|p1b: heat|Torkoal, L99, M|29\/100\n|-weather|SunnyDay|[from] ability: Drought|[of] p1b: heat\n|turn|14\n|\n|t:|1697470646\n|cant|p2b: Kingambit|slp\n|move|p1b: heat|Heat Wave|p2b: Kingambit|[spread] p2a,p2b\n|-damage|p2a: Iron Hands|24\/100\n|-damage|p2b: Kingambit|1\/100 slp\n|move|p1a: ding dong|Gyro Ball|p2b: Kingambit\n|-damage|p2b: Kingambit|0 fnt\n|faint|p2b: Kingambit\n|move|p2a: Iron Hands|Wild Charge|p1b: heat\n|-damage|p1b: heat|0 fnt\n|faint|p1b: heat\n|-damage|p2a: Iron Hands|19\/100|[from] Recoil\n|\n|-weather|SunnyDay|[upkeep]\n|-end|p1a: ding dong|move: Taunt\n|upkeep\n|\n|t:|1697470661\n|switch|p1b: \"Hariyama\"|Iron Hands|78\/100\n|switch|p2b: Regigigas|Regigigas|100\/100\n|-start|p2b: Regigigas|ability: Slow Start\n|turn|15\n|\n|t:|1697470668\n|move|p2b: Regigigas|Protect|p2b: Regigigas\n|-singleturn|p2b: Regigigas|Protect\n|move|p1a: ding dong|Hypnosis|p2a: Iron Hands\n|-status|p2a: Iron Hands|slp|[from] move: Hypnosis\n|cant|p2a: Iron Hands|slp\n|move|p1b: \"Hariyama\"|Close Combat|p2b: Regigigas\n|-activate|p2b: Regigigas|move: Protect\n|\n|-weather|SunnyDay|[upkeep]\n|-fieldend|move: Trick Room\n|upkeep\n|turn|16\n|\n|t:|1697470688\n|-end|p2b: Regigigas|Slow Start|[silent]\n|switch|p2b: Weezing|Weezing-Galar, M|36\/100\n|-ability|p2b: Weezing|Neutralizing Gas\n|move|p1b: \"Hariyama\"|Close Combat|p2a: Iron Hands\n|-damage|p2a: Iron Hands|0 fnt\n|-unboost|p1b: \"Hariyama\"|def|1\n|-unboost|p1b: \"Hariyama\"|spd|1\n|faint|p2a: Iron Hands\n|-end|p2a: Iron Hands|Quark Drive|[silent]\n|move|p1a: ding dong|Trick Room|p1a: ding dong\n|-fieldstart|move: Trick Room|[of] p1a: ding dong\n|\n|-weather|SunnyDay|[upkeep]\n|-heal|p2b: Weezing|42\/100|[from] item: Leftovers\n|upkeep\n|\n|t:|1697470694\n|switch|p2a: Regigigas|Regigigas|100\/100\n|turn|17\n|\n|t:|1697470700\n|move|p2a: Regigigas|Protect|p2a: Regigigas\n|-singleturn|p2a: Regigigas|Protect\n|move|p1a: ding dong|Hypnosis|p2a: Regigigas\n|-activate|p2a: Regigigas|move: Protect\n|move|p1b: \"Hariyama\"|Heavy Slam|p2b: Weezing\n|-supereffective|p2b: Weezing\n|-damage|p2b: Weezing|0 fnt\n|faint|p2b: Weezing\n|-end|p2b: Weezing|ability: Neutralizing Gas\n|-start|p2a: Regigigas|ability: Slow Start\n|\n|-weather|SunnyDay|[upkeep]\n|upkeep\n|turn|18\n|c|\u2606kitsu-aria|Gg\n|-message|kitsu-aria forfeited.\n|\n|win|purrglar\n|raw|purrglar's rating: 1350 &rarr; <strong>1384<\/strong><br \/>(+34 for winning)\n|raw|kitsu-aria's rating: 1665 &rarr; <strong>1631<\/strong><br \/>(-34 for losing)\n|l|\u2606kitsu-aria\n","uploadtime":1697470716,"views":14,"p1id":"purrglar","p2id":"kitsuaria","formatid":"gen9nationaldexdoubles","rating":1384,"private":0,"password":""}