{"id":"gen9nationaldexdoubles-1950893734","p1":"zautumn","p2":"Ilovesmallcats 3","format":"[Gen 9] National Dex Doubles","log":"|j|\u2606zautumn\n|j|\u2606Ilovesmallcats 3\n|t:|1695516834\n|gametype|doubles\n|player|p1|zautumn|lusamine-nihilego|1000\n|player|p2|Ilovesmallcats 3|shauntal|1172\n|teamsize|p1|6\n|teamsize|p2|6\n|gen|9\n|tier|[Gen 9] National Dex Doubles\n|rated|\n|rule|HP Percentage Mod: HP is shown in percentages\n|rule|Endless Battle Clause: Forcing endless battles is banned\n|rule|OHKO Clause: OHKO moves are banned\n|rule|Evasion Moves Clause: Evasion moves are banned\n|rule|Evasion Abilities Clause: Evasion abilities are banned\n|rule|Species Clause: Limit one of each Pok\u00e9mon\n|rule|Gravity Sleep Clause: The combination of sleep-inducing moves with imperfect accuracy and Gravity or Gigantamax Orbeetle are banned\n|clearpoke\n|poke|p1|Zoroark, M|\n|poke|p1|Kangaskhan, F|\n|poke|p1|Rotom-Wash|\n|poke|p1|Cloyster, F|\n|poke|p1|Metagross|\n|poke|p1|Dragapult, F|\n|poke|p2|Primarina, F|\n|poke|p2|Accelgor, M|\n|poke|p2|Ninetales, F|\n|poke|p2|Heliolisk, F|\n|poke|p2|Altaria, M|\n|poke|p2|Tornadus-Therian, M|\n|teampreview\n|inactive|Battle timer is ON: inactive players will automatically lose when time's up. (requested by Ilovesmallcats 3)\n|inactive|zautumn also wants the timer to be on.\n|\n|t:|1695516863\n|start\n|switch|p1a: Kangaskhan|Kangaskhan, F|100\/100\n|switch|p1b: Cloyster|Cloyster, F|100\/100\n|switch|p2a: :^|Altaria, M|100\/100\n|switch|p2b: :C|Accelgor, M|100\/100\n|turn|1\n|\n|t:|1695516875\n|detailschange|p1a: Kangaskhan|Kangaskhan-Mega, F\n|-mega|p1a: Kangaskhan|Kangaskhan|Kangaskhanite\n|detailschange|p2a: :^|Altaria-Mega, M\n|-mega|p2a: :^|Altaria|Altarianite\n|move|p1a: Kangaskhan|Fake Out|p2b: :C\n|-damage|p2b: :C|62\/100\n|-damage|p2b: :C|54\/100\n|-hitcount|p2b: :C|2\n|cant|p2b: :C|flinch\n|move|p1b: Cloyster|Shell Smash|p1b: Cloyster\n|-unboost|p1b: Cloyster|def|1\n|-unboost|p1b: Cloyster|spd|1\n|-boost|p1b: Cloyster|atk|2\n|-boost|p1b: Cloyster|spa|2\n|-boost|p1b: Cloyster|spe|2\n|move|p2a: :^|Round|p1b: Cloyster\n|-damage|p1b: Cloyster|0 fnt\n|faint|p1b: Cloyster\n|\n|upkeep\n|\n|t:|1695516900\n|switch|p1b: Metagross|Metagross|100\/100\n|turn|2\n|\n|t:|1695516914\n|switch|p2b: :v|Heliolisk, F|100\/100\n|switch|p2a: :P|Ninetales, F|100\/100\n|-weather|SunnyDay|[from] ability: Drought|[of] p2a: :P\n|move|p1b: Metagross|Bullet Punch|p2b: :v\n|-resisted|p2b: :v\n|-damage|p2b: :v|81\/100\n|move|p1a: Kangaskhan|Double-Edge|p2a: :P\n|-damage|p2a: :P|18\/100\n|-damage|p2a: :P|0 fnt\n|faint|p2a: :P\n|-hitcount|p2: :P|2\n|-damage|p1a: Kangaskhan|73\/100|[from] Recoil\n|\n|-weather|SunnyDay|[upkeep]\n|-damage|p2b: :v|69\/100|[from] ability: Solar Power|[of] p2b: :v\n|upkeep\n|\n|t:|1695516938\n|switch|p2a: :D|Primarina, F, shiny|100\/100\n|turn|3\n|\n|t:|1695516952\n|switch|p2a: :C|Accelgor, M|54\/100\n|move|p1a: Kangaskhan|Power-Up Punch|p2b: :v\n|-supereffective|p2b: :v\n|-damage|p2b: :v|9\/100\n|-boost|p1a: Kangaskhan|atk|1\n|-supereffective|p2b: :v\n|-damage|p2b: :v|0 fnt\n|-boost|p1a: Kangaskhan|atk|1\n|faint|p2b: :v\n|-hitcount|p2: :v|2\n|move|p1b: Metagross|Meteor Mash|p2a: :C\n|-damage|p2a: :C|0 fnt\n|faint|p2a: :C\n|\n|-weather|SunnyDay|[upkeep]\n|upkeep\n|\n|t:|1695516961\n|switch|p2a: :(|Tornadus-Therian, M|100\/100\n|switch|p2b: :^|Altaria-Mega, M|100\/100\n|turn|4\n|\n|t:|1695516983\n|move|p2a: :(|Chilling Water|p1a: Kangaskhan\n|-damage|p1a: Kangaskhan|65\/100\n|-unboost|p1a: Kangaskhan|atk|1\n|move|p1a: Kangaskhan|Double-Edge|p2b: :^\n|-damage|p2b: :^|23\/100\n|-damage|p2b: :^|3\/100\n|-hitcount|p2b: :^|2\n|-damage|p1a: Kangaskhan|32\/100|[from] Recoil\n|move|p1b: Metagross|Meteor Mash|p2a: :(\n|-damage|p2a: :(|41\/100\n|move|p2b: :^|Flamethrower|p1b: Metagross\n|-supereffective|p1b: Metagross\n|-damage|p1b: Metagross|0 fnt\n|faint|p1b: Metagross\n|\n|-weather|SunnyDay|[upkeep]\n|upkeep\n|inactive|zautumn has 120 seconds left.\n|\n|t:|1695517006\n|switch|p1b: Dragapult|Dragapult, F|100\/100\n|turn|5\n|\n|t:|1695517018\n|move|p1b: Dragapult|Dragon Darts|p2a: :(\n|-damage|p2a: :(|0 fnt\n|faint|p2a: :(\n|-damage|p1b: Dragapult|91\/100|[from] item: Life Orb\n|move|p1a: Kangaskhan|Power-Up Punch|p2b: :^\n|-resisted|p2b: :^\n|-damage|p2b: :^|0 fnt\n|-boost|p1a: Kangaskhan|atk|1\n|faint|p2b: :^\n|-hitcount|p2: :^|1\n|\n|-weather|SunnyDay|[upkeep]\n|upkeep\n|\n|t:|1695517021\n|switch|p2a: :D|Primarina, F, shiny|100\/100\n|turn|6\n|inactive|zautumn has 120 seconds left.\n|\n|t:|1695517055\n|move|p1b: Dragapult|Steel Wing|p2a: :D\n|-damage|p2a: :D|70\/100\n|-damage|p1b: Dragapult|81\/100|[from] item: Life Orb\n|move|p1a: Kangaskhan|Double-Edge|p2a: :D\n|-damage|p2a: :D|0 fnt\n|faint|p2a: :D\n|-hitcount|p2: :D|1\n|-damage|p1a: Kangaskhan|10\/100|[from] Recoil\n|\n|win|zautumn\n|raw|zautumn's rating: 1000 &rarr; <strong>1058<\/strong><br \/>(+58 for winning)\n|raw|Ilovesmallcats 3's rating: 1172 &rarr; <strong>1136<\/strong><br \/>(-36 for losing)\n|l|\u2606Ilovesmallcats 3\n","uploadtime":1695517060,"views":16,"p1id":"zautumn","p2id":"ilovesmallcats3","formatid":"gen9nationaldexdoubles","rating":1058,"private":0,"password":""}