{"id":"gen9nationaldexdoubles-1980094160","p1":"primataNoCompuiter","p2":"HirukaHaruka","format":"[Gen 9] National Dex Doubles","log":"|j|\u2606primataNoCompuiter\n|j|\u2606HirukaHaruka\n|t:|1698756622\n|gametype|doubles\n|player|p1|primataNoCompuiter|flannery|1061\n|player|p2|HirukaHaruka|wicke|1000\n|teamsize|p1|6\n|teamsize|p2|6\n|gen|9\n|tier|[Gen 9] National Dex Doubles\n|rated|\n|rule|HP Percentage Mod: HP is shown in percentages\n|rule|Endless Battle Clause: Forcing endless battles is banned\n|rule|OHKO Clause: OHKO moves are banned\n|rule|Evasion Moves Clause: Evasion moves are banned\n|rule|Evasion Abilities Clause: Evasion abilities are banned\n|rule|Species Clause: Limit one of each Pok\u00e9mon\n|rule|Gravity Sleep Clause: The combination of sleep-inducing moves with imperfect accuracy and Gravity or Gigantamax Orbeetle are banned\n|clearpoke\n|poke|p1|Stakataka|\n|poke|p1|Dusclops, F|\n|poke|p1|Ursaluna, M|\n|poke|p1|Amoonguss, F|\n|poke|p1|Iron Hands|\n|poke|p1|Sinistcha|\n|poke|p2|Eevee, M|\n|poke|p2|Audino, M|\n|poke|p2|Gardevoir, M|\n|poke|p2|Flamigo, F|\n|poke|p2|Espeon, M|\n|poke|p2|Pawmot, M|\n|teampreview\n|inactive|Battle timer is ON: inactive players will automatically lose when time's up. (requested by primataNoCompuiter)\n|\n|t:|1698756636\n|start\n|switch|p1a: Dusclops|Dusclops, F|100\/100\n|switch|p1b: Amoonguss|Amoonguss, F|100\/100\n|switch|p2a: Eevee|Eevee, M|100\/100\n|switch|p2b: Audino|Audino, M|100\/100\n|-ability|p1a: Dusclops|Pressure\n|turn|1\n|\n|t:|1698756655\n|move|p2a: Eevee|Yawn|p1b: Amoonguss\n|-start|p1b: Amoonguss|move: Yawn|[of] p2a: Eevee\n|move|p2b: Audino|Simple Beam|p2a: Eevee\n|-endability|p2a: Eevee|Adaptability|[from] move: Simple Beam\n|-ability|p2a: Eevee|Simple|[from] move: Simple Beam\n|move|p1b: Amoonguss|Clear Smog|p2a: Eevee\n|-damage|p2a: Eevee|82\/100\n|-clearboost|p2a: Eevee\n|move|p1a: Dusclops|Trick Room|p1a: Dusclops\n|-fieldstart|move: Trick Room|[of] p1a: Dusclops\n|\n|upkeep\n|turn|2\n|\n|t:|1698756674\n|move|p1a: Dusclops|Will-O-Wisp|p2a: Eevee\n|-status|p2a: Eevee|brn\n|move|p1b: Amoonguss|Spore||[still]\n|-fail|p1b: Amoonguss\n|move|p2b: Audino|Fling|p1a: Dusclops\n|-supereffective|p1a: Dusclops\n|-damage|p1a: Dusclops|74\/100\n|-enditem|p2b: Audino|Big Nugget|[from] move: Fling\n|-zpower|p2a: Eevee\n|move|p2a: Eevee|Extreme Evoboost|p2a: Eevee\n|-boost|p2a: Eevee|atk|4\n|-boost|p2a: Eevee|def|4\n|-boost|p2a: Eevee|spa|4\n|-boost|p2a: Eevee|spd|4\n|-boost|p2a: Eevee|spe|4\n|\n|-damage|p2a: Eevee|76\/100 brn|[from] brn\n|-end|p1b: Amoonguss|move: Yawn|[silent]\n|-status|p1b: Amoonguss|slp\n|upkeep\n|turn|3\n|c|\u2606primataNoCompuiter|I\u00b4m stupid\n|inactive|primataNoCompuiter has 120 seconds left.\n|\n|t:|1698756705\n|move|p1a: Dusclops|Will-O-Wisp|p2b: Audino\n|-status|p2b: Audino|brn\n|cant|p1b: Amoonguss|slp\n|move|p2b: Audino|Healing Wish|p2b: Audino\n|faint|p2b: Audino\n|move|p2a: Eevee|Baton Pass|p2a: Eevee\n|\n|t:|1698756712\n|switch|p2a: Gardevoir|Gardevoir, M|100\/100|[from] Baton Pass\n|\n|upkeep\n|\n|t:|1698756715\n|switch|p2b: Flamigo|Flamigo, F|100\/100\n|-copyboost|p2b: Flamigo|p2a: Gardevoir|[from] ability: Costar\n|turn|4\n|\n|t:|1698756724\n|move|p1a: Dusclops|Will-O-Wisp|p2b: Flamigo\n|-status|p2b: Flamigo|brn\n|cant|p1b: Amoonguss|slp\n|move|p2b: Flamigo|Acrobatics|p1a: Dusclops\n|-damage|p1a: Dusclops|23\/100\n|move|p2a: Gardevoir|Stored Power|p1b: Amoonguss\n|-supereffective|p1b: Amoonguss\n|-damage|p1b: Amoonguss|0 fnt\n|faint|p1b: Amoonguss\n|\n|-damage|p2b: Flamigo|94\/100 brn|[from] brn\n|upkeep\n|\n|t:|1698756740\n|switch|p1b: Stakataka|Stakataka|100\/100\n|turn|5\n|\n|t:|1698756752\n|move|p1b: Stakataka|Gyro Ball|p2a: Gardevoir\n|-supereffective|p2a: Gardevoir\n|-damage|p2a: Gardevoir|0 fnt\n|faint|p2a: Gardevoir\n|-ability|p1b: Stakataka|Beast Boost|boost\n|-boost|p1b: Stakataka|atk|1\n|-damage|p1b: Stakataka|91\/100|[from] item: Life Orb\n|move|p1a: Dusclops|Will-O-Wisp|p2b: Flamigo\n|-fail|p2b: Flamigo|brn\n|move|p2b: Flamigo|Acrobatics|p1a: Dusclops\n|-damage|p1a: Dusclops|0 fnt\n|faint|p1a: Dusclops\n|\n|-damage|p2b: Flamigo|88\/100 brn|[from] brn\n|-fieldend|move: Trick Room\n|upkeep\n|\n|t:|1698756766\n|switch|p2a: Espeon|Espeon, M|100\/100\n|switch|p1a: Iron Hands|Iron Hands|100\/100\n|turn|6\n|c|\u2606primataNoCompuiter|stakataka stronk\n|\n|t:|1698756787\n|move|p1a: Iron Hands|Fake Out|p2b: Flamigo\n|-damage|p2b: Flamigo|80\/100 brn\n|cant|p2b: Flamigo|flinch\n|move|p2a: Espeon|Psych Up|p2b: Flamigo\n|-copyboost|p2a: Espeon|p2b: Flamigo|[from] move: Psych Up\n|move|p1b: Stakataka|Trick Room|p1b: Stakataka\n|-fieldstart|move: Trick Room|[of] p1b: Stakataka\n|\n|-damage|p2b: Flamigo|74\/100 brn|[from] brn\n|upkeep\n|turn|7\n|inactive|HirukaHaruka has 120 seconds left.\n|\n|t:|1698756820\n|move|p1b: Stakataka|Gyro Ball|p2a: Espeon\n|-crit|p2a: Espeon\n|-damage|p2a: Espeon|0 fnt\n|faint|p2a: Espeon\n|-ability|p1b: Stakataka|Beast Boost|boost\n|-boost|p1b: Stakataka|atk|1\n|-damage|p1b: Stakataka|81\/100|[from] item: Life Orb\n|move|p1a: Iron Hands|Ice Punch|p2b: Flamigo\n|-supereffective|p2b: Flamigo\n|-damage|p2b: Flamigo|43\/100 brn\n|move|p2b: Flamigo|Double Kick|p1b: Stakataka\n|-supereffective|p1b: Stakataka\n|-damage|p1b: Stakataka|27\/100\n|-supereffective|p1b: Stakataka\n|-damage|p1b: Stakataka|0 fnt\n|faint|p1b: Stakataka\n|-hitcount|p1: Stakataka|2\n|\n|-damage|p2b: Flamigo|37\/100 brn|[from] brn\n|upkeep\n|\n|t:|1698756839\n|switch|p1b: Ursaluna|Ursaluna, M|100\/100\n|switch|p2a: Pawmot|Pawmot, M|100\/100\n|turn|8\n|\n|t:|1698756852\n|move|p1a: Iron Hands|Wild Charge|p2b: Flamigo\n|-supereffective|p2b: Flamigo\n|-damage|p2b: Flamigo|0 fnt\n|faint|p2b: Flamigo\n|-damage|p1a: Iron Hands|95\/100|[from] Recoil\n|move|p1b: Ursaluna|Headlong Rush|p2a: Pawmot\n|-supereffective|p2a: Pawmot\n|-crit|p2a: Pawmot\n|-damage|p2a: Pawmot|0 fnt\n|-unboost|p1b: Ursaluna|def|1\n|-unboost|p1b: Ursaluna|spd|1\n|faint|p2a: Pawmot\n|\n|-status|p1b: Ursaluna|brn|[from] item: Flame Orb\n|upkeep\n|-message|HirukaHaruka forfeited.\n|\n|win|primataNoCompuiter\n|raw|primataNoCompuiter's rating: 1061 &rarr; <strong>1086<\/strong><br \/>(+25 for winning)\n|raw|HirukaHaruka's rating: 1000 &rarr; <strong>1000<\/strong><br \/>(+0 for losing)\n|l|\u2606HirukaHaruka\n","uploadtime":1698756939,"views":6,"p1id":"primatanocompuiter","p2id":"hirukaharuka","formatid":"gen9nationaldexdoubles","rating":1000,"private":0,"password":""}