{"id":"gen9nationaldexdoubles-1958912166","p1":"impastabot4000","p2":"BugCatcherJameson","format":"[Gen 9] National Dex Doubles","log":"|j|\u2606impastabot4000\n|j|\u2606BugCatcherJameson\n|t:|1696367915\n|gametype|doubles\n|player|p1|impastabot4000|nate|1226\n|player|p2|BugCatcherJameson|bugsy|1296\n|teamsize|p1|6\n|teamsize|p2|6\n|gen|9\n|tier|[Gen 9] National Dex Doubles\n|rated|\n|rule|HP Percentage Mod: HP is shown in percentages\n|rule|Endless Battle Clause: Forcing endless battles is banned\n|rule|OHKO Clause: OHKO moves are banned\n|rule|Evasion Moves Clause: Evasion moves are banned\n|rule|Evasion Abilities Clause: Evasion abilities are banned\n|rule|Species Clause: Limit one of each Pok\u00e9mon\n|rule|Gravity Sleep Clause: The combination of sleep-inducing moves with imperfect accuracy and Gravity or Gigantamax Orbeetle are banned\n|clearpoke\n|poke|p1|Rillaboom, M|\n|poke|p1|Salamence, F|\n|poke|p1|Volcanion|\n|poke|p1|Chien-Pao|\n|poke|p1|Flutter Mane|\n|poke|p1|Ogerpon-Cornerstone, F|\n|poke|p2|Volcarona, M|\n|poke|p2|Oricorio-Pom-Pom, M|\n|poke|p2|Bellossom, F|\n|poke|p2|Quaquaval, F|\n|poke|p2|Maushold-Four|\n|poke|p2|Kommo-o, F|\n|teampreview\n|inactive|Battle timer is ON: inactive players will automatically lose when time's up. (requested by BugCatcherJameson)\n|inactive|impastabot4000 also wants the timer to be on.\n|c|\u2606BugCatcherJameson|hf\n|\n|t:|1696367945\n|start\n|switch|p1a: Salamence|Salamence, F|100\/100\n|switch|p1b: Ogerpon|Ogerpon-Cornerstone, F|100\/100\n|switch|p2a: My Bologna|Volcarona, M|100\/100\n|switch|p2b: \u30c1\u30a2\u30ea\u30fc\u30c0\u30fc|Oricorio-Pom-Pom, M|100\/100\n|-ability|p1a: Salamence|Intimidate|boost\n|-unboost|p2a: My Bologna|atk|1\n|-unboost|p2b: \u30c1\u30a2\u30ea\u30fc\u30c0\u30fc|atk|1\n|turn|1\n|\n|t:|1696367966\n|detailschange|p1a: Salamence|Salamence-Mega, F\n|-mega|p1a: Salamence|Salamence|Salamencite\n|move|p1a: Salamence|Frustration|p2a: My Bologna\n|-supereffective|p2a: My Bologna\n|-crit|p2a: My Bologna\n|-damage|p2a: My Bologna|0 fnt\n|-status|p1a: Salamence|brn|[from] ability: Flame Body|[of] p2a: My Bologna\n|faint|p2a: My Bologna\n|move|p1b: Ogerpon|Ivy Cudgel|p2b: \u30c1\u30a2\u30ea\u30fc\u30c0\u30fc\n|-supereffective|p2b: \u30c1\u30a2\u30ea\u30fc\u30c0\u30fc\n|-damage|p2b: \u30c1\u30a2\u30ea\u30fc\u30c0\u30fc|0 fnt\n|faint|p2b: \u30c1\u30a2\u30ea\u30fc\u30c0\u30fc\n|\n|-damage|p1a: Salamence|94\/100 brn|[from] brn\n|upkeep\n|\n|t:|1696367981\n|switch|p2a: Carnival|Quaquaval, F|100\/100\n|switch|p2b: L\u016b\u02bbau|Kommo-o, F, shiny|100\/100\n|turn|2\n|\n|t:|1696367997\n|move|p1b: Ogerpon|Protect|p1b: Ogerpon\n|-singleturn|p1b: Ogerpon|Protect\n|move|p1a: Salamence|Tailwind|p1a: Salamence\n|-sidestart|p1: impastabot4000|move: Tailwind\n|move|p2a: Carnival|Ice Spinner|p1a: Salamence\n|-supereffective|p1a: Salamence\n|-damage|p1a: Salamence|21\/100 brn\n|move|p2b: L\u016b\u02bbau|Dragon Dance|p2b: L\u016b\u02bbau\n|-boost|p2b: L\u016b\u02bbau|atk|1\n|-boost|p2b: L\u016b\u02bbau|spe|1\n|\n|-damage|p1a: Salamence|15\/100 brn|[from] brn\n|upkeep\n|turn|3\n|\n|t:|1696368022\n|move|p1a: Salamence|Frustration|p2b: L\u016b\u02bbau\n|-supereffective|p2b: L\u016b\u02bbau\n|-damage|p2b: L\u016b\u02bbau|41\/100\n|move|p1b: Ogerpon|Wood Hammer|p2a: Carnival\n|-supereffective|p2a: Carnival\n|-enditem|p2a: Carnival|Focus Sash\n|-damage|p2a: Carnival|1\/100\n|-damage|p1b: Ogerpon|67\/100|[from] Recoil\n|move|p2b: L\u016b\u02bbau|Drain Punch|p1b: Ogerpon\n|-supereffective|p1b: Ogerpon\n|-damage|p1b: Ogerpon|0 fnt\n|-heal|p2b: L\u016b\u02bbau|75\/100|[from] drain|[of] p1b: Ogerpon\n|faint|p1b: Ogerpon\n|move|p2a: Carnival|Aqua Step|p1a: Salamence\n|-resisted|p1a: Salamence\n|-damage|p1a: Salamence|1\/100 brn\n|-boost|p2a: Carnival|spe|1\n|\n|-heal|p2b: L\u016b\u02bbau|81\/100|[from] item: Leftovers\n|-damage|p1a: Salamence|0 fnt|[from] brn\n|faint|p1a: Salamence\n|upkeep\n|inactive|impastabot4000 has 120 seconds left.\n|\n|t:|1696368051\n|switch|p1a: Flutter Mane|Flutter Mane|100\/100\n|switch|p1b: Chien-Pao|Chien-Pao|100\/100\n|-ability|p1b: Chien-Pao|Sword of Ruin\n|turn|4\n|inactive|impastabot4000 has 120 seconds left.\n|\n|t:|1696368069\n|move|p1b: Chien-Pao|Sucker Punch|p2a: Carnival\n|-resisted|p2a: Carnival\n|-damage|p2a: Carnival|0 fnt\n|faint|p2a: Carnival\n|move|p1a: Flutter Mane|Dazzling Gleam|p2b: L\u016b\u02bbau\n|-supereffective|p2b: L\u016b\u02bbau\n|-damage|p2b: L\u016b\u02bbau|0 fnt\n|faint|p2b: L\u016b\u02bbau\n|\n|upkeep\n|c|\u2606impastabot4000|gg\n|\n|t:|1696368078\n|switch|p2a: Takes 2 to Tango|Maushold-Four|100\/100\n|switch|p2b: Hula|Bellossom, F, shiny|100\/100\n|turn|5\n|\n|t:|1696368089\n|-terastallize|p1a: Flutter Mane|Fairy\n|-terastallize|p2a: Takes 2 to Tango|Normal\n|move|p1a: Flutter Mane|Dazzling Gleam|p2b: Hula|[spread] p2a,p2b\n|-crit|p2b: Hula\n|-damage|p2a: Takes 2 to Tango|4\/100\n|-damage|p2b: Hula|39\/100\n|move|p1b: Chien-Pao|Ice Spinner|p2b: Hula\n|-supereffective|p2b: Hula\n|-damage|p2b: Hula|0 fnt\n|faint|p2b: Hula\n|move|p2a: Takes 2 to Tango|Population Bomb|p1b: Chien-Pao\n|-damage|p1b: Chien-Pao|86\/100\n|-damage|p1b: Chien-Pao|72\/100\n|-damage|p1b: Chien-Pao|58\/100\n|-damage|p1b: Chien-Pao|44\/100\n|-damage|p1b: Chien-Pao|31\/100\n|-damage|p1b: Chien-Pao|16\/100\n|-damage|p1b: Chien-Pao|1\/100\n|-damage|p1b: Chien-Pao|0 fnt\n|faint|p1b: Chien-Pao\n|-hitcount|p1: Chien-Pao|8\n|\n|-sideend|p1: impastabot4000|move: Tailwind\n|upkeep\n|\n|t:|1696368111\n|switch|p1b: Rillaboom|Rillaboom, M|100\/100\n|-fieldstart|move: Grassy Terrain|[from] ability: Grassy Surge|[of] p1b: Rillaboom\n|turn|6\n|c|\u2606BugCatcherJameson|gg\n|\n|t:|1696368117\n|move|p1b: Rillaboom|Fake Out|p2a: Takes 2 to Tango\n|-damage|p2a: Takes 2 to Tango|0 fnt\n|faint|p2a: Takes 2 to Tango\n|\n|win|impastabot4000\n|raw|impastabot4000's rating: 1226 &rarr; <strong>1256<\/strong><br \/>(+30 for winning)\n|raw|BugCatcherJameson's rating: 1296 &rarr; <strong>1266<\/strong><br \/>(-30 for losing)\n|l|\u2606BugCatcherJameson\n","uploadtime":1696368125,"views":18,"p1id":"impastabot4000","p2id":"bugcatcherjameson","formatid":"gen9nationaldexdoubles","rating":1256,"private":0,"password":""}