{"id":"gen9nationaldexdoubles-1965550967","p1":"Tinyexplosion","p2":"Billcosby123456","format":"[Gen 9] National Dex Doubles","log":"|j|\u2606Tinyexplosion\n|j|\u2606Billcosby123456\n|t:|1697086670\n|gametype|doubles\n|player|p1|Tinyexplosion|101|\n|player|p2|Billcosby123456|hilbert|\n|teamsize|p1|6\n|teamsize|p2|6\n|gen|9\n|tier|[Gen 9] National Dex Doubles\n|rule|HP Percentage Mod: HP is shown in percentages\n|rule|Endless Battle Clause: Forcing endless battles is banned\n|rule|OHKO Clause: OHKO moves are banned\n|rule|Evasion Moves Clause: Evasion moves are banned\n|rule|Evasion Abilities Clause: Evasion abilities are banned\n|rule|Species Clause: Limit one of each Pok\u00e9mon\n|rule|Gravity Sleep Clause: The combination of sleep-inducing moves with imperfect accuracy and Gravity or Gigantamax Orbeetle are banned\n|clearpoke\n|poke|p1|Absol, M|\n|poke|p1|Ninetales-Alola, M|\n|poke|p1|Simisage, M|\n|poke|p1|Liepard, F|\n|poke|p1|Pyroar, M|\n|poke|p1|Mr. Rime, M|\n|poke|p2|Alcremie-Rainbow-Swirl, F|\n|poke|p2|Beautifly, M|\n|poke|p2|Cryogonal|\n|poke|p2|Bruxish, M|\n|poke|p2|Copperajah, M|\n|poke|p2|Ampharos, M|\n|teampreview\n|\n|t:|1697086722\n|start\n|switch|p1a: Ninetales|Ninetales-Alola, M|100\/100\n|switch|p1b: Mr. Rime|Mr. Rime, M|100\/100\n|switch|p2a: Bruxish|Bruxish, M|100\/100\n|switch|p2b: Ampharos|Ampharos, M, shiny|100\/100\n|-weather|Snow|[from] ability: Snow Warning|[of] p1a: Ninetales\n|turn|1\n|\n|t:|1697086748\n|-terastallize|p2a: Bruxish|Fire\n|move|p1a: Ninetales|Aurora Veil|p1a: Ninetales\n|-sidestart|p1: Tinyexplosion|move: Aurora Veil\n|move|p2a: Bruxish|Psychic Fangs|p1a: Ninetales\n|-sideend|p1: Tinyexplosion|move: Aurora Veil\n|-damage|p1a: Ninetales|63\/100\n|move|p1b: Mr. Rime|Blizzard|p2b: Ampharos|[spread] p2a,p2b\n|-resisted|p2a: Bruxish\n|-damage|p2a: Bruxish|58\/100\n|-damage|p2b: Ampharos|67\/100\n|-status|p2a: Bruxish|frz\n|move|p2b: Ampharos|Power Gem|p1a: Ninetales\n|-supereffective|p1a: Ninetales\n|-damage|p1a: Ninetales|0 fnt\n|faint|p1a: Ninetales\n|\n|-weather|Snow|[upkeep]\n|-heal|p2a: Bruxish|64\/100 frz|[from] item: Leftovers\n|upkeep\n|\n|t:|1697086769\n|switch|p1a: Liepard|Liepard, F|100\/100\n|turn|2\n|\n|t:|1697086819\n|move|p1a: Liepard|Fake Out||[still]\n|cant|p2a: Bruxish|ability: Dazzling|Fake Out|[of] p1a: Liepard\n|cant|p2a: Bruxish|frz\n|move|p1b: Mr. Rime|Calm Mind|p1b: Mr. Rime\n|-boost|p1b: Mr. Rime|spa|1\n|-boost|p1b: Mr. Rime|spd|1\n|move|p2b: Ampharos|Power Gem|p1b: Mr. Rime\n|-supereffective|p1b: Mr. Rime\n|-damage|p1b: Mr. Rime|66\/100\n|\n|-weather|Snow|[upkeep]\n|-heal|p1b: Mr. Rime|72\/100|[from] ability: Ice Body\n|-heal|p2a: Bruxish|70\/100 frz|[from] item: Leftovers\n|upkeep\n|turn|3\n|\n|t:|1697086844\n|-terastallize|p1b: Mr. Rime|Ice\n|move|p1a: Liepard|Lash Out|p2b: Ampharos\n|-damage|p2b: Ampharos|35\/100\n|-status|p1a: Liepard|par|[from] ability: Static|[of] p2b: Ampharos\n|cant|p2a: Bruxish|frz\n|move|p1b: Mr. Rime|Blizzard|p2b: Ampharos|[spread] p2a,p2b\n|-resisted|p2a: Bruxish\n|-damage|p2a: Bruxish|0 fnt\n|-damage|p2b: Ampharos|0 fnt\n|faint|p2a: Bruxish\n|faint|p2b: Ampharos\n|\n|-weather|Snow|[upkeep]\n|-heal|p1b: Mr. Rime|78\/100|[from] ability: Ice Body\n|upkeep\n|\n|t:|1697086869\n|switch|p2a: Copperajah|Copperajah, M|100\/100\n|switch|p2b: Cryogonal|Cryogonal, shiny|100\/100\n|turn|4\n|\n|t:|1697086885\n|cant|p1a: Liepard|par\n|move|p2b: Cryogonal|Reflect|p2b: Cryogonal\n|-sidestart|p2: Billcosby123456|Reflect\n|move|p1b: Mr. Rime|Blizzard|p2b: Cryogonal|[spread] p2a,p2b\n|-resisted|p2a: Copperajah\n|-resisted|p2b: Cryogonal\n|-damage|p2a: Copperajah|52\/100\n|-damage|p2b: Cryogonal|55\/100\n|move|p2a: Copperajah|Iron Head|p1b: Mr. Rime\n|-supereffective|p1b: Mr. Rime\n|-damage|p1b: Mr. Rime|0 fnt\n|faint|p1b: Mr. Rime\n|\n|-weather|Snow|[upkeep]\n|upkeep\n|\n|t:|1697086896\n|switch|p1b: Pyroar|Pyroar, M|100\/100\n|-ability|p1b: Pyroar|Unnerve\n|turn|5\n|\n|t:|1697086936\n|move|p1b: Pyroar|Protect|p1b: Pyroar\n|-singleturn|p1b: Pyroar|Protect\n|move|p2a: Copperajah|Protect|p2a: Copperajah\n|-singleturn|p2a: Copperajah|Protect\n|move|p1a: Liepard|Taunt|p2b: Cryogonal\n|-start|p2b: Cryogonal|move: Taunt\n|move|p2b: Cryogonal|Ice Beam|p1a: Liepard\n|-damage|p1a: Liepard|13\/100 par\n|\n|-weather|none\n|upkeep\n|turn|6\n|\n|t:|1697086956\n|switch|p1a: Absol|Absol, M|100\/100\n|move|p2b: Cryogonal|Ice Beam|p1a: Absol\n|-damage|p1a: Absol|63\/100\n|move|p1b: Pyroar|Heat Wave|p2b: Cryogonal|[spread] p2a,p2b\n|-supereffective|p2a: Copperajah\n|-supereffective|p2b: Cryogonal\n|-damage|p2a: Copperajah|0 fnt\n|-damage|p2b: Cryogonal|1\/100\n|faint|p2a: Copperajah\n|\n|upkeep\n|\n|t:|1697086965\n|switch|p2a: Beautifly|Beautifly, M|100\/100\n|turn|7\n|\n|t:|1697086981\n|move|p2b: Cryogonal|Ice Beam|p1a: Absol\n|-damage|p1a: Absol|22\/100\n|-status|p1a: Absol|frz\n|move|p1b: Pyroar|Heat Wave|p2b: Cryogonal|[spread] p2a,p2b\n|-supereffective|p2a: Beautifly\n|-supereffective|p2b: Cryogonal\n|-enditem|p2a: Beautifly|Focus Sash\n|-damage|p2a: Beautifly|1\/100\n|-damage|p2b: Cryogonal|0 fnt\n|faint|p2b: Cryogonal\n|move|p2a: Beautifly|Stun Spore|p1b: Pyroar\n|-status|p1b: Pyroar|par\n|-curestatus|p1a: Absol|frz|[msg]\n|move|p1a: Absol|Knock Off|p2a: Beautifly\n|-damage|p2a: Beautifly|0 fnt\n|faint|p2a: Beautifly\n|\n|upkeep\n|\n|t:|1697087014\n|switch|p2a: Alcremie|Alcremie-Rainbow-Swirl, F|100\/100\n|turn|8\n|\n|t:|1697087022\n|move|p1a: Absol|Knock Off|p2a: Alcremie\n|-resisted|p2a: Alcremie\n|-damage|p2a: Alcremie|84\/100\n|-enditem|p2a: Alcremie|Leftovers|[from] move: Knock Off|[of] p1a: Absol\n|move|p2a: Alcremie|Calm Mind|p2a: Alcremie\n|-boost|p2a: Alcremie|spa|1\n|-boost|p2a: Alcremie|spd|1\n|cant|p1b: Pyroar|par\n|\n|-sideend|p2: Billcosby123456|Reflect\n|upkeep\n|turn|9\n|\n|t:|1697087041\n|move|p1a: Absol|Body Slam|p2a: Alcremie\n|-damage|p2a: Alcremie|53\/100\n|move|p2a: Alcremie|Recover|p2a: Alcremie\n|-heal|p2a: Alcremie|100\/100\n|cant|p1b: Pyroar|par\n|\n|upkeep\n|turn|10\n|\n|t:|1697087050\n|switch|p1b: Simisage|Simisage, M|100\/100\n|move|p1a: Absol|Body Slam|p2a: Alcremie\n|-damage|p2a: Alcremie|73\/100\n|move|p2a: Alcremie|Dazzling Gleam|p1b: Simisage|[spread] p1a,p1b\n|-supereffective|p1a: Absol\n|-damage|p1a: Absol|0 fnt\n|-damage|p1b: Simisage|47\/100\n|-enditem|p1b: Simisage|Aguav Berry|[eat]\n|-heal|p1b: Simisage|80\/100|[from] item: Aguav Berry\n|faint|p1a: Absol\n|\n|upkeep\n|\n|t:|1697087061\n|switch|p1a: Liepard|Liepard, F|13\/100 par\n|turn|11\n|\n|t:|1697087091\n|move|p2a: Alcremie|Protect|p2a: Alcremie\n|-singleturn|p2a: Alcremie|Protect\n|cant|p1a: Liepard|par\n|move|p1b: Simisage|Seed Bomb|p2a: Alcremie\n|-activate|p2a: Alcremie|move: Protect\n|\n|upkeep\n|turn|12\n|\n|t:|1697087110\n|move|p1a: Liepard|Taunt|p2a: Alcremie\n|-start|p2a: Alcremie|move: Taunt\n|move|p1b: Simisage|Seed Bomb|p2a: Alcremie\n|-damage|p2a: Alcremie|41\/100\n|move|p2a: Alcremie|Dazzling Gleam|p1b: Simisage|[spread] p1a,p1b\n|-supereffective|p1a: Liepard\n|-crit|p1b: Simisage\n|-damage|p1a: Liepard|0 fnt\n|-damage|p1b: Simisage|0 fnt\n|faint|p1a: Liepard\n|faint|p1b: Simisage\n|\n|upkeep\n|\n|t:|1697087123\n|switch|p1a: Pyroar|Pyroar, M|100\/100 par\n|-ability|p1a: Pyroar|Unnerve\n|turn|13\n|\n|t:|1697087142\n|move|p2a: Alcremie|Dazzling Gleam|p1a: Pyroar\n|-resisted|p1a: Pyroar\n|-damage|p1a: Pyroar|68\/100 par\n|move|p1a: Pyroar|Heat Wave|p2a: Alcremie\n|-damage|p2a: Alcremie|16\/100\n|-status|p2a: Alcremie|brn\n|\n|-damage|p2a: Alcremie|10\/100 brn|[from] brn\n|upkeep\n|turn|14\n|\n|t:|1697087153\n|cant|p1a: Pyroar|par\n|move|p2a: Alcremie|Dazzling Gleam|p1a: Pyroar\n|-resisted|p1a: Pyroar\n|-damage|p1a: Pyroar|37\/100 par\n|-enditem|p1a: Pyroar|Sitrus Berry|[eat]\n|-heal|p1a: Pyroar|62\/100 par|[from] item: Sitrus Berry\n|\n|-damage|p2a: Alcremie|4\/100 brn|[from] brn\n|-end|p2a: Alcremie|move: Taunt\n|upkeep\n|turn|15\n|\n|t:|1697087162\n|move|p2a: Alcremie|Recover|p2a: Alcremie\n|-heal|p2a: Alcremie|54\/100 brn\n|cant|p1a: Pyroar|par\n|\n|-damage|p2a: Alcremie|48\/100 brn|[from] brn\n|upkeep\n|turn|16\n|\n|t:|1697087169\n|move|p1a: Pyroar|Protect|p1a: Pyroar\n|-singleturn|p1a: Pyroar|Protect\n|move|p2a: Alcremie|Calm Mind|p2a: Alcremie\n|-boost|p2a: Alcremie|spa|1\n|-boost|p2a: Alcremie|spd|1\n|\n|-damage|p2a: Alcremie|42\/100 brn|[from] brn\n|upkeep\n|turn|17\n|\n|t:|1697087177\n|move|p2a: Alcremie|Recover|p2a: Alcremie\n|-heal|p2a: Alcremie|92\/100 brn\n|move|p1a: Pyroar|Heat Wave|p2a: Alcremie\n|-damage|p2a: Alcremie|75\/100 brn\n|\n|-damage|p2a: Alcremie|69\/100 brn|[from] brn\n|upkeep\n|turn|18\n|\n|t:|1697087184\n|move|p2a: Alcremie|Dazzling Gleam|p1a: Pyroar\n|-resisted|p1a: Pyroar\n|-damage|p1a: Pyroar|15\/100 par\n|cant|p1a: Pyroar|par\n|\n|-damage|p2a: Alcremie|63\/100 brn|[from] brn\n|upkeep\n|turn|19\n|\n|t:|1697087198\n|move|p1a: Pyroar|Protect|p1a: Pyroar\n|-singleturn|p1a: Pyroar|Protect\n|move|p2a: Alcremie|Recover|p2a: Alcremie\n|-heal|p2a: Alcremie|100\/100 brn\n|\n|-damage|p2a: Alcremie|95\/100 brn|[from] brn\n|upkeep\n|turn|20\n|\n|t:|1697087205\n|move|p2a: Alcremie|Dazzling Gleam|p1a: Pyroar\n|-resisted|p1a: Pyroar\n|-damage|p1a: Pyroar|0 fnt\n|faint|p1a: Pyroar\n|\n|win|Billcosby123456\n|l|\u2606Tinyexplosion\n","uploadtime":1697087226,"views":12,"p1id":"tinyexplosion","p2id":"billcosby123456","formatid":"gen9nationaldexdoubles","rating":0,"private":0,"password":""}