{"id":"gen9nationaldexdoubles-1982081577","p1":"TheBosses27","p2":"LordHisuiArk","format":"[Gen 9] National Dex Doubles","log":"|j|\u2606TheBosses27\n|j|\u2606LordHisuiArk\n|t:|1698965965\n|gametype|doubles\n|player|p1|TheBosses27|bruno|1226\n|player|p2|LordHisuiArk|169|1195\n|teamsize|p1|6\n|teamsize|p2|6\n|gen|9\n|tier|[Gen 9] National Dex Doubles\n|rated|\n|rule|HP Percentage Mod: HP is shown in percentages\n|rule|Endless Battle Clause: Forcing endless battles is banned\n|rule|OHKO Clause: OHKO moves are banned\n|rule|Evasion Moves Clause: Evasion moves are banned\n|rule|Evasion Abilities Clause: Evasion abilities are banned\n|rule|Species Clause: Limit one of each Pok\u00e9mon\n|rule|Gravity Sleep Clause: The combination of sleep-inducing moves with imperfect accuracy and Gravity or Gigantamax Orbeetle are banned\n|clearpoke\n|poke|p1|Metagross|\n|poke|p1|Bronzong|\n|poke|p1|Malamar, M|\n|poke|p1|Cresselia, F|\n|poke|p1|Escavalier, M|\n|poke|p1|Empoleon, F|\n|poke|p2|Aggron, F|\n|poke|p2|Ogerpon-Wellspring, F|\n|poke|p2|Garganacl, M|\n|poke|p2|Kommo-o, F|\n|poke|p2|Urshifu-*, F|\n|poke|p2|Heatran, M|\n|teampreview\n|inactive|Battle timer is ON: inactive players will automatically lose when time's up. (requested by LordHisuiArk)\n|inactive|TheBosses27 also wants the timer to be on.\n|\n|t:|1698965975\n|start\n|switch|p1a: Cresselia|Cresselia, F|100\/100\n|switch|p1b: Empoleon|Empoleon, F|100\/100\n|switch|p2a: Ogerpon|Ogerpon-Wellspring, F|100\/100\n|switch|p2b: Urshifu|Urshifu-Rapid-Strike, F|100\/100\n|turn|1\n|\n|t:|1698965989\n|move|p2a: Ogerpon|Follow Me|p2a: Ogerpon\n|-singleturn|p2a: Ogerpon|move: Follow Me\n|move|p2b: Urshifu|Drain Punch|p1b: Empoleon\n|-supereffective|p1b: Empoleon\n|-damage|p1b: Empoleon|25\/100\n|move|p1a: Cresselia|Lunar Blessing|p1a: Cresselia|[spread] p1a,p1b\n|-heal|p1b: Empoleon|50\/100\n|move|p1b: Empoleon|Scald|p2a: Ogerpon\n|-immune|p2a: Ogerpon|[from] ability: Water Absorb\n|\n|-heal|p1b: Empoleon|56\/100|[from] item: Leftovers\n|upkeep\n|turn|2\n|\n|t:|1698966004\n|switch|p1b: Escavalier|Escavalier, M|100\/100\n|move|p2a: Ogerpon|Follow Me|p2a: Ogerpon\n|-singleturn|p2a: Ogerpon|move: Follow Me\n|move|p2b: Urshifu|Drain Punch|p1b: Escavalier\n|-damage|p1b: Escavalier|60\/100\n|move|p1a: Cresselia|Trick Room|p1a: Cresselia\n|-fieldstart|move: Trick Room|[of] p1a: Cresselia\n|\n|upkeep\n|turn|3\n|\n|t:|1698966022\n|switch|p2b: Heatran|Heatran, M|100\/100\n|move|p1b: Escavalier|Megahorn|p2a: Ogerpon\n|-supereffective|p2a: Ogerpon\n|-damage|p2a: Ogerpon|0 fnt\n|faint|p2a: Ogerpon\n|move|p1a: Cresselia|Lunar Blessing|p1a: Cresselia|[spread] p1a,p1b\n|-heal|p1b: Escavalier|85\/100\n|\n|upkeep\n|\n|t:|1698966037\n|switch|p2a: Garganacl|Garganacl, M, shiny|100\/100\n|turn|4\n|\n|t:|1698966045\n|-terastallize|p1b: Escavalier|Fire\n|-terastallize|p2b: Heatran|Fire\n|move|p1a: Cresselia|Protect|p1a: Cresselia\n|-singleturn|p1a: Cresselia|Protect\n|move|p1b: Escavalier|Knock Off|p2b: Heatran\n|-damage|p2b: Heatran|74\/100\n|-enditem|p2b: Heatran|Choice Specs|[from] move: Knock Off|[of] p1b: Escavalier\n|move|p2a: Garganacl|Salt Cure|p1b: Escavalier\n|-supereffective|p1b: Escavalier\n|-damage|p1b: Escavalier|50\/100\n|-start|p1b: Escavalier|Salt Cure\n|move|p2b: Heatran|Eruption|p1b: Escavalier|[spread] p1b\n|-activate|p1a: Cresselia|move: Protect\n|-resisted|p1b: Escavalier\n|-damage|p1b: Escavalier|34\/100\n|\n|-damage|p1b: Escavalier|22\/100|[from] Salt Cure\n|upkeep\n|turn|5\n|\n|t:|1698966068\n|move|p2a: Garganacl|Protect|p2a: Garganacl\n|-singleturn|p2a: Garganacl|Protect\n|move|p2b: Heatran|Protect|p2b: Heatran\n|-singleturn|p2b: Heatran|Protect\n|move|p1b: Escavalier|Knock Off|p2a: Garganacl\n|-activate|p2a: Garganacl|move: Protect\n|move|p1a: Cresselia|Moonblast|p2a: Garganacl\n|-activate|p2a: Garganacl|move: Protect\n|\n|-damage|p1b: Escavalier|9\/100|[from] Salt Cure\n|upkeep\n|turn|6\n|\n|t:|1698966086\n|move|p1a: Cresselia|Protect|p1a: Cresselia\n|-singleturn|p1a: Cresselia|Protect\n|move|p1b: Escavalier|Knock Off|p2a: Garganacl\n|-damage|p2a: Garganacl|80\/100\n|-enditem|p2a: Garganacl|Leftovers|[from] move: Knock Off|[of] p1b: Escavalier\n|move|p2a: Garganacl|Salt Cure|p1a: Cresselia\n|-activate|p1a: Cresselia|move: Protect\n|move|p2b: Heatran|Flash Cannon|p1a: Cresselia\n|-activate|p1a: Cresselia|move: Protect\n|\n|-damage|p1b: Escavalier|0 fnt|[from] Salt Cure\n|faint|p1b: Escavalier\n|-fieldend|move: Trick Room\n|upkeep\n|\n|t:|1698966104\n|switch|p1b: Empoleon|Empoleon, F|56\/100\n|turn|7\n|\n|t:|1698966121\n|move|p2b: Heatran|Eruption|p1a: Cresselia|[spread] p1a,p1b\n|-damage|p1a: Cresselia|69\/100\n|-damage|p1b: Empoleon|4\/100\n|move|p1b: Empoleon|Water Sport|p1b: Empoleon\n|-fieldstart|move: Water Sport|[of] p1b: Empoleon\n|move|p2a: Garganacl|Salt Cure|p1b: Empoleon\n|-resisted|p1b: Empoleon\n|-damage|p1b: Empoleon|0 fnt\n|faint|p1b: Empoleon\n|move|p1a: Cresselia|Trick Room|p1a: Cresselia\n|-fieldstart|move: Trick Room|[of] p1a: Cresselia\n|\n|upkeep\n|\n|t:|1698966128\n|switch|p1b: Malamar|Malamar, M|100\/100\n|turn|8\n|\n|t:|1698966142\n|move|p2a: Garganacl|Salt Cure|p1a: Cresselia\n|-damage|p1a: Cresselia|57\/100\n|-start|p1a: Cresselia|Salt Cure\n|move|p1b: Malamar|Superpower|p2b: Heatran\n|-damage|p2b: Heatran|52\/100\n|-boost|p1b: Malamar|atk|1\n|-boost|p1b: Malamar|def|1\n|move|p2b: Heatran|Eruption|p1b: Malamar|[spread] p1a,p1b\n|-damage|p1a: Cresselia|50\/100\n|-damage|p1b: Malamar|84\/100\n|move|p1a: Cresselia|Moonblast|p2b: Heatran\n|-resisted|p2b: Heatran\n|-damage|p2b: Heatran|45\/100\n|-unboost|p2b: Heatran|spa|1\n|\n|-damage|p1a: Cresselia|37\/100|[from] Salt Cure\n|upkeep\n|turn|9\n|inactive|LordHisuiArk has 120 seconds left.\n|\n|t:|1698966174\n|move|p2b: Heatran|Protect|p2b: Heatran\n|-singleturn|p2b: Heatran|Protect\n|move|p2a: Garganacl|Salt Cure|p1b: Malamar\n|-damage|p1b: Malamar|75\/100\n|-start|p1b: Malamar|Salt Cure\n|move|p1b: Malamar|Superpower|p2b: Heatran\n|-activate|p2b: Heatran|move: Protect\n|move|p1a: Cresselia|Lunar Blessing|p1a: Cresselia|[spread] p1a,p1b\n|-heal|p1a: Cresselia|62\/100\n|-heal|p1b: Malamar|99\/100\n|\n|-damage|p1b: Malamar|88\/100|[from] Salt Cure\n|-damage|p1a: Cresselia|50\/100|[from] Salt Cure\n|upkeep\n|turn|10\n|\n|t:|1698966202\n|move|p2a: Garganacl|Earthquake|p1a: Cresselia|[spread] p2b,p1b\n|-immune|p1a: Cresselia|[from] ability: Levitate\n|-supereffective|p2b: Heatran\n|-damage|p2b: Heatran|4\/100\n|-damage|p1b: Malamar|77\/100\n|move|p1b: Malamar|Superpower|p2b: Heatran\n|-damage|p2b: Heatran|0 fnt\n|-boost|p1b: Malamar|atk|1\n|-boost|p1b: Malamar|def|1\n|faint|p2b: Heatran\n|move|p1a: Cresselia|Moonblast|p2a: Garganacl\n|-damage|p2a: Garganacl|64\/100\n|\n|-damage|p1b: Malamar|64\/100|[from] Salt Cure\n|-damage|p1a: Cresselia|37\/100|[from] Salt Cure\n|upkeep\n|inactive|LordHisuiArk has 120 seconds left.\n|\n|t:|1698966218\n|switch|p2b: Kommo-o|Kommo-o, F|100\/100\n|turn|11\n|\n|t:|1698966225\n|move|p2a: Garganacl|Salt Cure|p1a: Cresselia\n|-damage|p1a: Cresselia|24\/100\n|move|p1b: Malamar|Superpower|p2a: Garganacl\n|-supereffective|p2a: Garganacl\n|-damage|p2a: Garganacl|0 fnt\n|-boost|p1b: Malamar|atk|1\n|-boost|p1b: Malamar|def|1\n|faint|p2a: Garganacl\n|move|p1a: Cresselia|Moonblast|p2b: Kommo-o\n|-supereffective|p2b: Kommo-o\n|-damage|p2b: Kommo-o|28\/100\n|-unboost|p2b: Kommo-o|spa|1\n|-zpower|p2b: Kommo-o\n|move|p2b: Kommo-o|Clangorous Soulblaze|p1a: Cresselia|[zeffect]|[spread] p1a,p1b\n|-damage|p1a: Cresselia|10\/100\n|-damage|p1b: Malamar|31\/100\n|-enditem|p1b: Malamar|Sitrus Berry|[eat]\n|-heal|p1b: Malamar|56\/100|[from] item: Sitrus Berry\n|-boost|p2b: Kommo-o|atk|1\n|-boost|p2b: Kommo-o|def|1\n|-boost|p2b: Kommo-o|spa|1\n|-boost|p2b: Kommo-o|spd|1\n|-boost|p2b: Kommo-o|spe|1\n|\n|-damage|p1b: Malamar|43\/100|[from] Salt Cure\n|-damage|p1a: Cresselia|0 fnt|[from] Salt Cure\n|faint|p1a: Cresselia\n|-fieldend|move: Trick Room\n|-fieldend|move: Water Sport\n|upkeep\n|\n|t:|1698966253\n|switch|p1a: Bronzong|Bronzong|100\/100\n|switch|p2a: Urshifu|Urshifu-Rapid-Strike, F|100\/100\n|turn|12\n|\n|t:|1698966265\n|move|p2a: Urshifu|Surging Strikes|p1b: Malamar\n|-crit|p1b: Malamar\n|-damage|p1b: Malamar|30\/100\n|-crit|p1b: Malamar\n|-damage|p1b: Malamar|16\/100\n|-crit|p1b: Malamar\n|-damage|p1b: Malamar|1\/100\n|-hitcount|p1b: Malamar|3\n|move|p2b: Kommo-o|Drain Punch|p1a: Bronzong\n|-damage|p1a: Bronzong|66\/100\n|-heal|p2b: Kommo-o|48\/100|[from] drain|[of] p1a: Bronzong\n|move|p1b: Malamar|Superpower|p2b: Kommo-o\n|-crit|p2b: Kommo-o\n|-damage|p2b: Kommo-o|0 fnt\n|-boost|p1b: Malamar|atk|1\n|-boost|p1b: Malamar|def|1\n|faint|p2b: Kommo-o\n|-zpower|p1a: Bronzong\n|move|p1a: Bronzong|Z-Trick Room|p1a: Bronzong|[anim]Trick Room\n|-boost|p1a: Bronzong|accuracy|1|[zeffect]\n|-fieldstart|move: Trick Room|[of] p1a: Bronzong\n|\n|-damage|p1b: Malamar|0 fnt|[from] Salt Cure\n|faint|p1b: Malamar\n|upkeep\n|\n|t:|1698966287\n|switch|p1b: Metagross|Metagross, shiny|100\/100\n|switch|p2b: Aggron|Aggron, F|100\/100\n|turn|13\n|inactive|LordHisuiArk has 120 seconds left.\n|\n|t:|1698966318\n|detailschange|p2b: Aggron|Aggron-Mega, F\n|-mega|p2b: Aggron|Aggron|Aggronite\n|move|p1a: Bronzong|Hypnosis|p2a: Urshifu\n|-status|p2a: Urshifu|slp|[from] move: Hypnosis\n|move|p2b: Aggron|Dragon Claw|p1a: Bronzong\n|-resisted|p1a: Bronzong\n|-damage|p1a: Bronzong|56\/100\n|move|p1b: Metagross|Hammer Arm|p2b: Aggron\n|-supereffective|p2b: Aggron\n|-damage|p2b: Aggron|77\/100\n|-unboost|p1b: Metagross|spe|1\n|cant|p2a: Urshifu|slp\n|\n|upkeep\n|turn|14\n|\n|t:|1698966340\n|move|p1a: Bronzong|Bulldoze|p2a: Urshifu|[spread] p1b,p2a,p2b\n|-supereffective|p1b: Metagross\n|-supereffective|p2b: Aggron\n|-damage|p1b: Metagross|87\/100\n|-damage|p2a: Urshifu|91\/100 slp\n|-damage|p2b: Aggron|70\/100\n|-unboost|p2a: Urshifu|spe|1\n|-unboost|p2b: Aggron|spe|1\n|-enditem|p1b: Metagross|Weakness Policy\n|-boost|p1b: Metagross|atk|2|[from] item: Weakness Policy\n|-boost|p1b: Metagross|spa|2|[from] item: Weakness Policy\n|move|p2b: Aggron|Steel Beam|p1b: Metagross\n|-resisted|p1b: Metagross\n|-damage|p1b: Metagross|74\/100\n|-damage|p2b: Aggron|20\/100|[from] steelbeam\n|move|p1b: Metagross|Hammer Arm|p2b: Aggron\n|-supereffective|p2b: Aggron\n|-damage|p2b: Aggron|0 fnt\n|-unboost|p1b: Metagross|spe|1\n|faint|p2b: Aggron\n|cant|p2a: Urshifu|slp\n|\n|upkeep\n|turn|15\n|\n|t:|1698966360\n|cant|p2a: Urshifu|slp\n|move|p1a: Bronzong|Gyro Ball|p2a: Urshifu\n|-resisted|p2a: Urshifu\n|-damage|p2a: Urshifu|77\/100 slp\n|move|p1b: Metagross|Hammer Arm|p2a: Urshifu\n|-damage|p2a: Urshifu|11\/100 slp\n|-unboost|p1b: Metagross|spe|1\n|\n|upkeep\n|turn|16\n|\n|t:|1698966373\n|move|p1b: Metagross|Hammer Arm|p2a: Urshifu\n|-damage|p2a: Urshifu|0 fnt\n|-unboost|p1b: Metagross|spe|1\n|faint|p2a: Urshifu\n|\n|win|TheBosses27\n|raw|TheBosses27's rating: 1226 &rarr; <strong>1249<\/strong><br \/>(+23 for winning)\n|raw|LordHisuiArk's rating: 1195 &rarr; <strong>1172<\/strong><br \/>(-23 for losing)\n","uploadtime":1698966382,"views":5,"p1id":"thebosses27","p2id":"lordhisuiark","formatid":"gen9nationaldexdoubles","rating":1172,"private":0,"password":""}