{"id":"gen9nationaldexdoubles-1963668930","p1":"InsertSampleText","p2":"thundervoltss","format":"[Gen 9] National Dex Doubles","log":"|j|\u2606InsertSampleText\n|j|\u2606thundervoltss\n|t:|1696888179\n|gametype|doubles\n|player|p1|InsertSampleText|unknown|1286\n|player|p2|thundervoltss|elesa-masters|1357\n|teamsize|p1|6\n|teamsize|p2|6\n|gen|9\n|tier|[Gen 9] National Dex Doubles\n|rated|\n|rule|HP Percentage Mod: HP is shown in percentages\n|rule|Endless Battle Clause: Forcing endless battles is banned\n|rule|OHKO Clause: OHKO moves are banned\n|rule|Evasion Moves Clause: Evasion moves are banned\n|rule|Evasion Abilities Clause: Evasion abilities are banned\n|rule|Species Clause: Limit one of each Pok\u00e9mon\n|rule|Gravity Sleep Clause: The combination of sleep-inducing moves with imperfect accuracy and Gravity or Gigantamax Orbeetle are banned\n|clearpoke\n|poke|p1|Lopunny, F|\n|poke|p1|Latias, F|\n|poke|p1|Manaphy|\n|poke|p1|Corviknight, M|\n|poke|p1|Breloom, M|\n|poke|p1|Hatterene, F|\n|poke|p2|Stakataka|\n|poke|p2|Whimsicott, F|\n|poke|p2|Lurantis, F|\n|poke|p2|Iron Hands|\n|poke|p2|Flutter Mane|\n|poke|p2|Basculegion, M|\n|teampreview\n|c|\u2606thundervoltss|dude this is doubles\n|\n|t:|1696888210\n|start\n|switch|p1a: Fuchsia Fighter|Lopunny, F, shiny|100\/100\n|switch|p1b: Kangaloom|Breloom, M|100\/100\n|switch|p2a: Her crush|Whimsicott, F|100\/100\n|switch|p2b: Their.. dog?|Basculegion, M|100\/100\n|turn|1\n|c|\u2606InsertSampleText|cool\n|\n|t:|1696888225\n|detailschange|p1a: Fuchsia Fighter|Lopunny-Mega, F, shiny\n|-mega|p1a: Fuchsia Fighter|Lopunny|Lopunnite\n|-terastallize|p2b: Their.. dog?|Grass\n|move|p1a: Fuchsia Fighter|Fake Out|p2a: Her crush\n|-damage|p2a: Her crush|76\/100\n|cant|p2a: Her crush|flinch\n|move|p1b: Kangaloom|Spore|p2b: Their.. dog?\n|-immune|p2b: Their.. dog?\n|move|p2b: Their.. dog?|Wave Crash|p1a: Fuchsia Fighter\n|-damage|p1a: Fuchsia Fighter|15\/100\n|-damage|p2b: Their.. dog?|80\/100|[from] Recoil\n|\n|upkeep\n|turn|2\n|\n|t:|1696888236\n|move|p1b: Kangaloom|Mach Punch|p2b: Their.. dog?\n|-damage|p2b: Their.. dog?|46\/100\n|move|p1a: Fuchsia Fighter|Return|p2a: Her crush\n|-damage|p2a: Her crush|11\/100\n|-enditem|p2a: Her crush|Sitrus Berry|[eat]\n|-heal|p2a: Her crush|36\/100|[from] item: Sitrus Berry\n|move|p2a: Her crush|Dazzling Gleam|p1b: Kangaloom|[spread] p1a,p1b\n|-supereffective|p1a: Fuchsia Fighter\n|-supereffective|p1b: Kangaloom\n|-damage|p1a: Fuchsia Fighter|0 fnt\n|-damage|p1b: Kangaloom|31\/100\n|faint|p1a: Fuchsia Fighter\n|move|p2b: Their.. dog?|Psychic Fangs|p1b: Kangaloom\n|-supereffective|p1b: Kangaloom\n|-damage|p1b: Kangaloom|0 fnt\n|faint|p1b: Kangaloom\n|\n|upkeep\n|\n|t:|1696888247\n|switch|p1a: VX Sagitarii|Latias, F|100\/100\n|switch|p1b: Kraz|Corviknight, M|100\/100\n|-ability|p1b: Kraz|Pressure\n|turn|3\n|\n|t:|1696888262\n|move|p2a: Her crush|Tailwind|p2a: Her crush\n|-sidestart|p2: thundervoltss|move: Tailwind\n|move|p2b: Their.. dog?|Wave Crash|p1b: Kraz\n|-damage|p1b: Kraz|67\/100\n|-damage|p2b: Their.. dog?|34\/100|[from] Recoil\n|move|p1a: VX Sagitarii|Tailwind|p1a: VX Sagitarii\n|-sidestart|p1: InsertSampleText|move: Tailwind\n|move|p1b: Kraz|Brave Bird|p2b: Their.. dog?\n|-supereffective|p2b: Their.. dog?\n|-damage|p2b: Their.. dog?|0 fnt\n|faint|p2b: Their.. dog?\n|-damage|p1b: Kraz|56\/100|[from] Recoil\n|\n|-heal|p1b: Kraz|62\/100|[from] item: Leftovers\n|upkeep\n|\n|t:|1696888273\n|switch|p2b: Her mom|Flutter Mane|100\/100\n|-enditem|p2b: Her mom|Booster Energy\n|-activate|p2b: Her mom|ability: Protosynthesis|[fromitem]\n|-start|p2b: Her mom|protosynthesisspa\n|turn|4\n|\n|t:|1696888286\n|move|p2a: Her crush|Charm|p1b: Kraz\n|-unboost|p1b: Kraz|atk|2\n|move|p1a: VX Sagitarii|Psychic|p2a: Her crush\n|-damage|p2a: Her crush|0 fnt\n|faint|p2a: Her crush\n|move|p2b: Her mom|Shadow Ball|p1b: Kraz\n|-damage|p1b: Kraz|15\/100\n|move|p1b: Kraz|Roost|p1b: Kraz\n|-heal|p1b: Kraz|65\/100\n|-singleturn|p1b: Kraz|move: Roost\n|\n|-heal|p1b: Kraz|71\/100|[from] item: Leftovers\n|upkeep\n|\n|t:|1696888293\n|switch|p2a: The best friend|Iron Hands|100\/100\n|turn|5\n|\n|t:|1696888311\n|-terastallize|p1b: Kraz|Ground\n|move|p2a: The best friend|Fake Out|p1b: Kraz\n|-damage|p1b: Kraz|60\/100\n|-damage|p2a: The best friend|91\/100|[from] item: Life Orb\n|move|p1a: VX Sagitarii|Psychic|p2b: Her mom\n|-damage|p2b: Her mom|62\/100\n|move|p2b: Her mom|Moonblast|p1a: VX Sagitarii\n|-supereffective|p1a: VX Sagitarii\n|-damage|p1a: VX Sagitarii|0 fnt\n|faint|p1a: VX Sagitarii\n|cant|p1b: Kraz|flinch\n|\n|-heal|p1b: Kraz|67\/100|[from] item: Leftovers\n|upkeep\n|\n|t:|1696888314\n|switch|p1a: Pastel Witch|Hatterene, F|100\/100\n|turn|6\n|\n|t:|1696888330\n|move|p2a: The best friend|Protect|p2a: The best friend\n|-singleturn|p2a: The best friend|Protect\n|move|p2b: Her mom|Shadow Ball|p1a: Pastel Witch\n|-supereffective|p1a: Pastel Witch\n|-damage|p1a: Pastel Witch|0 fnt\n|faint|p1a: Pastel Witch\n|move|p1b: Kraz|Roost|p1b: Kraz\n|-heal|p1b: Kraz|100\/100\n|\n|-sideend|p1: InsertSampleText|move: Tailwind\n|-sideend|p2: thundervoltss|move: Tailwind\n|upkeep\n|\n|t:|1696888333\n|switch|p1a: Big Blue|Manaphy|100\/100\n|turn|7\n|\n|t:|1696888343\n|move|p2b: Her mom|Dazzling Gleam|p1a: Big Blue|[spread] p1a,p1b\n|-damage|p1a: Big Blue|61\/100\n|-damage|p1b: Kraz|64\/100\n|-zpower|p1a: Big Blue\n|move|p1a: Big Blue|Hydro Vortex|p2b: Her mom|[zeffect]\n|-damage|p2b: Her mom|0 fnt\n|faint|p2b: Her mom\n|-end|p2b: Her mom|Protosynthesis|[silent]\n|move|p1b: Kraz|Brave Bird|p2a: The best friend\n|-damage|p2a: The best friend|81\/100\n|-damage|p1b: Kraz|60\/100|[from] Recoil\n|move|p2a: The best friend|Wild Charge|p1a: Big Blue\n|-supereffective|p1a: Big Blue\n|-damage|p1a: Big Blue|0 fnt\n|faint|p1a: Big Blue\n|-damage|p2a: The best friend|70\/100|[from] Recoil\n|-damage|p2a: The best friend|60\/100|[from] item: Life Orb\n|\n|-heal|p1b: Kraz|66\/100|[from] item: Leftovers\n|upkeep\n|\n|t:|1696888345\n|switch|p2b: The gay|Lurantis, F|100\/100\n|turn|8\n|\n|t:|1696888352\n|move|p1b: Kraz|Brave Bird|p2b: The gay\n|-supereffective|p2b: The gay\n|-damage|p2b: The gay|64\/100\n|-damage|p1b: Kraz|56\/100|[from] Recoil\n|move|p2a: The best friend|Drain Punch|p1b: Kraz\n|-damage|p1b: Kraz|27\/100\n|-heal|p2a: The best friend|72\/100|[from] drain|[of] p1b: Kraz\n|-damage|p2a: The best friend|62\/100|[from] item: Life Orb\n|move|p2b: The gay|Leaf Blade|p1b: Kraz\n|-supereffective|p1b: Kraz\n|-damage|p1b: Kraz|0 fnt\n|faint|p1b: Kraz\n|\n|win|thundervoltss\n|raw|InsertSampleText's rating: 1286 &rarr; <strong>1266<\/strong><br \/>(-20 for losing)\n|raw|thundervoltss's rating: 1357 &rarr; <strong>1373<\/strong><br \/>(+16 for winning)\n|c|\u2606InsertSampleText|gg\n|l|\u2606thundervoltss\n|l|\u2606InsertSampleText\n|j|\u2606thundervoltss\n|player|p2|thundervoltss|elesa-masters\n","uploadtime":1696888367,"views":23,"p1id":"insertsampletext","p2id":"thundervoltss","formatid":"gen9nationaldexdoubles","rating":1266,"private":0,"password":""}