{"id":"gen9nationaldexdoubles-1950517789","p1":"lbwllj","p2":"Isredelpo2009","format":"[Gen 9] National Dex Doubles","log":"|j|\u2606lbwllj\n|j|\u2606Isredelpo2009\n|t:|1695481177\n|gametype|doubles\n|player|p1|lbwllj|picnicker|1042\n|player|p2|Isredelpo2009|lucas|1042\n|teamsize|p1|6\n|teamsize|p2|6\n|gen|9\n|tier|[Gen 9] National Dex Doubles\n|rated|\n|rule|HP Percentage Mod: HP is shown in percentages\n|rule|Endless Battle Clause: Forcing endless battles is banned\n|rule|OHKO Clause: OHKO moves are banned\n|rule|Evasion Moves Clause: Evasion moves are banned\n|rule|Evasion Abilities Clause: Evasion abilities are banned\n|rule|Species Clause: Limit one of each Pok\u00e9mon\n|rule|Gravity Sleep Clause: The combination of sleep-inducing moves with imperfect accuracy and Gravity or Gigantamax Orbeetle are banned\n|clearpoke\n|poke|p1|Absol, M|\n|poke|p1|Vivillon-Pokeball, F|\n|poke|p1|Persian-Alola, F|\n|poke|p1|Grookey, F|\n|poke|p1|Regieleki|\n|poke|p1|Gholdengo|\n|poke|p2|Amoonguss, M|\n|poke|p2|Azumarill, F|\n|poke|p2|Darkrai|\n|poke|p2|Kommo-o, M|\n|poke|p2|Landorus-Therian, M|\n|poke|p2|Urshifu-*, F|\n|teampreview\n|\n|t:|1695481185\n|start\n|switch|p1a: Vivillon|Vivillon-Pokeball, F|100\/100\n|switch|p1b: Persian|Persian-Alola, F|100\/100\n|switch|p2a: Amoonguss|Amoonguss, M, shiny|100\/100\n|switch|p2b: Azumarill|Azumarill, F, shiny|100\/100\n|turn|1\n|\n|t:|1695481197\n|move|p1b: Persian|Fake Out|p2a: Amoonguss\n|-damage|p2a: Amoonguss|96\/100\n|-enditem|p2a: Amoonguss|Red Card|[of] p1b: Persian\n|drag|p1b: Grookey|Grookey, F|100\/100\n|-fieldstart|move: Grassy Terrain|[from] ability: Grassy Surge|[of] p1b: Grookey\n|cant|p2a: Amoonguss|flinch\n|move|p1a: Vivillon|Quiver Dance|p1a: Vivillon\n|-boost|p1a: Vivillon|spa|1\n|-boost|p1a: Vivillon|spd|1\n|-boost|p1a: Vivillon|spe|1\n|move|p2b: Azumarill|Belly Drum|p2b: Azumarill\n|-damage|p2b: Azumarill|51\/100\n|-setboost|p2b: Azumarill|atk|6|[from] move: Belly Drum\n|\n|-heal|p2b: Azumarill|57\/100|[from] Grassy Terrain\n|-heal|p2a: Amoonguss|100\/100|[from] Grassy Terrain\n|upkeep\n|turn|2\n|\n|t:|1695481226\n|-terastallize|p2b: Azumarill|Water\n|move|p1b: Grookey|Fake Out|p2b: Azumarill\n|-damage|p2b: Azumarill|46\/100\n|-enditem|p2b: Azumarill|Sitrus Berry|[eat]\n|-heal|p2b: Azumarill|71\/100|[from] item: Sitrus Berry\n|cant|p2b: Azumarill|flinch\n|move|p1a: Vivillon|Hurricane|p2a: Amoonguss\n|-supereffective|p2a: Amoonguss\n|-damage|p2a: Amoonguss|0 fnt\n|faint|p2a: Amoonguss\n|\n|-heal|p2b: Azumarill|77\/100|[from] Grassy Terrain\n|upkeep\n|\n|t:|1695481242\n|switch|p2a: Darkrai|Darkrai|100\/100\n|turn|3\n|\n|t:|1695481253\n|move|p2b: Azumarill|Aqua Jet|p1b: Grookey\n|-resisted|p1b: Grookey\n|-enditem|p1b: Grookey|Focus Sash\n|-damage|p1b: Grookey|1\/100\n|move|p2a: Darkrai|Hypnosis|p1a: Vivillon|[miss]\n|-miss|p2a: Darkrai|p1a: Vivillon\n|move|p1a: Vivillon|Hurricane|p2b: Azumarill\n|-damage|p2b: Azumarill|0 fnt\n|faint|p2b: Azumarill\n|move|p1b: Grookey|Swords Dance|p1b: Grookey\n|-boost|p1b: Grookey|atk|2\n|\n|-heal|p1b: Grookey|7\/100|[from] Grassy Terrain\n|upkeep\n|\n|t:|1695481271\n|switch|p2b: Landorus|Landorus-Therian, M|100\/100\n|-ability|p2b: Landorus|Intimidate|boost\n|-unboost|p1a: Vivillon|atk|1\n|-unboost|p1b: Grookey|atk|1\n|turn|4\n|\n|t:|1695481285\n|-terastallize|p1b: Grookey|Grass\n|move|p1b: Grookey|Grassy Glide|p2a: Darkrai\n|-damage|p2a: Darkrai|34\/100\n|move|p2a: Darkrai|Hypnosis|p1a: Vivillon\n|-status|p1a: Vivillon|slp|[from] move: Hypnosis\n|cant|p1a: Vivillon|slp\n|move|p2b: Landorus|Swords Dance|p2b: Landorus\n|-boost|p2b: Landorus|atk|2\n|\n|-heal|p2a: Darkrai|40\/100|[from] Grassy Terrain\n|-heal|p1b: Grookey|13\/100|[from] Grassy Terrain\n|-damage|p1a: Vivillon|88\/100 slp|[from] ability: Bad Dreams|[of] p2a: Darkrai\n|upkeep\n|turn|5\n|\n|t:|1695481309\n|move|p1b: Grookey|Grassy Glide|p2a: Darkrai\n|-damage|p2a: Darkrai|0 fnt\n|faint|p2a: Darkrai\n|cant|p1a: Vivillon|slp\n|move|p2b: Landorus|Rock Slide|p1b: Grookey|[spread] p1a,p1b\n|-supereffective|p1a: Vivillon\n|-damage|p1a: Vivillon|0 fnt\n|-damage|p1b: Grookey|0 fnt\n|faint|p1a: Vivillon\n|faint|p1b: Grookey\n|\n|-fieldend|move: Grassy Terrain\n|upkeep\n|\n|t:|1695481324\n|switch|p2a: Kommo-o|Kommo-o, M|100\/100\n|switch|p1b: Regieleki|Regieleki|100\/100\n|switch|p1a: Persian|Persian-Alola, F|100\/100\n|turn|6\n|\n|t:|1695481351\n|switch|p1b: Absol|Absol, M|100\/100\n|move|p2a: Kommo-o|Protect|p2a: Kommo-o\n|-singleturn|p2a: Kommo-o|Protect\n|move|p1a: Persian|Beat Up|p1b: Absol\n|-resisted|p1b: Absol\n|-damage|p1b: Absol|98\/100\n|-ability|p1b: Absol|Justified|boost\n|-boost|p1b: Absol|atk|1\n|-resisted|p1b: Absol\n|-damage|p1b: Absol|95\/100\n|-ability|p1b: Absol|Justified|boost\n|-boost|p1b: Absol|atk|1\n|-resisted|p1b: Absol\n|-damage|p1b: Absol|92\/100\n|-ability|p1b: Absol|Justified|boost\n|-boost|p1b: Absol|atk|1\n|-resisted|p1b: Absol\n|-damage|p1b: Absol|89\/100\n|-ability|p1b: Absol|Justified|boost\n|-boost|p1b: Absol|atk|1\n|-hitcount|p1b: Absol|4\n|-zpower|p2b: Landorus\n|move|p2b: Landorus|Tectonic Rage|p1b: Absol|[zeffect]\n|-damage|p1b: Absol|0 fnt\n|faint|p1b: Absol\n|\n|upkeep\n|-message|lbwllj forfeited.\n|\n|win|Isredelpo2009\n|raw|lbwllj's rating: 1042 &rarr; <strong>1026<\/strong><br \/>(-16 for losing)\n|raw|Isredelpo2009's rating: 1042 &rarr; <strong>1076<\/strong><br \/>(+34 for winning)\n|l|\u2606lbwllj\n","uploadtime":1695481380,"views":6,"p1id":"lbwllj","p2id":"isredelpo2009","formatid":"gen9nationaldexdoubles","rating":1026,"private":0,"password":""}