{"id":"gen9nationaldexdoubles-1989778106","p1":"Raichu_2507","p2":"flameingbird23","format":"[Gen 9] National Dex Doubles","log":"|j|\u2606Raichu_2507\n|j|\u2606flameingbird23\n|t:|1699894939\n|gametype|doubles\n|player|p1|Raichu_2507|hilbert|1074\n|player|p2|flameingbird23|266|1060\n|teamsize|p1|6\n|teamsize|p2|6\n|gen|9\n|tier|[Gen 9] National Dex Doubles\n|rated|\n|rule|HP Percentage Mod: HP is shown in percentages\n|rule|Endless Battle Clause: Forcing endless battles is banned\n|rule|OHKO Clause: OHKO moves are banned\n|rule|Evasion Moves Clause: Evasion moves are banned\n|rule|Evasion Abilities Clause: Evasion abilities are banned\n|rule|Species Clause: Limit one of each Pok\u00e9mon\n|rule|Gravity Sleep Clause: The combination of sleep-inducing moves with imperfect accuracy and Gravity or Gigantamax Orbeetle are banned\n|clearpoke\n|poke|p1|Volcarona, F|\n|poke|p1|Oricorio-Pom-Pom, F|\n|poke|p1|Kommo-o, M|\n|poke|p1|Cresselia, F|\n|poke|p1|Scizor, M|\n|poke|p1|Lilligant-Hisui, F|\n|poke|p2|Torkoal, F|\n|poke|p2|Sinistcha|\n|poke|p2|Chansey, F|\n|poke|p2|Hariyama, F|\n|poke|p2|Regieleki|\n|poke|p2|Quagsire, M|\n|teampreview\n|\n|t:|1699894955\n|start\n|switch|p1a: Volcabrona|Volcarona, F, shiny|100\/100\n|switch|p1b: Dance Dance Rev.|Oricorio-Pom-Pom, F, shiny|100\/100\n|switch|p2a: Quagsire|Quagsire, M|100\/100\n|switch|p2b: Regieleki|Regieleki|100\/100\n|turn|1\n|\n|t:|1699894985\n|move|p1b: Dance Dance Rev.|Protect|p1b: Dance Dance Rev.\n|-singleturn|p1b: Dance Dance Rev.|Protect\n|move|p2b: Regieleki|Thunder Cage|p1a: Volcabrona\n|-damage|p1a: Volcabrona|56\/100\n|-activate|p1a: Volcabrona|move: Thunder Cage|[of] p2b: Regieleki\n|move|p1a: Volcabrona|Quiver Dance|p1a: Volcabrona\n|-boost|p1a: Volcabrona|spa|1\n|-boost|p1a: Volcabrona|spd|1\n|-boost|p1a: Volcabrona|spe|1\n|-activate|p1b: Dance Dance Rev.|ability: Dancer\n|move|p1b: Dance Dance Rev.|Quiver Dance|p1b: Dance Dance Rev.|[from]ability: Dancer\n|-boost|p1b: Dance Dance Rev.|spa|1\n|-boost|p1b: Dance Dance Rev.|spd|1\n|-boost|p1b: Dance Dance Rev.|spe|1\n|move|p2a: Quagsire|Rain Dance|p2a: Quagsire\n|-weather|RainDance\n|\n|-weather|RainDance|[upkeep]\n|-damage|p1a: Volcabrona|44\/100|[from] move: Thunder Cage|[partiallytrapped]\n|upkeep\n|turn|2\n|\n|t:|1699895012\n|move|p2b: Regieleki|Thunder|p1b: Dance Dance Rev.\n|-damage|p1b: Dance Dance Rev.|32\/100\n|move|p1a: Volcabrona|Giga Drain|p2a: Quagsire\n|-supereffective|p2a: Quagsire\n|-damage|p2a: Quagsire|0 fnt\n|-heal|p1a: Volcabrona|100\/100|[from] drain|[of] p2a: Quagsire\n|faint|p2a: Quagsire\n|-damage|p1a: Volcabrona|91\/100|[from] item: Life Orb\n|move|p1b: Dance Dance Rev.|Air Slash|p2b: Regieleki\n|-resisted|p2b: Regieleki\n|-damage|p2b: Regieleki|57\/100\n|\n|-weather|RainDance|[upkeep]\n|-damage|p1a: Volcabrona|78\/100|[from] move: Thunder Cage|[partiallytrapped]\n|upkeep\n|\n|t:|1699895026\n|switch|p2a: Chansey|Chansey, F|100\/100\n|turn|3\n|\n|t:|1699895049\n|move|p2a: Chansey|Helping Hand|p2b: Regieleki\n|-singleturn|p2b: Regieleki|Helping Hand|[of] p2a: Chansey\n|move|p1b: Dance Dance Rev.|Protect|p1b: Dance Dance Rev.\n|-singleturn|p1b: Dance Dance Rev.|Protect\n|move|p2b: Regieleki|Volt Switch|p1b: Dance Dance Rev.\n|-activate|p1b: Dance Dance Rev.|move: Protect\n|move|p1a: Volcabrona|Fiery Dance|p2b: Regieleki\n|-damage|p2b: Regieleki|0 fnt\n|-boost|p1a: Volcabrona|spa|1\n|faint|p2b: Regieleki\n|-damage|p1a: Volcabrona|68\/100|[from] item: Life Orb\n|-activate|p1b: Dance Dance Rev.|ability: Dancer\n|move|p1b: Dance Dance Rev.|Fiery Dance|p2a: Chansey|[from]ability: Dancer\n|-damage|p2a: Chansey|92\/100\n|-boost|p1b: Dance Dance Rev.|spa|1\n|\n|-weather|RainDance|[upkeep]\n|-end|p1a: Volcabrona|Thunder Cage|[partiallytrapped]|[silent]\n|upkeep\n|\n|t:|1699895068\n|switch|p2b: Hariyama|Hariyama, F, shiny|100\/100\n|turn|4\n|\n|t:|1699895088\n|move|p2a: Chansey|Helping Hand|p2b: Hariyama\n|-singleturn|p2b: Hariyama|Helping Hand|[of] p2a: Chansey\n|move|p1a: Volcabrona|Fiery Dance|p2b: Hariyama\n|-damage|p2b: Hariyama|44\/100\n|-damage|p1a: Volcabrona|58\/100|[from] item: Life Orb\n|-activate|p1b: Dance Dance Rev.|ability: Dancer\n|move|p1b: Dance Dance Rev.|Fiery Dance|p2b: Hariyama|[from]ability: Dancer\n|-damage|p2b: Hariyama|22\/100\n|-boost|p1b: Dance Dance Rev.|spa|1\n|move|p1b: Dance Dance Rev.|Air Slash|p2b: Hariyama\n|-supereffective|p2b: Hariyama\n|-damage|p2b: Hariyama|0 fnt\n|faint|p2b: Hariyama\n|\n|-weather|RainDance|[upkeep]\n|upkeep\n|\n|t:|1699895105\n|switch|p2b: Torkoal|Torkoal, F|100\/100\n|turn|5\n|\n|t:|1699895118\n|move|p2a: Chansey|Helping Hand|p2b: Torkoal\n|-singleturn|p2b: Torkoal|Helping Hand|[of] p2a: Chansey\n|move|p1a: Volcabrona|Fiery Dance|p2b: Torkoal\n|-resisted|p2b: Torkoal\n|-damage|p2b: Torkoal|66\/100\n|-damage|p1a: Volcabrona|48\/100|[from] item: Life Orb\n|-activate|p1b: Dance Dance Rev.|ability: Dancer\n|move|p1b: Dance Dance Rev.|Fiery Dance|p2b: Torkoal|[from]ability: Dancer\n|-resisted|p2b: Torkoal\n|-damage|p2b: Torkoal|48\/100\n|move|p1b: Dance Dance Rev.|Revelation Dance|p2b: Torkoal\n|-damage|p2b: Torkoal|0 fnt\n|faint|p2b: Torkoal\n|\n|-weather|none\n|upkeep\n|\n|t:|1699895140\n|switch|p2b: Sinistcha|Sinistcha|100\/100\n|-heal|p2a: Chansey|100\/100|[from] ability: Hospitality|[of] p2b: Sinistcha\n|turn|6\n|-message|flameingbird23 forfeited.\n|\n|win|Raichu_2507\n|raw|Raichu_2507's rating: 1074 &rarr; <strong>1102<\/strong><br \/>(+28 for winning)\n|raw|flameingbird23's rating: 1060 &rarr; <strong>1042<\/strong><br \/>(-18 for losing)\n|l|\u2606flameingbird23\n","uploadtime":1699895169,"views":4,"p1id":"raichu2507","p2id":"flameingbird23","formatid":"gen9nationaldexdoubles","rating":1042,"private":0,"password":""}