{"id":"gen9nationaldexdoubles-1990649452","p1":"The OG Trainer Red","p2":"ampronoob","format":"[Gen 9] National Dex Doubles","log":"|j|\u2606The OG Trainer Red\n|j|\u2606ampronoob\n|t:|1699988688\n|gametype|doubles\n|player|p1|The OG Trainer Red|fisherman-gen4|1131\n|player|p2|ampronoob|266|1185\n|teamsize|p1|6\n|teamsize|p2|6\n|gen|9\n|tier|[Gen 9] National Dex Doubles\n|rated|\n|rule|HP Percentage Mod: HP is shown in percentages\n|rule|Endless Battle Clause: Forcing endless battles is banned\n|rule|OHKO Clause: OHKO moves are banned\n|rule|Evasion Moves Clause: Evasion moves are banned\n|rule|Evasion Abilities Clause: Evasion abilities are banned\n|rule|Species Clause: Limit one of each Pok\u00e9mon\n|rule|Gravity Sleep Clause: The combination of sleep-inducing moves with imperfect accuracy and Gravity or Gigantamax Orbeetle are banned\n|clearpoke\n|poke|p1|Ninetales, F|\n|poke|p1|Leafeon, F|\n|poke|p1|Espeon, F|\n|poke|p1|Indeedee-F, F|\n|poke|p1|Vaporeon, F|\n|poke|p1|Pelipper, F|\n|poke|p2|Walking Wake|\n|poke|p2|Charizard, M|\n|poke|p2|Garchomp, M|\n|poke|p2|Kommo-o, F|\n|poke|p2|Dragonite, M|\n|poke|p2|Salamence, M|\n|teampreview\n|\n|t:|1699988695\n|start\n|switch|p1a: Espeon|Espeon, F|100\/100\n|switch|p1b: Indeedee|Indeedee-F, F|100\/100\n|switch|p2a: Salamence|Salamence, M|100\/100\n|switch|p2b: Kommo-o|Kommo-o, F|100\/100\n|-ability|p2a: Salamence|Intimidate|boost\n|-unboost|p1a: Espeon|atk|1\n|-unboost|p1b: Indeedee|atk|1\n|-fieldstart|move: Psychic Terrain|[from] ability: Psychic Surge|[of] p1b: Indeedee\n|turn|1\n|inactive|Battle timer is ON: inactive players will automatically lose when time's up. (requested by The OG Trainer Red)\n|\n|t:|1699988717\n|-terastallize|p1a: Espeon|Fairy\n|-terastallize|p2b: Kommo-o|Steel\n|move|p1a: Espeon|Draining Kiss|p2b: Kommo-o\n|-resisted|p2b: Kommo-o\n|-damage|p2b: Kommo-o|86\/100\n|move|p2a: Salamence|Tailwind|p2a: Salamence\n|-sidestart|p2: ampronoob|move: Tailwind\n|move|p2b: Kommo-o|Clangorous Soul|p2b: Kommo-o\n|-boost|p2b: Kommo-o|atk|1\n|-boost|p2b: Kommo-o|def|1\n|-boost|p2b: Kommo-o|spa|1\n|-boost|p2b: Kommo-o|spd|1\n|-boost|p2b: Kommo-o|spe|1\n|-damage|p2b: Kommo-o|53\/100\n|move|p1b: Indeedee|Expanding Force|p2b: Kommo-o|[spread] p2a,p2b\n|-resisted|p2b: Kommo-o\n|-damage|p2a: Salamence|39\/100\n|-damage|p2b: Kommo-o|36\/100\n|\n|-heal|p2b: Kommo-o|43\/100|[from] item: Leftovers\n|upkeep\n|turn|2\n|\n|t:|1699988744\n|move|p2a: Salamence|Dragon Claw|p1b: Indeedee\n|-damage|p1b: Indeedee|38\/100\n|move|p2b: Kommo-o|Iron Head|p1a: Espeon\n|-supereffective|p1a: Espeon\n|-enditem|p1a: Espeon|Focus Sash\n|-damage|p1a: Espeon|1\/100\n|cant|p1a: Espeon|flinch\n|move|p1b: Indeedee|Trick Room|p1b: Indeedee\n|-fieldstart|move: Trick Room|[of] p1b: Indeedee\n|\n|-heal|p2b: Kommo-o|49\/100|[from] item: Leftovers\n|upkeep\n|turn|3\n|\n|t:|1699988761\n|switch|p2a: Dragonite|Dragonite, M|100\/100\n|move|p1b: Indeedee|Expanding Force|p2b: Kommo-o|[spread] p2a,p2b\n|-resisted|p2b: Kommo-o\n|-damage|p2a: Dragonite|74\/100\n|-damage|p2b: Kommo-o|34\/100\n|move|p1a: Espeon|Expanding Force|p2b: Kommo-o|[spread] p2a,p2b\n|-resisted|p2b: Kommo-o\n|-damage|p2a: Dragonite|8\/100\n|-damage|p2b: Kommo-o|15\/100\n|move|p2b: Kommo-o|Iron Head|p1a: Espeon\n|-supereffective|p1a: Espeon\n|-damage|p1a: Espeon|0 fnt\n|faint|p1a: Espeon\n|\n|-heal|p2b: Kommo-o|22\/100|[from] item: Leftovers\n|upkeep\n|\n|t:|1699988776\n|switch|p1a: Pelipper|Pelipper, F|100\/100\n|-weather|RainDance|[from] ability: Drizzle|[of] p1a: Pelipper\n|turn|4\n|\n|t:|1699988794\n|switch|p1b: Vaporeon|Vaporeon, F|100\/100\n|move|p1a: Pelipper|Surf|p2b: Kommo-o|[spread] p2a,p2b\n|-immune|p1b: Vaporeon|[from] ability: Water Absorb\n|-resisted|p2a: Dragonite\n|-damage|p2a: Dragonite|0 fnt\n|-damage|p2b: Kommo-o|0 fnt\n|faint|p2a: Dragonite\n|faint|p2b: Kommo-o\n|\n|-weather|RainDance|[upkeep]\n|-sideend|p2: ampronoob|move: Tailwind\n|upkeep\n|\n|t:|1699988806\n|switch|p2b: Salamence|Salamence, M|39\/100\n|switch|p2a: Walking Wake|Walking Wake|100\/100\n|-ability|p2b: Salamence|Intimidate|boost\n|-unboost|p1a: Pelipper|atk|1\n|-unboost|p1b: Vaporeon|atk|1\n|turn|5\n|\n|t:|1699988822\n|move|p1b: Vaporeon|Blizzard|p2b: Salamence|[spread] p2a,p2b\n|-supereffective|p2b: Salamence\n|-damage|p2a: Walking Wake|73\/100\n|-damage|p2b: Salamence|0 fnt\n|faint|p2b: Salamence\n|move|p1a: Pelipper|Surf|p2a: Walking Wake|[spread] p2a\n|-immune|p1b: Vaporeon|[from] ability: Water Absorb\n|-resisted|p2a: Walking Wake\n|-damage|p2a: Walking Wake|61\/100\n|move|p2a: Walking Wake|Sunny Day|p2a: Walking Wake\n|-weather|SunnyDay\n|-activate|p2a: Walking Wake|ability: Protosynthesis\n|-start|p2a: Walking Wake|protosynthesisspa\n|\n|-weather|SunnyDay|[upkeep]\n|-fieldend|move: Psychic Terrain\n|upkeep\n|\n|t:|1699988836\n|switch|p2b: Charizard|Charizard, M|100\/100\n|turn|6\n|\n|t:|1699988846\n|move|p1a: Pelipper|Protect|p1a: Pelipper\n|-singleturn|p1a: Pelipper|Protect\n|move|p1b: Vaporeon|Surf|p2b: Charizard|[spread] p2a,p2b\n|-activate|p1a: Pelipper|move: Protect\n|-resisted|p2a: Walking Wake\n|-supereffective|p2b: Charizard\n|-damage|p2a: Walking Wake|56\/100\n|-damage|p2b: Charizard|60\/100\n|move|p2b: Charizard|Dragon Dance|p2b: Charizard\n|-boost|p2b: Charizard|atk|1\n|-boost|p2b: Charizard|spe|1\n|move|p2a: Walking Wake|Dragon Pulse|p1a: Pelipper\n|-activate|p1a: Pelipper|move: Protect\n|\n|-weather|SunnyDay|[upkeep]\n|-damage|p2b: Charizard|48\/100|[from] ability: Solar Power|[of] p2b: Charizard\n|-fieldend|move: Trick Room\n|upkeep\n|turn|7\n|\n|t:|1699988870\n|switch|p1a: Leafeon|Leafeon, F|100\/100\n|detailschange|p2b: Charizard|Charizard-Mega-X, M\n|-mega|p2b: Charizard|Charizard|Charizardite X\n|move|p2b: Charizard|Dragon Claw|p1b: Vaporeon\n|-damage|p1b: Vaporeon|0 fnt\n|faint|p1b: Vaporeon\n|move|p2a: Walking Wake|Dragon Pulse|p1a: Leafeon\n|-damage|p1a: Leafeon|47\/100\n|\n|-weather|SunnyDay|[upkeep]\n|upkeep\n|\n|t:|1699988882\n|switch|p1b: Indeedee|Indeedee-F, F|38\/100\n|-fieldstart|move: Psychic Terrain|[from] ability: Psychic Surge|[of] p1b: Indeedee\n|turn|8\n|\n|t:|1699988899\n|move|p1a: Leafeon|Solar Blade||[still]\n|-prepare|p1a: Leafeon|Solar Blade\n|-anim|p1a: Leafeon|Solar Blade|p2a: Walking Wake\n|-damage|p2a: Walking Wake|0 fnt\n|faint|p2a: Walking Wake\n|-end|p2a: Walking Wake|Protosynthesis|[silent]\n|move|p2b: Charizard|Blaze Kick|p1b: Indeedee\n|-crit|p1b: Indeedee\n|-damage|p1b: Indeedee|0 fnt\n|faint|p1b: Indeedee\n|\n|-weather|SunnyDay|[upkeep]\n|upkeep\n|\n|t:|1699988908\n|switch|p2a: Garchomp|Garchomp, M|100\/100\n|switch|p1b: Ninetales|Ninetales, F|100\/100\n|turn|9\n|\n|t:|1699988933\n|move|p1a: Leafeon|Solar Blade||[still]\n|-prepare|p1a: Leafeon|Solar Blade\n|-anim|p1a: Leafeon|Solar Blade|p2a: Garchomp\n|-damage|p2a: Garchomp|41\/100\n|-damage|p1a: Leafeon|35\/100|[from] ability: Rough Skin|[of] p2a: Garchomp\n|move|p2b: Charizard|Blaze Kick|p1a: Leafeon\n|-supereffective|p1a: Leafeon\n|-damage|p1a: Leafeon|0 fnt\n|faint|p1a: Leafeon\n|move|p2a: Garchomp|Earthquake|p1b: Ninetales|[spread] p2b,p1b\n|-supereffective|p2b: Charizard\n|-supereffective|p1b: Ninetales\n|-damage|p2b: Charizard|0 fnt\n|-damage|p1b: Ninetales|0 fnt\n|faint|p2b: Charizard\n|faint|p1b: Ninetales\n|\n|-weather|SunnyDay|[upkeep]\n|upkeep\n|inactive|The OG Trainer Red has 120 seconds left.\n|\n|t:|1699988949\n|switch|p1a: Pelipper|Pelipper, F|100\/100\n|-weather|RainDance|[from] ability: Drizzle|[of] p1a: Pelipper\n|turn|10\n|\n|t:|1699988961\n|move|p2a: Garchomp|Scale Shot|p1a: Pelipper\n|-damage|p1a: Pelipper|83\/100\n|-damage|p1a: Pelipper|67\/100\n|-damage|p1a: Pelipper|50\/100\n|-damage|p1a: Pelipper|34\/100\n|-damage|p1a: Pelipper|15\/100\n|-hitcount|p1a: Pelipper|5\n|-unboost|p2a: Garchomp|def|1\n|-boost|p2a: Garchomp|spe|1\n|move|p1a: Pelipper|Surf|p2a: Garchomp\n|-crit|p2a: Garchomp\n|-damage|p2a: Garchomp|0 fnt\n|faint|p2a: Garchomp\n|\n|win|The OG Trainer Red\n|raw|The OG Trainer Red's rating: 1131 &rarr; <strong>1160<\/strong><br \/>(+29 for winning)\n|raw|ampronoob's rating: 1185 &rarr; <strong>1156<\/strong><br \/>(-29 for losing)\n|c|\u2606ampronoob|gg\n|l|\u2606ampronoob\n","uploadtime":1699989128,"views":4,"p1id":"theogtrainerred","p2id":"ampronoob","formatid":"gen9nationaldexdoubles","rating":1156,"private":0,"password":""}