{"id":"gen9nationaldexdoubles-1983421567","p1":"LucarioLikesLemons","p2":"KingoftheTitans","format":"[Gen 9] National Dex Doubles","log":"|j|\u2606LucarioLikesLemons\n|j|\u2606KingoftheTitans\n|t:|1699128396\n|gametype|doubles\n|player|p1|LucarioLikesLemons|lance|1133\n|player|p2|KingoftheTitans|266|1282\n|teamsize|p1|6\n|teamsize|p2|6\n|gen|9\n|tier|[Gen 9] National Dex Doubles\n|rated|\n|rule|HP Percentage Mod: HP is shown in percentages\n|rule|Endless Battle Clause: Forcing endless battles is banned\n|rule|OHKO Clause: OHKO moves are banned\n|rule|Evasion Moves Clause: Evasion moves are banned\n|rule|Evasion Abilities Clause: Evasion abilities are banned\n|rule|Species Clause: Limit one of each Pok\u00e9mon\n|rule|Gravity Sleep Clause: The combination of sleep-inducing moves with imperfect accuracy and Gravity or Gigantamax Orbeetle are banned\n|clearpoke\n|poke|p1|Hawlucha, M|\n|poke|p1|Sinistcha-Masterpiece|\n|poke|p1|Enamorus, F|\n|poke|p1|Clefairy, M|\n|poke|p1|Iron Hands|\n|poke|p1|Cresselia, F|\n|poke|p2|Azumarill, F|\n|poke|p2|Charizard, F|\n|poke|p2|Decidueye-Hisui, M|\n|poke|p2|Heracross, F|\n|poke|p2|Goodra-Hisui, F|\n|poke|p2|Togekiss, F|\n|teampreview\n|inactive|Battle timer is ON: inactive players will automatically lose when time's up. (requested by LucarioLikesLemons)\n|\n|t:|1699128416\n|start\n|switch|p1a: Hawlucha|Hawlucha, M|100\/100\n|switch|p1b: Clefairy|Clefairy, M|100\/100\n|switch|p2a: Heracross|Heracross, F|100\/100\n|switch|p2b: Togekiss|Togekiss, F|100\/100\n|turn|1\n|inactive|KingoftheTitans has 120 seconds left.\n|\n|t:|1699128449\n|switch|p2a: Goodra|Goodra-Hisui, F|100\/100\n|move|p1b: Clefairy|Follow Me|p1b: Clefairy\n|-singleturn|p1b: Clefairy|move: Follow Me\n|move|p1a: Hawlucha|Swords Dance|p1a: Hawlucha\n|-boost|p1a: Hawlucha|atk|2\n|move|p2b: Togekiss|Thunder Wave|p1b: Clefairy\n|-status|p1b: Clefairy|par\n|\n|upkeep\n|turn|2\n|\n|t:|1699128474\n|move|p1a: Hawlucha|Dual Wingbeat|p2b: Togekiss\n|-damage|p2b: Togekiss|72\/100\n|-damage|p1a: Hawlucha|84\/100|[from] item: Rocky Helmet|[of] p2b: Togekiss\n|-damage|p2b: Togekiss|43\/100\n|-damage|p1a: Hawlucha|68\/100|[from] item: Rocky Helmet|[of] p2b: Togekiss\n|-hitcount|p2b: Togekiss|2\n|move|p2b: Togekiss|Tailwind|p2b: Togekiss\n|-sidestart|p2: KingoftheTitans|move: Tailwind\n|move|p2a: Goodra|Flash Cannon|p1b: Clefairy\n|-supereffective|p1b: Clefairy\n|-damage|p1b: Clefairy|46\/100 par\n|move|p1b: Clefairy|Sweet Kiss|p2b: Togekiss\n|-start|p2b: Togekiss|confusion\n|\n|upkeep\n|turn|3\n|inactive|LucarioLikesLemons has 120 seconds left.\n|\n|t:|1699128509\n|switch|p1b: Sinistcha|Sinistcha-Masterpiece|100\/100\n|-heal|p1a: Hawlucha|92\/100|[from] ability: Hospitality|[of] p1b: Sinistcha\n|-activate|p2b: Togekiss|confusion\n|move|p2b: Togekiss|Thunder Wave|p1a: Hawlucha\n|-status|p1a: Hawlucha|par\n|move|p2a: Goodra|Flash Cannon|p1b: Sinistcha\n|-damage|p1b: Sinistcha|53\/100\n|move|p1a: Hawlucha|Brick Break|p2a: Goodra\n|-supereffective|p2a: Goodra\n|-damage|p2a: Goodra|0 fnt\n|-ability|p2a: Goodra|Gooey\n|-unboost|p1a: Hawlucha|spe|1\n|faint|p2a: Goodra\n|\n|-heal|p1b: Sinistcha|59\/100|[from] item: Leftovers\n|upkeep\n|inactive|KingoftheTitans has 120 seconds left.\n|\n|t:|1699128536\n|switch|p2a: Azumarill|Azumarill, F|100\/100\n|turn|4\n|inactive|KingoftheTitans has 120 seconds left.\n|\n|t:|1699128555\n|-end|p2b: Togekiss|confusion\n|move|p2b: Togekiss|Follow Me|p2b: Togekiss\n|-singleturn|p2b: Togekiss|move: Follow Me\n|move|p2a: Azumarill|Play Rough|p1a: Hawlucha|[miss]\n|-miss|p2a: Azumarill|p1a: Hawlucha\n|move|p1b: Sinistcha|Matcha Gotcha|p2b: Togekiss|[spread] p2a,p2b\n|-supereffective|p2a: Azumarill\n|-resisted|p2b: Togekiss\n|-damage|p2a: Azumarill|55\/100\n|-heal|p1b: Sinistcha|87\/100|[from] drain|[of] p2a: Azumarill\n|-damage|p2b: Togekiss|35\/100\n|-heal|p1b: Sinistcha|93\/100|[from] drain|[of] p2b: Togekiss\n|cant|p1a: Hawlucha|par\n|\n|-heal|p1b: Sinistcha|99\/100|[from] item: Leftovers\n|upkeep\n|turn|5\n|inactive|KingoftheTitans has 120 seconds left.\n|\n|t:|1699128583\n|switch|p2b: Heracross|Heracross, F|100\/100\n|move|p1b: Sinistcha|Rage Powder|p1b: Sinistcha\n|-singleturn|p1b: Sinistcha|move: Rage Powder\n|move|p2a: Azumarill|Play Rough|p1b: Sinistcha\n|-damage|p1b: Sinistcha|54\/100\n|cant|p1a: Hawlucha|par\n|\n|-heal|p1b: Sinistcha|60\/100|[from] item: Leftovers\n|-sideend|p2: KingoftheTitans|move: Tailwind\n|upkeep\n|turn|6\n|\n|t:|1699128602\n|move|p2a: Azumarill|Protect|p2a: Azumarill\n|-singleturn|p2a: Azumarill|Protect\n|move|p1b: Sinistcha|Rage Powder|p1b: Sinistcha\n|-singleturn|p1b: Sinistcha|move: Rage Powder\n|move|p2b: Heracross|Megahorn|p1b: Sinistcha\n|-damage|p1b: Sinistcha|14\/100\n|move|p1a: Hawlucha|Dual Wingbeat|p2b: Heracross\n|-supereffective|p2b: Heracross\n|-crit|p2b: Heracross\n|-damage|p2b: Heracross|0 fnt\n|faint|p2b: Heracross\n|-hitcount|p2: Heracross|1\n|\n|-heal|p1b: Sinistcha|20\/100|[from] item: Leftovers\n|upkeep\n|\n|t:|1699128614\n|switch|p2b: Togekiss|Togekiss, F|35\/100\n|turn|7\n|inactive|LucarioLikesLemons has 120 seconds left.\n|\n|t:|1699128649\n|move|p1b: Sinistcha|Rage Powder|p1b: Sinistcha\n|-singleturn|p1b: Sinistcha|move: Rage Powder\n|move|p2b: Togekiss|Dazzling Gleam|p1b: Sinistcha|[spread] p1a,p1b\n|-supereffective|p1a: Hawlucha\n|-damage|p1a: Hawlucha|16\/100 par\n|-damage|p1b: Sinistcha|0 fnt\n|faint|p1b: Sinistcha\n|move|p2a: Azumarill|Ice Spinner|p1a: Hawlucha\n|-supereffective|p1a: Hawlucha\n|-damage|p1a: Hawlucha|0 fnt\n|faint|p1a: Hawlucha\n|\n|upkeep\n|\n|t:|1699128659\n|switch|p1a: Clefairy|Clefairy, M|46\/100 par\n|switch|p1b: Enamorus|Enamorus, F|100\/100\n|turn|8\n|inactive|LucarioLikesLemons has 120 seconds left.\n|\n|t:|1699128686\n|cant|p1a: Clefairy|par\n|move|p1b: Enamorus|Superpower|p2a: Azumarill\n|-resisted|p2a: Azumarill\n|-damage|p2a: Azumarill|37\/100\n|-boost|p1b: Enamorus|atk|1\n|-boost|p1b: Enamorus|def|1\n|move|p2b: Togekiss|Tailwind|p2b: Togekiss\n|-sidestart|p2: KingoftheTitans|move: Tailwind\n|move|p2a: Azumarill|Play Rough|p1a: Clefairy\n|-damage|p1a: Clefairy|0 fnt\n|faint|p1a: Clefairy\n|\n|upkeep\n|\n|t:|1699128697\n|switch|p1a: Iron Hands|Iron Hands|100\/100\n|turn|9\n|inactive|LucarioLikesLemons has 120 seconds left.\n|\n|t:|1699128720\n|move|p1a: Iron Hands|Fake Out|p2b: Togekiss\n|-crit|p2b: Togekiss\n|-damage|p2b: Togekiss|15\/100\n|-damage|p1a: Iron Hands|84\/100|[from] item: Rocky Helmet|[of] p2b: Togekiss\n|-heal|p1a: Iron Hands|86\/100|[from] item: Shell Bell|[of] p2b: Togekiss\n|cant|p2b: Togekiss|flinch\n|move|p1b: Enamorus|Superpower|p2a: Azumarill\n|-resisted|p2a: Azumarill\n|-damage|p2a: Azumarill|10\/100\n|-boost|p1b: Enamorus|atk|1\n|-boost|p1b: Enamorus|def|1\n|-enditem|p2a: Azumarill|Figy Berry|[eat]\n|-heal|p2a: Azumarill|43\/100|[from] item: Figy Berry\n|move|p2a: Azumarill|Play Rough|p1a: Iron Hands|[miss]\n|-miss|p2a: Azumarill|p1a: Iron Hands\n|\n|upkeep\n|turn|10\n|inactive|LucarioLikesLemons has 120 seconds left.\n|\n|t:|1699128749\n|-terastallize|p1b: Enamorus|Ground\n|move|p2b: Togekiss|Thunder Wave|p1b: Enamorus\n|-immune|p1b: Enamorus\n|move|p1b: Enamorus|Iron Head|p2a: Azumarill\n|-damage|p2a: Azumarill|0 fnt\n|faint|p2a: Azumarill\n|move|p1a: Iron Hands|Rock Slide|p2b: Togekiss|[miss]\n|-miss|p1a: Iron Hands|p2b: Togekiss\n|\n|upkeep\n|\n|t:|1699128759\n|switch|p2a: Decidueye|Decidueye-Hisui, M|100\/100\n|turn|11\n|\n|t:|1699128775\n|-terastallize|p2a: Decidueye|Grass\n|move|p2a: Decidueye|Leaf Blade|p1b: Enamorus\n|-supereffective|p1b: Enamorus\n|-damage|p1b: Enamorus|0 fnt\n|faint|p1b: Enamorus\n|move|p2b: Togekiss|Dazzling Gleam|p1a: Iron Hands\n|-supereffective|p1a: Iron Hands\n|-damage|p1a: Iron Hands|32\/100\n|move|p1a: Iron Hands|Rock Slide|p2a: Decidueye|[spread] p2a,p2b\n|-supereffective|p2b: Togekiss\n|-damage|p2a: Decidueye|71\/100\n|-damage|p2b: Togekiss|0 fnt\n|faint|p2b: Togekiss\n|-heal|p1a: Iron Hands|36\/100|[from] item: Shell Bell|[of] p2: Togekiss\n|\n|-sideend|p2: KingoftheTitans|move: Tailwind\n|upkeep\n|\n|t:|1699128789\n|switch|p1b: Cresselia|Cresselia, F|100\/100\n|switch|p2b: Charizard|Charizard, F|100\/100\n|turn|12\n|\n|t:|1699128797\n|detailschange|p2b: Charizard|Charizard-Mega-X, F\n|-mega|p2b: Charizard|Charizard|Charizardite X\n|move|p1b: Cresselia|Ally Switch|p1b: Cresselia\n|swap|p1b: Cresselia|0|[from] move: Ally Switch\n|move|p2a: Decidueye|Leaf Blade|p1b: Iron Hands\n|-damage|p1b: Iron Hands|1\/100\n|move|p2b: Charizard|Flare Blitz|p1b: Iron Hands\n|-damage|p1b: Iron Hands|0 fnt\n|faint|p1b: Iron Hands\n|-end|p1b: Iron Hands|Quark Drive|[silent]\n|-damage|p2b: Charizard|99\/100|[from] Recoil\n|\n|upkeep\n|turn|13\n|\n|t:|1699128813\n|move|p2a: Decidueye|Leaf Blade|p1a: Cresselia\n|-crit|p1a: Cresselia\n|-damage|p1a: Cresselia|39\/100\n|move|p2b: Charizard|Dragon Dance|p2b: Charizard\n|-boost|p2b: Charizard|atk|1\n|-boost|p2b: Charizard|spe|1\n|move|p1a: Cresselia|Reflect|p1a: Cresselia\n|-sidestart|p1: LucarioLikesLemons|Reflect\n|\n|-heal|p1a: Cresselia|45\/100|[from] item: Leftovers\n|upkeep\n|turn|14\n|\n|t:|1699128823\n|move|p2b: Charizard|Flare Blitz|p1a: Cresselia\n|-damage|p1a: Cresselia|0 fnt\n|faint|p1a: Cresselia\n|-damage|p2b: Charizard|80\/100|[from] Recoil\n|\n|win|KingoftheTitans\n|raw|LucarioLikesLemons's rating: 1133 &rarr; <strong>1118<\/strong><br \/>(-15 for losing)\n|raw|KingoftheTitans's rating: 1282 &rarr; <strong>1297<\/strong><br \/>(+15 for winning)\n|c|\u2606LucarioLikesLemons|gg\n|c|\u2606LucarioLikesLemons|wp\n|c|\u2606KingoftheTitans|gg\n|l|\u2606LucarioLikesLemons\n|c|\u2606KingoftheTitans|u2\n","uploadtime":1699128835,"views":7,"p1id":"lucariolikeslemons","p2id":"kingofthetitans","formatid":"gen9nationaldexdoubles","rating":1118,"private":0,"password":""}