{"id":"gen9nationaldexdoubles-1977079996","p1":"harshuaz","p2":"Denvah_17","format":"[Gen 9] National Dex Doubles","log":"|j|\u2606harshuaz\n|j|\u2606Denvah_17\n|t:|1698369283\n|gametype|doubles\n|player|p1|harshuaz|170|1113\n|player|p2|Denvah_17|alder|1367\n|teamsize|p1|6\n|teamsize|p2|6\n|gen|9\n|tier|[Gen 9] National Dex Doubles\n|rated|\n|rule|HP Percentage Mod: HP is shown in percentages\n|rule|Endless Battle Clause: Forcing endless battles is banned\n|rule|OHKO Clause: OHKO moves are banned\n|rule|Evasion Moves Clause: Evasion moves are banned\n|rule|Evasion Abilities Clause: Evasion abilities are banned\n|rule|Species Clause: Limit one of each Pok\u00e9mon\n|rule|Gravity Sleep Clause: The combination of sleep-inducing moves with imperfect accuracy and Gravity or Gigantamax Orbeetle are banned\n|clearpoke\n|poke|p1|Sableye, F|\n|poke|p1|Falinks|\n|poke|p1|Indeedee-F, F|\n|poke|p1|Flamigo, F|\n|poke|p1|Amoonguss, F|\n|poke|p1|Diancie|\n|poke|p2|Sinistcha-Masterpiece|\n|poke|p2|Diancie|\n|poke|p2|Okidogi, M|\n|poke|p2|Ursaluna-Bloodmoon, M|\n|poke|p2|Volcanion|\n|poke|p2|Golisopod, F|\n|teampreview\n|inactive|Battle timer is ON: inactive players will automatically lose when time's up. (requested by Denvah_17)\n|inactive|Denvah_17 has 120 seconds left.\n|\n|t:|1698369346\n|start\n|switch|p1a: Gem|Sableye, F, shiny|100\/100\n|switch|p1b: SPARTANS!!!|Falinks, shiny|100\/100\n|switch|p2a: NowThisIsPodRacing|Golisopod, F|100\/100\n|switch|p2b: Rihanna|Diancie, shiny|100\/100\n|turn|1\n|\n|t:|1698369359\n|move|p2a: NowThisIsPodRacing|First Impression|p1a: Gem\n|-damage|p1a: Gem|42\/100\n|-damage|p2a: NowThisIsPodRacing|91\/100|[from] item: Life Orb\n|move|p1a: Gem|Mean Look|p1b: SPARTANS!!!\n|-activate|p1b: SPARTANS!!!|trapped\n|move|p1b: SPARTANS!!!|No Retreat|p1b: SPARTANS!!!\n|-boost|p1b: SPARTANS!!!|atk|1\n|-boost|p1b: SPARTANS!!!|def|1\n|-boost|p1b: SPARTANS!!!|spa|1\n|-boost|p1b: SPARTANS!!!|spd|1\n|-boost|p1b: SPARTANS!!!|spe|1\n|move|p2b: Rihanna|Trick Room|p2b: Rihanna\n|-fieldstart|move: Trick Room|[of] p2b: Rihanna\n|\n|-heal|p1a: Gem|49\/100|[from] item: Leftovers\n|upkeep\n|turn|2\n|\n|t:|1698369381\n|move|p2a: NowThisIsPodRacing|Wide Guard|p2a: NowThisIsPodRacing\n|-singleturn|p2a: NowThisIsPodRacing|Wide Guard\n|move|p1a: Gem|Skill Swap|p1b: SPARTANS!!!\n|-activate|p1a: Gem|move: Skill Swap|||[of] p1b: SPARTANS!!!\n|move|p1b: SPARTANS!!!|No Retreat|p1b: SPARTANS!!!\n|-boost|p1b: SPARTANS!!!|atk|1\n|-boost|p1b: SPARTANS!!!|def|1\n|-boost|p1b: SPARTANS!!!|spa|1\n|-boost|p1b: SPARTANS!!!|spd|1\n|-boost|p1b: SPARTANS!!!|spe|1\n|move|p2b: Rihanna|Dazzling Gleam|p1a: Gem|[spread] p1a,p1b\n|-supereffective|p1a: Gem\n|-supereffective|p1b: SPARTANS!!!\n|-crit|p1b: SPARTANS!!!\n|-damage|p1a: Gem|0 fnt\n|-damage|p1b: SPARTANS!!!|2\/100\n|faint|p1a: Gem\n|\n|-heal|p1b: SPARTANS!!!|8\/100|[from] item: Leftovers\n|upkeep\n|inactive|harshuaz has 120 seconds left.\n|\n|t:|1698369400\n|switch|p1a: pink|Flamigo, F, shiny|100\/100\n|-copyboost|p1a: pink|p1b: SPARTANS!!!|[from] ability: Costar\n|turn|3\n|\n|t:|1698369417\n|move|p2a: NowThisIsPodRacing|Wide Guard|p2a: NowThisIsPodRacing\n|-singleturn|p2a: NowThisIsPodRacing|Wide Guard\n|move|p2b: Rihanna|Dazzling Gleam|p1b: SPARTANS!!!|[spread] p1a,p1b\n|-supereffective|p1a: pink\n|-supereffective|p1b: SPARTANS!!!\n|-damage|p1a: pink|68\/100\n|-damage|p1b: SPARTANS!!!|0 fnt\n|faint|p1b: SPARTANS!!!\n|move|p1a: pink|Acrobatics|p2a: NowThisIsPodRacing\n|-supereffective|p2a: NowThisIsPodRacing\n|-crit|p2a: NowThisIsPodRacing\n|-damage|p2a: NowThisIsPodRacing|0 fnt\n|faint|p2a: NowThisIsPodRacing\n|\n|upkeep\n|inactive|Denvah_17 has 120 seconds left.\n|\n|t:|1698369458\n|switch|p2a: Freddy Fazbear|Ursaluna-Bloodmoon, M|100\/100\n|switch|p1b: sus|Amoonguss, F, shiny|100\/100\n|turn|4\n|\n|t:|1698369480\n|switch|p2b: Grass Latte|Sinistcha-Masterpiece|100\/100\n|move|p1b: sus|Spore|p2a: Freddy Fazbear\n|-status|p2a: Freddy Fazbear|slp|[from] move: Spore\n|cant|p2a: Freddy Fazbear|slp\n|move|p1a: pink|Close Combat|p2a: Freddy Fazbear\n|-supereffective|p2a: Freddy Fazbear\n|-damage|p2a: Freddy Fazbear|0 fnt\n|-unboost|p1a: pink|def|1\n|-unboost|p1a: pink|spd|1\n|faint|p2a: Freddy Fazbear\n|\n|upkeep\n|\n|t:|1698369487\n|switch|p2a: Rihanna|Diancie, shiny|100\/100\n|turn|5\n|\n|t:|1698369507\n|move|p2a: Rihanna|Dazzling Gleam|p1b: sus|[spread] p1a,p1b\n|-supereffective|p1a: pink\n|-resisted|p1b: sus\n|-damage|p1a: pink|23\/100\n|-damage|p1b: sus|91\/100\n|move|p1b: sus|Spore|p2a: Rihanna\n|-status|p2a: Rihanna|slp|[from] move: Spore\n|move|p2b: Grass Latte|Strength Sap|p1a: pink\n|-unboost|p1a: pink|atk|1\n|move|p1a: pink|Acrobatics|p2b: Grass Latte\n|-supereffective|p2b: Grass Latte\n|-damage|p2b: Grass Latte|31\/100\n|-enditem|p2b: Grass Latte|Weakness Policy\n|-boost|p2b: Grass Latte|atk|2|[from] item: Weakness Policy\n|-boost|p2b: Grass Latte|spa|2|[from] item: Weakness Policy\n|\n|-heal|p1b: sus|97\/100|[from] item: Black Sludge\n|-fieldend|move: Trick Room\n|upkeep\n|turn|6\n|\n|t:|1698369533\n|move|p1a: pink|Acrobatics|p2b: Grass Latte\n|-supereffective|p2b: Grass Latte\n|-damage|p2b: Grass Latte|0 fnt\n|faint|p2b: Grass Latte\n|move|p1b: sus|Pollen Puff|p1a: pink\n|-heal|p1a: pink|73\/100\n|cant|p2a: Rihanna|slp\n|\n|-heal|p1b: sus|100\/100|[from] item: Black Sludge\n|upkeep\n|\n|t:|1698369539\n|switch|p2b: Mr. Saxobeat|Volcanion|100\/100\n|turn|7\n|\n|t:|1698369561\n|-terastallize|p2b: Mr. Saxobeat|Fire\n|move|p1b: sus|Rage Powder|p1b: sus\n|-singleturn|p1b: sus|move: Rage Powder\n|move|p1a: pink|Acrobatics|p2b: Mr. Saxobeat\n|-damage|p2b: Mr. Saxobeat|68\/100\n|move|p2b: Mr. Saxobeat|Heat Wave|p1a: pink|[spread] p1a,p1b\n|-supereffective|p1b: sus\n|-damage|p1a: pink|19\/100\n|-damage|p1b: sus|4\/100\n|cant|p2a: Rihanna|slp\n|\n|-heal|p2b: Mr. Saxobeat|74\/100|[from] item: Leftovers\n|-heal|p1b: sus|10\/100|[from] item: Black Sludge\n|upkeep\n|turn|8\n|\n|t:|1698369590\n|move|p2b: Mr. Saxobeat|Protect|p2b: Mr. Saxobeat\n|-singleturn|p2b: Mr. Saxobeat|Protect\n|move|p1a: pink|Close Combat|p2a: Rihanna\n|-damage|p2a: Rihanna|43\/100 slp\n|-unboost|p1a: pink|def|1\n|-unboost|p1a: pink|spd|1\n|move|p1b: sus|Pollen Puff|p1a: pink\n|-heal|p1a: pink|68\/100\n|-curestatus|p2a: Rihanna|slp|[msg]\n|move|p2a: Rihanna|Dazzling Gleam|p1b: sus|[spread] p1a,p1b\n|-supereffective|p1a: pink\n|-resisted|p1b: sus\n|-damage|p1a: pink|7\/100\n|-damage|p1b: sus|1\/100\n|\n|-heal|p2b: Mr. Saxobeat|80\/100|[from] item: Leftovers\n|-heal|p1b: sus|8\/100|[from] item: Black Sludge\n|upkeep\n|turn|9\n|\n|t:|1698369619\n|move|p1b: sus|Rage Powder|p1b: sus\n|-singleturn|p1b: sus|move: Rage Powder\n|move|p1a: pink|Close Combat|p2a: Rihanna\n|-damage|p2a: Rihanna|0 fnt\n|-unboost|p1a: pink|def|1\n|-unboost|p1a: pink|spd|1\n|faint|p2a: Rihanna\n|move|p2b: Mr. Saxobeat|Heat Wave|p1b: sus|[spread] p1b\n|-miss|p2b: Mr. Saxobeat|p1a: pink\n|-supereffective|p1b: sus\n|-damage|p1b: sus|0 fnt\n|faint|p1b: sus\n|\n|-heal|p2b: Mr. Saxobeat|86\/100|[from] item: Leftovers\n|upkeep\n|\n|t:|1698369637\n|switch|p1b: AshleyLookAtMe|Indeedee-F, F, shiny|100\/100\n|switch|p2a: Dogecoin|Okidogi, M|100\/100\n|-fieldstart|move: Psychic Terrain|[from] ability: Psychic Surge|[of] p1b: AshleyLookAtMe\n|turn|10\n|\n|t:|1698369651\n|move|p1a: pink|Close Combat|p2b: Mr. Saxobeat\n|-damage|p2b: Mr. Saxobeat|21\/100\n|-unboost|p1a: pink|def|1\n|-unboost|p1a: pink|spd|1\n|move|p2a: Dogecoin|Knock Off|p1b: AshleyLookAtMe\n|-supereffective|p1b: AshleyLookAtMe\n|-damage|p1b: AshleyLookAtMe|0 fnt\n|-enditem|p1b: AshleyLookAtMe|Aguav Berry|[from] move: Knock Off|[of] p2a: Dogecoin\n|faint|p1b: AshleyLookAtMe\n|move|p2b: Mr. Saxobeat|Heat Wave|p1a: pink\n|-damage|p1a: pink|0 fnt\n|faint|p1a: pink\n|\n|-heal|p2b: Mr. Saxobeat|27\/100|[from] item: Leftovers\n|upkeep\n|\n|t:|1698369670\n|switch|p1b: Gem (2)|Diancie, shiny|100\/100\n|turn|11\n|\n|t:|1698369691\n|detailschange|p1b: Gem (2)|Diancie-Mega, shiny\n|-mega|p1b: Gem (2)|Diancie|Diancite\n|move|p1b: Gem (2)|Diamond Storm|p2a: Dogecoin|[spread] p2a,p2b\n|-resisted|p2a: Dogecoin\n|-supereffective|p2b: Mr. Saxobeat\n|-damage|p2a: Dogecoin|80\/100\n|-damage|p2b: Mr. Saxobeat|0 fnt\n|faint|p2b: Mr. Saxobeat\n|move|p2a: Dogecoin|Poison Jab|p1b: Gem (2)\n|-damage|p1b: Gem (2)|39\/100\n|\n|upkeep\n|turn|12\n|inactive|harshuaz has 120 seconds left.\n|\n|t:|1698369723\n|move|p1b: Gem (2)|Rock Slide|p2a: Dogecoin\n|-resisted|p2a: Dogecoin\n|-damage|p2a: Dogecoin|61\/100\n|move|p2a: Dogecoin|Poison Jab|p1b: Gem (2)\n|-damage|p1b: Gem (2)|0 fnt\n|faint|p1b: Gem (2)\n|\n|win|Denvah_17\n|raw|harshuaz's rating: 1113 &rarr; <strong>1104<\/strong><br \/>(-9 for losing)\n|raw|Denvah_17's rating: 1367 &rarr; <strong>1375<\/strong><br \/>(+8 for winning)\n|l|\u2606harshuaz\n","uploadtime":1698369736,"views":5,"p1id":"harshuaz","p2id":"denvah17","formatid":"gen9nationaldexdoubles","rating":1104,"private":0,"password":""}