{"id":"gen9nationaldexdoubles-1956210598","p1":"eli best judes","p2":"OrangeObama","format":"[Gen 9] National Dex Doubles","log":"|j|\u2606eli best judes\n|j|\u2606OrangeObama\n|t:|1696085739\n|gametype|doubles\n|player|p1|eli best judes|102|1127\n|player|p2|OrangeObama|acetrainer-gen4dp|1046\n|teamsize|p1|6\n|teamsize|p2|6\n|gen|9\n|tier|[Gen 9] National Dex Doubles\n|rated|\n|rule|HP Percentage Mod: HP is shown in percentages\n|rule|Endless Battle Clause: Forcing endless battles is banned\n|rule|OHKO Clause: OHKO moves are banned\n|rule|Evasion Moves Clause: Evasion moves are banned\n|rule|Evasion Abilities Clause: Evasion abilities are banned\n|rule|Species Clause: Limit one of each Pok\u00e9mon\n|rule|Gravity Sleep Clause: The combination of sleep-inducing moves with imperfect accuracy and Gravity or Gigantamax Orbeetle are banned\n|clearpoke\n|poke|p1|Lurantis, F|\n|poke|p1|Enamorus, F|\n|poke|p1|Diancie|\n|poke|p1|Skeledirge, M|\n|poke|p1|Regieleki|\n|poke|p1|Infernape, M|\n|poke|p2|Latios, M|\n|poke|p2|Landorus-Therian, M|\n|poke|p2|Ogerpon-Wellspring, F|\n|poke|p2|Hitmontop, M|\n|poke|p2|Clefairy, M|\n|poke|p2|Eevee, F|\n|teampreview\n|inactive|Battle timer is ON: inactive players will automatically lose when time's up. (requested by OrangeObama)\n|\n|t:|1696085761\n|start\n|switch|p1a: Lurantis|Lurantis, F|100\/100\n|switch|p1b: Enamorus|Enamorus, F|100\/100\n|switch|p2a: Hitmontop|Hitmontop, M|100\/100\n|switch|p2b: Eevee|Eevee, F|100\/100\n|-ability|p2a: Hitmontop|Intimidate|boost\n|-boost|p1a: Lurantis|atk|1\n|-boost|p1b: Enamorus|atk|1\n|turn|1\n|\n|t:|1696085783\n|-terastallize|p1b: Enamorus|Fighting\n|move|p2a: Hitmontop|Fake Out|p1b: Enamorus\n|-damage|p1b: Enamorus|84\/100\n|cant|p1b: Enamorus|flinch\n|-zpower|p2b: Eevee\n|move|p2b: Eevee|Extreme Evoboost|p2b: Eevee\n|-boost|p2b: Eevee|atk|2\n|-boost|p2b: Eevee|def|2\n|-boost|p2b: Eevee|spa|2\n|-boost|p2b: Eevee|spd|2\n|-boost|p2b: Eevee|spe|2\n|move|p1a: Lurantis|Leaf Storm|p2b: Eevee\n|-damage|p2b: Eevee|64\/100\n|-boost|p1a: Lurantis|spa|2\n|\n|upkeep\n|turn|2\n|\n|t:|1696085811\n|move|p2b: Eevee|Baton Pass|p2b: Eevee\n|\n|t:|1696085813\n|switch|p2b: Latios|Latios, M|100\/100|[from] Baton Pass\n|move|p1b: Enamorus|Superpower|p2a: Hitmontop\n|-damage|p2a: Hitmontop|12\/100\n|-boost|p1b: Enamorus|atk|1\n|-boost|p1b: Enamorus|def|1\n|-enditem|p2a: Hitmontop|Sitrus Berry|[eat]\n|-heal|p2a: Hitmontop|37\/100|[from] item: Sitrus Berry\n|move|p2a: Hitmontop|Close Combat|p1a: Lurantis\n|-damage|p1a: Lurantis|48\/100\n|-unboost|p2a: Hitmontop|def|1\n|-unboost|p2a: Hitmontop|spd|1\n|move|p1a: Lurantis|Leaf Storm|p2b: Latios|[miss]\n|-miss|p1a: Lurantis|p2b: Latios\n|\n|upkeep\n|turn|3\n|\n|t:|1696085836\n|detailschange|p2b: Latios|Latios-Mega, M\n|-mega|p2b: Latios|Latios|Latiosite\n|move|p2b: Latios|Stored Power|p1b: Enamorus\n|-supereffective|p1b: Enamorus\n|-damage|p1b: Enamorus|0 fnt\n|faint|p1b: Enamorus\n|move|p2a: Hitmontop|Close Combat|p1a: Lurantis\n|-damage|p1a: Lurantis|0 fnt\n|-unboost|p2a: Hitmontop|def|1\n|-unboost|p2a: Hitmontop|spd|1\n|faint|p1a: Lurantis\n|\n|upkeep\n|inactive|eli best judes has 120 seconds left.\n|\n|t:|1696085852\n|switch|p1b: Skeledirge|Skeledirge, M|100\/100\n|switch|p1a: Diancie|Diancie|100\/100\n|turn|4\n|\n|t:|1696085867\n|switch|p2a: Clefairy|Clefairy, M|100\/100\n|move|p2b: Latios|Stored Power|p1b: Skeledirge\n|-damage|p1b: Skeledirge|0 fnt\n|faint|p1b: Skeledirge\n|move|p1a: Diancie|Play Rough|p2b: Latios\n|-supereffective|p2b: Latios\n|-damage|p2b: Latios|77\/100\n|\n|upkeep\n|\n|t:|1696085878\n|switch|p1b: Regieleki|Regieleki|100\/100\n|turn|5\n|\n|t:|1696085893\n|move|p2a: Clefairy|Follow Me|p2a: Clefairy\n|-singleturn|p2a: Clefairy|move: Follow Me\n|move|p1b: Regieleki|Charge Beam|p2a: Clefairy\n|-crit|p2a: Clefairy\n|-damage|p2a: Clefairy|68\/100\n|-boost|p1b: Regieleki|spa|1\n|move|p2b: Latios|Stored Power|p1a: Diancie\n|-damage|p1a: Diancie|0 fnt\n|faint|p1a: Diancie\n|\n|upkeep\n|\n|t:|1696085904\n|switch|p1a: Infernape|Infernape, M|100\/100\n|turn|6\n|\n|t:|1696085918\n|switch|p2a: Landorus|Landorus-Therian, M|100\/100\n|-ability|p2a: Landorus|Intimidate|boost\n|-unboost|p1a: Infernape|atk|1\n|-unboost|p1b: Regieleki|atk|1\n|move|p1b: Regieleki|Charge Beam|p2a: Landorus\n|-immune|p2a: Landorus\n|move|p2b: Latios|Stored Power|p1b: Regieleki\n|-damage|p1b: Regieleki|0 fnt\n|faint|p1b: Regieleki\n|move|p1a: Infernape|Fire Punch|p2a: Landorus\n|-damage|p2a: Landorus|78\/100\n|-status|p2a: Landorus|brn\n|\n|-damage|p2a: Landorus|72\/100 brn|[from] brn\n|upkeep\n|turn|7\n|-message|eli best judes forfeited.\n|\n|win|OrangeObama\n|raw|eli best judes's rating: 1127 &rarr; <strong>1096<\/strong><br \/>(-31 for losing)\n|raw|OrangeObama's rating: 1046 &rarr; <strong>1087<\/strong><br \/>(+41 for winning)\n|l|\u2606eli best judes\n|c|\u2606OrangeObama|gg\n","uploadtime":1696085938,"views":8,"p1id":"elibestjudes","p2id":"orangeobama","formatid":"gen9nationaldexdoubles","rating":1087,"private":0,"password":""}