{"id":"gen9nationaldexdoubles-1947446301","p1":"clipsewashere","p2":"El Ryuk456","format":"[Gen 9] National Dex Doubles","log":"|j|\u2606clipsewashere\n|j|\u2606El Ryuk456\n|t:|1695161474\n|gametype|doubles\n|player|p1|clipsewashere|acerola|1088\n|player|p2|El Ryuk456|blaine|1335\n|teamsize|p1|6\n|teamsize|p2|6\n|gen|9\n|tier|[Gen 9] National Dex Doubles\n|rated|\n|rule|HP Percentage Mod: HP is shown in percentages\n|rule|Endless Battle Clause: Forcing endless battles is banned\n|rule|OHKO Clause: OHKO moves are banned\n|rule|Evasion Moves Clause: Evasion moves are banned\n|rule|Evasion Abilities Clause: Evasion abilities are banned\n|rule|Species Clause: Limit one of each Pok\u00e9mon\n|rule|Gravity Sleep Clause: The combination of sleep-inducing moves with imperfect accuracy and Gravity or Gigantamax Orbeetle are banned\n|clearpoke\n|poke|p1|Basculegion-F, F|\n|poke|p1|Chien-Pao|\n|poke|p1|Clefairy, F|\n|poke|p1|Kingambit, F|\n|poke|p1|Rillaboom, M|\n|poke|p1|Pelipper, M|\n|poke|p2|Blaziken, M|\n|poke|p2|Sceptile, M|\n|poke|p2|Blissey, F|\n|poke|p2|Dusknoir, F|\n|poke|p2|Pawmot, M|\n|poke|p2|Pelipper, M|\n|teampreview\n|inactive|Battle timer is ON: inactive players will automatically lose when time's up. (requested by clipsewashere)\n|\n|t:|1695161491\n|start\n|switch|p1a: Pelipper|Pelipper, M, shiny|100\/100\n|switch|p1b: Rillaboom|Rillaboom, M|100\/100\n|switch|p2a: Inferno|Blaziken, M|100\/100\n|switch|p2b: Leo|Sceptile, M|100\/100\n|-fieldstart|move: Grassy Terrain|[from] ability: Grassy Surge|[of] p1b: Rillaboom\n|-weather|RainDance|[from] ability: Drizzle|[of] p1a: Pelipper\n|turn|1\n|\n|t:|1695161514\n|detailschange|p2a: Inferno|Blaziken-Mega, M\n|-mega|p2a: Inferno|Blaziken|Blazikenite\n|move|p2b: Leo|Protect|p2b: Leo\n|-singleturn|p2b: Leo|Protect\n|move|p2a: Inferno|Protect|p2a: Inferno\n|-singleturn|p2a: Inferno|Protect\n|move|p1b: Rillaboom|Earthquake|p2b: Leo|[spread] \n|-activate|p2a: Inferno|move: Protect\n|-activate|p2b: Leo|move: Protect\n|-immune|p1a: Pelipper\n|move|p1a: Pelipper|Tailwind|p1a: Pelipper\n|-sidestart|p1: clipsewashere|move: Tailwind\n|\n|-weather|RainDance|[upkeep]\n|-ability|p2a: Inferno|Speed Boost|boost\n|-boost|p2a: Inferno|spe|1\n|upkeep\n|turn|2\n|\n|t:|1695161539\n|switch|p2a: Livie|Dusknoir, F|100\/100\n|-item|p1a: Pelipper|Leftovers|[from] ability: Frisk|[of] p2a: Livie|[identify]\n|-item|p1b: Rillaboom|Assault Vest|[from] ability: Frisk|[of] p2a: Livie|[identify]\n|move|p1b: Rillaboom|Earthquake|p2a: Livie|[spread] p2a,p2b\n|-immune|p1a: Pelipper\n|-resisted|p2b: Leo\n|-damage|p2a: Livie|89\/100\n|-damage|p2b: Leo|92\/100\n|move|p1a: Pelipper|Defog|p2a: Livie\n|-unboost|p2a: Livie|evasion|1\n|-fieldend|move: Grassy Terrain\n|move|p2b: Leo|Leaf Storm|p1a: Pelipper\n|-damage|p1a: Pelipper|4\/100\n|-unboost|p2b: Leo|spa|2\n|-enditem|p2b: Leo|White Herb\n|-clearnegativeboost|p2b: Leo|[silent]\n|\n|-weather|RainDance|[upkeep]\n|-heal|p1a: Pelipper|10\/100|[from] item: Leftovers\n|upkeep\n|turn|3\n|inactive|clipsewashere has 120 seconds left.\n|\n|t:|1695161571\n|switch|p1b: Chien-Pao|Chien-Pao|100\/100\n|-ability|p1b: Chien-Pao|Sword of Ruin\n|move|p2b: Leo|Leaf Storm|p1a: Pelipper\n|-damage|p1a: Pelipper|0 fnt\n|-unboost|p2b: Leo|spa|2\n|faint|p1a: Pelipper\n|move|p2a: Livie|Will-O-Wisp|p1b: Chien-Pao\n|-status|p1b: Chien-Pao|brn\n|\n|-weather|RainDance|[upkeep]\n|-damage|p1b: Chien-Pao|95\/100 brn|[from] brn\n|upkeep\n|inactive|clipsewashere has 120 seconds left.\n|\n|t:|1695161585\n|switch|p1a: Kingambit|Kingambit, F|100\/100\n|turn|4\n|\n|t:|1695161603\n|move|p1b: Chien-Pao|Ice Spinner|p2b: Leo\n|-supereffective|p2b: Leo\n|-damage|p2b: Leo|19\/100\n|move|p2b: Leo|Leaf Storm|p1b: Chien-Pao\n|-damage|p1b: Chien-Pao|34\/100 brn\n|-unboost|p2b: Leo|spa|2\n|move|p1a: Kingambit|Kowtow Cleave|p2a: Livie\n|-supereffective|p2a: Livie\n|-enditem|p2a: Livie|Colbur Berry|[eat]\n|-enditem|p2a: Livie|Colbur Berry|[weaken]\n|-damage|p2a: Livie|17\/100\n|move|p2a: Livie|Will-O-Wisp|p1a: Kingambit|[miss]\n|-miss|p2a: Livie|p1a: Kingambit\n|\n|-weather|RainDance|[upkeep]\n|-heal|p1b: Chien-Pao|40\/100 brn|[from] item: Leftovers\n|-damage|p1b: Chien-Pao|34\/100 brn|[from] brn\n|-sideend|p1: clipsewashere|move: Tailwind\n|upkeep\n|turn|5\n|\n|t:|1695161625\n|move|p2a: Livie|Ally Switch|p2a: Livie\n|swap|p2a: Livie|1|[from] move: Ally Switch\n|move|p2a: Leo|Endeavor|p1a: Kingambit\n|-damage|p1a: Kingambit|15\/100\n|move|p1b: Chien-Pao|Hex|p2b: Livie\n|-supereffective|p2b: Livie\n|-damage|p2b: Livie|0 fnt\n|faint|p2b: Livie\n|move|p1a: Kingambit|Swords Dance|p1a: Kingambit\n|-boost|p1a: Kingambit|atk|2\n|\n|-weather|none\n|-heal|p1b: Chien-Pao|40\/100 brn|[from] item: Leftovers\n|-damage|p1b: Chien-Pao|34\/100 brn|[from] brn\n|upkeep\n|inactive|El Ryuk456 has 120 seconds left.\n|\n|t:|1695161641\n|switch|p2b: Michel|Pawmot, M|100\/100\n|turn|6\n|\n|t:|1695161652\n|move|p2b: Michel|Fake Out|p1a: Kingambit\n|-resisted|p1a: Kingambit\n|-damage|p1a: Kingambit|9\/100\n|move|p2a: Leo|Leaf Storm|p1a: Kingambit\n|-resisted|p1a: Kingambit\n|-damage|p1a: Kingambit|0 fnt\n|-unboost|p2a: Leo|spa|2\n|faint|p1a: Kingambit\n|move|p1b: Chien-Pao|Ice Spinner|p2a: Leo\n|-supereffective|p2a: Leo\n|-damage|p2a: Leo|0 fnt\n|faint|p2a: Leo\n|\n|-heal|p1b: Chien-Pao|40\/100 brn|[from] item: Leftovers\n|-damage|p1b: Chien-Pao|34\/100 brn|[from] brn\n|upkeep\n|\n|t:|1695161663\n|switch|p2a: Inferno|Blaziken-Mega, M|100\/100\n|switch|p1a: Rillaboom|Rillaboom, M|100\/100\n|-fieldstart|move: Grassy Terrain|[from] ability: Grassy Surge|[of] p1a: Rillaboom\n|turn|7\n|\n|t:|1695161678\n|switch|p1b: Basculegion|Basculegion-F, F, shiny|100\/100\n|move|p2a: Inferno|Protect|p2a: Inferno\n|-singleturn|p2a: Inferno|Protect\n|move|p1a: Rillaboom|Fake Out|p2a: Inferno\n|-activate|p2a: Inferno|move: Protect\n|move|p2b: Michel|Revival Blessing|p2b: Michel\n|\n|t:|1695161687\n|-heal|p2: Leo|50\/100|[from] move: Revival Blessing\n|\n|-ability|p2a: Inferno|Speed Boost|boost\n|-boost|p2a: Inferno|spe|1\n|upkeep\n|turn|8\n|\n|t:|1695161706\n|move|p2a: Inferno|Flare Blitz|p1a: Rillaboom\n|-supereffective|p1a: Rillaboom\n|-damage|p1a: Rillaboom|0 fnt\n|faint|p1a: Rillaboom\n|-damage|p2a: Inferno|66\/100|[from] Recoil\n|move|p1b: Basculegion|Last Respects|p2a: Inferno\n|-damage|p2a: Inferno|0 fnt\n|faint|p2a: Inferno\n|move|p2b: Michel|Double Shock|p1b: Basculegion\n|-supereffective|p1b: Basculegion\n|-damage|p1b: Basculegion|0 fnt\n|-start|p2b: Michel|typechange|???\/Fighting|[from] move: Double Shock\n|faint|p1b: Basculegion\n|\n|upkeep\n|\n|t:|1695161723\n|switch|p1a: Clefairy|Clefairy, F|100\/100\n|switch|p2a: Mine Mine|Pelipper, M|100\/100\n|switch|p1b: Chien-Pao|Chien-Pao|34\/100 brn\n|-ability|p1b: Chien-Pao|Sword of Ruin\n|-weather|RainDance|[from] ability: Drizzle|[of] p2a: Mine Mine\n|turn|9\n|\n|t:|1695161741\n|-terastallize|p2b: Michel|Electric\n|move|p1a: Clefairy|Follow Me|p1a: Clefairy\n|-singleturn|p1a: Clefairy|move: Follow Me\n|move|p1b: Chien-Pao|Taunt|p2a: Mine Mine\n|-start|p2a: Mine Mine|move: Taunt\n|move|p2b: Michel|Double Shock|p1a: Clefairy\n|-damage|p1a: Clefairy|11\/100\n|-start|p2b: Michel|typechange|Electric|[from] move: Double Shock\n|move|p2a: Mine Mine|Hurricane|p1a: Clefairy\n|-damage|p1a: Clefairy|0 fnt\n|faint|p1a: Clefairy\n|\n|-weather|RainDance|[upkeep]\n|-heal|p1b: Chien-Pao|40\/100 brn|[from] Grassy Terrain\n|-heal|p1b: Chien-Pao|46\/100 brn|[from] item: Leftovers\n|-damage|p1b: Chien-Pao|40\/100 brn|[from] brn\n|upkeep\n|turn|10\n|\n|t:|1695161757\n|move|p1b: Chien-Pao|Hex|p2b: Michel\n|-damage|p2b: Michel|75\/100\n|move|p2b: Michel|Double Shock|p1b: Chien-Pao\n|-damage|p1b: Chien-Pao|0 fnt\n|-start|p2b: Michel|typechange|Electric|[from] move: Double Shock\n|faint|p1b: Chien-Pao\n|\n|win|El Ryuk456\n|raw|clipsewashere's rating: 1088 &rarr; <strong>1079<\/strong><br \/>(-9 for losing)\n|raw|El Ryuk456's rating: 1335 &rarr; <strong>1343<\/strong><br \/>(+8 for winning)\n|l|\u2606clipsewashere\n","uploadtime":1695161763,"views":4,"p1id":"clipsewashere","p2id":"elryuk456","formatid":"gen9nationaldexdoubles","rating":1079,"private":0,"password":""}