{"id":"gen9nationaldexdoubles-1975449728","p1":"Yu hung lo","p2":"Castor Sanchez","format":"[Gen 9] National Dex Doubles","log":"|j|\u2606Yu hung lo\n|j|\u2606Castor Sanchez\n|t:|1698192581\n|gametype|doubles\n|player|p1|Yu hung lo|janitor|1631\n|player|p2|Castor Sanchez|pokekid|1420\n|teamsize|p1|6\n|teamsize|p2|6\n|gen|9\n|tier|[Gen 9] National Dex Doubles\n|rated|\n|rule|HP Percentage Mod: HP is shown in percentages\n|rule|Endless Battle Clause: Forcing endless battles is banned\n|rule|OHKO Clause: OHKO moves are banned\n|rule|Evasion Moves Clause: Evasion moves are banned\n|rule|Evasion Abilities Clause: Evasion abilities are banned\n|rule|Species Clause: Limit one of each Pok\u00e9mon\n|rule|Gravity Sleep Clause: The combination of sleep-inducing moves with imperfect accuracy and Gravity or Gigantamax Orbeetle are banned\n|clearpoke\n|poke|p1|Swampert, F|\n|poke|p1|Pelipper, M|\n|poke|p1|Rillaboom, F|\n|poke|p1|Tornadus, M|\n|poke|p1|Tapu Koko|\n|poke|p1|Stakataka|\n|poke|p2|Pelipper, M|\n|poke|p2|Swampert, M|\n|poke|p2|Thundurus, M|\n|poke|p2|Gholdengo|\n|poke|p2|Cresselia, F|\n|poke|p2|Kingambit, M|\n|teampreview\n|inactive|Battle timer is ON: inactive players will automatically lose when time's up. (requested by Yu hung lo)\n|inactive|Yu hung lo has 120 seconds left.\n|\n|t:|1698192618\n|start\n|switch|p1a: Rillaboom|Rillaboom, F|100\/100\n|switch|p1b: Stakataka|Stakataka|100\/100\n|switch|p2a: Cresselia|Cresselia, F|100\/100\n|switch|p2b: Gholdengo|Gholdengo|100\/100\n|-fieldstart|move: Grassy Terrain|[from] ability: Grassy Surge|[of] p1a: Rillaboom\n|turn|1\n|\n|t:|1698192635\n|switch|p2a: Kingambit|Kingambit, M|100\/100\n|move|p1a: Rillaboom|Fake Out|p2a: Kingambit\n|-resisted|p2a: Kingambit\n|-damage|p2a: Kingambit|95\/100\n|-zpower|p2b: Gholdengo\n|move|p2b: Gholdengo|Corkscrew Crash|p1b: Stakataka|[zeffect]\n|-damage|p1b: Stakataka|0 fnt\n|faint|p1b: Stakataka\n|\n|-heal|p2a: Kingambit|100\/100|[from] Grassy Terrain\n|upkeep\n|\n|t:|1698192651\n|switch|p1b: Swampert|Swampert, F|100\/100\n|turn|2\n|\n|t:|1698192669\n|switch|p1a: Pelipper|Pelipper, M|100\/100\n|-weather|RainDance|[from] ability: Drizzle|[of] p1a: Pelipper\n|detailschange|p1b: Swampert|Swampert-Mega, F\n|-mega|p1b: Swampert|Swampert|Swampertite\n|move|p2a: Kingambit|Sucker Punch|p1b: Swampert\n|-damage|p1b: Swampert|67\/100\n|move|p1b: Swampert|High Horsepower|p2a: Kingambit\n|-supereffective|p2a: Kingambit\n|-damage|p2a: Kingambit|12\/100\n|move|p2b: Gholdengo|Shadow Ball|p1b: Swampert\n|-damage|p1b: Swampert|30\/100\n|-unboost|p1b: Swampert|spd|1\n|\n|-weather|RainDance|[upkeep]\n|-heal|p1b: Swampert|36\/100|[from] Grassy Terrain\n|-heal|p2a: Kingambit|19\/100|[from] Grassy Terrain\n|-heal|p2a: Kingambit|25\/100|[from] item: Leftovers\n|upkeep\n|turn|3\n|inactive|Yu hung lo has 120 seconds left.\n|\n|t:|1698192704\n|switch|p1b: Rillaboom|Rillaboom, F|100\/100\n|switch|p1a: Tapu Koko|Tapu Koko|100\/100\n|-fieldstart|move: Electric Terrain|[from] ability: Electric Surge|[of] p1a: Tapu Koko\n|move|p2a: Kingambit|Sucker Punch||[still]\n|-fail|p2a: Kingambit\n|move|p2b: Gholdengo|Make It Rain|p1a: Tapu Koko|[spread] p1a,p1b\n|-damage|p1a: Tapu Koko|34\/100\n|-damage|p1b: Rillaboom|66\/100\n|-unboost|p2b: Gholdengo|spa|1\n|\n|-weather|RainDance|[upkeep]\n|-heal|p2a: Kingambit|31\/100|[from] item: Leftovers\n|upkeep\n|turn|4\n|\n|t:|1698192720\n|move|p2b: Gholdengo|Protect|p2b: Gholdengo\n|-singleturn|p2b: Gholdengo|Protect\n|move|p2a: Kingambit|Protect|p2a: Kingambit\n|-singleturn|p2a: Kingambit|Protect\n|move|p1b: Rillaboom|Fake Out|p2a: Kingambit\n|-activate|p2a: Kingambit|move: Protect\n|-zpower|p1a: Tapu Koko\n|move|p1a: Tapu Koko|Gigavolt Havoc|p2b: Gholdengo|[zeffect]\n|-zbroken|p2b: Gholdengo\n|-damage|p2b: Gholdengo|73\/100\n|\n|-weather|RainDance|[upkeep]\n|-heal|p2a: Kingambit|37\/100|[from] item: Leftovers\n|upkeep\n|turn|5\n|\n|t:|1698192745\n|switch|p2b: Cresselia|Cresselia, F|100\/100\n|move|p1a: Tapu Koko|Thunder|p2a: Kingambit\n|-damage|p2a: Kingambit|0 fnt\n|faint|p2a: Kingambit\n|move|p1b: Rillaboom|U-turn|p2b: Cresselia\n|-supereffective|p2b: Cresselia\n|-damage|p2b: Cresselia|62\/100\n|\n|t:|1698192759\n|switch|p1b: Tornadus|Tornadus, M|100\/100|[from] U-turn\n|\n|-weather|RainDance|[upkeep]\n|upkeep\n|\n|t:|1698192765\n|switch|p2a: Thundurus|Thundurus, M|100\/100\n|turn|6\n|\n|t:|1698192791\n|move|p1a: Tapu Koko|Thunder|p2a: Thundurus\n|-damage|p2a: Thundurus|23\/100\n|move|p2a: Thundurus|Wildbolt Storm|p1b: Tornadus|[spread] p1a,p1b\n|-resisted|p1a: Tapu Koko\n|-supereffective|p1b: Tornadus\n|-damage|p1a: Tapu Koko|5\/100\n|-damage|p1b: Tornadus|10\/100\n|move|p1b: Tornadus|Bleakwind Storm|p2b: Cresselia|[spread] p2a,p2b\n|-resisted|p2a: Thundurus\n|-damage|p2a: Thundurus|0 fnt\n|-damage|p2b: Cresselia|47\/100\n|faint|p2a: Thundurus\n|move|p2b: Cresselia|Lunar Blessing|p2b: Cresselia\n|-heal|p2b: Cresselia|72\/100\n|\n|-weather|RainDance|[upkeep]\n|upkeep\n|\n|t:|1698192806\n|switch|p2a: Gholdengo|Gholdengo|73\/100\n|turn|7\n|\n|t:|1698192831\n|move|p2a: Gholdengo|Protect|p2a: Gholdengo\n|-singleturn|p2a: Gholdengo|Protect\n|move|p1a: Tapu Koko|Thunder|p2a: Gholdengo\n|-activate|p2a: Gholdengo|move: Protect\n|move|p1b: Tornadus|Bleakwind Storm|p2b: Cresselia|[spread] p2b\n|-activate|p2a: Gholdengo|move: Protect\n|-damage|p2b: Cresselia|58\/100\n|move|p2b: Cresselia|Trick Room|p2b: Cresselia\n|-fieldstart|move: Trick Room|[of] p2b: Cresselia\n|\n|-weather|RainDance|[upkeep]\n|-fieldend|move: Electric Terrain\n|upkeep\n|turn|8\n|\n|t:|1698192855\n|move|p1a: Tapu Koko|Protect|p1a: Tapu Koko\n|-singleturn|p1a: Tapu Koko|Protect\n|move|p2b: Cresselia|Psychic|p1a: Tapu Koko\n|-activate|p1a: Tapu Koko|move: Protect\n|move|p2a: Gholdengo|Shadow Ball|p1b: Tornadus\n|-damage|p1b: Tornadus|0 fnt\n|faint|p1b: Tornadus\n|\n|-weather|RainDance|[upkeep]\n|upkeep\n|\n|t:|1698192871\n|switch|p1b: Pelipper|Pelipper, M|100\/100\n|turn|9\n|\n|t:|1698192879\n|move|p1b: Pelipper|Wide Guard|p1b: Pelipper\n|-singleturn|p1b: Pelipper|Wide Guard\n|move|p2b: Cresselia|Psychic|p1a: Tapu Koko\n|-damage|p1a: Tapu Koko|0 fnt\n|faint|p1a: Tapu Koko\n|move|p2a: Gholdengo|Shadow Ball|p1b: Pelipper\n|-damage|p1b: Pelipper|56\/100\n|-unboost|p1b: Pelipper|spd|1\n|\n|-weather|none\n|upkeep\n|\n|t:|1698192886\n|switch|p1a: Swampert|Swampert-Mega, F|36\/100\n|turn|10\n|\n|t:|1698192909\n|move|p1b: Pelipper|Protect||[still]\n|-fail|p1b: Pelipper\n|move|p1a: Swampert|Protect|p1a: Swampert\n|-singleturn|p1a: Swampert|Protect\n|move|p2b: Cresselia|Psychic|p1a: Swampert\n|-activate|p1a: Swampert|move: Protect\n|move|p2a: Gholdengo|Shadow Ball|p1a: Swampert\n|-activate|p1a: Swampert|move: Protect\n|\n|upkeep\n|turn|11\n|\n|t:|1698192929\n|move|p1b: Pelipper|Hurricane|p2b: Cresselia\n|-damage|p2b: Cresselia|39\/100\n|-start|p2b: Cresselia|confusion\n|-activate|p2b: Cresselia|confusion\n|move|p2b: Cresselia|Psychic|p1a: Swampert\n|-damage|p1a: Swampert|12\/100\n|-unboost|p1a: Swampert|spd|1\n|move|p1a: Swampert|High Horsepower|p2a: Gholdengo\n|-supereffective|p2a: Gholdengo\n|-damage|p2a: Gholdengo|0 fnt\n|faint|p2a: Gholdengo\n|\n|-fieldend|move: Trick Room\n|upkeep\n|\n|t:|1698192944\n|switch|p2a: Swampert|Swampert, M|100\/100\n|turn|12\n|\n|t:|1698192961\n|switch|p1b: Rillaboom|Rillaboom, F|66\/100\n|-fieldstart|move: Grassy Terrain|[from] ability: Grassy Surge|[of] p1b: Rillaboom\n|detailschange|p2a: Swampert|Swampert-Mega, M\n|-mega|p2a: Swampert|Swampert|Swampertite\n|move|p1a: Swampert|Protect|p1a: Swampert\n|-singleturn|p1a: Swampert|Protect\n|move|p2a: Swampert|Ice Punch|p1a: Swampert\n|-activate|p1a: Swampert|move: Protect\n|-activate|p2b: Cresselia|confusion\n|-damage|p2b: Cresselia|35\/100|[from] confusion\n|\n|-heal|p1a: Swampert|18\/100|[from] Grassy Terrain\n|-heal|p1b: Rillaboom|73\/100|[from] Grassy Terrain\n|upkeep\n|turn|13\n|\n|t:|1698192980\n|move|p2a: Swampert|Protect|p2a: Swampert\n|-singleturn|p2a: Swampert|Protect\n|move|p1b: Rillaboom|Grassy Glide|p2a: Swampert\n|-activate|p2a: Swampert|move: Protect\n|move|p1a: Swampert|Liquidation|p2b: Cresselia\n|-damage|p2b: Cresselia|0 fnt\n|faint|p2b: Cresselia\n|\n|-heal|p1a: Swampert|24\/100|[from] Grassy Terrain\n|-heal|p1b: Rillaboom|79\/100|[from] Grassy Terrain\n|upkeep\n|-message|Castor Sanchez forfeited.\n|\n|win|Yu hung lo\n|raw|Yu hung lo's rating: 1631 &rarr; <strong>1640<\/strong><br \/>(+9 for winning)\n|raw|Castor Sanchez's rating: 1420 &rarr; <strong>1411<\/strong><br \/>(-9 for losing)\n|l|\u2606Castor Sanchez\n","uploadtime":1698192999,"views":10,"p1id":"yuhunglo","p2id":"castorsanchez","formatid":"gen9nationaldexdoubles","rating":1411,"private":0,"password":""}