{"id":"gen9nationaldexdoubles-1980974721","p1":"Cdawgo","p2":"Ace Kingston","format":"[Gen 9] National Dex Doubles","log":"|j|\u2606Cdawgo\n|j|\u2606Ace Kingston\n|t:|1698853638\n|gametype|doubles\n|player|p1|Cdawgo|brock|1188\n|player|p2|Ace Kingston|pokemonranger-gen4|1032\n|teamsize|p1|6\n|teamsize|p2|6\n|gen|9\n|tier|[Gen 9] National Dex Doubles\n|rated|\n|rule|HP Percentage Mod: HP is shown in percentages\n|rule|Endless Battle Clause: Forcing endless battles is banned\n|rule|OHKO Clause: OHKO moves are banned\n|rule|Evasion Moves Clause: Evasion moves are banned\n|rule|Evasion Abilities Clause: Evasion abilities are banned\n|rule|Species Clause: Limit one of each Pok\u00e9mon\n|rule|Gravity Sleep Clause: The combination of sleep-inducing moves with imperfect accuracy and Gravity or Gigantamax Orbeetle are banned\n|clearpoke\n|poke|p1|Sableye, M|\n|poke|p1|Amoonguss, M|\n|poke|p1|Medicham, F|\n|poke|p1|Garchomp, M|\n|poke|p1|Gholdengo|\n|poke|p1|Iron Hands|\n|poke|p2|Feraligatr, M|\n|poke|p2|Serperior, F|\n|poke|p2|Gallade, M|\n|poke|p2|Jolteon, M|\n|poke|p2|Lycanroc-Midnight, M|\n|poke|p2|Talonflame, M|\n|teampreview\n|inactive|Battle timer is ON: inactive players will automatically lose when time's up. (requested by Cdawgo)\n|inactive|Ace Kingston has 120 seconds left.\n|inactive|Ace Kingston has 90 seconds left.\n|\n|t:|1698853708\n|start\n|switch|p1a: Sableye|Sableye, M|100\/100\n|switch|p1b: Amoonguss|Amoonguss, M|100\/100\n|switch|p2a: Jolteon|Jolteon, M|100\/100\n|switch|p2b: Lycanroc|Lycanroc-Midnight, M|100\/100\n|turn|1\n|\n|t:|1698853728\n|move|p1a: Sableye|Skill Swap|p1b: Amoonguss\n|-activate|p1a: Sableye|move: Skill Swap|||[of] p1b: Amoonguss\n|move|p1b: Amoonguss|Spore|p2a: Jolteon\n|-status|p2a: Jolteon|slp|[from] move: Spore\n|cant|p2a: Jolteon|slp\n|move|p2b: Lycanroc|Stealth Rock|p1b: Amoonguss\n|-sidestart|p1: Cdawgo|move: Stealth Rock\n|\n|upkeep\n|turn|2\n|inactive|Ace Kingston has 120 seconds left.\n|\n|t:|1698853769\n|move|p1b: Amoonguss|Spore|p2b: Lycanroc\n|-status|p2b: Lycanroc|slp|[from] move: Spore\n|cant|p2a: Jolteon|slp\n|cant|p2b: Lycanroc|slp\n|move|p1a: Sableye|Skill Swap|p2a: Jolteon\n|-activate|p1a: Sableye|move: Skill Swap|Quick Feet|Effect Spore|[of] p2a: Jolteon\n|\n|upkeep\n|turn|3\n|inactive|Ace Kingston has 120 seconds left.\n|inactive|Ace Kingston has 90 seconds left.\n|\n|t:|1698853820\n|-terastallize|p2a: Jolteon|Electric\n|-curestatus|p2a: Jolteon|slp|[msg]\n|move|p2a: Jolteon|Thunder|p1a: Sableye\n|-damage|p1a: Sableye|12\/100\n|-status|p1a: Sableye|par\n|move|p1a: Sableye|Skill Swap|p2b: Lycanroc\n|-activate|p1a: Sableye|move: Skill Swap|Keen Eye|Quick Feet|[of] p2b: Lycanroc\n|cant|p2b: Lycanroc|slp\n|move|p1b: Amoonguss|Giga Drain|p2b: Lycanroc\n|-supereffective|p2b: Lycanroc\n|-damage|p2b: Lycanroc|26\/100 slp\n|\n|upkeep\n|turn|4\n|inactive|Ace Kingston has 90 seconds left.\n|\n|t:|1698853844\n|move|p1b: Amoonguss|Spore|p2a: Jolteon\n|-status|p2a: Jolteon|slp|[from] move: Spore\n|cant|p2a: Jolteon|slp\n|cant|p2b: Lycanroc|slp\n|move|p1a: Sableye|Pain Split|p2a: Jolteon\n|-sethp|p2a: Jolteon|56\/100 slp|[from] move: Pain Split|[silent]\n|-sethp|p1a: Sableye|55\/100 par|[from] move: Pain Split\n|\n|upkeep\n|turn|5\n|\n|t:|1698853861\n|-curestatus|p2a: Jolteon|slp|[msg]\n|move|p2a: Jolteon|Thunder|p1a: Sableye\n|-damage|p1a: Sableye|0 fnt\n|faint|p1a: Sableye\n|-curestatus|p2b: Lycanroc|slp|[msg]\n|move|p2b: Lycanroc|Brick Break|p1b: Amoonguss\n|-resisted|p1b: Amoonguss\n|-damage|p1b: Amoonguss|90\/100\n|move|p1b: Amoonguss|Giga Drain|p2a: Jolteon\n|-damage|p2a: Jolteon|23\/100\n|-heal|p1b: Amoonguss|100\/100|[from] drain|[of] p2a: Jolteon\n|\n|upkeep\n|\n|t:|1698853873\n|switch|p1a: Medicham|Medicham, F|100\/100\n|-damage|p1a: Medicham|94\/100|[from] Stealth Rock\n|turn|6\n|\n|t:|1698853879\n|detailschange|p1a: Medicham|Medicham-Mega, F\n|-mega|p1a: Medicham|Medicham|Medichamite\n|move|p1a: Medicham|Fake Out|p2a: Jolteon\n|-damage|p2a: Jolteon|0 fnt\n|-status|p1a: Medicham|par|[from] ability: Effect Spore|[of] p2a: Jolteon\n|faint|p2a: Jolteon\n|move|p1b: Amoonguss|Spore|p2b: Lycanroc\n|-status|p2b: Lycanroc|slp|[from] move: Spore\n|cant|p2b: Lycanroc|slp\n|\n|upkeep\n|\n|t:|1698853890\n|switch|p2a: Talonflame|Talonflame, M|100\/100\n|turn|7\n|\n|t:|1698853899\n|move|p1b: Amoonguss|Spore|p2a: Talonflame\n|-status|p2a: Talonflame|slp|[from] move: Spore\n|cant|p2a: Talonflame|slp\n|-curestatus|p2b: Lycanroc|slp|[msg]\n|move|p2b: Lycanroc|Earth Power|p1a: Medicham\n|-damage|p1a: Medicham|75\/100 par\n|move|p1a: Medicham|Zen Headbutt|p2a: Talonflame\n|-damage|p2a: Talonflame|3\/100 slp\n|-enditem|p2a: Talonflame|Sitrus Berry|[eat]\n|-heal|p2a: Talonflame|28\/100 slp|[from] item: Sitrus Berry\n|\n|upkeep\n|turn|8\n|\n|t:|1698853918\n|move|p1a: Medicham|Bullet Punch|p2a: Talonflame\n|-resisted|p2a: Talonflame\n|-damage|p2a: Talonflame|13\/100 slp\n|move|p1b: Amoonguss|Spore|p2b: Lycanroc\n|-status|p2b: Lycanroc|slp|[from] move: Spore\n|-curestatus|p2a: Talonflame|slp|[msg]\n|move|p2a: Talonflame|Fly||[still]\n|-prepare|p2a: Talonflame|Fly\n|cant|p2b: Lycanroc|slp\n|\n|upkeep\n|turn|9\n|\n|t:|1698853941\n|move|p2a: Talonflame|Fly|p1a: Medicham|[from]lockedmove\n|-supereffective|p1a: Medicham\n|-damage|p1a: Medicham|0 fnt\n|faint|p1a: Medicham\n|-curestatus|p2b: Lycanroc|slp|[msg]\n|move|p2b: Lycanroc|Earth Power|p1b: Amoonguss\n|-damage|p1b: Amoonguss|89\/100\n|move|p1b: Amoonguss|Giga Drain|p2b: Lycanroc\n|-supereffective|p2b: Lycanroc\n|-damage|p2b: Lycanroc|0 fnt\n|-heal|p1b: Amoonguss|99\/100|[from] drain|[of] p2b: Lycanroc\n|faint|p2b: Lycanroc\n|\n|-heal|p1b: Amoonguss|100\/100|[from] item: Leftovers\n|upkeep\n|\n|t:|1698853957\n|switch|p1a: Garchomp|Garchomp, M|100\/100\n|switch|p2b: Serperior|Serperior, F|100\/100\n|-damage|p1a: Garchomp|94\/100|[from] Stealth Rock\n|turn|10\n|\n|t:|1698853969\n|move|p1b: Amoonguss|Spore|p2a: Talonflame\n|-status|p2a: Talonflame|slp|[from] move: Spore\n|cant|p2a: Talonflame|slp\n|move|p1a: Garchomp|Poison Jab|p2b: Serperior\n|-supereffective|p2b: Serperior\n|-damage|p2b: Serperior|34\/100\n|-status|p2b: Serperior|psn\n|move|p2b: Serperior|Glare|p1a: Garchomp\n|-status|p1a: Garchomp|par\n|\n|-damage|p2b: Serperior|22\/100 psn|[from] psn\n|upkeep\n|turn|11\n|\n|t:|1698853994\n|cant|p2a: Talonflame|slp\n|move|p2b: Serperior|Giga Drain|p1a: Garchomp\n|-damage|p1a: Garchomp|39\/100 par\n|-heal|p2b: Serperior|53\/100 psn|[from] drain|[of] p1a: Garchomp\n|move|p1a: Garchomp|Poison Jab|p2b: Serperior\n|-supereffective|p2b: Serperior\n|-damage|p2b: Serperior|0 fnt\n|faint|p2b: Serperior\n|move|p1b: Amoonguss|Hex|p2a: Talonflame\n|-damage|p2a: Talonflame|0 fnt\n|faint|p2a: Talonflame\n|\n|upkeep\n|\n|t:|1698854007\n|switch|p2a: Gallade|Gallade, M, shiny|100\/100\n|switch|p2b: Feraligatr|Feraligatr, M|100\/100\n|turn|12\n|\n|t:|1698854022\n|detailschange|p2a: Gallade|Gallade-Mega, M, shiny\n|-mega|p2a: Gallade|Gallade|Galladite\n|move|p1b: Amoonguss|Spore|p2a: Gallade\n|-status|p2a: Gallade|slp|[from] move: Spore\n|cant|p2a: Gallade|slp\n|move|p2b: Feraligatr|Aqua Tail|p1a: Garchomp\n|-damage|p1a: Garchomp|0 fnt\n|-damage|p2b: Feraligatr|88\/100|[from] ability: Rough Skin|[of] p1a: Garchomp\n|faint|p1a: Garchomp\n|\n|upkeep\n|\n|t:|1698854035\n|switch|p1a: Iron Hands|Iron Hands|100\/100\n|-damage|p1a: Iron Hands|94\/100|[from] Stealth Rock\n|turn|13\n|\n|t:|1698854048\n|move|p1a: Iron Hands|Fake Out|p2a: Gallade\n|-damage|p2a: Gallade|75\/100 slp\n|-damage|p1a: Iron Hands|84\/100|[from] item: Life Orb\n|move|p1b: Amoonguss|Spore|p2b: Feraligatr\n|-status|p2b: Feraligatr|slp|[from] move: Spore\n|cant|p2a: Gallade|slp\n|cant|p2b: Feraligatr|slp\n|\n|upkeep\n|turn|14\n|\n|t:|1698854063\n|cant|p2a: Gallade|slp\n|-curestatus|p2b: Feraligatr|slp|[msg]\n|move|p2b: Feraligatr|Aqua Tail|p1a: Iron Hands\n|-damage|p1a: Iron Hands|54\/100\n|move|p1a: Iron Hands|Wild Charge|p2b: Feraligatr\n|-supereffective|p2b: Feraligatr\n|-damage|p2b: Feraligatr|0 fnt\n|faint|p2b: Feraligatr\n|-damage|p1a: Iron Hands|39\/100|[from] Recoil\n|-damage|p1a: Iron Hands|29\/100|[from] item: Life Orb\n|move|p1b: Amoonguss|Hex|p2a: Gallade\n|-supereffective|p2a: Gallade\n|-damage|p2a: Gallade|2\/100 slp\n|\n|upkeep\n|turn|15\n|\n|t:|1698854085\n|-curestatus|p2a: Gallade|slp|[msg]\n|move|p2a: Gallade|Sacred Sword|p1a: Iron Hands\n|-damage|p1a: Iron Hands|0 fnt\n|faint|p1a: Iron Hands\n|-end|p1a: Iron Hands|Quark Drive|[silent]\n|move|p1b: Amoonguss|Giga Drain|p2a: Gallade\n|-damage|p2a: Gallade|0 fnt\n|faint|p2a: Gallade\n|\n|win|Cdawgo\n|raw|Cdawgo's rating: 1188 &rarr; <strong>1202<\/strong><br \/>(+14 for winning)\n|raw|Ace Kingston's rating: 1032 &rarr; <strong>1023<\/strong><br \/>(-9 for losing)\n|l|\u2606Ace Kingston\n|l|\u2606Cdawgo\n|j|\u2606Cdawgo\n|player|p1|Cdawgo|brock\n","uploadtime":1698854135,"views":13,"p1id":"cdawgo","p2id":"acekingston","formatid":"gen9nationaldexdoubles","rating":1023,"private":0,"password":""}