{"id":"gen9nationaldexdoubles-1966682680","p1":"Atomic_Hedgefox","p2":"orca playz 76","format":"[Gen 9] National Dex Doubles","log":"|j|\u203dAtomic_Hedgefox\n|j|\u2606orca playz 76\n|t:|1697213291\n|gametype|doubles\n|player|p1|Atomic_Hedgefox|169|1140\n|player|p2|orca playz 76|102|1064\n|teamsize|p1|6\n|teamsize|p2|6\n|gen|9\n|tier|[Gen 9] National Dex Doubles\n|rated|\n|rule|HP Percentage Mod: HP is shown in percentages\n|rule|Endless Battle Clause: Forcing endless battles is banned\n|rule|OHKO Clause: OHKO moves are banned\n|rule|Evasion Moves Clause: Evasion moves are banned\n|rule|Evasion Abilities Clause: Evasion abilities are banned\n|rule|Species Clause: Limit one of each Pok\u00e9mon\n|rule|Gravity Sleep Clause: The combination of sleep-inducing moves with imperfect accuracy and Gravity or Gigantamax Orbeetle are banned\n|clearpoke\n|poke|p1|Charizard, F|\n|poke|p1|Walking Wake|\n|poke|p1|Ninetales, F|\n|poke|p1|Scizor, F|\n|poke|p1|Pikachu, F|\n|poke|p1|Chi-Yu|\n|poke|p2|Infernape, M|\n|poke|p2|Ninetales-Alola, F|\n|poke|p2|Dipplin, M|\n|poke|p2|Moltres-Galar|\n|poke|p2|Milotic, F|\n|poke|p2|Breloom, F|\n|teampreview\n|\n|t:|1697213298\n|start\n|switch|p1a: Ninetales|Ninetales, F|100\/100\n|switch|p1b: Scizor|Scizor, F|100\/100\n|switch|p2a: Moltres|Moltres-Galar|100\/100\n|switch|p2b: Ninetales|Ninetales-Alola, F|100\/100\n|-weather|SunnyDay|[from] ability: Drought|[of] p1a: Ninetales\n|-weather|Snow|[from] ability: Snow Warning|[of] p2b: Ninetales\n|turn|1\n|\n|t:|1697213319\n|-terastallize|p2a: Moltres|Dark\n|move|p1b: Scizor|Bullet Punch|p2b: Ninetales\n|-supereffective|p2b: Ninetales\n|-damage|p2b: Ninetales|0 fnt\n|faint|p2b: Ninetales\n|move|p1a: Ninetales|Heat Wave|p2a: Moltres\n|-damage|p2a: Moltres|69\/100\n|move|p2a: Moltres|Tailwind|p2a: Moltres\n|-sidestart|p2: orca playz 76|move: Tailwind\n|\n|-weather|Snow|[upkeep]\n|upkeep\n|\n|t:|1697213333\n|switch|p2b: Milotic|Milotic, F|100\/100\n|turn|2\n|\n|t:|1697213362\n|switch|p1a: Walking Wake|Walking Wake|100\/100\n|move|p2a: Moltres|Fiery Wrath|p1b: Scizor|[spread] p1a,p1b\n|-damage|p1a: Walking Wake|65\/100\n|-damage|p1b: Scizor|64\/100\n|move|p2b: Milotic|Scald|p1a: Walking Wake\n|-resisted|p1a: Walking Wake\n|-damage|p1a: Walking Wake|55\/100\n|-status|p1a: Walking Wake|brn\n|move|p1b: Scizor|Bug Bite|p2a: Moltres\n|-supereffective|p2a: Moltres\n|-damage|p2a: Moltres|0 fnt\n|faint|p2a: Moltres\n|\n|-weather|Snow|[upkeep]\n|-heal|p1a: Walking Wake|62\/100 brn|[from] item: Leftovers\n|-heal|p1b: Scizor|71\/100|[from] item: Leftovers\n|-damage|p1a: Walking Wake|55\/100 brn|[from] brn\n|-status|p2b: Milotic|brn|[from] item: Flame Orb\n|upkeep\n|\n|t:|1697213398\n|switch|p2a: Dipplin|Dipplin, M|100\/100\n|-ability|p2a: Dipplin|Supersweet Syrup\n|-ability|p2a: Dipplin|Supersweet Syrup|boost\n|-unboost|p1a: Walking Wake|evasion|1\n|-unboost|p1b: Scizor|evasion|1\n|turn|3\n|\n|t:|1697213408\n|move|p2b: Milotic|Ice Beam|p1a: Walking Wake\n|-damage|p1a: Walking Wake|29\/100 brn\n|move|p2a: Dipplin|Infestation|p1a: Walking Wake\n|-damage|p1a: Walking Wake|23\/100 brn\n|-activate|p1a: Walking Wake|move: Infestation|[of] p2a: Dipplin\n|move|p1a: Walking Wake|Sunny Day|p1a: Walking Wake\n|-weather|SunnyDay\n|-activate|p1a: Walking Wake|ability: Protosynthesis\n|-start|p1a: Walking Wake|protosynthesisspa\n|move|p1b: Scizor|Tailwind|p1b: Scizor\n|-sidestart|p1: Atomic_Hedgefox|move: Tailwind\n|\n|-weather|SunnyDay|[upkeep]\n|-heal|p1a: Walking Wake|29\/100 brn|[from] item: Leftovers\n|-heal|p1b: Scizor|77\/100|[from] item: Leftovers\n|-damage|p1a: Walking Wake|23\/100 brn|[from] brn\n|-damage|p2b: Milotic|94\/100 brn|[from] brn\n|-damage|p1a: Walking Wake|11\/100 brn|[from] move: Infestation|[partiallytrapped]\n|upkeep\n|turn|4\n|\n|t:|1697213441\n|move|p1a: Walking Wake|Flip Turn|p2b: Milotic\n|-resisted|p2b: Milotic\n|-damage|p2b: Milotic|93\/100 brn\n|\n|t:|1697213446\n|-end|p1a: Walking Wake|Protosynthesis|[silent]\n|switch|p1a: Ninetales|Ninetales, F|100\/100|[from] Flip Turn\n|move|p2b: Milotic|Dragon Pulse|p1a: Ninetales\n|-damage|p1a: Ninetales|73\/100\n|move|p2a: Dipplin|Infestation|p1b: Scizor\n|-resisted|p1b: Scizor\n|-damage|p1b: Scizor|74\/100\n|-activate|p1b: Scizor|move: Infestation|[of] p2a: Dipplin\n|move|p1b: Scizor|Bug Bite|p2a: Dipplin\n|-supereffective|p2a: Dipplin\n|-damage|p2a: Dipplin|0 fnt\n|faint|p2a: Dipplin\n|\n|-weather|SunnyDay|[upkeep]\n|-heal|p1a: Ninetales|79\/100|[from] item: Leftovers\n|-heal|p1b: Scizor|80\/100|[from] item: Leftovers\n|-damage|p2b: Milotic|87\/100 brn|[from] brn\n|-end|p1b: Scizor|Infestation|[partiallytrapped]|[silent]\n|-sideend|p2: orca playz 76|move: Tailwind\n|upkeep\n|\n|t:|1697213465\n|switch|p2a: Infernape|Infernape, M|100\/100\n|turn|5\n|\n|t:|1697213479\n|switch|p1b: Chi-Yu|Chi-Yu|100\/100\n|-ability|p1b: Chi-Yu|Beads of Ruin\n|move|p1a: Ninetales|Solar Beam||[still]\n|-prepare|p1a: Ninetales|Solar Beam\n|-anim|p1a: Ninetales|Solar Beam|p2b: Milotic\n|-supereffective|p2b: Milotic\n|-damage|p2b: Milotic|18\/100 brn\n|move|p2a: Infernape|Power-Up Punch|p1b: Chi-Yu\n|-supereffective|p1b: Chi-Yu\n|-damage|p1b: Chi-Yu|16\/100\n|-boost|p2a: Infernape|atk|1\n|move|p2b: Milotic|Scald|p1a: Ninetales\n|-supereffective|p1a: Ninetales\n|-crit|p1a: Ninetales\n|-damage|p1a: Ninetales|12\/100\n|\n|-weather|SunnyDay|[upkeep]\n|-heal|p1a: Ninetales|18\/100|[from] item: Leftovers\n|-heal|p1b: Chi-Yu|22\/100|[from] item: Leftovers\n|-damage|p2b: Milotic|12\/100 brn|[from] brn\n|upkeep\n|turn|6\n|\n|t:|1697213505\n|move|p1b: Chi-Yu|Heat Wave|p2a: Infernape|[spread] p2a,p2b\n|-resisted|p2a: Infernape\n|-resisted|p2b: Milotic\n|-damage|p2a: Infernape|38\/100\n|-damage|p2b: Milotic|0 fnt\n|faint|p2b: Milotic\n|move|p1a: Ninetales|Solar Beam||[still]\n|-prepare|p1a: Ninetales|Solar Beam\n|-anim|p1a: Ninetales|Solar Beam|p2a: Infernape\n|-resisted|p2a: Infernape\n|-damage|p2a: Infernape|7\/100\n|move|p2a: Infernape|Power-Up Punch|p1b: Chi-Yu\n|-supereffective|p1b: Chi-Yu\n|-crit|p1b: Chi-Yu\n|-damage|p1b: Chi-Yu|0 fnt\n|-boost|p2a: Infernape|atk|1\n|faint|p1b: Chi-Yu\n|\n|-weather|SunnyDay|[upkeep]\n|-heal|p1a: Ninetales|23\/100|[from] item: Leftovers\n|-sideend|p1: Atomic_Hedgefox|move: Tailwind\n|upkeep\n|\n|t:|1697213523\n|switch|p1b: Charizard|Charizard, F|100\/100\n|switch|p2b: Breloom|Breloom, F|100\/100\n|turn|7\n|\n|t:|1697213538\n|detailschange|p1b: Charizard|Charizard-Mega-Y, F\n|-mega|p1b: Charizard|Charizard|Charizardite Y\n|move|p2b: Breloom|Mach Punch|p1a: Ninetales\n|-damage|p1a: Ninetales|0 fnt\n|faint|p1a: Ninetales\n|move|p2a: Infernape|Thunder Punch|p1b: Charizard\n|-supereffective|p1b: Charizard\n|-damage|p1b: Charizard|0 fnt\n|faint|p1b: Charizard\n|\n|-weather|none\n|-status|p2b: Breloom|tox|[from] item: Toxic Orb\n|upkeep\n|\n|t:|1697213552\n|switch|p1b: Scizor|Scizor, F|80\/100\n|switch|p1a: Pikachu|Pikachu, F|100\/100\n|turn|8\n|\n|t:|1697213565\n|-terastallize|p1a: Pikachu|Normal\n|move|p1a: Pikachu|Extreme Speed|p2a: Infernape\n|-damage|p2a: Infernape|0 fnt\n|faint|p2a: Infernape\n|move|p2b: Breloom|Mach Punch|p1b: Scizor\n|-damage|p1b: Scizor|56\/100\n|move|p1b: Scizor|Bug Bite|p2b: Breloom\n|-damage|p2b: Breloom|21\/100 tox\n|\n|-heal|p1b: Scizor|62\/100|[from] item: Leftovers\n|-heal|p2b: Breloom|33\/100 tox|[from] ability: Poison Heal\n|upkeep\n|turn|9\n|\n|t:|1697213583\n|move|p1a: Pikachu|Extreme Speed|p2b: Breloom\n|-damage|p2b: Breloom|0 fnt\n|faint|p2b: Breloom\n|\n|win|Atomic_Hedgefox\n|raw|Atomic_Hedgefox's rating: 1140 &rarr; <strong>1160<\/strong><br \/>(+20 for winning)\n|raw|orca playz 76's rating: 1064 &rarr; <strong>1049<\/strong><br \/>(-15 for losing)\n|l|\u2606orca playz 76\n","uploadtime":1697213593,"views":9,"p1id":"atomichedgefox","p2id":"orcaplayz76","formatid":"gen9nationaldexdoubles","rating":1049,"private":0,"password":""}