{"id":"gen9nationaldexdoubles-1955703955","p1":"UncleKars","p2":"parkle","format":"[Gen 9] National Dex Doubles","log":"|j|\u2606UncleKars\n|j|\u2606parkle\n|t:|1696019977\n|gametype|doubles\n|player|p1|UncleKars|silver|\n|player|p2|parkle|bugcatcher-gen4dp|\n|teamsize|p1|6\n|teamsize|p2|6\n|gen|9\n|tier|[Gen 9] National Dex Doubles\n|rule|HP Percentage Mod: HP is shown in percentages\n|rule|Endless Battle Clause: Forcing endless battles is banned\n|rule|OHKO Clause: OHKO moves are banned\n|rule|Evasion Moves Clause: Evasion moves are banned\n|rule|Evasion Abilities Clause: Evasion abilities are banned\n|rule|Species Clause: Limit one of each Pok\u00e9mon\n|rule|Gravity Sleep Clause: The combination of sleep-inducing moves with imperfect accuracy and Gravity or Gigantamax Orbeetle are banned\n|clearpoke\n|poke|p1|Camerupt, F|\n|poke|p1|Torkoal, M|\n|poke|p1|Houndoom, M|\n|poke|p1|Vileplume, M|\n|poke|p1|Chandelure, F|\n|poke|p1|Venusaur, F|\n|poke|p2|Dragonite, F|\n|poke|p2|Salamence, M|\n|poke|p2|Haxorus, M|\n|poke|p2|Drampa, F|\n|poke|p2|Arboliva, F|\n|poke|p2|Plusle, F|\n|teampreview\n|\n|t:|1696020032\n|start\n|switch|p1a: Torkoal|Torkoal, M|100\/100\n|switch|p1b: Venusaur|Venusaur, F|100\/100\n|switch|p2a: Pellie|Plusle, F|100\/100\n|switch|p2b: Luci|Drampa, F|100\/100\n|-weather|SunnyDay|[from] ability: Drought|[of] p1a: Torkoal\n|turn|1\n|c|\u2606parkle|ah. shit.\n|j| AutumnCookie\n|c|\u2606UncleKars|:D\n|\n|t:|1696020086\n|move|p1b: Venusaur|Petal Blizzard|p2a: Pellie|[spread] p1a,p2a,p2b\n|-resisted|p1a: Torkoal\n|-resisted|p2b: Luci\n|-damage|p1a: Torkoal|94\/100\n|-damage|p2a: Pellie|45\/100\n|-damage|p2b: Luci|87\/100\n|move|p2a: Pellie|Nasty Plot|p2a: Pellie\n|-boost|p2a: Pellie|spa|2\n|move|p2b: Luci|Surf|p1b: Venusaur|[spread] p2a,p1a,p1b\n|-supereffective|p1a: Torkoal\n|-resisted|p1b: Venusaur\n|-damage|p2a: Pellie|22\/100\n|-damage|p1a: Torkoal|68\/100\n|-damage|p1b: Venusaur|93\/100\n|move|p1a: Torkoal|Toxic|p2b: Luci|[miss]\n|-miss|p1a: Torkoal|p2b: Luci\n|\n|-weather|SunnyDay|[upkeep]\n|-heal|p2b: Luci|93\/100|[from] item: Leftovers\n|-heal|p1a: Torkoal|74\/100|[from] item: Leftovers\n|upkeep\n|turn|2\n|c|\u2606parkle|oh my god\n|c|\u2606parkle|thats EVIL\n|c|\u2606UncleKars|haha what's evil\n|\n|t:|1696020114\n|move|p1b: Venusaur|Petal Blizzard|p2a: Pellie|[spread] p1a,p2a,p2b\n|-resisted|p1a: Torkoal\n|-resisted|p2b: Luci\n|-damage|p1a: Torkoal|68\/100\n|-damage|p2a: Pellie|0 fnt\n|-damage|p2b: Luci|81\/100\n|faint|p2a: Pellie\n|move|p2b: Luci|Hyper Voice|p1b: Venusaur|[spread] p1a,p1b\n|-damage|p1a: Torkoal|25\/100\n|-damage|p1b: Venusaur|48\/100\n|move|p1a: Torkoal|Heat Wave|p2b: Luci\n|-resisted|p2b: Luci\n|-damage|p2b: Luci|54\/100\n|\n|-weather|SunnyDay|[upkeep]\n|-heal|p2b: Luci|60\/100|[from] item: Leftovers\n|-heal|p1a: Torkoal|31\/100|[from] item: Leftovers\n|upkeep\n|c|\u2606parkle|the sun..\n|c|\u2606parkle|my poor surf\n|c|\u2606UncleKars|When I was testing this team out with Harte's team I kept forgetting about the sun and using water moves\n|c|\u2606UncleKars|Yeah Chilling Water is not doing anything to Torkoal\n|\n|t:|1696020209\n|switch|p2a: Silver|Salamence, M|100\/100\n|-ability|p2a: Silver|Intimidate|boost\n|-unboost|p1a: Torkoal|atk|1\n|-unboost|p1b: Venusaur|atk|1\n|turn|3\n|c|\u2606parkle|OHH NOOOO MY PLAN\n|\n|t:|1696020236\n|switch|p1a: Camerupt|Camerupt, F|100\/100\n|move|p1b: Venusaur|Sludge Bomb|p2a: Silver\n|-damage|p2a: Silver|45\/100\n|-status|p2a: Silver|psn\n|move|p2a: Silver|Flamethrower|p1b: Venusaur\n|-supereffective|p1b: Venusaur\n|-enditem|p1b: Venusaur|Occa Berry|[eat]\n|-enditem|p1b: Venusaur|Occa Berry|[weaken]\n|-damage|p1b: Venusaur|0 fnt\n|faint|p1b: Venusaur\n|move|p2b: Luci|Roost|p2b: Luci\n|-heal|p2b: Luci|100\/100\n|-singleturn|p2b: Luci|move: Roost\n|\n|-weather|SunnyDay|[upkeep]\n|-damage|p2a: Silver|33\/100 psn|[from] psn\n|upkeep\n|c|\u2606parkle|OCCA BERRY\n|c|\u2606parkle|oh it didnt mtter\n|c|\u2606UncleKars|it's okay it didn't matter\n|\n|t:|1696020259\n|switch|p1b: Chandelure|Chandelure, F|100\/100\n|turn|4\n|\n|t:|1696020282\n|move|p2a: Silver|Roost|p2a: Silver\n|-heal|p2a: Silver|83\/100 psn\n|-singleturn|p2a: Silver|move: Roost\n|move|p1b: Chandelure|Hex|p2a: Silver\n|-damage|p2a: Silver|0 fnt\n|faint|p2a: Silver\n|-damage|p1b: Chandelure|91\/100|[from] item: Life Orb\n|move|p2b: Luci|Calm Mind|p2b: Luci\n|-boost|p2b: Luci|spa|1\n|-boost|p2b: Luci|spd|1\n|move|p1a: Camerupt|Lava Plume|p2b: Luci|[spread] p2b\n|-start|p1b: Chandelure|ability: Flash Fire\n|-resisted|p2b: Luci\n|-damage|p2b: Luci|81\/100\n|-status|p2b: Luci|brn\n|\n|-weather|SunnyDay|[upkeep]\n|-heal|p2b: Luci|88\/100 brn|[from] item: Leftovers\n|-damage|p2b: Luci|81\/100 brn|[from] brn\n|upkeep\n|c|\u2606parkle|OUGH\n|c|\u2606parkle|silver..\n|c|\u2606parkle|oh this team LOVES fire\n|\n|t:|1696020311\n|switch|p2a: Alexander|Haxorus, M|100\/100\n|-ability|p2a: Alexander|Unnerve\n|turn|5\n|c|\u2606UncleKars|i feel awful for evil laughing about hex and flash fire chandelure\n|c|\u2606parkle|i do want to say BEFORE this move happens\n|\n|t:|1696020370\n|move|p2a: Alexander|Shadow Claw|p1b: Chandelure\n|-supereffective|p1b: Chandelure\n|-damage|p1b: Chandelure|15\/100\n|move|p1b: Chandelure|Hex|p2b: Luci\n|-immune|p2b: Luci\n|move|p2b: Luci|Hyper Voice|p1a: Camerupt|[spread] p1a\n|-immune|p1b: Chandelure\n|-damage|p1a: Camerupt|50\/100\n|move|p1a: Camerupt|Solar Beam||[still]\n|-prepare|p1a: Camerupt|Solar Beam\n|-anim|p1a: Camerupt|Solar Beam|p2a: Alexander\n|-resisted|p2a: Alexander\n|-damage|p2a: Alexander|68\/100\n|\n|-weather|none\n|-heal|p2b: Luci|88\/100 brn|[from] item: Leftovers\n|-damage|p2b: Luci|81\/100 brn|[from] brn\n|upkeep\n|turn|6\n|c|\u2606UncleKars|well i'm not changing\n|c|\u2606parkle|that i know it wont hurt the chandelure\n|c|\u2606UncleKars|LMAOOOOOO\n|c|\u2606UncleKars|WAIT\n|c|\u2606parkle|im not being silly again\n|c|\u2606UncleKars|FUCKING NORMAL TYPE\n|c|\u2606UncleKars|I FORGOT DRAMPA IS A NORMAL TYPE\n|c|\u2606parkle|TEEHEE\n|c|\u2606parkle|TEEHEE\n|c|\u2606parkle|TEEHEE\n|c|\u2606parkle|i am teeheeing soooo hard rn\n|c|\u2606UncleKars|INSANE\n|\n|t:|1696020420\n|move|p2a: Alexander|Earthquake|p1b: Chandelure|[spread] p2b,p1a,p1b\n|-supereffective|p1a: Camerupt\n|-supereffective|p1b: Chandelure\n|-damage|p2b: Luci|44\/100 brn\n|-damage|p1a: Camerupt|0 fnt\n|-damage|p1b: Chandelure|0 fnt\n|faint|p1a: Camerupt\n|faint|p1b: Chandelure\n|-ability|p2b: Luci|Berserk|boost\n|-boost|p2b: Luci|spa|1\n|move|p2b: Luci|Roost|p2b: Luci\n|-heal|p2b: Luci|94\/100 brn\n|-singleturn|p2b: Luci|move: Roost\n|\n|-heal|p2b: Luci|99\/100 brn|[from] item: Leftovers\n|-damage|p2b: Luci|94\/100 brn|[from] brn\n|upkeep\n|c|\u2606parkle|luci my love\n|\n|t:|1696020437\n|switch|p1b: Torkoal|Torkoal, M|31\/100\n|switch|p1a: Houndoom|Houndoom, M|100\/100\n|-weather|SunnyDay|[from] ability: Drought|[of] p1b: Torkoal\n|turn|7\n|l| AutumnCookie\n|\n|t:|1696020472\n|detailschange|p1a: Houndoom|Houndoom-Mega, M\n|-mega|p1a: Houndoom|Houndoom|Houndoominite\n|move|p1b: Torkoal|Protect|p1b: Torkoal\n|-singleturn|p1b: Torkoal|Protect\n|move|p1a: Houndoom|Fire Fang|p2b: Luci\n|-resisted|p2b: Luci\n|-damage|p2b: Luci|67\/100 brn\n|move|p2a: Alexander|Earthquake|p1a: Houndoom|[spread] p2b,p1a\n|-activate|p1b: Torkoal|move: Protect\n|-supereffective|p1a: Houndoom\n|-damage|p2b: Luci|31\/100 brn\n|-damage|p1a: Houndoom|30\/100\n|-ability|p2b: Luci|Berserk|boost\n|-boost|p2b: Luci|spa|1\n|move|p2b: Luci|Hyper Voice|p1a: Houndoom|[spread] p1a\n|-activate|p1b: Torkoal|move: Protect\n|-damage|p1a: Houndoom|0 fnt\n|faint|p1a: Houndoom\n|\n|-weather|SunnyDay|[upkeep]\n|-heal|p2b: Luci|37\/100 brn|[from] item: Leftovers\n|-heal|p1b: Torkoal|37\/100|[from] item: Leftovers\n|-damage|p2b: Luci|31\/100 brn|[from] brn\n|upkeep\n|c|\u2606parkle|oh dear i should have roosted\n|j| AutumnCookie\n|c|\u2606UncleKars|oh fuck i'm using solar power wrong\n|c|\u2606parkle|ARE YOU??A\n|c|\u2606UncleKars|me when i forget what solar power does\n|\n|t:|1696020511\n|switch|p1a: Vileplume|Vileplume, M|100\/100\n|turn|8\n|l| AutumnCookie\n|j| AutumnCookie\n|c|\u2606UncleKars|solar power boosts SpAtk not PhysAtk\n|c|\u2606parkle|oh no bro\n|c|\u2606UncleKars|head in my fucking hands\n|l| AutumnCookie\n|c|\u2606UncleKars|it's okay\n|\n|t:|1696020577\n|move|p1a: Vileplume|Sludge Bomb|p2b: Luci\n|-damage|p2b: Luci|0 fnt\n|faint|p2b: Luci\n|move|p2a: Alexander|Close Combat|p1b: Torkoal\n|-damage|p1b: Torkoal|8\/100\n|-unboost|p2a: Alexander|def|1\n|-unboost|p2a: Alexander|spd|1\n|move|p1b: Torkoal|Heat Wave|p2a: Alexander\n|-resisted|p2a: Alexander\n|-damage|p2a: Alexander|17\/100\n|\n|-weather|SunnyDay|[upkeep]\n|-heal|p1b: Torkoal|14\/100|[from] item: Leftovers\n|upkeep\n|c|\u2606parkle|NOOO LUCI..\n|c|\u2606parkle|oh fuck it didnt kill\n|c|\u2606parkle|oh fuck oh shit\n|\n|t:|1696020594\n|switch|p2b: Haneul|Dragonite, F|100\/100\n|turn|9\n|c|\u2606parkle|me pointing at torkoal 'i need you GONE i need you DEAD'\n|c|\u2606UncleKars|this tortoise is going to get mega killed\n|\n|t:|1696020658\n|move|p1b: Torkoal|Protect|p1b: Torkoal\n|-singleturn|p1b: Torkoal|Protect\n|move|p1a: Vileplume|Sludge Bomb|p2b: Haneul\n|-damage|p2b: Haneul|78\/100\n|move|p2a: Alexander|Earthquake|p1b: Torkoal|[spread] p1a\n|-activate|p1b: Torkoal|move: Protect\n|-immune|p2b: Haneul\n|-damage|p1a: Vileplume|59\/100\n|move|p2b: Haneul|Dragon Dance|p2b: Haneul\n|-boost|p2b: Haneul|atk|1\n|-boost|p2b: Haneul|spe|1\n|\n|-weather|SunnyDay|[upkeep]\n|-heal|p1b: Torkoal|20\/100|[from] item: Leftovers\n|upkeep\n|turn|10\n|c|\u2606parkle|FUCKKKK THE PROTECT\n|c|\u2606parkle|that vileplume has got to have some crazy speed ev on it\n|c|\u2606parkle|both of them actually\n|c|\u2606UncleKars|it doesn't. that's the thing.\n|c|\u2606UncleKars|THAT'S THE THING!!!!!!!!!!!!!!!!!!!\n|c|\u2606parkle|how are they outspeeding alexander..\n|c|\u2606UncleKars|\\\n|c|\u2606parkle|HOW ARE THEY OUTSPEEDING !!!!\n|c|\u2606UncleKars|THAT'S THE THING!!!!!!!!!!!!\n|c|\u2606parkle|HOW !!!!\n|c|\u2606parkle|IS IT THE SUN ????\n|c|\u2606UncleKars|CHLOROPHYLL!!\n|c|\u2606parkle|OHHH FUCK\n|c|\u2606UncleKars|400 SPEED\n|c|\u2606parkle|WHAT THE FUCKKKK\n|c|\u2606parkle|ALEXANDER HAS 322\n|c|\u2606UncleKars|400\n|c|\u2606parkle|DRAGONITE HAS 388..\n|\n|t:|1696020763\n|move|p2b: Haneul|Extreme Speed|p1a: Vileplume\n|-damage|p1a: Vileplume|0 fnt\n|faint|p1a: Vileplume\n|move|p2a: Alexander|Earthquake|p1b: Torkoal|[spread] p1b\n|-immune|p2b: Haneul\n|-supereffective|p1b: Torkoal\n|-damage|p1b: Torkoal|0 fnt\n|faint|p1b: Torkoal\n|\n|win|parkle\n|c|\u2606parkle|LETS GOOO\n|c|\u2606parkle|extreme speed i kiss you\n|c|\u2606UncleKars|kiss extreme speed on the forehead\n","uploadtime":1696020781,"views":12,"p1id":"unclekars","p2id":"parkle","formatid":"gen9nationaldexdoubles","rating":0,"private":0,"password":""}