{"id":"gen9nationaldexdoubles-1989410135","p1":"Darrenjenkins","p2":"jerrysmiggles","format":"[Gen 9] National Dex Doubles","log":"|j|\u2606Darrenjenkins\n|j|\u2606jerrysmiggles\n|t:|1699846642\n|gametype|doubles\n|player|p1|Darrenjenkins|hoopster|1215\n|player|p2|jerrysmiggles|cheren-gen5bw2|1000\n|teamsize|p1|6\n|teamsize|p2|6\n|gen|9\n|tier|[Gen 9] National Dex Doubles\n|rated|\n|rule|HP Percentage Mod: HP is shown in percentages\n|rule|Endless Battle Clause: Forcing endless battles is banned\n|rule|OHKO Clause: OHKO moves are banned\n|rule|Evasion Moves Clause: Evasion moves are banned\n|rule|Evasion Abilities Clause: Evasion abilities are banned\n|rule|Species Clause: Limit one of each Pok\u00e9mon\n|rule|Gravity Sleep Clause: The combination of sleep-inducing moves with imperfect accuracy and Gravity or Gigantamax Orbeetle are banned\n|clearpoke\n|poke|p1|Cryogonal|\n|poke|p1|Overqwil, F|\n|poke|p1|Espeon, F|\n|poke|p1|Snorlax, M|\n|poke|p1|Charizard, M|\n|poke|p1|Slither Wing|\n|poke|p2|Garbodor, M|\n|poke|p2|Audino, F|\n|poke|p2|Krookodile, M|\n|poke|p2|Indeedee-F, F|\n|poke|p2|Aegislash, M|\n|poke|p2|Scolipede, M|\n|teampreview\n|\n|t:|1699846658\n|start\n|switch|p1a: Charizard|Charizard, M|100\/100\n|switch|p1b: Slither Wing|Slither Wing|100\/100\n|switch|p2a: Amide|Indeedee-F, F|100\/100\n|switch|p2b: Acid Chloride|Scolipede, M|100\/100\n|-fieldstart|move: Psychic Terrain|[from] ability: Psychic Surge|[of] p2a: Amide\n|turn|1\n|\n|t:|1699846684\n|detailschange|p1a: Charizard|Charizard-Mega-Y, M\n|-mega|p1a: Charizard|Charizard|Charizardite Y\n|-weather|SunnyDay|[from] ability: Drought|[of] p1a: Charizard\n|-activate|p1b: Slither Wing|ability: Protosynthesis\n|-start|p1b: Slither Wing|protosynthesisatk\n|move|p1a: Charizard|Heat Wave|p2b: Acid Chloride|[spread] p2a\n|-miss|p1a: Charizard|p2b: Acid Chloride\n|-damage|p2a: Amide|35\/100\n|move|p2b: Acid Chloride|Swords Dance|p2b: Acid Chloride\n|-boost|p2b: Acid Chloride|atk|2\n|move|p2a: Amide|Calm Mind|p2a: Amide\n|-boost|p2a: Amide|spa|1\n|-boost|p2a: Amide|spd|1\n|move|p1b: Slither Wing|Flare Blitz|p2a: Amide\n|-damage|p2a: Amide|0 fnt\n|faint|p2a: Amide\n|-damage|p1b: Slither Wing|89\/100|[from] Recoil\n|-damage|p1b: Slither Wing|79\/100|[from] item: Life Orb\n|\n|-weather|SunnyDay|[upkeep]\n|-ability|p2b: Acid Chloride|Speed Boost|boost\n|-boost|p2b: Acid Chloride|spe|1\n|upkeep\n|\n|t:|1699846716\n|switch|p2a: Amine|Audino, F|100\/100\n|turn|2\n|\n|t:|1699846725\n|move|p2b: Acid Chloride|Poison Jab|p1a: Charizard\n|-crit|p1a: Charizard\n|-damage|p1a: Charizard|0 fnt\n|faint|p1a: Charizard\n|move|p1b: Slither Wing|Close Combat|p2a: Amine\n|-supereffective|p2a: Amine\n|-damage|p2a: Amine|0 fnt\n|-unboost|p1b: Slither Wing|def|1\n|-unboost|p1b: Slither Wing|spd|1\n|faint|p2a: Amine\n|-damage|p1b: Slither Wing|69\/100|[from] item: Life Orb\n|\n|-weather|SunnyDay|[upkeep]\n|-ability|p2b: Acid Chloride|Speed Boost|boost\n|-boost|p2b: Acid Chloride|spe|1\n|upkeep\n|\n|t:|1699846742\n|switch|p1a: Espeon|Espeon, F|100\/100\n|switch|p2a: Starbucks\ud83e\udd2e\ud83e\udd2e|Garbodor, M|100\/100\n|-item|p2a: Starbucks\ud83e\udd2e\ud83e\udd2e|Air Balloon\n|turn|3\n|\n|t:|1699846756\n|move|p2b: Acid Chloride|Baton Pass|p2b: Acid Chloride\n|\n|t:|1699846758\n|switch|p2b: Kroko|Krookodile, M|100\/100|[from] Baton Pass\n|-ability|p2b: Kroko|Intimidate|boost\n|-unboost|p1a: Espeon|atk|1\n|-unboost|p1b: Slither Wing|atk|1\n|move|p1a: Espeon|Psychic|p2a: Starbucks\ud83e\udd2e\ud83e\udd2e\n|-supereffective|p2a: Starbucks\ud83e\udd2e\ud83e\udd2e\n|-damage|p2a: Starbucks\ud83e\udd2e\ud83e\udd2e|0 fnt\n|-enditem|p2a: Starbucks\ud83e\udd2e\ud83e\udd2e|Air Balloon\n|faint|p2a: Starbucks\ud83e\udd2e\ud83e\udd2e\n|-damage|p1a: Espeon|91\/100|[from] item: Life Orb\n|move|p1b: Slither Wing|Flare Blitz|p2b: Kroko\n|-damage|p2b: Kroko|36\/100\n|-damage|p1b: Slither Wing|47\/100|[from] Recoil\n|-damage|p1b: Slither Wing|37\/100|[from] item: Life Orb\n|\n|-weather|SunnyDay|[upkeep]\n|-heal|p2b: Kroko|42\/100|[from] item: Leftovers\n|upkeep\n|\n|t:|1699846778\n|switch|p2a: Acid Chloride|Scolipede, M|100\/100\n|turn|4\n|\n|t:|1699846785\n|switch|p1a: Overqwil|Overqwil, F|100\/100\n|move|p2a: Acid Chloride|Protect|p2a: Acid Chloride\n|-singleturn|p2a: Acid Chloride|Protect\n|move|p2b: Kroko|Earthquake|p1b: Slither Wing|[spread] p1a,p1b\n|-activate|p2a: Acid Chloride|move: Protect\n|-supereffective|p1a: Overqwil\n|-resisted|p1b: Slither Wing\n|-damage|p1a: Overqwil|0 fnt\n|-damage|p1b: Slither Wing|0 fnt\n|faint|p1a: Overqwil\n|faint|p1b: Slither Wing\n|-end|p1b: Slither Wing|Protosynthesis|[silent]\n|\n|-weather|SunnyDay|[upkeep]\n|-heal|p2b: Kroko|48\/100|[from] item: Leftovers\n|-ability|p2a: Acid Chloride|Speed Boost|boost\n|-boost|p2a: Acid Chloride|spe|1\n|upkeep\n|\n|t:|1699846800\n|switch|p1a: Cryogonal|Cryogonal|100\/100\n|switch|p1b: Espeon|Espeon, F|91\/100\n|turn|5\n|\n|t:|1699846816\n|-terastallize|p2b: Kroko|Steel\n|move|p2a: Acid Chloride|Swords Dance|p2a: Acid Chloride\n|-boost|p2a: Acid Chloride|atk|2\n|move|p2b: Kroko|Knock Off|p1b: Espeon\n|-supereffective|p1b: Espeon\n|-damage|p1b: Espeon|0 fnt\n|-enditem|p1b: Espeon|Life Orb|[from] move: Knock Off|[of] p2b: Kroko\n|faint|p1b: Espeon\n|move|p1a: Cryogonal|Freeze-Dry|p2b: Kroko\n|-resisted|p2b: Kroko\n|-damage|p2b: Kroko|30\/100\n|\n|-weather|none\n|-heal|p2b: Kroko|36\/100|[from] item: Leftovers\n|-fieldend|move: Psychic Terrain\n|-ability|p2a: Acid Chloride|Speed Boost|boost\n|-boost|p2a: Acid Chloride|spe|1\n|upkeep\n|\n|t:|1699846823\n|switch|p1b: Snorlax|Snorlax, M|100\/100\n|turn|6\n|\n|t:|1699846847\n|move|p2a: Acid Chloride|Poison Jab|p1a: Cryogonal\n|-damage|p1a: Cryogonal|0 fnt\n|faint|p1a: Cryogonal\n|move|p2b: Kroko|Tera Blast|p1b: Snorlax|[anim] Tera Blast Steel\n|-damage|p1b: Snorlax|17\/100\n|move|p1b: Snorlax|Heat Crash|p2b: Kroko\n|-supereffective|p2b: Kroko\n|-damage|p2b: Kroko|0 fnt\n|faint|p2b: Kroko\n|\n|-ability|p2a: Acid Chloride|Speed Boost|boost\n|-boost|p2a: Acid Chloride|spe|1\n|upkeep\n|\n|t:|1699846860\n|switch|p2b: Eye Sword|Aegislash, M|100\/100\n|turn|7\n|l|\u2606Darrenjenkins\n|player|p1|\n|inactive|Battle timer is ON: inactive players will automatically lose when time's up. (requested by jerrysmiggles)\n|inactive|Darrenjenkins has 30 seconds to reconnect!\n|inactive|Darrenjenkins has 20 seconds to reconnect!\n|inactive|Darrenjenkins has 15 seconds to reconnect!\n|inactive|Darrenjenkins has 10 seconds to reconnect!\n|inactive|Darrenjenkins has 5 seconds to reconnect!\n|-message|Darrenjenkins lost due to inactivity.\n|\n|win|jerrysmiggles\n|raw|Darrenjenkins's rating: 1215 &rarr; <strong>1176<\/strong><br \/>(-39 for losing)\n|raw|jerrysmiggles's rating: 1000 &rarr; <strong>1062<\/strong><br \/>(+62 for winning)\n","uploadtime":1699846995,"views":8,"p1id":"darrenjenkins","p2id":"jerrysmiggles","formatid":"gen9nationaldexdoubles","rating":1062,"private":0,"password":""}