{"id":"gen9nationaldexdoubles-1992098319","p1":"fumbari 24","p2":"Shakissss","format":"[Gen 9] National Dex Doubles","log":"|j|\u2606fumbari 24\n|j|\u2606Shakissss\n|t:|1700154935\n|gametype|doubles\n|player|p1|fumbari 24|hilbert|1345\n|player|p2|Shakissss|doubleteam|1151\n|teamsize|p1|6\n|teamsize|p2|6\n|gen|9\n|tier|[Gen 9] National Dex Doubles\n|rated|\n|rule|HP Percentage Mod: HP is shown in percentages\n|rule|Endless Battle Clause: Forcing endless battles is banned\n|rule|OHKO Clause: OHKO moves are banned\n|rule|Evasion Moves Clause: Evasion moves are banned\n|rule|Evasion Abilities Clause: Evasion abilities are banned\n|rule|Species Clause: Limit one of each Pok\u00e9mon\n|rule|Gravity Sleep Clause: The combination of sleep-inducing moves with imperfect accuracy and Gravity or Gigantamax Orbeetle are banned\n|clearpoke\n|poke|p1|Celesteela|\n|poke|p1|Thundurus, M|\n|poke|p1|Ting-Lu|\n|poke|p1|Gardevoir, F|\n|poke|p1|Blastoise, M|\n|poke|p1|Blaziken, M|\n|poke|p2|Klinklang|\n|poke|p2|Ampharos, F|\n|poke|p2|Cresselia, F|\n|poke|p2|Garchomp, F|\n|poke|p2|Sinistcha-Masterpiece|\n|poke|p2|Claydol|\n|teampreview\n|inactive|Battle timer is ON: inactive players will automatically lose when time's up. (requested by Shakissss)\n|\n|t:|1700154964\n|start\n|switch|p1a: Harbor|Blastoise, M|100\/100\n|switch|p1b: Inferno|Blaziken, M|100\/100\n|switch|p2a: Klinklang|Klinklang|100\/100\n|switch|p2b: Cresselia|Cresselia, F|100\/100\n|-item|p2a: Klinklang|Air Balloon\n|turn|1\n|\n|t:|1700154982\n|move|p2a: Klinklang|Protect|p2a: Klinklang\n|-singleturn|p2a: Klinklang|Protect\n|move|p1a: Harbor|Fake Out|p2a: Klinklang\n|-activate|p2a: Klinklang|move: Protect\n|move|p1b: Inferno|Bulk Up|p1b: Inferno\n|-boost|p1b: Inferno|atk|1\n|-boost|p1b: Inferno|def|1\n|move|p2b: Cresselia|Reflect|p2b: Cresselia\n|-sidestart|p2: Shakissss|Reflect\n|\n|-ability|p1b: Inferno|Speed Boost|boost\n|-boost|p1b: Inferno|spe|1\n|upkeep\n|turn|2\n|\n|t:|1700155004\n|switch|p2b: Ampharos|Ampharos, F, shiny|100\/100\n|move|p1b: Inferno|Bulk Up|p1b: Inferno\n|-boost|p1b: Inferno|atk|1\n|-boost|p1b: Inferno|def|1\n|move|p2a: Klinklang|Gear Up|p2a: Klinklang\n|-boost|p2a: Klinklang|atk|1\n|-boost|p2a: Klinklang|spa|1\n|-boost|p2b: Ampharos|atk|1\n|-boost|p2b: Ampharos|spa|1\n|move|p1a: Harbor|Scald|p2b: Ampharos\n|-damage|p2b: Ampharos|78\/100\n|-status|p2b: Ampharos|brn\n|\n|-heal|p2b: Ampharos|84\/100 brn|[from] item: Leftovers\n|-damage|p2b: Ampharos|78\/100 brn|[from] brn\n|-ability|p1b: Inferno|Speed Boost|boost\n|-boost|p1b: Inferno|spe|1\n|upkeep\n|turn|3\n|inactive|Shakissss has 120 seconds left.\n|\n|t:|1700155039\n|-terastallize|p1a: Harbor|Grass\n|move|p1a: Harbor|Follow Me|p1a: Harbor\n|-singleturn|p1a: Harbor|move: Follow Me\n|-zpower|p1b: Inferno\n|move|p1b: Inferno|Inferno Overdrive|p2a: Klinklang|[zeffect]\n|-supereffective|p2a: Klinklang\n|-damage|p2a: Klinklang|0 fnt\n|-enditem|p2a: Klinklang|Air Balloon\n|faint|p2a: Klinklang\n|move|p2b: Ampharos|Cotton Guard|p2b: Ampharos\n|-boost|p2b: Ampharos|def|3\n|\n|-heal|p2b: Ampharos|84\/100 brn|[from] item: Leftovers\n|-damage|p2b: Ampharos|78\/100 brn|[from] brn\n|-ability|p1b: Inferno|Speed Boost|boost\n|-boost|p1b: Inferno|spe|1\n|upkeep\n|\n|t:|1700155066\n|switch|p2a: Cresselia|Cresselia, F|100\/100\n|turn|4\n|\n|t:|1700155077\n|move|p1a: Harbor|Follow Me|p1a: Harbor\n|-singleturn|p1a: Harbor|move: Follow Me\n|move|p1b: Inferno|Bulk Up|p1b: Inferno\n|-boost|p1b: Inferno|atk|1\n|-boost|p1b: Inferno|def|1\n|move|p2a: Cresselia|Lunar Blessing|p2a: Cresselia|[spread] p2a,p2b\n|-heal|p2b: Ampharos|100\/100 brn\n|-curestatus|p2b: Ampharos|brn|[msg]\n|move|p2b: Ampharos|Agility|p2b: Ampharos\n|-boost|p2b: Ampharos|spe|2\n|\n|-ability|p1b: Inferno|Speed Boost|boost\n|-boost|p1b: Inferno|spe|1\n|upkeep\n|turn|5\n|inactive|Shakissss has 120 seconds left.\n|\n|t:|1700155098\n|move|p1a: Harbor|Follow Me|p1a: Harbor\n|-singleturn|p1a: Harbor|move: Follow Me\n|move|p1b: Inferno|Flare Blitz|p2a: Cresselia\n|-damage|p2a: Cresselia|39\/100\n|-damage|p1b: Inferno|74\/100|[from] Recoil\n|move|p2b: Ampharos|Cotton Guard|p2b: Ampharos\n|-boost|p2b: Ampharos|def|3\n|move|p2a: Cresselia|Toxic|p1a: Harbor\n|-status|p1a: Harbor|tox\n|\n|-damage|p1a: Harbor|94\/100 tox|[from] psn\n|-ability|p1b: Inferno|Speed Boost|boost\n|-boost|p1b: Inferno|spe|1\n|upkeep\n|turn|6\n|\n|t:|1700155117\n|move|p1a: Harbor|Follow Me|p1a: Harbor\n|-singleturn|p1a: Harbor|move: Follow Me\n|move|p1b: Inferno|Flare Blitz|p2a: Cresselia\n|-damage|p2a: Cresselia|0 fnt\n|faint|p2a: Cresselia\n|-damage|p1b: Inferno|56\/100|[from] Recoil\n|move|p2b: Ampharos|Agility|p2b: Ampharos\n|-boost|p2b: Ampharos|spe|2\n|\n|-damage|p1a: Harbor|82\/100 tox|[from] psn\n|-ability|p1b: Inferno|Speed Boost|boost\n|-boost|p1b: Inferno|spe|1\n|upkeep\n|inactive|Shakissss has 120 seconds left.\n|\n|t:|1700155129\n|switch|p2a: Claydol|Claydol|100\/100\n|turn|7\n|\n|t:|1700155142\n|move|p1b: Inferno|Protect|p1b: Inferno\n|-singleturn|p1b: Inferno|Protect\n|move|p2a: Claydol|Ally Switch|p2a: Claydol\n|swap|p2a: Claydol|1|[from] move: Ally Switch\n|move|p2a: Ampharos|Discharge|p1a: Harbor|[spread] p1a\n|-activate|p1b: Inferno|move: Protect\n|-immune|p2b: Claydol\n|-resisted|p1a: Harbor\n|-damage|p1a: Harbor|64\/100 tox\n|move|p1a: Harbor|Life Dew|p1a: Harbor|[spread] p1a,p1b\n|-heal|p1a: Harbor|89\/100 tox\n|-heal|p1b: Inferno|81\/100\n|\n|-damage|p1a: Harbor|71\/100 tox|[from] psn\n|upkeep\n|turn|8\n|\n|t:|1700155164\n|move|p1b: Inferno|Flare Blitz|p2b: Claydol\n|-damage|p2b: Claydol|12\/100\n|-damage|p1b: Inferno|53\/100|[from] Recoil\n|move|p2a: Ampharos|Discharge|p1a: Harbor|[spread] p1a,p1b\n|-immune|p2b: Claydol\n|-resisted|p1a: Harbor\n|-damage|p1a: Harbor|52\/100 tox\n|-damage|p1b: Inferno|0 fnt\n|faint|p1b: Inferno\n|move|p1a: Harbor|Scald|p2b: Claydol\n|-supereffective|p2b: Claydol\n|-damage|p2b: Claydol|0 fnt\n|faint|p2b: Claydol\n|\n|-damage|p1a: Harbor|27\/100 tox|[from] psn\n|-sideend|p2: Shakissss|Reflect\n|upkeep\n|-enditem|p1a: Harbor|Sitrus Berry|[eat]\n|-heal|p1a: Harbor|52\/100 tox|[from] item: Sitrus Berry\n|\n|t:|1700155184\n|switch|p1b: Ting-Lu|Ting-Lu|100\/100\n|switch|p2b: Garchomp|Garchomp, F|100\/100\n|-ability|p1b: Ting-Lu|Vessel of Ruin\n|turn|9\n|\n|t:|1700155197\n|switch|p1a: Strike|Thundurus, M|100\/100\n|-terastallize|p2a: Ampharos|Fairy\n|move|p2a: Ampharos|Dazzling Gleam|p1b: Ting-Lu|[spread] p1a,p1b\n|-supereffective|p1b: Ting-Lu\n|-damage|p1a: Strike|69\/100\n|-damage|p1b: Ting-Lu|67\/100\n|move|p2b: Garchomp|Hone Claws|p2b: Garchomp\n|-boost|p2b: Garchomp|atk|1\n|-boost|p2b: Garchomp|accuracy|1\n|move|p1b: Ting-Lu|Snarl|p2b: Garchomp|[spread] p2a,p2b\n|-resisted|p2a: Ampharos\n|-damage|p2a: Ampharos|97\/100\n|-damage|p2b: Garchomp|92\/100\n|-unboost|p2a: Ampharos|spa|1\n|-unboost|p2b: Garchomp|spa|1\n|\n|-heal|p2a: Ampharos|100\/100|[from] item: Leftovers\n|upkeep\n|turn|10\n|inactive|Shakissss has 120 seconds left.\n|\n|t:|1700155235\n|move|p1a: Strike|Eerie Impulse|p2a: Ampharos\n|-unboost|p2a: Ampharos|spa|2\n|move|p2a: Ampharos|Dazzling Gleam|p1a: Strike|[spread] p1a,p1b\n|-supereffective|p1b: Ting-Lu\n|-damage|p1a: Strike|58\/100\n|-damage|p1b: Ting-Lu|56\/100\n|move|p2b: Garchomp|Aqua Tail|p1b: Ting-Lu\n|-supereffective|p1b: Ting-Lu\n|-damage|p1b: Ting-Lu|0 fnt\n|faint|p1b: Ting-Lu\n|-damage|p2b: Garchomp|82\/100|[from] item: Life Orb\n|\n|upkeep\n|\n|t:|1700155251\n|switch|p1b: Belle|Gardevoir, F, shiny|100\/100\n|-ability|p1b: Belle|Plus|[from] ability: Trace|[of] p2a: Ampharos\n|turn|11\n|\n|t:|1700155269\n|detailschange|p1b: Belle|Gardevoir-Mega, F, shiny\n|-mega|p1b: Belle|Gardevoir|Gardevoirite\n|move|p2a: Ampharos|Discharge|p1a: Strike|[spread] p1a,p1b\n|-immune|p2b: Garchomp\n|-damage|p1a: Strike|42\/100\n|-damage|p1b: Belle|89\/100\n|move|p2b: Garchomp|Aqua Tail|p1b: Belle\n|-damage|p1b: Belle|22\/100\n|-damage|p2b: Garchomp|72\/100|[from] item: Life Orb\n|move|p1a: Strike|Hidden Power|p2b: Garchomp\n|-supereffective|p2b: Garchomp\n|-damage|p2b: Garchomp|0 fnt\n|faint|p2b: Garchomp\n|move|p1b: Belle|Hyper Voice|p2a: Ampharos\n|-damage|p2a: Ampharos|40\/100\n|\n|-heal|p2a: Ampharos|46\/100|[from] item: Leftovers\n|upkeep\n|inactive|Shakissss has 120 seconds left.\n|\n|t:|1700155285\n|switch|p2b: Sinistcha|Sinistcha-Masterpiece|100\/100\n|-heal|p2a: Ampharos|71\/100|[from] ability: Hospitality|[of] p2b: Sinistcha\n|turn|12\n|\n|t:|1700155292\n|move|p1b: Belle|Protect|p1b: Belle\n|-singleturn|p1b: Belle|Protect\n|move|p1a: Strike|Eerie Impulse|p2b: Sinistcha\n|-unboost|p2b: Sinistcha|spa|2\n|move|p2a: Ampharos|Dazzling Gleam|p1a: Strike|[spread] p1a\n|-activate|p1b: Belle|move: Protect\n|-damage|p1a: Strike|27\/100\n|move|p2b: Sinistcha|Scald|p1a: Strike\n|-damage|p1a: Strike|16\/100\n|\n|-heal|p2a: Ampharos|77\/100|[from] item: Leftovers\n|upkeep\n|turn|13\n|\n|t:|1700155311\n|move|p1a: Strike|Thunder Wave|p2a: Ampharos\n|-status|p2a: Ampharos|par\n|move|p1b: Belle|Hyper Voice|p2a: Ampharos|[spread] p2a,p2b\n|-damage|p2a: Ampharos|29\/100 par\n|-damage|p2b: Sinistcha|51\/100\n|cant|p2a: Ampharos|par\n|move|p2b: Sinistcha|Scald|p1b: Belle\n|-damage|p1b: Belle|13\/100\n|\n|-heal|p2a: Ampharos|35\/100 par|[from] item: Leftovers\n|-heal|p2b: Sinistcha|57\/100|[from] item: Leftovers\n|upkeep\n|turn|14\n|-message|Shakissss forfeited.\n|\n|win|fumbari 24\n|raw|fumbari 24's rating: 1345 &rarr; <strong>1355<\/strong><br \/>(+10 for winning)\n|raw|Shakissss's rating: 1151 &rarr; <strong>1139<\/strong><br \/>(-12 for losing)\n|l|\u2606Shakissss\n","uploadtime":1700155330,"views":10,"p1id":"fumbari24","p2id":"shakissss","formatid":"gen9nationaldexdoubles","rating":1139,"private":0,"password":""}