{"id":"gen9nationaldexdoubles-1985535374","p1":"Denvah_17","p2":"Sano the Hareghig","format":"[Gen 9] National Dex Doubles","log":"|j|\u2606Denvah_17\n|j|\u2606Sano the Hareghig\n|t:|1699382621\n|gametype|doubles\n|player|p1|Denvah_17|alder|1225\n|player|p2|Sano the Hareghig|byron|1214\n|teamsize|p1|6\n|teamsize|p2|6\n|gen|9\n|tier|[Gen 9] National Dex Doubles\n|rated|\n|rule|HP Percentage Mod: HP is shown in percentages\n|rule|Endless Battle Clause: Forcing endless battles is banned\n|rule|OHKO Clause: OHKO moves are banned\n|rule|Evasion Moves Clause: Evasion moves are banned\n|rule|Evasion Abilities Clause: Evasion abilities are banned\n|rule|Species Clause: Limit one of each Pok\u00e9mon\n|rule|Gravity Sleep Clause: The combination of sleep-inducing moves with imperfect accuracy and Gravity or Gigantamax Orbeetle are banned\n|clearpoke\n|poke|p1|Venusaur, F|\n|poke|p1|Charizard, M|\n|poke|p1|Tauros-Paldea-Aqua, M|\n|poke|p1|Sandy Shocks|\n|poke|p1|Snorlax, F|\n|poke|p1|Mew|\n|poke|p2|Yanmega, F|\n|poke|p2|Raikou|\n|poke|p2|Flygon, F|\n|poke|p2|Suicune|\n|poke|p2|Entei|\n|poke|p2|Basculegion, M|\n|teampreview\n|inactive|Battle timer is ON: inactive players will automatically lose when time's up. (requested by Denvah_17)\n|\n|t:|1699382629\n|start\n|switch|p1a: Enderer Dragon|Charizard, M|100\/100\n|switch|p1b: Sativa|Venusaur, F|100\/100\n|switch|p2a: Flygon|Flygon, F|100\/100\n|switch|p2b: Basculegion|Basculegion, M|100\/100\n|turn|1\n|\n|t:|1699382653\n|detailschange|p1a: Enderer Dragon|Charizard-Mega-Y, M\n|-mega|p1a: Enderer Dragon|Charizard|Charizardite Y\n|-weather|SunnyDay|[from] ability: Drought|[of] p1a: Enderer Dragon\n|move|p1b: Sativa|Grass Pledge|p2b: Basculegion\n|-supereffective|p2b: Basculegion\n|-damage|p2b: Basculegion|0 fnt\n|faint|p2b: Basculegion\n|-damage|p1b: Sativa|91\/100|[from] item: Life Orb\n|move|p1a: Enderer Dragon|Air Slash|p2a: Flygon\n|-damage|p2a: Flygon|33\/100\n|move|p2a: Flygon|Dragon Dance|p2a: Flygon\n|-boost|p2a: Flygon|atk|1\n|-boost|p2a: Flygon|spe|1\n|\n|-weather|SunnyDay|[upkeep]\n|upkeep\n|\n|t:|1699382667\n|switch|p2b: Entei|Entei|100\/100\n|-ability|p2b: Entei|Pressure\n|turn|2\n|\n|t:|1699382683\n|move|p2a: Flygon|Outrage|p1b: Sativa\n|-damage|p1b: Sativa|0 fnt\n|faint|p1b: Sativa\n|-damage|p2a: Flygon|23\/100|[from] item: Life Orb\n|move|p1a: Enderer Dragon|Air Slash|p2b: Entei\n|-damage|p2b: Entei|51\/100\n|move|p2b: Entei|Sacred Fire|p1a: Enderer Dragon\n|-resisted|p1a: Enderer Dragon\n|-damage|p1a: Enderer Dragon|20\/100\n|\n|-weather|SunnyDay|[upkeep]\n|upkeep\n|\n|t:|1699382688\n|switch|p1b: Literally 1984|Sandy Shocks|100\/100\n|-activate|p1b: Literally 1984|ability: Protosynthesis\n|-start|p1b: Literally 1984|protosynthesisspe\n|turn|3\n|\n|t:|1699382717\n|move|p1a: Enderer Dragon|Protect|p1a: Enderer Dragon\n|-singleturn|p1a: Enderer Dragon|Protect\n|move|p1b: Literally 1984|Earth Power|p2b: Entei\n|-supereffective|p2b: Entei\n|-damage|p2b: Entei|0 fnt\n|faint|p2b: Entei\n|move|p2a: Flygon|Outrage|p1b: Literally 1984|[from]lockedmove\n|-crit|p1b: Literally 1984\n|-damage|p1b: Literally 1984|0 fnt\n|faint|p1b: Literally 1984\n|-end|p1b: Literally 1984|Protosynthesis|[silent]\n|-damage|p2a: Flygon|13\/100|[from] item: Life Orb\n|\n|-weather|SunnyDay|[upkeep]\n|upkeep\n|\n|t:|1699382731\n|switch|p1b: Garfield|Mew, shiny|100\/100\n|switch|p2b: Yanmega|Yanmega, F|100\/100\n|turn|4\n|\n|t:|1699382739\n|switch|p1a: Bull Market|Tauros-Paldea-Aqua, M|100\/100\n|move|p2b: Yanmega|Protect|p2b: Yanmega\n|-singleturn|p2b: Yanmega|Protect\n|move|p2a: Flygon|Outrage|p1b: Garfield|[from]lockedmove\n|-damage|p1b: Garfield|6\/100\n|-damage|p2a: Flygon|3\/100|[from] item: Life Orb\n|-start|p2a: Flygon|confusion|[fatigue]\n|move|p1b: Garfield|Frost Breath|p1a: Bull Market\n|-resisted|p1a: Bull Market\n|-crit|p1a: Bull Market\n|-damage|p1a: Bull Market|92\/100\n|-setboost|p1a: Bull Market|atk|6|[from] ability: Anger Point\n|\n|-weather|SunnyDay|[upkeep]\n|-ability|p2b: Yanmega|Speed Boost|boost\n|-boost|p2b: Yanmega|spe|1\n|upkeep\n|turn|5\n|\n|t:|1699382768\n|move|p1b: Garfield|Sucker Punch|p2a: Flygon\n|-damage|p2a: Flygon|0 fnt\n|faint|p2a: Flygon\n|move|p2b: Yanmega|Air Slash|p1a: Bull Market\n|-supereffective|p1a: Bull Market\n|-damage|p1a: Bull Market|9\/100\n|move|p1a: Bull Market|Raging Bull|p2b: Yanmega\n|-damage|p2b: Yanmega|19\/100\n|\n|-weather|none\n|-ability|p2b: Yanmega|Speed Boost|boost\n|-boost|p2b: Yanmega|spe|1\n|upkeep\n|\n|t:|1699382780\n|switch|p2a: Suicune|Suicune|100\/100\n|-ability|p2a: Suicune|Pressure\n|turn|6\n|\n|t:|1699382793\n|move|p2b: Yanmega|Protect|p2b: Yanmega\n|-singleturn|p2b: Yanmega|Protect\n|-zpower|p1b: Garfield\n|move|p1b: Garfield|Z-Transform|p2a: Suicune|[anim]Transform\n|-heal|p1b: Garfield|100\/100|[zeffect]\n|-transform|p1b: Garfield|p2a: Suicune\n|-ability|p1b: Garfield|Pressure\n|move|p1a: Bull Market|Trailblaze|p2a: Suicune\n|-supereffective|p2a: Suicune\n|-damage|p2a: Suicune|49\/100\n|-boost|p1a: Bull Market|spe|1\n|move|p2a: Suicune|Surf|p1b: Garfield|[spread] p1a,p1b\n|-activate|p2b: Yanmega|move: Protect\n|-resisted|p1a: Bull Market\n|-resisted|p1b: Garfield\n|-damage|p1a: Bull Market|0 fnt\n|-damage|p1b: Garfield|93\/100\n|faint|p1a: Bull Market\n|\n|-heal|p2a: Suicune|55\/100|[from] item: Leftovers\n|-ability|p2b: Yanmega|Speed Boost|boost\n|-boost|p2b: Yanmega|spe|1\n|upkeep\n|inactive|Denvah_17 has 120 seconds left.\n|\n|t:|1699382824\n|switch|p1a: Enderer Dragon|Charizard-Mega-Y, M|20\/100\n|-weather|SunnyDay|[from] ability: Drought|[of] p1a: Enderer Dragon\n|turn|7\n|\n|t:|1699382848\n|move|p2b: Yanmega|Air Slash|p1a: Enderer Dragon\n|-damage|p1a: Enderer Dragon|0 fnt\n|faint|p1a: Enderer Dragon\n|move|p2a: Suicune|Toxic|p1b: Garfield\n|-status|p1b: Garfield|tox\n|move|p1b: Garfield|Ice Beam|p2b: Yanmega\n|-supereffective|p2b: Yanmega\n|-damage|p2b: Yanmega|0 fnt\n|faint|p2b: Yanmega\n|\n|-weather|SunnyDay|[upkeep]\n|-heal|p2a: Suicune|61\/100|[from] item: Leftovers\n|-damage|p1b: Garfield|87\/100 tox|[from] psn\n|upkeep\n|\n|t:|1699382860\n|switch|p1a: Bear Market|Snorlax, F, shiny|100\/100\n|switch|p2b: Raikou|Raikou|100\/100\n|-ability|p2b: Raikou|Pressure\n|turn|8\n|\n|t:|1699382881\n|move|p2b: Raikou|Thunderbolt|p1b: Garfield\n|-supereffective|p1b: Garfield\n|-damage|p1b: Garfield|38\/100 tox\n|move|p2a: Suicune|Calm Mind|p2a: Suicune\n|-boost|p2a: Suicune|spa|1\n|-boost|p2a: Suicune|spd|1\n|move|p1b: Garfield|Toxic|p2b: Raikou\n|-status|p2b: Raikou|tox\n|move|p1a: Bear Market|Hammer Arm|p2a: Suicune\n|-damage|p2a: Suicune|43\/100\n|-unboost|p1a: Bear Market|spe|1\n|\n|-weather|SunnyDay|[upkeep]\n|-heal|p2a: Suicune|49\/100|[from] item: Leftovers\n|-damage|p2b: Raikou|94\/100 tox|[from] psn\n|-damage|p1b: Garfield|25\/100 tox|[from] psn\n|upkeep\n|turn|9\n|inactive|Sano the Hareghig has 120 seconds left.\n|\n|t:|1699382920\n|move|p2b: Raikou|Thunderbolt|p1b: Garfield\n|-supereffective|p1b: Garfield\n|-crit|p1b: Garfield\n|-damage|p1b: Garfield|0 fnt\n|faint|p1b: Garfield\n|move|p2a: Suicune|Ice Beam|p1a: Bear Market\n|-damage|p1a: Bear Market|90\/100\n|move|p1a: Bear Market|Frustration|p2a: Suicune\n|-damage|p2a: Suicune|19\/100\n|\n|-weather|SunnyDay|[upkeep]\n|-heal|p2b: Raikou|100\/100 tox|[from] item: Leftovers\n|-heal|p2a: Suicune|25\/100|[from] item: Leftovers\n|-damage|p2b: Raikou|88\/100 tox|[from] psn\n|upkeep\n|turn|10\n|inactive|Sano the Hareghig has 120 seconds left.\n|\n|t:|1699382943\n|move|p2b: Raikou|Calm Mind|p2b: Raikou\n|-boost|p2b: Raikou|spa|1\n|-boost|p2b: Raikou|spd|1\n|move|p2a: Suicune|Toxic|p1a: Bear Market\n|-status|p1a: Bear Market|tox\n|move|p1a: Bear Market|Frustration|p2a: Suicune\n|-damage|p2a: Suicune|0 fnt\n|faint|p2a: Suicune\n|\n|-weather|SunnyDay|[upkeep]\n|-heal|p2b: Raikou|94\/100 tox|[from] item: Leftovers\n|-damage|p2b: Raikou|76\/100 tox|[from] psn\n|-damage|p1a: Bear Market|84\/100 tox|[from] psn\n|upkeep\n|turn|11\n|\n|t:|1699382956\n|move|p2b: Raikou|Aura Sphere|p1a: Bear Market\n|-supereffective|p1a: Bear Market\n|-damage|p1a: Bear Market|41\/100 tox\n|move|p1a: Bear Market|Rest|p1a: Bear Market\n|-status|p1a: Bear Market|slp|[from] move: Rest\n|-heal|p1a: Bear Market|100\/100 slp|[silent]\n|-enditem|p1a: Bear Market|Chesto Berry|[eat]\n|-curestatus|p1a: Bear Market|slp|[msg]\n|\n|-weather|none\n|-heal|p2b: Raikou|82\/100 tox|[from] item: Leftovers\n|-damage|p2b: Raikou|57\/100 tox|[from] psn\n|upkeep\n|turn|12\n|\n|t:|1699382970\n|move|p2b: Raikou|Aura Sphere|p1a: Bear Market\n|-supereffective|p1a: Bear Market\n|-damage|p1a: Bear Market|59\/100\n|move|p1a: Bear Market|Frustration|p2b: Raikou\n|-damage|p2b: Raikou|1\/100 tox\n|\n|-heal|p2b: Raikou|7\/100 tox|[from] item: Leftovers\n|-damage|p2b: Raikou|0 fnt|[from] psn\n|faint|p2b: Raikou\n|\n|win|Denvah_17\n|upkeep\n|raw|Denvah_17's rating: 1225 &rarr; <strong>1249<\/strong><br \/>(+24 for winning)\n|raw|Sano the Hareghig's rating: 1214 &rarr; <strong>1190<\/strong><br \/>(-24 for losing)\n|l|\u2606Sano the Hareghig\n","uploadtime":1699382980,"views":5,"p1id":"denvah17","p2id":"sanothehareghig","formatid":"gen9nationaldexdoubles","rating":1190,"private":0,"password":""}