{"id":"gen9nationaldexdoubles-1985984525","p1":"DazzlingBrilliance","p2":"Arietidas","format":"[Gen 9] National Dex Doubles","log":"|j|\u2606DazzlingBrilliance\n|j|\u2606Arietidas\n|t:|1699434098\n|gametype|doubles\n|player|p1|DazzlingBrilliance|striker|1062\n|player|p2|Arietidas|169|1082\n|teamsize|p1|6\n|teamsize|p2|6\n|gen|9\n|tier|[Gen 9] National Dex Doubles\n|rated|\n|rule|HP Percentage Mod: HP is shown in percentages\n|rule|Endless Battle Clause: Forcing endless battles is banned\n|rule|OHKO Clause: OHKO moves are banned\n|rule|Evasion Moves Clause: Evasion moves are banned\n|rule|Evasion Abilities Clause: Evasion abilities are banned\n|rule|Species Clause: Limit one of each Pok\u00e9mon\n|rule|Gravity Sleep Clause: The combination of sleep-inducing moves with imperfect accuracy and Gravity or Gigantamax Orbeetle are banned\n|clearpoke\n|poke|p1|Qwilfish, M|\n|poke|p1|Chandelure, M|\n|poke|p1|Altaria, M|\n|poke|p1|Jirachi|\n|poke|p1|Hitmontop, M|\n|poke|p1|Celebi|\n|poke|p2|Ninetales, F|\n|poke|p2|Venusaur, M|\n|poke|p2|Heliolisk, M|\n|poke|p2|Umbreon, M|\n|poke|p2|Aurorus, M|\n|poke|p2|Froslass, F|\n|teampreview\n|\n|t:|1699434183\n|start\n|switch|p1a: Jirachi|Jirachi, shiny|100\/100\n|switch|p1b: Qweefish|Qwilfish, M, shiny|100\/100\n|switch|p2a: Froslass|Froslass, F|100\/100\n|switch|p2b: Aurorus|Aurorus, M|100\/100\n|-ability|p1b: Qweefish|Intimidate|boost\n|-unboost|p2a: Froslass|atk|1\n|-unboost|p2b: Aurorus|atk|1\n|-weather|Snow|[from] ability: Snow Warning|[of] p2b: Aurorus\n|turn|1\n|\n|t:|1699434222\n|switch|p1b: Altaria|Altaria, M, shiny|100\/100\n|-ability|p1b: Altaria|Cloud Nine\n|move|p2a: Froslass|Taunt|p1a: Jirachi\n|-start|p1a: Jirachi|move: Taunt\n|cant|p1a: Jirachi|move: Taunt|Cosmic Power\n|move|p2b: Aurorus|Aurora Veil||[still]\n|-fail|p2b: Aurorus\n|\n|-weather|Snow|[upkeep]\n|upkeep\n|turn|2\n|\n|t:|1699434256\n|-terastallize|p1b: Altaria|Steel\n|move|p2a: Froslass|Blizzard|p1a: Jirachi|[spread] p1a\n|-miss|p2a: Froslass|p1b: Altaria\n|-resisted|p1a: Jirachi\n|-damage|p1a: Jirachi|86\/100\n|move|p1a: Jirachi|Ancient Power|p2a: Froslass|[miss]\n|-miss|p1a: Jirachi|p2a: Froslass\n|move|p1b: Altaria|Trailblaze|p2b: Aurorus\n|-supereffective|p2b: Aurorus\n|-crit|p2b: Aurorus\n|-damage|p2b: Aurorus|81\/100\n|-boost|p1b: Altaria|spe|1\n|move|p2b: Aurorus|Blizzard|p1a: Jirachi|[spread] p1b\n|-miss|p2b: Aurorus|p1a: Jirachi\n|-resisted|p1b: Altaria\n|-damage|p1b: Altaria|85\/100\n|\n|-weather|Snow|[upkeep]\n|-heal|p1b: Altaria|91\/100|[from] item: Leftovers\n|-heal|p1a: Jirachi|92\/100|[from] item: Leftovers\n|upkeep\n|turn|3\n|\n|t:|1699434362\n|switch|p2b: Ninetales|Ninetales, F|100\/100\n|-weather|SunnyDay|[from] ability: Drought|[of] p2b: Ninetales\n|move|p1b: Altaria|Hone Claws|p1b: Altaria\n|-boost|p1b: Altaria|atk|1\n|-boost|p1b: Altaria|accuracy|1\n|move|p2a: Froslass|Will-O-Wisp|p1b: Altaria|[miss]\n|-miss|p2a: Froslass|p1b: Altaria\n|move|p1a: Jirachi|Ancient Power|p2a: Froslass\n|-supereffective|p2a: Froslass\n|-damage|p2a: Froslass|50\/100\n|-start|p1a: Jirachi|Disable|Ancient Power|[from] ability: Cursed Body|[of] p2a: Froslass\n|\n|-weather|SunnyDay|[upkeep]\n|-heal|p1b: Altaria|97\/100|[from] item: Leftovers\n|-heal|p1a: Jirachi|98\/100|[from] item: Leftovers\n|-end|p1a: Jirachi|move: Taunt\n|upkeep\n|turn|4\n|\n|t:|1699434395\n|move|p1b: Altaria|Sing|p2b: Ninetales\n|-status|p2b: Ninetales|slp|[from] move: Sing\n|move|p2a: Froslass|Destiny Bond|p2a: Froslass\n|-singlemove|p2a: Froslass|Destiny Bond\n|cant|p2b: Ninetales|slp\n|move|p1a: Jirachi|Cosmic Power|p1a: Jirachi\n|-boost|p1a: Jirachi|def|1\n|-boost|p1a: Jirachi|spd|1\n|\n|-weather|SunnyDay|[upkeep]\n|-heal|p1b: Altaria|100\/100|[from] item: Leftovers\n|-heal|p1a: Jirachi|100\/100|[from] item: Leftovers\n|upkeep\n|turn|5\n|\n|t:|1699434419\n|move|p1b: Altaria|Hone Claws|p1b: Altaria\n|-boost|p1b: Altaria|atk|1\n|-boost|p1b: Altaria|accuracy|1\n|move|p2a: Froslass|Will-O-Wisp|p1b: Altaria|[miss]\n|-miss|p2a: Froslass|p1b: Altaria\n|cant|p2b: Ninetales|slp\n|move|p1a: Jirachi|Water Pulse|p2b: Ninetales\n|-supereffective|p2b: Ninetales\n|-damage|p2b: Ninetales|59\/100 slp\n|-start|p2b: Ninetales|confusion\n|\n|-weather|SunnyDay|[upkeep]\n|upkeep\n|turn|6\n|\n|t:|1699434446\n|move|p1b: Altaria|Sing|p2a: Froslass\n|-status|p2a: Froslass|slp|[from] move: Sing\n|cant|p2a: Froslass|slp\n|move|p1a: Jirachi|Water Pulse|p2b: Ninetales\n|-supereffective|p2b: Ninetales\n|-damage|p2b: Ninetales|22\/100 slp\n|cant|p2b: Ninetales|slp\n|\n|-weather|SunnyDay|[upkeep]\n|-end|p1a: Jirachi|Disable\n|upkeep\n|turn|7\n|\n|t:|1699434501\n|move|p1b: Altaria|Hone Claws|p1b: Altaria\n|-boost|p1b: Altaria|atk|1\n|-boost|p1b: Altaria|accuracy|1\n|cant|p2a: Froslass|slp\n|move|p1a: Jirachi|Ancient Power|p2b: Ninetales\n|-supereffective|p2b: Ninetales\n|-damage|p2b: Ninetales|0 fnt\n|faint|p2b: Ninetales\n|\n|-weather|none\n|upkeep\n|\n|t:|1699434524\n|switch|p2b: Umbreon|Umbreon, M|100\/100\n|turn|8\n|\n|t:|1699434543\n|move|p1b: Altaria|Sing|p2b: Umbreon\n|-status|p2b: Umbreon|slp|[from] move: Sing\n|cant|p2a: Froslass|slp\n|move|p1a: Jirachi|Ancient Power|p2a: Froslass\n|-supereffective|p2a: Froslass\n|-damage|p2a: Froslass|0 fnt\n|faint|p2a: Froslass\n|cant|p2b: Umbreon|slp\n|\n|upkeep\n|\n|t:|1699434556\n|switch|p2a: Heliolisk|Heliolisk, M|100\/100\n|turn|9\n|\n|t:|1699434569\n|-terastallize|p2a: Heliolisk|Electric\n|move|p1b: Altaria|Sing|p2a: Heliolisk\n|-status|p2a: Heliolisk|slp|[from] move: Sing\n|cant|p2a: Heliolisk|slp\n|move|p1a: Jirachi|Cosmic Power|p1a: Jirachi\n|-boost|p1a: Jirachi|def|1\n|-boost|p1a: Jirachi|spd|1\n|-curestatus|p2b: Umbreon|slp|[msg]\n|move|p2b: Umbreon|Toxic|p1a: Jirachi\n|-immune|p1a: Jirachi\n|\n|upkeep\n|turn|10\n|\n|t:|1699434601\n|move|p1b: Altaria|Sing|p2b: Umbreon\n|-status|p2b: Umbreon|slp|[from] move: Sing\n|cant|p2a: Heliolisk|slp\n|move|p1a: Jirachi|Ancient Power|p2a: Heliolisk\n|-damage|p2a: Heliolisk|78\/100 slp\n|cant|p2b: Umbreon|slp\n|\n|upkeep\n|turn|11\n|\n|t:|1699434623\n|move|p1b: Altaria|Trailblaze|p2a: Heliolisk\n|-damage|p2a: Heliolisk|30\/100 slp\n|-boost|p1b: Altaria|spe|1\n|-curestatus|p2a: Heliolisk|slp|[msg]\n|move|p2a: Heliolisk|Thunderbolt|p1b: Altaria\n|-damage|p1b: Altaria|10\/100\n|move|p1a: Jirachi|Cosmic Power|p1a: Jirachi\n|-boost|p1a: Jirachi|def|1\n|-boost|p1a: Jirachi|spd|1\n|cant|p2b: Umbreon|slp\n|\n|-heal|p1b: Altaria|17\/100|[from] item: Leftovers\n|upkeep\n|turn|12\n|\n|t:|1699434653\n|move|p1b: Altaria|Sing|p2a: Heliolisk\n|-status|p2a: Heliolisk|slp|[from] move: Sing\n|cant|p2a: Heliolisk|slp\n|move|p1a: Jirachi|Cosmic Power|p1a: Jirachi\n|-boost|p1a: Jirachi|def|1\n|-boost|p1a: Jirachi|spd|1\n|cant|p2b: Umbreon|slp\n|\n|-heal|p1b: Altaria|23\/100|[from] item: Leftovers\n|upkeep\n|turn|13\n|\n|t:|1699434686\n|move|p1b: Altaria|Fly||[still]\n|-prepare|p1b: Altaria|Fly\n|cant|p2a: Heliolisk|slp\n|move|p1a: Jirachi|Baton Pass|p1a: Jirachi\n|\n|t:|1699434692\n|switch|p1a: Celebi|Celebi, shiny|100\/100|[from] Baton Pass\n|-curestatus|p2b: Umbreon|slp|[msg]\n|move|p2b: Umbreon|Foul Play|p1b: Altaria|[miss]\n|-miss|p2b: Umbreon|p1b: Altaria\n|\n|-heal|p1b: Altaria|29\/100|[from] item: Leftovers\n|upkeep\n|turn|14\n|\n|t:|1699434715\n|move|p1b: Altaria|Fly|p2a: Heliolisk|[from]lockedmove\n|-resisted|p2a: Heliolisk\n|-damage|p2a: Heliolisk|0 fnt\n|faint|p2a: Heliolisk\n|move|p1a: Celebi|Charge Beam|p2b: Umbreon\n|-crit|p2b: Umbreon\n|-damage|p2b: Umbreon|90\/100\n|move|p2b: Umbreon|Foul Play|p1b: Altaria\n|-damage|p1b: Altaria|0 fnt\n|faint|p1b: Altaria\n|\n|-heal|p2b: Umbreon|96\/100|[from] item: Leftovers\n|upkeep\n|\n|t:|1699434734\n|switch|p2a: Aurorus|Aurorus, M|81\/100\n|switch|p1b: Qweefish|Qwilfish, M, shiny|100\/100\n|-ability|p1b: Qweefish|Intimidate|boost\n|-unboost|p2a: Aurorus|atk|1\n|-unboost|p2b: Umbreon|atk|1\n|-weather|Snow|[from] ability: Snow Warning|[of] p2a: Aurorus\n|turn|15\n|\n|t:|1699434759\n|move|p1a: Celebi|Pollen Puff|p2b: Umbreon\n|-supereffective|p2b: Umbreon\n|-damage|p2b: Umbreon|69\/100\n|move|p1b: Qweefish|Thunder Wave|p2a: Aurorus\n|-status|p2a: Aurorus|par\n|move|p2b: Umbreon|Toxic|p1a: Celebi\n|-status|p1a: Celebi|tox\n|move|p2a: Aurorus|Aurora Veil|p2a: Aurorus\n|-sidestart|p2: Arietidas|move: Aurora Veil\n|\n|-weather|Snow|[upkeep]\n|-heal|p2b: Umbreon|75\/100|[from] item: Leftovers\n|-damage|p1a: Celebi|94\/100 tox|[from] psn\n|upkeep\n|turn|16\n|\n|t:|1699434787\n|move|p2b: Umbreon|Protect|p2b: Umbreon\n|-singleturn|p2b: Umbreon|Protect\n|move|p1a: Celebi|Charge Beam|p2a: Aurorus\n|-damage|p2a: Aurorus|74\/100 par\n|move|p1b: Qweefish|Thunder Wave|p2b: Umbreon\n|-activate|p2b: Umbreon|move: Protect\n|move|p2a: Aurorus|Blizzard|p1a: Celebi|[spread] p1a,p1b\n|-supereffective|p1a: Celebi\n|-resisted|p1b: Qweefish\n|-damage|p1a: Celebi|75\/100 tox\n|-damage|p1b: Qweefish|82\/100\n|\n|-weather|Snow|[upkeep]\n|-heal|p1a: Celebi|81\/100 tox|[from] item: Leftovers\n|-heal|p1b: Qweefish|88\/100|[from] item: Leftovers\n|-heal|p2b: Umbreon|81\/100|[from] item: Leftovers\n|-damage|p1a: Celebi|69\/100 tox|[from] psn\n|upkeep\n|turn|17\n|\n|t:|1699434816\n|move|p1a: Celebi|Charge Beam|p2a: Aurorus\n|-damage|p2a: Aurorus|67\/100 par\n|move|p1b: Qweefish|Thunder Wave|p2b: Umbreon|[miss]\n|-miss|p1b: Qweefish|p2b: Umbreon\n|move|p2b: Umbreon|Foul Play|p1b: Qweefish\n|-damage|p1b: Qweefish|58\/100\n|move|p2a: Aurorus|Blizzard|p1a: Celebi|[spread] p1a,p1b\n|-supereffective|p1a: Celebi\n|-resisted|p1b: Qweefish\n|-damage|p1a: Celebi|51\/100 tox\n|-damage|p1b: Qweefish|41\/100\n|\n|-weather|Snow|[upkeep]\n|-heal|p1a: Celebi|57\/100 tox|[from] item: Leftovers\n|-heal|p1b: Qweefish|47\/100|[from] item: Leftovers\n|-heal|p2b: Umbreon|87\/100|[from] item: Leftovers\n|-damage|p1a: Celebi|39\/100 tox|[from] psn\n|upkeep\n|turn|18\n|\n|t:|1699434851\n|switch|p1b: Chandelure|Chandelure, M, shiny|100\/100\n|move|p2b: Umbreon|Protect|p2b: Umbreon\n|-singleturn|p2b: Umbreon|Protect\n|move|p1a: Celebi|Leech Seed|p2a: Aurorus\n|-start|p2a: Aurorus|move: Leech Seed\n|move|p2a: Aurorus|Blizzard|p1a: Celebi|[spread] p1a,p1b\n|-supereffective|p1a: Celebi\n|-crit|p1a: Celebi\n|-resisted|p1b: Chandelure\n|-damage|p1a: Celebi|0 fnt\n|-damage|p1b: Chandelure|84\/100\n|faint|p1a: Celebi\n|\n|-weather|Snow|[upkeep]\n|-heal|p1b: Chandelure|90\/100|[from] item: Leftovers\n|-heal|p2b: Umbreon|93\/100|[from] item: Leftovers\n|upkeep\n|\n|t:|1699434868\n|switch|p1a: Jirachi|Jirachi, shiny|100\/100\n|turn|19\n|\n|t:|1699434883\n|move|p1a: Jirachi|Cosmic Power|p1a: Jirachi\n|-boost|p1a: Jirachi|def|1\n|-boost|p1a: Jirachi|spd|1\n|move|p1b: Chandelure|Heat Wave|p2b: Umbreon|[spread] p2a,p2b\n|-damage|p2a: Aurorus|37\/100 par\n|-damage|p2b: Umbreon|74\/100\n|move|p2b: Umbreon|Toxic|p1b: Chandelure\n|-status|p1b: Chandelure|tox\n|move|p2a: Aurorus|Light Screen|p2a: Aurorus\n|-sidestart|p2: Arietidas|move: Light Screen\n|\n|-weather|none\n|-heal|p1b: Chandelure|97\/100 tox|[from] item: Leftovers\n|-heal|p2b: Umbreon|80\/100|[from] item: Leftovers\n|-damage|p2a: Aurorus|25\/100 par|[from] Leech Seed|[of] p1a: Jirachi\n|-damage|p1b: Chandelure|90\/100 tox|[from] psn\n|upkeep\n|turn|20\n|\n|t:|1699434911\n|move|p1a: Jirachi|Cosmic Power|p1a: Jirachi\n|-boost|p1a: Jirachi|def|1\n|-boost|p1a: Jirachi|spd|1\n|move|p1b: Chandelure|Heat Wave|p2a: Aurorus|[spread] p2a,p2b\n|-damage|p2a: Aurorus|0 fnt\n|-damage|p2b: Umbreon|61\/100\n|faint|p2a: Aurorus\n|move|p2b: Umbreon|Foul Play|p1b: Chandelure\n|-supereffective|p1b: Chandelure\n|-damage|p1b: Chandelure|56\/100 tox\n|\n|-heal|p1b: Chandelure|62\/100 tox|[from] item: Leftovers\n|-heal|p2b: Umbreon|67\/100|[from] item: Leftovers\n|-damage|p1b: Chandelure|50\/100 tox|[from] psn\n|upkeep\n|\n|t:|1699434926\n|switch|p2a: Venusaur|Venusaur, M|100\/100\n|turn|21\n|\n|t:|1699434954\n|move|p1a: Jirachi|Cosmic Power|p1a: Jirachi\n|-boost|p1a: Jirachi|def|1\n|-boost|p1a: Jirachi|spd|1\n|move|p2a: Venusaur|Growth|p2a: Venusaur\n|-boost|p2a: Venusaur|atk|1\n|-boost|p2a: Venusaur|spa|1\n|move|p1b: Chandelure|Heat Wave|p2b: Umbreon|[spread] p2b\n|-miss|p1b: Chandelure|p2a: Venusaur\n|-crit|p2b: Umbreon\n|-damage|p2b: Umbreon|41\/100\n|move|p2b: Umbreon|Wish|p2b: Umbreon\n|\n|-heal|p1b: Chandelure|56\/100 tox|[from] item: Leftovers\n|-heal|p2b: Umbreon|47\/100|[from] item: Leftovers\n|-damage|p1b: Chandelure|38\/100 tox|[from] psn\n|upkeep\n|turn|22\n|\n|t:|1699434983\n|move|p2b: Umbreon|Protect|p2b: Umbreon\n|-singleturn|p2b: Umbreon|Protect\n|move|p1a: Jirachi|Cosmic Power|p1a: Jirachi\n|-boost|p1a: Jirachi|def|1\n|-boost|p1a: Jirachi|spd|1\n|move|p2a: Venusaur|Earth Power|p1b: Chandelure\n|-supereffective|p1b: Chandelure\n|-damage|p1b: Chandelure|0 fnt\n|faint|p1b: Chandelure\n|-damage|p2a: Venusaur|91\/100|[from] item: Life Orb\n|\n|-heal|p2b: Umbreon|97\/100|[from] move: Wish|[wisher] Umbreon\n|-heal|p2b: Umbreon|100\/100|[from] item: Leftovers\n|-sideend|p2: Arietidas|move: Aurora Veil\n|upkeep\n|\n|t:|1699434999\n|switch|p1b: Qweefish|Qwilfish, M, shiny|47\/100\n|-ability|p1b: Qweefish|Intimidate|boost\n|-unboost|p2a: Venusaur|atk|1\n|-unboost|p2b: Umbreon|atk|1\n|turn|23\n|\n|t:|1699435016\n|move|p1a: Jirachi|Cosmic Power|p1a: Jirachi\n|-boost|p1a: Jirachi|def|1\n|-boost|p1a: Jirachi|spd|1\n|move|p2a: Venusaur|Growth|p2a: Venusaur\n|-boost|p2a: Venusaur|atk|1\n|-boost|p2a: Venusaur|spa|1\n|move|p1b: Qweefish|Thunder Wave|p2a: Venusaur\n|-status|p2a: Venusaur|par\n|move|p2b: Umbreon|Foul Play|p1a: Jirachi\n|-supereffective|p1a: Jirachi\n|-damage|p1a: Jirachi|86\/100\n|\n|-heal|p1a: Jirachi|93\/100|[from] item: Leftovers\n|-heal|p1b: Qweefish|53\/100|[from] item: Leftovers\n|upkeep\n|turn|24\n|\n|t:|1699435043\n|move|p1a: Jirachi|Cosmic Power|p1a: Jirachi\n|-boost|p1a: Jirachi|def|1\n|-boost|p1a: Jirachi|spd|1\n|move|p1b: Qweefish|Thunder Wave|p2b: Umbreon\n|-status|p2b: Umbreon|par\n|-activate|p2b: Umbreon|ability: Synchronize\n|-status|p1b: Qweefish|par\n|move|p2a: Venusaur|Giga Drain|p1b: Qweefish\n|-damage|p1b: Qweefish|0 fnt\n|-heal|p2a: Venusaur|100\/100 par|[from] drain|[of] p1b: Qweefish\n|faint|p1b: Qweefish\n|-damage|p2a: Venusaur|91\/100 par|[from] item: Life Orb\n|move|p2b: Umbreon|Foul Play|p1a: Jirachi\n|-supereffective|p1a: Jirachi\n|-damage|p1a: Jirachi|80\/100\n|\n|-heal|p1a: Jirachi|86\/100|[from] item: Leftovers\n|upkeep\n|\n|t:|1699435060\n|switch|p1b: Hitmontop|Hitmontop, M, shiny|100\/100\n|turn|25\n|\n|t:|1699435092\n|move|p1a: Jirachi|Water Pulse|p2a: Venusaur\n|-resisted|p2a: Venusaur\n|-damage|p2a: Venusaur|84\/100 par\n|-start|p2a: Venusaur|confusion\n|move|p1b: Hitmontop|Mud-Slap|p2b: Umbreon\n|-damage|p2b: Umbreon|99\/100 par\n|-unboost|p2b: Umbreon|accuracy|1\n|-activate|p2a: Venusaur|confusion\n|cant|p2a: Venusaur|par\n|move|p2b: Umbreon|Toxic|p1b: Hitmontop\n|-status|p1b: Hitmontop|tox\n|\n|-heal|p1a: Jirachi|93\/100|[from] item: Leftovers\n|-heal|p2b: Umbreon|100\/100 par|[from] item: Leftovers\n|-damage|p1b: Hitmontop|94\/100 tox|[from] psn\n|upkeep\n|turn|26\n|\n|t:|1699435132\n|move|p2b: Umbreon|Protect|p2b: Umbreon\n|-singleturn|p2b: Umbreon|Protect\n|move|p1a: Jirachi|Water Pulse|p2b: Umbreon\n|-activate|p2b: Umbreon|move: Protect\n|move|p1b: Hitmontop|Mud-Slap|p2a: Venusaur\n|-damage|p2a: Venusaur|82\/100 par\n|-unboost|p2a: Venusaur|accuracy|1\n|-activate|p2a: Venusaur|confusion\n|move|p2a: Venusaur|Growth|p2a: Venusaur\n|-boost|p2a: Venusaur|atk|1\n|-boost|p2a: Venusaur|spa|1\n|\n|-heal|p1a: Jirachi|99\/100|[from] item: Leftovers\n|-damage|p1b: Hitmontop|82\/100 tox|[from] psn\n|-sideend|p2: Arietidas|move: Light Screen\n|upkeep\n|turn|27\n|\n|t:|1699435159\n|move|p1a: Jirachi|Water Pulse|p2b: Umbreon\n|-damage|p2b: Umbreon|92\/100 par\n|-start|p2b: Umbreon|confusion\n|move|p1b: Hitmontop|Rapid Spin|p2b: Umbreon\n|-enditem|p1b: Hitmontop|Normal Gem|[from] gem\n|-damage|p2b: Umbreon|70\/100 par\n|-boost|p1b: Hitmontop|spe|1\n|-activate|p2a: Venusaur|confusion\n|move|p2a: Venusaur|Earth Power|p1a: Jirachi\n|-supereffective|p1a: Jirachi\n|-damage|p1a: Jirachi|58\/100\n|-damage|p2a: Venusaur|72\/100 par|[from] item: Life Orb\n|-activate|p2b: Umbreon|confusion\n|cant|p2b: Umbreon|par\n|\n|-heal|p1a: Jirachi|64\/100|[from] item: Leftovers\n|-heal|p2b: Umbreon|76\/100 par|[from] item: Leftovers\n|-damage|p1b: Hitmontop|63\/100 tox|[from] psn\n|upkeep\n|turn|28\n|\n|t:|1699435193\n|move|p1a: Jirachi|Water Pulse|p2a: Venusaur\n|-resisted|p2a: Venusaur\n|-damage|p2a: Venusaur|63\/100 par\n|move|p1b: Hitmontop|Thief|p2b: Umbreon\n|-resisted|p2b: Umbreon\n|-damage|p2b: Umbreon|66\/100 par\n|-enditem|p2b: Umbreon|Leftovers|[silent]|[from] move: Thief|[of] p1b: Hitmontop\n|-item|p1b: Hitmontop|Leftovers|[from] move: Thief|[of] p2b: Umbreon\n|-end|p2a: Venusaur|confusion\n|cant|p2a: Venusaur|par\n|-activate|p2b: Umbreon|confusion\n|move|p2b: Umbreon|Foul Play|p1a: Jirachi\n|-supereffective|p1a: Jirachi\n|-damage|p1a: Jirachi|53\/100\n|\n|-heal|p1a: Jirachi|59\/100|[from] item: Leftovers\n|-heal|p1b: Hitmontop|69\/100 tox|[from] item: Leftovers\n|-damage|p1b: Hitmontop|44\/100 tox|[from] psn\n|upkeep\n|turn|29\n|\n|t:|1699435223\n|-end|p2b: Umbreon|confusion\n|move|p2b: Umbreon|Protect|p2b: Umbreon\n|-singleturn|p2b: Umbreon|Protect\n|move|p1a: Jirachi|Water Pulse|p2a: Venusaur\n|-resisted|p2a: Venusaur\n|-damage|p2a: Venusaur|53\/100 par\n|move|p1b: Hitmontop|Mud-Slap|p2a: Venusaur\n|-damage|p2a: Venusaur|50\/100 par\n|-unboost|p2a: Venusaur|accuracy|1\n|move|p2a: Venusaur|Earth Power|p1a: Jirachi|[miss]\n|-miss|p2a: Venusaur|p1a: Jirachi\n|\n|-heal|p1a: Jirachi|66\/100|[from] item: Leftovers\n|-heal|p1b: Hitmontop|51\/100 tox|[from] item: Leftovers\n|-damage|p1b: Hitmontop|20\/100 tox|[from] psn\n|upkeep\n|turn|30\n|\n|t:|1699435258\n|move|p1a: Jirachi|Water Pulse|p2a: Venusaur\n|-resisted|p2a: Venusaur\n|-damage|p2a: Venusaur|40\/100 par\n|-start|p2a: Venusaur|confusion\n|move|p1b: Hitmontop|Mud-Slap|p2b: Umbreon\n|-damage|p2b: Umbreon|65\/100 par\n|-unboost|p2b: Umbreon|accuracy|1\n|-activate|p2a: Venusaur|confusion\n|move|p2a: Venusaur|Giga Drain|p1a: Jirachi\n|-resisted|p1a: Jirachi\n|-damage|p1a: Jirachi|54\/100\n|-heal|p2a: Venusaur|47\/100 par|[from] drain|[of] p1a: Jirachi\n|-damage|p2a: Venusaur|37\/100 par|[from] item: Life Orb\n|move|p2b: Umbreon|Foul Play|p1a: Jirachi|[miss]\n|-miss|p2b: Umbreon|p1a: Jirachi\n|\n|-heal|p1a: Jirachi|60\/100|[from] item: Leftovers\n|-heal|p1b: Hitmontop|26\/100 tox|[from] item: Leftovers\n|-damage|p1b: Hitmontop|0 fnt|[from] psn\n|faint|p1b: Hitmontop\n|upkeep\n|turn|31\n|\n|t:|1699435292\n|move|p1a: Jirachi|Ancient Power|p2b: Umbreon\n|-damage|p2b: Umbreon|57\/100 par\n|-activate|p2a: Venusaur|confusion\n|-damage|p2a: Venusaur|22\/100 par|[from] confusion\n|move|p2b: Umbreon|Foul Play|p1a: Jirachi|[miss]\n|-miss|p2b: Umbreon|p1a: Jirachi\n|\n|-heal|p1a: Jirachi|66\/100|[from] item: Leftovers\n|upkeep\n|turn|32\n|\n|t:|1699435311\n|move|p1a: Jirachi|Ancient Power|p2a: Venusaur\n|-damage|p2a: Venusaur|2\/100 par\n|-activate|p2a: Venusaur|confusion\n|-damage|p2a: Venusaur|0 fnt|[from] confusion\n|faint|p2a: Venusaur\n|cant|p2b: Umbreon|par\n|\n|-heal|p1a: Jirachi|72\/100|[from] item: Leftovers\n|upkeep\n|turn|33\n|\n|t:|1699435329\n|move|p1a: Jirachi|Water Pulse|p2b: Umbreon\n|-damage|p2b: Umbreon|49\/100 par\n|-start|p2b: Umbreon|confusion\n|-activate|p2b: Umbreon|confusion\n|move|p2b: Umbreon|Foul Play|p1a: Jirachi|[miss]\n|-miss|p2b: Umbreon|p1a: Jirachi\n|\n|-heal|p1a: Jirachi|79\/100|[from] item: Leftovers\n|upkeep\n|turn|34\n|\n|t:|1699435340\n|-activate|p2b: Umbreon|confusion\n|move|p2b: Umbreon|Protect|p2b: Umbreon\n|-singleturn|p2b: Umbreon|Protect\n|move|p1a: Jirachi|Water Pulse|p2b: Umbreon\n|-activate|p2b: Umbreon|move: Protect\n|\n|-heal|p1a: Jirachi|85\/100|[from] item: Leftovers\n|upkeep\n|turn|35\n|\n|t:|1699435349\n|move|p1a: Jirachi|Ancient Power|p2b: Umbreon\n|-damage|p2b: Umbreon|41\/100 par\n|-activate|p2b: Umbreon|confusion\n|cant|p2b: Umbreon|par\n|\n|-heal|p1a: Jirachi|91\/100|[from] item: Leftovers\n|upkeep\n|turn|36\n|\n|t:|1699435361\n|-end|p2b: Umbreon|confusion\n|move|p2b: Umbreon|Protect|p2b: Umbreon\n|-singleturn|p2b: Umbreon|Protect\n|move|p1a: Jirachi|Water Pulse|p2b: Umbreon\n|-activate|p2b: Umbreon|move: Protect\n|\n|-heal|p1a: Jirachi|97\/100|[from] item: Leftovers\n|upkeep\n|turn|37\n|\n|t:|1699435372\n|move|p1a: Jirachi|Water Pulse|p2b: Umbreon\n|-damage|p2b: Umbreon|32\/100 par\n|-start|p2b: Umbreon|confusion\n|-activate|p2b: Umbreon|confusion\n|move|p2b: Umbreon|Wish|p2b: Umbreon\n|\n|-heal|p1a: Jirachi|100\/100|[from] item: Leftovers\n|upkeep\n|turn|38\n|\n|t:|1699435382\n|-end|p2b: Umbreon|confusion\n|move|p2b: Umbreon|Protect|p2b: Umbreon\n|-singleturn|p2b: Umbreon|Protect\n|move|p1a: Jirachi|Water Pulse|p2b: Umbreon\n|-activate|p2b: Umbreon|move: Protect\n|\n|-heal|p2b: Umbreon|82\/100 par|[from] move: Wish|[wisher] Umbreon\n|upkeep\n|turn|39\n|\n|t:|1699435398\n|move|p1a: Jirachi|Water Pulse|p2b: Umbreon\n|-damage|p2b: Umbreon|74\/100 par\n|-start|p2b: Umbreon|confusion\n|-activate|p2b: Umbreon|confusion\n|move|p2b: Umbreon|Foul Play|p1a: Jirachi\n|-supereffective|p1a: Jirachi\n|-damage|p1a: Jirachi|88\/100\n|\n|-heal|p1a: Jirachi|94\/100|[from] item: Leftovers\n|upkeep\n|turn|40\n|\n|t:|1699435409\n|move|p1a: Jirachi|Cosmic Power|p1a: Jirachi\n|-boost|p1a: Jirachi|def|0\n|-boost|p1a: Jirachi|spd|0\n|-end|p2b: Umbreon|confusion\n|move|p2b: Umbreon|Foul Play|p1a: Jirachi|[miss]\n|-miss|p2b: Umbreon|p1a: Jirachi\n|\n|-heal|p1a: Jirachi|100\/100|[from] item: Leftovers\n|upkeep\n|turn|41\n|\n|t:|1699435420\n|move|p1a: Jirachi|Cosmic Power|p1a: Jirachi\n|-boost|p1a: Jirachi|def|0\n|-boost|p1a: Jirachi|spd|0\n|move|p2b: Umbreon|Foul Play|p1a: Jirachi\n|-supereffective|p1a: Jirachi\n|-damage|p1a: Jirachi|88\/100\n|\n|-heal|p1a: Jirachi|94\/100|[from] item: Leftovers\n|upkeep\n|turn|42\n|\n|t:|1699435430\n|move|p1a: Jirachi|Water Pulse|p2b: Umbreon\n|-damage|p2b: Umbreon|67\/100 par\n|move|p2b: Umbreon|Foul Play|p1a: Jirachi|[miss]\n|-miss|p2b: Umbreon|p1a: Jirachi\n|\n|-heal|p1a: Jirachi|99\/100|[from] item: Leftovers\n|upkeep\n|turn|43\n|\n|t:|1699435438\n|move|p1a: Jirachi|Cosmic Power|p1a: Jirachi\n|-boost|p1a: Jirachi|def|0\n|-boost|p1a: Jirachi|spd|0\n|move|p2b: Umbreon|Wish|p2b: Umbreon\n|\n|-heal|p1a: Jirachi|100\/100|[from] item: Leftovers\n|upkeep\n|turn|44\n|\n|t:|1699435446\n|move|p2b: Umbreon|Protect|p2b: Umbreon\n|-singleturn|p2b: Umbreon|Protect\n|move|p1a: Jirachi|Baton Pass||[still]\n|-fail|p1a: Jirachi\n|\n|-heal|p2b: Umbreon|100\/100 par|[from] move: Wish|[wisher] Umbreon\n|upkeep\n|turn|45\n|j| pojoy\n|\n|t:|1699435457\n|move|p1a: Jirachi|Water Pulse|p2b: Umbreon\n|-damage|p2b: Umbreon|93\/100 par\n|-start|p2b: Umbreon|confusion\n|-activate|p2b: Umbreon|confusion\n|-damage|p2b: Umbreon|91\/100 par|[from] confusion\n|\n|upkeep\n|turn|46\n|\n|t:|1699435469\n|move|p1a: Jirachi|Cosmic Power|p1a: Jirachi\n|-boost|p1a: Jirachi|def|0\n|-boost|p1a: Jirachi|spd|0\n|-activate|p2b: Umbreon|confusion\n|move|p2b: Umbreon|Foul Play|p1a: Jirachi|[miss]\n|-miss|p2b: Umbreon|p1a: Jirachi\n|\n|upkeep\n|turn|47\n|\n|t:|1699435490\n|move|p1a: Jirachi|Water Pulse|p2b: Umbreon\n|-damage|p2b: Umbreon|82\/100 par\n|-activate|p2b: Umbreon|confusion\n|cant|p2b: Umbreon|par\n|\n|upkeep\n|turn|48\n|\n|t:|1699435497\n|move|p1a: Jirachi|Cosmic Power|p1a: Jirachi\n|-boost|p1a: Jirachi|def|0\n|-boost|p1a: Jirachi|spd|0\n|-end|p2b: Umbreon|confusion\n|move|p2b: Umbreon|Foul Play|p1a: Jirachi|[miss]\n|-miss|p2b: Umbreon|p1a: Jirachi\n|\n|upkeep\n|turn|49\n|\n|t:|1699435506\n|move|p1a: Jirachi|Water Pulse|p2b: Umbreon\n|-damage|p2b: Umbreon|74\/100 par\n|move|p2b: Umbreon|Foul Play|p1a: Jirachi\n|-supereffective|p1a: Jirachi\n|-damage|p1a: Jirachi|88\/100\n|\n|-heal|p1a: Jirachi|94\/100|[from] item: Leftovers\n|upkeep\n|turn|50\n|\n|t:|1699435515\n|move|p2b: Umbreon|Protect|p2b: Umbreon\n|-singleturn|p2b: Umbreon|Protect\n|move|p1a: Jirachi|Cosmic Power|p1a: Jirachi\n|-boost|p1a: Jirachi|def|0\n|-boost|p1a: Jirachi|spd|0\n|\n|-heal|p1a: Jirachi|99\/100|[from] item: Leftovers\n|upkeep\n|turn|51\n|\n|t:|1699435526\n|move|p1a: Jirachi|Water Pulse|p2b: Umbreon\n|-damage|p2b: Umbreon|66\/100 par\n|move|p2b: Umbreon|Foul Play|p1a: Jirachi|[miss]\n|-miss|p2b: Umbreon|p1a: Jirachi\n|\n|-heal|p1a: Jirachi|100\/100|[from] item: Leftovers\n|upkeep\n|turn|52\n|\n|t:|1699435538\n|move|p1a: Jirachi|Cosmic Power|p1a: Jirachi\n|-boost|p1a: Jirachi|def|0\n|-boost|p1a: Jirachi|spd|0\n|move|p2b: Umbreon|Wish|p2b: Umbreon\n|\n|upkeep\n|turn|53\n|\n|t:|1699435545\n|move|p2b: Umbreon|Protect|p2b: Umbreon\n|-singleturn|p2b: Umbreon|Protect\n|move|p1a: Jirachi|Cosmic Power|p1a: Jirachi\n|-boost|p1a: Jirachi|def|0\n|-boost|p1a: Jirachi|spd|0\n|\n|-heal|p2b: Umbreon|100\/100 par|[from] move: Wish|[wisher] Umbreon\n|upkeep\n|turn|54\n|\n|t:|1699435566\n|move|p1a: Jirachi|Water Pulse|p2b: Umbreon\n|-damage|p2b: Umbreon|92\/100 par\n|-start|p2b: Umbreon|confusion\n|-activate|p2b: Umbreon|confusion\n|move|p2b: Umbreon|Foul Play|p1a: Jirachi\n|-supereffective|p1a: Jirachi\n|-damage|p1a: Jirachi|89\/100\n|\n|-heal|p1a: Jirachi|96\/100|[from] item: Leftovers\n|upkeep\n|turn|55\n|\n|t:|1699435577\n|move|p1a: Jirachi|Cosmic Power|p1a: Jirachi\n|-boost|p1a: Jirachi|def|0\n|-boost|p1a: Jirachi|spd|0\n|-activate|p2b: Umbreon|confusion\n|move|p2b: Umbreon|Foul Play|p1a: Jirachi|[miss]\n|-miss|p2b: Umbreon|p1a: Jirachi\n|\n|-heal|p1a: Jirachi|100\/100|[from] item: Leftovers\n|upkeep\n|turn|56\n|l| pojoy\n|\n|t:|1699435591\n|move|p1a: Jirachi|Cosmic Power|p1a: Jirachi\n|-boost|p1a: Jirachi|def|0\n|-boost|p1a: Jirachi|spd|0\n|-end|p2b: Umbreon|confusion\n|move|p2b: Umbreon|Foul Play|p1a: Jirachi|[miss]\n|-miss|p2b: Umbreon|p1a: Jirachi\n|\n|upkeep\n|turn|57\n|\n|t:|1699435603\n|move|p1a: Jirachi|Cosmic Power|p1a: Jirachi\n|-boost|p1a: Jirachi|def|0\n|-boost|p1a: Jirachi|spd|0\n|cant|p2b: Umbreon|par\n|\n|upkeep\n|turn|58\n|\n|t:|1699435610\n|move|p1a: Jirachi|Cosmic Power|p1a: Jirachi\n|-boost|p1a: Jirachi|def|0\n|-boost|p1a: Jirachi|spd|0\n|cant|p2b: Umbreon|par\n|\n|upkeep\n|turn|59\n|\n|t:|1699435617\n|move|p1a: Jirachi|Cosmic Power|p1a: Jirachi\n|-boost|p1a: Jirachi|def|0\n|-boost|p1a: Jirachi|spd|0\n|cant|p2b: Umbreon|par\n|\n|upkeep\n|turn|60\n|\n|t:|1699435625\n|move|p1a: Jirachi|Cosmic Power|p1a: Jirachi\n|-boost|p1a: Jirachi|def|0\n|-boost|p1a: Jirachi|spd|0\n|move|p2b: Umbreon|Foul Play|p1a: Jirachi\n|-supereffective|p1a: Jirachi\n|-damage|p1a: Jirachi|88\/100\n|\n|-heal|p1a: Jirachi|94\/100|[from] item: Leftovers\n|upkeep\n|turn|61\n|\n|t:|1699435635\n|move|p1a: Jirachi|Cosmic Power|p1a: Jirachi\n|-boost|p1a: Jirachi|def|0\n|-boost|p1a: Jirachi|spd|0\n|move|p2b: Umbreon|Foul Play|p1a: Jirachi\n|-supereffective|p1a: Jirachi\n|-damage|p1a: Jirachi|80\/100\n|\n|-heal|p1a: Jirachi|86\/100|[from] item: Leftovers\n|upkeep\n|turn|62\n|\n|t:|1699435645\n|move|p1a: Jirachi|Water Pulse|p2b: Umbreon\n|-damage|p2b: Umbreon|84\/100 par\n|-start|p2b: Umbreon|confusion\n|-activate|p2b: Umbreon|confusion\n|move|p2b: Umbreon|Foul Play|p1a: Jirachi\n|-supereffective|p1a: Jirachi\n|-damage|p1a: Jirachi|74\/100\n|\n|-heal|p1a: Jirachi|80\/100|[from] item: Leftovers\n|upkeep\n|turn|63\n|\n|t:|1699435660\n|move|p1a: Jirachi|Cosmic Power|p1a: Jirachi\n|-boost|p1a: Jirachi|def|0\n|-boost|p1a: Jirachi|spd|0\n|-end|p2b: Umbreon|confusion\n|move|p2b: Umbreon|Wish|p2b: Umbreon\n|\n|-heal|p1a: Jirachi|86\/100|[from] item: Leftovers\n|upkeep\n|turn|64\n|\n|t:|1699435670\n|cant|p2b: Umbreon|par\n|move|p1a: Jirachi|Baton Pass||[still]\n|-fail|p1a: Jirachi\n|\n|-heal|p2b: Umbreon|100\/100 par|[from] move: Wish|[wisher] Umbreon\n|-heal|p1a: Jirachi|93\/100|[from] item: Leftovers\n|upkeep\n|turn|65\n|\n|t:|1699435689\n|cant|p2b: Umbreon|par\n|move|p1a: Jirachi|Baton Pass||[still]\n|-fail|p1a: Jirachi\n|\n|-heal|p1a: Jirachi|99\/100|[from] item: Leftovers\n|upkeep\n|turn|66\n|\n|t:|1699435698\n|cant|p2b: Umbreon|par\n|move|p1a: Jirachi|Baton Pass||[still]\n|-fail|p1a: Jirachi\n|\n|-heal|p1a: Jirachi|100\/100|[from] item: Leftovers\n|upkeep\n|turn|67\n|\n|t:|1699435706\n|move|p2b: Umbreon|Protect|p2b: Umbreon\n|-singleturn|p2b: Umbreon|Protect\n|move|p1a: Jirachi|Cosmic Power|p1a: Jirachi\n|-boost|p1a: Jirachi|def|0\n|-boost|p1a: Jirachi|spd|0\n|\n|upkeep\n|turn|68\n|\n|t:|1699435713\n|cant|p2b: Umbreon|par\n|move|p1a: Jirachi|Baton Pass||[still]\n|-fail|p1a: Jirachi\n|\n|upkeep\n|turn|69\n|\n|t:|1699435720\n|move|p2b: Umbreon|Protect|p2b: Umbreon\n|-singleturn|p2b: Umbreon|Protect\n|move|p1a: Jirachi|Baton Pass||[still]\n|-fail|p1a: Jirachi\n|\n|upkeep\n|turn|70\n|\n|t:|1699435732\n|move|p1a: Jirachi|Cosmic Power|p1a: Jirachi\n|-boost|p1a: Jirachi|def|0\n|-boost|p1a: Jirachi|spd|0\n|cant|p2b: Umbreon|par\n|\n|upkeep\n|turn|71\n|\n|t:|1699435739\n|move|p1a: Jirachi|Baton Pass||[still]\n|-fail|p1a: Jirachi\n|move|p2b: Umbreon|Toxic|p1a: Jirachi|[miss]\n|-miss|p2b: Umbreon|p1a: Jirachi\n|\n|upkeep\n|turn|72\n|\n|t:|1699435747\n|move|p1a: Jirachi|Baton Pass||[still]\n|-fail|p1a: Jirachi\n|move|p2b: Umbreon|Toxic|p1a: Jirachi\n|-immune|p1a: Jirachi\n|\n|upkeep\n|turn|73\n|\n|t:|1699435753\n|move|p1a: Jirachi|Cosmic Power|p1a: Jirachi\n|-boost|p1a: Jirachi|def|0\n|-boost|p1a: Jirachi|spd|0\n|move|p2b: Umbreon|Toxic|p1a: Jirachi\n|-immune|p1a: Jirachi\n|\n|upkeep\n|turn|74\n|\n|t:|1699435761\n|move|p1a: Jirachi|Baton Pass||[still]\n|-fail|p1a: Jirachi\n|move|p2b: Umbreon|Toxic|p1a: Jirachi\n|-immune|p1a: Jirachi\n|\n|upkeep\n|turn|75\n|\n|t:|1699435768\n|move|p1a: Jirachi|Baton Pass||[still]\n|-fail|p1a: Jirachi\n|cant|p2b: Umbreon|par\n|\n|upkeep\n|turn|76\n|c|\u2606Arietidas|So bored this\ud83d\ude05\n|inactive|Battle timer is ON: inactive players will automatically lose when time's up. (requested by DazzlingBrilliance)\n|\n|t:|1699435799\n|move|p1a: Jirachi|Cosmic Power|p1a: Jirachi\n|-boost|p1a: Jirachi|def|0\n|-boost|p1a: Jirachi|spd|0\n|cant|p2b: Umbreon|par\n|\n|upkeep\n|turn|77\n|\n|t:|1699435806\n|move|p1a: Jirachi|Baton Pass||[still]\n|-fail|p1a: Jirachi\n|move|p2b: Umbreon|Toxic|p1a: Jirachi\n|-immune|p1a: Jirachi\n|\n|upkeep\n|turn|78\n|\n|t:|1699435813\n|move|p1a: Jirachi|Baton Pass||[still]\n|-fail|p1a: Jirachi\n|move|p2b: Umbreon|Toxic|p1a: Jirachi\n|-immune|p1a: Jirachi\n|\n|upkeep\n|turn|79\n|\n|t:|1699435829\n|move|p1a: Jirachi|Baton Pass||[still]\n|-fail|p1a: Jirachi\n|move|p2b: Umbreon|Toxic|p1a: Jirachi|[miss]\n|-miss|p2b: Umbreon|p1a: Jirachi\n|\n|upkeep\n|turn|80\n|\n|t:|1699435836\n|move|p1a: Jirachi|Baton Pass||[still]\n|-fail|p1a: Jirachi\n|cant|p2b: Umbreon|par\n|\n|upkeep\n|turn|81\n|\n|t:|1699435842\n|move|p1a: Jirachi|Baton Pass||[still]\n|-fail|p1a: Jirachi\n|cant|p2b: Umbreon|par\n|\n|upkeep\n|turn|82\n|\n|t:|1699435852\n|move|p1a: Jirachi|Baton Pass||[still]\n|-fail|p1a: Jirachi\n|move|p2b: Umbreon|Toxic|p1a: Jirachi\n|-immune|p1a: Jirachi\n|\n|upkeep\n|turn|83\n|\n|t:|1699435879\n|move|p1a: Jirachi|Baton Pass||[still]\n|-fail|p1a: Jirachi\n|move|p2b: Umbreon|Toxic|p1a: Jirachi\n|-immune|p1a: Jirachi\n|\n|upkeep\n|turn|84\n|\n|t:|1699435886\n|move|p1a: Jirachi|Baton Pass||[still]\n|-fail|p1a: Jirachi\n|move|p2b: Umbreon|Toxic|p1a: Jirachi\n|-immune|p1a: Jirachi\n|\n|upkeep\n|turn|85\n|\n|t:|1699435894\n|move|p1a: Jirachi|Baton Pass||[still]\n|-fail|p1a: Jirachi\n|move|p2b: Umbreon|Toxic|p1a: Jirachi|[miss]\n|-miss|p2b: Umbreon|p1a: Jirachi\n|\n|upkeep\n|turn|86\n|\n|t:|1699435900\n|move|p1a: Jirachi|Baton Pass||[still]\n|-fail|p1a: Jirachi\n|move|p2b: Umbreon|Toxic|p1a: Jirachi|[miss]\n|-miss|p2b: Umbreon|p1a: Jirachi\n|\n|upkeep\n|turn|87\n|\n|t:|1699435908\n|move|p2b: Umbreon|Protect|p2b: Umbreon\n|-singleturn|p2b: Umbreon|Protect\n|move|p1a: Jirachi|Baton Pass||[still]\n|-fail|p1a: Jirachi\n|\n|upkeep\n|turn|88\n|\n|t:|1699435916\n|move|p2b: Umbreon|Protect||[still]\n|-fail|p2b: Umbreon\n|move|p1a: Jirachi|Baton Pass||[still]\n|-fail|p1a: Jirachi\n|\n|upkeep\n|turn|89\n|\n|t:|1699435923\n|move|p2b: Umbreon|Protect|p2b: Umbreon\n|-singleturn|p2b: Umbreon|Protect\n|move|p1a: Jirachi|Baton Pass||[still]\n|-fail|p1a: Jirachi\n|\n|upkeep\n|turn|90\n|\n|t:|1699435934\n|move|p1a: Jirachi|Water Pulse|p2b: Umbreon\n|-crit|p2b: Umbreon\n|-damage|p2b: Umbreon|89\/100 par\n|move|p2b: Umbreon|Wish|p2b: Umbreon\n|\n|upkeep\n|turn|91\n|\n|t:|1699435944\n|move|p1a: Jirachi|Cosmic Power|p1a: Jirachi\n|-boost|p1a: Jirachi|def|0\n|-boost|p1a: Jirachi|spd|0\n|move|p2b: Umbreon|Wish||[still]\n|-fail|p2b: Umbreon\n|\n|-heal|p2b: Umbreon|100\/100 par|[from] move: Wish|[wisher] Umbreon\n|upkeep\n|turn|92\n|\n|t:|1699435959\n|move|p1a: Jirachi|Baton Pass||[still]\n|-fail|p1a: Jirachi\n|move|p2b: Umbreon|Wish|p2b: Umbreon\n|\n|upkeep\n|turn|93\n|\n|t:|1699435963\n|move|p1a: Jirachi|Baton Pass||[still]\n|-fail|p1a: Jirachi\n|move|p2b: Umbreon|Wish||[still]\n|-fail|p2b: Umbreon\n|\n|upkeep\n|turn|94\n|\n|t:|1699435970\n|move|p1a: Jirachi|Baton Pass||[still]\n|-fail|p1a: Jirachi\n|cant|p2b: Umbreon|par\n|\n|upkeep\n|turn|95\n|j| pojoy\n|\n|t:|1699435994\n|move|p1a: Jirachi|Baton Pass||[still]\n|-fail|p1a: Jirachi\n|move|p2b: Umbreon|Wish|p2b: Umbreon\n|\n|upkeep\n|turn|96\n|\n|t:|1699435999\n|move|p1a: Jirachi|Baton Pass||[still]\n|-fail|p1a: Jirachi\n|move|p2b: Umbreon|Wish||[still]\n|-fail|p2b: Umbreon\n|\n|upkeep\n|turn|97\n|\n|t:|1699436005\n|move|p1a: Jirachi|Baton Pass||[still]\n|-fail|p1a: Jirachi\n|move|p2b: Umbreon|Wish|p2b: Umbreon\n|\n|upkeep\n|turn|98\n|\n|t:|1699436010\n|move|p1a: Jirachi|Baton Pass||[still]\n|-fail|p1a: Jirachi\n|cant|p2b: Umbreon|par\n|\n|upkeep\n|turn|99\n|\n|t:|1699436020\n|move|p1a: Jirachi|Baton Pass||[still]\n|-fail|p1a: Jirachi\n|move|p2b: Umbreon|Wish|p2b: Umbreon\n|\n|upkeep\n|turn|100\n|\n|t:|1699436025\n|move|p1a: Jirachi|Baton Pass||[still]\n|-fail|p1a: Jirachi\n|move|p2b: Umbreon|Wish||[still]\n|-fail|p2b: Umbreon\n|\n|upkeep\n|turn|101\n|\n|t:|1699436031\n|move|p1a: Jirachi|Baton Pass||[still]\n|-fail|p1a: Jirachi\n|move|p2b: Umbreon|Wish|p2b: Umbreon\n|\n|upkeep\n|turn|102\n|\n|t:|1699436038\n|move|p1a: Jirachi|Cosmic Power|p1a: Jirachi\n|-boost|p1a: Jirachi|def|0\n|-boost|p1a: Jirachi|spd|0\n|move|p2b: Umbreon|Wish||[still]\n|-fail|p2b: Umbreon\n|\n|upkeep\n|turn|103\n|\n|t:|1699436049\n|move|p1a: Jirachi|Water Pulse|p2b: Umbreon\n|-damage|p2b: Umbreon|92\/100 par\n|cant|p2b: Umbreon|par\n|\n|upkeep\n|turn|104\n|\n|t:|1699436055\n|move|p1a: Jirachi|Water Pulse|p2b: Umbreon\n|-damage|p2b: Umbreon|84\/100 par\n|-activate|p2b: Umbreon|move: Struggle\n|move|p2b: Umbreon|Struggle|p1a: Jirachi\n|-damage|p1a: Jirachi|99\/100\n|-damage|p2b: Umbreon|59\/100 par|[from] recoil\n|\n|-heal|p1a: Jirachi|100\/100|[from] item: Leftovers\n|upkeep\n|turn|105\n|\n|t:|1699436065\n|move|p1a: Jirachi|Water Pulse|p2b: Umbreon\n|-damage|p2b: Umbreon|51\/100 par\n|-start|p2b: Umbreon|confusion\n|-activate|p2b: Umbreon|confusion\n|-activate|p2b: Umbreon|move: Struggle\n|move|p2b: Umbreon|Struggle|p1a: Jirachi\n|-damage|p1a: Jirachi|99\/100\n|-damage|p2b: Umbreon|26\/100 par|[from] recoil\n|\n|-heal|p1a: Jirachi|100\/100|[from] item: Leftovers\n|upkeep\n|turn|106\n|\n|t:|1699436077\n|move|p1a: Jirachi|Water Pulse|p2b: Umbreon\n|-damage|p2b: Umbreon|19\/100 par\n|-activate|p2b: Umbreon|confusion\n|-activate|p2b: Umbreon|move: Struggle\n|move|p2b: Umbreon|Struggle|p1a: Jirachi\n|-damage|p1a: Jirachi|99\/100\n|-damage|p2b: Umbreon|0 fnt|[from] recoil\n|faint|p2b: Umbreon\n|\n|win|DazzlingBrilliance\n|raw|DazzlingBrilliance's rating: 1062 &rarr; <strong>1094<\/strong><br \/>(+32 for winning)\n|raw|Arietidas's rating: 1082 &rarr; <strong>1058<\/strong><br \/>(-24 for losing)\n","uploadtime":1699436100,"views":7,"p1id":"dazzlingbrilliance","p2id":"arietidas","formatid":"gen9nationaldexdoubles","rating":1058,"private":0,"password":""}