{"id":"gen9nationaldexdoubles-1958350275","p1":"iflflf","p2":"impastabot4000","format":"[Gen 9] National Dex Doubles","log":"|j|\u2606iflflf\n|j|\u2606impastabot4000\n|t:|1696316319\n|gametype|doubles\n|player|p1|iflflf|266|1000\n|player|p2|impastabot4000|nate|1156\n|teamsize|p1|6\n|teamsize|p2|6\n|gen|9\n|tier|[Gen 9] National Dex Doubles\n|rated|\n|rule|HP Percentage Mod: HP is shown in percentages\n|rule|Endless Battle Clause: Forcing endless battles is banned\n|rule|OHKO Clause: OHKO moves are banned\n|rule|Evasion Moves Clause: Evasion moves are banned\n|rule|Evasion Abilities Clause: Evasion abilities are banned\n|rule|Species Clause: Limit one of each Pok\u00e9mon\n|rule|Gravity Sleep Clause: The combination of sleep-inducing moves with imperfect accuracy and Gravity or Gigantamax Orbeetle are banned\n|clearpoke\n|poke|p1|Charizard, F|\n|poke|p1|Flutter Mane|\n|poke|p1|Landorus-Therian, M|\n|poke|p1|Rillaboom, M|\n|poke|p1|Ogerpon-Hearthflame, F|\n|poke|p1|Tornadus, M|\n|poke|p2|Kommo-o, F|\n|poke|p2|Ninetales-Alola, F|\n|poke|p2|Wo-Chien|\n|poke|p2|Sinistcha-Masterpiece|\n|poke|p2|Incineroar, M|\n|poke|p2|Landorus, M|\n|teampreview\n|inactive|Battle timer is ON: inactive players will automatically lose when time's up. (requested by impastabot4000)\n|\n|t:|1696316344\n|start\n|switch|p1a: Charizard|Charizard, F|100\/100\n|switch|p1b: Ogerpon|Ogerpon-Hearthflame, F|100\/100\n|switch|p2a: Incineroar|Incineroar, M|100\/100\n|switch|p2b: Landorus|Landorus, M|100\/100\n|-ability|p1b: Ogerpon|Mold Breaker\n|-ability|p2a: Incineroar|Intimidate|boost\n|-unboost|p1a: Charizard|atk|1\n|-unboost|p1b: Ogerpon|atk|1\n|turn|1\n|inactive|iflflf has 120 seconds left.\n|\n|t:|1696316383\n|detailschange|p1a: Charizard|Charizard-Mega-Y, F\n|-mega|p1a: Charizard|Charizard|Charizardite Y\n|-weather|SunnyDay|[from] ability: Drought|[of] p1a: Charizard\n|-terastallize|p1b: Ogerpon|Fire\n|detailschange|p1b: Ogerpon|Ogerpon-Hearthflame-Tera, F, tera:Fire\n|-ability|p1b: Ogerpon|Embody Aspect (Hearthflame)|boost\n|-boost|p1b: Ogerpon|atk|1\n|move|p2a: Incineroar|Fake Out|p1b: Ogerpon\n|-damage|p1b: Ogerpon|87\/100\n|cant|p1b: Ogerpon|flinch\n|move|p2b: Landorus|Stealth Rock|p1a: Charizard\n|-sidestart|p1: iflflf|move: Stealth Rock\n|move|p1a: Charizard|Hidden Power|p2b: Landorus\n|-supereffective|p2b: Landorus\n|-damage|p2b: Landorus|0 fnt\n|faint|p2b: Landorus\n|\n|-weather|SunnyDay|[upkeep]\n|upkeep\n|inactive|impastabot4000 has 120 seconds left.\n|\n|t:|1696316418\n|switch|p2b: Wo-Chien|Wo-Chien|100\/100\n|-ability|p2b: Wo-Chien|Tablets of Ruin\n|turn|2\n|inactive|impastabot4000 has 120 seconds left.\n|\n|t:|1696316434\n|move|p2b: Wo-Chien|Protect|p2b: Wo-Chien\n|-singleturn|p2b: Wo-Chien|Protect\n|move|p1b: Ogerpon|Swords Dance|p1b: Ogerpon\n|-boost|p1b: Ogerpon|atk|2\n|move|p1a: Charizard|Heat Wave|p2a: Incineroar|[spread] p2a\n|-activate|p2b: Wo-Chien|move: Protect\n|-resisted|p2a: Incineroar\n|-damage|p2a: Incineroar|76\/100\n|move|p2a: Incineroar|Parting Shot|p1b: Ogerpon\n|-unboost|p1b: Ogerpon|atk|1\n|-unboost|p1b: Ogerpon|spa|1\n|inactive|impastabot4000 has 120 seconds left.\n|\n|t:|1696316451\n|switch|p2a: Kommo-o|Kommo-o, F|100\/100|[from] Parting Shot\n|\n|-weather|SunnyDay|[upkeep]\n|upkeep\n|turn|3\n|\n|t:|1696316465\n|switch|p2b: Incineroar|Incineroar, M|76\/100\n|-ability|p2b: Incineroar|Intimidate|boost\n|-unboost|p1a: Charizard|atk|1\n|-unboost|p1b: Ogerpon|atk|1\n|move|p1b: Ogerpon|Ivy Cudgel|p2a: Kommo-o\n|-resisted|p2a: Kommo-o\n|-damage|p2a: Kommo-o|57\/100\n|move|p1a: Charizard|Heat Wave|p2b: Incineroar|[spread] p2a,p2b\n|-resisted|p2a: Kommo-o\n|-resisted|p2b: Incineroar\n|-damage|p2a: Kommo-o|29\/100\n|-damage|p2b: Incineroar|50\/100\n|-enditem|p2b: Incineroar|Sitrus Berry|[eat]\n|-heal|p2b: Incineroar|75\/100|[from] item: Sitrus Berry\n|move|p2a: Kommo-o|Clangorous Soul||[still]\n|-fail|p2a: Kommo-o\n|\n|-weather|SunnyDay|[upkeep]\n|upkeep\n|turn|4\n|\n|t:|1696316494\n|switch|p1b: Flutter Mane|Flutter Mane|100\/100\n|-damage|p1b: Flutter Mane|88\/100|[from] Stealth Rock\n|-activate|p1b: Flutter Mane|ability: Protosynthesis\n|-start|p1b: Flutter Mane|protosynthesisspa\n|move|p1a: Charizard|Heat Wave|p2a: Kommo-o|[spread] p2a,p2b\n|-resisted|p2a: Kommo-o\n|-resisted|p2b: Incineroar\n|-damage|p2a: Kommo-o|1\/100\n|-damage|p2b: Incineroar|50\/100\n|move|p2a: Kommo-o|Clanging Scales|p1b: Flutter Mane|[spread] p1a\n|-immune|p1b: Flutter Mane\n|-damage|p1a: Charizard|74\/100\n|-unboost|p2a: Kommo-o|def|1\n|-enditem|p2a: Kommo-o|Throat Spray\n|-boost|p2a: Kommo-o|spa|1|[from] item: Throat Spray\n|move|p2b: Incineroar|Flare Blitz|p1b: Flutter Mane\n|-damage|p1b: Flutter Mane|0 fnt\n|faint|p1b: Flutter Mane\n|-end|p1b: Flutter Mane|Protosynthesis|[silent]\n|-damage|p2b: Incineroar|29\/100|[from] Recoil\n|\n|-weather|SunnyDay|[upkeep]\n|upkeep\n|inactive|iflflf has 120 seconds left.\n|\n|t:|1696316526\n|switch|p1b: Ogerpon|Ogerpon-Hearthflame-Tera, F, tera:Fire|87\/100\n|-damage|p1b: Ogerpon|62\/100|[from] Stealth Rock\n|-ability|p1b: Ogerpon|Embody Aspect (Hearthflame)|boost\n|-boost|p1b: Ogerpon|atk|1\n|turn|5\n|c|\u2606impastabot4000|yeah this team has no matchup against sun lol\n|c|\u2606impastabot4000|gg\n|-message|impastabot4000 forfeited.\n|\n|win|iflflf\n|raw|iflflf's rating: 1000 &rarr; <strong>1057<\/strong><br \/>(+57 for winning)\n|raw|impastabot4000's rating: 1156 &rarr; <strong>1120<\/strong><br \/>(-36 for losing)\n|l|\u2606iflflf\n","uploadtime":1696316542,"views":16,"p1id":"iflflf","p2id":"impastabot4000","formatid":"gen9nationaldexdoubles","rating":1057,"private":0,"password":""}