{"id":"gen9nationaldexdoubles-1998131888","p1":"Arnaenaed \u223e","p2":"DracoAxel","format":"[Gen 9] National Dex Doubles","log":"|j|\u2606Arnaenaed \u223e\n|j|\u2606DracoAxel\n|t:|1700897262\n|gametype|doubles\n|player|p1|Arnaenaed \u223e|clay|\n|player|p2|DracoAxel|nate|\n|teamsize|p1|6\n|teamsize|p2|6\n|gen|9\n|tier|[Gen 9] National Dex Doubles\n|rule|HP Percentage Mod: HP is shown in percentages\n|rule|Endless Battle Clause: Forcing endless battles is banned\n|rule|OHKO Clause: OHKO moves are banned\n|rule|Evasion Moves Clause: Evasion moves are banned\n|rule|Evasion Abilities Clause: Evasion abilities are banned\n|rule|Species Clause: Limit one of each Pok\u00e9mon\n|rule|Gravity Sleep Clause: The combination of sleep-inducing moves with imperfect accuracy and Gravity or Gigantamax Orbeetle are banned\n|clearpoke\n|poke|p1|Ninetales-Alola, F|\n|poke|p1|Abomasnow, F|\n|poke|p1|Arctovish|\n|poke|p1|Chien-Pao|\n|poke|p1|Iron Bundle|\n|poke|p1|Arctozolt|\n|poke|p2|Ogerpon-Hearthflame, F|\n|poke|p2|Charizard, M|\n|poke|p2|Scovillain, M|\n|poke|p2|Volcanion|\n|poke|p2|Blacephalon|\n|poke|p2|Heatran, F|\n|teampreview\n|\n|t:|1700897278\n|start\n|switch|p1a: Abomasnow|Abomasnow, F|100\/100\n|switch|p1b: Arctovish|Arctovish|100\/100\n|switch|p2a: Charizard|Charizard, M|100\/100\n|switch|p2b: Scovillain|Scovillain, M|100\/100\n|-weather|Snow|[from] ability: Snow Warning|[of] p1a: Abomasnow\n|turn|1\n|\n|t:|1700897318\n|detailschange|p2a: Charizard|Charizard-Mega-Y, M\n|-mega|p2a: Charizard|Charizard|Charizardite Y\n|-weather|SunnyDay|[from] ability: Drought|[of] p2a: Charizard\n|detailschange|p1a: Abomasnow|Abomasnow-Mega, F\n|-mega|p1a: Abomasnow|Abomasnow|Abomasite\n|-weather|Snow|[from] ability: Snow Warning|[of] p1a: Abomasnow\n|move|p2b: Scovillain|Helping Hand|p2a: Charizard\n|-singleturn|p2a: Charizard|Helping Hand|[of] p2b: Scovillain\n|move|p1a: Abomasnow|Protect|p1a: Abomasnow\n|-singleturn|p1a: Abomasnow|Protect\n|move|p1b: Arctovish|Fishious Rend|p2b: Scovillain\n|-damage|p2b: Scovillain|36\/100\n|move|p2a: Charizard|Heat Wave|p1b: Arctovish|[spread] p1b\n|-activate|p1a: Abomasnow|move: Protect\n|-damage|p1b: Arctovish|21\/100\n|\n|-weather|Snow|[upkeep]\n|upkeep\n|turn|2\n|\n|t:|1700897361\n|switch|p2a: Volcanion|Volcanion|100\/100\n|move|p1b: Arctovish|Fishious Rend|p2a: Volcanion\n|-immune|p2a: Volcanion|[from] ability: Water Absorb\n|move|p2b: Scovillain|Flamethrower|p1a: Abomasnow\n|-supereffective|p1a: Abomasnow\n|-damage|p1a: Abomasnow|0 fnt\n|faint|p1a: Abomasnow\n|\n|-weather|Snow|[upkeep]\n|upkeep\n|\n|t:|1700897373\n|switch|p1a: Arctozolt|Arctozolt|100\/100\n|turn|3\n|\n|t:|1700897383\n|switch|p2b: Charizard|Charizard-Mega-Y, M|100\/100\n|-weather|SunnyDay|[from] ability: Drought|[of] p2b: Charizard\n|move|p1b: Arctovish|Rock Slide|p2b: Charizard|[spread] p2a\n|-miss|p1b: Arctovish|p2b: Charizard\n|-supereffective|p2a: Volcanion\n|-damage|p2a: Volcanion|73\/100\n|move|p1a: Arctozolt|Bolt Beak|p2a: Volcanion\n|-supereffective|p2a: Volcanion\n|-damage|p2a: Volcanion|0 fnt\n|faint|p2a: Volcanion\n|\n|-weather|SunnyDay|[upkeep]\n|upkeep\n|\n|t:|1700897396\n|switch|p2a: Scovillain|Scovillain, M|36\/100\n|turn|4\n|\n|t:|1700897402\n|switch|p1a: Ninetales|Ninetales-Alola, F|100\/100\n|-weather|Snow|[from] ability: Snow Warning|[of] p1a: Ninetales\n|move|p1b: Arctovish|Rock Slide|p2b: Charizard|[spread] p2b\n|-miss|p1b: Arctovish|p2a: Scovillain\n|-supereffective|p2b: Charizard\n|-damage|p2b: Charizard|0 fnt\n|faint|p2b: Charizard\n|move|p2a: Scovillain|Flamethrower|p1a: Ninetales\n|-supereffective|p1a: Ninetales\n|-damage|p1a: Ninetales|17\/100\n|\n|-weather|Snow|[upkeep]\n|upkeep\n|\n|t:|1700897412\n|switch|p2b: Blacephalon|Blacephalon|100\/100\n|turn|5\n|\n|t:|1700897424\n|move|p2b: Blacephalon|Heat Wave|p1a: Ninetales|[spread] p1a,p1b\n|-supereffective|p1a: Ninetales\n|-damage|p1a: Ninetales|0 fnt\n|-damage|p1b: Arctovish|0 fnt\n|faint|p1a: Ninetales\n|faint|p1b: Arctovish\n|-ability|p2b: Blacephalon|Beast Boost|boost\n|-boost|p2b: Blacephalon|spa|2\n|move|p2a: Scovillain|Flamethrower|p1: Ninetales|[notarget]\n|-fail|p2a: Scovillain\n|\n|-weather|Snow|[upkeep]\n|upkeep\n|\n|t:|1700897443\n|switch|p1a: Chien-Pao|Chien-Pao|100\/100\n|switch|p1b: Arctozolt|Arctozolt|100\/100\n|-ability|p1a: Chien-Pao|Sword of Ruin\n|turn|6\n|\n|t:|1700897477\n|move|p2a: Scovillain|Helping Hand|p2b: Blacephalon\n|-singleturn|p2b: Blacephalon|Helping Hand|[of] p2a: Scovillain\n|move|p1a: Chien-Pao|Sucker Punch|p2b: Blacephalon\n|-supereffective|p2b: Blacephalon\n|-damage|p2b: Blacephalon|0 fnt\n|faint|p2b: Blacephalon\n|move|p1b: Arctozolt|Bolt Beak|p2a: Scovillain\n|-resisted|p2a: Scovillain\n|-damage|p2a: Scovillain|0 fnt\n|faint|p2a: Scovillain\n|\n|-weather|Snow|[upkeep]\n|upkeep\n|\n|t:|1700897482\n|switch|p2b: Ogerpon|Ogerpon-Hearthflame, F|100\/100\n|switch|p2a: Heatran|Heatran, F|100\/100\n|-ability|p2b: Ogerpon|Mold Breaker\n|-item|p2a: Heatran|Air Balloon\n|turn|7\n|\n|t:|1700897534\n|move|p1b: Arctozolt|Low Kick|p2a: Heatran\n|-supereffective|p2a: Heatran\n|-damage|p2a: Heatran|5\/100\n|-status|p1b: Arctozolt|brn|[from] ability: Flame Body|[of] p2a: Heatran\n|-enditem|p2a: Heatran|Air Balloon\n|move|p1a: Chien-Pao|Ice Spinner|p2b: Ogerpon\n|-damage|p2b: Ogerpon|19\/100\n|move|p2b: Ogerpon|Substitute|p2b: Ogerpon\n|-fail|p2b: Ogerpon|move: Substitute|[weak]\n|move|p2a: Heatran|Heat Wave|p1a: Chien-Pao|[spread] p1a,p1b\n|-supereffective|p1a: Chien-Pao\n|-supereffective|p1b: Arctozolt\n|-enditem|p1a: Chien-Pao|Focus Sash\n|-damage|p1a: Chien-Pao|1\/100\n|-damage|p1b: Arctozolt|12\/100 brn\n|\n|-weather|Snow|[upkeep]\n|-damage|p1b: Arctozolt|6\/100 brn|[from] brn\n|upkeep\n|turn|8\n|\n|t:|1700897555\n|move|p2b: Ogerpon|Protect|p2b: Ogerpon\n|-singleturn|p2b: Ogerpon|Protect\n|move|p2a: Heatran|Protect|p2a: Heatran\n|-singleturn|p2a: Heatran|Protect\n|move|p1a: Chien-Pao|Sucker Punch||[still]\n|-fail|p1a: Chien-Pao\n|move|p1b: Arctozolt|Low Kick|p2a: Heatran\n|-activate|p2a: Heatran|move: Protect\n|\n|-weather|none\n|-damage|p1b: Arctozolt|0 fnt|[from] brn\n|faint|p1b: Arctozolt\n|upkeep\n|\n|t:|1700897565\n|switch|p1b: Iron Bundle|Iron Bundle|100\/100\n|-enditem|p1b: Iron Bundle|Booster Energy\n|-activate|p1b: Iron Bundle|ability: Quark Drive|[fromitem]\n|-start|p1b: Iron Bundle|quarkdrivespe\n|turn|9\n|\n|t:|1700897580\n|move|p2b: Ogerpon|Protect|p2b: Ogerpon\n|-singleturn|p2b: Ogerpon|Protect\n|move|p1a: Chien-Pao|Sucker Punch||[still]\n|-fail|p1a: Chien-Pao\n|move|p1b: Iron Bundle|Icy Wind|p2b: Ogerpon|[spread] p2a\n|-activate|p2b: Ogerpon|move: Protect\n|-resisted|p2a: Heatran\n|-damage|p2a: Heatran|0 fnt\n|faint|p2a: Heatran\n|\n|upkeep\n|turn|10\n|\n|t:|1700897592\n|move|p1a: Chien-Pao|Sucker Punch|p2b: Ogerpon\n|-damage|p2b: Ogerpon|0 fnt\n|faint|p2b: Ogerpon\n|\n|win|Arnaenaed \u223e\n|c|\u2606Arnaenaed \u223e|gg\n|l|\u2606DracoAxel\n","uploadtime":1700898443,"views":7,"p1id":"arnaenaed","p2id":"dracoaxel","formatid":"gen9nationaldexdoubles","rating":0,"private":0,"password":""}