{"id":"gen9nationaldexdoubles-1963302691","p1":"kitsu-aria","p2":"I'mSuspecious)","format":"[Gen 9] National Dex Doubles","log":"|j|\u2606kitsu-aria\n|j|\u2606I'mSuspecious)\n|t:|1696855534\n|gametype|doubles\n|player|p1|kitsu-aria|rocketgruntf|1568\n|player|p2|I'mSuspecious)|wallace|1270\n|teamsize|p1|6\n|teamsize|p2|6\n|gen|9\n|tier|[Gen 9] National Dex Doubles\n|rated|\n|rule|HP Percentage Mod: HP is shown in percentages\n|rule|Endless Battle Clause: Forcing endless battles is banned\n|rule|OHKO Clause: OHKO moves are banned\n|rule|Evasion Moves Clause: Evasion moves are banned\n|rule|Evasion Abilities Clause: Evasion abilities are banned\n|rule|Species Clause: Limit one of each Pok\u00e9mon\n|rule|Gravity Sleep Clause: The combination of sleep-inducing moves with imperfect accuracy and Gravity or Gigantamax Orbeetle are banned\n|clearpoke\n|poke|p1|Celesteela|\n|poke|p1|Garchomp, M|\n|poke|p1|Hippowdon, F|\n|poke|p1|Marshadow|\n|poke|p1|Amoonguss, F|\n|poke|p1|Tornadus, M|\n|poke|p2|Sinistcha-Masterpiece|\n|poke|p2|Amoonguss, F|\n|poke|p2|Ogerpon-Cornerstone, F|\n|poke|p2|Toedscruel, F|\n|poke|p2|Tropius, M|\n|poke|p2|Rotom-Mow|\n|teampreview\n|c|\u2606I'mSuspecious)|holy\n|\n|t:|1696855591\n|start\n|switch|p1a: Celesteela|Celesteela|100\/100\n|switch|p1b: Tornadus|Tornadus, M|100\/100\n|switch|p2a: Toedscruel|Toedscruel, F|100\/100\n|switch|p2b: Sinistcha|Sinistcha-Masterpiece|100\/100\n|turn|1\n|\n|t:|1696855650\n|switch|p2b: Rotom|Rotom-Mow|100\/100\n|-terastallize|p1b: Tornadus|Flying\n|move|p1b: Tornadus|Bleakwind Storm|p2a: Toedscruel|[spread] p2b\n|-miss|p1b: Tornadus|p2a: Toedscruel\n|-damage|p2b: Rotom|23\/100\n|move|p1a: Celesteela|Autotomize|p1a: Celesteela\n|-boost|p1a: Celesteela|spe|2\n|-start|p1a: Celesteela|Autotomize\n|move|p2a: Toedscruel|Trick Room|p2a: Toedscruel\n|-fieldstart|move: Trick Room|[of] p2a: Toedscruel\n|\n|upkeep\n|turn|2\n|\n|t:|1696855707\n|move|p1b: Tornadus|Protect|p1b: Tornadus\n|-singleturn|p1b: Tornadus|Protect\n|move|p2a: Toedscruel|Foul Play|p1a: Celesteela\n|-damage|p1a: Celesteela|82\/100\n|move|p2b: Rotom|Trick|p1a: Celesteela\n|-activate|p2b: Rotom|move: Trick|[of] p1a: Celesteela\n|-item|p1a: Celesteela|Choice Scarf|[from] move: Trick\n|-item|p2b: Rotom|Leftovers|[from] move: Trick\n|move|p1a: Celesteela|Air Slash|p2b: Rotom\n|-damage|p2b: Rotom|0 fnt\n|faint|p2b: Rotom\n|-ability|p1a: Celesteela|Beast Boost|boost\n|-boost|p1a: Celesteela|def|1\n|\n|upkeep\n|l|\u2606kitsu-aria\n|player|p1|\n|j|\u2606kitsu-aria\n|player|p1|kitsu-aria|rocketgruntf\n|inactive|Battle timer is ON: inactive players will automatically lose when time's up. (requested by kitsu-aria)\n|\n|t:|1696855725\n|switch|p2b: Ogerpon|Ogerpon-Cornerstone, F|100\/100\n|turn|3\n|\n|t:|1696855735\n|move|p2a: Toedscruel|Rage Powder|p2a: Toedscruel\n|-singleturn|p2a: Toedscruel|move: Rage Powder\n|move|p2b: Ogerpon|Ivy Cudgel|p1b: Tornadus\n|-supereffective|p1b: Tornadus\n|-damage|p1b: Tornadus|0 fnt\n|faint|p1b: Tornadus\n|move|p1a: Celesteela|Air Slash|p2a: Toedscruel\n|-supereffective|p2a: Toedscruel\n|-crit|p2a: Toedscruel\n|-damage|p2a: Toedscruel|44\/100\n|\n|-heal|p2a: Toedscruel|50\/100|[from] item: Leftovers\n|upkeep\n|\n|t:|1696855741\n|switch|p1b: Hippowdon|Hippowdon, F|100\/100\n|-weather|Sandstorm|[from] ability: Sand Stream|[of] p1b: Hippowdon\n|turn|4\n|\n|t:|1696855763\n|move|p2a: Toedscruel|Rage Powder|p2a: Toedscruel\n|-singleturn|p2a: Toedscruel|move: Rage Powder\n|move|p1b: Hippowdon|Ice Fang|p2a: Toedscruel\n|-supereffective|p2a: Toedscruel\n|-damage|p2a: Toedscruel|0 fnt\n|faint|p2a: Toedscruel\n|move|p2b: Ogerpon|Swords Dance|p2b: Ogerpon\n|-boost|p2b: Ogerpon|atk|2\n|move|p1a: Celesteela|Air Slash|p2b: Ogerpon\n|-damage|p2b: Ogerpon|82\/100\n|\n|-weather|Sandstorm|[upkeep]\n|upkeep\n|\n|t:|1696855772\n|switch|p2a: Tropius|Tropius, M|100\/100\n|turn|5\n|\n|t:|1696855794\n|move|p2a: Tropius|Wide Guard|p2a: Tropius\n|-singleturn|p2a: Tropius|Wide Guard\n|move|p1b: Hippowdon|Ice Fang|p2a: Tropius\n|-supereffective|p2a: Tropius\n|-damage|p2a: Tropius|41\/100\n|move|p2b: Ogerpon|Swords Dance|p2b: Ogerpon\n|-boost|p2b: Ogerpon|atk|2\n|move|p1a: Celesteela|Air Slash|p2b: Ogerpon\n|-damage|p2b: Ogerpon|66\/100\n|\n|-weather|Sandstorm|[upkeep]\n|-damage|p2a: Tropius|35\/100|[from] Sandstorm\n|-fieldend|move: Trick Room\n|upkeep\n|turn|6\n|inactive|kitsu-aria has 120 seconds left.\n|\n|t:|1696855848\n|-terastallize|p2a: Tropius|Dragon\n|move|p1a: Celesteela|Air Slash|p2b: Ogerpon\n|-damage|p2b: Ogerpon|47\/100\n|cant|p2b: Ogerpon|flinch\n|move|p2a: Tropius|Tailwind|p2a: Tropius\n|-sidestart|p2: I'mSuspecious)|move: Tailwind\n|move|p1b: Hippowdon|Roar|p2b: Ogerpon\n|drag|p2b: Amoonguss|Amoonguss, F|100\/100\n|\n|-weather|Sandstorm|[upkeep]\n|-damage|p2a: Tropius|28\/100|[from] Sandstorm\n|-damage|p2b: Amoonguss|94\/100|[from] Sandstorm\n|upkeep\n|turn|7\n|inactive|kitsu-aria has 120 seconds left.\n|c|\u2606I'mSuspecious)|shit\n|c|\u2606I'mSuspecious)|fuck this\n|c|\u2606I'mSuspecious)|lucky\n|c|\u2606I'mSuspecious)|lucky\n|\n|t:|1696855875\n|switch|p2a: Ogerpon|Ogerpon-Cornerstone, F|47\/100\n|move|p2b: Amoonguss|Rage Powder|p2b: Amoonguss\n|-singleturn|p2b: Amoonguss|move: Rage Powder\n|move|p1a: Celesteela|Air Slash|p2b: Amoonguss\n|-supereffective|p2b: Amoonguss\n|-damage|p2b: Amoonguss|50\/100\n|move|p1b: Hippowdon|Ice Fang|p2b: Amoonguss\n|-supereffective|p2b: Amoonguss\n|-damage|p2b: Amoonguss|23\/100\n|-damage|p1b: Hippowdon|84\/100|[from] item: Rocky Helmet|[of] p2b: Amoonguss\n|\n|-weather|Sandstorm|[upkeep]\n|-damage|p2b: Amoonguss|17\/100|[from] Sandstorm\n|-heal|p1b: Hippowdon|90\/100|[from] item: Leftovers\n|upkeep\n|turn|8\n|\n|t:|1696855896\n|move|p1a: Celesteela|Air Slash|p2a: Ogerpon\n|-crit|p2a: Ogerpon\n|-damage|p2a: Ogerpon|19\/100\n|move|p2a: Ogerpon|Swords Dance|p2a: Ogerpon\n|-boost|p2a: Ogerpon|atk|2\n|move|p2b: Amoonguss|Spore|p1b: Hippowdon\n|-status|p1b: Hippowdon|slp|[from] move: Spore\n|cant|p1b: Hippowdon|slp\n|\n|-weather|none\n|-heal|p1b: Hippowdon|96\/100 slp|[from] item: Leftovers\n|upkeep\n|turn|9\n|\n|t:|1696855914\n|move|p1a: Celesteela|Air Slash|p2a: Ogerpon\n|-damage|p2a: Ogerpon|0 fnt\n|faint|p2a: Ogerpon\n|-ability|p1a: Celesteela|Beast Boost|boost\n|-boost|p1a: Celesteela|def|1\n|move|p2b: Amoonguss|Spore|p1a: Celesteela\n|-status|p1a: Celesteela|slp|[from] move: Spore\n|-curestatus|p1b: Hippowdon|slp|[msg]\n|move|p1b: Hippowdon|Yawn|p2b: Amoonguss\n|-start|p2b: Amoonguss|move: Yawn|[of] p1b: Hippowdon\n|\n|-heal|p1b: Hippowdon|100\/100|[from] item: Leftovers\n|-sideend|p2: I'mSuspecious)|move: Tailwind\n|upkeep\n|c|\u2606I'mSuspecious)|no shot\n|c|\u2606I'mSuspecious)|I would have won\n|-message|I'mSuspecious) forfeited.\n|\n|win|kitsu-aria\n|raw|kitsu-aria's rating: 1543 &rarr; <strong>1550<\/strong><br \/>(+7 for winning)\n|raw|I&apos;mSuspecious)'s rating: 1270 &rarr; <strong>1261<\/strong><br \/>(-9 for losing)\n|l|\u2606I'mSuspecious)\n","uploadtime":1696856041,"views":10,"p1id":"kitsuaria","p2id":"imsuspecious","formatid":"gen9nationaldexdoubles","rating":1261,"private":0,"password":""}