{"id":"gen9nationaldexdoubles-1998382855","p1":"Raichu_2507","p2":"ELGRANCRAC","format":"[Gen 9] National Dex Doubles","log":"|j|\u2606Raichu_2507\n|j|\u2606ELGRANCRAC\n|t:|1700936129\n|gametype|doubles\n|player|p1|Raichu_2507|hilbert|\n|player|p2|ELGRANCRAC|red|\n|teamsize|p1|6\n|teamsize|p2|6\n|gen|9\n|tier|[Gen 9] National Dex Doubles\n|rule|HP Percentage Mod: HP is shown in percentages\n|rule|Endless Battle Clause: Forcing endless battles is banned\n|rule|OHKO Clause: OHKO moves are banned\n|rule|Evasion Moves Clause: Evasion moves are banned\n|rule|Evasion Abilities Clause: Evasion abilities are banned\n|rule|Species Clause: Limit one of each Pok\u00e9mon\n|rule|Gravity Sleep Clause: The combination of sleep-inducing moves with imperfect accuracy and Gravity or Gigantamax Orbeetle are banned\n|clearpoke\n|poke|p1|Volcarona, F|\n|poke|p1|Oricorio-Pom-Pom, F|\n|poke|p1|Kommo-o, M|\n|poke|p1|Cresselia, F|\n|poke|p1|Scizor, M|\n|poke|p1|Gliscor, M|\n|poke|p2|Oricorio-Pom-Pom, M|\n|poke|p2|Volcarona, F|\n|poke|p2|Hawlucha, F|\n|poke|p2|Kingambit, M|\n|poke|p2|Cresselia, F|\n|poke|p2|Rillaboom, F|\n|teampreview\n|inactive|Battle timer is ON: inactive players will automatically lose when time's up. (requested by ELGRANCRAC)\n|c|\u2606ELGRANCRAC|GL\n|c|\u2606Raichu_2507|Hf\n|\n|t:|1700936153\n|start\n|switch|p1a: Volcabrona|Volcarona, F, shiny|100\/100\n|switch|p1b: Dance Dance Rev.|Oricorio-Pom-Pom, F, shiny|100\/100\n|switch|p2a: Pom pom|Oricorio-Pom-Pom, M, shiny|100\/100\n|switch|p2b: Peruano|Rillaboom, F, shiny|100\/100\n|-fieldstart|move: Grassy Terrain|[from] ability: Grassy Surge|[of] p2b: Peruano\n|turn|1\n|c|\u2606ELGRANCRAC|!calc\n|c| ELGRANCRAC|\/raw <div class=\"infobox\">Pok&eacute;mon Showdown! damage calculator. (Courtesy of Honko, Austin, &amp; Kris)<br \/>- <a href=\"https:\/\/calc.pokemonshowdown.com\/index.html\">Damage Calculator<\/a><\/div>\n|\n|t:|1700936176\n|move|p2b: Peruano|Fake Out|p1a: Volcabrona\n|-damage|p1a: Volcabrona|80\/100\n|-status|p2b: Peruano|brn|[from] ability: Flame Body|[of] p1a: Volcabrona\n|cant|p1a: Volcabrona|flinch\n|move|p1b: Dance Dance Rev.|Revelation Dance|p2a: Pom pom\n|-damage|p2a: Pom pom|50\/100\n|-activate|p2a: Pom pom|ability: Dancer\n|move|p2a: Pom pom|Revelation Dance|p1b: Dance Dance Rev.|[from]ability: Dancer\n|-damage|p1b: Dance Dance Rev.|56\/100\n|move|p2a: Pom pom|Tailwind|p2a: Pom pom\n|-sidestart|p2: ELGRANCRAC|move: Tailwind\n|\n|-heal|p2a: Pom pom|56\/100|[from] item: Leftovers\n|-heal|p1a: Volcabrona|86\/100|[from] Grassy Terrain\n|-damage|p2b: Peruano|94\/100 brn|[from] brn\n|upkeep\n|turn|2\n|inactive|Raichu_2507 has 270 seconds left.\n|\n|t:|1700936209\n|move|p2a: Pom pom|Hurricane|p1a: Volcabrona\n|-supereffective|p1a: Volcabrona\n|-damage|p1a: Volcabrona|12\/100\n|-start|p1a: Volcabrona|confusion\n|move|p2b: Peruano|U-turn|p1a: Volcabrona\n|-resisted|p1a: Volcabrona\n|-crit|p1a: Volcabrona\n|-damage|p1a: Volcabrona|0 fnt\n|faint|p1a: Volcabrona\n|\n|t:|1700936217\n|switch|p2b: El santo|Hawlucha, F, shiny|100\/100|[from] U-turn\n|-enditem|p2b: El santo|Grassy Seed\n|-boost|p2b: El santo|def|1|[from] item: Grassy Seed\n|move|p1b: Dance Dance Rev.|Revelation Dance|p2a: Pom pom\n|-damage|p2a: Pom pom|9\/100\n|-activate|p2a: Pom pom|ability: Dancer\n|move|p2a: Pom pom|Revelation Dance|p1b: Dance Dance Rev.|[from]ability: Dancer\n|-damage|p1b: Dance Dance Rev.|11\/100\n|-enditem|p1b: Dance Dance Rev.|Iapapa Berry|[eat]\n|-heal|p1b: Dance Dance Rev.|44\/100|[from] item: Iapapa Berry\n|\n|-heal|p2a: Pom pom|15\/100|[from] item: Leftovers\n|upkeep\n|inactive|Raichu_2507 has 270 seconds left.\n|\n|t:|1700936250\n|switch|p1a: La Pantallas|Cresselia, F|100\/100\n|turn|3\n|inactive|Raichu_2507 has 270 seconds left.\n|\n|t:|1700936265\n|move|p2b: El santo|Taunt|p1a: La Pantallas\n|-start|p1a: La Pantallas|move: Taunt\n|move|p2a: Pom pom|Revelation Dance|p1b: Dance Dance Rev.\n|-damage|p1b: Dance Dance Rev.|0 fnt\n|faint|p1b: Dance Dance Rev.\n|cant|p1a: La Pantallas|move: Taunt|Trick Room\n|\n|-heal|p2a: Pom pom|21\/100|[from] item: Leftovers\n|upkeep\n|inactive|Raichu_2507 has 270 seconds left.\n|\n|t:|1700936278\n|switch|p1b: \u00bf\u00a1NANI!?|Kommo-o, M|100\/100\n|turn|4\n|\n|t:|1700936291\n|move|p2b: El santo|Acrobatics|p1b: \u00bf\u00a1NANI!?\n|-supereffective|p1b: \u00bf\u00a1NANI!?\n|-damage|p1b: \u00bf\u00a1NANI!?|1\/100\n|move|p2a: Pom pom|Quiver Dance|p2a: Pom pom\n|-boost|p2a: Pom pom|spa|1\n|-boost|p2a: Pom pom|spd|1\n|-boost|p2a: Pom pom|spe|1\n|-zpower|p1b: \u00bf\u00a1NANI!?\n|move|p1b: \u00bf\u00a1NANI!?|Clangorous Soulblaze|p2a: Pom pom|[zeffect]|[spread] p2a,p2b\n|-damage|p2a: Pom pom|0 fnt\n|-damage|p2b: El santo|12\/100\n|faint|p2a: Pom pom\n|-boost|p1b: \u00bf\u00a1NANI!?|atk|1\n|-boost|p1b: \u00bf\u00a1NANI!?|def|1\n|-boost|p1b: \u00bf\u00a1NANI!?|spa|1\n|-boost|p1b: \u00bf\u00a1NANI!?|spd|1\n|-boost|p1b: \u00bf\u00a1NANI!?|spe|1\n|move|p1a: La Pantallas|Dazzling Gleam|p2b: El santo\n|-supereffective|p2b: El santo\n|-damage|p2b: El santo|0 fnt\n|faint|p2b: El santo\n|\n|-heal|p1b: \u00bf\u00a1NANI!?|7\/100|[from] Grassy Terrain\n|-sideend|p2: ELGRANCRAC|move: Tailwind\n|upkeep\n|\n|t:|1700936308\n|switch|p2a: Peruano|Rillaboom, F, shiny|94\/100 brn\n|switch|p2b: Cress|Cresselia, F, shiny|100\/100\n|turn|5\n|c|\u2606ELGRANCRAC|Q rica la haxeada\n|inactive|Raichu_2507 has 270 seconds left.\n|\n|t:|1700936361\n|switch|p1b: NoVasPrimero|Scizor, M|100\/100\n|move|p2a: Peruano|Fake Out|p1b: NoVasPrimero\n|-resisted|p1b: NoVasPrimero\n|-damage|p1b: NoVasPrimero|97\/100\n|move|p2b: Cress|Calm Mind|p2b: Cress\n|-boost|p2b: Cress|spa|1\n|-boost|p2b: Cress|spd|1\n|move|p1a: La Pantallas|Dazzling Gleam|p2b: Cress|[spread] p2a,p2b\n|-damage|p2a: Peruano|85\/100 brn\n|-damage|p2b: Cress|94\/100\n|\n|-heal|p2b: Cress|100\/100|[from] item: Leftovers\n|-heal|p2a: Peruano|91\/100 brn|[from] Grassy Terrain\n|-heal|p1b: NoVasPrimero|100\/100|[from] Grassy Terrain\n|-damage|p2a: Peruano|85\/100 brn|[from] brn\n|-end|p1a: La Pantallas|move: Taunt\n|-fieldend|move: Grassy Terrain\n|upkeep\n|turn|6\n|inactive|Raichu_2507 has 270 seconds left.\n|\n|t:|1700936389\n|detailschange|p1b: NoVasPrimero|Scizor-Mega, M\n|-mega|p1b: NoVasPrimero|Scizor|Scizorite\n|-terastallize|p2b: Cress|Poison\n|move|p2b: Cress|Calm Mind|p2b: Cress\n|-boost|p2b: Cress|spa|1\n|-boost|p2b: Cress|spd|1\n|move|p1a: La Pantallas|Lunar Dance|p1a: La Pantallas\n|faint|p1a: La Pantallas\n|move|p2a: Peruano|U-turn|p1b: NoVasPrimero\n|-resisted|p1b: NoVasPrimero\n|-damage|p1b: NoVasPrimero|97\/100\n|\n|t:|1700936402\n|switch|p2a: Adolfus|Kingambit, M|100\/100|[from] U-turn\n|-activate|p2a: Adolfus|ability: Supreme Overlord\n|-start|p2a: Adolfus|fallen2|[silent]\n|move|p1b: NoVasPrimero|Dual Wingbeat|p2b: Cress\n|-damage|p2b: Cress|87\/100\n|-damage|p2b: Cress|73\/100\n|-hitcount|p2b: Cress|2\n|\n|-heal|p2b: Cress|79\/100|[from] item: Leftovers\n|upkeep\n|\n|t:|1700936414\n|switch|p1a: \u00bf\u00a1NANI!?|Kommo-o, M|7\/100\n|-heal|p1a: \u00bf\u00a1NANI!?|100\/100|[from] move: Lunar Dance\n|turn|7\n|inactive|Raichu_2507 has 270 seconds left.\n|\n|t:|1700936431\n|move|p1a: \u00bf\u00a1NANI!?|Drain Punch|p2a: Adolfus\n|-supereffective|p2a: Adolfus\n|-damage|p2a: Adolfus|5\/100\n|move|p2b: Cress|Moonblast|p1a: \u00bf\u00a1NANI!?\n|-supereffective|p1a: \u00bf\u00a1NANI!?\n|-damage|p1a: \u00bf\u00a1NANI!?|0 fnt\n|faint|p1a: \u00bf\u00a1NANI!?\n|move|p2a: Adolfus|Kowtow Cleave|p1b: NoVasPrimero\n|-crit|p1b: NoVasPrimero\n|-damage|p1b: NoVasPrimero|26\/100\n|move|p1b: NoVasPrimero|Swords Dance|p1b: NoVasPrimero\n|-boost|p1b: NoVasPrimero|atk|2\n|\n|-heal|p2b: Cress|85\/100|[from] item: Leftovers\n|upkeep\n|\n|t:|1700936447\n|switch|p1a: ElSe\u00f1orDeLaNoche|Gliscor, M|100\/100\n|turn|8\n|inactive|Raichu_2507 has 270 seconds left.\n|\n|t:|1700936457\n|move|p2a: Adolfus|Sucker Punch||[still]\n|-fail|p2a: Adolfus\n|move|p1a: ElSe\u00f1orDeLaNoche|Facade|p2a: Adolfus\n|-resisted|p2a: Adolfus\n|-damage|p2a: Adolfus|0 fnt\n|faint|p2a: Adolfus\n|-end|p2a: Adolfus|fallen2|[silent]\n|move|p2b: Cress|Moonblast|p1a: ElSe\u00f1orDeLaNoche\n|-damage|p1a: ElSe\u00f1orDeLaNoche|56\/100\n|move|p1b: NoVasPrimero|Roost|p1b: NoVasPrimero\n|-heal|p1b: NoVasPrimero|76\/100\n|-singleturn|p1b: NoVasPrimero|move: Roost\n|\n|-heal|p2b: Cress|91\/100|[from] item: Leftovers\n|-status|p1a: ElSe\u00f1orDeLaNoche|tox|[from] item: Toxic Orb\n|upkeep\n|\n|t:|1700936468\n|switch|p2a: Peruano|Rillaboom, F, shiny|85\/100 brn\n|-fieldstart|move: Grassy Terrain|[from] ability: Grassy Surge|[of] p2a: Peruano\n|turn|9\n|\n|t:|1700936486\n|move|p1a: ElSe\u00f1orDeLaNoche|Swords Dance|p1a: ElSe\u00f1orDeLaNoche\n|-boost|p1a: ElSe\u00f1orDeLaNoche|atk|2\n|move|p2b: Cress|Moonblast|p1b: NoVasPrimero\n|-resisted|p1b: NoVasPrimero\n|-damage|p1b: NoVasPrimero|61\/100\n|-unboost|p1b: NoVasPrimero|spa|1\n|move|p2a: Peruano|Wood Hammer|p1a: ElSe\u00f1orDeLaNoche\n|-damage|p1a: ElSe\u00f1orDeLaNoche|34\/100 tox\n|-damage|p2a: Peruano|79\/100 brn|[from] Recoil\n|move|p1b: NoVasPrimero|Dual Wingbeat|p2a: Peruano\n|-supereffective|p2a: Peruano\n|-damage|p2a: Peruano|0 fnt\n|faint|p2a: Peruano\n|-hitcount|p2: Peruano|1\n|\n|-heal|p2b: Cress|97\/100|[from] item: Leftovers\n|-heal|p1b: NoVasPrimero|67\/100|[from] Grassy Terrain\n|-heal|p1a: ElSe\u00f1orDeLaNoche|47\/100 tox|[from] ability: Poison Heal\n|upkeep\n|\n|t:|1700936496\n|switch|p2a: Larva|Volcarona, F, shiny|100\/100\n|turn|10\n|\n|t:|1700936517\n|move|p1b: NoVasPrimero|Bullet Punch|p2b: Cress\n|-damage|p2b: Cress|57\/100\n|move|p2a: Larva|Fiery Dance|p1b: NoVasPrimero\n|-supereffective|p1b: NoVasPrimero\n|-damage|p1b: NoVasPrimero|0 fnt\n|faint|p1b: NoVasPrimero\n|-damage|p2a: Larva|91\/100|[from] item: Life Orb\n|move|p1a: ElSe\u00f1orDeLaNoche|Facade|p2a: Larva\n|-damage|p2a: Larva|0 fnt\n|faint|p2a: Larva\n|move|p2b: Cress|Moonblast|p1a: ElSe\u00f1orDeLaNoche\n|-damage|p1a: ElSe\u00f1orDeLaNoche|4\/100 tox\n|-unboost|p1a: ElSe\u00f1orDeLaNoche|spa|1\n|\n|-heal|p2b: Cress|64\/100|[from] item: Leftovers\n|-heal|p1a: ElSe\u00f1orDeLaNoche|17\/100 tox|[from] ability: Poison Heal\n|upkeep\n|turn|11\n|\n|t:|1700936539\n|move|p1a: ElSe\u00f1orDeLaNoche|Roost|p1a: ElSe\u00f1orDeLaNoche\n|-heal|p1a: ElSe\u00f1orDeLaNoche|67\/100 tox\n|-singleturn|p1a: ElSe\u00f1orDeLaNoche|move: Roost\n|move|p2b: Cress|Moonblast|p1a: ElSe\u00f1orDeLaNoche\n|-damage|p1a: ElSe\u00f1orDeLaNoche|25\/100 tox\n|\n|-heal|p1a: ElSe\u00f1orDeLaNoche|31\/100 tox|[from] Grassy Terrain\n|-heal|p2b: Cress|70\/100|[from] item: Leftovers\n|-heal|p1a: ElSe\u00f1orDeLaNoche|43\/100 tox|[from] ability: Poison Heal\n|upkeep\n|turn|12\n|\n|t:|1700936553\n|-terastallize|p1a: ElSe\u00f1orDeLaNoche|Fairy\n|move|p1a: ElSe\u00f1orDeLaNoche|Roost|p1a: ElSe\u00f1orDeLaNoche\n|-heal|p1a: ElSe\u00f1orDeLaNoche|93\/100 tox\n|move|p2b: Cress|Calm Mind|p2b: Cress\n|-boost|p2b: Cress|spa|1\n|-boost|p2b: Cress|spd|1\n|\n|-heal|p1a: ElSe\u00f1orDeLaNoche|99\/100 tox|[from] Grassy Terrain\n|-heal|p2b: Cress|76\/100|[from] item: Leftovers\n|-heal|p1a: ElSe\u00f1orDeLaNoche|100\/100 tox|[from] ability: Poison Heal\n|upkeep\n|turn|13\n|\n|t:|1700936568\n|move|p1a: ElSe\u00f1orDeLaNoche|Facade|p2b: Cress\n|-damage|p2b: Cress|43\/100\n|move|p2b: Cress|Moonlight|p2b: Cress\n|-heal|p2b: Cress|93\/100\n|\n|-heal|p2b: Cress|99\/100|[from] item: Leftovers\n|-fieldend|move: Grassy Terrain\n|upkeep\n|turn|14\n|\n|t:|1700936579\n|move|p1a: ElSe\u00f1orDeLaNoche|Facade|p2b: Cress\n|-damage|p2b: Cress|65\/100\n|move|p2b: Cress|Calm Mind|p2b: Cress\n|-boost|p2b: Cress|spa|1\n|-boost|p2b: Cress|spd|1\n|\n|-heal|p2b: Cress|71\/100|[from] item: Leftovers\n|upkeep\n|turn|15\n|\n|t:|1700936589\n|move|p1a: ElSe\u00f1orDeLaNoche|Swords Dance|p1a: ElSe\u00f1orDeLaNoche\n|-boost|p1a: ElSe\u00f1orDeLaNoche|atk|2\n|move|p2b: Cress|Moonlight|p2b: Cress\n|-heal|p2b: Cress|100\/100\n|\n|upkeep\n|turn|16\n|\n|t:|1700936596\n|move|p1a: ElSe\u00f1orDeLaNoche|Swords Dance|p1a: ElSe\u00f1orDeLaNoche\n|-boost|p1a: ElSe\u00f1orDeLaNoche|atk|2\n|move|p2b: Cress|Moonblast|p1a: ElSe\u00f1orDeLaNoche\n|-damage|p1a: ElSe\u00f1orDeLaNoche|37\/100 tox\n|\n|-heal|p1a: ElSe\u00f1orDeLaNoche|49\/100 tox|[from] ability: Poison Heal\n|upkeep\n|turn|17\n|\n|t:|1700936608\n|move|p1a: ElSe\u00f1orDeLaNoche|Roost|p1a: ElSe\u00f1orDeLaNoche\n|-heal|p1a: ElSe\u00f1orDeLaNoche|99\/100 tox\n|move|p2b: Cress|Moonblast|p1a: ElSe\u00f1orDeLaNoche\n|-crit|p1a: ElSe\u00f1orDeLaNoche\n|-damage|p1a: ElSe\u00f1orDeLaNoche|2\/100 tox\n|-unboost|p1a: ElSe\u00f1orDeLaNoche|spa|1\n|\n|-heal|p1a: ElSe\u00f1orDeLaNoche|15\/100 tox|[from] ability: Poison Heal\n|upkeep\n|turn|18\n|c|\u2606Raichu_2507|Vete a la mierda\n|\n|t:|1700936625\n|move|p1a: ElSe\u00f1orDeLaNoche|Facade|p2b: Cress\n|-damage|p2b: Cress|35\/100\n|move|p2b: Cress|Moonblast|p1a: ElSe\u00f1orDeLaNoche\n|-damage|p1a: ElSe\u00f1orDeLaNoche|0 fnt\n|faint|p1a: ElSe\u00f1orDeLaNoche\n|\n|win|ELGRANCRAC\n","uploadtime":1700936633,"views":3,"p1id":"raichu2507","p2id":"elgrancrac","formatid":"gen9nationaldexdoubles","rating":0,"private":0,"password":""}