{"id":"gen9nationaldexdoubles-1968718931","p1":"Miiirza","p2":"LeChaelum","format":"[Gen 9] National Dex Doubles","log":"|j|\u2606Miiirza\n|j|\u2606LeChaelum\n|t:|1697457705\n|gametype|doubles\n|player|p1|Miiirza|saturn|1619\n|player|p2|LeChaelum|schoolkid-gen4|1324\n|teamsize|p1|6\n|teamsize|p2|6\n|gen|9\n|tier|[Gen 9] National Dex Doubles\n|rated|\n|rule|HP Percentage Mod: HP is shown in percentages\n|rule|Endless Battle Clause: Forcing endless battles is banned\n|rule|OHKO Clause: OHKO moves are banned\n|rule|Evasion Moves Clause: Evasion moves are banned\n|rule|Evasion Abilities Clause: Evasion abilities are banned\n|rule|Species Clause: Limit one of each Pok\u00e9mon\n|rule|Gravity Sleep Clause: The combination of sleep-inducing moves with imperfect accuracy and Gravity or Gigantamax Orbeetle are banned\n|clearpoke\n|poke|p1|Incineroar, M|\n|poke|p1|Gastrodon-East, M|\n|poke|p1|Rillaboom, M|\n|poke|p1|Zygarde|\n|poke|p1|Amoonguss, M|\n|poke|p1|Chien-Pao|\n|poke|p2|Charizard, M|\n|poke|p2|Roaring Moon|\n|poke|p2|Incineroar, M|\n|poke|p2|Vivillon-River, M|\n|poke|p2|Oricorio-Sensu, M|\n|poke|p2|Lilligant-Hisui, F|\n|teampreview\n|inactive|Battle timer is ON: inactive players will automatically lose when time's up. (requested by Miiirza)\n|inactive|Miiirza has 120 seconds left.\n|\n|t:|1697457736\n|start\n|switch|p1a: Chien-Pao|Chien-Pao|100\/100\n|switch|p1b: Incineroar|Incineroar, M, shiny|100\/100\n|switch|p2a: Oricorio|Oricorio-Sensu, M|100\/100\n|switch|p2b: Incineroar|Incineroar, M|100\/100\n|-ability|p1a: Chien-Pao|Sword of Ruin\n|-ability|p2b: Incineroar|Intimidate|boost\n|-unboost|p1a: Chien-Pao|atk|1\n|-unboost|p1b: Incineroar|atk|1\n|-ability|p1b: Incineroar|Intimidate|boost\n|-unboost|p2a: Oricorio|atk|1\n|-unboost|p2b: Incineroar|atk|1\n|turn|1\n|\n|t:|1697457752\n|move|p2b: Incineroar|Fake Out|p1b: Incineroar\n|-damage|p1b: Incineroar|90\/100\n|cant|p1b: Incineroar|flinch\n|move|p1a: Chien-Pao|Ice Spinner|p2a: Oricorio\n|-supereffective|p2a: Oricorio\n|-enditem|p2a: Oricorio|Focus Sash\n|-damage|p2a: Oricorio|1\/100\n|move|p2a: Oricorio|Quiver Dance|p2a: Oricorio\n|-boost|p2a: Oricorio|spa|1\n|-boost|p2a: Oricorio|spd|1\n|-boost|p2a: Oricorio|spe|1\n|\n|upkeep\n|turn|2\n|\n|t:|1697457764\n|move|p2a: Oricorio|Protect|p2a: Oricorio\n|-singleturn|p2a: Oricorio|Protect\n|move|p1a: Chien-Pao|Protect|p1a: Chien-Pao\n|-singleturn|p1a: Chien-Pao|Protect\n|move|p2b: Incineroar|Flare Blitz|p1a: Chien-Pao\n|-activate|p1a: Chien-Pao|move: Protect\n|move|p1b: Incineroar|Knock Off|p2a: Oricorio\n|-activate|p2a: Oricorio|move: Protect\n|\n|upkeep\n|turn|3\n|\n|t:|1697457779\n|move|p2a: Oricorio|Revelation Dance|p1a: Chien-Pao\n|-resisted|p1a: Chien-Pao\n|-damage|p1a: Chien-Pao|55\/100\n|move|p1a: Chien-Pao|Crunch|p2a: Oricorio\n|-supereffective|p2a: Oricorio\n|-damage|p2a: Oricorio|0 fnt\n|faint|p2a: Oricorio\n|move|p2b: Incineroar|Flare Blitz|p1a: Chien-Pao\n|-supereffective|p1a: Chien-Pao\n|-damage|p1a: Chien-Pao|0 fnt\n|faint|p1a: Chien-Pao\n|-damage|p2b: Incineroar|87\/100|[from] Recoil\n|move|p1b: Incineroar|Parting Shot|p2b: Incineroar\n|-unboost|p2b: Incineroar|atk|1\n|-unboost|p2b: Incineroar|spa|1\n|\n|t:|1697457793\n|switch|p1b: Zygarde|Zygarde, shiny|100\/100|[from] Parting Shot\n|-ability|p1b: Zygarde|Aura Break\n|\n|upkeep\n|\n|t:|1697457804\n|switch|p1a: Rillaboom|Rillaboom, M|100\/100\n|switch|p2a: Vivillon|Vivillon-River, M|100\/100\n|-fieldstart|move: Grassy Terrain|[from] ability: Grassy Surge|[of] p1a: Rillaboom\n|turn|4\n|\n|t:|1697457832\n|switch|p2b: Roaring Moon|Roaring Moon|100\/100\n|move|p1b: Zygarde|Protect|p1b: Zygarde\n|-singleturn|p1b: Zygarde|Protect\n|move|p2a: Vivillon|Quiver Dance|p2a: Vivillon\n|-boost|p2a: Vivillon|spa|1\n|-boost|p2a: Vivillon|spd|1\n|-boost|p2a: Vivillon|spe|1\n|move|p1a: Rillaboom|Superpower|p2b: Roaring Moon\n|-supereffective|p2b: Roaring Moon\n|-damage|p2b: Roaring Moon|18\/100\n|-unboost|p1a: Rillaboom|atk|1\n|-unboost|p1a: Rillaboom|def|1\n|\n|-heal|p2b: Roaring Moon|24\/100|[from] Grassy Terrain\n|upkeep\n|turn|5\n|\n|t:|1697457861\n|switch|p1a: Amoonguss|Amoonguss, M|100\/100\n|move|p1b: Zygarde|Extreme Speed|p2b: Roaring Moon\n|-damage|p2b: Roaring Moon|3\/100\n|move|p2a: Vivillon|Sleep Powder|p1b: Zygarde\n|-status|p1b: Zygarde|slp|[from] move: Sleep Powder\n|move|p2b: Roaring Moon|Dragon Claw|p1b: Zygarde\n|-supereffective|p1b: Zygarde\n|-damage|p1b: Zygarde|25\/100 slp\n|-damage|p2b: Roaring Moon|0 fnt|[from] item: Life Orb\n|faint|p2b: Roaring Moon\n|-end|p2b: Roaring Moon|Protosynthesis|[silent]\n|\n|-heal|p1b: Zygarde|32\/100 slp|[from] Grassy Terrain\n|-heal|p1b: Zygarde|38\/100 slp|[from] item: Leftovers\n|upkeep\n|inactive|LeChaelum has 120 seconds left.\n|\n|t:|1697457876\n|switch|p2b: Charizard|Charizard, M|100\/100\n|turn|6\n|\n|t:|1697457885\n|switch|p1b: Incineroar|Incineroar, M, shiny|90\/100\n|-ability|p1b: Incineroar|Intimidate|boost\n|-unboost|p2a: Vivillon|atk|1\n|-unboost|p2b: Charizard|atk|1\n|detailschange|p2b: Charizard|Charizard-Mega-Y, M\n|-mega|p2b: Charizard|Charizard|Charizardite Y\n|-weather|SunnyDay|[from] ability: Drought|[of] p2b: Charizard\n|-terastallize|p1a: Amoonguss|Water\n|move|p2a: Vivillon|Pollen Puff|p1a: Amoonguss\n|-damage|p1a: Amoonguss|52\/100\n|move|p2b: Charizard|Heat Wave|p1a: Amoonguss|[spread] p1b\n|-miss|p2b: Charizard|p1a: Amoonguss\n|-resisted|p1b: Incineroar\n|-damage|p1b: Incineroar|57\/100\n|move|p1a: Amoonguss|Spore|p2b: Charizard\n|-status|p2b: Charizard|slp|[from] move: Spore\n|\n|-weather|SunnyDay|[upkeep]\n|-heal|p1b: Incineroar|63\/100|[from] Grassy Terrain\n|-heal|p1a: Amoonguss|58\/100|[from] Grassy Terrain\n|-heal|p1a: Amoonguss|64\/100|[from] item: Leftovers\n|upkeep\n|turn|7\n|\n|t:|1697457909\n|move|p1b: Incineroar|Fake Out|p2a: Vivillon\n|-damage|p2a: Vivillon|74\/100\n|cant|p2a: Vivillon|flinch\n|cant|p2b: Charizard|slp\n|move|p1a: Amoonguss|Spore|p2a: Vivillon\n|-status|p2a: Vivillon|slp|[from] move: Spore\n|\n|-weather|SunnyDay|[upkeep]\n|-heal|p1b: Incineroar|69\/100|[from] Grassy Terrain\n|-heal|p1a: Amoonguss|71\/100|[from] Grassy Terrain\n|-heal|p1a: Amoonguss|77\/100|[from] item: Leftovers\n|upkeep\n|turn|8\n|\n|t:|1697457924\n|switch|p1a: Zygarde|Zygarde, shiny|38\/100 slp\n|-ability|p1a: Zygarde|Aura Break\n|cant|p2a: Vivillon|slp\n|cant|p2b: Charizard|slp\n|move|p1b: Incineroar|Flare Blitz|p2a: Vivillon\n|-supereffective|p2a: Vivillon\n|-damage|p2a: Vivillon|0 fnt\n|faint|p2a: Vivillon\n|-damage|p1b: Incineroar|49\/100|[from] Recoil\n|\n|-weather|SunnyDay|[upkeep]\n|-heal|p1a: Zygarde|44\/100 slp|[from] Grassy Terrain\n|-heal|p1a: Zygarde|50\/100 slp|[from] item: Leftovers\n|-heal|p1b: Incineroar|56\/100|[from] Grassy Terrain\n|-fieldend|move: Grassy Terrain\n|upkeep\n|\n|t:|1697457932\n|switch|p2a: Lilligant|Lilligant-Hisui, F|100\/100\n|turn|9\n|\n|t:|1697457943\n|switch|p1b: Amoonguss|Amoonguss, M, tera:Water|100\/100\n|move|p2a: Lilligant|Leaf Blade|p1a: Zygarde\n|-damage|p1a: Zygarde|25\/100 slp\n|cant|p2b: Charizard|slp\n|cant|p1a: Zygarde|slp\n|\n|-weather|SunnyDay|[upkeep]\n|-heal|p1a: Zygarde|31\/100 slp|[from] item: Leftovers\n|upkeep\n|turn|10\n|\n|t:|1697457963\n|switch|p1b: Incineroar|Incineroar, M, shiny|56\/100\n|-ability|p1b: Incineroar|Intimidate|boost\n|-unboost|p2a: Lilligant|atk|1\n|-unboost|p2b: Charizard|atk|1\n|move|p2a: Lilligant|Leaf Blade|p1b: Incineroar\n|-resisted|p1b: Incineroar\n|-crit|p1b: Incineroar\n|-damage|p1b: Incineroar|24\/100\n|-enditem|p1b: Incineroar|Mago Berry|[eat]\n|-heal|p1b: Incineroar|58\/100|[from] item: Mago Berry\n|-curestatus|p2b: Charizard|slp|[msg]\n|move|p2b: Charizard|Solar Beam||[still]\n|-prepare|p2b: Charizard|Solar Beam\n|-anim|p2b: Charizard|Solar Beam|p1b: Incineroar\n|-resisted|p1b: Incineroar\n|-damage|p1b: Incineroar|36\/100\n|cant|p1a: Zygarde|slp\n|\n|-weather|none\n|-heal|p1a: Zygarde|37\/100 slp|[from] item: Leftovers\n|upkeep\n|turn|11\n|\n|t:|1697457982\n|switch|p2b: Incineroar|Incineroar, M|87\/100\n|-ability|p2b: Incineroar|Intimidate|boost\n|-unboost|p1a: Zygarde|atk|1\n|-unboost|p1b: Incineroar|atk|1\n|move|p1b: Incineroar|Fake Out|p2a: Lilligant\n|-damage|p2a: Lilligant|88\/100\n|cant|p2a: Lilligant|flinch\n|cant|p1a: Zygarde|slp\n|\n|-heal|p1a: Zygarde|43\/100 slp|[from] item: Leftovers\n|upkeep\n|turn|12\n|\n|t:|1697457999\n|switch|p1b: Amoonguss|Amoonguss, M, tera:Water|100\/100\n|move|p2a: Lilligant|Close Combat|p1b: Amoonguss\n|-damage|p1b: Amoonguss|70\/100\n|-unboost|p2a: Lilligant|def|1\n|-unboost|p2a: Lilligant|spd|1\n|-curestatus|p1a: Zygarde|slp|[msg]\n|move|p1a: Zygarde|Dragon Dance|p1a: Zygarde\n|-boost|p1a: Zygarde|atk|1\n|-boost|p1a: Zygarde|spe|1\n|move|p2b: Incineroar|Drain Punch|p1a: Zygarde\n|-damage|p1a: Zygarde|27\/100\n|-heal|p2b: Incineroar|95\/100|[from] drain|[of] p1a: Zygarde\n|\n|-heal|p1a: Zygarde|34\/100|[from] item: Leftovers\n|-heal|p1b: Amoonguss|76\/100|[from] item: Leftovers\n|upkeep\n|turn|13\n|\n|t:|1697458023\n|move|p1a: Zygarde|Protect|p1a: Zygarde\n|-singleturn|p1a: Zygarde|Protect\n|move|p2a: Lilligant|Leaf Blade|p1a: Zygarde\n|-activate|p1a: Zygarde|move: Protect\n|move|p2b: Incineroar|Drain Punch|p1a: Zygarde\n|-activate|p1a: Zygarde|move: Protect\n|move|p1b: Amoonguss|Spore|p2b: Incineroar\n|-status|p2b: Incineroar|slp|[from] move: Spore\n|\n|-heal|p1a: Zygarde|40\/100|[from] item: Leftovers\n|-heal|p1b: Amoonguss|82\/100|[from] item: Leftovers\n|upkeep\n|turn|14\n|\n|t:|1697458037\n|switch|p1b: Incineroar|Incineroar, M, shiny|36\/100\n|-ability|p1b: Incineroar|Intimidate|boost\n|-unboost|p2a: Lilligant|atk|1\n|-unboost|p2b: Incineroar|atk|1\n|move|p1a: Zygarde|Dragon Dance|p1a: Zygarde\n|-boost|p1a: Zygarde|atk|1\n|-boost|p1a: Zygarde|spe|1\n|move|p2a: Lilligant|Leaf Blade|p1a: Zygarde\n|-damage|p1a: Zygarde|26\/100\n|cant|p2b: Incineroar|slp\n|\n|-heal|p1a: Zygarde|32\/100|[from] item: Leftovers\n|upkeep\n|turn|15\n|\n|t:|1697458051\n|switch|p2a: Charizard|Charizard-Mega-Y, M|100\/100\n|-weather|SunnyDay|[from] ability: Drought|[of] p2a: Charizard\n|move|p1b: Incineroar|Fake Out|p2a: Charizard\n|-damage|p2a: Charizard|79\/100\n|move|p1a: Zygarde|Thousand Arrows|p2a: Charizard|[spread] p2a,p2b\n|-supereffective|p2b: Incineroar\n|-damage|p2a: Charizard|25\/100\n|-damage|p2b: Incineroar|19\/100 slp\n|-start|p2a: Charizard|Smack Down\n|-enditem|p2b: Incineroar|Weakness Policy\n|-boost|p2b: Incineroar|atk|2|[from] item: Weakness Policy\n|-boost|p2b: Incineroar|spa|2|[from] item: Weakness Policy\n|-curestatus|p2b: Incineroar|slp|[msg]\n|move|p2b: Incineroar|Drain Punch|p1b: Incineroar\n|-supereffective|p1b: Incineroar\n|-damage|p1b: Incineroar|0 fnt\n|-heal|p2b: Incineroar|36\/100|[from] drain|[of] p1b: Incineroar\n|faint|p1b: Incineroar\n|\n|-weather|SunnyDay|[upkeep]\n|-heal|p1a: Zygarde|38\/100|[from] item: Leftovers\n|upkeep\n|\n|t:|1697458071\n|switch|p1b: Amoonguss|Amoonguss, M, tera:Water|100\/100\n|turn|16\n|\n|t:|1697458076\n|switch|p2b: Lilligant|Lilligant-Hisui, F|88\/100\n|move|p2a: Charizard|Protect|p2a: Charizard\n|-singleturn|p2a: Charizard|Protect\n|move|p1a: Zygarde|Thousand Arrows|p2a: Charizard|[spread] p2b\n|-activate|p2a: Charizard|move: Protect\n|-resisted|p2b: Lilligant\n|-damage|p2b: Lilligant|60\/100\n|move|p1b: Amoonguss|Pollen Puff|p1a: Zygarde\n|-heal|p1a: Zygarde|88\/100\n|\n|-weather|SunnyDay|[upkeep]\n|-heal|p1a: Zygarde|95\/100|[from] item: Leftovers\n|upkeep\n|turn|17\n|\n|t:|1697458104\n|switch|p1b: Rillaboom|Rillaboom, M|100\/100\n|-fieldstart|move: Grassy Terrain|[from] ability: Grassy Surge|[of] p1b: Rillaboom\n|move|p2b: Lilligant|Leaf Blade|p1b: Rillaboom\n|-resisted|p1b: Rillaboom\n|-damage|p1b: Rillaboom|74\/100\n|move|p1a: Zygarde|Thousand Arrows|p2a: Charizard|[spread] p2a,p2b\n|-supereffective|p2a: Charizard\n|-resisted|p2b: Lilligant\n|-crit|p2b: Lilligant\n|-damage|p2a: Charizard|0 fnt\n|-damage|p2b: Lilligant|18\/100\n|faint|p2a: Charizard\n|\n|-weather|SunnyDay|[upkeep]\n|-heal|p2b: Lilligant|24\/100|[from] Grassy Terrain\n|-heal|p1a: Zygarde|100\/100|[from] Grassy Terrain\n|-heal|p1b: Rillaboom|80\/100|[from] Grassy Terrain\n|upkeep\n|\n|t:|1697458108\n|switch|p2a: Incineroar|Incineroar, M|36\/100\n|-ability|p2a: Incineroar|Intimidate|boost\n|-unboost|p1a: Zygarde|atk|1\n|-unboost|p1b: Rillaboom|atk|1\n|turn|18\n|\n|t:|1697458125\n|move|p1b: Rillaboom|Fake Out|p2a: Incineroar\n|-damage|p2a: Incineroar|27\/100\n|move|p1a: Zygarde|Extreme Speed|p2b: Lilligant\n|-damage|p2b: Lilligant|0 fnt\n|faint|p2b: Lilligant\n|cant|p2a: Incineroar|flinch\n|\n|-weather|SunnyDay|[upkeep]\n|-heal|p1b: Rillaboom|86\/100|[from] Grassy Terrain\n|-heal|p2a: Incineroar|33\/100|[from] Grassy Terrain\n|upkeep\n|turn|19\n|\n|t:|1697458137\n|move|p1a: Zygarde|Thousand Arrows|p2a: Incineroar\n|-supereffective|p2a: Incineroar\n|-damage|p2a: Incineroar|0 fnt\n|faint|p2a: Incineroar\n|\n|win|Miiirza\n|raw|Miiirza's rating: 1619 &rarr; <strong>1625<\/strong><br \/>(+6 for winning)\n|raw|LeChaelum's rating: 1324 &rarr; <strong>1318<\/strong><br \/>(-6 for losing)\n|c|\u2606LeChaelum|ggs\n|c|\u2606Miiirza|gg\n|l|\u2606LeChaelum\n","uploadtime":1697458144,"views":10,"p1id":"miiirza","p2id":"lechaelum","formatid":"gen9nationaldexdoubles","rating":1318,"private":0,"password":""}