{"id":"gen9nationaldexdoubles-1997975202","p1":"enthusiastic_squid","p2":"fumbari 24","format":"[Gen 9] National Dex Doubles","log":"|j|\u2606enthusiastic_squid\n|j|\u2606fumbari 24\n|t:|1700874235\n|gametype|doubles\n|player|p1|enthusiastic_squid|hiker-gen4|1224\n|player|p2|fumbari 24|hilbert|1229\n|teamsize|p1|6\n|teamsize|p2|6\n|gen|9\n|tier|[Gen 9] National Dex Doubles\n|rated|\n|rule|HP Percentage Mod: HP is shown in percentages\n|rule|Endless Battle Clause: Forcing endless battles is banned\n|rule|OHKO Clause: OHKO moves are banned\n|rule|Evasion Moves Clause: Evasion moves are banned\n|rule|Evasion Abilities Clause: Evasion abilities are banned\n|rule|Species Clause: Limit one of each Pok\u00e9mon\n|rule|Gravity Sleep Clause: The combination of sleep-inducing moves with imperfect accuracy and Gravity or Gigantamax Orbeetle are banned\n|clearpoke\n|poke|p1|Flamigo, F|\n|poke|p1|Dragonite, F|\n|poke|p1|Amoonguss, F|\n|poke|p1|Heatran, M|\n|poke|p1|Hydreigon, F|\n|poke|p1|Kommo-o, M|\n|poke|p2|Incineroar, M|\n|poke|p2|Tapu Koko|\n|poke|p2|Salamence, M|\n|poke|p2|Snorlax, M|\n|poke|p2|Tatsugiri, F|\n|poke|p2|Liepard, F|\n|teampreview\n|inactive|Battle timer is ON: inactive players will automatically lose when time's up. (requested by fumbari 24)\n|\n|t:|1700874260\n|start\n|switch|p1a: Heatran|Heatran, M|100\/100\n|switch|p1b: Hydreigon|Hydreigon, F|100\/100\n|switch|p2a: Incineroar|Incineroar, M|100\/100\n|switch|p2b: Tapu Koko|Tapu Koko|100\/100\n|-fieldstart|move: Electric Terrain|[from] ability: Electric Surge|[of] p2b: Tapu Koko\n|-ability|p2a: Incineroar|Intimidate|boost\n|-unboost|p1a: Heatran|atk|1\n|-unboost|p1b: Hydreigon|atk|1\n|turn|1\n|\n|t:|1700874280\n|move|p2a: Incineroar|Fake Out|p1a: Heatran\n|-resisted|p1a: Heatran\n|-damage|p1a: Heatran|96\/100\n|move|p2b: Tapu Koko|Dazzling Gleam|p1a: Heatran|[spread] p1a,p1b\n|-resisted|p1a: Heatran\n|-supereffective|p1b: Hydreigon\n|-damage|p1a: Heatran|89\/100\n|-damage|p1b: Hydreigon|8\/100\n|move|p1b: Hydreigon|Tailwind|p1b: Hydreigon\n|-sidestart|p1: enthusiastic_squid|move: Tailwind\n|cant|p1a: Heatran|flinch\n|\n|upkeep\n|turn|2\n|\n|t:|1700874305\n|switch|p1b: Amoonguss|Amoonguss, F|100\/100\n|switch|p2b: Tatsugiri|Tatsugiri, F|100\/100\n|move|p1a: Heatran|Earth Power|p2b: Tatsugiri\n|-damage|p2b: Tatsugiri|51\/100\n|move|p2a: Incineroar|Snarl|p1b: Amoonguss|[spread] p1a,p1b\n|-damage|p1a: Heatran|80\/100\n|-damage|p1b: Amoonguss|91\/100\n|-unboost|p1a: Heatran|spa|1\n|-unboost|p1b: Amoonguss|spa|1\n|\n|-heal|p1b: Amoonguss|97\/100|[from] item: Leftovers\n|upkeep\n|turn|3\n|inactive|enthusiastic_squid has 120 seconds left.\n|\n|t:|1700874344\n|switch|p1a: Kommo-o|Kommo-o, M|100\/100\n|move|p1b: Amoonguss|Rage Powder|p1b: Amoonguss\n|-singleturn|p1b: Amoonguss|move: Rage Powder\n|-zpower|p2b: Tatsugiri\n|move|p2b: Tatsugiri|Hydro Vortex|p1b: Amoonguss|[zeffect]\n|-resisted|p1b: Amoonguss\n|-damage|p1b: Amoonguss|60\/100\n|move|p2a: Incineroar|Snarl|p1b: Amoonguss|[spread] p1b\n|-immune|p1a: Kommo-o|[from] ability: Soundproof\n|-damage|p1b: Amoonguss|50\/100\n|-unboost|p1b: Amoonguss|spa|1\n|\n|-heal|p1b: Amoonguss|56\/100|[from] item: Leftovers\n|upkeep\n|turn|4\n|inactive|enthusiastic_squid has 120 seconds left.\n|\n|t:|1700874372\n|switch|p2b: Tapu Koko|Tapu Koko|100\/100\n|move|p2a: Incineroar|Snatch|p2a: Incineroar\n|-singleturn|p2a: Incineroar|Snatch\n|move|p1b: Amoonguss|Rage Powder|p1b: Amoonguss\n|-singleturn|p1b: Amoonguss|move: Rage Powder\n|move|p1a: Kommo-o|Clangorous Soul|p1a: Kommo-o\n|-activate|p2a: Incineroar|move: Snatch|[of] p1a: Kommo-o\n|move|p2a: Incineroar|Clangorous Soul|p2a: Incineroar|[from]Snatch\n|-boost|p2a: Incineroar|atk|1\n|-boost|p2a: Incineroar|def|1\n|-boost|p2a: Incineroar|spa|1\n|-boost|p2a: Incineroar|spd|1\n|-boost|p2a: Incineroar|spe|1\n|-damage|p2a: Incineroar|68\/100\n|\n|-heal|p1b: Amoonguss|63\/100|[from] item: Leftovers\n|-sideend|p1: enthusiastic_squid|move: Tailwind\n|upkeep\n|turn|5\n|inactive|enthusiastic_squid has 120 seconds left.\n|\n|t:|1700874399\n|move|p1b: Amoonguss|Rage Powder|p1b: Amoonguss\n|-singleturn|p1b: Amoonguss|move: Rage Powder\n|move|p2b: Tapu Koko|Dazzling Gleam|p1a: Kommo-o|[spread] p1a,p1b\n|-supereffective|p1a: Kommo-o\n|-resisted|p1b: Amoonguss\n|-damage|p1a: Kommo-o|0 fnt\n|-damage|p1b: Amoonguss|44\/100\n|faint|p1a: Kommo-o\n|move|p2a: Incineroar|Flare Blitz|p1b: Amoonguss\n|-supereffective|p1b: Amoonguss\n|-damage|p1b: Amoonguss|0 fnt\n|faint|p1b: Amoonguss\n|-damage|p2a: Incineroar|52\/100|[from] Recoil\n|\n|-fieldend|move: Electric Terrain\n|upkeep\n|inactive|enthusiastic_squid has 90 seconds left.\n|\n|t:|1700874437\n|switch|p1a: Heatran|Heatran, M|80\/100\n|switch|p1b: Flamigo|Flamigo, F|100\/100\n|-copyboost|p1b: Flamigo|p1a: Heatran|[from] ability: Costar\n|turn|6\n|inactive|enthusiastic_squid has 90 seconds left.\n|\n|t:|1700874467\n|switch|p2b: Salamence|Salamence, M|100\/100\n|-ability|p2b: Salamence|Intimidate|boost\n|-unboost|p1a: Heatran|atk|1\n|-unboost|p1b: Flamigo|atk|1\n|move|p1b: Flamigo|Liquidation|p2a: Incineroar\n|-supereffective|p2a: Incineroar\n|-damage|p2a: Incineroar|27\/100\n|move|p2a: Incineroar|Flare Blitz|p1b: Flamigo\n|-damage|p1b: Flamigo|9\/100\n|-status|p1b: Flamigo|brn\n|-damage|p2a: Incineroar|4\/100|[from] Recoil\n|-enditem|p2a: Incineroar|Iapapa Berry|[eat]\n|-heal|p2a: Incineroar|37\/100|[from] item: Iapapa Berry\n|move|p1a: Heatran|Earth Power|p2a: Incineroar\n|-supereffective|p2a: Incineroar\n|-damage|p2a: Incineroar|0 fnt\n|faint|p2a: Incineroar\n|\n|-damage|p1b: Flamigo|2\/100 brn|[from] brn\n|upkeep\n|inactive|fumbari 24 has 120 seconds left.\n|\n|t:|1700874494\n|switch|p2a: Tapu Koko|Tapu Koko|100\/100\n|-fieldstart|move: Electric Terrain|[from] ability: Electric Surge|[of] p2a: Tapu Koko\n|turn|7\n|\n|t:|1700874506\n|detailschange|p2b: Salamence|Salamence-Mega, M\n|-mega|p2b: Salamence|Salamence|Salamencite\n|move|p2b: Salamence|Dragon Dance|p2b: Salamence\n|-boost|p2b: Salamence|atk|1\n|-boost|p2b: Salamence|spe|1\n|move|p2a: Tapu Koko|Volt Switch|p1a: Heatran\n|-damage|p1a: Heatran|33\/100\n|\n|t:|1700874519\n|switch|p2a: Tatsugiri|Tatsugiri, F|51\/100|[from] Volt Switch\n|move|p1b: Flamigo|Acrobatics|p2a: Tatsugiri\n|-damage|p2a: Tatsugiri|41\/100\n|move|p1a: Heatran|Earth Power|p2a: Tatsugiri\n|-damage|p2a: Tatsugiri|0 fnt\n|faint|p2a: Tatsugiri\n|\n|-damage|p1b: Flamigo|0 fnt|[from] brn\n|faint|p1b: Flamigo\n|upkeep\n|inactive|enthusiastic_squid has 120 seconds left.\n|\n|t:|1700874540\n|switch|p1b: Hydreigon|Hydreigon, F|8\/100\n|switch|p2a: Liepard|Liepard, F, shiny|100\/100\n|-enditem|p2a: Liepard|Electric Seed\n|-boost|p2a: Liepard|def|1|[from] item: Electric Seed\n|turn|8\n|\n|t:|1700874560\n|move|p2a: Liepard|Fake Out|p1b: Hydreigon\n|-damage|p1b: Hydreigon|0 fnt\n|faint|p1b: Hydreigon\n|move|p2b: Salamence|Double-Edge|p1a: Heatran\n|-resisted|p1a: Heatran\n|-damage|p1a: Heatran|0 fnt\n|faint|p1a: Heatran\n|-damage|p2b: Salamence|89\/100|[from] Recoil\n|\n|upkeep\n|inactive|enthusiastic_squid has 120 seconds left.\n|\n|t:|1700874571\n|switch|p1b: Dragonite|Dragonite, F|100\/100\n|turn|9\n|\n|t:|1700874580\n|-terastallize|p1b: Dragonite|Normal\n|move|p1b: Dragonite|Extreme Speed|p2a: Liepard\n|-damage|p2a: Liepard|55\/100\n|move|p2b: Salamence|Double-Edge|p1b: Dragonite\n|-damage|p1b: Dragonite|31\/100\n|-damage|p2b: Salamence|67\/100|[from] Recoil\n|move|p2a: Liepard|Foul Play|p1b: Dragonite\n|-damage|p1b: Dragonite|0 fnt\n|faint|p1b: Dragonite\n|\n|win|fumbari 24\n|raw|enthusiastic_squid's rating: 1224 &rarr; <strong>1199<\/strong><br \/>(-25 for losing)\n|raw|fumbari 24's rating: 1229 &rarr; <strong>1254<\/strong><br \/>(+25 for winning)\n|l|\u2606enthusiastic_squid\n","uploadtime":1700874596,"views":8,"p1id":"enthusiasticsquid","p2id":"fumbari24","formatid":"gen9nationaldexdoubles","rating":1199,"private":0,"password":""}