{"id":"gen9nationaldexdoubles-1997479926","p1":"LooneyTunesShow","p2":"Terasleeping","format":"[Gen 9] National Dex Doubles","log":"|j|\u2606LooneyTunesShow\n|j|\u2606Terasleeping\n|t:|1700812679\n|gametype|doubles\n|player|p1|LooneyTunesShow|florian-bb|1194\n|player|p2|Terasleeping|bugcatcher-gen4dp|1466\n|teamsize|p1|6\n|teamsize|p2|6\n|gen|9\n|tier|[Gen 9] National Dex Doubles\n|rated|\n|rule|HP Percentage Mod: HP is shown in percentages\n|rule|Endless Battle Clause: Forcing endless battles is banned\n|rule|OHKO Clause: OHKO moves are banned\n|rule|Evasion Moves Clause: Evasion moves are banned\n|rule|Evasion Abilities Clause: Evasion abilities are banned\n|rule|Species Clause: Limit one of each Pok\u00e9mon\n|rule|Gravity Sleep Clause: The combination of sleep-inducing moves with imperfect accuracy and Gravity or Gigantamax Orbeetle are banned\n|clearpoke\n|poke|p1|Quaquaval, M|\n|poke|p1|Meowscarada, F|\n|poke|p1|Skeledirge, M|\n|poke|p1|Decidueye, M|\n|poke|p1|Samurott-Hisui, M|\n|poke|p1|Typhlosion-Hisui, F|\n|poke|p2|Ursaluna-Bloodmoon, M|\n|poke|p2|Hatterene, F|\n|poke|p2|Heatran, M|\n|poke|p2|Indeedee-F, F|\n|poke|p2|Iron Hands|\n|poke|p2|Tapu Fini|\n|teampreview\n|inactive|Battle timer is ON: inactive players will automatically lose when time's up. (requested by LooneyTunesShow)\n|inactive|Terasleeping also wants the timer to be on.\n|\n|t:|1700812704\n|start\n|switch|p1a: Donald Duck|Quaquaval, M|100\/100\n|switch|p1b: Lady Noh|Typhlosion-Hisui, F|100\/100\n|switch|p2a: Indeedee|Indeedee-F, F|100\/100\n|switch|p2b: Iron Hands|Iron Hands|100\/100\n|-item|p2a: Indeedee|Psychic Seed|[from] ability: Frisk|[of] p1b: Lady Noh|[identify]\n|-item|p2b: Iron Hands|Assault Vest|[from] ability: Frisk|[of] p1b: Lady Noh|[identify]\n|-fieldstart|move: Psychic Terrain|[from] ability: Psychic Surge|[of] p2a: Indeedee\n|-enditem|p2a: Indeedee|Psychic Seed\n|-boost|p2a: Indeedee|spd|1|[from] item: Psychic Seed\n|turn|1\n|\n|t:|1700812728\n|move|p1b: Lady Noh|Eruption|p2a: Indeedee|[spread] p2a,p2b\n|-damage|p2a: Indeedee|64\/100\n|-damage|p2b: Iron Hands|74\/100\n|move|p1a: Donald Duck|Ice Spinner|p2a: Indeedee\n|-damage|p2a: Indeedee|41\/100\n|-fieldend|move: Psychic Terrain\n|move|p2b: Iron Hands|Wild Charge|p1a: Donald Duck\n|-supereffective|p1a: Donald Duck\n|-damage|p1a: Donald Duck|0 fnt\n|faint|p1a: Donald Duck\n|-damage|p2b: Iron Hands|58\/100|[from] Recoil\n|move|p2a: Indeedee|Trick Room|p2a: Indeedee\n|-fieldstart|move: Trick Room|[of] p2a: Indeedee\n|\n|upkeep\n|inactive|LooneyTunesShow has 120 seconds left.\n|\n|t:|1700812745\n|switch|p1a: Robin Hood|Decidueye, M|100\/100\n|turn|2\n|\n|t:|1700812764\n|move|p2b: Iron Hands|Wild Charge|p1b: Lady Noh\n|-damage|p1b: Lady Noh|30\/100\n|-damage|p2b: Iron Hands|47\/100|[from] Recoil\n|move|p2a: Indeedee|Dazzling Gleam|p1a: Robin Hood|[spread] p1a,p1b\n|-resisted|p1b: Lady Noh\n|-damage|p1a: Robin Hood|87\/100\n|-damage|p1b: Lady Noh|22\/100\n|-zpower|p1a: Robin Hood\n|move|p1a: Robin Hood|Sinister Arrow Raid|p2b: Iron Hands|[zeffect]\n|-damage|p2b: Iron Hands|0 fnt\n|faint|p2b: Iron Hands\n|-end|p2b: Iron Hands|Quark Drive|[silent]\n|move|p1b: Lady Noh|Eruption|p2a: Indeedee\n|-damage|p2a: Indeedee|31\/100\n|\n|upkeep\n|\n|t:|1700812780\n|switch|p2b: Ursaluna|Ursaluna-Bloodmoon, M|100\/100\n|turn|3\n|\n|t:|1700812796\n|move|p1a: Robin Hood|Sucker Punch|p2a: Indeedee\n|-supereffective|p2a: Indeedee\n|-damage|p2a: Indeedee|0 fnt\n|faint|p2a: Indeedee\n|move|p2b: Ursaluna|Hyper Voice|p1b: Lady Noh|[spread] p1a,p1b\n|-damage|p1a: Robin Hood|31\/100\n|-damage|p1b: Lady Noh|0 fnt\n|faint|p1b: Lady Noh\n|\n|upkeep\n|\n|t:|1700812808\n|switch|p2a: Heatran|Heatran, M|100\/100\n|switch|p1b: Nobunaga Oda|Samurott-Hisui, M|100\/100\n|turn|4\n|\n|t:|1700812823\n|-terastallize|p2b: Ursaluna|Normal\n|move|p1a: Robin Hood|Sucker Punch|p2a: Heatran\n|-damage|p2a: Heatran|81\/100\n|move|p2b: Ursaluna|Hyper Voice|p1a: Robin Hood|[spread] p1a,p1b\n|-damage|p1a: Robin Hood|0 fnt\n|-damage|p1b: Nobunaga Oda|0 fnt\n|faint|p1a: Robin Hood\n|faint|p1b: Nobunaga Oda\n|move|p2a: Heatran|Heat Wave|p1: Robin Hood|[notarget]\n|-fail|p2a: Heatran\n|\n|upkeep\n|\n|t:|1700812831\n|switch|p1a: Thomas The Cat|Meowscarada, F|100\/100\n|switch|p1b: Louis|Skeledirge, M|100\/100\n|turn|5\n|\n|t:|1700812855\n|-terastallize|p1b: Louis|Water\n|move|p2b: Ursaluna|Hyper Voice|p1b: Louis|[spread] p1a,p1b\n|-damage|p1a: Thomas The Cat|23\/100\n|-damage|p1b: Louis|1\/100\n|move|p2a: Heatran|Heat Wave|p1a: Thomas The Cat|[spread] p1a\n|-miss|p2a: Heatran|p1b: Louis\n|-supereffective|p1a: Thomas The Cat\n|-damage|p1a: Thomas The Cat|0 fnt\n|faint|p1a: Thomas The Cat\n|-damage|p2a: Heatran|71\/100|[from] item: Life Orb\n|move|p1b: Louis|Earth Power|p2a: Heatran\n|-supereffective|p2a: Heatran\n|-damage|p2a: Heatran|0 fnt\n|faint|p2a: Heatran\n|\n|-fieldend|move: Trick Room\n|upkeep\n|\n|t:|1700812869\n|switch|p2a: Tapu Fini|Tapu Fini|100\/100\n|-fieldstart|move: Misty Terrain|[from] ability: Misty Surge|[of] p2a: Tapu Fini\n|turn|6\n|\n|t:|1700812878\n|move|p1b: Louis|Earth Power|p2b: Ursaluna\n|-damage|p2b: Ursaluna|70\/100\n|move|p2a: Tapu Fini|Scald|p1b: Louis\n|-resisted|p1b: Louis\n|-damage|p1b: Louis|0 fnt\n|faint|p1b: Louis\n|\n|win|Terasleeping\n|raw|LooneyTunesShow's rating: 1194 &rarr; <strong>1185<\/strong><br \/>(-9 for losing)\n|raw|Terasleeping's rating: 1466 &rarr; <strong>1473<\/strong><br \/>(+7 for winning)\n|l|\u2606LooneyTunesShow\n","uploadtime":1700812888,"views":1,"p1id":"looneytunesshow","p2id":"terasleeping","formatid":"gen9nationaldexdoubles","rating":1185,"private":0,"password":""}