{"id":"gen9nationaldexdoubles-1971001279","p1":"clefa1209","p2":"Mistery Gold","format":"[Gen 9] National Dex Doubles","log":"|j|\u2606clefa1209\n|j|\u2606Mistery Gold\n|t:|1697690721\n|gametype|doubles\n|player|p1|clefa1209|beauty|1033\n|player|p2|Mistery Gold|marley|1000\n|teamsize|p1|6\n|teamsize|p2|6\n|gen|9\n|tier|[Gen 9] National Dex Doubles\n|rated|\n|rule|HP Percentage Mod: HP is shown in percentages\n|rule|Endless Battle Clause: Forcing endless battles is banned\n|rule|OHKO Clause: OHKO moves are banned\n|rule|Evasion Moves Clause: Evasion moves are banned\n|rule|Evasion Abilities Clause: Evasion abilities are banned\n|rule|Species Clause: Limit one of each Pok\u00e9mon\n|rule|Gravity Sleep Clause: The combination of sleep-inducing moves with imperfect accuracy and Gravity or Gigantamax Orbeetle are banned\n|clearpoke\n|poke|p1|Aromatisse, F|\n|poke|p1|Hatterene, F|\n|poke|p1|Shiinotic, F|\n|poke|p1|Granbull, F|\n|poke|p1|Togetic, F|\n|poke|p1|Grimmsnarl, M|\n|poke|p2|Audino, F|\n|poke|p2|Blissey, F|\n|poke|p2|Lapras, M|\n|poke|p2|Latios, M|\n|poke|p2|Clefable, F|\n|poke|p2|Slurpuff, F|\n|teampreview\n|n|!clefa1209|clefa1209\n|\n|t:|1697690749\n|start\n|switch|p1a: Chanel|Aromatisse, F|100\/100\n|switch|p1b: Pip|Togetic, F|100\/100\n|switch|p2a: Lapras|Lapras, M|100\/100\n|switch|p2b: Audino|Audino, F|100\/100\n|turn|1\n|\n|t:|1697690765\n|move|p2b: Audino|Yawn|p1b: Pip\n|-start|p1b: Pip|move: Yawn|[of] p2b: Audino\n|move|p1b: Pip|Tri Attack|p2a: Lapras\n|-damage|p2a: Lapras|89\/100\n|move|p2a: Lapras|Roar|p1a: Chanel\n|drag|p1a: Elvis|Grimmsnarl, M|100\/100\n|\n|-heal|p2a: Lapras|95\/100|[from] item: Leftovers\n|upkeep\n|turn|2\n|\n|t:|1697690786\n|switch|p1b: Toadette|Shiinotic, F|100\/100\n|move|p1a: Elvis|Light Screen|p1a: Elvis\n|-sidestart|p1: clefa1209|move: Light Screen\n|move|p2b: Audino|Thunder Wave|p1b: Toadette\n|-status|p1b: Toadette|par\n|move|p2a: Lapras|Roar|p1a: Elvis\n|drag|p1a: Pip|Togetic, F|100\/100\n|\n|-heal|p2a: Lapras|100\/100|[from] item: Leftovers\n|upkeep\n|turn|3\n|\n|t:|1697690812\n|move|p1a: Pip|Protect|p1a: Pip\n|-singleturn|p1a: Pip|Protect\n|move|p2a: Lapras|Freeze-Dry|p1b: Toadette\n|-supereffective|p1b: Toadette\n|-damage|p1b: Toadette|73\/100 par\n|move|p2b: Audino|Yawn|p1a: Pip\n|-activate|p1a: Pip|move: Protect\n|cant|p1b: Toadette|par\n|\n|upkeep\n|turn|4\n|\n|t:|1697690833\n|move|p2b: Audino|Yawn|p1a: Pip\n|-start|p1a: Pip|move: Yawn|[of] p2b: Audino\n|move|p1a: Pip|Tri Attack|p2b: Audino\n|-damage|p2b: Audino|89\/100\n|move|p1b: Toadette|Ingrain|p1b: Toadette\n|-start|p1b: Toadette|move: Ingrain\n|move|p2a: Lapras|Roar|p1b: Toadette\n|-activate|p1b: Toadette|move: Ingrain\n|\n|-heal|p2b: Audino|95\/100|[from] item: Leftovers\n|-heal|p1b: Toadette|81\/100 par|[from] Ingrain\n|upkeep\n|turn|5\n|\n|t:|1697690864\n|switch|p1a: Weave|Hatterene, F, shiny|100\/100\n|move|p2b: Audino|Yawn|p1a: Weave\n|move|p1a: Weave|Yawn|p2b: Audino|[from]ability: Magic Bounce\n|-start|p2b: Audino|move: Yawn|[of] p1a: Weave\n|cant|p1b: Toadette|par\n|move|p2a: Lapras|Roar|p1a: Weave\n|move|p1a: Weave|Roar|p2a: Lapras|[from]ability: Magic Bounce\n|drag|p2a: Latios|Latios, M|100\/100\n|\n|-heal|p2b: Audino|100\/100|[from] item: Leftovers\n|-heal|p1b: Toadette|89\/100 par|[from] Ingrain\n|upkeep\n|turn|6\n|\n|t:|1697690919\n|switch|p2b: Blissey|Blissey, F|100\/100\n|detailschange|p2a: Latios|Latios-Mega, M\n|-mega|p2a: Latios|Latios|Latiosite\n|move|p2a: Latios|Defog|p1a: Weave\n|move|p1a: Weave|Defog|p2a: Latios|[from]ability: Magic Bounce\n|-unboost|p2a: Latios|evasion|1\n|move|p1b: Toadette|Leech Seed|p2a: Latios\n|-start|p2a: Latios|move: Leech Seed\n|move|p1a: Weave|Trick Room|p1a: Weave\n|-fieldstart|move: Trick Room|[of] p1a: Weave\n|\n|-heal|p1b: Toadette|97\/100 par|[from] Ingrain\n|-damage|p2a: Latios|88\/100|[from] Leech Seed|[of] p1b: Toadette\n|-heal|p1b: Toadette|100\/100 par|[silent]\n|-status|p2b: Blissey|tox|[from] item: Toxic Orb\n|upkeep\n|turn|7\n|\n|t:|1697690959\n|cant|p1b: Toadette|par\n|move|p1a: Weave|Dazzling Gleam|p2a: Latios|[spread] p2a,p2b\n|-supereffective|p2a: Latios\n|-damage|p2a: Latios|24\/100\n|-damage|p2b: Blissey|87\/100 tox\n|move|p2b: Blissey|Trick|p1b: Toadette\n|-activate|p2b: Blissey|move: Trick|[of] p1b: Toadette\n|-item|p1b: Toadette|Toxic Orb|[from] move: Trick\n|-item|p2b: Blissey|Big Root|[from] move: Trick\n|move|p2a: Latios|Defog|p1b: Toadette\n|-unboost|p1b: Toadette|evasion|1\n|-sideend|p1: clefa1209|move: Light Screen\n|\n|-damage|p2a: Latios|11\/100|[from] Leech Seed|[of] p1b: Toadette\n|-damage|p2b: Blissey|80\/100 tox|[from] psn\n|upkeep\n|turn|8\n|\n|t:|1697690998\n|move|p1b: Toadette|Leech Seed|p2b: Blissey\n|-start|p2b: Blissey|move: Leech Seed\n|move|p1a: Weave|Dazzling Gleam|p2b: Blissey|[spread] p2a,p2b\n|-supereffective|p2a: Latios\n|-damage|p2a: Latios|0 fnt\n|-damage|p2b: Blissey|67\/100 tox\n|faint|p2a: Latios\n|move|p2b: Blissey|Reflect|p2b: Blissey\n|-sidestart|p2: Mistery Gold|Reflect\n|\n|-damage|p2b: Blissey|55\/100 tox|[from] Leech Seed|[of] p1b: Toadette\n|-damage|p2b: Blissey|42\/100 tox|[from] psn\n|upkeep\n|\n|t:|1697691003\n|switch|p2a: Clefable|Clefable, F|100\/100\n|turn|9\n|\n|t:|1697691027\n|-curestatus|p2b: Blissey|tox|[from] ability: Natural Cure\n|switch|p2b: Lapras|Lapras, M|100\/100\n|move|p1b: Toadette|Giga Drain|p2a: Clefable\n|-crit|p2a: Clefable\n|-damage|p2a: Clefable|66\/100\n|move|p1a: Weave|Psyshock|p2a: Clefable\n|-crit|p2a: Clefable\n|-damage|p2a: Clefable|0 fnt\n|faint|p2a: Clefable\n|\n|upkeep\n|\n|t:|1697691039\n|switch|p2a: Audino|Audino, F|100\/100\n|turn|10\n|\n|t:|1697691056\n|move|p2a: Audino|Helping Hand|p2b: Lapras\n|-singleturn|p2b: Lapras|Helping Hand|[of] p2a: Audino\n|cant|p1b: Toadette|par\n|move|p1a: Weave|Dazzling Gleam|p2b: Lapras|[spread] p2a,p2b\n|-damage|p2a: Audino|68\/100\n|-damage|p2b: Lapras|71\/100\n|move|p2b: Lapras|Hydro Pump|p1a: Weave\n|-damage|p1a: Weave|32\/100\n|\n|-heal|p2a: Audino|74\/100|[from] item: Leftovers\n|-heal|p2b: Lapras|78\/100|[from] item: Leftovers\n|-fieldend|move: Trick Room\n|upkeep\n|turn|11\n|inactive|Battle timer is ON: inactive players will automatically lose when time's up. (requested by Mistery Gold)\n|\n|t:|1697691124\n|switch|p1a: Pip|Togetic, F|100\/100\n|move|p2a: Audino|Helping Hand|p2b: Lapras\n|-singleturn|p2b: Lapras|Helping Hand|[of] p2a: Audino\n|move|p2b: Lapras|Hydro Pump|p1a: Pip\n|-damage|p1a: Pip|71\/100\n|move|p1b: Toadette|Leech Seed|p2b: Lapras\n|-start|p2b: Lapras|move: Leech Seed\n|\n|-heal|p2b: Lapras|84\/100|[from] item: Leftovers\n|-heal|p2a: Audino|80\/100|[from] item: Leftovers\n|-damage|p2b: Lapras|71\/100|[from] Leech Seed|[of] p1b: Toadette\n|upkeep\n|turn|12\n|n|\u2606clefa1209|clefa1209\n|inactive|Mistery Gold has 120 seconds left.\n|c|\u2606clefa1209|ur team is saur cute\n|\n|t:|1697691163\n|move|p2a: Audino|Helping Hand|p2b: Lapras\n|-singleturn|p2b: Lapras|Helping Hand|[of] p2a: Audino\n|move|p1a: Pip|Protect|p1a: Pip\n|-singleturn|p1a: Pip|Protect\n|move|p2b: Lapras|Freeze-Dry|p1a: Pip\n|-activate|p1a: Pip|move: Protect\n|cant|p1b: Toadette|par\n|\n|-heal|p2b: Lapras|78\/100|[from] item: Leftovers\n|-heal|p2a: Audino|87\/100|[from] item: Leftovers\n|-damage|p2b: Lapras|65\/100|[from] Leech Seed|[of] p1b: Toadette\n|-sideend|p2: Mistery Gold|Reflect\n|upkeep\n|turn|13\n|inactive|clefa1209 has 120 seconds left.\n|inactive|clefa1209 has 90 seconds left.\n|\n|t:|1697691223\n|switch|p2b: Blissey|Blissey, F|42\/100\n|switch|p1a: Chanel|Aromatisse, F|100\/100\n|move|p2a: Audino|Yawn|p1a: Chanel\n|-start|p1a: Chanel|move: Yawn|[of] p2a: Audino\n|move|p1b: Toadette|Leech Seed|p2a: Audino\n|-start|p2a: Audino|move: Leech Seed\n|\n|-heal|p2a: Audino|93\/100|[from] item: Leftovers\n|-damage|p2a: Audino|80\/100|[from] Leech Seed|[of] p1b: Toadette\n|upkeep\n|turn|14\n|inactive|Mistery Gold has 120 seconds left.\n|inactive|Mistery Gold has 90 seconds left.\n|\n|t:|1697691294\n|move|p2b: Blissey|Trick|p1a: Chanel\n|-activate|p2b: Blissey|move: Trick|[of] p1a: Chanel\n|-item|p1a: Chanel|Big Root|[from] move: Trick\n|-item|p2b: Blissey|Leftovers|[from] move: Trick\n|move|p2a: Audino|Heal Pulse|p2b: Blissey\n|-heal|p2b: Blissey|92\/100\n|move|p1b: Toadette|Leech Seed|p2b: Blissey|[miss]\n|-miss|p1b: Toadette|p2b: Blissey\n|move|p1a: Chanel|Trick Room|p1a: Chanel\n|-fieldstart|move: Trick Room|[of] p1a: Chanel\n|\n|-heal|p2a: Audino|86\/100|[from] item: Leftovers\n|-heal|p2b: Blissey|98\/100|[from] item: Leftovers\n|-damage|p2a: Audino|74\/100|[from] Leech Seed|[of] p1b: Toadette\n|-end|p1a: Chanel|move: Yawn|[silent]\n|-status|p1a: Chanel|slp\n|upkeep\n|turn|15\n|inactive|clefa1209 has 120 seconds left.\n|inactive|Mistery Gold has 90 seconds left.\n|c|\u2606Mistery Gold|Yes its nice\n|inactive|Mistery Gold has 60 seconds left.\n|\n|t:|1697691357\n|move|p2a: Audino|Helping Hand|p2b: Blissey\n|-singleturn|p2b: Blissey|Helping Hand|[of] p2a: Audino\n|cant|p1b: Toadette|par\n|cant|p1a: Chanel|slp\n|move|p2b: Blissey|Heal Pulse|p2a: Audino\n|-heal|p2a: Audino|100\/100\n|\n|-heal|p2b: Blissey|100\/100|[from] item: Leftovers\n|-damage|p2a: Audino|88\/100|[from] Leech Seed|[of] p1b: Toadette\n|upkeep\n|turn|16\n|inactive|Mistery Gold has 60 seconds left.\n|inactive|clefa1209 has 120 seconds left.\n|inactive|clefa1209 has 90 seconds left.\n|\n|t:|1697691418\n|switch|p1a: Weave|Hatterene, F, shiny|32\/100\n|move|p2a: Audino|Helping Hand|p2b: Blissey\n|-singleturn|p2b: Blissey|Helping Hand|[of] p2a: Audino\n|move|p1b: Toadette|Pollen Puff|p1a: Weave\n|-heal|p1a: Weave|82\/100\n|move|p2b: Blissey|Reflect|p2b: Blissey\n|-sidestart|p2: Mistery Gold|Reflect\n|\n|-heal|p2a: Audino|94\/100|[from] item: Leftovers\n|-damage|p2a: Audino|82\/100|[from] Leech Seed|[of] p1b: Toadette\n|upkeep\n|turn|17\n|inactive|clefa1209 has 90 seconds left.\n|inactive|Mistery Gold has 60 seconds left.\n|\n|t:|1697691445\n|move|p2a: Audino|Helping Hand|p2b: Blissey\n|-singleturn|p2b: Blissey|Helping Hand|[of] p2a: Audino\n|move|p1b: Toadette|Leech Seed|p2b: Blissey\n|-start|p2b: Blissey|move: Leech Seed\n|move|p1a: Weave|Psyshock|p2b: Blissey\n|-damage|p2b: Blissey|52\/100\n|move|p2b: Blissey|Heal Pulse|p2a: Audino\n|-heal|p2a: Audino|100\/100\n|\n|-heal|p2b: Blissey|58\/100|[from] item: Leftovers\n|-damage|p2a: Audino|88\/100|[from] Leech Seed|[of] p1b: Toadette\n|-damage|p2b: Blissey|45\/100|[from] Leech Seed|[of] p1b: Toadette\n|upkeep\n|turn|18\n|inactive|Mistery Gold has 60 seconds left.\n|\n|t:|1697691465\n|move|p1b: Toadette|Giga Drain|p2b: Blissey\n|-damage|p2b: Blissey|37\/100\n|move|p1a: Weave|Psyshock|p2b: Blissey\n|-damage|p2b: Blissey|0 fnt\n|faint|p2b: Blissey\n|move|p2a: Audino|Heal Pulse|p2: Blissey|[notarget]\n|-fail|p2a: Audino\n|\n|-heal|p2a: Audino|94\/100|[from] item: Leftovers\n|-damage|p2a: Audino|82\/100|[from] Leech Seed|[of] p1b: Toadette\n|-fieldend|move: Trick Room\n|upkeep\n|\n|t:|1697691479\n|switch|p2b: Slurpuff|Slurpuff, F|100\/100\n|turn|19\n|inactive|clefa1209 has 120 seconds left.\n|\n|t:|1697691504\n|move|p2b: Slurpuff|Belly Drum|p2b: Slurpuff\n|-damage|p2b: Slurpuff|51\/100\n|-setboost|p2b: Slurpuff|atk|6|[from] move: Belly Drum\n|move|p2a: Audino|Heal Pulse|p2b: Slurpuff\n|-heal|p2b: Slurpuff|100\/100\n|move|p1b: Toadette|Leech Seed|p2b: Slurpuff\n|-start|p2b: Slurpuff|move: Leech Seed\n|move|p1a: Weave|Trick Room|p1a: Weave\n|-fieldstart|move: Trick Room|[of] p1a: Weave\n|\n|-heal|p2a: Audino|88\/100|[from] item: Leftovers\n|-damage|p2a: Audino|75\/100|[from] Leech Seed|[of] p1b: Toadette\n|-damage|p2b: Slurpuff|88\/100|[from] Leech Seed|[of] p1b: Toadette\n|upkeep\n|turn|20\n|inactive|clefa1209 has 120 seconds left.\n|inactive|Mistery Gold has 60 seconds left.\n|\n|t:|1697691540\n|move|p1b: Toadette|Giga Drain|p2b: Slurpuff\n|-damage|p2b: Slurpuff|56\/100\n|move|p1a: Weave|Psyshock|p2b: Slurpuff\n|-damage|p2b: Slurpuff|0 fnt\n|faint|p2b: Slurpuff\n|move|p2a: Audino|Heal Pulse|p2: Slurpuff|[notarget]\n|-fail|p2a: Audino\n|\n|-heal|p2a: Audino|81\/100|[from] item: Leftovers\n|-damage|p2a: Audino|69\/100|[from] Leech Seed|[of] p1b: Toadette\n|-sideend|p2: Mistery Gold|Reflect\n|upkeep\n|\n|t:|1697691548\n|switch|p2b: Lapras|Lapras, M|65\/100\n|turn|21\n|\n|t:|1697691562\n|move|p2a: Audino|Helping Hand|p2b: Lapras\n|-singleturn|p2b: Lapras|Helping Hand|[of] p2a: Audino\n|move|p1b: Toadette|Giga Drain|p2a: Audino\n|-damage|p2a: Audino|51\/100\n|move|p1a: Weave|Psyshock|p2a: Audino\n|-damage|p2a: Audino|4\/100\n|move|p2b: Lapras|Hydro Pump|p1a: Weave\n|-damage|p1a: Weave|14\/100\n|\n|-heal|p2a: Audino|10\/100|[from] item: Leftovers\n|-heal|p2b: Lapras|71\/100|[from] item: Leftovers\n|-damage|p2a: Audino|0 fnt|[from] Leech Seed|[of] p1b: Toadette\n|faint|p2a: Audino\n|upkeep\n|turn|22\n|inactive|Mistery Gold has 90 seconds left.\n|\n|t:|1697691579\n|move|p1b: Toadette|Pollen Puff|p1a: Weave\n|-heal|p1a: Weave|64\/100\n|move|p1a: Weave|Psyshock|p2b: Lapras\n|-damage|p2b: Lapras|23\/100\n|move|p2b: Lapras|Hydro Pump|p1a: Weave\n|-damage|p1a: Weave|17\/100\n|\n|-heal|p2b: Lapras|29\/100|[from] item: Leftovers\n|upkeep\n|turn|23\n|\n|t:|1697691591\n|move|p1b: Toadette|Giga Drain|p2b: Lapras\n|-supereffective|p2b: Lapras\n|-damage|p2b: Lapras|0 fnt\n|faint|p2b: Lapras\n|\n|win|clefa1209\n|raw|clefa1209's rating: 1033 &rarr; <strong>1065<\/strong><br \/>(+32 for winning)\n|raw|Mistery Gold's rating: 1000 &rarr; <strong>1000<\/strong><br \/>(+0 for losing)\n","uploadtime":1697690729,"views":3,"p1id":"clefa1209","p2id":"misterygold","formatid":"gen9nationaldexdoubles","rating":1000,"private":0,"password":""}