{"id":"gen9nationaldexdoubles-1964377968","p1":"Flashstepx2","p2":"the maraculous","format":"[Gen 9] National Dex Doubles","log":"|j|\u2606Flashstepx2\n|j|\u2606the maraculous\n|t:|1696963889\n|gametype|doubles\n|player|p1|Flashstepx2|steven|1064\n|player|p2|the maraculous|dragontamer|1353\n|teamsize|p1|6\n|teamsize|p2|6\n|gen|9\n|tier|[Gen 9] National Dex Doubles\n|rated|\n|rule|HP Percentage Mod: HP is shown in percentages\n|rule|Endless Battle Clause: Forcing endless battles is banned\n|rule|OHKO Clause: OHKO moves are banned\n|rule|Evasion Moves Clause: Evasion moves are banned\n|rule|Evasion Abilities Clause: Evasion abilities are banned\n|rule|Species Clause: Limit one of each Pok\u00e9mon\n|rule|Gravity Sleep Clause: The combination of sleep-inducing moves with imperfect accuracy and Gravity or Gigantamax Orbeetle are banned\n|clearpoke\n|poke|p1|Grapploct, F|\n|poke|p1|Deoxys-Defense|\n|poke|p1|Hatterene, F|\n|poke|p1|Zangoose, M|\n|poke|p1|Illumise, F|\n|poke|p1|Armarouge, F|\n|poke|p2|Xurkitree|\n|poke|p2|Iron Valiant|\n|poke|p2|Chandelure, F|\n|poke|p2|Landorus-Therian, M|\n|poke|p2|Kartana|\n|poke|p2|Farigiraf, M|\n|teampreview\n|\n|t:|1696963907\n|start\n|switch|p1a: Illumise|Illumise, F|100\/100\n|switch|p1b: Zangoose|Zangoose, M, shiny|100\/100\n|switch|p2a: Chandelure|Chandelure, F|100\/100\n|switch|p2b: Farigiraf|Farigiraf, M|100\/100\n|-item|p2a: Chandelure|Air Balloon\n|turn|1\n|\n|t:|1696963920\n|move|p1b: Zangoose|Protect|p1b: Zangoose\n|-singleturn|p1b: Zangoose|Protect\n|move|p1a: Illumise|Tailwind|p1a: Illumise\n|-sidestart|p1: Flashstepx2|move: Tailwind\n|move|p2a: Chandelure|Flamethrower|p1a: Illumise\n|-supereffective|p1a: Illumise\n|-damage|p1a: Illumise|0 fnt\n|faint|p1a: Illumise\n|move|p2b: Farigiraf|Nasty Plot|p2b: Farigiraf\n|-boost|p2b: Farigiraf|spa|2\n|\n|-status|p1b: Zangoose|tox|[from] item: Toxic Orb\n|upkeep\n|\n|t:|1696963941\n|switch|p1a: Deoxys|Deoxys-Defense|100\/100\n|-ability|p1a: Deoxys|Pressure\n|turn|2\n|\n|t:|1696963952\n|move|p1b: Zangoose|Facade|p2b: Farigiraf\n|-damage|p2b: Farigiraf|0 fnt\n|faint|p2b: Farigiraf\n|move|p1a: Deoxys|Cosmic Power|p1a: Deoxys\n|-boost|p1a: Deoxys|def|1\n|-boost|p1a: Deoxys|spd|1\n|move|p2a: Chandelure|Trick Room|p2a: Chandelure\n|-fieldstart|move: Trick Room|[of] p2a: Chandelure\n|\n|-damage|p1b: Zangoose|95\/100 tox|[from] psn\n|upkeep\n|\n|t:|1696963961\n|switch|p2b: Landorus|Landorus-Therian, M|100\/100\n|-ability|p2b: Landorus|Intimidate|boost\n|-unboost|p1a: Deoxys|atk|1\n|-unboost|p1b: Zangoose|atk|1\n|turn|3\n|\n|t:|1696963973\n|move|p2a: Chandelure|Shadow Ball|p1a: Deoxys\n|-supereffective|p1a: Deoxys\n|-damage|p1a: Deoxys|43\/100\n|move|p2b: Landorus|Knock Off|p1a: Deoxys\n|-supereffective|p1a: Deoxys\n|-damage|p1a: Deoxys|1\/100\n|-enditem|p1a: Deoxys|Leftovers|[from] move: Knock Off|[of] p2b: Landorus\n|move|p1a: Deoxys|Light Screen|p1a: Deoxys\n|-sidestart|p1: Flashstepx2|move: Light Screen\n|move|p1b: Zangoose|Facade|p2b: Landorus\n|-damage|p2b: Landorus|10\/100\n|\n|-damage|p1b: Zangoose|83\/100 tox|[from] psn\n|upkeep\n|turn|4\n|\n|t:|1696964015\n|move|p2a: Chandelure|Flamethrower|p1b: Zangoose\n|-damage|p1b: Zangoose|19\/100 tox\n|move|p2b: Landorus|U-turn|p1a: Deoxys\n|-supereffective|p1a: Deoxys\n|-crit|p1a: Deoxys\n|-damage|p1a: Deoxys|0 fnt\n|faint|p1a: Deoxys\n|\n|t:|1696964029\n|switch|p2b: Xurkitree|Xurkitree|100\/100|[from] U-turn\n|move|p1b: Zangoose|Fire Punch|p2a: Chandelure\n|-start|p2a: Chandelure|ability: Flash Fire\n|\n|-damage|p1b: Zangoose|2\/100 tox|[from] psn\n|-sideend|p1: Flashstepx2|move: Tailwind\n|upkeep\n|\n|t:|1696964064\n|switch|p1a: Hatterene|Hatterene, F|100\/100\n|turn|5\n|\n|t:|1696964082\n|move|p1a: Hatterene|Dark Pulse|p2a: Chandelure\n|-supereffective|p2a: Chandelure\n|-damage|p2a: Chandelure|18\/100\n|-enditem|p2a: Chandelure|Air Balloon\n|move|p2a: Chandelure|Shadow Ball|p1a: Hatterene\n|-supereffective|p1a: Hatterene\n|-damage|p1a: Hatterene|28\/100\n|move|p1b: Zangoose|Facade|p2b: Xurkitree\n|-damage|p2b: Xurkitree|0 fnt\n|faint|p2b: Xurkitree\n|\n|-damage|p1b: Zangoose|0 fnt|[from] psn\n|faint|p1b: Zangoose\n|upkeep\n|\n|t:|1696964102\n|switch|p1b: Armarouge|Armarouge, F, shiny|100\/100\n|switch|p2b: Landorus|Landorus-Therian, M|10\/100\n|-ability|p2b: Landorus|Intimidate|boost\n|-unboost|p1a: Hatterene|atk|1\n|-unboost|p1b: Armarouge|atk|1\n|turn|6\n|\n|t:|1696964115\n|move|p1b: Armarouge|Ally Switch|p1b: Armarouge\n|swap|p1b: Armarouge|0|[from] move: Ally Switch\n|move|p1b: Hatterene|Dazzling Gleam|p2a: Chandelure|[spread] p2a,p2b\n|-resisted|p2a: Chandelure\n|-damage|p2a: Chandelure|0 fnt\n|-damage|p2b: Landorus|0 fnt\n|faint|p2a: Chandelure\n|faint|p2b: Landorus\n|\n|-fieldend|move: Trick Room\n|upkeep\n|\n|t:|1696964125\n|switch|p2b: Iron Valiant|Iron Valiant|100\/100\n|switch|p2a: Kartana|Kartana|100\/100\n|turn|7\n|\n|t:|1696964162\n|move|p2b: Iron Valiant|Moonblast|p1a: Armarouge\n|-resisted|p1a: Armarouge\n|-damage|p1a: Armarouge|81\/100\n|-damage|p2b: Iron Valiant|91\/100|[from] item: Life Orb\n|move|p2a: Kartana|Smart Strike|p1b: Hatterene\n|-supereffective|p1b: Hatterene\n|-damage|p1b: Hatterene|0 fnt\n|faint|p1b: Hatterene\n|-ability|p2a: Kartana|Beast Boost|boost\n|-boost|p2a: Kartana|atk|1\n|move|p1a: Armarouge|Armor Cannon|p2a: Kartana\n|-supereffective|p2a: Kartana\n|-enditem|p2a: Kartana|Focus Sash\n|-damage|p2a: Kartana|1\/100\n|-unboost|p1a: Armarouge|def|1\n|-unboost|p1a: Armarouge|spd|1\n|\n|-heal|p1a: Armarouge|87\/100|[from] item: Leftovers\n|-sideend|p1: Flashstepx2|move: Light Screen\n|upkeep\n|\n|t:|1696964181\n|switch|p1b: Grapploct|Grapploct, F|100\/100\n|turn|8\n|\n|t:|1696964202\n|-terastallize|p2a: Kartana|Grass\n|move|p1a: Armarouge|Ally Switch|p1a: Armarouge\n|swap|p1a: Armarouge|1|[from] move: Ally Switch\n|move|p2b: Iron Valiant|Moonblast|p1b: Armarouge\n|-resisted|p1b: Armarouge\n|-damage|p1b: Armarouge|38\/100\n|-damage|p2b: Iron Valiant|81\/100|[from] item: Life Orb\n|move|p2a: Kartana|Leaf Blade|p1a: Grapploct\n|-damage|p1a: Grapploct|0 fnt\n|faint|p1a: Grapploct\n|-ability|p2a: Kartana|Beast Boost|boost\n|-boost|p2a: Kartana|atk|1\n|\n|-heal|p1b: Armarouge|44\/100|[from] item: Leftovers\n|upkeep\n|turn|9\n|-message|Flashstepx2 forfeited.\n|\n|win|the maraculous\n|raw|Flashstepx2's rating: 1064 &rarr; <strong>1058<\/strong><br \/>(-6 for losing)\n|raw|the maraculous's rating: 1353 &rarr; <strong>1359<\/strong><br \/>(+6 for winning)\n|l|\u2606Flashstepx2\n","uploadtime":1696964225,"views":6,"p1id":"flashstepx2","p2id":"themaraculous","formatid":"gen9nationaldexdoubles","rating":1058,"private":0,"password":""}