{"id":"gen9nationaldexdoubles-1997810498","p1":"Androiddxx","p2":"Andres624342","format":"[Gen 9] National Dex Doubles","log":"|j|\u2606Androiddxx\n|j|\u2606Andres624342\n|t:|1700855162\n|gametype|doubles\n|player|p1|Androiddxx|lucas|1071\n|player|p2|Andres624342|266|1073\n|teamsize|p1|6\n|teamsize|p2|6\n|gen|9\n|tier|[Gen 9] National Dex Doubles\n|rated|\n|rule|HP Percentage Mod: HP is shown in percentages\n|rule|Endless Battle Clause: Forcing endless battles is banned\n|rule|OHKO Clause: OHKO moves are banned\n|rule|Evasion Moves Clause: Evasion moves are banned\n|rule|Evasion Abilities Clause: Evasion abilities are banned\n|rule|Species Clause: Limit one of each Pok\u00e9mon\n|rule|Gravity Sleep Clause: The combination of sleep-inducing moves with imperfect accuracy and Gravity or Gigantamax Orbeetle are banned\n|clearpoke\n|poke|p1|Swampert, F|\n|poke|p1|Raichu, M|\n|poke|p1|Hitmontop, M|\n|poke|p1|Sceptile, F|\n|poke|p1|Incineroar, M|\n|poke|p1|Metagross|\n|poke|p2|Sawsbuck, F|\n|poke|p2|Torkoal, M|\n|poke|p2|Wigglytuff, M|\n|poke|p2|Lycanroc, F|\n|poke|p2|Tangrowth, M|\n|poke|p2|Indeedee-F, F|\n|teampreview\n|\n|t:|1700855173\n|start\n|switch|p1a: Hitmontop|Hitmontop, M|100\/100\n|switch|p1b: Metagross|Metagross|100\/100\n|switch|p2a: Torkoal|Torkoal, M|100\/100\n|switch|p2b: Sawsbuck|Sawsbuck, F|100\/100\n|-weather|SunnyDay|[from] ability: Drought|[of] p2a: Torkoal\n|turn|1\n|\n|t:|1700855195\n|-terastallize|p2b: Sawsbuck|Ghost\n|move|p2b: Sawsbuck|Fake Tears|p1b: Metagross\n|-fail|p1b: Metagross|unboost|[from] ability: Clear Body|[of] p1b: Metagross\n|move|p1b: Metagross|Psycho Cut|p2a: Torkoal\n|-damage|p2a: Torkoal|73\/100\n|move|p1a: Hitmontop|Triple Axel|p2b: Sawsbuck\n|-damage|p2b: Sawsbuck|88\/100\n|-damage|p2b: Sawsbuck|65\/100\n|-damage|p2b: Sawsbuck|35\/100\n|-hitcount|p2b: Sawsbuck|3\n|move|p2a: Torkoal|Heat Wave|p1b: Metagross|[spread] p1a\n|-miss|p2a: Torkoal|p1b: Metagross\n|-damage|p1a: Hitmontop|45\/100\n|\n|-weather|SunnyDay|[upkeep]\n|-heal|p2a: Torkoal|79\/100|[from] item: Leftovers\n|upkeep\n|turn|2\n|\n|t:|1700855221\n|move|p2b: Sawsbuck|Fake Tears|p1b: Metagross\n|-fail|p1b: Metagross|unboost|[from] ability: Clear Body|[of] p1b: Metagross\n|move|p1b: Metagross|Brick Break|p2a: Torkoal\n|-damage|p2a: Torkoal|59\/100\n|move|p1a: Hitmontop|Triple Axel|p2b: Sawsbuck\n|-damage|p2b: Sawsbuck|23\/100\n|-damage|p2b: Sawsbuck|2\/100\n|-damage|p2b: Sawsbuck|0 fnt\n|faint|p2b: Sawsbuck\n|-hitcount|p2: Sawsbuck|3\n|move|p2a: Torkoal|Heat Wave|p1a: Hitmontop|[spread] p1a,p1b\n|-supereffective|p1b: Metagross\n|-damage|p1a: Hitmontop|0 fnt\n|-damage|p1b: Metagross|0 fnt\n|faint|p1a: Hitmontop\n|faint|p1b: Metagross\n|\n|-weather|SunnyDay|[upkeep]\n|-heal|p2a: Torkoal|65\/100|[from] item: Leftovers\n|upkeep\n|\n|t:|1700855245\n|switch|p1b: Sceptile|Sceptile, F|100\/100\n|switch|p1a: Swampert|Swampert, F|100\/100\n|switch|p2b: Lycanroc|Lycanroc, F|100\/100\n|turn|3\n|inactive|Battle timer is ON: inactive players will automatically lose when time's up. (requested by Androiddxx)\n|\n|t:|1700855261\n|move|p1b: Sceptile|Leaf Blade|p2b: Lycanroc\n|-supereffective|p2b: Lycanroc\n|-damage|p2b: Lycanroc|0 fnt\n|faint|p2b: Lycanroc\n|move|p1a: Swampert|Earthquake|p2a: Torkoal|[spread] p1b,p2a\n|-resisted|p1b: Sceptile\n|-supereffective|p2a: Torkoal\n|-damage|p1b: Sceptile|72\/100\n|-damage|p2a: Torkoal|16\/100\n|move|p2a: Torkoal|Solar Beam||[still]\n|-prepare|p2a: Torkoal|Solar Beam\n|-anim|p2a: Torkoal|Solar Beam|p2: Lycanroc|[notarget]\n|-fail|p2a: Torkoal\n|\n|-weather|SunnyDay|[upkeep]\n|-heal|p2a: Torkoal|22\/100|[from] item: Leftovers\n|upkeep\n|\n|t:|1700855276\n|switch|p2b: Tangrowth|Tangrowth, M|100\/100\n|turn|4\n|\n|t:|1700855302\n|switch|p1b: Incineroar|Incineroar, M|100\/100\n|-item|p1b: Incineroar|Air Balloon\n|move|p1a: Swampert|Waterfall|p2a: Torkoal\n|-supereffective|p2a: Torkoal\n|-damage|p2a: Torkoal|0 fnt\n|faint|p2a: Torkoal\n|move|p2b: Tangrowth|Power Whip|p1a: Swampert\n|-supereffective|p1a: Swampert\n|-enditem|p1a: Swampert|Focus Sash\n|-damage|p1a: Swampert|1\/100\n|\n|-weather|SunnyDay|[upkeep]\n|upkeep\n|inactive|Andres624342 has 120 seconds left.\n|\n|t:|1700855320\n|switch|p2a: Wigglytuff|Wigglytuff, M|100\/100\n|turn|5\n|\n|t:|1700855334\n|move|p1b: Incineroar|Fire Punch|p2b: Tangrowth\n|-supereffective|p2b: Tangrowth\n|-damage|p2b: Tangrowth|15\/100\n|move|p1a: Swampert|Endeavor|p2a: Wigglytuff\n|-damage|p2a: Wigglytuff|1\/100\n|move|p2b: Tangrowth|Earthquake|p1b: Incineroar|[spread] p2a,p1a\n|-immune|p1b: Incineroar\n|-damage|p2a: Wigglytuff|0 fnt\n|-damage|p1a: Swampert|0 fnt\n|faint|p2a: Wigglytuff\n|faint|p1a: Swampert\n|\n|-weather|none\n|-heal|p2b: Tangrowth|21\/100|[from] item: Leftovers\n|upkeep\n|\n|t:|1700855352\n|switch|p1a: Sceptile|Sceptile, F|72\/100\n|switch|p2a: Indeedee|Indeedee-F, F|100\/100\n|turn|6\n|\n|t:|1700855362\n|move|p1a: Sceptile|Dragon Claw|p2b: Tangrowth\n|-damage|p2b: Tangrowth|6\/100\n|move|p1b: Incineroar|Attract|p2a: Indeedee\n|-start|p2a: Indeedee|Attract\n|-activate|p2a: Indeedee|move: Attract|[of] p1b: Incineroar\n|move|p2a: Indeedee|Draining Kiss|p1b: Incineroar\n|-damage|p1b: Incineroar|86\/100\n|-enditem|p1b: Incineroar|Air Balloon\n|move|p2b: Tangrowth|Earthquake|p1b: Incineroar|[spread] p2a,p1a,p1b\n|-resisted|p1a: Sceptile\n|-supereffective|p1b: Incineroar\n|-damage|p2a: Indeedee|72\/100\n|-damage|p1a: Sceptile|53\/100\n|-damage|p1b: Incineroar|36\/100\n|\n|-heal|p2b: Tangrowth|12\/100|[from] item: Leftovers\n|upkeep\n|turn|7\n|\n|t:|1700855384\n|-activate|p2a: Indeedee|move: Attract|[of] p1b: Incineroar\n|cant|p2a: Indeedee|Attract\n|move|p1a: Sceptile|Leaf Blade|p2a: Indeedee\n|-damage|p2a: Indeedee|22\/100\n|-enditem|p2a: Indeedee|Sitrus Berry|[eat]\n|-heal|p2a: Indeedee|47\/100|[from] item: Sitrus Berry\n|move|p1b: Incineroar|Fire Punch|p2b: Tangrowth\n|-supereffective|p2b: Tangrowth\n|-damage|p2b: Tangrowth|0 fnt\n|faint|p2b: Tangrowth\n|\n|upkeep\n|turn|8\n|\n|t:|1700855401\n|-activate|p2a: Indeedee|move: Attract|[of] p1b: Incineroar\n|cant|p2a: Indeedee|Attract\n|move|p1a: Sceptile|Leaf Blade|p2a: Indeedee\n|-damage|p2a: Indeedee|0 fnt\n|faint|p2a: Indeedee\n|\n|win|Androiddxx\n|raw|Androiddxx's rating: 1071 &rarr; <strong>1101<\/strong><br \/>(+30 for winning)\n|raw|Andres624342's rating: 1073 &rarr; <strong>1052<\/strong><br \/>(-21 for losing)\n","uploadtime":1700855425,"views":5,"p1id":"androiddxx","p2id":"andres624342","formatid":"gen9nationaldexdoubles","rating":1052,"private":0,"password":""}