{"id":"gen9nationaldexdoubles-1958106438","p1":"Lejix","p2":"Dooooooooooooood","format":"[Gen 9] National Dex Doubles","log":"|j|\u2606Lejix\n|j|\u2606Dooooooooooooood\n|t:|1696288517\n|gametype|doubles\n|player|p1|Lejix|hugh|\n|player|p2|Dooooooooooooood|unknown|\n|teamsize|p1|6\n|teamsize|p2|6\n|gen|9\n|tier|[Gen 9] National Dex Doubles\n|rule|HP Percentage Mod: HP is shown in percentages\n|rule|Endless Battle Clause: Forcing endless battles is banned\n|rule|OHKO Clause: OHKO moves are banned\n|rule|Evasion Moves Clause: Evasion moves are banned\n|rule|Evasion Abilities Clause: Evasion abilities are banned\n|rule|Species Clause: Limit one of each Pok\u00e9mon\n|rule|Gravity Sleep Clause: The combination of sleep-inducing moves with imperfect accuracy and Gravity or Gigantamax Orbeetle are banned\n|clearpoke\n|poke|p1|Clawitzer, M|\n|poke|p1|Carbink|\n|poke|p1|Leafeon, F|\n|poke|p1|Gholdengo|\n|poke|p1|Scream Tail|\n|poke|p1|Cinderace, M|\n|poke|p2|Garganacl, M|\n|poke|p2|Hippowdon, F|\n|poke|p2|Gastrodon, F|\n|poke|p2|Dugtrio, M|\n|poke|p2|Slowbro, M|\n|poke|p2|Sableye, M|\n|teampreview\n|j| ULTRA Nights\n|j| Aesthetic Chills\n|inactive|Battle timer is ON: inactive players will automatically lose when time's up. (requested by Dooooooooooooood)\n|\n|t:|1696288639\n|start\n|switch|p1a: Clawitzer|Clawitzer, M|100\/100\n|switch|p1b: Scream Tail|Scream Tail|100\/100\n|switch|p2a: Steve|Garganacl, M|100\/100\n|switch|p2b: Hungry Hippo|Hippowdon, F|100\/100\n|-weather|Sandstorm|[from] ability: Sand Stream|[of] p2b: Hungry Hippo\n|turn|1\n|inactive|Lejix has 270 seconds left.\n|inactive|Dooooooooooooood has 270 seconds left.\n|inactive|Dooooooooooooood has 240 seconds left.\n|\n|t:|1696288712\n|switch|p2a: Goober|Gastrodon, F|100\/100\n|move|p1b: Scream Tail|Fake Tears|p2a: Goober\n|-unboost|p2a: Goober|spd|2\n|move|p1a: Clawitzer|Water Pulse|p2a: Goober\n|-ability|p2a: Goober|Storm Drain|boost\n|-boost|p2a: Goober|spa|1\n|move|p2b: Hungry Hippo|Stealth Rock|p1b: Scream Tail\n|-sidestart|p1: Lejix|move: Stealth Rock\n|\n|-weather|Sandstorm|[upkeep]\n|-damage|p1b: Scream Tail|94\/100|[from] Sandstorm\n|-damage|p1a: Clawitzer|94\/100|[from] Sandstorm\n|-heal|p1b: Scream Tail|100\/100|[from] item: Leftovers\n|upkeep\n|turn|2\n|inactive|Lejix has 270 seconds left.\n|inactive|Dooooooooooooood has 240 seconds left.\n|\n|t:|1696288731\n|move|p1b: Scream Tail|Thunder Wave|p2a: Goober\n|-immune|p2a: Goober\n|move|p1a: Clawitzer|Water Pulse|p2a: Goober\n|-activate|p2a: Goober|ability: Storm Drain\n|-ability|p2a: Goober|Storm Drain|boost\n|-boost|p2a: Goober|spa|1\n|move|p2a: Goober|Earth Power|p1a: Clawitzer\n|-damage|p1a: Clawitzer|11\/100\n|move|p2b: Hungry Hippo|Whirlwind|p1b: Scream Tail\n|-end|p1b: Scream Tail|Protosynthesis|[silent]\n|drag|p1b: Gholdengo|Gholdengo|100\/100\n|\n|-weather|Sandstorm|[upkeep]\n|-damage|p1a: Clawitzer|5\/100|[from] Sandstorm\n|upkeep\n|turn|3\n|inactive|Lejix has 270 seconds left.\n|inactive|Dooooooooooooood has 240 seconds left.\n|inactive|Lejix has 240 seconds left.\n|\n|t:|1696288798\n|switch|p1a: Carbink|Carbink|100\/100\n|-damage|p1a: Carbink|88\/100|[from] Stealth Rock\n|switch|p2b: ChillBro|Slowbro, M|100\/100\n|move|p1b: Gholdengo|Protect|p1b: Gholdengo\n|-singleturn|p1b: Gholdengo|Protect\n|move|p2a: Goober|Earth Power|p1b: Gholdengo\n|-activate|p1b: Gholdengo|move: Protect\n|\n|-weather|Sandstorm|[upkeep]\n|upkeep\n|turn|4\n|inactive|Lejix has 240 seconds left.\n|\n|t:|1696288837\n|switch|p1b: Leafeon|Leafeon, F|100\/100\n|move|p2a: Goober|Earth Power|p1b: Leafeon\n|-resisted|p1b: Leafeon\n|-crit|p1b: Leafeon\n|-damage|p1b: Leafeon|16\/100\n|move|p2b: ChillBro|Scald|p2a: Goober\n|-activate|p2a: Goober|ability: Storm Drain\n|-ability|p2a: Goober|Storm Drain|boost\n|-boost|p2a: Goober|spa|1\n|move|p1a: Carbink|Trick Room|p1a: Carbink\n|-fieldstart|move: Trick Room|[of] p1a: Carbink\n|\n|-weather|Sandstorm|[upkeep]\n|-damage|p1b: Leafeon|10\/100|[from] Sandstorm\n|upkeep\n|turn|5\n|inactive|Lejix has 240 seconds left.\n|inactive|Dooooooooooooood has 270 seconds left.\n|\n|t:|1696288860\n|move|p1a: Carbink|Ally Switch|p1a: Carbink\n|swap|p1a: Carbink|1|[from] move: Ally Switch\n|move|p2b: ChillBro|Psychic|p1b: Carbink\n|-damage|p1b: Carbink|73\/100\n|move|p2a: Goober|Earth Power|p1a: Leafeon\n|-resisted|p1a: Leafeon\n|-damage|p1a: Leafeon|0 fnt\n|faint|p1a: Leafeon\n|\n|-weather|none\n|upkeep\n|inactive|Lejix has 210 seconds left.\n|inactive|Lejix has 180 seconds left.\n|inactive|Lejix has 150 seconds left.\n|\n|t:|1696288962\n|switch|p1a: Gholdengo|Gholdengo|100\/100\n|turn|6\n|inactive|Dooooooooooooood has 270 seconds left.\n|\n|t:|1696288985\n|move|p2b: ChillBro|Scald|p2a: Goober\n|-activate|p2a: Goober|ability: Storm Drain\n|-ability|p2a: Goober|Storm Drain|boost\n|-boost|p2a: Goober|spa|1\n|move|p2a: Goober|Earth Power|p1a: Gholdengo\n|-supereffective|p1a: Gholdengo\n|-damage|p1a: Gholdengo|0 fnt\n|faint|p1a: Gholdengo\n|move|p1b: Carbink|Trick Room|p1b: Carbink\n|-fieldend|move: Trick Room\n|\n|upkeep\n|inactive|Lejix has 150 seconds left.\n|\n|t:|1696289017\n|switch|p1a: Cinderace|Cinderace, M|100\/100\n|-damage|p1a: Cinderace|76\/100|[from] Stealth Rock\n|turn|7\n|inactive|Lejix has 150 seconds left.\n|\n|t:|1696289045\n|move|p1a: Cinderace|Double-Edge|p2a: Goober\n|-start|p1a: Cinderace|typechange|Normal|[from] ability: Libero\n|-damage|p2a: Goober|42\/100\n|-damage|p1a: Cinderace|48\/100|[from] Recoil\n|move|p1b: Carbink|Body Press|p2a: Goober\n|-damage|p2a: Goober|6\/100\n|move|p2a: Goober|Earth Power|p1a: Cinderace\n|-damage|p1a: Cinderace|0 fnt\n|faint|p1a: Cinderace\n|move|p2b: ChillBro|Teleport|p2b: ChillBro\n|inactive|Dooooooooooooood has 270 seconds left.\n|\n|t:|1696289055\n|switch|p2b: Gamer|Sableye, M|100\/100|[from] Teleport\n|\n|upkeep\n|inactive|Lejix has 150 seconds left.\n|\n|t:|1696289062\n|switch|p1a: Scream Tail|Scream Tail|100\/100\n|-damage|p1a: Scream Tail|88\/100|[from] Stealth Rock\n|turn|8\n|\n|t:|1696289084\n|move|p2b: Gamer|Fake Out|p1a: Scream Tail\n|-damage|p1a: Scream Tail|82\/100\n|cant|p1a: Scream Tail|flinch\n|move|p1b: Carbink|Stealth Rock|p2b: Gamer\n|-sidestart|p2: Dooooooooooooood|move: Stealth Rock\n|move|p2a: Goober|Earth Power|p1a: Scream Tail\n|-damage|p1a: Scream Tail|6\/100\n|\n|-heal|p1a: Scream Tail|12\/100|[from] item: Leftovers\n|upkeep\n|turn|9\n|\n|t:|1696289105\n|move|p2b: Gamer|Quash|p1a: Scream Tail\n|-activate|p1a: Scream Tail|move: Quash\n|move|p1b: Carbink|Stealth Rock||[still]\n|-fail|p1b: Carbink\n|move|p2a: Goober|Earth Power|p1a: Scream Tail\n|-damage|p1a: Scream Tail|0 fnt\n|faint|p1a: Scream Tail\n|-end|p1a: Scream Tail|Protosynthesis|[silent]\n|\n|upkeep\n|\n|t:|1696289114\n|switch|p1a: Clawitzer|Clawitzer, M|5\/100\n|-damage|p1a: Clawitzer|0 fnt|[from] Stealth Rock\n|faint|p1a: Clawitzer\n|turn|10\n|inactive|Lejix has 180 seconds left.\n|\n|t:|1696289124\n|move|p2b: Gamer|Quash|p1b: Carbink\n|-activate|p1b: Carbink|move: Quash\n|move|p2a: Goober|Earth Power|p1b: Carbink\n|-supereffective|p1b: Carbink\n|-damage|p1b: Carbink|0 fnt\n|faint|p1b: Carbink\n|\n|win|Dooooooooooooood\n|l|\u2606Lejix\n|l| ULTRA Nights\n","uploadtime":1696289615,"views":10,"p1id":"lejix","p2id":"dooooooooooooood","formatid":"gen9nationaldexdoubles","rating":0,"private":0,"password":""}