{"id":"gen9nationaldexdoubles-1961554351","p1":"V-Creating Victory","p2":"Moldy kk","format":"[Gen 9] National Dex Doubles","log":"|j|\u2606V-Creating Victory\n|j|\u2606Moldy kk\n|t:|1696637193\n|gametype|doubles\n|player|p1|V-Creating Victory|1|1285\n|player|p2|Moldy kk|crasherwake|1224\n|teamsize|p1|6\n|teamsize|p2|6\n|gen|9\n|tier|[Gen 9] National Dex Doubles\n|rated|\n|rule|HP Percentage Mod: HP is shown in percentages\n|rule|Endless Battle Clause: Forcing endless battles is banned\n|rule|OHKO Clause: OHKO moves are banned\n|rule|Evasion Moves Clause: Evasion moves are banned\n|rule|Evasion Abilities Clause: Evasion abilities are banned\n|rule|Species Clause: Limit one of each Pok\u00e9mon\n|rule|Gravity Sleep Clause: The combination of sleep-inducing moves with imperfect accuracy and Gravity or Gigantamax Orbeetle are banned\n|clearpoke\n|poke|p1|Pidgeot, M|\n|poke|p1|Rhyperior, F|\n|poke|p1|Ninetales-Alola, F|\n|poke|p1|Rotom-Heat|\n|poke|p1|Munchlax, F|\n|poke|p1|Kingambit, M|\n|poke|p2|Regigigas|\n|poke|p2|Weezing-Galar, M|\n|poke|p2|Blastoise, F|\n|poke|p2|Clefairy, F|\n|poke|p2|Celesteela|\n|poke|p2|Archeops, M|\n|teampreview\n|inactive|Battle timer is ON: inactive players will automatically lose when time's up. (requested by Moldy kk)\n|c|\u2606V-Creating Victory|Good luck and have fun\n|c|\u2606Moldy kk|glhf!\n|\n|t:|1696637210\n|start\n|switch|p1a: Ninetales|Ninetales-Alola, F|100\/100\n|switch|p1b: Rhyperior|Rhyperior, F|100\/100\n|switch|p2a: Weezing|Weezing-Galar, M|100\/100\n|switch|p2b: Regigigas|Regigigas|100\/100\n|-ability|p2a: Weezing|Neutralizing Gas\n|turn|1\n|\n|t:|1696637231\n|move|p1a: Ninetales|Protect|p1a: Ninetales\n|-singleturn|p1a: Ninetales|Protect\n|move|p2b: Regigigas|Knock Off|p1a: Ninetales\n|-activate|p1a: Ninetales|move: Protect\n|move|p2a: Weezing|Sludge Bomb|p1a: Ninetales\n|-activate|p1a: Ninetales|move: Protect\n|move|p1b: Rhyperior|Earthquake|p2b: Regigigas|[spread] p2a,p2b\n|-activate|p1a: Ninetales|move: Protect\n|-supereffective|p2a: Weezing\n|-damage|p2a: Weezing|7\/100\n|-damage|p2b: Regigigas|61\/100\n|-enditem|p2a: Weezing|Sitrus Berry|[eat]\n|-heal|p2a: Weezing|31\/100|[from] item: Sitrus Berry\n|\n|upkeep\n|turn|2\n|\n|t:|1696637249\n|move|p1a: Ninetales|Blizzard|p2a: Weezing|[spread] \n|-miss|p1a: Ninetales|p2a: Weezing\n|-miss|p1a: Ninetales|p2b: Regigigas\n|move|p2b: Regigigas|Knock Off|p1a: Ninetales\n|-resisted|p1a: Ninetales\n|-damage|p1a: Ninetales|65\/100\n|-enditem|p1a: Ninetales|Light Clay|[from] move: Knock Off|[of] p2b: Regigigas\n|-damage|p2b: Regigigas|51\/100|[from] item: Life Orb\n|move|p2a: Weezing|Sludge Bomb|p1a: Ninetales\n|-supereffective|p1a: Ninetales\n|-damage|p1a: Ninetales|0 fnt\n|faint|p1a: Ninetales\n|move|p1b: Rhyperior|Rock Slide|p2b: Regigigas|[spread] p2a,p2b\n|-damage|p2a: Weezing|0 fnt\n|-damage|p2b: Regigigas|23\/100\n|faint|p2a: Weezing\n|-end|p2a: Weezing|ability: Neutralizing Gas\n|-start|p2b: Regigigas|ability: Slow Start\n|\n|upkeep\n|c|\u2606V-Creating Victory|awesome blizzard\n|\n|t:|1696637268\n|switch|p1a: Pidgeot|Pidgeot, M|100\/100\n|switch|p2a: Clefairy|Clefairy, F|100\/100\n|turn|3\n|\n|t:|1696637277\n|detailschange|p1a: Pidgeot|Pidgeot-Mega, M\n|-mega|p1a: Pidgeot|Pidgeot|Pidgeotite\n|move|p2a: Clefairy|Follow Me|p2a: Clefairy\n|-singleturn|p2a: Clefairy|move: Follow Me\n|move|p1a: Pidgeot|Heat Wave|p2b: Regigigas|[spread] p2a,p2b\n|-damage|p2a: Clefairy|84\/100\n|-damage|p2b: Regigigas|7\/100\n|move|p2b: Regigigas|Drain Punch|p1b: Rhyperior\n|-supereffective|p1b: Rhyperior\n|-damage|p1b: Rhyperior|80\/100\n|-heal|p2b: Regigigas|20\/100|[from] drain|[of] p1b: Rhyperior\n|-enditem|p1b: Rhyperior|Weakness Policy\n|-boost|p1b: Rhyperior|atk|2|[from] item: Weakness Policy\n|-boost|p1b: Rhyperior|spa|2|[from] item: Weakness Policy\n|-damage|p2b: Regigigas|10\/100|[from] item: Life Orb\n|move|p1b: Rhyperior|Earthquake|p2b: Regigigas|[spread] p2a,p2b\n|-immune|p1a: Pidgeot\n|-damage|p2a: Clefairy|0 fnt\n|-damage|p2b: Regigigas|0 fnt\n|faint|p2a: Clefairy\n|faint|p2b: Regigigas\n|-end|p2b: Regigigas|Slow Start|[silent]\n|\n|upkeep\n|c|\u2606Moldy kk|LMAOO\n|\n|t:|1696637291\n|switch|p2b: Blastoise|Blastoise, F|100\/100\n|switch|p2a: Celesteela|Celesteela|100\/100\n|turn|4\n|\n|t:|1696637308\n|-terastallize|p2a: Celesteela|Flying\n|move|p1a: Pidgeot|Heat Wave|p2b: Blastoise|[spread] p2a,p2b\n|-resisted|p2b: Blastoise\n|-damage|p2a: Celesteela|78\/100\n|-damage|p2b: Blastoise|86\/100\n|move|p2b: Blastoise|Muddy Water|p1b: Rhyperior|[spread] p1a,p1b\n|-supereffective|p1b: Rhyperior\n|-crit|p1b: Rhyperior\n|-damage|p1a: Pidgeot|64\/100\n|-damage|p1b: Rhyperior|0 fnt\n|faint|p1b: Rhyperior\n|move|p2a: Celesteela|Autotomize|p2a: Celesteela\n|-boost|p2a: Celesteela|spe|2\n|-start|p2a: Celesteela|Autotomize\n|\n|upkeep\n|\n|t:|1696637316\n|switch|p1b: Rotom|Rotom-Heat|100\/100\n|turn|5\n|\n|t:|1696637343\n|move|p1a: Pidgeot|Protect|p1a: Pidgeot\n|-singleturn|p1a: Pidgeot|Protect\n|move|p1b: Rotom|Volt Switch|p2a: Celesteela\n|-supereffective|p2a: Celesteela\n|-damage|p2a: Celesteela|23\/100\n|-enditem|p2a: Celesteela|Weakness Policy\n|-boost|p2a: Celesteela|atk|2|[from] item: Weakness Policy\n|-boost|p2a: Celesteela|spa|2|[from] item: Weakness Policy\n|\n|t:|1696637348\n|switch|p1b: Munchlax|Munchlax, F|100\/100|[from] Volt Switch\n|move|p2a: Celesteela|Air Slash|p1b: Munchlax\n|-damage|p1b: Munchlax|64\/100\n|move|p2b: Blastoise|Muddy Water|p1a: Pidgeot|[spread] p1b\n|-activate|p1a: Pidgeot|move: Protect\n|-damage|p1b: Munchlax|53\/100\n|-unboost|p1b: Munchlax|accuracy|1\n|\n|upkeep\n|turn|6\n|\n|t:|1696637363\n|move|p2a: Celesteela|Flamethrower|p1a: Pidgeot\n|-damage|p1a: Pidgeot|0 fnt\n|faint|p1a: Pidgeot\n|-ability|p2a: Celesteela|Beast Boost|boost\n|-boost|p2a: Celesteela|spa|1\n|move|p2b: Blastoise|Shell Smash|p2b: Blastoise\n|-unboost|p2b: Blastoise|def|1\n|-unboost|p2b: Blastoise|spd|1\n|-boost|p2b: Blastoise|atk|2\n|-boost|p2b: Blastoise|spa|2\n|-boost|p2b: Blastoise|spe|2\n|-enditem|p2b: Blastoise|White Herb\n|-clearnegativeboost|p2b: Blastoise|[silent]\n|move|p1b: Munchlax|Body Slam|p2a: Celesteela\n|-damage|p2a: Celesteela|0 fnt\n|faint|p2a: Celesteela\n|\n|upkeep\n|\n|t:|1696637370\n|switch|p1a: Rotom|Rotom-Heat|100\/100\n|switch|p2a: Archeops|Archeops, M|100\/100\n|turn|7\n|\n|t:|1696637383\n|move|p2b: Blastoise|Muddy Water|p1b: Munchlax|[spread] p1a,p1b\n|-supereffective|p1a: Rotom\n|-damage|p1a: Rotom|0 fnt\n|-damage|p1b: Munchlax|32\/100\n|faint|p1a: Rotom\n|move|p2a: Archeops|Meteor Beam||[still]\n|-prepare|p2a: Archeops|Meteor Beam\n|-boost|p2a: Archeops|spa|1\n|-enditem|p2a: Archeops|Power Herb\n|-anim|p2a: Archeops|Meteor Beam|p1b: Munchlax\n|-damage|p1b: Munchlax|0 fnt\n|faint|p1b: Munchlax\n|\n|upkeep\n|\n|t:|1696637387\n|switch|p1b: Kingambit|Kingambit, M|100\/100\n|-activate|p1b: Kingambit|ability: Supreme Overlord\n|-start|p1b: Kingambit|fallen5|[silent]\n|turn|8\n|\n|t:|1696637397\n|-terastallize|p1b: Kingambit|Dark\n|move|p1b: Kingambit|Sucker Punch|p2b: Blastoise\n|-damage|p2b: Blastoise|0 fnt\n|faint|p2b: Blastoise\n|move|p2a: Archeops|Earth Power|p1b: Kingambit\n|-damage|p1b: Kingambit|58\/100\n|\n|-heal|p1b: Kingambit|65\/100|[from] item: Leftovers\n|upkeep\n|turn|9\n|c|\u2606V-Creating Victory|gg\n|\n|t:|1696637407\n|move|p1b: Kingambit|Sucker Punch|p2a: Archeops\n|-damage|p2a: Archeops|0 fnt\n|faint|p2a: Archeops\n|\n|win|V-Creating Victory\n|raw|V-Creating Victory's rating: 1285 &rarr; <strong>1306<\/strong><br \/>(+21 for winning)\n|raw|Moldy kk's rating: 1224 &rarr; <strong>1203<\/strong><br \/>(-21 for losing)\n|l|\u2606Moldy kk\n|c|\u2606V-Creating Victory|Kingambit is a fair pokemon\n","uploadtime":1696637418,"views":12,"p1id":"vcreatingvictory","p2id":"moldykk","formatid":"gen9nationaldexdoubles","rating":1203,"private":0,"password":""}