{"id":"gen9nationaldexdoubles-1986281221","p1":"Patatas6712","p2":"Jdjdbdnd","format":"[Gen 9] National Dex Doubles","log":"|j|\u2606Patatas6712\n|j|\u2606Jdjdbdnd\n|t:|1699465865\n|gametype|doubles\n|player|p1|Patatas6712|riley|1128\n|player|p2|Jdjdbdnd|1|1000\n|teamsize|p1|6\n|teamsize|p2|6\n|gen|9\n|tier|[Gen 9] National Dex Doubles\n|rated|\n|rule|HP Percentage Mod: HP is shown in percentages\n|rule|Endless Battle Clause: Forcing endless battles is banned\n|rule|OHKO Clause: OHKO moves are banned\n|rule|Evasion Moves Clause: Evasion moves are banned\n|rule|Evasion Abilities Clause: Evasion abilities are banned\n|rule|Species Clause: Limit one of each Pok\u00e9mon\n|rule|Gravity Sleep Clause: The combination of sleep-inducing moves with imperfect accuracy and Gravity or Gigantamax Orbeetle are banned\n|clearpoke\n|poke|p1|Rillaboom, M|\n|poke|p1|Sceptile, F|\n|poke|p1|Armarouge, F|\n|poke|p1|Indeedee-F, F|\n|poke|p1|Sneasler, F|\n|poke|p1|Jirachi|\n|poke|p2|Eevee, M|\n|poke|p2|Butterfree, F|\n|poke|p2|Sceptile, F|\n|poke|p2|Gardevoir, F|\n|poke|p2|Gyarados, F|\n|poke|p2|Goodra, F|\n|teampreview\n|\n|t:|1699465904\n|start\n|switch|p1a: Indeedee|Indeedee-F, F|100\/100\n|switch|p1b: Armarouge|Armarouge, F|100\/100\n|switch|p2a: Eevee|Eevee, M|100\/100\n|switch|p2b: Gardevoir|Gardevoir, F|100\/100\n|-fieldstart|move: Psychic Terrain|[from] ability: Psychic Surge|[of] p1a: Indeedee\n|-enditem|p1b: Armarouge|Psychic Seed\n|-boost|p1b: Armarouge|spd|1|[from] item: Psychic Seed\n|-ability|p2b: Gardevoir|Flash Fire|[from] ability: Trace|[of] p1b: Armarouge\n|turn|1\n|inactive|Battle timer is ON: inactive players will automatically lose when time's up. (requested by Patatas6712)\n|\n|t:|1699465947\n|move|p2a: Eevee|Helping Hand|p2b: Gardevoir\n|-singleturn|p2b: Gardevoir|Helping Hand|[of] p2a: Eevee\n|move|p1a: Indeedee|Expanding Force|p2b: Gardevoir|[spread] p2a,p2b\n|-resisted|p2b: Gardevoir\n|-damage|p2a: Eevee|25\/100\n|-damage|p2b: Gardevoir|74\/100\n|move|p2b: Gardevoir|Dazzling Gleam|p1b: Armarouge|[spread] p1a,p1b\n|-resisted|p1b: Armarouge\n|-damage|p1a: Indeedee|51\/100\n|-damage|p1b: Armarouge|89\/100\n|move|p1b: Armarouge|Expanding Force|p2b: Gardevoir|[spread] p2a,p2b\n|-resisted|p2b: Gardevoir\n|-damage|p2a: Eevee|0 fnt\n|-damage|p2b: Gardevoir|48\/100\n|faint|p2a: Eevee\n|\n|upkeep\n|\n|t:|1699465962\n|switch|p2a: Gyarados|Gyarados, F|100\/100\n|-ability|p2a: Gyarados|Intimidate|boost\n|-unboost|p1a: Indeedee|atk|1\n|-unboost|p1b: Armarouge|atk|1\n|turn|2\n|\n|t:|1699465991\n|move|p1a: Indeedee|Follow Me|p1a: Indeedee\n|-singleturn|p1a: Indeedee|move: Follow Me\n|move|p2a: Gyarados|Crunch|p1a: Indeedee\n|-supereffective|p1a: Indeedee\n|-damage|p1a: Indeedee|0 fnt\n|faint|p1a: Indeedee\n|-damage|p2a: Gyarados|91\/100|[from] item: Life Orb\n|move|p2b: Gardevoir|Dazzling Gleam|p1b: Armarouge\n|-resisted|p1b: Armarouge\n|-crit|p1b: Armarouge\n|-damage|p1b: Armarouge|68\/100\n|move|p1b: Armarouge|Will-O-Wisp|p2a: Gyarados\n|-status|p2a: Gyarados|brn\n|\n|-damage|p2a: Gyarados|85\/100 brn|[from] brn\n|upkeep\n|inactive|Patatas6712 has 120 seconds left.\n|\n|t:|1699466007\n|switch|p1a: Jirachi|Jirachi|100\/100\n|-enditem|p1a: Jirachi|Psychic Seed\n|-boost|p1a: Jirachi|spd|1|[from] item: Psychic Seed\n|turn|3\n|\n|t:|1699466015\n|move|p1a: Jirachi|Expanding Force|p2a: Gyarados|[spread] p2a,p2b\n|-resisted|p2b: Gardevoir\n|-damage|p2a: Gyarados|34\/100 brn\n|-damage|p2b: Gardevoir|20\/100\n|move|p2a: Gyarados|Crunch|p1b: Armarouge\n|-supereffective|p1b: Armarouge\n|-damage|p1b: Armarouge|36\/100\n|-unboost|p1b: Armarouge|def|1\n|-damage|p2a: Gyarados|24\/100 brn|[from] item: Life Orb\n|move|p2b: Gardevoir|Icy Wind|p1a: Jirachi|[spread] p1a,p1b\n|-resisted|p1a: Jirachi\n|-resisted|p1b: Armarouge\n|-damage|p1a: Jirachi|96\/100\n|-damage|p1b: Armarouge|33\/100\n|-unboost|p1a: Jirachi|spe|1\n|-unboost|p1b: Armarouge|spe|1\n|move|p1b: Armarouge|Expanding Force|p2a: Gyarados|[spread] p2a,p2b\n|-resisted|p2b: Gardevoir\n|-damage|p2a: Gyarados|0 fnt\n|-damage|p2b: Gardevoir|0 fnt\n|faint|p2a: Gyarados\n|faint|p2b: Gardevoir\n|\n|upkeep\n|inactive|Jdjdbdnd has 120 seconds left.\n|\n|t:|1699466049\n|switch|p2a: Butterfree|Butterfree, F|100\/100\n|switch|p2b: Sceptile|Sceptile, F|100\/100\n|turn|4\n|\n|t:|1699466059\n|move|p2b: Sceptile|Protect|p2b: Sceptile\n|-singleturn|p2b: Sceptile|Protect\n|move|p1a: Jirachi|Follow Me|p1a: Jirachi\n|-singleturn|p1a: Jirachi|move: Follow Me\n|move|p2a: Butterfree|Sleep Powder|p1a: Jirachi\n|-status|p1a: Jirachi|slp|[from] move: Sleep Powder\n|move|p1b: Armarouge|Armor Cannon|p2b: Sceptile\n|-activate|p2b: Sceptile|move: Protect\n|\n|upkeep\n|turn|5\n|\n|t:|1699466078\n|detailschange|p2b: Sceptile|Sceptile-Mega, F\n|-mega|p2b: Sceptile|Sceptile|Sceptilite\n|cant|p1a: Jirachi|slp\n|move|p2b: Sceptile|Rock Tomb|p1b: Armarouge\n|-supereffective|p1b: Armarouge\n|-damage|p1b: Armarouge|0 fnt\n|faint|p1b: Armarouge\n|move|p2a: Butterfree|Bug Buzz|p1a: Jirachi\n|-damage|p1a: Jirachi|76\/100 slp\n|\n|upkeep\n|\n|t:|1699466090\n|switch|p1b: Rillaboom|Rillaboom, M|100\/100\n|-fieldstart|move: Grassy Terrain|[from] ability: Grassy Surge|[of] p1b: Rillaboom\n|turn|6\n|inactive|Jdjdbdnd has 120 seconds left.\n|\n|t:|1699466120\n|move|p1b: Rillaboom|Fake Out|p2a: Butterfree\n|-damage|p2a: Butterfree|76\/100\n|cant|p1a: Jirachi|slp\n|move|p2b: Sceptile|Rock Tomb|p1b: Rillaboom\n|-damage|p1b: Rillaboom|85\/100\n|-unboost|p1b: Rillaboom|spe|1\n|cant|p2a: Butterfree|flinch\n|\n|-heal|p1a: Jirachi|82\/100 slp|[from] Grassy Terrain\n|-heal|p1b: Rillaboom|91\/100|[from] Grassy Terrain\n|upkeep\n|turn|7\n|\n|t:|1699466145\n|switch|p2a: Goodra|Goodra, F|100\/100\n|move|p2b: Sceptile|Energy Ball|p2a: Goodra\n|-ability|p2a: Goodra|Sap Sipper|boost\n|-boost|p2a: Goodra|atk|1\n|-curestatus|p1a: Jirachi|slp|[msg]\n|move|p1a: Jirachi|Dazzling Gleam|p2b: Sceptile|[spread] p2a,p2b\n|-supereffective|p2a: Goodra\n|-supereffective|p2b: Sceptile\n|-damage|p2a: Goodra|86\/100\n|-damage|p2b: Sceptile|57\/100\n|move|p1b: Rillaboom|Wood Hammer|p2a: Goodra\n|-ability|p2a: Goodra|Sap Sipper|boost\n|-boost|p2a: Goodra|atk|1\n|\n|-heal|p2b: Sceptile|63\/100|[from] Grassy Terrain\n|-heal|p1a: Jirachi|88\/100|[from] Grassy Terrain\n|-heal|p2a: Goodra|92\/100|[from] Grassy Terrain\n|-heal|p1b: Rillaboom|97\/100|[from] Grassy Terrain\n|upkeep\n|turn|8\n|\n|t:|1699466173\n|switch|p1b: Sneasler|Sneasler, F|100\/100\n|move|p2b: Sceptile|Rock Tomb|p1a: Jirachi\n|-resisted|p1a: Jirachi\n|-damage|p1a: Jirachi|81\/100\n|-unboost|p1a: Jirachi|spe|1\n|move|p2a: Goodra|Iron Tail|p1b: Sneasler\n|-damage|p1b: Sneasler|8\/100\n|move|p1a: Jirachi|Dazzling Gleam|p2b: Sceptile|[spread] p2a,p2b\n|-supereffective|p2a: Goodra\n|-supereffective|p2b: Sceptile\n|-damage|p2a: Goodra|78\/100\n|-damage|p2b: Sceptile|19\/100\n|\n|-heal|p2b: Sceptile|25\/100|[from] Grassy Terrain\n|-heal|p1b: Sneasler|14\/100|[from] Grassy Terrain\n|-heal|p2a: Goodra|84\/100|[from] Grassy Terrain\n|-heal|p1a: Jirachi|87\/100|[from] Grassy Terrain\n|upkeep\n|turn|9\n|inactive|Jdjdbdnd has 120 seconds left.\n|\n|t:|1699466203\n|move|p1b: Sneasler|Fake Out|p2a: Goodra\n|-damage|p2a: Goodra|65\/100\n|move|p2b: Sceptile|Rock Tomb|p1b: Sneasler\n|-resisted|p1b: Sneasler\n|-damage|p1b: Sneasler|1\/100\n|-unboost|p1b: Sneasler|spe|1\n|cant|p2a: Goodra|flinch\n|move|p1a: Jirachi|Dazzling Gleam|p2b: Sceptile|[spread] p2a,p2b\n|-supereffective|p2a: Goodra\n|-crit|p2a: Goodra\n|-supereffective|p2b: Sceptile\n|-damage|p2a: Goodra|41\/100\n|-damage|p2b: Sceptile|0 fnt\n|faint|p2b: Sceptile\n|\n|-heal|p1b: Sneasler|7\/100|[from] Grassy Terrain\n|-heal|p2a: Goodra|47\/100|[from] Grassy Terrain\n|-heal|p1a: Jirachi|93\/100|[from] Grassy Terrain\n|upkeep\n|inactive|Jdjdbdnd has 120 seconds left.\n|\n|t:|1699466214\n|switch|p2b: Butterfree|Butterfree, F|76\/100\n|turn|10\n|\n|t:|1699466229\n|move|p1a: Jirachi|Follow Me|p1a: Jirachi\n|-singleturn|p1a: Jirachi|move: Follow Me\n|move|p2b: Butterfree|Sleep Powder|p1a: Jirachi\n|-status|p1a: Jirachi|slp|[from] move: Sleep Powder\n|move|p1b: Sneasler|Dire Claw|p2b: Butterfree\n|-damage|p2b: Butterfree|0 fnt\n|faint|p2b: Butterfree\n|move|p2a: Goodra|Dragon Tail|p1a: Jirachi\n|-resisted|p1a: Jirachi\n|-damage|p1a: Jirachi|69\/100 slp\n|drag|p1a: Sceptile|Sceptile, F|100\/100\n|-enditem|p1a: Sceptile|Grassy Seed\n|-boost|p1a: Sceptile|def|1|[from] item: Grassy Seed\n|\n|-heal|p1b: Sneasler|13\/100|[from] Grassy Terrain\n|-heal|p2a: Goodra|54\/100|[from] Grassy Terrain\n|upkeep\n|turn|11\n|\n|t:|1699466250\n|move|p1a: Sceptile|Dragon Pulse|p2a: Goodra\n|-supereffective|p2a: Goodra\n|-damage|p2a: Goodra|31\/100\n|move|p1b: Sneasler|Close Combat|p2a: Goodra\n|-damage|p2a: Goodra|0 fnt\n|-unboost|p1b: Sneasler|def|1\n|-unboost|p1b: Sneasler|spd|1\n|faint|p2a: Goodra\n|\n|win|Patatas6712\n|raw|Patatas6712's rating: 1128 &rarr; <strong>1144<\/strong><br \/>(+16 for winning)\n|raw|Jdjdbdnd's rating: 1000 &rarr; <strong>1000<\/strong><br \/>(+0 for losing)\n|c|\u2606Patatas6712|GG\n|l|\u2606Jdjdbdnd\n","uploadtime":1699466262,"views":5,"p1id":"patatas6712","p2id":"jdjdbdnd","formatid":"gen9nationaldexdoubles","rating":1000,"private":0,"password":""}