{"id":"gen9nationaldexdoubles-1956246236","p1":"german_mg53","p2":"VenusTatas","format":"[Gen 9] National Dex Doubles","log":"|j|\u2606german_mg53\n|j|\u2606VenusTatas\n|t:|1696089323\n|gametype|doubles\n|player|p1|german_mg53|saturn|\n|player|p2|VenusTatas|cynthia|\n|teamsize|p1|6\n|teamsize|p2|6\n|gen|9\n|tier|[Gen 9] National Dex Doubles\n|rule|HP Percentage Mod: HP is shown in percentages\n|rule|Endless Battle Clause: Forcing endless battles is banned\n|rule|OHKO Clause: OHKO moves are banned\n|rule|Evasion Moves Clause: Evasion moves are banned\n|rule|Evasion Abilities Clause: Evasion abilities are banned\n|rule|Species Clause: Limit one of each Pok\u00e9mon\n|rule|Gravity Sleep Clause: The combination of sleep-inducing moves with imperfect accuracy and Gravity or Gigantamax Orbeetle are banned\n|clearpoke\n|poke|p1|Flygon, M|\n|poke|p1|Eelektross, M|\n|poke|p1|Orthworm, F|\n|poke|p1|Lilligant-Hisui, F|\n|poke|p1|Charizard, F|\n|poke|p1|Pachirisu, M|\n|poke|p2|Ursaluna-Bloodmoon, M|\n|poke|p2|Sinistcha|\n|poke|p2|Yanmega, F|\n|poke|p2|Infernape, M|\n|poke|p2|Dragonite, M|\n|poke|p2|Samurott-Hisui, F|\n|teampreview\n|j| PJewe\n|j| harvestmarc\n|c|\u2606german_mg53|pachu risoto\n|\n|t:|1696089404\n|start\n|switch|p1a: longaniza|Charizard, F|100\/100\n|switch|p1b: bailonga|Lilligant-Hisui, F|100\/100\n|switch|p2a: dep|Dragonite, M|100\/100\n|switch|p2b: edgy|Ursaluna-Bloodmoon, M|100\/100\n|turn|1\n|c| harvestmarc|pachuruso\n|\n|t:|1696089449\n|detailschange|p1a: longaniza|Charizard-Mega-Y, F\n|-mega|p1a: longaniza|Charizard|Charizardite Y\n|-weather|SunnyDay|[from] ability: Drought|[of] p1a: longaniza\n|move|p1b: bailonga|Ice Spinner|p2a: dep\n|-supereffective|p2a: dep\n|-damage|p2a: dep|43\/100\n|move|p1a: longaniza|Heat Wave|p2b: edgy|[spread] p2a,p2b\n|-resisted|p2a: dep\n|-damage|p2a: dep|9\/100\n|-damage|p2b: edgy|51\/100\n|move|p2a: dep|Ice Spinner|p1b: bailonga\n|-supereffective|p1b: bailonga\n|-damage|p1b: bailonga|0 fnt\n|faint|p1b: bailonga\n|move|p2b: edgy|Blood Moon|p1a: longaniza\n|-damage|p1a: longaniza|13\/100\n|\n|-weather|SunnyDay|[upkeep]\n|upkeep\n|\n|t:|1696089478\n|switch|p1b: arantxa|Flygon, M|100\/100\n|turn|2\n|\n|t:|1696089489\n|move|p1b: arantxa|Quick Attack|p2a: dep\n|-damage|p2a: dep|0 fnt\n|faint|p2a: dep\n|-damage|p1b: arantxa|91\/100|[from] item: Life Orb\n|move|p1a: longaniza|Solar Beam||[still]\n|-prepare|p1a: longaniza|Solar Beam\n|-anim|p1a: longaniza|Solar Beam|p2b: edgy\n|-supereffective|p2b: edgy\n|-damage|p2b: edgy|0 fnt\n|faint|p2b: edgy\n|\n|-weather|SunnyDay|[upkeep]\n|upkeep\n|\n|t:|1696089507\n|switch|p2a: :3|Yanmega, F|100\/100\n|switch|p2b: macaco|Infernape, M|100\/100\n|turn|3\n|\n|t:|1696089534\n|move|p2a: :3|Protect|p2a: :3\n|-singleturn|p2a: :3|Protect\n|move|p2b: macaco|Thunder Punch|p1a: longaniza\n|-supereffective|p1a: longaniza\n|-crit|p1a: longaniza\n|-damage|p1a: longaniza|0 fnt\n|faint|p1a: longaniza\n|-damage|p2b: macaco|91\/100|[from] item: Life Orb\n|move|p1b: arantxa|Rock Slide|p2b: macaco|[spread] p2b\n|-activate|p2a: :3|move: Protect\n|-damage|p2b: macaco|62\/100\n|-damage|p1b: arantxa|81\/100|[from] item: Life Orb\n|\n|-weather|SunnyDay|[upkeep]\n|-ability|p2a: :3|Speed Boost|boost\n|-boost|p2a: :3|spe|1\n|upkeep\n|\n|t:|1696089548\n|switch|p1a: radiolo|Eelektross, M|100\/100\n|turn|4\n|\n|t:|1696089573\n|switch|p2a: hehe|Sinistcha|100\/100\n|-heal|p2b: macaco|87\/100|[from] ability: Hospitality|[of] p2a: hehe\n|move|p2b: macaco|Protect|p2b: macaco\n|-singleturn|p2b: macaco|Protect\n|move|p1b: arantxa|Earthquake|p2b: macaco|[spread] p2a\n|-activate|p2b: macaco|move: Protect\n|-immune|p1a: radiolo|[from] ability: Levitate\n|-resisted|p2a: hehe\n|-damage|p2a: hehe|88\/100\n|-damage|p1b: arantxa|71\/100|[from] item: Life Orb\n|move|p1a: radiolo|Discharge|p2a: hehe|[spread] p2a\n|-activate|p2b: macaco|move: Protect\n|-immune|p1b: arantxa\n|-resisted|p2a: hehe\n|-damage|p2a: hehe|77\/100\n|\n|-weather|SunnyDay|[upkeep]\n|-heal|p2a: hehe|83\/100|[from] item: Leftovers\n|upkeep\n|turn|5\n|\n|t:|1696089604\n|move|p2b: macaco|Drain Punch|p1b: arantxa\n|-damage|p1b: arantxa|13\/100\n|-heal|p2b: macaco|100\/100|[from] drain|[of] p1b: arantxa\n|-damage|p2b: macaco|91\/100|[from] item: Life Orb\n|move|p1b: arantxa|Earthquake|p2b: macaco|[spread] p2a,p2b\n|-immune|p1a: radiolo|[from] ability: Levitate\n|-resisted|p2a: hehe\n|-supereffective|p2b: macaco\n|-damage|p2a: hehe|70\/100\n|-damage|p2b: macaco|0 fnt\n|faint|p2b: macaco\n|-damage|p1b: arantxa|4\/100|[from] item: Life Orb\n|move|p2a: hehe|Matcha Gotcha|p1b: arantxa|[spread] p1a,p1b\n|-damage|p1a: radiolo|88\/100\n|-heal|p2a: hehe|77\/100|[from] drain|[of] p1a: radiolo\n|-damage|p1b: arantxa|0 fnt\n|-heal|p2a: hehe|79\/100|[from] drain|[of] p1b: arantxa\n|faint|p1b: arantxa\n|move|p1a: radiolo|Discharge|p2a: hehe\n|-resisted|p2a: hehe\n|-damage|p2a: hehe|61\/100\n|-status|p2a: hehe|par\n|\n|-weather|none\n|-heal|p2a: hehe|68\/100 par|[from] item: Leftovers\n|upkeep\n|\n|t:|1696089638\n|switch|p2b: antigua|Samurott-Hisui, F|100\/100\n|switch|p1b: mar|Pachirisu, M|100\/100\n|turn|6\n|\n|t:|1696089655\n|move|p2b: antigua|Protect|p2b: antigua\n|-singleturn|p2b: antigua|Protect\n|cant|p2a: hehe|par\n|move|p1b: mar|Nuzzle|p2b: antigua\n|-activate|p2b: antigua|move: Protect\n|move|p1a: radiolo|Discharge|p2a: hehe|[spread] p2a\n|-activate|p2b: antigua|move: Protect\n|-immune|p1b: mar|[from] ability: Volt Absorb\n|-resisted|p2a: hehe\n|-damage|p2a: hehe|56\/100 par\n|\n|-heal|p2a: hehe|62\/100 par|[from] item: Leftovers\n|upkeep\n|turn|7\n|\n|t:|1696089675\n|-terastallize|p2b: antigua|Bug\n|move|p1b: mar|Nuzzle|p2b: antigua\n|-damage|p2b: antigua|96\/100\n|-status|p2b: antigua|par\n|move|p2b: antigua|X-Scissor|p1a: radiolo\n|-damage|p1a: radiolo|29\/100\n|move|p1a: radiolo|Discharge|p2a: hehe|[spread] p2a,p2b\n|-immune|p1b: mar|[from] ability: Volt Absorb\n|-resisted|p2a: hehe\n|-damage|p2a: hehe|50\/100 par\n|-damage|p2b: antigua|64\/100 par\n|move|p2a: hehe|Matcha Gotcha|p1b: mar|[spread] p1a,p1b\n|-damage|p1a: radiolo|16\/100\n|-heal|p2a: hehe|57\/100 par|[from] drain|[of] p1a: radiolo\n|-damage|p1b: mar|72\/100\n|-heal|p2a: hehe|70\/100 par|[from] drain|[of] p1b: mar\n|\n|-heal|p2b: antigua|70\/100 par|[from] item: Leftovers\n|-heal|p2a: hehe|76\/100 par|[from] item: Leftovers\n|upkeep\n|turn|8\n|\n|t:|1696089712\n|move|p1b: mar|Super Fang|p2b: antigua\n|-damage|p2b: antigua|35\/100 par\n|move|p2b: antigua|Ceaseless Edge|p1a: radiolo\n|-damage|p1a: radiolo|0 fnt\n|-sidestart|p1: german_mg53|Spikes\n|faint|p1a: radiolo\n|move|p2a: hehe|Matcha Gotcha|p1b: mar\n|-damage|p1b: mar|33\/100\n|-heal|p2a: hehe|94\/100 par|[from] drain|[of] p1b: mar\n|\n|-heal|p2b: antigua|42\/100 par|[from] item: Leftovers\n|-heal|p2a: hehe|100\/100 par|[from] item: Leftovers\n|upkeep\n|\n|t:|1696089724\n|switch|p1a: sorpresiva|Orthworm, F|100\/100\n|-damage|p1a: sorpresiva|88\/100|[from] Spikes\n|turn|9\n|\n|t:|1696089737\n|switch|p2a: :3|Yanmega, F|100\/100\n|move|p2b: antigua|Protect|p2b: antigua\n|-singleturn|p2b: antigua|Protect\n|move|p1b: mar|Super Fang|p2b: antigua\n|-activate|p2b: antigua|move: Protect\n|move|p1a: sorpresiva|Iron Head|p2a: :3\n|-damage|p2a: :3|73\/100\n|\n|-heal|p2b: antigua|48\/100 par|[from] item: Leftovers\n|upkeep\n|turn|10\n|\n|t:|1696089762\n|switch|p2a: hehe|Sinistcha|100\/100 par\n|-heal|p2b: antigua|73\/100 par|[from] ability: Hospitality|[of] p2a: hehe\n|move|p1b: mar|Nuzzle|p2a: hehe\n|-resisted|p2a: hehe\n|-damage|p2a: hehe|99\/100 par\n|move|p1a: sorpresiva|Wrap|p2b: antigua\n|-damage|p2b: antigua|69\/100 par\n|-activate|p2b: antigua|move: Wrap|[of] p1a: sorpresiva\n|move|p2b: antigua|X-Scissor|p1a: sorpresiva\n|-resisted|p1a: sorpresiva\n|-damage|p1a: sorpresiva|73\/100\n|\n|-heal|p2b: antigua|75\/100 par|[from] item: Leftovers\n|-heal|p2a: hehe|100\/100 par|[from] item: Leftovers\n|-damage|p2b: antigua|62\/100 par|[from] move: Wrap|[partiallytrapped]\n|upkeep\n|turn|11\n|\n|t:|1696089787\n|move|p1b: mar|Super Fang|p2b: antigua\n|-damage|p2b: antigua|32\/100 par\n|move|p1a: sorpresiva|Iron Head|p2a: hehe\n|-damage|p2a: hehe|85\/100 par\n|move|p2b: antigua|Ceaseless Edge|p1b: mar\n|-damage|p1b: mar|0 fnt\n|-sidestart|p1: german_mg53|Spikes\n|faint|p1b: mar\n|move|p2a: hehe|Shadow Ball|p1a: sorpresiva\n|-damage|p1a: sorpresiva|19\/100\n|\n|-heal|p2b: antigua|38\/100 par|[from] item: Leftovers\n|-heal|p2a: hehe|91\/100 par|[from] item: Leftovers\n|-damage|p2b: antigua|25\/100 par|[from] move: Wrap|[partiallytrapped]\n|upkeep\n|turn|12\n|\n|t:|1696089808\n|move|p1a: sorpresiva|Iron Head|p2a: hehe\n|-damage|p2a: hehe|73\/100 par\n|move|p2b: antigua|Ceaseless Edge|p1a: sorpresiva\n|-damage|p1a: sorpresiva|0 fnt\n|-sidestart|p1: german_mg53|Spikes\n|faint|p1a: sorpresiva\n|\n|win|VenusTatas\n","uploadtime":1696089818,"views":10,"p1id":"germanmg53","p2id":"venustatas","formatid":"gen9nationaldexdoubles","rating":0,"private":0,"password":""}