{"id":"gen9nationaldexdoubles-1999241964","p1":"dmddo wogus","p2":"Art5623","format":"[Gen 9] National Dex Doubles","log":"|j|\u2606dmddo wogus\n|j|\u2606Art5623\n|t:|1701049720\n|gametype|doubles\n|player|p1|dmddo wogus|rosa|1139\n|player|p2|Art5623|hilbert|1005\n|teamsize|p1|6\n|teamsize|p2|6\n|gen|9\n|tier|[Gen 9] National Dex Doubles\n|rated|\n|rule|HP Percentage Mod: HP is shown in percentages\n|rule|Endless Battle Clause: Forcing endless battles is banned\n|rule|OHKO Clause: OHKO moves are banned\n|rule|Evasion Moves Clause: Evasion moves are banned\n|rule|Evasion Abilities Clause: Evasion abilities are banned\n|rule|Species Clause: Limit one of each Pok\u00e9mon\n|rule|Gravity Sleep Clause: The combination of sleep-inducing moves with imperfect accuracy and Gravity or Gigantamax Orbeetle are banned\n|clearpoke\n|poke|p1|Metagross|\n|poke|p1|Farigiraf, F|\n|poke|p1|Rhyperior, F|\n|poke|p1|Bruxish, F|\n|poke|p1|Primarina, F|\n|poke|p1|Reuniclus, F|\n|poke|p2|Primarina, M|\n|poke|p2|Diggersby, M|\n|poke|p2|Talonflame, M|\n|poke|p2|Luxray, M|\n|poke|p2|Azumarill, F|\n|poke|p2|Zoroark, M|\n|teampreview\n|inactive|Battle timer is ON: inactive players will automatically lose when time's up. (requested by Art5623)\n|\n|t:|1701049734\n|start\n|switch|p1a: Metagross|Metagross, shiny|100\/100\n|switch|p1b: Farigiraf|Farigiraf, F, shiny|100\/100\n|switch|p2a: Primarino|Primarina, M|100\/100\n|switch|p2b: Azumarill|Azumarill, F|100\/100\n|turn|1\n|\n|t:|1701049758\n|move|p2a: Primarino|Night Daze|p1a: Metagross\n|-supereffective|p1a: Metagross\n|-damage|p1a: Metagross|22\/100\n|move|p2b: Azumarill|Superpower|p1b: Farigiraf\n|-damage|p1b: Farigiraf|82\/100\n|-unboost|p2b: Azumarill|atk|1\n|-unboost|p2b: Azumarill|def|1\n|move|p1a: Metagross|Meteor Beam||[still]\n|-prepare|p1a: Metagross|Meteor Beam\n|-boost|p1a: Metagross|spa|1\n|-enditem|p1a: Metagross|Power Herb\n|-anim|p1a: Metagross|Meteor Beam|p2a: Primarino\n|-enditem|p2a: Primarino|Focus Sash\n|-damage|p2a: Primarino|1\/100\n|replace|p2a: Zoroark|Zoroark, M\n|-end|p2a: Zoroark|Illusion\n|move|p1b: Farigiraf|Trick Room|p1b: Farigiraf\n|-fieldstart|move: Trick Room|[of] p1b: Farigiraf\n|\n|upkeep\n|turn|2\n|\n|t:|1701049786\n|move|p1b: Farigiraf|Dazzling Gleam|p2b: Azumarill|[spread] p2a,p2b\n|-supereffective|p2a: Zoroark\n|-damage|p2a: Zoroark|0 fnt\n|-damage|p2b: Azumarill|85\/100\n|faint|p2a: Zoroark\n|move|p1a: Metagross|Flash Cannon|p2b: Azumarill\n|-damage|p2b: Azumarill|21\/100\n|-enditem|p2b: Azumarill|Sitrus Berry|[eat]\n|-heal|p2b: Azumarill|46\/100|[from] item: Sitrus Berry\n|move|p2b: Azumarill|Aqua Tail|p1a: Metagross|[miss]\n|-miss|p2b: Azumarill|p1a: Metagross\n|\n|upkeep\n|\n|t:|1701049800\n|switch|p2a: Diggersby|Diggersby, M|100\/100\n|turn|3\n|\n|t:|1701049808\n|move|p1b: Farigiraf|Psychic Terrain|p1b: Farigiraf\n|-fieldstart|move: Psychic Terrain\n|move|p1a: Metagross|Expanding Force|p2b: Azumarill|[spread] p2a,p2b\n|-crit|p2b: Azumarill\n|-damage|p2a: Diggersby|9\/100\n|-damage|p2b: Azumarill|0 fnt\n|faint|p2b: Azumarill\n|move|p2a: Diggersby|Earthquake|p1b: Farigiraf|[spread] p1a,p1b\n|-supereffective|p1a: Metagross\n|-damage|p1a: Metagross|0 fnt\n|-damage|p1b: Farigiraf|42\/100\n|-enditem|p1b: Farigiraf|Sitrus Berry|[eat]\n|-heal|p1b: Farigiraf|66\/100|[from] item: Sitrus Berry\n|faint|p1a: Metagross\n|\n|upkeep\n|\n|t:|1701049823\n|switch|p1a: Reuniclus|Reuniclus, F, shiny|100\/100\n|switch|p2b: Primarino|Primarina, M|100\/100\n|turn|4\n|\n|t:|1701049838\n|move|p1a: Reuniclus|Expanding Force|p2b: Primarino|[spread] p2a,p2b\n|-damage|p2a: Diggersby|0 fnt\n|-damage|p2b: Primarino|16\/100\n|faint|p2a: Diggersby\n|move|p1b: Farigiraf|Dazzling Gleam|p2b: Primarino\n|-damage|p2b: Primarino|0 fnt\n|faint|p2b: Primarino\n|\n|upkeep\n|\n|t:|1701049845\n|switch|p2a: Luxray|Luxray, M|100\/100\n|switch|p2b: Talonflame|Talonflame, M|100\/100\n|-ability|p2a: Luxray|Intimidate|boost\n|-unboost|p1a: Reuniclus|atk|1\n|-unboost|p1b: Farigiraf|atk|1\n|turn|5\n|\n|t:|1701049855\n|-terastallize|p1a: Reuniclus|Psychic\n|move|p1a: Reuniclus|Expanding Force|p2b: Talonflame|[spread] p2a,p2b\n|-damage|p2a: Luxray|0 fnt\n|-damage|p2b: Talonflame|0 fnt\n|faint|p2a: Luxray\n|faint|p2b: Talonflame\n|\n|win|dmddo wogus\n|raw|dmddo wogus's rating: 1139 &rarr; <strong>1155<\/strong><br \/>(+16 for winning)\n|raw|Art5623's rating: 1005 &rarr; <strong>1000<\/strong><br \/>(-5 for losing)\n|l|\u2606Art5623\n","uploadtime":1701049865,"views":6,"p1id":"dmddowogus","p2id":"art5623","formatid":"gen9nationaldexdoubles","rating":1000,"private":0,"password":""}