{"id":"gen9nationaldexdoubles-1959108079","p1":"liu641","p2":"fengkuangqishu","format":"[Gen 9] National Dex Doubles","log":"|j|\u2606liu641\n|j|\u2606fengkuangqishu\n|t:|1696387529\n|gametype|doubles\n|player|p1|liu641|cyrus|\n|player|p2|fengkuangqishu|dawn|\n|teamsize|p1|6\n|teamsize|p2|6\n|gen|9\n|tier|[Gen 9] National Dex Doubles\n|rule|HP Percentage Mod: HP is shown in percentages\n|rule|Endless Battle Clause: Forcing endless battles is banned\n|rule|OHKO Clause: OHKO moves are banned\n|rule|Evasion Moves Clause: Evasion moves are banned\n|rule|Evasion Abilities Clause: Evasion abilities are banned\n|rule|Species Clause: Limit one of each Pok\u00e9mon\n|rule|Gravity Sleep Clause: The combination of sleep-inducing moves with imperfect accuracy and Gravity or Gigantamax Orbeetle are banned\n|clearpoke\n|poke|p1|Ninetales-Alola, F|\n|poke|p1|Sandslash-Alola, M|\n|poke|p1|Delibird, F|\n|poke|p1|Abomasnow, M|\n|poke|p1|Glaceon, F|\n|poke|p1|Grimmsnarl, M|\n|poke|p2|Kommo-o, F|\n|poke|p2|Pangoro, M|\n|poke|p2|Flamigo, M|\n|poke|p2|Medicham, F|\n|poke|p2|Gholdengo|\n|poke|p2|Riolu, M|\n|teampreview\n|\n|t:|1696387544\n|start\n|switch|p1a: \u6bdb\u8338\u8338\u7684\u6b66\u7814|Ninetales-Alola, F|100\/100\n|switch|p1b: \u575a\u5982\u78d0\u77f3|Grimmsnarl, M|100\/100\n|switch|p2a: Medicham|Medicham, F|100\/100\n|switch|p2b: Kommo-o|Kommo-o, F|100\/100\n|-weather|Snow|[from] ability: Snow Warning|[of] p1a: \u6bdb\u8338\u8338\u7684\u6b66\u7814\n|turn|1\n|inactive|Battle timer is ON: inactive players will automatically lose when time's up. (requested by fengkuangqishu)\n|\n|t:|1696387569\n|detailschange|p2a: Medicham|Medicham-Mega, F\n|-mega|p2a: Medicham|Medicham|Medichamite\n|move|p2a: Medicham|Fake Out|p1a: \u6bdb\u8338\u8338\u7684\u6b66\u7814\n|-damage|p1a: \u6bdb\u8338\u8338\u7684\u6b66\u7814|76\/100\n|move|p1b: \u575a\u5982\u78d0\u77f3|Fake Out|p2b: Kommo-o\n|-damage|p2b: Kommo-o|92\/100\n|cant|p1a: \u6bdb\u8338\u8338\u7684\u6b66\u7814|flinch\n|cant|p2b: Kommo-o|flinch\n|\n|-weather|Snow|[upkeep]\n|upkeep\n|turn|2\n|\n|t:|1696387590\n|switch|p2b: Gholdengo|Gholdengo|100\/100\n|move|p2a: Medicham|Bullet Punch|p1a: \u6bdb\u8338\u8338\u7684\u6b66\u7814\n|-supereffective|p1a: \u6bdb\u8338\u8338\u7684\u6b66\u7814\n|-damage|p1a: \u6bdb\u8338\u8338\u7684\u6b66\u7814|0 fnt\n|faint|p1a: \u6bdb\u8338\u8338\u7684\u6b66\u7814\n|move|p1b: \u575a\u5982\u78d0\u77f3|Reflect|p1b: \u575a\u5982\u78d0\u77f3\n|-sidestart|p1: liu641|Reflect\n|\n|-weather|Snow|[upkeep]\n|upkeep\n|\n|t:|1696387601\n|switch|p1a: \ud83d\udc35\u747e\u7462|Glaceon, F|100\/100\n|turn|3\n|\n|t:|1696387616\n|move|p2a: Medicham|Bullet Punch|p1b: \u575a\u5982\u78d0\u77f3\n|-supereffective|p1b: \u575a\u5982\u78d0\u77f3\n|-damage|p1b: \u575a\u5982\u78d0\u77f3|64\/100\n|move|p1b: \u575a\u5982\u78d0\u77f3|Thunder Wave|p2a: Medicham\n|-status|p2a: Medicham|par\n|move|p2b: Gholdengo|Make It Rain|p1b: \u575a\u5982\u78d0\u77f3|[spread] p1a,p1b\n|-supereffective|p1a: \ud83d\udc35\u747e\u7462\n|-supereffective|p1b: \u575a\u5982\u78d0\u77f3\n|-damage|p1a: \ud83d\udc35\u747e\u7462|0 fnt\n|-damage|p1b: \u575a\u5982\u78d0\u77f3|0 fnt\n|-unboost|p2b: Gholdengo|spa|1\n|faint|p1a: \ud83d\udc35\u747e\u7462\n|faint|p1b: \u575a\u5982\u78d0\u77f3\n|\n|-weather|Snow|[upkeep]\n|upkeep\n|inactive|liu641 has 270 seconds left.\n|\n|t:|1696387637\n|switch|p1a: \u901f\u51bb\u5730\u9f20|Sandslash-Alola, M|100\/100\n|switch|p1b: \u5e03\u5305\u88b1|Delibird, F|100\/100\n|turn|4\n|\n|t:|1696387659\n|move|p1b: \u5e03\u5305\u88b1|Fake Out|p2a: Medicham\n|-damage|p2a: Medicham|87\/100 par\n|-zpower|p1a: \u901f\u51bb\u5730\u9f20\n|move|p1a: \u901f\u51bb\u5730\u9f20|Subzero Slammer|p2a: Medicham|[zeffect]\n|-crit|p2a: Medicham\n|-damage|p2a: Medicham|0 fnt\n|faint|p2a: Medicham\n|move|p2b: Gholdengo|Make It Rain|p1a: \u901f\u51bb\u5730\u9f20|[spread] p1a,p1b\n|-supereffective|p1b: \u5e03\u5305\u88b1\n|-damage|p1a: \u901f\u51bb\u5730\u9f20|27\/100\n|-damage|p1b: \u5e03\u5305\u88b1|0 fnt\n|-unboost|p2b: Gholdengo|spa|1\n|faint|p1b: \u5e03\u5305\u88b1\n|\n|-weather|Snow|[upkeep]\n|upkeep\n|\n|t:|1696387678\n|switch|p2a: Kommo-o|Kommo-o, F|92\/100\n|switch|p1b: \u54c8\u5947\u5e93|Abomasnow, M|100\/100\n|turn|5\n|\n|t:|1696387690\n|detailschange|p1b: \u54c8\u5947\u5e93|Abomasnow-Mega, M\n|-mega|p1b: \u54c8\u5947\u5e93|Abomasnow|Abomasite\n|move|p1a: \u901f\u51bb\u5730\u9f20|Earthquake|p2b: Gholdengo|[spread] p1b,p2a,p2b\n|-resisted|p1b: \u54c8\u5947\u5e93\n|-supereffective|p2b: Gholdengo\n|-damage|p1b: \u54c8\u5947\u5e93|96\/100\n|-damage|p2a: Kommo-o|74\/100\n|-damage|p2b: Gholdengo|55\/100\n|move|p2b: Gholdengo|Make It Rain|p1a: \u901f\u51bb\u5730\u9f20|[spread] p1a,p1b\n|-supereffective|p1b: \u54c8\u5947\u5e93\n|-damage|p1a: \u901f\u51bb\u5730\u9f20|0 fnt\n|-damage|p1b: \u54c8\u5947\u5e93|33\/100\n|-unboost|p2b: Gholdengo|spa|1\n|faint|p1a: \u901f\u51bb\u5730\u9f20\n|-zpower|p2a: Kommo-o\n|move|p2a: Kommo-o|Clangorous Soulblaze|p1b: \u54c8\u5947\u5e93|[zeffect]\n|-damage|p1b: \u54c8\u5947\u5e93|0 fnt\n|faint|p1b: \u54c8\u5947\u5e93\n|\n|win|fengkuangqishu\n|l|\u2606fengkuangqishu\n|j|\u2606fengkuangqishu\n|player|p2|fengkuangqishu|dawn\n","uploadtime":1696387721,"views":7,"p1id":"liu641","p2id":"fengkuangqishu","formatid":"gen9nationaldexdoubles","rating":0,"private":0,"password":""}