{"id":"gen9nationaldexdoubles-1966366105","p1":"zaschooldood2","p2":"iluvtrickroom","format":"[Gen 9] National Dex Doubles","log":"|j|\u2606zaschooldood2\n|j|\u2606iluvtrickroom\n|t:|1697175155\n|gametype|doubles\n|player|p1|zaschooldood2|schoolkid-gen4dp|1105\n|player|p2|iluvtrickroom|hilda|1031\n|teamsize|p1|6\n|teamsize|p2|6\n|gen|9\n|tier|[Gen 9] National Dex Doubles\n|rated|\n|rule|HP Percentage Mod: HP is shown in percentages\n|rule|Endless Battle Clause: Forcing endless battles is banned\n|rule|OHKO Clause: OHKO moves are banned\n|rule|Evasion Moves Clause: Evasion moves are banned\n|rule|Evasion Abilities Clause: Evasion abilities are banned\n|rule|Species Clause: Limit one of each Pok\u00e9mon\n|rule|Gravity Sleep Clause: The combination of sleep-inducing moves with imperfect accuracy and Gravity or Gigantamax Orbeetle are banned\n|clearpoke\n|poke|p1|Incineroar, F|\n|poke|p1|Blastoise, F|\n|poke|p1|Togekiss, F|\n|poke|p1|Kommo-o, F|\n|poke|p1|Tornadus, M|\n|poke|p1|Dunsparce, F|\n|poke|p2|Dusknoir, F|\n|poke|p2|Indeedee-F, F|\n|poke|p2|Yanmega, M|\n|poke|p2|Spiritomb, M|\n|poke|p2|Garchomp, F|\n|poke|p2|Torterra, M|\n|teampreview\n|\n|t:|1697175164\n|start\n|switch|p1a: Incineroar|Incineroar, F|100\/100\n|switch|p1b: Blastoise|Blastoise, F, shiny|100\/100\n|switch|p2a: Dusknoir|Dusknoir, F, shiny|100\/100\n|switch|p2b: Yanmega|Yanmega, M, shiny|100\/100\n|-ability|p1a: Incineroar|Intimidate|boost\n|-unboost|p2a: Dusknoir|atk|1\n|-unboost|p2b: Yanmega|atk|1\n|-item|p1a: Incineroar|Leftovers|[from] ability: Frisk|[of] p2a: Dusknoir|[identify]\n|-item|p1b: Blastoise|Lum Berry|[from] ability: Frisk|[of] p2a: Dusknoir|[identify]\n|turn|1\n|\n|t:|1697175196\n|move|p2b: Yanmega|U-turn|p1b: Blastoise\n|-damage|p1b: Blastoise|91\/100\n|\n|t:|1697175202\n|switch|p2b: Spiritomb|Spiritomb, M, shiny|100\/100|[from] U-turn\n|-ability|p2b: Spiritomb|Pressure\n|move|p1a: Incineroar|Fire Pledge|p2b: Spiritomb\n|-waiting|p1a: Incineroar|p1b: Blastoise\n|move|p1b: Blastoise|Water Pledge|p2b: Spiritomb|[from]move: Fire Pledge\n|-combine\n|-damage|p2b: Spiritomb|65\/100\n|-sidestart|p1: zaschooldood2|Water Pledge\n|move|p2a: Dusknoir|Poltergeist|p1b: Blastoise\n|-activate|p1b: Blastoise|move: Poltergeist|Lum Berry\n|-damage|p1b: Blastoise|64\/100\n|\n|-heal|p2b: Spiritomb|71\/100|[from] item: Leftovers\n|upkeep\n|turn|2\n|\n|t:|1697175227\n|move|p1b: Blastoise|Protect|p1b: Blastoise\n|-singleturn|p1b: Blastoise|Protect\n|move|p1a: Incineroar|Parting Shot|p2b: Spiritomb\n|-unboost|p2b: Spiritomb|atk|1\n|-unboost|p2b: Spiritomb|spa|1\n|\n|t:|1697175232\n|switch|p1a: Togekiss|Togekiss, F|100\/100|[from] Parting Shot\n|move|p2a: Dusknoir|Leech Life|p1b: Blastoise\n|-activate|p1b: Blastoise|move: Protect\n|move|p2b: Spiritomb|Trick Room|p2b: Spiritomb\n|-fieldstart|move: Trick Room|[of] p2b: Spiritomb\n|\n|-heal|p2b: Spiritomb|77\/100|[from] item: Leftovers\n|upkeep\n|turn|3\n|\n|t:|1697175253\n|move|p1b: Blastoise|Follow Me|p1b: Blastoise\n|-singleturn|p1b: Blastoise|move: Follow Me\n|move|p2b: Spiritomb|Toxic|p1b: Blastoise\n|-status|p1b: Blastoise|tox\n|-enditem|p1b: Blastoise|Lum Berry|[eat]\n|-curestatus|p1b: Blastoise|tox|[msg]\n|move|p2a: Dusknoir|Leech Life|p1b: Blastoise\n|-damage|p1b: Blastoise|50\/100\n|move|p1a: Togekiss|Ancient Power|p2a: Dusknoir\n|-damage|p2a: Dusknoir|89\/100\n|\n|-heal|p2b: Spiritomb|83\/100|[from] item: Leftovers\n|upkeep\n|turn|4\n|\n|t:|1697175276\n|move|p1b: Blastoise|Follow Me|p1b: Blastoise\n|-singleturn|p1b: Blastoise|move: Follow Me\n|move|p2b: Spiritomb|Toxic|p1b: Blastoise\n|-status|p1b: Blastoise|tox\n|move|p2a: Dusknoir|Poltergeist||[still]\n|-fail|p2a: Dusknoir\n|move|p1a: Togekiss|Ancient Power|p2a: Dusknoir\n|-damage|p2a: Dusknoir|77\/100\n|\n|-heal|p2b: Spiritomb|90\/100|[from] item: Leftovers\n|-damage|p1b: Blastoise|44\/100 tox|[from] psn\n|-sideend|p1: zaschooldood2|Water Pledge\n|upkeep\n|turn|5\n|\n|t:|1697175300\n|move|p1b: Blastoise|Follow Me|p1b: Blastoise\n|-singleturn|p1b: Blastoise|move: Follow Me\n|move|p2b: Spiritomb|Foul Play|p1b: Blastoise\n|-damage|p1b: Blastoise|26\/100 tox\n|move|p2a: Dusknoir|Leech Life|p1b: Blastoise\n|-damage|p1b: Blastoise|10\/100 tox\n|-heal|p2a: Dusknoir|86\/100|[from] drain|[of] p1b: Blastoise\n|move|p1a: Togekiss|Ancient Power|p2a: Dusknoir\n|-damage|p2a: Dusknoir|75\/100\n|\n|-heal|p2b: Spiritomb|96\/100|[from] item: Leftovers\n|-damage|p1b: Blastoise|0 fnt|[from] psn\n|faint|p1b: Blastoise\n|upkeep\n|\n|t:|1697175311\n|switch|p1b: Tornadus|Tornadus, M|100\/100\n|turn|6\n|\n|t:|1697175330\n|switch|p2a: Indeedee|Indeedee-F, F, shiny|100\/100\n|-fieldstart|move: Psychic Terrain|[from] ability: Psychic Surge|[of] p2a: Indeedee\n|move|p1b: Tornadus|Taunt|p2b: Spiritomb\n|-activate|p2b: Spiritomb|move: Psychic Terrain\n|move|p2b: Spiritomb|Toxic|p1b: Tornadus\n|-status|p1b: Tornadus|tox\n|move|p1a: Togekiss|Ancient Power|p2a: Indeedee\n|-crit|p2a: Indeedee\n|-damage|p2a: Indeedee|81\/100\n|\n|-heal|p2b: Spiritomb|100\/100|[from] item: Leftovers\n|-damage|p1b: Tornadus|94\/100 tox|[from] psn\n|-fieldend|move: Trick Room\n|upkeep\n|turn|7\n|-message|zaschooldood2 forfeited.\n|\n|win|iluvtrickroom\n|raw|zaschooldood2's rating: 1105 &rarr; <strong>1075<\/strong><br \/>(-30 for losing)\n|raw|iluvtrickroom's rating: 1031 &rarr; <strong>1074<\/strong><br \/>(+43 for winning)\n|l|\u2606zaschooldood2\n","uploadtime":1697175353,"views":19,"p1id":"zaschooldood2","p2id":"iluvtrickroom","formatid":"gen9nationaldexdoubles","rating":1074,"private":0,"password":""}