{"id":"gen9nationaldexdoubles-1975548850","p1":"MoobleGooble","p2":"Careytheicon","format":"[Gen 9] National Dex Doubles","log":"|j|\u2606MoobleGooble\n|j|\u2606Careytheicon\n|t:|1698203540\n|gametype|doubles\n|player|p1|MoobleGooble|bianca|1189\n|player|p2|Careytheicon|lucy|1000\n|teamsize|p1|6\n|teamsize|p2|6\n|gen|9\n|tier|[Gen 9] National Dex Doubles\n|rated|\n|rule|HP Percentage Mod: HP is shown in percentages\n|rule|Endless Battle Clause: Forcing endless battles is banned\n|rule|OHKO Clause: OHKO moves are banned\n|rule|Evasion Moves Clause: Evasion moves are banned\n|rule|Evasion Abilities Clause: Evasion abilities are banned\n|rule|Species Clause: Limit one of each Pok\u00e9mon\n|rule|Gravity Sleep Clause: The combination of sleep-inducing moves with imperfect accuracy and Gravity or Gigantamax Orbeetle are banned\n|clearpoke\n|poke|p1|Armarouge, M|\n|poke|p1|Froslass, F|\n|poke|p1|Ninetales-Alola, F|\n|poke|p1|Gastrodon, M|\n|poke|p1|Torkoal, F|\n|poke|p1|Lilligant-Hisui, F|\n|poke|p2|Shuckle, M|\n|poke|p2|Runerigus, F|\n|poke|p2|Malamar, F|\n|poke|p2|Victini|\n|poke|p2|Comfey, M|\n|poke|p2|Jirachi|\n|teampreview\n|inactive|Battle timer is ON: inactive players will automatically lose when time's up. (requested by Careytheicon)\n|\n|t:|1698203552\n|start\n|switch|p1a: Torkoal|Torkoal, F|100\/100\n|switch|p1b: Lilligant|Lilligant-Hisui, F|100\/100\n|switch|p2a: Roxxx|Runerigus, F, shiny|100\/100\n|switch|p2b: Shuckle|Shuckle, M|100\/100\n|-weather|SunnyDay|[from] ability: Drought|[of] p1a: Torkoal\n|turn|1\n|\n|t:|1698203571\n|move|p1b: Lilligant|Leaf Blade|p2a: Roxxx\n|-supereffective|p2a: Roxxx\n|-damage|p2a: Roxxx|9\/100\n|-activate|p2a: Roxxx|ability: Wandering Spirit|Chlorophyll|Wandering Spirit|[of] p1b: Lilligant\n|-enditem|p2a: Roxxx|Sitrus Berry|[eat]\n|-heal|p2a: Roxxx|34\/100|[from] item: Sitrus Berry\n|-damage|p1b: Lilligant|91\/100|[from] item: Life Orb\n|move|p2a: Roxxx|Sandstorm|p2a: Roxxx\n|-weather|Sandstorm\n|move|p2b: Shuckle|Toxic|p1a: Torkoal\n|-status|p1a: Torkoal|tox\n|move|p1a: Torkoal|Yawn|p2b: Shuckle\n|-start|p2b: Shuckle|move: Yawn|[of] p1a: Torkoal\n|\n|-weather|Sandstorm|[upkeep]\n|-damage|p1b: Lilligant|84\/100|[from] Sandstorm\n|-damage|p1a: Torkoal|94\/100 tox|[from] Sandstorm\n|-damage|p1a: Torkoal|88\/100 tox|[from] psn\n|upkeep\n|turn|2\n|inactive|MoobleGooble has 120 seconds left.\n|inactive|Careytheicon has 120 seconds left.\n|\n|t:|1698203607\n|move|p1b: Lilligant|Leaf Blade|p2a: Roxxx\n|-supereffective|p2a: Roxxx\n|-damage|p2a: Roxxx|0 fnt\n|faint|p2a: Roxxx\n|-damage|p1b: Lilligant|75\/100|[from] item: Life Orb\n|move|p2b: Shuckle|Sticky Web|p1b: Lilligant\n|-sidestart|p1: MoobleGooble|move: Sticky Web\n|move|p1a: Torkoal|Yawn||[still]\n|-fail|p1a: Torkoal\n|\n|-weather|Sandstorm|[upkeep]\n|-damage|p1b: Lilligant|68\/100|[from] Sandstorm\n|-damage|p1a: Torkoal|82\/100 tox|[from] Sandstorm\n|-damage|p1a: Torkoal|70\/100 tox|[from] psn\n|-end|p2b: Shuckle|move: Yawn|[silent]\n|-status|p2b: Shuckle|slp\n|upkeep\n|\n|t:|1698203622\n|switch|p2a: Jirachi|Jirachi|100\/100\n|turn|3\n|\n|t:|1698203637\n|switch|p1b: Froslass|Froslass, F|100\/100\n|-activate|p1b: Froslass|move: Sticky Web\n|-unboost|p1b: Froslass|spe|1\n|move|p2a: Jirachi|Ancient Power|p2b: Shuckle\n|-supereffective|p2b: Shuckle\n|-damage|p2b: Shuckle|81\/100 slp\n|cant|p2b: Shuckle|slp\n|move|p1a: Torkoal|Explosion|p2a: Jirachi|[spread] p2a,p2b\n|-immune|p1b: Froslass\n|-resisted|p2a: Jirachi\n|-resisted|p2b: Shuckle\n|-damage|p2a: Jirachi|84\/100\n|-damage|p2b: Shuckle|63\/100 slp\n|faint|p1a: Torkoal\n|\n|-weather|Sandstorm|[upkeep]\n|-damage|p1b: Froslass|94\/100|[from] Sandstorm\n|-heal|p1b: Froslass|100\/100|[from] item: Leftovers\n|upkeep\n|c|\u2606Careytheicon|wtf\n|inactive|MoobleGooble has 120 seconds left.\n|c|\u2606MoobleGooble|i didnt like him\n|\n|t:|1698203671\n|switch|p1a: Ninetales|Ninetales-Alola, F|100\/100\n|-activate|p1a: Ninetales|move: Sticky Web\n|-unboost|p1a: Ninetales|spe|1\n|-weather|Snow|[from] ability: Snow Warning|[of] p1a: Ninetales\n|turn|4\n|c|\u2606Careytheicon|same\n|\n|t:|1698203680\n|move|p2a: Jirachi|Iron Head|p1a: Ninetales\n|-supereffective|p1a: Ninetales\n|-damage|p1a: Ninetales|0 fnt\n|faint|p1a: Ninetales\n|move|p1b: Froslass|Thunder Wave|p2a: Jirachi\n|-status|p2a: Jirachi|par\n|cant|p2b: Shuckle|slp\n|\n|-weather|Snow|[upkeep]\n|upkeep\n|\n|t:|1698203692\n|switch|p1a: Armarouge|Armarouge, M|100\/100\n|-activate|p1a: Armarouge|move: Sticky Web\n|-unboost|p1a: Armarouge|spe|1\n|turn|5\n|\n|t:|1698203710\n|move|p1b: Froslass|Poltergeist|p2a: Jirachi\n|-activate|p2a: Jirachi|move: Poltergeist|Sitrus Berry\n|-supereffective|p2a: Jirachi\n|-damage|p2a: Jirachi|22\/100 par\n|-enditem|p2a: Jirachi|Sitrus Berry|[eat]\n|-heal|p2a: Jirachi|47\/100 par|[from] item: Sitrus Berry\n|move|p2a: Jirachi|Ancient Power|p1a: Armarouge\n|-supereffective|p1a: Armarouge\n|-damage|p1a: Armarouge|65\/100\n|-enditem|p1a: Armarouge|Weakness Policy\n|-boost|p1a: Armarouge|atk|2|[from] item: Weakness Policy\n|-boost|p1a: Armarouge|spa|2|[from] item: Weakness Policy\n|move|p1a: Armarouge|Iron Defense|p1a: Armarouge\n|-boost|p1a: Armarouge|def|2\n|cant|p2b: Shuckle|slp\n|\n|-weather|Snow|[upkeep]\n|upkeep\n|turn|6\n|c|\u2606Careytheicon|oh npoo\n|\n|t:|1698203733\n|move|p1b: Froslass|Poltergeist||[still]\n|-fail|p1b: Froslass\n|move|p2a: Jirachi|Ancient Power|p1a: Armarouge\n|-supereffective|p1a: Armarouge\n|-damage|p1a: Armarouge|33\/100\n|move|p1a: Armarouge|Shadow Ball|p2a: Jirachi\n|-supereffective|p2a: Jirachi\n|-damage|p2a: Jirachi|0 fnt\n|faint|p2a: Jirachi\n|-curestatus|p2b: Shuckle|slp|[msg]\n|move|p2b: Shuckle|Toxic|p1a: Armarouge\n|-status|p1a: Armarouge|tox\n|\n|-weather|Snow|[upkeep]\n|-damage|p1a: Armarouge|27\/100 tox|[from] psn\n|upkeep\n|inactive|Careytheicon has 120 seconds left.\n|\n|t:|1698203762\n|switch|p2a: Malamar|Malamar, F|100\/100\n|turn|7\n|inactive|MoobleGooble has 120 seconds left.\n|\n|t:|1698203793\n|move|p2a: Malamar|Knock Off|p1a: Armarouge\n|-supereffective|p1a: Armarouge\n|-damage|p1a: Armarouge|7\/100 tox\n|-ability|p1a: Armarouge|Weak Armor|boost\n|-unboost|p1a: Armarouge|def|1\n|-boost|p1a: Armarouge|spe|2\n|move|p1a: Armarouge|Flamethrower|p2b: Shuckle\n|-damage|p2b: Shuckle|0 fnt\n|faint|p2b: Shuckle\n|move|p1b: Froslass|Thunder Wave|p2a: Malamar\n|-status|p2a: Malamar|par\n|\n|-weather|Snow|[upkeep]\n|-damage|p1a: Armarouge|0 fnt|[from] psn\n|faint|p1a: Armarouge\n|upkeep\n|c|\u2606Careytheicon|kill malamar bfr its too late\n|c|\u2606MoobleGooble|yowchie\n|inactive|MoobleGooble has 120 seconds left.\n|\n|t:|1698203821\n|switch|p1a: Lilligant|Lilligant-Hisui, F|68\/100\n|switch|p2b: Victini|Victini|100\/100\n|-activate|p1a: Lilligant|move: Sticky Web\n|-unboost|p1a: Lilligant|spe|1\n|turn|8\n|\n|t:|1698203842\n|move|p2b: Victini|Skill Swap|p2a: Malamar\n|-activate|p2b: Victini|move: Skill Swap|||[of] p2a: Malamar\n|move|p1b: Froslass|Draining Kiss|p2a: Malamar\n|-supereffective|p2a: Malamar\n|-damage|p2a: Malamar|74\/100 par\n|move|p1a: Lilligant|Low Kick|p2a: Malamar\n|-damage|p2a: Malamar|35\/100 par\n|-damage|p1a: Lilligant|59\/100|[from] item: Life Orb\n|move|p2a: Malamar|Superpower|p1a: Lilligant\n|-damage|p1a: Lilligant|17\/100\n|-unboost|p2a: Malamar|atk|1\n|-unboost|p2a: Malamar|def|1\n|\n|-weather|none\n|upkeep\n|turn|9\n|\n|t:|1698203864\n|move|p2b: Victini|V-create|p1b: Froslass\n|-supereffective|p1b: Froslass\n|-damage|p1b: Froslass|0 fnt\n|-boost|p2b: Victini|spe|1\n|-boost|p2b: Victini|def|1\n|-boost|p2b: Victini|spd|1\n|faint|p1b: Froslass\n|move|p1a: Lilligant|Low Kick|p2a: Malamar\n|-damage|p2a: Malamar|0 fnt\n|faint|p2a: Malamar\n|-damage|p1a: Lilligant|7\/100|[from] item: Life Orb\n|\n|upkeep\n|\n|t:|1698203874\n|switch|p1b: Gastrodon|Gastrodon, M|100\/100\n|switch|p2a: Comfey|Comfey, M|100\/100\n|-activate|p1b: Gastrodon|move: Sticky Web\n|-unboost|p1b: Gastrodon|spe|1\n|turn|10\n|j| larsonshark\n|\n|t:|1698203889\n|-terastallize|p2b: Victini|Dark\n|move|p2b: Victini|V-create|p1a: Lilligant\n|-supereffective|p1a: Lilligant\n|-damage|p1a: Lilligant|0 fnt\n|-boost|p2b: Victini|spe|1\n|-boost|p2b: Victini|def|1\n|-boost|p2b: Victini|spd|1\n|faint|p1a: Lilligant\n|move|p2a: Comfey|Leech Seed|p1b: Gastrodon\n|-start|p1b: Gastrodon|move: Leech Seed\n|move|p1b: Gastrodon|Yawn|p2b: Victini\n|-start|p2b: Victini|move: Yawn|[of] p1b: Gastrodon\n|\n|-damage|p1b: Gastrodon|88\/100|[from] Leech Seed|[of] p2a: Comfey\n|upkeep\n|turn|11\n|\n|t:|1698203915\n|move|p2b: Victini|Energy Ball|p1b: Gastrodon\n|-supereffective|p1b: Gastrodon\n|-damage|p1b: Gastrodon|1\/100\n|move|p2a: Comfey|Calm Mind|p2a: Comfey\n|-boost|p2a: Comfey|spa|1\n|-boost|p2a: Comfey|spd|1\n|move|p1b: Gastrodon|Stone Edge|p2b: Victini\n|-damage|p2b: Victini|86\/100\n|\n|-heal|p1b: Gastrodon|7\/100|[from] item: Leftovers\n|-damage|p1b: Gastrodon|0 fnt|[from] Leech Seed|[of] p2a: Comfey\n|faint|p1b: Gastrodon\n|\n|win|Careytheicon\n|upkeep\n|raw|MoobleGooble's rating: 1189 &rarr; <strong>1152<\/strong><br \/>(-37 for losing)\n|raw|Careytheicon's rating: 1000 &rarr; <strong>1060<\/strong><br \/>(+60 for winning)\n|c|\u2606MoobleGooble|owie\n|l|\u2606MoobleGooble\n","uploadtime":1698203932,"views":11,"p1id":"mooblegooble","p2id":"careytheicon","formatid":"gen9nationaldexdoubles","rating":1060,"private":0,"password":""}