{"id":"gen9nationaldexdoubles-1999586502","p1":"MonterrioAshmore","p2":"JAnimateDied","format":"[Gen 9] National Dex Doubles","log":"|j|\u2606MonterrioAshmore\n|j|\u2606JAnimateDied\n|t:|1701098748\n|gametype|doubles\n|player|p1|MonterrioAshmore|lucas|1023\n|player|p2|JAnimateDied|ninjaboy|1000\n|teamsize|p1|6\n|teamsize|p2|6\n|gen|9\n|tier|[Gen 9] National Dex Doubles\n|rated|\n|rule|HP Percentage Mod: HP is shown in percentages\n|rule|Endless Battle Clause: Forcing endless battles is banned\n|rule|OHKO Clause: OHKO moves are banned\n|rule|Evasion Moves Clause: Evasion moves are banned\n|rule|Evasion Abilities Clause: Evasion abilities are banned\n|rule|Species Clause: Limit one of each Pok\u00e9mon\n|rule|Gravity Sleep Clause: The combination of sleep-inducing moves with imperfect accuracy and Gravity or Gigantamax Orbeetle are banned\n|clearpoke\n|poke|p1|Sylveon, F|\n|poke|p1|Empoleon, M|\n|poke|p1|Ursaluna, F|\n|poke|p1|Pawmot, F|\n|poke|p1|Charizard, M|\n|poke|p1|Bellossom, F|\n|poke|p2|Hawlucha, F|\n|poke|p2|Sawsbuck-Winter, M|\n|poke|p2|Deoxys-Attack|\n|poke|p2|Sableye, M|\n|poke|p2|Duraludon, M|\n|poke|p2|Corviknight, M|\n|teampreview\n|\n|t:|1701098766\n|start\n|switch|p1a: Tangerie|Pawmot, F|100\/100\n|switch|p1b: Fuwa-Hula|Bellossom, F|100\/100\n|switch|p2a: Deoxys|Deoxys-Attack, shiny|100\/100\n|switch|p2b: Sableye|Sableye, M, shiny|100\/100\n|-ability|p2a: Deoxys|Pressure\n|turn|1\n|\n|t:|1701098788\n|switch|p1a: Lowmoa|Sylveon, F|100\/100\n|move|p2b: Sableye|Will-O-Wisp|p1a: Lowmoa|[miss]\n|-miss|p2b: Sableye|p1a: Lowmoa\n|move|p2a: Deoxys|Wrap|p1a: Lowmoa\n|-damage|p1a: Lowmoa|92\/100\n|-activate|p1a: Lowmoa|move: Wrap|[of] p2a: Deoxys\n|move|p1b: Fuwa-Hula|Leech Seed|p2b: Sableye\n|-start|p2b: Sableye|move: Leech Seed\n|\n|-damage|p2b: Sableye|88\/100|[from] Leech Seed|[of] p1b: Fuwa-Hula\n|-damage|p1a: Lowmoa|80\/100|[from] move: Wrap|[partiallytrapped]\n|upkeep\n|turn|2\n|\n|t:|1701098811\n|switch|p2b: Duraludon|Duraludon, M, shiny|100\/100\n|move|p2a: Deoxys|Mud-Slap|p1a: Lowmoa\n|-damage|p1a: Lowmoa|74\/100\n|-unboost|p1a: Lowmoa|accuracy|1\n|move|p1a: Lowmoa|Calm Mind|p1a: Lowmoa\n|-boost|p1a: Lowmoa|spa|1\n|-boost|p1a: Lowmoa|spd|1\n|move|p1b: Fuwa-Hula|Leech Seed|p2a: Deoxys\n|-start|p2a: Deoxys|move: Leech Seed\n|\n|-damage|p2a: Deoxys|88\/100|[from] Leech Seed|[of] p1b: Fuwa-Hula\n|-damage|p1a: Lowmoa|62\/100|[from] move: Wrap|[partiallytrapped]\n|upkeep\n|turn|3\n|\n|t:|1701098828\n|move|p2a: Deoxys|Mud-Slap|p1a: Lowmoa\n|-damage|p1a: Lowmoa|58\/100\n|-unboost|p1a: Lowmoa|accuracy|1\n|move|p2b: Duraludon|Stealth Rock|p1a: Lowmoa\n|-sidestart|p1: MonterrioAshmore|move: Stealth Rock\n|move|p1a: Lowmoa|Calm Mind|p1a: Lowmoa\n|-boost|p1a: Lowmoa|spa|1\n|-boost|p1a: Lowmoa|spd|1\n|move|p1b: Fuwa-Hula|Leech Seed|p2b: Duraludon\n|-start|p2b: Duraludon|move: Leech Seed\n|\n|-damage|p2a: Deoxys|76\/100|[from] Leech Seed|[of] p1b: Fuwa-Hula\n|-damage|p2b: Duraludon|88\/100|[from] Leech Seed|[of] p1b: Fuwa-Hula\n|-damage|p1a: Lowmoa|45\/100|[from] move: Wrap|[partiallytrapped]\n|upkeep\n|turn|4\n|\n|t:|1701098852\n|switch|p2b: Sableye|Sableye, M, shiny|88\/100\n|move|p1b: Fuwa-Hula|Helping Hand|p1a: Lowmoa\n|-singleturn|p1a: Lowmoa|Helping Hand|[of] p1b: Fuwa-Hula\n|move|p2a: Deoxys|Mud-Slap|p1a: Lowmoa\n|-damage|p1a: Lowmoa|43\/100\n|-unboost|p1a: Lowmoa|accuracy|1\n|move|p1a: Lowmoa|Hyper Voice|p2b: Sableye|[spread] p2a,p2b\n|-supereffective|p2b: Sableye\n|-damage|p2a: Deoxys|0 fnt\n|-damage|p2b: Sableye|0 fnt\n|faint|p2a: Deoxys\n|faint|p2b: Sableye\n|\n|-end|p1a: Lowmoa|Wrap|[partiallytrapped]|[silent]\n|upkeep\n|\n|t:|1701098865\n|switch|p2a: Duraludon|Duraludon, M, shiny|88\/100\n|switch|p2b: Corviknight|Corviknight, M, shiny|100\/100\n|-ability|p2b: Corviknight|Pressure\n|turn|5\n|\n|t:|1701098878\n|move|p1b: Fuwa-Hula|Helping Hand|p1a: Lowmoa\n|-singleturn|p1a: Lowmoa|Helping Hand|[of] p1b: Fuwa-Hula\n|move|p2a: Duraludon|Flash Cannon|p1a: Lowmoa\n|-supereffective|p1a: Lowmoa\n|-damage|p1a: Lowmoa|14\/100\n|move|p2b: Corviknight|Brave Bird|p1b: Fuwa-Hula\n|-supereffective|p1b: Fuwa-Hula\n|-damage|p1b: Fuwa-Hula|21\/100\n|-damage|p2b: Corviknight|77\/100|[from] Recoil\n|move|p1a: Lowmoa|Hyper Voice|p2a: Duraludon|[spread] p2b\n|-miss|p1a: Lowmoa|p2a: Duraludon\n|-resisted|p2b: Corviknight\n|-damage|p2b: Corviknight|23\/100\n|\n|-heal|p2a: Duraludon|94\/100|[from] item: Leftovers\n|-heal|p1b: Fuwa-Hula|27\/100|[from] item: Leftovers\n|upkeep\n|turn|6\n|\n|t:|1701098904\n|switch|p1a: Emperor Drip|Empoleon, M|100\/100\n|-damage|p1a: Emperor Drip|94\/100|[from] Stealth Rock\n|move|p2a: Duraludon|Flash Cannon|p1a: Emperor Drip\n|-resisted|p1a: Emperor Drip\n|-damage|p1a: Emperor Drip|85\/100\n|move|p2b: Corviknight|Brave Bird|p1b: Fuwa-Hula\n|-supereffective|p1b: Fuwa-Hula\n|-damage|p1b: Fuwa-Hula|0 fnt\n|faint|p1b: Fuwa-Hula\n|-damage|p2b: Corviknight|15\/100|[from] Recoil\n|\n|-heal|p2a: Duraludon|99\/100|[from] item: Leftovers\n|upkeep\n|\n|t:|1701098918\n|switch|p1b: Hoss|Charizard, M|100\/100\n|-damage|p1b: Hoss|51\/100|[from] Stealth Rock\n|turn|7\n|\n|t:|1701098930\n|detailschange|p1b: Hoss|Charizard-Mega-X, M\n|-mega|p1b: Hoss|Charizard|Charizardite X\n|move|p1b: Hoss|Breaking Swipe|p2b: Corviknight|[spread] p2a,p2b\n|-resisted|p2b: Corviknight\n|-damage|p2a: Duraludon|64\/100\n|-damage|p2b: Corviknight|5\/100\n|-unboost|p2a: Duraludon|atk|1\n|-unboost|p2b: Corviknight|atk|1\n|-damage|p1b: Hoss|34\/100|[from] item: Rocky Helmet|[of] p2b: Corviknight\n|move|p2a: Duraludon|Body Press|p1a: Emperor Drip\n|-supereffective|p1a: Emperor Drip\n|-damage|p1a: Emperor Drip|43\/100\n|move|p2b: Corviknight|Roost|p2b: Corviknight\n|-heal|p2b: Corviknight|55\/100\n|-singleturn|p2b: Corviknight|move: Roost\n|move|p1a: Emperor Drip|Whirlpool|p2b: Corviknight\n|-damage|p2b: Corviknight|38\/100\n|-activate|p2b: Corviknight|move: Whirlpool|[of] p1a: Emperor Drip\n|\n|-heal|p2a: Duraludon|70\/100|[from] item: Leftovers\n|-damage|p2b: Corviknight|25\/100|[from] move: Whirlpool|[partiallytrapped]\n|upkeep\n|turn|8\n|\n|t:|1701098956\n|move|p1b: Hoss|Dragon Dance|p1b: Hoss\n|-boost|p1b: Hoss|atk|1\n|-boost|p1b: Hoss|spe|1\n|move|p2a: Duraludon|Body Press|p1a: Emperor Drip\n|-supereffective|p1a: Emperor Drip\n|-damage|p1a: Emperor Drip|2\/100\n|move|p2b: Corviknight|Roost|p2b: Corviknight\n|-heal|p2b: Corviknight|75\/100\n|-singleturn|p2b: Corviknight|move: Roost\n|move|p1a: Emperor Drip|Whirlpool|p2a: Duraludon\n|-resisted|p2a: Duraludon\n|-crit|p2a: Duraludon\n|-damage|p2a: Duraludon|42\/100\n|-activate|p2a: Duraludon|move: Whirlpool|[of] p1a: Emperor Drip\n|\n|-heal|p2a: Duraludon|48\/100|[from] item: Leftovers\n|-damage|p2a: Duraludon|36\/100|[from] move: Whirlpool|[partiallytrapped]\n|-damage|p2b: Corviknight|63\/100|[from] move: Whirlpool|[partiallytrapped]\n|upkeep\n|turn|9\n|\n|t:|1701098982\n|move|p1b: Hoss|Blaze Kick|p2a: Duraludon\n|-damage|p2a: Duraludon|0 fnt\n|faint|p2a: Duraludon\n|move|p2b: Corviknight|Body Press|p1b: Hoss\n|-damage|p1b: Hoss|7\/100\n|move|p1a: Emperor Drip|Ice Beam|p2b: Corviknight\n|-crit|p2b: Corviknight\n|-damage|p2b: Corviknight|16\/100\n|\n|-damage|p2b: Corviknight|4\/100|[from] move: Whirlpool|[partiallytrapped]\n|upkeep\n|\n|t:|1701098991\n|switch|p2a: Hawlucha|Hawlucha, F, shiny|100\/100\n|turn|10\n|\n|t:|1701099003\n|move|p1b: Hoss|Breaking Swipe|p2a: Hawlucha|[spread] p2a,p2b\n|-resisted|p2b: Corviknight\n|-damage|p2a: Hawlucha|31\/100\n|-damage|p2b: Corviknight|0 fnt\n|-unboost|p2a: Hawlucha|atk|1\n|-damage|p1b: Hoss|0 fnt|[from] item: Rocky Helmet|[of] p2b: Corviknight\n|-enditem|p2a: Hawlucha|White Herb\n|-clearnegativeboost|p2a: Hawlucha|[silent]\n|faint|p2b: Corviknight\n|faint|p1b: Hoss\n|move|p2a: Hawlucha|Close Combat|p1a: Emperor Drip\n|-supereffective|p1a: Emperor Drip\n|-damage|p1a: Emperor Drip|0 fnt\n|-unboost|p2a: Hawlucha|def|1\n|-unboost|p2a: Hawlucha|spd|1\n|faint|p1a: Emperor Drip\n|\n|upkeep\n|\n|t:|1701099019\n|switch|p1b: Ussuri|Ursaluna, F|100\/100\n|switch|p2b: Sawsbuck|Sawsbuck-Winter, M, shiny|100\/100\n|switch|p1a: Tangerie|Pawmot, F|100\/100\n|-damage|p1a: Tangerie|94\/100|[from] Stealth Rock\n|-damage|p1b: Ussuri|94\/100|[from] Stealth Rock\n|turn|11\n|\n|t:|1701099036\n|-terastallize|p1b: Ussuri|Fighting\n|move|p2a: Hawlucha|Close Combat|p1b: Ussuri\n|-crit|p1b: Ussuri\n|-damage|p1b: Ussuri|42\/100\n|-unboost|p2a: Hawlucha|def|1\n|-unboost|p2a: Hawlucha|spd|1\n|move|p2b: Sawsbuck|Swords Dance|p2b: Sawsbuck\n|-boost|p2b: Sawsbuck|atk|2\n|move|p1a: Tangerie|Double Shock|p2a: Hawlucha\n|-supereffective|p2a: Hawlucha\n|-damage|p2a: Hawlucha|0 fnt\n|-start|p1a: Tangerie|typechange|???\/Fighting|[from] move: Double Shock\n|faint|p2a: Hawlucha\n|move|p1b: Ussuri|Drain Punch|p2b: Sawsbuck\n|-supereffective|p2b: Sawsbuck\n|-damage|p2b: Sawsbuck|0 fnt\n|-heal|p1b: Ussuri|79\/100|[from] drain|[of] p2b: Sawsbuck\n|faint|p2b: Sawsbuck\n|\n|win|MonterrioAshmore\n|raw|MonterrioAshmore's rating: 1023 &rarr; <strong>1057<\/strong><br \/>(+34 for winning)\n|raw|JAnimateDied's rating: 1000 &rarr; <strong>1000<\/strong><br \/>(+0 for losing)\n|l|\u2606JAnimateDied\n","uploadtime":1701099059,"views":0,"p1id":"monterrioashmore","p2id":"janimatedied","formatid":"gen9nationaldexdoubles","rating":1000,"private":0,"password":""}