{"id":"gen9nationaldexdoubles-1981518350","p1":"DazzlingBrilliance","p2":"Rhyszznnccvv","format":"[Gen 9] National Dex Doubles","log":"|j|\u2606DazzlingBrilliance\n|j|\u2606Rhyszznnccvv\n|t:|1698911009\n|gametype|doubles\n|player|p1|DazzlingBrilliance|striker|1054\n|player|p2|Rhyszznnccvv|emmet|1153\n|teamsize|p1|6\n|teamsize|p2|6\n|gen|9\n|tier|[Gen 9] National Dex Doubles\n|rated|\n|rule|HP Percentage Mod: HP is shown in percentages\n|rule|Endless Battle Clause: Forcing endless battles is banned\n|rule|OHKO Clause: OHKO moves are banned\n|rule|Evasion Moves Clause: Evasion moves are banned\n|rule|Evasion Abilities Clause: Evasion abilities are banned\n|rule|Species Clause: Limit one of each Pok\u00e9mon\n|rule|Gravity Sleep Clause: The combination of sleep-inducing moves with imperfect accuracy and Gravity or Gigantamax Orbeetle are banned\n|clearpoke\n|poke|p1|Qwilfish, M|\n|poke|p1|Chandelure, M|\n|poke|p1|Altaria, M|\n|poke|p1|Eldegoss, M|\n|poke|p1|Jirachi|\n|poke|p1|Primeape, M|\n|poke|p2|Reuniclus, F|\n|poke|p2|Zapdos-Galar|\n|poke|p2|Porygon-Z|\n|poke|p2|Skarmory, M|\n|poke|p2|Basculegion, M|\n|poke|p2|Grimmsnarl, M|\n|teampreview\n|inactive|Battle timer is ON: inactive players will automatically lose when time's up. (requested by Rhyszznnccvv)\n|\n|t:|1698911025\n|start\n|switch|p1a: Jirachi|Jirachi, shiny|100\/100\n|switch|p1b: Qweefish|Qwilfish, M, shiny|100\/100\n|switch|p2a: Grimmsnarl|Grimmsnarl, M|100\/100\n|switch|p2b: Zapdos|Zapdos-Galar|100\/100\n|-ability|p1b: Qweefish|Intimidate|boost\n|-unboost|p2a: Grimmsnarl|atk|1\n|-unboost|p2b: Zapdos|atk|1\n|-ability|p2b: Zapdos|Defiant|boost\n|-boost|p2b: Zapdos|atk|2\n|turn|1\n|\n|t:|1698911036\n|move|p2a: Grimmsnarl|Light Screen|p2a: Grimmsnarl\n|-sidestart|p2: Rhyszznnccvv|move: Light Screen\n|move|p1a: Jirachi|Charge Beam|p2b: Zapdos\n|-supereffective|p2b: Zapdos\n|-damage|p2b: Zapdos|79\/100\n|-boost|p1a: Jirachi|spa|1\n|move|p2b: Zapdos|Blaze Kick|p1a: Jirachi|[miss]\n|-miss|p2b: Zapdos|p1a: Jirachi\n|move|p1b: Qweefish|Acupressure|p1a: Jirachi\n|-boost|p1a: Jirachi|spd|2\n|\n|upkeep\n|turn|2\n|inactive|DazzlingBrilliance has 120 seconds left.\n|\n|t:|1698911069\n|-terastallize|p2b: Zapdos|Ground\n|move|p2a: Grimmsnarl|Reflect|p2a: Grimmsnarl\n|-sidestart|p2: Rhyszznnccvv|Reflect\n|move|p1a: Jirachi|Baton Pass|p1a: Jirachi\n|inactive|DazzlingBrilliance has 120 seconds left.\n|\n|t:|1698911077\n|switch|p1a: Chandelure|Chandelure, M, shiny|100\/100|[from] Baton Pass\n|move|p2b: Zapdos|Blaze Kick|p1a: Chandelure\n|-resisted|p1a: Chandelure\n|-damage|p1a: Chandelure|61\/100\n|move|p1b: Qweefish|Acupressure|p1a: Chandelure\n|-boost|p1a: Chandelure|atk|2\n|\n|-heal|p1a: Chandelure|67\/100|[from] item: Leftovers\n|upkeep\n|turn|3\n|\n|t:|1698911100\n|move|p2a: Grimmsnarl|Taunt|p1b: Qweefish\n|-start|p1b: Qweefish|move: Taunt\n|move|p2b: Zapdos|Blaze Kick|p1a: Chandelure\n|-resisted|p1a: Chandelure\n|-damage|p1a: Chandelure|30\/100\n|cant|p1b: Qweefish|move: Taunt|Acupressure\n|move|p1a: Chandelure|Clear Smog|p2b: Zapdos\n|-resisted|p2b: Zapdos\n|-damage|p2b: Zapdos|66\/100\n|-clearboost|p2b: Zapdos\n|\n|-heal|p1a: Chandelure|36\/100|[from] item: Leftovers\n|upkeep\n|turn|4\n|inactive|DazzlingBrilliance has 120 seconds left.\n|\n|t:|1698911132\n|move|p2b: Zapdos|Blaze Kick|p1a: Chandelure\n|-resisted|p1a: Chandelure\n|-damage|p1a: Chandelure|12\/100\n|move|p1b: Qweefish|Icy Wind|p2b: Zapdos|[spread] p2a,p2b\n|-supereffective|p2b: Zapdos\n|-damage|p2a: Grimmsnarl|97\/100\n|-damage|p2b: Zapdos|56\/100\n|-unboost|p2a: Grimmsnarl|spe|1\n|-unboost|p2b: Zapdos|spe|1\n|-ability|p2b: Zapdos|Defiant|boost\n|-boost|p2b: Zapdos|atk|2\n|move|p1a: Chandelure|Trailblaze|p2b: Zapdos\n|-supereffective|p2b: Zapdos\n|-damage|p2b: Zapdos|20\/100\n|-boost|p1a: Chandelure|spe|1\n|move|p2a: Grimmsnarl|Play Rough|p1a: Chandelure\n|-resisted|p1a: Chandelure\n|-damage|p1a: Chandelure|0 fnt\n|faint|p1a: Chandelure\n|\n|upkeep\n|inactive|DazzlingBrilliance has 120 seconds left.\n|\n|t:|1698911154\n|switch|p1a: Eldegoss|Eldegoss, M, shiny|100\/100\n|turn|5\n|inactive|DazzlingBrilliance has 120 seconds left.\n|\n|t:|1698911178\n|move|p2a: Grimmsnarl|Taunt|p1a: Eldegoss\n|-start|p1a: Eldegoss|move: Taunt\n|move|p1b: Qweefish|Icy Wind|p2b: Zapdos|[spread] p2a,p2b\n|-supereffective|p2b: Zapdos\n|-damage|p2a: Grimmsnarl|94\/100\n|-damage|p2b: Zapdos|10\/100\n|-unboost|p2a: Grimmsnarl|spe|1\n|-unboost|p2b: Zapdos|spe|1\n|-ability|p2b: Zapdos|Defiant|boost\n|-boost|p2b: Zapdos|atk|2\n|move|p2b: Zapdos|Blaze Kick|p1b: Qweefish\n|-resisted|p1b: Qweefish\n|-damage|p1b: Qweefish|12\/100\n|cant|p1a: Eldegoss|move: Taunt|Leech Seed\n|\n|-heal|p1b: Qweefish|18\/100|[from] item: Leftovers\n|-end|p1b: Qweefish|move: Taunt\n|upkeep\n|turn|6\n|inactive|DazzlingBrilliance has 120 seconds left.\n|\n|t:|1698911208\n|move|p1b: Qweefish|Aqua Jet|p2b: Zapdos\n|-supereffective|p2b: Zapdos\n|-damage|p2b: Zapdos|0 fnt\n|faint|p2b: Zapdos\n|move|p2a: Grimmsnarl|Taunt|p1b: Qweefish\n|-start|p1b: Qweefish|move: Taunt\n|move|p1a: Eldegoss|Pollen Puff|p1b: Qweefish\n|-heal|p1b: Qweefish|68\/100\n|\n|-heal|p1b: Qweefish|74\/100|[from] item: Leftovers\n|upkeep\n|\n|t:|1698911222\n|switch|p2b: Porygon-Z|Porygon-Z|100\/100\n|turn|7\n|inactive|DazzlingBrilliance has 120 seconds left.\n|\n|t:|1698911247\n|switch|p2a: Skarmory|Skarmory, M|100\/100\n|move|p2b: Porygon-Z|Thunderbolt|p1b: Qweefish\n|-supereffective|p1b: Qweefish\n|-damage|p1b: Qweefish|0 fnt\n|faint|p1b: Qweefish\n|move|p1a: Eldegoss|Rapid Spin|p2a: Skarmory\n|-resisted|p2a: Skarmory\n|-damage|p2a: Skarmory|99\/100\n|-boost|p1a: Eldegoss|spe|1\n|-damage|p1a: Eldegoss|84\/100|[from] item: Rocky Helmet|[of] p2a: Skarmory\n|\n|-heal|p1a: Eldegoss|90\/100|[from] item: Leftovers\n|-end|p1a: Eldegoss|move: Taunt\n|upkeep\n|inactive|DazzlingBrilliance has 120 seconds left.\n|\n|t:|1698911259\n|switch|p1b: Jirachi|Jirachi, shiny|100\/100\n|turn|8\n|\n|t:|1698911271\n|move|p1b: Jirachi|Cosmic Power|p1b: Jirachi\n|-boost|p1b: Jirachi|def|1\n|-boost|p1b: Jirachi|spd|1\n|move|p2b: Porygon-Z|Ice Beam|p1a: Eldegoss\n|-supereffective|p1a: Eldegoss\n|-damage|p1a: Eldegoss|29\/100\n|-status|p1a: Eldegoss|frz\n|cant|p1a: Eldegoss|frz\n|move|p2a: Skarmory|Whirlwind|p1b: Jirachi\n|drag|p1b: Altaria|Altaria, M, shiny|100\/100\n|-ability|p1b: Altaria|Cloud Nine\n|\n|-heal|p1a: Eldegoss|35\/100 frz|[from] item: Leftovers\n|-sideend|p2: Rhyszznnccvv|move: Light Screen\n|upkeep\n|turn|9\n|inactive|Rhyszznnccvv has 120 seconds left.\n|\n|t:|1698911302\n|-terastallize|p1b: Altaria|Steel\n|move|p2b: Porygon-Z|Agility|p2b: Porygon-Z\n|-boost|p2b: Porygon-Z|spe|2\n|move|p1b: Altaria|Mud-Slap|p2b: Porygon-Z\n|-damage|p2b: Porygon-Z|96\/100\n|-unboost|p2b: Porygon-Z|accuracy|1\n|cant|p1a: Eldegoss|frz\n|move|p2a: Skarmory|Whirlwind|p1b: Altaria\n|drag|p1b: Jirachi|Jirachi, shiny|100\/100\n|\n|-heal|p1a: Eldegoss|41\/100 frz|[from] item: Leftovers\n|-sideend|p2: Rhyszznnccvv|Reflect\n|upkeep\n|turn|10\n|inactive|Rhyszznnccvv has 120 seconds left.\n|\n|t:|1698911332\n|move|p2b: Porygon-Z|Ice Beam|p1a: Eldegoss\n|-supereffective|p1a: Eldegoss\n|-damage|p1a: Eldegoss|0 fnt\n|faint|p1a: Eldegoss\n|move|p1b: Jirachi|Charge Beam|p2a: Skarmory\n|-supereffective|p2a: Skarmory\n|-damage|p2a: Skarmory|62\/100\n|-boost|p1b: Jirachi|spa|1\n|move|p2a: Skarmory|Body Press|p1b: Jirachi\n|-damage|p1b: Jirachi|71\/100\n|\n|-heal|p1b: Jirachi|78\/100|[from] item: Leftovers\n|upkeep\n|inactive|DazzlingBrilliance has 120 seconds left.\n|\n|t:|1698911346\n|switch|p1a: Altaria|Altaria, M, shiny, tera:Steel|100\/100\n|-ability|p1a: Altaria|Cloud Nine\n|turn|11\n|\n|t:|1698911360\n|move|p2b: Porygon-Z|Thunderbolt|p1a: Altaria\n|-damage|p1a: Altaria|60\/100\n|move|p1b: Jirachi|Charge Beam|p2a: Skarmory\n|-supereffective|p2a: Skarmory\n|-crit|p2a: Skarmory\n|-damage|p2a: Skarmory|0 fnt\n|-boost|p1b: Jirachi|spa|1\n|faint|p2a: Skarmory\n|move|p1a: Altaria|Mud-Slap|p2b: Porygon-Z\n|-damage|p2b: Porygon-Z|92\/100\n|-unboost|p2b: Porygon-Z|accuracy|1\n|\n|-heal|p1b: Jirachi|84\/100|[from] item: Leftovers\n|-heal|p1a: Altaria|66\/100|[from] item: Leftovers\n|upkeep\n|\n|t:|1698911366\n|switch|p2a: Grimmsnarl|Grimmsnarl, M|94\/100\n|turn|12\n|inactive|DazzlingBrilliance has 120 seconds left.\n|\n|t:|1698911396\n|move|p2a: Grimmsnarl|Light Screen|p2a: Grimmsnarl\n|-sidestart|p2: Rhyszznnccvv|move: Light Screen\n|move|p2b: Porygon-Z|Thunderbolt|p1a: Altaria|[miss]\n|-miss|p2b: Porygon-Z|p1a: Altaria\n|move|p1b: Jirachi|Cosmic Power|p1b: Jirachi\n|-boost|p1b: Jirachi|def|1\n|-boost|p1b: Jirachi|spd|1\n|move|p1a: Altaria|Mud-Slap|p2a: Grimmsnarl\n|-damage|p2a: Grimmsnarl|93\/100\n|-unboost|p2a: Grimmsnarl|accuracy|1\n|\n|-heal|p1b: Jirachi|90\/100|[from] item: Leftovers\n|-heal|p1a: Altaria|72\/100|[from] item: Leftovers\n|upkeep\n|turn|13\n|\n|t:|1698911417\n|move|p2a: Grimmsnarl|Taunt|p1b: Jirachi\n|-start|p1b: Jirachi|move: Taunt\n|move|p2b: Porygon-Z|Thunderbolt|p1a: Altaria\n|-damage|p1a: Altaria|31\/100\n|cant|p1b: Jirachi|move: Taunt|Cosmic Power\n|move|p1a: Altaria|Mud-Slap|p2a: Grimmsnarl\n|-damage|p2a: Grimmsnarl|91\/100\n|-unboost|p2a: Grimmsnarl|accuracy|1\n|\n|-heal|p1b: Jirachi|96\/100|[from] item: Leftovers\n|-heal|p1a: Altaria|38\/100|[from] item: Leftovers\n|upkeep\n|turn|14\n|\n|t:|1698911445\n|move|p2a: Grimmsnarl|Reflect|p2a: Grimmsnarl\n|-sidestart|p2: Rhyszznnccvv|Reflect\n|move|p2b: Porygon-Z|Thunderbolt|p1a: Altaria|[miss]\n|-miss|p2b: Porygon-Z|p1a: Altaria\n|move|p1b: Jirachi|Ancient Power|p2a: Grimmsnarl\n|-damage|p2a: Grimmsnarl|76\/100\n|move|p1a: Altaria|Mud-Slap|p2b: Porygon-Z\n|-damage|p2b: Porygon-Z|89\/100\n|-unboost|p2b: Porygon-Z|accuracy|1\n|\n|-heal|p1b: Jirachi|100\/100|[from] item: Leftovers\n|-heal|p1a: Altaria|44\/100|[from] item: Leftovers\n|upkeep\n|turn|15\n|\n|t:|1698911474\n|move|p2a: Grimmsnarl|Taunt|p1a: Altaria\n|-start|p1a: Altaria|move: Taunt\n|move|p2b: Porygon-Z|Thunderbolt|p1a: Altaria|[miss]\n|-miss|p2b: Porygon-Z|p1a: Altaria\n|move|p1b: Jirachi|Ancient Power|p2b: Porygon-Z\n|-damage|p2b: Porygon-Z|57\/100\n|move|p1a: Altaria|Fly||[still]\n|-prepare|p1a: Altaria|Fly\n|\n|-heal|p1a: Altaria|50\/100|[from] item: Leftovers\n|-end|p1b: Jirachi|move: Taunt\n|upkeep\n|turn|16\n|\n|t:|1698911492\n|switch|p2b: Basculegion|Basculegion, M|100\/100\n|move|p2a: Grimmsnarl|Taunt|p1b: Jirachi|[miss]\n|-miss|p2a: Grimmsnarl|p1b: Jirachi\n|move|p1b: Jirachi|Cosmic Power|p1b: Jirachi\n|-boost|p1b: Jirachi|def|1\n|-boost|p1b: Jirachi|spd|1\n|move|p1a: Altaria|Fly|p2b: Basculegion|[from]lockedmove\n|-damage|p2b: Basculegion|83\/100\n|\n|-heal|p1a: Altaria|56\/100|[from] item: Leftovers\n|upkeep\n|turn|17\n|\n|t:|1698911514\n|move|p2a: Grimmsnarl|Taunt|p1b: Jirachi\n|-start|p1b: Jirachi|move: Taunt\n|cant|p1b: Jirachi|move: Taunt|Cosmic Power\n|move|p1a: Altaria|Mud-Slap|p2b: Basculegion\n|-damage|p2b: Basculegion|81\/100\n|-unboost|p2b: Basculegion|accuracy|1\n|move|p2b: Basculegion|Soak|p1b: Jirachi\n|-start|p1b: Jirachi|typechange|Water\n|\n|-heal|p1a: Altaria|62\/100|[from] item: Leftovers\n|-end|p1a: Altaria|move: Taunt\n|upkeep\n|turn|18\n|\n|t:|1698911539\n|move|p2a: Grimmsnarl|Taunt|p1a: Altaria|[miss]\n|-miss|p2a: Grimmsnarl|p1a: Altaria\n|move|p1b: Jirachi|Charge Beam|p2b: Basculegion\n|-supereffective|p2b: Basculegion\n|-damage|p2b: Basculegion|48\/100\n|-boost|p1b: Jirachi|spa|1\n|move|p1a: Altaria|Hone Claws|p1a: Altaria\n|-boost|p1a: Altaria|atk|1\n|-boost|p1a: Altaria|accuracy|1\n|move|p2b: Basculegion|Last Respects|p1a: Altaria\n|-damage|p1a: Altaria|0 fnt\n|faint|p1a: Altaria\n|-damage|p2b: Basculegion|38\/100|[from] item: Life Orb\n|\n|upkeep\n|inactive|DazzlingBrilliance has 120 seconds left.\n|\n|t:|1698911556\n|switch|p1a: Primeape|Primeape, M, shiny|100\/100\n|turn|19\n|\n|t:|1698911570\n|move|p1b: Jirachi|Charge Beam|p2b: Basculegion\n|-supereffective|p2b: Basculegion\n|-damage|p2b: Basculegion|0 fnt\n|-boost|p1b: Jirachi|spa|1\n|faint|p2b: Basculegion\n|move|p1a: Primeape|Dynamic Punch|p2a: Grimmsnarl|[miss]\n|-miss|p1a: Primeape|p2a: Grimmsnarl\n|-enditem|p1a: Primeape|Blunder Policy\n|-boost|p1a: Primeape|spe|2\n|move|p2a: Grimmsnarl|Play Rough|p1a: Primeape\n|-supereffective|p1a: Primeape\n|-damage|p1a: Primeape|12\/100\n|\n|-end|p1b: Jirachi|move: Taunt\n|-sideend|p2: Rhyszznnccvv|move: Light Screen\n|upkeep\n|\n|t:|1698911577\n|switch|p2b: Reuniclus|Reuniclus, F|100\/100\n|turn|20\n|inactive|DazzlingBrilliance has 120 seconds left.\n|\n|t:|1698911629\n|move|p1a: Primeape|Rage Fist|p2b: Reuniclus\n|-supereffective|p2b: Reuniclus\n|-damage|p2b: Reuniclus|66\/100\n|move|p1b: Jirachi|Ancient Power|p2a: Grimmsnarl\n|-damage|p2a: Grimmsnarl|43\/100\n|move|p2a: Grimmsnarl|Play Rough|p1a: Primeape|[miss]\n|-miss|p2a: Grimmsnarl|p1a: Primeape\n|move|p2b: Reuniclus|Psychic|p1a: Primeape\n|-supereffective|p1a: Primeape\n|-damage|p1a: Primeape|0 fnt\n|faint|p1a: Primeape\n|-damage|p2b: Reuniclus|56\/100|[from] item: Life Orb\n|\n|upkeep\n|turn|21\n|inactive|DazzlingBrilliance has 120 seconds left.\n|\n|t:|1698911651\n|move|p2a: Grimmsnarl|Taunt|p1b: Jirachi|[miss]\n|-miss|p2a: Grimmsnarl|p1b: Jirachi\n|move|p1b: Jirachi|Ancient Power|p2a: Grimmsnarl\n|-damage|p2a: Grimmsnarl|9\/100\n|-boost|p1b: Jirachi|atk|1\n|-boost|p1b: Jirachi|def|1\n|-boost|p1b: Jirachi|spa|1\n|-boost|p1b: Jirachi|spd|1\n|-boost|p1b: Jirachi|spe|1\n|move|p2b: Reuniclus|Psychic|p1b: Jirachi\n|-damage|p1b: Jirachi|83\/100\n|-damage|p2b: Reuniclus|46\/100|[from] item: Life Orb\n|\n|-heal|p1b: Jirachi|89\/100|[from] item: Leftovers\n|-sideend|p2: Rhyszznnccvv|Reflect\n|upkeep\n|turn|22\n|inactive|DazzlingBrilliance has 120 seconds left.\n|\n|t:|1698911672\n|move|p2a: Grimmsnarl|Light Screen|p2a: Grimmsnarl\n|-sidestart|p2: Rhyszznnccvv|move: Light Screen\n|move|p1b: Jirachi|Charge Beam|p2a: Grimmsnarl\n|-damage|p2a: Grimmsnarl|0 fnt\n|-boost|p1b: Jirachi|spa|1\n|faint|p2a: Grimmsnarl\n|move|p2b: Reuniclus|Psychic|p1b: Jirachi\n|-damage|p1b: Jirachi|71\/100\n|-damage|p2b: Reuniclus|36\/100|[from] item: Life Orb\n|\n|-heal|p1b: Jirachi|78\/100|[from] item: Leftovers\n|upkeep\n|\n|t:|1698911677\n|switch|p2a: Porygon-Z|Porygon-Z|57\/100\n|turn|23\n|\n|t:|1698911689\n|move|p1b: Jirachi|Ancient Power|p2a: Porygon-Z\n|-damage|p2a: Porygon-Z|0 fnt\n|faint|p2a: Porygon-Z\n|move|p2b: Reuniclus|Psychic|p1b: Jirachi\n|-damage|p1b: Jirachi|61\/100\n|-damage|p2b: Reuniclus|26\/100|[from] item: Life Orb\n|\n|-heal|p1b: Jirachi|67\/100|[from] item: Leftovers\n|upkeep\n|turn|24\n|\n|t:|1698911697\n|move|p1b: Jirachi|Ancient Power|p2b: Reuniclus\n|-damage|p2b: Reuniclus|0 fnt\n|faint|p2b: Reuniclus\n|\n|win|DazzlingBrilliance\n|raw|DazzlingBrilliance's rating: 1054 &rarr; <strong>1095<\/strong><br \/>(+41 for winning)\n|raw|Rhyszznnccvv's rating: 1153 &rarr; <strong>1121<\/strong><br \/>(-32 for losing)\n|l|\u2606Rhyszznnccvv\n","uploadtime":1698911704,"views":10,"p1id":"dazzlingbrilliance","p2id":"rhyszznnccvv","formatid":"gen9nationaldexdoubles","rating":1095,"private":0,"password":""}