{"id":"gen9nationaldexdoubles-1986985473","p1":"Naia_05","p2":"ChopChop98","format":"[Gen 9] National Dex Doubles","log":"|j|\u2606Naia_05\n|j|\u2606ChopChop98\n|t:|1699546728\n|gametype|doubles\n|player|p1|Naia_05|cynthia-gen4|1123\n|player|p2|ChopChop98|hilbert|1357\n|teamsize|p1|6\n|teamsize|p2|6\n|gen|9\n|tier|[Gen 9] National Dex Doubles\n|rated|\n|rule|HP Percentage Mod: HP is shown in percentages\n|rule|Endless Battle Clause: Forcing endless battles is banned\n|rule|OHKO Clause: OHKO moves are banned\n|rule|Evasion Moves Clause: Evasion moves are banned\n|rule|Evasion Abilities Clause: Evasion abilities are banned\n|rule|Species Clause: Limit one of each Pok\u00e9mon\n|rule|Gravity Sleep Clause: The combination of sleep-inducing moves with imperfect accuracy and Gravity or Gigantamax Orbeetle are banned\n|clearpoke\n|poke|p1|Shiinotic, F|\n|poke|p1|Sableye, M|\n|poke|p1|Greedent, F|\n|poke|p1|Xurkitree|\n|poke|p1|Iron Moth|\n|poke|p1|Garchomp, F|\n|poke|p2|Urshifu-*, M|\n|poke|p2|Basculegion, M|\n|poke|p2|Tornadus, M|\n|poke|p2|Zapdos|\n|poke|p2|Pelipper, M|\n|poke|p2|Kingambit, M|\n|teampreview\n|inactive|Battle timer is ON: inactive players will automatically lose when time's up. (requested by ChopChop98)\n|\n|t:|1699546740\n|start\n|switch|p1a: Shiinotic|Shiinotic, F|100\/100\n|switch|p1b: Sableye|Sableye, M|100\/100\n|switch|p2a: Pelipper|Pelipper, M|100\/100\n|switch|p2b: Zapdos|Zapdos|100\/100\n|-weather|RainDance|[from] ability: Drizzle|[of] p2a: Pelipper\n|turn|1\n|\n|t:|1699546754\n|move|p1b: Sableye|Skill Swap|p1a: Shiinotic\n|-activate|p1b: Sableye|move: Skill Swap|||[of] p1a: Shiinotic\n|move|p1a: Shiinotic|Spore|p2b: Zapdos\n|-status|p2b: Zapdos|slp|[from] move: Spore\n|cant|p2b: Zapdos|slp\n|move|p2a: Pelipper|Tailwind|p2a: Pelipper\n|-sidestart|p2: ChopChop98|move: Tailwind\n|\n|-weather|RainDance|[upkeep]\n|upkeep\n|turn|2\n|\n|t:|1699546768\n|move|p1a: Shiinotic|Spore|p2a: Pelipper\n|-status|p2a: Pelipper|slp|[from] move: Spore\n|cant|p2b: Zapdos|slp\n|cant|p2a: Pelipper|slp\n|move|p1b: Sableye|Taunt|p2a: Pelipper\n|-start|p2a: Pelipper|move: Taunt\n|\n|-weather|RainDance|[upkeep]\n|upkeep\n|turn|3\n|\n|t:|1699546780\n|move|p1a: Shiinotic|Substitute|p1a: Shiinotic\n|-start|p1a: Shiinotic|Substitute\n|-damage|p1a: Shiinotic|76\/100\n|cant|p2b: Zapdos|slp\n|cant|p2a: Pelipper|slp\n|move|p1b: Sableye|Encore|p2a: Pelipper\n|-start|p2a: Pelipper|Encore\n|\n|-weather|RainDance|[upkeep]\n|upkeep\n|turn|4\n|c|\u2606ChopChop98|Bitch.\n|\n|t:|1699546795\n|switch|p2a: Tornadus|Tornadus, M|100\/100\n|move|p1a: Shiinotic|Strength Sap|p2b: Zapdos\n|-unboost|p2b: Zapdos|atk|1\n|-heal|p1a: Shiinotic|100\/100\n|-curestatus|p2b: Zapdos|slp|[msg]\n|move|p2b: Zapdos|Hurricane|p1a: Shiinotic\n|-supereffective|p1a: Shiinotic\n|-end|p1a: Shiinotic|Substitute\n|move|p1b: Sableye|Taunt|p2b: Zapdos\n|-start|p2b: Zapdos|move: Taunt\n|\n|-weather|RainDance|[upkeep]\n|-sideend|p2: ChopChop98|move: Tailwind\n|upkeep\n|turn|5\n|\n|t:|1699546812\n|move|p2a: Tornadus|Taunt|p1a: Shiinotic\n|-start|p1a: Shiinotic|move: Taunt\n|-enditem|p1a: Shiinotic|Mental Herb\n|-end|p1a: Shiinotic|move: Taunt\n|move|p1a: Shiinotic|Spore|p2b: Zapdos\n|-status|p2b: Zapdos|slp|[from] move: Spore\n|cant|p2b: Zapdos|slp\n|move|p1b: Sableye|Taunt|p2a: Tornadus\n|-start|p2a: Tornadus|move: Taunt\n|\n|-weather|RainDance|[upkeep]\n|upkeep\n|turn|6\n|\n|t:|1699546825\n|move|p1a: Shiinotic|After You|p1b: Sableye\n|-activate|p1b: Sableye|move: After You\n|move|p1b: Sableye|Encore|p2a: Tornadus\n|-start|p2a: Tornadus|Encore\n|cant|p2a: Tornadus|move: Taunt|Taunt\n|cant|p2b: Zapdos|slp\n|\n|-weather|RainDance|[upkeep]\n|upkeep\n|turn|7\n|\n|t:|1699546837\n|switch|p2a: Pelipper|Pelipper, M|100\/100 slp\n|move|p1a: Shiinotic|Substitute|p1a: Shiinotic\n|-start|p1a: Shiinotic|Substitute\n|-damage|p1a: Shiinotic|76\/100\n|-curestatus|p2b: Zapdos|slp|[msg]\n|move|p2b: Zapdos|Hurricane|p1a: Shiinotic\n|-supereffective|p1a: Shiinotic\n|-end|p1a: Shiinotic|Substitute\n|move|p1b: Sableye|Taunt|p2a: Pelipper\n|-start|p2a: Pelipper|move: Taunt\n|\n|-weather|RainDance|[upkeep]\n|-end|p2b: Zapdos|move: Taunt\n|upkeep\n|turn|8\n|c|\u2606ChopChop98|Oh, go suck a dick.\n|\n|t:|1699546856\n|move|p1a: Shiinotic|Spore|p2b: Zapdos\n|-status|p2b: Zapdos|slp|[from] move: Spore\n|cant|p2b: Zapdos|slp\n|-curestatus|p2a: Pelipper|slp|[msg]\n|move|p2a: Pelipper|Hurricane|p1a: Shiinotic\n|-supereffective|p1a: Shiinotic\n|-damage|p1a: Shiinotic|3\/100\n|move|p1b: Sableye|Taunt|p2b: Zapdos\n|-start|p2b: Zapdos|move: Taunt\n|\n|-weather|none\n|upkeep\n|turn|9\n|\n|t:|1699546878\n|move|p1a: Shiinotic|Spore|p2a: Pelipper\n|-status|p2a: Pelipper|slp|[from] move: Spore\n|cant|p2b: Zapdos|slp\n|cant|p2a: Pelipper|slp\n|move|p1b: Sableye|Disable|p2b: Zapdos\n|-start|p2b: Zapdos|Disable|Hurricane\n|\n|-end|p2a: Pelipper|move: Taunt\n|upkeep\n|turn|10\n|\n|t:|1699546890\n|move|p1a: Shiinotic|After You|p1b: Sableye\n|-activate|p1b: Sableye|move: After You\n|move|p1b: Sableye|Encore|p2b: Zapdos\n|-start|p2b: Zapdos|Encore\n|cant|p2b: Zapdos|slp\n|cant|p2a: Pelipper|slp\n|\n|upkeep\n|turn|11\n|\n|t:|1699546902\n|switch|p1b: Greedent|Greedent, F|100\/100\n|move|p1a: Shiinotic|Strength Sap|p1b: Greedent\n|-unboost|p1b: Greedent|atk|1\n|-heal|p1a: Shiinotic|100\/100\n|-curestatus|p2b: Zapdos|slp|[msg]\n|-activate|p2b: Zapdos|move: Struggle\n|move|p2b: Zapdos|Struggle|p1b: Greedent\n|-damage|p1b: Greedent|96\/100\n|-damage|p2b: Zapdos|76\/100|[from] recoil\n|cant|p2a: Pelipper|slp\n|\n|-end|p2b: Zapdos|move: Taunt\n|upkeep\n|turn|12\n|inactive|ChopChop98 has 120 seconds left.\n|\n|t:|1699546932\n|switch|p2b: Kingambit|Kingambit, M|100\/100\n|move|p1a: Shiinotic|Substitute|p1a: Shiinotic\n|-start|p1a: Shiinotic|Substitute\n|-damage|p1a: Shiinotic|76\/100\n|-curestatus|p2a: Pelipper|slp|[msg]\n|move|p2a: Pelipper|Hurricane|p1a: Shiinotic\n|-supereffective|p1a: Shiinotic\n|-end|p1a: Shiinotic|Substitute\n|move|p1b: Greedent|Belly Drum|p1b: Greedent\n|-damage|p1b: Greedent|46\/100\n|-setboost|p1b: Greedent|atk|6|[from] move: Belly Drum\n|-enditem|p1b: Greedent|Sitrus Berry|[eat]\n|-heal|p1b: Greedent|71\/100|[from] item: Sitrus Berry\n|-heal|p1b: Greedent|100\/100|[from] ability: Cheek Pouch\n|\n|upkeep\n|turn|13\n|c|\u2606Naia_05|Stop to cry\n|\n|t:|1699546960\n|switch|p2a: Zapdos|Zapdos|76\/100\n|move|p1a: Shiinotic|After You|p1b: Greedent\n|-activate|p1b: Greedent|move: After You\n|move|p1b: Greedent|Superpower|p2b: Kingambit\n|-supereffective|p2b: Kingambit\n|-damage|p2b: Kingambit|0 fnt\n|-unboost|p1b: Greedent|atk|1\n|-unboost|p1b: Greedent|def|1\n|faint|p2b: Kingambit\n|\n|upkeep\n|\n|t:|1699546970\n|switch|p2b: Tornadus|Tornadus, M|100\/100\n|turn|14\n|\n|t:|1699546981\n|-terastallize|p1a: Shiinotic|Dark\n|move|p2b: Tornadus|Taunt|p1a: Shiinotic\n|-hint|Since gen 7, Dark is immune to Prankster moves.\n|-immune|p1a: Shiinotic\n|move|p1a: Shiinotic|Spore|p2a: Zapdos\n|-status|p2a: Zapdos|slp|[from] move: Spore\n|cant|p2a: Zapdos|slp\n|move|p1b: Greedent|Body Slam|p2b: Tornadus\n|-damage|p2b: Tornadus|0 fnt\n|faint|p2b: Tornadus\n|\n|upkeep\n|-message|ChopChop98 forfeited.\n|\n|win|Naia_05\n|raw|Naia_05's rating: 1123 &rarr; <strong>1163<\/strong><br \/>(+40 for winning)\n|raw|ChopChop98's rating: 1357 &rarr; <strong>1325<\/strong><br \/>(-32 for losing)\n|l|\u2606ChopChop98\n","uploadtime":1699546846,"views":5,"p1id":"naia05","p2id":"chopchop98","formatid":"gen9nationaldexdoubles","rating":1163,"private":0,"password":""}