{"id":"gen9nationaldexdoubles-1958748358","p1":"El Ryuk456","p2":"koreanfroslass","format":"[Gen 9] National Dex Doubles","log":"|j|\u2606El Ryuk456\n|j|\u2606koreanfroslass\n|t:|1696355004\n|gametype|doubles\n|player|p1|El Ryuk456|blaine|1337\n|player|p2|koreanfroslass|cheryl|1413\n|teamsize|p1|6\n|teamsize|p2|6\n|gen|9\n|tier|[Gen 9] National Dex Doubles\n|rated|\n|rule|HP Percentage Mod: HP is shown in percentages\n|rule|Endless Battle Clause: Forcing endless battles is banned\n|rule|OHKO Clause: OHKO moves are banned\n|rule|Evasion Moves Clause: Evasion moves are banned\n|rule|Evasion Abilities Clause: Evasion abilities are banned\n|rule|Species Clause: Limit one of each Pok\u00e9mon\n|rule|Gravity Sleep Clause: The combination of sleep-inducing moves with imperfect accuracy and Gravity or Gigantamax Orbeetle are banned\n|clearpoke\n|poke|p1|Sableye, M|\n|poke|p1|Mandibuzz, F|\n|poke|p1|Kleavor, M|\n|poke|p1|Samurott-Hisui, M|\n|poke|p1|Armarouge, M|\n|poke|p1|Skeledirge, M|\n|poke|p2|Froslass, F|\n|poke|p2|Thundurus, M|\n|poke|p2|Tornadus, M|\n|poke|p2|Garchomp, M|\n|poke|p2|Chi-Yu|\n|poke|p2|Iron Hands|\n|teampreview\n|inactive|Battle timer is ON: inactive players will automatically lose when time's up. (requested by koreanfroslass)\n|\n|t:|1696355016\n|start\n|switch|p1a: Bushii|Samurott-Hisui, M|100\/100\n|switch|p1b: Kaido|Kleavor, M|100\/100\n|switch|p2a: Chi-Yu|Chi-Yu|100\/100\n|switch|p2b: Tornadus|Tornadus, M|100\/100\n|-ability|p2a: Chi-Yu|Beads of Ruin\n|turn|1\n|\n|t:|1696355029\n|-terastallize|p2a: Chi-Yu|Fire\n|-terastallize|p1b: Kaido|Dragon\n|move|p2b: Tornadus|Sunny Day|p2b: Tornadus\n|-weather|SunnyDay\n|move|p2a: Chi-Yu|Heat Wave|p1a: Bushii|[spread] p1a,p1b\n|-resisted|p1a: Bushii\n|-resisted|p1b: Kaido\n|-damage|p1a: Bushii|39\/100\n|-damage|p1b: Kaido|0 fnt\n|faint|p1b: Kaido\n|move|p1a: Bushii|Ceaseless Edge|p2a: Chi-Yu\n|-damage|p2a: Chi-Yu|24\/100\n|-sidestart|p2: koreanfroslass|Spikes\n|\n|-weather|SunnyDay|[upkeep]\n|upkeep\n|\n|t:|1696355045\n|switch|p1b: Yami|Sableye, M|100\/100\n|turn|2\n|\n|t:|1696355048\n|move|p2b: Tornadus|Tailwind|p2b: Tornadus\n|-sidestart|p2: koreanfroslass|move: Tailwind\n|move|p1a: Bushii|Sucker Punch|p2a: Chi-Yu\n|-damage|p2a: Chi-Yu|0 fnt\n|faint|p2a: Chi-Yu\n|move|p1b: Yami|Light Screen|p1b: Yami\n|-sidestart|p1: El Ryuk456|move: Light Screen\n|\n|-weather|SunnyDay|[upkeep]\n|upkeep\n|\n|t:|1696355059\n|switch|p2a: Garchomp|Garchomp, M|100\/100\n|-damage|p2a: Garchomp|88\/100|[from] Spikes\n|turn|3\n|\n|t:|1696355065\n|move|p1b: Yami|Will-O-Wisp|p2a: Garchomp\n|-status|p2a: Garchomp|brn\n|move|p2a: Garchomp|Earthquake|p1a: Bushii|[spread] p1a,p1b\n|-immune|p2b: Tornadus\n|-damage|p1a: Bushii|3\/100\n|-damage|p1b: Yami|63\/100\n|move|p2b: Tornadus|Bleakwind Storm|p1a: Bushii|[spread] p1a,p1b\n|-damage|p1a: Bushii|0 fnt\n|-damage|p1b: Yami|31\/100\n|-unboost|p1b: Yami|spe|1\n|faint|p1a: Bushii\n|\n|-weather|SunnyDay|[upkeep]\n|-damage|p2a: Garchomp|82\/100 brn|[from] brn\n|upkeep\n|\n|t:|1696355077\n|switch|p1a: Dai|Mandibuzz, F|100\/100\n|turn|4\n|\n|t:|1696355081\n|move|p2b: Tornadus|Taunt|p1a: Dai\n|-hint|Since gen 7, Dark is immune to Prankster moves.\n|-immune|p1a: Dai\n|move|p1b: Yami|Reflect|p1b: Yami\n|-sidestart|p1: El Ryuk456|Reflect\n|move|p2a: Garchomp|Earthquake|p1b: Yami|[spread] p1b\n|-immune|p2b: Tornadus\n|-immune|p1a: Dai\n|-damage|p1b: Yami|7\/100\n|move|p1a: Dai|Snarl|p2b: Tornadus|[spread] p2a,p2b\n|-damage|p2a: Garchomp|72\/100 brn\n|-damage|p2b: Tornadus|92\/100\n|-unboost|p2a: Garchomp|spa|1\n|\n|-weather|SunnyDay|[upkeep]\n|-damage|p2a: Garchomp|66\/100 brn|[from] brn\n|upkeep\n|turn|5\n|\n|t:|1696355106\n|move|p1b: Yami|Will-O-Wisp|p2b: Tornadus\n|-status|p2b: Tornadus|brn\n|move|p2a: Garchomp|Earthquake|p1b: Yami|[spread] p1b\n|-immune|p2b: Tornadus\n|-immune|p1a: Dai\n|-damage|p1b: Yami|0 fnt\n|faint|p1b: Yami\n|move|p2b: Tornadus|Bleakwind Storm|p1a: Dai|[miss]\n|-miss|p2b: Tornadus|p1a: Dai\n|move|p1a: Dai|Foul Play|p2b: Tornadus\n|-damage|p2b: Tornadus|57\/100 brn\n|\n|-weather|none\n|-damage|p2a: Garchomp|59\/100 brn|[from] brn\n|-damage|p2b: Tornadus|51\/100 brn|[from] brn\n|-sideend|p2: koreanfroslass|move: Tailwind\n|upkeep\n|inactive|El Ryuk456 has 120 seconds left.\n|\n|t:|1696355124\n|switch|p1b: Wildfire|Armarouge, M|100\/100\n|turn|6\n|\n|t:|1696355132\n|move|p1b: Wildfire|Wide Guard|p1b: Wildfire\n|-singleturn|p1b: Wildfire|Wide Guard\n|move|p2b: Tornadus|Tailwind|p2b: Tornadus\n|-sidestart|p2: koreanfroslass|move: Tailwind\n|move|p2a: Garchomp|Earthquake|p1a: Dai|[spread] \n|-activate|p1a: Dai|move: Wide Guard\n|-activate|p1b: Wildfire|move: Wide Guard\n|-immune|p2b: Tornadus\n|move|p1a: Dai|Foul Play|p2b: Tornadus\n|-crit|p2b: Tornadus\n|-damage|p2b: Tornadus|0 fnt\n|faint|p2b: Tornadus\n|\n|-damage|p2a: Garchomp|53\/100 brn|[from] brn\n|upkeep\n|\n|t:|1696355138\n|switch|p2b: Iron Hands|Iron Hands|100\/100\n|-damage|p2b: Iron Hands|88\/100|[from] Spikes\n|turn|7\n|\n|t:|1696355153\n|switch|p2a: Thundurus|Thundurus, M|100\/100\n|move|p2b: Iron Hands|Fake Out|p1b: Wildfire\n|-damage|p1b: Wildfire|91\/100\n|move|p1a: Dai|Foul Play|p2b: Iron Hands\n|-resisted|p2b: Iron Hands\n|-damage|p2b: Iron Hands|69\/100\n|cant|p1b: Wildfire|flinch\n|\n|upkeep\n|turn|8\n|\n|t:|1696355168\n|move|p2a: Thundurus|Wildbolt Storm|p1a: Dai|[spread] p1a,p1b\n|-supereffective|p1a: Dai\n|-damage|p1a: Dai|74\/100\n|-damage|p1b: Wildfire|71\/100\n|move|p2b: Iron Hands|Wild Charge|p1a: Dai\n|-supereffective|p1a: Dai\n|-damage|p1a: Dai|25\/100\n|-damage|p2b: Iron Hands|58\/100|[from] Recoil\n|move|p1a: Dai|Foul Play|p2a: Thundurus\n|-damage|p2a: Thundurus|72\/100\n|-zpower|p1b: Wildfire\n|move|p1b: Wildfire|Inferno Overdrive|p2b: Iron Hands|[zeffect]\n|-damage|p2b: Iron Hands|15\/100\n|\n|-heal|p1a: Dai|31\/100|[from] item: Leftovers\n|upkeep\n|turn|9\n|\n|t:|1696355183\n|move|p2a: Thundurus|Wildbolt Storm|p1b: Wildfire|[spread] p1a,p1b\n|-supereffective|p1a: Dai\n|-damage|p1a: Dai|3\/100\n|-damage|p1b: Wildfire|52\/100\n|move|p2b: Iron Hands|Wild Charge|p1a: Dai\n|-supereffective|p1a: Dai\n|-damage|p1a: Dai|0 fnt\n|faint|p1a: Dai\n|-damage|p2b: Iron Hands|15\/100|[from] Recoil\n|move|p1b: Wildfire|Trick Room|p1b: Wildfire\n|-fieldstart|move: Trick Room|[of] p1b: Wildfire\n|\n|-sideend|p1: El Ryuk456|move: Light Screen\n|-sideend|p2: koreanfroslass|move: Tailwind\n|upkeep\n|\n|t:|1696355189\n|switch|p1a: Rookie|Skeledirge, M|100\/100\n|turn|10\n|\n|t:|1696355209\n|move|p2a: Thundurus|Thunder Wave|p1a: Rookie\n|-status|p1a: Rookie|par\n|move|p1a: Rookie|Torch Song|p2b: Iron Hands\n|-damage|p2b: Iron Hands|0 fnt\n|-boost|p1a: Rookie|spa|1\n|faint|p2b: Iron Hands\n|-end|p2b: Iron Hands|Quark Drive|[silent]\n|move|p1b: Wildfire|Armor Cannon|p2a: Thundurus\n|-damage|p2a: Thundurus|16\/100\n|-unboost|p1b: Wildfire|def|1\n|-unboost|p1b: Wildfire|spd|1\n|\n|upkeep\n|\n|t:|1696355215\n|switch|p2b: Garchomp|Garchomp, M|53\/100 brn\n|-damage|p2b: Garchomp|41\/100 brn|[from] Spikes\n|turn|11\n|\n|t:|1696355224\n|move|p1b: Wildfire|Wide Guard|p1b: Wildfire\n|-singleturn|p1b: Wildfire|Wide Guard\n|move|p2a: Thundurus|Rain Dance|p2a: Thundurus\n|-weather|RainDance\n|move|p1a: Rookie|Snarl|p2b: Garchomp|[spread] p2a,p2b\n|-damage|p2a: Thundurus|0 fnt\n|-damage|p2b: Garchomp|19\/100 brn\n|-unboost|p2b: Garchomp|spa|1\n|faint|p2a: Thundurus\n|move|p2b: Garchomp|Earthquake|p1b: Wildfire|[spread] \n|-activate|p1a: Rookie|move: Wide Guard\n|-activate|p1b: Wildfire|move: Wide Guard\n|\n|-weather|RainDance|[upkeep]\n|-damage|p2b: Garchomp|13\/100 brn|[from] brn\n|-sideend|p1: El Ryuk456|Reflect\n|upkeep\n|\n|t:|1696355228\n|switch|p2a: Froslass|Froslass, F|100\/100\n|-damage|p2a: Froslass|88\/100|[from] Spikes\n|turn|12\n|\n|t:|1696355237\n|move|p1b: Wildfire|Wide Guard|p1b: Wildfire\n|-singleturn|p1b: Wildfire|Wide Guard\n|cant|p1a: Rookie|par\n|move|p2b: Garchomp|Earthquake|p1b: Wildfire|[spread] p2a\n|-activate|p1a: Rookie|move: Wide Guard\n|-activate|p1b: Wildfire|move: Wide Guard\n|-damage|p2a: Froslass|48\/100\n|move|p2a: Froslass|Trick|p1a: Rookie\n|-activate|p2a: Froslass|move: Trick|[of] p1a: Rookie\n|-item|p1a: Rookie|Choice Scarf|[from] move: Trick\n|-item|p2a: Froslass|Sitrus Berry|[from] move: Trick\n|-enditem|p2a: Froslass|Sitrus Berry|[eat]\n|-heal|p2a: Froslass|73\/100|[from] item: Sitrus Berry\n|\n|-weather|RainDance|[upkeep]\n|-damage|p2b: Garchomp|6\/100 brn|[from] brn\n|upkeep\n|turn|13\n|\n|t:|1696355260\n|move|p1a: Rookie|Snarl|p2a: Froslass|[spread] p2a,p2b\n|-supereffective|p2a: Froslass\n|-damage|p2a: Froslass|21\/100\n|-damage|p2b: Garchomp|0 fnt\n|-unboost|p2a: Froslass|spa|1\n|faint|p2b: Garchomp\n|move|p1b: Wildfire|Armor Cannon|p2a: Froslass\n|-supereffective|p2a: Froslass\n|-damage|p2a: Froslass|0 fnt\n|-unboost|p1b: Wildfire|def|1\n|-unboost|p1b: Wildfire|spd|1\n|-start|p1b: Wildfire|Disable|Armor Cannon|[from] ability: Cursed Body|[of] p2a: Froslass\n|faint|p2a: Froslass\n|\n|win|El Ryuk456\n|raw|El Ryuk456's rating: 1337 &rarr; <strong>1361<\/strong><br \/>(+24 for winning)\n|raw|koreanfroslass's rating: 1413 &rarr; <strong>1389<\/strong><br \/>(-24 for losing)\n|l|\u2606koreanfroslass\n","uploadtime":1696355269,"views":7,"p1id":"elryuk456","p2id":"koreanfroslass","formatid":"gen9nationaldexdoubles","rating":1361,"private":0,"password":""}