{"id":"gen9nationaldexdoubles-1955541359","p1":"JKogut","p2":"annoying oranje","format":"[Gen 9] National Dex Doubles","log":"|j|\u2606JKogut\n|j|\u2606annoying oranje\n|t:|1696006277\n|gametype|doubles\n|player|p1|JKogut|workerice|\n|player|p2|annoying oranje|lyra|\n|teamsize|p1|6\n|teamsize|p2|6\n|gen|9\n|tier|[Gen 9] National Dex Doubles\n|rule|HP Percentage Mod: HP is shown in percentages\n|rule|Endless Battle Clause: Forcing endless battles is banned\n|rule|OHKO Clause: OHKO moves are banned\n|rule|Evasion Moves Clause: Evasion moves are banned\n|rule|Evasion Abilities Clause: Evasion abilities are banned\n|rule|Species Clause: Limit one of each Pok\u00e9mon\n|rule|Gravity Sleep Clause: The combination of sleep-inducing moves with imperfect accuracy and Gravity or Gigantamax Orbeetle are banned\n|clearpoke\n|poke|p1|Lickilicky, M|\n|poke|p1|Skeledirge, M|\n|poke|p1|Kommo-o, M|\n|poke|p1|Kilowattrel, M|\n|poke|p1|Cresselia, F|\n|poke|p1|Grimmsnarl, M|\n|poke|p2|Maushold-Four|\n|poke|p2|Landorus-Therian, M|\n|poke|p2|Whimsicott, F|\n|poke|p2|Marshadow|\n|poke|p2|Virizion|\n|poke|p2|Terrakion|\n|teampreview\n|\n|t:|1696006510\n|start\n|switch|p1a: \"The Birds\" Barbie|Kilowattrel, M, shiny|100\/100\n|switch|p1b: Groovy Barbie|Grimmsnarl, M, shiny|100\/100\n|switch|p2a: Yummy in my tummy|Marshadow|100\/100\n|switch|p2b: Lando Calrissian|Landorus-Therian, M|100\/100\n|-ability|p2b: Lando Calrissian|Intimidate|boost\n|-unboost|p1a: \"The Birds\" Barbie|atk|1\n|-ability|p1a: \"The Birds\" Barbie|Competitive|boost\n|-boost|p1a: \"The Birds\" Barbie|spa|2\n|-enditem|p1a: \"The Birds\" Barbie|Adrenaline Orb\n|-boost|p1a: \"The Birds\" Barbie|spe|1|[from] item: Adrenaline Orb\n|-unboost|p1b: Groovy Barbie|atk|1\n|turn|1\n|\n|t:|1696006580\n|-terastallize|p1a: \"The Birds\" Barbie|Ice\n|move|p1b: Groovy Barbie|Reflect|p1b: Groovy Barbie\n|-sidestart|p1: JKogut|Reflect\n|move|p1a: \"The Birds\" Barbie|Tera Blast|p2b: Lando Calrissian|[anim] Tera Blast Ice\n|-supereffective|p2b: Lando Calrissian\n|-damage|p2b: Lando Calrissian|0 fnt\n|faint|p2b: Lando Calrissian\n|move|p2a: Yummy in my tummy|Close Combat|p1b: Groovy Barbie\n|-damage|p1b: Groovy Barbie|39\/100\n|-unboost|p2a: Yummy in my tummy|def|1\n|-unboost|p2a: Yummy in my tummy|spd|1\n|\n|upkeep\n|\n|t:|1696006599\n|switch|p2b: Dugtrio mice|Maushold-Four|100\/100\n|turn|2\n|\n|t:|1696006654\n|switch|p2a: Millhouse|Terrakion|100\/100\n|move|p1b: Groovy Barbie|Taunt|p2b: Dugtrio mice\n|-start|p2b: Dugtrio mice|move: Taunt\n|move|p1a: \"The Birds\" Barbie|Air Cutter|p2b: Dugtrio mice|[spread] p2a,p2b\n|-damage|p2a: Millhouse|53\/100\n|-damage|p2b: Dugtrio mice|49\/100\n|move|p2b: Dugtrio mice|Beat Up|p2a: Millhouse\n|-resisted|p2a: Millhouse\n|-damage|p2a: Millhouse|50\/100\n|-ability|p2a: Millhouse|Justified|boost\n|-boost|p2a: Millhouse|atk|1\n|-enditem|p2a: Millhouse|Sitrus Berry|[eat]\n|-heal|p2a: Millhouse|75\/100|[from] item: Sitrus Berry\n|-resisted|p2a: Millhouse\n|-damage|p2a: Millhouse|73\/100\n|-ability|p2a: Millhouse|Justified|boost\n|-boost|p2a: Millhouse|atk|1\n|-resisted|p2a: Millhouse\n|-damage|p2a: Millhouse|71\/100\n|-ability|p2a: Millhouse|Justified|boost\n|-boost|p2a: Millhouse|atk|1\n|-resisted|p2a: Millhouse\n|-damage|p2a: Millhouse|69\/100\n|-ability|p2a: Millhouse|Justified|boost\n|-boost|p2a: Millhouse|atk|1\n|-resisted|p2a: Millhouse\n|-damage|p2a: Millhouse|66\/100\n|-ability|p2a: Millhouse|Justified|boost\n|-boost|p2a: Millhouse|atk|1\n|-hitcount|p2a: Millhouse|5\n|\n|upkeep\n|turn|3\n|\n|t:|1696006704\n|switch|p1b: Curvy Barbie|Lickilicky, M|100\/100\n|-ability|p1b: Curvy Barbie|Cloud Nine\n|move|p2a: Millhouse|Protect|p2a: Millhouse\n|-singleturn|p2a: Millhouse|Protect\n|move|p1a: \"The Birds\" Barbie|Air Cutter|p2b: Dugtrio mice|[spread] p2b\n|-activate|p2a: Millhouse|move: Protect\n|-damage|p2b: Dugtrio mice|2\/100\n|move|p2b: Dugtrio mice|Population Bomb|p1b: Curvy Barbie\n|-damage|p1b: Curvy Barbie|97\/100\n|-damage|p2b: Dugtrio mice|0 fnt|[from] item: Rocky Helmet|[of] p1b: Curvy Barbie\n|faint|p2b: Dugtrio mice\n|-hitcount|p1b: Curvy Barbie|1\n|\n|upkeep\n|j| Sasha_Notices\n|\n|t:|1696006718\n|switch|p2b: NeighborhoodThreat|Whimsicott, F|100\/100\n|turn|4\n|\n|t:|1696006735\n|-terastallize|p2a: Millhouse|Steel\n|move|p1b: Curvy Barbie|Helping Hand|p1a: \"The Birds\" Barbie\n|-singleturn|p1a: \"The Birds\" Barbie|Helping Hand|[of] p1b: Curvy Barbie\n|move|p2b: NeighborhoodThreat|Tailwind|p2b: NeighborhoodThreat\n|-sidestart|p2: annoying oranje|move: Tailwind\n|move|p2a: Millhouse|Rock Slide|p1a: \"The Birds\" Barbie|[spread] p1a,p1b\n|-supereffective|p1a: \"The Birds\" Barbie\n|-damage|p1a: \"The Birds\" Barbie|0 fnt\n|-damage|p1b: Curvy Barbie|46\/100\n|faint|p1a: \"The Birds\" Barbie\n|\n|upkeep\n|\n|t:|1696006752\n|switch|p1a: Alopecia Barbie|Skeledirge, M, shiny|100\/100\n|turn|5\n|\n|t:|1696006804\n|move|p1b: Curvy Barbie|Helping Hand|p1a: Alopecia Barbie\n|-singleturn|p1a: Alopecia Barbie|Helping Hand|[of] p1b: Curvy Barbie\n|move|p2b: NeighborhoodThreat|Dazzling Gleam|p1b: Curvy Barbie|[spread] p1a,p1b\n|-resisted|p1a: Alopecia Barbie\n|-damage|p1a: Alopecia Barbie|94\/100\n|-damage|p1b: Curvy Barbie|33\/100\n|move|p2a: Millhouse|Rock Slide|p1a: Alopecia Barbie|[spread] p1b\n|-miss|p2a: Millhouse|p1a: Alopecia Barbie\n|-damage|p1b: Curvy Barbie|0 fnt\n|faint|p1b: Curvy Barbie\n|move|p1a: Alopecia Barbie|Torch Song|p2a: Millhouse\n|-supereffective|p2a: Millhouse\n|-crit|p2a: Millhouse\n|-damage|p2a: Millhouse|0 fnt\n|-boost|p1a: Alopecia Barbie|spa|1\n|faint|p2a: Millhouse\n|\n|-heal|p1a: Alopecia Barbie|99\/100|[from] item: Leftovers\n|upkeep\n|\n|t:|1696006834\n|switch|p2a: Yummy in my tummy|Marshadow|100\/100\n|switch|p1b: Moon God Barbie|Cresselia, F|100\/100\n|turn|6\n|\n|t:|1696006863\n|move|p1a: Alopecia Barbie|Protect|p1a: Alopecia Barbie\n|-singleturn|p1a: Alopecia Barbie|Protect\n|move|p2a: Yummy in my tummy|Spectral Thief|p1b: Moon God Barbie\n|-supereffective|p1b: Moon God Barbie\n|-damage|p1b: Moon God Barbie|44\/100\n|move|p2b: NeighborhoodThreat|Dazzling Gleam|p1a: Alopecia Barbie|[spread] p1b\n|-activate|p1a: Alopecia Barbie|move: Protect\n|-damage|p1b: Moon God Barbie|35\/100\n|move|p1b: Moon God Barbie|Trick Room|p1b: Moon God Barbie\n|-fieldstart|move: Trick Room|[of] p1b: Moon God Barbie\n|\n|-heal|p1a: Alopecia Barbie|100\/100|[from] item: Leftovers\n|upkeep\n|turn|7\n|\n|t:|1696006890\n|move|p2b: NeighborhoodThreat|Encore|p1b: Moon God Barbie\n|-start|p1b: Moon God Barbie|Encore\n|-enditem|p1b: Moon God Barbie|Mental Herb\n|-end|p1b: Moon God Barbie|Encore\n|move|p1a: Alopecia Barbie|Torch Song|p2a: Yummy in my tummy\n|-crit|p2a: Yummy in my tummy\n|-damage|p2a: Yummy in my tummy|16\/100\n|-boost|p1a: Alopecia Barbie|spa|1\n|move|p1b: Moon God Barbie|Lunar Blessing|p1b: Moon God Barbie|[spread] p1a,p1b\n|-heal|p1b: Moon God Barbie|60\/100\n|move|p2a: Yummy in my tummy|Spectral Thief|p1b: Moon God Barbie\n|-supereffective|p1b: Moon God Barbie\n|-damage|p1b: Moon God Barbie|10\/100\n|\n|-sideend|p2: annoying oranje|move: Tailwind\n|upkeep\n|turn|8\n|\n|t:|1696006925\n|move|p1a: Alopecia Barbie|Torch Song|p2b: NeighborhoodThreat\n|-supereffective|p2b: NeighborhoodThreat\n|-enditem|p2b: NeighborhoodThreat|Focus Sash\n|-damage|p2b: NeighborhoodThreat|1\/100\n|-boost|p1a: Alopecia Barbie|spa|1\n|move|p1b: Moon God Barbie|Dazzling Gleam|p2b: NeighborhoodThreat|[spread] p2a,p2b\n|-supereffective|p2a: Yummy in my tummy\n|-damage|p2a: Yummy in my tummy|0 fnt\n|-damage|p2b: NeighborhoodThreat|0 fnt\n|faint|p2a: Yummy in my tummy\n|faint|p2b: NeighborhoodThreat\n|\n|-sideend|p1: JKogut|Reflect\n|upkeep\n|\n|t:|1696006945\n|switch|p2b: Honse|Virizion|100\/100\n|turn|9\n|\n|t:|1696006952\n|move|p2b: Honse|Quick Attack|p1b: Moon God Barbie\n|-damage|p1b: Moon God Barbie|3\/100\n|move|p1a: Alopecia Barbie|Torch Song|p2b: Honse\n|-supereffective|p2b: Honse\n|-damage|p2b: Honse|14\/100\n|-boost|p1a: Alopecia Barbie|spa|1\n|move|p1b: Moon God Barbie|Dazzling Gleam|p2b: Honse\n|-supereffective|p2b: Honse\n|-damage|p2b: Honse|0 fnt\n|faint|p2b: Honse\n|\n|win|JKogut\n|c|\u2606JKogut|gg\n|j| ChronoTrigonometry\n|j| Green133\n|c|\u2606annoying oranje|gg\n","uploadtime":1696006993,"views":16,"p1id":"jkogut","p2id":"annoyingoranje","formatid":"gen9nationaldexdoubles","rating":0,"private":0,"password":""}