{"id":"gen9nationaldexdoubles-1955360986","p1":"Electroshibe","p2":"purrglar","format":"[Gen 9] National Dex Doubles","log":"|j|\u2606Electroshibe\n|j|\u2606purrglar\n|t:|1695991472\n|gametype|doubles\n|player|p1|Electroshibe|benga|1151\n|player|p2|purrglar|petrel|1181\n|teamsize|p1|6\n|teamsize|p2|6\n|gen|9\n|tier|[Gen 9] National Dex Doubles\n|rated|\n|rule|HP Percentage Mod: HP is shown in percentages\n|rule|Endless Battle Clause: Forcing endless battles is banned\n|rule|OHKO Clause: OHKO moves are banned\n|rule|Evasion Moves Clause: Evasion moves are banned\n|rule|Evasion Abilities Clause: Evasion abilities are banned\n|rule|Species Clause: Limit one of each Pok\u00e9mon\n|rule|Gravity Sleep Clause: The combination of sleep-inducing moves with imperfect accuracy and Gravity or Gigantamax Orbeetle are banned\n|clearpoke\n|poke|p1|Ninetales, M|\n|poke|p1|Ceruledge, F|\n|poke|p1|Arcanine-Hisui, F|\n|poke|p1|Eevee, M|\n|poke|p1|Amoonguss, M|\n|poke|p1|Espeon, F|\n|poke|p2|Armarouge, F|\n|poke|p2|Amoonguss, M|\n|poke|p2|Bronzong|\n|poke|p2|Torkoal, L99, M|\n|poke|p2|Iron Hands|\n|poke|p2|Indeedee-F, F|\n|teampreview\n|inactive|Battle timer is ON: inactive players will automatically lose when time's up. (requested by purrglar)\n|c|\u2606purrglar|cool team, glhf\n|\n|t:|1695991485\n|start\n|switch|p1a: Prism|Eevee, M|100\/100\n|switch|p1b: SUS|Amoonguss, M|100\/100\n|switch|p2a: ding dong|Bronzong, shiny|100\/100\n|switch|p2b: \"Hariyama\"|Iron Hands|100\/100\n|turn|1\n|\n|t:|1695991500\n|move|p2b: \"Hariyama\"|Fake Out|p1a: Prism\n|-damage|p1a: Prism|72\/100\n|move|p1b: SUS|Rage Powder|p1b: SUS\n|-singleturn|p1b: SUS|move: Rage Powder\n|cant|p1a: Prism|flinch\n|-zpower|p2a: ding dong\n|move|p2a: ding dong|Z-Trick Room|p2a: ding dong|[anim]Trick Room\n|-boost|p2a: ding dong|accuracy|1|[zeffect]\n|-fieldstart|move: Trick Room|[of] p2a: ding dong\n|\n|upkeep\n|turn|2\n|\n|t:|1695991520\n|-end|p2b: \"Hariyama\"|Quark Drive|[silent]\n|switch|p2b: agree|Indeedee-F, F, shiny|100\/100\n|-fieldstart|move: Psychic Terrain|[from] ability: Psychic Surge|[of] p2b: agree\n|-enditem|p2b: agree|Psychic Seed\n|-boost|p2b: agree|spd|1|[from] item: Psychic Seed\n|move|p1b: SUS|Rage Powder|p1b: SUS\n|-singleturn|p1b: SUS|move: Rage Powder\n|move|p2a: ding dong|Hypnosis|p1b: SUS|[miss]\n|-miss|p2a: ding dong|p1b: SUS\n|-zpower|p1a: Prism\n|move|p1a: Prism|Extreme Evoboost|p1a: Prism\n|-boost|p1a: Prism|atk|2\n|-boost|p1a: Prism|def|2\n|-boost|p1a: Prism|spa|2\n|-boost|p1a: Prism|spd|2\n|-boost|p1a: Prism|spe|2\n|\n|upkeep\n|turn|3\n|c|\u2606Electroshibe|ty, glhf\n|\n|t:|1695991540\n|move|p1b: SUS|Spore|p2a: ding dong\n|-status|p2a: ding dong|slp|[from] move: Spore\n|cant|p2a: ding dong|slp\n|move|p2b: agree|Psychic|p1a: Prism\n|-damage|p1a: Prism|40\/100\n|move|p1a: Prism|Baton Pass|p1a: Prism\n|inactive|Electroshibe has 120 seconds left.\n|\n|t:|1695991556\n|switch|p1a: Galaxy|Espeon, F|100\/100|[from] Baton Pass\n|\n|upkeep\n|turn|4\n|\n|t:|1695991567\n|move|p1b: SUS|Spore|p2b: agree\n|-status|p2b: agree|slp|[from] move: Spore\n|cant|p2a: ding dong|slp\n|cant|p2b: agree|slp\n|move|p1a: Galaxy|Stored Power|p2b: agree\n|-resisted|p2b: agree\n|-damage|p2b: agree|0 fnt\n|faint|p2b: agree\n|-damage|p1a: Galaxy|91\/100|[from] item: Life Orb\n|\n|upkeep\n|\n|t:|1695991575\n|switch|p2b: heat|Torkoal, L99, M|100\/100\n|-weather|SunnyDay|[from] ability: Drought|[of] p2b: heat\n|turn|5\n|\n|t:|1695991587\n|move|p1b: SUS|Rage Powder|p1b: SUS\n|-singleturn|p1b: SUS|move: Rage Powder\n|move|p2b: heat|Eruption|p1b: SUS|[spread] p1a,p1b\n|-supereffective|p1b: SUS\n|-damage|p1a: Galaxy|25\/100\n|-damage|p1b: SUS|0 fnt\n|faint|p1b: SUS\n|-curestatus|p2a: ding dong|slp|[msg]\n|move|p2a: ding dong|Hypnosis|p1a: Galaxy\n|move|p1a: Galaxy|Hypnosis|p2a: ding dong|[from]ability: Magic Bounce\n|-status|p2a: ding dong|slp|[from] move: Hypnosis\n|move|p1a: Galaxy|Stored Power|p2b: heat\n|-damage|p2b: heat|0 fnt\n|faint|p2b: heat\n|-damage|p1a: Galaxy|15\/100|[from] item: Life Orb\n|\n|-weather|SunnyDay|[upkeep]\n|-fieldend|move: Trick Room\n|upkeep\n|\n|t:|1695991604\n|switch|p1b: Funny|Ceruledge, F|100\/100\n|switch|p2b: Armarouge|Armarouge, F|100\/100\n|turn|6\n|\n|t:|1695991614\n|move|p1a: Galaxy|Morning Sun|p1a: Galaxy\n|-heal|p1a: Galaxy|82\/100\n|move|p1b: Funny|Bitter Blade|p2a: ding dong\n|-supereffective|p2a: ding dong\n|-damage|p2a: ding dong|36\/100 slp\n|cant|p2a: ding dong|slp\n|move|p2b: Armarouge|Trick Room|p2b: Armarouge\n|-fieldstart|move: Trick Room|[of] p2b: Armarouge\n|\n|-weather|SunnyDay|[upkeep]\n|-fieldend|move: Psychic Terrain\n|upkeep\n|turn|7\n|\n|t:|1695991634\n|cant|p2a: ding dong|slp\n|move|p2b: Armarouge|Expanding Force|p1b: Funny\n|-damage|p1b: Funny|52\/100\n|move|p1b: Funny|Bitter Blade|p2a: ding dong\n|-supereffective|p2a: ding dong\n|-damage|p2a: ding dong|0 fnt\n|-heal|p1b: Funny|72\/100|[from] drain|[of] p2a: ding dong\n|faint|p2a: ding dong\n|move|p1a: Galaxy|Stored Power|p2b: Armarouge\n|-resisted|p2b: Armarouge\n|-crit|p2b: Armarouge\n|-damage|p2b: Armarouge|0 fnt\n|faint|p2b: Armarouge\n|-damage|p1a: Galaxy|72\/100|[from] item: Life Orb\n|\n|-weather|SunnyDay|[upkeep]\n|upkeep\n|\n|t:|1695991642\n|switch|p2a: edible|Amoonguss, M, shiny|100\/100\n|switch|p2b: \"Hariyama\"|Iron Hands|100\/100\n|turn|8\n|\n|t:|1695991653\n|move|p2b: \"Hariyama\"|Fake Out|p1a: Galaxy\n|-damage|p1a: Galaxy|56\/100\n|move|p2a: edible|Spore|p1b: Funny\n|-status|p1b: Funny|slp|[from] move: Spore\n|cant|p1b: Funny|slp\n|cant|p1a: Galaxy|flinch\n|\n|-weather|SunnyDay|[upkeep]\n|upkeep\n|turn|9\n|\n|t:|1695991673\n|switch|p1b: Amaterasu|Arcanine-Hisui, F|100\/100\n|move|p2a: edible|Clear Smog|p1a: Galaxy\n|-damage|p1a: Galaxy|46\/100\n|-clearboost|p1a: Galaxy\n|move|p2b: \"Hariyama\"|Heavy Slam|p1a: Galaxy\n|-damage|p1a: Galaxy|0 fnt\n|faint|p1a: Galaxy\n|\n|-weather|none\n|upkeep\n|\n|t:|1695991678\n|switch|p1a: Helios|Ninetales, M|100\/100\n|-weather|SunnyDay|[from] ability: Drought|[of] p1a: Helios\n|turn|10\n|\n|t:|1695991687\n|move|p2a: edible|Spore|p1a: Helios\n|-status|p1a: Helios|slp|[from] move: Spore\n|move|p2b: \"Hariyama\"|Close Combat|p1b: Amaterasu\n|-supereffective|p1b: Amaterasu\n|-damage|p1b: Amaterasu|0 fnt\n|-unboost|p2b: \"Hariyama\"|def|1\n|-unboost|p2b: \"Hariyama\"|spd|1\n|faint|p1b: Amaterasu\n|cant|p1a: Helios|slp\n|\n|-weather|SunnyDay|[upkeep]\n|-fieldend|move: Trick Room\n|upkeep\n|\n|t:|1695991692\n|switch|p1b: Funny|Ceruledge, F|72\/100 slp\n|turn|11\n|\n|t:|1695991715\n|-terastallize|p2a: edible|Water\n|-curestatus|p1a: Helios|slp|[msg]\n|move|p1a: Helios|Heat Wave|p2a: edible|[spread] p2a,p2b\n|-resisted|p2a: edible\n|-damage|p2a: edible|85\/100\n|-damage|p2b: \"Hariyama\"|70\/100\n|cant|p1b: Funny|slp\n|move|p2b: \"Hariyama\"|Wild Charge|p1b: Funny\n|-damage|p1b: Funny|0 fnt\n|faint|p1b: Funny\n|-damage|p2b: \"Hariyama\"|58\/100|[from] Recoil\n|move|p2a: edible|Clear Smog|p1a: Helios\n|-damage|p1a: Helios|82\/100\n|-clearboost|p1a: Helios\n|\n|-weather|SunnyDay|[upkeep]\n|upkeep\n|\n|t:|1695991721\n|switch|p1b: Prism|Eevee, M|40\/100\n|turn|12\n|\n|t:|1695991729\n|move|p1a: Helios|Will-O-Wisp|p2b: \"Hariyama\"\n|-status|p2b: \"Hariyama\"|brn\n|move|p1b: Prism|Hyper Voice|p2a: edible|[spread] p2a,p2b\n|-damage|p2a: edible|74\/100\n|-damage|p2b: \"Hariyama\"|46\/100 brn\n|move|p2b: \"Hariyama\"|Close Combat|p1b: Prism\n|-supereffective|p1b: Prism\n|-damage|p1b: Prism|0 fnt\n|-unboost|p2b: \"Hariyama\"|def|1\n|-unboost|p2b: \"Hariyama\"|spd|1\n|faint|p1b: Prism\n|move|p2a: edible|Spore|p1a: Helios\n|-status|p1a: Helios|slp|[from] move: Spore\n|\n|-weather|SunnyDay|[upkeep]\n|-damage|p2b: \"Hariyama\"|40\/100 brn|[from] brn\n|upkeep\n|turn|13\n|\n|t:|1695991744\n|-terastallize|p1a: Helios|Ghost\n|cant|p1a: Helios|slp\n|move|p2b: \"Hariyama\"|Wild Charge|p1a: Helios\n|-damage|p1a: Helios|43\/100 slp\n|-damage|p2b: \"Hariyama\"|34\/100 brn|[from] Recoil\n|move|p2a: edible|Pollen Puff|p2b: \"Hariyama\"\n|-heal|p2b: \"Hariyama\"|84\/100 brn\n|\n|-weather|SunnyDay|[upkeep]\n|-damage|p2b: \"Hariyama\"|77\/100 brn|[from] brn\n|upkeep\n|turn|14\n|\n|t:|1695991761\n|-curestatus|p1a: Helios|slp|[msg]\n|move|p1a: Helios|Heat Wave|p2b: \"Hariyama\"|[spread] p2b\n|-miss|p1a: Helios|p2a: edible\n|-damage|p2b: \"Hariyama\"|39\/100 brn\n|move|p2b: \"Hariyama\"|Wild Charge|p1a: Helios\n|-damage|p1a: Helios|0 fnt\n|faint|p1a: Helios\n|-damage|p2b: \"Hariyama\"|32\/100 brn|[from] Recoil\n|\n|win|purrglar\n|raw|Electroshibe's rating: 1151 &rarr; <strong>1128<\/strong><br \/>(-23 for losing)\n|raw|purrglar's rating: 1181 &rarr; <strong>1204<\/strong><br \/>(+23 for winning)\n|c|\u2606Electroshibe|ggs\n|c|\u2606purrglar|gg\n","uploadtime":1695991776,"views":10,"p1id":"electroshibe","p2id":"purrglar","formatid":"gen9nationaldexdoubles","rating":1128,"private":0,"password":""}