{"id":"gen9nationaldexdoubles-1967399203","p1":"PeanutChewer","p2":"Qapi","format":"[Gen 9] National Dex Doubles","log":"|j|\u2606PeanutChewer\n|j|\u2606Qapi\n|t:|1697298050\n|gametype|doubles\n|player|p1|PeanutChewer|lady|\n|player|p2|Qapi|hiker-gen4|\n|teamsize|p1|6\n|teamsize|p2|6\n|gen|9\n|tier|[Gen 9] National Dex Doubles\n|rule|HP Percentage Mod: HP is shown in percentages\n|rule|Endless Battle Clause: Forcing endless battles is banned\n|rule|OHKO Clause: OHKO moves are banned\n|rule|Evasion Moves Clause: Evasion moves are banned\n|rule|Evasion Abilities Clause: Evasion abilities are banned\n|rule|Species Clause: Limit one of each Pok\u00e9mon\n|rule|Gravity Sleep Clause: The combination of sleep-inducing moves with imperfect accuracy and Gravity or Gigantamax Orbeetle are banned\n|clearpoke\n|poke|p1|Tyranitar, M|\n|poke|p1|Houndstone, M|\n|poke|p1|Articuno-Galar|\n|poke|p1|Oranguru, F|\n|poke|p1|Camerupt, M|\n|poke|p1|Sneasler, M|\n|poke|p2|Glimmora, F|\n|poke|p2|Nihilego|\n|poke|p2|Grafaiai, M|\n|poke|p2|Overqwil, F|\n|poke|p2|Crobat, F|\n|poke|p2|Amoonguss, F|\n|teampreview\n|inactive|Battle timer is ON: inactive players will automatically lose when time's up. (requested by PeanutChewer)\n|c|\u2606PeanutChewer|im back with the same team as last time\n|\n|t:|1697298066\n|start\n|switch|p1a: Tyranitar|Tyranitar, M|100\/100\n|switch|p1b: Houndstone|Houndstone, M|100\/100\n|switch|p2a: Glimmora|Glimmora, F|100\/100\n|switch|p2b: Crobat|Crobat, F|100\/100\n|-weather|Sandstorm|[from] ability: Sand Stream|[of] p1a: Tyranitar\n|turn|1\n|\n|t:|1697298084\n|detailschange|p1a: Tyranitar|Tyranitar-Mega, M\n|-mega|p1a: Tyranitar|Tyranitar|Tyranitarite\n|move|p1b: Houndstone|Psychic Fangs|p2b: Crobat\n|-supereffective|p2b: Crobat\n|-damage|p2b: Crobat|0 fnt\n|faint|p2b: Crobat\n|move|p2a: Glimmora|Earth Power|p1a: Tyranitar\n|-supereffective|p1a: Tyranitar\n|-damage|p1a: Tyranitar|65\/100\n|move|p1a: Tyranitar|Dragon Dance|p1a: Tyranitar\n|-boost|p1a: Tyranitar|atk|1\n|-boost|p1a: Tyranitar|spe|1\n|\n|-weather|Sandstorm|[upkeep]\n|upkeep\n|\n|t:|1697298094\n|switch|p2b: Grafaiai|Grafaiai, M|100\/100\n|turn|2\n|\n|t:|1697298099\n|move|p2b: Grafaiai|Rain Dance|p2b: Grafaiai\n|-weather|RainDance\n|move|p1a: Tyranitar|Aqua Tail|p2a: Glimmora\n|-supereffective|p2a: Glimmora\n|-enditem|p2a: Glimmora|Focus Sash\n|-damage|p2a: Glimmora|1\/100\n|-activate|p2a: Glimmora|ability: Toxic Debris\n|-sidestart|p1: PeanutChewer|move: Toxic Spikes\n|move|p2a: Glimmora|Earth Power|p1a: Tyranitar\n|-supereffective|p1a: Tyranitar\n|-damage|p1a: Tyranitar|10\/100\n|move|p1b: Houndstone|Psychic Fangs|p2b: Grafaiai\n|-supereffective|p2b: Grafaiai\n|-damage|p2b: Grafaiai|0 fnt\n|faint|p2b: Grafaiai\n|\n|-weather|RainDance|[upkeep]\n|upkeep\n|\n|t:|1697298120\n|switch|p2b: Overqwil|Overqwil, F|100\/100\n|turn|3\n|inactive|Qapi has 270 seconds left.\n|\n|t:|1697298155\n|switch|p1b: Sneasler|Sneasler, M|100\/100\n|-item|p1b: Sneasler|Air Balloon\n|move|p2b: Overqwil|Swords Dance|p2b: Overqwil\n|-boost|p2b: Overqwil|atk|2\n|move|p1a: Tyranitar|Aqua Tail|p2a: Glimmora\n|-supereffective|p2a: Glimmora\n|-damage|p2a: Glimmora|0 fnt\n|-activate|p2a: Glimmora|ability: Toxic Debris\n|-sidestart|p1: PeanutChewer|move: Toxic Spikes\n|faint|p2a: Glimmora\n|\n|-weather|RainDance|[upkeep]\n|upkeep\n|inactive|Qapi has 270 seconds left.\n|\n|t:|1697298166\n|switch|p2a: Amoonguss|Amoonguss, F|100\/100\n|turn|4\n|\n|t:|1697298175\n|move|p2a: Amoonguss|Rage Powder|p2a: Amoonguss\n|-singleturn|p2a: Amoonguss|move: Rage Powder\n|move|p2b: Overqwil|Liquidation|p1a: Tyranitar\n|-supereffective|p1a: Tyranitar\n|-damage|p1a: Tyranitar|0 fnt\n|faint|p1a: Tyranitar\n|move|p1b: Sneasler|Swords Dance|p1b: Sneasler\n|-boost|p1b: Sneasler|atk|2\n|\n|-weather|RainDance|[upkeep]\n|upkeep\n|\n|t:|1697298182\n|switch|p1a: Articuno|Articuno-Galar|100\/100\n|turn|5\n|\n|t:|1697298194\n|move|p2a: Amoonguss|Rage Powder|p2a: Amoonguss\n|-singleturn|p2a: Amoonguss|move: Rage Powder\n|move|p2b: Overqwil|Liquidation|p1b: Sneasler\n|-damage|p1b: Sneasler|0 fnt\n|-enditem|p1b: Sneasler|Air Balloon\n|faint|p1b: Sneasler\n|move|p1a: Articuno|Freezing Glare|p2a: Amoonguss\n|-supereffective|p2a: Amoonguss\n|-damage|p2a: Amoonguss|46\/100\n|\n|-weather|RainDance|[upkeep]\n|-heal|p2a: Amoonguss|52\/100|[from] item: Leftovers\n|upkeep\n|\n|t:|1697298201\n|switch|p1b: Houndstone|Houndstone, M|100\/100\n|-status|p1b: Houndstone|tox\n|turn|6\n|\n|t:|1697298215\n|move|p2b: Overqwil|Crunch|p1b: Houndstone\n|-supereffective|p1b: Houndstone\n|-damage|p1b: Houndstone|0 fnt\n|faint|p1b: Houndstone\n|move|p1a: Articuno|Freezing Glare|p2a: Amoonguss\n|-supereffective|p2a: Amoonguss\n|-damage|p2a: Amoonguss|0 fnt\n|faint|p2a: Amoonguss\n|\n|-weather|none\n|upkeep\n|\n|t:|1697298226\n|switch|p1b: Camerupt|Camerupt, M|100\/100\n|switch|p2a: Nihilego|Nihilego|100\/100\n|-item|p2a: Nihilego|Air Balloon\n|-status|p1b: Camerupt|tox\n|turn|7\n|\n|t:|1697298236\n|move|p2a: Nihilego|Power Gem|p1a: Articuno\n|-supereffective|p1a: Articuno\n|-damage|p1a: Articuno|7\/100\n|-enditem|p1a: Articuno|Weakness Policy\n|-boost|p1a: Articuno|atk|2|[from] item: Weakness Policy\n|-boost|p1a: Articuno|spa|2|[from] item: Weakness Policy\n|move|p1a: Articuno|Hurricane|p2b: Overqwil|[miss]\n|-miss|p1a: Articuno|p2b: Overqwil\n|move|p2b: Overqwil|Liquidation|p1b: Camerupt\n|-supereffective|p1b: Camerupt\n|-damage|p1b: Camerupt|0 fnt\n|faint|p1b: Camerupt\n|\n|upkeep\n|c|\u2606PeanutChewer|\ud83d\ude22\n|\n|t:|1697298250\n|switch|p1b: Oranguru|Oranguru, F|100\/100\n|-status|p1b: Oranguru|tox\n|turn|8\n|\n|t:|1697298269\n|move|p2a: Nihilego|Power Gem|p1a: Articuno\n|-supereffective|p1a: Articuno\n|-damage|p1a: Articuno|0 fnt\n|faint|p1a: Articuno\n|-ability|p2a: Nihilego|Beast Boost|boost\n|-boost|p2a: Nihilego|spa|1\n|move|p2b: Overqwil|Crunch|p1b: Oranguru\n|-supereffective|p1b: Oranguru\n|-damage|p1b: Oranguru|0 fnt\n|faint|p1b: Oranguru\n|\n|win|Qapi\n|c|\u2606PeanutChewer|gg\n","uploadtime":1697298284,"views":5,"p1id":"peanutchewer","p2id":"qapi","formatid":"gen9nationaldexdoubles","rating":0,"private":0,"password":""}