{"id":"gen9nationaldexdoubles-1973966162","p1":"hibye721","p2":"donutplayeralt","format":"[Gen 9] National Dex Doubles","log":"|j|\u2606hibye721\n|j|\u2606donutplayeralt\n|t:|1698034075\n|gametype|doubles\n|player|p1|hibye721|266|\n|player|p2|donutplayeralt|rocketgruntf|\n|teamsize|p1|6\n|teamsize|p2|6\n|gen|9\n|tier|[Gen 9] National Dex Doubles\n|rule|HP Percentage Mod: HP is shown in percentages\n|rule|Endless Battle Clause: Forcing endless battles is banned\n|rule|OHKO Clause: OHKO moves are banned\n|rule|Evasion Moves Clause: Evasion moves are banned\n|rule|Evasion Abilities Clause: Evasion abilities are banned\n|rule|Species Clause: Limit one of each Pok\u00e9mon\n|rule|Gravity Sleep Clause: The combination of sleep-inducing moves with imperfect accuracy and Gravity or Gigantamax Orbeetle are banned\n|clearpoke\n|poke|p1|Barraskewda, F|\n|poke|p1|Rotom-Wash|\n|poke|p1|Quagsire, M|\n|poke|p1|Vaporeon, M|\n|poke|p1|Qwilfish, M|\n|poke|p1|Magikarp, F|\n|poke|p2|Palafin, M|\n|poke|p2|Walking Wake|\n|poke|p2|Urshifu-*, F|\n|poke|p2|Ludicolo, F|\n|poke|p2|Magikarp, M|\n|poke|p2|Politoed, M|\n|teampreview\n|inactive|Battle timer is ON: inactive players will automatically lose when time's up. (requested by hibye721)\n|\n|t:|1698034096\n|start\n|switch|p1a: Qwilfish|Qwilfish, M|100\/100\n|switch|p1b: Rotom|Rotom-Wash|100\/100\n|switch|p2a: Politoed|Politoed, M|100\/100\n|switch|p2b: all might|Palafin, M|100\/100\n|-ability|p1a: Qwilfish|Intimidate|boost\n|-unboost|p2a: Politoed|atk|1\n|-unboost|p2b: all might|atk|1\n|-weather|RainDance|[from] ability: Drizzle|[of] p2a: Politoed\n|turn|1\n|\n|t:|1698034121\n|move|p2b: all might|Flip Turn|p1a: Qwilfish\n|-resisted|p1a: Qwilfish\n|-damage|p1a: Qwilfish|83\/100\n|inactive|donutplayeralt has 270 seconds left.\n|inactive|donutplayeralt has 240 seconds left.\n|\n|t:|1698034171\n|detailschange|p2b: all might|Palafin-Hero, M\n|switch|p2b: Ludicolo|Ludicolo, F|100\/100|[from] Flip Turn\n|move|p1a: Qwilfish|Taunt|p2a: Politoed\n|-start|p2a: Politoed|move: Taunt\n|move|p1b: Rotom|Thunderbolt|p2b: Ludicolo\n|-damage|p2b: Ludicolo|69\/100\n|cant|p2a: Politoed|move: Taunt|Substitute\n|\n|-weather|RainDance|[upkeep]\n|-heal|p2b: Ludicolo|75\/100|[from] ability: Rain Dish\n|upkeep\n|turn|2\n|inactive|donutplayeralt has 240 seconds left.\n|\n|t:|1698034201\n|move|p2b: Ludicolo|Fake Out|p1a: Qwilfish\n|-damage|p1a: Qwilfish|73\/100\n|cant|p1a: Qwilfish|flinch\n|move|p1b: Rotom|Thunderbolt|p2a: Politoed\n|-supereffective|p2a: Politoed\n|-damage|p2a: Politoed|40\/100\n|move|p2a: Politoed|Hidden Power|p1b: Rotom\n|-supereffective|p1b: Rotom\n|-damage|p1b: Rotom|75\/100\n|\n|-weather|RainDance|[upkeep]\n|-heal|p2b: Ludicolo|81\/100|[from] ability: Rain Dish\n|-heal|p1b: Rotom|81\/100|[from] item: Leftovers\n|-heal|p2a: Politoed|46\/100|[from] item: Leftovers\n|upkeep\n|turn|3\n|inactive|donutplayeralt has 240 seconds left.\n|\n|t:|1698034238\n|switch|p2a: Walking Wake|Walking Wake|100\/100\n|move|p1a: Qwilfish|Gunk Shot|p2b: Ludicolo\n|-supereffective|p2b: Ludicolo\n|-damage|p2b: Ludicolo|0 fnt\n|faint|p2b: Ludicolo\n|-damage|p1a: Qwilfish|63\/100|[from] item: Life Orb\n|move|p1b: Rotom|Thunderbolt|p2a: Walking Wake\n|-damage|p2a: Walking Wake|53\/100\n|\n|-weather|RainDance|[upkeep]\n|-heal|p1b: Rotom|87\/100|[from] item: Leftovers\n|-status|p2a: Walking Wake|brn|[from] item: Flame Orb\n|upkeep\n|inactive|donutplayeralt has 210 seconds left.\n|\n|t:|1698034265\n|switch|p2b: all might|Palafin-Hero, M|100\/100\n|-activate|p2b: all might|ability: Zero to Hero\n|turn|4\n|inactive|donutplayeralt has 210 seconds left.\n|\n|t:|1698034288\n|move|p2a: Walking Wake|Facade|p1b: Rotom\n|-damage|p1b: Rotom|42\/100\n|move|p2b: all might|Grass Knot|p1b: Rotom\n|-supereffective|p1b: Rotom\n|-damage|p1b: Rotom|27\/100\n|move|p1a: Qwilfish|Gunk Shot|p2a: Walking Wake\n|-damage|p2a: Walking Wake|0 fnt\n|faint|p2a: Walking Wake\n|-end|p2a: Walking Wake|Protosynthesis|[silent]\n|-damage|p1a: Qwilfish|53\/100|[from] item: Life Orb\n|move|p1b: Rotom|Will-O-Wisp|p2b: all might\n|-status|p2b: all might|brn\n|\n|-weather|RainDance|[upkeep]\n|-heal|p1b: Rotom|33\/100|[from] item: Leftovers\n|-damage|p2b: all might|94\/100 brn|[from] brn\n|upkeep\n|inactive|donutplayeralt has 210 seconds left.\n|\n|t:|1698034308\n|switch|p2a: Urshifu|Urshifu-Rapid-Strike, F|100\/100\n|turn|5\n|\n|t:|1698034332\n|move|p2a: Urshifu|Trailblaze|p1b: Rotom\n|-supereffective|p1b: Rotom\n|-damage|p1b: Rotom|0 fnt\n|-boost|p2a: Urshifu|spe|1\n|faint|p1b: Rotom\n|-damage|p2a: Urshifu|91\/100|[from] item: Life Orb\n|move|p2b: all might|Grass Knot|p1a: Qwilfish\n|-damage|p1a: Qwilfish|39\/100\n|move|p1a: Qwilfish|Gunk Shot|p2a: Urshifu\n|-damage|p2a: Urshifu|29\/100\n|-status|p2a: Urshifu|psn\n|-damage|p1a: Qwilfish|29\/100|[from] item: Life Orb\n|\n|-weather|none\n|-damage|p2a: Urshifu|16\/100 psn|[from] psn\n|-damage|p2b: all might|88\/100 brn|[from] brn\n|upkeep\n|\n|t:|1698034345\n|switch|p1b: Barraskewda|Barraskewda, F|100\/100\n|turn|6\n|inactive|donutplayeralt has 240 seconds left.\n|\n|t:|1698034369\n|move|p2a: Urshifu|Thunder Punch|p1a: Qwilfish\n|-supereffective|p1a: Qwilfish\n|-damage|p1a: Qwilfish|0 fnt\n|faint|p1a: Qwilfish\n|-damage|p2a: Urshifu|6\/100 psn|[from] item: Life Orb\n|move|p1b: Barraskewda|Close Combat|p2b: all might\n|-damage|p2b: all might|28\/100 brn\n|-unboost|p1b: Barraskewda|def|1\n|-unboost|p1b: Barraskewda|spd|1\n|move|p2b: all might|Grass Knot|p1b: Barraskewda\n|-supereffective|p1b: Barraskewda\n|-damage|p1b: Barraskewda|0 fnt\n|faint|p1b: Barraskewda\n|\n|-damage|p2a: Urshifu|0 fnt|[from] psn\n|faint|p2a: Urshifu\n|-damage|p2b: all might|22\/100 brn|[from] brn\n|upkeep\n|\n|t:|1698034387\n|switch|p1b: Vaporeon|Vaporeon, M|100\/100\n|switch|p2a: Politoed|Politoed, M|46\/100\n|switch|p1a: Quagsire|Quagsire, M|100\/100\n|-weather|RainDance|[from] ability: Drizzle|[of] p2a: Politoed\n|turn|7\n|\n|t:|1698034411\n|-terastallize|p1a: Quagsire|Dragon\n|move|p2b: all might|Grass Knot|p1a: Quagsire\n|-resisted|p1a: Quagsire\n|-damage|p1a: Quagsire|84\/100\n|move|p2a: Politoed|Toxic|p1b: Vaporeon\n|-status|p1b: Vaporeon|tox\n|move|p1b: Vaporeon|Hidden Power|p2b: all might\n|-supereffective|p2b: all might\n|-damage|p2b: all might|0 fnt\n|faint|p2b: all might\n|move|p1a: Quagsire|Yawn|p2a: Politoed\n|-start|p2a: Politoed|move: Yawn|[of] p1a: Quagsire\n|\n|-weather|RainDance|[upkeep]\n|-heal|p2a: Politoed|52\/100|[from] item: Leftovers\n|-damage|p1b: Vaporeon|94\/100 tox|[from] psn\n|upkeep\n|\n|t:|1698034426\n|switch|p2b: Magikarp|Magikarp, M|100\/100\n|turn|8\n|inactive|donutplayeralt has 240 seconds left.\n|\n|t:|1698034461\n|switch|p1b: Magikarp|Magikarp, F|100\/100\n|move|p2b: Magikarp|Bounce||[still]\n|-prepare|p2b: Magikarp|Bounce\n|move|p2a: Politoed|Toxic|p1a: Quagsire\n|-status|p1a: Quagsire|tox\n|move|p1a: Quagsire|Trailblaze|p2a: Politoed\n|-supereffective|p2a: Politoed\n|-damage|p2a: Politoed|31\/100\n|-boost|p1a: Quagsire|spe|1\n|\n|-weather|RainDance|[upkeep]\n|-heal|p2a: Politoed|37\/100|[from] item: Leftovers\n|-damage|p1a: Quagsire|78\/100 tox|[from] psn\n|-end|p2a: Politoed|move: Yawn|[silent]\n|-status|p2a: Politoed|slp\n|upkeep\n|turn|9\n|inactive|hibye721 has 270 seconds left.\n|\n|t:|1698034496\n|move|p2b: Magikarp|Bounce|p1a: Quagsire|[from]lockedmove\n|-damage|p1a: Quagsire|70\/100 tox\n|move|p1b: Magikarp|Hydro Pump|p2b: Magikarp\n|-resisted|p2b: Magikarp\n|-damage|p2b: Magikarp|47\/100\n|cant|p2a: Politoed|slp\n|move|p1a: Quagsire|Aqua Tail|p2a: Politoed\n|-resisted|p2a: Politoed\n|-damage|p2a: Politoed|12\/100 slp\n|\n|-weather|RainDance|[upkeep]\n|-heal|p2b: Magikarp|53\/100|[from] item: Leftovers\n|-heal|p2a: Politoed|18\/100 slp|[from] item: Leftovers\n|-damage|p1a: Quagsire|58\/100 tox|[from] psn\n|upkeep\n|turn|10\n|\n|t:|1698034517\n|move|p2b: Magikarp|Hydro Pump|p1b: Magikarp\n|-resisted|p1b: Magikarp\n|-damage|p1b: Magikarp|46\/100\n|move|p1b: Magikarp|Bounce||[still]\n|-prepare|p1b: Magikarp|Bounce\n|cant|p2a: Politoed|slp\n|move|p1a: Quagsire|Trailblaze|p2a: Politoed\n|-supereffective|p2a: Politoed\n|-damage|p2a: Politoed|0 fnt\n|-boost|p1a: Quagsire|spe|1\n|faint|p2a: Politoed\n|\n|-weather|RainDance|[upkeep]\n|-heal|p2b: Magikarp|59\/100|[from] item: Leftovers\n|-damage|p1a: Quagsire|40\/100 tox|[from] psn\n|upkeep\n|-enditem|p1a: Quagsire|Sitrus Berry|[eat]\n|-heal|p1a: Quagsire|64\/100 tox|[from] item: Sitrus Berry\n|turn|11\n|inactive|donutplayeralt has 270 seconds left.\n|\n|t:|1698034540\n|switch|p1a: Vaporeon|Vaporeon, M|94\/100 tox\n|move|p2b: Magikarp|Bounce||[still]\n|-prepare|p2b: Magikarp|Bounce\n|move|p1b: Magikarp|Bounce|p2b: Magikarp|[from]lockedmove|[miss]\n|-miss|p1b: Magikarp|p2b: Magikarp\n|\n|-weather|none\n|-heal|p2b: Magikarp|65\/100|[from] item: Leftovers\n|-damage|p1a: Vaporeon|88\/100 tox|[from] psn\n|upkeep\n|turn|12\n|\n|t:|1698034558\n|move|p1b: Magikarp|Bounce||[still]\n|-prepare|p1b: Magikarp|Bounce\n|move|p2b: Magikarp|Bounce|p1b: Magikarp|[from]lockedmove|[miss]\n|-miss|p2b: Magikarp|p1b: Magikarp\n|move|p1a: Vaporeon|Calm Mind|p1a: Vaporeon\n|-boost|p1a: Vaporeon|spa|1\n|-boost|p1a: Vaporeon|spd|1\n|\n|-heal|p2b: Magikarp|71\/100|[from] item: Leftovers\n|-damage|p1a: Vaporeon|76\/100 tox|[from] psn\n|upkeep\n|turn|13\n|\n|t:|1698034577\n|move|p1b: Magikarp|Bounce|p2b: Magikarp|[from]lockedmove\n|-damage|p2b: Magikarp|39\/100\n|move|p2b: Magikarp|Bounce||[still]\n|-prepare|p2b: Magikarp|Bounce\n|move|p1a: Vaporeon|Calm Mind|p1a: Vaporeon\n|-boost|p1a: Vaporeon|spa|1\n|-boost|p1a: Vaporeon|spd|1\n|\n|-heal|p2b: Magikarp|45\/100|[from] item: Leftovers\n|-damage|p1a: Vaporeon|58\/100 tox|[from] psn\n|upkeep\n|turn|14\n|\n|t:|1698034589\n|move|p2b: Magikarp|Bounce|p1a: Vaporeon|[from]lockedmove\n|-damage|p1a: Vaporeon|46\/100 tox\n|-damage|p2b: Magikarp|29\/100|[from] item: Rocky Helmet|[of] p1a: Vaporeon\n|move|p1b: Magikarp|Flail|p2b: Magikarp\n|-damage|p2b: Magikarp|13\/100\n|move|p1a: Vaporeon|Wish|p1a: Vaporeon\n|\n|-heal|p2b: Magikarp|19\/100|[from] item: Leftovers\n|-damage|p1a: Vaporeon|22\/100 tox|[from] psn\n|upkeep\n|turn|15\n|j| mario123MAMAMIA\n|\n|t:|1698034612\n|move|p1b: Magikarp|Flail|p2b: Magikarp\n|-damage|p2b: Magikarp|3\/100\n|move|p2b: Magikarp|Hydro Pump|p1b: Magikarp\n|-resisted|p1b: Magikarp\n|-damage|p1b: Magikarp|8\/100\n|move|p1a: Vaporeon|Wish||[still]\n|-fail|p1a: Vaporeon\n|\n|-heal|p1a: Vaporeon|72\/100 tox|[from] move: Wish|[wisher] Vaporeon\n|-heal|p2b: Magikarp|9\/100|[from] item: Leftovers\n|-damage|p1a: Vaporeon|42\/100 tox|[from] psn\n|upkeep\n|turn|16\n|\n|t:|1698034625\n|move|p1b: Magikarp|Flail|p2b: Magikarp\n|-damage|p2b: Magikarp|0 fnt\n|faint|p2b: Magikarp\n|\n|win|hibye721\n|l|\u2606hibye721\n|l| mario123MAMAMIA\n","uploadtime":1698034643,"views":9,"p1id":"hibye721","p2id":"donutplayeralt","formatid":"gen9nationaldexdoubles","rating":0,"private":0,"password":""}