{"id":"gen9nationaldexdoubles-1984708467","p1":"championjojo","p2":"StickmenSwampert","format":"[Gen 9] National Dex Doubles","log":"|j|\u2606championjojo\n|j|\u2606StickmenSwampert\n|t:|1699292605\n|gametype|doubles\n|player|p1|championjojo|n|\n|player|p2|StickmenSwampert|unknown|\n|teamsize|p1|6\n|teamsize|p2|6\n|gen|9\n|tier|[Gen 9] National Dex Doubles\n|rule|HP Percentage Mod: HP is shown in percentages\n|rule|Endless Battle Clause: Forcing endless battles is banned\n|rule|OHKO Clause: OHKO moves are banned\n|rule|Evasion Moves Clause: Evasion moves are banned\n|rule|Evasion Abilities Clause: Evasion abilities are banned\n|rule|Species Clause: Limit one of each Pok\u00e9mon\n|rule|Gravity Sleep Clause: The combination of sleep-inducing moves with imperfect accuracy and Gravity or Gigantamax Orbeetle are banned\n|clearpoke\n|poke|p1|Ninetales-Alola, F|\n|poke|p1|Avalugg-Hisui, F|\n|poke|p1|Chien-Pao|\n|poke|p1|Cetitan, F|\n|poke|p1|Sandslash-Alola, M|\n|poke|p1|Articuno|\n|poke|p2|Armarouge, F|\n|poke|p2|Tauros-Paldea-Aqua, M|\n|poke|p2|Toedscruel, F|\n|poke|p2|Bombirdier, F|\n|poke|p2|Glimmora, F|\n|poke|p2|Baxcalibur, F|\n|teampreview\n|j| Wralagath\n|\n|t:|1699292616\n|start\n|switch|p1a: Ninetales|Ninetales-Alola, F|100\/100\n|switch|p1b: Avalugg|Avalugg-Hisui, F|100\/100\n|switch|p2a: Spencer|Bombirdier, F|100\/100\n|switch|p2b: Amber|Armarouge, F|100\/100\n|-weather|Snow|[from] ability: Snow Warning|[of] p1a: Ninetales\n|turn|1\n|c| Wralagath|COME ON GET\n|c| Wralagath|GREY*\n|c| Wralagath|KICK HIS ASS\n|c|\u2606championjojo|i might\n|c|\u2606championjojo|undecided\n|\n|t:|1699292641\n|move|p2a: Spencer|Sucker Punch|p2b: Amber\n|-supereffective|p2b: Amber\n|-damage|p2b: Amber|35\/100\n|-ability|p2b: Amber|Weak Armor|boost\n|-unboost|p2b: Amber|def|1\n|-boost|p2b: Amber|spe|2\n|-enditem|p2b: Amber|Weakness Policy\n|-boost|p2b: Amber|atk|2|[from] item: Weakness Policy\n|-boost|p2b: Amber|spa|2|[from] item: Weakness Policy\n|move|p2b: Amber|Armor Cannon|p1a: Ninetales\n|-supereffective|p1a: Ninetales\n|-damage|p1a: Ninetales|0 fnt\n|-unboost|p2b: Amber|def|1\n|-unboost|p2b: Amber|spd|1\n|faint|p1a: Ninetales\n|move|p1b: Avalugg|Mountain Gale|p2a: Spencer\n|-supereffective|p2a: Spencer\n|-damage|p2a: Spencer|0 fnt\n|faint|p2a: Spencer\n|\n|-weather|Snow|[upkeep]\n|upkeep\n|c|\u2606championjojo|jesus christ\n|c| Wralagath|You'll be fiiiiiine\n|\n|t:|1699292665\n|switch|p1a: Sandslash|Sandslash-Alola, M|100\/100\n|switch|p2a: Lotor|Baxcalibur, F|100\/100\n|turn|2\n|\n|t:|1699292679\n|move|p2b: Amber|Stored Power|p1b: Avalugg\n|-damage|p1b: Avalugg|0 fnt\n|faint|p1b: Avalugg\n|move|p1a: Sandslash|Aurora Veil|p1a: Sandslash\n|-sidestart|p1: championjojo|move: Aurora Veil\n|move|p2a: Lotor|Dragon Dance|p2a: Lotor\n|-boost|p2a: Lotor|atk|1\n|-boost|p2a: Lotor|spe|1\n|\n|-weather|Snow|[upkeep]\n|upkeep\n|c| Wralagath|It's just a Fire-type versus your entire Ice team\n|c|\u2606championjojo|OH MY GOD HELP\n|\n|t:|1699292692\n|switch|p1b: Chien-Pao|Chien-Pao|100\/100\n|-ability|p1b: Chien-Pao|Sword of Ruin\n|turn|3\n|c| Wralagath|Lotor is Tera Fire\n|c|\u2606StickmenSwampert|DON'T TELL HIM THAT\n|c| Wralagath|He's trying to sweep you\n|c|\u2606StickmenSwampert|THAT'S NOT FAIR!!!\n|c|\u2606championjojo|doesn't help me anyways\n|c| Wralagath|It's completely fair\n|c|\u2606StickmenSwampert|NO IT'S NOT\n|\n|t:|1699292723\n|-terastallize|p2a: Lotor|Fire\n|move|p1b: Chien-Pao|Sucker Punch|p2b: Amber\n|-supereffective|p2b: Amber\n|-damage|p2b: Amber|0 fnt\n|faint|p2b: Amber\n|move|p2a: Lotor|Tera Blast|p1b: Chien-Pao|[anim] Tera Blast Fire\n|-supereffective|p1b: Chien-Pao\n|-damage|p1b: Chien-Pao|14\/100\n|move|p1a: Sandslash|Iron Head|p2a: Lotor\n|-resisted|p2a: Lotor\n|-damage|p2a: Lotor|77\/100\n|\n|-weather|Snow|[upkeep]\n|upkeep\n|c| Wralagath|You have 2 Fire-type sweepers versus his entire Ice team\n|c|\u2606StickmenSwampert|not anymore\n|\n|t:|1699292763\n|switch|p2b: Buff|Tauros-Paldea-Aqua, M|100\/100\n|turn|4\n|c| Wralagath|You're fine\n|\n|t:|1699292783\n|switch|p1a: Articuno|Articuno|100\/100\n|-ability|p1a: Articuno|Pressure\n|move|p2a: Lotor|Tera Blast|p1a: Articuno|[anim] Tera Blast Fire\n|-supereffective|p1a: Articuno\n|-damage|p1a: Articuno|22\/100\n|move|p1b: Chien-Pao|Sacred Sword|p2a: Lotor\n|-damage|p2a: Lotor|40\/100\n|move|p2b: Buff|Trailblaze|p1b: Chien-Pao\n|-damage|p1b: Chien-Pao|4\/100\n|-boost|p2b: Buff|spe|1\n|\n|-weather|Snow|[upkeep]\n|upkeep\n|turn|5\n|l| Wralagath\n|c|\u2606StickmenSwampert|I sear if this is mindreader Sheer cold\n|\n|t:|1699292813\n|move|p2b: Buff|Iron Head|p1b: Chien-Pao\n|-supereffective|p1b: Chien-Pao\n|-damage|p1b: Chien-Pao|0 fnt\n|faint|p1b: Chien-Pao\n|move|p2a: Lotor|Scale Shot|p1a: Articuno\n|-damage|p1a: Articuno|11\/100\n|-damage|p1a: Articuno|1\/100\n|-damage|p1a: Articuno|0 fnt\n|faint|p1a: Articuno\n|-hitcount|p1: Articuno|3\n|-unboost|p2a: Lotor|def|1\n|-boost|p2a: Lotor|spe|1\n|\n|-weather|Snow|[upkeep]\n|upkeep\n|c|\u2606championjojo|i didn't even know that was a strategy\n|c|\u2606championjojo|like i said\n|c|\u2606championjojo|no idea what i'm doing\n|\n|t:|1699292832\n|switch|p1b: Sandslash|Sandslash-Alola, M|100\/100\n|switch|p1a: Cetitan|Cetitan, F|100\/100\n|turn|6\n|j| Wralagath\n|c| Wralagath|Hmmmmm\n|c| Wralagath|Things are looking tough for you, Grey\n|c|\u2606StickmenSwampert|are you trying to steal my Bumper strategy?\n|c|\u2606championjojo|im so losing\n|\n|t:|1699292886\n|move|p2a: Lotor|Tera Blast|p1a: Cetitan|[anim] Tera Blast Fire\n|-supereffective|p1a: Cetitan\n|-damage|p1a: Cetitan|39\/100\n|move|p1a: Cetitan|Belly Drum||[still]\n|-fail|p1a: Cetitan\n|move|p2b: Buff|Close Combat|p1b: Sandslash\n|-supereffective|p1b: Sandslash\n|-damage|p1b: Sandslash|17\/100\n|-unboost|p2b: Buff|def|1\n|-unboost|p2b: Buff|spd|1\n|move|p1b: Sandslash|Ice Spinner|p2a: Lotor\n|-resisted|p2a: Lotor\n|-damage|p2a: Lotor|10\/100\n|\n|-weather|Snow|[upkeep]\n|-heal|p1a: Cetitan|45\/100|[from] item: Leftovers\n|-sideend|p1: championjojo|move: Aurora Veil\n|upkeep\n|turn|7\n|c|\u2606championjojo|also i knew of belly drum cetitan before you SMH\n|c|\u2606championjojo|anyways im losing here\n|c|\u2606championjojo|gg\n|c|\u2606StickmenSwampert|gg\n|\n|t:|1699292912\n|move|p2a: Lotor|Tera Blast|p1b: Sandslash|[anim] Tera Blast Fire\n|-supereffective|p1b: Sandslash\n|-damage|p1b: Sandslash|0 fnt\n|faint|p1b: Sandslash\n|move|p1a: Cetitan|Liquidation|p2a: Lotor\n|-supereffective|p2a: Lotor\n|-damage|p2a: Lotor|0 fnt\n|faint|p2a: Lotor\n|move|p2b: Buff|Iron Head|p1a: Cetitan\n|-supereffective|p1a: Cetitan\n|-damage|p1a: Cetitan|12\/100\n|\n|-weather|Snow|[upkeep]\n|-heal|p1a: Cetitan|18\/100|[from] item: Leftovers\n|upkeep\n|c| Wralagath|After this I wanna battle you, Grey\n|c|\u2606championjojo|ok sure\n|c|\u2606StickmenSwampert|don't worry, I'll makle sure to tell you all his secrets\n|\n|t:|1699292948\n|switch|p2a: Flerz|Glimmora, F, shiny|100\/100\n|turn|8\n|c|\u2606championjojo|thank you my man\n|\n|t:|1699292958\n|move|p1a: Cetitan|Earthquake|p2a: Flerz|[spread] p2a,p2b\n|-supereffective|p2a: Flerz\n|-damage|p2a: Flerz|13\/100\n|-damage|p2b: Buff|58\/100\n|-activate|p2a: Flerz|ability: Toxic Debris\n|-sidestart|p1: championjojo|move: Toxic Spikes\n|move|p2b: Buff|Iron Head|p1a: Cetitan\n|-supereffective|p1a: Cetitan\n|-damage|p1a: Cetitan|0 fnt\n|faint|p1a: Cetitan\n|\n|win|StickmenSwampert\n|c| Wralagath|Go for it\n|c|\u2606StickmenSwampert|gg\n|c|\u2606championjojo|gg\n","uploadtime":1699292968,"views":5,"p1id":"championjojo","p2id":"stickmenswampert","formatid":"gen9nationaldexdoubles","rating":0,"private":0,"password":""}