{"id":"gen9nationaldexdoubles-1959189984","p1":"Restia11","p2":"AdvancedDigit","format":"[Gen 9] National Dex Doubles","log":"|j|\u2606Restia11\n|j|\u2606AdvancedDigit\n|t:|1696398010\n|gametype|doubles\n|player|p1|Restia11|101|1000\n|player|p2|AdvancedDigit|hilbert|1194\n|teamsize|p1|6\n|teamsize|p2|6\n|gen|9\n|tier|[Gen 9] National Dex Doubles\n|rated|\n|rule|HP Percentage Mod: HP is shown in percentages\n|rule|Endless Battle Clause: Forcing endless battles is banned\n|rule|OHKO Clause: OHKO moves are banned\n|rule|Evasion Moves Clause: Evasion moves are banned\n|rule|Evasion Abilities Clause: Evasion abilities are banned\n|rule|Species Clause: Limit one of each Pok\u00e9mon\n|rule|Gravity Sleep Clause: The combination of sleep-inducing moves with imperfect accuracy and Gravity or Gigantamax Orbeetle are banned\n|clearpoke\n|poke|p1|Garchomp, M|\n|poke|p1|Iron Thorns|\n|poke|p1|Ceruledge, M|\n|poke|p1|Empoleon, M|\n|poke|p1|Meowscarada, F|\n|poke|p1|Iron Valiant|\n|poke|p2|Lopunny, F|\n|poke|p2|Volbeat, M|\n|poke|p2|Ogerpon-Wellspring, F|\n|poke|p2|Greninja-*, M|\n|poke|p2|Maushold-Four|\n|poke|p2|Indeedee-F, F|\n|teampreview\n|\n|t:|1696398037\n|start\n|switch|p1a: Iron Thorns|Iron Thorns|100\/100\n|switch|p1b: Iron Valiant|Iron Valiant|100\/100\n|switch|p2a: Volbeat|Volbeat, M|100\/100\n|switch|p2b: Maushold|Maushold-Four|100\/100\n|turn|1\n|\n|t:|1696398055\n|move|p2b: Maushold|Follow Me|p2b: Maushold\n|-singleturn|p2b: Maushold|move: Follow Me\n|move|p2a: Volbeat|Tail Glow|p2a: Volbeat\n|-boost|p2a: Volbeat|spa|3\n|move|p1b: Iron Valiant|Swords Dance|p1b: Iron Valiant\n|-boost|p1b: Iron Valiant|atk|2\n|move|p1a: Iron Thorns|Electric Terrain|p1a: Iron Thorns\n|-fieldstart|move: Electric Terrain\n|-activate|p1b: Iron Valiant|ability: Quark Drive\n|-start|p1b: Iron Valiant|quarkdriveatk\n|-activate|p1a: Iron Thorns|ability: Quark Drive\n|-start|p1a: Iron Thorns|quarkdriveatk\n|\n|upkeep\n|turn|2\n|\n|t:|1696398074\n|move|p2b: Maushold|Follow Me|p2b: Maushold\n|-singleturn|p2b: Maushold|move: Follow Me\n|move|p2a: Volbeat|Baton Pass|p2a: Volbeat\n|\n|t:|1696398082\n|switch|p2a: Greninja|Greninja, M|100\/100|[from] Baton Pass\n|move|p1b: Iron Valiant|Close Combat|p2b: Maushold\n|-supereffective|p2b: Maushold\n|-damage|p2b: Maushold|0 fnt\n|-unboost|p1b: Iron Valiant|def|1\n|-unboost|p1b: Iron Valiant|spd|1\n|faint|p2b: Maushold\n|move|p1a: Iron Thorns|Rock Slide|p2a: Greninja\n|-damage|p2a: Greninja|35\/100\n|\n|upkeep\n|\n|t:|1696398090\n|switch|p2b: Ogerpon|Ogerpon-Wellspring, F|100\/100\n|turn|3\n|\n|t:|1696398103\n|move|p2a: Greninja|Surf|p1a: Iron Thorns|[spread] p1a,p1b\n|-immune|p2b: Ogerpon|[from] ability: Water Absorb\n|-supereffective|p1a: Iron Thorns\n|-enditem|p1a: Iron Thorns|Focus Sash\n|-damage|p1a: Iron Thorns|1\/100\n|-damage|p1b: Iron Valiant|0 fnt\n|faint|p1b: Iron Valiant\n|-end|p1b: Iron Valiant|Quark Drive|[silent]\n|-ability|p2a: Greninja|Battle Bond|boost\n|-boost|p2a: Greninja|atk|1\n|-boost|p2a: Greninja|spa|1\n|-boost|p2a: Greninja|spe|1\n|-activate|p2a: Greninja|ability: Battle Bond\n|move|p2b: Ogerpon|Ivy Cudgel|p1a: Iron Thorns\n|-supereffective|p1a: Iron Thorns\n|-damage|p1a: Iron Thorns|0 fnt\n|faint|p1a: Iron Thorns\n|-end|p1a: Iron Thorns|Quark Drive|[silent]\n|\n|upkeep\n|\n|t:|1696398122\n|switch|p1b: Garchomp|Garchomp, M|100\/100\n|switch|p1a: Meowscarada|Meowscarada, F|100\/100\n|turn|4\n|\n|t:|1696398143\n|-terastallize|p1a: Meowscarada|Grass\n|move|p2a: Greninja|Surf|p1a: Meowscarada|[spread] p1a,p1b\n|-immune|p2b: Ogerpon|[from] ability: Water Absorb\n|-resisted|p1a: Meowscarada\n|-damage|p1a: Meowscarada|36\/100\n|-damage|p1b: Garchomp|9\/100\n|move|p2b: Ogerpon|Ivy Cudgel|p1a: Meowscarada\n|-resisted|p1a: Meowscarada\n|-damage|p1a: Meowscarada|0 fnt\n|faint|p1a: Meowscarada\n|move|p1b: Garchomp|Rock Slide|p2a: Greninja|[spread] p2a,p2b\n|-damage|p2a: Greninja|0 fnt\n|-damage|p2b: Ogerpon|71\/100\n|faint|p2a: Greninja\n|\n|upkeep\n|\n|t:|1696398157\n|switch|p2a: Lopunny|Lopunny, F|100\/100\n|switch|p1a: Empoleon|Empoleon, M|100\/100\n|turn|5\n|\n|t:|1696398171\n|move|p2a: Lopunny|Fake Out|p1b: Garchomp\n|-damage|p1b: Garchomp|0 fnt\n|-damage|p2a: Lopunny|88\/100|[from] ability: Rough Skin|[of] p1b: Garchomp\n|faint|p1b: Garchomp\n|move|p2b: Ogerpon|Knock Off|p1a: Empoleon\n|-damage|p1a: Empoleon|64\/100\n|-enditem|p1a: Empoleon|Leftovers|[from] move: Knock Off|[of] p2b: Ogerpon\n|move|p1a: Empoleon|Ice Beam|p2a: Lopunny\n|-damage|p2a: Lopunny|62\/100\n|\n|-fieldend|move: Electric Terrain\n|upkeep\n|-message|Restia11 forfeited.\n|\n|win|AdvancedDigit\n|raw|Restia11's rating: 1000 &rarr; <strong>1000<\/strong><br \/>(+0 for losing)\n|raw|AdvancedDigit's rating: 1194 &rarr; <strong>1206<\/strong><br \/>(+12 for winning)\n|l|\u2606Restia11\n","uploadtime":1696398192,"views":8,"p1id":"restia11","p2id":"advanceddigit","formatid":"gen9nationaldexdoubles","rating":1000,"private":0,"password":""}