{"id":"gen9nationaldexdoubles-1975280591","p1":"UltraVapor","p2":"Tritus ELITE 4","format":"[Gen 9] National Dex Doubles","log":"|j|\u2606UltraVapor\n|j|\u2606Tritus ELITE 4\n|t:|1698176144\n|gametype|doubles\n|player|p1|UltraVapor|shelly|1061\n|player|p2|Tritus ELITE 4|wulfric|1123\n|teamsize|p1|6\n|teamsize|p2|6\n|gen|9\n|tier|[Gen 9] National Dex Doubles\n|rated|\n|rule|HP Percentage Mod: HP is shown in percentages\n|rule|Endless Battle Clause: Forcing endless battles is banned\n|rule|OHKO Clause: OHKO moves are banned\n|rule|Evasion Moves Clause: Evasion moves are banned\n|rule|Evasion Abilities Clause: Evasion abilities are banned\n|rule|Species Clause: Limit one of each Pok\u00e9mon\n|rule|Gravity Sleep Clause: The combination of sleep-inducing moves with imperfect accuracy and Gravity or Gigantamax Orbeetle are banned\n|clearpoke\n|poke|p1|Ninetales-Alola, F|\n|poke|p1|Baxcalibur, F|\n|poke|p1|Chien-Pao|\n|poke|p1|Iron Bundle|\n|poke|p1|Avalugg-Hisui, M|\n|poke|p1|Glaceon, F|\n|poke|p2|Basculegion-F, F|\n|poke|p2|Swampert, M|\n|poke|p2|Pelipper, F|\n|poke|p2|Araquanid, M|\n|poke|p2|Milotic, F|\n|poke|p2|Ludicolo, M|\n|teampreview\n|c|\u2606UltraVapor|oh hi again\n|\n|t:|1698176159\n|start\n|switch|p1a: Avalugg|Avalugg-Hisui, M, shiny|100\/100\n|switch|p1b: Chien-Pao|Chien-Pao|100\/100\n|switch|p2a: Araquanid|Araquanid, M|100\/100\n|switch|p2b: Milotic|Milotic, F|100\/100\n|-ability|p1b: Chien-Pao|Sword of Ruin\n|turn|1\n|inactive|Battle timer is ON: inactive players will automatically lose when time's up. (requested by Tritus ELITE 4)\n|\n|t:|1698176182\n|switch|p1b: Iron Bundle|Iron Bundle, shiny|100\/100\n|-enditem|p1b: Iron Bundle|Booster Energy\n|-activate|p1b: Iron Bundle|ability: Quark Drive|[fromitem]\n|-start|p1b: Iron Bundle|quarkdrivespa\n|move|p2b: Milotic|Chilling Water|p1a: Avalugg\n|-supereffective|p1a: Avalugg\n|-damage|p1a: Avalugg|25\/100\n|-unboost|p1a: Avalugg|atk|1\n|-enditem|p1a: Avalugg|Sitrus Berry|[eat]\n|-heal|p1a: Avalugg|50\/100|[from] item: Sitrus Berry\n|move|p1a: Avalugg|Aurora Veil||[still]\n|-fail|p1a: Avalugg\n|move|p2a: Araquanid|Liquidation|p1b: Iron Bundle\n|-resisted|p1b: Iron Bundle\n|-damage|p1b: Iron Bundle|54\/100\n|-damage|p2a: Araquanid|91\/100|[from] item: Life Orb\n|\n|upkeep\n|turn|2\n|inactive|UltraVapor has 120 seconds left.\n|\n|t:|1698176218\n|move|p1b: Iron Bundle|Tera Blast|p2a: Araquanid\n|-damage|p2a: Araquanid|53\/100\n|move|p2b: Milotic|Chilling Water|p1b: Iron Bundle\n|-resisted|p1b: Iron Bundle\n|-damage|p1b: Iron Bundle|35\/100\n|-unboost|p1b: Iron Bundle|atk|1\n|move|p1a: Avalugg|Aurora Veil||[still]\n|-fail|p1a: Avalugg\n|move|p2a: Araquanid|Liquidation|p1b: Iron Bundle\n|-resisted|p1b: Iron Bundle\n|-damage|p1b: Iron Bundle|0 fnt\n|faint|p1b: Iron Bundle\n|-end|p1b: Iron Bundle|Quark Drive|[silent]\n|-damage|p2a: Araquanid|43\/100|[from] item: Life Orb\n|\n|upkeep\n|c|\u2606UltraVapor|WHY IS IT FAILING\n|\n|t:|1698176246\n|switch|p1b: Ninetales|Ninetales-Alola, F|100\/100\n|-weather|Snow|[from] ability: Snow Warning|[of] p1b: Ninetales\n|turn|3\n|\n|t:|1698176261\n|move|p1b: Ninetales|Freeze-Dry|p2b: Milotic\n|-supereffective|p2b: Milotic\n|-damage|p2b: Milotic|63\/100\n|move|p2b: Milotic|Chilling Water|p1b: Ninetales\n|-damage|p1b: Ninetales|79\/100\n|-unboost|p1b: Ninetales|atk|1\n|move|p1a: Avalugg|Rock Slide|p2b: Milotic|[spread] p2a,p2b\n|-supereffective|p2a: Araquanid\n|-damage|p2a: Araquanid|0 fnt\n|-damage|p2b: Milotic|40\/100\n|faint|p2a: Araquanid\n|\n|-weather|Snow|[upkeep]\n|-heal|p2b: Milotic|46\/100|[from] item: Leftovers\n|upkeep\n|inactive|Tritus ELITE 4 has 120 seconds left.\n|\n|t:|1698176304\n|switch|p2a: Swampert|Swampert, M|100\/100\n|turn|4\n|inactive|Tritus ELITE 4 has 120 seconds left.\n|c|\u2606UltraVapor|oh yeah now i remember\n|inactive|UltraVapor has 120 seconds left.\n|\n|t:|1698176328\n|switch|p2b: Pelipper|Pelipper, F|100\/100\n|-weather|RainDance|[from] ability: Drizzle|[of] p2b: Pelipper\n|detailschange|p2a: Swampert|Swampert-Mega, M\n|-mega|p2a: Swampert|Swampert|Swampertite\n|move|p2a: Swampert|Rock Slide|p1b: Ninetales|[spread] p1a,p1b\n|-supereffective|p1a: Avalugg\n|-supereffective|p1b: Ninetales\n|-damage|p1a: Avalugg|28\/100\n|-damage|p1b: Ninetales|6\/100\n|move|p1b: Ninetales|Freeze-Dry|p2a: Swampert\n|-supereffective|p2a: Swampert\n|-damage|p2a: Swampert|0 fnt\n|faint|p2a: Swampert\n|cant|p1a: Avalugg|flinch\n|\n|-weather|RainDance|[upkeep]\n|upkeep\n|\n|t:|1698176347\n|switch|p2a: Ludicolo|Ludicolo, M|100\/100\n|turn|5\n|inactive|Tritus ELITE 4 has 120 seconds left.\n|\n|t:|1698176358\n|move|p2a: Ludicolo|Waterfall|p1b: Ninetales\n|-crit|p1b: Ninetales\n|-damage|p1b: Ninetales|0 fnt\n|faint|p1b: Ninetales\n|-damage|p2a: Ludicolo|91\/100|[from] item: Life Orb\n|move|p2b: Pelipper|Scald|p1a: Avalugg\n|-supereffective|p1a: Avalugg\n|-damage|p1a: Avalugg|0 fnt\n|faint|p1a: Avalugg\n|\n|-weather|RainDance|[upkeep]\n|upkeep\n|\n|t:|1698176373\n|switch|p1b: Glaceon|Glaceon, F, shiny|100\/100\n|switch|p1a: Chien-Pao|Chien-Pao|100\/100\n|-ability|p1a: Chien-Pao|Sword of Ruin\n|turn|6\n|\n|t:|1698176385\n|-terastallize|p1b: Glaceon|Electric\n|move|p1a: Chien-Pao|Crunch|p2b: Pelipper\n|-damage|p2b: Pelipper|0 fnt\n|faint|p2b: Pelipper\n|move|p2a: Ludicolo|Drain Punch|p1a: Chien-Pao\n|-supereffective|p1a: Chien-Pao\n|-damage|p1a: Chien-Pao|0 fnt\n|-heal|p2a: Ludicolo|100\/100|[from] drain|[of] p1a: Chien-Pao\n|faint|p1a: Chien-Pao\n|-damage|p2a: Ludicolo|91\/100|[from] item: Life Orb\n|move|p1b: Glaceon|Calm Mind|p1b: Glaceon\n|-boost|p1b: Glaceon|spa|1\n|-boost|p1b: Glaceon|spd|1\n|\n|-weather|RainDance|[upkeep]\n|upkeep\n|\n|t:|1698176399\n|switch|p1a: Baxcalibur|Baxcalibur, F|100\/100\n|switch|p2b: Milotic|Milotic, F|46\/100\n|turn|7\n|\n|t:|1698176422\n|move|p2a: Ludicolo|Drain Punch|p1a: Baxcalibur\n|-supereffective|p1a: Baxcalibur\n|-damage|p1a: Baxcalibur|68\/100\n|-heal|p2a: Ludicolo|100\/100|[from] drain|[of] p1a: Baxcalibur\n|-damage|p2a: Ludicolo|91\/100|[from] item: Life Orb\n|move|p1a: Baxcalibur|Glaive Rush|p2a: Ludicolo\n|-damage|p2a: Ludicolo|0 fnt\n|-singlemove|p1a: Baxcalibur|Glaive Rush|[silent]\n|faint|p2a: Ludicolo\n|move|p2b: Milotic|Life Dew|p2b: Milotic\n|-heal|p2b: Milotic|71\/100\n|move|p1b: Glaceon|Tera Blast|p2b: Milotic|[anim] Tera Blast Electric\n|-supereffective|p2b: Milotic\n|-damage|p2b: Milotic|0 fnt\n|faint|p2b: Milotic\n|-damage|p1b: Glaceon|91\/100|[from] item: Life Orb\n|\n|-weather|RainDance|[upkeep]\n|upkeep\n|\n|t:|1698176435\n|switch|p2b: Basculegion|Basculegion-F, F|100\/100\n|turn|8\n|\n|t:|1698176444\n|-terastallize|p2b: Basculegion|Ghost\n|move|p2b: Basculegion|Last Respects|p1a: Baxcalibur\n|-damage|p1a: Baxcalibur|0 fnt\n|faint|p1a: Baxcalibur\n|-damage|p2b: Basculegion|91\/100|[from] item: Life Orb\n|move|p1b: Glaceon|Tera Blast|p2b: Basculegion|[anim] Tera Blast Electric\n|-damage|p2b: Basculegion|0 fnt\n|faint|p2b: Basculegion\n|-damage|p1b: Glaceon|81\/100|[from] item: Life Orb\n|\n|win|UltraVapor\n|raw|UltraVapor's rating: 1061 &rarr; <strong>1097<\/strong><br \/>(+36 for winning)\n|raw|Tritus ELITE 4's rating: 1123 &rarr; <strong>1094<\/strong><br \/>(-29 for losing)\n|l|\u2606Tritus ELITE 4\n|c|\u2606UltraVapor|gg\n","uploadtime":1698176458,"views":12,"p1id":"ultravapor","p2id":"trituselite4","formatid":"gen9nationaldexdoubles","rating":1094,"private":0,"password":""}