{"id":"gen9nationaldexdoubles-1952266194","p1":"Spangly-2","p2":"Theonlykev","format":"[Gen 9] National Dex Doubles","log":"|j|\u2606Spangly-2\n|j|\u2606Theonlykev\n|t:|1695669496\n|gametype|doubles\n|player|p1|Spangly-2|170|1159\n|player|p2|Theonlykev|ltsurge|1210\n|teamsize|p1|6\n|teamsize|p2|6\n|gen|9\n|tier|[Gen 9] National Dex Doubles\n|rated|\n|rule|HP Percentage Mod: HP is shown in percentages\n|rule|Endless Battle Clause: Forcing endless battles is banned\n|rule|OHKO Clause: OHKO moves are banned\n|rule|Evasion Moves Clause: Evasion moves are banned\n|rule|Evasion Abilities Clause: Evasion abilities are banned\n|rule|Species Clause: Limit one of each Pok\u00e9mon\n|rule|Gravity Sleep Clause: The combination of sleep-inducing moves with imperfect accuracy and Gravity or Gigantamax Orbeetle are banned\n|clearpoke\n|poke|p1|Vikavolt, F|\n|poke|p1|Conkeldurr, F|\n|poke|p1|Empoleon, F|\n|poke|p1|Hatterene, F|\n|poke|p1|Mimikyu, M|\n|poke|p1|Spiritomb, M|\n|poke|p2|Landorus-Therian, M|\n|poke|p2|Tornadus, M|\n|poke|p2|Enamorus-Therian, F|\n|poke|p2|Thundurus, M|\n|poke|p2|Ogerpon-Hearthflame, F|\n|poke|p2|Palafin, M|\n|teampreview\n|\n|t:|1695669512\n|start\n|switch|p1a: Mimikyu|Mimikyu, M, shiny|100\/100\n|switch|p1b: Spiritomb|Spiritomb, M|100\/100\n|switch|p2a: Tornadus|Tornadus, M|100\/100\n|switch|p2b: Palafin|Palafin, M|100\/100\n|turn|1\n|\n|t:|1695669527\n|move|p2a: Tornadus|Tailwind|p2a: Tornadus\n|-sidestart|p2: Theonlykev|move: Tailwind\n|move|p2b: Palafin|Flip Turn|p1a: Mimikyu\n|-activate|p1a: Mimikyu|ability: Disguise\n|-damage|p1a: Mimikyu|100\/100\n|detailschange|p1a: Mimikyu|Mimikyu-Busted, M, shiny\n|-damage|p1a: Mimikyu|88\/100|[from] pokemon: Mimikyu-Busted\n|\n|t:|1695669538\n|detailschange|p2b: Palafin|Palafin-Hero, M\n|switch|p2b: Thundurus|Thundurus, M|100\/100|[from] Flip Turn\n|move|p1b: Spiritomb|Taunt|p2a: Tornadus\n|-start|p2a: Tornadus|move: Taunt\n|move|p1a: Mimikyu|Trick Room|p1a: Mimikyu\n|-fieldstart|move: Trick Room|[of] p1a: Mimikyu\n|\n|upkeep\n|turn|2\n|c|\u2606Spangly-2|glhf\n|\n|t:|1695669554\n|move|p2b: Thundurus|Thunder Wave|p1a: Mimikyu\n|-status|p1a: Mimikyu|par\n|move|p1b: Spiritomb|Taunt|p2b: Thundurus\n|-start|p2b: Thundurus|move: Taunt\n|move|p1a: Mimikyu|Play Rough|p2b: Thundurus\n|-damage|p2b: Thundurus|55\/100\n|move|p2a: Tornadus|Bleakwind Storm|p1a: Mimikyu|[spread] p1a,p1b\n|-damage|p1a: Mimikyu|61\/100 par\n|-damage|p1b: Spiritomb|72\/100\n|-unboost|p1a: Mimikyu|spe|1\n|\n|upkeep\n|turn|3\n|\n|t:|1695669591\n|switch|p2a: Landorus|Landorus-Therian, M|100\/100\n|-ability|p2a: Landorus|Intimidate|boost\n|-unboost|p1a: Mimikyu|atk|1\n|-unboost|p1b: Spiritomb|atk|1\n|cant|p1a: Mimikyu|par\n|move|p1b: Spiritomb|Poltergeist|p2a: Landorus\n|-activate|p2a: Landorus|move: Poltergeist|Assault Vest\n|-damage|p2a: Landorus|79\/100\n|move|p2b: Thundurus|Dark Pulse|p1b: Spiritomb\n|-damage|p1b: Spiritomb|50\/100\n|\n|upkeep\n|turn|4\n|\n|t:|1695669613\n|move|p1a: Mimikyu|Will-O-Wisp|p2a: Landorus\n|-status|p2a: Landorus|brn\n|move|p1b: Spiritomb|Poltergeist|p2b: Thundurus\n|-activate|p2b: Thundurus|move: Poltergeist|Covert Cloak\n|-damage|p2b: Thundurus|18\/100\n|move|p2a: Landorus|Earthquake|p1a: Mimikyu|[spread] p1a,p1b\n|-immune|p2b: Thundurus\n|-damage|p1a: Mimikyu|35\/100 par\n|-damage|p1b: Spiritomb|27\/100\n|move|p2b: Thundurus|Wildbolt Storm|p1b: Spiritomb|[spread] p1a,p1b\n|-damage|p1a: Mimikyu|3\/100 par\n|-damage|p1b: Spiritomb|0 fnt\n|faint|p1b: Spiritomb\n|\n|-damage|p2a: Landorus|73\/100 brn|[from] brn\n|-sideend|p2: Theonlykev|move: Tailwind\n|upkeep\n|\n|t:|1695669625\n|switch|p1b: Empoleon|Empoleon, F|100\/100\n|turn|5\n|\n|t:|1695669682\n|switch|p2a: Enamorus|Enamorus-Therian, F|100\/100\n|move|p1a: Mimikyu|Play Rough|p2b: Thundurus\n|-damage|p2b: Thundurus|0 fnt\n|faint|p2b: Thundurus\n|move|p1b: Empoleon|Ice Beam|p2a: Enamorus\n|-supereffective|p2a: Enamorus\n|-damage|p2a: Enamorus|36\/100\n|\n|-heal|p2a: Enamorus|43\/100|[from] item: Leftovers\n|-fieldend|move: Trick Room\n|upkeep\n|\n|t:|1695669697\n|switch|p2b: Ogerpon|Ogerpon-Hearthflame, F|100\/100\n|-ability|p2b: Ogerpon|Mold Breaker\n|turn|6\n|\n|t:|1695669741\n|switch|p1b: EL ALBA\u00d1IL|Conkeldurr, F, shiny|100\/100\n|switch|p1a: Hatterene|Hatterene, F, shiny|100\/100\n|move|p2b: Ogerpon|Horn Leech|p1b: EL ALBA\u00d1IL\n|-damage|p1b: EL ALBA\u00d1IL|59\/100\n|move|p2a: Enamorus|Springtide Storm|p1a: Hatterene|[spread] p1a\n|-miss|p2a: Enamorus|p1b: EL ALBA\u00d1IL\n|-damage|p1a: Hatterene|54\/100\n|-unboost|p1a: Hatterene|atk|1\n|\n|-heal|p2a: Enamorus|49\/100|[from] item: Leftovers\n|-heal|p1a: Hatterene|60\/100|[from] item: Leftovers\n|-status|p1b: EL ALBA\u00d1IL|brn|[from] item: Flame Orb\n|upkeep\n|turn|7\n|\n|t:|1695669811\n|-terastallize|p2b: Ogerpon|Fire\n|detailschange|p2b: Ogerpon|Ogerpon-Hearthflame-Tera, F, tera:Fire\n|-ability|p2b: Ogerpon|Embody Aspect (Hearthflame)|boost\n|-boost|p2b: Ogerpon|atk|1\n|move|p1b: EL ALBA\u00d1IL|Mach Punch|p2b: Ogerpon\n|-damage|p2b: Ogerpon|55\/100\n|move|p2b: Ogerpon|Ivy Cudgel|p1b: EL ALBA\u00d1IL\n|-damage|p1b: EL ALBA\u00d1IL|0 fnt\n|faint|p1b: EL ALBA\u00d1IL\n|move|p2a: Enamorus|Springtide Storm|p1a: Hatterene\n|-damage|p1a: Hatterene|0 fnt\n|faint|p1a: Hatterene\n|\n|-heal|p2a: Enamorus|55\/100|[from] item: Leftovers\n|upkeep\n|\n|t:|1695669831\n|switch|p1b: Vikavolt|Vikavolt, F, shiny|100\/100\n|switch|p1a: Empoleon|Empoleon, F|100\/100\n|turn|8\n|\n|t:|1695669844\n|-terastallize|p1b: Vikavolt|Electric\n|move|p2b: Ogerpon|Horn Leech|p1a: Empoleon\n|-damage|p1a: Empoleon|34\/100\n|-heal|p2b: Ogerpon|96\/100|[from] drain|[of] p1a: Empoleon\n|move|p1a: Empoleon|Flash Cannon|p2a: Enamorus\n|-supereffective|p2a: Enamorus\n|-damage|p2a: Enamorus|0 fnt\n|faint|p2a: Enamorus\n|move|p1b: Vikavolt|Thunderbolt|p2b: Ogerpon\n|-damage|p2b: Ogerpon|0 fnt\n|faint|p2b: Ogerpon\n|-damage|p1b: Vikavolt|91\/100|[from] item: Life Orb\n|\n|upkeep\n|\n|t:|1695669867\n|switch|p2b: Tornadus|Tornadus, M|100\/100\n|switch|p2a: Landorus|Landorus-Therian, M|73\/100 brn\n|-ability|p2a: Landorus|Intimidate|boost\n|-unboost|p1a: Empoleon|atk|1\n|-ability|p1a: Empoleon|Competitive|boost\n|-boost|p1a: Empoleon|spa|2\n|-unboost|p1b: Vikavolt|atk|1\n|turn|9\n|\n|t:|1695669911\n|move|p2b: Tornadus|Tailwind|p2b: Tornadus\n|-sidestart|p2: Theonlykev|move: Tailwind\n|move|p2a: Landorus|Earthquake|p1a: Empoleon|[spread] p1a\n|-immune|p2b: Tornadus\n|-immune|p1b: Vikavolt|[from] ability: Levitate\n|-supereffective|p1a: Empoleon\n|-damage|p1a: Empoleon|0 fnt\n|faint|p1a: Empoleon\n|move|p1b: Vikavolt|Volt Switch|p2b: Tornadus\n|-supereffective|p2b: Tornadus\n|-enditem|p2b: Tornadus|Focus Sash\n|-damage|p2b: Tornadus|1\/100\n|-damage|p1b: Vikavolt|81\/100|[from] item: Life Orb\n|\n|t:|1695669922\n|switch|p1b: Mimikyu|Mimikyu-Busted, M, shiny|3\/100 par|[from] Volt Switch\n|\n|-damage|p2a: Landorus|67\/100 brn|[from] brn\n|upkeep\n|\n|t:|1695669923\n|switch|p1a: Vikavolt|Vikavolt, F, shiny, tera:Electric|81\/100\n|turn|10\n|\n|t:|1695669939\n|move|p2b: Tornadus|Protect|p2b: Tornadus\n|-singleturn|p2b: Tornadus|Protect\n|cant|p1b: Mimikyu|par\n|move|p2a: Landorus|Earthquake|p1b: Mimikyu|[spread] p1b\n|-activate|p2b: Tornadus|move: Protect\n|-immune|p1a: Vikavolt|[from] ability: Levitate\n|-damage|p1b: Mimikyu|0 fnt\n|faint|p1b: Mimikyu\n|move|p1a: Vikavolt|Flash Cannon|p2a: Landorus\n|-damage|p2a: Landorus|33\/100 brn\n|-damage|p1a: Vikavolt|71\/100|[from] item: Life Orb\n|\n|-damage|p2a: Landorus|27\/100 brn|[from] brn\n|upkeep\n|turn|11\n|\n|t:|1695669965\n|move|p2b: Tornadus|Bleakwind Storm|p1a: Vikavolt\n|-resisted|p1a: Vikavolt\n|-damage|p1a: Vikavolt|43\/100\n|move|p2a: Landorus|Rock Slide|p1a: Vikavolt\n|-damage|p1a: Vikavolt|26\/100\n|move|p1a: Vikavolt|Flash Cannon|p2a: Landorus\n|-damage|p2a: Landorus|0 fnt\n|faint|p2a: Landorus\n|-damage|p1a: Vikavolt|16\/100|[from] item: Life Orb\n|\n|upkeep\n|c|\u2606Spangly-2|gg\n|\n|t:|1695669987\n|switch|p2a: Palafin|Palafin-Hero, M|100\/100\n|-activate|p2a: Palafin|ability: Zero to Hero\n|turn|12\n|\n|t:|1695670007\n|move|p2a: Palafin|Jet Punch|p1a: Vikavolt\n|-damage|p1a: Vikavolt|0 fnt\n|faint|p1a: Vikavolt\n|\n|win|Theonlykev\n|raw|Spangly-2's rating: 1135 &rarr; <strong>1115<\/strong><br \/>(-20 for losing)\n|raw|Theonlykev's rating: 1210 &rarr; <strong>1230<\/strong><br \/>(+20 for winning)\n|l|\u2606Spangly-2\n","uploadtime":1695670013,"views":7,"p1id":"spangly2","p2id":"theonlykev","formatid":"gen9nationaldexdoubles","rating":1115,"private":0,"password":""}