{"id":"gen9nationaldexdoubles-1981877328","p1":"Icey37","p2":"sabertooth290","format":"[Gen 9] National Dex Doubles","log":"|j|\u203dIcey37\n|j|\u2606sabertooth290\n|t:|1698948404\n|gametype|doubles\n|player|p1|Icey37|bea|1258\n|player|p2|sabertooth290|clay|1233\n|teamsize|p1|6\n|teamsize|p2|6\n|gen|9\n|tier|[Gen 9] National Dex Doubles\n|rated|\n|rule|HP Percentage Mod: HP is shown in percentages\n|rule|Endless Battle Clause: Forcing endless battles is banned\n|rule|OHKO Clause: OHKO moves are banned\n|rule|Evasion Moves Clause: Evasion moves are banned\n|rule|Evasion Abilities Clause: Evasion abilities are banned\n|rule|Species Clause: Limit one of each Pok\u00e9mon\n|rule|Gravity Sleep Clause: The combination of sleep-inducing moves with imperfect accuracy and Gravity or Gigantamax Orbeetle are banned\n|clearpoke\n|poke|p1|Blacephalon|\n|poke|p1|Whimsicott, F|\n|poke|p1|Grimmsnarl, M|\n|poke|p1|Chi-Yu|\n|poke|p1|Iron Moth|\n|poke|p1|Heatran, M|\n|poke|p2|Gengar, M|\n|poke|p2|Brute Bonnet|\n|poke|p2|Blacephalon|\n|poke|p2|Whimsicott, L1, F|\n|poke|p2|Typhlosion, M|\n|poke|p2|Rillaboom, F|\n|teampreview\n|inactive|Battle timer is ON: inactive players will automatically lose when time's up. (requested by sabertooth290)\n|\n|t:|1698948414\n|start\n|switch|p1a: Grimmsnarl|Grimmsnarl, M|100\/100\n|switch|p1b: Blacephalon|Blacephalon|100\/100\n|switch|p2a: Gengar|Gengar, M|100\/100\n|switch|p2b: Rillaboom|Rillaboom, F|100\/100\n|-fieldstart|move: Grassy Terrain|[from] ability: Grassy Surge|[of] p2b: Rillaboom\n|turn|1\n|\n|t:|1698948436\n|switch|p2b: Typhlosion|Typhlosion, M|100\/100\n|move|p1a: Grimmsnarl|Reflect|p1a: Grimmsnarl\n|-sidestart|p1: Icey37|Reflect\n|move|p2a: Gengar|Sludge Bomb|p1a: Grimmsnarl\n|-supereffective|p1a: Grimmsnarl\n|-damage|p1a: Grimmsnarl|15\/100\n|-damage|p2a: Gengar|91\/100|[from] item: Life Orb\n|move|p1b: Blacephalon|Mind Blown|p2b: Typhlosion|[spread] p1a,p2a\n|-start|p2b: Typhlosion|ability: Flash Fire\n|-damage|p1a: Grimmsnarl|0 fnt\n|-damage|p2a: Gengar|0 fnt\n|-start|p1b: Blacephalon|Disable|Mind Blown|[from] ability: Cursed Body|[of] p2a: Gengar\n|-damage|p1b: Blacephalon|50\/100|[from] mindblown\n|faint|p1a: Grimmsnarl\n|faint|p2a: Gengar\n|-ability|p1b: Blacephalon|Beast Boost|boost\n|-boost|p1b: Blacephalon|spa|2\n|-heal|p1b: Blacephalon|65\/100|[from] item: Shell Bell|[of] p2b: Typhlosion\n|\n|-heal|p1b: Blacephalon|71\/100|[from] Grassy Terrain\n|upkeep\n|\n|t:|1698948463\n|switch|p2a: Whimsicott|Whimsicott, L1, F|100\/100\n|switch|p1a: Whimsicott|Whimsicott, F|100\/100\n|turn|2\n|\n|t:|1698948475\n|move|p1a: Whimsicott|Tailwind|p1a: Whimsicott\n|-sidestart|p1: Icey37|move: Tailwind\n|move|p2a: Whimsicott|Tailwind|p2a: Whimsicott\n|-sidestart|p2: sabertooth290|move: Tailwind\n|move|p1b: Blacephalon|Shadow Ball|p2b: Typhlosion\n|-crit|p2b: Typhlosion\n|-damage|p2b: Typhlosion|0 fnt\n|faint|p2b: Typhlosion\n|-ability|p1b: Blacephalon|Beast Boost|boost\n|-boost|p1b: Blacephalon|spa|1\n|-heal|p1b: Blacephalon|86\/100|[from] item: Shell Bell|[of] p2: Typhlosion\n|\n|-heal|p1b: Blacephalon|92\/100|[from] Grassy Terrain\n|upkeep\n|\n|t:|1698948487\n|switch|p2b: Brute Bonnet|Brute Bonnet|100\/100\n|turn|3\n|\n|t:|1698948498\n|move|p1a: Whimsicott|Sunny Day|p1a: Whimsicott\n|-weather|SunnyDay\n|-activate|p2b: Brute Bonnet|ability: Protosynthesis\n|-start|p2b: Brute Bonnet|protosynthesisatk\n|move|p2b: Brute Bonnet|Sucker Punch|p1b: Blacephalon\n|-supereffective|p1b: Blacephalon\n|-damage|p1b: Blacephalon|0 fnt\n|faint|p1b: Blacephalon\n|move|p2a: Whimsicott|Memento|p1a: Whimsicott\n|-unboost|p1a: Whimsicott|atk|2\n|-unboost|p1a: Whimsicott|spa|2\n|faint|p2a: Whimsicott\n|\n|-weather|SunnyDay|[upkeep]\n|upkeep\n|\n|t:|1698948518\n|switch|p1b: Chi-Yu|Chi-Yu|100\/100\n|switch|p2a: Blacephalon|Blacephalon|100\/100\n|-ability|p1b: Chi-Yu|Beads of Ruin\n|turn|4\n|\n|t:|1698948537\n|move|p1a: Whimsicott|Helping Hand|p1b: Chi-Yu\n|-singleturn|p1b: Chi-Yu|Helping Hand|[of] p1a: Whimsicott\n|move|p2a: Blacephalon|Shadow Ball|p1b: Chi-Yu\n|-resisted|p1b: Chi-Yu\n|-damage|p1b: Chi-Yu|65\/100\n|-unboost|p1b: Chi-Yu|spd|1\n|move|p1b: Chi-Yu|Heat Wave|p2b: Brute Bonnet|[spread] p2a,p2b\n|-resisted|p2a: Blacephalon\n|-supereffective|p2b: Brute Bonnet\n|-damage|p2a: Blacephalon|0 fnt\n|-damage|p2b: Brute Bonnet|0 fnt\n|faint|p2a: Blacephalon\n|faint|p2b: Brute Bonnet\n|-end|p2b: Brute Bonnet|Protosynthesis|[silent]\n|\n|-weather|SunnyDay|[upkeep]\n|-heal|p1b: Chi-Yu|71\/100|[from] Grassy Terrain\n|upkeep\n|\n|t:|1698948549\n|switch|p2b: Rillaboom|Rillaboom, F|100\/100\n|turn|5\n|\n|t:|1698948557\n|-terastallize|p2b: Rillaboom|Fire\n|move|p1a: Whimsicott|Helping Hand|p1b: Chi-Yu\n|-singleturn|p1b: Chi-Yu|Helping Hand|[of] p1a: Whimsicott\n|move|p1b: Chi-Yu|Heat Wave|p2b: Rillaboom\n|-resisted|p2b: Rillaboom\n|-damage|p2b: Rillaboom|0 fnt\n|faint|p2b: Rillaboom\n|\n|win|Icey37\n|raw|Icey37's rating: 1258 &rarr; <strong>1281<\/strong><br \/>(+23 for winning)\n|raw|sabertooth290's rating: 1233 &rarr; <strong>1210<\/strong><br \/>(-23 for losing)\n|l|\u2606sabertooth290\n","uploadtime":1698948568,"views":9,"p1id":"icey37","p2id":"sabertooth290","formatid":"gen9nationaldexdoubles","rating":1210,"private":0,"password":""}