{"id":"gen9nationaldexdoubles-1993755051","p1":"PyxlFie","p2":"El Ryuk456","format":"[Gen 9] National Dex Doubles","log":"|j|\u2606PyxlFie\n|j|\u2606El Ryuk456\n|t:|1700353378\n|gametype|doubles\n|player|p1|PyxlFie|pokemonranger-gen4|1115\n|player|p2|El Ryuk456|ingo|1237\n|teamsize|p1|6\n|teamsize|p2|6\n|gen|9\n|tier|[Gen 9] National Dex Doubles\n|rated|\n|rule|HP Percentage Mod: HP is shown in percentages\n|rule|Endless Battle Clause: Forcing endless battles is banned\n|rule|OHKO Clause: OHKO moves are banned\n|rule|Evasion Moves Clause: Evasion moves are banned\n|rule|Evasion Abilities Clause: Evasion abilities are banned\n|rule|Species Clause: Limit one of each Pok\u00e9mon\n|rule|Gravity Sleep Clause: The combination of sleep-inducing moves with imperfect accuracy and Gravity or Gigantamax Orbeetle are banned\n|clearpoke\n|poke|p1|Marshadow|\n|poke|p1|Chandelure, F|\n|poke|p1|Diancie|\n|poke|p1|Clefable, F|\n|poke|p1|Kommo-o, F|\n|poke|p1|Empoleon, M|\n|poke|p2|Tornadus, M|\n|poke|p2|Shiftry, M|\n|poke|p2|Samurott-Hisui, F|\n|poke|p2|Sneasler, M|\n|poke|p2|Talonflame, M|\n|poke|p2|Kingambit, M|\n|teampreview\n|inactive|Battle timer is ON: inactive players will automatically lose when time's up. (requested by PyxlFie)\n|\n|t:|1700353404\n|start\n|switch|p1a: Kommo-o|Kommo-o, F|100\/100\n|switch|p1b: Clefable|Clefable, F|100\/100\n|switch|p2a: Sneasler|Sneasler, M|100\/100\n|switch|p2b: Kingambit|Kingambit, M|100\/100\n|turn|1\n|inactive|PyxlFie has 120 seconds left.\n|\n|t:|1700353458\n|move|p2a: Sneasler|Fake Out|p1a: Kommo-o\n|-damage|p1a: Kommo-o|87\/100\n|cant|p1a: Kommo-o|flinch\n|move|p2b: Kingambit|Iron Head|p1b: Clefable\n|-supereffective|p1b: Clefable\n|-damage|p1b: Clefable|16\/100\n|move|p1b: Clefable|Teleport|p1b: Clefable\n|inactive|PyxlFie has 90 seconds left.\n|\n|t:|1700353474\n|switch|p1b: Empoleon|Empoleon, M|100\/100|[from] Teleport\n|\n|upkeep\n|turn|2\n|\n|t:|1700353487\n|move|p2a: Sneasler|Fling|p1a: Kommo-o\n|-resisted|p1a: Kommo-o\n|-damage|p1a: Kommo-o|82\/100\n|-enditem|p2a: Sneasler|King's Rock|[from] move: Fling\n|move|p1b: Empoleon|Air Slash|p2a: Sneasler\n|-supereffective|p2a: Sneasler\n|-damage|p2a: Sneasler|9\/100\n|move|p2b: Kingambit|Low Kick|p1b: Empoleon\n|-supereffective|p1b: Empoleon\n|-damage|p1b: Empoleon|42\/100\n|cant|p1a: Kommo-o|flinch\n|\n|upkeep\n|turn|3\n|inactive|PyxlFie has 120 seconds left.\n|\n|t:|1700353521\n|move|p2a: Sneasler|Dire Claw|p1a: Kommo-o\n|-damage|p1a: Kommo-o|39\/100\n|-status|p1a: Kommo-o|psn\n|move|p1a: Kommo-o|Scale Shot|p2a: Sneasler\n|-damage|p2a: Sneasler|0 fnt\n|faint|p2a: Sneasler\n|-hitcount|p2: Sneasler|1\n|-unboost|p1a: Kommo-o|def|1\n|-boost|p1a: Kommo-o|spe|1\n|move|p1b: Empoleon|Air Slash|p2b: Kingambit\n|-resisted|p2b: Kingambit\n|-damage|p2b: Kingambit|90\/100\n|move|p2b: Kingambit|Low Kick|p1b: Empoleon\n|-supereffective|p1b: Empoleon\n|-damage|p1b: Empoleon|0 fnt\n|faint|p1b: Empoleon\n|\n|-damage|p1a: Kommo-o|27\/100 psn|[from] psn\n|upkeep\n|inactive|PyxlFie has 120 seconds left.\n|\n|t:|1700353541\n|switch|p2a: Shiftry|Shiftry, M|100\/100\n|switch|p1b: Marshadow|Marshadow|100\/100\n|turn|4\n|\n|t:|1700353555\n|-terastallize|p2b: Kingambit|Ghost\n|move|p2a: Shiftry|Fake Out|p1a: Kommo-o\n|-damage|p1a: Kommo-o|10\/100 psn\n|cant|p1a: Kommo-o|flinch\n|move|p1b: Marshadow|Spectral Thief||[still]\n|-clearpositiveboost|p1a: Kommo-o|p1b: Marshadow|move: Spectral Thief\n|-boost|p1b: Marshadow|spe|1\n|-anim|p1b: Marshadow|Spectral Thief|p1a: Kommo-o\n|-damage|p1a: Kommo-o|0 fnt\n|faint|p1a: Kommo-o\n|move|p2b: Kingambit|Kowtow Cleave|p1b: Marshadow\n|-damage|p1b: Marshadow|47\/100\n|\n|upkeep\n|inactive|PyxlFie has 120 seconds left.\n|\n|t:|1700353568\n|switch|p1a: Chandelure|Chandelure, F|100\/100\n|turn|5\n|\n|t:|1700353585\n|move|p2b: Kingambit|Sucker Punch|p1a: Chandelure\n|-supereffective|p1a: Chandelure\n|-damage|p1a: Chandelure|0 fnt\n|faint|p1a: Chandelure\n|-zpower|p1b: Marshadow\n|move|p1b: Marshadow|Soul-Stealing 7-Star Strike|p2b: Kingambit|[zeffect]\n|-supereffective|p2b: Kingambit\n|-damage|p2b: Kingambit|0 fnt\n|faint|p2b: Kingambit\n|move|p2a: Shiftry|Knock Off|p1b: Marshadow\n|-damage|p1b: Marshadow|10\/100\n|\n|upkeep\n|\n|t:|1700353618\n|switch|p1a: Diancie|Diancie, shiny|100\/100\n|switch|p2b: Samurott|Samurott-Hisui, F|100\/100\n|turn|6\n|inactive|PyxlFie has 120 seconds left.\n|\n|t:|1700353673\n|detailschange|p1a: Diancie|Diancie-Mega, shiny\n|-mega|p1a: Diancie|Diancie|Diancite\n|move|p2b: Samurott|Aqua Jet|p1b: Marshadow\n|-damage|p1b: Marshadow|0 fnt\n|faint|p1b: Marshadow\n|move|p1a: Diancie|Play Rough|p2b: Samurott\n|-supereffective|p2b: Samurott\n|-damage|p2b: Samurott|0 fnt\n|faint|p2b: Samurott\n|move|p2a: Shiftry|Leaf Blade|p1a: Diancie\n|-supereffective|p1a: Diancie\n|-damage|p1a: Diancie|0 fnt\n|faint|p1a: Diancie\n|\n|upkeep\n|inactive|PyxlFie has 120 seconds left.\n|-message|PyxlFie forfeited.\n|\n|win|El Ryuk456\n|raw|PyxlFie's rating: 1115 &rarr; <strong>1098<\/strong><br \/>(-17 for losing)\n|raw|El Ryuk456's rating: 1237 &rarr; <strong>1254<\/strong><br \/>(+17 for winning)\n|l|\u2606PyxlFie\n","uploadtime":1700353691,"views":12,"p1id":"pyxlfie","p2id":"elryuk456","formatid":"gen9nationaldexdoubles","rating":1098,"private":0,"password":""}