{"id":"gen9nationaldexdoubles-1993457581","p1":"DudunsparceBoi","p2":"Sargenbob","format":"[Gen 9] National Dex Doubles","log":"|j|\u2606DudunsparceBoi\n|j|\u2606Sargenbob\n|t:|1700320297\n|gametype|doubles\n|player|p1|DudunsparceBoi|gardenia|1053\n|player|p2|Sargenbob|red|1148\n|teamsize|p1|6\n|teamsize|p2|6\n|gen|9\n|tier|[Gen 9] National Dex Doubles\n|rated|\n|rule|HP Percentage Mod: HP is shown in percentages\n|rule|Endless Battle Clause: Forcing endless battles is banned\n|rule|OHKO Clause: OHKO moves are banned\n|rule|Evasion Moves Clause: Evasion moves are banned\n|rule|Evasion Abilities Clause: Evasion abilities are banned\n|rule|Species Clause: Limit one of each Pok\u00e9mon\n|rule|Gravity Sleep Clause: The combination of sleep-inducing moves with imperfect accuracy and Gravity or Gigantamax Orbeetle are banned\n|clearpoke\n|poke|p1|Meowscarada, F|\n|poke|p1|Centiskorch, M|\n|poke|p1|Dudunsparce-*, M|\n|poke|p1|Cursola, F|\n|poke|p1|Emolga, M|\n|poke|p1|Bastiodon, M|\n|poke|p2|Ursaluna, F|\n|poke|p2|Gothitelle, F|\n|poke|p2|Salamence, F|\n|poke|p2|Amoonguss, F|\n|poke|p2|Diancie|\n|poke|p2|Incineroar, F|\n|teampreview\n|inactive|Battle timer is ON: inactive players will automatically lose when time's up. (requested by Sargenbob)\n|\n|t:|1700320312\n|start\n|switch|p1a: Emolga|Emolga, M|100\/100\n|switch|p1b: Centiskorch|Centiskorch, M|100\/100\n|switch|p2a: El-Macho|Incineroar, F, shiny|100\/100\n|switch|p2b: Shenron|Salamence, F, shiny|100\/100\n|-ability|p2b: Shenron|Intimidate|boost\n|-unboost|p1a: Emolga|atk|1\n|-unboost|p1b: Centiskorch|atk|1\n|-ability|p2a: El-Macho|Intimidate|boost\n|-unboost|p1a: Emolga|atk|1\n|-unboost|p1b: Centiskorch|atk|1\n|turn|1\n|\n|t:|1700320334\n|detailschange|p2b: Shenron|Salamence-Mega, F, shiny\n|-mega|p2b: Shenron|Salamence|Salamencite\n|move|p2a: El-Macho|Fake Out|p1b: Centiskorch\n|-damage|p1b: Centiskorch|86\/100\n|move|p2b: Shenron|Breaking Swipe|p1a: Emolga|[spread] p1a,p1b\n|-damage|p1a: Emolga|54\/100\n|-damage|p1b: Centiskorch|55\/100\n|-unboost|p1a: Emolga|atk|1\n|-unboost|p1b: Centiskorch|atk|1\n|move|p1a: Emolga|Tailwind|p1a: Emolga\n|-sidestart|p1: DudunsparceBoi|move: Tailwind\n|cant|p1b: Centiskorch|flinch\n|\n|upkeep\n|turn|2\n|\n|t:|1700320363\n|move|p1a: Emolga|U-turn|p2a: El-Macho\n|-damage|p2a: El-Macho|95\/100\n|inactive|DudunsparceBoi has 120 seconds left.\n|\n|t:|1700320378\n|switch|p1a: Bastiodon|Bastiodon, M|100\/100|[from] U-turn\n|move|p1b: Centiskorch|Leech Life|p2a: El-Macho\n|-damage|p2a: El-Macho|80\/100\n|-heal|p1b: Centiskorch|64\/100|[from] drain|[of] p2a: El-Macho\n|move|p2b: Shenron|Breaking Swipe|p1b: Centiskorch|[spread] p1a,p1b\n|-resisted|p1a: Bastiodon\n|-damage|p1a: Bastiodon|92\/100\n|-damage|p1b: Centiskorch|32\/100\n|-unboost|p1a: Bastiodon|atk|1\n|-unboost|p1b: Centiskorch|atk|1\n|-damage|p2b: Shenron|84\/100|[from] item: Rocky Helmet|[of] p1a: Bastiodon\n|move|p2a: El-Macho|Knock Off|p1a: Bastiodon\n|-damage|p1a: Bastiodon|62\/100\n|-damage|p2a: El-Macho|63\/100|[from] item: Rocky Helmet|[of] p1a: Bastiodon\n|-enditem|p1a: Bastiodon|Rocky Helmet|[from] move: Knock Off|[of] p2a: El-Macho\n|\n|upkeep\n|turn|3\n|\n|t:|1700320402\n|move|p1b: Centiskorch|Will-O-Wisp|p2b: Shenron\n|-status|p2b: Shenron|brn\n|move|p2b: Shenron|Breaking Swipe|p1a: Bastiodon|[spread] p1a,p1b\n|-resisted|p1a: Bastiodon\n|-damage|p1a: Bastiodon|58\/100\n|-damage|p1b: Centiskorch|18\/100\n|-unboost|p1a: Bastiodon|atk|1\n|-unboost|p1b: Centiskorch|atk|1\n|move|p1a: Bastiodon|Rock Slide|p2b: Shenron|[spread] p2a\n|-miss|p1a: Bastiodon|p2b: Shenron\n|-supereffective|p2a: El-Macho\n|-damage|p2a: El-Macho|49\/100\n|move|p2a: El-Macho|Parting Shot|p1a: Bastiodon\n|-unboost|p1a: Bastiodon|atk|1\n|-unboost|p1a: Bastiodon|spa|1\n|inactive|Sargenbob has 120 seconds left.\n|\n|t:|1700320418\n|switch|p2a: Waifu|Gothitelle, F, shiny|100\/100|[from] Parting Shot\n|\n|-damage|p2b: Shenron|78\/100 brn|[from] brn\n|upkeep\n|turn|4\n|\n|t:|1700320429\n|switch|p2b: Freddy|Ursaluna, F, shiny|100\/100\n|move|p1b: Centiskorch|Leech Life|p2a: Waifu\n|-supereffective|p2a: Waifu\n|-damage|p2a: Waifu|82\/100\n|-heal|p1b: Centiskorch|27\/100|[from] drain|[of] p2a: Waifu\n|move|p1a: Bastiodon|Toxic|p2a: Waifu\n|-status|p2a: Waifu|tox\n|move|p2a: Waifu|Trick Room|p2a: Waifu\n|-fieldstart|move: Trick Room|[of] p2a: Waifu\n|\n|-damage|p2a: Waifu|76\/100 tox|[from] psn\n|-sideend|p1: DudunsparceBoi|move: Tailwind\n|-status|p2b: Freddy|brn|[from] item: Flame Orb\n|upkeep\n|turn|5\n|inactive|DudunsparceBoi has 120 seconds left.\n|\n|t:|1700320485\n|move|p1a: Bastiodon|Protect|p1a: Bastiodon\n|-singleturn|p1a: Bastiodon|Protect\n|move|p2b: Freddy|Headlong Rush|p1a: Bastiodon\n|-activate|p1a: Bastiodon|move: Protect\n|move|p2a: Waifu|Psychic|p1b: Centiskorch\n|-damage|p1b: Centiskorch|0 fnt\n|faint|p1b: Centiskorch\n|\n|-damage|p2a: Waifu|64\/100 tox|[from] psn\n|-damage|p2b: Freddy|94\/100 brn|[from] brn\n|upkeep\n|inactive|DudunsparceBoi has 90 seconds left.\n|\n|t:|1700320497\n|switch|p1b: Cursola|Cursola, F|100\/100\n|turn|6\n|\n|t:|1700320505\n|move|p2b: Freddy|Headlong Rush|p1b: Cursola\n|-damage|p1b: Cursola|0 fnt\n|-unboost|p2b: Freddy|def|1\n|-unboost|p2b: Freddy|spd|1\n|-ability|p1b: Cursola|Perish Body\n|faint|p1b: Cursola\n|move|p1a: Bastiodon|Rock Slide|p2a: Waifu|[spread] p2a,p2b\n|-resisted|p2b: Freddy\n|-damage|p2a: Waifu|59\/100 tox\n|-damage|p2b: Freddy|91\/100 brn\n|move|p2a: Waifu|Psychic|p1a: Bastiodon\n|-resisted|p1a: Bastiodon\n|-damage|p1a: Bastiodon|46\/100\n|\n|-damage|p2a: Waifu|40\/100 tox|[from] psn\n|-damage|p2b: Freddy|84\/100 brn|[from] brn\n|-start|p2b: Freddy|perish3\n|upkeep\n|-enditem|p2a: Waifu|Sitrus Berry|[eat]\n|-heal|p2a: Waifu|65\/100 tox|[from] item: Sitrus Berry\n|inactive|DudunsparceBoi has 90 seconds left.\n|\n|t:|1700320533\n|switch|p1b: Meowscarada|Meowscarada, F, shiny|100\/100\n|turn|7\n|\n|t:|1700320555\n|move|p2b: Freddy|Facade|p1b: Meowscarada\n|-damage|p1b: Meowscarada|0 fnt\n|faint|p1b: Meowscarada\n|move|p1a: Bastiodon|Toxic||[still]\n|-fail|p1a: Bastiodon\n|move|p2a: Waifu|Psychic|p1a: Bastiodon\n|-resisted|p1a: Bastiodon\n|-damage|p1a: Bastiodon|35\/100\n|\n|-damage|p2a: Waifu|41\/100 tox|[from] psn\n|-damage|p2b: Freddy|78\/100 brn|[from] brn\n|-start|p2b: Freddy|perish2\n|upkeep\n|inactive|DudunsparceBoi has 90 seconds left.\n|\n|t:|1700320569\n|switch|p1b: Dudunsparce|Dudunsparce-Three-Segment, M|100\/100\n|turn|8\n|\n|t:|1700320578\n|move|p2b: Freddy|Facade|p1b: Dudunsparce\n|-damage|p1b: Dudunsparce|0 fnt\n|faint|p1b: Dudunsparce\n|move|p1a: Bastiodon|Toxic||[still]\n|-fail|p1a: Bastiodon\n|move|p2a: Waifu|Psychic|p1a: Bastiodon\n|-resisted|p1a: Bastiodon\n|-damage|p1a: Bastiodon|23\/100\n|\n|-damage|p2a: Waifu|10\/100 tox|[from] psn\n|-damage|p2b: Freddy|72\/100 brn|[from] brn\n|-start|p2b: Freddy|perish1\n|-fieldend|move: Trick Room\n|upkeep\n|\n|t:|1700320591\n|switch|p1b: Emolga|Emolga, M|54\/100\n|turn|9\n|inactive|DudunsparceBoi has 120 seconds left.\n|\n|t:|1700320613\n|move|p1a: Bastiodon|Protect|p1a: Bastiodon\n|-singleturn|p1a: Bastiodon|Protect\n|move|p1b: Emolga|Knock Off|p2a: Waifu\n|-supereffective|p2a: Waifu\n|-damage|p2a: Waifu|0 fnt\n|faint|p2a: Waifu\n|move|p2b: Freddy|Facade|p1b: Emolga\n|-damage|p1b: Emolga|0 fnt\n|faint|p1b: Emolga\n|\n|-damage|p2b: Freddy|66\/100 brn|[from] brn\n|-start|p2b: Freddy|perish0\n|faint|p2b: Freddy\n|upkeep\n|\n|t:|1700320625\n|switch|p2a: El-Macho|Incineroar, F, shiny|49\/100\n|switch|p2b: Shenron|Salamence-Mega, F, shiny|78\/100 brn\n|-ability|p2a: El-Macho|Intimidate|boost\n|-unboost|p1a: Bastiodon|atk|1\n|turn|10\n|c|\u2606Sargenbob|gg\n|\n|t:|1700320637\n|move|p2b: Shenron|Breaking Swipe|p1a: Bastiodon\n|-resisted|p1a: Bastiodon\n|-damage|p1a: Bastiodon|17\/100\n|-unboost|p1a: Bastiodon|atk|1\n|move|p2a: El-Macho|Flare Blitz|p1a: Bastiodon\n|-damage|p1a: Bastiodon|0 fnt\n|faint|p1a: Bastiodon\n|-damage|p2a: El-Macho|45\/100|[from] Recoil\n|\n|win|Sargenbob\n|raw|DudunsparceBoi's rating: 1053 &rarr; <strong>1040<\/strong><br \/>(-13 for losing)\n|raw|Sargenbob's rating: 1148 &rarr; <strong>1166<\/strong><br \/>(+18 for winning)\n|c|\u2606DudunsparceBoi|gg\n","uploadtime":1700320650,"views":7,"p1id":"dudunsparceboi","p2id":"sargenbob","formatid":"gen9nationaldexdoubles","rating":1040,"private":0,"password":""}