{"id":"gen9nationaldexdoubles-1993615091","p1":"xephos223","p2":"Jam35_Name","format":"[Gen 9] National Dex Doubles","log":"|j|\u2606xephos223\n|j|\u2606Jam35_Name\n|t:|1700337750\n|gametype|doubles\n|player|p1|xephos223|gambler|\n|player|p2|Jam35_Name|policeman|\n|teamsize|p1|6\n|teamsize|p2|6\n|gen|9\n|tier|[Gen 9] National Dex Doubles\n|rule|HP Percentage Mod: HP is shown in percentages\n|rule|Endless Battle Clause: Forcing endless battles is banned\n|rule|OHKO Clause: OHKO moves are banned\n|rule|Evasion Moves Clause: Evasion moves are banned\n|rule|Evasion Abilities Clause: Evasion abilities are banned\n|rule|Species Clause: Limit one of each Pok\u00e9mon\n|rule|Gravity Sleep Clause: The combination of sleep-inducing moves with imperfect accuracy and Gravity or Gigantamax Orbeetle are banned\n|clearpoke\n|poke|p1|Gallade, M|\n|poke|p1|Garchomp, F|\n|poke|p1|Magnezone|\n|poke|p1|Gastrodon, F|\n|poke|p1|Togekiss, F|\n|poke|p1|Lucario, F|\n|poke|p2|Blastoise, M|\n|poke|p2|Ditto|\n|poke|p2|Cloyster, F|\n|poke|p2|Magneton|\n|poke|p2|Mew|\n|poke|p2|Chansey, F|\n|teampreview\n|\n|t:|1700337767\n|start\n|switch|p1a: Beep Boop|Magnezone|100\/100\n|switch|p1b: My Boy|Gallade, M|100\/100\n|switch|p2a: Tutel :)|Blastoise, M|100\/100\n|switch|p2b: Cat|Mew, shiny|100\/100\n|turn|1\n|\n|t:|1700337780\n|detailschange|p2a: Tutel :)|Blastoise-Mega, M\n|-mega|p2a: Tutel :)|Blastoise|Blastoisinite\n|move|p2a: Tutel :)|Protect|p2a: Tutel :)\n|-singleturn|p2a: Tutel :)|Protect\n|move|p1b: My Boy|Leaf Blade|p2a: Tutel :)\n|-activate|p2a: Tutel :)|move: Protect\n|move|p2b: Cat|Cosmic Power|p2b: Cat\n|-boost|p2b: Cat|def|1\n|-boost|p2b: Cat|spd|1\n|move|p1a: Beep Boop|Discharge|p2a: Tutel :)|[spread] p1b,p2b\n|-activate|p2a: Tutel :)|move: Protect\n|-damage|p1b: My Boy|60\/100\n|-damage|p2b: Cat|86\/100\n|-status|p1b: My Boy|par\n|\n|-heal|p2b: Cat|92\/100|[from] item: Leftovers\n|upkeep\n|turn|2\n|\n|t:|1700337831\n|move|p2b: Cat|Ally Switch|p2b: Cat\n|swap|p2b: Cat|0|[from] move: Ally Switch\n|move|p2b: Tutel :)|Shell Smash|p2b: Tutel :)\n|-unboost|p2b: Tutel :)|def|1\n|-unboost|p2b: Tutel :)|spd|1\n|-boost|p2b: Tutel :)|atk|2\n|-boost|p2b: Tutel :)|spa|2\n|-boost|p2b: Tutel :)|spe|2\n|move|p1b: My Boy|Leaf Blade|p2a: Cat\n|-damage|p2a: Cat|68\/100\n|move|p1a: Beep Boop|Discharge|p2b: Tutel :)|[spread] p1b,p2a,p2b\n|-supereffective|p2b: Tutel :)\n|-damage|p1b: My Boy|23\/100 par\n|-damage|p2a: Cat|53\/100\n|-damage|p2b: Tutel :)|0 fnt\n|faint|p2b: Tutel :)\n|\n|-heal|p2a: Cat|59\/100|[from] item: Leftovers\n|upkeep\n|\n|t:|1700337845\n|switch|p2b: Kinda Sus|Cloyster, F, shiny|100\/100\n|turn|3\n|\n|t:|1700337860\n|-terastallize|p2b: Kinda Sus|Electric\n|move|p2b: Kinda Sus|Shell Smash|p2b: Kinda Sus\n|-unboost|p2b: Kinda Sus|def|1\n|-unboost|p2b: Kinda Sus|spd|1\n|-boost|p2b: Kinda Sus|atk|2\n|-boost|p2b: Kinda Sus|spa|2\n|-boost|p2b: Kinda Sus|spe|2\n|move|p2a: Cat|Life Dew||[still]|[spread] p2a,p2b\n|-heal|p2a: Cat|84\/100\n|-fail|p2b: Kinda Sus|heal\n|move|p1b: My Boy|Leaf Blade|p2b: Kinda Sus\n|-damage|p2b: Kinda Sus|42\/100\n|move|p1a: Beep Boop|Discharge|p2b: Kinda Sus|[spread] p1b,p2a,p2b\n|-resisted|p2b: Kinda Sus\n|-damage|p1b: My Boy|0 fnt\n|-damage|p2a: Cat|71\/100\n|-damage|p2b: Kinda Sus|0 fnt\n|faint|p1b: My Boy\n|faint|p2b: Kinda Sus\n|\n|-heal|p2a: Cat|77\/100|[from] item: Leftovers\n|upkeep\n|\n|t:|1700337882\n|switch|p1b: OU|Garchomp, F|100\/100\n|switch|p2b: The Dittler|Ditto, shiny|100\/100\n|-transform|p2b: The Dittler|p1a: Beep Boop|[from] ability: Imposter\n|turn|4\n|\n|t:|1700337901\n|move|p2a: Cat|Helping Hand|p2b: The Dittler\n|-singleturn|p2b: The Dittler|Helping Hand|[of] p2a: Cat\n|move|p1b: OU|Swords Dance|p1b: OU\n|-boost|p1b: OU|atk|2\n|move|p2b: The Dittler|Steel Beam|p1b: OU\n|-enditem|p1b: OU|Focus Sash\n|-damage|p1b: OU|1\/100\n|-damage|p2b: The Dittler|50\/100|[from] steelbeam\n|move|p1a: Beep Boop|Reflect|p1a: Beep Boop\n|-sidestart|p1: xephos223|Reflect\n|\n|-heal|p2a: Cat|83\/100|[from] item: Leftovers\n|upkeep\n|turn|5\n|\n|t:|1700337927\n|move|p1b: OU|Earthquake|p2b: The Dittler|[spread] p1a,p2a,p2b\n|-supereffective|p1a: Beep Boop\n|-supereffective|p2b: The Dittler\n|-ability|p1a: Beep Boop|Sturdy\n|-damage|p1a: Beep Boop|1\/100\n|-damage|p2a: Cat|38\/100\n|-damage|p2b: The Dittler|0 fnt\n|faint|p2b: The Dittler\n|move|p2a: Cat|Life Dew|p2a: Cat\n|-heal|p2a: Cat|63\/100\n|move|p1a: Beep Boop|Discharge|p2a: Cat|[spread] p2a\n|-immune|p1b: OU\n|-damage|p2a: Cat|50\/100\n|\n|-heal|p2a: Cat|56\/100|[from] item: Leftovers\n|upkeep\n|\n|t:|1700337940\n|switch|p2b: Oeuf|Chansey, F|100\/100\n|turn|6\n|\n|t:|1700337950\n|move|p1b: OU|Outrage|p2b: Oeuf\n|-damage|p2b: Oeuf|8\/100\n|move|p2a: Cat|Cosmic Power|p2a: Cat\n|-boost|p2a: Cat|def|1\n|-boost|p2a: Cat|spd|1\n|move|p1a: Beep Boop|Discharge|p2a: Cat|[spread] p2a,p2b\n|-immune|p1b: OU\n|-damage|p2a: Cat|45\/100\n|-damage|p2b: Oeuf|0 fnt\n|faint|p2b: Oeuf\n|\n|-heal|p2a: Cat|51\/100|[from] item: Leftovers\n|upkeep\n|-message|Jam35_Name forfeited.\n|\n|win|xephos223\n|l|\u2606Jam35_Name\n","uploadtime":1700337971,"views":6,"p1id":"xephos223","p2id":"jam35name","formatid":"gen9nationaldexdoubles","rating":0,"private":0,"password":""}