{"id":"gen9nationaldexdoubles-1981104377","p1":"Jti kft","p2":"Tritus ELITE 4","format":"[Gen 9] National Dex Doubles","log":"|j|\u2606Jti kft\n|j|\u2606Tritus ELITE 4\n|t:|1698863877\n|gametype|doubles\n|player|p1|Jti kft|dawn|1000\n|player|p2|Tritus ELITE 4|wulfric|1066\n|teamsize|p1|6\n|teamsize|p2|6\n|gen|9\n|tier|[Gen 9] National Dex Doubles\n|rated|\n|rule|HP Percentage Mod: HP is shown in percentages\n|rule|Endless Battle Clause: Forcing endless battles is banned\n|rule|OHKO Clause: OHKO moves are banned\n|rule|Evasion Moves Clause: Evasion moves are banned\n|rule|Evasion Abilities Clause: Evasion abilities are banned\n|rule|Species Clause: Limit one of each Pok\u00e9mon\n|rule|Gravity Sleep Clause: The combination of sleep-inducing moves with imperfect accuracy and Gravity or Gigantamax Orbeetle are banned\n|clearpoke\n|poke|p1|Blastoise, M|\n|poke|p1|Clefable, M|\n|poke|p1|Indeedee-F, F|\n|poke|p1|Mr. Mime, M|\n|poke|p1|Glastrier|\n|poke|p1|Oranguru, M|\n|poke|p2|Basculegion-F, F|\n|poke|p2|Swampert, M|\n|poke|p2|Pelipper, F|\n|poke|p2|Araquanid, M|\n|poke|p2|Milotic, F|\n|poke|p2|Ludicolo, M|\n|teampreview\n|inactive|Battle timer is ON: inactive players will automatically lose when time's up. (requested by Jti kft)\n|\n|t:|1698863894\n|start\n|switch|p1a: Glastrier|Glastrier|100\/100\n|switch|p1b: Indeedee|Indeedee-F, F|100\/100\n|switch|p2a: Pelipper|Pelipper, F|100\/100\n|switch|p2b: Araquanid|Araquanid, M|100\/100\n|-fieldstart|move: Psychic Terrain|[from] ability: Psychic Surge|[of] p1b: Indeedee\n|-weather|RainDance|[from] ability: Drizzle|[of] p2a: Pelipper\n|turn|1\n|\n|t:|1698863906\n|-terastallize|p1a: Glastrier|Ice\n|move|p2a: Pelipper|Tailwind|p2a: Pelipper\n|-sidestart|p2: Tritus ELITE 4|move: Tailwind\n|move|p2b: Araquanid|Leech Life|p1b: Indeedee\n|-supereffective|p1b: Indeedee\n|-damage|p1b: Indeedee|20\/100\n|-damage|p2b: Araquanid|91\/100|[from] item: Life Orb\n|move|p1a: Glastrier|Icicle Spear|p2a: Pelipper\n|-damage|p2a: Pelipper|73\/100\n|-damage|p2a: Pelipper|48\/100\n|-damage|p2a: Pelipper|23\/100\n|-damage|p2a: Pelipper|0 fnt\n|faint|p2a: Pelipper\n|-ability|p1a: Glastrier|Chilling Neigh|boost\n|-boost|p1a: Glastrier|atk|1\n|-hitcount|p2: Pelipper|4\n|move|p1b: Indeedee|Trick Room|p1b: Indeedee\n|-fieldstart|move: Trick Room|[of] p1b: Indeedee\n|\n|-weather|RainDance|[upkeep]\n|upkeep\n|\n|t:|1698863929\n|switch|p2a: Milotic|Milotic, F|100\/100\n|turn|2\n|inactive|Jti kft has 120 seconds left.\n|\n|t:|1698863977\n|move|p1b: Indeedee|Follow Me|p1b: Indeedee\n|-singleturn|p1b: Indeedee|move: Follow Me\n|move|p1a: Glastrier|Icicle Spear|p2b: Araquanid\n|-resisted|p2b: Araquanid\n|-damage|p2b: Araquanid|69\/100\n|-resisted|p2b: Araquanid\n|-damage|p2b: Araquanid|49\/100\n|-resisted|p2b: Araquanid\n|-damage|p2b: Araquanid|29\/100\n|-resisted|p2b: Araquanid\n|-damage|p2b: Araquanid|8\/100\n|-hitcount|p2b: Araquanid|4\n|move|p2b: Araquanid|Liquidation|p1b: Indeedee\n|-damage|p1b: Indeedee|0 fnt\n|faint|p1b: Indeedee\n|-damage|p2b: Araquanid|0 fnt|[from] item: Life Orb\n|faint|p2b: Araquanid\n|move|p2a: Milotic|Chilling Water|p1a: Glastrier\n|-damage|p1a: Glastrier|79\/100\n|-unboost|p1a: Glastrier|atk|1\n|\n|-weather|RainDance|[upkeep]\n|upkeep\n|inactive|Jti kft has 120 seconds left.\n|\n|t:|1698864001\n|switch|p2b: Ludicolo|Ludicolo, M|100\/100\n|switch|p1b: Blastoise|Blastoise, M|100\/100\n|turn|3\n|\n|t:|1698864009\n|move|p1b: Blastoise|Follow Me|p1b: Blastoise\n|-singleturn|p1b: Blastoise|move: Follow Me\n|move|p1a: Glastrier|Icicle Spear|p2b: Ludicolo\n|-damage|p2b: Ludicolo|70\/100\n|-damage|p2b: Ludicolo|37\/100\n|-damage|p2b: Ludicolo|5\/100\n|-damage|p2b: Ludicolo|0 fnt\n|faint|p2b: Ludicolo\n|-ability|p1a: Glastrier|Chilling Neigh|boost\n|-boost|p1a: Glastrier|atk|1\n|-hitcount|p2: Ludicolo|4\n|move|p2a: Milotic|Chilling Water|p1b: Blastoise\n|-resisted|p1b: Blastoise\n|-damage|p1b: Blastoise|90\/100\n|-unboost|p1b: Blastoise|atk|1\n|\n|-weather|RainDance|[upkeep]\n|upkeep\n|\n|t:|1698864015\n|switch|p2b: Swampert|Swampert, M|100\/100\n|turn|4\n|\n|t:|1698864031\n|detailschange|p2b: Swampert|Swampert-Mega, M\n|-mega|p2b: Swampert|Swampert|Swampertite\n|move|p1b: Blastoise|Follow Me|p1b: Blastoise\n|-singleturn|p1b: Blastoise|move: Follow Me\n|move|p1a: Glastrier|Icicle Spear|p2b: Swampert\n|-damage|p2b: Swampert|69\/100\n|-damage|p2b: Swampert|41\/100\n|-damage|p2b: Swampert|13\/100\n|-damage|p2b: Swampert|0 fnt\n|faint|p2b: Swampert\n|-ability|p1a: Glastrier|Chilling Neigh|boost\n|-boost|p1a: Glastrier|atk|1\n|-hitcount|p2: Swampert|4\n|move|p2a: Milotic|Life Dew||[still]\n|-fail|p2a: Milotic|heal\n|\n|-weather|RainDance|[upkeep]\n|-sideend|p2: Tritus ELITE 4|move: Tailwind\n|upkeep\n|\n|t:|1698864039\n|switch|p2b: Basculegion|Basculegion-F, F|100\/100\n|turn|5\n|-message|Tritus ELITE 4 forfeited.\n|\n|win|Jti kft\n|raw|Jti kft's rating: 1000 &rarr; <strong>1048<\/strong><br \/>(+48 for winning)\n|raw|Tritus ELITE 4's rating: 1066 &rarr; <strong>1042<\/strong><br \/>(-24 for losing)\n|l|\u2606Tritus ELITE 4\n","uploadtime":1698864055,"views":7,"p1id":"jtikft","p2id":"trituselite4","formatid":"gen9nationaldexdoubles","rating":1042,"private":0,"password":""}