{"id":"gen9nationaldexdoubles-1965625267","p1":"Speefus","p2":"I'mSuspecious)","format":"[Gen 9] National Dex Doubles","log":"|j|\u2606Speefus\n|j|\u2606I'mSuspecious)\n|t:|1697098958\n|gametype|doubles\n|player|p1|Speefus|fisherman-gen4|1191\n|player|p2|I'mSuspecious)|wallace|1103\n|teamsize|p1|6\n|teamsize|p2|6\n|gen|9\n|tier|[Gen 9] National Dex Doubles\n|rated|\n|rule|HP Percentage Mod: HP is shown in percentages\n|rule|Endless Battle Clause: Forcing endless battles is banned\n|rule|OHKO Clause: OHKO moves are banned\n|rule|Evasion Moves Clause: Evasion moves are banned\n|rule|Evasion Abilities Clause: Evasion abilities are banned\n|rule|Species Clause: Limit one of each Pok\u00e9mon\n|rule|Gravity Sleep Clause: The combination of sleep-inducing moves with imperfect accuracy and Gravity or Gigantamax Orbeetle are banned\n|clearpoke\n|poke|p1|Empoleon, M|\n|poke|p1|Flamigo, F|\n|poke|p1|Ludicolo, M|\n|poke|p1|Tinkaton, F|\n|poke|p1|Swampert, F|\n|poke|p1|Eevee, M|\n|poke|p2|Pelipper, F|\n|poke|p2|Walking Wake|\n|poke|p2|Ogerpon-Wellspring, F|\n|poke|p2|Rotom-Wash|\n|poke|p2|Slowking, F|\n|poke|p2|Arctovish|\n|teampreview\n|inactive|Battle timer is ON: inactive players will automatically lose when time's up. (requested by Speefus)\n|\n|t:|1697099006\n|start\n|switch|p1a: Eevee|Eevee, M|100\/100\n|switch|p1b: Ludicolo|Ludicolo, M|100\/100\n|switch|p2a: Pelipper|Pelipper, F|100\/100\n|switch|p2b: Walking Wake|Walking Wake|100\/100\n|-weather|RainDance|[from] ability: Drizzle|[of] p2a: Pelipper\n|turn|1\n|\n|t:|1697099025\n|move|p1b: Ludicolo|Energy Ball|p2b: Walking Wake\n|-damage|p2b: Walking Wake|52\/100\n|move|p2b: Walking Wake|Draco Meteor|p1a: Eevee\n|-damage|p1a: Eevee|5\/100\n|-unboost|p2b: Walking Wake|spa|2\n|move|p2a: Pelipper|Tailwind|p2a: Pelipper\n|-sidestart|p2: I'mSuspecious)|move: Tailwind\n|-zpower|p1a: Eevee\n|move|p1a: Eevee|Extreme Evoboost|p1a: Eevee\n|-boost|p1a: Eevee|atk|2\n|-boost|p1a: Eevee|def|2\n|-boost|p1a: Eevee|spa|2\n|-boost|p1a: Eevee|spd|2\n|-boost|p1a: Eevee|spe|2\n|\n|-weather|RainDance|[upkeep]\n|upkeep\n|turn|2\n|c|\u2606I'mSuspecious)|SHITT\n|c|\u2606I'mSuspecious)|no shot\n|inactive|I'mSuspecious) has 120 seconds left.\n|\n|t:|1697099062\n|-end|p2b: Walking Wake|Protosynthesis|[silent]\n|switch|p2b: Slowking|Slowking, F|100\/100\n|switch|p1b: Flamigo|Flamigo, F|100\/100\n|-copyboost|p1b: Flamigo|p1a: Eevee|[from] ability: Costar\n|move|p1a: Eevee|Protect|p1a: Eevee\n|-singleturn|p1a: Eevee|Protect\n|move|p2a: Pelipper|Hurricane|p1b: Flamigo\n|-supereffective|p1b: Flamigo\n|-damage|p1b: Flamigo|40\/100\n|-start|p1b: Flamigo|confusion\n|\n|-weather|RainDance|[upkeep]\n|-heal|p1b: Flamigo|46\/100|[from] item: Leftovers\n|upkeep\n|turn|3\n|\n|t:|1697099090\n|-terastallize|p1b: Flamigo|Electric\n|-activate|p1b: Flamigo|confusion\n|-damage|p1b: Flamigo|28\/100|[from] confusion\n|move|p2a: Pelipper|Hurricane|p1b: Flamigo\n|-resisted|p1b: Flamigo\n|-damage|p1b: Flamigo|13\/100\n|move|p1a: Eevee|Baton Pass|p1a: Eevee\n|c|\u2606I'mSuspecious)|n ah]\\\n|inactive|Speefus has 120 seconds left.\n|\n|t:|1697099107\n|switch|p1a: Ludicolo|Ludicolo, M|100\/100|[from] Baton Pass\n|move|p2b: Slowking|Future Sight|p1a: Ludicolo\n|-start|p2b: Slowking|move: Future Sight\n|\n|-weather|RainDance|[upkeep]\n|-heal|p1b: Flamigo|19\/100|[from] item: Leftovers\n|upkeep\n|turn|4\n|\n|t:|1697099121\n|move|p1a: Ludicolo|Energy Ball|p2b: Slowking\n|-supereffective|p2b: Slowking\n|-damage|p2b: Slowking|0 fnt\n|faint|p2b: Slowking\n|-activate|p1b: Flamigo|confusion\n|move|p1b: Flamigo|Roost|p1b: Flamigo\n|-heal|p1b: Flamigo|69\/100\n|move|p2a: Pelipper|Hurricane|p1a: Ludicolo\n|-supereffective|p1a: Ludicolo\n|-damage|p1a: Ludicolo|61\/100\n|\n|-weather|RainDance|[upkeep]\n|-heal|p1b: Flamigo|76\/100|[from] item: Leftovers\n|-sideend|p2: I'mSuspecious)|move: Tailwind\n|upkeep\n|c|\u2606I'mSuspecious)|WHAT\n|c|\u2606I'mSuspecious)|hate your stupid stratigy btw\n|inactive|I'mSuspecious) has 120 seconds left.\n|\n|t:|1697099161\n|switch|p2b: Walking Wake|Walking Wake|52\/100\n|turn|5\n|inactive|I'mSuspecious) has 120 seconds left.\n|\n|t:|1697099177\n|-terastallize|p2b: Walking Wake|Steel\n|move|p1a: Ludicolo|Energy Ball|p2b: Walking Wake\n|-resisted|p2b: Walking Wake\n|-damage|p2b: Walking Wake|6\/100\n|-activate|p1b: Flamigo|confusion\n|move|p1b: Flamigo|Brave Bird|p2a: Pelipper\n|-damage|p2a: Pelipper|0 fnt\n|faint|p2a: Pelipper\n|-damage|p1b: Flamigo|40\/100|[from] Recoil\n|move|p2b: Walking Wake|Draco Meteor|p1b: Flamigo\n|-damage|p1b: Flamigo|0 fnt\n|-unboost|p2b: Walking Wake|spa|2\n|faint|p1b: Flamigo\n|\n|-weather|none\n|-end|p1a: Ludicolo|move: Future Sight\n|-damage|p1a: Ludicolo|35\/100\n|upkeep\n|inactive|I'mSuspecious) has 120 seconds left.\n|\n|t:|1697099202\n|switch|p1b: Empoleon|Empoleon, M|100\/100\n|switch|p2a: Ogerpon|Ogerpon-Wellspring, F|100\/100\n|turn|6\n|inactive|I'mSuspecious) has 120 seconds left.\n|\n|t:|1697099237\n|-end|p2b: Walking Wake|Protosynthesis|[silent]\n|switch|p2b: Arctovish|Arctovish|100\/100\n|move|p1b: Empoleon|Vacuum Wave|p2b: Arctovish\n|-supereffective|p2b: Arctovish\n|-damage|p2b: Arctovish|71\/100\n|move|p1a: Ludicolo|Energy Ball|p2a: Ogerpon\n|-damage|p2a: Ogerpon|18\/100\n|move|p2a: Ogerpon|Horn Leech|p1a: Ludicolo\n|-damage|p1a: Ludicolo|3\/100\n|-heal|p2a: Ogerpon|31\/100|[from] drain|[of] p1a: Ludicolo\n|\n|upkeep\n|turn|7\n|c|\u2606I'mSuspecious)|please\n|c|\u2606I'mSuspecious)|no way\n|c|\u2606I'mSuspecious)|stoppp\n|inactive|I'mSuspecious) has 120 seconds left.\n|\n|t:|1697099258\n|move|p2a: Ogerpon|Spiky Shield|p2a: Ogerpon\n|-singleturn|p2a: Ogerpon|move: Protect\n|move|p1a: Ludicolo|Energy Ball|p2b: Arctovish\n|-supereffective|p2b: Arctovish\n|-damage|p2b: Arctovish|0 fnt\n|faint|p2b: Arctovish\n|move|p1b: Empoleon|Scald|p2a: Ogerpon\n|-activate|p2a: Ogerpon|move: Protect\n|\n|upkeep\n|c|\u2606I'mSuspecious)|fuck\n|\n|t:|1697099273\n|switch|p2b: Rotom|Rotom-Wash|100\/100\n|turn|8\n|inactive|I'mSuspecious) has 120 seconds left.\n|\n|t:|1697099294\n|switch|p1b: Tinkaton|Tinkaton, F|100\/100\n|-ability|p1b: Tinkaton|Mold Breaker\n|move|p1a: Ludicolo|Energy Ball|p2a: Ogerpon\n|-damage|p2a: Ogerpon|0 fnt\n|faint|p2a: Ogerpon\n|move|p2b: Rotom|Thunderbolt|p1a: Ludicolo\n|-damage|p1a: Ludicolo|0 fnt\n|faint|p1a: Ludicolo\n|\n|upkeep\n|n|!I'mSuspecious)|imsuspecious\n|inactive|Speefus has 120 seconds left.\n|c|\u2606Speefus|Yeah I just got rolled by this so I thought I try it before quitting Pok\u00e9mon forever\n|\n|t:|1697099331\n|switch|p2a: Walking Wake|Walking Wake, tera:Steel|6\/100\n|switch|p1a: Swampert|Swampert, F|100\/100\n|turn|9\n|inactive|Speefus has 120 seconds left.\n|inactive|I'mSuspecious) has 120 seconds left.\n|inactive|I'mSuspecious) has 90 seconds left.\n|-message|Speefus forfeited.\n|\n|win|I'mSuspecious)\n|raw|Speefus's rating: 1191 &rarr; <strong>1160<\/strong><br \/>(-31 for losing)\n|raw|I&apos;mSuspecious)'s rating: 1103 &rarr; <strong>1134<\/strong><br \/>(+31 for winning)\n","uploadtime":1697099312,"views":10,"p1id":"speefus","p2id":"imsuspecious","formatid":"gen9nationaldexdoubles","rating":1134,"private":0,"password":""}