{"id":"gen9nationaldexdoubles-1954753422","p1":"Wicklette","p2":"Skeliton Lord","format":"[Gen 9] National Dex Doubles","log":"|j|\u2606Wicklette\n|j|\u2606Skeliton Lord\n|t:|1695923364\n|gametype|doubles\n|player|p1|Wicklette|aromalady|1011\n|player|p2|Skeliton Lord|2|1179\n|teamsize|p1|6\n|teamsize|p2|6\n|gen|9\n|tier|[Gen 9] National Dex Doubles\n|rated|\n|rule|HP Percentage Mod: HP is shown in percentages\n|rule|Endless Battle Clause: Forcing endless battles is banned\n|rule|OHKO Clause: OHKO moves are banned\n|rule|Evasion Moves Clause: Evasion moves are banned\n|rule|Evasion Abilities Clause: Evasion abilities are banned\n|rule|Species Clause: Limit one of each Pok\u00e9mon\n|rule|Gravity Sleep Clause: The combination of sleep-inducing moves with imperfect accuracy and Gravity or Gigantamax Orbeetle are banned\n|clearpoke\n|poke|p1|Shuckle, M|\n|poke|p1|Snorlax, M|\n|poke|p1|Florges, F|\n|poke|p1|Meowscarada, F|\n|poke|p1|Hatterene, F|\n|poke|p1|Clefairy, M|\n|poke|p2|Venusaur, M|\n|poke|p2|Charizard, F|\n|poke|p2|Flutter Mane|\n|poke|p2|Grimmsnarl, M|\n|poke|p2|Gholdengo|\n|poke|p2|Great Tusk|\n|teampreview\n|inactive|Battle timer is ON: inactive players will automatically lose when time's up. (requested by Skeliton Lord)\n|\n|t:|1695923372\n|start\n|switch|p1a: The Witch|Hatterene, F|100\/100\n|switch|p1b: The Fairy|Clefairy, M|100\/100\n|switch|p2a: Charizard|Charizard, F|100\/100\n|switch|p2b: Flutter Mane|Flutter Mane|100\/100\n|turn|1\n|\n|t:|1695923401\n|detailschange|p2a: Charizard|Charizard-Mega-Y, F\n|-mega|p2a: Charizard|Charizard|Charizardite Y\n|-weather|SunnyDay|[from] ability: Drought|[of] p2a: Charizard\n|-activate|p2b: Flutter Mane|ability: Protosynthesis\n|-start|p2b: Flutter Mane|protosynthesisspe\n|move|p2a: Charizard|Protect|p2a: Charizard\n|-singleturn|p2a: Charizard|Protect\n|move|p1b: The Fairy|Protect|p1b: The Fairy\n|-singleturn|p1b: The Fairy|Protect\n|move|p2b: Flutter Mane|Imprison|p2b: Flutter Mane\n|-start|p2b: Flutter Mane|move: Imprison\n|move|p1a: The Witch|Misty Terrain|p1a: The Witch\n|-fieldstart|move: Misty Terrain\n|\n|-weather|SunnyDay|[upkeep]\n|upkeep\n|turn|2\n|inactive|Wicklette has 120 seconds left.\n|inactive|Skeliton Lord has 120 seconds left.\n|\n|t:|1695923444\n|-end|p2b: Flutter Mane|Protosynthesis|[silent]\n|switch|p2b: Gholdengo|Gholdengo|100\/100\n|move|p1b: The Fairy|Helping Hand|p1a: The Witch\n|-singleturn|p1a: The Witch|Helping Hand|[of] p1b: The Fairy\n|move|p2a: Charizard|Flamethrower|p1a: The Witch\n|-damage|p1a: The Witch|38\/100\n|move|p1a: The Witch|Misty Explosion|p2b: Gholdengo|[spread] p1b,p2a,p2b\n|-resisted|p2a: Charizard\n|-resisted|p2b: Gholdengo\n|-damage|p1b: The Fairy|43\/100\n|-damage|p2a: Charizard|60\/100\n|-damage|p2b: Gholdengo|55\/100\n|faint|p1a: The Witch\n|\n|-weather|SunnyDay|[upkeep]\n|upkeep\n|inactive|Wicklette has 90 seconds left.\n|\n|t:|1695923471\n|switch|p1a: The Trickster|Meowscarada, F|100\/100\n|turn|3\n|\n|t:|1695923479\n|switch|p2b: Venusaur|Venusaur, M|100\/100\n|move|p1a: The Trickster|Sucker Punch||[still]\n|-fail|p1a: The Trickster\n|move|p2a: Charizard|Tailwind|p2a: Charizard\n|-sidestart|p2: Skeliton Lord|move: Tailwind\n|move|p1b: The Fairy|Draining Kiss|p2b: Venusaur\n|-resisted|p2b: Venusaur\n|-damage|p2b: Venusaur|96\/100\n|-heal|p1b: The Fairy|47\/100|[from] drain|[of] p2b: Venusaur\n|\n|-weather|SunnyDay|[upkeep]\n|upkeep\n|turn|4\n|inactive|Wicklette has 120 seconds left.\n|\n|t:|1695923499\n|move|p1b: The Fairy|Follow Me|p1b: The Fairy\n|-singleturn|p1b: The Fairy|move: Follow Me\n|move|p2b: Venusaur|Solar Beam||[still]\n|-prepare|p2b: Venusaur|Solar Beam\n|-anim|p2b: Venusaur|Solar Beam|p1b: The Fairy\n|-damage|p1b: The Fairy|0 fnt\n|faint|p1b: The Fairy\n|-damage|p2b: Venusaur|86\/100|[from] item: Life Orb\n|move|p2a: Charizard|Flamethrower|p1a: The Trickster\n|-supereffective|p1a: The Trickster\n|-enditem|p1a: The Trickster|Focus Sash\n|-damage|p1a: The Trickster|1\/100\n|move|p1a: The Trickster|Taunt|p2a: Charizard\n|-start|p2a: Charizard|move: Taunt\n|\n|-weather|SunnyDay|[upkeep]\n|upkeep\n|j| Lonely grandpa\n|\n|t:|1695923515\n|switch|p1b: The Shuckster|Shuckle, M|100\/100\n|turn|5\n|\n|t:|1695923522\n|switch|p1a: The Punching Bag|Snorlax, M|100\/100\n|move|p2b: Venusaur|Solar Beam||[still]\n|-prepare|p2b: Venusaur|Solar Beam\n|-anim|p2b: Venusaur|Solar Beam|p1b: The Shuckster\n|-damage|p1b: The Shuckster|55\/100\n|-damage|p2b: Venusaur|76\/100|[from] item: Life Orb\n|move|p2a: Charizard|Flamethrower|p1b: The Shuckster\n|-damage|p1b: The Shuckster|0 fnt\n|faint|p1b: The Shuckster\n|\n|-weather|none\n|-fieldend|Misty Terrain\n|upkeep\n|inactive|Wicklette has 120 seconds left.\n|-message|Wicklette forfeited.\n|\n|win|Skeliton Lord\n|raw|Wicklette's rating: 1011 &rarr; <strong>1005<\/strong><br \/>(-6 for losing)\n|raw|Skeliton Lord's rating: 1179 &rarr; <strong>1193<\/strong><br \/>(+14 for winning)\n|l|\u2606Wicklette\n","uploadtime":1695923540,"views":11,"p1id":"wicklette","p2id":"skelitonlord","formatid":"gen9nationaldexdoubles","rating":1005,"private":0,"password":""}