{"id":"gen9nationaldexdoubles-1972217668","p1":"Ax0lol","p2":"Empoleonop0706","format":"[Gen 9] National Dex Doubles","log":"|j|\u2606Ax0lol\n|j|\u2606Empoleonop0706\n|t:|1697822368\n|gametype|doubles\n|player|p1|Ax0lol|lady|1284\n|player|p2|Empoleonop0706|169|1187\n|teamsize|p1|6\n|teamsize|p2|6\n|gen|9\n|tier|[Gen 9] National Dex Doubles\n|rated|\n|rule|HP Percentage Mod: HP is shown in percentages\n|rule|Endless Battle Clause: Forcing endless battles is banned\n|rule|OHKO Clause: OHKO moves are banned\n|rule|Evasion Moves Clause: Evasion moves are banned\n|rule|Evasion Abilities Clause: Evasion abilities are banned\n|rule|Species Clause: Limit one of each Pok\u00e9mon\n|rule|Gravity Sleep Clause: The combination of sleep-inducing moves with imperfect accuracy and Gravity or Gigantamax Orbeetle are banned\n|clearpoke\n|poke|p1|Indeedee-F, F|\n|poke|p1|Pincurchin, F|\n|poke|p1|Hatterene, F|\n|poke|p1|Espathra, F|\n|poke|p1|Iron Moth|\n|poke|p1|Palafin, M|\n|poke|p2|Whimsicott, F|\n|poke|p2|Walking Wake|\n|poke|p2|Flutter Mane|\n|poke|p2|Chi-Yu|\n|poke|p2|Farigiraf, M|\n|poke|p2|Iron Hands|\n|teampreview\n|inactive|Battle timer is ON: inactive players will automatically lose when time's up. (requested by Ax0lol)\n|\n|t:|1697822414\n|start\n|switch|p1a: Palafin|Palafin, M|100\/100\n|switch|p1b: Hatterene|Hatterene, F|100\/100\n|switch|p2a: Farigiraf|Farigiraf, M|100\/100\n|switch|p2b: Chi-Yu|Chi-Yu|100\/100\n|-ability|p2b: Chi-Yu|Beads of Ruin\n|turn|1\n|\n|t:|1697822442\n|switch|p2b: Iron Hands|Iron Hands|100\/100\n|move|p1a: Palafin|Wave Crash|p2b: Iron Hands\n|-damage|p2b: Iron Hands|66\/100\n|-damage|p1a: Palafin|86\/100|[from] Recoil\n|move|p2a: Farigiraf|Imprison|p2a: Farigiraf\n|-start|p2a: Farigiraf|move: Imprison\n|cant|p1b: Hatterene|move: Imprison|Trick Room\n|\n|upkeep\n|turn|2\n|inactive|Ax0lol has 120 seconds left.\n|\n|t:|1697822476\n|move|p1b: Hatterene|Helping Hand|p1a: Palafin\n|-singleturn|p1a: Palafin|Helping Hand|[of] p1b: Hatterene\n|move|p1a: Palafin|Flip Turn|p2b: Iron Hands\n|-damage|p2b: Iron Hands|39\/100\n|inactive|Ax0lol has 120 seconds left.\n|\n|t:|1697822482\n|detailschange|p1a: Palafin|Palafin-Hero, M\n|switch|p1a: Indeedee|Indeedee-F, F|100\/100|[from] Flip Turn\n|-fieldstart|move: Psychic Terrain|[from] ability: Psychic Surge|[of] p1a: Indeedee\n|move|p2a: Farigiraf|Psychic|p1b: Hatterene\n|-resisted|p1b: Hatterene\n|-damage|p1b: Hatterene|73\/100\n|move|p2b: Iron Hands|Heavy Slam|p1b: Hatterene\n|-supereffective|p1b: Hatterene\n|-damage|p1b: Hatterene|0 fnt\n|faint|p1b: Hatterene\n|\n|upkeep\n|inactive|Ax0lol has 120 seconds left.\n|\n|t:|1697822495\n|switch|p1b: Espathra|Espathra, F|100\/100\n|turn|3\n|\n|t:|1697822510\n|-end|p2b: Iron Hands|Quark Drive|[silent]\n|switch|p2b: Chi-Yu|Chi-Yu|100\/100\n|-ability|p2b: Chi-Yu|Beads of Ruin\n|-terastallize|p1a: Indeedee|Psychic\n|move|p1b: Espathra|Calm Mind|p1b: Espathra\n|-boost|p1b: Espathra|spa|1\n|-boost|p1b: Espathra|spd|1\n|move|p1a: Indeedee|Expanding Force|p2b: Chi-Yu|[spread] p2a\n|-immune|p2b: Chi-Yu\n|-resisted|p2a: Farigiraf\n|-damage|p2a: Farigiraf|47\/100\n|move|p2a: Farigiraf|Psychic|p1b: Espathra\n|-resisted|p1b: Espathra\n|-damage|p1b: Espathra|70\/100\n|\n|-heal|p1b: Espathra|76\/100|[from] item: Leftovers\n|-ability|p1b: Espathra|Speed Boost|boost\n|-boost|p1b: Espathra|spe|1\n|upkeep\n|turn|4\n|inactive|Empoleonop0706 has 120 seconds left.\n|\n|t:|1697822561\n|switch|p1a: Palafin|Palafin-Hero, M|86\/100\n|-activate|p1a: Palafin|ability: Zero to Hero\n|move|p1b: Espathra|Protect|p1b: Espathra\n|-singleturn|p1b: Espathra|Protect\n|move|p2b: Chi-Yu|Dark Pulse|p1b: Espathra\n|-activate|p1b: Espathra|move: Protect\n|move|p2a: Farigiraf|Psychic|p1b: Espathra\n|-activate|p1b: Espathra|move: Protect\n|\n|-heal|p1b: Espathra|82\/100|[from] item: Leftovers\n|-ability|p1b: Espathra|Speed Boost|boost\n|-boost|p1b: Espathra|spe|1\n|upkeep\n|turn|5\n|inactive|Empoleonop0706 has 120 seconds left.\n|\n|t:|1697822596\n|-terastallize|p2b: Chi-Yu|Ghost\n|move|p1b: Espathra|Stored Power|p2a: Farigiraf\n|-resisted|p2a: Farigiraf\n|-damage|p2a: Farigiraf|4\/100\n|move|p1a: Palafin|Close Combat|p2b: Chi-Yu\n|-immune|p2b: Chi-Yu\n|move|p2b: Chi-Yu|Dark Pulse|p1b: Espathra\n|-supereffective|p1b: Espathra\n|-damage|p1b: Espathra|0 fnt\n|faint|p1b: Espathra\n|move|p2a: Farigiraf|Psychic|p1a: Palafin\n|-crit|p1a: Palafin\n|-damage|p1a: Palafin|0 fnt\n|faint|p1a: Palafin\n|\n|upkeep\n|inactive|Ax0lol has 120 seconds left.\n|\n|t:|1697822613\n|switch|p1a: Pincurchin|Pincurchin, F|100\/100\n|switch|p1b: Iron Moth|Iron Moth|100\/100\n|-fieldstart|move: Electric Terrain|[from] ability: Electric Surge|[of] p1a: Pincurchin\n|-activate|p1b: Iron Moth|ability: Quark Drive\n|-start|p1b: Iron Moth|quarkdrivespa\n|turn|6\n|inactive|Empoleonop0706 has 120 seconds left.\n|inactive|Ax0lol has 120 seconds left.\n|\n|t:|1697822636\n|switch|p2b: Iron Hands|Iron Hands|39\/100\n|-activate|p2b: Iron Hands|ability: Quark Drive\n|-start|p2b: Iron Hands|quarkdriveatk\n|move|p1b: Iron Moth|Fiery Dance|p2a: Farigiraf\n|-damage|p2a: Farigiraf|0 fnt\n|-boost|p1b: Iron Moth|spa|1\n|faint|p2a: Farigiraf\n|move|p1a: Pincurchin|Rising Voltage|p2b: Iron Hands\n|-hint|Rising Voltage's BP doubled on grounded target.\n|-resisted|p2b: Iron Hands\n|-damage|p2b: Iron Hands|17\/100\n|\n|upkeep\n|l|\u2606Empoleonop0706\n|inactive|Empoleonop0706 disconnected and has a minute to reconnect!\n|player|p2|\n|j|\u2606Empoleonop0706\n|inactive|Empoleonop0706 reconnected and has 95 seconds left.\n|player|p2|Empoleonop0706|169\n|inactive|Empoleonop0706 has 90 seconds left.\n|\n|t:|1697822685\n|switch|p2a: Whimsicott|Whimsicott, F|100\/100\n|turn|7\n|inactive|Empoleonop0706 has 90 seconds left.\n|\n|t:|1697822697\n|move|p2a: Whimsicott|Tailwind|p2a: Whimsicott\n|-sidestart|p2: Empoleonop0706|move: Tailwind\n|move|p1b: Iron Moth|Fiery Dance|p2b: Iron Hands\n|-damage|p2b: Iron Hands|0 fnt\n|faint|p2b: Iron Hands\n|-end|p2b: Iron Hands|Quark Drive|[silent]\n|move|p1a: Pincurchin|Poison Jab|p2a: Whimsicott\n|-supereffective|p2a: Whimsicott\n|-enditem|p2a: Whimsicott|Focus Sash\n|-damage|p2a: Whimsicott|1\/100\n|\n|upkeep\n|\n|t:|1697822709\n|switch|p2b: Walking Wake|Walking Wake|100\/100\n|turn|8\n|\n|t:|1697822718\n|move|p2a: Whimsicott|Sunny Day|p2a: Whimsicott\n|-weather|SunnyDay\n|-activate|p2b: Walking Wake|ability: Protosynthesis\n|-start|p2b: Walking Wake|protosynthesisspe\n|move|p2b: Walking Wake|Hydro Steam|p1a: Pincurchin\n|-damage|p1a: Pincurchin|0 fnt\n|faint|p1a: Pincurchin\n|-damage|p2b: Walking Wake|91\/100|[from] item: Life Orb\n|move|p1b: Iron Moth|Fiery Dance|p2a: Whimsicott\n|-supereffective|p2a: Whimsicott\n|-damage|p2a: Whimsicott|0 fnt\n|faint|p2a: Whimsicott\n|\n|-weather|SunnyDay|[upkeep]\n|upkeep\n|inactive|Empoleonop0706 has 120 seconds left.\n|\n|t:|1697822747\n|switch|p2a: Chi-Yu|Chi-Yu, tera:Ghost|100\/100\n|switch|p1a: Indeedee|Indeedee-F, F, tera:Psychic|100\/100\n|-ability|p2a: Chi-Yu|Beads of Ruin\n|-fieldstart|move: Psychic Terrain|[from] ability: Psychic Surge|[of] p1a: Indeedee\n|-end|p1b: Iron Moth|Quark Drive\n|turn|9\n|inactive|Empoleonop0706 has 120 seconds left.\n|\n|t:|1697822780\n|move|p2b: Walking Wake|Hydro Steam|p1b: Iron Moth\n|-supereffective|p1b: Iron Moth\n|-damage|p1b: Iron Moth|0 fnt\n|faint|p1b: Iron Moth\n|-end|p1b: Iron Moth|Quark Drive|[silent]\n|-damage|p2b: Walking Wake|81\/100|[from] item: Life Orb\n|move|p2a: Chi-Yu|Dark Pulse|p1a: Indeedee\n|-supereffective|p1a: Indeedee\n|-damage|p1a: Indeedee|0 fnt\n|faint|p1a: Indeedee\n|\n|win|Empoleonop0706\n|raw|Ax0lol's rating: 1284 &rarr; <strong>1252<\/strong><br \/>(-32 for losing)\n|raw|Empoleonop0706's rating: 1187 &rarr; <strong>1219<\/strong><br \/>(+32 for winning)\n|l|\u2606Ax0lol\n|l|\u2606Empoleonop0706\n|j|\u2606Empoleonop0706\n|player|p2|Empoleonop0706|169\n","uploadtime":1697822898,"views":11,"p1id":"ax0lol","p2id":"empoleonop0706","formatid":"gen9nationaldexdoubles","rating":1219,"private":0,"password":""}