{"id":"gen9nationaldexdoubles-1953812732","p1":"Nerdygolem513","p2":"Dirty8ball","format":"[Gen 9] National Dex Doubles","log":"|j|\u2606Nerdygolem513\n|j|\u2606Dirty8ball\n|t:|1695830221\n|gametype|doubles\n|player|p1|Nerdygolem513|skullgrunt|1146\n|player|p2|Dirty8ball|acetrainer-gen4dp|1131\n|teamsize|p1|6\n|teamsize|p2|6\n|gen|9\n|tier|[Gen 9] National Dex Doubles\n|rated|\n|rule|HP Percentage Mod: HP is shown in percentages\n|rule|Endless Battle Clause: Forcing endless battles is banned\n|rule|OHKO Clause: OHKO moves are banned\n|rule|Evasion Moves Clause: Evasion moves are banned\n|rule|Evasion Abilities Clause: Evasion abilities are banned\n|rule|Species Clause: Limit one of each Pok\u00e9mon\n|rule|Gravity Sleep Clause: The combination of sleep-inducing moves with imperfect accuracy and Gravity or Gigantamax Orbeetle are banned\n|clearpoke\n|poke|p1|Raichu-Alola, M|\n|poke|p1|Tapu Koko|\n|poke|p1|Indeedee-F, F|\n|poke|p1|Gardevoir, M|\n|poke|p1|Ribombee, M|\n|poke|p1|Tyranitar, M|\n|poke|p2|Dusknoir, F|\n|poke|p2|Porygon2|\n|poke|p2|Empoleon, F|\n|poke|p2|Arboliva, M|\n|poke|p2|Clodsire, M|\n|poke|p2|Pincurchin, F|\n|teampreview\n|\n|t:|1695830238\n|start\n|switch|p1a: Raichu|Raichu-Alola, M|100\/100\n|switch|p1b: Tapu Koko|Tapu Koko|100\/100\n|switch|p2a: Porygon2|Porygon2|100\/100\n|switch|p2b: Dusknoir|Dusknoir, F|100\/100\n|-fieldstart|move: Electric Terrain|[from] ability: Electric Surge|[of] p1b: Tapu Koko\n|-ability|p2a: Porygon2|Electric Surge|[from] ability: Trace|[of] p1b: Tapu Koko\n|-ability|p2b: Dusknoir|Pressure\n|turn|1\n|\n|t:|1695830263\n|move|p2b: Dusknoir|Shadow Sneak|p1a: Raichu\n|-supereffective|p1a: Raichu\n|-damage|p1a: Raichu|19\/100\n|move|p1a: Raichu|Rising Voltage|p2a: Porygon2\n|-hint|Rising Voltage's BP doubled on grounded target.\n|-damage|p2a: Porygon2|54\/100\n|-damage|p1a: Raichu|9\/100|[from] item: Life Orb\n|move|p1b: Tapu Koko|Thunder Punch|p2a: Porygon2\n|-damage|p2a: Porygon2|22\/100\n|move|p2a: Porygon2|Trick Room|p2a: Porygon2\n|-fieldstart|move: Trick Room|[of] p2a: Porygon2\n|\n|upkeep\n|turn|2\n|\n|t:|1695830296\n|switch|p1a: Indeedee|Indeedee-F, F|100\/100\n|-fieldstart|move: Psychic Terrain|[from] ability: Psychic Surge|[of] p1a: Indeedee\n|move|p2b: Dusknoir|Shadow Sneak|p1a: Indeedee\n|-activate|p1a: Indeedee|move: Psychic Terrain\n|move|p2a: Porygon2|Recover|p2a: Porygon2\n|-heal|p2a: Porygon2|72\/100\n|move|p1b: Tapu Koko|U-turn|p2b: Dusknoir\n|-resisted|p2b: Dusknoir\n|-damage|p2b: Dusknoir|91\/100\n|\n|t:|1695830308\n|switch|p1b: Gardevoir|Gardevoir, M|100\/100|[from] U-turn\n|-ability|p1b: Gardevoir|Pressure\n|-ability|p1b: Gardevoir|Pressure|[from] ability: Trace|[of] p2b: Dusknoir\n|\n|-heal|p2b: Dusknoir|97\/100|[from] item: Leftovers\n|upkeep\n|turn|3\n|\n|t:|1695830324\n|detailschange|p1b: Gardevoir|Gardevoir-Mega, M\n|-mega|p1b: Gardevoir|Gardevoir|Gardevoirite\n|move|p1a: Indeedee|Follow Me|p1a: Indeedee\n|-singleturn|p1a: Indeedee|move: Follow Me\n|move|p2b: Dusknoir|Poltergeist|p1a: Indeedee\n|-immune|p1a: Indeedee\n|move|p2a: Porygon2|Foul Play|p1a: Indeedee\n|-supereffective|p1a: Indeedee\n|-damage|p1a: Indeedee|74\/100\n|move|p1b: Gardevoir|Calm Mind|p1b: Gardevoir\n|-boost|p1b: Gardevoir|spa|1\n|-boost|p1b: Gardevoir|spd|1\n|\n|-heal|p2b: Dusknoir|100\/100|[from] item: Leftovers\n|-heal|p1a: Indeedee|80\/100|[from] item: Leftovers\n|upkeep\n|turn|4\n|\n|t:|1695830348\n|move|p1a: Indeedee|Follow Me|p1a: Indeedee\n|-singleturn|p1a: Indeedee|move: Follow Me\n|move|p2b: Dusknoir|Poltergeist|p1a: Indeedee\n|-immune|p1a: Indeedee\n|move|p1b: Gardevoir|Expanding Force|p2b: Dusknoir|[spread] p2a,p2b\n|-damage|p2a: Porygon2|21\/100\n|-damage|p2b: Dusknoir|0 fnt\n|faint|p2b: Dusknoir\n|move|p2a: Porygon2|Teleport|p2a: Porygon2\n|\n|t:|1695830371\n|switch|p2a: Pincurchin|Pincurchin, F|100\/100|[from] Teleport\n|\n|-heal|p1a: Indeedee|86\/100|[from] item: Leftovers\n|upkeep\n|\n|t:|1695830380\n|switch|p2b: Empoleon|Empoleon, F|100\/100\n|turn|5\n|\n|t:|1695830390\n|move|p1a: Indeedee|Helping Hand|p1b: Gardevoir\n|-singleturn|p1b: Gardevoir|Helping Hand|[of] p1a: Indeedee\n|move|p2a: Pincurchin|Throat Chop|p1a: Indeedee\n|-supereffective|p1a: Indeedee\n|-damage|p1a: Indeedee|13\/100\n|-start|p1a: Indeedee|Throat Chop|[silent]\n|move|p2b: Empoleon|Flash Cannon|p1b: Gardevoir\n|-supereffective|p1b: Gardevoir\n|-damage|p1b: Gardevoir|46\/100\n|move|p1b: Gardevoir|Expanding Force|p2b: Empoleon|[spread] p2a,p2b\n|-resisted|p2b: Empoleon\n|-damage|p2a: Pincurchin|0 fnt\n|-damage|p2b: Empoleon|52\/100\n|faint|p2a: Pincurchin\n|\n|-heal|p1a: Indeedee|19\/100|[from] item: Leftovers\n|-fieldend|move: Trick Room\n|upkeep\n|\n|t:|1695830410\n|switch|p2a: Clodsire|Clodsire, M|100\/100\n|turn|6\n|\n|t:|1695830428\n|-terastallize|p1a: Indeedee|Psychic\n|move|p1b: Gardevoir|Expanding Force|p2a: Clodsire|[spread] p2a,p2b\n|-supereffective|p2a: Clodsire\n|-resisted|p2b: Empoleon\n|-damage|p2a: Clodsire|0 fnt\n|-damage|p2b: Empoleon|18\/100\n|faint|p2a: Clodsire\n|move|p1a: Indeedee|Expanding Force|p2b: Empoleon\n|-resisted|p2b: Empoleon\n|-damage|p2b: Empoleon|0 fnt\n|faint|p2b: Empoleon\n|\n|-heal|p1a: Indeedee|25\/100|[from] item: Leftovers\n|-end|p1a: Indeedee|Throat Chop|[silent]\n|-fieldend|move: Psychic Terrain\n|upkeep\n|\n|t:|1695830441\n|switch|p2b: Arboliva|Arboliva, M|100\/100\n|switch|p2a: Porygon2|Porygon2|21\/100\n|-fieldstart|move: Psychic Terrain|[from] ability: Psychic Surge|[of] p2a: Porygon2\n|-ability|p2a: Porygon2|Psychic Surge|[from] ability: Trace|[of] p1a: Indeedee\n|turn|7\n|\n|t:|1695830457\n|move|p1b: Gardevoir|Expanding Force|p2a: Porygon2|[spread] p2a,p2b\n|-damage|p2a: Porygon2|0 fnt\n|-damage|p2b: Arboliva|13\/100\n|-fieldstart|move: Grassy Terrain|[from] ability: Seed Sower|[of] p2b: Arboliva\n|faint|p2a: Porygon2\n|move|p1a: Indeedee|Expanding Force|p2b: Arboliva\n|-damage|p2b: Arboliva|0 fnt\n|faint|p2b: Arboliva\n|\n|win|Nerdygolem513\n|raw|Nerdygolem513's rating: 1146 &rarr; <strong>1170<\/strong><br \/>(+24 for winning)\n|raw|Dirty8ball's rating: 1131 &rarr; <strong>1107<\/strong><br \/>(-24 for losing)\n|l|\u2606Dirty8ball\n","uploadtime":1695830468,"views":10,"p1id":"nerdygolem513","p2id":"dirty8ball","formatid":"gen9nationaldexdoubles","rating":1107,"private":0,"password":""}