{"id":"gen9nationaldexdoubles-1955020913","p1":"Theadonia","p2":"Darkness1378","format":"[Gen 9] National Dex Doubles","log":"|j|\u2606Theadonia\n|j|\u2606Darkness1378\n|t:|1695947700\n|gametype|doubles\n|player|p1|Theadonia|caitlin|1129\n|player|p2|Darkness1378|169|1139\n|teamsize|p1|6\n|teamsize|p2|6\n|gen|9\n|tier|[Gen 9] National Dex Doubles\n|rated|\n|rule|HP Percentage Mod: HP is shown in percentages\n|rule|Endless Battle Clause: Forcing endless battles is banned\n|rule|OHKO Clause: OHKO moves are banned\n|rule|Evasion Moves Clause: Evasion moves are banned\n|rule|Evasion Abilities Clause: Evasion abilities are banned\n|rule|Species Clause: Limit one of each Pok\u00e9mon\n|rule|Gravity Sleep Clause: The combination of sleep-inducing moves with imperfect accuracy and Gravity or Gigantamax Orbeetle are banned\n|clearpoke\n|poke|p1|Delphox, M|\n|poke|p1|Oricorio-Sensu, M|\n|poke|p1|Kommo-o, M|\n|poke|p1|Smeargle, F|\n|poke|p1|Comfey, M|\n|poke|p1|Manaphy|\n|poke|p2|Ursaluna-Bloodmoon, M|\n|poke|p2|Amoonguss, M|\n|poke|p2|Maushold-Four|\n|poke|p2|Armarouge, F|\n|poke|p2|Grimmsnarl, M|\n|poke|p2|Gholdengo|\n|teampreview\n|\n|t:|1695947713\n|start\n|switch|p1a: Comfey|Comfey, M|100\/100\n|switch|p1b: Oricorio|Oricorio-Sensu, M|100\/100\n|switch|p2a: Super Sweeperoon|Ursaluna-Bloodmoon, M|100\/100\n|switch|p2b: Amoonguss|Amoonguss, M, shiny|100\/100\n|turn|1\n|\n|t:|1695947726\n|switch|p1a: Kommo-o|Kommo-o, M|100\/100\n|move|p2b: Amoonguss|Rage Powder|p2b: Amoonguss\n|-singleturn|p2b: Amoonguss|move: Rage Powder\n|move|p1b: Oricorio|Substitute|p1b: Oricorio\n|-start|p1b: Oricorio|Substitute\n|-damage|p1b: Oricorio|75\/100\n|move|p2a: Super Sweeperoon|Calm Mind|p2a: Super Sweeperoon\n|-boost|p2a: Super Sweeperoon|spa|1\n|-boost|p2a: Super Sweeperoon|spd|1\n|\n|upkeep\n|turn|2\n|\n|t:|1695947738\n|move|p2b: Amoonguss|Rage Powder|p2b: Amoonguss\n|-singleturn|p2b: Amoonguss|move: Rage Powder\n|move|p1a: Kommo-o|Clangorous Soul|p1a: Kommo-o\n|-boost|p1a: Kommo-o|atk|1\n|-boost|p1a: Kommo-o|def|1\n|-boost|p1a: Kommo-o|spa|1\n|-boost|p1a: Kommo-o|spd|1\n|-boost|p1a: Kommo-o|spe|1\n|-damage|p1a: Kommo-o|68\/100\n|-activate|p1b: Oricorio|ability: Dancer\n|move|p1b: Oricorio|Clangorous Soul|p1b: Oricorio|[from]ability: Dancer\n|-boost|p1b: Oricorio|atk|1\n|-boost|p1b: Oricorio|def|1\n|-boost|p1b: Oricorio|spa|1\n|-boost|p1b: Oricorio|spd|1\n|-boost|p1b: Oricorio|spe|1\n|-damage|p1b: Oricorio|43\/100\n|move|p1b: Oricorio|Quiver Dance|p1b: Oricorio\n|-boost|p1b: Oricorio|spa|1\n|-boost|p1b: Oricorio|spd|1\n|-boost|p1b: Oricorio|spe|1\n|move|p2a: Super Sweeperoon|Calm Mind|p2a: Super Sweeperoon\n|-boost|p2a: Super Sweeperoon|spa|1\n|-boost|p2a: Super Sweeperoon|spd|1\n|\n|upkeep\n|turn|3\n|j| S1r.sweepsaLot\n|\n|t:|1695947765\n|move|p2b: Amoonguss|Rage Powder|p2b: Amoonguss\n|-singleturn|p2b: Amoonguss|move: Rage Powder\n|move|p1b: Oricorio|Roost|p1b: Oricorio\n|-heal|p1b: Oricorio|93\/100\n|-singleturn|p1b: Oricorio|move: Roost\n|-zpower|p1a: Kommo-o\n|move|p1a: Kommo-o|Clangorous Soulblaze|p2a: Super Sweeperoon|[zeffect]|[spread] p2a,p2b\n|-damage|p2a: Super Sweeperoon|65\/100\n|-damage|p2b: Amoonguss|39\/100\n|-boost|p1a: Kommo-o|atk|1\n|-boost|p1a: Kommo-o|def|1\n|-boost|p1a: Kommo-o|spa|1\n|-boost|p1a: Kommo-o|spd|1\n|-boost|p1a: Kommo-o|spe|1\n|move|p2a: Super Sweeperoon|Blood Moon|p1a: Kommo-o\n|-damage|p1a: Kommo-o|0 fnt\n|faint|p1a: Kommo-o\n|\n|-heal|p2b: Amoonguss|45\/100|[from] item: Leftovers\n|upkeep\n|\n|t:|1695947787\n|switch|p1a: Smeargle|Smeargle, F|100\/100\n|turn|4\n|\n|t:|1695947809\n|move|p2a: Super Sweeperoon|Protect|p2a: Super Sweeperoon\n|-singleturn|p2a: Super Sweeperoon|Protect\n|move|p1b: Oricorio|Quiver Dance|p1b: Oricorio\n|-boost|p1b: Oricorio|spa|1\n|-boost|p1b: Oricorio|spd|1\n|-boost|p1b: Oricorio|spe|1\n|move|p1a: Smeargle|Clangorous Soul|p1a: Smeargle\n|-boost|p1a: Smeargle|atk|1\n|-boost|p1a: Smeargle|def|1\n|-boost|p1a: Smeargle|spa|1\n|-boost|p1a: Smeargle|spd|1\n|-boost|p1a: Smeargle|spe|1\n|-damage|p1a: Smeargle|68\/100\n|-activate|p1b: Oricorio|ability: Dancer\n|move|p1b: Oricorio|Clangorous Soul|p1b: Oricorio|[from]ability: Dancer\n|-boost|p1b: Oricorio|atk|1\n|-boost|p1b: Oricorio|def|1\n|-boost|p1b: Oricorio|spa|1\n|-boost|p1b: Oricorio|spd|1\n|-boost|p1b: Oricorio|spe|1\n|-damage|p1b: Oricorio|60\/100\n|move|p2b: Amoonguss|Spore||[still]\n|-fail|p2b: Amoonguss\n|\n|-heal|p2b: Amoonguss|52\/100|[from] item: Leftovers\n|upkeep\n|turn|5\n|\n|t:|1695947842\n|move|p2b: Amoonguss|Rage Powder|p2b: Amoonguss\n|-singleturn|p2b: Amoonguss|move: Rage Powder\n|move|p1b: Oricorio|Revelation Dance|p2b: Amoonguss\n|-crit|p2b: Amoonguss\n|-damage|p2b: Amoonguss|0 fnt\n|faint|p2b: Amoonguss\n|move|p1a: Smeargle|Clangorous Soul|p1a: Smeargle\n|-boost|p1a: Smeargle|atk|1\n|-boost|p1a: Smeargle|def|1\n|-boost|p1a: Smeargle|spa|1\n|-boost|p1a: Smeargle|spd|1\n|-boost|p1a: Smeargle|spe|1\n|-damage|p1a: Smeargle|35\/100\n|-activate|p1b: Oricorio|ability: Dancer\n|move|p1b: Oricorio|Clangorous Soul|p1b: Oricorio|[from]ability: Dancer\n|-boost|p1b: Oricorio|atk|1\n|-boost|p1b: Oricorio|def|1\n|-boost|p1b: Oricorio|spa|1\n|-boost|p1b: Oricorio|spd|1\n|-boost|p1b: Oricorio|spe|1\n|-damage|p1b: Oricorio|27\/100\n|move|p2a: Super Sweeperoon|Blood Moon|p1a: Smeargle\n|-damage|p1a: Smeargle|0 fnt\n|faint|p1a: Smeargle\n|\n|upkeep\n|\n|t:|1695947867\n|switch|p1a: Comfey|Comfey, M|100\/100\n|switch|p2b: Armarouge|Armarouge, F|100\/100\n|turn|6\n|\n|t:|1695947895\n|move|p2a: Super Sweeperoon|Protect|p2a: Super Sweeperoon\n|-singleturn|p2a: Super Sweeperoon|Protect\n|move|p1a: Comfey|Giga Drain|p2a: Super Sweeperoon\n|-activate|p2a: Super Sweeperoon|move: Protect\n|move|p1b: Oricorio|Roost|p1b: Oricorio\n|-heal|p1b: Oricorio|77\/100\n|-singleturn|p1b: Oricorio|move: Roost\n|move|p2b: Armarouge|Expanding Force|p1b: Oricorio\n|-activate|p1b: Oricorio|move: Substitute|[damage]\n|-damage|p2b: Armarouge|91\/100|[from] item: Life Orb\n|\n|upkeep\n|turn|7\n|\n|t:|1695947939\n|move|p1a: Comfey|Floral Healing||[still]\n|-fail|p1a: Comfey\n|move|p1b: Oricorio|Revelation Dance|p2b: Armarouge\n|-supereffective|p2b: Armarouge\n|-damage|p2b: Armarouge|0 fnt\n|faint|p2b: Armarouge\n|move|p2a: Super Sweeperoon|Blood Moon|p1b: Oricorio\n|-end|p1b: Oricorio|Substitute\n|\n|upkeep\n|\n|t:|1695947950\n|switch|p2b: Maushold|Maushold-Four|100\/100\n|turn|8\n|\n|t:|1695947957\n|move|p2a: Super Sweeperoon|Protect|p2a: Super Sweeperoon\n|-singleturn|p2a: Super Sweeperoon|Protect\n|move|p1a: Comfey|Floral Healing|p1b: Oricorio\n|-heal|p1b: Oricorio|100\/100\n|move|p1b: Oricorio|Substitute|p1b: Oricorio\n|-start|p1b: Oricorio|Substitute\n|-damage|p1b: Oricorio|75\/100\n|move|p2b: Maushold|Population Bomb|p1b: Oricorio\n|-immune|p1b: Oricorio\n|\n|upkeep\n|turn|9\n|\n|t:|1695948015\n|switch|p2b: Gholdengo|Gholdengo|100\/100\n|move|p1a: Comfey|Draining Kiss|p2b: Gholdengo\n|-resisted|p2b: Gholdengo\n|-damage|p2b: Gholdengo|90\/100\n|move|p1b: Oricorio|Quiver Dance|p1b: Oricorio\n|-boost|p1b: Oricorio|spa|1\n|-boost|p1b: Oricorio|spd|1\n|-boost|p1b: Oricorio|spe|1\n|move|p2a: Super Sweeperoon|Blood Moon|p1b: Oricorio\n|-end|p1b: Oricorio|Substitute\n|\n|upkeep\n|turn|10\n|\n|t:|1695948034\n|move|p2a: Super Sweeperoon|Protect|p2a: Super Sweeperoon\n|-singleturn|p2a: Super Sweeperoon|Protect\n|move|p1a: Comfey|Floral Healing|p1b: Oricorio\n|-heal|p1b: Oricorio|100\/100\n|move|p1b: Oricorio|Substitute|p1b: Oricorio\n|-start|p1b: Oricorio|Substitute\n|-damage|p1b: Oricorio|75\/100\n|move|p2b: Gholdengo|Shadow Ball|p1b: Oricorio\n|-supereffective|p1b: Oricorio\n|-end|p1b: Oricorio|Substitute\n|\n|upkeep\n|turn|11\n|\n|t:|1695948051\n|move|p1a: Comfey|Floral Healing|p1b: Oricorio\n|-heal|p1b: Oricorio|100\/100\n|move|p1b: Oricorio|Revelation Dance|p2b: Gholdengo\n|-supereffective|p2b: Gholdengo\n|-damage|p2b: Gholdengo|0 fnt\n|faint|p2b: Gholdengo\n|move|p2a: Super Sweeperoon|Blood Moon|p1b: Oricorio\n|-damage|p1b: Oricorio|45\/100\n|\n|upkeep\n|\n|t:|1695948064\n|switch|p2b: Grimmsnarl|Grimmsnarl, M|100\/100\n|turn|12\n|\n|t:|1695948077\n|move|p1a: Comfey|Floral Healing|p1b: Oricorio\n|-heal|p1b: Oricorio|95\/100\n|move|p1b: Oricorio|Substitute|p1b: Oricorio\n|-start|p1b: Oricorio|Substitute\n|-damage|p1b: Oricorio|70\/100\n|move|p2b: Grimmsnarl|Spirit Break|p1b: Oricorio\n|-activate|p1b: Oricorio|move: Substitute|[damage]\n|move|p2a: Super Sweeperoon|Earth Power|p1b: Oricorio\n|-immune|p1b: Oricorio\n|\n|upkeep\n|turn|13\n|\n|t:|1695948097\n|move|p1a: Comfey|Draining Kiss|p2b: Grimmsnarl\n|-supereffective|p2b: Grimmsnarl\n|-damage|p2b: Grimmsnarl|57\/100\n|move|p1b: Oricorio|Roost|p1b: Oricorio\n|-heal|p1b: Oricorio|100\/100\n|-singleturn|p1b: Oricorio|move: Roost\n|move|p2b: Grimmsnarl|Spirit Break|p1b: Oricorio\n|-end|p1b: Oricorio|Substitute\n|move|p2a: Super Sweeperoon|Blood Moon|p1b: Oricorio\n|-damage|p1b: Oricorio|48\/100\n|\n|upkeep\n|turn|14\n|\n|t:|1695948124\n|-terastallize|p1b: Oricorio|Fairy\n|move|p2a: Super Sweeperoon|Protect|p2a: Super Sweeperoon\n|-singleturn|p2a: Super Sweeperoon|Protect\n|move|p1a: Comfey|Floral Healing|p1b: Oricorio\n|-heal|p1b: Oricorio|98\/100\n|move|p1b: Oricorio|Revelation Dance|p2b: Grimmsnarl\n|-supereffective|p2b: Grimmsnarl\n|-damage|p2b: Grimmsnarl|0 fnt\n|faint|p2b: Grimmsnarl\n|\n|upkeep\n|\n|t:|1695948135\n|switch|p2b: Maushold|Maushold-Four|100\/100\n|turn|15\n|\n|t:|1695948143\n|move|p1a: Comfey|Draining Kiss|p2b: Maushold\n|-damage|p2b: Maushold|68\/100\n|move|p1b: Oricorio|Revelation Dance|p2a: Super Sweeperoon\n|-damage|p2a: Super Sweeperoon|6\/100\n|-enditem|p2a: Super Sweeperoon|Wiki Berry|[eat]\n|-heal|p2a: Super Sweeperoon|40\/100|[from] item: Wiki Berry\n|move|p2b: Maushold|Play Rough|p1b: Oricorio|[miss]\n|-miss|p2b: Maushold|p1b: Oricorio\n|move|p2a: Super Sweeperoon|Blood Moon|p1b: Oricorio\n|-damage|p1b: Oricorio|45\/100\n|\n|upkeep\n|turn|16\n|\n|t:|1695948161\n|move|p2a: Super Sweeperoon|Protect|p2a: Super Sweeperoon\n|-singleturn|p2a: Super Sweeperoon|Protect\n|move|p1a: Comfey|Floral Healing|p1b: Oricorio\n|-heal|p1b: Oricorio|95\/100\n|move|p1b: Oricorio|Revelation Dance|p2b: Maushold\n|-damage|p2b: Maushold|0 fnt\n|faint|p2b: Maushold\n|\n|upkeep\n|turn|17\n|c|\u2606Theadonia|Ggwp\n|c|\u2606Darkness1378|gg\n|\n|t:|1695948182\n|move|p1a: Comfey|Giga Drain|p2a: Super Sweeperoon\n|-supereffective|p2a: Super Sweeperoon\n|-damage|p2a: Super Sweeperoon|20\/100\n|move|p1b: Oricorio|Revelation Dance|p2a: Super Sweeperoon\n|-damage|p2a: Super Sweeperoon|0 fnt\n|faint|p2a: Super Sweeperoon\n|\n|win|Theadonia\n|raw|Theadonia's rating: 1129 &rarr; <strong>1155<\/strong><br \/>(+26 for winning)\n|raw|Darkness1378's rating: 1139 &rarr; <strong>1113<\/strong><br \/>(-26 for losing)\n|l|\u2606Darkness1378\n","uploadtime":1695948193,"views":5,"p1id":"theadonia","p2id":"darkness1378","formatid":"gen9nationaldexdoubles","rating":1113,"private":0,"password":""}