{"id":"gen9nationaldexdoubles-1973607057","p1":"Mmirza","p2":"adrisauri0","format":"[Gen 9] National Dex Doubles","log":"|j|\u2606Mmirza\n|j|\u2606adrisauri0\n|t:|1697995577\n|gametype|doubles\n|player|p1|Mmirza|saturn|1555\n|player|p2|adrisauri0|pokemaniac|1401\n|teamsize|p1|6\n|teamsize|p2|6\n|gen|9\n|tier|[Gen 9] National Dex Doubles\n|rated|\n|rule|HP Percentage Mod: HP is shown in percentages\n|rule|Endless Battle Clause: Forcing endless battles is banned\n|rule|OHKO Clause: OHKO moves are banned\n|rule|Evasion Moves Clause: Evasion moves are banned\n|rule|Evasion Abilities Clause: Evasion abilities are banned\n|rule|Species Clause: Limit one of each Pok\u00e9mon\n|rule|Gravity Sleep Clause: The combination of sleep-inducing moves with imperfect accuracy and Gravity or Gigantamax Orbeetle are banned\n|clearpoke\n|poke|p1|Incineroar, M|\n|poke|p1|Gastrodon-East, M|\n|poke|p1|Rillaboom, M|\n|poke|p1|Zygarde|\n|poke|p1|Amoonguss, M|\n|poke|p1|Chien-Pao|\n|poke|p2|Walking Wake|\n|poke|p2|Flutter Mane|\n|poke|p2|Leafeon, F|\n|poke|p2|Charizard, F|\n|poke|p2|Torkoal, F|\n|poke|p2|Kingambit, M|\n|teampreview\n|inactive|Battle timer is ON: inactive players will automatically lose when time's up. (requested by Mmirza)\n|inactive|Mmirza has 120 seconds left.\n|inactive|Mmirza has 90 seconds left.\n|\n|t:|1697995652\n|start\n|switch|p1a: Chien-Pao|Chien-Pao|100\/100\n|switch|p1b: Incineroar|Incineroar, M, shiny|100\/100\n|switch|p2a: Torkoal|Torkoal, F|100\/100\n|switch|p2b: Walking Wake|Walking Wake|100\/100\n|-ability|p1a: Chien-Pao|Sword of Ruin\n|-ability|p1b: Incineroar|Intimidate|boost\n|-unboost|p2a: Torkoal|atk|1\n|-unboost|p2b: Walking Wake|atk|1\n|-weather|SunnyDay|[from] ability: Drought|[of] p2a: Torkoal\n|-activate|p2b: Walking Wake|ability: Protosynthesis\n|-start|p2b: Walking Wake|protosynthesisspa\n|turn|1\n|inactive|Mmirza has 120 seconds left.\n|\n|t:|1697995706\n|switch|p1a: Gastrodon|Gastrodon-East, M, shiny|100\/100\n|-terastallize|p2a: Torkoal|Fire\n|move|p2b: Walking Wake|Protect|p2b: Walking Wake\n|-singleturn|p2b: Walking Wake|Protect\n|move|p1b: Incineroar|Knock Off|p2a: Torkoal\n|-damage|p2a: Torkoal|62\/100\n|-enditem|p2a: Torkoal|Choice Specs|[from] move: Knock Off|[of] p1b: Incineroar\n|move|p2a: Torkoal|Eruption|p1a: Gastrodon|[spread] p1a,p1b\n|-resisted|p1a: Gastrodon\n|-resisted|p1b: Incineroar\n|-damage|p1a: Gastrodon|72\/100\n|-damage|p1b: Incineroar|73\/100\n|\n|-weather|SunnyDay|[upkeep]\n|-heal|p1a: Gastrodon|78\/100|[from] item: Leftovers\n|upkeep\n|turn|2\n|inactive|Mmirza has 120 seconds left.\n|\n|t:|1697995736\n|move|p1a: Gastrodon|Protect|p1a: Gastrodon\n|-singleturn|p1a: Gastrodon|Protect\n|move|p2b: Walking Wake|Draco Meteor|p1a: Gastrodon\n|-activate|p1a: Gastrodon|move: Protect\n|move|p1b: Incineroar|Knock Off|p2b: Walking Wake\n|-damage|p2b: Walking Wake|43\/100\n|-enditem|p2b: Walking Wake|Aguav Berry|[from] move: Knock Off|[of] p1b: Incineroar\n|move|p2a: Torkoal|Earth Power|p1a: Gastrodon\n|-activate|p1a: Gastrodon|move: Protect\n|\n|-weather|SunnyDay|[upkeep]\n|-heal|p1a: Gastrodon|84\/100|[from] item: Leftovers\n|upkeep\n|turn|3\n|\n|t:|1697995754\n|switch|p1a: Amoonguss|Amoonguss, M|100\/100\n|move|p2b: Walking Wake|Draco Meteor|p1a: Amoonguss\n|-damage|p1a: Amoonguss|27\/100\n|-unboost|p2b: Walking Wake|spa|2\n|move|p1b: Incineroar|Parting Shot|p2b: Walking Wake\n|-unboost|p2b: Walking Wake|atk|1\n|-unboost|p2b: Walking Wake|spa|1\n|\n|t:|1697995763\n|switch|p1b: Zygarde|Zygarde, shiny|100\/100|[from] Parting Shot\n|-ability|p1b: Zygarde|Aura Break\n|move|p2a: Torkoal|Earth Power|p1b: Zygarde\n|-damage|p1b: Zygarde|81\/100\n|\n|-weather|SunnyDay|[upkeep]\n|-heal|p1a: Amoonguss|33\/100|[from] item: Leftovers\n|upkeep\n|turn|4\n|inactive|Mmirza has 120 seconds left.\n|\n|t:|1697995781\n|switch|p1a: Incineroar|Incineroar, M, shiny|73\/100\n|-ability|p1a: Incineroar|Intimidate|boost\n|-unboost|p2a: Torkoal|atk|1\n|-unboost|p2b: Walking Wake|atk|1\n|move|p2b: Walking Wake|Flamethrower|p1a: Incineroar\n|-resisted|p1a: Incineroar\n|-damage|p1a: Incineroar|60\/100\n|move|p1b: Zygarde|Dragon Dance|p1b: Zygarde\n|-boost|p1b: Zygarde|atk|1\n|-boost|p1b: Zygarde|spe|1\n|move|p2a: Torkoal|Flamethrower|p1a: Incineroar\n|-resisted|p1a: Incineroar\n|-damage|p1a: Incineroar|24\/100\n|-enditem|p1a: Incineroar|Mago Berry|[eat]\n|-heal|p1a: Incineroar|57\/100|[from] item: Mago Berry\n|\n|-weather|SunnyDay|[upkeep]\n|upkeep\n|turn|5\n|\n|t:|1697995805\n|-end|p2b: Walking Wake|Protosynthesis|[silent]\n|switch|p2b: Kingambit|Kingambit, M|100\/100\n|move|p1a: Incineroar|Fake Out|p2a: Torkoal\n|-damage|p2a: Torkoal|52\/100\n|move|p1b: Zygarde|Dragon Dance|p1b: Zygarde\n|-boost|p1b: Zygarde|atk|1\n|-boost|p1b: Zygarde|spe|1\n|cant|p2a: Torkoal|flinch\n|\n|-weather|none\n|upkeep\n|turn|6\n|\n|t:|1697995825\n|switch|p1a: Amoonguss|Amoonguss, M|66\/100\n|move|p1b: Zygarde|Protect|p1b: Zygarde\n|-singleturn|p1b: Zygarde|Protect\n|move|p2b: Kingambit|Kowtow Cleave|p1b: Zygarde\n|-activate|p1b: Zygarde|move: Protect\n|move|p2a: Torkoal|Earth Power|p1a: Amoonguss\n|-damage|p1a: Amoonguss|46\/100\n|\n|-heal|p1a: Amoonguss|52\/100|[from] item: Leftovers\n|upkeep\n|turn|7\n|\n|t:|1697995847\n|-end|p2b: Kingambit|fallenundefined|[silent]\n|switch|p2b: Leafeon|Leafeon, F|100\/100\n|switch|p2a: Charizard|Charizard, F|100\/100\n|move|p1a: Amoonguss|Rage Powder|p1a: Amoonguss\n|-singleturn|p1a: Amoonguss|move: Rage Powder\n|move|p1b: Zygarde|Dragon Dance|p1b: Zygarde\n|-boost|p1b: Zygarde|atk|1\n|-boost|p1b: Zygarde|spe|1\n|\n|-heal|p1a: Amoonguss|59\/100|[from] item: Leftovers\n|upkeep\n|turn|8\n|\n|t:|1697995863\n|switch|p1a: Incineroar|Incineroar, M, shiny|57\/100\n|-ability|p1a: Incineroar|Intimidate|boost\n|-unboost|p2a: Charizard|atk|1\n|-unboost|p2b: Leafeon|atk|1\n|detailschange|p2a: Charizard|Charizard-Mega-Y, F\n|-mega|p2a: Charizard|Charizard|Charizardite Y\n|-weather|SunnyDay|[from] ability: Drought|[of] p2a: Charizard\n|move|p1b: Zygarde|Protect|p1b: Zygarde\n|-singleturn|p1b: Zygarde|Protect\n|move|p2b: Leafeon|Solar Blade||[still]\n|-prepare|p2b: Leafeon|Solar Blade\n|-anim|p2b: Leafeon|Solar Blade|p1b: Zygarde\n|-activate|p1b: Zygarde|move: Protect\n|move|p2a: Charizard|Air Slash|p1b: Zygarde\n|-activate|p1b: Zygarde|move: Protect\n|\n|-weather|SunnyDay|[upkeep]\n|upkeep\n|turn|9\n|\n|t:|1697995889\n|move|p1a: Incineroar|Fake Out|p2b: Leafeon\n|-damage|p2b: Leafeon|87\/100\n|move|p1b: Zygarde|Thousand Arrows|p2b: Leafeon|[spread] p2a,p2b\n|-resisted|p2b: Leafeon\n|-damage|p2a: Charizard|6\/100\n|-damage|p2b: Leafeon|55\/100\n|-start|p2a: Charizard|Smack Down\n|cant|p2b: Leafeon|flinch\n|move|p2a: Charizard|Air Slash|p1b: Zygarde\n|-damage|p1b: Zygarde|47\/100\n|\n|-weather|SunnyDay|[upkeep]\n|upkeep\n|turn|10\n|inactive|Mmirza has 120 seconds left.\n|\n|t:|1697995921\n|switch|p1a: Rillaboom|Rillaboom, M|100\/100\n|-fieldstart|move: Grassy Terrain|[from] ability: Grassy Surge|[of] p1a: Rillaboom\n|move|p1b: Zygarde|Protect|p1b: Zygarde\n|-singleturn|p1b: Zygarde|Protect\n|move|p2b: Leafeon|Solar Blade||[still]\n|-prepare|p2b: Leafeon|Solar Blade\n|-anim|p2b: Leafeon|Solar Blade|p1b: Zygarde\n|-activate|p1b: Zygarde|move: Protect\n|move|p2a: Charizard|Air Slash|p1b: Zygarde\n|-activate|p1b: Zygarde|move: Protect\n|\n|-weather|SunnyDay|[upkeep]\n|-heal|p1b: Zygarde|54\/100|[from] Grassy Terrain\n|-heal|p2b: Leafeon|61\/100|[from] Grassy Terrain\n|-heal|p2a: Charizard|12\/100|[from] Grassy Terrain\n|upkeep\n|turn|11\n|\n|t:|1697995939\n|switch|p2b: Walking Wake|Walking Wake|43\/100\n|-activate|p2b: Walking Wake|ability: Protosynthesis\n|-start|p2b: Walking Wake|protosynthesisspa\n|move|p1a: Rillaboom|Fake Out|p2b: Walking Wake\n|-damage|p2b: Walking Wake|27\/100\n|move|p1b: Zygarde|Thousand Arrows|p2a: Charizard|[spread] p2a,p2b\n|-supereffective|p2a: Charizard\n|-damage|p2a: Charizard|0 fnt\n|-damage|p2b: Walking Wake|0 fnt\n|faint|p2a: Charizard\n|faint|p2b: Walking Wake\n|-end|p2b: Walking Wake|Protosynthesis|[silent]\n|\n|-weather|SunnyDay|[upkeep]\n|-heal|p1b: Zygarde|60\/100|[from] Grassy Terrain\n|upkeep\n|inactive|adrisauri0 has 120 seconds left.\n|\n|t:|1697995961\n|switch|p2b: Flutter Mane|Flutter Mane|100\/100\n|switch|p2a: Leafeon|Leafeon, F|61\/100\n|-activate|p2b: Flutter Mane|ability: Protosynthesis\n|-start|p2b: Flutter Mane|protosynthesisspa\n|turn|12\n|\n|t:|1697995973\n|move|p1b: Zygarde|Protect|p1b: Zygarde\n|-singleturn|p1b: Zygarde|Protect\n|move|p1a: Rillaboom|Grassy Glide|p2b: Flutter Mane\n|-damage|p2b: Flutter Mane|24\/100\n|move|p2a: Leafeon|Solar Blade||[still]\n|-prepare|p2a: Leafeon|Solar Blade\n|-anim|p2a: Leafeon|Solar Blade|p1a: Rillaboom\n|-resisted|p1a: Rillaboom\n|-damage|p1a: Rillaboom|27\/100\n|move|p2b: Flutter Mane|Moonblast|p1a: Rillaboom\n|-damage|p1a: Rillaboom|0 fnt\n|faint|p1a: Rillaboom\n|-damage|p2b: Flutter Mane|14\/100|[from] item: Life Orb\n|\n|-weather|none\n|-end|p2b: Flutter Mane|Protosynthesis\n|-heal|p1b: Zygarde|66\/100|[from] Grassy Terrain\n|-heal|p2a: Leafeon|67\/100|[from] Grassy Terrain\n|-heal|p2b: Flutter Mane|20\/100|[from] Grassy Terrain\n|upkeep\n|\n|t:|1697995993\n|switch|p1a: Amoonguss|Amoonguss, M|92\/100\n|turn|13\n|\n|t:|1697996004\n|move|p1b: Zygarde|Thousand Arrows|p2a: Leafeon|[spread] p2a,p2b\n|-resisted|p2a: Leafeon\n|-damage|p2a: Leafeon|36\/100\n|-damage|p2b: Flutter Mane|0 fnt\n|faint|p2b: Flutter Mane\n|-end|p2b: Flutter Mane|Protosynthesis|[silent]\n|move|p2a: Leafeon|Solar Blade||[still]\n|-prepare|p2a: Leafeon|Solar Blade\n|move|p1a: Amoonguss|Pollen Puff|p1b: Zygarde\n|-heal|p1b: Zygarde|100\/100\n|\n|-heal|p2a: Leafeon|41\/100|[from] Grassy Terrain\n|-heal|p1a: Amoonguss|98\/100|[from] Grassy Terrain\n|-heal|p1a: Amoonguss|100\/100|[from] item: Leftovers\n|upkeep\n|\n|t:|1697996017\n|switch|p2b: Torkoal|Torkoal, F, tera:Fire|52\/100\n|-weather|SunnyDay|[from] ability: Drought|[of] p2b: Torkoal\n|turn|14\n|\n|t:|1697996026\n|switch|p1a: Incineroar|Incineroar, M, shiny|57\/100\n|-ability|p1a: Incineroar|Intimidate|boost\n|-unboost|p2a: Leafeon|atk|1\n|-unboost|p2b: Torkoal|atk|1\n|move|p1b: Zygarde|Protect|p1b: Zygarde\n|-singleturn|p1b: Zygarde|Protect\n|move|p2a: Leafeon|Solar Blade|p1b: Zygarde|[from]lockedmove\n|-activate|p1b: Zygarde|move: Protect\n|move|p2b: Torkoal|Flamethrower|p1a: Incineroar\n|-resisted|p1a: Incineroar\n|-damage|p1a: Incineroar|17\/100\n|\n|-weather|SunnyDay|[upkeep]\n|-heal|p2a: Leafeon|47\/100|[from] Grassy Terrain\n|-heal|p1a: Incineroar|23\/100|[from] Grassy Terrain\n|-heal|p2b: Torkoal|58\/100|[from] Grassy Terrain\n|-fieldend|move: Grassy Terrain\n|upkeep\n|turn|15\n|\n|t:|1697996047\n|switch|p2a: Kingambit|Kingambit, M|100\/100\n|-activate|p2a: Kingambit|ability: Supreme Overlord\n|-start|p2a: Kingambit|fallen3|[silent]\n|move|p1a: Incineroar|Fake Out|p2a: Kingambit\n|-resisted|p2a: Kingambit\n|-damage|p2a: Kingambit|96\/100\n|move|p1b: Zygarde|Thousand Arrows|p2a: Kingambit|[spread] p2a,p2b\n|-supereffective|p2a: Kingambit\n|-supereffective|p2b: Torkoal\n|-damage|p2a: Kingambit|0 fnt\n|-damage|p2b: Torkoal|0 fnt\n|faint|p2a: Kingambit\n|-end|p2a: Kingambit|fallen3|[silent]\n|faint|p2b: Torkoal\n|\n|-weather|SunnyDay|[upkeep]\n|upkeep\n|\n|t:|1697996060\n|switch|p2b: Leafeon|Leafeon, F|47\/100\n|turn|16\n|\n|t:|1697996067\n|switch|p1a: Amoonguss|Amoonguss, M|100\/100\n|-terastallize|p1b: Zygarde|Normal\n|move|p1b: Zygarde|Extreme Speed|p2b: Leafeon\n|-damage|p2b: Leafeon|0 fnt\n|faint|p2b: Leafeon\n|\n|win|Mmirza\n|raw|Mmirza's rating: 1555 &rarr; <strong>1567<\/strong><br \/>(+12 for winning)\n|raw|adrisauri0's rating: 1401 &rarr; <strong>1389<\/strong><br \/>(-12 for losing)\n|l|\u2606adrisauri0\n","uploadtime":1697996076,"views":14,"p1id":"mmirza","p2id":"adrisauri0","formatid":"gen9nationaldexdoubles","rating":1389,"private":0,"password":""}