{"id":"gen9nationaldexdoubles-1954885936","p1":"Lv. 21XX","p2":"S1r.sweepsaLot","format":"[Gen 9] National Dex Doubles","log":"|j|\u2606Lv. 21XX\n|j|\u2606S1r.sweepsaLot\n|t:|1695934078\n|gametype|doubles\n|player|p1|Lv. 21XX|102|1510\n|player|p2|S1r.sweepsaLot|marshal|1600\n|teamsize|p1|6\n|teamsize|p2|6\n|gen|9\n|tier|[Gen 9] National Dex Doubles\n|rated|\n|rule|HP Percentage Mod: HP is shown in percentages\n|rule|Endless Battle Clause: Forcing endless battles is banned\n|rule|OHKO Clause: OHKO moves are banned\n|rule|Evasion Moves Clause: Evasion moves are banned\n|rule|Evasion Abilities Clause: Evasion abilities are banned\n|rule|Species Clause: Limit one of each Pok\u00e9mon\n|rule|Gravity Sleep Clause: The combination of sleep-inducing moves with imperfect accuracy and Gravity or Gigantamax Orbeetle are banned\n|clearpoke\n|poke|p1|Zygarde|\n|poke|p1|Blastoise, M|\n|poke|p1|Jirachi|\n|poke|p1|Tornadus, M|\n|poke|p1|Ogerpon-Hearthflame, F|\n|poke|p1|Zamazenta-*|\n|poke|p2|Tyranitar, M|\n|poke|p2|Excadrill, F|\n|poke|p2|Togekiss, M|\n|poke|p2|Kommo-o, M|\n|poke|p2|Gholdengo|\n|poke|p2|Incineroar, M|\n|teampreview\n|c|\u2606S1r.sweepsaLot|omg round 2\n|\n|t:|1695934118\n|start\n|switch|p1a: Tornadus|Tornadus, M, shiny|100\/100\n|switch|p1b: Zamazenta|Zamazenta|100\/100\n|switch|p2a: Godzilla|Tyranitar, M|100\/100\n|switch|p2b: Home Depot|Excadrill, F|100\/100\n|-ability|p1b: Zamazenta|Dauntless Shield|boost\n|-boost|p1b: Zamazenta|def|1\n|-weather|Sandstorm|[from] ability: Sand Stream|[of] p2a: Godzilla\n|turn|1\n|\n|t:|1695934140\n|-terastallize|p2b: Home Depot|Ground\n|move|p2a: Godzilla|Protect|p2a: Godzilla\n|-singleturn|p2a: Godzilla|Protect\n|move|p1a: Tornadus|Tailwind|p1a: Tornadus\n|-sidestart|p1: Lv. 21XX|move: Tailwind\n|move|p1b: Zamazenta|Body Press|p2b: Home Depot\n|-damage|p2b: Home Depot|20\/100\n|move|p2b: Home Depot|High Horsepower|p1b: Zamazenta\n|-damage|p1b: Zamazenta|56\/100\n|-damage|p2b: Home Depot|10\/100|[from] item: Life Orb\n|\n|-weather|Sandstorm|[upkeep]\n|-damage|p1b: Zamazenta|50\/100|[from] Sandstorm\n|-damage|p1a: Tornadus|94\/100|[from] Sandstorm\n|upkeep\n|turn|2\n|\n|t:|1695934166\n|move|p2b: Home Depot|Protect|p2b: Home Depot\n|-singleturn|p2b: Home Depot|Protect\n|move|p1b: Zamazenta|Body Press|p2a: Godzilla\n|-supereffective|p2a: Godzilla\n|-damage|p2a: Godzilla|0 fnt\n|faint|p2a: Godzilla\n|move|p1a: Tornadus|Bleakwind Storm|p2b: Home Depot\n|-activate|p2b: Home Depot|move: Protect\n|\n|-weather|Sandstorm|[upkeep]\n|-damage|p1b: Zamazenta|44\/100|[from] Sandstorm\n|-damage|p1a: Tornadus|88\/100|[from] Sandstorm\n|upkeep\n|\n|t:|1695934170\n|switch|p2a: Look at Me|Togekiss, M|100\/100\n|turn|3\n|\n|t:|1695934215\n|switch|p2b: Money Bags|Gholdengo, shiny|100\/100\n|move|p1a: Tornadus|Taunt|p2a: Look at Me\n|-start|p2a: Look at Me|move: Taunt\n|move|p1b: Zamazenta|Crunch|p2b: Money Bags\n|-supereffective|p2b: Money Bags\n|-damage|p2b: Money Bags|57\/100\n|-unboost|p2b: Money Bags|def|1\n|cant|p2a: Look at Me|move: Taunt|Yawn\n|\n|-weather|Sandstorm|[upkeep]\n|-damage|p1b: Zamazenta|38\/100|[from] Sandstorm\n|-damage|p1a: Tornadus|82\/100|[from] Sandstorm\n|-heal|p2b: Money Bags|63\/100|[from] item: Leftovers\n|upkeep\n|turn|4\n|c|\u2606Lv. 21XX|Round 2 fight!\n|\n|t:|1695934247\n|switch|p2b: Concert Speaker|Kommo-o, M|100\/100\n|switch|p2a: Nala|Incineroar, M|100\/100\n|-ability|p2a: Nala|Intimidate|boost\n|-unboost|p1a: Tornadus|atk|1\n|-fail|p1b: Zamazenta|unboost|[from] item: Clear Amulet|[of] p1b: Zamazenta\n|move|p1b: Zamazenta|Heavy Slam|p2a: Nala\n|-resisted|p2a: Nala\n|-damage|p2a: Nala|93\/100\n|move|p1a: Tornadus|Dark Pulse|p2b: Concert Speaker\n|-resisted|p2b: Concert Speaker\n|-damage|p2b: Concert Speaker|87\/100\n|\n|-weather|Sandstorm|[upkeep]\n|-damage|p1b: Zamazenta|32\/100|[from] Sandstorm\n|-damage|p1a: Tornadus|76\/100|[from] Sandstorm\n|-damage|p2a: Nala|87\/100|[from] Sandstorm\n|-sideend|p1: Lv. 21XX|move: Tailwind\n|upkeep\n|turn|5\n|c|\u2606S1r.sweepsaLot|damn ngl you are beating my ass here\n|\n|t:|1695934266\n|move|p2a: Nala|Fake Out|p1a: Tornadus\n|-damage|p1a: Tornadus|64\/100\n|move|p1a: Tornadus|Tailwind|p1a: Tornadus\n|-sidestart|p1: Lv. 21XX|move: Tailwind\n|move|p1b: Zamazenta|Body Press|p2b: Concert Speaker\n|-crit|p2b: Concert Speaker\n|-damage|p2b: Concert Speaker|3\/100\n|move|p2b: Concert Speaker|Clangorous Soul||[still]\n|-fail|p2b: Concert Speaker\n|\n|-weather|none\n|upkeep\n|turn|6\n|c|\u2606S1r.sweepsaLot|DAMN BODY PRESS DOES THAT MUCH\n|c|\u2606Lv. 21XX|We\u2019ll it is from Zamazenta\n|\n|t:|1695934312\n|move|p1b: Zamazenta|Body Press|p2a: Nala\n|-supereffective|p2a: Nala\n|-damage|p2a: Nala|0 fnt\n|faint|p2a: Nala\n|move|p1a: Tornadus|Dark Pulse|p2b: Concert Speaker\n|-resisted|p2b: Concert Speaker\n|-damage|p2b: Concert Speaker|0 fnt\n|faint|p2b: Concert Speaker\n|\n|upkeep\n|\n|t:|1695934319\n|switch|p2b: Home Depot|Excadrill, F, tera:Ground|10\/100\n|switch|p2a: Money Bags|Gholdengo, shiny|63\/100\n|turn|7\n|\n|t:|1695934332\n|-terastallize|p1a: Tornadus|Dark\n|move|p1b: Zamazenta|Heavy Slam|p2b: Home Depot\n|-damage|p2b: Home Depot|0 fnt\n|faint|p2b: Home Depot\n|move|p1a: Tornadus|Dark Pulse|p2a: Money Bags\n|-supereffective|p2a: Money Bags\n|-damage|p2a: Money Bags|0 fnt\n|faint|p2a: Money Bags\n|\n|upkeep\n|c|\u2606S1r.sweepsaLot|gg\n|\n|t:|1695934342\n|switch|p2b: Look at Me|Togekiss, M|100\/100\n|turn|8\n|\n|t:|1695934350\n|move|p1b: Zamazenta|Wide Guard|p1b: Zamazenta\n|-singleturn|p1b: Zamazenta|Wide Guard\n|move|p1a: Tornadus|Bleakwind Storm|p2b: Look at Me\n|-damage|p2b: Look at Me|65\/100\n|move|p2b: Look at Me|Tailwind|p2b: Look at Me\n|-sidestart|p2: S1r.sweepsaLot|move: Tailwind\n|\n|-sideend|p1: Lv. 21XX|move: Tailwind\n|upkeep\n|turn|9\n|\n|t:|1695934360\n|move|p2b: Look at Me|Yawn|p1a: Tornadus\n|-start|p1a: Tornadus|move: Yawn|[of] p2b: Look at Me\n|move|p1b: Zamazenta|Heavy Slam|p2b: Look at Me\n|-supereffective|p2b: Look at Me\n|-crit|p2b: Look at Me\n|-damage|p2b: Look at Me|0 fnt\n|faint|p2b: Look at Me\n|\n|win|Lv. 21XX\n|raw|Lv. 21XX's rating: 1510 &rarr; <strong>1535<\/strong><br \/>(+25 for winning)\n|raw|S1r.sweepsaLot's rating: 1600 &rarr; <strong>1575<\/strong><br \/>(-25 for losing)\n|c|\u2606Lv. 21XX|Gg\n","uploadtime":1695934370,"views":8,"p1id":"lv21xx","p2id":"s1rsweepsalot","formatid":"gen9nationaldexdoubles","rating":1535,"private":0,"password":""}