{"id":"gen9nationaldexdoubles-1957667222","p1":"saints in da row","p2":"Duskin8er","format":"[Gen 9] National Dex Doubles","log":"|j|\u2606saints in da row\n|j|\u2606Duskin8er\n|t:|1696251382\n|gametype|doubles\n|player|p1|saints in da row|lucas|1089\n|player|p2|Duskin8er|lucas-gen4pt|1000\n|teamsize|p1|6\n|teamsize|p2|6\n|gen|9\n|tier|[Gen 9] National Dex Doubles\n|rated|\n|rule|HP Percentage Mod: HP is shown in percentages\n|rule|Endless Battle Clause: Forcing endless battles is banned\n|rule|OHKO Clause: OHKO moves are banned\n|rule|Evasion Moves Clause: Evasion moves are banned\n|rule|Evasion Abilities Clause: Evasion abilities are banned\n|rule|Species Clause: Limit one of each Pok\u00e9mon\n|rule|Gravity Sleep Clause: The combination of sleep-inducing moves with imperfect accuracy and Gravity or Gigantamax Orbeetle are banned\n|clearpoke\n|poke|p1|Honchkrow, M|\n|poke|p1|Scizor, M|\n|poke|p1|Skarmory, M|\n|poke|p1|Starmie|\n|poke|p1|Clawitzer, M|\n|poke|p1|Zebstrika, F|\n|poke|p2|Typhlosion-Hisui, F|\n|poke|p2|Decidueye, M|\n|poke|p2|Jirachi|\n|poke|p2|Moltres-Galar|\n|poke|p2|Amoonguss, F|\n|poke|p2|Chien-Pao|\n|teampreview\n|\n|t:|1696251391\n|start\n|switch|p1a: Zebstrika|Zebstrika, F|100\/100\n|switch|p1b: Clawitzer|Clawitzer, M|100\/100\n|switch|p2a: Decidueye|Decidueye, M, shiny|100\/100\n|switch|p2b: Typhlosion|Typhlosion-Hisui, F, shiny|100\/100\n|-item|p1a: Zebstrika|Leftovers|[from] ability: Frisk|[of] p2b: Typhlosion|[identify]\n|-item|p1b: Clawitzer|Leftovers|[from] ability: Frisk|[of] p2b: Typhlosion|[identify]\n|turn|1\n|\n|t:|1696251419\n|move|p1a: Zebstrika|Flame Charge|p2a: Decidueye\n|-supereffective|p2a: Decidueye\n|-damage|p2a: Decidueye|60\/100\n|-boost|p1a: Zebstrika|spe|1\n|move|p2b: Typhlosion|Fire Pledge|p1a: Zebstrika\n|-waiting|p2b: Typhlosion|p2a: Decidueye\n|move|p2a: Decidueye|Grass Pledge|p1b: Clawitzer|[from]move: Fire Pledge\n|-combine\n|-resisted|p1b: Clawitzer\n|-damage|p1b: Clawitzer|71\/100\n|-sidestart|p1: saints in da row|Fire Pledge\n|move|p1b: Clawitzer|Water Pulse|p2b: Typhlosion\n|-supereffective|p2b: Typhlosion\n|-damage|p2b: Typhlosion|0 fnt\n|faint|p2b: Typhlosion\n|\n|-damage|p1a: Zebstrika|88\/100|[from] Fire Pledge\n|-heal|p1a: Zebstrika|94\/100|[from] item: Leftovers\n|-damage|p1b: Clawitzer|58\/100|[from] Fire Pledge\n|-heal|p1b: Clawitzer|64\/100|[from] item: Leftovers\n|upkeep\n|\n|t:|1696251451\n|switch|p2b: Jirachi|Jirachi, shiny|100\/100\n|turn|2\n|\n|t:|1696251475\n|move|p1a: Zebstrika|Flame Charge|p2b: Jirachi\n|-supereffective|p2b: Jirachi\n|-damage|p2b: Jirachi|73\/100\n|-boost|p1a: Zebstrika|spe|1\n|move|p2b: Jirachi|Ancient Power|p1a: Zebstrika\n|-damage|p1a: Zebstrika|65\/100\n|move|p2a: Decidueye|Spirit Shackle|p1a: Zebstrika\n|-damage|p1a: Zebstrika|1\/100\n|-activate|p1a: Zebstrika|trapped\n|move|p1b: Clawitzer|Water Pulse|p2b: Jirachi\n|-damage|p2b: Jirachi|23\/100\n|-start|p2b: Jirachi|confusion\n|\n|-damage|p1a: Zebstrika|0 fnt|[from] Fire Pledge\n|faint|p1a: Zebstrika\n|-heal|p2b: Jirachi|30\/100|[from] item: Leftovers\n|-damage|p1b: Clawitzer|52\/100|[from] Fire Pledge\n|-heal|p1b: Clawitzer|58\/100|[from] item: Leftovers\n|upkeep\n|\n|t:|1696251492\n|switch|p1a: Roostor|Skarmory, M|100\/100\n|turn|3\n|\n|t:|1696251507\n|-activate|p2b: Jirachi|confusion\n|move|p2b: Jirachi|Ancient Power|p1a: Roostor\n|-damage|p1a: Roostor|76\/100\n|move|p2a: Decidueye|Spirit Shackle|p1a: Roostor\n|-damage|p1a: Roostor|55\/100\n|-activate|p1a: Roostor|trapped\n|move|p1a: Roostor|Stealth Rock|p2a: Decidueye\n|-sidestart|p2: Duskin8er|move: Stealth Rock\n|move|p1b: Clawitzer|Flash Cannon|p2a: Decidueye\n|-damage|p2a: Decidueye|27\/100\n|\n|-heal|p2b: Jirachi|36\/100|[from] item: Leftovers\n|-damage|p1a: Roostor|43\/100|[from] Fire Pledge\n|-damage|p1b: Clawitzer|46\/100|[from] Fire Pledge\n|-heal|p1b: Clawitzer|52\/100|[from] item: Leftovers\n|upkeep\n|turn|4\n|\n|t:|1696251529\n|-activate|p2b: Jirachi|confusion\n|-damage|p2b: Jirachi|28\/100|[from] confusion\n|move|p2a: Decidueye|Spirit Shackle|p1b: Clawitzer\n|-damage|p1b: Clawitzer|13\/100\n|-activate|p1b: Clawitzer|trapped\n|move|p1a: Roostor|Roost|p1a: Roostor\n|-heal|p1a: Roostor|93\/100\n|-singleturn|p1a: Roostor|move: Roost\n|move|p1b: Clawitzer|Water Pulse|p2b: Jirachi\n|-damage|p2b: Jirachi|0 fnt\n|faint|p2b: Jirachi\n|\n|-damage|p1a: Roostor|81\/100|[from] Fire Pledge\n|-damage|p1b: Clawitzer|0 fnt|[from] Fire Pledge\n|faint|p1b: Clawitzer\n|-sideend|p1: saints in da row|Fire Pledge\n|upkeep\n|\n|t:|1696251545\n|switch|p2b: Moltres|Moltres-Galar, shiny|100\/100\n|switch|p1b: Scizor|Scizor, M|100\/100\n|-damage|p2b: Moltres|76\/100|[from] Stealth Rock\n|turn|5\n|\n|t:|1696251579\n|move|p2b: Moltres|Fiery Wrath|p1a: Roostor|[spread] p1a,p1b\n|-damage|p1a: Roostor|41\/100\n|-damage|p1b: Scizor|61\/100\n|move|p2a: Decidueye|Spirit Shackle|p1b: Scizor\n|-damage|p1b: Scizor|13\/100\n|-activate|p1b: Scizor|trapped\n|move|p1b: Scizor|Knock Off|p2a: Decidueye\n|-supereffective|p2a: Decidueye\n|-damage|p2a: Decidueye|0 fnt\n|faint|p2a: Decidueye\n|-damage|p1b: Scizor|3\/100|[from] item: Life Orb\n|cant|p1a: Roostor|flinch\n|\n|upkeep\n|\n|t:|1696251593\n|switch|p2a: Chien-Pao|Chien-Pao|100\/100\n|-damage|p2a: Chien-Pao|76\/100|[from] Stealth Rock\n|-ability|p2a: Chien-Pao|Sword of Ruin\n|turn|6\n|\n|t:|1696251611\n|move|p2a: Chien-Pao|Ice Shard|p1b: Scizor\n|-resisted|p1b: Scizor\n|-damage|p1b: Scizor|0 fnt\n|faint|p1b: Scizor\n|move|p2b: Moltres|Nasty Plot|p2b: Moltres\n|-boost|p2b: Moltres|spa|2\n|move|p1a: Roostor|Body Press|p2a: Chien-Pao\n|-supereffective|p2a: Chien-Pao\n|-damage|p2a: Chien-Pao|0 fnt\n|faint|p2a: Chien-Pao\n|\n|upkeep\n|\n|t:|1696251621\n|switch|p2a: Amoonguss|Amoonguss, F, shiny|100\/100\n|switch|p1b: Starmie|Starmie|100\/100\n|-damage|p2a: Amoonguss|88\/100|[from] Stealth Rock\n|turn|7\n|\n|t:|1696251635\n|move|p1b: Starmie|Ice Beam|p2b: Moltres\n|-supereffective|p2b: Moltres\n|-damage|p2b: Moltres|16\/100\n|-ability|p2b: Moltres|Berserk|boost\n|-boost|p2b: Moltres|spa|1\n|-damage|p1b: Starmie|91\/100|[from] item: Life Orb\n|move|p2b: Moltres|Fiery Wrath|p1b: Starmie|[spread] p1a,p1b\n|-supereffective|p1b: Starmie\n|-damage|p1a: Roostor|0 fnt\n|-damage|p1b: Starmie|0 fnt\n|faint|p1a: Roostor\n|faint|p1b: Starmie\n|move|p2a: Amoonguss|Giga Drain|p1: Roostor|[notarget]\n|-fail|p2a: Amoonguss\n|\n|-heal|p2a: Amoonguss|94\/100|[from] item: Leftovers\n|upkeep\n|\n|t:|1696251649\n|switch|p1a: Honchkrow|Honchkrow, M|100\/100\n|turn|8\n|\n|t:|1696251666\n|move|p1a: Honchkrow|Sucker Punch|p2b: Moltres\n|-resisted|p2b: Moltres\n|-damage|p2b: Moltres|0 fnt\n|faint|p2b: Moltres\n|-ability|p1a: Honchkrow|Moxie|boost\n|-boost|p1a: Honchkrow|atk|1\n|-damage|p1a: Honchkrow|91\/100|[from] item: Life Orb\n|move|p2a: Amoonguss|Body Slam|p1a: Honchkrow\n|-damage|p1a: Honchkrow|60\/100\n|\n|-heal|p2a: Amoonguss|100\/100|[from] item: Leftovers\n|upkeep\n|turn|9\n|\n|t:|1696251673\n|move|p1a: Honchkrow|Brave Bird|p2a: Amoonguss\n|-supereffective|p2a: Amoonguss\n|-damage|p2a: Amoonguss|0 fnt\n|faint|p2a: Amoonguss\n|-damage|p1a: Honchkrow|24\/100|[from] Recoil\n|-damage|p1a: Honchkrow|14\/100|[from] item: Life Orb\n|\n|win|saints in da row\n|raw|saints in da row's rating: 1089 &rarr; <strong>1109<\/strong><br \/>(+20 for winning)\n|raw|Duskin8er's rating: 1000 &rarr; <strong>1000<\/strong><br \/>(+0 for losing)\n|l|\u2606Duskin8er\n","uploadtime":1696251681,"views":13,"p1id":"saintsindarow","p2id":"duskin8er","formatid":"gen9nationaldexdoubles","rating":1000,"private":0,"password":""}