{"id":"gen9nationaldexdoubles-1978406426","p1":"EatFoods","p2":"s.daninja","format":"[Gen 9] National Dex Doubles","log":"|j|\u2606EatFoods\n|j|\u2606s.daninja\n|t:|1698534875\n|gametype|doubles\n|player|p1|EatFoods|rika|1458\n|player|p2|s.daninja|cheryl|1336\n|teamsize|p1|6\n|teamsize|p2|6\n|gen|9\n|tier|[Gen 9] National Dex Doubles\n|rated|\n|rule|HP Percentage Mod: HP is shown in percentages\n|rule|Endless Battle Clause: Forcing endless battles is banned\n|rule|OHKO Clause: OHKO moves are banned\n|rule|Evasion Moves Clause: Evasion moves are banned\n|rule|Evasion Abilities Clause: Evasion abilities are banned\n|rule|Species Clause: Limit one of each Pok\u00e9mon\n|rule|Gravity Sleep Clause: The combination of sleep-inducing moves with imperfect accuracy and Gravity or Gigantamax Orbeetle are banned\n|clearpoke\n|poke|p1|Salamence, F|\n|poke|p1|Rillaboom, F|\n|poke|p1|Tapu Fini|\n|poke|p1|Marshadow|\n|poke|p1|Zeraora|\n|poke|p1|Kingambit, M|\n|poke|p2|Armarouge, M|\n|poke|p2|Iron Bundle|\n|poke|p2|Indeedee-F, F|\n|poke|p2|Chi-Yu|\n|poke|p2|Ninetales-Alola, M|\n|poke|p2|Gholdengo|\n|teampreview\n|\n|t:|1698534909\n|start\n|switch|p1a: Zeraora|Zeraora|100\/100\n|switch|p1b: Tapu Fini|Tapu Fini|100\/100\n|switch|p2a: Iron Bundle|Iron Bundle|100\/100\n|switch|p2b: Ninetales|Ninetales-Alola, M|100\/100\n|-weather|Snow|[from] ability: Snow Warning|[of] p2b: Ninetales\n|-fieldstart|move: Misty Terrain|[from] ability: Misty Surge|[of] p1b: Tapu Fini\n|-enditem|p2a: Iron Bundle|Booster Energy\n|-activate|p2a: Iron Bundle|ability: Quark Drive|[fromitem]\n|-start|p2a: Iron Bundle|quarkdrivespe\n|turn|1\n|j| CarlJamesGames\n|\n|t:|1698534919\n|switch|p1b: Kingambit|Kingambit, M|100\/100\n|move|p1a: Zeraora|Fake Out|p2a: Iron Bundle\n|-damage|p2a: Iron Bundle|90\/100\n|cant|p2a: Iron Bundle|flinch\n|move|p2b: Ninetales|Aurora Veil|p2b: Ninetales\n|-sidestart|p2: s.daninja|move: Aurora Veil\n|\n|-weather|Snow|[upkeep]\n|upkeep\n|turn|2\n|\n|t:|1698534936\n|move|p2a: Iron Bundle|Encore|p1a: Zeraora\n|-start|p1a: Zeraora|Encore\n|move|p1a: Zeraora|Fake Out||[still]\n|-hint|Fake Out only works on your first turn out.\n|-fail|p1a: Zeraora\n|move|p2b: Ninetales|Blizzard|p1b: Kingambit|[spread] p1a,p1b\n|-resisted|p1b: Kingambit\n|-damage|p1a: Zeraora|59\/100\n|-damage|p1b: Kingambit|90\/100\n|move|p1b: Kingambit|Iron Head|p2b: Ninetales\n|-supereffective|p2b: Ninetales\n|-damage|p2b: Ninetales|0 fnt\n|faint|p2b: Ninetales\n|\n|-weather|Snow|[upkeep]\n|upkeep\n|\n|t:|1698534939\n|switch|p2b: Armarouge|Armarouge, M|100\/100\n|turn|3\n|\n|t:|1698534960\n|switch|p1a: Rillaboom|Rillaboom, F|100\/100\n|-fieldstart|move: Grassy Terrain|[from] ability: Grassy Surge|[of] p1a: Rillaboom\n|-terastallize|p1b: Kingambit|Fairy\n|move|p2a: Iron Bundle|Flip Turn|p2b: Armarouge\n|-supereffective|p2b: Armarouge\n|-damage|p2b: Armarouge|78\/100\n|-ability|p2b: Armarouge|Weak Armor|boost\n|-unboost|p2b: Armarouge|def|1\n|-boost|p2b: Armarouge|spe|2\n|-enditem|p2b: Armarouge|Weakness Policy\n|-boost|p2b: Armarouge|atk|2|[from] item: Weakness Policy\n|-boost|p2b: Armarouge|spa|2|[from] item: Weakness Policy\n|\n|t:|1698534969\n|-end|p2a: Iron Bundle|Quark Drive|[silent]\n|switch|p2a: Indeedee|Indeedee-F, F|100\/100|[from] Flip Turn\n|-fieldstart|move: Psychic Terrain|[from] ability: Psychic Surge|[of] p2a: Indeedee\n|move|p2b: Armarouge|Armor Cannon|p1b: Kingambit\n|-damage|p1b: Kingambit|0 fnt\n|-unboost|p2b: Armarouge|def|1\n|-unboost|p2b: Armarouge|spd|1\n|faint|p1b: Kingambit\n|\n|-weather|Snow|[upkeep]\n|upkeep\n|\n|t:|1698534983\n|switch|p1b: Tapu Fini|Tapu Fini|100\/100\n|-fieldstart|move: Misty Terrain|[from] ability: Misty Surge|[of] p1b: Tapu Fini\n|turn|4\n|l| CarlJamesGames\n|\n|t:|1698534998\n|switch|p2a: Iron Bundle|Iron Bundle|90\/100\n|move|p2b: Armarouge|Protect|p2b: Armarouge\n|-singleturn|p2b: Armarouge|Protect\n|move|p1a: Rillaboom|Fake Out|p2b: Armarouge\n|-activate|p2b: Armarouge|move: Protect\n|move|p1b: Tapu Fini|Haze|p1b: Tapu Fini\n|-clearallboost\n|\n|-weather|Snow|[upkeep]\n|upkeep\n|turn|5\n|\n|t:|1698535015\n|move|p2a: Iron Bundle|Encore|p1b: Tapu Fini\n|-start|p1b: Tapu Fini|Encore\n|move|p2b: Armarouge|Armor Cannon|p1a: Rillaboom\n|-supereffective|p1a: Rillaboom\n|-damage|p1a: Rillaboom|16\/100\n|-unboost|p2b: Armarouge|def|1\n|-unboost|p2b: Armarouge|spd|1\n|move|p1b: Tapu Fini|Haze|p1b: Tapu Fini\n|-clearallboost\n|move|p1a: Rillaboom|High Horsepower|p2b: Armarouge\n|-supereffective|p2b: Armarouge\n|-damage|p2b: Armarouge|25\/100\n|-ability|p2b: Armarouge|Weak Armor|boost\n|-unboost|p2b: Armarouge|def|1\n|-boost|p2b: Armarouge|spe|2\n|\n|-weather|none\n|upkeep\n|turn|6\n|\n|t:|1698535028\n|-end|p2a: Iron Bundle|Quark Drive|[silent]\n|switch|p2a: Indeedee|Indeedee-F, F|100\/100\n|-fieldstart|move: Psychic Terrain|[from] ability: Psychic Surge|[of] p2a: Indeedee\n|switch|p1a: Zeraora|Zeraora|59\/100\n|move|p2b: Armarouge|Expanding Force|p1b: Tapu Fini|[spread] p1a,p1b\n|-damage|p1a: Zeraora|0 fnt\n|-damage|p1b: Tapu Fini|55\/100\n|faint|p1a: Zeraora\n|move|p1b: Tapu Fini|Haze|p1b: Tapu Fini\n|-clearallboost\n|\n|upkeep\n|\n|t:|1698535031\n|switch|p1a: Rillaboom|Rillaboom, F|16\/100\n|-fieldstart|move: Grassy Terrain|[from] ability: Grassy Surge|[of] p1a: Rillaboom\n|turn|7\n|\n|t:|1698535042\n|move|p2a: Indeedee|Follow Me|p2a: Indeedee\n|-singleturn|p2a: Indeedee|move: Follow Me\n|move|p1a: Rillaboom|Grassy Glide|p2a: Indeedee\n|-damage|p2a: Indeedee|74\/100\n|move|p2b: Armarouge|Energy Ball|p1b: Tapu Fini\n|-supereffective|p1b: Tapu Fini\n|-damage|p1b: Tapu Fini|0 fnt\n|faint|p1b: Tapu Fini\n|\n|-heal|p2b: Armarouge|31\/100|[from] Grassy Terrain\n|-heal|p2a: Indeedee|80\/100|[from] Grassy Terrain\n|-heal|p1a: Rillaboom|23\/100|[from] Grassy Terrain\n|upkeep\n|\n|t:|1698535050\n|switch|p1b: Salamence|Salamence, F|100\/100\n|-ability|p1b: Salamence|Intimidate|boost\n|-unboost|p2a: Indeedee|atk|1\n|-unboost|p2b: Armarouge|atk|1\n|turn|8\n|\n|t:|1698535060\n|switch|p2b: Iron Bundle|Iron Bundle|90\/100\n|detailschange|p1b: Salamence|Salamence-Mega, F\n|-mega|p1b: Salamence|Salamence|Salamencite\n|move|p1b: Salamence|Tailwind|p1b: Salamence\n|-sidestart|p1: EatFoods|move: Tailwind\n|move|p1a: Rillaboom|U-turn|p2a: Indeedee\n|-supereffective|p2a: Indeedee\n|-damage|p2a: Indeedee|44\/100\n|\n|t:|1698535066\n|switch|p1a: Marshadow|Marshadow|100\/100|[from] U-turn\n|move|p2a: Indeedee|Healing Wish|p2a: Indeedee\n|faint|p2a: Indeedee\n|\n|-heal|p2b: Iron Bundle|96\/100|[from] Grassy Terrain\n|-sideend|p2: s.daninja|move: Aurora Veil\n|upkeep\n|\n|t:|1698535069\n|switch|p2a: Armarouge|Armarouge, M|31\/100\n|-heal|p2a: Armarouge|100\/100|[from] move: Healing Wish\n|turn|9\n|\n|t:|1698535082\n|-terastallize|p2b: Iron Bundle|Water\n|move|p1b: Salamence|Protect|p1b: Salamence\n|-singleturn|p1b: Salamence|Protect\n|move|p2a: Armarouge|Protect|p2a: Armarouge\n|-singleturn|p2a: Armarouge|Protect\n|move|p1a: Marshadow|Spectral Thief|p2a: Armarouge\n|-activate|p2a: Armarouge|move: Protect\n|move|p2b: Iron Bundle|Icy Wind|p1b: Salamence|[spread] p1a\n|-activate|p1b: Salamence|move: Protect\n|-damage|p1a: Marshadow|77\/100\n|-unboost|p1a: Marshadow|spe|1\n|\n|-heal|p1a: Marshadow|83\/100|[from] Grassy Terrain\n|-heal|p2b: Iron Bundle|100\/100|[from] Grassy Terrain\n|upkeep\n|turn|10\n|\n|t:|1698535103\n|switch|p2a: Chi-Yu|Chi-Yu|100\/100\n|-ability|p2a: Chi-Yu|Beads of Ruin\n|move|p1b: Salamence|Return|p2a: Chi-Yu\n|-damage|p2a: Chi-Yu|8\/100\n|move|p1a: Marshadow|Spectral Thief|p2a: Chi-Yu\n|-resisted|p2a: Chi-Yu\n|-damage|p2a: Chi-Yu|0 fnt\n|faint|p2a: Chi-Yu\n|-damage|p1a: Marshadow|73\/100|[from] item: Life Orb\n|move|p2b: Iron Bundle|Icy Wind|p1b: Salamence|[spread] p1a,p1b\n|-supereffective|p1b: Salamence\n|-damage|p1a: Marshadow|48\/100\n|-damage|p1b: Salamence|18\/100\n|-unboost|p1a: Marshadow|spe|1\n|-unboost|p1b: Salamence|spe|1\n|\n|-heal|p1a: Marshadow|54\/100|[from] Grassy Terrain\n|upkeep\n|\n|t:|1698535123\n|switch|p2a: Gholdengo|Gholdengo|100\/100\n|turn|11\n|\n|t:|1698535128\n|move|p1a: Marshadow|Protect|p1a: Marshadow\n|-singleturn|p1a: Marshadow|Protect\n|move|p1b: Salamence|Return|p2b: Iron Bundle\n|-damage|p2b: Iron Bundle|31\/100\n|move|p2a: Gholdengo|Make It Rain|p1b: Salamence|[spread] p1b\n|-activate|p1a: Marshadow|move: Protect\n|-damage|p1b: Salamence|0 fnt\n|-unboost|p2a: Gholdengo|spa|1\n|faint|p1b: Salamence\n|move|p2b: Iron Bundle|Icy Wind|p1a: Marshadow\n|-activate|p1a: Marshadow|move: Protect\n|\n|-heal|p2b: Iron Bundle|36\/100|[from] Grassy Terrain\n|-heal|p1a: Marshadow|60\/100|[from] Grassy Terrain\n|-sideend|p1: EatFoods|move: Tailwind\n|-fieldend|move: Grassy Terrain\n|upkeep\n|\n|t:|1698535133\n|switch|p1b: Rillaboom|Rillaboom, F|23\/100\n|-fieldstart|move: Grassy Terrain|[from] ability: Grassy Surge|[of] p1b: Rillaboom\n|turn|12\n|\n|t:|1698535146\n|-end|p2b: Iron Bundle|Quark Drive|[silent]\n|switch|p2b: Armarouge|Armarouge, M|100\/100\n|move|p1b: Rillaboom|Grassy Glide|p2b: Armarouge\n|-resisted|p2b: Armarouge\n|-damage|p2b: Armarouge|78\/100\n|-ability|p2b: Armarouge|Weak Armor|boost\n|-unboost|p2b: Armarouge|def|1\n|-boost|p2b: Armarouge|spe|2\n|move|p1a: Marshadow|Shadow Sneak|p2a: Gholdengo\n|-supereffective|p2a: Gholdengo\n|-damage|p2a: Gholdengo|16\/100\n|-damage|p1a: Marshadow|50\/100|[from] item: Life Orb\n|move|p2a: Gholdengo|Make It Rain|p1b: Rillaboom|[spread] p1a,p1b\n|-damage|p1a: Marshadow|14\/100\n|-damage|p1b: Rillaboom|0 fnt\n|-unboost|p2a: Gholdengo|spa|1\n|faint|p1b: Rillaboom\n|\n|-heal|p2b: Armarouge|84\/100|[from] Grassy Terrain\n|-heal|p2a: Gholdengo|22\/100|[from] Grassy Terrain\n|-heal|p1a: Marshadow|20\/100|[from] Grassy Terrain\n|upkeep\n|turn|13\n|\n|t:|1698535151\n|move|p1a: Marshadow|Shadow Sneak|p2b: Armarouge\n|-supereffective|p2b: Armarouge\n|-damage|p2b: Armarouge|0 fnt\n|faint|p2b: Armarouge\n|-damage|p1a: Marshadow|10\/100|[from] item: Life Orb\n|move|p2a: Gholdengo|Make It Rain|p1a: Marshadow\n|-damage|p1a: Marshadow|0 fnt\n|-unboost|p2a: Gholdengo|spa|1\n|faint|p1a: Marshadow\n|\n|win|s.daninja\n|raw|EatFoods's rating: 1458 &rarr; <strong>1431<\/strong><br \/>(-27 for losing)\n|raw|s.daninja's rating: 1336 &rarr; <strong>1363<\/strong><br \/>(+27 for winning)\n|c|\u2606EatFoods|gg\n|l|\u2606EatFoods\n","uploadtime":1698535164,"views":8,"p1id":"eatfoods","p2id":"sdaninja","formatid":"gen9nationaldexdoubles","rating":1363,"private":0,"password":""}