{"id":"gen9nationaldexdoubles-1976046823","p1":"E621^2","p2":"Poke Nerd SW","format":"[Gen 9] National Dex Doubles","log":"|j|\u2606E621^2\n|j|\u2606Poke Nerd SW\n|t:|1698259212\n|gametype|doubles\n|player|p1|E621^2|roark|\n|player|p2|Poke Nerd SW|alec-anime|\n|teamsize|p1|6\n|teamsize|p2|6\n|gen|9\n|tier|[Gen 9] National Dex Doubles\n|rule|HP Percentage Mod: HP is shown in percentages\n|rule|Endless Battle Clause: Forcing endless battles is banned\n|rule|OHKO Clause: OHKO moves are banned\n|rule|Evasion Moves Clause: Evasion moves are banned\n|rule|Evasion Abilities Clause: Evasion abilities are banned\n|rule|Species Clause: Limit one of each Pok\u00e9mon\n|rule|Gravity Sleep Clause: The combination of sleep-inducing moves with imperfect accuracy and Gravity or Gigantamax Orbeetle are banned\n|clearpoke\n|poke|p1|Basculegion, M|\n|poke|p1|Dusclops, F|\n|poke|p1|Zoroark-Hisui, M|\n|poke|p1|Gholdengo|\n|poke|p1|Flutter Mane|\n|poke|p1|Drifblim, F|\n|poke|p2|Zoroark-Hisui, F|\n|poke|p2|Sinistcha-Masterpiece|\n|poke|p2|Dusclops, F|\n|poke|p2|Flutter Mane|\n|poke|p2|Dragapult, F|\n|poke|p2|Ceruledge, F|\n|teampreview\n|\n|t:|1698259284\n|start\n|switch|p1a: Bloon|Drifblim, F, shiny|100\/100\n|switch|p1b: The Meta|Flutter Mane|100\/100\n|switch|p2a: Missed a pun|Sinistcha-Masterpiece|100\/100\n|switch|p2b: B.U.L.K.|Dusclops, F|100\/100\n|-enditem|p1b: The Meta|Booster Energy\n|-activate|p1b: The Meta|ability: Protosynthesis|[fromitem]\n|-start|p1b: The Meta|protosynthesisspe\n|turn|1\n|\n|t:|1698259327\n|move|p1b: The Meta|Shadow Ball|p2a: Missed a pun\n|-supereffective|p2a: Missed a pun\n|-damage|p2a: Missed a pun|1\/100\n|move|p2b: B.U.L.K.|Bitter Malice|p1a: Bloon\n|-supereffective|p1a: Bloon\n|-damage|p1a: Bloon|47\/100\n|-unboost|p1a: Bloon|atk|1\n|move|p1a: Bloon|Thunder Wave|p2a: Missed a pun\n|-status|p2a: Missed a pun|par\n|move|p2a: Missed a pun|Shadow Ball|p1a: Bloon\n|-supereffective|p1a: Bloon\n|-damage|p1a: Bloon|0 fnt\n|faint|p1a: Bloon\n|\n|upkeep\n|\n|t:|1698259357\n|switch|p1a: Cheesestring|Gholdengo|100\/100\n|turn|2\n|\n|t:|1698259368\n|move|p2a: Missed a pun|Rage Powder|p2a: Missed a pun\n|-singleturn|p2a: Missed a pun|move: Rage Powder\n|move|p1b: The Meta|Dazzling Gleam|p2b: B.U.L.K.|[spread] p2a,p2b\n|-damage|p2a: Missed a pun|0 fnt\n|-damage|p2b: B.U.L.K.|33\/100\n|replace|p2b: Hisuian Snow|Zoroark-Hisui, F\n|-end|p2b: Hisuian Snow|Illusion\n|faint|p2a: Missed a pun\n|move|p2b: Hisuian Snow|Bitter Malice|p1a: Cheesestring\n|-supereffective|p1a: Cheesestring\n|-damage|p1a: Cheesestring|30\/100\n|-unboost|p1a: Cheesestring|atk|1\n|move|p1a: Cheesestring|Light Screen|p1a: Cheesestring\n|-sidestart|p1: E621^2|move: Light Screen\n|\n|-heal|p1a: Cheesestring|36\/100|[from] item: Leftovers\n|upkeep\n|\n|t:|1698259385\n|switch|p2a: B.U.L.K.|Dusclops, F|100\/100\n|-item|p1a: Cheesestring|Leftovers|[from] ability: Frisk|[of] p2a: B.U.L.K.|[identify]\n|turn|3\n|\n|t:|1698259408\n|move|p1b: The Meta|Protect|p1b: The Meta\n|-singleturn|p1b: The Meta|Protect\n|move|p2b: Hisuian Snow|Bitter Malice|p1a: Cheesestring\n|-supereffective|p1a: Cheesestring\n|-damage|p1a: Cheesestring|0 fnt\n|faint|p1a: Cheesestring\n|move|p2a: B.U.L.K.|Will-O-Wisp|p1b: The Meta\n|-activate|p1b: The Meta|move: Protect\n|\n|upkeep\n|\n|t:|1698259427\n|switch|p1a: Grabbers|Dusclops, F, shiny|100\/100\n|turn|4\n|\n|t:|1698259443\n|-terastallize|p1b: The Meta|Fairy\n|move|p1b: The Meta|Dazzling Gleam|p2a: B.U.L.K.|[spread] p2a,p2b\n|-damage|p2a: B.U.L.K.|72\/100\n|-damage|p2b: Hisuian Snow|0 fnt\n|faint|p2b: Hisuian Snow\n|move|p1a: Grabbers|Nasty Plot|p1a: Grabbers\n|-boost|p1a: Grabbers|spa|2\n|move|p2a: B.U.L.K.|Will-O-Wisp|p1a: Grabbers\n|-status|p1a: Grabbers|brn\n|\n|-damage|p1a: Grabbers|95\/100 brn|[from] brn\n|upkeep\n|j| 4999crabs\n|\n|t:|1698259454\n|switch|p2b: Slash|Ceruledge, F|100\/100\n|turn|5\n|c| 4999crabs|owo\n|\n|t:|1698259476\n|move|p1b: The Meta|Shadow Ball|p2a: B.U.L.K.\n|-supereffective|p2a: B.U.L.K.\n|-damage|p2a: B.U.L.K.|14\/100\n|move|p1a: Grabbers|Shadow Ball|p2b: Slash\n|-supereffective|p2b: Slash\n|-crit|p2b: Slash\n|-enditem|p2b: Slash|Focus Sash\n|-damage|p2b: Slash|1\/100\n|move|p2b: Slash|Bitter Blade|p1a: Grabbers\n|-crit|p1a: Grabbers\n|-damage|p1a: Grabbers|0 fnt\n|-heal|p2b: Slash|41\/100|[from] drain|[of] p1a: Grabbers\n|replace|p1a: The Impostor|Zoroark-Hisui, M\n|-end|p1a: The Impostor|Illusion\n|faint|p1a: The Impostor\n|move|p2a: B.U.L.K.|Haze|p2a: B.U.L.K.\n|-clearallboost\n|\n|upkeep\n|\n|t:|1698259498\n|switch|p1a: Grabbers|Dusclops, F, shiny|100\/100\n|-item|p2a: B.U.L.K.|Eviolite|[from] ability: Frisk|[of] p1a: Grabbers|[identify]\n|turn|6\n|\n|t:|1698259523\n|move|p1a: Grabbers|Ally Switch|p1a: Grabbers\n|swap|p1a: Grabbers|1|[from] move: Ally Switch\n|move|p2b: Slash|Shadow Sneak|p1a: The Meta\n|-damage|p1a: The Meta|55\/100\n|move|p1a: The Meta|Dazzling Gleam|p2a: B.U.L.K.|[spread] p2a,p2b\n|-resisted|p2b: Slash\n|-damage|p2a: B.U.L.K.|0 fnt\n|-damage|p2b: Slash|18\/100\n|faint|p2a: B.U.L.K.\n|\n|-sideend|p1: E621^2|move: Light Screen\n|upkeep\n|\n|t:|1698259534\n|switch|p2a: Meta|Flutter Mane|100\/100\n|-enditem|p2a: Meta|Booster Energy\n|-activate|p2a: Meta|ability: Protosynthesis|[fromitem]\n|-start|p2a: Meta|protosynthesisspa\n|turn|7\n|\n|t:|1698259547\n|-terastallize|p2a: Meta|Fairy\n|move|p1a: The Meta|Protect|p1a: The Meta\n|-singleturn|p1a: The Meta|Protect\n|move|p2b: Slash|Shadow Sneak|p1a: The Meta\n|-activate|p1a: The Meta|move: Protect\n|move|p1b: Grabbers|Sucker Punch||[still]\n|-fail|p1b: Grabbers\n|move|p2a: Meta|Shadow Ball|p1b: Grabbers\n|-supereffective|p1b: Grabbers\n|-damage|p1b: Grabbers|41\/100\n|\n|upkeep\n|turn|8\n|\n|t:|1698259588\n|move|p2b: Slash|Shadow Sneak|p1a: The Meta\n|-damage|p1a: The Meta|13\/100\n|move|p1a: The Meta|Dazzling Gleam|p2a: Meta|[spread] p2a,p2b\n|-resisted|p2b: Slash\n|-damage|p2a: Meta|55\/100\n|-damage|p2b: Slash|0 fnt\n|faint|p2b: Slash\n|move|p2a: Meta|Shadow Ball|p1b: Grabbers\n|-supereffective|p1b: Grabbers\n|-damage|p1b: Grabbers|0 fnt\n|faint|p1b: Grabbers\n|\n|upkeep\n|\n|t:|1698259600\n|switch|p2b: Guile|Dragapult, F|100\/100\n|switch|p1b: Bass Pro|Basculegion, M, shiny|100\/100\n|turn|9\n|\n|t:|1698259624\n|move|p2a: Meta|Protect|p2a: Meta\n|-singleturn|p2a: Meta|Protect\n|move|p2b: Guile|Sucker Punch|p1a: The Meta\n|-resisted|p1a: The Meta\n|-damage|p1a: The Meta|0 fnt\n|faint|p1a: The Meta\n|-end|p1a: The Meta|Protosynthesis|[silent]\n|-damage|p2b: Guile|91\/100|[from] item: Life Orb\n|move|p1b: Bass Pro|Last Respects|p2a: Meta\n|-activate|p2a: Meta|move: Protect\n|\n|upkeep\n|turn|10\n|\n|t:|1698259643\n|move|p2b: Guile|Sucker Punch|p1b: Bass Pro\n|-supereffective|p1b: Bass Pro\n|-damage|p1b: Bass Pro|12\/100\n|-damage|p2b: Guile|81\/100|[from] item: Life Orb\n|move|p2a: Meta|Shadow Ball|p1b: Bass Pro\n|-supereffective|p1b: Bass Pro\n|-damage|p1b: Bass Pro|0 fnt\n|faint|p1b: Bass Pro\n|\n|win|Poke Nerd SW\n|l|\u2606Poke Nerd SW\n","uploadtime":1698259666,"views":16,"p1id":"e6212","p2id":"pokenerdsw","formatid":"gen9nationaldexdoubles","rating":0,"private":0,"password":""}