{"id":"gen9nationaldexdoubles-1978749133","p1":"AutumnCookie","p2":"cassinidivision","format":"[Gen 9] National Dex Doubles","log":"|j|\u2606AutumnCookie\n|j|\u2606cassinidivision\n|t:|1698590536\n|gametype|doubles\n|player|p1|AutumnCookie|ortega|\n|player|p2|cassinidivision|bede|\n|teamsize|p1|5\n|teamsize|p2|6\n|gen|9\n|tier|[Gen 9] National Dex Doubles\n|rule|HP Percentage Mod: HP is shown in percentages\n|rule|Endless Battle Clause: Forcing endless battles is banned\n|rule|OHKO Clause: OHKO moves are banned\n|rule|Evasion Moves Clause: Evasion moves are banned\n|rule|Evasion Abilities Clause: Evasion abilities are banned\n|rule|Species Clause: Limit one of each Pok\u00e9mon\n|rule|Gravity Sleep Clause: The combination of sleep-inducing moves with imperfect accuracy and Gravity or Gigantamax Orbeetle are banned\n|clearpoke\n|poke|p1|Klefki, M|\n|poke|p1|Wigglytuff, M|\n|poke|p1|Hatterene, F|\n|poke|p1|Dachsbun, M|\n|poke|p1|Azumarill, F|\n|poke|p2|Rapidash-Galar, M|\n|poke|p2|Mawile, F|\n|poke|p2|Hatterene, F|\n|poke|p2|Orbeetle, M|\n|poke|p2|Reuniclus, M|\n|poke|p2|Shiinotic, F|\n|teampreview\n|c|\u2606cassinidivision|round threeeeeeee\n|c|\u2606cassinidivision|FIGHT\n|\n|t:|1698590550\n|start\n|switch|p1a: Klefki|Klefki, M, shiny|100\/100\n|switch|p1b: Hatterene|Hatterene, F|100\/100\n|switch|p2a: Reuniclus|Reuniclus, M|100\/100\n|switch|p2b: Rapidash|Rapidash-Galar, M|100\/100\n|turn|1\n|c|\u2606AutumnCookie|Oh shit did anyone get that replay I forgot...\n|c|\u2606cassinidivision|uhm\/\n|c|\u2606AutumnCookie|Hang on gimme a sec\n|c|\u2606cassinidivision|okay so THIS is the canon match\n|c|\u2606AutumnCookie|ONE MORE SEC MY DOG IS OUTSIDE BUT IT STARTED POURING\n|c|\u2606AutumnCookie|Okay back\n|c|\u2606cassinidivision|yayyyyy\n|c|\u2606cassinidivision|is the doggy soggy\n|c|\u2606AutumnCookie|Yes he looks like a drowned rat\n|c|\u2606cassinidivision|SAD!\n|\n|t:|1698590903\n|move|p1a: Klefki|Reflect|p1a: Klefki\n|-sidestart|p1: AutumnCookie|Reflect\n|move|p2b: Rapidash|Hypnosis|p1a: Klefki|[miss]\n|-miss|p2b: Rapidash|p1a: Klefki\n|-enditem|p2b: Rapidash|Blunder Policy\n|-boost|p2b: Rapidash|spe|2\n|move|p1b: Hatterene|Calm Mind|p1b: Hatterene\n|-boost|p1b: Hatterene|spa|1\n|-boost|p1b: Hatterene|spd|1\n|move|p2a: Reuniclus|Light Screen|p2a: Reuniclus\n|-sidestart|p2: cassinidivision|move: Light Screen\n|\n|upkeep\n|turn|2\n|\n|t:|1698590939\n|move|p1a: Klefki|Light Screen|p1a: Klefki\n|-sidestart|p1: AutumnCookie|move: Light Screen\n|move|p2b: Rapidash|Swords Dance|p2b: Rapidash\n|-boost|p2b: Rapidash|atk|2\n|move|p1b: Hatterene|Draining Kiss|p2b: Rapidash\n|-damage|p2b: Rapidash|55\/100\n|move|p2a: Reuniclus|Reflect|p2a: Reuniclus\n|-sidestart|p2: cassinidivision|Reflect\n|\n|upkeep\n|turn|3\n|j| kpoc12\n|l| kpoc12\n|c|\u2606cassinidivision|bro is terrified\n|\n|t:|1698590965\n|move|p1a: Klefki|Spikes|p2b: Rapidash\n|-sidestart|p2: cassinidivision|Spikes\n|move|p2b: Rapidash|Smart Strike|p1b: Hatterene\n|-supereffective|p1b: Hatterene\n|-damage|p1b: Hatterene|39\/100\n|move|p1b: Hatterene|Stored Power|p2b: Rapidash\n|-resisted|p2b: Rapidash\n|-damage|p2b: Rapidash|28\/100\n|move|p2a: Reuniclus|Psychic|p1b: Hatterene\n|-resisted|p1b: Hatterene\n|-damage|p1b: Hatterene|31\/100\n|\n|-heal|p1b: Hatterene|37\/100|[from] item: Leftovers\n|upkeep\n|turn|4\n|j| kpoc12\n|\n|t:|1698590994\n|move|p1a: Klefki|Spikes|p2a: Reuniclus\n|-sidestart|p2: cassinidivision|Spikes\n|move|p2b: Rapidash|Smart Strike|p1b: Hatterene\n|-supereffective|p1b: Hatterene\n|-damage|p1b: Hatterene|0 fnt\n|faint|p1b: Hatterene\n|move|p2a: Reuniclus|Psychic|p1a: Klefki\n|-resisted|p1a: Klefki\n|-damage|p1a: Klefki|85\/100\n|\n|upkeep\n|\n|t:|1698591010\n|switch|p1b: Wigglytuff|Wigglytuff, M|100\/100\n|turn|5\n|\n|t:|1698591030\n|switch|p2a: Hatterene|Hatterene, F|100\/100\n|-damage|p2a: Hatterene|84\/100|[from] Spikes\n|move|p2b: Rapidash|Smart Strike|p1b: Wigglytuff\n|-supereffective|p1b: Wigglytuff\n|-damage|p1b: Wigglytuff|29\/100\n|move|p1b: Wigglytuff|Hyper Voice|p2b: Rapidash|[spread] p2a,p2b\n|-damage|p2a: Hatterene|64\/100\n|-damage|p2b: Rapidash|0 fnt\n|faint|p2b: Rapidash\n|-damage|p1b: Wigglytuff|20\/100|[from] item: Life Orb\n|move|p1a: Klefki|Trick Room|p1a: Klefki\n|-fieldstart|move: Trick Room|[of] p1a: Klefki\n|\n|-heal|p2a: Hatterene|70\/100|[from] item: Leftovers\n|-sideend|p2: cassinidivision|move: Light Screen\n|upkeep\n|\n|t:|1698591035\n|switch|p2b: Mawile|Mawile, F|100\/100\n|-damage|p2b: Mawile|84\/100|[from] Spikes\n|-ability|p2b: Mawile|Intimidate|boost\n|-unboost|p1a: Klefki|atk|1\n|-unboost|p1b: Wigglytuff|atk|1\n|-ability|p1b: Wigglytuff|Competitive|boost\n|-boost|p1b: Wigglytuff|spa|2\n|turn|6\n|\n|t:|1698591061\n|switch|p1a: Dachsbun|Dachsbun, M|100\/100\n|move|p2a: Hatterene|Helping Hand|p2b: Mawile\n|-singleturn|p2b: Mawile|Helping Hand|[of] p2a: Hatterene\n|move|p1b: Wigglytuff|Flamethrower|p1a: Dachsbun\n|-ability|p1a: Dachsbun|Well-Baked Body|boost\n|-boost|p1a: Dachsbun|def|2\n|move|p2b: Mawile|Iron Head|p1b: Wigglytuff\n|-supereffective|p1b: Wigglytuff\n|-damage|p1b: Wigglytuff|0 fnt\n|faint|p1b: Wigglytuff\n|\n|-heal|p2a: Hatterene|76\/100|[from] item: Leftovers\n|-sideend|p2: cassinidivision|Reflect\n|upkeep\n|c|\u2606AutumnCookie|Teehee\n|\n|t:|1698591082\n|switch|p1b: Azumarill|Azumarill, F|100\/100\n|turn|7\n|c|\u2606cassinidivision|teehee........\n|\n|t:|1698591126\n|move|p2a: Hatterene|Helping Hand|p2b: Mawile\n|-singleturn|p2b: Mawile|Helping Hand|[of] p2a: Hatterene\n|move|p2b: Mawile|Iron Head|p1b: Azumarill\n|-damage|p1b: Azumarill|45\/100\n|-enditem|p1b: Azumarill|Sitrus Berry|[eat]\n|-heal|p1b: Azumarill|70\/100|[from] item: Sitrus Berry\n|cant|p1b: Azumarill|flinch\n|move|p1a: Dachsbun|Body Press|p2b: Mawile\n|-damage|p2b: Mawile|10\/100\n|\n|-heal|p2a: Hatterene|82\/100|[from] item: Leftovers\n|upkeep\n|turn|8\n|c|\u2606AutumnCookie|THE FLINCH...\n|c| kpoc12|OOUHHH\n|c|\u2606cassinidivision|EHEHEHE\n|c| kpoc12|julius is watching this so hard\n|\n|t:|1698591158\n|move|p2a: Hatterene|Helping Hand|p2b: Mawile\n|-singleturn|p2b: Mawile|Helping Hand|[of] p2a: Hatterene\n|move|p1b: Azumarill|Aqua Jet|p2b: Mawile\n|-damage|p2b: Mawile|0 fnt\n|faint|p2b: Mawile\n|move|p1a: Dachsbun|Play Rough|p2a: Hatterene|[miss]\n|-miss|p1a: Dachsbun|p2a: Hatterene\n|\n|-heal|p2a: Hatterene|88\/100|[from] item: Leftovers\n|-sideend|p1: AutumnCookie|Reflect\n|upkeep\n|c| kpoc12|in the background\n|c|\u2606cassinidivision|shoulda heal pulsed\n|\n|t:|1698591173\n|switch|p2b: Shiinotic|Shiinotic, F|100\/100\n|-damage|p2b: Shiinotic|84\/100|[from] Spikes\n|turn|9\n|\n|t:|1698591219\n|move|p1b: Azumarill|Aqua Jet|p2a: Hatterene\n|-damage|p2a: Hatterene|62\/100\n|move|p2a: Hatterene|Psychic|p1a: Dachsbun\n|-damage|p1a: Dachsbun|63\/100\n|move|p2b: Shiinotic|Leech Seed|p1b: Azumarill\n|-start|p1b: Azumarill|move: Leech Seed\n|move|p1a: Dachsbun|Yawn|p2b: Shiinotic\n|-start|p2b: Shiinotic|move: Yawn|[of] p1a: Dachsbun\n|\n|-heal|p2a: Hatterene|68\/100|[from] item: Leftovers\n|-heal|p2b: Shiinotic|90\/100|[from] item: Leftovers\n|-heal|p1a: Dachsbun|69\/100|[from] item: Leftovers\n|-damage|p1b: Azumarill|57\/100|[from] Leech Seed|[of] p2b: Shiinotic\n|-heal|p2b: Shiinotic|100\/100|[silent]\n|-sideend|p1: AutumnCookie|move: Light Screen\n|-fieldend|move: Trick Room\n|upkeep\n|turn|10\n|\n|t:|1698591250\n|move|p2a: Hatterene|Helping Hand|p2b: Shiinotic\n|-singleturn|p2b: Shiinotic|Helping Hand|[of] p2a: Hatterene\n|move|p1a: Dachsbun|Play Rough|p2b: Shiinotic\n|-damage|p2b: Shiinotic|66\/100\n|move|p1b: Azumarill|Liquidation|p2a: Hatterene\n|-damage|p2a: Hatterene|6\/100\n|move|p2b: Shiinotic|Giga Drain|p1b: Azumarill\n|-supereffective|p1b: Azumarill\n|-damage|p1b: Azumarill|0 fnt\n|-heal|p2b: Shiinotic|100\/100|[from] drain|[of] p1b: Azumarill\n|faint|p1b: Azumarill\n|\n|-heal|p1a: Dachsbun|75\/100|[from] item: Leftovers\n|-heal|p2a: Hatterene|12\/100|[from] item: Leftovers\n|-end|p2b: Shiinotic|move: Yawn|[silent]\n|-status|p2b: Shiinotic|slp\n|upkeep\n|c|\u2606cassinidivision|YESSSSSS\n|c|\u2606cassinidivision|HAHAHAHA\n|\n|t:|1698591270\n|switch|p1b: Klefki|Klefki, M, shiny|85\/100\n|turn|11\n|c|\u2606AutumnCookie|THE IRON HEAD FLINCH FUCKIN RUINED ME\n|c|\u2606cassinidivision|YASSSSSS\n|c|\u2606cassinidivision|this is so unexpected\n|\n|t:|1698591323\n|move|p1b: Klefki|Light Screen|p1b: Klefki\n|-sidestart|p1: AutumnCookie|move: Light Screen\n|move|p1a: Dachsbun|Wish|p1a: Dachsbun\n|cant|p2b: Shiinotic|slp\n|move|p2a: Hatterene|Psychic|p1a: Dachsbun\n|-damage|p1a: Dachsbun|39\/100\n|\n|-heal|p1a: Dachsbun|45\/100|[from] item: Leftovers\n|-heal|p2a: Hatterene|18\/100|[from] item: Leftovers\n|upkeep\n|turn|12\n|c|\u2606AutumnCookie|Daschbun is gonna be a pain to deal with but I doubt he can sweep\n|c|\u2606cassinidivision|youre chances arent 0\n|\n|t:|1698591358\n|move|p2a: Hatterene|Helping Hand|p2b: Shiinotic\n|-singleturn|p2b: Shiinotic|Helping Hand|[of] p2a: Hatterene\n|move|p1b: Klefki|Reflect|p1b: Klefki\n|-sidestart|p1: AutumnCookie|Reflect\n|move|p1a: Dachsbun|Body Press|p2a: Hatterene\n|-resisted|p2a: Hatterene\n|-damage|p2a: Hatterene|4\/100\n|cant|p2b: Shiinotic|slp\n|\n|-heal|p1a: Dachsbun|95\/100|[from] move: Wish|[wisher] Dachsbun\n|-heal|p1a: Dachsbun|100\/100|[from] item: Leftovers\n|-heal|p2a: Hatterene|10\/100|[from] item: Leftovers\n|upkeep\n|turn|13\n|c|\u2606AutumnCookie|Bede realizing here that this Klefki has. No attacking moves .\n|\n|t:|1698591414\n|move|p2a: Hatterene|Helping Hand|p2b: Shiinotic\n|-singleturn|p2b: Shiinotic|Helping Hand|[of] p2a: Hatterene\n|move|p1b: Klefki|Spikes|p2b: Shiinotic\n|move|p2a: Hatterene|Spikes|p1b: Klefki|[from]ability: Magic Bounce\n|-sidestart|p1: AutumnCookie|Spikes\n|move|p1a: Dachsbun|Play Rough|p2b: Shiinotic\n|-damage|p2b: Shiinotic|67\/100 slp\n|cant|p2b: Shiinotic|slp\n|\n|-heal|p2b: Shiinotic|73\/100 slp|[from] item: Leftovers\n|-heal|p2a: Hatterene|16\/100|[from] item: Leftovers\n|upkeep\n|turn|14\n|c|\u2606cassinidivision|YEAH\n|c|\u2606cassinidivision|hes so not worried\n|\n|t:|1698591440\n|move|p2a: Hatterene|Helping Hand|p2b: Shiinotic\n|-singleturn|p2b: Shiinotic|Helping Hand|[of] p2a: Hatterene\n|move|p1b: Klefki|Spikes|p2a: Hatterene\n|move|p2a: Hatterene|Spikes|p1b: Klefki|[from]ability: Magic Bounce\n|-sidestart|p1: AutumnCookie|Spikes\n|move|p1a: Dachsbun|Play Rough|p2a: Hatterene\n|-damage|p2a: Hatterene|0 fnt\n|faint|p2a: Hatterene\n|-curestatus|p2b: Shiinotic|slp|[msg]\n|move|p2b: Shiinotic|Giga Drain|p1a: Dachsbun\n|-damage|p1a: Dachsbun|68\/100\n|-heal|p2b: Shiinotic|89\/100|[from] drain|[of] p1a: Dachsbun\n|\n|-heal|p1a: Dachsbun|74\/100|[from] item: Leftovers\n|-heal|p2b: Shiinotic|95\/100|[from] item: Leftovers\n|upkeep\n|\n|t:|1698591455\n|switch|p2a: Orbeetle|Orbeetle, M|100\/100\n|-damage|p2a: Orbeetle|84\/100|[from] Spikes\n|-item|p1a: Dachsbun|Leftovers|[from] ability: Frisk|[of] p2a: Orbeetle|[identify]\n|-item|p1b: Klefki|Light Clay|[from] ability: Frisk|[of] p2a: Orbeetle|[identify]\n|turn|15\n|\n|t:|1698591475\n|move|p1b: Klefki|Spikes|p2b: Shiinotic\n|-sidestart|p2: cassinidivision|Spikes\n|move|p2a: Orbeetle|Calm Mind|p2a: Orbeetle\n|-boost|p2a: Orbeetle|spa|1\n|-boost|p2a: Orbeetle|spd|1\n|move|p1a: Dachsbun|Yawn|p2b: Shiinotic\n|-start|p2b: Shiinotic|move: Yawn|[of] p1a: Dachsbun\n|move|p2b: Shiinotic|Leech Seed|p1a: Dachsbun\n|-start|p1a: Dachsbun|move: Leech Seed\n|\n|-heal|p2a: Orbeetle|90\/100|[from] item: Leftovers\n|-heal|p1a: Dachsbun|80\/100|[from] item: Leftovers\n|-heal|p2b: Shiinotic|100\/100|[from] item: Leftovers\n|-damage|p1a: Dachsbun|68\/100|[from] Leech Seed|[of] p2b: Shiinotic\n|upkeep\n|turn|16\n|c|\u2606cassinidivision|that flinch saved me\n|c|\u2606cassinidivision|now i know azumails weakness\n|c|\u2606AutumnCookie|Should've Yawned Orbeetle instead...\n|l|\u2606AutumnCookie\n|player|p1|\n|j|\u2606AutumnCookie\n|player|p1|AutumnCookie|ortega\n|n|\u2606AutumnCookie|autumncookie\n|\n|t:|1698591534\n|move|p1b: Klefki|Light Screen||[still]\n|-fail|p1b: Klefki\n|move|p2a: Orbeetle|Calm Mind|p2a: Orbeetle\n|-boost|p2a: Orbeetle|spa|1\n|-boost|p2a: Orbeetle|spd|1\n|move|p1a: Dachsbun|Wish|p1a: Dachsbun\n|move|p2b: Shiinotic|Giga Drain|p1a: Dachsbun\n|-damage|p1a: Dachsbun|49\/100\n|\n|-heal|p2a: Orbeetle|96\/100|[from] item: Leftovers\n|-heal|p1a: Dachsbun|55\/100|[from] item: Leftovers\n|-damage|p1a: Dachsbun|43\/100|[from] Leech Seed|[of] p2b: Shiinotic\n|-end|p2b: Shiinotic|move: Yawn|[silent]\n|-status|p2b: Shiinotic|slp\n|upkeep\n|turn|17\n|\n|t:|1698591554\n|move|p1b: Klefki|Light Screen||[still]\n|-fail|p1b: Klefki\n|move|p2a: Orbeetle|Bug Buzz|p1a: Dachsbun\n|-resisted|p1a: Dachsbun\n|-damage|p1a: Dachsbun|19\/100\n|move|p1a: Dachsbun|Play Rough|p2a: Orbeetle\n|-damage|p2a: Orbeetle|72\/100\n|cant|p2b: Shiinotic|slp\n|\n|-heal|p1a: Dachsbun|69\/100|[from] move: Wish|[wisher] Dachsbun\n|-heal|p2a: Orbeetle|78\/100|[from] item: Leftovers\n|-heal|p1a: Dachsbun|75\/100|[from] item: Leftovers\n|-damage|p1a: Dachsbun|63\/100|[from] Leech Seed|[of] p2b: Shiinotic\n|upkeep\n|turn|18\n|\n|t:|1698591581\n|move|p1b: Klefki|Light Screen||[still]\n|-fail|p1b: Klefki\n|move|p2a: Orbeetle|Calm Mind|p2a: Orbeetle\n|-boost|p2a: Orbeetle|spa|1\n|-boost|p2a: Orbeetle|spd|1\n|move|p1a: Dachsbun|Wish|p1a: Dachsbun\n|cant|p2b: Shiinotic|slp\n|\n|-heal|p2a: Orbeetle|84\/100|[from] item: Leftovers\n|-heal|p1a: Dachsbun|69\/100|[from] item: Leftovers\n|-damage|p1a: Dachsbun|57\/100|[from] Leech Seed|[of] p2b: Shiinotic\n|-sideend|p1: AutumnCookie|move: Light Screen\n|upkeep\n|turn|19\n|c| kpoc12|sorry the plotwist of this show just made my jaw deop\n|c| kpoc12|drop\n|c| kpoc12|fg\n|c|\u2606cassinidivision|deop\n|\n|t:|1698591606\n|move|p1b: Klefki|Light Screen|p1b: Klefki\n|-sidestart|p1: AutumnCookie|move: Light Screen\n|move|p2a: Orbeetle|Calm Mind|p2a: Orbeetle\n|-boost|p2a: Orbeetle|spa|1\n|-boost|p2a: Orbeetle|spd|1\n|move|p1a: Dachsbun|Play Rough|p2a: Orbeetle\n|-damage|p2a: Orbeetle|58\/100\n|cant|p2b: Shiinotic|slp\n|\n|-heal|p1a: Dachsbun|100\/100|[from] move: Wish|[wisher] Dachsbun\n|-heal|p2a: Orbeetle|64\/100|[from] item: Leftovers\n|-damage|p1a: Dachsbun|88\/100|[from] Leech Seed|[of] p2b: Shiinotic\n|-sideend|p1: AutumnCookie|Reflect\n|upkeep\n|turn|20\n|\n|t:|1698591632\n|move|p1b: Klefki|Reflect|p1b: Klefki\n|-sidestart|p1: AutumnCookie|Reflect\n|move|p2a: Orbeetle|Calm Mind|p2a: Orbeetle\n|-boost|p2a: Orbeetle|spa|1\n|-boost|p2a: Orbeetle|spd|1\n|move|p1a: Dachsbun|Wish|p1a: Dachsbun\n|-curestatus|p2b: Shiinotic|slp|[msg]\n|move|p2b: Shiinotic|Giga Drain|p1a: Dachsbun\n|-damage|p1a: Dachsbun|68\/100\n|\n|-heal|p2a: Orbeetle|71\/100|[from] item: Leftovers\n|-heal|p1a: Dachsbun|74\/100|[from] item: Leftovers\n|-damage|p1a: Dachsbun|62\/100|[from] Leech Seed|[of] p2b: Shiinotic\n|upkeep\n|turn|21\n|\n|t:|1698591653\n|move|p1b: Klefki|Light Screen||[still]\n|-fail|p1b: Klefki\n|move|p2a: Orbeetle|Bug Buzz|p1a: Dachsbun\n|-resisted|p1a: Dachsbun\n|-damage|p1a: Dachsbun|26\/100\n|move|p1a: Dachsbun|Yawn|p2a: Orbeetle\n|-start|p2a: Orbeetle|move: Yawn|[of] p1a: Dachsbun\n|move|p2b: Shiinotic|Giga Drain|p1a: Dachsbun\n|-damage|p1a: Dachsbun|6\/100\n|\n|-heal|p1a: Dachsbun|56\/100|[from] move: Wish|[wisher] Dachsbun\n|-heal|p2a: Orbeetle|77\/100|[from] item: Leftovers\n|-heal|p1a: Dachsbun|62\/100|[from] item: Leftovers\n|-damage|p1a: Dachsbun|50\/100|[from] Leech Seed|[of] p2b: Shiinotic\n|upkeep\n|turn|22\n|\n|t:|1698591674\n|move|p1b: Klefki|Reflect||[still]\n|-fail|p1b: Klefki\n|move|p2a: Orbeetle|Bug Buzz|p1a: Dachsbun\n|-resisted|p1a: Dachsbun\n|-damage|p1a: Dachsbun|14\/100\n|move|p1a: Dachsbun|Wish|p1a: Dachsbun\n|move|p2b: Shiinotic|Giga Drain|p1a: Dachsbun\n|-damage|p1a: Dachsbun|0 fnt\n|faint|p1a: Dachsbun\n|\n|-heal|p2a: Orbeetle|83\/100|[from] item: Leftovers\n|-end|p2a: Orbeetle|move: Yawn|[silent]\n|-status|p2a: Orbeetle|slp\n|upkeep\n|turn|23\n|c|\u2606cassinidivision|this things just annoying\n|c|\u2606AutumnCookie|So sad.\n|c|\u2606AutumnCookie|YEAH IT'S JUST OBNOXIOUS.\n|c|\u2606cassinidivision|thiswas so unexpected\n|\n|t:|1698591699\n|move|p1b: Klefki|Spikes||[still]\n|-fail|p1b: Klefki\n|cant|p2a: Orbeetle|slp\n|move|p2b: Shiinotic|Giga Drain|p1b: Klefki\n|-resisted|p1b: Klefki\n|-damage|p1b: Klefki|75\/100\n|\n|-heal|p2a: Orbeetle|89\/100 slp|[from] item: Leftovers\n|upkeep\n|turn|24\n|c|\u2606cassinidivision|like i didnt think i COULD win\n|\n|t:|1698591712\n|move|p1b: Klefki|Reflect||[still]\n|-fail|p1b: Klefki\n|cant|p2a: Orbeetle|slp\n|move|p2b: Shiinotic|Giga Drain|p1b: Klefki\n|-resisted|p1b: Klefki\n|-damage|p1b: Klefki|67\/100\n|\n|-heal|p2a: Orbeetle|95\/100 slp|[from] item: Leftovers\n|upkeep\n|turn|25\n|c|\u2606AutumnCookie|YEAH\n|c|\u2606AutumnCookie|This is just obnoxious now...\n|\n|t:|1698591733\n|move|p1b: Klefki|Spikes||[still]\n|-fail|p1b: Klefki\n|cant|p2a: Orbeetle|slp\n|move|p2b: Shiinotic|Giga Drain|p1b: Klefki\n|-resisted|p1b: Klefki\n|-damage|p1b: Klefki|57\/100\n|\n|-heal|p2a: Orbeetle|100\/100 slp|[from] item: Leftovers\n|upkeep\n|turn|26\n|\n|t:|1698591748\n|move|p1b: Klefki|Spikes||[still]\n|-fail|p1b: Klefki\n|-curestatus|p2a: Orbeetle|slp|[msg]\n|move|p2a: Orbeetle|Bug Buzz|p1b: Klefki\n|-resisted|p1b: Klefki\n|-damage|p1b: Klefki|38\/100\n|move|p2b: Shiinotic|Giga Drain|p1b: Klefki\n|-resisted|p1b: Klefki\n|-damage|p1b: Klefki|29\/100\n|\n|-sideend|p1: AutumnCookie|move: Light Screen\n|upkeep\n|turn|27\n|\n|t:|1698591764\n|move|p1b: Klefki|Light Screen|p1b: Klefki\n|-sidestart|p1: AutumnCookie|move: Light Screen\n|move|p2a: Orbeetle|Bug Buzz|p1b: Klefki\n|-resisted|p1b: Klefki\n|-damage|p1b: Klefki|11\/100\n|move|p2b: Shiinotic|Giga Drain|p1b: Klefki\n|-resisted|p1b: Klefki\n|-damage|p1b: Klefki|1\/100\n|\n|-sideend|p1: AutumnCookie|Reflect\n|upkeep\n|turn|28\n|c|\u2606cassinidivision|HA\n|c|\u2606cassinidivision|1\n|\n|t:|1698591775\n|move|p1b: Klefki|Reflect|p1b: Klefki\n|-sidestart|p1: AutumnCookie|Reflect\n|move|p2a: Orbeetle|Bug Buzz|p1b: Klefki\n|-resisted|p1b: Klefki\n|-damage|p1b: Klefki|0 fnt\n|faint|p1b: Klefki\n|\n|win|cassinidivision\n|c|\u2606cassinidivision|hehehe\n|c| kpoc12|DOES THIS KLEFKI HAVE NO ATKING MOVES\n|c|\u2606cassinidivision|okay i know how they cna still beef\n|c|\u2606AutumnCookie|IT DOES NOT !\n|c|\u2606AutumnCookie|NOT IN DOUBLES.\n|c|\u2606AutumnCookie|Ortega is absolutely gonna demand a rematch...\n","uploadtime":1698591820,"views":8,"p1id":"autumncookie","p2id":"cassinidivision","formatid":"gen9nationaldexdoubles","rating":0,"private":0,"password":""}