{"id":"gen9nationaldexdoubles-1980306207","p1":"Turo's assistant","p2":"Sorry Cant Type","format":"[Gen 9] National Dex Doubles","log":"|j|\u2606Turo's assistant\n|j|\u2606Sorry Cant Type\n|t:|1698773974\n|gametype|doubles\n|player|p1|Turo's assistant|acerola-masters|1191\n|player|p2|Sorry Cant Type|cameraman|1050\n|teamsize|p1|6\n|teamsize|p2|6\n|gen|9\n|tier|[Gen 9] National Dex Doubles\n|rated|\n|rule|HP Percentage Mod: HP is shown in percentages\n|rule|Endless Battle Clause: Forcing endless battles is banned\n|rule|OHKO Clause: OHKO moves are banned\n|rule|Evasion Moves Clause: Evasion moves are banned\n|rule|Evasion Abilities Clause: Evasion abilities are banned\n|rule|Species Clause: Limit one of each Pok\u00e9mon\n|rule|Gravity Sleep Clause: The combination of sleep-inducing moves with imperfect accuracy and Gravity or Gigantamax Orbeetle are banned\n|clearpoke\n|poke|p1|Dusclops, F|\n|poke|p1|Gourgeist-*, M|\n|poke|p1|Cursola, M|\n|poke|p1|Mimikyu, M|\n|poke|p1|Chandelure, F|\n|poke|p1|Banette, M|\n|poke|p2|Ninetales-Alola, M|\n|poke|p2|Toxtricity-Low-Key, M|\n|poke|p2|Sinistcha|\n|poke|p2|Murkrow, M|\n|poke|p2|Emboar, F|\n|poke|p2|Sharpedo, F|\n|teampreview\n|inactive|Battle timer is ON: inactive players will automatically lose when time's up. (requested by Turo's assistant)\n|\n|t:|1698773995\n|start\n|switch|p1a: Gourgeist|Gourgeist-Super, M|100\/100\n|switch|p1b: Mimikyu|Mimikyu, M|100\/100\n|switch|p2a: Sharpedo|Sharpedo, F|100\/100\n|switch|p2b: Sinistcha|Sinistcha|100\/100\n|turn|1\n|\n|t:|1698774006\n|move|p2a: Sharpedo|Protect|p2a: Sharpedo\n|-singleturn|p2a: Sharpedo|Protect\n|move|p1a: Gourgeist|Ally Switch|p1a: Gourgeist\n|swap|p1a: Gourgeist|1|[from] move: Ally Switch\n|move|p1a: Mimikyu|Swords Dance|p1a: Mimikyu\n|-boost|p1a: Mimikyu|atk|2\n|move|p2b: Sinistcha|Shadow Ball|p1b: Gourgeist\n|-supereffective|p1b: Gourgeist\n|-damage|p1b: Gourgeist|48\/100\n|\n|-ability|p2a: Sharpedo|Speed Boost|boost\n|-boost|p2a: Sharpedo|spe|1\n|upkeep\n|turn|2\n|\n|t:|1698774038\n|detailschange|p2a: Sharpedo|Sharpedo-Mega, F\n|-mega|p2a: Sharpedo|Sharpedo|Sharpedonite\n|move|p2a: Sharpedo|Crunch|p1a: Mimikyu\n|-activate|p1a: Mimikyu|ability: Disguise\n|-damage|p1a: Mimikyu|100\/100\n|detailschange|p1a: Mimikyu|Mimikyu-Busted, M\n|-damage|p1a: Mimikyu|88\/100|[from] pokemon: Mimikyu-Busted\n|move|p1a: Mimikyu|Play Rough|p2a: Sharpedo\n|-supereffective|p2a: Sharpedo\n|-damage|p2a: Sharpedo|0 fnt\n|faint|p2a: Sharpedo\n|-damage|p1a: Mimikyu|78\/100|[from] item: Life Orb\n|move|p2b: Sinistcha|Shadow Ball|p1b: Gourgeist\n|-supereffective|p1b: Gourgeist\n|-damage|p1b: Gourgeist|0 fnt\n|faint|p1b: Gourgeist\n|\n|upkeep\n|\n|t:|1698774064\n|switch|p2a: Toxtricity|Toxtricity-Low-Key, M, shiny|100\/100\n|switch|p1b: Chandelure|Chandelure, F|100\/100\n|turn|3\n|\n|t:|1698774078\n|move|p2a: Toxtricity|Volt Switch|p1a: Mimikyu\n|-damage|p1a: Mimikyu|15\/100\n|\n|t:|1698774082\n|switch|p2a: Ninetales|Ninetales-Alola, M|100\/100|[from] Volt Switch\n|-weather|Snow|[from] ability: Snow Warning|[of] p2a: Ninetales\n|move|p2b: Sinistcha|Matcha Gotcha|p1a: Mimikyu|[spread] p1a,p1b\n|-resisted|p1b: Chandelure\n|-damage|p1a: Mimikyu|0 fnt\n|-damage|p1b: Chandelure|87\/100\n|faint|p1a: Mimikyu\n|move|p1b: Chandelure|Heat Wave|p2b: Sinistcha|[spread] p2a,p2b\n|-supereffective|p2a: Ninetales\n|-supereffective|p2b: Sinistcha\n|-damage|p2a: Ninetales|0 fnt\n|-damage|p2b: Sinistcha|0 fnt\n|faint|p2a: Ninetales\n|faint|p2b: Sinistcha\n|\n|-weather|Snow|[upkeep]\n|upkeep\n|\n|t:|1698774097\n|switch|p2a: Emboar|Emboar, F, shiny|100\/100\n|switch|p1a: Dusclops|Dusclops, F|100\/100\n|switch|p2b: Toxtricity|Toxtricity-Low-Key, M, shiny|100\/100\n|-item|p2a: Emboar|Leftovers|[from] ability: Frisk|[of] p1a: Dusclops|[identify]\n|-item|p2b: Toxtricity|Choice Specs|[from] ability: Frisk|[of] p1a: Dusclops|[identify]\n|turn|4\n|\n|t:|1698774123\n|-terastallize|p2a: Emboar|Dark\n|-terastallize|p1b: Chandelure|Fire\n|move|p2a: Emboar|Sucker Punch|p1b: Chandelure\n|-damage|p1b: Chandelure|30\/100\n|move|p2b: Toxtricity|Overdrive|p1b: Chandelure|[spread] p1a,p1b\n|-damage|p1a: Dusclops|59\/100\n|-damage|p1b: Chandelure|0 fnt\n|faint|p1b: Chandelure\n|move|p1a: Dusclops|Trick Room|p1a: Dusclops\n|-fieldstart|move: Trick Room|[of] p1a: Dusclops\n|\n|-weather|Snow|[upkeep]\n|upkeep\n|\n|t:|1698774139\n|switch|p1b: Banette|Banette, M|100\/100\n|turn|5\n|\n|t:|1698774147\n|detailschange|p1b: Banette|Banette-Mega, M\n|-mega|p1b: Banette|Banette|Banettite\n|move|p1a: Dusclops|Will-O-Wisp|p2a: Emboar\n|-status|p2a: Emboar|brn\n|move|p1b: Banette|Poltergeist|p2b: Toxtricity\n|-activate|p2b: Toxtricity|move: Poltergeist|Choice Specs\n|-damage|p2b: Toxtricity|9\/100\n|move|p2a: Emboar|Flare Blitz|p1a: Dusclops\n|-damage|p1a: Dusclops|40\/100\n|-damage|p2a: Emboar|96\/100 brn|[from] Recoil\n|move|p2b: Toxtricity|Overdrive|p1b: Banette|[spread] p1a,p1b\n|-damage|p1a: Dusclops|3\/100\n|-damage|p1b: Banette|22\/100\n|\n|-weather|Snow|[upkeep]\n|-heal|p2a: Emboar|100\/100 brn|[from] item: Leftovers\n|-damage|p2a: Emboar|94\/100 brn|[from] brn\n|upkeep\n|turn|6\n|\n|t:|1698774173\n|move|p2a: Emboar|Sucker Punch||[still]\n|-fail|p2a: Emboar\n|move|p1a: Dusclops|Pain Split|p2a: Emboar\n|-sethp|p2a: Emboar|48\/100 brn|[from] move: Pain Split|[silent]\n|-sethp|p1a: Dusclops|71\/100|[from] move: Pain Split\n|move|p1b: Banette|Knock Off|p2b: Toxtricity\n|-damage|p2b: Toxtricity|0 fnt\n|-enditem|p2b: Toxtricity|Choice Specs|[from] move: Knock Off|[of] p1b: Banette\n|faint|p2b: Toxtricity\n|\n|-weather|Snow|[upkeep]\n|-heal|p2a: Emboar|54\/100 brn|[from] item: Leftovers\n|-damage|p2a: Emboar|48\/100 brn|[from] brn\n|upkeep\n|\n|t:|1698774186\n|switch|p2b: Murkrow|Murkrow, M|100\/100\n|turn|7\n|\n|t:|1698774201\n|move|p2a: Emboar|Sucker Punch|p1b: Banette\n|-supereffective|p1b: Banette\n|-damage|p1b: Banette|0 fnt\n|faint|p1b: Banette\n|move|p1a: Dusclops|Night Shade|p2a: Emboar\n|-damage|p2a: Emboar|24\/100 brn\n|move|p2b: Murkrow|Foul Play|p1a: Dusclops\n|-supereffective|p1a: Dusclops\n|-damage|p1a: Dusclops|52\/100\n|\n|-weather|none\n|-heal|p2a: Emboar|31\/100 brn|[from] item: Leftovers\n|-damage|p2a: Emboar|24\/100 brn|[from] brn\n|upkeep\n|\n|t:|1698774206\n|switch|p1b: Cursola|Cursola, M|100\/100\n|turn|8\n|\n|t:|1698774226\n|move|p2a: Emboar|Sucker Punch||[still]\n|-fail|p2a: Emboar\n|move|p1a: Dusclops|Pain Split|p2b: Murkrow\n|-sethp|p2b: Murkrow|73\/100|[from] move: Pain Split|[silent]\n|-sethp|p1a: Dusclops|83\/100|[from] move: Pain Split\n|move|p1b: Cursola|Meteor Beam||[still]\n|-prepare|p1b: Cursola|Meteor Beam\n|-boost|p1b: Cursola|spa|1\n|-enditem|p1b: Cursola|Power Herb\n|-anim|p1b: Cursola|Meteor Beam|p2a: Emboar\n|-damage|p2a: Emboar|0 fnt\n|faint|p2a: Emboar\n|move|p2b: Murkrow|Foul Play|p1a: Dusclops\n|-supereffective|p1a: Dusclops\n|-damage|p1a: Dusclops|64\/100\n|\n|-fieldend|move: Trick Room\n|upkeep\n|turn|9\n|\n|t:|1698774241\n|move|p2b: Murkrow|Foul Play|p1b: Cursola\n|-supereffective|p1b: Cursola\n|-damage|p1b: Cursola|29\/100\n|-ability|p1b: Cursola|Perish Body\n|move|p1b: Cursola|Ice Beam|p2b: Murkrow\n|-supereffective|p2b: Murkrow\n|-damage|p2b: Murkrow|0 fnt\n|faint|p2b: Murkrow\n|\n|win|Turo's assistant\n|raw|Turo&apos;s assistant's rating: 1191 &rarr; <strong>1206<\/strong><br \/>(+15 for winning)\n|raw|Sorry Cant Type's rating: 1050 &rarr; <strong>1039<\/strong><br \/>(-11 for losing)\n|c|\u2606Turo's assistant|ggs\n|l|\u2606Sorry Cant Type\n","uploadtime":1698774255,"views":11,"p1id":"turosassistant","p2id":"sorrycanttype","formatid":"gen9nationaldexdoubles","rating":1039,"private":0,"password":""}