{"id":"gen9nationaldexdoubles-1956234364","p1":"Paldea Athens 420","p2":"wu liao de lan gou","format":"[Gen 9] National Dex Doubles","log":"|j|\u2606Paldea Athens 420\n|j|\u2606wu liao de lan gou\n|t:|1696088154\n|gametype|doubles\n|player|p1|Paldea Athens 420|volo|1464\n|player|p2|wu liao de lan gou|marnie|1522\n|teamsize|p1|6\n|teamsize|p2|6\n|gen|9\n|tier|[Gen 9] National Dex Doubles\n|rated|\n|rule|HP Percentage Mod: HP is shown in percentages\n|rule|Endless Battle Clause: Forcing endless battles is banned\n|rule|OHKO Clause: OHKO moves are banned\n|rule|Evasion Moves Clause: Evasion moves are banned\n|rule|Evasion Abilities Clause: Evasion abilities are banned\n|rule|Species Clause: Limit one of each Pok\u00e9mon\n|rule|Gravity Sleep Clause: The combination of sleep-inducing moves with imperfect accuracy and Gravity or Gigantamax Orbeetle are banned\n|clearpoke\n|poke|p1|Iron Hands|\n|poke|p1|Sableye, M|\n|poke|p1|Mawile, M|\n|poke|p1|Mew|\n|poke|p1|Tapu Lele|\n|poke|p1|Flutter Mane|\n|poke|p2|Salamence, F|\n|poke|p2|Volcanion|\n|poke|p2|Sinistcha|\n|poke|p2|Cresselia, F|\n|poke|p2|Tornadus, M|\n|poke|p2|Gallade, M|\n|teampreview\n|inactive|Battle timer is ON: inactive players will automatically lose when time's up. (requested by Paldea Athens 420)\n|c|\u2606Paldea Athens 420|konnichi wa\n|\n|t:|1696088169\n|start\n|switch|p1a: Sableye|Sableye, M|100\/100\n|switch|p1b: Mew|Mew|100\/100\n|switch|p2a: Tornadus|Tornadus, M|100\/100\n|switch|p2b: Cresselia|Cresselia, F|100\/100\n|turn|1\n|\n|t:|1696088189\n|-terastallize|p1b: Mew|Dark\n|move|p2a: Tornadus|Taunt|p1b: Mew\n|-hint|Since gen 7, Dark is immune to Prankster moves.\n|-immune|p1b: Mew\n|move|p1a: Sableye|Taunt|p2b: Cresselia\n|-start|p2b: Cresselia|move: Taunt\n|move|p1b: Mew|Cosmic Power|p1b: Mew\n|-boost|p1b: Mew|def|1\n|-boost|p1b: Mew|spd|1\n|move|p2b: Cresselia|Moonblast|p1a: Sableye\n|-supereffective|p1a: Sableye\n|-damage|p1a: Sableye|66\/100\n|\n|upkeep\n|turn|2\n|\n|t:|1696088207\n|switch|p2a: Gallade|Gallade, M|100\/100\n|move|p1a: Sableye|Skill Swap|p1b: Mew\n|-activate|p1a: Sableye|move: Skill Swap|||[of] p1b: Mew\n|move|p1b: Mew|Cosmic Power|p1b: Mew\n|-boost|p1b: Mew|def|1\n|-boost|p1b: Mew|spd|1\n|move|p2b: Cresselia|Moonblast|p1a: Sableye\n|-supereffective|p1a: Sableye\n|-crit|p1a: Sableye\n|-damage|p1a: Sableye|14\/100\n|-unboost|p1a: Sableye|spa|1\n|\n|upkeep\n|turn|3\n|\n|t:|1696088222\n|move|p1b: Mew|Cosmic Power|p1b: Mew\n|-boost|p1b: Mew|def|1\n|-boost|p1b: Mew|spd|1\n|move|p2b: Cresselia|Moonblast|p1b: Mew\n|-supereffective|p1b: Mew\n|-damage|p1b: Mew|90\/100\n|-unboost|p1b: Mew|spa|1\n|move|p2a: Gallade|Sacred Sword|p1b: Mew\n|-supereffective|p1b: Mew\n|-damage|p1b: Mew|0 fnt\n|faint|p1b: Mew\n|-damage|p2a: Gallade|91\/100|[from] item: Life Orb\n|move|p1a: Sableye|Foul Play|p2a: Gallade\n|-damage|p2a: Gallade|16\/100\n|\n|-end|p2b: Cresselia|move: Taunt\n|upkeep\n|\n|t:|1696088238\n|switch|p1b: Flutter Mane|Flutter Mane|100\/100\n|-enditem|p1b: Flutter Mane|Booster Energy\n|-activate|p1b: Flutter Mane|ability: Protosynthesis|[fromitem]\n|-start|p1b: Flutter Mane|protosynthesisspe\n|turn|4\n|\n|t:|1696088246\n|move|p2a: Gallade|Protect|p2a: Gallade\n|-singleturn|p2a: Gallade|Protect\n|move|p1b: Flutter Mane|Dazzling Gleam|p2b: Cresselia|[spread] p2b\n|-activate|p2a: Gallade|move: Protect\n|-damage|p2b: Cresselia|79\/100\n|move|p2b: Cresselia|Moonblast|p1a: Sableye\n|-supereffective|p1a: Sableye\n|-damage|p1a: Sableye|0 fnt\n|faint|p1a: Sableye\n|\n|upkeep\n|\n|t:|1696088253\n|switch|p1a: Iron Hands|Iron Hands|100\/100\n|-enditem|p1a: Iron Hands|Booster Energy\n|-activate|p1a: Iron Hands|ability: Quark Drive|[fromitem]\n|-start|p1a: Iron Hands|quarkdriveatk\n|turn|5\n|c|\u2606Paldea Athens 420|!data sacred sword\n|raw|<ul class=\"utilichart\"><li class=\"result\"><span class=\"col movenamecol\"><a href=\"https:\/\/dex.pokemonshowdown.com\/moves\/sacredsword\">Sacred Sword<\/a><\/span> <span class=\"col typecol\"><img src=\"\/\/play.pokemonshowdown.com\/sprites\/types\/Fighting.png\" alt=\"Fighting\" width=\"32\" height=\"14\"><img src=\"\/\/play.pokemonshowdown.com\/sprites\/categories\/Physical.png\" alt=\"Physical\" width=\"32\" height=\"14\"><\/span> <span class=\"col labelcol\"><em>Power<\/em><br>90<\/span> <span class=\"col widelabelcol\"><em>Accuracy<\/em><br>100%<\/span> <span class=\"col pplabelcol\"><em>PP<\/em><br>24<\/span> <span class=\"col movedesccol\">Ignores the target's stat stage changes.<\/span> <\/li><li style=\"clear:both\"><\/li><\/ul>\n\n|\n|t:|1696088276\n|move|p1b: Flutter Mane|Dazzling Gleam|p2a: Gallade|[spread] p2a,p2b\n|-supereffective|p2a: Gallade\n|-damage|p2a: Gallade|0 fnt\n|-damage|p2b: Cresselia|58\/100\n|faint|p2a: Gallade\n|move|p2b: Cresselia|Moonblast|p1b: Flutter Mane\n|-damage|p1b: Flutter Mane|81\/100\n|-unboost|p1b: Flutter Mane|spa|1\n|move|p1a: Iron Hands|Swords Dance|p1a: Iron Hands\n|-boost|p1a: Iron Hands|atk|2\n|\n|upkeep\n|\n|t:|1696088290\n|switch|p2a: Volcanion|Volcanion|100\/100\n|turn|6\n|\n|t:|1696088300\n|-terastallize|p2a: Volcanion|Ground\n|move|p2b: Cresselia|Helping Hand|p2a: Volcanion\n|-singleturn|p2a: Volcanion|Helping Hand|[of] p2b: Cresselia\n|move|p1b: Flutter Mane|Shadow Ball|p2b: Cresselia\n|-supereffective|p2b: Cresselia\n|-damage|p2b: Cresselia|22\/100\n|move|p2a: Volcanion|Steam Eruption|p1b: Flutter Mane\n|-damage|p1b: Flutter Mane|0 fnt\n|faint|p1b: Flutter Mane\n|-end|p1b: Flutter Mane|Protosynthesis|[silent]\n|move|p1a: Iron Hands|Thunder Punch|p2a: Volcanion\n|-immune|p2a: Volcanion\n|\n|upkeep\n|\n|t:|1696088309\n|switch|p1b: Tapu Lele|Tapu Lele|100\/100\n|-fieldstart|move: Psychic Terrain|[from] ability: Psychic Surge|[of] p1b: Tapu Lele\n|turn|7\n|\n|t:|1696088317\n|move|p2b: Cresselia|Helping Hand|p2a: Volcanion\n|-singleturn|p2a: Volcanion|Helping Hand|[of] p2b: Cresselia\n|move|p1b: Tapu Lele|Psychic|p2a: Volcanion\n|-damage|p2a: Volcanion|59\/100\n|move|p2a: Volcanion|Earth Power|p1a: Iron Hands\n|-supereffective|p1a: Iron Hands\n|-crit|p1a: Iron Hands\n|-damage|p1a: Iron Hands|0 fnt\n|faint|p1a: Iron Hands\n|-end|p1a: Iron Hands|Quark Drive|[silent]\n|\n|upkeep\n|\n|t:|1696088325\n|switch|p1a: \u30af\u30c1\u30fc\u30c8|Mawile, M, shiny|100\/100\n|-ability|p1a: \u30af\u30c1\u30fc\u30c8|Intimidate|boost\n|-unboost|p2a: Volcanion|atk|1\n|-unboost|p2b: Cresselia|atk|1\n|turn|8\n|\n|t:|1696088332\n|detailschange|p1a: \u30af\u30c1\u30fc\u30c8|Mawile-Mega, M, shiny\n|-mega|p1a: \u30af\u30c1\u30fc\u30c8|Mawile|Mawilite\n|-zpower|p1b: Tapu Lele\n|move|p1b: Tapu Lele|Never-Ending Nightmare|p2a: Volcanion|[zeffect]\n|-damage|p2a: Volcanion|20\/100\n|move|p2b: Cresselia|Lunar Blessing|p2b: Cresselia|[spread] p2a,p2b\n|-heal|p2a: Volcanion|45\/100\n|-heal|p2b: Cresselia|47\/100\n|move|p2a: Volcanion|Heat Wave|p1a: \u30af\u30c1\u30fc\u30c8|[spread] p1a,p1b\n|-supereffective|p1a: \u30af\u30c1\u30fc\u30c8\n|-damage|p1a: \u30af\u30c1\u30fc\u30c8|9\/100\n|-damage|p1b: Tapu Lele|56\/100\n|move|p1a: \u30af\u30c1\u30fc\u30c8|Ice Punch|p2a: Volcanion\n|-supereffective|p2a: Volcanion\n|-damage|p2a: Volcanion|0 fnt\n|faint|p2a: Volcanion\n|\n|upkeep\n|\n|t:|1696088337\n|switch|p2a: Salamence|Salamence, F|100\/100\n|-ability|p2a: Salamence|Intimidate|boost\n|-unboost|p1a: \u30af\u30c1\u30fc\u30c8|atk|1\n|-unboost|p1b: Tapu Lele|atk|1\n|turn|9\n|c|\u2606Paldea Athens 420|lucky crit\n|c|\u2606Paldea Athens 420|for real\n|\n|t:|1696088354\n|switch|p2a: Sinistcha|Sinistcha|100\/100\n|-heal|p2b: Cresselia|72\/100|[from] ability: Hospitality|[of] p2a: Sinistcha\n|move|p1b: Tapu Lele|Dazzling Gleam|p2a: Sinistcha|[spread] p2a,p2b\n|-crit|p2a: Sinistcha\n|-damage|p2a: Sinistcha|61\/100\n|-damage|p2b: Cresselia|52\/100\n|move|p2b: Cresselia|Lunar Blessing|p2b: Cresselia|[spread] p2a,p2b\n|-heal|p2a: Sinistcha|85\/100\n|-heal|p2b: Cresselia|77\/100\n|move|p1a: \u30af\u30c1\u30fc\u30c8|Ice Punch|p2a: Sinistcha\n|-supereffective|p2a: Sinistcha\n|-damage|p2a: Sinistcha|25\/100\n|\n|-heal|p2a: Sinistcha|31\/100|[from] item: Leftovers\n|upkeep\n|turn|10\n|\n|t:|1696088368\n|move|p1b: Tapu Lele|Shadow Ball|p2a: Sinistcha\n|-supereffective|p2a: Sinistcha\n|-damage|p2a: Sinistcha|0 fnt\n|faint|p2a: Sinistcha\n|move|p2b: Cresselia|Moonblast|p1b: Tapu Lele\n|-damage|p1b: Tapu Lele|38\/100\n|-unboost|p1b: Tapu Lele|spa|1\n|move|p1a: \u30af\u30c1\u30fc\u30c8|Ice Punch|p2b: Cresselia\n|-damage|p2b: Cresselia|60\/100\n|-damage|p1a: \u30af\u30c1\u30fc\u30c8|0 fnt|[from] item: Rocky Helmet|[of] p2b: Cresselia\n|faint|p1a: \u30af\u30c1\u30fc\u30c8\n|\n|upkeep\n|\n|t:|1696088372\n|switch|p2a: Salamence|Salamence, F|100\/100\n|-ability|p2a: Salamence|Intimidate|boost\n|-unboost|p1b: Tapu Lele|atk|1\n|turn|11\n|\n|t:|1696088376\n|detailschange|p2a: Salamence|Salamence-Mega, F\n|-mega|p2a: Salamence|Salamence|Salamencite\n|move|p2a: Salamence|Double-Edge|p1b: Tapu Lele\n|-damage|p1b: Tapu Lele|0 fnt\n|faint|p1b: Tapu Lele\n|-damage|p2a: Salamence|91\/100|[from] Recoil\n|\n|win|wu liao de lan gou\n|raw|Paldea Athens 420's rating: 1464 &rarr; <strong>1447<\/strong><br \/>(-17 for losing)\n|raw|wu liao de lan gou's rating: 1522 &rarr; <strong>1539<\/strong><br \/>(+17 for winning)\n|l|\u2606Paldea Athens 420\n","uploadtime":1696088385,"views":8,"p1id":"paldeaathens420","p2id":"wuliaodelangou","formatid":"gen9nationaldexdoubles","rating":1447,"private":0,"password":""}