{"id":"gen9nationaldexdoubles-1960776296","p1":"MirzaMirza","p2":"Kin+ak (\u2727\u2207\u2727)","format":"[Gen 9] National Dex Doubles","log":"|j|\u2606MirzaMirza\n|j|\u2606Kin+ak (\u2727\u2207\u2727)\n|t:|1696555332\n|gametype|doubles\n|player|p1|MirzaMirza|265|1520\n|player|p2|Kin+ak (\u2727\u2207\u2727)|wally|1537\n|teamsize|p1|6\n|teamsize|p2|6\n|gen|9\n|tier|[Gen 9] National Dex Doubles\n|rated|\n|rule|HP Percentage Mod: HP is shown in percentages\n|rule|Endless Battle Clause: Forcing endless battles is banned\n|rule|OHKO Clause: OHKO moves are banned\n|rule|Evasion Moves Clause: Evasion moves are banned\n|rule|Evasion Abilities Clause: Evasion abilities are banned\n|rule|Species Clause: Limit one of each Pok\u00e9mon\n|rule|Gravity Sleep Clause: The combination of sleep-inducing moves with imperfect accuracy and Gravity or Gigantamax Orbeetle are banned\n|clearpoke\n|poke|p1|Volcarona, M|\n|poke|p1|Smeargle, F|\n|poke|p1|Tapu Lele|\n|poke|p1|Tapu Fini|\n|poke|p1|Suicune|\n|poke|p1|Chien-Pao|\n|poke|p2|Camerupt, F|\n|poke|p2|Porygon2|\n|poke|p2|Indeedee-F, F|\n|poke|p2|Cresselia, F|\n|poke|p2|Glastrier|\n|poke|p2|Ursaluna, M|\n|teampreview\n|inactive|Battle timer is ON: inactive players will automatically lose when time's up. (requested by MirzaMirza)\n|c|\u2606Kin+ak (\u2727\u2207\u2727)|Ou est donc pass\u00e9 mirza\n|c|\u2606Kin+ak (\u2727\u2207\u2727)|Je le cherche partout\n|inactive|Kin+ak (\u2727\u2207\u2727) has 120 seconds left.\n|\n|t:|1696555379\n|start\n|switch|p1a: Miami Terror|Volcarona, M|100\/100\n|switch|p1b: Bobby Lee|Smeargle, F|100\/100\n|switch|p2a: Indeedee|Indeedee-F, F|100\/100\n|switch|p2b: Porygon2|Porygon2, shiny|100\/100\n|-fieldstart|move: Psychic Terrain|[from] ability: Psychic Surge|[of] p2a: Indeedee\n|-ability|p2b: Porygon2|Moody|[from] ability: Trace|[of] p1b: Bobby Lee\n|turn|1\n|\n|t:|1696555395\n|move|p1b: Bobby Lee|Spore|p2b: Porygon2\n|-status|p2b: Porygon2|slp|[from] move: Spore\n|move|p1a: Miami Terror|Quiver Dance|p1a: Miami Terror\n|-boost|p1a: Miami Terror|spa|1\n|-boost|p1a: Miami Terror|spd|1\n|-boost|p1a: Miami Terror|spe|1\n|move|p2a: Indeedee|Imprison|p2a: Indeedee\n|-start|p2a: Indeedee|move: Imprison\n|cant|p2b: Porygon2|slp\n|\n|-ability|p1b: Bobby Lee|Moody|boost\n|-boost|p1b: Bobby Lee|def|2\n|-unboost|p1b: Bobby Lee|atk|1\n|-ability|p2b: Porygon2|Moody|boost\n|-boost|p2b: Porygon2|def|2\n|-unboost|p2b: Porygon2|spe|1\n|upkeep\n|turn|2\n|\n|t:|1696555419\n|move|p2a: Indeedee|Follow Me|p2a: Indeedee\n|-singleturn|p2a: Indeedee|move: Follow Me\n|move|p1a: Miami Terror|Quiver Dance|p1a: Miami Terror\n|-boost|p1a: Miami Terror|spa|1\n|-boost|p1a: Miami Terror|spd|1\n|-boost|p1a: Miami Terror|spe|1\n|move|p1b: Bobby Lee|Spore|p2a: Indeedee\n|-status|p2a: Indeedee|slp|[from] move: Spore\n|cant|p2b: Porygon2|slp\n|\n|-ability|p1b: Bobby Lee|Moody|boost\n|-boost|p1b: Bobby Lee|spa|2\n|-unboost|p1b: Bobby Lee|def|1\n|-ability|p2b: Porygon2|Moody|boost\n|-boost|p2b: Porygon2|atk|2\n|-unboost|p2b: Porygon2|spa|1\n|upkeep\n|turn|3\n|\n|t:|1696555436\n|switch|p1b: Azura|Suicune|100\/100\n|move|p1a: Miami Terror|Heat Wave|p2a: Indeedee|[spread] p2a,p2b\n|-damage|p2a: Indeedee|54\/100 slp\n|-damage|p2b: Porygon2|58\/100 slp\n|cant|p2b: Porygon2|slp\n|cant|p2a: Indeedee|slp\n|\n|-ability|p2b: Porygon2|Moody|boost\n|-boost|p2b: Porygon2|spe|2\n|-unboost|p2b: Porygon2|spa|1\n|upkeep\n|turn|4\n|\n|t:|1696555451\n|move|p1a: Miami Terror|Heat Wave|p2a: Indeedee|[spread] p2b\n|-miss|p1a: Miami Terror|p2a: Indeedee\n|-damage|p2b: Porygon2|20\/100 slp\n|-curestatus|p2b: Porygon2|slp|[msg]\n|move|p2b: Porygon2|Tri Attack|p1a: Miami Terror\n|-damage|p1a: Miami Terror|94\/100\n|move|p1b: Azura|Roar|p2b: Porygon2\n|drag|p2b: Glastrier|Glastrier|100\/100\n|cant|p2a: Indeedee|slp\n|\n|-heal|p1a: Miami Terror|99\/100|[from] item: Leftovers\n|upkeep\n|turn|5\n|\n|t:|1696555468\n|move|p2b: Glastrier|Protect|p2b: Glastrier\n|-singleturn|p2b: Glastrier|Protect\n|move|p1a: Miami Terror|Heat Wave|p2b: Glastrier|[spread] p2a\n|-activate|p2b: Glastrier|move: Protect\n|-damage|p2a: Indeedee|13\/100 slp\n|move|p1b: Azura|Psych Up|p1a: Miami Terror\n|-copyboost|p1b: Azura|p1a: Miami Terror|[from] move: Psych Up\n|cant|p2a: Indeedee|slp\n|\n|-heal|p1a: Miami Terror|100\/100|[from] item: Leftovers\n|-fieldend|move: Psychic Terrain\n|upkeep\n|turn|6\n|\n|t:|1696555483\n|-terastallize|p2b: Glastrier|Water\n|move|p1a: Miami Terror|Heat Wave|p2b: Glastrier|[spread] p2a,p2b\n|-resisted|p2b: Glastrier\n|-damage|p2a: Indeedee|0 fnt\n|-damage|p2b: Glastrier|75\/100\n|faint|p2a: Indeedee\n|move|p1b: Azura|Scald|p2b: Glastrier\n|-resisted|p2b: Glastrier\n|-damage|p2b: Glastrier|47\/100\n|move|p2b: Glastrier|High Horsepower|p1a: Miami Terror\n|-damage|p1a: Miami Terror|66\/100\n|\n|-heal|p1a: Miami Terror|72\/100|[from] item: Leftovers\n|upkeep\n|\n|t:|1696555493\n|switch|p2a: Cresselia|Cresselia, F|100\/100\n|turn|7\n|\n|t:|1696555502\n|move|p2b: Glastrier|Protect|p2b: Glastrier\n|-singleturn|p2b: Glastrier|Protect\n|move|p1a: Miami Terror|Heat Wave|p2a: Cresselia|[spread] p2a\n|-activate|p2b: Glastrier|move: Protect\n|-damage|p2a: Cresselia|67\/100\n|move|p1b: Azura|Roar|p2a: Cresselia\n|drag|p2a: Ursaluna|Ursaluna, M|100\/100\n|\n|-heal|p1a: Miami Terror|78\/100|[from] item: Leftovers\n|-status|p2a: Ursaluna|brn|[from] item: Flame Orb\n|upkeep\n|turn|8\n|\n|t:|1696555519\n|move|p1a: Miami Terror|Giga Drain|p2b: Glastrier\n|-supereffective|p2b: Glastrier\n|-damage|p2b: Glastrier|0 fnt\n|-heal|p1a: Miami Terror|100\/100|[from] drain|[of] p2b: Glastrier\n|faint|p2b: Glastrier\n|move|p1b: Azura|Scald|p2a: Ursaluna\n|-supereffective|p2a: Ursaluna\n|-damage|p2a: Ursaluna|0 fnt\n|faint|p2a: Ursaluna\n|\n|upkeep\n|\n|t:|1696555523\n|switch|p2a: Cresselia|Cresselia, F|67\/100\n|switch|p2b: Porygon2|Porygon2, shiny|20\/100\n|-ability|p2b: Porygon2|Inner Focus|[from] ability: Trace|[of] p1b: Azura\n|turn|9\n|\n|t:|1696555534\n|move|p1a: Miami Terror|Heat Wave|p2b: Porygon2|[spread] p2a,p2b\n|-damage|p2a: Cresselia|34\/100\n|-damage|p2b: Porygon2|0 fnt\n|faint|p2b: Porygon2\n|move|p1b: Azura|Roar|p2a: Cresselia\n|drag|p2a: Camerupt|Camerupt, F|100\/100\n|\n|upkeep\n|c|\u2606Kin+ak (\u2727\u2207\u2727)|RAAAH\n|\n|t:|1696555554\n|switch|p2b: Cresselia|Cresselia, F|34\/100\n|turn|10\n|\n|t:|1696555561\n|detailschange|p2a: Camerupt|Camerupt-Mega, F\n|-mega|p2a: Camerupt|Camerupt|Cameruptite\n|move|p1a: Miami Terror|Heat Wave|p2a: Camerupt|[spread] p2a,p2b\n|-resisted|p2a: Camerupt\n|-damage|p2a: Camerupt|70\/100\n|-damage|p2b: Cresselia|1\/100\n|move|p1b: Azura|Scald|p2b: Cresselia\n|-damage|p2b: Cresselia|0 fnt\n|faint|p2b: Cresselia\n|move|p2a: Camerupt|Earth Power|p1b: Azura\n|-damage|p1b: Azura|74\/100\n|\n|upkeep\n|turn|11\n|c|\u2606Kin+ak (\u2727\u2207\u2727)|(\ua426\u00d2\u2038\u00d3)\u4f60\u4e2a\u8001\u516d\n|c|\u2606MirzaMirza|gg\n|inactive|Kin+ak (\u2727\u2207\u2727) has 120 seconds left.\n|c|\u2606MirzaMirza|sorry i dont understand\n|\n|t:|1696555595\n|move|p2a: Camerupt|Protect|p2a: Camerupt\n|-singleturn|p2a: Camerupt|Protect\n|move|p1a: Miami Terror|Giga Drain|p2a: Camerupt\n|-activate|p2a: Camerupt|move: Protect\n|move|p1b: Azura|Scald|p2a: Camerupt\n|-activate|p2a: Camerupt|move: Protect\n|\n|upkeep\n|turn|12\n|c|\u2606Kin+ak (\u2727\u2207\u2727)|I dont care\n|c|\u2606MirzaMirza|ok lol\n|c|\u2606Kin+ak (\u2727\u2207\u2727)|That is why u so High on ladder\n|inactive|Kin+ak (\u2727\u2207\u2727) has 120 seconds left.\n|c|\u2606Kin+ak (\u2727\u2207\u2727)|U annoying\n|c|\u2606MirzaMirza|sorry\n|inactive|Kin+ak (\u2727\u2207\u2727) has 90 seconds left.\n|c|\u2606Kin+ak (\u2727\u2207\u2727)|(-_-`)\n|c|\u2606Kin+ak (\u2727\u2207\u2727)|that's lame\n|\n|t:|1696555678\n|move|p2a: Camerupt|Protect||[still]\n|-fail|p2a: Camerupt\n|move|p1a: Miami Terror|Giga Drain|p2a: Camerupt\n|-damage|p2a: Camerupt|24\/100\n|move|p1b: Azura|Scald|p2a: Camerupt\n|-supereffective|p2a: Camerupt\n|-damage|p2a: Camerupt|0 fnt\n|faint|p2a: Camerupt\n|\n|win|MirzaMirza\n|raw|MirzaMirza's rating: 1520 &rarr; <strong>1541<\/strong><br \/>(+21 for winning)\n|raw|Kin+ak (\u2727\u2207\u2727)'s rating: 1537 &rarr; <strong>1516<\/strong><br \/>(-21 for losing)\n","uploadtime":1696555707,"views":5,"p1id":"mirzamirza","p2id":"kinak","formatid":"gen9nationaldexdoubles","rating":1516,"private":0,"password":""}