{"id":"gen9nationaldexdoubles-1994502408","p1":"NoseHairs420","p2":"sans525262","format":"[Gen 9] National Dex Doubles","log":"|j|\u2606NoseHairs420\n|j|\u2606sans525262\n|t:|1700451526\n|gametype|doubles\n|player|p1|NoseHairs420|drayden|\n|player|p2|sans525262|preschooler|\n|teamsize|p1|6\n|teamsize|p2|6\n|gen|9\n|tier|[Gen 9] National Dex Doubles\n|rule|HP Percentage Mod: HP is shown in percentages\n|rule|Endless Battle Clause: Forcing endless battles is banned\n|rule|OHKO Clause: OHKO moves are banned\n|rule|Evasion Moves Clause: Evasion moves are banned\n|rule|Evasion Abilities Clause: Evasion abilities are banned\n|rule|Species Clause: Limit one of each Pok\u00e9mon\n|rule|Gravity Sleep Clause: The combination of sleep-inducing moves with imperfect accuracy and Gravity or Gigantamax Orbeetle are banned\n|clearpoke\n|poke|p1|Sinistcha-Masterpiece|\n|poke|p1|Volcanion|\n|poke|p1|Kingambit, M|\n|poke|p1|Iron Hands|\n|poke|p1|Ursaluna, F|\n|poke|p1|Cresselia, F|\n|poke|p2|Amoonguss, M|\n|poke|p2|Charizard, M|\n|poke|p2|Victini|\n|poke|p2|Armarouge, F|\n|poke|p2|Indeedee-F, F|\n|poke|p2|Ogerpon-Hearthflame, F|\n|teampreview\n|j| Ryan1Baek\n|c| Ryan1Baek|ooh i saw this team earlier\n|j| TestudoJK\n|j| Eliminathan\n|\n|t:|1700451551\n|start\n|switch|p1a: hor hor hor hor|Iron Hands|100\/100\n|switch|p1b: Anastasia|Sinistcha-Masterpiece|100\/100\n|switch|p2a: Charizard|Charizard, M|100\/100\n|switch|p2b: Ogerpon|Ogerpon-Hearthflame, F|100\/100\n|-ability|p2b: Ogerpon|Mold Breaker\n|turn|1\n|\n|t:|1700451564\n|detailschange|p2a: Charizard|Charizard-Mega-Y, M\n|-mega|p2a: Charizard|Charizard|Charizardite Y\n|-weather|SunnyDay|[from] ability: Drought|[of] p2a: Charizard\n|move|p1a: hor hor hor hor|Fake Out|p2b: Ogerpon\n|-damage|p2b: Ogerpon|81\/100\n|cant|p2b: Ogerpon|flinch\n|move|p2a: Charizard|Flamethrower|p1a: hor hor hor hor\n|-damage|p1a: hor hor hor hor|57\/100\n|move|p1b: Anastasia|Trick Room|p1b: Anastasia\n|-fieldstart|move: Trick Room|[of] p1b: Anastasia\n|\n|-weather|SunnyDay|[upkeep]\n|upkeep\n|turn|2\n|\n|t:|1700451580\n|switch|p2a: Amoonguss|Amoonguss, M|100\/100\n|switch|p2b: Indeedee|Indeedee-F, F|100\/100\n|-fieldstart|move: Psychic Terrain|[from] ability: Psychic Surge|[of] p2b: Indeedee\n|move|p1a: hor hor hor hor|Wild Charge|p2a: Amoonguss\n|-resisted|p2a: Amoonguss\n|-crit|p2a: Amoonguss\n|-damage|p2a: Amoonguss|60\/100\n|-damage|p1a: hor hor hor hor|47\/100|[from] Recoil\n|move|p1b: Anastasia|Strength Sap|p2b: Indeedee\n|-unboost|p2b: Indeedee|atk|1\n|\n|-weather|SunnyDay|[upkeep]\n|upkeep\n|turn|3\n|j| Shiny_Hero64\n|\n|t:|1700451608\n|-end|p1a: hor hor hor hor|Quark Drive|[silent]\n|switch|p1a: Tsuki|Cresselia, F|100\/100\n|move|p2a: Amoonguss|Pollen Puff|p1b: Anastasia\n|-damage|p1b: Anastasia|81\/100\n|move|p1b: Anastasia|Matcha Gotcha|p2a: Amoonguss|[spread] p2a,p2b\n|-resisted|p2a: Amoonguss\n|-damage|p2a: Amoonguss|55\/100\n|-heal|p1b: Anastasia|84\/100|[from] drain|[of] p2a: Amoonguss\n|-damage|p2b: Indeedee|77\/100\n|-heal|p1b: Anastasia|96\/100|[from] drain|[of] p2b: Indeedee\n|move|p2b: Indeedee|Reflect|p2b: Indeedee\n|-sidestart|p2: sans525262|Reflect\n|\n|-weather|SunnyDay|[upkeep]\n|upkeep\n|turn|4\n|\n|t:|1700451633\n|switch|p1b: Tony Tony Chopper|Kingambit, M|100\/100\n|move|p2a: Amoonguss|Pollen Puff|p1a: Tsuki\n|-supereffective|p1a: Tsuki\n|-damage|p1a: Tsuki|73\/100\n|move|p1a: Tsuki|Psychic|p2a: Amoonguss\n|-supereffective|p2a: Amoonguss\n|-damage|p2a: Amoonguss|4\/100\n|move|p2b: Indeedee|Light Screen|p2b: Indeedee\n|-sidestart|p2: sans525262|move: Light Screen\n|\n|-weather|SunnyDay|[upkeep]\n|-heal|p1a: Tsuki|79\/100|[from] item: Leftovers\n|upkeep\n|turn|5\n|\n|t:|1700451660\n|move|p2a: Amoonguss|Pollen Puff|p1b: Tony Tony Chopper\n|-damage|p1b: Tony Tony Chopper|75\/100\n|move|p1b: Tony Tony Chopper|Kowtow Cleave|p2b: Indeedee\n|-supereffective|p2b: Indeedee\n|-damage|p2b: Indeedee|0 fnt\n|faint|p2b: Indeedee\n|move|p1a: Tsuki|Psychic|p2a: Amoonguss\n|-supereffective|p2a: Amoonguss\n|-damage|p2a: Amoonguss|0 fnt\n|faint|p2a: Amoonguss\n|\n|-weather|none\n|-heal|p1a: Tsuki|85\/100|[from] item: Leftovers\n|-fieldend|move: Trick Room\n|upkeep\n|\n|t:|1700451666\n|switch|p2b: Victini|Victini|100\/100\n|switch|p2a: Armarouge|Armarouge, F|100\/100\n|turn|6\n|\n|t:|1700451685\n|switch|p1b: William|Volcanion|100\/100\n|move|p1a: Tsuki|Ally Switch|p1a: Tsuki\n|swap|p1a: Tsuki|1|[from] move: Ally Switch\n|move|p2b: Victini|Searing Shot|p1a: William|[spread] p1a,p1b\n|-start|p2a: Armarouge|ability: Flash Fire\n|-resisted|p1a: William\n|-damage|p1a: William|89\/100\n|-damage|p1b: Tsuki|54\/100\n|move|p2a: Armarouge|Armor Cannon|p1b: Tsuki\n|-damage|p1b: Tsuki|0 fnt\n|-unboost|p2a: Armarouge|def|1\n|-unboost|p2a: Armarouge|spd|1\n|-enditem|p2a: Armarouge|White Herb\n|-clearnegativeboost|p2a: Armarouge|[silent]\n|faint|p1b: Tsuki\n|\n|-fieldend|move: Psychic Terrain\n|upkeep\n|\n|t:|1700451702\n|switch|p1b: hor hor hor hor|Iron Hands|47\/100\n|turn|7\n|\n|t:|1700451714\n|move|p1b: hor hor hor hor|Fake Out|p2a: Armarouge\n|-damage|p2a: Armarouge|91\/100\n|move|p2b: Victini|Searing Shot|p1a: William|[spread] p1a,p1b\n|-immune|p2a: Armarouge|[from] ability: Flash Fire\n|-resisted|p1a: William\n|-damage|p1a: William|75\/100\n|-damage|p1b: hor hor hor hor|21\/100\n|cant|p2a: Armarouge|flinch\n|move|p1a: William|Steam Eruption|p2a: Armarouge\n|-supereffective|p2a: Armarouge\n|-damage|p2a: Armarouge|16\/100\n|\n|upkeep\n|turn|8\n|\n|t:|1700451752\n|move|p2b: Victini|Searing Shot|p1b: hor hor hor hor|[spread] p1a,p1b\n|-immune|p2a: Armarouge|[from] ability: Flash Fire\n|-resisted|p1a: William\n|-damage|p1a: William|63\/100\n|-damage|p1b: hor hor hor hor|0 fnt\n|faint|p1b: hor hor hor hor\n|-end|p1b: hor hor hor hor|Quark Drive|[silent]\n|move|p2a: Armarouge|Destiny Bond|p2a: Armarouge\n|-singlemove|p2a: Armarouge|Destiny Bond\n|move|p1a: William|Steam Eruption|p2a: Armarouge\n|-supereffective|p2a: Armarouge\n|-damage|p2a: Armarouge|0 fnt\n|faint|p2a: Armarouge\n|-activate|p2a: Armarouge|move: Destiny Bond\n|faint|p1a: William\n|\n|upkeep\n|\n|t:|1700451765\n|switch|p2a: Charizard|Charizard-Mega-Y, M|100\/100\n|switch|p1a: Anastasia|Sinistcha-Masterpiece|96\/100\n|switch|p1b: Tony Tony Chopper|Kingambit, M|75\/100\n|-weather|SunnyDay|[from] ability: Drought|[of] p2a: Charizard\n|-heal|p1b: Tony Tony Chopper|100\/100|[from] ability: Hospitality|[of] p1a: Anastasia\n|turn|9\n|c| Ryan1Baek|HYPE\n|\n|t:|1700451775\n|move|p1b: Tony Tony Chopper|Sucker Punch|p2b: Victini\n|-supereffective|p2b: Victini\n|-damage|p2b: Victini|34\/100\n|move|p2a: Charizard|Flamethrower|p1b: Tony Tony Chopper\n|-supereffective|p1b: Tony Tony Chopper\n|-crit|p1b: Tony Tony Chopper\n|-damage|p1b: Tony Tony Chopper|0 fnt\n|faint|p1b: Tony Tony Chopper\n|move|p2b: Victini|Searing Shot|p1a: Anastasia|[spread] p2a,p1a\n|-resisted|p2a: Charizard\n|-supereffective|p1a: Anastasia\n|-damage|p2a: Charizard|76\/100\n|-damage|p1a: Anastasia|0 fnt\n|faint|p1a: Anastasia\n|\n|-weather|SunnyDay|[upkeep]\n|upkeep\n|\n|t:|1700451778\n|switch|p1b: Freddy Fazbear|Ursaluna, F|100\/100\n|turn|10\n|c|\u2606NoseHairs420|O Cholera\n|c|\u2606NoseHairs420|Czy to Freddy Fazbear?\n|\n|t:|1700451790\n|move|p1b: Freddy Fazbear|Protect|p1b: Freddy Fazbear\n|-singleturn|p1b: Freddy Fazbear|Protect\n|move|p2a: Charizard|Solar Beam||[still]\n|-prepare|p2a: Charizard|Solar Beam\n|-anim|p2a: Charizard|Solar Beam|p1b: Freddy Fazbear\n|-activate|p1b: Freddy Fazbear|move: Protect\n|move|p2b: Victini|Searing Shot|p1b: Freddy Fazbear|[spread] p2a\n|-activate|p1b: Freddy Fazbear|move: Protect\n|-resisted|p2a: Charizard\n|-damage|p2a: Charizard|53\/100\n|\n|-weather|SunnyDay|[upkeep]\n|-sideend|p2: sans525262|Reflect\n|-status|p1b: Freddy Fazbear|brn|[from] item: Flame Orb\n|upkeep\n|turn|11\n|\n|t:|1700451806\n|move|p2a: Charizard|Solar Beam||[still]\n|-prepare|p2a: Charizard|Solar Beam\n|-anim|p2a: Charizard|Solar Beam|p1b: Freddy Fazbear\n|-supereffective|p1b: Freddy Fazbear\n|-damage|p1b: Freddy Fazbear|26\/100 brn\n|move|p2b: Victini|Searing Shot|p1b: Freddy Fazbear|[spread] p2a,p1b\n|-resisted|p2a: Charizard\n|-damage|p2a: Charizard|30\/100\n|-damage|p1b: Freddy Fazbear|0 fnt\n|faint|p1b: Freddy Fazbear\n|\n|win|sans525262\n","uploadtime":1700451816,"views":19,"p1id":"nosehairs420","p2id":"sans525262","formatid":"gen9nationaldexdoubles","rating":0,"private":0,"password":""}