{"id":"gen9nationaldexdoubles-1974710297","p1":"Denvah_17","p2":"The OG Trainer Red","format":"[Gen 9] National Dex Doubles","log":"|j|\u2606Denvah_17\n|j|\u2606The OG Trainer Red\n|t:|1698112952\n|gametype|doubles\n|player|p1|Denvah_17|alder|1381\n|player|p2|The OG Trainer Red|fisherman-gen4|1282\n|teamsize|p1|6\n|teamsize|p2|6\n|gen|9\n|tier|[Gen 9] National Dex Doubles\n|rated|\n|rule|HP Percentage Mod: HP is shown in percentages\n|rule|Endless Battle Clause: Forcing endless battles is banned\n|rule|OHKO Clause: OHKO moves are banned\n|rule|Evasion Moves Clause: Evasion moves are banned\n|rule|Evasion Abilities Clause: Evasion abilities are banned\n|rule|Species Clause: Limit one of each Pok\u00e9mon\n|rule|Gravity Sleep Clause: The combination of sleep-inducing moves with imperfect accuracy and Gravity or Gigantamax Orbeetle are banned\n|clearpoke\n|poke|p1|Sinistcha-Masterpiece|\n|poke|p1|Diancie|\n|poke|p1|Okidogi, M|\n|poke|p1|Ursaluna-Bloodmoon, M|\n|poke|p1|Volcanion|\n|poke|p1|Golisopod, M|\n|poke|p2|Ninetales, F|\n|poke|p2|Leafeon, F|\n|poke|p2|Espeon, F|\n|poke|p2|Indeedee-F, F|\n|poke|p2|Ursaluna-Bloodmoon, M|\n|poke|p2|Iron Hands|\n|teampreview\n|inactive|Battle timer is ON: inactive players will automatically lose when time's up. (requested by Denvah_17)\n|\n|t:|1698112971\n|start\n|switch|p1a: Rihanna|Diancie, shiny|100\/100\n|switch|p1b: NowThisIsPodRacing|Golisopod, M|100\/100\n|switch|p2a: Indeedee|Indeedee-F, F|100\/100\n|switch|p2b: Espeon|Espeon, F|100\/100\n|-fieldstart|move: Psychic Terrain|[from] ability: Psychic Surge|[of] p2a: Indeedee\n|turn|1\n|\n|t:|1698112985\n|move|p1b: NowThisIsPodRacing|Wide Guard|p1b: NowThisIsPodRacing\n|-singleturn|p1b: NowThisIsPodRacing|Wide Guard\n|move|p2b: Espeon|Expanding Force|p1a: Rihanna|[spread] \n|-activate|p1a: Rihanna|move: Wide Guard\n|-activate|p1b: NowThisIsPodRacing|move: Wide Guard\n|move|p2a: Indeedee|Expanding Force|p1b: NowThisIsPodRacing|[spread] \n|-activate|p1a: Rihanna|move: Wide Guard\n|-activate|p1b: NowThisIsPodRacing|move: Wide Guard\n|move|p1a: Rihanna|Trick Room|p1a: Rihanna\n|-fieldstart|move: Trick Room|[of] p1a: Rihanna\n|\n|upkeep\n|turn|2\n|\n|t:|1698112997\n|switch|p2a: Ursaluna|Ursaluna-Bloodmoon, M|100\/100\n|switch|p2b: Iron Hands|Iron Hands|100\/100\n|-enditem|p2b: Iron Hands|Booster Energy\n|-activate|p2b: Iron Hands|ability: Quark Drive|[fromitem]\n|-start|p2b: Iron Hands|quarkdriveatk\n|move|p1b: NowThisIsPodRacing|Wide Guard|p1b: NowThisIsPodRacing\n|-singleturn|p1b: NowThisIsPodRacing|Wide Guard\n|move|p1a: Rihanna|Diamond Storm|p2a: Ursaluna|[spread] p2a,p2b\n|-resisted|p2a: Ursaluna\n|-resisted|p2b: Iron Hands\n|-damage|p2a: Ursaluna|91\/100\n|-damage|p2b: Iron Hands|92\/100\n|\n|upkeep\n|turn|3\n|\n|t:|1698113019\n|switch|p1b: Freddy Fazbear|Ursaluna-Bloodmoon, M|100\/100\n|move|p2b: Iron Hands|Thunder Punch|p1b: Freddy Fazbear\n|-immune|p1b: Freddy Fazbear\n|move|p1a: Rihanna|Dazzling Gleam|p2b: Iron Hands|[spread] p2a,p2b\n|-supereffective|p2b: Iron Hands\n|-damage|p2a: Ursaluna|76\/100\n|-damage|p2b: Iron Hands|62\/100\n|move|p2a: Ursaluna|Earth Power|p1a: Rihanna\n|-supereffective|p1a: Rihanna\n|-damage|p1a: Rihanna|25\/100\n|-enditem|p1a: Rihanna|Weakness Policy\n|-boost|p1a: Rihanna|atk|2|[from] item: Weakness Policy\n|-boost|p1a: Rihanna|spa|2|[from] item: Weakness Policy\n|\n|upkeep\n|turn|4\n|\n|t:|1698113040\n|-terastallize|p2a: Ursaluna|Normal\n|move|p1a: Rihanna|Dazzling Gleam|p2b: Iron Hands|[spread] p2a,p2b\n|-supereffective|p2b: Iron Hands\n|-damage|p2a: Ursaluna|47\/100\n|-damage|p2b: Iron Hands|5\/100\n|move|p2b: Iron Hands|Drain Punch|p1b: Freddy Fazbear\n|-supereffective|p1b: Freddy Fazbear\n|-damage|p1b: Freddy Fazbear|31\/100\n|-heal|p2b: Iron Hands|31\/100|[from] drain|[of] p1b: Freddy Fazbear\n|move|p1b: Freddy Fazbear|Hyper Voice|p2a: Ursaluna|[spread] p2a,p2b\n|-damage|p2a: Ursaluna|19\/100\n|-damage|p2b: Iron Hands|4\/100\n|move|p2a: Ursaluna|Hyper Voice|p1b: Freddy Fazbear|[spread] p1a,p1b\n|-resisted|p1a: Rihanna\n|-damage|p1a: Rihanna|6\/100\n|-damage|p1b: Freddy Fazbear|0 fnt\n|faint|p1b: Freddy Fazbear\n|\n|upkeep\n|inactive|Denvah_17 has 120 seconds left.\n|c|\u2606The OG Trainer Red|This is ridiculous\n|\n|t:|1698113075\n|switch|p1b: NowThisIsPodRacing|Golisopod, M|100\/100\n|turn|5\n|inactive|Denvah_17 has 120 seconds left.\n|c|\u2606Denvah_17|true that\n|\n|t:|1698113094\n|switch|p1b: Dogecoin|Okidogi, M|100\/100\n|move|p1a: Rihanna|Dazzling Gleam|p2b: Iron Hands|[spread] p2a,p2b\n|-supereffective|p2b: Iron Hands\n|-damage|p2a: Ursaluna|0 fnt\n|-damage|p2b: Iron Hands|0 fnt\n|faint|p2a: Ursaluna\n|faint|p2b: Iron Hands\n|-end|p2b: Iron Hands|Quark Drive|[silent]\n|\n|-fieldend|move: Trick Room\n|-fieldend|move: Psychic Terrain\n|upkeep\n|\n|t:|1698113104\n|switch|p2a: Leafeon|Leafeon, F|100\/100\n|switch|p2b: Ninetales|Ninetales, F|100\/100\n|-weather|SunnyDay|[from] ability: Drought|[of] p2b: Ninetales\n|turn|6\n|\n|t:|1698113125\n|move|p2a: Leafeon|Solar Blade||[still]\n|-prepare|p2a: Leafeon|Solar Blade\n|-anim|p2a: Leafeon|Solar Blade|p1a: Rihanna\n|-supereffective|p1a: Rihanna\n|-damage|p1a: Rihanna|0 fnt\n|faint|p1a: Rihanna\n|move|p2b: Ninetales|Flamethrower|p1b: Dogecoin\n|-crit|p1b: Dogecoin\n|-damage|p1b: Dogecoin|17\/100\n|move|p1b: Dogecoin|Gunk Shot|p2a: Leafeon\n|-supereffective|p2a: Leafeon\n|-damage|p2a: Leafeon|0 fnt\n|faint|p2a: Leafeon\n|\n|-weather|SunnyDay|[upkeep]\n|upkeep\n|\n|t:|1698113138\n|switch|p2a: Espeon|Espeon, F|100\/100\n|switch|p1a: NowThisIsPodRacing|Golisopod, M|100\/100\n|turn|7\n|\n|t:|1698113155\n|-terastallize|p1b: Dogecoin|Dark\n|move|p1a: NowThisIsPodRacing|First Impression|p2a: Espeon\n|-supereffective|p2a: Espeon\n|-enditem|p2a: Espeon|Focus Sash\n|-damage|p2a: Espeon|1\/100\n|-damage|p1a: NowThisIsPodRacing|91\/100|[from] item: Life Orb\n|move|p2a: Espeon|Expanding Force|p1b: Dogecoin\n|-immune|p1b: Dogecoin\n|move|p2b: Ninetales|Flamethrower|p1a: NowThisIsPodRacing\n|-damage|p1a: NowThisIsPodRacing|13\/100\n|-activate|p1a: NowThisIsPodRacing|ability: Emergency Exit\n|\n|t:|1698113169\n|switch|p1a: Grass Latte|Sinistcha-Masterpiece|100\/100\n|move|p1b: Dogecoin|Gunk Shot|p2b: Ninetales|[miss]\n|-miss|p1b: Dogecoin|p2b: Ninetales\n|\n|-weather|SunnyDay|[upkeep]\n|upkeep\n|turn|8\n|\n|t:|1698113190\n|move|p2a: Espeon|Morning Sun|p2a: Espeon\n|-heal|p2a: Espeon|67\/100\n|move|p2b: Ninetales|Flamethrower|p1a: Grass Latte\n|-supereffective|p1a: Grass Latte\n|-damage|p1a: Grass Latte|7\/100\n|-status|p1a: Grass Latte|brn\n|-enditem|p1a: Grass Latte|Weakness Policy\n|-boost|p1a: Grass Latte|atk|2|[from] item: Weakness Policy\n|-boost|p1a: Grass Latte|spa|2|[from] item: Weakness Policy\n|move|p1b: Dogecoin|Knock Off|p2a: Espeon\n|-supereffective|p2a: Espeon\n|-damage|p2a: Espeon|0 fnt\n|faint|p2a: Espeon\n|move|p1a: Grass Latte|Scald|p2b: Ninetales\n|-supereffective|p2b: Ninetales\n|-damage|p2b: Ninetales|43\/100\n|\n|-weather|SunnyDay|[upkeep]\n|-damage|p1a: Grass Latte|4\/100 brn|[from] brn\n|upkeep\n|\n|t:|1698113206\n|switch|p2a: Indeedee|Indeedee-F, F|100\/100\n|-fieldstart|move: Psychic Terrain|[from] ability: Psychic Surge|[of] p2a: Indeedee\n|turn|9\n|\n|t:|1698113216\n|move|p2b: Ninetales|Flamethrower|p1a: Grass Latte\n|-supereffective|p1a: Grass Latte\n|-damage|p1a: Grass Latte|0 fnt\n|faint|p1a: Grass Latte\n|move|p1b: Dogecoin|Knock Off|p2a: Indeedee\n|-supereffective|p2a: Indeedee\n|-enditem|p2a: Indeedee|Focus Sash\n|-damage|p2a: Indeedee|1\/100\n|move|p2a: Indeedee|Dazzling Gleam|p1b: Dogecoin\n|-supereffective|p1b: Dogecoin\n|-damage|p1b: Dogecoin|0 fnt\n|faint|p1b: Dogecoin\n|\n|-weather|SunnyDay|[upkeep]\n|upkeep\n|\n|t:|1698113228\n|switch|p1b: Mr. Saxobeat|Volcanion|100\/100\n|switch|p1a: NowThisIsPodRacing|Golisopod, M|13\/100\n|turn|10\n|\n|t:|1698113246\n|move|p1a: NowThisIsPodRacing|Wide Guard|p1a: NowThisIsPodRacing\n|-singleturn|p1a: NowThisIsPodRacing|Wide Guard\n|move|p2b: Ninetales|Flamethrower|p1a: NowThisIsPodRacing\n|-damage|p1a: NowThisIsPodRacing|0 fnt\n|faint|p1a: NowThisIsPodRacing\n|move|p2a: Indeedee|Expanding Force|p1b: Mr. Saxobeat\n|-activate|p1b: Mr. Saxobeat|move: Wide Guard\n|move|p1b: Mr. Saxobeat|Heat Wave|p2a: Indeedee|[spread] p2a,p2b\n|-resisted|p2b: Ninetales\n|-damage|p2a: Indeedee|0 fnt\n|-damage|p2b: Ninetales|8\/100\n|faint|p2a: Indeedee\n|\n|-weather|none\n|upkeep\n|turn|11\n|\n|t:|1698113260\n|move|p2b: Ninetales|Flamethrower|p1b: Mr. Saxobeat\n|-resisted|p1b: Mr. Saxobeat\n|-damage|p1b: Mr. Saxobeat|87\/100\n|move|p1b: Mr. Saxobeat|Earth Power|p2b: Ninetales\n|-supereffective|p2b: Ninetales\n|-damage|p2b: Ninetales|0 fnt\n|faint|p2b: Ninetales\n|\n|win|Denvah_17\n|raw|Denvah_17's rating: 1381 &rarr; <strong>1395<\/strong><br \/>(+14 for winning)\n|raw|The OG Trainer Red's rating: 1282 &rarr; <strong>1264<\/strong><br \/>(-18 for losing)\n|c|\u2606Denvah_17|GG\n|l|\u2606The OG Trainer Red\n","uploadtime":1698113274,"views":12,"p1id":"denvah17","p2id":"theogtrainerred","formatid":"gen9nationaldexdoubles","rating":1264,"private":0,"password":""}