{"id":"gen9nationaldexdoubles-1953401157","p1":"ItzzEh\u2605","p2":"Jevvdidh","format":"[Gen 9] National Dex Doubles","log":"|j|\u2606ItzzEh\u2605\n|j|\u2606Jevvdidh\n|t:|1695782576\n|gametype|doubles\n|player|p1|ItzzEh\u2605|caitlin|1038\n|player|p2|Jevvdidh|lucas|1000\n|teamsize|p1|4\n|teamsize|p2|6\n|gen|9\n|tier|[Gen 9] National Dex Doubles\n|rated|\n|rule|HP Percentage Mod: HP is shown in percentages\n|rule|Endless Battle Clause: Forcing endless battles is banned\n|rule|OHKO Clause: OHKO moves are banned\n|rule|Evasion Moves Clause: Evasion moves are banned\n|rule|Evasion Abilities Clause: Evasion abilities are banned\n|rule|Species Clause: Limit one of each Pok\u00e9mon\n|rule|Gravity Sleep Clause: The combination of sleep-inducing moves with imperfect accuracy and Gravity or Gigantamax Orbeetle are banned\n|clearpoke\n|poke|p1|Oricorio-Pom-Pom, M|\n|poke|p1|Volcarona, F|\n|poke|p1|Cinderace, F|\n|poke|p1|Drifblim, F|\n|poke|p2|Indeedee, M|\n|poke|p2|Deoxys-Attack|\n|poke|p2|Typhlosion, M|\n|poke|p2|Kartana|\n|poke|p2|Murkrow, F|\n|poke|p2|Shuckle, M|\n|teampreview\n|inactive|Battle timer is ON: inactive players will automatically lose when time's up. (requested by ItzzEh\u2605)\n|\n|t:|1695782588\n|start\n|switch|p1a: Cinderace|Cinderace, F|100\/100\n|switch|p1b: Drifblim|Drifblim, F|100\/100\n|switch|p2a: Murkrow|Murkrow, F|100\/100\n|switch|p2b: Shuckle|Shuckle, M|100\/100\n|turn|1\n|\n|t:|1695782603\n|move|p2a: Murkrow|Perish Song|p2a: Murkrow\n|-start|p1a: Cinderace|perish3|[silent]\n|-start|p1b: Drifblim|perish3|[silent]\n|-start|p2a: Murkrow|perish3|[silent]\n|-start|p2b: Shuckle|perish3|[silent]\n|-fieldactivate|move: Perish Song\n|move|p1a: Cinderace|Pyro Ball|p2a: Murkrow\n|-damage|p2a: Murkrow|27\/100\n|-status|p2a: Murkrow|brn\n|move|p1b: Drifblim|Hypnosis|p2b: Shuckle\n|-status|p2b: Shuckle|slp|[from] move: Hypnosis\n|cant|p2b: Shuckle|slp\n|\n|-damage|p2a: Murkrow|21\/100 brn|[from] brn\n|-start|p1a: Cinderace|perish3\n|-start|p1b: Drifblim|perish3\n|-start|p2a: Murkrow|perish3\n|-start|p2b: Shuckle|perish3\n|upkeep\n|turn|2\n|\n|t:|1695782621\n|switch|p1b: Volcarona|Volcarona, F|100\/100\n|move|p2a: Murkrow|Taunt|p1b: Volcarona\n|-start|p1b: Volcarona|move: Taunt\n|-enditem|p1b: Volcarona|Mental Herb\n|-end|p1b: Volcarona|move: Taunt\n|move|p1a: Cinderace|U-turn|p2a: Murkrow\n|-start|p1a: Cinderace|typechange|Bug|[from] ability: Libero\n|-damage|p2a: Murkrow|0 fnt\n|faint|p2a: Murkrow\n|\n|t:|1695782632\n|switch|p1a: Oricorio|Oricorio-Pom-Pom, M|100\/100|[from] U-turn\n|cant|p2b: Shuckle|slp\n|\n|-start|p2b: Shuckle|perish2\n|upkeep\n|inactive|Jevvdidh has 120 seconds left.\n|\n|t:|1695782662\n|switch|p2a: Typhlosion|Typhlosion, M|100\/100\n|turn|3\n|\n|t:|1695782679\n|switch|p2b: Indeedee|Indeedee, M|100\/100\n|-fieldstart|move: Psychic Terrain|[from] ability: Psychic Surge|[of] p2b: Indeedee\n|-terastallize|p2a: Typhlosion|Fire\n|move|p2a: Typhlosion|Eruption|p1a: Oricorio|[spread] p1a,p1b\n|-damage|p1a: Oricorio|13\/100\n|-damage|p1b: Volcarona|31\/100\n|move|p1b: Volcarona|Quiver Dance|p1b: Volcarona\n|-boost|p1b: Volcarona|spa|1\n|-boost|p1b: Volcarona|spd|1\n|-boost|p1b: Volcarona|spe|1\n|-activate|p1a: Oricorio|ability: Dancer\n|move|p1a: Oricorio|Quiver Dance|p1a: Oricorio|[from]ability: Dancer\n|-boost|p1a: Oricorio|spa|1\n|-boost|p1a: Oricorio|spd|1\n|-boost|p1a: Oricorio|spe|1\n|move|p1a: Oricorio|Calm Mind|p1a: Oricorio\n|-boost|p1a: Oricorio|spa|1\n|-boost|p1a: Oricorio|spd|1\n|\n|upkeep\n|turn|4\n|\n|t:|1695782708\n|move|p2a: Typhlosion|Eruption|p1b: Volcarona|[spread] p1a,p1b\n|-damage|p1a: Oricorio|0 fnt\n|-damage|p1b: Volcarona|0 fnt\n|faint|p1a: Oricorio\n|faint|p1b: Volcarona\n|move|p2b: Indeedee|Expanding Force|p1: Oricorio|[notarget]\n|-fail|p2b: Indeedee\n|\n|upkeep\n|\n|t:|1695782712\n|switch|p1b: Cinderace|Cinderace, F|100\/100\n|switch|p1a: Drifblim|Drifblim, F|100\/100\n|-enditem|p1a: Drifblim|Psychic Seed\n|-boost|p1a: Drifblim|spd|1|[from] item: Psychic Seed\n|turn|5\n|\n|t:|1695782727\n|move|p1b: Cinderace|Sucker Punch|p2a: Typhlosion\n|-start|p1b: Cinderace|typechange|Dark|[from] ability: Libero\n|-activate|p2a: Typhlosion|move: Psychic Terrain\n|move|p2a: Typhlosion|Eruption|p1b: Cinderace|[spread] p1a,p1b\n|-crit|p1a: Drifblim\n|-damage|p1a: Drifblim|9\/100\n|-damage|p1b: Cinderace|0 fnt\n|faint|p1b: Cinderace\n|move|p1a: Drifblim|Acrobatics|p2a: Typhlosion\n|-damage|p2a: Typhlosion|52\/100\n|move|p2b: Indeedee|Expanding Force|p1a: Drifblim\n|-damage|p1a: Drifblim|0 fnt\n|faint|p1a: Drifblim\n|\n|win|Jevvdidh\n|raw|ItzzEh\u2605's rating: 1038 &rarr; <strong>1021<\/strong><br \/>(-17 for losing)\n|raw|Jevvdidh's rating: 1000 &rarr; <strong>1044<\/strong><br \/>(+44 for winning)\n|l|\u2606Jevvdidh\n|l|\u2606ItzzEh\u2605\n|j|\u2606Jevvdidh\n|player|p2|Jevvdidh|lucas\n","uploadtime":1695782738,"views":12,"p1id":"itzzeh","p2id":"jevvdidh","formatid":"gen9nationaldexdoubles","rating":1021,"private":0,"password":""}