{"id":"gen9nationaldexdoubles-1997679430","p1":"Arnaenaed \u223e","p2":"Kazutoxo","format":"[Gen 9] National Dex Doubles","log":"|j|\u2606Arnaenaed \u223e\n|j|\u2606Kazutoxo\n|t:|1700840952\n|gametype|doubles\n|player|p1|Arnaenaed \u223e|clay|\n|player|p2|Kazutoxo|ingo|\n|teamsize|p1|6\n|teamsize|p2|6\n|gen|9\n|tier|[Gen 9] National Dex Doubles\n|rule|HP Percentage Mod: HP is shown in percentages\n|rule|Endless Battle Clause: Forcing endless battles is banned\n|rule|OHKO Clause: OHKO moves are banned\n|rule|Evasion Moves Clause: Evasion moves are banned\n|rule|Evasion Abilities Clause: Evasion abilities are banned\n|rule|Species Clause: Limit one of each Pok\u00e9mon\n|rule|Gravity Sleep Clause: The combination of sleep-inducing moves with imperfect accuracy and Gravity or Gigantamax Orbeetle are banned\n|clearpoke\n|poke|p1|Tyranitar, M|\n|poke|p1|Landorus-Therian, M|\n|poke|p1|Heatran, M|\n|poke|p1|Houndstone, F|\n|poke|p1|Dracovish|\n|poke|p1|Rillaboom, F|\n|poke|p2|Ogerpon-Hearthflame, F|\n|poke|p2|Venusaur, F|\n|poke|p2|Iron Hands|\n|poke|p2|Flutter Mane|\n|poke|p2|Charizard, M|\n|poke|p2|Volcanion|\n|teampreview\n|inactive|Battle timer is ON: inactive players will automatically lose when time's up. (requested by Arnaenaed \u223e)\n|\n|t:|1700840985\n|start\n|switch|p1a: Landorus|Landorus-Therian, M|100\/100\n|switch|p1b: Heatran|Heatran, M|100\/100\n|switch|p2a: Venusaur|Venusaur, F|100\/100\n|switch|p2b: Iron Hands|Iron Hands|100\/100\n|-ability|p1a: Landorus|Intimidate|boost\n|-unboost|p2a: Venusaur|atk|1\n|-unboost|p2b: Iron Hands|atk|1\n|turn|1\n|inactive|Arnaenaed \u223e has 270 seconds left.\n|inactive|Arnaenaed \u223e has 240 seconds left.\n|\n|t:|1700841055\n|switch|p1a: Rillaboom|Rillaboom, F|100\/100\n|-fieldstart|move: Grassy Terrain|[from] ability: Grassy Surge|[of] p1a: Rillaboom\n|switch|p1b: Houndstone|Houndstone, F|100\/100\n|move|p2b: Iron Hands|Fake Out|p1b: Houndstone\n|-immune|p1b: Houndstone\n|-zpower|p2a: Venusaur\n|move|p2a: Venusaur|Z-Sleep Powder|p1a: Rillaboom|[anim]Sleep Powder\n|-boost|p2a: Venusaur|spe|1|[zeffect]\n|-immune|p1a: Rillaboom\n|\n|upkeep\n|turn|2\n|inactive|Arnaenaed \u223e has 240 seconds left.\n|\n|t:|1700841078\n|-end|p2b: Iron Hands|Quark Drive|[silent]\n|switch|p2b: Charizard|Charizard, M|100\/100\n|move|p1a: Rillaboom|Fake Out|p2a: Venusaur\n|-crit|p2a: Venusaur\n|-damage|p2a: Venusaur|74\/100\n|cant|p2a: Venusaur|flinch\n|move|p1b: Houndstone|Will-O-Wisp|p2b: Charizard\n|-immune|p2b: Charizard\n|\n|-heal|p2a: Venusaur|80\/100|[from] Grassy Terrain\n|upkeep\n|turn|3\n|inactive|Arnaenaed \u223e has 240 seconds left.\n|\n|t:|1700841120\n|switch|p1a: Heatran|Heatran, M|100\/100\n|move|p1b: Houndstone|Protect|p1b: Houndstone\n|-singleturn|p1b: Houndstone|Protect\n|move|p2a: Venusaur|Sleep Powder|p1b: Houndstone\n|-activate|p1b: Houndstone|move: Protect\n|move|p2b: Charizard|Will-O-Wisp|p1a: Heatran\n|-start|p1a: Heatran|ability: Flash Fire\n|\n|-heal|p2a: Venusaur|86\/100|[from] Grassy Terrain\n|upkeep\n|turn|4\n|inactive|Arnaenaed \u223e has 240 seconds left.\n|\n|t:|1700841145\n|switch|p1b: Dracovish|Dracovish|100\/100\n|-terastallize|p1a: Heatran|Grass\n|move|p2a: Venusaur|Earth Power|p1a: Heatran\n|-resisted|p1a: Heatran\n|-damage|p1a: Heatran|93\/100\n|move|p2b: Charizard|Will-O-Wisp|p1b: Dracovish\n|-status|p1b: Dracovish|brn\n|move|p1a: Heatran|Heat Wave|p2b: Charizard|[spread] p2a\n|-miss|p1a: Heatran|p2b: Charizard\n|-supereffective|p2a: Venusaur\n|-damage|p2a: Venusaur|0 fnt\n|faint|p2a: Venusaur\n|\n|-heal|p1a: Heatran|99\/100|[from] Grassy Terrain\n|-damage|p1b: Dracovish|94\/100 brn|[from] brn\n|upkeep\n|inactive|Kazutoxo has 270 seconds left.\n|\n|t:|1700841175\n|switch|p2a: Iron Hands|Iron Hands|100\/100\n|turn|5\n|inactive|Kazutoxo has 270 seconds left.\n|\n|t:|1700841194\n|move|p2a: Iron Hands|Fake Out|p1a: Heatran\n|-damage|p1a: Heatran|89\/100\n|move|p2b: Charizard|Air Slash|p1a: Heatran\n|-supereffective|p1a: Heatran\n|-damage|p1a: Heatran|50\/100\n|move|p1b: Dracovish|Psychic Fangs|p2a: Iron Hands\n|-supereffective|p2a: Iron Hands\n|-damage|p2a: Iron Hands|77\/100\n|cant|p1a: Heatran|flinch\n|\n|-heal|p1b: Dracovish|100\/100 brn|[from] Grassy Terrain\n|-heal|p1a: Heatran|56\/100|[from] Grassy Terrain\n|-heal|p2a: Iron Hands|84\/100|[from] Grassy Terrain\n|-damage|p1b: Dracovish|94\/100 brn|[from] brn\n|-fieldend|move: Grassy Terrain\n|upkeep\n|turn|6\n|inactive|Kazutoxo has 270 seconds left.\n|\n|t:|1700841220\n|switch|p1b: Landorus|Landorus-Therian, M|100\/100\n|-ability|p1b: Landorus|Intimidate|boost\n|-unboost|p2a: Iron Hands|atk|1\n|-unboost|p2b: Charizard|atk|1\n|-end|p1a: Heatran|ability: Flash Fire|[silent]\n|switch|p1a: Tyranitar|Tyranitar, M|100\/100\n|-weather|Sandstorm|[from] ability: Sand Stream|[of] p1a: Tyranitar\n|detailschange|p2b: Charizard|Charizard-Mega-Y, M\n|-mega|p2b: Charizard|Charizard|Charizardite Y\n|-weather|SunnyDay|[from] ability: Drought|[of] p2b: Charizard\n|move|p2b: Charizard|Air Slash|p1a: Tyranitar\n|-resisted|p1a: Tyranitar\n|-damage|p1a: Tyranitar|82\/100\n|move|p2a: Iron Hands|Ice Punch|p1a: Tyranitar\n|-damage|p1a: Tyranitar|69\/100\n|\n|-weather|SunnyDay|[upkeep]\n|upkeep\n|turn|7\n|inactive|Arnaenaed \u223e has 270 seconds left.\n|inactive|Kazutoxo has 270 seconds left.\n|inactive|Arnaenaed \u223e has 240 seconds left.\n|\n|t:|1700841266\n|switch|p1a: Rillaboom|Rillaboom, F|100\/100\n|-fieldstart|move: Grassy Terrain|[from] ability: Grassy Surge|[of] p1a: Rillaboom\n|-end|p2a: Iron Hands|Quark Drive|[silent]\n|switch|p2a: Ogerpon|Ogerpon-Hearthflame, F|100\/100\n|-ability|p2a: Ogerpon|Mold Breaker\n|move|p2b: Charizard|Will-O-Wisp|p1b: Landorus\n|-status|p1b: Landorus|brn\n|move|p1b: Landorus|Stone Edge|p2b: Charizard\n|-supereffective|p2b: Charizard\n|-damage|p2b: Charizard|0 fnt\n|faint|p2b: Charizard\n|\n|-weather|SunnyDay|[upkeep]\n|-damage|p1b: Landorus|94\/100 brn|[from] brn\n|upkeep\n|inactive|Kazutoxo has 270 seconds left.\n|\n|t:|1700841289\n|switch|p2b: Flutter Mane|Flutter Mane|100\/100\n|-activate|p2b: Flutter Mane|ability: Protosynthesis\n|-start|p2b: Flutter Mane|protosynthesisspe\n|turn|8\n|inactive|Kazutoxo has 270 seconds left.\n|inactive|Kazutoxo has 240 seconds left.\n|inactive|Arnaenaed \u223e has 240 seconds left.\n|\n|t:|1700841356\n|-terastallize|p2b: Flutter Mane|Fairy\n|move|p1a: Rillaboom|Grassy Glide|p2b: Flutter Mane\n|-damage|p2b: Flutter Mane|24\/100\n|move|p2b: Flutter Mane|Dazzling Gleam|p1b: Landorus|[spread] p1a,p1b\n|-damage|p1a: Rillaboom|56\/100\n|-damage|p1b: Landorus|51\/100 brn\n|move|p2a: Ogerpon|Ivy Cudgel|p1a: Rillaboom|[anim] Ivy Cudgel Fire\n|-supereffective|p1a: Rillaboom\n|-damage|p1a: Rillaboom|0 fnt\n|faint|p1a: Rillaboom\n|move|p1b: Landorus|Stone Edge|p2a: Ogerpon\n|-supereffective|p2a: Ogerpon\n|-damage|p2a: Ogerpon|44\/100\n|\n|-weather|SunnyDay|[upkeep]\n|-heal|p2b: Flutter Mane|30\/100|[from] Grassy Terrain\n|-heal|p2a: Ogerpon|50\/100|[from] Grassy Terrain\n|-damage|p1b: Landorus|45\/100 brn|[from] brn\n|upkeep\n|\n|t:|1700841380\n|switch|p1a: Tyranitar|Tyranitar, M|69\/100\n|-weather|Sandstorm|[from] ability: Sand Stream|[of] p1a: Tyranitar\n|-end|p2b: Flutter Mane|Protosynthesis\n|turn|9\n|\n|t:|1700841401\n|move|p2a: Ogerpon|Spiky Shield|p2a: Ogerpon\n|-singleturn|p2a: Ogerpon|move: Protect\n|move|p2b: Flutter Mane|Dazzling Gleam|p1a: Tyranitar|[spread] p1a,p1b\n|-supereffective|p1a: Tyranitar\n|-damage|p1a: Tyranitar|0 fnt\n|-damage|p1b: Landorus|3\/100 brn\n|faint|p1a: Tyranitar\n|move|p1b: Landorus|Rock Slide|p2b: Flutter Mane|[spread] p2b\n|-activate|p2a: Ogerpon|move: Protect\n|-damage|p2b: Flutter Mane|4\/100\n|\n|-weather|Sandstorm|[upkeep]\n|-damage|p2b: Flutter Mane|0 fnt|[from] Sandstorm\n|-damage|p2a: Ogerpon|44\/100|[from] Sandstorm\n|faint|p2b: Flutter Mane\n|-end|p2b: Flutter Mane|Protosynthesis|[silent]\n|-heal|p2a: Ogerpon|50\/100|[from] Grassy Terrain\n|-damage|p1b: Landorus|0 fnt|[from] brn\n|faint|p1b: Landorus\n|upkeep\n|inactive|Arnaenaed \u223e has 240 seconds left.\n|inactive|Kazutoxo has 270 seconds left.\n|inactive|Kazutoxo has 240 seconds left.\n|\n|t:|1700841439\n|switch|p2b: Volcanion|Volcanion|100\/100\n|switch|p1b: Heatran|Heatran, M, tera:Grass|56\/100\n|switch|p1a: Houndstone|Houndstone, F|100\/100\n|turn|10\n|\n|t:|1700841464\n|move|p2a: Ogerpon|Spiky Shield||[still]\n|-fail|p2a: Ogerpon\n|move|p1a: Houndstone|Last Respects|p2a: Ogerpon\n|-damage|p2a: Ogerpon|0 fnt\n|faint|p2a: Ogerpon\n|move|p1b: Heatran|Earth Power|p2b: Volcanion\n|-supereffective|p2b: Volcanion\n|-damage|p2b: Volcanion|51\/100\n|move|p2b: Volcanion|Steam Eruption|p1a: Houndstone\n|-damage|p1a: Houndstone|35\/100\n|\n|-weather|Sandstorm|[upkeep]\n|-damage|p1b: Heatran|50\/100|[from] Sandstorm\n|-damage|p2b: Volcanion|45\/100|[from] Sandstorm\n|-heal|p1a: Houndstone|41\/100|[from] Grassy Terrain\n|-heal|p1b: Heatran|56\/100|[from] Grassy Terrain\n|-heal|p2b: Volcanion|51\/100|[from] Grassy Terrain\n|upkeep\n|inactive|Kazutoxo has 240 seconds left.\n|\n|t:|1700841484\n|switch|p2a: Iron Hands|Iron Hands|84\/100\n|turn|11\n|\n|t:|1700841498\n|move|p1a: Houndstone|Protect|p1a: Houndstone\n|-singleturn|p1a: Houndstone|Protect\n|move|p2a: Iron Hands|Fake Out|p1b: Heatran\n|-damage|p1b: Heatran|46\/100\n|cant|p1b: Heatran|flinch\n|move|p2b: Volcanion|Steam Eruption|p1a: Houndstone\n|-activate|p1a: Houndstone|move: Protect\n|\n|-weather|Sandstorm|[upkeep]\n|-damage|p1b: Heatran|39\/100|[from] Sandstorm\n|-damage|p2b: Volcanion|45\/100|[from] Sandstorm\n|-damage|p2a: Iron Hands|77\/100|[from] Sandstorm\n|-heal|p1a: Houndstone|47\/100|[from] Grassy Terrain\n|-heal|p1b: Heatran|46\/100|[from] Grassy Terrain\n|-heal|p2b: Volcanion|51\/100|[from] Grassy Terrain\n|-heal|p2a: Iron Hands|84\/100|[from] Grassy Terrain\n|-fieldend|move: Grassy Terrain\n|upkeep\n|turn|12\n|inactive|Arnaenaed \u223e has 270 seconds left.\n|inactive|Kazutoxo has 270 seconds left.\n|inactive|Kazutoxo has 240 seconds left.\n|\n|t:|1700841536\n|switch|p1a: Dracovish|Dracovish|94\/100 brn\n|move|p1b: Heatran|Earth Power|p2b: Volcanion\n|-supereffective|p2b: Volcanion\n|-damage|p2b: Volcanion|2\/100\n|move|p2b: Volcanion|Steam Eruption|p1a: Dracovish\n|-resisted|p1a: Dracovish\n|-damage|p1a: Dracovish|77\/100 brn\n|move|p2a: Iron Hands|Ice Punch|p1b: Heatran\n|-supereffective|p1b: Heatran\n|-damage|p1b: Heatran|8\/100\n|\n|-weather|Sandstorm|[upkeep]\n|-damage|p1b: Heatran|2\/100|[from] Sandstorm\n|-damage|p2b: Volcanion|0 fnt|[from] Sandstorm\n|-damage|p2a: Iron Hands|77\/100|[from] Sandstorm\n|faint|p2b: Volcanion\n|-damage|p1a: Dracovish|71\/100 brn|[from] brn\n|upkeep\n|turn|13\n|inactive|Arnaenaed \u223e has 270 seconds left.\n|\n|t:|1700841559\n|move|p1a: Dracovish|Fishious Rend|p2a: Iron Hands\n|-damage|p2a: Iron Hands|44\/100\n|move|p1b: Heatran|Earth Power|p2a: Iron Hands\n|-supereffective|p2a: Iron Hands\n|-damage|p2a: Iron Hands|11\/100\n|move|p2a: Iron Hands|Drain Punch|p1a: Dracovish\n|-damage|p1a: Dracovish|34\/100 brn\n|-heal|p2a: Iron Hands|24\/100|[from] drain|[of] p1a: Dracovish\n|\n|-weather|none\n|-damage|p1a: Dracovish|28\/100 brn|[from] brn\n|upkeep\n|turn|14\n|\n|t:|1700841574\n|move|p1a: Dracovish|Fishious Rend|p2a: Iron Hands\n|-crit|p2a: Iron Hands\n|-damage|p2a: Iron Hands|0 fnt\n|faint|p2a: Iron Hands\n|-end|p2a: Iron Hands|Quark Drive|[silent]\n|\n|win|Arnaenaed \u223e\n|c|\u2606Arnaenaed \u223e|gg\n","uploadtime":1700841580,"views":1,"p1id":"arnaenaed","p2id":"kazutoxo","formatid":"gen9nationaldexdoubles","rating":0,"private":0,"password":""}