{"id":"gen9nationaldexdoubles-1972374574","p1":"delicioustree","p2":"Facu2112","format":"[Gen 9] National Dex Doubles","log":"|j|\u2606delicioustree\n|j|\u2606Facu2112\n|t:|1697836145\n|gametype|doubles\n|player|p1|delicioustree|acetrainerf-gen6xy|1000\n|player|p2|Facu2112|volkner|1088\n|teamsize|p1|6\n|teamsize|p2|6\n|gen|9\n|tier|[Gen 9] National Dex Doubles\n|rated|\n|rule|HP Percentage Mod: HP is shown in percentages\n|rule|Endless Battle Clause: Forcing endless battles is banned\n|rule|OHKO Clause: OHKO moves are banned\n|rule|Evasion Moves Clause: Evasion moves are banned\n|rule|Evasion Abilities Clause: Evasion abilities are banned\n|rule|Species Clause: Limit one of each Pok\u00e9mon\n|rule|Gravity Sleep Clause: The combination of sleep-inducing moves with imperfect accuracy and Gravity or Gigantamax Orbeetle are banned\n|clearpoke\n|poke|p1|Jirachi|\n|poke|p1|Mismagius, M|\n|poke|p1|Audino, F|\n|poke|p1|Delphox, F|\n|poke|p1|Mienshao, F|\n|poke|p1|Altaria, M|\n|poke|p2|Arcanine, F|\n|poke|p2|Kommo-o, M|\n|poke|p2|Dragonite, F|\n|poke|p2|Baxcalibur, M|\n|poke|p2|Armarouge, M|\n|poke|p2|Tyrantrum, M|\n|teampreview\n|\n|t:|1697836154\n|start\n|switch|p1a: Audino|Audino, F|100\/100\n|switch|p1b: Mienshao|Mienshao, F|100\/100\n|switch|p2a: Kommo-o|Kommo-o, M|100\/100\n|switch|p2b: Arcanine|Arcanine, F, shiny|100\/100\n|-ability|p2b: Arcanine|Intimidate|boost\n|-unboost|p1a: Audino|atk|1\n|-unboost|p1b: Mienshao|atk|1\n|turn|1\n|\n|t:|1697836175\n|move|p1b: Mienshao|Fake Out|p2a: Kommo-o\n|-damage|p2a: Kommo-o|89\/100\n|-damage|p1b: Mienshao|91\/100|[from] item: Life Orb\n|move|p2b: Arcanine|Will-O-Wisp|p1b: Mienshao\n|-status|p1b: Mienshao|brn\n|cant|p2a: Kommo-o|flinch\n|move|p1a: Audino|Reflect|p1a: Audino\n|-sidestart|p1: delicioustree|Reflect\n|\n|-damage|p1b: Mienshao|85\/100 brn|[from] brn\n|upkeep\n|turn|2\n|\n|t:|1697836205\n|move|p1a: Audino|Helping Hand|p1b: Mienshao\n|-singleturn|p1b: Mienshao|Helping Hand|[of] p1a: Audino\n|move|p1b: Mienshao|Stone Edge|p2b: Arcanine\n|-supereffective|p2b: Arcanine\n|-damage|p2b: Arcanine|45\/100\n|-damage|p1b: Mienshao|75\/100 brn|[from] item: Life Orb\n|move|p2b: Arcanine|Wild Charge|p1a: Audino\n|-damage|p1a: Audino|88\/100\n|-damage|p2b: Arcanine|28\/100|[from] item: Rocky Helmet|[of] p1a: Audino\n|-damage|p2b: Arcanine|25\/100|[from] Recoil\n|move|p2a: Kommo-o|Clanging Scales|p1b: Mienshao|[spread] p1a,p1b\n|-damage|p1a: Audino|59\/100\n|-damage|p1b: Mienshao|2\/100 brn\n|-unboost|p2a: Kommo-o|def|1\n|\n|-damage|p1b: Mienshao|0 fnt|[from] brn\n|faint|p1b: Mienshao\n|upkeep\n|\n|t:|1697836223\n|switch|p1b: Sriracha|Jirachi|100\/100\n|turn|3\n|\n|t:|1697836235\n|move|p1a: Audino|Helping Hand|p1b: Sriracha\n|-singleturn|p1b: Sriracha|Helping Hand|[of] p1a: Audino\n|move|p2b: Arcanine|Close Combat|p1a: Audino\n|-supereffective|p1a: Audino\n|-damage|p1a: Audino|27\/100\n|-unboost|p2b: Arcanine|def|1\n|-unboost|p2b: Arcanine|spd|1\n|-damage|p2b: Arcanine|9\/100|[from] item: Rocky Helmet|[of] p1a: Audino\n|move|p1b: Sriracha|Psychic|p2a: Kommo-o\n|-supereffective|p2a: Kommo-o\n|-damage|p2a: Kommo-o|0 fnt\n|faint|p2a: Kommo-o\n|\n|upkeep\n|\n|t:|1697836249\n|switch|p2a: Dragonite|Dragonite, F|100\/100\n|turn|4\n|\n|t:|1697836280\n|move|p2b: Arcanine|Double-Edge|p1a: Audino\n|-damage|p1a: Audino|9\/100\n|-damage|p2b: Arcanine|0 fnt|[from] item: Rocky Helmet|[of] p1a: Audino\n|faint|p2b: Arcanine\n|move|p1b: Sriracha|Stealth Rock|p2a: Dragonite\n|-sidestart|p2: Facu2112|move: Stealth Rock\n|move|p2a: Dragonite|Draco Meteor|p1b: Sriracha\n|-resisted|p1b: Sriracha\n|-damage|p1b: Sriracha|86\/100\n|-unboost|p2a: Dragonite|spa|2\n|move|p1a: Audino|Blizzard|p2a: Dragonite|[miss]\n|-miss|p1a: Audino|p2a: Dragonite\n|\n|-heal|p1b: Sriracha|93\/100|[from] item: Leftovers\n|upkeep\n|\n|t:|1697836295\n|switch|p2b: Baxcalibur|Baxcalibur, M|100\/100\n|turn|5\n|\n|t:|1697836331\n|switch|p1a: Mismagius|Mismagius, M|100\/100\n|move|p2b: Baxcalibur|Dragon Dance|p2b: Baxcalibur\n|-boost|p2b: Baxcalibur|atk|1\n|-boost|p2b: Baxcalibur|spe|1\n|move|p1b: Sriracha|Ice Punch|p2a: Dragonite\n|-supereffective|p2a: Dragonite\n|-damage|p2a: Dragonite|70\/100\n|move|p2a: Dragonite|Brick Break|p1a: Mismagius\n|-immune|p1a: Mismagius\n|\n|-heal|p1b: Sriracha|99\/100|[from] item: Leftovers\n|-sideend|p1: delicioustree|Reflect\n|upkeep\n|turn|6\n|\n|t:|1697836396\n|move|p2b: Baxcalibur|Glaive Rush|p1a: Mismagius\n|-crit|p1a: Mismagius\n|-damage|p1a: Mismagius|0 fnt\n|-singlemove|p2b: Baxcalibur|Glaive Rush|[silent]\n|faint|p1a: Mismagius\n|move|p1b: Sriracha|Flash Cannon|p2b: Baxcalibur\n|-supereffective|p2b: Baxcalibur\n|-damage|p2b: Baxcalibur|8\/100\n|move|p2a: Dragonite|Draco Meteor|p1b: Sriracha\n|-resisted|p1b: Sriracha\n|-damage|p1b: Sriracha|91\/100\n|-unboost|p2a: Dragonite|spa|2\n|\n|-heal|p1b: Sriracha|98\/100|[from] item: Leftovers\n|upkeep\n|\n|t:|1697836408\n|switch|p1a: Audino|Audino, F|43\/100\n|turn|7\n|\n|t:|1697836433\n|move|p2b: Baxcalibur|Glaive Rush|p1b: Sriracha\n|-resisted|p1b: Sriracha\n|-damage|p1b: Sriracha|57\/100\n|-singlemove|p2b: Baxcalibur|Glaive Rush|[silent]\n|move|p1b: Sriracha|Flash Cannon|p2b: Baxcalibur\n|-supereffective|p2b: Baxcalibur\n|-damage|p2b: Baxcalibur|0 fnt\n|faint|p2b: Baxcalibur\n|move|p2a: Dragonite|Brick Break|p1a: Audino\n|-supereffective|p1a: Audino\n|-crit|p1a: Audino\n|-damage|p1a: Audino|0 fnt\n|-damage|p2a: Dragonite|53\/100|[from] item: Rocky Helmet|[of] p1a: Audino\n|faint|p1a: Audino\n|\n|-heal|p1b: Sriracha|64\/100|[from] item: Leftovers\n|upkeep\n|\n|t:|1697836456\n|switch|p2b: Armarouge|Armarouge, M|100\/100\n|switch|p1a: Delphox|Delphox, F|100\/100\n|-damage|p2b: Armarouge|76\/100|[from] Stealth Rock\n|turn|8\n|\n|t:|1697836473\n|move|p1a: Delphox|Hypnosis|p2b: Armarouge\n|-status|p2b: Armarouge|slp|[from] move: Hypnosis\n|move|p1b: Sriracha|Ice Punch|p2a: Dragonite\n|-supereffective|p2a: Dragonite\n|-damage|p2a: Dragonite|0 fnt\n|faint|p2a: Dragonite\n|cant|p2b: Armarouge|slp\n|\n|-heal|p1b: Sriracha|70\/100|[from] item: Leftovers\n|upkeep\n|\n|t:|1697836489\n|switch|p2a: Tyrantrum|Tyrantrum, M, shiny|100\/100\n|-damage|p2a: Tyrantrum|88\/100|[from] Stealth Rock\n|turn|9\n|\n|t:|1697836526\n|move|p1a: Delphox|Hypnosis|p2a: Tyrantrum\n|-status|p2a: Tyrantrum|slp|[from] move: Hypnosis\n|move|p1b: Sriracha|Flash Cannon|p2a: Tyrantrum\n|-supereffective|p2a: Tyrantrum\n|-damage|p2a: Tyrantrum|38\/100 slp\n|cant|p2b: Armarouge|slp\n|cant|p2a: Tyrantrum|slp\n|\n|-heal|p1b: Sriracha|76\/100|[from] item: Leftovers\n|upkeep\n|turn|10\n|\n|t:|1697836556\n|move|p1a: Delphox|Dazzling Gleam|p2a: Tyrantrum|[spread] p2a,p2b\n|-supereffective|p2a: Tyrantrum\n|-resisted|p2b: Armarouge\n|-damage|p2a: Tyrantrum|0 fnt\n|-damage|p2b: Armarouge|66\/100 slp\n|faint|p2a: Tyrantrum\n|-damage|p1a: Delphox|91\/100|[from] item: Life Orb\n|move|p1b: Sriracha|Flash Cannon|p2b: Armarouge\n|-resisted|p2b: Armarouge\n|-damage|p2b: Armarouge|56\/100 slp\n|-unboost|p2b: Armarouge|spd|1\n|-curestatus|p2b: Armarouge|slp|[msg]\n|move|p2b: Armarouge|Armor Cannon|p1b: Sriracha\n|-supereffective|p1b: Sriracha\n|-damage|p1b: Sriracha|0 fnt\n|-unboost|p2b: Armarouge|def|1\n|-unboost|p2b: Armarouge|spd|1\n|faint|p1b: Sriracha\n|\n|upkeep\n|\n|t:|1697836572\n|switch|p1b: Altaria|Altaria, M|100\/100\n|turn|11\n|\n|t:|1697836595\n|detailschange|p1b: Altaria|Altaria-Mega, M\n|-mega|p1b: Altaria|Altaria|Altarianite\n|move|p1a: Delphox|Hypnosis|p2b: Armarouge|[miss]\n|-miss|p1a: Delphox|p2b: Armarouge\n|move|p2b: Armarouge|Armor Cannon|p1b: Altaria\n|-resisted|p1b: Altaria\n|-damage|p1b: Altaria|75\/100\n|-unboost|p2b: Armarouge|def|1\n|-unboost|p2b: Armarouge|spd|1\n|move|p1b: Altaria|Draco Meteor|p2b: Armarouge\n|-damage|p2b: Armarouge|0 fnt\n|-unboost|p1b: Altaria|spa|2\n|faint|p2b: Armarouge\n|\n|win|delicioustree\n|raw|delicioustree's rating: 1000 &rarr; <strong>1050<\/strong><br \/>(+50 for winning)\n|raw|Facu2112's rating: 1088 &rarr; <strong>1059<\/strong><br \/>(-29 for losing)\n|l|\u2606Facu2112\n","uploadtime":1697836614,"views":16,"p1id":"delicioustree","p2id":"facu2112","formatid":"gen9nationaldexdoubles","rating":1050,"private":0,"password":""}