{"id":"gen9nationaldexdoubles-1994167362","p1":"asuna12hvhcdgecb","p2":"loisgv","format":"[Gen 9] National Dex Doubles","log":"|j|\u2606asuna12hvhcdgecb\n|j|\u2606loisgv\n|t:|1700414646\n|gametype|doubles\n|player|p1|asuna12hvhcdgecb|backersf|1000\n|player|p2|loisgv|koga|1128\n|teamsize|p1|4\n|teamsize|p2|6\n|gen|9\n|tier|[Gen 9] National Dex Doubles\n|rated|\n|rule|HP Percentage Mod: HP is shown in percentages\n|rule|Endless Battle Clause: Forcing endless battles is banned\n|rule|OHKO Clause: OHKO moves are banned\n|rule|Evasion Moves Clause: Evasion moves are banned\n|rule|Evasion Abilities Clause: Evasion abilities are banned\n|rule|Species Clause: Limit one of each Pok\u00e9mon\n|rule|Gravity Sleep Clause: The combination of sleep-inducing moves with imperfect accuracy and Gravity or Gigantamax Orbeetle are banned\n|clearpoke\n|poke|p1|Greninja-*, M|\n|poke|p1|Ampharos, M|\n|poke|p1|Scizor, M|\n|poke|p1|Arcanine-Hisui, M|\n|poke|p2|Scolipede, F|\n|poke|p2|Salazzle, F|\n|poke|p2|Iron Moth|\n|poke|p2|Weezing-Galar, M|\n|poke|p2|Beedrill, M|\n|poke|p2|Gengar, F|\n|teampreview\n|inactive|Battle timer is ON: inactive players will automatically lose when time's up. (requested by loisgv)\n|\n|t:|1700414664\n|start\n|switch|p1a: Greninja|Greninja, M|100\/100\n|switch|p1b: Ampharos|Ampharos, M|100\/100\n|switch|p2a: Salazzle|Salazzle, F|100\/100\n|switch|p2b: Gengar|Gengar, F|100\/100\n|turn|1\n|\n|t:|1700414681\n|move|p1a: Greninja|Water Shuriken|p2a: Salazzle\n|-start|p1a: Greninja|typechange|Water|[from] ability: Protean\n|-supereffective|p2a: Salazzle\n|-damage|p2a: Salazzle|81\/100\n|-supereffective|p2a: Salazzle\n|-damage|p2a: Salazzle|59\/100\n|-hitcount|p2a: Salazzle|2\n|move|p2a: Salazzle|Flamethrower|p1b: Ampharos\n|-damage|p1b: Ampharos|64\/100\n|move|p2b: Gengar|Thunder Wave|p1a: Greninja\n|-status|p1a: Greninja|par\n|move|p1b: Ampharos|Thunder Shock|p1a: Greninja\n|-supereffective|p1a: Greninja\n|-damage|p1a: Greninja|39\/100 par\n|-enditem|p1a: Greninja|Weakness Policy\n|-boost|p1a: Greninja|atk|2|[from] item: Weakness Policy\n|-boost|p1a: Greninja|spa|2|[from] item: Weakness Policy\n|\n|upkeep\n|turn|2\n|\n|t:|1700414708\n|cant|p1a: Greninja|par\n|move|p2a: Salazzle|Encore|p1b: Ampharos\n|-start|p1b: Ampharos|Encore\n|move|p2b: Gengar|Hex|p1a: Greninja\n|-damage|p1a: Greninja|0 fnt\n|faint|p1a: Greninja\n|move|p1b: Ampharos|Thunder Shock|p2b: Gengar\n|-damage|p2b: Gengar|68\/100\n|\n|upkeep\n|inactive|asuna12hvhcdgecb has 120 seconds left.\n|\n|t:|1700414719\n|switch|p1a: Scizor|Scizor, M|100\/100\n|turn|3\n|\n|t:|1700414729\n|detailschange|p1a: Scizor|Scizor-Mega, M\n|-mega|p1a: Scizor|Scizor|Scizorite\n|move|p2a: Salazzle|Will-O-Wisp|p1a: Scizor\n|-status|p1a: Scizor|brn\n|move|p2b: Gengar|Hex|p1a: Scizor\n|-damage|p1a: Scizor|25\/100 brn\n|move|p1a: Scizor|Swords Dance|p1a: Scizor\n|-boost|p1a: Scizor|atk|2\n|move|p1b: Ampharos|Thunder Shock|p2a: Salazzle\n|-damage|p2a: Salazzle|30\/100\n|\n|-damage|p1a: Scizor|19\/100 brn|[from] brn\n|upkeep\n|turn|4\n|\n|t:|1700414750\n|move|p2a: Salazzle|Flamethrower|p1a: Scizor\n|-supereffective|p1a: Scizor\n|-damage|p1a: Scizor|0 fnt\n|faint|p1a: Scizor\n|move|p2b: Gengar|Hex|p1b: Ampharos\n|-damage|p1b: Ampharos|24\/100\n|move|p1b: Ampharos|Thunder Shock|p2a: Salazzle\n|-damage|p2a: Salazzle|0 fnt\n|faint|p2a: Salazzle\n|\n|-end|p1b: Ampharos|Encore\n|upkeep\n|\n|t:|1700414762\n|switch|p2a: Beedrill|Beedrill, M|100\/100\n|switch|p1a: Arcanine|Arcanine-Hisui, M|100\/100\n|turn|5\n|\n|t:|1700414773\n|detailschange|p2a: Beedrill|Beedrill-Mega, M\n|-mega|p2a: Beedrill|Beedrill|Beedrillite\n|move|p2a: Beedrill|Drill Run|p1a: Arcanine\n|-supereffective|p1a: Arcanine\n|-damage|p1a: Arcanine|0 fnt\n|faint|p1a: Arcanine\n|move|p2b: Gengar|Perish Song|p2b: Gengar\n|-start|p1b: Ampharos|perish3|[silent]\n|-start|p2a: Beedrill|perish3|[silent]\n|-start|p2b: Gengar|perish3|[silent]\n|-fieldactivate|move: Perish Song\n|move|p1b: Ampharos|Dragon Tail|p2b: Gengar\n|-damage|p2b: Gengar|39\/100\n|drag|p2b: Iron Moth|Iron Moth|100\/100\n|-enditem|p2b: Iron Moth|Booster Energy\n|-activate|p2b: Iron Moth|ability: Quark Drive|[fromitem]\n|-start|p2b: Iron Moth|quarkdrivespe\n|\n|-start|p2a: Beedrill|perish3\n|-start|p1b: Ampharos|perish3\n|upkeep\n|turn|6\n|inactive|asuna12hvhcdgecb has 120 seconds left.\n|inactive|asuna12hvhcdgecb has 90 seconds left.\n|inactive|asuna12hvhcdgecb has 60 seconds left.\n|inactive|asuna12hvhcdgecb has 30 seconds left.\n|inactive|asuna12hvhcdgecb has 20 seconds left.\n|c|\u2606loisgv|Lol\n|inactive|asuna12hvhcdgecb has 15 seconds left.\n|inactive|asuna12hvhcdgecb has 10 seconds left.\n|c|\u2606loisgv|Purposefully delaying? Fkn loser\n|inactive|asuna12hvhcdgecb has 5 seconds left.\n|c|\u2606loisgv|HAHA\n|-message|asuna12hvhcdgecb lost due to inactivity.\n|\n|win|loisgv\n|raw|asuna12hvhcdgecb's rating: 1000 &rarr; <strong>1000<\/strong><br \/>(+0 for losing)\n|raw|loisgv's rating: 1128 &rarr; <strong>1144<\/strong><br \/>(+16 for winning)\n|c|\u2606loisgv|Salty\n|l|\u2606loisgv\n","uploadtime":1700415071,"views":2,"p1id":"asuna12hvhcdgecb","p2id":"loisgv","formatid":"gen9nationaldexdoubles","rating":1000,"private":0,"password":""}