{"id":"gen9nationaldexdoubles-1968546369","p1":"Slash Death","p2":"Smudge","format":"[Gen 9] National Dex Doubles","log":"|j|\u2606Slash Death\n|j|\u2606Smudge\n|t:|1697431327\n|gametype|doubles\n|player|p1|Slash Death|unknown|\n|player|p2|Smudge|#dwcopiii|\n|teamsize|p1|6\n|teamsize|p2|6\n|gen|9\n|tier|[Gen 9] National Dex Doubles\n|rated|Tournament battle\n|rule|HP Percentage Mod: HP is shown in percentages\n|rule|Endless Battle Clause: Forcing endless battles is banned\n|rule|OHKO Clause: OHKO moves are banned\n|rule|Evasion Moves Clause: Evasion moves are banned\n|rule|Evasion Abilities Clause: Evasion abilities are banned\n|rule|Species Clause: Limit one of each Pok\u00e9mon\n|rule|Gravity Sleep Clause: The combination of sleep-inducing moves with imperfect accuracy and Gravity or Gigantamax Orbeetle are banned\n|clearpoke\n|poke|p1|Cresselia, F|\n|poke|p1|Ursaluna, F|\n|poke|p1|Diancie|\n|poke|p1|Kingambit, F|\n|poke|p1|Iron Hands|\n|poke|p1|Camerupt, F|\n|poke|p2|Urshifu-*, M|\n|poke|p2|Chien-Pao|\n|poke|p2|Rillaboom, F|\n|poke|p2|Tornadus, M|\n|poke|p2|Flutter Mane|\n|poke|p2|Chi-Yu|\n|teampreview\n|inactive|Battle timer is ON: inactive players will automatically lose when time's up. (requested by Smudge)\n|c|\u2606Smudge|hf\n|inactive|Smudge has 120 seconds left.\n|\n|t:|1697431358\n|start\n|switch|p1a: Cresselia|Cresselia, F|100\/100\n|switch|p1b: Diancie|Diancie|100\/100\n|switch|p2a: Urshifu|Urshifu-Rapid-Strike, M|100\/100\n|switch|p2b: Chi-Yu|Chi-Yu|100\/100\n|-ability|p2b: Chi-Yu|Beads of Ruin\n|turn|1\n|\n|t:|1697431380\n|move|p1a: Cresselia|Ally Switch|p1a: Cresselia\n|swap|p1a: Cresselia|1|[from] move: Ally Switch\n|move|p2a: Urshifu|Surging Strikes|p1b: Cresselia\n|-crit|p1b: Cresselia\n|-damage|p1b: Cresselia|90\/100\n|-crit|p1b: Cresselia\n|-damage|p1b: Cresselia|80\/100\n|-crit|p1b: Cresselia\n|-damage|p1b: Cresselia|70\/100\n|-hitcount|p1b: Cresselia|3\n|move|p2b: Chi-Yu|Heat Wave|p1b: Cresselia|[spread] p1a,p1b\n|-resisted|p1a: Diancie\n|-damage|p1a: Diancie|73\/100\n|-damage|p1b: Cresselia|29\/100\n|-damage|p2b: Chi-Yu|91\/100|[from] item: Life Orb\n|move|p1a: Diancie|Trick Room|p1a: Diancie\n|-fieldstart|move: Trick Room|[of] p1a: Diancie\n|\n|upkeep\n|turn|2\n|\n|t:|1697431396\n|-terastallize|p1a: Diancie|Grass\n|move|p2b: Chi-Yu|Protect|p2b: Chi-Yu\n|-singleturn|p2b: Chi-Yu|Protect\n|move|p1a: Diancie|Diamond Storm|p2b: Chi-Yu|[spread] p2a\n|-activate|p2b: Chi-Yu|move: Protect\n|-resisted|p2a: Urshifu\n|-damage|p2a: Urshifu|85\/100\n|-boost|p1a: Diancie|def|2\n|move|p1b: Cresselia|Dazzling Gleam|p2a: Urshifu|[spread] p2a\n|-activate|p2b: Chi-Yu|move: Protect\n|-supereffective|p2a: Urshifu\n|-damage|p2a: Urshifu|37\/100\n|move|p2a: Urshifu|Surging Strikes|p1a: Diancie\n|-resisted|p1a: Diancie\n|-crit|p1a: Diancie\n|-damage|p1a: Diancie|66\/100\n|-resisted|p1a: Diancie\n|-crit|p1a: Diancie\n|-damage|p1a: Diancie|58\/100\n|-resisted|p1a: Diancie\n|-crit|p1a: Diancie\n|-damage|p1a: Diancie|49\/100\n|-enditem|p1a: Diancie|Sitrus Berry|[eat]\n|-heal|p1a: Diancie|74\/100|[from] item: Sitrus Berry\n|-hitcount|p1a: Diancie|3\n|\n|upkeep\n|turn|3\n|\n|t:|1697431426\n|-terastallize|p2b: Chi-Yu|Ghost\n|move|p1a: Diancie|Diamond Storm|p2b: Chi-Yu|[spread] p2b\n|-miss|p1a: Diancie|p2a: Urshifu\n|-damage|p2b: Chi-Yu|44\/100\n|move|p1b: Cresselia|Dazzling Gleam|p2b: Chi-Yu|[spread] p2a,p2b\n|-supereffective|p2a: Urshifu\n|-damage|p2a: Urshifu|0 fnt\n|-damage|p2b: Chi-Yu|33\/100\n|faint|p2a: Urshifu\n|move|p2b: Chi-Yu|Heat Wave|p1b: Cresselia|[spread] p1a\n|-miss|p2b: Chi-Yu|p1b: Cresselia\n|-supereffective|p1a: Diancie\n|-damage|p1a: Diancie|0 fnt\n|faint|p1a: Diancie\n|-damage|p2b: Chi-Yu|23\/100|[from] item: Life Orb\n|\n|upkeep\n|\n|t:|1697431445\n|switch|p1a: Camerupt|Camerupt, F|100\/100\n|switch|p2a: Rillaboom|Rillaboom, F|100\/100\n|-fieldstart|move: Grassy Terrain|[from] ability: Grassy Surge|[of] p2a: Rillaboom\n|turn|4\n|\n|t:|1697431457\n|detailschange|p1a: Camerupt|Camerupt-Mega, F\n|-mega|p1a: Camerupt|Camerupt|Cameruptite\n|move|p1a: Camerupt|Protect|p1a: Camerupt\n|-singleturn|p1a: Camerupt|Protect\n|move|p2b: Chi-Yu|Protect|p2b: Chi-Yu\n|-singleturn|p2b: Chi-Yu|Protect\n|move|p2a: Rillaboom|Fake Out|p1a: Camerupt\n|-activate|p1a: Camerupt|move: Protect\n|move|p1b: Cresselia|Lunar Blessing|p1b: Cresselia|[spread] p1a,p1b\n|-heal|p1b: Cresselia|54\/100\n|\n|-heal|p2b: Chi-Yu|29\/100|[from] Grassy Terrain\n|upkeep\n|turn|5\n|\n|t:|1697431479\n|switch|p2b: Tornadus|Tornadus, M|100\/100\n|move|p2a: Rillaboom|Grassy Glide|p1a: Camerupt\n|-damage|p1a: Camerupt|58\/100\n|move|p1a: Camerupt|Eruption|p2a: Rillaboom|[spread] p2a,p2b\n|-supereffective|p2a: Rillaboom\n|-damage|p2a: Rillaboom|41\/100\n|-damage|p2b: Tornadus|57\/100\n|move|p1b: Cresselia|Lunar Blessing|p1b: Cresselia|[spread] p1a,p1b\n|-heal|p1a: Camerupt|83\/100\n|-heal|p1b: Cresselia|79\/100\n|\n|-heal|p1a: Camerupt|89\/100|[from] Grassy Terrain\n|-heal|p2a: Rillaboom|47\/100|[from] Grassy Terrain\n|-fieldend|move: Trick Room\n|upkeep\n|turn|6\n|\n|t:|1697431499\n|move|p1b: Cresselia|Ally Switch|p1b: Cresselia\n|swap|p1b: Cresselia|0|[from] move: Ally Switch\n|move|p2b: Tornadus|Taunt|p1b: Camerupt\n|-start|p1b: Camerupt|move: Taunt\n|move|p2a: Rillaboom|Wood Hammer|p1a: Cresselia\n|-damage|p1a: Cresselia|35\/100\n|-damage|p2a: Rillaboom|31\/100|[from] Recoil\n|move|p1b: Camerupt|Eruption|p2b: Tornadus|[spread] p2a,p2b\n|-supereffective|p2a: Rillaboom\n|-crit|p2b: Tornadus\n|-damage|p2a: Rillaboom|0 fnt\n|-damage|p2b: Tornadus|0 fnt\n|faint|p2a: Rillaboom\n|faint|p2b: Tornadus\n|\n|-heal|p1b: Camerupt|95\/100|[from] Grassy Terrain\n|upkeep\n|inactive|Smudge has 120 seconds left.\n|\n|t:|1697431517\n|switch|p2b: Chien-Pao|Chien-Pao|100\/100\n|switch|p2a: Flutter Mane|Flutter Mane|100\/100\n|-ability|p2b: Chien-Pao|Sword of Ruin\n|turn|7\n|\n|t:|1697431538\n|move|p2b: Chien-Pao|Icicle Crash|p1b: Camerupt\n|-damage|p1b: Camerupt|35\/100\n|move|p2a: Flutter Mane|Shadow Ball|p1a: Cresselia\n|-supereffective|p1a: Cresselia\n|-damage|p1a: Cresselia|0 fnt\n|faint|p1a: Cresselia\n|move|p1b: Camerupt|Heat Wave|p2b: Chien-Pao|[spread] p2a,p2b\n|-supereffective|p2b: Chien-Pao\n|-damage|p2a: Flutter Mane|46\/100\n|-enditem|p2b: Chien-Pao|Focus Sash\n|-damage|p2b: Chien-Pao|1\/100\n|\n|-heal|p2b: Chien-Pao|7\/100|[from] Grassy Terrain\n|-heal|p2a: Flutter Mane|52\/100|[from] Grassy Terrain\n|-heal|p1b: Camerupt|42\/100|[from] Grassy Terrain\n|upkeep\n|\n|t:|1697431552\n|switch|p1a: Iron Hands|Iron Hands|100\/100\n|-enditem|p1a: Iron Hands|Booster Energy\n|-activate|p1a: Iron Hands|ability: Quark Drive|[fromitem]\n|-start|p1a: Iron Hands|quarkdriveatk\n|turn|8\n|\n|t:|1697431567\n|switch|p2b: Chi-Yu|Chi-Yu, tera:Ghost|29\/100\n|-ability|p2b: Chi-Yu|Beads of Ruin\n|move|p1a: Iron Hands|Fake Out|p2b: Chi-Yu\n|-immune|p2b: Chi-Yu\n|move|p2a: Flutter Mane|Shadow Ball|p1b: Camerupt\n|-damage|p1b: Camerupt|0 fnt\n|faint|p1b: Camerupt\n|\n|-heal|p2a: Flutter Mane|58\/100|[from] Grassy Terrain\n|-heal|p2b: Chi-Yu|35\/100|[from] Grassy Terrain\n|-fieldend|move: Grassy Terrain\n|upkeep\n|\n|t:|1697431572\n|switch|p1b: Ursaluna|Ursaluna, F|100\/100\n|turn|9\n|\n|t:|1697431592\n|-end|p2a: Flutter Mane|Protosynthesis|[silent]\n|switch|p2a: Chien-Pao|Chien-Pao|7\/100\n|-ability|p2a: Chien-Pao|Sword of Ruin\n|move|p2b: Chi-Yu|Heat Wave|p1b: Ursaluna|[spread] p1a,p1b\n|-damage|p1a: Iron Hands|42\/100\n|-damage|p1b: Ursaluna|44\/100\n|-status|p1b: Ursaluna|brn\n|-damage|p2b: Chi-Yu|25\/100|[from] item: Life Orb\n|move|p1a: Iron Hands|Wild Charge|p2b: Chi-Yu\n|-damage|p2b: Chi-Yu|0 fnt\n|faint|p2b: Chi-Yu\n|-damage|p1a: Iron Hands|38\/100|[from] Recoil\n|move|p1b: Ursaluna|Stomping Tantrum|p2a: Chien-Pao\n|-damage|p2a: Chien-Pao|0 fnt\n|faint|p2a: Chien-Pao\n|\n|-damage|p1b: Ursaluna|38\/100 brn|[from] brn\n|upkeep\n|\n|t:|1697431608\n|switch|p2b: Flutter Mane|Flutter Mane|58\/100\n|turn|10\n|\n|t:|1697431616\n|move|p2b: Flutter Mane|Dazzling Gleam|p1a: Iron Hands|[spread] p1a,p1b\n|-supereffective|p1a: Iron Hands\n|-crit|p1b: Ursaluna\n|-damage|p1a: Iron Hands|0 fnt\n|-damage|p1b: Ursaluna|0 fnt\n|faint|p1a: Iron Hands\n|-end|p1a: Iron Hands|Quark Drive|[silent]\n|faint|p1b: Ursaluna\n|\n|upkeep\n|\n|t:|1697431618\n|switch|p1b: Kingambit|Kingambit, F|100\/100\n|turn|11\n|\n|t:|1697431624\n|move|p2b: Flutter Mane|Dazzling Gleam|p1b: Kingambit\n|-damage|p1b: Kingambit|47\/100\n|move|p1b: Kingambit|Iron Head|p2b: Flutter Mane\n|-supereffective|p2b: Flutter Mane\n|-damage|p2b: Flutter Mane|0 fnt\n|faint|p2b: Flutter Mane\n|-end|p2b: Flutter Mane|Protosynthesis|[silent]\n|\n|win|Slash Death\n|n|\u2606Slash Death|slashdeath\n|n|\u2606Smudge|smudge\n|c|\u2606Smudge|gg\n|c|\u2606Slash Death|Gg\n","uploadtime":1697431632,"views":18,"p1id":"slashdeath","p2id":"smudge","formatid":"gen9nationaldexdoubles","rating":0,"private":0,"password":""}