{"id":"gen9nationaldexdoubles-1987199030","p1":"RenLegend","p2":"QEUhfpisudv","format":"[Gen 9] National Dex Doubles","log":"|j|\u2606RenLegend\n|j|\u2606QEUhfpisudv\n|t:|1699564534\n|gametype|doubles\n|player|p1|RenLegend|swimmerf|1027\n|player|p2|QEUhfpisudv|ninjaboy|1043\n|teamsize|p1|5\n|teamsize|p2|6\n|gen|9\n|tier|[Gen 9] National Dex Doubles\n|rated|\n|rule|HP Percentage Mod: HP is shown in percentages\n|rule|Endless Battle Clause: Forcing endless battles is banned\n|rule|OHKO Clause: OHKO moves are banned\n|rule|Evasion Moves Clause: Evasion moves are banned\n|rule|Evasion Abilities Clause: Evasion abilities are banned\n|rule|Species Clause: Limit one of each Pok\u00e9mon\n|rule|Gravity Sleep Clause: The combination of sleep-inducing moves with imperfect accuracy and Gravity or Gigantamax Orbeetle are banned\n|clearpoke\n|poke|p1|Aegislash, F|\n|poke|p1|Urshifu-*, F|\n|poke|p1|Gallade, M|\n|poke|p1|Krookodile, M|\n|poke|p1|Flutter Mane|\n|poke|p2|Sinistcha-Masterpiece|\n|poke|p2|Rillaboom, M|\n|poke|p2|Jirachi|\n|poke|p2|Ursaluna, F|\n|poke|p2|Oranguru, M|\n|poke|p2|Indeedee-F, F|\n|teampreview\n|\n|t:|1699564542\n|start\n|switch|p1a: Aegislash|Aegislash, F|100\/100\n|switch|p1b: Flutter Mane|Flutter Mane|100\/100\n|switch|p2a: Rillaboom|Rillaboom, M|100\/100\n|switch|p2b: Sinistcha|Sinistcha-Masterpiece|100\/100\n|-fieldstart|move: Grassy Terrain|[from] ability: Grassy Surge|[of] p2a: Rillaboom\n|-enditem|p1b: Flutter Mane|Booster Energy\n|-activate|p1b: Flutter Mane|ability: Protosynthesis|[fromitem]\n|-start|p1b: Flutter Mane|protosynthesisspe\n|turn|1\n|\n|t:|1699564558\n|move|p1b: Flutter Mane|Mystical Fire|p2a: Rillaboom\n|-supereffective|p2a: Rillaboom\n|-damage|p2a: Rillaboom|44\/100\n|-unboost|p2a: Rillaboom|spa|1\n|move|p2a: Rillaboom|Stomping Tantrum|p1a: Aegislash\n|-supereffective|p1a: Aegislash\n|-damage|p1a: Aegislash|55\/100\n|-formechange|p1a: Aegislash|Aegislash-Blade||[from] ability: Stance Change\n|move|p1a: Aegislash|Night Slash|p2b: Sinistcha\n|-supereffective|p2b: Sinistcha\n|-crit|p2b: Sinistcha\n|-damage|p2b: Sinistcha|0 fnt\n|faint|p2b: Sinistcha\n|-damage|p1a: Aegislash|46\/100|[from] item: Life Orb\n|\n|-heal|p2a: Rillaboom|50\/100|[from] Grassy Terrain\n|-heal|p1a: Aegislash|52\/100|[from] Grassy Terrain\n|upkeep\n|\n|t:|1699564580\n|switch|p2b: Jirachi|Jirachi|100\/100\n|turn|2\n|\n|t:|1699564586\n|move|p2a: Rillaboom|Grassy Glide|p1b: Flutter Mane\n|-damage|p1b: Flutter Mane|14\/100\n|move|p1b: Flutter Mane|Mystical Fire|p2a: Rillaboom\n|-supereffective|p2a: Rillaboom\n|-damage|p2a: Rillaboom|0 fnt\n|faint|p2a: Rillaboom\n|move|p1a: Aegislash|Night Slash|p2b: Jirachi\n|-supereffective|p2b: Jirachi\n|-damage|p2b: Jirachi|41\/100\n|-damage|p1a: Aegislash|42\/100|[from] item: Life Orb\n|move|p2b: Jirachi|Trick Room|p2b: Jirachi\n|-fieldstart|move: Trick Room|[of] p2b: Jirachi\n|-enditem|p2b: Jirachi|Room Service\n|-unboost|p2b: Jirachi|spe|1|[from] item: Room Service\n|\n|-heal|p2b: Jirachi|47\/100|[from] Grassy Terrain\n|-heal|p1a: Aegislash|48\/100|[from] Grassy Terrain\n|-heal|p1b: Flutter Mane|20\/100|[from] Grassy Terrain\n|upkeep\n|\n|t:|1699564613\n|switch|p2a: Indeedee|Indeedee-F, F|100\/100\n|-fieldstart|move: Psychic Terrain|[from] ability: Psychic Surge|[of] p2a: Indeedee\n|turn|3\n|\n|t:|1699564621\n|move|p2a: Indeedee|Follow Me|p2a: Indeedee\n|-singleturn|p2a: Indeedee|move: Follow Me\n|move|p2b: Jirachi|Ancient Power|p1b: Flutter Mane\n|-damage|p1b: Flutter Mane|5\/100\n|move|p1a: Aegislash|Night Slash|p2a: Indeedee\n|-supereffective|p2a: Indeedee\n|-damage|p2a: Indeedee|30\/100\n|-damage|p1a: Aegislash|38\/100|[from] item: Life Orb\n|move|p1b: Flutter Mane|Shadow Ball|p2a: Indeedee\n|-immune|p2a: Indeedee\n|\n|upkeep\n|turn|4\n|inactive|Battle timer is ON: inactive players will automatically lose when time's up. (requested by QEUhfpisudv)\n|\n|t:|1699564640\n|move|p2a: Indeedee|Follow Me|p2a: Indeedee\n|-singleturn|p2a: Indeedee|move: Follow Me\n|move|p2b: Jirachi|Ancient Power|p1b: Flutter Mane\n|-crit|p1b: Flutter Mane\n|-damage|p1b: Flutter Mane|0 fnt\n|-boost|p2b: Jirachi|atk|1\n|-boost|p2b: Jirachi|def|1\n|-boost|p2b: Jirachi|spa|1\n|-boost|p2b: Jirachi|spd|1\n|-boost|p2b: Jirachi|spe|1\n|faint|p1b: Flutter Mane\n|-end|p1b: Flutter Mane|Protosynthesis|[silent]\n|move|p1a: Aegislash|Sacred Sword|p2a: Indeedee\n|-damage|p2a: Indeedee|0 fnt\n|faint|p2a: Indeedee\n|-damage|p1a: Aegislash|28\/100|[from] item: Life Orb\n|\n|upkeep\n|\n|t:|1699564658\n|switch|p2a: Ursaluna|Ursaluna, F|100\/100\n|switch|p1b: Urshifu|Urshifu-Rapid-Strike, F|100\/100\n|turn|5\n|\n|t:|1699564670\n|-formechange|p1a: Aegislash|Aegislash||[from] ability: Stance Change\n|move|p1a: Aegislash|King's Shield|p1a: Aegislash\n|-singleturn|p1a: Aegislash|Protect\n|move|p2a: Ursaluna|Headlong Rush|p1a: Aegislash\n|-activate|p1a: Aegislash|move: Protect\n|-unboost|p2a: Ursaluna|atk|1\n|move|p2b: Jirachi|Zen Headbutt|p1b: Urshifu\n|-supereffective|p1b: Urshifu\n|-damage|p1b: Urshifu|0 fnt\n|faint|p1b: Urshifu\n|\n|-status|p2a: Ursaluna|brn|[from] item: Flame Orb\n|upkeep\n|\n|t:|1699564687\n|switch|p1b: Gallade|Gallade, M|100\/100\n|turn|6\n|\n|t:|1699564703\n|detailschange|p1b: Gallade|Gallade-Mega, M\n|-mega|p1b: Gallade|Gallade|Galladite\n|move|p2a: Ursaluna|Headlong Rush|p1a: Aegislash\n|-supereffective|p1a: Aegislash\n|-damage|p1a: Aegislash|0 fnt\n|-unboost|p2a: Ursaluna|def|1\n|-unboost|p2a: Ursaluna|spd|1\n|faint|p1a: Aegislash\n|move|p2b: Jirachi|Zen Headbutt|p1b: Gallade\n|-damage|p1b: Gallade|2\/100\n|move|p1b: Gallade|Psycho Cut|p2b: Jirachi\n|-resisted|p2b: Jirachi\n|-damage|p2b: Jirachi|39\/100\n|\n|-damage|p2a: Ursaluna|94\/100 brn|[from] brn\n|-fieldend|move: Trick Room\n|upkeep\n|-message|RenLegend forfeited.\n|\n|win|QEUhfpisudv\n|raw|RenLegend's rating: 1027 &rarr; <strong>1014<\/strong><br \/>(-13 for losing)\n|raw|QEUhfpisudv's rating: 1043 &rarr; <strong>1075<\/strong><br \/>(+32 for winning)\n|l|\u2606RenLegend\n","uploadtime":1699564719,"views":5,"p1id":"renlegend","p2id":"qeuhfpisudv","formatid":"gen9nationaldexdoubles","rating":1014,"private":0,"password":""}