{"id":"gen9nationaldexdoubles-1990122367","p1":"PsychicMaster8","p2":"DrippinSauce","format":"[Gen 9] National Dex Doubles","log":"|j|\u2606PsychicMaster8\n|j|\u2606DrippinSauce\n|t:|1699926938\n|gametype|doubles\n|player|p1|PsychicMaster8|101|\n|player|p2|DrippinSauce|cynthia-masters|\n|teamsize|p1|6\n|teamsize|p2|6\n|gen|9\n|tier|[Gen 9] National Dex Doubles\n|rule|HP Percentage Mod: HP is shown in percentages\n|rule|Endless Battle Clause: Forcing endless battles is banned\n|rule|OHKO Clause: OHKO moves are banned\n|rule|Evasion Moves Clause: Evasion moves are banned\n|rule|Evasion Abilities Clause: Evasion abilities are banned\n|rule|Species Clause: Limit one of each Pok\u00e9mon\n|rule|Gravity Sleep Clause: The combination of sleep-inducing moves with imperfect accuracy and Gravity or Gigantamax Orbeetle are banned\n|clearpoke\n|poke|p1|Heatran, M|\n|poke|p1|Torkoal, F|\n|poke|p1|Blaziken, F|\n|poke|p1|Ursaluna, M|\n|poke|p1|Cresselia, F|\n|poke|p1|Diancie|\n|poke|p2|Baxcalibur, M|\n|poke|p2|Ninetales-Alola, M|\n|poke|p2|Abomasnow, M|\n|poke|p2|Weavile, M|\n|poke|p2|Articuno-Galar|\n|poke|p2|Darmanitan-Galar, F|\n|teampreview\n|inactive|Battle timer is ON: inactive players will automatically lose when time's up. (requested by DrippinSauce)\n|\n|t:|1699926950\n|start\n|switch|p1a: Turtle Boi|Torkoal, F, shiny|100\/100\n|switch|p1b: CHICKEN|Blaziken, F, shiny|100\/100\n|switch|p2a: Sneaky Icehole|Weavile, M|100\/100\n|switch|p2b: Ice to Sweep you|Baxcalibur, M|100\/100\n|-weather|SunnyDay|[from] ability: Drought|[of] p1a: Turtle Boi\n|turn|1\n|\n|t:|1699926969\n|detailschange|p1b: CHICKEN|Blaziken-Mega, F, shiny\n|-mega|p1b: CHICKEN|Blaziken|Blazikenite\n|move|p1a: Turtle Boi|Protect|p1a: Turtle Boi\n|-singleturn|p1a: Turtle Boi|Protect\n|move|p2a: Sneaky Icehole|Knock Off|p1a: Turtle Boi\n|-activate|p1a: Turtle Boi|move: Protect\n|move|p2b: Ice to Sweep you|Scale Shot|p1a: Turtle Boi\n|-activate|p1a: Turtle Boi|move: Protect\n|move|p1b: CHICKEN|Close Combat|p2b: Ice to Sweep you\n|-supereffective|p2b: Ice to Sweep you\n|-damage|p2b: Ice to Sweep you|0 fnt\n|-unboost|p1b: CHICKEN|def|1\n|-unboost|p1b: CHICKEN|spd|1\n|faint|p2b: Ice to Sweep you\n|\n|-weather|SunnyDay|[upkeep]\n|-ability|p1b: CHICKEN|Speed Boost|boost\n|-boost|p1b: CHICKEN|spe|1\n|upkeep\n|\n|t:|1699926974\n|switch|p2b: Burn In Hail|Abomasnow, M, shiny|100\/100\n|-weather|Snow|[from] ability: Snow Warning|[of] p2b: Burn In Hail\n|turn|2\n|\n|t:|1699926992\n|detailschange|p2b: Burn In Hail|Abomasnow-Mega, M, shiny\n|-mega|p2b: Burn In Hail|Abomasnow|Abomasite\n|move|p1b: CHICKEN|Close Combat|p2a: Sneaky Icehole\n|-supereffective|p2a: Sneaky Icehole\n|-enditem|p2a: Sneaky Icehole|Focus Sash\n|-damage|p2a: Sneaky Icehole|1\/100\n|-unboost|p1b: CHICKEN|def|1\n|-unboost|p1b: CHICKEN|spd|1\n|move|p2a: Sneaky Icehole|Ice Spinner|p1a: Turtle Boi\n|-resisted|p1a: Turtle Boi\n|-damage|p1a: Turtle Boi|85\/100\n|move|p2b: Burn In Hail|Earth Power|p1b: CHICKEN\n|-supereffective|p1b: CHICKEN\n|-damage|p1b: CHICKEN|0 fnt\n|faint|p1b: CHICKEN\n|move|p1a: Turtle Boi|Eruption|p2b: Burn In Hail|[spread] p2a,p2b\n|-supereffective|p2a: Sneaky Icehole\n|-supereffective|p2b: Burn In Hail\n|-damage|p2a: Sneaky Icehole|0 fnt\n|-damage|p2b: Burn In Hail|0 fnt\n|faint|p2a: Sneaky Icehole\n|faint|p2b: Burn In Hail\n|\n|-weather|Snow|[upkeep]\n|upkeep\n|\n|t:|1699927015\n|switch|p2a: Ice Ice Baby|Ninetales-Alola, M, shiny|100\/100\n|switch|p1b: Volcano|Heatran, M|100\/100\n|switch|p2b: Articuno?|Articuno-Galar, shiny|100\/100\n|turn|3\n|\n|t:|1699927032\n|switch|p1a: Princess Diamond|Diancie, shiny|100\/100\n|move|p2a: Ice Ice Baby|Blizzard|p1a: Princess Diamond|[spread] p1a,p1b\n|-resisted|p1b: Volcano\n|-damage|p1a: Princess Diamond|77\/100\n|-damage|p1b: Volcano|94\/100\n|-status|p1b: Volcano|frz\n|move|p2b: Articuno?|Freezing Glare|p1a: Princess Diamond\n|-damage|p1a: Princess Diamond|42\/100\n|-curestatus|p1b: Volcano|frz|[msg]\n|move|p1b: Volcano|Eruption|p2a: Ice Ice Baby|[spread] p2a,p2b\n|-supereffective|p2a: Ice Ice Baby\n|-damage|p2a: Ice Ice Baby|0 fnt\n|-damage|p2b: Articuno?|49\/100\n|-enditem|p2b: Articuno?|Sitrus Berry|[eat]\n|-heal|p2b: Articuno?|74\/100|[from] item: Sitrus Berry\n|faint|p2a: Ice Ice Baby\n|\n|-weather|Snow|[upkeep]\n|-heal|p1b: Volcano|99\/100|[from] item: Leftovers\n|upkeep\n|\n|t:|1699927036\n|switch|p2a: 300* Honey Bun|Darmanitan-Galar, F|100\/100\n|turn|4\n|inactive|PsychicMaster8 has 270 seconds left.\n|\n|t:|1699927069\n|switch|p1a: Turtle Boi|Torkoal, F, shiny|85\/100\n|-weather|SunnyDay|[from] ability: Drought|[of] p1a: Turtle Boi\n|move|p2a: 300* Honey Bun|Icicle Crash|p1a: Turtle Boi\n|-resisted|p1a: Turtle Boi\n|-damage|p1a: Turtle Boi|67\/100\n|move|p2b: Articuno?|Freezing Glare|p1b: Volcano\n|-resisted|p1b: Volcano\n|-damage|p1b: Volcano|80\/100\n|move|p1b: Volcano|Rock Slide|p2a: 300* Honey Bun|[spread] p2a,p2b\n|-supereffective|p2a: 300* Honey Bun\n|-supereffective|p2b: Articuno?\n|-damage|p2a: 300* Honey Bun|63\/100\n|-damage|p2b: Articuno?|52\/100\n|\n|-weather|SunnyDay|[upkeep]\n|-heal|p1b: Volcano|87\/100|[from] item: Leftovers\n|upkeep\n|turn|5\n|\n|t:|1699927090\n|move|p2a: 300* Honey Bun|Fire Punch|p1b: Volcano\n|-start|p1b: Volcano|ability: Flash Fire\n|move|p2b: Articuno?|Freezing Glare|p1b: Volcano\n|-resisted|p1b: Volcano\n|-damage|p1b: Volcano|67\/100\n|move|p1b: Volcano|Eruption|p2b: Articuno?|[spread] p2a,p2b\n|-supereffective|p2a: 300* Honey Bun\n|-damage|p2a: 300* Honey Bun|0 fnt\n|-damage|p2b: Articuno?|0 fnt\n|faint|p2a: 300* Honey Bun\n|faint|p2b: Articuno?\n|\n|win|PsychicMaster8\n|c|\u2606PsychicMaster8|gg\n","uploadtime":1699927146,"views":17,"p1id":"psychicmaster8","p2id":"drippinsauce","formatid":"gen9nationaldexdoubles","rating":0,"private":0,"password":""}