{"id":"gen9nationaldexdoubles-1998780278","p1":"Lucastheultimate","p2":"Inkubone","format":"[Gen 9] National Dex Doubles","log":"|j|\u2606Lucastheultimate\n|j|\u2606Inkubone\n|t:|1700989323\n|gametype|doubles\n|player|p1|Lucastheultimate|ash-kalos|1147\n|player|p2|Inkubone|yellow|1151\n|teamsize|p1|6\n|teamsize|p2|6\n|gen|9\n|tier|[Gen 9] National Dex Doubles\n|rated|\n|rule|HP Percentage Mod: HP is shown in percentages\n|rule|Endless Battle Clause: Forcing endless battles is banned\n|rule|OHKO Clause: OHKO moves are banned\n|rule|Evasion Moves Clause: Evasion moves are banned\n|rule|Evasion Abilities Clause: Evasion abilities are banned\n|rule|Species Clause: Limit one of each Pok\u00e9mon\n|rule|Gravity Sleep Clause: The combination of sleep-inducing moves with imperfect accuracy and Gravity or Gigantamax Orbeetle are banned\n|clearpoke\n|poke|p1|Greninja-*, M|\n|poke|p1|Infernape, M|\n|poke|p1|Cinderace, M|\n|poke|p1|Sceptile, M|\n|poke|p1|Venusaur, M|\n|poke|p1|Inteleon, M|\n|poke|p2|Lilligant, F|\n|poke|p2|Cubone, M|\n|poke|p2|Ampharos, F|\n|poke|p2|Alcremie-Rainbow-Swirl, F|\n|poke|p2|Victini|\n|poke|p2|Minior-Yellow|\n|teampreview\n|c|\u2606Lucastheultimate|Oh no\n|inactive|Battle timer is ON: inactive players will automatically lose when time's up. (requested by Lucastheultimate)\n|c|\u2606Inkubone|Starters!\n|c|\u2606Lucastheultimate|Yup\n|c|\u2606Inkubone|\u00bf Oh no ?\n|inactive|Inkubone has 120 seconds left.\n|c|\u2606Inkubone|Why\n|\n|t:|1700989369\n|start\n|switch|p1a: Sceptile|Sceptile, M|100\/100\n|switch|p1b: Cinderace|Cinderace, M|100\/100\n|switch|p2a: Spikey|Cubone, M|100\/100\n|switch|p2b: Dolly|Ampharos, F|100\/100\n|turn|1\n|c|\u2606Lucastheultimate|Your team looks scary\n|c|\u2606Inkubone|It's just my fav mons\n|inactive|Lucastheultimate has 120 seconds left.\n|inactive|Inkubone has 120 seconds left.\n|c|\u2606Lucastheultimate|Love the cubone tho\n|\n|t:|1700989410\n|move|p1b: Cinderace|Pyro Ball|p2b: Dolly\n|-damage|p2b: Dolly|26\/100\n|-damage|p1b: Cinderace|91\/100|[from] item: Life Orb\n|move|p1a: Sceptile|Leaf Blade|p2a: Spikey\n|-supereffective|p2a: Spikey\n|-damage|p2a: Spikey|43\/100\n|move|p2b: Dolly|Hidden Power|p1a: Sceptile\n|-supereffective|p1a: Sceptile\n|-damage|p1a: Sceptile|45\/100\n|move|p2a: Spikey|Bonemerang|p1b: Cinderace\n|-supereffective|p1b: Cinderace\n|-damage|p1b: Cinderace|45\/100\n|-supereffective|p1b: Cinderace\n|-damage|p1b: Cinderace|0 fnt\n|faint|p1b: Cinderace\n|-hitcount|p1: Cinderace|2\n|\n|upkeep\n|\n|t:|1700989428\n|switch|p1b: Inteleon|Inteleon, M|100\/100\n|turn|2\n|inactive|Lucastheultimate has 120 seconds left.\n|\n|t:|1700989445\n|detailschange|p2b: Dolly|Ampharos-Mega, F\n|-mega|p2b: Dolly|Ampharos|Ampharosite\n|-ability|p2b: Dolly|Mold Breaker\n|move|p1b: Inteleon|Snipe Shot|p2b: Dolly\n|-resisted|p2b: Dolly\n|-damage|p2b: Dolly|10\/100\n|move|p1a: Sceptile|Leaf Blade|p2a: Spikey\n|-supereffective|p2a: Spikey\n|-damage|p2a: Spikey|0 fnt\n|faint|p2a: Spikey\n|move|p2b: Dolly|Discharge|p1b: Inteleon|[spread] p1a,p1b\n|-resisted|p1a: Sceptile\n|-supereffective|p1b: Inteleon\n|-damage|p1a: Sceptile|18\/100\n|-damage|p1b: Inteleon|0 fnt\n|-enditem|p1a: Sceptile|Aguav Berry|[eat]\n|-heal|p1a: Sceptile|51\/100|[from] item: Aguav Berry\n|faint|p1b: Inteleon\n|\n|upkeep\n|inactive|Lucastheultimate has 120 seconds left.\n|\n|t:|1700989474\n|switch|p1b: Infernape|Infernape, M|100\/100\n|switch|p2a: Alky|Alcremie-Rainbow-Swirl, F|100\/100\n|turn|3\n|\n|t:|1700989488\n|move|p1b: Infernape|Mach Punch|p2b: Dolly\n|-damage|p2b: Dolly|0 fnt\n|faint|p2b: Dolly\n|-damage|p1b: Infernape|91\/100|[from] item: Life Orb\n|move|p1a: Sceptile|Leaf Blade|p2a: Alky\n|-damage|p2a: Alky|65\/100\n|move|p2a: Alky|Mystical Fire|p1a: Sceptile\n|-supereffective|p1a: Sceptile\n|-damage|p1a: Sceptile|0 fnt\n|faint|p1a: Sceptile\n|\n|-heal|p2a: Alky|71\/100|[from] item: Leftovers\n|upkeep\n|\n|t:|1700989508\n|switch|p1a: Venusaur|Venusaur, M|100\/100\n|switch|p2b: Vic|Victini|100\/100\n|turn|4\n|inactive|Lucastheultimate has 120 seconds left.\n|\n|t:|1700989549\n|switch|p1b: Greninja|Greninja, M|100\/100\n|detailschange|p1a: Venusaur|Venusaur-Mega, M\n|-mega|p1a: Venusaur|Venusaur|Venusaurite\n|move|p1a: Venusaur|Sludge Bomb|p2a: Alky\n|-supereffective|p2a: Alky\n|-damage|p2a: Alky|16\/100\n|-status|p2a: Alky|psn\n|move|p2a: Alky|Recover|p2a: Alky\n|-heal|p2a: Alky|66\/100 psn\n|move|p2b: Vic|Trick Room|p2b: Vic\n|-fieldstart|move: Trick Room|[of] p2b: Vic\n|\n|-heal|p2a: Alky|72\/100 psn|[from] item: Leftovers\n|-damage|p2a: Alky|59\/100 psn|[from] psn\n|upkeep\n|turn|5\n|inactive|Lucastheultimate has 120 seconds left.\n|\n|t:|1700989573\n|move|p2a: Alky|Mystical Fire|p1a: Venusaur\n|-supereffective|p1a: Venusaur\n|-damage|p1a: Venusaur|85\/100\n|-unboost|p1a: Venusaur|spa|1\n|move|p1a: Venusaur|Sludge Bomb|p2a: Alky\n|-supereffective|p2a: Alky\n|-damage|p2a: Alky|20\/100 psn\n|move|p2b: Vic|Bolt Strike|p1b: Greninja\n|-supereffective|p1b: Greninja\n|-crit|p1b: Greninja\n|-damage|p1b: Greninja|0 fnt\n|faint|p1b: Greninja\n|\n|-heal|p2a: Alky|26\/100 psn|[from] item: Leftovers\n|-damage|p2a: Alky|14\/100 psn|[from] psn\n|upkeep\n|\n|t:|1700989587\n|switch|p1b: Infernape|Infernape, M|91\/100\n|turn|6\n|inactive|Lucastheultimate has 120 seconds left.\n|\n|t:|1700989615\n|-terastallize|p1b: Infernape|Flying\n|move|p2a: Alky|Draining Kiss|p1b: Infernape\n|-damage|p1b: Infernape|63\/100\n|-heal|p2a: Alky|32\/100 psn|[from] drain|[of] p1b: Infernape\n|move|p1a: Venusaur|Sludge Bomb|p2a: Alky\n|-supereffective|p2a: Alky\n|-damage|p2a: Alky|0 fnt\n|faint|p2a: Alky\n|move|p2b: Vic|V-create|p1a: Venusaur\n|-supereffective|p1a: Venusaur\n|-damage|p1a: Venusaur|36\/100\n|-unboost|p2b: Vic|spe|1\n|-unboost|p2b: Vic|def|1\n|-unboost|p2b: Vic|spd|1\n|move|p1b: Infernape|Thunder Punch|p2b: Vic\n|-damage|p2b: Vic|59\/100\n|-damage|p1b: Infernape|53\/100|[from] item: Life Orb\n|\n|upkeep\n|c|\u2606Lucastheultimate|Gg\n|inactive|Inkubone has 120 seconds left.\n|\n|t:|1700989637\n|switch|p2a: Floralia|Lilligant, F, shiny|100\/100\n|turn|7\n|\n|t:|1700989661\n|-terastallize|p2a: Floralia|Fire\n|move|p2b: Vic|Bolt Strike|p1b: Infernape\n|-supereffective|p1b: Infernape\n|-damage|p1b: Infernape|0 fnt\n|faint|p1b: Infernape\n|move|p1a: Venusaur|Sludge Bomb|p2b: Vic\n|-damage|p2b: Vic|27\/100\n|move|p2a: Floralia|Tera Blast|p1a: Venusaur|[anim] Tera Blast Fire\n|-supereffective|p1a: Venusaur\n|-damage|p1a: Venusaur|8\/100\n|\n|upkeep\n|turn|8\n|c|\u2606Inkubone|Gg\n|\n|t:|1700989682\n|move|p2b: Vic|V-create|p1a: Venusaur\n|-supereffective|p1a: Venusaur\n|-damage|p1a: Venusaur|0 fnt\n|-unboost|p2b: Vic|spe|1\n|-unboost|p2b: Vic|def|1\n|-unboost|p2b: Vic|spd|1\n|faint|p1a: Venusaur\n|\n|win|Inkubone\n|raw|Lucastheultimate's rating: 1147 &rarr; <strong>1122<\/strong><br \/>(-25 for losing)\n|raw|Inkubone's rating: 1151 &rarr; <strong>1176<\/strong><br \/>(+25 for winning)\n|l|\u2606Lucastheultimate\n","uploadtime":1700989695,"views":0,"p1id":"lucastheultimate","p2id":"inkubone","formatid":"gen9nationaldexdoubles","rating":1122,"private":0,"password":""}