{"id":"gen9nationaldexdoubles-1956236085","p1":"harvestmarc","p2":"PJewe","format":"[Gen 9] National Dex Doubles","log":"|j|\u2606harvestmarc\n|j|\u2606PJewe\n|t:|1696088325\n|gametype|doubles\n|player|p1|harvestmarc|caitlin|\n|player|p2|PJewe|wallace|\n|teamsize|p1|6\n|teamsize|p2|6\n|gen|9\n|tier|[Gen 9] National Dex Doubles\n|rule|HP Percentage Mod: HP is shown in percentages\n|rule|Endless Battle Clause: Forcing endless battles is banned\n|rule|OHKO Clause: OHKO moves are banned\n|rule|Evasion Moves Clause: Evasion moves are banned\n|rule|Evasion Abilities Clause: Evasion abilities are banned\n|rule|Species Clause: Limit one of each Pok\u00e9mon\n|rule|Gravity Sleep Clause: The combination of sleep-inducing moves with imperfect accuracy and Gravity or Gigantamax Orbeetle are banned\n|clearpoke\n|poke|p1|Lilligant-Hisui, F|\n|poke|p1|Indeedee-F, F|\n|poke|p1|Torkoal, M|\n|poke|p1|Hatterene, F|\n|poke|p1|Armarouge, F|\n|poke|p1|Ursaluna, F|\n|poke|p2|Ambipom, F|\n|poke|p2|Pelipper, F|\n|poke|p2|Gastrodon, F|\n|poke|p2|Overqwil, M|\n|poke|p2|Amoonguss, M|\n|poke|p2|Gholdengo|\n|teampreview\n|j| german_mg53\n|\n|t:|1696088335\n|start\n|switch|p1a: Plateresco|Torkoal, M, shiny|100\/100\n|switch|p1b: Barroca|Lilligant-Hisui, F|100\/100\n|switch|p2a: dula pelippa|Pelipper, F|100\/100\n|switch|p2b: pringosa|Gastrodon, F|100\/100\n|-weather|RainDance|[from] ability: Drizzle|[of] p2a: dula pelippa\n|-weather|SunnyDay|[from] ability: Drought|[of] p1a: Plateresco\n|turn|1\n|\n|t:|1696088373\n|move|p1b: Barroca|Sleep Powder|p2a: dula pelippa|[miss]\n|-miss|p1b: Barroca|p2a: dula pelippa\n|move|p2a: dula pelippa|U-turn|p1b: Barroca\n|-damage|p1b: Barroca|86\/100\n|\n|t:|1696088378\n|switch|p2a: pim pam|Ambipom, F|100\/100|[from] U-turn\n|move|p2b: pringosa|Earth Power|p1a: Plateresco\n|-supereffective|p1a: Plateresco\n|-damage|p1a: Plateresco|16\/100\n|-unboost|p1a: Plateresco|spd|1\n|move|p1a: Plateresco|Heat Wave|p2a: pim pam|[spread] p2b\n|-miss|p1a: Plateresco|p2a: pim pam\n|-resisted|p2b: pringosa\n|-damage|p2b: pringosa|71\/100\n|\n|-weather|SunnyDay|[upkeep]\n|upkeep\n|turn|2\n|\n|t:|1696088403\n|move|p2a: pim pam|Fake Out|p1b: Barroca\n|-damage|p1b: Barroca|29\/100\n|-damage|p2a: pim pam|91\/100|[from] item: Life Orb\n|cant|p1b: Barroca|flinch\n|move|p2b: pringosa|Earth Power|p1a: Plateresco\n|-supereffective|p1a: Plateresco\n|-damage|p1a: Plateresco|0 fnt\n|faint|p1a: Plateresco\n|\n|-weather|SunnyDay|[upkeep]\n|upkeep\n|\n|t:|1696088418\n|switch|p1a: Expresionismo|Armarouge, F|100\/100\n|turn|3\n|\n|t:|1696088438\n|move|p1b: Barroca|Close Combat|p2a: pim pam\n|-supereffective|p2a: pim pam\n|-damage|p2a: pim pam|0 fnt\n|-unboost|p1b: Barroca|def|1\n|-unboost|p1b: Barroca|spd|1\n|faint|p2a: pim pam\n|move|p1a: Expresionismo|Expanding Force|p2b: pringosa\n|-damage|p2b: pringosa|26\/100\n|-enditem|p2b: pringosa|Sitrus Berry|[eat]\n|-heal|p2b: pringosa|50\/100|[from] item: Sitrus Berry\n|move|p2b: pringosa|Earth Power|p1a: Expresionismo\n|-supereffective|p1a: Expresionismo\n|-damage|p1a: Expresionismo|31\/100\n|\n|-weather|SunnyDay|[upkeep]\n|upkeep\n|\n|t:|1696088451\n|switch|p2a: dula pelippa|Pelipper, F|100\/100\n|-weather|RainDance|[from] ability: Drizzle|[of] p2a: dula pelippa\n|turn|4\n|\n|t:|1696088482\n|switch|p1a: Manierista|Indeedee-F, F, shiny|100\/100\n|-fieldstart|move: Psychic Terrain|[from] ability: Psychic Surge|[of] p1a: Manierista\n|move|p1b: Barroca|Leaf Blade|p2b: pringosa\n|-supereffective|p2b: pringosa\n|-damage|p2b: pringosa|0 fnt\n|faint|p2b: pringosa\n|move|p2a: dula pelippa|Surf|p1b: Barroca|[spread] p1a,p1b\n|-resisted|p1b: Barroca\n|-damage|p1a: Manierista|79\/100\n|-damage|p1b: Barroca|0 fnt\n|faint|p1b: Barroca\n|\n|-weather|RainDance|[upkeep]\n|upkeep\n|\n|t:|1696088501\n|switch|p1b: Rococ\u00f3|Hatterene, F, shiny|100\/100\n|switch|p2b: k11l the rich|Gholdengo|100\/100\n|turn|5\n|\n|t:|1696088514\n|-terastallize|p1b: Rococ\u00f3|Water\n|move|p2b: k11l the rich|Make It Rain|p1b: Rococ\u00f3|[spread] p1a,p1b\n|-resisted|p1b: Rococ\u00f3\n|-damage|p1a: Manierista|48\/100\n|-damage|p1b: Rococ\u00f3|74\/100\n|-unboost|p2b: k11l the rich|spa|1\n|move|p2a: dula pelippa|Hurricane|p1a: Manierista\n|-damage|p1a: Manierista|21\/100\n|-start|p1a: Manierista|confusion\n|move|p1b: Rococ\u00f3|Tera Blast|p2b: k11l the rich|[anim] Tera Blast Water\n|-damage|p2b: k11l the rich|0 fnt\n|faint|p2b: k11l the rich\n|-damage|p1b: Rococ\u00f3|64\/100|[from] item: Life Orb\n|-activate|p1a: Manierista|confusion\n|move|p1a: Manierista|Trick Room|p1a: Manierista\n|-fieldstart|move: Trick Room|[of] p1a: Manierista\n|\n|-weather|RainDance|[upkeep]\n|upkeep\n|\n|t:|1696088532\n|switch|p2b: sus|Amoonguss, M|100\/100\n|turn|6\n|\n|t:|1696088554\n|-terastallize|p2b: sus|Grass\n|-end|p1a: Manierista|confusion\n|move|p1a: Manierista|Helping Hand|p1b: Rococ\u00f3\n|-singleturn|p1b: Rococ\u00f3|Helping Hand|[of] p1a: Manierista\n|move|p1b: Rococ\u00f3|Psychic|p2b: sus\n|-crit|p2b: sus\n|-damage|p2b: sus|0 fnt\n|faint|p2b: sus\n|-damage|p1b: Rococ\u00f3|55\/100|[from] item: Life Orb\n|move|p2a: dula pelippa|Hurricane|p1a: Manierista\n|-damage|p1a: Manierista|0 fnt\n|faint|p1a: Manierista\n|\n|-weather|RainDance|[upkeep]\n|upkeep\n|\n|t:|1696088568\n|switch|p2b: man ipulate|Overqwil, M|100\/100\n|switch|p1a: Expresionismo|Armarouge, F|31\/100\n|-ability|p2b: man ipulate|Intimidate|boost\n|-unboost|p1a: Expresionismo|atk|1\n|-unboost|p1b: Rococ\u00f3|atk|1\n|turn|7\n|\n|t:|1696088609\n|move|p1a: Expresionismo|Wide Guard|p1a: Expresionismo\n|-singleturn|p1a: Expresionismo|Wide Guard\n|move|p1b: Rococ\u00f3|Psychic|p2a: dula pelippa\n|-damage|p2a: dula pelippa|1\/100\n|-damage|p1b: Rococ\u00f3|45\/100|[from] item: Life Orb\n|move|p2a: dula pelippa|Hurricane|p1a: Expresionismo\n|-damage|p1a: Expresionismo|0 fnt\n|faint|p1a: Expresionismo\n|move|p2b: man ipulate|Crunch|p1b: Rococ\u00f3\n|-damage|p1b: Rococ\u00f3|0 fnt\n|faint|p1b: Rococ\u00f3\n|\n|-weather|RainDance|[upkeep]\n|upkeep\n|\n|t:|1696088624\n|switch|p1a: Rom\u00e1nico|Ursaluna, F|100\/100\n|turn|8\n|\n|t:|1696088650\n|move|p1a: Rom\u00e1nico|Protect|p1a: Rom\u00e1nico\n|-singleturn|p1a: Rom\u00e1nico|Protect\n|move|p2a: dula pelippa|Hurricane|p1a: Rom\u00e1nico\n|-activate|p1a: Rom\u00e1nico|move: Protect\n|move|p2b: man ipulate|Crunch|p1a: Rom\u00e1nico\n|-activate|p1a: Rom\u00e1nico|move: Protect\n|\n|-weather|RainDance|[upkeep]\n|-fieldend|move: Psychic Terrain\n|-status|p1a: Rom\u00e1nico|brn|[from] item: Flame Orb\n|upkeep\n|turn|9\n|\n|t:|1696088672\n|move|p1a: Rom\u00e1nico|Facade|p2b: man ipulate\n|-damage|p2b: man ipulate|0 fnt\n|faint|p2b: man ipulate\n|move|p2a: dula pelippa|Hurricane|p1a: Rom\u00e1nico\n|-damage|p1a: Rom\u00e1nico|71\/100 brn\n|\n|-weather|RainDance|[upkeep]\n|-damage|p1a: Rom\u00e1nico|65\/100 brn|[from] brn\n|-fieldend|move: Trick Room\n|upkeep\n|turn|10\n|\n|t:|1696088686\n|move|p2a: dula pelippa|Surf|p1a: Rom\u00e1nico\n|-supereffective|p1a: Rom\u00e1nico\n|-damage|p1a: Rom\u00e1nico|0 fnt\n|faint|p1a: Rom\u00e1nico\n|\n|win|PJewe\n","uploadtime":1696088697,"views":9,"p1id":"harvestmarc","p2id":"pjewe","formatid":"gen9nationaldexdoubles","rating":0,"private":0,"password":""}