{"id":"gen9nationaldexdoubles-1968089132","p1":"Delta Mna sweep","p2":"Salfy","format":"[Gen 9] National Dex Doubles","log":"|j|\u2606Delta Mna sweep\n|j|\u2606Salfy\n|t:|1697383174\n|gametype|doubles\n|player|p1|Delta Mna sweep|janine|\n|player|p2|Salfy|depotagent|\n|teamsize|p1|6\n|teamsize|p2|6\n|gen|9\n|tier|[Gen 9] National Dex Doubles\n|rule|HP Percentage Mod: HP is shown in percentages\n|rule|Endless Battle Clause: Forcing endless battles is banned\n|rule|OHKO Clause: OHKO moves are banned\n|rule|Evasion Moves Clause: Evasion moves are banned\n|rule|Evasion Abilities Clause: Evasion abilities are banned\n|rule|Species Clause: Limit one of each Pok\u00e9mon\n|rule|Gravity Sleep Clause: The combination of sleep-inducing moves with imperfect accuracy and Gravity or Gigantamax Orbeetle are banned\n|clearpoke\n|poke|p1|Primeape, F|\n|poke|p1|Heracross, F|\n|poke|p1|Blaziken, F|\n|poke|p1|Falinks|\n|poke|p1|Chesnaught, M|\n|poke|p1|Toxicroak, M|\n|poke|p2|Zapdos-Galar|\n|poke|p2|Great Tusk|\n|poke|p2|Blaziken, F|\n|poke|p2|Bewear, F|\n|poke|p2|Heracross, M|\n|poke|p2|Toxicroak, M|\n|teampreview\n|c|\u2606Salfy|glhf friend\n|\n|t:|1697383196\n|start\n|switch|p1a: Falinks|Falinks|100\/100\n|switch|p1b: Toxicroak|Toxicroak, M|100\/100\n|switch|p2a: Zapdos|Zapdos-Galar|100\/100\n|switch|p2b: Toxicroak|Toxicroak, M|100\/100\n|turn|1\n|\n|t:|1697383211\n|move|p2b: Toxicroak|Fake Out|p1b: Toxicroak\n|-damage|p1b: Toxicroak|86\/100\n|cant|p1b: Toxicroak|flinch\n|move|p2a: Zapdos|Brave Bird|p1a: Falinks\n|-supereffective|p1a: Falinks\n|-damage|p1a: Falinks|0 fnt\n|-damage|p2a: Zapdos|84\/100|[from] item: Rocky Helmet|[of] p1a: Falinks\n|faint|p1a: Falinks\n|-damage|p2a: Zapdos|56\/100|[from] Recoil\n|\n|upkeep\n|\n|t:|1697383226\n|switch|p1a: Blaziken|Blaziken, F|100\/100\n|turn|2\n|\n|t:|1697383248\n|switch|p2a: Blaziken|Blaziken, F|100\/100\n|switch|p2b: Heracross|Heracross, M|100\/100\n|move|p1a: Blaziken|Blaze Kick|p2a: Blaziken|[miss]\n|-miss|p1a: Blaziken|p2a: Blaziken\n|move|p1b: Toxicroak|Encore||[still]\n|-fail|p1b: Toxicroak\n|\n|-status|p2b: Heracross|brn|[from] item: Flame Orb\n|-ability|p1a: Blaziken|Speed Boost|boost\n|-boost|p1a: Blaziken|spe|1\n|upkeep\n|turn|3\n|\n|t:|1697383308\n|move|p1a: Blaziken|Brave Bird|p2a: Blaziken\n|-supereffective|p2a: Blaziken\n|-damage|p2a: Blaziken|0 fnt\n|faint|p2a: Blaziken\n|-damage|p1a: Blaziken|68\/100|[from] Recoil\n|move|p2b: Heracross|Facade|p1b: Toxicroak\n|-damage|p1b: Toxicroak|0 fnt\n|faint|p1b: Toxicroak\n|\n|-damage|p2b: Heracross|95\/100 brn|[from] brn\n|-ability|p1a: Blaziken|Speed Boost|boost\n|-boost|p1a: Blaziken|spe|1\n|upkeep\n|\n|t:|1697383322\n|switch|p2a: Bewear|Bewear, F|100\/100\n|switch|p1b: Heracross|Heracross, F|100\/100\n|turn|4\n|\n|t:|1697383348\n|detailschange|p1b: Heracross|Heracross-Mega, F\n|-mega|p1b: Heracross|Heracross|Heracronite\n|-terastallize|p2a: Bewear|Ghost\n|move|p1a: Blaziken|Blaze Kick|p2b: Heracross\n|-supereffective|p2b: Heracross\n|-damage|p2b: Heracross|0 fnt\n|faint|p2b: Heracross\n|move|p1b: Heracross|Trailblaze|p2a: Bewear\n|-damage|p2a: Bewear|88\/100\n|-boost|p1b: Heracross|spe|1\n|move|p2a: Bewear|Bulk Up|p2a: Bewear\n|-boost|p2a: Bewear|atk|1\n|-boost|p2a: Bewear|def|1\n|\n|-ability|p1a: Blaziken|Speed Boost|boost\n|-boost|p1a: Blaziken|spe|1\n|upkeep\n|\n|t:|1697383361\n|switch|p2b: Great Tusk|Great Tusk|100\/100\n|turn|5\n|\n|t:|1697383373\n|move|p2b: Great Tusk|Protect|p2b: Great Tusk\n|-singleturn|p2b: Great Tusk|Protect\n|move|p1a: Blaziken|Close Combat|p2b: Great Tusk\n|-activate|p2b: Great Tusk|move: Protect\n|move|p1b: Heracross|Megahorn|p2a: Bewear\n|-resisted|p2a: Bewear\n|-damage|p2a: Bewear|74\/100\n|move|p2a: Bewear|Close Combat|p1a: Blaziken\n|-damage|p1a: Blaziken|0 fnt\n|-unboost|p2a: Bewear|def|1\n|-unboost|p2a: Bewear|spd|1\n|faint|p1a: Blaziken\n|\n|upkeep\n|\n|t:|1697383387\n|switch|p1a: Chesnaught|Chesnaught, M|100\/100\n|turn|6\n|\n|t:|1697383398\n|move|p1b: Heracross|Trailblaze|p2b: Great Tusk\n|-supereffective|p2b: Great Tusk\n|-damage|p2b: Great Tusk|65\/100\n|-boost|p1b: Heracross|spe|1\n|-damage|p1b: Heracross|84\/100|[from] item: Rocky Helmet|[of] p2b: Great Tusk\n|move|p2b: Great Tusk|Ice Spinner|p1b: Heracross\n|-damage|p1b: Heracross|61\/100\n|move|p1a: Chesnaught|Iron Defense|p1a: Chesnaught\n|-boost|p1a: Chesnaught|def|2\n|move|p2a: Bewear|Shadow Claw|p1b: Heracross\n|-damage|p1b: Heracross|4\/100\n|\n|upkeep\n|turn|7\n|\n|t:|1697383420\n|move|p1b: Heracross|Rest|p1b: Heracross\n|-status|p1b: Heracross|slp|[from] move: Rest\n|-heal|p1b: Heracross|100\/100 slp|[silent]\n|move|p2b: Great Tusk|Ice Spinner|p1a: Chesnaught\n|-supereffective|p1a: Chesnaught\n|-damage|p1a: Chesnaught|80\/100\n|move|p1a: Chesnaught|Leaf Storm|p2b: Great Tusk\n|-supereffective|p2b: Great Tusk\n|-crit|p2b: Great Tusk\n|-damage|p2b: Great Tusk|0 fnt\n|-unboost|p1a: Chesnaught|spa|2\n|faint|p2b: Great Tusk\n|-end|p2b: Great Tusk|Protosynthesis|[silent]\n|move|p2a: Bewear|Shadow Claw|p1b: Heracross\n|-crit|p1b: Heracross\n|-damage|p1b: Heracross|22\/100 slp\n|\n|-heal|p1a: Chesnaught|86\/100|[from] item: Leftovers\n|upkeep\n|\n|t:|1697383434\n|switch|p2b: Toxicroak|Toxicroak, M|100\/100\n|turn|8\n|\n|t:|1697383444\n|cant|p1b: Heracross|slp\n|move|p1b: Heracross|Sleep Talk|p1b: Heracross\n|move|p1b: Heracross|Trailblaze|p2b: Toxicroak|[from]move: Sleep Talk\n|-resisted|p2b: Toxicroak\n|-damage|p2b: Toxicroak|84\/100\n|-boost|p1b: Heracross|spe|1\n|move|p2b: Toxicroak|Sludge Wave|p1b: Heracross|[spread] p2a,p1a,p1b\n|-resisted|p2a: Bewear\n|-supereffective|p1a: Chesnaught\n|-damage|p2a: Bewear|48\/100\n|-damage|p1a: Chesnaught|10\/100\n|-damage|p1b: Heracross|0 fnt\n|-enditem|p2a: Bewear|Sitrus Berry|[eat]\n|-heal|p2a: Bewear|73\/100|[from] item: Sitrus Berry\n|faint|p1b: Heracross\n|move|p1a: Chesnaught|Body Press|p2b: Toxicroak\n|-resisted|p2b: Toxicroak\n|-damage|p2b: Toxicroak|22\/100\n|move|p2a: Bewear|Shadow Claw|p1a: Chesnaught\n|-damage|p1a: Chesnaught|0 fnt\n|faint|p1a: Chesnaught\n|\n|upkeep\n|\n|t:|1697383465\n|switch|p1b: Primeape|Primeape, F|100\/100\n|turn|9\n|\n|t:|1697383481\n|move|p2b: Toxicroak|Focus Blast|p1b: Primeape\n|-damage|p1b: Primeape|56\/100\n|move|p1b: Primeape|Acrobatics|p2b: Toxicroak\n|-supereffective|p2b: Toxicroak\n|-damage|p2b: Toxicroak|0 fnt\n|faint|p2b: Toxicroak\n|move|p2a: Bewear|Shadow Claw|p1b: Primeape\n|-damage|p1b: Primeape|0 fnt\n|faint|p1b: Primeape\n|\n|win|Salfy\n|c|\u2606Salfy|gg\n","uploadtime":1697383491,"views":6,"p1id":"deltamnasweep","p2id":"salfy","formatid":"gen9nationaldexdoubles","rating":0,"private":0,"password":""}