{"id":"gen9nationaldexdoubles-1973265846","p1":"Denvah_17","p2":"MathHacker","format":"[Gen 9] National Dex Doubles","log":"|j|\u2606Denvah_17\n|j|\u2606MathHacker\n|t:|1697946242\n|gametype|doubles\n|player|p1|Denvah_17|blue-gen1|1297\n|player|p2|MathHacker|picnicker|1433\n|teamsize|p1|6\n|teamsize|p2|6\n|gen|9\n|tier|[Gen 9] National Dex Doubles\n|rated|\n|rule|HP Percentage Mod: HP is shown in percentages\n|rule|Endless Battle Clause: Forcing endless battles is banned\n|rule|OHKO Clause: OHKO moves are banned\n|rule|Evasion Moves Clause: Evasion moves are banned\n|rule|Evasion Abilities Clause: Evasion abilities are banned\n|rule|Species Clause: Limit one of each Pok\u00e9mon\n|rule|Gravity Sleep Clause: The combination of sleep-inducing moves with imperfect accuracy and Gravity or Gigantamax Orbeetle are banned\n|clearpoke\n|poke|p1|Sinistcha-Masterpiece|\n|poke|p1|Diancie|\n|poke|p1|Okidogi, M|\n|poke|p1|Ursaluna-Bloodmoon, M|\n|poke|p1|Volcanion|\n|poke|p1|Golisopod, M|\n|poke|p2|Shuckle, M|\n|poke|p2|Pelipper, F|\n|poke|p2|Cresselia, F|\n|poke|p2|Torkoal, M|\n|poke|p2|Oranguru, F|\n|poke|p2|Ursaluna, M|\n|teampreview\n|j| HyperCelestica\n|inactive|Battle timer is ON: inactive players will automatically lose when time's up. (requested by Denvah_17)\n|\n|t:|1697946254\n|start\n|switch|p1a: Rihanna|Diancie, shiny|100\/100\n|switch|p1b: NowThisIsPodRacing|Golisopod, M|100\/100\n|switch|p2a: Shucky|Shuckle, M, shiny|100\/100\n|switch|p2b: munke|Oranguru, F|100\/100\n|turn|1\n|\n|t:|1697946282\n|move|p1b: NowThisIsPodRacing|First Impression|p2b: munke\n|-supereffective|p2b: munke\n|-damage|p2b: munke|2\/100\n|-damage|p1b: NowThisIsPodRacing|91\/100|[from] item: Life Orb\n|move|p2a: Shucky|Power Trick|p2a: Shucky\n|-start|p2a: Shucky|Power Trick\n|move|p2b: munke|Trick Room|p2b: munke\n|-fieldstart|move: Trick Room|[of] p2b: munke\n|move|p1a: Rihanna|Trick Room|p1a: Rihanna\n|-fieldend|move: Trick Room\n|\n|upkeep\n|turn|2\n|inactive|MathHacker has 120 seconds left.\n|\n|t:|1697946320\n|move|p2b: munke|Protect|p2b: munke\n|-singleturn|p2b: munke|Protect\n|move|p1b: NowThisIsPodRacing|Aqua Jet|p2a: Shucky\n|-supereffective|p2a: Shucky\n|-crit|p2a: Shucky\n|-ability|p2a: Shucky|Sturdy\n|-damage|p2a: Shucky|1\/100\n|-damage|p1b: NowThisIsPodRacing|81\/100|[from] item: Life Orb\n|move|p1a: Rihanna|Diamond Storm|p2b: munke|[spread] p2a\n|-activate|p2b: munke|move: Protect\n|-supereffective|p2a: Shucky\n|-damage|p2a: Shucky|0 fnt\n|-boost|p1a: Rihanna|def|2\n|faint|p2a: Shucky\n|\n|upkeep\n|inactive|MathHacker has 90 seconds left.\n|\n|t:|1697946350\n|switch|p2a: Bird|Pelipper, F|100\/100\n|-weather|RainDance|[from] ability: Drizzle|[of] p2a: Bird\n|turn|3\n|\n|t:|1697946363\n|move|p2a: Bird|Wide Guard|p2a: Bird\n|-singleturn|p2a: Bird|Wide Guard\n|move|p1b: NowThisIsPodRacing|Aqua Jet|p2b: munke\n|-damage|p2b: munke|0 fnt\n|faint|p2b: munke\n|-damage|p1b: NowThisIsPodRacing|71\/100|[from] item: Life Orb\n|move|p1a: Rihanna|Diamond Storm|p2a: Bird\n|-activate|p2a: Bird|move: Wide Guard\n|\n|-weather|RainDance|[upkeep]\n|upkeep\n|inactive|MathHacker has 90 seconds left.\n|\n|t:|1697946386\n|switch|p2b: Cresselia|Cresselia, F, shiny|100\/100\n|turn|4\n|inactive|Denvah_17 has 120 seconds left.\n|\n|t:|1697946417\n|move|p1b: NowThisIsPodRacing|Aqua Jet|p2b: Cresselia\n|-damage|p2b: Cresselia|73\/100\n|-damage|p1b: NowThisIsPodRacing|61\/100|[from] item: Life Orb\n|move|p2a: Bird|Hurricane|p1b: NowThisIsPodRacing\n|-supereffective|p1b: NowThisIsPodRacing\n|-damage|p1b: NowThisIsPodRacing|0 fnt\n|faint|p1b: NowThisIsPodRacing\n|move|p1a: Rihanna|Diamond Storm|p2a: Bird|[spread] p2a,p2b\n|-supereffective|p2a: Bird\n|-damage|p2a: Bird|45\/100\n|-damage|p2b: Cresselia|57\/100\n|move|p2b: Cresselia|Trick Room|p2b: Cresselia\n|-fieldstart|move: Trick Room|[of] p2b: Cresselia\n|\n|-weather|RainDance|[upkeep]\n|-heal|p2b: Cresselia|63\/100|[from] item: Leftovers\n|upkeep\n|inactive|Denvah_17 has 120 seconds left.\n|\n|t:|1697946433\n|switch|p1b: Freddy Fazbear|Ursaluna-Bloodmoon, M|100\/100\n|turn|5\n|inactive|MathHacker has 120 seconds left.\n|\n|t:|1697946481\n|move|p2b: Cresselia|Ally Switch|p2b: Cresselia\n|swap|p2b: Cresselia|0|[from] move: Ally Switch\n|move|p1a: Rihanna|Diamond Storm|p2b: Bird|[spread] p2a,p2b\n|-supereffective|p2b: Bird\n|-damage|p2a: Cresselia|48\/100\n|-damage|p2b: Bird|0 fnt\n|faint|p2b: Bird\n|move|p1b: Freddy Fazbear|Hyper Voice|p2a: Cresselia\n|-damage|p2a: Cresselia|15\/100\n|\n|-weather|RainDance|[upkeep]\n|-heal|p2a: Cresselia|21\/100|[from] item: Leftovers\n|upkeep\n|inactive|MathHacker has 90 seconds left.\n|\n|t:|1697946496\n|switch|p2b: ber|Ursaluna, M|100\/100\n|turn|6\n|\n|t:|1697946514\n|move|p2a: Cresselia|Helping Hand|p2b: ber\n|-singleturn|p2b: ber|Helping Hand|[of] p2a: Cresselia\n|move|p2b: ber|Earthquake|p1b: Freddy Fazbear|[spread] p1a,p1b\n|-immune|p2a: Cresselia|[from] ability: Levitate\n|-supereffective|p1a: Rihanna\n|-damage|p1a: Rihanna|54\/100\n|-damage|p1b: Freddy Fazbear|52\/100\n|-enditem|p1a: Rihanna|Weakness Policy\n|-boost|p1a: Rihanna|atk|2|[from] item: Weakness Policy\n|-boost|p1a: Rihanna|spa|2|[from] item: Weakness Policy\n|move|p1a: Rihanna|Dazzling Gleam|p2a: Cresselia|[spread] p2a,p2b\n|-damage|p2a: Cresselia|0 fnt\n|-damage|p2b: ber|66\/100\n|faint|p2a: Cresselia\n|move|p1b: Freddy Fazbear|Hyper Voice|p2b: ber\n|-damage|p2b: ber|22\/100\n|\n|-weather|RainDance|[upkeep]\n|-heal|p1b: Freddy Fazbear|58\/100|[from] item: Leftovers\n|-status|p2b: ber|brn|[from] item: Flame Orb\n|upkeep\n|inactive|MathHacker has 90 seconds left.\n|\n|t:|1697946533\n|switch|p2a: Yertle|Torkoal, M|100\/100\n|-weather|SunnyDay|[from] ability: Drought|[of] p2a: Yertle\n|turn|7\n|inactive|MathHacker has 90 seconds left.\n|\n|t:|1697946563\n|-terastallize|p2a: Yertle|Fire\n|move|p2a: Yertle|Eruption|p1b: Freddy Fazbear|[spread] p1a,p1b\n|-resisted|p1a: Rihanna\n|-damage|p1a: Rihanna|13\/100\n|-damage|p1b: Freddy Fazbear|0 fnt\n|faint|p1b: Freddy Fazbear\n|move|p2b: ber|Facade|p1a: Rihanna\n|-resisted|p1a: Rihanna\n|-damage|p1a: Rihanna|0 fnt\n|faint|p1a: Rihanna\n|\n|-weather|SunnyDay|[upkeep]\n|-damage|p2b: ber|16\/100 brn|[from] brn\n|upkeep\n|\n|t:|1697946579\n|switch|p1a: Mr. Saxobeat|Volcanion|100\/100\n|switch|p1b: Dogecoin|Okidogi, M|100\/100\n|turn|8\n|inactive|MathHacker has 90 seconds left.\n|\n|t:|1697946621\n|move|p2a: Yertle|Eruption|p1b: Dogecoin|[spread] p1a,p1b\n|-resisted|p1a: Mr. Saxobeat\n|-damage|p1a: Mr. Saxobeat|71\/100\n|-damage|p1b: Dogecoin|13\/100\n|move|p2b: ber|Headlong Rush|p1a: Mr. Saxobeat\n|-supereffective|p1a: Mr. Saxobeat\n|-damage|p1a: Mr. Saxobeat|0 fnt\n|-unboost|p2b: ber|def|1\n|-unboost|p2b: ber|spd|1\n|faint|p1a: Mr. Saxobeat\n|move|p1b: Dogecoin|Drain Punch|p2b: ber\n|-supereffective|p2b: ber\n|-damage|p2b: ber|0 fnt\n|-heal|p1b: Dogecoin|22\/100|[from] drain|[of] p2b: ber\n|faint|p2b: ber\n|\n|-weather|SunnyDay|[upkeep]\n|-fieldend|move: Trick Room\n|upkeep\n|inactive|Denvah_17 has 120 seconds left.\n|\n|t:|1697946662\n|switch|p1a: Grass Latte|Sinistcha-Masterpiece|100\/100\n|turn|9\n|inactive|Denvah_17 has 120 seconds left.\n|inactive|MathHacker has 90 seconds left.\n|\n|t:|1697946685\n|move|p1b: Dogecoin|Drain Punch|p2a: Yertle\n|-damage|p2a: Yertle|65\/100\n|-heal|p1b: Dogecoin|36\/100|[from] drain|[of] p2a: Yertle\n|move|p1a: Grass Latte|Scald|p2a: Yertle\n|-supereffective|p2a: Yertle\n|-damage|p2a: Yertle|39\/100\n|move|p2a: Yertle|Eruption|p1b: Dogecoin|[spread] p1a,p1b\n|-supereffective|p1a: Grass Latte\n|-damage|p1a: Grass Latte|54\/100\n|-damage|p1b: Dogecoin|3\/100\n|-enditem|p1a: Grass Latte|Weakness Policy\n|-boost|p1a: Grass Latte|atk|2|[from] item: Weakness Policy\n|-boost|p1a: Grass Latte|spa|2|[from] item: Weakness Policy\n|\n|-weather|SunnyDay|[upkeep]\n|upkeep\n|turn|10\n|l| HyperCelestica\n|inactive|MathHacker has 90 seconds left.\n|\n|t:|1697946713\n|move|p1b: Dogecoin|Drain Punch|p2a: Yertle\n|-damage|p2a: Yertle|0 fnt\n|-heal|p1b: Dogecoin|18\/100|[from] drain|[of] p2a: Yertle\n|faint|p2a: Yertle\n|\n|win|Denvah_17\n|raw|Denvah_17's rating: 1297 &rarr; <strong>1331<\/strong><br \/>(+34 for winning)\n|raw|MathHacker's rating: 1433 &rarr; <strong>1406<\/strong><br \/>(-27 for losing)\n","uploadtime":1697946772,"views":13,"p1id":"denvah17","p2id":"mathhacker","formatid":"gen9nationaldexdoubles","rating":1331,"private":0,"password":""}