{"id":"gen9nationaldexdoubles-1954963540","p1":"Nyata","p2":"LordSandaime","format":"[Gen 9] National Dex Doubles","log":"|j|\u2606Nyata\n|j|\u2606LordSandaime\n|t:|1695941654\n|gametype|doubles\n|player|p1|Nyata|266|1341\n|player|p2|LordSandaime|alder|1425\n|teamsize|p1|6\n|teamsize|p2|6\n|gen|9\n|tier|[Gen 9] National Dex Doubles\n|rated|\n|rule|HP Percentage Mod: HP is shown in percentages\n|rule|Endless Battle Clause: Forcing endless battles is banned\n|rule|OHKO Clause: OHKO moves are banned\n|rule|Evasion Moves Clause: Evasion moves are banned\n|rule|Evasion Abilities Clause: Evasion abilities are banned\n|rule|Species Clause: Limit one of each Pok\u00e9mon\n|rule|Gravity Sleep Clause: The combination of sleep-inducing moves with imperfect accuracy and Gravity or Gigantamax Orbeetle are banned\n|clearpoke\n|poke|p1|Cradily, F|\n|poke|p1|Aerodactyl, F|\n|poke|p1|Arcanine-Hisui, F|\n|poke|p1|Nihilego|\n|poke|p1|Tyranitar, F|\n|poke|p1|Aggron, M|\n|poke|p2|Kommo-o, M|\n|poke|p2|Volcarona, M|\n|poke|p2|Grimmsnarl, M|\n|poke|p2|Farigiraf, M|\n|poke|p2|Darmanitan-Galar, M|\n|poke|p2|Torterra, M|\n|teampreview\n|inactive|Battle timer is ON: inactive players will automatically lose when time's up. (requested by LordSandaime)\n|inactive|Nyata has 120 seconds left.\n|\n|t:|1695941685\n|start\n|switch|p1a: Aerodactyl|Aerodactyl, F|100\/100\n|switch|p1b: Nihilego|Nihilego|100\/100\n|switch|p2a: Torterra|Torterra, M, shiny|100\/100\n|switch|p2b: Grimmsnarl|Grimmsnarl, M|100\/100\n|-ability|p1a: Aerodactyl|Unnerve\n|turn|1\n|j| S1r.sweepsaLot\n|\n|t:|1695941708\n|move|p2b: Grimmsnarl|Thunder Wave|p1a: Aerodactyl\n|-status|p1a: Aerodactyl|par\n|move|p1b: Nihilego|Sludge Wave|p2a: Torterra|[spread] p1a,p2a,p2b\n|-resisted|p1a: Aerodactyl\n|-supereffective|p2b: Grimmsnarl\n|-damage|p1a: Aerodactyl|81\/100 par\n|-damage|p2a: Torterra|56\/100\n|-damage|p2b: Grimmsnarl|50\/100\n|move|p2a: Torterra|Headlong Rush|p1b: Nihilego\n|-supereffective|p1b: Nihilego\n|-damage|p1b: Nihilego|0 fnt\n|-unboost|p2a: Torterra|def|1\n|-unboost|p2a: Torterra|spd|1\n|faint|p1b: Nihilego\n|cant|p1a: Aerodactyl|par\n|\n|upkeep\n|\n|t:|1695941714\n|switch|p1b: Tyranitar|Tyranitar, F|100\/100\n|-weather|Sandstorm|[from] ability: Sand Stream|[of] p1b: Tyranitar\n|turn|2\n|\n|t:|1695941733\n|move|p2b: Grimmsnarl|Reflect|p2b: Grimmsnarl\n|-sidestart|p2: LordSandaime|Reflect\n|move|p1b: Tyranitar|Ice Punch|p2a: Torterra\n|-supereffective|p2a: Torterra\n|-damage|p2a: Torterra|0 fnt\n|faint|p2a: Torterra\n|move|p1a: Aerodactyl|Tailwind|p1a: Aerodactyl\n|-sidestart|p1: Nyata|move: Tailwind\n|\n|-weather|Sandstorm|[upkeep]\n|-damage|p2b: Grimmsnarl|44\/100|[from] Sandstorm\n|upkeep\n|\n|t:|1695941740\n|switch|p2a: Kommo-o|Kommo-o, M|100\/100\n|turn|3\n|\n|t:|1695941759\n|move|p2b: Grimmsnarl|Light Screen|p2b: Grimmsnarl\n|-sidestart|p2: LordSandaime|move: Light Screen\n|move|p1b: Tyranitar|Crunch|p2b: Grimmsnarl\n|-resisted|p2b: Grimmsnarl\n|-crit|p2b: Grimmsnarl\n|-damage|p2b: Grimmsnarl|22\/100\n|move|p1a: Aerodactyl|Sky Drop||[still]\n|-prepare|p1a: Aerodactyl|Sky Drop|p2a: Kommo-o\n|\n|-weather|Sandstorm|[upkeep]\n|-damage|p2a: Kommo-o|94\/100|[from] Sandstorm\n|-damage|p2b: Grimmsnarl|16\/100|[from] Sandstorm\n|upkeep\n|turn|4\n|\n|t:|1695941787\n|switch|p2b: Farigiraf|Farigiraf, M|100\/100\n|move|p1b: Tyranitar|Ice Punch|p2b: Farigiraf\n|-damage|p2b: Farigiraf|79\/100\n|move|p1a: Aerodactyl|Sky Drop|p2a: Kommo-o|[from]lockedmove\n|-supereffective|p2a: Kommo-o\n|-damage|p2a: Kommo-o|72\/100\n|-end|p2a: Kommo-o|Sky Drop\n|move|p2a: Kommo-o|Drain Punch|p1a: Aerodactyl\n|-damage|p1a: Aerodactyl|30\/100 par\n|-heal|p2a: Kommo-o|98\/100|[from] drain|[of] p1a: Aerodactyl\n|\n|-weather|Sandstorm|[upkeep]\n|-damage|p2a: Kommo-o|92\/100|[from] Sandstorm\n|-damage|p2b: Farigiraf|73\/100|[from] Sandstorm\n|upkeep\n|turn|5\n|\n|t:|1695941813\n|switch|p2b: Volcarona|Volcarona, M|100\/100\n|-zpower|p1b: Tyranitar\n|move|p1b: Tyranitar|Black Hole Eclipse|p2b: Volcarona|[zeffect]\n|-damage|p2b: Volcarona|4\/100\n|move|p1a: Aerodactyl|Sky Drop||[still]\n|-prepare|p1a: Aerodactyl|Sky Drop|p2a: Kommo-o\n|\n|-weather|Sandstorm|[upkeep]\n|-damage|p2b: Volcarona|0 fnt|[from] Sandstorm\n|-damage|p2a: Kommo-o|86\/100|[from] Sandstorm\n|faint|p2b: Volcarona\n|-sideend|p1: Nyata|move: Tailwind\n|upkeep\n|inactive|LordSandaime has 120 seconds left.\n|\n|t:|1695941831\n|switch|p2b: Darmanitan|Darmanitan-Galar, M|100\/100\n|turn|6\n|inactive|LordSandaime has 120 seconds left.\n|\n|t:|1695941851\n|move|p2b: Darmanitan|Brick Break|p1b: Tyranitar\n|-supereffective|p1b: Tyranitar\n|-damage|p1b: Tyranitar|0 fnt\n|faint|p1b: Tyranitar\n|move|p1a: Aerodactyl|Sky Drop|p2a: Kommo-o|[from]lockedmove\n|-supereffective|p2a: Kommo-o\n|-damage|p2a: Kommo-o|63\/100\n|-end|p2a: Kommo-o|Sky Drop\n|\n|-weather|none\n|upkeep\n|\n|t:|1695941861\n|switch|p1b: Arcanine|Arcanine-Hisui, F|100\/100\n|turn|7\n|\n|t:|1695941874\n|-terastallize|p2b: Darmanitan|Dragon\n|-terastallize|p1b: Arcanine|Fire\n|move|p1a: Aerodactyl|Wide Guard|p1a: Aerodactyl\n|-singleturn|p1a: Aerodactyl|Wide Guard\n|move|p2b: Darmanitan|Brick Break|p1b: Arcanine\n|-damage|p1b: Arcanine|26\/100\n|move|p1b: Arcanine|Flare Blitz|p2b: Darmanitan\n|-resisted|p2b: Darmanitan\n|-damage|p2b: Darmanitan|38\/100\n|move|p2a: Kommo-o|Drain Punch|p1b: Arcanine\n|-damage|p1b: Arcanine|0 fnt\n|-heal|p2a: Kommo-o|75\/100|[from] drain|[of] p1b: Arcanine\n|faint|p1b: Arcanine\n|\n|upkeep\n|\n|t:|1695941880\n|switch|p1b: Aggron|Aggron, M|100\/100\n|turn|8\n|\n|t:|1695941892\n|detailschange|p1b: Aggron|Aggron-Mega, M\n|-mega|p1b: Aggron|Aggron|Aggronite\n|move|p2b: Darmanitan|Brick Break|p1a: Aerodactyl\n|-damage|p1a: Aerodactyl|0 fnt\n|faint|p1a: Aerodactyl\n|move|p2a: Kommo-o|Drain Punch|p1b: Aggron\n|-supereffective|p1b: Aggron\n|-damage|p1b: Aggron|78\/100\n|-heal|p2a: Kommo-o|86\/100|[from] drain|[of] p1b: Aggron\n|move|p1b: Aggron|Iron Defense|p1b: Aggron\n|-boost|p1b: Aggron|def|2\n|\n|upkeep\n|\n|t:|1695941895\n|switch|p1a: Cradily|Cradily, F|100\/100\n|turn|9\n|\n|t:|1695941906\n|move|p1a: Cradily|Protect|p1a: Cradily\n|-singleturn|p1a: Cradily|Protect\n|move|p2b: Darmanitan|Brick Break|p1b: Aggron\n|-supereffective|p1b: Aggron\n|-damage|p1b: Aggron|59\/100\n|move|p2a: Kommo-o|Clangorous Soul|p2a: Kommo-o\n|-boost|p2a: Kommo-o|atk|1\n|-boost|p2a: Kommo-o|def|1\n|-boost|p2a: Kommo-o|spa|1\n|-boost|p2a: Kommo-o|spd|1\n|-boost|p2a: Kommo-o|spe|1\n|-damage|p2a: Kommo-o|53\/100\n|move|p1b: Aggron|Iron Defense|p1b: Aggron\n|-boost|p1b: Aggron|def|2\n|\n|-sideend|p2: LordSandaime|Reflect\n|upkeep\n|turn|10\n|\n|t:|1695941921\n|move|p2b: Darmanitan|Brick Break|p1b: Aggron\n|-supereffective|p1b: Aggron\n|-damage|p1b: Aggron|46\/100\n|move|p2a: Kommo-o|Drain Punch|p1b: Aggron\n|-supereffective|p1b: Aggron\n|-damage|p1b: Aggron|35\/100\n|-heal|p2a: Kommo-o|58\/100|[from] drain|[of] p1b: Aggron\n|move|p1a: Cradily|Meteor Beam||[still]\n|-prepare|p1a: Cradily|Meteor Beam\n|-boost|p1a: Cradily|spa|1\n|-enditem|p1a: Cradily|Power Herb\n|-anim|p1a: Cradily|Meteor Beam|p2b: Darmanitan\n|-damage|p2b: Darmanitan|0 fnt\n|faint|p2b: Darmanitan\n|move|p1b: Aggron|Body Press|p2a: Kommo-o\n|-damage|p2a: Kommo-o|0 fnt\n|faint|p2a: Kommo-o\n|\n|-sideend|p2: LordSandaime|move: Light Screen\n|upkeep\n|\n|t:|1695941925\n|switch|p2b: Farigiraf|Farigiraf, M|73\/100\n|switch|p2a: Grimmsnarl|Grimmsnarl, M|16\/100\n|turn|11\n|\n|t:|1695941934\n|move|p2a: Grimmsnarl|Thunder Wave|p1b: Aggron\n|-status|p1b: Aggron|par\n|move|p2b: Farigiraf|Psychic|p1b: Aggron\n|-resisted|p1b: Aggron\n|-damage|p1b: Aggron|9\/100 par\n|move|p1a: Cradily|Giga Drain|p2a: Grimmsnarl\n|-crit|p2a: Grimmsnarl\n|-damage|p2a: Grimmsnarl|0 fnt\n|faint|p2a: Grimmsnarl\n|move|p1b: Aggron|Body Press|p2b: Farigiraf\n|-damage|p2b: Farigiraf|0 fnt\n|faint|p2b: Farigiraf\n|\n|win|Nyata\n|raw|Nyata's rating: 1341 &rarr; <strong>1366<\/strong><br \/>(+25 for winning)\n|raw|LordSandaime's rating: 1425 &rarr; <strong>1400<\/strong><br \/>(-25 for losing)\n|c|\u2606Nyata|gg\n|c|\u2606Nyata|aggron is tanky D:\n|l|\u2606LordSandaime\n","uploadtime":1695941952,"views":6,"p1id":"nyata","p2id":"lordsandaime","formatid":"gen9nationaldexdoubles","rating":1366,"private":0,"password":""}