{"id":"gen9nationaldexdoubles-1966913100","p1":"Mokaccino321","p2":"willi1668","format":"[Gen 9] National Dex Doubles","log":"|j|\u2606Mokaccino321\n|j|\u2606willi1668\n|t:|1697233182\n|gametype|doubles\n|player|p1|Mokaccino321|169|\n|player|p2|willi1668|lucas|\n|teamsize|p1|6\n|teamsize|p2|6\n|gen|9\n|tier|[Gen 9] National Dex Doubles\n|rule|HP Percentage Mod: HP is shown in percentages\n|rule|Endless Battle Clause: Forcing endless battles is banned\n|rule|OHKO Clause: OHKO moves are banned\n|rule|Evasion Moves Clause: Evasion moves are banned\n|rule|Evasion Abilities Clause: Evasion abilities are banned\n|rule|Species Clause: Limit one of each Pok\u00e9mon\n|rule|Gravity Sleep Clause: The combination of sleep-inducing moves with imperfect accuracy and Gravity or Gigantamax Orbeetle are banned\n|clearpoke\n|poke|p1|Cradily, M|\n|poke|p1|Aerodactyl, F|\n|poke|p1|Lycanroc-Dusk, F|\n|poke|p1|Nihilego|\n|poke|p1|Tyranitar, M|\n|poke|p1|Aggron, M|\n|poke|p2|Lucario, M|\n|poke|p2|Gyarados, M|\n|poke|p2|Charizard, F|\n|poke|p2|Garchomp, M|\n|poke|p2|Regice|\n|poke|p2|Hoopa-Unbound|\n|teampreview\n|\n|t:|1697233202\n|start\n|switch|p1a: Aerodactyl|Aerodactyl, F|100\/100\n|switch|p1b: Tyranitar|Tyranitar, M|100\/100\n|switch|p2a: Lucario|Lucario, M, shiny|100\/100\n|switch|p2b: Garchomp|Garchomp, M, shiny|100\/100\n|-ability|p1a: Aerodactyl|Unnerve\n|-weather|Sandstorm|[from] ability: Sand Stream|[of] p1b: Tyranitar\n|turn|1\n|\n|t:|1697233214\n|move|p1a: Aerodactyl|Tailwind|p1a: Aerodactyl\n|-sidestart|p1: Mokaccino321|move: Tailwind\n|move|p1b: Tyranitar|Superpower|p2a: Lucario\n|-supereffective|p2a: Lucario\n|-damage|p2a: Lucario|0 fnt\n|-unboost|p1b: Tyranitar|atk|1\n|-unboost|p1b: Tyranitar|def|1\n|faint|p2a: Lucario\n|-damage|p1b: Tyranitar|91\/100|[from] item: Life Orb\n|move|p2b: Garchomp|Dragon Rush|p1a: Aerodactyl|[miss]\n|-miss|p2b: Garchomp|p1a: Aerodactyl\n|\n|-weather|Sandstorm|[upkeep]\n|upkeep\n|c|\u2606willi1668|Bruuh\n|\n|t:|1697233228\n|switch|p2a: Gyarados|Gyarados, M, shiny|100\/100\n|-ability|p2a: Gyarados|Intimidate|boost\n|-unboost|p1a: Aerodactyl|atk|1\n|-unboost|p1b: Tyranitar|atk|1\n|turn|2\n|c|\u2606Mokaccino321|:C\n|c|\u2606Mokaccino321|big unlucky\n|\n|t:|1697233236\n|switch|p1b: Cradily|Cradily, M|100\/100\n|detailschange|p2a: Gyarados|Gyarados-Mega, M, shiny\n|-mega|p2a: Gyarados|Gyarados|Gyaradosite\n|-ability|p2a: Gyarados|Mold Breaker\n|move|p1a: Aerodactyl|Sky Drop||[still]\n|-prepare|p1a: Aerodactyl|Sky Drop|p2b: Garchomp\n|move|p2a: Gyarados|Crunch|p1a: Aerodactyl|[miss]\n|-miss|p2a: Gyarados|p1a: Aerodactyl\n|\n|-weather|Sandstorm|[upkeep]\n|-damage|p2a: Gyarados|94\/100|[from] Sandstorm\n|upkeep\n|turn|3\n|\n|t:|1697233263\n|switch|p2a: Charizard|Charizard, F, shiny|100\/100\n|move|p1a: Aerodactyl|Sky Drop|p2b: Garchomp|[from]lockedmove\n|-damage|p2b: Garchomp|89\/100\n|-end|p2b: Garchomp|Sky Drop\n|-damage|p1a: Aerodactyl|88\/100|[from] ability: Rough Skin|[of] p2b: Garchomp\n|move|p2b: Garchomp|Dragon Claw|p1a: Aerodactyl\n|-damage|p1a: Aerodactyl|33\/100\n|move|p1b: Cradily|Giga Drain|p2a: Charizard\n|-resisted|p2a: Charizard\n|-damage|p2a: Charizard|95\/100\n|\n|-weather|Sandstorm|[upkeep]\n|-damage|p2a: Charizard|89\/100|[from] Sandstorm\n|upkeep\n|turn|4\n|\n|t:|1697233292\n|move|p1a: Aerodactyl|Sky Drop||[still]\n|-prepare|p1a: Aerodactyl|Sky Drop|p2b: Garchomp\n|move|p2a: Charizard|Dragon Claw|p1a: Aerodactyl|[miss]\n|-miss|p2a: Charizard|p1a: Aerodactyl\n|move|p1b: Cradily|Meteor Beam||[still]\n|-prepare|p1b: Cradily|Meteor Beam\n|-boost|p1b: Cradily|spa|1\n|-enditem|p1b: Cradily|Power Herb\n|-anim|p1b: Cradily|Meteor Beam|p2a: Charizard|[miss]\n|-miss|p1b: Cradily|p2a: Charizard\n|\n|-weather|Sandstorm|[upkeep]\n|-damage|p2a: Charizard|83\/100|[from] Sandstorm\n|-sideend|p1: Mokaccino321|move: Tailwind\n|upkeep\n|turn|5\n|\n|t:|1697233310\n|move|p1a: Aerodactyl|Sky Drop|p2b: Garchomp|[from]lockedmove\n|-damage|p2b: Garchomp|77\/100\n|-end|p2b: Garchomp|Sky Drop\n|-damage|p1a: Aerodactyl|20\/100|[from] ability: Rough Skin|[of] p2b: Garchomp\n|move|p2b: Garchomp|Dragon Claw|p1a: Aerodactyl\n|-damage|p1a: Aerodactyl|0 fnt\n|faint|p1a: Aerodactyl\n|move|p2a: Charizard|Flare Blitz|p1b: Cradily\n|-damage|p1b: Cradily|57\/100\n|-damage|p2a: Charizard|68\/100|[from] Recoil\n|move|p1b: Cradily|Earth Power|p2b: Garchomp\n|-damage|p2b: Garchomp|52\/100\n|\n|-weather|none\n|upkeep\n|\n|t:|1697233313\n|switch|p1a: Lycanroc|Lycanroc-Dusk, F|100\/100\n|turn|6\n|\n|t:|1697233322\n|move|p1a: Lycanroc|Accelerock|p2a: Charizard\n|-supereffective|p2a: Charizard\n|-damage|p2a: Charizard|0 fnt\n|faint|p2a: Charizard\n|move|p2b: Garchomp|Dragon Claw|p1a: Lycanroc\n|-damage|p1a: Lycanroc|35\/100\n|move|p1b: Cradily|Giga Drain|p2b: Garchomp\n|-damage|p2b: Garchomp|20\/100\n|-heal|p1b: Cradily|75\/100|[from] drain|[of] p2b: Garchomp\n|\n|upkeep\n|\n|t:|1697233331\n|switch|p2a: Hoopa|Hoopa-Unbound|100\/100\n|turn|7\n|\n|t:|1697233354\n|move|p1a: Lycanroc|Accelerock|p2a: Hoopa\n|-damage|p2a: Hoopa|56\/100\n|move|p2b: Garchomp|Dragon Rush|p1b: Cradily\n|-damage|p1b: Cradily|26\/100\n|move|p2a: Hoopa|Hyperspace Fury|p1a: Lycanroc\n|-damage|p1a: Lycanroc|0 fnt\n|-unboost|p2a: Hoopa|def|1\n|faint|p1a: Lycanroc\n|cant|p1b: Cradily|flinch\n|\n|upkeep\n|\n|t:|1697233370\n|switch|p1a: Nihilego|Nihilego|100\/100\n|turn|8\n|\n|t:|1697233378\n|move|p1a: Nihilego|Power Gem|p2b: Garchomp\n|-resisted|p2b: Garchomp\n|-damage|p2b: Garchomp|0 fnt\n|faint|p2b: Garchomp\n|-ability|p1a: Nihilego|Beast Boost|boost\n|-boost|p1a: Nihilego|spa|1\n|move|p2a: Hoopa|Hyperspace Fury|p1a: Nihilego\n|-damage|p1a: Nihilego|17\/100\n|-unboost|p2a: Hoopa|def|1\n|move|p1b: Cradily|Giga Drain|p2a: Hoopa\n|-damage|p2a: Hoopa|29\/100\n|-heal|p1b: Cradily|38\/100|[from] drain|[of] p2a: Hoopa\n|\n|upkeep\n|\n|t:|1697233385\n|switch|p2b: Regice|Regice|100\/100\n|turn|9\n|\n|t:|1697233407\n|-zpower|p1a: Nihilego\n|move|p1a: Nihilego|Continental Crush|p2b: Regice|[zeffect]\n|-supereffective|p2b: Regice\n|-damage|p2b: Regice|0 fnt\n|faint|p2b: Regice\n|-ability|p1a: Nihilego|Beast Boost|boost\n|-boost|p1a: Nihilego|spa|1\n|move|p2a: Hoopa|Hyperspace Fury|p1a: Nihilego\n|-damage|p1a: Nihilego|0 fnt\n|-unboost|p2a: Hoopa|def|1\n|faint|p1a: Nihilego\n|move|p1b: Cradily|Giga Drain|p2a: Hoopa\n|-damage|p2a: Hoopa|2\/100\n|-heal|p1b: Cradily|51\/100|[from] drain|[of] p2a: Hoopa\n|\n|upkeep\n|\n|t:|1697233413\n|switch|p1a: Aggron|Aggron, M|100\/100\n|switch|p2b: Gyarados|Gyarados-Mega, M, shiny|94\/100\n|-ability|p2b: Gyarados|Mold Breaker\n|turn|10\n|\n|t:|1697233425\n|detailschange|p1a: Aggron|Aggron-Mega, M\n|-mega|p1a: Aggron|Aggron|Aggronite\n|move|p2b: Gyarados|Crunch|p1a: Aggron\n|-damage|p1a: Aggron|80\/100\n|move|p2a: Hoopa|Hyperspace Fury|p1b: Cradily\n|-damage|p1b: Cradily|1\/100\n|-unboost|p2a: Hoopa|def|1\n|move|p1a: Aggron|Body Press|p2b: Gyarados\n|-supereffective|p2b: Gyarados\n|-damage|p2b: Gyarados|6\/100\n|move|p1b: Cradily|Giga Drain|p2b: Gyarados\n|-supereffective|p2b: Gyarados\n|-damage|p2b: Gyarados|0 fnt\n|-heal|p1b: Cradily|4\/100|[from] drain|[of] p2b: Gyarados\n|faint|p2b: Gyarados\n|\n|upkeep\n|turn|11\n|c|\u2606willi1668|L\n|c|\u2606Mokaccino321|not your day today hahaha\n|\n|t:|1697233448\n|switch|p1b: Tyranitar|Tyranitar, M|91\/100\n|-weather|Sandstorm|[from] ability: Sand Stream|[of] p1b: Tyranitar\n|move|p2a: Hoopa|Hyperspace Fury|p1b: Tyranitar\n|-resisted|p1b: Tyranitar\n|-damage|p1b: Tyranitar|67\/100\n|-unboost|p2a: Hoopa|def|1\n|-item|p2a: Hoopa|Life Orb|[from] ability: Magician|[of] p1b: Tyranitar\n|move|p1a: Aggron|Heavy Slam|p2a: Hoopa\n|-damage|p2a: Hoopa|0 fnt\n|faint|p2a: Hoopa\n|\n|win|Mokaccino321\n|c|\u2606willi1668|Noo\n|c|\u2606willi1668|\ud83d\ude2d\ud83d\ude2d\n|c|\u2606Mokaccino321|gg :3 :C\n|c|\u2606willi1668|Gg\n|l|\u2606willi1668\n","uploadtime":1697233493,"views":14,"p1id":"mokaccino321","p2id":"willi1668","formatid":"gen9nationaldexdoubles","rating":0,"private":0,"password":""}