{"id":"gen9nationaldexdoubles-1975298401","p1":"R35ztkiRyzu","p2":"Elite Four Spiffy","format":"[Gen 9] National Dex Doubles","log":"|j|\u2606R35ztkiRyzu\n|j|\u2606Elite Four Spiffy\n|t:|1698177636\n|gametype|doubles\n|player|p1|R35ztkiRyzu|rood|1202\n|player|p2|Elite Four Spiffy|ethan-masters|1174\n|teamsize|p1|6\n|teamsize|p2|6\n|gen|9\n|tier|[Gen 9] National Dex Doubles\n|rated|\n|rule|HP Percentage Mod: HP is shown in percentages\n|rule|Endless Battle Clause: Forcing endless battles is banned\n|rule|OHKO Clause: OHKO moves are banned\n|rule|Evasion Moves Clause: Evasion moves are banned\n|rule|Evasion Abilities Clause: Evasion abilities are banned\n|rule|Species Clause: Limit one of each Pok\u00e9mon\n|rule|Gravity Sleep Clause: The combination of sleep-inducing moves with imperfect accuracy and Gravity or Gigantamax Orbeetle are banned\n|clearpoke\n|poke|p1|Tyranitar, F|\n|poke|p1|Glastrier|\n|poke|p1|Diancie|\n|poke|p1|Gothitelle, F|\n|poke|p1|Camerupt, M|\n|poke|p1|Amoonguss, F|\n|poke|p2|Charizard, F|\n|poke|p2|Darmanitan, F|\n|poke|p2|Turtonator, F|\n|poke|p2|Ceruledge, F|\n|poke|p2|Armarouge, F|\n|poke|p2|Cinderace, F|\n|teampreview\n|inactive|Battle timer is ON: inactive players will automatically lose when time's up. (requested by Elite Four Spiffy)\n|inactive|R35ztkiRyzu has 120 seconds left.\n|\n|t:|1698177677\n|start\n|switch|p1a: CRAZY DIAMONDO|Diancie|100\/100\n|switch|p1b: Marco|Tyranitar, F|100\/100\n|switch|p2a: Sol|Charizard, F|100\/100\n|switch|p2b: Lola|Cinderace, F|100\/100\n|-weather|Sandstorm|[from] ability: Sand Stream|[of] p1b: Marco\n|turn|1\n|\n|t:|1698177693\n|detailschange|p2a: Sol|Charizard-Mega-Y, F\n|-mega|p2a: Sol|Charizard|Charizardite Y\n|-weather|SunnyDay|[from] ability: Drought|[of] p2a: Sol\n|move|p1b: Marco|Protect|p1b: Marco\n|-singleturn|p1b: Marco|Protect\n|move|p2b: Lola|Iron Head|p1a: CRAZY DIAMONDO\n|-start|p2b: Lola|typechange|Steel|[from] ability: Libero\n|-supereffective|p1a: CRAZY DIAMONDO\n|-damage|p1a: CRAZY DIAMONDO|0 fnt\n|faint|p1a: CRAZY DIAMONDO\n|move|p2a: Sol|Solar Beam||[still]\n|-prepare|p2a: Sol|Solar Beam\n|-anim|p2a: Sol|Solar Beam|p1b: Marco\n|-activate|p1b: Marco|move: Protect\n|\n|-weather|SunnyDay|[upkeep]\n|upkeep\n|\n|t:|1698177708\n|switch|p1a: McDonalds|Gothitelle, F|100\/100\n|turn|2\n|\n|t:|1698177720\n|move|p2b: Lola|Trailblaze|p1b: Marco\n|-supereffective|p1b: Marco\n|-damage|p1b: Marco|73\/100\n|-boost|p2b: Lola|spe|1\n|move|p2a: Sol|Weather Ball|p1a: McDonalds\n|-damage|p1a: McDonalds|25\/100\n|-enditem|p1a: McDonalds|Wiki Berry|[eat]\n|-heal|p1a: McDonalds|59\/100|[from] item: Wiki Berry\n|move|p1b: Marco|Rock Slide|p2a: Sol|[spread] p2a,p2b\n|-supereffective|p2a: Sol\n|-resisted|p2b: Lola\n|-damage|p2a: Sol|0 fnt\n|-damage|p2b: Lola|77\/100\n|faint|p2a: Sol\n|move|p1a: McDonalds|Trick Room|p1a: McDonalds\n|-fieldstart|move: Trick Room|[of] p1a: McDonalds\n|\n|-weather|SunnyDay|[upkeep]\n|upkeep\n|\n|t:|1698177736\n|switch|p2a: Shelly|Turtonator, F|100\/100\n|turn|3\n|\n|t:|1698177759\n|-terastallize|p2a: Shelly|Dragon\n|move|p1a: McDonalds|Protect|p1a: McDonalds\n|-singleturn|p1a: McDonalds|Protect\n|move|p2a: Shelly|Flash Cannon|p1b: Marco\n|-supereffective|p1b: Marco\n|-damage|p1b: Marco|34\/100\n|move|p1b: Marco|Brick Break|p2b: Lola\n|-supereffective|p2b: Lola\n|-damage|p2b: Lola|0 fnt\n|faint|p2b: Lola\n|\n|-weather|SunnyDay|[upkeep]\n|upkeep\n|\n|t:|1698177776\n|switch|p2b: Apollonia|Armarouge, F|100\/100\n|turn|4\n|\n|t:|1698177788\n|move|p2a: Shelly|Flash Cannon|p1b: Marco\n|-supereffective|p1b: Marco\n|-damage|p1b: Marco|0 fnt\n|faint|p1b: Marco\n|move|p1a: McDonalds|Heal Pulse|p1: Marco|[notarget]\n|-fail|p1a: McDonalds\n|move|p2b: Apollonia|Calm Mind|p2b: Apollonia\n|-boost|p2b: Apollonia|spa|1\n|-boost|p2b: Apollonia|spd|1\n|\n|-weather|SunnyDay|[upkeep]\n|upkeep\n|\n|t:|1698177803\n|switch|p1b: Volcano Cow|Camerupt, M, shiny|100\/100\n|turn|5\n|\n|t:|1698177818\n|detailschange|p1b: Volcano Cow|Camerupt-Mega, M, shiny\n|-mega|p1b: Volcano Cow|Camerupt|Cameruptite\n|move|p1a: McDonalds|Protect|p1a: McDonalds\n|-singleturn|p1a: McDonalds|Protect\n|move|p1b: Volcano Cow|Earth Power|p2b: Apollonia\n|-supereffective|p2b: Apollonia\n|-damage|p2b: Apollonia|0 fnt\n|faint|p2b: Apollonia\n|move|p2a: Shelly|Dragon Pulse|p1b: Volcano Cow\n|-damage|p1b: Volcano Cow|51\/100\n|\n|-weather|none\n|upkeep\n|\n|t:|1698177830\n|switch|p2b: Janai|Ceruledge, F|100\/100\n|turn|6\n|inactive|R35ztkiRyzu has 120 seconds left.\n|inactive|R35ztkiRyzu has 90 seconds left.\n|\n|t:|1698177892\n|move|p1b: Volcano Cow|Earth Power|p2a: Shelly\n|-damage|p2a: Shelly|44\/100\n|move|p2a: Shelly|Dragon Pulse|p1b: Volcano Cow\n|-damage|p1b: Volcano Cow|2\/100\n|move|p1a: McDonalds|Heal Pulse|p1b: Volcano Cow\n|-heal|p1b: Volcano Cow|52\/100\n|move|p2b: Janai|Shadow Claw|p1a: McDonalds\n|-supereffective|p1a: McDonalds\n|-damage|p1a: McDonalds|0 fnt\n|faint|p1a: McDonalds\n|\n|-fieldend|move: Trick Room\n|upkeep\n|inactive|R35ztkiRyzu has 90 seconds left.\n|\n|t:|1698177906\n|switch|p1a: Clutch|Amoonguss, F|100\/100\n|turn|7\n|inactive|R35ztkiRyzu has 90 seconds left.\n|\n|t:|1698177930\n|move|p1a: Clutch|Protect|p1a: Clutch\n|-singleturn|p1a: Clutch|Protect\n|move|p2b: Janai|Shadow Claw|p1b: Volcano Cow\n|-damage|p1b: Volcano Cow|17\/100\n|move|p2a: Shelly|Flamethrower|p1a: Clutch\n|-activate|p1a: Clutch|move: Protect\n|move|p1b: Volcano Cow|Earth Power|p2a: Shelly\n|-damage|p2a: Shelly|0 fnt\n|faint|p2a: Shelly\n|\n|upkeep\n|\n|t:|1698177941\n|switch|p2a: Scarlett|Darmanitan, F|100\/100\n|turn|8\n|\n|t:|1698177957\n|move|p1a: Clutch|Rage Powder|p1a: Clutch\n|-singleturn|p1a: Clutch|move: Rage Powder\n|move|p2a: Scarlett|Fire Punch|p1a: Clutch\n|-supereffective|p1a: Clutch\n|-damage|p1a: Clutch|0 fnt\n|faint|p1a: Clutch\n|move|p2b: Janai|Shadow Claw|p1b: Volcano Cow\n|-damage|p1b: Volcano Cow|0 fnt\n|faint|p1b: Volcano Cow\n|\n|upkeep\n|-message|R35ztkiRyzu forfeited.\n|\n|win|Elite Four Spiffy\n|raw|R35ztkiRyzu's rating: 1202 &rarr; <strong>1175<\/strong><br \/>(-27 for losing)\n|raw|Elite Four Spiffy's rating: 1174 &rarr; <strong>1201<\/strong><br \/>(+27 for winning)\n|l|\u2606R35ztkiRyzu\n|c|\u2606Elite Four Spiffy|gg\n","uploadtime":1698177971,"views":7,"p1id":"r35ztkiryzu","p2id":"elitefourspiffy","formatid":"gen9nationaldexdoubles","rating":1175,"private":0,"password":""}