{"id":"gen9nationaldexdoubles-1999914796","p1":"Aquiley","p2":"mr Deuzp","format":"[Gen 9] National Dex Doubles","log":"|j|\u2606Aquiley\n|j|\u2606mr Deuzp\n|t:|1701129546\n|gametype|doubles\n|player|p1|Aquiley|pokemonranger-gen4|1104\n|player|p2|mr Deuzp|shadowtriad|1188\n|teamsize|p1|6\n|teamsize|p2|6\n|gen|9\n|tier|[Gen 9] National Dex Doubles\n|rated|\n|rule|HP Percentage Mod: HP is shown in percentages\n|rule|Endless Battle Clause: Forcing endless battles is banned\n|rule|OHKO Clause: OHKO moves are banned\n|rule|Evasion Moves Clause: Evasion moves are banned\n|rule|Evasion Abilities Clause: Evasion abilities are banned\n|rule|Species Clause: Limit one of each Pok\u00e9mon\n|rule|Gravity Sleep Clause: The combination of sleep-inducing moves with imperfect accuracy and Gravity or Gigantamax Orbeetle are banned\n|clearpoke\n|poke|p1|Blaziken, M|\n|poke|p1|Alcremie-Caramel-Swirl, F|\n|poke|p1|Ditto|\n|poke|p1|Urshifu-*, M|\n|poke|p1|Glimmora, F|\n|poke|p1|Umbreon, M|\n|poke|p2|Swampert, M|\n|poke|p2|Pelipper, M|\n|poke|p2|Zapdos|\n|poke|p2|Barraskewda, M|\n|poke|p2|Kingdra, M|\n|poke|p2|Politoed, M|\n|teampreview\n|\n|t:|1701129578\n|start\n|switch|p1a: Glimmora|Glimmora, F|100\/100\n|switch|p1b: Umbreon|Umbreon, M|100\/100\n|switch|p2a: Pelipper|Pelipper, M, shiny|100\/100\n|switch|p2b: Swampert|Swampert, M, shiny|100\/100\n|-weather|RainDance|[from] ability: Drizzle|[of] p2a: Pelipper\n|turn|1\n|\n|t:|1701129593\n|detailschange|p2b: Swampert|Swampert-Mega, M, shiny\n|-mega|p2b: Swampert|Swampert|Swampertite\n|move|p2b: Swampert|Superpower|p1b: Umbreon\n|-supereffective|p1b: Umbreon\n|-damage|p1b: Umbreon|25\/100\n|-unboost|p2b: Swampert|atk|1\n|-unboost|p2b: Swampert|def|1\n|move|p1a: Glimmora|Stealth Rock|p2b: Swampert\n|-sidestart|p2: mr Deuzp|move: Stealth Rock\n|move|p1b: Umbreon|Toxic|p2b: Swampert\n|-status|p2b: Swampert|tox\n|move|p2a: Pelipper|Tailwind|p2a: Pelipper\n|-sidestart|p2: mr Deuzp|move: Tailwind\n|\n|-weather|RainDance|[upkeep]\n|-heal|p1b: Umbreon|31\/100|[from] item: Leftovers\n|-damage|p2b: Swampert|94\/100 tox|[from] psn\n|upkeep\n|turn|2\n|inactive|Battle timer is ON: inactive players will automatically lose when time's up. (requested by Aquiley)\n|\n|t:|1701129617\n|switch|p1b: Alcremie|Alcremie-Caramel-Swirl, F, shiny|100\/100\n|move|p2b: Swampert|Liquidation|p1b: Alcremie\n|-damage|p1b: Alcremie|31\/100\n|move|p2a: Pelipper|Hydro Pump|p1a: Glimmora\n|-supereffective|p1a: Glimmora\n|-enditem|p1a: Glimmora|Focus Sash\n|-damage|p1a: Glimmora|1\/100\n|move|p1a: Glimmora|Reflect|p1a: Glimmora\n|-sidestart|p1: Aquiley|Reflect\n|\n|-weather|RainDance|[upkeep]\n|-heal|p1b: Alcremie|37\/100|[from] item: Leftovers\n|-damage|p2b: Swampert|82\/100 tox|[from] psn\n|upkeep\n|turn|3\n|\n|t:|1701129636\n|move|p1b: Alcremie|Protect|p1b: Alcremie\n|-singleturn|p1b: Alcremie|Protect\n|move|p2b: Swampert|Liquidation|p1b: Alcremie\n|-activate|p1b: Alcremie|move: Protect\n|move|p2a: Pelipper|Hurricane|p1a: Glimmora\n|-resisted|p1a: Glimmora\n|-damage|p1a: Glimmora|0 fnt\n|faint|p1a: Glimmora\n|\n|-weather|RainDance|[upkeep]\n|-heal|p1b: Alcremie|43\/100|[from] item: Leftovers\n|-damage|p2b: Swampert|63\/100 tox|[from] psn\n|upkeep\n|\n|t:|1701129651\n|switch|p1a: Urshifu|Urshifu-Rapid-Strike, M|100\/100\n|turn|4\n|\n|t:|1701129658\n|move|p2b: Swampert|Earthquake|p1b: Alcremie|[spread] p1a,p1b\n|-immune|p2a: Pelipper\n|-damage|p1a: Urshifu|79\/100\n|-damage|p1b: Alcremie|17\/100\n|move|p2a: Pelipper|Hurricane|p1a: Urshifu\n|-supereffective|p1a: Urshifu\n|-damage|p1a: Urshifu|0 fnt\n|faint|p1a: Urshifu\n|move|p1b: Alcremie|Decorate|p1: Urshifu|[notarget]\n|-fail|p1b: Alcremie\n|\n|-weather|RainDance|[upkeep]\n|-heal|p1b: Alcremie|23\/100|[from] item: Leftovers\n|-damage|p2b: Swampert|39\/100 tox|[from] psn\n|-sideend|p2: mr Deuzp|move: Tailwind\n|upkeep\n|\n|t:|1701129667\n|switch|p1a: Blaziken|Blaziken, M|100\/100\n|turn|5\n|\n|t:|1701129672\n|detailschange|p1a: Blaziken|Blaziken-Mega, M\n|-mega|p1a: Blaziken|Blaziken|Blazikenite\n|move|p1a: Blaziken|Protect|p1a: Blaziken\n|-singleturn|p1a: Blaziken|Protect\n|move|p2b: Swampert|Earthquake|p1b: Alcremie|[spread] p1b\n|-activate|p1a: Blaziken|move: Protect\n|-immune|p2a: Pelipper\n|-damage|p1b: Alcremie|0 fnt\n|faint|p1b: Alcremie\n|move|p2a: Pelipper|Hydro Pump|p1a: Blaziken\n|-activate|p1a: Blaziken|move: Protect\n|\n|-weather|RainDance|[upkeep]\n|-damage|p2b: Swampert|8\/100 tox|[from] psn\n|-ability|p1a: Blaziken|Speed Boost|boost\n|-boost|p1a: Blaziken|spe|1\n|upkeep\n|\n|t:|1701129682\n|switch|p1b: Umbreon|Umbreon, M|31\/100\n|turn|6\n|j| S1r.sweepsaLot\n|\n|t:|1701129700\n|switch|p1a: Ditto|Ditto|100\/100\n|-transform|p1a: Ditto|p2b: Swampert|[from] ability: Imposter\n|move|p2b: Swampert|Earthquake|p1b: Umbreon|[spread] p1a,p1b\n|-immune|p2a: Pelipper\n|-damage|p1a: Ditto|61\/100\n|-damage|p1b: Umbreon|15\/100\n|move|p1b: Umbreon|Moonlight|p1b: Umbreon\n|-heal|p1b: Umbreon|40\/100\n|move|p2a: Pelipper|Tailwind|p2a: Pelipper\n|-sidestart|p2: mr Deuzp|move: Tailwind\n|\n|-weather|RainDance|[upkeep]\n|-heal|p1a: Ditto|67\/100|[from] item: Leftovers\n|-heal|p1b: Umbreon|46\/100|[from] item: Leftovers\n|-damage|p2b: Swampert|0 fnt|[from] psn\n|faint|p2b: Swampert\n|-sideend|p1: Aquiley|Reflect\n|upkeep\n|\n|t:|1701129715\n|switch|p2b: Kingdra|Kingdra, M, shiny|100\/100\n|-damage|p2b: Kingdra|88\/100|[from] Stealth Rock\n|turn|7\n|\n|t:|1701129725\n|move|p1a: Ditto|Protect|p1a: Ditto\n|-singleturn|p1a: Ditto|Protect\n|-zpower|p2b: Kingdra\n|move|p2b: Kingdra|Hydro Vortex|p1b: Umbreon|[zeffect]\n|-damage|p1b: Umbreon|0 fnt\n|faint|p1b: Umbreon\n|move|p2a: Pelipper|Hurricane|p1a: Ditto\n|-activate|p1a: Ditto|move: Protect\n|\n|-weather|RainDance|[upkeep]\n|-heal|p1a: Ditto|73\/100|[from] item: Leftovers\n|upkeep\n|\n|t:|1701129730\n|switch|p1b: Blaziken|Blaziken-Mega, M|100\/100\n|turn|8\n|\n|t:|1701129740\n|move|p2b: Kingdra|Muddy Water|p1b: Blaziken|[spread] p1a\n|-miss|p2b: Kingdra|p1b: Blaziken\n|-damage|p1a: Ditto|8\/100\n|move|p1a: Ditto|Liquidation|p2b: Kingdra\n|-resisted|p2b: Kingdra\n|-damage|p2b: Kingdra|72\/100\n|move|p2a: Pelipper|Hurricane|p1a: Ditto\n|-crit|p1a: Ditto\n|-damage|p1a: Ditto|0 fnt\n|faint|p1a: Ditto\n|move|p1b: Blaziken|Knock Off|p2a: Pelipper\n|-damage|p2a: Pelipper|66\/100\n|-enditem|p2a: Pelipper|Damp Rock|[from] move: Knock Off|[of] p1b: Blaziken\n|\n|-weather|none\n|-ability|p1b: Blaziken|Speed Boost|boost\n|-boost|p1b: Blaziken|spe|1\n|upkeep\n|turn|9\n|\n|t:|1701129753\n|switch|p2a: Politoed|Politoed, M, shiny|100\/100\n|-damage|p2a: Politoed|88\/100|[from] Stealth Rock\n|-weather|RainDance|[from] ability: Drizzle|[of] p2a: Politoed\n|move|p2b: Kingdra|Protect|p2b: Kingdra\n|-singleturn|p2b: Kingdra|Protect\n|move|p1b: Blaziken|Earthquake|p2b: Kingdra|[spread] p2a\n|-activate|p2b: Kingdra|move: Protect\n|-damage|p2a: Politoed|64\/100\n|\n|-weather|RainDance|[upkeep]\n|-sideend|p2: mr Deuzp|move: Tailwind\n|-ability|p1b: Blaziken|Speed Boost|boost\n|-boost|p1b: Blaziken|spe|1\n|upkeep\n|turn|10\n|\n|t:|1701129760\n|move|p2a: Politoed|Helping Hand|p2b: Kingdra\n|-singleturn|p2b: Kingdra|Helping Hand|[of] p2a: Politoed\n|move|p1b: Blaziken|Protect|p1b: Blaziken\n|-singleturn|p1b: Blaziken|Protect\n|move|p2b: Kingdra|Hydro Pump|p1b: Blaziken\n|-activate|p1b: Blaziken|move: Protect\n|\n|-weather|RainDance|[upkeep]\n|-ability|p1b: Blaziken|Speed Boost|boost\n|-boost|p1b: Blaziken|spe|1\n|upkeep\n|turn|11\n|\n|t:|1701129771\n|move|p2a: Politoed|Helping Hand|p2b: Kingdra\n|-singleturn|p2b: Kingdra|Helping Hand|[of] p2a: Politoed\n|move|p1b: Blaziken|Knock Off|p2a: Politoed\n|-damage|p2a: Politoed|29\/100\n|-enditem|p2a: Politoed|Damp Rock|[from] move: Knock Off|[of] p1b: Blaziken\n|move|p2b: Kingdra|Hydro Pump|p1b: Blaziken\n|-supereffective|p1b: Blaziken\n|-damage|p1b: Blaziken|0 fnt\n|faint|p1b: Blaziken\n|\n|win|mr Deuzp\n|raw|Aquiley's rating: 1104 &rarr; <strong>1085<\/strong><br \/>(-19 for losing)\n|raw|mr Deuzp's rating: 1188 &rarr; <strong>1207<\/strong><br \/>(+19 for winning)\n|l|\u2606Aquiley\n","uploadtime":1701129782,"views":2,"p1id":"aquiley","p2id":"mrdeuzp","formatid":"gen9nationaldexdoubles","rating":1085,"private":0,"password":""}