{"id":"gen9nationaldexdoubles-1974425681","p1":"fumbari 24","p2":"Cyclone_42","format":"[Gen 9] National Dex Doubles","log":"|j|\u2606fumbari 24\n|j|\u2606Cyclone_42\n|t:|1698085980\n|gametype|doubles\n|player|p1|fumbari 24|hilbert|1374\n|player|p2|Cyclone_42|265|1277\n|teamsize|p1|6\n|teamsize|p2|6\n|gen|9\n|tier|[Gen 9] National Dex Doubles\n|rated|\n|rule|HP Percentage Mod: HP is shown in percentages\n|rule|Endless Battle Clause: Forcing endless battles is banned\n|rule|OHKO Clause: OHKO moves are banned\n|rule|Evasion Moves Clause: Evasion moves are banned\n|rule|Evasion Abilities Clause: Evasion abilities are banned\n|rule|Species Clause: Limit one of each Pok\u00e9mon\n|rule|Gravity Sleep Clause: The combination of sleep-inducing moves with imperfect accuracy and Gravity or Gigantamax Orbeetle are banned\n|clearpoke\n|poke|p1|Lucario, M|\n|poke|p1|Whimsicott, F|\n|poke|p1|Ninetales, F|\n|poke|p1|Blastoise, M|\n|poke|p1|Excadrill, M|\n|poke|p1|Roserade, F|\n|poke|p2|Amoonguss, M|\n|poke|p2|Heatran, M|\n|poke|p2|Tornadus, M|\n|poke|p2|Torkoal, M|\n|poke|p2|Incineroar, M|\n|poke|p2|Flutter Mane|\n|teampreview\n|inactive|Battle timer is ON: inactive players will automatically lose when time's up. (requested by fumbari 24)\n|\n|t:|1698086020\n|start\n|switch|p1a: Corruption|Ninetales, F, shiny|100\/100\n|switch|p1b: Harbor|Blastoise, M|100\/100\n|switch|p2a: Incineroar|Incineroar, M|100\/100\n|switch|p2b: Tornadus|Tornadus, M|100\/100\n|-ability|p2a: Incineroar|Intimidate|boost\n|-unboost|p1a: Corruption|atk|1\n|-unboost|p1b: Harbor|atk|1\n|-weather|SunnyDay|[from] ability: Drought|[of] p1a: Corruption\n|turn|1\n|\n|t:|1698086048\n|move|p2a: Incineroar|Fake Out|p1b: Harbor\n|-damage|p1b: Harbor|92\/100\n|cant|p1b: Harbor|flinch\n|move|p2b: Tornadus|Taunt|p1b: Harbor\n|-start|p1b: Harbor|move: Taunt\n|move|p1a: Corruption|Scorching Sands|p2a: Incineroar\n|-supereffective|p2a: Incineroar\n|-damage|p2a: Incineroar|74\/100\n|\n|-weather|SunnyDay|[upkeep]\n|-heal|p1b: Harbor|98\/100|[from] item: Leftovers\n|upkeep\n|turn|2\n|\n|t:|1698086068\n|move|p2b: Tornadus|Tailwind|p2b: Tornadus\n|-sidestart|p2: Cyclone_42|move: Tailwind\n|move|p2a: Incineroar|Parting Shot|p1a: Corruption\n|-unboost|p1a: Corruption|atk|1\n|-unboost|p1a: Corruption|spa|1\n|\n|t:|1698086077\n|switch|p2a: Heatran|Heatran, M|100\/100|[from] Parting Shot\n|move|p1a: Corruption|Heat Wave|p2b: Tornadus|[spread] p2b\n|-start|p2a: Heatran|ability: Flash Fire\n|-damage|p2b: Tornadus|74\/100\n|move|p1b: Harbor|Icy Wind|p2a: Heatran|[spread] p2a,p2b\n|-resisted|p2a: Heatran\n|-supereffective|p2b: Tornadus\n|-damage|p2a: Heatran|99\/100\n|-damage|p2b: Tornadus|52\/100\n|-unboost|p2a: Heatran|spe|1\n|\n|-weather|SunnyDay|[upkeep]\n|-heal|p1b: Harbor|100\/100|[from] item: Leftovers\n|upkeep\n|turn|3\n|\n|t:|1698086102\n|-terastallize|p2a: Heatran|Grass\n|move|p2b: Tornadus|Icy Wind|p1b: Harbor|[spread] p1a,p1b\n|-resisted|p1a: Corruption\n|-resisted|p1b: Harbor\n|-damage|p1a: Corruption|94\/100\n|-damage|p1b: Harbor|95\/100\n|-unboost|p1a: Corruption|spe|1\n|-unboost|p1b: Harbor|spe|1\n|move|p2a: Heatran|Tera Blast|p1b: Harbor|[anim] Tera Blast Grass\n|-supereffective|p1b: Harbor\n|-damage|p1b: Harbor|30\/100\n|move|p1a: Corruption|Scorching Sands|p2a: Heatran\n|-resisted|p2a: Heatran\n|-damage|p2a: Heatran|96\/100\n|-status|p2a: Heatran|brn\n|move|p1b: Harbor|Icy Wind|p2a: Heatran|[spread] p2a,p2b\n|-supereffective|p2a: Heatran\n|-supereffective|p2b: Tornadus\n|-damage|p2a: Heatran|85\/100 brn\n|-damage|p2b: Tornadus|28\/100\n|-unboost|p2a: Heatran|spe|1\n|\n|-weather|SunnyDay|[upkeep]\n|-heal|p1b: Harbor|37\/100|[from] item: Leftovers\n|-damage|p2a: Heatran|79\/100 brn|[from] brn\n|upkeep\n|turn|4\n|inactive|Cyclone_42 has 120 seconds left.\n|inactive|fumbari 24 has 120 seconds left.\n|\n|t:|1698086140\n|move|p2b: Tornadus|Icy Wind|p1a: Corruption|[spread] p1a,p1b\n|-resisted|p1a: Corruption\n|-resisted|p1b: Harbor\n|-damage|p1a: Corruption|87\/100\n|-damage|p1b: Harbor|32\/100\n|-unboost|p1a: Corruption|spe|1\n|-unboost|p1b: Harbor|spe|1\n|move|p2a: Heatran|Tera Blast|p1b: Harbor|[anim] Tera Blast Grass\n|-supereffective|p1b: Harbor\n|-damage|p1b: Harbor|0 fnt\n|faint|p1b: Harbor\n|move|p1a: Corruption|Heat Wave|p2a: Heatran|[spread] p2b\n|-immune|p2a: Heatran|[from] ability: Flash Fire\n|-damage|p2b: Tornadus|0 fnt\n|faint|p2b: Tornadus\n|\n|-weather|SunnyDay|[upkeep]\n|-damage|p2a: Heatran|72\/100 brn|[from] brn\n|upkeep\n|\n|t:|1698086159\n|switch|p2b: Flutter Mane|Flutter Mane|100\/100\n|switch|p1b: Rosetta|Roserade, F|100\/100\n|-activate|p2b: Flutter Mane|ability: Protosynthesis\n|-start|p2b: Flutter Mane|protosynthesisspa\n|turn|5\n|inactive|Cyclone_42 has 120 seconds left.\n|\n|t:|1698086203\n|move|p1b: Rosetta|Protect|p1b: Rosetta\n|-singleturn|p1b: Rosetta|Protect\n|move|p2b: Flutter Mane|Dazzling Gleam|p1a: Corruption|[spread] p1a\n|-activate|p1b: Rosetta|move: Protect\n|-resisted|p1a: Corruption\n|-damage|p1a: Corruption|63\/100\n|move|p2a: Heatran|Heat Wave|p1b: Rosetta|[spread] \n|-activate|p1b: Rosetta|move: Protect\n|-miss|p2a: Heatran|p1a: Corruption\n|move|p1a: Corruption|Heat Wave|p2a: Heatran|[spread] p2b\n|-immune|p2a: Heatran|[from] ability: Flash Fire\n|-damage|p2b: Flutter Mane|84\/100\n|\n|-weather|none\n|-end|p2b: Flutter Mane|Protosynthesis\n|-damage|p2a: Heatran|66\/100 brn|[from] brn\n|-sideend|p2: Cyclone_42|move: Tailwind\n|upkeep\n|turn|6\n|inactive|Cyclone_42 has 120 seconds left.\n|inactive|fumbari 24 has 120 seconds left.\n|\n|t:|1698086235\n|-end|p2b: Flutter Mane|Protosynthesis|[silent]\n|switch|p2b: Incineroar|Incineroar, M|74\/100\n|-ability|p2b: Incineroar|Intimidate|boost\n|-unboost|p1a: Corruption|atk|1\n|-unboost|p1b: Rosetta|atk|1\n|-end|p2a: Heatran|ability: Flash Fire|[silent]\n|switch|p2a: Torkoal|Torkoal, M|100\/100\n|-weather|SunnyDay|[from] ability: Drought|[of] p2a: Torkoal\n|move|p1b: Rosetta|Sludge Bomb|p2a: Torkoal\n|-damage|p2a: Torkoal|43\/100\n|move|p1a: Corruption|Will-O-Wisp|p2b: Incineroar\n|-immune|p2b: Incineroar\n|\n|-weather|SunnyDay|[upkeep]\n|upkeep\n|turn|7\n|inactive|Cyclone_42 has 120 seconds left.\n|inactive|Cyclone_42 has 90 seconds left.\n|\n|t:|1698086290\n|move|p1b: Rosetta|Protect|p1b: Rosetta\n|-singleturn|p1b: Rosetta|Protect\n|move|p2b: Incineroar|Fake Out|p1b: Rosetta\n|-activate|p1b: Rosetta|move: Protect\n|move|p1a: Corruption|Heat Wave|p2b: Incineroar|[spread] p2a,p2b\n|-resisted|p2a: Torkoal\n|-resisted|p2b: Incineroar\n|-damage|p2a: Torkoal|31\/100\n|-damage|p2b: Incineroar|63\/100\n|move|p2a: Torkoal|Body Press|p1b: Rosetta\n|-activate|p1b: Rosetta|move: Protect\n|\n|-weather|SunnyDay|[upkeep]\n|upkeep\n|turn|8\n|inactive|Cyclone_42 has 90 seconds left.\n|\n|t:|1698086315\n|move|p2b: Incineroar|Parting Shot|p1b: Rosetta\n|-unboost|p1b: Rosetta|atk|1\n|-unboost|p1b: Rosetta|spa|1\n|\n|t:|1698086320\n|switch|p2b: Heatran|Heatran, M, tera:Grass|66\/100 brn|[from] Parting Shot\n|move|p1b: Rosetta|Sludge Bomb|p2a: Torkoal\n|-crit|p2a: Torkoal\n|-damage|p2a: Torkoal|0 fnt\n|faint|p2a: Torkoal\n|move|p1a: Corruption|Scorching Sands|p2b: Heatran\n|-resisted|p2b: Heatran\n|-damage|p2b: Heatran|63\/100 brn\n|\n|-weather|SunnyDay|[upkeep]\n|-damage|p2b: Heatran|57\/100 brn|[from] brn\n|upkeep\n|inactive|Cyclone_42 has 90 seconds left.\n|\n|t:|1698086335\n|switch|p2a: Flutter Mane|Flutter Mane|84\/100\n|-activate|p2a: Flutter Mane|ability: Protosynthesis\n|-start|p2a: Flutter Mane|protosynthesisspa\n|turn|9\n|\n|t:|1698086350\n|move|p2a: Flutter Mane|Dazzling Gleam|p1b: Rosetta|[spread] p1a,p1b\n|-resisted|p1a: Corruption\n|-resisted|p1b: Rosetta\n|-damage|p1a: Corruption|39\/100\n|-damage|p1b: Rosetta|68\/100\n|move|p2b: Heatran|Earth Power|p1a: Corruption\n|-supereffective|p1a: Corruption\n|-enditem|p1a: Corruption|Shuca Berry|[eat]\n|-enditem|p1a: Corruption|Shuca Berry|[weaken]\n|-damage|p1a: Corruption|12\/100\n|-unboost|p1a: Corruption|spd|1\n|move|p1b: Rosetta|Sludge Bomb|p2b: Heatran\n|-supereffective|p2b: Heatran\n|-damage|p2b: Heatran|15\/100 brn\n|move|p1a: Corruption|Will-O-Wisp|p2a: Flutter Mane\n|-status|p2a: Flutter Mane|brn\n|\n|-weather|SunnyDay|[upkeep]\n|-damage|p2a: Flutter Mane|78\/100 brn|[from] brn\n|-damage|p2b: Heatran|9\/100 brn|[from] brn\n|upkeep\n|turn|10\n|inactive|Cyclone_42 has 120 seconds left.\n|inactive|fumbari 24 has 120 seconds left.\n|inactive|Cyclone_42 has 90 seconds left.\n|\n|t:|1698086392\n|-end|p2a: Flutter Mane|Protosynthesis|[silent]\n|switch|p2a: Incineroar|Incineroar, M|63\/100\n|-ability|p2a: Incineroar|Intimidate|boost\n|-unboost|p1a: Corruption|atk|1\n|-unboost|p1b: Rosetta|atk|1\n|move|p1b: Rosetta|Protect|p1b: Rosetta\n|-singleturn|p1b: Rosetta|Protect\n|move|p2b: Heatran|Flash Cannon|p1b: Rosetta\n|-activate|p1b: Rosetta|move: Protect\n|move|p1a: Corruption|Scorching Sands|p2a: Incineroar\n|-supereffective|p2a: Incineroar\n|-damage|p2a: Incineroar|46\/100\n|\n|-weather|none\n|-damage|p2b: Heatran|3\/100 brn|[from] brn\n|upkeep\n|turn|11\n|\n|t:|1698086415\n|move|p1b: Rosetta|Protect|p1b: Rosetta\n|-singleturn|p1b: Rosetta|Protect\n|move|p2a: Incineroar|Fake Out|p1b: Rosetta\n|-activate|p1b: Rosetta|move: Protect\n|move|p2b: Heatran|Flash Cannon|p1b: Rosetta\n|-activate|p1b: Rosetta|move: Protect\n|move|p1a: Corruption|Scorching Sands|p2a: Incineroar\n|-supereffective|p2a: Incineroar\n|-damage|p2a: Incineroar|28\/100\n|\n|-damage|p2b: Heatran|0 fnt|[from] brn\n|faint|p2b: Heatran\n|upkeep\n|inactive|Cyclone_42 has 90 seconds left.\n|\n|t:|1698086430\n|switch|p2b: Amoonguss|Amoonguss, M|100\/100\n|turn|12\n|\n|t:|1698086444\n|move|p2a: Incineroar|Knock Off|p1b: Rosetta\n|-damage|p1b: Rosetta|12\/100\n|-enditem|p1b: Rosetta|Wiki Berry|[from] move: Knock Off|[of] p2a: Incineroar\n|move|p1b: Rosetta|Sludge Bomb|p2b: Amoonguss\n|-damage|p2b: Amoonguss|72\/100\n|move|p1a: Corruption|Heat Wave|p2a: Incineroar|[spread] p2a,p2b\n|-resisted|p2a: Incineroar\n|-supereffective|p2b: Amoonguss\n|-crit|p2b: Amoonguss\n|-damage|p2a: Incineroar|22\/100\n|-damage|p2b: Amoonguss|22\/100\n|-enditem|p2a: Incineroar|Aguav Berry|[eat]\n|-heal|p2a: Incineroar|56\/100|[from] item: Aguav Berry\n|-enditem|p2b: Amoonguss|Sitrus Berry|[eat]\n|-heal|p2b: Amoonguss|47\/100|[from] item: Sitrus Berry\n|move|p2b: Amoonguss|Pollen Puff|p2a: Incineroar\n|-heal|p2a: Incineroar|100\/100\n|\n|upkeep\n|turn|13\n|inactive|Cyclone_42 has 120 seconds left.\n|\n|t:|1698086475\n|move|p2b: Amoonguss|Protect|p2b: Amoonguss\n|-singleturn|p2b: Amoonguss|Protect\n|move|p2a: Incineroar|Knock Off|p1b: Rosetta\n|-damage|p1b: Rosetta|0 fnt\n|faint|p1b: Rosetta\n|move|p1a: Corruption|Heat Wave|p2b: Amoonguss|[spread] p2a\n|-activate|p2b: Amoonguss|move: Protect\n|-resisted|p2a: Incineroar\n|-damage|p2a: Incineroar|94\/100\n|\n|upkeep\n|\n|t:|1698086484\n|switch|p1b: Speckles|Excadrill, M|100\/100\n|-ability|p1b: Speckles|Mold Breaker\n|turn|14\n|inactive|Cyclone_42 has 120 seconds left.\n|\n|t:|1698086503\n|-zpower|p1b: Speckles\n|move|p1b: Speckles|Tectonic Rage|p2a: Incineroar|[zeffect]\n|-supereffective|p2a: Incineroar\n|-damage|p2a: Incineroar|0 fnt\n|faint|p2a: Incineroar\n|move|p1a: Corruption|Heat Wave|p2b: Amoonguss|[miss]\n|-miss|p1a: Corruption|p2b: Amoonguss\n|move|p2b: Amoonguss|Spore|p1b: Speckles\n|-status|p1b: Speckles|slp|[from] move: Spore\n|\n|upkeep\n|inactive|Cyclone_42 has 120 seconds left.\n|\n|t:|1698086515\n|switch|p2a: Flutter Mane|Flutter Mane|78\/100 brn\n|turn|15\n|j| kommoofan18\n|inactive|Cyclone_42 has 120 seconds left.\n|c| kommoofan18|i think that ninetails needs more debuffs\n|\n|t:|1698086560\n|move|p2a: Flutter Mane|Dazzling Gleam|p1b: Speckles|[spread] p1a,p1b\n|-resisted|p1a: Corruption\n|-resisted|p1b: Speckles\n|-damage|p1a: Corruption|0 fnt\n|-damage|p1b: Speckles|72\/100 slp\n|faint|p1a: Corruption\n|cant|p1b: Speckles|slp\n|move|p2b: Amoonguss|Spore|p1b: Speckles\n|-fail|p1b: Speckles|slp\n|\n|-damage|p2a: Flutter Mane|72\/100 brn|[from] brn\n|upkeep\n|\n|t:|1698086573\n|switch|p1a: Champ|Lucario, M|100\/100\n|turn|16\n|\n|t:|1698086582\n|detailschange|p1a: Champ|Lucario-Mega, M\n|-mega|p1a: Champ|Lucario|Lucarionite\n|move|p1a: Champ|Bullet Punch|p2a: Flutter Mane\n|-supereffective|p2a: Flutter Mane\n|-damage|p2a: Flutter Mane|0 fnt\n|faint|p2a: Flutter Mane\n|-end|p2a: Flutter Mane|Protosynthesis|[silent]\n|cant|p1b: Speckles|slp\n|move|p2b: Amoonguss|Spore|p1a: Champ\n|-status|p1a: Champ|slp|[from] move: Spore\n|\n|upkeep\n|turn|17\n|-message|Cyclone_42 forfeited.\n|\n|win|fumbari 24\n|raw|fumbari 24's rating: 1374 &rarr; <strong>1389<\/strong><br \/>(+15 for winning)\n|raw|Cyclone_42's rating: 1277 &rarr; <strong>1259<\/strong><br \/>(-18 for losing)\n|l|\u2606Cyclone_42\n","uploadtime":1698086606,"views":8,"p1id":"fumbari24","p2id":"cyclone42","formatid":"gen9nationaldexdoubles","rating":1259,"private":0,"password":""}