{"id":"gen9nationaldexdoubles-1966956666","p1":"Jettsss","p2":"CommandCat","format":"[Gen 9] National Dex Doubles","log":"|j|\u2606Jettsss\n|j|\u2606CommandCat\n|t:|1697237756\n|gametype|doubles\n|player|p1|Jettsss|2|1000\n|player|p2|CommandCat|clerkf|1000\n|teamsize|p1|6\n|teamsize|p2|6\n|gen|9\n|tier|[Gen 9] National Dex Doubles\n|rated|\n|rule|HP Percentage Mod: HP is shown in percentages\n|rule|Endless Battle Clause: Forcing endless battles is banned\n|rule|OHKO Clause: OHKO moves are banned\n|rule|Evasion Moves Clause: Evasion moves are banned\n|rule|Evasion Abilities Clause: Evasion abilities are banned\n|rule|Species Clause: Limit one of each Pok\u00e9mon\n|rule|Gravity Sleep Clause: The combination of sleep-inducing moves with imperfect accuracy and Gravity or Gigantamax Orbeetle are banned\n|clearpoke\n|poke|p1|Sableye, M|\n|poke|p1|Clefable, F|\n|poke|p1|Scizor, M|\n|poke|p1|Amoonguss, M|\n|poke|p1|Heatran, F|\n|poke|p1|Excadrill, M|\n|poke|p2|Eevee, F|\n|poke|p2|Primarina, F|\n|poke|p2|Cyclizar, F|\n|poke|p2|Shuckle, M|\n|poke|p2|Iron Valiant|\n|poke|p2|Indeedee-F, F|\n|teampreview\n|\n|t:|1697237776\n|start\n|switch|p1a: Heatran|Heatran, F|100\/100\n|switch|p1b: Excadrill|Excadrill, M|100\/100\n|switch|p2a: Motorcycle|Cyclizar, F|100\/100\n|switch|p2b: Indeedee|Indeedee-F, F|100\/100\n|-ability|p1b: Excadrill|Mold Breaker\n|-fieldstart|move: Psychic Terrain|[from] ability: Psychic Surge|[of] p2b: Indeedee\n|turn|1\n|\n|t:|1697237798\n|move|p2a: Motorcycle|Shed Tail|p2a: Motorcycle\n|-start|p2a: Motorcycle|Substitute|[from] move: Shed Tail\n|-damage|p2a: Motorcycle|50\/100\n|\n|t:|1697237802\n|switch|p2a: Smol Boi|Eevee, F|100\/100|[from] Shed Tail\n|move|p1b: Excadrill|Earthquake|p2b: Indeedee|[spread] p1a,p2a,p2b\n|-end|p2a: Smol Boi|Substitute\n|-supereffective|p1a: Heatran\n|-crit|p2b: Indeedee\n|-damage|p1a: Heatran|0 fnt\n|-damage|p2b: Indeedee|21\/100\n|faint|p1a: Heatran\n|move|p2b: Indeedee|Drain Punch|p1b: Excadrill\n|-supereffective|p1b: Excadrill\n|-damage|p1b: Excadrill|69\/100\n|-heal|p2b: Indeedee|37\/100|[from] drain|[of] p1b: Excadrill\n|\n|-heal|p1b: Excadrill|76\/100|[from] item: Leftovers\n|-heal|p2b: Indeedee|43\/100|[from] item: Leftovers\n|upkeep\n|\n|t:|1697237822\n|switch|p1a: Clefable|Clefable, F|100\/100\n|turn|2\n|\n|t:|1697237830\n|move|p1b: Excadrill|Earthquake|p2b: Indeedee|[spread] p1a,p2a,p2b\n|-damage|p1a: Clefable|68\/100\n|-damage|p2a: Smol Boi|29\/100\n|-damage|p2b: Indeedee|0 fnt\n|faint|p2b: Indeedee\n|-zpower|p2a: Smol Boi\n|move|p2a: Smol Boi|Extreme Evoboost|p2a: Smol Boi\n|-boost|p2a: Smol Boi|atk|2\n|-boost|p2a: Smol Boi|def|2\n|-boost|p2a: Smol Boi|spa|2\n|-boost|p2a: Smol Boi|spd|2\n|-boost|p2a: Smol Boi|spe|2\n|move|p1a: Clefable|Calm Mind|p1a: Clefable\n|-boost|p1a: Clefable|spa|1\n|-boost|p1a: Clefable|spd|1\n|\n|-heal|p1b: Excadrill|82\/100|[from] item: Leftovers\n|-heal|p1a: Clefable|74\/100|[from] item: Leftovers\n|upkeep\n|\n|t:|1697237837\n|switch|p2b: Motorcycle|Cyclizar, F|83\/100\n|turn|3\n|\n|t:|1697237862\n|move|p2b: Motorcycle|Shed Tail|p2b: Motorcycle\n|-start|p2b: Motorcycle|Substitute|[from] move: Shed Tail\n|-damage|p2b: Motorcycle|33\/100\n|\n|t:|1697237872\n|switch|p2b: Blades of Justice|Iron Valiant|100\/100|[from] Shed Tail\n|-enditem|p2b: Blades of Justice|Booster Energy\n|-activate|p2b: Blades of Justice|ability: Quark Drive|[fromitem]\n|-start|p2b: Blades of Justice|quarkdrivespe\n|move|p2a: Smol Boi|Baton Pass|p2a: Smol Boi\n|\n|t:|1697237879\n|switch|p2a: Songs of War|Primarina, F|100\/100|[from] Baton Pass\n|move|p1b: Excadrill|Rock Slide|p2b: Blades of Justice|[spread] p2a,p2b\n|-resisted|p2b: Blades of Justice\n|-activate|p2b: Blades of Justice|move: Substitute|[damage]\n|-damage|p2a: Songs of War|88\/100\n|move|p1a: Clefable|Moonlight|p1a: Clefable\n|-heal|p1a: Clefable|100\/100\n|\n|-heal|p1b: Excadrill|88\/100|[from] item: Leftovers\n|upkeep\n|turn|4\n|\n|t:|1697237909\n|move|p2b: Blades of Justice|Wide Guard|p2b: Blades of Justice\n|-singleturn|p2b: Blades of Justice|Wide Guard\n|move|p2a: Songs of War|Substitute|p2a: Songs of War\n|-start|p2a: Songs of War|Substitute\n|-damage|p2a: Songs of War|63\/100\n|move|p1b: Excadrill|Iron Head|p2a: Songs of War\n|-end|p2a: Songs of War|Substitute\n|move|p1a: Clefable|Moonblast|p2a: Songs of War\n|-damage|p2a: Songs of War|26\/100\n|\n|-heal|p1b: Excadrill|94\/100|[from] item: Leftovers\n|upkeep\n|turn|5\n|\n|t:|1697237930\n|-terastallize|p2a: Songs of War|Water\n|move|p2b: Blades of Justice|Moonblast|p1a: Clefable\n|-damage|p1a: Clefable|74\/100\n|move|p2a: Songs of War|Echoed Voice|p1b: Excadrill\n|-supereffective|p1b: Excadrill\n|-damage|p1b: Excadrill|0 fnt\n|faint|p1b: Excadrill\n|move|p1a: Clefable|Calm Mind|p1a: Clefable\n|-boost|p1a: Clefable|spa|1\n|-boost|p1a: Clefable|spd|1\n|\n|-heal|p1a: Clefable|80\/100|[from] item: Leftovers\n|-fieldend|move: Psychic Terrain\n|upkeep\n|\n|t:|1697237948\n|switch|p1b: Scizor|Scizor, M|100\/100\n|turn|6\n|\n|t:|1697237962\n|move|p1b: Scizor|Bullet Punch|p2a: Songs of War\n|-resisted|p2a: Songs of War\n|-damage|p2a: Songs of War|17\/100\n|move|p2b: Blades of Justice|Drain Punch|p1b: Scizor\n|-damage|p1b: Scizor|70\/100\n|move|p2a: Songs of War|Echoed Voice|p1a: Clefable\n|-damage|p1a: Clefable|44\/100\n|move|p1a: Clefable|Calm Mind|p1a: Clefable\n|-boost|p1a: Clefable|spa|1\n|-boost|p1a: Clefable|spd|1\n|\n|-heal|p1a: Clefable|50\/100|[from] item: Leftovers\n|upkeep\n|turn|7\n|\n|t:|1697237982\n|move|p2b: Blades of Justice|Moonblast|p1a: Clefable\n|-damage|p1a: Clefable|35\/100\n|move|p2a: Songs of War|Echoed Voice|p1b: Scizor\n|-damage|p1b: Scizor|0 fnt\n|faint|p1b: Scizor\n|move|p1a: Clefable|Moonlight|p1a: Clefable\n|-heal|p1a: Clefable|85\/100\n|\n|-heal|p1a: Clefable|91\/100|[from] item: Leftovers\n|upkeep\n|\n|t:|1697237995\n|switch|p1b: Amoonguss|Amoonguss, M|100\/100\n|turn|8\n|\n|t:|1697238014\n|move|p2b: Blades of Justice|Drain Punch|p1a: Clefable\n|-resisted|p1a: Clefable\n|-damage|p1a: Clefable|77\/100\n|move|p2a: Songs of War|Echoed Voice|p1b: Amoonguss\n|-resisted|p1b: Amoonguss\n|-damage|p1b: Amoonguss|0 fnt\n|faint|p1b: Amoonguss\n|move|p1a: Clefable|Moonblast|p2b: Blades of Justice\n|-supereffective|p2b: Blades of Justice\n|-end|p2b: Blades of Justice|Substitute\n|\n|-heal|p1a: Clefable|83\/100|[from] item: Leftovers\n|upkeep\n|\n|t:|1697238027\n|switch|p1b: Sableye|Sableye, M|100\/100\n|turn|9\n|\n|t:|1697238048\n|detailschange|p1b: Sableye|Sableye-Mega, M\n|-mega|p1b: Sableye|Sableye|Sablenite\n|move|p2b: Blades of Justice|Destiny Bond|p2b: Blades of Justice\n|-singlemove|p2b: Blades of Justice|Destiny Bond\n|move|p2a: Songs of War|Echoed Voice|p1b: Sableye\n|-damage|p1b: Sableye|0 fnt\n|faint|p1b: Sableye\n|move|p1a: Clefable|Moonblast|p2b: Blades of Justice\n|-supereffective|p2b: Blades of Justice\n|-damage|p2b: Blades of Justice|0 fnt\n|faint|p2b: Blades of Justice\n|-activate|p2b: Blades of Justice|move: Destiny Bond\n|-end|p2b: Blades of Justice|Quark Drive|[silent]\n|faint|p1a: Clefable\n|\n|win|CommandCat\n|raw|Jettsss's rating: 1000 &rarr; <strong>1000<\/strong><br \/>(+0 for losing)\n|raw|CommandCat's rating: 1000 &rarr; <strong>1040<\/strong><br \/>(+40 for winning)\n","uploadtime":1697238064,"views":7,"p1id":"jettsss","p2id":"commandcat","formatid":"gen9nationaldexdoubles","rating":1000,"private":0,"password":""}