{"id":"gen9nationaldexdoubles-1958114760","p1":"Megabrasil","p2":"LightLord72","format":"[Gen 9] National Dex Doubles","log":"|j|\u2606Megabrasil\n|j|\u2606LightLord72\n|t:|1696289285\n|gametype|doubles\n|player|p1|Megabrasil|266|1046\n|player|p2|LightLord72|emmet|1000\n|teamsize|p1|6\n|teamsize|p2|6\n|gen|9\n|tier|[Gen 9] National Dex Doubles\n|rated|\n|rule|HP Percentage Mod: HP is shown in percentages\n|rule|Endless Battle Clause: Forcing endless battles is banned\n|rule|OHKO Clause: OHKO moves are banned\n|rule|Evasion Moves Clause: Evasion moves are banned\n|rule|Evasion Abilities Clause: Evasion abilities are banned\n|rule|Species Clause: Limit one of each Pok\u00e9mon\n|rule|Gravity Sleep Clause: The combination of sleep-inducing moves with imperfect accuracy and Gravity or Gigantamax Orbeetle are banned\n|clearpoke\n|poke|p1|Meowscarada, F|\n|poke|p1|Aegislash, M|\n|poke|p1|Lucario, M|\n|poke|p1|Gardevoir, F|\n|poke|p1|Clodsire, M|\n|poke|p1|Cinderace, F|\n|poke|p2|Ledian, F|\n|poke|p2|Alcremie-Ruby-Cream, F|\n|poke|p2|Ninetales-Alola, F|\n|poke|p2|Landorus-Therian, M|\n|poke|p2|Chandelure, F|\n|poke|p2|Ribombee, F|\n|teampreview\n|inactive|Battle timer is ON: inactive players will automatically lose when time's up. (requested by LightLord72)\n|\n|t:|1696289296\n|start\n|switch|p1a: Clodsire|Clodsire, M|100\/100\n|switch|p1b: Meowscarada|Meowscarada, F|100\/100\n|switch|p2a: Ribombee|Ribombee, F|100\/100\n|switch|p2b: Ninetales|Ninetales-Alola, F, shiny|100\/100\n|-weather|Snow|[from] ability: Snow Warning|[of] p2b: Ninetales\n|turn|1\n|\n|t:|1696289313\n|switch|p1b: Lucario|Lucario, M|100\/100\n|switch|p1a: Aegislash|Aegislash, M, shiny|100\/100\n|move|p2a: Ribombee|Sticky Web|p1a: Aegislash\n|-sidestart|p1: Megabrasil|move: Sticky Web\n|move|p2b: Ninetales|Aurora Veil|p2b: Ninetales\n|-sidestart|p2: LightLord72|move: Aurora Veil\n|\n|-weather|Snow|[upkeep]\n|upkeep\n|turn|2\n|\n|t:|1696289341\n|switch|p2a: Landorus|Landorus-Therian, M|100\/100\n|-ability|p2a: Landorus|Intimidate|boost\n|-unboost|p1a: Aegislash|atk|1\n|-fail|p1b: Lucario|unboost|Attack|[from] ability: Inner Focus|[of] p1b: Lucario\n|switch|p2b: Chandelure|Chandelure, F|100\/100\n|move|p1b: Lucario|Swords Dance|p1b: Lucario\n|-boost|p1b: Lucario|atk|2\n|-formechange|p1a: Aegislash|Aegislash-Blade||[from] ability: Stance Change\n|move|p1a: Aegislash|Shadow Ball|p2a: Landorus\n|-damage|p2a: Landorus|72\/100\n|\n|-weather|Snow|[upkeep]\n|upkeep\n|turn|3\n|\n|t:|1696289359\n|move|p2a: Landorus|Explosion|p1a: Aegislash|[spread] p1b\n|-immune|p2b: Chandelure\n|-immune|p1a: Aegislash\n|-resisted|p1b: Lucario\n|-damage|p1b: Lucario|21\/100\n|faint|p2a: Landorus\n|move|p1b: Lucario|Stone Edge|p2b: Chandelure\n|-supereffective|p2b: Chandelure\n|-damage|p2b: Chandelure|0 fnt\n|faint|p2b: Chandelure\n|-damage|p1b: Lucario|12\/100|[from] item: Life Orb\n|move|p1a: Aegislash|Shadow Ball|p2: Landorus|[notarget]\n|-fail|p1a: Aegislash\n|\n|-weather|Snow|[upkeep]\n|upkeep\n|j| bibbler111\n|\n|t:|1696289375\n|switch|p2a: Ninetales|Ninetales-Alola, F, shiny|100\/100\n|switch|p2b: Alcremie|Alcremie-Ruby-Cream, F, shiny|100\/100\n|turn|4\n|\n|t:|1696289388\n|move|p2b: Alcremie|Protect|p2b: Alcremie\n|-singleturn|p2b: Alcremie|Protect\n|move|p2a: Ninetales|Blizzard|p1b: Lucario|[spread] p1a,p1b\n|-resisted|p1a: Aegislash\n|-resisted|p1b: Lucario\n|-damage|p1a: Aegislash|84\/100\n|-damage|p1b: Lucario|0 fnt\n|faint|p1b: Lucario\n|move|p1a: Aegislash|Shadow Ball|p2b: Alcremie\n|-activate|p2b: Alcremie|move: Protect\n|\n|-weather|Snow|[upkeep]\n|upkeep\n|\n|t:|1696289400\n|switch|p1b: Cinderace|Cinderace, F|100\/100\n|-activate|p1b: Cinderace|move: Sticky Web\n|-unboost|p1b: Cinderace|spe|1\n|turn|5\n|\n|t:|1696289417\n|switch|p2b: Ribombee|Ribombee, F|100\/100\n|switch|p1a: Clodsire|Clodsire, M|100\/100\n|-activate|p1a: Clodsire|move: Sticky Web\n|-unboost|p1a: Clodsire|spe|1\n|move|p2a: Ninetales|Icy Wind|p1a: Clodsire|[spread] p1a,p1b\n|-supereffective|p1a: Clodsire\n|-resisted|p1b: Cinderace\n|-damage|p1a: Clodsire|83\/100\n|-damage|p1b: Cinderace|89\/100\n|-unboost|p1a: Clodsire|spe|1\n|-unboost|p1b: Cinderace|spe|1\n|move|p1b: Cinderace|Pyro Ball|p2a: Ninetales\n|-supereffective|p2a: Ninetales\n|-damage|p2a: Ninetales|13\/100\n|\n|-weather|none\n|-heal|p1a: Clodsire|90\/100|[from] item: Leftovers\n|upkeep\n|turn|6\n|\n|t:|1696289444\n|move|p2b: Ribombee|Stun Spore|p1b: Cinderace|[miss]\n|-miss|p2b: Ribombee|p1b: Cinderace\n|move|p2a: Ninetales|Blizzard|p1b: Cinderace|[spread] p1a,p1b\n|-supereffective|p1a: Clodsire\n|-resisted|p1b: Cinderace\n|-damage|p1a: Clodsire|58\/100\n|-damage|p1b: Cinderace|68\/100\n|move|p1b: Cinderace|Pyro Ball|p2a: Ninetales\n|-supereffective|p2a: Ninetales\n|-damage|p2a: Ninetales|0 fnt\n|faint|p2a: Ninetales\n|move|p1a: Clodsire|Toxic Spikes|p2b: Ribombee\n|-sidestart|p2: LightLord72|move: Toxic Spikes\n|\n|-heal|p1a: Clodsire|65\/100|[from] item: Leftovers\n|upkeep\n|inactive|LightLord72 has 120 seconds left.\n|\n|t:|1696289459\n|switch|p2a: Alcremie|Alcremie-Ruby-Cream, F, shiny|100\/100\n|-status|p2a: Alcremie|psn\n|turn|7\n|\n|t:|1696289471\n|move|p2a: Alcremie|Protect|p2a: Alcremie\n|-singleturn|p2a: Alcremie|Protect\n|move|p2b: Ribombee|Stun Spore|p1b: Cinderace\n|-status|p1b: Cinderace|par\n|move|p1b: Cinderace|Swords Dance|p1b: Cinderace\n|-start|p1b: Cinderace|typechange|Normal|[from] ability: Libero\n|-boost|p1b: Cinderace|atk|2\n|move|p1a: Clodsire|Toxic Spikes|p2a: Alcremie\n|-sidestart|p2: LightLord72|move: Toxic Spikes\n|\n|-heal|p1a: Clodsire|71\/100|[from] item: Leftovers\n|-damage|p2a: Alcremie|88\/100 psn|[from] psn\n|upkeep\n|turn|8\n|\n|t:|1696289490\n|move|p2a: Alcremie|Protect||[still]\n|-fail|p2a: Alcremie\n|move|p2b: Ribombee|Pollen Puff|p1b: Cinderace\n|-damage|p1b: Cinderace|24\/100 par\n|move|p1b: Cinderace|Swords Dance|p1b: Cinderace\n|-boost|p1b: Cinderace|atk|2\n|move|p1a: Clodsire|Toxic Spikes||[still]\n|-fail|p1a: Clodsire\n|\n|-heal|p1a: Clodsire|77\/100|[from] item: Leftovers\n|-damage|p2a: Alcremie|76\/100 psn|[from] psn\n|-sideend|p2: LightLord72|move: Aurora Veil\n|upkeep\n|turn|9\n|\n|t:|1696289510\n|switch|p1b: Aegislash|Aegislash, M, shiny|84\/100\n|-activate|p1b: Aegislash|move: Sticky Web\n|-unboost|p1b: Aegislash|spe|1\n|move|p2a: Alcremie|Protect|p2a: Alcremie\n|-singleturn|p2a: Alcremie|Protect\n|move|p2b: Ribombee|Pollen Puff|p1b: Aegislash\n|-resisted|p1b: Aegislash\n|-damage|p1b: Aegislash|80\/100\n|move|p1a: Clodsire|Curse|p1a: Clodsire\n|-unboost|p1a: Clodsire|spe|1\n|-boost|p1a: Clodsire|atk|1\n|-boost|p1a: Clodsire|def|1\n|\n|-heal|p1a: Clodsire|83\/100|[from] item: Leftovers\n|-damage|p2a: Alcremie|64\/100 psn|[from] psn\n|upkeep\n|turn|10\n|inactive|Megabrasil has 120 seconds left.\n|inactive|Megabrasil has 90 seconds left.\n|\n|t:|1696289585\n|-terastallize|p1a: Clodsire|Ground\n|move|p1b: Aegislash|King's Shield|p1b: Aegislash\n|-singleturn|p1b: Aegislash|Protect\n|move|p2b: Ribombee|Stun Spore|p1b: Aegislash\n|-status|p1b: Aegislash|par\n|move|p2a: Alcremie|Decorate|p2b: Ribombee\n|-boost|p2b: Ribombee|atk|2\n|-boost|p2b: Ribombee|spa|2\n|move|p1a: Clodsire|Earthquake|p2b: Ribombee|[spread] p2a,p2b\n|-activate|p1b: Aegislash|move: Protect\n|-resisted|p2b: Ribombee\n|-damage|p2a: Alcremie|12\/100 psn\n|-damage|p2b: Ribombee|68\/100\n|\n|-heal|p1a: Clodsire|90\/100|[from] item: Leftovers\n|-damage|p2a: Alcremie|0 fnt|[from] psn\n|faint|p2a: Alcremie\n|upkeep\n|\n|t:|1696289599\n|switch|p2a: Ledian|Ledian, F|100\/100\n|turn|11\n|\n|t:|1696289625\n|switch|p1b: Meowscarada|Meowscarada, F|100\/100\n|switch|p1a: Gardevoir|Gardevoir, F|100\/100\n|-activate|p1a: Gardevoir|move: Sticky Web\n|-unboost|p1a: Gardevoir|spe|1\n|move|p2b: Ribombee|Stun Spore|p1a: Gardevoir\n|-status|p1a: Gardevoir|par\n|-activate|p1a: Gardevoir|ability: Synchronize\n|-status|p2b: Ribombee|par\n|move|p2a: Ledian|Ice Punch|p1a: Gardevoir\n|-damage|p1a: Gardevoir|63\/100 par\n|-damage|p2a: Ledian|91\/100|[from] item: Life Orb\n|\n|upkeep\n|turn|12\n|inactive|Megabrasil has 120 seconds left.\n|\n|t:|1696289659\n|detailschange|p1a: Gardevoir|Gardevoir-Mega, F\n|-mega|p1a: Gardevoir|Gardevoir|Gardevoirite\n|move|p1b: Meowscarada|Lash Out|p2a: Ledian\n|-start|p1b: Meowscarada|typechange|Dark|[from] ability: Protean\n|-damage|p2a: Ledian|10\/100\n|move|p2a: Ledian|Drain Punch|p1b: Meowscarada\n|-supereffective|p1b: Meowscarada\n|-damage|p1b: Meowscarada|36\/100\n|-heal|p2a: Ledian|48\/100|[from] drain|[of] p1b: Meowscarada\n|-damage|p2a: Ledian|38\/100|[from] item: Life Orb\n|move|p2b: Ribombee|Pollen Puff|p1a: Gardevoir\n|-damage|p1a: Gardevoir|3\/100 par\n|cant|p1a: Gardevoir|par\n|\n|upkeep\n|turn|13\n|\n|t:|1696289678\n|move|p2a: Ledian|Protect|p2a: Ledian\n|-singleturn|p2a: Ledian|Protect\n|move|p1b: Meowscarada|Lash Out|p2a: Ledian\n|-activate|p2a: Ledian|move: Protect\n|cant|p2b: Ribombee|par\n|move|p1a: Gardevoir|Destiny Bond|p1a: Gardevoir\n|-singlemove|p1a: Gardevoir|Destiny Bond\n|\n|upkeep\n|turn|14\n|inactive|Megabrasil has 120 seconds left.\n|l| bibbler111\n|\n|t:|1696289699\n|-terastallize|p2a: Ledian|Fighting\n|move|p2a: Ledian|Protect||[still]\n|-fail|p2a: Ledian\n|move|p1b: Meowscarada|Lash Out|p2a: Ledian\n|-resisted|p2a: Ledian\n|-damage|p2a: Ledian|1\/100\n|move|p2b: Ribombee|Pollen Puff|p1b: Meowscarada\n|-supereffective|p1b: Meowscarada\n|-damage|p1b: Meowscarada|0 fnt\n|faint|p1b: Meowscarada\n|move|p1a: Gardevoir|Destiny Bond||[still]\n|-fail|p1a: Gardevoir\n|\n|upkeep\n|inactive|Megabrasil has 120 seconds left.\n|\n|t:|1696289713\n|switch|p1b: Cinderace|Cinderace, F|24\/100 par\n|-activate|p1b: Cinderace|move: Sticky Web\n|-unboost|p1b: Cinderace|spe|1\n|turn|15\n|\n|t:|1696289731\n|move|p2a: Ledian|Drain Punch|p1b: Cinderace\n|-damage|p1b: Cinderace|0 fnt\n|-heal|p2a: Ledian|16\/100|[from] drain|[of] p1b: Cinderace\n|faint|p1b: Cinderace\n|-damage|p2a: Ledian|6\/100|[from] item: Life Orb\n|move|p2b: Ribombee|Pollen Puff|p1a: Gardevoir\n|-damage|p1a: Gardevoir|0 fnt\n|faint|p1a: Gardevoir\n|\n|upkeep\n|inactive|Megabrasil has 120 seconds left.\n|\n|t:|1696289742\n|switch|p1b: Clodsire|Clodsire, M, tera:Ground|90\/100\n|switch|p1a: Aegislash|Aegislash, M, shiny|80\/100 par\n|-activate|p1a: Aegislash|move: Sticky Web\n|-unboost|p1a: Aegislash|spe|1\n|-activate|p1b: Clodsire|move: Sticky Web\n|-unboost|p1b: Clodsire|spe|1\n|turn|16\n|\n|t:|1696289758\n|move|p2a: Ledian|Ice Punch|p1b: Clodsire\n|-supereffective|p1b: Clodsire\n|-damage|p1b: Clodsire|43\/100\n|-damage|p2a: Ledian|0 fnt|[from] item: Life Orb\n|faint|p2a: Ledian\n|cant|p2b: Ribombee|par\n|-formechange|p1a: Aegislash|Aegislash-Blade||[from] ability: Stance Change\n|move|p1a: Aegislash|Shadow Ball|p2b: Ribombee\n|-damage|p2b: Ribombee|21\/100 par\n|move|p1b: Clodsire|Curse|p1b: Clodsire\n|-unboost|p1b: Clodsire|spe|1\n|-boost|p1b: Clodsire|atk|1\n|-boost|p1b: Clodsire|def|1\n|\n|-heal|p1b: Clodsire|49\/100|[from] item: Leftovers\n|upkeep\n|turn|17\n|\n|t:|1696289777\n|move|p2b: Ribombee|Pollen Puff|p1a: Aegislash\n|-resisted|p1a: Aegislash\n|-damage|p1a: Aegislash|62\/100 par\n|move|p1a: Aegislash|Shadow Ball|p2b: Ribombee\n|-damage|p2b: Ribombee|0 fnt\n|faint|p2b: Ribombee\n|\n|win|Megabrasil\n|raw|Megabrasil's rating: 1046 &rarr; <strong>1075<\/strong><br \/>(+29 for winning)\n|raw|LightLord72's rating: 1000 &rarr; <strong>1000<\/strong><br \/>(+0 for losing)\n|l|\u2606LightLord72\n","uploadtime":1696290158,"views":7,"p1id":"megabrasil","p2id":"lightlord72","formatid":"gen9nationaldexdoubles","rating":1000,"private":0,"password":""}