{"id":"gen9nationaldexdoubles-1963796076","p1":"Alexjames99","p2":"kingspeed51","format":"[Gen 9] National Dex Doubles","log":"|j|\u2606Alexjames99\n|j|\u2606kingspeed51\n|t:|1696900980\n|gametype|doubles\n|player|p1|Alexjames99|acetrainer-gen4dp|1190\n|player|p2|kingspeed51|169|1172\n|teamsize|p1|6\n|teamsize|p2|6\n|gen|9\n|tier|[Gen 9] National Dex Doubles\n|rated|\n|rule|HP Percentage Mod: HP is shown in percentages\n|rule|Endless Battle Clause: Forcing endless battles is banned\n|rule|OHKO Clause: OHKO moves are banned\n|rule|Evasion Moves Clause: Evasion moves are banned\n|rule|Evasion Abilities Clause: Evasion abilities are banned\n|rule|Species Clause: Limit one of each Pok\u00e9mon\n|rule|Gravity Sleep Clause: The combination of sleep-inducing moves with imperfect accuracy and Gravity or Gigantamax Orbeetle are banned\n|clearpoke\n|poke|p1|Espathra, F|\n|poke|p1|Slaking, M|\n|poke|p1|Walking Wake|\n|poke|p1|Charizard, F|\n|poke|p1|Grimmsnarl, M|\n|poke|p1|Dusknoir, M|\n|poke|p2|Metagross|\n|poke|p2|Salamence, M|\n|poke|p2|Iron Moth|\n|poke|p2|Greninja-*, M|\n|poke|p2|Whimsicott, F|\n|poke|p2|Chansey, F|\n|teampreview\n|j| WhiteCatBald\n|\n|t:|1696900996\n|start\n|switch|p1a: Espathra|Espathra, F|100\/100\n|switch|p1b: Slaking|Slaking, M|100\/100\n|switch|p2a: Greninja|Greninja, M|100\/100\n|switch|p2b: Whimsicott|Whimsicott, F|100\/100\n|turn|1\n|\n|t:|1696901021\n|move|p2b: Whimsicott|Tailwind|p2b: Whimsicott\n|-sidestart|p2: kingspeed51|move: Tailwind\n|move|p2a: Greninja|Dark Pulse|p1a: Espathra\n|-start|p2a: Greninja|typechange|Dark|[from] ability: Protean\n|-supereffective|p1a: Espathra\n|-damage|p1a: Espathra|0 fnt\n|faint|p1a: Espathra\n|move|p1b: Slaking|Bulk Up|p1b: Slaking\n|-boost|p1b: Slaking|atk|1\n|-boost|p1b: Slaking|def|1\n|\n|upkeep\n|\n|t:|1696901040\n|switch|p1a: Grimmsnarl|Grimmsnarl, M|100\/100\n|turn|2\n|\n|t:|1696901062\n|switch|p2a: Metagross|Metagross|100\/100\n|move|p1a: Grimmsnarl|Fake Out|p2a: Metagross\n|-resisted|p2a: Metagross\n|-damage|p2a: Metagross|95\/100\n|move|p2b: Whimsicott|Moonblast|p1a: Grimmsnarl\n|-supereffective|p1a: Grimmsnarl\n|-damage|p1a: Grimmsnarl|51\/100\n|cant|p1b: Slaking|ability: Truant\n|\n|-heal|p1a: Grimmsnarl|57\/100|[from] item: Leftovers\n|upkeep\n|turn|3\n|\n|t:|1696901085\n|move|p1a: Grimmsnarl|Light Screen|p1a: Grimmsnarl\n|-sidestart|p1: Alexjames99|move: Light Screen\n|move|p2b: Whimsicott|Moonblast|p1b: Slaking\n|-damage|p1b: Slaking|84\/100\n|move|p2a: Metagross|Meteor Mash|p1a: Grimmsnarl\n|-supereffective|p1a: Grimmsnarl\n|-damage|p1a: Grimmsnarl|0 fnt\n|faint|p1a: Grimmsnarl\n|move|p1b: Slaking|Earthquake|p2a: Metagross|[spread] p2a,p2b\n|-supereffective|p2a: Metagross\n|-resisted|p2b: Whimsicott\n|-damage|p2a: Metagross|8\/100\n|-damage|p2b: Whimsicott|69\/100\n|-enditem|p2a: Metagross|Weakness Policy\n|-boost|p2a: Metagross|atk|2|[from] item: Weakness Policy\n|-boost|p2a: Metagross|spa|2|[from] item: Weakness Policy\n|\n|upkeep\n|\n|t:|1696901106\n|switch|p1a: Dusknoir|Dusknoir, M|100\/100\n|-item|p2b: Whimsicott|Focus Sash|[from] ability: Frisk|[of] p1a: Dusknoir|[identify]\n|turn|4\n|\n|t:|1696901118\n|move|p2b: Whimsicott|Protect|p2b: Whimsicott\n|-singleturn|p2b: Whimsicott|Protect\n|move|p1a: Dusknoir|Shadow Sneak|p2a: Metagross\n|-supereffective|p2a: Metagross\n|-damage|p2a: Metagross|0 fnt\n|faint|p2a: Metagross\n|cant|p1b: Slaking|ability: Truant\n|\n|-sideend|p2: kingspeed51|move: Tailwind\n|upkeep\n|\n|t:|1696901143\n|switch|p2a: Chansey|Chansey, F|100\/100\n|turn|5\n|\n|t:|1696901167\n|move|p2b: Whimsicott|Moonblast|p1b: Slaking\n|-damage|p1b: Slaking|67\/100\n|-unboost|p1b: Slaking|spa|1\n|move|p1b: Slaking|Bulk Up|p1b: Slaking\n|-boost|p1b: Slaking|atk|1\n|-boost|p1b: Slaking|def|1\n|move|p1a: Dusknoir|Poltergeist|p2b: Whimsicott\n|-activate|p2b: Whimsicott|move: Poltergeist|Focus Sash\n|-damage|p2b: Whimsicott|20\/100\n|move|p2a: Chansey|Toxic|p1b: Slaking\n|-status|p1b: Slaking|tox\n|\n|-damage|p1b: Slaking|61\/100 tox|[from] psn\n|upkeep\n|turn|6\n|\n|t:|1696901191\n|move|p2b: Whimsicott|Tailwind|p2b: Whimsicott\n|-sidestart|p2: kingspeed51|move: Tailwind\n|move|p1a: Dusknoir|Shadow Sneak|p2b: Whimsicott\n|-damage|p2b: Whimsicott|1\/100\n|move|p2a: Chansey|Soft-Boiled||[still]\n|-fail|p2a: Chansey|heal\n|cant|p1b: Slaking|ability: Truant\n|\n|-damage|p1b: Slaking|49\/100 tox|[from] psn\n|upkeep\n|-enditem|p1b: Slaking|Sitrus Berry|[eat]\n|-heal|p1b: Slaking|74\/100 tox|[from] item: Sitrus Berry\n|turn|7\n|\n|t:|1696901225\n|switch|p2b: Greninja|Greninja, M|100\/100\n|move|p1a: Dusknoir|Shadow Sneak|p2b: Greninja\n|-resisted|p2b: Greninja\n|-damage|p2b: Greninja|88\/100\n|move|p2a: Chansey|Seismic Toss|p1b: Slaking\n|-damage|p1b: Slaking|54\/100 tox\n|move|p1b: Slaking|Drain Punch|p2a: Chansey\n|-supereffective|p2a: Chansey\n|-damage|p2a: Chansey|19\/100\n|-heal|p1b: Slaking|100\/100 tox|[from] drain|[of] p2a: Chansey\n|\n|-damage|p1b: Slaking|82\/100 tox|[from] psn\n|-sideend|p1: Alexjames99|move: Light Screen\n|upkeep\n|turn|8\n|\n|t:|1696901261\n|move|p2b: Greninja|Dark Pulse|p1a: Dusknoir\n|-start|p2b: Greninja|typechange|Dark|[from] ability: Protean\n|-supereffective|p1a: Dusknoir\n|-damage|p1a: Dusknoir|25\/100\n|-enditem|p1a: Dusknoir|Sitrus Berry|[eat]\n|-heal|p1a: Dusknoir|50\/100|[from] item: Sitrus Berry\n|move|p2a: Chansey|Soft-Boiled|p2a: Chansey\n|-heal|p2a: Chansey|69\/100\n|cant|p1b: Slaking|ability: Truant\n|cant|p1a: Dusknoir|flinch\n|\n|-damage|p1b: Slaking|57\/100 tox|[from] psn\n|upkeep\n|turn|9\n|j| wkx3333\n|l| wkx3333\n|l| WhiteCatBald\n|\n|t:|1696901295\n|move|p2b: Greninja|Dark Pulse|p1b: Slaking\n|-damage|p1b: Slaking|18\/100 tox\n|move|p2a: Chansey|Seismic Toss|p1b: Slaking\n|-damage|p1b: Slaking|0 fnt\n|faint|p1b: Slaking\n|move|p1a: Dusknoir|Curse|p2b: Greninja\n|-start|p2b: Greninja|Curse|[of] p1a: Dusknoir\n|-damage|p1a: Dusknoir|0 fnt\n|faint|p1a: Dusknoir\n|\n|-damage|p2b: Greninja|63\/100|[from] Curse\n|-sideend|p2: kingspeed51|move: Tailwind\n|upkeep\n|\n|t:|1696901311\n|switch|p1b: Walking Wake|Walking Wake|100\/100\n|switch|p1a: Charizard|Charizard, F|100\/100\n|-enditem|p1b: Walking Wake|Booster Energy\n|-activate|p1b: Walking Wake|ability: Protosynthesis|[fromitem]\n|-start|p1b: Walking Wake|protosynthesisspa\n|turn|10\n|\n|t:|1696901343\n|switch|p2a: Salamence|Salamence, M|100\/100\n|-ability|p2a: Salamence|Intimidate|boost\n|-unboost|p1a: Charizard|atk|1\n|-unboost|p1b: Walking Wake|atk|1\n|detailschange|p1a: Charizard|Charizard-Mega-Y, F\n|-mega|p1a: Charizard|Charizard|Charizardite Y\n|-weather|SunnyDay|[from] ability: Drought|[of] p1a: Charizard\n|move|p2b: Greninja|Dark Pulse|p1b: Walking Wake\n|-damage|p1b: Walking Wake|58\/100\n|move|p1a: Charizard|Heat Wave|p2b: Greninja|[spread] p2a,p2b\n|-resisted|p2a: Salamence\n|-damage|p2a: Salamence|64\/100\n|-damage|p2b: Greninja|0 fnt\n|faint|p2b: Greninja\n|move|p1b: Walking Wake|Hydro Steam|p2a: Salamence\n|-resisted|p2a: Salamence\n|-damage|p2a: Salamence|9\/100\n|\n|-weather|SunnyDay|[upkeep]\n|upkeep\n|\n|t:|1696901359\n|switch|p2b: Whimsicott|Whimsicott, F|1\/100\n|turn|11\n|\n|t:|1696901370\n|move|p2b: Whimsicott|Tailwind|p2b: Whimsicott\n|-sidestart|p2: kingspeed51|move: Tailwind\n|move|p2a: Salamence|Outrage|p1a: Charizard\n|-damage|p1a: Charizard|0 fnt\n|faint|p1a: Charizard\n|-damage|p2a: Salamence|0 fnt|[from] item: Life Orb\n|faint|p2a: Salamence\n|move|p1b: Walking Wake|Dragon Pulse|p2b: Whimsicott\n|-immune|p2b: Whimsicott\n|\n|-weather|SunnyDay|[upkeep]\n|upkeep\n|\n|t:|1696901381\n|switch|p2a: Iron Moth|Iron Moth|100\/100\n|-enditem|p2a: Iron Moth|Booster Energy\n|-activate|p2a: Iron Moth|ability: Quark Drive|[fromitem]\n|-start|p2a: Iron Moth|quarkdrivespa\n|turn|12\n|\n|t:|1696901393\n|-terastallize|p2a: Iron Moth|Grass\n|move|p2b: Whimsicott|Protect|p2b: Whimsicott\n|-singleturn|p2b: Whimsicott|Protect\n|move|p2a: Iron Moth|Energy Ball|p1b: Walking Wake\n|-damage|p1b: Walking Wake|0 fnt\n|faint|p1b: Walking Wake\n|-end|p1b: Walking Wake|Protosynthesis|[silent]\n|\n|win|kingspeed51\n|raw|Alexjames99's rating: 1190 &rarr; <strong>1164<\/strong><br \/>(-26 for losing)\n|raw|kingspeed51's rating: 1172 &rarr; <strong>1198<\/strong><br \/>(+26 for winning)\n","uploadtime":1696901402,"views":8,"p1id":"alexjames99","p2id":"kingspeed51","formatid":"gen9nationaldexdoubles","rating":1164,"private":0,"password":""}