{"id":"gen9nationaldexdoubles-1976093387","p1":"NimbusFlight","p2":"x_4k_x","format":"[Gen 9] National Dex Doubles","log":"|j|\u2606NimbusFlight\n|j|\u2606x_4k_x\n|t:|1698263091\n|gametype|doubles\n|player|p1|NimbusFlight|rika|1312\n|player|p2|x_4k_x|riley|1296\n|teamsize|p1|6\n|teamsize|p2|6\n|gen|9\n|tier|[Gen 9] National Dex Doubles\n|rated|\n|rule|HP Percentage Mod: HP is shown in percentages\n|rule|Endless Battle Clause: Forcing endless battles is banned\n|rule|OHKO Clause: OHKO moves are banned\n|rule|Evasion Moves Clause: Evasion moves are banned\n|rule|Evasion Abilities Clause: Evasion abilities are banned\n|rule|Species Clause: Limit one of each Pok\u00e9mon\n|rule|Gravity Sleep Clause: The combination of sleep-inducing moves with imperfect accuracy and Gravity or Gigantamax Orbeetle are banned\n|clearpoke\n|poke|p1|Charizard, F|\n|poke|p1|Ninetales, F|\n|poke|p1|Walking Wake|\n|poke|p1|Leafeon, M|\n|poke|p1|Ogerpon-Hearthflame, F|\n|poke|p1|Sandy Shocks|\n|poke|p2|Jolteon, M|\n|poke|p2|Talonflame, F|\n|poke|p2|Kangaskhan, F|\n|poke|p2|Greninja-*, M|\n|poke|p2|Smeargle, M|\n|poke|p2|Dragonite, M|\n|teampreview\n|inactive|Battle timer is ON: inactive players will automatically lose when time's up. (requested by NimbusFlight)\n|c|\u2606NimbusFlight|gl hf\n|inactive|x_4k_x has 120 seconds left.\n|\n|t:|1698263125\n|start\n|switch|p1a: Ninetales|Ninetales, F|100\/100\n|switch|p1b: Sandy Shocks|Sandy Shocks|100\/100\n|switch|p2a: Kangaskhan|Kangaskhan, F|100\/100\n|switch|p2b: Jolteon|Jolteon, M|100\/100\n|-weather|SunnyDay|[from] ability: Drought|[of] p1a: Ninetales\n|-activate|p1b: Sandy Shocks|ability: Protosynthesis\n|-start|p1b: Sandy Shocks|protosynthesisspa\n|turn|1\n|\n|t:|1698263151\n|detailschange|p2a: Kangaskhan|Kangaskhan-Mega, F\n|-mega|p2a: Kangaskhan|Kangaskhan|Kangaskhanite\n|move|p2a: Kangaskhan|Fake Out|p1b: Sandy Shocks\n|-damage|p1b: Sandy Shocks|75\/100\n|-damage|p1b: Sandy Shocks|69\/100\n|-hitcount|p1b: Sandy Shocks|2\n|cant|p1b: Sandy Shocks|flinch\n|move|p2b: Jolteon|Hidden Power|p1b: Sandy Shocks\n|-supereffective|p1b: Sandy Shocks\n|-damage|p1b: Sandy Shocks|21\/100\n|move|p1a: Ninetales|Will-O-Wisp|p2a: Kangaskhan\n|-status|p2a: Kangaskhan|brn\n|\n|-weather|SunnyDay|[upkeep]\n|-damage|p2a: Kangaskhan|94\/100 brn|[from] brn\n|upkeep\n|turn|2\n|inactive|x_4k_x has 120 seconds left.\n|\n|t:|1698263192\n|move|p1b: Sandy Shocks|Volt Switch|p2a: Kangaskhan\n|-damage|p2a: Kangaskhan|52\/100 brn\n|\n|t:|1698263195\n|-end|p1b: Sandy Shocks|Protosynthesis|[silent]\n|switch|p1b: Ogerpon|Ogerpon-Hearthflame, F|100\/100|[from] Volt Switch\n|-ability|p1b: Ogerpon|Mold Breaker\n|move|p2b: Jolteon|Thunderbolt|p1a: Ninetales\n|-damage|p1a: Ninetales|66\/100\n|move|p2a: Kangaskhan|Power-Up Punch|p1b: Ogerpon\n|-crit|p1b: Ogerpon\n|-damage|p1b: Ogerpon|86\/100\n|-boost|p2a: Kangaskhan|atk|1\n|-damage|p1b: Ogerpon|82\/100\n|-boost|p2a: Kangaskhan|atk|1\n|-hitcount|p1b: Ogerpon|2\n|move|p1a: Ninetales|Heat Wave|p2a: Kangaskhan|[spread] p2a,p2b\n|-damage|p2a: Kangaskhan|27\/100 brn\n|-damage|p2b: Jolteon|64\/100\n|\n|-weather|SunnyDay|[upkeep]\n|-damage|p2a: Kangaskhan|21\/100 brn|[from] brn\n|upkeep\n|turn|3\n|inactive|x_4k_x has 120 seconds left.\n|inactive|x_4k_x has 90 seconds left.\n|\n|t:|1698263253\n|move|p1b: Ogerpon|Spiky Shield|p1b: Ogerpon\n|-singleturn|p1b: Ogerpon|move: Protect\n|move|p2a: Kangaskhan|Sucker Punch||[still]\n|-fail|p2a: Kangaskhan\n|move|p2b: Jolteon|Thunderbolt|p1a: Ninetales\n|-damage|p1a: Ninetales|32\/100\n|move|p1a: Ninetales|Heat Wave|p2a: Kangaskhan|[spread] p2a\n|-miss|p1a: Ninetales|p2b: Jolteon\n|-damage|p2a: Kangaskhan|0 fnt\n|faint|p2a: Kangaskhan\n|\n|-weather|SunnyDay|[upkeep]\n|upkeep\n|\n|t:|1698263278\n|switch|p2a: Talonflame|Talonflame, F, shiny|100\/100\n|turn|4\n|\n|t:|1698263288\n|switch|p1b: Walking Wake|Walking Wake|100\/100\n|-activate|p1b: Walking Wake|ability: Protosynthesis\n|-start|p1b: Walking Wake|protosynthesisspa\n|switch|p1a: Sandy Shocks|Sandy Shocks|21\/100\n|-activate|p1a: Sandy Shocks|ability: Protosynthesis\n|-start|p1a: Sandy Shocks|protosynthesisspa\n|-zpower|p2a: Talonflame\n|move|p2a: Talonflame|Supersonic Skystrike|p1b: Walking Wake|[zeffect]\n|-damage|p1b: Walking Wake|10\/100\n|move|p2b: Jolteon|Thunderbolt|p1a: Sandy Shocks\n|-immune|p1a: Sandy Shocks\n|\n|-weather|SunnyDay|[upkeep]\n|upkeep\n|turn|5\n|inactive|NimbusFlight has 120 seconds left.\n|inactive|x_4k_x has 90 seconds left.\n|\n|t:|1698263343\n|move|p2a: Talonflame|Fly||[still]\n|-prepare|p2a: Talonflame|Fly\n|move|p1a: Sandy Shocks|Volt Switch|p2a: Talonflame|[miss]\n|-miss|p1a: Sandy Shocks|p2a: Talonflame\n|move|p2b: Jolteon|Hidden Power|p1a: Sandy Shocks\n|-supereffective|p1a: Sandy Shocks\n|-damage|p1a: Sandy Shocks|0 fnt\n|faint|p1a: Sandy Shocks\n|-end|p1a: Sandy Shocks|Protosynthesis|[silent]\n|move|p1b: Walking Wake|Hydro Steam|p2a: Talonflame|[miss]\n|-miss|p1b: Walking Wake|p2a: Talonflame\n|\n|-weather|SunnyDay|[upkeep]\n|upkeep\n|inactive|NimbusFlight has 120 seconds left.\n|\n|t:|1698263360\n|switch|p1a: Leafeon|Leafeon, M|100\/100\n|turn|6\n|inactive|x_4k_x has 90 seconds left.\n|\n|t:|1698263381\n|move|p1b: Walking Wake|Protect|p1b: Walking Wake\n|-singleturn|p1b: Walking Wake|Protect\n|move|p2a: Talonflame|Fly|p1b: Walking Wake|[from]lockedmove\n|-activate|p1b: Walking Wake|move: Protect\n|move|p1a: Leafeon|Solar Blade||[still]\n|-prepare|p1a: Leafeon|Solar Blade\n|-anim|p1a: Leafeon|Solar Blade|p2b: Jolteon\n|-damage|p2b: Jolteon|0 fnt\n|faint|p2b: Jolteon\n|-damage|p1a: Leafeon|91\/100|[from] item: Life Orb\n|\n|-weather|SunnyDay|[upkeep]\n|upkeep\n|inactive|x_4k_x has 60 seconds left.\n|\n|t:|1698263411\n|switch|p2b: Greninja|Greninja, M|100\/100\n|turn|7\n|inactive|x_4k_x has 60 seconds left.\n|\n|t:|1698263436\n|move|p2a: Talonflame|Brave Bird|p1a: Leafeon\n|-supereffective|p1a: Leafeon\n|-damage|p1a: Leafeon|0 fnt\n|faint|p1a: Leafeon\n|-damage|p2a: Talonflame|78\/100|[from] Recoil\n|move|p2b: Greninja|Dark Pulse|p1b: Walking Wake\n|-damage|p1b: Walking Wake|0 fnt\n|faint|p1b: Walking Wake\n|-end|p1b: Walking Wake|Protosynthesis|[silent]\n|-ability|p2b: Greninja|Battle Bond|boost\n|-boost|p2b: Greninja|atk|1\n|-boost|p2b: Greninja|spa|1\n|-boost|p2b: Greninja|spe|1\n|-activate|p2b: Greninja|ability: Battle Bond\n|-damage|p2b: Greninja|91\/100|[from] item: Life Orb\n|\n|-weather|SunnyDay|[upkeep]\n|upkeep\n|\n|t:|1698263454\n|switch|p1b: Charizard|Charizard, F|100\/100\n|switch|p1a: Ogerpon|Ogerpon-Hearthflame, F|82\/100\n|-ability|p1a: Ogerpon|Mold Breaker\n|turn|8\n|\n|t:|1698263473\n|-terastallize|p2b: Greninja|Fire\n|move|p2b: Greninja|Water Shuriken|p1b: Charizard\n|-supereffective|p1b: Charizard\n|-damage|p1b: Charizard|87\/100\n|-supereffective|p1b: Charizard\n|-damage|p1b: Charizard|73\/100\n|-hitcount|p1b: Charizard|2\n|-damage|p2b: Greninja|81\/100|[from] item: Life Orb\n|move|p1a: Ogerpon|Horn Leech|p2b: Greninja\n|-resisted|p2b: Greninja\n|-damage|p2b: Greninja|39\/100\n|-heal|p1a: Ogerpon|100\/100|[from] drain|[of] p2b: Greninja\n|move|p2a: Talonflame|Brave Bird|p1a: Ogerpon\n|-supereffective|p1a: Ogerpon\n|-damage|p1a: Ogerpon|0 fnt\n|faint|p1a: Ogerpon\n|-damage|p2a: Talonflame|50\/100|[from] Recoil\n|move|p1b: Charizard|Tailwind|p1b: Charizard\n|-sidestart|p1: NimbusFlight|move: Tailwind\n|\n|-weather|none\n|upkeep\n|\n|t:|1698263493\n|switch|p1a: Ninetales|Ninetales, F|32\/100\n|-weather|SunnyDay|[from] ability: Drought|[of] p1a: Ninetales\n|turn|9\n|inactive|x_4k_x has 90 seconds left.\n|inactive|x_4k_x has 60 seconds left.\n|\n|t:|1698263548\n|detailschange|p1b: Charizard|Charizard-Mega-Y, F\n|-mega|p1b: Charizard|Charizard|Charizardite Y\n|-terastallize|p1a: Ninetales|Grass\n|move|p2b: Greninja|Water Shuriken|p1b: Charizard\n|-supereffective|p1b: Charizard\n|-damage|p1b: Charizard|64\/100\n|-supereffective|p1b: Charizard\n|-damage|p1b: Charizard|53\/100\n|-hitcount|p1b: Charizard|2\n|-damage|p2b: Greninja|29\/100|[from] item: Life Orb\n|move|p1a: Ninetales|Heat Wave|p2b: Greninja|[spread] p2a\n|-miss|p1a: Ninetales|p2b: Greninja\n|-resisted|p2a: Talonflame\n|-damage|p2a: Talonflame|29\/100\n|move|p1b: Charizard|Scorching Sands|p2b: Greninja\n|-supereffective|p2b: Greninja\n|-damage|p2b: Greninja|0 fnt\n|faint|p2b: Greninja\n|move|p2a: Talonflame|Brave Bird|p1a: Ninetales\n|-supereffective|p1a: Ninetales\n|-damage|p1a: Ninetales|0 fnt\n|faint|p1a: Ninetales\n|-damage|p2a: Talonflame|19\/100|[from] Recoil\n|\n|-weather|SunnyDay|[upkeep]\n|upkeep\n|\n|t:|1698263572\n|switch|p2b: Smeargle|Smeargle, M, shiny|100\/100\n|turn|10\n|\n|t:|1698263586\n|move|p2b: Smeargle|Fake Out|p1b: Charizard\n|-damage|p1b: Charizard|48\/100\n|cant|p1b: Charizard|flinch\n|move|p2a: Talonflame|Brave Bird|p1b: Charizard\n|-damage|p1b: Charizard|0 fnt\n|faint|p1b: Charizard\n|-damage|p2a: Talonflame|3\/100|[from] Recoil\n|\n|win|x_4k_x\n|raw|NimbusFlight's rating: 1312 &rarr; <strong>1291<\/strong><br \/>(-21 for losing)\n|raw|x_4k_x's rating: 1296 &rarr; <strong>1322<\/strong><br \/>(+26 for winning)\n|c|\u2606NimbusFlight|gg\n|l|\u2606NimbusFlight\n|c|\u2606x_4k_x|gg\n","uploadtime":1698263630,"views":17,"p1id":"nimbusflight","p2id":"x4kx","formatid":"gen9nationaldexdoubles","rating":1291,"private":0,"password":""}