{"id":"gen9nationaldexdoubles-1960733708","p1":"aFadab","p2":"Lightspeed Wake","format":"[Gen 9] National Dex Doubles","log":"|j|\u2606aFadab\n|j|\u2606Lightspeed Wake\n|t:|1696550841\n|gametype|doubles\n|player|p1|aFadab|flint|1277\n|player|p2|Lightspeed Wake|winona|1058\n|teamsize|p1|6\n|teamsize|p2|6\n|gen|9\n|tier|[Gen 9] National Dex Doubles\n|rated|\n|rule|HP Percentage Mod: HP is shown in percentages\n|rule|Endless Battle Clause: Forcing endless battles is banned\n|rule|OHKO Clause: OHKO moves are banned\n|rule|Evasion Moves Clause: Evasion moves are banned\n|rule|Evasion Abilities Clause: Evasion abilities are banned\n|rule|Species Clause: Limit one of each Pok\u00e9mon\n|rule|Gravity Sleep Clause: The combination of sleep-inducing moves with imperfect accuracy and Gravity or Gigantamax Orbeetle are banned\n|clearpoke\n|poke|p1|Manectric, M|\n|poke|p1|Ceruledge, M|\n|poke|p1|Blaziken, M|\n|poke|p1|Amoonguss, M|\n|poke|p1|Kommo-o, F|\n|poke|p1|Chien-Pao|\n|poke|p2|Charizard, F|\n|poke|p2|Chi-Yu|\n|poke|p2|Amoonguss, M|\n|poke|p2|Walking Wake|\n|poke|p2|Chien-Pao|\n|poke|p2|Flutter Mane|\n|teampreview\n|inactive|Battle timer is ON: inactive players will automatically lose when time's up. (requested by Lightspeed Wake)\n|inactive|aFadab also wants the timer to be on.\n|\n|t:|1696550857\n|start\n|switch|p1a: Manectric|Manectric, M|100\/100\n|switch|p1b: Kommo-o|Kommo-o, F|100\/100\n|switch|p2a: Charizard|Charizard, F|100\/100\n|switch|p2b: Walking Wake|Walking Wake|100\/100\n|turn|1\n|\n|t:|1696550880\n|detailschange|p2a: Charizard|Charizard-Mega-Y, F\n|-mega|p2a: Charizard|Charizard|Charizardite Y\n|-weather|SunnyDay|[from] ability: Drought|[of] p2a: Charizard\n|-activate|p2b: Walking Wake|ability: Protosynthesis\n|-start|p2b: Walking Wake|protosynthesisspa\n|move|p2a: Charizard|Protect|p2a: Charizard\n|-singleturn|p2a: Charizard|Protect\n|move|p2b: Walking Wake|Dragon Pulse|p1b: Kommo-o\n|-supereffective|p1b: Kommo-o\n|-damage|p1b: Kommo-o|0 fnt\n|faint|p1b: Kommo-o\n|move|p1a: Manectric|Thunderbolt|p2a: Charizard\n|-activate|p2a: Charizard|move: Protect\n|\n|-weather|SunnyDay|[upkeep]\n|upkeep\n|inactive|aFadab has 120 seconds left.\n|\n|t:|1696550907\n|switch|p1b: Ceruledge|Ceruledge, M|100\/100\n|turn|2\n|\n|t:|1696550922\n|switch|p2a: Amoonguss|Amoonguss, M|100\/100\n|-terastallize|p1b: Ceruledge|Steel\n|move|p2b: Walking Wake|Hydro Steam|p1b: Ceruledge\n|-damage|p1b: Ceruledge|27\/100\n|move|p1a: Manectric|Thunderbolt|p2b: Walking Wake\n|-damage|p2b: Walking Wake|59\/100\n|-damage|p1a: Manectric|91\/100|[from] item: Life Orb\n|move|p1b: Ceruledge|Swords Dance|p1b: Ceruledge\n|-boost|p1b: Ceruledge|atk|2\n|\n|-weather|SunnyDay|[upkeep]\n|-heal|p1b: Ceruledge|34\/100|[from] item: Leftovers\n|upkeep\n|turn|3\n|inactive|Lightspeed Wake has 120 seconds left.\n|\n|t:|1696550964\n|move|p2b: Walking Wake|Draco Meteor|p1a: Manectric\n|-damage|p1a: Manectric|0 fnt\n|-unboost|p2b: Walking Wake|spa|2\n|faint|p1a: Manectric\n|move|p1b: Ceruledge|Bitter Blade|p2a: Amoonguss\n|-supereffective|p2a: Amoonguss\n|-damage|p2a: Amoonguss|0 fnt\n|-heal|p1b: Ceruledge|98\/100|[from] drain|[of] p2a: Amoonguss\n|-damage|p1b: Ceruledge|81\/100|[from] item: Rocky Helmet|[of] p2a: Amoonguss\n|faint|p2a: Amoonguss\n|\n|-weather|SunnyDay|[upkeep]\n|-heal|p1b: Ceruledge|87\/100|[from] item: Leftovers\n|upkeep\n|\n|t:|1696550982\n|switch|p1a: Chien-Pao|Chien-Pao|100\/100\n|switch|p2a: Chi-Yu|Chi-Yu|100\/100\n|-ability|p2a: Chi-Yu|Beads of Ruin\n|-ability|p1a: Chien-Pao|Sword of Ruin\n|turn|4\n|\n|t:|1696550999\n|-end|p2b: Walking Wake|Protosynthesis|[silent]\n|switch|p2b: Chien-Pao|Chien-Pao|100\/100\n|-ability|p2b: Chien-Pao|Sword of Ruin\n|move|p2a: Chi-Yu|Dark Pulse|p1b: Ceruledge\n|-damage|p1b: Ceruledge|32\/100\n|move|p1a: Chien-Pao|Sacred Sword|p2a: Chi-Yu\n|-supereffective|p2a: Chi-Yu\n|-damage|p2a: Chi-Yu|0 fnt\n|faint|p2a: Chi-Yu\n|move|p1b: Ceruledge|Swords Dance|p1b: Ceruledge\n|-boost|p1b: Ceruledge|atk|2\n|\n|-weather|SunnyDay|[upkeep]\n|-heal|p1b: Ceruledge|38\/100|[from] item: Leftovers\n|upkeep\n|\n|t:|1696551010\n|switch|p2a: Charizard|Charizard-Mega-Y, F|100\/100\n|turn|5\n|\n|t:|1696551023\n|move|p2b: Chien-Pao|Sucker Punch|p1b: Ceruledge\n|-damage|p1b: Ceruledge|0 fnt\n|faint|p1b: Ceruledge\n|move|p1a: Chien-Pao|Sacred Sword|p2b: Chien-Pao\n|-supereffective|p2b: Chien-Pao\n|-enditem|p2b: Chien-Pao|Focus Sash\n|-damage|p2b: Chien-Pao|1\/100\n|move|p2a: Charizard|Tailwind|p2a: Charizard\n|-sidestart|p2: Lightspeed Wake|move: Tailwind\n|\n|-weather|none\n|upkeep\n|\n|t:|1696551037\n|switch|p1b: Blaziken|Blaziken, M|100\/100\n|turn|6\n|\n|t:|1696551048\n|move|p2b: Chien-Pao|Protect|p2b: Chien-Pao\n|-singleturn|p2b: Chien-Pao|Protect\n|move|p1b: Blaziken|Protect|p1b: Blaziken\n|-singleturn|p1b: Blaziken|Protect\n|move|p1a: Chien-Pao|Ice Shard|p2b: Chien-Pao\n|-activate|p2b: Chien-Pao|move: Protect\n|move|p2a: Charizard|Heat Wave|p1a: Chien-Pao|[spread] p1a\n|-activate|p1b: Blaziken|move: Protect\n|-supereffective|p1a: Chien-Pao\n|-enditem|p1a: Chien-Pao|Focus Sash\n|-damage|p1a: Chien-Pao|1\/100\n|\n|-ability|p1b: Blaziken|Speed Boost|boost\n|-boost|p1b: Blaziken|spe|1\n|upkeep\n|turn|7\n|\n|t:|1696551075\n|switch|p2a: Flutter Mane|Flutter Mane|100\/100\n|detailschange|p1b: Blaziken|Blaziken-Mega, M\n|-mega|p1b: Blaziken|Blaziken|Blazikenite\n|move|p2b: Chien-Pao|Sucker Punch|p1a: Chien-Pao\n|-resisted|p1a: Chien-Pao\n|-damage|p1a: Chien-Pao|0 fnt\n|faint|p1a: Chien-Pao\n|move|p1b: Blaziken|Flare Blitz|p2a: Flutter Mane\n|-damage|p2a: Flutter Mane|0 fnt\n|faint|p2a: Flutter Mane\n|-end|p2a: Flutter Mane|Protosynthesis|[silent]\n|-damage|p1b: Blaziken|69\/100|[from] Recoil\n|\n|-ability|p1b: Blaziken|Speed Boost|boost\n|-boost|p1b: Blaziken|spe|1\n|upkeep\n|\n|t:|1696551095\n|switch|p1a: Amoonguss|Amoonguss, M|100\/100\n|switch|p2a: Walking Wake|Walking Wake|59\/100\n|turn|8\n|\n|t:|1696551109\n|switch|p2b: Charizard|Charizard-Mega-Y, F|100\/100\n|-weather|SunnyDay|[from] ability: Drought|[of] p2b: Charizard\n|-activate|p2a: Walking Wake|ability: Protosynthesis\n|-start|p2a: Walking Wake|protosynthesisspa\n|-terastallize|p2a: Walking Wake|Fire\n|move|p1a: Amoonguss|Rage Powder|p1a: Amoonguss\n|-singleturn|p1a: Amoonguss|move: Rage Powder\n|move|p2a: Walking Wake|Flamethrower|p1a: Amoonguss\n|-supereffective|p1a: Amoonguss\n|-crit|p1a: Amoonguss\n|-damage|p1a: Amoonguss|0 fnt\n|faint|p1a: Amoonguss\n|move|p1b: Blaziken|Close Combat|p2a: Walking Wake\n|-crit|p2a: Walking Wake\n|-damage|p2a: Walking Wake|0 fnt\n|-unboost|p1b: Blaziken|def|1\n|-unboost|p1b: Blaziken|spd|1\n|faint|p2a: Walking Wake\n|-end|p2a: Walking Wake|Protosynthesis|[silent]\n|\n|-weather|SunnyDay|[upkeep]\n|-sideend|p2: Lightspeed Wake|move: Tailwind\n|-ability|p1b: Blaziken|Speed Boost|boost\n|-boost|p1b: Blaziken|spe|1\n|upkeep\n|\n|t:|1696551120\n|switch|p2a: Chien-Pao|Chien-Pao|1\/100\n|-ability|p2a: Chien-Pao|Sword of Ruin\n|turn|9\n|c|\u2606aFadab|GG\n|\n|t:|1696551141\n|move|p1b: Blaziken|Protect|p1b: Blaziken\n|-singleturn|p1b: Blaziken|Protect\n|move|p2a: Chien-Pao|Sucker Punch||[still]\n|-fail|p2a: Chien-Pao\n|move|p2b: Charizard|Heat Wave|p1b: Blaziken\n|-activate|p1b: Blaziken|move: Protect\n|\n|-weather|SunnyDay|[upkeep]\n|-ability|p1b: Blaziken|Speed Boost|boost\n|-boost|p1b: Blaziken|spe|1\n|upkeep\n|turn|10\n|\n|t:|1696551158\n|move|p2a: Chien-Pao|Protect|p2a: Chien-Pao\n|-singleturn|p2a: Chien-Pao|Protect\n|move|p1b: Blaziken|Earthquake|p2a: Chien-Pao|[spread] \n|-activate|p2a: Chien-Pao|move: Protect\n|-immune|p2b: Charizard\n|move|p2b: Charizard|Heat Wave|p1b: Blaziken\n|-resisted|p1b: Blaziken\n|-damage|p1b: Blaziken|0 fnt\n|faint|p1b: Blaziken\n|\n|win|Lightspeed Wake\n|raw|aFadab's rating: 1277 &rarr; <strong>1238<\/strong><br \/>(-39 for losing)\n|raw|Lightspeed Wake's rating: 1058 &rarr; <strong>1107<\/strong><br \/>(+49 for winning)\n|c|\u2606Lightspeed Wake|gg\n","uploadtime":1696551173,"views":3,"p1id":"afadab","p2id":"lightspeedwake","formatid":"gen9nationaldexdoubles","rating":1107,"private":0,"password":""}