{"id":"gen9nationaldexdoubles-1974795549","p1":"Denvah_17","p2":"Yu hung lo","format":"[Gen 9] National Dex Doubles","log":"|j|\u2606Denvah_17\n|j|\u2606Yu hung lo\n|t:|1698125769\n|gametype|doubles\n|player|p1|Denvah_17|alder|1382\n|player|p2|Yu hung lo|janitor|1639\n|teamsize|p1|6\n|teamsize|p2|6\n|gen|9\n|tier|[Gen 9] National Dex Doubles\n|rated|\n|rule|HP Percentage Mod: HP is shown in percentages\n|rule|Endless Battle Clause: Forcing endless battles is banned\n|rule|OHKO Clause: OHKO moves are banned\n|rule|Evasion Moves Clause: Evasion moves are banned\n|rule|Evasion Abilities Clause: Evasion abilities are banned\n|rule|Species Clause: Limit one of each Pok\u00e9mon\n|rule|Gravity Sleep Clause: The combination of sleep-inducing moves with imperfect accuracy and Gravity or Gigantamax Orbeetle are banned\n|clearpoke\n|poke|p1|Sinistcha-Masterpiece|\n|poke|p1|Diancie|\n|poke|p1|Okidogi, M|\n|poke|p1|Ursaluna-Bloodmoon, M|\n|poke|p1|Volcanion|\n|poke|p1|Golisopod, F|\n|poke|p2|Swampert, M|\n|poke|p2|Pelipper, F|\n|poke|p2|Rillaboom, M|\n|poke|p2|Tornadus, M|\n|poke|p2|Zapdos|\n|poke|p2|Stakataka|\n|teampreview\n|inactive|Battle timer is ON: inactive players will automatically lose when time's up. (requested by Denvah_17)\n|\n|t:|1698125792\n|start\n|switch|p1a: Rihanna|Diancie, shiny|100\/100\n|switch|p1b: Freddy Fazbear|Ursaluna-Bloodmoon, M|100\/100\n|switch|p2a: Rillaboom|Rillaboom, M|100\/100\n|switch|p2b: Stakataka|Stakataka|100\/100\n|-fieldstart|move: Grassy Terrain|[from] ability: Grassy Surge|[of] p2a: Rillaboom\n|turn|1\n|\n|t:|1698125804\n|-terastallize|p1a: Rihanna|Ground\n|-terastallize|p2b: Stakataka|Ghost\n|move|p2a: Rillaboom|Fake Out|p1b: Freddy Fazbear\n|-damage|p1b: Freddy Fazbear|90\/100\n|cant|p1b: Freddy Fazbear|flinch\n|move|p2b: Stakataka|Gyro Ball|p1a: Rihanna\n|-damage|p1a: Rihanna|70\/100\n|move|p1a: Rihanna|Trick Room|p1a: Rihanna\n|-fieldstart|move: Trick Room|[of] p1a: Rihanna\n|\n|-heal|p1a: Rihanna|76\/100|[from] Grassy Terrain\n|-heal|p1b: Freddy Fazbear|96\/100|[from] Grassy Terrain\n|-heal|p1b: Freddy Fazbear|100\/100|[from] item: Leftovers\n|upkeep\n|turn|2\n|inactive|Denvah_17 has 120 seconds left.\n|\n|t:|1698125838\n|move|p2b: Stakataka|High Horsepower|p1b: Freddy Fazbear\n|-damage|p1b: Freddy Fazbear|74\/100\n|move|p1a: Rihanna|Dazzling Gleam|p2b: Stakataka|[spread] p2a,p2b\n|-damage|p2a: Rillaboom|88\/100\n|-damage|p2b: Stakataka|81\/100\n|move|p1b: Freddy Fazbear|Hyper Voice|p2a: Rillaboom|[spread] p2a,p2b\n|-damage|p2a: Rillaboom|63\/100\n|-damage|p2b: Stakataka|42\/100\n|move|p2a: Rillaboom|Wood Hammer|p1b: Freddy Fazbear\n|-supereffective|p1b: Freddy Fazbear\n|-damage|p1b: Freddy Fazbear|0 fnt\n|faint|p1b: Freddy Fazbear\n|-damage|p2a: Rillaboom|41\/100|[from] Recoil\n|\n|-heal|p2b: Stakataka|48\/100|[from] Grassy Terrain\n|-heal|p1a: Rihanna|82\/100|[from] Grassy Terrain\n|-heal|p2a: Rillaboom|47\/100|[from] Grassy Terrain\n|upkeep\n|inactive|Denvah_17 has 120 seconds left.\n|\n|t:|1698125850\n|switch|p1b: NowThisIsPodRacing|Golisopod, F|100\/100\n|turn|3\n|inactive|Yu hung lo has 120 seconds left.\n|\n|t:|1698125883\n|switch|p2a: Swampert|Swampert, M|100\/100\n|move|p1b: NowThisIsPodRacing|First Impression|p2a: Swampert\n|-damage|p2a: Swampert|37\/100\n|-damage|p1b: NowThisIsPodRacing|91\/100|[from] item: Life Orb\n|move|p2b: Stakataka|Rock Slide|p1a: Rihanna|[spread] p1a,p1b\n|-resisted|p1a: Rihanna\n|-supereffective|p1b: NowThisIsPodRacing\n|-damage|p1a: Rihanna|71\/100\n|-damage|p1b: NowThisIsPodRacing|41\/100\n|-activate|p1b: NowThisIsPodRacing|ability: Emergency Exit\n|\n|t:|1698125897\n|switch|p1b: Grass Latte|Sinistcha-Masterpiece|100\/100\n|cant|p1a: Rihanna|flinch\n|\n|-heal|p2b: Stakataka|55\/100|[from] Grassy Terrain\n|-heal|p1a: Rihanna|77\/100|[from] Grassy Terrain\n|-heal|p2a: Swampert|43\/100|[from] Grassy Terrain\n|upkeep\n|turn|4\n|\n|t:|1698125922\n|detailschange|p2a: Swampert|Swampert-Mega, M\n|-mega|p2a: Swampert|Swampert|Swampertite\n|move|p2a: Swampert|Protect|p2a: Swampert\n|-singleturn|p2a: Swampert|Protect\n|move|p2b: Stakataka|Rock Slide|p1a: Rihanna|[spread] p1a,p1b\n|-resisted|p1a: Rihanna\n|-damage|p1a: Rihanna|65\/100\n|-damage|p1b: Grass Latte|70\/100\n|move|p1a: Rihanna|Dazzling Gleam|p2a: Swampert|[spread] p2b\n|-activate|p2a: Swampert|move: Protect\n|-damage|p2b: Stakataka|33\/100\n|move|p1b: Grass Latte|Matcha Gotcha|p2b: Stakataka|[spread] p2b\n|-activate|p2a: Swampert|move: Protect\n|-damage|p2b: Stakataka|0 fnt\n|-heal|p1b: Grass Latte|89\/100|[from] drain|[of] p2b: Stakataka\n|faint|p2b: Stakataka\n|\n|-heal|p1a: Rihanna|70\/100|[from] Grassy Terrain\n|-heal|p1b: Grass Latte|95\/100|[from] Grassy Terrain\n|-heal|p2a: Swampert|49\/100|[from] Grassy Terrain\n|upkeep\n|inactive|Yu hung lo has 120 seconds left.\n|\n|t:|1698125941\n|switch|p2b: Rillaboom|Rillaboom, M|47\/100\n|turn|5\n|\n|t:|1698125959\n|switch|p2a: Zapdos|Zapdos|100\/100\n|move|p2b: Rillaboom|Grassy Glide|p1a: Rihanna\n|-supereffective|p1a: Rihanna\n|-damage|p1a: Rihanna|20\/100\n|-enditem|p1a: Rihanna|Weakness Policy\n|-boost|p1a: Rihanna|atk|2|[from] item: Weakness Policy\n|-boost|p1a: Rihanna|spa|2|[from] item: Weakness Policy\n|move|p1a: Rihanna|Dazzling Gleam|p2a: Zapdos|[spread] p2a,p2b\n|-damage|p2a: Zapdos|57\/100\n|-damage|p2b: Rillaboom|21\/100\n|move|p1b: Grass Latte|Matcha Gotcha|p2a: Zapdos|[spread] p2a,p2b\n|-resisted|p2a: Zapdos\n|-resisted|p2b: Rillaboom\n|-damage|p2a: Zapdos|37\/100\n|-heal|p1b: Grass Latte|100\/100|[from] drain|[of] p2a: Zapdos\n|-damage|p2b: Rillaboom|10\/100\n|-status|p2b: Rillaboom|brn\n|\n|-heal|p1a: Rihanna|26\/100|[from] Grassy Terrain\n|-heal|p2b: Rillaboom|16\/100 brn|[from] Grassy Terrain\n|-damage|p2b: Rillaboom|10\/100 brn|[from] brn\n|-fieldend|move: Trick Room\n|-fieldend|move: Grassy Terrain\n|upkeep\n|turn|6\n|\n|t:|1698125975\n|move|p2a: Zapdos|Hurricane|p1b: Grass Latte\n|-supereffective|p1b: Grass Latte\n|-damage|p1b: Grass Latte|0 fnt\n|faint|p1b: Grass Latte\n|move|p2b: Rillaboom|Wood Hammer|p1a: Rihanna\n|-supereffective|p1a: Rihanna\n|-damage|p1a: Rihanna|0 fnt\n|faint|p1a: Rihanna\n|-damage|p2b: Rillaboom|3\/100 brn|[from] Recoil\n|\n|-damage|p2b: Rillaboom|0 fnt|[from] brn\n|faint|p2b: Rillaboom\n|upkeep\n|\n|t:|1698125988\n|switch|p2b: Pelipper|Pelipper, F|100\/100\n|switch|p1b: Mr. Saxobeat|Volcanion|100\/100\n|switch|p1a: NowThisIsPodRacing|Golisopod, F|41\/100\n|-weather|RainDance|[from] ability: Drizzle|[of] p2b: Pelipper\n|turn|7\n|\n|t:|1698126001\n|move|p2a: Zapdos|Detect|p2a: Zapdos\n|-singleturn|p2a: Zapdos|Protect\n|move|p2b: Pelipper|Protect|p2b: Pelipper\n|-singleturn|p2b: Pelipper|Protect\n|move|p1a: NowThisIsPodRacing|First Impression|p2a: Zapdos\n|-activate|p2a: Zapdos|move: Protect\n|move|p1b: Mr. Saxobeat|Steam Eruption|p2b: Pelipper\n|-activate|p2b: Pelipper|move: Protect\n|\n|-weather|RainDance|[upkeep]\n|upkeep\n|turn|8\n|\n|t:|1698126015\n|move|p1a: NowThisIsPodRacing|Aqua Jet|p2a: Zapdos\n|-damage|p2a: Zapdos|0 fnt\n|faint|p2a: Zapdos\n|-damage|p1a: NowThisIsPodRacing|31\/100|[from] item: Life Orb\n|move|p2b: Pelipper|Hurricane|p1a: NowThisIsPodRacing\n|-supereffective|p1a: NowThisIsPodRacing\n|-damage|p1a: NowThisIsPodRacing|0 fnt\n|faint|p1a: NowThisIsPodRacing\n|move|p1b: Mr. Saxobeat|Steam Eruption|p2b: Pelipper\n|-resisted|p2b: Pelipper\n|-damage|p2b: Pelipper|56\/100\n|\n|-weather|RainDance|[upkeep]\n|upkeep\n|\n|t:|1698126033\n|switch|p2a: Tornadus|Tornadus, M|100\/100\n|switch|p1a: Dogecoin|Okidogi, M|100\/100\n|turn|9\n|\n|t:|1698126046\n|move|p2b: Pelipper|Helping Hand|p2a: Tornadus\n|-singleturn|p2a: Tornadus|Helping Hand|[of] p2b: Pelipper\n|move|p2a: Tornadus|Bleakwind Storm|p1a: Dogecoin|[spread] p1a,p1b\n|-supereffective|p1a: Dogecoin\n|-damage|p1a: Dogecoin|35\/100\n|-damage|p1b: Mr. Saxobeat|50\/100\n|move|p1a: Dogecoin|Gunk Shot|p2b: Pelipper\n|-damage|p2b: Pelipper|0 fnt\n|faint|p2b: Pelipper\n|move|p1b: Mr. Saxobeat|Steam Eruption|p2a: Tornadus\n|-damage|p2a: Tornadus|0 fnt\n|faint|p2a: Tornadus\n|\n|-weather|RainDance|[upkeep]\n|-heal|p1b: Mr. Saxobeat|56\/100|[from] item: Leftovers\n|upkeep\n|\n|t:|1698126052\n|switch|p2a: Swampert|Swampert-Mega, M|49\/100\n|turn|10\n|\n|t:|1698126064\n|move|p2a: Swampert|High Horsepower|p1b: Mr. Saxobeat\n|-supereffective|p1b: Mr. Saxobeat\n|-damage|p1b: Mr. Saxobeat|0 fnt\n|faint|p1b: Mr. Saxobeat\n|move|p1a: Dogecoin|Drain Punch|p2a: Swampert\n|-damage|p2a: Swampert|12\/100\n|-heal|p1a: Dogecoin|54\/100|[from] drain|[of] p2a: Swampert\n|\n|-weather|RainDance|[upkeep]\n|upkeep\n|turn|11\n|\n|t:|1698126069\n|move|p2a: Swampert|Liquidation|p1a: Dogecoin\n|-damage|p1a: Dogecoin|0 fnt\n|faint|p1a: Dogecoin\n|\n|win|Yu hung lo\n|raw|Denvah_17's rating: 1382 &rarr; <strong>1375<\/strong><br \/>(-7 for losing)\n|raw|Yu hung lo's rating: 1639 &rarr; <strong>1646<\/strong><br \/>(+7 for winning)\n|l|\u2606Denvah_17\n","uploadtime":1698126075,"views":13,"p1id":"denvah17","p2id":"yuhunglo","formatid":"gen9nationaldexdoubles","rating":1375,"private":0,"password":""}