{"id":"gen9nationaldexdoubles-1978304360","p1":"Careytheicon","p2":"Springboii","format":"[Gen 9] National Dex Doubles","log":"|j|\u2606Careytheicon\n|j|\u2606Springboii\n|t:|1698522991\n|gametype|doubles\n|player|p1|Careytheicon|lucy|1089\n|player|p2|Springboii|hilda|1018\n|teamsize|p1|6\n|teamsize|p2|6\n|gen|9\n|tier|[Gen 9] National Dex Doubles\n|rated|\n|rule|HP Percentage Mod: HP is shown in percentages\n|rule|Endless Battle Clause: Forcing endless battles is banned\n|rule|OHKO Clause: OHKO moves are banned\n|rule|Evasion Moves Clause: Evasion moves are banned\n|rule|Evasion Abilities Clause: Evasion abilities are banned\n|rule|Species Clause: Limit one of each Pok\u00e9mon\n|rule|Gravity Sleep Clause: The combination of sleep-inducing moves with imperfect accuracy and Gravity or Gigantamax Orbeetle are banned\n|clearpoke\n|poke|p1|Shuckle, M|\n|poke|p1|Runerigus, F|\n|poke|p1|Malamar, F|\n|poke|p1|Victini|\n|poke|p1|Comfey, F|\n|poke|p1|Jirachi|\n|poke|p2|Tornadus, M|\n|poke|p2|Oricorio-Sensu, F|\n|poke|p2|Kommo-o, M|\n|poke|p2|Typhlosion-Hisui, F|\n|poke|p2|Indeedee-F, F|\n|poke|p2|Cresselia, F|\n|teampreview\n|inactive|Battle timer is ON: inactive players will automatically lose when time's up. (requested by Springboii)\n|inactive|Careytheicon also wants the timer to be on.\n|\n|t:|1698522997\n|start\n|switch|p1a: Roxxx|Runerigus, F, shiny|100\/100\n|switch|p1b: Shuckle|Shuckle, M|100\/100\n|switch|p2a: Tornadus|Tornadus, M, shiny|100\/100\n|switch|p2b: Kommo-o|Kommo-o, M|100\/100\n|turn|1\n|\n|t:|1698523023\n|switch|p2a: Oricorio|Oricorio-Sensu, F|100\/100\n|move|p2b: Kommo-o|Clangorous Soul|p2b: Kommo-o\n|-boost|p2b: Kommo-o|atk|1\n|-boost|p2b: Kommo-o|def|1\n|-boost|p2b: Kommo-o|spa|1\n|-boost|p2b: Kommo-o|spd|1\n|-boost|p2b: Kommo-o|spe|1\n|-damage|p2b: Kommo-o|68\/100\n|-activate|p2a: Oricorio|ability: Dancer\n|move|p2a: Oricorio|Clangorous Soul|p2a: Oricorio|[from]ability: Dancer\n|-boost|p2a: Oricorio|atk|1\n|-boost|p2a: Oricorio|def|1\n|-boost|p2a: Oricorio|spa|1\n|-boost|p2a: Oricorio|spd|1\n|-boost|p2a: Oricorio|spe|1\n|-damage|p2a: Oricorio|68\/100\n|move|p1a: Roxxx|Sandstorm|p1a: Roxxx\n|-weather|Sandstorm\n|move|p1b: Shuckle|Toxic|p2b: Kommo-o\n|-status|p2b: Kommo-o|tox\n|\n|-weather|Sandstorm|[upkeep]\n|-damage|p2a: Oricorio|61\/100|[from] Sandstorm\n|-damage|p2b: Kommo-o|62\/100 tox|[from] Sandstorm\n|-damage|p2b: Kommo-o|55\/100 tox|[from] psn\n|upkeep\n|turn|2\n|\n|t:|1698523051\n|move|p2a: Oricorio|Quiver Dance|p2a: Oricorio\n|-boost|p2a: Oricorio|spa|1\n|-boost|p2a: Oricorio|spd|1\n|-boost|p2a: Oricorio|spe|1\n|move|p2b: Kommo-o|Clangorous Soul|p2b: Kommo-o\n|-boost|p2b: Kommo-o|atk|1\n|-boost|p2b: Kommo-o|def|1\n|-boost|p2b: Kommo-o|spa|1\n|-boost|p2b: Kommo-o|spd|1\n|-boost|p2b: Kommo-o|spe|1\n|-damage|p2b: Kommo-o|23\/100 tox\n|-enditem|p2b: Kommo-o|Sitrus Berry|[eat]\n|-heal|p2b: Kommo-o|47\/100 tox|[from] item: Sitrus Berry\n|-activate|p2a: Oricorio|ability: Dancer\n|move|p2a: Oricorio|Clangorous Soul|p2a: Oricorio|[from]ability: Dancer\n|-boost|p2a: Oricorio|atk|1\n|-boost|p2a: Oricorio|def|1\n|-boost|p2a: Oricorio|spa|1\n|-boost|p2a: Oricorio|spd|1\n|-boost|p2a: Oricorio|spe|1\n|-damage|p2a: Oricorio|29\/100\n|move|p1a: Roxxx|Toxic Spikes|p2b: Kommo-o\n|-sidestart|p2: Springboii|move: Toxic Spikes\n|move|p1b: Shuckle|Sticky Web|p2b: Kommo-o\n|-sidestart|p2: Springboii|move: Sticky Web\n|\n|-weather|Sandstorm|[upkeep]\n|-damage|p2a: Oricorio|22\/100|[from] Sandstorm\n|-damage|p2b: Kommo-o|41\/100 tox|[from] Sandstorm\n|-damage|p2b: Kommo-o|29\/100 tox|[from] psn\n|upkeep\n|turn|3\n|c|\u2606Careytheicon|greedy much\n|inactive|Careytheicon has 120 seconds left.\n|c|\u2606Springboii|Yep\n|\n|t:|1698523101\n|-terastallize|p1a: Roxxx|Fairy\n|move|p2a: Oricorio|Baton Pass|p2a: Oricorio\n|\n|t:|1698523105\n|switch|p2a: Typhlosion|Typhlosion-Hisui, F|100\/100|[from] Baton Pass\n|-status|p2a: Typhlosion|psn\n|-activate|p2a: Typhlosion|move: Sticky Web\n|-unboost|p2a: Typhlosion|spe|1\n|-item|p1a: Roxxx|Sitrus Berry|[from] ability: Frisk|[of] p2a: Typhlosion|[identify]\n|-item|p1b: Shuckle|Sitrus Berry|[from] ability: Frisk|[of] p2a: Typhlosion|[identify]\n|move|p2b: Kommo-o|Clanging Scales|p1a: Roxxx|[spread] p1b\n|-immune|p1a: Roxxx\n|-damage|p1b: Shuckle|62\/100\n|-unboost|p2b: Kommo-o|def|1\n|move|p1a: Roxxx|Poltergeist|p2a: Typhlosion\n|-activate|p2a: Typhlosion|move: Poltergeist|Choice Specs\n|-supereffective|p2a: Typhlosion\n|-damage|p2a: Typhlosion|46\/100 psn\n|move|p1b: Shuckle|Infestation|p2b: Kommo-o\n|-resisted|p2b: Kommo-o\n|-damage|p2b: Kommo-o|28\/100 tox\n|-activate|p2b: Kommo-o|move: Infestation|[of] p1b: Shuckle\n|\n|-weather|Sandstorm|[upkeep]\n|-damage|p2a: Typhlosion|40\/100 psn|[from] Sandstorm\n|-damage|p2b: Kommo-o|22\/100 tox|[from] Sandstorm\n|-damage|p1a: Roxxx|94\/100|[from] Sandstorm\n|-damage|p2a: Typhlosion|28\/100 psn|[from] psn\n|-damage|p2b: Kommo-o|4\/100 tox|[from] psn\n|-damage|p2b: Kommo-o|0 fnt|[from] move: Infestation|[partiallytrapped]\n|faint|p2b: Kommo-o\n|upkeep\n|inactive|Springboii has 120 seconds left.\n|c|\u2606Careytheicon|lol\n|\n|t:|1698523135\n|switch|p2b: Cresselia|Cresselia, F, shiny|100\/100\n|turn|4\n|inactive|Careytheicon has 120 seconds left.\n|\n|t:|1698523151\n|move|p2a: Typhlosion|Eruption|p1b: Shuckle|[spread] p1a,p1b\n|-damage|p1a: Roxxx|24\/100\n|-damage|p1b: Shuckle|23\/100\n|-enditem|p1a: Roxxx|Sitrus Berry|[eat]\n|-heal|p1a: Roxxx|49\/100|[from] item: Sitrus Berry\n|-enditem|p1b: Shuckle|Sitrus Berry|[eat]\n|-heal|p1b: Shuckle|48\/100|[from] item: Sitrus Berry\n|move|p1a: Roxxx|Poltergeist||[still]\n|-fail|p1a: Roxxx\n|move|p2b: Cresselia|Lunar Blessing|p2b: Cresselia|[spread] p2a,p2b\n|-heal|p2a: Typhlosion|53\/100 psn\n|-curestatus|p2a: Typhlosion|psn|[msg]\n|move|p1b: Shuckle|Toxic|p2b: Cresselia|[miss]\n|-miss|p1b: Shuckle|p2b: Cresselia\n|\n|-weather|Sandstorm|[upkeep]\n|-damage|p2a: Typhlosion|47\/100|[from] Sandstorm\n|-damage|p1a: Roxxx|43\/100|[from] Sandstorm\n|-damage|p2b: Cresselia|94\/100|[from] Sandstorm\n|upkeep\n|turn|5\n|c|\u2606Careytheicon|wtf\n|inactive|Careytheicon has 120 seconds left.\n|\n|t:|1698523179\n|move|p2a: Typhlosion|Eruption|p1a: Roxxx|[spread] p1a,p1b\n|-damage|p1a: Roxxx|0 fnt\n|-damage|p1b: Shuckle|0 fnt\n|faint|p1a: Roxxx\n|faint|p1b: Shuckle\n|move|p2b: Cresselia|Lunar Blessing|p2b: Cresselia|[spread] p2a,p2b\n|-heal|p2a: Typhlosion|72\/100\n|-heal|p2b: Cresselia|100\/100\n|\n|-weather|none\n|upkeep\n|inactive|Careytheicon has 120 seconds left.\n|\n|t:|1698523204\n|switch|p1a: Malamar|Malamar, F|100\/100\n|switch|p1b: Victini|Victini|100\/100\n|turn|6\n|inactive|Careytheicon has 120 seconds left.\n|\n|t:|1698523215\n|switch|p2b: Indeedee|Indeedee-F, F|100\/100\n|-status|p2b: Indeedee|psn\n|-activate|p2b: Indeedee|move: Sticky Web\n|-unboost|p2b: Indeedee|spe|1\n|-fieldstart|move: Psychic Terrain|[from] ability: Psychic Surge|[of] p2b: Indeedee\n|-enditem|p2b: Indeedee|Psychic Seed\n|-boost|p2b: Indeedee|spd|1|[from] item: Psychic Seed\n|-terastallize|p2a: Typhlosion|Fire\n|move|p2a: Typhlosion|Eruption|p1b: Victini|[spread] p1a,p1b\n|-resisted|p1b: Victini\n|-damage|p1a: Malamar|0 fnt\n|-damage|p1b: Victini|4\/100\n|faint|p1a: Malamar\n|-enditem|p1b: Victini|Red Card|[of] p2a: Typhlosion\n|drag|p2a: Cresselia|Cresselia, F, shiny|100\/100\n|move|p1b: Victini|Skill Swap|p1: Malamar|[notarget]\n|-fail|p1b: Victini\n|\n|-damage|p2b: Indeedee|88\/100 psn|[from] psn\n|upkeep\n|c|\u2606Careytheicon|omg\n|c|\u2606Careytheicon|lol\n|\n|t:|1698523238\n|switch|p1a: Comfey|Comfey, F|100\/100\n|turn|7\n|inactive|Careytheicon has 120 seconds left.\n|c|\u2606Springboii|That was hilarious\n|l|\u2606Careytheicon\n|inactive|Careytheicon disconnected and has a minute to reconnect!\n|player|p1|\n|j|\u2606Careytheicon\n|inactive|Careytheicon reconnected and has 95 seconds left.\n|player|p1|Careytheicon|lucy\n|inactive|Careytheicon has 90 seconds left.\n|\n|t:|1698523287\n|switch|p2b: Oricorio|Oricorio-Sensu, F|22\/100\n|move|p1b: Victini|Bolt Strike|p2a: Cresselia\n|-damage|p2a: Cresselia|80\/100\n|move|p1a: Comfey|Calm Mind|p1a: Comfey\n|-boost|p1a: Comfey|spa|1\n|-boost|p1a: Comfey|spd|1\n|move|p2a: Cresselia|Moonblast|p1b: Victini\n|-resisted|p1b: Victini\n|-damage|p1b: Victini|0 fnt\n|faint|p1b: Victini\n|\n|upkeep\n|\n|t:|1698523300\n|switch|p1b: Jirachi|Jirachi|100\/100\n|turn|8\n|inactive|Careytheicon has 90 seconds left.\n|\n|t:|1698523310\n|move|p1b: Jirachi|Ancient Power|p2b: Oricorio\n|-supereffective|p2b: Oricorio\n|-damage|p2b: Oricorio|0 fnt\n|faint|p2b: Oricorio\n|move|p1a: Comfey|Leech Seed|p2a: Cresselia\n|-start|p2a: Cresselia|move: Leech Seed\n|move|p2a: Cresselia|Lunar Blessing|p2a: Cresselia\n|-heal|p2a: Cresselia|100\/100\n|\n|-damage|p2a: Cresselia|88\/100|[from] Leech Seed|[of] p1a: Comfey\n|upkeep\n|\n|t:|1698523322\n|switch|p2b: Typhlosion|Typhlosion-Hisui, F, tera:Fire|72\/100\n|-status|p2b: Typhlosion|psn\n|-activate|p2b: Typhlosion|move: Sticky Web\n|-unboost|p2b: Typhlosion|spe|1\n|-item|p1a: Comfey|Big Root|[from] ability: Frisk|[of] p2b: Typhlosion|[identify]\n|-item|p1b: Jirachi|Sitrus Berry|[from] ability: Frisk|[of] p2b: Typhlosion|[identify]\n|turn|9\n|\n|t:|1698523344\n|move|p2a: Cresselia|Helping Hand|p2b: Typhlosion\n|-singleturn|p2b: Typhlosion|Helping Hand|[of] p2a: Cresselia\n|move|p1b: Jirachi|Ancient Power|p2b: Typhlosion\n|-supereffective|p2b: Typhlosion\n|-crit|p2b: Typhlosion\n|-damage|p2b: Typhlosion|15\/100 psn\n|move|p1a: Comfey|Leech Seed|p2b: Typhlosion\n|-start|p2b: Typhlosion|move: Leech Seed\n|move|p2b: Typhlosion|Eruption|p1a: Comfey|[spread] p1a,p1b\n|-supereffective|p1b: Jirachi\n|-damage|p1a: Comfey|84\/100\n|-damage|p1b: Jirachi|50\/100\n|-enditem|p1b: Jirachi|Sitrus Berry|[eat]\n|-heal|p1b: Jirachi|75\/100|[from] item: Sitrus Berry\n|\n|-damage|p2b: Typhlosion|3\/100 psn|[from] Leech Seed|[of] p1a: Comfey\n|-heal|p1a: Comfey|100\/100|[silent]\n|-damage|p2a: Cresselia|76\/100|[from] Leech Seed|[of] p1a: Comfey\n|-damage|p2b: Typhlosion|0 fnt|[from] psn\n|faint|p2b: Typhlosion\n|upkeep\n|c|\u2606Careytheicon|LOL\n|\n|t:|1698523363\n|switch|p2b: Tornadus|Tornadus, M, shiny|100\/100\n|turn|10\n|\n|t:|1698523375\n|move|p2b: Tornadus|Dark Pulse|p1b: Jirachi\n|-supereffective|p1b: Jirachi\n|-damage|p1b: Jirachi|35\/100\n|move|p1b: Jirachi|Ancient Power|p2b: Tornadus\n|-supereffective|p2b: Tornadus\n|-damage|p2b: Tornadus|62\/100\n|move|p1a: Comfey|Leech Seed|p2b: Tornadus\n|-start|p2b: Tornadus|move: Leech Seed\n|move|p2a: Cresselia|Calm Mind|p2a: Cresselia\n|-boost|p2a: Cresselia|spa|1\n|-boost|p2a: Cresselia|spd|1\n|\n|-damage|p2b: Tornadus|50\/100|[from] Leech Seed|[of] p1a: Comfey\n|-damage|p2a: Cresselia|63\/100|[from] Leech Seed|[of] p1a: Comfey\n|-fieldend|move: Psychic Terrain\n|upkeep\n|turn|11\n|\n|t:|1698523402\n|move|p1a: Comfey|Draining Kiss|p2b: Tornadus\n|-damage|p2b: Tornadus|15\/100\n|move|p2b: Tornadus|Dark Pulse|p1b: Jirachi\n|-supereffective|p1b: Jirachi\n|-damage|p1b: Jirachi|0 fnt\n|faint|p1b: Jirachi\n|move|p2a: Cresselia|Calm Mind|p2a: Cresselia\n|-boost|p2a: Cresselia|spa|1\n|-boost|p2a: Cresselia|spd|1\n|\n|-damage|p2b: Tornadus|3\/100|[from] Leech Seed|[of] p1a: Comfey\n|-damage|p2a: Cresselia|51\/100|[from] Leech Seed|[of] p1a: Comfey\n|upkeep\n|turn|12\n|\n|t:|1698523424\n|switch|p2b: Indeedee|Indeedee-F, F|88\/100 psn\n|-activate|p2b: Indeedee|move: Sticky Web\n|-unboost|p2b: Indeedee|spe|1\n|-fieldstart|move: Psychic Terrain|[from] ability: Psychic Surge|[of] p2b: Indeedee\n|move|p1a: Comfey|Draining Kiss|p2a: Cresselia\n|-damage|p2a: Cresselia|42\/100\n|move|p2a: Cresselia|Calm Mind|p2a: Cresselia\n|-boost|p2a: Cresselia|spa|1\n|-boost|p2a: Cresselia|spd|1\n|\n|-damage|p2a: Cresselia|30\/100|[from] Leech Seed|[of] p1a: Comfey\n|-damage|p2b: Indeedee|75\/100 psn|[from] psn\n|upkeep\n|turn|13\n|\n|t:|1698523443\n|move|p2b: Indeedee|Helping Hand|p2a: Cresselia\n|-singleturn|p2a: Cresselia|Helping Hand|[of] p2b: Indeedee\n|move|p1a: Comfey|Calm Mind|p1a: Comfey\n|-boost|p1a: Comfey|spa|1\n|-boost|p1a: Comfey|spd|1\n|move|p2a: Cresselia|Moonblast|p1a: Comfey\n|-damage|p1a: Comfey|58\/100\n|\n|-damage|p2a: Cresselia|17\/100|[from] Leech Seed|[of] p1a: Comfey\n|-heal|p1a: Comfey|86\/100|[silent]\n|-damage|p2b: Indeedee|63\/100 psn|[from] psn\n|upkeep\n|turn|14\n|\n|t:|1698523463\n|move|p1a: Comfey|Draining Kiss|p2a: Cresselia\n|-damage|p2a: Cresselia|8\/100\n|-heal|p1a: Comfey|100\/100|[from] drain|[of] p2a: Cresselia\n|move|p2a: Cresselia|Lunar Blessing|p2a: Cresselia|[spread] p2a,p2b\n|-heal|p2a: Cresselia|33\/100\n|-heal|p2b: Indeedee|88\/100 psn\n|-curestatus|p2b: Indeedee|psn|[msg]\n|move|p2b: Indeedee|Expanding Force|p1a: Comfey\n|-damage|p1a: Comfey|74\/100\n|\n|-damage|p2a: Cresselia|20\/100|[from] Leech Seed|[of] p1a: Comfey\n|-heal|p1a: Comfey|100\/100|[silent]\n|upkeep\n|turn|15\n|\n|t:|1698523492\n|move|p1a: Comfey|Calm Mind|p1a: Comfey\n|-boost|p1a: Comfey|spa|1\n|-boost|p1a: Comfey|spd|1\n|move|p2a: Cresselia|Lunar Blessing|p2a: Cresselia|[spread] p2a,p2b\n|-heal|p2a: Cresselia|45\/100\n|-heal|p2b: Indeedee|100\/100\n|move|p2b: Indeedee|Expanding Force|p1a: Comfey\n|-damage|p1a: Comfey|79\/100\n|\n|-damage|p2a: Cresselia|33\/100|[from] Leech Seed|[of] p1a: Comfey\n|-heal|p1a: Comfey|100\/100|[silent]\n|upkeep\n|turn|16\n|\n|t:|1698523511\n|move|p1a: Comfey|Draining Kiss|p2a: Cresselia\n|-damage|p2a: Cresselia|21\/100\n|move|p2a: Cresselia|Lunar Blessing|p2a: Cresselia|[spread] p2a,p2b\n|-heal|p2a: Cresselia|46\/100\n|move|p2b: Indeedee|Expanding Force|p1a: Comfey\n|-damage|p1a: Comfey|79\/100\n|\n|-damage|p2a: Cresselia|33\/100|[from] Leech Seed|[of] p1a: Comfey\n|-heal|p1a: Comfey|100\/100|[silent]\n|-fieldend|move: Psychic Terrain\n|upkeep\n|turn|17\n|\n|t:|1698523538\n|move|p2b: Indeedee|Helping Hand|p2a: Cresselia\n|-singleturn|p2a: Cresselia|Helping Hand|[of] p2b: Indeedee\n|move|p1a: Comfey|Calm Mind|p1a: Comfey\n|-boost|p1a: Comfey|spa|1\n|-boost|p1a: Comfey|spd|1\n|move|p2a: Cresselia|Moonblast|p1a: Comfey\n|-damage|p1a: Comfey|76\/100\n|\n|-damage|p2a: Cresselia|21\/100|[from] Leech Seed|[of] p1a: Comfey\n|-heal|p1a: Comfey|100\/100|[silent]\n|upkeep\n|turn|18\n|\n|t:|1698523554\n|switch|p2b: Tornadus|Tornadus, M, shiny|3\/100\n|move|p1a: Comfey|Leech Seed|p2b: Tornadus|[miss]\n|-miss|p1a: Comfey|p2b: Tornadus\n|move|p2a: Cresselia|Lunar Blessing|p2a: Cresselia|[spread] p2a,p2b\n|-heal|p2a: Cresselia|46\/100\n|-heal|p2b: Tornadus|27\/100\n|\n|-damage|p2a: Cresselia|34\/100|[from] Leech Seed|[of] p1a: Comfey\n|upkeep\n|turn|19\n|\n|t:|1698523570\n|move|p1a: Comfey|Draining Kiss|p2b: Tornadus\n|-damage|p2b: Tornadus|0 fnt\n|faint|p2b: Tornadus\n|move|p2a: Cresselia|Lunar Blessing|p2a: Cresselia\n|-heal|p2a: Cresselia|59\/100\n|\n|-damage|p2a: Cresselia|46\/100|[from] Leech Seed|[of] p1a: Comfey\n|upkeep\n|\n|t:|1698523579\n|switch|p2b: Indeedee|Indeedee-F, F|100\/100\n|-status|p2b: Indeedee|psn\n|-activate|p2b: Indeedee|move: Sticky Web\n|-unboost|p2b: Indeedee|spe|1\n|-fieldstart|move: Psychic Terrain|[from] ability: Psychic Surge|[of] p2b: Indeedee\n|turn|20\n|c|\u2606Careytheicon|lol\n|\n|t:|1698523595\n|move|p2a: Cresselia|Helping Hand|p2b: Indeedee\n|-singleturn|p2b: Indeedee|Helping Hand|[of] p2a: Cresselia\n|move|p1a: Comfey|Leech Seed|p2b: Indeedee\n|-start|p2b: Indeedee|move: Leech Seed\n|move|p2b: Indeedee|Expanding Force|p1a: Comfey\n|-damage|p1a: Comfey|76\/100\n|\n|-damage|p2a: Cresselia|34\/100|[from] Leech Seed|[of] p1a: Comfey\n|-heal|p1a: Comfey|100\/100|[silent]\n|-damage|p2b: Indeedee|88\/100 psn|[from] Leech Seed|[of] p1a: Comfey\n|-damage|p2b: Indeedee|75\/100 psn|[from] psn\n|upkeep\n|turn|21\n|c|\u2606Careytheicon|try not to be greedy next time\n|c|\u2606Careytheicon|this is so embarassing for you\n|inactive|Careytheicon has 120 seconds left.\n|\n|t:|1698523632\n|move|p2a: Cresselia|Helping Hand|p2b: Indeedee\n|-singleturn|p2b: Indeedee|Helping Hand|[of] p2a: Cresselia\n|move|p1a: Comfey|Protect|p1a: Comfey\n|-singleturn|p1a: Comfey|Protect\n|move|p2b: Indeedee|Expanding Force|p1a: Comfey\n|-activate|p1a: Comfey|move: Protect\n|\n|-damage|p2a: Cresselia|21\/100|[from] Leech Seed|[of] p1a: Comfey\n|-damage|p2b: Indeedee|63\/100 psn|[from] Leech Seed|[of] p1a: Comfey\n|-damage|p2b: Indeedee|50\/100 psn|[from] psn\n|upkeep\n|turn|22\n|c|\u2606Springboii|You don't think I realise\n|inactive|Springboii has 120 seconds left.\n|\n|t:|1698523668\n|move|p2a: Cresselia|Helping Hand|p2b: Indeedee\n|-singleturn|p2b: Indeedee|Helping Hand|[of] p2a: Cresselia\n|move|p2b: Indeedee|Helping Hand||[still]\n|-fail|p2b: Indeedee\n|move|p1a: Comfey|Draining Kiss|p2a: Cresselia\n|-damage|p2a: Cresselia|9\/100\n|\n|-damage|p2a: Cresselia|0 fnt|[from] Leech Seed|[of] p1a: Comfey\n|faint|p2a: Cresselia\n|-damage|p2b: Indeedee|38\/100 psn|[from] Leech Seed|[of] p1a: Comfey\n|-damage|p2b: Indeedee|25\/100 psn|[from] psn\n|upkeep\n|turn|23\n|inactive|Springboii has 120 seconds left.\n|c|\u2606Careytheicon|OH COMFEY DOLL DON'T END HER LIKE DAT\n|\n|t:|1698523703\n|move|p1a: Comfey|Protect|p1a: Comfey\n|-singleturn|p1a: Comfey|Protect\n|move|p2b: Indeedee|Expanding Force|p1a: Comfey\n|-activate|p1a: Comfey|move: Protect\n|\n|-damage|p2b: Indeedee|13\/100 psn|[from] Leech Seed|[of] p1a: Comfey\n|-damage|p2b: Indeedee|0 fnt|[from] psn\n|faint|p2b: Indeedee\n|\n|win|Careytheicon\n|upkeep\n|raw|Careytheicon's rating: 1089 &rarr; <strong>1110<\/strong><br \/>(+21 for winning)\n|raw|Springboii's rating: 1018 &rarr; <strong>1008<\/strong><br \/>(-10 for losing)\n|c|\u2606Springboii|GG\n","uploadtime":1698523724,"views":11,"p1id":"careytheicon","p2id":"springboii","formatid":"gen9nationaldexdoubles","rating":1008,"private":0,"password":""}