{"id":"gen9nationaldexdoubles-1979330668","p1":"Old McBruh","p2":"LunaStardew","format":"[Gen 9] National Dex Doubles","log":"|j|\u203dOld McBruh\n|j|\u2606LunaStardew\n|t:|1698672041\n|gametype|doubles\n|player|p1|Old McBruh|colress|1488\n|player|p2|LunaStardew|guitarist|1347\n|teamsize|p1|6\n|teamsize|p2|6\n|gen|9\n|tier|[Gen 9] National Dex Doubles\n|rated|\n|rule|HP Percentage Mod: HP is shown in percentages\n|rule|Endless Battle Clause: Forcing endless battles is banned\n|rule|OHKO Clause: OHKO moves are banned\n|rule|Evasion Moves Clause: Evasion moves are banned\n|rule|Evasion Abilities Clause: Evasion abilities are banned\n|rule|Species Clause: Limit one of each Pok\u00e9mon\n|rule|Gravity Sleep Clause: The combination of sleep-inducing moves with imperfect accuracy and Gravity or Gigantamax Orbeetle are banned\n|clearpoke\n|poke|p1|Ninetales-Alola, F|\n|poke|p1|Zygarde|\n|poke|p1|Zamazenta-*|\n|poke|p1|Incineroar, M|\n|poke|p1|Whimsicott, F|\n|poke|p1|Cresselia, F|\n|poke|p2|Walking Wake|\n|poke|p2|Leafeon, F|\n|poke|p2|Houndoom, F|\n|poke|p2|Great Tusk|\n|poke|p2|Torkoal, F|\n|poke|p2|Togekiss, F|\n|teampreview\n|l|\u203dOld McBruh\n|player|p1|\n|inactive|Battle timer is ON: inactive players will automatically lose when time's up. (requested by LunaStardew)\n|inactive|Old McBruh has 30 seconds to reconnect!\n|j|\u2606Old McBruh\n|inactive|Old McBruh reconnected and has 115 seconds left.\n|player|p1|Old McBruh|colress\n|c|\u2606Old McBruh|oh hey its u\n|c|\u2606LunaStardew|oh hey its you!\n|\n|t:|1698672125\n|start\n|switch|p1a: Whimsicott|Whimsicott, F|100\/100\n|switch|p1b: Zygarde|Zygarde|100\/100\n|switch|p2a: Turtle|Torkoal, F|100\/100\n|switch|p2b: Girlypop|Houndoom, F|100\/100\n|-ability|p1b: Zygarde|Aura Break\n|-weather|SunnyDay|[from] ability: Drought|[of] p2a: Turtle\n|turn|1\n|\n|t:|1698672151\n|switch|p2a: bagel|Togekiss, F|100\/100\n|detailschange|p2b: Girlypop|Houndoom-Mega, F\n|-mega|p2b: Girlypop|Houndoom|Houndoominite\n|move|p1b: Zygarde|Protect|p1b: Zygarde\n|-singleturn|p1b: Zygarde|Protect\n|move|p1a: Whimsicott|Tailwind|p1a: Whimsicott\n|-sidestart|p1: Old McBruh|move: Tailwind\n|move|p2b: Girlypop|Heat Wave|p1a: Whimsicott|[spread] p1a\n|-activate|p1b: Zygarde|move: Protect\n|-supereffective|p1a: Whimsicott\n|-damage|p1a: Whimsicott|0 fnt\n|faint|p1a: Whimsicott\n|\n|-weather|SunnyDay|[upkeep]\n|-damage|p2b: Girlypop|88\/100|[from] ability: Solar Power|[of] p2b: Girlypop\n|upkeep\n|\n|t:|1698672159\n|switch|p1a: Zamazenta|Zamazenta|100\/100\n|-ability|p1a: Zamazenta|Dauntless Shield|boost\n|-boost|p1a: Zamazenta|def|1\n|turn|2\n|\n|t:|1698672189\n|move|p2a: bagel|Follow Me|p2a: bagel\n|-singleturn|p2a: bagel|move: Follow Me\n|move|p1a: Zamazenta|Coaching|p1b: Zygarde\n|-boost|p1b: Zygarde|atk|1\n|-boost|p1b: Zygarde|def|1\n|move|p1b: Zygarde|Dragon Dance|p1b: Zygarde\n|-boost|p1b: Zygarde|atk|1\n|-boost|p1b: Zygarde|spe|1\n|move|p2b: Girlypop|Dark Pulse|p1b: Zygarde\n|-damage|p1b: Zygarde|42\/100\n|\n|-weather|SunnyDay|[upkeep]\n|-damage|p2b: Girlypop|76\/100|[from] ability: Solar Power|[of] p2b: Girlypop\n|upkeep\n|turn|3\n|\n|t:|1698672210\n|move|p2a: bagel|Follow Me|p2a: bagel\n|-singleturn|p2a: bagel|move: Follow Me\n|move|p1a: Zamazenta|Coaching|p1b: Zygarde\n|-boost|p1b: Zygarde|atk|1\n|-boost|p1b: Zygarde|def|1\n|move|p1b: Zygarde|Thousand Arrows|p2b: Girlypop|[spread] p2a,p2b\n|-supereffective|p2b: Girlypop\n|-damage|p2a: bagel|30\/100\n|-damage|p2b: Girlypop|0 fnt\n|-start|p2a: bagel|Smack Down\n|faint|p2b: Girlypop\n|\n|-weather|SunnyDay|[upkeep]\n|upkeep\n|\n|t:|1698672222\n|switch|p2b: Triangle|Leafeon, F|100\/100\n|turn|4\n|\n|t:|1698672243\n|switch|p1a: Incineroar|Incineroar, M|100\/100\n|-ability|p1a: Incineroar|Intimidate|boost\n|-unboost|p2a: bagel|atk|1\n|-unboost|p2b: Triangle|atk|1\n|move|p1b: Zygarde|Protect|p1b: Zygarde\n|-singleturn|p1b: Zygarde|Protect\n|move|p2a: bagel|Detect|p2a: bagel\n|-singleturn|p2a: bagel|Protect\n|-zpower|p2b: Triangle\n|move|p2b: Triangle|Bloom Doom|p1b: Zygarde|[zeffect]\n|-zbroken|p1b: Zygarde\n|-damage|p1b: Zygarde|37\/100\n|\n|-weather|SunnyDay|[upkeep]\n|-sideend|p1: Old McBruh|move: Tailwind\n|upkeep\n|turn|5\n|inactive|LunaStardew has 120 seconds left.\n|\n|t:|1698672276\n|move|p1a: Incineroar|Fake Out|p2a: bagel\n|-damage|p2a: bagel|18\/100\n|move|p2b: Triangle|Solar Blade||[still]\n|-prepare|p2b: Triangle|Solar Blade\n|-anim|p2b: Triangle|Solar Blade|p1b: Zygarde\n|-damage|p1b: Zygarde|22\/100\n|move|p1b: Zygarde|Dragon Dance|p1b: Zygarde\n|-boost|p1b: Zygarde|atk|1\n|-boost|p1b: Zygarde|spe|1\n|cant|p2a: bagel|flinch\n|\n|-weather|SunnyDay|[upkeep]\n|upkeep\n|turn|6\n|inactive|Old McBruh has 120 seconds left.\n|\n|t:|1698672316\n|move|p1b: Zygarde|Protect|p1b: Zygarde\n|-singleturn|p1b: Zygarde|Protect\n|move|p2b: Triangle|Solar Blade||[still]\n|-prepare|p2b: Triangle|Solar Blade\n|-anim|p2b: Triangle|Solar Blade|p1b: Zygarde\n|-activate|p1b: Zygarde|move: Protect\n|move|p2a: bagel|Morning Sun|p2a: bagel\n|-heal|p2a: bagel|85\/100\n|move|p1a: Incineroar|Parting Shot|p2b: Triangle\n|-unboost|p2b: Triangle|atk|1\n|-unboost|p2b: Triangle|spa|1\n|\n|t:|1698672337\n|switch|p1a: Ninetales|Ninetales-Alola, F|100\/100|[from] Parting Shot\n|-weather|Snow|[from] ability: Snow Warning|[of] p1a: Ninetales\n|\n|-weather|Snow|[upkeep]\n|upkeep\n|turn|7\n|inactive|LunaStardew has 120 seconds left.\n|\n|t:|1698672369\n|switch|p1a: Incineroar|Incineroar, M|100\/100\n|-ability|p1a: Incineroar|Intimidate|boost\n|-unboost|p2a: bagel|atk|1\n|-unboost|p2b: Triangle|atk|1\n|switch|p2b: Turtle|Torkoal, F|100\/100\n|-weather|SunnyDay|[from] ability: Drought|[of] p2b: Turtle\n|switch|p2a: Table|Walking Wake|100\/100\n|-activate|p2a: Table|ability: Protosynthesis\n|-start|p2a: Table|protosynthesisspe\n|move|p1b: Zygarde|Thousand Arrows|p2a: Table|[spread] p2a,p2b\n|-supereffective|p2b: Turtle\n|-damage|p2a: Table|3\/100\n|-damage|p2b: Turtle|7\/100\n|\n|-weather|SunnyDay|[upkeep]\n|upkeep\n|turn|8\n|inactive|Old McBruh has 120 seconds left.\n|\n|t:|1698672393\n|move|p1a: Incineroar|Fake Out|p2a: Table\n|-damage|p2a: Table|0 fnt\n|faint|p2a: Table\n|-end|p2a: Table|Protosynthesis|[silent]\n|move|p1b: Zygarde|Thousand Arrows|p2b: Turtle\n|-supereffective|p2b: Turtle\n|-damage|p2b: Turtle|0 fnt\n|faint|p2b: Turtle\n|\n|-weather|SunnyDay|[upkeep]\n|upkeep\n|inactive|LunaStardew has 120 seconds left.\n|\n|t:|1698672405\n|switch|p2a: bagel|Togekiss, F|85\/100\n|switch|p2b: jill|Great Tusk|100\/100\n|-activate|p2b: jill|ability: Protosynthesis\n|-start|p2b: jill|protosynthesisatk\n|turn|9\n|\n|t:|1698672422\n|move|p1b: Zygarde|Protect|p1b: Zygarde\n|-singleturn|p1b: Zygarde|Protect\n|move|p2a: bagel|Follow Me|p2a: bagel\n|-singleturn|p2a: bagel|move: Follow Me\n|move|p2b: jill|Earthquake|p1b: Zygarde|[spread] p1a\n|-activate|p1b: Zygarde|move: Protect\n|-immune|p2a: bagel\n|-supereffective|p1a: Incineroar\n|-damage|p1a: Incineroar|0 fnt\n|faint|p1a: Incineroar\n|\n|-weather|SunnyDay|[upkeep]\n|upkeep\n|\n|t:|1698672433\n|switch|p1a: Ninetales|Ninetales-Alola, F|100\/100\n|-weather|Snow|[from] ability: Snow Warning|[of] p1a: Ninetales\n|-end|p2b: jill|Protosynthesis\n|turn|10\n|\n|t:|1698672452\n|-terastallize|p2b: jill|Rock\n|move|p2a: bagel|Follow Me|p2a: bagel\n|-singleturn|p2a: bagel|move: Follow Me\n|move|p1b: Zygarde|Thousand Arrows|p2b: jill|[spread] p2a,p2b\n|-supereffective|p2b: jill\n|-damage|p2a: bagel|0 fnt\n|-damage|p2b: jill|0 fnt\n|faint|p2a: bagel\n|faint|p2b: jill\n|-end|p2b: jill|Protosynthesis|[silent]\n|move|p1a: Ninetales|Aurora Veil|p1a: Ninetales\n|-sidestart|p1: Old McBruh|move: Aurora Veil\n|\n|-weather|Snow|[upkeep]\n|upkeep\n|\n|t:|1698672460\n|switch|p2a: Triangle|Leafeon, F|100\/100\n|turn|11\n|c|\u2606Old McBruh|gg\n|\n|t:|1698672474\n|-terastallize|p1b: Zygarde|Normal\n|move|p1b: Zygarde|Extreme Speed|p2a: Triangle\n|-damage|p2a: Triangle|0 fnt\n|faint|p2a: Triangle\n|\n|win|Old McBruh\n|raw|Old McBruh's rating: 1488 &rarr; <strong>1500<\/strong><br \/>(+12 for winning)\n|raw|LunaStardew's rating: 1347 &rarr; <strong>1335<\/strong><br \/>(-12 for losing)\n|c|\u2606LunaStardew|gg\n|c|\u2606Old McBruh|well played\n|c|\u2606LunaStardew|well played!\n|c|\u2606Old McBruh|hey!\n|c|\u2606Old McBruh|i wanna ask\n|c|\u2606LunaStardew|?\n|c|\u2606Old McBruh|are u in the NatDex Doubles discord?\n|c|\u2606LunaStardew|no I am not\n|c|\u2606LunaStardew|i only just started playing\n|c|\u2606Old McBruh|oooh\n|c|\u2606Old McBruh|its a pretty good team for a non meta team\n|c|\u2606LunaStardew|normal i play any ability singles\n|c|\u2606LunaStardew|normally*\n|c|\u2606LunaStardew|though im enjoying this mode a lot\n|c|\u2606Old McBruh|oh\n|c|\u2606Old McBruh|I really like this format\n|c|\u2606Old McBruh|I played it since the early day\n|c|\u2606Old McBruh|days*\n|c|\u2606LunaStardew|cool!\n|c|\u2606LunaStardew|also i didnt notice your comliment, thank you\n|c|\u2606Old McBruh|back when Choice Band Download Tera Normal Genesect was still arounf\n|c|\u2606LunaStardew|that sounds fun and terrifying\n|c|\u2606Old McBruh|btw, would u like to join nddou cord?\n|c|\u2606LunaStardew|sure!\n|c|\u2606Old McBruh|it was\n|c|\u2606Old McBruh|nice!\n|c|\u2606Old McBruh|just send ur discord username\n|c|\u2606Old McBruh|cause showdown doesn't send the link for some reason\n|c|\u2606LunaStardew|s0ra_chan\n|c|\u2606Old McBruh|u can check it out\n|c|\u2606Old McBruh|the friend req\n|c|\u2606Old McBruh|welcome to the discord!\n","uploadtime":1698672946,"views":9,"p1id":"oldmcbruh","p2id":"lunastardew","formatid":"gen9nationaldexdoubles","rating":1335,"private":0,"password":""}