{"id":"gen9nationaldexdoubles-1979070355","p1":"Krishy2007","p2":"Beast of Moonlight","format":"[Gen 9] National Dex Doubles","log":"|j|\u2606Krishy2007\n|j|\u2606Beast of Moonlight\n|t:|1698628363\n|gametype|doubles\n|player|p1|Krishy2007|265|\n|player|p2|Beast of Moonlight|riley|\n|teamsize|p1|6\n|teamsize|p2|6\n|gen|9\n|tier|[Gen 9] National Dex Doubles\n|rule|HP Percentage Mod: HP is shown in percentages\n|rule|Endless Battle Clause: Forcing endless battles is banned\n|rule|OHKO Clause: OHKO moves are banned\n|rule|Evasion Moves Clause: Evasion moves are banned\n|rule|Evasion Abilities Clause: Evasion abilities are banned\n|rule|Species Clause: Limit one of each Pok\u00e9mon\n|rule|Gravity Sleep Clause: The combination of sleep-inducing moves with imperfect accuracy and Gravity or Gigantamax Orbeetle are banned\n|clearpoke\n|poke|p1|Grimmsnarl, M|\n|poke|p1|Cinderace, F|\n|poke|p1|Goodra-Hisui, M|\n|poke|p1|Landorus-Therian, M|\n|poke|p1|Cradily, M|\n|poke|p1|Aegislash, F|\n|poke|p2|Meowstic, M|\n|poke|p2|Quaquaval, M|\n|poke|p2|Heatran, F|\n|poke|p2|Ninetales-Alola, M|\n|poke|p2|Krookodile, M|\n|poke|p2|Jumpluff, M|\n|teampreview\n|inactive|Battle timer is ON: inactive players will automatically lose when time's up. (requested by Krishy2007)\n|\n|t:|1698628387\n|start\n|switch|p1a: Grimmsnarl|Grimmsnarl, M, shiny|100\/100\n|switch|p1b: Cradily|Cradily, M, shiny|100\/100\n|switch|p2a: Acererak|Meowstic, M|100\/100\n|switch|p2b: Moradin|Heatran, F|100\/100\n|turn|1\n|\n|t:|1698628411\n|move|p2a: Acererak|Skill Swap|p2b: Moradin\n|-activate|p2a: Acererak|move: Skill Swap|||[of] p2b: Moradin\n|move|p2b: Moradin|Substitute|p2b: Moradin\n|-start|p2b: Moradin|Substitute\n|-damage|p2b: Moradin|76\/100\n|move|p1a: Grimmsnarl|Taunt|p2a: Acererak\n|-start|p2a: Acererak|move: Taunt\n|-enditem|p2a: Acererak|Mental Herb\n|-end|p2a: Acererak|move: Taunt\n|move|p1b: Cradily|Earth Power|p2b: Moradin\n|-supereffective|p2b: Moradin\n|-end|p2b: Moradin|Substitute\n|\n|-heal|p2b: Moradin|82\/100|[from] item: Leftovers\n|upkeep\n|turn|2\n|j| TheOfficialSlade\n|inactive|Beast of Moonlight has 270 seconds left.\n|\n|t:|1698628451\n|switch|p2b: Hullbreaker|Jumpluff, M|100\/100\n|-terastallize|p2a: Acererak|Fairy\n|move|p1a: Grimmsnarl|Light Screen|p1a: Grimmsnarl\n|-sidestart|p1: Krishy2007|move: Light Screen\n|move|p2a: Acererak|Thunder Wave|p1a: Grimmsnarl\n|-status|p1a: Grimmsnarl|par\n|move|p1b: Cradily|Toxic|p2a: Acererak\n|-status|p2a: Acererak|tox\n|\n|-damage|p2a: Acererak|94\/100 tox|[from] psn\n|upkeep\n|turn|3\n|inactive|Beast of Moonlight has 270 seconds left.\n|\n|t:|1698628480\n|switch|p2a: Jester|Ninetales-Alola, M, shiny|100\/100\n|-weather|Snow|[from] ability: Snow Warning|[of] p2a: Jester\n|switch|p1b: Cinderace|Cinderace, F, shiny|100\/100\n|move|p1a: Grimmsnarl|Taunt|p2b: Hullbreaker\n|-start|p2b: Hullbreaker|move: Taunt\n|-enditem|p2b: Hullbreaker|Mental Herb\n|-end|p2b: Hullbreaker|move: Taunt\n|move|p2b: Hullbreaker|Toxic|p1b: Cinderace\n|-status|p1b: Cinderace|tox\n|\n|-weather|Snow|[upkeep]\n|-damage|p1b: Cinderace|94\/100 tox|[from] psn\n|upkeep\n|turn|4\n|inactive|Beast of Moonlight has 270 seconds left.\n|\n|t:|1698628521\n|switch|p1b: Aegislash|Aegislash, F, shiny|100\/100\n|switch|p2a: Moradin|Heatran, F|82\/100\n|move|p1a: Grimmsnarl|Parting Shot|p2b: Hullbreaker\n|-unboost|p2b: Hullbreaker|atk|1\n|-unboost|p2b: Hullbreaker|spa|1\n|inactive|Krishy2007 has 270 seconds left.\n|\n|t:|1698628533\n|switch|p1a: Cinderace|Cinderace, F, shiny|94\/100 tox|[from] Parting Shot\n|move|p2b: Hullbreaker|Strength Sap|p1b: Aegislash\n|-unboost|p1b: Aegislash|atk|1\n|\n|-weather|Snow|[upkeep]\n|-heal|p2a: Moradin|88\/100|[from] item: Leftovers\n|-damage|p1a: Cinderace|88\/100 tox|[from] psn\n|upkeep\n|turn|5\n|inactive|Beast of Moonlight has 270 seconds left.\n|\n|t:|1698628549\n|switch|p2a: Diddy4Coconut|Krookodile, M|100\/100\n|-ability|p2a: Diddy4Coconut|Intimidate|boost\n|-unboost|p1a: Cinderace|atk|1\n|-unboost|p1b: Aegislash|atk|1\n|move|p1a: Cinderace|Pyro Ball|p2b: Hullbreaker\n|-supereffective|p2b: Hullbreaker\n|-damage|p2b: Hullbreaker|15\/100\n|move|p2b: Hullbreaker|Tailwind|p2b: Hullbreaker\n|-sidestart|p2: Beast of Moonlight|move: Tailwind\n|move|p1b: Aegislash|Swords Dance|p1b: Aegislash\n|-boost|p1b: Aegislash|atk|2\n|\n|-weather|Snow|[upkeep]\n|-damage|p1a: Cinderace|76\/100 tox|[from] psn\n|upkeep\n|turn|6\n|inactive|Krishy2007 has 270 seconds left.\n|\n|t:|1698628593\n|switch|p1b: Cradily|Cradily, M, shiny|100\/100\n|move|p2a: Diddy4Coconut|Earthquake|p1b: Cradily|[spread] p1a,p1b\n|-immune|p2b: Hullbreaker\n|-supereffective|p1a: Cinderace\n|-damage|p1a: Cinderace|0 fnt\n|-damage|p1b: Cradily|76\/100\n|faint|p1a: Cinderace\n|move|p2b: Hullbreaker|Strength Sap|p1b: Cradily\n|-unboost|p1b: Cradily|atk|1\n|-heal|p2b: Hullbreaker|58\/100\n|\n|-weather|Snow|[upkeep]\n|-heal|p1b: Cradily|82\/100|[from] item: Leftovers\n|upkeep\n|\n|t:|1698628608\n|switch|p1a: Grimmsnarl|Grimmsnarl, M, shiny|100\/100 par\n|turn|7\n|inactive|Krishy2007 has 270 seconds left.\n|inactive|Krishy2007 has 240 seconds left.\n|\n|t:|1698628663\n|switch|p2a: Acererak|Meowstic, M, tera:Fairy|94\/100 tox\n|switch|p1b: Landorus|Landorus-Therian, M, shiny|100\/100\n|-ability|p1b: Landorus|Intimidate|boost\n|-unboost|p2a: Acererak|atk|1\n|-unboost|p2b: Hullbreaker|atk|1\n|move|p1a: Grimmsnarl|Parting Shot|p2a: Acererak\n|-unboost|p2a: Acererak|atk|1\n|-unboost|p2a: Acererak|spa|1\n|\n|t:|1698628668\n|switch|p1a: Aegislash|Aegislash, F, shiny|100\/100|[from] Parting Shot\n|move|p2b: Hullbreaker|Toxic|p1b: Landorus\n|-status|p1b: Landorus|tox\n|\n|-weather|none\n|-damage|p2a: Acererak|88\/100 tox|[from] psn\n|-damage|p1b: Landorus|95\/100 tox|[from] psn\n|upkeep\n|turn|8\n|inactive|Krishy2007 has 240 seconds left.\n|\n|t:|1698628688\n|move|p2a: Acererak|Charm|p1a: Aegislash\n|-unboost|p1a: Aegislash|atk|2\n|move|p2b: Hullbreaker|Strength Sap|p1b: Landorus\n|-unboost|p1b: Landorus|atk|1\n|-heal|p2b: Hullbreaker|100\/100\n|move|p1b: Landorus|U-turn|p2b: Hullbreaker\n|-damage|p2b: Hullbreaker|76\/100\n|inactive|Krishy2007 has 240 seconds left.\n|\n|t:|1698628697\n|switch|p1b: Goodra|Goodra-Hisui, M|100\/100|[from] U-turn\n|-formechange|p1a: Aegislash|Aegislash-Blade||[from] ability: Stance Change\n|move|p1a: Aegislash|Iron Head|p2a: Acererak\n|-supereffective|p2a: Acererak\n|-crit|p2a: Acererak\n|-damage|p2a: Acererak|0 fnt\n|faint|p2a: Acererak\n|\n|-sideend|p2: Beast of Moonlight|move: Tailwind\n|upkeep\n|\n|t:|1698628709\n|switch|p2a: Diddy4Coconut|Krookodile, M|100\/100\n|-ability|p2a: Diddy4Coconut|Intimidate|boost\n|-unboost|p1a: Aegislash|atk|1\n|-unboost|p1b: Goodra|atk|1\n|turn|9\n|inactive|Krishy2007 has 240 seconds left.\n|\n|t:|1698628741\n|switch|p1a: Grimmsnarl|Grimmsnarl, M, shiny|100\/100 par\n|move|p1b: Goodra|Protect|p1b: Goodra\n|-singleturn|p1b: Goodra|Protect\n|move|p2a: Diddy4Coconut|Earthquake|p1a: Grimmsnarl|[spread] p1a\n|-activate|p1b: Goodra|move: Protect\n|-immune|p2b: Hullbreaker\n|-damage|p1a: Grimmsnarl|59\/100 par\n|move|p2b: Hullbreaker|Tailwind|p2b: Hullbreaker\n|-sidestart|p2: Beast of Moonlight|move: Tailwind\n|\n|-sideend|p1: Krishy2007|move: Light Screen\n|upkeep\n|turn|10\n|\n|t:|1698628762\n|switch|p2a: Jester|Ninetales-Alola, M, shiny|100\/100\n|-weather|Snow|[from] ability: Snow Warning|[of] p2a: Jester\n|move|p1a: Grimmsnarl|Reflect|p1a: Grimmsnarl\n|-sidestart|p1: Krishy2007|Reflect\n|move|p2b: Hullbreaker|Leech Seed|p1a: Grimmsnarl\n|-start|p1a: Grimmsnarl|move: Leech Seed\n|move|p1b: Goodra|Acid Armor|p1b: Goodra\n|-boost|p1b: Goodra|def|2\n|\n|-weather|Snow|[upkeep]\n|-damage|p1a: Grimmsnarl|46\/100 par|[from] Leech Seed|[of] p2b: Hullbreaker\n|-heal|p2b: Hullbreaker|90\/100|[silent]\n|upkeep\n|turn|11\n|\n|t:|1698628788\n|move|p1a: Grimmsnarl|Light Screen|p1a: Grimmsnarl\n|-sidestart|p1: Krishy2007|move: Light Screen\n|move|p2b: Hullbreaker|Strength Sap|p1a: Grimmsnarl\n|-unboost|p1a: Grimmsnarl|atk|1\n|-heal|p2b: Hullbreaker|100\/100\n|move|p2a: Jester|Aurora Veil|p2a: Jester\n|-sidestart|p2: Beast of Moonlight|move: Aurora Veil\n|move|p1b: Goodra|Heavy Slam|p2a: Jester\n|-supereffective|p2a: Jester\n|-damage|p2a: Jester|27\/100\n|\n|-weather|Snow|[upkeep]\n|-damage|p1a: Grimmsnarl|34\/100 par|[from] Leech Seed|[of] p2b: Hullbreaker\n|upkeep\n|turn|12\n|inactive|Krishy2007 has 270 seconds left.\n|\n|t:|1698628820\n|switch|p2a: Moradin|Heatran, F|88\/100\n|move|p1a: Grimmsnarl|Taunt|p2b: Hullbreaker\n|-start|p2b: Hullbreaker|move: Taunt\n|cant|p2b: Hullbreaker|move: Taunt|Strength Sap\n|move|p1b: Goodra|Acid Armor|p1b: Goodra\n|-boost|p1b: Goodra|def|2\n|\n|-weather|Snow|[upkeep]\n|-heal|p2a: Moradin|94\/100|[from] item: Leftovers\n|-damage|p1a: Grimmsnarl|21\/100 par|[from] Leech Seed|[of] p2b: Hullbreaker\n|-sideend|p2: Beast of Moonlight|move: Tailwind\n|upkeep\n|turn|13\n|\n|t:|1698628841\n|switch|p2b: Jester|Ninetales-Alola, M, shiny|27\/100\n|move|p1a: Grimmsnarl|Parting Shot|p2a: Moradin\n|-unboost|p2a: Moradin|atk|1\n|-unboost|p2a: Moradin|spa|1\n|\n|t:|1698628848\n|switch|p1a: Aegislash|Aegislash, F, shiny|100\/100|[from] Parting Shot\n|move|p2a: Moradin|Will-O-Wisp|p1b: Goodra\n|-status|p1b: Goodra|brn\n|move|p1b: Goodra|Body Press|p2a: Moradin\n|-supereffective|p2a: Moradin\n|-damage|p2a: Moradin|49\/100\n|\n|-weather|Snow|[upkeep]\n|-heal|p2a: Moradin|55\/100|[from] item: Leftovers\n|-damage|p1b: Goodra|94\/100 brn|[from] brn\n|upkeep\n|turn|14\n|\n|t:|1698628866\n|move|p2b: Jester|Chilling Water|p1a: Aegislash\n|-damage|p1a: Aegislash|92\/100\n|-unboost|p1a: Aegislash|atk|1\n|move|p1a: Aegislash|Swords Dance|p1a: Aegislash\n|-boost|p1a: Aegislash|atk|2\n|move|p2a: Moradin|Will-O-Wisp|p1a: Aegislash\n|-status|p1a: Aegislash|brn\n|move|p1b: Goodra|Acid Armor|p1b: Goodra\n|-boost|p1b: Goodra|def|2\n|\n|-weather|none\n|-heal|p2a: Moradin|62\/100|[from] item: Leftovers\n|-heal|p1b: Goodra|100\/100 brn|[from] item: Leftovers\n|-damage|p1a: Aegislash|86\/100 brn|[from] brn\n|-damage|p1b: Goodra|94\/100 brn|[from] brn\n|upkeep\n|turn|15\n|\n|t:|1698628886\n|move|p2b: Jester|Chilling Water|p1a: Aegislash\n|-damage|p1a: Aegislash|78\/100 brn\n|-unboost|p1a: Aegislash|atk|1\n|move|p1a: Aegislash|Swords Dance|p1a: Aegislash\n|-boost|p1a: Aegislash|atk|2\n|move|p2a: Moradin|Heat Wave|p1b: Goodra|[spread] p1a,p1b\n|-supereffective|p1a: Aegislash\n|-damage|p1a: Aegislash|46\/100 brn\n|-damage|p1b: Goodra|83\/100 brn\n|move|p1b: Goodra|Body Press|p2a: Moradin\n|-supereffective|p2a: Moradin\n|-damage|p2a: Moradin|6\/100\n|\n|-heal|p2a: Moradin|13\/100|[from] item: Leftovers\n|-heal|p1b: Goodra|89\/100 brn|[from] item: Leftovers\n|-damage|p1a: Aegislash|40\/100 brn|[from] brn\n|-damage|p1b: Goodra|83\/100 brn|[from] brn\n|-sideend|p2: Beast of Moonlight|move: Aurora Veil\n|upkeep\n|turn|16\n|\n|t:|1698628916\n|move|p2b: Jester|Aurora Veil||[still]\n|-fail|p2b: Jester\n|-formechange|p1a: Aegislash|Aegislash-Blade||[from] ability: Stance Change\n|move|p1a: Aegislash|Sacred Sword|p2a: Moradin\n|-supereffective|p2a: Moradin\n|-damage|p2a: Moradin|0 fnt\n|faint|p2a: Moradin\n|move|p1b: Goodra|Body Press|p2b: Jester\n|-damage|p2b: Jester|0 fnt\n|faint|p2b: Jester\n|\n|-heal|p1b: Goodra|89\/100 brn|[from] item: Leftovers\n|-damage|p1a: Aegislash|34\/100 brn|[from] brn\n|-damage|p1b: Goodra|83\/100 brn|[from] brn\n|upkeep\n|inactive|Beast of Moonlight has 270 seconds left.\n|\n|t:|1698628936\n|switch|p2b: Cupid Shuffle|Quaquaval, M|100\/100\n|switch|p2a: Diddy4Coconut|Krookodile, M|100\/100\n|-ability|p2a: Diddy4Coconut|Intimidate|boost\n|-unboost|p1a: Aegislash|atk|1\n|-unboost|p1b: Goodra|atk|1\n|turn|17\n|\n|t:|1698628949\n|move|p2a: Diddy4Coconut|Earthquake|p1b: Goodra|[spread] p2b,p1a,p1b\n|-supereffective|p1a: Aegislash\n|-supereffective|p1b: Goodra\n|-damage|p2b: Cupid Shuffle|50\/100\n|-damage|p1a: Aegislash|0 fnt\n|-damage|p1b: Goodra|74\/100 brn\n|faint|p1a: Aegislash\n|move|p2b: Cupid Shuffle|Brick Break|p1b: Goodra\n|-sideend|p1: Krishy2007|Reflect\n|-sideend|p1: Krishy2007|move: Light Screen\n|-supereffective|p1b: Goodra\n|-damage|p1b: Goodra|60\/100 brn\n|move|p1b: Goodra|Body Press|p2b: Cupid Shuffle\n|-damage|p2b: Cupid Shuffle|0 fnt\n|faint|p2b: Cupid Shuffle\n|\n|-heal|p1b: Goodra|66\/100 brn|[from] item: Leftovers\n|-damage|p1b: Goodra|60\/100 brn|[from] brn\n|upkeep\n|\n|t:|1698628963\n|switch|p2b: Hullbreaker|Jumpluff, M|100\/100\n|switch|p1a: Grimmsnarl|Grimmsnarl, M, shiny|21\/100 par\n|turn|18\n|\n|t:|1698628972\n|move|p1a: Grimmsnarl|Reflect|p1a: Grimmsnarl\n|-sidestart|p1: Krishy2007|Reflect\n|move|p2a: Diddy4Coconut|Earthquake|p1a: Grimmsnarl|[spread] p1a,p1b\n|-immune|p2b: Hullbreaker\n|-supereffective|p1b: Goodra\n|-crit|p1b: Goodra\n|-damage|p1a: Grimmsnarl|0 fnt\n|-damage|p1b: Goodra|0 fnt\n|faint|p1a: Grimmsnarl\n|faint|p1b: Goodra\n|move|p2b: Hullbreaker|Strength Sap|p1: Grimmsnarl|[notarget]\n|-fail|p2b: Hullbreaker\n|\n|upkeep\n|\n|t:|1698628979\n|switch|p1a: Cradily|Cradily, M, shiny|82\/100\n|switch|p1b: Landorus|Landorus-Therian, M, shiny|95\/100 tox\n|-ability|p1b: Landorus|Intimidate|boost\n|-unboost|p2a: Diddy4Coconut|atk|1\n|-unboost|p2b: Hullbreaker|atk|1\n|turn|19\n|\n|t:|1698628994\n|move|p2a: Diddy4Coconut|Earthquake|p1a: Cradily|[spread] p1a\n|-immune|p2b: Hullbreaker\n|-immune|p1b: Landorus\n|-damage|p1a: Cradily|72\/100\n|move|p2b: Hullbreaker|Strength Sap|p1b: Landorus\n|-unboost|p1b: Landorus|atk|1\n|move|p1b: Landorus|U-turn|p2b: Hullbreaker\n|-damage|p2b: Hullbreaker|78\/100\n|move|p1a: Cradily|Giga Drain|p2a: Diddy4Coconut\n|-supereffective|p2a: Diddy4Coconut\n|-damage|p2a: Diddy4Coconut|37\/100\n|-heal|p1a: Cradily|99\/100|[from] drain|[of] p2a: Diddy4Coconut\n|\n|-heal|p1b: Landorus|100\/100 tox|[from] item: Leftovers\n|-heal|p1a: Cradily|100\/100|[from] item: Leftovers\n|-damage|p1b: Landorus|95\/100 tox|[from] psn\n|upkeep\n|turn|20\n|\n|t:|1698629013\n|move|p2a: Diddy4Coconut|Earthquake|p1b: Landorus|[spread] p1a\n|-immune|p2b: Hullbreaker\n|-immune|p1b: Landorus\n|-damage|p1a: Cradily|90\/100\n|move|p2b: Hullbreaker|Toxic|p1a: Cradily\n|-status|p1a: Cradily|tox\n|move|p1b: Landorus|Earthquake|p2a: Diddy4Coconut|[spread] p1a,p2a\n|-immune|p2b: Hullbreaker\n|-damage|p1a: Cradily|76\/100 tox\n|-damage|p2a: Diddy4Coconut|0 fnt\n|faint|p2a: Diddy4Coconut\n|move|p1a: Cradily|Toxic|p2b: Hullbreaker\n|-status|p2b: Hullbreaker|tox\n|\n|-heal|p1b: Landorus|100\/100 tox|[from] item: Leftovers\n|-heal|p1a: Cradily|82\/100 tox|[from] item: Leftovers\n|-damage|p2b: Hullbreaker|72\/100 tox|[from] psn\n|-damage|p1b: Landorus|89\/100 tox|[from] psn\n|-damage|p1a: Cradily|76\/100 tox|[from] psn\n|upkeep\n|turn|21\n|\n|t:|1698629035\n|move|p2b: Hullbreaker|Leech Seed|p1b: Landorus\n|-start|p1b: Landorus|move: Leech Seed\n|move|p1b: Landorus|U-turn|p2b: Hullbreaker\n|-damage|p2b: Hullbreaker|50\/100 tox\n|move|p1a: Cradily|Giga Drain|p2b: Hullbreaker\n|-resisted|p2b: Hullbreaker\n|-damage|p2b: Hullbreaker|45\/100 tox\n|-heal|p1a: Cradily|79\/100 tox|[from] drain|[of] p2b: Hullbreaker\n|\n|-heal|p1b: Landorus|95\/100 tox|[from] item: Leftovers\n|-heal|p1a: Cradily|85\/100 tox|[from] item: Leftovers\n|-damage|p1b: Landorus|82\/100 tox|[from] Leech Seed|[of] p2b: Hullbreaker\n|-heal|p2b: Hullbreaker|56\/100 tox|[silent]\n|-damage|p2b: Hullbreaker|44\/100 tox|[from] psn\n|-damage|p1b: Landorus|64\/100 tox|[from] psn\n|-damage|p1a: Cradily|73\/100 tox|[from] psn\n|upkeep\n|turn|22\n|\n|t:|1698629050\n|move|p2b: Hullbreaker|Strength Sap|p1b: Landorus\n|-unboost|p1b: Landorus|atk|1\n|-heal|p2b: Hullbreaker|100\/100 tox\n|move|p1b: Landorus|U-turn|p2b: Hullbreaker\n|-damage|p2b: Hullbreaker|82\/100 tox\n|move|p1a: Cradily|Giga Drain|p2b: Hullbreaker\n|-resisted|p2b: Hullbreaker\n|-crit|p2b: Hullbreaker\n|-damage|p2b: Hullbreaker|74\/100 tox\n|-heal|p1a: Cradily|77\/100 tox|[from] drain|[of] p2b: Hullbreaker\n|\n|-heal|p1b: Landorus|70\/100 tox|[from] item: Leftovers\n|-heal|p1a: Cradily|83\/100 tox|[from] item: Leftovers\n|-damage|p1b: Landorus|58\/100 tox|[from] Leech Seed|[of] p2b: Hullbreaker\n|-heal|p2b: Hullbreaker|85\/100 tox|[silent]\n|-damage|p2b: Hullbreaker|67\/100 tox|[from] psn\n|-damage|p1b: Landorus|34\/100 tox|[from] psn\n|-damage|p1a: Cradily|64\/100 tox|[from] psn\n|upkeep\n|turn|23\n|c|\u2606Krishy2007|Holy shit\n|\n|t:|1698629075\n|move|p2b: Hullbreaker|Strength Sap|p1b: Landorus\n|-unboost|p1b: Landorus|atk|1\n|-heal|p2b: Hullbreaker|100\/100 tox\n|move|p1b: Landorus|U-turn|p2b: Hullbreaker\n|-damage|p2b: Hullbreaker|88\/100 tox\n|move|p1a: Cradily|Giga Drain|p2b: Hullbreaker\n|-resisted|p2b: Hullbreaker\n|-damage|p2b: Hullbreaker|82\/100 tox\n|-heal|p1a: Cradily|67\/100 tox|[from] drain|[of] p2b: Hullbreaker\n|\n|-heal|p1b: Landorus|40\/100 tox|[from] item: Leftovers\n|-heal|p1a: Cradily|73\/100 tox|[from] item: Leftovers\n|-damage|p1b: Landorus|28\/100 tox|[from] Leech Seed|[of] p2b: Hullbreaker\n|-heal|p2b: Hullbreaker|93\/100 tox|[silent]\n|-damage|p2b: Hullbreaker|69\/100 tox|[from] psn\n|-damage|p1b: Landorus|0 fnt|[from] psn\n|faint|p1b: Landorus\n|-damage|p1a: Cradily|49\/100 tox|[from] psn\n|upkeep\n|turn|24\n|\n|t:|1698629094\n|move|p2b: Hullbreaker|Strength Sap|p1a: Cradily\n|-unboost|p1a: Cradily|atk|1\n|-heal|p2b: Hullbreaker|100\/100 tox\n|move|p1a: Cradily|Giga Drain|p2b: Hullbreaker\n|-resisted|p2b: Hullbreaker\n|-damage|p2b: Hullbreaker|95\/100 tox\n|-heal|p1a: Cradily|51\/100 tox|[from] drain|[of] p2b: Hullbreaker\n|\n|-heal|p1a: Cradily|57\/100 tox|[from] item: Leftovers\n|-damage|p2b: Hullbreaker|64\/100 tox|[from] psn\n|-damage|p1a: Cradily|27\/100 tox|[from] psn\n|upkeep\n|turn|25\n|c|\u2606Krishy2007|ggs\n|c|\u2606Beast of Moonlight|ggs\n|inactive|Beast of Moonlight has 270 seconds left.\n|\n|t:|1698629130\n|move|p2b: Hullbreaker|Strength Sap|p1a: Cradily\n|-unboost|p1a: Cradily|atk|1\n|-heal|p2b: Hullbreaker|93\/100 tox\n|move|p1a: Cradily|Giga Drain|p2b: Hullbreaker\n|-resisted|p2b: Hullbreaker\n|-damage|p2b: Hullbreaker|88\/100 tox\n|-heal|p1a: Cradily|29\/100 tox|[from] drain|[of] p2b: Hullbreaker\n|\n|-heal|p1a: Cradily|35\/100 tox|[from] item: Leftovers\n|-damage|p2b: Hullbreaker|50\/100 tox|[from] psn\n|-damage|p1a: Cradily|0 fnt|[from] psn\n|faint|p1a: Cradily\n|\n|win|Beast of Moonlight\n|upkeep\n|l|\u2606Krishy2007\n|l|\u2606Beast of Moonlight\n|j|\u2606Krishy2007\n|player|p1|Krishy2007|265\n","uploadtime":1698629147,"views":60,"p1id":"krishy2007","p2id":"beastofmoonlight","formatid":"gen9nationaldexdoubles","rating":0,"private":0,"password":""}