{"id":"gen9nationaldexdoubles-1997108948","p1":"AIRedzone","p2":"astro nation shoe","format":"[Gen 9] National Dex Doubles","log":"|j|\u2606AIRedzone\n|j|\u2606astro nation shoe\n|t:|1700765394\n|gametype|doubles\n|player|p1|AIRedzone|#dwcopiii|\n|player|p2|astro nation shoe|allister|\n|teamsize|p1|6\n|teamsize|p2|6\n|gen|9\n|tier|[Gen 9] National Dex Doubles\n|rule|HP Percentage Mod: HP is shown in percentages\n|rule|Endless Battle Clause: Forcing endless battles is banned\n|rule|OHKO Clause: OHKO moves are banned\n|rule|Evasion Moves Clause: Evasion moves are banned\n|rule|Evasion Abilities Clause: Evasion abilities are banned\n|rule|Species Clause: Limit one of each Pok\u00e9mon\n|rule|Gravity Sleep Clause: The combination of sleep-inducing moves with imperfect accuracy and Gravity or Gigantamax Orbeetle are banned\n|clearpoke\n|poke|p1|Diancie|\n|poke|p1|Volcanion|\n|poke|p1|Rillaboom, F|\n|poke|p1|Salamence, F|\n|poke|p1|Zamazenta-*|\n|poke|p1|Celesteela|\n|poke|p2|Rillaboom, F|\n|poke|p2|Marshadow|\n|poke|p2|Glimmora, F|\n|poke|p2|Chien-Pao|\n|poke|p2|Salamence, M|\n|poke|p2|Volcanion|\n|teampreview\n|c|\u2606AIRedzone|glhf\n|j| Iceberg77\n|j| bruised thighs\n|j| FrostPixel\n|c| FrostPixel|RED IS SO GOOD\n|j| HighLordGrim\n|j| tempo di anguria\n|j| Jello1231\n|\n|t:|1700765478\n|start\n|switch|p1a: Lounge Fly|Salamence, F|100\/100\n|switch|p1b: Vasoline|Volcanion|100\/100\n|switch|p2a: Salamence|Salamence, M|100\/100\n|switch|p2b: Glimmora|Glimmora, F|100\/100\n|-ability|p1a: Lounge Fly|Intimidate|boost\n|-unboost|p2a: Salamence|atk|1\n|-unboost|p2b: Glimmora|atk|1\n|-ability|p2a: Salamence|Intimidate|boost\n|-unboost|p1a: Lounge Fly|atk|1\n|-unboost|p1b: Vasoline|atk|1\n|turn|1\n|j| guapenheimer\n|j| Daepiquejt\n|c|\u2606AIRedzone|im so not\n|j| offthemagnedome\n|l| HighLordGrim\n|l| guapenheimer\n|j| sealoo\n|l| sealoo\n|\n|t:|1700765533\n|switch|p1a: Silvergun Superman|Celesteela|100\/100\n|detailschange|p2a: Salamence|Salamence-Mega, M\n|-mega|p2a: Salamence|Salamence|Salamencite\n|move|p2a: Salamence|Draco Meteor|p1a: Silvergun Superman\n|-resisted|p1a: Silvergun Superman\n|-damage|p1a: Silvergun Superman|71\/100\n|-unboost|p2a: Salamence|spa|2\n|move|p2b: Glimmora|Stealth Rock|p1a: Silvergun Superman\n|-sidestart|p1: AIRedzone|move: Stealth Rock\n|move|p1b: Vasoline|Steam Eruption|p2b: Glimmora\n|-supereffective|p2b: Glimmora\n|-enditem|p2b: Glimmora|Focus Sash\n|-damage|p2b: Glimmora|1\/100\n|\n|upkeep\n|turn|2\n|j| sealoo\n|l| sealoo\n|j| guapenheimer\n|j| Pannusskilliussue\n|j| SEROO\n|l| Iceberg77\n|j| Iceberg77\n|j| sealoo\n|\n|t:|1700765616\n|move|p2a: Salamence|Tailwind|p2a: Salamence\n|-sidestart|p2: astro nation shoe|move: Tailwind\n|move|p2b: Glimmora|Earth Power|p1b: Vasoline\n|-supereffective|p1b: Vasoline\n|-damage|p1b: Vasoline|32\/100\n|move|p1a: Silvergun Superman|Meteor Beam||[still]\n|-prepare|p1a: Silvergun Superman|Meteor Beam\n|-boost|p1a: Silvergun Superman|spa|1\n|-enditem|p1a: Silvergun Superman|Power Herb\n|-anim|p1a: Silvergun Superman|Meteor Beam|p2a: Salamence\n|-supereffective|p2a: Salamence\n|-damage|p2a: Salamence|0 fnt\n|faint|p2a: Salamence\n|-ability|p1a: Silvergun Superman|Beast Boost|boost\n|-boost|p1a: Silvergun Superman|spa|1\n|move|p1b: Vasoline|Heat Wave|p2b: Glimmora\n|-resisted|p2b: Glimmora\n|-damage|p2b: Glimmora|0 fnt\n|faint|p2b: Glimmora\n|\n|-heal|p1b: Vasoline|38\/100|[from] item: Leftovers\n|upkeep\n|l| sealoo\n|\n|t:|1700765642\n|switch|p2a: Volcanion|Volcanion|100\/100\n|switch|p2b: Chien-Pao|Chien-Pao|100\/100\n|-ability|p2b: Chien-Pao|Sword of Ruin\n|turn|3\n|l| guapenheimer\n|j| guapenheimer\n|l| guapenheimer\n|j| guapenheimer\n|\n|t:|1700765748\n|switch|p1b: Unglued|Zamazenta|100\/100\n|-damage|p1b: Unglued|94\/100|[from] Stealth Rock\n|-ability|p1b: Unglued|Dauntless Shield|boost\n|-boost|p1b: Unglued|def|1\n|move|p1a: Silvergun Superman|Protect|p1a: Silvergun Superman\n|-singleturn|p1a: Silvergun Superman|Protect\n|move|p2b: Chien-Pao|Sacred Sword|p1b: Unglued\n|-damage|p1b: Unglued|64\/100\n|move|p2a: Volcanion|Heat Wave|p1a: Silvergun Superman|[spread] p1b\n|-activate|p1a: Silvergun Superman|move: Protect\n|-damage|p1b: Unglued|32\/100\n|-enditem|p1b: Unglued|Sitrus Berry|[eat]\n|-heal|p1b: Unglued|57\/100|[from] item: Sitrus Berry\n|\n|upkeep\n|turn|4\n|c| guapenheimer|Aired Zone\n|l| guapenheimer\n|j| guapenheimer\n|\n|t:|1700765810\n|switch|p1a: Vasoline|Volcanion|38\/100\n|-damage|p1a: Vasoline|13\/100|[from] Stealth Rock\n|move|p2b: Chien-Pao|Sacred Sword|p1b: Unglued\n|-damage|p1b: Unglued|27\/100\n|move|p1b: Unglued|Body Press|p2b: Chien-Pao\n|-supereffective|p2b: Chien-Pao\n|-enditem|p2b: Chien-Pao|Focus Sash\n|-damage|p2b: Chien-Pao|1\/100\n|move|p2a: Volcanion|Steam Eruption|p1a: Vasoline\n|-heal|p1a: Vasoline|38\/100|[from] ability: Water Absorb|[of] p2a: Volcanion\n|\n|-heal|p1a: Vasoline|44\/100|[from] item: Leftovers\n|upkeep\n|turn|5\n|j| WillroBalance\n|l| WillroBalance\n|\n|t:|1700765841\n|switch|p1b: Army Ants|Rillaboom, F|100\/100\n|-damage|p1b: Army Ants|88\/100|[from] Stealth Rock\n|-fieldstart|move: Grassy Terrain|[from] ability: Grassy Surge|[of] p1b: Army Ants\n|move|p1a: Vasoline|Protect|p1a: Vasoline\n|-singleturn|p1a: Vasoline|Protect\n|move|p2b: Chien-Pao|Ice Spinner|p1b: Army Ants\n|-supereffective|p1b: Army Ants\n|-damage|p1b: Army Ants|0 fnt\n|-fieldend|move: Grassy Terrain\n|faint|p1b: Army Ants\n|move|p2a: Volcanion|Earth Power|p1a: Vasoline\n|-activate|p1a: Vasoline|move: Protect\n|\n|-heal|p1a: Vasoline|50\/100|[from] item: Leftovers\n|-sideend|p2: astro nation shoe|move: Tailwind\n|upkeep\n|j| WillroBalance\n|l| guapenheimer\n|j| guapenheimer\n|l| tempo di anguria\n|\n|t:|1700765884\n|switch|p1b: InterstateLoveSong|Diancie|100\/100\n|-damage|p1b: InterstateLoveSong|88\/100|[from] Stealth Rock\n|turn|6\n|\n|t:|1700765906\n|move|p1b: InterstateLoveSong|Protect|p1b: InterstateLoveSong\n|-singleturn|p1b: InterstateLoveSong|Protect\n|move|p2b: Chien-Pao|Sacred Sword|p1a: Vasoline\n|-damage|p1a: Vasoline|19\/100\n|move|p2a: Volcanion|Steam Eruption|p1b: InterstateLoveSong\n|-activate|p1b: InterstateLoveSong|move: Protect\n|move|p1a: Vasoline|Heat Wave|p2a: Volcanion|[spread] p2a,p2b\n|-resisted|p2a: Volcanion\n|-supereffective|p2b: Chien-Pao\n|-damage|p2a: Volcanion|94\/100\n|-damage|p2b: Chien-Pao|0 fnt\n|faint|p2b: Chien-Pao\n|\n|-heal|p1a: Vasoline|25\/100|[from] item: Leftovers\n|upkeep\n|j| Evilo43\n|\n|t:|1700765918\n|switch|p2b: Rillaboom|Rillaboom, F|100\/100\n|-fieldstart|move: Grassy Terrain|[from] ability: Grassy Surge|[of] p2b: Rillaboom\n|turn|7\n|j| Concept Everything\n|j| LovesGonnaGetYou\n|c| Concept Everything|Non weekend gaming pog\n|l| guapenheimer\n|l| LovesGonnaGetYou\n|l| WillroBalance\n|j| WillroBalance\n|\n|t:|1700765988\n|switch|p1b: Unglued|Zamazenta|27\/100\n|-damage|p1b: Unglued|21\/100|[from] Stealth Rock\n|move|p2b: Rillaboom|Wood Hammer|p1a: Vasoline\n|-damage|p1a: Vasoline|0 fnt\n|faint|p1a: Vasoline\n|-damage|p2b: Rillaboom|93\/100|[from] Recoil\n|move|p2a: Volcanion|Hidden Power|p1b: Unglued\n|-damage|p1b: Unglued|5\/100\n|\n|-heal|p1b: Unglued|11\/100|[from] Grassy Terrain\n|-heal|p2b: Rillaboom|99\/100|[from] Grassy Terrain\n|-heal|p2a: Volcanion|99\/100|[from] Grassy Terrain\n|upkeep\n|j| guapenheimer\n|j| Smudge\n|j| sealoo\n|l| sealoo\n|l| bruised thighs\n|l| guapenheimer\n|\n|t:|1700766053\n|switch|p1a: Lounge Fly|Salamence, F|100\/100\n|-damage|p1a: Lounge Fly|76\/100|[from] Stealth Rock\n|-ability|p1a: Lounge Fly|Intimidate|boost\n|-unboost|p2a: Volcanion|atk|1\n|-unboost|p2b: Rillaboom|atk|1\n|turn|8\n|j| guapenheimer\n|\n|t:|1700766113\n|detailschange|p1a: Lounge Fly|Salamence-Mega, F\n|-mega|p1a: Lounge Fly|Salamence|Salamencite\n|move|p2b: Rillaboom|Grassy Glide|p1b: Unglued\n|-damage|p1b: Unglued|0 fnt\n|faint|p1b: Unglued\n|move|p1a: Lounge Fly|Double-Edge|p2b: Rillaboom\n|-supereffective|p2b: Rillaboom\n|-damage|p2b: Rillaboom|0 fnt\n|faint|p2b: Rillaboom\n|-damage|p1a: Lounge Fly|37\/100|[from] Recoil\n|move|p2a: Volcanion|Hidden Power|p1a: Lounge Fly\n|-supereffective|p1a: Lounge Fly\n|-damage|p1a: Lounge Fly|0 fnt\n|faint|p1a: Lounge Fly\n|\n|-heal|p2a: Volcanion|100\/100|[from] Grassy Terrain\n|upkeep\n|\n|t:|1700766124\n|switch|p1b: Silvergun Superman|Celesteela|71\/100\n|switch|p1a: InterstateLoveSong|Diancie|88\/100\n|switch|p2b: Marshadow|Marshadow|100\/100\n|-damage|p1b: Silvergun Superman|59\/100|[from] Stealth Rock\n|-damage|p1a: InterstateLoveSong|75\/100|[from] Stealth Rock\n|turn|9\n|c|\u2606astro nation shoe|i love the names\n|c|\u2606astro nation shoe|very creative\n|\n|t:|1700766164\n|-terastallize|p1b: Silvergun Superman|Dragon\n|move|p1a: InterstateLoveSong|Protect|p1a: InterstateLoveSong\n|-singleturn|p1a: InterstateLoveSong|Protect\n|-zpower|p2b: Marshadow\n|move|p2b: Marshadow|Soul-Stealing 7-Star Strike|p1b: Silvergun Superman|[zeffect]\n|-damage|p1b: Silvergun Superman|0 fnt\n|faint|p1b: Silvergun Superman\n|move|p2a: Volcanion|Steam Eruption|p1a: InterstateLoveSong\n|-activate|p1a: InterstateLoveSong|move: Protect\n|\n|-heal|p1a: InterstateLoveSong|82\/100|[from] Grassy Terrain\n|upkeep\n|turn|10\n|l| Smudge\n|c|\u2606astro nation shoe|ggswp\n|\n|t:|1700766175\n|move|p2b: Marshadow|Close Combat|p1a: InterstateLoveSong\n|-damage|p1a: InterstateLoveSong|36\/100\n|-unboost|p2b: Marshadow|def|1\n|-unboost|p2b: Marshadow|spd|1\n|-enditem|p1a: InterstateLoveSong|Sitrus Berry|[eat]\n|-heal|p1a: InterstateLoveSong|61\/100|[from] item: Sitrus Berry\n|move|p2a: Volcanion|Steam Eruption|p1a: InterstateLoveSong\n|-supereffective|p1a: InterstateLoveSong\n|-damage|p1a: InterstateLoveSong|0 fnt\n|faint|p1a: InterstateLoveSong\n|\n|win|astro nation shoe\n|c|\u2606AIRedzone|gg\n|l|\u2606AIRedzone\n|l| Evilo43\n|l| guapenheimer\n|l| WillroBalance\n","uploadtime":1700766192,"views":64,"p1id":"airedzone","p2id":"astronationshoe","formatid":"gen9nationaldexdoubles","rating":0,"private":0,"password":""}