{"id":"gen9nationaldexdoubles-1958329001","p1":"impastabot4000","p2":"NixonGaming37","format":"[Gen 9] National Dex Doubles","log":"|j|\u2606impastabot4000\n|j|\u2606NixonGaming37\n|t:|1696313050\n|gametype|doubles\n|player|p1|impastabot4000|nate|1178\n|player|p2|NixonGaming37|roughneck-gen4|1120\n|teamsize|p1|6\n|teamsize|p2|6\n|gen|9\n|tier|[Gen 9] National Dex Doubles\n|rated|\n|rule|HP Percentage Mod: HP is shown in percentages\n|rule|Endless Battle Clause: Forcing endless battles is banned\n|rule|OHKO Clause: OHKO moves are banned\n|rule|Evasion Moves Clause: Evasion moves are banned\n|rule|Evasion Abilities Clause: Evasion abilities are banned\n|rule|Species Clause: Limit one of each Pok\u00e9mon\n|rule|Gravity Sleep Clause: The combination of sleep-inducing moves with imperfect accuracy and Gravity or Gigantamax Orbeetle are banned\n|clearpoke\n|poke|p1|Kommo-o, M|\n|poke|p1|Ninetales-Alola, F|\n|poke|p1|Wo-Chien|\n|poke|p1|Sinistcha-Masterpiece|\n|poke|p1|Incineroar, M|\n|poke|p1|Landorus, M|\n|poke|p2|Virizion|\n|poke|p2|Mantine, F|\n|poke|p2|Uxie|\n|poke|p2|Heliolisk, F|\n|poke|p2|Klefki, M|\n|poke|p2|Volbeat, M|\n|teampreview\n|inactive|Battle timer is ON: inactive players will automatically lose when time's up. (requested by impastabot4000)\n|inactive|NixonGaming37 has 120 seconds left.\n|\n|t:|1696313084\n|start\n|switch|p1a: Incineroar|Incineroar, M|100\/100\n|switch|p1b: Ninetales|Ninetales-Alola, F|100\/100\n|switch|p2a: Heliolisk|Heliolisk, F|100\/100\n|switch|p2b: Virizion|Virizion|100\/100\n|-weather|Snow|[from] ability: Snow Warning|[of] p1b: Ninetales\n|-ability|p1a: Incineroar|Intimidate|boost\n|-unboost|p2a: Heliolisk|atk|1\n|-unboost|p2b: Virizion|atk|1\n|turn|1\n|\n|t:|1696313105\n|-terastallize|p2a: Heliolisk|Electric\n|move|p1a: Incineroar|Fake Out|p2a: Heliolisk\n|-damage|p2a: Heliolisk|81\/100\n|cant|p2a: Heliolisk|flinch\n|move|p1b: Ninetales|Aurora Veil|p1b: Ninetales\n|-sidestart|p1: impastabot4000|move: Aurora Veil\n|move|p2b: Virizion|Stone Edge|p1b: Ninetales\n|-supereffective|p1b: Ninetales\n|-damage|p1b: Ninetales|61\/100\n|\n|-weather|Snow|[upkeep]\n|upkeep\n|turn|2\n|\n|t:|1696313121\n|switch|p1b: Wo-Chien|Wo-Chien|100\/100\n|-ability|p1b: Wo-Chien|Tablets of Ruin\n|move|p2a: Heliolisk|Volt Switch|p1b: Wo-Chien\n|-resisted|p1b: Wo-Chien\n|-damage|p1b: Wo-Chien|91\/100\n|\n|t:|1696313132\n|switch|p2a: Volbeat|Volbeat, M|100\/100|[from] Volt Switch\n|move|p2b: Virizion|Stone Edge|p1b: Wo-Chien\n|-damage|p1b: Wo-Chien|80\/100\n|move|p1a: Incineroar|Parting Shot|p2a: Volbeat\n|-unboost|p2a: Volbeat|atk|1\n|-unboost|p2a: Volbeat|spa|1\n|\n|t:|1696313143\n|switch|p1a: Landorus|Landorus, M|100\/100|[from] Parting Shot\n|\n|-weather|Snow|[upkeep]\n|-heal|p1b: Wo-Chien|87\/100|[from] item: Leftovers\n|upkeep\n|turn|3\n|inactive|NixonGaming37 has 120 seconds left.\n|\n|t:|1696313195\n|switch|p2b: Uxie|Uxie|100\/100\n|move|p2a: Volbeat|Sunny Day|p2a: Volbeat\n|-weather|SunnyDay\n|move|p1a: Landorus|Taunt|p2a: Volbeat\n|-start|p2a: Volbeat|move: Taunt\n|move|p1b: Wo-Chien|Leech Seed|p2a: Volbeat\n|-start|p2a: Volbeat|move: Leech Seed\n|\n|-weather|SunnyDay|[upkeep]\n|-heal|p1b: Wo-Chien|93\/100|[from] item: Leftovers\n|-damage|p2a: Volbeat|88\/100|[from] Leech Seed|[of] p1b: Wo-Chien\n|-heal|p1b: Wo-Chien|100\/100|[silent]\n|upkeep\n|turn|4\n|inactive|NixonGaming37 has 120 seconds left.\n|j| Nyx_The_Minx\n|\n|t:|1696313210\n|move|p1a: Landorus|Taunt|p2b: Uxie\n|-start|p2b: Uxie|move: Taunt\n|cant|p2b: Uxie|move: Taunt|Toxic\n|move|p2a: Volbeat|U-turn|p1b: Wo-Chien\n|-supereffective|p1b: Wo-Chien\n|-damage|p1b: Wo-Chien|80\/100\n|l| Nyx_The_Minx\n|inactive|NixonGaming37 has 90 seconds left.\n|\n|t:|1696313249\n|switch|p2a: Mantine|Mantine, F|100\/100|[from] U-turn\n|move|p1b: Wo-Chien|Leech Seed|p2b: Uxie\n|-start|p2b: Uxie|move: Leech Seed\n|\n|-weather|SunnyDay|[upkeep]\n|-heal|p1b: Wo-Chien|87\/100|[from] item: Leftovers\n|-damage|p2b: Uxie|88\/100|[from] Leech Seed|[of] p1b: Wo-Chien\n|-heal|p1b: Wo-Chien|98\/100|[silent]\n|upkeep\n|turn|5\n|inactive|NixonGaming37 has 90 seconds left.\n|\n|t:|1696313283\n|switch|p2b: Virizion|Virizion|100\/100\n|move|p1a: Landorus|Stealth Rock|p2a: Mantine\n|-sidestart|p2: NixonGaming37|move: Stealth Rock\n|move|p2a: Mantine|Ice Beam|p1a: Landorus\n|-supereffective|p1a: Landorus\n|-damage|p1a: Landorus|43\/100\n|move|p1b: Wo-Chien|Leech Seed|p2a: Mantine\n|-start|p2a: Mantine|move: Leech Seed\n|\n|-weather|SunnyDay|[upkeep]\n|-heal|p1b: Wo-Chien|100\/100|[from] item: Leftovers\n|-damage|p2a: Mantine|88\/100|[from] Leech Seed|[of] p1b: Wo-Chien\n|upkeep\n|turn|6\n|\n|t:|1696313305\n|switch|p1a: Incineroar|Incineroar, M|100\/100\n|-ability|p1a: Incineroar|Intimidate|boost\n|-unboost|p2a: Mantine|atk|1\n|-unboost|p2b: Virizion|atk|1\n|move|p2b: Virizion|Sacred Sword|p1b: Wo-Chien\n|-supereffective|p1b: Wo-Chien\n|-damage|p1b: Wo-Chien|69\/100\n|move|p1b: Wo-Chien|Leech Seed||[still]\n|-fail|p1b: Wo-Chien\n|move|p2a: Mantine|Ice Beam|p1a: Incineroar\n|-resisted|p1a: Incineroar\n|-damage|p1a: Incineroar|96\/100\n|\n|-weather|SunnyDay|[upkeep]\n|-heal|p1b: Wo-Chien|76\/100|[from] item: Leftovers\n|-damage|p2a: Mantine|76\/100|[from] Leech Seed|[of] p1b: Wo-Chien\n|-heal|p1b: Wo-Chien|88\/100|[silent]\n|upkeep\n|turn|7\n|-message|NixonGaming37 forfeited.\n|\n|win|impastabot4000\n|raw|impastabot4000's rating: 1178 &rarr; <strong>1199<\/strong><br \/>(+21 for winning)\n|raw|NixonGaming37's rating: 1120 &rarr; <strong>1099<\/strong><br \/>(-21 for losing)\n|l|\u2606NixonGaming37\n","uploadtime":1696313334,"views":9,"p1id":"impastabot4000","p2id":"nixongaming37","formatid":"gen9nationaldexdoubles","rating":1099,"private":0,"password":""}