{"id":"gen9nationaldexdoubles-1963550697","p1":"kpoc12","p2":"AutumnCookie","format":"[Gen 9] National Dex Doubles","log":"|j|\u2606kpoc12\n|j|\u2606AutumnCookie\n|t:|1696877037\n|gametype|doubles\n|player|p1|kpoc12|giovanni-masters|\n|player|p2|AutumnCookie|raihan|\n|teamsize|p1|6\n|teamsize|p2|6\n|gen|9\n|tier|[Gen 9] National Dex Doubles\n|rule|HP Percentage Mod: HP is shown in percentages\n|rule|Endless Battle Clause: Forcing endless battles is banned\n|rule|OHKO Clause: OHKO moves are banned\n|rule|Evasion Moves Clause: Evasion moves are banned\n|rule|Evasion Abilities Clause: Evasion abilities are banned\n|rule|Species Clause: Limit one of each Pok\u00e9mon\n|rule|Gravity Sleep Clause: The combination of sleep-inducing moves with imperfect accuracy and Gravity or Gigantamax Orbeetle are banned\n|clearpoke\n|poke|p1|Rhyperior, M|\n|poke|p1|Garchomp, M|\n|poke|p1|Gliscor, F|\n|poke|p1|Salamence, M|\n|poke|p1|Arcanine, F|\n|poke|p1|Torterra, M|\n|poke|p2|Torkoal, F|\n|poke|p2|Goodra, F|\n|poke|p2|Turtonator, F|\n|poke|p2|Flygon, F|\n|poke|p2|Duraludon, F|\n|poke|p2|Gigalith, M|\n|teampreview\n|j| cassinidivision\n|c| cassinidivision|:teehee:\n|c| cassinidivision|just realized raihans team is girl power?\n|c| cassinidivision|yaaaas king\n|\n|t:|1696877098\n|start\n|switch|p1a: Torterra|Torterra, M|100\/100\n|switch|p1b: Gliscor|Gliscor, F|100\/100\n|switch|p2a: Gigalith|Gigalith, M|100\/100\n|switch|p2b: Flygon|Flygon, F|100\/100\n|-weather|Sandstorm|[from] ability: Sand Stream|[of] p2a: Gigalith\n|turn|1\n|c|\u2606AutumnCookie|Earthquake on Flygon upsets me so much. All of these bitches are weak to ground. Why.\n|\n|t:|1696877123\n|move|p2b: Flygon|First Impression|p1a: Torterra\n|-supereffective|p1a: Torterra\n|-damage|p1a: Torterra|50\/100\n|move|p1b: Gliscor|Tailwind|p1b: Gliscor\n|-sidestart|p1: kpoc12|move: Tailwind\n|move|p1a: Torterra|Shell Smash|p1a: Torterra\n|-unboost|p1a: Torterra|def|1\n|-unboost|p1a: Torterra|spd|1\n|-boost|p1a: Torterra|atk|2\n|-boost|p1a: Torterra|spa|2\n|-boost|p1a: Torterra|spe|2\n|move|p2a: Gigalith|Stealth Rock|p1b: Gliscor\n|-sidestart|p1: kpoc12|move: Stealth Rock\n|\n|-weather|Sandstorm|[upkeep]\n|-heal|p1a: Torterra|56\/100|[from] item: Leftovers\n|upkeep\n|turn|2\n|c| cassinidivision|6 turtonator\n|c|\u2606kpoc12|SPEAK TO ME WHEN I CARE!\n|\n|t:|1696877144\n|move|p1a: Torterra|Earthquake|p2b: Flygon|[spread] p2a\n|-immune|p1b: Gliscor\n|-immune|p2b: Flygon|[from] ability: Levitate\n|-supereffective|p2a: Gigalith\n|-damage|p2a: Gigalith|0 fnt\n|faint|p2a: Gigalith\n|move|p1b: Gliscor|Acrobatics|p2b: Flygon\n|-crit|p2b: Flygon\n|-damage|p2b: Flygon|29\/100\n|move|p2b: Flygon|Breaking Swipe|p1b: Gliscor|[spread] p1a,p1b\n|-damage|p1a: Torterra|26\/100\n|-damage|p1b: Gliscor|85\/100\n|-unboost|p1a: Torterra|atk|1\n|\n|-weather|Sandstorm|[upkeep]\n|-heal|p1a: Torterra|32\/100|[from] item: Leftovers\n|upkeep\n|\n|t:|1696877175\n|switch|p2a: Goodra|Goodra, F|100\/100\n|turn|3\n|\n|t:|1696877182\n|move|p1a: Torterra|Earthquake|p2a: Goodra|[spread] p2a\n|-immune|p1b: Gliscor\n|-immune|p2b: Flygon|[from] ability: Levitate\n|-damage|p2a: Goodra|38\/100\n|-enditem|p2a: Goodra|Sitrus Berry|[eat]\n|-heal|p2a: Goodra|62\/100|[from] item: Sitrus Berry\n|move|p1b: Gliscor|Acrobatics|p2b: Flygon\n|-damage|p2b: Flygon|0 fnt\n|faint|p2b: Flygon\n|move|p2a: Goodra|Life Dew|p2a: Goodra\n|-heal|p2a: Goodra|87\/100\n|\n|-weather|Sandstorm|[upkeep]\n|-damage|p2a: Goodra|81\/100|[from] Sandstorm\n|-heal|p1a: Torterra|38\/100|[from] item: Leftovers\n|upkeep\n|c|\u2606AutumnCookie|THE FUCKIN CRIT ON ACROBATICS I'M FOAMING I'M SO MAR\n|c|\u2606kpoc12|LMFAOOO\n|c|\u2606AutumnCookie|In character actually.\n|c|\u2606kpoc12|yeah i was gonna say\n|c|\u2606kpoc12|how do you think raiahn feels\n|\n|t:|1696877234\n|switch|p2b: Torkoal|Torkoal, F|100\/100\n|-weather|SunnyDay|[from] ability: Drought|[of] p2b: Torkoal\n|turn|4\n|c| cassinidivision|bros gonna hurl after this\n|\n|t:|1696877253\n|move|p1a: Torterra|Earthquake|p2a: Goodra|[spread] p2a,p2b\n|-immune|p1b: Gliscor\n|-supereffective|p2b: Torkoal\n|-damage|p2a: Goodra|15\/100\n|-damage|p2b: Torkoal|9\/100\n|move|p1b: Gliscor|Acrobatics|p2a: Goodra\n|-damage|p2a: Goodra|0 fnt\n|faint|p2a: Goodra\n|move|p2b: Torkoal|Solar Beam||[still]\n|-prepare|p2b: Torkoal|Solar Beam\n|-anim|p2b: Torkoal|Solar Beam|p1b: Gliscor\n|-damage|p1b: Gliscor|33\/100\n|\n|-weather|SunnyDay|[upkeep]\n|-heal|p1a: Torterra|44\/100|[from] item: Leftovers\n|-sideend|p1: kpoc12|move: Tailwind\n|upkeep\n|c| cassinidivision|im so scared bc i dont think giacomo CAN beat giovanni\n|\n|t:|1696877279\n|switch|p2a: Turtonator|Turtonator, F|100\/100\n|turn|5\n|c| cassinidivision|i need leaf to battle him first so i can get a feel for his tea m\n|\n|t:|1696877310\n|-singleturn|p2a: Turtonator|move: Shell Trap\n|move|p1a: Torterra|Earthquake|p2a: Turtonator|[spread] p2a,p2b\n|-immune|p1b: Gliscor\n|-supereffective|p2a: Turtonator\n|-supereffective|p2b: Torkoal\n|-damage|p2a: Turtonator|6\/100\n|-damage|p2b: Torkoal|0 fnt\n|faint|p2b: Torkoal\n|move|p2a: Turtonator|Shell Trap|p1a: Torterra|[spread] p1a,p1b\n|-supereffective|p1a: Torterra\n|-damage|p1a: Torterra|0 fnt\n|-damage|p1b: Gliscor|0 fnt\n|faint|p1a: Torterra\n|faint|p1b: Gliscor\n|\n|-weather|SunnyDay|[upkeep]\n|upkeep\n|c|\u2606AutumnCookie|Okay it was because it OHKOed\n|c|\u2606kpoc12|YEAH MUST BE\n|\n|t:|1696877341\n|switch|p1b: Garchomp|Garchomp, M|100\/100\n|switch|p1a: Arcanine|Arcanine, F|100\/100\n|switch|p2b: Duraludon|Duraludon, F|100\/100\n|-damage|p1a: Arcanine|76\/100|[from] Stealth Rock\n|-ability|p1a: Arcanine|Intimidate|boost\n|-unboost|p2a: Turtonator|atk|1\n|-unboost|p2b: Duraludon|atk|1\n|-damage|p1b: Garchomp|94\/100|[from] Stealth Rock\n|turn|6\n|\n|t:|1696877367\n|move|p1a: Arcanine|Flare Blitz|p2b: Duraludon\n|-damage|p2b: Duraludon|5\/100\n|-status|p2b: Duraludon|brn\n|-damage|p1a: Arcanine|48\/100|[from] Recoil\n|move|p2b: Duraludon|Dragon Claw|p1b: Garchomp\n|-supereffective|p1b: Garchomp\n|-damage|p1b: Garchomp|76\/100\n|-damage|p2b: Duraludon|0 fnt|[from] ability: Rough Skin|[of] p1b: Garchomp\n|faint|p2b: Duraludon\n|move|p1b: Garchomp|Outrage|p2a: Turtonator\n|-supereffective|p2a: Turtonator\n|-damage|p2a: Turtonator|0 fnt\n|faint|p2a: Turtonator\n|\n|win|kpoc12\n|c|\u2606kpoc12|fuck me garchomp is a tank\n|c|\u2606kpoc12|ggs\n|c| cassinidivision|fear\n|c|\u2606AutumnCookie|Gonna go slam my head against a wall now.\n|c| cassinidivision|BUT NOW U GET TO TWIDDLE\n|c|\u2606kpoc12|listen man\n|c|\u2606kpoc12|i just took his movesets and tweaked them occasionally\n|c| cassinidivision|k a t e  d o n t  c a r e\n|c|\u2606kpoc12|in the game this mf has earthquake !!!\n|c|\u2606AutumnCookie|SEE WITH SOME CHARACTERS YOU CAN GET AWAY WITH THAT. BUT NOT RAIHAN .\n|c|\u2606kpoc12|RAIHAN HIMSELF HAS THAT\n","uploadtime":1696877503,"views":11,"p1id":"kpoc12","p2id":"autumncookie","formatid":"gen9nationaldexdoubles","rating":0,"private":0,"password":""}