{"id":"gen9nationaldexdoubles-1972240680","p1":"robloxian5gl","p2":"Chiropt","format":"[Gen 9] National Dex Doubles","log":"|j|\u2606robloxian5gl\n|j|\u2606Chiropt\n|t:|1697824256\n|gametype|doubles\n|player|p1|robloxian5gl|geeta|1174\n|player|p2|Chiropt|norman|1203\n|teamsize|p1|6\n|teamsize|p2|6\n|gen|9\n|tier|[Gen 9] National Dex Doubles\n|rated|\n|rule|HP Percentage Mod: HP is shown in percentages\n|rule|Endless Battle Clause: Forcing endless battles is banned\n|rule|OHKO Clause: OHKO moves are banned\n|rule|Evasion Moves Clause: Evasion moves are banned\n|rule|Evasion Abilities Clause: Evasion abilities are banned\n|rule|Species Clause: Limit one of each Pok\u00e9mon\n|rule|Gravity Sleep Clause: The combination of sleep-inducing moves with imperfect accuracy and Gravity or Gigantamax Orbeetle are banned\n|clearpoke\n|poke|p1|Glimmora, M|\n|poke|p1|Espathra, F|\n|poke|p1|Gogoat, M|\n|poke|p1|Avalugg, F|\n|poke|p1|Veluza, F|\n|poke|p1|Kingambit, M|\n|poke|p2|Gliscor, M|\n|poke|p2|Glimmora, F|\n|poke|p2|Orthworm, M|\n|poke|p2|Politoed, F|\n|poke|p2|Garganacl, M|\n|poke|p2|Altaria, F|\n|teampreview\n|inactive|Battle timer is ON: inactive players will automatically lose when time's up. (requested by robloxian5gl)\n|\n|t:|1697824277\n|start\n|switch|p1a: Glimmora|Glimmora, M|100\/100\n|switch|p1b: Espathra|Espathra, F|100\/100\n|switch|p2a: Siren|Politoed, F|100\/100\n|switch|p2b: Beetlejuice|Orthworm, M|100\/100\n|-weather|RainDance|[from] ability: Drizzle|[of] p2a: Siren\n|turn|1\n|inactive|Chiropt has 120 seconds left.\n|\n|t:|1697824319\n|move|p1b: Espathra|Reflect|p1b: Espathra\n|-sidestart|p1: robloxian5gl|Reflect\n|move|p1a: Glimmora|Energy Ball|p2a: Siren\n|-supereffective|p2a: Siren\n|-crit|p2a: Siren\n|-damage|p2a: Siren|40\/100\n|move|p2a: Siren|Perish Song|p2a: Siren\n|-start|p1a: Glimmora|perish3|[silent]\n|-start|p1b: Espathra|perish3|[silent]\n|-start|p2a: Siren|perish3|[silent]\n|-start|p2b: Beetlejuice|perish3|[silent]\n|-fieldactivate|move: Perish Song\n|move|p2b: Beetlejuice|Shed Tail|p2b: Beetlejuice\n|-start|p2b: Beetlejuice|Substitute|[from] move: Shed Tail\n|-damage|p2b: Beetlejuice|50\/100\n|-enditem|p2b: Beetlejuice|Sitrus Berry|[eat]\n|-heal|p2b: Beetlejuice|75\/100|[from] item: Sitrus Berry\n|\n|t:|1697824334\n|switch|p2b: Lestat|Gliscor, M|100\/100|[from] Shed Tail\n|\n|-weather|RainDance|[upkeep]\n|-start|p1b: Espathra|perish3\n|-start|p1a: Glimmora|perish3\n|-start|p2a: Siren|perish3\n|-status|p2b: Lestat|tox|[from] item: Toxic Orb\n|upkeep\n|turn|2\n|inactive|Chiropt has 120 seconds left.\n|\n|t:|1697824356\n|switch|p2a: Beetlejuice|Orthworm, M|75\/100\n|move|p1b: Espathra|Lumina Crash|p2b: Lestat\n|-end|p2b: Lestat|Substitute\n|move|p1a: Glimmora|Energy Ball|p2a: Beetlejuice\n|-resisted|p2a: Beetlejuice\n|-damage|p2a: Beetlejuice|50\/100\n|move|p2b: Lestat|Earthquake|p1b: Espathra|[spread] p1a,p1b\n|-heal|p2a: Beetlejuice|75\/100|[from] ability: Earth Eater|[of] p2b: Lestat\n|-supereffective|p1a: Glimmora\n|-damage|p1a: Glimmora|19\/100\n|-damage|p1b: Espathra|72\/100\n|-activate|p1a: Glimmora|ability: Toxic Debris\n|-sidestart|p2: Chiropt|move: Toxic Spikes\n|\n|-weather|RainDance|[upkeep]\n|-start|p1b: Espathra|perish2\n|-start|p1a: Glimmora|perish2\n|upkeep\n|turn|3\n|inactive|Chiropt has 120 seconds left.\n|\n|t:|1697824380\n|move|p2a: Beetlejuice|Protect|p2a: Beetlejuice\n|-singleturn|p2a: Beetlejuice|Protect\n|move|p1b: Espathra|Lumina Crash|p2a: Beetlejuice\n|-activate|p2a: Beetlejuice|move: Protect\n|move|p1a: Glimmora|Power Gem|p2b: Lestat\n|-damage|p2b: Lestat|52\/100 tox\n|move|p2b: Lestat|Earthquake|p1b: Espathra|[spread] p1a,p1b\n|-activate|p2a: Beetlejuice|move: Protect\n|-supereffective|p1a: Glimmora\n|-damage|p1a: Glimmora|0 fnt\n|-damage|p1b: Espathra|43\/100\n|-activate|p1a: Glimmora|ability: Toxic Debris\n|-sidestart|p2: Chiropt|move: Toxic Spikes\n|faint|p1a: Glimmora\n|\n|-weather|RainDance|[upkeep]\n|-heal|p2b: Lestat|64\/100 tox|[from] ability: Poison Heal\n|-start|p1b: Espathra|perish1\n|upkeep\n|inactive|robloxian5gl has 120 seconds left.\n|\n|t:|1697824397\n|switch|p1a: Avalugg|Avalugg, F|100\/100\n|turn|4\n|\n|t:|1697824406\n|move|p1b: Espathra|Quick Attack|p2a: Beetlejuice\n|-resisted|p2a: Beetlejuice\n|-damage|p2a: Beetlejuice|73\/100\n|move|p2b: Lestat|Earthquake|p1b: Espathra|[spread] p1a,p1b\n|-heal|p2a: Beetlejuice|98\/100|[from] ability: Earth Eater|[of] p2b: Lestat\n|-damage|p1a: Avalugg|93\/100\n|-damage|p1b: Espathra|13\/100\n|move|p2a: Beetlejuice|Shed Tail|p2a: Beetlejuice\n|-start|p2a: Beetlejuice|Substitute|[from] move: Shed Tail\n|-damage|p2a: Beetlejuice|48\/100\n|\n|t:|1697824420\n|switch|p2a: Goliath|Garganacl, M|100\/100|[from] Shed Tail\n|move|p1a: Avalugg|Avalanche|p2b: Lestat\n|-supereffective|p2b: Lestat\n|-damage|p2b: Lestat|0 fnt\n|faint|p2b: Lestat\n|\n|-weather|RainDance|[upkeep]\n|-start|p1b: Espathra|perish0\n|faint|p1b: Espathra\n|upkeep\n|\n|t:|1697824431\n|switch|p1b: Veluza|Veluza, F|100\/100\n|switch|p2b: Belladonna|Glimmora, F|100\/100\n|-sideend|p2: Chiropt|move: Toxic Spikes|[of] p2b: Belladonna\n|turn|5\n|\n|t:|1697824451\n|move|p2b: Belladonna|Mortal Spin|p1b: Veluza|[spread] p1a,p1b\n|-damage|p1a: Avalugg|92\/100\n|-damage|p1b: Veluza|97\/100\n|-status|p1a: Avalugg|psn\n|-status|p1b: Veluza|psn\n|-damage|p2b: Belladonna|84\/100|[from] item: Rocky Helmet|[of] p1a: Avalugg\n|move|p1b: Veluza|Aqua Cutter|p2b: Belladonna\n|-supereffective|p2b: Belladonna\n|-damage|p2b: Belladonna|0 fnt\n|-activate|p2b: Belladonna|ability: Toxic Debris\n|-sidestart|p1: robloxian5gl|move: Toxic Spikes\n|faint|p2b: Belladonna\n|move|p2a: Goliath|Salt Cure|p1b: Veluza\n|-damage|p1b: Veluza|86\/100 psn\n|-start|p1b: Veluza|Salt Cure\n|move|p1a: Avalugg|Body Press|p2a: Goliath\n|-supereffective|p2a: Goliath\n|-end|p2a: Goliath|Substitute\n|\n|-weather|none\n|-damage|p1b: Veluza|74\/100 psn|[from] psn\n|-damage|p1a: Avalugg|79\/100 psn|[from] psn\n|-damage|p1b: Veluza|49\/100 psn|[from] Salt Cure\n|-sideend|p1: robloxian5gl|Reflect\n|upkeep\n|-enditem|p1b: Veluza|Sitrus Berry|[eat]\n|-heal|p1b: Veluza|74\/100 psn|[from] item: Sitrus Berry\n|\n|t:|1697824476\n|switch|p2b: Beetlejuice|Orthworm, M|48\/100\n|turn|6\n|\n|t:|1697824494\n|move|p2b: Beetlejuice|Protect|p2b: Beetlejuice\n|-singleturn|p2b: Beetlejuice|Protect\n|move|p2a: Goliath|Protect|p2a: Goliath\n|-singleturn|p2a: Goliath|Protect\n|move|p1b: Veluza|Aqua Cutter|p2a: Goliath\n|-activate|p2a: Goliath|move: Protect\n|move|p1a: Avalugg|Body Press|p2b: Beetlejuice\n|-activate|p2b: Beetlejuice|move: Protect\n|\n|-damage|p1b: Veluza|62\/100 psn|[from] psn\n|-damage|p1a: Avalugg|67\/100 psn|[from] psn\n|-damage|p1b: Veluza|37\/100 psn|[from] Salt Cure\n|upkeep\n|turn|7\n|\n|t:|1697824515\n|move|p1b: Veluza|Aqua Cutter|p2a: Goliath\n|-supereffective|p2a: Goliath\n|-damage|p2a: Goliath|44\/100\n|move|p2b: Beetlejuice|Body Press|p1a: Avalugg\n|-supereffective|p1a: Avalugg\n|-damage|p1a: Avalugg|42\/100 psn\n|-damage|p2b: Beetlejuice|31\/100|[from] item: Rocky Helmet|[of] p1a: Avalugg\n|move|p2a: Goliath|Earthquake|p1a: Avalugg|[spread] p1a,p1b\n|-heal|p2b: Beetlejuice|56\/100|[from] ability: Earth Eater|[of] p2a: Goliath\n|-damage|p1a: Avalugg|35\/100 psn\n|-damage|p1b: Veluza|18\/100 psn\n|move|p1a: Avalugg|Body Press|p2b: Beetlejuice\n|-supereffective|p2b: Beetlejuice\n|-damage|p2b: Beetlejuice|15\/100\n|\n|-heal|p2a: Goliath|50\/100|[from] item: Leftovers\n|-damage|p1b: Veluza|5\/100 psn|[from] psn\n|-damage|p1a: Avalugg|23\/100 psn|[from] psn\n|-damage|p1b: Veluza|0 fnt|[from] Salt Cure\n|faint|p1b: Veluza\n|upkeep\n|\n|t:|1697824533\n|switch|p1b: Gogoat|Gogoat, M|100\/100\n|-status|p1b: Gogoat|psn\n|turn|8\n|\n|t:|1697824545\n|-terastallize|p2b: Beetlejuice|Ghost\n|move|p1b: Gogoat|Bulk Up|p1b: Gogoat\n|-boost|p1b: Gogoat|atk|1\n|-boost|p1b: Gogoat|def|1\n|move|p2b: Beetlejuice|Curse|p1a: Avalugg\n|-start|p1a: Avalugg|Curse|[of] p2b: Beetlejuice\n|-damage|p2b: Beetlejuice|0 fnt\n|faint|p2b: Beetlejuice\n|move|p2a: Goliath|Recover|p2a: Goliath\n|-heal|p2a: Goliath|99\/100\n|move|p1a: Avalugg|Recover|p1a: Avalugg\n|-heal|p1a: Avalugg|73\/100 psn\n|\n|-heal|p2a: Goliath|100\/100|[from] item: Leftovers\n|-damage|p1b: Gogoat|88\/100 psn|[from] psn\n|-damage|p1a: Avalugg|60\/100 psn|[from] psn\n|-damage|p1a: Avalugg|36\/100 psn|[from] Curse\n|upkeep\n|\n|t:|1697824566\n|switch|p2b: Calypso|Altaria, F|100\/100\n|turn|9\n|\n|t:|1697824576\n|detailschange|p2b: Calypso|Altaria-Mega, F\n|-mega|p2b: Calypso|Altaria|Altarianite\n|move|p2b: Calypso|Perish Song|p2b: Calypso\n|-start|p1a: Avalugg|perish3|[silent]\n|-start|p1b: Gogoat|perish3|[silent]\n|-start|p2a: Goliath|perish3|[silent]\n|-start|p2b: Calypso|perish3|[silent]\n|-fieldactivate|move: Perish Song\n|move|p1b: Gogoat|Horn Leech|p2a: Goliath\n|-supereffective|p2a: Goliath\n|-damage|p2a: Goliath|44\/100\n|-heal|p1b: Gogoat|100\/100 psn|[from] drain|[of] p2a: Goliath\n|move|p2a: Goliath|Salt Cure|p1b: Gogoat\n|-damage|p1b: Gogoat|90\/100 psn\n|-start|p1b: Gogoat|Salt Cure\n|move|p1a: Avalugg|Avalanche|p2b: Calypso\n|-supereffective|p2b: Calypso\n|-damage|p2b: Calypso|59\/100\n|\n|-heal|p1b: Gogoat|96\/100 psn|[from] item: Leftovers\n|-heal|p2a: Goliath|50\/100|[from] item: Leftovers\n|-damage|p1b: Gogoat|83\/100 psn|[from] psn\n|-damage|p1a: Avalugg|23\/100 psn|[from] psn\n|-damage|p1a: Avalugg|0 fnt|[from] Curse\n|faint|p1a: Avalugg\n|-damage|p1b: Gogoat|71\/100 psn|[from] Salt Cure\n|-start|p2b: Calypso|perish3\n|-start|p1b: Gogoat|perish3\n|-start|p2a: Goliath|perish3\n|upkeep\n|\n|t:|1697824598\n|switch|p1a: Kingambit|Kingambit, M|100\/100\n|-activate|p1a: Kingambit|ability: Supreme Overlord\n|-start|p1a: Kingambit|fallen4|[silent]\n|turn|10\n|\n|t:|1697824611\n|move|p2a: Goliath|Protect|p2a: Goliath\n|-singleturn|p2a: Goliath|Protect\n|move|p2b: Calypso|Perish Song|p2b: Calypso\n|-start|p1a: Kingambit|perish3|[silent]\n|-fieldactivate|move: Perish Song\n|move|p1b: Gogoat|Horn Leech|p2a: Goliath\n|-activate|p2a: Goliath|move: Protect\n|move|p1a: Kingambit|Iron Head|p2b: Calypso\n|-supereffective|p2b: Calypso\n|-damage|p2b: Calypso|0 fnt\n|faint|p2b: Calypso\n|\n|-heal|p1b: Gogoat|77\/100 psn|[from] item: Leftovers\n|-heal|p2a: Goliath|56\/100|[from] item: Leftovers\n|-damage|p1b: Gogoat|65\/100 psn|[from] psn\n|-damage|p1b: Gogoat|52\/100 psn|[from] Salt Cure\n|-start|p1b: Gogoat|perish2\n|-start|p1a: Kingambit|perish3\n|-start|p2a: Goliath|perish2\n|upkeep\n|\n|t:|1697824632\n|switch|p2b: Siren|Politoed, F|40\/100\n|-weather|RainDance|[from] ability: Drizzle|[of] p2b: Siren\n|turn|11\n|\n|t:|1697824643\n|move|p2b: Siren|Rest|p2b: Siren\n|-status|p2b: Siren|slp|[from] move: Rest\n|-heal|p2b: Siren|100\/100 slp|[silent]\n|-enditem|p2b: Siren|Chesto Berry|[eat]\n|-curestatus|p2b: Siren|slp|[msg]\n|move|p1b: Gogoat|Horn Leech|p2b: Siren\n|-supereffective|p2b: Siren\n|-damage|p2b: Siren|0 fnt\n|-heal|p1b: Gogoat|95\/100 psn|[from] drain|[of] p2b: Siren\n|faint|p2b: Siren\n|move|p1a: Kingambit|Low Kick|p2a: Goliath\n|-supereffective|p2a: Goliath\n|-damage|p2a: Goliath|0 fnt\n|faint|p2a: Goliath\n|\n|win|robloxian5gl\n|raw|robloxian5gl's rating: 1174 &rarr; <strong>1201<\/strong><br \/>(+27 for winning)\n|raw|Chiropt's rating: 1203 &rarr; <strong>1176<\/strong><br \/>(-27 for losing)\n|l|\u2606Chiropt\n","uploadtime":1697824661,"views":8,"p1id":"robloxian5gl","p2id":"chiropt","formatid":"gen9nationaldexdoubles","rating":1176,"private":0,"password":""}