{"id":"gen9nationaldexdoubles-1956278083","p1":"munchceliaxoxo","p2":"femspencer","format":"[Gen 9] National Dex Doubles","log":"|j|\u2606munchceliaxoxo\n|j|\u2606femspencer\n|t:|1696092380\n|gametype|doubles\n|player|p1|munchceliaxoxo|winona|1046\n|player|p2|femspencer|nurse|1155\n|teamsize|p1|6\n|teamsize|p2|6\n|gen|9\n|tier|[Gen 9] National Dex Doubles\n|rated|\n|rule|HP Percentage Mod: HP is shown in percentages\n|rule|Endless Battle Clause: Forcing endless battles is banned\n|rule|OHKO Clause: OHKO moves are banned\n|rule|Evasion Moves Clause: Evasion moves are banned\n|rule|Evasion Abilities Clause: Evasion abilities are banned\n|rule|Species Clause: Limit one of each Pok\u00e9mon\n|rule|Gravity Sleep Clause: The combination of sleep-inducing moves with imperfect accuracy and Gravity or Gigantamax Orbeetle are banned\n|clearpoke\n|poke|p1|Whimsicott, F|\n|poke|p1|Chimecho, M|\n|poke|p1|Ribombee, M|\n|poke|p1|Oricorio-Sensu, F|\n|poke|p1|Lycanroc, M|\n|poke|p1|Toxtricity-Low-Key, M|\n|poke|p2|Sinistcha-Masterpiece|\n|poke|p2|Chandelure, F|\n|poke|p2|Flutter Mane|\n|poke|p2|Cofagrigus, F|\n|poke|p2|Dragapult, F|\n|poke|p2|Trevenant, F|\n|teampreview\n|\n|t:|1696092388\n|start\n|switch|p1a: Whimsicott|Whimsicott, F|100\/100\n|switch|p1b: Chimecho|Chimecho, M|100\/100\n|switch|p2a: Flutter Mane|Flutter Mane|100\/100\n|switch|p2b: Trevenant|Trevenant, F|100\/100\n|turn|1\n|\n|t:|1696092404\n|-terastallize|p1b: Chimecho|Electric\n|move|p1a: Whimsicott|Tailwind|p1a: Whimsicott\n|-sidestart|p1: munchceliaxoxo|move: Tailwind\n|move|p2a: Flutter Mane|Mystical Fire|p1a: Whimsicott\n|-supereffective|p1a: Whimsicott\n|-damage|p1a: Whimsicott|31\/100\n|-unboost|p1a: Whimsicott|spa|1\n|move|p1b: Chimecho|Cosmic Power|p1b: Chimecho\n|-boost|p1b: Chimecho|def|1\n|-boost|p1b: Chimecho|spd|1\n|move|p2b: Trevenant|Knock Off|p1b: Chimecho\n|-damage|p1b: Chimecho|75\/100\n|-enditem|p1b: Chimecho|Leftovers|[from] move: Knock Off|[of] p2b: Trevenant\n|\n|-heal|p1a: Whimsicott|37\/100|[from] item: Leftovers\n|upkeep\n|turn|2\n|\n|t:|1696092432\n|move|p2a: Flutter Mane|Mystical Fire|p1a: Whimsicott\n|-supereffective|p1a: Whimsicott\n|-damage|p1a: Whimsicott|0 fnt\n|faint|p1a: Whimsicott\n|move|p1b: Chimecho|Cosmic Power|p1b: Chimecho\n|-boost|p1b: Chimecho|def|1\n|-boost|p1b: Chimecho|spd|1\n|move|p2b: Trevenant|Leech Seed|p1b: Chimecho\n|-start|p1b: Chimecho|move: Leech Seed\n|\n|-damage|p1b: Chimecho|62\/100|[from] Leech Seed|[of] p2b: Trevenant\n|upkeep\n|\n|t:|1696092448\n|switch|p1a: Lycanroc|Lycanroc, M, shiny|100\/100\n|turn|3\n|\n|t:|1696092469\n|-end|p2a: Flutter Mane|Protosynthesis|[silent]\n|switch|p2a: Cofagrigus|Cofagrigus, F|100\/100\n|move|p1a: Lycanroc|Crunch|p2a: Cofagrigus\n|-supereffective|p2a: Cofagrigus\n|-damage|p2a: Cofagrigus|52\/100\n|-unboost|p2a: Cofagrigus|def|1\n|-activate|p2a: Cofagrigus|ability: Mummy|Steadfast|[of] p1a: Lycanroc\n|-damage|p1a: Lycanroc|91\/100|[from] item: Life Orb\n|move|p1b: Chimecho|Cosmic Power|p1b: Chimecho\n|-boost|p1b: Chimecho|def|1\n|-boost|p1b: Chimecho|spd|1\n|move|p2b: Trevenant|Wood Hammer|p1a: Lycanroc\n|-supereffective|p1a: Lycanroc\n|-damage|p1a: Lycanroc|0 fnt\n|-activate|p1a: Lycanroc|ability: Mummy|Harvest|[of] p2b: Trevenant\n|faint|p1a: Lycanroc\n|-damage|p2b: Trevenant|78\/100|[from] Recoil\n|\n|-heal|p2a: Cofagrigus|58\/100|[from] item: Leftovers\n|-damage|p1b: Chimecho|50\/100|[from] Leech Seed|[of] p2b: Trevenant\n|-heal|p2b: Trevenant|87\/100|[silent]\n|upkeep\n|\n|t:|1696092494\n|switch|p1a: Oricorio|Oricorio-Sensu, F|100\/100\n|turn|4\n|\n|t:|1696092501\n|move|p1a: Oricorio|Revelation Dance|p2a: Cofagrigus\n|-supereffective|p2a: Cofagrigus\n|-damage|p2a: Cofagrigus|0 fnt\n|faint|p2a: Cofagrigus\n|move|p1b: Chimecho|Recover|p1b: Chimecho\n|-heal|p1b: Chimecho|99\/100\n|move|p2b: Trevenant|Poltergeist|p1a: Oricorio|[miss]\n|-miss|p2b: Trevenant|p1a: Oricorio\n|\n|-damage|p1b: Chimecho|88\/100|[from] Leech Seed|[of] p2b: Trevenant\n|-heal|p2b: Trevenant|97\/100|[silent]\n|-sideend|p1: munchceliaxoxo|move: Tailwind\n|upkeep\n|\n|t:|1696092514\n|switch|p2a: Flutter Mane|Flutter Mane|100\/100\n|turn|5\n|\n|t:|1696092525\n|-terastallize|p2a: Flutter Mane|Fairy\n|move|p2a: Flutter Mane|Shadow Ball|p1a: Oricorio\n|-supereffective|p1a: Oricorio\n|-enditem|p1a: Oricorio|Focus Sash\n|-damage|p1a: Oricorio|1\/100\n|move|p1a: Oricorio|Revelation Dance|p2a: Flutter Mane\n|-damage|p2a: Flutter Mane|60\/100\n|move|p1b: Chimecho|Stored Power|p2b: Trevenant\n|-damage|p2b: Trevenant|37\/100\n|-enditem|p2b: Trevenant|Sitrus Berry|[eat]\n|-heal|p2b: Trevenant|61\/100|[from] item: Sitrus Berry\n|move|p2b: Trevenant|Wood Hammer|p1b: Chimecho\n|-damage|p1b: Chimecho|61\/100\n|-damage|p2b: Trevenant|55\/100|[from] Recoil\n|\n|-damage|p1b: Chimecho|49\/100|[from] Leech Seed|[of] p2b: Trevenant\n|-heal|p2b: Trevenant|64\/100|[silent]\n|upkeep\n|turn|6\n|\n|t:|1696092553\n|move|p2a: Flutter Mane|Shadow Ball|p1b: Chimecho\n|-damage|p1b: Chimecho|29\/100\n|move|p1a: Oricorio|Hurricane|p2b: Trevenant\n|-supereffective|p2b: Trevenant\n|-damage|p2b: Trevenant|0 fnt\n|faint|p2b: Trevenant\n|move|p1b: Chimecho|Recover|p1b: Chimecho\n|-heal|p1b: Chimecho|79\/100\n|\n|upkeep\n|\n|t:|1696092565\n|switch|p2b: Dragapult|Dragapult, F, shiny|100\/100\n|turn|7\n|\n|t:|1696092574\n|move|p2a: Flutter Mane|Shadow Ball|p1a: Oricorio\n|-supereffective|p1a: Oricorio\n|-damage|p1a: Oricorio|0 fnt\n|faint|p1a: Oricorio\n|move|p2b: Dragapult|Phantom Force||[still]\n|-prepare|p2b: Dragapult|Phantom Force\n|move|p1b: Chimecho|Cosmic Power|p1b: Chimecho\n|-boost|p1b: Chimecho|def|1\n|-boost|p1b: Chimecho|spd|1\n|\n|-damage|p1b: Chimecho|66\/100|[from] Leech Seed|[of] p2b: Dragapult\n|upkeep\n|\n|t:|1696092592\n|switch|p1a: Toxtricity|Toxtricity-Low-Key, M, shiny|100\/100\n|turn|8\n|\n|t:|1696092603\n|move|p2a: Flutter Mane|Shadow Ball|p1b: Chimecho\n|-damage|p1b: Chimecho|52\/100\n|move|p2b: Dragapult|Phantom Force|p1b: Chimecho|[from]lockedmove\n|-damage|p1b: Chimecho|33\/100\n|move|p1a: Toxtricity|Overdrive|p2b: Dragapult|[spread] p2a,p2b\n|-resisted|p2b: Dragapult\n|-damage|p2a: Flutter Mane|20\/100\n|-damage|p2b: Dragapult|72\/100\n|-enditem|p1a: Toxtricity|Throat Spray\n|-boost|p1a: Toxtricity|spa|1|[from] item: Throat Spray\n|move|p1b: Chimecho|Cosmic Power|p1b: Chimecho\n|-boost|p1b: Chimecho|def|1\n|-boost|p1b: Chimecho|spd|1\n|\n|-heal|p2b: Dragapult|78\/100|[from] item: Leftovers\n|-damage|p1b: Chimecho|21\/100|[from] Leech Seed|[of] p2b: Dragapult\n|-heal|p2b: Dragapult|89\/100|[silent]\n|upkeep\n|turn|9\n|\n|t:|1696092625\n|move|p2a: Flutter Mane|Shadow Ball|p1a: Toxtricity\n|-damage|p1a: Toxtricity|38\/100\n|move|p2b: Dragapult|Phantom Force||[still]\n|-prepare|p2b: Dragapult|Phantom Force\n|move|p1a: Toxtricity|Overdrive|p2a: Flutter Mane|[spread] p2a\n|-miss|p1a: Toxtricity|p2b: Dragapult\n|-damage|p2a: Flutter Mane|0 fnt\n|faint|p2a: Flutter Mane\n|-end|p2a: Flutter Mane|Protosynthesis|[silent]\n|move|p1b: Chimecho|Recover|p1b: Chimecho\n|-heal|p1b: Chimecho|71\/100\n|\n|-heal|p2b: Dragapult|95\/100|[from] item: Leftovers\n|-damage|p1b: Chimecho|59\/100|[from] Leech Seed|[of] p2b: Dragapult\n|-heal|p2b: Dragapult|100\/100|[silent]\n|upkeep\n|\n|t:|1696092640\n|switch|p2a: Sinistcha|Sinistcha-Masterpiece|100\/100\n|turn|10\n|\n|t:|1696092650\n|move|p2b: Dragapult|Phantom Force|p1b: Chimecho|[from]lockedmove\n|-damage|p1b: Chimecho|44\/100\n|move|p1a: Toxtricity|Overdrive|p2a: Sinistcha|[spread] p2a,p2b\n|-resisted|p2a: Sinistcha\n|-resisted|p2b: Dragapult\n|-crit|p2b: Dragapult\n|-damage|p2a: Sinistcha|63\/100\n|-damage|p2b: Dragapult|43\/100\n|move|p1b: Chimecho|Recover|p1b: Chimecho\n|-heal|p1b: Chimecho|94\/100\n|move|p2a: Sinistcha|Matcha Gotcha|p1a: Toxtricity|[spread] p1a,p1b\n|-resisted|p1a: Toxtricity\n|-damage|p1a: Toxtricity|14\/100\n|-heal|p2a: Sinistcha|75\/100|[from] drain|[of] p1a: Toxtricity\n|-damage|p1b: Chimecho|84\/100\n|-heal|p2a: Sinistcha|79\/100|[from] drain|[of] p1b: Chimecho\n|-status|p1b: Chimecho|brn\n|\n|-heal|p2b: Dragapult|49\/100|[from] item: Leftovers\n|-heal|p2a: Sinistcha|85\/100|[from] item: Leftovers\n|-damage|p1b: Chimecho|71\/100 brn|[from] Leech Seed|[of] p2b: Dragapult\n|-heal|p2b: Dragapult|61\/100|[silent]\n|-damage|p1b: Chimecho|65\/100 brn|[from] brn\n|upkeep\n|turn|11\n|\n|t:|1696092681\n|move|p2b: Dragapult|Dragon Darts|p1a: Toxtricity\n|-damage|p1a: Toxtricity|0 fnt\n|-anim|p2b: Dragapult|Dragon Darts|p1b: Chimecho\n|-damage|p1b: Chimecho|57\/100 brn\n|faint|p1a: Toxtricity\n|move|p1b: Chimecho|Stored Power|p2a: Sinistcha\n|-damage|p2a: Sinistcha|0 fnt\n|faint|p2a: Sinistcha\n|\n|-heal|p2b: Dragapult|67\/100|[from] item: Leftovers\n|-damage|p1b: Chimecho|44\/100 brn|[from] Leech Seed|[of] p2b: Dragapult\n|-heal|p2b: Dragapult|78\/100|[silent]\n|-damage|p1b: Chimecho|38\/100 brn|[from] brn\n|upkeep\n|\n|t:|1696092695\n|switch|p1a: Ribombee|Ribombee, M|100\/100\n|switch|p2a: Chandelure|Chandelure, F|100\/100\n|turn|12\n|\n|t:|1696092703\n|move|p2b: Dragapult|Phantom Force||[still]\n|-prepare|p2b: Dragapult|Phantom Force\n|move|p1a: Ribombee|Dazzling Gleam|p2a: Chandelure|[spread] p2a\n|-miss|p1a: Ribombee|p2b: Dragapult\n|-resisted|p2a: Chandelure\n|-damage|p2a: Chandelure|81\/100\n|move|p2a: Chandelure|Hex|p1b: Chimecho\n|-damage|p1b: Chimecho|14\/100 brn\n|move|p1b: Chimecho|Recover|p1b: Chimecho\n|-heal|p1b: Chimecho|64\/100 brn\n|\n|-heal|p2b: Dragapult|84\/100|[from] item: Leftovers\n|-damage|p1b: Chimecho|52\/100 brn|[from] Leech Seed|[of] p2b: Dragapult\n|-heal|p2b: Dragapult|95\/100|[silent]\n|-damage|p1b: Chimecho|46\/100 brn|[from] brn\n|upkeep\n|turn|13\n|\n|t:|1696092725\n|move|p2b: Dragapult|Phantom Force|p1a: Ribombee|[from]lockedmove\n|-damage|p1a: Ribombee|7\/100\n|move|p1a: Ribombee|Dazzling Gleam|p2a: Chandelure|[spread] p2a,p2b\n|-resisted|p2a: Chandelure\n|-supereffective|p2b: Dragapult\n|-damage|p2a: Chandelure|60\/100\n|-damage|p2b: Dragapult|23\/100\n|move|p2a: Chandelure|Hex|p1b: Chimecho\n|-damage|p1b: Chimecho|22\/100 brn\n|move|p1b: Chimecho|Stored Power|p2a: Chandelure\n|-damage|p2a: Chandelure|0 fnt\n|faint|p2a: Chandelure\n|\n|-heal|p2b: Dragapult|29\/100|[from] item: Leftovers\n|-damage|p1b: Chimecho|9\/100 brn|[from] Leech Seed|[of] p2b: Dragapult\n|-heal|p2b: Dragapult|40\/100|[silent]\n|-damage|p1b: Chimecho|3\/100 brn|[from] brn\n|upkeep\n|turn|14\n|\n|t:|1696092748\n|move|p2b: Dragapult|Phantom Force||[still]\n|-prepare|p2b: Dragapult|Phantom Force\n|move|p1a: Ribombee|Pollen Puff|p1b: Chimecho\n|-heal|p1b: Chimecho|53\/100 brn\n|move|p1b: Chimecho|Recover|p1b: Chimecho\n|-heal|p1b: Chimecho|100\/100 brn\n|\n|-heal|p2b: Dragapult|46\/100|[from] item: Leftovers\n|-damage|p1b: Chimecho|88\/100 brn|[from] Leech Seed|[of] p2b: Dragapult\n|-heal|p2b: Dragapult|58\/100|[silent]\n|-damage|p1b: Chimecho|82\/100 brn|[from] brn\n|upkeep\n|turn|15\n|\n|t:|1696092764\n|move|p2b: Dragapult|Phantom Force|p1a: Ribombee|[from]lockedmove\n|-damage|p1a: Ribombee|0 fnt\n|faint|p1a: Ribombee\n|move|p1b: Chimecho|Stored Power|p2b: Dragapult\n|-damage|p2b: Dragapult|0 fnt\n|faint|p2b: Dragapult\n|\n|win|munchceliaxoxo\n|raw|munchceliaxoxo's rating: 1046 &rarr; <strong>1089<\/strong><br \/>(+43 for winning)\n|raw|femspencer's rating: 1155 &rarr; <strong>1122<\/strong><br \/>(-33 for losing)\n|l|\u2606femspencer\n","uploadtime":1696092775,"views":6,"p1id":"munchceliaxoxo","p2id":"femspencer","formatid":"gen9nationaldexdoubles","rating":1089,"private":0,"password":""}