{"id":"gen9nationaldexdoubles-1997251914","p1":"Xorian-kun","p2":"Fedepoketrainer","format":"[Gen 9] National Dex Doubles","log":"|j|\u2606Xorian-kun\n|j|\u2606Fedepoketrainer\n|t:|1700780615\n|gametype|doubles\n|player|p1|Xorian-kun|grimsley|\n|player|p2|Fedepoketrainer|ash-kalos|\n|teamsize|p1|6\n|teamsize|p2|6\n|gen|9\n|tier|[Gen 9] National Dex Doubles\n|rule|HP Percentage Mod: HP is shown in percentages\n|rule|Endless Battle Clause: Forcing endless battles is banned\n|rule|OHKO Clause: OHKO moves are banned\n|rule|Evasion Moves Clause: Evasion moves are banned\n|rule|Evasion Abilities Clause: Evasion abilities are banned\n|rule|Species Clause: Limit one of each Pok\u00e9mon\n|rule|Gravity Sleep Clause: The combination of sleep-inducing moves with imperfect accuracy and Gravity or Gigantamax Orbeetle are banned\n|clearpoke\n|poke|p1|Oricorio-Sensu, F|\n|poke|p1|Kingambit, M|\n|poke|p1|Volcarona, M|\n|poke|p1|Dragonite, M|\n|poke|p1|Cresselia, F|\n|poke|p1|Ursaluna, M|\n|poke|p2|Oricorio-Sensu, F|\n|poke|p2|Volcarona, M|\n|poke|p2|Dragonite, F|\n|poke|p2|Gliscor, M|\n|poke|p2|Scizor, M|\n|poke|p2|Gyarados, M|\n|teampreview\n|inactive|Battle timer is ON: inactive players will automatically lose when time's up. (requested by Xorian-kun)\n|inactive|Xorian-kun has 270 seconds left.\n|inactive|Fedepoketrainer has 270 seconds left.\n|\n|t:|1700780648\n|start\n|switch|p1a: fluminense|Cresselia, F|100\/100\n|switch|p1b: Deportivo Maip\u00fa|Ursaluna, M|100\/100\n|switch|p2a: Oricorio|Oricorio-Sensu, F|100\/100\n|switch|p2b: Gyarados|Gyarados, M, shiny|100\/100\n|turn|1\n|c|\u2606Xorian-kun|cuando estes listo (yo no lo estoy xd)\n|\n|t:|1700780666\n|move|p1b: Deportivo Maip\u00fa|Protect|p1b: Deportivo Maip\u00fa\n|-singleturn|p1b: Deportivo Maip\u00fa|Protect\n|move|p2a: Oricorio|Hurricane|p1b: Deportivo Maip\u00fa\n|-activate|p1b: Deportivo Maip\u00fa|move: Protect\n|move|p2b: Gyarados|Waterfall|p1b: Deportivo Maip\u00fa\n|-activate|p1b: Deportivo Maip\u00fa|move: Protect\n|move|p1a: fluminense|Trick Room|p1a: fluminense\n|-fieldstart|move: Trick Room|[of] p1a: fluminense\n|\n|-status|p1b: Deportivo Maip\u00fa|brn|[from] item: Flame Orb\n|upkeep\n|turn|2\n|\n|t:|1700780695\n|move|p1b: Deportivo Maip\u00fa|Facade|p2b: Gyarados\n|-crit|p2b: Gyarados\n|-damage|p2b: Gyarados|0 fnt\n|faint|p2b: Gyarados\n|move|p1a: fluminense|Lunar Dance|p1a: fluminense\n|faint|p1a: fluminense\n|-activate|p2a: Oricorio|ability: Dancer\n|move|p2a: Oricorio|Lunar Dance|p2a: Oricorio|[from]ability: Dancer\n|faint|p2a: Oricorio\n|\n|-damage|p1b: Deportivo Maip\u00fa|94\/100 brn|[from] brn\n|upkeep\n|\n|t:|1700780724\n|switch|p1a: karambit|Oricorio-Sensu, F|100\/100\n|switch|p2b: Scizor|Scizor, M|100\/100\n|switch|p2a: Gliscor|Gliscor, M|100\/100\n|turn|3\n|\n|t:|1700780741\n|move|p1b: Deportivo Maip\u00fa|Swords Dance|p1b: Deportivo Maip\u00fa\n|-boost|p1b: Deportivo Maip\u00fa|atk|2\n|-activate|p1a: karambit|ability: Dancer\n|move|p1a: karambit|Swords Dance|p1a: karambit|[from]ability: Dancer\n|-boost|p1a: karambit|atk|2\n|move|p2b: Scizor|Close Combat|p1b: Deportivo Maip\u00fa\n|-supereffective|p1b: Deportivo Maip\u00fa\n|-damage|p1b: Deportivo Maip\u00fa|34\/100 brn\n|-unboost|p2b: Scizor|def|1\n|-unboost|p2b: Scizor|spd|1\n|move|p1a: karambit|Quiver Dance|p1a: karambit\n|-boost|p1a: karambit|spa|1\n|-boost|p1a: karambit|spd|1\n|-boost|p1a: karambit|spe|1\n|move|p2a: Gliscor|Facade|p1b: Deportivo Maip\u00fa\n|-damage|p1b: Deportivo Maip\u00fa|19\/100 brn\n|\n|-damage|p1b: Deportivo Maip\u00fa|13\/100 brn|[from] brn\n|-status|p2a: Gliscor|tox|[from] item: Toxic Orb\n|upkeep\n|turn|4\n|inactive|Xorian-kun has 270 seconds left.\n|\n|t:|1700780773\n|move|p2b: Scizor|Bullet Punch|p1b: Deportivo Maip\u00fa\n|-damage|p1b: Deportivo Maip\u00fa|0 fnt\n|faint|p1b: Deportivo Maip\u00fa\n|move|p2a: Gliscor|Knock Off|p1a: karambit\n|-supereffective|p1a: karambit\n|-damage|p1a: karambit|34\/100\n|-enditem|p1a: karambit|Leftovers|[from] move: Knock Off|[of] p2a: Gliscor\n|move|p1a: karambit|Hurricane|p2b: Scizor\n|-damage|p2b: Scizor|9\/100\n|-start|p2b: Scizor|confusion\n|\n|upkeep\n|inactive|Xorian-kun has 270 seconds left.\n|\n|t:|1700780795\n|switch|p1b: Volcarajo|Volcarona, M|100\/100\n|turn|5\n|inactive|Xorian-kun has 270 seconds left.\n|\n|t:|1700780811\n|detailschange|p2b: Scizor|Scizor-Mega, M\n|-mega|p2b: Scizor|Scizor|Scizorite\n|-activate|p2b: Scizor|confusion\n|move|p2b: Scizor|Bug Bite|p1a: karambit\n|-resisted|p1a: karambit\n|-damage|p1a: karambit|14\/100\n|move|p1b: Volcarajo|Substitute|p1b: Volcarajo\n|-start|p1b: Volcarajo|Substitute\n|-damage|p1b: Volcarajo|76\/100\n|move|p2a: Gliscor|Earthquake|p1a: karambit|[spread] p2b,p1b\n|-immune|p1a: karambit\n|-end|p1b: Volcarajo|Substitute\n|-damage|p2b: Scizor|0 fnt\n|faint|p2b: Scizor\n|move|p1a: karambit|Roost|p1a: karambit\n|-heal|p1a: karambit|64\/100\n|-singleturn|p1a: karambit|move: Roost\n|\n|-fieldend|move: Trick Room\n|upkeep\n|\n|t:|1700780823\n|switch|p2b: Volcarona|Volcarona, M|100\/100\n|turn|6\n|\n|t:|1700780836\n|move|p1a: karambit|Quiver Dance|p1a: karambit\n|-boost|p1a: karambit|spa|1\n|-boost|p1a: karambit|spd|1\n|-boost|p1a: karambit|spe|1\n|move|p2a: Gliscor|Knock Off|p1a: karambit\n|-supereffective|p1a: karambit\n|-damage|p1a: karambit|13\/100\n|move|p2b: Volcarona|Fiery Dance|p1a: karambit\n|-damage|p1a: karambit|0 fnt\n|faint|p1a: karambit\n|move|p1b: Volcarajo|Quiver Dance|p1b: Volcarajo\n|-boost|p1b: Volcarajo|spa|1\n|-boost|p1b: Volcarajo|spd|1\n|-boost|p1b: Volcarajo|spe|1\n|\n|upkeep\n|inactive|Xorian-kun has 270 seconds left.\n|\n|t:|1700780858\n|switch|p1a: Barney amarillo|Dragonite, M|100\/100\n|turn|7\n|\n|t:|1700780880\n|move|p1b: Volcarajo|Quiver Dance|p1b: Volcarajo\n|-boost|p1b: Volcarajo|spa|1\n|-boost|p1b: Volcarajo|spd|1\n|-boost|p1b: Volcarajo|spe|1\n|move|p2a: Gliscor|Earthquake|p1b: Volcarajo|[spread] p2b,p1b\n|-immune|p1a: Barney amarillo\n|-damage|p2b: Volcarona|52\/100\n|-damage|p1b: Volcarajo|28\/100\n|move|p2b: Volcarona|Quiver Dance|p2b: Volcarona\n|-boost|p2b: Volcarona|spa|1\n|-boost|p2b: Volcarona|spd|1\n|-boost|p2b: Volcarona|spe|1\n|move|p1a: Barney amarillo|Dragon Dance|p1a: Barney amarillo\n|-boost|p1a: Barney amarillo|atk|1\n|-boost|p1a: Barney amarillo|spe|1\n|\n|upkeep\n|turn|8\n|\n|t:|1700780906\n|move|p1b: Volcarajo|Fiery Dance|p2a: Gliscor\n|-damage|p2a: Gliscor|0 fnt\n|faint|p2a: Gliscor\n|-damage|p1b: Volcarajo|19\/100|[from] item: Life Orb\n|move|p2b: Volcarona|Fiery Dance|p1b: Volcarajo\n|-damage|p1b: Volcarajo|0 fnt\n|-boost|p2b: Volcarona|spa|1\n|faint|p1b: Volcarajo\n|move|p1a: Barney amarillo|Dual Wingbeat|p2b: Volcarona\n|-supereffective|p2b: Volcarona\n|-damage|p2b: Volcarona|0 fnt\n|-status|p1a: Barney amarillo|brn|[from] ability: Flame Body|[of] p2b: Volcarona\n|faint|p2b: Volcarona\n|-hitcount|p2: Volcarona|1\n|\n|-damage|p1a: Barney amarillo|94\/100 brn|[from] brn\n|upkeep\n|\n|t:|1700780922\n|switch|p2a: Dragonite|Dragonite, F|100\/100\n|switch|p1b: Kingco\u00f1o|Kingambit, M|100\/100\n|-activate|p1b: Kingco\u00f1o|ability: Supreme Overlord\n|-start|p1b: Kingco\u00f1o|fallen4|[silent]\n|turn|9\n|\n|t:|1700780939\n|move|p1b: Kingco\u00f1o|Sucker Punch|p2a: Dragonite\n|-damage|p2a: Dragonite|37\/100\n|move|p2a: Dragonite|Ice Spinner|p1a: Barney amarillo\n|-supereffective|p1a: Barney amarillo\n|-damage|p1a: Barney amarillo|0 fnt\n|faint|p1a: Barney amarillo\n|\n|-heal|p2a: Dragonite|44\/100|[from] item: Leftovers\n|upkeep\n|turn|10\n|\n|t:|1700780955\n|-terastallize|p2a: Dragonite|Normal\n|move|p1b: Kingco\u00f1o|Protect|p1b: Kingco\u00f1o\n|-singleturn|p1b: Kingco\u00f1o|Protect\n|move|p2a: Dragonite|Extreme Speed|p1b: Kingco\u00f1o\n|-activate|p1b: Kingco\u00f1o|move: Protect\n|\n|-heal|p2a: Dragonite|50\/100|[from] item: Leftovers\n|upkeep\n|turn|11\n|\n|t:|1700780968\n|-terastallize|p1b: Kingco\u00f1o|Ghost\n|move|p2a: Dragonite|Extreme Speed|p1b: Kingco\u00f1o\n|-immune|p1b: Kingco\u00f1o\n|move|p1b: Kingco\u00f1o|Swords Dance|p1b: Kingco\u00f1o\n|-boost|p1b: Kingco\u00f1o|atk|2\n|\n|-heal|p2a: Dragonite|56\/100|[from] item: Leftovers\n|upkeep\n|turn|12\n|\n|t:|1700780977\n|move|p1b: Kingco\u00f1o|Sucker Punch|p2a: Dragonite\n|-damage|p2a: Dragonite|0 fnt\n|faint|p2a: Dragonite\n|\n|win|Xorian-kun\n|c|\u2606Xorian-kun|gg\n|l|\u2606Fedepoketrainer\n","uploadtime":1700780989,"views":1,"p1id":"xoriankun","p2id":"fedepoketrainer","formatid":"gen9nationaldexdoubles","rating":0,"private":0,"password":""}