{"id":"gen9nationaldexdoubles-1969196295","p1":"ralca 1","p2":"camilopp","format":"[Gen 9] National Dex Doubles","log":"|j|\u2606ralca 1\n|j|\u2606camilopp\n|t:|1697499284\n|gametype|doubles\n|player|p1|ralca 1|steven|\n|player|p2|camilopp|sage|\n|teamsize|p1|6\n|teamsize|p2|6\n|gen|9\n|tier|[Gen 9] National Dex Doubles\n|rule|HP Percentage Mod: HP is shown in percentages\n|rule|Endless Battle Clause: Forcing endless battles is banned\n|rule|OHKO Clause: OHKO moves are banned\n|rule|Evasion Moves Clause: Evasion moves are banned\n|rule|Evasion Abilities Clause: Evasion abilities are banned\n|rule|Species Clause: Limit one of each Pok\u00e9mon\n|rule|Gravity Sleep Clause: The combination of sleep-inducing moves with imperfect accuracy and Gravity or Gigantamax Orbeetle are banned\n|clearpoke\n|poke|p1|Gothitelle, F|\n|poke|p1|Oranguru, F|\n|poke|p1|Torkoal, F|\n|poke|p1|Indeedee-F, F|\n|poke|p1|Armarouge, F|\n|poke|p1|Scream Tail|\n|poke|p2|Arcanine, M|\n|poke|p2|Regieleki|\n|poke|p2|Dragonite, F|\n|poke|p2|Grimmsnarl, M|\n|poke|p2|Hatterene, F|\n|poke|p2|Palafin, F|\n|teampreview\n|\n|t:|1697499302\n|start\n|switch|p1a: Gothitelle|Gothitelle, F|100\/100\n|switch|p1b: Scream Tail|Scream Tail|100\/100\n|switch|p2a: Arcanine|Arcanine, M, shiny|100\/100\n|switch|p2b: Grimmsnarl|Grimmsnarl, M, shiny|100\/100\n|-ability|p2a: Arcanine|Intimidate|boost\n|-unboost|p1a: Gothitelle|atk|1\n|-unboost|p1b: Scream Tail|atk|1\n|turn|1\n|\n|t:|1697499345\n|move|p2a: Arcanine|Will-O-Wisp|p1a: Gothitelle\n|-status|p1a: Gothitelle|brn\n|move|p1b: Scream Tail|Perish Song|p1b: Scream Tail\n|-start|p1a: Gothitelle|perish3|[silent]\n|-start|p1b: Scream Tail|perish3|[silent]\n|-start|p2a: Arcanine|perish3|[silent]\n|-start|p2b: Grimmsnarl|perish3|[silent]\n|-fieldactivate|move: Perish Song\n|move|p2b: Grimmsnarl|Darkest Lariat|p1b: Scream Tail\n|-damage|p1b: Scream Tail|74\/100\n|move|p1a: Gothitelle|Hypnosis|p2b: Grimmsnarl|[miss]\n|-miss|p1a: Gothitelle|p2b: Grimmsnarl\n|\n|-damage|p1a: Gothitelle|94\/100 brn|[from] brn\n|-start|p2a: Arcanine|perish3\n|-start|p1b: Scream Tail|perish3\n|-start|p2b: Grimmsnarl|perish3\n|-start|p1a: Gothitelle|perish3\n|upkeep\n|turn|2\n|\n|t:|1697499385\n|move|p2a: Arcanine|Psychic Fangs|p1a: Gothitelle\n|-resisted|p1a: Gothitelle\n|-damage|p1a: Gothitelle|82\/100 brn\n|move|p1b: Scream Tail|Encore|p2a: Arcanine\n|-start|p2a: Arcanine|Encore\n|-zpower|p2b: Grimmsnarl\n|move|p2b: Grimmsnarl|Black Hole Eclipse|p1a: Gothitelle|[zeffect]\n|-supereffective|p1a: Gothitelle\n|-damage|p1a: Gothitelle|0 fnt\n|faint|p1a: Gothitelle\n|\n|-start|p2a: Arcanine|perish2\n|-start|p1b: Scream Tail|perish2\n|-start|p2b: Grimmsnarl|perish2\n|upkeep\n|\n|t:|1697499411\n|switch|p1a: Indeedee|Indeedee-F, F|100\/100\n|-fieldstart|move: Psychic Terrain|[from] ability: Psychic Surge|[of] p1a: Indeedee\n|-enditem|p1a: Indeedee|Psychic Seed\n|-boost|p1a: Indeedee|spd|1|[from] item: Psychic Seed\n|turn|3\n|\n|t:|1697499431\n|-end|p1b: Scream Tail|Protosynthesis|[silent]\n|switch|p1b: Armarouge|Armarouge, F|100\/100\n|move|p2a: Arcanine|Psychic Fangs|p1a: Indeedee\n|-resisted|p1a: Indeedee\n|-damage|p1a: Indeedee|79\/100\n|move|p2b: Grimmsnarl|Darkest Lariat|p1b: Armarouge\n|-supereffective|p1b: Armarouge\n|-damage|p1b: Armarouge|38\/100\n|-ability|p1b: Armarouge|Weak Armor|boost\n|-unboost|p1b: Armarouge|def|1\n|-boost|p1b: Armarouge|spe|2\n|move|p1a: Indeedee|Trick Room|p1a: Indeedee\n|-fieldstart|move: Trick Room|[of] p1a: Indeedee\n|\n|-start|p2b: Grimmsnarl|perish1\n|-start|p2a: Arcanine|perish1\n|upkeep\n|turn|4\n|\n|t:|1697499462\n|move|p1a: Indeedee|Follow Me|p1a: Indeedee\n|-singleturn|p1a: Indeedee|move: Follow Me\n|move|p2b: Grimmsnarl|Darkest Lariat|p1a: Indeedee\n|-supereffective|p1a: Indeedee\n|-damage|p1a: Indeedee|0 fnt\n|faint|p1a: Indeedee\n|move|p2a: Arcanine|Psychic Fangs|p1b: Armarouge\n|-resisted|p1b: Armarouge\n|-damage|p1b: Armarouge|16\/100\n|-ability|p1b: Armarouge|Weak Armor|boost\n|-unboost|p1b: Armarouge|def|1\n|-boost|p1b: Armarouge|spe|2\n|move|p1b: Armarouge|Expanding Force|p2b: Grimmsnarl|[spread] p2a\n|-immune|p2b: Grimmsnarl\n|-damage|p2a: Arcanine|19\/100\n|\n|-start|p2b: Grimmsnarl|perish0\n|-start|p2a: Arcanine|perish0\n|faint|p2b: Grimmsnarl\n|faint|p2a: Arcanine\n|upkeep\n|\n|t:|1697499496\n|switch|p1a: Scream Tail|Scream Tail|74\/100\n|switch|p2b: Palafin|Palafin, F|100\/100\n|switch|p2a: Dragonite|Dragonite, F, shiny|100\/100\n|turn|5\n|\n|t:|1697499523\n|detailschange|p2b: Palafin|Palafin-Hero, F\n|switch|p2b: Regieleki|Regieleki, shiny|100\/100\n|-item|p2b: Regieleki|Air Balloon\n|move|p1a: Scream Tail|Perish Song|p1a: Scream Tail\n|-start|p1a: Scream Tail|perish3|[silent]\n|-start|p1b: Armarouge|perish3|[silent]\n|-start|p2a: Dragonite|perish3|[silent]\n|-start|p2b: Regieleki|perish3|[silent]\n|-fieldactivate|move: Perish Song\n|move|p2a: Dragonite|Body Press|p1a: Scream Tail\n|-resisted|p1a: Scream Tail\n|-damage|p1a: Scream Tail|71\/100\n|move|p1b: Armarouge|Expanding Force|p2a: Dragonite|[spread] p2a,p2b\n|-damage|p2a: Dragonite|71\/100\n|-damage|p2b: Regieleki|0 fnt\n|-enditem|p2b: Regieleki|Air Balloon\n|faint|p2b: Regieleki\n|\n|-start|p1a: Scream Tail|perish3\n|-start|p2a: Dragonite|perish3\n|-start|p1b: Armarouge|perish3\n|upkeep\n|\n|t:|1697499542\n|switch|p2b: Palafin|Palafin-Hero, F|100\/100\n|-activate|p2b: Palafin|ability: Zero to Hero\n|turn|6\n|\n|t:|1697499555\n|move|p1a: Scream Tail|Perish Song|p1a: Scream Tail\n|-start|p2b: Palafin|perish3|[silent]\n|-fieldactivate|move: Perish Song\n|move|p2a: Dragonite|Dragon Pulse|p1b: Armarouge\n|-damage|p1b: Armarouge|0 fnt\n|faint|p1b: Armarouge\n|move|p2b: Palafin|Iron Head|p1a: Scream Tail\n|-supereffective|p1a: Scream Tail\n|-damage|p1a: Scream Tail|29\/100\n|\n|-start|p1a: Scream Tail|perish2\n|-start|p2a: Dragonite|perish2\n|-start|p2b: Palafin|perish3\n|upkeep\n|\n|t:|1697499565\n|switch|p1b: Oranguru|Oranguru, F|100\/100\n|turn|7\n|\n|t:|1697499589\n|move|p1b: Oranguru|Protect|p1b: Oranguru\n|-singleturn|p1b: Oranguru|Protect\n|move|p2a: Dragonite|Protect|p2a: Dragonite\n|-singleturn|p2a: Dragonite|Protect\n|move|p1a: Scream Tail|Rest|p1a: Scream Tail\n|-status|p1a: Scream Tail|slp|[from] move: Rest\n|-heal|p1a: Scream Tail|100\/100 slp|[silent]\n|-enditem|p1a: Scream Tail|Chesto Berry|[eat]\n|-curestatus|p1a: Scream Tail|slp|[msg]\n|move|p2b: Palafin|Iron Head|p1a: Scream Tail\n|-supereffective|p1a: Scream Tail\n|-damage|p1a: Scream Tail|58\/100\n|\n|-start|p1a: Scream Tail|perish1\n|-start|p2a: Dragonite|perish1\n|-start|p2b: Palafin|perish2\n|-fieldend|move: Trick Room\n|-fieldend|move: Psychic Terrain\n|upkeep\n|turn|8\n|\n|t:|1697499634\n|-end|p1a: Scream Tail|Protosynthesis|[silent]\n|switch|p1a: Torkoal|Torkoal, F|100\/100\n|-weather|SunnyDay|[from] ability: Drought|[of] p1a: Torkoal\n|move|p2a: Dragonite|Protect|p2a: Dragonite\n|-singleturn|p2a: Dragonite|Protect\n|move|p2b: Palafin|Iron Head|p1a: Torkoal\n|-resisted|p1a: Torkoal\n|-damage|p1a: Torkoal|90\/100\n|move|p1b: Oranguru|Reflect|p1b: Oranguru\n|-sidestart|p1: ralca 1|Reflect\n|\n|-weather|SunnyDay|[upkeep]\n|-start|p2b: Palafin|perish1\n|-start|p2a: Dragonite|perish0\n|faint|p2a: Dragonite\n|upkeep\n|\n|t:|1697499651\n|switch|p2a: Hatterene|Hatterene, F|100\/100\n|turn|9\n|\n|t:|1697499673\n|-terastallize|p1a: Torkoal|Fire\n|move|p2b: Palafin|Close Combat|p1a: Torkoal\n|-damage|p1a: Torkoal|69\/100\n|-unboost|p2b: Palafin|def|1\n|-unboost|p2b: Palafin|spd|1\n|move|p2a: Hatterene|Agility|p2a: Hatterene\n|-boost|p2a: Hatterene|spe|2\n|move|p1b: Oranguru|Instruct||[still]\n|-fail|p1b: Oranguru\n|move|p1a: Torkoal|Eruption|p2a: Hatterene|[spread] p2a,p2b\n|-resisted|p2b: Palafin\n|-damage|p2a: Hatterene|13\/100\n|-damage|p2b: Palafin|54\/100\n|\n|-weather|SunnyDay|[upkeep]\n|-start|p2b: Palafin|perish0\n|faint|p2b: Palafin\n|upkeep\n|turn|10\n|\n|t:|1697499698\n|-terastallize|p2a: Hatterene|Psychic\n|move|p2a: Hatterene|Agility|p2a: Hatterene\n|-boost|p2a: Hatterene|spe|2\n|move|p1b: Oranguru|Instruct|p1a: Torkoal\n|-singleturn|p1a: Torkoal|move: Instruct|[of] p1b: Oranguru\n|move|p1a: Torkoal|Eruption|p2a: Hatterene\n|-damage|p2a: Hatterene|0 fnt\n|faint|p2a: Hatterene\n|\n|win|ralca 1\n|l|\u2606camilopp\n","uploadtime":1697499740,"views":18,"p1id":"ralca1","p2id":"camilopp","formatid":"gen9nationaldexdoubles","rating":0,"private":0,"password":""}