{"id":"gen9nationaldexdoubles-1996051808","p1":"gfsn\u7535\u68cd\u5973\u513f\u7c73\u8bfa","p2":"Yuriwar2551","format":"[Gen 9] National Dex Doubles","log":"|j|\u2606gfsn\u7535\u68cd\u5973\u513f\u7c73\u8bfa\n|j|\u203dYuriwar2551\n|t:|1700635816\n|gametype|doubles\n|player|p1|gfsn\u7535\u68cd\u5973\u513f\u7c73\u8bfa|rosa|1287\n|player|p2|Yuriwar2551|1|1040\n|teamsize|p1|6\n|teamsize|p2|6\n|gen|9\n|tier|[Gen 9] National Dex Doubles\n|rated|\n|rule|HP Percentage Mod: HP is shown in percentages\n|rule|Endless Battle Clause: Forcing endless battles is banned\n|rule|OHKO Clause: OHKO moves are banned\n|rule|Evasion Moves Clause: Evasion moves are banned\n|rule|Evasion Abilities Clause: Evasion abilities are banned\n|rule|Species Clause: Limit one of each Pok\u00e9mon\n|rule|Gravity Sleep Clause: The combination of sleep-inducing moves with imperfect accuracy and Gravity or Gigantamax Orbeetle are banned\n|clearpoke\n|poke|p1|Landorus, M|\n|poke|p1|Volcarona, F|\n|poke|p1|Ogerpon-Wellspring, F|\n|poke|p1|Weezing, F|\n|poke|p1|Iron Bundle|\n|poke|p1|Farigiraf, F|\n|poke|p2|Lycanroc-Dusk, F|\n|poke|p2|Chien-Pao|\n|poke|p2|Zoroark-Hisui, F|\n|poke|p2|Dragonite, M|\n|poke|p2|Dragapult, M|\n|poke|p2|Maushold-Four|\n|teampreview\n|inactive|Battle timer is ON: inactive players will automatically lose when time's up. (requested by gfsn\u7535\u68cd\u5973\u513f\u7c73\u8bfa)\n|\n|t:|1700635834\n|start\n|switch|p1a: Volcarona|Volcarona, F|100\/100\n|switch|p1b: Landorus|Landorus, M|100\/100\n|switch|p2a: Dragapult|Dragapult, M|100\/100\n|switch|p2b: Chien-Pao|Chien-Pao|100\/100\n|-ability|p2b: Chien-Pao|Sword of Ruin\n|turn|1\n|\n|t:|1700635863\n|move|p1b: Landorus|Protect|p1b: Landorus\n|-singleturn|p1b: Landorus|Protect\n|move|p2b: Chien-Pao|Ice Spinner|p1b: Landorus\n|-activate|p1b: Landorus|move: Protect\n|move|p2a: Dragapult|Sludge Bomb|p1a: Volcarona\n|-damage|p1a: Volcarona|75\/100\n|-status|p1a: Volcarona|psn\n|move|p1a: Volcarona|Tailwind|p1a: Volcarona\n|-sidestart|p1: gfsn\u7535\u68cd\u5973\u513f\u7c73\u8bfa|move: Tailwind\n|\n|-damage|p1a: Volcarona|63\/100 psn|[from] psn\n|upkeep\n|turn|2\n|inactive|gfsn\u7535\u68cd\u5973\u513f\u7c73\u8bfa has 120 seconds left.\n|\n|t:|1700635899\n|move|p1a: Volcarona|Rage Powder|p1a: Volcarona\n|-singleturn|p1a: Volcarona|move: Rage Powder\n|move|p1b: Landorus|Gravity|p1b: Landorus\n|-fieldstart|move: Gravity\n|move|p2b: Chien-Pao|Ice Spinner|p1a: Volcarona\n|-resisted|p1a: Volcarona\n|-damage|p1a: Volcarona|31\/100 psn\n|move|p2a: Dragapult|Sludge Bomb|p1a: Volcarona\n|-crit|p1a: Volcarona\n|-damage|p1a: Volcarona|0 fnt\n|faint|p1a: Volcarona\n|\n|upkeep\n|\n|t:|1700635913\n|switch|p1a: Iron Bundle|Iron Bundle, shiny|100\/100\n|-enditem|p1a: Iron Bundle|Booster Energy\n|-activate|p1a: Iron Bundle|ability: Quark Drive|[fromitem]\n|-start|p1a: Iron Bundle|quarkdrivespe\n|turn|3\n|\n|t:|1700635933\n|move|p1a: Iron Bundle|Icy Wind|p2b: Chien-Pao|[spread] p2a,p2b\n|-resisted|p2b: Chien-Pao\n|-damage|p2a: Dragapult|59\/100\n|-damage|p2b: Chien-Pao|83\/100\n|-unboost|p2a: Dragapult|spe|1\n|-unboost|p2b: Chien-Pao|spe|1\n|replace|p2a: Zoroark|Zoroark-Hisui, F\n|-end|p2a: Zoroark|Illusion\n|move|p1b: Landorus|Sandsear Storm|p2b: Chien-Pao|[spread] p2a,p2b\n|-damage|p2a: Zoroark|0 fnt\n|-damage|p2b: Chien-Pao|0 fnt\n|faint|p2a: Zoroark\n|faint|p2b: Chien-Pao\n|\n|upkeep\n|\n|t:|1700635950\n|switch|p2b: Dragapult|Dragapult, M|100\/100\n|switch|p2a: Maushold|Maushold-Four|100\/100\n|turn|4\n|\n|t:|1700635975\n|move|p1a: Iron Bundle|Icy Wind|p2b: Dragapult|[spread] p2a,p2b\n|-supereffective|p2b: Dragapult\n|-crit|p2b: Dragapult\n|-damage|p2a: Maushold|71\/100\n|-damage|p2b: Dragapult|8\/100\n|-unboost|p2a: Maushold|spe|1\n|-unboost|p2b: Dragapult|spe|1\n|move|p1b: Landorus|Sandsear Storm|p2a: Maushold|[spread] p2a,p2b\n|-damage|p2a: Maushold|0 fnt\n|-damage|p2b: Dragapult|0 fnt\n|faint|p2a: Maushold\n|faint|p2b: Dragapult\n|\n|-sideend|p1: gfsn\u7535\u68cd\u5973\u513f\u7c73\u8bfa|move: Tailwind\n|upkeep\n|inactive|Yuriwar2551 has 120 seconds left.\n|\n|t:|1700635986\n|switch|p2b: Lycanroc|Lycanroc-Dusk, F|100\/100\n|switch|p2a: Dragonite|Dragonite, M|100\/100\n|turn|5\n|\n|t:|1700636001\n|move|p2b: Lycanroc|Accelerock|p1b: Landorus\n|-damage|p1b: Landorus|74\/100\n|move|p1a: Iron Bundle|Icy Wind|p2a: Dragonite|[spread] p2a,p2b\n|-supereffective|p2a: Dragonite\n|-enditem|p2a: Dragonite|Yache Berry|[eat]\n|-enditem|p2a: Dragonite|Yache Berry|[weaken]\n|-damage|p2a: Dragonite|56\/100\n|-damage|p2b: Lycanroc|64\/100\n|-unboost|p2a: Dragonite|spe|1\n|-unboost|p2b: Lycanroc|spe|1\n|move|p1b: Landorus|Sandsear Storm|p2a: Dragonite|[spread] p2a,p2b\n|-supereffective|p2b: Lycanroc\n|-damage|p2a: Dragonite|0 fnt\n|-damage|p2b: Lycanroc|0 fnt\n|faint|p2a: Dragonite\n|faint|p2b: Lycanroc\n|\n|win|gfsn\u7535\u68cd\u5973\u513f\u7c73\u8bfa\n|raw|gfsn\u7535\u68cd\u5973\u513f\u7c73\u8bfa's rating: 1287 &rarr; <strong>1297<\/strong><br \/>(+10 for winning)\n|raw|Yuriwar2551's rating: 1040 &rarr; <strong>1034<\/strong><br \/>(-6 for losing)\n","uploadtime":1700636071,"views":0,"p1id":"gfsn","p2id":"yuriwar2551","formatid":"gen9nationaldexdoubles","rating":1034,"private":0,"password":""}