{"id":"gen9nationaldexdoubles-1968332032","p1":"sadf adsf","p2":"NeonRevolution","format":"[Gen 9] National Dex Doubles","log":"|j|\u2606sadf adsf\n|j|\u2606NeonRevolution\n|t:|1697407002\n|gametype|doubles\n|player|p1|sadf adsf|lucas|1133\n|player|p2|NeonRevolution|2|1266\n|teamsize|p1|6\n|teamsize|p2|6\n|gen|9\n|tier|[Gen 9] National Dex Doubles\n|rated|\n|rule|HP Percentage Mod: HP is shown in percentages\n|rule|Endless Battle Clause: Forcing endless battles is banned\n|rule|OHKO Clause: OHKO moves are banned\n|rule|Evasion Moves Clause: Evasion moves are banned\n|rule|Evasion Abilities Clause: Evasion abilities are banned\n|rule|Species Clause: Limit one of each Pok\u00e9mon\n|rule|Gravity Sleep Clause: The combination of sleep-inducing moves with imperfect accuracy and Gravity or Gigantamax Orbeetle are banned\n|clearpoke\n|poke|p1|Indeedee-F, F|\n|poke|p1|Oranguru, F|\n|poke|p1|Glastrier|\n|poke|p1|Hoopa-Unbound|\n|poke|p1|Ursaluna, M|\n|poke|p1|Zygarde|\n|poke|p2|Lycanroc-Dusk, M|\n|poke|p2|Staraptor, F|\n|poke|p2|Tyranitar, F|\n|poke|p2|Ogerpon-Wellspring, F|\n|poke|p2|Comfey, F|\n|poke|p2|Corviknight, M|\n|teampreview\n|inactive|Battle timer is ON: inactive players will automatically lose when time's up. (requested by sadf adsf)\n|\n|t:|1697407022\n|start\n|switch|p1a: Hoopa|Hoopa-Unbound|100\/100\n|switch|p1b: Zygarde|Zygarde|100\/100\n|switch|p2a: Lycanroc|Lycanroc-Dusk, M|100\/100\n|switch|p2b: Tyranitar|Tyranitar, F|100\/100\n|-weather|Sandstorm|[from] ability: Sand Stream|[of] p2b: Tyranitar\n|-ability|p1b: Zygarde|Aura Break\n|turn|1\n|\n|t:|1697407036\n|detailschange|p2b: Tyranitar|Tyranitar-Mega, F\n|-mega|p2b: Tyranitar|Tyranitar|Tyranitarite\n|-zpower|p2a: Lycanroc\n|move|p2a: Lycanroc|Splintered Stormshards|p1a: Hoopa|[zeffect]\n|-damage|p1a: Hoopa|0 fnt\n|faint|p1a: Hoopa\n|move|p2b: Tyranitar|Dragon Dance|p2b: Tyranitar\n|-boost|p2b: Tyranitar|atk|1\n|-boost|p2b: Tyranitar|spe|1\n|move|p1b: Zygarde|Coil|p1b: Zygarde\n|-boost|p1b: Zygarde|atk|1\n|-boost|p1b: Zygarde|def|1\n|-boost|p1b: Zygarde|accuracy|1\n|\n|-weather|Sandstorm|[upkeep]\n|upkeep\n|\n|t:|1697407052\n|switch|p1a: Indeedee|Indeedee-F, F|100\/100\n|-fieldstart|move: Psychic Terrain|[from] ability: Psychic Surge|[of] p1a: Indeedee\n|turn|2\n|inactive|NeonRevolution has 120 seconds left.\n|inactive|NeonRevolution has 90 seconds left.\n|\n|t:|1697407117\n|move|p2b: Tyranitar|Crunch|p1b: Zygarde\n|-damage|p1b: Zygarde|66\/100\n|move|p2a: Lycanroc|Close Combat|p1b: Zygarde\n|-damage|p1b: Zygarde|45\/100\n|-unboost|p2a: Lycanroc|def|1\n|-unboost|p2a: Lycanroc|spd|1\n|move|p1b: Zygarde|Thousand Arrows|p2a: Lycanroc|[spread] p2a,p2b\n|-supereffective|p2a: Lycanroc\n|-supereffective|p2b: Tyranitar\n|-damage|p2a: Lycanroc|0 fnt\n|-damage|p2b: Tyranitar|54\/100\n|faint|p2a: Lycanroc\n|move|p1a: Indeedee|Trick Room|p1a: Indeedee\n|-fieldstart|move: Trick Room|[of] p1a: Indeedee\n|-enditem|p1b: Zygarde|Room Service\n|-unboost|p1b: Zygarde|spe|1|[from] item: Room Service\n|\n|-weather|Sandstorm|[upkeep]\n|-damage|p1a: Indeedee|94\/100|[from] Sandstorm\n|upkeep\n|\n|t:|1697407130\n|switch|p2a: Comfey|Comfey, F|100\/100\n|turn|3\n|\n|t:|1697407141\n|move|p2a: Comfey|Draining Kiss|p1b: Zygarde\n|-activate|p1b: Zygarde|move: Psychic Terrain\n|move|p1a: Indeedee|Follow Me|p1a: Indeedee\n|-singleturn|p1a: Indeedee|move: Follow Me\n|move|p1b: Zygarde|Thousand Arrows|p2b: Tyranitar|[spread] p2a,p2b\n|-supereffective|p2b: Tyranitar\n|-damage|p2a: Comfey|52\/100\n|-damage|p2b: Tyranitar|6\/100\n|move|p2b: Tyranitar|Crunch|p1a: Indeedee\n|-supereffective|p1a: Indeedee\n|-damage|p1a: Indeedee|0 fnt\n|faint|p1a: Indeedee\n|\n|-weather|Sandstorm|[upkeep]\n|-damage|p2a: Comfey|46\/100|[from] Sandstorm\n|upkeep\n|\n|t:|1697407159\n|switch|p1a: Ursaluna|Ursaluna, M|100\/100\n|turn|4\n|inactive|NeonRevolution has 120 seconds left.\n|\n|t:|1697407173\n|move|p1a: Ursaluna|Facade|p2b: Tyranitar\n|-resisted|p2b: Tyranitar\n|-damage|p2b: Tyranitar|0 fnt\n|faint|p2b: Tyranitar\n|move|p1b: Zygarde|Thousand Arrows|p2a: Comfey\n|-damage|p2a: Comfey|0 fnt\n|faint|p2a: Comfey\n|\n|-weather|Sandstorm|[upkeep]\n|-status|p1a: Ursaluna|brn|[from] item: Flame Orb\n|upkeep\n|\n|t:|1697407186\n|switch|p2b: Ogerpon|Ogerpon-Wellspring, F|100\/100\n|switch|p2a: Staraptor|Staraptor, F|100\/100\n|-ability|p2a: Staraptor|Intimidate|boost\n|-unboost|p1a: Ursaluna|atk|1\n|-unboost|p1b: Zygarde|atk|1\n|turn|5\n|\n|t:|1697407200\n|move|p1a: Ursaluna|Facade|p2b: Ogerpon\n|-damage|p2b: Ogerpon|0 fnt\n|faint|p2b: Ogerpon\n|move|p1b: Zygarde|Thousand Arrows|p2a: Staraptor\n|-damage|p2a: Staraptor|53\/100\n|-start|p2a: Staraptor|Smack Down\n|move|p2a: Staraptor|Close Combat|p1a: Ursaluna\n|-supereffective|p1a: Ursaluna\n|-damage|p1a: Ursaluna|36\/100 brn\n|-unboost|p2a: Staraptor|def|1\n|-unboost|p2a: Staraptor|spd|1\n|\n|-weather|none\n|-damage|p1a: Ursaluna|30\/100 brn|[from] brn\n|upkeep\n|inactive|NeonRevolution has 120 seconds left.\n|-message|NeonRevolution forfeited.\n|\n|win|sadf adsf\n|raw|sadf adsf's rating: 1133 &rarr; <strong>1167<\/strong><br \/>(+34 for winning)\n|raw|NeonRevolution's rating: 1266 &rarr; <strong>1232<\/strong><br \/>(-34 for losing)\n|l|\u2606NeonRevolution\n","uploadtime":1697407217,"views":7,"p1id":"sadfadsf","p2id":"neonrevolution","formatid":"gen9nationaldexdoubles","rating":1167,"private":0,"password":""}