{"id":"gen9nationaldexdoubles-1979747029","p1":"Sea's Breeze","p2":"Boshigoat","format":"[Gen 9] National Dex Doubles","log":"|j|\u2606Sea's Breeze\n|j|\u2606Boshigoat\n|t:|1698709053\n|gametype|doubles\n|player|p1|Sea's Breeze|nessa|1299\n|player|p2|Boshigoat|2|1458\n|teamsize|p1|6\n|teamsize|p2|6\n|gen|9\n|tier|[Gen 9] National Dex Doubles\n|rated|\n|rule|HP Percentage Mod: HP is shown in percentages\n|rule|Endless Battle Clause: Forcing endless battles is banned\n|rule|OHKO Clause: OHKO moves are banned\n|rule|Evasion Moves Clause: Evasion moves are banned\n|rule|Evasion Abilities Clause: Evasion abilities are banned\n|rule|Species Clause: Limit one of each Pok\u00e9mon\n|rule|Gravity Sleep Clause: The combination of sleep-inducing moves with imperfect accuracy and Gravity or Gigantamax Orbeetle are banned\n|clearpoke\n|poke|p1|Kangaskhan, F|\n|poke|p1|Rillaboom, M|\n|poke|p1|Zygarde|\n|poke|p1|Flutter Mane|\n|poke|p1|Urshifu-*, M|\n|poke|p1|Chien-Pao|\n|poke|p2|Ursaluna-Bloodmoon, M|\n|poke|p2|Sinistcha|\n|poke|p2|Conkeldurr, M|\n|poke|p2|Cresselia, F|\n|poke|p2|Diancie|\n|poke|p2|Kingambit, F|\n|teampreview\n|inactive|Battle timer is ON: inactive players will automatically lose when time's up. (requested by Sea's Breeze)\n|inactive|Boshigoat has 120 seconds left.\n|inactive|Sea's Breeze has 120 seconds left.\n|\n|t:|1698709103\n|start\n|switch|p1a: Zygarde|Zygarde|100\/100\n|switch|p1b: Chien-Pao|Chien-Pao|100\/100\n|switch|p2a: Ursaluna|Ursaluna-Bloodmoon, M|100\/100\n|switch|p2b: Cresselia|Cresselia, F|100\/100\n|-ability|p1b: Chien-Pao|Sword of Ruin\n|-ability|p1a: Zygarde|Aura Break\n|turn|1\n|\n|t:|1698709114\n|move|p2a: Ursaluna|Protect|p2a: Ursaluna\n|-singleturn|p2a: Ursaluna|Protect\n|-zpower|p1b: Chien-Pao\n|move|p1b: Chien-Pao|Black Hole Eclipse|p2b: Cresselia|[zeffect]\n|-supereffective|p2b: Cresselia\n|-damage|p2b: Cresselia|0 fnt\n|faint|p2b: Cresselia\n|move|p1a: Zygarde|Thousand Arrows|p2a: Ursaluna\n|-activate|p2a: Ursaluna|move: Protect\n|\n|upkeep\n|\n|t:|1698709134\n|switch|p2b: Sinistcha|Sinistcha|100\/100\n|turn|2\n|\n|t:|1698709147\n|-terastallize|p2b: Sinistcha|Water\n|move|p1b: Chien-Pao|Icicle Crash|p2b: Sinistcha\n|-resisted|p2b: Sinistcha\n|-damage|p2b: Sinistcha|74\/100\n|move|p1a: Zygarde|Thousand Arrows|p2b: Sinistcha|[spread] p2a,p2b\n|-damage|p2a: Ursaluna|73\/100\n|-damage|p2b: Sinistcha|37\/100\n|move|p2a: Ursaluna|Hyper Voice|p1b: Chien-Pao|[spread] p1a,p1b\n|-damage|p1a: Zygarde|56\/100\n|-damage|p1b: Chien-Pao|20\/100\n|cant|p2b: Sinistcha|flinch\n|\n|upkeep\n|turn|3\n|c|\u2606Sea's Breeze|mb\n|inactive|Boshigoat has 120 seconds left.\n|\n|t:|1698709187\n|move|p2b: Sinistcha|Rage Powder|p2b: Sinistcha\n|-singleturn|p2b: Sinistcha|move: Rage Powder\n|move|p1b: Chien-Pao|Icicle Crash|p2b: Sinistcha\n|-resisted|p2b: Sinistcha\n|-damage|p2b: Sinistcha|10\/100\n|move|p1a: Zygarde|Thousand Arrows|p2b: Sinistcha|[spread] p2a,p2b\n|-damage|p2a: Ursaluna|45\/100\n|-damage|p2b: Sinistcha|0 fnt\n|faint|p2b: Sinistcha\n|move|p2a: Ursaluna|Hyper Voice|p1b: Chien-Pao|[spread] p1a,p1b\n|-damage|p1a: Zygarde|4\/100\n|-damage|p1b: Chien-Pao|0 fnt\n|faint|p1b: Chien-Pao\n|\n|upkeep\n|\n|t:|1698709197\n|switch|p1b: Rillaboom|Rillaboom, M|100\/100\n|switch|p2b: Diancie|Diancie|100\/100\n|-fieldstart|move: Grassy Terrain|[from] ability: Grassy Surge|[of] p1b: Rillaboom\n|turn|4\n|\n|t:|1698709213\n|-terastallize|p1b: Rillaboom|Grass\n|move|p1b: Rillaboom|Grassy Glide|p2b: Diancie\n|-supereffective|p2b: Diancie\n|-damage|p2b: Diancie|19\/100\n|-enditem|p2b: Diancie|Weakness Policy\n|-boost|p2b: Diancie|atk|2|[from] item: Weakness Policy\n|-boost|p2b: Diancie|spa|2|[from] item: Weakness Policy\n|move|p1a: Zygarde|Thousand Arrows|p2b: Diancie|[spread] p2a,p2b\n|-supereffective|p2b: Diancie\n|-damage|p2a: Ursaluna|23\/100\n|-damage|p2b: Diancie|0 fnt\n|faint|p2b: Diancie\n|move|p2a: Ursaluna|Hyper Voice|p1a: Zygarde|[spread] p1a,p1b\n|-crit|p1b: Rillaboom\n|-damage|p1a: Zygarde|0 fnt\n|-damage|p1b: Rillaboom|48\/100\n|faint|p1a: Zygarde\n|\n|-heal|p1b: Rillaboom|54\/100|[from] Grassy Terrain\n|-heal|p2a: Ursaluna|29\/100|[from] Grassy Terrain\n|upkeep\n|\n|t:|1698709230\n|switch|p1a: Urshifu|Urshifu-Rapid-Strike, M|100\/100\n|switch|p2b: Conkeldurr|Conkeldurr, M|100\/100\n|turn|5\n|\n|t:|1698709245\n|move|p1b: Rillaboom|Grassy Glide|p2a: Ursaluna\n|-supereffective|p2a: Ursaluna\n|-damage|p2a: Ursaluna|0 fnt\n|faint|p2a: Ursaluna\n|move|p1a: Urshifu|Surging Strikes|p2b: Conkeldurr\n|-crit|p2b: Conkeldurr\n|-damage|p2b: Conkeldurr|75\/100\n|-crit|p2b: Conkeldurr\n|-damage|p2b: Conkeldurr|46\/100\n|-crit|p2b: Conkeldurr\n|-damage|p2b: Conkeldurr|18\/100\n|-hitcount|p2b: Conkeldurr|3\n|move|p2b: Conkeldurr|Close Combat|p1a: Urshifu\n|-damage|p1a: Urshifu|26\/100\n|-unboost|p2b: Conkeldurr|def|1\n|-unboost|p2b: Conkeldurr|spd|1\n|\n|-heal|p1a: Urshifu|32\/100|[from] Grassy Terrain\n|-heal|p1b: Rillaboom|60\/100|[from] Grassy Terrain\n|-heal|p2b: Conkeldurr|24\/100|[from] Grassy Terrain\n|-status|p2b: Conkeldurr|brn|[from] item: Flame Orb\n|upkeep\n|\n|t:|1698709251\n|switch|p2a: Kingambit|Kingambit, F|100\/100\n|-activate|p2a: Kingambit|ability: Supreme Overlord\n|-start|p2a: Kingambit|fallen4|[silent]\n|turn|6\n|\n|t:|1698709262\n|move|p2a: Kingambit|Sucker Punch|p1a: Urshifu\n|-resisted|p1a: Urshifu\n|-damage|p1a: Urshifu|5\/100\n|move|p1a: Urshifu|Surging Strikes|p2a: Kingambit\n|-crit|p2a: Kingambit\n|-damage|p2a: Kingambit|77\/100\n|-crit|p2a: Kingambit\n|-damage|p2a: Kingambit|56\/100\n|-crit|p2a: Kingambit\n|-damage|p2a: Kingambit|31\/100\n|-hitcount|p2a: Kingambit|3\n|move|p1b: Rillaboom|U-turn|p2a: Kingambit\n|-damage|p2a: Kingambit|11\/100\n|\n|t:|1698709267\n|switch|p1b: Kangaskhan|Kangaskhan, F|100\/100|[from] U-turn\n|move|p2b: Conkeldurr|Ice Punch|p1b: Kangaskhan\n|-damage|p1b: Kangaskhan|61\/100\n|\n|-heal|p1a: Urshifu|11\/100|[from] Grassy Terrain\n|-heal|p1b: Kangaskhan|67\/100|[from] Grassy Terrain\n|-heal|p2a: Kingambit|17\/100|[from] Grassy Terrain\n|-heal|p2b: Conkeldurr|30\/100 brn|[from] Grassy Terrain\n|-damage|p2b: Conkeldurr|24\/100 brn|[from] brn\n|upkeep\n|turn|7\n|\n|t:|1698709277\n|switch|p1a: Flutter Mane|Flutter Mane|100\/100\n|-enditem|p1a: Flutter Mane|Booster Energy\n|-activate|p1a: Flutter Mane|ability: Protosynthesis|[fromitem]\n|-start|p1a: Flutter Mane|protosynthesisspe\n|detailschange|p1b: Kangaskhan|Kangaskhan-Mega, F\n|-mega|p1b: Kangaskhan|Kangaskhan|Kangaskhanite\n|move|p1b: Kangaskhan|Fake Out|p2b: Conkeldurr\n|-damage|p2b: Conkeldurr|1\/100 brn\n|-crit|p2b: Conkeldurr\n|-damage|p2b: Conkeldurr|0 fnt\n|faint|p2b: Conkeldurr\n|-hitcount|p2: Conkeldurr|2\n|move|p2a: Kingambit|Sucker Punch||[still]\n|-fail|p2a: Kingambit\n|\n|-heal|p1b: Kangaskhan|73\/100|[from] Grassy Terrain\n|-heal|p2a: Kingambit|23\/100|[from] Grassy Terrain\n|upkeep\n|turn|8\n|c|\u2606Sea's Breeze|gg\n|\n|t:|1698709286\n|move|p1a: Flutter Mane|Protect|p1a: Flutter Mane\n|-singleturn|p1a: Flutter Mane|Protect\n|move|p2a: Kingambit|Sucker Punch||[still]\n|-fail|p2a: Kingambit\n|move|p1b: Kangaskhan|Seismic Toss|p2a: Kingambit\n|-damage|p2a: Kingambit|0 fnt\n|faint|p2a: Kingambit\n|-end|p2a: Kingambit|fallen4|[silent]\n|-hitcount|p2: Kingambit|1\n|\n|win|Sea's Breeze\n|raw|Sea&apos;s Breeze's rating: 1299 &rarr; <strong>1335<\/strong><br \/>(+36 for winning)\n|raw|Boshigoat's rating: 1458 &rarr; <strong>1429<\/strong><br \/>(-29 for losing)\n|l|\u2606Boshigoat\n","uploadtime":1698709295,"views":13,"p1id":"seasbreeze","p2id":"boshigoat","formatid":"gen9nationaldexdoubles","rating":1335,"private":0,"password":""}