{"id":"gen9nationaldexdoubles-1958753738","p1":"UncleKars","p2":"kpoc12","format":"[Gen 9] National Dex Doubles","log":"|j|\u2606UncleKars\n|j|\u2606kpoc12\n|t:|1696355398\n|gametype|doubles\n|player|p1|UncleKars|silver|\n|player|p2|kpoc12|giovanni|\n|teamsize|p1|6\n|teamsize|p2|6\n|gen|9\n|tier|[Gen 9] National Dex Doubles\n|rule|HP Percentage Mod: HP is shown in percentages\n|rule|Endless Battle Clause: Forcing endless battles is banned\n|rule|OHKO Clause: OHKO moves are banned\n|rule|Evasion Moves Clause: Evasion moves are banned\n|rule|Evasion Abilities Clause: Evasion abilities are banned\n|rule|Species Clause: Limit one of each Pok\u00e9mon\n|rule|Gravity Sleep Clause: The combination of sleep-inducing moves with imperfect accuracy and Gravity or Gigantamax Orbeetle are banned\n|clearpoke\n|poke|p1|Mudsdale, F|\n|poke|p1|Kommo-o, M|\n|poke|p1|Cacturne, M|\n|poke|p1|Ampharos, M|\n|poke|p1|Palafin, M|\n|poke|p1|Perrserker, M|\n|poke|p2|Rhyperior, F|\n|poke|p2|Garchomp, F|\n|poke|p2|Gliscor, M|\n|poke|p2|Salamence, F|\n|poke|p2|Arcanine, M|\n|poke|p2|Torterra, M|\n|teampreview\n|j| AutumnCookie\n|j| cassinidivision\n|l|\u2606UncleKars\n|player|p1|\n|c|\u2606kpoc12|I GOT THE BEST MUSIC YESSS\n|j|\u2606UncleKars\n|player|p1|UncleKars|silver\n|\n|t:|1696355414\n|start\n|switch|p1a: Rodeo|Mudsdale, F|100\/100\n|switch|p1b: Il|Palafin, M|100\/100\n|switch|p2a: Torterra|Torterra, M|100\/100\n|switch|p2b: Gliscor|Gliscor, M|100\/100\n|turn|1\n|c|\u2606kpoc12|<-- forgot what theme this is\n|c| cassinidivision|finally. gee oh vanity\n|c|\u2606UncleKars|there is a hornet on my hat gimme a sec\n|c|\u2606kpoc12|chillin\n|\n|t:|1696355444\n|-terastallize|p1a: Rodeo|Steel\n|move|p1b: Il|Flip Turn|p2b: Gliscor\n|-supereffective|p2b: Gliscor\n|-damage|p2b: Gliscor|67\/100\n|\n|t:|1696355455\n|detailschange|p1b: Il|Palafin-Hero, M\n|switch|p1b: Clawful|Perrserker, M|100\/100|[from] Flip Turn\n|move|p2b: Gliscor|Tailwind|p2b: Gliscor\n|-sidestart|p2: kpoc12|move: Tailwind\n|move|p2a: Torterra|Wood Hammer|p1a: Rodeo\n|-resisted|p1a: Rodeo\n|-damage|p1a: Rodeo|77\/100\n|-ability|p1a: Rodeo|Stamina|boost\n|-boost|p1a: Rodeo|def|1\n|-damage|p2a: Torterra|91\/100|[from] Recoil\n|move|p1a: Rodeo|Iron Defense|p1a: Rodeo\n|-boost|p1a: Rodeo|def|2\n|\n|-heal|p2a: Torterra|97\/100|[from] item: Leftovers\n|-heal|p1a: Rodeo|84\/100|[from] item: Leftovers\n|upkeep\n|turn|2\n|c|\u2606kpoc12|why does flip turn break my game\n|c|\u2606kpoc12|OH CUZ UR SWAPPING\n|c|\u2606kpoc12|DUH\n|\n|t:|1696355483\n|switch|p2b: Arcanine|Arcanine, M|100\/100\n|-ability|p2b: Arcanine|Intimidate|boost\n|-unboost|p1a: Rodeo|atk|1\n|-unboost|p1b: Clawful|atk|1\n|move|p2a: Torterra|Shell Smash|p2a: Torterra\n|-unboost|p2a: Torterra|def|1\n|-unboost|p2a: Torterra|spd|1\n|-boost|p2a: Torterra|atk|2\n|-boost|p2a: Torterra|spa|2\n|-boost|p2a: Torterra|spe|2\n|move|p1b: Clawful|U-turn|p2a: Torterra\n|-supereffective|p2a: Torterra\n|-damage|p2a: Torterra|34\/100\n|\n|t:|1696355496\n|switch|p1b: Il|Palafin-Hero, M|100\/100|[from] U-turn\n|-activate|p1b: Il|ability: Zero to Hero\n|move|p1a: Rodeo|Body Press|p2a: Torterra\n|-damage|p2a: Torterra|0 fnt\n|faint|p2a: Torterra\n|\n|-heal|p1a: Rodeo|90\/100|[from] item: Leftovers\n|upkeep\n|c|\u2606kpoc12|he loves clawful\n|c|\u2606kpoc12|sm\n|c|\u2606UncleKars|Get fucked. Horse.\n|c| cassinidivision|i wonder why\n|\n|t:|1696355513\n|switch|p2a: Garchomp|Garchomp, F|100\/100\n|turn|3\n|c| cassinidivision|no dont do that to t he horse\n|\n|t:|1696355523\n|move|p1b: Il|Jet Punch|p2b: Arcanine\n|-supereffective|p2b: Arcanine\n|-damage|p2b: Arcanine|5\/100\n|move|p2b: Arcanine|Flare Blitz|p1a: Rodeo\n|-supereffective|p1a: Rodeo\n|-damage|p1a: Rodeo|54\/100\n|-ability|p1a: Rodeo|Stamina|boost\n|-boost|p1a: Rodeo|def|1\n|-damage|p2b: Arcanine|0 fnt|[from] Recoil\n|faint|p2b: Arcanine\n|move|p2a: Garchomp|Outrage|p1b: Il\n|-damage|p1b: Il|41\/100\n|move|p1a: Rodeo|High Horsepower|p2a: Garchomp\n|-damage|p2a: Garchomp|78\/100\n|-damage|p1a: Rodeo|42\/100|[from] ability: Rough Skin|[of] p2a: Garchomp\n|\n|-heal|p1a: Rodeo|48\/100|[from] item: Leftovers\n|upkeep\n|c|\u2606kpoc12|ggs already fuck ,e\n|c|\u2606kpoc12|me\n|c|\u2606kpoc12|horse power\n|c|\u2606kpoc12|literallh\n|\n|t:|1696355546\n|switch|p2b: Salamence|Salamence, F, shiny|100\/100\n|-ability|p2b: Salamence|Intimidate|boost\n|-unboost|p1a: Rodeo|atk|1\n|-unboost|p1b: Il|atk|1\n|turn|4\n|c|\u2606UncleKars|the horse\n|c|\u2606kpoc12|the horse\n|c| cassinidivision|the horse\n|\n|t:|1696355569\n|detailschange|p2b: Salamence|Salamence-Mega, F, shiny\n|-mega|p2b: Salamence|Salamence|Salamencite\n|move|p2b: Salamence|Return|p1a: Rodeo\n|-resisted|p1a: Rodeo\n|-damage|p1a: Rodeo|39\/100\n|-ability|p1a: Rodeo|Stamina|boost\n|-boost|p1a: Rodeo|def|1\n|move|p2a: Garchomp|Outrage|p1b: Il|[from]lockedmove\n|-crit|p1b: Il\n|-damage|p1b: Il|0 fnt\n|faint|p1b: Il\n|-start|p2a: Garchomp|confusion|[fatigue]\n|move|p1a: Rodeo|High Horsepower|p2a: Garchomp\n|-damage|p2a: Garchomp|62\/100\n|-damage|p1a: Rodeo|27\/100|[from] ability: Rough Skin|[of] p2a: Garchomp\n|\n|-heal|p1a: Rodeo|33\/100|[from] item: Leftovers\n|-sideend|p2: kpoc12|move: Tailwind\n|upkeep\n|c| cassinidivision|is divo a my litle ponyta fan\n|c| cassinidivision|a bronyta\n|c|\u2606kpoc12|HHFHG\n|\n|t:|1696355589\n|switch|p1b: Spotlight|Ampharos, M|100\/100\n|turn|5\n|\n|t:|1696355597\n|move|p2b: Salamence|Return|p1a: Rodeo\n|-resisted|p1a: Rodeo\n|-damage|p1a: Rodeo|26\/100\n|-ability|p1a: Rodeo|Stamina|boost\n|-boost|p1a: Rodeo|def|1\n|-activate|p2a: Garchomp|confusion\n|move|p2a: Garchomp|Earthquake|p1b: Spotlight|[spread] p1a,p1b\n|-immune|p2b: Salamence\n|-supereffective|p1a: Rodeo\n|-supereffective|p1b: Spotlight\n|-damage|p1a: Rodeo|11\/100\n|-damage|p1b: Spotlight|19\/100\n|move|p1b: Spotlight|Dazzling Gleam|p2b: Salamence|[spread] p2a,p2b\n|-supereffective|p2a: Garchomp\n|-supereffective|p2b: Salamence\n|-damage|p2a: Garchomp|22\/100\n|-damage|p2b: Salamence|53\/100\n|move|p1a: Rodeo|Body Press|p2b: Salamence\n|-resisted|p2b: Salamence\n|-damage|p2b: Salamence|20\/100\n|\n|-heal|p1a: Rodeo|17\/100|[from] item: Leftovers\n|upkeep\n|turn|6\n|c|\u2606UncleKars|he\u2019s not a bronyta\n|c| cassinidivision|he should be\n|c| cassinidivision|can una show him mlp\n|c|\u2606kpoc12|pls\n|\n|t:|1696355629\n|move|p2b: Salamence|Return|p1a: Rodeo\n|-resisted|p1a: Rodeo\n|-damage|p1a: Rodeo|11\/100\n|-end|p2a: Garchomp|confusion\n|move|p2a: Garchomp|Earthquake|p1a: Rodeo|[spread] p1a,p1b\n|-immune|p2b: Salamence\n|-supereffective|p1a: Rodeo\n|-supereffective|p1b: Spotlight\n|-damage|p1a: Rodeo|0 fnt\n|-damage|p1b: Spotlight|0 fnt\n|faint|p1a: Rodeo\n|faint|p1b: Spotlight\n|\n|upkeep\n|\n|t:|1696355642\n|switch|p1b: Clawful|Perrserker, M|100\/100\n|switch|p1a: Cowboy|Kommo-o, M|100\/100\n|turn|7\n|c| cassinidivision|horse death\n|\n|t:|1696355649\n|move|p2b: Salamence|Return|p1a: Cowboy\n|-supereffective|p1a: Cowboy\n|-damage|p1a: Cowboy|0 fnt\n|faint|p1a: Cowboy\n|move|p2a: Garchomp|Earthquake|p1b: Clawful|[spread] p1b\n|-immune|p2b: Salamence\n|-supereffective|p1b: Clawful\n|-damage|p1b: Clawful|16\/100\n|move|p1b: Clawful|Play Rough|p2a: Garchomp\n|-supereffective|p2a: Garchomp\n|-damage|p2a: Garchomp|0 fnt\n|-damage|p1b: Clawful|4\/100|[from] ability: Rough Skin|[of] p2a: Garchomp\n|faint|p2a: Garchomp\n|\n|upkeep\n|c|\u2606UncleKars|Why is return super effective??\n|c| cassinidivision|? isnt return normal\n|c|\u2606UncleKars|yeah..?\n|c|\u2606kpoc12|mega sal ability turns normal type moves to flying type moves\n|c| cassinidivision|ohhh\n|\n|t:|1696355688\n|switch|p1a: Deputy|Cacturne, M|100\/100\n|switch|p2a: Gliscor|Gliscor, M|67\/100\n|turn|8\n|c| cassinidivision|i. didnt even noticed you megad.\n|c|\u2606kpoc12|LOL\n|c| cassinidivision|tbf mega salamance isnt. THAAAAAAt differemt\n|\n|t:|1696355728\n|move|p1a: Deputy|Spiky Shield|p1a: Deputy\n|-singleturn|p1a: Deputy|move: Protect\n|move|p2b: Salamence|Return|p1b: Clawful\n|-resisted|p1b: Clawful\n|-damage|p1b: Clawful|0 fnt\n|faint|p1b: Clawful\n|move|p2a: Gliscor|Tailwind|p2a: Gliscor\n|-sidestart|p2: kpoc12|move: Tailwind\n|\n|upkeep\n|turn|9\n|c|\u2606UncleKars|and you thought you lost when you saw high horsepower\n|c|\u2606kpoc12|i gen did\n|\n|t:|1696355756\n|move|p2b: Salamence|Return|p1a: Deputy\n|-supereffective|p1a: Deputy\n|-damage|p1a: Deputy|0 fnt\n|faint|p1a: Deputy\n|\n|win|kpoc12\n|c|\u2606kpoc12|i was shitting myselg\n|c|\u2606kpoc12|gg\n|c|\u2606kpoc12|horse is scary\n|c| cassinidivision|zamn\n","uploadtime":1696355774,"views":15,"p1id":"unclekars","p2id":"kpoc12","formatid":"gen9nationaldexdoubles","rating":0,"private":0,"password":""}