{"id":"gen9nationaldexdoubles-1968511592","p1":"psng","p2":"Rikard & Frida","format":"[Gen 9] National Dex Doubles","log":"|j|\u2606psng\n|j|\u2606Rikard & Frida\n|t:|1697426717\n|gametype|doubles\n|player|p1|psng|wallace|1179\n|player|p2|Rikard & Frida|youngcouple-gen4dp|1243\n|teamsize|p1|6\n|teamsize|p2|6\n|gen|9\n|tier|[Gen 9] National Dex Doubles\n|rated|\n|rule|HP Percentage Mod: HP is shown in percentages\n|rule|Endless Battle Clause: Forcing endless battles is banned\n|rule|OHKO Clause: OHKO moves are banned\n|rule|Evasion Moves Clause: Evasion moves are banned\n|rule|Evasion Abilities Clause: Evasion abilities are banned\n|rule|Species Clause: Limit one of each Pok\u00e9mon\n|rule|Gravity Sleep Clause: The combination of sleep-inducing moves with imperfect accuracy and Gravity or Gigantamax Orbeetle are banned\n|clearpoke\n|poke|p1|Indeedee-F, F|\n|poke|p1|Blastoise, F|\n|poke|p1|Pelipper, M|\n|poke|p1|Swampert, M|\n|poke|p1|Regieleki|\n|poke|p1|Ferrothorn, F|\n|poke|p2|Electivire, M|\n|poke|p2|Porygon-Z|\n|poke|p2|Sceptile, M|\n|poke|p2|Infernape, M|\n|poke|p2|Greninja-*, M|\n|poke|p2|Salamence, M|\n|teampreview\n|inactive|Battle timer is ON: inactive players will automatically lose when time's up. (requested by Rikard & Frida)\n|inactive|psng also wants the timer to be on.\n|\n|t:|1697426728\n|start\n|switch|p1a: Indeedee|Indeedee-F, F, shiny|100\/100\n|switch|p1b: Blastoise|Blastoise, F, shiny|100\/100\n|switch|p2a: Infernape|Infernape, M|100\/100\n|switch|p2b: Salamence|Salamence, M|100\/100\n|-ability|p2b: Salamence|Intimidate|boost\n|-unboost|p1a: Indeedee|atk|1\n|-unboost|p1b: Blastoise|atk|1\n|-fieldstart|move: Psychic Terrain|[from] ability: Psychic Surge|[of] p1a: Indeedee\n|turn|1\n|\n|t:|1697426738\n|detailschange|p2b: Salamence|Salamence-Mega, M\n|-mega|p2b: Salamence|Salamence|Salamencite\n|move|p1a: Indeedee|Follow Me|p1a: Indeedee\n|-singleturn|p1a: Indeedee|move: Follow Me\n|move|p2b: Salamence|Double-Edge|p1a: Indeedee\n|-crit|p1a: Indeedee\n|-damage|p1a: Indeedee|0 fnt\n|faint|p1a: Indeedee\n|-damage|p2b: Salamence|66\/100|[from] Recoil\n|move|p2a: Infernape|Close Combat|p1b: Blastoise\n|-damage|p1b: Blastoise|20\/100\n|-unboost|p2a: Infernape|def|1\n|-unboost|p2a: Infernape|spd|1\n|-damage|p2a: Infernape|91\/100|[from] item: Life Orb\n|move|p1b: Blastoise|Shell Smash|p1b: Blastoise\n|-unboost|p1b: Blastoise|def|1\n|-unboost|p1b: Blastoise|spd|1\n|-boost|p1b: Blastoise|atk|2\n|-boost|p1b: Blastoise|spa|2\n|-boost|p1b: Blastoise|spe|2\n|\n|upkeep\n|\n|t:|1697426752\n|switch|p1a: Pelipper|Pelipper, M|100\/100\n|-weather|RainDance|[from] ability: Drizzle|[of] p1a: Pelipper\n|turn|2\n|\n|t:|1697426758\n|switch|p1a: Ferrothorn|Ferrothorn, F, shiny|100\/100\n|-terastallize|p1b: Blastoise|Water\n|move|p1b: Blastoise|Surf|p2a: Infernape|[spread] p1a,p2a,p2b\n|-resisted|p1a: Ferrothorn\n|-supereffective|p2a: Infernape\n|-resisted|p2b: Salamence\n|-damage|p1a: Ferrothorn|54\/100\n|-damage|p2a: Infernape|0 fnt\n|-damage|p2b: Salamence|0 fnt\n|faint|p2a: Infernape\n|faint|p2b: Salamence\n|\n|-weather|RainDance|[upkeep]\n|-heal|p1b: Blastoise|26\/100|[from] ability: Rain Dish\n|-heal|p1a: Ferrothorn|60\/100|[from] item: Leftovers\n|upkeep\n|\n|t:|1697426769\n|switch|p2b: Electivire|Electivire, M|100\/100\n|switch|p2a: Sceptile|Sceptile, M|100\/100\n|turn|3\n|\n|t:|1697426779\n|move|p1b: Blastoise|Water Spout|p2b: Electivire|[spread] p2a,p2b\n|-resisted|p2a: Sceptile\n|-damage|p2a: Sceptile|63\/100\n|-damage|p2b: Electivire|22\/100\n|move|p2a: Sceptile|Energy Ball|p1b: Blastoise\n|-supereffective|p1b: Blastoise\n|-crit|p1b: Blastoise\n|-damage|p1b: Blastoise|0 fnt\n|faint|p1b: Blastoise\n|move|p2b: Electivire|Wild Charge|p1a: Ferrothorn\n|-resisted|p1a: Ferrothorn\n|-damage|p1a: Ferrothorn|41\/100\n|-damage|p2b: Electivire|9\/100|[from] ability: Iron Barbs|[of] p1a: Ferrothorn\n|-damage|p2b: Electivire|4\/100|[from] Recoil\n|move|p1a: Ferrothorn|Iron Defense|p1a: Ferrothorn\n|-boost|p1a: Ferrothorn|def|2\n|\n|-weather|RainDance|[upkeep]\n|-heal|p1a: Ferrothorn|47\/100|[from] item: Leftovers\n|upkeep\n|\n|t:|1697426797\n|switch|p1b: Swampert|Swampert, M, shiny|100\/100\n|turn|4\n|\n|t:|1697426811\n|detailschange|p1b: Swampert|Swampert-Mega, M, shiny\n|-mega|p1b: Swampert|Swampert|Swampertite\n|move|p1b: Swampert|Earthquake|p2a: Sceptile|[spread] p1a,p2a,p2b\n|-resisted|p2a: Sceptile\n|-supereffective|p2b: Electivire\n|-damage|p1a: Ferrothorn|28\/100\n|-damage|p2a: Sceptile|25\/100\n|-damage|p2b: Electivire|0 fnt\n|-enditem|p2a: Sceptile|Petaya Berry|[eat]\n|-boost|p2a: Sceptile|spa|1|[from] item: Petaya Berry\n|faint|p2b: Electivire\n|move|p2a: Sceptile|Energy Ball|p1b: Swampert\n|-supereffective|p1b: Swampert\n|-damage|p1b: Swampert|0 fnt\n|faint|p1b: Swampert\n|move|p1a: Ferrothorn|Iron Defense|p1a: Ferrothorn\n|-boost|p1a: Ferrothorn|def|2\n|\n|-weather|RainDance|[upkeep]\n|-heal|p1a: Ferrothorn|34\/100|[from] item: Leftovers\n|upkeep\n|\n|t:|1697426826\n|switch|p2b: Porygon-Z|Porygon-Z|100\/100\n|switch|p1b: Regieleki|Regieleki, shiny|100\/100\n|turn|5\n|\n|t:|1697426834\n|move|p2a: Sceptile|Energy Ball|p1b: Regieleki\n|-damage|p1b: Regieleki|0 fnt\n|faint|p1b: Regieleki\n|-zpower|p2b: Porygon-Z\n|move|p2b: Porygon-Z|Z-Conversion||[anim]Conversion|[still]\n|-boost|p2b: Porygon-Z|atk|1|[zeffect]\n|-boost|p2b: Porygon-Z|def|1|[zeffect]\n|-boost|p2b: Porygon-Z|spa|1|[zeffect]\n|-boost|p2b: Porygon-Z|spd|1|[zeffect]\n|-boost|p2b: Porygon-Z|spe|1|[zeffect]\n|-fail|p2b: Porygon-Z\n|move|p1a: Ferrothorn|Body Press|p2b: Porygon-Z\n|-supereffective|p2b: Porygon-Z\n|-damage|p2b: Porygon-Z|0 fnt\n|faint|p2b: Porygon-Z\n|\n|-weather|RainDance|[upkeep]\n|-heal|p1a: Ferrothorn|40\/100|[from] item: Leftovers\n|-fieldend|move: Psychic Terrain\n|upkeep\n|\n|t:|1697426848\n|switch|p1b: Pelipper|Pelipper, M|100\/100\n|switch|p2b: Greninja|Greninja, M|100\/100\n|turn|6\n|\n|t:|1697426859\n|move|p1b: Pelipper|Wide Guard|p1b: Pelipper\n|-singleturn|p1b: Pelipper|Wide Guard\n|move|p2a: Sceptile|Energy Ball|p1b: Pelipper\n|-damage|p1b: Pelipper|10\/100\n|move|p2b: Greninja|Dark Pulse|p1b: Pelipper\n|-damage|p1b: Pelipper|0 fnt\n|faint|p1b: Pelipper\n|-ability|p2b: Greninja|Battle Bond|boost\n|-boost|p2b: Greninja|atk|1\n|-boost|p2b: Greninja|spa|1\n|-boost|p2b: Greninja|spe|1\n|-activate|p2b: Greninja|ability: Battle Bond\n|move|p1a: Ferrothorn|Body Press|p2b: Greninja\n|-supereffective|p2b: Greninja\n|-damage|p2b: Greninja|0 fnt\n|faint|p2b: Greninja\n|\n|-weather|none\n|-heal|p1a: Ferrothorn|46\/100|[from] item: Leftovers\n|upkeep\n|turn|7\n|c|\u2606Rikard & Frida|gg\n|\n|t:|1697426882\n|move|p2a: Sceptile|Hidden Power|p1a: Ferrothorn\n|-supereffective|p1a: Ferrothorn\n|-damage|p1a: Ferrothorn|0 fnt\n|faint|p1a: Ferrothorn\n|\n|win|Rikard & Frida\n|raw|psng's rating: 1179 &rarr; <strong>1159<\/strong><br \/>(-20 for losing)\n|raw|Rikard &amp; Frida's rating: 1243 &rarr; <strong>1263<\/strong><br \/>(+20 for winning)\n|l|\u2606psng\n","uploadtime":1697426891,"views":6,"p1id":"psng","p2id":"rikardfrida","formatid":"gen9nationaldexdoubles","rating":1159,"private":0,"password":""}