{"id":"gen9nationaldexdoubles-1963722852","p1":"cassinidivision","p2":"Abcdfg142356789","format":"[Gen 9] National Dex Doubles","log":"|j|\u2606cassinidivision\n|j|\u2606Abcdfg142356789\n|t:|1696893501\n|gametype|doubles\n|player|p1|cassinidivision|giacomo|1000\n|player|p2|Abcdfg142356789|pryce|1205\n|teamsize|p1|6\n|teamsize|p2|6\n|gen|9\n|tier|[Gen 9] National Dex Doubles\n|rated|\n|rule|HP Percentage Mod: HP is shown in percentages\n|rule|Endless Battle Clause: Forcing endless battles is banned\n|rule|OHKO Clause: OHKO moves are banned\n|rule|Evasion Moves Clause: Evasion moves are banned\n|rule|Evasion Abilities Clause: Evasion abilities are banned\n|rule|Species Clause: Limit one of each Pok\u00e9mon\n|rule|Gravity Sleep Clause: The combination of sleep-inducing moves with imperfect accuracy and Gravity or Gigantamax Orbeetle are banned\n|clearpoke\n|poke|p1|Kingambit, M|\n|poke|p1|Honchkrow, M|\n|poke|p1|Weavile, M|\n|poke|p1|Krookodile, F|\n|poke|p1|Muk-Alola, F|\n|poke|p1|Umbreon, F|\n|poke|p2|Slowking, M|\n|poke|p2|Slaking, M|\n|poke|p2|Salamence, M|\n|poke|p2|Tyranitar, M|\n|poke|p2|Machamp, M|\n|poke|p2|Scizor, F|\n|teampreview\n|\n|t:|1696893515\n|start\n|switch|p1a: MOONWITCH|Umbreon, F, shiny|100\/100\n|switch|p1b: BIG BIRD|Honchkrow, M|100\/100\n|switch|p2a: Machamp|Machamp, M|100\/100\n|switch|p2b: Tyranitar|Tyranitar, M|100\/100\n|-weather|Sandstorm|[from] ability: Sand Stream|[of] p2b: Tyranitar\n|turn|1\n|inactive|Battle timer is ON: inactive players will automatically lose when time's up. (requested by Abcdfg142356789)\n|\n|t:|1696893528\n|move|p2a: Machamp|Protect|p2a: Machamp\n|-singleturn|p2a: Machamp|Protect\n|move|p1b: BIG BIRD|Air Slash|p2a: Machamp\n|-activate|p2a: Machamp|move: Protect\n|move|p1a: MOONWITCH|Curse|p1a: MOONWITCH\n|-unboost|p1a: MOONWITCH|spe|1\n|-boost|p1a: MOONWITCH|atk|1\n|-boost|p1a: MOONWITCH|def|1\n|move|p2b: Tyranitar|Stone Edge|p1b: BIG BIRD\n|-supereffective|p1b: BIG BIRD\n|-crit|p1b: BIG BIRD\n|-damage|p1b: BIG BIRD|0 fnt\n|faint|p1b: BIG BIRD\n|\n|-weather|Sandstorm|[upkeep]\n|-damage|p2a: Machamp|94\/100|[from] Sandstorm\n|-damage|p1a: MOONWITCH|94\/100|[from] Sandstorm\n|-heal|p1a: MOONWITCH|100\/100|[from] item: Leftovers\n|-status|p2a: Machamp|brn|[from] item: Flame Orb\n|upkeep\n|\n|t:|1696893536\n|switch|p1b: PASTRAMI|Krookodile, F|100\/100\n|turn|2\n|\n|t:|1696893558\n|move|p1b: PASTRAMI|Bulk Up|p1b: PASTRAMI\n|-boost|p1b: PASTRAMI|atk|1\n|-boost|p1b: PASTRAMI|def|1\n|move|p2b: Tyranitar|Stone Edge|p1a: MOONWITCH\n|-damage|p1a: MOONWITCH|77\/100\n|move|p2a: Machamp|Close Combat|p1b: PASTRAMI\n|-supereffective|p1b: PASTRAMI\n|-damage|p1b: PASTRAMI|0 fnt\n|-unboost|p2a: Machamp|def|1\n|-unboost|p2a: Machamp|spd|1\n|faint|p1b: PASTRAMI\n|move|p1a: MOONWITCH|Curse|p1a: MOONWITCH\n|-unboost|p1a: MOONWITCH|spe|1\n|-boost|p1a: MOONWITCH|atk|1\n|-boost|p1a: MOONWITCH|def|1\n|\n|-weather|Sandstorm|[upkeep]\n|-damage|p2a: Machamp|88\/100 brn|[from] Sandstorm\n|-damage|p1a: MOONWITCH|71\/100|[from] Sandstorm\n|-heal|p1a: MOONWITCH|77\/100|[from] item: Leftovers\n|-damage|p2a: Machamp|82\/100 brn|[from] brn\n|upkeep\n|\n|t:|1696893574\n|switch|p1b: SLASHER|Weavile, M|100\/100\n|turn|3\n|\n|t:|1696893584\n|move|p1b: SLASHER|Fake Out|p2a: Machamp\n|-damage|p2a: Machamp|59\/100 brn\n|cant|p2a: Machamp|flinch\n|move|p2b: Tyranitar|Earthquake|p1a: MOONWITCH|[spread] p2a,p1a,p1b\n|-damage|p2a: Machamp|24\/100 brn\n|-damage|p1a: MOONWITCH|68\/100\n|-damage|p1b: SLASHER|62\/100\n|move|p1a: MOONWITCH|Toxic|p2b: Tyranitar\n|-status|p2b: Tyranitar|tox\n|\n|-weather|Sandstorm|[upkeep]\n|-damage|p1b: SLASHER|56\/100|[from] Sandstorm\n|-damage|p2a: Machamp|18\/100 brn|[from] Sandstorm\n|-damage|p1a: MOONWITCH|62\/100|[from] Sandstorm\n|-heal|p1a: MOONWITCH|68\/100|[from] item: Leftovers\n|-damage|p2b: Tyranitar|94\/100 tox|[from] psn\n|-damage|p2a: Machamp|12\/100 brn|[from] brn\n|upkeep\n|turn|4\n|\n|t:|1696893611\n|move|p2a: Machamp|Bullet Punch|p1b: SLASHER\n|-supereffective|p1b: SLASHER\n|-damage|p1b: SLASHER|0 fnt\n|faint|p1b: SLASHER\n|move|p2b: Tyranitar|Stone Edge|p1a: MOONWITCH\n|-damage|p1a: MOONWITCH|50\/100\n|move|p1a: MOONWITCH|Curse|p1a: MOONWITCH\n|-unboost|p1a: MOONWITCH|spe|1\n|-boost|p1a: MOONWITCH|atk|1\n|-boost|p1a: MOONWITCH|def|1\n|\n|-weather|Sandstorm|[upkeep]\n|-damage|p2a: Machamp|5\/100 brn|[from] Sandstorm\n|-damage|p1a: MOONWITCH|44\/100|[from] Sandstorm\n|-heal|p1a: MOONWITCH|50\/100|[from] item: Leftovers\n|-damage|p2b: Tyranitar|82\/100 tox|[from] psn\n|-damage|p2a: Machamp|0 fnt|[from] brn\n|faint|p2a: Machamp\n|upkeep\n|\n|t:|1696893627\n|switch|p1b: SAUCE|Muk-Alola, F|100\/100\n|switch|p2a: Scizor|Scizor, F|100\/100\n|turn|5\n|\n|t:|1696893645\n|detailschange|p2a: Scizor|Scizor-Mega, F\n|-mega|p2a: Scizor|Scizor|Scizorite\n|move|p2a: Scizor|Lunge|p1a: MOONWITCH\n|-supereffective|p1a: MOONWITCH\n|-damage|p1a: MOONWITCH|18\/100\n|-unboost|p1a: MOONWITCH|atk|1\n|move|p2b: Tyranitar|Earthquake|p1a: MOONWITCH|[spread] p2a,p1a,p1b\n|-supereffective|p1b: SAUCE\n|-damage|p2a: Scizor|85\/100\n|-damage|p1a: MOONWITCH|11\/100\n|-damage|p1b: SAUCE|57\/100\n|move|p1b: SAUCE|Substitute|p1b: SAUCE\n|-start|p1b: SAUCE|Substitute\n|-damage|p1b: SAUCE|32\/100\n|move|p1a: MOONWITCH|Moonlight|p1a: MOONWITCH\n|-heal|p1a: MOONWITCH|36\/100\n|\n|-weather|none\n|-heal|p1b: SAUCE|38\/100|[from] item: Leftovers\n|-heal|p1a: MOONWITCH|42\/100|[from] item: Leftovers\n|-damage|p2b: Tyranitar|63\/100 tox|[from] psn\n|upkeep\n|turn|6\n|\n|t:|1696893665\n|switch|p2b: Slowking|Slowking, M|100\/100\n|move|p2a: Scizor|Lunge|p1a: MOONWITCH\n|-supereffective|p1a: MOONWITCH\n|-damage|p1a: MOONWITCH|8\/100\n|-unboost|p1a: MOONWITCH|atk|1\n|move|p1b: SAUCE|Gunk Shot|p2b: Slowking\n|-damage|p2b: Slowking|52\/100\n|move|p1a: MOONWITCH|Moonlight|p1a: MOONWITCH\n|-heal|p1a: MOONWITCH|58\/100\n|\n|-heal|p1b: SAUCE|44\/100|[from] item: Leftovers\n|-heal|p2b: Slowking|58\/100|[from] item: Leftovers\n|-heal|p1a: MOONWITCH|64\/100|[from] item: Leftovers\n|upkeep\n|turn|7\n|\n|t:|1696893691\n|move|p2a: Scizor|Lunge|p1a: MOONWITCH\n|-supereffective|p1a: MOONWITCH\n|-damage|p1a: MOONWITCH|29\/100\n|-unboost|p1a: MOONWITCH|atk|1\n|move|p1b: SAUCE|Gunk Shot|p2b: Slowking\n|-damage|p2b: Slowking|14\/100\n|move|p2b: Slowking|Reflect|p2b: Slowking\n|-sidestart|p2: Abcdfg142356789|Reflect\n|move|p1a: MOONWITCH|Moonlight|p1a: MOONWITCH\n|-heal|p1a: MOONWITCH|79\/100\n|\n|-heal|p1b: SAUCE|50\/100|[from] item: Leftovers\n|-heal|p2b: Slowking|20\/100|[from] item: Leftovers\n|-heal|p1a: MOONWITCH|85\/100|[from] item: Leftovers\n|upkeep\n|turn|8\n|\n|t:|1696893717\n|switch|p2b: Tyranitar|Tyranitar, M|63\/100 tox\n|-weather|Sandstorm|[from] ability: Sand Stream|[of] p2b: Tyranitar\n|move|p2a: Scizor|Bullet Punch|p1b: SAUCE\n|-end|p1b: SAUCE|Substitute\n|move|p1b: SAUCE|Gunk Shot|p2b: Tyranitar\n|-resisted|p2b: Tyranitar\n|-damage|p2b: Tyranitar|53\/100 tox\n|move|p1a: MOONWITCH|Crunch|p2a: Scizor\n|-damage|p2a: Scizor|76\/100\n|\n|-weather|Sandstorm|[upkeep]\n|-damage|p1b: SAUCE|44\/100|[from] Sandstorm\n|-damage|p1a: MOONWITCH|79\/100|[from] Sandstorm\n|-heal|p1b: SAUCE|50\/100|[from] item: Leftovers\n|-heal|p1a: MOONWITCH|85\/100|[from] item: Leftovers\n|-damage|p2b: Tyranitar|47\/100 tox|[from] psn\n|upkeep\n|turn|9\n|\n|t:|1696893733\n|move|p2a: Scizor|Bullet Punch|p1b: SAUCE\n|-damage|p1b: SAUCE|8\/100\n|move|p2b: Tyranitar|Stone Edge|p1a: MOONWITCH\n|-damage|p1a: MOONWITCH|71\/100\n|move|p1b: SAUCE|Gunk Shot|p2b: Tyranitar|[miss]\n|-miss|p1b: SAUCE|p2b: Tyranitar\n|move|p1a: MOONWITCH|Curse|p1a: MOONWITCH\n|-unboost|p1a: MOONWITCH|spe|1\n|-boost|p1a: MOONWITCH|atk|1\n|-boost|p1a: MOONWITCH|def|1\n|\n|-weather|Sandstorm|[upkeep]\n|-damage|p1b: SAUCE|2\/100|[from] Sandstorm\n|-damage|p1a: MOONWITCH|65\/100|[from] Sandstorm\n|-heal|p1b: SAUCE|8\/100|[from] item: Leftovers\n|-heal|p1a: MOONWITCH|71\/100|[from] item: Leftovers\n|-damage|p2b: Tyranitar|34\/100 tox|[from] psn\n|upkeep\n|turn|10\n|\n|t:|1696893747\n|move|p2a: Scizor|Bullet Punch|p1b: SAUCE\n|-damage|p1b: SAUCE|0 fnt\n|faint|p1b: SAUCE\n|move|p2b: Tyranitar|Stone Edge|p1a: MOONWITCH\n|-damage|p1a: MOONWITCH|60\/100\n|move|p1a: MOONWITCH|Crunch|p2a: Scizor\n|-damage|p2a: Scizor|62\/100\n|\n|-weather|Sandstorm|[upkeep]\n|-damage|p1a: MOONWITCH|54\/100|[from] Sandstorm\n|-heal|p1a: MOONWITCH|60\/100|[from] item: Leftovers\n|-damage|p2b: Tyranitar|16\/100 tox|[from] psn\n|upkeep\n|\n|t:|1696893750\n|switch|p1b: BOZZMAN|Kingambit, M|100\/100\n|-activate|p1b: BOZZMAN|ability: Supreme Overlord\n|-start|p1b: BOZZMAN|fallen4|[silent]\n|turn|11\n|\n|t:|1696893759\n|move|p1b: BOZZMAN|Sucker Punch|p2a: Scizor\n|-damage|p2a: Scizor|35\/100\n|move|p2a: Scizor|Lunge|p1b: BOZZMAN\n|-damage|p1b: BOZZMAN|65\/100\n|-unboost|p1b: BOZZMAN|atk|1\n|move|p2b: Tyranitar|Earthquake|p1a: MOONWITCH|[spread] p2a,p1a,p1b\n|-supereffective|p1b: BOZZMAN\n|-damage|p2a: Scizor|23\/100\n|-damage|p1a: MOONWITCH|55\/100\n|-damage|p1b: BOZZMAN|31\/100\n|move|p1a: MOONWITCH|Crunch|p2b: Tyranitar\n|-resisted|p2b: Tyranitar\n|-damage|p2b: Tyranitar|8\/100 tox\n|\n|-weather|Sandstorm|[upkeep]\n|-damage|p1a: MOONWITCH|48\/100|[from] Sandstorm\n|-heal|p1a: MOONWITCH|55\/100|[from] item: Leftovers\n|-damage|p2b: Tyranitar|0 fnt|[from] psn\n|faint|p2b: Tyranitar\n|-sideend|p2: Abcdfg142356789|Reflect\n|upkeep\n|\n|t:|1696893775\n|switch|p2b: Salamence|Salamence, M|100\/100\n|turn|12\n|inactive|Abcdfg142356789 has 120 seconds left.\n|\n|t:|1696893813\n|move|p1b: BOZZMAN|Sucker Punch|p2a: Scizor\n|-damage|p2a: Scizor|0 fnt\n|faint|p2a: Scizor\n|move|p2b: Salamence|Earthquake|p1b: BOZZMAN|[spread] p1a,p1b\n|-supereffective|p1b: BOZZMAN\n|-damage|p1a: MOONWITCH|46\/100\n|-damage|p1b: BOZZMAN|0 fnt\n|faint|p1b: BOZZMAN\n|-end|p1b: BOZZMAN|fallen4|[silent]\n|-ability|p2b: Salamence|Moxie|boost\n|-boost|p2b: Salamence|atk|1\n|move|p1a: MOONWITCH|Toxic|p2b: Salamence|[miss]\n|-miss|p1a: MOONWITCH|p2b: Salamence\n|\n|-weather|none\n|-heal|p1a: MOONWITCH|53\/100|[from] item: Leftovers\n|upkeep\n|\n|t:|1696893820\n|switch|p2a: Slowking|Slowking, M|53\/100\n|turn|13\n|\n|t:|1696893833\n|move|p2b: Salamence|Dragon Dance|p2b: Salamence\n|-boost|p2b: Salamence|atk|1\n|-boost|p2b: Salamence|spe|1\n|move|p2a: Slowking|Reflect|p2a: Slowking\n|-sidestart|p2: Abcdfg142356789|Reflect\n|move|p1a: MOONWITCH|Crunch|p2a: Slowking\n|-supereffective|p2a: Slowking\n|-crit|p2a: Slowking\n|-damage|p2a: Slowking|0 fnt\n|faint|p2a: Slowking\n|\n|-heal|p1a: MOONWITCH|59\/100|[from] item: Leftovers\n|upkeep\n|\n|t:|1696893836\n|switch|p2a: Slaking|Slaking, M|100\/100\n|turn|14\n|\n|t:|1696893843\n|move|p2b: Salamence|Dragon Claw|p1a: MOONWITCH\n|-damage|p1a: MOONWITCH|35\/100\n|move|p2a: Slaking|Frustration|p1a: MOONWITCH\n|-damage|p1a: MOONWITCH|11\/100\n|-damage|p2a: Slaking|91\/100|[from] item: Life Orb\n|move|p1a: MOONWITCH|Toxic|p2a: Slaking\n|-status|p2a: Slaking|tox\n|\n|-heal|p1a: MOONWITCH|17\/100|[from] item: Leftovers\n|-damage|p2a: Slaking|84\/100 tox|[from] psn\n|upkeep\n|turn|15\n|\n|t:|1696893863\n|move|p2b: Salamence|Dragon Dance|p2b: Salamence\n|-boost|p2b: Salamence|atk|1\n|-boost|p2b: Salamence|spe|1\n|cant|p2a: Slaking|ability: Truant\n|move|p1a: MOONWITCH|Moonlight|p1a: MOONWITCH\n|-heal|p1a: MOONWITCH|67\/100\n|\n|-heal|p1a: MOONWITCH|73\/100|[from] item: Leftovers\n|-damage|p2a: Slaking|72\/100 tox|[from] psn\n|upkeep\n|turn|16\n|\n|t:|1696893877\n|move|p2b: Salamence|Dragon Claw|p1a: MOONWITCH\n|-damage|p1a: MOONWITCH|41\/100\n|move|p2a: Slaking|Frustration|p1a: MOONWITCH\n|-damage|p1a: MOONWITCH|17\/100\n|-damage|p2a: Slaking|62\/100 tox|[from] item: Life Orb\n|move|p1a: MOONWITCH|Toxic|p2b: Salamence\n|-status|p2b: Salamence|tox\n|\n|-heal|p1a: MOONWITCH|23\/100|[from] item: Leftovers\n|-damage|p2b: Salamence|94\/100 tox|[from] psn\n|-damage|p2a: Slaking|44\/100 tox|[from] psn\n|upkeep\n|turn|17\n|\n|t:|1696893891\n|move|p2b: Salamence|Dragon Dance|p2b: Salamence\n|-boost|p2b: Salamence|atk|1\n|-boost|p2b: Salamence|spe|1\n|cant|p2a: Slaking|ability: Truant\n|move|p1a: MOONWITCH|Moonlight|p1a: MOONWITCH\n|-heal|p1a: MOONWITCH|73\/100\n|\n|-heal|p1a: MOONWITCH|79\/100|[from] item: Leftovers\n|-damage|p2b: Salamence|82\/100 tox|[from] psn\n|-damage|p2a: Slaking|19\/100 tox|[from] psn\n|-sideend|p2: Abcdfg142356789|Reflect\n|upkeep\n|turn|18\n|\n|t:|1696893906\n|move|p2b: Salamence|Dragon Dance|p2b: Salamence\n|-boost|p2b: Salamence|atk|1\n|-boost|p2b: Salamence|spe|1\n|move|p2a: Slaking|Frustration|p1a: MOONWITCH\n|-damage|p1a: MOONWITCH|56\/100\n|-damage|p2a: Slaking|9\/100 tox|[from] item: Life Orb\n|move|p1a: MOONWITCH|Crunch|p2b: Salamence\n|-damage|p2b: Salamence|51\/100 tox\n|\n|-heal|p1a: MOONWITCH|62\/100|[from] item: Leftovers\n|-damage|p2b: Salamence|33\/100 tox|[from] psn\n|-damage|p2a: Slaking|0 fnt|[from] psn\n|faint|p2a: Slaking\n|upkeep\n|turn|19\n|\n|t:|1696893910\n|move|p2b: Salamence|Dragon Claw|p1a: MOONWITCH\n|-damage|p1a: MOONWITCH|16\/100\n|move|p1a: MOONWITCH|Crunch|p2b: Salamence\n|-damage|p2b: Salamence|0 fnt\n|faint|p2b: Salamence\n|\n|win|cassinidivision\n|raw|cassinidivision's rating: 1000 &rarr; <strong>1061<\/strong><br \/>(+61 for winning)\n|raw|Abcdfg142356789's rating: 1205 &rarr; <strong>1167<\/strong><br \/>(-38 for losing)\n|c|\u2606cassinidivision|gg\n|l|\u2606Abcdfg142356789\n","uploadtime":1696893919,"views":12,"p1id":"cassinidivision","p2id":"abcdfg142356789","formatid":"gen9nationaldexdoubles","rating":1061,"private":0,"password":""}