{"id":"gen9nationaldexdoubles-1981331544","p1":"Vyrusi","p2":"ok_vocevenceu","format":"[Gen 9] National Dex Doubles","log":"|j|\u2606Vyrusi\n|j|\u2606ok_vocevenceu\n|t:|1698884445\n|gametype|doubles\n|player|p1|Vyrusi|proton|1197\n|player|p2|ok_vocevenceu|juan|1092\n|teamsize|p1|6\n|teamsize|p2|6\n|gen|9\n|tier|[Gen 9] National Dex Doubles\n|rated|\n|rule|HP Percentage Mod: HP is shown in percentages\n|rule|Endless Battle Clause: Forcing endless battles is banned\n|rule|OHKO Clause: OHKO moves are banned\n|rule|Evasion Moves Clause: Evasion moves are banned\n|rule|Evasion Abilities Clause: Evasion abilities are banned\n|rule|Species Clause: Limit one of each Pok\u00e9mon\n|rule|Gravity Sleep Clause: The combination of sleep-inducing moves with imperfect accuracy and Gravity or Gigantamax Orbeetle are banned\n|clearpoke\n|poke|p1|Cherrim, F|\n|poke|p1|Lurantis, F|\n|poke|p1|Charizard, M|\n|poke|p1|Malamar, F|\n|poke|p1|Walking Wake|\n|poke|p1|Golurk|\n|poke|p2|Aggron, M|\n|poke|p2|Slaking, M|\n|poke|p2|Clawitzer, M|\n|poke|p2|Gliscor, M|\n|poke|p2|Weezing-Galar, F|\n|poke|p2|Indeedee-F, F|\n|teampreview\n|inactive|Battle timer is ON: inactive players will automatically lose when time's up. (requested by ok_vocevenceu)\n|j| LightOfTheRuin\n|inactive|Vyrusi has 120 seconds left.\n|c|\u2606ok_vocevenceu|Hi\n|\n|t:|1698884488\n|start\n|switch|p1a: Lurantis|Lurantis, F|100\/100\n|switch|p1b: Cherrim|Cherrim, F, shiny|100\/100\n|switch|p2a: Slaking|Slaking, M|100\/100\n|switch|p2b: Weezing|Weezing-Galar, F|100\/100\n|-ability|p2b: Weezing|Neutralizing Gas\n|turn|1\n|c|\u2606Vyrusi|hello\n|inactive|Vyrusi has 120 seconds left.\n|inactive|Vyrusi has 90 seconds left.\n|\n|t:|1698884549\n|move|p2a: Slaking|Hone Claws|p2a: Slaking\n|-boost|p2a: Slaking|atk|1\n|-boost|p2a: Slaking|accuracy|1\n|move|p1b: Cherrim|Pollen Puff|p1a: Lurantis\n|-immune|p1a: Lurantis\n|move|p2b: Weezing|Strange Steam|p1b: Cherrim\n|-damage|p1b: Cherrim|53\/100\n|-start|p1b: Cherrim|confusion\n|move|p1a: Lurantis|Superpower|p2a: Slaking\n|-supereffective|p2a: Slaking\n|-damage|p2a: Slaking|43\/100\n|-unboost|p1a: Lurantis|atk|1\n|-unboost|p1a: Lurantis|def|1\n|\n|-heal|p1b: Cherrim|59\/100|[from] item: Leftovers\n|upkeep\n|turn|2\n|inactive|Vyrusi has 90 seconds left.\n|\n|t:|1698884595\n|switch|p1a: Golurk|Golurk, shiny|100\/100\n|-activate|p1b: Cherrim|confusion\n|-damage|p1b: Cherrim|55\/100|[from] confusion\n|move|p2a: Slaking|Gunk Shot|p1a: Golurk\n|-resisted|p1a: Golurk\n|-damage|p1a: Golurk|77\/100\n|-status|p1a: Golurk|psn\n|-damage|p2a: Slaking|33\/100|[from] item: Life Orb\n|move|p2b: Weezing|Strange Steam|p1b: Cherrim\n|-damage|p1b: Cherrim|8\/100\n|\n|-heal|p1b: Cherrim|14\/100|[from] item: Leftovers\n|-damage|p1a: Golurk|65\/100 psn|[from] psn\n|upkeep\n|turn|3\n|inactive|Vyrusi has 90 seconds left.\n|inactive|ok_vocevenceu has 120 seconds left.\n|inactive|Vyrusi has 60 seconds left.\n|\n|t:|1698884636\n|switch|p1b: Charizard|Charizard, M|100\/100\n|move|p2a: Slaking|Fire Punch|p1a: Golurk\n|-damage|p1a: Golurk|0 fnt\n|faint|p1a: Golurk\n|-damage|p2a: Slaking|23\/100|[from] item: Life Orb\n|move|p2b: Weezing|Strange Steam|p1b: Charizard\n|-resisted|p1b: Charizard\n|-damage|p1b: Charizard|81\/100\n|\n|upkeep\n|\n|t:|1698884654\n|switch|p1a: Walking Wake|Walking Wake|100\/100\n|turn|4\n|inactive|Vyrusi has 60 seconds left.\n|\n|t:|1698884682\n|-terastallize|p1a: Walking Wake|Water\n|move|p1a: Walking Wake|Hydro Steam|p2a: Slaking\n|-damage|p2a: Slaking|0 fnt\n|faint|p2a: Slaking\n|move|p1b: Charizard|Heat Wave|p2b: Weezing|[miss]\n|-miss|p1b: Charizard|p2b: Weezing\n|move|p2b: Weezing|Pain Split|p1a: Walking Wake\n|-sethp|p1a: Walking Wake|99\/100|[from] move: Pain Split|[silent]\n|-sethp|p2b: Weezing|100\/100|[from] move: Pain Split\n|\n|upkeep\n|inactive|ok_vocevenceu has 120 seconds left.\n|\n|t:|1698884714\n|switch|p2a: Clawitzer|Clawitzer, M|100\/100\n|turn|5\n|inactive|ok_vocevenceu has 120 seconds left.\n|inactive|Vyrusi has 60 seconds left.\n|\n|t:|1698884754\n|-end|p2b: Weezing|ability: Neutralizing Gas\n|switch|p2b: Indeedee|Indeedee-F, F|100\/100\n|-fieldstart|move: Psychic Terrain|[from] ability: Psychic Surge|[of] p2b: Indeedee\n|move|p1b: Charizard|Protect|p1b: Charizard\n|-singleturn|p1b: Charizard|Protect\n|move|p1a: Walking Wake|Hydro Steam|p2b: Indeedee\n|-damage|p2b: Indeedee|33\/100\n|move|p2a: Clawitzer|Water Pulse|p1b: Charizard\n|-activate|p1b: Charizard|move: Protect\n|\n|upkeep\n|turn|6\n|inactive|Vyrusi has 60 seconds left.\n|inactive|ok_vocevenceu has 120 seconds left.\n|inactive|Vyrusi has 30 seconds left.\n|inactive|Vyrusi has 20 seconds left.\n|\n|t:|1698884806\n|switch|p1b: Lurantis|Lurantis, F|100\/100\n|move|p1a: Walking Wake|Hydro Steam|p2b: Indeedee\n|-damage|p2b: Indeedee|0 fnt\n|faint|p2b: Indeedee\n|move|p2a: Clawitzer|Water Pulse|p1b: Lurantis\n|-resisted|p1b: Lurantis\n|-damage|p1b: Lurantis|75\/100\n|\n|upkeep\n|inactive|Vyrusi has 25 seconds left this turn.\n|inactive|ok_vocevenceu has 120 seconds left.\n|\n|t:|1698884820\n|switch|p2b: Gliscor|Gliscor, M|100\/100\n|turn|7\n|inactive|Vyrusi has 30 seconds left.\n|inactive|Vyrusi has 20 seconds left.\n|\n|t:|1698884854\n|switch|p2a: Weezing|Weezing-Galar, F|100\/100\n|-ability|p2a: Weezing|Neutralizing Gas\n|move|p2b: Gliscor|Protect|p2b: Gliscor\n|-singleturn|p2b: Gliscor|Protect\n|move|p1a: Walking Wake|Hydro Steam|p2a: Weezing\n|-damage|p2a: Weezing|29\/100\n|move|p1b: Lurantis|Superpower|p2a: Weezing\n|-resisted|p2a: Weezing\n|-damage|p2a: Weezing|21\/100\n|-unboost|p1b: Lurantis|atk|1\n|-unboost|p1b: Lurantis|def|1\n|\n|-heal|p2a: Weezing|27\/100|[from] item: Leftovers\n|-status|p2b: Gliscor|tox|[from] item: Toxic Orb\n|upkeep\n|turn|8\n|inactive|Vyrusi has 30 seconds left.\n|inactive|Vyrusi has 20 seconds left.\n|inactive|Vyrusi has 15 seconds left.\n|inactive|ok_vocevenceu has 120 seconds left.\n|\n|t:|1698884891\n|-end|p2a: Weezing|ability: Neutralizing Gas\n|switch|p2a: Clawitzer|Clawitzer, M|100\/100\n|switch|p1b: Charizard|Charizard, M|81\/100\n|move|p1a: Walking Wake|Hydro Steam|p2b: Gliscor\n|-supereffective|p2b: Gliscor\n|-damage|p2b: Gliscor|0 fnt\n|faint|p2b: Gliscor\n|\n|upkeep\n|inactive|Vyrusi has 20 seconds left this turn.\n|\n|t:|1698884895\n|switch|p2b: Aggron|Aggron, M|100\/100\n|turn|9\n|inactive|Vyrusi has 30 seconds left.\n|\n|t:|1698884919\n|switch|p1b: Lurantis|Lurantis, F|75\/100\n|-terastallize|p2b: Aggron|Steel\n|move|p1a: Walking Wake|Hydro Steam|p2b: Aggron\n|-damage|p2b: Aggron|3\/100\n|move|p2b: Aggron|Rock Polish|p2b: Aggron\n|-boost|p2b: Aggron|spe|2\n|move|p2a: Clawitzer|Dragon Pulse|p1a: Walking Wake\n|-damage|p1a: Walking Wake|16\/100\n|\n|-fieldend|move: Psychic Terrain\n|upkeep\n|turn|10\n|inactive|Vyrusi has 30 seconds left.\n|inactive|Vyrusi has 20 seconds left.\n|inactive|ok_vocevenceu has 120 seconds left.\n|inactive|Vyrusi has 15 seconds left.\n|\n|t:|1698884960\n|move|p1a: Walking Wake|Hydro Steam|p2b: Aggron\n|-damage|p2b: Aggron|0 fnt\n|faint|p2b: Aggron\n|move|p2a: Clawitzer|Dragon Pulse|p1a: Walking Wake\n|-damage|p1a: Walking Wake|0 fnt\n|faint|p1a: Walking Wake\n|-end|p1a: Walking Wake|Protosynthesis|[silent]\n|move|p1b: Lurantis|Superpower|p2a: Clawitzer\n|-crit|p2a: Clawitzer\n|-damage|p2a: Clawitzer|44\/100\n|-boost|p1b: Lurantis|atk|1\n|-boost|p1b: Lurantis|def|1\n|\n|upkeep\n|inactive|Vyrusi has 30 seconds left.\n|inactive|Vyrusi has 20 seconds left.\n|-message|ok_vocevenceu forfeited.\n|\n|win|Vyrusi\n|inactive|Vyrusi has 25 seconds left this turn.\n|raw|Vyrusi's rating: 1197 &rarr; <strong>1215<\/strong><br \/>(+18 for winning)\n|raw|ok_vocevenceu's rating: 1092 &rarr; <strong>1075<\/strong><br \/>(-17 for losing)\n|l|\u2606ok_vocevenceu\n","uploadtime":1698884985,"views":8,"p1id":"vyrusi","p2id":"okvocevenceu","formatid":"gen9nationaldexdoubles","rating":1075,"private":0,"password":""}