{"id":"gen9nationaldexdoubles-1993405319","p1":"scrappyo","p2":"Kdjd dk","format":"[Gen 9] National Dex Doubles","log":"|j|\u2606scrappyo\n|j|\u2606Kdjd dk\n|t:|1700313379\n|gametype|doubles\n|player|p1|scrappyo|nate|1014\n|player|p2|Kdjd dk|dawn|1000\n|teamsize|p1|6\n|teamsize|p2|6\n|gen|9\n|tier|[Gen 9] National Dex Doubles\n|rated|\n|rule|HP Percentage Mod: HP is shown in percentages\n|rule|Endless Battle Clause: Forcing endless battles is banned\n|rule|OHKO Clause: OHKO moves are banned\n|rule|Evasion Moves Clause: Evasion moves are banned\n|rule|Evasion Abilities Clause: Evasion abilities are banned\n|rule|Species Clause: Limit one of each Pok\u00e9mon\n|rule|Gravity Sleep Clause: The combination of sleep-inducing moves with imperfect accuracy and Gravity or Gigantamax Orbeetle are banned\n|clearpoke\n|poke|p1|Ceruledge, M|\n|poke|p1|Gengar, F|\n|poke|p1|Greninja-*, M|\n|poke|p1|Raichu-Alola, F|\n|poke|p1|Decidueye-Hisui, M|\n|poke|p1|Mimikyu, F|\n|poke|p2|Indeedee, M|\n|poke|p2|Deoxys-Attack|\n|poke|p2|Typhlosion, F|\n|poke|p2|Kartana|\n|poke|p2|Murkrow, F|\n|poke|p2|Shuckle, F|\n|teampreview\n|inactive|Battle timer is ON: inactive players will automatically lose when time's up. (requested by scrappyo)\n|\n|t:|1700313388\n|start\n|switch|p1a: Zero|Ceruledge, M|100\/100\n|switch|p1b: Mimikyu|Mimikyu, F|100\/100\n|switch|p2a: Murkrow|Murkrow, F|100\/100\n|switch|p2b: Shuckle|Shuckle, F|100\/100\n|turn|1\n|\n|t:|1700313413\n|move|p2a: Murkrow|Perish Song|p2a: Murkrow\n|-start|p1a: Zero|perish3|[silent]\n|-start|p1b: Mimikyu|perish3|[silent]\n|-start|p2a: Murkrow|perish3|[silent]\n|-start|p2b: Shuckle|perish3|[silent]\n|-fieldactivate|move: Perish Song\n|move|p1b: Mimikyu|Swords Dance|p1b: Mimikyu\n|-boost|p1b: Mimikyu|atk|2\n|move|p1a: Zero|Swords Dance|p1a: Zero\n|-boost|p1a: Zero|atk|2\n|move|p2b: Shuckle|Stealth Rock|p1b: Mimikyu\n|-sidestart|p1: scrappyo|move: Stealth Rock\n|\n|-start|p1b: Mimikyu|perish3\n|-start|p1a: Zero|perish3\n|-start|p2a: Murkrow|perish3\n|-start|p2b: Shuckle|perish3\n|upkeep\n|turn|2\n|\n|t:|1700313428\n|-terastallize|p1a: Zero|Fire\n|move|p2a: Murkrow|Haze|p2a: Murkrow\n|-clearallboost\n|move|p1b: Mimikyu|Play Rough|p2b: Shuckle\n|-damage|p2b: Shuckle|77\/100\n|move|p1a: Zero|Bitter Blade|p2a: Murkrow\n|-damage|p2a: Murkrow|15\/100\n|move|p2b: Shuckle|Sticky Web|p1b: Mimikyu\n|-sidestart|p1: scrappyo|move: Sticky Web\n|\n|-start|p1b: Mimikyu|perish2\n|-start|p1a: Zero|perish2\n|-start|p2a: Murkrow|perish2\n|-start|p2b: Shuckle|perish2\n|upkeep\n|turn|3\n|inactive|Kdjd dk has 120 seconds left.\n|\n|t:|1700313466\n|move|p1a: Zero|Shadow Sneak|p2a: Murkrow\n|-resisted|p2a: Murkrow\n|-damage|p2a: Murkrow|0 fnt\n|faint|p2a: Murkrow\n|move|p1b: Mimikyu|Swords Dance|p1b: Mimikyu\n|-boost|p1b: Mimikyu|atk|2\n|move|p2b: Shuckle|Toxic|p1b: Mimikyu\n|-status|p1b: Mimikyu|tox\n|\n|-damage|p1b: Mimikyu|95\/100 tox|[from] psn\n|-start|p1b: Mimikyu|perish1\n|-start|p1a: Zero|perish1\n|-start|p2b: Shuckle|perish1\n|upkeep\n|inactive|Kdjd dk has 90 seconds left.\n|\n|t:|1700313496\n|switch|p2a: Deoxys|Deoxys-Attack|100\/100\n|-ability|p2a: Deoxys|Pressure\n|turn|4\n|\n|t:|1700313511\n|switch|p2a: Indeedee|Indeedee, M|100\/100\n|-fieldstart|move: Psychic Terrain|[from] ability: Psychic Surge|[of] p2a: Indeedee\n|move|p1b: Mimikyu|Play Rough|p2a: Indeedee\n|-damage|p2a: Indeedee|0 fnt\n|faint|p2a: Indeedee\n|move|p1a: Zero|Bitter Blade|p2b: Shuckle\n|-damage|p2b: Shuckle|39\/100\n|move|p2b: Shuckle|Power Split|p1a: Zero\n|-activate|p2b: Shuckle|move: Power Split|[of] p1a: Zero\n|\n|-damage|p1b: Mimikyu|83\/100 tox|[from] psn\n|-start|p1b: Mimikyu|perish0\n|-start|p1a: Zero|perish0\n|-start|p2b: Shuckle|perish0\n|faint|p1b: Mimikyu\n|faint|p1a: Zero\n|faint|p2b: Shuckle\n|upkeep\n|inactive|Kdjd dk has 120 seconds left.\n|\n|t:|1700313536\n|switch|p1b: Decidueye|Decidueye-Hisui, M|100\/100\n|switch|p2a: Kartana|Kartana|100\/100\n|switch|p1a: Greninja|Greninja, M|100\/100\n|switch|p2b: Deoxys|Deoxys-Attack|100\/100\n|-ability|p2b: Deoxys|Pressure\n|-damage|p1a: Greninja|88\/100|[from] Stealth Rock\n|-activate|p1a: Greninja|move: Sticky Web\n|-unboost|p1a: Greninja|spe|1\n|-damage|p1b: Decidueye|94\/100|[from] Stealth Rock\n|-activate|p1b: Decidueye|move: Sticky Web\n|-unboost|p1b: Decidueye|spe|1\n|turn|5\n|inactive|scrappyo has 120 seconds left.\n|\n|t:|1700313567\n|move|p1a: Greninja|Water Shuriken|p2b: Deoxys\n|-activate|p2b: Deoxys|move: Psychic Terrain\n|move|p2a: Kartana|Leaf Blade|p1a: Greninja\n|-supereffective|p1a: Greninja\n|-damage|p1a: Greninja|0 fnt\n|-damage|p2a: Kartana|84\/100|[from] item: Rocky Helmet|[of] p1a: Greninja\n|faint|p1a: Greninja\n|-ability|p2a: Kartana|Beast Boost|boost\n|-boost|p2a: Kartana|atk|1\n|move|p2b: Deoxys|Psyshock|p1b: Decidueye\n|-supereffective|p1b: Decidueye\n|-damage|p1b: Decidueye|0 fnt\n|faint|p1b: Decidueye\n|\n|upkeep\n|inactive|scrappyo has 120 seconds left.\n|\n|t:|1700313583\n|switch|p1a: Raichu|Raichu-Alola, F, shiny|100\/100\n|switch|p1b: Ganke!|Gengar, F|100\/100\n|-damage|p1b: Ganke!|88\/100|[from] Stealth Rock\n|-activate|p1b: Ganke!|move: Sticky Web\n|-unboost|p1b: Ganke!|spe|1\n|-damage|p1a: Raichu|88\/100|[from] Stealth Rock\n|-activate|p1a: Raichu|move: Sticky Web\n|-unboost|p1a: Raichu|spe|1\n|turn|6\n|\n|t:|1700313592\n|-terastallize|p2a: Kartana|Grass\n|move|p2a: Kartana|Leaf Blade|p1a: Raichu\n|-damage|p1a: Raichu|0 fnt\n|faint|p1a: Raichu\n|-ability|p2a: Kartana|Beast Boost|boost\n|-boost|p2a: Kartana|atk|1\n|move|p2b: Deoxys|Psyshock|p1b: Ganke!\n|-supereffective|p1b: Ganke!\n|-damage|p1b: Ganke!|0 fnt\n|faint|p1b: Ganke!\n|\n|win|Kdjd dk\n|raw|scrappyo's rating: 1014 &rarr; <strong>1001<\/strong><br \/>(-13 for losing)\n|raw|Kdjd dk's rating: 1000 &rarr; <strong>1042<\/strong><br \/>(+42 for winning)\n|l|\u2606scrappyo\n","uploadtime":1700313610,"views":5,"p1id":"scrappyo","p2id":"kdjddk","formatid":"gen9nationaldexdoubles","rating":1001,"private":0,"password":""}