{"id":"gen9nationaldexdoubles-1962934125","p1":"Corza27","p2":"thehan13","format":"[Gen 9] National Dex Doubles","log":"|j|\u2606Corza27\n|j|\u2606thehan13\n|t:|1696806962\n|gametype|doubles\n|player|p1|Corza27|birdkeeper|\n|player|p2|thehan13|brycenman|\n|teamsize|p1|6\n|teamsize|p2|6\n|gen|9\n|tier|[Gen 9] National Dex Doubles\n|rule|HP Percentage Mod: HP is shown in percentages\n|rule|Endless Battle Clause: Forcing endless battles is banned\n|rule|OHKO Clause: OHKO moves are banned\n|rule|Evasion Moves Clause: Evasion moves are banned\n|rule|Evasion Abilities Clause: Evasion abilities are banned\n|rule|Species Clause: Limit one of each Pok\u00e9mon\n|rule|Gravity Sleep Clause: The combination of sleep-inducing moves with imperfect accuracy and Gravity or Gigantamax Orbeetle are banned\n|clearpoke\n|poke|p1|Regigigas|\n|poke|p1|Weezing-Galar, M|\n|poke|p1|Raichu, M|\n|poke|p1|Pelipper, F|\n|poke|p1|Lurantis, F|\n|poke|p1|Basculegion-F, F|\n|poke|p2|Heatran, M|\n|poke|p2|Dragapult, F|\n|poke|p2|Lucario, M|\n|poke|p2|Maushold|\n|poke|p2|Raichu-Alola, F|\n|poke|p2|Pincurchin, M|\n|teampreview\n|\n|t:|1696806975\n|start\n|switch|p1a: birb|Pelipper, F|100\/100\n|switch|p1b: Lurantis|Lurantis, F|100\/100\n|switch|p2a: Lucario|Lucario, M|100\/100\n|switch|p2b: Maushold|Maushold|100\/100\n|-weather|RainDance|[from] ability: Drizzle|[of] p1a: birb\n|turn|1\n|\n|t:|1696807001\n|move|p2b: Maushold|Beat Up|p2a: Lucario\n|-resisted|p2a: Lucario\n|-damage|p2a: Lucario|98\/100\n|-ability|p2a: Lucario|Justified|boost\n|-boost|p2a: Lucario|atk|1\n|-resisted|p2a: Lucario\n|-damage|p2a: Lucario|97\/100\n|-ability|p2a: Lucario|Justified|boost\n|-boost|p2a: Lucario|atk|1\n|-resisted|p2a: Lucario\n|-damage|p2a: Lucario|96\/100\n|-ability|p2a: Lucario|Justified|boost\n|-boost|p2a: Lucario|atk|1\n|-resisted|p2a: Lucario\n|-damage|p2a: Lucario|93\/100\n|-ability|p2a: Lucario|Justified|boost\n|-boost|p2a: Lucario|atk|1\n|-resisted|p2a: Lucario\n|-damage|p2a: Lucario|92\/100\n|-ability|p2a: Lucario|Justified|boost\n|-boost|p2a: Lucario|atk|1\n|-resisted|p2a: Lucario\n|-damage|p2a: Lucario|91\/100\n|-ability|p2a: Lucario|Justified|boost\n|-boost|p2a: Lucario|atk|1\n|-hitcount|p2a: Lucario|6\n|move|p2a: Lucario|Body Slam|p1a: birb\n|-damage|p1a: birb|22\/100\n|move|p1a: birb|Hurricane|p2a: Lucario\n|-damage|p2a: Lucario|38\/100\n|-damage|p1a: birb|13\/100|[from] item: Life Orb\n|move|p1b: Lurantis|Superpower|p2b: Maushold\n|-supereffective|p2b: Maushold\n|-damage|p2b: Maushold|31\/100\n|-boost|p1b: Lurantis|atk|1\n|-boost|p1b: Lurantis|def|1\n|\n|-weather|RainDance|[upkeep]\n|upkeep\n|turn|2\n|c|\u2606Corza27|WHAT\n|c|\u2606thehan13|yeah\n|\n|t:|1696807041\n|move|p1a: birb|Wide Guard|p1a: birb\n|-singleturn|p1a: birb|Wide Guard\n|move|p2b: Maushold|Follow Me|p2b: Maushold\n|-singleturn|p2b: Maushold|move: Follow Me\n|move|p2a: Lucario|Drain Punch|p1a: birb\n|-resisted|p1a: birb\n|-damage|p1a: birb|0 fnt\n|-heal|p2a: Lucario|45\/100|[from] drain|[of] p1a: birb\n|faint|p1a: birb\n|move|p1b: Lurantis|Superpower|p2b: Maushold\n|-supereffective|p2b: Maushold\n|-damage|p2b: Maushold|0 fnt\n|-boost|p1b: Lurantis|atk|1\n|-boost|p1b: Lurantis|def|1\n|faint|p2b: Maushold\n|\n|-weather|RainDance|[upkeep]\n|upkeep\n|c|\u2606thehan13|why are you wide guarding?\n|\n|t:|1696807061\n|switch|p2b: Pincurchin|Pincurchin, M|100\/100\n|switch|p1a: Raichu|Raichu, M|100\/100\n|-fieldstart|move: Electric Terrain|[from] ability: Electric Surge|[of] p2b: Pincurchin\n|turn|3\n|c|\u2606Corza27|thought that it would protect lurantis\n|\n|t:|1696807087\n|move|p2b: Pincurchin|Sucker Punch|p1b: Lurantis\n|-damage|p1b: Lurantis|91\/100\n|move|p1a: Raichu|Thunder|p2a: Lucario\n|-damage|p2a: Lucario|0 fnt\n|faint|p2a: Lucario\n|move|p1b: Lurantis|Superpower|p2b: Pincurchin\n|-damage|p2b: Pincurchin|52\/100\n|-boost|p1b: Lurantis|atk|1\n|-boost|p1b: Lurantis|def|1\n|\n|-weather|RainDance|[upkeep]\n|-heal|p1b: Lurantis|97\/100|[from] item: Leftovers\n|-heal|p2b: Pincurchin|58\/100|[from] item: Leftovers\n|upkeep\n|\n|t:|1696807095\n|switch|p2a: Raichu|Raichu-Alola, F|100\/100\n|turn|4\n|\n|t:|1696807113\n|move|p2a: Raichu|Rising Voltage|p1a: Raichu\n|-activate|p1a: Raichu|ability: Lightning Rod\n|-ability|p1a: Raichu|Lightning Rod|boost\n|-boost|p1a: Raichu|spa|1\n|move|p1a: Raichu|Nasty Plot|p1a: Raichu\n|-boost|p1a: Raichu|spa|2\n|move|p1b: Lurantis|Superpower|p2b: Pincurchin\n|-damage|p2b: Pincurchin|0 fnt\n|-boost|p1b: Lurantis|atk|1\n|-boost|p1b: Lurantis|def|1\n|faint|p2b: Pincurchin\n|\n|-weather|RainDance|[upkeep]\n|-heal|p1b: Lurantis|100\/100|[from] item: Leftovers\n|upkeep\n|c|\u2606Corza27|thehan\n|c|\u2606thehan13|wait huh\n|c|\u2606thehan13|I attacked th elurantis\n|c|\u2606thehan13|with rising volatgae\n|\n|t:|1696807163\n|switch|p2b: Heatran|Heatran, M|100\/100\n|turn|5\n|\n|t:|1696807211\n|switch|p2a: Dragapult|Dragapult, F|100\/100\n|-terastallize|p2b: Heatran|Fire\n|-zpower|p1a: Raichu\n|move|p1a: Raichu|Gigavolt Havoc|p2b: Heatran|[zeffect]\n|-damage|p2b: Heatran|0 fnt\n|faint|p2b: Heatran\n|move|p1b: Lurantis|Leaf Storm|p2a: Dragapult|[miss]\n|-miss|p1b: Lurantis|p2a: Dragapult\n|\n|-weather|none\n|upkeep\n|\n|t:|1696807228\n|switch|p2b: Raichu|Raichu-Alola, F|100\/100\n|turn|6\n|\n|t:|1696807244\n|move|p2a: Dragapult|Helping Hand|p2b: Raichu\n|-singleturn|p2b: Raichu|Helping Hand|[of] p2a: Dragapult\n|move|p2b: Raichu|Rising Voltage|p1a: Raichu\n|-activate|p1a: Raichu|ability: Lightning Rod\n|-ability|p1a: Raichu|Lightning Rod|boost\n|-boost|p1a: Raichu|spa|1\n|move|p1a: Raichu|Nuzzle|p2a: Dragapult\n|-resisted|p2a: Dragapult\n|-damage|p2a: Dragapult|95\/100\n|-status|p2a: Dragapult|par\n|move|p1b: Lurantis|Rain Dance|p1b: Lurantis\n|-weather|RainDance\n|\n|-weather|RainDance|[upkeep]\n|upkeep\n|turn|7\n|c|\u2606Corza27|thehan\n|c|\u2606thehan13|wait does he absorb it based on a wide field?\n|c|\u2606Corza27|yes\n|c|\u2606thehan13|ohhh ok that makes sense\n|\n|t:|1696807280\n|move|p2b: Raichu|Rising Voltage|p1a: Raichu\n|-activate|p1a: Raichu|ability: Lightning Rod\n|-ability|p1a: Raichu|Lightning Rod|boost\n|-boost|p1a: Raichu|spa|1\n|move|p1a: Raichu|Thunder|p2a: Dragapult\n|-resisted|p2a: Dragapult\n|-damage|p2a: Dragapult|0 fnt\n|faint|p2a: Dragapult\n|move|p1b: Lurantis|Leaf Storm|p2b: Raichu|[miss]\n|-miss|p1b: Lurantis|p2b: Raichu\n|\n|-weather|RainDance|[upkeep]\n|-fieldend|move: Electric Terrain\n|upkeep\n|turn|8\n|c|\u2606thehan13|im specs\n|c|\u2606Corza27|lol\n|\n|t:|1696807300\n|move|p2b: Raichu|Rising Voltage|p1a: Raichu\n|-activate|p1a: Raichu|ability: Lightning Rod\n|-ability|p1a: Raichu|Lightning Rod|boost\n|-boost|p1a: Raichu|spa|1\n|move|p1a: Raichu|Thunder|p2b: Raichu\n|-resisted|p2b: Raichu\n|-damage|p2b: Raichu|0 fnt\n|faint|p2b: Raichu\n|\n|win|Corza27\n|c|\u2606thehan13|wait you gave me a new idea\n|c|\u2606Corza27|gg\n|l|\u2606Corza27\n|j|\u2606Corza27\n|player|p1|Corza27|birdkeeper\n","uploadtime":1696807406,"views":6,"p1id":"corza27","p2id":"thehan13","formatid":"gen9nationaldexdoubles","rating":0,"private":0,"password":""}