{"id":"gen9nationaldexdoubles-1967138824","p1":"YoBuddyTheBaker","p2":"Jello1231","format":"[Gen 9] National Dex Doubles","log":"|j|\u2606YoBuddyTheBaker\n|j|\u2606Jello1231\n|t:|1697259640\n|gametype|doubles\n|player|p1|YoBuddyTheBaker|baker|\n|player|p2|Jello1231|sonia-professor|\n|teamsize|p1|6\n|teamsize|p2|6\n|gen|9\n|tier|[Gen 9] National Dex Doubles\n|rated|Tournament battle\n|rule|HP Percentage Mod: HP is shown in percentages\n|rule|Endless Battle Clause: Forcing endless battles is banned\n|rule|OHKO Clause: OHKO moves are banned\n|rule|Evasion Moves Clause: Evasion moves are banned\n|rule|Evasion Abilities Clause: Evasion abilities are banned\n|rule|Species Clause: Limit one of each Pok\u00e9mon\n|rule|Gravity Sleep Clause: The combination of sleep-inducing moves with imperfect accuracy and Gravity or Gigantamax Orbeetle are banned\n|clearpoke\n|poke|p1|Kingambit, F|\n|poke|p1|Urshifu-*, F|\n|poke|p1|Zygarde|\n|poke|p1|Amoonguss, M|\n|poke|p1|Salamence, M|\n|poke|p1|Incineroar, M|\n|poke|p2|Chien-Pao|\n|poke|p2|Blaziken, M|\n|poke|p2|Rillaboom, M|\n|poke|p2|Tapu Fini|\n|poke|p2|Gholdengo|\n|poke|p2|Tornadus, M|\n|teampreview\n|j|%Smudge\n|c|\u2606Jello1231|Oh\n|j| Ekkogandr\n|c|\u2606Jello1231|Didn't mean to bring this clicked too fast\n|c|\u2606Jello1231|Whoops\n|c|\u2606YoBuddyTheBaker|lol\n|c|\u2606Jello1231|Oh well m blaze gaming\n|c|\u2606YoBuddyTheBaker|I was gonna say this is one more blakizen than I expected\n|c|\u2606YoBuddyTheBaker|gl\n|l| Ekkogandr\n|\n|t:|1697259745\n|start\n|switch|p1a: Salamence|Salamence, M|100\/100\n|switch|p1b: Zygarde|Zygarde|100\/100\n|switch|p2a: Tapu Fini|Tapu Fini|100\/100\n|switch|p2b: Rillaboom|Rillaboom, M|100\/100\n|-fieldstart|move: Misty Terrain|[from] ability: Misty Surge|[of] p2a: Tapu Fini\n|-ability|p1a: Salamence|Intimidate|boost\n|-unboost|p2a: Tapu Fini|atk|1\n|-unboost|p2b: Rillaboom|atk|1\n|-ability|p1b: Zygarde|Aura Break\n|-fieldstart|move: Grassy Terrain|[from] ability: Grassy Surge|[of] p2b: Rillaboom\n|turn|1\n|\n|t:|1697259781\n|switch|p1a: Amoonguss|Amoonguss, M|100\/100\n|-terastallize|p1b: Zygarde|Fire\n|move|p2b: Rillaboom|Fake Out|p1a: Amoonguss\n|-damage|p1a: Amoonguss|91\/100\n|move|p2a: Tapu Fini|Trick|p1b: Zygarde\n|-activate|p2a: Tapu Fini|move: Trick|[of] p1b: Zygarde\n|-item|p1b: Zygarde|Choice Scarf|[from] move: Trick\n|-item|p2a: Tapu Fini|Clear Amulet|[from] move: Trick\n|move|p1b: Zygarde|Dragon Dance|p1b: Zygarde\n|-boost|p1b: Zygarde|atk|1\n|-boost|p1b: Zygarde|spe|1\n|\n|-heal|p1a: Amoonguss|97\/100|[from] Grassy Terrain\n|upkeep\n|turn|2\n|\n|t:|1697259827\n|switch|p1b: Kingambit|Kingambit, F|100\/100\n|switch|p2a: Gholdengo|Gholdengo|100\/100\n|move|p2b: Rillaboom|U-turn|p1b: Kingambit\n|-damage|p1b: Kingambit|87\/100\n|\n|t:|1697259829\n|switch|p2b: Blaziken|Blaziken, M|100\/100|[from] U-turn\n|move|p1a: Amoonguss|Spore|p2b: Blaziken\n|-status|p2b: Blaziken|slp|[from] move: Spore\n|\n|-heal|p1b: Kingambit|93\/100|[from] Grassy Terrain\n|-heal|p1a: Amoonguss|100\/100|[from] Grassy Terrain\n|upkeep\n|turn|3\n|\n|t:|1697259868\n|switch|p1a: Incineroar|Incineroar, M|100\/100\n|-ability|p1a: Incineroar|Intimidate|boost\n|-unboost|p2a: Gholdengo|atk|1\n|-unboost|p2b: Blaziken|atk|1\n|detailschange|p2b: Blaziken|Blaziken-Mega, M\n|-mega|p2b: Blaziken|Blaziken|Blazikenite\n|cant|p2b: Blaziken|slp\n|move|p2a: Gholdengo|Trick|p1b: Kingambit\n|-activate|p2a: Gholdengo|move: Trick|[of] p1b: Kingambit\n|-item|p1b: Kingambit|Choice Specs|[from] move: Trick\n|-item|p2a: Gholdengo|Black Glasses|[from] move: Trick\n|move|p1b: Kingambit|Swords Dance|p1b: Kingambit\n|-boost|p1b: Kingambit|atk|2\n|\n|-heal|p1b: Kingambit|99\/100|[from] Grassy Terrain\n|-ability|p2b: Blaziken|Speed Boost|boost\n|-boost|p2b: Blaziken|spe|1\n|upkeep\n|turn|4\n|c|\u2606YoBuddyTheBaker|wtf\n|\n|t:|1697259913\n|switch|p2a: Tapu Fini|Tapu Fini|100\/100\n|-fieldstart|move: Misty Terrain|[from] ability: Misty Surge|[of] p2a: Tapu Fini\n|switch|p1b: Zygarde|Zygarde, tera:Fire|100\/100\n|-ability|p1b: Zygarde|Aura Break\n|-curestatus|p2b: Blaziken|slp|[msg]\n|move|p2b: Blaziken|Close Combat|p1b: Zygarde\n|-damage|p1b: Zygarde|62\/100\n|-unboost|p2b: Blaziken|def|1\n|-unboost|p2b: Blaziken|spd|1\n|move|p1a: Incineroar|Parting Shot|p2b: Blaziken\n|-unboost|p2b: Blaziken|atk|1\n|-unboost|p2b: Blaziken|spa|1\n|\n|t:|1697259947\n|switch|p1a: Salamence|Salamence, M|100\/100|[from] Parting Shot\n|-ability|p1a: Salamence|Intimidate|boost\n|-fail|p2a: Tapu Fini|unboost|[from] item: Clear Amulet|[of] p2a: Tapu Fini\n|-unboost|p2b: Blaziken|atk|1\n|\n|-ability|p2b: Blaziken|Speed Boost|boost\n|-boost|p2b: Blaziken|spe|1\n|upkeep\n|turn|5\n|\n|t:|1697259974\n|switch|p2b: Gholdengo|Gholdengo|100\/100\n|detailschange|p1a: Salamence|Salamence-Mega, M\n|-mega|p1a: Salamence|Salamence|Salamencite\n|move|p1b: Zygarde|Thousand Arrows|p2a: Tapu Fini|[spread] p2a,p2b\n|-supereffective|p2b: Gholdengo\n|-damage|p2a: Tapu Fini|68\/100\n|-damage|p2b: Gholdengo|38\/100\n|move|p1a: Salamence|Double-Edge|p2a: Tapu Fini\n|-damage|p2a: Tapu Fini|0 fnt\n|faint|p2a: Tapu Fini\n|-damage|p1a: Salamence|82\/100|[from] Recoil\n|\n|upkeep\n|\n|t:|1697259990\n|switch|p2a: Tornadus|Tornadus, M|100\/100\n|turn|6\n|\n|t:|1697260037\n|switch|p2b: Rillaboom|Rillaboom, M|100\/100\n|-fieldstart|move: Grassy Terrain|[from] ability: Grassy Surge|[of] p2b: Rillaboom\n|move|p1b: Zygarde|Thousand Arrows|p2a: Tornadus|[spread] p2a,p2b\n|-resisted|p2b: Rillaboom\n|-damage|p2a: Tornadus|67\/100\n|-damage|p2b: Rillaboom|86\/100\n|-start|p2a: Tornadus|Smack Down\n|move|p1a: Salamence|Tailwind|p1a: Salamence\n|-sidestart|p1: YoBuddyTheBaker|move: Tailwind\n|-zpower|p2a: Tornadus\n|move|p2a: Tornadus|Supersonic Skystrike|p1a: Salamence|[zeffect]\n|-damage|p1a: Salamence|0 fnt\n|faint|p1a: Salamence\n|\n|-heal|p1b: Zygarde|68\/100|[from] Grassy Terrain\n|-heal|p2a: Tornadus|73\/100|[from] Grassy Terrain\n|-heal|p2b: Rillaboom|92\/100|[from] Grassy Terrain\n|upkeep\n|\n|t:|1697260050\n|switch|p1a: Incineroar|Incineroar, M|100\/100\n|-ability|p1a: Incineroar|Intimidate|boost\n|-unboost|p2a: Tornadus|atk|1\n|-unboost|p2b: Rillaboom|atk|1\n|turn|7\n|\n|t:|1697260063\n|move|p2b: Rillaboom|Fake Out|p1a: Incineroar\n|-damage|p1a: Incineroar|92\/100\n|move|p2a: Tornadus|Tailwind|p2a: Tornadus\n|-sidestart|p2: Jello1231|move: Tailwind\n|move|p1b: Zygarde|Thousand Arrows|p2b: Rillaboom|[spread] p2a,p2b\n|-resisted|p2b: Rillaboom\n|-damage|p2a: Tornadus|36\/100\n|-damage|p2b: Rillaboom|78\/100\n|cant|p1a: Incineroar|flinch\n|\n|-heal|p1b: Zygarde|75\/100|[from] Grassy Terrain\n|-heal|p2a: Tornadus|42\/100|[from] Grassy Terrain\n|-heal|p2b: Rillaboom|84\/100|[from] Grassy Terrain\n|-heal|p1a: Incineroar|98\/100|[from] Grassy Terrain\n|upkeep\n|turn|8\n|\n|t:|1697260094\n|move|p1b: Zygarde|Thousand Arrows|p2b: Rillaboom|[spread] p2a,p2b\n|-resisted|p2b: Rillaboom\n|-damage|p2a: Tornadus|6\/100\n|-damage|p2b: Rillaboom|70\/100\n|move|p2a: Tornadus|Bleakwind Storm|p1b: Zygarde|[spread] p1a\n|-miss|p2a: Tornadus|p1b: Zygarde\n|-damage|p1a: Incineroar|70\/100\n|-unboost|p1a: Incineroar|spe|1\n|move|p2b: Rillaboom|Wood Hammer|p1b: Zygarde\n|-resisted|p1b: Zygarde\n|-damage|p1b: Zygarde|53\/100\n|-damage|p2b: Rillaboom|63\/100|[from] Recoil\n|move|p1a: Incineroar|Flare Blitz|p2b: Rillaboom\n|-supereffective|p2b: Rillaboom\n|-damage|p2b: Rillaboom|0 fnt\n|faint|p2b: Rillaboom\n|-damage|p1a: Incineroar|49\/100|[from] Recoil\n|-enditem|p1a: Incineroar|Sitrus Berry|[eat]\n|-heal|p1a: Incineroar|74\/100|[from] item: Sitrus Berry\n|\n|-heal|p1b: Zygarde|59\/100|[from] Grassy Terrain\n|-heal|p2a: Tornadus|12\/100|[from] Grassy Terrain\n|-heal|p1a: Incineroar|80\/100|[from] Grassy Terrain\n|upkeep\n|\n|t:|1697260109\n|switch|p2b: Blaziken|Blaziken-Mega, M|100\/100\n|turn|9\n|\n|t:|1697260140\n|move|p2b: Blaziken|Detect|p2b: Blaziken\n|-singleturn|p2b: Blaziken|Protect\n|move|p1b: Zygarde|Thousand Arrows|p2a: Tornadus|[spread] p2a\n|-activate|p2b: Blaziken|move: Protect\n|-damage|p2a: Tornadus|0 fnt\n|faint|p2a: Tornadus\n|move|p1a: Incineroar|Flare Blitz|p2b: Blaziken\n|-activate|p2b: Blaziken|move: Protect\n|\n|-heal|p1b: Zygarde|65\/100|[from] Grassy Terrain\n|-heal|p1a: Incineroar|86\/100|[from] Grassy Terrain\n|-sideend|p1: YoBuddyTheBaker|move: Tailwind\n|-ability|p2b: Blaziken|Speed Boost|boost\n|-boost|p2b: Blaziken|spe|1\n|upkeep\n|\n|t:|1697260157\n|switch|p2a: Chien-Pao|Chien-Pao|100\/100\n|-ability|p2a: Chien-Pao|Sword of Ruin\n|turn|10\n|\n|t:|1697260178\n|switch|p1b: Kingambit|Kingambit, F|99\/100\n|switch|p1a: Amoonguss|Amoonguss, M|100\/100\n|-terastallize|p2a: Chien-Pao|Ghost\n|move|p2b: Blaziken|Brave Bird|p1b: Kingambit\n|-resisted|p1b: Kingambit\n|-damage|p1b: Kingambit|73\/100\n|-damage|p2b: Blaziken|89\/100|[from] Recoil\n|move|p2a: Chien-Pao|Icicle Crash|p1b: Kingambit\n|-resisted|p1b: Kingambit\n|-damage|p1b: Kingambit|45\/100\n|-damage|p2a: Chien-Pao|91\/100|[from] item: Life Orb\n|\n|-heal|p2b: Blaziken|95\/100|[from] Grassy Terrain\n|-heal|p2a: Chien-Pao|97\/100|[from] Grassy Terrain\n|-heal|p1b: Kingambit|51\/100|[from] Grassy Terrain\n|-sideend|p2: Jello1231|move: Tailwind\n|-fieldend|move: Grassy Terrain\n|-ability|p2b: Blaziken|Speed Boost|boost\n|-boost|p2b: Blaziken|spe|1\n|upkeep\n|turn|11\n|\n|t:|1697260230\n|move|p2a: Chien-Pao|Protect|p2a: Chien-Pao\n|-singleturn|p2a: Chien-Pao|Protect\n|move|p1b: Kingambit|Sucker Punch||[still]\n|-fail|p1b: Kingambit\n|move|p2b: Blaziken|Flare Blitz|p1a: Amoonguss\n|-supereffective|p1a: Amoonguss\n|-damage|p1a: Amoonguss|0 fnt\n|faint|p1a: Amoonguss\n|-damage|p2b: Blaziken|47\/100|[from] Recoil\n|\n|-ability|p2b: Blaziken|Speed Boost|boost\n|-boost|p2b: Blaziken|spe|1\n|upkeep\n|\n|t:|1697260238\n|switch|p1a: Zygarde|Zygarde, tera:Fire|65\/100\n|-ability|p1a: Zygarde|Aura Break\n|turn|12\n|\n|t:|1697260247\n|move|p2a: Chien-Pao|Ice Shard|p1b: Kingambit\n|-resisted|p1b: Kingambit\n|-damage|p1b: Kingambit|39\/100\n|-damage|p2a: Chien-Pao|87\/100|[from] item: Life Orb\n|move|p1b: Kingambit|Sucker Punch||[still]\n|-fail|p1b: Kingambit\n|move|p2b: Blaziken|Close Combat|p1a: Zygarde\n|-damage|p1a: Zygarde|0 fnt\n|-unboost|p2b: Blaziken|def|1\n|-unboost|p2b: Blaziken|spd|1\n|faint|p1a: Zygarde\n|\n|-ability|p2b: Blaziken|Speed Boost|boost\n|-boost|p2b: Blaziken|spe|1\n|upkeep\n|\n|t:|1697260258\n|switch|p1a: Urshifu|Urshifu-Rapid-Strike, F|100\/100\n|turn|13\n|c|\u2606Jello1231|Don't click aqua jet please\n|\n|t:|1697260302\n|move|p1b: Kingambit|Sucker Punch|p2b: Blaziken\n|-resisted|p2b: Blaziken\n|-damage|p2b: Blaziken|0 fnt\n|faint|p2b: Blaziken\n|move|p2a: Chien-Pao|Sacred Sword|p1b: Kingambit\n|-supereffective|p1b: Kingambit\n|-damage|p1b: Kingambit|0 fnt\n|faint|p1b: Kingambit\n|-damage|p2a: Chien-Pao|77\/100|[from] item: Life Orb\n|move|p1a: Urshifu|Surging Strikes|p2a: Chien-Pao\n|-crit|p2a: Chien-Pao\n|-damage|p2a: Chien-Pao|44\/100\n|-crit|p2a: Chien-Pao\n|-damage|p2a: Chien-Pao|11\/100\n|-crit|p2a: Chien-Pao\n|-damage|p2a: Chien-Pao|0 fnt\n|faint|p2a: Chien-Pao\n|-hitcount|p2: Chien-Pao|3\n|\n|upkeep\n|\n|t:|1697260308\n|switch|p2b: Gholdengo|Gholdengo|38\/100\n|switch|p1b: Incineroar|Incineroar, M|86\/100\n|-ability|p1b: Incineroar|Intimidate|boost\n|-unboost|p2b: Gholdengo|atk|1\n|turn|14\n|c|\u2606Jello1231|It dropped nooooo\n|c|\u2606Jello1231|Ggs\n|\n|t:|1697260323\n|move|p1a: Urshifu|Surging Strikes|p2b: Gholdengo\n|-crit|p2b: Gholdengo\n|-damage|p2b: Gholdengo|12\/100\n|-crit|p2b: Gholdengo\n|-damage|p2b: Gholdengo|0 fnt\n|faint|p2b: Gholdengo\n|-hitcount|p2: Gholdengo|2\n|\n|win|YoBuddyTheBaker\n|n|\u2606YoBuddyTheBaker|yobuddythebaker\n|n|\u2606Jello1231|jello1231\n|n| Smudge|smudge\n","uploadtime":1697260324,"views":23,"p1id":"yobuddythebaker","p2id":"jello1231","formatid":"gen9nationaldexdoubles","rating":0,"private":0,"password":""}