{"id":"gen9nationaldexdoubles-1954128831","p1":"Specific360","p2":"BugCatcherJameson","format":"[Gen 9] National Dex Doubles","log":"|j|\u2606Specific360\n|j|\u2606BugCatcherJameson\n|t:|1695856686\n|gametype|doubles\n|player|p1|Specific360|veteran|\n|player|p2|BugCatcherJameson|bugsy|\n|teamsize|p1|6\n|teamsize|p2|6\n|gen|9\n|tier|[Gen 9] National Dex Doubles\n|rule|HP Percentage Mod: HP is shown in percentages\n|rule|Endless Battle Clause: Forcing endless battles is banned\n|rule|OHKO Clause: OHKO moves are banned\n|rule|Evasion Moves Clause: Evasion moves are banned\n|rule|Evasion Abilities Clause: Evasion abilities are banned\n|rule|Species Clause: Limit one of each Pok\u00e9mon\n|rule|Gravity Sleep Clause: The combination of sleep-inducing moves with imperfect accuracy and Gravity or Gigantamax Orbeetle are banned\n|clearpoke\n|poke|p1|Nihilego|\n|poke|p1|Corviknight, M|\n|poke|p1|Vikavolt, M|\n|poke|p1|Gliscor, M|\n|poke|p1|Chandelure, F|\n|poke|p1|Hatterene, F|\n|poke|p2|Volcarona, M|\n|poke|p2|Oricorio-Pom-Pom, F|\n|poke|p2|Bellossom, F|\n|poke|p2|Quaquaval, M|\n|poke|p2|Maushold-Four|\n|poke|p2|Kommo-o, F|\n|teampreview\n|j| ChronoTrigonometry\n|\n|t:|1695856781\n|start\n|switch|p1a: Yaga|Hatterene, F, shiny|100\/100\n|switch|p1b: Not-Lillie|Nihilego|100\/100\n|switch|p2a: Carnival|Quaquaval, M|100\/100\n|switch|p2b: Takes 2 to Tango|Maushold-Four|100\/100\n|-item|p1b: Not-Lillie|Air Balloon\n|turn|1\n|\n|t:|1695856843\n|-terastallize|p2b: Takes 2 to Tango|Normal\n|move|p1b: Not-Lillie|Protect|p1b: Not-Lillie\n|-singleturn|p1b: Not-Lillie|Protect\n|move|p2b: Takes 2 to Tango|Population Bomb|p1a: Yaga\n|-damage|p1a: Yaga|89\/100\n|-damage|p1a: Yaga|77\/100\n|-damage|p1a: Yaga|65\/100\n|-damage|p1a: Yaga|53\/100\n|-damage|p1a: Yaga|43\/100\n|-damage|p1a: Yaga|32\/100\n|-damage|p1a: Yaga|20\/100\n|-damage|p1a: Yaga|8\/100\n|-damage|p1a: Yaga|0 fnt\n|faint|p1a: Yaga\n|-hitcount|p1: Yaga|9\n|move|p2a: Carnival|Aqua Step|p1b: Not-Lillie\n|-activate|p1b: Not-Lillie|move: Protect\n|\n|upkeep\n|\n|t:|1695856936\n|switch|p1a: Lucas|Vikavolt, M|100\/100\n|turn|2\n|j| Green133\n|\n|t:|1695856976\n|switch|p2b: \u30c1\u30a2\u30ea\u30fc\u30c0\u30fc|Oricorio-Pom-Pom, F|100\/100\n|move|p2a: Carnival|Aqua Step|p1b: Not-Lillie\n|-supereffective|p1b: Not-Lillie\n|-damage|p1b: Not-Lillie|0 fnt\n|-boost|p2a: Carnival|spe|1\n|-enditem|p1b: Not-Lillie|Air Balloon\n|faint|p1b: Not-Lillie\n|-ability|p2a: Carnival|Moxie|boost\n|-boost|p2a: Carnival|atk|1\n|-activate|p2b: \u30c1\u30a2\u30ea\u30fc\u30c0\u30fc|ability: Dancer\n|move|p2b: \u30c1\u30a2\u30ea\u30fc\u30c0\u30fc|Aqua Step|p1a: Lucas|[from]ability: Dancer\n|-crit|p1a: Lucas\n|-damage|p1a: Lucas|90\/100\n|-boost|p2b: \u30c1\u30a2\u30ea\u30fc\u30c0\u30fc|spe|1\n|move|p1a: Lucas|Volt Switch|p2a: Carnival\n|-supereffective|p2a: Carnival\n|-damage|p2a: Carnival|12\/100\n|\n|t:|1695856996\n|switch|p1a: Vlad|Chandelure, F, shiny|100\/100|[from] Volt Switch\n|\n|upkeep\n|\n|t:|1695857007\n|switch|p1b: Lucas|Vikavolt, M|90\/100\n|turn|3\n|\n|t:|1695857041\n|move|p1a: Vlad|Protect|p1a: Vlad\n|-singleturn|p1a: Vlad|Protect\n|move|p2a: Carnival|Ice Spinner|p1a: Vlad\n|-activate|p1a: Vlad|move: Protect\n|move|p2b: \u30c1\u30a2\u30ea\u30fc\u30c0\u30fc|Air Cutter|p1b: Lucas|[spread] p1b\n|-activate|p1a: Vlad|move: Protect\n|-crit|p1b: Lucas\n|-damage|p1b: Lucas|49\/100\n|move|p1b: Lucas|Thunderbolt|p2a: Carnival\n|-supereffective|p2a: Carnival\n|-damage|p2a: Carnival|0 fnt\n|faint|p2a: Carnival\n|\n|upkeep\n|\n|t:|1695857058\n|switch|p2a: My Bologna|Volcarona, M|100\/100\n|turn|4\n|\n|t:|1695857101\n|-terastallize|p1b: Lucas|Electric\n|move|p2b: \u30c1\u30a2\u30ea\u30fc\u30c0\u30fc|Air Cutter|p1b: Lucas|[spread] p1a,p1b\n|-resisted|p1b: Lucas\n|-crit|p1b: Lucas\n|-damage|p1a: Vlad|76\/100\n|-damage|p1b: Lucas|28\/100\n|move|p2a: My Bologna|Quiver Dance|p2a: My Bologna\n|-boost|p2a: My Bologna|spa|1\n|-boost|p2a: My Bologna|spd|1\n|-boost|p2a: My Bologna|spe|1\n|-activate|p2b: \u30c1\u30a2\u30ea\u30fc\u30c0\u30fc|ability: Dancer\n|move|p2b: \u30c1\u30a2\u30ea\u30fc\u30c0\u30fc|Quiver Dance|p2b: \u30c1\u30a2\u30ea\u30fc\u30c0\u30fc|[from]ability: Dancer\n|-boost|p2b: \u30c1\u30a2\u30ea\u30fc\u30c0\u30fc|spa|1\n|-boost|p2b: \u30c1\u30a2\u30ea\u30fc\u30c0\u30fc|spd|1\n|-boost|p2b: \u30c1\u30a2\u30ea\u30fc\u30c0\u30fc|spe|1\n|move|p1b: Lucas|Roost|p1b: Lucas\n|-heal|p1b: Lucas|78\/100\n|move|p1a: Vlad|Trick Room|p1a: Vlad\n|-fieldstart|move: Trick Room|[of] p1a: Vlad\n|\n|upkeep\n|turn|5\n|j| JKogut\n|\n|t:|1695857176\n|move|p2b: \u30c1\u30a2\u30ea\u30fc\u30c0\u30fc|Protect|p2b: \u30c1\u30a2\u30ea\u30fc\u30c0\u30fc\n|-singleturn|p2b: \u30c1\u30a2\u30ea\u30fc\u30c0\u30fc|Protect\n|move|p1b: Lucas|Volt Switch|p2a: My Bologna\n|-damage|p2a: My Bologna|67\/100\n|\n|t:|1695857184\n|switch|p1b: Drack|Gliscor, M|100\/100|[from] Volt Switch\n|move|p1a: Vlad|Flamethrower|p2a: My Bologna\n|-damage|p2a: My Bologna|25\/100\n|move|p2a: My Bologna|Fiery Dance|p1b: Drack\n|-damage|p1b: Drack|23\/100\n|-boost|p2a: My Bologna|spa|1\n|-activate|p2b: \u30c1\u30a2\u30ea\u30fc\u30c0\u30fc|ability: Dancer\n|move|p2b: \u30c1\u30a2\u30ea\u30fc\u30c0\u30fc|Fiery Dance|p1b: Drack|[from]ability: Dancer\n|-damage|p1b: Drack|0 fnt\n|-boost|p2b: \u30c1\u30a2\u30ea\u30fc\u30c0\u30fc|spa|1\n|faint|p1b: Drack\n|\n|-heal|p2a: My Bologna|31\/100|[from] item: Leftovers\n|upkeep\n|\n|t:|1695857203\n|switch|p1b: Lucas|Vikavolt, M, tera:Electric|78\/100\n|turn|6\n|\n|t:|1695857218\n|move|p1b: Lucas|Thunderbolt|p2b: \u30c1\u30a2\u30ea\u30fc\u30c0\u30fc\n|-damage|p2b: \u30c1\u30a2\u30ea\u30fc\u30c0\u30fc|41\/100\n|move|p1a: Vlad|Flamethrower|p2a: My Bologna\n|-damage|p2a: My Bologna|0 fnt\n|faint|p2a: My Bologna\n|move|p2b: \u30c1\u30a2\u30ea\u30fc\u30c0\u30fc|Revelation Dance|p1a: Vlad\n|-damage|p1a: Vlad|0 fnt\n|faint|p1a: Vlad\n|\n|upkeep\n|\n|t:|1695857235\n|switch|p1a: Rook II|Corviknight, M, shiny|100\/100\n|switch|p2a: L\u016b\u02bbau|Kommo-o, F, shiny|100\/100\n|turn|7\n|\n|t:|1695857288\n|move|p2b: \u30c1\u30a2\u30ea\u30fc\u30c0\u30fc|Protect|p2b: \u30c1\u30a2\u30ea\u30fc\u30c0\u30fc\n|-singleturn|p2b: \u30c1\u30a2\u30ea\u30fc\u30c0\u30fc|Protect\n|move|p1b: Lucas|Thunderbolt|p2b: \u30c1\u30a2\u30ea\u30fc\u30c0\u30fc\n|-activate|p2b: \u30c1\u30a2\u30ea\u30fc\u30c0\u30fc|move: Protect\n|move|p1a: Rook II|Light Screen|p1a: Rook II\n|-sidestart|p1: Specific360|move: Light Screen\n|move|p2a: L\u016b\u02bbau|Rock Slide|p1b: Lucas|[spread] p1a,p1b\n|-damage|p1a: Rook II|91\/100\n|-damage|p1b: Lucas|68\/100\n|\n|upkeep\n|turn|8\n|l| Green133\n|\n|t:|1695857310\n|move|p1b: Lucas|Thunderbolt|p2b: \u30c1\u30a2\u30ea\u30fc\u30c0\u30fc\n|-damage|p2b: \u30c1\u30a2\u30ea\u30fc\u30c0\u30fc|0 fnt\n|faint|p2b: \u30c1\u30a2\u30ea\u30fc\u30c0\u30fc\n|move|p1a: Rook II|Iron Defense|p1a: Rook II\n|-boost|p1a: Rook II|def|2\n|move|p2a: L\u016b\u02bbau|Drain Punch|p1b: Lucas\n|-damage|p1b: Lucas|48\/100\n|\n|-fieldend|move: Trick Room\n|upkeep\n|\n|t:|1695857334\n|switch|p2b: Takes 2 to Tango|Maushold-Four, tera:Normal|100\/100\n|turn|9\n|\n|t:|1695857356\n|move|p2b: Takes 2 to Tango|Encore|p1a: Rook II\n|-start|p1a: Rook II|Encore\n|move|p2a: L\u016b\u02bbau|Rock Slide|p1b: Lucas|[spread] p1a,p1b\n|-damage|p1a: Rook II|87\/100\n|-damage|p1b: Lucas|38\/100\n|cant|p1a: Rook II|flinch\n|move|p1b: Lucas|Thunderbolt|p2b: Takes 2 to Tango\n|-damage|p2b: Takes 2 to Tango|10\/100\n|\n|upkeep\n|turn|10\n|\n|t:|1695857377\n|move|p2b: Takes 2 to Tango|Population Bomb|p1b: Lucas\n|-damage|p1b: Lucas|30\/100\n|-damage|p1b: Lucas|22\/100\n|-damage|p1b: Lucas|14\/100\n|-damage|p1b: Lucas|6\/100\n|-damage|p1b: Lucas|0 fnt\n|faint|p1b: Lucas\n|-hitcount|p1: Lucas|5\n|move|p2a: L\u016b\u02bbau|Rock Slide|p1a: Rook II\n|-damage|p1a: Rook II|81\/100\n|move|p1a: Rook II|Iron Defense|p1a: Rook II\n|-boost|p1a: Rook II|def|2\n|\n|upkeep\n|turn|11\n|c|\u2606Specific360|Gg\n|\n|t:|1695857403\n|move|p2b: Takes 2 to Tango|Tidy Up|p2b: Takes 2 to Tango\n|-boost|p2b: Takes 2 to Tango|atk|1\n|-boost|p2b: Takes 2 to Tango|spe|1\n|move|p2a: L\u016b\u02bbau|Rock Slide|p1a: Rook II\n|-damage|p1a: Rook II|77\/100\n|move|p1a: Rook II|Iron Defense|p1a: Rook II\n|-boost|p1a: Rook II|def|2\n|\n|-end|p1a: Rook II|Encore\n|-sideend|p1: Specific360|move: Light Screen\n|upkeep\n|turn|12\n|\n|t:|1695857417\n|move|p2b: Takes 2 to Tango|Encore|p1a: Rook II\n|-start|p1a: Rook II|Encore\n|move|p2a: L\u016b\u02bbau|Clangorous Soul|p2a: L\u016b\u02bbau\n|-boost|p2a: L\u016b\u02bbau|atk|1\n|-boost|p2a: L\u016b\u02bbau|def|1\n|-boost|p2a: L\u016b\u02bbau|spa|1\n|-boost|p2a: L\u016b\u02bbau|spd|1\n|-boost|p2a: L\u016b\u02bbau|spe|1\n|-damage|p2a: L\u016b\u02bbau|68\/100\n|move|p1a: Rook II|Iron Defense|p1a: Rook II\n|-boost|p1a: Rook II|def|0\n|\n|-heal|p2a: L\u016b\u02bbau|74\/100|[from] item: Leftovers\n|upkeep\n|turn|13\n|\n|t:|1695857430\n|move|p2b: Takes 2 to Tango|Tidy Up|p2b: Takes 2 to Tango\n|-boost|p2b: Takes 2 to Tango|atk|1\n|-boost|p2b: Takes 2 to Tango|spe|1\n|move|p2a: L\u016b\u02bbau|Clangorous Soul|p2a: L\u016b\u02bbau\n|-boost|p2a: L\u016b\u02bbau|atk|1\n|-boost|p2a: L\u016b\u02bbau|def|1\n|-boost|p2a: L\u016b\u02bbau|spa|1\n|-boost|p2a: L\u016b\u02bbau|spd|1\n|-boost|p2a: L\u016b\u02bbau|spe|1\n|-damage|p2a: L\u016b\u02bbau|41\/100\n|move|p1a: Rook II|Iron Defense|p1a: Rook II\n|-boost|p1a: Rook II|def|0\n|\n|-heal|p2a: L\u016b\u02bbau|47\/100|[from] item: Leftovers\n|upkeep\n|turn|14\n|\n|t:|1695857444\n|move|p2b: Takes 2 to Tango|Tidy Up|p2b: Takes 2 to Tango\n|-boost|p2b: Takes 2 to Tango|atk|1\n|-boost|p2b: Takes 2 to Tango|spe|1\n|move|p2a: L\u016b\u02bbau|Clangorous Soul|p2a: L\u016b\u02bbau\n|-boost|p2a: L\u016b\u02bbau|atk|1\n|-boost|p2a: L\u016b\u02bbau|def|1\n|-boost|p2a: L\u016b\u02bbau|spa|1\n|-boost|p2a: L\u016b\u02bbau|spd|1\n|-boost|p2a: L\u016b\u02bbau|spe|1\n|-damage|p2a: L\u016b\u02bbau|14\/100\n|move|p1a: Rook II|Iron Defense|p1a: Rook II\n|-boost|p1a: Rook II|def|0\n|\n|-heal|p2a: L\u016b\u02bbau|20\/100|[from] item: Leftovers\n|-end|p1a: Rook II|Encore\n|upkeep\n|turn|15\n|\n|t:|1695857461\n|move|p2b: Takes 2 to Tango|Encore|p1a: Rook II\n|-start|p1a: Rook II|Encore\n|move|p2a: L\u016b\u02bbau|Drain Punch|p1a: Rook II\n|-damage|p1a: Rook II|67\/100\n|-heal|p2a: L\u016b\u02bbau|27\/100|[from] drain|[of] p1a: Rook II\n|-damage|p2a: L\u016b\u02bbau|10\/100|[from] item: Rocky Helmet|[of] p1a: Rook II\n|move|p1a: Rook II|Iron Defense|p1a: Rook II\n|-boost|p1a: Rook II|def|0\n|\n|-heal|p2a: L\u016b\u02bbau|17\/100|[from] item: Leftovers\n|upkeep\n|turn|16\n|\n|t:|1695857488\n|move|p2b: Takes 2 to Tango|Tidy Up|p2b: Takes 2 to Tango\n|-boost|p2b: Takes 2 to Tango|atk|1\n|-boost|p2b: Takes 2 to Tango|spe|1\n|move|p2a: L\u016b\u02bbau|Dragon Dance|p2a: L\u016b\u02bbau\n|-boost|p2a: L\u016b\u02bbau|atk|1\n|-boost|p2a: L\u016b\u02bbau|spe|1\n|move|p1a: Rook II|Iron Defense|p1a: Rook II\n|-boost|p1a: Rook II|def|0\n|\n|-heal|p2a: L\u016b\u02bbau|23\/100|[from] item: Leftovers\n|upkeep\n|turn|17\n|c|\u2606Specific360|Corviknight solo??\n|\n|t:|1695857501\n|move|p2b: Takes 2 to Tango|Tidy Up|p2b: Takes 2 to Tango\n|-boost|p2b: Takes 2 to Tango|atk|1\n|-boost|p2b: Takes 2 to Tango|spe|1\n|move|p2a: L\u016b\u02bbau|Dragon Dance|p2a: L\u016b\u02bbau\n|-boost|p2a: L\u016b\u02bbau|atk|1\n|-boost|p2a: L\u016b\u02bbau|spe|1\n|move|p1a: Rook II|Iron Defense|p1a: Rook II\n|-boost|p1a: Rook II|def|0\n|\n|-heal|p2a: L\u016b\u02bbau|29\/100|[from] item: Leftovers\n|-end|p1a: Rook II|Encore\n|upkeep\n|turn|18\n|\n|t:|1695857521\n|move|p2b: Takes 2 to Tango|Encore|p1a: Rook II\n|-start|p1a: Rook II|Encore\n|move|p2a: L\u016b\u02bbau|Dragon Dance|p2a: L\u016b\u02bbau\n|-boost|p2a: L\u016b\u02bbau|atk|1\n|-boost|p2a: L\u016b\u02bbau|spe|1\n|move|p1a: Rook II|Iron Defense|p1a: Rook II\n|-boost|p1a: Rook II|def|0\n|\n|-heal|p2a: L\u016b\u02bbau|35\/100|[from] item: Leftovers\n|upkeep\n|turn|19\n|\n|t:|1695857536\n|move|p2b: Takes 2 to Tango|Bullet Seed|p1a: Rook II\n|-resisted|p1a: Rook II\n|-damage|p1a: Rook II|67\/100\n|-resisted|p1a: Rook II\n|-damage|p1a: Rook II|66\/100\n|-hitcount|p1a: Rook II|2\n|move|p2a: L\u016b\u02bbau|Rock Slide|p1a: Rook II\n|-damage|p1a: Rook II|54\/100\n|move|p1a: Rook II|Iron Defense|p1a: Rook II\n|-boost|p1a: Rook II|def|0\n|\n|-heal|p2a: L\u016b\u02bbau|41\/100|[from] item: Leftovers\n|upkeep\n|turn|20\n|\n|t:|1695857552\n|move|p2b: Takes 2 to Tango|Bullet Seed|p1a: Rook II\n|-resisted|p1a: Rook II\n|-damage|p1a: Rook II|53\/100\n|-resisted|p1a: Rook II\n|-damage|p1a: Rook II|53\/100\n|-resisted|p1a: Rook II\n|-damage|p1a: Rook II|52\/100\n|-hitcount|p1a: Rook II|3\n|move|p2a: L\u016b\u02bbau|Rock Slide|p1a: Rook II\n|-damage|p1a: Rook II|41\/100\n|move|p1a: Rook II|Iron Defense|p1a: Rook II\n|-boost|p1a: Rook II|def|0\n|\n|-heal|p2a: L\u016b\u02bbau|48\/100|[from] item: Leftovers\n|-end|p1a: Rook II|Encore\n|upkeep\n|turn|21\n|\n|t:|1695857600\n|move|p2b: Takes 2 to Tango|Encore|p1a: Rook II\n|-start|p1a: Rook II|Encore\n|move|p2a: L\u016b\u02bbau|Rock Slide|p1a: Rook II\n|-damage|p1a: Rook II|29\/100\n|move|p1a: Rook II|Iron Defense|p1a: Rook II\n|-boost|p1a: Rook II|def|0\n|\n|-heal|p2a: L\u016b\u02bbau|54\/100|[from] item: Leftovers\n|upkeep\n|turn|22\n|\n|t:|1695857628\n|move|p2b: Takes 2 to Tango|Tidy Up|p2b: Takes 2 to Tango\n|-boost|p2b: Takes 2 to Tango|atk|1\n|-boost|p2b: Takes 2 to Tango|spe|1\n|move|p2a: L\u016b\u02bbau|Rock Slide|p1a: Rook II\n|-damage|p1a: Rook II|19\/100\n|move|p1a: Rook II|Iron Defense|p1a: Rook II\n|-boost|p1a: Rook II|def|0\n|\n|-heal|p2a: L\u016b\u02bbau|60\/100|[from] item: Leftovers\n|upkeep\n|turn|23\n|\n|t:|1695857652\n|move|p2b: Takes 2 to Tango|Bullet Seed|p1a: Rook II\n|-resisted|p1a: Rook II\n|-damage|p1a: Rook II|18\/100\n|-resisted|p1a: Rook II\n|-damage|p1a: Rook II|17\/100\n|-hitcount|p1a: Rook II|2\n|move|p2a: L\u016b\u02bbau|Rock Slide|p1a: Rook II\n|-damage|p1a: Rook II|5\/100\n|move|p1a: Rook II|Iron Defense|p1a: Rook II\n|-boost|p1a: Rook II|def|0\n|\n|-heal|p2a: L\u016b\u02bbau|66\/100|[from] item: Leftovers\n|-end|p1a: Rook II|Encore\n|upkeep\n|turn|24\n|\n|t:|1695857666\n|move|p2b: Takes 2 to Tango|Encore|p1a: Rook II\n|-start|p1a: Rook II|Encore\n|move|p2a: L\u016b\u02bbau|Drain Punch|p1a: Rook II\n|-damage|p1a: Rook II|0 fnt\n|-heal|p2a: L\u016b\u02bbau|70\/100|[from] drain|[of] p1a: Rook II\n|-damage|p2a: L\u016b\u02bbau|53\/100|[from] item: Rocky Helmet|[of] p1a: Rook II\n|faint|p1a: Rook II\n|\n|win|BugCatcherJameson\n|c|\u2606BugCatcherJameson|gg\n|c|\u2606Specific360|Gg\n|l| JKogut\n|l| ChronoTrigonometry\n","uploadtime":1695857688,"views":11,"p1id":"specific360","p2id":"bugcatcherjameson","formatid":"gen9nationaldexdoubles","rating":0,"private":0,"password":""}