{"id":"gen9nationaldexdoubles-1953074320","p1":"GodWaka","p2":"Vixen 4 Life","format":"[Gen 9] National Dex Doubles","log":"|j|\u2606GodWaka\n|j|\u2606Vixen 4 Life\n|t:|1695752178\n|gametype|doubles\n|player|p1|GodWaka|acetrainerf|1332\n|player|p2|Vixen 4 Life|penny|1500\n|teamsize|p1|6\n|teamsize|p2|6\n|gen|9\n|tier|[Gen 9] National Dex Doubles\n|rated|\n|rule|HP Percentage Mod: HP is shown in percentages\n|rule|Endless Battle Clause: Forcing endless battles is banned\n|rule|OHKO Clause: OHKO moves are banned\n|rule|Evasion Moves Clause: Evasion moves are banned\n|rule|Evasion Abilities Clause: Evasion abilities are banned\n|rule|Species Clause: Limit one of each Pok\u00e9mon\n|rule|Gravity Sleep Clause: The combination of sleep-inducing moves with imperfect accuracy and Gravity or Gigantamax Orbeetle are banned\n|clearpoke\n|poke|p1|Xurkitree|\n|poke|p1|Emolga, M|\n|poke|p1|Tapu Fini|\n|poke|p1|Landorus-Therian, M|\n|poke|p1|Manectric, M|\n|poke|p1|Indeedee-F, F|\n|poke|p2|Okidogi, M|\n|poke|p2|Roaring Moon|\n|poke|p2|Rillaboom, M|\n|poke|p2|Chien-Pao|\n|poke|p2|Shiftry, M|\n|poke|p2|Gyarados, F|\n|teampreview\n|inactive|Battle timer is ON: inactive players will automatically lose when time's up. (requested by GodWaka)\n|\n|t:|1695752200\n|start\n|switch|p1a: Emolga|Emolga, M|100\/100\n|switch|p1b: Manectric|Manectric, M|100\/100\n|switch|p2a: Gyarados|Gyarados, F|100\/100\n|switch|p2b: Okidogi|Okidogi, M|100\/100\n|-ability|p2a: Gyarados|Intimidate|boost\n|-unboost|p1a: Emolga|atk|1\n|-unboost|p1b: Manectric|atk|1\n|turn|1\n|\n|t:|1695752215\n|switch|p2a: Rillaboom|Rillaboom, M|100\/100\n|-fieldstart|move: Grassy Terrain|[from] ability: Grassy Surge|[of] p2a: Rillaboom\n|move|p1b: Manectric|Volt Switch|p2b: Okidogi\n|-damage|p2b: Okidogi|72\/100\n|\n|t:|1695752222\n|switch|p1b: Xurkitree|Xurkitree|100\/100|[from] Volt Switch\n|move|p1a: Emolga|Tailwind|p1a: Emolga\n|-sidestart|p1: GodWaka|move: Tailwind\n|move|p2b: Okidogi|Bulk Up|p2b: Okidogi\n|-boost|p2b: Okidogi|atk|1\n|-boost|p2b: Okidogi|def|1\n|\n|-heal|p2b: Okidogi|78\/100|[from] Grassy Terrain\n|-heal|p2b: Okidogi|84\/100|[from] item: Leftovers\n|upkeep\n|turn|2\n|\n|t:|1695752236\n|-terastallize|p1b: Xurkitree|Electric\n|move|p1a: Emolga|Helping Hand|p1b: Xurkitree\n|-singleturn|p1b: Xurkitree|Helping Hand|[of] p1a: Emolga\n|move|p2a: Rillaboom|Fake Out|p1b: Xurkitree\n|-damage|p1b: Xurkitree|80\/100\n|cant|p1b: Xurkitree|flinch\n|move|p2b: Okidogi|Drain Punch|p1b: Xurkitree\n|-damage|p1b: Xurkitree|0 fnt\n|-heal|p2b: Okidogi|100\/100|[from] drain|[of] p1b: Xurkitree\n|faint|p1b: Xurkitree\n|\n|upkeep\n|\n|t:|1695752253\n|switch|p1b: Manectric|Manectric, M|100\/100\n|turn|3\n|\n|t:|1695752269\n|detailschange|p1b: Manectric|Manectric-Mega, M\n|-mega|p1b: Manectric|Manectric|Manectite\n|-ability|p1b: Manectric|Intimidate|boost\n|-unboost|p2a: Rillaboom|atk|1\n|-ability|p2b: Okidogi|Guard Dog|boost\n|-boost|p2b: Okidogi|atk|1\n|move|p1a: Emolga|Helping Hand|p1b: Manectric\n|-singleturn|p1b: Manectric|Helping Hand|[of] p1a: Emolga\n|move|p2b: Okidogi|Protect|p2b: Okidogi\n|-singleturn|p2b: Okidogi|Protect\n|move|p2a: Rillaboom|Grassy Glide|p1b: Manectric\n|-damage|p1b: Manectric|61\/100\n|move|p1b: Manectric|Thunderbolt|p2b: Okidogi\n|-activate|p2b: Okidogi|move: Protect\n|\n|-heal|p1b: Manectric|67\/100|[from] Grassy Terrain\n|upkeep\n|turn|4\n|\n|t:|1695752291\n|move|p1b: Manectric|Overheat|p2a: Rillaboom\n|-supereffective|p2a: Rillaboom\n|-damage|p2a: Rillaboom|36\/100\n|-unboost|p1b: Manectric|spa|2\n|move|p1a: Emolga|Encore|p2b: Okidogi\n|-start|p2b: Okidogi|Encore\n|move|p2a: Rillaboom|U-turn|p1b: Manectric\n|-damage|p1b: Manectric|41\/100\n|\n|t:|1695752302\n|switch|p2a: Chien-Pao|Chien-Pao|100\/100|[from] U-turn\n|-ability|p2a: Chien-Pao|Sword of Ruin\n|move|p2b: Okidogi|Protect||[still]\n|-fail|p2b: Okidogi\n|\n|-heal|p1b: Manectric|47\/100|[from] Grassy Terrain\n|-sideend|p1: GodWaka|move: Tailwind\n|upkeep\n|turn|5\n|\n|t:|1695752321\n|switch|p1a: Tapu Fini|Tapu Fini, shiny|100\/100\n|move|p1b: Manectric|Protect|p1b: Manectric\n|-singleturn|p1b: Manectric|Protect\n|move|p2b: Okidogi|Protect|p2b: Okidogi\n|-singleturn|p2b: Okidogi|Protect\n|move|p2a: Chien-Pao|Icicle Crash|p1a: Tapu Fini\n|-resisted|p1a: Tapu Fini\n|-damage|p1a: Tapu Fini|77\/100\n|\n|-heal|p1b: Manectric|53\/100|[from] Grassy Terrain\n|-heal|p1a: Tapu Fini|83\/100|[from] Grassy Terrain\n|-fieldend|move: Grassy Terrain\n|upkeep\n|turn|6\n|\n|t:|1695752350\n|move|p2b: Okidogi|Protect||[still]\n|-fail|p2b: Okidogi\n|move|p2a: Chien-Pao|Icicle Crash|p1b: Manectric\n|-crit|p1b: Manectric\n|-damage|p1b: Manectric|0 fnt\n|faint|p1b: Manectric\n|move|p1a: Tapu Fini|Moonblast|p2a: Chien-Pao\n|-supereffective|p2a: Chien-Pao\n|-enditem|p2a: Chien-Pao|Focus Sash\n|-damage|p2a: Chien-Pao|1\/100\n|\n|-end|p2b: Okidogi|Encore\n|upkeep\n|\n|t:|1695752357\n|switch|p1b: Landorus|Landorus-Therian, M|100\/100\n|-ability|p1b: Landorus|Intimidate|boost\n|-unboost|p2a: Chien-Pao|atk|1\n|-ability|p2b: Okidogi|Guard Dog|boost\n|-boost|p2b: Okidogi|atk|1\n|turn|7\n|\n|t:|1695752375\n|switch|p2a: Gyarados|Gyarados, F|100\/100\n|-ability|p2a: Gyarados|Intimidate|boost\n|-unboost|p1a: Tapu Fini|atk|1\n|-unboost|p1b: Landorus|atk|1\n|move|p1b: Landorus|Protect|p1b: Landorus\n|-singleturn|p1b: Landorus|Protect\n|move|p2b: Okidogi|Protect|p2b: Okidogi\n|-singleturn|p2b: Okidogi|Protect\n|move|p1a: Tapu Fini|Icy Wind|p2b: Okidogi|[spread] p2a\n|-activate|p2b: Okidogi|move: Protect\n|-damage|p2a: Gyarados|93\/100\n|-unboost|p2a: Gyarados|spe|1\n|\n|upkeep\n|turn|8\n|\n|t:|1695752396\n|switch|p2a: Rillaboom|Rillaboom, M|36\/100\n|-fieldstart|move: Grassy Terrain|[from] ability: Grassy Surge|[of] p2a: Rillaboom\n|-terastallize|p2b: Okidogi|Fairy\n|move|p1b: Landorus|U-turn|p2a: Rillaboom\n|-supereffective|p2a: Rillaboom\n|-damage|p2a: Rillaboom|13\/100\n|\n|t:|1695752404\n|switch|p1b: Emolga|Emolga, M|100\/100|[from] U-turn\n|move|p1a: Tapu Fini|Soak|p2b: Okidogi\n|-fail|p2b: Okidogi\n|move|p2b: Okidogi|Poison Jab|p1a: Tapu Fini\n|-supereffective|p1a: Tapu Fini\n|-damage|p1a: Tapu Fini|0 fnt\n|faint|p1a: Tapu Fini\n|\n|-heal|p2a: Rillaboom|20\/100|[from] Grassy Terrain\n|upkeep\n|inactive|GodWaka has 120 seconds left.\n|\n|t:|1695752422\n|switch|p1a: Indeedee|Indeedee-F, F|100\/100\n|-fieldstart|move: Psychic Terrain|[from] ability: Psychic Surge|[of] p1a: Indeedee\n|-enditem|p1a: Indeedee|Psychic Seed\n|-boost|p1a: Indeedee|spd|1|[from] item: Psychic Seed\n|turn|9\n|\n|t:|1695752432\n|switch|p2a: Shiftry|Shiftry, M|100\/100\n|move|p1a: Indeedee|Follow Me|p1a: Indeedee\n|-singleturn|p1a: Indeedee|move: Follow Me\n|move|p1b: Emolga|Electroweb|p2b: Okidogi|[spread] p2a,p2b\n|-resisted|p2a: Shiftry\n|-damage|p2a: Shiftry|92\/100\n|-damage|p2b: Okidogi|90\/100\n|-unboost|p2a: Shiftry|spe|1\n|-unboost|p2b: Okidogi|spe|1\n|move|p2b: Okidogi|Poison Jab|p1a: Indeedee\n|-damage|p1a: Indeedee|0 fnt\n|faint|p1a: Indeedee\n|\n|-heal|p2a: Shiftry|98\/100|[from] item: Leftovers\n|-heal|p2b: Okidogi|96\/100|[from] item: Leftovers\n|upkeep\n|\n|t:|1695752441\n|switch|p1a: Landorus|Landorus-Therian, M|100\/100\n|-ability|p1a: Landorus|Intimidate|boost\n|-unboost|p2a: Shiftry|atk|1\n|-ability|p2b: Okidogi|Guard Dog|boost\n|-boost|p2b: Okidogi|atk|1\n|turn|10\n|c|\u2606Vixen 4 Life|Got that dawg in him\n|-message|GodWaka forfeited.\n|\n|win|Vixen 4 Life\n|raw|GodWaka's rating: 1332 &rarr; <strong>1321<\/strong><br \/>(-11 for losing)\n|raw|Vixen 4 Life's rating: 1500 &rarr; <strong>1511<\/strong><br \/>(+11 for winning)\n|l|\u2606GodWaka\n","uploadtime":1695752471,"views":17,"p1id":"godwaka","p2id":"vixen4life","formatid":"gen9nationaldexdoubles","rating":1321,"private":0,"password":""}