{"id":"gen9nationaldexdoubles-1978437142","p1":"gdfox802","p2":"El Ryuk456","format":"[Gen 9] National Dex Doubles","log":"|j|\u2606gdfox802\n|j|\u2606El Ryuk456\n|t:|1698538827\n|gametype|doubles\n|player|p1|gdfox802|allister|1212\n|player|p2|El Ryuk456|ingo|1320\n|teamsize|p1|6\n|teamsize|p2|6\n|gen|9\n|tier|[Gen 9] National Dex Doubles\n|rated|\n|rule|HP Percentage Mod: HP is shown in percentages\n|rule|Endless Battle Clause: Forcing endless battles is banned\n|rule|OHKO Clause: OHKO moves are banned\n|rule|Evasion Moves Clause: Evasion moves are banned\n|rule|Evasion Abilities Clause: Evasion abilities are banned\n|rule|Species Clause: Limit one of each Pok\u00e9mon\n|rule|Gravity Sleep Clause: The combination of sleep-inducing moves with imperfect accuracy and Gravity or Gigantamax Orbeetle are banned\n|clearpoke\n|poke|p1|Eevee, F|\n|poke|p1|Gardevoir, F|\n|poke|p1|Indeedee, M|\n|poke|p1|Palafin, F|\n|poke|p1|Armarouge, M|\n|poke|p1|Dragapult, M|\n|poke|p2|Enamorus, F|\n|poke|p2|Regieleki|\n|poke|p2|Sableye, M|\n|poke|p2|Toxapex, F|\n|poke|p2|Hydreigon, M|\n|poke|p2|Mawile, F|\n|teampreview\n|\n|t:|1698538840\n|start\n|switch|p1a: :>|Eevee, F|100\/100\n|switch|p1b: amo dum|Palafin, F|100\/100\n|switch|p2a: Spedy|Regieleki|100\/100\n|switch|p2b: Genbu|Enamorus, F|100\/100\n|turn|1\n|inactive|Battle timer is ON: inactive players will automatically lose when time's up. (requested by El Ryuk456)\n|\n|t:|1698538856\n|move|p2a: Spedy|Electroweb|p1a: :>|[spread] p1a,p1b\n|-supereffective|p1b: amo dum\n|-damage|p1a: :>|64\/100\n|-damage|p1b: amo dum|35\/100\n|-unboost|p1a: :>|spe|1\n|-unboost|p1b: amo dum|spe|1\n|move|p2b: Genbu|Dazzling Gleam|p1b: amo dum|[spread] p1a,p1b\n|-crit|p1b: amo dum\n|-damage|p1a: :>|14\/100\n|-damage|p1b: amo dum|0 fnt\n|faint|p1b: amo dum\n|-zpower|p1a: :>\n|move|p1a: :>|Extreme Evoboost|p1a: :>\n|-boost|p1a: :>|atk|2\n|-boost|p1a: :>|def|2\n|-boost|p1a: :>|spa|2\n|-boost|p1a: :>|spd|2\n|-boost|p1a: :>|spe|2\n|\n|upkeep\n|\n|t:|1698538873\n|switch|p1b: Vanesa|Gardevoir, F|100\/100\n|-ability|p1b: Vanesa|Transistor|[from] ability: Trace|[of] p2a: Spedy\n|turn|2\n|\n|t:|1698538895\n|detailschange|p1b: Vanesa|Gardevoir-Mega, F\n|-mega|p1b: Vanesa|Gardevoir|Gardevoirite\n|move|p2a: Spedy|Electroweb|p1b: Vanesa|[spread] p1b\n|-miss|p2a: Spedy|p1a: :>\n|-damage|p1b: Vanesa|82\/100\n|-unboost|p1b: Vanesa|spe|1\n|move|p1a: :>|Stored Power|p2a: Spedy\n|-damage|p2a: Spedy|31\/100\n|move|p2b: Genbu|Dazzling Gleam|p1b: Vanesa|[spread] p1a,p1b\n|-crit|p1a: :>\n|-damage|p1a: :>|0 fnt\n|-damage|p1b: Vanesa|53\/100\n|faint|p1a: :>\n|move|p1b: Vanesa|Psych Up|p1: :>|[notarget]\n|-fail|p1b: Vanesa\n|\n|upkeep\n|\n|t:|1698538909\n|switch|p1a: Indeedee|Indeedee, M|100\/100\n|-fieldstart|move: Psychic Terrain|[from] ability: Psychic Surge|[of] p1a: Indeedee\n|turn|3\n|\n|t:|1698538920\n|move|p2a: Spedy|Eerie Impulse|p2b: Genbu\n|-boost|p2b: Genbu|spa|2\n|move|p1a: Indeedee|Expanding Force|p2a: Spedy|[spread] p2a,p2b\n|-damage|p2a: Spedy|0 fnt\n|-damage|p2b: Genbu|37\/100\n|faint|p2a: Spedy\n|move|p2b: Genbu|Dazzling Gleam|p1a: Indeedee|[spread] p1a,p1b\n|-damage|p1a: Indeedee|14\/100\n|-damage|p1b: Vanesa|0 fnt\n|faint|p1b: Vanesa\n|\n|-heal|p2b: Genbu|43\/100|[from] item: Leftovers\n|upkeep\n|\n|t:|1698538936\n|switch|p2a: Mastema|Toxapex, F|100\/100\n|switch|p1b: el ario|Armarouge, M|100\/100\n|turn|4\n|\n|t:|1698538948\n|move|p1b: el ario|Helping Hand|p1a: Indeedee\n|-singleturn|p1a: Indeedee|Helping Hand|[of] p1b: el ario\n|move|p2a: Mastema|Wide Guard|p2a: Mastema\n|-singleturn|p2a: Mastema|Wide Guard\n|move|p1a: Indeedee|Expanding Force|p2b: Genbu|[spread] \n|-activate|p2a: Mastema|move: Wide Guard\n|-activate|p2b: Genbu|move: Wide Guard\n|move|p2b: Genbu|Earth Power|p1b: el ario\n|-supereffective|p1b: el ario\n|-enditem|p1b: el ario|Focus Sash\n|-damage|p1b: el ario|1\/100\n|\n|-heal|p2b: Genbu|49\/100|[from] item: Leftovers\n|upkeep\n|turn|5\n|\n|t:|1698538963\n|move|p1b: el ario|Helping Hand|p1a: Indeedee\n|-singleturn|p1a: Indeedee|Helping Hand|[of] p1b: el ario\n|move|p2a: Mastema|Wide Guard|p2a: Mastema\n|-singleturn|p2a: Mastema|Wide Guard\n|move|p1a: Indeedee|Expanding Force|p2a: Mastema|[spread] \n|-activate|p2a: Mastema|move: Wide Guard\n|-activate|p2b: Genbu|move: Wide Guard\n|move|p2b: Genbu|Dazzling Gleam|p1b: el ario|[spread] p1a,p1b\n|-resisted|p1b: el ario\n|-damage|p1a: Indeedee|0 fnt\n|-damage|p1b: el ario|0 fnt\n|faint|p1a: Indeedee\n|faint|p1b: el ario\n|\n|-heal|p2b: Genbu|55\/100|[from] item: Leftovers\n|upkeep\n|-message|gdfox802 forfeited.\n|\n|win|El Ryuk456\n|raw|gdfox802's rating: 1212 &rarr; <strong>1195<\/strong><br \/>(-17 for losing)\n|raw|El Ryuk456's rating: 1320 &rarr; <strong>1334<\/strong><br \/>(+14 for winning)\n|l|\u2606gdfox802\n","uploadtime":1698538986,"views":9,"p1id":"gdfox802","p2id":"elryuk456","formatid":"gen9nationaldexdoubles","rating":1195,"private":0,"password":""}