{"id":"gen9nationaldexdoubles-1962790943","p1":"ClarosVedios","p2":"SeviliaHerd","format":"[Gen 9] National Dex Doubles","log":"|j|\u2606ClarosVedios\n|j|\u2606SeviliaHerd\n|t:|1696792519\n|gametype|doubles\n|player|p1|ClarosVedios|elesa|\n|player|p2|SeviliaHerd|roxie|\n|teamsize|p1|6\n|teamsize|p2|6\n|gen|9\n|tier|[Gen 9] National Dex Doubles\n|rule|HP Percentage Mod: HP is shown in percentages\n|rule|Endless Battle Clause: Forcing endless battles is banned\n|rule|OHKO Clause: OHKO moves are banned\n|rule|Evasion Moves Clause: Evasion moves are banned\n|rule|Evasion Abilities Clause: Evasion abilities are banned\n|rule|Species Clause: Limit one of each Pok\u00e9mon\n|rule|Gravity Sleep Clause: The combination of sleep-inducing moves with imperfect accuracy and Gravity or Gigantamax Orbeetle are banned\n|clearpoke\n|poke|p1|Togekiss, M|\n|poke|p1|Iron Valiant|\n|poke|p1|Whimsicott, M|\n|poke|p1|Weezing-Galar, F|\n|poke|p1|Diancie|\n|poke|p1|Azumarill, F|\n|poke|p2|Drapion, F|\n|poke|p2|Dragonite, F|\n|poke|p2|Pelipper, F|\n|poke|p2|Accelgor, F|\n|poke|p2|Tauros-Paldea-Aqua, M|\n|poke|p2|Comfey, M|\n|teampreview\n|\n|t:|1696792534\n|start\n|switch|p1a: Iron Valiant|Iron Valiant|100\/100\n|switch|p1b: Togekiss|Togekiss, M|100\/100\n|switch|p2a: Dragonite|Dragonite, F|100\/100\n|switch|p2b: Drapion|Drapion, F|100\/100\n|-enditem|p1a: Iron Valiant|Booster Energy\n|-activate|p1a: Iron Valiant|ability: Quark Drive|[fromitem]\n|-start|p1a: Iron Valiant|quarkdrivespe\n|turn|1\n|\n|t:|1696792556\n|-terastallize|p2a: Dragonite|Water\n|move|p1a: Iron Valiant|Spirit Break|p2a: Dragonite\n|-damage|p2a: Dragonite|82\/100\n|-unboost|p2a: Dragonite|spa|1\n|move|p2b: Drapion|Cross Poison|p1b: Togekiss\n|-supereffective|p1b: Togekiss\n|-crit|p1b: Togekiss\n|-damage|p1b: Togekiss|0 fnt\n|faint|p1b: Togekiss\n|move|p2a: Dragonite|Icy Wind|p1a: Iron Valiant\n|-damage|p1a: Iron Valiant|84\/100\n|-unboost|p1a: Iron Valiant|spe|1\n|\n|upkeep\n|\n|t:|1696792578\n|switch|p1b: Whimsicott|Whimsicott, M|100\/100\n|turn|2\n|\n|t:|1696792597\n|switch|p2b: Pelipper|Pelipper, F|100\/100\n|-weather|RainDance|[from] ability: Drizzle|[of] p2b: Pelipper\n|move|p1b: Whimsicott|Memento|p2b: Pelipper\n|-unboost|p2b: Pelipper|atk|2\n|-unboost|p2b: Pelipper|spa|2\n|faint|p1b: Whimsicott\n|move|p1a: Iron Valiant|Close Combat|p2a: Dragonite\n|-damage|p2a: Dragonite|22\/100\n|-unboost|p1a: Iron Valiant|def|1\n|-unboost|p1a: Iron Valiant|spd|1\n|-enditem|p2a: Dragonite|Wiki Berry|[eat]\n|-heal|p2a: Dragonite|55\/100|[from] item: Wiki Berry\n|move|p2a: Dragonite|Icy Wind|p1a: Iron Valiant\n|-damage|p1a: Iron Valiant|59\/100\n|-unboost|p1a: Iron Valiant|spe|1\n|\n|-weather|RainDance|[upkeep]\n|upkeep\n|\n|t:|1696792619\n|switch|p1b: Diancie|Diancie|100\/100\n|turn|3\n|\n|t:|1696792650\n|move|p1a: Iron Valiant|Close Combat|p2a: Dragonite\n|-damage|p2a: Dragonite|0 fnt\n|-unboost|p1a: Iron Valiant|def|1\n|-unboost|p1a: Iron Valiant|spd|1\n|faint|p2a: Dragonite\n|move|p2b: Pelipper|Scald|p1b: Diancie\n|-supereffective|p1b: Diancie\n|-damage|p1b: Diancie|71\/100\n|move|p1b: Diancie|Calm Mind|p1b: Diancie\n|-boost|p1b: Diancie|spa|1\n|-boost|p1b: Diancie|spd|1\n|\n|-weather|RainDance|[upkeep]\n|-heal|p1b: Diancie|77\/100|[from] item: Leftovers\n|upkeep\n|\n|t:|1696792665\n|switch|p2a: Tauros|Tauros-Paldea-Aqua, M|100\/100\n|-ability|p2a: Tauros|Intimidate|boost\n|-unboost|p1a: Iron Valiant|atk|1\n|-fail|p1b: Diancie|unboost|[from] ability: Clear Body|[of] p1b: Diancie\n|turn|4\n|\n|t:|1696792685\n|move|p1a: Iron Valiant|Shadow Sneak|p2a: Tauros\n|-damage|p2a: Tauros|90\/100\n|move|p2a: Tauros|Liquidation|p1b: Diancie\n|-supereffective|p1b: Diancie\n|-crit|p1b: Diancie\n|-damage|p1b: Diancie|0 fnt\n|faint|p1b: Diancie\n|-damage|p2a: Tauros|80\/100|[from] item: Life Orb\n|move|p2b: Pelipper|U-turn|p1a: Iron Valiant\n|-resisted|p1a: Iron Valiant\n|-damage|p1a: Iron Valiant|57\/100\n|\n|t:|1696792699\n|switch|p2b: Accelgor|Accelgor, F|100\/100|[from] U-turn\n|\n|-weather|RainDance|[upkeep]\n|upkeep\n|\n|t:|1696792704\n|switch|p1b: Weezing|Weezing-Galar, F|100\/100\n|-fieldstart|move: Misty Terrain|[from] ability: Misty Surge|[of] p1b: Weezing\n|turn|5\n|\n|t:|1696792735\n|move|p2b: Accelgor|Water Shuriken|p1a: Iron Valiant\n|-damage|p1a: Iron Valiant|23\/100\n|-damage|p1a: Iron Valiant|0 fnt\n|faint|p1a: Iron Valiant\n|-end|p1a: Iron Valiant|Quark Drive|[silent]\n|-hitcount|p1: Iron Valiant|2\n|move|p2a: Tauros|Bulk Up|p2a: Tauros\n|-boost|p2a: Tauros|atk|1\n|-boost|p2a: Tauros|def|1\n|move|p1b: Weezing|Strange Steam|p2a: Tauros\n|-supereffective|p2a: Tauros\n|-damage|p2a: Tauros|3\/100\n|\n|-weather|RainDance|[upkeep]\n|upkeep\n|\n|t:|1696792747\n|switch|p1a: Azumarill|Azumarill, F|100\/100\n|turn|6\n|\n|t:|1696792763\n|move|p2b: Accelgor|Water Shuriken|p1a: Azumarill\n|-resisted|p1a: Azumarill\n|-damage|p1a: Azumarill|95\/100\n|-resisted|p1a: Azumarill\n|-damage|p1a: Azumarill|88\/100\n|-hitcount|p1a: Azumarill|2\n|move|p1a: Azumarill|Aqua Jet|p2a: Tauros\n|-resisted|p2a: Tauros\n|-damage|p2a: Tauros|0 fnt\n|faint|p2a: Tauros\n|move|p1b: Weezing|Strange Steam|p2b: Accelgor\n|-damage|p2b: Accelgor|53\/100\n|\n|-weather|RainDance|[upkeep]\n|upkeep\n|\n|t:|1696792787\n|switch|p2a: Drapion|Drapion, F|100\/100\n|turn|7\n|\n|t:|1696792815\n|switch|p2b: Comfey|Comfey, M|100\/100\n|-terastallize|p1a: Azumarill|Water\n|move|p2a: Drapion|Cross Poison|p1a: Azumarill\n|-damage|p1a: Azumarill|56\/100\n|move|p1a: Azumarill|Belly Drum|p1a: Azumarill\n|-damage|p1a: Azumarill|6\/100\n|-setboost|p1a: Azumarill|atk|6|[from] move: Belly Drum\n|-enditem|p1a: Azumarill|Sitrus Berry|[eat]\n|-heal|p1a: Azumarill|31\/100|[from] item: Sitrus Berry\n|move|p1b: Weezing|Sludge Bomb|p2b: Comfey\n|-supereffective|p2b: Comfey\n|-damage|p2b: Comfey|50\/100\n|\n|-weather|RainDance|[upkeep]\n|-heal|p2b: Comfey|56\/100|[from] item: Leftovers\n|upkeep\n|turn|8\n|\n|t:|1696792851\n|move|p2b: Comfey|Draining Kiss|p1a: Azumarill\n|-damage|p1a: Azumarill|12\/100\n|-heal|p2b: Comfey|71\/100|[from] drain|[of] p1a: Azumarill\n|move|p1a: Azumarill|Aqua Jet|p2a: Drapion\n|-damage|p2a: Drapion|0 fnt\n|faint|p2a: Drapion\n|move|p1b: Weezing|Sludge Bomb|p2b: Comfey\n|-supereffective|p2b: Comfey\n|-damage|p2b: Comfey|16\/100\n|\n|-weather|RainDance|[upkeep]\n|-heal|p2b: Comfey|22\/100|[from] item: Leftovers\n|upkeep\n|\n|t:|1696792867\n|switch|p2a: Accelgor|Accelgor, F|53\/100\n|turn|9\n|\n|t:|1696792883\n|move|p2b: Comfey|Draining Kiss|p1a: Azumarill\n|-damage|p1a: Azumarill|0 fnt\n|-heal|p2b: Comfey|32\/100|[from] drain|[of] p1a: Azumarill\n|faint|p1a: Azumarill\n|move|p2a: Accelgor|Bug Buzz|p1b: Weezing\n|-resisted|p1b: Weezing\n|-damage|p1b: Weezing|88\/100\n|-unboost|p1b: Weezing|spd|1\n|move|p1b: Weezing|Sludge Bomb|p2b: Comfey\n|-supereffective|p2b: Comfey\n|-damage|p2b: Comfey|0 fnt\n|faint|p2b: Comfey\n|\n|-weather|none\n|-fieldend|Misty Terrain\n|upkeep\n|\n|t:|1696792898\n|switch|p2b: Pelipper|Pelipper, F|100\/100\n|-weather|RainDance|[from] ability: Drizzle|[of] p2b: Pelipper\n|turn|10\n|\n|t:|1696792911\n|move|p2a: Accelgor|Bug Buzz|p1b: Weezing\n|-resisted|p1b: Weezing\n|-damage|p1b: Weezing|68\/100\n|move|p2b: Pelipper|Scald|p1b: Weezing\n|-crit|p1b: Weezing\n|-damage|p1b: Weezing|0 fnt\n|faint|p1b: Weezing\n|\n|win|SeviliaHerd\n","uploadtime":1696792956,"views":25,"p1id":"clarosvedios","p2id":"seviliaherd","formatid":"gen9nationaldexdoubles","rating":0,"private":0,"password":""}