{"id":"gen9nationaldexdoubles-1981156166","p1":"palafino","p2":"plantinho","format":"[Gen 9] National Dex Doubles","log":"|j|\u2606palafino\n|j|\u2606plantinho\n|t:|1698868127\n|gametype|doubles\n|player|p1|palafino|102|\n|player|p2|plantinho|101|\n|teamsize|p1|6\n|teamsize|p2|6\n|gen|9\n|tier|[Gen 9] National Dex Doubles\n|rule|HP Percentage Mod: HP is shown in percentages\n|rule|Endless Battle Clause: Forcing endless battles is banned\n|rule|OHKO Clause: OHKO moves are banned\n|rule|Evasion Moves Clause: Evasion moves are banned\n|rule|Evasion Abilities Clause: Evasion abilities are banned\n|rule|Species Clause: Limit one of each Pok\u00e9mon\n|rule|Gravity Sleep Clause: The combination of sleep-inducing moves with imperfect accuracy and Gravity or Gigantamax Orbeetle are banned\n|clearpoke\n|poke|p1|Quaquaval, F|\n|poke|p1|Ceruledge, F|\n|poke|p1|Gholdengo|\n|poke|p1|Garganacl, F|\n|poke|p1|Toedscruel, M|\n|poke|p1|Rabsca, F|\n|poke|p2|Skeledirge, F|\n|poke|p2|Clodsire, F|\n|poke|p2|Spidops, F|\n|poke|p2|Pawmot, M|\n|poke|p2|Tinkaton, F|\n|poke|p2|Palafin, F|\n|teampreview\n|\n|t:|1698868142\n|start\n|switch|p1a: Quaquaval|Quaquaval, F|100\/100\n|switch|p1b: Toedscruel|Toedscruel, M|100\/100\n|switch|p2a: Skeledirge|Skeledirge, F|100\/100\n|switch|p2b: Clodsire|Clodsire, F|100\/100\n|turn|1\n|\n|t:|1698868172\n|move|p1b: Toedscruel|Mud Shot|p2a: Skeledirge\n|-supereffective|p2a: Skeledirge\n|-damage|p2a: Skeledirge|45\/100\n|-unboost|p2a: Skeledirge|spe|1\n|move|p1a: Quaquaval|Wave Crash|p2a: Skeledirge\n|-supereffective|p2a: Skeledirge\n|-damage|p2a: Skeledirge|0 fnt\n|faint|p2a: Skeledirge\n|-ability|p1a: Quaquaval|Moxie|boost\n|-boost|p1a: Quaquaval|atk|1\n|-damage|p1a: Quaquaval|86\/100|[from] Recoil\n|move|p2b: Clodsire|Gunk Shot|p1a: Quaquaval\n|-damage|p1a: Quaquaval|47\/100\n|-status|p1a: Quaquaval|psn\n|\n|-damage|p1a: Quaquaval|35\/100 psn|[from] psn\n|upkeep\n|\n|t:|1698868198\n|switch|p2a: Palafin|Palafin, F|100\/100\n|turn|2\n|\n|t:|1698868228\n|detailschange|p2a: Palafin|Palafin-Hero, F\n|switch|p2a: Tinkaton|Tinkaton, F|100\/100\n|-ability|p2a: Tinkaton|Mold Breaker\n|move|p1b: Toedscruel|Mud Shot|p2a: Tinkaton\n|-supereffective|p2a: Tinkaton\n|-damage|p2a: Tinkaton|69\/100\n|-unboost|p2a: Tinkaton|spe|1\n|move|p1a: Quaquaval|Low Kick|p2a: Tinkaton\n|-damage|p2a: Tinkaton|0 fnt\n|faint|p2a: Tinkaton\n|-ability|p1a: Quaquaval|Moxie|boost\n|-boost|p1a: Quaquaval|atk|1\n|move|p2b: Clodsire|Gunk Shot|p1a: Quaquaval\n|-damage|p1a: Quaquaval|0 fnt\n|faint|p1a: Quaquaval\n|\n|upkeep\n|\n|t:|1698868256\n|switch|p1a: Gholdengo|Gholdengo|100\/100\n|switch|p2a: Palafin|Palafin-Hero, F|100\/100\n|-activate|p2a: Palafin|ability: Zero to Hero\n|turn|3\n|\n|t:|1698868293\n|move|p1b: Toedscruel|Mud Shot|p2b: Clodsire\n|-supereffective|p2b: Clodsire\n|-damage|p2b: Clodsire|68\/100\n|-unboost|p2b: Clodsire|spe|1\n|move|p2a: Palafin|Close Combat|p1b: Toedscruel\n|-damage|p1b: Toedscruel|25\/100\n|-unboost|p2a: Palafin|def|1\n|-unboost|p2a: Palafin|spd|1\n|move|p1a: Gholdengo|Shadow Ball|p2a: Palafin\n|-damage|p2a: Palafin|34\/100\n|move|p2b: Clodsire|Earth Power|p1a: Gholdengo\n|-supereffective|p1a: Gholdengo\n|-damage|p1a: Gholdengo|62\/100\n|\n|upkeep\n|turn|4\n|\n|t:|1698868324\n|switch|p1b: Garganacl|Garganacl, F|100\/100\n|move|p2a: Palafin|Close Combat|p1a: Gholdengo\n|-immune|p1a: Gholdengo\n|move|p1a: Gholdengo|Shadow Ball|p2b: Clodsire\n|-damage|p2b: Clodsire|39\/100\n|move|p2b: Clodsire|Earth Power|p1a: Gholdengo\n|-supereffective|p1a: Gholdengo\n|-damage|p1a: Gholdengo|22\/100\n|\n|upkeep\n|turn|5\n|\n|t:|1698868380\n|switch|p1a: Rabsca|Rabsca, F|100\/100\n|move|p2a: Palafin|Waterfall|p1b: Garganacl\n|-supereffective|p1b: Garganacl\n|-damage|p1b: Garganacl|44\/100\n|cant|p1b: Garganacl|flinch\n|move|p2b: Clodsire|Gunk Shot|p1a: Rabsca\n|-damage|p1a: Rabsca|61\/100\n|\n|upkeep\n|turn|6\n|\n|t:|1698868404\n|move|p2a: Palafin|Waterfall|p1b: Garganacl\n|-supereffective|p1b: Garganacl\n|-damage|p1b: Garganacl|0 fnt\n|faint|p1b: Garganacl\n|move|p1a: Rabsca|Leech Life|p2b: Clodsire\n|-resisted|p2b: Clodsire\n|-damage|p2b: Clodsire|31\/100\n|-heal|p1a: Rabsca|67\/100|[from] drain|[of] p2b: Clodsire\n|move|p2b: Clodsire|Earth Power|p1a: Rabsca\n|-resisted|p1a: Rabsca\n|-damage|p1a: Rabsca|59\/100\n|\n|upkeep\n|\n|t:|1698868419\n|switch|p1b: Ceruledge|Ceruledge, F|100\/100\n|turn|7\n|\n|t:|1698868444\n|move|p1b: Ceruledge|Bulk Up|p1b: Ceruledge\n|-boost|p1b: Ceruledge|atk|1\n|-boost|p1b: Ceruledge|def|1\n|move|p2a: Palafin|Aqua Tail|p1a: Rabsca\n|-damage|p1a: Rabsca|0 fnt\n|faint|p1a: Rabsca\n|move|p2b: Clodsire|Toxic|p1b: Ceruledge\n|-status|p1b: Ceruledge|tox\n|\n|-damage|p1b: Ceruledge|94\/100 tox|[from] psn\n|upkeep\n|\n|t:|1698868460\n|switch|p1a: Toedscruel|Toedscruel, M|25\/100\n|turn|8\n|\n|t:|1698868492\n|move|p1a: Toedscruel|Giga Drain|p2b: Clodsire\n|-damage|p2b: Clodsire|9\/100\n|-heal|p1a: Toedscruel|41\/100|[from] drain|[of] p2b: Clodsire\n|move|p1b: Ceruledge|Bulk Up|p1b: Ceruledge\n|-boost|p1b: Ceruledge|atk|1\n|-boost|p1b: Ceruledge|def|1\n|move|p2a: Palafin|Aura Sphere|p1a: Toedscruel\n|-damage|p1a: Toedscruel|22\/100\n|move|p2b: Clodsire|Toxic|p1a: Toedscruel\n|-status|p1a: Toedscruel|tox\n|\n|-damage|p1a: Toedscruel|16\/100 tox|[from] psn\n|-damage|p1b: Ceruledge|82\/100 tox|[from] psn\n|upkeep\n|turn|9\n|\n|t:|1698868523\n|move|p1a: Toedscruel|Grass Knot|p2b: Clodsire\n|-damage|p2b: Clodsire|0 fnt\n|faint|p2b: Clodsire\n|move|p1b: Ceruledge|Flame Charge|p2a: Palafin\n|-resisted|p2a: Palafin\n|-damage|p2a: Palafin|0 fnt\n|-boost|p1b: Ceruledge|spe|1\n|faint|p2a: Palafin\n|\n|-damage|p1b: Ceruledge|63\/100 tox|[from] psn\n|-damage|p1a: Toedscruel|4\/100 tox|[from] psn\n|upkeep\n|\n|t:|1698868544\n|switch|p2a: Spidops|Spidops, F|100\/100\n|switch|p2b: Pawmot|Pawmot, M|100\/100\n|turn|10\n|\n|t:|1698868572\n|-singleturn|p2b: Pawmot|move: Focus Punch\n|move|p1b: Ceruledge|Bulk Up|p1b: Ceruledge\n|-boost|p1b: Ceruledge|atk|1\n|-boost|p1b: Ceruledge|def|1\n|move|p1a: Toedscruel|Giga Drain|p2a: Spidops\n|-resisted|p2a: Spidops\n|-damage|p2a: Spidops|78\/100\n|-heal|p1a: Toedscruel|14\/100 tox|[from] drain|[of] p2a: Spidops\n|move|p2a: Spidops|Lunge|p1a: Toedscruel\n|-supereffective|p1a: Toedscruel\n|-damage|p1a: Toedscruel|0 fnt\n|faint|p1a: Toedscruel\n|move|p2b: Pawmot|Focus Punch|p1b: Ceruledge\n|-immune|p1b: Ceruledge\n|\n|-damage|p1b: Ceruledge|39\/100 tox|[from] psn\n|upkeep\n|\n|t:|1698868588\n|switch|p1a: Gholdengo|Gholdengo|22\/100\n|turn|11\n|\n|t:|1698868608\n|move|p1b: Ceruledge|Flame Charge|p2b: Pawmot\n|-damage|p2b: Pawmot|5\/100\n|-boost|p1b: Ceruledge|spe|1\n|move|p2b: Pawmot|Thunder|p1b: Ceruledge|[miss]\n|-miss|p2b: Pawmot|p1b: Ceruledge\n|move|p1a: Gholdengo|Make It Rain|p2a: Spidops|[spread] p2a,p2b\n|-resisted|p2b: Pawmot\n|-damage|p2a: Spidops|10\/100\n|-damage|p2b: Pawmot|0 fnt\n|-unboost|p1a: Gholdengo|spa|1\n|faint|p2b: Pawmot\n|move|p2a: Spidops|Lunge|p1a: Gholdengo\n|-resisted|p1a: Gholdengo\n|-damage|p1a: Gholdengo|17\/100\n|-unboost|p1a: Gholdengo|atk|1\n|\n|-damage|p1b: Ceruledge|8\/100 tox|[from] psn\n|upkeep\n|turn|12\n|\n|t:|1698868661\n|-terastallize|p1a: Gholdengo|Steel\n|move|p1b: Ceruledge|Bulk Up|p1b: Ceruledge\n|-boost|p1b: Ceruledge|atk|1\n|-boost|p1b: Ceruledge|def|1\n|move|p1a: Gholdengo|Night Shade|p1b: Ceruledge\n|-damage|p1b: Ceruledge|0 fnt\n|faint|p1b: Ceruledge\n|move|p2a: Spidops|Lunge|p1a: Gholdengo\n|-resisted|p1a: Gholdengo\n|-damage|p1a: Gholdengo|7\/100\n|-unboost|p1a: Gholdengo|atk|1\n|\n|upkeep\n|turn|13\n|\n|t:|1698868687\n|move|p1a: Gholdengo|Night Shade|p2a: Spidops\n|-damage|p2a: Spidops|0 fnt\n|faint|p2a: Spidops\n|\n|win|palafino\n","uploadtime":1698868721,"views":5,"p1id":"palafino","p2id":"plantinho","formatid":"gen9nationaldexdoubles","rating":0,"private":0,"password":""}