{"id":"gen9nationaldexdoubles-1996618980","p1":"Theadonia","p2":"Kinglid","format":"[Gen 9] National Dex Doubles","log":"|j|\u2606Theadonia\n|j|\u2606Kinglid\n|t:|1700701336\n|gametype|doubles\n|player|p1|Theadonia|roxie|1099\n|player|p2|Kinglid|dancer|1251\n|teamsize|p1|6\n|teamsize|p2|6\n|gen|9\n|tier|[Gen 9] National Dex Doubles\n|rated|\n|rule|HP Percentage Mod: HP is shown in percentages\n|rule|Endless Battle Clause: Forcing endless battles is banned\n|rule|OHKO Clause: OHKO moves are banned\n|rule|Evasion Moves Clause: Evasion moves are banned\n|rule|Evasion Abilities Clause: Evasion abilities are banned\n|rule|Species Clause: Limit one of each Pok\u00e9mon\n|rule|Gravity Sleep Clause: The combination of sleep-inducing moves with imperfect accuracy and Gravity or Gigantamax Orbeetle are banned\n|clearpoke\n|poke|p1|Braviary-Hisui, M|\n|poke|p1|Oricorio-Sensu, M|\n|poke|p1|Barraskewda, M|\n|poke|p1|Riolu, M|\n|poke|p1|Cresselia, F|\n|poke|p1|Swoobat, M|\n|poke|p2|Golisopod, F|\n|poke|p2|Manectric, M|\n|poke|p2|Ceruledge, M|\n|poke|p2|Tsareena, F|\n|poke|p2|Garchomp, M|\n|poke|p2|Togekiss, F|\n|teampreview\n|\n|t:|1700701353\n|start\n|switch|p1a: Braviary|Braviary-Hisui, M|100\/100\n|switch|p1b: Swoobat|Swoobat, M|100\/100\n|switch|p2a: Golisopod|Golisopod, F|100\/100\n|switch|p2b: Manectric|Manectric, M|100\/100\n|-item|p2b: Manectric|Air Balloon\n|turn|1\n|\n|t:|1700701366\n|-terastallize|p1a: Braviary|Psychic\n|move|p2a: Golisopod|First Impression|p1b: Swoobat\n|-enditem|p1b: Swoobat|Focus Sash\n|-damage|p1b: Swoobat|1\/100\n|move|p1b: Swoobat|Simple Beam|p1a: Braviary\n|-endability|p1a: Braviary|Sheer Force|[from] move: Simple Beam\n|-ability|p1a: Braviary|Simple|[from] move: Simple Beam\n|move|p2b: Manectric|Thunderbolt|p1a: Braviary\n|-damage|p1a: Braviary|57\/100\n|move|p1a: Braviary|Esper Wing|p2b: Manectric\n|-damage|p2b: Manectric|5\/100\n|-boost|p1a: Braviary|spe|2\n|-enditem|p2b: Manectric|Air Balloon\n|\n|upkeep\n|turn|2\n|\n|t:|1700701388\n|move|p2a: Golisopod|Sucker Punch|p1a: Braviary\n|-supereffective|p1a: Braviary\n|-crit|p1a: Braviary\n|-damage|p1a: Braviary|0 fnt\n|faint|p1a: Braviary\n|move|p1b: Swoobat|Stored Power|p2b: Manectric\n|-damage|p2b: Manectric|0 fnt\n|faint|p2b: Manectric\n|\n|upkeep\n|\n|t:|1700701405\n|switch|p2b: Tsareena|Tsareena, F|100\/100\n|switch|p1a: Barraskewda|Barraskewda, M|100\/100\n|turn|3\n|\n|t:|1700701412\n|move|p2a: Golisopod|Sucker Punch||[still]\n|-fail|p2a: Golisopod\n|move|p1a: Barraskewda|Acupressure|p1a: Barraskewda\n|-boost|p1a: Barraskewda|spd|2\n|move|p1b: Swoobat|Simple Beam|p1a: Barraskewda\n|-endability|p1a: Barraskewda|Propeller Tail|[from] move: Simple Beam\n|-ability|p1a: Barraskewda|Simple|[from] move: Simple Beam\n|move|p2b: Tsareena|Trailblaze|p1a: Barraskewda\n|-supereffective|p1a: Barraskewda\n|-damage|p1a: Barraskewda|18\/100\n|-boost|p2b: Tsareena|spe|1\n|\n|upkeep\n|turn|4\n|\n|t:|1700701432\n|switch|p1b: Riolu|Riolu, M|100\/100\n|move|p2a: Golisopod|Sucker Punch||[still]\n|-fail|p2a: Golisopod\n|move|p1a: Barraskewda|Acupressure|p1a: Barraskewda\n|-boost|p1a: Barraskewda|spe|4\n|move|p2b: Tsareena|Trailblaze|p1a: Barraskewda\n|-supereffective|p1a: Barraskewda\n|-damage|p1a: Barraskewda|0 fnt\n|-boost|p2b: Tsareena|spe|1\n|faint|p1a: Barraskewda\n|\n|upkeep\n|\n|t:|1700701436\n|switch|p1a: Oricorio|Oricorio-Sensu, M, shiny|100\/100\n|turn|5\n|\n|t:|1700701467\n|move|p1b: Riolu|Coaching|p1a: Oricorio\n|-boost|p1a: Oricorio|atk|1\n|-boost|p1a: Oricorio|def|1\n|move|p2a: Golisopod|Sucker Punch||[still]\n|-fail|p2a: Golisopod\n|move|p2b: Tsareena|Acrobatics|p1b: Riolu\n|-supereffective|p1b: Riolu\n|-damage|p1b: Riolu|49\/100\n|move|p1a: Oricorio|Quiver Dance|p1a: Oricorio\n|-boost|p1a: Oricorio|spa|1\n|-boost|p1a: Oricorio|spd|1\n|-boost|p1a: Oricorio|spe|1\n|\n|upkeep\n|turn|6\n|\n|t:|1700701487\n|move|p1b: Riolu|Copycat|p1b: Riolu\n|move|p1b: Riolu|Quiver Dance|p1b: Riolu|[from]move: Copycat\n|-boost|p1b: Riolu|spa|1\n|-boost|p1b: Riolu|spd|1\n|-boost|p1b: Riolu|spe|1\n|-activate|p1a: Oricorio|ability: Dancer\n|move|p1a: Oricorio|Quiver Dance|p1a: Oricorio|[from]ability: Dancer\n|-boost|p1a: Oricorio|spa|1\n|-boost|p1a: Oricorio|spd|1\n|-boost|p1a: Oricorio|spe|1\n|move|p2a: Golisopod|Sucker Punch||[still]\n|-fail|p2a: Golisopod\n|move|p1a: Oricorio|Quiver Dance|p1a: Oricorio\n|-boost|p1a: Oricorio|spa|1\n|-boost|p1a: Oricorio|spd|1\n|-boost|p1a: Oricorio|spe|1\n|move|p2b: Tsareena|Acrobatics|p1b: Riolu\n|-supereffective|p1b: Riolu\n|-damage|p1b: Riolu|0 fnt\n|faint|p1b: Riolu\n|\n|upkeep\n|l|\u2606Kinglid\n|player|p2|\n|\n|t:|1700701504\n|switch|p1b: Cresselia|Cresselia, F|100\/100\n|turn|7\n|j|\u2606Kinglid\n|player|p2|Kinglid|dancer\n|\n|t:|1700701554\n|move|p1a: Oricorio|Revelation Dance|p2a: Golisopod\n|-damage|p2a: Golisopod|20\/100\n|-activate|p2a: Golisopod|ability: Emergency Exit\n|\n|t:|1700701562\n|switch|p2a: Ceruledge|Ceruledge, M|100\/100\n|move|p2b: Tsareena|Triple Axel|p1a: Oricorio\n|-supereffective|p1a: Oricorio\n|-damage|p1a: Oricorio|93\/100\n|-supereffective|p1a: Oricorio\n|-damage|p1a: Oricorio|79\/100\n|-supereffective|p1a: Oricorio\n|-damage|p1a: Oricorio|58\/100\n|-hitcount|p1a: Oricorio|3\n|move|p1b: Cresselia|Calm Mind|p1b: Cresselia\n|-boost|p1b: Cresselia|spa|1\n|-boost|p1b: Cresselia|spd|1\n|\n|upkeep\n|turn|8\n|\n|t:|1700701586\n|move|p2a: Ceruledge|Shadow Sneak|p1a: Oricorio\n|-supereffective|p1a: Oricorio\n|-damage|p1a: Oricorio|36\/100\n|move|p1a: Oricorio|Revelation Dance|p2a: Ceruledge\n|-supereffective|p2a: Ceruledge\n|-damage|p2a: Ceruledge|0 fnt\n|faint|p2a: Ceruledge\n|move|p2b: Tsareena|Triple Axel|p1a: Oricorio\n|-supereffective|p1a: Oricorio\n|-damage|p1a: Oricorio|29\/100\n|-supereffective|p1a: Oricorio\n|-damage|p1a: Oricorio|15\/100\n|-enditem|p1a: Oricorio|Aguav Berry|[eat]\n|-heal|p1a: Oricorio|49\/100|[from] item: Aguav Berry\n|-supereffective|p1a: Oricorio\n|-damage|p1a: Oricorio|26\/100\n|-hitcount|p1a: Oricorio|3\n|move|p1b: Cresselia|Calm Mind|p1b: Cresselia\n|-boost|p1b: Cresselia|spa|1\n|-boost|p1b: Cresselia|spd|1\n|\n|upkeep\n|\n|t:|1700701604\n|switch|p2a: Golisopod|Golisopod, F|20\/100\n|turn|9\n|\n|t:|1700701613\n|move|p2a: Golisopod|First Impression|p1b: Cresselia\n|-supereffective|p1b: Cresselia\n|-damage|p1b: Cresselia|16\/100\n|move|p1a: Oricorio|Roost|p1a: Oricorio\n|-heal|p1a: Oricorio|76\/100\n|-singleturn|p1a: Oricorio|move: Roost\n|move|p2b: Tsareena|Triple Axel|p1a: Oricorio\n|-damage|p1a: Oricorio|72\/100\n|-damage|p1a: Oricorio|66\/100\n|-crit|p1a: Oricorio\n|-damage|p1a: Oricorio|43\/100\n|-hitcount|p1a: Oricorio|3\n|move|p1b: Cresselia|Stored Power|p2b: Tsareena\n|-damage|p2b: Tsareena|15\/100\n|-enditem|p2b: Tsareena|Red Card|[of] p1b: Cresselia\n|drag|p1b: Swoobat|Swoobat, M|1\/100\n|\n|upkeep\n|turn|10\n|\n|t:|1700701696\n|move|p2a: Golisopod|Sucker Punch|p1a: Oricorio\n|-supereffective|p1a: Oricorio\n|-damage|p1a: Oricorio|16\/100\n|move|p1a: Oricorio|Revelation Dance|p2a: Golisopod\n|-damage|p2a: Golisopod|0 fnt\n|faint|p2a: Golisopod\n|move|p2b: Tsareena|Acrobatics|p1b: Swoobat\n|-damage|p1b: Swoobat|0 fnt\n|faint|p1b: Swoobat\n|\n|upkeep\n|\n|t:|1700701724\n|switch|p1b: Cresselia|Cresselia, F|16\/100\n|switch|p2a: Garchomp|Garchomp, M|100\/100\n|turn|11\n|\n|t:|1700701735\n|move|p1a: Oricorio|Roost|p1a: Oricorio\n|-heal|p1a: Oricorio|66\/100\n|-singleturn|p1a: Oricorio|move: Roost\n|move|p2b: Tsareena|Acrobatics|p1b: Cresselia\n|-damage|p1b: Cresselia|0 fnt\n|faint|p1b: Cresselia\n|move|p2a: Garchomp|Rock Slide|p1a: Oricorio\n|-damage|p1a: Oricorio|53\/100\n|\n|upkeep\n|turn|12\n|\n|t:|1700701764\n|move|p1a: Oricorio|Revelation Dance|p2b: Tsareena\n|-damage|p2b: Tsareena|0 fnt\n|faint|p2b: Tsareena\n|move|p2a: Garchomp|Poison Jab|p1a: Oricorio\n|-resisted|p1a: Oricorio\n|-damage|p1a: Oricorio|47\/100\n|\n|upkeep\n|\n|t:|1700701769\n|switch|p2b: Togekiss|Togekiss, F|100\/100\n|turn|13\n|\n|t:|1700701779\n|move|p1a: Oricorio|Roost|p1a: Oricorio\n|-heal|p1a: Oricorio|97\/100\n|-singleturn|p1a: Oricorio|move: Roost\n|move|p2b: Togekiss|Air Slash|p1a: Oricorio\n|-damage|p1a: Oricorio|78\/100\n|move|p2a: Garchomp|Poison Jab|p1a: Oricorio\n|-resisted|p1a: Oricorio\n|-damage|p1a: Oricorio|71\/100\n|\n|upkeep\n|turn|14\n|\n|t:|1700701797\n|move|p1a: Oricorio|Revelation Dance|p2a: Garchomp\n|-damage|p2a: Garchomp|39\/100\n|move|p2b: Togekiss|Air Slash|p1a: Oricorio\n|-damage|p1a: Oricorio|50\/100\n|move|p2a: Garchomp|Rock Slide|p1a: Oricorio\n|-supereffective|p1a: Oricorio\n|-damage|p1a: Oricorio|26\/100\n|\n|upkeep\n|turn|15\n|\n|t:|1700701808\n|move|p1a: Oricorio|Roost|p1a: Oricorio\n|-heal|p1a: Oricorio|76\/100\n|-singleturn|p1a: Oricorio|move: Roost\n|move|p2b: Togekiss|Air Slash|p1a: Oricorio\n|-damage|p1a: Oricorio|57\/100\n|move|p2a: Garchomp|Rock Slide|p1a: Oricorio|[miss]\n|-miss|p2a: Garchomp|p1a: Oricorio\n|\n|upkeep\n|turn|16\n|\n|t:|1700701822\n|move|p1a: Oricorio|Revelation Dance|p2a: Garchomp\n|-damage|p2a: Garchomp|0 fnt\n|faint|p2a: Garchomp\n|move|p2b: Togekiss|Air Slash|p1a: Oricorio\n|-damage|p1a: Oricorio|36\/100\n|\n|upkeep\n|turn|17\n|\n|t:|1700701830\n|move|p1a: Oricorio|Roost|p1a: Oricorio\n|-heal|p1a: Oricorio|86\/100\n|-singleturn|p1a: Oricorio|move: Roost\n|move|p2b: Togekiss|Air Slash|p1a: Oricorio\n|-damage|p1a: Oricorio|67\/100\n|\n|upkeep\n|turn|18\n|\n|t:|1700701839\n|move|p1a: Oricorio|Revelation Dance|p2b: Togekiss\n|-damage|p2b: Togekiss|22\/100\n|move|p2b: Togekiss|Air Slash|p1a: Oricorio\n|-damage|p1a: Oricorio|46\/100\n|\n|upkeep\n|turn|19\n|-message|Kinglid forfeited.\n|\n|win|Theadonia\n|raw|Theadonia's rating: 1099 &rarr; <strong>1135<\/strong><br \/>(+36 for winning)\n|raw|Kinglid's rating: 1251 &rarr; <strong>1216<\/strong><br \/>(-35 for losing)\n|l|\u2606Kinglid\n","uploadtime":1700701851,"views":1,"p1id":"theadonia","p2id":"kinglid","formatid":"gen9nationaldexdoubles","rating":1135,"private":0,"password":""}