{"id":"gen9nationaldexdoubles-1994355105","p1":"Brick_Enjoyer_144","p2":"6DFirapaka","format":"[Gen 9] National Dex Doubles","log":"|j|\u2606Brick_Enjoyer_144\n|j|\u26066DFirapaka\n|t:|1700434484\n|gametype|doubles\n|player|p1|Brick_Enjoyer_144|shauntal|1168\n|player|p2|6DFirapaka|scientist-gen4dp|1384\n|teamsize|p1|6\n|teamsize|p2|6\n|gen|9\n|tier|[Gen 9] National Dex Doubles\n|rated|\n|rule|HP Percentage Mod: HP is shown in percentages\n|rule|Endless Battle Clause: Forcing endless battles is banned\n|rule|OHKO Clause: OHKO moves are banned\n|rule|Evasion Moves Clause: Evasion moves are banned\n|rule|Evasion Abilities Clause: Evasion abilities are banned\n|rule|Species Clause: Limit one of each Pok\u00e9mon\n|rule|Gravity Sleep Clause: The combination of sleep-inducing moves with imperfect accuracy and Gravity or Gigantamax Orbeetle are banned\n|clearpoke\n|poke|p1|Smeargle, M|\n|poke|p1|Kartana|\n|poke|p1|Roaring Moon|\n|poke|p1|Minior-Violet|\n|poke|p1|Mawile, F|\n|poke|p1|Zapdos|\n|poke|p2|Amoonguss, M|\n|poke|p2|Slowking, M|\n|poke|p2|Iron Hands|\n|poke|p2|Iron Valiant|\n|poke|p2|Cetitan, M|\n|poke|p2|Indeedee-F, F|\n|teampreview\n|inactive|Battle timer is ON: inactive players will automatically lose when time's up. (requested by Brick_Enjoyer_144)\n|\n|t:|1700434492\n|start\n|switch|p1a: Smeargle|Smeargle, M, shiny|100\/100\n|switch|p1b: Minior|Minior-Violet, shiny|100\/100\n|switch|p2a: Slowking|Slowking, M|100\/100\n|switch|p2b: Indeedee|Indeedee-F, F|100\/100\n|-formechange|p1b: Minior|Minior-Meteor||[from] ability: Shields Down\n|-fieldstart|move: Psychic Terrain|[from] ability: Psychic Surge|[of] p2b: Indeedee\n|-enditem|p2b: Indeedee|Psychic Seed\n|-boost|p2b: Indeedee|spd|1|[from] item: Psychic Seed\n|turn|1\n|\n|t:|1700434522\n|move|p2b: Indeedee|Follow Me|p2b: Indeedee\n|-singleturn|p2b: Indeedee|move: Follow Me\n|move|p1a: Smeargle|Spore|p2b: Indeedee\n|-status|p2b: Indeedee|slp|[from] move: Spore\n|move|p1b: Minior|Shell Smash|p1b: Minior\n|-unboost|p1b: Minior|def|1\n|-unboost|p1b: Minior|spd|1\n|-boost|p1b: Minior|atk|2\n|-boost|p1b: Minior|spa|2\n|-boost|p1b: Minior|spe|2\n|move|p2a: Slowking|Trick Room|p2a: Slowking\n|-fieldstart|move: Trick Room|[of] p2a: Slowking\n|\n|upkeep\n|turn|2\n|\n|t:|1700434549\n|move|p2a: Slowking|Disable|p1a: Smeargle\n|-start|p1a: Smeargle|Disable|Spore\n|cant|p2b: Indeedee|slp\n|cant|p1a: Smeargle|Disable|Spore\n|move|p1b: Minior|Stone Edge|p2b: Indeedee\n|-damage|p2b: Indeedee|7\/100 slp\n|\n|upkeep\n|turn|3\n|\n|t:|1700434573\n|move|p2a: Slowking|Chilly Reception|p2a: Slowking\n|-weather|Snow\n|\n|t:|1700434577\n|switch|p2a: Amoonguss|Amoonguss, M|100\/100|[from] Chilly Reception\n|-curestatus|p2b: Indeedee|slp|[msg]\n|move|p2b: Indeedee|Expanding Force|p1b: Minior|[spread] p1a,p1b\n|-damage|p1a: Smeargle|0 fnt\n|-damage|p1b: Minior|4\/100\n|faint|p1a: Smeargle\n|move|p1b: Minior|Stone Edge|p2b: Indeedee\n|-damage|p2b: Indeedee|0 fnt\n|faint|p2b: Indeedee\n|\n|-weather|Snow|[upkeep]\n|-formechange|p1b: Minior|Minior-Violet||[from] ability: Shields Down\n|upkeep\n|\n|t:|1700434595\n|switch|p2b: Cetitan|Cetitan, M|100\/100\n|switch|p1a: Kartana|Kartana, shiny|100\/100\n|turn|4\n|\n|t:|1700434610\n|move|p2a: Amoonguss|Clear Smog|p1b: Minior\n|-resisted|p1b: Minior\n|-damage|p1b: Minior|0 fnt\n|-clearboost|p1b: Minior\n|faint|p1b: Minior\n|move|p2b: Cetitan|Superpower|p1a: Kartana\n|-supereffective|p1a: Kartana\n|-damage|p1a: Kartana|0 fnt\n|-unboost|p2b: Cetitan|atk|1\n|-unboost|p2b: Cetitan|def|1\n|faint|p1a: Kartana\n|-damage|p2b: Cetitan|91\/100|[from] item: Life Orb\n|\n|-weather|Snow|[upkeep]\n|upkeep\n|\n|t:|1700434627\n|switch|p1b: Zapdos|Zapdos, shiny|100\/100\n|switch|p1a: Mawile|Mawile, F, shiny|100\/100\n|turn|5\n|\n|t:|1700434639\n|detailschange|p1a: Mawile|Mawile-Mega, F, shiny\n|-mega|p1a: Mawile|Mawile|Mawilite\n|move|p2a: Amoonguss|Spore|p1a: Mawile\n|-status|p1a: Mawile|slp|[from] move: Spore\n|move|p2b: Cetitan|Icicle Crash|p1b: Zapdos\n|-supereffective|p1b: Zapdos\n|-damage|p1b: Zapdos|0 fnt\n|faint|p1b: Zapdos\n|cant|p1a: Mawile|slp\n|\n|-weather|Snow|[upkeep]\n|-fieldend|move: Trick Room\n|-fieldend|move: Psychic Terrain\n|upkeep\n|\n|t:|1700434653\n|switch|p1b: Roaring Moon|Roaring Moon, shiny|100\/100\n|-enditem|p1b: Roaring Moon|Booster Energy\n|-activate|p1b: Roaring Moon|ability: Protosynthesis|[fromitem]\n|-start|p1b: Roaring Moon|protosynthesisatk\n|turn|6\n|\n|t:|1700434670\n|move|p2a: Amoonguss|Rage Powder|p2a: Amoonguss\n|-singleturn|p2a: Amoonguss|move: Rage Powder\n|move|p1b: Roaring Moon|Acrobatics|p2a: Amoonguss\n|-supereffective|p2a: Amoonguss\n|-damage|p2a: Amoonguss|0 fnt\n|faint|p2a: Amoonguss\n|-curestatus|p1a: Mawile|slp|[msg]\n|move|p1a: Mawile|Iron Head|p2b: Cetitan\n|-supereffective|p2b: Cetitan\n|-damage|p2b: Cetitan|0 fnt\n|faint|p2b: Cetitan\n|\n|-weather|Snow|[upkeep]\n|upkeep\n|\n|t:|1700434683\n|switch|p2b: Slowking|Slowking, M|100\/100\n|switch|p2a: Iron Hands|Iron Hands|100\/100\n|-enditem|p2a: Iron Hands|Booster Energy\n|-activate|p2a: Iron Hands|ability: Quark Drive|[fromitem]\n|-start|p2a: Iron Hands|quarkdriveatk\n|turn|7\n|\n|t:|1700434698\n|move|p2a: Iron Hands|Protect|p2a: Iron Hands\n|-singleturn|p2a: Iron Hands|Protect\n|move|p1b: Roaring Moon|Knock Off|p2b: Slowking\n|-supereffective|p2b: Slowking\n|-damage|p2b: Slowking|0 fnt\n|-damage|p1b: Roaring Moon|84\/100|[from] item: Rocky Helmet|[of] p2b: Slowking\n|-enditem|p2b: Slowking|Rocky Helmet|[from] move: Knock Off|[of] p1b: Roaring Moon\n|faint|p2b: Slowking\n|move|p1a: Mawile|Play Rough|p2a: Iron Hands\n|-activate|p2a: Iron Hands|move: Protect\n|\n|-weather|none\n|upkeep\n|\n|t:|1700434706\n|switch|p2b: Iron Valiant|Iron Valiant|100\/100\n|turn|8\n|\n|t:|1700434723\n|-terastallize|p2a: Iron Hands|Ghost\n|move|p1b: Roaring Moon|Acrobatics|p2b: Iron Valiant\n|-supereffective|p2b: Iron Valiant\n|-damage|p2b: Iron Valiant|0 fnt\n|faint|p2b: Iron Valiant\n|-end|p2b: Iron Valiant|Quark Drive|[silent]\n|move|p1a: Mawile|Iron Head|p2a: Iron Hands\n|-damage|p2a: Iron Hands|63\/100\n|move|p2a: Iron Hands|Drain Punch|p1b: Roaring Moon\n|-supereffective|p1b: Roaring Moon\n|-damage|p1b: Roaring Moon|0 fnt\n|-heal|p2a: Iron Hands|92\/100|[from] drain|[of] p1b: Roaring Moon\n|faint|p1b: Roaring Moon\n|-end|p1b: Roaring Moon|Protosynthesis|[silent]\n|\n|upkeep\n|turn|9\n|\n|t:|1700434739\n|move|p1a: Mawile|Sucker Punch|p2a: Iron Hands\n|-supereffective|p2a: Iron Hands\n|-damage|p2a: Iron Hands|48\/100\n|move|p2a: Iron Hands|Tera Blast|p1a: Mawile|[anim] Tera Blast Ghost\n|-damage|p1a: Mawile|33\/100\n|\n|upkeep\n|turn|10\n|\n|t:|1700434750\n|move|p1a: Mawile|Sucker Punch|p2a: Iron Hands\n|-supereffective|p2a: Iron Hands\n|-damage|p2a: Iron Hands|9\/100\n|move|p2a: Iron Hands|Tera Blast|p1a: Mawile|[anim] Tera Blast Ghost\n|-damage|p1a: Mawile|0 fnt\n|faint|p1a: Mawile\n|\n|win|6DFirapaka\n|raw|Brick_Enjoyer_144's rating: 1168 &rarr; <strong>1157<\/strong><br \/>(-11 for losing)\n|raw|6DFirapaka's rating: 1384 &rarr; <strong>1393<\/strong><br \/>(+9 for winning)\n","uploadtime":1700434760,"views":3,"p1id":"brickenjoyer144","p2id":"6dfirapaka","formatid":"gen9nationaldexdoubles","rating":1157,"private":0,"password":""}