{"id":"gen9nationaldexdoubles-1994917245","p1":"TheMenice1350","p2":"Thatfunniguy","format":"[Gen 9] National Dex Doubles","log":"|j|\u2606TheMenice1350\n|j|\u2606Thatfunniguy\n|t:|1700504496\n|gametype|doubles\n|player|p1|TheMenice1350|richboy-gen4|1163\n|player|p2|Thatfunniguy|fisherman-gen4|1316\n|teamsize|p1|6\n|teamsize|p2|6\n|gen|9\n|tier|[Gen 9] National Dex Doubles\n|rated|\n|rule|HP Percentage Mod: HP is shown in percentages\n|rule|Endless Battle Clause: Forcing endless battles is banned\n|rule|OHKO Clause: OHKO moves are banned\n|rule|Evasion Moves Clause: Evasion moves are banned\n|rule|Evasion Abilities Clause: Evasion abilities are banned\n|rule|Species Clause: Limit one of each Pok\u00e9mon\n|rule|Gravity Sleep Clause: The combination of sleep-inducing moves with imperfect accuracy and Gravity or Gigantamax Orbeetle are banned\n|clearpoke\n|poke|p1|Charizard, F|\n|poke|p1|Heatran, M|\n|poke|p1|Rillaboom, M|\n|poke|p1|Amoonguss, M|\n|poke|p1|Tapu Koko|\n|poke|p1|Torterra, M|\n|poke|p2|Murkrow, F|\n|poke|p2|Eldegoss, F|\n|poke|p2|Serperior, F|\n|poke|p2|Victini|\n|poke|p2|Malamar, M|\n|poke|p2|Latias, F|\n|teampreview\n|\n|t:|1700504524\n|start\n|switch|p1a: Charizard|Charizard, F, shiny|100\/100\n|switch|p1b: Heatran|Heatran, M|100\/100\n|switch|p2a: Le Guy|Malamar, M, shiny|100\/100\n|switch|p2b: Slow down|Eldegoss, F|100\/100\n|turn|1\n|inactive|Battle timer is ON: inactive players will automatically lose when time's up. (requested by Thatfunniguy)\n|\n|t:|1700504548\n|switch|p2a: Playing Around|Latias, F, shiny|100\/100\n|detailschange|p1a: Charizard|Charizard-Mega-Y, F, shiny\n|-mega|p1a: Charizard|Charizard|Charizardite Y\n|-weather|SunnyDay|[from] ability: Drought|[of] p1a: Charizard\n|move|p1a: Charizard|Fire Blast|p2b: Slow down\n|-supereffective|p2b: Slow down\n|-damage|p2b: Slow down|0 fnt\n|-ability|p2b: Slow down|Cotton Down\n|-unboost|p1a: Charizard|spe|1\n|-unboost|p1b: Heatran|spe|1\n|-unboost|p2a: Playing Around|spe|1\n|faint|p2b: Slow down\n|move|p1b: Heatran|Earth Power|p2a: Playing Around\n|-immune|p2a: Playing Around|[from] ability: Levitate\n|\n|-weather|SunnyDay|[upkeep]\n|upkeep\n|\n|t:|1700504563\n|switch|p2b: Le Guy|Malamar, M, shiny|100\/100\n|turn|2\n|\n|t:|1700504580\n|switch|p1b: Tapu Koko|Tapu Koko, shiny|100\/100\n|-fieldstart|move: Electric Terrain|[from] ability: Electric Surge|[of] p1b: Tapu Koko\n|detailschange|p2a: Playing Around|Latias-Mega, F, shiny\n|-mega|p2a: Playing Around|Latias|Latiasite\n|move|p2a: Playing Around|Role Play|p2b: Le Guy\n|-endability|p2a: Playing Around|Levitate|[from] move: Role Play\n|-ability|p2a: Playing Around|Contrary|[from] move: Role Play|[of] p2b: Le Guy\n|move|p1a: Charizard|Fire Blast|p2b: Le Guy\n|-damage|p2b: Le Guy|0 fnt\n|faint|p2b: Le Guy\n|\n|-weather|SunnyDay|[upkeep]\n|upkeep\n|\n|t:|1700504599\n|switch|p2b: Caesar|Murkrow, F|100\/100\n|turn|3\n|\n|t:|1700504607\n|move|p2b: Caesar|Defog|p2a: Playing Around\n|-boost|p2a: Playing Around|evasion|1\n|-fieldend|move: Electric Terrain\n|move|p1b: Tapu Koko|Dazzling Gleam|p2b: Caesar|[spread] p2a,p2b\n|-supereffective|p2a: Playing Around\n|-supereffective|p2b: Caesar\n|-damage|p2a: Playing Around|39\/100\n|-damage|p2b: Caesar|34\/100\n|move|p2a: Playing Around|Draco Meteor|p1a: Charizard\n|-damage|p1a: Charizard|28\/100\n|-boost|p2a: Playing Around|spa|2\n|move|p1a: Charizard|Fire Blast|p2b: Caesar\n|-crit|p2b: Caesar\n|-damage|p2b: Caesar|0 fnt\n|faint|p2b: Caesar\n|\n|-weather|SunnyDay|[upkeep]\n|upkeep\n|\n|t:|1700504623\n|switch|p2b: VICTORY|Victini|100\/100\n|turn|4\n|\n|t:|1700504629\n|move|p1b: Tapu Koko|Dazzling Gleam|p2a: Playing Around|[spread] p2a,p2b\n|-supereffective|p2a: Playing Around\n|-resisted|p2b: VICTORY\n|-damage|p2a: Playing Around|0 fnt\n|-damage|p2b: VICTORY|85\/100\n|faint|p2a: Playing Around\n|-zpower|p2b: VICTORY\n|move|p2b: VICTORY|Z-Celebrate|p2b: VICTORY|[anim]Celebrate\n|-boost|p2b: VICTORY|atk|1|[zeffect]\n|-boost|p2b: VICTORY|def|1|[zeffect]\n|-boost|p2b: VICTORY|spa|1|[zeffect]\n|-boost|p2b: VICTORY|spd|1|[zeffect]\n|-boost|p2b: VICTORY|spe|1|[zeffect]\n|-activate|p2b: VICTORY|move: Celebrate\n|move|p1a: Charizard|Roost|p1a: Charizard\n|-heal|p1a: Charizard|78\/100\n|-singleturn|p1a: Charizard|move: Roost\n|\n|-weather|SunnyDay|[upkeep]\n|upkeep\n|\n|t:|1700504632\n|switch|p2a: Snek|Serperior, F|100\/100\n|turn|5\n|c|\u2606Thatfunniguy|How do u guys always hit that\n|\n|t:|1700504652\n|switch|p1b: Heatran|Heatran, M|100\/100\n|move|p2b: VICTORY|Role Play|p2a: Snek\n|-endability|p2b: VICTORY|Victory Star|[from] move: Role Play\n|-ability|p2b: VICTORY|Contrary|[from] move: Role Play|[of] p2a: Snek\n|move|p2a: Snek|Substitute|p2a: Snek\n|-start|p2a: Snek|Substitute\n|-damage|p2a: Snek|76\/100\n|move|p1a: Charizard|Fire Blast|p2a: Snek\n|-supereffective|p2a: Snek\n|-end|p2a: Snek|Substitute\n|\n|-weather|none\n|-heal|p2a: Snek|82\/100|[from] item: Leftovers\n|upkeep\n|turn|6\n|\n|t:|1700504679\n|move|p2b: VICTORY|V-create|p1a: Charizard\n|-resisted|p1a: Charizard\n|-damage|p1a: Charizard|0 fnt\n|-boost|p2b: VICTORY|spe|1\n|-boost|p2b: VICTORY|def|1\n|-boost|p2b: VICTORY|spd|1\n|faint|p1a: Charizard\n|move|p2a: Snek|Hidden Power|p1b: Heatran\n|-supereffective|p1b: Heatran\n|-damage|p1b: Heatran|59\/100\n|move|p1b: Heatran|Earth Power|p2b: VICTORY\n|-supereffective|p2b: VICTORY\n|-crit|p2b: VICTORY\n|-damage|p2b: VICTORY|14\/100\n|\n|-heal|p2a: Snek|88\/100|[from] item: Leftovers\n|-heal|p1b: Heatran|65\/100|[from] item: Leftovers\n|upkeep\n|inactive|TheMenice1350 has 120 seconds left.\n|c|\u2606Thatfunniguy|OF COURSE ITS A CRIT\n|\n|t:|1700504697\n|switch|p1a: Amoonguss|Amoonguss, M, shiny|100\/100\n|turn|7\n|c|\u2606Thatfunniguy|RNG IS GAY AS HELL\n|\n|t:|1700504717\n|move|p2b: VICTORY|Stored Power|p1b: Heatran\n|-resisted|p1b: Heatran\n|-damage|p1b: Heatran|37\/100\n|move|p2a: Snek|Hidden Power|p1b: Heatran\n|-supereffective|p1b: Heatran\n|-damage|p1b: Heatran|0 fnt\n|faint|p1b: Heatran\n|move|p1a: Amoonguss|Clear Smog|p2b: VICTORY\n|-damage|p2b: VICTORY|7\/100\n|-clearboost|p2b: VICTORY\n|\n|-heal|p2a: Snek|94\/100|[from] item: Leftovers\n|upkeep\n|\n|t:|1700504734\n|switch|p1b: Torterra|Torterra, M, shiny|100\/100\n|turn|8\n|\n|t:|1700504744\n|-terastallize|p1b: Torterra|Fire\n|move|p2a: Snek|Leaf Storm|p1b: Torterra\n|-resisted|p1b: Torterra\n|-damage|p1b: Torterra|72\/100\n|-boost|p2a: Snek|spa|2\n|move|p2b: VICTORY|V-create|p1a: Amoonguss\n|-supereffective|p1a: Amoonguss\n|-damage|p1a: Amoonguss|0 fnt\n|-boost|p2b: VICTORY|spe|1\n|-boost|p2b: VICTORY|def|1\n|-boost|p2b: VICTORY|spd|1\n|-damage|p2b: VICTORY|0 fnt|[from] item: Rocky Helmet|[of] p1a: Amoonguss\n|faint|p1a: Amoonguss\n|faint|p2b: VICTORY\n|move|p1b: Torterra|Shell Smash|p1b: Torterra\n|-unboost|p1b: Torterra|def|1\n|-unboost|p1b: Torterra|spd|1\n|-boost|p1b: Torterra|atk|2\n|-boost|p1b: Torterra|spa|2\n|-boost|p1b: Torterra|spe|2\n|-enditem|p1b: Torterra|White Herb\n|-clearnegativeboost|p1b: Torterra|[silent]\n|\n|-heal|p2a: Snek|100\/100|[from] item: Leftovers\n|upkeep\n|-message|Thatfunniguy forfeited.\n|\n|win|TheMenice1350\n|raw|TheMenice1350's rating: 1163 &rarr; <strong>1198<\/strong><br \/>(+35 for winning)\n|raw|Thatfunniguy's rating: 1316 &rarr; <strong>1288<\/strong><br \/>(-28 for losing)\n|l|\u2606Thatfunniguy\n","uploadtime":1700504702,"views":0,"p1id":"themenice1350","p2id":"thatfunniguy","formatid":"gen9nationaldexdoubles","rating":1198,"private":0,"password":""}