{"id":"gen9nationaldexdoubles-1957809030","p1":"Lizza04","p2":"battlepass420","format":"[Gen 9] National Dex Doubles","log":"|j|\u2606Lizza04\n|j|\u2606battlepass420\n|t:|1696262668\n|gametype|doubles\n|player|p1|Lizza04|hilda-wonderlauncher|1028\n|player|p2|battlepass420|steven|1000\n|teamsize|p1|6\n|teamsize|p2|6\n|gen|9\n|tier|[Gen 9] National Dex Doubles\n|rated|\n|rule|HP Percentage Mod: HP is shown in percentages\n|rule|Endless Battle Clause: Forcing endless battles is banned\n|rule|OHKO Clause: OHKO moves are banned\n|rule|Evasion Moves Clause: Evasion moves are banned\n|rule|Evasion Abilities Clause: Evasion abilities are banned\n|rule|Species Clause: Limit one of each Pok\u00e9mon\n|rule|Gravity Sleep Clause: The combination of sleep-inducing moves with imperfect accuracy and Gravity or Gigantamax Orbeetle are banned\n|clearpoke\n|poke|p1|Lurantis, F|\n|poke|p1|Tornadus, M|\n|poke|p1|Amoonguss, M|\n|poke|p1|Gholdengo|\n|poke|p1|Arcanine-Hisui, M|\n|poke|p1|Victini|\n|poke|p2|Charizard, M|\n|poke|p2|Chandelure, M|\n|poke|p2|Magcargo, M|\n|poke|p2|Polteageist|\n|poke|p2|Sinistcha-Masterpiece|\n|poke|p2|Arboliva, M|\n|teampreview\n|inactive|Battle timer is ON: inactive players will automatically lose when time's up. (requested by battlepass420)\n|\n|t:|1696262688\n|start\n|switch|p1a: Grumpy Cloud|Tornadus, M|100\/100\n|switch|p1b: Strawberry|Arcanine-Hisui, M|100\/100\n|switch|p2a: escargo(poor guy)|Magcargo, M, shiny|100\/100\n|switch|p2b: teapot|Polteageist, shiny|100\/100\n|turn|1\n|\n|t:|1696262704\n|move|p1a: Grumpy Cloud|Taunt|p2b: teapot\n|-start|p2b: teapot|move: Taunt\n|move|p1b: Strawberry|Head Smash|p2a: escargo(poor guy)\n|-supereffective|p2a: escargo(poor guy)\n|-damage|p2a: escargo(poor guy)|0 fnt\n|faint|p2a: escargo(poor guy)\n|move|p2b: teapot|Astonish|p2: escargo(poor guy)|[notarget]\n|-fail|p2b: teapot\n|\n|upkeep\n|\n|t:|1696262725\n|switch|p2a: extra most bestest|Charizard, M, shiny|100\/100\n|turn|2\n|\n|t:|1696262743\n|switch|p2b: cheese pizza|Chandelure, M, shiny|100\/100\n|detailschange|p2a: extra most bestest|Charizard-Mega-Y, M, shiny\n|-mega|p2a: extra most bestest|Charizard|Charizardite Y\n|-weather|SunnyDay|[from] ability: Drought|[of] p2a: extra most bestest\n|move|p1a: Grumpy Cloud|Tailwind|p1a: Grumpy Cloud\n|-sidestart|p1: Lizza04|move: Tailwind\n|move|p1b: Strawberry|Head Smash|p2a: extra most bestest\n|-supereffective|p2a: extra most bestest\n|-damage|p2a: extra most bestest|0 fnt\n|faint|p2a: extra most bestest\n|\n|-weather|SunnyDay|[upkeep]\n|upkeep\n|\n|t:|1696262755\n|switch|p2a: matcha tea|Sinistcha-Masterpiece, shiny|100\/100\n|turn|3\n|\n|t:|1696262775\n|move|p1a: Grumpy Cloud|Bleakwind Storm|p2b: cheese pizza|[spread] p2b\n|-miss|p1a: Grumpy Cloud|p2a: matcha tea\n|-damage|p2b: cheese pizza|59\/100\n|move|p1b: Strawberry|Head Smash|p2a: matcha tea\n|-damage|p2a: matcha tea|0 fnt\n|faint|p2a: matcha tea\n|move|p2b: cheese pizza|Will-O-Wisp|p1a: Grumpy Cloud|[miss]\n|-miss|p2b: cheese pizza|p1a: Grumpy Cloud\n|\n|-weather|SunnyDay|[upkeep]\n|upkeep\n|inactive|battlepass420 has 120 seconds left.\n|\n|t:|1696262798\n|switch|p2a: teapot|Polteageist, shiny|100\/100\n|turn|4\n|\n|t:|1696262815\n|move|p1a: Grumpy Cloud|Taunt|p2a: teapot\n|-start|p2a: teapot|move: Taunt\n|move|p1b: Strawberry|Head Smash|p2b: cheese pizza\n|-supereffective|p2b: cheese pizza\n|-damage|p2b: cheese pizza|0 fnt\n|faint|p2b: cheese pizza\n|cant|p2a: teapot|move: Taunt|Spite\n|\n|-weather|SunnyDay|[upkeep]\n|upkeep\n|\n|t:|1696262824\n|switch|p2b: olive this tree|Arboliva, M, shiny|100\/100\n|turn|5\n|\n|t:|1696262839\n|move|p1a: Grumpy Cloud|Bleakwind Storm|p2a: teapot|[spread] p2a,p2b\n|-crit|p2a: teapot\n|-supereffective|p2b: olive this tree\n|-damage|p2a: teapot|59\/100\n|-damage|p2b: olive this tree|60\/100\n|-unboost|p2a: teapot|spe|1\n|move|p1b: Strawberry|Head Smash|p2a: teapot|[miss]\n|-miss|p1b: Strawberry|p2a: teapot\n|move|p2a: teapot|Stored Power|p1a: Grumpy Cloud\n|-damage|p1a: Grumpy Cloud|94\/100\n|move|p2b: olive this tree|Sunny Day||[still]\n|-fail|p2b: olive this tree\n|\n|-weather|SunnyDay|[upkeep]\n|-heal|p2a: teapot|66\/100|[from] item: Leftovers\n|-sideend|p1: Lizza04|move: Tailwind\n|upkeep\n|turn|6\n|\n|t:|1696262862\n|move|p1a: Grumpy Cloud|Bleakwind Storm|p2b: olive this tree|[spread] p2a,p2b\n|-supereffective|p2b: olive this tree\n|-damage|p2a: teapot|35\/100\n|-damage|p2b: olive this tree|12\/100\n|-enditem|p2b: olive this tree|Aguav Berry|[eat]\n|-heal|p2b: olive this tree|45\/100|[from] item: Aguav Berry\n|move|p1b: Strawberry|Head Smash|p2a: teapot\n|-damage|p2a: teapot|0 fnt\n|faint|p2a: teapot\n|move|p2b: olive this tree|Strength Sap|p1b: Strawberry\n|-unboost|p1b: Strawberry|atk|1\n|-heal|p2b: olive this tree|100\/100\n|\n|-weather|none\n|upkeep\n|turn|7\n|inactive|Lizza04 has 120 seconds left.\n|inactive|battlepass420 has 120 seconds left.\n|inactive|battlepass420 has 90 seconds left.\n|\n|t:|1696262940\n|switch|p1b: Florence|Lurantis, F|100\/100\n|move|p1a: Grumpy Cloud|Tailwind|p1a: Grumpy Cloud\n|-sidestart|p1: Lizza04|move: Tailwind\n|move|p2b: olive this tree|Dazzling Gleam|p1a: Grumpy Cloud|[spread] p1a,p1b\n|-damage|p1a: Grumpy Cloud|78\/100\n|-damage|p1b: Florence|85\/100\n|\n|-item|p2b: olive this tree|Aguav Berry|[from] ability: Harvest\n|upkeep\n|turn|8\n|inactive|battlepass420 has 90 seconds left.\n|inactive|battlepass420 has 60 seconds left.\n|inactive|battlepass420 has 30 seconds left.\n|\n|t:|1696263015\n|switch|p1a: Caio's Friend|Victini|100\/100\n|move|p1b: Florence|Sunny Day|p1b: Florence\n|-weather|SunnyDay\n|move|p2b: olive this tree|Dazzling Gleam|p1a: Caio's Friend|[spread] p1a,p1b\n|-resisted|p1a: Caio's Friend\n|-damage|p1a: Caio's Friend|94\/100\n|-damage|p1b: Florence|69\/100\n|\n|-weather|SunnyDay|[upkeep]\n|upkeep\n|turn|9\n|\n|t:|1696263036\n|move|p1a: Caio's Friend|Skill Swap|p1b: Florence\n|-activate|p1a: Caio's Friend|move: Skill Swap|||[of] p1b: Florence\n|move|p1b: Florence|Superpower|p2b: olive this tree\n|-supereffective|p2b: olive this tree\n|-damage|p2b: olive this tree|32\/100\n|-unboost|p1b: Florence|atk|1\n|-unboost|p1b: Florence|def|1\n|move|p2b: olive this tree|Dazzling Gleam|p1b: Florence|[spread] p1a,p1b\n|-resisted|p1a: Caio's Friend\n|-damage|p1a: Caio's Friend|87\/100\n|-damage|p1b: Florence|53\/100\n|\n|-weather|SunnyDay|[upkeep]\n|upkeep\n|turn|10\n|inactive|battlepass420 has 60 seconds left.\n|inactive|battlepass420 has 30 seconds left.\n|\n|t:|1696263081\n|move|p1a: Caio's Friend|V-create|p2b: olive this tree\n|-supereffective|p2b: olive this tree\n|-damage|p2b: olive this tree|0 fnt\n|-boost|p1a: Caio's Friend|spe|1\n|-boost|p1a: Caio's Friend|def|1\n|-boost|p1a: Caio's Friend|spd|1\n|faint|p2b: olive this tree\n|\n|win|Lizza04\n|raw|Lizza04's rating: 1028 &rarr; <strong>1061<\/strong><br \/>(+33 for winning)\n|raw|battlepass420's rating: 1000 &rarr; <strong>1000<\/strong><br \/>(+0 for losing)\n|l|\u2606battlepass420\n","uploadtime":1696263098,"views":17,"p1id":"lizza04","p2id":"battlepass420","formatid":"gen9nationaldexdoubles","rating":1000,"private":0,"password":""}