{"id":"gen9nationaldexdoubles-1967884428","p1":"eragon11145","p2":"YoBuddyTheBaker","format":"[Gen 9] National Dex Doubles","log":"|j|\u2606eragon11145\n|j|\u2606YoBuddyTheBaker\n|t:|1697352239\n|gametype|doubles\n|player|p1|eragon11145|#dwcopiii|\n|player|p2|YoBuddyTheBaker|baker|\n|teamsize|p1|6\n|teamsize|p2|6\n|gen|9\n|tier|[Gen 9] National Dex Doubles\n|rated|Tournament battle\n|rule|HP Percentage Mod: HP is shown in percentages\n|rule|Endless Battle Clause: Forcing endless battles is banned\n|rule|OHKO Clause: OHKO moves are banned\n|rule|Evasion Moves Clause: Evasion moves are banned\n|rule|Evasion Abilities Clause: Evasion abilities are banned\n|rule|Species Clause: Limit one of each Pok\u00e9mon\n|rule|Gravity Sleep Clause: The combination of sleep-inducing moves with imperfect accuracy and Gravity or Gigantamax Orbeetle are banned\n|clearpoke\n|poke|p1|Chi-Yu|\n|poke|p1|Urshifu-*, M|\n|poke|p1|Indeedee-F, F|\n|poke|p1|Gardevoir, F|\n|poke|p1|Tornadus, M|\n|poke|p1|Zygarde|\n|poke|p2|Smeargle, F|\n|poke|p2|Flutter Mane|\n|poke|p2|Zygarde|\n|poke|p2|Salamence, M|\n|poke|p2|Volcanion|\n|poke|p2|Rillaboom, F|\n|teampreview\n|inactive|Battle timer is ON: inactive players will automatically lose when time's up. (requested by eragon11145)\n|c|\u2606eragon11145|glhf\n|c|\u2606YoBuddyTheBaker|gl\n|c|\u2606YoBuddyTheBaker|you wouldn't be taunt torn on a psy terrain team would you?\n|inactive|YoBuddyTheBaker has 120 seconds left.\n|c|\u2606eragon11145|I am not\n|inactive|eragon11145 has 120 seconds left.\n|c|\u2606eragon11145|!showset 5\n|c| eragon11145|\/raw <div class=\"infobox\">Tornadus (M) @ Covert Cloak  <br \/>Ability: Prankster  <br \/>Tera Type: Steel  <br \/>EVs: 180 HP &#x2f; 72 SpA &#x2f; 4 SpD &#x2f; 252 Spe  <br \/>Timid Nature  <br \/>IVs: 0 Atk  <br \/>- Tailwind  <br \/>- Bleakwind Storm  <br \/>- Icy Wind  <br \/>- Protect  <br \/><br \/><\/div>\n|c|\u2606eragon11145|used this team in ndpl earlier\n|inactive|YoBuddyTheBaker has 90 seconds left.\n|\n|t:|1697352326\n|start\n|switch|p1a: Tornadus|Tornadus, M|100\/100\n|switch|p1b: Zygarde|Zygarde|100\/100\n|switch|p2a: Smeargle|Smeargle, F|100\/100\n|switch|p2b: Salamence|Salamence, M|100\/100\n|-ability|p2b: Salamence|Intimidate|boost\n|-unboost|p1a: Tornadus|atk|1\n|-unboost|p1b: Zygarde|atk|1\n|-ability|p1b: Zygarde|Aura Break\n|turn|1\n|inactive|eragon11145 has 120 seconds left.\n|inactive|YoBuddyTheBaker has 120 seconds left.\n|\n|t:|1697352370\n|detailschange|p2b: Salamence|Salamence-Mega, M\n|-mega|p2b: Salamence|Salamence|Salamencite\n|move|p2a: Smeargle|Spore|p1a: Tornadus\n|-status|p1a: Tornadus|slp|[from] move: Spore\n|move|p2b: Salamence|Tailwind|p2b: Salamence\n|-sidestart|p2: YoBuddyTheBaker|move: Tailwind\n|cant|p1a: Tornadus|slp\n|move|p1b: Zygarde|Coil|p1b: Zygarde\n|-boost|p1b: Zygarde|atk|1\n|-boost|p1b: Zygarde|def|1\n|-boost|p1b: Zygarde|accuracy|1\n|\n|-ability|p2a: Smeargle|Moody|boost\n|-boost|p2a: Smeargle|spa|2\n|-unboost|p2a: Smeargle|def|1\n|upkeep\n|turn|2\n|inactive|eragon11145 has 120 seconds left.\n|inactive|YoBuddyTheBaker has 120 seconds left.\n|\n|t:|1697352415\n|switch|p2a: Zygarde|Zygarde|100\/100\n|-ability|p2a: Zygarde|Aura Break\n|move|p1b: Zygarde|Protect|p1b: Zygarde\n|-singleturn|p1b: Zygarde|Protect\n|move|p2b: Salamence|Return|p1a: Tornadus\n|-damage|p1a: Tornadus|20\/100 slp\n|cant|p1a: Tornadus|slp\n|\n|upkeep\n|turn|3\n|inactive|YoBuddyTheBaker has 90 seconds left.\n|\n|t:|1697352460\n|cant|p1a: Tornadus|slp\n|move|p2b: Salamence|Hyper Voice|p1a: Tornadus|[spread] p1a,p1b\n|-damage|p1a: Tornadus|0 fnt\n|-damage|p1b: Zygarde|70\/100\n|faint|p1a: Tornadus\n|move|p2a: Zygarde|Dragon Dance|p2a: Zygarde\n|-boost|p2a: Zygarde|atk|1\n|-boost|p2a: Zygarde|spe|1\n|move|p1b: Zygarde|Coil|p1b: Zygarde\n|-boost|p1b: Zygarde|atk|1\n|-boost|p1b: Zygarde|def|1\n|-boost|p1b: Zygarde|accuracy|1\n|\n|upkeep\n|\n|t:|1697352468\n|switch|p1a: Indeedee|Indeedee-F, F|100\/100\n|-fieldstart|move: Psychic Terrain|[from] ability: Psychic Surge|[of] p1a: Indeedee\n|-enditem|p1b: Zygarde|Psychic Seed\n|-boost|p1b: Zygarde|spd|1|[from] item: Psychic Seed\n|turn|4\n|\n|t:|1697352484\n|move|p2a: Zygarde|Thousand Arrows|p1b: Zygarde|[spread] p1a,p1b\n|-damage|p1a: Indeedee|57\/100\n|-damage|p1b: Zygarde|56\/100\n|move|p2b: Salamence|Return|p1a: Indeedee\n|-damage|p1a: Indeedee|0 fnt\n|faint|p1a: Indeedee\n|move|p1b: Zygarde|Thousand Arrows|p2a: Zygarde|[spread] p2a,p2b\n|-damage|p2a: Zygarde|70\/100\n|-damage|p2b: Salamence|62\/100\n|-start|p2b: Salamence|Smack Down\n|\n|-sideend|p2: YoBuddyTheBaker|move: Tailwind\n|upkeep\n|\n|t:|1697352494\n|switch|p1a: Gardevoir|Gardevoir, F|100\/100\n|turn|5\n|inactive|YoBuddyTheBaker has 120 seconds left.\n|\n|t:|1697352502\n|detailschange|p1a: Gardevoir|Gardevoir-Mega, F\n|-mega|p1a: Gardevoir|Gardevoir|Gardevoirite\n|move|p1b: Zygarde|Protect|p1b: Zygarde\n|-singleturn|p1b: Zygarde|Protect\n|move|p2a: Zygarde|Thousand Arrows|p1b: Zygarde|[spread] p1a\n|-activate|p1b: Zygarde|move: Protect\n|-damage|p1a: Gardevoir|37\/100\n|move|p2b: Salamence|Return|p1a: Gardevoir\n|-crit|p1a: Gardevoir\n|-damage|p1a: Gardevoir|0 fnt\n|faint|p1a: Gardevoir\n|\n|upkeep\n|\n|t:|1697352508\n|switch|p1a: Urshifu|Urshifu-Rapid-Strike, M|100\/100\n|turn|6\n|inactive|YoBuddyTheBaker has 120 seconds left.\n|\n|t:|1697352541\n|move|p2a: Zygarde|Thousand Arrows|p1b: Zygarde|[spread] p1a,p1b\n|-damage|p1a: Urshifu|57\/100\n|-damage|p1b: Zygarde|41\/100\n|move|p2b: Salamence|Tailwind|p2b: Salamence\n|-sidestart|p2: YoBuddyTheBaker|move: Tailwind\n|move|p1a: Urshifu|Surging Strikes|p2a: Zygarde\n|-crit|p2a: Zygarde\n|-damage|p2a: Zygarde|51\/100\n|-crit|p2a: Zygarde\n|-damage|p2a: Zygarde|31\/100\n|-crit|p2a: Zygarde\n|-damage|p2a: Zygarde|9\/100\n|-hitcount|p2a: Zygarde|3\n|move|p1b: Zygarde|Glare|p2a: Zygarde\n|-status|p2a: Zygarde|par\n|\n|upkeep\n|turn|7\n|\n|t:|1697352562\n|move|p2b: Salamence|Hyper Voice|p1b: Zygarde|[spread] p1a,p1b\n|-supereffective|p1a: Urshifu\n|-damage|p1a: Urshifu|0 fnt\n|-damage|p1b: Zygarde|23\/100\n|faint|p1a: Urshifu\n|move|p2a: Zygarde|Thousand Arrows|p1b: Zygarde\n|-damage|p1b: Zygarde|2\/100\n|move|p1b: Zygarde|Thousand Arrows|p2a: Zygarde|[spread] p2a,p2b\n|-damage|p2a: Zygarde|0 fnt\n|-damage|p2b: Salamence|19\/100\n|faint|p2a: Zygarde\n|\n|upkeep\n|\n|t:|1697352579\n|switch|p1a: Chi-Yu|Chi-Yu|100\/100\n|switch|p2a: Flutter Mane|Flutter Mane|100\/100\n|-ability|p1a: Chi-Yu|Beads of Ruin\n|turn|8\n|\n|t:|1697352586\n|move|p1b: Zygarde|Protect|p1b: Zygarde\n|-singleturn|p1b: Zygarde|Protect\n|move|p2a: Flutter Mane|Dazzling Gleam|p1b: Zygarde|[spread] p1a\n|-activate|p1b: Zygarde|move: Protect\n|-damage|p1a: Chi-Yu|70\/100\n|move|p2b: Salamence|Return|p1a: Chi-Yu\n|-damage|p1a: Chi-Yu|0 fnt\n|faint|p1a: Chi-Yu\n|\n|-fieldend|move: Psychic Terrain\n|upkeep\n|turn|9\n|c|\u2606eragon11145|gg\n|-message|eragon11145 forfeited.\n|\n|win|YoBuddyTheBaker\n|n|\u2606eragon11145|eragon11145\n|n|\u2606YoBuddyTheBaker|yobuddythebaker\n","uploadtime":1697352599,"views":16,"p1id":"eragon11145","p2id":"yobuddythebaker","formatid":"gen9nationaldexdoubles","rating":0,"private":0,"password":""}