{"id":"gen9nationaldexdoubles-1962758454","p1":"Codiai","p2":"El Ryuk456","format":"[Gen 9] National Dex Doubles","log":"|j|\u2606Codiai\n|j|\u2606El Ryuk456\n|t:|1696789483\n|gametype|doubles\n|player|p1|Codiai|lucas|1259\n|player|p2|El Ryuk456|ingo|1411\n|teamsize|p1|6\n|teamsize|p2|6\n|gen|9\n|tier|[Gen 9] National Dex Doubles\n|rated|\n|rule|HP Percentage Mod: HP is shown in percentages\n|rule|Endless Battle Clause: Forcing endless battles is banned\n|rule|OHKO Clause: OHKO moves are banned\n|rule|Evasion Moves Clause: Evasion moves are banned\n|rule|Evasion Abilities Clause: Evasion abilities are banned\n|rule|Species Clause: Limit one of each Pok\u00e9mon\n|rule|Gravity Sleep Clause: The combination of sleep-inducing moves with imperfect accuracy and Gravity or Gigantamax Orbeetle are banned\n|clearpoke\n|poke|p1|Blaziken, F|\n|poke|p1|Talonflame, M|\n|poke|p1|Sylveon, F|\n|poke|p1|Umbreon, F|\n|poke|p1|Mimikyu, M|\n|poke|p1|Salamence, M|\n|poke|p2|Sableye, M|\n|poke|p2|Crobat, M|\n|poke|p2|Corviknight, M|\n|poke|p2|Sirfetch\u2019d, M|\n|poke|p2|Kingambit, M|\n|poke|p2|Hydreigon, M|\n|teampreview\n|inactive|Battle timer is ON: inactive players will automatically lose when time's up. (requested by El Ryuk456)\n|\n|t:|1696789518\n|start\n|switch|p1a: Talonflame|Talonflame, M, shiny|100\/100\n|switch|p1b: Sylveon|Sylveon, F|100\/100\n|switch|p2a: Alucard|Crobat, M|100\/100\n|switch|p2b: Kermit|Hydreigon, M|100\/100\n|turn|1\n|\n|t:|1696789532\n|-terastallize|p2b: Kermit|Steel\n|move|p1a: Talonflame|Tailwind|p1a: Talonflame\n|-sidestart|p1: Codiai|move: Tailwind\n|move|p1b: Sylveon|Hyper Voice|p2b: Kermit|[spread] p2a,p2b\n|-resisted|p2a: Alucard\n|-resisted|p2b: Kermit\n|-damage|p2a: Alucard|77\/100\n|-damage|p2b: Kermit|88\/100\n|-enditem|p1b: Sylveon|Throat Spray\n|-boost|p1b: Sylveon|spa|1|[from] item: Throat Spray\n|move|p2a: Alucard|Tailwind|p2a: Alucard\n|-sidestart|p2: El Ryuk456|move: Tailwind\n|move|p2b: Kermit|Snarl|p1a: Talonflame|[spread] p1a,p1b\n|-resisted|p1b: Sylveon\n|-damage|p1a: Talonflame|70\/100\n|-damage|p1b: Sylveon|94\/100\n|-unboost|p1a: Talonflame|spa|1\n|-unboost|p1b: Sylveon|spa|1\n|\n|upkeep\n|turn|2\n|\n|t:|1696789555\n|move|p2a: Alucard|Brave Bird|p1a: Talonflame\n|-damage|p1a: Talonflame|13\/100\n|-damage|p2a: Alucard|62\/100|[from] Recoil\n|move|p1a: Talonflame|Heat Wave|p2b: Kermit|[spread] p2a,p2b\n|-supereffective|p2b: Kermit\n|-damage|p2a: Alucard|42\/100\n|-damage|p2b: Kermit|65\/100\n|move|p2b: Kermit|Snarl|p1a: Talonflame|[spread] p1b\n|-miss|p2b: Kermit|p1a: Talonflame\n|-resisted|p1b: Sylveon\n|-damage|p1b: Sylveon|86\/100\n|-unboost|p1b: Sylveon|spa|1\n|move|p1b: Sylveon|Hyper Voice|p2b: Kermit|[spread] p2a,p2b\n|-resisted|p2a: Alucard\n|-crit|p2a: Alucard\n|-resisted|p2b: Kermit\n|-damage|p2a: Alucard|8\/100\n|-damage|p2b: Kermit|57\/100\n|\n|upkeep\n|turn|3\n|inactive|Codiai has 120 seconds left.\n|\n|t:|1696789600\n|switch|p1a: Salamence|Salamence, M|100\/100\n|-ability|p1a: Salamence|Intimidate|boost\n|-fail|p2a: Alucard|unboost|Attack|[from] ability: Inner Focus|[of] p2a: Alucard\n|-unboost|p2b: Kermit|atk|1\n|move|p1b: Sylveon|Quick Attack|p2a: Alucard\n|-resisted|p2a: Alucard\n|-damage|p2a: Alucard|3\/100\n|move|p2a: Alucard|Brave Bird|p1b: Sylveon\n|-damage|p1b: Sylveon|27\/100\n|-damage|p2a: Alucard|0 fnt|[from] Recoil\n|faint|p2a: Alucard\n|move|p2b: Kermit|Snarl|p1a: Salamence|[spread] p1a,p1b\n|-resisted|p1b: Sylveon\n|-damage|p1a: Salamence|77\/100\n|-damage|p1b: Sylveon|20\/100\n|-unboost|p1a: Salamence|spa|1\n|-unboost|p1b: Sylveon|spa|1\n|\n|upkeep\n|\n|t:|1696789611\n|switch|p2a: Yami|Sableye, M|100\/100\n|turn|4\n|inactive|Codiai has 120 seconds left.\n|inactive|Codiai has 90 seconds left.\n|\n|t:|1696789686\n|-terastallize|p1a: Salamence|Electric\n|move|p2a: Yami|Will-O-Wisp|p1a: Salamence\n|-status|p1a: Salamence|brn\n|move|p1a: Salamence|Tera Blast|p2b: Kermit|[anim] Tera Blast Electric\n|-crit|p2b: Kermit\n|-damage|p2b: Kermit|10\/100\n|-damage|p1a: Salamence|67\/100 brn|[from] item: Life Orb\n|move|p2b: Kermit|Flash Cannon|p1b: Sylveon\n|-supereffective|p1b: Sylveon\n|-damage|p1b: Sylveon|0 fnt\n|faint|p1b: Sylveon\n|\n|-damage|p1a: Salamence|61\/100 brn|[from] brn\n|-sideend|p2: El Ryuk456|move: Tailwind\n|-sideend|p1: Codiai|move: Tailwind\n|upkeep\n|inactive|Codiai has 60 seconds left.\n|\n|t:|1696789704\n|switch|p1b: Talonflame|Talonflame, M, shiny|13\/100\n|turn|5\n|\n|t:|1696789719\n|move|p2a: Yami|Reflect|p2a: Yami\n|-sidestart|p2: El Ryuk456|Reflect\n|move|p1b: Talonflame|Tailwind|p1b: Talonflame\n|-sidestart|p1: Codiai|move: Tailwind\n|move|p1a: Salamence|Tera Blast|p2b: Kermit|[anim] Tera Blast Electric\n|-damage|p2b: Kermit|0 fnt\n|faint|p2b: Kermit\n|-damage|p1a: Salamence|51\/100 brn|[from] item: Life Orb\n|\n|-damage|p1a: Salamence|45\/100 brn|[from] brn\n|upkeep\n|\n|t:|1696789731\n|switch|p2b: Kingambit|Kingambit, M|100\/100\n|turn|6\n|inactive|Codiai has 90 seconds left.\n|\n|t:|1696789773\n|move|p2b: Kingambit|Sucker Punch|p1b: Talonflame\n|-damage|p1b: Talonflame|0 fnt\n|faint|p1b: Talonflame\n|move|p1a: Salamence|Tera Blast|p2b: Kingambit|[anim] Tera Blast Electric\n|-damage|p2b: Kingambit|85\/100\n|-damage|p1a: Salamence|35\/100 brn|[from] item: Life Orb\n|move|p2a: Yami|Foul Play|p1a: Salamence\n|-damage|p1a: Salamence|0 fnt\n|faint|p1a: Salamence\n|\n|upkeep\n|inactive|Codiai has 60 seconds left.\n|\n|t:|1696789806\n|switch|p1b: Mimikyu|Mimikyu, M, shiny|100\/100\n|switch|p1a: Blaziken|Blaziken, F|100\/100\n|turn|7\n|inactive|Codiai has 60 seconds left.\n|\n|t:|1696789826\n|detailschange|p1a: Blaziken|Blaziken-Mega, F\n|-mega|p1a: Blaziken|Blaziken|Blazikenite\n|move|p2a: Yami|Will-O-Wisp|p1b: Mimikyu\n|-status|p1b: Mimikyu|brn\n|move|p1b: Mimikyu|Play Rough|p2a: Yami\n|-supereffective|p2a: Yami\n|-damage|p2a: Yami|62\/100\n|-damage|p1b: Mimikyu|91\/100 brn|[from] item: Life Orb\n|move|p1a: Blaziken|High Jump Kick|p2b: Kingambit\n|-supereffective|p2b: Kingambit\n|-crit|p2b: Kingambit\n|-enditem|p2b: Kingambit|Chople Berry|[eat]\n|-enditem|p2b: Kingambit|Chople Berry|[weaken]\n|-damage|p2b: Kingambit|0 fnt\n|faint|p2b: Kingambit\n|\n|-damage|p1b: Mimikyu|85\/100 brn|[from] brn\n|-ability|p1a: Blaziken|Speed Boost|boost\n|-boost|p1a: Blaziken|spe|1\n|upkeep\n|inactive|El Ryuk456 has 120 seconds left.\n|\n|t:|1696789843\n|switch|p2b: Silva|Corviknight, M, shiny|100\/100\n|turn|8\n|\n|t:|1696789866\n|move|p1a: Blaziken|Flare Blitz|p2b: Silva\n|-supereffective|p2b: Silva\n|-damage|p2b: Silva|17\/100\n|-enditem|p2b: Silva|Sitrus Berry|[eat]\n|-heal|p2b: Silva|42\/100|[from] item: Sitrus Berry\n|-damage|p1a: Blaziken|64\/100|[from] Recoil\n|move|p1b: Mimikyu|Play Rough|p2a: Yami\n|-supereffective|p2a: Yami\n|-damage|p2a: Yami|20\/100\n|-unboost|p2a: Yami|atk|1\n|-damage|p1b: Mimikyu|75\/100 brn|[from] item: Life Orb\n|move|p2b: Silva|Brave Bird|p1a: Blaziken\n|-supereffective|p1a: Blaziken\n|-damage|p1a: Blaziken|0 fnt\n|faint|p1a: Blaziken\n|-damage|p2b: Silva|27\/100|[from] Recoil\n|move|p2a: Yami|Foul Play|p1b: Mimikyu\n|-activate|p1b: Mimikyu|ability: Disguise\n|-damage|p1b: Mimikyu|75\/100 brn\n|detailschange|p1b: Mimikyu|Mimikyu-Busted, M, shiny\n|-damage|p1b: Mimikyu|62\/100 brn|[from] pokemon: Mimikyu-Busted\n|\n|-damage|p1b: Mimikyu|56\/100 brn|[from] brn\n|-sideend|p1: Codiai|move: Tailwind\n|upkeep\n|inactive|Codiai has 60 seconds left.\n|\n|t:|1696789889\n|switch|p1a: Umbreon|Umbreon, F, shiny|100\/100\n|turn|9\n|inactive|Codiai has 60 seconds left.\n|\n|t:|1696789913\n|move|p2a: Yami|Will-O-Wisp|p1a: Umbreon\n|-hint|Since gen 7, Dark is immune to Prankster moves.\n|-immune|p1a: Umbreon\n|move|p1b: Mimikyu|Shadow Claw|p2b: Silva\n|-damage|p2b: Silva|17\/100\n|-damage|p1b: Mimikyu|47\/100 brn|[from] item: Life Orb\n|move|p2b: Silva|Roost|p2b: Silva\n|-heal|p2b: Silva|67\/100\n|-singleturn|p2b: Silva|move: Roost\n|move|p1a: Umbreon|Yawn|p2b: Silva\n|-start|p2b: Silva|move: Yawn|[of] p1a: Umbreon\n|\n|-damage|p1b: Mimikyu|41\/100 brn|[from] brn\n|upkeep\n|turn|10\n|inactive|Codiai has 60 seconds left.\n|\n|t:|1696789938\n|move|p1b: Mimikyu|Protect|p1b: Mimikyu\n|-singleturn|p1b: Mimikyu|Protect\n|move|p2b: Silva|Bulk Up|p2b: Silva\n|-boost|p2b: Silva|atk|1\n|-boost|p2b: Silva|def|1\n|move|p1a: Umbreon|Yawn|p2a: Yami\n|-start|p2a: Yami|move: Yawn|[of] p1a: Umbreon\n|move|p2a: Yami|Foul Play|p1b: Mimikyu\n|-activate|p1b: Mimikyu|move: Protect\n|\n|-damage|p1b: Mimikyu|35\/100 brn|[from] brn\n|-end|p2b: Silva|move: Yawn|[silent]\n|-status|p2b: Silva|slp\n|upkeep\n|turn|11\n|inactive|Codiai has 60 seconds left.\n|\n|t:|1696789971\n|move|p2a: Yami|Reflect||[still]\n|-fail|p2a: Yami\n|move|p1b: Mimikyu|Shadow Claw|p2a: Yami\n|-damage|p2a: Yami|5\/100\n|-damage|p1b: Mimikyu|25\/100 brn|[from] item: Life Orb\n|cant|p2b: Silva|slp\n|move|p1a: Umbreon|Foul Play|p2b: Silva\n|-damage|p2b: Silva|55\/100 slp\n|\n|-damage|p1b: Mimikyu|19\/100 brn|[from] brn\n|-end|p2a: Yami|move: Yawn|[silent]\n|-status|p2a: Yami|slp\n|upkeep\n|turn|12\n|\n|t:|1696789981\n|cant|p2a: Yami|slp\n|move|p1b: Mimikyu|Shadow Claw|p2a: Yami\n|-damage|p2a: Yami|0 fnt\n|faint|p2a: Yami\n|-damage|p1b: Mimikyu|9\/100 brn|[from] item: Life Orb\n|cant|p2b: Silva|slp\n|move|p1a: Umbreon|Foul Play|p2b: Silva\n|-damage|p2b: Silva|43\/100 slp\n|\n|-damage|p1b: Mimikyu|3\/100 brn|[from] brn\n|-sideend|p2: El Ryuk456|Reflect\n|upkeep\n|\n|t:|1696789985\n|switch|p2a: Sirfetch\u2019d|Sirfetch\u2019d, M|100\/100\n|turn|13\n|inactive|Codiai has 90 seconds left.\n|\n|t:|1696790008\n|move|p2a: Sirfetch\u2019d|Detect|p2a: Sirfetch\u2019d\n|-singleturn|p2a: Sirfetch\u2019d|Protect\n|move|p1b: Mimikyu|Shadow Claw|p2b: Silva\n|-damage|p2b: Silva|34\/100 slp\n|-damage|p1b: Mimikyu|0 fnt|[from] item: Life Orb\n|faint|p1b: Mimikyu\n|-curestatus|p2b: Silva|slp|[msg]\n|move|p2b: Silva|Roost|p2b: Silva\n|-heal|p2b: Silva|84\/100\n|-singleturn|p2b: Silva|move: Roost\n|move|p1a: Umbreon|Yawn|p2a: Sirfetch\u2019d\n|-activate|p2a: Sirfetch\u2019d|move: Protect\n|\n|upkeep\n|turn|14\n|\n|t:|1696790020\n|move|p2a: Sirfetch\u2019d|Close Combat|p1a: Umbreon\n|-supereffective|p1a: Umbreon\n|-crit|p1a: Umbreon\n|-damage|p1a: Umbreon|0 fnt\n|-unboost|p2a: Sirfetch\u2019d|def|1\n|-unboost|p2a: Sirfetch\u2019d|spd|1\n|-damage|p2a: Sirfetch\u2019d|84\/100|[from] item: Rocky Helmet|[of] p1a: Umbreon\n|faint|p1a: Umbreon\n|\n|win|El Ryuk456\n|raw|Codiai's rating: 1259 &rarr; <strong>1244<\/strong><br \/>(-15 for losing)\n|raw|El Ryuk456's rating: 1411 &rarr; <strong>1423<\/strong><br \/>(+12 for winning)\n","uploadtime":1696790027,"views":13,"p1id":"codiai","p2id":"elryuk456","formatid":"gen9nationaldexdoubles","rating":1244,"private":0,"password":""}