{"id":"gen9nationaldexdoubles-1960768930","p1":"SquidSpring","p2":"MirzaMirza","format":"[Gen 9] National Dex Doubles","log":"|j|\u2606SquidSpring\n|j|\u2606MirzaMirza\n|t:|1696554555\n|gametype|doubles\n|player|p1|SquidSpring|iono|1415\n|player|p2|MirzaMirza|265|1499\n|teamsize|p1|6\n|teamsize|p2|6\n|gen|9\n|tier|[Gen 9] National Dex Doubles\n|rated|\n|rule|HP Percentage Mod: HP is shown in percentages\n|rule|Endless Battle Clause: Forcing endless battles is banned\n|rule|OHKO Clause: OHKO moves are banned\n|rule|Evasion Moves Clause: Evasion moves are banned\n|rule|Evasion Abilities Clause: Evasion abilities are banned\n|rule|Species Clause: Limit one of each Pok\u00e9mon\n|rule|Gravity Sleep Clause: The combination of sleep-inducing moves with imperfect accuracy and Gravity or Gigantamax Orbeetle are banned\n|clearpoke\n|poke|p1|Rillaboom, F|\n|poke|p1|Tornadus, M|\n|poke|p1|Naganadel|\n|poke|p1|Marshadow|\n|poke|p1|Ogerpon-Hearthflame, F|\n|poke|p1|Kingambit, M|\n|poke|p2|Volcarona, M|\n|poke|p2|Smeargle, F|\n|poke|p2|Tapu Lele|\n|poke|p2|Tapu Fini|\n|poke|p2|Suicune|\n|poke|p2|Chien-Pao|\n|teampreview\n|inactive|Battle timer is ON: inactive players will automatically lose when time's up. (requested by MirzaMirza)\n|inactive|SquidSpring also wants the timer to be on.\n|c|\u2606SquidSpring|glhf\n|\n|t:|1696554568\n|start\n|switch|p1a: CANT SEE|Tornadus, M|100\/100\n|switch|p1b: STARSCREAM|Naganadel, shiny|100\/100\n|switch|p2a: Miami Terror|Volcarona, M|100\/100\n|switch|p2b: Bobby Lee|Smeargle, F|100\/100\n|turn|1\n|c|\u2606MirzaMirza|u2\n|\n|t:|1696554580\n|move|p2b: Bobby Lee|Follow Me|p2b: Bobby Lee\n|-singleturn|p2b: Bobby Lee|move: Follow Me\n|move|p1a: CANT SEE|Tailwind|p1a: CANT SEE\n|-sidestart|p1: SquidSpring|move: Tailwind\n|move|p1b: STARSCREAM|Sludge Bomb|p2b: Bobby Lee\n|-enditem|p2b: Bobby Lee|Focus Sash\n|-damage|p2b: Bobby Lee|1\/100\n|-damage|p1b: STARSCREAM|91\/100|[from] item: Life Orb\n|move|p2a: Miami Terror|Quiver Dance|p2a: Miami Terror\n|-boost|p2a: Miami Terror|spa|1\n|-boost|p2a: Miami Terror|spd|1\n|-boost|p2a: Miami Terror|spe|1\n|\n|-ability|p2b: Bobby Lee|Moody|boost\n|-boost|p2b: Bobby Lee|def|2\n|-unboost|p2b: Bobby Lee|spe|1\n|upkeep\n|turn|2\n|\n|t:|1696554594\n|move|p2b: Bobby Lee|Wide Guard|p2b: Bobby Lee\n|-singleturn|p2b: Bobby Lee|Wide Guard\n|move|p1b: STARSCREAM|Heat Wave|p2b: Bobby Lee|[spread] \n|-activate|p2a: Miami Terror|move: Wide Guard\n|-activate|p2b: Bobby Lee|move: Wide Guard\n|move|p1a: CANT SEE|Bleakwind Storm|p2b: Bobby Lee|[spread] \n|-activate|p2a: Miami Terror|move: Wide Guard\n|-activate|p2b: Bobby Lee|move: Wide Guard\n|move|p2a: Miami Terror|Quiver Dance|p2a: Miami Terror\n|-boost|p2a: Miami Terror|spa|1\n|-boost|p2a: Miami Terror|spd|1\n|-boost|p2a: Miami Terror|spe|1\n|\n|-ability|p2b: Bobby Lee|Moody|boost\n|-boost|p2b: Bobby Lee|spe|2\n|-unboost|p2b: Bobby Lee|spa|1\n|upkeep\n|turn|3\n|\n|t:|1696554616\n|move|p2b: Bobby Lee|Wide Guard|p2b: Bobby Lee\n|-singleturn|p2b: Bobby Lee|Wide Guard\n|move|p1a: CANT SEE|Taunt|p2b: Bobby Lee\n|-start|p2b: Bobby Lee|move: Taunt\n|move|p1b: STARSCREAM|Sludge Bomb|p2a: Miami Terror\n|-damage|p2a: Miami Terror|75\/100\n|-damage|p1b: STARSCREAM|81\/100|[from] item: Life Orb\n|move|p2a: Miami Terror|Heat Wave|p1a: CANT SEE|[spread] p1a,p1b\n|-resisted|p1b: STARSCREAM\n|-damage|p1a: CANT SEE|14\/100\n|-damage|p1b: STARSCREAM|35\/100\n|-status|p1b: STARSCREAM|brn\n|\n|-heal|p2a: Miami Terror|81\/100|[from] item: Leftovers\n|-damage|p1b: STARSCREAM|29\/100 brn|[from] brn\n|-ability|p2b: Bobby Lee|Moody|boost\n|-boost|p2b: Bobby Lee|spe|2\n|-unboost|p2b: Bobby Lee|def|1\n|upkeep\n|turn|4\n|\n|t:|1696554635\n|move|p2a: Miami Terror|Protect|p2a: Miami Terror\n|-singleturn|p2a: Miami Terror|Protect\n|move|p1b: STARSCREAM|Heat Wave|p2a: Miami Terror|[spread] p2b\n|-activate|p2a: Miami Terror|move: Protect\n|-damage|p2b: Bobby Lee|0 fnt\n|faint|p2b: Bobby Lee\n|-ability|p1b: STARSCREAM|Beast Boost|boost\n|-boost|p1b: STARSCREAM|spe|1\n|-damage|p1b: STARSCREAM|19\/100 brn|[from] item: Life Orb\n|move|p1a: CANT SEE|Bleakwind Storm|p2a: Miami Terror\n|-activate|p2a: Miami Terror|move: Protect\n|\n|-heal|p2a: Miami Terror|87\/100|[from] item: Leftovers\n|-damage|p1b: STARSCREAM|13\/100 brn|[from] brn\n|-sideend|p1: SquidSpring|move: Tailwind\n|upkeep\n|\n|t:|1696554653\n|switch|p2b: Phoebe|Tapu Lele|100\/100\n|-fieldstart|move: Psychic Terrain|[from] ability: Psychic Surge|[of] p2b: Phoebe\n|turn|5\n|\n|t:|1696554664\n|-terastallize|p2b: Phoebe|Steel\n|move|p1a: CANT SEE|Tailwind|p1a: CANT SEE\n|-sidestart|p1: SquidSpring|move: Tailwind\n|move|p1b: STARSCREAM|Sludge Bomb|p2b: Phoebe\n|-immune|p2b: Phoebe\n|move|p2a: Miami Terror|Quiver Dance|p2a: Miami Terror\n|-boost|p2a: Miami Terror|spa|1\n|-boost|p2a: Miami Terror|spd|1\n|-boost|p2a: Miami Terror|spe|1\n|move|p2b: Phoebe|Psych Up|p2a: Miami Terror\n|-copyboost|p2b: Phoebe|p2a: Miami Terror|[from] move: Psych Up\n|\n|-heal|p2a: Miami Terror|93\/100|[from] item: Leftovers\n|-damage|p1b: STARSCREAM|7\/100 brn|[from] brn\n|upkeep\n|turn|6\n|\n|t:|1696554680\n|move|p1b: STARSCREAM|Heat Wave|p2a: Miami Terror|[spread] p2a,p2b\n|-supereffective|p2b: Phoebe\n|-damage|p2a: Miami Terror|83\/100\n|-damage|p2b: Phoebe|79\/100\n|-damage|p1b: STARSCREAM|0 fnt|[from] item: Life Orb\n|faint|p1b: STARSCREAM\n|move|p1a: CANT SEE|Bleakwind Storm|p2b: Phoebe|[spread] p2a,p2b\n|-supereffective|p2a: Miami Terror\n|-resisted|p2b: Phoebe\n|-damage|p2a: Miami Terror|54\/100\n|-damage|p2b: Phoebe|72\/100\n|-unboost|p2b: Phoebe|spe|1\n|move|p2a: Miami Terror|Quiver Dance|p2a: Miami Terror\n|-boost|p2a: Miami Terror|spa|1\n|-boost|p2a: Miami Terror|spd|1\n|-boost|p2a: Miami Terror|spe|1\n|move|p2b: Phoebe|Psych Up|p2a: Miami Terror\n|-copyboost|p2b: Phoebe|p2a: Miami Terror|[from] move: Psych Up\n|\n|-heal|p2a: Miami Terror|60\/100|[from] item: Leftovers\n|upkeep\n|\n|t:|1696554690\n|switch|p1b: THE SMOKE|Marshadow|100\/100\n|turn|7\n|\n|t:|1696554717\n|move|p2b: Phoebe|Protect|p2b: Phoebe\n|-singleturn|p2b: Phoebe|Protect\n|move|p1b: THE SMOKE|Spectral Thief|p2b: Phoebe\n|-activate|p2b: Phoebe|move: Protect\n|move|p2a: Miami Terror|Heat Wave|p1a: CANT SEE|[spread] p1a,p1b\n|-damage|p1a: CANT SEE|0 fnt\n|-damage|p1b: THE SMOKE|0 fnt\n|faint|p1a: CANT SEE\n|faint|p1b: THE SMOKE\n|\n|-heal|p2a: Miami Terror|66\/100|[from] item: Leftovers\n|upkeep\n|\n|t:|1696554722\n|switch|p1b: SQUIDWARDS HOUSE|Ogerpon-Hearthflame, F|100\/100\n|switch|p1a: BA DUM TISS|Rillaboom, F|100\/100\n|-ability|p1b: SQUIDWARDS HOUSE|Mold Breaker\n|-fieldstart|move: Grassy Terrain|[from] ability: Grassy Surge|[of] p1a: BA DUM TISS\n|turn|8\n|\n|t:|1696554752\n|-terastallize|p1b: SQUIDWARDS HOUSE|Fire\n|detailschange|p1b: SQUIDWARDS HOUSE|Ogerpon-Hearthflame-Tera, F, tera:Fire\n|-ability|p1b: SQUIDWARDS HOUSE|Embody Aspect (Hearthflame)|boost\n|-boost|p1b: SQUIDWARDS HOUSE|atk|1\n|move|p2a: Miami Terror|Protect|p2a: Miami Terror\n|-singleturn|p2a: Miami Terror|Protect\n|move|p1a: BA DUM TISS|Fake Out|p2a: Miami Terror\n|-activate|p2a: Miami Terror|move: Protect\n|move|p1b: SQUIDWARDS HOUSE|Ivy Cudgel|p2a: Miami Terror\n|-activate|p2a: Miami Terror|move: Protect\n|move|p2b: Phoebe|Psychic|p1b: SQUIDWARDS HOUSE\n|-damage|p1b: SQUIDWARDS HOUSE|0 fnt\n|faint|p1b: SQUIDWARDS HOUSE\n|\n|-heal|p2a: Miami Terror|72\/100|[from] Grassy Terrain\n|-heal|p2a: Miami Terror|78\/100|[from] item: Leftovers\n|-heal|p2b: Phoebe|78\/100|[from] Grassy Terrain\n|-sideend|p1: SquidSpring|move: Tailwind\n|upkeep\n|\n|t:|1696554760\n|switch|p1b: PAPA SMURF|Kingambit, M, shiny|100\/100\n|turn|9\n|\n|t:|1696554777\n|move|p1a: BA DUM TISS|Grassy Glide|p2b: Phoebe\n|-resisted|p2b: Phoebe\n|-damage|p2b: Phoebe|62\/100\n|move|p1b: PAPA SMURF|Sucker Punch||[still]\n|-fail|p1b: PAPA SMURF\n|move|p2a: Miami Terror|Quiver Dance|p2a: Miami Terror\n|-boost|p2a: Miami Terror|spa|1\n|-boost|p2a: Miami Terror|spd|1\n|-boost|p2a: Miami Terror|spe|1\n|move|p2b: Phoebe|Dazzling Gleam|p1a: BA DUM TISS|[spread] p1a,p1b\n|-damage|p1a: BA DUM TISS|38\/100\n|-damage|p1b: PAPA SMURF|51\/100\n|\n|-heal|p2a: Miami Terror|84\/100|[from] Grassy Terrain\n|-heal|p2a: Miami Terror|91\/100|[from] item: Leftovers\n|-heal|p2b: Phoebe|68\/100|[from] Grassy Terrain\n|-heal|p1a: BA DUM TISS|44\/100|[from] Grassy Terrain\n|-heal|p1b: PAPA SMURF|57\/100|[from] Grassy Terrain\n|upkeep\n|turn|10\n|\n|t:|1696554795\n|move|p2b: Phoebe|Protect|p2b: Phoebe\n|-singleturn|p2b: Phoebe|Protect\n|move|p1a: BA DUM TISS|Grassy Glide|p2b: Phoebe\n|-activate|p2b: Phoebe|move: Protect\n|move|p2a: Miami Terror|Heat Wave|p1b: PAPA SMURF|[spread] p1a,p1b\n|-supereffective|p1a: BA DUM TISS\n|-supereffective|p1b: PAPA SMURF\n|-damage|p1a: BA DUM TISS|0 fnt\n|-damage|p1b: PAPA SMURF|0 fnt\n|faint|p1a: BA DUM TISS\n|faint|p1b: PAPA SMURF\n|\n|win|MirzaMirza\n|raw|SquidSpring's rating: 1415 &rarr; <strong>1400<\/strong><br \/>(-15 for losing)\n|raw|MirzaMirza's rating: 1499 &rarr; <strong>1514<\/strong><br \/>(+15 for winning)\n|c|\u2606SquidSpring|gg\n|l|\u2606SquidSpring\n|c|\u2606MirzaMirza|gg\n","uploadtime":1696554810,"views":9,"p1id":"squidspring","p2id":"mirzamirza","formatid":"gen9nationaldexdoubles","rating":1400,"private":0,"password":""}