{"id":"gen9nationaldexdoubles-1993786000","p1":"ocnarf30","p2":"jffmm7","format":"[Gen 9] National Dex Doubles","log":"|j|\u2606ocnarf30\n|j|\u2606jffmm7\n|t:|1700357061\n|gametype|doubles\n|player|p1|ocnarf30|265|\n|player|p2|jffmm7|169|\n|teamsize|p1|6\n|teamsize|p2|6\n|gen|9\n|tier|[Gen 9] National Dex Doubles\n|rule|HP Percentage Mod: HP is shown in percentages\n|rule|Endless Battle Clause: Forcing endless battles is banned\n|rule|OHKO Clause: OHKO moves are banned\n|rule|Evasion Moves Clause: Evasion moves are banned\n|rule|Evasion Abilities Clause: Evasion abilities are banned\n|rule|Species Clause: Limit one of each Pok\u00e9mon\n|rule|Gravity Sleep Clause: The combination of sleep-inducing moves with imperfect accuracy and Gravity or Gigantamax Orbeetle are banned\n|clearpoke\n|poke|p1|Bulbasaur, M|\n|poke|p1|Chikorita, F|\n|poke|p1|Litten, F|\n|poke|p1|Pichu, F|\n|poke|p1|Squirtle, F|\n|poke|p1|Fennekin, M|\n|poke|p2|Squirtle, F|\n|poke|p2|Chikorita, F|\n|poke|p2|Litten, F|\n|poke|p2|Scorbunny, F|\n|poke|p2|Larvitar, F|\n|poke|p2|Pichu, M|\n|teampreview\n|\n|t:|1700357097\n|start\n|switch|p1a: Pichu|Pichu, F|100\/100\n|switch|p1b: Bulbasaur|Bulbasaur, M|100\/100\n|switch|p2a: Squirtle|Squirtle, F|100\/100\n|switch|p2b: Chikorita|Chikorita, F|100\/100\n|turn|1\n|\n|t:|1700357121\n|move|p1a: Pichu|Fake Out|p2a: Squirtle\n|-crit|p2a: Squirtle\n|-damage|p2a: Squirtle|88\/100\n|move|p1b: Bulbasaur|Sludge Bomb|p2b: Chikorita\n|-supereffective|p2b: Chikorita\n|-damage|p2b: Chikorita|49\/100\n|cant|p2a: Squirtle|flinch\n|move|p2b: Chikorita|Seed Bomb|p1a: Pichu\n|-enditem|p1a: Pichu|Focus Sash\n|-damage|p1a: Pichu|1\/100\n|\n|upkeep\n|turn|2\n|\n|t:|1700357154\n|switch|p2b: Larvitar|Larvitar, F|100\/100\n|move|p1a: Pichu|Protect|p1a: Pichu\n|-singleturn|p1a: Pichu|Protect\n|move|p1b: Bulbasaur|Sludge Bomb|p2b: Larvitar\n|-resisted|p2b: Larvitar\n|-damage|p2b: Larvitar|90\/100\n|-status|p2b: Larvitar|psn\n|move|p2a: Squirtle|Icy Wind|p1b: Bulbasaur|[spread] \n|-activate|p1a: Pichu|move: Protect\n|-miss|p2a: Squirtle|p1b: Bulbasaur\n|\n|-damage|p2b: Larvitar|77\/100 psn|[from] psn\n|upkeep\n|turn|3\n|\n|t:|1700357223\n|switch|p1a: Chikorita|Chikorita, F|100\/100\n|move|p1b: Bulbasaur|Giga Drain|p2b: Larvitar\n|-supereffective|p2b: Larvitar\n|-damage|p2b: Larvitar|0 fnt\n|faint|p2b: Larvitar\n|move|p2a: Squirtle|Ice Beam|p1b: Bulbasaur\n|-supereffective|p1b: Bulbasaur\n|-damage|p1b: Bulbasaur|61\/100\n|\n|upkeep\n|\n|t:|1700357260\n|switch|p2b: Chikorita|Chikorita, F|49\/100\n|turn|4\n|\n|t:|1700357287\n|switch|p2b: Pichu|Pichu, M|100\/100\n|move|p2a: Squirtle|Protect|p2a: Squirtle\n|-singleturn|p2a: Squirtle|Protect\n|move|p1b: Bulbasaur|Giga Drain|p2a: Squirtle\n|-activate|p2a: Squirtle|move: Protect\n|move|p1a: Chikorita|Seed Bomb|p2a: Squirtle\n|-activate|p2a: Squirtle|move: Protect\n|\n|upkeep\n|turn|5\n|\n|t:|1700357361\n|move|p2b: Pichu|Play Rough|p1b: Bulbasaur\n|-resisted|p1b: Bulbasaur\n|-damage|p1b: Bulbasaur|51\/100\n|move|p1b: Bulbasaur|Giga Drain|p2a: Squirtle\n|-supereffective|p2a: Squirtle\n|-damage|p2a: Squirtle|35\/100\n|-heal|p1b: Bulbasaur|77\/100|[from] drain|[of] p2a: Squirtle\n|move|p2a: Squirtle|Ice Beam|p1b: Bulbasaur\n|-supereffective|p1b: Bulbasaur\n|-damage|p1b: Bulbasaur|40\/100\n|move|p1a: Chikorita|Seed Bomb|p2a: Squirtle\n|-supereffective|p2a: Squirtle\n|-damage|p2a: Squirtle|0 fnt\n|faint|p2a: Squirtle\n|\n|upkeep\n|\n|t:|1700357377\n|switch|p2a: Litten|Litten, F|100\/100\n|-ability|p2a: Litten|Intimidate|boost\n|-unboost|p1a: Chikorita|atk|1\n|-unboost|p1b: Bulbasaur|atk|1\n|turn|6\n|\n|t:|1700357459\n|switch|p1b: Litten|Litten, F|100\/100\n|-ability|p1b: Litten|Intimidate|boost\n|-unboost|p2a: Litten|atk|1\n|-unboost|p2b: Pichu|atk|1\n|move|p2b: Pichu|Protect|p2b: Pichu\n|-singleturn|p2b: Pichu|Protect\n|move|p2a: Litten|Flare Blitz|p1a: Chikorita\n|-supereffective|p1a: Chikorita\n|-damage|p1a: Chikorita|28\/100\n|-damage|p2a: Litten|70\/100|[from] Recoil\n|-damage|p2a: Litten|60\/100|[from] item: Life Orb\n|move|p1a: Chikorita|Body Slam|p2a: Litten\n|-damage|p2a: Litten|34\/100\n|-status|p2a: Litten|par\n|\n|upkeep\n|turn|7\n|\n|t:|1700357507\n|switch|p1a: Fennekin|Fennekin, M|100\/100\n|move|p1b: Litten|Fake Out|p2b: Pichu\n|-crit|p2b: Pichu\n|-enditem|p2b: Pichu|Focus Sash\n|-damage|p2b: Pichu|1\/100\n|-damage|p1b: Litten|91\/100|[from] item: Life Orb\n|cant|p2b: Pichu|flinch\n|move|p2a: Litten|Flare Blitz|p1a: Fennekin\n|-resisted|p1a: Fennekin\n|-damage|p1a: Fennekin|43\/100\n|-damage|p2a: Litten|16\/100 par|[from] Recoil\n|-damage|p2a: Litten|6\/100 par|[from] item: Life Orb\n|\n|upkeep\n|turn|8\n|\n|t:|1700357581\n|move|p1a: Fennekin|Protect|p1a: Fennekin\n|-singleturn|p1a: Fennekin|Protect\n|move|p1b: Litten|U-turn|p2a: Litten\n|-resisted|p2a: Litten\n|-damage|p2a: Litten|0 fnt\n|faint|p2a: Litten\n|-damage|p1b: Litten|81\/100|[from] item: Life Orb\n|\n|t:|1700357599\n|switch|p1b: Bulbasaur|Bulbasaur, M|40\/100|[from] U-turn\n|move|p2b: Pichu|Wild Charge|p1b: Bulbasaur\n|-resisted|p1b: Bulbasaur\n|-damage|p1b: Bulbasaur|29\/100\n|-damage|p2b: Pichu|0 fnt|[from] Recoil\n|faint|p2b: Pichu\n|\n|upkeep\n|\n|t:|1700357622\n|switch|p2a: Chikorita|Chikorita, F|49\/100\n|switch|p2b: Scorbunny|Scorbunny, F|100\/100\n|turn|9\n|\n|t:|1700357663\n|move|p2b: Scorbunny|Flare Blitz|p1b: Bulbasaur\n|-supereffective|p1b: Bulbasaur\n|-damage|p1b: Bulbasaur|0 fnt\n|faint|p1b: Bulbasaur\n|-damage|p2b: Scorbunny|90\/100|[from] Recoil\n|move|p1a: Fennekin|Heat Wave|p2a: Chikorita|[spread] p2a,p2b\n|-supereffective|p2a: Chikorita\n|-resisted|p2b: Scorbunny\n|-damage|p2a: Chikorita|0 fnt\n|-damage|p2b: Scorbunny|44\/100\n|faint|p2a: Chikorita\n|\n|upkeep\n|\n|t:|1700357705\n|switch|p1b: Pichu|Pichu, F|1\/100\n|turn|10\n|\n|t:|1700357727\n|move|p1b: Pichu|Fake Out|p2b: Scorbunny\n|-damage|p2b: Scorbunny|21\/100\n|cant|p2b: Scorbunny|flinch\n|move|p1a: Fennekin|Heat Wave|p2b: Scorbunny\n|-resisted|p2b: Scorbunny\n|-damage|p2b: Scorbunny|0 fnt\n|faint|p2b: Scorbunny\n|\n|win|ocnarf30\n","uploadtime":1700357744,"views":11,"p1id":"ocnarf30","p2id":"jffmm7","formatid":"gen9nationaldexdoubles","rating":0,"private":0,"password":""}