{"id":"gen9nationaldexdoubles-1996972239","p1":"omegashenronone","p2":"Will55555","format":"[Gen 9] National Dex Doubles","log":"|j|\u2606omegashenronone\n|j|\u2606Will55555\n|t:|1700751213\n|gametype|doubles\n|player|p1|omegashenronone|hugh|\n|player|p2|Will55555|266|\n|teamsize|p1|6\n|teamsize|p2|6\n|gen|9\n|tier|[Gen 9] National Dex Doubles\n|rule|HP Percentage Mod: HP is shown in percentages\n|rule|Endless Battle Clause: Forcing endless battles is banned\n|rule|OHKO Clause: OHKO moves are banned\n|rule|Evasion Moves Clause: Evasion moves are banned\n|rule|Evasion Abilities Clause: Evasion abilities are banned\n|rule|Species Clause: Limit one of each Pok\u00e9mon\n|rule|Gravity Sleep Clause: The combination of sleep-inducing moves with imperfect accuracy and Gravity or Gigantamax Orbeetle are banned\n|clearpoke\n|poke|p1|Urshifu-*, F|\n|poke|p1|Greninja-*, M|\n|poke|p1|Pelipper, M|\n|poke|p1|Swampert, F|\n|poke|p1|Kingdra, M|\n|poke|p1|Empoleon, F|\n|poke|p2|Pawmot, M|\n|poke|p2|Blissey, F|\n|poke|p2|Alomomola, F|\n|poke|p2|Iron Valiant|\n|poke|p2|Landorus-Therian, M|\n|poke|p2|Dragonite, M|\n|teampreview\n|inactive|Battle timer is ON: inactive players will automatically lose when time's up. (requested by omegashenronone)\n|inactive|Will55555 has 270 seconds left.\n|\n|t:|1700751268\n|start\n|switch|p1a: Happy|Pelipper, M|100\/100\n|switch|p1b: Gym bro|Swampert, F|100\/100\n|switch|p2a: Landorus|Landorus-Therian, M|100\/100\n|switch|p2b: Alomomola|Alomomola, F|100\/100\n|-ability|p2a: Landorus|Intimidate|boost\n|-unboost|p1a: Happy|atk|1\n|-unboost|p1b: Gym bro|atk|1\n|-weather|RainDance|[from] ability: Drizzle|[of] p1a: Happy\n|turn|1\n|\n|t:|1700751287\n|detailschange|p1b: Gym bro|Swampert-Mega, F\n|-mega|p1b: Gym bro|Swampert|Swampertite\n|move|p1b: Gym bro|Ice Punch|p2a: Landorus\n|-supereffective|p2a: Landorus\n|-damage|p2a: Landorus|17\/100\n|-damage|p1b: Gym bro|84\/100|[from] item: Rocky Helmet|[of] p2a: Landorus\n|move|p2a: Landorus|Stealth Rock|p1a: Happy\n|-sidestart|p1: omegashenronone|move: Stealth Rock\n|move|p1a: Happy|Tailwind|p1a: Happy\n|-sidestart|p1: omegashenronone|move: Tailwind\n|move|p2b: Alomomola|Toxic|p1b: Gym bro\n|-status|p1b: Gym bro|tox\n|\n|-weather|RainDance|[upkeep]\n|-damage|p1b: Gym bro|78\/100 tox|[from] psn\n|upkeep\n|turn|2\n|inactive|Will55555 has 270 seconds left.\n|\n|t:|1700751318\n|switch|p2a: Blissey|Blissey, F|100\/100\n|move|p2b: Alomomola|Protect|p2b: Alomomola\n|-singleturn|p2b: Alomomola|Protect\n|move|p1b: Gym bro|Liquidation|p2b: Alomomola\n|-activate|p2b: Alomomola|move: Protect\n|move|p1a: Happy|Icy Wind|p2a: Blissey|[spread] p2a\n|-activate|p2b: Alomomola|move: Protect\n|-damage|p2a: Blissey|98\/100\n|-unboost|p2a: Blissey|spe|1\n|\n|-weather|RainDance|[upkeep]\n|-heal|p2a: Blissey|100\/100|[from] item: Leftovers\n|-damage|p1b: Gym bro|66\/100 tox|[from] psn\n|upkeep\n|turn|3\n|\n|t:|1700751338\n|move|p2a: Blissey|Protect|p2a: Blissey\n|-singleturn|p2a: Blissey|Protect\n|move|p1b: Gym bro|Liquidation|p2b: Alomomola\n|-resisted|p2b: Alomomola\n|-damage|p2b: Alomomola|86\/100\n|move|p1a: Happy|U-turn|p2a: Blissey\n|-activate|p2a: Blissey|move: Protect\n|move|p2b: Alomomola|Wish|p2b: Alomomola\n|\n|-weather|RainDance|[upkeep]\n|-damage|p1b: Gym bro|47\/100 tox|[from] psn\n|upkeep\n|turn|4\n|inactive|Will55555 has 270 seconds left.\n|\n|t:|1700751371\n|switch|p1b: Genji|Greninja, M|100\/100\n|-damage|p1b: Genji|88\/100|[from] Stealth Rock\n|switch|p1a: Master Shi-Fu!|Urshifu-Rapid-Strike, F|100\/100\n|-damage|p1a: Master Shi-Fu!|94\/100|[from] Stealth Rock\n|switch|p2b: Landorus|Landorus-Therian, M|17\/100\n|-ability|p2b: Landorus|Intimidate|boost\n|-unboost|p1a: Master Shi-Fu!|atk|1\n|-unboost|p1b: Genji|atk|1\n|move|p2a: Blissey|Toxic|p1a: Master Shi-Fu!\n|-status|p1a: Master Shi-Fu!|tox\n|\n|-weather|RainDance|[upkeep]\n|-heal|p2b: Landorus|87\/100|[from] move: Wish|[wisher] Alomomola\n|-damage|p1a: Master Shi-Fu!|88\/100 tox|[from] psn\n|-sideend|p1: omegashenronone|move: Tailwind\n|upkeep\n|turn|5\n|inactive|Will55555 has 270 seconds left.\n|inactive|omegashenronone has 270 seconds left.\n|\n|t:|1700751422\n|-terastallize|p2b: Landorus|Steel\n|move|p2a: Blissey|Protect|p2a: Blissey\n|-singleturn|p2a: Blissey|Protect\n|move|p1b: Genji|Ice Beam|p2b: Landorus\n|-resisted|p2b: Landorus\n|-damage|p2b: Landorus|70\/100\n|move|p1a: Master Shi-Fu!|Surging Strikes|p2a: Blissey\n|-crit|p2a: Blissey\n|-damage|p2a: Blissey|20\/100\n|-crit|p2a: Blissey\n|-damage|p2a: Blissey|0 fnt\n|faint|p2a: Blissey\n|-hitcount|p2: Blissey|2\n|-damage|p1a: Master Shi-Fu!|78\/100 tox|[from] item: Life Orb\n|move|p2b: Landorus|Earthquake|p1a: Master Shi-Fu!|[spread] p1a,p1b\n|-damage|p1a: Master Shi-Fu!|42\/100 tox\n|-damage|p1b: Genji|26\/100\n|\n|-weather|RainDance|[upkeep]\n|-damage|p1a: Master Shi-Fu!|30\/100 tox|[from] psn\n|upkeep\n|inactive|Will55555 has 240 seconds left.\n|\n|t:|1700751442\n|switch|p2a: Dragonite|Dragonite, M|100\/100\n|turn|6\n|\n|t:|1700751454\n|move|p2a: Dragonite|Extreme Speed|p1b: Genji\n|-damage|p1b: Genji|0 fnt\n|faint|p1b: Genji\n|move|p1a: Master Shi-Fu!|Surging Strikes|p2a: Dragonite\n|-resisted|p2a: Dragonite\n|-crit|p2a: Dragonite\n|-damage|p2a: Dragonite|89\/100\n|-resisted|p2a: Dragonite\n|-crit|p2a: Dragonite\n|-damage|p2a: Dragonite|68\/100\n|-resisted|p2a: Dragonite\n|-crit|p2a: Dragonite\n|-damage|p2a: Dragonite|46\/100\n|-hitcount|p2a: Dragonite|3\n|-damage|p1a: Master Shi-Fu!|20\/100 tox|[from] item: Life Orb\n|move|p2b: Landorus|Earthquake|p1a: Master Shi-Fu!|[spread] p1a\n|-immune|p2a: Dragonite\n|-damage|p1a: Master Shi-Fu!|0 fnt\n|faint|p1a: Master Shi-Fu!\n|\n|-weather|RainDance|[upkeep]\n|upkeep\n|\n|t:|1700751474\n|switch|p1b: Hur-Hur-Hur|Kingdra, M|100\/100\n|switch|p1a: Gym bro|Swampert-Mega, F|47\/100 tox\n|-damage|p1b: Hur-Hur-Hur|88\/100|[from] Stealth Rock\n|-damage|p1a: Gym bro|41\/100 tox|[from] Stealth Rock\n|turn|7\n|inactive|Will55555 has 270 seconds left.\n|inactive|Will55555 has 240 seconds left.\n|\n|t:|1700751510\n|switch|p2b: Alomomola|Alomomola, F|100\/100\n|move|p2a: Dragonite|Extreme Speed|p1a: Gym bro\n|-damage|p1a: Gym bro|15\/100 tox\n|move|p1b: Hur-Hur-Hur|Ice Beam|p2a: Dragonite\n|-supereffective|p2a: Dragonite\n|-damage|p2a: Dragonite|0 fnt\n|faint|p2a: Dragonite\n|move|p1a: Gym bro|Liquidation|p2b: Alomomola\n|-resisted|p2b: Alomomola\n|-damage|p2b: Alomomola|77\/100\n|\n|-weather|RainDance|[upkeep]\n|-damage|p1a: Gym bro|9\/100 tox|[from] psn\n|upkeep\n|inactive|Will55555 has 240 seconds left.\n|\n|t:|1700751539\n|switch|p2a: Iron Valiant|Iron Valiant|100\/100\n|-enditem|p2a: Iron Valiant|Booster Energy\n|-activate|p2a: Iron Valiant|ability: Quark Drive|[fromitem]\n|-start|p2a: Iron Valiant|quarkdrivespe\n|turn|8\n|inactive|Will55555 has 240 seconds left.\n|\n|t:|1700751569\n|switch|p1b: Chunky|Empoleon, F|100\/100\n|-damage|p1b: Chunky|94\/100|[from] Stealth Rock\n|move|p2a: Iron Valiant|Moonblast|p1b: Chunky\n|-resisted|p1b: Chunky\n|-damage|p1b: Chunky|76\/100\n|move|p1a: Gym bro|Liquidation|p2a: Iron Valiant\n|-damage|p2a: Iron Valiant|0 fnt\n|faint|p2a: Iron Valiant\n|-end|p2a: Iron Valiant|Quark Drive|[silent]\n|move|p2b: Alomomola|Flip Turn|p1b: Chunky\n|-resisted|p1b: Chunky\n|-damage|p1b: Chunky|60\/100\n|inactive|Will55555 has 210 seconds left.\n|\n|t:|1700751584\n|switch|p2b: Pawmot|Pawmot, M|100\/100|[from] Flip Turn\n|\n|-weather|none\n|-damage|p1a: Gym bro|0 fnt|[from] psn\n|faint|p1a: Gym bro\n|upkeep\n|\n|t:|1700751595\n|switch|p2a: Alomomola|Alomomola, F|100\/100\n|switch|p1a: Happy|Pelipper, M|100\/100\n|-damage|p1a: Happy|76\/100|[from] Stealth Rock\n|-weather|RainDance|[from] ability: Drizzle|[of] p1a: Happy\n|turn|9\n|inactive|Will55555 has 240 seconds left.\n|\n|t:|1700751623\n|move|p2b: Pawmot|Revival Blessing|p2b: Pawmot\n|-enditem|p2b: Pawmot|Leppa Berry|[eat]\n|-activate|p2b: Pawmot|item: Leppa Berry|Revival Blessing|[consumed]\n|c|\u2606omegashenronone|Good game?\n|inactive|Will55555 has 210 seconds left.\n|inactive|Will55555 has 180 seconds left.\n|\n|t:|1700751695\n|-heal|p2: Blissey|50\/100|[from] move: Revival Blessing\n|move|p1a: Happy|Tailwind|p1a: Happy\n|-sidestart|p1: omegashenronone|move: Tailwind\n|move|p1b: Chunky|Steel Beam|p2b: Pawmot|[miss]\n|-miss|p1b: Chunky|p2b: Pawmot\n|-damage|p1b: Chunky|10\/100|[from] steelbeam\n|move|p2a: Alomomola|Wish|p2a: Alomomola\n|\n|-weather|RainDance|[upkeep]\n|upkeep\n|turn|10\n|inactive|Will55555 has 180 seconds left.\n|c|\u2606omegashenronone|Bruh\n|\n|t:|1700751719\n|switch|p2a: Blissey|Blissey, F|50\/100\n|move|p2b: Pawmot|Revival Blessing|p2b: Pawmot\n|\n|t:|1700751724\n|-heal|p2: Dragonite|50\/100|[from] move: Revival Blessing\n|move|p1a: Happy|Hurricane|p2b: Pawmot\n|-damage|p2b: Pawmot|33\/100\n|move|p1b: Chunky|Steel Beam|p2b: Pawmot\n|-resisted|p2b: Pawmot\n|-damage|p2b: Pawmot|0 fnt\n|-damage|p1b: Chunky|0 fnt|[from] steelbeam\n|faint|p1b: Chunky\n|faint|p2b: Pawmot\n|\n|-weather|RainDance|[upkeep]\n|-heal|p2a: Blissey|88\/100|[from] move: Wish|[wisher] Alomomola\n|-heal|p2a: Blissey|94\/100|[from] item: Leftovers\n|upkeep\n|\n|t:|1700751741\n|switch|p2b: Alomomola|Alomomola, F|100\/100\n|switch|p1b: Hur-Hur-Hur|Kingdra, M|88\/100\n|-damage|p1b: Hur-Hur-Hur|76\/100|[from] Stealth Rock\n|turn|11\n|inactive|Will55555 has 210 seconds left.\n|\n|t:|1700751764\n|-terastallize|p1b: Hur-Hur-Hur|Flying\n|move|p1b: Hur-Hur-Hur|Hurricane|p2a: Blissey\n|-damage|p2a: Blissey|73\/100\n|-start|p2a: Blissey|confusion\n|move|p1a: Happy|Hurricane|p2a: Blissey\n|-damage|p2a: Blissey|63\/100\n|move|p2b: Alomomola|Wish|p2b: Alomomola\n|-activate|p2a: Blissey|confusion\n|-damage|p2a: Blissey|61\/100|[from] confusion\n|\n|-weather|RainDance|[upkeep]\n|-heal|p2a: Blissey|67\/100|[from] item: Leftovers\n|upkeep\n|turn|12\n|inactive|Will55555 has 210 seconds left.\n|\n|t:|1700751789\n|switch|p2b: Dragonite|Dragonite, M|50\/100\n|-activate|p2a: Blissey|confusion\n|move|p2a: Blissey|Protect|p2a: Blissey\n|-singleturn|p2a: Blissey|Protect\n|move|p1b: Hur-Hur-Hur|Hurricane|p2a: Blissey\n|-activate|p2a: Blissey|move: Protect\n|move|p1a: Happy|Hurricane|p2a: Blissey\n|-activate|p2a: Blissey|move: Protect\n|\n|-weather|RainDance|[upkeep]\n|-heal|p2b: Dragonite|100\/100|[from] move: Wish|[wisher] Alomomola\n|-heal|p2a: Blissey|73\/100|[from] item: Leftovers\n|-sideend|p1: omegashenronone|move: Tailwind\n|upkeep\n|turn|13\n|inactive|Will55555 has 210 seconds left.\n|\n|t:|1700751817\n|move|p1b: Hur-Hur-Hur|Hurricane|p2a: Blissey\n|-damage|p2a: Blissey|50\/100\n|move|p2b: Dragonite|Outrage|p1b: Hur-Hur-Hur\n|-damage|p1b: Hur-Hur-Hur|0 fnt\n|faint|p1b: Hur-Hur-Hur\n|move|p1a: Happy|Icy Wind|p2b: Dragonite|[spread] p2a,p2b\n|-supereffective|p2b: Dragonite\n|-damage|p2a: Blissey|48\/100\n|-damage|p2b: Dragonite|81\/100\n|-unboost|p2a: Blissey|spe|1\n|-unboost|p2b: Dragonite|spe|1\n|-activate|p2a: Blissey|confusion\n|move|p2a: Blissey|Wish|p2a: Blissey\n|\n|-weather|RainDance|[upkeep]\n|-heal|p2a: Blissey|54\/100|[from] item: Leftovers\n|upkeep\n|turn|14\n|inactive|Will55555 has 210 seconds left.\n|c|\u2606Will55555|gg\n|\n|t:|1700751839\n|-activate|p2a: Blissey|confusion\n|-damage|p2a: Blissey|52\/100|[from] confusion\n|move|p2b: Dragonite|Outrage|p1a: Happy|[from]lockedmove\n|-damage|p1a: Happy|0 fnt\n|faint|p1a: Happy\n|\n|win|Will55555\n|c|\u2606Will55555|wp\n|c|\u2606omegashenronone|\ud83d\udc4d\n","uploadtime":1700751855,"views":1,"p1id":"omegashenronone","p2id":"will55555","formatid":"gen9nationaldexdoubles","rating":0,"private":0,"password":""}