{"id":"gen9nationaldexdoubles-1974205616","p1":"Nerdygolem513","p2":"Naia_05","format":"[Gen 9] National Dex Doubles","log":"|j|\u2606Nerdygolem513\n|j|\u2606Naia_05\n|t:|1698068195\n|gametype|doubles\n|player|p1|Nerdygolem513|skullgrunt|1312\n|player|p2|Naia_05|265|1376\n|teamsize|p1|6\n|teamsize|p2|6\n|gen|9\n|tier|[Gen 9] National Dex Doubles\n|rated|\n|rule|HP Percentage Mod: HP is shown in percentages\n|rule|Endless Battle Clause: Forcing endless battles is banned\n|rule|OHKO Clause: OHKO moves are banned\n|rule|Evasion Moves Clause: Evasion moves are banned\n|rule|Evasion Abilities Clause: Evasion abilities are banned\n|rule|Species Clause: Limit one of each Pok\u00e9mon\n|rule|Gravity Sleep Clause: The combination of sleep-inducing moves with imperfect accuracy and Gravity or Gigantamax Orbeetle are banned\n|clearpoke\n|poke|p1|Tapu Koko|\n|poke|p1|Indeedee-F, F|\n|poke|p1|Raichu-Alola, F|\n|poke|p1|Alakazam, M|\n|poke|p1|Iron Valiant|\n|poke|p1|Farigiraf, M|\n|poke|p2|Shiinotic, M|\n|poke|p2|Sableye, M|\n|poke|p2|Kommo-o, M|\n|poke|p2|Mawile, F|\n|poke|p2|Iron Moth|\n|poke|p2|Ursaluna-Bloodmoon, M|\n|teampreview\n|\n|t:|1698068206\n|start\n|switch|p1a: Tapu Koko|Tapu Koko|100\/100\n|switch|p1b: Raichu|Raichu-Alola, F|100\/100\n|switch|p2a: Shiinotic|Shiinotic, M|100\/100\n|switch|p2b: Sableye|Sableye, M|100\/100\n|-fieldstart|move: Electric Terrain|[from] ability: Electric Surge|[of] p1a: Tapu Koko\n|turn|1\n|\n|t:|1698068221\n|switch|p1a: Farigiraf|Farigiraf, M|100\/100\n|move|p2b: Sableye|Skill Swap|p2a: Shiinotic\n|-activate|p2b: Sableye|move: Skill Swap|||[of] p2a: Shiinotic\n|move|p2a: Shiinotic|Substitute|p2a: Shiinotic\n|-start|p2a: Shiinotic|Substitute\n|-damage|p2a: Shiinotic|76\/100\n|move|p1b: Raichu|Rising Voltage|p2a: Shiinotic\n|-hint|Rising Voltage's BP doubled on grounded target.\n|-resisted|p2a: Shiinotic\n|-end|p2a: Shiinotic|Substitute\n|-damage|p1b: Raichu|91\/100|[from] item: Life Orb\n|\n|upkeep\n|turn|2\n|\n|t:|1698068245\n|move|p2a: Shiinotic|After You|p2b: Sableye\n|-activate|p2b: Sableye|move: After You\n|move|p2b: Sableye|Disable|p1b: Raichu\n|-start|p1b: Raichu|Disable|Rising Voltage\n|cant|p1b: Raichu|Disable|Rising Voltage\n|move|p1a: Farigiraf|Wish|p1a: Farigiraf\n|\n|upkeep\n|turn|3\n|\n|t:|1698068258\n|switch|p1a: Indeedee|Indeedee-F, F|100\/100\n|-fieldstart|move: Psychic Terrain|[from] ability: Psychic Surge|[of] p1a: Indeedee\n|move|p2a: Shiinotic|After You|p2b: Sableye\n|-activate|p2b: Sableye|move: After You\n|move|p2b: Sableye|Encore|p1b: Raichu\n|-start|p1b: Raichu|Encore\n|cant|p1b: Raichu|Disable|Rising Voltage\n|\n|upkeep\n|turn|4\n|\n|t:|1698068273\n|switch|p1b: Farigiraf|Farigiraf, M|100\/100\n|-terastallize|p1a: Indeedee|Psychic\n|move|p2a: Shiinotic|After You|p2b: Sableye\n|-activate|p2b: Sableye|move: After You\n|move|p2b: Sableye|Taunt|p1a: Indeedee\n|-start|p1a: Indeedee|move: Taunt\n|move|p1a: Indeedee|Expanding Force|p2b: Sableye|[spread] p2a\n|-immune|p2b: Sableye\n|-damage|p2a: Shiinotic|35\/100\n|\n|upkeep\n|turn|5\n|\n|t:|1698068291\n|switch|p1a: Raichu|Raichu-Alola, F|91\/100\n|move|p2a: Shiinotic|Strength Sap|p2b: Sableye\n|-unboost|p2b: Sableye|atk|1\n|-heal|p2a: Shiinotic|78\/100\n|move|p1b: Farigiraf|Hyper Voice|p2a: Shiinotic|[spread] p2a\n|-immune|p2b: Sableye\n|-damage|p2a: Shiinotic|57\/100\n|move|p2b: Sableye|Taunt|p1b: Farigiraf\n|-start|p1b: Farigiraf|move: Taunt\n|\n|upkeep\n|turn|6\n|\n|t:|1698068320\n|move|p2a: Shiinotic|Substitute|p2a: Shiinotic\n|-start|p2a: Shiinotic|Substitute\n|-damage|p2a: Shiinotic|33\/100\n|move|p1a: Raichu|Expanding Force|p2a: Shiinotic|[spread] p2a\n|-immune|p2b: Sableye\n|-end|p2a: Shiinotic|Substitute\n|-damage|p1a: Raichu|81\/100|[from] item: Life Orb\n|move|p1b: Farigiraf|Hyper Voice|p2a: Shiinotic|[spread] p2a\n|-immune|p2b: Sableye\n|-damage|p2a: Shiinotic|14\/100\n|move|p2b: Sableye|Disable|p1a: Raichu\n|-start|p1a: Raichu|Disable|Expanding Force\n|\n|upkeep\n|turn|7\n|\n|t:|1698068339\n|move|p1a: Raichu|Protect|p1a: Raichu\n|-singleturn|p1a: Raichu|Protect\n|move|p2a: Shiinotic|Strength Sap|p2b: Sableye\n|-unboost|p2b: Sableye|atk|1\n|-heal|p2a: Shiinotic|42\/100\n|move|p1b: Farigiraf|Hyper Voice|p2a: Shiinotic|[spread] p2a\n|-immune|p2b: Sableye\n|-damage|p2a: Shiinotic|24\/100\n|move|p2b: Sableye|Encore|p1a: Raichu\n|-activate|p1a: Raichu|move: Protect\n|\n|-fieldend|move: Psychic Terrain\n|upkeep\n|turn|8\n|\n|t:|1698068357\n|switch|p1a: Tapu Koko|Tapu Koko|100\/100\n|-fieldstart|move: Electric Terrain|[from] ability: Electric Surge|[of] p1a: Tapu Koko\n|move|p2a: Shiinotic|After You|p2b: Sableye\n|-activate|p2b: Sableye|move: After You\n|move|p2b: Sableye|Encore||[still]\n|-fail|p2b: Sableye\n|move|p1b: Farigiraf|Hyper Voice|p2a: Shiinotic|[spread] p2a\n|-immune|p2b: Sableye\n|-crit|p2a: Shiinotic\n|-damage|p2a: Shiinotic|0 fnt\n|faint|p2a: Shiinotic\n|\n|-end|p1b: Farigiraf|move: Taunt\n|upkeep\n|\n|t:|1698068383\n|switch|p2a: Ursaluna|Ursaluna-Bloodmoon, M|100\/100\n|turn|9\n|\n|t:|1698068389\n|move|p1a: Tapu Koko|U-turn|p2a: Ursaluna\n|-damage|p2a: Ursaluna|84\/100\n|\n|t:|1698068398\n|switch|p1a: Indeedee|Indeedee-F, F, tera:Psychic|100\/100|[from] U-turn\n|-fieldstart|move: Psychic Terrain|[from] ability: Psychic Surge|[of] p1a: Indeedee\n|move|p1b: Farigiraf|Wish|p1b: Farigiraf\n|move|p2b: Sableye|Taunt|p1b: Farigiraf\n|-start|p1b: Farigiraf|move: Taunt\n|move|p2a: Ursaluna|Earth Power|p1a: Indeedee\n|-damage|p1a: Indeedee|48\/100\n|\n|-heal|p1a: Indeedee|54\/100|[from] item: Leftovers\n|upkeep\n|turn|10\n|\n|t:|1698068422\n|move|p1a: Indeedee|Protect|p1a: Indeedee\n|-singleturn|p1a: Indeedee|Protect\n|move|p1b: Farigiraf|Hyper Voice|p2a: Ursaluna|[spread] p2a\n|-immune|p2b: Sableye\n|-damage|p2a: Ursaluna|56\/100\n|move|p2b: Sableye|Disable|p1a: Indeedee\n|-activate|p1a: Indeedee|move: Protect\n|move|p2a: Ursaluna|Earth Power|p1a: Indeedee\n|-activate|p1a: Indeedee|move: Protect\n|\n|-heal|p1a: Indeedee|60\/100|[from] item: Leftovers\n|upkeep\n|turn|11\n|\n|t:|1698068438\n|move|p1a: Indeedee|Expanding Force|p2a: Ursaluna|[spread] p2a\n|-immune|p2b: Sableye\n|-damage|p2a: Ursaluna|0 fnt\n|faint|p2a: Ursaluna\n|move|p1b: Farigiraf|Hyper Voice|p2b: Sableye\n|-immune|p2b: Sableye\n|move|p2b: Sableye|Taunt|p1a: Indeedee\n|-start|p1a: Indeedee|move: Taunt\n|\n|-heal|p1a: Indeedee|66\/100|[from] item: Leftovers\n|upkeep\n|-message|Naia_05 forfeited.\n|\n|win|Nerdygolem513\n|raw|Nerdygolem513's rating: 1312 &rarr; <strong>1336<\/strong><br \/>(+24 for winning)\n|raw|Naia_05's rating: 1376 &rarr; <strong>1352<\/strong><br \/>(-24 for losing)\n|l|\u2606Naia_05\n","uploadtime":1698068454,"views":13,"p1id":"nerdygolem513","p2id":"naia05","formatid":"gen9nationaldexdoubles","rating":1336,"private":0,"password":""}