{"id":"gen9nationaldexdoubles-1993979055","p1":"FriedBeaver01","p2":"Atlost","format":"[Gen 9] National Dex Doubles","log":"|j|\u203dFriedBeaver01\n|j|\u2606Atlost\n|t:|1700387128\n|gametype|doubles\n|player|p1|FriedBeaver01|biker-gen4|1249\n|player|p2|Atlost|169|1309\n|teamsize|p1|6\n|teamsize|p2|6\n|gen|9\n|tier|[Gen 9] National Dex Doubles\n|rated|\n|rule|HP Percentage Mod: HP is shown in percentages\n|rule|Endless Battle Clause: Forcing endless battles is banned\n|rule|OHKO Clause: OHKO moves are banned\n|rule|Evasion Moves Clause: Evasion moves are banned\n|rule|Evasion Abilities Clause: Evasion abilities are banned\n|rule|Species Clause: Limit one of each Pok\u00e9mon\n|rule|Gravity Sleep Clause: The combination of sleep-inducing moves with imperfect accuracy and Gravity or Gigantamax Orbeetle are banned\n|clearpoke\n|poke|p1|Great Tusk|\n|poke|p1|Tyranitar, M|\n|poke|p1|Houndstone, M|\n|poke|p1|Hippowdon, M|\n|poke|p1|Rhyperior, M|\n|poke|p1|Empoleon, M|\n|poke|p2|Ludicolo, M|\n|poke|p2|Ogerpon-Wellspring, F|\n|poke|p2|Pelipper, F|\n|poke|p2|Swampert, F|\n|poke|p2|Urshifu-*, F|\n|poke|p2|Cresselia, F|\n|teampreview\n|\n|t:|1700387148\n|start\n|switch|p1a: Hippowdon|Hippowdon, M|100\/100\n|switch|p1b: Empoleon|Empoleon, M, shiny|100\/100\n|switch|p2a: Pelipper|Pelipper, F|100\/100\n|switch|p2b: Ludicolo|Ludicolo, M|100\/100\n|-weather|RainDance|[from] ability: Drizzle|[of] p2a: Pelipper\n|-weather|Sandstorm|[from] ability: Sand Stream|[of] p1a: Hippowdon\n|turn|1\n|\n|t:|1700387167\n|move|p2b: Ludicolo|Fake Out|p1a: Hippowdon\n|-damage|p1a: Hippowdon|97\/100\n|move|p2a: Pelipper|U-turn|p2b: Ludicolo\n|-supereffective|p2b: Ludicolo\n|-damage|p2b: Ludicolo|77\/100\n|-enditem|p2b: Ludicolo|Weakness Policy\n|-boost|p2b: Ludicolo|atk|2|[from] item: Weakness Policy\n|-boost|p2b: Ludicolo|spa|2|[from] item: Weakness Policy\n|\n|t:|1700387176\n|switch|p2a: Cresselia|Cresselia, F|100\/100|[from] U-turn\n|move|p1b: Empoleon|Ice Beam|p2a: Cresselia\n|-damage|p2a: Cresselia|86\/100\n|cant|p1a: Hippowdon|flinch\n|\n|-weather|Sandstorm|[upkeep]\n|-damage|p2b: Ludicolo|71\/100|[from] Sandstorm\n|-damage|p2a: Cresselia|80\/100|[from] Sandstorm\n|upkeep\n|turn|2\n|\n|t:|1700387207\n|move|p2b: Ludicolo|Surf|p1a: Hippowdon|[spread] p2a,p1a,p1b\n|-supereffective|p1a: Hippowdon\n|-resisted|p1b: Empoleon\n|-damage|p2a: Cresselia|50\/100\n|-damage|p1a: Hippowdon|4\/100\n|-damage|p1b: Empoleon|73\/100\n|move|p2a: Cresselia|Lunar Blessing|p2a: Cresselia|[spread] p2a,p2b\n|-heal|p2a: Cresselia|75\/100\n|-heal|p2b: Ludicolo|96\/100\n|move|p1b: Empoleon|Ice Beam|p2b: Ludicolo\n|-damage|p2b: Ludicolo|64\/100\n|move|p1a: Hippowdon|Stealth Rock|p2a: Cresselia\n|-sidestart|p2: Atlost|move: Stealth Rock\n|\n|-weather|Sandstorm|[upkeep]\n|-damage|p2b: Ludicolo|58\/100|[from] Sandstorm\n|-damage|p2a: Cresselia|69\/100|[from] Sandstorm\n|-heal|p1b: Empoleon|79\/100|[from] item: Leftovers\n|upkeep\n|turn|3\n|\n|t:|1700387228\n|move|p1b: Empoleon|Protect|p1b: Empoleon\n|-singleturn|p1b: Empoleon|Protect\n|move|p2b: Ludicolo|Surf|p1a: Hippowdon|[spread] p2a,p1a\n|-activate|p1b: Empoleon|move: Protect\n|-supereffective|p1a: Hippowdon\n|-damage|p2a: Cresselia|36\/100\n|-damage|p1a: Hippowdon|0 fnt\n|faint|p1a: Hippowdon\n|move|p2a: Cresselia|Lunar Blessing|p2a: Cresselia|[spread] p2a,p2b\n|-heal|p2a: Cresselia|61\/100\n|-heal|p2b: Ludicolo|83\/100\n|\n|-weather|Sandstorm|[upkeep]\n|-damage|p2b: Ludicolo|77\/100|[from] Sandstorm\n|-damage|p2a: Cresselia|55\/100|[from] Sandstorm\n|-heal|p1b: Empoleon|85\/100|[from] item: Leftovers\n|upkeep\n|inactive|Battle timer is ON: inactive players will automatically lose when time's up. (requested by Atlost)\n|\n|t:|1700387286\n|switch|p1a: Rhyperior|Rhyperior, M, shiny|100\/100\n|turn|4\n|\n|t:|1700387296\n|-terastallize|p1a: Rhyperior|Rock\n|move|p2b: Ludicolo|Energy Ball|p1a: Rhyperior\n|-supereffective|p1a: Rhyperior\n|-damage|p1a: Rhyperior|48\/100\n|-unboost|p1a: Rhyperior|spd|1\n|move|p2a: Cresselia|Rain Dance|p2a: Cresselia\n|-weather|RainDance\n|move|p1b: Empoleon|Scald|p2a: Cresselia\n|-damage|p2a: Cresselia|23\/100\n|-status|p2a: Cresselia|brn\n|-enditem|p2a: Cresselia|Aguav Berry|[eat]\n|-heal|p2a: Cresselia|57\/100 brn|[from] item: Aguav Berry\n|move|p1a: Rhyperior|Megahorn|p2b: Ludicolo\n|-supereffective|p2b: Ludicolo\n|-damage|p2b: Ludicolo|0 fnt\n|faint|p2b: Ludicolo\n|\n|-weather|RainDance|[upkeep]\n|-heal|p1b: Empoleon|91\/100|[from] item: Leftovers\n|-damage|p2a: Cresselia|50\/100 brn|[from] brn\n|upkeep\n|\n|t:|1700387318\n|switch|p2b: Swampert|Swampert, F|100\/100\n|-damage|p2b: Swampert|94\/100|[from] Stealth Rock\n|turn|5\n|\n|t:|1700387338\n|detailschange|p2b: Swampert|Swampert-Mega, F\n|-mega|p2b: Swampert|Swampert|Swampertite\n|move|p2b: Swampert|Liquidation|p1a: Rhyperior\n|-supereffective|p1a: Rhyperior\n|-damage|p1a: Rhyperior|0 fnt\n|faint|p1a: Rhyperior\n|move|p2a: Cresselia|Lunar Blessing|p2a: Cresselia|[spread] p2a,p2b\n|-heal|p2a: Cresselia|75\/100 brn\n|-curestatus|p2a: Cresselia|brn|[msg]\n|-heal|p2b: Swampert|100\/100\n|move|p1b: Empoleon|Scald|p2b: Swampert\n|-damage|p2b: Swampert|58\/100\n|\n|-weather|RainDance|[upkeep]\n|-heal|p1b: Empoleon|97\/100|[from] item: Leftovers\n|upkeep\n|inactive|FriedBeaver01 has 120 seconds left.\n|\n|t:|1700387359\n|switch|p1a: Tyranitar|Tyranitar, M, shiny|100\/100\n|-weather|Sandstorm|[from] ability: Sand Stream|[of] p1a: Tyranitar\n|turn|6\n|\n|t:|1700387374\n|switch|p2a: Pelipper|Pelipper, F|100\/100\n|-damage|p2a: Pelipper|75\/100|[from] Stealth Rock\n|-weather|RainDance|[from] ability: Drizzle|[of] p2a: Pelipper\n|switch|p1b: Houndstone|Houndstone, M|100\/100\n|move|p1a: Tyranitar|Protect|p1a: Tyranitar\n|-singleturn|p1a: Tyranitar|Protect\n|move|p2b: Swampert|Liquidation|p1a: Tyranitar\n|-activate|p1a: Tyranitar|move: Protect\n|\n|-weather|RainDance|[upkeep]\n|upkeep\n|turn|7\n|\n|t:|1700387394\n|-activate|p2a: Pelipper|move: Pursuit\n|detailschange|p1a: Tyranitar|Tyranitar-Mega, M, shiny\n|-mega|p1a: Tyranitar|Tyranitar|Tyranitarite\n|-weather|Sandstorm|[from] ability: Sand Stream|[of] p1a: Tyranitar\n|move|p1a: Tyranitar|Pursuit|p2a: Pelipper|[from]Pursuit\n|-damage|p2a: Pelipper|22\/100\n|switch|p2a: Cresselia|Cresselia, F|75\/100\n|-damage|p2a: Cresselia|63\/100|[from] Stealth Rock\n|move|p2b: Swampert|Protect|p2b: Swampert\n|-singleturn|p2b: Swampert|Protect\n|move|p1b: Houndstone|Last Respects|p2b: Swampert\n|-activate|p2b: Swampert|move: Protect\n|\n|-weather|Sandstorm|[upkeep]\n|-damage|p2a: Cresselia|57\/100|[from] Sandstorm\n|upkeep\n|turn|8\n|\n|t:|1700387418\n|-activate|p2b: Swampert|move: Pursuit\n|move|p1a: Tyranitar|Pursuit|p2b: Swampert|[from]Pursuit\n|-damage|p2b: Swampert|22\/100\n|switch|p2b: Pelipper|Pelipper, F|22\/100\n|-damage|p2b: Pelipper|0 fnt|[from] Stealth Rock\n|faint|p2b: Pelipper\n|move|p1b: Houndstone|Last Respects|p2a: Cresselia\n|-supereffective|p2a: Cresselia\n|-damage|p2a: Cresselia|0 fnt\n|faint|p2a: Cresselia\n|\n|-weather|Sandstorm|[upkeep]\n|upkeep\n|inactive|Atlost has 120 seconds left.\n|\n|t:|1700387434\n|switch|p2a: Urshifu|Urshifu-Rapid-Strike, F|100\/100\n|switch|p2b: Ogerpon|Ogerpon-Wellspring, F|100\/100\n|-damage|p2a: Urshifu|94\/100|[from] Stealth Rock\n|-damage|p2b: Ogerpon|88\/100|[from] Stealth Rock\n|turn|9\n|\n|t:|1700387447\n|move|p1a: Tyranitar|Protect|p1a: Tyranitar\n|-singleturn|p1a: Tyranitar|Protect\n|move|p1b: Houndstone|Last Respects|p2a: Urshifu\n|-damage|p2a: Urshifu|0 fnt\n|faint|p2a: Urshifu\n|move|p2b: Ogerpon|Ivy Cudgel|p1b: Houndstone|[anim] Ivy Cudgel Water\n|-damage|p1b: Houndstone|34\/100\n|\n|-weather|Sandstorm|[upkeep]\n|-damage|p2b: Ogerpon|82\/100|[from] Sandstorm\n|upkeep\n|\n|t:|1700387458\n|switch|p2a: Swampert|Swampert-Mega, F|22\/100\n|-damage|p2a: Swampert|16\/100|[from] Stealth Rock\n|turn|10\n|\n|t:|1700387470\n|move|p1b: Houndstone|Last Respects|p2b: Ogerpon\n|-damage|p2b: Ogerpon|0 fnt\n|faint|p2b: Ogerpon\n|move|p2a: Swampert|Liquidation|p1b: Houndstone\n|-damage|p1b: Houndstone|0 fnt\n|faint|p1b: Houndstone\n|move|p1a: Tyranitar|Superpower|p2a: Swampert\n|-damage|p2a: Swampert|0 fnt\n|-unboost|p1a: Tyranitar|atk|1\n|-unboost|p1a: Tyranitar|def|1\n|faint|p2a: Swampert\n|\n|win|FriedBeaver01\n|raw|FriedBeaver01's rating: 1249 &rarr; <strong>1278<\/strong><br \/>(+29 for winning)\n|raw|Atlost's rating: 1309 &rarr; <strong>1286<\/strong><br \/>(-23 for losing)\n|l|\u2606Atlost\n","uploadtime":1700387492,"views":6,"p1id":"friedbeaver01","p2id":"atlost","formatid":"gen9nationaldexdoubles","rating":1278,"private":0,"password":""}