{"id":"gen9nationaldexdoubles-1986126969","p1":"zeref203","p2":"the maraculous","format":"[Gen 9] National Dex Doubles","log":"|j|\u2606zeref203\n|j|\u2606the maraculous\n|t:|1699452794\n|gametype|doubles\n|player|p1|zeref203|2|1284\n|player|p2|the maraculous|dragontamer|1408\n|teamsize|p1|6\n|teamsize|p2|6\n|gen|9\n|tier|[Gen 9] National Dex Doubles\n|rated|\n|rule|HP Percentage Mod: HP is shown in percentages\n|rule|Endless Battle Clause: Forcing endless battles is banned\n|rule|OHKO Clause: OHKO moves are banned\n|rule|Evasion Moves Clause: Evasion moves are banned\n|rule|Evasion Abilities Clause: Evasion abilities are banned\n|rule|Species Clause: Limit one of each Pok\u00e9mon\n|rule|Gravity Sleep Clause: The combination of sleep-inducing moves with imperfect accuracy and Gravity or Gigantamax Orbeetle are banned\n|clearpoke\n|poke|p1|Feraligatr, M|\n|poke|p1|Krookodile, M|\n|poke|p1|Sandaconda, F|\n|poke|p1|Iron Valiant|\n|poke|p1|Fezandipiti, M|\n|poke|p1|Medicham, M|\n|poke|p2|Xurkitree|\n|poke|p2|Iron Valiant|\n|poke|p2|Chandelure, M|\n|poke|p2|Landorus-Therian, M|\n|poke|p2|Kartana|\n|poke|p2|Farigiraf, M|\n|teampreview\n|inactive|Battle timer is ON: inactive players will automatically lose when time's up. (requested by zeref203)\n|\n|t:|1699452813\n|start\n|switch|p1a: Boa|Sandaconda, F|100\/100\n|switch|p1b: Medicham|Medicham, M|100\/100\n|switch|p2a: Kartana|Kartana|100\/100\n|switch|p2b: Landorus|Landorus-Therian, M|100\/100\n|-ability|p2b: Landorus|Intimidate|boost\n|-unboost|p1a: Boa|atk|1\n|-unboost|p1b: Medicham|atk|1\n|turn|1\n|\n|t:|1699452834\n|move|p1b: Medicham|Fake Out|p2b: Landorus\n|-damage|p2b: Landorus|88\/100\n|move|p2a: Kartana|Leaf Blade|p1b: Medicham\n|-damage|p1b: Medicham|7\/100\n|cant|p2b: Landorus|flinch\n|move|p1a: Boa|Fire Fang|p2a: Kartana|[miss]\n|-miss|p1a: Boa|p2a: Kartana\n|\n|upkeep\n|turn|2\n|\n|t:|1699452854\n|move|p1b: Medicham|Protect|p1b: Medicham\n|-singleturn|p1b: Medicham|Protect\n|move|p2a: Kartana|Tailwind|p2a: Kartana\n|-sidestart|p2: the maraculous|move: Tailwind\n|move|p2b: Landorus|Stomping Tantrum|p1b: Medicham\n|-activate|p1b: Medicham|move: Protect\n|move|p1a: Boa|Stealth Rock|p2b: Landorus\n|-sidestart|p2: the maraculous|move: Stealth Rock\n|\n|upkeep\n|turn|3\n|\n|t:|1699452879\n|switch|p2b: Farigiraf|Farigiraf, M|100\/100\n|-damage|p2b: Farigiraf|88\/100|[from] Stealth Rock\n|switch|p1b: Peacockatu|Fezandipiti, M|100\/100\n|move|p2a: Kartana|Leaf Blade|p1b: Peacockatu\n|-resisted|p1b: Peacockatu\n|-damage|p1b: Peacockatu|72\/100\n|move|p1a: Boa|Fire Fang|p2a: Kartana\n|-supereffective|p2a: Kartana\n|-damage|p2a: Kartana|52\/100\n|\n|-heal|p2b: Farigiraf|94\/100|[from] item: Leftovers\n|-heal|p1b: Peacockatu|78\/100|[from] item: Leftovers\n|upkeep\n|turn|4\n|inactive|zeref203 has 120 seconds left.\n|\n|t:|1699452918\n|move|p2a: Kartana|Smart Strike|p1b: Peacockatu\n|-supereffective|p1b: Peacockatu\n|-damage|p1b: Peacockatu|0 fnt\n|faint|p1b: Peacockatu\n|-ability|p2a: Kartana|Beast Boost|boost\n|-boost|p2a: Kartana|atk|1\n|move|p2b: Farigiraf|Nasty Plot|p2b: Farigiraf\n|-boost|p2b: Farigiraf|spa|2\n|move|p1a: Boa|Fire Fang|p2a: Kartana\n|-supereffective|p2a: Kartana\n|-damage|p2a: Kartana|3\/100\n|\n|-heal|p2b: Farigiraf|99\/100|[from] item: Leftovers\n|upkeep\n|\n|t:|1699452934\n|switch|p1b: Krikey|Krookodile, M|100\/100\n|turn|5\n|inactive|zeref203 has 120 seconds left.\n|\n|t:|1699452947\n|-terastallize|p1a: Boa|Flying\n|move|p2a: Kartana|Leaf Blade|p1a: Boa\n|-resisted|p1a: Boa\n|-damage|p1a: Boa|67\/100\n|-weather|Sandstorm|[from] ability: Sand Spit|[of] p1a: Boa\n|move|p2b: Farigiraf|Dazzling Gleam|p1b: Krikey|[spread] p1a,p1b\n|-supereffective|p1b: Krikey\n|-damage|p1a: Boa|19\/100\n|-damage|p1b: Krikey|18\/100\n|move|p1b: Krikey|Earthquake|p2a: Kartana|[spread] p2a,p2b\n|-immune|p1a: Boa\n|-damage|p2a: Kartana|0 fnt\n|-damage|p2b: Farigiraf|69\/100\n|faint|p2a: Kartana\n|-ability|p1b: Krikey|Moxie|boost\n|-boost|p1b: Krikey|atk|1\n|move|p1a: Boa|Scale Shot|p2b: Farigiraf\n|-damage|p2b: Farigiraf|63\/100\n|-damage|p2b: Farigiraf|58\/100\n|-damage|p2b: Farigiraf|53\/100\n|-damage|p2b: Farigiraf|48\/100\n|-hitcount|p2b: Farigiraf|4\n|-unboost|p1a: Boa|def|1\n|-boost|p1a: Boa|spe|1\n|\n|-weather|Sandstorm|[upkeep]\n|-damage|p2b: Farigiraf|42\/100|[from] Sandstorm\n|-damage|p1a: Boa|13\/100|[from] Sandstorm\n|-heal|p2b: Farigiraf|48\/100|[from] item: Leftovers\n|-sideend|p2: the maraculous|move: Tailwind\n|upkeep\n|\n|t:|1699452960\n|switch|p2a: Landorus|Landorus-Therian, M|88\/100\n|-damage|p2a: Landorus|75\/100|[from] Stealth Rock\n|-ability|p2a: Landorus|Intimidate|boost\n|-unboost|p1a: Boa|atk|1\n|-unboost|p1b: Krikey|atk|1\n|turn|6\n|\n|t:|1699452985\n|move|p1b: Krikey|Crunch|p2b: Farigiraf\n|-supereffective|p2b: Farigiraf\n|-damage|p2b: Farigiraf|0 fnt\n|faint|p2b: Farigiraf\n|-ability|p1b: Krikey|Moxie|boost\n|-boost|p1b: Krikey|atk|1\n|move|p1a: Boa|Rock Blast|p2a: Landorus\n|-damage|p2a: Landorus|71\/100\n|-damage|p2a: Landorus|66\/100\n|-damage|p2a: Landorus|62\/100\n|-damage|p2a: Landorus|57\/100\n|-hitcount|p2a: Landorus|4\n|move|p2a: Landorus|Stomping Tantrum|p1b: Krikey\n|-damage|p1b: Krikey|0 fnt\n|-damage|p2a: Landorus|41\/100|[from] item: Rocky Helmet|[of] p1b: Krikey\n|faint|p1b: Krikey\n|\n|-weather|Sandstorm|[upkeep]\n|-damage|p1a: Boa|8\/100|[from] Sandstorm\n|upkeep\n|\n|t:|1699453005\n|switch|p1b: Gatrbait|Feraligatr, M|100\/100\n|switch|p2b: Chandelure|Chandelure, M|100\/100\n|-damage|p2b: Chandelure|75\/100|[from] Stealth Rock\n|-item|p2b: Chandelure|Air Balloon\n|turn|7\n|\n|t:|1699453015\n|-terastallize|p2b: Chandelure|Ghost\n|move|p1a: Boa|Rock Blast|p2b: Chandelure\n|-damage|p2b: Chandelure|71\/100\n|-enditem|p2b: Chandelure|Air Balloon\n|-damage|p2b: Chandelure|67\/100\n|-damage|p2b: Chandelure|62\/100\n|-damage|p2b: Chandelure|57\/100\n|-damage|p2b: Chandelure|53\/100\n|-hitcount|p2b: Chandelure|5\n|move|p1b: Gatrbait|Ice Punch|p2a: Landorus\n|-supereffective|p2a: Landorus\n|-crit|p2a: Landorus\n|-damage|p2a: Landorus|0 fnt\n|faint|p2a: Landorus\n|move|p2b: Chandelure|Trick Room|p2b: Chandelure\n|-fieldstart|move: Trick Room|[of] p2b: Chandelure\n|\n|-weather|Sandstorm|[upkeep]\n|-damage|p2b: Chandelure|47\/100|[from] Sandstorm\n|-damage|p1b: Gatrbait|94\/100|[from] Sandstorm\n|-damage|p1a: Boa|2\/100|[from] Sandstorm\n|upkeep\n|\n|t:|1699453033\n|switch|p2a: Xurkitree|Xurkitree|100\/100\n|-damage|p2a: Xurkitree|88\/100|[from] Stealth Rock\n|turn|8\n|\n|t:|1699453045\n|move|p2b: Chandelure|Shadow Ball|p1b: Gatrbait\n|-damage|p1b: Gatrbait|20\/100\n|move|p1b: Gatrbait|Bulldoze|p2b: Chandelure|[spread] p2a,p2b\n|-immune|p1a: Boa\n|-supereffective|p2a: Xurkitree\n|-damage|p2a: Xurkitree|15\/100\n|-damage|p2b: Chandelure|20\/100\n|move|p1a: Boa|Scale Shot|p2b: Chandelure\n|-damage|p2b: Chandelure|15\/100\n|-damage|p2b: Chandelure|11\/100\n|-damage|p2b: Chandelure|7\/100\n|-crit|p2b: Chandelure\n|-damage|p2b: Chandelure|0 fnt\n|faint|p2b: Chandelure\n|-hitcount|p2: Chandelure|4\n|-unboost|p1a: Boa|def|1\n|-boost|p1a: Boa|spe|1\n|move|p2a: Xurkitree|Dazzling Gleam|p1b: Gatrbait|[spread] p1a,p1b\n|-crit|p1b: Gatrbait\n|-damage|p1a: Boa|0 fnt\n|-damage|p1b: Gatrbait|0 fnt\n|faint|p1a: Boa\n|faint|p1b: Gatrbait\n|-ability|p2a: Xurkitree|Beast Boost|boost\n|-boost|p2a: Xurkitree|spa|2\n|\n|-weather|Sandstorm|[upkeep]\n|-damage|p2a: Xurkitree|9\/100|[from] Sandstorm\n|upkeep\n|-message|the maraculous forfeited.\n|\n|win|zeref203\n|raw|zeref203's rating: 1284 &rarr; <strong>1318<\/strong><br \/>(+34 for winning)\n|raw|the maraculous's rating: 1408 &rarr; <strong>1381<\/strong><br \/>(-27 for losing)\n|l|\u2606the maraculous\n","uploadtime":1699453076,"views":28,"p1id":"zeref203","p2id":"themaraculous","formatid":"gen9nationaldexdoubles","rating":1318,"private":0,"password":""}