{"id":"gen9nationaldexdoubles-1973200733","p1":"Zelphalopod","p2":"Datagne","format":"[Gen 9] National Dex Doubles","log":"|j|\u2606Zelphalopod\n|j|\u2606Datagne\n|t:|1697938781\n|gametype|doubles\n|player|p1|Zelphalopod|brendan-masters|\n|player|p2|Datagne|will|\n|teamsize|p1|6\n|teamsize|p2|6\n|gen|9\n|tier|[Gen 9] National Dex Doubles\n|rule|HP Percentage Mod: HP is shown in percentages\n|rule|Endless Battle Clause: Forcing endless battles is banned\n|rule|OHKO Clause: OHKO moves are banned\n|rule|Evasion Moves Clause: Evasion moves are banned\n|rule|Evasion Abilities Clause: Evasion abilities are banned\n|rule|Species Clause: Limit one of each Pok\u00e9mon\n|rule|Gravity Sleep Clause: The combination of sleep-inducing moves with imperfect accuracy and Gravity or Gigantamax Orbeetle are banned\n|clearpoke\n|poke|p1|Blaziken, M|\n|poke|p1|Samurott-Hisui, M|\n|poke|p1|Arboliva, F|\n|poke|p1|Brute Bonnet|\n|poke|p1|Volcanion|\n|poke|p1|Gyarados, M|\n|poke|p2|Klefki, M|\n|poke|p2|Gigalith, M|\n|poke|p2|Kingambit, M|\n|poke|p2|Enamorus-Therian, F|\n|poke|p2|Great Tusk|\n|poke|p2|Clodsire, M|\n|teampreview\n|j| Camdar\n|j| SgtSmilies\n|j| Relleth\n|\n|t:|1697938807\n|start\n|switch|p1a: Taro|Blaziken, M|100\/100\n|switch|p1b: Shui-Long|Gyarados, M|100\/100\n|switch|p2a: Jingles|Klefki, M|100\/100\n|switch|p2b: Aun|Kingambit, M|100\/100\n|-ability|p1b: Shui-Long|Intimidate|boost\n|-unboost|p2a: Jingles|atk|1\n|-unboost|p2b: Aun|atk|1\n|-ability|p2b: Aun|Defiant|boost\n|-boost|p2b: Aun|atk|2\n|turn|1\n|\n|t:|1697938847\n|move|p2a: Jingles|Reflect|p2a: Jingles\n|-sidestart|p2: Datagne|Reflect\n|move|p1a: Taro|Flare Blitz|p2b: Aun\n|-supereffective|p2b: Aun\n|-damage|p2b: Aun|27\/100\n|-damage|p1a: Taro|71\/100|[from] Recoil\n|-damage|p1a: Taro|61\/100|[from] item: Life Orb\n|move|p1b: Shui-Long|Taunt|p2a: Jingles\n|-start|p2a: Jingles|move: Taunt\n|move|p2b: Aun|Kowtow Cleave|p1b: Shui-Long\n|-damage|p1b: Shui-Long|0 fnt\n|faint|p1b: Shui-Long\n|-damage|p2b: Aun|17\/100|[from] item: Life Orb\n|\n|-ability|p1a: Taro|Speed Boost|boost\n|-boost|p1a: Taro|spe|1\n|upkeep\n|\n|t:|1697938863\n|switch|p1b: Among|Brute Bonnet|100\/100\n|-enditem|p1b: Among|Booster Energy\n|-activate|p1b: Among|ability: Protosynthesis|[fromitem]\n|-start|p1b: Among|protosynthesisdef\n|turn|2\n|\n|t:|1697938874\n|switch|p2a: Tortle|Enamorus-Therian, F|100\/100\n|move|p2b: Aun|Protect|p2b: Aun\n|-singleturn|p2b: Aun|Protect\n|move|p1b: Among|Rage Powder|p1b: Among\n|-singleturn|p1b: Among|move: Rage Powder\n|move|p1a: Taro|Flare Blitz|p2b: Aun\n|-activate|p2b: Aun|move: Protect\n|\n|-ability|p1a: Taro|Speed Boost|boost\n|-boost|p1a: Taro|spe|1\n|upkeep\n|turn|3\n|\n|t:|1697938888\n|switch|p2b: Omelette|Clodsire, M|100\/100\n|move|p1a: Taro|Detect|p1a: Taro\n|-singleturn|p1a: Taro|Protect\n|move|p2a: Tortle|Springtide Storm|p1a: Taro|[spread] p1b\n|-activate|p1a: Taro|move: Protect\n|-supereffective|p1b: Among\n|-damage|p1b: Among|31\/100\n|move|p1b: Among|Spore|p2a: Tortle\n|-immune|p2a: Tortle|[from] ability: Overcoat\n|\n|-ability|p1a: Taro|Speed Boost|boost\n|-boost|p1a: Taro|spe|1\n|upkeep\n|turn|4\n|c|\u2606Zelphalopod|(lol\n|c|\u2606Datagne|Your weakness, a coat\n|\n|t:|1697938933\n|move|p1b: Among|Rage Powder|p1b: Among\n|-singleturn|p1b: Among|move: Rage Powder\n|move|p1a: Taro|Knock Off|p2b: Omelette\n|-damage|p2b: Omelette|71\/100\n|-enditem|p2b: Omelette|Black Sludge|[from] move: Knock Off|[of] p1a: Taro\n|-damage|p1a: Taro|51\/100|[from] item: Life Orb\n|move|p2a: Tortle|Springtide Storm|p1b: Among|[spread] p1a\n|-miss|p2a: Tortle|p1b: Among\n|-damage|p1a: Taro|0 fnt\n|faint|p1a: Taro\n|move|p2b: Omelette|Earth Power|p1b: Among\n|-resisted|p1b: Among\n|-damage|p1b: Among|25\/100\n|\n|upkeep\n|\n|t:|1697938953\n|switch|p1a: Storm|Volcanion|100\/100\n|turn|5\n|\n|t:|1697938974\n|-terastallize|p1a: Storm|Ground\n|move|p2b: Omelette|Protect|p2b: Omelette\n|-singleturn|p2b: Omelette|Protect\n|move|p1b: Among|Rage Powder|p1b: Among\n|-singleturn|p1b: Among|move: Rage Powder\n|move|p1a: Storm|Earth Power|p2b: Omelette\n|-activate|p2b: Omelette|move: Protect\n|move|p2a: Tortle|Springtide Storm|p1a: Storm|[spread] p1a,p1b\n|-supereffective|p1b: Among\n|-damage|p1a: Storm|71\/100\n|-damage|p1b: Among|0 fnt\n|-unboost|p1a: Storm|atk|1\n|faint|p1b: Among\n|-end|p1b: Among|Protosynthesis|[silent]\n|\n|upkeep\n|\n|t:|1697938987\n|switch|p1b: Crown|Arboliva, F|100\/100\n|turn|6\n|\n|t:|1697939005\n|switch|p2b: Horny|Great Tusk|100\/100\n|move|p1a: Storm|Earth Power|p2b: Horny\n|-damage|p2b: Horny|30\/100\n|move|p2a: Tortle|Focus Blast|p1b: Crown|[miss]\n|-miss|p2a: Tortle|p1b: Crown\n|move|p1b: Crown|Leech Seed|p2a: Tortle\n|-start|p2a: Tortle|move: Leech Seed\n|\n|-damage|p2a: Tortle|88\/100|[from] Leech Seed|[of] p1b: Crown\n|upkeep\n|turn|7\n|\n|t:|1697939026\n|move|p2b: Horny|Earthquake|p1b: Crown|[spread] p1a,p1b\n|-immune|p2a: Tortle\n|-resisted|p1b: Crown\n|-damage|p1a: Storm|44\/100\n|-damage|p1b: Crown|80\/100\n|move|p1a: Storm|Heat Wave|p2b: Horny|[spread] p2a,p2b\n|-damage|p2a: Tortle|61\/100\n|-damage|p2b: Horny|0 fnt\n|faint|p2b: Horny\n|-end|p2b: Horny|Protosynthesis|[silent]\n|move|p2a: Tortle|Focus Blast|p1b: Crown\n|-supereffective|p1b: Crown\n|-damage|p1b: Crown|14\/100\n|-enditem|p1b: Crown|Sitrus Berry|[eat]\n|-heal|p1b: Crown|39\/100|[from] item: Sitrus Berry\n|move|p1b: Crown|Reflect|p1b: Crown\n|-sidestart|p1: Zelphalopod|Reflect\n|\n|-damage|p2a: Tortle|49\/100|[from] Leech Seed|[of] p1b: Crown\n|-heal|p1b: Crown|51\/100|[silent]\n|upkeep\n|\n|t:|1697939045\n|switch|p2b: Jingles|Klefki, M|100\/100\n|turn|8\n|\n|t:|1697939055\n|move|p2b: Jingles|Light Screen|p2b: Jingles\n|-sidestart|p2: Datagne|move: Light Screen\n|move|p1a: Storm|Heat Wave|p2a: Tortle|[spread] \n|-miss|p1a: Storm|p2a: Tortle\n|-miss|p1a: Storm|p2b: Jingles\n|move|p2a: Tortle|Moonblast|p1a: Storm\n|-damage|p1a: Storm|8\/100\n|move|p1b: Crown|Strength Sap|p2a: Tortle\n|-unboost|p2a: Tortle|atk|1\n|-heal|p1b: Crown|100\/100\n|\n|-damage|p2a: Tortle|36\/100|[from] Leech Seed|[of] p1b: Crown\n|-sideend|p2: Datagne|Reflect\n|upkeep\n|turn|9\n|c|\u2606Datagne|Oooof\n|\n|t:|1697939079\n|move|p1a: Storm|Heat Wave|p2a: Tortle|[spread] p2a,p2b\n|-supereffective|p2b: Jingles\n|-damage|p2a: Tortle|20\/100\n|-damage|p2b: Jingles|35\/100\n|move|p2a: Tortle|Springtide Storm|p1a: Storm|[spread] p1a,p1b\n|-damage|p1a: Storm|0 fnt\n|-damage|p1b: Crown|66\/100\n|-unboost|p1b: Crown|atk|1\n|faint|p1a: Storm\n|move|p1b: Crown|Leech Seed|p2b: Jingles\n|-start|p2b: Jingles|move: Leech Seed\n|move|p2b: Jingles|Trick Room|p2b: Jingles\n|-fieldstart|move: Trick Room|[of] p2b: Jingles\n|\n|-damage|p2a: Tortle|8\/100|[from] Leech Seed|[of] p1b: Crown\n|-heal|p1b: Crown|78\/100|[silent]\n|-damage|p2b: Jingles|23\/100|[from] Leech Seed|[of] p1b: Crown\n|-heal|p1b: Crown|89\/100|[silent]\n|-item|p1b: Crown|Sitrus Berry|[from] ability: Harvest\n|upkeep\n|\n|t:|1697939097\n|switch|p1a: Yin|Samurott-Hisui, M|100\/100\n|turn|10\n|\n|t:|1697939114\n|move|p2b: Jingles|Protect|p2b: Jingles\n|-singleturn|p2b: Jingles|Protect\n|move|p1b: Crown|Grass Knot|p2a: Tortle\n|-resisted|p2a: Tortle\n|-damage|p2a: Tortle|2\/100\n|move|p2a: Tortle|Moonblast|p1a: Yin\n|-supereffective|p1a: Yin\n|-damage|p1a: Yin|0 fnt\n|faint|p1a: Yin\n|\n|-damage|p2a: Tortle|0 fnt|[from] Leech Seed|[of] p1b: Crown\n|-heal|p1b: Crown|90\/100|[silent]\n|faint|p2a: Tortle\n|-damage|p2b: Jingles|10\/100|[from] Leech Seed|[of] p1b: Crown\n|-heal|p1b: Crown|100\/100|[silent]\n|upkeep\n|\n|t:|1697939128\n|switch|p2a: Aun|Kingambit, M|17\/100\n|turn|11\n|\n|t:|1697939133\n|move|p2b: Jingles|Reflect|p2b: Jingles\n|-sidestart|p2: Datagne|Reflect\n|move|p1b: Crown|Leech Seed|p2a: Aun|[miss]\n|-miss|p1b: Crown|p2a: Aun\n|move|p2a: Aun|Brick Break|p1b: Crown\n|-sideend|p1: Zelphalopod|Reflect\n|-supereffective|p1b: Crown\n|-crit|p1b: Crown\n|-damage|p1b: Crown|0 fnt\n|faint|p1b: Crown\n|-damage|p2a: Aun|7\/100|[from] item: Life Orb\n|\n|win|Datagne\n|c|\u2606Datagne|GG\n|l|\u2606Zelphalopod\n","uploadtime":1697939143,"views":14,"p1id":"zelphalopod","p2id":"datagne","formatid":"gen9nationaldexdoubles","rating":0,"private":0,"password":""}