{"id":"gen9nationaldexdoubles-1973630673","p1":"robloxian5gl","p2":"zygardefan18","format":"[Gen 9] National Dex Doubles","log":"|j|\u2606robloxian5gl\n|j|\u2606zygardefan18\n|t:|1697997905\n|gametype|doubles\n|player|p1|robloxian5gl|geeta|1202\n|player|p2|zygardefan18|n-masters3|1248\n|teamsize|p1|6\n|teamsize|p2|6\n|gen|9\n|tier|[Gen 9] National Dex Doubles\n|rated|\n|rule|HP Percentage Mod: HP is shown in percentages\n|rule|Endless Battle Clause: Forcing endless battles is banned\n|rule|OHKO Clause: OHKO moves are banned\n|rule|Evasion Moves Clause: Evasion moves are banned\n|rule|Evasion Abilities Clause: Evasion abilities are banned\n|rule|Species Clause: Limit one of each Pok\u00e9mon\n|rule|Gravity Sleep Clause: The combination of sleep-inducing moves with imperfect accuracy and Gravity or Gigantamax Orbeetle are banned\n|clearpoke\n|poke|p1|Glimmora, M|\n|poke|p1|Espathra, F|\n|poke|p1|Gogoat, M|\n|poke|p1|Avalugg, F|\n|poke|p1|Veluza, F|\n|poke|p1|Kingambit, M|\n|poke|p2|Zygarde|\n|poke|p2|Zamazenta-*|\n|poke|p2|Jirachi|\n|poke|p2|Rillaboom, F|\n|poke|p2|Kangaskhan, F|\n|poke|p2|Glimmora, F|\n|teampreview\n|inactive|Battle timer is ON: inactive players will automatically lose when time's up. (requested by robloxian5gl)\n|\n|t:|1697997913\n|start\n|switch|p1a: Glimmora|Glimmora, M|100\/100\n|switch|p1b: Espathra|Espathra, F|100\/100\n|switch|p2a: Glimmora|Glimmora, F|100\/100\n|switch|p2b: Kangaskhan|Kangaskhan, F|100\/100\n|turn|1\n|\n|t:|1697997925\n|detailschange|p2b: Kangaskhan|Kangaskhan-Mega, F\n|-mega|p2b: Kangaskhan|Kangaskhan|Kangaskhanite\n|move|p1b: Espathra|Reflect|p1b: Espathra\n|-sidestart|p1: robloxian5gl|Reflect\n|move|p2b: Kangaskhan|Seismic Toss|p1b: Espathra\n|-damage|p1b: Espathra|70\/100\n|-damage|p1b: Espathra|40\/100\n|-hitcount|p1b: Espathra|2\n|move|p2a: Glimmora|Earth Power|p1a: Glimmora\n|-supereffective|p1a: Glimmora\n|-damage|p1a: Glimmora|0 fnt\n|faint|p1a: Glimmora\n|\n|upkeep\n|\n|t:|1697997942\n|switch|p1a: Avalugg|Avalugg, F|100\/100\n|turn|2\n|\n|t:|1697997952\n|move|p1b: Espathra|Lumina Crash|p2a: Glimmora\n|-supereffective|p2a: Glimmora\n|-damage|p2a: Glimmora|10\/100\n|-unboost|p2a: Glimmora|spd|2\n|move|p2b: Kangaskhan|Seismic Toss|p1a: Avalugg\n|-damage|p1a: Avalugg|75\/100\n|-damage|p2b: Kangaskhan|84\/100|[from] item: Rocky Helmet|[of] p1a: Avalugg\n|-damage|p1a: Avalugg|50\/100\n|-damage|p2b: Kangaskhan|67\/100|[from] item: Rocky Helmet|[of] p1a: Avalugg\n|-hitcount|p1a: Avalugg|2\n|move|p2a: Glimmora|Power Gem|p1b: Espathra\n|-damage|p1b: Espathra|0 fnt\n|faint|p1b: Espathra\n|move|p1a: Avalugg|Body Press|p2b: Kangaskhan\n|-supereffective|p2b: Kangaskhan\n|-crit|p2b: Kangaskhan\n|-damage|p2b: Kangaskhan|0 fnt\n|faint|p2b: Kangaskhan\n|\n|upkeep\n|inactive|zygardefan18 has 120 seconds left.\n|c|\u2606robloxian5gl|cmon\n|c|\u2606zygardefan18|?\n|\n|t:|1697998003\n|switch|p1b: Veluza|Veluza, F|100\/100\n|switch|p2b: Rillaboom|Rillaboom, F|100\/100\n|-fieldstart|move: Grassy Terrain|[from] ability: Grassy Surge|[of] p2b: Rillaboom\n|turn|3\n|c|\u2606robloxian5gl|choose\n|inactive|zygardefan18 has 120 seconds left.\n|c|\u2606zygardefan18|oh sorry i have to think ab it\n|c|\u2606zygardefan18|and im not shit\n|c|\u2606robloxian5gl|oh true sorry\n|\n|t:|1697998025\n|move|p2b: Rillaboom|Grassy Glide|p1b: Veluza\n|-supereffective|p1b: Veluza\n|-damage|p1b: Veluza|52\/100\n|move|p2a: Glimmora|Power Gem|p1a: Avalugg\n|-supereffective|p1a: Avalugg\n|-damage|p1a: Avalugg|0 fnt\n|faint|p1a: Avalugg\n|move|p1b: Veluza|Night Slash|p2a: Glimmora\n|-damage|p2a: Glimmora|0 fnt\n|-activate|p2a: Glimmora|ability: Toxic Debris\n|-sidestart|p1: robloxian5gl|move: Toxic Spikes\n|faint|p2a: Glimmora\n|\n|-heal|p1b: Veluza|58\/100|[from] Grassy Terrain\n|upkeep\n|\n|t:|1697998038\n|switch|p2a: Zamazenta|Zamazenta|100\/100\n|switch|p1a: Gogoat|Gogoat, M|100\/100\n|-ability|p2a: Zamazenta|Dauntless Shield|boost\n|-boost|p2a: Zamazenta|def|1\n|-status|p1a: Gogoat|psn\n|turn|4\n|\n|t:|1697998054\n|move|p2a: Zamazenta|Coaching|p2b: Rillaboom\n|-boost|p2b: Rillaboom|atk|1\n|-boost|p2b: Rillaboom|def|1\n|move|p2b: Rillaboom|Wood Hammer|p1b: Veluza\n|-supereffective|p1b: Veluza\n|-damage|p1b: Veluza|0 fnt\n|faint|p1b: Veluza\n|-damage|p2b: Rillaboom|82\/100|[from] Recoil\n|move|p1a: Gogoat|Bulk Up|p1a: Gogoat\n|-boost|p1a: Gogoat|atk|1\n|-boost|p1a: Gogoat|def|1\n|\n|-heal|p2b: Rillaboom|89\/100|[from] Grassy Terrain\n|-damage|p1a: Gogoat|88\/100 psn|[from] psn\n|upkeep\n|\n|t:|1697998072\n|switch|p1b: Kingambit|Kingambit, M|100\/100\n|-activate|p1b: Kingambit|ability: Supreme Overlord\n|-start|p1b: Kingambit|fallen4|[silent]\n|turn|5\n|c|\u2606zygardefan18|!dt grass pelt\n|raw|<ul class=\"utilichart\"><li class=\"result\"><span class=\"col namecol\"><a href=\"https:\/\/dex.pokemonshowdown.com\/abilities\/grasspelt\">Grass Pelt<\/a><\/span> <span class=\"col abilitydesccol\">If Grassy Terrain is active, this Pokemon's Defense is multiplied by 1.5.<\/span> <\/li><li style=\"clear:both\"><\/li><\/ul>\n|raw|<font size=\"1\"><font color=\"#686868\">Gen:<\/font> 6&nbsp;|&ThickSpace;&#10003; Ignored by Mold Breaker<\/font>\n\n|\n|t:|1697998090\n|-terastallize|p1b: Kingambit|Ghost\n|move|p2a: Zamazenta|Body Press|p1b: Kingambit\n|-immune|p1b: Kingambit\n|move|p2b: Rillaboom|U-turn|p1a: Gogoat\n|-supereffective|p1a: Gogoat\n|-damage|p1a: Gogoat|55\/100 psn\n|\n|t:|1697998097\n|switch|p2b: Jirachi|Jirachi|100\/100|[from] U-turn\n|move|p1a: Gogoat|Play Rough|p2a: Zamazenta\n|-supereffective|p2a: Zamazenta\n|-damage|p2a: Zamazenta|53\/100\n|move|p1b: Kingambit|Swords Dance|p1b: Kingambit\n|-boost|p1b: Kingambit|atk|2\n|\n|-heal|p2a: Zamazenta|59\/100|[from] Grassy Terrain\n|-heal|p1a: Gogoat|61\/100 psn|[from] Grassy Terrain\n|-heal|p1a: Gogoat|67\/100 psn|[from] item: Leftovers\n|-damage|p1a: Gogoat|55\/100 psn|[from] psn\n|-sideend|p1: robloxian5gl|Reflect\n|upkeep\n|turn|6\n|\n|t:|1697998118\n|move|p2b: Jirachi|Follow Me|p2b: Jirachi\n|-singleturn|p2b: Jirachi|move: Follow Me\n|move|p1b: Kingambit|Sucker Punch||[still]\n|-fail|p1b: Kingambit\n|move|p2a: Zamazenta|Snarl|p1a: Gogoat|[spread] p1a,p1b\n|-supereffective|p1b: Kingambit\n|-damage|p1a: Gogoat|49\/100 psn\n|-damage|p1b: Kingambit|87\/100\n|-unboost|p1a: Gogoat|spa|1\n|-unboost|p1b: Kingambit|spa|1\n|move|p1a: Gogoat|Horn Leech|p2b: Jirachi\n|-resisted|p2b: Jirachi\n|-damage|p2b: Jirachi|74\/100\n|-heal|p1a: Gogoat|61\/100 psn|[from] drain|[of] p2b: Jirachi\n|\n|-heal|p2a: Zamazenta|65\/100|[from] Grassy Terrain\n|-heal|p2b: Jirachi|80\/100|[from] Grassy Terrain\n|-heal|p1a: Gogoat|67\/100 psn|[from] Grassy Terrain\n|-heal|p1a: Gogoat|73\/100 psn|[from] item: Leftovers\n|-heal|p1b: Kingambit|93\/100|[from] Grassy Terrain\n|-damage|p1a: Gogoat|61\/100 psn|[from] psn\n|upkeep\n|turn|7\n|\n|t:|1697998144\n|switch|p2a: Rillaboom|Rillaboom, F|89\/100\n|-terastallize|p2b: Jirachi|Fairy\n|move|p2b: Jirachi|Follow Me|p2b: Jirachi\n|-singleturn|p2b: Jirachi|move: Follow Me\n|move|p1a: Gogoat|Horn Leech|p2b: Jirachi\n|-damage|p2b: Jirachi|25\/100\n|-heal|p1a: Gogoat|86\/100 psn|[from] drain|[of] p2b: Jirachi\n|move|p1b: Kingambit|Low Kick|p2b: Jirachi\n|-resisted|p2b: Jirachi\n|-damage|p2b: Jirachi|17\/100\n|\n|-heal|p2b: Jirachi|23\/100|[from] Grassy Terrain\n|-heal|p2a: Rillaboom|95\/100|[from] Grassy Terrain\n|-heal|p1a: Gogoat|92\/100 psn|[from] Grassy Terrain\n|-heal|p1a: Gogoat|98\/100 psn|[from] item: Leftovers\n|-heal|p1b: Kingambit|99\/100|[from] Grassy Terrain\n|-damage|p1a: Gogoat|86\/100 psn|[from] psn\n|-fieldend|move: Grassy Terrain\n|upkeep\n|turn|8\n|\n|t:|1697998171\n|move|p2b: Jirachi|Follow Me|p2b: Jirachi\n|-singleturn|p2b: Jirachi|move: Follow Me\n|move|p2a: Rillaboom|Wood Hammer|p1b: Kingambit\n|-damage|p1b: Kingambit|57\/100\n|-damage|p2a: Rillaboom|81\/100|[from] Recoil\n|move|p1a: Gogoat|Horn Leech|p2b: Jirachi\n|-damage|p2b: Jirachi|0 fnt\n|-heal|p1a: Gogoat|96\/100 psn|[from] drain|[of] p2b: Jirachi\n|faint|p2b: Jirachi\n|move|p1b: Kingambit|Iron Head|p2a: Rillaboom\n|-damage|p2a: Rillaboom|0 fnt\n|faint|p2a: Rillaboom\n|\n|-heal|p1a: Gogoat|100\/100 psn|[from] item: Leftovers\n|-damage|p1a: Gogoat|88\/100 psn|[from] psn\n|upkeep\n|\n|t:|1697998179\n|switch|p2b: Zygarde|Zygarde, shiny|100\/100\n|switch|p2a: Zamazenta|Zamazenta|65\/100\n|-ability|p2b: Zygarde|Aura Break\n|turn|9\n|\n|t:|1697998198\n|move|p1b: Kingambit|Sucker Punch|p2b: Zygarde\n|-damage|p2b: Zygarde|10\/100\n|move|p2a: Zamazenta|Coaching|p2b: Zygarde\n|-boost|p2b: Zygarde|atk|1\n|-boost|p2b: Zygarde|def|1\n|move|p2b: Zygarde|Thousand Arrows|p1b: Kingambit|[spread] p1a,p1b\n|-resisted|p1a: Gogoat\n|-damage|p1a: Gogoat|69\/100 psn\n|-damage|p1b: Kingambit|23\/100\n|move|p1a: Gogoat|Play Rough|p2a: Zamazenta\n|-supereffective|p2a: Zamazenta\n|-damage|p2a: Zamazenta|0 fnt\n|faint|p2a: Zamazenta\n|\n|-heal|p1a: Gogoat|75\/100 psn|[from] item: Leftovers\n|-damage|p1a: Gogoat|63\/100 psn|[from] psn\n|upkeep\n|turn|10\n|\n|t:|1697998217\n|move|p2b: Zygarde|Extreme Speed|p1a: Gogoat\n|-damage|p1a: Gogoat|31\/100 psn\n|move|p1b: Kingambit|Sucker Punch||[still]\n|-fail|p1b: Kingambit\n|move|p1a: Gogoat|Tera Blast|p2b: Zygarde\n|-damage|p2b: Zygarde|0 fnt\n|faint|p2b: Zygarde\n|\n|win|robloxian5gl\n|raw|robloxian5gl's rating: 1202 &rarr; <strong>1230<\/strong><br \/>(+28 for winning)\n|raw|zygardefan18's rating: 1248 &rarr; <strong>1220<\/strong><br \/>(-28 for losing)\n|l|\u2606zygardefan18\n|c|\u2606robloxian5gl|gg\n","uploadtime":1697998229,"views":12,"p1id":"robloxian5gl","p2id":"zygardefan18","formatid":"gen9nationaldexdoubles","rating":1220,"private":0,"password":""}