{"id":"gen9nationaldexdoubles-1958032998","p1":"Tranca Porta","p2":"Come Mae","format":"[Gen 9] National Dex Doubles","log":"|j|\u2606Tranca Porta\n|j|\u2606Come Mae\n|t:|1696281837\n|gametype|doubles\n|player|p1|Tranca Porta|drayden|\n|player|p2|Come Mae|drayden|\n|teamsize|p1|6\n|teamsize|p2|6\n|gen|9\n|tier|[Gen 9] National Dex Doubles\n|rule|HP Percentage Mod: HP is shown in percentages\n|rule|Endless Battle Clause: Forcing endless battles is banned\n|rule|OHKO Clause: OHKO moves are banned\n|rule|Evasion Moves Clause: Evasion moves are banned\n|rule|Evasion Abilities Clause: Evasion abilities are banned\n|rule|Species Clause: Limit one of each Pok\u00e9mon\n|rule|Gravity Sleep Clause: The combination of sleep-inducing moves with imperfect accuracy and Gravity or Gigantamax Orbeetle are banned\n|clearpoke\n|poke|p1|Haxorus, F|\n|poke|p1|Bouffalant, M|\n|poke|p1|Baxcalibur, M|\n|poke|p1|Salazzle, F|\n|poke|p1|Duraludon, M|\n|poke|p1|Kingdra, F|\n|poke|p2|Dracozolt|\n|poke|p2|Arctovish|\n|poke|p2|Aerodactyl, M|\n|poke|p2|Indeedee-F, F|\n|poke|p2|Cradily, F|\n|poke|p2|Arcanine-Hisui, F|\n|teampreview\n|\n|t:|1696281855\n|start\n|switch|p1a: Bouffalant|Bouffalant, M|100\/100\n|switch|p1b: Haxorus|Haxorus, F|100\/100\n|switch|p2a: Indeedee|Indeedee-F, F|100\/100\n|switch|p2b: Arcanine|Arcanine-Hisui, F|100\/100\n|-ability|p1b: Haxorus|Mold Breaker\n|turn|1\n|\n|t:|1696281922\n|switch|p2a: Arctovish|Arctovish|100\/100\n|move|p1b: Haxorus|Iron Head|p2a: Arctovish\n|-damage|p2a: Arctovish|75\/100\n|move|p2b: Arcanine|Wild Charge|p1b: Haxorus\n|-resisted|p1b: Haxorus\n|-damage|p1b: Haxorus|81\/100\n|move|p1a: Bouffalant|Megahorn|p2a: Arctovish|[miss]\n|-miss|p1a: Bouffalant|p2a: Arctovish\n|\n|upkeep\n|turn|2\n|\n|t:|1696281961\n|switch|p1a: Kingdra|Kingdra, F|100\/100\n|move|p1b: Haxorus|Iron Head|p2b: Arcanine\n|-damage|p2b: Arcanine|62\/100\n|move|p2b: Arcanine|Wild Charge|p1b: Haxorus\n|-resisted|p1b: Haxorus\n|-damage|p1b: Haxorus|62\/100\n|move|p2a: Arctovish|Icicle Crash|p1a: Kingdra|[miss]\n|-miss|p2a: Arctovish|p1a: Kingdra\n|\n|upkeep\n|turn|3\n|\n|t:|1696282003\n|move|p1b: Haxorus|Brick Break|p2b: Arcanine\n|-supereffective|p2b: Arcanine\n|-damage|p2b: Arcanine|0 fnt\n|faint|p2b: Arcanine\n|move|p1a: Kingdra|Rain Dance|p1a: Kingdra\n|-weather|RainDance\n|move|p2a: Arctovish|Substitute|p2a: Arctovish\n|-start|p2a: Arctovish|Substitute\n|-damage|p2a: Arctovish|50\/100\n|\n|-weather|RainDance|[upkeep]\n|upkeep\n|\n|t:|1696282017\n|switch|p2b: Cradily|Cradily, F|100\/100\n|turn|4\n|\n|t:|1696282050\n|move|p1a: Kingdra|Hydro Pump|p2b: Cradily\n|-ability|p2b: Cradily|Storm Drain|boost\n|-boost|p2b: Cradily|spa|1\n|move|p1b: Haxorus|Iron Head|p2b: Cradily\n|-supereffective|p2b: Cradily\n|-damage|p2b: Cradily|28\/100\n|move|p2a: Arctovish|Super Fang|p1b: Haxorus\n|-damage|p1b: Haxorus|32\/100\n|cant|p2b: Cradily|flinch\n|\n|-weather|RainDance|[upkeep]\n|upkeep\n|turn|5\n|\n|t:|1696282096\n|switch|p1a: Salazzle|Salazzle, F|100\/100\n|switch|p1b: Duraludon|Duraludon, M|100\/100\n|move|p2a: Arctovish|Icicle Crash|p1a: Salazzle\n|-resisted|p1a: Salazzle\n|-damage|p1a: Salazzle|76\/100\n|move|p2b: Cradily|Synthesis|p2b: Cradily\n|-heal|p2b: Cradily|53\/100\n|\n|-weather|RainDance|[upkeep]\n|upkeep\n|turn|6\n|\n|t:|1696282132\n|move|p1a: Salazzle|Toxic Spikes|p2a: Arctovish\n|-sidestart|p2: Come Mae|move: Toxic Spikes\n|move|p1b: Duraludon|Light Screen|p1b: Duraludon\n|-sidestart|p1: Tranca Porta|move: Light Screen\n|move|p2a: Arctovish|Fishious Rend|p2b: Cradily\n|-activate|p2b: Cradily|ability: Storm Drain\n|-ability|p2b: Cradily|Storm Drain|boost\n|-boost|p2b: Cradily|spa|1\n|move|p2b: Cradily|Earth Power|p1a: Salazzle\n|-supereffective|p1a: Salazzle\n|-damage|p1a: Salazzle|0 fnt\n|faint|p1a: Salazzle\n|\n|-weather|RainDance|[upkeep]\n|upkeep\n|\n|t:|1696282156\n|switch|p1a: Baxcalibur|Baxcalibur, M|100\/100\n|turn|7\n|\n|t:|1696282190\n|switch|p1b: Kingdra|Kingdra, F|100\/100\n|move|p1a: Baxcalibur|Swords Dance|p1a: Baxcalibur\n|-boost|p1a: Baxcalibur|atk|2\n|move|p2a: Arctovish|Super Fang|p1a: Baxcalibur\n|-damage|p1a: Baxcalibur|50\/100\n|move|p2b: Cradily|Toxic|p1a: Baxcalibur|[miss]\n|-miss|p2b: Cradily|p1a: Baxcalibur\n|\n|-weather|none\n|upkeep\n|turn|8\n|\n|t:|1696282229\n|move|p1a: Baxcalibur|Icicle Crash|p2a: Arctovish\n|-resisted|p2a: Arctovish\n|-activate|p2a: Arctovish|move: Substitute|[damage]\n|move|p1b: Kingdra|Dragon Pulse|p2b: Cradily\n|-damage|p2b: Cradily|25\/100\n|move|p2a: Arctovish|Icicle Crash|p1a: Baxcalibur\n|-damage|p1a: Baxcalibur|27\/100\n|move|p2b: Cradily|Toxic|p1b: Kingdra|[miss]\n|-miss|p2b: Cradily|p1b: Kingdra\n|\n|upkeep\n|turn|9\n|\n|t:|1696282279\n|switch|p1a: Duraludon|Duraludon, M|100\/100\n|switch|p2a: Dracozolt|Dracozolt|100\/100\n|-status|p2a: Dracozolt|psn\n|move|p1b: Kingdra|Hurricane|p2a: Dracozolt\n|-resisted|p2a: Dracozolt\n|-damage|p2a: Dracozolt|80\/100 psn\n|move|p2b: Cradily|Earth Power|p1a: Duraludon\n|-supereffective|p1a: Duraludon\n|-damage|p1a: Duraludon|0 fnt\n|faint|p1a: Duraludon\n|\n|-damage|p2a: Dracozolt|67\/100 psn|[from] psn\n|upkeep\n|\n|t:|1696282306\n|switch|p1a: Bouffalant|Bouffalant, M|100\/100\n|turn|10\n|\n|t:|1696282332\n|switch|p1b: Haxorus|Haxorus, F|32\/100\n|-ability|p1b: Haxorus|Mold Breaker\n|move|p2a: Dracozolt|Protect|p2a: Dracozolt\n|-singleturn|p2a: Dracozolt|Protect\n|move|p1a: Bouffalant|Head Charge|p2b: Cradily\n|-resisted|p2b: Cradily\n|-damage|p2b: Cradily|0 fnt\n|faint|p2b: Cradily\n|-damage|p1a: Bouffalant|94\/100|[from] Recoil\n|\n|-damage|p2a: Dracozolt|55\/100 psn|[from] psn\n|-sideend|p1: Tranca Porta|move: Light Screen\n|upkeep\n|\n|t:|1696282352\n|switch|p2b: Indeedee|Indeedee-F, F|100\/100\n|-status|p2b: Indeedee|psn\n|turn|11\n|\n|t:|1696282379\n|move|p1b: Haxorus|Dragon Dance|p1b: Haxorus\n|-boost|p1b: Haxorus|atk|1\n|-boost|p1b: Haxorus|spe|1\n|move|p2b: Indeedee|Calm Mind|p2b: Indeedee\n|-boost|p2b: Indeedee|spa|1\n|-boost|p2b: Indeedee|spd|1\n|move|p2a: Dracozolt|Outrage|p1b: Haxorus\n|-supereffective|p1b: Haxorus\n|-damage|p1b: Haxorus|0 fnt\n|faint|p1b: Haxorus\n|move|p1a: Bouffalant|Megahorn|p2a: Dracozolt\n|-damage|p2a: Dracozolt|23\/100 psn\n|\n|-damage|p2b: Indeedee|88\/100 psn|[from] psn\n|-damage|p2a: Dracozolt|11\/100 psn|[from] psn\n|upkeep\n|\n|t:|1696282397\n|switch|p1b: Kingdra|Kingdra, F|100\/100\n|turn|12\n|\n|t:|1696282427\n|switch|p2b: Aerodactyl|Aerodactyl, M|100\/100\n|move|p1b: Kingdra|Dragon Pulse|p2b: Aerodactyl\n|-damage|p2b: Aerodactyl|47\/100\n|move|p2a: Dracozolt|Outrage|p1a: Bouffalant|[from]lockedmove\n|-damage|p1a: Bouffalant|45\/100\n|move|p1a: Bouffalant|Megahorn|p2b: Aerodactyl\n|-resisted|p2b: Aerodactyl\n|-damage|p2b: Aerodactyl|17\/100\n|\n|-damage|p2a: Dracozolt|0 fnt|[from] psn\n|faint|p2a: Dracozolt\n|upkeep\n|\n|t:|1696282445\n|switch|p2a: Indeedee|Indeedee-F, F|88\/100 psn\n|turn|13\n|\n|t:|1696282477\n|switch|p1b: Baxcalibur|Baxcalibur, M|27\/100\n|move|p2b: Aerodactyl|Stone Edge|p1a: Bouffalant\n|-damage|p1a: Bouffalant|1\/100\n|move|p2a: Indeedee|Baton Pass|p2a: Indeedee\n|\n|t:|1696282488\n|switch|p2a: Arctovish|Arctovish|50\/100|[from] Baton Pass\n|-status|p2a: Arctovish|psn\n|move|p1a: Bouffalant|Head Charge|p2a: Arctovish\n|-damage|p2a: Arctovish|0 fnt\n|faint|p2a: Arctovish\n|-damage|p1a: Bouffalant|0 fnt|[from] Recoil\n|faint|p1a: Bouffalant\n|\n|upkeep\n|\n|t:|1696282503\n|switch|p2a: Indeedee|Indeedee-F, F|88\/100 psn\n|switch|p1a: Kingdra|Kingdra, F|100\/100\n|turn|14\n|\n|t:|1696282545\n|move|p2b: Aerodactyl|Double-Edge|p1a: Kingdra\n|-damage|p1a: Kingdra|55\/100\n|move|p1b: Baxcalibur|Glaive Rush|p2b: Aerodactyl\n|-damage|p2b: Aerodactyl|0 fnt\n|-singlemove|p1b: Baxcalibur|Glaive Rush|[silent]\n|faint|p2b: Aerodactyl\n|move|p1a: Kingdra|Dragon Pulse|p2a: Indeedee\n|-damage|p2a: Indeedee|54\/100 psn\n|move|p2a: Indeedee|Hyper Voice|p1a: Kingdra|[spread] p1a,p1b\n|-damage|p1a: Kingdra|30\/100\n|-damage|p1b: Baxcalibur|0 fnt\n|faint|p1b: Baxcalibur\n|\n|-damage|p2a: Indeedee|41\/100 psn|[from] psn\n|upkeep\n|turn|15\n|\n|t:|1696282572\n|move|p2a: Indeedee|Calm Mind|p2a: Indeedee\n|-boost|p2a: Indeedee|spa|1\n|-boost|p2a: Indeedee|spd|1\n|move|p1a: Kingdra|Hydro Pump|p2a: Indeedee\n|-damage|p2a: Indeedee|14\/100 psn\n|\n|-damage|p2a: Indeedee|2\/100 psn|[from] psn\n|upkeep\n|turn|16\n|\n|t:|1696282602\n|move|p1a: Kingdra|Dragon Pulse|p2a: Indeedee\n|-damage|p2a: Indeedee|0 fnt\n|faint|p2a: Indeedee\n|\n|win|Tranca Porta\n","uploadtime":1696282612,"views":15,"p1id":"trancaporta","p2id":"comemae","formatid":"gen9nationaldexdoubles","rating":0,"private":0,"password":""}