{"id":"gen9nationaldexdoubles-1982754747","p1":"gyrothefox","p2":"TheBosses27","format":"[Gen 9] National Dex Doubles","log":"|j|\u2606gyrothefox\n|j|\u2606TheBosses27\n|t:|1699041783\n|gametype|doubles\n|player|p1|gyrothefox|hilda-wonderlauncher|1045\n|player|p2|TheBosses27|bruno|1196\n|teamsize|p1|6\n|teamsize|p2|6\n|gen|9\n|tier|[Gen 9] National Dex Doubles\n|rated|\n|rule|HP Percentage Mod: HP is shown in percentages\n|rule|Endless Battle Clause: Forcing endless battles is banned\n|rule|OHKO Clause: OHKO moves are banned\n|rule|Evasion Moves Clause: Evasion moves are banned\n|rule|Evasion Abilities Clause: Evasion abilities are banned\n|rule|Species Clause: Limit one of each Pok\u00e9mon\n|rule|Gravity Sleep Clause: The combination of sleep-inducing moves with imperfect accuracy and Gravity or Gigantamax Orbeetle are banned\n|clearpoke\n|poke|p1|Cursola, F|\n|poke|p1|Togekiss, F|\n|poke|p1|Araquanid, M|\n|poke|p1|Ceruledge, M|\n|poke|p1|Basculegion, M|\n|poke|p1|Overqwil, M|\n|poke|p2|Tatsugiri-Droopy, M|\n|poke|p2|Kingler, M|\n|poke|p2|Ogerpon-Wellspring, F|\n|poke|p2|Tsareena, F|\n|poke|p2|Malamar, M|\n|poke|p2|Kingambit, F|\n|teampreview\n|inactive|Battle timer is ON: inactive players will automatically lose when time's up. (requested by TheBosses27)\n|\n|t:|1699041800\n|start\n|switch|p1a: Spooder|Araquanid, M, shiny|100\/100\n|switch|p1b: Beach Ball|Overqwil, M, shiny|100\/100\n|switch|p2a: Tatsugiri|Tatsugiri-Droopy, M|100\/100\n|switch|p2b: Ogerpon|Ogerpon-Wellspring, F|100\/100\n|turn|1\n|\n|t:|1699041820\n|move|p1b: Beach Ball|Rain Dance|p1b: Beach Ball\n|-weather|RainDance\n|move|p2b: Ogerpon|Charm|p1a: Spooder\n|-unboost|p1a: Spooder|atk|2\n|move|p2a: Tatsugiri|Dragon Dance|p2a: Tatsugiri\n|-boost|p2a: Tatsugiri|atk|1\n|-boost|p2a: Tatsugiri|spe|1\n|move|p1a: Spooder|Soak|p2a: Tatsugiri\n|-activate|p2a: Tatsugiri|ability: Storm Drain\n|-ability|p2a: Tatsugiri|Storm Drain|boost\n|-boost|p2a: Tatsugiri|spa|1\n|\n|-weather|RainDance|[upkeep]\n|upkeep\n|turn|2\n|\n|t:|1699041835\n|move|p1a: Spooder|Wide Guard|p1a: Spooder\n|-singleturn|p1a: Spooder|Wide Guard\n|move|p1b: Beach Ball|Swords Dance|p1b: Beach Ball\n|-boost|p1b: Beach Ball|atk|2\n|move|p2a: Tatsugiri|Dragon Dance|p2a: Tatsugiri\n|-boost|p2a: Tatsugiri|atk|1\n|-boost|p2a: Tatsugiri|spe|1\n|move|p2b: Ogerpon|Charm|p1b: Beach Ball\n|-unboost|p1b: Beach Ball|atk|2\n|\n|-weather|RainDance|[upkeep]\n|upkeep\n|turn|3\n|\n|t:|1699041850\n|move|p1a: Spooder|Wide Guard|p1a: Spooder\n|-singleturn|p1a: Spooder|Wide Guard\n|move|p1b: Beach Ball|Poison Jab|p2a: Tatsugiri\n|-damage|p2a: Tatsugiri|50\/100\n|move|p2a: Tatsugiri|Dragon Dance|p2a: Tatsugiri\n|-boost|p2a: Tatsugiri|atk|1\n|-boost|p2a: Tatsugiri|spe|1\n|move|p2b: Ogerpon|Charm|p1b: Beach Ball\n|-unboost|p1b: Beach Ball|atk|2\n|\n|-weather|RainDance|[upkeep]\n|upkeep\n|turn|4\n|\n|t:|1699041862\n|move|p2a: Tatsugiri|Protect|p2a: Tatsugiri\n|-singleturn|p2a: Tatsugiri|Protect\n|move|p1a: Spooder|Wide Guard|p1a: Spooder\n|-singleturn|p1a: Spooder|Wide Guard\n|move|p1b: Beach Ball|Poison Jab|p2a: Tatsugiri\n|-activate|p2a: Tatsugiri|move: Protect\n|move|p2b: Ogerpon|Charm|p1b: Beach Ball\n|-unboost|p1b: Beach Ball|atk|2\n|\n|-weather|RainDance|[upkeep]\n|upkeep\n|turn|5\n|\n|t:|1699041874\n|move|p1a: Spooder|Wide Guard|p1a: Spooder\n|-singleturn|p1a: Spooder|Wide Guard\n|move|p2b: Ogerpon|Follow Me|p2b: Ogerpon\n|-singleturn|p2b: Ogerpon|move: Follow Me\n|move|p1b: Beach Ball|Poison Jab|p2b: Ogerpon\n|-supereffective|p2b: Ogerpon\n|-damage|p2b: Ogerpon|79\/100\n|-status|p2b: Ogerpon|psn\n|move|p2a: Tatsugiri|Dragon Dance|p2a: Tatsugiri\n|-boost|p2a: Tatsugiri|atk|1\n|-boost|p2a: Tatsugiri|spe|1\n|\n|-weather|none\n|-damage|p2b: Ogerpon|67\/100 psn|[from] psn\n|upkeep\n|turn|6\n|\n|t:|1699041890\n|move|p2b: Ogerpon|Follow Me|p2b: Ogerpon\n|-singleturn|p2b: Ogerpon|move: Follow Me\n|move|p2a: Tatsugiri|Dragon Dance|p2a: Tatsugiri\n|-boost|p2a: Tatsugiri|atk|1\n|-boost|p2a: Tatsugiri|spe|1\n|move|p1b: Beach Ball|Poison Jab|p2b: Ogerpon\n|-supereffective|p2b: Ogerpon\n|-damage|p2b: Ogerpon|45\/100 psn\n|move|p1a: Spooder|Rain Dance|p1a: Spooder\n|-weather|RainDance\n|\n|-weather|RainDance|[upkeep]\n|-damage|p2b: Ogerpon|33\/100 psn|[from] psn\n|upkeep\n|turn|7\n|\n|t:|1699041906\n|switch|p1b: Confetti|Togekiss, F, shiny|100\/100\n|move|p2a: Tatsugiri|Protect|p2a: Tatsugiri\n|-singleturn|p2a: Tatsugiri|Protect\n|move|p1a: Spooder|Wide Guard|p1a: Spooder\n|-singleturn|p1a: Spooder|Wide Guard\n|move|p2b: Ogerpon|Charm|p1b: Confetti\n|-unboost|p1b: Confetti|atk|2\n|\n|-weather|RainDance|[upkeep]\n|-damage|p2b: Ogerpon|21\/100 psn|[from] psn\n|upkeep\n|turn|8\n|\n|t:|1699041920\n|move|p2b: Ogerpon|Spiky Shield|p2b: Ogerpon\n|-singleturn|p2b: Ogerpon|move: Protect\n|move|p1a: Spooder|Wide Guard|p1a: Spooder\n|-singleturn|p1a: Spooder|Wide Guard\n|move|p2a: Tatsugiri|Baton Pass|p2a: Tatsugiri\n|\n|t:|1699041923\n|switch|p2a: Kingler|Kingler, M|100\/100|[from] Baton Pass\n|move|p1b: Confetti|Tailwind|p1b: Confetti\n|-sidestart|p1: gyrothefox|move: Tailwind\n|\n|-weather|RainDance|[upkeep]\n|-damage|p2b: Ogerpon|8\/100 psn|[from] psn\n|upkeep\n|turn|9\n|\n|t:|1699041943\n|move|p1a: Spooder|Wide Guard|p1a: Spooder\n|-singleturn|p1a: Spooder|Wide Guard\n|move|p2a: Kingler|Rock Slide|p1a: Spooder|[spread] \n|-activate|p1a: Spooder|move: Wide Guard\n|-activate|p1b: Confetti|move: Wide Guard\n|move|p1b: Confetti|Air Slash|p2a: Kingler\n|-damage|p2a: Kingler|67\/100\n|move|p2b: Ogerpon|Knock Off|p1a: Spooder\n|-damage|p1a: Spooder|61\/100\n|-enditem|p1a: Spooder|Focus Sash|[from] move: Knock Off|[of] p2b: Ogerpon\n|\n|-weather|RainDance|[upkeep]\n|-damage|p2b: Ogerpon|0 fnt|[from] psn\n|faint|p2b: Ogerpon\n|upkeep\n|\n|t:|1699041950\n|switch|p2b: Tsareena|Tsareena, F|100\/100\n|turn|10\n|\n|t:|1699041961\n|move|p2a: Kingler|Protect|p2a: Kingler\n|-singleturn|p2a: Kingler|Protect\n|move|p1a: Spooder|Wide Guard|p1a: Spooder\n|-singleturn|p1a: Spooder|Wide Guard\n|move|p1b: Confetti|Air Slash|p2a: Kingler\n|-activate|p2a: Kingler|move: Protect\n|move|p2b: Tsareena|Light Screen|p2b: Tsareena\n|-sidestart|p2: TheBosses27|move: Light Screen\n|\n|-weather|none\n|upkeep\n|turn|11\n|\n|t:|1699041991\n|switch|p2b: Malamar|Malamar, M|100\/100\n|move|p1a: Spooder|Wide Guard|p1a: Spooder\n|-singleturn|p1a: Spooder|Wide Guard\n|move|p2a: Kingler|Liquidation|p1b: Confetti\n|-damage|p1b: Confetti|0 fnt\n|faint|p1b: Confetti\n|\n|-sideend|p1: gyrothefox|move: Tailwind\n|upkeep\n|\n|t:|1699042003\n|switch|p1b: Beach Ball|Overqwil, M, shiny|100\/100\n|turn|12\n|\n|t:|1699042015\n|move|p2a: Kingler|Liquidation|p1b: Beach Ball\n|-damage|p1b: Beach Ball|0 fnt\n|faint|p1b: Beach Ball\n|move|p1a: Spooder|Soak|p1: Beach Ball|[notarget]\n|-fail|p1a: Spooder\n|move|p2b: Malamar|Acupressure|p2a: Kingler\n|-boost|p2a: Kingler|evasion|2\n|\n|upkeep\n|-message|gyrothefox forfeited.\n|\n|win|TheBosses27\n|raw|gyrothefox's rating: 1045 &rarr; <strong>1035<\/strong><br \/>(-10 for losing)\n|raw|TheBosses27's rating: 1196 &rarr; <strong>1211<\/strong><br \/>(+15 for winning)\n|l|\u2606gyrothefox\n","uploadtime":1699042029,"views":8,"p1id":"gyrothefox","p2id":"thebosses27","formatid":"gen9nationaldexdoubles","rating":1035,"private":0,"password":""}