{"id":"gen9nationaldexdoubles-1984674306","p1":"GunGalione","p2":"KingoftheTitans","format":"[Gen 9] National Dex Doubles","log":"|j|\u2606GunGalione\n|j|\u2606KingoftheTitans\n|t:|1699289814\n|gametype|doubles\n|player|p1|GunGalione|pokemonranger-gen4|1326\n|player|p2|KingoftheTitans|101|1310\n|teamsize|p1|6\n|teamsize|p2|6\n|gen|9\n|tier|[Gen 9] National Dex Doubles\n|rated|\n|rule|HP Percentage Mod: HP is shown in percentages\n|rule|Endless Battle Clause: Forcing endless battles is banned\n|rule|OHKO Clause: OHKO moves are banned\n|rule|Evasion Moves Clause: Evasion moves are banned\n|rule|Evasion Abilities Clause: Evasion abilities are banned\n|rule|Species Clause: Limit one of each Pok\u00e9mon\n|rule|Gravity Sleep Clause: The combination of sleep-inducing moves with imperfect accuracy and Gravity or Gigantamax Orbeetle are banned\n|clearpoke\n|poke|p1|Typhlosion, M|\n|poke|p1|Chi-Yu|\n|poke|p1|Torkoal, F|\n|poke|p1|Heliolisk, F|\n|poke|p1|Talonflame, M|\n|poke|p1|Entei|\n|poke|p2|Dracozolt|\n|poke|p2|Latios, M|\n|poke|p2|Mawile, F|\n|poke|p2|Ogerpon-Hearthflame, F|\n|poke|p2|Tornadus, M|\n|poke|p2|Iron Hands|\n|teampreview\n|\n|t:|1699289821\n|start\n|switch|p1a: Talonflame|Talonflame, M|100\/100\n|switch|p1b: Entei|Entei|100\/100\n|switch|p2a: Dracozolt|Dracozolt|100\/100\n|switch|p2b: Tornadus|Tornadus, M|100\/100\n|-ability|p1b: Entei|Pressure\n|turn|1\n|\n|t:|1699289833\n|move|p1b: Entei|Protect|p1b: Entei\n|-singleturn|p1b: Entei|Protect\n|move|p1a: Talonflame|Tailwind|p1a: Talonflame\n|-sidestart|p1: GunGalione|move: Tailwind\n|move|p2b: Tornadus|Tailwind|p2b: Tornadus\n|-sidestart|p2: KingoftheTitans|move: Tailwind\n|move|p2a: Dracozolt|Bolt Beak|p1b: Entei\n|-activate|p1b: Entei|move: Protect\n|\n|upkeep\n|turn|2\n|\n|t:|1699289844\n|-terastallize|p1b: Entei|Psychic\n|move|p2a: Dracozolt|Bolt Beak|p1a: Talonflame\n|-supereffective|p1a: Talonflame\n|-enditem|p1a: Talonflame|Focus Sash\n|-damage|p1a: Talonflame|1\/100\n|move|p1a: Talonflame|U-turn|p1b: Entei\n|-supereffective|p1b: Entei\n|-damage|p1b: Entei|73\/100\n|-enditem|p1b: Entei|Weakness Policy\n|-boost|p1b: Entei|atk|2|[from] item: Weakness Policy\n|-boost|p1b: Entei|spa|2|[from] item: Weakness Policy\n|\n|t:|1699289856\n|switch|p1a: Torkoal|Torkoal, F|100\/100|[from] U-turn\n|-weather|SunnyDay|[from] ability: Drought|[of] p1a: Torkoal\n|move|p2b: Tornadus|Bleakwind Storm|p1a: Torkoal|[spread] p1b\n|-miss|p2b: Tornadus|p1a: Torkoal\n|-damage|p1b: Entei|30\/100\n|move|p1b: Entei|Eruption|p2b: Tornadus|[spread] p2a,p2b\n|-resisted|p2a: Dracozolt\n|-damage|p2a: Dracozolt|71\/100\n|-damage|p2b: Tornadus|38\/100\n|\n|-weather|SunnyDay|[upkeep]\n|-heal|p2b: Tornadus|44\/100|[from] item: Leftovers\n|upkeep\n|turn|3\n|\n|t:|1699289874\n|move|p1a: Torkoal|Helping Hand|p1b: Entei\n|-singleturn|p1b: Entei|Helping Hand|[of] p1a: Torkoal\n|move|p2a: Dracozolt|Bolt Beak|p1a: Torkoal\n|-damage|p1a: Torkoal|62\/100\n|move|p2b: Tornadus|Bleakwind Storm|p1b: Entei|[spread] \n|-miss|p2b: Tornadus|p1a: Torkoal\n|-miss|p2b: Tornadus|p1b: Entei\n|move|p1b: Entei|Eruption|p2a: Dracozolt|[spread] p2a,p2b\n|-resisted|p2a: Dracozolt\n|-damage|p2a: Dracozolt|24\/100\n|-damage|p2b: Tornadus|0 fnt\n|faint|p2b: Tornadus\n|\n|-weather|SunnyDay|[upkeep]\n|upkeep\n|\n|t:|1699289895\n|switch|p2b: Latios|Latios, M|100\/100\n|turn|4\n|\n|t:|1699289904\n|move|p2b: Latios|Protect|p2b: Latios\n|-singleturn|p2b: Latios|Protect\n|move|p1b: Entei|Protect|p1b: Entei\n|-singleturn|p1b: Entei|Protect\n|move|p2a: Dracozolt|Bolt Beak|p1b: Entei\n|-activate|p1b: Entei|move: Protect\n|move|p1a: Torkoal|Yawn|p2b: Latios\n|-activate|p2b: Latios|move: Protect\n|\n|-weather|SunnyDay|[upkeep]\n|-sideend|p2: KingoftheTitans|move: Tailwind\n|-sideend|p1: GunGalione|move: Tailwind\n|upkeep\n|turn|5\n|\n|t:|1699289924\n|move|p2a: Dracozolt|Bolt Beak|p1b: Entei\n|-damage|p1b: Entei|0 fnt\n|faint|p1b: Entei\n|move|p2b: Latios|Tailwind|p2b: Latios\n|-sidestart|p2: KingoftheTitans|move: Tailwind\n|move|p1a: Torkoal|Yawn|p2b: Latios\n|-start|p2b: Latios|move: Yawn|[of] p1a: Torkoal\n|\n|-weather|SunnyDay|[upkeep]\n|upkeep\n|\n|t:|1699289939\n|switch|p1b: Talonflame|Talonflame, M|1\/100\n|turn|6\n|\n|t:|1699289953\n|switch|p2b: Iron Hands|Iron Hands|100\/100\n|-enditem|p2b: Iron Hands|Booster Energy\n|-activate|p2b: Iron Hands|ability: Quark Drive|[fromitem]\n|-start|p2b: Iron Hands|quarkdriveatk\n|move|p2a: Dracozolt|Bolt Beak|p1a: Torkoal|[miss]\n|-miss|p2a: Dracozolt|p1a: Torkoal\n|move|p1b: Talonflame|Roost|p1b: Talonflame\n|-heal|p1b: Talonflame|51\/100\n|-singleturn|p1b: Talonflame|move: Roost\n|move|p1a: Torkoal|Heat Wave|p2a: Dracozolt|[spread] p2a\n|-miss|p1a: Torkoal|p2b: Iron Hands\n|-resisted|p2a: Dracozolt\n|-damage|p2a: Dracozolt|0 fnt\n|faint|p2a: Dracozolt\n|\n|-weather|SunnyDay|[upkeep]\n|upkeep\n|\n|t:|1699289970\n|switch|p2a: Latios|Latios, M|100\/100\n|turn|7\n|\n|t:|1699289979\n|move|p2a: Latios|Psyshock|p1b: Talonflame\n|-damage|p1b: Talonflame|0 fnt\n|faint|p1b: Talonflame\n|-damage|p2a: Latios|91\/100|[from] item: Life Orb\n|move|p2b: Iron Hands|Drain Punch|p1a: Torkoal\n|-damage|p1a: Torkoal|19\/100\n|move|p1a: Torkoal|Yawn|p2b: Iron Hands\n|-start|p2b: Iron Hands|move: Yawn|[of] p1a: Torkoal\n|\n|-weather|SunnyDay|[upkeep]\n|upkeep\n|\n|t:|1699289997\n|switch|p1b: Typhlosion|Typhlosion, M, shiny|100\/100\n|turn|8\n|\n|t:|1699290009\n|move|p1a: Torkoal|Helping Hand|p1b: Typhlosion\n|-singleturn|p1b: Typhlosion|Helping Hand|[of] p1a: Torkoal\n|move|p2a: Latios|Draco Meteor|p1b: Typhlosion\n|-damage|p1b: Typhlosion|0 fnt\n|-unboost|p2a: Latios|spa|2\n|faint|p1b: Typhlosion\n|-damage|p2a: Latios|81\/100|[from] item: Life Orb\n|move|p2b: Iron Hands|Wild Charge|p1a: Torkoal\n|-damage|p1a: Torkoal|0 fnt\n|faint|p1a: Torkoal\n|-damage|p2b: Iron Hands|97\/100|[from] Recoil\n|\n|-weather|SunnyDay|[upkeep]\n|-end|p2b: Iron Hands|move: Yawn|[silent]\n|-status|p2b: Iron Hands|slp\n|-sideend|p2: KingoftheTitans|move: Tailwind\n|upkeep\n|\n|t:|1699290016\n|switch|p1b: Chi-Yu|Chi-Yu|100\/100\n|switch|p1a: Heliolisk|Heliolisk, F, shiny|100\/100\n|-ability|p1b: Chi-Yu|Beads of Ruin\n|turn|9\n|\n|t:|1699290035\n|-terastallize|p2b: Iron Hands|Fighting\n|move|p2a: Latios|Protect|p2a: Latios\n|-singleturn|p2a: Latios|Protect\n|move|p1a: Heliolisk|Dragon Pulse|p2a: Latios\n|-activate|p2a: Latios|move: Protect\n|move|p1b: Chi-Yu|Heat Wave|p2b: Iron Hands|[spread] p2b\n|-activate|p2a: Latios|move: Protect\n|-damage|p2b: Iron Hands|21\/100 slp\n|cant|p2b: Iron Hands|slp\n|\n|-weather|none\n|upkeep\n|turn|10\n|\n|t:|1699290051\n|switch|p2a: Ogerpon|Ogerpon-Hearthflame, F|100\/100\n|-ability|p2a: Ogerpon|Mold Breaker\n|-curestatus|p2b: Iron Hands|slp|[msg]\n|move|p2b: Iron Hands|Protect|p2b: Iron Hands\n|-singleturn|p2b: Iron Hands|Protect\n|move|p1a: Heliolisk|Dragon Pulse|p2b: Iron Hands\n|-activate|p2b: Iron Hands|move: Protect\n|move|p1b: Chi-Yu|Heat Wave|p2a: Ogerpon|[spread] p2a\n|-activate|p2b: Iron Hands|move: Protect\n|-damage|p2a: Ogerpon|35\/100\n|\n|upkeep\n|turn|11\n|\n|t:|1699290075\n|move|p2a: Ogerpon|Protect|p2a: Ogerpon\n|-singleturn|p2a: Ogerpon|Protect\n|move|p1a: Heliolisk|Dragon Pulse|p2a: Ogerpon\n|-activate|p2a: Ogerpon|move: Protect\n|move|p1b: Chi-Yu|Heat Wave|p2a: Ogerpon|[spread] p2b\n|-activate|p2a: Ogerpon|move: Protect\n|-damage|p2b: Iron Hands|0 fnt\n|faint|p2b: Iron Hands\n|-end|p2b: Iron Hands|Quark Drive|[silent]\n|\n|upkeep\n|\n|t:|1699290085\n|switch|p2b: Mawile|Mawile, F|100\/100\n|-ability|p2b: Mawile|Intimidate|boost\n|-unboost|p1a: Heliolisk|atk|1\n|-unboost|p1b: Chi-Yu|atk|1\n|turn|12\n|\n|t:|1699290095\n|detailschange|p2b: Mawile|Mawile-Mega, F\n|-mega|p2b: Mawile|Mawile|Mawilite\n|move|p1a: Heliolisk|Dragon Pulse|p2a: Ogerpon\n|-damage|p2a: Ogerpon|0 fnt\n|faint|p2a: Ogerpon\n|move|p1b: Chi-Yu|Heat Wave|p2b: Mawile\n|-supereffective|p2b: Mawile\n|-damage|p2b: Mawile|0 fnt\n|faint|p2b: Mawile\n|\n|upkeep\n|\n|t:|1699290105\n|switch|p2b: Latios|Latios, M|81\/100\n|turn|13\n|c|\u2606KingoftheTitans|gg\n|\n|t:|1699290113\n|move|p1a: Heliolisk|Dragon Pulse|p2b: Latios\n|-supereffective|p2b: Latios\n|-damage|p2b: Latios|7\/100\n|move|p2b: Latios|Psyshock|p1a: Heliolisk\n|-damage|p1a: Heliolisk|0 fnt\n|faint|p1a: Heliolisk\n|-damage|p2b: Latios|0 fnt|[from] item: Life Orb\n|faint|p2b: Latios\n|\n|win|GunGalione\n|raw|GunGalione's rating: 1326 &rarr; <strong>1345<\/strong><br \/>(+19 for winning)\n|raw|KingoftheTitans's rating: 1310 &rarr; <strong>1291<\/strong><br \/>(-19 for losing)\n|c|\u2606GunGalione|Sheesh\n|c|\u2606GunGalione|Gg\n|c|\u2606GunGalione|Close one\n|c|\u2606KingoftheTitans|It really was\n","uploadtime":1699290135,"views":7,"p1id":"gungalione","p2id":"kingofthetitans","formatid":"gen9nationaldexdoubles","rating":1291,"private":0,"password":""}