{"id":"gen9nationaldexdoubles-1976792221","p1":"Deletta","p2":"commander shepherd","format":"[Gen 9] National Dex Doubles","log":"|j|\u2606Deletta\n|j|\u2606commander shepherd\n|t:|1698341727\n|gametype|doubles\n|player|p1|Deletta|fisherman-gen4|1000\n|player|p2|commander shepherd|169|1059\n|teamsize|p1|6\n|teamsize|p2|6\n|gen|9\n|tier|[Gen 9] National Dex Doubles\n|rated|\n|rule|HP Percentage Mod: HP is shown in percentages\n|rule|Endless Battle Clause: Forcing endless battles is banned\n|rule|OHKO Clause: OHKO moves are banned\n|rule|Evasion Moves Clause: Evasion moves are banned\n|rule|Evasion Abilities Clause: Evasion abilities are banned\n|rule|Species Clause: Limit one of each Pok\u00e9mon\n|rule|Gravity Sleep Clause: The combination of sleep-inducing moves with imperfect accuracy and Gravity or Gigantamax Orbeetle are banned\n|clearpoke\n|poke|p1|Hippowdon, F|\n|poke|p1|Garganacl, F|\n|poke|p1|Armarouge, F|\n|poke|p1|Indeedee-F, F|\n|poke|p1|Ursaluna-Bloodmoon, M|\n|poke|p1|Sinistcha|\n|poke|p2|Armarouge, M|\n|poke|p2|Dachsbun, F|\n|poke|p2|Torkoal, M|\n|poke|p2|Arboliva, F|\n|poke|p2|Ogerpon-Wellspring, F|\n|poke|p2|Roaring Moon|\n|teampreview\n|\n|t:|1698341737\n|start\n|switch|p1a: Sindromoso|Hippowdon, F|100\/100\n|switch|p1b: Lopopo|Garganacl, F|100\/100\n|switch|p2a: Torkoal|Torkoal, M|100\/100\n|switch|p2b: Arboliva|Arboliva, F|100\/100\n|-weather|Sandstorm|[from] ability: Sand Stream|[of] p1a: Sindromoso\n|-weather|SunnyDay|[from] ability: Drought|[of] p2a: Torkoal\n|turn|1\n|\n|t:|1698341760\n|move|p2b: Arboliva|Leech Seed|p1b: Lopopo|[miss]\n|-miss|p2b: Arboliva|p1b: Lopopo\n|move|p1a: Sindromoso|Sand Tomb|p2a: Torkoal\n|-supereffective|p2a: Torkoal\n|-damage|p2a: Torkoal|78\/100\n|-activate|p2a: Torkoal|move: Sand Tomb|[of] p1a: Sindromoso\n|move|p2a: Torkoal|Solar Beam||[still]\n|-prepare|p2a: Torkoal|Solar Beam\n|-anim|p2a: Torkoal|Solar Beam|p1a: Sindromoso\n|-supereffective|p1a: Sindromoso\n|-damage|p1a: Sindromoso|39\/100\n|move|p1b: Lopopo|Salt Cure|p2a: Torkoal\n|-supereffective|p2a: Torkoal\n|-damage|p2a: Torkoal|55\/100\n|-start|p2a: Torkoal|Salt Cure\n|\n|-weather|SunnyDay|[upkeep]\n|-damage|p2a: Torkoal|43\/100|[from] Salt Cure\n|-damage|p2a: Torkoal|26\/100|[from] move: Sand Tomb|[partiallytrapped]\n|upkeep\n|turn|2\n|\n|t:|1698341788\n|move|p1a: Sindromoso|Protect|p1a: Sindromoso\n|-singleturn|p1a: Sindromoso|Protect\n|move|p1b: Lopopo|Protect|p1b: Lopopo\n|-singleturn|p1b: Lopopo|Protect\n|move|p2b: Arboliva|Giga Drain|p1a: Sindromoso\n|-activate|p1a: Sindromoso|move: Protect\n|move|p2a: Torkoal|Stealth Rock|p1b: Lopopo\n|-sidestart|p1: Deletta|move: Stealth Rock\n|\n|-weather|SunnyDay|[upkeep]\n|-damage|p2a: Torkoal|14\/100|[from] Salt Cure\n|-damage|p2a: Torkoal|0 fnt|[from] move: Sand Tomb|[partiallytrapped]\n|faint|p2a: Torkoal\n|upkeep\n|\n|t:|1698341804\n|switch|p2a: Roaring Moon|Roaring Moon|100\/100\n|-activate|p2a: Roaring Moon|ability: Protosynthesis\n|-start|p2a: Roaring Moon|protosynthesisatk\n|turn|3\n|\n|t:|1698341825\n|-terastallize|p1a: Sindromoso|Steel\n|move|p2a: Roaring Moon|Knock Off|p1b: Lopopo\n|-damage|p1b: Lopopo|34\/100\n|-enditem|p1b: Lopopo|Safety Goggles|[from] move: Knock Off|[of] p2a: Roaring Moon\n|-damage|p2a: Roaring Moon|91\/100|[from] item: Life Orb\n|move|p2b: Arboliva|Giga Drain|p1a: Sindromoso\n|-resisted|p1a: Sindromoso\n|-damage|p1a: Sindromoso|19\/100\n|move|p1a: Sindromoso|Sand Tomb|p2a: Roaring Moon\n|-damage|p2a: Roaring Moon|74\/100\n|-activate|p2a: Roaring Moon|move: Sand Tomb|[of] p1a: Sindromoso\n|move|p1b: Lopopo|Salt Cure|p2a: Roaring Moon\n|-damage|p2a: Roaring Moon|55\/100\n|-start|p2a: Roaring Moon|Salt Cure\n|\n|-weather|SunnyDay|[upkeep]\n|-damage|p2a: Roaring Moon|38\/100|[from] move: Sand Tomb|[partiallytrapped]\n|-damage|p2a: Roaring Moon|26\/100|[from] Salt Cure\n|upkeep\n|turn|4\n|\n|t:|1698341858\n|move|p1a: Sindromoso|Protect|p1a: Sindromoso\n|-singleturn|p1a: Sindromoso|Protect\n|move|p1b: Lopopo|Protect|p1b: Lopopo\n|-singleturn|p1b: Lopopo|Protect\n|move|p2a: Roaring Moon|Earthquake|p1a: Sindromoso|[spread] p2b\n|-activate|p1a: Sindromoso|move: Protect\n|-activate|p1b: Lopopo|move: Protect\n|-resisted|p2b: Arboliva\n|-damage|p2b: Arboliva|78\/100\n|-damage|p2a: Roaring Moon|16\/100|[from] item: Life Orb\n|move|p2b: Arboliva|Earth Power|p1a: Sindromoso\n|-activate|p1a: Sindromoso|move: Protect\n|\n|-weather|SunnyDay|[upkeep]\n|-damage|p2a: Roaring Moon|3\/100|[from] Salt Cure\n|-damage|p2a: Roaring Moon|0 fnt|[from] move: Sand Tomb|[partiallytrapped]\n|faint|p2a: Roaring Moon\n|-end|p2a: Roaring Moon|Protosynthesis|[silent]\n|upkeep\n|\n|t:|1698341887\n|switch|p2a: Dachsbun|Dachsbun, F|100\/100\n|turn|5\n|\n|t:|1698341898\n|move|p2a: Dachsbun|Body Press|p1a: Sindromoso\n|-supereffective|p1a: Sindromoso\n|-damage|p1a: Sindromoso|0 fnt\n|faint|p1a: Sindromoso\n|move|p2b: Arboliva|Earth Power|p1b: Lopopo\n|-supereffective|p1b: Lopopo\n|-damage|p1b: Lopopo|0 fnt\n|faint|p1b: Lopopo\n|\n|-weather|SunnyDay|[upkeep]\n|upkeep\n|\n|t:|1698341920\n|switch|p1a: Armarouge|Armarouge, F|100\/100\n|switch|p1b: Indeedee|Indeedee-F, F|100\/100\n|-damage|p1b: Indeedee|88\/100|[from] Stealth Rock\n|-fieldstart|move: Psychic Terrain|[from] ability: Psychic Surge|[of] p1b: Indeedee\n|-damage|p1a: Armarouge|76\/100|[from] Stealth Rock\n|turn|6\n|\n|t:|1698341941\n|move|p1b: Indeedee|Follow Me|p1b: Indeedee\n|-singleturn|p1b: Indeedee|move: Follow Me\n|move|p2a: Dachsbun|Crunch|p1b: Indeedee\n|-supereffective|p1b: Indeedee\n|-damage|p1b: Indeedee|55\/100\n|move|p2b: Arboliva|Earth Power|p1b: Indeedee\n|-damage|p1b: Indeedee|34\/100\n|move|p1a: Armarouge|Trick Room|p1a: Armarouge\n|-fieldstart|move: Trick Room|[of] p1a: Armarouge\n|\n|-weather|SunnyDay|[upkeep]\n|upkeep\n|turn|7\n|\n|t:|1698341977\n|move|p1b: Indeedee|Helping Hand|p1a: Armarouge\n|-singleturn|p1a: Armarouge|Helping Hand|[of] p1b: Indeedee\n|move|p2b: Arboliva|Earth Power|p1a: Armarouge\n|-supereffective|p1a: Armarouge\n|-damage|p1a: Armarouge|19\/100\n|move|p1a: Armarouge|Armor Cannon|p2b: Arboliva\n|-supereffective|p2b: Arboliva\n|-damage|p2b: Arboliva|0 fnt\n|-unboost|p1a: Armarouge|def|1\n|-unboost|p1a: Armarouge|spd|1\n|faint|p2b: Arboliva\n|-damage|p1a: Armarouge|9\/100|[from] item: Life Orb\n|move|p2a: Dachsbun|Crunch|p1a: Armarouge\n|-supereffective|p1a: Armarouge\n|-damage|p1a: Armarouge|0 fnt\n|faint|p1a: Armarouge\n|\n|-weather|SunnyDay|[upkeep]\n|upkeep\n|\n|t:|1698342000\n|switch|p2b: Armarouge|Armarouge, M|100\/100\n|switch|p1a: Ursaluna|Ursaluna-Bloodmoon, M|100\/100\n|-damage|p1a: Ursaluna|94\/100|[from] Stealth Rock\n|turn|8\n|\n|t:|1698342027\n|move|p1b: Indeedee|Follow Me|p1b: Indeedee\n|-singleturn|p1b: Indeedee|move: Follow Me\n|move|p1a: Ursaluna|Earth Power|p2b: Armarouge\n|-supereffective|p2b: Armarouge\n|-damage|p2b: Armarouge|0 fnt\n|faint|p2b: Armarouge\n|-damage|p1a: Ursaluna|84\/100|[from] item: Life Orb\n|move|p2a: Dachsbun|Body Press|p1b: Indeedee\n|-damage|p1b: Indeedee|7\/100\n|\n|-weather|none\n|upkeep\n|-message|commander shepherd forfeited.\n|\n|win|Deletta\n|raw|Deletta's rating: 1000 &rarr; <strong>1047<\/strong><br \/>(+47 for winning)\n|raw|commander shepherd's rating: 1059 &rarr; <strong>1037<\/strong><br \/>(-22 for losing)\n|l|\u2606commander shepherd\n","uploadtime":1698342045,"views":4,"p1id":"deletta","p2id":"commandershepherd","formatid":"gen9nationaldexdoubles","rating":1037,"private":0,"password":""}