{"id":"gen9nationaldexdoubles-1995240456","p1":"AmishFurret","p2":"Denvah_17","format":"[Gen 9] National Dex Doubles","log":"|j|\u2606AmishFurret\n|j|\u2606Denvah_17\n|t:|1700538783\n|gametype|doubles\n|player|p1|AmishFurret|blue|1143\n|player|p2|Denvah_17|alder|1404\n|teamsize|p1|6\n|teamsize|p2|6\n|gen|9\n|tier|[Gen 9] National Dex Doubles\n|rated|\n|rule|HP Percentage Mod: HP is shown in percentages\n|rule|Endless Battle Clause: Forcing endless battles is banned\n|rule|OHKO Clause: OHKO moves are banned\n|rule|Evasion Moves Clause: Evasion moves are banned\n|rule|Evasion Abilities Clause: Evasion abilities are banned\n|rule|Species Clause: Limit one of each Pok\u00e9mon\n|rule|Gravity Sleep Clause: The combination of sleep-inducing moves with imperfect accuracy and Gravity or Gigantamax Orbeetle are banned\n|clearpoke\n|poke|p1|Ampharos, M|\n|poke|p1|Masquerain, F|\n|poke|p1|Kabutops, M|\n|poke|p1|Parasect, M|\n|poke|p1|Politoed, F|\n|poke|p1|Raichu, M|\n|poke|p2|Porygon2|\n|poke|p2|Marowak-Alola, F|\n|poke|p2|Slowbro-Galar, F|\n|poke|p2|Parasect, L99, F|\n|poke|p2|Rhyperior, M|\n|poke|p2|Zapdos|\n|teampreview\n|c|\u2606AmishFurret|Huge parasect\n|c|\u2606Denvah_17|Colossal Parasect\n|\n|t:|1700538811\n|start\n|switch|p1a: Politoed|Politoed, F, shiny|100\/100\n|switch|p1b: Kabutops|Kabutops, M|100\/100\n|switch|p2a: silph_sys.exe|Porygon2|100\/100\n|switch|p2b: <12 parasects|Parasect, L99, F, shiny|100\/100\n|-weather|RainDance|[from] ability: Drizzle|[of] p1a: Politoed\n|-ability|p2a: silph_sys.exe|Download|boost\n|-boost|p2a: silph_sys.exe|atk|1\n|turn|1\n|c|\u2606AmishFurret|True\n|inactive|Battle timer is ON: inactive players will automatically lose when time's up. (requested by Denvah_17)\n|\n|t:|1700538842\n|-terastallize|p1b: Kabutops|Rock\n|move|p1b: Kabutops|Rock Slide|p2b: <12 parasects|[spread] p2b\n|-miss|p1b: Kabutops|p2a: silph_sys.exe\n|-supereffective|p2b: <12 parasects\n|-enditem|p2b: <12 parasects|Focus Sash\n|-damage|p2b: <12 parasects|1\/100\n|move|p1a: Politoed|Ice Beam|p2b: <12 parasects\n|-supereffective|p2b: <12 parasects\n|-damage|p2b: <12 parasects|0 fnt\n|faint|p2b: <12 parasects\n|move|p2a: silph_sys.exe|Trick Room|p2a: silph_sys.exe\n|-fieldstart|move: Trick Room|[of] p2a: silph_sys.exe\n|\n|-weather|RainDance|[upkeep]\n|upkeep\n|c|\u2606Denvah_17|This guy made the Kessel run in less than 12 parasects\n|\n|t:|1700538862\n|switch|p2b: Don Eladio|Rhyperior, M, shiny|100\/100\n|turn|2\n|c|\u2606AmishFurret|Lmao well hes dead now\n|c|\u2606Denvah_17|So true\n|\n|t:|1700538890\n|switch|p2a: \u26a1Jim Cantore\u26a1|Zapdos, shiny|100\/100\n|switch|p1a: Raichu|Raichu, M|100\/100\n|-item|p1a: Raichu|Air Balloon\n|switch|p1b: Masquerain|Masquerain, F, shiny|100\/100\n|-ability|p1b: Masquerain|Intimidate|boost\n|-unboost|p2a: \u26a1Jim Cantore\u26a1|atk|1\n|-unboost|p2b: Don Eladio|atk|1\n|-terastallize|p2b: Don Eladio|Grass\n|move|p2b: Don Eladio|Earthquake|p1a: Raichu|[spread] \n|-immune|p2a: \u26a1Jim Cantore\u26a1\n|-immune|p1a: Raichu\n|-immune|p1b: Masquerain\n|\n|-weather|RainDance|[upkeep]\n|upkeep\n|turn|3\n|inactive|AmishFurret has 120 seconds left.\n|\n|t:|1700538935\n|switch|p2a: Amnesiac|Slowbro-Galar, F, shiny|100\/100\n|move|p1a: Raichu|Fake Out|p2a: Amnesiac\n|-damage|p2a: Amnesiac|90\/100\n|move|p2b: Don Eladio|Rock Slide|p1b: Masquerain|[spread] p1a,p1b\n|-supereffective|p1b: Masquerain\n|-damage|p1a: Raichu|53\/100\n|-damage|p1b: Masquerain|0 fnt\n|-enditem|p1a: Raichu|Air Balloon\n|faint|p1b: Masquerain\n|\n|-weather|RainDance|[upkeep]\n|upkeep\n|\n|t:|1700538952\n|switch|p1b: Ampharos|Ampharos, M, shiny|100\/100\n|turn|4\n|\n|t:|1700538976\n|switch|p1a: Parasect|Parasect, M|100\/100\n|detailschange|p2a: Amnesiac|Slowbro-Mega, F, shiny\n|-mega|p2a: Amnesiac|Slowbro|Slowbronite\n|detailschange|p1b: Ampharos|Ampharos-Mega, M, shiny\n|-mega|p1b: Ampharos|Ampharos|Ampharosite\n|-ability|p1b: Ampharos|Mold Breaker\n|move|p2a: Amnesiac|Scald|p1a: Parasect\n|-immune|p1a: Parasect|[from] ability: Dry Skin\n|move|p2b: Don Eladio|Rock Slide|p1b: Ampharos|[spread] p1a,p1b\n|-supereffective|p1a: Parasect\n|-damage|p1a: Parasect|41\/100\n|-damage|p1b: Ampharos|81\/100\n|move|p1b: Ampharos|Dragon Pulse|p2b: Don Eladio\n|-damage|p2b: Don Eladio|55\/100\n|\n|-weather|RainDance|[upkeep]\n|-heal|p1a: Parasect|53\/100|[from] ability: Dry Skin\n|-heal|p1a: Parasect|59\/100|[from] item: Leftovers\n|upkeep\n|turn|5\n|c|\u2606AmishFurret|Yeah i lose this\n|inactive|AmishFurret has 120 seconds left.\n|inactive|Denvah_17 has 120 seconds left.\n|\n|t:|1700539017\n|move|p1a: Parasect|Protect|p1a: Parasect\n|-singleturn|p1a: Parasect|Protect\n|move|p2a: Amnesiac|Ice Beam|p1b: Ampharos\n|-supereffective|p1b: Ampharos\n|-damage|p1b: Ampharos|20\/100\n|move|p2b: Don Eladio|Rock Slide|p1b: Ampharos|[spread] p1b\n|-activate|p1a: Parasect|move: Protect\n|-crit|p1b: Ampharos\n|-damage|p1b: Ampharos|0 fnt\n|faint|p1b: Ampharos\n|\n|-weather|RainDance|[upkeep]\n|-heal|p1a: Parasect|71\/100|[from] ability: Dry Skin\n|-heal|p1a: Parasect|78\/100|[from] item: Leftovers\n|-fieldend|move: Trick Room\n|upkeep\n|\n|t:|1700539030\n|switch|p1b: Kabutops|Kabutops, M, tera:Rock|100\/100\n|turn|6\n|inactive|AmishFurret has 120 seconds left.\n|c|\u2606AmishFurret|Gg\n|-message|AmishFurret forfeited.\n|\n|win|Denvah_17\n|raw|AmishFurret's rating: 1143 &rarr; <strong>1134<\/strong><br \/>(-9 for losing)\n|raw|Denvah_17's rating: 1404 &rarr; <strong>1411<\/strong><br \/>(+7 for winning)\n|l|\u2606AmishFurret\n","uploadtime":1700539049,"views":3,"p1id":"amishfurret","p2id":"denvah17","formatid":"gen9nationaldexdoubles","rating":1134,"private":0,"password":""}