{"id":"gen9nationaldexdoubles-1983789918","p1":"Poopinho","p2":"Rikard & Frida","format":"[Gen 9] National Dex Doubles","log":"|j|\u2606Poopinho\n|j|\u2606Rikard & Frida\n|t:|1699181552\n|gametype|doubles\n|player|p1|Poopinho|dancer|1125\n|player|p2|Rikard & Frida|youngcouple-gen4dp|1126\n|teamsize|p1|6\n|teamsize|p2|6\n|gen|9\n|tier|[Gen 9] National Dex Doubles\n|rated|\n|rule|HP Percentage Mod: HP is shown in percentages\n|rule|Endless Battle Clause: Forcing endless battles is banned\n|rule|OHKO Clause: OHKO moves are banned\n|rule|Evasion Moves Clause: Evasion moves are banned\n|rule|Evasion Abilities Clause: Evasion abilities are banned\n|rule|Species Clause: Limit one of each Pok\u00e9mon\n|rule|Gravity Sleep Clause: The combination of sleep-inducing moves with imperfect accuracy and Gravity or Gigantamax Orbeetle are banned\n|clearpoke\n|poke|p1|Vileplume, F|\n|poke|p1|Walking Wake|\n|poke|p1|Zeraora|\n|poke|p1|Rotom-Heat|\n|poke|p1|Avalugg, F|\n|poke|p1|Sableye, M|\n|poke|p2|Raichu-Alola, F|\n|poke|p2|Unfezant, F|\n|poke|p2|Roserade, F|\n|poke|p2|Blaziken, F|\n|poke|p2|Samurott, F|\n|poke|p2|Garchomp, F|\n|teampreview\n|inactive|Battle timer is ON: inactive players will automatically lose when time's up. (requested by Rikard & Frida)\n|\n|t:|1699181559\n|start\n|switch|p1a: Vileplume|Vileplume, F|100\/100\n|switch|p1b: Avalugg|Avalugg, F|100\/100\n|switch|p2a: Raichu|Raichu-Alola, F|100\/100\n|switch|p2b: Blaziken|Blaziken, F|100\/100\n|turn|1\n|\n|t:|1699181587\n|-terastallize|p1a: Vileplume|Water\n|move|p2a: Raichu|Fake Out|p1a: Vileplume\n|-damage|p1a: Vileplume|92\/100\n|move|p2b: Blaziken|Swords Dance|p2b: Blaziken\n|-boost|p2b: Blaziken|atk|2\n|cant|p1a: Vileplume|flinch\n|move|p1b: Avalugg|Body Press|p2b: Blaziken\n|-damage|p2b: Blaziken|55\/100\n|\n|-ability|p2b: Blaziken|Speed Boost|boost\n|-boost|p2b: Blaziken|spe|1\n|upkeep\n|turn|2\n|\n|t:|1699181611\n|move|p2b: Blaziken|Close Combat|p1b: Avalugg\n|-supereffective|p1b: Avalugg\n|-damage|p1b: Avalugg|0 fnt\n|-unboost|p2b: Blaziken|def|1\n|-unboost|p2b: Blaziken|spd|1\n|faint|p1b: Avalugg\n|move|p2a: Raichu|Thunderbolt|p1a: Vileplume\n|-supereffective|p1a: Vileplume\n|-damage|p1a: Vileplume|10\/100\n|move|p1a: Vileplume|Sludge Bomb|p2a: Raichu\n|-damage|p2a: Raichu|35\/100\n|\n|-ability|p2b: Blaziken|Speed Boost|boost\n|-boost|p2b: Blaziken|spe|1\n|upkeep\n|inactive|Poopinho has 120 seconds left.\n|\n|t:|1699181629\n|switch|p1b: Sableye|Sableye, M|100\/100\n|turn|3\n|\n|t:|1699181649\n|move|p1b: Sableye|Thunder Wave|p2b: Blaziken\n|-status|p2b: Blaziken|par\n|move|p2a: Raichu|Thunderbolt|p1a: Vileplume\n|-supereffective|p1a: Vileplume\n|-damage|p1a: Vileplume|0 fnt\n|faint|p1a: Vileplume\n|move|p2b: Blaziken|Flare Blitz|p1b: Sableye\n|-damage|p1b: Sableye|0 fnt\n|faint|p1b: Sableye\n|-damage|p2b: Blaziken|22\/100 par|[from] Recoil\n|-enditem|p2b: Blaziken|Liechi Berry|[eat]\n|-boost|p2b: Blaziken|atk|1|[from] item: Liechi Berry\n|\n|-ability|p2b: Blaziken|Speed Boost|boost\n|-boost|p2b: Blaziken|spe|1\n|upkeep\n|\n|t:|1699181659\n|switch|p1a: Zeraora|Zeraora|100\/100\n|switch|p1b: Walking Wake|Walking Wake|100\/100\n|turn|4\n|\n|t:|1699181674\n|move|p1a: Zeraora|Power-Up Punch|p2b: Blaziken\n|-damage|p2b: Blaziken|0 fnt\n|-boost|p1a: Zeraora|atk|1\n|faint|p2b: Blaziken\n|-zpower|p2a: Raichu\n|move|p2a: Raichu|Stoked Sparksurfer|p1b: Walking Wake|[zeffect]\n|-damage|p1b: Walking Wake|24\/100\n|-status|p1b: Walking Wake|par\n|move|p1b: Walking Wake|Hydro Steam|p2a: Raichu\n|-damage|p2a: Raichu|0 fnt\n|faint|p2a: Raichu\n|\n|upkeep\n|inactive|Rikard & Frida has 120 seconds left.\n|\n|t:|1699181703\n|switch|p2a: Samurott|Samurott, F|100\/100\n|switch|p2b: Garchomp|Garchomp, F|100\/100\n|turn|5\n|\n|t:|1699181729\n|detailschange|p2b: Garchomp|Garchomp-Mega, F\n|-mega|p2b: Garchomp|Garchomp|Garchompite\n|-terastallize|p2a: Samurott|Ground\n|move|p1a: Zeraora|Plasma Fists|p2a: Samurott\n|-immune|p2a: Samurott\n|move|p2b: Garchomp|Dragon Claw|p1b: Walking Wake\n|-supereffective|p1b: Walking Wake\n|-damage|p1b: Walking Wake|0 fnt\n|faint|p1b: Walking Wake\n|-end|p1b: Walking Wake|Protosynthesis|[silent]\n|move|p2a: Samurott|Tera Blast|p1a: Zeraora|[anim] Tera Blast Ground\n|-supereffective|p1a: Zeraora\n|-damage|p1a: Zeraora|0 fnt\n|faint|p1a: Zeraora\n|-damage|p2a: Samurott|91\/100|[from] item: Life Orb\n|\n|upkeep\n|inactive|Poopinho has 120 seconds left.\n|\n|t:|1699181740\n|switch|p1a: Rotom|Rotom-Heat|100\/100\n|turn|6\n|\n|t:|1699181750\n|move|p2b: Garchomp|Dragon Claw|p1a: Rotom\n|-damage|p1a: Rotom|34\/100\n|move|p2a: Samurott|Scald|p1a: Rotom\n|-supereffective|p1a: Rotom\n|-damage|p1a: Rotom|0 fnt\n|faint|p1a: Rotom\n|-damage|p2a: Samurott|81\/100|[from] item: Life Orb\n|\n|win|Rikard & Frida\n|raw|Poopinho's rating: 1125 &rarr; <strong>1100<\/strong><br \/>(-25 for losing)\n|raw|Rikard &amp; Frida's rating: 1126 &rarr; <strong>1151<\/strong><br \/>(+25 for winning)\n|l|\u2606Poopinho\n","uploadtime":1699181758,"views":5,"p1id":"poopinho","p2id":"rikardfrida","formatid":"gen9nationaldexdoubles","rating":1100,"private":0,"password":""}