{"id":"gen9nationaldexdoubles-1969945577","p1":"BPTRY","p2":"GenMateu","format":"[Gen 9] National Dex Doubles","log":"|j|\u2606BPTRY\n|j|\u2606GenMateu\n|t:|1697578342\n|gametype|doubles\n|player|p1|BPTRY|giovanni|\n|player|p2|GenMateu|policeman-gen4|\n|teamsize|p1|6\n|teamsize|p2|6\n|gen|9\n|tier|[Gen 9] National Dex Doubles\n|rule|HP Percentage Mod: HP is shown in percentages\n|rule|Endless Battle Clause: Forcing endless battles is banned\n|rule|OHKO Clause: OHKO moves are banned\n|rule|Evasion Moves Clause: Evasion moves are banned\n|rule|Evasion Abilities Clause: Evasion abilities are banned\n|rule|Species Clause: Limit one of each Pok\u00e9mon\n|rule|Gravity Sleep Clause: The combination of sleep-inducing moves with imperfect accuracy and Gravity or Gigantamax Orbeetle are banned\n|clearpoke\n|poke|p1|Aggron, M|\n|poke|p1|Ninetales-Alola, M|\n|poke|p1|Umbreon, M|\n|poke|p1|Meowscarada, M|\n|poke|p1|Mew|\n|poke|p1|Iron Thorns|\n|poke|p2|Farigiraf, F|\n|poke|p2|Chandelure, F|\n|poke|p2|Gallade, M|\n|poke|p2|Maushold-Four|\n|poke|p2|Amoonguss, F|\n|poke|p2|Muk, M|\n|teampreview\n|\n|t:|1697578370\n|start\n|switch|p1a: Aggron|Aggron, M|100\/100\n|switch|p1b: Ninetales|Ninetales-Alola, M|100\/100\n|switch|p2a: Amogus|Amoonguss, F|100\/100\n|switch|p2b: Farigiraf|Farigiraf, F|100\/100\n|-weather|Snow|[from] ability: Snow Warning|[of] p1b: Ninetales\n|turn|1\n|\n|t:|1697578386\n|detailschange|p1a: Aggron|Aggron-Mega, M\n|-mega|p1a: Aggron|Aggron|Aggronite\n|move|p1b: Ninetales|Aurora Veil|p1b: Ninetales\n|-sidestart|p1: BPTRY|move: Aurora Veil\n|move|p2b: Farigiraf|Calm Mind|p2b: Farigiraf\n|-boost|p2b: Farigiraf|spa|1\n|-boost|p2b: Farigiraf|spd|1\n|move|p1a: Aggron|Stealth Rock|p2a: Amogus\n|-sidestart|p2: GenMateu|move: Stealth Rock\n|move|p2a: Amogus|Sunny Day|p2a: Amogus\n|-weather|SunnyDay\n|\n|-weather|SunnyDay|[upkeep]\n|upkeep\n|turn|2\n|\n|t:|1697578407\n|move|p1b: Ninetales|Encore|p2a: Amogus\n|-start|p2a: Amogus|Encore\n|move|p2b: Farigiraf|Calm Mind|p2b: Farigiraf\n|-boost|p2b: Farigiraf|spa|1\n|-boost|p2b: Farigiraf|spd|1\n|move|p2a: Amogus|Sunny Day||[still]\n|-fail|p2a: Amogus\n|move|p1a: Aggron|Dragon Tail|p2b: Farigiraf\n|-damage|p2b: Farigiraf|83\/100\n|drag|p2b: Muk|Muk, M, shiny|100\/100\n|-damage|p2b: Muk|88\/100|[from] Stealth Rock\n|\n|-weather|SunnyDay|[upkeep]\n|-heal|p2b: Muk|94\/100|[from] item: Black Sludge\n|upkeep\n|turn|3\n|\n|t:|1697578431\n|switch|p1b: Umbreon|Umbreon, M|100\/100\n|switch|p2a: Gallade|Gallade, M, shiny|100\/100\n|-damage|p2a: Gallade|94\/100|[from] Stealth Rock\n|move|p2b: Muk|Toxic Spikes|p1a: Aggron\n|-sidestart|p1: BPTRY|move: Toxic Spikes\n|move|p1a: Aggron|Thunder Wave|p2b: Muk\n|-status|p2b: Muk|par\n|\n|-weather|SunnyDay|[upkeep]\n|-heal|p2b: Muk|99\/100 par|[from] item: Black Sludge\n|upkeep\n|turn|4\n|\n|t:|1697578450\n|switch|p1b: Mew|Mew|100\/100\n|-status|p1b: Mew|psn\n|detailschange|p2a: Gallade|Gallade-Mega, M, shiny\n|-mega|p2a: Gallade|Gallade|Galladite\n|move|p2a: Gallade|Swords Dance|p2a: Gallade\n|-boost|p2a: Gallade|atk|2\n|move|p1a: Aggron|Thunder Wave|p2a: Gallade\n|-status|p2a: Gallade|par\n|cant|p2b: Muk|par\n|\n|-weather|SunnyDay|[upkeep]\n|-heal|p2b: Muk|100\/100 par|[from] item: Black Sludge\n|-damage|p1b: Mew|88\/100 psn|[from] psn\n|upkeep\n|turn|5\n|\n|t:|1697578482\n|move|p2a: Gallade|Shadow Sneak|p1b: Mew\n|-supereffective|p1b: Mew\n|-damage|p1b: Mew|46\/100 psn\n|-zpower|p1b: Mew\n|move|p1b: Mew|Genesis Supernova|p2a: Gallade|[zeffect]\n|-damage|p2a: Gallade|14\/100 par\n|-fieldstart|move: Psychic Terrain\n|move|p1a: Aggron|Heavy Slam|p2b: Muk\n|-damage|p2b: Muk|43\/100 par\n|move|p2b: Muk|Toxic Spikes|p1a: Aggron\n|-sidestart|p1: BPTRY|move: Toxic Spikes\n|\n|-weather|none\n|-heal|p2b: Muk|49\/100 par|[from] item: Black Sludge\n|-damage|p1b: Mew|34\/100 psn|[from] psn\n|upkeep\n|turn|6\n|\n|t:|1697578516\n|switch|p1b: Umbreon|Umbreon, M|100\/100\n|-status|p1b: Umbreon|tox\n|switch|p2b: Farigiraf|Farigiraf, F|83\/100\n|-damage|p2b: Farigiraf|71\/100|[from] Stealth Rock\n|move|p2a: Gallade|Shadow Sneak|p1b: Umbreon\n|-activate|p1b: Umbreon|move: Psychic Terrain\n|move|p1a: Aggron|Heavy Slam|p2a: Gallade\n|-damage|p2a: Gallade|0 fnt\n|faint|p2a: Gallade\n|\n|-damage|p1b: Umbreon|94\/100 tox|[from] psn\n|upkeep\n|\n|t:|1697578530\n|switch|p2a: Amogus|Amoonguss, F|100\/100\n|-damage|p2a: Amogus|88\/100|[from] Stealth Rock\n|turn|7\n|\n|t:|1697578546\n|move|p1b: Umbreon|Taunt|p2b: Farigiraf\n|-start|p2b: Farigiraf|move: Taunt\n|cant|p2b: Farigiraf|move: Taunt|Calm Mind\n|move|p1a: Aggron|Heavy Slam|p2a: Amogus\n|-damage|p2a: Amogus|34\/100\n|move|p2a: Amogus|Sunny Day|p2a: Amogus\n|-weather|SunnyDay\n|\n|-weather|SunnyDay|[upkeep]\n|-heal|p1b: Umbreon|100\/100 tox|[from] item: Leftovers\n|-damage|p1b: Umbreon|88\/100 tox|[from] psn\n|upkeep\n|turn|8\n|\n|t:|1697578569\n|move|p1b: Umbreon|Heal Bell|p1b: Umbreon\n|-activate|p1b: Umbreon|move: Heal Bell\n|-curestatus|p1b: Umbreon|tox|[msg]\n|-curestatus|p1: Mew|psn|[msg]\n|move|p2b: Farigiraf|Psychic|p1b: Umbreon\n|-immune|p1b: Umbreon\n|move|p1a: Aggron|Thunder Wave|p2b: Farigiraf\n|-status|p2b: Farigiraf|par\n|move|p2a: Amogus|Spore|p1a: Aggron\n|-status|p1a: Aggron|slp|[from] move: Spore\n|\n|-weather|SunnyDay|[upkeep]\n|-heal|p1b: Umbreon|94\/100|[from] item: Leftovers\n|-sideend|p1: BPTRY|move: Aurora Veil\n|upkeep\n|turn|9\n|\n|t:|1697578597\n|move|p2a: Amogus|Protect|p2a: Amogus\n|-singleturn|p2a: Amogus|Protect\n|move|p1b: Umbreon|Wish|p1b: Umbreon\n|cant|p1a: Aggron|slp\n|move|p2b: Farigiraf|Psychic|p1a: Aggron\n|-resisted|p1a: Aggron\n|-damage|p1a: Aggron|74\/100 slp\n|\n|-weather|SunnyDay|[upkeep]\n|-heal|p1b: Umbreon|100\/100|[from] item: Leftovers\n|-end|p2b: Farigiraf|move: Taunt\n|-fieldend|move: Psychic Terrain\n|upkeep\n|turn|10\n|\n|t:|1697578609\n|move|p1b: Umbreon|Helping Hand|p1a: Aggron\n|-singleturn|p1a: Aggron|Helping Hand|[of] p1b: Umbreon\n|cant|p1a: Aggron|slp\n|move|p2a: Amogus|Spore|p1b: Umbreon\n|-status|p1b: Umbreon|slp|[from] move: Spore\n|cant|p2b: Farigiraf|par\n|\n|-weather|SunnyDay|[upkeep]\n|upkeep\n|turn|11\n|\n|t:|1697578632\n|switch|p2a: Maushold|Maushold-Four|100\/100\n|-damage|p2a: Maushold|88\/100|[from] Stealth Rock\n|cant|p1b: Umbreon|slp\n|cant|p1a: Aggron|slp\n|cant|p2b: Farigiraf|par\n|\n|-weather|none\n|upkeep\n|turn|12\n|\n|t:|1697578656\n|switch|p2b: Chandelure|Chandelure, F, shiny|100\/100\n|-damage|p2b: Chandelure|76\/100|[from] Stealth Rock\n|move|p2a: Maushold|Population Bomb|p1b: Umbreon|[miss]\n|-miss|p2a: Maushold|p1b: Umbreon\n|-curestatus|p1b: Umbreon|slp|[msg]\n|move|p1b: Umbreon|Taunt|p2a: Maushold\n|-start|p2a: Maushold|move: Taunt\n|-curestatus|p1a: Aggron|slp|[msg]\n|move|p1a: Aggron|Thunder Wave|p2a: Maushold\n|-status|p2a: Maushold|par\n|\n|upkeep\n|turn|13\n|\n|t:|1697578705\n|move|p2b: Chandelure|Flamethrower|p1a: Aggron\n|-supereffective|p1a: Aggron\n|-damage|p1a: Aggron|0 fnt\n|faint|p1a: Aggron\n|move|p2a: Maushold|Population Bomb|p1b: Umbreon\n|-damage|p1b: Umbreon|96\/100\n|-damage|p1b: Umbreon|91\/100\n|-damage|p1b: Umbreon|87\/100\n|-damage|p1b: Umbreon|82\/100\n|-damage|p1b: Umbreon|77\/100\n|-damage|p1b: Umbreon|73\/100\n|-damage|p1b: Umbreon|68\/100\n|-damage|p1b: Umbreon|62\/100\n|-damage|p1b: Umbreon|58\/100\n|-damage|p1b: Umbreon|53\/100\n|-hitcount|p1b: Umbreon|10\n|move|p1b: Umbreon|Taunt|p2b: Chandelure\n|-start|p2b: Chandelure|move: Taunt\n|\n|-heal|p1b: Umbreon|59\/100|[from] item: Leftovers\n|upkeep\n|\n|t:|1697578731\n|switch|p1a: Iron Thorns|Iron Thorns|100\/100\n|-item|p1a: Iron Thorns|Air Balloon\n|turn|14\n|\n|t:|1697578756\n|switch|p1b: Mew|Mew|34\/100\n|-status|p1b: Mew|tox\n|move|p2b: Chandelure|Shadow Ball|p1b: Mew\n|-supereffective|p1b: Mew\n|-damage|p1b: Mew|0 fnt\n|faint|p1b: Mew\n|move|p1a: Iron Thorns|Dragon Dance|p1a: Iron Thorns\n|-boost|p1a: Iron Thorns|atk|1\n|-boost|p1a: Iron Thorns|spe|1\n|move|p2a: Maushold|Population Bomb|p1a: Iron Thorns\n|-resisted|p1a: Iron Thorns\n|-damage|p1a: Iron Thorns|98\/100\n|-enditem|p1a: Iron Thorns|Air Balloon\n|-resisted|p1a: Iron Thorns\n|-damage|p1a: Iron Thorns|95\/100\n|-resisted|p1a: Iron Thorns\n|-damage|p1a: Iron Thorns|92\/100\n|-resisted|p1a: Iron Thorns\n|-damage|p1a: Iron Thorns|90\/100\n|-resisted|p1a: Iron Thorns\n|-damage|p1a: Iron Thorns|87\/100\n|-resisted|p1a: Iron Thorns\n|-damage|p1a: Iron Thorns|84\/100\n|-resisted|p1a: Iron Thorns\n|-damage|p1a: Iron Thorns|82\/100\n|-resisted|p1a: Iron Thorns\n|-damage|p1a: Iron Thorns|79\/100\n|-resisted|p1a: Iron Thorns\n|-damage|p1a: Iron Thorns|77\/100\n|-resisted|p1a: Iron Thorns\n|-damage|p1a: Iron Thorns|74\/100\n|-hitcount|p1a: Iron Thorns|10\n|\n|upkeep\n|\n|t:|1697578766\n|switch|p1b: Meowscarada|Meowscarada, M|100\/100\n|-status|p1b: Meowscarada|tox\n|turn|15\n|c|\u2606GenMateu|!weak meowscarada\n|c| GenMateu|\/raw <div class=\"infobox\">Meowscarada (ignoring abilities):<br \/><span class=\"message-effect-weak\">Weaknesses<\/span>: <b>Bug<\/b>, Fairy, Fighting, Fire, Flying, Ice, Poison<br \/><span class=\"message-effect-resist\">Resistances<\/span>: Dark, Electric, Ghost, Grass, Ground, Water<br \/><span class=\"message-effect-immune\">Immunities<\/span>: Psychic, Powder moves, Prankster<\/div>\n|\n|t:|1697578806\n|switch|p2b: Farigiraf|Farigiraf, F|71\/100 par\n|-damage|p2b: Farigiraf|58\/100 par|[from] Stealth Rock\n|move|p1a: Iron Thorns|Dragon Dance|p1a: Iron Thorns\n|-boost|p1a: Iron Thorns|atk|1\n|-boost|p1a: Iron Thorns|spe|1\n|move|p1b: Meowscarada|Knock Off|p2b: Farigiraf\n|-start|p1b: Meowscarada|typechange|Dark|[from] ability: Protean\n|-supereffective|p2b: Farigiraf\n|-damage|p2b: Farigiraf|0 fnt\n|-enditem|p2b: Farigiraf|Aguav Berry|[from] move: Knock Off|[of] p1b: Meowscarada\n|faint|p2b: Farigiraf\n|move|p2a: Maushold|Population Bomb|p1b: Meowscarada\n|-damage|p1b: Meowscarada|92\/100 tox\n|-damage|p1b: Meowscarada|84\/100 tox\n|-damage|p1b: Meowscarada|76\/100 tox\n|-damage|p1b: Meowscarada|66\/100 tox\n|-damage|p1b: Meowscarada|57\/100 tox\n|-damage|p1b: Meowscarada|49\/100 tox\n|-damage|p1b: Meowscarada|40\/100 tox\n|-damage|p1b: Meowscarada|31\/100 tox\n|-damage|p1b: Meowscarada|22\/100 tox\n|-damage|p1b: Meowscarada|13\/100 tox\n|-hitcount|p1b: Meowscarada|10\n|\n|-damage|p1b: Meowscarada|7\/100 tox|[from] psn\n|-end|p2a: Maushold|move: Taunt\n|upkeep\n|\n|t:|1697578813\n|switch|p2b: Amogus|Amoonguss, F|67\/100\n|-damage|p2b: Amogus|55\/100|[from] Stealth Rock\n|turn|16\n|\n|t:|1697578838\n|move|p1a: Iron Thorns|Rock Slide|p2b: Amogus|[spread] p2a\n|-miss|p1a: Iron Thorns|p2b: Amogus\n|-damage|p2a: Maushold|16\/100 par\n|-enditem|p2a: Maushold|Sitrus Berry|[eat]\n|-heal|p2a: Maushold|41\/100 par|[from] item: Sitrus Berry\n|move|p1b: Meowscarada|Knock Off|p2b: Amogus\n|-damage|p2b: Amogus|30\/100\n|move|p2a: Maushold|Encore|p1a: Iron Thorns\n|-start|p1a: Iron Thorns|Encore\n|move|p2b: Amogus|Spore|p1a: Iron Thorns\n|-status|p1a: Iron Thorns|slp|[from] move: Spore\n|\n|-damage|p1b: Meowscarada|0 fnt|[from] psn\n|faint|p1b: Meowscarada\n|upkeep\n|\n|t:|1697578850\n|switch|p1b: Umbreon|Umbreon, M|59\/100\n|-status|p1b: Umbreon|tox\n|turn|17\n|\n|t:|1697578869\n|move|p2a: Maushold|Follow Me|p2a: Maushold\n|-singleturn|p2a: Maushold|move: Follow Me\n|cant|p1a: Iron Thorns|slp\n|move|p1b: Umbreon|Heal Bell|p1b: Umbreon\n|-activate|p1b: Umbreon|move: Heal Bell\n|-curestatus|p1a: Iron Thorns|slp|[msg]\n|-curestatus|p1b: Umbreon|tox|[msg]\n|move|p2b: Amogus|Spore|p1b: Umbreon\n|-status|p1b: Umbreon|slp|[from] move: Spore\n|\n|-heal|p1b: Umbreon|65\/100 slp|[from] item: Leftovers\n|upkeep\n|turn|18\n|\n|t:|1697578886\n|cant|p1b: Umbreon|slp\n|move|p2a: Maushold|Follow Me|p2a: Maushold\n|-singleturn|p2a: Maushold|move: Follow Me\n|move|p1a: Iron Thorns|Rock Slide|p2a: Maushold|[spread] p2b\n|-miss|p1a: Iron Thorns|p2a: Maushold\n|-damage|p2b: Amogus|0 fnt\n|faint|p2b: Amogus\n|\n|-heal|p1b: Umbreon|72\/100 slp|[from] item: Leftovers\n|upkeep\n|\n|t:|1697578899\n|switch|p2b: Muk|Muk, M, shiny|49\/100 par\n|-damage|p2b: Muk|36\/100 par|[from] Stealth Rock\n|turn|19\n|\n|t:|1697578925\n|-curestatus|p1b: Umbreon|slp|[msg]\n|move|p1b: Umbreon|Helping Hand|p1a: Iron Thorns\n|-singleturn|p1a: Iron Thorns|Helping Hand|[of] p1b: Umbreon\n|move|p2a: Maushold|Follow Me|p2a: Maushold\n|-singleturn|p2a: Maushold|move: Follow Me\n|move|p1a: Iron Thorns|Rock Slide|p2a: Maushold|[spread] p2a,p2b\n|-damage|p2a: Maushold|0 fnt\n|-damage|p2b: Muk|0 fnt\n|faint|p2a: Maushold\n|faint|p2b: Muk\n|\n|-heal|p1b: Umbreon|78\/100|[from] item: Leftovers\n|-end|p1a: Iron Thorns|Encore\n|upkeep\n|\n|t:|1697578933\n|switch|p2b: Chandelure|Chandelure, F, shiny|76\/100\n|-damage|p2b: Chandelure|51\/100|[from] Stealth Rock\n|turn|20\n|\n|t:|1697578955\n|move|p1b: Umbreon|Helping Hand|p1a: Iron Thorns\n|-singleturn|p1a: Iron Thorns|Helping Hand|[of] p1b: Umbreon\n|move|p1a: Iron Thorns|Rock Slide|p2b: Chandelure\n|-supereffective|p2b: Chandelure\n|-damage|p2b: Chandelure|0 fnt\n|faint|p2b: Chandelure\n|\n|win|BPTRY\n","uploadtime":1697578966,"views":7,"p1id":"bptry","p2id":"genmateu","formatid":"gen9nationaldexdoubles","rating":0,"private":0,"password":""}