{"id":"gen9nationaldexdoubles-1966120797","p1":"Rei del Rei","p2":"zdfgfs rsdgdsfh","format":"[Gen 9] National Dex Doubles","log":"|j|\u2606Rei del Rei\n|j|\u2606zdfgfs rsdgdsfh\n|t:|1697146787\n|gametype|doubles\n|player|p1|Rei del Rei|parasollady|1093\n|player|p2|zdfgfs rsdgdsfh|lucas|1128\n|teamsize|p1|6\n|teamsize|p2|6\n|gen|9\n|tier|[Gen 9] National Dex Doubles\n|rated|\n|rule|HP Percentage Mod: HP is shown in percentages\n|rule|Endless Battle Clause: Forcing endless battles is banned\n|rule|OHKO Clause: OHKO moves are banned\n|rule|Evasion Moves Clause: Evasion moves are banned\n|rule|Evasion Abilities Clause: Evasion abilities are banned\n|rule|Species Clause: Limit one of each Pok\u00e9mon\n|rule|Gravity Sleep Clause: The combination of sleep-inducing moves with imperfect accuracy and Gravity or Gigantamax Orbeetle are banned\n|clearpoke\n|poke|p1|Meloetta|\n|poke|p1|Milotic, F|\n|poke|p1|Gothitelle, M|\n|poke|p1|Salazzle, F|\n|poke|p1|Illumise, F|\n|poke|p1|Clefairy, F|\n|poke|p2|Indeedee-F, F|\n|poke|p2|Oranguru, M|\n|poke|p2|Glastrier|\n|poke|p2|Hoopa-Unbound|\n|poke|p2|Ursaluna, F|\n|poke|p2|Zygarde|\n|teampreview\n|\n|t:|1697146803\n|start\n|switch|p1a: Clefairy|Clefairy, F|100\/100\n|switch|p1b: Meloetta|Meloetta|100\/100\n|switch|p2a: Hoopa|Hoopa-Unbound|100\/100\n|switch|p2b: Zygarde|Zygarde|100\/100\n|-ability|p2b: Zygarde|Aura Break\n|turn|1\n|inactive|Battle timer is ON: inactive players will automatically lose when time's up. (requested by zdfgfs rsdgdsfh)\n|\n|t:|1697146820\n|move|p1a: Clefairy|Follow Me|p1a: Clefairy\n|-singleturn|p1a: Clefairy|move: Follow Me\n|move|p1b: Meloetta|Relic Song|p2b: Zygarde|[spread] p2a,p2b\n|-damage|p2a: Hoopa|83\/100\n|-damage|p2b: Zygarde|85\/100\n|-status|p2b: Zygarde|slp|[from] move: Relic Song\n|-formechange|p1b: Meloetta|Meloetta-Pirouette|[msg]\n|cant|p2b: Zygarde|slp\n|move|p2a: Hoopa|Trick Room|p2a: Hoopa\n|-fieldstart|move: Trick Room|[of] p2a: Hoopa\n|-enditem|p2b: Zygarde|Room Service\n|-unboost|p2b: Zygarde|spe|1|[from] item: Room Service\n|-enditem|p2a: Hoopa|Room Service\n|-unboost|p2a: Hoopa|spe|1|[from] item: Room Service\n|\n|upkeep\n|turn|2\n|\n|t:|1697146849\n|move|p2a: Hoopa|Psyshock|p1b: Meloetta\n|-supereffective|p1b: Meloetta\n|-damage|p1b: Meloetta|12\/100\n|-item|p2a: Hoopa|Focus Sash|[from] ability: Magician|[of] p1b: Meloetta\n|move|p1a: Clefairy|Cosmic Power|p1a: Clefairy\n|-boost|p1a: Clefairy|def|1\n|-boost|p1a: Clefairy|spd|1\n|-curestatus|p2b: Zygarde|slp|[msg]\n|move|p2b: Zygarde|Coil|p2b: Zygarde\n|-boost|p2b: Zygarde|atk|1\n|-boost|p2b: Zygarde|def|1\n|-boost|p2b: Zygarde|accuracy|1\n|move|p1b: Meloetta|Return|p2a: Hoopa\n|-damage|p2a: Hoopa|3\/100\n|\n|upkeep\n|turn|3\n|\n|t:|1697146878\n|move|p1a: Clefairy|Follow Me|p1a: Clefairy\n|-singleturn|p1a: Clefairy|move: Follow Me\n|move|p2a: Hoopa|Psyshock|p1a: Clefairy\n|-damage|p1a: Clefairy|66\/100\n|move|p2b: Zygarde|Thousand Arrows|p1a: Clefairy|[spread] p1a,p1b\n|-damage|p1a: Clefairy|46\/100\n|-damage|p1b: Meloetta|0 fnt\n|faint|p1b: Meloetta\n|\n|upkeep\n|inactive|Rei del Rei has 120 seconds left.\n|\n|t:|1697146897\n|switch|p1b: Milotic|Milotic, F|100\/100\n|turn|4\n|inactive|Rei del Rei has 120 seconds left.\n|\n|t:|1697146918\n|move|p2a: Hoopa|Psyshock|p1a: Clefairy\n|-damage|p1a: Clefairy|13\/100\n|move|p1a: Clefairy|Cosmic Power|p1a: Clefairy\n|-boost|p1a: Clefairy|def|1\n|-boost|p1a: Clefairy|spd|1\n|move|p2b: Zygarde|Thousand Arrows|p1a: Clefairy|[spread] p1a,p1b\n|-damage|p1a: Clefairy|0 fnt\n|-damage|p1b: Milotic|75\/100\n|faint|p1a: Clefairy\n|move|p1b: Milotic|Icy Wind|p2b: Zygarde|[spread] p2a,p2b\n|-supereffective|p2b: Zygarde\n|-damage|p2a: Hoopa|0 fnt\n|-damage|p2b: Zygarde|60\/100\n|-unboost|p2b: Zygarde|spe|1\n|faint|p2a: Hoopa\n|\n|-heal|p1b: Milotic|81\/100|[from] item: Leftovers\n|upkeep\n|\n|t:|1697146943\n|switch|p1a: Illumise|Illumise, F|100\/100\n|switch|p2a: Indeedee|Indeedee-F, F|100\/100\n|-fieldstart|move: Psychic Terrain|[from] ability: Psychic Surge|[of] p2a: Indeedee\n|turn|5\n|l|\u2606Rei del Rei\n|inactive|Rei del Rei disconnected and has a minute to reconnect!\n|player|p1|\n|j|\u2606Rei del Rei\n|inactive|Rei del Rei reconnected and has 135 seconds left.\n|player|p1|Rei del Rei|parasollady\n|inactive|Rei del Rei has 120 seconds left.\n|\n|t:|1697146977\n|move|p1a: Illumise|Charm|p2b: Zygarde\n|-activate|p2b: Zygarde|move: Psychic Terrain\n|move|p2b: Zygarde|Thousand Arrows|p1b: Milotic|[spread] p1a,p1b\n|-resisted|p1a: Illumise\n|-damage|p1a: Illumise|79\/100\n|-damage|p1b: Milotic|47\/100\n|move|p2a: Indeedee|Heal Pulse|p2b: Zygarde\n|-heal|p2b: Zygarde|100\/100\n|move|p1b: Milotic|Life Dew|p1b: Milotic|[spread] p1a,p1b\n|-heal|p1a: Illumise|100\/100\n|-heal|p1b: Milotic|72\/100\n|\n|-heal|p1b: Milotic|78\/100|[from] item: Leftovers\n|-fieldend|move: Trick Room\n|upkeep\n|turn|6\n|inactive|Rei del Rei has 120 seconds left.\n|\n|t:|1697147004\n|switch|p1a: Gothitelle|Gothitelle, M|100\/100\n|move|p1b: Milotic|Icy Wind|p2a: Indeedee|[spread] p2a,p2b\n|-supereffective|p2b: Zygarde\n|-damage|p2a: Indeedee|92\/100\n|-damage|p2b: Zygarde|78\/100\n|-unboost|p2a: Indeedee|spe|1\n|-unboost|p2b: Zygarde|spe|1\n|move|p2b: Zygarde|Coil|p2b: Zygarde\n|-boost|p2b: Zygarde|atk|1\n|-boost|p2b: Zygarde|def|1\n|-boost|p2b: Zygarde|accuracy|1\n|move|p2a: Indeedee|Trick Room|p2a: Indeedee\n|-fieldstart|move: Trick Room|[of] p2a: Indeedee\n|\n|-heal|p1b: Milotic|84\/100|[from] item: Leftovers\n|upkeep\n|turn|7\n|\n|t:|1697147021\n|move|p2a: Indeedee|Helping Hand|p2b: Zygarde\n|-singleturn|p2b: Zygarde|Helping Hand|[of] p2a: Indeedee\n|move|p2b: Zygarde|Crunch|p1a: Gothitelle\n|-supereffective|p1a: Gothitelle\n|-damage|p1a: Gothitelle|0 fnt\n|faint|p1a: Gothitelle\n|move|p1b: Milotic|Scald|p2b: Zygarde\n|-damage|p2b: Zygarde|60\/100\n|\n|-heal|p1b: Milotic|90\/100|[from] item: Leftovers\n|upkeep\n|\n|t:|1697147028\n|switch|p1a: Salazzle|Salazzle, F|100\/100\n|turn|8\n|\n|t:|1697147039\n|-terastallize|p1a: Salazzle|Ice\n|move|p2a: Indeedee|Follow Me|p2a: Indeedee\n|-singleturn|p2a: Indeedee|move: Follow Me\n|move|p2b: Zygarde|Thousand Arrows|p1a: Salazzle|[spread] p1a,p1b\n|-damage|p1a: Salazzle|12\/100\n|-damage|p1b: Milotic|44\/100\n|move|p1b: Milotic|Scald|p2a: Indeedee\n|-damage|p2a: Indeedee|69\/100\n|-status|p2a: Indeedee|brn\n|move|p1a: Salazzle|Tera Blast|p2a: Indeedee|[anim] Tera Blast Ice\n|-damage|p2a: Indeedee|39\/100 brn\n|\n|-heal|p1b: Milotic|50\/100|[from] item: Leftovers\n|-damage|p2a: Indeedee|32\/100 brn|[from] brn\n|upkeep\n|turn|9\n|\n|t:|1697147056\n|move|p2a: Indeedee|Helping Hand|p2b: Zygarde\n|-singleturn|p2b: Zygarde|Helping Hand|[of] p2a: Indeedee\n|move|p2b: Zygarde|Thousand Arrows|p1b: Milotic|[spread] p1a,p1b\n|-damage|p1a: Salazzle|0 fnt\n|-damage|p1b: Milotic|0 fnt\n|faint|p1a: Salazzle\n|faint|p1b: Milotic\n|\n|-damage|p2a: Indeedee|26\/100 brn|[from] brn\n|-fieldend|move: Psychic Terrain\n|upkeep\n|\n|t:|1697147063\n|switch|p1b: Illumise|Illumise, F|100\/100\n|turn|10\n|-message|Rei del Rei forfeited.\n|\n|win|zdfgfs rsdgdsfh\n|raw|Rei del Rei's rating: 1093 &rarr; <strong>1071<\/strong><br \/>(-22 for losing)\n|raw|zdfgfs rsdgdsfh's rating: 1128 &rarr; <strong>1150<\/strong><br \/>(+22 for winning)\n|l|\u2606Rei del Rei\n","uploadtime":1697147073,"views":8,"p1id":"reidelrei","p2id":"zdfgfsrsdgdsfh","formatid":"gen9nationaldexdoubles","rating":1071,"private":0,"password":""}