{"id":"gen9nationaldexdoubles-1954220843","p1":"DinoSpacer","p2":"S1r.sweepsaLot","format":"[Gen 9] National Dex Doubles","log":"|j|\u2606DinoSpacer\n|j|\u2606S1r.sweepsaLot\n|t:|1695866403\n|gametype|doubles\n|player|p1|DinoSpacer|chili|1383\n|player|p2|S1r.sweepsaLot|marshal|1606\n|teamsize|p1|6\n|teamsize|p2|6\n|gen|9\n|tier|[Gen 9] National Dex Doubles\n|rated|\n|rule|HP Percentage Mod: HP is shown in percentages\n|rule|Endless Battle Clause: Forcing endless battles is banned\n|rule|OHKO Clause: OHKO moves are banned\n|rule|Evasion Moves Clause: Evasion moves are banned\n|rule|Evasion Abilities Clause: Evasion abilities are banned\n|rule|Species Clause: Limit one of each Pok\u00e9mon\n|rule|Gravity Sleep Clause: The combination of sleep-inducing moves with imperfect accuracy and Gravity or Gigantamax Orbeetle are banned\n|clearpoke\n|poke|p1|Dusclops, F|\n|poke|p1|Regidrago|\n|poke|p1|Stakataka|\n|poke|p1|Ursaluna-Bloodmoon, M|\n|poke|p1|Hatterene, F|\n|poke|p1|Sinistcha|\n|poke|p2|Tyranitar, F|\n|poke|p2|Excadrill, F|\n|poke|p2|Togekiss, F|\n|poke|p2|Kommo-o, M|\n|poke|p2|Gholdengo|\n|poke|p2|Incineroar, M|\n|teampreview\n|c|\u2606S1r.sweepsaLot|glhf\n|inactive|Battle timer is ON: inactive players will automatically lose when time's up. (requested by DinoSpacer)\n|\n|t:|1695866420\n|start\n|switch|p1a: Dusclops|Dusclops, F|100\/100\n|switch|p1b: regieleki >:(|Regidrago|100\/100\n|switch|p2a: Look at Me|Togekiss, F|100\/100\n|switch|p2b: Home Depot|Excadrill, F|100\/100\n|-item|p2a: Look at Me|Safety Goggles|[from] ability: Frisk|[of] p1a: Dusclops|[identify]\n|-item|p2b: Home Depot|Life Orb|[from] ability: Frisk|[of] p1a: Dusclops|[identify]\n|turn|1\n|\n|t:|1695866449\n|-terastallize|p2b: Home Depot|Ground\n|move|p2a: Look at Me|Helping Hand|p2b: Home Depot\n|-singleturn|p2b: Home Depot|Helping Hand|[of] p2a: Look at Me\n|move|p1b: regieleki >:(|Protect|p1b: regieleki >:(\n|-singleturn|p1b: regieleki >:(|Protect\n|move|p2b: Home Depot|High Horsepower|p1a: Dusclops\n|-crit|p1a: Dusclops\n|-damage|p1a: Dusclops|0 fnt\n|faint|p1a: Dusclops\n|-damage|p2b: Home Depot|91\/100|[from] item: Life Orb\n|\n|upkeep\n|\n|t:|1695866459\n|switch|p1a: jenga|Stakataka|100\/100\n|-item|p1a: jenga|Air Balloon\n|turn|2\n|\n|t:|1695866479\n|switch|p1b: pumpkin spice|Sinistcha|100\/100\n|move|p2b: Home Depot|Rock Slide|p1a: jenga|[spread] p1a,p1b\n|-resisted|p1a: jenga\n|-damage|p1a: jenga|89\/100\n|-damage|p1b: pumpkin spice|75\/100\n|-enditem|p1a: jenga|Air Balloon\n|-damage|p2b: Home Depot|81\/100|[from] item: Life Orb\n|move|p2a: Look at Me|Yawn|p1a: jenga\n|-start|p1a: jenga|move: Yawn|[of] p2a: Look at Me\n|cant|p1a: jenga|flinch\n|\n|-heal|p1b: pumpkin spice|81\/100|[from] item: Leftovers\n|upkeep\n|turn|3\n|inactive|S1r.sweepsaLot has 120 seconds left.\n|\n|t:|1695866519\n|switch|p1a: freddy faz bear|Ursaluna-Bloodmoon, M|100\/100\n|move|p2a: Look at Me|Helping Hand|p2b: Home Depot\n|-singleturn|p2b: Home Depot|Helping Hand|[of] p2a: Look at Me\n|move|p2b: Home Depot|Earthquake|p1b: pumpkin spice|[spread] p1a,p1b\n|-immune|p2a: Look at Me\n|-crit|p1a: freddy faz bear\n|-resisted|p1b: pumpkin spice\n|-damage|p1a: freddy faz bear|0 fnt\n|-damage|p1b: pumpkin spice|27\/100\n|faint|p1a: freddy faz bear\n|-damage|p2b: Home Depot|71\/100|[from] item: Life Orb\n|move|p1b: pumpkin spice|Trick Room|p1b: pumpkin spice\n|-fieldstart|move: Trick Room|[of] p1b: pumpkin spice\n|\n|-heal|p1b: pumpkin spice|33\/100|[from] item: Leftovers\n|upkeep\n|\n|t:|1695866533\n|switch|p1a: jenga|Stakataka|89\/100\n|turn|4\n|inactive|S1r.sweepsaLot has 120 seconds left.\n|\n|t:|1695866560\n|switch|p2a: Nala|Incineroar, M|100\/100\n|-ability|p2a: Nala|Intimidate|boost\n|-unboost|p1a: jenga|atk|1\n|-unboost|p1b: pumpkin spice|atk|1\n|move|p2b: Home Depot|Protect|p2b: Home Depot\n|-singleturn|p2b: Home Depot|Protect\n|move|p1a: jenga|Rock Slide|p2a: Nala|[spread] p2a\n|-activate|p2b: Home Depot|move: Protect\n|-supereffective|p2a: Nala\n|-damage|p2a: Nala|65\/100\n|move|p1b: pumpkin spice|Matcha Gotcha|p2b: Home Depot|[spread] p2a\n|-activate|p2b: Home Depot|move: Protect\n|-resisted|p2a: Nala\n|-damage|p2a: Nala|56\/100\n|-heal|p1b: pumpkin spice|39\/100|[from] drain|[of] p2a: Nala\n|\n|-heal|p1b: pumpkin spice|45\/100|[from] item: Leftovers\n|upkeep\n|turn|5\n|\n|t:|1695866579\n|switch|p1a: Hatterene|Hatterene, F|100\/100\n|move|p2a: Nala|Fake Out|p1a: Hatterene\n|-damage|p1a: Hatterene|89\/100\n|move|p1b: pumpkin spice|Strength Sap|p2b: Home Depot\n|-unboost|p2b: Home Depot|atk|1\n|-heal|p1b: pumpkin spice|100\/100\n|move|p2b: Home Depot|High Horsepower|p1a: Hatterene\n|-damage|p1a: Hatterene|20\/100\n|-damage|p2b: Home Depot|61\/100|[from] item: Life Orb\n|\n|upkeep\n|turn|6\n|\n|t:|1695866604\n|switch|p1a: jenga|Stakataka|89\/100\n|switch|p2b: Godzilla|Tyranitar, F|100\/100\n|-weather|Sandstorm|[from] ability: Sand Stream|[of] p2b: Godzilla\n|move|p1b: pumpkin spice|Matcha Gotcha|p2b: Godzilla|[spread] p2a,p2b\n|-resisted|p2a: Nala\n|-supereffective|p2b: Godzilla\n|-damage|p2a: Nala|48\/100\n|-damage|p2b: Godzilla|74\/100\n|move|p2a: Nala|Flare Blitz|p1a: jenga\n|-damage|p1a: jenga|50\/100\n|-damage|p2a: Nala|39\/100|[from] Recoil\n|\n|-weather|Sandstorm|[upkeep]\n|-damage|p1b: pumpkin spice|94\/100|[from] Sandstorm\n|-damage|p2a: Nala|33\/100|[from] Sandstorm\n|-heal|p1b: pumpkin spice|100\/100|[from] item: Leftovers\n|upkeep\n|turn|7\n|\n|t:|1695866628\n|switch|p1b: Hatterene|Hatterene, F|20\/100\n|move|p2b: Godzilla|Protect|p2b: Godzilla\n|-singleturn|p2b: Godzilla|Protect\n|move|p1a: jenga|Rock Slide|p2b: Godzilla|[spread] p2a\n|-activate|p2b: Godzilla|move: Protect\n|-supereffective|p2a: Nala\n|-damage|p2a: Nala|0 fnt\n|faint|p2a: Nala\n|-ability|p1a: jenga|Beast Boost|boost\n|-boost|p1a: jenga|atk|1\n|\n|-weather|Sandstorm|[upkeep]\n|-damage|p1b: Hatterene|13\/100|[from] Sandstorm\n|-fieldend|move: Trick Room\n|upkeep\n|\n|t:|1695866632\n|switch|p2a: Home Depot|Excadrill, F, tera:Ground|61\/100\n|turn|8\n|\n|t:|1695866646\n|switch|p1a: pumpkin spice|Sinistcha|100\/100\n|-heal|p1b: Hatterene|38\/100|[from] ability: Hospitality|[of] p1a: pumpkin spice\n|move|p2a: Home Depot|High Horsepower|p1a: pumpkin spice\n|-resisted|p1a: pumpkin spice\n|-damage|p1a: pumpkin spice|51\/100\n|-damage|p2a: Home Depot|51\/100|[from] item: Life Orb\n|move|p2b: Godzilla|Knock Off|p1b: Hatterene\n|-damage|p1b: Hatterene|0 fnt\n|-enditem|p1b: Hatterene|Life Orb|[from] move: Knock Off|[of] p2b: Godzilla\n|faint|p1b: Hatterene\n|\n|-weather|Sandstorm|[upkeep]\n|-damage|p1a: pumpkin spice|45\/100|[from] Sandstorm\n|-heal|p1a: pumpkin spice|51\/100|[from] item: Leftovers\n|upkeep\n|\n|t:|1695866660\n|switch|p1b: jenga|Stakataka|50\/100\n|turn|9\n|\n|t:|1695866667\n|-terastallize|p1b: jenga|Flying\n|move|p2a: Home Depot|High Horsepower|p1b: jenga\n|-immune|p1b: jenga\n|move|p2b: Godzilla|Knock Off|p1a: pumpkin spice\n|-supereffective|p1a: pumpkin spice\n|-damage|p1a: pumpkin spice|0 fnt\n|-enditem|p1a: pumpkin spice|Leftovers|[from] move: Knock Off|[of] p2b: Godzilla\n|faint|p1a: pumpkin spice\n|move|p1b: jenga|Trick Room|p1b: jenga\n|-fieldstart|move: Trick Room|[of] p1b: jenga\n|\n|-weather|Sandstorm|[upkeep]\n|-damage|p1b: jenga|44\/100|[from] Sandstorm\n|upkeep\n|\n|t:|1695866678\n|switch|p1a: regieleki >:(|Regidrago|100\/100\n|turn|10\n|\n|t:|1695866696\n|move|p2a: Home Depot|Protect|p2a: Home Depot\n|-singleturn|p2a: Home Depot|Protect\n|move|p1b: jenga|Gyro Ball|p2b: Godzilla\n|-supereffective|p2b: Godzilla\n|-damage|p2b: Godzilla|0 fnt\n|faint|p2b: Godzilla\n|-ability|p1b: jenga|Beast Boost|boost\n|-boost|p1b: jenga|atk|1\n|move|p1a: regieleki >:(|Earth Power|p2a: Home Depot\n|-activate|p2a: Home Depot|move: Protect\n|\n|-weather|none\n|upkeep\n|\n|t:|1695866707\n|switch|p2b: Look at Me|Togekiss, F|100\/100\n|turn|11\n|inactive|S1r.sweepsaLot has 120 seconds left.\n|\n|t:|1695866749\n|move|p2a: Home Depot|Protect|p2a: Home Depot\n|-singleturn|p2a: Home Depot|Protect\n|move|p1b: jenga|Gyro Ball|p2b: Look at Me\n|-supereffective|p2b: Look at Me\n|-damage|p2b: Look at Me|0 fnt\n|faint|p2b: Look at Me\n|-ability|p1b: jenga|Beast Boost|boost\n|-boost|p1b: jenga|atk|1\n|move|p1a: regieleki >:(|Dragon Energy|p2a: Home Depot\n|-activate|p2a: Home Depot|move: Protect\n|\n|upkeep\n|\n|t:|1695866757\n|switch|p2b: Money Bags|Gholdengo, shiny|100\/100\n|turn|12\n|\n|t:|1695866768\n|move|p2b: Money Bags|Protect|p2b: Money Bags\n|-singleturn|p2b: Money Bags|Protect\n|move|p1b: jenga|High Horsepower|p2b: Money Bags\n|-activate|p2b: Money Bags|move: Protect\n|move|p1a: regieleki >:(|Dragon Energy|p2a: Home Depot|[spread] p2a\n|-activate|p2b: Money Bags|move: Protect\n|-damage|p2a: Home Depot|0 fnt\n|faint|p2a: Home Depot\n|\n|upkeep\n|\n|t:|1695866771\n|switch|p2a: Concert Speaker|Kommo-o, M|100\/100\n|turn|13\n|\n|t:|1695866794\n|move|p2b: Money Bags|Protect|p2b: Money Bags\n|-singleturn|p2b: Money Bags|Protect\n|move|p2a: Concert Speaker|Protect|p2a: Concert Speaker\n|-singleturn|p2a: Concert Speaker|Protect\n|move|p1b: jenga|High Horsepower|p2b: Money Bags\n|-activate|p2b: Money Bags|move: Protect\n|move|p1a: regieleki >:(|Dragon Energy|p2a: Concert Speaker|[spread] \n|-activate|p2a: Concert Speaker|move: Protect\n|-activate|p2b: Money Bags|move: Protect\n|\n|-fieldend|move: Trick Room\n|upkeep\n|turn|14\n|c|\u2606S1r.sweepsaLot|gg\n|c|\u2606DinoSpacer|bro you are so lucky\n|\n|t:|1695866808\n|move|p1a: regieleki >:(|Protect|p1a: regieleki >:(\n|-singleturn|p1a: regieleki >:(|Protect\n|move|p2a: Concert Speaker|Clanging Scales|p1b: jenga|[spread] p1b\n|-activate|p1a: regieleki >:(|move: Protect\n|-damage|p1b: jenga|6\/100\n|-unboost|p2a: Concert Speaker|def|1\n|-enditem|p2a: Concert Speaker|Throat Spray\n|-boost|p2a: Concert Speaker|spa|1|[from] item: Throat Spray\n|move|p2b: Money Bags|Make It Rain|p1a: regieleki >:(|[spread] p1b\n|-activate|p1a: regieleki >:(|move: Protect\n|-damage|p1b: jenga|0 fnt\n|-unboost|p2b: Money Bags|spa|1\n|faint|p1b: jenga\n|\n|upkeep\n|turn|15\n|c|\u2606S1r.sweepsaLot|well i just lost to a double protect too\n|-message|DinoSpacer forfeited.\n|\n|win|S1r.sweepsaLot\n|raw|DinoSpacer's rating: 1414 &rarr; <strong>1404<\/strong><br \/>(-10 for losing)\n|raw|S1r.sweepsaLot's rating: 1606 &rarr; <strong>1616<\/strong><br \/>(+10 for winning)\n|l|\u2606DinoSpacer\n|l|\u2606S1r.sweepsaLot\n|j|\u2606S1r.sweepsaLot\n|player|p2|S1r.sweepsaLot|marshal\n","uploadtime":1695867101,"views":12,"p1id":"dinospacer","p2id":"s1rsweepsalot","formatid":"gen9nationaldexdoubles","rating":1404,"private":0,"password":""}