{"id":"gen9nationaldexdoubles-1963617773","p1":"Brick_Enjoyer_144","p2":"Mhaic","format":"[Gen 9] National Dex Doubles","log":"|j|\u2606Brick_Enjoyer_144\n|j|\u2606Mhaic\n|t:|1696883629\n|gametype|doubles\n|player|p1|Brick_Enjoyer_144|shauntal|1154\n|player|p2|Mhaic|caitlin|1000\n|teamsize|p1|6\n|teamsize|p2|4\n|gen|9\n|tier|[Gen 9] National Dex Doubles\n|rated|\n|rule|HP Percentage Mod: HP is shown in percentages\n|rule|Endless Battle Clause: Forcing endless battles is banned\n|rule|OHKO Clause: OHKO moves are banned\n|rule|Evasion Moves Clause: Evasion moves are banned\n|rule|Evasion Abilities Clause: Evasion abilities are banned\n|rule|Species Clause: Limit one of each Pok\u00e9mon\n|rule|Gravity Sleep Clause: The combination of sleep-inducing moves with imperfect accuracy and Gravity or Gigantamax Orbeetle are banned\n|clearpoke\n|poke|p1|Banette, F|\n|poke|p1|Iron Valiant|\n|poke|p1|Dragonite, M|\n|poke|p1|Palafin, M|\n|poke|p1|Electrode-Hisui|\n|poke|p1|Meowscarada, F|\n|poke|p2|Ariados, F|\n|poke|p2|Clodsire, M|\n|poke|p2|Mismagius, M|\n|poke|p2|Gardevoir, F|\n|teampreview\n|inactive|Battle timer is ON: inactive players will automatically lose when time's up. (requested by Brick_Enjoyer_144)\n|\n|t:|1696883634\n|start\n|switch|p1a: Palafin|Palafin, M|100\/100\n|switch|p1b: Electrode|Electrode-Hisui|100\/100\n|switch|p2a: Ariados|Ariados, F, shiny|100\/100\n|switch|p2b: Clodsire|Clodsire, M, shiny|100\/100\n|turn|1\n|\n|t:|1696883655\n|detailschange|p1a: Palafin|Palafin-Hero, M\n|switch|p1a: Banette|Banette, F|100\/100\n|-item|p2a: Ariados|Heavy-Duty Boots|[from] ability: Frisk|[of] p1a: Banette|[identify]\n|-item|p2b: Clodsire|Heavy-Duty Boots|[from] ability: Frisk|[of] p1a: Banette|[identify]\n|move|p1b: Electrode|Volt Switch|p2a: Ariados\n|-damage|p2a: Ariados|76\/100\n|\n|t:|1696883668\n|switch|p1b: Palafin|Palafin-Hero, M|100\/100|[from] Volt Switch\n|-activate|p1b: Palafin|ability: Zero to Hero\n|move|p2a: Ariados|Sticky Web|p1b: Palafin\n|-sidestart|p1: Brick_Enjoyer_144|move: Sticky Web\n|move|p2b: Clodsire|Stealth Rock|p1a: Banette\n|-sidestart|p1: Brick_Enjoyer_144|move: Stealth Rock\n|\n|upkeep\n|turn|2\n|\n|t:|1696883696\n|detailschange|p1a: Banette|Banette-Mega, F\n|-mega|p1a: Banette|Banette|Banettite\n|move|p1b: Palafin|Zen Headbutt|p2a: Ariados\n|-supereffective|p2a: Ariados\n|-crit|p2a: Ariados\n|-damage|p2a: Ariados|0 fnt\n|faint|p2a: Ariados\n|-damage|p1b: Palafin|91\/100|[from] item: Life Orb\n|move|p1a: Banette|Poltergeist|p2b: Clodsire\n|-activate|p2b: Clodsire|move: Poltergeist|Heavy-Duty Boots\n|-damage|p2b: Clodsire|39\/100\n|move|p2b: Clodsire|Toxic Spikes|p1a: Banette\n|-sidestart|p1: Brick_Enjoyer_144|move: Toxic Spikes\n|\n|upkeep\n|\n|t:|1696883710\n|switch|p2a: Mismagius|Mismagius, M|100\/100\n|turn|3\n|\n|t:|1696883723\n|move|p1b: Palafin|Jet Punch|p2a: Mismagius\n|-damage|p2a: Mismagius|26\/100\n|-damage|p1b: Palafin|81\/100|[from] item: Life Orb\n|move|p1a: Banette|Disable|p2b: Clodsire\n|-start|p2b: Clodsire|Disable|Toxic Spikes\n|move|p2a: Mismagius|Taunt|p1a: Banette\n|-start|p1a: Banette|move: Taunt\n|cant|p2b: Clodsire|Disable|Toxic Spikes\n|\n|upkeep\n|turn|4\n|\n|t:|1696883739\n|move|p2a: Mismagius|Curse|p1b: Palafin\n|-start|p1b: Palafin|Curse|[of] p2a: Mismagius\n|-damage|p2a: Mismagius|0 fnt\n|faint|p2a: Mismagius\n|move|p1b: Palafin|Zen Headbutt|p2b: Clodsire\n|-supereffective|p2b: Clodsire\n|-damage|p2b: Clodsire|0 fnt\n|faint|p2b: Clodsire\n|-damage|p1b: Palafin|71\/100|[from] item: Life Orb\n|move|p1a: Banette|Poltergeist|p2: Mismagius|[notarget]\n|-fail|p1a: Banette\n|\n|-damage|p1b: Palafin|46\/100|[from] Curse\n|upkeep\n|\n|t:|1696883756\n|switch|p2b: Gardevoir|Gardevoir, F, shiny|100\/100\n|turn|5\n|\n|t:|1696883766\n|detailschange|p2b: Gardevoir|Gardevoir-Mega, F, shiny\n|-mega|p2b: Gardevoir|Gardevoir|Gardevoirite\n|move|p1b: Palafin|Jet Punch|p2b: Gardevoir\n|-damage|p2b: Gardevoir|13\/100\n|-damage|p1b: Palafin|36\/100|[from] item: Life Orb\n|move|p2b: Gardevoir|Moonblast|p1a: Banette\n|-damage|p1a: Banette|50\/100\n|move|p1a: Banette|Poltergeist|p2b: Gardevoir\n|-activate|p2b: Gardevoir|move: Poltergeist|Gardevoirite\n|-supereffective|p2b: Gardevoir\n|-damage|p2b: Gardevoir|0 fnt\n|faint|p2b: Gardevoir\n|\n|win|Brick_Enjoyer_144\n|raw|Brick_Enjoyer_144's rating: 1154 &rarr; <strong>1169<\/strong><br \/>(+15 for winning)\n|raw|Mhaic's rating: 1000 &rarr; <strong>1000<\/strong><br \/>(+0 for losing)\n","uploadtime":1696883780,"views":5,"p1id":"brickenjoyer144","p2id":"mhaic","formatid":"gen9nationaldexdoubles","rating":1000,"private":0,"password":""}