{"id":"gen9nationaldexdoubles-1985111216","p1":"Wisper78","p2":"Chef Nando","format":"[Gen 9] National Dex Doubles","log":"|j|\u2606Wisper78\n|j|\u2606Chef Nando\n|t:|1699332373\n|gametype|doubles\n|player|p1|Wisper78|marley|\n|player|p2|Chef Nando|hilda|\n|teamsize|p1|6\n|teamsize|p2|6\n|gen|9\n|tier|[Gen 9] National Dex Doubles\n|rule|HP Percentage Mod: HP is shown in percentages\n|rule|Endless Battle Clause: Forcing endless battles is banned\n|rule|OHKO Clause: OHKO moves are banned\n|rule|Evasion Moves Clause: Evasion moves are banned\n|rule|Evasion Abilities Clause: Evasion abilities are banned\n|rule|Species Clause: Limit one of each Pok\u00e9mon\n|rule|Gravity Sleep Clause: The combination of sleep-inducing moves with imperfect accuracy and Gravity or Gigantamax Orbeetle are banned\n|clearpoke\n|poke|p1|Gengar, M|\n|poke|p1|Starmie|\n|poke|p1|Alakazam, F|\n|poke|p1|Wigglytuff, M|\n|poke|p1|Aerodactyl, F|\n|poke|p1|Hitmonchan, M|\n|poke|p2|Mr. Mime-Galar, M|\n|poke|p2|Tauros-Paldea-Combat, M|\n|poke|p2|Nidoqueen, F|\n|poke|p2|Gyarados, M|\n|poke|p2|Dragonite, M|\n|poke|p2|Zapdos-Galar|\n|teampreview\n|\n|t:|1699332453\n|start\n|switch|p1a: Alakazam|Alakazam, F|100\/100\n|switch|p1b: Wigglytuff|Wigglytuff, M|100\/100\n|switch|p2a: Mr. Mime|Mr. Mime-Galar, M|100\/100\n|switch|p2b: Nidoqueen|Nidoqueen, F|100\/100\n|turn|1\n|\n|t:|1699332496\n|move|p1a: Alakazam|Psychic Terrain|p1a: Alakazam\n|-fieldstart|move: Psychic Terrain\n|move|p2a: Mr. Mime|Skill Swap|p1b: Wigglytuff\n|-activate|p2a: Mr. Mime|move: Skill Swap|Competitive|Vital Spirit|[of] p1b: Wigglytuff\n|move|p2b: Nidoqueen|Stealth Rock|p1a: Alakazam\n|-sidestart|p1: Wisper78|move: Stealth Rock\n|move|p1b: Wigglytuff|Nasty Plot|p1b: Wigglytuff\n|-boost|p1b: Wigglytuff|spa|2\n|\n|upkeep\n|turn|2\n|\n|t:|1699332511\n|move|p1a: Alakazam|Charge Beam|p2a: Mr. Mime\n|-damage|p2a: Mr. Mime|72\/100\n|-boost|p1a: Alakazam|spa|1\n|move|p2a: Mr. Mime|Skill Swap|p2b: Nidoqueen\n|-activate|p2a: Mr. Mime|move: Skill Swap|||[of] p2b: Nidoqueen\n|move|p2b: Nidoqueen|Stealth Rock||[still]\n|-fail|p2b: Nidoqueen\n|move|p1b: Wigglytuff|Baton Pass|p1b: Wigglytuff\n|\n|t:|1699332519\n|switch|p1b: jinbe|Starmie|100\/100|[from] Baton Pass\n|-damage|p1b: jinbe|88\/100|[from] Stealth Rock\n|\n|upkeep\n|turn|3\n|\n|t:|1699332530\n|move|p1b: jinbe|Surf|p2a: Mr. Mime|[spread] p1a,p2a,p2b\n|-supereffective|p2b: Nidoqueen\n|-damage|p1a: Alakazam|13\/100\n|-damage|p2a: Mr. Mime|0 fnt\n|-damage|p2b: Nidoqueen|0 fnt\n|faint|p2a: Mr. Mime\n|faint|p2b: Nidoqueen\n|move|p1a: Alakazam|Charge Beam|p2: Mr. Mime|[notarget]\n|-fail|p1a: Alakazam\n|\n|upkeep\n|\n|t:|1699332540\n|switch|p2a: Tauros|Tauros-Paldea-Combat, M|100\/100\n|switch|p2b: Gyarados|Gyarados, M|100\/100\n|-ability|p2a: Tauros|Intimidate|boost\n|-unboost|p1a: Alakazam|atk|1\n|-unboost|p1b: jinbe|atk|1\n|-ability|p2b: Gyarados|Intimidate|boost\n|-unboost|p1a: Alakazam|atk|1\n|-unboost|p1b: jinbe|atk|1\n|turn|4\n|\n|t:|1699332554\n|move|p1b: jinbe|Surf|p2a: Tauros|[spread] p1a,p2a,p2b\n|-resisted|p2b: Gyarados\n|-damage|p1a: Alakazam|0 fnt\n|-damage|p2a: Tauros|55\/100\n|-damage|p2b: Gyarados|77\/100\n|faint|p1a: Alakazam\n|move|p2a: Tauros|Trailblaze|p2b: Gyarados\n|-damage|p2b: Gyarados|64\/100\n|-boost|p2a: Tauros|spe|1\n|move|p2b: Gyarados|Dragon Dance|p2b: Gyarados\n|-boost|p2b: Gyarados|atk|1\n|-boost|p2b: Gyarados|spe|1\n|\n|upkeep\n|\n|t:|1699332569\n|switch|p1a: teach|Gengar, M|100\/100\n|-damage|p1a: teach|88\/100|[from] Stealth Rock\n|turn|5\n|\n|t:|1699332580\n|move|p1b: jinbe|Thunderbolt|p2b: Gyarados\n|-supereffective|p2b: Gyarados\n|-crit|p2b: Gyarados\n|-damage|p2b: Gyarados|0 fnt\n|faint|p2b: Gyarados\n|move|p2a: Tauros|Trailblaze|p2: Gyarados|[notarget]\n|-fail|p2a: Tauros\n|move|p1a: teach|Psychic|p2a: Tauros\n|-supereffective|p2a: Tauros\n|-damage|p2a: Tauros|0 fnt\n|faint|p2a: Tauros\n|-damage|p1a: teach|78\/100|[from] item: Life Orb\n|\n|-fieldend|move: Psychic Terrain\n|upkeep\n|\n|t:|1699332591\n|switch|p2a: Zapdos|Zapdos-Galar, shiny|100\/100\n|switch|p2b: Dragonite|Dragonite, M|100\/100\n|turn|6\n|\n|t:|1699332601\n|move|p2a: Zapdos|Tera Blast|p1a: teach\n|-immune|p1a: teach\n|move|p1b: jinbe|Thunderbolt|p2b: Dragonite\n|-crit|p2b: Dragonite\n|-damage|p2b: Dragonite|66\/100\n|move|p1a: teach|Psychic|p2a: Zapdos\n|-supereffective|p2a: Zapdos\n|-damage|p2a: Zapdos|16\/100\n|-damage|p1a: teach|68\/100|[from] item: Life Orb\n|move|p2b: Dragonite|Hone Claws|p2b: Dragonite\n|-boost|p2b: Dragonite|atk|1\n|-boost|p2b: Dragonite|accuracy|1\n|\n|-heal|p2b: Dragonite|72\/100|[from] item: Leftovers\n|upkeep\n|turn|7\n|\n|t:|1699332618\n|move|p2a: Zapdos|Tera Blast|p1a: teach\n|-immune|p1a: teach\n|move|p1b: jinbe|Surf|p2b: Dragonite|[spread] p1a,p2a,p2b\n|-crit|p1a: teach\n|-resisted|p2b: Dragonite\n|-damage|p1a: teach|0 fnt\n|-damage|p2a: Zapdos|0 fnt\n|-damage|p2b: Dragonite|46\/100\n|-start|p1b: jinbe|Disable|Surf|[from] ability: Cursed Body|[of] p1a: teach\n|faint|p1a: teach\n|faint|p2a: Zapdos\n|move|p2b: Dragonite|Hone Claws|p2b: Dragonite\n|-boost|p2b: Dragonite|atk|1\n|-boost|p2b: Dragonite|accuracy|1\n|\n|-heal|p2b: Dragonite|52\/100|[from] item: Leftovers\n|upkeep\n|\n|t:|1699332631\n|switch|p1a: Aerodactyl|Aerodactyl, F|100\/100\n|-damage|p1a: Aerodactyl|76\/100|[from] Stealth Rock\n|turn|8\n|\n|t:|1699332639\n|move|p1a: Aerodactyl|Rock Slide|p2b: Dragonite\n|-supereffective|p2b: Dragonite\n|-damage|p2b: Dragonite|0 fnt\n|faint|p2b: Dragonite\n|\n|win|Wisper78\n","uploadtime":1699332646,"views":5,"p1id":"wisper78","p2id":"chefnando","formatid":"gen9nationaldexdoubles","rating":0,"private":0,"password":""}