{"id":"gen9nationaldexdoubles-1991968676","p1":"Borthan","p2":"ILoveJ","format":"[Gen 9] National Dex Doubles","log":"|j|\u2606Borthan\n|j|\u2606ILoveJ\n|t:|1700143595\n|gametype|doubles\n|player|p1|Borthan|rocketgruntf|1009\n|player|p2|ILoveJ|lyra|1068\n|teamsize|p1|6\n|teamsize|p2|6\n|gen|9\n|tier|[Gen 9] National Dex Doubles\n|rated|\n|rule|HP Percentage Mod: HP is shown in percentages\n|rule|Endless Battle Clause: Forcing endless battles is banned\n|rule|OHKO Clause: OHKO moves are banned\n|rule|Evasion Moves Clause: Evasion moves are banned\n|rule|Evasion Abilities Clause: Evasion abilities are banned\n|rule|Species Clause: Limit one of each Pok\u00e9mon\n|rule|Gravity Sleep Clause: The combination of sleep-inducing moves with imperfect accuracy and Gravity or Gigantamax Orbeetle are banned\n|clearpoke\n|poke|p1|Dodrio, M|\n|poke|p1|Swampert, M|\n|poke|p1|Scovillain, M|\n|poke|p1|Porygon-Z|\n|poke|p1|Tapu Koko|\n|poke|p1|Furret, M|\n|poke|p2|Meowscarada, F|\n|poke|p2|Krookodile, F|\n|poke|p2|Lucario, F|\n|poke|p2|Weavile, M|\n|poke|p2|Volcarona, M|\n|poke|p2|Oricorio-Pom-Pom, M|\n|teampreview\n|\n|t:|1700143608\n|start\n|switch|p1a: Porygon-Z|Porygon-Z|100\/100\n|switch|p1b: Swampert|Swampert, M, shiny|100\/100\n|switch|p2a: Meowscarada|Meowscarada, F|100\/100\n|switch|p2b: Krookodile|Krookodile, F|100\/100\n|turn|1\n|inactive|Battle timer is ON: inactive players will automatically lose when time's up. (requested by ILoveJ)\n|\n|t:|1700143653\n|detailschange|p1b: Swampert|Swampert-Mega, M, shiny\n|-mega|p1b: Swampert|Swampert|Swampertite\n|-terastallize|p2b: Krookodile|Grass\n|move|p2a: Meowscarada|Flower Trick|p2b: Krookodile\n|-start|p2a: Meowscarada|typechange|Grass|[from] ability: Protean\n|-resisted|p2b: Krookodile\n|-crit|p2b: Krookodile\n|-damage|p2b: Krookodile|72\/100\n|-setboost|p2b: Krookodile|atk|6|[from] ability: Anger Point\n|move|p2b: Krookodile|Rock Slide|p1b: Swampert|[spread] p1a,p1b\n|-resisted|p1b: Swampert\n|-damage|p1a: Porygon-Z|6\/100\n|-damage|p1b: Swampert|71\/100\n|move|p1b: Swampert|Waterfall|p2b: Krookodile\n|-resisted|p2b: Krookodile\n|-damage|p2b: Krookodile|39\/100\n|cant|p1a: Porygon-Z|flinch\n|\n|upkeep\n|turn|2\n|inactive|Borthan has 120 seconds left.\n|\n|t:|1700143690\n|move|p2a: Meowscarada|Flower Trick|p1b: Swampert\n|-supereffective|p1b: Swampert\n|-crit|p1b: Swampert\n|-damage|p1b: Swampert|0 fnt\n|faint|p1b: Swampert\n|move|p2b: Krookodile|Rock Slide|p1a: Porygon-Z\n|-damage|p1a: Porygon-Z|0 fnt\n|faint|p1a: Porygon-Z\n|\n|upkeep\n|\n|t:|1700143706\n|switch|p1a: Dodrio|Dodrio, M|100\/100\n|switch|p1b: Furret|Furret, M|100\/100\n|-item|p2a: Meowscarada|Focus Sash|[from] ability: Frisk|[of] p1b: Furret|[identify]\n|-item|p2b: Krookodile|Black Glasses|[from] ability: Frisk|[of] p1b: Furret|[identify]\n|turn|3\n|inactive|Borthan has 120 seconds left.\n|\n|t:|1700143732\n|move|p1a: Dodrio|Knock Off|p2a: Meowscarada\n|-damage|p2a: Meowscarada|55\/100\n|-enditem|p2a: Meowscarada|Focus Sash|[from] move: Knock Off|[of] p1a: Dodrio\n|move|p2a: Meowscarada|Thunder Punch|p1a: Dodrio\n|-supereffective|p1a: Dodrio\n|-damage|p1a: Dodrio|31\/100\n|move|p2b: Krookodile|Rock Slide|p1b: Furret|[spread] p1a,p1b\n|-supereffective|p1a: Dodrio\n|-damage|p1a: Dodrio|0 fnt\n|-damage|p1b: Furret|0 fnt\n|faint|p1a: Dodrio\n|faint|p1b: Furret\n|\n|upkeep\n|\n|t:|1700143749\n|switch|p1b: Scovillain|Scovillain, M|100\/100\n|switch|p1a: Tapu Koko|Tapu Koko, shiny|100\/100\n|-fieldstart|move: Electric Terrain|[from] ability: Electric Surge|[of] p1a: Tapu Koko\n|turn|4\n|\n|t:|1700143758\n|move|p2a: Meowscarada|Knock Off|p1b: Scovillain\n|-damage|p1b: Scovillain|57\/100\n|-enditem|p1b: Scovillain|Lum Berry|[from] move: Knock Off|[of] p2a: Meowscarada\n|move|p1a: Tapu Koko|Electroweb|p2a: Meowscarada|[spread] p2a,p2b\n|-resisted|p2a: Meowscarada\n|-resisted|p2b: Krookodile\n|-damage|p2a: Meowscarada|42\/100\n|-damage|p2b: Krookodile|27\/100\n|-unboost|p2a: Meowscarada|spe|1\n|-unboost|p2b: Krookodile|spe|1\n|move|p2b: Krookodile|Rock Slide|p1a: Tapu Koko|[spread] p1a,p1b\n|-supereffective|p1b: Scovillain\n|-damage|p1a: Tapu Koko|9\/100\n|-damage|p1b: Scovillain|0 fnt\n|faint|p1b: Scovillain\n|\n|upkeep\n|turn|5\n|\n|t:|1700143774\n|move|p1a: Tapu Koko|Dazzling Gleam|p2b: Krookodile|[spread] p2a,p2b\n|-damage|p2a: Meowscarada|11\/100\n|-damage|p2b: Krookodile|0 fnt\n|faint|p2b: Krookodile\n|move|p2a: Meowscarada|Knock Off|p1a: Tapu Koko\n|-resisted|p1a: Tapu Koko\n|-crit|p1a: Tapu Koko\n|-damage|p1a: Tapu Koko|0 fnt\n|faint|p1a: Tapu Koko\n|\n|win|ILoveJ\n|raw|Borthan's rating: 1009 &rarr; <strong>1000<\/strong><br \/>(-9 for losing)\n|raw|ILoveJ's rating: 1068 &rarr; <strong>1093<\/strong><br \/>(+25 for winning)\n","uploadtime":1700143778,"views":7,"p1id":"borthan","p2id":"ilovej","formatid":"gen9nationaldexdoubles","rating":1000,"private":0,"password":""}