{"id":"gen9nationaldexdoubles-1971680898","p1":"Beyond Subzero","p2":"ccD8 3+","format":"[Gen 9] National Dex Doubles","log":"|j|\u2606Beyond Subzero\n|j|\u2606ccD8 3+\n|t:|1697760486\n|gametype|doubles\n|player|p1|Beyond Subzero|bruno|1475\n|player|p2|ccD8 3+|265|1458\n|teamsize|p1|6\n|teamsize|p2|6\n|gen|9\n|tier|[Gen 9] National Dex Doubles\n|rated|\n|rule|HP Percentage Mod: HP is shown in percentages\n|rule|Endless Battle Clause: Forcing endless battles is banned\n|rule|OHKO Clause: OHKO moves are banned\n|rule|Evasion Moves Clause: Evasion moves are banned\n|rule|Evasion Abilities Clause: Evasion abilities are banned\n|rule|Species Clause: Limit one of each Pok\u00e9mon\n|rule|Gravity Sleep Clause: The combination of sleep-inducing moves with imperfect accuracy and Gravity or Gigantamax Orbeetle are banned\n|clearpoke\n|poke|p1|Ninetales-Alola, M|\n|poke|p1|Latias, F|\n|poke|p1|Volcanion|\n|poke|p1|Kyurem-Black|\n|poke|p1|Whimsicott, F|\n|poke|p1|Zamazenta-*|\n|poke|p2|Charizard, M|\n|poke|p2|Chi-Yu|\n|poke|p2|Flutter Mane|\n|poke|p2|Whimsicott, F|\n|poke|p2|Zygarde|\n|poke|p2|Chien-Pao|\n|teampreview\n|inactive|Battle timer is ON: inactive players will automatically lose when time's up. (requested by ccD8 3+)\n|inactive|Beyond Subzero also wants the timer to be on.\n|c|\u2606Beyond Subzero|glhf\n|c|\u2606ccD8 3+|u2\n|inactive|Beyond Subzero has 120 seconds left.\n|inactive|Beyond Subzero has 90 seconds left.\n|\n|t:|1697760549\n|start\n|switch|p1a: Volcanion|Volcanion|100\/100\n|switch|p1b: Zamazenta|Zamazenta|100\/100\n|switch|p2a: Whimsicott|Whimsicott, F|100\/100\n|switch|p2b: Charizard|Charizard, M|100\/100\n|-ability|p1b: Zamazenta|Dauntless Shield|boost\n|-boost|p1b: Zamazenta|def|1\n|turn|1\n|inactive|ccD8 3+ has 120 seconds left.\n|\n|t:|1697760584\n|move|p2b: Charizard|Protect|p2b: Charizard\n|-singleturn|p2b: Charizard|Protect\n|move|p1b: Zamazenta|Wide Guard|p1b: Zamazenta\n|-singleturn|p1b: Zamazenta|Wide Guard\n|move|p2a: Whimsicott|Tailwind|p2a: Whimsicott\n|-sidestart|p2: ccD8 3+|move: Tailwind\n|move|p1a: Volcanion|Steam Eruption|p2b: Charizard\n|-activate|p2b: Charizard|move: Protect\n|\n|upkeep\n|turn|2\n|\n|t:|1697760605\n|switch|p1b: Ninetales|Ninetales-Alola, M|100\/100\n|-weather|Snow|[from] ability: Snow Warning|[of] p1b: Ninetales\n|detailschange|p2b: Charizard|Charizard-Mega-Y, M\n|-mega|p2b: Charizard|Charizard|Charizardite Y\n|-weather|SunnyDay|[from] ability: Drought|[of] p2b: Charizard\n|move|p2a: Whimsicott|Taunt|p1b: Ninetales\n|-start|p1b: Ninetales|move: Taunt\n|move|p2b: Charizard|Scorching Sands|p1a: Volcanion\n|-supereffective|p1a: Volcanion\n|-damage|p1a: Volcanion|47\/100\n|-zpower|p1a: Volcanion\n|move|p1a: Volcanion|Hydro Vortex|p2b: Charizard|[zeffect]\n|-supereffective|p2b: Charizard\n|-damage|p2b: Charizard|0 fnt\n|faint|p2b: Charizard\n|\n|-weather|SunnyDay|[upkeep]\n|upkeep\n|inactive|ccD8 3+ has 120 seconds left.\n|\n|t:|1697760633\n|switch|p2b: Zygarde|Zygarde|100\/100\n|-ability|p2b: Zygarde|Aura Break\n|turn|3\n|\n|t:|1697760653\n|switch|p2a: Chien-Pao|Chien-Pao|100\/100\n|-ability|p2a: Chien-Pao|Sword of Ruin\n|move|p2b: Zygarde|Thousand Arrows|p1a: Volcanion|[spread] p1a,p1b\n|-supereffective|p1a: Volcanion\n|-damage|p1a: Volcanion|0 fnt\n|-damage|p1b: Ninetales|2\/100\n|faint|p1a: Volcanion\n|move|p1b: Ninetales|Blizzard|p2a: Chien-Pao|[spread] p2a,p2b\n|-resisted|p2a: Chien-Pao\n|-supereffective|p2b: Zygarde\n|-damage|p2a: Chien-Pao|76\/100\n|-damage|p2b: Zygarde|0 fnt\n|faint|p2b: Zygarde\n|\n|-weather|SunnyDay|[upkeep]\n|upkeep\n|\n|t:|1697760675\n|switch|p2b: Chi-Yu|Chi-Yu|100\/100\n|switch|p1a: Zamazenta|Zamazenta|100\/100\n|-ability|p2b: Chi-Yu|Beads of Ruin\n|turn|4\n|inactive|Beyond Subzero has 120 seconds left.\n|\n|t:|1697760707\n|move|p2a: Chien-Pao|Sacred Sword|p1b: Ninetales\n|-damage|p1b: Ninetales|0 fnt\n|faint|p1b: Ninetales\n|-zpower|p2b: Chi-Yu\n|move|p2b: Chi-Yu|Inferno Overdrive|p1a: Zamazenta|[zeffect]\n|-damage|p1a: Zamazenta|0 fnt\n|faint|p1a: Zamazenta\n|\n|-weather|SunnyDay|[upkeep]\n|-sideend|p2: ccD8 3+|move: Tailwind\n|upkeep\n|inactive|Beyond Subzero has 120 seconds left.\n|\n|t:|1697760721\n|switch|p1a: Whimsicott|Whimsicott, F|100\/100\n|switch|p1b: Kyurem|Kyurem-Black|100\/100\n|-ability|p1b: Kyurem|Teravolt\n|turn|5\n|inactive|Beyond Subzero has 120 seconds left.\n|inactive|Beyond Subzero has 90 seconds left.\n|\n|t:|1697760774\n|-terastallize|p1b: Kyurem|Electric\n|move|p1a: Whimsicott|Tailwind|p1a: Whimsicott\n|-sidestart|p1: Beyond Subzero|move: Tailwind\n|move|p1b: Kyurem|Dragon Dance|p1b: Kyurem\n|-boost|p1b: Kyurem|atk|1\n|-boost|p1b: Kyurem|spe|1\n|move|p2a: Chien-Pao|Sacred Sword|p1b: Kyurem\n|-damage|p1b: Kyurem|67\/100\n|move|p2b: Chi-Yu|Heat Wave|p1a: Whimsicott|[spread] p1a\n|-miss|p2b: Chi-Yu|p1b: Kyurem\n|-supereffective|p1a: Whimsicott\n|-enditem|p1a: Whimsicott|Focus Sash\n|-damage|p1a: Whimsicott|1\/100\n|\n|-weather|SunnyDay|[upkeep]\n|upkeep\n|turn|6\n|inactive|Beyond Subzero has 90 seconds left.\n|\n|t:|1697760815\n|move|p1a: Whimsicott|Protect|p1a: Whimsicott\n|-singleturn|p1a: Whimsicott|Protect\n|move|p2a: Chien-Pao|Sucker Punch||[still]\n|-fail|p2a: Chien-Pao\n|move|p1b: Kyurem|Fusion Bolt|p2b: Chi-Yu\n|-damage|p2b: Chi-Yu|0 fnt\n|faint|p2b: Chi-Yu\n|\n|-weather|none\n|upkeep\n|\n|t:|1697760824\n|switch|p2b: Whimsicott|Whimsicott, F|100\/100\n|turn|7\n|inactive|ccD8 3+ has 120 seconds left.\n|\n|t:|1697760857\n|move|p1b: Kyurem|Protect|p1b: Kyurem\n|-singleturn|p1b: Kyurem|Protect\n|move|p1a: Whimsicott|Encore|p2a: Chien-Pao\n|-hint|Since gen 7, Dark is immune to Prankster moves.\n|-immune|p2a: Chien-Pao\n|move|p2a: Chien-Pao|Sucker Punch||[still]\n|-fail|p2a: Chien-Pao\n|move|p2b: Whimsicott|Tailwind|p2b: Whimsicott\n|-sidestart|p2: ccD8 3+|move: Tailwind\n|\n|upkeep\n|turn|8\n|\n|t:|1697760876\n|move|p2b: Whimsicott|Encore|p1b: Kyurem\n|-start|p1b: Kyurem|Encore\n|move|p1b: Kyurem|Protect||[still]\n|-fail|p1b: Kyurem\n|move|p2a: Chien-Pao|Ice Spinner|p1b: Kyurem\n|-damage|p1b: Kyurem|22\/100\n|move|p1a: Whimsicott|Moonblast|p2a: Chien-Pao\n|-supereffective|p2a: Chien-Pao\n|-damage|p2a: Chien-Pao|0 fnt\n|faint|p2a: Chien-Pao\n|\n|-sideend|p1: Beyond Subzero|move: Tailwind\n|upkeep\n|inactive|ccD8 3+ has 120 seconds left.\n|\n|t:|1697760911\n|switch|p2a: Flutter Mane|Flutter Mane|100\/100\n|turn|9\n|inactive|ccD8 3+ has 120 seconds left.\n|inactive|Beyond Subzero has 120 seconds left.\n|\n|t:|1697760930\n|-terastallize|p2a: Flutter Mane|Fairy\n|move|p1b: Kyurem|Protect|p1b: Kyurem\n|-singleturn|p1b: Kyurem|Protect\n|move|p2b: Whimsicott|Taunt|p1a: Whimsicott\n|-start|p1a: Whimsicott|move: Taunt\n|cant|p1a: Whimsicott|move: Taunt|Tailwind\n|move|p2a: Flutter Mane|Dazzling Gleam|p1b: Kyurem|[spread] p1a\n|-activate|p1b: Kyurem|move: Protect\n|-damage|p1a: Whimsicott|0 fnt\n|faint|p1a: Whimsicott\n|\n|upkeep\n|inactive|Beyond Subzero has 120 seconds left.\n|\n|t:|1697760941\n|switch|p1a: Latias|Latias, F|100\/100\n|turn|10\n|\n|t:|1697760950\n|detailschange|p1a: Latias|Latias-Mega, F\n|-mega|p1a: Latias|Latias|Latiasite\n|move|p1b: Kyurem|Protect||[still]\n|-fail|p1b: Kyurem\n|move|p2b: Whimsicott|Moonblast|p1a: Latias\n|-supereffective|p1a: Latias\n|-damage|p1a: Latias|64\/100\n|move|p2a: Flutter Mane|Dazzling Gleam|p1a: Latias|[spread] p1a,p1b\n|-supereffective|p1a: Latias\n|-damage|p1a: Latias|0 fnt\n|-damage|p1b: Kyurem|0 fnt\n|faint|p1a: Latias\n|faint|p1b: Kyurem\n|\n|win|ccD8 3+\n|raw|Beyond Subzero's rating: 1489 &rarr; <strong>1467<\/strong><br \/>(-22 for losing)\n|raw|ccD8 3+'s rating: 1458 &rarr; <strong>1480<\/strong><br \/>(+22 for winning)\n|c|\u2606Beyond Subzero|ggs\n|c|\u2606ccD8 3+|gg\n","uploadtime":1697760969,"views":13,"p1id":"beyondsubzero","p2id":"ccd83","formatid":"gen9nationaldexdoubles","rating":1467,"private":0,"password":""}