{"id":"gen9nationaldexdoubles-1969216908","p1":"sootywhisper73","p2":"Draggy Gutsfree","format":"[Gen 9] National Dex Doubles","log":"|j|\u2606sootywhisper73\n|j|\u2606Draggy Gutsfree\n|t:|1697501420\n|gametype|doubles\n|player|p1|sootywhisper73|dawn-gen4pt|\n|player|p2|Draggy Gutsfree|roxie|\n|teamsize|p1|6\n|teamsize|p2|6\n|gen|9\n|tier|[Gen 9] National Dex Doubles\n|rule|HP Percentage Mod: HP is shown in percentages\n|rule|Endless Battle Clause: Forcing endless battles is banned\n|rule|OHKO Clause: OHKO moves are banned\n|rule|Evasion Moves Clause: Evasion moves are banned\n|rule|Evasion Abilities Clause: Evasion abilities are banned\n|rule|Species Clause: Limit one of each Pok\u00e9mon\n|rule|Gravity Sleep Clause: The combination of sleep-inducing moves with imperfect accuracy and Gravity or Gigantamax Orbeetle are banned\n|clearpoke\n|poke|p1|Tapu Koko|\n|poke|p1|Venusaur, M|\n|poke|p1|Victini|\n|poke|p1|Espeon, F|\n|poke|p1|Lucario, F|\n|poke|p1|Garchomp, M|\n|poke|p2|Sinistcha-Masterpiece|\n|poke|p2|Grimmsnarl, M|\n|poke|p2|Gyarados, M|\n|poke|p2|Goodra-Hisui, M|\n|poke|p2|Urshifu-*, M|\n|poke|p2|Gengar, F|\n|teampreview\n|\n|t:|1697501443\n|start\n|switch|p1a: Cynda|Tapu Koko, shiny|100\/100\n|switch|p1b: Lucario|Lucario, F|100\/100\n|switch|p2a: Bricked Up|Grimmsnarl, M, shiny|100\/100\n|switch|p2b: Gyarados|Gyarados, M|100\/100\n|-fieldstart|move: Electric Terrain|[from] ability: Electric Surge|[of] p1a: Cynda\n|-ability|p2b: Gyarados|Intimidate|boost\n|-unboost|p1a: Cynda|atk|1\n|-fail|p1b: Lucario|unboost|Attack|[from] ability: Inner Focus|[of] p1b: Lucario\n|turn|1\n|\n|t:|1697501476\n|move|p1b: Lucario|Bullet Punch|p2a: Bricked Up\n|-supereffective|p2a: Bricked Up\n|-damage|p2a: Bricked Up|72\/100\n|move|p2a: Bricked Up|Reflect|p2a: Bricked Up\n|-sidestart|p2: Draggy Gutsfree|Reflect\n|move|p1a: Cynda|Dazzling Gleam|p2b: Gyarados|[spread] p2a,p2b\n|-supereffective|p2a: Bricked Up\n|-damage|p2a: Bricked Up|21\/100\n|-damage|p2b: Gyarados|76\/100\n|move|p2b: Gyarados|Earthquake|p1b: Lucario|[spread] p2a,p1a,p1b\n|-supereffective|p1a: Cynda\n|-supereffective|p1b: Lucario\n|-damage|p2a: Bricked Up|7\/100\n|-damage|p1a: Cynda|32\/100\n|-damage|p1b: Lucario|23\/100\n|\n|upkeep\n|turn|2\n|\n|t:|1697501491\n|move|p1b: Lucario|Bullet Punch|p2a: Bricked Up\n|-supereffective|p2a: Bricked Up\n|-damage|p2a: Bricked Up|0 fnt\n|faint|p2a: Bricked Up\n|move|p1a: Cynda|Thunderbolt|p2b: Gyarados\n|-supereffective|p2b: Gyarados\n|-damage|p2b: Gyarados|0 fnt\n|faint|p2b: Gyarados\n|\n|upkeep\n|\n|t:|1697501503\n|switch|p2b: Gengar|Gengar, F|100\/100\n|switch|p2a: Goodra|Goodra-Hisui, M|100\/100\n|turn|3\n|\n|t:|1697501527\n|move|p1a: Cynda|Roost|p1a: Cynda\n|-heal|p1a: Cynda|82\/100\n|-singleturn|p1a: Cynda|move: Roost\n|move|p2b: Gengar|Shadow Ball|p1b: Lucario\n|-damage|p1b: Lucario|0 fnt\n|faint|p1b: Lucario\n|move|p2a: Goodra|Acid Armor|p2a: Goodra\n|-boost|p2a: Goodra|def|2\n|\n|upkeep\n|\n|t:|1697501534\n|switch|p1b: Espeon|Espeon, F|100\/100\n|turn|4\n|\n|t:|1697501543\n|switch|p1a: Venusaur|Venusaur, M, shiny|100\/100\n|move|p2b: Gengar|Shadow Ball|p1b: Espeon\n|-supereffective|p1b: Espeon\n|-damage|p1b: Espeon|0 fnt\n|faint|p1b: Espeon\n|move|p2a: Goodra|Acid Armor|p2a: Goodra\n|-boost|p2a: Goodra|def|2\n|\n|upkeep\n|\n|t:|1697501556\n|switch|p1b: Victini|Victini|100\/100\n|turn|5\n|\n|t:|1697501593\n|switch|p1b: Cynda|Tapu Koko, shiny|82\/100\n|detailschange|p1a: Venusaur|Venusaur-Mega, M, shiny\n|-mega|p1a: Venusaur|Venusaur|Venusaurite\n|move|p2b: Gengar|Shadow Ball|p1b: Cynda\n|-damage|p1b: Cynda|0 fnt\n|faint|p1b: Cynda\n|move|p1a: Venusaur|Earth Power|p2a: Goodra\n|-supereffective|p2a: Goodra\n|-damage|p2a: Goodra|66\/100\n|move|p2a: Goodra|Heavy Slam|p1a: Venusaur\n|-damage|p1a: Venusaur|89\/100\n|\n|-fieldend|move: Electric Terrain\n|upkeep\n|\n|t:|1697501603\n|switch|p1b: Garchomp|Garchomp, M|100\/100\n|turn|6\n|\n|t:|1697501615\n|switch|p2b: NiceToMatcha|Sinistcha-Masterpiece|100\/100\n|-heal|p2a: Goodra|91\/100|[from] ability: Hospitality|[of] p2b: NiceToMatcha\n|move|p1b: Garchomp|Shadow Claw|p2b: NiceToMatcha\n|-supereffective|p2b: NiceToMatcha\n|-damage|p2b: NiceToMatcha|64\/100\n|-damage|p1b: Garchomp|91\/100|[from] item: Life Orb\n|move|p1a: Venusaur|Earth Power|p2b: NiceToMatcha\n|-resisted|p2b: NiceToMatcha\n|-damage|p2b: NiceToMatcha|49\/100\n|move|p2a: Goodra|Life Dew|p2a: Goodra|[spread] p2a,p2b\n|-heal|p2a: Goodra|100\/100\n|-heal|p2b: NiceToMatcha|74\/100\n|\n|-heal|p2b: NiceToMatcha|80\/100|[from] item: Leftovers\n|upkeep\n|turn|7\n|\n|t:|1697501643\n|switch|p1b: Victini|Victini|100\/100\n|move|p1a: Venusaur|Sludge Bomb|p2b: NiceToMatcha\n|-damage|p2b: NiceToMatcha|39\/100\n|move|p2b: NiceToMatcha|Stun Spore|p1b: Victini\n|-status|p1b: Victini|par\n|move|p2a: Goodra|Heavy Slam|p1b: Victini\n|-resisted|p1b: Victini\n|-damage|p1b: Victini|84\/100 par\n|\n|-heal|p2b: NiceToMatcha|45\/100|[from] item: Leftovers\n|upkeep\n|turn|8\n|\n|t:|1697501664\n|switch|p2b: Gengar|Gengar, F|100\/100\n|move|p1a: Venusaur|Sludge Bomb|p2b: Gengar\n|-resisted|p2b: Gengar\n|-damage|p2b: Gengar|85\/100\n|-start|p1a: Venusaur|Disable|Sludge Bomb|[from] ability: Cursed Body|[of] p2b: Gengar\n|move|p2a: Goodra|Body Press|p1a: Venusaur\n|-resisted|p1a: Venusaur\n|-damage|p1a: Venusaur|69\/100\n|cant|p1b: Victini|par\n|\n|-sideend|p2: Draggy Gutsfree|Reflect\n|upkeep\n|turn|9\n|\n|t:|1697501686\n|move|p2b: Gengar|Shadow Ball|p1b: Victini\n|-supereffective|p1b: Victini\n|-damage|p1b: Victini|2\/100 par\n|move|p1a: Venusaur|Earth Power|p2b: Gengar\n|-supereffective|p2b: Gengar\n|-damage|p2b: Gengar|4\/100\n|move|p2a: Goodra|Body Press|p1a: Venusaur\n|-resisted|p1a: Venusaur\n|-damage|p1a: Venusaur|49\/100\n|cant|p1b: Victini|par\n|\n|upkeep\n|turn|10\n|\n|t:|1697501721\n|switch|p2b: Urshifu|Urshifu-Rapid-Strike, M|100\/100\n|switch|p1b: Garchomp|Garchomp, M|91\/100\n|move|p1a: Venusaur|Earth Power|p2b: Urshifu\n|-damage|p2b: Urshifu|60\/100\n|move|p2a: Goodra|Heavy Slam|p1b: Garchomp\n|-damage|p1b: Garchomp|65\/100\n|-damage|p2a: Goodra|88\/100|[from] ability: Rough Skin|[of] p1b: Garchomp\n|\n|upkeep\n|turn|11\n|\n|t:|1697501735\n|move|p1b: Garchomp|Dragon Claw|p2b: Urshifu\n|-damage|p2b: Urshifu|8\/100\n|-damage|p1b: Garchomp|55\/100|[from] item: Life Orb\n|move|p2b: Urshifu|Surging Strikes|p1b: Garchomp\n|-crit|p1b: Garchomp\n|-damage|p1b: Garchomp|35\/100\n|-activate|p1b: Garchomp|ability: Rough Skin\n|-activate|p2b: Urshifu|item: Protective Pads\n|-crit|p1b: Garchomp\n|-damage|p1b: Garchomp|16\/100\n|-activate|p1b: Garchomp|ability: Rough Skin\n|-activate|p2b: Urshifu|item: Protective Pads\n|-crit|p1b: Garchomp\n|-damage|p1b: Garchomp|0 fnt\n|-activate|p1b: Garchomp|ability: Rough Skin\n|-activate|p2b: Urshifu|item: Protective Pads\n|faint|p1b: Garchomp\n|-hitcount|p1: Garchomp|3\n|move|p1a: Venusaur|Energy Ball|p2b: Urshifu\n|-supereffective|p2b: Urshifu\n|-damage|p2b: Urshifu|0 fnt\n|faint|p2b: Urshifu\n|move|p2a: Goodra|Life Dew|p2a: Goodra\n|-heal|p2a: Goodra|100\/100\n|\n|-end|p1a: Venusaur|Disable\n|upkeep\n|\n|t:|1697501760\n|switch|p1b: Victini|Victini|2\/100 par\n|switch|p2b: NiceToMatcha|Sinistcha-Masterpiece|45\/100\n|turn|12\n|\n|t:|1697501783\n|move|p1a: Venusaur|Sludge Bomb|p2b: NiceToMatcha\n|-damage|p2b: NiceToMatcha|0 fnt\n|faint|p2b: NiceToMatcha\n|move|p2a: Goodra|Life Dew||[still]\n|-fail|p2a: Goodra|heal\n|move|p1b: Victini|Flamethrower|p2a: Goodra\n|-damage|p2a: Goodra|81\/100\n|\n|upkeep\n|\n|t:|1697501791\n|switch|p2b: Gengar|Gengar, F|4\/100\n|turn|13\n|\n|t:|1697501817\n|move|p2b: Gengar|Shadow Ball|p1a: Venusaur\n|-damage|p1a: Venusaur|2\/100\n|-unboost|p1a: Venusaur|spd|1\n|move|p1a: Venusaur|Earth Power|p2b: Gengar\n|-supereffective|p2b: Gengar\n|-damage|p2b: Gengar|0 fnt\n|faint|p2b: Gengar\n|move|p2a: Goodra|Heavy Slam|p1b: Victini\n|-resisted|p1b: Victini\n|-damage|p1b: Victini|0 fnt\n|faint|p1b: Victini\n|\n|upkeep\n|turn|14\n|\n|t:|1697501830\n|move|p1a: Venusaur|Earth Power|p2a: Goodra\n|-supereffective|p2a: Goodra\n|-damage|p2a: Goodra|46\/100\n|move|p2a: Goodra|Body Press|p1a: Venusaur\n|-resisted|p1a: Venusaur\n|-damage|p1a: Venusaur|0 fnt\n|faint|p1a: Venusaur\n|\n|win|Draggy Gutsfree\n|l|\u2606sootywhisper73\n","uploadtime":1697501839,"views":13,"p1id":"sootywhisper73","p2id":"draggygutsfree","formatid":"gen9nationaldexdoubles","rating":0,"private":0,"password":""}