{"id":"gen9nationaldexdoubles-1951635016","p1":"Bved","p2":"pcmeesit","format":"[Gen 9] National Dex Doubles","log":"|j|\u2606Bved\n|j|\u2606pcmeesit\n|t:|1695601455\n|gametype|doubles\n|player|p1|Bved|elesa|\n|player|p2|pcmeesit|101|\n|teamsize|p1|6\n|teamsize|p2|6\n|gen|9\n|tier|[Gen 9] National Dex Doubles\n|rule|HP Percentage Mod: HP is shown in percentages\n|rule|Endless Battle Clause: Forcing endless battles is banned\n|rule|OHKO Clause: OHKO moves are banned\n|rule|Evasion Moves Clause: Evasion moves are banned\n|rule|Evasion Abilities Clause: Evasion abilities are banned\n|rule|Species Clause: Limit one of each Pok\u00e9mon\n|rule|Gravity Sleep Clause: The combination of sleep-inducing moves with imperfect accuracy and Gravity or Gigantamax Orbeetle are banned\n|clearpoke\n|poke|p1|Regigigas|\n|poke|p1|Grafaiai, F|\n|poke|p1|Ditto|\n|poke|p1|Indeedee-F, F|\n|poke|p1|Eevee-Starter, M|\n|poke|p1|Zoroark-Hisui, F|\n|poke|p2|Arcanine, M|\n|poke|p2|Lanturn, F|\n|poke|p2|Feraligatr, F|\n|poke|p2|Togekiss, F|\n|poke|p2|Tinkaton, F|\n|poke|p2|Torterra, M|\n|teampreview\n|j| B_Megamaths\n|\n|t:|1695601476\n|start\n|switch|p1a: Big Man|Regigigas|100\/100\n|switch|p1b: Monke|Grafaiai, F|100\/100\n|switch|p2a: Nightlight|Lanturn, F|100\/100\n|switch|p2b: Terry|Feraligatr, F|100\/100\n|-start|p1a: Big Man|ability: Slow Start\n|turn|1\n|\n|t:|1695601490\n|move|p1b: Monke|Doodle|p2a: Nightlight\n|-end|p1a: Big Man|Slow Start|[silent]\n|-endability|p1a: Big Man|Slow Start|[from] move: Doodle\n|-ability|p1a: Big Man|Water Absorb|[from] move: Doodle\n|-endability|p1b: Monke|Prankster|[from] move: Doodle\n|-ability|p1b: Monke|Water Absorb|[from] move: Doodle\n|move|p1a: Big Man|Drain Punch|p2b: Terry\n|-damage|p2b: Terry|69\/100\n|move|p2b: Terry|Surf|p1a: Big Man|[spread] \n|-immune|p2a: Nightlight|[from] ability: Water Absorb\n|-immune|p1a: Big Man|[from] ability: Water Absorb\n|-immune|p1b: Monke|[from] ability: Water Absorb\n|move|p2a: Nightlight|Rain Dance|p2a: Nightlight\n|-weather|RainDance\n|\n|-weather|RainDance|[upkeep]\n|upkeep\n|turn|2\n|j| TgirlInDaVoid\n|\n|t:|1695601523\n|move|p1b: Monke|Parting Shot|p2b: Terry\n|-unboost|p2b: Terry|atk|1\n|-unboost|p2b: Terry|spa|1\n|\n|t:|1695601529\n|switch|p1b: Im Here Too|Indeedee-F, F|100\/100|[from] Parting Shot\n|-fieldstart|move: Psychic Terrain|[from] ability: Psychic Surge|[of] p1b: Im Here Too\n|move|p1a: Big Man|Drain Punch|p2b: Terry\n|-damage|p2b: Terry|40\/100\n|move|p2b: Terry|Blizzard|p1b: Im Here Too|[spread] p1a,p1b\n|-damage|p1a: Big Man|89\/100\n|-damage|p1b: Im Here Too|87\/100\n|move|p2a: Nightlight|Thunder|p1a: Big Man\n|-damage|p1a: Big Man|58\/100\n|\n|-weather|RainDance|[upkeep]\n|-heal|p1b: Im Here Too|93\/100|[from] item: Leftovers\n|upkeep\n|turn|3\n|\n|t:|1695601554\n|move|p1a: Big Man|Drain Punch|p2b: Terry\n|-damage|p2b: Terry|9\/100\n|-heal|p1a: Big Man|71\/100|[from] drain|[of] p2b: Terry\n|move|p1b: Im Here Too|Expanding Force|p2a: Nightlight|[spread] p2a,p2b\n|-damage|p2a: Nightlight|62\/100\n|-damage|p2b: Terry|0 fnt\n|faint|p2b: Terry\n|move|p2a: Nightlight|Thunder|p1a: Big Man\n|-damage|p1a: Big Man|36\/100\n|\n|-weather|RainDance|[upkeep]\n|-heal|p1b: Im Here Too|99\/100|[from] item: Leftovers\n|upkeep\n|\n|t:|1695601599\n|switch|p2b: Rex|Arcanine, M|100\/100\n|turn|4\n|\n|t:|1695601621\n|-terastallize|p1a: Big Man|Ghost\n|move|p2b: Rex|Crunch|p1b: Im Here Too\n|-supereffective|p1b: Im Here Too\n|-damage|p1b: Im Here Too|55\/100\n|-unboost|p1b: Im Here Too|def|1\n|move|p1a: Big Man|Giga Impact|p2b: Rex\n|-damage|p2b: Rex|0 fnt\n|-mustrecharge|p1a: Big Man\n|faint|p2b: Rex\n|move|p1b: Im Here Too|Heal Pulse|p1a: Big Man\n|-heal|p1a: Big Man|86\/100\n|move|p2a: Nightlight|Thunder|p1a: Big Man\n|-damage|p1a: Big Man|56\/100\n|\n|-weather|RainDance|[upkeep]\n|-heal|p1b: Im Here Too|61\/100|[from] item: Leftovers\n|upkeep\n|\n|t:|1695601652\n|switch|p2b: Tinkaton|Tinkaton, F|100\/100\n|-ability|p2b: Tinkaton|Mold Breaker\n|turn|5\n|\n|t:|1695601665\n|move|p1b: Im Here Too|Follow Me|p1b: Im Here Too\n|-singleturn|p1b: Im Here Too|move: Follow Me\n|move|p2b: Tinkaton|Foul Play|p1b: Im Here Too\n|-supereffective|p1b: Im Here Too\n|-damage|p1b: Im Here Too|26\/100\n|cant|p1a: Big Man|recharge\n|move|p2a: Nightlight|Thunder|p1b: Im Here Too\n|-damage|p1b: Im Here Too|0 fnt\n|faint|p1b: Im Here Too\n|\n|-weather|RainDance|[upkeep]\n|upkeep\n|\n|t:|1695601684\n|switch|p1b: Friend|Eevee-Starter, M|100\/100\n|turn|6\n|\n|t:|1695601727\n|move|p1b: Friend|Shadow Ball|p2a: Nightlight\n|-damage|p2a: Nightlight|10\/100\n|move|p2b: Tinkaton|Foul Play|p1a: Big Man\n|-supereffective|p1a: Big Man\n|-damage|p1a: Big Man|0 fnt\n|faint|p1a: Big Man\n|move|p2a: Nightlight|Thunder|p1b: Friend\n|-damage|p1b: Friend|13\/100\n|replace|p1b: Enemy|Zoroark-Hisui, F, shiny\n|-end|p1b: Enemy|Illusion\n|\n|-weather|RainDance|[upkeep]\n|-fieldend|move: Psychic Terrain\n|upkeep\n|\n|t:|1695601747\n|switch|p1a: The Cooler Daniel|Ditto, shiny|100\/100\n|-transform|p1a: The Cooler Daniel|p2b: Tinkaton|[from] ability: Imposter\n|-ability|p1a: The Cooler Daniel|Mold Breaker\n|turn|7\n|\n|t:|1695601768\n|move|p1b: Enemy|Shadow Ball|p2a: Nightlight\n|-damage|p2a: Nightlight|0 fnt\n|faint|p2a: Nightlight\n|move|p1a: The Cooler Daniel|Gigaton Hammer|p2b: Tinkaton\n|-damage|p2b: Tinkaton|13\/100\n|move|p2b: Tinkaton|Knock Off|p1b: Enemy\n|-supereffective|p1b: Enemy\n|-damage|p1b: Enemy|0 fnt\n|-enditem|p1b: Enemy|Choice Specs|[from] move: Knock Off|[of] p2b: Tinkaton\n|faint|p1b: Enemy\n|\n|-weather|RainDance|[upkeep]\n|upkeep\n|\n|t:|1695601790\n|switch|p1b: Monke|Grafaiai, F|100\/100\n|switch|p2a: Torterra|Torterra, M, shiny|100\/100\n|turn|8\n|\n|t:|1695601834\n|move|p1b: Monke|Taunt|p2a: Torterra\n|-start|p2a: Torterra|move: Taunt\n|move|p1a: The Cooler Daniel|Foul Play|p2b: Tinkaton\n|-resisted|p2b: Tinkaton\n|-damage|p2b: Tinkaton|0 fnt\n|faint|p2b: Tinkaton\n|cant|p2a: Torterra|move: Taunt|Shell Smash\n|\n|-weather|none\n|upkeep\n|\n|t:|1695601843\n|switch|p2b: Barry|Togekiss, F, shiny|100\/100\n|turn|9\n|\n|t:|1695601877\n|-terastallize|p2a: Torterra|Rock\n|move|p1b: Monke|Parting Shot|p2b: Barry\n|-unboost|p2b: Barry|atk|1\n|-unboost|p2b: Barry|spa|1\n|\n|t:|1695601883\n|switch|p1b: Friend|Eevee-Starter, M|100\/100|[from] Parting Shot\n|move|p1a: The Cooler Daniel|Gigaton Hammer|p2b: Barry\n|-supereffective|p2b: Barry\n|-damage|p2b: Barry|0 fnt\n|faint|p2b: Barry\n|move|p2a: Torterra|Rock Blast|p1b: Friend\n|-damage|p1b: Friend|79\/100\n|-damage|p1b: Friend|56\/100\n|-damage|p1b: Friend|33\/100\n|-damage|p1b: Friend|11\/100\n|-hitcount|p1b: Friend|4\n|\n|upkeep\n|turn|10\n|\n|t:|1695601924\n|move|p1b: Friend|Sappy Seed|p2a: Torterra\n|-supereffective|p2a: Torterra\n|-damage|p2a: Torterra|70\/100\n|-start|p2a: Torterra|move: Leech Seed\n|move|p1a: The Cooler Daniel|Foul Play|p2a: Torterra\n|-damage|p2a: Torterra|42\/100\n|move|p2a: Torterra|Rock Blast|p1b: Friend|[miss]\n|-miss|p2a: Torterra|p1b: Friend\n|\n|-damage|p2a: Torterra|29\/100|[from] Leech Seed|[of] p1b: Friend\n|-heal|p1b: Friend|28\/100|[silent]\n|-end|p2a: Torterra|move: Taunt\n|upkeep\n|turn|11\n|\n|t:|1695601942\n|move|p1b: Friend|Sappy Seed|p2a: Torterra\n|-supereffective|p2a: Torterra\n|-damage|p2a: Torterra|0 fnt\n|faint|p2a: Torterra\n|\n|win|Bved\n","uploadtime":1695601969,"views":11,"p1id":"bved","p2id":"pcmeesit","formatid":"gen9nationaldexdoubles","rating":0,"private":0,"password":""}