{"id":"gen9nationaldexdoubles-1951701602","p1":"CynthiaLinda","p2":"Theadonia","format":"[Gen 9] National Dex Doubles","log":"|j|\u2606CynthiaLinda\n|j|\u2606Theadonia\n|t:|1695608266\n|gametype|doubles\n|player|p1|CynthiaLinda|cynthia-gen4|1161\n|player|p2|Theadonia|caitlin|1137\n|teamsize|p1|6\n|teamsize|p2|6\n|gen|9\n|tier|[Gen 9] National Dex Doubles\n|rated|\n|rule|HP Percentage Mod: HP is shown in percentages\n|rule|Endless Battle Clause: Forcing endless battles is banned\n|rule|OHKO Clause: OHKO moves are banned\n|rule|Evasion Moves Clause: Evasion moves are banned\n|rule|Evasion Abilities Clause: Evasion abilities are banned\n|rule|Species Clause: Limit one of each Pok\u00e9mon\n|rule|Gravity Sleep Clause: The combination of sleep-inducing moves with imperfect accuracy and Gravity or Gigantamax Orbeetle are banned\n|clearpoke\n|poke|p1|Oricorio, F|\n|poke|p1|Meowscarada, M|\n|poke|p1|Quaquaval, M|\n|poke|p1|Kommo-o, M|\n|poke|p1|Diancie|\n|poke|p1|Chimecho, F|\n|poke|p2|Delphox, F|\n|poke|p2|Oricorio-Sensu, F|\n|poke|p2|Kommo-o, M|\n|poke|p2|Smeargle, F|\n|poke|p2|Comfey, F|\n|poke|p2|Manaphy|\n|teampreview\n|\n|t:|1695608280\n|start\n|switch|p1a: Oricorio|Oricorio, F, shiny|100\/100\n|switch|p1b: Diancie|Diancie, shiny|100\/100\n|switch|p2a: Delphox|Delphox, F|100\/100\n|switch|p2b: Smeargle|Smeargle, F|100\/100\n|turn|1\n|\n|t:|1695608299\n|move|p2a: Delphox|Snatch|p2a: Delphox\n|-singleturn|p2a: Delphox|Snatch\n|move|p1a: Oricorio|Tailwind|p1a: Oricorio\n|-activate|p2a: Delphox|move: Snatch|[of] p1a: Oricorio\n|move|p2a: Delphox|Tailwind|p2a: Delphox|[from]Snatch\n|-sidestart|p2: Theadonia|move: Tailwind\n|move|p2b: Smeargle|Acupressure|p2a: Delphox\n|-boost|p2a: Delphox|evasion|2\n|move|p1b: Diancie|Skill Swap|p1a: Oricorio\n|-activate|p1b: Diancie|move: Skill Swap|||[of] p1a: Oricorio\n|\n|upkeep\n|turn|2\n|\n|t:|1695608324\n|move|p2a: Delphox|Snatch|p2a: Delphox\n|-singleturn|p2a: Delphox|Snatch\n|move|p2b: Smeargle|Acupressure|p2a: Delphox\n|-boost|p2a: Delphox|accuracy|2\n|move|p1a: Oricorio|Quiver Dance|p1a: Oricorio\n|-activate|p2a: Delphox|move: Snatch|[of] p1a: Oricorio\n|move|p2a: Delphox|Quiver Dance|p2a: Delphox|[from]Snatch\n|-boost|p2a: Delphox|spa|1\n|-boost|p2a: Delphox|spd|1\n|-boost|p2a: Delphox|spe|1\n|move|p1b: Diancie|Draining Kiss|p2b: Smeargle\n|-damage|p2b: Smeargle|49\/100\n|\n|upkeep\n|turn|3\n|\n|t:|1695608347\n|move|p2a: Delphox|Snatch|p2a: Delphox\n|-singleturn|p2a: Delphox|Snatch\n|move|p2b: Smeargle|Clangorous Soul|p2b: Smeargle\n|-activate|p2a: Delphox|move: Snatch|[of] p2b: Smeargle\n|move|p2a: Delphox|Clangorous Soul|p2a: Delphox|[from]Snatch\n|-boost|p2a: Delphox|atk|1\n|-boost|p2a: Delphox|def|1\n|-boost|p2a: Delphox|spa|1\n|-boost|p2a: Delphox|spd|1\n|-boost|p2a: Delphox|spe|1\n|-damage|p2a: Delphox|68\/100\n|move|p1a: Oricorio|Tailwind|p1a: Oricorio\n|-sidestart|p1: CynthiaLinda|move: Tailwind\n|move|p1b: Diancie|Draining Kiss|p2b: Smeargle\n|-damage|p2b: Smeargle|0 fnt\n|faint|p2b: Smeargle\n|\n|upkeep\n|\n|t:|1695608361\n|switch|p2b: Comfey|Comfey, F|100\/100\n|turn|4\n|\n|t:|1695608374\n|move|p2b: Comfey|Floral Healing|p2a: Delphox\n|-heal|p2a: Delphox|100\/100\n|move|p2a: Delphox|Stored Power|p1b: Diancie\n|-damage|p1b: Diancie|0 fnt\n|faint|p1b: Diancie\n|move|p1a: Oricorio|Quiver Dance|p1a: Oricorio\n|-boost|p1a: Oricorio|spa|1\n|-boost|p1a: Oricorio|spd|1\n|-boost|p1a: Oricorio|spe|1\n|\n|-sideend|p2: Theadonia|move: Tailwind\n|upkeep\n|\n|t:|1695608386\n|switch|p1b: Quaquaval|Quaquaval, M, shiny|100\/100\n|turn|5\n|\n|t:|1695608399\n|-terastallize|p1b: Quaquaval|Water\n|move|p2b: Comfey|Draining Kiss|p1b: Quaquaval\n|-damage|p1b: Quaquaval|73\/100\n|move|p1a: Oricorio|Quiver Dance|p1a: Oricorio\n|-boost|p1a: Oricorio|spa|1\n|-boost|p1a: Oricorio|spd|1\n|-boost|p1a: Oricorio|spe|1\n|move|p1b: Quaquaval|Aqua Step|p2a: Delphox|[miss]\n|-miss|p1b: Quaquaval|p2a: Delphox\n|move|p2a: Delphox|Stored Power|p1b: Quaquaval\n|-damage|p1b: Quaquaval|0 fnt\n|faint|p1b: Quaquaval\n|\n|upkeep\n|\n|t:|1695608417\n|switch|p1b: Kommo-o|Kommo-o, M, shiny|100\/100\n|turn|6\n|\n|t:|1695608431\n|move|p1a: Oricorio|Revelation Dance|p2b: Comfey\n|-damage|p2b: Comfey|0 fnt\n|faint|p2b: Comfey\n|move|p2a: Delphox|Stored Power|p1b: Kommo-o\n|-supereffective|p1b: Kommo-o\n|-damage|p1b: Kommo-o|0 fnt\n|faint|p1b: Kommo-o\n|\n|-sideend|p1: CynthiaLinda|move: Tailwind\n|upkeep\n|\n|t:|1695608442\n|switch|p2b: Kommo-o|Kommo-o, M|100\/100\n|switch|p1b: Meowscarada|Meowscarada, M, shiny|100\/100\n|turn|7\n|\n|t:|1695608461\n|move|p2a: Delphox|Heat Wave|p1a: Oricorio|[spread] p1a,p1b\n|-resisted|p1a: Oricorio\n|-supereffective|p1b: Meowscarada\n|-damage|p1a: Oricorio|74\/100\n|-damage|p1b: Meowscarada|0 fnt\n|faint|p1b: Meowscarada\n|move|p1a: Oricorio|Tailwind|p1a: Oricorio\n|-sidestart|p1: CynthiaLinda|move: Tailwind\n|-zpower|p2b: Kommo-o\n|move|p2b: Kommo-o|Clangorous Soulblaze|p1a: Oricorio|[zeffect]\n|-damage|p1a: Oricorio|21\/100\n|-boost|p2b: Kommo-o|atk|1\n|-boost|p2b: Kommo-o|def|1\n|-boost|p2b: Kommo-o|spa|1\n|-boost|p2b: Kommo-o|spd|1\n|-boost|p2b: Kommo-o|spe|1\n|\n|upkeep\n|\n|t:|1695608479\n|switch|p1b: Chimecho|Chimecho, F, shiny|100\/100\n|turn|8\n|\n|t:|1695608489\n|move|p1a: Oricorio|Revelation Dance|p2b: Kommo-o\n|-resisted|p2b: Kommo-o\n|-damage|p2b: Kommo-o|67\/100\n|move|p2a: Delphox|Stored Power|p1a: Oricorio\n|-damage|p1a: Oricorio|0 fnt\n|faint|p1a: Oricorio\n|move|p2b: Kommo-o|Clanging Scales|p1b: Chimecho\n|-damage|p1b: Chimecho|44\/100\n|-unboost|p2b: Kommo-o|def|1\n|move|p1b: Chimecho|Draining Kiss|p2b: Kommo-o\n|-supereffective|p2b: Kommo-o\n|-damage|p2b: Kommo-o|28\/100\n|-heal|p1b: Chimecho|73\/100|[from] drain|[of] p2b: Kommo-o\n|\n|upkeep\n|turn|9\n|\n|t:|1695608512\n|move|p2a: Delphox|Stored Power|p1b: Chimecho\n|-resisted|p1b: Chimecho\n|-damage|p1b: Chimecho|0 fnt\n|faint|p1b: Chimecho\n|\n|win|Theadonia\n|raw|CynthiaLinda's rating: 1161 &rarr; <strong>1134<\/strong><br \/>(-27 for losing)\n|raw|Theadonia's rating: 1137 &rarr; <strong>1164<\/strong><br \/>(+27 for winning)\n|l|\u2606CynthiaLinda\n","uploadtime":1695608520,"views":6,"p1id":"cynthialinda","p2id":"theadonia","formatid":"gen9nationaldexdoubles","rating":1134,"private":0,"password":""}