{"id":"gen9nationaldexdoubles-1997282638","p1":"pickeledplums","p2":"pommni","format":"[Gen 9] National Dex Doubles","log":"|j|\u2606pickeledplums\n|j|\u2606pommni\n|t:|1700784318\n|gametype|doubles\n|player|p1|pickeledplums|cyclist-gen4|1127\n|player|p2|pommni|brycenman|1107\n|teamsize|p1|6\n|teamsize|p2|6\n|gen|9\n|tier|[Gen 9] National Dex Doubles\n|rated|\n|rule|HP Percentage Mod: HP is shown in percentages\n|rule|Endless Battle Clause: Forcing endless battles is banned\n|rule|OHKO Clause: OHKO moves are banned\n|rule|Evasion Moves Clause: Evasion moves are banned\n|rule|Evasion Abilities Clause: Evasion abilities are banned\n|rule|Species Clause: Limit one of each Pok\u00e9mon\n|rule|Gravity Sleep Clause: The combination of sleep-inducing moves with imperfect accuracy and Gravity or Gigantamax Orbeetle are banned\n|clearpoke\n|poke|p1|Pelipper, F|\n|poke|p1|Metagross|\n|poke|p1|Camerupt, M|\n|poke|p1|Swampert, M|\n|poke|p1|Amoonguss, F|\n|poke|p1|Eevee, M|\n|poke|p2|Incineroar, M|\n|poke|p2|Charizard, M|\n|poke|p2|Venusaur, M|\n|poke|p2|Greninja-*, F|\n|poke|p2|Torterra, F|\n|poke|p2|Quaquaval, M|\n|teampreview\n|inactive|Battle timer is ON: inactive players will automatically lose when time's up. (requested by pickeledplums)\n|\n|t:|1700784329\n|start\n|switch|p1a: Eevee|Eevee, M|100\/100\n|switch|p1b: Pelipper|Pelipper, F, shiny|100\/100\n|switch|p2a: Incineroar|Incineroar, M|100\/100\n|switch|p2b: Torterra|Torterra, F|100\/100\n|-weather|RainDance|[from] ability: Drizzle|[of] p1b: Pelipper\n|-ability|p2a: Incineroar|Intimidate|boost\n|-unboost|p1a: Eevee|atk|1\n|-unboost|p1b: Pelipper|atk|1\n|turn|1\n|\n|t:|1700784345\n|move|p2a: Incineroar|Fake Out|p1b: Pelipper\n|-crit|p1b: Pelipper\n|-damage|p1b: Pelipper|84\/100\n|-zpower|p1a: Eevee\n|move|p1a: Eevee|Extreme Evoboost|p1a: Eevee\n|-boost|p1a: Eevee|atk|2\n|-boost|p1a: Eevee|def|2\n|-boost|p1a: Eevee|spa|2\n|-boost|p1a: Eevee|spd|2\n|-boost|p1a: Eevee|spe|2\n|cant|p1b: Pelipper|flinch\n|move|p2b: Torterra|Headlong Rush|p1a: Eevee\n|-damage|p1a: Eevee|40\/100\n|-unboost|p2b: Torterra|def|1\n|-unboost|p2b: Torterra|spd|1\n|\n|-weather|RainDance|[upkeep]\n|-heal|p1b: Pelipper|91\/100|[from] item: Leftovers\n|upkeep\n|turn|2\n|\n|t:|1700784360\n|move|p1b: Pelipper|Wide Guard|p1b: Pelipper\n|-singleturn|p1b: Pelipper|Wide Guard\n|move|p1a: Eevee|Baton Pass|p1a: Eevee\n|\n|t:|1700784365\n|switch|p1a: Metagross|Metagross|100\/100|[from] Baton Pass\n|move|p2a: Incineroar|Parting Shot|p1a: Metagross\n|-fail|p1a: Metagross|unboost|[from] ability: Clear Body|[of] p1a: Metagross\n|move|p2b: Torterra|Bullet Seed|p1a: Metagross\n|-resisted|p1a: Metagross\n|-damage|p1a: Metagross|98\/100\n|-resisted|p1a: Metagross\n|-damage|p1a: Metagross|95\/100\n|-resisted|p1a: Metagross\n|-damage|p1a: Metagross|92\/100\n|-resisted|p1a: Metagross\n|-damage|p1a: Metagross|89\/100\n|-resisted|p1a: Metagross\n|-damage|p1a: Metagross|86\/100\n|-hitcount|p1a: Metagross|5\n|\n|-weather|RainDance|[upkeep]\n|-heal|p1b: Pelipper|97\/100|[from] item: Leftovers\n|upkeep\n|turn|3\n|\n|t:|1700784381\n|detailschange|p1a: Metagross|Metagross-Mega\n|-mega|p1a: Metagross|Metagross|Metagrossite\n|-terastallize|p2a: Incineroar|Grass\n|move|p1a: Metagross|Earthquake|p2b: Torterra|[spread] p2a,p2b\n|-immune|p1b: Pelipper\n|-resisted|p2a: Incineroar\n|-resisted|p2b: Torterra\n|-damage|p2a: Incineroar|82\/100\n|-damage|p2b: Torterra|75\/100\n|move|p1b: Pelipper|Blizzard|p2a: Incineroar|[spread] p2a,p2b\n|-supereffective|p2a: Incineroar\n|-supereffective|p2b: Torterra\n|-damage|p2a: Incineroar|47\/100\n|-damage|p2b: Torterra|0 fnt\n|-enditem|p2a: Incineroar|Sitrus Berry|[eat]\n|-heal|p2a: Incineroar|72\/100|[from] item: Sitrus Berry\n|faint|p2b: Torterra\n|move|p2a: Incineroar|Darkest Lariat|p1a: Metagross\n|-supereffective|p1a: Metagross\n|-damage|p1a: Metagross|10\/100\n|\n|-weather|RainDance|[upkeep]\n|-heal|p1b: Pelipper|100\/100|[from] item: Leftovers\n|upkeep\n|inactive|pommni has 120 seconds left.\n|\n|t:|1700784402\n|switch|p2b: Greninja|Greninja, F, shiny|100\/100\n|turn|4\n|\n|t:|1700784409\n|move|p1a: Metagross|Protect|p1a: Metagross\n|-singleturn|p1a: Metagross|Protect\n|move|p2b: Greninja|Shadow Sneak|p1a: Metagross\n|-start|p2b: Greninja|typechange|Ghost|[from] ability: Protean\n|-activate|p1a: Metagross|move: Protect\n|move|p1b: Pelipper|Blizzard|p2b: Greninja|[spread] \n|-miss|p1b: Pelipper|p2a: Incineroar\n|-miss|p1b: Pelipper|p2b: Greninja\n|move|p2a: Incineroar|Parting Shot|p1b: Pelipper\n|-unboost|p1b: Pelipper|atk|1\n|-unboost|p1b: Pelipper|spa|1\n|\n|t:|1700784413\n|switch|p2a: Charizard|Charizard, M|100\/100|[from] Parting Shot\n|\n|-weather|RainDance|[upkeep]\n|upkeep\n|turn|5\n|\n|t:|1700784421\n|detailschange|p2a: Charizard|Charizard-Mega-Y, M\n|-mega|p2a: Charizard|Charizard|Charizardite Y\n|-weather|SunnyDay|[from] ability: Drought|[of] p2a: Charizard\n|move|p1b: Pelipper|Wide Guard|p1b: Pelipper\n|-singleturn|p1b: Pelipper|Wide Guard\n|move|p2b: Greninja|Shadow Sneak|p1a: Metagross\n|-supereffective|p1a: Metagross\n|-damage|p1a: Metagross|0 fnt\n|faint|p1a: Metagross\n|move|p2a: Charizard|Tailwind|p2a: Charizard\n|-sidestart|p2: pommni|move: Tailwind\n|\n|-weather|SunnyDay|[upkeep]\n|upkeep\n|\n|t:|1700784430\n|switch|p1a: Swampert|Swampert, M|100\/100\n|turn|6\n|\n|t:|1700784441\n|move|p2b: Greninja|Icy Wind|p1b: Pelipper|[spread] p1a,p1b\n|-damage|p1a: Swampert|89\/100\n|-damage|p1b: Pelipper|82\/100\n|-unboost|p1a: Swampert|spe|1\n|-unboost|p1b: Pelipper|spe|1\n|move|p2a: Charizard|Overheat|p1a: Swampert\n|-resisted|p1a: Swampert\n|-damage|p1a: Swampert|32\/100\n|-unboost|p2a: Charizard|spa|2\n|move|p1b: Pelipper|Blizzard|p2b: Greninja|[spread] p2b\n|-miss|p1b: Pelipper|p2a: Charizard\n|-damage|p2b: Greninja|83\/100\n|move|p1a: Swampert|Muddy Water|p2b: Greninja|[spread] p2a,p2b\n|-supereffective|p2a: Charizard\n|-damage|p2a: Charizard|70\/100\n|-damage|p2b: Greninja|57\/100\n|-unboost|p2b: Greninja|accuracy|1\n|\n|-weather|SunnyDay|[upkeep]\n|-heal|p1b: Pelipper|88\/100|[from] item: Leftovers\n|-heal|p1a: Swampert|38\/100|[from] item: Leftovers\n|upkeep\n|turn|7\n|\n|t:|1700784464\n|move|p2b: Greninja|Icy Wind|p1a: Swampert|[spread] p1b\n|-miss|p2b: Greninja|p1a: Swampert\n|-damage|p1b: Pelipper|71\/100\n|-unboost|p1b: Pelipper|spe|1\n|move|p2a: Charizard|Overheat|p1a: Swampert\n|-resisted|p1a: Swampert\n|-damage|p1a: Swampert|9\/100\n|-unboost|p2a: Charizard|spa|2\n|move|p1a: Swampert|Earthquake|p2b: Greninja|[spread] p2b\n|-immune|p1b: Pelipper\n|-immune|p2a: Charizard\n|-crit|p2b: Greninja\n|-damage|p2b: Greninja|0 fnt\n|faint|p2b: Greninja\n|move|p1b: Pelipper|Tailwind|p1b: Pelipper\n|-sidestart|p1: pickeledplums|move: Tailwind\n|\n|-weather|SunnyDay|[upkeep]\n|-heal|p1a: Swampert|15\/100|[from] item: Leftovers\n|-heal|p1b: Pelipper|77\/100|[from] item: Leftovers\n|upkeep\n|\n|t:|1700784469\n|switch|p2b: Venusaur|Venusaur, M|100\/100\n|turn|8\n|\n|t:|1700784492\n|switch|p2a: Quaquaval|Quaquaval, M|100\/100\n|switch|p1a: Camerupt|Camerupt, M|100\/100\n|move|p2b: Venusaur|Sleep Powder|p1b: Pelipper\n|-status|p1b: Pelipper|slp|[from] move: Sleep Powder\n|cant|p1b: Pelipper|slp\n|\n|-weather|SunnyDay|[upkeep]\n|-heal|p1b: Pelipper|84\/100 slp|[from] item: Leftovers\n|-sideend|p2: pommni|move: Tailwind\n|upkeep\n|turn|9\n|\n|t:|1700784519\n|cant|p1b: Pelipper|slp\n|move|p2b: Venusaur|Sleep Powder|p1a: Camerupt\n|-status|p1a: Camerupt|slp|[from] move: Sleep Powder\n|move|p2a: Quaquaval|Close Combat|p1b: Pelipper\n|-resisted|p1b: Pelipper\n|-damage|p1b: Pelipper|55\/100 slp\n|-unboost|p2a: Quaquaval|def|1\n|-unboost|p2a: Quaquaval|spd|1\n|-damage|p2a: Quaquaval|91\/100|[from] item: Life Orb\n|cant|p1a: Camerupt|slp\n|\n|-weather|none\n|-heal|p1b: Pelipper|61\/100 slp|[from] item: Leftovers\n|upkeep\n|turn|10\n|\n|t:|1700784537\n|switch|p2b: Incineroar|Incineroar, M, tera:Grass|72\/100\n|-ability|p2b: Incineroar|Intimidate|boost\n|-unboost|p1a: Camerupt|atk|1\n|-unboost|p1b: Pelipper|atk|1\n|switch|p1a: Amoonguss|Amoonguss, F|100\/100\n|move|p2a: Quaquaval|Aqua Step|p1a: Amoonguss\n|-resisted|p1a: Amoonguss\n|-damage|p1a: Amoonguss|75\/100\n|-boost|p2a: Quaquaval|spe|1\n|-damage|p2a: Quaquaval|81\/100|[from] item: Life Orb\n|cant|p1b: Pelipper|slp\n|\n|-heal|p1a: Amoonguss|82\/100|[from] item: Leftovers\n|-heal|p1b: Pelipper|67\/100 slp|[from] item: Leftovers\n|-sideend|p1: pickeledplums|move: Tailwind\n|upkeep\n|turn|11\n|\n|t:|1700784550\n|move|p2b: Incineroar|Fake Out|p1b: Pelipper\n|-damage|p1b: Pelipper|56\/100 slp\n|move|p2a: Quaquaval|Brave Bird|p1a: Amoonguss\n|-supereffective|p1a: Amoonguss\n|-damage|p1a: Amoonguss|0 fnt\n|faint|p1a: Amoonguss\n|-ability|p2a: Quaquaval|Moxie|boost\n|-boost|p2a: Quaquaval|atk|1\n|-damage|p2a: Quaquaval|43\/100|[from] Recoil\n|-damage|p2a: Quaquaval|33\/100|[from] item: Life Orb\n|-curestatus|p1b: Pelipper|slp|[msg]\n|cant|p1b: Pelipper|flinch\n|\n|-heal|p1b: Pelipper|63\/100|[from] item: Leftovers\n|upkeep\n|\n|t:|1700784555\n|switch|p1a: Eevee|Eevee, M|40\/100\n|-ability|p1a: Eevee|Anticipation\n|turn|12\n|\n|t:|1700784574\n|move|p1a: Eevee|Detect|p1a: Eevee\n|-singleturn|p1a: Eevee|Protect\n|move|p2a: Quaquaval|Aqua Step|p1a: Eevee\n|-activate|p1a: Eevee|move: Protect\n|move|p2b: Incineroar|Darkest Lariat|p1b: Pelipper\n|-damage|p1b: Pelipper|25\/100\n|move|p1b: Pelipper|Blizzard|p2a: Quaquaval|[spread] p2b\n|-miss|p1b: Pelipper|p2a: Quaquaval\n|-supereffective|p2b: Incineroar\n|-damage|p2b: Incineroar|48\/100\n|\n|-heal|p1b: Pelipper|32\/100|[from] item: Leftovers\n|upkeep\n|turn|13\n|\n|t:|1700784597\n|move|p1b: Pelipper|Wide Guard|p1b: Pelipper\n|-singleturn|p1b: Pelipper|Wide Guard\n|move|p2a: Quaquaval|Aqua Step|p1a: Eevee\n|-damage|p1a: Eevee|0 fnt\n|-boost|p2a: Quaquaval|spe|1\n|faint|p1a: Eevee\n|-ability|p2a: Quaquaval|Moxie|boost\n|-boost|p2a: Quaquaval|atk|1\n|-damage|p2a: Quaquaval|23\/100|[from] item: Life Orb\n|move|p2b: Incineroar|Darkest Lariat|p1b: Pelipper\n|-damage|p1b: Pelipper|0 fnt\n|faint|p1b: Pelipper\n|\n|upkeep\n|\n|t:|1700784602\n|switch|p1a: Camerupt|Camerupt, M|100\/100 slp\n|switch|p1b: Swampert|Swampert, M|15\/100\n|turn|14\n|\n|t:|1700784613\n|move|p2a: Quaquaval|Aqua Step|p1b: Swampert\n|-damage|p1b: Swampert|0 fnt\n|-boost|p2a: Quaquaval|spe|1\n|faint|p1b: Swampert\n|-ability|p2a: Quaquaval|Moxie|boost\n|-boost|p2a: Quaquaval|atk|1\n|-damage|p2a: Quaquaval|13\/100|[from] item: Life Orb\n|move|p2b: Incineroar|Parting Shot|p1a: Camerupt\n|-unboost|p1a: Camerupt|atk|1\n|-unboost|p1a: Camerupt|spa|1\n|\n|t:|1700784617\n|switch|p2b: Venusaur|Venusaur, M|100\/100|[from] Parting Shot\n|-curestatus|p1a: Camerupt|slp|[msg]\n|move|p1a: Camerupt|Fire Blast|p2b: Venusaur\n|-supereffective|p2b: Venusaur\n|-damage|p2b: Venusaur|30\/100\n|\n|upkeep\n|turn|15\n|\n|t:|1700784624\n|move|p2a: Quaquaval|Aqua Step|p1a: Camerupt\n|-supereffective|p1a: Camerupt\n|-damage|p1a: Camerupt|0 fnt\n|-boost|p2a: Quaquaval|spe|1\n|faint|p1a: Camerupt\n|-damage|p2a: Quaquaval|3\/100|[from] item: Life Orb\n|\n|win|pommni\n|raw|pickeledplums's rating: 1127 &rarr; <strong>1101<\/strong><br \/>(-26 for losing)\n|raw|pommni's rating: 1107 &rarr; <strong>1133<\/strong><br \/>(+26 for winning)\n|l|\u2606pickeledplums\n","uploadtime":1700784628,"views":0,"p1id":"pickeledplums","p2id":"pommni","formatid":"gen9nationaldexdoubles","rating":1101,"private":0,"password":""}