{"id":"gen9nationaldexdoubles-1952058687","p1":"Theadonia","p2":"MasterPangolin","format":"[Gen 9] National Dex Doubles","log":"|j|\u2606Theadonia\n|j|\u2606MasterPangolin\n|t:|1695653798\n|gametype|doubles\n|player|p1|Theadonia|caitlin|1116\n|player|p2|MasterPangolin|milo|1314\n|teamsize|p1|6\n|teamsize|p2|6\n|gen|9\n|tier|[Gen 9] National Dex Doubles\n|rated|\n|rule|HP Percentage Mod: HP is shown in percentages\n|rule|Endless Battle Clause: Forcing endless battles is banned\n|rule|OHKO Clause: OHKO moves are banned\n|rule|Evasion Moves Clause: Evasion moves are banned\n|rule|Evasion Abilities Clause: Evasion abilities are banned\n|rule|Species Clause: Limit one of each Pok\u00e9mon\n|rule|Gravity Sleep Clause: The combination of sleep-inducing moves with imperfect accuracy and Gravity or Gigantamax Orbeetle are banned\n|clearpoke\n|poke|p1|Delphox, F|\n|poke|p1|Oricorio-Sensu, F|\n|poke|p1|Kommo-o, F|\n|poke|p1|Smeargle, F|\n|poke|p1|Comfey, F|\n|poke|p1|Manaphy|\n|poke|p2|Metagross|\n|poke|p2|Landorus, M|\n|poke|p2|Ogerpon-Hearthflame, F|\n|poke|p2|Iron Bundle|\n|poke|p2|Dragonite, M|\n|poke|p2|Clefable, M|\n|teampreview\n|inactive|Battle timer is ON: inactive players will automatically lose when time's up. (requested by MasterPangolin)\n|\n|t:|1695653824\n|start\n|switch|p1a: Delphox|Delphox, F|100\/100\n|switch|p1b: Oricorio|Oricorio-Sensu, F|100\/100\n|switch|p2a: Metagross|Metagross|100\/100\n|switch|p2b: Landorus|Landorus, M|100\/100\n|turn|1\n|\n|t:|1695653846\n|detailschange|p2a: Metagross|Metagross-Mega\n|-mega|p2a: Metagross|Metagross|Metagrossite\n|move|p2a: Metagross|Zen Headbutt|p1b: Oricorio\n|-damage|p1b: Oricorio|50\/100\n|move|p1a: Delphox|Role Play|p1b: Oricorio\n|-endability|p1a: Delphox|Magician|[from] move: Role Play\n|-ability|p1a: Delphox|Dancer|[from] move: Role Play|[of] p1b: Oricorio\n|move|p2b: Landorus|Sandsear Storm|p1a: Delphox|[spread] p1a\n|-immune|p1b: Oricorio\n|-supereffective|p1a: Delphox\n|-damage|p1a: Delphox|0 fnt\n|faint|p1a: Delphox\n|move|p1b: Oricorio|Quiver Dance|p1b: Oricorio\n|-boost|p1b: Oricorio|spa|1\n|-boost|p1b: Oricorio|spd|1\n|-boost|p1b: Oricorio|spe|1\n|\n|upkeep\n|\n|t:|1695653857\n|switch|p1a: Comfey|Comfey, F|100\/100\n|turn|2\n|\n|t:|1695653871\n|switch|p2b: Ogerpon|Ogerpon-Hearthflame, F|100\/100\n|-ability|p2b: Ogerpon|Mold Breaker\n|move|p1a: Comfey|Floral Healing|p1b: Oricorio\n|-heal|p1b: Oricorio|99\/100\n|move|p2a: Metagross|Bullet Punch|p1a: Comfey\n|-supereffective|p1a: Comfey\n|-damage|p1a: Comfey|3\/100\n|move|p1b: Oricorio|Quiver Dance|p1b: Oricorio\n|-boost|p1b: Oricorio|spa|1\n|-boost|p1b: Oricorio|spd|1\n|-boost|p1b: Oricorio|spe|1\n|\n|-heal|p1a: Comfey|10\/100|[from] item: Leftovers\n|upkeep\n|turn|3\n|\n|t:|1695653886\n|move|p1a: Comfey|Draining Kiss|p2b: Ogerpon\n|-resisted|p2b: Ogerpon\n|-crit|p2b: Ogerpon\n|-damage|p2b: Ogerpon|85\/100\n|-heal|p1a: Comfey|24\/100|[from] drain|[of] p2b: Ogerpon\n|move|p2a: Metagross|Bullet Punch|p1a: Comfey\n|-supereffective|p1a: Comfey\n|-damage|p1a: Comfey|0 fnt\n|faint|p1a: Comfey\n|move|p1b: Oricorio|Revelation Dance|p2b: Ogerpon\n|-damage|p2b: Ogerpon|9\/100\n|move|p2b: Ogerpon|Ivy Cudgel|p1b: Oricorio\n|-damage|p1b: Oricorio|51\/100\n|\n|upkeep\n|\n|t:|1695653899\n|switch|p1a: Smeargle|Smeargle, F|100\/100\n|turn|4\n|\n|t:|1695653912\n|switch|p2a: Clefable|Clefable, M|100\/100\n|move|p1b: Oricorio|Roost|p1b: Oricorio\n|-heal|p1b: Oricorio|100\/100\n|-singleturn|p1b: Oricorio|move: Roost\n|move|p2b: Ogerpon|Ivy Cudgel|p1a: Smeargle\n|-crit|p1a: Smeargle\n|-enditem|p1a: Smeargle|Focus Sash\n|-damage|p1a: Smeargle|1\/100\n|move|p1a: Smeargle|Clangorous Soul||[still]\n|-fail|p1a: Smeargle\n|\n|upkeep\n|turn|5\n|\n|t:|1695653930\n|move|p1a: Smeargle|Extreme Speed|p2b: Ogerpon\n|-damage|p2b: Ogerpon|0 fnt\n|faint|p2b: Ogerpon\n|move|p2a: Clefable|Follow Me|p2a: Clefable\n|-singleturn|p2a: Clefable|move: Follow Me\n|move|p1b: Oricorio|Substitute|p1b: Oricorio\n|-start|p1b: Oricorio|Substitute\n|-damage|p1b: Oricorio|75\/100\n|\n|upkeep\n|\n|t:|1695653946\n|switch|p2b: Landorus|Landorus, M|100\/100\n|turn|6\n|\n|t:|1695653952\n|move|p2a: Clefable|Follow Me|p2a: Clefable\n|-singleturn|p2a: Clefable|move: Follow Me\n|move|p1b: Oricorio|Quiver Dance|p1b: Oricorio\n|-boost|p1b: Oricorio|spa|1\n|-boost|p1b: Oricorio|spd|1\n|-boost|p1b: Oricorio|spe|1\n|move|p2b: Landorus|Sandsear Storm|p1b: Oricorio|[spread] p1a\n|-immune|p1b: Oricorio\n|-damage|p1a: Smeargle|0 fnt\n|faint|p1a: Smeargle\n|\n|upkeep\n|\n|t:|1695653959\n|switch|p1a: Kommo-o|Kommo-o, F|100\/100\n|turn|7\n|\n|t:|1695653967\n|move|p2b: Landorus|Protect|p2b: Landorus\n|-singleturn|p2b: Landorus|Protect\n|move|p1b: Oricorio|Quiver Dance|p1b: Oricorio\n|-boost|p1b: Oricorio|spa|1\n|-boost|p1b: Oricorio|spd|1\n|-boost|p1b: Oricorio|spe|1\n|move|p1a: Kommo-o|Clangorous Soul|p1a: Kommo-o\n|-boost|p1a: Kommo-o|atk|1\n|-boost|p1a: Kommo-o|def|1\n|-boost|p1a: Kommo-o|spa|1\n|-boost|p1a: Kommo-o|spd|1\n|-boost|p1a: Kommo-o|spe|1\n|-damage|p1a: Kommo-o|68\/100\n|-activate|p1b: Oricorio|ability: Dancer\n|move|p1b: Oricorio|Clangorous Soul|p1b: Oricorio|[from]ability: Dancer\n|-boost|p1b: Oricorio|atk|1\n|-boost|p1b: Oricorio|def|1\n|-boost|p1b: Oricorio|spa|1\n|-boost|p1b: Oricorio|spd|1\n|-boost|p1b: Oricorio|spe|1\n|-damage|p1b: Oricorio|43\/100\n|move|p2a: Clefable|Draining Kiss|p1a: Kommo-o\n|-supereffective|p1a: Kommo-o\n|-damage|p1a: Kommo-o|13\/100\n|\n|upkeep\n|turn|8\n|\n|t:|1695653997\n|move|p1b: Oricorio|Revelation Dance|p2b: Landorus\n|-damage|p2b: Landorus|0 fnt\n|faint|p2b: Landorus\n|-zpower|p1a: Kommo-o\n|move|p1a: Kommo-o|Clangorous Soulblaze|p2a: Clefable|[zeffect]\n|-immune|p2a: Clefable\n|move|p2a: Clefable|Draining Kiss|p1a: Kommo-o\n|-supereffective|p1a: Kommo-o\n|-damage|p1a: Kommo-o|0 fnt\n|faint|p1a: Kommo-o\n|\n|upkeep\n|\n|t:|1695654008\n|switch|p2b: Dragonite|Dragonite, M|100\/100\n|switch|p1a: Manaphy|Manaphy|100\/100\n|turn|9\n|\n|t:|1695654019\n|move|p2a: Clefable|Follow Me|p2a: Clefable\n|-singleturn|p2a: Clefable|move: Follow Me\n|move|p1b: Oricorio|Roost|p1b: Oricorio\n|-heal|p1b: Oricorio|93\/100\n|-singleturn|p1b: Oricorio|move: Roost\n|move|p1a: Manaphy|Blizzard|p2a: Clefable|[spread] p2a\n|-miss|p1a: Manaphy|p2b: Dragonite\n|-damage|p2a: Clefable|80\/100\n|move|p2b: Dragonite|Ice Spinner|p1b: Oricorio\n|-activate|p1b: Oricorio|move: Substitute|[damage]\n|\n|upkeep\n|turn|10\n|\n|t:|1695654035\n|move|p1b: Oricorio|Revelation Dance|p2b: Dragonite\n|-damage|p2b: Dragonite|58\/100\n|move|p1a: Manaphy|Blizzard|p2a: Clefable|[spread] p2a\n|-miss|p1a: Manaphy|p2b: Dragonite\n|-damage|p2a: Clefable|62\/100\n|move|p2b: Dragonite|Ice Spinner|p1b: Oricorio\n|-supereffective|p1b: Oricorio\n|-end|p1b: Oricorio|Substitute\n|move|p2a: Clefable|Draining Kiss|p1b: Oricorio\n|-damage|p1b: Oricorio|86\/100\n|-heal|p2a: Clefable|66\/100|[from] drain|[of] p1b: Oricorio\n|\n|upkeep\n|turn|11\n|\n|t:|1695654050\n|switch|p2a: Metagross|Metagross-Mega|100\/100\n|move|p1b: Oricorio|Revelation Dance|p2b: Dragonite\n|-crit|p2b: Dragonite\n|-damage|p2b: Dragonite|0 fnt\n|faint|p2b: Dragonite\n|move|p1a: Manaphy|Blizzard|p2a: Metagross\n|-resisted|p2a: Metagross\n|-damage|p2a: Metagross|82\/100\n|-status|p2a: Metagross|frz\n|\n|upkeep\n|\n|t:|1695654060\n|switch|p2b: Iron Bundle|Iron Bundle|100\/100\n|-enditem|p2b: Iron Bundle|Booster Energy\n|-activate|p2b: Iron Bundle|ability: Quark Drive|[fromitem]\n|-start|p2b: Iron Bundle|quarkdrivespe\n|turn|12\n|\n|t:|1695654069\n|cant|p2a: Metagross|frz\n|move|p1b: Oricorio|Revelation Dance|p2b: Iron Bundle\n|-damage|p2b: Iron Bundle|0 fnt\n|faint|p2b: Iron Bundle\n|-end|p2b: Iron Bundle|Quark Drive|[silent]\n|move|p1a: Manaphy|Scald|p2a: Metagross\n|-damage|p2a: Metagross|44\/100 frz\n|-curestatus|p2a: Metagross|frz|[msg]\n|\n|upkeep\n|\n|t:|1695654076\n|switch|p2b: Clefable|Clefable, M|66\/100\n|turn|13\n|\n|t:|1695654083\n|move|p2b: Clefable|Follow Me|p2b: Clefable\n|-singleturn|p2b: Clefable|move: Follow Me\n|move|p2a: Metagross|Bullet Punch|p1b: Oricorio\n|-damage|p1b: Oricorio|68\/100\n|move|p1b: Oricorio|Roost|p1b: Oricorio\n|-heal|p1b: Oricorio|100\/100\n|-singleturn|p1b: Oricorio|move: Roost\n|move|p1a: Manaphy|Scald|p2b: Clefable\n|-damage|p2b: Clefable|37\/100\n|\n|upkeep\n|turn|14\n|\n|t:|1695654095\n|move|p2b: Clefable|Follow Me|p2b: Clefable\n|-singleturn|p2b: Clefable|move: Follow Me\n|move|p1b: Oricorio|Revelation Dance|p2b: Clefable\n|-damage|p2b: Clefable|0 fnt\n|faint|p2b: Clefable\n|move|p2a: Metagross|Zen Headbutt|p1b: Oricorio\n|-damage|p1b: Oricorio|69\/100\n|move|p1a: Manaphy|Scald|p2a: Metagross\n|-damage|p2a: Metagross|5\/100\n|-status|p2a: Metagross|brn\n|\n|-damage|p2a: Metagross|0 fnt|[from] brn\n|faint|p2a: Metagross\n|\n|win|Theadonia\n|upkeep\n|raw|Theadonia's rating: 1116 &rarr; <strong>1154<\/strong><br \/>(+38 for winning)\n|raw|MasterPangolin's rating: 1314 &rarr; <strong>1284<\/strong><br \/>(-30 for losing)\n|l|\u2606MasterPangolin\n","uploadtime":1695654111,"views":5,"p1id":"theadonia","p2id":"masterpangolin","formatid":"gen9nationaldexdoubles","rating":1154,"private":0,"password":""}