{"id":"gen9nationaldexdoubles-1972384691","p1":"128swift","p2":"Denvah_17","format":"[Gen 9] National Dex Doubles","log":"|j|\u2606128swift\n|j|\u2606Denvah_17\n|t:|1697837143\n|gametype|doubles\n|player|p1|128swift|marlon|1370\n|player|p2|Denvah_17|alder|1459\n|teamsize|p1|6\n|teamsize|p2|6\n|gen|9\n|tier|[Gen 9] National Dex Doubles\n|rated|\n|rule|HP Percentage Mod: HP is shown in percentages\n|rule|Endless Battle Clause: Forcing endless battles is banned\n|rule|OHKO Clause: OHKO moves are banned\n|rule|Evasion Moves Clause: Evasion moves are banned\n|rule|Evasion Abilities Clause: Evasion abilities are banned\n|rule|Species Clause: Limit one of each Pok\u00e9mon\n|rule|Gravity Sleep Clause: The combination of sleep-inducing moves with imperfect accuracy and Gravity or Gigantamax Orbeetle are banned\n|clearpoke\n|poke|p1|Pelipper, F|\n|poke|p1|Ogerpon-Wellspring, F|\n|poke|p1|Walking Wake|\n|poke|p1|Urshifu-*, M|\n|poke|p1|Greninja-*, M|\n|poke|p1|Basculegion, M|\n|poke|p2|Sinistcha-Masterpiece|\n|poke|p2|Diancie|\n|poke|p2|Okidogi, M|\n|poke|p2|Ursaluna-Bloodmoon, M|\n|poke|p2|Volcanion|\n|poke|p2|Golisopod, M|\n|teampreview\n|inactive|Battle timer is ON: inactive players will automatically lose when time's up. (requested by Denvah_17)\n|\n|t:|1697837152\n|start\n|switch|p1a: Ogerpon|Ogerpon-Wellspring, F|100\/100\n|switch|p1b: Urshifu|Urshifu-Rapid-Strike, M|100\/100\n|switch|p2a: Grass Latte|Sinistcha-Masterpiece|100\/100\n|switch|p2b: Rihanna|Diancie, shiny|100\/100\n|turn|1\n|\n|t:|1697837170\n|switch|p2b: Mr. Saxobeat|Volcanion|100\/100\n|-terastallize|p1a: Ogerpon|Water\n|detailschange|p1a: Ogerpon|Ogerpon-Wellspring-Tera, F, tera:Water\n|-ability|p1a: Ogerpon|Embody Aspect (Wellspring)|boost\n|-boost|p1a: Ogerpon|spd|1\n|-terastallize|p2a: Grass Latte|Grass\n|move|p1a: Ogerpon|U-turn|p2a: Grass Latte\n|-supereffective|p2a: Grass Latte\n|-damage|p2a: Grass Latte|40\/100\n|-enditem|p2a: Grass Latte|Weakness Policy\n|-boost|p2a: Grass Latte|atk|2|[from] item: Weakness Policy\n|-boost|p2a: Grass Latte|spa|2|[from] item: Weakness Policy\n|\n|t:|1697837190\n|switch|p1a: Walking Wake|Walking Wake|100\/100|[from] U-turn\n|move|p1b: Urshifu|Acrobatics|p2a: Grass Latte\n|-supereffective|p2a: Grass Latte\n|-damage|p2a: Grass Latte|6\/100\n|move|p2a: Grass Latte|Matcha Gotcha|p1a: Walking Wake|[spread] p1a,p1b\n|-supereffective|p1b: Urshifu\n|-damage|p1a: Walking Wake|13\/100\n|-heal|p2a: Grass Latte|58\/100|[from] drain|[of] p1a: Walking Wake\n|-damage|p1b: Urshifu|0 fnt\n|-heal|p2a: Grass Latte|100\/100|[from] drain|[of] p1b: Urshifu\n|faint|p1b: Urshifu\n|\n|upkeep\n|inactive|128swift has 120 seconds left.\n|\n|t:|1697837218\n|switch|p1b: Basculegion|Basculegion, M|100\/100\n|turn|2\n|inactive|128swift has 120 seconds left.\n|\n|t:|1697837232\n|switch|p2b: NowThisIsPodRacing|Golisopod, M|100\/100\n|move|p1a: Walking Wake|Flamethrower|p2a: Grass Latte\n|-supereffective|p2a: Grass Latte\n|-damage|p2a: Grass Latte|48\/100\n|move|p1b: Basculegion|Last Respects|p2a: Grass Latte\n|-crit|p2a: Grass Latte\n|-damage|p2a: Grass Latte|0 fnt\n|faint|p2a: Grass Latte\n|\n|upkeep\n|\n|t:|1697837243\n|switch|p2a: Rihanna|Diancie, shiny|100\/100\n|turn|3\n|\n|t:|1697837251\n|move|p2b: NowThisIsPodRacing|First Impression|p1a: Walking Wake\n|-damage|p1a: Walking Wake|0 fnt\n|faint|p1a: Walking Wake\n|-end|p1a: Walking Wake|Protosynthesis|[silent]\n|-damage|p2b: NowThisIsPodRacing|91\/100|[from] item: Life Orb\n|move|p1b: Basculegion|Last Respects|p2b: NowThisIsPodRacing\n|-damage|p2b: NowThisIsPodRacing|0 fnt\n|faint|p2b: NowThisIsPodRacing\n|move|p2a: Rihanna|Trick Room|p2a: Rihanna\n|-fieldstart|move: Trick Room|[of] p2a: Rihanna\n|\n|upkeep\n|\n|t:|1697837279\n|switch|p2b: Freddy Fazbear|Ursaluna-Bloodmoon, M|100\/100\n|switch|p1a: Greninja|Greninja, M|100\/100\n|turn|4\n|\n|t:|1697837296\n|move|p1a: Greninja|Water Shuriken|p2a: Rihanna\n|-supereffective|p2a: Rihanna\n|-crit|p2a: Rihanna\n|-damage|p2a: Rihanna|85\/100\n|-enditem|p2a: Rihanna|Weakness Policy\n|-boost|p2a: Rihanna|atk|2|[from] item: Weakness Policy\n|-boost|p2a: Rihanna|spa|2|[from] item: Weakness Policy\n|-supereffective|p2a: Rihanna\n|-damage|p2a: Rihanna|74\/100\n|-supereffective|p2a: Rihanna\n|-damage|p2a: Rihanna|64\/100\n|-supereffective|p2a: Rihanna\n|-damage|p2a: Rihanna|53\/100\n|-hitcount|p2a: Rihanna|4\n|move|p2a: Rihanna|Dazzling Gleam|p1b: Basculegion|[spread] p1a,p1b\n|-supereffective|p1a: Greninja\n|-damage|p1a: Greninja|0 fnt\n|-damage|p1b: Basculegion|59\/100\n|faint|p1a: Greninja\n|move|p2b: Freddy Fazbear|Hyper Voice|p1b: Basculegion\n|-damage|p1b: Basculegion|4\/100\n|move|p1b: Basculegion|Last Respects|p2a: Rihanna\n|-damage|p2a: Rihanna|0 fnt\n|faint|p2a: Rihanna\n|\n|upkeep\n|\n|t:|1697837325\n|switch|p2a: Mr. Saxobeat|Volcanion|100\/100\n|switch|p1a: Ogerpon|Ogerpon-Wellspring-Tera, F, tera:Water|100\/100\n|-ability|p1a: Ogerpon|Embody Aspect (Wellspring)|boost\n|-boost|p1a: Ogerpon|spd|1\n|turn|5\n|\n|t:|1697837349\n|switch|p1b: Pelipper|Pelipper, F, shiny|100\/100\n|-weather|RainDance|[from] ability: Drizzle|[of] p1b: Pelipper\n|move|p2b: Freddy Fazbear|Earth Power|p1a: Ogerpon\n|-damage|p1a: Ogerpon|58\/100\n|move|p2a: Mr. Saxobeat|Earth Power|p1b: Pelipper\n|-immune|p1b: Pelipper\n|move|p1a: Ogerpon|Ivy Cudgel|p2b: Freddy Fazbear\n|-supereffective|p2b: Freddy Fazbear\n|-damage|p2b: Freddy Fazbear|0 fnt\n|faint|p2b: Freddy Fazbear\n|\n|-weather|RainDance|[upkeep]\n|upkeep\n|\n|t:|1697837353\n|switch|p2b: Dogecoin|Okidogi, M|100\/100\n|turn|6\n|\n|t:|1697837378\n|move|p1b: Pelipper|Hurricane|p2b: Dogecoin\n|-supereffective|p2b: Dogecoin\n|-damage|p2b: Dogecoin|31\/100\n|move|p2a: Mr. Saxobeat|Steam Eruption|p1b: Pelipper\n|-resisted|p1b: Pelipper\n|-damage|p1b: Pelipper|61\/100\n|move|p2b: Dogecoin|Gunk Shot|p1a: Ogerpon\n|-damage|p1a: Ogerpon|0 fnt\n|faint|p1a: Ogerpon\n|\n|-weather|RainDance|[upkeep]\n|upkeep\n|inactive|128swift has 120 seconds left.\n|\n|t:|1697837388\n|switch|p1a: Basculegion|Basculegion, M|4\/100\n|turn|7\n|\n|t:|1697837404\n|move|p1b: Pelipper|Hurricane|p2b: Dogecoin\n|-supereffective|p2b: Dogecoin\n|-damage|p2b: Dogecoin|0 fnt\n|faint|p2b: Dogecoin\n|move|p2a: Mr. Saxobeat|Earth Power|p1a: Basculegion\n|-damage|p1a: Basculegion|0 fnt\n|faint|p1a: Basculegion\n|\n|-weather|RainDance|[upkeep]\n|-fieldend|move: Trick Room\n|upkeep\n|turn|8\n|\n|t:|1697837416\n|move|p2a: Mr. Saxobeat|Steam Eruption|p1b: Pelipper\n|-resisted|p1b: Pelipper\n|-damage|p1b: Pelipper|22\/100\n|move|p1b: Pelipper|Hurricane|p2a: Mr. Saxobeat\n|-damage|p2a: Mr. Saxobeat|51\/100\n|\n|-weather|RainDance|[upkeep]\n|-heal|p2a: Mr. Saxobeat|58\/100|[from] item: Leftovers\n|upkeep\n|turn|9\n|\n|t:|1697837423\n|move|p2a: Mr. Saxobeat|Steam Eruption|p1b: Pelipper\n|-resisted|p1b: Pelipper\n|-damage|p1b: Pelipper|0 fnt\n|faint|p1b: Pelipper\n|\n|win|Denvah_17\n|raw|128swift's rating: 1370 &rarr; <strong>1355<\/strong><br \/>(-15 for losing)\n|raw|Denvah_17's rating: 1459 &rarr; <strong>1474<\/strong><br \/>(+15 for winning)\n|c|\u2606128swift|gg\n|l|\u2606128swift\n|c|\u2606Denvah_17|ggwp\n","uploadtime":1697837442,"views":4,"p1id":"128swift","p2id":"denvah17","formatid":"gen9nationaldexdoubles","rating":1355,"private":0,"password":""}