{"id":"gen9nationaldexdoubles-1978497573","p1":"oonation","p2":"JamesRonanC","format":"[Gen 9] National Dex Doubles","log":"|j|\u2606oonation\n|j|\u2606JamesRonanC\n|t:|1698546732\n|gametype|doubles\n|player|p1|oonation|elesa-gen5bw2|1437\n|player|p2|JamesRonanC|1|1346\n|teamsize|p1|6\n|teamsize|p2|6\n|gen|9\n|tier|[Gen 9] National Dex Doubles\n|rated|\n|rule|HP Percentage Mod: HP is shown in percentages\n|rule|Endless Battle Clause: Forcing endless battles is banned\n|rule|OHKO Clause: OHKO moves are banned\n|rule|Evasion Moves Clause: Evasion moves are banned\n|rule|Evasion Abilities Clause: Evasion abilities are banned\n|rule|Species Clause: Limit one of each Pok\u00e9mon\n|rule|Gravity Sleep Clause: The combination of sleep-inducing moves with imperfect accuracy and Gravity or Gigantamax Orbeetle are banned\n|clearpoke\n|poke|p1|Marshadow|\n|poke|p1|Rillaboom, F|\n|poke|p1|Diancie|\n|poke|p1|Palafin, F|\n|poke|p1|Salamence, M|\n|poke|p1|Heatran, M|\n|poke|p2|Zapdos|\n|poke|p2|Metagross|\n|poke|p2|Gastrodon, F|\n|poke|p2|Diancie|\n|poke|p2|Incineroar, M|\n|poke|p2|Rillaboom, M|\n|teampreview\n|inactive|Battle timer is ON: inactive players will automatically lose when time's up. (requested by oonation)\n|inactive|JamesRonanC also wants the timer to be on.\n|inactive|oonation has 120 seconds left.\n|\n|t:|1698546771\n|start\n|switch|p1a: Salamence|Salamence, M|100\/100\n|switch|p1b: Palafin|Palafin, F|100\/100\n|switch|p2a: Incineroar|Incineroar, M|100\/100\n|switch|p2b: Diancie|Diancie|100\/100\n|-ability|p1a: Salamence|Intimidate|boost\n|-unboost|p2a: Incineroar|atk|1\n|-fail|p2b: Diancie|unboost|[from] ability: Clear Body|[of] p2b: Diancie\n|-ability|p2a: Incineroar|Intimidate|boost\n|-unboost|p1a: Salamence|atk|1\n|-unboost|p1b: Palafin|atk|1\n|turn|1\n|\n|t:|1698546792\n|switch|p1a: Rillaboom|Rillaboom, F|100\/100\n|-fieldstart|move: Grassy Terrain|[from] ability: Grassy Surge|[of] p1a: Rillaboom\n|detailschange|p1b: Palafin|Palafin-Hero, F\n|switch|p1b: Marshadow|Marshadow|100\/100\n|detailschange|p2b: Diancie|Diancie-Mega\n|-mega|p2b: Diancie|Diancie|Diancite\n|move|p2a: Incineroar|Fake Out|p1b: Marshadow\n|-immune|p1b: Marshadow\n|move|p2b: Diancie|Diamond Storm|p1a: Rillaboom|[spread] p1a,p1b\n|-resisted|p1b: Marshadow\n|-damage|p1a: Rillaboom|67\/100\n|-damage|p1b: Marshadow|74\/100\n|\n|-heal|p1b: Marshadow|81\/100|[from] Grassy Terrain\n|-heal|p1a: Rillaboom|73\/100|[from] Grassy Terrain\n|upkeep\n|turn|2\n|\n|t:|1698546810\n|switch|p2a: Zapdos|Zapdos|100\/100\n|move|p2b: Diancie|Protect|p2b: Diancie\n|-singleturn|p2b: Diancie|Protect\n|move|p1b: Marshadow|Close Combat|p2a: Zapdos\n|-resisted|p2a: Zapdos\n|-damage|p2a: Zapdos|67\/100\n|-unboost|p1b: Marshadow|def|1\n|-unboost|p1b: Marshadow|spd|1\n|-status|p1b: Marshadow|par|[from] ability: Static|[of] p2a: Zapdos\n|move|p1a: Rillaboom|Wood Hammer|p2b: Diancie\n|-activate|p2b: Diancie|move: Protect\n|\n|-heal|p1a: Rillaboom|79\/100|[from] Grassy Terrain\n|-heal|p1b: Marshadow|87\/100 par|[from] Grassy Terrain\n|upkeep\n|turn|3\n|\n|t:|1698546830\n|switch|p2b: Incineroar|Incineroar, M|100\/100\n|-ability|p2b: Incineroar|Intimidate|boost\n|-unboost|p1a: Rillaboom|atk|1\n|-unboost|p1b: Marshadow|atk|1\n|switch|p1b: Diancie|Diancie|100\/100\n|move|p2a: Zapdos|Thunderbolt|p1b: Diancie\n|-damage|p1b: Diancie|73\/100\n|move|p1a: Rillaboom|Wood Hammer|p2b: Incineroar\n|-resisted|p2b: Incineroar\n|-damage|p2b: Incineroar|82\/100\n|-damage|p1a: Rillaboom|74\/100|[from] Recoil\n|\n|-heal|p1a: Rillaboom|80\/100|[from] Grassy Terrain\n|-heal|p2b: Incineroar|88\/100|[from] Grassy Terrain\n|-heal|p1b: Diancie|79\/100|[from] Grassy Terrain\n|upkeep\n|turn|4\n|\n|t:|1698546846\n|switch|p2a: Metagross|Metagross|100\/100\n|move|p2b: Incineroar|Fake Out|p1b: Diancie\n|-resisted|p1b: Diancie\n|-damage|p1b: Diancie|75\/100\n|move|p1a: Rillaboom|U-turn|p2b: Incineroar\n|-damage|p2b: Incineroar|76\/100\n|\n|t:|1698546857\n|switch|p1a: Marshadow|Marshadow|87\/100 par|[from] U-turn\n|cant|p1b: Diancie|flinch\n|\n|-heal|p1a: Marshadow|93\/100 par|[from] Grassy Terrain\n|-heal|p2b: Incineroar|82\/100|[from] Grassy Terrain\n|-heal|p1b: Diancie|81\/100|[from] Grassy Terrain\n|upkeep\n|turn|5\n|\n|t:|1698546870\n|move|p2a: Metagross|Bullet Punch|p1b: Diancie\n|-supereffective|p1b: Diancie\n|-damage|p1b: Diancie|20\/100\n|-enditem|p1b: Diancie|Weakness Policy\n|-boost|p1b: Diancie|atk|2|[from] item: Weakness Policy\n|-boost|p1b: Diancie|spa|2|[from] item: Weakness Policy\n|-zpower|p1a: Marshadow\n|move|p1a: Marshadow|Soul-Stealing 7-Star Strike|p2a: Metagross|[zeffect]\n|-supereffective|p2a: Metagross\n|-damage|p2a: Metagross|0 fnt\n|faint|p2a: Metagross\n|move|p2b: Incineroar|Parting Shot|p1a: Marshadow\n|-unboost|p1a: Marshadow|atk|1\n|-unboost|p1a: Marshadow|spa|1\n|\n|t:|1698546882\n|switch|p2b: Diancie|Diancie-Mega|100\/100|[from] Parting Shot\n|move|p1b: Diancie|Diamond Storm|p2b: Diancie\n|-damage|p2b: Diancie|0 fnt\n|-boost|p1b: Diancie|def|2\n|faint|p2b: Diancie\n|\n|-heal|p1a: Marshadow|99\/100 par|[from] Grassy Terrain\n|-heal|p1b: Diancie|26\/100|[from] Grassy Terrain\n|-fieldend|move: Grassy Terrain\n|upkeep\n|c|\u2606JamesRonanC|:O\n|inactive|JamesRonanC has 120 seconds left.\n|c|\u2606JamesRonanC|I should really stop skipping the timer. Lol.\n|\n|t:|1698546908\n|switch|p2b: Incineroar|Incineroar, M|82\/100\n|switch|p2a: Rillaboom|Rillaboom, M|100\/100\n|-fieldstart|move: Grassy Terrain|[from] ability: Grassy Surge|[of] p2a: Rillaboom\n|-enditem|p2a: Rillaboom|Grassy Seed\n|-boost|p2a: Rillaboom|def|1|[from] item: Grassy Seed\n|-ability|p2b: Incineroar|Intimidate|boost\n|-unboost|p1a: Marshadow|atk|1\n|-fail|p1b: Diancie|unboost|[from] ability: Clear Body|[of] p1b: Diancie\n|turn|6\n|\n|t:|1698546937\n|switch|p1a: Salamence|Salamence, M|100\/100\n|-ability|p1a: Salamence|Intimidate|boost\n|-unboost|p2a: Rillaboom|atk|1\n|-unboost|p2b: Incineroar|atk|1\n|-terastallize|p2a: Rillaboom|Grass\n|-terastallize|p1b: Diancie|Grass\n|move|p2b: Incineroar|Fake Out|p1a: Salamence\n|-damage|p1a: Salamence|93\/100\n|move|p2a: Rillaboom|Grassy Glide|p1b: Diancie\n|-resisted|p1b: Diancie\n|-damage|p1b: Diancie|19\/100\n|move|p1b: Diancie|Diamond Storm|p2b: Incineroar|[spread] p2a,p2b\n|-supereffective|p2b: Incineroar\n|-damage|p2a: Rillaboom|59\/100\n|-damage|p2b: Incineroar|0 fnt\n|faint|p2b: Incineroar\n|\n|-heal|p2a: Rillaboom|65\/100|[from] Grassy Terrain\n|-heal|p1b: Diancie|25\/100|[from] Grassy Terrain\n|upkeep\n|c|\u2606JamesRonanC|Ya really got me. Lol. GG\n|inactive|JamesRonanC has 120 seconds left.\n|-message|JamesRonanC forfeited.\n|\n|win|oonation\n|raw|oonation's rating: 1437 &rarr; <strong>1452<\/strong><br \/>(+15 for winning)\n|raw|JamesRonanC's rating: 1346 &rarr; <strong>1331<\/strong><br \/>(-15 for losing)\n|l|\u2606JamesRonanC\n","uploadtime":1698547120,"views":5,"p1id":"oonation","p2id":"jamesronanc","formatid":"gen9nationaldexdoubles","rating":1331,"private":0,"password":""}