{"id":"gen9nationaldexdoubles-1950661102","p1":"XMarcosPr710","p2":"SakiiTenma","format":"[Gen 9] National Dex Doubles","log":"|j|\u2606XMarcosPr710\n|j|\u2606SakiiTenma\n|t:|1695494234\n|gametype|doubles\n|player|p1|XMarcosPr710|benga|\n|player|p2|SakiiTenma|yellow|\n|teamsize|p1|6\n|teamsize|p2|6\n|gen|9\n|tier|[Gen 9] National Dex Doubles\n|rule|HP Percentage Mod: HP is shown in percentages\n|rule|Endless Battle Clause: Forcing endless battles is banned\n|rule|OHKO Clause: OHKO moves are banned\n|rule|Evasion Moves Clause: Evasion moves are banned\n|rule|Evasion Abilities Clause: Evasion abilities are banned\n|rule|Species Clause: Limit one of each Pok\u00e9mon\n|rule|Gravity Sleep Clause: The combination of sleep-inducing moves with imperfect accuracy and Gravity or Gigantamax Orbeetle are banned\n|clearpoke\n|poke|p1|Chien-Pao|\n|poke|p1|Meowscarada, F|\n|poke|p1|Grimmsnarl, M|\n|poke|p1|Moltres-Galar|\n|poke|p1|Darkrai|\n|poke|p1|Hydreigon, F|\n|poke|p2|Indeedee-F, F|\n|poke|p2|Kangaskhan, F|\n|poke|p2|Zoroark-Hisui, M|\n|poke|p2|Porygon2|\n|poke|p2|Staraptor, F|\n|poke|p2|Ursaluna-Bloodmoon, M|\n|teampreview\n|c|\u2606XMarcosPr710|Epico\n|j| El_Gran_Wigglytuff\n|c|\u2606SakiiTenma|Dios te salve Mar\u00eda llena eres de gracia el se\u00f1or es contigo bendito eres entre todas las mujeres y bendito es el frito de tu vientre Jes\u00fas\n|c|\u2606XMarcosPr710|Ahora que veo no se hizo la votaci\u00f3n de la team sheet y andamos pelando\n|c|\u2606XMarcosPr710|Peleando*\n|c|\u2606SakiiTenma|Santa Mar\u00eda madre de dios y madre nuestra ruega por nosotros los pecadores a la hora y en la hora de nuestra muerte am\u00e9n\n|c| El_Gran_Wigglytuff|Callate Marcos\n|c|\u2606XMarcosPr710|Si pierdo soy homo \ud83d\uddff\n|\n|t:|1695494305\n|start\n|switch|p1a: Moltres|Moltres-Galar|100\/100\n|switch|p1b: Grimmsnarl|Grimmsnarl, M|100\/100\n|switch|p2a: Staraptor|Staraptor, F|100\/100\n|switch|p2b: Indeedee|Indeedee-F, F|100\/100\n|-ability|p2a: Staraptor|Intimidate|boost\n|-unboost|p1a: Moltres|atk|1\n|-unboost|p1b: Grimmsnarl|atk|1\n|-fieldstart|move: Psychic Terrain|[from] ability: Psychic Surge|[of] p2b: Indeedee\n|-enditem|p2b: Indeedee|Psychic Seed\n|-boost|p2b: Indeedee|spd|1|[from] item: Psychic Seed\n|turn|1\n|c|\u2606XMarcosPr710|Pasa el link bluff que ninguno de los 2 puede xD\n|\n|t:|1695494329\n|switch|p2b: Porygon2|Porygon2|100\/100\n|-ability|p2b: Porygon2|Download|boost\n|-boost|p2b: Porygon2|atk|1\n|move|p1b: Grimmsnarl|Reflect|p1b: Grimmsnarl\n|-sidestart|p1: XMarcosPr710|Reflect\n|move|p2a: Staraptor|U-turn|p1b: Grimmsnarl\n|-damage|p1b: Grimmsnarl|75\/100\n|j| Aluh_opa\n|\n|t:|1695494341\n|switch|p2a: Kangaskhan|Kangaskhan, F|100\/100|[from] U-turn\n|move|p1a: Moltres|Tailwind|p1a: Moltres\n|-sidestart|p1: XMarcosPr710|move: Tailwind\n|\n|upkeep\n|turn|2\n|c| El_Gran_Wigglytuff|Aluh\n|\n|t:|1695494357\n|detailschange|p2a: Kangaskhan|Kangaskhan-Mega, F\n|-mega|p2a: Kangaskhan|Kangaskhan|Kangaskhanite\n|move|p1b: Grimmsnarl|Light Screen|p1b: Grimmsnarl\n|-sidestart|p1: XMarcosPr710|move: Light Screen\n|move|p1a: Moltres|Fiery Wrath|p2b: Porygon2|[spread] p2a,p2b\n|-damage|p2a: Kangaskhan|77\/100\n|-damage|p2b: Porygon2|89\/100\n|cant|p2a: Kangaskhan|flinch\n|cant|p2b: Porygon2|flinch\n|\n|upkeep\n|turn|3\n|c| Aluh_opa|aj\u00e1?\n|c| El_Gran_Wigglytuff|El torneo sin ti no es lo mismo\n|c|\u2606XMarcosPr710|Qu\u00e9 rico ese doble flinch\n|j| fifier\n|\n|t:|1695494384\n|move|p1a: Moltres|Fiery Wrath|p2a: Kangaskhan|[spread] p2a,p2b\n|-damage|p2a: Kangaskhan|51\/100\n|-damage|p2b: Porygon2|77\/100\n|move|p2a: Kangaskhan|Frustration|p1b: Grimmsnarl\n|-damage|p1b: Grimmsnarl|36\/100\n|-damage|p1b: Grimmsnarl|28\/100\n|-hitcount|p1b: Grimmsnarl|2\n|move|p1b: Grimmsnarl|Spirit Break|p2b: Porygon2\n|-damage|p2b: Porygon2|64\/100\n|-unboost|p2b: Porygon2|spa|1\n|move|p2b: Porygon2|Ice Beam|p1a: Moltres\n|-supereffective|p1a: Moltres\n|-damage|p1a: Moltres|88\/100\n|\n|upkeep\n|turn|4\n|c| Aluh_opa|\u00bfPorqu\u00e9? JAJAJAJA\n|c| El_Gran_Wigglytuff|Nos falta un perro muerto\n|\n|t:|1695494422\n|switch|p1b: Chien-Pao|Chien-Pao|100\/100\n|-ability|p1b: Chien-Pao|Sword of Ruin\n|move|p2b: Porygon2|Ally Switch|p2b: Porygon2\n|swap|p2b: Porygon2|0|[from] move: Ally Switch\n|move|p1a: Moltres|Fiery Wrath|p2a: Porygon2|[spread] p2a,p2b\n|-crit|p2a: Porygon2\n|-damage|p2a: Porygon2|45\/100\n|-damage|p2b: Kangaskhan|27\/100\n|move|p2b: Kangaskhan|Frustration|p1b: Chien-Pao\n|-crit|p1b: Chien-Pao\n|-enditem|p1b: Chien-Pao|Focus Sash\n|-damage|p1b: Chien-Pao|1\/100\n|-damage|p1b: Chien-Pao|0 fnt\n|faint|p1b: Chien-Pao\n|-hitcount|p1: Chien-Pao|2\n|\n|-sideend|p1: XMarcosPr710|move: Tailwind\n|upkeep\n|c|\u2606SakiiTenma|Padre nuestro que dtas en el cielo santificado sea tu nombre\n|c|\u2606SakiiTenma|GRACIAS DIOS\n|\n|t:|1695494441\n|switch|p1b: Meowscarada|Meowscarada, F|100\/100\n|turn|5\n|c| El_Gran_Wigglytuff|Duerman a Moltres Galar\n|\n|t:|1695494451\n|move|p2b: Kangaskhan|Protect|p2b: Kangaskhan\n|-singleturn|p2b: Kangaskhan|Protect\n|move|p1b: Meowscarada|Flower Trick|p2a: Porygon2\n|-start|p1b: Meowscarada|typechange|Grass|[from] ability: Protean\n|-crit|p2a: Porygon2\n|-damage|p2a: Porygon2|12\/100\n|move|p1a: Moltres|Fiery Wrath|p2b: Kangaskhan|[spread] p2a\n|-activate|p2b: Kangaskhan|move: Protect\n|-damage|p2a: Porygon2|1\/100\n|move|p2a: Porygon2|Recover|p2a: Porygon2\n|-heal|p2a: Porygon2|51\/100\n|\n|-fieldend|move: Psychic Terrain\n|upkeep\n|turn|6\n|\n|t:|1695494471\n|switch|p2b: Indeedee|Indeedee-F, F|100\/100\n|-fieldstart|move: Psychic Terrain|[from] ability: Psychic Surge|[of] p2b: Indeedee\n|move|p1b: Meowscarada|Flower Trick|p2b: Indeedee\n|-crit|p2b: Indeedee\n|-damage|p2b: Indeedee|37\/100\n|move|p1a: Moltres|Fiery Wrath|p2a: Porygon2|[spread] p2a,p2b\n|-supereffective|p2b: Indeedee\n|-damage|p2a: Porygon2|38\/100\n|-damage|p2b: Indeedee|0 fnt\n|faint|p2b: Indeedee\n|move|p2a: Porygon2|Recover|p2a: Porygon2\n|-heal|p2a: Porygon2|88\/100\n|\n|upkeep\n|\n|t:|1695494490\n|switch|p2b: Staraptor|Staraptor, F|100\/100\n|-ability|p2b: Staraptor|Intimidate|boost\n|-unboost|p1a: Moltres|atk|1\n|-unboost|p1b: Meowscarada|atk|1\n|turn|7\n|\n|t:|1695494502\n|switch|p1b: Grimmsnarl|Grimmsnarl, M|28\/100\n|move|p2b: Staraptor|Brave Bird|p1b: Grimmsnarl\n|-damage|p1b: Grimmsnarl|0 fnt\n|faint|p1b: Grimmsnarl\n|-damage|p2b: Staraptor|89\/100|[from] Recoil\n|move|p1a: Moltres|Fiery Wrath|p2a: Porygon2|[spread] p2a,p2b\n|-damage|p2a: Porygon2|76\/100\n|-damage|p2b: Staraptor|50\/100\n|move|p2a: Porygon2|Ice Beam|p1a: Moltres\n|-supereffective|p1a: Moltres\n|-damage|p1a: Moltres|74\/100\n|-status|p1a: Moltres|frz\n|\n|upkeep\n|\n|t:|1695494512\n|switch|p1b: Darkrai|Darkrai|100\/100\n|turn|8\n|c| El_Gran_Wigglytuff|Que rico\n|c|\u2606XMarcosPr710|Fak\n|c| Aluh_opa|EL diablooo\n|c|\u2606SakiiTenma|DIOOOOS ME HAS MIRADO A LOS OJOOOOS\n|c|\u2606SakiiTenma|SONRIEEEENDO HAS DICHO MI NOMBREEEE\n|c|\u2606XMarcosPr710|JAJAJ\n|c| El_Gran_Wigglytuff|Zephyr, te has tomado la medicaci\u00f3n?\n|c|\u2606XMarcosPr710|Despierta diputado de podemos\n|\n|t:|1695494568\n|move|p1b: Darkrai|Protect|p1b: Darkrai\n|-singleturn|p1b: Darkrai|Protect\n|cant|p1a: Moltres|frz\n|move|p2a: Porygon2|Ally Switch|p2a: Porygon2\n|swap|p2a: Porygon2|1|[from] move: Ally Switch\n|move|p2a: Staraptor|Brave Bird|p1b: Darkrai\n|-activate|p1b: Darkrai|move: Protect\n|\n|-sideend|p1: XMarcosPr710|Reflect\n|upkeep\n|turn|9\n|\n|t:|1695494582\n|move|p1b: Darkrai|Hypnosis|p2a: Staraptor\n|-status|p2a: Staraptor|slp|[from] move: Hypnosis\n|cant|p2a: Staraptor|slp\n|cant|p1a: Moltres|frz\n|move|p2b: Porygon2|Tri Attack|p1b: Darkrai\n|-damage|p1b: Darkrai|84\/100\n|-status|p1b: Darkrai|brn\n|\n|-damage|p1b: Darkrai|78\/100 brn|[from] brn\n|-sideend|p1: XMarcosPr710|move: Light Screen\n|-damage|p2a: Staraptor|37\/100 slp|[from] ability: Bad Dreams|[of] p1b: Darkrai\n|upkeep\n|turn|10\n|c| El_Gran_Wigglytuff|Eldids, voy a combatir ya con Gamer, que est\u00e1 impaciente\n|\n|t:|1695494609\n|-terastallize|p1b: Darkrai|Psychic\n|move|p1b: Darkrai|Psychic|p2a: Staraptor\n|-damage|p2a: Staraptor|0 fnt\n|faint|p2a: Staraptor\n|cant|p1a: Moltres|frz\n|move|p2b: Porygon2|Ice Beam|p1a: Moltres\n|-supereffective|p1a: Moltres\n|-damage|p1a: Moltres|54\/100 frz\n|\n|-damage|p1b: Darkrai|72\/100 brn|[from] brn\n|-fieldend|move: Psychic Terrain\n|upkeep\n|c|\u2606XMarcosPr710|La de despertarse se la sabe\n|\n|t:|1695494623\n|switch|p2a: Kangaskhan|Kangaskhan-Mega, F|27\/100\n|turn|11\n|\n|t:|1695494633\n|move|p1b: Darkrai|Protect|p1b: Darkrai\n|-singleturn|p1b: Darkrai|Protect\n|move|p2a: Kangaskhan|Sucker Punch||[still]\n|-fail|p2a: Kangaskhan\n|cant|p1a: Moltres|frz\n|move|p2b: Porygon2|Ice Beam|p1a: Moltres\n|-supereffective|p1a: Moltres\n|-damage|p1a: Moltres|32\/100 frz\n|-ability|p1a: Moltres|Berserk|boost\n|-boost|p1a: Moltres|spa|1\n|-enditem|p1a: Moltres|Sitrus Berry|[eat]\n|-heal|p1a: Moltres|57\/100 frz|[from] item: Sitrus Berry\n|\n|-damage|p1b: Darkrai|66\/100 brn|[from] brn\n|upkeep\n|turn|12\n|\n|t:|1695494649\n|move|p2a: Kangaskhan|Sucker Punch||[still]\n|-fail|p2a: Kangaskhan\n|move|p1b: Darkrai|Hypnosis|p2a: Kangaskhan\n|-status|p2a: Kangaskhan|slp|[from] move: Hypnosis\n|cant|p1a: Moltres|frz\n|move|p2b: Porygon2|Ice Beam|p1a: Moltres\n|-supereffective|p1a: Moltres\n|-damage|p1a: Moltres|36\/100 frz\n|-ability|p1a: Moltres|Berserk|boost\n|-boost|p1a: Moltres|spa|1\n|\n|-damage|p1b: Darkrai|60\/100 brn|[from] brn\n|-damage|p2a: Kangaskhan|15\/100 slp|[from] ability: Bad Dreams|[of] p1b: Darkrai\n|upkeep\n|turn|13\n|c|\u2606XMarcosPr710|Bro?\n|c|\u2606XMarcosPr710|Cuantos turnos lleva XD\n|c| Aluh_opa|50 turnos XD\n|\n|t:|1695494667\n|cant|p2a: Kangaskhan|slp\n|move|p1b: Darkrai|Psychic|p2a: Kangaskhan\n|-damage|p2a: Kangaskhan|0 fnt\n|faint|p2a: Kangaskhan\n|cant|p1a: Moltres|frz\n|move|p2b: Porygon2|Ice Beam|p1a: Moltres\n|-supereffective|p1a: Moltres\n|-damage|p1a: Moltres|17\/100 frz\n|\n|-damage|p1b: Darkrai|54\/100 brn|[from] brn\n|upkeep\n|\n|t:|1695494680\n|switch|p2a: Ursaluna|Ursaluna-Bloodmoon, M|100\/100\n|turn|14\n|\n|t:|1695494689\n|move|p1b: Darkrai|Protect|p1b: Darkrai\n|-singleturn|p1b: Darkrai|Protect\n|move|p2b: Porygon2|Ally Switch|p2b: Porygon2\n|swap|p2b: Porygon2|0|[from] move: Ally Switch\n|move|p2b: Ursaluna|Bitter Malice|p1b: Darkrai\n|-activate|p1b: Darkrai|move: Protect\n|cant|p1a: Moltres|frz\n|\n|-damage|p1b: Darkrai|47\/100 brn|[from] brn\n|upkeep\n|turn|15\n|\n|t:|1695494706\n|move|p2a: Porygon2|Ally Switch|p2a: Porygon2\n|swap|p2a: Porygon2|1|[from] move: Ally Switch\n|move|p1b: Darkrai|Snarl|p2b: Porygon2|[spread] p2a,p2b\n|-supereffective|p2a: Ursaluna\n|-damage|p2a: Ursaluna|14\/100\n|-damage|p2b: Porygon2|66\/100\n|-unboost|p2a: Ursaluna|spa|1\n|-unboost|p2b: Porygon2|spa|1\n|replace|p2a: Zoroark|Zoroark-Hisui, M\n|-end|p2a: Zoroark|Illusion\n|move|p2a: Zoroark|Bitter Malice|p1b: Darkrai\n|-supereffective|p1b: Darkrai\n|-damage|p1b: Darkrai|0 fnt\n|faint|p1b: Darkrai\n|cant|p1a: Moltres|frz\n|\n|upkeep\n|\n|t:|1695494724\n|switch|p1b: Meowscarada|Meowscarada, F|100\/100\n|turn|16\n|\n|t:|1695494732\n|move|p1b: Meowscarada|Flower Trick|p2a: Zoroark\n|-start|p1b: Meowscarada|typechange|Grass|[from] ability: Protean\n|-crit|p2a: Zoroark\n|-damage|p2a: Zoroark|0 fnt\n|faint|p2a: Zoroark\n|cant|p1a: Moltres|frz\n|move|p2b: Porygon2|Recover|p2b: Porygon2\n|-heal|p2b: Porygon2|100\/100\n|\n|upkeep\n|\n|t:|1695494735\n|switch|p2a: Ursaluna|Ursaluna-Bloodmoon, M|100\/100\n|turn|17\n|c| Aluh_opa|Ta helao:\n|c|\u2606XMarcosPr710|Si se durmi\u00f3 de tanto que lo pidieron XD\n|\n|t:|1695494754\n|move|p2a: Ursaluna|Protect|p2a: Ursaluna\n|-singleturn|p2a: Ursaluna|Protect\n|move|p1b: Meowscarada|Flower Trick|p2b: Porygon2\n|-crit|p2b: Porygon2\n|-damage|p2b: Porygon2|68\/100\n|cant|p1a: Moltres|frz\n|move|p2b: Porygon2|Ice Beam|p1a: Moltres\n|-supereffective|p1a: Moltres\n|-damage|p1a: Moltres|1\/100 frz\n|\n|upkeep\n|turn|18\n|c|\u2606XMarcosPr710|AJAJAJAJ\n|c| Aluh_opa|wake up\n|\n|t:|1695494775\n|move|p1b: Meowscarada|Flower Trick|p2a: Ursaluna\n|-supereffective|p2a: Ursaluna\n|-crit|p2a: Ursaluna\n|-damage|p2a: Ursaluna|39\/100\n|cant|p1a: Moltres|frz\n|move|p2b: Porygon2|Ice Beam|p1a: Moltres\n|-supereffective|p1a: Moltres\n|-damage|p1a: Moltres|0 fnt\n|faint|p1a: Moltres\n|-zpower|p2a: Ursaluna\n|move|p2a: Ursaluna|Breakneck Blitz|p1b: Meowscarada|[zeffect]\n|-damage|p1b: Meowscarada|0 fnt\n|faint|p1b: Meowscarada\n|\n|upkeep\n|c| fifier|JAJAJAJAJAJA\n|\n|t:|1695494781\n|switch|p1b: Hydreigon|Hydreigon, F|100\/100\n|turn|19\n|c| El_Gran_Wigglytuff|Incre\u00edble\n|c| fifier|bro qu\u00e9 haces\n|c| fifier|Pq lo maras\n|\n|t:|1695494791\n|move|p1b: Hydreigon|Heat Wave|p2a: Ursaluna|[spread] p2a,p2b\n|-damage|p2a: Ursaluna|4\/100\n|-damage|p2b: Porygon2|55\/100\n|-damage|p1b: Hydreigon|91\/100|[from] item: Life Orb\n|move|p2b: Porygon2|Ice Beam|p1b: Hydreigon\n|-supereffective|p1b: Hydreigon\n|-damage|p1b: Hydreigon|66\/100\n|move|p2a: Ursaluna|Blood Moon|p1b: Hydreigon\n|-damage|p1b: Hydreigon|0 fnt\n|faint|p1b: Hydreigon\n|\n|win|SakiiTenma\n|c| fifier|Matas\n|c|\u2606XMarcosPr710|Hijo de la gran puta el Moltres\n|c| Aluh_opa|El diablo\n|c| fifier|Que grande zephyr\n|l| fifier\n|c|\u2606SakiiTenma|Gracias dios\n|c|\u2606XMarcosPr710|Se ha congelado 12 turnos\n|c|\u2606XMarcosPr710|El puto gordo\n|l| Aluh_opa\n|l|\u2606SakiiTenma\n","uploadtime":1695494817,"views":10,"p1id":"xmarcospr710","p2id":"sakiitenma","formatid":"gen9nationaldexdoubles","rating":0,"private":0,"password":""}