{"id":"gen9nationaldexdoubles-1981974771","p1":"GunGalione","p2":"Zares08","format":"[Gen 9] National Dex Doubles","log":"|j|\u2606GunGalione\n|j|\u2606Zares08\n|t:|1698956294\n|gametype|doubles\n|player|p1|GunGalione|pokemonranger-gen4|1113\n|player|p2|Zares08|hilbert-wonderlauncher|1229\n|teamsize|p1|6\n|teamsize|p2|6\n|gen|9\n|tier|[Gen 9] National Dex Doubles\n|rated|\n|rule|HP Percentage Mod: HP is shown in percentages\n|rule|Endless Battle Clause: Forcing endless battles is banned\n|rule|OHKO Clause: OHKO moves are banned\n|rule|Evasion Moves Clause: Evasion moves are banned\n|rule|Evasion Abilities Clause: Evasion abilities are banned\n|rule|Species Clause: Limit one of each Pok\u00e9mon\n|rule|Gravity Sleep Clause: The combination of sleep-inducing moves with imperfect accuracy and Gravity or Gigantamax Orbeetle are banned\n|clearpoke\n|poke|p1|Ninetales, M|\n|poke|p1|Walking Wake|\n|poke|p1|Heliolisk, M|\n|poke|p1|Tornadus, M|\n|poke|p1|Raichu, M|\n|poke|p1|Indeedee-F, F|\n|poke|p2|Ceruledge, M|\n|poke|p2|Sneasler, M|\n|poke|p2|Diancie|\n|poke|p2|Ambipom, F|\n|poke|p2|Cloyster, M|\n|poke|p2|Marshadow|\n|teampreview\n|\n|t:|1698956305\n|start\n|switch|p1a: Tornadus|Tornadus, M|100\/100\n|switch|p1b: Heliolisk|Heliolisk, M, shiny|100\/100\n|switch|p2a: Diancie|Diancie, shiny|100\/100\n|switch|p2b: Ambipom|Ambipom, F, shiny|100\/100\n|turn|1\n|inactive|Battle timer is ON: inactive players will automatically lose when time's up. (requested by Zares08)\n|\n|t:|1698956320\n|detailschange|p2a: Diancie|Diancie-Mega, shiny\n|-mega|p2a: Diancie|Diancie|Diancite\n|-terastallize|p1b: Heliolisk|Ghost\n|move|p1a: Tornadus|Fling|p1b: Heliolisk\n|-supereffective|p1b: Heliolisk\n|-damage|p1b: Heliolisk|91\/100\n|-boost|p1b: Heliolisk|spe|1|[from] item: Salac Berry\n|-enditem|p1b: Heliolisk|Weakness Policy\n|-boost|p1b: Heliolisk|atk|2|[from] item: Weakness Policy\n|-boost|p1b: Heliolisk|spa|2|[from] item: Weakness Policy\n|-enditem|p1a: Tornadus|Salac Berry|[from] move: Fling\n|move|p1b: Heliolisk|Hyper Voice|p2b: Ambipom|[spread] p2a,p2b\n|-resisted|p2a: Diancie\n|-crit|p2a: Diancie\n|-damage|p2a: Diancie|41\/100\n|-damage|p2b: Ambipom|0 fnt\n|faint|p2b: Ambipom\n|move|p2a: Diancie|Diamond Storm|p1b: Heliolisk|[spread] p1a,p1b\n|-supereffective|p1a: Tornadus\n|-damage|p1a: Tornadus|9\/100\n|-damage|p1b: Heliolisk|27\/100\n|\n|upkeep\n|\n|t:|1698956335\n|switch|p2b: Marshadow|Marshadow|100\/100\n|turn|2\n|\n|t:|1698956341\n|-terastallize|p2b: Marshadow|Dark\n|move|p1b: Heliolisk|Protect|p1b: Heliolisk\n|-singleturn|p1b: Heliolisk|Protect\n|move|p2a: Diancie|Ally Switch|p2a: Diancie\n|swap|p2a: Diancie|1|[from] move: Ally Switch\n|move|p1a: Tornadus|Tailwind|p1a: Tornadus\n|-sidestart|p1: GunGalione|move: Tailwind\n|move|p2a: Marshadow|Spectral Thief|p1b: Heliolisk\n|-activate|p1b: Heliolisk|move: Protect\n|\n|upkeep\n|turn|3\n|\n|t:|1698956356\n|switch|p2a: Cloyster|Cloyster, M, shiny|100\/100\n|move|p1a: Tornadus|Sunny Day|p1a: Tornadus\n|-weather|SunnyDay\n|move|p1b: Heliolisk|Parabolic Charge|p2b: Diancie|[spread] p1a,p2a,p2b\n|-supereffective|p1a: Tornadus\n|-supereffective|p2a: Cloyster\n|-crit|p2b: Diancie\n|-damage|p1a: Tornadus|0 fnt\n|-heal|p1b: Heliolisk|32\/100|[from] drain|[of] p1a: Tornadus\n|-damage|p2a: Cloyster|0 fnt\n|-heal|p1b: Heliolisk|90\/100|[from] drain|[of] p2a: Cloyster\n|-damage|p2b: Diancie|0 fnt\n|-heal|p1b: Heliolisk|100\/100|[from] drain|[of] p2b: Diancie\n|faint|p1a: Tornadus\n|faint|p2a: Cloyster\n|faint|p2b: Diancie\n|\n|-weather|SunnyDay|[upkeep]\n|-damage|p1b: Heliolisk|88\/100|[from] ability: Solar Power|[of] p1b: Heliolisk\n|upkeep\n|\n|t:|1698956369\n|switch|p1a: Raichu|Raichu, M|100\/100\n|switch|p2b: Marshadow|Marshadow, tera:Dark|100\/100\n|switch|p2a: Sneasler|Sneasler, M, shiny|100\/100\n|turn|4\n|\n|t:|1698956382\n|move|p2a: Sneasler|Fake Out|p1a: Raichu\n|-enditem|p2a: Sneasler|Normal Gem|[from] gem\n|-damage|p1a: Raichu|61\/100\n|move|p1b: Heliolisk|Parabolic Charge|p2b: Marshadow|[spread] p2a,p2b\n|-ability|p1a: Raichu|Lightning Rod|boost\n|-boost|p1a: Raichu|spa|1\n|-damage|p2a: Sneasler|18\/100\n|-heal|p1b: Heliolisk|100\/100|[from] drain|[of] p2a: Sneasler\n|-damage|p2b: Marshadow|15\/100\n|cant|p1a: Raichu|flinch\n|move|p2b: Marshadow|Agility|p2b: Marshadow\n|-boost|p2b: Marshadow|spe|2\n|\n|-weather|SunnyDay|[upkeep]\n|-damage|p1b: Heliolisk|88\/100|[from] ability: Solar Power|[of] p1b: Heliolisk\n|upkeep\n|turn|5\n|-message|Zares08 forfeited.\n|\n|win|GunGalione\n|raw|GunGalione's rating: 1113 &rarr; <strong>1146<\/strong><br \/>(+33 for winning)\n|raw|Zares08's rating: 1229 &rarr; <strong>1196<\/strong><br \/>(-33 for losing)\n|l|\u2606Zares08\n","uploadtime":1698956398,"views":5,"p1id":"gungalione","p2id":"zares08","formatid":"gen9nationaldexdoubles","rating":1146,"private":0,"password":""}