{"id":"gen9nationaldexdoubles-1993679072","p1":"Yeeeeeeet The Feet","p2":"fubbernuckles","format":"[Gen 9] National Dex Doubles","log":"|j|\u2606Yeeeeeeet The Feet\n|j|\u203dfubbernuckles\n|t:|1700344700\n|gametype|doubles\n|player|p1|Yeeeeeeet The Feet|nemona-s|1016\n|player|p2|fubbernuckles|marlon|1062\n|teamsize|p1|6\n|teamsize|p2|6\n|gen|9\n|tier|[Gen 9] National Dex Doubles\n|rated|\n|rule|HP Percentage Mod: HP is shown in percentages\n|rule|Endless Battle Clause: Forcing endless battles is banned\n|rule|OHKO Clause: OHKO moves are banned\n|rule|Evasion Moves Clause: Evasion moves are banned\n|rule|Evasion Abilities Clause: Evasion abilities are banned\n|rule|Species Clause: Limit one of each Pok\u00e9mon\n|rule|Gravity Sleep Clause: The combination of sleep-inducing moves with imperfect accuracy and Gravity or Gigantamax Orbeetle are banned\n|clearpoke\n|poke|p1|Flamigo, M|\n|poke|p1|Iron Hands|\n|poke|p1|Hawlucha, M|\n|poke|p1|Lilligant-Hisui, F|\n|poke|p1|Quaquaval, M|\n|poke|p1|Sneasler, M|\n|poke|p2|Chi-Yu|\n|poke|p2|Flutter Mane|\n|poke|p2|Iron Hands|\n|poke|p2|Tornadus, M|\n|poke|p2|Rillaboom, M|\n|poke|p2|Sneasler, M|\n|teampreview\n|inactive|Battle timer is ON: inactive players will automatically lose when time's up. (requested by fubbernuckles)\n|\n|t:|1700344709\n|start\n|switch|p1a: Lilligant|Lilligant-Hisui, F|100\/100\n|switch|p1b: Quaquaval|Quaquaval, M|100\/100\n|switch|p2a: Rillaboom|Rillaboom, M|100\/100\n|switch|p2b: Sneasler|Sneasler, M|100\/100\n|-fieldstart|move: Grassy Terrain|[from] ability: Grassy Surge|[of] p2a: Rillaboom\n|-enditem|p2b: Sneasler|Grassy Seed\n|-boost|p2b: Sneasler|def|1|[from] item: Grassy Seed\n|turn|1\n|\n|t:|1700344728\n|-terastallize|p2b: Sneasler|Flying\n|move|p1b: Quaquaval|Protect|p1b: Quaquaval\n|-singleturn|p1b: Quaquaval|Protect\n|move|p2b: Sneasler|Acrobatics|p1a: Lilligant\n|-supereffective|p1a: Lilligant\n|-damage|p1a: Lilligant|0 fnt\n|faint|p1a: Lilligant\n|move|p2a: Rillaboom|Wood Hammer|p1b: Quaquaval\n|-activate|p1b: Quaquaval|move: Protect\n|\n|upkeep\n|\n|t:|1700344738\n|switch|p1a: Hawlucha|Hawlucha, M|100\/100\n|turn|2\n|\n|t:|1700344746\n|move|p2b: Sneasler|Acrobatics|p1a: Hawlucha\n|-supereffective|p1a: Hawlucha\n|-damage|p1a: Hawlucha|0 fnt\n|faint|p1a: Hawlucha\n|move|p2a: Rillaboom|Wood Hammer|p1b: Quaquaval\n|-supereffective|p1b: Quaquaval\n|-damage|p1b: Quaquaval|0 fnt\n|faint|p1b: Quaquaval\n|-damage|p2a: Rillaboom|70\/100|[from] Recoil\n|\n|-heal|p2a: Rillaboom|77\/100|[from] Grassy Terrain\n|upkeep\n|\n|t:|1700344757\n|switch|p1a: Iron Hands|Iron Hands|100\/100\n|switch|p1b: Sneasler|Sneasler, M|100\/100\n|-enditem|p1a: Iron Hands|Booster Energy\n|-activate|p1a: Iron Hands|ability: Quark Drive|[fromitem]\n|-start|p1a: Iron Hands|quarkdriveatk\n|turn|3\n|\n|t:|1700344769\n|-terastallize|p1a: Iron Hands|Normal\n|move|p1b: Sneasler|Fake Out|p2a: Rillaboom\n|-damage|p2a: Rillaboom|61\/100\n|move|p1a: Iron Hands|Fake Out|p2b: Sneasler\n|-damage|p2b: Sneasler|67\/100\n|cant|p2b: Sneasler|flinch\n|cant|p2a: Rillaboom|flinch\n|\n|-heal|p2a: Rillaboom|67\/100|[from] Grassy Terrain\n|upkeep\n|turn|4\n|\n|t:|1700344789\n|move|p2b: Sneasler|Acrobatics|p1b: Sneasler\n|-supereffective|p1b: Sneasler\n|-damage|p1b: Sneasler|0 fnt\n|faint|p1b: Sneasler\n|move|p2a: Rillaboom|Wood Hammer|p1a: Iron Hands\n|-damage|p1a: Iron Hands|29\/100\n|-damage|p2a: Rillaboom|32\/100|[from] Recoil\n|move|p1a: Iron Hands|Wild Charge|p2b: Sneasler\n|-supereffective|p2b: Sneasler\n|-damage|p2b: Sneasler|0 fnt\n|faint|p2b: Sneasler\n|-damage|p1a: Iron Hands|20\/100|[from] Recoil\n|\n|-heal|p2a: Rillaboom|38\/100|[from] Grassy Terrain\n|-heal|p1a: Iron Hands|26\/100|[from] Grassy Terrain\n|upkeep\n|\n|t:|1700344803\n|switch|p1b: Flamigo|Flamigo, M|100\/100\n|switch|p2b: Tornadus|Tornadus, M|100\/100\n|-copyboost|p1b: Flamigo|p1a: Iron Hands|[from] ability: Costar\n|turn|5\n|\n|t:|1700344813\n|move|p2b: Tornadus|Bleakwind Storm|p1b: Flamigo|[spread] p1b\n|-miss|p2b: Tornadus|p1a: Iron Hands\n|-supereffective|p1b: Flamigo\n|-damage|p1b: Flamigo|9\/100\n|move|p1b: Flamigo|Tailwind|p1b: Flamigo\n|-sidestart|p1: Yeeeeeeet The Feet|move: Tailwind\n|move|p2a: Rillaboom|Wood Hammer|p1a: Iron Hands\n|-damage|p1a: Iron Hands|0 fnt\n|faint|p1a: Iron Hands\n|-end|p1a: Iron Hands|Quark Drive|[silent]\n|-damage|p2a: Rillaboom|25\/100|[from] Recoil\n|\n|-heal|p2a: Rillaboom|31\/100|[from] Grassy Terrain\n|-fieldend|move: Grassy Terrain\n|upkeep\n|turn|6\n|\n|t:|1700344827\n|move|p1b: Flamigo|Dual Wingbeat|p2b: Tornadus\n|-damage|p2b: Tornadus|78\/100\n|-damage|p2b: Tornadus|55\/100\n|-hitcount|p2b: Tornadus|2\n|move|p2b: Tornadus|Icy Wind|p1b: Flamigo\n|-supereffective|p1b: Flamigo\n|-damage|p1b: Flamigo|0 fnt\n|faint|p1b: Flamigo\n|\n|win|fubbernuckles\n|raw|Yeeeeeeet The Feet's rating: 1016 &rarr; <strong>1005<\/strong><br \/>(-11 for losing)\n|raw|fubbernuckles's rating: 1062 &rarr; <strong>1089<\/strong><br \/>(+27 for winning)\n","uploadtime":1700344835,"views":12,"p1id":"yeeeeeeetthefeet","p2id":"fubbernuckles","formatid":"gen9nationaldexdoubles","rating":1005,"private":0,"password":""}