{"id":"gen9nationaldexdoubles-1987499493","p1":"1stTempest","p2":"asumatoki","format":"[Gen 9] National Dex Doubles","log":"|j|\u26061stTempest\n|j|\u2606asumatoki\n|t:|1699602107\n|gametype|doubles\n|player|p1|1stTempest|norman|1164\n|player|p2|asumatoki|caitlin|1247\n|teamsize|p1|6\n|teamsize|p2|6\n|gen|9\n|tier|[Gen 9] National Dex Doubles\n|rated|\n|rule|HP Percentage Mod: HP is shown in percentages\n|rule|Endless Battle Clause: Forcing endless battles is banned\n|rule|OHKO Clause: OHKO moves are banned\n|rule|Evasion Moves Clause: Evasion moves are banned\n|rule|Evasion Abilities Clause: Evasion abilities are banned\n|rule|Species Clause: Limit one of each Pok\u00e9mon\n|rule|Gravity Sleep Clause: The combination of sleep-inducing moves with imperfect accuracy and Gravity or Gigantamax Orbeetle are banned\n|clearpoke\n|poke|p1|Darmanitan-Galar, M|\n|poke|p1|Dewgong, F|\n|poke|p1|Gothitelle, F|\n|poke|p1|Ninetales-Alola, M|\n|poke|p1|Lapras, M|\n|poke|p1|Froslass, F|\n|poke|p2|Dudunsparce-*, F|\n|poke|p2|Gardevoir, F|\n|poke|p2|Flamigo, F|\n|poke|p2|Maushold|\n|poke|p2|Mew|\n|poke|p2|Grimmsnarl, M|\n|teampreview\n|\n|t:|1699602121\n|start\n|switch|p1a: Bubbles|Darmanitan-Galar, M|100\/100\n|switch|p1b: I Blow Bubbles|Dewgong, F|100\/100\n|switch|p2a: Dudunsparce|Dudunsparce-Three-Segment, F, shiny|100\/100\n|switch|p2b: Maushold|Maushold, shiny|100\/100\n|turn|1\n|inactive|Battle timer is ON: inactive players will automatically lose when time's up. (requested by asumatoki)\n|\n|t:|1699602134\n|-terastallize|p2a: Dudunsparce|Ghost\n|move|p1a: Bubbles|Icicle Crash|p2a: Dudunsparce\n|-damage|p2a: Dudunsparce|63\/100\n|move|p2b: Maushold|Beat Up|p2a: Dudunsparce\n|-supereffective|p2a: Dudunsparce\n|-damage|p2a: Dudunsparce|61\/100\n|-ability|p2a: Dudunsparce|Rattled|boost\n|-boost|p2a: Dudunsparce|spe|1\n|-enditem|p2a: Dudunsparce|Weakness Policy\n|-boost|p2a: Dudunsparce|atk|2|[from] item: Weakness Policy\n|-boost|p2a: Dudunsparce|spa|2|[from] item: Weakness Policy\n|-supereffective|p2a: Dudunsparce\n|-damage|p2a: Dudunsparce|59\/100\n|-ability|p2a: Dudunsparce|Rattled|boost\n|-boost|p2a: Dudunsparce|spe|1\n|-supereffective|p2a: Dudunsparce\n|-damage|p2a: Dudunsparce|56\/100\n|-ability|p2a: Dudunsparce|Rattled|boost\n|-boost|p2a: Dudunsparce|spe|1\n|-supereffective|p2a: Dudunsparce\n|-damage|p2a: Dudunsparce|54\/100\n|-ability|p2a: Dudunsparce|Rattled|boost\n|-boost|p2a: Dudunsparce|spe|1\n|-supereffective|p2a: Dudunsparce\n|-damage|p2a: Dudunsparce|51\/100\n|-ability|p2a: Dudunsparce|Rattled|boost\n|-boost|p2a: Dudunsparce|spe|1\n|-supereffective|p2a: Dudunsparce\n|-damage|p2a: Dudunsparce|48\/100\n|-ability|p2a: Dudunsparce|Rattled|boost\n|-boost|p2a: Dudunsparce|spe|1\n|-hitcount|p2a: Dudunsparce|6\n|move|p2a: Dudunsparce|Coil|p2a: Dudunsparce\n|-boost|p2a: Dudunsparce|atk|1\n|-boost|p2a: Dudunsparce|def|1\n|-boost|p2a: Dudunsparce|accuracy|1\n|move|p1b: I Blow Bubbles|Liquidation|p2a: Dudunsparce\n|-damage|p2a: Dudunsparce|39\/100\n|-unboost|p2a: Dudunsparce|def|1\n|\n|upkeep\n|turn|2\n|inactive|asumatoki has 120 seconds left.\n|\n|t:|1699602167\n|move|p2b: Maushold|Follow Me|p2b: Maushold\n|-singleturn|p2b: Maushold|move: Follow Me\n|move|p2a: Dudunsparce|Coil|p2a: Dudunsparce\n|-boost|p2a: Dudunsparce|atk|1\n|-boost|p2a: Dudunsparce|def|1\n|-boost|p2a: Dudunsparce|accuracy|1\n|move|p1a: Bubbles|Icicle Crash|p2b: Maushold\n|-damage|p2b: Maushold|5\/100\n|move|p1b: I Blow Bubbles|Liquidation|p2b: Maushold\n|-damage|p2b: Maushold|0 fnt\n|faint|p2b: Maushold\n|\n|upkeep\n|\n|t:|1699602171\n|switch|p2b: Grimmsnarl|Grimmsnarl, M, shiny|100\/100\n|turn|3\n|\n|t:|1699602182\n|move|p2b: Grimmsnarl|Reflect|p2b: Grimmsnarl\n|-sidestart|p2: asumatoki|Reflect\n|move|p2a: Dudunsparce|Baton Pass|p2a: Dudunsparce\n|\n|t:|1699602187\n|switch|p2a: Mew|Mew|100\/100|[from] Baton Pass\n|move|p1a: Bubbles|Icicle Crash|p2a: Mew|[miss]\n|-miss|p1a: Bubbles|p2a: Mew\n|move|p1b: I Blow Bubbles|Perish Song|p1b: I Blow Bubbles\n|-start|p1a: Bubbles|perish3|[silent]\n|-start|p1b: I Blow Bubbles|perish3|[silent]\n|-start|p2a: Mew|perish3|[silent]\n|-start|p2b: Grimmsnarl|perish3|[silent]\n|-fieldactivate|move: Perish Song\n|\n|-start|p2a: Mew|perish3\n|-start|p1a: Bubbles|perish3\n|-start|p1b: I Blow Bubbles|perish3\n|-start|p2b: Grimmsnarl|perish3\n|upkeep\n|turn|4\n|inactive|1stTempest has 120 seconds left.\n|\n|t:|1699602219\n|switch|p1a: His Gothitelle|Gothitelle, F|100\/100\n|move|p1b: I Blow Bubbles|Protect|p1b: I Blow Bubbles\n|-singleturn|p1b: I Blow Bubbles|Protect\n|move|p2b: Grimmsnarl|Light Screen|p2b: Grimmsnarl\n|-sidestart|p2: asumatoki|move: Light Screen\n|-zpower|p2a: Mew\n|move|p2a: Mew|Genesis Supernova|p1a: His Gothitelle|[zeffect]\n|-resisted|p1a: His Gothitelle\n|-damage|p1a: His Gothitelle|55\/100\n|-fieldstart|move: Psychic Terrain\n|\n|-start|p2a: Mew|perish2\n|-start|p1b: I Blow Bubbles|perish2\n|-start|p2b: Grimmsnarl|perish2\n|upkeep\n|turn|5\n|\n|t:|1699602246\n|move|p1b: I Blow Bubbles|Protect||[still]\n|-fail|p1b: I Blow Bubbles\n|move|p1a: His Gothitelle|Protect|p1a: His Gothitelle\n|-singleturn|p1a: His Gothitelle|Protect\n|move|p2b: Grimmsnarl|Taunt|p1a: His Gothitelle\n|-activate|p1a: His Gothitelle|move: Psychic Terrain\n|move|p2a: Mew|Baton Pass|p2a: Mew\n|\n|t:|1699602253\n|switch|p2a: Gardevoir|Gardevoir, F, shiny|100\/100|[from] Baton Pass\n|-ability|p2a: Gardevoir|Thick Fat|[from] ability: Trace|[of] p1b: I Blow Bubbles\n|\n|-start|p2a: Gardevoir|perish1\n|-start|p1b: I Blow Bubbles|perish1\n|-start|p2b: Grimmsnarl|perish1\n|upkeep\n|turn|6\n|\n|t:|1699602274\n|switch|p1b: I Finger Paint|Lapras, M|100\/100\n|switch|p1a: Her Ninetails|Ninetales-Alola, M|100\/100\n|-weather|Snow|[from] ability: Snow Warning|[of] p1a: Her Ninetails\n|detailschange|p2a: Gardevoir|Gardevoir-Mega, F, shiny\n|-mega|p2a: Gardevoir|Gardevoir|Gardevoirite\n|move|p2a: Gardevoir|Hyper Voice|p1a: Her Ninetails|[spread] p1a,p1b\n|-damage|p1a: Her Ninetails|0 fnt\n|-damage|p1b: I Finger Paint|25\/100\n|-enditem|p1b: I Finger Paint|Aguav Berry|[eat]\n|-heal|p1b: I Finger Paint|58\/100|[from] item: Aguav Berry\n|faint|p1a: Her Ninetails\n|move|p2b: Grimmsnarl|Spirit Break|p1b: I Finger Paint\n|-damage|p1b: I Finger Paint|44\/100\n|-unboost|p1b: I Finger Paint|spa|1\n|\n|-weather|Snow|[upkeep]\n|-start|p2a: Gardevoir|perish0\n|-start|p2b: Grimmsnarl|perish0\n|faint|p2a: Gardevoir\n|faint|p2b: Grimmsnarl\n|upkeep\n|-message|asumatoki forfeited.\n|\n|win|1stTempest\n|raw|1stTempest's rating: 1164 &rarr; <strong>1195<\/strong><br \/>(+31 for winning)\n|raw|asumatoki's rating: 1247 &rarr; <strong>1216<\/strong><br \/>(-31 for losing)\n|l|\u2606asumatoki\n","uploadtime":1699602296,"views":14,"p1id":"1sttempest","p2id":"asumatoki","formatid":"gen9nationaldexdoubles","rating":1195,"private":0,"password":""}