{"id":"gen9nationaldexdoubles-1981767619","p1":"lxvliiz","p2":"spArkkk5873","format":"[Gen 9] National Dex Doubles","log":"|j|\u2606lxvliiz\n|j|\u2606spArkkk5873\n|t:|1698940111\n|gametype|doubles\n|player|p1|lxvliiz|gambler|1103\n|player|p2|spArkkk5873|worker|1000\n|teamsize|p1|6\n|teamsize|p2|6\n|gen|9\n|tier|[Gen 9] National Dex Doubles\n|rated|\n|rule|HP Percentage Mod: HP is shown in percentages\n|rule|Endless Battle Clause: Forcing endless battles is banned\n|rule|OHKO Clause: OHKO moves are banned\n|rule|Evasion Moves Clause: Evasion moves are banned\n|rule|Evasion Abilities Clause: Evasion abilities are banned\n|rule|Species Clause: Limit one of each Pok\u00e9mon\n|rule|Gravity Sleep Clause: The combination of sleep-inducing moves with imperfect accuracy and Gravity or Gigantamax Orbeetle are banned\n|clearpoke\n|poke|p1|Kommo-o, F|\n|poke|p1|Volcarona, M|\n|poke|p1|Oricorio-Pom-Pom, M|\n|poke|p1|Quaquaval, F|\n|poke|p1|Flamigo, F|\n|poke|p1|Lilligant-Hisui, F|\n|poke|p2|Kommo-o, M|\n|poke|p2|Incineroar, M|\n|poke|p2|Mimikyu, F|\n|poke|p2|Tsareena, F|\n|poke|p2|Lycanroc-Dusk, M|\n|poke|p2|Golisopod, M|\n|teampreview\n|\n|t:|1698940125\n|start\n|switch|p1a: dancee|Kommo-o, F, shiny|100\/100\n|switch|p1b: dancer|Oricorio-Pom-Pom, M, shiny|100\/100\n|switch|p2a: Pikachuu|Mimikyu, F|100\/100\n|switch|p2b: Liddel|Incineroar, M|100\/100\n|-ability|p2b: Liddel|Intimidate|boost\n|-unboost|p1a: dancee|atk|1\n|-unboost|p1b: dancer|atk|1\n|turn|1\n|\n|t:|1698940145\n|-terastallize|p1a: dancee|Ghost\n|move|p1b: dancer|Quiver Dance|p1b: dancer\n|-boost|p1b: dancer|spa|1\n|-boost|p1b: dancer|spd|1\n|-boost|p1b: dancer|spe|1\n|move|p1a: dancee|Drain Punch|p2b: Liddel\n|-supereffective|p2b: Liddel\n|-damage|p2b: Liddel|49\/100\n|-enditem|p2b: Liddel|Sitrus Berry|[eat]\n|-heal|p2b: Liddel|74\/100|[from] item: Sitrus Berry\n|move|p2a: Pikachuu|Toxic|p1a: dancee\n|-status|p1a: dancee|tox\n|move|p2b: Liddel|Bulk Up|p2b: Liddel\n|-boost|p2b: Liddel|atk|1\n|-boost|p2b: Liddel|def|1\n|-enditem|p1b: dancer|Mirror Herb\n|-boost|p1b: dancer|atk|1|[from] item: Mirror Herb\n|-boost|p1b: dancer|def|1|[from] item: Mirror Herb\n|\n|-damage|p1a: dancee|94\/100 tox|[from] psn\n|upkeep\n|turn|2\n|\n|t:|1698940179\n|move|p1b: dancer|Revelation Dance|p2a: Pikachuu\n|-activate|p2a: Pikachuu|ability: Disguise\n|-damage|p2a: Pikachuu|100\/100\n|detailschange|p2a: Pikachuu|Mimikyu-Busted, F\n|-damage|p2a: Pikachuu|88\/100|[from] pokemon: Mimikyu-Busted\n|move|p1a: dancee|Clangorous Soul|p1a: dancee\n|-boost|p1a: dancee|atk|1\n|-boost|p1a: dancee|def|1\n|-boost|p1a: dancee|spa|1\n|-boost|p1a: dancee|spd|1\n|-boost|p1a: dancee|spe|1\n|-damage|p1a: dancee|61\/100 tox\n|-activate|p1b: dancer|ability: Dancer\n|move|p1b: dancer|Clangorous Soul|p1b: dancer|[from]ability: Dancer\n|-boost|p1b: dancer|atk|1\n|-boost|p1b: dancer|def|1\n|-boost|p1b: dancer|spa|1\n|-boost|p1b: dancer|spd|1\n|-boost|p1b: dancer|spe|1\n|-damage|p1b: dancer|68\/100\n|move|p2a: Pikachuu|Toxic|p1b: dancer\n|-status|p1b: dancer|tox\n|move|p2b: Liddel|Flame Charge|p1a: dancee\n|-crit|p1a: dancee\n|-damage|p1a: dancee|7\/100 tox\n|-boost|p2b: Liddel|spe|1\n|-damage|p2b: Liddel|58\/100|[from] item: Rocky Helmet|[of] p1a: dancee\n|\n|-heal|p2a: Pikachuu|94\/100|[from] item: Leftovers\n|-damage|p1b: dancer|61\/100 tox|[from] psn\n|-damage|p1a: dancee|0 fnt|[from] psn\n|faint|p1a: dancee\n|upkeep\n|\n|t:|1698940197\n|switch|p1a: dance dance dance|Flamigo, F, shiny|100\/100\n|-copyboost|p1a: dance dance dance|p1b: dancer|[from] ability: Costar\n|turn|3\n|\n|t:|1698940240\n|move|p1b: dancer|Revelation Dance|p2a: Pikachuu\n|-damage|p2a: Pikachuu|19\/100\n|move|p1a: dance dance dance|Acrobatics|p2b: Liddel\n|-damage|p2b: Liddel|0 fnt\n|faint|p2b: Liddel\n|move|p2a: Pikachuu|Toxic|p1a: dance dance dance\n|-status|p1a: dance dance dance|tox\n|\n|-heal|p2a: Pikachuu|25\/100|[from] item: Leftovers\n|-damage|p1b: dancer|49\/100 tox|[from] psn\n|-damage|p1a: dance dance dance|94\/100 tox|[from] psn\n|upkeep\n|inactive|Battle timer is ON: inactive players will automatically lose when time's up. (requested by lxvliiz)\n|\n|t:|1698940269\n|switch|p2b: Genequa|Kommo-o, M, shiny|100\/100\n|turn|4\n|\n|t:|1698940280\n|move|p2a: Pikachuu|Protect|p2a: Pikachuu\n|-singleturn|p2a: Pikachuu|Protect\n|move|p1b: dancer|Revelation Dance|p2a: Pikachuu\n|-activate|p2a: Pikachuu|move: Protect\n|move|p1a: dance dance dance|Acrobatics|p2b: Genequa\n|-supereffective|p2b: Genequa\n|-damage|p2b: Genequa|0 fnt\n|faint|p2b: Genequa\n|\n|-heal|p2a: Pikachuu|31\/100|[from] item: Leftovers\n|-damage|p1b: dancer|30\/100 tox|[from] psn\n|-damage|p1a: dance dance dance|82\/100 tox|[from] psn\n|upkeep\n|\n|t:|1698940294\n|switch|p2b: Rock|Lycanroc-Dusk, M|100\/100\n|turn|5\n|\n|t:|1698940302\n|move|p1b: dancer|Baton Pass|p1b: dancer\n|\n|t:|1698940303\n|switch|p1b: dancing|Quaquaval, F, shiny|100\/100|[from] Baton Pass\n|move|p1a: dance dance dance|Brave Bird|p2b: Rock\n|-resisted|p2b: Rock\n|-damage|p2b: Rock|32\/100\n|-damage|p1a: dance dance dance|60\/100 tox|[from] Recoil\n|move|p2b: Rock|Stealth Rock|p1a: dance dance dance\n|-sidestart|p1: lxvliiz|move: Stealth Rock\n|move|p2a: Pikachuu|Light Screen|p2a: Pikachuu\n|-sidestart|p2: spArkkk5873|move: Light Screen\n|\n|-heal|p2a: Pikachuu|37\/100|[from] item: Leftovers\n|-damage|p1a: dance dance dance|41\/100 tox|[from] psn\n|upkeep\n|turn|6\n|\n|t:|1698940320\n|move|p2a: Pikachuu|Protect|p2a: Pikachuu\n|-singleturn|p2a: Pikachuu|Protect\n|move|p1a: dance dance dance|Acrobatics|p2a: Pikachuu\n|-activate|p2a: Pikachuu|move: Protect\n|move|p1b: dancing|Aqua Step|p2b: Rock\n|-supereffective|p2b: Rock\n|-damage|p2b: Rock|0 fnt\n|-boost|p1b: dancing|spe|1\n|faint|p2b: Rock\n|-ability|p1b: dancing|Moxie|boost\n|-boost|p1b: dancing|atk|1\n|\n|-heal|p2a: Pikachuu|43\/100|[from] item: Leftovers\n|-damage|p1a: dance dance dance|17\/100 tox|[from] psn\n|upkeep\n|\n|t:|1698940334\n|switch|p2b: Guzma|Golisopod, M|100\/100\n|turn|7\n|-message|spArkkk5873 forfeited.\n|\n|win|lxvliiz\n|raw|lxvliiz's rating: 1103 &rarr; <strong>1121<\/strong><br \/>(+18 for winning)\n|raw|spArkkk5873's rating: 1000 &rarr; <strong>1000<\/strong><br \/>(+0 for losing)\n|l|\u2606spArkkk5873\n","uploadtime":1698940339,"views":5,"p1id":"lxvliiz","p2id":"sparkkk5873","formatid":"gen9nationaldexdoubles","rating":1000,"private":0,"password":""}