{"id":"gen9nationaldexdoubles-1958410187","p1":"xiaoqing three","p2":"Not McBruh","format":"[Gen 9] National Dex Doubles","log":"|j|\u2606xiaoqing three\n|j|\u2606Not McBruh\n|t:|1696324812\n|gametype|doubles\n|player|p1|xiaoqing three|grusha|1499\n|player|p2|Not McBruh|colress|1439\n|teamsize|p1|6\n|teamsize|p2|6\n|gen|9\n|tier|[Gen 9] National Dex Doubles\n|rated|\n|rule|HP Percentage Mod: HP is shown in percentages\n|rule|Endless Battle Clause: Forcing endless battles is banned\n|rule|OHKO Clause: OHKO moves are banned\n|rule|Evasion Moves Clause: Evasion moves are banned\n|rule|Evasion Abilities Clause: Evasion abilities are banned\n|rule|Species Clause: Limit one of each Pok\u00e9mon\n|rule|Gravity Sleep Clause: The combination of sleep-inducing moves with imperfect accuracy and Gravity or Gigantamax Orbeetle are banned\n|clearpoke\n|poke|p1|Marshadow|\n|poke|p1|Rillaboom, F|\n|poke|p1|Diancie|\n|poke|p1|Palafin, F|\n|poke|p1|Salamence, F|\n|poke|p1|Heatran, M|\n|poke|p2|Mimikyu, M|\n|poke|p2|Kommo-o, M|\n|poke|p2|Indeedee-F, F|\n|poke|p2|Cresselia, F|\n|poke|p2|Rillaboom, M|\n|poke|p2|Flutter Mane|\n|teampreview\n|c|\u2606Not McBruh|glhf\n|\n|t:|1696324832\n|start\n|switch|p1a: Palafin|Palafin, F, shiny|100\/100\n|switch|p1b: Diancie|Diancie, shiny|100\/100\n|switch|p2a: Sean|Mimikyu, M|100\/100\n|switch|p2b: Richard|Kommo-o, M|100\/100\n|turn|1\n|\n|t:|1696324846\n|move|p1a: Palafin|Protect|p1a: Palafin\n|-singleturn|p1a: Palafin|Protect\n|move|p2a: Sean|Will-O-Wisp|p1a: Palafin\n|-activate|p1a: Palafin|move: Protect\n|move|p2b: Richard|Clangorous Soul|p2b: Richard\n|-boost|p2b: Richard|atk|1\n|-boost|p2b: Richard|def|1\n|-boost|p2b: Richard|spa|1\n|-boost|p2b: Richard|spd|1\n|-boost|p2b: Richard|spe|1\n|-damage|p2b: Richard|68\/100\n|move|p1b: Diancie|Trick Room|p1b: Diancie\n|-fieldstart|move: Trick Room|[of] p1b: Diancie\n|\n|upkeep\n|turn|2\n|\n|t:|1696324862\n|move|p1a: Palafin|Jet Punch|p2a: Sean\n|-activate|p2a: Sean|ability: Disguise\n|-damage|p2a: Sean|100\/100\n|detailschange|p2a: Sean|Mimikyu-Busted, M\n|-damage|p2a: Sean|88\/100|[from] pokemon: Mimikyu-Busted\n|move|p1b: Diancie|Diamond Storm|p2a: Sean|[spread] p2a,p2b\n|-resisted|p2b: Richard\n|-damage|p2a: Sean|49\/100\n|-damage|p2b: Richard|59\/100\n|-boost|p1b: Diancie|def|2\n|move|p2a: Sean|Will-O-Wisp|p1b: Diancie\n|-status|p1b: Diancie|brn\n|move|p2b: Richard|Drain Punch|p1a: Palafin\n|-damage|p1a: Palafin|55\/100\n|-heal|p2b: Richard|85\/100|[from] drain|[of] p1a: Palafin\n|\n|-damage|p1b: Diancie|94\/100 brn|[from] brn\n|upkeep\n|turn|3\n|\n|t:|1696324884\n|detailschange|p1a: Palafin|Palafin-Hero, F, shiny\n|switch|p1a: Rillaboom|Rillaboom, F, shiny|100\/100\n|-fieldstart|move: Grassy Terrain|[from] ability: Grassy Surge|[of] p1a: Rillaboom\n|move|p1b: Diancie|Body Press|p2b: Richard\n|-damage|p2b: Richard|71\/100\n|move|p2a: Sean|Will-O-Wisp|p1a: Rillaboom\n|-status|p1a: Rillaboom|brn\n|move|p2b: Richard|Clangorous Soul|p2b: Richard\n|-boost|p2b: Richard|atk|1\n|-boost|p2b: Richard|def|1\n|-boost|p2b: Richard|spa|1\n|-boost|p2b: Richard|spd|1\n|-boost|p2b: Richard|spe|1\n|-damage|p2b: Richard|38\/100\n|\n|-heal|p1b: Diancie|100\/100 brn|[from] Grassy Terrain\n|-heal|p2a: Sean|55\/100|[from] Grassy Terrain\n|-heal|p2b: Richard|45\/100|[from] Grassy Terrain\n|-damage|p1b: Diancie|94\/100 brn|[from] brn\n|-damage|p1a: Rillaboom|94\/100 brn|[from] brn\n|upkeep\n|turn|4\n|\n|t:|1696324899\n|switch|p2a: Elizabeth|Indeedee-F, F|100\/100\n|-fieldstart|move: Psychic Terrain|[from] ability: Psychic Surge|[of] p2a: Elizabeth\n|-enditem|p2a: Elizabeth|Psychic Seed\n|-boost|p2a: Elizabeth|spd|1|[from] item: Psychic Seed\n|move|p1a: Rillaboom|Fake Out|p2b: Richard\n|-activate|p2b: Richard|move: Psychic Terrain\n|move|p1b: Diancie|Diamond Storm|p2a: Elizabeth|[spread] p2a,p2b\n|-resisted|p2b: Richard\n|-crit|p2b: Richard\n|-damage|p2a: Elizabeth|86\/100\n|-damage|p2b: Richard|34\/100\n|-boost|p1b: Diancie|def|2\n|move|p2b: Richard|Drain Punch|p1a: Rillaboom\n|-damage|p1a: Rillaboom|49\/100 brn\n|-heal|p2b: Richard|60\/100|[from] drain|[of] p1a: Rillaboom\n|\n|-damage|p1b: Diancie|88\/100 brn|[from] brn\n|-damage|p1a: Rillaboom|43\/100 brn|[from] brn\n|upkeep\n|turn|5\n|\n|t:|1696324925\n|switch|p1a: Heatran|Heatran, M|100\/100\n|move|p1b: Diancie|Body Press|p2a: Elizabeth\n|-damage|p2a: Elizabeth|48\/100\n|move|p2a: Elizabeth|Heal Pulse|p2b: Richard\n|-heal|p2b: Richard|100\/100\n|move|p2b: Richard|Clangorous Soul|p2b: Richard\n|-boost|p2b: Richard|atk|1\n|-boost|p2b: Richard|def|1\n|-boost|p2b: Richard|spa|1\n|-boost|p2b: Richard|spd|1\n|-boost|p2b: Richard|spe|1\n|-damage|p2b: Richard|68\/100\n|\n|-damage|p1b: Diancie|82\/100 brn|[from] brn\n|-fieldend|move: Trick Room\n|upkeep\n|turn|6\n|\n|t:|1696324947\n|move|p2b: Richard|Drain Punch|p1a: Heatran\n|-supereffective|p1a: Heatran\n|-crit|p1a: Heatran\n|-damage|p1a: Heatran|0 fnt\n|-heal|p2b: Richard|100\/100|[from] drain|[of] p1a: Heatran\n|faint|p1a: Heatran\n|move|p2a: Elizabeth|Expanding Force|p1b: Diancie\n|-damage|p1b: Diancie|43\/100 brn\n|move|p1b: Diancie|Trick Room|p1b: Diancie\n|-fieldstart|move: Trick Room|[of] p1b: Diancie\n|\n|-damage|p1b: Diancie|37\/100 brn|[from] brn\n|upkeep\n|\n|t:|1696324957\n|switch|p1a: Marshadow|Marshadow|100\/100\n|turn|7\n|\n|t:|1696324976\n|-terastallize|p2a: Elizabeth|Fairy\n|move|p2a: Elizabeth|Follow Me|p2a: Elizabeth\n|-singleturn|p2a: Elizabeth|move: Follow Me\n|move|p1b: Diancie|Body Press|p2a: Elizabeth\n|-resisted|p2a: Elizabeth\n|-damage|p2a: Elizabeth|29\/100\n|move|p1a: Marshadow|Spectral Thief||[still]\n|-clearpositiveboost|p2a: Elizabeth|p1a: Marshadow|move: Spectral Thief\n|-boost|p1a: Marshadow|spd|1\n|-anim|p1a: Marshadow|Spectral Thief|p2a: Elizabeth\n|-damage|p2a: Elizabeth|0 fnt\n|faint|p2a: Elizabeth\n|-zpower|p2b: Richard\n|move|p2b: Richard|Clangorous Soulblaze|p1a: Marshadow|[zeffect]|[spread] p1a\n|-immune|p1b: Diancie\n|-damage|p1a: Marshadow|5\/100\n|-boost|p2b: Richard|atk|1\n|-boost|p2b: Richard|def|1\n|-boost|p2b: Richard|spa|1\n|-boost|p2b: Richard|spd|1\n|-boost|p2b: Richard|spe|1\n|\n|-damage|p1b: Diancie|31\/100 brn|[from] brn\n|upkeep\n|\n|t:|1696325001\n|switch|p2a: Sean|Mimikyu-Busted, M|55\/100\n|turn|8\n|\n|t:|1696325018\n|move|p1a: Marshadow|Protect|p1a: Marshadow\n|-singleturn|p1a: Marshadow|Protect\n|move|p2a: Sean|Shadow Sneak|p1a: Marshadow\n|-activate|p1a: Marshadow|move: Psychic Terrain\n|move|p1b: Diancie|Diamond Storm|p2b: Richard|[spread] p2a,p2b\n|-resisted|p2b: Richard\n|-damage|p2a: Sean|34\/100\n|-damage|p2b: Richard|99\/100\n|move|p2b: Richard|Clangorous Soul|p2b: Richard\n|-boost|p2b: Richard|atk|1\n|-boost|p2b: Richard|def|1\n|-boost|p2b: Richard|spa|1\n|-boost|p2b: Richard|spd|1\n|-boost|p2b: Richard|spe|1\n|-damage|p2b: Richard|66\/100\n|\n|-damage|p1b: Diancie|25\/100 brn|[from] brn\n|-fieldend|move: Psychic Terrain\n|upkeep\n|turn|9\n|\n|t:|1696325032\n|switch|p1a: Salamence|Salamence, F|100\/100\n|-ability|p1a: Salamence|Intimidate|boost\n|-unboost|p2a: Sean|atk|1\n|-unboost|p2b: Richard|atk|1\n|move|p2a: Sean|Shadow Sneak|p1a: Salamence\n|-damage|p1a: Salamence|92\/100\n|move|p2b: Richard|Clangorous Soul|p2b: Richard\n|-boost|p2b: Richard|atk|1\n|-boost|p2b: Richard|def|1\n|-boost|p2b: Richard|spa|1\n|-boost|p2b: Richard|spd|1\n|-boost|p2b: Richard|spe|1\n|-damage|p2b: Richard|33\/100\n|move|p1b: Diancie|Trick Room|p1b: Diancie\n|-fieldend|move: Trick Room\n|\n|-damage|p1b: Diancie|18\/100 brn|[from] brn\n|upkeep\n|turn|10\n|\n|t:|1696325047\n|detailschange|p1a: Salamence|Salamence-Mega, F\n|-mega|p1a: Salamence|Salamence|Salamencite\n|move|p2b: Richard|Drain Punch|p1b: Diancie\n|-damage|p1b: Diancie|0 fnt\n|-heal|p2b: Richard|41\/100|[from] drain|[of] p1b: Diancie\n|faint|p1b: Diancie\n|move|p1a: Salamence|Double-Edge|p2a: Sean\n|-damage|p2a: Sean|0 fnt\n|faint|p2a: Sean\n|-damage|p1a: Salamence|83\/100|[from] Recoil\n|\n|upkeep\n|\n|t:|1696325056\n|switch|p2a: Jonathan|Rillaboom, M|100\/100\n|switch|p1b: Rillaboom|Rillaboom, F, shiny|43\/100 brn\n|-fieldstart|move: Grassy Terrain|[from] ability: Grassy Surge|[of] p1b: Rillaboom\n|turn|11\n|\n|t:|1696325071\n|switch|p1b: Palafin|Palafin-Hero, F, shiny|55\/100\n|-activate|p1b: Palafin|ability: Zero to Hero\n|move|p2a: Jonathan|Fake Out|p1a: Salamence\n|-damage|p1a: Salamence|72\/100\n|move|p2b: Richard|Drain Punch|p1b: Palafin\n|-damage|p1b: Palafin|0 fnt\n|-heal|p2b: Richard|72\/100|[from] drain|[of] p1b: Palafin\n|faint|p1b: Palafin\n|cant|p1a: Salamence|flinch\n|\n|-heal|p2b: Richard|78\/100|[from] Grassy Terrain\n|upkeep\n|\n|t:|1696325086\n|switch|p1b: Rillaboom|Rillaboom, F, shiny|43\/100 brn\n|turn|12\n|\n|t:|1696325096\n|switch|p2a: Mary|Cresselia, F|100\/100\n|move|p2b: Richard|Drain Punch|p1b: Rillaboom\n|-damage|p1b: Rillaboom|0 fnt\n|-heal|p2b: Richard|100\/100|[from] drain|[of] p1b: Rillaboom\n|faint|p1b: Rillaboom\n|move|p1a: Salamence|Double-Edge|p2b: Richard\n|-supereffective|p2b: Richard\n|-damage|p2b: Richard|69\/100\n|-damage|p1a: Salamence|63\/100|[from] Recoil\n|\n|-heal|p2b: Richard|76\/100|[from] Grassy Terrain\n|upkeep\n|\n|t:|1696325102\n|switch|p1b: Marshadow|Marshadow|5\/100\n|turn|13\n|\n|t:|1696325110\n|move|p2b: Richard|Flamethrower|p1b: Marshadow\n|-damage|p1b: Marshadow|0 fnt\n|faint|p1b: Marshadow\n|move|p1a: Salamence|Double-Edge|p2b: Richard\n|-supereffective|p2b: Richard\n|-damage|p2b: Richard|48\/100\n|-damage|p1a: Salamence|55\/100|[from] Recoil\n|move|p2a: Mary|Icy Wind|p1a: Salamence\n|-supereffective|p1a: Salamence\n|-damage|p1a: Salamence|14\/100\n|-unboost|p1a: Salamence|spe|1\n|\n|-heal|p2b: Richard|54\/100|[from] Grassy Terrain\n|upkeep\n|turn|14\n|-message|xiaoqing three forfeited.\n|\n|win|Not McBruh\n|raw|xiaoqing three's rating: 1499 &rarr; <strong>1476<\/strong><br \/>(-23 for losing)\n|raw|Not McBruh's rating: 1439 &rarr; <strong>1462<\/strong><br \/>(+23 for winning)\n|l|\u2606xiaoqing three\n","uploadtime":1696325123,"views":13,"p1id":"xiaoqingthree","p2id":"notmcbruh","formatid":"gen9nationaldexdoubles","rating":1462,"private":0,"password":""}