{"id":"gen9nationaldexdoubles-1999341808","p1":"Diamondshreddie","p2":"normie jean","format":"[Gen 9] National Dex Doubles","log":"|j|\u2606Diamondshreddie\n|j|\u2606normie jean\n|t:|1701063277\n|gametype|doubles\n|player|p1|Diamondshreddie|artist|\n|player|p2|normie jean|clown|\n|teamsize|p1|6\n|teamsize|p2|6\n|gen|9\n|tier|[Gen 9] National Dex Doubles\n|rule|HP Percentage Mod: HP is shown in percentages\n|rule|Endless Battle Clause: Forcing endless battles is banned\n|rule|OHKO Clause: OHKO moves are banned\n|rule|Evasion Moves Clause: Evasion moves are banned\n|rule|Evasion Abilities Clause: Evasion abilities are banned\n|rule|Species Clause: Limit one of each Pok\u00e9mon\n|rule|Gravity Sleep Clause: The combination of sleep-inducing moves with imperfect accuracy and Gravity or Gigantamax Orbeetle are banned\n|rule|Item Clause: Limit one of each item\n|clearpoke\n|poke|p1|Tsareena, F|\n|poke|p1|Ninjask, F|\n|poke|p1|Orthworm, M|\n|poke|p1|Aggron, F|\n|poke|p1|Klawf, M|\n|poke|p1|Gastrodon, M|\n|poke|p2|Lucario, M|\n|poke|p2|Sawsbuck, F|\n|poke|p2|Clefairy, F|\n|poke|p2|Pelipper, F|\n|poke|p2|Inteleon, M|\n|poke|p2|Luxray, F|\n|teampreview|4\n|j| Whaleu\n|\n|t:|1701063325\n|start\n|switch|p1a: Flicker|Ninjask, F|100\/100\n|switch|p1b: Gluckglung|Gastrodon, M|100\/100\n|switch|p2a: Lucario|Lucario, M|100\/100\n|switch|p2b: Clefairy|Clefairy, F|100\/100\n|turn|1\n|j| Felis Regalis\n|l|\u2606Diamondshreddie\n|player|p1|\n|j|\u2606Diamondshreddie\n|player|p1|Diamondshreddie|artist\n|\n|t:|1701063504\n|switch|p2a: Luxray|Luxray, F|100\/100\n|-ability|p2a: Luxray|Intimidate|boost\n|-unboost|p1a: Flicker|atk|1\n|-unboost|p1b: Gluckglung|atk|1\n|switch|p2b: Sawsbuck|Sawsbuck, F|100\/100\n|move|p1a: Flicker|Substitute|p1a: Flicker\n|-start|p1a: Flicker|Substitute\n|-damage|p1a: Flicker|76\/100\n|move|p1b: Gluckglung|Scald|p2a: Luxray\n|-damage|p2a: Luxray|69\/100\n|-status|p2a: Luxray|brn\n|\n|-damage|p2a: Luxray|63\/100 brn|[from] brn\n|-ability|p1a: Flicker|Speed Boost|boost\n|-boost|p1a: Flicker|spe|1\n|upkeep\n|turn|2\n|\n|t:|1701063575\n|switch|p1b: Girlboss|Aggron, F|100\/100\n|move|p1a: Flicker|Swords Dance|p1a: Flicker\n|-boost|p1a: Flicker|atk|2\n|move|p2b: Sawsbuck|Horn Leech|p1b: Girlboss\n|-damage|p1b: Girlboss|74\/100\n|move|p2a: Luxray|Fire Fang|p1a: Flicker\n|-supereffective|p1a: Flicker\n|-end|p1a: Flicker|Substitute\n|\n|-damage|p2a: Luxray|57\/100 brn|[from] brn\n|-ability|p1a: Flicker|Speed Boost|boost\n|-boost|p1a: Flicker|spe|1\n|upkeep\n|turn|3\n|\n|t:|1701063648\n|detailschange|p1b: Girlboss|Aggron-Mega, F\n|-mega|p1b: Girlboss|Aggron|Aggronite\n|move|p1a: Flicker|Baton Pass|p1a: Flicker\n|\n|t:|1701063651\n|switch|p1a: Squishy|Tsareena, F|100\/100|[from] Baton Pass\n|move|p2b: Sawsbuck|Jump Kick|p1b: Girlboss\n|-supereffective|p1b: Girlboss\n|-damage|p1b: Girlboss|44\/100\n|move|p1b: Girlboss|Iron Head|p2b: Sawsbuck\n|-damage|p2b: Sawsbuck|42\/100\n|move|p2a: Luxray|Fire Fang|p1a: Squishy\n|-supereffective|p1a: Squishy\n|-damage|p1a: Squishy|81\/100\n|\n|-damage|p2a: Luxray|51\/100 brn|[from] brn\n|upkeep\n|turn|4\n|\n|t:|1701063703\n|move|p1a: Squishy|Power Whip|p2a: Luxray\n|-crit|p2a: Luxray\n|-damage|p2a: Luxray|0 fnt\n|faint|p2a: Luxray\n|move|p2b: Sawsbuck|Jump Kick|p1b: Girlboss\n|-supereffective|p1b: Girlboss\n|-damage|p1b: Girlboss|19\/100\n|move|p1b: Girlboss|Iron Head|p2b: Sawsbuck\n|-damage|p2b: Sawsbuck|0 fnt\n|faint|p2b: Sawsbuck\n|\n|upkeep\n|\n|t:|1701063716\n|switch|p2b: Clefairy|Clefairy, F|100\/100\n|switch|p2a: Lucario|Lucario, M|100\/100\n|turn|5\n|\n|t:|1701063747\n|move|p2b: Clefairy|Helping Hand|p2a: Lucario\n|-singleturn|p2a: Lucario|Helping Hand|[of] p2b: Clefairy\n|move|p1a: Squishy|Power Whip|p2a: Lucario|[miss]\n|-miss|p1a: Squishy|p2a: Lucario\n|move|p2a: Lucario|Aura Sphere|p1b: Girlboss\n|-supereffective|p1b: Girlboss\n|-damage|p1b: Girlboss|0 fnt\n|faint|p1b: Girlboss\n|\n|upkeep\n|\n|t:|1701063756\n|switch|p1b: Gluckglung|Gastrodon, M|100\/100\n|turn|6\n|\n|t:|1701063812\n|move|p2b: Clefairy|Helping Hand|p2a: Lucario\n|-singleturn|p2a: Lucario|Helping Hand|[of] p2b: Clefairy\n|move|p1a: Squishy|Power Whip|p2a: Lucario\n|-resisted|p2a: Lucario\n|-damage|p2a: Lucario|60\/100\n|move|p2a: Lucario|Meteor Mash|p1a: Squishy\n|-damage|p1a: Squishy|33\/100\n|move|p1b: Gluckglung|Earth Power|p2a: Lucario\n|-supereffective|p2a: Lucario\n|-damage|p2a: Lucario|0 fnt\n|faint|p2a: Lucario\n|\n|upkeep\n|turn|7\n|\n|t:|1701063831\n|move|p1a: Squishy|Power Whip|p2b: Clefairy\n|-damage|p2b: Clefairy|43\/100\n|move|p2b: Clefairy|Reflect|p2b: Clefairy\n|-sidestart|p2: normie jean|Reflect\n|move|p1b: Gluckglung|Scald|p2b: Clefairy\n|-damage|p2b: Clefairy|18\/100\n|\n|upkeep\n|turn|8\n|\n|t:|1701063844\n|move|p2b: Clefairy|Follow Me|p2b: Clefairy\n|-singleturn|p2b: Clefairy|move: Follow Me\n|move|p1a: Squishy|Triple Axel|p2b: Clefairy\n|-damage|p2b: Clefairy|14\/100\n|-damage|p2b: Clefairy|5\/100\n|-damage|p2b: Clefairy|0 fnt\n|faint|p2b: Clefairy\n|-hitcount|p2: Clefairy|3\n|\n|win|Diamondshreddie\n|l|\u2606normie jean\n","uploadtime":1701063865,"views":1,"p1id":"diamondshreddie","p2id":"normiejean","formatid":"gen9nationaldexdoubles","rating":0,"private":0,"password":""}