{"id":"gen9nationaldexdoubles-1975231394","p1":"shiftygatito","p2":"Okto481","format":"[Gen 9] National Dex Doubles","log":"|j|\u2606shiftygatito\n|j|\u2606Okto481\n|t:|1698172124\n|gametype|doubles\n|player|p1|shiftygatito|hugh|\n|player|p2|Okto481|dawn|\n|teamsize|p1|6\n|teamsize|p2|6\n|gen|9\n|tier|[Gen 9] National Dex Doubles\n|rule|HP Percentage Mod: HP is shown in percentages\n|rule|Endless Battle Clause: Forcing endless battles is banned\n|rule|OHKO Clause: OHKO moves are banned\n|rule|Evasion Moves Clause: Evasion moves are banned\n|rule|Evasion Abilities Clause: Evasion abilities are banned\n|rule|Species Clause: Limit one of each Pok\u00e9mon\n|rule|Gravity Sleep Clause: The combination of sleep-inducing moves with imperfect accuracy and Gravity or Gigantamax Orbeetle are banned\n|clearpoke\n|poke|p1|Tapu Koko|\n|poke|p1|Iron Valiant|\n|poke|p1|Hawlucha, F|\n|poke|p1|Iron Moth|\n|poke|p1|Scizor, F|\n|poke|p1|Gliscor, M|\n|poke|p2|Tapu Lele|\n|poke|p2|Gardevoir, F|\n|poke|p2|Gallade, M|\n|poke|p2|Indeedee-F, F|\n|poke|p2|Dottler, M|\n|poke|p2|Armarouge, M|\n|teampreview\n|inactive|Battle timer is ON: inactive players will automatically lose when time's up. (requested by shiftygatito)\n|c|\u2606Okto481|glhf\n|c|\u2606shiftygatito|thanks you too\n|\n|t:|1698172152\n|start\n|switch|p1a: Hawlucha|Hawlucha, F|100\/100\n|switch|p1b: Tapu Koko|Tapu Koko|100\/100\n|switch|p2a: Dottler|Dottler, M|100\/100\n|switch|p2b: Gallade|Gallade, M|100\/100\n|-fieldstart|move: Electric Terrain|[from] ability: Electric Surge|[of] p1b: Tapu Koko\n|-enditem|p1a: Hawlucha|Electric Seed\n|-boost|p1a: Hawlucha|def|1|[from] item: Electric Seed\n|turn|1\n|\n|t:|1698172167\n|-terastallize|p2b: Gallade|Psychic\n|move|p1a: Hawlucha|Taunt|p2a: Dottler\n|-start|p2a: Dottler|move: Taunt\n|move|p1b: Tapu Koko|Reflect|p1b: Tapu Koko\n|-sidestart|p1: shiftygatito|Reflect\n|move|p2b: Gallade|Psycho Cut|p1a: Hawlucha\n|-supereffective|p1a: Hawlucha\n|-damage|p1a: Hawlucha|0 fnt\n|faint|p1a: Hawlucha\n|cant|p2a: Dottler|move: Taunt|Sticky Web\n|\n|upkeep\n|\n|t:|1698172171\n|switch|p1a: Scizor|Scizor, F|100\/100\n|turn|2\n|\n|t:|1698172188\n|detailschange|p1a: Scizor|Scizor-Mega, F\n|-mega|p1a: Scizor|Scizor|Scizorite\n|move|p1b: Tapu Koko|Light Screen|p1b: Tapu Koko\n|-sidestart|p1: shiftygatito|move: Light Screen\n|move|p2b: Gallade|Psycho Cut|p1b: Tapu Koko\n|-damage|p1b: Tapu Koko|15\/100\n|move|p1a: Scizor|Trailblaze|p2b: Gallade\n|-crit|p2b: Gallade\n|-damage|p2b: Gallade|22\/100\n|-boost|p1a: Scizor|spe|1\n|move|p2a: Dottler|Body Press|p1a: Scizor\n|-damage|p1a: Scizor|90\/100\n|\n|upkeep\n|turn|3\n|\n|t:|1698172204\n|switch|p2b: Indeedee|Indeedee-F, F|100\/100\n|-fieldstart|move: Psychic Terrain|[from] ability: Psychic Surge|[of] p2b: Indeedee\n|move|p1b: Tapu Koko|Thunderbolt|p2b: Indeedee\n|-damage|p2b: Indeedee|64\/100\n|move|p1a: Scizor|Swords Dance|p1a: Scizor\n|-boost|p1a: Scizor|atk|2\n|move|p2a: Dottler|Body Press|p1b: Tapu Koko\n|-resisted|p1b: Tapu Koko\n|-damage|p1b: Tapu Koko|7\/100\n|\n|-end|p2a: Dottler|move: Taunt\n|upkeep\n|turn|4\n|\n|t:|1698172218\n|move|p2b: Indeedee|Protect|p2b: Indeedee\n|-singleturn|p2b: Indeedee|Protect\n|move|p1b: Tapu Koko|Dazzling Gleam|p2b: Indeedee|[spread] p2a\n|-activate|p2b: Indeedee|move: Protect\n|-damage|p2a: Dottler|84\/100\n|move|p1a: Scizor|Trailblaze|p2b: Indeedee\n|-activate|p2b: Indeedee|move: Protect\n|move|p2a: Dottler|Body Press|p1b: Tapu Koko\n|-resisted|p1b: Tapu Koko\n|-damage|p1b: Tapu Koko|0 fnt\n|faint|p1b: Tapu Koko\n|\n|upkeep\n|\n|t:|1698172222\n|switch|p1b: Iron Moth|Iron Moth|100\/100\n|turn|5\n|\n|t:|1698172231\n|move|p1b: Iron Moth|Heat Wave|p2a: Dottler|[spread] p2a,p2b\n|-supereffective|p2a: Dottler\n|-damage|p2a: Dottler|22\/100\n|-damage|p2b: Indeedee|25\/100\n|move|p1a: Scizor|Trailblaze|p2b: Indeedee\n|-damage|p2b: Indeedee|0 fnt\n|-boost|p1a: Scizor|spe|1\n|faint|p2b: Indeedee\n|move|p2a: Dottler|Iron Defense|p2a: Dottler\n|-boost|p2a: Dottler|def|2\n|\n|-sideend|p1: shiftygatito|Reflect\n|upkeep\n|\n|t:|1698172239\n|switch|p2b: Tapu Lele|Tapu Lele|100\/100\n|turn|6\n|\n|t:|1698172251\n|move|p1a: Scizor|Trailblaze|p2b: Tapu Lele\n|-crit|p2b: Tapu Lele\n|-damage|p2b: Tapu Lele|0 fnt\n|-boost|p1a: Scizor|spe|1\n|faint|p2b: Tapu Lele\n|move|p1b: Iron Moth|Sludge Wave|p2a: Dottler|[spread] p2a\n|-immune|p1a: Scizor\n|-damage|p2a: Dottler|0 fnt\n|faint|p2a: Dottler\n|\n|-sideend|p1: shiftygatito|move: Light Screen\n|upkeep\n|\n|t:|1698172257\n|switch|p2b: Armarouge|Armarouge, M|100\/100\n|switch|p2a: Gardevoir|Gardevoir, F|100\/100\n|-ability|p2a: Gardevoir|Technician|[from] ability: Trace|[of] p1a: Scizor\n|turn|7\n|\n|t:|1698172270\n|detailschange|p2a: Gardevoir|Gardevoir-Mega, F\n|-mega|p2a: Gardevoir|Gardevoir|Gardevoirite\n|-terastallize|p1b: Iron Moth|Ground\n|move|p2a: Gardevoir|Protect|p2a: Gardevoir\n|-singleturn|p2a: Gardevoir|Protect\n|move|p1a: Scizor|Close Combat|p2b: Armarouge\n|-resisted|p2b: Armarouge\n|-damage|p2b: Armarouge|45\/100\n|-unboost|p1a: Scizor|def|1\n|-unboost|p1a: Scizor|spd|1\n|-ability|p2b: Armarouge|Weak Armor|boost\n|-unboost|p2b: Armarouge|def|1\n|-boost|p2b: Armarouge|spe|2\n|move|p2b: Armarouge|Armor Cannon|p1a: Scizor\n|-supereffective|p1a: Scizor\n|-damage|p1a: Scizor|0 fnt\n|-unboost|p2b: Armarouge|def|1\n|-unboost|p2b: Armarouge|spd|1\n|faint|p1a: Scizor\n|move|p1b: Iron Moth|Tera Blast|p2b: Armarouge|[anim] Tera Blast Ground\n|-supereffective|p2b: Armarouge\n|-damage|p2b: Armarouge|0 fnt\n|faint|p2b: Armarouge\n|\n|-fieldend|move: Psychic Terrain\n|upkeep\n|\n|t:|1698172282\n|switch|p2b: Gallade|Gallade, M, tera:Psychic|22\/100\n|switch|p1a: Gliscor|Gliscor, M|100\/100\n|turn|8\n|\n|t:|1698172300\n|move|p1a: Gliscor|Protect|p1a: Gliscor\n|-singleturn|p1a: Gliscor|Protect\n|move|p1b: Iron Moth|Sludge Wave|p2a: Gardevoir|[spread] p2a,p2b\n|-activate|p1a: Gliscor|move: Protect\n|-supereffective|p2a: Gardevoir\n|-damage|p2a: Gardevoir|36\/100\n|-damage|p2b: Gallade|0 fnt\n|faint|p2b: Gallade\n|move|p2a: Gardevoir|Hyper Voice|p1a: Gliscor|[spread] p1b\n|-activate|p1a: Gliscor|move: Protect\n|-crit|p1b: Iron Moth\n|-damage|p1b: Iron Moth|29\/100\n|\n|-status|p1a: Gliscor|tox|[from] item: Toxic Orb\n|upkeep\n|turn|9\n|c|\u2606Okto481|gg\n|\n|t:|1698172309\n|move|p1b: Iron Moth|Sludge Wave|p2a: Gardevoir|[spread] p1a,p2a\n|-resisted|p1a: Gliscor\n|-supereffective|p2a: Gardevoir\n|-damage|p1a: Gliscor|84\/100 tox\n|-damage|p2a: Gardevoir|0 fnt\n|faint|p2a: Gardevoir\n|\n|win|shiftygatito\n|c|\u2606shiftygatito|gg\n","uploadtime":1698172316,"views":11,"p1id":"shiftygatito","p2id":"okto481","formatid":"gen9nationaldexdoubles","rating":0,"private":0,"password":""}