{"id":"gen9nationaldexdoubles-1969767520","p1":"ralca 1","p2":"OEEM67","format":"[Gen 9] National Dex Doubles","log":"|j|\u2606ralca 1\n|j|\u2606OEEM67\n|t:|1697563870\n|gametype|doubles\n|player|p1|ralca 1|steven|\n|player|p2|OEEM67|lady-gen4|\n|teamsize|p1|6\n|teamsize|p2|6\n|gen|9\n|tier|[Gen 9] National Dex Doubles\n|rule|HP Percentage Mod: HP is shown in percentages\n|rule|Endless Battle Clause: Forcing endless battles is banned\n|rule|OHKO Clause: OHKO moves are banned\n|rule|Evasion Moves Clause: Evasion moves are banned\n|rule|Evasion Abilities Clause: Evasion abilities are banned\n|rule|Species Clause: Limit one of each Pok\u00e9mon\n|rule|Gravity Sleep Clause: The combination of sleep-inducing moves with imperfect accuracy and Gravity or Gigantamax Orbeetle are banned\n|clearpoke\n|poke|p1|Gothitelle, M|\n|poke|p1|Oranguru, M|\n|poke|p1|Torkoal, M|\n|poke|p1|Indeedee-F, F|\n|poke|p1|Armarouge, M|\n|poke|p1|Scream Tail|\n|poke|p2|Iron Hands|\n|poke|p2|Zapdos|\n|poke|p2|Pincurchin, M|\n|poke|p2|Jolteon, F|\n|poke|p2|Thundurus-Therian, M|\n|poke|p2|Luxray, M|\n|teampreview\n|\n|t:|1697563898\n|start\n|switch|p1a: Scream Tail|Scream Tail|100\/100\n|switch|p1b: Gothitelle|Gothitelle, M|100\/100\n|switch|p2a: Pincurchin|Pincurchin, M|100\/100\n|switch|p2b: Jolteon|Jolteon, F|100\/100\n|-fieldstart|move: Electric Terrain|[from] ability: Electric Surge|[of] p2a: Pincurchin\n|turn|1\n|\n|t:|1697563930\n|move|p2b: Jolteon|Light Screen|p2b: Jolteon\n|-sidestart|p2: OEEM67|move: Light Screen\n|move|p1a: Scream Tail|Perish Song|p1a: Scream Tail\n|-start|p1a: Scream Tail|perish3|[silent]\n|-start|p1b: Gothitelle|perish3|[silent]\n|-start|p2a: Pincurchin|perish3|[silent]\n|-start|p2b: Jolteon|perish3|[silent]\n|-fieldactivate|move: Perish Song\n|move|p1b: Gothitelle|Hypnosis|p2a: Pincurchin\n|-activate|p2a: Pincurchin|move: Electric Terrain\n|move|p2a: Pincurchin|Rising Voltage|p1b: Gothitelle\n|-hint|Rising Voltage's BP doubled on grounded target.\n|-damage|p1b: Gothitelle|51\/100\n|\n|-start|p2b: Jolteon|perish3\n|-start|p1a: Scream Tail|perish3\n|-start|p1b: Gothitelle|perish3\n|-start|p2a: Pincurchin|perish3\n|upkeep\n|turn|2\n|\n|t:|1697563959\n|move|p1b: Gothitelle|Protect|p1b: Gothitelle\n|-singleturn|p1b: Gothitelle|Protect\n|move|p2b: Jolteon|Volt Switch|p1a: Scream Tail\n|-damage|p1a: Scream Tail|75\/100\n|\n|t:|1697563977\n|switch|p2b: Luxray|Luxray, M|100\/100|[from] Volt Switch\n|-ability|p2b: Luxray|Intimidate|boost\n|-unboost|p1a: Scream Tail|atk|1\n|-unboost|p1b: Gothitelle|atk|1\n|move|p1a: Scream Tail|Encore|p2a: Pincurchin\n|-start|p2a: Pincurchin|Encore\n|move|p2a: Pincurchin|Rising Voltage|p1a: Scream Tail\n|-hint|Rising Voltage's BP doubled on grounded target.\n|-damage|p1a: Scream Tail|37\/100\n|\n|-start|p1a: Scream Tail|perish2\n|-start|p1b: Gothitelle|perish2\n|-start|p2a: Pincurchin|perish2\n|upkeep\n|turn|3\n|\n|t:|1697564009\n|move|p2b: Luxray|Helping Hand|p2a: Pincurchin\n|-singleturn|p2a: Pincurchin|Helping Hand|[of] p2b: Luxray\n|move|p1b: Gothitelle|Protect||[still]\n|-fail|p1b: Gothitelle\n|move|p1a: Scream Tail|Perish Song|p1a: Scream Tail\n|-start|p2b: Luxray|perish3|[silent]\n|-fieldactivate|move: Perish Song\n|move|p2a: Pincurchin|Rising Voltage|p1b: Gothitelle\n|-hint|Rising Voltage's BP doubled on grounded target.\n|-damage|p1b: Gothitelle|0 fnt\n|faint|p1b: Gothitelle\n|\n|-start|p1a: Scream Tail|perish1\n|-start|p2b: Luxray|perish3\n|-start|p2a: Pincurchin|perish1\n|upkeep\n|\n|t:|1697564029\n|switch|p1b: Torkoal|Torkoal, M|100\/100\n|-weather|SunnyDay|[from] ability: Drought|[of] p1b: Torkoal\n|-activate|p1a: Scream Tail|ability: Protosynthesis\n|-start|p1a: Scream Tail|protosynthesisspd\n|turn|4\n|\n|t:|1697564045\n|-end|p1a: Scream Tail|Protosynthesis|[silent]\n|switch|p1a: Oranguru|Oranguru, M|100\/100\n|-terastallize|p1b: Torkoal|Fire\n|move|p2b: Luxray|Helping Hand|p2a: Pincurchin\n|-singleturn|p2a: Pincurchin|Helping Hand|[of] p2b: Luxray\n|move|p1b: Torkoal|Eruption|p2b: Luxray|[spread] p2a,p2b\n|-damage|p2a: Pincurchin|35\/100\n|-damage|p2b: Luxray|0 fnt\n|faint|p2b: Luxray\n|move|p2a: Pincurchin|Rising Voltage|p1a: Oranguru\n|-hint|Rising Voltage's BP doubled on grounded target.\n|-damage|p1a: Oranguru|38\/100\n|\n|-weather|SunnyDay|[upkeep]\n|-heal|p2a: Pincurchin|41\/100|[from] item: Leftovers\n|-end|p2a: Pincurchin|Encore\n|-start|p2a: Pincurchin|perish0\n|faint|p2a: Pincurchin\n|upkeep\n|\n|t:|1697564069\n|switch|p2b: Thundurus|Thundurus-Therian, M|100\/100\n|switch|p2a: Jolteon|Jolteon, F|100\/100\n|turn|5\n|\n|t:|1697564082\n|move|p2b: Thundurus|Rising Voltage|p1b: Torkoal\n|-hint|Rising Voltage's BP doubled on grounded target.\n|-damage|p1b: Torkoal|0 fnt\n|faint|p1b: Torkoal\n|-damage|p2b: Thundurus|91\/100|[from] item: Life Orb\n|move|p2a: Jolteon|Shadow Ball|p1a: Oranguru\n|-immune|p1a: Oranguru\n|move|p1a: Oranguru|Instruct|p1: Torkoal|[notarget]\n|-fail|p1a: Oranguru\n|\n|-weather|SunnyDay|[upkeep]\n|-fieldend|move: Electric Terrain\n|upkeep\n|\n|t:|1697564096\n|switch|p1b: Scream Tail|Scream Tail|37\/100\n|-activate|p1b: Scream Tail|ability: Protosynthesis\n|-start|p1b: Scream Tail|protosynthesisspd\n|turn|6\n|\n|t:|1697564121\n|move|p1a: Oranguru|Protect|p1a: Oranguru\n|-singleturn|p1a: Oranguru|Protect\n|move|p2b: Thundurus|Sludge Bomb|p1a: Oranguru\n|-activate|p1a: Oranguru|move: Protect\n|move|p2a: Jolteon|Volt Switch|p1b: Scream Tail\n|-damage|p1b: Scream Tail|22\/100\n|\n|t:|1697564135\n|switch|p2a: Iron Hands|Iron Hands|100\/100|[from] Volt Switch\n|move|p1b: Scream Tail|Perish Song|p1b: Scream Tail\n|-start|p1a: Oranguru|perish3|[silent]\n|-start|p1b: Scream Tail|perish3|[silent]\n|-start|p2a: Iron Hands|perish3|[silent]\n|-start|p2b: Thundurus|perish3|[silent]\n|-fieldactivate|move: Perish Song\n|\n|-weather|SunnyDay|[upkeep]\n|-start|p2b: Thundurus|perish3\n|-start|p1b: Scream Tail|perish3\n|-start|p1a: Oranguru|perish3\n|-start|p2a: Iron Hands|perish3\n|upkeep\n|turn|7\n|\n|t:|1697564158\n|move|p2b: Thundurus|Sludge Bomb|p1a: Oranguru\n|-damage|p1a: Oranguru|2\/100\n|-status|p1a: Oranguru|psn\n|-damage|p2b: Thundurus|81\/100|[from] item: Life Orb\n|move|p1b: Scream Tail|Rest|p1b: Scream Tail\n|-status|p1b: Scream Tail|slp|[from] move: Rest\n|-heal|p1b: Scream Tail|100\/100 slp|[silent]\n|-enditem|p1b: Scream Tail|Chesto Berry|[eat]\n|-curestatus|p1b: Scream Tail|slp|[msg]\n|move|p1a: Oranguru|Light Screen|p1a: Oranguru\n|-sidestart|p1: ralca 1|move: Light Screen\n|move|p2a: Iron Hands|Earthquake|p1b: Scream Tail|[spread] p1a,p1b\n|-immune|p2b: Thundurus\n|-damage|p1a: Oranguru|0 fnt\n|-damage|p1b: Scream Tail|81\/100\n|faint|p1a: Oranguru\n|\n|-weather|SunnyDay|[upkeep]\n|-start|p2b: Thundurus|perish2\n|-start|p1b: Scream Tail|perish2\n|-start|p2a: Iron Hands|perish2\n|upkeep\n|\n|t:|1697564189\n|switch|p1a: Indeedee|Indeedee-F, F|100\/100\n|-fieldstart|move: Psychic Terrain|[from] ability: Psychic Surge|[of] p1a: Indeedee\n|-enditem|p1a: Indeedee|Psychic Seed\n|-boost|p1a: Indeedee|spd|1|[from] item: Psychic Seed\n|turn|8\n|\n|t:|1697564217\n|move|p2b: Thundurus|Sludge Bomb|p1b: Scream Tail\n|-supereffective|p1b: Scream Tail\n|-damage|p1b: Scream Tail|48\/100\n|-damage|p2b: Thundurus|71\/100|[from] item: Life Orb\n|move|p1b: Scream Tail|Encore|p2b: Thundurus\n|-start|p2b: Thundurus|Encore\n|move|p2a: Iron Hands|Earthquake|p1b: Scream Tail|[spread] p1a,p1b\n|-immune|p2b: Thundurus\n|-damage|p1a: Indeedee|70\/100\n|-damage|p1b: Scream Tail|27\/100\n|move|p1a: Indeedee|Trick Room|p1a: Indeedee\n|-fieldstart|move: Trick Room|[of] p1a: Indeedee\n|\n|-weather|none\n|-end|p1b: Scream Tail|Protosynthesis\n|-start|p2a: Iron Hands|perish1\n|-start|p1b: Scream Tail|perish1\n|-start|p2b: Thundurus|perish1\n|-sideend|p2: OEEM67|move: Light Screen\n|upkeep\n|turn|9\n|\n|t:|1697564245\n|-end|p2a: Iron Hands|Quark Drive|[silent]\n|switch|p2a: Jolteon|Jolteon, F|100\/100\n|-end|p1b: Scream Tail|Protosynthesis|[silent]\n|switch|p1b: Armarouge|Armarouge, M|100\/100\n|switch|p2b: Zapdos|Zapdos|100\/100\n|move|p1a: Indeedee|Expanding Force|p2b: Zapdos|[spread] p2a,p2b\n|-damage|p2a: Jolteon|60\/100\n|-damage|p2b: Zapdos|60\/100\n|\n|upkeep\n|turn|10\n|\n|t:|1697564276\n|move|p1a: Indeedee|Helping Hand|p1b: Armarouge\n|-singleturn|p1b: Armarouge|Helping Hand|[of] p1a: Indeedee\n|move|p1b: Armarouge|Expanding Force|p2b: Zapdos|[spread] p2a,p2b\n|-damage|p2a: Jolteon|0 fnt\n|-damage|p2b: Zapdos|0 fnt\n|faint|p2a: Jolteon\n|faint|p2b: Zapdos\n|\n|upkeep\n|\n|t:|1697564285\n|switch|p2b: Thundurus|Thundurus-Therian, M|71\/100\n|switch|p2a: Iron Hands|Iron Hands|100\/100\n|turn|11\n|\n|t:|1697564305\n|move|p2a: Iron Hands|Earthquake|p1a: Indeedee|[spread] p1a,p1b\n|-immune|p2b: Thundurus\n|-supereffective|p1b: Armarouge\n|-damage|p1a: Indeedee|37\/100\n|-damage|p1b: Armarouge|51\/100\n|-ability|p1b: Armarouge|Weak Armor|boost\n|-unboost|p1b: Armarouge|def|1\n|-boost|p1b: Armarouge|spe|2\n|move|p1a: Indeedee|Expanding Force|p2b: Thundurus|[spread] p2a,p2b\n|-supereffective|p2a: Iron Hands\n|-damage|p2a: Iron Hands|32\/100\n|-damage|p2b: Thundurus|18\/100\n|-enditem|p2a: Iron Hands|Sitrus Berry|[eat]\n|-heal|p2a: Iron Hands|57\/100|[from] item: Sitrus Berry\n|move|p2b: Thundurus|Sludge Bomb|p1b: Armarouge\n|-damage|p1b: Armarouge|31\/100\n|-damage|p2b: Thundurus|9\/100|[from] item: Life Orb\n|move|p1b: Armarouge|Expanding Force|p2b: Thundurus|[spread] p2a,p2b\n|-supereffective|p2a: Iron Hands\n|-damage|p2a: Iron Hands|0 fnt\n|-damage|p2b: Thundurus|0 fnt\n|faint|p2a: Iron Hands\n|-end|p2a: Iron Hands|Quark Drive|[silent]\n|faint|p2b: Thundurus\n|\n|win|ralca 1\n","uploadtime":1697564366,"views":11,"p1id":"ralca1","p2id":"oeem67","formatid":"gen9nationaldexdoubles","rating":0,"private":0,"password":""}