{"id":"gen9nationaldexdoubles-1983684535","p1":"Xalvadore","p2":"seraphine<333","format":"[Gen 9] National Dex Doubles","log":"|j|\u2606Xalvadore\n|j|\u2606seraphine<333\n|t:|1699160512\n|gametype|doubles\n|player|p1|Xalvadore|marnie|1360\n|player|p2|seraphine<333|winona|1065\n|teamsize|p1|6\n|teamsize|p2|6\n|gen|9\n|tier|[Gen 9] National Dex Doubles\n|rated|\n|rule|HP Percentage Mod: HP is shown in percentages\n|rule|Endless Battle Clause: Forcing endless battles is banned\n|rule|OHKO Clause: OHKO moves are banned\n|rule|Evasion Moves Clause: Evasion moves are banned\n|rule|Evasion Abilities Clause: Evasion abilities are banned\n|rule|Species Clause: Limit one of each Pok\u00e9mon\n|rule|Gravity Sleep Clause: The combination of sleep-inducing moves with imperfect accuracy and Gravity or Gigantamax Orbeetle are banned\n|clearpoke\n|poke|p1|Tyranitar, M|\n|poke|p1|Gastrodon, M|\n|poke|p1|Excadrill, F|\n|poke|p1|Zapdos|\n|poke|p1|Latias, F|\n|poke|p1|Hitmontop, M|\n|poke|p2|Lilligant, F|\n|poke|p2|Jumpluff, F|\n|poke|p2|Azumarill, F|\n|poke|p2|Clefairy, M|\n|poke|p2|Ribombee, M|\n|poke|p2|Chandelure, M|\n|teampreview\n|\n|t:|1699160523\n|start\n|switch|p1a: Tyranitar|Tyranitar, M|100\/100\n|switch|p1b: Hitmontop|Hitmontop, M|100\/100\n|switch|p2a: Lily|Lilligant, F, shiny|100\/100\n|switch|p2b: Jumpy|Jumpluff, F, shiny|100\/100\n|-ability|p1b: Hitmontop|Intimidate|boost\n|-unboost|p2a: Lily|atk|1\n|-unboost|p2b: Jumpy|atk|1\n|-weather|Sandstorm|[from] ability: Sand Stream|[of] p1a: Tyranitar\n|turn|1\n|\n|t:|1699160545\n|move|p1b: Hitmontop|Fake Out|p2b: Jumpy\n|-damage|p2b: Jumpy|87\/100\n|cant|p2b: Jumpy|flinch\n|move|p2a: Lily|Quiver Dance|p2a: Lily\n|-boost|p2a: Lily|spa|1\n|-boost|p2a: Lily|spd|1\n|-boost|p2a: Lily|spe|1\n|move|p1a: Tyranitar|Fire Blast|p2a: Lily\n|-supereffective|p2a: Lily\n|-damage|p2a: Lily|62\/100\n|-status|p2a: Lily|brn\n|\n|-weather|Sandstorm|[upkeep]\n|-damage|p2a: Lily|56\/100 brn|[from] Sandstorm\n|-damage|p2b: Jumpy|81\/100|[from] Sandstorm\n|-damage|p1b: Hitmontop|94\/100|[from] Sandstorm\n|-damage|p2a: Lily|50\/100 brn|[from] brn\n|upkeep\n|turn|2\n|\n|t:|1699160569\n|move|p1b: Hitmontop|Wide Guard|p1b: Hitmontop\n|-singleturn|p1b: Hitmontop|Wide Guard\n|move|p2a: Lily|Giga Drain|p1a: Tyranitar\n|-supereffective|p1a: Tyranitar\n|-damage|p1a: Tyranitar|25\/100\n|-heal|p2a: Lily|99\/100 brn|[from] drain|[of] p1a: Tyranitar\n|-damage|p2a: Lily|89\/100 brn|[from] item: Life Orb\n|move|p2b: Jumpy|Tailwind|p2b: Jumpy\n|-sidestart|p2: seraphine<333|move: Tailwind\n|move|p1a: Tyranitar|Rock Slide|p2b: Jumpy|[spread] p2a,p2b\n|-supereffective|p2b: Jumpy\n|-damage|p2a: Lily|51\/100 brn\n|-damage|p2b: Jumpy|4\/100\n|\n|-weather|Sandstorm|[upkeep]\n|-damage|p2a: Lily|45\/100 brn|[from] Sandstorm\n|-damage|p2b: Jumpy|0 fnt|[from] Sandstorm\n|-damage|p1b: Hitmontop|88\/100|[from] Sandstorm\n|faint|p2b: Jumpy\n|-damage|p2a: Lily|39\/100 brn|[from] brn\n|upkeep\n|\n|t:|1699160587\n|switch|p2b: round boi|Clefairy, M|100\/100\n|turn|3\n|\n|t:|1699160596\n|move|p1a: Tyranitar|Protect|p1a: Tyranitar\n|-singleturn|p1a: Tyranitar|Protect\n|move|p2a: Lily|Giga Drain|p1a: Tyranitar\n|-activate|p1a: Tyranitar|move: Protect\n|move|p2b: round boi|Heal Pulse|p2a: Lily\n|-heal|p2a: Lily|89\/100 brn\n|move|p1b: Hitmontop|Close Combat|p2a: Lily\n|-damage|p2a: Lily|47\/100 brn\n|-unboost|p1b: Hitmontop|def|1\n|-unboost|p1b: Hitmontop|spd|1\n|\n|-weather|Sandstorm|[upkeep]\n|-damage|p2a: Lily|41\/100 brn|[from] Sandstorm\n|-damage|p2b: round boi|94\/100|[from] Sandstorm\n|-damage|p1b: Hitmontop|82\/100|[from] Sandstorm\n|-damage|p2a: Lily|34\/100 brn|[from] brn\n|upkeep\n|turn|4\n|\n|t:|1699160617\n|switch|p1a: Latias|Latias, F|100\/100\n|move|p2b: round boi|Follow Me|p2b: round boi\n|-singleturn|p2b: round boi|move: Follow Me\n|move|p2a: Lily|Giga Drain|p1a: Latias\n|-resisted|p1a: Latias\n|-damage|p1a: Latias|72\/100\n|-heal|p2a: Lily|51\/100 brn|[from] drain|[of] p1a: Latias\n|-damage|p2a: Lily|42\/100 brn|[from] item: Life Orb\n|move|p1b: Hitmontop|Close Combat|p2b: round boi\n|-resisted|p2b: round boi\n|-damage|p2b: round boi|67\/100\n|-unboost|p1b: Hitmontop|def|1\n|-unboost|p1b: Hitmontop|spd|1\n|\n|-weather|Sandstorm|[upkeep]\n|-damage|p2a: Lily|35\/100 brn|[from] Sandstorm\n|-damage|p1a: Latias|66\/100|[from] Sandstorm\n|-damage|p2b: round boi|61\/100|[from] Sandstorm\n|-damage|p1b: Hitmontop|75\/100|[from] Sandstorm\n|-damage|p2a: Lily|29\/100 brn|[from] brn\n|upkeep\n|turn|5\n|\n|t:|1699160646\n|switch|p1b: Zapdos|Zapdos|100\/100\n|-ability|p1b: Zapdos|Pressure\n|-terastallize|p2a: Lily|Rock\n|move|p2a: Lily|Tera Blast|p1a: Latias|[anim] Tera Blast Rock\n|-damage|p1a: Latias|4\/100\n|-enditem|p1a: Latias|Sitrus Berry|[eat]\n|-heal|p1a: Latias|29\/100|[from] item: Sitrus Berry\n|-damage|p2a: Lily|20\/100 brn|[from] item: Life Orb\n|move|p1a: Latias|Tailwind|p1a: Latias\n|-sidestart|p1: Xalvadore|move: Tailwind\n|move|p2b: round boi|Heal Pulse|p2a: Lily\n|-heal|p2a: Lily|70\/100 brn\n|\n|-weather|none\n|-damage|p2a: Lily|64\/100 brn|[from] brn\n|-sideend|p2: seraphine<333|move: Tailwind\n|upkeep\n|turn|6\n|-message|seraphine<333 forfeited.\n|\n|win|Xalvadore\n|raw|Xalvadore's rating: 1360 &rarr; <strong>1366<\/strong><br \/>(+6 for winning)\n|raw|seraphine&lt;333's rating: 1065 &rarr; <strong>1059<\/strong><br \/>(-6 for losing)\n|l|\u2606seraphine<333\n|c|\u2606Xalvadore|gg\n","uploadtime":1699160666,"views":11,"p1id":"xalvadore","p2id":"seraphine333","formatid":"gen9nationaldexdoubles","rating":1059,"private":0,"password":""}