{"id":"gen9nationaldexdoubles-1982211270","p1":"lxvliiz","p2":"davidnwa","format":"[Gen 9] National Dex Doubles","log":"|j|\u2606lxvliiz\n|j|\u2606davidnwa\n|t:|1698979714\n|gametype|doubles\n|player|p1|lxvliiz|gambler|1132\n|player|p2|davidnwa|169|1297\n|teamsize|p1|6\n|teamsize|p2|6\n|gen|9\n|tier|[Gen 9] National Dex Doubles\n|rated|\n|rule|HP Percentage Mod: HP is shown in percentages\n|rule|Endless Battle Clause: Forcing endless battles is banned\n|rule|OHKO Clause: OHKO moves are banned\n|rule|Evasion Moves Clause: Evasion moves are banned\n|rule|Evasion Abilities Clause: Evasion abilities are banned\n|rule|Species Clause: Limit one of each Pok\u00e9mon\n|rule|Gravity Sleep Clause: The combination of sleep-inducing moves with imperfect accuracy and Gravity or Gigantamax Orbeetle are banned\n|clearpoke\n|poke|p1|Moltres-Galar|\n|poke|p1|Murkrow, L1, M|\n|poke|p1|Greninja-*, M|\n|poke|p1|Incineroar, F|\n|poke|p1|Meowscarada, M|\n|poke|p1|Krookodile, F|\n|poke|p2|Kingdra, M|\n|poke|p2|Pelipper, F|\n|poke|p2|Ogerpon-Wellspring, F|\n|poke|p2|Blastoise, F|\n|poke|p2|Thundurus-Therian, M|\n|poke|p2|Politoed, F|\n|teampreview\n|inactive|Battle timer is ON: inactive players will automatically lose when time's up. (requested by davidnwa)\n|c|\u2606lxvliiz|h\n|inactive|davidnwa has 120 seconds left.\n|inactive|davidnwa has 90 seconds left.\n|\n|t:|1698979784\n|start\n|switch|p1a: Krookodile|Krookodile, F|100\/100\n|switch|p1b: Meowscarada|Meowscarada, M|100\/100\n|switch|p2a: Ogerpon|Ogerpon-Wellspring, F|100\/100\n|switch|p2b: Politoed|Politoed, F|100\/100\n|-weather|RainDance|[from] ability: Drizzle|[of] p2b: Politoed\n|turn|1\n|c|\u2606lxvliiz|oh wait\n|c|\u2606lxvliiz|\ud83d\ude2d\ud83d\ude2d\n|\n|t:|1698979805\n|-terastallize|p1a: Krookodile|Fire\n|move|p1b: Meowscarada|Flower Trick|p1a: Krookodile\n|-resisted|p1a: Krookodile\n|-crit|p1a: Krookodile\n|-damage|p1a: Krookodile|77\/100\n|-setboost|p1a: Krookodile|atk|6|[from] ability: Anger Point\n|move|p2a: Ogerpon|Ivy Cudgel|p1a: Krookodile\n|-supereffective|p1a: Krookodile\n|-damage|p1a: Krookodile|0 fnt\n|faint|p1a: Krookodile\n|move|p2b: Politoed|Weather Ball|p1b: Meowscarada\n|-resisted|p1b: Meowscarada\n|-damage|p1b: Meowscarada|51\/100\n|\n|-weather|RainDance|[upkeep]\n|upkeep\n|c|\u2606lxvliiz|yeah wrong tera for this lmao\n|\n|t:|1698979820\n|switch|p1a: Moltres real|Moltres-Galar, shiny|100\/100\n|turn|2\n|\n|t:|1698979827\n|move|p1b: Meowscarada|Flower Trick|p2b: Politoed\n|-supereffective|p2b: Politoed\n|-crit|p2b: Politoed\n|-damage|p2b: Politoed|0 fnt\n|faint|p2b: Politoed\n|move|p2a: Ogerpon|Ivy Cudgel|p1b: Meowscarada\n|-resisted|p1b: Meowscarada\n|-damage|p1b: Meowscarada|0 fnt\n|faint|p1b: Meowscarada\n|move|p1a: Moltres real|Nasty Plot|p1a: Moltres real\n|-boost|p1a: Moltres real|spa|2\n|\n|-weather|RainDance|[upkeep]\n|upkeep\n|\n|t:|1698979835\n|switch|p1b: Murkrow|Murkrow, L1, M|100\/100\n|switch|p2b: Thundurus|Thundurus-Therian, M|100\/100\n|turn|3\n|\n|t:|1698979845\n|move|p1b: Murkrow|Tailwind|p1b: Murkrow\n|-sidestart|p1: lxvliiz|move: Tailwind\n|move|p1a: Moltres real|Nasty Plot|p1a: Moltres real\n|-boost|p1a: Moltres real|spa|2\n|move|p2a: Ogerpon|Ivy Cudgel|p1b: Murkrow\n|-enditem|p1b: Murkrow|Focus Sash\n|-damage|p1b: Murkrow|9\/100\n|move|p2b: Thundurus|Wildbolt Storm|p1b: Murkrow|[spread] p1a,p1b\n|-supereffective|p1a: Moltres real\n|-supereffective|p1b: Murkrow\n|-damage|p1a: Moltres real|18\/100\n|-damage|p1b: Murkrow|0 fnt\n|-enditem|p1a: Moltres real|Weakness Policy\n|-boost|p1a: Moltres real|atk|2|[from] item: Weakness Policy\n|-boost|p1a: Moltres real|spa|2|[from] item: Weakness Policy\n|faint|p1b: Murkrow\n|\n|-weather|RainDance|[upkeep]\n|upkeep\n|\n|t:|1698979850\n|switch|p1b: Greninja|Greninja, M|100\/100\n|turn|4\n|\n|t:|1698979857\n|-terastallize|p2b: Thundurus|Electric\n|move|p1b: Greninja|Dark Pulse|p2a: Ogerpon\n|-damage|p2a: Ogerpon|58\/100\n|move|p1a: Moltres real|Fiery Wrath|p2a: Ogerpon|[spread] p2a,p2b\n|-damage|p2a: Ogerpon|0 fnt\n|-damage|p2b: Thundurus|0 fnt\n|faint|p2a: Ogerpon\n|faint|p2b: Thundurus\n|\n|-weather|RainDance|[upkeep]\n|upkeep\n|\n|t:|1698979867\n|switch|p2a: Kingdra|Kingdra, M|100\/100\n|switch|p2b: Blastoise|Blastoise, F|100\/100\n|turn|5\n|\n|t:|1698979878\n|detailschange|p2b: Blastoise|Blastoise-Mega, F\n|-mega|p2b: Blastoise|Blastoise|Blastoisinite\n|move|p1b: Greninja|U-turn|p2a: Kingdra\n|-damage|p2a: Kingdra|82\/100\n|\n|t:|1698979882\n|switch|p1b: Incineroar|Incineroar, F|100\/100|[from] U-turn\n|-ability|p1b: Incineroar|Intimidate|boost\n|-unboost|p2a: Kingdra|atk|1\n|-unboost|p2b: Blastoise|atk|1\n|move|p1a: Moltres real|Fiery Wrath|p2a: Kingdra|[spread] p2a,p2b\n|-damage|p2a: Kingdra|0 fnt\n|-damage|p2b: Blastoise|0 fnt\n|faint|p2a: Kingdra\n|faint|p2b: Blastoise\n|\n|-weather|none\n|upkeep\n|c|\u2606lxvliiz|its the real moltres i promise\n|-message|davidnwa forfeited.\n|\n|win|lxvliiz\n|raw|lxvliiz's rating: 1132 &rarr; <strong>1168<\/strong><br \/>(+36 for winning)\n|raw|davidnwa's rating: 1297 &rarr; <strong>1261<\/strong><br \/>(-36 for losing)\n|l|\u2606davidnwa\n","uploadtime":1698979894,"views":7,"p1id":"lxvliiz","p2id":"davidnwa","formatid":"gen9nationaldexdoubles","rating":1168,"private":0,"password":""}