{"id":"gen9nationaldexdoubles-1972338279","p1":"Yu hung lo","p2":"thundervoltss","format":"[Gen 9] National Dex Doubles","log":"|j|\u2606Yu hung lo\n|j|\u2606thundervoltss\n|t:|1697832717\n|gametype|doubles\n|player|p1|Yu hung lo|janitor|1558\n|player|p2|thundervoltss|elesa-masters|1496\n|teamsize|p1|6\n|teamsize|p2|6\n|gen|9\n|tier|[Gen 9] National Dex Doubles\n|rated|\n|rule|HP Percentage Mod: HP is shown in percentages\n|rule|Endless Battle Clause: Forcing endless battles is banned\n|rule|OHKO Clause: OHKO moves are banned\n|rule|Evasion Moves Clause: Evasion moves are banned\n|rule|Evasion Abilities Clause: Evasion abilities are banned\n|rule|Species Clause: Limit one of each Pok\u00e9mon\n|rule|Gravity Sleep Clause: The combination of sleep-inducing moves with imperfect accuracy and Gravity or Gigantamax Orbeetle are banned\n|clearpoke\n|poke|p1|Mawile, F|\n|poke|p1|Grimmsnarl, M|\n|poke|p1|Incineroar, F|\n|poke|p1|Rillaboom, F|\n|poke|p1|Blastoise, F|\n|poke|p1|Dragapult, M|\n|poke|p2|Grimmsnarl, M|\n|poke|p2|Spectrier|\n|poke|p2|Urshifu-*, M|\n|poke|p2|Rillaboom, F|\n|poke|p2|Incineroar, M|\n|poke|p2|Primarina, F|\n|teampreview\n|inactive|Battle timer is ON: inactive players will automatically lose when time's up. (requested by Yu hung lo)\n|\n|t:|1697832745\n|start\n|switch|p1a: Grimmsnarl|Grimmsnarl, M|100\/100\n|switch|p1b: Rillaboom|Rillaboom, F|100\/100\n|switch|p2a: Pop fizz|Grimmsnarl, M|100\/100\n|switch|p2b: Trap shadow|Spectrier|100\/100\n|-fieldstart|move: Grassy Terrain|[from] ability: Grassy Surge|[of] p1b: Rillaboom\n|turn|1\n|\n|t:|1697832777\n|switch|p1b: Incineroar|Incineroar, F|100\/100\n|-ability|p1b: Incineroar|Intimidate|boost\n|-unboost|p2a: Pop fizz|atk|1\n|-unboost|p2b: Trap shadow|atk|1\n|move|p2a: Pop fizz|Reflect|p2a: Pop fizz\n|-sidestart|p2: thundervoltss|Reflect\n|move|p2b: Trap shadow|Taunt|p1a: Grimmsnarl\n|-start|p1a: Grimmsnarl|move: Taunt\n|move|p1a: Grimmsnarl|Spirit Break|p2a: Pop fizz\n|-supereffective|p2a: Pop fizz\n|-damage|p2a: Pop fizz|59\/100\n|-unboost|p2a: Pop fizz|spa|1\n|\n|-heal|p2a: Pop fizz|65\/100|[from] Grassy Terrain\n|upkeep\n|turn|2\n|inactive|thundervoltss has 120 seconds left.\n|inactive|Yu hung lo has 120 seconds left.\n|\n|t:|1697832831\n|switch|p2a: Wildfire|Incineroar, M|100\/100\n|-ability|p2a: Wildfire|Intimidate|boost\n|-unboost|p1a: Grimmsnarl|atk|1\n|-unboost|p1b: Incineroar|atk|1\n|move|p2b: Trap shadow|Will-O-Wisp|p1a: Grimmsnarl\n|-status|p1a: Grimmsnarl|brn\n|move|p1b: Incineroar|Snarl|p2a: Wildfire|[spread] p2a,p2b\n|-resisted|p2a: Wildfire\n|-supereffective|p2b: Trap shadow\n|-damage|p2a: Wildfire|96\/100\n|-damage|p2b: Trap shadow|78\/100\n|-unboost|p2a: Wildfire|spa|1\n|-unboost|p2b: Trap shadow|spa|1\n|move|p1a: Grimmsnarl|Spirit Break|p2a: Wildfire\n|-crit|p2a: Wildfire\n|-damage|p2a: Wildfire|79\/100\n|-unboost|p2a: Wildfire|spa|1\n|\n|-heal|p2b: Trap shadow|84\/100|[from] Grassy Terrain\n|-heal|p2a: Wildfire|85\/100|[from] Grassy Terrain\n|-damage|p1a: Grimmsnarl|94\/100 brn|[from] brn\n|upkeep\n|turn|3\n|inactive|thundervoltss has 120 seconds left.\n|inactive|Yu hung lo has 120 seconds left.\n|\n|t:|1697832861\n|switch|p2b: Punk Shock|Primarina, F|100\/100\n|switch|p1b: Blastoise|Blastoise, F|100\/100\n|move|p2a: Wildfire|Flare Blitz|p1a: Grimmsnarl\n|-damage|p1a: Grimmsnarl|48\/100 brn\n|-damage|p2a: Wildfire|70\/100|[from] Recoil\n|move|p1a: Grimmsnarl|Spirit Break|p2b: Punk Shock\n|-damage|p2b: Punk Shock|93\/100\n|-unboost|p2b: Punk Shock|spa|1\n|\n|-heal|p1a: Grimmsnarl|54\/100 brn|[from] Grassy Terrain\n|-heal|p2a: Wildfire|76\/100|[from] Grassy Terrain\n|-heal|p2b: Punk Shock|99\/100|[from] Grassy Terrain\n|-damage|p1a: Grimmsnarl|48\/100 brn|[from] brn\n|-end|p1a: Grimmsnarl|move: Taunt\n|upkeep\n|turn|4\n|inactive|thundervoltss has 120 seconds left.\n|inactive|Yu hung lo has 120 seconds left.\n|\n|t:|1697832891\n|switch|p2a: Turbo charge DK|Rillaboom, F|100\/100\n|move|p1b: Blastoise|Fake Out|p2b: Punk Shock\n|-damage|p2b: Punk Shock|93\/100\n|move|p1a: Grimmsnarl|Reflect|p1a: Grimmsnarl\n|-sidestart|p1: Yu hung lo|Reflect\n|cant|p2b: Punk Shock|flinch\n|\n|-heal|p1a: Grimmsnarl|54\/100 brn|[from] Grassy Terrain\n|-heal|p2b: Punk Shock|99\/100|[from] Grassy Terrain\n|-damage|p1a: Grimmsnarl|48\/100 brn|[from] brn\n|upkeep\n|turn|5\n|inactive|thundervoltss has 120 seconds left.\n|\n|t:|1697832911\n|switch|p1b: Incineroar|Incineroar, F|100\/100\n|-ability|p1b: Incineroar|Intimidate|boost\n|-unboost|p2a: Turbo charge DK|atk|1\n|-unboost|p2b: Punk Shock|atk|1\n|switch|p1a: Mawile|Mawile, F|100\/100\n|move|p2a: Turbo charge DK|Fake Out|p1a: Mawile\n|-resisted|p1a: Mawile\n|-damage|p1a: Mawile|97\/100\n|move|p2b: Punk Shock|Dazzling Gleam|p1a: Mawile|[spread] p1a,p1b\n|-resisted|p1a: Mawile\n|-damage|p1a: Mawile|78\/100\n|-damage|p1b: Incineroar|84\/100\n|\n|-heal|p1b: Incineroar|90\/100|[from] Grassy Terrain\n|-heal|p2b: Punk Shock|100\/100|[from] Grassy Terrain\n|-heal|p1a: Mawile|84\/100|[from] Grassy Terrain\n|-fieldend|move: Grassy Terrain\n|upkeep\n|turn|6\n|inactive|thundervoltss has 120 seconds left.\n|c|\u2606thundervoltss|none intimidate mawile?\n|j| Tarifa Zero\n|inactive|Yu hung lo has 120 seconds left.\n|\n|t:|1697832959\n|detailschange|p1a: Mawile|Mawile-Mega, F\n|-mega|p1a: Mawile|Mawile|Mawilite\n|-terastallize|p2a: Turbo charge DK|Fire\n|move|p2a: Turbo charge DK|Knock Off|p1b: Incineroar\n|-resisted|p1b: Incineroar\n|-damage|p1b: Incineroar|83\/100\n|-enditem|p1b: Incineroar|Safety Goggles|[from] move: Knock Off|[of] p2a: Turbo charge DK\n|move|p1b: Incineroar|Parting Shot|p2a: Turbo charge DK\n|-unboost|p2a: Turbo charge DK|atk|1\n|-unboost|p2a: Turbo charge DK|spa|1\n|\n|t:|1697832978\n|switch|p1b: Rillaboom|Rillaboom, F|100\/100|[from] Parting Shot\n|-fieldstart|move: Grassy Terrain|[from] ability: Grassy Surge|[of] p1b: Rillaboom\n|move|p2b: Punk Shock|Hyper Voice|p1a: Mawile|[spread] p1a,p1b\n|-resisted|p1b: Rillaboom\n|-crit|p1b: Rillaboom\n|-damage|p1a: Mawile|52\/100\n|-damage|p1b: Rillaboom|82\/100\n|-enditem|p2b: Punk Shock|Throat Spray\n|-boost|p2b: Punk Shock|spa|1|[from] item: Throat Spray\n|move|p1a: Mawile|Play Rough|p2b: Punk Shock\n|-damage|p2b: Punk Shock|24\/100\n|\n|-heal|p1b: Rillaboom|88\/100|[from] Grassy Terrain\n|-heal|p2b: Punk Shock|30\/100|[from] Grassy Terrain\n|-heal|p1a: Mawile|58\/100|[from] Grassy Terrain\n|upkeep\n|turn|7\n|inactive|thundervoltss has 120 seconds left.\n|inactive|Yu hung lo has 120 seconds left.\n|inactive|thundervoltss has 90 seconds left.\n|\n|t:|1697833014\n|move|p2a: Turbo charge DK|U-turn|p1b: Rillaboom\n|-supereffective|p1b: Rillaboom\n|-damage|p1b: Rillaboom|75\/100\n|\n|t:|1697833017\n|switch|p2a: Wildfire|Incineroar, M|76\/100|[from] U-turn\n|-ability|p2a: Wildfire|Intimidate|boost\n|-unboost|p1a: Mawile|atk|1\n|-unboost|p1b: Rillaboom|atk|1\n|move|p1b: Rillaboom|U-turn|p2a: Wildfire\n|-damage|p2a: Wildfire|68\/100\n|c|\u2606thundervoltss|lmao\n|\n|t:|1697833028\n|switch|p1b: Dragapult|Dragapult, M|100\/100|[from] U-turn\n|move|p2b: Punk Shock|Ice Beam|p1b: Dragapult\n|-supereffective|p1b: Dragapult\n|-damage|p1b: Dragapult|2\/100\n|move|p1a: Mawile|Play Rough|p2b: Punk Shock\n|-damage|p2b: Punk Shock|0 fnt\n|faint|p2b: Punk Shock\n|\n|-heal|p1b: Dragapult|8\/100|[from] Grassy Terrain\n|-heal|p2a: Wildfire|74\/100|[from] Grassy Terrain\n|-heal|p1a: Mawile|64\/100|[from] Grassy Terrain\n|upkeep\n|\n|t:|1697833036\n|switch|p2b: Grave clobber|Urshifu-Rapid-Strike, M|100\/100\n|turn|8\n|inactive|Yu hung lo has 120 seconds left.\n|inactive|thundervoltss has 120 seconds left.\n|l| Tarifa Zero\n|\n|t:|1697833057\n|switch|p1b: Blastoise|Blastoise, F|100\/100\n|switch|p1a: Rillaboom|Rillaboom, F|75\/100\n|move|p2a: Wildfire|Fake Out|p1a: Rillaboom\n|-damage|p1a: Rillaboom|68\/100\n|move|p2b: Grave clobber|Swords Dance|p2b: Grave clobber\n|-boost|p2b: Grave clobber|atk|2\n|\n|-heal|p1a: Rillaboom|74\/100|[from] Grassy Terrain\n|-heal|p2a: Wildfire|80\/100|[from] Grassy Terrain\n|-sideend|p2: thundervoltss|Reflect\n|upkeep\n|turn|9\n|inactive|Yu hung lo has 120 seconds left.\n|\n|t:|1697833078\n|move|p2b: Grave clobber|Detect|p2b: Grave clobber\n|-singleturn|p2b: Grave clobber|Protect\n|move|p1b: Blastoise|Follow Me|p1b: Blastoise\n|-singleturn|p1b: Blastoise|move: Follow Me\n|move|p1a: Rillaboom|Wood Hammer|p2b: Grave clobber\n|-activate|p2b: Grave clobber|move: Protect\n|move|p2a: Wildfire|Flare Blitz|p1b: Blastoise\n|-resisted|p1b: Blastoise\n|-damage|p1b: Blastoise|88\/100\n|-damage|p2a: Wildfire|77\/100|[from] Recoil\n|\n|-heal|p1a: Rillaboom|81\/100|[from] Grassy Terrain\n|-heal|p1b: Blastoise|94\/100|[from] Grassy Terrain\n|-heal|p2a: Wildfire|83\/100|[from] Grassy Terrain\n|upkeep\n|turn|10\n|\n|t:|1697833099\n|move|p1b: Blastoise|Follow Me|p1b: Blastoise\n|-singleturn|p1b: Blastoise|move: Follow Me\n|move|p2b: Grave clobber|Surging Strikes|p1b: Blastoise\n|-resisted|p1b: Blastoise\n|-crit|p1b: Blastoise\n|-damage|p1b: Blastoise|79\/100\n|-resisted|p1b: Blastoise\n|-crit|p1b: Blastoise\n|-damage|p1b: Blastoise|65\/100\n|-resisted|p1b: Blastoise\n|-crit|p1b: Blastoise\n|-damage|p1b: Blastoise|49\/100\n|-enditem|p1b: Blastoise|Sitrus Berry|[eat]\n|-heal|p1b: Blastoise|73\/100|[from] item: Sitrus Berry\n|-hitcount|p1b: Blastoise|3\n|move|p1a: Rillaboom|Wood Hammer|p2b: Grave clobber\n|-supereffective|p2b: Grave clobber\n|-damage|p2b: Grave clobber|0 fnt\n|faint|p2b: Grave clobber\n|-damage|p1a: Rillaboom|49\/100|[from] Recoil\n|move|p2a: Wildfire|Parting Shot|p1b: Blastoise\n|-unboost|p1b: Blastoise|atk|1\n|-unboost|p1b: Blastoise|spa|1\n|\n|t:|1697833106\n|switch|p2a: Pop fizz|Grimmsnarl, M|65\/100|[from] Parting Shot\n|\n|-heal|p1a: Rillaboom|56\/100|[from] Grassy Terrain\n|-heal|p1b: Blastoise|79\/100|[from] Grassy Terrain\n|-heal|p2a: Pop fizz|71\/100|[from] Grassy Terrain\n|-fieldend|move: Grassy Terrain\n|upkeep\n|\n|t:|1697833111\n|switch|p2b: Wildfire|Incineroar, M|83\/100\n|-ability|p2b: Wildfire|Intimidate|boost\n|-unboost|p1a: Rillaboom|atk|1\n|-unboost|p1b: Blastoise|atk|1\n|turn|11\n|\n|t:|1697833125\n|switch|p1a: Incineroar|Incineroar, F|83\/100\n|-ability|p1a: Incineroar|Intimidate|boost\n|-unboost|p2a: Pop fizz|atk|1\n|-unboost|p2b: Wildfire|atk|1\n|switch|p1b: Grimmsnarl|Grimmsnarl, M|48\/100 brn\n|move|p2a: Pop fizz|Reflect|p2a: Pop fizz\n|-sidestart|p2: thundervoltss|Reflect\n|move|p2b: Wildfire|Flare Blitz|p1a: Incineroar\n|-resisted|p1a: Incineroar\n|-damage|p1a: Incineroar|73\/100\n|-damage|p2b: Wildfire|79\/100|[from] Recoil\n|\n|-damage|p1b: Grimmsnarl|41\/100 brn|[from] brn\n|-sideend|p1: Yu hung lo|Reflect\n|upkeep\n|turn|12\n|\n|t:|1697833133\n|move|p2b: Wildfire|Snatch|p2b: Wildfire\n|-singleturn|p2b: Wildfire|Snatch\n|move|p2a: Pop fizz|Spirit Break|p1b: Grimmsnarl\n|-supereffective|p1b: Grimmsnarl\n|-damage|p1b: Grimmsnarl|0 fnt\n|faint|p1b: Grimmsnarl\n|move|p1a: Incineroar|Flare Blitz|p2a: Pop fizz\n|-damage|p2a: Pop fizz|40\/100\n|-damage|p1a: Incineroar|63\/100|[from] Recoil\n|\n|upkeep\n|\n|t:|1697833151\n|switch|p1b: Mawile|Mawile-Mega, F|64\/100\n|turn|13\n|\n|t:|1697833165\n|move|p1b: Mawile|Protect|p1b: Mawile\n|-singleturn|p1b: Mawile|Protect\n|move|p2a: Pop fizz|Thunder Wave|p1b: Mawile\n|-activate|p1b: Mawile|move: Protect\n|move|p1a: Incineroar|Parting Shot|p2b: Wildfire\n|-unboost|p2b: Wildfire|atk|1\n|-unboost|p2b: Wildfire|spa|1\n|\n|t:|1697833169\n|switch|p1a: Blastoise|Blastoise, F|79\/100|[from] Parting Shot\n|move|p2b: Wildfire|Flare Blitz|p1b: Mawile\n|-activate|p1b: Mawile|move: Protect\n|\n|upkeep\n|turn|14\n|\n|t:|1697833179\n|switch|p2b: Trap shadow|Spectrier|84\/100\n|move|p1a: Blastoise|Fake Out|p2b: Trap shadow\n|-immune|p2b: Trap shadow\n|move|p2a: Pop fizz|Thunder Wave|p1a: Blastoise\n|-status|p1a: Blastoise|par\n|move|p1b: Mawile|Iron Head|p2a: Pop fizz\n|-supereffective|p2a: Pop fizz\n|-damage|p2a: Pop fizz|0 fnt\n|faint|p2a: Pop fizz\n|\n|upkeep\n|\n|t:|1697833192\n|switch|p2a: Turbo charge DK|Rillaboom, F, tera:Fire|100\/100\n|-fieldstart|move: Grassy Terrain|[from] ability: Grassy Surge|[of] p2a: Turbo charge DK\n|turn|15\n|\n|t:|1697833211\n|switch|p1a: Incineroar|Incineroar, F|63\/100\n|-ability|p1a: Incineroar|Intimidate|boost\n|-unboost|p2a: Turbo charge DK|atk|1\n|-unboost|p2b: Trap shadow|atk|1\n|move|p1b: Mawile|Protect|p1b: Mawile\n|-singleturn|p1b: Mawile|Protect\n|move|p2a: Turbo charge DK|Grassy Glide|p1b: Mawile\n|-activate|p1b: Mawile|move: Protect\n|move|p2b: Trap shadow|Shadow Ball|p1b: Mawile\n|-activate|p1b: Mawile|move: Protect\n|\n|-heal|p2b: Trap shadow|90\/100|[from] Grassy Terrain\n|-heal|p1a: Incineroar|69\/100|[from] Grassy Terrain\n|-heal|p1b: Mawile|70\/100|[from] Grassy Terrain\n|upkeep\n|turn|16\n|\n|t:|1697833232\n|switch|p2a: Wildfire|Incineroar, M|79\/100\n|-ability|p2a: Wildfire|Intimidate|boost\n|-unboost|p1a: Incineroar|atk|1\n|-unboost|p1b: Mawile|atk|1\n|switch|p1b: Blastoise|Blastoise, F|79\/100 par\n|move|p2b: Trap shadow|Will-O-Wisp||[still]\n|-fail|p2b: Trap shadow\n|move|p1a: Incineroar|Snarl|p2b: Trap shadow|[spread] p2b\n|-miss|p1a: Incineroar|p2a: Wildfire\n|-supereffective|p2b: Trap shadow\n|-damage|p2b: Trap shadow|69\/100\n|-unboost|p2b: Trap shadow|spa|1\n|\n|-heal|p2b: Trap shadow|75\/100|[from] Grassy Terrain\n|-heal|p1a: Incineroar|75\/100|[from] Grassy Terrain\n|-heal|p2a: Wildfire|85\/100|[from] Grassy Terrain\n|-heal|p1b: Blastoise|85\/100 par|[from] Grassy Terrain\n|upkeep\n|turn|17\n|\n|t:|1697833251\n|move|p2a: Wildfire|Fake Out|p1a: Incineroar\n|-damage|p1a: Incineroar|66\/100\n|move|p2b: Trap shadow|Shadow Ball|p1b: Blastoise\n|-damage|p1b: Blastoise|66\/100 par\n|cant|p1a: Incineroar|flinch\n|move|p1b: Blastoise|Scald|p2b: Trap shadow\n|-damage|p2b: Trap shadow|52\/100\n|\n|-heal|p2b: Trap shadow|58\/100|[from] Grassy Terrain\n|-heal|p1a: Incineroar|72\/100|[from] Grassy Terrain\n|-heal|p2a: Wildfire|91\/100|[from] Grassy Terrain\n|-heal|p1b: Blastoise|72\/100 par|[from] Grassy Terrain\n|upkeep\n|turn|18\n|\n|t:|1697833275\n|move|p2b: Trap shadow|Shadow Ball|p1b: Blastoise\n|-damage|p1b: Blastoise|51\/100 par\n|move|p1a: Incineroar|Parting Shot|p2b: Trap shadow\n|-unboost|p2b: Trap shadow|atk|1\n|-unboost|p2b: Trap shadow|spa|1\n|\n|t:|1697833298\n|switch|p1a: Dragapult|Dragapult, M|8\/100|[from] Parting Shot\n|move|p2a: Wildfire|Parting Shot|p1a: Dragapult\n|-fail|p1a: Dragapult|unboost|[from] ability: Clear Body|[of] p1a: Dragapult\n|cant|p1b: Blastoise|par\n|\n|-heal|p1a: Dragapult|14\/100|[from] Grassy Terrain\n|-heal|p2b: Trap shadow|64\/100|[from] Grassy Terrain\n|-heal|p2a: Wildfire|97\/100|[from] Grassy Terrain\n|-heal|p1b: Blastoise|57\/100 par|[from] Grassy Terrain\n|-sideend|p2: thundervoltss|Reflect\n|upkeep\n|turn|19\n|\n|t:|1697833317\n|switch|p2b: Turbo charge DK|Rillaboom, F, tera:Fire|100\/100\n|switch|p1b: Incineroar|Incineroar, F|72\/100\n|-ability|p1b: Incineroar|Intimidate|boost\n|-unboost|p2a: Wildfire|atk|1\n|-unboost|p2b: Turbo charge DK|atk|1\n|-terastallize|p1a: Dragapult|Ghost\n|move|p1a: Dragapult|Phantom Force||[still]\n|-prepare|p1a: Dragapult|Phantom Force\n|move|p2a: Wildfire|Parting Shot|p1b: Incineroar\n|-unboost|p1b: Incineroar|atk|1\n|-unboost|p1b: Incineroar|spa|1\n|\n|t:|1697833322\n|switch|p2a: Trap shadow|Spectrier|64\/100|[from] Parting Shot\n|\n|-heal|p2a: Trap shadow|70\/100|[from] Grassy Terrain\n|-heal|p1b: Incineroar|78\/100|[from] Grassy Terrain\n|-fieldend|move: Grassy Terrain\n|upkeep\n|turn|20\n|\n|t:|1697833344\n|move|p1a: Dragapult|Phantom Force|p2b: Turbo charge DK|[from]lockedmove\n|-damage|p2b: Turbo charge DK|25\/100\n|move|p2a: Trap shadow|Shadow Ball|p1a: Dragapult\n|-supereffective|p1a: Dragapult\n|-damage|p1a: Dragapult|0 fnt\n|faint|p1a: Dragapult\n|-ability|p2a: Trap shadow|Grim Neigh|boost\n|-boost|p2a: Trap shadow|spa|1\n|move|p2b: Turbo charge DK|U-turn|p1b: Incineroar\n|-damage|p1b: Incineroar|65\/100\n|\n|t:|1697833347\n|switch|p2b: Wildfire|Incineroar, M|97\/100|[from] U-turn\n|-ability|p2b: Wildfire|Intimidate|boost\n|-unboost|p1b: Incineroar|atk|1\n|move|p1b: Incineroar|Flare Blitz|p2b: Wildfire\n|-resisted|p2b: Wildfire\n|-damage|p2b: Wildfire|88\/100\n|-damage|p1b: Incineroar|62\/100|[from] Recoil\n|\n|upkeep\n|\n|t:|1697833361\n|switch|p1a: Blastoise|Blastoise, F|57\/100 par\n|turn|21\n|-message|Yu hung lo forfeited.\n|\n|win|thundervoltss\n|raw|Yu hung lo's rating: 1558 &rarr; <strong>1534<\/strong><br \/>(-24 for losing)\n|raw|thundervoltss's rating: 1496 &rarr; <strong>1520<\/strong><br \/>(+24 for winning)\n|l|\u2606Yu hung lo\n","uploadtime":1697833371,"views":15,"p1id":"yuhunglo","p2id":"thundervoltss","formatid":"gen9nationaldexdoubles","rating":1520,"private":0,"password":""}