{"id":"gen9nationaldexdoubles-1959569502","p1":"nombre epico.jpg","p2":"kitsu-aria","format":"[Gen 9] National Dex Doubles","log":"|j|\u2606nombre epico.jpg\n|j|\u2606kitsu-aria\n|t:|1696438128\n|gametype|doubles\n|player|p1|nombre epico.jpg|lisia-masters|1275\n|player|p2|kitsu-aria|rocketgruntf|1526\n|teamsize|p1|6\n|teamsize|p2|6\n|gen|9\n|tier|[Gen 9] National Dex Doubles\n|rated|\n|rule|HP Percentage Mod: HP is shown in percentages\n|rule|Endless Battle Clause: Forcing endless battles is banned\n|rule|OHKO Clause: OHKO moves are banned\n|rule|Evasion Moves Clause: Evasion moves are banned\n|rule|Evasion Abilities Clause: Evasion abilities are banned\n|rule|Species Clause: Limit one of each Pok\u00e9mon\n|rule|Gravity Sleep Clause: The combination of sleep-inducing moves with imperfect accuracy and Gravity or Gigantamax Orbeetle are banned\n|clearpoke\n|poke|p1|Weavile, F|\n|poke|p1|Ribombee, F|\n|poke|p1|Dragonite, F|\n|poke|p1|Gliscor, M|\n|poke|p1|Metagross|\n|poke|p1|Manaphy|\n|poke|p2|Marshadow|\n|poke|p2|Incineroar, M|\n|poke|p2|Flutter Mane|\n|poke|p2|Kangaskhan, F|\n|poke|p2|Glimmora, M|\n|poke|p2|Mimikyu, F|\n|teampreview\n|\n|t:|1696438153\n|start\n|switch|p1a: Weavile|Weavile, F|100\/100\n|switch|p1b: Ribombee|Ribombee, F, shiny|100\/100\n|switch|p2a: Glimmora|Glimmora, M|100\/100\n|switch|p2b: Incineroar|Incineroar, M|100\/100\n|-ability|p1a: Weavile|Pressure\n|-ability|p2b: Incineroar|Intimidate|boost\n|-unboost|p1a: Weavile|atk|1\n|-unboost|p1b: Ribombee|atk|1\n|turn|1\n|\n|t:|1696438171\n|switch|p1a: Gliscor|Gliscor, M, shiny|100\/100\n|move|p2b: Incineroar|Fake Out|p1a: Gliscor\n|-damage|p1a: Gliscor|90\/100\n|move|p1b: Ribombee|Reflect|p1b: Ribombee\n|-sidestart|p1: nombre epico.jpg|Reflect\n|move|p2a: Glimmora|Stealth Rock|p1a: Gliscor\n|-sidestart|p1: nombre epico.jpg|move: Stealth Rock\n|\n|-status|p1a: Gliscor|tox|[from] item: Toxic Orb\n|upkeep\n|turn|2\n|\n|t:|1696438187\n|move|p1b: Ribombee|Sticky Web|p2a: Glimmora\n|-sidestart|p2: kitsu-aria|move: Sticky Web\n|move|p2a: Glimmora|Power Gem|p1b: Ribombee\n|-supereffective|p1b: Ribombee\n|-damage|p1b: Ribombee|0 fnt\n|faint|p1b: Ribombee\n|move|p1a: Gliscor|Earthquake|p2b: Incineroar|[spread] p2a,p2b\n|-supereffective|p2a: Glimmora\n|-supereffective|p2b: Incineroar\n|-enditem|p2a: Glimmora|Focus Sash\n|-damage|p2a: Glimmora|1\/100\n|-damage|p2b: Incineroar|61\/100\n|-activate|p2a: Glimmora|ability: Toxic Debris\n|-sidestart|p1: nombre epico.jpg|move: Toxic Spikes\n|move|p2b: Incineroar|Knock Off|p1a: Gliscor\n|-damage|p1a: Gliscor|68\/100 tox\n|-enditem|p1a: Gliscor|Toxic Orb|[from] move: Knock Off|[of] p2b: Incineroar\n|\n|-heal|p1a: Gliscor|81\/100 tox|[from] ability: Poison Heal\n|upkeep\n|\n|t:|1696438215\n|switch|p1b: Metagross|Metagross, shiny|100\/100\n|-damage|p1b: Metagross|94\/100|[from] Stealth Rock\n|turn|3\n|\n|t:|1696438228\n|move|p1b: Metagross|Protect|p1b: Metagross\n|-singleturn|p1b: Metagross|Protect\n|move|p2a: Glimmora|Mortal Spin|p1a: Gliscor|[spread] p1a\n|-activate|p1b: Metagross|move: Protect\n|-resisted|p1a: Gliscor\n|-damage|p1a: Gliscor|79\/100 tox\n|-sideend|p2: kitsu-aria|Sticky Web|[from] move: Mortal Spin|[of] p2a: Glimmora\n|move|p1a: Gliscor|Earthquake|p2b: Incineroar|[spread] p2a,p2b\n|-activate|p1b: Metagross|move: Protect\n|-supereffective|p2a: Glimmora\n|-supereffective|p2b: Incineroar\n|-damage|p2a: Glimmora|0 fnt\n|-damage|p2b: Incineroar|24\/100\n|-activate|p2a: Glimmora|ability: Toxic Debris\n|-sidestart|p1: nombre epico.jpg|move: Toxic Spikes\n|-enditem|p2b: Incineroar|Sitrus Berry|[eat]\n|-heal|p2b: Incineroar|49\/100|[from] item: Sitrus Berry\n|faint|p2a: Glimmora\n|move|p2b: Incineroar|Flare Blitz|p1b: Metagross\n|-activate|p1b: Metagross|move: Protect\n|\n|-heal|p1a: Gliscor|92\/100 tox|[from] ability: Poison Heal\n|upkeep\n|\n|t:|1696438238\n|switch|p2a: Kangaskhan|Kangaskhan, F|100\/100\n|turn|4\n|\n|t:|1696438260\n|detailschange|p2a: Kangaskhan|Kangaskhan-Mega, F\n|-mega|p2a: Kangaskhan|Kangaskhan|Kangaskhanite\n|detailschange|p1b: Metagross|Metagross-Mega, shiny\n|-mega|p1b: Metagross|Metagross|Metagrossite\n|move|p1a: Gliscor|Protect|p1a: Gliscor\n|-singleturn|p1a: Gliscor|Protect\n|move|p2a: Kangaskhan|Fake Out|p1a: Gliscor\n|-activate|p1a: Gliscor|move: Protect\n|move|p1b: Metagross|Zen Headbutt|p2a: Kangaskhan\n|-damage|p2a: Kangaskhan|53\/100\n|move|p2b: Incineroar|Flare Blitz|p1b: Metagross\n|-supereffective|p1b: Metagross\n|-damage|p1b: Metagross|47\/100\n|-damage|p2b: Incineroar|37\/100|[from] Recoil\n|\n|-heal|p1a: Gliscor|100\/100 tox|[from] ability: Poison Heal\n|upkeep\n|turn|5\n|\n|t:|1696438279\n|move|p1b: Metagross|Protect|p1b: Metagross\n|-singleturn|p1b: Metagross|Protect\n|move|p2a: Kangaskhan|Seismic Toss|p1b: Metagross\n|-activate|p1b: Metagross|move: Protect\n|move|p1a: Gliscor|Earthquake|p2a: Kangaskhan|[spread] p2a,p2b\n|-activate|p1b: Metagross|move: Protect\n|-supereffective|p2b: Incineroar\n|-damage|p2a: Kangaskhan|28\/100\n|-damage|p2b: Incineroar|0 fnt\n|faint|p2b: Incineroar\n|\n|upkeep\n|\n|t:|1696438292\n|switch|p2b: Marshadow|Marshadow|100\/100\n|turn|6\n|\n|t:|1696438304\n|move|p2a: Kangaskhan|Protect|p2a: Kangaskhan\n|-singleturn|p2a: Kangaskhan|Protect\n|move|p1b: Metagross|Bullet Punch|p2a: Kangaskhan\n|-activate|p2a: Kangaskhan|move: Protect\n|move|p2b: Marshadow|Spectral Thief|p1b: Metagross\n|-supereffective|p1b: Metagross\n|-damage|p1b: Metagross|0 fnt\n|faint|p1b: Metagross\n|move|p1a: Gliscor|Dual Wingbeat|p2b: Marshadow\n|-supereffective|p2b: Marshadow\n|-damage|p2b: Marshadow|59\/100\n|-supereffective|p2b: Marshadow\n|-damage|p2b: Marshadow|20\/100\n|-hitcount|p2b: Marshadow|2\n|\n|upkeep\n|\n|t:|1696438322\n|switch|p1b: Dragonite|Dragonite, F|100\/100\n|-damage|p1b: Dragonite|76\/100|[from] Stealth Rock\n|turn|7\n|\n|t:|1696438331\n|move|p2b: Marshadow|Protect|p2b: Marshadow\n|-singleturn|p2b: Marshadow|Protect\n|move|p1b: Dragonite|Extreme Speed|p2a: Kangaskhan\n|-damage|p2a: Kangaskhan|5\/100\n|move|p2a: Kangaskhan|Seismic Toss|p1b: Dragonite\n|-damage|p1b: Dragonite|45\/100\n|-damage|p1b: Dragonite|14\/100\n|-hitcount|p1b: Dragonite|2\n|move|p1a: Gliscor|Dual Wingbeat|p2b: Marshadow\n|-activate|p2b: Marshadow|move: Protect\n|\n|upkeep\n|turn|8\n|\n|t:|1696438357\n|switch|p2a: Mimikyu|Mimikyu, F|100\/100\n|move|p2b: Marshadow|Spectral Thief|p1b: Dragonite\n|-damage|p1b: Dragonite|0 fnt\n|faint|p1b: Dragonite\n|move|p1a: Gliscor|Earthquake|p2a: Mimikyu|[spread] p2a,p2b\n|-activate|p2a: Mimikyu|ability: Disguise\n|-damage|p2a: Mimikyu|100\/100\n|-damage|p2b: Marshadow|0 fnt\n|detailschange|p2a: Mimikyu|Mimikyu-Busted, F\n|-damage|p2a: Mimikyu|88\/100|[from] pokemon: Mimikyu-Busted\n|faint|p2b: Marshadow\n|\n|-sideend|p1: nombre epico.jpg|Reflect\n|upkeep\n|\n|t:|1696438376\n|switch|p2b: Kangaskhan|Kangaskhan-Mega, F|5\/100\n|switch|p1b: Manaphy|Manaphy, shiny|100\/100\n|-damage|p1b: Manaphy|88\/100|[from] Stealth Rock\n|-status|p1b: Manaphy|tox\n|turn|9\n|\n|t:|1696438395\n|move|p1a: Gliscor|Protect|p1a: Gliscor\n|-singleturn|p1a: Gliscor|Protect\n|move|p2b: Kangaskhan|Seismic Toss|p1a: Gliscor\n|-activate|p1a: Gliscor|move: Protect\n|move|p2a: Mimikyu|Shadow Claw|p1b: Manaphy\n|-damage|p1b: Manaphy|69\/100 tox\n|move|p1b: Manaphy|Tail Glow|p1b: Manaphy\n|-boost|p1b: Manaphy|spa|3\n|\n|-damage|p1b: Manaphy|62\/100 tox|[from] psn\n|upkeep\n|turn|10\n|\n|t:|1696438411\n|-terastallize|p1b: Manaphy|Fairy\n|move|p2b: Kangaskhan|Seismic Toss|p1b: Manaphy\n|-damage|p1b: Manaphy|33\/100 tox\n|-enditem|p1b: Manaphy|Sitrus Berry|[eat]\n|-heal|p1b: Manaphy|58\/100 tox|[from] item: Sitrus Berry\n|-damage|p1b: Manaphy|29\/100 tox\n|-hitcount|p1b: Manaphy|2\n|move|p2a: Mimikyu|Taunt|p1b: Manaphy\n|-start|p1b: Manaphy|move: Taunt\n|move|p1b: Manaphy|Dazzling Gleam|p2b: Kangaskhan|[spread] p2a,p2b\n|-damage|p2a: Mimikyu|20\/100\n|-damage|p2b: Kangaskhan|0 fnt\n|faint|p2b: Kangaskhan\n|move|p1a: Gliscor|Dual Wingbeat|p2a: Mimikyu\n|-damage|p2a: Mimikyu|0 fnt\n|faint|p2a: Mimikyu\n|-hitcount|p2: Mimikyu|1\n|\n|-damage|p1b: Manaphy|16\/100 tox|[from] psn\n|upkeep\n|\n|t:|1696438421\n|switch|p2b: Flutter Mane|Flutter Mane|100\/100\n|-enditem|p2b: Flutter Mane|Booster Energy\n|-activate|p2b: Flutter Mane|ability: Protosynthesis|[fromitem]\n|-start|p2b: Flutter Mane|protosynthesisspe\n|turn|11\n|\n|t:|1696438439\n|-terastallize|p2b: Flutter Mane|Fairy\n|move|p2b: Flutter Mane|Dazzling Gleam|p1a: Gliscor|[spread] p1a,p1b\n|-damage|p1a: Gliscor|50\/100 tox\n|-damage|p1b: Manaphy|0 fnt\n|faint|p1b: Manaphy\n|move|p1a: Gliscor|Dual Wingbeat|p2b: Flutter Mane\n|-damage|p2b: Flutter Mane|63\/100\n|-damage|p2b: Flutter Mane|31\/100\n|-hitcount|p2b: Flutter Mane|2\n|\n|-heal|p1a: Gliscor|63\/100 tox|[from] ability: Poison Heal\n|upkeep\n|\n|t:|1696438452\n|switch|p1b: Weavile|Weavile, F|100\/100\n|-damage|p1b: Weavile|76\/100|[from] Stealth Rock\n|-status|p1b: Weavile|tox\n|-ability|p1b: Weavile|Pressure\n|turn|12\n|\n|t:|1696438462\n|move|p1b: Weavile|Ice Shard|p2b: Flutter Mane\n|-damage|p2b: Flutter Mane|0 fnt\n|faint|p2b: Flutter Mane\n|-end|p2b: Flutter Mane|Protosynthesis|[silent]\n|\n|win|nombre epico.jpg\n|raw|nombre epico.jpg's rating: 1275 &rarr; <strong>1315<\/strong><br \/>(+40 for winning)\n|raw|kitsu-aria's rating: 1526 &rarr; <strong>1494<\/strong><br \/>(-32 for losing)\n|l|\u2606kitsu-aria\n","uploadtime":1696438472,"views":11,"p1id":"nombreepicojpg","p2id":"kitsuaria","formatid":"gen9nationaldexdoubles","rating":1315,"private":0,"password":""}