{"id":"gen9nationaldexdoubles-1997881914","p1":"ToxicLily4","p2":"InferiorCizy","format":"[Gen 9] National Dex Doubles","log":"|j|\u2606ToxicLily4\n|j|\u2606InferiorCizy\n|t:|1700863209\n|gametype|doubles\n|player|p1|ToxicLily4|lady-gen4|1455\n|player|p2|InferiorCizy|lucas|1364\n|teamsize|p1|6\n|teamsize|p2|6\n|gen|9\n|tier|[Gen 9] National Dex Doubles\n|rated|\n|rule|HP Percentage Mod: HP is shown in percentages\n|rule|Endless Battle Clause: Forcing endless battles is banned\n|rule|OHKO Clause: OHKO moves are banned\n|rule|Evasion Moves Clause: Evasion moves are banned\n|rule|Evasion Abilities Clause: Evasion abilities are banned\n|rule|Species Clause: Limit one of each Pok\u00e9mon\n|rule|Gravity Sleep Clause: The combination of sleep-inducing moves with imperfect accuracy and Gravity or Gigantamax Orbeetle are banned\n|clearpoke\n|poke|p1|Medicham, M|\n|poke|p1|Ninetales-Alola, F|\n|poke|p1|Heatran, M|\n|poke|p1|Gastrodon-East, F|\n|poke|p1|Ogerpon-Wellspring, F|\n|poke|p1|Regieleki|\n|poke|p2|Amoonguss, F|\n|poke|p2|Palafin, M|\n|poke|p2|Incineroar, F|\n|poke|p2|Flutter Mane|\n|poke|p2|Ninetales-Alola, F|\n|poke|p2|Regieleki|\n|teampreview\n|c|\u2606ToxicLily4|Glhf\n|inactive|Battle timer is ON: inactive players will automatically lose when time's up. (requested by ToxicLily4)\n|\n|t:|1700863227\n|start\n|switch|p1a: Ninetales|Ninetales-Alola, F, shiny|100\/100\n|switch|p1b: Medicham|Medicham, M, shiny|100\/100\n|switch|p2a: Palafin|Palafin, M|100\/100\n|switch|p2b: Ninetales|Ninetales-Alola, F|100\/100\n|-weather|Snow|[from] ability: Snow Warning|[of] p2b: Ninetales\n|turn|1\n|\n|t:|1700863236\n|detailschange|p2a: Palafin|Palafin-Hero, M\n|switch|p2a: Incineroar|Incineroar, F|100\/100\n|-ability|p2a: Incineroar|Intimidate|boost\n|-unboost|p1a: Ninetales|atk|1\n|-unboost|p1b: Medicham|atk|1\n|detailschange|p1b: Medicham|Medicham-Mega, M, shiny\n|-mega|p1b: Medicham|Medicham|Medichamite\n|move|p1b: Medicham|Fake Out|p2b: Ninetales\n|-damage|p2b: Ninetales|84\/100\n|move|p1a: Ninetales|Aurora Veil|p1a: Ninetales\n|-sidestart|p1: ToxicLily4|move: Aurora Veil\n|cant|p2b: Ninetales|flinch\n|\n|-weather|Snow|[upkeep]\n|upkeep\n|turn|2\n|inactive|ToxicLily4 has 120 seconds left.\n|\n|t:|1700863277\n|switch|p2b: Flutter Mane|Flutter Mane|100\/100\n|move|p2a: Incineroar|Fake Out|p1b: Medicham\n|-damage|p1b: Medicham|86\/100\n|move|p1a: Ninetales|Blizzard|p2b: Flutter Mane|[spread] p2a,p2b\n|-resisted|p2a: Incineroar\n|-damage|p2a: Incineroar|87\/100\n|-damage|p2b: Flutter Mane|73\/100\n|cant|p1b: Medicham|flinch\n|\n|-weather|Snow|[upkeep]\n|upkeep\n|turn|3\n|\n|t:|1700863287\n|-terastallize|p2b: Flutter Mane|Fairy\n|move|p1a: Ninetales|Blizzard|p2a: Incineroar|[spread] p2a,p2b\n|-resisted|p2a: Incineroar\n|-damage|p2a: Incineroar|71\/100\n|-damage|p2b: Flutter Mane|42\/100\n|move|p2b: Flutter Mane|Moonblast|p1b: Medicham\n|-supereffective|p1b: Medicham\n|-damage|p1b: Medicham|0 fnt\n|faint|p1b: Medicham\n|move|p2a: Incineroar|Flare Blitz|p1a: Ninetales\n|-supereffective|p1a: Ninetales\n|-damage|p1a: Ninetales|21\/100\n|-damage|p2a: Incineroar|52\/100|[from] Recoil\n|\n|-weather|Snow|[upkeep]\n|upkeep\n|\n|t:|1700863296\n|switch|p1b: Regieleki|Regieleki, shiny|100\/100\n|turn|4\n|\n|t:|1700863302\n|-end|p2b: Flutter Mane|Protosynthesis|[silent]\n|switch|p2b: Amoonguss|Amoonguss, F|100\/100\n|move|p1b: Regieleki|Electroweb|p2a: Incineroar|[spread] p2a,p2b\n|-resisted|p2b: Amoonguss\n|-damage|p2a: Incineroar|26\/100\n|-damage|p2b: Amoonguss|89\/100\n|-unboost|p2a: Incineroar|spe|1\n|-unboost|p2b: Amoonguss|spe|1\n|-enditem|p2a: Incineroar|Sitrus Berry|[eat]\n|-heal|p2a: Incineroar|51\/100|[from] item: Sitrus Berry\n|move|p1a: Ninetales|Blizzard|p2a: Incineroar|[spread] p2a,p2b\n|-resisted|p2a: Incineroar\n|-supereffective|p2b: Amoonguss\n|-damage|p2a: Incineroar|37\/100\n|-damage|p2b: Amoonguss|36\/100\n|move|p2a: Incineroar|Flare Blitz|p1b: Regieleki\n|-damage|p1b: Regieleki|11\/100\n|-damage|p2a: Incineroar|14\/100|[from] Recoil\n|\n|-weather|Snow|[upkeep]\n|upkeep\n|turn|5\n|\n|t:|1700863312\n|move|p2b: Amoonguss|Protect|p2b: Amoonguss\n|-singleturn|p2b: Amoonguss|Protect\n|move|p1b: Regieleki|Electroweb|p2a: Incineroar|[spread] p2a\n|-activate|p2b: Amoonguss|move: Protect\n|-damage|p2a: Incineroar|0 fnt\n|faint|p2a: Incineroar\n|move|p1a: Ninetales|Blizzard|p2b: Amoonguss\n|-activate|p2b: Amoonguss|move: Protect\n|\n|-weather|none\n|upkeep\n|\n|t:|1700863320\n|switch|p2a: Regieleki|Regieleki|100\/100\n|turn|6\n|\n|t:|1700863336\n|switch|p1a: Gastrodon|Gastrodon-East, F, shiny|100\/100\n|switch|p2b: Ninetales|Ninetales-Alola, F|84\/100\n|-weather|Snow|[from] ability: Snow Warning|[of] p2b: Ninetales\n|move|p1b: Regieleki|Protect|p1b: Regieleki\n|-singleturn|p1b: Regieleki|Protect\n|move|p2a: Regieleki|Electroweb|p1b: Regieleki|[spread] \n|-activate|p1b: Regieleki|move: Protect\n|-immune|p1a: Gastrodon\n|\n|-weather|Snow|[upkeep]\n|upkeep\n|turn|7\n|inactive|ToxicLily4 has 120 seconds left.\n|\n|t:|1700863379\n|move|p2a: Regieleki|Thunderbolt|p1b: Regieleki\n|-resisted|p1b: Regieleki\n|-damage|p1b: Regieleki|0 fnt\n|faint|p1b: Regieleki\n|move|p2b: Ninetales|Freeze-Dry|p1a: Gastrodon\n|-supereffective|p1a: Gastrodon\n|-damage|p1a: Gastrodon|38\/100\n|move|p1a: Gastrodon|Yawn|p2a: Regieleki\n|-start|p2a: Regieleki|move: Yawn|[of] p1a: Gastrodon\n|\n|-weather|Snow|[upkeep]\n|-heal|p1a: Gastrodon|44\/100|[from] item: Leftovers\n|upkeep\n|\n|t:|1700863388\n|switch|p1b: Heatran|Heatran, M|100\/100\n|turn|8\n|\n|t:|1700863400\n|move|p2a: Regieleki|Volt Switch|p1b: Heatran\n|-damage|p1b: Heatran|85\/100\n|\n|t:|1700863406\n|switch|p2a: Palafin|Palafin-Hero, M|100\/100|[from] Volt Switch\n|-activate|p2a: Palafin|ability: Zero to Hero\n|move|p2b: Ninetales|Freeze-Dry|p1a: Gastrodon\n|-supereffective|p1a: Gastrodon\n|-damage|p1a: Gastrodon|0 fnt\n|faint|p1a: Gastrodon\n|move|p1b: Heatran|Eruption|p2a: Palafin|[spread] p2a,p2b\n|-resisted|p2a: Palafin\n|-supereffective|p2b: Ninetales\n|-crit|p2b: Ninetales\n|-damage|p2a: Palafin|77\/100\n|-damage|p2b: Ninetales|0 fnt\n|faint|p2b: Ninetales\n|\n|-weather|Snow|[upkeep]\n|-sideend|p1: ToxicLily4|move: Aurora Veil\n|upkeep\n|\n|t:|1700863422\n|switch|p2b: Amoonguss|Amoonguss, F|69\/100\n|switch|p1a: Ogerpon|Ogerpon-Wellspring, F|100\/100\n|turn|9\n|\n|t:|1700863433\n|move|p2a: Palafin|Protect|p2a: Palafin\n|-singleturn|p2a: Palafin|Protect\n|move|p1a: Ogerpon|Horn Leech|p2a: Palafin\n|-activate|p2a: Palafin|move: Protect\n|move|p1b: Heatran|Eruption|p2b: Amoonguss|[spread] p2b\n|-activate|p2a: Palafin|move: Protect\n|-supereffective|p2b: Amoonguss\n|-damage|p2b: Amoonguss|0 fnt\n|faint|p2b: Amoonguss\n|\n|-weather|Snow|[upkeep]\n|upkeep\n|\n|t:|1700863435\n|switch|p2b: Regieleki|Regieleki|100\/100\n|turn|10\n|\n|t:|1700863448\n|move|p2b: Regieleki|Electroweb|p1a: Ogerpon|[spread] p1a,p1b\n|-damage|p1a: Ogerpon|73\/100\n|-damage|p1b: Heatran|73\/100\n|-unboost|p1a: Ogerpon|spe|1\n|-unboost|p1b: Heatran|spe|1\n|move|p2a: Palafin|Wave Crash|p1b: Heatran\n|-supereffective|p1b: Heatran\n|-damage|p1b: Heatran|0 fnt\n|faint|p1b: Heatran\n|-damage|p2a: Palafin|54\/100|[from] Recoil\n|move|p1a: Ogerpon|Horn Leech|p2a: Palafin\n|-supereffective|p2a: Palafin\n|-damage|p2a: Palafin|0 fnt\n|-heal|p1a: Ogerpon|100\/100|[from] drain|[of] p2a: Palafin\n|faint|p2a: Palafin\n|\n|-weather|none\n|upkeep\n|\n|t:|1700863455\n|switch|p2a: Flutter Mane|Flutter Mane, tera:Fairy|42\/100\n|switch|p1b: Ninetales|Ninetales-Alola, F, shiny|21\/100\n|-weather|Snow|[from] ability: Snow Warning|[of] p1b: Ninetales\n|turn|11\n|inactive|ToxicLily4 has 120 seconds left.\n|\n|t:|1700863505\n|move|p2b: Regieleki|Thunderbolt|p1a: Ogerpon\n|-damage|p1a: Ogerpon|39\/100\n|-status|p1a: Ogerpon|par\n|move|p1b: Ninetales|Blizzard|p2b: Regieleki|[spread] p2a,p2b\n|-damage|p2a: Flutter Mane|14\/100\n|-damage|p2b: Regieleki|36\/100\n|move|p2a: Flutter Mane|Moonblast|p1a: Ogerpon\n|-damage|p1a: Ogerpon|0 fnt\n|faint|p1a: Ogerpon\n|\n|-weather|Snow|[upkeep]\n|upkeep\n|turn|12\n|c|\u2606ToxicLily4|Gg\n|\n|t:|1700863515\n|move|p2b: Regieleki|Thunderbolt|p1b: Ninetales\n|-damage|p1b: Ninetales|0 fnt\n|faint|p1b: Ninetales\n|\n|win|InferiorCizy\n|raw|ToxicLily4's rating: 1455 &rarr; <strong>1430<\/strong><br \/>(-25 for losing)\n|raw|InferiorCizy's rating: 1364 &rarr; <strong>1389<\/strong><br \/>(+25 for winning)\n|c|\u2606InferiorCizy|gg\n","uploadtime":1700863527,"views":21,"p1id":"toxiclily4","p2id":"inferiorcizy","formatid":"gen9nationaldexdoubles","rating":1389,"private":0,"password":""}