{"id":"gen9nationaldexdoubles-1956501430","p1":"dippdamacy","p2":"cassinidivision","format":"[Gen 9] National Dex Doubles","log":"|j|\u2606dippdamacy\n|j|\u2606cassinidivision\n|t:|1696114386\n|gametype|doubles\n|player|p1|dippdamacy|colress|\n|player|p2|cassinidivision|bede-masters|\n|teamsize|p1|6\n|teamsize|p2|6\n|gen|9\n|tier|[Gen 9] National Dex Doubles\n|rule|HP Percentage Mod: HP is shown in percentages\n|rule|Endless Battle Clause: Forcing endless battles is banned\n|rule|OHKO Clause: OHKO moves are banned\n|rule|Evasion Moves Clause: Evasion moves are banned\n|rule|Evasion Abilities Clause: Evasion abilities are banned\n|rule|Species Clause: Limit one of each Pok\u00e9mon\n|rule|Gravity Sleep Clause: The combination of sleep-inducing moves with imperfect accuracy and Gravity or Gigantamax Orbeetle are banned\n|clearpoke\n|poke|p1|Magneton|\n|poke|p1|Rotom-Wash|\n|poke|p1|Metagross|\n|poke|p1|Beheeyem, M|\n|poke|p1|Magnezone|\n|poke|p1|Klinklang|\n|poke|p2|Hatterene, F|\n|poke|p2|Rapidash-Galar, M|\n|poke|p2|Reuniclus, M|\n|poke|p2|Gothitelle, F|\n|poke|p2|Espeon, F|\n|poke|p2|Delphox, F|\n|teampreview\n|c|\u2606dippdamacy|haiii again\n|c|\u2606cassinidivision|haiiiiiiiiiiiiiiiiiiiiiiiiiiiiiiiiiiiiiiiiiiiiiiiiiiiiiiiiiiiiiiiiiiiiiiiiii\n|j| themanofthematch\n|c|\u2606cassinidivision|a spectator...\n|c|\u2606dippdamacy|thats reece\n|c|\u2606cassinidivision|omg reece\n|c| themanofthematch|right\n|c| themanofthematch|fuck off please\n|c|\u2606cassinidivision|im a big fan \/lying\n|\n|t:|1696114481\n|start\n|switch|p1a: Maggy|Magneton, shiny|100\/100\n|switch|p1b: Rotom|Rotom-Wash|100\/100\n|switch|p2a: Espeon|Espeon, F|100\/100\n|switch|p2b: Reuniclus|Reuniclus, M|100\/100\n|turn|1\n|c| themanofthematch|WHAT?!\n|c| themanofthematch|cassini the liar cassini??\n|\n|t:|1696114510\n|move|p2a: Espeon|Sunny Day|p2a: Espeon\n|-weather|SunnyDay\n|move|p1b: Rotom|Hydro Pump|p2b: Reuniclus\n|-crit|p2b: Reuniclus\n|-damage|p2b: Reuniclus|77\/100\n|-damage|p1b: Rotom|91\/100|[from] item: Life Orb\n|move|p1a: Maggy|Volt Switch|p2a: Espeon\n|-damage|p2a: Espeon|47\/100\n|\n|t:|1696114540\n|switch|p1a: Klinklang|Klinklang|100\/100|[from] Volt Switch\n|-item|p1a: Klinklang|Air Balloon\n|move|p2b: Reuniclus|Light Screen|p2b: Reuniclus\n|-sidestart|p2: cassinidivision|move: Light Screen\n|\n|-weather|SunnyDay|[upkeep]\n|upkeep\n|turn|2\n|\n|t:|1696114554\n|move|p2a: Espeon|Morning Sun|p2a: Espeon\n|-heal|p2a: Espeon|100\/100\n|move|p1b: Rotom|Will-O-Wisp|p2b: Reuniclus\n|-status|p2b: Reuniclus|brn\n|move|p1a: Klinklang|Shift Gear|p1a: Klinklang\n|-boost|p1a: Klinklang|spe|2\n|-boost|p1a: Klinklang|atk|1\n|move|p2b: Reuniclus|Reflect|p2b: Reuniclus\n|-sidestart|p2: cassinidivision|Reflect\n|\n|-weather|SunnyDay|[upkeep]\n|-damage|p2b: Reuniclus|70\/100 brn|[from] brn\n|upkeep\n|turn|3\n|\n|t:|1696114582\n|move|p1a: Klinklang|Shift Gear|p1a: Klinklang\n|-boost|p1a: Klinklang|spe|2\n|-boost|p1a: Klinklang|atk|1\n|move|p2a: Espeon|Grass Knot|p1b: Rotom\n|-supereffective|p1b: Rotom\n|-damage|p1b: Rotom|76\/100\n|move|p1b: Rotom|Substitute|p1b: Rotom\n|-start|p1b: Rotom|Substitute\n|-damage|p1b: Rotom|51\/100\n|move|p2b: Reuniclus|Psychic|p1b: Rotom\n|-end|p1b: Rotom|Substitute\n|\n|-weather|SunnyDay|[upkeep]\n|-damage|p2b: Reuniclus|64\/100 brn|[from] brn\n|upkeep\n|turn|4\n|\n|t:|1696114615\n|-terastallize|p1a: Klinklang|Steel\n|move|p1a: Klinklang|Gear Grind|p2a: Espeon|[miss]\n|-miss|p1a: Klinklang|p2a: Espeon\n|move|p2a: Espeon|Hidden Power|p1a: Klinklang\n|-supereffective|p1a: Klinklang\n|-damage|p1a: Klinklang|7\/100\n|-enditem|p1a: Klinklang|Air Balloon\n|move|p1b: Rotom|Hydro Pump|p2b: Reuniclus|[miss]\n|-miss|p1b: Rotom|p2b: Reuniclus\n|move|p2b: Reuniclus|Psychic|p1b: Rotom\n|-damage|p1b: Rotom|11\/100\n|\n|-weather|SunnyDay|[upkeep]\n|-damage|p2b: Reuniclus|58\/100 brn|[from] brn\n|upkeep\n|turn|5\n|c| themanofthematch|rookie move\n|c|\u2606dippdamacy|i just pooed\n|\n|t:|1696114647\n|move|p1a: Klinklang|Gear Grind|p2b: Reuniclus\n|-damage|p2b: Reuniclus|13\/100 brn\n|-damage|p2b: Reuniclus|0 fnt\n|faint|p2b: Reuniclus\n|-hitcount|p2: Reuniclus|2\n|move|p2a: Espeon|Hidden Power|p1a: Klinklang\n|-supereffective|p1a: Klinklang\n|-damage|p1a: Klinklang|0 fnt\n|faint|p1a: Klinklang\n|move|p1b: Rotom|Hydro Pump|p2a: Espeon\n|-damage|p2a: Espeon|80\/100\n|-damage|p1b: Rotom|1\/100|[from] item: Life Orb\n|\n|-weather|SunnyDay|[upkeep]\n|-sideend|p2: cassinidivision|move: Light Screen\n|upkeep\n|c|\u2606dippdamacy|im fine with this\n|\n|t:|1696114673\n|switch|p1a: Magnezone|Magnezone|100\/100\n|switch|p2b: Rapidash|Rapidash-Galar, M|100\/100\n|turn|6\n|c|\u2606dippdamacy|are u using bede's actual moveset?\n|c|\u2606cassinidivision|no\n|c|\u2606dippdamacy|ahh\n|c|\u2606cassinidivision|its fucking awful\n|c|\u2606dippdamacy|...im using colress' LMAOOOAOAOAOAOAO\n|\n|t:|1696114719\n|switch|p1b: Maggy|Magneton, shiny|100\/100\n|move|p2a: Espeon|Grass Knot|p1b: Maggy\n|-resisted|p1b: Maggy\n|-damage|p1b: Maggy|88\/100\n|move|p2b: Rapidash|Hypnosis|p1a: Magnezone\n|-status|p1a: Magnezone|slp|[from] move: Hypnosis\n|cant|p1a: Magnezone|slp\n|\n|-weather|SunnyDay|[upkeep]\n|-sideend|p2: cassinidivision|Reflect\n|upkeep\n|turn|7\n|c|\u2606cassinidivision|his is like. decent tho\n|c|\u2606dippdamacy|its okay but some of it is... mm\n|c|\u2606dippdamacy|i dont think he needs hyper beam theres no point\n|c|\u2606cassinidivision|style points\n|\n|t:|1696114772\n|move|p2a: Espeon|Hidden Power|p1b: Maggy\n|-supereffective|p1b: Maggy\n|-damage|p1b: Maggy|30\/100\n|move|p2b: Rapidash|Swords Dance|p2b: Rapidash\n|-boost|p2b: Rapidash|atk|2\n|move|p1b: Maggy|Flash Cannon|p2b: Rapidash\n|-supereffective|p2b: Rapidash\n|-crit|p2b: Rapidash\n|-damage|p2b: Rapidash|0 fnt\n|faint|p2b: Rapidash\n|cant|p1a: Magnezone|slp\n|\n|-weather|SunnyDay|[upkeep]\n|upkeep\n|\n|t:|1696114786\n|switch|p2b: Delphox|Delphox, F|100\/100\n|turn|8\n|\n|t:|1696114810\n|switch|p1b: Metagross|Metagross|100\/100\n|move|p2a: Espeon|Hidden Power|p1b: Metagross\n|-supereffective|p1b: Metagross\n|-damage|p1b: Metagross|21\/100\n|move|p2b: Delphox|Calm Mind|p2b: Delphox\n|-boost|p2b: Delphox|spa|1\n|-boost|p2b: Delphox|spd|1\n|cant|p1a: Magnezone|slp\n|\n|-weather|none\n|upkeep\n|turn|9\n|\n|t:|1696114828\n|move|p2a: Espeon|Sunny Day|p2a: Espeon\n|-weather|SunnyDay\n|move|p2b: Delphox|Heat Wave|p1a: Magnezone|[spread] p1a,p1b\n|-supereffective|p1a: Magnezone\n|-supereffective|p1b: Metagross\n|-ability|p1a: Magnezone|Sturdy\n|-damage|p1a: Magnezone|1\/100 slp\n|-damage|p1b: Metagross|0 fnt\n|faint|p1b: Metagross\n|-curestatus|p1a: Magnezone|slp|[msg]\n|move|p1a: Magnezone|Thunderbolt|p2b: Delphox\n|-damage|p2b: Delphox|67\/100\n|\n|-weather|SunnyDay|[upkeep]\n|upkeep\n|c|\u2606dippdamacy|magnezone wakes up after his life support turns off\n|\n|t:|1696114850\n|switch|p1b: Beheeyem|Beheeyem, M|100\/100\n|turn|10\n|\n|t:|1696114867\n|move|p2a: Espeon|Grass Knot|p1a: Magnezone\n|-resisted|p1a: Magnezone\n|-damage|p1a: Magnezone|0 fnt\n|faint|p1a: Magnezone\n|move|p2b: Delphox|Wish|p2b: Delphox\n|move|p1b: Beheeyem|Calm Mind|p1b: Beheeyem\n|-boost|p1b: Beheeyem|spa|1\n|-boost|p1b: Beheeyem|spd|1\n|\n|-weather|SunnyDay|[upkeep]\n|upkeep\n|c|\u2606dippdamacy|rip magnezone\n|\n|t:|1696114878\n|switch|p1a: Maggy|Magneton, shiny|30\/100\n|turn|11\n|c|\u2606cassinidivision|f for a real one\n|c|\u2606dippdamacy|did nothing and died\n|\n|t:|1696114902\n|move|p2b: Delphox|Protect|p2b: Delphox\n|-singleturn|p2b: Delphox|Protect\n|move|p2a: Espeon|Hidden Power|p1a: Maggy\n|-supereffective|p1a: Maggy\n|-damage|p1a: Maggy|0 fnt\n|faint|p1a: Maggy\n|move|p1b: Beheeyem|Calm Mind|p1b: Beheeyem\n|-boost|p1b: Beheeyem|spa|1\n|-boost|p1b: Beheeyem|spd|1\n|\n|-weather|SunnyDay|[upkeep]\n|-heal|p2b: Delphox|100\/100|[from] move: Wish|[wisher] Delphox\n|upkeep\n|c|\u2606cassinidivision|my bad g\n|\n|t:|1696114913\n|switch|p1a: Rotom|Rotom-Wash|1\/100\n|turn|12\n|\n|t:|1696114926\n|move|p2a: Espeon|Grass Knot|p1a: Rotom\n|-supereffective|p1a: Rotom\n|-damage|p1a: Rotom|0 fnt\n|faint|p1a: Rotom\n|move|p2b: Delphox|Heat Wave|p1b: Beheeyem\n|-damage|p1b: Beheeyem|41\/100\n|move|p1b: Beheeyem|Calm Mind|p1b: Beheeyem\n|-boost|p1b: Beheeyem|spa|1\n|-boost|p1b: Beheeyem|spd|1\n|\n|-weather|SunnyDay|[upkeep]\n|-heal|p1b: Beheeyem|47\/100|[from] item: Leftovers\n|upkeep\n|turn|13\n|c|\u2606dippdamacy|my apologies original gangsta\n|c|\u2606cassinidivision|my man is SO calm rn\n|c|\u2606dippdamacy|he's on weed\n|\n|t:|1696114955\n|move|p2a: Espeon|Grass Knot|p1b: Beheeyem\n|-damage|p1b: Beheeyem|39\/100\n|move|p2b: Delphox|Heat Wave|p1b: Beheeyem\n|-damage|p1b: Beheeyem|0 fnt\n|faint|p1b: Beheeyem\n|\n|win|cassinidivision\n|c|\u2606cassinidivision|canceled\n|c|\u2606dippdamacy|gg\n|c|\u2606cassinidivision|gg\n|l|\u2606dippdamacy\n|j|\u2606dippdamacy\n|player|p1|dippdamacy|colress\n|l|\u2606dippdamacy\n|player|p1|\n|l|\u2606cassinidivision\n|j|\u2606dippdamacy\n|player|p1|dippdamacy|colress\n","uploadtime":1696115031,"views":8,"p1id":"dippdamacy","p2id":"cassinidivision","formatid":"gen9nationaldexdoubles","rating":0,"private":0,"password":""}