{"id":"gen9nationaldexdoubles-1971405044","p1":"Beyond Subzero","p2":"GakeP","format":"[Gen 9] National Dex Doubles","log":"|j|\u2606Beyond Subzero\n|j|\u2606GakeP\n|t:|1697735907\n|gametype|doubles\n|player|p1|Beyond Subzero|bruno|1406\n|player|p2|GakeP|2|1289\n|teamsize|p1|6\n|teamsize|p2|6\n|gen|9\n|tier|[Gen 9] National Dex Doubles\n|rated|\n|rule|HP Percentage Mod: HP is shown in percentages\n|rule|Endless Battle Clause: Forcing endless battles is banned\n|rule|OHKO Clause: OHKO moves are banned\n|rule|Evasion Moves Clause: Evasion moves are banned\n|rule|Evasion Abilities Clause: Evasion abilities are banned\n|rule|Species Clause: Limit one of each Pok\u00e9mon\n|rule|Gravity Sleep Clause: The combination of sleep-inducing moves with imperfect accuracy and Gravity or Gigantamax Orbeetle are banned\n|clearpoke\n|poke|p1|Ninetales-Alola, M|\n|poke|p1|Latias, F|\n|poke|p1|Volcanion|\n|poke|p1|Kyurem-Black|\n|poke|p1|Whimsicott, M|\n|poke|p1|Zamazenta-*|\n|poke|p2|Tyranitar, M|\n|poke|p2|Garchomp, M|\n|poke|p2|Zapdos|\n|poke|p2|Rillaboom, F|\n|poke|p2|Kangaskhan, F|\n|poke|p2|Whimsicott, M|\n|teampreview\n|\n|t:|1697735925\n|start\n|switch|p1a: Kyurem|Kyurem-Black|100\/100\n|switch|p1b: Whimsicott|Whimsicott, M|100\/100\n|switch|p2a: Whimsicott|Whimsicott, M|100\/100\n|switch|p2b: Kangaskhan|Kangaskhan, F|100\/100\n|-ability|p1a: Kyurem|Teravolt\n|turn|1\n|\n|t:|1697735943\n|detailschange|p2b: Kangaskhan|Kangaskhan-Mega, F\n|-mega|p2b: Kangaskhan|Kangaskhan|Kangaskhanite\n|move|p1a: Kyurem|Protect|p1a: Kyurem\n|-singleturn|p1a: Kyurem|Protect\n|move|p2b: Kangaskhan|Fake Out|p1a: Kyurem\n|-activate|p1a: Kyurem|move: Protect\n|move|p2a: Whimsicott|Taunt|p1b: Whimsicott\n|-start|p1b: Whimsicott|move: Taunt\n|cant|p1b: Whimsicott|move: Taunt|Encore\n|\n|upkeep\n|turn|2\n|\n|t:|1697735971\n|switch|p1b: Zamazenta|Zamazenta|100\/100\n|-ability|p1b: Zamazenta|Dauntless Shield|boost\n|-boost|p1b: Zamazenta|def|1\n|move|p2a: Whimsicott|Tailwind|p2a: Whimsicott\n|-sidestart|p2: GakeP|move: Tailwind\n|move|p2b: Kangaskhan|Low Kick|p1a: Kyurem\n|-supereffective|p1a: Kyurem\n|-damage|p1a: Kyurem|29\/100\n|-supereffective|p1a: Kyurem\n|-crit|p1a: Kyurem\n|-damage|p1a: Kyurem|2\/100\n|-hitcount|p1a: Kyurem|2\n|move|p1a: Kyurem|Icicle Spear|p2a: Whimsicott\n|-supereffective|p2a: Whimsicott\n|-damage|p2a: Whimsicott|47\/100\n|-supereffective|p2a: Whimsicott\n|-damage|p2a: Whimsicott|0 fnt\n|faint|p2a: Whimsicott\n|-hitcount|p2: Whimsicott|2\n|\n|upkeep\n|\n|t:|1697735983\n|switch|p2a: Zapdos|Zapdos|100\/100\n|turn|3\n|\n|t:|1697735997\n|switch|p1a: Latias|Latias, F|100\/100\n|move|p2b: Kangaskhan|Low Kick|p1a: Latias\n|-resisted|p1a: Latias\n|-damage|p1a: Latias|89\/100\n|-resisted|p1a: Latias\n|-damage|p1a: Latias|86\/100\n|-hitcount|p1a: Latias|2\n|move|p2a: Zapdos|Hurricane|p1b: Zamazenta\n|-supereffective|p1b: Zamazenta\n|-damage|p1b: Zamazenta|11\/100\n|-start|p1b: Zamazenta|confusion\n|-enditem|p1b: Zamazenta|Sitrus Berry|[eat]\n|-heal|p1b: Zamazenta|36\/100|[from] item: Sitrus Berry\n|-activate|p1b: Zamazenta|confusion\n|move|p1b: Zamazenta|Body Press|p2b: Kangaskhan\n|-supereffective|p2b: Kangaskhan\n|-damage|p2b: Kangaskhan|3\/100\n|\n|upkeep\n|turn|4\n|inactive|Battle timer is ON: inactive players will automatically lose when time's up. (requested by GakeP)\n|\n|t:|1697736036\n|detailschange|p1a: Latias|Latias-Mega, F\n|-mega|p1a: Latias|Latias|Latiasite\n|move|p2b: Kangaskhan|Double-Edge|p1a: Latias\n|-damage|p1a: Latias|33\/100\n|-crit|p1a: Latias\n|-damage|p1a: Latias|15\/100\n|-hitcount|p1a: Latias|2\n|-damage|p2b: Kangaskhan|0 fnt|[from] Recoil\n|faint|p2b: Kangaskhan\n|move|p2a: Zapdos|Thunderbolt|p1b: Zamazenta\n|-damage|p1b: Zamazenta|0 fnt\n|faint|p1b: Zamazenta\n|move|p1a: Latias|Roost|p1a: Latias\n|-heal|p1a: Latias|65\/100\n|-singleturn|p1a: Latias|move: Roost\n|\n|upkeep\n|\n|t:|1697736059\n|switch|p1b: Ninetales|Ninetales-Alola, M|100\/100\n|switch|p2b: Garchomp|Garchomp, M|100\/100\n|-weather|Snow|[from] ability: Snow Warning|[of] p1b: Ninetales\n|turn|5\n|\n|t:|1697736073\n|switch|p1a: Whimsicott|Whimsicott, M|100\/100\n|move|p1b: Ninetales|Protect|p1b: Ninetales\n|-singleturn|p1b: Ninetales|Protect\n|move|p2b: Garchomp|Iron Head|p1b: Ninetales\n|-activate|p1b: Ninetales|move: Protect\n|move|p2a: Zapdos|Hurricane|p1a: Whimsicott|[miss]\n|-miss|p2a: Zapdos|p1a: Whimsicott\n|\n|-weather|Snow|[upkeep]\n|-sideend|p2: GakeP|move: Tailwind\n|upkeep\n|turn|6\n|\n|t:|1697736089\n|switch|p2b: Tyranitar|Tyranitar, M|100\/100\n|-weather|Sandstorm|[from] ability: Sand Stream|[of] p2b: Tyranitar\n|move|p1a: Whimsicott|Tailwind|p1a: Whimsicott\n|-sidestart|p1: Beyond Subzero|move: Tailwind\n|move|p1b: Ninetales|Blizzard|p2b: Tyranitar|[spread] p2a,p2b\n|-supereffective|p2a: Zapdos\n|-crit|p2a: Zapdos\n|-damage|p2a: Zapdos|3\/100\n|-damage|p2b: Tyranitar|89\/100\n|move|p2a: Zapdos|Hurricane|p1a: Whimsicott|[miss]\n|-miss|p2a: Zapdos|p1a: Whimsicott\n|\n|-weather|Sandstorm|[upkeep]\n|-damage|p1a: Whimsicott|94\/100|[from] Sandstorm\n|-damage|p1b: Ninetales|95\/100|[from] Sandstorm\n|upkeep\n|turn|7\n|c|\u2606GakeP|Damn\n|inactive|Beyond Subzero has 120 seconds left.\n|\n|t:|1697736121\n|switch|p2a: Rillaboom|Rillaboom, F|100\/100\n|-fieldstart|move: Grassy Terrain|[from] ability: Grassy Surge|[of] p2a: Rillaboom\n|move|p1a: Whimsicott|Moonblast|p2b: Tyranitar\n|-supereffective|p2b: Tyranitar\n|-damage|p2b: Tyranitar|64\/100\n|-unboost|p2b: Tyranitar|spa|1\n|move|p1b: Ninetales|Blizzard|p2b: Tyranitar|[spread] p2a,p2b\n|-supereffective|p2a: Rillaboom\n|-damage|p2a: Rillaboom|29\/100\n|-damage|p2b: Tyranitar|51\/100\n|-status|p2b: Tyranitar|frz\n|cant|p2b: Tyranitar|frz\n|\n|-weather|Sandstorm|[upkeep]\n|-damage|p1a: Whimsicott|88\/100|[from] Sandstorm\n|-damage|p1b: Ninetales|89\/100|[from] Sandstorm\n|-damage|p2a: Rillaboom|23\/100|[from] Sandstorm\n|-heal|p1a: Whimsicott|94\/100|[from] Grassy Terrain\n|-heal|p1b: Ninetales|95\/100|[from] Grassy Terrain\n|-heal|p2b: Tyranitar|58\/100 frz|[from] Grassy Terrain\n|-heal|p2a: Rillaboom|29\/100|[from] Grassy Terrain\n|-heal|p2a: Rillaboom|35\/100|[from] item: Leftovers\n|upkeep\n|turn|8\n|-message|GakeP forfeited.\n|\n|win|Beyond Subzero\n|raw|Beyond Subzero's rating: 1406 &rarr; <strong>1420<\/strong><br \/>(+14 for winning)\n|raw|GakeP's rating: 1289 &rarr; <strong>1272<\/strong><br \/>(-17 for losing)\n|l|\u2606GakeP\n","uploadtime":1697736189,"views":12,"p1id":"beyondsubzero","p2id":"gakep","formatid":"gen9nationaldexdoubles","rating":1272,"private":0,"password":""}