{"id":"gen9nationaldexdoubles-1956778335","p1":"Gocks","p2":"dusttrustblueberry","format":"[Gen 9] National Dex Doubles","log":"|j|\u2606Gocks\n|j|\u2606dusttrustblueberry\n|t:|1696150485\n|gametype|doubles\n|player|p1|Gocks|juggler|1250\n|player|p2|dusttrustblueberry|steven-masters2|1427\n|teamsize|p1|6\n|teamsize|p2|6\n|gen|9\n|tier|[Gen 9] National Dex Doubles\n|rated|\n|rule|HP Percentage Mod: HP is shown in percentages\n|rule|Endless Battle Clause: Forcing endless battles is banned\n|rule|OHKO Clause: OHKO moves are banned\n|rule|Evasion Moves Clause: Evasion moves are banned\n|rule|Evasion Abilities Clause: Evasion abilities are banned\n|rule|Species Clause: Limit one of each Pok\u00e9mon\n|rule|Gravity Sleep Clause: The combination of sleep-inducing moves with imperfect accuracy and Gravity or Gigantamax Orbeetle are banned\n|clearpoke\n|poke|p1|Eevee, F|\n|poke|p1|Espeon, F|\n|poke|p1|Mew|\n|poke|p1|Indeedee-F, F|\n|poke|p1|Gardevoir, F|\n|poke|p1|Gothitelle, F|\n|poke|p2|Tornadus, M|\n|poke|p2|Regidrago|\n|poke|p2|Rillaboom, F|\n|poke|p2|Heatran, M|\n|poke|p2|Amoonguss, F|\n|poke|p2|Incineroar, M|\n|teampreview\n|inactive|Battle timer is ON: inactive players will automatically lose when time's up. (requested by dusttrustblueberry)\n|inactive|dusttrustblueberry has 120 seconds left.\n|\n|t:|1696150520\n|start\n|switch|p1a: Gardevoir|Gardevoir, F|100\/100\n|switch|p1b: Gothitelle|Gothitelle, F|100\/100\n|switch|p2a: Tornadus|Tornadus, M|100\/100\n|switch|p2b: Regidrago|Regidrago|100\/100\n|-ability|p1a: Gardevoir|Prankster|[from] ability: Trace|[of] p2a: Tornadus\n|turn|1\n|\n|t:|1696150550\n|detailschange|p1a: Gardevoir|Gardevoir-Mega, F\n|-mega|p1a: Gardevoir|Gardevoir|Gardevoirite\n|-terastallize|p2b: Regidrago|Poison\n|move|p1b: Gothitelle|Fake Out|p2a: Tornadus\n|-damage|p2a: Tornadus|93\/100\n|move|p2a: Tornadus|Taunt|p1b: Gothitelle\n|-start|p1b: Gothitelle|move: Taunt\n|move|p1a: Gardevoir|Hyper Voice|p2a: Tornadus|[spread] p2a,p2b\n|-resisted|p2b: Regidrago\n|-damage|p2a: Tornadus|34\/100\n|-damage|p2b: Regidrago|75\/100\n|move|p2b: Regidrago|Tera Blast|p1a: Gardevoir|[anim] Tera Blast Poison\n|-supereffective|p1a: Gardevoir\n|-damage|p1a: Gardevoir|0 fnt\n|faint|p1a: Gardevoir\n|\n|upkeep\n|inactive|Gocks has 120 seconds left.\n|\n|t:|1696150585\n|switch|p1a: Mew|Mew|100\/100\n|turn|2\n|inactive|Gocks has 120 seconds left.\n|\n|t:|1696150599\n|switch|p1b: Indeedee|Indeedee-F, F|100\/100\n|-fieldstart|move: Psychic Terrain|[from] ability: Psychic Surge|[of] p1b: Indeedee\n|-enditem|p1b: Indeedee|Psychic Seed\n|-boost|p1b: Indeedee|spd|1|[from] item: Psychic Seed\n|move|p2a: Tornadus|Taunt|p1a: Mew\n|-activate|p1a: Mew|move: Psychic Terrain\n|move|p2b: Regidrago|Tera Blast|p1b: Indeedee|[anim] Tera Blast Poison\n|-damage|p1b: Indeedee|69\/100\n|move|p1a: Mew|Trick Room|p1a: Mew\n|-fieldstart|move: Trick Room|[of] p1a: Mew\n|\n|upkeep\n|turn|3\n|\n|t:|1696150624\n|switch|p2b: Heatran|Heatran, M|100\/100\n|switch|p2a: Incineroar|Incineroar, M|100\/100\n|-ability|p2a: Incineroar|Intimidate|boost\n|-unboost|p1a: Mew|atk|1\n|-unboost|p1b: Indeedee|atk|1\n|move|p1b: Indeedee|Expanding Force|p2a: Incineroar|[spread] p2b\n|-immune|p2a: Incineroar\n|-resisted|p2b: Heatran\n|-damage|p2b: Heatran|82\/100\n|move|p1a: Mew|U-turn|p2b: Heatran\n|-resisted|p2b: Heatran\n|-damage|p2b: Heatran|80\/100\n|inactive|Gocks has 120 seconds left.\n|\n|t:|1696150642\n|switch|p1a: Eevee|Eevee, F|100\/100|[from] U-turn\n|\n|-heal|p2b: Heatran|86\/100|[from] item: Leftovers\n|upkeep\n|turn|4\n|\n|t:|1696150667\n|switch|p2b: Amoonguss|Amoonguss, F|100\/100\n|move|p1b: Indeedee|Follow Me|p1b: Indeedee\n|-singleturn|p1b: Indeedee|move: Follow Me\n|move|p2a: Incineroar|Knock Off|p1b: Indeedee\n|-supereffective|p1b: Indeedee\n|-damage|p1b: Indeedee|20\/100\n|-zpower|p1a: Eevee\n|move|p1a: Eevee|Extreme Evoboost|p1a: Eevee\n|-boost|p1a: Eevee|atk|2\n|-boost|p1a: Eevee|def|2\n|-boost|p1a: Eevee|spa|2\n|-boost|p1a: Eevee|spd|2\n|-boost|p1a: Eevee|spe|2\n|\n|upkeep\n|turn|5\n|\n|t:|1696150690\n|move|p1b: Indeedee|Follow Me|p1b: Indeedee\n|-singleturn|p1b: Indeedee|move: Follow Me\n|move|p2b: Amoonguss|Clear Smog|p1b: Indeedee\n|-damage|p1b: Indeedee|10\/100\n|-clearboost|p1b: Indeedee\n|move|p2a: Incineroar|Knock Off|p1b: Indeedee\n|-supereffective|p1b: Indeedee\n|-damage|p1b: Indeedee|0 fnt\n|faint|p1b: Indeedee\n|move|p1a: Eevee|Baton Pass|p1a: Eevee\n|inactive|Gocks has 120 seconds left.\n|\n|t:|1696150706\n|switch|p1a: Espeon|Espeon, F|100\/100|[from] Baton Pass\n|\n|upkeep\n|inactive|Gocks has 120 seconds left.\n|\n|t:|1696150720\n|switch|p1b: Mew|Mew|100\/100\n|turn|6\n|\n|t:|1696150732\n|move|p2b: Amoonguss|Clear Smog|p1a: Espeon\n|-damage|p1a: Espeon|89\/100\n|-clearboost|p1a: Espeon\n|move|p2a: Incineroar|Knock Off|p1a: Espeon\n|-supereffective|p1a: Espeon\n|-damage|p1a: Espeon|0 fnt\n|-enditem|p1a: Espeon|Focus Sash|[from] move: Knock Off|[of] p2a: Incineroar\n|faint|p1a: Espeon\n|move|p1b: Mew|Trick Room|p1b: Mew\n|-fieldend|move: Trick Room\n|\n|-fieldend|move: Psychic Terrain\n|upkeep\n|-message|Gocks forfeited.\n|\n|win|dusttrustblueberry\n|raw|Gocks's rating: 1250 &rarr; <strong>1237<\/strong><br \/>(-13 for losing)\n|raw|dusttrustblueberry's rating: 1427 &rarr; <strong>1438<\/strong><br \/>(+11 for winning)\n|l|\u2606Gocks\n","uploadtime":1696150745,"views":4,"p1id":"gocks","p2id":"dusttrustblueberry","formatid":"gen9nationaldexdoubles","rating":1237,"private":0,"password":""}