{"id":"gen9nationaldexdoubles-1998444980","p1":"strawberry love17","p2":"Psicodelicia96","format":"[Gen 9] National Dex Doubles","log":"|j|\u2606strawberry love17\n|j|\u2606Psicodelicia96\n|t:|1700943086\n|gametype|doubles\n|player|p1|strawberry love17|nate|\n|player|p2|Psicodelicia96|burgh|\n|teamsize|p1|6\n|teamsize|p2|6\n|gen|9\n|tier|[Gen 9] National Dex Doubles\n|rule|HP Percentage Mod: HP is shown in percentages\n|rule|Endless Battle Clause: Forcing endless battles is banned\n|rule|OHKO Clause: OHKO moves are banned\n|rule|Evasion Moves Clause: Evasion moves are banned\n|rule|Evasion Abilities Clause: Evasion abilities are banned\n|rule|Species Clause: Limit one of each Pok\u00e9mon\n|rule|Gravity Sleep Clause: The combination of sleep-inducing moves with imperfect accuracy and Gravity or Gigantamax Orbeetle are banned\n|clearpoke\n|poke|p1|Oricorio-Pom-Pom, F|\n|poke|p1|Gyarados, F|\n|poke|p1|Volcarona, M|\n|poke|p1|Kommo-o, F|\n|poke|p1|Mimikyu, M|\n|poke|p1|Lucario, M|\n|poke|p2|Oricorio-Pom-Pom, F|\n|poke|p2|Volcarona, F|\n|poke|p2|Cresselia, F|\n|poke|p2|Chien-Pao|\n|poke|p2|Ogerpon-Wellspring, F|\n|poke|p2|Landorus-Therian, M|\n|teampreview\n|inactive|Battle timer is ON: inactive players will automatically lose when time's up. (requested by strawberry love17)\n|\n|t:|1700943128\n|start\n|switch|p1a: Poyo-Poyo|Oricorio-Pom-Pom, F, shiny|100\/100\n|switch|p1b: Ron-Kola|Kommo-o, F|100\/100\n|switch|p2a: Oricorio|Oricorio-Pom-Pom, F, shiny|100\/100\n|switch|p2b: Volcarona|Volcarona, F, shiny|100\/100\n|turn|1\n|inactive|Psicodelicia96 has 270 seconds left.\n|inactive|strawberry love17 has 270 seconds left.\n|\n|t:|1700943168\n|move|p2b: Volcarona|Quiver Dance|p2b: Volcarona\n|-boost|p2b: Volcarona|spa|1\n|-boost|p2b: Volcarona|spd|1\n|-boost|p2b: Volcarona|spe|1\n|-activate|p1a: Poyo-Poyo|ability: Dancer\n|move|p1a: Poyo-Poyo|Quiver Dance|p1a: Poyo-Poyo|[from]ability: Dancer\n|-boost|p1a: Poyo-Poyo|spa|1\n|-boost|p1a: Poyo-Poyo|spd|1\n|-boost|p1a: Poyo-Poyo|spe|1\n|-activate|p2a: Oricorio|ability: Dancer\n|move|p2a: Oricorio|Quiver Dance|p2a: Oricorio|[from]ability: Dancer\n|-boost|p2a: Oricorio|spa|1\n|-boost|p2a: Oricorio|spd|1\n|-boost|p2a: Oricorio|spe|1\n|move|p2a: Oricorio|Tailwind|p2a: Oricorio\n|-sidestart|p2: Psicodelicia96|move: Tailwind\n|move|p1a: Poyo-Poyo|Tailwind|p1a: Poyo-Poyo\n|-sidestart|p1: strawberry love17|move: Tailwind\n|move|p1b: Ron-Kola|Dragon Claw|p2a: Oricorio\n|-crit|p2a: Oricorio\n|-damage|p2a: Oricorio|13\/100\n|\n|upkeep\n|turn|2\n|inactive|Psicodelicia96 has 270 seconds left.\n|inactive|strawberry love17 has 270 seconds left.\n|inactive|Psicodelicia96 has 240 seconds left.\n|\n|t:|1700943223\n|move|p2b: Volcarona|Fiery Dance|p1a: Poyo-Poyo\n|-damage|p1a: Poyo-Poyo|45\/100\n|-activate|p1a: Poyo-Poyo|ability: Dancer\n|move|p1a: Poyo-Poyo|Fiery Dance|p2b: Volcarona|[from]ability: Dancer\n|-damage|p2b: Volcarona|73\/100\n|-activate|p2a: Oricorio|ability: Dancer\n|move|p2a: Oricorio|Fiery Dance|p1a: Poyo-Poyo|[from]ability: Dancer\n|-crit|p1a: Poyo-Poyo\n|-damage|p1a: Poyo-Poyo|0 fnt\n|-boost|p2a: Oricorio|spa|1\n|faint|p1a: Poyo-Poyo\n|move|p2a: Oricorio|Air Slash|p1b: Ron-Kola\n|-supereffective|p1b: Ron-Kola\n|-damage|p1b: Ron-Kola|0 fnt\n|faint|p1b: Ron-Kola\n|\n|upkeep\n|\n|t:|1700943252\n|switch|p1a: Zuzufan|Mimikyu, M|100\/100\n|switch|p1b: C.Pececito|Gyarados, F|100\/100\n|-ability|p1b: C.Pececito|Intimidate|boost\n|-unboost|p2a: Oricorio|atk|1\n|-unboost|p2b: Volcarona|atk|1\n|turn|3\n|inactive|Psicodelicia96 has 240 seconds left.\n|\n|t:|1700943284\n|-terastallize|p2b: Volcarona|Water\n|move|p1a: Zuzufan|Shadow Sneak|p2a: Oricorio\n|-damage|p2a: Oricorio|0 fnt\n|faint|p2a: Oricorio\n|move|p2b: Volcarona|Fiery Dance|p1a: Zuzufan\n|-activate|p1a: Zuzufan|ability: Disguise\n|-damage|p1a: Zuzufan|100\/100\n|-boost|p2b: Volcarona|spa|1\n|detailschange|p1a: Zuzufan|Mimikyu-Busted, M\n|-damage|p1a: Zuzufan|88\/100|[from] pokemon: Mimikyu-Busted\n|move|p1b: C.Pececito|Waterfall|p2b: Volcarona\n|-resisted|p2b: Volcarona\n|-damage|p2b: Volcarona|48\/100\n|-damage|p1b: C.Pececito|84\/100|[from] item: Rocky Helmet|[of] p2b: Volcarona\n|-status|p1b: C.Pececito|brn|[from] ability: Flame Body|[of] p2b: Volcarona\n|\n|-damage|p1b: C.Pececito|78\/100 brn|[from] brn\n|upkeep\n|inactive|Psicodelicia96 has 210 seconds left.\n|\n|t:|1700943312\n|switch|p2a: Landorus|Landorus-Therian, M, shiny|100\/100\n|-ability|p2a: Landorus|Intimidate|boost\n|-unboost|p1a: Zuzufan|atk|1\n|-unboost|p1b: C.Pececito|atk|1\n|turn|4\n|inactive|strawberry love17 has 270 seconds left.\n|\n|t:|1700943348\n|switch|p1a: Mercadona|Volcarona, M|100\/100\n|-terastallize|p1b: C.Pececito|Water\n|move|p2b: Volcarona|Fiery Dance|p1a: Mercadona\n|-damage|p1a: Mercadona|31\/100\n|move|p2a: Landorus|U-turn|p1a: Mercadona\n|-resisted|p1a: Mercadona\n|-damage|p1a: Mercadona|8\/100\n|inactive|Psicodelicia96 has 210 seconds left.\n|\n|t:|1700943363\n|switch|p2a: Cresselia|Cresselia, F, shiny|100\/100|[from] U-turn\n|move|p1b: C.Pececito|Waterfall|p2a: Cresselia\n|-damage|p2a: Cresselia|89\/100\n|\n|-heal|p2a: Cresselia|95\/100|[from] item: Leftovers\n|-damage|p1b: C.Pececito|72\/100 brn|[from] brn\n|-sideend|p2: Psicodelicia96|move: Tailwind\n|-sideend|p1: strawberry love17|move: Tailwind\n|upkeep\n|turn|5\n|inactive|strawberry love17 has 270 seconds left.\n|inactive|Psicodelicia96 has 210 seconds left.\n|\n|t:|1700943404\n|move|p1a: Mercadona|Protect|p1a: Mercadona\n|-singleturn|p1a: Mercadona|Protect\n|move|p2b: Volcarona|Fiery Dance|p1a: Mercadona\n|-activate|p1a: Mercadona|move: Protect\n|move|p1b: C.Pececito|Earthquake|p2a: Cresselia|[spread] p2b\n|-activate|p1a: Mercadona|move: Protect\n|-immune|p2a: Cresselia|[from] ability: Levitate\n|-damage|p2b: Volcarona|38\/100\n|move|p2a: Cresselia|Icy Wind|p1b: C.Pececito|[spread] p1b\n|-activate|p1a: Mercadona|move: Protect\n|-resisted|p1b: C.Pececito\n|-damage|p1b: C.Pececito|69\/100 brn\n|-unboost|p1b: C.Pececito|spe|1\n|\n|-heal|p2a: Cresselia|100\/100|[from] item: Leftovers\n|-damage|p1b: C.Pececito|62\/100 brn|[from] brn\n|upkeep\n|turn|6\n|inactive|Psicodelicia96 has 210 seconds left.\n|inactive|strawberry love17 has 270 seconds left.\n|\n|t:|1700943447\n|move|p2b: Volcarona|Fiery Dance|p1b: C.Pececito\n|-resisted|p1b: C.Pececito\n|-damage|p1b: C.Pececito|25\/100 brn\n|move|p1a: Mercadona|Bug Buzz|p2a: Cresselia\n|-supereffective|p2a: Cresselia\n|-damage|p2a: Cresselia|38\/100\n|move|p2a: Cresselia|Toxic|p1a: Mercadona\n|-status|p1a: Mercadona|tox\n|move|p1b: C.Pececito|Waterfall|p2b: Volcarona\n|-resisted|p2b: Volcarona\n|-damage|p2b: Volcarona|26\/100\n|-damage|p1b: C.Pececito|8\/100 brn|[from] item: Rocky Helmet|[of] p2b: Volcarona\n|\n|-heal|p2a: Cresselia|44\/100|[from] item: Leftovers\n|-damage|p1a: Mercadona|2\/100 tox|[from] psn\n|-damage|p1b: C.Pececito|2\/100 brn|[from] brn\n|upkeep\n|turn|7\n|inactive|Psicodelicia96 has 210 seconds left.\n|inactive|strawberry love17 has 270 seconds left.\n|\n|t:|1700943472\n|move|p2b: Volcarona|Protect|p2b: Volcarona\n|-singleturn|p2b: Volcarona|Protect\n|move|p1a: Mercadona|Bug Buzz|p2a: Cresselia\n|-supereffective|p2a: Cresselia\n|-damage|p2a: Cresselia|0 fnt\n|faint|p2a: Cresselia\n|move|p1b: C.Pececito|Waterfall|p2b: Volcarona\n|-activate|p2b: Volcarona|move: Protect\n|\n|-damage|p1a: Mercadona|0 fnt|[from] psn\n|faint|p1a: Mercadona\n|-damage|p1b: C.Pececito|0 fnt|[from] brn\n|faint|p1b: C.Pececito\n|upkeep\n|inactive|strawberry love17 has 270 seconds left.\n|inactive|Psicodelicia96 has 210 seconds left.\n|\n|t:|1700943495\n|switch|p1a: Paquito|Lucario, M|100\/100\n|switch|p1b: Zuzufan|Mimikyu-Busted, M|88\/100\n|switch|p2a: Landorus|Landorus-Therian, M, shiny|100\/100\n|-ability|p2a: Landorus|Intimidate|boost\n|-fail|p1a: Paquito|unboost|Attack|[from] ability: Inner Focus|[of] p1a: Paquito\n|-unboost|p1b: Zuzufan|atk|1\n|turn|8\n|inactive|Psicodelicia96 has 210 seconds left.\n|\n|t:|1700943527\n|detailschange|p1a: Paquito|Lucario-Mega, M\n|-mega|p1a: Paquito|Lucario|Lucarionite\n|move|p1a: Paquito|Protect|p1a: Paquito\n|-singleturn|p1a: Paquito|Protect\n|move|p1b: Zuzufan|Shadow Sneak|p2b: Volcarona\n|-damage|p2b: Volcarona|13\/100\n|-damage|p1b: Zuzufan|72\/100|[from] item: Rocky Helmet|[of] p2b: Volcarona\n|-status|p1b: Zuzufan|brn|[from] ability: Flame Body|[of] p2b: Volcarona\n|move|p2b: Volcarona|Fiery Dance|p1b: Zuzufan\n|-damage|p1b: Zuzufan|0 fnt\n|faint|p1b: Zuzufan\n|move|p2a: Landorus|Stomping Tantrum|p1a: Paquito\n|-activate|p1a: Paquito|move: Protect\n|\n|upkeep\n|turn|9\n|inactive|Psicodelicia96 has 210 seconds left.\n|inactive|Psicodelicia96 has 180 seconds left.\n|\n|t:|1700943586\n|move|p2b: Volcarona|Fiery Dance|p1a: Paquito\n|-supereffective|p1a: Paquito\n|-damage|p1a: Paquito|0 fnt\n|faint|p1a: Paquito\n|\n|win|Psicodelicia96\n","uploadtime":1700943614,"views":4,"p1id":"strawberrylove17","p2id":"psicodelicia96","formatid":"gen9nationaldexdoubles","rating":0,"private":0,"password":""}