{"id":"gen9nationaldexdoubles-1949268438","p1":"Qapi","p2":"ToastSlayer","format":"[Gen 9] National Dex Doubles","log":"|j|\u2606Qapi\n|j|\u2606ToastSlayer\n|t:|1695341553\n|gametype|doubles\n|player|p1|Qapi|clown|\n|player|p2|ToastSlayer|plasmagruntf|\n|teamsize|p1|6\n|teamsize|p2|6\n|gen|9\n|tier|[Gen 9] National Dex Doubles\n|rule|HP Percentage Mod: HP is shown in percentages\n|rule|Endless Battle Clause: Forcing endless battles is banned\n|rule|OHKO Clause: OHKO moves are banned\n|rule|Evasion Moves Clause: Evasion moves are banned\n|rule|Evasion Abilities Clause: Evasion abilities are banned\n|rule|Species Clause: Limit one of each Pok\u00e9mon\n|rule|Gravity Sleep Clause: The combination of sleep-inducing moves with imperfect accuracy and Gravity or Gigantamax Orbeetle are banned\n|clearpoke\n|poke|p1|Orthworm, F|\n|poke|p1|Gyarados, F|\n|poke|p1|Kilowattrel, F|\n|poke|p1|Munkidori, M|\n|poke|p1|Farigiraf, F|\n|poke|p1|Hariyama, F|\n|poke|p2|Gengar, M|\n|poke|p2|Nihilego|\n|poke|p2|Iron Moth|\n|poke|p2|Crobat, F|\n|poke|p2|Grafaiai, F|\n|poke|p2|Venusaur, M|\n|teampreview\n|inactive|Battle timer is ON: inactive players will automatically lose when time's up. (requested by ToastSlayer)\n|c|\u2606ToastSlayer|Good luck!\n|\n|t:|1695341573\n|start\n|switch|p1a: Farigiraf|Farigiraf, F|100\/100\n|switch|p1b: Hariyama|Hariyama, F|100\/100\n|switch|p2a: Iron Moth|Iron Moth|100\/100\n|switch|p2b: Grafaiai|Grafaiai, F|100\/100\n|-enditem|p2a: Iron Moth|Booster Energy\n|-activate|p2a: Iron Moth|ability: Quark Drive|[fromitem]\n|-start|p2a: Iron Moth|quarkdrivespa\n|turn|1\n|\n|t:|1695341591\n|move|p2a: Iron Moth|Protect|p2a: Iron Moth\n|-singleturn|p2a: Iron Moth|Protect\n|move|p1b: Hariyama|Fake Out|p2a: Iron Moth\n|-activate|p2a: Iron Moth|move: Protect\n|move|p2b: Grafaiai|Sunny Day|p2b: Grafaiai\n|-weather|SunnyDay\n|move|p1a: Farigiraf|Trick Room|p1a: Farigiraf\n|-fieldstart|move: Trick Room|[of] p1a: Farigiraf\n|\n|-weather|SunnyDay|[upkeep]\n|-status|p1b: Hariyama|brn|[from] item: Flame Orb\n|upkeep\n|turn|2\n|\n|t:|1695341611\n|move|p2b: Grafaiai|Encore||[still]\n|cant|p1a: Farigiraf|ability: Armor Tail|Encore|[of] p2b: Grafaiai\n|move|p1a: Farigiraf|Psychic|p2b: Grafaiai\n|-supereffective|p2b: Grafaiai\n|-damage|p2b: Grafaiai|0 fnt\n|faint|p2b: Grafaiai\n|move|p1b: Hariyama|Headlong Rush|p2a: Iron Moth\n|-supereffective|p2a: Iron Moth\n|-damage|p2a: Iron Moth|0 fnt\n|-unboost|p1b: Hariyama|def|1\n|-unboost|p1b: Hariyama|spd|1\n|faint|p2a: Iron Moth\n|-end|p2a: Iron Moth|Quark Drive|[silent]\n|\n|-weather|SunnyDay|[upkeep]\n|-damage|p1b: Hariyama|94\/100 brn|[from] brn\n|upkeep\n|inactive|ToastSlayer has 270 seconds left.\n|\n|t:|1695341633\n|switch|p2b: Nihilego|Nihilego|100\/100\n|switch|p2a: Crobat|Crobat, F|100\/100\n|turn|3\n|\n|t:|1695341650\n|move|p1a: Farigiraf|Hyper Voice|p2b: Nihilego|[spread] p2a,p2b\n|-resisted|p2b: Nihilego\n|-damage|p2a: Crobat|59\/100\n|-damage|p2b: Nihilego|87\/100\n|move|p1b: Hariyama|Ice Punch|p2a: Crobat\n|-supereffective|p2a: Crobat\n|-damage|p2a: Crobat|0 fnt\n|faint|p2a: Crobat\n|move|p2b: Nihilego|Dazzling Gleam|p1a: Farigiraf|[spread] p1a,p1b\n|-supereffective|p1b: Hariyama\n|-damage|p1a: Farigiraf|68\/100\n|-damage|p1b: Hariyama|0 fnt\n|faint|p1b: Hariyama\n|-ability|p2b: Nihilego|Beast Boost|boost\n|-boost|p2b: Nihilego|spa|1\n|\n|-weather|SunnyDay|[upkeep]\n|upkeep\n|\n|t:|1695341662\n|switch|p1b: Gyarados|Gyarados, F|100\/100\n|switch|p2a: Gengar|Gengar, M|100\/100\n|-item|p2a: Gengar|Air Balloon\n|turn|4\n|\n|t:|1695341670\n|move|p1a: Farigiraf|Psychic|p2a: Gengar\n|-supereffective|p2a: Gengar\n|-damage|p2a: Gengar|0 fnt\n|-start|p1a: Farigiraf|Disable|Psychic|[from] ability: Cursed Body|[of] p2a: Gengar\n|-enditem|p2a: Gengar|Air Balloon\n|faint|p2a: Gengar\n|move|p1b: Gyarados|Earthquake|p2b: Nihilego|[spread] p1a,p2b\n|-supereffective|p2b: Nihilego\n|-damage|p1a: Farigiraf|41\/100\n|-damage|p2b: Nihilego|0 fnt\n|faint|p2b: Nihilego\n|-ability|p1b: Gyarados|Moxie|boost\n|-boost|p1b: Gyarados|atk|1\n|\n|-weather|SunnyDay|[upkeep]\n|upkeep\n|\n|t:|1695341673\n|switch|p2b: Venusaur|Venusaur, M|100\/100\n|turn|5\n|\n|t:|1695341684\n|detailschange|p2b: Venusaur|Venusaur-Mega, M\n|-mega|p2b: Venusaur|Venusaur|Venusaurite\n|move|p1a: Farigiraf|Hyper Voice|p2b: Venusaur\n|-damage|p2b: Venusaur|60\/100\n|move|p2b: Venusaur|Energy Ball|p1b: Gyarados\n|-damage|p1b: Gyarados|45\/100\n|move|p1b: Gyarados|Earthquake|p2b: Venusaur|[spread] p1a,p2b\n|-damage|p1a: Farigiraf|0 fnt\n|-damage|p2b: Venusaur|26\/100\n|faint|p1a: Farigiraf\n|-ability|p1b: Gyarados|Moxie|boost\n|-boost|p1b: Gyarados|atk|1\n|\n|-weather|SunnyDay|[upkeep]\n|-fieldend|move: Trick Room\n|upkeep\n|\n|t:|1695341691\n|switch|p1a: Munkidori|Munkidori, M|100\/100\n|turn|6\n|\n|t:|1695341698\n|move|p1a: Munkidori|Psychic|p2b: Venusaur\n|-supereffective|p2b: Venusaur\n|-crit|p2b: Venusaur\n|-damage|p2b: Venusaur|0 fnt\n|faint|p2b: Venusaur\n|-damage|p1a: Munkidori|91\/100|[from] item: Life Orb\n|\n|win|Qapi\n","uploadtime":1695341710,"views":11,"p1id":"qapi","p2id":"toastslayer","formatid":"gen9nationaldexdoubles","rating":0,"private":0,"password":""}