{"id":"gen9nationaldexdoubles-1977157160","p1":"Numa no Kage","p2":"helpingoisingone","format":"[Gen 9] National Dex Doubles","log":"|j|\u2606Numa no Kage\n|j|\u2606helpingoisingone\n|t:|1698378537\n|gametype|doubles\n|player|p1|Numa no Kage|acetrainer|1310\n|player|p2|helpingoisingone|emmet|1471\n|teamsize|p1|6\n|teamsize|p2|6\n|gen|9\n|tier|[Gen 9] National Dex Doubles\n|rated|\n|rule|HP Percentage Mod: HP is shown in percentages\n|rule|Endless Battle Clause: Forcing endless battles is banned\n|rule|OHKO Clause: OHKO moves are banned\n|rule|Evasion Moves Clause: Evasion moves are banned\n|rule|Evasion Abilities Clause: Evasion abilities are banned\n|rule|Species Clause: Limit one of each Pok\u00e9mon\n|rule|Gravity Sleep Clause: The combination of sleep-inducing moves with imperfect accuracy and Gravity or Gigantamax Orbeetle are banned\n|clearpoke\n|poke|p1|Tapu Koko|\n|poke|p1|Iron Treads|\n|poke|p1|Aerodactyl, M|\n|poke|p1|Wo-Chien|\n|poke|p1|Kommo-o, F|\n|poke|p1|Murkrow, F|\n|poke|p2|Blacephalon|\n|poke|p2|Indeedee-F, F|\n|poke|p2|Walking Wake|\n|poke|p2|Torkoal, F|\n|poke|p2|Lilligant-Hisui, F|\n|poke|p2|Charizard, F|\n|teampreview\n|inactive|Battle timer is ON: inactive players will automatically lose when time's up. (requested by helpingoisingone)\n|inactive|Numa no Kage also wants the timer to be on.\n|\n|t:|1698378548\n|start\n|switch|p1a: Komi-san|Kommo-o, F|100\/100\n|switch|p1b: Bruxa 71|Murkrow, F, shiny|100\/100\n|switch|p2a: Charizard|Charizard, F|100\/100\n|switch|p2b: Lilligant|Lilligant-Hisui, F|100\/100\n|turn|1\n|\n|t:|1698378560\n|detailschange|p2a: Charizard|Charizard-Mega-Y, F\n|-mega|p2a: Charizard|Charizard|Charizardite Y\n|-weather|SunnyDay|[from] ability: Drought|[of] p2a: Charizard\n|move|p1b: Bruxa 71|Tailwind|p1b: Bruxa 71\n|-sidestart|p1: Numa no Kage|move: Tailwind\n|move|p2b: Lilligant|Ice Spinner|p1a: Komi-san\n|-supereffective|p1a: Komi-san\n|-damage|p1a: Komi-san|48\/100\n|-zpower|p1a: Komi-san\n|move|p1a: Komi-san|Clangorous Soulblaze|p2b: Lilligant|[zeffect]|[spread] p2a,p2b\n|-damage|p2a: Charizard|51\/100\n|-damage|p2b: Lilligant|30\/100\n|-boost|p1a: Komi-san|atk|1\n|-boost|p1a: Komi-san|def|1\n|-boost|p1a: Komi-san|spa|1\n|-boost|p1a: Komi-san|spd|1\n|-boost|p1a: Komi-san|spe|1\n|move|p2a: Charizard|Scorching Sands|p1a: Komi-san\n|-damage|p1a: Komi-san|25\/100\n|\n|-weather|SunnyDay|[upkeep]\n|upkeep\n|turn|2\n|c|\u2606helpingoisingone|Bruxa do 71\n|inactive|Numa no Kage has 120 seconds left.\n|\n|t:|1698378591\n|move|p1b: Bruxa 71|Sucker Punch|p2a: Charizard\n|-damage|p2a: Charizard|21\/100\n|move|p1a: Komi-san|Drain Punch|p2b: Lilligant\n|-damage|p2b: Lilligant|0 fnt\n|-heal|p1a: Komi-san|39\/100|[from] drain|[of] p2b: Lilligant\n|faint|p2b: Lilligant\n|move|p2a: Charizard|Heat Wave|p1a: Komi-san|[spread] p1a,p1b\n|-resisted|p1a: Komi-san\n|-damage|p1a: Komi-san|12\/100\n|-damage|p1b: Bruxa 71|50\/100\n|\n|-weather|SunnyDay|[upkeep]\n|upkeep\n|inactive|helpingoisingone has 120 seconds left.\n|\n|t:|1698378612\n|switch|p2b: Torkoal|Torkoal, F|100\/100\n|turn|3\n|\n|t:|1698378623\n|move|p1b: Bruxa 71|Sucker Punch|p2a: Charizard\n|-damage|p2a: Charizard|0 fnt\n|faint|p2a: Charizard\n|move|p1a: Komi-san|Earthquake|p2b: Torkoal|[spread] p2b\n|-immune|p1b: Bruxa 71\n|-supereffective|p2b: Torkoal\n|-damage|p2b: Torkoal|49\/100\n|move|p2b: Torkoal|Heat Wave|p1b: Bruxa 71|[spread] p1a,p1b\n|-resisted|p1a: Komi-san\n|-damage|p1a: Komi-san|0 fnt\n|-damage|p1b: Bruxa 71|11\/100\n|faint|p1a: Komi-san\n|\n|-weather|SunnyDay|[upkeep]\n|upkeep\n|\n|t:|1698378643\n|switch|p2a: Blacephalon|Blacephalon|100\/100\n|switch|p1a: Floquinho|Wo-Chien|100\/100\n|-ability|p1a: Floquinho|Tablets of Ruin\n|turn|4\n|\n|t:|1698378657\n|move|p1b: Bruxa 71|Sucker Punch|p2a: Blacephalon\n|-supereffective|p2a: Blacephalon\n|-damage|p2a: Blacephalon|32\/100\n|move|p2a: Blacephalon|Heat Wave|p1a: Floquinho|[spread] \n|-miss|p2a: Blacephalon|p1a: Floquinho\n|-miss|p2a: Blacephalon|p1b: Bruxa 71\n|move|p1a: Floquinho|Snarl|p2b: Torkoal|[spread] p2a,p2b\n|-supereffective|p2a: Blacephalon\n|-damage|p2a: Blacephalon|0 fnt\n|-damage|p2b: Torkoal|24\/100\n|-unboost|p2b: Torkoal|spa|1\n|faint|p2a: Blacephalon\n|move|p2b: Torkoal|Heat Wave|p1b: Bruxa 71|[spread] p1b\n|-miss|p2b: Torkoal|p1a: Floquinho\n|-crit|p1b: Bruxa 71\n|-damage|p1b: Bruxa 71|0 fnt\n|faint|p1b: Bruxa 71\n|\n|-weather|SunnyDay|[upkeep]\n|-sideend|p1: Numa no Kage|move: Tailwind\n|upkeep\n|\n|t:|1698378674\n|switch|p2a: Walking Wake|Walking Wake|100\/100\n|switch|p1b: Rock Dragon|Aerodactyl, M|100\/100\n|-ability|p1b: Rock Dragon|Pressure\n|-activate|p2a: Walking Wake|ability: Protosynthesis\n|-start|p2a: Walking Wake|protosynthesisspa\n|turn|5\n|\n|t:|1698378683\n|switch|p2b: Indeedee|Indeedee-F, F|100\/100\n|-fieldstart|move: Psychic Terrain|[from] ability: Psychic Surge|[of] p2b: Indeedee\n|-enditem|p2b: Indeedee|Psychic Seed\n|-boost|p2b: Indeedee|spd|1|[from] item: Psychic Seed\n|detailschange|p1b: Rock Dragon|Aerodactyl-Mega, M\n|-mega|p1b: Rock Dragon|Aerodactyl|Aerodactylite\n|move|p1b: Rock Dragon|Dual Wingbeat|p2b: Indeedee\n|-damage|p2b: Indeedee|67\/100\n|-damage|p2b: Indeedee|35\/100\n|-hitcount|p2b: Indeedee|2\n|move|p2a: Walking Wake|Hydro Steam|p1b: Rock Dragon\n|-supereffective|p1b: Rock Dragon\n|-damage|p1b: Rock Dragon|0 fnt\n|faint|p1b: Rock Dragon\n|-damage|p2a: Walking Wake|91\/100|[from] item: Life Orb\n|move|p1a: Floquinho|Giga Drain|p2a: Walking Wake\n|-damage|p2a: Walking Wake|50\/100\n|\n|-weather|none\n|-end|p2a: Walking Wake|Protosynthesis\n|upkeep\n|\n|t:|1698378705\n|switch|p1b: Kolo Muani|Tapu Koko, shiny|100\/100\n|-fieldstart|move: Electric Terrain|[from] ability: Electric Surge|[of] p1b: Kolo Muani\n|turn|6\n|\n|t:|1698378723\n|-terastallize|p2a: Walking Wake|Water\n|move|p2b: Indeedee|Follow Me|p2b: Indeedee\n|-singleturn|p2b: Indeedee|move: Follow Me\n|move|p1b: Kolo Muani|Dazzling Gleam|p2a: Walking Wake|[spread] p2a,p2b\n|-damage|p2a: Walking Wake|16\/100\n|-damage|p2b: Indeedee|18\/100\n|move|p2a: Walking Wake|Hydro Steam|p1b: Kolo Muani\n|-damage|p1b: Kolo Muani|0 fnt\n|faint|p1b: Kolo Muani\n|-damage|p2a: Walking Wake|6\/100|[from] item: Life Orb\n|move|p1a: Floquinho|Giga Drain|p2b: Indeedee\n|-damage|p2b: Indeedee|0 fnt\n|faint|p2b: Indeedee\n|\n|upkeep\n|\n|t:|1698378738\n|switch|p1b: Donmenic|Iron Treads, shiny|100\/100\n|switch|p2b: Torkoal|Torkoal, F|24\/100\n|-activate|p1b: Donmenic|ability: Quark Drive\n|-start|p1b: Donmenic|quarkdriveatk\n|-enditem|p1b: Donmenic|Electric Seed\n|-boost|p1b: Donmenic|def|1|[from] item: Electric Seed\n|-weather|SunnyDay|[from] ability: Drought|[of] p2b: Torkoal\n|-activate|p2a: Walking Wake|ability: Protosynthesis\n|-start|p2a: Walking Wake|protosynthesisspa\n|turn|7\n|\n|t:|1698378755\n|move|p2a: Walking Wake|Hydro Steam|p1b: Donmenic\n|-supereffective|p1b: Donmenic\n|-damage|p1b: Donmenic|0 fnt\n|faint|p1b: Donmenic\n|-end|p1b: Donmenic|Quark Drive|[silent]\n|-damage|p2a: Walking Wake|0 fnt|[from] item: Life Orb\n|faint|p2a: Walking Wake\n|-end|p2a: Walking Wake|Protosynthesis|[silent]\n|move|p1a: Floquinho|Snarl|p2b: Torkoal\n|-damage|p2b: Torkoal|0 fnt\n|faint|p2b: Torkoal\n|\n|win|Numa no Kage\n|raw|Numa no Kage's rating: 1310 &rarr; <strong>1339<\/strong><br \/>(+29 for winning)\n|raw|helpingoisingone's rating: 1471 &rarr; <strong>1442<\/strong><br \/>(-29 for losing)\n|c|\u2606helpingoisingone|Gg mano\n|c|\u2606Numa no Kage|GG cara\n|c|\u2606Numa no Kage|Brasileiro?\n","uploadtime":1698378804,"views":7,"p1id":"numanokage","p2id":"helpingoisingone","formatid":"gen9nationaldexdoubles","rating":1339,"private":0,"password":""}