{"id":"gen9nationaldexdoubles-1957758181","p1":"woshihaiwang55555","p2":"KingGodzila","format":"[Gen 9] National Dex Doubles","log":"|j|\u2606woshihaiwang55555\n|j|\u2606KingGodzila\n|t:|1696258844\n|gametype|doubles\n|player|p1|woshihaiwang55555|veteranf|\n|player|p2|KingGodzila|bugsy|\n|teamsize|p1|6\n|teamsize|p2|6\n|gen|9\n|tier|[Gen 9] National Dex Doubles\n|rule|HP Percentage Mod: HP is shown in percentages\n|rule|Endless Battle Clause: Forcing endless battles is banned\n|rule|OHKO Clause: OHKO moves are banned\n|rule|Evasion Moves Clause: Evasion moves are banned\n|rule|Evasion Abilities Clause: Evasion abilities are banned\n|rule|Species Clause: Limit one of each Pok\u00e9mon\n|rule|Gravity Sleep Clause: The combination of sleep-inducing moves with imperfect accuracy and Gravity or Gigantamax Orbeetle are banned\n|clearpoke\n|poke|p1|Cramorant, F|\n|poke|p1|Wishiwashi, M|\n|poke|p1|Manaphy|\n|poke|p1|Amoonguss, M|\n|poke|p1|Slowking, M|\n|poke|p1|Swampert, M|\n|poke|p2|Vikavolt, M|\n|poke|p2|Lokix, M|\n|poke|p2|Golisopod, M|\n|poke|p2|Cresselia, F|\n|poke|p2|Escavalier, M|\n|poke|p2|Whirlipede, M|\n|teampreview\n|\n|t:|1696258871\n|start\n|switch|p1a: Manaphy|Manaphy|100\/100\n|switch|p1b: Amoonguss|Amoonguss, M|100\/100\n|switch|p2a: \u7f8e\u68a6\u8001\u5988|Cresselia, F|100\/100\n|switch|p2b: \u80fd\u8fdb\u80fd\u9000\u65b9\u6b66\u8005|Golisopod, M, shiny|100\/100\n|turn|1\n|inactive|Battle timer is ON: inactive players will automatically lose when time's up. (requested by woshihaiwang55555)\n|\n|t:|1696258897\n|switch|p2a: \u4e00\u592b\u5f53\u5173\u4e3a\u9a91\u58eb|Escavalier, M|100\/100\n|move|p1a: Manaphy|Tail Glow|p1a: Manaphy\n|-boost|p1a: Manaphy|spa|3\n|move|p1b: Amoonguss|Spore|p2b: \u80fd\u8fdb\u80fd\u9000\u65b9\u6b66\u8005\n|-status|p2b: \u80fd\u8fdb\u80fd\u9000\u65b9\u6b66\u8005|slp|[from] move: Spore\n|cant|p2b: \u80fd\u8fdb\u80fd\u9000\u65b9\u6b66\u8005|slp\n|\n|upkeep\n|turn|2\n|\n|t:|1696258917\n|move|p1a: Manaphy|Tail Glow|p1a: Manaphy\n|-boost|p1a: Manaphy|spa|3\n|move|p1b: Amoonguss|Spore|p2a: \u4e00\u592b\u5f53\u5173\u4e3a\u9a91\u58eb\n|-immune|p2a: \u4e00\u592b\u5f53\u5173\u4e3a\u9a91\u58eb|[from] ability: Overcoat\n|cant|p2b: \u80fd\u8fdb\u80fd\u9000\u65b9\u6b66\u8005|slp\n|move|p2a: \u4e00\u592b\u5f53\u5173\u4e3a\u9a91\u58eb|X-Scissor|p1b: Amoonguss\n|-damage|p1b: Amoonguss|49\/100\n|-damage|p2a: \u4e00\u592b\u5f53\u5173\u4e3a\u9a91\u58eb|91\/100|[from] item: Life Orb\n|\n|-heal|p1b: Amoonguss|55\/100|[from] item: Black Sludge\n|upkeep\n|turn|3\n|\n|t:|1696258941\n|move|p1a: Manaphy|Baton Pass|p1a: Manaphy\n|\n|t:|1696258944\n|switch|p1a: Cramorant|Cramorant, F|100\/100|[from] Baton Pass\n|move|p1b: Amoonguss|Energy Ball|p2b: \u80fd\u8fdb\u80fd\u9000\u65b9\u6b66\u8005\n|-damage|p2b: \u80fd\u8fdb\u80fd\u9000\u65b9\u6b66\u8005|70\/100 slp\n|cant|p2b: \u80fd\u8fdb\u80fd\u9000\u65b9\u6b66\u8005|slp\n|move|p2a: \u4e00\u592b\u5f53\u5173\u4e3a\u9a91\u58eb|X-Scissor|p1a: Cramorant\n|-resisted|p1a: Cramorant\n|-damage|p1a: Cramorant|44\/100\n|-damage|p2a: \u4e00\u592b\u5f53\u5173\u4e3a\u9a91\u58eb|81\/100|[from] item: Life Orb\n|\n|-heal|p1b: Amoonguss|62\/100|[from] item: Black Sludge\n|upkeep\n|turn|4\n|inactive|woshihaiwang55555 has 270 seconds left.\n|\n|t:|1696258981\n|move|p1b: Amoonguss|Rage Powder|p1b: Amoonguss\n|-singleturn|p1b: Amoonguss|move: Rage Powder\n|move|p1a: Cramorant|Surf|p2a: \u4e00\u592b\u5f53\u5173\u4e3a\u9a91\u58eb|[spread] p1b,p2a,p2b\n|-formechange|p1a: Cramorant|Cramorant-Gorging|\n|-resisted|p1b: Amoonguss\n|-resisted|p2b: \u80fd\u8fdb\u80fd\u9000\u65b9\u6b66\u8005\n|-damage|p1b: Amoonguss|15\/100\n|-damage|p2a: \u4e00\u592b\u5f53\u5173\u4e3a\u9a91\u58eb|0 fnt\n|-damage|p2b: \u80fd\u8fdb\u80fd\u9000\u65b9\u6b66\u8005|17\/100 slp\n|faint|p2a: \u4e00\u592b\u5f53\u5173\u4e3a\u9a91\u58eb\n|-activate|p2b: \u80fd\u8fdb\u80fd\u9000\u65b9\u6b66\u8005|ability: Emergency Exit\n|\n|t:|1696258992\n|switch|p2b: \u7f8e\u68a6\u8001\u5988|Cresselia, F|100\/100\n|\n|-heal|p1b: Amoonguss|21\/100|[from] item: Black Sludge\n|upkeep\n|\n|t:|1696258999\n|switch|p2a: \u70c8\u817f\u8757\u4fa0|Lokix, M|100\/100\n|turn|5\n|\n|t:|1696259013\n|switch|p2b: \u80fd\u8fdb\u80fd\u9000\u65b9\u6b66\u8005|Golisopod, M, shiny|17\/100 slp\n|switch|p1b: Slowking|Slowking, M|100\/100\n|move|p2a: \u70c8\u817f\u8757\u4fa0|First Impression|p1a: Cramorant\n|-resisted|p1a: Cramorant\n|-crit|p1a: Cramorant\n|-damage|p1a: Cramorant|0 fnt\n|-damage|p2a: \u70c8\u817f\u8757\u4fa0|76\/100|[from] ability: Gulp Missile|[of] p1a: Cramorant\n|-status|p2a: \u70c8\u817f\u8757\u4fa0|par\n|-formechange|p1a: Cramorant|Cramorant|\n|faint|p1a: Cramorant\n|-damage|p2a: \u70c8\u817f\u8757\u4fa0|66\/100 par|[from] item: Life Orb\n|\n|upkeep\n|\n|t:|1696259024\n|switch|p1a: Swampert|Swampert, M|100\/100\n|turn|6\n|\n|t:|1696259040\n|detailschange|p1a: Swampert|Swampert-Mega, M\n|-mega|p1a: Swampert|Swampert|Swampertite\n|move|p1a: Swampert|Liquidation|p2a: \u70c8\u817f\u8757\u4fa0\n|-damage|p2a: \u70c8\u817f\u8757\u4fa0|0 fnt\n|faint|p2a: \u70c8\u817f\u8757\u4fa0\n|move|p1b: Slowking|Rain Dance|p1b: Slowking\n|-weather|RainDance\n|-curestatus|p2b: \u80fd\u8fdb\u80fd\u9000\u65b9\u6b66\u8005|slp|[msg]\n|move|p2b: \u80fd\u8fdb\u80fd\u9000\u65b9\u6b66\u8005|Liquidation|p1a: Swampert\n|-damage|p1a: Swampert|37\/100\n|\n|-weather|RainDance|[upkeep]\n|upkeep\n|\n|t:|1696259052\n|switch|p2a: \u7f8e\u68a6\u8001\u5988|Cresselia, F|100\/100\n|turn|7\n|\n|t:|1696259062\n|move|p1b: Slowking|Helping Hand|p1a: Swampert\n|-singleturn|p1a: Swampert|Helping Hand|[of] p1b: Slowking\n|move|p1a: Swampert|Liquidation|p2a: \u7f8e\u68a6\u8001\u5988\n|-damage|p2a: \u7f8e\u68a6\u8001\u5988|33\/100\n|-unboost|p2a: \u7f8e\u68a6\u8001\u5988|def|1\n|move|p2b: \u80fd\u8fdb\u80fd\u9000\u65b9\u6b66\u8005|Knock Off|p1b: Slowking\n|-supereffective|p1b: Slowking\n|-damage|p1b: Slowking|44\/100\n|-enditem|p1b: Slowking|Mental Herb|[from] move: Knock Off|[of] p2b: \u80fd\u8fdb\u80fd\u9000\u65b9\u6b66\u8005\n|move|p2a: \u7f8e\u68a6\u8001\u5988|Trick Room|p2a: \u7f8e\u68a6\u8001\u5988\n|-fieldstart|move: Trick Room|[of] p2a: \u7f8e\u68a6\u8001\u5988\n|\n|-weather|RainDance|[upkeep]\n|-heal|p2a: \u7f8e\u68a6\u8001\u5988|39\/100|[from] item: Leftovers\n|upkeep\n|turn|8\n|inactive|woshihaiwang55555 has 270 seconds left.\n|inactive|KingGodzila has 270 seconds left.\n|\n|t:|1696259104\n|switch|p1a: Amoonguss|Amoonguss, M|55\/100\n|move|p2b: \u80fd\u8fdb\u80fd\u9000\u65b9\u6b66\u8005|Liquidation|p1a: Amoonguss\n|-resisted|p1a: Amoonguss\n|-damage|p1a: Amoonguss|27\/100\n|move|p1b: Slowking|Thunder Wave|p2a: \u7f8e\u68a6\u8001\u5988\n|-status|p2a: \u7f8e\u68a6\u8001\u5988|par\n|cant|p2a: \u7f8e\u68a6\u8001\u5988|par\n|\n|-weather|RainDance|[upkeep]\n|-heal|p2a: \u7f8e\u68a6\u8001\u5988|46\/100 par|[from] item: Leftovers\n|-heal|p1a: Amoonguss|33\/100|[from] item: Black Sludge\n|upkeep\n|turn|9\n|inactive|woshihaiwang55555 has 270 seconds left.\n|inactive|KingGodzila has 270 seconds left.\n|\n|t:|1696259143\n|switch|p1b: Wishiwashi|Wishiwashi, M|100\/100\n|-formechange|p1b: Wishiwashi|Wishiwashi-School||[from] ability: Schooling\n|move|p2b: \u80fd\u8fdb\u80fd\u9000\u65b9\u6b66\u8005|Knock Off|p1a: Amoonguss\n|-damage|p1a: Amoonguss|7\/100\n|-enditem|p1a: Amoonguss|Black Sludge|[from] move: Knock Off|[of] p2b: \u80fd\u8fdb\u80fd\u9000\u65b9\u6b66\u8005\n|move|p2a: \u7f8e\u68a6\u8001\u5988|Lunar Dance|p2a: \u7f8e\u68a6\u8001\u5988\n|faint|p2a: \u7f8e\u68a6\u8001\u5988\n|move|p1a: Amoonguss|Spore|p2b: \u80fd\u8fdb\u80fd\u9000\u65b9\u6b66\u8005\n|-status|p2b: \u80fd\u8fdb\u80fd\u9000\u65b9\u6b66\u8005|slp|[from] move: Spore\n|\n|-weather|RainDance|[upkeep]\n|upkeep\n|inactive|KingGodzila has 270 seconds left.\n|\n|t:|1696259159\n|switch|p2a: \u7535\u5149\u8f68\u9053\u70ae|Vikavolt, M|100\/100\n|turn|10\n|j| XiuKaiMeiLiZhi\n|inactive|woshihaiwang55555 has 270 seconds left.\n|\n|t:|1696259177\n|cant|p2b: \u80fd\u8fdb\u80fd\u9000\u65b9\u6b66\u8005|slp\n|move|p2a: \u7535\u5149\u8f68\u9053\u70ae|Discharge|p1a: Amoonguss|[spread] p2b,p1a,p1b\n|-supereffective|p2b: \u80fd\u8fdb\u80fd\u9000\u65b9\u6b66\u8005\n|-resisted|p1a: Amoonguss\n|-supereffective|p1b: Wishiwashi\n|-damage|p2b: \u80fd\u8fdb\u80fd\u9000\u65b9\u6b66\u8005|0 fnt\n|-damage|p1a: Amoonguss|0 fnt\n|-damage|p1b: Wishiwashi|8\/100\n|-status|p1b: Wishiwashi|par\n|faint|p2b: \u80fd\u8fdb\u80fd\u9000\u65b9\u6b66\u8005\n|faint|p1a: Amoonguss\n|-damage|p2a: \u7535\u5149\u8f68\u9053\u70ae|91\/100|[from] item: Life Orb\n|move|p1b: Wishiwashi|Liquidation|p2a: \u7535\u5149\u8f68\u9053\u70ae\n|-damage|p2a: \u7535\u5149\u8f68\u9053\u70ae|4\/100\n|\n|-weather|none\n|-formechange|p1b: Wishiwashi|Wishiwashi||[from] ability: Schooling\n|upkeep\n|inactive|woshihaiwang55555 has 270 seconds left.\n|\n|t:|1696259199\n|switch|p2b: \u4e38\u5b50\u9f99|Whirlipede, M, shiny|100\/100\n|switch|p1a: Slowking|Slowking, M|77\/100\n|turn|11\n|\n|t:|1696259217\n|move|p1b: Wishiwashi|Rest|p1b: Wishiwashi\n|-status|p1b: Wishiwashi|slp|[from] move: Rest\n|-heal|p1b: Wishiwashi|100\/100 slp|[silent]\n|move|p2a: \u7535\u5149\u8f68\u9053\u70ae|Discharge|p1b: Wishiwashi|[spread] p2b,p1a,p1b\n|-supereffective|p1a: Slowking\n|-crit|p1a: Slowking\n|-supereffective|p1b: Wishiwashi\n|-damage|p2b: \u4e38\u5b50\u9f99|65\/100\n|-damage|p1a: Slowking|0 fnt\n|-damage|p1b: Wishiwashi|0 fnt\n|faint|p1a: Slowking\n|faint|p1b: Wishiwashi\n|-damage|p2a: \u7535\u5149\u8f68\u9053\u70ae|0 fnt|[from] item: Life Orb\n|faint|p2a: \u7535\u5149\u8f68\u9053\u70ae\n|move|p2b: \u4e38\u5b50\u9f99|Toxic Spikes|p1: Slowking\n|-sidestart|p1: woshihaiwang55555|move: Toxic Spikes\n|\n|-fieldend|move: Trick Room\n|upkeep\n|\n|t:|1696259226\n|switch|p1b: Swampert|Swampert-Mega, M|37\/100\n|switch|p1a: Manaphy|Manaphy|100\/100\n|-status|p1a: Manaphy|psn\n|-status|p1b: Swampert|psn\n|turn|12\n|\n|t:|1696259240\n|move|p2b: \u4e38\u5b50\u9f99|Protect|p2b: \u4e38\u5b50\u9f99\n|-singleturn|p2b: \u4e38\u5b50\u9f99|Protect\n|move|p1a: Manaphy|Hydro Pump|p2b: \u4e38\u5b50\u9f99\n|-activate|p2b: \u4e38\u5b50\u9f99|move: Protect\n|move|p1b: Swampert|Earthquake|p2b: \u4e38\u5b50\u9f99|[spread] p1a\n|-activate|p2b: \u4e38\u5b50\u9f99|move: Protect\n|-damage|p1a: Manaphy|61\/100 psn\n|\n|-heal|p1a: Manaphy|67\/100 psn|[from] item: Leftovers\n|-damage|p1a: Manaphy|55\/100 psn|[from] psn\n|-damage|p1b: Swampert|25\/100 psn|[from] psn\n|upkeep\n|turn|13\n|\n|t:|1696259253\n|move|p2b: \u4e38\u5b50\u9f99|Protect||[still]\n|-fail|p2b: \u4e38\u5b50\u9f99\n|move|p1a: Manaphy|Hydro Pump|p2b: \u4e38\u5b50\u9f99|[miss]\n|-miss|p1a: Manaphy|p2b: \u4e38\u5b50\u9f99\n|move|p1b: Swampert|Brick Break|p2b: \u4e38\u5b50\u9f99\n|-resisted|p2b: \u4e38\u5b50\u9f99\n|-damage|p2b: \u4e38\u5b50\u9f99|59\/100\n|\n|-heal|p1a: Manaphy|61\/100 psn|[from] item: Leftovers\n|-damage|p1a: Manaphy|49\/100 psn|[from] psn\n|-damage|p1b: Swampert|13\/100 psn|[from] psn\n|upkeep\n|turn|14\n|\n|t:|1696259270\n|move|p1a: Manaphy|Hydro Pump|p2b: \u4e38\u5b50\u9f99\n|-damage|p2b: \u4e38\u5b50\u9f99|31\/100\n|move|p1b: Swampert|Liquidation|p2b: \u4e38\u5b50\u9f99\n|-damage|p2b: \u4e38\u5b50\u9f99|0 fnt\n|faint|p2b: \u4e38\u5b50\u9f99\n|\n|win|woshihaiwang55555\n|l|\u2606woshihaiwang55555\n","uploadtime":1696259341,"views":20,"p1id":"woshihaiwang55555","p2id":"kinggodzila","formatid":"gen9nationaldexdoubles","rating":0,"private":0,"password":""}