{"id":"gen9nationaldexdoubles-1957677877","p1":"Voadera","p2":"masterash","format":"[Gen 9] National Dex Doubles","log":"|j|\u2606Voadera\n|j|\u2606masterash\n|t:|1696252386\n|gametype|doubles\n|player|p1|Voadera|dancer|1149\n|player|p2|masterash|ash|1237\n|teamsize|p1|6\n|teamsize|p2|6\n|gen|9\n|tier|[Gen 9] National Dex Doubles\n|rated|\n|rule|HP Percentage Mod: HP is shown in percentages\n|rule|Endless Battle Clause: Forcing endless battles is banned\n|rule|OHKO Clause: OHKO moves are banned\n|rule|Evasion Moves Clause: Evasion moves are banned\n|rule|Evasion Abilities Clause: Evasion abilities are banned\n|rule|Species Clause: Limit one of each Pok\u00e9mon\n|rule|Gravity Sleep Clause: The combination of sleep-inducing moves with imperfect accuracy and Gravity or Gigantamax Orbeetle are banned\n|clearpoke\n|poke|p1|Gardevoir, M|\n|poke|p1|Kommo-o, F|\n|poke|p1|Samurott-Hisui, F|\n|poke|p1|Ceruledge, F|\n|poke|p1|Nidoking, M|\n|poke|p1|Galvantula, M|\n|poke|p2|Empoleon, M|\n|poke|p2|Lopunny, F|\n|poke|p2|Pachirisu, M|\n|poke|p2|Typhlosion-Hisui, M|\n|poke|p2|Mamoswine, M|\n|poke|p2|Togekiss, F|\n|teampreview\n|\n|t:|1696252390\n|start\n|switch|p1a: Galvantula|Galvantula, M|100\/100\n|switch|p1b: Samurott|Samurott-Hisui, F|100\/100\n|switch|p2a: Benjamin|Empoleon, M|100\/100\n|switch|p2b: Hadassah|Lopunny, F|100\/100\n|turn|1\n|inactive|Battle timer is ON: inactive players will automatically lose when time's up. (requested by Voadera)\n|\n|t:|1696252411\n|detailschange|p2b: Hadassah|Lopunny-Mega, F\n|-mega|p2b: Hadassah|Lopunny|Lopunnite\n|move|p2b: Hadassah|Fake Out|p1a: Galvantula\n|-damage|p1a: Galvantula|58\/100\n|cant|p1a: Galvantula|flinch\n|move|p1b: Samurott|Sacred Sword|p2a: Benjamin\n|-supereffective|p2a: Benjamin\n|-damage|p2a: Benjamin|0 fnt\n|faint|p2a: Benjamin\n|\n|upkeep\n|\n|t:|1696252421\n|switch|p2a: Klep|Pachirisu, M|100\/100\n|turn|2\n|inactive|Voadera has 120 seconds left.\n|\n|t:|1696252453\n|move|p2b: Hadassah|Return|p1a: Galvantula\n|-damage|p1a: Galvantula|0 fnt\n|faint|p1a: Galvantula\n|move|p2a: Klep|Nuzzle|p1b: Samurott\n|-supereffective|p1b: Samurott\n|-damage|p1b: Samurott|85\/100\n|-status|p1b: Samurott|par\n|move|p1b: Samurott|Ceaseless Edge|p2b: Hadassah\n|-resisted|p2b: Hadassah\n|-damage|p2b: Hadassah|71\/100\n|-sidestart|p2: masterash|Spikes\n|\n|upkeep\n|inactive|Voadera has 120 seconds left.\n|\n|t:|1696252465\n|switch|p1a: Nidoking|Nidoking, M|100\/100\n|turn|3\n|\n|t:|1696252479\n|move|p1a: Nidoking|Rock Slide|p2a: Klep|[spread] p2a,p2b\n|-resisted|p2b: Hadassah\n|-damage|p2a: Klep|65\/100\n|-damage|p2b: Hadassah|57\/100\n|move|p2b: Hadassah|Drain Punch|p1b: Samurott\n|-supereffective|p1b: Samurott\n|-damage|p1b: Samurott|0 fnt\n|-heal|p2b: Hadassah|100\/100|[from] drain|[of] p1b: Samurott\n|faint|p1b: Samurott\n|move|p2a: Klep|U-turn|p1a: Nidoking\n|-resisted|p1a: Nidoking\n|-damage|p1a: Nidoking|91\/100\n|\n|t:|1696252491\n|switch|p2a: Togekiss|Togekiss, F|100\/100|[from] U-turn\n|\n|upkeep\n|\n|t:|1696252497\n|switch|p1b: Gardevoir|Gardevoir, M|100\/100\n|turn|4\n|\n|t:|1696252506\n|detailschange|p1b: Gardevoir|Gardevoir-Mega, M\n|-mega|p1b: Gardevoir|Gardevoir|Gardevoirite\n|move|p1a: Nidoking|Rock Slide|p2a: Togekiss|[spread] p2a,p2b\n|-supereffective|p2a: Togekiss\n|-resisted|p2b: Hadassah\n|-damage|p2a: Togekiss|52\/100\n|-damage|p2b: Hadassah|86\/100\n|move|p2b: Hadassah|Return|p1b: Gardevoir\n|-damage|p1b: Gardevoir|0 fnt\n|faint|p1b: Gardevoir\n|move|p2a: Togekiss|Air Slash|p1a: Nidoking\n|-damage|p1a: Nidoking|42\/100\n|\n|upkeep\n|\n|t:|1696252516\n|switch|p1b: Kommo-o|Kommo-o, F|100\/100\n|turn|5\n|\n|t:|1696252526\n|-terastallize|p1a: Nidoking|Rock\n|move|p1a: Nidoking|Rock Slide|p2b: Hadassah|[spread] p2a,p2b\n|-supereffective|p2a: Togekiss\n|-resisted|p2b: Hadassah\n|-damage|p2a: Togekiss|0 fnt\n|-damage|p2b: Hadassah|64\/100\n|faint|p2a: Togekiss\n|move|p2b: Hadassah|Ice Punch|p1b: Kommo-o\n|-supereffective|p1b: Kommo-o\n|-damage|p1b: Kommo-o|50\/100\n|-zpower|p1b: Kommo-o\n|move|p1b: Kommo-o|Clangorous Soulblaze|p2b: Hadassah|[zeffect]\n|-damage|p2b: Hadassah|0 fnt\n|faint|p2b: Hadassah\n|-boost|p1b: Kommo-o|atk|1\n|-boost|p1b: Kommo-o|def|1\n|-boost|p1b: Kommo-o|spa|1\n|-boost|p1b: Kommo-o|spd|1\n|-boost|p1b: Kommo-o|spe|1\n|\n|upkeep\n|\n|t:|1696252550\n|switch|p2b: Mamoswine|Mamoswine, M|100\/100\n|switch|p2a: Klep|Pachirisu, M|65\/100\n|-damage|p2b: Mamoswine|88\/100|[from] Spikes\n|turn|6\n|\n|t:|1696252561\n|move|p2b: Mamoswine|Ice Shard|p1b: Kommo-o\n|-supereffective|p1b: Kommo-o\n|-damage|p1b: Kommo-o|13\/100\n|move|p1b: Kommo-o|Clanging Scales|p2a: Klep|[spread] p2a,p2b\n|-damage|p2a: Klep|0 fnt\n|-damage|p2b: Mamoswine|6\/100\n|faint|p2a: Klep\n|-unboost|p1b: Kommo-o|def|1\n|move|p1a: Nidoking|Rock Slide|p2b: Mamoswine|[miss]\n|-miss|p1a: Nidoking|p2b: Mamoswine\n|\n|upkeep\n|\n|t:|1696252571\n|switch|p2a: Typhlosion|Typhlosion-Hisui, M|100\/100\n|-damage|p2a: Typhlosion|88\/100|[from] Spikes\n|-item|p1a: Nidoking|Choice Scarf|[from] ability: Frisk|[of] p2a: Typhlosion|[identify]\n|-item|p1b: Kommo-o|Kommonium Z|[from] ability: Frisk|[of] p2a: Typhlosion|[identify]\n|turn|7\n|\n|t:|1696252581\n|switch|p1b: Ceruledge|Ceruledge, F|100\/100\n|move|p2b: Mamoswine|Ice Shard|p1b: Ceruledge\n|-resisted|p1b: Ceruledge\n|-damage|p1b: Ceruledge|77\/100\n|-ability|p1b: Ceruledge|Weak Armor|boost\n|-unboost|p1b: Ceruledge|def|1\n|-boost|p1b: Ceruledge|spe|2\n|move|p2a: Typhlosion|Shadow Ball|p1a: Nidoking\n|-damage|p1a: Nidoking|0 fnt\n|faint|p1a: Nidoking\n|\n|upkeep\n|\n|t:|1696252584\n|switch|p1a: Kommo-o|Kommo-o, F|13\/100\n|turn|8\n|\n|t:|1696252607\n|-terastallize|p2a: Typhlosion|Fire\n|move|p1b: Ceruledge|Shadow Sneak|p2b: Mamoswine\n|-damage|p2b: Mamoswine|0 fnt\n|faint|p2b: Mamoswine\n|move|p2a: Typhlosion|Shadow Ball|p1b: Ceruledge\n|-supereffective|p1b: Ceruledge\n|-damage|p1b: Ceruledge|0 fnt\n|faint|p1b: Ceruledge\n|move|p1a: Kommo-o|Clanging Scales|p2a: Typhlosion\n|-damage|p2a: Typhlosion|23\/100\n|-unboost|p1a: Kommo-o|def|1\n|\n|upkeep\n|turn|9\n|-message|Voadera forfeited.\n|\n|win|masterash\n|raw|Voadera's rating: 1149 &rarr; <strong>1130<\/strong><br \/>(-19 for losing)\n|raw|masterash's rating: 1237 &rarr; <strong>1256<\/strong><br \/>(+19 for winning)\n|l|\u2606Voadera\n|c|\u2606masterash|GG\n","uploadtime":1696252630,"views":45,"p1id":"voadera","p2id":"masterash","formatid":"gen9nationaldexdoubles","rating":1130,"private":0,"password":""}