{"id":"gen9nationaldexdoubles-1978556690","p1":"Kyro1813","p2":"Mexzoto","format":"[Gen 9] National Dex Doubles","log":"|j|\u2606Kyro1813\n|j|\u2606Mexzoto\n|t:|1698555466\n|gametype|doubles\n|player|p1|Kyro1813|roxie|1000\n|player|p2|Mexzoto|hilbert|1154\n|teamsize|p1|6\n|teamsize|p2|6\n|gen|9\n|tier|[Gen 9] National Dex Doubles\n|rated|\n|rule|HP Percentage Mod: HP is shown in percentages\n|rule|Endless Battle Clause: Forcing endless battles is banned\n|rule|OHKO Clause: OHKO moves are banned\n|rule|Evasion Moves Clause: Evasion moves are banned\n|rule|Evasion Abilities Clause: Evasion abilities are banned\n|rule|Species Clause: Limit one of each Pok\u00e9mon\n|rule|Gravity Sleep Clause: The combination of sleep-inducing moves with imperfect accuracy and Gravity or Gigantamax Orbeetle are banned\n|clearpoke\n|poke|p1|Torkoal, M|\n|poke|p1|Typhlosion-Hisui, F|\n|poke|p1|Amoonguss, M|\n|poke|p1|Heatran, F|\n|poke|p1|Iron Valiant|\n|poke|p1|Glimmora, F|\n|poke|p2|Raichu, M|\n|poke|p2|Pidgeot, M|\n|poke|p2|Blaziken, M|\n|poke|p2|Torterra, M|\n|poke|p2|Inteleon, M|\n|poke|p2|Zoroark, F|\n|teampreview\n|inactive|Battle timer is ON: inactive players will automatically lose when time's up. (requested by Mexzoto)\n|\n|t:|1698555492\n|start\n|switch|p1a: Torkoal|Torkoal, M|100\/100\n|switch|p1b: Typhlosion|Typhlosion-Hisui, F|100\/100\n|switch|p2a: Raichu|Raichu, M|100\/100\n|switch|p2b: Pidgeot|Pidgeot, M|100\/100\n|-weather|SunnyDay|[from] ability: Drought|[of] p1a: Torkoal\n|turn|1\n|\n|t:|1698555507\n|detailschange|p2b: Pidgeot|Pidgeot-Mega, M\n|-mega|p2b: Pidgeot|Pidgeot|Pidgeotite\n|move|p2a: Raichu|Fake Out|p1a: Torkoal\n|-damage|p1a: Torkoal|93\/100\n|move|p2b: Pidgeot|Tailwind|p2b: Pidgeot\n|-sidestart|p2: Mexzoto|move: Tailwind\n|move|p1b: Typhlosion|Eruption|p2a: Raichu|[spread] p2a,p2b\n|-enditem|p2a: Raichu|Focus Sash\n|-damage|p2a: Raichu|1\/100\n|-damage|p2b: Pidgeot|0 fnt\n|faint|p2b: Pidgeot\n|cant|p1a: Torkoal|flinch\n|\n|-weather|SunnyDay|[upkeep]\n|upkeep\n|\n|t:|1698555515\n|switch|p2b: Torterra|Torterra, M|100\/100\n|turn|2\n|\n|t:|1698555527\n|move|p2a: Raichu|Volt Tackle|p1b: Typhlosion\n|-damage|p1b: Typhlosion|34\/100\n|-damage|p2a: Raichu|0 fnt|[from] Recoil\n|faint|p2a: Raichu\n|move|p2b: Torterra|Earthquake|p1a: Torkoal|[spread] p1a,p1b\n|-supereffective|p1a: Torkoal\n|-supereffective|p1b: Typhlosion\n|-crit|p1b: Typhlosion\n|-damage|p1a: Torkoal|27\/100\n|-damage|p1b: Typhlosion|0 fnt\n|faint|p1b: Typhlosion\n|-damage|p2b: Torterra|91\/100|[from] item: Life Orb\n|move|p1a: Torkoal|Curse|p1a: Torkoal\n|-unboost|p1a: Torkoal|spe|1\n|-boost|p1a: Torkoal|atk|1\n|-boost|p1a: Torkoal|def|1\n|\n|-weather|SunnyDay|[upkeep]\n|upkeep\n|\n|t:|1698555556\n|switch|p2a: Inteleon|Inteleon, M|100\/100\n|switch|p1b: Amoonguss|Amoonguss, M|100\/100\n|turn|3\n|\n|t:|1698555576\n|-terastallize|p2b: Torterra|Rock\n|move|p1b: Amoonguss|Rage Powder|p1b: Amoonguss\n|-singleturn|p1b: Amoonguss|move: Rage Powder\n|move|p2a: Inteleon|Focus Energy|p2a: Inteleon\n|-start|p2a: Inteleon|move: Focus Energy\n|move|p2b: Torterra|Rock Slide|p1a: Torkoal|[spread] p1a,p1b\n|-supereffective|p1a: Torkoal\n|-damage|p1a: Torkoal|0 fnt\n|-damage|p1b: Amoonguss|71\/100\n|faint|p1a: Torkoal\n|-damage|p2b: Torterra|81\/100|[from] item: Life Orb\n|\n|-weather|SunnyDay|[upkeep]\n|-heal|p1b: Amoonguss|78\/100|[from] item: Leftovers\n|upkeep\n|\n|t:|1698555591\n|switch|p1a: Glimmora|Glimmora, F|100\/100\n|turn|4\n|\n|t:|1698555601\n|move|p1b: Amoonguss|Rage Powder|p1b: Amoonguss\n|-singleturn|p1b: Amoonguss|move: Rage Powder\n|move|p2a: Inteleon|Ice Beam|p1b: Amoonguss\n|-supereffective|p1b: Amoonguss\n|-crit|p1b: Amoonguss\n|-damage|p1b: Amoonguss|0 fnt\n|faint|p1b: Amoonguss\n|move|p2b: Torterra|Wood Hammer|p1a: Glimmora\n|-damage|p1a: Glimmora|53\/100\n|-activate|p1a: Glimmora|ability: Toxic Debris\n|-sidestart|p2: Mexzoto|move: Toxic Spikes\n|-damage|p2b: Torterra|63\/100|[from] Recoil\n|-damage|p2b: Torterra|53\/100|[from] item: Life Orb\n|move|p1a: Glimmora|Stealth Rock|p2b: Torterra\n|-sidestart|p2: Mexzoto|move: Stealth Rock\n|\n|-weather|SunnyDay|[upkeep]\n|-heal|p1a: Glimmora|59\/100|[from] item: Leftovers\n|-sideend|p2: Mexzoto|move: Tailwind\n|upkeep\n|\n|t:|1698555622\n|switch|p1b: Heatran|Heatran, F|100\/100\n|turn|5\n|\n|t:|1698555650\n|move|p2a: Inteleon|Snipe Shot|p1b: Heatran\n|-supereffective|p1b: Heatran\n|-crit|p1b: Heatran\n|-damage|p1b: Heatran|53\/100\n|move|p2b: Torterra|Wood Hammer|p1a: Glimmora\n|-damage|p1a: Glimmora|7\/100\n|-activate|p1a: Glimmora|ability: Toxic Debris\n|-sidestart|p2: Mexzoto|move: Toxic Spikes\n|-damage|p2b: Torterra|34\/100|[from] Recoil\n|-damage|p2b: Torterra|24\/100|[from] item: Life Orb\n|move|p1a: Glimmora|Mortal Spin|p2b: Torterra|[spread] p2a,p2b\n|-resisted|p2b: Torterra\n|-damage|p2a: Inteleon|92\/100\n|-damage|p2b: Torterra|22\/100\n|-status|p2a: Inteleon|psn\n|-status|p2b: Torterra|psn\n|move|p1b: Heatran|Eruption|p2b: Torterra|[spread] p2a,p2b\n|-resisted|p2a: Inteleon\n|-crit|p2a: Inteleon\n|-resisted|p2b: Torterra\n|-crit|p2b: Torterra\n|-damage|p2a: Inteleon|22\/100 psn\n|-damage|p2b: Torterra|0 fnt\n|faint|p2b: Torterra\n|\n|-weather|SunnyDay|[upkeep]\n|-heal|p1a: Glimmora|13\/100|[from] item: Leftovers\n|-damage|p2a: Inteleon|10\/100 psn|[from] psn\n|upkeep\n|\n|t:|1698555661\n|switch|p2b: Blaziken|Blaziken, M|100\/100\n|-status|p2b: Blaziken|tox\n|-damage|p2b: Blaziken|88\/100 tox|[from] Stealth Rock\n|turn|6\n|\n|t:|1698555686\n|move|p2a: Inteleon|Snipe Shot|p1a: Glimmora\n|-supereffective|p1a: Glimmora\n|-crit|p1a: Glimmora\n|-damage|p1a: Glimmora|0 fnt\n|faint|p1a: Glimmora\n|move|p2b: Blaziken|Close Combat|p1b: Heatran\n|-supereffective|p1b: Heatran\n|-damage|p1b: Heatran|0 fnt\n|-unboost|p2b: Blaziken|def|1\n|-unboost|p2b: Blaziken|spd|1\n|faint|p1b: Heatran\n|\n|-weather|SunnyDay|[upkeep]\n|-damage|p2a: Inteleon|0 fnt|[from] psn\n|faint|p2a: Inteleon\n|-damage|p2b: Blaziken|82\/100 tox|[from] psn\n|-ability|p2b: Blaziken|Speed Boost|boost\n|-boost|p2b: Blaziken|spe|1\n|upkeep\n|\n|t:|1698555706\n|switch|p2a: Blaziken|Blaziken, M|100\/100\n|switch|p1a: Iron Valiant|Iron Valiant|100\/100\n|-status|p2a: Blaziken|tox\n|-damage|p2a: Blaziken|88\/100 tox|[from] Stealth Rock\n|turn|7\n|\n|t:|1698555715\n|move|p2b: Blaziken|Shadow Claw|p1a: Iron Valiant\n|-damage|p1a: Iron Valiant|68\/100\n|move|p1a: Iron Valiant|Aura Sphere|p2a: Blaziken\n|-supereffective|p2a: Blaziken\n|-damage|p2a: Blaziken|0 fnt\n|replace|p2a: Zoroark|Zoroark, F\n|-end|p2a: Zoroark|Illusion\n|faint|p2a: Zoroark\n|-damage|p1a: Iron Valiant|58\/100|[from] item: Life Orb\n|\n|-weather|SunnyDay|[upkeep]\n|-damage|p2b: Blaziken|70\/100 tox|[from] psn\n|-ability|p2b: Blaziken|Speed Boost|boost\n|-boost|p2b: Blaziken|spe|1\n|upkeep\n|turn|8\n|-message|Mexzoto forfeited.\n|\n|win|Kyro1813\n|raw|Kyro1813's rating: 1000 &rarr; <strong>1057<\/strong><br \/>(+57 for winning)\n|raw|Mexzoto's rating: 1154 &rarr; <strong>1119<\/strong><br \/>(-35 for losing)\n|l|\u2606Mexzoto\n","uploadtime":1698555729,"views":12,"p1id":"kyro1813","p2id":"mexzoto","formatid":"gen9nationaldexdoubles","rating":1057,"private":0,"password":""}