{"id":"gen9nationaldexdoubles-1964541119","p1":"Gumbus wumbus","p2":"twohoots","format":"[Gen 9] National Dex Doubles","log":"|j|\u2606Gumbus wumbus\n|j|\u2606twohoots\n|t:|1696978291\n|gametype|doubles\n|player|p1|Gumbus wumbus|clown|1113\n|player|p2|twohoots|101|1214\n|teamsize|p1|6\n|teamsize|p2|6\n|gen|9\n|tier|[Gen 9] National Dex Doubles\n|rated|\n|rule|HP Percentage Mod: HP is shown in percentages\n|rule|Endless Battle Clause: Forcing endless battles is banned\n|rule|OHKO Clause: OHKO moves are banned\n|rule|Evasion Moves Clause: Evasion moves are banned\n|rule|Evasion Abilities Clause: Evasion abilities are banned\n|rule|Species Clause: Limit one of each Pok\u00e9mon\n|rule|Gravity Sleep Clause: The combination of sleep-inducing moves with imperfect accuracy and Gravity or Gigantamax Orbeetle are banned\n|clearpoke\n|poke|p1|Stoutland, M|\n|poke|p1|Clawitzer, M|\n|poke|p1|Cryogonal|\n|poke|p1|Arcanine, M|\n|poke|p1|Garganacl, M|\n|poke|p1|Dachsbun, M|\n|poke|p2|Murkrow, F|\n|poke|p2|Galvantula, M|\n|poke|p2|Typhlosion, F|\n|poke|p2|Amoonguss, M|\n|poke|p2|Urshifu-*, M|\n|poke|p2|Clodsire, M|\n|teampreview\n|c|\u2606Gumbus wumbus|I fear\n|c|\u2606twohoots|you fear what\n|\n|t:|1696978311\n|start\n|switch|p1a: Only|Arcanine, M, shiny|100\/100\n|switch|p1b: Single|Garganacl, M, shiny|100\/100\n|switch|p2a: Murkrow|Murkrow, F|100\/100\n|switch|p2b: Galvantula|Galvantula, M|100\/100\n|-ability|p1a: Only|Intimidate|boost\n|-unboost|p2a: Murkrow|atk|1\n|-unboost|p2b: Galvantula|atk|1\n|turn|1\n|c|\u2606Gumbus wumbus|This team\n|\n|t:|1696978330\n|switch|p2b: Typhlosion|Typhlosion, F|100\/100\n|move|p2a: Murkrow|Tailwind|p2a: Murkrow\n|-sidestart|p2: twohoots|move: Tailwind\n|move|p1a: Only|Heat Crash|p2b: Typhlosion\n|-start|p2b: Typhlosion|ability: Flash Fire\n|move|p1b: Single|Salt Cure|p2a: Murkrow\n|-supereffective|p2a: Murkrow\n|-damage|p2a: Murkrow|58\/100\n|-start|p2a: Murkrow|Salt Cure\n|\n|-damage|p2a: Murkrow|45\/100|[from] Salt Cure\n|upkeep\n|turn|2\n|\n|t:|1696978346\n|switch|p2a: Amoonguss|Amoonguss, M|100\/100\n|-terastallize|p2b: Typhlosion|Fire\n|move|p2b: Typhlosion|Eruption|p1a: Only|[spread] p1a,p1b\n|-resisted|p1a: Only\n|-resisted|p1b: Single\n|-damage|p1a: Only|20\/100\n|-damage|p1b: Single|50\/100\n|move|p1a: Only|Scorching Sands|p2b: Typhlosion\n|-supereffective|p2b: Typhlosion\n|-damage|p2b: Typhlosion|60\/100\n|move|p1b: Single|Salt Cure|p2b: Typhlosion\n|-supereffective|p2b: Typhlosion\n|-crit|p2b: Typhlosion\n|-damage|p2b: Typhlosion|0 fnt\n|faint|p2b: Typhlosion\n|\n|upkeep\n|c|\u2606twohoots|wow ok\n|\n|t:|1696978363\n|switch|p2b: Urshifu|Urshifu-Rapid-Strike, M|100\/100\n|turn|3\n|\n|t:|1696978375\n|-terastallize|p1b: Single|Grass\n|move|p2a: Amoonguss|Rage Powder|p2a: Amoonguss\n|-singleturn|p2a: Amoonguss|move: Rage Powder\n|move|p2b: Urshifu|Liquidation|p1b: Single\n|-resisted|p1b: Single\n|-damage|p1b: Single|34\/100\n|move|p1a: Only|Heat Crash|p2a: Amoonguss\n|-supereffective|p2a: Amoonguss\n|-damage|p2a: Amoonguss|0 fnt\n|faint|p2a: Amoonguss\n|move|p1b: Single|Recover|p1b: Single\n|-heal|p1b: Single|84\/100\n|\n|upkeep\n|\n|t:|1696978387\n|switch|p2a: Galvantula|Galvantula, M|100\/100\n|turn|4\n|\n|t:|1696978393\n|move|p2a: Galvantula|Charge Beam|p1a: Only\n|-crit|p1a: Only\n|-damage|p1a: Only|0 fnt\n|-boost|p2a: Galvantula|spa|1\n|faint|p1a: Only\n|move|p2b: Urshifu|U-turn|p1b: Single\n|-supereffective|p1b: Single\n|-damage|p1b: Single|49\/100\n|\n|t:|1696978402\n|switch|p2b: Murkrow|Murkrow, F|45\/100|[from] U-turn\n|move|p1b: Single|Salt Cure|p2b: Murkrow\n|-supereffective|p2b: Murkrow\n|-damage|p2b: Murkrow|6\/100\n|-start|p2b: Murkrow|Salt Cure\n|\n|-damage|p2b: Murkrow|0 fnt|[from] Salt Cure\n|faint|p2b: Murkrow\n|-sideend|p2: twohoots|move: Tailwind\n|upkeep\n|\n|t:|1696978417\n|switch|p1a: Solitary|Clawitzer, M, shiny|100\/100\n|switch|p2b: Clodsire|Clodsire, M|100\/100\n|turn|5\n|\n|t:|1696978442\n|switch|p2b: Urshifu|Urshifu-Rapid-Strike, M|100\/100\n|move|p1b: Single|Protect|p1b: Single\n|-singleturn|p1b: Single|Protect\n|move|p2a: Galvantula|Bug Buzz|p1b: Single\n|-activate|p1b: Single|move: Protect\n|move|p1a: Solitary|Ice Beam|p2b: Urshifu\n|-resisted|p2b: Urshifu\n|-damage|p2b: Urshifu|82\/100\n|-damage|p1a: Solitary|91\/100|[from] item: Life Orb\n|\n|upkeep\n|turn|6\n|\n|t:|1696978463\n|switch|p1b: A|Dachsbun, M, shiny|100\/100\n|move|p2a: Galvantula|Thunder|p1a: Solitary\n|-supereffective|p1a: Solitary\n|-damage|p1a: Solitary|0 fnt\n|faint|p1a: Solitary\n|move|p2b: Urshifu|Ice Spinner|p1b: A\n|-damage|p1b: A|75\/100\n|-damage|p2b: Urshifu|66\/100|[from] item: Rocky Helmet|[of] p1b: A\n|\n|upkeep\n|\n|t:|1696978477\n|switch|p1a: Lone|Stoutland, M, shiny|100\/100\n|turn|7\n|\n|t:|1696978486\n|move|p1a: Lone|Protect|p1a: Lone\n|-singleturn|p1a: Lone|Protect\n|move|p2a: Galvantula|Charge Beam|p1a: Lone\n|-activate|p1a: Lone|move: Protect\n|move|p2b: Urshifu|Brick Break|p1a: Lone\n|-supereffective|p1a: Lone\n|-damage|p1a: Lone|22\/100\n|move|p1b: A|Play Rough|p2b: Urshifu\n|-supereffective|p2b: Urshifu\n|-damage|p2b: Urshifu|17\/100\n|\n|-heal|p1a: Lone|28\/100|[from] item: Leftovers\n|upkeep\n|turn|8\n|\n|t:|1696978519\n|switch|p2b: Clodsire|Clodsire, M|100\/100\n|move|p2a: Galvantula|Charge Beam|p1a: Lone\n|-damage|p1a: Lone|0 fnt\n|faint|p1a: Lone\n|move|p1b: A|Body Press|p2b: Clodsire\n|-resisted|p2b: Clodsire\n|-damage|p2b: Clodsire|90\/100\n|\n|upkeep\n|\n|t:|1696978535\n|switch|p1a: Single|Garganacl, M, shiny, tera:Grass|49\/100\n|turn|9\n|\n|t:|1696978544\n|move|p2a: Galvantula|Bug Buzz|p1a: Single\n|-supereffective|p1a: Single\n|-damage|p1a: Single|0 fnt\n|faint|p1a: Single\n|move|p1b: A|Stomping Tantrum|p2a: Galvantula\n|-damage|p2a: Galvantula|74\/100\n|move|p2b: Clodsire|Poison Jab|p1b: A\n|-supereffective|p1b: A\n|-damage|p1b: A|15\/100\n|-damage|p2b: Clodsire|73\/100|[from] item: Rocky Helmet|[of] p1b: A\n|\n|upkeep\n|\n|t:|1696978555\n|switch|p1a: Unique|Cryogonal, shiny|100\/100\n|turn|10\n|\n|t:|1696978565\n|move|p1b: A|Protect|p1b: A\n|-singleturn|p1b: A|Protect\n|move|p2a: Galvantula|Thunder|p1a: Unique\n|-damage|p1a: Unique|53\/100\n|move|p1a: Unique|Ancient Power|p2a: Galvantula\n|-supereffective|p2a: Galvantula\n|-damage|p2a: Galvantula|16\/100\n|move|p2b: Clodsire|Poison Jab|p1b: A\n|-activate|p1b: A|move: Protect\n|\n|upkeep\n|turn|11\n|\n|t:|1696978584\n|move|p2a: Galvantula|Thunder|p1a: Unique\n|-damage|p1a: Unique|7\/100\n|move|p1a: Unique|Freeze-Dry|p2b: Clodsire\n|-supereffective|p2b: Clodsire\n|-damage|p2b: Clodsire|35\/100\n|move|p1b: A|Stomping Tantrum|p2a: Galvantula\n|-damage|p2a: Galvantula|0 fnt\n|faint|p2a: Galvantula\n|move|p2b: Clodsire|Earthquake|p1a: Unique|[spread] p1b\n|-immune|p1a: Unique|[from] ability: Levitate\n|-damage|p1b: A|0 fnt\n|faint|p1b: A\n|\n|upkeep\n|\n|t:|1696978597\n|switch|p2a: Urshifu|Urshifu-Rapid-Strike, M|17\/100\n|turn|12\n|c|\u2606Gumbus wumbus|Man close\n|\n|t:|1696978605\n|move|p1a: Unique|Freeze-Dry|p2a: Urshifu\n|-supereffective|p2a: Urshifu\n|-damage|p2a: Urshifu|0 fnt\n|faint|p2a: Urshifu\n|move|p2b: Clodsire|Stone Edge|p1a: Unique\n|-supereffective|p1a: Unique\n|-damage|p1a: Unique|0 fnt\n|faint|p1a: Unique\n|\n|win|twohoots\n|raw|Gumbus wumbus's rating: 1113 &rarr; <strong>1095<\/strong><br \/>(-18 for losing)\n|raw|twohoots's rating: 1214 &rarr; <strong>1232<\/strong><br \/>(+18 for winning)\n|c|\u2606Gumbus wumbus|Anw gg\n","uploadtime":1696978618,"views":6,"p1id":"gumbuswumbus","p2id":"twohoots","formatid":"gen9nationaldexdoubles","rating":1095,"private":0,"password":""}