{"id":"gen9nationaldexdoubles-1968088333","p1":"chescor49","p2":"Pirica","format":"[Gen 9] National Dex Doubles","log":"|j|\u2606chescor49\n|j|\u2606Pirica\n|t:|1697383095\n|gametype|doubles\n|player|p1|chescor49|170|\n|player|p2|Pirica|roxie|\n|teamsize|p1|6\n|teamsize|p2|6\n|gen|9\n|tier|[Gen 9] National Dex Doubles\n|rule|HP Percentage Mod: HP is shown in percentages\n|rule|Endless Battle Clause: Forcing endless battles is banned\n|rule|OHKO Clause: OHKO moves are banned\n|rule|Evasion Moves Clause: Evasion moves are banned\n|rule|Evasion Abilities Clause: Evasion abilities are banned\n|rule|Species Clause: Limit one of each Pok\u00e9mon\n|rule|Gravity Sleep Clause: The combination of sleep-inducing moves with imperfect accuracy and Gravity or Gigantamax Orbeetle are banned\n|clearpoke\n|poke|p1|Tapu Koko|\n|poke|p1|Iron Hands|\n|poke|p1|Iron Thorns|\n|poke|p1|Kilowattrel, M|\n|poke|p1|Stunfisk, M|\n|poke|p1|Luxray, F|\n|poke|p2|Regieleki|\n|poke|p2|Raichu-Alola, M|\n|poke|p2|Sandy Shocks|\n|poke|p2|Golem-Alola, M|\n|poke|p2|Zapdos|\n|poke|p2|Pawmot, F|\n|teampreview\n|inactive|Battle timer is ON: inactive players will automatically lose when time's up. (requested by Pirica)\n|j| Arnaenaed\n|j| s.daninja\n|\n|t:|1697383113\n|start\n|switch|p1a: Kilowattrel|Kilowattrel, M|100\/100\n|switch|p1b: Stunfisk|Stunfisk, M|100\/100\n|switch|p2a: Regieleki|Regieleki|100\/100\n|switch|p2b: Raichu|Raichu-Alola, M|100\/100\n|turn|1\n|c| s.daninja|Pelea de electricidad\n|c| s.daninja|Quien ganara?\n|c| s.daninja|Ser\u00e1 el pp?\n|c|\u2606chescor49|No valentera, vd?\n|c| Arnaenaed|no vale tera\n|\n|t:|1697383141\n|switch|p2a: Zapdos|Zapdos|100\/100\n|move|p2b: Raichu|Fake Out|p1b: Stunfisk\n|-damage|p1b: Stunfisk|93\/100\n|move|p1a: Kilowattrel|Tailwind|p1a: Kilowattrel\n|-sidestart|p1: chescor49|move: Tailwind\n|cant|p1b: Stunfisk|flinch\n|\n|upkeep\n|turn|2\n|c| s.daninja|Waos\n|inactive|chescor49 has 270 seconds left.\n|\n|t:|1697383199\n|switch|p1a: Iron Thorns|Iron Thorns|100\/100\n|move|p2b: Raichu|Surf|p1b: Stunfisk|[spread] p2a,p1a,p1b\n|-supereffective|p1a: Iron Thorns\n|-crit|p1a: Iron Thorns\n|-supereffective|p1b: Stunfisk\n|-damage|p2a: Zapdos|87\/100\n|-damage|p1a: Iron Thorns|32\/100\n|-damage|p1b: Stunfisk|64\/100\n|move|p2a: Zapdos|Tailwind|p2a: Zapdos\n|-sidestart|p2: Pirica|move: Tailwind\n|move|p1b: Stunfisk|Stealth Rock|p2a: Zapdos\n|-sidestart|p2: Pirica|move: Stealth Rock\n|\n|-heal|p2a: Zapdos|93\/100|[from] item: Leftovers\n|upkeep\n|turn|3\n|\n|t:|1697383226\n|move|p1a: Iron Thorns|Rock Slide|p2b: Raichu|[spread] p2a,p2b\n|-supereffective|p2a: Zapdos\n|-damage|p2a: Zapdos|29\/100\n|-damage|p2b: Raichu|27\/100\n|move|p2b: Raichu|Surf|p1a: Iron Thorns|[spread] p2a,p1a,p1b\n|-supereffective|p1a: Iron Thorns\n|-supereffective|p1b: Stunfisk\n|-damage|p2a: Zapdos|17\/100\n|-damage|p1a: Iron Thorns|0 fnt\n|-damage|p1b: Stunfisk|37\/100\n|faint|p1a: Iron Thorns\n|-end|p1a: Iron Thorns|Quark Drive|[silent]\n|cant|p2a: Zapdos|flinch\n|move|p1b: Stunfisk|Earth Power|p2b: Raichu\n|-supereffective|p2b: Raichu\n|-damage|p2b: Raichu|0 fnt\n|faint|p2b: Raichu\n|-damage|p1b: Stunfisk|27\/100|[from] item: Life Orb\n|\n|-heal|p2a: Zapdos|23\/100|[from] item: Leftovers\n|upkeep\n|inactive|chescor49 has 270 seconds left.\n|inactive|Pirica has 270 seconds left.\n|\n|t:|1697383258\n|switch|p2b: Sandy Shocks|Sandy Shocks|100\/100\n|switch|p1a: Tapu Koko|Tapu Koko|100\/100\n|-fieldstart|move: Electric Terrain|[from] ability: Electric Surge|[of] p1a: Tapu Koko\n|-damage|p2b: Sandy Shocks|94\/100|[from] Stealth Rock\n|turn|4\n|inactive|chescor49 has 270 seconds left.\n|\n|t:|1697383280\n|switch|p1b: Iron Hands|Iron Hands|100\/100\n|-activate|p1b: Iron Hands|ability: Quark Drive\n|-start|p1b: Iron Hands|quarkdriveatk\n|move|p1a: Tapu Koko|Light Screen|p1a: Tapu Koko\n|-sidestart|p1: chescor49|move: Light Screen\n|move|p2b: Sandy Shocks|Earth Power|p1a: Tapu Koko\n|-supereffective|p1a: Tapu Koko\n|-damage|p1a: Tapu Koko|0 fnt\n|faint|p1a: Tapu Koko\n|move|p2a: Zapdos|Roost|p2a: Zapdos\n|-heal|p2a: Zapdos|73\/100\n|-singleturn|p2a: Zapdos|move: Roost\n|\n|-heal|p2a: Zapdos|79\/100|[from] item: Leftovers\n|-sideend|p1: chescor49|move: Tailwind\n|upkeep\n|\n|t:|1697383307\n|switch|p1a: Kilowattrel|Kilowattrel, M|100\/100\n|turn|5\n|\n|t:|1697383317\n|move|p1b: Iron Hands|Fake Out|p2b: Sandy Shocks\n|-damage|p2b: Sandy Shocks|74\/100\n|cant|p2b: Sandy Shocks|flinch\n|move|p2a: Zapdos|Hurricane|p1b: Iron Hands|[miss]\n|-miss|p2a: Zapdos|p1b: Iron Hands\n|move|p1a: Kilowattrel|Tailwind|p1a: Kilowattrel\n|-sidestart|p1: chescor49|move: Tailwind\n|\n|-heal|p2a: Zapdos|85\/100|[from] item: Leftovers\n|-sideend|p2: Pirica|move: Tailwind\n|upkeep\n|turn|6\n|inactive|chescor49 has 270 seconds left.\n|c| s.daninja|Mmm ta complicada la vaika\n|\n|t:|1697383341\n|switch|p1a: Stunfisk|Stunfisk, M|27\/100\n|-end|p2b: Sandy Shocks|Protosynthesis|[silent]\n|switch|p2b: Regieleki|Regieleki|100\/100\n|-damage|p2b: Regieleki|88\/100|[from] Stealth Rock\n|move|p1b: Iron Hands|Ice Punch|p2b: Regieleki\n|-crit|p2b: Regieleki\n|-damage|p2b: Regieleki|0 fnt\n|faint|p2b: Regieleki\n|move|p2a: Zapdos|Hurricane|p1b: Iron Hands\n|-damage|p1b: Iron Hands|82\/100\n|-start|p1b: Iron Hands|confusion\n|\n|-heal|p2a: Zapdos|92\/100|[from] item: Leftovers\n|upkeep\n|c| s.daninja|Pero conf\u00edo en el pp\n|\n|t:|1697383350\n|switch|p2b: Sandy Shocks|Sandy Shocks|74\/100\n|-damage|p2b: Sandy Shocks|68\/100|[from] Stealth Rock\n|turn|7\n|c| s.daninja|Que\n|c| s.daninja|Wtf\n|\n|t:|1697383374\n|-end|p1b: Iron Hands|Quark Drive|[silent]\n|switch|p1b: Kilowattrel|Kilowattrel, M|100\/100\n|move|p2b: Sandy Shocks|Earth Power|p1b: Kilowattrel\n|-immune|p1b: Kilowattrel\n|move|p2a: Zapdos|Tailwind|p2a: Zapdos\n|-sidestart|p2: Pirica|move: Tailwind\n|move|p1a: Stunfisk|Earth Power|p2b: Sandy Shocks\n|-supereffective|p2b: Sandy Shocks\n|-damage|p2b: Sandy Shocks|0 fnt\n|faint|p2b: Sandy Shocks\n|-end|p2b: Sandy Shocks|Protosynthesis|[silent]\n|-damage|p1a: Stunfisk|17\/100|[from] item: Life Orb\n|\n|-heal|p2a: Zapdos|98\/100|[from] item: Leftovers\n|upkeep\n|c| s.daninja|Cuidado pp ataca al pez\n|c| s.daninja|Lo sabia pepepe\n|inactive|Pirica has 270 seconds left.\n|c| Arnaenaed|daninga\n|c| s.daninja|Raychu\n|\n|t:|1697383396\n|switch|p2b: Pawmot|Pawmot, F|100\/100\n|-damage|p2b: Pawmot|94\/100|[from] Stealth Rock\n|turn|8\n|c| s.daninja|Ola armaos\n|c| Arnaenaed|esta igualado\n|c| Arnaenaed|ninguno uso mi tecnica secreta aun\n|\n|t:|1697383416\n|move|p2b: Pawmot|Fake Out|p1a: Stunfisk\n|-damage|p1a: Stunfisk|4\/100\n|move|p1b: Kilowattrel|Feather Dance|p2b: Pawmot\n|-unboost|p2b: Pawmot|atk|2\n|move|p2a: Zapdos|Toxic|p1b: Kilowattrel\n|-status|p1b: Kilowattrel|tox\n|cant|p1a: Stunfisk|flinch\n|\n|-heal|p2a: Zapdos|100\/100|[from] item: Leftovers\n|-damage|p1b: Kilowattrel|94\/100 tox|[from] psn\n|-sideend|p1: chescor49|move: Light Screen\n|-sideend|p1: chescor49|move: Tailwind\n|upkeep\n|turn|9\n|c| Arnaenaed|salio con pluma el ave\n|c| s.daninja|Que asquito\n|\n|t:|1697383441\n|switch|p1a: Luxray|Luxray, F|100\/100\n|-ability|p1a: Luxray|Intimidate|boost\n|-unboost|p2a: Zapdos|atk|1\n|-unboost|p2b: Pawmot|atk|1\n|move|p2b: Pawmot|Mach Punch|p1a: Luxray\n|-damage|p1a: Luxray|91\/100\n|move|p2a: Zapdos|Hurricane|p1b: Kilowattrel|[miss]\n|-miss|p2a: Zapdos|p1b: Kilowattrel\n|move|p1b: Kilowattrel|Tailwind|p1b: Kilowattrel\n|-sidestart|p1: chescor49|move: Tailwind\n|\n|-damage|p1b: Kilowattrel|82\/100 tox|[from] psn\n|upkeep\n|turn|10\n|c| s.daninja|Nunca e visto que usran eso\n|\n|t:|1697383458\n|switch|p1b: Iron Hands|Iron Hands|82\/100\n|-activate|p1b: Iron Hands|ability: Quark Drive\n|-start|p1b: Iron Hands|quarkdriveatk\n|move|p2b: Pawmot|Revival Blessing|p2b: Pawmot\n|-enditem|p2b: Pawmot|Leppa Berry|[eat]\n|-activate|p2b: Pawmot|item: Leppa Berry|Revival Blessing|[consumed]\n|c| Arnaenaed|y con eerie impulse tal ves tambien q bendision\n|c| s.daninja|Cambio doble\n|c| Arnaenaed|Revivio :O\n|\n|t:|1697383471\n|-heal|p2: Raichu|50\/100|[from] move: Revival Blessing\n|move|p2a: Zapdos|Toxic|p1a: Luxray\n|-status|p1a: Luxray|tox\n|move|p1a: Luxray|Toxic|p2a: Zapdos\n|-status|p2a: Zapdos|tox\n|\n|-damage|p2a: Zapdos|94\/100 tox|[from] psn\n|-damage|p1a: Luxray|85\/100 tox|[from] psn\n|-sideend|p2: Pirica|move: Tailwind\n|upkeep\n|turn|11\n|c| s.daninja|Omg vuelve el metal\n|c| s.daninja|\u00c9pico\n|c| s.daninja|Protecci\u00f3n pp\n|c| s.daninja|Y toxic al manotas\n|\n|t:|1697383491\n|move|p1a: Luxray|Return|p2b: Pawmot\n|-damage|p2b: Pawmot|41\/100\n|move|p2b: Pawmot|Revival Blessing|p2b: Pawmot\n|c| s.daninja|Confia en mi\n|\n|t:|1697383506\n|-heal|p2: Sandy Shocks|50\/100|[from] move: Revival Blessing\n|move|p1b: Iron Hands|Drain Punch|p2b: Pawmot\n|-damage|p2b: Pawmot|0 fnt\n|-heal|p1b: Iron Hands|94\/100|[from] drain|[of] p2b: Pawmot\n|faint|p2b: Pawmot\n|move|p2a: Zapdos|Hurricane|p1b: Iron Hands|[miss]\n|-miss|p2a: Zapdos|p1b: Iron Hands\n|\n|-heal|p2a: Zapdos|100\/100 tox|[from] item: Leftovers\n|-damage|p1a: Luxray|72\/100 tox|[from] psn\n|-damage|p2a: Zapdos|88\/100 tox|[from] psn\n|-fieldend|move: Electric Terrain\n|-end|p1b: Iron Hands|Quark Drive\n|upkeep\n|\n|t:|1697383511\n|switch|p2b: Golem|Golem-Alola, M|100\/100\n|-damage|p2b: Golem|88\/100|[from] Stealth Rock\n|turn|12\n|c| s.daninja|No raychu? Vaya\n|c| s.daninja|Dime que baneaste terremoto\n|c| Arnaenaed|no\n|\n|t:|1697383535\n|switch|p1a: Kilowattrel|Kilowattrel, M|82\/100 tox\n|move|p1b: Iron Hands|Earthquake|p2a: Zapdos|[spread] p2b\n|-immune|p1a: Kilowattrel\n|-immune|p2a: Zapdos\n|-supereffective|p2b: Golem\n|-damage|p2b: Golem|9\/100\n|move|p2a: Zapdos|Roost|p2a: Zapdos\n|-heal|p2a: Zapdos|100\/100 tox\n|-singleturn|p2a: Zapdos|move: Roost\n|move|p2b: Golem|Explosion|p1b: Iron Hands|[spread] p2a,p1a,p1b\n|-damage|p2a: Zapdos|26\/100 tox\n|-damage|p1a: Kilowattrel|0 fnt\n|-damage|p1b: Iron Hands|55\/100\n|faint|p2b: Golem\n|faint|p1a: Kilowattrel\n|\n|-heal|p2a: Zapdos|32\/100 tox|[from] item: Leftovers\n|-damage|p2a: Zapdos|14\/100 tox|[from] psn\n|-sideend|p1: chescor49|move: Tailwind\n|upkeep\n|c| Arnaenaed|esta lleno de voladores y levitadores\n|c| s.daninja|Raichuuu\n|c| s.daninja|Dime que siiii\n|c| s.daninja|Fake out y gg\n|c| Arnaenaed|se quedo sin taulin\n|inactive|chescor49 has 270 seconds left.\n|\n|t:|1697383568\n|switch|p1a: Stunfisk|Stunfisk, M|4\/100\n|switch|p2b: Sandy Shocks|Sandy Shocks|50\/100\n|-damage|p2b: Sandy Shocks|44\/100|[from] Stealth Rock\n|turn|13\n|c| s.daninja|Fake ouuut\n|\n|t:|1697383579\n|move|p1a: Stunfisk|Protect|p1a: Stunfisk\n|-singleturn|p1a: Stunfisk|Protect\n|move|p2b: Sandy Shocks|Earth Power|p1b: Iron Hands\n|-supereffective|p1b: Iron Hands\n|-damage|p1b: Iron Hands|0 fnt\n|faint|p1b: Iron Hands\n|-end|p1b: Iron Hands|Quark Drive|[silent]\n|move|p2a: Zapdos|Roost|p2a: Zapdos\n|-heal|p2a: Zapdos|64\/100 tox\n|-singleturn|p2a: Zapdos|move: Roost\n|\n|-heal|p2a: Zapdos|70\/100 tox|[from] item: Leftovers\n|-damage|p2a: Zapdos|45\/100 tox|[from] psn\n|upkeep\n|c| Arnaenaed|uf\n|c| Arnaenaed|no salio\n|c|\u2606chescor49|Puto specs\n|c| s.daninja|Bien hexho tigere\n|\n|t:|1697383594\n|switch|p1b: Luxray|Luxray, F|72\/100 tox\n|-ability|p1b: Luxray|Intimidate|boost\n|-unboost|p2a: Zapdos|atk|1\n|-unboost|p2b: Sandy Shocks|atk|1\n|turn|14\n|c| s.daninja|Pirica deidad >>>\n|\n|t:|1697383607\n|move|p1b: Luxray|Protect|p1b: Luxray\n|-singleturn|p1b: Luxray|Protect\n|move|p2b: Sandy Shocks|Earth Power|p1b: Luxray\n|-activate|p1b: Luxray|move: Protect\n|move|p2a: Zapdos|Tailwind|p2a: Zapdos\n|-sidestart|p2: Pirica|move: Tailwind\n|move|p1a: Stunfisk|Earth Power|p2b: Sandy Shocks\n|-supereffective|p2b: Sandy Shocks\n|-damage|p2b: Sandy Shocks|0 fnt\n|faint|p2b: Sandy Shocks\n|-end|p2b: Sandy Shocks|Protosynthesis|[silent]\n|-damage|p1a: Stunfisk|0 fnt|[from] item: Life Orb\n|faint|p1a: Stunfisk\n|\n|-heal|p2a: Zapdos|51\/100 tox|[from] item: Leftovers\n|-damage|p2a: Zapdos|20\/100 tox|[from] psn\n|-damage|p1b: Luxray|66\/100 tox|[from] psn\n|upkeep\n|c| s.daninja|Al perro\n|c| s.daninja|Oh no\n|\n|t:|1697383619\n|switch|p2b: Raichu|Raichu-Alola, M|50\/100\n|-damage|p2b: Raichu|38\/100|[from] Stealth Rock\n|turn|15\n|c| s.daninja|Ya eata ganada\n|\n|t:|1697383630\n|move|p2b: Raichu|Fake Out|p1b: Luxray\n|-damage|p1b: Luxray|57\/100 tox\n|move|p2a: Zapdos|Hurricane|p1b: Luxray\n|-resisted|p1b: Luxray\n|-damage|p1b: Luxray|33\/100 tox\n|-enditem|p1b: Luxray|Sitrus Berry|[eat]\n|-heal|p1b: Luxray|58\/100 tox|[from] item: Sitrus Berry\n|cant|p1b: Luxray|flinch\n|\n|-heal|p2a: Zapdos|26\/100 tox|[from] item: Leftovers\n|-damage|p2a: Zapdos|0 fnt|[from] psn\n|faint|p2a: Zapdos\n|-damage|p1b: Luxray|46\/100 tox|[from] psn\n|upkeep\n|turn|16\n|c| Arnaenaed|birght powder o no\n|c| s.daninja|Psychic\n|c| s.daninja|Eso tilin tu puedes\n|\n|t:|1697383651\n|move|p2b: Raichu|Surf|p1b: Luxray\n|-damage|p1b: Luxray|15\/100 tox\n|move|p1b: Luxray|Return|p2b: Raichu\n|-damage|p2b: Raichu|0 fnt\n|faint|p2b: Raichu\n|\n|win|chescor49\n|c|\u2606chescor49|Gg\n|c| Arnaenaed|falla por bright powder\n|c| s.daninja|...\n|c| s.daninja|Que\n|c| Arnaenaed|no tenia psychic\n|c| Arnaenaed|nmms\n|c| Arnaenaed|xdd\n|c| s.daninja|A\n|c| s.daninja|Porque\n|c|\u2606Pirica|no tenia psiquico\n|c|\u2606chescor49|Luxray basado\n|c| s.daninja|Osea\n|c|\u2606Pirica|lo olvide\n|c| s.daninja|Waos\n|c| s.daninja|Una vez\n|c| Arnaenaed|q igualado\n|c| s.daninja|Me confund\u00ed\n|c|\u2606Pirica|le puse vision futura para probar y olvide cambiarle\n","uploadtime":1697383680,"views":15,"p1id":"chescor49","p2id":"pirica","formatid":"gen9nationaldexdoubles","rating":0,"private":0,"password":""}