{"id":"gen9nationaldexdoubles-1995085222","p1":"littleblue0010","p2":"fumbari 24","format":"[Gen 9] National Dex Doubles","log":"|j|\u2606littleblue0010\n|j|\u2606fumbari 24\n|t:|1700520906\n|gametype|doubles\n|player|p1|littleblue0010|falkner|1111\n|player|p2|fumbari 24|hilbert|1188\n|teamsize|p1|6\n|teamsize|p2|6\n|gen|9\n|tier|[Gen 9] National Dex Doubles\n|rated|\n|rule|HP Percentage Mod: HP is shown in percentages\n|rule|Endless Battle Clause: Forcing endless battles is banned\n|rule|OHKO Clause: OHKO moves are banned\n|rule|Evasion Moves Clause: Evasion moves are banned\n|rule|Evasion Abilities Clause: Evasion abilities are banned\n|rule|Species Clause: Limit one of each Pok\u00e9mon\n|rule|Gravity Sleep Clause: The combination of sleep-inducing moves with imperfect accuracy and Gravity or Gigantamax Orbeetle are banned\n|clearpoke\n|poke|p1|Cloyster, M|\n|poke|p1|Gliscor, M|\n|poke|p1|Manectric, M|\n|poke|p1|Kingambit, M|\n|poke|p1|Palafin, M|\n|poke|p1|Eevee, M|\n|poke|p2|Urshifu-*, F|\n|poke|p2|Marowak, F|\n|poke|p2|Tapu Fini|\n|poke|p2|Aegislash, M|\n|poke|p2|Dragonite, F|\n|poke|p2|Ogerpon-Wellspring, F|\n|teampreview\n|\n|t:|1700520924\n|start\n|switch|p1a: Palafin|Palafin, M, shiny|100\/100\n|switch|p1b: Eevee|Eevee, M, shiny|100\/100\n|switch|p2a: Urshifu|Urshifu-Rapid-Strike, F|100\/100\n|switch|p2b: Dragonite|Dragonite, F|100\/100\n|turn|1\n|\n|t:|1700520954\n|move|p2b: Dragonite|Extreme Speed|p1a: Palafin\n|-damage|p1a: Palafin|37\/100\n|move|p1a: Palafin|Flip Turn|p2a: Urshifu\n|-resisted|p2a: Urshifu\n|-damage|p2a: Urshifu|87\/100\n|\n|t:|1700520967\n|detailschange|p1a: Palafin|Palafin-Hero, M, shiny\n|switch|p1a: Manectric|Manectric, M, shiny|100\/100|[from] Flip Turn\n|move|p2a: Urshifu|Surging Strikes|p1b: Eevee\n|-crit|p1b: Eevee\n|-damage|p1b: Eevee|56\/100\n|-crit|p1b: Eevee\n|-damage|p1b: Eevee|13\/100\n|-crit|p1b: Eevee\n|-damage|p1b: Eevee|0 fnt\n|faint|p1b: Eevee\n|-hitcount|p1: Eevee|3\n|\n|upkeep\n|\n|t:|1700520980\n|switch|p1b: Cloyster|Cloyster, M, shiny|100\/100\n|turn|2\n|\n|t:|1700521000\n|switch|p2b: Marowak|Marowak, F|100\/100\n|detailschange|p1a: Manectric|Manectric-Mega, M, shiny\n|-mega|p1a: Manectric|Manectric|Manectite\n|-ability|p1a: Manectric|Intimidate|boost\n|-unboost|p2a: Urshifu|atk|1\n|-unboost|p2b: Marowak|atk|1\n|-terastallize|p1b: Cloyster|Fairy\n|move|p1a: Manectric|Psychic Fangs|p2a: Urshifu\n|-supereffective|p2a: Urshifu\n|-damage|p2a: Urshifu|52\/100\n|move|p1b: Cloyster|Shell Smash|p1b: Cloyster\n|-unboost|p1b: Cloyster|def|1\n|-unboost|p1b: Cloyster|spd|1\n|-boost|p1b: Cloyster|atk|2\n|-boost|p1b: Cloyster|spa|2\n|-boost|p1b: Cloyster|spe|2\n|move|p2a: Urshifu|Swords Dance|p2a: Urshifu\n|-boost|p2a: Urshifu|atk|2\n|\n|upkeep\n|turn|3\n|\n|t:|1700521022\n|-terastallize|p2a: Urshifu|Water\n|move|p1b: Cloyster|Icicle Spear|p2b: Marowak\n|-supereffective|p2b: Marowak\n|-damage|p2b: Marowak|55\/100\n|-supereffective|p2b: Marowak\n|-damage|p2b: Marowak|12\/100\n|-supereffective|p2b: Marowak\n|-damage|p2b: Marowak|0 fnt\n|faint|p2b: Marowak\n|-hitcount|p2: Marowak|3\n|move|p1a: Manectric|Psychic Fangs|p2a: Urshifu\n|-damage|p2a: Urshifu|34\/100\n|move|p2a: Urshifu|Surging Strikes|p1b: Cloyster\n|-crit|p1b: Cloyster\n|-damage|p1b: Cloyster|41\/100\n|-crit|p1b: Cloyster\n|-damage|p1b: Cloyster|0 fnt\n|faint|p1b: Cloyster\n|-hitcount|p1: Cloyster|2\n|\n|upkeep\n|\n|t:|1700521040\n|switch|p1b: Palafin|Palafin-Hero, M, shiny|37\/100\n|switch|p2b: Ogerpon|Ogerpon-Wellspring, F|100\/100\n|-activate|p1b: Palafin|ability: Zero to Hero\n|turn|4\n|\n|t:|1700521051\n|move|p2b: Ogerpon|Follow Me|p2b: Ogerpon\n|-singleturn|p2b: Ogerpon|move: Follow Me\n|move|p1a: Manectric|Thunder Fang|p2b: Ogerpon\n|-damage|p2b: Ogerpon|84\/100\n|move|p1b: Palafin|Liquidation|p2b: Ogerpon\n|-heal|p2b: Ogerpon|100\/100|[from] ability: Water Absorb|[of] p1b: Palafin\n|move|p2a: Urshifu|Drain Punch|p1a: Manectric\n|-damage|p1a: Manectric|21\/100\n|-heal|p2a: Urshifu|62\/100|[from] drain|[of] p1a: Manectric\n|\n|upkeep\n|turn|5\n|\n|t:|1700521065\n|move|p2b: Ogerpon|Follow Me|p2b: Ogerpon\n|-singleturn|p2b: Ogerpon|move: Follow Me\n|move|p1a: Manectric|Thunder Fang|p2b: Ogerpon\n|-damage|p2b: Ogerpon|84\/100\n|move|p1b: Palafin|Liquidation|p2b: Ogerpon\n|-heal|p2b: Ogerpon|100\/100|[from] ability: Water Absorb|[of] p1b: Palafin\n|move|p2a: Urshifu|Drain Punch|p1b: Palafin\n|-damage|p1b: Palafin|0 fnt\n|-heal|p2a: Urshifu|77\/100|[from] drain|[of] p1b: Palafin\n|faint|p1b: Palafin\n|\n|upkeep\n|\n|t:|1700521079\n|switch|p1b: Gliscor|Gliscor, M, shiny|100\/100\n|turn|6\n|\n|t:|1700521091\n|move|p2b: Ogerpon|Follow Me|p2b: Ogerpon\n|-singleturn|p2b: Ogerpon|move: Follow Me\n|move|p1a: Manectric|Thunder Fang|p2b: Ogerpon\n|-damage|p2b: Ogerpon|83\/100\n|move|p1b: Gliscor|Acrobatics|p2b: Ogerpon\n|-supereffective|p2b: Ogerpon\n|-damage|p2b: Ogerpon|45\/100\n|move|p2a: Urshifu|Surging Strikes|p1b: Gliscor\n|-supereffective|p1b: Gliscor\n|-crit|p1b: Gliscor\n|-damage|p1b: Gliscor|15\/100\n|-supereffective|p1b: Gliscor\n|-crit|p1b: Gliscor\n|-damage|p1b: Gliscor|0 fnt\n|faint|p1b: Gliscor\n|-hitcount|p1: Gliscor|2\n|\n|upkeep\n|\n|t:|1700521104\n|switch|p1b: Kingambit|Kingambit, M, shiny|100\/100\n|-activate|p1b: Kingambit|ability: Supreme Overlord\n|-start|p1b: Kingambit|fallen4|[silent]\n|turn|7\n|\n|t:|1700521118\n|move|p2b: Ogerpon|Follow Me|p2b: Ogerpon\n|-singleturn|p2b: Ogerpon|move: Follow Me\n|move|p1a: Manectric|Thunder Fang|p2b: Ogerpon\n|-damage|p2b: Ogerpon|27\/100\n|move|p2a: Urshifu|Drain Punch|p1b: Kingambit\n|-supereffective|p1b: Kingambit\n|-damage|p1b: Kingambit|0 fnt\n|-heal|p2a: Urshifu|100\/100|[from] drain|[of] p1b: Kingambit\n|-damage|p2a: Urshifu|84\/100|[from] item: Rocky Helmet|[of] p1b: Kingambit\n|faint|p1b: Kingambit\n|-end|p1b: Kingambit|fallen4|[silent]\n|\n|upkeep\n|turn|8\n|\n|t:|1700521129\n|move|p2b: Ogerpon|Follow Me|p2b: Ogerpon\n|-singleturn|p2b: Ogerpon|move: Follow Me\n|move|p1a: Manectric|Thunder Fang|p2b: Ogerpon\n|-damage|p2b: Ogerpon|9\/100\n|move|p2a: Urshifu|Surging Strikes|p1a: Manectric\n|-crit|p1a: Manectric\n|-damage|p1a: Manectric|0 fnt\n|faint|p1a: Manectric\n|-hitcount|p1: Manectric|1\n|\n|win|fumbari 24\n|raw|littleblue0010's rating: 1111 &rarr; <strong>1091<\/strong><br \/>(-20 for losing)\n|raw|fumbari 24's rating: 1188 &rarr; <strong>1208<\/strong><br \/>(+20 for winning)\n|l|\u2606littleblue0010\n","uploadtime":1700521148,"views":7,"p1id":"littleblue0010","p2id":"fumbari24","formatid":"gen9nationaldexdoubles","rating":1091,"private":0,"password":""}