{"id":"gen9nationaldexdoubles-1952615856","p1":"Mascara De Planta","p2":"Zentex ELITE 4","format":"[Gen 9] National Dex Doubles","log":"|j|\u2606Mascara De Planta\n|j|\u2606Zentex ELITE 4\n|t:|1695704181\n|gametype|doubles\n|player|p1|Mascara De Planta|170|1267\n|player|p2|Zentex ELITE 4|lucian|1224\n|teamsize|p1|6\n|teamsize|p2|6\n|gen|9\n|tier|[Gen 9] National Dex Doubles\n|rated|\n|rule|HP Percentage Mod: HP is shown in percentages\n|rule|Endless Battle Clause: Forcing endless battles is banned\n|rule|OHKO Clause: OHKO moves are banned\n|rule|Evasion Moves Clause: Evasion moves are banned\n|rule|Evasion Abilities Clause: Evasion abilities are banned\n|rule|Species Clause: Limit one of each Pok\u00e9mon\n|rule|Gravity Sleep Clause: The combination of sleep-inducing moves with imperfect accuracy and Gravity or Gigantamax Orbeetle are banned\n|clearpoke\n|poke|p1|Torkoal, M|\n|poke|p1|Flutter Mane|\n|poke|p1|Walking Wake|\n|poke|p1|Volcanion|\n|poke|p1|Chien-Pao|\n|poke|p1|Kingambit, M|\n|poke|p2|Enamorus, F|\n|poke|p2|Gardevoir, F|\n|poke|p2|Malamar, M|\n|poke|p2|Armarouge, M|\n|poke|p2|Indeedee-F, F|\n|poke|p2|Gallade, M|\n|teampreview\n|\n|t:|1695704218\n|start\n|switch|p1a: PeloeQk|Flutter Mane|100\/100\n|switch|p1b: Pana Zulia|Torkoal, M|100\/100\n|switch|p2a: Indeedee|Indeedee-F, F, shiny|100\/100\n|switch|p2b: Armarouge|Armarouge, M, shiny|100\/100\n|-fieldstart|move: Psychic Terrain|[from] ability: Psychic Surge|[of] p2a: Indeedee\n|-enditem|p2a: Indeedee|Psychic Seed\n|-boost|p2a: Indeedee|spd|1|[from] item: Psychic Seed\n|-weather|SunnyDay|[from] ability: Drought|[of] p1b: Pana Zulia\n|-activate|p1a: PeloeQk|ability: Protosynthesis\n|-start|p1a: PeloeQk|protosynthesisspe\n|turn|1\n|inactive|Battle timer is ON: inactive players will automatically lose when time's up. (requested by Mascara De Planta)\n|\n|t:|1695704346\n|-terastallize|p2b: Armarouge|Grass\n|move|p1a: PeloeQk|Shadow Ball|p2b: Armarouge\n|-damage|p2b: Armarouge|34\/100\n|-unboost|p2b: Armarouge|spd|1\n|-damage|p1a: PeloeQk|90\/100|[from] item: Life Orb\n|move|p2b: Armarouge|Calm Mind|p2b: Armarouge\n|-boost|p2b: Armarouge|spa|1\n|-boost|p2b: Armarouge|spd|1\n|move|p1b: Pana Zulia|Stealth Rock|p2b: Armarouge\n|-sidestart|p2: Zentex ELITE 4|move: Stealth Rock\n|move|p2a: Indeedee|Trick Room|p2a: Indeedee\n|-fieldstart|move: Trick Room|[of] p2a: Indeedee\n|\n|-weather|SunnyDay|[upkeep]\n|upkeep\n|turn|2\n|inactive|Zentex ELITE 4 has 120 seconds left.\n|inactive|Zentex ELITE 4 has 90 seconds left.\n|\n|t:|1695704432\n|move|p1b: Pana Zulia|Yawn|p2a: Indeedee\n|-start|p2a: Indeedee|move: Yawn|[of] p1b: Pana Zulia\n|move|p2b: Armarouge|Expanding Force|p1a: PeloeQk|[spread] p1a,p1b\n|-damage|p1a: PeloeQk|0 fnt\n|-damage|p1b: Pana Zulia|0 fnt\n|faint|p1a: PeloeQk\n|-end|p1a: PeloeQk|Protosynthesis|[silent]\n|faint|p1b: Pana Zulia\n|-damage|p2b: Armarouge|24\/100|[from] item: Life Orb\n|move|p2a: Indeedee|Expanding Force|p1: PeloeQk|[notarget]\n|-fail|p2a: Indeedee\n|\n|-weather|SunnyDay|[upkeep]\n|upkeep\n|inactive|Mascara De Planta has 120 seconds left.\n|\n|t:|1695704446\n|switch|p1b: Kingambit|Kingambit, M|100\/100\n|switch|p1a: Cheems-Pao|Chien-Pao|100\/100\n|-activate|p1b: Kingambit|ability: Supreme Overlord\n|-start|p1b: Kingambit|fallen2|[silent]\n|-ability|p1a: Cheems-Pao|Sword of Ruin\n|turn|3\n|inactive|Zentex ELITE 4 has 90 seconds left.\n|\n|t:|1695704469\n|move|p1b: Kingambit|Kowtow Cleave|p2b: Armarouge\n|-crit|p2b: Armarouge\n|-damage|p2b: Armarouge|0 fnt\n|faint|p2b: Armarouge\n|move|p2a: Indeedee|Draining Kiss|p1a: Cheems-Pao\n|-supereffective|p1a: Cheems-Pao\n|-damage|p1a: Cheems-Pao|67\/100\n|move|p1a: Cheems-Pao|Ice Spinner|p2a: Indeedee\n|-damage|p2a: Indeedee|39\/100\n|-fieldend|move: Psychic Terrain\n|\n|-weather|SunnyDay|[upkeep]\n|-end|p2a: Indeedee|move: Yawn|[silent]\n|-status|p2a: Indeedee|slp\n|upkeep\n|\n|t:|1695704487\n|switch|p2b: Malamar|Malamar, M|100\/100\n|-damage|p2b: Malamar|88\/100|[from] Stealth Rock\n|turn|4\n|\n|t:|1695704513\n|switch|p1a: Volcanion|Volcanion|100\/100\n|-terastallize|p1b: Kingambit|Ghost\n|move|p1b: Kingambit|Kowtow Cleave|p2b: Malamar\n|-damage|p2b: Malamar|12\/100\n|move|p2b: Malamar|Superpower|p1a: Volcanion\n|-damage|p1a: Volcanion|77\/100\n|-boost|p2b: Malamar|atk|1\n|-boost|p2b: Malamar|def|1\n|cant|p2a: Indeedee|slp\n|\n|-weather|SunnyDay|[upkeep]\n|-heal|p2b: Malamar|18\/100|[from] item: Leftovers\n|-heal|p1a: Volcanion|83\/100|[from] item: Leftovers\n|upkeep\n|turn|5\n|inactive|Zentex ELITE 4 has 60 seconds left.\n|\n|t:|1695704563\n|move|p1b: Kingambit|Kowtow Cleave|p2b: Malamar\n|-damage|p2b: Malamar|0 fnt\n|faint|p2b: Malamar\n|move|p1a: Volcanion|Heat Wave|p2a: Indeedee\n|-damage|p2a: Indeedee|3\/100 slp\n|cant|p2a: Indeedee|slp\n|\n|-weather|none\n|-heal|p1a: Volcanion|89\/100|[from] item: Leftovers\n|-fieldend|move: Trick Room\n|upkeep\n|inactive|Zentex ELITE 4 has 30 seconds left.\n|inactive|Zentex ELITE 4 has 20 seconds left.\n|\n|t:|1695704590\n|switch|p2b: Enamorus|Enamorus, F, shiny|100\/100\n|-damage|p2b: Enamorus|76\/100|[from] Stealth Rock\n|turn|6\n|inactive|Zentex ELITE 4 has 30 seconds left.\n|inactive|Zentex ELITE 4 has 20 seconds left.\n|inactive|Zentex ELITE 4 has 15 seconds left.\n|inactive|Zentex ELITE 4 has 10 seconds left.\n|inactive|Zentex ELITE 4 has 5 seconds left.\n|-message|Zentex ELITE 4 lost due to inactivity.\n|\n|win|Mascara De Planta\n|raw|Mascara De Planta's rating: 1267 &rarr; <strong>1289<\/strong><br \/>(+22 for winning)\n|raw|Zentex ELITE 4's rating: 1224 &rarr; <strong>1202<\/strong><br \/>(-22 for losing)\n|l|\u2606Zentex ELITE 4\n","uploadtime":1695704642,"views":8,"p1id":"mascaradeplanta","p2id":"zentexelite4","formatid":"gen9nationaldexdoubles","rating":1202,"private":0,"password":""}