{"id":"gen9nationaldexdoubles-1958102854","p1":"Mokaccino321","p2":"Orbidz","format":"[Gen 9] National Dex Doubles","log":"|j|\u2606Mokaccino321\n|j|\u2606Orbidz\n|t:|1696288174\n|gametype|doubles\n|player|p1|Mokaccino321|102|\n|player|p2|Orbidz|169|\n|teamsize|p1|6\n|teamsize|p2|6\n|gen|9\n|tier|[Gen 9] National Dex Doubles\n|rule|HP Percentage Mod: HP is shown in percentages\n|rule|Endless Battle Clause: Forcing endless battles is banned\n|rule|OHKO Clause: OHKO moves are banned\n|rule|Evasion Moves Clause: Evasion moves are banned\n|rule|Evasion Abilities Clause: Evasion abilities are banned\n|rule|Species Clause: Limit one of each Pok\u00e9mon\n|rule|Gravity Sleep Clause: The combination of sleep-inducing moves with imperfect accuracy and Gravity or Gigantamax Orbeetle are banned\n|clearpoke\n|poke|p1|Cradily, M|\n|poke|p1|Aerodactyl, M|\n|poke|p1|Arcanine-Hisui, F|\n|poke|p1|Nihilego|\n|poke|p1|Tyranitar, F|\n|poke|p1|Aggron, F|\n|poke|p2|Pelipper, F|\n|poke|p2|Raichu-Alola, F|\n|poke|p2|Camerupt, F|\n|poke|p2|Seismitoad, M|\n|poke|p2|Toxapex, F|\n|poke|p2|Ludicolo, F|\n|teampreview\n|\n|t:|1696288216\n|start\n|switch|p1a: Aerodactyl|Aerodactyl, M|100\/100\n|switch|p1b: Nihilego|Nihilego|100\/100\n|switch|p2a: Toxapex|Toxapex, F|100\/100\n|switch|p2b: Seismitoad|Seismitoad, M|100\/100\n|-ability|p1a: Aerodactyl|Unnerve\n|turn|1\n|\n|t:|1696288232\n|move|p1a: Aerodactyl|Tailwind|p1a: Aerodactyl\n|-sidestart|p1: Mokaccino321|move: Tailwind\n|move|p1b: Nihilego|Grass Knot|p2b: Seismitoad\n|-supereffective|p2b: Seismitoad\n|-damage|p2b: Seismitoad|0 fnt\n|faint|p2b: Seismitoad\n|-ability|p1b: Nihilego|Beast Boost|boost\n|-boost|p1b: Nihilego|spa|1\n|move|p2a: Toxapex|Toxic Spikes|p1b: Nihilego\n|-sidestart|p1: Mokaccino321|move: Toxic Spikes\n|\n|upkeep\n|\n|t:|1696288248\n|switch|p2b: Camerupt|Camerupt, F|100\/100\n|turn|2\n|\n|t:|1696288265\n|detailschange|p2b: Camerupt|Camerupt-Mega, F\n|-mega|p2b: Camerupt|Camerupt|Cameruptite\n|move|p2b: Camerupt|Protect|p2b: Camerupt\n|-singleturn|p2b: Camerupt|Protect\n|move|p1a: Aerodactyl|Sky Drop||[still]\n|-prepare|p1a: Aerodactyl|Sky Drop|p2a: Toxapex\n|-zpower|p1b: Nihilego\n|move|p1b: Nihilego|Continental Crush|p2b: Camerupt|[zeffect]\n|-zbroken|p2b: Camerupt\n|-damage|p2b: Camerupt|64\/100\n|\n|upkeep\n|turn|3\n|\n|t:|1696288281\n|move|p1a: Aerodactyl|Sky Drop|p2a: Toxapex|[from]lockedmove\n|-damage|p2a: Toxapex|87\/100\n|-end|p2a: Toxapex|Sky Drop\n|move|p1b: Nihilego|Power Gem|p2b: Camerupt\n|-damage|p2b: Camerupt|0 fnt\n|faint|p2b: Camerupt\n|-ability|p1b: Nihilego|Beast Boost|boost\n|-boost|p1b: Nihilego|spa|1\n|move|p2a: Toxapex|Recover|p2a: Toxapex\n|-heal|p2a: Toxapex|100\/100\n|\n|upkeep\n|\n|t:|1696288292\n|switch|p2b: Pelipper|Pelipper, F|100\/100\n|-weather|RainDance|[from] ability: Drizzle|[of] p2b: Pelipper\n|turn|4\n|\n|t:|1696288314\n|move|p1a: Aerodactyl|Wide Guard|p1a: Aerodactyl\n|-singleturn|p1a: Aerodactyl|Wide Guard\n|move|p1b: Nihilego|Power Gem|p2b: Pelipper\n|-supereffective|p2b: Pelipper\n|-damage|p2b: Pelipper|0 fnt\n|faint|p2b: Pelipper\n|-ability|p1b: Nihilego|Beast Boost|boost\n|-boost|p1b: Nihilego|spa|1\n|move|p2a: Toxapex|Haze|p2a: Toxapex\n|-clearallboost\n|\n|-weather|RainDance|[upkeep]\n|-sideend|p1: Mokaccino321|move: Tailwind\n|upkeep\n|\n|t:|1696288324\n|switch|p2b: Ludicolo|Ludicolo, F|100\/100\n|turn|5\n|\n|t:|1696288332\n|switch|p1b: Tyranitar|Tyranitar, F|100\/100\n|-status|p1b: Tyranitar|psn\n|-weather|Sandstorm|[from] ability: Sand Stream|[of] p1b: Tyranitar\n|move|p1a: Aerodactyl|Sky Drop||[still]\n|-prepare|p1a: Aerodactyl|Sky Drop|p2b: Ludicolo\n|move|p2a: Toxapex|Scald|p1b: Tyranitar\n|-supereffective|p1b: Tyranitar\n|-damage|p1b: Tyranitar|79\/100 psn\n|\n|-weather|Sandstorm|[upkeep]\n|-damage|p2b: Ludicolo|95\/100|[from] Sandstorm\n|-damage|p2a: Toxapex|94\/100|[from] Sandstorm\n|-heal|p2a: Toxapex|100\/100|[from] item: Black Sludge\n|-damage|p1b: Tyranitar|67\/100 psn|[from] psn\n|upkeep\n|turn|6\n|\n|t:|1696288395\n|move|p1a: Aerodactyl|Sky Drop|p2b: Ludicolo|[from]lockedmove\n|-supereffective|p2b: Ludicolo\n|-damage|p2b: Ludicolo|32\/100\n|-end|p2b: Ludicolo|Sky Drop\n|move|p2b: Ludicolo|Ice Beam|p1a: Aerodactyl\n|-supereffective|p1a: Aerodactyl\n|-damage|p1a: Aerodactyl|43\/100\n|-damage|p2b: Ludicolo|22\/100|[from] item: Life Orb\n|move|p1b: Tyranitar|Rock Slide|p2b: Ludicolo|[spread] p2a,p2b\n|-damage|p2a: Toxapex|77\/100\n|-damage|p2b: Ludicolo|0 fnt\n|faint|p2b: Ludicolo\n|-damage|p1b: Tyranitar|57\/100 psn|[from] item: Life Orb\n|cant|p2a: Toxapex|flinch\n|\n|-weather|Sandstorm|[upkeep]\n|-damage|p2a: Toxapex|71\/100|[from] Sandstorm\n|-heal|p2a: Toxapex|77\/100|[from] item: Black Sludge\n|-damage|p1b: Tyranitar|45\/100 psn|[from] psn\n|upkeep\n|\n|t:|1696288412\n|switch|p2b: Raichu|Raichu-Alola, F|100\/100\n|turn|7\n|\n|t:|1696288429\n|switch|p1b: Cradily|Cradily, M|100\/100\n|-status|p1b: Cradily|psn\n|move|p1a: Aerodactyl|Tailwind|p1a: Aerodactyl\n|-sidestart|p1: Mokaccino321|move: Tailwind\n|move|p2b: Raichu|Surf|p1a: Aerodactyl|[spread] p2a,p1a\n|-ability|p1b: Cradily|Storm Drain|boost\n|-boost|p1b: Cradily|spa|1\n|-resisted|p2a: Toxapex\n|-supereffective|p1a: Aerodactyl\n|-damage|p2a: Toxapex|69\/100\n|-damage|p1a: Aerodactyl|14\/100\n|move|p2a: Toxapex|Scald|p1b: Cradily\n|-activate|p1b: Cradily|ability: Storm Drain\n|-ability|p1b: Cradily|Storm Drain|boost\n|-boost|p1b: Cradily|spa|1\n|\n|-weather|Sandstorm|[upkeep]\n|-damage|p2b: Raichu|94\/100|[from] Sandstorm\n|-damage|p2a: Toxapex|63\/100|[from] Sandstorm\n|-heal|p2a: Toxapex|69\/100|[from] item: Black Sludge\n|-damage|p1b: Cradily|88\/100 psn|[from] psn\n|upkeep\n|turn|8\n|\n|t:|1696288452\n|move|p1a: Aerodactyl|Sky Drop||[still]\n|-prepare|p1a: Aerodactyl|Sky Drop|p2a: Toxapex\n|-zpower|p2b: Raichu\n|move|p2b: Raichu|All-Out Pummeling|p1b: Cradily|[zeffect]\n|-supereffective|p1b: Cradily\n|-damage|p1b: Cradily|45\/100 psn\n|move|p1b: Cradily|Earth Power|p2b: Raichu\n|-supereffective|p2b: Raichu\n|-damage|p2b: Raichu|0 fnt\n|faint|p2b: Raichu\n|\n|-weather|Sandstorm|[upkeep]\n|-damage|p2a: Toxapex|63\/100|[from] Sandstorm\n|-heal|p2a: Toxapex|69\/100|[from] item: Black Sludge\n|-damage|p1b: Cradily|32\/100 psn|[from] psn\n|upkeep\n|turn|9\n|\n|t:|1696288476\n|move|p1a: Aerodactyl|Sky Drop|p2a: Toxapex|[from]lockedmove\n|-damage|p2a: Toxapex|56\/100\n|-end|p2a: Toxapex|Sky Drop\n|move|p1b: Cradily|Earth Power|p2a: Toxapex\n|-supereffective|p2a: Toxapex\n|-damage|p2a: Toxapex|3\/100\n|move|p2a: Toxapex|Haze|p2a: Toxapex\n|-clearallboost\n|\n|-weather|none\n|-heal|p2a: Toxapex|9\/100|[from] item: Black Sludge\n|-damage|p1b: Cradily|20\/100 psn|[from] psn\n|upkeep\n|turn|10\n|\n|t:|1696288492\n|move|p1a: Aerodactyl|Taunt|p2a: Toxapex\n|-start|p2a: Toxapex|move: Taunt\n|move|p1b: Cradily|Earth Power|p2a: Toxapex\n|-supereffective|p2a: Toxapex\n|-damage|p2a: Toxapex|0 fnt\n|faint|p2a: Toxapex\n|\n|win|Mokaccino321\n|c|\u2606Mokaccino321|gg\n|c|\u2606Orbidz|gg\n|l|\u2606Orbidz\n|j|\u2606Orbidz\n|player|p2|Orbidz|169\n","uploadtime":1696288717,"views":16,"p1id":"mokaccino321","p2id":"orbidz","formatid":"gen9nationaldexdoubles","rating":0,"private":0,"password":""}