{"id":"gen9nationaldexdoubles-1985088429","p1":"lamebagels","p2":"fumbari 24","format":"[Gen 9] National Dex Doubles","log":"|j|\u2606lamebagels\n|j|\u2606fumbari 24\n|t:|1699329270\n|gametype|doubles\n|player|p1|lamebagels|rei-isekai|1211\n|player|p2|fumbari 24|hilbert|1266\n|teamsize|p1|6\n|teamsize|p2|6\n|gen|9\n|tier|[Gen 9] National Dex Doubles\n|rated|\n|rule|HP Percentage Mod: HP is shown in percentages\n|rule|Endless Battle Clause: Forcing endless battles is banned\n|rule|OHKO Clause: OHKO moves are banned\n|rule|Evasion Moves Clause: Evasion moves are banned\n|rule|Evasion Abilities Clause: Evasion abilities are banned\n|rule|Species Clause: Limit one of each Pok\u00e9mon\n|rule|Gravity Sleep Clause: The combination of sleep-inducing moves with imperfect accuracy and Gravity or Gigantamax Orbeetle are banned\n|clearpoke\n|poke|p1|Vivillon-Pokeball, M|\n|poke|p1|Torracat, F|\n|poke|p1|Tyranitar, F|\n|poke|p1|Zapdos-Galar|\n|poke|p1|Cresselia, F|\n|poke|p1|Landorus-Therian, M|\n|poke|p2|Manectric, M|\n|poke|p2|Crobat, F|\n|poke|p2|Boltund, M|\n|poke|p2|Lucario, M|\n|poke|p2|Tinkaton, F|\n|poke|p2|Arboliva, F|\n|teampreview\n|inactive|Battle timer is ON: inactive players will automatically lose when time's up. (requested by fumbari 24)\n|\n|t:|1699329297\n|start\n|switch|p1a: Landorus|Landorus-Therian, M|100\/100\n|switch|p1b: Tyranitar|Tyranitar, F|100\/100\n|switch|p2a: Tinkaton|Tinkaton, F|100\/100\n|switch|p2b: Boltund|Boltund, M|100\/100\n|-ability|p1a: Landorus|Intimidate|boost\n|-unboost|p2a: Tinkaton|atk|1\n|-unboost|p2b: Boltund|atk|1\n|-ability|p2b: Boltund|Competitive|boost\n|-boost|p2b: Boltund|spa|2\n|-ability|p2a: Tinkaton|Mold Breaker\n|-weather|Sandstorm|[from] ability: Sand Stream|[of] p1b: Tyranitar\n|turn|1\n|\n|t:|1699329318\n|-terastallize|p2b: Boltund|Ground\n|move|p2b: Boltund|Electrify|p1a: Landorus\n|-singleturn|p1a: Landorus|move: Electrify\n|move|p1a: Landorus|Sandsear Storm|p2a: Tinkaton|[spread] p2a\n|-immune|p2b: Boltund\n|-damage|p2a: Tinkaton|75\/100\n|-status|p2a: Tinkaton|brn\n|-enditem|p2a: Tinkaton|Red Card|[of] p1a: Landorus\n|drag|p1a: Cresselia|Cresselia, F, shiny|100\/100\n|move|p2a: Tinkaton|Skill Swap|p2b: Boltund\n|-activate|p2a: Tinkaton|move: Skill Swap|||[of] p2b: Boltund\n|-ability|p2b: Boltund|Mold Breaker\n|move|p1b: Tyranitar|Rock Slide|p2b: Boltund|[spread] p2a,p2b\n|-resisted|p2a: Tinkaton\n|-resisted|p2b: Boltund\n|-damage|p2a: Tinkaton|60\/100 brn\n|-damage|p2b: Boltund|76\/100\n|\n|-weather|Sandstorm|[upkeep]\n|-damage|p1a: Cresselia|94\/100|[from] Sandstorm\n|-damage|p2a: Tinkaton|54\/100 brn|[from] brn\n|upkeep\n|turn|2\n|\n|t:|1699329348\n|switch|p2a: Manectric|Manectric, M, shiny|100\/100\n|move|p1a: Cresselia|Ally Switch|p1a: Cresselia\n|swap|p1a: Cresselia|1|[from] move: Ally Switch\n|move|p2b: Boltund|Electrify|p1a: Tyranitar\n|-singleturn|p1a: Tyranitar|move: Electrify\n|move|p1a: Tyranitar|Knock Off|p2a: Manectric\n|-activate|p2a: Manectric|ability: Lightning Rod\n|-ability|p2a: Manectric|Lightning Rod|boost\n|-boost|p2a: Manectric|spa|1\n|\n|-weather|Sandstorm|[upkeep]\n|-damage|p2a: Manectric|94\/100|[from] Sandstorm\n|-damage|p1b: Cresselia|88\/100|[from] Sandstorm\n|upkeep\n|turn|3\n|inactive|lamebagels has 120 seconds left.\n|\n|t:|1699329386\n|switch|p1a: Torracat|Torracat, F|100\/100\n|-ability|p1a: Torracat|Intimidate|boost\n|-unboost|p2a: Manectric|atk|1\n|-unboost|p2b: Boltund|atk|1\n|move|p2b: Boltund|Electrify|p1b: Cresselia\n|-singleturn|p1b: Cresselia|move: Electrify\n|move|p2a: Manectric|Discharge|p1b: Cresselia|[spread] p1a,p1b\n|-immune|p2b: Boltund\n|-damage|p1a: Torracat|64\/100\n|-damage|p1b: Cresselia|72\/100\n|-status|p1b: Cresselia|par\n|cant|p1b: Cresselia|par\n|\n|-weather|Sandstorm|[upkeep]\n|-damage|p2a: Manectric|88\/100|[from] Sandstorm\n|-damage|p1a: Torracat|58\/100|[from] Sandstorm\n|-damage|p1b: Cresselia|66\/100 par|[from] Sandstorm\n|upkeep\n|turn|4\n|\n|t:|1699329403\n|-terastallize|p1a: Torracat|Dragon\n|move|p2b: Boltund|Electrify|p1b: Cresselia\n|-singleturn|p1b: Cresselia|move: Electrify\n|move|p2a: Manectric|Discharge|p1b: Cresselia|[spread] p1a,p1b\n|-immune|p2b: Boltund\n|-resisted|p1a: Torracat\n|-damage|p1a: Torracat|39\/100\n|-damage|p1b: Cresselia|48\/100 par\n|move|p1a: Torracat|Flare Blitz|p2a: Manectric\n|-damage|p2a: Manectric|27\/100\n|-damage|p1a: Torracat|21\/100|[from] Recoil\n|move|p1b: Cresselia|Lunar Blessing|p1b: Cresselia|[spread] p1a,p1b\n|-heal|p1a: Torracat|45\/100\n|-heal|p1b: Cresselia|73\/100 par\n|-curestatus|p1b: Cresselia|par|[msg]\n|\n|-weather|Sandstorm|[upkeep]\n|-damage|p2a: Manectric|21\/100|[from] Sandstorm\n|-damage|p1a: Torracat|39\/100|[from] Sandstorm\n|-damage|p1b: Cresselia|67\/100|[from] Sandstorm\n|upkeep\n|turn|5\n|\n|t:|1699329426\n|switch|p1a: Tyranitar|Tyranitar, F|100\/100\n|move|p2b: Boltund|Electrify|p1b: Cresselia\n|-singleturn|p1b: Cresselia|move: Electrify\n|move|p2a: Manectric|Hidden Power|p1a: Tyranitar\n|-damage|p1a: Tyranitar|92\/100\n|move|p1b: Cresselia|Lunar Blessing|p1b: Cresselia|[spread] p1a,p1b\n|-heal|p1a: Tyranitar|100\/100\n|-heal|p1b: Cresselia|92\/100\n|\n|-weather|none\n|upkeep\n|turn|6\n|\n|t:|1699329448\n|switch|p1a: Landorus|Landorus-Therian, M|100\/100\n|-ability|p1a: Landorus|Intimidate|boost\n|-unboost|p2a: Manectric|atk|1\n|-unboost|p2b: Boltund|atk|1\n|move|p2a: Manectric|Protect|p2a: Manectric\n|-singleturn|p2a: Manectric|Protect\n|move|p2b: Boltund|Snarl|p1a: Landorus|[spread] p1a,p1b\n|-supereffective|p1b: Cresselia\n|-damage|p1a: Landorus|77\/100\n|-damage|p1b: Cresselia|76\/100\n|-unboost|p1a: Landorus|spa|1\n|-unboost|p1b: Cresselia|spa|1\n|move|p1b: Cresselia|Mud-Slap|p2a: Manectric\n|-activate|p2a: Manectric|move: Protect\n|\n|upkeep\n|turn|7\n|\n|t:|1699329465\n|switch|p1a: Tyranitar|Tyranitar, F|100\/100\n|-weather|Sandstorm|[from] ability: Sand Stream|[of] p1a: Tyranitar\n|move|p2b: Boltund|Electrify|p1b: Cresselia\n|-singleturn|p1b: Cresselia|move: Electrify\n|move|p2a: Manectric|Hidden Power|p1a: Tyranitar\n|-damage|p1a: Tyranitar|92\/100\n|move|p1b: Cresselia|Mud-Slap|p2a: Manectric\n|-activate|p2a: Manectric|ability: Lightning Rod\n|-ability|p2a: Manectric|Lightning Rod|boost\n|-boost|p2a: Manectric|spa|1\n|\n|-weather|Sandstorm|[upkeep]\n|-damage|p2a: Manectric|15\/100|[from] Sandstorm\n|-damage|p1b: Cresselia|70\/100|[from] Sandstorm\n|upkeep\n|turn|8\n|\n|t:|1699329486\n|detailschange|p2a: Manectric|Manectric-Mega, M, shiny\n|-mega|p2a: Manectric|Manectric|Manectite\n|-ability|p2a: Manectric|Intimidate|boost\n|-unboost|p1a: Tyranitar|atk|1\n|-unboost|p1b: Cresselia|atk|1\n|move|p1b: Cresselia|Ally Switch|p1b: Cresselia\n|swap|p1b: Cresselia|0|[from] move: Ally Switch\n|move|p2a: Manectric|Discharge|p1b: Tyranitar|[spread] p1a,p1b\n|-immune|p2b: Boltund\n|-damage|p1a: Cresselia|44\/100\n|-damage|p1b: Tyranitar|72\/100\n|move|p2b: Boltund|Electrify||[still]\n|-fail|p2b: Boltund\n|move|p1b: Tyranitar|Knock Off|p2b: Boltund\n|-damage|p2b: Boltund|20\/100\n|-enditem|p2b: Boltund|Covert Cloak|[from] move: Knock Off|[of] p1b: Tyranitar\n|\n|-weather|Sandstorm|[upkeep]\n|-damage|p2a: Manectric|9\/100|[from] Sandstorm\n|-damage|p1a: Cresselia|37\/100|[from] Sandstorm\n|upkeep\n|turn|9\n|\n|t:|1699329516\n|switch|p1b: Landorus|Landorus-Therian, M|77\/100\n|-ability|p1b: Landorus|Intimidate|boost\n|-unboost|p2a: Manectric|atk|1\n|-unboost|p2b: Boltund|atk|1\n|move|p2a: Manectric|Discharge|p1a: Cresselia|[spread] p1a\n|-immune|p2b: Boltund\n|-immune|p1b: Landorus\n|-damage|p1a: Cresselia|8\/100\n|-status|p1a: Cresselia|par\n|-enditem|p1a: Cresselia|Aguav Berry|[eat]\n|-heal|p1a: Cresselia|41\/100 par|[from] item: Aguav Berry\n|move|p2b: Boltund|Snarl|p1b: Landorus|[spread] p1a,p1b\n|-supereffective|p1a: Cresselia\n|-damage|p1a: Cresselia|22\/100 par\n|-damage|p1b: Landorus|53\/100\n|-unboost|p1a: Cresselia|spa|1\n|-unboost|p1b: Landorus|spa|1\n|cant|p1a: Cresselia|par\n|\n|-weather|Sandstorm|[upkeep]\n|-damage|p2a: Manectric|3\/100|[from] Sandstorm\n|-damage|p1a: Cresselia|16\/100 par|[from] Sandstorm\n|upkeep\n|turn|10\n|inactive|fumbari 24 has 120 seconds left.\n|\n|t:|1699329552\n|switch|p1b: Tyranitar|Tyranitar, F|72\/100\n|move|p2a: Manectric|Hidden Power|p1b: Tyranitar\n|-damage|p1b: Tyranitar|59\/100\n|move|p2b: Boltund|Snarl|p1a: Cresselia|[spread] p1a,p1b\n|-supereffective|p1a: Cresselia\n|-resisted|p1b: Tyranitar\n|-damage|p1a: Cresselia|0 fnt\n|-damage|p1b: Tyranitar|56\/100\n|-unboost|p1b: Tyranitar|spa|1\n|faint|p1a: Cresselia\n|\n|-weather|Sandstorm|[upkeep]\n|-damage|p2a: Manectric|0 fnt|[from] Sandstorm\n|faint|p2a: Manectric\n|upkeep\n|\n|t:|1699329565\n|switch|p2a: Lucario|Lucario, M|100\/100\n|switch|p1a: Landorus|Landorus-Therian, M|53\/100\n|-ability|p1a: Landorus|Intimidate|boost\n|-fail|p2a: Lucario|unboost|Attack|[from] ability: Inner Focus|[of] p2a: Lucario\n|-unboost|p2b: Boltund|atk|1\n|turn|11\n|\n|t:|1699329576\n|move|p2b: Boltund|Electrify|p1a: Landorus\n|-singleturn|p1a: Landorus|move: Electrify\n|move|p1a: Landorus|Sandsear Storm|p2b: Boltund|[spread] p2a\n|-immune|p2b: Boltund\n|-damage|p2a: Lucario|64\/100\n|-damage|p1a: Landorus|43\/100|[from] item: Life Orb\n|move|p2a: Lucario|Metal Sound|p1a: Landorus|[miss]\n|-miss|p2a: Lucario|p1a: Landorus\n|move|p1b: Tyranitar|Dragon Tail|p2a: Lucario\n|-resisted|p2a: Lucario\n|-damage|p2a: Lucario|49\/100\n|drag|p2a: Olivia|Arboliva, F|100\/100\n|\n|-weather|none\n|upkeep\n|turn|12\n|inactive|lamebagels has 120 seconds left.\n|\n|t:|1699329609\n|switch|p1a: Vivillon|Vivillon-Pokeball, M|100\/100\n|move|p2b: Boltund|Electrify|p1a: Vivillon\n|-singleturn|p1a: Vivillon|move: Electrify\n|move|p1b: Tyranitar|Knock Off|p2a: Olivia\n|-damage|p2a: Olivia|50\/100\n|-fieldstart|move: Grassy Terrain|[from] ability: Seed Sower|[of] p2a: Olivia\n|-enditem|p2a: Olivia|Leftovers|[from] move: Knock Off|[of] p1b: Tyranitar\n|move|p2a: Olivia|Pollen Puff|p2b: Boltund\n|-heal|p2b: Boltund|70\/100\n|\n|-heal|p2b: Boltund|76\/100|[from] Grassy Terrain\n|-heal|p1b: Tyranitar|62\/100|[from] Grassy Terrain\n|-heal|p2a: Olivia|57\/100|[from] Grassy Terrain\n|upkeep\n|turn|13\n|inactive|lamebagels has 120 seconds left.\n|\n|t:|1699329658\n|switch|p1b: Landorus|Landorus-Therian, M|43\/100\n|-ability|p1b: Landorus|Intimidate|boost\n|-unboost|p2a: Olivia|atk|1\n|-unboost|p2b: Boltund|atk|1\n|move|p2b: Boltund|Protect|p2b: Boltund\n|-singleturn|p2b: Boltund|Protect\n|move|p1a: Vivillon|Pollen Puff|p1b: Landorus\n|-heal|p1b: Landorus|93\/100\n|move|p2a: Olivia|Strength Sap|p1b: Landorus\n|-unboost|p1b: Landorus|atk|1\n|-heal|p2a: Olivia|100\/100\n|\n|-heal|p2b: Boltund|83\/100|[from] Grassy Terrain\n|upkeep\n|turn|14\n|inactive|lamebagels has 120 seconds left.\n|\n|t:|1699329678\n|switch|p1b: Torracat|Torracat, F, tera:Dragon|39\/100\n|-ability|p1b: Torracat|Intimidate|boost\n|-unboost|p2a: Olivia|atk|1\n|-unboost|p2b: Boltund|atk|0\n|move|p2b: Boltund|Thunderbolt|p1a: Vivillon\n|-supereffective|p1a: Vivillon\n|-enditem|p1a: Vivillon|Focus Sash\n|-damage|p1a: Vivillon|1\/100\n|move|p1a: Vivillon|Pollen Puff|p1b: Torracat\n|-heal|p1b: Torracat|89\/100\n|move|p2a: Olivia|Hyper Voice|p1b: Torracat|[spread] p1a,p1b\n|-damage|p1a: Vivillon|0 fnt\n|-damage|p1b: Torracat|59\/100\n|faint|p1a: Vivillon\n|\n|-heal|p2b: Boltund|89\/100|[from] Grassy Terrain\n|-heal|p1b: Torracat|65\/100|[from] Grassy Terrain\n|upkeep\n|inactive|lamebagels has 120 seconds left.\n|\n|t:|1699329694\n|switch|p1a: Zapdos|Zapdos-Galar, shiny|100\/100\n|turn|15\n|\n|t:|1699329711\n|move|p1b: Torracat|Fake Out|p2b: Boltund\n|-damage|p2b: Boltund|75\/100\n|cant|p2b: Boltund|flinch\n|move|p1a: Zapdos|Brave Bird|p2b: Boltund\n|-damage|p2b: Boltund|0 fnt\n|faint|p2b: Boltund\n|-damage|p1a: Zapdos|76\/100|[from] Recoil\n|move|p2a: Olivia|Hyper Voice|p1b: Torracat|[spread] p1a,p1b\n|-damage|p1a: Zapdos|35\/100\n|-damage|p1b: Torracat|24\/100\n|\n|-heal|p1b: Torracat|30\/100|[from] Grassy Terrain\n|upkeep\n|\n|t:|1699329723\n|switch|p2b: Crobat|Crobat, F, shiny|100\/100\n|turn|16\n|\n|t:|1699329731\n|move|p2b: Crobat|Tailwind|p2b: Crobat\n|-sidestart|p2: fumbari 24|move: Tailwind\n|move|p1a: Zapdos|Brave Bird|p2b: Crobat\n|-damage|p2b: Crobat|4\/100\n|-damage|p1a: Zapdos|0 fnt|[from] Recoil\n|faint|p1a: Zapdos\n|move|p1b: Torracat|Flare Blitz|p2a: Olivia\n|-supereffective|p2a: Olivia\n|-damage|p2a: Olivia|34\/100\n|-damage|p1b: Torracat|7\/100|[from] Recoil\n|move|p2a: Olivia|Hyper Voice|p1b: Torracat\n|-damage|p1b: Torracat|0 fnt\n|faint|p1b: Torracat\n|\n|-heal|p2a: Olivia|40\/100|[from] Grassy Terrain\n|-fieldend|move: Grassy Terrain\n|upkeep\n|\n|t:|1699329741\n|switch|p1a: Landorus|Landorus-Therian, M|93\/100\n|switch|p1b: Tyranitar|Tyranitar, F|62\/100\n|-ability|p1a: Landorus|Intimidate|boost\n|-unboost|p2a: Olivia|atk|1\n|-fail|p2b: Crobat|unboost|Attack|[from] ability: Inner Focus|[of] p2b: Crobat\n|-weather|Sandstorm|[from] ability: Sand Stream|[of] p1b: Tyranitar\n|turn|17\n|\n|t:|1699329753\n|move|p2b: Crobat|Brave Bird|p1a: Landorus\n|-damage|p1a: Landorus|47\/100\n|-damage|p2b: Crobat|0 fnt|[from] Recoil\n|faint|p2b: Crobat\n|move|p1a: Landorus|Sandsear Storm|p2a: Olivia\n|-resisted|p2a: Olivia\n|-damage|p2a: Olivia|14\/100\n|-fieldstart|move: Grassy Terrain|[from] ability: Seed Sower|[of] p2a: Olivia\n|-damage|p1a: Landorus|37\/100|[from] item: Life Orb\n|move|p1b: Tyranitar|Rock Slide|p2a: Olivia\n|-damage|p2a: Olivia|0 fnt\n|faint|p2a: Olivia\n|\n|-weather|Sandstorm|[upkeep]\n|-heal|p1b: Tyranitar|68\/100|[from] Grassy Terrain\n|upkeep\n|\n|t:|1699329766\n|switch|p2b: Tinkaton|Tinkaton, F|54\/100 brn\n|switch|p2a: Lucario|Lucario, M|49\/100\n|-ability|p2b: Tinkaton|Mold Breaker\n|turn|18\n|\n|t:|1699329778\n|move|p2b: Tinkaton|Fake Out|p1a: Landorus\n|-damage|p1a: Landorus|33\/100\n|move|p2a: Lucario|Flash Cannon|p1a: Landorus\n|-damage|p1a: Landorus|0 fnt\n|faint|p1a: Landorus\n|move|p1b: Tyranitar|Iron Head|p2b: Tinkaton\n|-damage|p2b: Tinkaton|24\/100 brn\n|\n|-weather|Sandstorm|[upkeep]\n|-heal|p2b: Tinkaton|30\/100 brn|[from] Grassy Terrain\n|-heal|p2a: Lucario|55\/100|[from] Grassy Terrain\n|-heal|p1b: Tyranitar|75\/100|[from] Grassy Terrain\n|-damage|p2b: Tinkaton|24\/100 brn|[from] brn\n|upkeep\n|turn|19\n|\n|t:|1699329793\n|move|p2b: Tinkaton|Encore|p1b: Tyranitar\n|-start|p1b: Tyranitar|Encore\n|move|p2a: Lucario|Metal Sound|p1b: Tyranitar\n|-unboost|p1b: Tyranitar|spd|2\n|-enditem|p2a: Lucario|Throat Spray\n|-boost|p2a: Lucario|spa|1|[from] item: Throat Spray\n|move|p1b: Tyranitar|Iron Head|p2a: Lucario\n|-resisted|p2a: Lucario\n|-damage|p2a: Lucario|34\/100\n|\n|-weather|Sandstorm|[upkeep]\n|-heal|p2b: Tinkaton|30\/100 brn|[from] Grassy Terrain\n|-heal|p2a: Lucario|40\/100|[from] Grassy Terrain\n|-heal|p1b: Tyranitar|81\/100|[from] Grassy Terrain\n|-damage|p2b: Tinkaton|24\/100 brn|[from] brn\n|-sideend|p2: fumbari 24|move: Tailwind\n|upkeep\n|turn|20\n|\n|t:|1699329808\n|move|p2a: Lucario|Vacuum Wave|p1b: Tyranitar\n|-supereffective|p1b: Tyranitar\n|-damage|p1b: Tyranitar|0 fnt\n|faint|p1b: Tyranitar\n|\n|win|fumbari 24\n|raw|lamebagels's rating: 1211 &rarr; <strong>1190<\/strong><br \/>(-21 for losing)\n|raw|fumbari 24's rating: 1266 &rarr; <strong>1287<\/strong><br \/>(+21 for winning)\n|l|\u2606lamebagels\n","uploadtime":1699329813,"views":11,"p1id":"lamebagels","p2id":"fumbari24","formatid":"gen9nationaldexdoubles","rating":1190,"private":0,"password":""}