{"id":"gen9nationaldexdoubles-1972102191","p1":"TheRarWolf","p2":"JodexStar","format":"[Gen 9] National Dex Doubles","log":"|j|\u2606TheRarWolf\n|j|\u2606JodexStar\n|t:|1697812994\n|gametype|doubles\n|player|p1|TheRarWolf|roxie|\n|player|p2|JodexStar|janitor|\n|teamsize|p1|6\n|teamsize|p2|6\n|gen|9\n|tier|[Gen 9] National Dex Doubles\n|rule|HP Percentage Mod: HP is shown in percentages\n|rule|Endless Battle Clause: Forcing endless battles is banned\n|rule|OHKO Clause: OHKO moves are banned\n|rule|Evasion Moves Clause: Evasion moves are banned\n|rule|Evasion Abilities Clause: Evasion abilities are banned\n|rule|Species Clause: Limit one of each Pok\u00e9mon\n|rule|Gravity Sleep Clause: The combination of sleep-inducing moves with imperfect accuracy and Gravity or Gigantamax Orbeetle are banned\n|clearpoke\n|poke|p1|Ribombee, F|\n|poke|p1|Scizor, F|\n|poke|p1|Kricketune, F|\n|poke|p1|Heracross, M|\n|poke|p1|Masquerain, M|\n|poke|p1|Kleavor, M|\n|poke|p2|Regidrago|\n|poke|p2|Kyurem|\n|poke|p2|Noivern, M|\n|poke|p2|Kommo-o, F|\n|poke|p2|Sliggoo-Hisui, M|\n|poke|p2|Salamence, F|\n|teampreview\n|\n|t:|1697813010\n|start\n|switch|p1a: Masquerain|Masquerain, M|100\/100\n|switch|p1b: Ribombee|Ribombee, F|100\/100\n|switch|p2a: Noivern|Noivern, M|100\/100\n|switch|p2b: Kommo-o|Kommo-o, F|100\/100\n|-ability|p1a: Masquerain|Intimidate|boost\n|-unboost|p2a: Noivern|atk|1\n|-unboost|p2b: Kommo-o|atk|1\n|turn|1\n|\n|t:|1697813027\n|move|p1b: Ribombee|Moonblast|p2b: Kommo-o\n|-supereffective|p2b: Kommo-o\n|-damage|p2b: Kommo-o|0 fnt\n|faint|p2b: Kommo-o\n|move|p2a: Noivern|Tailwind|p2a: Noivern\n|-sidestart|p2: JodexStar|move: Tailwind\n|move|p1a: Masquerain|Tailwind|p1a: Masquerain\n|-sidestart|p1: TheRarWolf|move: Tailwind\n|\n|upkeep\n|c|\u2606JodexStar|ow\n|\n|t:|1697813042\n|switch|p2b: Regidrago|Regidrago|100\/100\n|turn|2\n|\n|t:|1697813047\n|move|p1a: Masquerain|Protect|p1a: Masquerain\n|-singleturn|p1a: Masquerain|Protect\n|move|p2b: Regidrago|Dragon Energy|p1a: Masquerain|[spread] \n|-activate|p1a: Masquerain|move: Protect\n|-immune|p1b: Ribombee\n|move|p1b: Ribombee|Moonblast|p2b: Regidrago\n|-supereffective|p2b: Regidrago\n|-damage|p2b: Regidrago|7\/100\n|move|p2a: Noivern|Heat Wave|p1b: Ribombee|[spread] p1b\n|-activate|p1a: Masquerain|move: Protect\n|-supereffective|p1b: Ribombee\n|-damage|p1b: Ribombee|33\/100\n|\n|upkeep\n|turn|3\n|\n|t:|1697813070\n|switch|p2b: Sliggoo|Sliggoo-Hisui, M|100\/100\n|move|p1b: Ribombee|Moonblast|p2a: Noivern\n|-supereffective|p2a: Noivern\n|-enditem|p2a: Noivern|Focus Sash\n|-damage|p2a: Noivern|1\/100\n|move|p2a: Noivern|Heat Wave|p1a: Masquerain|[spread] p1a,p1b\n|-supereffective|p1a: Masquerain\n|-supereffective|p1b: Ribombee\n|-damage|p1a: Masquerain|48\/100\n|-damage|p1b: Ribombee|0 fnt\n|faint|p1b: Ribombee\n|move|p1a: Masquerain|Bug Buzz|p2b: Sliggoo\n|-resisted|p2b: Sliggoo\n|-damage|p2b: Sliggoo|88\/100\n|\n|upkeep\n|c|\u2606JodexStar|I completely missed you used tailwind on turn 1 too\n|\n|t:|1697813092\n|switch|p1b: Heracross|Heracross, M|100\/100\n|turn|4\n|\n|t:|1697813108\n|move|p2a: Noivern|Protect|p2a: Noivern\n|-singleturn|p2a: Noivern|Protect\n|move|p1b: Heracross|Close Combat|p2b: Sliggoo\n|-supereffective|p2b: Sliggoo\n|-damage|p2b: Sliggoo|6\/100\n|-unboost|p1b: Heracross|def|1\n|-unboost|p1b: Heracross|spd|1\n|-ability|p2b: Sliggoo|Gooey\n|-unboost|p1b: Heracross|spe|1\n|move|p1a: Masquerain|Struggle Bug|p2a: Noivern|[spread] p2b\n|-activate|p2a: Noivern|move: Protect\n|-resisted|p2b: Sliggoo\n|-damage|p2b: Sliggoo|1\/100\n|-unboost|p2b: Sliggoo|spa|1\n|move|p2b: Sliggoo|Acid Spray|p1b: Heracross\n|-damage|p1b: Heracross|91\/100\n|-unboost|p1b: Heracross|spd|2\n|\n|-sideend|p1: TheRarWolf|move: Tailwind\n|-sideend|p2: JodexStar|move: Tailwind\n|-status|p1b: Heracross|brn|[from] item: Flame Orb\n|upkeep\n|turn|5\n|l|\u2606TheRarWolf\n|player|p1|\n|\n|t:|1697813133\n|switch|p1b: Kleavor|Kleavor, M|100\/100\n|move|p2a: Noivern|Boomburst|p1a: Masquerain|[spread] p2b,p1a,p1b\n|-resisted|p2b: Sliggoo\n|-resisted|p1b: Kleavor\n|-damage|p2b: Sliggoo|0 fnt\n|-damage|p1a: Masquerain|6\/100\n|-damage|p1b: Kleavor|75\/100\n|faint|p2b: Sliggoo\n|move|p1a: Masquerain|Struggle Bug|p2a: Noivern\n|-resisted|p2a: Noivern\n|-damage|p2a: Noivern|0 fnt\n|faint|p2a: Noivern\n|\n|upkeep\n|j|\u2606TheRarWolf\n|player|p1|TheRarWolf|roxie\n|\n|t:|1697813152\n|switch|p2a: Regidrago|Regidrago|7\/100\n|switch|p2b: Kyurem|Kyurem, shiny|100\/100\n|-ability|p2b: Kyurem|Pressure\n|turn|6\n|\n|t:|1697813169\n|move|p2a: Regidrago|Dragon Pulse|p1b: Kleavor\n|-damage|p1b: Kleavor|0 fnt\n|faint|p1b: Kleavor\n|move|p2b: Kyurem|Glaciate|p1a: Masquerain\n|-supereffective|p1a: Masquerain\n|-damage|p1a: Masquerain|0 fnt\n|faint|p1a: Masquerain\n|\n|upkeep\n|\n|t:|1697813187\n|switch|p1b: Heracross|Heracross, M|91\/100 brn\n|switch|p1a: Scizor|Scizor, F|100\/100\n|turn|7\n|\n|t:|1697813203\n|switch|p2a: Salamence|Salamence, F|100\/100\n|-ability|p2a: Salamence|Intimidate|boost\n|-unboost|p1a: Scizor|atk|1\n|-unboost|p1b: Heracross|atk|1\n|detailschange|p1a: Scizor|Scizor-Mega, F\n|-mega|p1a: Scizor|Scizor|Scizorite\n|move|p2b: Kyurem|Protect|p2b: Kyurem\n|-singleturn|p2b: Kyurem|Protect\n|move|p1a: Scizor|Bullet Punch|p2b: Kyurem\n|-activate|p2b: Kyurem|move: Protect\n|move|p1b: Heracross|Rock Slide|p2a: Salamence|[spread] p2a\n|-activate|p2b: Kyurem|move: Protect\n|-supereffective|p2a: Salamence\n|-damage|p2a: Salamence|55\/100\n|\n|-damage|p1b: Heracross|85\/100 brn|[from] brn\n|upkeep\n|turn|8\n|\n|t:|1697813228\n|move|p2b: Kyurem|Helping Hand|p2a: Salamence\n|-singleturn|p2a: Salamence|Helping Hand|[of] p2b: Kyurem\n|move|p1a: Scizor|Bullet Punch|p2b: Kyurem\n|-supereffective|p2b: Kyurem\n|-damage|p2b: Kyurem|52\/100\n|move|p2a: Salamence|Dual Wingbeat|p1b: Heracross\n|-supereffective|p1b: Heracross\n|-damage|p1b: Heracross|0 fnt\n|faint|p1b: Heracross\n|-hitcount|p1: Heracross|1\n|-damage|p2a: Salamence|45\/100|[from] item: Life Orb\n|\n|-heal|p2b: Kyurem|58\/100|[from] item: Leftovers\n|upkeep\n|\n|t:|1697813236\n|switch|p1b: Kricketune|Kricketune, F|100\/100\n|turn|9\n|\n|t:|1697813263\n|move|p2b: Kyurem|Helping Hand|p2a: Salamence\n|-singleturn|p2a: Salamence|Helping Hand|[of] p2b: Kyurem\n|move|p1a: Scizor|Bullet Punch|p2b: Kyurem\n|-supereffective|p2b: Kyurem\n|-damage|p2b: Kyurem|9\/100\n|move|p2a: Salamence|Rock Slide|p1b: Kricketune|[spread] p1a,p1b\n|-supereffective|p1b: Kricketune\n|-damage|p1a: Scizor|66\/100\n|-enditem|p1b: Kricketune|Focus Sash\n|-damage|p1b: Kricketune|1\/100\n|-damage|p2a: Salamence|35\/100|[from] item: Life Orb\n|move|p1b: Kricketune|Aerial Ace|p2a: Salamence\n|-damage|p2a: Salamence|6\/100\n|\n|-heal|p2b: Kyurem|15\/100|[from] item: Leftovers\n|upkeep\n|turn|10\n|\n|t:|1697813286\n|move|p1a: Scizor|Bullet Punch|p2a: Salamence\n|-damage|p2a: Salamence|0 fnt\n|faint|p2a: Salamence\n|move|p2b: Kyurem|Glaciate|p1a: Scizor|[spread] p1a,p1b\n|-resisted|p1a: Scizor\n|-damage|p1a: Scizor|55\/100\n|-damage|p1b: Kricketune|0 fnt\n|-unboost|p1a: Scizor|spe|1\n|faint|p1b: Kricketune\n|\n|-heal|p2b: Kyurem|21\/100|[from] item: Leftovers\n|upkeep\n|\n|t:|1697813295\n|switch|p2a: Regidrago|Regidrago|7\/100\n|turn|11\n|\n|t:|1697813308\n|move|p1a: Scizor|Bullet Punch|p2a: Regidrago\n|-damage|p2a: Regidrago|0 fnt\n|faint|p2a: Regidrago\n|move|p2b: Kyurem|Breaking Swipe|p1a: Scizor\n|-resisted|p1a: Scizor\n|-damage|p1a: Scizor|46\/100\n|-unboost|p1a: Scizor|atk|1\n|\n|-heal|p2b: Kyurem|27\/100|[from] item: Leftovers\n|upkeep\n|turn|12\n|\n|t:|1697813318\n|move|p2b: Kyurem|Protect|p2b: Kyurem\n|-singleturn|p2b: Kyurem|Protect\n|move|p1a: Scizor|Bullet Punch|p2b: Kyurem\n|-activate|p2b: Kyurem|move: Protect\n|\n|-heal|p2b: Kyurem|33\/100|[from] item: Leftovers\n|upkeep\n|turn|13\n|c|\u2606TheRarWolf|HOLY **SHIT**\n|\n|t:|1697813326\n|-terastallize|p2b: Kyurem|Dragon\n|move|p1a: Scizor|Bullet Punch|p2b: Kyurem\n|-crit|p2b: Kyurem\n|-damage|p2b: Kyurem|0 fnt\n|faint|p2b: Kyurem\n|\n|win|TheRarWolf\n|c|\u2606TheRarWolf|AAHSKSILS\n|c|\u2606JodexStar|awe\n|c|\u2606TheRarWolf|WHAT\n|c|\u2606JodexStar|ggs\n|c|\u2606TheRarWolf|Ggs\n|l|\u2606JodexStar\n","uploadtime":1697813350,"views":8,"p1id":"therarwolf","p2id":"jodexstar","formatid":"gen9nationaldexdoubles","rating":0,"private":0,"password":""}