{"id":"gen9nationaldexdoubles-2000511419","p1":"Iamdying...again","p2":"AdvancedDigit","format":"[Gen 9] National Dex Doubles","log":"|j|\u2606Iamdying...again\n|j|\u2606AdvancedDigit\n|t:|1701200961\n|gametype|doubles\n|player|p1|Iamdying...again|ingo|1037\n|player|p2|AdvancedDigit|nate|1118\n|teamsize|p1|6\n|teamsize|p2|6\n|gen|9\n|tier|[Gen 9] National Dex Doubles\n|rated|\n|rule|HP Percentage Mod: HP is shown in percentages\n|rule|Endless Battle Clause: Forcing endless battles is banned\n|rule|OHKO Clause: OHKO moves are banned\n|rule|Evasion Moves Clause: Evasion moves are banned\n|rule|Evasion Abilities Clause: Evasion abilities are banned\n|rule|Species Clause: Limit one of each Pok\u00e9mon\n|rule|Gravity Sleep Clause: The combination of sleep-inducing moves with imperfect accuracy and Gravity or Gigantamax Orbeetle are banned\n|clearpoke\n|poke|p1|Oricorio, M|\n|poke|p1|Kommo-o, M|\n|poke|p1|Quaquaval, F|\n|poke|p1|Typhlosion-Hisui, M|\n|poke|p1|Basculegion, M|\n|poke|p1|Toxtricity-Low-Key, M|\n|poke|p2|Wo-Chien|\n|poke|p2|Arcanine, M|\n|poke|p2|Incineroar, M|\n|poke|p2|Manectric, M|\n|poke|p2|Tauros, M|\n|poke|p2|Iron Hands|\n|teampreview\n|\n|t:|1701200983\n|start\n|switch|p1a: Oricorio|Oricorio, M, shiny|100\/100\n|switch|p1b: Kommo-o|Kommo-o, M|100\/100\n|switch|p2a: Iron Hands|Iron Hands|100\/100\n|switch|p2b: Tauros|Tauros, M|100\/100\n|turn|1\n|\n|t:|1701201009\n|move|p2a: Iron Hands|Fake Out|p1b: Kommo-o\n|-damage|p1b: Kommo-o|84\/100\n|move|p2b: Tauros|Body Slam|p1b: Kommo-o\n|-damage|p1b: Kommo-o|9\/100\n|move|p1a: Oricorio|Revelation Dance|p2b: Tauros\n|-damage|p2b: Tauros|51\/100\n|cant|p1b: Kommo-o|flinch\n|\n|upkeep\n|turn|2\n|\n|t:|1701201030\n|move|p2b: Tauros|Body Slam|p1b: Kommo-o\n|-damage|p1b: Kommo-o|0 fnt\n|faint|p1b: Kommo-o\n|move|p1a: Oricorio|Revelation Dance|p2b: Tauros\n|-damage|p2b: Tauros|4\/100\n|move|p2a: Iron Hands|Volt Switch|p1a: Oricorio\n|-supereffective|p1a: Oricorio\n|-damage|p1a: Oricorio|65\/100\n|\n|t:|1701201037\n|-end|p2a: Iron Hands|Quark Drive|[silent]\n|switch|p2a: Manectric|Manectric, M|100\/100|[from] Volt Switch\n|\n|upkeep\n|\n|t:|1701201041\n|switch|p1b: Quaquaval|Quaquaval, F|100\/100\n|turn|3\n|\n|t:|1701201054\n|detailschange|p2a: Manectric|Manectric-Mega, M\n|-mega|p2a: Manectric|Manectric|Manectite\n|-ability|p2a: Manectric|Intimidate|boost\n|-unboost|p1a: Oricorio|atk|1\n|-unboost|p1b: Quaquaval|atk|1\n|move|p2a: Manectric|Volt Switch|p1b: Quaquaval\n|-supereffective|p1b: Quaquaval\n|-damage|p1b: Quaquaval|1\/100\n|c|\u2606AdvancedDigit|omg no way\n|\n|t:|1701201070\n|switch|p2a: Iron Hands|Iron Hands|100\/100|[from] Volt Switch\n|move|p2b: Tauros|Body Slam|p1a: Oricorio\n|-damage|p1a: Oricorio|0 fnt\n|faint|p1a: Oricorio\n|move|p1b: Quaquaval|Aqua Step|p2a: Iron Hands\n|-damage|p2a: Iron Hands|76\/100\n|-boost|p1b: Quaquaval|spe|1\n|\n|upkeep\n|\n|t:|1701201082\n|switch|p1a: Typhlosion|Typhlosion-Hisui, M, shiny|100\/100\n|turn|4\n|\n|t:|1701201106\n|switch|p2b: Incineroar|Incineroar, M|100\/100\n|-ability|p2b: Incineroar|Intimidate|boost\n|-unboost|p1a: Typhlosion|atk|1\n|-unboost|p1b: Quaquaval|atk|1\n|move|p2a: Iron Hands|Fake Out|p1b: Quaquaval\n|-damage|p1b: Quaquaval|0 fnt\n|faint|p1b: Quaquaval\n|move|p1a: Typhlosion|Lava Plume|p2b: Incineroar|[spread] p2a,p2b\n|-resisted|p2b: Incineroar\n|-damage|p2a: Iron Hands|59\/100\n|-damage|p2b: Incineroar|92\/100\n|\n|upkeep\n|\n|t:|1701201114\n|switch|p1b: Toxtricity|Toxtricity-Low-Key, M|100\/100\n|turn|5\n|\n|t:|1701201141\n|move|p2b: Incineroar|Fake Out|p1b: Toxtricity\n|-damage|p1b: Toxtricity|79\/100\n|-damage|p2b: Incineroar|75\/100|[from] item: Rocky Helmet|[of] p1b: Toxtricity\n|move|p1a: Typhlosion|Lava Plume|p2a: Iron Hands|[spread] p1b,p2a,p2b\n|-resisted|p2b: Incineroar\n|-damage|p1b: Toxtricity|41\/100\n|-damage|p2a: Iron Hands|41\/100\n|-damage|p2b: Incineroar|65\/100\n|-status|p1b: Toxtricity|brn\n|cant|p1b: Toxtricity|flinch\n|move|p2a: Iron Hands|Volt Switch|p1b: Toxtricity\n|-resisted|p1b: Toxtricity\n|-damage|p1b: Toxtricity|33\/100 brn\n|\n|t:|1701201171\n|-end|p2a: Iron Hands|Quark Drive|[silent]\n|switch|p2a: Tauros|Tauros, M|4\/100|[from] Volt Switch\n|\n|-damage|p1b: Toxtricity|27\/100 brn|[from] brn\n|upkeep\n|turn|6\n|\n|t:|1701201183\n|move|p2a: Tauros|Throat Chop|p1a: Typhlosion\n|-supereffective|p1a: Typhlosion\n|-damage|p1a: Typhlosion|0 fnt\n|faint|p1a: Typhlosion\n|move|p1b: Toxtricity|Sludge Wave|p2a: Tauros|[spread] p2a,p2b\n|-damage|p2a: Tauros|0 fnt\n|-damage|p2b: Incineroar|42\/100\n|faint|p2a: Tauros\n|move|p2b: Incineroar|Darkest Lariat|p1b: Toxtricity\n|-damage|p1b: Toxtricity|0 fnt\n|-damage|p2b: Incineroar|25\/100|[from] item: Rocky Helmet|[of] p1b: Toxtricity\n|faint|p1b: Toxtricity\n|\n|upkeep\n|\n|t:|1701201193\n|switch|p2a: Arcanine|Arcanine, M|100\/100\n|switch|p1a: Basculegion|Basculegion, M, shiny|100\/100\n|-ability|p2a: Arcanine|Intimidate|boost\n|-unboost|p1a: Basculegion|atk|1\n|turn|7\n|\n|t:|1701201200\n|move|p1a: Basculegion|Last Respects|p2a: Arcanine\n|-damage|p2a: Arcanine|25\/100\n|move|p2a: Arcanine|Will-O-Wisp|p1a: Basculegion\n|-status|p1a: Basculegion|brn\n|move|p2b: Incineroar|Darkest Lariat|p1a: Basculegion\n|-supereffective|p1a: Basculegion\n|-damage|p1a: Basculegion|0 fnt\n|faint|p1a: Basculegion\n|\n|win|AdvancedDigit\n|raw|Iamdying...again's rating: 1037 &rarr; <strong>1025<\/strong><br \/>(-12 for losing)\n|raw|AdvancedDigit's rating: 1118 &rarr; <strong>1137<\/strong><br \/>(+19 for winning)\n|c|\u2606AdvancedDigit|gg\n|c|\u2606Iamdying...again|gg\n","uploadtime":1701201208,"views":0,"p1id":"iamdyingagain","p2id":"advanceddigit","formatid":"gen9nationaldexdoubles","rating":1025,"private":0,"password":""}