{"id":"gen9nationaldexdoubles-1993600209","p1":"Jam35_Name","p2":"thatsrealnito2","format":"[Gen 9] National Dex Doubles","log":"|j|\u2606Jam35_Name\n|j|\u2606thatsrealnito2\n|t:|1700336132\n|gametype|doubles\n|player|p1|Jam35_Name|policeman|\n|player|p2|thatsrealnito2|iris-gen5bw2|\n|teamsize|p1|6\n|teamsize|p2|6\n|gen|9\n|tier|[Gen 9] National Dex Doubles\n|rule|HP Percentage Mod: HP is shown in percentages\n|rule|Endless Battle Clause: Forcing endless battles is banned\n|rule|OHKO Clause: OHKO moves are banned\n|rule|Evasion Moves Clause: Evasion moves are banned\n|rule|Evasion Abilities Clause: Evasion abilities are banned\n|rule|Species Clause: Limit one of each Pok\u00e9mon\n|rule|Gravity Sleep Clause: The combination of sleep-inducing moves with imperfect accuracy and Gravity or Gigantamax Orbeetle are banned\n|clearpoke\n|poke|p1|Blastoise, F|\n|poke|p1|Ditto|\n|poke|p1|Cloyster, F|\n|poke|p1|Magneton|\n|poke|p1|Mew|\n|poke|p1|Chansey, F|\n|poke|p2|Reuniclus, F|\n|poke|p2|Krookodile, M|\n|poke|p2|Audino, M|\n|poke|p2|Whimsicott, F|\n|poke|p2|Jellicent, M|\n|poke|p2|Chandelure, F|\n|teampreview\n|\n|t:|1700336153\n|start\n|switch|p1a: Tutel :)|Blastoise, F|100\/100\n|switch|p1b: Cat|Mew, shiny|100\/100\n|switch|p2a: Sunglasses|Krookodile, M|100\/100\n|switch|p2b: Cleric|Audino, M, shiny|100\/100\n|-ability|p2a: Sunglasses|Intimidate|boost\n|-unboost|p1a: Tutel :)|atk|1\n|-unboost|p1b: Cat|atk|1\n|turn|1\n|\n|t:|1700336168\n|detailschange|p1a: Tutel :)|Blastoise-Mega, F\n|-mega|p1a: Tutel :)|Blastoise|Blastoisinite\n|detailschange|p2b: Cleric|Audino-Mega, M, shiny\n|-mega|p2b: Cleric|Audino|Audinite\n|-terastallize|p2a: Sunglasses|Fighting\n|move|p1a: Tutel :)|Protect|p1a: Tutel :)\n|-singleturn|p1a: Tutel :)|Protect\n|move|p2b: Cleric|Protect|p2b: Cleric\n|-singleturn|p2b: Cleric|Protect\n|move|p2a: Sunglasses|Earthquake|p1a: Tutel :)|[spread] p1b\n|-activate|p2b: Cleric|move: Protect\n|-activate|p1a: Tutel :)|move: Protect\n|-damage|p1b: Cat|74\/100\n|move|p1b: Cat|Cosmic Power|p1b: Cat\n|-boost|p1b: Cat|def|1\n|-boost|p1b: Cat|spd|1\n|\n|-heal|p1b: Cat|80\/100|[from] item: Leftovers\n|upkeep\n|turn|2\n|\n|t:|1700336196\n|move|p2a: Sunglasses|Stealth Rock|p1a: Tutel :)\n|-sidestart|p1: Jam35_Name|move: Stealth Rock\n|move|p1a: Tutel :)|Shell Smash|p1a: Tutel :)\n|-unboost|p1a: Tutel :)|def|1\n|-unboost|p1a: Tutel :)|spd|1\n|-boost|p1a: Tutel :)|atk|2\n|-boost|p1a: Tutel :)|spa|2\n|-boost|p1a: Tutel :)|spe|2\n|move|p1b: Cat|Life Dew||[still]|[spread] p1a,p1b\n|-fail|p1a: Tutel :)|heal\n|-heal|p1b: Cat|100\/100\n|move|p2b: Cleric|Knock Off|p1b: Cat\n|-supereffective|p1b: Cat\n|-damage|p1b: Cat|85\/100\n|-enditem|p1b: Cat|Leftovers|[from] move: Knock Off|[of] p2b: Cleric\n|\n|upkeep\n|turn|3\n|\n|t:|1700336223\n|switch|p2b: Mr Pringles|Jellicent, M|100\/100\n|move|p1b: Cat|Helping Hand|p1a: Tutel :)\n|-singleturn|p1a: Tutel :)|Helping Hand|[of] p1b: Cat\n|move|p1a: Tutel :)|Water Spout|p2a: Sunglasses|[spread] p2a,p2b\n|-resisted|p2b: Mr Pringles\n|-crit|p2b: Mr Pringles\n|-damage|p2a: Sunglasses|0 fnt\n|-damage|p2b: Mr Pringles|0 fnt\n|faint|p2a: Sunglasses\n|faint|p2b: Mr Pringles\n|\n|upkeep\n|\n|t:|1700336235\n|switch|p2a: The Lark|Whimsicott, F, shiny|100\/100\n|switch|p2b: MEME'S|Reuniclus, F|100\/100\n|turn|4\n|\n|t:|1700336250\n|move|p1b: Cat|Ally Switch|p1b: Cat\n|swap|p1b: Cat|0|[from] move: Ally Switch\n|move|p2a: The Lark|Tailwind|p2a: The Lark\n|-sidestart|p2: thatsrealnito2|move: Tailwind\n|move|p1b: Tutel :)|Water Spout|p2a: The Lark|[spread] p2a,p2b\n|-resisted|p2a: The Lark\n|-enditem|p2a: The Lark|Focus Sash\n|-damage|p2a: The Lark|1\/100\n|-damage|p2b: MEME'S|0 fnt\n|faint|p2b: MEME'S\n|\n|upkeep\n|\n|t:|1700336260\n|switch|p2b: Spooky lamp|Chandelure, F|100\/100\n|turn|5\n|\n|t:|1700336274\n|move|p1a: Cat|Helping Hand|p1b: Tutel :)\n|-singleturn|p1b: Tutel :)|Helping Hand|[of] p1a: Cat\n|move|p2a: The Lark|Moonblast|p1b: Tutel :)\n|-damage|p1b: Tutel :)|49\/100\n|-unboost|p1b: Tutel :)|spa|1\n|move|p2b: Spooky lamp|Shadow Ball|p1b: Tutel :)\n|-damage|p1b: Tutel :)|0 fnt\n|faint|p1b: Tutel :)\n|\n|upkeep\n|\n|t:|1700336306\n|switch|p1b: Balls|Magneton|100\/100\n|-damage|p1b: Balls|94\/100|[from] Stealth Rock\n|turn|6\n|\n|t:|1700336317\n|move|p2a: The Lark|Protect|p2a: The Lark\n|-singleturn|p2a: The Lark|Protect\n|move|p1a: Cat|Ally Switch|p1a: Cat\n|swap|p1a: Cat|1|[from] move: Ally Switch\n|move|p2b: Spooky lamp|Flamethrower|p1b: Cat\n|-damage|p1b: Cat|66\/100\n|-status|p1b: Cat|brn\n|-activate|p1b: Cat|ability: Synchronize\n|-immune|p2b: Spooky lamp\n|move|p1a: Balls|Thunderbolt|p2a: The Lark\n|-activate|p2a: The Lark|move: Protect\n|\n|-damage|p1b: Cat|60\/100 brn|[from] brn\n|upkeep\n|turn|7\n|\n|t:|1700336339\n|move|p2a: The Lark|Moonblast|p1b: Cat\n|-damage|p1b: Cat|45\/100 brn\n|-unboost|p1b: Cat|spa|1\n|move|p2b: Spooky lamp|Flamethrower|p1a: Balls\n|-supereffective|p1a: Balls\n|-damage|p1a: Balls|17\/100\n|move|p1b: Cat|Life Dew|p1b: Cat|[spread] p1a,p1b\n|-heal|p1a: Balls|42\/100\n|-heal|p1b: Cat|70\/100 brn\n|move|p1a: Balls|Thunderbolt|p2a: The Lark\n|-resisted|p2a: The Lark\n|-damage|p2a: The Lark|0 fnt\n|faint|p2a: The Lark\n|\n|-damage|p1b: Cat|64\/100 brn|[from] brn\n|-sideend|p2: thatsrealnito2|move: Tailwind\n|upkeep\n|\n|t:|1700336354\n|switch|p2a: Cleric|Audino-Mega, M, shiny|100\/100\n|turn|8\n|\n|t:|1700336371\n|move|p1b: Cat|Ally Switch|p1b: Cat\n|swap|p1b: Cat|0|[from] move: Ally Switch\n|move|p2b: Spooky lamp|Shadow Ball|p1b: Balls\n|-crit|p1b: Balls\n|-damage|p1b: Balls|0 fnt\n|faint|p1b: Balls\n|move|p2a: Cleric|Knock Off|p1a: Cat\n|-supereffective|p1a: Cat\n|-damage|p1a: Cat|54\/100 brn\n|\n|-damage|p1a: Cat|48\/100 brn|[from] brn\n|upkeep\n|\n|t:|1700336396\n|switch|p1b: The Dittler|Ditto, shiny|100\/100\n|-damage|p1b: The Dittler|88\/100|[from] Stealth Rock\n|-transform|p1b: The Dittler|p2a: Cleric|[from] ability: Imposter\n|turn|9\n|\n|t:|1700336414\n|move|p2b: Spooky lamp|Shadow Ball|p1a: Cat\n|-supereffective|p1a: Cat\n|-damage|p1a: Cat|9\/100 brn\n|move|p1a: Cat|Life Dew|p1a: Cat|[spread] p1a,p1b\n|-heal|p1a: Cat|34\/100 brn\n|-heal|p1b: The Dittler|100\/100\n|move|p1b: The Dittler|Heal Bell|p1b: The Dittler\n|-activate|p1b: The Dittler|move: Heal Bell\n|-curestatus|p1a: Cat|brn|[msg]\n|move|p2a: Cleric|Knock Off|p1a: Cat\n|-supereffective|p1a: Cat\n|-damage|p1a: Cat|23\/100\n|\n|upkeep\n|turn|10\n|\n|t:|1700336444\n|switch|p1b: Kinda Sus|Cloyster, F, shiny|100\/100\n|-damage|p1b: Kinda Sus|76\/100|[from] Stealth Rock\n|move|p2a: Cleric|Protect|p2a: Cleric\n|-singleturn|p2a: Cleric|Protect\n|move|p2b: Spooky lamp|Shadow Ball|p1a: Cat\n|-supereffective|p1a: Cat\n|-damage|p1a: Cat|0 fnt\n|faint|p1a: Cat\n|\n|upkeep\n|\n|t:|1700336453\n|switch|p1a: Oeuf|Chansey, F|100\/100\n|-damage|p1a: Oeuf|88\/100|[from] Stealth Rock\n|turn|11\n|\n|t:|1700336471\n|move|p1a: Oeuf|Ally Switch|p1a: Oeuf\n|swap|p1a: Oeuf|1|[from] move: Ally Switch\n|move|p2b: Spooky lamp|Flamethrower|p1a: Kinda Sus\n|-damage|p1a: Kinda Sus|0 fnt\n|faint|p1a: Kinda Sus\n|move|p2a: Cleric|Knock Off|p1b: Oeuf\n|-damage|p1b: Oeuf|78\/100\n|-enditem|p1b: Oeuf|Eviolite|[from] move: Knock Off|[of] p2a: Cleric\n|\n|upkeep\n|\n|t:|1700336480\n|switch|p1a: The Dittler|Ditto, shiny|100\/100\n|-damage|p1a: The Dittler|88\/100|[from] Stealth Rock\n|-transform|p1a: The Dittler|p2b: Spooky lamp|[from] ability: Imposter\n|turn|12\n|\n|t:|1700336499\n|move|p2a: Cleric|Protect|p2a: Cleric\n|-singleturn|p2a: Cleric|Protect\n|move|p1b: Oeuf|Ally Switch||[still]\n|-fail|p1b: Oeuf\n|move|p1a: The Dittler|Shadow Ball|p2b: Spooky lamp\n|-supereffective|p2b: Spooky lamp\n|-damage|p2b: Spooky lamp|0 fnt\n|faint|p2b: Spooky lamp\n|\n|upkeep\n|turn|13\n|\n|t:|1700336558\n|move|p1a: The Dittler|Shadow Ball|p2a: Cleric\n|-immune|p2a: Cleric\n|move|p1b: Oeuf|Reflect|p1b: Oeuf\n|-sidestart|p1: Jam35_Name|Reflect\n|move|p2a: Cleric|Knock Off|p1a: The Dittler\n|-supereffective|p1a: The Dittler\n|-damage|p1a: The Dittler|66\/100\n|-status|p2a: Cleric|brn|[from] ability: Flame Body|[of] p1a: The Dittler\n|-enditem|p1a: The Dittler|Choice Scarf|[from] move: Knock Off|[of] p2a: Cleric\n|\n|-damage|p2a: Cleric|94\/100 brn|[from] brn\n|upkeep\n|turn|14\n|\n|t:|1700336579\n|move|p1a: The Dittler|Flamethrower|p2a: Cleric\n|-damage|p2a: Cleric|70\/100 brn\n|move|p1b: Oeuf|Brick Break|p2a: Cleric\n|-damage|p2a: Cleric|67\/100 brn\n|move|p2a: Cleric|Heal Bell|p2a: Cleric\n|-activate|p2a: Cleric|move: Heal Bell\n|-curestatus|p2a: Cleric|brn|[msg]\n|\n|upkeep\n|turn|15\n|\n|t:|1700336592\n|move|p1a: The Dittler|Calm Mind|p1a: The Dittler\n|-boost|p1a: The Dittler|spa|1\n|-boost|p1a: The Dittler|spd|1\n|move|p1b: Oeuf|Brick Break|p2a: Cleric\n|-damage|p2a: Cleric|65\/100\n|move|p2a: Cleric|Knock Off|p1a: The Dittler\n|-supereffective|p1a: The Dittler\n|-damage|p1a: The Dittler|52\/100\n|\n|upkeep\n|turn|16\n|\n|t:|1700336603\n|move|p1a: The Dittler|Calm Mind|p1a: The Dittler\n|-boost|p1a: The Dittler|spa|1\n|-boost|p1a: The Dittler|spd|1\n|move|p2a: Cleric|Knock Off|p1a: The Dittler\n|-supereffective|p1a: The Dittler\n|-damage|p1a: The Dittler|36\/100\n|move|p1b: Oeuf|Brick Break|p2a: Cleric\n|-damage|p2a: Cleric|63\/100\n|\n|upkeep\n|turn|17\n|\n|t:|1700336613\n|move|p1a: The Dittler|Flamethrower|p2a: Cleric\n|-damage|p2a: Cleric|12\/100\n|move|p2a: Cleric|Knock Off|p1a: The Dittler\n|-supereffective|p1a: The Dittler\n|-damage|p1a: The Dittler|20\/100\n|-status|p2a: Cleric|brn|[from] ability: Flame Body|[of] p1a: The Dittler\n|move|p1b: Oeuf|Brick Break|p2a: Cleric\n|-damage|p2a: Cleric|10\/100 brn\n|\n|-damage|p2a: Cleric|4\/100 brn|[from] brn\n|-sideend|p1: Jam35_Name|Reflect\n|upkeep\n|turn|18\n|\n|t:|1700336626\n|move|p1a: The Dittler|Flamethrower|p2a: Cleric\n|-damage|p2a: Cleric|0 fnt\n|faint|p2a: Cleric\n|\n|win|Jam35_Name\n","uploadtime":1700336633,"views":6,"p1id":"jam35name","p2id":"thatsrealnito2","formatid":"gen9nationaldexdoubles","rating":0,"private":0,"password":""}