{"id":"gen9nationaldexdoubles-1960749006","p1":"MirzaMirza","p2":"koreanfroslass","format":"[Gen 9] National Dex Doubles","log":"|j|\u2606MirzaMirza\n|j|\u2606koreanfroslass\n|t:|1696552456\n|gametype|doubles\n|player|p1|MirzaMirza|265|1466\n|player|p2|koreanfroslass|cheryl|1361\n|teamsize|p1|6\n|teamsize|p2|6\n|gen|9\n|tier|[Gen 9] National Dex Doubles\n|rated|\n|rule|HP Percentage Mod: HP is shown in percentages\n|rule|Endless Battle Clause: Forcing endless battles is banned\n|rule|OHKO Clause: OHKO moves are banned\n|rule|Evasion Moves Clause: Evasion moves are banned\n|rule|Evasion Abilities Clause: Evasion abilities are banned\n|rule|Species Clause: Limit one of each Pok\u00e9mon\n|rule|Gravity Sleep Clause: The combination of sleep-inducing moves with imperfect accuracy and Gravity or Gigantamax Orbeetle are banned\n|clearpoke\n|poke|p1|Volcarona, F|\n|poke|p1|Smeargle, F|\n|poke|p1|Tapu Lele|\n|poke|p1|Tapu Fini|\n|poke|p1|Suicune|\n|poke|p1|Chien-Pao|\n|poke|p2|Froslass, F|\n|poke|p2|Thundurus, M|\n|poke|p2|Iron Hands|\n|poke|p2|Chi-Yu|\n|poke|p2|Flutter Mane|\n|poke|p2|Scizor, M|\n|teampreview\n|inactive|Battle timer is ON: inactive players will automatically lose when time's up. (requested by MirzaMirza)\n|\n|t:|1696552470\n|start\n|switch|p1a: Miami Terror|Volcarona, F|100\/100\n|switch|p1b: Bobby Lee|Smeargle, F|100\/100\n|switch|p2a: Froslass|Froslass, F|100\/100\n|switch|p2b: Thundurus|Thundurus, M|100\/100\n|turn|1\n|\n|t:|1696552483\n|move|p1b: Bobby Lee|Follow Me|p1b: Bobby Lee\n|-singleturn|p1b: Bobby Lee|move: Follow Me\n|move|p2b: Thundurus|Rain Dance|p2b: Thundurus\n|-weather|RainDance\n|move|p2a: Froslass|Trick|p1b: Bobby Lee\n|-activate|p2a: Froslass|move: Trick|[of] p1b: Bobby Lee\n|-item|p1b: Bobby Lee|Choice Scarf|[from] move: Trick\n|-item|p2a: Froslass|Focus Sash|[from] move: Trick\n|move|p1a: Miami Terror|Quiver Dance|p1a: Miami Terror\n|-boost|p1a: Miami Terror|spa|1\n|-boost|p1a: Miami Terror|spd|1\n|-boost|p1a: Miami Terror|spe|1\n|\n|-weather|RainDance|[upkeep]\n|-ability|p1b: Bobby Lee|Moody|boost\n|-boost|p1b: Bobby Lee|spa|2\n|-unboost|p1b: Bobby Lee|atk|1\n|upkeep\n|turn|2\n|\n|t:|1696552501\n|move|p1a: Miami Terror|Protect|p1a: Miami Terror\n|-singleturn|p1a: Miami Terror|Protect\n|move|p2b: Thundurus|Thunder Wave|p1a: Miami Terror\n|-activate|p1a: Miami Terror|move: Protect\n|move|p1b: Bobby Lee|Spore|p2b: Thundurus\n|-status|p2b: Thundurus|slp|[from] move: Spore\n|move|p2a: Froslass|Haze|p2a: Froslass\n|-clearallboost\n|\n|-weather|RainDance|[upkeep]\n|-ability|p1b: Bobby Lee|Moody|boost\n|-boost|p1b: Bobby Lee|spd|2\n|-unboost|p1b: Bobby Lee|def|1\n|upkeep\n|turn|3\n|inactive|koreanfroslass has 120 seconds left.\n|\n|t:|1696552532\n|cant|p2b: Thundurus|slp\n|move|p1b: Bobby Lee|Spore|p2a: Froslass\n|-status|p2a: Froslass|slp|[from] move: Spore\n|cant|p2a: Froslass|slp\n|move|p1a: Miami Terror|Quiver Dance|p1a: Miami Terror\n|-boost|p1a: Miami Terror|spa|1\n|-boost|p1a: Miami Terror|spd|1\n|-boost|p1a: Miami Terror|spe|1\n|\n|-weather|RainDance|[upkeep]\n|-ability|p1b: Bobby Lee|Moody|boost\n|-boost|p1b: Bobby Lee|spe|2\n|-unboost|p1b: Bobby Lee|atk|1\n|upkeep\n|turn|4\n|\n|t:|1696552546\n|switch|p1b: Lana|Tapu Fini|100\/100\n|-fieldstart|move: Misty Terrain|[from] ability: Misty Surge|[of] p1b: Lana\n|switch|p2a: Chi-Yu|Chi-Yu|100\/100\n|-ability|p2a: Chi-Yu|Beads of Ruin\n|switch|p2b: Iron Hands|Iron Hands|100\/100\n|move|p1a: Miami Terror|Quiver Dance|p1a: Miami Terror\n|-boost|p1a: Miami Terror|spa|1\n|-boost|p1a: Miami Terror|spd|1\n|-boost|p1a: Miami Terror|spe|1\n|\n|-weather|RainDance|[upkeep]\n|upkeep\n|turn|5\n|\n|t:|1696552566\n|-terastallize|p2a: Chi-Yu|Water\n|-terastallize|p1b: Lana|Ground\n|move|p1a: Miami Terror|Quiver Dance|p1a: Miami Terror\n|-boost|p1a: Miami Terror|spa|1\n|-boost|p1a: Miami Terror|spd|1\n|-boost|p1a: Miami Terror|spe|1\n|move|p2a: Chi-Yu|Tera Blast|p1a: Miami Terror|[anim] Tera Blast Water\n|-supereffective|p1a: Miami Terror\n|-damage|p1a: Miami Terror|4\/100\n|move|p1b: Lana|Psych Up|p1a: Miami Terror\n|-copyboost|p1b: Lana|p1a: Miami Terror|[from] move: Psych Up\n|move|p2b: Iron Hands|Wild Charge|p1b: Lana\n|-immune|p1b: Lana\n|\n|-weather|none\n|-heal|p1a: Miami Terror|10\/100|[from] item: Leftovers\n|upkeep\n|turn|6\n|\n|t:|1696552583\n|move|p1a: Miami Terror|Giga Drain|p2a: Chi-Yu\n|-supereffective|p2a: Chi-Yu\n|-crit|p2a: Chi-Yu\n|-damage|p2a: Chi-Yu|0 fnt\n|-heal|p1a: Miami Terror|50\/100|[from] drain|[of] p2a: Chi-Yu\n|faint|p2a: Chi-Yu\n|move|p1b: Lana|Dazzling Gleam|p2b: Iron Hands\n|-supereffective|p2b: Iron Hands\n|-damage|p2b: Iron Hands|32\/100\n|move|p2b: Iron Hands|Drain Punch|p1a: Miami Terror\n|-resisted|p1a: Miami Terror\n|-damage|p1a: Miami Terror|32\/100\n|-heal|p2b: Iron Hands|40\/100|[from] drain|[of] p1a: Miami Terror\n|\n|-heal|p1a: Miami Terror|38\/100|[from] item: Leftovers\n|upkeep\n|j| Soonlight\n|l| Soonlight\n|\n|t:|1696552590\n|switch|p2a: Flutter Mane|Flutter Mane|100\/100\n|-enditem|p2a: Flutter Mane|Booster Energy\n|-activate|p2a: Flutter Mane|ability: Protosynthesis|[fromitem]\n|-start|p2a: Flutter Mane|protosynthesisspe\n|turn|7\n|\n|t:|1696552604\n|move|p1a: Miami Terror|Giga Drain|p2a: Flutter Mane\n|-damage|p2a: Flutter Mane|49\/100\n|-heal|p1a: Miami Terror|56\/100|[from] drain|[of] p2a: Flutter Mane\n|move|p2a: Flutter Mane|Shadow Ball|p1a: Miami Terror\n|-damage|p1a: Miami Terror|43\/100\n|move|p1b: Lana|Dazzling Gleam|p2b: Iron Hands|[spread] p2a,p2b\n|-supereffective|p2b: Iron Hands\n|-crit|p2b: Iron Hands\n|-damage|p2a: Flutter Mane|0 fnt\n|-damage|p2b: Iron Hands|0 fnt\n|faint|p2a: Flutter Mane\n|-end|p2a: Flutter Mane|Protosynthesis|[silent]\n|faint|p2b: Iron Hands\n|-end|p2b: Iron Hands|Quark Drive|[silent]\n|\n|-heal|p1a: Miami Terror|49\/100|[from] item: Leftovers\n|upkeep\n|-message|koreanfroslass forfeited.\n|\n|win|MirzaMirza\n|raw|MirzaMirza's rating: 1466 &rarr; <strong>1480<\/strong><br \/>(+14 for winning)\n|raw|koreanfroslass's rating: 1361 &rarr; <strong>1347<\/strong><br \/>(-14 for losing)\n|l|\u2606koreanfroslass\n","uploadtime":1696554263,"views":5,"p1id":"mirzamirza","p2id":"koreanfroslass","formatid":"gen9nationaldexdoubles","rating":1347,"private":0,"password":""}