{"id":"gen9nationaldexdoubles-1999161779","p1":"Palden64","p2":"conbomb","format":"[Gen 9] National Dex Doubles","log":"|j|\u2606Palden64\n|j|\u2606conbomb\n|t:|1701039975\n|gametype|doubles\n|player|p1|Palden64|iris|1127\n|player|p2|conbomb|swimmer-gen4dp|1222\n|teamsize|p1|6\n|teamsize|p2|6\n|gen|9\n|tier|[Gen 9] National Dex Doubles\n|rated|\n|rule|HP Percentage Mod: HP is shown in percentages\n|rule|Endless Battle Clause: Forcing endless battles is banned\n|rule|OHKO Clause: OHKO moves are banned\n|rule|Evasion Moves Clause: Evasion moves are banned\n|rule|Evasion Abilities Clause: Evasion abilities are banned\n|rule|Species Clause: Limit one of each Pok\u00e9mon\n|rule|Gravity Sleep Clause: The combination of sleep-inducing moves with imperfect accuracy and Gravity or Gigantamax Orbeetle are banned\n|clearpoke\n|poke|p1|Smeargle, F|\n|poke|p1|Comfey, M|\n|poke|p1|Whimsicott, M|\n|poke|p1|Farigiraf, F|\n|poke|p1|Ogerpon-Cornerstone, F|\n|poke|p1|Incineroar, M|\n|poke|p2|Regigigas|\n|poke|p2|Flamigo, M|\n|poke|p2|Ursaluna-Bloodmoon, M|\n|poke|p2|Audino, F|\n|poke|p2|Oranguru, M|\n|poke|p2|Malamar, F|\n|teampreview\n|\n|t:|1701039983\n|start\n|switch|p1a: Incineroar|Incineroar, M|100\/100\n|switch|p1b: Smeargle|Smeargle, F|100\/100\n|switch|p2a: Oranguru|Oranguru, M|100\/100\n|switch|p2b: Ursaluna|Ursaluna-Bloodmoon, M|100\/100\n|-ability|p1a: Incineroar|Intimidate|boost\n|-unboost|p2a: Oranguru|atk|1\n|-unboost|p2b: Ursaluna|atk|1\n|turn|1\n|\n|t:|1701039993\n|-terastallize|p2b: Ursaluna|Ghost\n|move|p1a: Incineroar|Fake Out|p2a: Oranguru\n|-damage|p2a: Oranguru|90\/100\n|move|p1b: Smeargle|Spore|p2a: Oranguru\n|-status|p2a: Oranguru|slp|[from] move: Spore\n|move|p2b: Ursaluna|Calm Mind|p2b: Ursaluna\n|-boost|p2b: Ursaluna|spa|1\n|-boost|p2b: Ursaluna|spd|1\n|cant|p2a: Oranguru|slp\n|\n|upkeep\n|turn|2\n|\n|t:|1701040006\n|move|p2b: Ursaluna|Vacuum Wave|p1b: Smeargle\n|-supereffective|p1b: Smeargle\n|-damage|p1b: Smeargle|16\/100\n|-enditem|p1b: Smeargle|Sitrus Berry|[eat]\n|-heal|p1b: Smeargle|41\/100|[from] item: Sitrus Berry\n|move|p1b: Smeargle|Spore|p2b: Ursaluna\n|-status|p2b: Ursaluna|slp|[from] move: Spore\n|move|p1a: Incineroar|Parting Shot|p2b: Ursaluna\n|-unboost|p2b: Ursaluna|atk|1\n|-unboost|p2b: Ursaluna|spa|1\n|\n|t:|1701040020\n|switch|p1a: Ogerpon|Ogerpon-Cornerstone, F|100\/100|[from] Parting Shot\n|cant|p2a: Oranguru|slp\n|\n|upkeep\n|turn|3\n|\n|t:|1701040037\n|move|p1a: Ogerpon|Swords Dance|p1a: Ogerpon\n|-boost|p1a: Ogerpon|atk|2\n|move|p1b: Smeargle|Decorate|p1a: Ogerpon\n|-boost|p1a: Ogerpon|atk|2\n|-boost|p1a: Ogerpon|spa|2\n|cant|p2b: Ursaluna|slp\n|cant|p2a: Oranguru|slp\n|\n|upkeep\n|turn|4\n|\n|t:|1701040051\n|switch|p1b: Farigiraf|Farigiraf, F, shiny|100\/100\n|move|p1a: Ogerpon|Ivy Cudgel|p2a: Oranguru|[anim] Ivy Cudgel Rock\n|-damage|p2a: Oranguru|0 fnt\n|faint|p2a: Oranguru\n|-curestatus|p2b: Ursaluna|slp|[msg]\n|move|p2b: Ursaluna|Earth Power|p1a: Ogerpon\n|-damage|p1a: Ogerpon|58\/100\n|\n|upkeep\n|\n|t:|1701040071\n|switch|p2a: Audino|Audino, F|100\/100\n|turn|5\n|\n|t:|1701040094\n|detailschange|p2a: Audino|Audino-Mega, F\n|-mega|p2a: Audino|Audino|Audinite\n|move|p2a: Audino|Ally Switch|p2a: Audino\n|swap|p2a: Audino|1|[from] move: Ally Switch\n|move|p1a: Ogerpon|Horn Leech|p2b: Audino\n|-damage|p2b: Audino|31\/100\n|-heal|p1a: Ogerpon|97\/100|[from] drain|[of] p2b: Audino\n|move|p1b: Farigiraf|Psychic|p2b: Audino\n|-damage|p2b: Audino|11\/100\n|-unboost|p2b: Audino|spd|1\n|move|p2a: Ursaluna|Earth Power|p1a: Ogerpon\n|-damage|p1a: Ogerpon|52\/100\n|\n|upkeep\n|turn|6\n|-message|conbomb forfeited.\n|\n|win|Palden64\n|raw|Palden64's rating: 1127 &rarr; <strong>1159<\/strong><br \/>(+32 for winning)\n|raw|conbomb's rating: 1222 &rarr; <strong>1190<\/strong><br \/>(-32 for losing)\n|l|\u2606conbomb\n","uploadtime":1701040119,"views":0,"p1id":"palden64","p2id":"conbomb","formatid":"gen9nationaldexdoubles","rating":1159,"private":0,"password":""}