{"id":"gen9nationaldexdoubles-1979281600","p1":"ablanari565","p2":"JoaKingDexDO","format":"[Gen 9] National Dex Doubles","log":"|j|\u2606ablanari565\n|j|\u2606JoaKingDexDO\n|t:|1698665889\n|gametype|doubles\n|player|p1|ablanari565|brycenman|1140\n|player|p2|JoaKingDexDO|red-masters|1080\n|teamsize|p1|6\n|teamsize|p2|6\n|gen|9\n|tier|[Gen 9] National Dex Doubles\n|rated|\n|rule|HP Percentage Mod: HP is shown in percentages\n|rule|Endless Battle Clause: Forcing endless battles is banned\n|rule|OHKO Clause: OHKO moves are banned\n|rule|Evasion Moves Clause: Evasion moves are banned\n|rule|Evasion Abilities Clause: Evasion abilities are banned\n|rule|Species Clause: Limit one of each Pok\u00e9mon\n|rule|Gravity Sleep Clause: The combination of sleep-inducing moves with imperfect accuracy and Gravity or Gigantamax Orbeetle are banned\n|clearpoke\n|poke|p1|Munkidori, M|\n|poke|p1|Infernape, M|\n|poke|p1|Pidgeot, M|\n|poke|p1|Regieleki|\n|poke|p1|Ambipom, F|\n|poke|p1|Porygon2|\n|poke|p2|Charizard, M|\n|poke|p2|Walking Wake|\n|poke|p2|Rillaboom, F|\n|poke|p2|Great Tusk|\n|poke|p2|Regieleki|\n|poke|p2|Gholdengo|\n|teampreview\n|\n|t:|1698665904\n|start\n|switch|p1a: Pidgeot|Pidgeot, M|100\/100\n|switch|p1b: Ambipom|Ambipom, F|100\/100\n|switch|p2a: Gholdengo|Gholdengo|100\/100\n|switch|p2b: Rillaboom|Rillaboom, F|100\/100\n|-fieldstart|move: Grassy Terrain|[from] ability: Grassy Surge|[of] p2b: Rillaboom\n|turn|1\n|\n|t:|1698665925\n|-terastallize|p1b: Ambipom|Normal\n|move|p2b: Rillaboom|Fake Out|p1b: Ambipom\n|-damage|p1b: Ambipom|81\/100\n|cant|p1b: Ambipom|flinch\n|move|p1a: Pidgeot|Heat Wave|p2b: Rillaboom|[spread] p2a,p2b\n|-supereffective|p2a: Gholdengo\n|-supereffective|p2b: Rillaboom\n|-damage|p2a: Gholdengo|60\/100\n|-damage|p2b: Rillaboom|78\/100\n|move|p2a: Gholdengo|Make It Rain|p1a: Pidgeot|[spread] p1a,p1b\n|-damage|p1a: Pidgeot|0 fnt\n|-damage|p1b: Ambipom|0 fnt\n|-unboost|p2a: Gholdengo|spa|1\n|faint|p1a: Pidgeot\n|faint|p1b: Ambipom\n|\n|-heal|p2a: Gholdengo|66\/100|[from] Grassy Terrain\n|-heal|p2b: Rillaboom|84\/100|[from] Grassy Terrain\n|upkeep\n|\n|t:|1698665952\n|switch|p1b: Regieleki|Regieleki|100\/100\n|switch|p1a: Munkidori|Munkidori, M|100\/100\n|turn|2\n|\n|t:|1698665974\n|move|p2b: Rillaboom|Grassy Glide|p1b: Regieleki\n|-damage|p1b: Regieleki|35\/100\n|move|p1b: Regieleki|Electro Ball|p2a: Gholdengo\n|-damage|p2a: Gholdengo|16\/100\n|-damage|p1b: Regieleki|25\/100|[from] item: Life Orb\n|move|p1a: Munkidori|Parting Shot|p2b: Rillaboom\n|-unboost|p2b: Rillaboom|atk|1\n|-unboost|p2b: Rillaboom|spa|1\n|\n|t:|1698665985\n|switch|p1a: Infernape|Infernape, M|100\/100|[from] Parting Shot\n|move|p2a: Gholdengo|Make It Rain|p1a: Infernape|[spread] p1a,p1b\n|-resisted|p1a: Infernape\n|-resisted|p1b: Regieleki\n|-damage|p1a: Infernape|62\/100\n|-damage|p1b: Regieleki|0 fnt\n|-unboost|p2a: Gholdengo|spa|1\n|faint|p1b: Regieleki\n|\n|-heal|p1a: Infernape|68\/100|[from] Grassy Terrain\n|-heal|p2a: Gholdengo|22\/100|[from] Grassy Terrain\n|-heal|p2b: Rillaboom|90\/100|[from] Grassy Terrain\n|upkeep\n|\n|t:|1698666002\n|switch|p1b: Munkidori|Munkidori, M|100\/100\n|turn|3\n|\n|t:|1698666023\n|-terastallize|p2b: Rillaboom|Grass\n|move|p2b: Rillaboom|Grassy Glide|p1a: Infernape\n|-resisted|p1a: Infernape\n|-damage|p1a: Infernape|43\/100\n|move|p1a: Infernape|Flamethrower|p2b: Rillaboom\n|-supereffective|p2b: Rillaboom\n|-damage|p2b: Rillaboom|49\/100\n|move|p1b: Munkidori|Poltergeist|p2a: Gholdengo\n|-activate|p2a: Gholdengo|move: Poltergeist|Choice Specs\n|-supereffective|p2a: Gholdengo\n|-damage|p2a: Gholdengo|0 fnt\n|faint|p2a: Gholdengo\n|-damage|p1b: Munkidori|91\/100|[from] item: Life Orb\n|\n|-heal|p1a: Infernape|49\/100|[from] Grassy Terrain\n|-heal|p1b: Munkidori|97\/100|[from] Grassy Terrain\n|-heal|p2b: Rillaboom|55\/100|[from] Grassy Terrain\n|upkeep\n|\n|t:|1698666039\n|switch|p2a: Regieleki|Regieleki|100\/100\n|turn|4\n|\n|t:|1698666051\n|switch|p1a: Porygon2|Porygon2|100\/100\n|-ability|p1a: Porygon2|Transistor|[from] ability: Trace|[of] p2a: Regieleki\n|move|p2a: Regieleki|Volt Switch|p1a: Porygon2\n|-damage|p1a: Porygon2|67\/100\n|-damage|p2a: Regieleki|91\/100|[from] item: Life Orb\n|\n|t:|1698666069\n|switch|p2a: Charizard|Charizard, M|100\/100|[from] Volt Switch\n|move|p1b: Munkidori|Sludge Wave|p2a: Charizard|[spread] p1a,p2a,p2b\n|-supereffective|p2b: Rillaboom\n|-damage|p1a: Porygon2|36\/100\n|-damage|p2a: Charizard|36\/100\n|-damage|p2b: Rillaboom|0 fnt\n|-status|p1a: Porygon2|tox|[from] ability: Toxic Chain|[of] p1b: Munkidori\n|faint|p2b: Rillaboom\n|-damage|p1b: Munkidori|87\/100|[from] item: Life Orb\n|\n|-heal|p1b: Munkidori|93\/100|[from] Grassy Terrain\n|-heal|p1a: Porygon2|42\/100 tox|[from] Grassy Terrain\n|-damage|p1a: Porygon2|36\/100 tox|[from] psn\n|upkeep\n|\n|t:|1698666080\n|switch|p2b: Regieleki|Regieleki|91\/100\n|turn|5\n|\n|t:|1698666093\n|detailschange|p2a: Charizard|Charizard-Mega-Y, M\n|-mega|p2a: Charizard|Charizard|Charizardite Y\n|-weather|SunnyDay|[from] ability: Drought|[of] p2a: Charizard\n|move|p2a: Charizard|Protect|p2a: Charizard\n|-singleturn|p2a: Charizard|Protect\n|move|p2b: Regieleki|Volt Switch|p1b: Munkidori\n|-damage|p1b: Munkidori|28\/100\n|-damage|p2b: Regieleki|81\/100|[from] item: Life Orb\n|\n|t:|1698666106\n|switch|p2b: Great Tusk|Great Tusk|100\/100|[from] Volt Switch\n|-activate|p2b: Great Tusk|ability: Protosynthesis\n|-start|p2b: Great Tusk|protosynthesisatk\n|move|p1b: Munkidori|Sludge Wave|p2a: Charizard|[spread] p1a,p2b\n|-activate|p2a: Charizard|move: Protect\n|-resisted|p2b: Great Tusk\n|-damage|p1a: Porygon2|4\/100 tox\n|-damage|p2b: Great Tusk|65\/100\n|-damage|p1b: Munkidori|18\/100|[from] item: Life Orb\n|move|p1a: Porygon2|Recover|p1a: Porygon2\n|-heal|p1a: Porygon2|54\/100 tox\n|\n|-weather|SunnyDay|[upkeep]\n|-heal|p1b: Munkidori|24\/100|[from] Grassy Terrain\n|-heal|p2b: Great Tusk|71\/100|[from] Grassy Terrain\n|-heal|p2b: Great Tusk|78\/100|[from] item: Leftovers\n|-heal|p1a: Porygon2|60\/100 tox|[from] Grassy Terrain\n|-damage|p1a: Porygon2|48\/100 tox|[from] psn\n|-fieldend|move: Grassy Terrain\n|upkeep\n|turn|6\n|\n|t:|1698666128\n|move|p2a: Charizard|Heat Wave|p1a: Porygon2|[spread] p1a,p1b\n|-damage|p1a: Porygon2|6\/100 tox\n|-damage|p1b: Munkidori|0 fnt\n|faint|p1b: Munkidori\n|move|p2b: Great Tusk|Close Combat|p1a: Porygon2\n|-supereffective|p1a: Porygon2\n|-damage|p1a: Porygon2|0 fnt\n|-unboost|p2b: Great Tusk|def|1\n|-unboost|p2b: Great Tusk|spd|1\n|faint|p1a: Porygon2\n|\n|-weather|SunnyDay|[upkeep]\n|-heal|p2b: Great Tusk|84\/100|[from] item: Leftovers\n|upkeep\n|\n|t:|1698666141\n|switch|p1b: Infernape|Infernape, M|49\/100\n|turn|7\n|\n|t:|1698666148\n|move|p2a: Charizard|Scorching Sands|p1b: Infernape\n|-supereffective|p1b: Infernape\n|-damage|p1b: Infernape|0 fnt\n|faint|p1b: Infernape\n|\n|win|JoaKingDexDO\n|raw|ablanari565's rating: 1140 &rarr; <strong>1111<\/strong><br \/>(-29 for losing)\n|raw|JoaKingDexDO's rating: 1080 &rarr; <strong>1113<\/strong><br \/>(+33 for winning)\n","uploadtime":1698666154,"views":9,"p1id":"ablanari565","p2id":"joakingdexdo","formatid":"gen9nationaldexdoubles","rating":1111,"private":0,"password":""}