{"id":"gen9nationaldexdoubles-1978880436","p1":"Chad Tankers","p2":"TornSux","format":"[Gen 9] National Dex Doubles","log":"|j|\u2606Chad Tankers\n|j|\u2606TornSux\n|t:|1698605905\n|gametype|doubles\n|player|p1|Chad Tankers|piers|1479\n|player|p2|TornSux|iono|1527\n|teamsize|p1|6\n|teamsize|p2|6\n|gen|9\n|tier|[Gen 9] National Dex Doubles\n|rated|\n|rule|HP Percentage Mod: HP is shown in percentages\n|rule|Endless Battle Clause: Forcing endless battles is banned\n|rule|OHKO Clause: OHKO moves are banned\n|rule|Evasion Moves Clause: Evasion moves are banned\n|rule|Evasion Abilities Clause: Evasion abilities are banned\n|rule|Species Clause: Limit one of each Pok\u00e9mon\n|rule|Gravity Sleep Clause: The combination of sleep-inducing moves with imperfect accuracy and Gravity or Gigantamax Orbeetle are banned\n|clearpoke\n|poke|p1|Kyurem-Black|\n|poke|p1|Tapu Koko|\n|poke|p1|Scizor, F|\n|poke|p1|Marshadow|\n|poke|p1|Volcanion|\n|poke|p1|Ninetales-Alola, F|\n|poke|p2|Metagross|\n|poke|p2|Marshadow|\n|poke|p2|Rillaboom, M|\n|poke|p2|Kingambit, M|\n|poke|p2|Volcanion|\n|poke|p2|Whimsicott, F|\n|teampreview\n|inactive|Battle timer is ON: inactive players will automatically lose when time's up. (requested by TornSux)\n|inactive|Chad Tankers also wants the timer to be on.\n|inactive|TornSux has 120 seconds left.\n|c|\u2606Chad Tankers|Glhf\n|c|\u2606TornSux|glhf\n|\n|t:|1698605941\n|start\n|switch|p1a: Volcanion|Volcanion|100\/100\n|switch|p1b: Tapu Koko|Tapu Koko|100\/100\n|switch|p2a: Volcanion|Volcanion|100\/100\n|switch|p2b: Whimsicott|Whimsicott, F, shiny|100\/100\n|-fieldstart|move: Electric Terrain|[from] ability: Electric Surge|[of] p1b: Tapu Koko\n|turn|1\n|inactive|TornSux has 120 seconds left.\n|inactive|Chad Tankers has 120 seconds left.\n|\n|t:|1698605995\n|move|p2b: Whimsicott|Tailwind|p2b: Whimsicott\n|-sidestart|p2: TornSux|move: Tailwind\n|move|p1b: Tapu Koko|Volt Switch|p2b: Whimsicott\n|-resisted|p2b: Whimsicott\n|-damage|p2b: Whimsicott|75\/100\n|\n|t:|1698606018\n|switch|p1b: Kitsune|Ninetales-Alola, F|100\/100|[from] Volt Switch\n|-weather|Snow|[from] ability: Snow Warning|[of] p1b: Kitsune\n|move|p2a: Volcanion|Earth Power|p1a: Volcanion\n|-supereffective|p1a: Volcanion\n|-damage|p1a: Volcanion|63\/100\n|move|p1a: Volcanion|Earth Power|p2a: Volcanion\n|-supereffective|p2a: Volcanion\n|-damage|p2a: Volcanion|59\/100\n|\n|-weather|Snow|[upkeep]\n|upkeep\n|turn|2\n|inactive|TornSux has 120 seconds left.\n|inactive|Chad Tankers has 90 seconds left.\n|\n|t:|1698606051\n|-terastallize|p1b: Kitsune|Water\n|move|p2b: Whimsicott|Moonblast|p1b: Kitsune\n|-damage|p1b: Kitsune|64\/100\n|move|p2a: Volcanion|Heat Wave|p1a: Volcanion|[spread] p1a\n|-miss|p2a: Volcanion|p1b: Kitsune\n|-resisted|p1a: Volcanion\n|-damage|p1a: Volcanion|58\/100\n|move|p1b: Kitsune|Aurora Veil|p1b: Kitsune\n|-sidestart|p1: Chad Tankers|move: Aurora Veil\n|move|p1a: Volcanion|Earth Power|p2a: Volcanion\n|-supereffective|p2a: Volcanion\n|-damage|p2a: Volcanion|17\/100\n|\n|-weather|Snow|[upkeep]\n|upkeep\n|turn|3\n|inactive|TornSux has 120 seconds left.\n|inactive|Chad Tankers has 90 seconds left.\n|\n|t:|1698606087\n|switch|p1b: Tapu Koko|Tapu Koko|100\/100\n|move|p2b: Whimsicott|Encore||[still]\n|-fail|p2b: Whimsicott\n|move|p2a: Volcanion|Earth Power|p1a: Volcanion\n|-supereffective|p1a: Volcanion\n|-damage|p1a: Volcanion|32\/100\n|move|p1a: Volcanion|Heat Wave|p2b: Whimsicott|[spread] p2a,p2b\n|-resisted|p2a: Volcanion\n|-supereffective|p2b: Whimsicott\n|-damage|p2a: Volcanion|11\/100\n|-damage|p2b: Whimsicott|0 fnt\n|faint|p2b: Whimsicott\n|\n|-weather|Snow|[upkeep]\n|upkeep\n|\n|t:|1698606106\n|switch|p2b: Rillaboom|Rillaboom, M|100\/100\n|-fieldstart|move: Grassy Terrain|[from] ability: Grassy Surge|[of] p2b: Rillaboom\n|turn|4\n|inactive|TornSux has 120 seconds left.\n|\n|t:|1698606142\n|move|p2b: Rillaboom|Wood Hammer|p1a: Volcanion\n|-damage|p1a: Volcanion|0 fnt\n|faint|p1a: Volcanion\n|-damage|p2b: Rillaboom|91\/100|[from] Recoil\n|move|p1b: Tapu Koko|Volt Switch|p2a: Volcanion\n|-supereffective|p2a: Volcanion\n|-damage|p2a: Volcanion|0 fnt\n|faint|p2a: Volcanion\n|\n|t:|1698606155\n|switch|p1b: Scizor|Scizor, F|100\/100|[from] Volt Switch\n|\n|-weather|Snow|[upkeep]\n|-heal|p2b: Rillaboom|97\/100|[from] Grassy Terrain\n|-sideend|p2: TornSux|move: Tailwind\n|upkeep\n|inactive|TornSux has 120 seconds left.\n|\n|t:|1698606168\n|switch|p2a: Metagross|Metagross, shiny|100\/100\n|switch|p1a: Tapu Koko|Tapu Koko|100\/100\n|-fieldstart|move: Electric Terrain|[from] ability: Electric Surge|[of] p1a: Tapu Koko\n|turn|5\n|inactive|TornSux has 120 seconds left.\n|inactive|Chad Tankers has 120 seconds left.\n|\n|t:|1698606211\n|switch|p2b: Marshadow|Marshadow|100\/100\n|detailschange|p2a: Metagross|Metagross-Mega, shiny\n|-mega|p2a: Metagross|Metagross|Metagrossite\n|detailschange|p1b: Scizor|Scizor-Mega, F\n|-mega|p1b: Scizor|Scizor|Scizorite\n|move|p1a: Tapu Koko|Sky Drop||[still]\n|-prepare|p1a: Tapu Koko|Sky Drop|p2b: Marshadow\n|move|p2a: Metagross|Steel Roller|p1a: Tapu Koko|[miss]\n|-miss|p2a: Metagross|p1a: Tapu Koko\n|move|p1b: Scizor|Swords Dance|p1b: Scizor\n|-boost|p1b: Scizor|atk|2\n|\n|-weather|none\n|upkeep\n|turn|6\n|inactive|TornSux has 120 seconds left.\n|inactive|Chad Tankers has 120 seconds left.\n|\n|t:|1698606245\n|move|p1a: Tapu Koko|Sky Drop|p2b: Marshadow|[from]lockedmove\n|-supereffective|p2b: Marshadow\n|-damage|p2b: Marshadow|61\/100\n|-end|p2b: Marshadow|Sky Drop\n|move|p2a: Metagross|Steel Roller|p1a: Tapu Koko\n|-damage|p1a: Tapu Koko|32\/100\n|-fieldend|move: Electric Terrain\n|-enditem|p1a: Tapu Koko|Sitrus Berry|[eat]\n|-heal|p1a: Tapu Koko|57\/100|[from] item: Sitrus Berry\n|move|p1b: Scizor|Bug Bite|p2b: Marshadow\n|-resisted|p2b: Marshadow\n|-damage|p2b: Marshadow|28\/100\n|\n|upkeep\n|turn|7\n|inactive|Chad Tankers has 120 seconds left.\n|inactive|TornSux has 90 seconds left.\n|inactive|TornSux has 60 seconds left.\n|\n|t:|1698606307\n|move|p1b: Scizor|Bullet Punch|p2b: Marshadow\n|-damage|p2b: Marshadow|0 fnt\n|faint|p2b: Marshadow\n|move|p1a: Tapu Koko|Nature's Madness|p2a: Metagross\n|-damage|p2a: Metagross|51\/100\n|move|p2a: Metagross|Meteor Mash|p1a: Tapu Koko\n|-damage|p1a: Tapu Koko|9\/100\n|\n|upkeep\n|inactive|TornSux has 60 seconds left.\n|\n|t:|1698606340\n|switch|p2b: Rillaboom|Rillaboom, M|97\/100\n|-fieldstart|move: Grassy Terrain|[from] ability: Grassy Surge|[of] p2b: Rillaboom\n|turn|8\n|\n|t:|1698606361\n|move|p2b: Rillaboom|Grassy Glide|p1a: Tapu Koko\n|-damage|p1a: Tapu Koko|0 fnt\n|faint|p1a: Tapu Koko\n|move|p2a: Metagross|Steel Roller|p1b: Scizor\n|-resisted|p1b: Scizor\n|-damage|p1b: Scizor|76\/100\n|-fieldend|move: Grassy Terrain\n|move|p1b: Scizor|Bug Bite|p2a: Metagross\n|-damage|p2a: Metagross|0 fnt\n|faint|p2a: Metagross\n|\n|upkeep\n|inactive|TornSux has 60 seconds left.\n|\n|t:|1698606375\n|switch|p1a: Kyurem|Kyurem-Black, shiny|100\/100\n|switch|p2a: Kingambit|Kingambit, M|100\/100\n|-ability|p1a: Kyurem|Teravolt\n|turn|9\n|\n|t:|1698606395\n|-terastallize|p2b: Rillaboom|Rock\n|move|p1a: Kyurem|Dragon Dance|p1a: Kyurem\n|-boost|p1a: Kyurem|atk|1\n|-boost|p1a: Kyurem|spe|1\n|move|p2b: Rillaboom|Tera Blast|p1a: Kyurem|[anim] Tera Blast Rock\n|-supereffective|p1a: Kyurem\n|-damage|p1a: Kyurem|53\/100\n|move|p1b: Scizor|Bug Bite|p2b: Rillaboom\n|-damage|p2b: Rillaboom|0 fnt\n|faint|p2b: Rillaboom\n|move|p2a: Kingambit|Swords Dance|p2a: Kingambit\n|-boost|p2a: Kingambit|atk|2\n|\n|-sideend|p1: Chad Tankers|move: Aurora Veil\n|upkeep\n|turn|10\n|\n|t:|1698606421\n|move|p2a: Kingambit|Sucker Punch|p1b: Scizor\n|-damage|p1b: Scizor|8\/100\n|move|p1a: Kyurem|Fusion Bolt|p2a: Kingambit\n|-damage|p2a: Kingambit|47\/100\n|move|p1b: Scizor|Bug Bite|p2a: Kingambit\n|-damage|p2a: Kingambit|0 fnt\n|faint|p2a: Kingambit\n|\n|win|Chad Tankers\n|raw|Chad Tankers's rating: 1479 &rarr; <strong>1502<\/strong><br \/>(+23 for winning)\n|raw|TornSux's rating: 1527 &rarr; <strong>1504<\/strong><br \/>(-23 for losing)\n|c|\u2606TornSux|ggs\n|c|\u2606Chad Tankers|Ggs\n","uploadtime":1698606445,"views":16,"p1id":"chadtankers","p2id":"tornsux","formatid":"gen9nationaldexdoubles","rating":1502,"private":0,"password":""}