{"id":"gen9nationaldexdoubles-1994448997","p1":"Eliminathan","p2":"Dylanpika99","format":"[Gen 9] National Dex Doubles","log":"|j|\u2606Eliminathan\n|j|\u2606Dylanpika99\n|t:|1700445164\n|gametype|doubles\n|player|p1|Eliminathan|schoolkid-gen4|\n|player|p2|Dylanpika99|1|\n|teamsize|p1|6\n|teamsize|p2|6\n|gen|9\n|tier|[Gen 9] National Dex Doubles\n|rule|HP Percentage Mod: HP is shown in percentages\n|rule|Endless Battle Clause: Forcing endless battles is banned\n|rule|OHKO Clause: OHKO moves are banned\n|rule|Evasion Moves Clause: Evasion moves are banned\n|rule|Evasion Abilities Clause: Evasion abilities are banned\n|rule|Species Clause: Limit one of each Pok\u00e9mon\n|rule|Gravity Sleep Clause: The combination of sleep-inducing moves with imperfect accuracy and Gravity or Gigantamax Orbeetle are banned\n|clearpoke\n|poke|p1|Zygarde|\n|poke|p1|Zamazenta-*|\n|poke|p1|Jirachi|\n|poke|p1|Kangaskhan, F|\n|poke|p1|Glimmora, F|\n|poke|p1|Iron Hands|\n|poke|p2|Ogerpon-Cornerstone, F|\n|poke|p2|Sinistcha-Masterpiece|\n|poke|p2|Incineroar, M|\n|poke|p2|Salamence, M|\n|poke|p2|Tapu Fini|\n|poke|p2|Jirachi|\n|teampreview\n|j| TestudoJK\n|j| Ryan1Baek\n|c|\u2606Dylanpika99|glhf\n|c|\u2606Eliminathan|glhf\n|\n|t:|1700445266\n|start\n|switch|p1a: pointy|Glimmora, F|100\/100\n|switch|p1b: Watch out|Iron Hands|100\/100\n|switch|p2a: Tapu Fini|Tapu Fini|100\/100\n|switch|p2b: Incineroar|Incineroar, M|100\/100\n|-fieldstart|move: Misty Terrain|[from] ability: Misty Surge|[of] p2a: Tapu Fini\n|-ability|p2b: Incineroar|Intimidate|boost\n|-unboost|p1a: pointy|atk|1\n|-unboost|p1b: Watch out|atk|1\n|turn|1\n|\n|t:|1700445323\n|move|p2b: Incineroar|Fake Out|p1b: Watch out\n|-damage|p1b: Watch out|93\/100\n|cant|p1b: Watch out|flinch\n|move|p1a: pointy|Sludge Bomb|p2a: Tapu Fini\n|-supereffective|p2a: Tapu Fini\n|-damage|p2a: Tapu Fini|24\/100\n|move|p2a: Tapu Fini|Calm Mind|p2a: Tapu Fini\n|-boost|p2a: Tapu Fini|spa|1\n|-boost|p2a: Tapu Fini|spd|1\n|\n|upkeep\n|turn|2\n|\n|t:|1700445359\n|move|p2a: Tapu Fini|Protect|p2a: Tapu Fini\n|-singleturn|p2a: Tapu Fini|Protect\n|move|p1a: pointy|Sludge Bomb|p2a: Tapu Fini\n|-activate|p2a: Tapu Fini|move: Protect\n|move|p2b: Incineroar|U-turn|p1a: pointy\n|-resisted|p1a: pointy\n|-damage|p1a: pointy|90\/100\n|-activate|p1a: pointy|ability: Toxic Debris\n|-sidestart|p2: Dylanpika99|move: Toxic Spikes\n|\n|t:|1700445379\n|switch|p2b: Sinistcha|Sinistcha-Masterpiece|100\/100|[from] U-turn\n|-heal|p2a: Tapu Fini|49\/100|[from] ability: Hospitality|[of] p2b: Sinistcha\n|move|p1b: Watch out|Wild Charge|p2a: Tapu Fini\n|-activate|p2a: Tapu Fini|move: Protect\n|\n|upkeep\n|turn|3\n|\n|t:|1700445422\n|move|p2b: Sinistcha|Rage Powder|p2b: Sinistcha\n|-singleturn|p2b: Sinistcha|move: Rage Powder\n|move|p1a: pointy|Sludge Bomb|p2b: Sinistcha\n|-damage|p2b: Sinistcha|46\/100\n|move|p2a: Tapu Fini|Muddy Water|p1a: pointy|[spread] p1a,p1b\n|-supereffective|p1a: pointy\n|-damage|p1a: pointy|0 fnt\n|-damage|p1b: Watch out|74\/100\n|faint|p1a: pointy\n|move|p1b: Watch out|Wild Charge|p2b: Sinistcha\n|-resisted|p2b: Sinistcha\n|-damage|p2b: Sinistcha|34\/100\n|-damage|p1b: Watch out|57\/100|[from] item: Rocky Helmet|[of] p2b: Sinistcha\n|-damage|p1b: Watch out|55\/100|[from] Recoil\n|\n|upkeep\n|\n|t:|1700445432\n|switch|p1a: Spanky|Zamazenta|100\/100\n|-ability|p1a: Spanky|Dauntless Shield|boost\n|-boost|p1a: Spanky|def|1\n|turn|4\n|\n|t:|1700445461\n|-terastallize|p1a: Spanky|Steel\n|move|p2b: Sinistcha|Rage Powder|p2b: Sinistcha\n|-singleturn|p2b: Sinistcha|move: Rage Powder\n|move|p1a: Spanky|Snarl|p2b: Sinistcha|[spread] p2a,p2b\n|-resisted|p2a: Tapu Fini\n|-supereffective|p2b: Sinistcha\n|-damage|p2a: Tapu Fini|47\/100\n|-damage|p2b: Sinistcha|20\/100\n|-unboost|p2a: Tapu Fini|spa|1\n|-unboost|p2b: Sinistcha|spa|1\n|move|p2a: Tapu Fini|Moonblast|p1a: Spanky\n|-resisted|p1a: Spanky\n|-damage|p1a: Spanky|82\/100\n|move|p1b: Watch out|Wild Charge|p2b: Sinistcha\n|-resisted|p2b: Sinistcha\n|-damage|p2b: Sinistcha|8\/100\n|-damage|p1b: Watch out|38\/100|[from] item: Rocky Helmet|[of] p2b: Sinistcha\n|-damage|p1b: Watch out|36\/100|[from] Recoil\n|\n|upkeep\n|turn|5\n|\n|t:|1700445515\n|-end|p1b: Watch out|Quark Drive|[silent]\n|switch|p1b: momma|Kangaskhan, F|100\/100\n|move|p1a: Spanky|Snarl|p2a: Tapu Fini|[spread] p2a,p2b\n|-resisted|p2a: Tapu Fini\n|-supereffective|p2b: Sinistcha\n|-damage|p2a: Tapu Fini|45\/100\n|-damage|p2b: Sinistcha|0 fnt\n|-unboost|p2a: Tapu Fini|spa|1\n|faint|p2b: Sinistcha\n|-zpower|p2a: Tapu Fini\n|move|p2a: Tapu Fini|Hydro Vortex|p1a: Spanky|[zeffect]\n|-damage|p1a: Spanky|40\/100\n|-enditem|p1a: Spanky|Sitrus Berry|[eat]\n|-heal|p1a: Spanky|65\/100|[from] item: Sitrus Berry\n|\n|-fieldend|Misty Terrain\n|upkeep\n|\n|t:|1700445534\n|switch|p2b: Incineroar|Incineroar, M|100\/100\n|-status|p2b: Incineroar|psn\n|-ability|p2b: Incineroar|Intimidate|boost\n|-unboost|p1a: Spanky|atk|1\n|-fail|p1b: momma|unboost|Attack|[from] ability: Scrappy|[of] p1b: momma\n|turn|6\n|\n|t:|1700445597\n|switch|p2a: Jirachi|Jirachi|100\/100\n|move|p1b: momma|Protect|p1b: momma\n|-singleturn|p1b: momma|Protect\n|move|p1a: Spanky|Body Press|p2b: Incineroar\n|-supereffective|p2b: Incineroar\n|-damage|p2b: Incineroar|36\/100 psn\n|move|p2b: Incineroar|U-turn|p1b: momma\n|-activate|p1b: momma|move: Protect\n|\n|-damage|p2b: Incineroar|23\/100 psn|[from] psn\n|upkeep\n|turn|7\n|\n|t:|1700445631\n|switch|p2b: Tapu Fini|Tapu Fini|45\/100\n|-status|p2b: Tapu Fini|psn\n|-fieldstart|move: Misty Terrain|[from] ability: Misty Surge|[of] p2b: Tapu Fini\n|detailschange|p1b: momma|Kangaskhan-Mega, F\n|-mega|p1b: momma|Kangaskhan|Kangaskhanite\n|move|p1a: Spanky|Body Press|p2a: Jirachi\n|-damage|p2a: Jirachi|52\/100\n|move|p1b: momma|Seismic Toss|p2a: Jirachi\n|-damage|p2a: Jirachi|23\/100\n|-enditem|p2a: Jirachi|Sitrus Berry|[eat]\n|-heal|p2a: Jirachi|48\/100|[from] item: Sitrus Berry\n|-damage|p2a: Jirachi|19\/100\n|-hitcount|p2a: Jirachi|2\n|move|p2a: Jirachi|Iron Head|p1b: momma\n|-damage|p1b: momma|74\/100\n|\n|-damage|p2b: Tapu Fini|32\/100 psn|[from] psn\n|upkeep\n|turn|8\n|\n|t:|1700445653\n|move|p1a: Spanky|Body Press|p2a: Jirachi\n|-damage|p2a: Jirachi|0 fnt\n|faint|p2a: Jirachi\n|move|p1b: momma|Seismic Toss|p2b: Tapu Fini\n|-damage|p2b: Tapu Fini|3\/100 psn\n|-damage|p2b: Tapu Fini|0 fnt\n|faint|p2b: Tapu Fini\n|-hitcount|p2: Tapu Fini|2\n|\n|upkeep\n|\n|t:|1700445673\n|switch|p2a: Incineroar|Incineroar, M|23\/100 psn\n|switch|p2b: Salamence|Salamence, M|100\/100\n|-ability|p2b: Salamence|Intimidate|boost\n|-unboost|p1a: Spanky|atk|1\n|-unboost|p1b: momma|atk|1\n|-ability|p2a: Incineroar|Intimidate|boost\n|-unboost|p1a: Spanky|atk|1\n|-unboost|p1b: momma|atk|1\n|turn|9\n|\n|t:|1700445694\n|switch|p1b: Watch out|Iron Hands|36\/100\n|detailschange|p2b: Salamence|Salamence-Mega, M\n|-mega|p2b: Salamence|Salamence|Salamencite\n|move|p2a: Incineroar|Fake Out|p1a: Spanky\n|-resisted|p1a: Spanky\n|-damage|p1a: Spanky|62\/100\n|cant|p1a: Spanky|flinch\n|move|p2b: Salamence|Dragon Dance|p2b: Salamence\n|-boost|p2b: Salamence|atk|1\n|-boost|p2b: Salamence|spe|1\n|\n|-damage|p2a: Incineroar|11\/100 psn|[from] psn\n|upkeep\n|turn|10\n|\n|t:|1700445725\n|move|p1b: Watch out|Fake Out|p2b: Salamence\n|-damage|p2b: Salamence|90\/100\n|cant|p2b: Salamence|flinch\n|move|p1a: Spanky|Body Press|p2a: Incineroar\n|-supereffective|p2a: Incineroar\n|-damage|p2a: Incineroar|0 fnt\n|faint|p2a: Incineroar\n|\n|upkeep\n|\n|t:|1700445730\n|switch|p2a: her|Ogerpon-Cornerstone, F|100\/100\n|turn|11\n|l|\u2606Dylanpika99\n|player|p2|\n|j|\u2606Dylanpika99\n|player|p2|Dylanpika99|1\n|\n|t:|1700445795\n|-end|p1b: Watch out|Quark Drive|[silent]\n|switch|p1b: FIX THE PROBLEM!|Jirachi|100\/100\n|move|p2a: her|Spiky Shield|p2a: her\n|-singleturn|p2a: her|move: Protect\n|move|p2b: Salamence|Return|p1a: Spanky\n|-resisted|p1a: Spanky\n|-damage|p1a: Spanky|35\/100\n|move|p1a: Spanky|Body Press|p2a: her\n|-activate|p2a: her|move: Protect\n|-damage|p1a: Spanky|23\/100|[from] Spiky Shield|[of] p2a: her\n|\n|-fieldend|Misty Terrain\n|upkeep\n|turn|12\n|\n|t:|1700445837\n|-terastallize|p2a: her|Rock\n|detailschange|p2a: her|Ogerpon-Cornerstone-Tera, F, tera:Rock\n|-ability|p2a: her|Embody Aspect (Cornerstone)|boost\n|-boost|p2a: her|def|1\n|move|p1b: FIX THE PROBLEM!|Follow Me|p1b: FIX THE PROBLEM!\n|-singleturn|p1b: FIX THE PROBLEM!|move: Follow Me\n|move|p2b: Salamence|Return|p1b: FIX THE PROBLEM!\n|-resisted|p1b: FIX THE PROBLEM!\n|-damage|p1b: FIX THE PROBLEM!|58\/100\n|move|p1a: Spanky|Body Press|p2a: her\n|-supereffective|p2a: her\n|-damage|p2a: her|19\/100\n|move|p2a: her|Swords Dance|p2a: her\n|-boost|p2a: her|atk|2\n|\n|-heal|p1b: FIX THE PROBLEM!|64\/100|[from] item: Leftovers\n|upkeep\n|turn|13\n|\n|t:|1700445873\n|move|p2a: her|Spiky Shield|p2a: her\n|-singleturn|p2a: her|move: Protect\n|move|p1b: FIX THE PROBLEM!|Protect|p1b: FIX THE PROBLEM!\n|-singleturn|p1b: FIX THE PROBLEM!|Protect\n|move|p2b: Salamence|Tailwind|p2b: Salamence\n|-sidestart|p2: Dylanpika99|move: Tailwind\n|move|p1a: Spanky|Coaching|p1b: FIX THE PROBLEM!\n|-boost|p1b: FIX THE PROBLEM!|atk|1\n|-boost|p1b: FIX THE PROBLEM!|def|1\n|\n|-heal|p1b: FIX THE PROBLEM!|70\/100|[from] item: Leftovers\n|upkeep\n|turn|14\n|\n|t:|1700445906\n|move|p2a: her|Spiky Shield||[still]\n|-fail|p2a: her\n|move|p1b: FIX THE PROBLEM!|Follow Me|p1b: FIX THE PROBLEM!\n|-singleturn|p1b: FIX THE PROBLEM!|move: Follow Me\n|move|p2b: Salamence|Return|p1b: FIX THE PROBLEM!\n|-resisted|p1b: FIX THE PROBLEM!\n|-damage|p1b: FIX THE PROBLEM!|44\/100\n|move|p1a: Spanky|Body Press|p2a: her\n|-supereffective|p2a: her\n|-damage|p2a: her|0 fnt\n|faint|p2a: her\n|\n|-heal|p1b: FIX THE PROBLEM!|50\/100|[from] item: Leftovers\n|upkeep\n|turn|15\n|\n|t:|1700445923\n|move|p2b: Salamence|Return|p1a: Spanky\n|-resisted|p1a: Spanky\n|-damage|p1a: Spanky|0 fnt\n|faint|p1a: Spanky\n|move|p1b: FIX THE PROBLEM!|Iron Head|p2b: Salamence\n|-damage|p2b: Salamence|56\/100\n|\n|-heal|p1b: FIX THE PROBLEM!|56\/100|[from] item: Leftovers\n|upkeep\n|\n|t:|1700445931\n|switch|p1a: momma|Kangaskhan-Mega, F|74\/100\n|turn|16\n|\n|t:|1700445937\n|move|p1a: momma|Fake Out|p2b: Salamence\n|-damage|p2b: Salamence|42\/100\n|-damage|p2b: Salamence|40\/100\n|-hitcount|p2b: Salamence|2\n|cant|p2b: Salamence|flinch\n|move|p1b: FIX THE PROBLEM!|Iron Head|p2b: Salamence\n|-damage|p2b: Salamence|4\/100\n|\n|-heal|p1b: FIX THE PROBLEM!|63\/100|[from] item: Leftovers\n|-sideend|p2: Dylanpika99|move: Tailwind\n|upkeep\n|turn|17\n|\n|t:|1700445945\n|move|p1a: momma|Protect|p1a: momma\n|-singleturn|p1a: momma|Protect\n|move|p2b: Salamence|Return|p1a: momma\n|-activate|p1a: momma|move: Protect\n|move|p1b: FIX THE PROBLEM!|Iron Head|p2b: Salamence\n|-damage|p2b: Salamence|0 fnt\n|faint|p2b: Salamence\n|\n|win|Eliminathan\n|c|\u2606Eliminathan|gg\n|c|\u2606Dylanpika99|gg\n","uploadtime":1700445955,"views":17,"p1id":"eliminathan","p2id":"dylanpika99","formatid":"gen9nationaldexdoubles","rating":0,"private":0,"password":""}