{"id":"gen9nationaldexdoubles-1992770265","p1":"Gliscornumber1","p2":"LegendVGC","format":"[Gen 9] National Dex Doubles","log":"|j|\u2606Gliscornumber1\n|j|\u2606LegendVGC\n|t:|1700233911\n|gametype|doubles\n|player|p1|Gliscornumber1|giovanni|1000\n|player|p2|LegendVGC|265|1052\n|teamsize|p1|6\n|teamsize|p2|6\n|gen|9\n|tier|[Gen 9] National Dex Doubles\n|rated|\n|rule|HP Percentage Mod: HP is shown in percentages\n|rule|Endless Battle Clause: Forcing endless battles is banned\n|rule|OHKO Clause: OHKO moves are banned\n|rule|Evasion Moves Clause: Evasion moves are banned\n|rule|Evasion Abilities Clause: Evasion abilities are banned\n|rule|Species Clause: Limit one of each Pok\u00e9mon\n|rule|Gravity Sleep Clause: The combination of sleep-inducing moves with imperfect accuracy and Gravity or Gigantamax Orbeetle are banned\n|clearpoke\n|poke|p1|Slaking, F|\n|poke|p1|Slowking, F|\n|poke|p1|Scizor, M|\n|poke|p1|Tyranitar, F|\n|poke|p1|Salamence, F|\n|poke|p1|Machamp, M|\n|poke|p2|Regigigas|\n|poke|p2|Tapu Fini|\n|poke|p2|Grafaiai, F|\n|poke|p2|Metagross|\n|poke|p2|Chi-Yu|\n|poke|p2|Iron Hands|\n|teampreview\n|\n|t:|1700233925\n|start\n|switch|p1a: Slowking|Slowking, F|100\/100\n|switch|p1b: Slaking|Slaking, F|100\/100\n|switch|p2a: Regigigas|Regigigas|100\/100\n|switch|p2b: Grafaiai|Grafaiai, F|100\/100\n|-item|p2b: Grafaiai|Air Balloon\n|-start|p2a: Regigigas|ability: Slow Start\n|turn|1\n|\n|t:|1700233941\n|move|p2b: Grafaiai|Doodle|p1a: Slowking\n|-end|p2a: Regigigas|Slow Start|[silent]\n|-endability|p2a: Regigigas|Slow Start|[from] move: Doodle\n|-ability|p2a: Regigigas|Own Tempo|[from] move: Doodle\n|-endability|p2b: Grafaiai|Prankster|[from] move: Doodle\n|-ability|p2b: Grafaiai|Own Tempo|[from] move: Doodle\n|move|p1b: Slaking|Bulk Up|p1b: Slaking\n|-boost|p1b: Slaking|atk|1\n|-boost|p1b: Slaking|def|1\n|move|p2a: Regigigas|Power-Up Punch|p1b: Slaking\n|-supereffective|p1b: Slaking\n|-damage|p1b: Slaking|85\/100\n|-boost|p2a: Regigigas|atk|1\n|move|p1a: Slowking|Skill Swap|p1b: Slaking\n|-activate|p1a: Slowking|move: Skill Swap|||[of] p1b: Slaking\n|\n|upkeep\n|turn|2\n|\n|t:|1700233972\n|move|p1b: Slaking|Protect|p1b: Slaking\n|-singleturn|p1b: Slaking|Protect\n|move|p2b: Grafaiai|Encore|p1a: Slowking\n|-start|p1a: Slowking|Encore\n|move|p2a: Regigigas|Drain Punch|p1b: Slaking\n|-activate|p1b: Slaking|move: Protect\n|cant|p1a: Slowking|ability: Truant\n|\n|upkeep\n|turn|3\n|\n|t:|1700233985\n|move|p2b: Grafaiai|Encore|p1b: Slaking\n|-start|p1b: Slaking|Encore\n|move|p1b: Slaking|Protect|p1b: Slaking\n|-singleturn|p1b: Slaking|Protect\n|move|p2a: Regigigas|Drain Punch|p1b: Slaking\n|-activate|p1b: Slaking|move: Protect\n|move|p1a: Slowking|Skill Swap|p2a: Regigigas\n|-activate|p1a: Slowking|move: Skill Swap|Own Tempo|Truant|[of] p2a: Regigigas\n|\n|upkeep\n|turn|4\n|\n|t:|1700234013\n|switch|p1a: Machamp|Machamp, M|100\/100\n|move|p1b: Slaking|Protect||[still]\n|-fail|p1b: Slaking\n|move|p2b: Grafaiai|Low Kick|p1b: Slaking\n|-supereffective|p1b: Slaking\n|-damage|p1b: Slaking|67\/100\n|cant|p2a: Regigigas|ability: Truant\n|\n|-status|p1a: Machamp|brn|[from] item: Flame Orb\n|upkeep\n|turn|5\n|\n|t:|1700234039\n|move|p1b: Slaking|Protect|p1b: Slaking\n|-singleturn|p1b: Slaking|Protect\n|move|p2b: Grafaiai|Doodle|p1a: Machamp\n|-endability|p2a: Regigigas|Truant|[from] move: Doodle\n|-ability|p2a: Regigigas|Guts|[from] move: Doodle\n|-endability|p2b: Grafaiai|Own Tempo|[from] move: Doodle\n|-ability|p2b: Grafaiai|Guts|[from] move: Doodle\n|move|p2a: Regigigas|Power-Up Punch|p1a: Machamp\n|-damage|p1a: Machamp|70\/100 brn\n|-boost|p2a: Regigigas|atk|1\n|move|p1a: Machamp|Brick Break|p2a: Regigigas\n|-supereffective|p2a: Regigigas\n|-damage|p2a: Regigigas|0 fnt\n|faint|p2a: Regigigas\n|\n|-damage|p1a: Machamp|64\/100 brn|[from] brn\n|-end|p1b: Slaking|Encore\n|upkeep\n|\n|t:|1700234054\n|switch|p2a: Chi-Yu|Chi-Yu|100\/100\n|-ability|p2a: Chi-Yu|Beads of Ruin\n|turn|6\n|\n|t:|1700234065\n|move|p2a: Chi-Yu|Heat Wave|p1a: Machamp|[spread] p1a,p1b\n|-damage|p1a: Machamp|7\/100 brn\n|-damage|p1b: Slaking|29\/100\n|move|p2b: Grafaiai|Low Kick|p1a: Machamp\n|-damage|p1a: Machamp|0 fnt\n|faint|p1a: Machamp\n|move|p1b: Slaking|Body Slam|p2a: Chi-Yu\n|-damage|p2a: Chi-Yu|0 fnt\n|faint|p2a: Chi-Yu\n|\n|upkeep\n|\n|t:|1700234082\n|switch|p2a: Tapu Fini|Tapu Fini|100\/100\n|switch|p1a: Salamence|Salamence, F|100\/100\n|-fieldstart|move: Misty Terrain|[from] ability: Misty Surge|[of] p2a: Tapu Fini\n|-ability|p1a: Salamence|Intimidate|boost\n|-unboost|p2a: Tapu Fini|atk|1\n|-unboost|p2b: Grafaiai|atk|1\n|turn|7\n|\n|t:|1700234097\n|detailschange|p1a: Salamence|Salamence-Mega, F\n|-mega|p1a: Salamence|Salamence|Salamencite\n|move|p2a: Tapu Fini|Moonblast|p1b: Slaking\n|-damage|p1b: Slaking|6\/100\n|move|p1a: Salamence|Hyper Voice|p2b: Grafaiai|[spread] p2a,p2b\n|-damage|p2a: Tapu Fini|59\/100\n|-damage|p2b: Grafaiai|64\/100\n|-enditem|p2b: Grafaiai|Air Balloon\n|move|p2b: Grafaiai|Scary Face|p1a: Salamence\n|-unboost|p1a: Salamence|spe|2\n|move|p1b: Slaking|Slack Off|p1b: Slaking\n|-heal|p1b: Slaking|56\/100\n|\n|upkeep\n|turn|8\n|\n|t:|1700234114\n|move|p2a: Tapu Fini|Ice Beam|p1a: Salamence\n|-supereffective|p1a: Salamence\n|-damage|p1a: Salamence|0 fnt\n|faint|p1a: Salamence\n|move|p2b: Grafaiai|Encore|p1b: Slaking\n|-start|p1b: Slaking|Encore\n|move|p1b: Slaking|Slack Off|p1b: Slaking\n|-heal|p1b: Slaking|100\/100\n|\n|upkeep\n|\n|t:|1700234128\n|switch|p1a: Scizor|Scizor, M|100\/100\n|turn|9\n|\n|t:|1700234155\n|move|p1a: Scizor|Bullet Punch|p2b: Grafaiai\n|-damage|p2b: Grafaiai|0 fnt\n|faint|p2b: Grafaiai\n|-damage|p1a: Scizor|91\/100|[from] item: Life Orb\n|move|p2a: Tapu Fini|Muddy Water|p1b: Slaking|[spread] p1a\n|-miss|p2a: Tapu Fini|p1b: Slaking\n|-damage|p1a: Scizor|56\/100\n|-unboost|p1a: Scizor|accuracy|1\n|move|p1b: Slaking|Slack Off||[still]\n|-fail|p1b: Slaking|heal\n|\n|upkeep\n|\n|t:|1700234164\n|switch|p2b: Metagross|Metagross|100\/100\n|turn|10\n|\n|t:|1700234176\n|detailschange|p2b: Metagross|Metagross-Mega\n|-mega|p2b: Metagross|Metagross|Metagrossite\n|move|p2b: Metagross|Iron Head|p1a: Scizor\n|-resisted|p1a: Scizor\n|-damage|p1a: Scizor|30\/100\n|move|p2a: Tapu Fini|Muddy Water|p1a: Scizor|[spread] p1a\n|-miss|p2a: Tapu Fini|p1b: Slaking\n|-damage|p1a: Scizor|0 fnt\n|faint|p1a: Scizor\n|move|p1b: Slaking|Slack Off||[still]\n|-fail|p1b: Slaking|heal\n|\n|-end|p1b: Slaking|Encore\n|upkeep\n|\n|t:|1700234189\n|switch|p1a: Tyranitar|Tyranitar, F|100\/100\n|-weather|Sandstorm|[from] ability: Sand Stream|[of] p1a: Tyranitar\n|turn|11\n|\n|t:|1700234199\n|move|p2b: Metagross|Iron Head|p1a: Tyranitar\n|-supereffective|p1a: Tyranitar\n|-damage|p1a: Tyranitar|0 fnt\n|faint|p1a: Tyranitar\n|move|p2a: Tapu Fini|Muddy Water|p1b: Slaking\n|-damage|p1b: Slaking|77\/100\n|move|p1b: Slaking|Body Slam|p2a: Tapu Fini\n|-damage|p2a: Tapu Fini|0 fnt\n|faint|p2a: Tapu Fini\n|\n|-weather|Sandstorm|[upkeep]\n|-damage|p1b: Slaking|71\/100|[from] Sandstorm\n|-fieldend|Misty Terrain\n|upkeep\n|\n|t:|1700234203\n|switch|p2a: Iron Hands|Iron Hands|100\/100\n|switch|p1a: Slowking|Slowking, F|100\/100\n|turn|12\n|\n|t:|1700234218\n|-terastallize|p1b: Slaking|Normal\n|move|p2a: Iron Hands|Fake Out|p1b: Slaking\n|-damage|p1b: Slaking|63\/100\n|move|p2b: Metagross|Iron Head|p1b: Slaking\n|-damage|p1b: Slaking|35\/100\n|cant|p1b: Slaking|flinch\n|move|p1a: Slowking|Heal Pulse|p1b: Slaking\n|-heal|p1b: Slaking|85\/100\n|\n|-weather|Sandstorm|[upkeep]\n|-damage|p1b: Slaking|79\/100|[from] Sandstorm\n|-damage|p2a: Iron Hands|94\/100|[from] Sandstorm\n|-damage|p1a: Slowking|94\/100|[from] Sandstorm\n|-heal|p1a: Slowking|100\/100|[from] item: Leftovers\n|upkeep\n|turn|13\n|\n|t:|1700234234\n|move|p2b: Metagross|Iron Head|p1b: Slaking\n|-damage|p1b: Slaking|53\/100\n|move|p1b: Slaking|Body Slam|p2a: Iron Hands\n|-crit|p2a: Iron Hands\n|-damage|p2a: Iron Hands|10\/100\n|move|p2a: Iron Hands|Swords Dance|p2a: Iron Hands\n|-boost|p2a: Iron Hands|atk|2\n|move|p1a: Slowking|Thunder Wave|p2b: Metagross\n|-status|p2b: Metagross|par\n|\n|-weather|Sandstorm|[upkeep]\n|-damage|p1b: Slaking|47\/100|[from] Sandstorm\n|-damage|p2a: Iron Hands|3\/100|[from] Sandstorm\n|-damage|p1a: Slowking|94\/100|[from] Sandstorm\n|-heal|p1a: Slowking|100\/100|[from] item: Leftovers\n|upkeep\n|turn|14\n|\n|t:|1700234253\n|move|p1b: Slaking|Body Slam|p2a: Iron Hands\n|-damage|p2a: Iron Hands|0 fnt\n|faint|p2a: Iron Hands\n|-end|p2a: Iron Hands|Quark Drive|[silent]\n|cant|p2b: Metagross|par\n|move|p1a: Slowking|Heal Pulse|p1b: Slaking\n|-heal|p1b: Slaking|97\/100\n|\n|-weather|Sandstorm|[upkeep]\n|-damage|p1b: Slaking|91\/100|[from] Sandstorm\n|-damage|p1a: Slowking|94\/100|[from] Sandstorm\n|-heal|p1a: Slowking|100\/100|[from] item: Leftovers\n|upkeep\n|turn|15\n|-message|LegendVGC forfeited.\n|\n|win|Gliscornumber1\n|raw|Gliscornumber1's rating: 1000 &rarr; <strong>1046<\/strong><br \/>(+46 for winning)\n|raw|LegendVGC's rating: 1052 &rarr; <strong>1032<\/strong><br \/>(-20 for losing)\n|l|\u2606LegendVGC\n","uploadtime":1700234272,"views":6,"p1id":"gliscornumber1","p2id":"legendvgc","formatid":"gen9nationaldexdoubles","rating":1032,"private":0,"password":""}