{"id":"gen9nationaldexdoubles-1959067689","p1":"Mokaccino321","p2":"difdifdifdifdif","format":"[Gen 9] National Dex Doubles","log":"|j|\u2606Mokaccino321\n|j|\u2606difdifdifdifdif\n|t:|1696383328\n|gametype|doubles\n|player|p1|Mokaccino321|1|\n|player|p2|difdifdifdifdif|shadowtriad|\n|teamsize|p1|6\n|teamsize|p2|6\n|gen|9\n|tier|[Gen 9] National Dex Doubles\n|rule|HP Percentage Mod: HP is shown in percentages\n|rule|Endless Battle Clause: Forcing endless battles is banned\n|rule|OHKO Clause: OHKO moves are banned\n|rule|Evasion Moves Clause: Evasion moves are banned\n|rule|Evasion Abilities Clause: Evasion abilities are banned\n|rule|Species Clause: Limit one of each Pok\u00e9mon\n|rule|Gravity Sleep Clause: The combination of sleep-inducing moves with imperfect accuracy and Gravity or Gigantamax Orbeetle are banned\n|clearpoke\n|poke|p1|Cradily, F|\n|poke|p1|Aerodactyl, F|\n|poke|p1|Arcanine-Hisui, M|\n|poke|p1|Nihilego|\n|poke|p1|Tyranitar, F|\n|poke|p1|Aggron, F|\n|poke|p2|Garchomp, F|\n|poke|p2|Scizor, F|\n|poke|p2|Rotom-Wash|\n|poke|p2|Sneasler, F|\n|poke|p2|Heatran, M|\n|poke|p2|Hatterene, F|\n|teampreview\n|c|\u2606Mokaccino321|hai, no Tera :3\n|c|\u2606difdifdifdifdif|gotchu\n|\n|t:|1696383345\n|start\n|switch|p1a: Aerodactyl|Aerodactyl, F|100\/100\n|switch|p1b: Tyranitar|Tyranitar, F|100\/100\n|switch|p2a: Scizor|Scizor, F|100\/100\n|switch|p2b: Garchomp|Garchomp, F|100\/100\n|-ability|p1a: Aerodactyl|Unnerve\n|-weather|Sandstorm|[from] ability: Sand Stream|[of] p1b: Tyranitar\n|turn|1\n|\n|t:|1696383362\n|detailschange|p2a: Scizor|Scizor-Mega, F\n|-mega|p2a: Scizor|Scizor|Scizorite\n|move|p1a: Aerodactyl|Tailwind|p1a: Aerodactyl\n|-sidestart|p1: Mokaccino321|move: Tailwind\n|move|p1b: Tyranitar|Ice Punch|p2b: Garchomp\n|-supereffective|p2b: Garchomp\n|-damage|p2b: Garchomp|2\/100\n|-damage|p1b: Tyranitar|88\/100|[from] ability: Rough Skin|[of] p2b: Garchomp\n|-damage|p1b: Tyranitar|72\/100|[from] item: Rocky Helmet|[of] p2b: Garchomp\n|-damage|p1b: Tyranitar|62\/100|[from] item: Life Orb\n|move|p2b: Garchomp|Stealth Rock|p1b: Tyranitar\n|-sidestart|p1: Mokaccino321|move: Stealth Rock\n|move|p2a: Scizor|U-turn|p1b: Tyranitar\n|-supereffective|p1b: Tyranitar\n|-damage|p1b: Tyranitar|0 fnt\n|faint|p1b: Tyranitar\n|\n|t:|1696383377\n|switch|p2a: Rotom|Rotom-Wash|100\/100|[from] U-turn\n|\n|-weather|Sandstorm|[upkeep]\n|-damage|p2a: Rotom|94\/100|[from] Sandstorm\n|-heal|p2a: Rotom|100\/100|[from] item: Leftovers\n|upkeep\n|\n|t:|1696383386\n|switch|p1b: Cradily|Cradily, F|100\/100\n|-damage|p1b: Cradily|88\/100|[from] Stealth Rock\n|turn|2\n|\n|t:|1696383398\n|move|p1a: Aerodactyl|Sky Drop||[still]\n|-prepare|p1a: Aerodactyl|Sky Drop|p2b: Garchomp\n|move|p1b: Cradily|Giga Drain|p2a: Rotom\n|-supereffective|p2a: Rotom\n|-damage|p2a: Rotom|58\/100\n|-heal|p1b: Cradily|100\/100|[from] drain|[of] p2a: Rotom\n|move|p2a: Rotom|Volt Switch|p1a: Aerodactyl|[miss]\n|-miss|p2a: Rotom|p1a: Aerodactyl\n|\n|-weather|Sandstorm|[upkeep]\n|-damage|p2a: Rotom|52\/100|[from] Sandstorm\n|-heal|p2a: Rotom|58\/100|[from] item: Leftovers\n|upkeep\n|turn|3\n|\n|t:|1696383414\n|switch|p2a: Scizor|Scizor-Mega, F|100\/100\n|move|p1a: Aerodactyl|Sky Drop|p2b: Garchomp|[from]lockedmove\n|-damage|p2b: Garchomp|0 fnt\n|-damage|p1a: Aerodactyl|88\/100|[from] ability: Rough Skin|[of] p2b: Garchomp\n|-damage|p1a: Aerodactyl|72\/100|[from] item: Rocky Helmet|[of] p2b: Garchomp\n|faint|p2b: Garchomp\n|move|p1b: Cradily|Meteor Beam||[still]\n|-prepare|p1b: Cradily|Meteor Beam\n|-boost|p1b: Cradily|spa|1\n|-enditem|p1b: Cradily|Power Herb\n|-anim|p1b: Cradily|Meteor Beam|p2a: Scizor|[miss]\n|-miss|p1b: Cradily|p2a: Scizor\n|\n|-weather|Sandstorm|[upkeep]\n|upkeep\n|\n|t:|1696383433\n|switch|p2b: Sneasler|Sneasler, F|100\/100\n|-item|p2b: Sneasler|Air Balloon\n|turn|4\n|\n|t:|1696383455\n|move|p2a: Scizor|Bullet Punch|p1a: Aerodactyl\n|-supereffective|p1a: Aerodactyl\n|-damage|p1a: Aerodactyl|0 fnt\n|faint|p1a: Aerodactyl\n|move|p2b: Sneasler|Close Combat|p1b: Cradily\n|-supereffective|p1b: Cradily\n|-damage|p1b: Cradily|0 fnt\n|-unboost|p2b: Sneasler|def|1\n|-unboost|p2b: Sneasler|spd|1\n|faint|p1b: Cradily\n|\n|-weather|Sandstorm|[upkeep]\n|-damage|p2b: Sneasler|95\/100|[from] Sandstorm\n|-sideend|p1: Mokaccino321|move: Tailwind\n|upkeep\n|\n|t:|1696383459\n|switch|p1a: Aggron|Aggron, F|100\/100\n|switch|p1b: Arcanine|Arcanine-Hisui, M|100\/100\n|-damage|p1b: Arcanine|76\/100|[from] Stealth Rock\n|-damage|p1a: Aggron|94\/100|[from] Stealth Rock\n|turn|5\n|\n|t:|1696383471\n|switch|p2a: Rotom|Rotom-Wash|58\/100\n|detailschange|p1a: Aggron|Aggron-Mega, F\n|-mega|p1a: Aggron|Aggron|Aggronite\n|move|p2b: Sneasler|Close Combat|p1a: Aggron\n|-supereffective|p1a: Aggron\n|-damage|p1a: Aggron|56\/100\n|-unboost|p2b: Sneasler|def|1\n|-unboost|p2b: Sneasler|spd|1\n|move|p1b: Arcanine|Flare Blitz|p2a: Rotom\n|-resisted|p2a: Rotom\n|-damage|p2a: Rotom|26\/100\n|move|p1a: Aggron|Iron Defense|p1a: Aggron\n|-boost|p1a: Aggron|def|2\n|\n|-weather|none\n|-heal|p2a: Rotom|32\/100|[from] item: Leftovers\n|upkeep\n|turn|6\n|\n|t:|1696383486\n|move|p2b: Sneasler|Swords Dance|p2b: Sneasler\n|-boost|p2b: Sneasler|atk|2\n|move|p1b: Arcanine|Flare Blitz|p2b: Sneasler\n|-damage|p2b: Sneasler|0 fnt\n|-enditem|p2b: Sneasler|Air Balloon\n|faint|p2b: Sneasler\n|move|p2a: Rotom|Will-O-Wisp|p1a: Aggron\n|-status|p1a: Aggron|brn\n|move|p1a: Aggron|Body Press|p2a: Rotom\n|-damage|p2a: Rotom|0 fnt\n|faint|p2a: Rotom\n|\n|-damage|p1a: Aggron|50\/100 brn|[from] brn\n|upkeep\n|\n|t:|1696383498\n|switch|p2b: Hatterene|Hatterene, F|100\/100\n|switch|p2a: Heatran|Heatran, M|100\/100\n|turn|7\n|\n|t:|1696383509\n|move|p1b: Arcanine|Flare Blitz|p2b: Hatterene\n|-damage|p2b: Hatterene|25\/100\n|-status|p2b: Hatterene|brn\n|move|p2a: Heatran|Earth Power|p1b: Arcanine\n|-supereffective|p1b: Arcanine\n|-damage|p1b: Arcanine|0 fnt\n|faint|p1b: Arcanine\n|move|p1a: Aggron|Body Press|p2a: Heatran\n|-supereffective|p2a: Heatran\n|-damage|p2a: Heatran|5\/100\n|move|p2b: Hatterene|Calm Mind|p2b: Hatterene\n|-boost|p2b: Hatterene|spa|1\n|-boost|p2b: Hatterene|spd|1\n|\n|-heal|p2a: Heatran|11\/100|[from] item: Leftovers\n|-heal|p2b: Hatterene|31\/100 brn|[from] item: Leftovers\n|-damage|p1a: Aggron|44\/100 brn|[from] brn\n|-damage|p2b: Hatterene|25\/100 brn|[from] brn\n|upkeep\n|\n|t:|1696383520\n|switch|p1b: Nihilego|Nihilego|100\/100\n|-damage|p1b: Nihilego|88\/100|[from] Stealth Rock\n|turn|8\n|\n|t:|1696383540\n|move|p1b: Nihilego|Power Gem|p2a: Heatran\n|-damage|p2a: Heatran|0 fnt\n|faint|p2a: Heatran\n|-ability|p1b: Nihilego|Beast Boost|boost\n|-boost|p1b: Nihilego|spa|1\n|move|p1a: Aggron|Body Press|p2b: Hatterene\n|-resisted|p2b: Hatterene\n|-damage|p2b: Hatterene|14\/100 brn\n|move|p2b: Hatterene|Psyshock|p1b: Nihilego\n|-supereffective|p1b: Nihilego\n|-damage|p1b: Nihilego|0 fnt\n|faint|p1b: Nihilego\n|\n|-heal|p2b: Hatterene|20\/100 brn|[from] item: Leftovers\n|-damage|p1a: Aggron|38\/100 brn|[from] brn\n|-damage|p2b: Hatterene|14\/100 brn|[from] brn\n|upkeep\n|\n|t:|1696383549\n|switch|p2a: Scizor|Scizor-Mega, F|100\/100\n|turn|9\n|\n|t:|1696383564\n|move|p2a: Scizor|Swords Dance|p2a: Scizor\n|-boost|p2a: Scizor|atk|2\n|move|p1a: Aggron|Rest|p1a: Aggron\n|-status|p1a: Aggron|slp|[from] move: Rest\n|-heal|p1a: Aggron|100\/100 slp|[silent]\n|move|p2b: Hatterene|Mystical Fire|p1a: Aggron\n|-supereffective|p1a: Aggron\n|-damage|p1a: Aggron|42\/100 slp\n|-unboost|p1a: Aggron|spa|1\n|\n|-heal|p2b: Hatterene|20\/100 brn|[from] item: Leftovers\n|-damage|p2b: Hatterene|14\/100 brn|[from] brn\n|upkeep\n|turn|10\n|\n|t:|1696383570\n|move|p2a: Scizor|Swords Dance|p2a: Scizor\n|-boost|p2a: Scizor|atk|2\n|cant|p1a: Aggron|slp\n|move|p2b: Hatterene|Mystical Fire|p1a: Aggron\n|-supereffective|p1a: Aggron\n|-damage|p1a: Aggron|0 fnt\n|faint|p1a: Aggron\n|\n|win|difdifdifdifdif\n|c|\u2606Mokaccino321|ouch\n|c|\u2606difdifdifdifdif|ggs!\n|c|\u2606Mokaccino321|gg\n|l|\u2606difdifdifdifdif\n","uploadtime":1696383638,"views":21,"p1id":"mokaccino321","p2id":"difdifdifdifdif","formatid":"gen9nationaldexdoubles","rating":0,"private":0,"password":""}