{"id":"gen9nationaldexdoubles-1968915467","p1":"RocketsThemeTeams","p2":"The Foker","format":"[Gen 9] National Dex Doubles","log":"|j|\u2606RocketsThemeTeams\n|j|\u2606The Foker\n|t:|1697475141\n|gametype|doubles\n|player|p1|RocketsThemeTeams|101|\n|player|p2|The Foker|102|\n|teamsize|p1|2\n|teamsize|p2|2\n|gen|9\n|tier|[Gen 9] National Dex Doubles\n|rule|HP Percentage Mod: HP is shown in percentages\n|rule|Endless Battle Clause: Forcing endless battles is banned\n|rule|OHKO Clause: OHKO moves are banned\n|rule|Evasion Moves Clause: Evasion moves are banned\n|rule|Evasion Abilities Clause: Evasion abilities are banned\n|rule|Species Clause: Limit one of each Pok\u00e9mon\n|rule|Gravity Sleep Clause: The combination of sleep-inducing moves with imperfect accuracy and Gravity or Gigantamax Orbeetle are banned\n|clearpoke\n|poke|p1|Bulbasaur, L12, M|\n|poke|p1|Eevee, L12, M|\n|poke|p2|Munchlax, L12, M|\n|poke|p2|Eevee, L12, M|\n|teampreview\n|c|\u2606The Foker|Let's cook my dear Compadre Eloric\n|c|\u2606The Foker|No tera btw\n|c|\u2606RocketsThemeTeams|I will cook indeed, my good friend.\n|c|\u2606RocketsThemeTeams|Obv\n|\n|t:|1697475194\n|start\n|switch|p1a: Ivy|Bulbasaur, L12, M|100\/100\n|switch|p1b: Clarity|Eevee, L12, M|100\/100\n|switch|p2a: Munchlax|Munchlax, L12, M|100\/100\n|switch|p2b: Eevee|Eevee, L12, M|100\/100\n|turn|1\n|c|\u2606The Foker|To keep tradition of showdown\n|c|\u2606The Foker|Glhf\n|c|\u2606RocketsThemeTeams|glhf\n|\n|t:|1697475215\n|move|p2b: Eevee|Swift|p1a: Ivy|[spread] p1a,p1b\n|-damage|p1a: Ivy|75\/100\n|-damage|p1b: Clarity|85\/100\n|move|p1a: Ivy|Leech Seed|p2a: Munchlax|[miss]\n|-miss|p1a: Ivy|p2a: Munchlax\n|move|p1b: Clarity|Sand Attack|p2a: Munchlax\n|-unboost|p2a: Munchlax|accuracy|1\n|move|p2a: Munchlax|Metronome|p2a: Munchlax\n|move|p2a: Munchlax|Metal Sound|p1b: Clarity|[from]move: Metronome\n|-unboost|p1b: Clarity|spd|2\n|\n|upkeep\n|turn|2\n|\n|t:|1697475232\n|move|p2b: Eevee|Swift|p1b: Clarity|[spread] p1a,p1b\n|-damage|p1a: Ivy|56\/100\n|-damage|p1b: Clarity|58\/100\n|move|p1a: Ivy|Leech Seed|p2a: Munchlax\n|-start|p2a: Munchlax|move: Leech Seed\n|move|p1b: Clarity|Swift|p2b: Eevee|[spread] p2a,p2b\n|-damage|p2a: Munchlax|94\/100\n|-damage|p2b: Eevee|85\/100\n|move|p2a: Munchlax|Metronome|p2a: Munchlax\n|move|p2a: Munchlax|Hone Claws|p2a: Munchlax|[from]move: Metronome\n|-boost|p2a: Munchlax|atk|1\n|-boost|p2a: Munchlax|accuracy|1\n|\n|-damage|p2a: Munchlax|82\/100|[from] Leech Seed|[of] p1a: Ivy\n|-heal|p1a: Ivy|75\/100|[silent]\n|upkeep\n|turn|3\n|\n|t:|1697475248\n|move|p2b: Eevee|Swift|p1a: Ivy|[spread] p1a,p1b\n|-damage|p1a: Ivy|56\/100\n|-damage|p1b: Clarity|27\/100\n|move|p1a: Ivy|Vine Whip|p2b: Eevee\n|-damage|p2b: Eevee|61\/100\n|move|p1b: Clarity|Tail Whip|p2b: Eevee|[spread] p2a,p2b\n|-unboost|p2a: Munchlax|def|1\n|-unboost|p2b: Eevee|def|1\n|move|p2a: Munchlax|Tackle|p1b: Clarity\n|-crit|p1b: Clarity\n|-damage|p1b: Clarity|0 fnt\n|faint|p1b: Clarity\n|\n|-damage|p2a: Munchlax|69\/100|[from] Leech Seed|[of] p1a: Ivy\n|-heal|p1a: Ivy|75\/100|[silent]\n|upkeep\n|turn|4\n|\n|t:|1697475264\n|move|p2b: Eevee|Swift|p1a: Ivy\n|-damage|p1a: Ivy|48\/100\n|move|p1a: Ivy|Vine Whip|p2b: Eevee\n|-damage|p2b: Eevee|27\/100\n|move|p2a: Munchlax|Tackle|p1a: Ivy\n|-damage|p1a: Ivy|6\/100\n|\n|-damage|p2a: Munchlax|57\/100|[from] Leech Seed|[of] p1a: Ivy\n|-heal|p1a: Ivy|25\/100|[silent]\n|upkeep\n|turn|5\n|c|\u2606RocketsThemeTeams|Gg\n|\n|t:|1697475276\n|move|p2b: Eevee|Swift|p1a: Ivy\n|-damage|p1a: Ivy|0 fnt\n|faint|p1a: Ivy\n|\n|win|The Foker\n|c|\u2606The Foker|Gg\n|c|\u2606The Foker|I got lucky with that Hone Claws\n","uploadtime":1697475313,"views":15,"p1id":"rocketsthemeteams","p2id":"thefoker","formatid":"gen9nationaldexdoubles","rating":0,"private":0,"password":""}