{"id":"gen9nationaldexdoubles-1964623617","p1":"sootywhisper73","p2":"MegaMania001","format":"[Gen 9] National Dex Doubles","log":"|j|\u2606sootywhisper73\n|j|\u2606MegaMania001\n|t:|1696986894\n|gametype|doubles\n|player|p1|sootywhisper73|dawn-gen4pt|\n|player|p2|MegaMania001|winona|\n|teamsize|p1|6\n|teamsize|p2|6\n|gen|9\n|tier|[Gen 9] National Dex Doubles\n|rule|HP Percentage Mod: HP is shown in percentages\n|rule|Endless Battle Clause: Forcing endless battles is banned\n|rule|OHKO Clause: OHKO moves are banned\n|rule|Evasion Moves Clause: Evasion moves are banned\n|rule|Evasion Abilities Clause: Evasion abilities are banned\n|rule|Species Clause: Limit one of each Pok\u00e9mon\n|rule|Gravity Sleep Clause: The combination of sleep-inducing moves with imperfect accuracy and Gravity or Gigantamax Orbeetle are banned\n|clearpoke\n|poke|p1|Skarmory, M|\n|poke|p1|Florges, F|\n|poke|p1|Lucario, M|\n|poke|p1|Victini|\n|poke|p1|Venusaur, M|\n|poke|p1|Espeon, F|\n|poke|p2|Iron Valiant|\n|poke|p2|Meowscarada, M|\n|poke|p2|Incineroar, M|\n|poke|p2|Aegislash, F|\n|poke|p2|Decidueye-Hisui, M|\n|poke|p2|Articuno-Galar|\n|teampreview\n|inactive|Battle timer is ON: inactive players will automatically lose when time's up. (requested by MegaMania001)\n|\n|t:|1696986907\n|start\n|switch|p1a: Espeon|Espeon, F|100\/100\n|switch|p1b: Skarmory|Skarmory, M|100\/100\n|switch|p2a: Meowscarada|Meowscarada, M|100\/100\n|switch|p2b: Aegislash|Aegislash, F|100\/100\n|turn|1\n|\n|t:|1696986931\n|switch|p1a: Venusaur|Venusaur, M, shiny|100\/100\n|move|p2a: Meowscarada|U-turn|p1a: Venusaur\n|-start|p2a: Meowscarada|typechange|Bug|[from] ability: Protean\n|-damage|p1a: Venusaur|36\/100\n|\n|t:|1696986941\n|switch|p2a: Incineroar|Incineroar, M, shiny|100\/100|[from] U-turn\n|-ability|p2a: Incineroar|Intimidate|boost\n|-unboost|p1a: Venusaur|atk|1\n|-unboost|p1b: Skarmory|atk|1\n|move|p1b: Skarmory|Tailwind|p1b: Skarmory\n|-sidestart|p1: sootywhisper73|move: Tailwind\n|-formechange|p2b: Aegislash|Aegislash-Blade||[from] ability: Stance Change\n|move|p2b: Aegislash|Shadow Claw|p1a: Venusaur\n|-damage|p1a: Venusaur|0 fnt\n|faint|p1a: Venusaur\n|\n|upkeep\n|\n|t:|1696986959\n|switch|p1a: Lucario|Lucario, M|100\/100\n|turn|2\n|\n|t:|1696986981\n|-formechange|p2b: Aegislash|Aegislash||[from] ability: Stance Change\n|move|p2b: Aegislash|King's Shield|p2b: Aegislash\n|-singleturn|p2b: Aegislash|Protect\n|move|p2a: Incineroar|Fake Out|p1b: Skarmory\n|-resisted|p1b: Skarmory\n|-damage|p1b: Skarmory|95\/100\n|-damage|p2a: Incineroar|84\/100|[from] item: Rocky Helmet|[of] p1b: Skarmory\n|move|p1a: Lucario|Crunch|p2a: Incineroar\n|-resisted|p2a: Incineroar\n|-damage|p2a: Incineroar|73\/100\n|cant|p1b: Skarmory|flinch\n|\n|upkeep\n|turn|3\n|\n|t:|1696987006\n|move|p1a: Lucario|Close Combat|p2a: Incineroar\n|-supereffective|p2a: Incineroar\n|-damage|p2a: Incineroar|0 fnt\n|-unboost|p1a: Lucario|def|1\n|-unboost|p1a: Lucario|spd|1\n|faint|p2a: Incineroar\n|move|p1b: Skarmory|Stealth Rock|p2b: Aegislash\n|-sidestart|p2: MegaMania001|move: Stealth Rock\n|-formechange|p2b: Aegislash|Aegislash-Blade||[from] ability: Stance Change\n|move|p2b: Aegislash|Shadow Claw|p1b: Skarmory\n|-damage|p1b: Skarmory|69\/100\n|-damage|p2b: Aegislash|84\/100|[from] item: Rocky Helmet|[of] p1b: Skarmory\n|\n|-heal|p2b: Aegislash|90\/100|[from] item: Leftovers\n|upkeep\n|inactive|MegaMania001 has 270 seconds left.\n|\n|t:|1696987021\n|switch|p2a: Iron Valiant|Iron Valiant|100\/100\n|-damage|p2a: Iron Valiant|94\/100|[from] Stealth Rock\n|-enditem|p2a: Iron Valiant|Booster Energy\n|-activate|p2a: Iron Valiant|ability: Quark Drive|[fromitem]\n|-start|p2a: Iron Valiant|quarkdrivespe\n|turn|4\n|inactive|MegaMania001 has 270 seconds left.\n|\n|t:|1696987047\n|switch|p1a: Espeon|Espeon, F|100\/100\n|move|p2a: Iron Valiant|Brick Break|p1a: Espeon\n|-resisted|p1a: Espeon\n|-crit|p1a: Espeon\n|-damage|p1a: Espeon|55\/100\n|move|p1b: Skarmory|Brave Bird|p2a: Iron Valiant\n|-supereffective|p2a: Iron Valiant\n|-damage|p2a: Iron Valiant|2\/100\n|-damage|p1b: Skarmory|43\/100|[from] Recoil\n|move|p2b: Aegislash|Iron Defense|p2b: Aegislash\n|-boost|p2b: Aegislash|def|2\n|\n|-heal|p1a: Espeon|61\/100|[from] item: Leftovers\n|-heal|p2b: Aegislash|96\/100|[from] item: Leftovers\n|-sideend|p1: sootywhisper73|move: Tailwind\n|upkeep\n|turn|5\n|inactive|MegaMania001 has 270 seconds left.\n|\n|t:|1696987075\n|move|p2a: Iron Valiant|Moonblast|p1a: Espeon\n|-damage|p1a: Espeon|13\/100\n|move|p1a: Espeon|Light Screen|p1a: Espeon\n|-sidestart|p1: sootywhisper73|move: Light Screen\n|move|p1b: Skarmory|Tailwind|p1b: Skarmory\n|-sidestart|p1: sootywhisper73|move: Tailwind\n|move|p2b: Aegislash|Shadow Claw|p1a: Espeon\n|-supereffective|p1a: Espeon\n|-damage|p1a: Espeon|0 fnt\n|faint|p1a: Espeon\n|\n|-heal|p2b: Aegislash|100\/100|[from] item: Leftovers\n|upkeep\n|\n|t:|1696987084\n|switch|p1a: Victini|Victini|100\/100\n|turn|6\n|\n|t:|1696987095\n|move|p1a: Victini|Shadow Ball|p2b: Aegislash\n|-supereffective|p2b: Aegislash\n|-damage|p2b: Aegislash|42\/100\n|move|p2a: Iron Valiant|Brick Break|p1b: Skarmory\n|-sideend|p1: sootywhisper73|move: Light Screen\n|-crit|p1b: Skarmory\n|-damage|p1b: Skarmory|7\/100\n|-damage|p2a: Iron Valiant|0 fnt|[from] item: Rocky Helmet|[of] p1b: Skarmory\n|faint|p2a: Iron Valiant\n|-end|p2a: Iron Valiant|Quark Drive|[silent]\n|move|p1b: Skarmory|Iron Head|p2b: Aegislash\n|-resisted|p2b: Aegislash\n|-damage|p2b: Aegislash|32\/100\n|move|p2b: Aegislash|Shadow Claw|p1a: Victini\n|-supereffective|p1a: Victini\n|-damage|p1a: Victini|35\/100\n|\n|-heal|p2b: Aegislash|38\/100|[from] item: Leftovers\n|upkeep\n|\n|t:|1696987111\n|switch|p2a: Decidueye|Decidueye-Hisui, M|100\/100\n|-damage|p2a: Decidueye|94\/100|[from] Stealth Rock\n|turn|7\n|\n|t:|1696987121\n|-formechange|p2b: Aegislash|Aegislash||[from] ability: Stance Change\n|move|p2b: Aegislash|King's Shield|p2b: Aegislash\n|-singleturn|p2b: Aegislash|Protect\n|move|p2a: Decidueye|Sucker Punch|p1a: Victini\n|-supereffective|p1a: Victini\n|-damage|p1a: Victini|0 fnt\n|faint|p1a: Victini\n|-damage|p2a: Decidueye|84\/100|[from] item: Life Orb\n|move|p1b: Skarmory|Brave Bird|p2a: Decidueye\n|-supereffective|p2a: Decidueye\n|-damage|p2a: Decidueye|0 fnt\n|faint|p2a: Decidueye\n|-damage|p1b: Skarmory|0 fnt|[from] Recoil\n|faint|p1b: Skarmory\n|\n|-heal|p2b: Aegislash|44\/100|[from] item: Leftovers\n|upkeep\n|\n|t:|1696987140\n|switch|p1a: Lucario|Lucario, M|100\/100\n|switch|p1b: Florges|Florges, F, shiny|100\/100\n|switch|p2a: Articuno|Articuno-Galar|100\/100\n|-damage|p2a: Articuno|76\/100|[from] Stealth Rock\n|turn|8\n|inactive|sootywhisper73 has 270 seconds left.\n|\n|t:|1696987186\n|move|p1a: Lucario|Crunch|p2a: Articuno\n|-supereffective|p2a: Articuno\n|-damage|p2a: Articuno|5\/100\n|-unboost|p2a: Articuno|def|1\n|-ability|p2a: Articuno|Competitive|boost\n|-boost|p2a: Articuno|spa|2\n|move|p1b: Florges|Calm Mind|p1b: Florges\n|-boost|p1b: Florges|spa|1\n|-boost|p1b: Florges|spd|1\n|move|p2a: Articuno|Freezing Glare|p1a: Lucario\n|-damage|p1a: Lucario|0 fnt\n|faint|p1a: Lucario\n|move|p2b: Aegislash|Toxic|p1b: Florges\n|-status|p1b: Florges|tox\n|\n|-heal|p2b: Aegislash|50\/100|[from] item: Leftovers\n|-damage|p1b: Florges|94\/100 tox|[from] psn\n|-sideend|p1: sootywhisper73|move: Tailwind\n|upkeep\n|turn|9\n|inactive|sootywhisper73 has 270 seconds left.\n|\n|t:|1696987213\n|move|p2a: Articuno|Freezing Glare|p1b: Florges\n|-crit|p1b: Florges\n|-damage|p1b: Florges|0 fnt\n|faint|p1b: Florges\n|\n|win|MegaMania001\n|l|\u2606sootywhisper73\n","uploadtime":1696987304,"views":7,"p1id":"sootywhisper73","p2id":"megamania001","formatid":"gen9nationaldexdoubles","rating":0,"private":0,"password":""}