{"id":"gen9nationaldexdoubles-1971755760","p1":"trnchi","p2":"MAF1001","format":"[Gen 9] National Dex Doubles","log":"|j|\u2606trnchi\n|j|\u2606MAF1001\n|t:|1697768533\n|gametype|doubles\n|player|p1|trnchi|266|\n|player|p2|MAF1001|unknown|\n|teamsize|p1|6\n|teamsize|p2|6\n|gen|9\n|tier|[Gen 9] National Dex Doubles\n|rule|HP Percentage Mod: HP is shown in percentages\n|rule|Endless Battle Clause: Forcing endless battles is banned\n|rule|OHKO Clause: OHKO moves are banned\n|rule|Evasion Moves Clause: Evasion moves are banned\n|rule|Evasion Abilities Clause: Evasion abilities are banned\n|rule|Species Clause: Limit one of each Pok\u00e9mon\n|rule|Gravity Sleep Clause: The combination of sleep-inducing moves with imperfect accuracy and Gravity or Gigantamax Orbeetle are banned\n|clearpoke\n|poke|p1|Bulbasaur, F|\n|poke|p1|Torchic, F|\n|poke|p1|Mudkip, M|\n|poke|p1|Litten, F|\n|poke|p1|Pichu, M|\n|poke|p1|Riolu, F|\n|poke|p2|Grookey, F|\n|poke|p2|Froakie, M|\n|poke|p2|Rowlet, F|\n|poke|p2|Riolu, M|\n|poke|p2|Pichu, M|\n|poke|p2|Litten, M|\n|teampreview\n|\n|t:|1697768551\n|start\n|switch|p1a: Bulbasaur|Bulbasaur, F|100\/100\n|switch|p1b: Pichu|Pichu, M|100\/100\n|switch|p2a: Froakie|Froakie, M|100\/100\n|switch|p2b: Pichu|Pichu, M|100\/100\n|turn|1\n|\n|t:|1697768585\n|-terastallize|p2a: Froakie|Grass\n|move|p1b: Pichu|Fake Out|p2b: Pichu\n|-damage|p2b: Pichu|49\/100\n|move|p2a: Froakie|Ice Beam|p1a: Bulbasaur\n|-supereffective|p1a: Bulbasaur\n|-damage|p1a: Bulbasaur|31\/100\n|-status|p1a: Bulbasaur|frz\n|cant|p2b: Pichu|flinch\n|cant|p1a: Bulbasaur|frz\n|\n|-heal|p1a: Bulbasaur|37\/100 frz|[from] item: Leftovers\n|upkeep\n|turn|2\n|\n|t:|1697768627\n|switch|p1a: Mudkip|Mudkip, M|100\/100\n|move|p2a: Froakie|Round|p1b: Pichu\n|-damage|p1b: Pichu|39\/100\n|move|p2b: Pichu|Round|p1b: Pichu|[from]move: Round\n|-damage|p1b: Pichu|0 fnt\n|faint|p1b: Pichu\n|-enditem|p2b: Pichu|Throat Spray\n|-boost|p2b: Pichu|spa|1|[from] item: Throat Spray\n|\n|upkeep\n|\n|t:|1697768639\n|switch|p1b: Torchic|Torchic, F|100\/100\n|turn|3\n|\n|t:|1697768668\n|move|p2a: Froakie|Round|p1a: Mudkip\n|-damage|p1a: Mudkip|77\/100\n|move|p2b: Pichu|Round|p1a: Mudkip|[from]move: Round\n|-damage|p1a: Mudkip|15\/100\n|move|p1b: Torchic|Heat Wave|p2a: Froakie|[spread] p2a,p2b\n|-supereffective|p2a: Froakie\n|-damage|p2a: Froakie|5\/100\n|-damage|p2b: Pichu|0 fnt\n|faint|p2b: Pichu\n|-damage|p1b: Torchic|91\/100|[from] item: Life Orb\n|move|p1a: Mudkip|Rock Slide|p2a: Froakie\n|-damage|p2a: Froakie|0 fnt\n|faint|p2a: Froakie\n|\n|-ability|p1b: Torchic|Speed Boost|boost\n|-boost|p1b: Torchic|spe|1\n|upkeep\n|\n|t:|1697768689\n|switch|p2a: Grookey|Grookey, F|100\/100\n|switch|p2b: Riolu|Riolu, M|100\/100\n|-fieldstart|move: Grassy Terrain|[from] ability: Grassy Surge|[of] p2a: Grookey\n|turn|4\n|\n|t:|1697768715\n|move|p1a: Mudkip|Protect|p1a: Mudkip\n|-singleturn|p1a: Mudkip|Protect\n|move|p2a: Grookey|Fake Out|p1b: Torchic\n|-damage|p1b: Torchic|62\/100\n|-damage|p2a: Grookey|91\/100|[from] item: Life Orb\n|cant|p1b: Torchic|flinch\n|move|p2b: Riolu|Drain Punch|p1a: Mudkip\n|-activate|p1a: Mudkip|move: Protect\n|\n|-heal|p1b: Torchic|68\/100|[from] Grassy Terrain\n|-heal|p2a: Grookey|97\/100|[from] Grassy Terrain\n|-heal|p1a: Mudkip|21\/100|[from] Grassy Terrain\n|-ability|p1b: Torchic|Speed Boost|boost\n|-boost|p1b: Torchic|spe|1\n|upkeep\n|turn|5\n|\n|t:|1697768755\n|move|p2a: Grookey|Grassy Glide|p1b: Torchic\n|-resisted|p1b: Torchic\n|-damage|p1b: Torchic|31\/100\n|-damage|p2a: Grookey|87\/100|[from] item: Life Orb\n|move|p2b: Riolu|Howl|p2b: Riolu|[spread] p2a,p2b\n|-boost|p2a: Grookey|atk|1\n|-boost|p2b: Riolu|atk|1\n|move|p1b: Torchic|Heat Wave|p2a: Grookey|[spread] p2a,p2b\n|-supereffective|p2a: Grookey\n|-damage|p2a: Grookey|0 fnt\n|-damage|p2b: Riolu|38\/100\n|-status|p2b: Riolu|brn\n|faint|p2a: Grookey\n|-damage|p1b: Torchic|21\/100|[from] item: Life Orb\n|move|p1a: Mudkip|Rock Slide|p2b: Riolu\n|-resisted|p2b: Riolu\n|-damage|p2b: Riolu|18\/100 brn\n|\n|-heal|p1b: Torchic|27\/100|[from] Grassy Terrain\n|-heal|p2b: Riolu|24\/100 brn|[from] Grassy Terrain\n|-heal|p1a: Mudkip|27\/100|[from] Grassy Terrain\n|-damage|p2b: Riolu|18\/100 brn|[from] brn\n|-ability|p1b: Torchic|Speed Boost|boost\n|-boost|p1b: Torchic|spe|1\n|upkeep\n|\n|t:|1697768778\n|switch|p2a: Rowlet|Rowlet, F|100\/100\n|turn|6\n|\n|t:|1697768794\n|move|p2b: Riolu|Bullet Punch|p1b: Torchic\n|-resisted|p1b: Torchic\n|-damage|p1b: Torchic|19\/100\n|move|p1b: Torchic|Heat Wave|p2a: Rowlet|[spread] p2a,p2b\n|-supereffective|p2a: Rowlet\n|-damage|p2a: Rowlet|12\/100\n|-damage|p2b: Riolu|0 fnt\n|faint|p2b: Riolu\n|-damage|p1b: Torchic|9\/100|[from] item: Life Orb\n|move|p2a: Rowlet|Grassy Glide|p1b: Torchic\n|-resisted|p1b: Torchic\n|-crit|p1b: Torchic\n|-damage|p1b: Torchic|0 fnt\n|faint|p1b: Torchic\n|move|p1a: Mudkip|Toxic|p2a: Rowlet\n|-status|p2a: Rowlet|tox\n|\n|-heal|p1a: Mudkip|33\/100|[from] Grassy Terrain\n|-damage|p2a: Rowlet|6\/100 tox|[from] psn\n|upkeep\n|\n|t:|1697768817\n|switch|p2b: Litten|Litten, M|100\/100\n|switch|p1b: Riolu|Riolu, F|100\/100\n|-ability|p2b: Litten|Intimidate|boost\n|-unboost|p1a: Mudkip|atk|1\n|-fail|p1b: Riolu|unboost|Attack|[from] ability: Inner Focus|[of] p1b: Riolu\n|-item|p2b: Litten|Air Balloon\n|turn|7\n|\n|t:|1697768839\n|move|p1a: Mudkip|Protect|p1a: Mudkip\n|-singleturn|p1a: Mudkip|Protect\n|move|p1b: Riolu|Bullet Punch|p2a: Rowlet\n|-damage|p2a: Rowlet|0 fnt\n|faint|p2a: Rowlet\n|-damage|p1b: Riolu|91\/100|[from] item: Life Orb\n|move|p2b: Litten|Flamethrower|p1b: Riolu\n|-damage|p1b: Riolu|23\/100\n|\n|-heal|p1b: Riolu|29\/100|[from] Grassy Terrain\n|-heal|p1a: Mudkip|39\/100|[from] Grassy Terrain\n|upkeep\n|turn|8\n|\n|t:|1697768859\n|move|p1b: Riolu|Bullet Punch|p2b: Litten\n|-resisted|p2b: Litten\n|-damage|p2b: Litten|84\/100\n|-enditem|p2b: Litten|Air Balloon\n|-damage|p1b: Riolu|19\/100|[from] item: Life Orb\n|move|p2b: Litten|Will-O-Wisp|p1a: Mudkip\n|-status|p1a: Mudkip|brn\n|move|p1a: Mudkip|Waterfall|p2b: Litten\n|-supereffective|p2b: Litten\n|-damage|p2b: Litten|28\/100\n|\n|-heal|p2b: Litten|34\/100|[from] Grassy Terrain\n|-heal|p1b: Riolu|25\/100|[from] Grassy Terrain\n|-heal|p1a: Mudkip|45\/100 brn|[from] Grassy Terrain\n|-damage|p1a: Mudkip|39\/100 brn|[from] brn\n|-fieldend|move: Grassy Terrain\n|upkeep\n|turn|9\n|\n|t:|1697768884\n|move|p2b: Litten|Hidden Power|p1a: Mudkip\n|-supereffective|p1a: Mudkip\n|-damage|p1a: Mudkip|0 fnt\n|faint|p1a: Mudkip\n|move|p1b: Riolu|Ice Punch|p2b: Litten\n|-resisted|p2b: Litten\n|-damage|p2b: Litten|5\/100\n|-damage|p1b: Riolu|16\/100|[from] item: Life Orb\n|\n|upkeep\n|\n|t:|1697768892\n|switch|p1a: Litten|Litten, F|100\/100\n|-ability|p1a: Litten|Intimidate|boost\n|-unboost|p2b: Litten|atk|1\n|turn|10\n|\n|t:|1697768901\n|move|p1b: Riolu|Bullet Punch|p2b: Litten\n|-resisted|p2b: Litten\n|-damage|p2b: Litten|0 fnt\n|faint|p2b: Litten\n|-damage|p1b: Riolu|6\/100|[from] item: Life Orb\n|\n|win|trnchi\n|l|\u2606MAF1001\n","uploadtime":1697768907,"views":9,"p1id":"trnchi","p2id":"maf1001","formatid":"gen9nationaldexdoubles","rating":0,"private":0,"password":""}