{"id":"gen9nationaldexdoubles-1971819479","p1":"Bryantdang3r","p2":"dryinnnnnn","format":"[Gen 9] National Dex Doubles","log":"|j|\u2606Bryantdang3r\n|j|\u2606dryinnnnnn\n|t:|1697776442\n|gametype|doubles\n|player|p1|Bryantdang3r|riley|1173\n|player|p2|dryinnnnnn|steven-masters2|1363\n|teamsize|p1|6\n|teamsize|p2|6\n|gen|9\n|tier|[Gen 9] National Dex Doubles\n|rated|\n|rule|HP Percentage Mod: HP is shown in percentages\n|rule|Endless Battle Clause: Forcing endless battles is banned\n|rule|OHKO Clause: OHKO moves are banned\n|rule|Evasion Moves Clause: Evasion moves are banned\n|rule|Evasion Abilities Clause: Evasion abilities are banned\n|rule|Species Clause: Limit one of each Pok\u00e9mon\n|rule|Gravity Sleep Clause: The combination of sleep-inducing moves with imperfect accuracy and Gravity or Gigantamax Orbeetle are banned\n|clearpoke\n|poke|p1|Rillaboom, M|\n|poke|p1|Toxicroak, M|\n|poke|p1|Slaking, F|\n|poke|p1|Tangrowth, F|\n|poke|p1|Quagsire, F|\n|poke|p1|Weezing, F|\n|poke|p2|Blaziken, M|\n|poke|p2|Mew|\n|poke|p2|Chien-Pao|\n|poke|p2|Rillaboom, M|\n|poke|p2|Urshifu-*, F|\n|poke|p2|Flutter Mane|\n|teampreview\n|inactive|Battle timer is ON: inactive players will automatically lose when time's up. (requested by dryinnnnnn)\n|inactive|dryinnnnnn has 120 seconds left.\n|inactive|dryinnnnnn has 90 seconds left.\n|\n|t:|1697776503\n|start\n|switch|p1a: Slaking|Slaking, F|100\/100\n|switch|p1b: Weezing|Weezing, F|100\/100\n|switch|p2a: Mew|Mew|100\/100\n|switch|p2b: Rillaboom|Rillaboom, M|100\/100\n|-ability|p1b: Weezing|Neutralizing Gas\n|turn|1\n|\n|t:|1697776520\n|move|p2b: Rillaboom|Fake Out|p1a: Slaking\n|-damage|p1a: Slaking|93\/100\n|cant|p1a: Slaking|flinch\n|move|p2a: Mew|Toxic|p1a: Slaking\n|-status|p1a: Slaking|tox\n|move|p1b: Weezing|Will-O-Wisp|p2b: Rillaboom\n|-status|p2b: Rillaboom|brn\n|\n|-damage|p1a: Slaking|87\/100 tox|[from] psn\n|-damage|p2b: Rillaboom|94\/100 brn|[from] brn\n|upkeep\n|turn|2\n|\n|t:|1697776546\n|switch|p2b: Flutter Mane|Flutter Mane|100\/100\n|-enditem|p2b: Flutter Mane|Booster Energy\n|-activate|p2b: Flutter Mane|ability: Protosynthesis|[fromitem]\n|-start|p2b: Flutter Mane|protosynthesisspe\n|move|p1b: Weezing|Protect|p1b: Weezing\n|-singleturn|p1b: Weezing|Protect\n|move|p2a: Mew|Taunt|p1b: Weezing\n|-activate|p1b: Weezing|move: Protect\n|move|p1a: Slaking|Giga Impact|p2a: Mew\n|-damage|p2a: Mew|12\/100\n|-mustrecharge|p1a: Slaking\n|-damage|p1a: Slaking|77\/100 tox|[from] item: Life Orb\n|\n|-heal|p2a: Mew|18\/100|[from] item: Leftovers\n|-damage|p1a: Slaking|65\/100 tox|[from] psn\n|upkeep\n|turn|3\n|\n|t:|1697776570\n|move|p2b: Flutter Mane|Moonblast|p1a: Slaking\n|-damage|p1a: Slaking|26\/100 tox\n|move|p2a: Mew|Taunt|p1b: Weezing\n|-start|p1b: Weezing|move: Taunt\n|cant|p1a: Slaking|recharge\n|move|p1b: Weezing|Sludge Bomb|p2a: Mew\n|-damage|p2a: Mew|0 fnt\n|faint|p2a: Mew\n|\n|-damage|p1a: Slaking|7\/100 tox|[from] psn\n|upkeep\n|inactive|dryinnnnnn has 120 seconds left.\n|\n|t:|1697776594\n|switch|p2a: Blaziken|Blaziken, M|100\/100\n|turn|4\n|\n|t:|1697776601\n|detailschange|p2a: Blaziken|Blaziken-Mega, M\n|-mega|p2a: Blaziken|Blaziken|Blazikenite\n|move|p2a: Blaziken|Protect|p2a: Blaziken\n|-singleturn|p2a: Blaziken|Protect\n|move|p1a: Slaking|Sucker Punch|p2b: Flutter Mane\n|-damage|p2b: Flutter Mane|41\/100\n|-damage|p1a: Slaking|0 fnt|[from] item: Life Orb\n|faint|p1a: Slaking\n|move|p2b: Flutter Mane|Dazzling Gleam|p1b: Weezing\n|-resisted|p1b: Weezing\n|-damage|p1b: Weezing|76\/100\n|move|p1b: Weezing|Sludge Bomb|p2b: Flutter Mane\n|-damage|p2b: Flutter Mane|11\/100\n|-status|p2b: Flutter Mane|psn\n|\n|-heal|p1b: Weezing|82\/100|[from] item: Black Sludge\n|-damage|p2b: Flutter Mane|0 fnt|[from] psn\n|faint|p2b: Flutter Mane\n|-end|p2b: Flutter Mane|Protosynthesis|[silent]\n|upkeep\n|\n|t:|1697776627\n|switch|p2b: Urshifu|Urshifu-Rapid-Strike, F|100\/100\n|switch|p1a: Quagsire|Quagsire, F|100\/100\n|turn|5\n|\n|t:|1697776657\n|-end|p1b: Weezing|ability: Neutralizing Gas\n|switch|p1b: Rillaboom|Rillaboom, M|100\/100\n|-fieldstart|move: Grassy Terrain|[from] ability: Grassy Surge|[of] p1b: Rillaboom\n|-enditem|p1b: Rillaboom|Grassy Seed\n|-boost|p1b: Rillaboom|def|1|[from] item: Grassy Seed\n|-terastallize|p2b: Urshifu|Water\n|move|p2b: Urshifu|Surging Strikes|p1a: Quagsire\n|-crit|p1a: Quagsire\n|-damage|p1a: Quagsire|75\/100\n|-crit|p1a: Quagsire\n|-damage|p1a: Quagsire|49\/100\n|-crit|p1a: Quagsire\n|-damage|p1a: Quagsire|21\/100\n|-hitcount|p1a: Quagsire|3\n|move|p2a: Blaziken|Flare Blitz|p1b: Rillaboom\n|-supereffective|p1b: Rillaboom\n|-damage|p1b: Rillaboom|2\/100\n|-damage|p2a: Blaziken|57\/100|[from] Recoil\n|move|p1a: Quagsire|Scald|p2a: Blaziken\n|-supereffective|p2a: Blaziken\n|-damage|p2a: Blaziken|9\/100\n|\n|-heal|p2a: Blaziken|15\/100|[from] Grassy Terrain\n|-heal|p1b: Rillaboom|9\/100|[from] Grassy Terrain\n|-heal|p1a: Quagsire|27\/100|[from] Grassy Terrain\n|-ability|p2a: Blaziken|Speed Boost|boost\n|-boost|p2a: Blaziken|spe|1\n|upkeep\n|turn|6\n|inactive|Bryantdang3r has 120 seconds left.\n|inactive|dryinnnnnn has 120 seconds left.\n|\n|t:|1697776692\n|move|p1b: Rillaboom|Fake Out|p2b: Urshifu\n|-damage|p2b: Urshifu|84\/100\n|move|p2a: Blaziken|Flare Blitz|p1b: Rillaboom\n|-supereffective|p1b: Rillaboom\n|-damage|p1b: Rillaboom|0 fnt\n|faint|p1b: Rillaboom\n|-damage|p2a: Blaziken|12\/100|[from] Recoil\n|cant|p2b: Urshifu|flinch\n|move|p1a: Quagsire|Earthquake|p2b: Urshifu|[spread] p2a,p2b\n|-supereffective|p2a: Blaziken\n|-damage|p2a: Blaziken|0 fnt\n|-damage|p2b: Urshifu|70\/100\n|faint|p2a: Blaziken\n|\n|-heal|p2b: Urshifu|77\/100|[from] Grassy Terrain\n|-heal|p1a: Quagsire|33\/100|[from] Grassy Terrain\n|upkeep\n|\n|t:|1697776712\n|switch|p2a: Chien-Pao|Chien-Pao|100\/100\n|switch|p1b: Weezing|Weezing, F|82\/100\n|-ability|p1b: Weezing|Neutralizing Gas\n|turn|7\n|\n|t:|1697776727\n|-terastallize|p1a: Quagsire|Grass\n|move|p1b: Weezing|Protect|p1b: Weezing\n|-singleturn|p1b: Weezing|Protect\n|move|p2b: Urshifu|Surging Strikes|p1b: Weezing\n|-activate|p1b: Weezing|move: Protect\n|move|p2a: Chien-Pao|Icicle Crash|p1a: Quagsire\n|-supereffective|p1a: Quagsire\n|-damage|p1a: Quagsire|0 fnt\n|faint|p1a: Quagsire\n|\n|-heal|p2b: Urshifu|83\/100|[from] Grassy Terrain\n|-heal|p1b: Weezing|88\/100|[from] Grassy Terrain\n|-heal|p1b: Weezing|94\/100|[from] item: Black Sludge\n|upkeep\n|inactive|Bryantdang3r has 120 seconds left.\n|\n|t:|1697776748\n|switch|p1a: Toxicroak|Toxicroak, M|100\/100\n|turn|8\n|\n|t:|1697776757\n|move|p2b: Urshifu|Surging Strikes|p1b: Weezing\n|-crit|p1b: Weezing\n|-damage|p1b: Weezing|70\/100\n|-crit|p1b: Weezing\n|-damage|p1b: Weezing|45\/100\n|-crit|p1b: Weezing\n|-damage|p1b: Weezing|18\/100\n|-hitcount|p1b: Weezing|3\n|move|p2a: Chien-Pao|Icicle Crash|p1b: Weezing\n|-damage|p1b: Weezing|0 fnt\n|faint|p1b: Weezing\n|-end|p1b: Weezing|ability: Neutralizing Gas\n|-ability|p2a: Chien-Pao|Sword of Ruin\n|move|p1a: Toxicroak|Drain Punch|p2a: Chien-Pao\n|-supereffective|p2a: Chien-Pao\n|-enditem|p2a: Chien-Pao|Focus Sash\n|-damage|p2a: Chien-Pao|1\/100\n|\n|-heal|p2b: Urshifu|89\/100|[from] Grassy Terrain\n|-heal|p2a: Chien-Pao|7\/100|[from] Grassy Terrain\n|upkeep\n|\n|t:|1697776777\n|switch|p1b: Tangrowth|Tangrowth, F|100\/100\n|turn|9\n|\n|t:|1697776784\n|move|p2a: Chien-Pao|Protect|p2a: Chien-Pao\n|-singleturn|p2a: Chien-Pao|Protect\n|move|p1a: Toxicroak|Sucker Punch||[still]\n|-fail|p1a: Toxicroak\n|move|p2b: Urshifu|Surging Strikes|p1a: Toxicroak\n|-immune|p1a: Toxicroak|[from] ability: Dry Skin\n|move|p1b: Tangrowth|Giga Drain|p2b: Urshifu\n|-supereffective|p2b: Urshifu\n|-damage|p2b: Urshifu|0 fnt\n|faint|p2b: Urshifu\n|\n|-heal|p2a: Chien-Pao|13\/100|[from] Grassy Terrain\n|-fieldend|move: Grassy Terrain\n|upkeep\n|\n|t:|1697776796\n|switch|p2b: Rillaboom|Rillaboom, M|94\/100 brn\n|-fieldstart|move: Grassy Terrain|[from] ability: Grassy Surge|[of] p2b: Rillaboom\n|turn|10\n|\n|t:|1697776817\n|move|p1a: Toxicroak|Protect|p1a: Toxicroak\n|-singleturn|p1a: Toxicroak|Protect\n|move|p2b: Rillaboom|Fake Out|p1a: Toxicroak\n|-activate|p1a: Toxicroak|move: Protect\n|move|p2a: Chien-Pao|Icicle Crash|p1b: Tangrowth\n|-supereffective|p1b: Tangrowth\n|-damage|p1b: Tangrowth|38\/100\n|move|p1b: Tangrowth|Sludge Bomb|p2b: Rillaboom\n|-supereffective|p2b: Rillaboom\n|-damage|p2b: Rillaboom|58\/100 brn\n|\n|-heal|p2a: Chien-Pao|19\/100|[from] Grassy Terrain\n|-heal|p2b: Rillaboom|64\/100 brn|[from] Grassy Terrain\n|-heal|p1b: Tangrowth|44\/100|[from] Grassy Terrain\n|-damage|p2b: Rillaboom|58\/100 brn|[from] brn\n|upkeep\n|turn|11\n|\n|t:|1697776838\n|move|p2a: Chien-Pao|Sucker Punch|p1b: Tangrowth\n|-damage|p1b: Tangrowth|21\/100\n|-damage|p2a: Chien-Pao|2\/100|[from] item: Rocky Helmet|[of] p1b: Tangrowth\n|move|p1a: Toxicroak|Sucker Punch||[still]\n|-fail|p1a: Toxicroak\n|move|p2b: Rillaboom|High Horsepower|p1a: Toxicroak\n|-supereffective|p1a: Toxicroak\n|-damage|p1a: Toxicroak|42\/100\n|move|p1b: Tangrowth|Sludge Bomb|p2b: Rillaboom\n|-supereffective|p2b: Rillaboom\n|-damage|p2b: Rillaboom|26\/100 brn\n|\n|-heal|p2a: Chien-Pao|8\/100|[from] Grassy Terrain\n|-heal|p1a: Toxicroak|48\/100|[from] Grassy Terrain\n|-heal|p2b: Rillaboom|32\/100 brn|[from] Grassy Terrain\n|-heal|p1b: Tangrowth|27\/100|[from] Grassy Terrain\n|-damage|p2b: Rillaboom|26\/100 brn|[from] brn\n|upkeep\n|turn|12\n|\n|t:|1697776864\n|move|p2a: Chien-Pao|Sucker Punch|p1b: Tangrowth\n|-damage|p1b: Tangrowth|2\/100\n|-damage|p2a: Chien-Pao|0 fnt|[from] item: Rocky Helmet|[of] p1b: Tangrowth\n|faint|p2a: Chien-Pao\n|move|p1a: Toxicroak|Sucker Punch|p2b: Rillaboom\n|-damage|p2b: Rillaboom|3\/100 brn\n|move|p2b: Rillaboom|High Horsepower|p1a: Toxicroak\n|-supereffective|p1a: Toxicroak\n|-damage|p1a: Toxicroak|6\/100\n|move|p1b: Tangrowth|Giga Drain|p2b: Rillaboom\n|-resisted|p2b: Rillaboom\n|-damage|p2b: Rillaboom|0 fnt\n|-heal|p1b: Tangrowth|3\/100|[from] drain|[of] p2b: Rillaboom\n|faint|p2b: Rillaboom\n|\n|win|Bryantdang3r\n|raw|Bryantdang3r's rating: 1173 &rarr; <strong>1210<\/strong><br \/>(+37 for winning)\n|raw|dryinnnnnn's rating: 1363 &rarr; <strong>1333<\/strong><br \/>(-30 for losing)\n|c|\u2606Bryantdang3r|Gg man\n|l|\u2606dryinnnnnn\n","uploadtime":1697776895,"views":12,"p1id":"bryantdang3r","p2id":"dryinnnnnn","formatid":"gen9nationaldexdoubles","rating":1210,"private":0,"password":""}