{"id":"gen9nationaldexdoubles-1999541702","p1":"OPieceOfHeroGhost","p2":"bindz123","format":"[Gen 9] National Dex Doubles","log":"|j|\u2606OPieceOfHeroGhost\n|j|\u2606bindz123\n|t:|1701094282\n|gametype|doubles\n|player|p1|OPieceOfHeroGhost|morty|1250\n|player|p2|bindz123|swimmer-gen4dp|1254\n|teamsize|p1|6\n|teamsize|p2|6\n|gen|9\n|tier|[Gen 9] National Dex Doubles\n|rated|\n|rule|HP Percentage Mod: HP is shown in percentages\n|rule|Endless Battle Clause: Forcing endless battles is banned\n|rule|OHKO Clause: OHKO moves are banned\n|rule|Evasion Moves Clause: Evasion moves are banned\n|rule|Evasion Abilities Clause: Evasion abilities are banned\n|rule|Species Clause: Limit one of each Pok\u00e9mon\n|rule|Gravity Sleep Clause: The combination of sleep-inducing moves with imperfect accuracy and Gravity or Gigantamax Orbeetle are banned\n|clearpoke\n|poke|p1|Incineroar, F|\n|poke|p1|Serperior, F|\n|poke|p1|Gastrodon, F|\n|poke|p1|Flutter Mane|\n|poke|p1|Landorus-Therian, M|\n|poke|p1|Arcanine-Hisui, F|\n|poke|p2|Enamorus, F|\n|poke|p2|Thundurus, M|\n|poke|p2|Flutter Mane|\n|poke|p2|Arcanine, F|\n|poke|p2|Palafin, M|\n|poke|p2|Chien-Pao|\n|teampreview\n|inactive|Battle timer is ON: inactive players will automatically lose when time's up. (requested by bindz123)\n|\n|t:|1701094289\n|start\n|switch|p1a: \u864e\u95e8|Incineroar, F|100\/100\n|switch|p1b: \u2764\ufe0fSerperior4Ever|Serperior, F|100\/100\n|switch|p2a: Enamorus|Enamorus, F, shiny|100\/100\n|switch|p2b: Thundurus|Thundurus, M|100\/100\n|-ability|p1a: \u864e\u95e8|Intimidate|boost\n|-boost|p2a: Enamorus|atk|1\n|-unboost|p2b: Thundurus|atk|1\n|turn|1\n|\n|t:|1701094313\n|-terastallize|p2a: Enamorus|Fairy\n|move|p1a: \u864e\u95e8|Fake Out|p2a: Enamorus\n|-damage|p2a: Enamorus|79\/100\n|move|p2b: Thundurus|Eerie Impulse|p2a: Enamorus\n|-boost|p2a: Enamorus|spa|2\n|move|p1b: \u2764\ufe0fSerperior4Ever|Knock Off|p2a: Enamorus\n|-resisted|p2a: Enamorus\n|-damage|p2a: Enamorus|66\/100\n|-enditem|p2a: Enamorus|Choice Specs|[from] move: Knock Off|[of] p1b: \u2764\ufe0fSerperior4Ever\n|cant|p2a: Enamorus|flinch\n|\n|upkeep\n|turn|2\n|c|\u2606bindz123|Hi\n|c|\u2606bindz123|Retunr\n|inactive|bindz123 has 120 seconds left.\n|\n|t:|1701094347\n|move|p2b: Thundurus|Scary Face|p2a: Enamorus\n|-boost|p2a: Enamorus|spe|2\n|move|p2a: Enamorus|Dazzling Gleam|p1b: \u2764\ufe0fSerperior4Ever|[spread] p1a,p1b\n|-damage|p1a: \u864e\u95e8|34\/100\n|-damage|p1b: \u2764\ufe0fSerperior4Ever|8\/100\n|move|p1b: \u2764\ufe0fSerperior4Ever|Glare|p2a: Enamorus\n|-status|p2a: Enamorus|par\n|move|p1a: \u864e\u95e8|Flare Blitz|p2a: Enamorus\n|-damage|p2a: Enamorus|0 fnt\n|faint|p2a: Enamorus\n|-damage|p1a: \u864e\u95e8|18\/100|[from] Recoil\n|-enditem|p1a: \u864e\u95e8|Figy Berry|[eat]\n|-heal|p1a: \u864e\u95e8|52\/100|[from] item: Figy Berry\n|\n|-heal|p1b: \u2764\ufe0fSerperior4Ever|14\/100|[from] item: Leftovers\n|upkeep\n|inactive|bindz123 has 120 seconds left.\n|\n|t:|1701094359\n|switch|p2a: Chien-Pao|Chien-Pao|100\/100\n|-ability|p2a: Chien-Pao|Sword of Ruin\n|turn|3\n|\n|t:|1701094370\n|switch|p1a: \u6765\u54ac\u6211\u5440\uff0c\u6c6a\u6c6a\u6c6a|Arcanine-Hisui, F|100\/100\n|-ability|p1a: \u6765\u54ac\u6211\u5440\uff0c\u6c6a\u6c6a\u6c6a|Intimidate|boost\n|-unboost|p2a: Chien-Pao|atk|1\n|-unboost|p2b: Thundurus|atk|1\n|move|p1b: \u2764\ufe0fSerperior4Ever|Protect|p1b: \u2764\ufe0fSerperior4Ever\n|-singleturn|p1b: \u2764\ufe0fSerperior4Ever|Protect\n|move|p2a: Chien-Pao|Icicle Crash|p1b: \u2764\ufe0fSerperior4Ever\n|-activate|p1b: \u2764\ufe0fSerperior4Ever|move: Protect\n|move|p2b: Thundurus|Wildbolt Storm|p1b: \u2764\ufe0fSerperior4Ever|[spread] \n|-activate|p1b: \u2764\ufe0fSerperior4Ever|move: Protect\n|-miss|p2b: Thundurus|p1a: \u6765\u54ac\u6211\u5440\uff0c\u6c6a\u6c6a\u6c6a\n|\n|-heal|p1b: \u2764\ufe0fSerperior4Ever|20\/100|[from] item: Leftovers\n|upkeep\n|turn|4\n|\n|t:|1701094391\n|switch|p1b: \u864e\u95e8|Incineroar, F|52\/100\n|-ability|p1b: \u864e\u95e8|Intimidate|boost\n|-unboost|p2a: Chien-Pao|atk|1\n|-unboost|p2b: Thundurus|atk|1\n|move|p2a: Chien-Pao|Icicle Crash|p1b: \u864e\u95e8\n|-resisted|p1b: \u864e\u95e8\n|-crit|p1b: \u864e\u95e8\n|-damage|p1b: \u864e\u95e8|10\/100\n|move|p2b: Thundurus|Wildbolt Storm|p1b: \u864e\u95e8|[spread] p1a,p1b\n|-damage|p1a: \u6765\u54ac\u6211\u5440\uff0c\u6c6a\u6c6a\u6c6a|51\/100\n|-damage|p1b: \u864e\u95e8|0 fnt\n|faint|p1b: \u864e\u95e8\n|move|p1a: \u6765\u54ac\u6211\u5440\uff0c\u6c6a\u6c6a\u6c6a|Rock Slide|p2a: Chien-Pao|[spread] p2b\n|-miss|p1a: \u6765\u54ac\u6211\u5440\uff0c\u6c6a\u6c6a\u6c6a|p2a: Chien-Pao\n|-supereffective|p2b: Thundurus\n|-damage|p2b: Thundurus|0 fnt\n|faint|p2b: Thundurus\n|\n|upkeep\n|\n|t:|1701094411\n|switch|p2b: Arcanine|Arcanine, F|100\/100\n|switch|p1b: \u53d1\u59d0\u7ed9\u4f60\u5ff5\u4e00\u5ff5|Flutter Mane|100\/100\n|-ability|p2b: Arcanine|Intimidate|boost\n|-unboost|p1a: \u6765\u54ac\u6211\u5440\uff0c\u6c6a\u6c6a\u6c6a|atk|1\n|-unboost|p1b: \u53d1\u59d0\u7ed9\u4f60\u5ff5\u4e00\u5ff5|atk|1\n|turn|5\n|\n|t:|1701094427\n|switch|p2a: Palafin|Palafin, M|100\/100\n|switch|p1a: \u50bb\u4e86\u5427\uff0c\u52a8\u4e0d\u4e86\u4e86\u5427|Landorus-Therian, M|100\/100\n|-ability|p1a: \u50bb\u4e86\u5427\uff0c\u52a8\u4e0d\u4e86\u4e86\u5427|Intimidate|boost\n|-unboost|p2a: Palafin|atk|1\n|-unboost|p2b: Arcanine|atk|1\n|move|p1b: \u53d1\u59d0\u7ed9\u4f60\u5ff5\u4e00\u5ff5|Dazzling Gleam|p2b: Arcanine|[spread] p2a,p2b\n|-crit|p2a: Palafin\n|-resisted|p2b: Arcanine\n|-damage|p2a: Palafin|2\/100\n|-damage|p2b: Arcanine|73\/100\n|move|p2b: Arcanine|Flare Blitz|p1b: \u53d1\u59d0\u7ed9\u4f60\u5ff5\u4e00\u5ff5\n|-damage|p1b: \u53d1\u59d0\u7ed9\u4f60\u5ff5\u4e00\u5ff5|37\/100\n|-damage|p2b: Arcanine|52\/100|[from] Recoil\n|\n|upkeep\n|turn|6\n|\n|t:|1701094455\n|detailschange|p2a: Palafin|Palafin-Hero, M\n|switch|p2a: Chien-Pao|Chien-Pao|100\/100\n|-ability|p2a: Chien-Pao|Sword of Ruin\n|move|p2b: Arcanine|Extreme Speed|p1a: \u50bb\u4e86\u5427\uff0c\u52a8\u4e0d\u4e86\u4e86\u5427\n|-damage|p1a: \u50bb\u4e86\u5427\uff0c\u52a8\u4e0d\u4e86\u4e86\u5427|79\/100\n|move|p1b: \u53d1\u59d0\u7ed9\u4f60\u5ff5\u4e00\u5ff5|Dazzling Gleam|p2a: Chien-Pao|[spread] p2a,p2b\n|-supereffective|p2a: Chien-Pao\n|-resisted|p2b: Arcanine\n|-damage|p2a: Chien-Pao|0 fnt\n|-damage|p2b: Arcanine|23\/100\n|-enditem|p2b: Arcanine|Sitrus Berry|[eat]\n|-heal|p2b: Arcanine|48\/100|[from] item: Sitrus Berry\n|faint|p2a: Chien-Pao\n|move|p1a: \u50bb\u4e86\u5427\uff0c\u52a8\u4e0d\u4e86\u4e86\u5427|Stomping Tantrum|p2b: Arcanine\n|-supereffective|p2b: Arcanine\n|-damage|p2b: Arcanine|0 fnt\n|faint|p2b: Arcanine\n|\n|upkeep\n|\n|t:|1701094462\n|switch|p2a: Flutter Mane|Flutter Mane|100\/100\n|switch|p2b: Palafin|Palafin-Hero, M|2\/100\n|-activate|p2b: Palafin|ability: Zero to Hero\n|-enditem|p2a: Flutter Mane|Booster Energy\n|-activate|p2a: Flutter Mane|ability: Protosynthesis|[fromitem]\n|-start|p2a: Flutter Mane|protosynthesisspa\n|turn|7\n|\n|t:|1701094476\n|-terastallize|p1a: \u50bb\u4e86\u5427\uff0c\u52a8\u4e0d\u4e86\u4e86\u5427|Flying\n|move|p2b: Palafin|Jet Punch|p1b: \u53d1\u59d0\u7ed9\u4f60\u5ff5\u4e00\u5ff5\n|-damage|p1b: \u53d1\u59d0\u7ed9\u4f60\u5ff5\u4e00\u5ff5|0 fnt\n|faint|p1b: \u53d1\u59d0\u7ed9\u4f60\u5ff5\u4e00\u5ff5\n|-end|p1b: \u53d1\u59d0\u7ed9\u4f60\u5ff5\u4e00\u5ff5|Protosynthesis|[silent]\n|move|p2a: Flutter Mane|Dazzling Gleam|p1a: \u50bb\u4e86\u5427\uff0c\u52a8\u4e0d\u4e86\u4e86\u5427\n|-damage|p1a: \u50bb\u4e86\u5427\uff0c\u52a8\u4e0d\u4e86\u4e86\u5427|39\/100\n|move|p1a: \u50bb\u4e86\u5427\uff0c\u52a8\u4e0d\u4e86\u4e86\u5427|Tera Blast|p2a: Flutter Mane|[anim] Tera Blast Flying\n|-damage|p2a: Flutter Mane|0 fnt\n|faint|p2a: Flutter Mane\n|-end|p2a: Flutter Mane|Protosynthesis|[silent]\n|\n|upkeep\n|\n|t:|1701094488\n|switch|p1b: \u6765\u54ac\u6211\u5440\uff0c\u6c6a\u6c6a\u6c6a|Arcanine-Hisui, F|51\/100\n|-ability|p1b: \u6765\u54ac\u6211\u5440\uff0c\u6c6a\u6c6a\u6c6a|Intimidate|boost\n|-unboost|p2b: Palafin|atk|1\n|turn|8\n|-message|bindz123 forfeited.\n|\n|win|OPieceOfHeroGhost\n|raw|OPieceOfHeroGhost's rating: 1250 &rarr; <strong>1275<\/strong><br \/>(+25 for winning)\n|raw|bindz123's rating: 1254 &rarr; <strong>1229<\/strong><br \/>(-25 for losing)\n|l|\u2606bindz123\n","uploadtime":1701094499,"views":1,"p1id":"opieceofheroghost","p2id":"bindz123","formatid":"gen9nationaldexdoubles","rating":1229,"private":0,"password":""}