{"id":"gen9nationaldexdoubles-1992820837","p1":"kpoc12","p2":"AutumnCookie","format":"[Gen 9] National Dex Doubles","log":"|j|\u2606kpoc12\n|j|\u2606AutumnCookie\n|t:|1700238333\n|gametype|doubles\n|player|p1|kpoc12|juliana-s|\n|player|p2|AutumnCookie|penny|\n|teamsize|p1|6\n|teamsize|p2|6\n|gen|9\n|tier|[Gen 9] National Dex Doubles\n|rule|HP Percentage Mod: HP is shown in percentages\n|rule|Endless Battle Clause: Forcing endless battles is banned\n|rule|OHKO Clause: OHKO moves are banned\n|rule|Evasion Moves Clause: Evasion moves are banned\n|rule|Evasion Abilities Clause: Evasion abilities are banned\n|rule|Species Clause: Limit one of each Pok\u00e9mon\n|rule|Gravity Sleep Clause: The combination of sleep-inducing moves with imperfect accuracy and Gravity or Gigantamax Orbeetle are banned\n|clearpoke\n|poke|p1|Skeledirge, F|\n|poke|p1|Tinkaton, F|\n|poke|p1|Kilowattrel, M|\n|poke|p1|Houndstone, M|\n|poke|p1|Baxcalibur, M|\n|poke|p1|Gallade, M|\n|poke|p2|Jolteon, F|\n|poke|p2|Vaporeon, M|\n|poke|p2|Flareon, M|\n|poke|p2|Leafeon, M|\n|poke|p2|Umbreon, M|\n|poke|p2|Sylveon, F|\n|teampreview\n|c|\u2606AutumnCookie|The nicknames I forgot I did this .\n|\n|t:|1700238358\n|start\n|switch|p1a: Kilowattrel|Kilowattrel, M|100\/100\n|switch|p1b: Tinkaton|Tinkaton, F|100\/100\n|switch|p2a: KAITO|Vaporeon, M|100\/100\n|switch|p2b: You|Jolteon, F|100\/100\n|-ability|p1b: Tinkaton|Mold Breaker\n|turn|1\n|c|\u2606AutumnCookie|This is so horrible \/pos\n|\n|t:|1700238387\n|move|p2b: You|Calm Mind|p2b: You\n|-boost|p2b: You|spa|1\n|-boost|p2b: You|spd|1\n|move|p1a: Kilowattrel|Thunderbolt|p2a: KAITO\n|-supereffective|p2a: KAITO\n|-damage|p2a: KAITO|38\/100\n|move|p1b: Tinkaton|Stealth Rock|p2b: You\n|-sidestart|p2: AutumnCookie|move: Stealth Rock\n|move|p2a: KAITO|Rain Dance|p2a: KAITO\n|-weather|RainDance\n|\n|-weather|RainDance|[upkeep]\n|-status|p2b: You|brn|[from] item: Flame Orb\n|upkeep\n|turn|2\n|j| steelowtf\n|\n|t:|1700238449\n|switch|p2a: Dainsleif|Umbreon, M|100\/100\n|-damage|p2a: Dainsleif|88\/100|[from] Stealth Rock\n|move|p2b: You|Thunder|p1b: Tinkaton\n|-damage|p1b: Tinkaton|33\/100\n|move|p1a: Kilowattrel|Hurricane|p2b: You\n|-resisted|p2b: You\n|-damage|p2b: You|77\/100 brn\n|move|p1b: Tinkaton|Gigaton Hammer|p2b: You\n|-resisted|p2b: You\n|-damage|p2b: You|37\/100 brn\n|\n|-weather|RainDance|[upkeep]\n|-heal|p1b: Tinkaton|39\/100|[from] item: Leftovers\n|-heal|p2a: Dainsleif|94\/100|[from] item: Leftovers\n|-damage|p2b: You|31\/100 brn|[from] brn\n|upkeep\n|turn|3\n|\n|t:|1700238492\n|move|p2a: Dainsleif|Sucker Punch|p1a: Kilowattrel\n|-damage|p1a: Kilowattrel|72\/100\n|move|p2b: You|Thunder|p1b: Tinkaton\n|-damage|p1b: Tinkaton|0 fnt\n|faint|p1b: Tinkaton\n|move|p1a: Kilowattrel|Hurricane|p2a: Dainsleif\n|-damage|p2a: Dainsleif|70\/100\n|-start|p2a: Dainsleif|confusion\n|\n|-weather|RainDance|[upkeep]\n|-heal|p2a: Dainsleif|76\/100|[from] item: Leftovers\n|-damage|p2b: You|26\/100 brn|[from] brn\n|upkeep\n|c|\u2606kpoc12|THE CONFUSION\n|\n|t:|1700238512\n|switch|p1b: Gallade|Gallade, M, shiny|100\/100\n|turn|4\n|\n|t:|1700238548\n|-activate|p2a: Dainsleif|confusion\n|move|p2a: Dainsleif|Sucker Punch||[still]\n|-fail|p2a: Dainsleif\n|move|p2b: You|Signal Beam|p1a: Kilowattrel\n|-resisted|p1a: Kilowattrel\n|-damage|p1a: Kilowattrel|38\/100\n|move|p1a: Kilowattrel|Hurricane|p2a: Dainsleif\n|-damage|p2a: Dainsleif|51\/100\n|move|p1b: Gallade|Swords Dance|p1b: Gallade\n|-boost|p1b: Gallade|atk|2\n|\n|-weather|RainDance|[upkeep]\n|-heal|p2a: Dainsleif|57\/100|[from] item: Leftovers\n|-damage|p2b: You|20\/100 brn|[from] brn\n|upkeep\n|turn|5\n|\n|t:|1700238576\n|-end|p2a: Dainsleif|confusion\n|move|p2a: Dainsleif|Sucker Punch||[still]\n|-fail|p2a: Dainsleif\n|move|p2b: You|Thunder|p1b: Gallade\n|-damage|p1b: Gallade|21\/100\n|move|p1a: Kilowattrel|Roost|p1a: Kilowattrel\n|-heal|p1a: Kilowattrel|88\/100\n|-singleturn|p1a: Kilowattrel|move: Roost\n|move|p1b: Gallade|Swords Dance|p1b: Gallade\n|-boost|p1b: Gallade|atk|2\n|\n|-weather|RainDance|[upkeep]\n|-heal|p2a: Dainsleif|63\/100|[from] item: Leftovers\n|-damage|p2b: You|14\/100 brn|[from] brn\n|upkeep\n|turn|6\n|c|\u2606AutumnCookie|I need that Gallade DEAD\n|c|\u2606kpoc12|SWORDS DANCE X4 BABY\n|\n|t:|1700238625\n|move|p2b: You|Thunder|p1b: Gallade\n|-damage|p1b: Gallade|0 fnt\n|faint|p1b: Gallade\n|move|p1a: Kilowattrel|Hurricane|p2b: You\n|-resisted|p2b: You\n|-damage|p2b: You|0 fnt\n|faint|p2b: You\n|move|p2a: Dainsleif|Foul Play|p1a: Kilowattrel\n|-damage|p1a: Kilowattrel|57\/100\n|\n|-weather|RainDance|[upkeep]\n|-heal|p2a: Dainsleif|69\/100|[from] item: Leftovers\n|upkeep\n|c|\u2606kpoc12|aww\n|\n|t:|1700238658\n|switch|p2b: Chibiusa|Sylveon, F|100\/100\n|switch|p1b: Skeledirge|Skeledirge, F|100\/100\n|-damage|p2b: Chibiusa|88\/100|[from] Stealth Rock\n|turn|7\n|\n|t:|1700238686\n|move|p2a: Dainsleif|Sucker Punch|p1b: Skeledirge\n|-supereffective|p1b: Skeledirge\n|-damage|p1b: Skeledirge|74\/100\n|move|p1a: Kilowattrel|Hurricane|p2b: Chibiusa\n|-damage|p2b: Chibiusa|52\/100\n|-start|p2b: Chibiusa|confusion\n|move|p1b: Skeledirge|Torch Song|p2a: Dainsleif\n|-damage|p2a: Dainsleif|61\/100\n|-boost|p1b: Skeledirge|spa|1\n|-activate|p2b: Chibiusa|confusion\n|move|p2b: Chibiusa|Calm Mind|p2b: Chibiusa\n|-boost|p2b: Chibiusa|spa|1\n|-boost|p2b: Chibiusa|spd|1\n|\n|-weather|RainDance|[upkeep]\n|-heal|p1b: Skeledirge|80\/100|[from] item: Leftovers\n|-heal|p2a: Dainsleif|68\/100|[from] item: Leftovers\n|upkeep\n|turn|8\n|\n|t:|1700238719\n|move|p1a: Kilowattrel|Thunderbolt|p2b: Chibiusa\n|-damage|p2b: Chibiusa|35\/100\n|move|p1b: Skeledirge|Will-O-Wisp|p2a: Dainsleif\n|-status|p2a: Dainsleif|brn\n|-activate|p2a: Dainsleif|ability: Synchronize\n|-immune|p1b: Skeledirge\n|move|p2a: Dainsleif|Toxic|p1b: Skeledirge\n|-status|p1b: Skeledirge|tox\n|-activate|p2b: Chibiusa|confusion\n|move|p2b: Chibiusa|Wish|p2b: Chibiusa\n|\n|-weather|none\n|-heal|p1b: Skeledirge|86\/100 tox|[from] item: Leftovers\n|-heal|p2a: Dainsleif|74\/100 brn|[from] item: Leftovers\n|-damage|p1b: Skeledirge|80\/100 tox|[from] psn\n|-damage|p2a: Dainsleif|68\/100 brn|[from] brn\n|upkeep\n|turn|9\n|c|\u2606kpoc12|the status guys\n|\n|t:|1700238751\n|-end|p2b: Chibiusa|confusion\n|move|p2b: Chibiusa|Protect|p2b: Chibiusa\n|-singleturn|p2b: Chibiusa|Protect\n|move|p1a: Kilowattrel|Thunderbolt|p2b: Chibiusa\n|-activate|p2b: Chibiusa|move: Protect\n|move|p1b: Skeledirge|Torch Song|p2a: Dainsleif\n|-damage|p2a: Dainsleif|45\/100 brn\n|-boost|p1b: Skeledirge|spa|1\n|move|p2a: Dainsleif|Toxic|p1a: Kilowattrel\n|-status|p1a: Kilowattrel|tox\n|\n|-heal|p2b: Chibiusa|85\/100|[from] move: Wish|[wisher] Chibiusa\n|-heal|p1b: Skeledirge|86\/100 tox|[from] item: Leftovers\n|-heal|p2a: Dainsleif|51\/100 brn|[from] item: Leftovers\n|-damage|p1a: Kilowattrel|51\/100 tox|[from] psn\n|-damage|p1b: Skeledirge|74\/100 tox|[from] psn\n|-damage|p2a: Dainsleif|45\/100 brn|[from] brn\n|upkeep\n|turn|10\n|\n|t:|1700238777\n|move|p1a: Kilowattrel|Roost|p1a: Kilowattrel\n|-heal|p1a: Kilowattrel|100\/100 tox\n|-singleturn|p1a: Kilowattrel|move: Roost\n|move|p1b: Skeledirge|Torch Song|p2a: Dainsleif\n|-damage|p2a: Dainsleif|13\/100 brn\n|-boost|p1b: Skeledirge|spa|1\n|move|p2a: Dainsleif|Moonlight|p2a: Dainsleif\n|-heal|p2a: Dainsleif|63\/100 brn\n|move|p2b: Chibiusa|Hyper Voice|p1b: Skeledirge|[spread] p1a,p1b\n|-resisted|p1b: Skeledirge\n|-damage|p1a: Kilowattrel|0 fnt\n|-damage|p1b: Skeledirge|60\/100 tox\n|faint|p1a: Kilowattrel\n|-enditem|p2b: Chibiusa|Throat Spray\n|-boost|p2b: Chibiusa|spa|1|[from] item: Throat Spray\n|\n|-heal|p1b: Skeledirge|66\/100 tox|[from] item: Leftovers\n|-heal|p2a: Dainsleif|69\/100 brn|[from] item: Leftovers\n|-damage|p1b: Skeledirge|48\/100 tox|[from] psn\n|-damage|p2a: Dainsleif|63\/100 brn|[from] brn\n|upkeep\n|\n|t:|1700238821\n|switch|p1a: Baxcalibur|Baxcalibur, M|100\/100\n|turn|11\n|\n|t:|1700238837\n|move|p1a: Baxcalibur|Icicle Spear|p2b: Chibiusa\n|-crit|p2b: Chibiusa\n|-damage|p2b: Chibiusa|53\/100\n|-damage|p2b: Chibiusa|32\/100\n|-damage|p2b: Chibiusa|13\/100\n|-damage|p2b: Chibiusa|0 fnt\n|faint|p2b: Chibiusa\n|-hitcount|p2: Chibiusa|4\n|move|p1b: Skeledirge|Torch Song|p2a: Dainsleif\n|-damage|p2a: Dainsleif|21\/100 brn\n|-boost|p1b: Skeledirge|spa|1\n|move|p2a: Dainsleif|Foul Play|p1a: Baxcalibur\n|-damage|p1a: Baxcalibur|69\/100\n|\n|-heal|p1b: Skeledirge|54\/100 tox|[from] item: Leftovers\n|-heal|p2a: Dainsleif|27\/100 brn|[from] item: Leftovers\n|-damage|p1b: Skeledirge|29\/100 tox|[from] psn\n|-damage|p2a: Dainsleif|21\/100 brn|[from] brn\n|upkeep\n|\n|t:|1700238878\n|switch|p2b: Kacchan|Flareon, M|100\/100\n|-damage|p2b: Kacchan|76\/100|[from] Stealth Rock\n|turn|12\n|\n|t:|1700238888\n|move|p1a: Baxcalibur|Glaive Rush|p2b: Kacchan\n|-damage|p2b: Kacchan|0 fnt\n|-singlemove|p1a: Baxcalibur|Glaive Rush|[silent]\n|faint|p2b: Kacchan\n|move|p1b: Skeledirge|Slack Off|p1b: Skeledirge\n|-heal|p1b: Skeledirge|79\/100 tox\n|move|p2a: Dainsleif|Moonlight|p2a: Dainsleif\n|-heal|p2a: Dainsleif|71\/100 brn\n|\n|-heal|p1b: Skeledirge|85\/100 tox|[from] item: Leftovers\n|-heal|p2a: Dainsleif|77\/100 brn|[from] item: Leftovers\n|-damage|p1b: Skeledirge|55\/100 tox|[from] psn\n|-damage|p2a: Dainsleif|71\/100 brn|[from] brn\n|upkeep\n|c|\u2606kpoc12|THE TOXIC\n|c|\u2606kpoc12|IS SO BAD\n|c|\u2606kpoc12|HOW IS THIS THING UP AND RUNNING\n|\n|t:|1700238929\n|switch|p2b: KAITO|Vaporeon, M|38\/100\n|-damage|p2b: KAITO|26\/100|[from] Stealth Rock\n|turn|13\n|\n|t:|1700238946\n|move|p2a: Dainsleif|Sucker Punch|p1a: Baxcalibur\n|-damage|p1a: Baxcalibur|53\/100\n|move|p1a: Baxcalibur|Icicle Spear|p2b: KAITO\n|-resisted|p2b: KAITO\n|-damage|p2b: KAITO|21\/100\n|-resisted|p2b: KAITO\n|-damage|p2b: KAITO|15\/100\n|-resisted|p2b: KAITO\n|-damage|p2b: KAITO|9\/100\n|-resisted|p2b: KAITO\n|-damage|p2b: KAITO|4\/100\n|-resisted|p2b: KAITO\n|-damage|p2b: KAITO|0 fnt\n|faint|p2b: KAITO\n|-hitcount|p2: KAITO|5\n|move|p1b: Skeledirge|Slack Off|p1b: Skeledirge\n|-heal|p1b: Skeledirge|100\/100 tox\n|\n|-heal|p2a: Dainsleif|77\/100 brn|[from] item: Leftovers\n|-damage|p1b: Skeledirge|64\/100 tox|[from] psn\n|-damage|p2a: Dainsleif|71\/100 brn|[from] brn\n|upkeep\n|\n|t:|1700238968\n|switch|p2b: Kurama|Leafeon, M|100\/100\n|-damage|p2b: Kurama|88\/100|[from] Stealth Rock\n|turn|14\n|\n|t:|1700238978\n|move|p2b: Kurama|Protect|p2b: Kurama\n|-singleturn|p2b: Kurama|Protect\n|move|p1a: Baxcalibur|Icicle Spear|p2b: Kurama\n|-activate|p2b: Kurama|move: Protect\n|move|p1b: Skeledirge|Torch Song|p2a: Dainsleif\n|-damage|p2a: Dainsleif|26\/100 brn\n|-boost|p1b: Skeledirge|spa|1\n|move|p2a: Dainsleif|Toxic|p1a: Baxcalibur|[miss]\n|-miss|p2a: Dainsleif|p1a: Baxcalibur\n|\n|-heal|p1b: Skeledirge|70\/100 tox|[from] item: Leftovers\n|-heal|p2a: Dainsleif|32\/100 brn|[from] item: Leftovers\n|-damage|p1b: Skeledirge|28\/100 tox|[from] psn\n|-damage|p2a: Dainsleif|26\/100 brn|[from] brn\n|upkeep\n|turn|15\n|\n|t:|1700239005\n|move|p2b: Kurama|Leaf Blade|p1a: Baxcalibur\n|-resisted|p1a: Baxcalibur\n|-crit|p1a: Baxcalibur\n|-damage|p1a: Baxcalibur|28\/100\n|move|p1a: Baxcalibur|Icicle Spear|p2b: Kurama\n|-supereffective|p2b: Kurama\n|-damage|p2b: Kurama|62\/100\n|-supereffective|p2b: Kurama\n|-damage|p2b: Kurama|35\/100\n|-supereffective|p2b: Kurama\n|-damage|p2b: Kurama|10\/100\n|-enditem|p2b: Kurama|Salac Berry|[eat]\n|-boost|p2b: Kurama|spe|1|[from] item: Salac Berry\n|-supereffective|p2b: Kurama\n|-crit|p2b: Kurama\n|-damage|p2b: Kurama|0 fnt\n|faint|p2b: Kurama\n|-hitcount|p2: Kurama|4\n|move|p1b: Skeledirge|Slack Off|p1b: Skeledirge\n|-heal|p1b: Skeledirge|78\/100 tox\n|move|p2a: Dainsleif|Moonlight|p2a: Dainsleif\n|-heal|p2a: Dainsleif|76\/100 brn\n|\n|-heal|p1b: Skeledirge|84\/100 tox|[from] item: Leftovers\n|-heal|p2a: Dainsleif|82\/100 brn|[from] item: Leftovers\n|-damage|p1b: Skeledirge|35\/100 tox|[from] psn\n|-damage|p2a: Dainsleif|76\/100 brn|[from] brn\n|upkeep\n|turn|16\n|c|\u2606kpoc12|loaded dice should not b allowed\n|c|\u2606AutumnCookie|IT'S NOT KATE THAT'S WHY WE HAD TO DO UBERS\n|c|\u2606kpoc12|KDAHFGGHG\n|\n|t:|1700239062\n|-terastallize|p2a: Dainsleif|Dark\n|move|p2a: Dainsleif|Sucker Punch|p1a: Baxcalibur\n|-damage|p1a: Baxcalibur|16\/100\n|move|p1a: Baxcalibur|Glaive Rush|p2a: Dainsleif\n|-damage|p2a: Dainsleif|11\/100 brn\n|-singlemove|p1a: Baxcalibur|Glaive Rush|[silent]\n|move|p1b: Skeledirge|Torch Song|p2a: Dainsleif\n|-damage|p2a: Dainsleif|0 fnt\n|-boost|p1b: Skeledirge|spa|1\n|faint|p2a: Dainsleif\n|\n|win|kpoc12\n|c|\u2606AutumnCookie|Was hoping the damage boost from Tera would be enough.\n|c|\u2606kpoc12|HOW DID THAT SKELEDIRGE LIVE\n|c|\u2606AutumnCookie|Think I would've been fine if Toxic didn't miss Bax.\n","uploadtime":1700239088,"views":6,"p1id":"kpoc12","p2id":"autumncookie","formatid":"gen9nationaldexdoubles","rating":0,"private":0,"password":""}