{"id":"gen9nationaldexdoubles-1972396675","p1":"LPSvsS","p2":"SteelCity13","format":"[Gen 9] National Dex Doubles","log":"|j|\u2606LPSvsS\n|j|\u2606SteelCity13\n|t:|1697838366\n|gametype|doubles\n|player|p1|LPSvsS|hilda|1146\n|player|p2|SteelCity13|gambler|1052\n|teamsize|p1|6\n|teamsize|p2|6\n|gen|9\n|tier|[Gen 9] National Dex Doubles\n|rated|\n|rule|HP Percentage Mod: HP is shown in percentages\n|rule|Endless Battle Clause: Forcing endless battles is banned\n|rule|OHKO Clause: OHKO moves are banned\n|rule|Evasion Moves Clause: Evasion moves are banned\n|rule|Evasion Abilities Clause: Evasion abilities are banned\n|rule|Species Clause: Limit one of each Pok\u00e9mon\n|rule|Gravity Sleep Clause: The combination of sleep-inducing moves with imperfect accuracy and Gravity or Gigantamax Orbeetle are banned\n|clearpoke\n|poke|p1|Emboar, M|\n|poke|p1|Beartic, M|\n|poke|p1|Krookodile, M|\n|poke|p1|Zoroark, F|\n|poke|p1|Reuniclus, M|\n|poke|p1|Garbodor, M|\n|poke|p2|Sandslash, F|\n|poke|p2|Tyranitar, F|\n|poke|p2|Hippowdon, F|\n|poke|p2|Garchomp, F|\n|poke|p2|Excadrill, F|\n|poke|p2|Dracozolt|\n|teampreview\n|c|\u2606SteelCity13|gasp\n|c|\u2606SteelCity13|Me loves it\n|c|\u2606SteelCity13|that awesome\n|\n|t:|1697838403\n|start\n|switch|p1a: Reuniclus|Reuniclus, M|100\/100\n|switch|p1b: Beartic|Beartic, M|100\/100\n|switch|p2a: Tyranitar|Tyranitar, F, shiny|100\/100\n|switch|p2b: Garchomp|Garchomp, F, shiny|100\/100\n|-weather|Sandstorm|[from] ability: Sand Stream|[of] p2a: Tyranitar\n|turn|1\n|\n|t:|1697838424\n|-terastallize|p2b: Garchomp|Fire\n|move|p1b: Beartic|Protect|p1b: Beartic\n|-singleturn|p1b: Beartic|Protect\n|move|p2b: Garchomp|Fire Fang|p1b: Beartic\n|-activate|p1b: Beartic|move: Protect\n|move|p2a: Tyranitar|Crunch|p1a: Reuniclus\n|-supereffective|p1a: Reuniclus\n|-damage|p1a: Reuniclus|9\/100\n|-enditem|p1a: Reuniclus|Weakness Policy\n|-boost|p1a: Reuniclus|atk|2|[from] item: Weakness Policy\n|-boost|p1a: Reuniclus|spa|2|[from] item: Weakness Policy\n|move|p1a: Reuniclus|Trick Room|p1a: Reuniclus\n|-fieldstart|move: Trick Room|[of] p1a: Reuniclus\n|\n|-weather|Sandstorm|[upkeep]\n|-damage|p1b: Beartic|94\/100|[from] Sandstorm\n|-damage|p2b: Garchomp|94\/100|[from] Sandstorm\n|upkeep\n|turn|2\n|\n|t:|1697838442\n|move|p1b: Beartic|Aqua Jet|p2a: Tyranitar\n|-supereffective|p2a: Tyranitar\n|-damage|p2a: Tyranitar|76\/100\n|move|p1a: Reuniclus|Psychic|p2b: Garchomp\n|-damage|p2b: Garchomp|0 fnt\n|faint|p2b: Garchomp\n|move|p2a: Tyranitar|Crunch|p1a: Reuniclus\n|-supereffective|p1a: Reuniclus\n|-damage|p1a: Reuniclus|0 fnt\n|faint|p1a: Reuniclus\n|\n|-weather|Sandstorm|[upkeep]\n|-damage|p1b: Beartic|88\/100|[from] Sandstorm\n|upkeep\n|\n|t:|1697838454\n|switch|p1a: Krookodile|Krookodile, M|100\/100\n|switch|p2b: Dracozolt|Dracozolt, shiny|100\/100\n|turn|3\n|\n|t:|1697838468\n|switch|p2b: Hippowdon|Hippowdon, F, shiny|100\/100\n|-terastallize|p1a: Krookodile|Ground\n|move|p1b: Beartic|Protect|p1b: Beartic\n|-singleturn|p1b: Beartic|Protect\n|move|p1a: Krookodile|Earthquake|p2a: Tyranitar|[spread] p2a,p2b\n|-activate|p1b: Beartic|move: Protect\n|-supereffective|p2a: Tyranitar\n|-damage|p2a: Tyranitar|0 fnt\n|-damage|p2b: Hippowdon|46\/100\n|faint|p2a: Tyranitar\n|-ability|p1a: Krookodile|Moxie|boost\n|-boost|p1a: Krookodile|atk|1\n|\n|-weather|Sandstorm|[upkeep]\n|-damage|p1b: Beartic|82\/100|[from] Sandstorm\n|-heal|p2b: Hippowdon|52\/100|[from] item: Leftovers\n|upkeep\n|\n|t:|1697838480\n|switch|p2a: Sandslash|Sandslash, F, shiny|100\/100\n|turn|4\n|\n|t:|1697838500\n|move|p2b: Hippowdon|Yawn|p1a: Krookodile\n|-start|p1a: Krookodile|move: Yawn|[of] p2b: Hippowdon\n|-zpower|p1b: Beartic\n|move|p1b: Beartic|Subzero Slammer|p2a: Sandslash|[zeffect]\n|-supereffective|p2a: Sandslash\n|-enditem|p2a: Sandslash|Focus Sash\n|-damage|p2a: Sandslash|1\/100\n|move|p1a: Krookodile|Earthquake|p2b: Hippowdon|[spread] p1b,p2a,p2b\n|-damage|p1b: Beartic|0 fnt\n|-damage|p2a: Sandslash|0 fnt\n|-damage|p2b: Hippowdon|0 fnt\n|faint|p1b: Beartic\n|faint|p2a: Sandslash\n|faint|p2b: Hippowdon\n|-ability|p1a: Krookodile|Moxie|boost\n|-boost|p1a: Krookodile|atk|3\n|\n|-weather|Sandstorm|[upkeep]\n|upkeep\n|\n|t:|1697838522\n|switch|p2b: Dracozolt|Dracozolt, shiny|100\/100\n|switch|p1b: Emboar|Emboar, M|100\/100\n|switch|p2a: Excadrill|Excadrill, F, shiny|100\/100\n|turn|5\n|inactive|Battle timer is ON: inactive players will automatically lose when time's up. (requested by SteelCity13)\n|\n|t:|1697838539\n|move|p1b: Emboar|Flare Blitz|p2a: Excadrill\n|-supereffective|p2a: Excadrill\n|-damage|p2a: Excadrill|0 fnt\n|faint|p2a: Excadrill\n|-damage|p1b: Emboar|68\/100|[from] Recoil\n|move|p1a: Krookodile|Earthquake|p2b: Dracozolt|[spread] p1b,p2b\n|-supereffective|p1b: Emboar\n|-supereffective|p2b: Dracozolt\n|-crit|p2b: Dracozolt\n|-damage|p1b: Emboar|0 fnt\n|-damage|p2b: Dracozolt|0 fnt\n|faint|p1b: Emboar\n|faint|p2b: Dracozolt\n|\n|win|LPSvsS\n|raw|LPSvsS's rating: 1146 &rarr; <strong>1164<\/strong><br \/>(+18 for winning)\n|raw|SteelCity13's rating: 1052 &rarr; <strong>1039<\/strong><br \/>(-13 for losing)\n|c|\u2606LPSvsS|gg\n|l|\u2606SteelCity13\n","uploadtime":1697838555,"views":4,"p1id":"lpsvss","p2id":"steelcity13","formatid":"gen9nationaldexdoubles","rating":1039,"private":0,"password":""}