{"id":"gen9nationaldexdoubles-1995539816","p1":"Aquiley","p2":"Chi3fRoss","format":"[Gen 9] National Dex Doubles","log":"|j|\u2606Aquiley\n|j|\u2606Chi3fRoss\n|t:|1700581118\n|gametype|doubles\n|player|p1|Aquiley|pokemonranger-gen4|1181\n|player|p2|Chi3fRoss|101|1364\n|teamsize|p1|6\n|teamsize|p2|6\n|gen|9\n|tier|[Gen 9] National Dex Doubles\n|rated|\n|rule|HP Percentage Mod: HP is shown in percentages\n|rule|Endless Battle Clause: Forcing endless battles is banned\n|rule|OHKO Clause: OHKO moves are banned\n|rule|Evasion Moves Clause: Evasion moves are banned\n|rule|Evasion Abilities Clause: Evasion abilities are banned\n|rule|Species Clause: Limit one of each Pok\u00e9mon\n|rule|Gravity Sleep Clause: The combination of sleep-inducing moves with imperfect accuracy and Gravity or Gigantamax Orbeetle are banned\n|clearpoke\n|poke|p1|Incineroar, F|\n|poke|p1|Serperior, M|\n|poke|p1|Zygarde|\n|poke|p1|Tyranitar, M|\n|poke|p1|Thundurus-Therian, M|\n|poke|p1|Hatterene, F|\n|poke|p2|Alcremie, F|\n|poke|p2|Dragonite, F|\n|poke|p2|Regieleki|\n|poke|p2|Metagross|\n|poke|p2|Whimsicott, F|\n|poke|p2|Walking Wake|\n|teampreview\n|l|\u2606Chi3fRoss\n|player|p2|\n|j|\u2606Chi3fRoss\n|player|p2|Chi3fRoss|101\n|\n|t:|1700581129\n|start\n|switch|p1a: Serperior|Serperior, M|100\/100\n|switch|p1b: Hatterene|Hatterene, F|100\/100\n|switch|p2a: Alcremie|Alcremie, F|100\/100\n|switch|p2b: Dragonite|Dragonite, F|100\/100\n|turn|1\n|\n|t:|1700581146\n|move|p2b: Dragonite|Protect|p2b: Dragonite\n|-singleturn|p2b: Dragonite|Protect\n|move|p1a: Serperior|Leaf Storm|p2b: Dragonite\n|-activate|p2b: Dragonite|move: Protect\n|move|p2a: Alcremie|Decorate|p2b: Dragonite\n|-boost|p2b: Dragonite|atk|2\n|-boost|p2b: Dragonite|spa|2\n|move|p1b: Hatterene|Nuzzle|p2a: Alcremie\n|-damage|p2a: Alcremie|96\/100\n|-status|p2a: Alcremie|par\n|\n|upkeep\n|turn|2\n|\n|t:|1700581167\n|-terastallize|p2b: Dragonite|Normal\n|cant|p2a: Alcremie|par\n|move|p2b: Dragonite|Extreme Speed|p1b: Hatterene\n|-damage|p1b: Hatterene|1\/100\n|move|p1a: Serperior|Dragon Pulse|p2b: Dragonite\n|-damage|p2b: Dragonite|79\/100\n|move|p1b: Hatterene|Nuzzle|p2b: Dragonite\n|-damage|p2b: Dragonite|74\/100\n|-status|p2b: Dragonite|par\n|\n|-heal|p2b: Dragonite|80\/100 par|[from] item: Leftovers\n|-heal|p1b: Hatterene|7\/100|[from] item: Leftovers\n|upkeep\n|turn|3\n|\n|t:|1700581191\n|switch|p1b: tu papa|Incineroar, F, shiny|100\/100\n|-ability|p1b: tu papa|Intimidate|boost\n|-unboost|p2a: Alcremie|atk|1\n|-fail|p2b: Dragonite|unboost|Attack|[from] ability: Inner Focus|[of] p2b: Dragonite\n|-item|p1b: tu papa|Air Balloon\n|move|p2b: Dragonite|Extreme Speed|p1a: Serperior\n|-crit|p1a: Serperior\n|-damage|p1a: Serperior|0 fnt\n|faint|p1a: Serperior\n|move|p2a: Alcremie|Dazzling Gleam|p1b: tu papa\n|-damage|p1b: tu papa|74\/100\n|-enditem|p1b: tu papa|Air Balloon\n|\n|-heal|p2b: Dragonite|86\/100 par|[from] item: Leftovers\n|upkeep\n|\n|t:|1700581214\n|switch|p1a: el GYMBRO|Tyranitar, M|100\/100\n|-weather|Sandstorm|[from] ability: Sand Stream|[of] p1a: el GYMBRO\n|turn|4\n|\n|t:|1700581228\n|detailschange|p1a: el GYMBRO|Tyranitar-Mega, M\n|-mega|p1a: el GYMBRO|Tyranitar|Tyranitarite\n|move|p2b: Dragonite|Protect|p2b: Dragonite\n|-singleturn|p2b: Dragonite|Protect\n|move|p1a: el GYMBRO|Earthquake|p2b: Dragonite|[spread] p1b,p2a\n|-activate|p2b: Dragonite|move: Protect\n|-supereffective|p1b: tu papa\n|-damage|p1b: tu papa|14\/100\n|-damage|p2a: Alcremie|65\/100 par\n|move|p1b: tu papa|Flare Blitz|p2b: Dragonite\n|-activate|p2b: Dragonite|move: Protect\n|move|p2a: Alcremie|Decorate|p2b: Dragonite\n|-boost|p2b: Dragonite|atk|2\n|-boost|p2b: Dragonite|spa|2\n|\n|-weather|Sandstorm|[upkeep]\n|-damage|p2b: Dragonite|80\/100 par|[from] Sandstorm\n|-damage|p1b: tu papa|8\/100|[from] Sandstorm\n|-damage|p2a: Alcremie|59\/100 par|[from] Sandstorm\n|-heal|p2b: Dragonite|86\/100 par|[from] item: Leftovers\n|upkeep\n|turn|5\n|-message|Aquiley forfeited.\n|\n|win|Chi3fRoss\n|raw|Aquiley's rating: 1181 &rarr; <strong>1168<\/strong><br \/>(-13 for losing)\n|raw|Chi3fRoss's rating: 1364 &rarr; <strong>1374<\/strong><br \/>(+10 for winning)\n|l|\u2606Aquiley\n","uploadtime":1700581251,"views":11,"p1id":"aquiley","p2id":"chi3fross","formatid":"gen9nationaldexdoubles","rating":1168,"private":0,"password":""}