{"id":"gen9nationaldexdoubles-1986683238","p1":"Prapple3","p2":"blanketno","format":"[Gen 9] National Dex Doubles","log":"|j|\u2606Prapple3\n|j|\u2606blanketno\n|t:|1699507224\n|gametype|doubles\n|player|p1|Prapple3|lady|1157\n|player|p2|blanketno|bugcatcher-gen4dp|1088\n|teamsize|p1|6\n|teamsize|p2|6\n|gen|9\n|tier|[Gen 9] National Dex Doubles\n|rated|\n|rule|HP Percentage Mod: HP is shown in percentages\n|rule|Endless Battle Clause: Forcing endless battles is banned\n|rule|OHKO Clause: OHKO moves are banned\n|rule|Evasion Moves Clause: Evasion moves are banned\n|rule|Evasion Abilities Clause: Evasion abilities are banned\n|rule|Species Clause: Limit one of each Pok\u00e9mon\n|rule|Gravity Sleep Clause: The combination of sleep-inducing moves with imperfect accuracy and Gravity or Gigantamax Orbeetle are banned\n|clearpoke\n|poke|p1|Iron Treads|\n|poke|p1|Rillaboom, M|\n|poke|p1|Metagross|\n|poke|p1|Tapu Koko|\n|poke|p1|Perrserker, M|\n|poke|p1|Heatran, F|\n|poke|p2|Tapu Lele|\n|poke|p2|Hatterene, F|\n|poke|p2|Clefable, M|\n|poke|p2|Diancie|\n|poke|p2|Grimmsnarl, M|\n|poke|p2|Mawile, F|\n|teampreview\n|c|\u2606Prapple3|hi again\n|c|\u2606blanketno|o\/\n|\n|t:|1699507246\n|start\n|switch|p1a: Metagross|Metagross|100\/100\n|switch|p1b: Perrserker|Perrserker, M|100\/100\n|switch|p2a: Hatterene|Hatterene, F|100\/100\n|switch|p2b: Mawile|Mawile, F|100\/100\n|-ability|p2b: Mawile|Intimidate|boost\n|-fail|p1a: Metagross|unboost|[from] ability: Clear Body|[of] p1a: Metagross\n|-unboost|p1b: Perrserker|atk|1\n|turn|1\n|\n|t:|1699507285\n|detailschange|p1a: Metagross|Metagross-Mega\n|-mega|p1a: Metagross|Metagross|Metagrossite\n|detailschange|p2b: Mawile|Mawile-Mega, F\n|-mega|p2b: Mawile|Mawile|Mawilite\n|move|p1b: Perrserker|Fake Out|p2a: Hatterene\n|-damage|p2a: Hatterene|91\/100\n|move|p1a: Metagross|Stomping Tantrum|p2b: Mawile\n|-supereffective|p2b: Mawile\n|-damage|p2b: Mawile|29\/100\n|move|p2b: Mawile|Swords Dance|p2b: Mawile\n|-boost|p2b: Mawile|atk|2\n|cant|p2a: Hatterene|flinch\n|\n|-heal|p2a: Hatterene|97\/100|[from] item: Leftovers\n|upkeep\n|turn|2\n|\n|t:|1699507320\n|switch|p1a: Heatran|Heatran, F|100\/100\n|move|p2b: Mawile|Sucker Punch||[still]\n|-fail|p2b: Mawile\n|move|p1b: Perrserker|Iron Head|p2b: Mawile\n|-damage|p2b: Mawile|0 fnt\n|faint|p2b: Mawile\n|move|p2a: Hatterene|Trick Room|p2a: Hatterene\n|-fieldstart|move: Trick Room|[of] p2a: Hatterene\n|\n|-heal|p2a: Hatterene|100\/100|[from] item: Leftovers\n|upkeep\n|\n|t:|1699507327\n|switch|p2b: Tapu Lele|Tapu Lele, shiny|100\/100\n|-fieldstart|move: Psychic Terrain|[from] ability: Psychic Surge|[of] p2b: Tapu Lele\n|turn|3\n|\n|t:|1699507348\n|move|p1b: Perrserker|Helping Hand|p1a: Heatran\n|-singleturn|p1a: Heatran|Helping Hand|[of] p1b: Perrserker\n|move|p2a: Hatterene|Mystical Fire|p1b: Perrserker\n|-supereffective|p1b: Perrserker\n|-damage|p1b: Perrserker|7\/100\n|-unboost|p1b: Perrserker|spa|1\n|move|p1a: Heatran|Flash Cannon|p2b: Tapu Lele\n|-supereffective|p2b: Tapu Lele\n|-damage|p2b: Tapu Lele|0 fnt\n|faint|p2b: Tapu Lele\n|\n|upkeep\n|\n|t:|1699507360\n|switch|p2b: Grimmsnarl|Grimmsnarl, M, shiny|100\/100\n|turn|4\n|\n|t:|1699507370\n|move|p1b: Perrserker|Protect|p1b: Perrserker\n|-singleturn|p1b: Perrserker|Protect\n|move|p2b: Grimmsnarl|Fake Out|p1a: Heatran\n|-activate|p1a: Heatran|move: Psychic Terrain\n|move|p2a: Hatterene|Dazzling Gleam|p1a: Heatran|[spread] p1a\n|-activate|p1b: Perrserker|move: Protect\n|-resisted|p1a: Heatran\n|-damage|p1a: Heatran|93\/100\n|move|p1a: Heatran|Flash Cannon|p2a: Hatterene\n|-supereffective|p2a: Hatterene\n|-damage|p2a: Hatterene|0 fnt\n|faint|p2a: Hatterene\n|\n|upkeep\n|\n|t:|1699507379\n|switch|p2a: Diancie|Diancie, shiny|100\/100\n|turn|5\n|\n|t:|1699507397\n|move|p1b: Perrserker|Protect||[still]\n|-fail|p1b: Perrserker\n|move|p2b: Grimmsnarl|Reflect|p2b: Grimmsnarl\n|-sidestart|p2: blanketno|Reflect\n|move|p2a: Diancie|Body Press|p1a: Heatran\n|-supereffective|p1a: Heatran\n|-damage|p1a: Heatran|34\/100\n|move|p1a: Heatran|Flash Cannon|p2a: Diancie\n|-supereffective|p2a: Diancie\n|-damage|p2a: Diancie|0 fnt\n|faint|p2a: Diancie\n|\n|upkeep\n|\n|t:|1699507407\n|switch|p2a: Clefable|Clefable, M|100\/100\n|turn|6\n|\n|t:|1699507419\n|switch|p1b: Metagross|Metagross-Mega|100\/100\n|move|p1a: Heatran|Protect|p1a: Heatran\n|-singleturn|p1a: Heatran|Protect\n|move|p2b: Grimmsnarl|Light Screen|p2b: Grimmsnarl\n|-sidestart|p2: blanketno|move: Light Screen\n|move|p2a: Clefable|Dazzling Gleam|p1b: Metagross|[spread] p1b\n|-activate|p1a: Heatran|move: Protect\n|-resisted|p1b: Metagross\n|-crit|p1b: Metagross\n|-damage|p1b: Metagross|86\/100\n|\n|-fieldend|move: Trick Room\n|upkeep\n|turn|7\n|\n|t:|1699507435\n|switch|p1a: Perrserker|Perrserker, M|7\/100\n|move|p2b: Grimmsnarl|Parting Shot|p1a: Perrserker\n|-activate|p1a: Perrserker|move: Psychic Terrain\n|move|p1b: Metagross|Steel Roller|p2a: Clefable\n|-supereffective|p2a: Clefable\n|-damage|p2a: Clefable|0 fnt\n|-fieldend|move: Psychic Terrain\n|faint|p2a: Clefable\n|\n|upkeep\n|turn|8\n|-message|blanketno forfeited.\n|\n|win|Prapple3\n|raw|Prapple3's rating: 1157 &rarr; <strong>1177<\/strong><br \/>(+20 for winning)\n|raw|blanketno's rating: 1088 &rarr; <strong>1069<\/strong><br \/>(-19 for losing)\n|l|\u2606blanketno\n|c|\u2606Prapple3|gg :3\n","uploadtime":1699507451,"views":21,"p1id":"prapple3","p2id":"blanketno","formatid":"gen9nationaldexdoubles","rating":1069,"private":0,"password":""}