{"id":"gen9nationaldexdoubles-1992354935","p1":"Pancake Tuesday","p2":"TeddyWarlock","format":"[Gen 9] National Dex Doubles","log":"|j|\u2606Pancake Tuesday\n|j|\u2606TeddyWarlock\n|t:|1700178026\n|gametype|doubles\n|player|p1|Pancake Tuesday|pokemaniac|1476\n|player|p2|TeddyWarlock|rood|1522\n|teamsize|p1|6\n|teamsize|p2|6\n|gen|9\n|tier|[Gen 9] National Dex Doubles\n|rated|\n|rule|HP Percentage Mod: HP is shown in percentages\n|rule|Endless Battle Clause: Forcing endless battles is banned\n|rule|OHKO Clause: OHKO moves are banned\n|rule|Evasion Moves Clause: Evasion moves are banned\n|rule|Evasion Abilities Clause: Evasion abilities are banned\n|rule|Species Clause: Limit one of each Pok\u00e9mon\n|rule|Gravity Sleep Clause: The combination of sleep-inducing moves with imperfect accuracy and Gravity or Gigantamax Orbeetle are banned\n|clearpoke\n|poke|p1|Tapu Lele|\n|poke|p1|Stakataka|\n|poke|p1|Gardevoir, F|\n|poke|p1|Incineroar, F|\n|poke|p1|Urshifu-*, F|\n|poke|p1|Necrozma|\n|poke|p2|Tyranitar, F|\n|poke|p2|Glimmora, F|\n|poke|p2|Garganacl, F|\n|poke|p2|Iron Hands|\n|poke|p2|Excadrill, F|\n|poke|p2|Landorus-Therian, M|\n|teampreview\n|inactive|Battle timer is ON: inactive players will automatically lose when time's up. (requested by TeddyWarlock)\n|\n|t:|1700178043\n|start\n|switch|p1a: Incineroar|Incineroar, F|100\/100\n|switch|p1b: Urshifu|Urshifu-Rapid-Strike, F|100\/100\n|switch|p2a: Glimmora|Glimmora, F, shiny|100\/100\n|switch|p2b: Iron Hands|Iron Hands, shiny|100\/100\n|-ability|p1a: Incineroar|Intimidate|boost\n|-unboost|p2a: Glimmora|atk|1\n|-unboost|p2b: Iron Hands|atk|1\n|turn|1\n|\n|t:|1700178068\n|-terastallize|p2a: Glimmora|Grass\n|move|p1a: Incineroar|Fake Out|p2b: Iron Hands\n|-damage|p2b: Iron Hands|94\/100\n|move|p1b: Urshifu|Surging Strikes|p2b: Iron Hands\n|-crit|p2b: Iron Hands\n|-damage|p2b: Iron Hands|81\/100\n|-crit|p2b: Iron Hands\n|-damage|p2b: Iron Hands|66\/100\n|-crit|p2b: Iron Hands\n|-damage|p2b: Iron Hands|53\/100\n|-hitcount|p2b: Iron Hands|3\n|move|p2a: Glimmora|Energy Ball|p1b: Urshifu\n|-supereffective|p1b: Urshifu\n|-damage|p1b: Urshifu|0 fnt\n|faint|p1b: Urshifu\n|cant|p2b: Iron Hands|flinch\n|\n|upkeep\n|\n|t:|1700178082\n|switch|p1b: Necrozma|Necrozma|100\/100\n|turn|2\n|\n|t:|1700178094\n|switch|p1a: Tapu Lele|Tapu Lele|100\/100\n|-fieldstart|move: Psychic Terrain|[from] ability: Psychic Surge|[of] p1a: Tapu Lele\n|move|p1b: Necrozma|Expanding Force|p2a: Glimmora|[spread] p2a,p2b\n|-supereffective|p2b: Iron Hands\n|-damage|p2a: Glimmora|18\/100\n|-damage|p2b: Iron Hands|0 fnt\n|faint|p2b: Iron Hands\n|-end|p2b: Iron Hands|Quark Drive|[silent]\n|move|p2a: Glimmora|Mortal Spin|p1b: Necrozma|[spread] p1a,p1b\n|-supereffective|p1a: Tapu Lele\n|-crit|p1b: Necrozma\n|-damage|p1a: Tapu Lele|93\/100\n|-damage|p1b: Necrozma|94\/100\n|-status|p1a: Tapu Lele|psn\n|-status|p1b: Necrozma|psn\n|\n|-damage|p1a: Tapu Lele|80\/100 psn|[from] psn\n|-damage|p1b: Necrozma|81\/100 psn|[from] psn\n|upkeep\n|\n|t:|1700178109\n|switch|p2b: Tyranitar|Tyranitar, F|100\/100\n|-weather|Sandstorm|[from] ability: Sand Stream|[of] p2b: Tyranitar\n|turn|3\n|\n|t:|1700178124\n|switch|p1a: Incineroar|Incineroar, F|100\/100\n|-ability|p1a: Incineroar|Intimidate|boost\n|-unboost|p2a: Glimmora|atk|1\n|-unboost|p2b: Tyranitar|atk|1\n|detailschange|p2b: Tyranitar|Tyranitar-Mega, F\n|-mega|p2b: Tyranitar|Tyranitar|Tyranitarite\n|move|p1b: Necrozma|Meteor Beam||[still]\n|-prepare|p1b: Necrozma|Meteor Beam\n|-boost|p1b: Necrozma|spa|1\n|-enditem|p1b: Necrozma|Power Herb\n|-anim|p1b: Necrozma|Meteor Beam|p2a: Glimmora\n|-damage|p2a: Glimmora|0 fnt\n|faint|p2a: Glimmora\n|move|p2b: Tyranitar|Knock Off|p1b: Necrozma\n|-supereffective|p1b: Necrozma\n|-damage|p1b: Necrozma|44\/100 psn\n|\n|-weather|Sandstorm|[upkeep]\n|-damage|p1b: Necrozma|38\/100 psn|[from] Sandstorm\n|-damage|p1a: Incineroar|94\/100|[from] Sandstorm\n|-damage|p1b: Necrozma|25\/100 psn|[from] psn\n|upkeep\n|\n|t:|1700178144\n|switch|p2a: Garganacl|Garganacl, F|100\/100\n|turn|4\n|\n|t:|1700178157\n|switch|p2b: Landorus|Landorus-Therian, M|100\/100\n|-ability|p2b: Landorus|Intimidate|boost\n|-unboost|p1a: Incineroar|atk|1\n|-unboost|p1b: Necrozma|atk|1\n|move|p1a: Incineroar|Fake Out|p2b: Landorus\n|-hint|Psychic Terrain doesn't affect Pok\u00e9mon immune to Ground.\n|-damage|p2b: Landorus|92\/100\n|move|p1b: Necrozma|Expanding Force|p2a: Garganacl|[spread] p2a,p2b\n|-damage|p2a: Garganacl|55\/100\n|-damage|p2b: Landorus|0 fnt\n|faint|p2b: Landorus\n|move|p2a: Garganacl|Salt Cure|p1b: Necrozma\n|-damage|p1b: Necrozma|12\/100 psn\n|-start|p1b: Necrozma|Salt Cure\n|\n|-weather|Sandstorm|[upkeep]\n|-damage|p1b: Necrozma|6\/100 psn|[from] Sandstorm\n|-damage|p1a: Incineroar|88\/100|[from] Sandstorm\n|-heal|p2a: Garganacl|61\/100|[from] item: Leftovers\n|-damage|p1b: Necrozma|0 fnt|[from] psn\n|faint|p1b: Necrozma\n|upkeep\n|\n|t:|1700178178\n|switch|p1b: Stakataka|Stakataka|100\/100\n|switch|p2b: Excadrill|Excadrill, F|100\/100\n|turn|5\n|\n|t:|1700178193\n|-terastallize|p1b: Stakataka|Ghost\n|move|p2b: Excadrill|Drill Run|p1b: Stakataka\n|-damage|p1b: Stakataka|57\/100\n|move|p1a: Incineroar|Parting Shot|p2b: Excadrill\n|-unboost|p2b: Excadrill|atk|1\n|-unboost|p2b: Excadrill|spa|1\n|\n|t:|1700178205\n|switch|p1a: Tapu Lele|Tapu Lele|80\/100 psn|[from] Parting Shot\n|move|p2a: Garganacl|Salt Cure|p1a: Tapu Lele\n|-damage|p1a: Tapu Lele|63\/100 psn\n|-start|p1a: Tapu Lele|Salt Cure\n|move|p1b: Stakataka|Trick Room|p1b: Stakataka\n|-fieldstart|move: Trick Room|[of] p1b: Stakataka\n|\n|-weather|Sandstorm|[upkeep]\n|-damage|p1b: Stakataka|51\/100|[from] Sandstorm\n|-damage|p1a: Tapu Lele|57\/100 psn|[from] Sandstorm\n|-heal|p2a: Garganacl|67\/100|[from] item: Leftovers\n|-damage|p1a: Tapu Lele|44\/100 psn|[from] psn\n|-damage|p1a: Tapu Lele|32\/100 psn|[from] Salt Cure\n|upkeep\n|-enditem|p1a: Tapu Lele|Sitrus Berry|[eat]\n|-heal|p1a: Tapu Lele|57\/100 psn|[from] item: Sitrus Berry\n|turn|6\n|\n|t:|1700178226\n|switch|p1a: Incineroar|Incineroar, F|88\/100\n|-ability|p1a: Incineroar|Intimidate|boost\n|-unboost|p2a: Garganacl|atk|1\n|-unboost|p2b: Excadrill|atk|1\n|switch|p2b: Tyranitar|Tyranitar-Mega, F|100\/100\n|move|p1b: Stakataka|Body Press|p2b: Tyranitar\n|-supereffective|p2b: Tyranitar\n|-damage|p2b: Tyranitar|27\/100\n|move|p2a: Garganacl|Salt Cure|p1b: Stakataka\n|-damage|p1b: Stakataka|45\/100\n|-start|p1b: Stakataka|Salt Cure\n|\n|-weather|Sandstorm|[upkeep]\n|-damage|p1b: Stakataka|39\/100|[from] Sandstorm\n|-damage|p1a: Incineroar|82\/100|[from] Sandstorm\n|-heal|p2a: Garganacl|74\/100|[from] item: Leftovers\n|-damage|p1b: Stakataka|27\/100|[from] Salt Cure\n|-fieldend|move: Psychic Terrain\n|upkeep\n|turn|7\n|\n|t:|1700178253\n|move|p2b: Tyranitar|Protect|p2b: Tyranitar\n|-singleturn|p2b: Tyranitar|Protect\n|move|p1a: Incineroar|Fake Out|p2b: Tyranitar\n|-activate|p2b: Tyranitar|move: Protect\n|move|p1b: Stakataka|Gyro Ball|p2a: Garganacl\n|-supereffective|p2a: Garganacl\n|-damage|p2a: Garganacl|8\/100\n|move|p2a: Garganacl|Salt Cure|p1a: Incineroar\n|-supereffective|p1a: Incineroar\n|-damage|p1a: Incineroar|65\/100\n|-start|p1a: Incineroar|Salt Cure\n|\n|-weather|none\n|-heal|p2a: Garganacl|14\/100|[from] item: Leftovers\n|-damage|p1b: Stakataka|15\/100|[from] Salt Cure\n|-damage|p1a: Incineroar|53\/100|[from] Salt Cure\n|upkeep\n|turn|8\n|inactive|TeddyWarlock has 120 seconds left.\n|\n|t:|1700178287\n|switch|p2b: Excadrill|Excadrill, F|100\/100\n|move|p2a: Garganacl|Protect|p2a: Garganacl\n|-singleturn|p2a: Garganacl|Protect\n|move|p1b: Stakataka|Body Press|p2b: Excadrill\n|-supereffective|p2b: Excadrill\n|-damage|p2b: Excadrill|15\/100\n|move|p1a: Incineroar|Knock Off|p2a: Garganacl\n|-activate|p2a: Garganacl|move: Protect\n|\n|-heal|p2a: Garganacl|21\/100|[from] item: Leftovers\n|-damage|p1b: Stakataka|2\/100|[from] Salt Cure\n|-damage|p1a: Incineroar|40\/100|[from] Salt Cure\n|upkeep\n|-enditem|p1a: Incineroar|Sitrus Berry|[eat]\n|-heal|p1a: Incineroar|65\/100|[from] item: Sitrus Berry\n|turn|9\n|\n|t:|1700178308\n|switch|p2b: Tyranitar|Tyranitar-Mega, F|27\/100\n|-weather|Sandstorm|[from] ability: Sand Stream|[of] p2b: Tyranitar\n|move|p1b: Stakataka|Body Press|p2b: Tyranitar\n|-supereffective|p2b: Tyranitar\n|-damage|p2b: Tyranitar|0 fnt\n|faint|p2b: Tyranitar\n|-ability|p1b: Stakataka|Beast Boost|boost\n|-boost|p1b: Stakataka|atk|1\n|move|p2a: Garganacl|Recover|p2a: Garganacl\n|-heal|p2a: Garganacl|71\/100\n|move|p1a: Incineroar|Knock Off|p2a: Garganacl\n|-damage|p2a: Garganacl|45\/100\n|-enditem|p2a: Garganacl|Leftovers|[from] move: Knock Off|[of] p1a: Incineroar\n|\n|-weather|Sandstorm|[upkeep]\n|-damage|p1b: Stakataka|0 fnt|[from] Sandstorm\n|-damage|p1a: Incineroar|59\/100|[from] Sandstorm\n|faint|p1b: Stakataka\n|-damage|p1a: Incineroar|46\/100|[from] Salt Cure\n|-fieldend|move: Trick Room\n|upkeep\n|\n|t:|1700178326\n|switch|p2b: Excadrill|Excadrill, F|15\/100\n|switch|p1b: Gardevoir|Gardevoir, F|100\/100\n|-ability|p1b: Gardevoir|Purifying Salt|[from] ability: Trace|[of] p2a: Garganacl\n|turn|10\n|\n|t:|1700178339\n|detailschange|p1b: Gardevoir|Gardevoir-Mega, F\n|-mega|p1b: Gardevoir|Gardevoir|Gardevoirite\n|move|p1b: Gardevoir|Protect|p1b: Gardevoir\n|-singleturn|p1b: Gardevoir|Protect\n|move|p2b: Excadrill|Rock Slide|p1a: Incineroar|[spread] p1a\n|-activate|p1b: Gardevoir|move: Protect\n|-supereffective|p1a: Incineroar\n|-damage|p1a: Incineroar|0 fnt\n|faint|p1a: Incineroar\n|move|p2a: Garganacl|Recover|p2a: Garganacl\n|-heal|p2a: Garganacl|95\/100\n|\n|-weather|Sandstorm|[upkeep]\n|-damage|p1b: Gardevoir|94\/100|[from] Sandstorm\n|upkeep\n|\n|t:|1700178348\n|switch|p1a: Tapu Lele|Tapu Lele|57\/100 psn\n|-fieldstart|move: Psychic Terrain|[from] ability: Psychic Surge|[of] p1a: Tapu Lele\n|turn|11\n|\n|t:|1700178357\n|move|p2a: Garganacl|Wide Guard|p2a: Garganacl\n|-singleturn|p2a: Garganacl|Wide Guard\n|move|p2b: Excadrill|Rock Slide|p1b: Gardevoir|[spread] p1a,p1b\n|-damage|p1a: Tapu Lele|18\/100 psn\n|-damage|p1b: Gardevoir|56\/100\n|cant|p1a: Tapu Lele|flinch\n|move|p1b: Gardevoir|Hyper Voice|p2b: Excadrill|[spread] \n|-activate|p2a: Garganacl|move: Wide Guard\n|-activate|p2b: Excadrill|move: Wide Guard\n|\n|-weather|Sandstorm|[upkeep]\n|-damage|p1a: Tapu Lele|12\/100 psn|[from] Sandstorm\n|-damage|p1b: Gardevoir|50\/100|[from] Sandstorm\n|-damage|p1a: Tapu Lele|0 fnt|[from] psn\n|faint|p1a: Tapu Lele\n|upkeep\n|turn|12\n|\n|t:|1700178374\n|move|p2b: Excadrill|Rock Slide|p1b: Gardevoir\n|-damage|p1b: Gardevoir|0 fnt\n|faint|p1b: Gardevoir\n|\n|win|TeddyWarlock\n|raw|Pancake Tuesday's rating: 1476 &rarr; <strong>1459<\/strong><br \/>(-17 for losing)\n|raw|TeddyWarlock's rating: 1522 &rarr; <strong>1539<\/strong><br \/>(+17 for winning)\n","uploadtime":1700178400,"views":5,"p1id":"pancaketuesday","p2id":"teddywarlock","formatid":"gen9nationaldexdoubles","rating":1459,"private":0,"password":""}