{"id":"gen9nationaldexdoubles-1955340380","p1":"Electroshibe","p2":"Uchaku","format":"[Gen 9] National Dex Doubles","log":"|j|\u2606Electroshibe\n|j|\u2606Uchaku\n|t:|1695989307\n|gametype|doubles\n|player|p1|Electroshibe|benga|1116\n|player|p2|Uchaku|colress|1219\n|teamsize|p1|6\n|teamsize|p2|6\n|gen|9\n|tier|[Gen 9] National Dex Doubles\n|rated|\n|rule|HP Percentage Mod: HP is shown in percentages\n|rule|Endless Battle Clause: Forcing endless battles is banned\n|rule|OHKO Clause: OHKO moves are banned\n|rule|Evasion Moves Clause: Evasion moves are banned\n|rule|Evasion Abilities Clause: Evasion abilities are banned\n|rule|Species Clause: Limit one of each Pok\u00e9mon\n|rule|Gravity Sleep Clause: The combination of sleep-inducing moves with imperfect accuracy and Gravity or Gigantamax Orbeetle are banned\n|clearpoke\n|poke|p1|Ninetales, M|\n|poke|p1|Ceruledge, M|\n|poke|p1|Arcanine-Hisui, F|\n|poke|p1|Eevee, M|\n|poke|p1|Amoonguss, F|\n|poke|p1|Espeon, F|\n|poke|p2|Ursaluna-Bloodmoon, M|\n|poke|p2|Slowbro-Galar, F|\n|poke|p2|Glastrier|\n|poke|p2|Copperajah, F|\n|poke|p2|Exeggutor-Alola, M|\n|poke|p2|Volcanion|\n|teampreview\n|\n|t:|1695989356\n|start\n|switch|p1a: Prism|Eevee, M|100\/100\n|switch|p1b: SUS|Amoonguss, F|100\/100\n|switch|p2a: Ursaluna|Ursaluna-Bloodmoon, M|100\/100\n|switch|p2b: Slowbro|Slowbro-Galar, F, shiny|100\/100\n|turn|1\n|\n|t:|1695989375\n|move|p1a: Prism|Detect|p1a: Prism\n|-singleturn|p1a: Prism|Protect\n|move|p2a: Ursaluna|Blood Moon|p1a: Prism\n|-activate|p1a: Prism|move: Protect\n|move|p1b: SUS|Spore|p2b: Slowbro\n|-status|p2b: Slowbro|slp|[from] move: Spore\n|cant|p2b: Slowbro|slp\n|\n|upkeep\n|turn|2\n|\n|t:|1695989392\n|move|p1b: SUS|Rage Powder|p1b: SUS\n|-singleturn|p1b: SUS|move: Rage Powder\n|-zpower|p1a: Prism\n|move|p1a: Prism|Extreme Evoboost|p1a: Prism\n|-boost|p1a: Prism|atk|2\n|-boost|p1a: Prism|def|2\n|-boost|p1a: Prism|spa|2\n|-boost|p1a: Prism|spd|2\n|-boost|p1a: Prism|spe|2\n|move|p2a: Ursaluna|Earth Power|p1b: SUS\n|-damage|p1b: SUS|67\/100\n|cant|p2b: Slowbro|slp\n|\n|-heal|p1b: SUS|73\/100|[from] item: Black Sludge\n|upkeep\n|turn|3\n|\n|t:|1695989411\n|move|p1b: SUS|Rage Powder|p1b: SUS\n|-singleturn|p1b: SUS|move: Rage Powder\n|move|p1a: Prism|Baton Pass|p1a: Prism\n|\n|t:|1695989416\n|switch|p1a: Galaxy|Espeon, F|100\/100|[from] Baton Pass\n|move|p2a: Ursaluna|Blood Moon|p1b: SUS\n|-damage|p1b: SUS|18\/100\n|-curestatus|p2b: Slowbro|slp|[msg]\n|move|p2b: Slowbro|Trick Room|p2b: Slowbro\n|-fieldstart|move: Trick Room|[of] p2b: Slowbro\n|\n|-heal|p1b: SUS|25\/100|[from] item: Black Sludge\n|upkeep\n|turn|4\n|-activate|p2b: Slowbro|ability: Quick Draw\n|\n|t:|1695989444\n|move|p2b: Slowbro|Shell Side Arm|p1a: Galaxy|[anim] Shell Side Arm Physical\n|-damage|p1a: Galaxy|53\/100\n|-hint|Physical Shell Side Arm\n|move|p1b: SUS|Spore|p2a: Ursaluna\n|-status|p2a: Ursaluna|slp|[from] move: Spore\n|cant|p2a: Ursaluna|slp\n|move|p1a: Galaxy|Stored Power|p2b: Slowbro\n|-damage|p2b: Slowbro|0 fnt\n|faint|p2b: Slowbro\n|-damage|p1a: Galaxy|43\/100|[from] item: Life Orb\n|\n|-heal|p1b: SUS|31\/100|[from] item: Black Sludge\n|upkeep\n|\n|t:|1695989459\n|switch|p2b: Volcanion|Volcanion|100\/100\n|turn|5\n|\n|t:|1695989467\n|move|p1b: SUS|Spore|p2b: Volcanion\n|-status|p2b: Volcanion|slp|[from] move: Spore\n|cant|p2a: Ursaluna|slp\n|cant|p2b: Volcanion|slp\n|move|p1a: Galaxy|Morning Sun|p1a: Galaxy\n|-heal|p1a: Galaxy|92\/100\n|\n|-heal|p1b: SUS|37\/100|[from] item: Black Sludge\n|upkeep\n|turn|6\n|\n|t:|1695989482\n|move|p1b: SUS|Synthesis|p1b: SUS\n|-heal|p1b: SUS|87\/100\n|-curestatus|p2a: Ursaluna|slp|[msg]\n|move|p2a: Ursaluna|Earth Power|p1b: SUS\n|-damage|p1b: SUS|54\/100\n|cant|p2b: Volcanion|slp\n|move|p1a: Galaxy|Stored Power|p2a: Ursaluna\n|-damage|p2a: Ursaluna|0 fnt\n|faint|p2a: Ursaluna\n|-damage|p1a: Galaxy|82\/100|[from] item: Life Orb\n|\n|-heal|p1b: SUS|61\/100|[from] item: Black Sludge\n|upkeep\n|\n|t:|1695989495\n|switch|p2a: Exeggutor|Exeggutor-Alola, M, shiny|100\/100\n|turn|7\n|\n|t:|1695989516\n|move|p1b: SUS|Clear Smog|p2a: Exeggutor\n|-supereffective|p2a: Exeggutor\n|-damage|p2a: Exeggutor|65\/100\n|-clearboost|p2a: Exeggutor\n|move|p2a: Exeggutor|Draco Meteor|p1b: SUS\n|-damage|p1b: SUS|12\/100\n|-unboost|p2a: Exeggutor|spa|2\n|-curestatus|p2b: Volcanion|slp|[msg]\n|move|p2b: Volcanion|Haze|p2b: Volcanion\n|-clearallboost\n|move|p1a: Galaxy|Stored Power|p2a: Exeggutor\n|-damage|p2a: Exeggutor|51\/100\n|-damage|p1a: Galaxy|72\/100|[from] item: Life Orb\n|\n|-heal|p1b: SUS|18\/100|[from] item: Black Sludge\n|-fieldend|move: Trick Room\n|upkeep\n|turn|8\n|\n|t:|1695989539\n|switch|p1b: Helios|Ninetales, M|100\/100\n|-weather|SunnyDay|[from] ability: Drought|[of] p1b: Helios\n|move|p1a: Galaxy|Dazzling Gleam|p2a: Exeggutor|[spread] p2a,p2b\n|-supereffective|p2a: Exeggutor\n|-resisted|p2b: Volcanion\n|-damage|p2a: Exeggutor|0 fnt\n|-damage|p2b: Volcanion|88\/100\n|faint|p2a: Exeggutor\n|-damage|p1a: Galaxy|62\/100|[from] item: Life Orb\n|move|p2b: Volcanion|Flamethrower|p1b: Helios\n|-resisted|p1b: Helios\n|-damage|p1b: Helios|44\/100\n|-damage|p2b: Volcanion|78\/100|[from] item: Life Orb\n|\n|-weather|SunnyDay|[upkeep]\n|upkeep\n|\n|t:|1695989559\n|switch|p2a: Copperajah|Copperajah, F, shiny|100\/100\n|turn|9\n|\n|t:|1695989569\n|-terastallize|p2a: Copperajah|Fire\n|move|p1a: Galaxy|Power Gem|p2b: Volcanion\n|-supereffective|p2b: Volcanion\n|-damage|p2b: Volcanion|9\/100\n|-damage|p1a: Galaxy|53\/100|[from] item: Life Orb\n|move|p1b: Helios|Will-O-Wisp|p2a: Copperajah\n|-immune|p2a: Copperajah\n|move|p2b: Volcanion|Steam Eruption|p1b: Helios\n|-supereffective|p1b: Helios\n|-damage|p1b: Helios|0 fnt\n|faint|p1b: Helios\n|-damage|p2b: Volcanion|0 fnt|[from] item: Life Orb\n|faint|p2b: Volcanion\n|move|p2a: Copperajah|Heat Crash|p1a: Galaxy\n|-damage|p1a: Galaxy|0 fnt\n|faint|p1a: Galaxy\n|\n|-weather|SunnyDay|[upkeep]\n|upkeep\n|\n|t:|1695989586\n|switch|p1a: Funny|Ceruledge, M|100\/100\n|switch|p1b: Amaterasu|Arcanine-Hisui, F|100\/100\n|switch|p2b: Glastrier|Glastrier|100\/100\n|turn|10\n|\n|t:|1695989613\n|move|p2b: Glastrier|Protect|p2b: Glastrier\n|-singleturn|p2b: Glastrier|Protect\n|move|p1a: Funny|Bitter Blade|p2b: Glastrier\n|-activate|p2b: Glastrier|move: Protect\n|move|p1b: Amaterasu|Head Smash|p2a: Copperajah\n|-supereffective|p2a: Copperajah\n|-damage|p2a: Copperajah|0 fnt\n|faint|p2a: Copperajah\n|\n|-weather|SunnyDay|[upkeep]\n|upkeep\n|turn|11\n|\n|t:|1695989624\n|move|p1a: Funny|Bitter Blade|p2b: Glastrier\n|-supereffective|p2b: Glastrier\n|-damage|p2b: Glastrier|6\/100\n|move|p1b: Amaterasu|Head Smash|p2b: Glastrier\n|-supereffective|p2b: Glastrier\n|-damage|p2b: Glastrier|0 fnt\n|faint|p2b: Glastrier\n|\n|win|Electroshibe\n|raw|Electroshibe's rating: 1116 &rarr; <strong>1148<\/strong><br \/>(+32 for winning)\n|raw|Uchaku's rating: 1219 &rarr; <strong>1187<\/strong><br \/>(-32 for losing)\n|l|\u2606Uchaku\n","uploadtime":1695989634,"views":9,"p1id":"electroshibe","p2id":"uchaku","formatid":"gen9nationaldexdoubles","rating":1148,"private":0,"password":""}