{"id":"gen9nationaldexdoubles-1950884867","p1":"qasxcfdcvbjhygtf","p2":"MathHacker","format":"[Gen 9] National Dex Doubles","log":"|j|\u2606qasxcfdcvbjhygtf\n|j|\u2606MathHacker\n|t:|1695515916\n|gametype|doubles\n|player|p1|qasxcfdcvbjhygtf|guzma|1326\n|player|p2|MathHacker|richboy-gen4|1373\n|teamsize|p1|6\n|teamsize|p2|6\n|gen|9\n|tier|[Gen 9] National Dex Doubles\n|rated|\n|rule|HP Percentage Mod: HP is shown in percentages\n|rule|Endless Battle Clause: Forcing endless battles is banned\n|rule|OHKO Clause: OHKO moves are banned\n|rule|Evasion Moves Clause: Evasion moves are banned\n|rule|Evasion Abilities Clause: Evasion abilities are banned\n|rule|Species Clause: Limit one of each Pok\u00e9mon\n|rule|Gravity Sleep Clause: The combination of sleep-inducing moves with imperfect accuracy and Gravity or Gigantamax Orbeetle are banned\n|clearpoke\n|poke|p1|Sinistcha|\n|poke|p1|Snorlax, M|\n|poke|p1|Torkoal, M|\n|poke|p1|Ursaluna-Bloodmoon, M|\n|poke|p1|Kingambit, F|\n|poke|p1|Pheromosa|\n|poke|p2|Shuckle, M|\n|poke|p2|Pelipper, M|\n|poke|p2|Cresselia, F|\n|poke|p2|Torkoal, M|\n|poke|p2|Oranguru, M|\n|poke|p2|Ursaluna, F|\n|teampreview\n|\n|t:|1695515938\n|start\n|switch|p1a: Yogi Bear|Ursaluna-Bloodmoon, M|100\/100\n|switch|p1b: Girl Boss|Pheromosa|100\/100\n|switch|p2a: Shucky|Shuckle, M, shiny|100\/100\n|switch|p2b: munke|Oranguru, M|100\/100\n|turn|1\n|c|\u2606MathHacker|nice names lmao\n|\n|t:|1695515960\n|move|p1b: Girl Boss|Taunt|p2a: Shucky\n|-start|p2a: Shucky|move: Taunt\n|move|p1a: Yogi Bear|Calm Mind|p1a: Yogi Bear\n|-boost|p1a: Yogi Bear|spa|1\n|-boost|p1a: Yogi Bear|spd|1\n|cant|p2a: Shucky|move: Taunt|Power Trick\n|move|p2b: munke|Trick Room|p2b: munke\n|-fieldstart|move: Trick Room|[of] p2b: munke\n|\n|upkeep\n|turn|2\n|\n|t:|1695516021\n|switch|p2a: Pelipper|Pelipper, M|100\/100\n|-weather|RainDance|[from] ability: Drizzle|[of] p2a: Pelipper\n|move|p1a: Yogi Bear|Calm Mind|p1a: Yogi Bear\n|-boost|p1a: Yogi Bear|spa|1\n|-boost|p1a: Yogi Bear|spd|1\n|move|p2b: munke|Encore|p1b: Girl Boss\n|-start|p1b: Girl Boss|Encore\n|move|p1b: Girl Boss|Taunt|p2a: Pelipper\n|-start|p2a: Pelipper|move: Taunt\n|\n|-weather|RainDance|[upkeep]\n|upkeep\n|turn|3\n|\n|t:|1695516068\n|switch|p1b: Smoking Kills|Torkoal, M|100\/100\n|-weather|SunnyDay|[from] ability: Drought|[of] p1b: Smoking Kills\n|-terastallize|p1a: Yogi Bear|Normal\n|move|p1a: Yogi Bear|Hyper Voice|p2a: Pelipper|[spread] p2a,p2b\n|-enditem|p2a: Pelipper|Focus Sash\n|-damage|p2a: Pelipper|1\/100\n|-damage|p2b: munke|0 fnt\n|faint|p2b: munke\n|-damage|p1a: Yogi Bear|90\/100|[from] item: Life Orb\n|move|p2a: Pelipper|Surf|p1b: Smoking Kills|[spread] p1a,p1b\n|-supereffective|p1b: Smoking Kills\n|-damage|p1a: Yogi Bear|81\/100\n|-damage|p1b: Smoking Kills|61\/100\n|\n|-weather|SunnyDay|[upkeep]\n|upkeep\n|\n|t:|1695516112\n|switch|p2b: ber|Ursaluna, F|100\/100\n|turn|4\n|\n|t:|1695516130\n|move|p1b: Smoking Kills|Heat Wave|p2b: ber|[spread] p2a\n|-miss|p1b: Smoking Kills|p2b: ber\n|-resisted|p2a: Pelipper\n|-damage|p2a: Pelipper|0 fnt\n|faint|p2a: Pelipper\n|move|p2b: ber|Drain Punch|p1a: Yogi Bear\n|-supereffective|p1a: Yogi Bear\n|-damage|p1a: Yogi Bear|39\/100\n|move|p1a: Yogi Bear|Hyper Voice|p2b: ber\n|-damage|p2b: ber|0 fnt\n|faint|p2b: ber\n|-damage|p1a: Yogi Bear|29\/100|[from] item: Life Orb\n|\n|-weather|SunnyDay|[upkeep]\n|upkeep\n|\n|t:|1695516151\n|switch|p2b: Shucky|Shuckle, M, shiny|100\/100\n|switch|p2a: Yertle|Torkoal, M|100\/100\n|turn|5\n|\n|t:|1695516165\n|switch|p1b: Mmm Tasty|Sinistcha|100\/100\n|-heal|p1a: Yogi Bear|54\/100|[from] ability: Hospitality|[of] p1b: Mmm Tasty\n|-terastallize|p2b: Shucky|Ghost\n|move|p2b: Shucky|Power Trick|p2b: Shucky\n|-start|p2b: Shucky|Power Trick\n|move|p2a: Yertle|Eruption|p1a: Yogi Bear|[spread] p1a,p1b\n|-supereffective|p1b: Mmm Tasty\n|-damage|p1a: Yogi Bear|11\/100\n|-damage|p1b: Mmm Tasty|0 fnt\n|faint|p1b: Mmm Tasty\n|move|p1a: Yogi Bear|Hyper Voice|p2a: Yertle|[spread] p2a,p2b\n|-damage|p2a: Yertle|0 fnt\n|-damage|p2b: Shucky|15\/100\n|faint|p2a: Yertle\n|-damage|p1a: Yogi Bear|1\/100|[from] item: Life Orb\n|\n|-weather|SunnyDay|[upkeep]\n|-fieldend|move: Trick Room\n|upkeep\n|\n|t:|1695516182\n|switch|p1b: Girl Boss|Pheromosa|100\/100\n|switch|p2a: Cresselia|Cresselia, F|100\/100\n|turn|6\n|\n|t:|1695516198\n|move|p1b: Girl Boss|Speed Swap|p1a: Yogi Bear\n|-activate|p1b: Girl Boss|move: Speed Swap|[of] p1a: Yogi Bear\n|move|p1a: Yogi Bear|Hyper Voice|p2a: Cresselia|[spread] p2a,p2b\n|-damage|p2a: Cresselia|14\/100\n|-damage|p2b: Shucky|0 fnt\n|faint|p2b: Shucky\n|-damage|p1a: Yogi Bear|0 fnt|[from] item: Life Orb\n|faint|p1a: Yogi Bear\n|move|p2a: Cresselia|Dazzling Gleam|p1b: Girl Boss\n|-supereffective|p1b: Girl Boss\n|-damage|p1b: Girl Boss|24\/100\n|\n|-weather|SunnyDay|[upkeep]\n|-heal|p2a: Cresselia|20\/100|[from] item: Leftovers\n|upkeep\n|\n|t:|1695516205\n|switch|p1a: Yakuza Boss|Kingambit, F|100\/100\n|turn|7\n|\n|t:|1695516212\n|move|p1a: Yakuza Boss|Sucker Punch|p2a: Cresselia\n|-supereffective|p2a: Cresselia\n|-damage|p2a: Cresselia|0 fnt\n|faint|p2a: Cresselia\n|\n|win|qasxcfdcvbjhygtf\n|raw|qasxcfdcvbjhygtf's rating: 1326 &rarr; <strong>1349<\/strong><br \/>(+23 for winning)\n|raw|MathHacker's rating: 1373 &rarr; <strong>1350<\/strong><br \/>(-23 for losing)\n|l|\u2606qasxcfdcvbjhygtf\n|j|\u2606qasxcfdcvbjhygtf\n|player|p1|qasxcfdcvbjhygtf|guzma\n","uploadtime":1695516235,"views":11,"p1id":"qasxcfdcvbjhygtf","p2id":"mathhacker","formatid":"gen9nationaldexdoubles","rating":1349,"private":0,"password":""}