{"id":"gen9nationaldexdoubles-1999625483","p1":"Queijolol","p2":"Inimicus2000","format":"[Gen 9] National Dex Doubles","log":"|j|\u2606Queijolol\n|j|\u2606Inimicus2000\n|t:|1701102342\n|gametype|doubles\n|player|p1|Queijolol|dawn|1420\n|player|p2|Inimicus2000|2|1509\n|teamsize|p1|6\n|teamsize|p2|6\n|gen|9\n|tier|[Gen 9] National Dex Doubles\n|rated|\n|rule|HP Percentage Mod: HP is shown in percentages\n|rule|Endless Battle Clause: Forcing endless battles is banned\n|rule|OHKO Clause: OHKO moves are banned\n|rule|Evasion Moves Clause: Evasion moves are banned\n|rule|Evasion Abilities Clause: Evasion abilities are banned\n|rule|Species Clause: Limit one of each Pok\u00e9mon\n|rule|Gravity Sleep Clause: The combination of sleep-inducing moves with imperfect accuracy and Gravity or Gigantamax Orbeetle are banned\n|clearpoke\n|poke|p1|Ogerpon-Hearthflame, F|\n|poke|p1|Rillaboom, F|\n|poke|p1|Charizard, M|\n|poke|p1|Chi-Yu|\n|poke|p1|Walking Wake|\n|poke|p1|Flutter Mane|\n|poke|p2|Flutter Mane|\n|poke|p2|Deoxys-Attack|\n|poke|p2|Charizard, F|\n|poke|p2|Chi-Yu|\n|poke|p2|Walking Wake|\n|poke|p2|Roaring Moon|\n|teampreview\n|inactive|Battle timer is ON: inactive players will automatically lose when time's up. (requested by Inimicus2000)\n|\n|t:|1701102354\n|start\n|switch|p1a: Rillaboom|Rillaboom, F|100\/100\n|switch|p1b: Chi-Yu|Chi-Yu|100\/100\n|switch|p2a: Charizard|Charizard, F, shiny|100\/100\n|switch|p2b: Chi-Yu|Chi-Yu|100\/100\n|-ability|p1b: Chi-Yu|Beads of Ruin\n|-ability|p2b: Chi-Yu|Beads of Ruin\n|-fieldstart|move: Grassy Terrain|[from] ability: Grassy Surge|[of] p1a: Rillaboom\n|turn|1\n|\n|t:|1701102363\n|switch|p1a: Walking Wake|Walking Wake|100\/100\n|detailschange|p2a: Charizard|Charizard-Mega-Y, F, shiny\n|-mega|p2a: Charizard|Charizard|Charizardite Y\n|-weather|SunnyDay|[from] ability: Drought|[of] p2a: Charizard\n|-activate|p1a: Walking Wake|ability: Protosynthesis\n|-start|p1a: Walking Wake|protosynthesisspa\n|-terastallize|p2b: Chi-Yu|Fire\n|move|p2b: Chi-Yu|Heat Wave|p1b: Chi-Yu|[spread] p1b\n|-miss|p2b: Chi-Yu|p1a: Walking Wake\n|-resisted|p1b: Chi-Yu\n|-damage|p1b: Chi-Yu|56\/100\n|move|p1b: Chi-Yu|Overheat|p2b: Chi-Yu\n|-resisted|p2b: Chi-Yu\n|-damage|p2b: Chi-Yu|45\/100\n|-unboost|p1b: Chi-Yu|spa|2\n|move|p2a: Charizard|Heat Wave|p1a: Walking Wake|[spread] p1a,p1b\n|-resisted|p1a: Walking Wake\n|-crit|p1a: Walking Wake\n|-resisted|p1b: Chi-Yu\n|-damage|p1a: Walking Wake|63\/100\n|-damage|p1b: Chi-Yu|21\/100\n|\n|-weather|SunnyDay|[upkeep]\n|-heal|p2b: Chi-Yu|51\/100|[from] Grassy Terrain\n|-heal|p1b: Chi-Yu|27\/100|[from] Grassy Terrain\n|-heal|p1a: Walking Wake|69\/100|[from] Grassy Terrain\n|upkeep\n|turn|2\n|\n|t:|1701102390\n|move|p1b: Chi-Yu|Overheat|p2b: Chi-Yu\n|-resisted|p2b: Chi-Yu\n|-damage|p2b: Chi-Yu|20\/100\n|-unboost|p1b: Chi-Yu|spa|2\n|move|p2b: Chi-Yu|Heat Wave|p1a: Walking Wake|[spread] p1a\n|-miss|p2b: Chi-Yu|p1b: Chi-Yu\n|-resisted|p1a: Walking Wake\n|-damage|p1a: Walking Wake|40\/100\n|move|p1a: Walking Wake|Hydro Steam|p2a: Charizard\n|-supereffective|p2a: Charizard\n|-damage|p2a: Charizard|0 fnt\n|faint|p2a: Charizard\n|\n|-weather|SunnyDay|[upkeep]\n|-heal|p1b: Chi-Yu|33\/100|[from] Grassy Terrain\n|-heal|p2b: Chi-Yu|26\/100|[from] Grassy Terrain\n|-heal|p1a: Walking Wake|46\/100|[from] Grassy Terrain\n|upkeep\n|inactive|Inimicus2000 has 120 seconds left.\n|\n|t:|1701102406\n|switch|p2a: Deoxys|Deoxys-Attack, shiny|100\/100\n|-ability|p2a: Deoxys|Pressure\n|turn|3\n|\n|t:|1701102414\n|move|p1b: Chi-Yu|Overheat|p2a: Deoxys\n|-enditem|p2a: Deoxys|Focus Sash\n|-damage|p2a: Deoxys|1\/100\n|-unboost|p1b: Chi-Yu|spa|2\n|move|p2b: Chi-Yu|Heat Wave|p1a: Walking Wake|[spread] p1a\n|-miss|p2b: Chi-Yu|p1b: Chi-Yu\n|-resisted|p1a: Walking Wake\n|-damage|p1a: Walking Wake|17\/100\n|-status|p1a: Walking Wake|brn\n|move|p2a: Deoxys|Psycho Boost|p1a: Walking Wake\n|-damage|p1a: Walking Wake|0 fnt\n|-unboost|p2a: Deoxys|spa|2\n|faint|p1a: Walking Wake\n|-end|p1a: Walking Wake|Protosynthesis|[silent]\n|\n|-weather|SunnyDay|[upkeep]\n|-heal|p2b: Chi-Yu|32\/100|[from] Grassy Terrain\n|-heal|p1b: Chi-Yu|39\/100|[from] Grassy Terrain\n|-heal|p2a: Deoxys|7\/100|[from] Grassy Terrain\n|upkeep\n|\n|t:|1701102423\n|switch|p1a: Flutter Mane|Flutter Mane|100\/100\n|-activate|p1a: Flutter Mane|ability: Protosynthesis\n|-start|p1a: Flutter Mane|protosynthesisspe\n|turn|4\n|\n|t:|1701102434\n|move|p2a: Deoxys|Extreme Speed|p1b: Chi-Yu\n|-damage|p1b: Chi-Yu|0 fnt\n|faint|p1b: Chi-Yu\n|move|p1a: Flutter Mane|Dazzling Gleam|p2b: Chi-Yu|[spread] p2a,p2b\n|-resisted|p2b: Chi-Yu\n|-crit|p2b: Chi-Yu\n|-damage|p2a: Deoxys|0 fnt\n|-damage|p2b: Chi-Yu|5\/100\n|faint|p2a: Deoxys\n|move|p2b: Chi-Yu|Heat Wave|p1a: Flutter Mane\n|-enditem|p1a: Flutter Mane|Focus Sash\n|-damage|p1a: Flutter Mane|1\/100\n|\n|-weather|SunnyDay|[upkeep]\n|-heal|p1a: Flutter Mane|7\/100|[from] Grassy Terrain\n|-heal|p2b: Chi-Yu|11\/100|[from] Grassy Terrain\n|upkeep\n|\n|t:|1701102443\n|switch|p2a: Flutter Mane|Flutter Mane|100\/100\n|switch|p1b: Rillaboom|Rillaboom, F|100\/100\n|-activate|p2a: Flutter Mane|ability: Protosynthesis\n|-start|p2a: Flutter Mane|protosynthesisspe\n|turn|5\n|\n|t:|1701102453\n|-terastallize|p1b: Rillaboom|Grass\n|move|p1b: Rillaboom|Grassy Glide|p2a: Flutter Mane\n|-damage|p2a: Flutter Mane|0 fnt\n|faint|p2a: Flutter Mane\n|-end|p2a: Flutter Mane|Protosynthesis|[silent]\n|move|p1a: Flutter Mane|Shadow Ball|p2b: Chi-Yu\n|-damage|p2b: Chi-Yu|0 fnt\n|faint|p2b: Chi-Yu\n|\n|-weather|none\n|-end|p1a: Flutter Mane|Protosynthesis\n|-heal|p1a: Flutter Mane|13\/100|[from] Grassy Terrain\n|upkeep\n|\n|t:|1701102463\n|switch|p2a: Walking Wake|Walking Wake|100\/100\n|switch|p2b: Roaring Moon|Roaring Moon|100\/100\n|turn|6\n|-message|Inimicus2000 forfeited.\n|\n|win|Queijolol\n|raw|Queijolol's rating: 1420 &rarr; <strong>1445<\/strong><br \/>(+25 for winning)\n|raw|Inimicus2000's rating: 1509 &rarr; <strong>1484<\/strong><br \/>(-25 for losing)\n|l|\u2606Inimicus2000\n","uploadtime":1701102478,"views":1,"p1id":"queijolol","p2id":"inimicus2000","formatid":"gen9nationaldexdoubles","rating":1445,"private":0,"password":""}