{"id":"gen9nationaldexdoubles-1985870902","p1":"Aaries0330","p2":"EbongAtSeabong","format":"[Gen 9] National Dex Doubles","log":"|j|\u2606Aaries0330\n|j|\u2606EbongAtSeabong\n|t:|1699415597\n|gametype|doubles\n|player|p1|Aaries0330|guitarist|1062\n|player|p2|EbongAtSeabong|bellelba|1114\n|teamsize|p1|6\n|teamsize|p2|6\n|gen|9\n|tier|[Gen 9] National Dex Doubles\n|rated|\n|rule|HP Percentage Mod: HP is shown in percentages\n|rule|Endless Battle Clause: Forcing endless battles is banned\n|rule|OHKO Clause: OHKO moves are banned\n|rule|Evasion Moves Clause: Evasion moves are banned\n|rule|Evasion Abilities Clause: Evasion abilities are banned\n|rule|Species Clause: Limit one of each Pok\u00e9mon\n|rule|Gravity Sleep Clause: The combination of sleep-inducing moves with imperfect accuracy and Gravity or Gigantamax Orbeetle are banned\n|clearpoke\n|poke|p1|Beedrill, M|\n|poke|p1|Maushold-Four|\n|poke|p1|Stonjourner, M|\n|poke|p1|Indeedee-F, F|\n|poke|p1|Amoonguss, M|\n|poke|p1|Klawf, M|\n|poke|p2|Spinda, F|\n|poke|p2|Ursaluna, F|\n|poke|p2|Sinistcha|\n|poke|p2|Landorus-Therian, M|\n|poke|p2|Kommo-o, M|\n|poke|p2|Banette, M|\n|teampreview\n|inactive|Battle timer is ON: inactive players will automatically lose when time's up. (requested by EbongAtSeabong)\n|c|\u2606Aaries0330|gl, hf\n|c|\u2606EbongAtSeabong|gl hf\n|inactive|Aaries0330 has 120 seconds left.\n|\n|t:|1699415646\n|start\n|switch|p1a: Buck Bumble|Beedrill, M, shiny|100\/100\n|switch|p1b: A family of 4|Maushold-Four|100\/100\n|switch|p2a: Butsed|Ursaluna, F|100\/100\n|switch|p2b: Butt seed|Spinda, F|100\/100\n|turn|1\n|\n|t:|1699415671\n|move|p1b: A family of 4|Follow Me|p1b: A family of 4\n|-singleturn|p1b: A family of 4|move: Follow Me\n|move|p1a: Buck Bumble|Tailwind|p1a: Buck Bumble\n|-sidestart|p1: Aaries0330|move: Tailwind\n|move|p2b: Butt seed|Skill Swap|p1b: A family of 4\n|-activate|p2b: Butt seed|move: Skill Swap|Friend Guard|Contrary|[of] p1b: A family of 4\n|move|p2a: Butsed|Headlong Rush|p1b: A family of 4\n|-damage|p1b: A family of 4|12\/100\n|-unboost|p2a: Butsed|def|1\n|-unboost|p2a: Butsed|spd|1\n|-enditem|p1b: A family of 4|Aguav Berry|[eat]\n|-heal|p1b: A family of 4|45\/100|[from] item: Aguav Berry\n|\n|-status|p2b: Butt seed|brn|[from] item: Flame Orb\n|upkeep\n|turn|2\n|inactive|Aaries0330 has 120 seconds left.\n|\n|t:|1699415704\n|move|p1b: A family of 4|Follow Me|p1b: A family of 4\n|-singleturn|p1b: A family of 4|move: Follow Me\n|move|p1a: Buck Bumble|Focus Energy|p1a: Buck Bumble\n|-start|p1a: Buck Bumble|move: Focus Energy\n|move|p2b: Butt seed|Trick|p1b: A family of 4\n|-activate|p2b: Butt seed|move: Trick|[of] p1b: A family of 4\n|-item|p1b: A family of 4|Flame Orb|[from] move: Trick\n|-enditem|p2b: Butt seed|Flame Orb|[silent]|[from] move: Trick\n|move|p2a: Butsed|Headlong Rush|p1b: A family of 4\n|-damage|p1b: A family of 4|0 fnt\n|-unboost|p2a: Butsed|def|1\n|-unboost|p2a: Butsed|spd|1\n|faint|p1b: A family of 4\n|\n|-damage|p2b: Butt seed|94\/100 brn|[from] brn\n|upkeep\n|inactive|Aaries0330 has 120 seconds left.\n|\n|t:|1699415729\n|switch|p1b: Battle Crab|Klawf, M|100\/100\n|turn|3\n|inactive|Aaries0330 has 120 seconds left.\n|inactive|Aaries0330 has 90 seconds left.\n|\n|t:|1699415783\n|-terastallize|p1a: Buck Bumble|Flying\n|move|p1a: Buck Bumble|Drill Run|p2b: Butt seed\n|-crit|p2b: Butt seed\n|-damage|p2b: Butt seed|15\/100 brn\n|move|p1b: Battle Crab|Rock Slide|p2a: Butsed|[spread] p2a,p2b\n|-resisted|p2a: Butsed\n|-damage|p2a: Butsed|87\/100\n|-damage|p2b: Butt seed|0 fnt\n|faint|p2b: Butt seed\n|move|p2a: Butsed|Headlong Rush|p1b: Battle Crab\n|-supereffective|p1b: Battle Crab\n|-damage|p1b: Battle Crab|0 fnt\n|-unboost|p2a: Butsed|def|1\n|-unboost|p2a: Butsed|spd|1\n|faint|p1b: Battle Crab\n|\n|-heal|p2a: Butsed|94\/100|[from] item: Leftovers\n|upkeep\n|inactive|Aaries0330 has 90 seconds left.\n|\n|t:|1699415805\n|switch|p1b: Robot Maid|Indeedee-F, F, shiny|100\/100\n|switch|p2b: Banette|Banette, M|100\/100\n|-fieldstart|move: Psychic Terrain|[from] ability: Psychic Surge|[of] p1b: Robot Maid\n|-item|p1a: Buck Bumble|Lum Berry|[from] ability: Frisk|[of] p2b: Banette|[identify]\n|-item|p1b: Robot Maid|Light Clay|[from] ability: Frisk|[of] p2b: Banette|[identify]\n|turn|4\n|inactive|Aaries0330 has 90 seconds left.\n|inactive|EbongAtSeabong has 120 seconds left.\n|\n|t:|1699415846\n|switch|p2a: Landorus|Landorus-Therian, M|100\/100\n|-ability|p2a: Landorus|Intimidate|boost\n|-unboost|p1a: Buck Bumble|atk|1\n|-unboost|p1b: Robot Maid|atk|1\n|detailschange|p2b: Banette|Banette-Mega, M\n|-mega|p2b: Banette|Banette|Banettite\n|move|p2b: Banette|Will-O-Wisp|p1a: Buck Bumble\n|-status|p1a: Buck Bumble|brn\n|-enditem|p1a: Buck Bumble|Lum Berry|[eat]\n|-curestatus|p1a: Buck Bumble|brn|[msg]\n|move|p1a: Buck Bumble|Drill Run|p2a: Landorus\n|-immune|p2a: Landorus\n|move|p1b: Robot Maid|Light Screen|p1b: Robot Maid\n|-sidestart|p1: Aaries0330|move: Light Screen\n|\n|-sideend|p1: Aaries0330|move: Tailwind\n|upkeep\n|turn|5\n|inactive|Aaries0330 has 90 seconds left.\n|inactive|EbongAtSeabong has 120 seconds left.\n|\n|t:|1699415877\n|move|p2b: Banette|Will-O-Wisp|p1a: Buck Bumble\n|-status|p1a: Buck Bumble|brn\n|move|p2a: Landorus|Knock Off|p1b: Robot Maid\n|-supereffective|p1b: Robot Maid\n|-damage|p1b: Robot Maid|0 fnt\n|-enditem|p1b: Robot Maid|Light Clay|[from] move: Knock Off|[of] p2a: Landorus\n|faint|p1b: Robot Maid\n|move|p1a: Buck Bumble|Acrobatics|p2b: Banette\n|-damage|p2b: Banette|81\/100\n|\n|-damage|p1a: Buck Bumble|94\/100 brn|[from] brn\n|upkeep\n|inactive|Aaries0330 has 60 seconds left.\n|\n|t:|1699415894\n|switch|p1b: Gus|Amoonguss, M, shiny|100\/100\n|turn|6\n|\n|t:|1699415916\n|move|p2a: Landorus|Rock Slide|p1b: Gus|[spread] p1a,p1b\n|-supereffective|p1a: Buck Bumble\n|-damage|p1a: Buck Bumble|0 fnt\n|-damage|p1b: Gus|78\/100\n|faint|p1a: Buck Bumble\n|move|p2b: Banette|Poltergeist|p1b: Gus\n|-activate|p1b: Gus|move: Poltergeist|Assault Vest\n|-damage|p1b: Gus|14\/100\n|cant|p1b: Gus|flinch\n|\n|upkeep\n|\n|t:|1699415924\n|switch|p1a: Dirty Dan|Stonjourner, M, shiny|100\/100\n|turn|7\n|\n|t:|1699415942\n|move|p1a: Dirty Dan|Wide Guard|p1a: Dirty Dan\n|-singleturn|p1a: Dirty Dan|Wide Guard\n|move|p2a: Landorus|Rock Slide|p1a: Dirty Dan|[spread] \n|-activate|p1a: Dirty Dan|move: Wide Guard\n|-activate|p1b: Gus|move: Wide Guard\n|move|p2b: Banette|Poltergeist|p1b: Gus\n|-activate|p1b: Gus|move: Poltergeist|Assault Vest\n|-damage|p1b: Gus|0 fnt\n|faint|p1b: Gus\n|\n|upkeep\n|turn|8\n|inactive|Aaries0330 has 90 seconds left.\n|\n|t:|1699415961\n|move|p2a: Landorus|Superpower|p1a: Dirty Dan\n|-supereffective|p1a: Dirty Dan\n|-damage|p1a: Dirty Dan|59\/100\n|-unboost|p2a: Landorus|atk|1\n|-unboost|p2a: Landorus|def|1\n|-damage|p2a: Landorus|84\/100|[from] item: Rocky Helmet|[of] p1a: Dirty Dan\n|move|p2b: Banette|Poltergeist|p1a: Dirty Dan\n|-activate|p1a: Dirty Dan|move: Poltergeist|Rocky Helmet\n|-crit|p1a: Dirty Dan\n|-damage|p1a: Dirty Dan|20\/100\n|move|p1a: Dirty Dan|Body Press|p2a: Landorus\n|-resisted|p2a: Landorus\n|-damage|p2a: Landorus|57\/100\n|\n|-fieldend|move: Psychic Terrain\n|upkeep\n|turn|9\n|c|\u2606Aaries0330|gg\n|c|\u2606EbongAtSeabong|are you randomly generated?\n|c|\u2606EbongAtSeabong|gg\n|c|\u2606Aaries0330|no\n|inactive|Aaries0330 has 90 seconds left.\n|c|\u2606EbongAtSeabong|hmmm okay!\n|\n|t:|1699415991\n|move|p1a: Dirty Dan|Endure|p1a: Dirty Dan\n|-singleturn|p1a: Dirty Dan|move: Endure\n|move|p2a: Landorus|Superpower|p1a: Dirty Dan\n|-supereffective|p1a: Dirty Dan\n|-activate|p1a: Dirty Dan|move: Endure\n|-damage|p1a: Dirty Dan|1\/100\n|-unboost|p2a: Landorus|atk|1\n|-unboost|p2a: Landorus|def|1\n|-damage|p2a: Landorus|41\/100|[from] item: Rocky Helmet|[of] p1a: Dirty Dan\n|move|p2b: Banette|Poltergeist|p1a: Dirty Dan\n|-activate|p1a: Dirty Dan|move: Poltergeist|Rocky Helmet\n|-activate|p1a: Dirty Dan|move: Endure\n|-damage|p1a: Dirty Dan|1\/100\n|\n|upkeep\n|turn|10\n|inactive|Aaries0330 has 90 seconds left.\n|c|\u2606Aaries0330|I for real went into this with the mindset to make Buck bumble a thing but wasn't really sure what else to bring for the rest of the team.\n|\n|t:|1699416036\n|move|p2a: Landorus|Rock Slide|p1a: Dirty Dan\n|-damage|p1a: Dirty Dan|0 fnt\n|faint|p1a: Dirty Dan\n|\n|win|EbongAtSeabong\n|raw|Aaries0330's rating: 1062 &rarr; <strong>1046<\/strong><br \/>(-16 for losing)\n|raw|EbongAtSeabong's rating: 1114 &rarr; <strong>1135<\/strong><br \/>(+21 for winning)\n|c|\u2606EbongAtSeabong|what about mega beedrill?\n|c|\u2606Aaries0330|I wanted the lum\n|c|\u2606Aaries0330|But maybe I should consider it\n|c|\u2606EbongAtSeabong|you could have a team mate with aromatherapy\/heal bell\n|c|\u2606EbongAtSeabong|to heal mega beedrill of status\n|c|\u2606Aaries0330|I did. They got one shot .3.\n|c|\u2606EbongAtSeabong|the teammate?\n|c|\u2606Aaries0330|Indeedee\n|c|\u2606EbongAtSeabong|you probably dont need the lum berry then if you do have a teammate that can do that though\n|c|\u2606EbongAtSeabong|indeedee wouldnt have been one shot if reflect was up instead of light screen\n|c|\u2606Aaries0330|true\n|c|\u2606EbongAtSeabong|maybe you could consider aurora veil\n|c|\u2606EbongAtSeabong|I like Buck Bumble's name\n|c|\u2606Aaries0330|think I should swap draining kiss with reflect?\n|c|\u2606EbongAtSeabong|if youre going to have both light screen and reflect it might be better to run grimmsnarl with prankster light clay\n|c|\u2606Aaries0330|aurora veil wouldn't be half bad.\n|c|\u2606EbongAtSeabong|but yeah draining kiss isnt a great move on Indeedee, no STAB and low base power so it probably wouldnt even heal much\n|c|\u2606EbongAtSeabong|well goodbye! good luck\n|l|\u2606EbongAtSeabong\n","uploadtime":1699416568,"views":5,"p1id":"aaries0330","p2id":"ebongatseabong","formatid":"gen9nationaldexdoubles","rating":1046,"private":0,"password":""}