{"id":"gen9nationaldexdoubles-1971410372","p1":"Beyond Subzero","p2":"AdvancedDigit","format":"[Gen 9] National Dex Doubles","log":"|j|\u2606Beyond Subzero\n|j|\u2606AdvancedDigit\n|t:|1697736314\n|gametype|doubles\n|player|p1|Beyond Subzero|bruno|1420\n|player|p2|AdvancedDigit|hilbert|1207\n|teamsize|p1|6\n|teamsize|p2|6\n|gen|9\n|tier|[Gen 9] National Dex Doubles\n|rated|\n|rule|HP Percentage Mod: HP is shown in percentages\n|rule|Endless Battle Clause: Forcing endless battles is banned\n|rule|OHKO Clause: OHKO moves are banned\n|rule|Evasion Moves Clause: Evasion moves are banned\n|rule|Evasion Abilities Clause: Evasion abilities are banned\n|rule|Species Clause: Limit one of each Pok\u00e9mon\n|rule|Gravity Sleep Clause: The combination of sleep-inducing moves with imperfect accuracy and Gravity or Gigantamax Orbeetle are banned\n|clearpoke\n|poke|p1|Ninetales-Alola, M|\n|poke|p1|Latias, F|\n|poke|p1|Volcanion|\n|poke|p1|Kyurem-Black|\n|poke|p1|Whimsicott, F|\n|poke|p1|Zamazenta-*|\n|poke|p2|Malamar, M|\n|poke|p2|Tornadus, M|\n|poke|p2|Maushold|\n|poke|p2|Ambipom, M|\n|poke|p2|Mr. Mime, F|\n|poke|p2|Amoonguss, M|\n|teampreview\n|\n|t:|1697736338\n|start\n|switch|p1a: Ninetales|Ninetales-Alola, M|100\/100\n|switch|p1b: Kyurem|Kyurem-Black|100\/100\n|switch|p2a: Ambipom|Ambipom, M|100\/100\n|switch|p2b: Mr. Mime|Mr. Mime, F|100\/100\n|-weather|Snow|[from] ability: Snow Warning|[of] p1a: Ninetales\n|-ability|p1b: Kyurem|Teravolt\n|turn|1\n|\n|t:|1697736356\n|move|p1b: Kyurem|Protect|p1b: Kyurem\n|-singleturn|p1b: Kyurem|Protect\n|move|p2b: Mr. Mime|Fake Out|p1b: Kyurem\n|-activate|p1b: Kyurem|move: Protect\n|move|p2a: Ambipom|Hone Claws|p2a: Ambipom\n|-boost|p2a: Ambipom|atk|1\n|-boost|p2a: Ambipom|accuracy|1\n|move|p1a: Ninetales|Aurora Veil|p1a: Ninetales\n|-sidestart|p1: Beyond Subzero|move: Aurora Veil\n|\n|-weather|Snow|[upkeep]\n|upkeep\n|turn|2\n|inactive|Battle timer is ON: inactive players will automatically lose when time's up. (requested by AdvancedDigit)\n|\n|t:|1697736372\n|move|p2b: Mr. Mime|Follow Me|p2b: Mr. Mime\n|-singleturn|p2b: Mr. Mime|move: Follow Me\n|move|p2a: Ambipom|Baton Pass|p2a: Ambipom\n|\n|t:|1697736375\n|switch|p2a: Maushold|Maushold|100\/100|[from] Baton Pass\n|move|p1a: Ninetales|Encore|p2b: Mr. Mime\n|-start|p2b: Mr. Mime|Encore\n|move|p1b: Kyurem|Dragon Dance|p1b: Kyurem\n|-boost|p1b: Kyurem|atk|1\n|-boost|p1b: Kyurem|spe|1\n|\n|-weather|Snow|[upkeep]\n|upkeep\n|turn|3\n|\n|t:|1697736390\n|move|p2b: Mr. Mime|Follow Me|p2b: Mr. Mime\n|-singleturn|p2b: Mr. Mime|move: Follow Me\n|move|p1b: Kyurem|Dragon Dance|p1b: Kyurem\n|-boost|p1b: Kyurem|atk|1\n|-boost|p1b: Kyurem|spe|1\n|move|p2a: Maushold|Population Bomb|p1b: Kyurem\n|-damage|p1b: Kyurem|94\/100\n|-damage|p1b: Kyurem|87\/100\n|-damage|p1b: Kyurem|81\/100\n|-damage|p1b: Kyurem|74\/100\n|-damage|p1b: Kyurem|68\/100\n|-damage|p1b: Kyurem|62\/100\n|-damage|p1b: Kyurem|56\/100\n|-damage|p1b: Kyurem|49\/100\n|-damage|p1b: Kyurem|42\/100\n|-damage|p1b: Kyurem|36\/100\n|-hitcount|p1b: Kyurem|10\n|move|p1a: Ninetales|Aurora Veil||[still]\n|-fail|p1a: Ninetales\n|\n|-weather|Snow|[upkeep]\n|upkeep\n|turn|4\n|\n|t:|1697736412\n|move|p1b: Kyurem|Protect|p1b: Kyurem\n|-singleturn|p1b: Kyurem|Protect\n|move|p2b: Mr. Mime|Follow Me|p2b: Mr. Mime\n|-singleturn|p2b: Mr. Mime|move: Follow Me\n|move|p2a: Maushold|Population Bomb|p1b: Kyurem\n|-activate|p1b: Kyurem|move: Protect\n|move|p1a: Ninetales|Blizzard|p2a: Maushold|[spread] p2a,p2b\n|-damage|p2a: Maushold|54\/100\n|-damage|p2b: Mr. Mime|70\/100\n|\n|-weather|Snow|[upkeep]\n|-heal|p2b: Mr. Mime|75\/100|[from] item: Leftovers\n|upkeep\n|turn|5\n|inactive|Beyond Subzero has 120 seconds left.\n|\n|t:|1697736446\n|move|p2b: Mr. Mime|Follow Me|p2b: Mr. Mime\n|-singleturn|p2b: Mr. Mime|move: Follow Me\n|move|p1b: Kyurem|Icicle Spear|p2b: Mr. Mime\n|-crit|p2b: Mr. Mime\n|-damage|p2b: Mr. Mime|0 fnt\n|faint|p2b: Mr. Mime\n|-hitcount|p2: Mr. Mime|1\n|move|p2a: Maushold|Population Bomb|p1b: Kyurem\n|-damage|p1b: Kyurem|29\/100\n|-damage|p1b: Kyurem|22\/100\n|-damage|p1b: Kyurem|16\/100\n|-damage|p1b: Kyurem|9\/100\n|-damage|p1b: Kyurem|3\/100\n|-damage|p1b: Kyurem|0 fnt\n|faint|p1b: Kyurem\n|-hitcount|p1: Kyurem|6\n|move|p1a: Ninetales|Blizzard|p2a: Maushold\n|-damage|p2a: Maushold|0 fnt\n|faint|p2a: Maushold\n|\n|-weather|none\n|upkeep\n|inactive|Beyond Subzero has 120 seconds left.\n|\n|t:|1697736473\n|switch|p2a: Malamar|Malamar, M|100\/100\n|switch|p2b: Tornadus|Tornadus, M|100\/100\n|switch|p1b: Zamazenta|Zamazenta|100\/100\n|-ability|p1b: Zamazenta|Dauntless Shield|boost\n|-boost|p1b: Zamazenta|def|1\n|turn|6\n|inactive|Beyond Subzero has 120 seconds left.\n|\n|t:|1697736501\n|move|p2b: Tornadus|Defog|p2a: Malamar\n|-boost|p2a: Malamar|evasion|1\n|move|p1b: Zamazenta|Body Press|p2a: Malamar|[miss]\n|-miss|p1b: Zamazenta|p2a: Malamar\n|move|p1a: Ninetales|Encore|p2b: Tornadus\n|-start|p2b: Tornadus|Encore\n|move|p2a: Malamar|Superpower|p1a: Ninetales\n|-damage|p1a: Ninetales|63\/100\n|-boost|p2a: Malamar|atk|1\n|-boost|p2a: Malamar|def|1\n|\n|upkeep\n|turn|7\n|\n|t:|1697736524\n|move|p2b: Tornadus|Defog|p2a: Malamar\n|-boost|p2a: Malamar|evasion|1\n|move|p1b: Zamazenta|Body Press|p2a: Malamar|[miss]\n|-miss|p1b: Zamazenta|p2a: Malamar\n|move|p1a: Ninetales|Blizzard|p2b: Tornadus|[spread] p2b\n|-miss|p1a: Ninetales|p2a: Malamar\n|-supereffective|p2b: Tornadus\n|-damage|p2b: Tornadus|10\/100\n|move|p2a: Malamar|Superpower|p1a: Ninetales\n|-damage|p1a: Ninetales|8\/100\n|-boost|p2a: Malamar|atk|1\n|-boost|p2a: Malamar|def|1\n|\n|-heal|p2b: Tornadus|16\/100|[from] item: Leftovers\n|upkeep\n|turn|8\n|\n|t:|1697736545\n|switch|p1a: Whimsicott|Whimsicott, F|100\/100\n|move|p2b: Tornadus|Defog|p2a: Malamar\n|-boost|p2a: Malamar|evasion|1\n|move|p1b: Zamazenta|Body Press|p2a: Malamar\n|-damage|p2a: Malamar|73\/100\n|move|p2a: Malamar|Rock Slide|p1b: Zamazenta|[spread] p1a,p1b\n|-resisted|p1b: Zamazenta\n|-damage|p1a: Whimsicott|70\/100\n|-damage|p1b: Zamazenta|95\/100\n|\n|-heal|p2b: Tornadus|22\/100|[from] item: Leftovers\n|-heal|p2a: Malamar|79\/100|[from] item: Leftovers\n|-sideend|p1: Beyond Subzero|move: Aurora Veil\n|upkeep\n|turn|9\n|\n|t:|1697736568\n|move|p1a: Whimsicott|Encore|p2a: Malamar\n|-hint|Since gen 7, Dark is immune to Prankster moves.\n|-immune|p2a: Malamar\n|move|p2b: Tornadus|Defog|p2a: Malamar\n|-boost|p2a: Malamar|evasion|1\n|move|p1b: Zamazenta|Play Rough|p2b: Tornadus\n|-damage|p2b: Tornadus|0 fnt\n|faint|p2b: Tornadus\n|move|p2a: Malamar|Rock Slide|p1b: Zamazenta|[spread] p1a,p1b\n|-resisted|p1b: Zamazenta\n|-damage|p1a: Whimsicott|21\/100\n|-damage|p1b: Zamazenta|87\/100\n|\n|-heal|p2a: Malamar|85\/100|[from] item: Leftovers\n|upkeep\n|\n|t:|1697736589\n|switch|p2b: Ambipom|Ambipom, M|100\/100\n|turn|10\n|\n|t:|1697736606\n|move|p1b: Zamazenta|Wide Guard|p1b: Zamazenta\n|-singleturn|p1b: Zamazenta|Wide Guard\n|move|p2b: Ambipom|Fake Out|p1a: Whimsicott\n|-damage|p1a: Whimsicott|0 fnt\n|faint|p1a: Whimsicott\n|-damage|p2b: Ambipom|91\/100|[from] item: Life Orb\n|move|p2a: Malamar|Superpower|p1b: Zamazenta\n|-crit|p1b: Zamazenta\n|-damage|p1b: Zamazenta|6\/100\n|-boost|p2a: Malamar|atk|1\n|-boost|p2a: Malamar|def|1\n|-enditem|p1b: Zamazenta|Sitrus Berry|[eat]\n|-heal|p1b: Zamazenta|31\/100|[from] item: Sitrus Berry\n|\n|-heal|p2a: Malamar|91\/100|[from] item: Leftovers\n|upkeep\n|inactive|Beyond Subzero has 120 seconds left.\n|\n|t:|1697736629\n|switch|p1a: Ninetales|Ninetales-Alola, M|8\/100\n|-weather|Snow|[from] ability: Snow Warning|[of] p1a: Ninetales\n|turn|11\n|\n|t:|1697736643\n|move|p2a: Malamar|Protect|p2a: Malamar\n|-singleturn|p2a: Malamar|Protect\n|move|p1b: Zamazenta|Body Press|p2a: Malamar\n|-activate|p2a: Malamar|move: Protect\n|move|p2b: Ambipom|Knock Off|p1a: Ninetales\n|-resisted|p1a: Ninetales\n|-damage|p1a: Ninetales|0 fnt\n|-enditem|p1a: Ninetales|Light Clay|[from] move: Knock Off|[of] p2b: Ambipom\n|faint|p1a: Ninetales\n|-damage|p2b: Ambipom|81\/100|[from] item: Life Orb\n|\n|-weather|Snow|[upkeep]\n|-heal|p2a: Malamar|98\/100|[from] item: Leftovers\n|upkeep\n|\n|t:|1697736655\n|switch|p1a: Latias|Latias, F|100\/100\n|turn|12\n|\n|t:|1697736673\n|switch|p2b: Amoonguss|Amoonguss, M|100\/100\n|detailschange|p1a: Latias|Latias-Mega, F\n|-mega|p1a: Latias|Latias|Latiasite\n|move|p1b: Zamazenta|Coaching|p1a: Latias\n|-boost|p1a: Latias|atk|1\n|-boost|p1a: Latias|def|1\n|move|p1a: Latias|Calm Mind|p1a: Latias\n|-boost|p1a: Latias|spa|1\n|-boost|p1a: Latias|spd|1\n|move|p2a: Malamar|Knock Off|p1a: Latias\n|-supereffective|p1a: Latias\n|-damage|p1a: Latias|19\/100\n|\n|-weather|Snow|[upkeep]\n|-heal|p2a: Malamar|100\/100|[from] item: Leftovers\n|upkeep\n|turn|13\n|\n|t:|1697736691\n|move|p2b: Amoonguss|Rage Powder|p2b: Amoonguss\n|-singleturn|p2b: Amoonguss|move: Rage Powder\n|move|p1b: Zamazenta|Body Press|p2b: Amoonguss\n|-resisted|p2b: Amoonguss\n|-damage|p2b: Amoonguss|82\/100\n|-damage|p1b: Zamazenta|14\/100|[from] item: Rocky Helmet|[of] p2b: Amoonguss\n|move|p1a: Latias|Stored Power|p2b: Amoonguss\n|-supereffective|p2b: Amoonguss\n|-damage|p2b: Amoonguss|0 fnt\n|faint|p2b: Amoonguss\n|move|p2a: Malamar|Knock Off|p1a: Latias\n|-supereffective|p1a: Latias\n|-damage|p1a: Latias|0 fnt\n|faint|p1a: Latias\n|\n|-weather|Snow|[upkeep]\n|upkeep\n|\n|t:|1697736704\n|switch|p1a: Volcanion|Volcanion|100\/100\n|switch|p2b: Ambipom|Ambipom, M|81\/100\n|turn|14\n|\n|t:|1697736721\n|move|p1b: Zamazenta|Wide Guard|p1b: Zamazenta\n|-singleturn|p1b: Zamazenta|Wide Guard\n|move|p2b: Ambipom|Fake Out|p1b: Zamazenta\n|-damage|p1b: Zamazenta|0 fnt\n|faint|p1b: Zamazenta\n|-damage|p2b: Ambipom|71\/100|[from] item: Life Orb\n|move|p2a: Malamar|Superpower|p1a: Volcanion\n|-damage|p1a: Volcanion|23\/100\n|-boost|p2a: Malamar|atk|1\n|-boost|p2a: Malamar|def|1\n|-zpower|p1a: Volcanion\n|move|p1a: Volcanion|Hydro Vortex|p2a: Malamar|[zeffect]\n|-damage|p2a: Malamar|0 fnt\n|faint|p2a: Malamar\n|\n|-weather|Snow|[upkeep]\n|upkeep\n|turn|15\n|\n|t:|1697736739\n|move|p2b: Ambipom|Knock Off|p1a: Volcanion\n|-damage|p1a: Volcanion|3\/100\n|-damage|p2b: Ambipom|61\/100|[from] item: Life Orb\n|move|p1a: Volcanion|Steam Eruption|p2b: Ambipom\n|-crit|p2b: Ambipom\n|-damage|p2b: Ambipom|0 fnt\n|faint|p2b: Ambipom\n|\n|win|Beyond Subzero\n|raw|Beyond Subzero's rating: 1420 &rarr; <strong>1429<\/strong><br \/>(+9 for winning)\n|raw|AdvancedDigit's rating: 1207 &rarr; <strong>1196<\/strong><br \/>(-11 for losing)\n|c|\u2606AdvancedDigit|gg\n|c|\u2606Beyond Subzero|ggs\n","uploadtime":1697736771,"views":7,"p1id":"beyondsubzero","p2id":"advanceddigit","formatid":"gen9nationaldexdoubles","rating":1196,"private":0,"password":""}