{"id":"gen9nationaldexdoubles-1993873800","p1":"Shiny_Hero64","p2":"Dylanpika99","format":"[Gen 9] National Dex Doubles","log":"|j|\u2606Shiny_Hero64\n|j|\u2606Dylanpika99\n|t:|1700368347\n|gametype|doubles\n|player|p1|Shiny_Hero64|n-masters3|\n|player|p2|Dylanpika99|265|\n|teamsize|p1|6\n|teamsize|p2|6\n|gen|9\n|tier|[Gen 9] National Dex Doubles\n|rule|HP Percentage Mod: HP is shown in percentages\n|rule|Endless Battle Clause: Forcing endless battles is banned\n|rule|OHKO Clause: OHKO moves are banned\n|rule|Evasion Moves Clause: Evasion moves are banned\n|rule|Evasion Abilities Clause: Evasion abilities are banned\n|rule|Species Clause: Limit one of each Pok\u00e9mon\n|rule|Gravity Sleep Clause: The combination of sleep-inducing moves with imperfect accuracy and Gravity or Gigantamax Orbeetle are banned\n|clearpoke\n|poke|p1|Indeedee-F, F|\n|poke|p1|Chien-Pao|\n|poke|p1|Alakazam, M|\n|poke|p1|Sneasler, M|\n|poke|p1|Ursaluna-Bloodmoon, M|\n|poke|p1|Deoxys-Attack|\n|poke|p2|Ogerpon-Cornerstone, F|\n|poke|p2|Sinistcha-Masterpiece|\n|poke|p2|Incineroar, M|\n|poke|p2|Salamence, M|\n|poke|p2|Tapu Fini|\n|poke|p2|Jirachi|\n|teampreview\n|j| Eliminathan\n|c|\u2606Dylanpika99|glhf\n|c|\u2606Shiny_Hero64|You too\n|j| Ryan1Baek\n|j| TheMoistFetus\n|c| TheMoistFetus|raw\n|j| NickNoName\n|inactive|Battle timer is ON: inactive players will automatically lose when time's up. (requested by Dylanpika99)\n|c| TheMoistFetus|terrain wars\n|c| Eliminathan|is mega mence legal in this format?\n|c| TheMoistFetus|ye\n|\n|t:|1700368415\n|start\n|switch|p1a: Indeedee|Indeedee-F, F|100\/100\n|switch|p1b: Sneasler|Sneasler, M|100\/100\n|switch|p2a: Sinistcha|Sinistcha-Masterpiece|100\/100\n|switch|p2b: Jirachi|Jirachi|100\/100\n|-fieldstart|move: Psychic Terrain|[from] ability: Psychic Surge|[of] p1a: Indeedee\n|-enditem|p1b: Sneasler|Psychic Seed\n|-boost|p1b: Sneasler|spd|1|[from] item: Psychic Seed\n|turn|1\n|c| Eliminathan|thats nuts\n|c| TheMoistFetus|defo\n|\n|t:|1700368436\n|move|p1a: Indeedee|Follow Me|p1a: Indeedee\n|-singleturn|p1a: Indeedee|move: Follow Me\n|move|p2a: Sinistcha|Rage Powder|p2a: Sinistcha\n|-singleturn|p2a: Sinistcha|move: Rage Powder\n|move|p1b: Sneasler|Dire Claw|p2a: Sinistcha\n|-damage|p2a: Sinistcha|60\/100\n|-status|p2a: Sinistcha|par\n|-damage|p1b: Sneasler|84\/100|[from] item: Rocky Helmet|[of] p2a: Sinistcha\n|move|p2b: Jirachi|Iron Head|p1a: Indeedee\n|-damage|p1a: Indeedee|70\/100\n|\n|upkeep\n|turn|2\n|inactive|Dylanpika99 has 270 seconds left.\n|\n|t:|1700368468\n|switch|p2a: Incineroar|Incineroar, M|100\/100\n|-ability|p2a: Incineroar|Intimidate|boost\n|-unboost|p1a: Indeedee|atk|1\n|-unboost|p1b: Sneasler|atk|1\n|move|p1b: Sneasler|Close Combat|p2b: Jirachi\n|-damage|p2b: Jirachi|59\/100\n|-unboost|p1b: Sneasler|def|1\n|-unboost|p1b: Sneasler|spd|1\n|move|p2b: Jirachi|Stealth Rock|p1a: Indeedee\n|-sidestart|p1: Shiny_Hero64|move: Stealth Rock\n|move|p1a: Indeedee|Expanding Force|p2a: Incineroar|[spread] p2b\n|-immune|p2a: Incineroar\n|-resisted|p2b: Jirachi\n|-damage|p2b: Jirachi|50\/100\n|-enditem|p2b: Jirachi|Sitrus Berry|[eat]\n|-heal|p2b: Jirachi|75\/100|[from] item: Sitrus Berry\n|\n|upkeep\n|turn|3\n|inactive|Shiny_Hero64 has 270 seconds left.\n|inactive|Dylanpika99 has 270 seconds left.\n|c| TheMoistFetus|only demons use hazards in doubles\n|\n|t:|1700368504\n|switch|p2a: Salamence|Salamence, M|100\/100\n|-ability|p2a: Salamence|Intimidate|boost\n|-unboost|p1a: Indeedee|atk|1\n|-unboost|p1b: Sneasler|atk|1\n|move|p1a: Indeedee|Helping Hand|p1b: Sneasler\n|-singleturn|p1b: Sneasler|Helping Hand|[of] p1a: Indeedee\n|move|p1b: Sneasler|Close Combat|p2a: Salamence\n|-resisted|p2a: Salamence\n|-damage|p2a: Salamence|68\/100\n|-unboost|p1b: Sneasler|def|1\n|-unboost|p1b: Sneasler|spd|1\n|move|p2b: Jirachi|Iron Head|p1a: Indeedee\n|-damage|p1a: Indeedee|37\/100\n|\n|upkeep\n|turn|4\n|inactive|Shiny_Hero64 has 270 seconds left.\n|\n|t:|1700368527\n|switch|p1a: Fred bear|Ursaluna-Bloodmoon, M|100\/100\n|-damage|p1a: Fred bear|94\/100|[from] Stealth Rock\n|detailschange|p2a: Salamence|Salamence-Mega, M\n|-mega|p2a: Salamence|Salamence|Salamencite\n|move|p1b: Sneasler|Dire Claw|p2a: Salamence\n|-damage|p2a: Salamence|49\/100\n|-status|p2a: Salamence|psn\n|move|p2a: Salamence|Return|p1a: Fred bear\n|-damage|p1a: Fred bear|40\/100\n|move|p2b: Jirachi|Zen Headbutt|p1b: Sneasler\n|-supereffective|p1b: Sneasler\n|-damage|p1b: Sneasler|0 fnt\n|faint|p1b: Sneasler\n|\n|-heal|p1a: Fred bear|46\/100|[from] item: Leftovers\n|-damage|p2a: Salamence|37\/100 psn|[from] psn\n|upkeep\n|inactive|Shiny_Hero64 has 270 seconds left.\n|\n|t:|1700368540\n|switch|p1b: Indeedee|Indeedee-F, F|37\/100\n|-damage|p1b: Indeedee|24\/100|[from] Stealth Rock\n|turn|5\n|\n|t:|1700368546\n|move|p1a: Fred bear|Protect|p1a: Fred bear\n|-singleturn|p1a: Fred bear|Protect\n|move|p2a: Salamence|Return|p1a: Fred bear\n|-activate|p1a: Fred bear|move: Protect\n|move|p2b: Jirachi|Iron Head|p1b: Indeedee\n|-damage|p1b: Indeedee|0 fnt\n|faint|p1b: Indeedee\n|\n|-heal|p1a: Fred bear|52\/100|[from] item: Leftovers\n|-damage|p2a: Salamence|24\/100 psn|[from] psn\n|upkeep\n|c| NickNoName|Glimmora says hi\n|\n|t:|1700368559\n|switch|p1b: Alakazam|Alakazam, M|100\/100\n|-damage|p1b: Alakazam|88\/100|[from] Stealth Rock\n|turn|6\n|c|\u2606Dylanpika99|hi glimmora\n|\n|t:|1700368581\n|switch|p2a: Tapu Fini|Tapu Fini|100\/100\n|-fieldstart|move: Misty Terrain|[from] ability: Misty Surge|[of] p2a: Tapu Fini\n|detailschange|p1b: Alakazam|Alakazam-Mega, M\n|-mega|p1b: Alakazam|Alakazam|Alakazite\n|-ability|p1b: Alakazam|Misty Surge|[from] ability: Trace|[of] p2a: Tapu Fini\n|move|p1b: Alakazam|Expanding Force|p2b: Jirachi\n|-resisted|p2b: Jirachi\n|-crit|p2b: Jirachi\n|-damage|p2b: Jirachi|55\/100\n|move|p2b: Jirachi|Iron Head|p1b: Alakazam\n|-damage|p1b: Alakazam|28\/100\n|move|p1a: Fred bear|Earth Power|p2b: Jirachi\n|-supereffective|p2b: Jirachi\n|-damage|p2b: Jirachi|0 fnt\n|faint|p2b: Jirachi\n|\n|-heal|p1a: Fred bear|58\/100|[from] item: Leftovers\n|upkeep\n|inactive|Dylanpika99 has 270 seconds left.\n|\n|t:|1700368607\n|switch|p2b: Incineroar|Incineroar, M|100\/100\n|-ability|p2b: Incineroar|Intimidate|boost\n|-unboost|p1a: Fred bear|atk|1\n|-unboost|p1b: Alakazam|atk|1\n|turn|7\n|\n|t:|1700368620\n|move|p1a: Fred bear|Protect|p1a: Fred bear\n|-singleturn|p1a: Fred bear|Protect\n|move|p2b: Incineroar|Fake Out|p1b: Alakazam\n|-damage|p1b: Alakazam|7\/100\n|cant|p1b: Alakazam|flinch\n|move|p2a: Tapu Fini|Muddy Water|p1a: Fred bear|[spread] p1b\n|-activate|p1a: Fred bear|move: Protect\n|-damage|p1b: Alakazam|0 fnt\n|faint|p1b: Alakazam\n|\n|-heal|p1a: Fred bear|64\/100|[from] item: Leftovers\n|upkeep\n|\n|t:|1700368634\n|switch|p1b: Deoxys|Deoxys-Attack|100\/100\n|-damage|p1b: Deoxys|88\/100|[from] Stealth Rock\n|-ability|p1b: Deoxys|Pressure\n|turn|8\n|\n|t:|1700368659\n|move|p1b: Deoxys|Superpower|p2b: Incineroar\n|-supereffective|p2b: Incineroar\n|-damage|p2b: Incineroar|9\/100\n|-unboost|p1b: Deoxys|atk|1\n|-unboost|p1b: Deoxys|def|1\n|-damage|p1b: Deoxys|78\/100|[from] item: Life Orb\n|move|p2a: Tapu Fini|Muddy Water|p1a: Fred bear|[spread] p1a,p1b\n|-supereffective|p1a: Fred bear\n|-damage|p1a: Fred bear|0 fnt\n|-damage|p1b: Deoxys|0 fnt\n|faint|p1a: Fred bear\n|faint|p1b: Deoxys\n|move|p2b: Incineroar|Flare Blitz|p1: Fred bear|[notarget]\n|-fail|p2b: Incineroar\n|\n|upkeep\n|\n|t:|1700368668\n|switch|p1b: Chien-Pao|Chien-Pao|100\/100\n|-damage|p1b: Chien-Pao|76\/100|[from] Stealth Rock\n|-ability|p1b: Chien-Pao|Sword of Ruin\n|turn|9\n|c| Eliminathan|womp womp\n|\n|t:|1700368692\n|move|p1b: Chien-Pao|Crunch|p2b: Incineroar\n|-resisted|p2b: Incineroar\n|-damage|p2b: Incineroar|0 fnt\n|faint|p2b: Incineroar\n|move|p2a: Tapu Fini|Muddy Water|p1b: Chien-Pao\n|-crit|p1b: Chien-Pao\n|-damage|p1b: Chien-Pao|0 fnt\n|faint|p1b: Chien-Pao\n|\n|win|Dylanpika99\n|c|\u2606Shiny_Hero64|Terrain wars are cringe\n|c|\u2606Dylanpika99|tru\n|l| Ryan1Baek\n|l| NickNoName\n|l| TheMoistFetus\n|l|\u2606Shiny_Hero64\n|j| NickNoName\n","uploadtime":1700368718,"views":19,"p1id":"shinyhero64","p2id":"dylanpika99","formatid":"gen9nationaldexdoubles","rating":0,"private":0,"password":""}