{"id":"gen9nationaldexdoubles-1973170098","p1":"The OG Trainer Red","p2":"the maraculous","format":"[Gen 9] National Dex Doubles","log":"|j|\u2606The OG Trainer Red\n|j|\u2606the maraculous\n|t:|1697935387\n|gametype|doubles\n|player|p1|The OG Trainer Red|fisherman-gen4|1257\n|player|p2|the maraculous|dragontamer|1491\n|teamsize|p1|6\n|teamsize|p2|6\n|gen|9\n|tier|[Gen 9] National Dex Doubles\n|rated|\n|rule|HP Percentage Mod: HP is shown in percentages\n|rule|Endless Battle Clause: Forcing endless battles is banned\n|rule|OHKO Clause: OHKO moves are banned\n|rule|Evasion Moves Clause: Evasion moves are banned\n|rule|Evasion Abilities Clause: Evasion abilities are banned\n|rule|Species Clause: Limit one of each Pok\u00e9mon\n|rule|Gravity Sleep Clause: The combination of sleep-inducing moves with imperfect accuracy and Gravity or Gigantamax Orbeetle are banned\n|clearpoke\n|poke|p1|Ninetales, F|\n|poke|p1|Leafeon, F|\n|poke|p1|Espeon, F|\n|poke|p1|Indeedee-F, F|\n|poke|p1|Ursaluna-Bloodmoon, M|\n|poke|p1|Iron Hands|\n|poke|p2|Xurkitree|\n|poke|p2|Iron Valiant|\n|poke|p2|Chandelure, M|\n|poke|p2|Landorus-Therian, M|\n|poke|p2|Kartana|\n|poke|p2|Farigiraf, F|\n|teampreview\n|\n|t:|1697935408\n|start\n|switch|p1a: Espeon|Espeon, F|100\/100\n|switch|p1b: Indeedee|Indeedee-F, F|100\/100\n|switch|p2a: Iron Valiant|Iron Valiant|100\/100\n|switch|p2b: Xurkitree|Xurkitree|100\/100\n|-fieldstart|move: Psychic Terrain|[from] ability: Psychic Surge|[of] p1b: Indeedee\n|turn|1\n|inactive|Battle timer is ON: inactive players will automatically lose when time's up. (requested by The OG Trainer Red)\n|\n|t:|1697935421\n|move|p2a: Iron Valiant|Wide Guard|p2a: Iron Valiant\n|-singleturn|p2a: Iron Valiant|Wide Guard\n|move|p1a: Espeon|Calm Mind|p1a: Espeon\n|-boost|p1a: Espeon|spa|1\n|-boost|p1a: Espeon|spd|1\n|-zpower|p2b: Xurkitree\n|move|p2b: Xurkitree|Z-Electric Terrain|p2b: Xurkitree|[anim]Electric Terrain\n|-boost|p2b: Xurkitree|spe|1|[zeffect]\n|-fieldstart|move: Electric Terrain\n|-activate|p2a: Iron Valiant|ability: Quark Drive\n|-start|p2a: Iron Valiant|quarkdrivespe\n|move|p1b: Indeedee|Expanding Force|p2a: Iron Valiant\n|-supereffective|p2a: Iron Valiant\n|-damage|p2a: Iron Valiant|0 fnt\n|faint|p2a: Iron Valiant\n|-end|p2a: Iron Valiant|Quark Drive|[silent]\n|\n|upkeep\n|\n|t:|1697935435\n|switch|p2a: Landorus|Landorus-Therian, M|100\/100\n|-ability|p2a: Landorus|Intimidate|boost\n|-unboost|p1a: Espeon|atk|1\n|-unboost|p1b: Indeedee|atk|1\n|turn|2\n|\n|t:|1697935455\n|switch|p1b: Ninetales|Ninetales, F|100\/100\n|-weather|SunnyDay|[from] ability: Drought|[of] p1b: Ninetales\n|-terastallize|p1a: Espeon|Fairy\n|move|p2b: Xurkitree|Dazzling Gleam|p1b: Ninetales|[spread] p1a,p1b\n|-resisted|p1b: Ninetales\n|-damage|p1a: Espeon|78\/100\n|-damage|p1b: Ninetales|86\/100\n|move|p1a: Espeon|Draining Kiss|p2b: Xurkitree\n|-damage|p2b: Xurkitree|36\/100\n|-heal|p1a: Espeon|100\/100|[from] drain|[of] p2b: Xurkitree\n|move|p2a: Landorus|U-turn|p1a: Espeon\n|-resisted|p1a: Espeon\n|-damage|p1a: Espeon|71\/100\n|\n|t:|1697935473\n|switch|p2a: Kartana|Kartana|100\/100|[from] U-turn\n|\n|-weather|SunnyDay|[upkeep]\n|upkeep\n|turn|3\n|\n|t:|1697935492\n|switch|p1b: Indeedee|Indeedee-F, F|100\/100\n|-fieldstart|move: Psychic Terrain|[from] ability: Psychic Surge|[of] p1b: Indeedee\n|move|p2b: Xurkitree|Rising Voltage|p1b: Indeedee\n|-damage|p1b: Indeedee|57\/100\n|move|p1a: Espeon|Expanding Force|p2a: Kartana|[spread] p2a,p2b\n|-resisted|p2a: Kartana\n|-enditem|p2a: Kartana|Focus Sash\n|-damage|p2a: Kartana|1\/100\n|-damage|p2b: Xurkitree|0 fnt\n|faint|p2b: Xurkitree\n|move|p2a: Kartana|Smart Strike|p1a: Espeon\n|-supereffective|p1a: Espeon\n|-damage|p1a: Espeon|0 fnt\n|faint|p1a: Espeon\n|-ability|p2a: Kartana|Beast Boost|boost\n|-boost|p2a: Kartana|atk|1\n|\n|-weather|SunnyDay|[upkeep]\n|upkeep\n|\n|t:|1697935510\n|switch|p1a: Ursaluna|Ursaluna-Bloodmoon, M|100\/100\n|switch|p2b: Landorus|Landorus-Therian, M|100\/100\n|-ability|p2b: Landorus|Intimidate|boost\n|-unboost|p1a: Ursaluna|atk|1\n|-unboost|p1b: Indeedee|atk|1\n|turn|4\n|\n|t:|1697935521\n|switch|p2b: Farigiraf|Farigiraf, F|100\/100\n|move|p2a: Kartana|Leaf Blade|p1a: Ursaluna\n|-supereffective|p1a: Ursaluna\n|-damage|p1a: Ursaluna|0 fnt\n|faint|p1a: Ursaluna\n|-ability|p2a: Kartana|Beast Boost|boost\n|-boost|p2a: Kartana|atk|1\n|move|p1b: Indeedee|Trick Room|p1b: Indeedee\n|-fieldstart|move: Trick Room|[of] p1b: Indeedee\n|\n|-weather|SunnyDay|[upkeep]\n|upkeep\n|\n|t:|1697935532\n|switch|p1a: Iron Hands|Iron Hands|100\/100\n|-enditem|p1a: Iron Hands|Booster Energy\n|-activate|p1a: Iron Hands|ability: Quark Drive|[fromitem]\n|-start|p1a: Iron Hands|quarkdriveatk\n|turn|5\n|\n|t:|1697935543\n|switch|p2a: Chandelure|Chandelure, M|100\/100\n|-item|p2a: Chandelure|Air Balloon\n|move|p1a: Iron Hands|Rock Slide|p2a: Chandelure|[spread] p2a,p2b\n|-supereffective|p2a: Chandelure\n|-damage|p2a: Chandelure|45\/100\n|-damage|p2b: Farigiraf|75\/100\n|-enditem|p2a: Chandelure|Air Balloon\n|move|p2b: Farigiraf|Twin Beam|p1a: Iron Hands\n|-supereffective|p1a: Iron Hands\n|-damage|p1a: Iron Hands|60\/100\n|-supereffective|p1a: Iron Hands\n|-damage|p1a: Iron Hands|22\/100\n|-hitcount|p1a: Iron Hands|2\n|move|p1b: Indeedee|Expanding Force|p2a: Chandelure|[spread] p2a,p2b\n|-resisted|p2b: Farigiraf\n|-damage|p2a: Chandelure|0 fnt\n|-damage|p2b: Farigiraf|52\/100\n|faint|p2a: Chandelure\n|\n|-weather|SunnyDay|[upkeep]\n|-heal|p2b: Farigiraf|58\/100|[from] item: Leftovers\n|upkeep\n|\n|t:|1697935556\n|switch|p2a: Landorus|Landorus-Therian, M|100\/100\n|-ability|p2a: Landorus|Intimidate|boost\n|-unboost|p1a: Iron Hands|atk|1\n|-unboost|p1b: Indeedee|atk|1\n|turn|6\n|\n|t:|1697935574\n|move|p1b: Indeedee|Ally Switch|p1b: Indeedee\n|swap|p1b: Indeedee|0|[from] move: Ally Switch\n|move|p1b: Iron Hands|Drain Punch|p2b: Farigiraf\n|-damage|p2b: Farigiraf|27\/100\n|-heal|p1b: Iron Hands|37\/100|[from] drain|[of] p2b: Farigiraf\n|move|p2b: Farigiraf|Hyper Voice|p1a: Indeedee|[spread] p1a,p1b\n|-damage|p1a: Indeedee|23\/100\n|-damage|p1b: Iron Hands|13\/100\n|move|p2a: Landorus|Knock Off|p1b: Iron Hands\n|-resisted|p1b: Iron Hands\n|-damage|p1b: Iron Hands|5\/100\n|\n|-weather|none\n|-heal|p2b: Farigiraf|33\/100|[from] item: Leftovers\n|upkeep\n|turn|7\n|inactive|The OG Trainer Red has 120 seconds left.\n|\n|t:|1697935605\n|move|p1b: Iron Hands|Drain Punch|p2a: Landorus\n|-resisted|p2a: Landorus\n|-damage|p2a: Landorus|80\/100\n|-heal|p1b: Iron Hands|11\/100|[from] drain|[of] p2a: Landorus\n|move|p2b: Farigiraf|Hyper Voice|p1b: Iron Hands|[spread] p1a,p1b\n|-damage|p1a: Indeedee|0 fnt\n|-damage|p1b: Iron Hands|0 fnt\n|faint|p1a: Indeedee\n|faint|p1b: Iron Hands\n|-end|p1b: Iron Hands|Quark Drive|[silent]\n|move|p2a: Landorus|Stomping Tantrum|p1: Indeedee|[notarget]\n|-fail|p2a: Landorus\n|\n|-heal|p2b: Farigiraf|39\/100|[from] item: Leftovers\n|-fieldend|move: Psychic Terrain\n|upkeep\n|inactive|The OG Trainer Red has 120 seconds left.\n|\n|t:|1697935617\n|switch|p1b: Leafeon|Leafeon, F|100\/100\n|switch|p1a: Ninetales|Ninetales, F|86\/100\n|-weather|SunnyDay|[from] ability: Drought|[of] p1a: Ninetales\n|turn|8\n|\n|t:|1697935627\n|-terastallize|p2b: Farigiraf|Normal\n|move|p2b: Farigiraf|Hyper Voice|p1b: Leafeon|[spread] p1a,p1b\n|-damage|p1a: Ninetales|30\/100\n|-damage|p1b: Leafeon|61\/100\n|move|p2a: Landorus|Knock Off|p1b: Leafeon\n|-damage|p1b: Leafeon|28\/100\n|-enditem|p1b: Leafeon|Assault Vest|[from] move: Knock Off|[of] p2a: Landorus\n|move|p1a: Ninetales|Flamethrower|p2a: Landorus\n|-damage|p2a: Landorus|26\/100\n|move|p1b: Leafeon|X-Scissor|p2b: Farigiraf\n|-damage|p2b: Farigiraf|14\/100\n|\n|-weather|SunnyDay|[upkeep]\n|-heal|p2b: Farigiraf|20\/100|[from] item: Leftovers\n|-fieldend|move: Trick Room\n|upkeep\n|turn|9\n|\n|t:|1697935651\n|move|p1b: Leafeon|X-Scissor|p2b: Farigiraf\n|-damage|p2b: Farigiraf|0 fnt\n|faint|p2b: Farigiraf\n|move|p1a: Ninetales|Flamethrower|p2a: Landorus\n|-damage|p2a: Landorus|0 fnt\n|faint|p2a: Landorus\n|\n|-weather|SunnyDay|[upkeep]\n|upkeep\n|-message|the maraculous forfeited.\n|\n|win|The OG Trainer Red\n|raw|The OG Trainer Red's rating: 1257 &rarr; <strong>1297<\/strong><br \/>(+40 for winning)\n|raw|the maraculous's rating: 1491 &rarr; <strong>1459<\/strong><br \/>(-32 for losing)\n|l|\u2606the maraculous\n","uploadtime":1697935814,"views":17,"p1id":"theogtrainerred","p2id":"themaraculous","formatid":"gen9nationaldexdoubles","rating":1297,"private":0,"password":""}