{"id":"gen9nationaldexdoubles-1997584792","p1":"LeChaelum","p2":"TrunkoTron69","format":"[Gen 9] National Dex Doubles","log":"|j|\u2606LeChaelum\n|j|\u2606TrunkoTron69\n|t:|1700829191\n|gametype|doubles\n|player|p1|LeChaelum|schoolkid-gen4|1230\n|player|p2|TrunkoTron69|giovanni|1118\n|teamsize|p1|6\n|teamsize|p2|6\n|gen|9\n|tier|[Gen 9] National Dex Doubles\n|rated|\n|rule|HP Percentage Mod: HP is shown in percentages\n|rule|Endless Battle Clause: Forcing endless battles is banned\n|rule|OHKO Clause: OHKO moves are banned\n|rule|Evasion Moves Clause: Evasion moves are banned\n|rule|Evasion Abilities Clause: Evasion abilities are banned\n|rule|Species Clause: Limit one of each Pok\u00e9mon\n|rule|Gravity Sleep Clause: The combination of sleep-inducing moves with imperfect accuracy and Gravity or Gigantamax Orbeetle are banned\n|clearpoke\n|poke|p1|Flutter Mane|\n|poke|p1|Cyclizar, M|\n|poke|p1|Gothitelle, M|\n|poke|p1|Altaria, M|\n|poke|p1|Toxapex, M|\n|poke|p1|Vivillon-Icy Snow, M|\n|poke|p2|Gliscor, M|\n|poke|p2|Talonflame, F|\n|poke|p2|Sinistcha-Masterpiece|\n|poke|p2|Cresselia, F|\n|poke|p2|Weavile, M|\n|poke|p2|Regidrago|\n|teampreview\n|\n|t:|1700829203\n|start\n|switch|p1a: Flutter Mane|Flutter Mane|100\/100\n|switch|p1b: Gothitelle|Gothitelle, M|100\/100\n|switch|p2a: Cresselia|Cresselia, F|100\/100\n|switch|p2b: Weavile|Weavile, M|100\/100\n|-ability|p2b: Weavile|Pressure\n|turn|1\n|\n|t:|1700829223\n|move|p1b: Gothitelle|Fake Out|p2b: Weavile\n|-damage|p2b: Weavile|91\/100\n|move|p2a: Cresselia|Ally Switch|p2a: Cresselia\n|swap|p2a: Cresselia|1|[from] move: Ally Switch\n|move|p1a: Flutter Mane|Perish Song|p1a: Flutter Mane\n|-start|p1a: Flutter Mane|perish3|[silent]\n|-start|p1b: Gothitelle|perish3|[silent]\n|-start|p2a: Weavile|perish3|[silent]\n|-start|p2b: Cresselia|perish3|[silent]\n|-fieldactivate|move: Perish Song\n|cant|p2a: Weavile|flinch\n|\n|-start|p1a: Flutter Mane|perish3\n|-start|p2a: Weavile|perish3\n|-start|p2b: Cresselia|perish3\n|-start|p1b: Gothitelle|perish3\n|upkeep\n|turn|2\n|\n|t:|1700829235\n|move|p2b: Cresselia|Helping Hand|p2a: Weavile\n|-singleturn|p2a: Weavile|Helping Hand|[of] p2b: Cresselia\n|move|p1a: Flutter Mane|Protect|p1a: Flutter Mane\n|-singleturn|p1a: Flutter Mane|Protect\n|move|p1b: Gothitelle|Protect|p1b: Gothitelle\n|-singleturn|p1b: Gothitelle|Protect\n|move|p2a: Weavile|Throat Chop|p1a: Flutter Mane\n|-activate|p1a: Flutter Mane|move: Protect\n|\n|-start|p1a: Flutter Mane|perish2\n|-start|p2a: Weavile|perish2\n|-start|p2b: Cresselia|perish2\n|-start|p1b: Gothitelle|perish2\n|upkeep\n|turn|3\n|\n|t:|1700829256\n|move|p2b: Cresselia|Helping Hand|p2a: Weavile\n|-singleturn|p2a: Weavile|Helping Hand|[of] p2b: Cresselia\n|move|p1a: Flutter Mane|Protect|p1a: Flutter Mane\n|-singleturn|p1a: Flutter Mane|Protect\n|move|p2a: Weavile|Throat Chop|p1a: Flutter Mane\n|-activate|p1a: Flutter Mane|move: Protect\n|move|p1b: Gothitelle|Reflect|p1b: Gothitelle\n|-sidestart|p1: LeChaelum|Reflect\n|\n|-start|p1a: Flutter Mane|perish1\n|-start|p2a: Weavile|perish1\n|-start|p2b: Cresselia|perish1\n|-start|p1b: Gothitelle|perish1\n|upkeep\n|turn|4\n|\n|t:|1700829275\n|-end|p1a: Flutter Mane|Protosynthesis|[silent]\n|switch|p1a: Toxapex|Toxapex, M|100\/100\n|switch|p1b: Altaria|Altaria, M|100\/100\n|move|p2b: Cresselia|Helping Hand|p2a: Weavile\n|-singleturn|p2a: Weavile|Helping Hand|[of] p2b: Cresselia\n|move|p2a: Weavile|Triple Axel|p1b: Altaria\n|-supereffective|p1b: Altaria\n|-damage|p1b: Altaria|62\/100\n|-supereffective|p1b: Altaria\n|-damage|p1b: Altaria|0 fnt\n|faint|p1b: Altaria\n|-hitcount|p1: Altaria|2\n|\n|-start|p2a: Weavile|perish0\n|-start|p2b: Cresselia|perish0\n|faint|p2a: Weavile\n|faint|p2b: Cresselia\n|upkeep\n|c|\u2606TrunkoTron69|F     uck you\n|\n|t:|1700829302\n|switch|p2a: Gliscor|Gliscor, M|100\/100\n|switch|p2b: Talonflame|Talonflame, F|100\/100\n|switch|p1b: Flutter Mane|Flutter Mane|100\/100\n|turn|5\n|\n|t:|1700829325\n|move|p2b: Talonflame|Brave Bird|p1b: Flutter Mane\n|-damage|p1b: Flutter Mane|26\/100\n|-damage|p2b: Talonflame|80\/100|[from] Recoil\n|move|p1b: Flutter Mane|Shadow Ball|p2a: Gliscor\n|-crit|p2a: Gliscor\n|-damage|p2a: Gliscor|11\/100\n|move|p2a: Gliscor|Swords Dance|p2a: Gliscor\n|-boost|p2a: Gliscor|atk|2\n|move|p1a: Toxapex|Scald|p2a: Gliscor\n|-supereffective|p2a: Gliscor\n|-damage|p2a: Gliscor|0 fnt\n|faint|p2a: Gliscor\n|\n|upkeep\n|\n|t:|1700829330\n|switch|p2a: Sinistcha|Sinistcha-Masterpiece|100\/100\n|-heal|p2b: Talonflame|100\/100|[from] ability: Hospitality|[of] p2a: Sinistcha\n|turn|6\n|\n|t:|1700829345\n|move|p1b: Flutter Mane|Protect|p1b: Flutter Mane\n|-singleturn|p1b: Flutter Mane|Protect\n|move|p2b: Talonflame|Brave Bird|p1b: Flutter Mane\n|-activate|p1b: Flutter Mane|move: Protect\n|move|p2a: Sinistcha|Matcha Gotcha|p1a: Toxapex|[spread] p1a\n|-activate|p1b: Flutter Mane|move: Protect\n|-damage|p1a: Toxapex|81\/100\n|-enditem|p1a: Toxapex|Eject Button\n|\n|t:|1700829358\n|switch|p1a: Vivillon|Vivillon-Icy Snow, M|100\/100\n|\n|upkeep\n|turn|7\n|\n|t:|1700829391\n|move|p1a: Vivillon|Rage Powder|p1a: Vivillon\n|-singleturn|p1a: Vivillon|move: Rage Powder\n|move|p2a: Sinistcha|Rage Powder|p2a: Sinistcha\n|-singleturn|p2a: Sinistcha|move: Rage Powder\n|move|p2b: Talonflame|Acrobatics|p1a: Vivillon\n|-supereffective|p1a: Vivillon\n|-damage|p1a: Vivillon|45\/100\n|move|p1b: Flutter Mane|Shadow Ball|p2a: Sinistcha\n|-supereffective|p2a: Sinistcha\n|-damage|p2a: Sinistcha|22\/100\n|-unboost|p2a: Sinistcha|spd|1\n|\n|-heal|p2a: Sinistcha|28\/100|[from] item: Leftovers\n|-sideend|p1: LeChaelum|Reflect\n|upkeep\n|turn|8\n|\n|t:|1700829414\n|move|p1a: Vivillon|Rage Powder|p1a: Vivillon\n|-singleturn|p1a: Vivillon|move: Rage Powder\n|move|p2a: Sinistcha|Rage Powder|p2a: Sinistcha\n|-singleturn|p2a: Sinistcha|move: Rage Powder\n|move|p1b: Flutter Mane|Dazzling Gleam|p2b: Talonflame|[spread] p2a,p2b\n|-resisted|p2b: Talonflame\n|-damage|p2a: Sinistcha|0 fnt\n|-damage|p2b: Talonflame|78\/100\n|faint|p2a: Sinistcha\n|move|p2b: Talonflame|Flare Blitz|p1a: Vivillon\n|-supereffective|p1a: Vivillon\n|-damage|p1a: Vivillon|0 fnt\n|faint|p1a: Vivillon\n|-damage|p2b: Talonflame|63\/100|[from] Recoil\n|\n|upkeep\n|\n|t:|1700829427\n|switch|p1a: Gothitelle|Gothitelle, M|100\/100\n|switch|p2a: Regidrago|Regidrago|100\/100\n|turn|9\n|\n|t:|1700829444\n|move|p2a: Regidrago|Protect|p2a: Regidrago\n|-singleturn|p2a: Regidrago|Protect\n|move|p1a: Gothitelle|Fake Out|p2b: Talonflame\n|-damage|p2b: Talonflame|56\/100\n|move|p1b: Flutter Mane|Dazzling Gleam|p2b: Talonflame|[spread] p2b\n|-activate|p2a: Regidrago|move: Protect\n|-resisted|p2b: Talonflame\n|-damage|p2b: Talonflame|32\/100\n|cant|p2b: Talonflame|flinch\n|\n|upkeep\n|turn|10\n|\n|t:|1700829459\n|move|p1b: Flutter Mane|Shadow Ball|p2b: Talonflame\n|-damage|p2b: Talonflame|0 fnt\n|faint|p2b: Talonflame\n|move|p2a: Regidrago|Dragon Energy|p1a: Gothitelle|[spread] p1a\n|-immune|p1b: Flutter Mane\n|-damage|p1a: Gothitelle|56\/100\n|move|p1a: Gothitelle|Expanding Force|p2a: Regidrago\n|-damage|p2a: Regidrago|74\/100\n|\n|-heal|p1a: Gothitelle|62\/100|[from] item: Leftovers\n|upkeep\n|turn|11\n|-message|TrunkoTron69 forfeited.\n|\n|win|LeChaelum\n|raw|LeChaelum's rating: 1230 &rarr; <strong>1247<\/strong><br \/>(+17 for winning)\n|raw|TrunkoTron69's rating: 1118 &rarr; <strong>1101<\/strong><br \/>(-17 for losing)\n|l|\u2606TrunkoTron69\n","uploadtime":1700829295,"views":2,"p1id":"lechaelum","p2id":"trunkotron69","formatid":"gen9nationaldexdoubles","rating":1101,"private":0,"password":""}