{"id":"gen9nationaldexdoubles-1948642531","p1":"kitty teve","p2":"user58342485","format":"[Gen 9] National Dex Doubles","log":"|j|\u2606kitty teve\n|j|\u2606user58342485\n|t:|1695286342\n|gametype|doubles\n|player|p1|kitty teve|iris-gen5bw2|1233\n|player|p2|user58342485|nate|1498\n|teamsize|p1|6\n|teamsize|p2|6\n|gen|9\n|tier|[Gen 9] National Dex Doubles\n|rated|\n|rule|HP Percentage Mod: HP is shown in percentages\n|rule|Endless Battle Clause: Forcing endless battles is banned\n|rule|OHKO Clause: OHKO moves are banned\n|rule|Evasion Moves Clause: Evasion moves are banned\n|rule|Evasion Abilities Clause: Evasion abilities are banned\n|rule|Species Clause: Limit one of each Pok\u00e9mon\n|rule|Gravity Sleep Clause: The combination of sleep-inducing moves with imperfect accuracy and Gravity or Gigantamax Orbeetle are banned\n|clearpoke\n|poke|p1|Flutter Mane|\n|poke|p1|Ogerpon-Wellspring, F|\n|poke|p1|Incineroar, F|\n|poke|p1|Salamence, F|\n|poke|p1|Ursaluna-Bloodmoon, M|\n|poke|p1|Jirachi|\n|poke|p2|Rillaboom, F|\n|poke|p2|Salamence, F|\n|poke|p2|Volcanion|\n|poke|p2|Chien-Pao|\n|poke|p2|Flutter Mane|\n|poke|p2|Ogerpon-Cornerstone, F|\n|teampreview\n|inactive|Battle timer is ON: inactive players will automatically lose when time's up. (requested by kitty teve)\n|inactive|user58342485 also wants the timer to be on.\n|inactive|user58342485 has 120 seconds left.\n|\n|t:|1695286391\n|start\n|switch|p1a: Jirachi|Jirachi|100\/100\n|switch|p1b: lost kitty's|Incineroar, F, shiny|100\/100\n|switch|p2a: Volcanion|Volcanion|100\/100\n|switch|p2b: Rillaboom|Rillaboom, F|100\/100\n|-fieldstart|move: Grassy Terrain|[from] ability: Grassy Surge|[of] p2b: Rillaboom\n|-ability|p1b: lost kitty's|Intimidate|boost\n|-unboost|p2a: Volcanion|atk|1\n|-unboost|p2b: Rillaboom|atk|1\n|turn|1\n|inactive|user58342485 has 120 seconds left.\n|\n|t:|1695286428\n|move|p2b: Rillaboom|Fake Out|p1b: lost kitty's\n|-damage|p1b: lost kitty's|92\/100\n|cant|p1b: lost kitty's|flinch\n|move|p2a: Volcanion|Earth Power|p1b: lost kitty's\n|-supereffective|p1b: lost kitty's\n|-damage|p1b: lost kitty's|48\/100\n|move|p1a: Jirachi|Trick Room|p1a: Jirachi\n|-fieldstart|move: Trick Room|[of] p1a: Jirachi\n|\n|-heal|p1b: lost kitty's|54\/100|[from] Grassy Terrain\n|upkeep\n|turn|2\n|inactive|user58342485 has 120 seconds left.\n|\n|t:|1695286458\n|switch|p2b: Salamence|Salamence, F|100\/100\n|-ability|p2b: Salamence|Intimidate|boost\n|-unboost|p1a: Jirachi|atk|1\n|-unboost|p1b: lost kitty's|atk|1\n|move|p1b: lost kitty's|Parting Shot|p2a: Volcanion\n|-unboost|p2a: Volcanion|atk|1\n|-unboost|p2a: Volcanion|spa|1\n|\n|t:|1695286466\n|switch|p1b: Ursaluna|Ursaluna-Bloodmoon, M|100\/100|[from] Parting Shot\n|move|p2a: Volcanion|Heat Wave|p1a: Jirachi|[spread] p1a,p1b\n|-supereffective|p1a: Jirachi\n|-damage|p1a: Jirachi|65\/100\n|-damage|p1b: Ursaluna|84\/100\n|move|p1a: Jirachi|Iron Head|p2b: Salamence\n|-damage|p2b: Salamence|81\/100\n|\n|-heal|p1b: Ursaluna|90\/100|[from] Grassy Terrain\n|-heal|p1a: Jirachi|71\/100|[from] Grassy Terrain\n|upkeep\n|turn|3\n|\n|t:|1695286490\n|-terastallize|p1b: Ursaluna|Normal\n|move|p1a: Jirachi|Helping Hand|p1b: Ursaluna\n|-singleturn|p1b: Ursaluna|Helping Hand|[of] p1a: Jirachi\n|move|p2b: Salamence|Protect|p2b: Salamence\n|-singleturn|p2b: Salamence|Protect\n|move|p1b: Ursaluna|Hyper Voice|p2b: Salamence|[spread] p2a\n|-activate|p2b: Salamence|move: Protect\n|-damage|p2a: Volcanion|44\/100\n|move|p2a: Volcanion|Steam Eruption|p1b: Ursaluna\n|-damage|p1b: Ursaluna|63\/100\n|\n|-heal|p1b: Ursaluna|69\/100|[from] Grassy Terrain\n|-heal|p2a: Volcanion|50\/100|[from] Grassy Terrain\n|-heal|p1a: Jirachi|77\/100|[from] Grassy Terrain\n|upkeep\n|turn|4\n|inactive|user58342485 has 120 seconds left.\n|\n|t:|1695286522\n|switch|p2a: Flutter Mane|Flutter Mane|100\/100\n|detailschange|p2b: Salamence|Salamence-Mega, F\n|-mega|p2b: Salamence|Salamence|Salamencite\n|move|p1a: Jirachi|Helping Hand|p1b: Ursaluna\n|-singleturn|p1b: Ursaluna|Helping Hand|[of] p1a: Jirachi\n|move|p1b: Ursaluna|Hyper Voice|p2b: Salamence|[spread] p2a,p2b\n|-damage|p2a: Flutter Mane|20\/100\n|-damage|p2b: Salamence|0 fnt\n|faint|p2b: Salamence\n|\n|-heal|p1b: Ursaluna|75\/100|[from] Grassy Terrain\n|-heal|p1a: Jirachi|83\/100|[from] Grassy Terrain\n|-heal|p2a: Flutter Mane|26\/100|[from] Grassy Terrain\n|upkeep\n|inactive|user58342485 has 120 seconds left.\n|\n|t:|1695286553\n|switch|p2b: Rillaboom|Rillaboom, F|100\/100\n|turn|5\n|\n|t:|1695286567\n|move|p2a: Flutter Mane|Protect|p2a: Flutter Mane\n|-singleturn|p2a: Flutter Mane|Protect\n|move|p2b: Rillaboom|Fake Out|p1b: Ursaluna\n|-damage|p1b: Ursaluna|66\/100\n|cant|p1b: Ursaluna|flinch\n|move|p1a: Jirachi|Iron Head|p2a: Flutter Mane\n|-activate|p2a: Flutter Mane|move: Protect\n|\n|-heal|p1b: Ursaluna|72\/100|[from] Grassy Terrain\n|-heal|p1a: Jirachi|90\/100|[from] Grassy Terrain\n|-heal|p2a: Flutter Mane|32\/100|[from] Grassy Terrain\n|-fieldend|move: Trick Room\n|-fieldend|move: Grassy Terrain\n|upkeep\n|turn|6\n|inactive|user58342485 has 120 seconds left.\n|\n|t:|1695286592\n|move|p2a: Flutter Mane|Taunt|p1a: Jirachi\n|-start|p1a: Jirachi|move: Taunt\n|move|p2b: Rillaboom|Knock Off|p1b: Ursaluna\n|-damage|p1b: Ursaluna|48\/100\n|-enditem|p1b: Ursaluna|Assault Vest|[from] move: Knock Off|[of] p2b: Rillaboom\n|move|p1b: Ursaluna|Hyper Voice|p2a: Flutter Mane|[spread] p2a,p2b\n|-damage|p2a: Flutter Mane|0 fnt\n|-damage|p2b: Rillaboom|66\/100\n|faint|p2a: Flutter Mane\n|-end|p2a: Flutter Mane|Protosynthesis|[silent]\n|cant|p1a: Jirachi|move: Taunt|Trick Room\n|\n|upkeep\n|\n|t:|1695286606\n|switch|p2a: Volcanion|Volcanion|50\/100\n|turn|7\n|inactive|user58342485 has 120 seconds left.\n|\n|t:|1695286636\n|switch|p1a: lost kitty's|Incineroar, F, shiny|54\/100\n|-ability|p1a: lost kitty's|Intimidate|boost\n|-unboost|p2a: Volcanion|atk|1\n|-unboost|p2b: Rillaboom|atk|1\n|move|p2b: Rillaboom|Wood Hammer|p1b: Ursaluna\n|-damage|p1b: Ursaluna|21\/100\n|-damage|p2b: Rillaboom|57\/100|[from] Recoil\n|move|p2a: Volcanion|Heat Wave|p1b: Ursaluna|[spread] p1a,p1b\n|-resisted|p1a: lost kitty's\n|-damage|p1a: lost kitty's|39\/100\n|-damage|p1b: Ursaluna|0 fnt\n|faint|p1b: Ursaluna\n|\n|upkeep\n|\n|t:|1695286646\n|switch|p1b: Jirachi|Jirachi|90\/100\n|turn|8\n|inactive|kitty teve has 120 seconds left.\n|inactive|user58342485 has 120 seconds left.\n|\n|t:|1695286704\n|switch|p2b: Ogerpon|Ogerpon-Cornerstone, F|100\/100\n|move|p1b: Jirachi|Follow Me|p1b: Jirachi\n|-singleturn|p1b: Jirachi|move: Follow Me\n|move|p2a: Volcanion|Heat Wave|p1a: lost kitty's|[spread] p1a,p1b\n|-resisted|p1a: lost kitty's\n|-supereffective|p1b: Jirachi\n|-damage|p1a: lost kitty's|25\/100\n|-damage|p1b: Jirachi|42\/100\n|move|p1a: lost kitty's|Flare Blitz|p2b: Ogerpon\n|-damage|p2b: Ogerpon|33\/100\n|-damage|p1a: lost kitty's|8\/100|[from] Recoil\n|\n|upkeep\n|turn|9\n|inactive|user58342485 has 120 seconds left.\n|inactive|kitty teve has 120 seconds left.\n|\n|t:|1695286728\n|switch|p1a: Salamence|Salamence, F|100\/100\n|-ability|p1a: Salamence|Intimidate|boost\n|-unboost|p2a: Volcanion|atk|1\n|-unboost|p2b: Ogerpon|atk|1\n|move|p2b: Ogerpon|Ivy Cudgel|p1b: Jirachi\n|-resisted|p1b: Jirachi\n|-damage|p1b: Jirachi|24\/100\n|move|p1b: Jirachi|Iron Head|p2b: Ogerpon\n|-supereffective|p2b: Ogerpon\n|-damage|p2b: Ogerpon|0 fnt\n|faint|p2b: Ogerpon\n|move|p2a: Volcanion|Heat Wave|p1a: Salamence|[spread] p1a,p1b\n|-resisted|p1a: Salamence\n|-supereffective|p1b: Jirachi\n|-damage|p1a: Salamence|84\/100\n|-damage|p1b: Jirachi|0 fnt\n|-status|p1a: Salamence|brn\n|faint|p1b: Jirachi\n|\n|-damage|p1a: Salamence|78\/100 brn|[from] brn\n|upkeep\n|inactive|user58342485 has 120 seconds left.\n|\n|t:|1695286754\n|switch|p2b: Chien-Pao|Chien-Pao|100\/100\n|switch|p1b: Ogerpon|Ogerpon-Wellspring, F, shiny|100\/100\n|-ability|p2b: Chien-Pao|Sword of Ruin\n|turn|10\n|inactive|user58342485 has 120 seconds left.\n|inactive|kitty teve has 120 seconds left.\n|\n|t:|1695286787\n|detailschange|p1a: Salamence|Salamence-Mega, F\n|-mega|p1a: Salamence|Salamence|Salamencite\n|move|p2b: Chien-Pao|Ice Spinner|p1a: Salamence\n|-supereffective|p1a: Salamence\n|-damage|p1a: Salamence|0 fnt\n|faint|p1a: Salamence\n|move|p1b: Ogerpon|Power Whip|p2a: Volcanion\n|-damage|p2a: Volcanion|0 fnt\n|faint|p2a: Volcanion\n|\n|upkeep\n|\n|t:|1695286799\n|switch|p1a: Flutter Mane|Flutter Mane|100\/100\n|switch|p2a: Rillaboom|Rillaboom, F|57\/100\n|-fieldstart|move: Grassy Terrain|[from] ability: Grassy Surge|[of] p2a: Rillaboom\n|turn|11\n|\n|t:|1695286817\n|-end|p1a: Flutter Mane|Protosynthesis|[silent]\n|switch|p1a: lost kitty's|Incineroar, F, shiny|8\/100\n|-ability|p1a: lost kitty's|Intimidate|boost\n|-unboost|p2a: Rillaboom|atk|1\n|-unboost|p2b: Chien-Pao|atk|1\n|move|p1b: Ogerpon|Spiky Shield|p1b: Ogerpon\n|-singleturn|p1b: Ogerpon|move: Protect\n|move|p2a: Rillaboom|Fake Out|p1b: Ogerpon\n|-activate|p1b: Ogerpon|move: Protect\n|-damage|p2a: Rillaboom|44\/100|[from] Spiky Shield|[of] p1b: Ogerpon\n|move|p2b: Chien-Pao|Sucker Punch||[still]\n|-fail|p2b: Chien-Pao\n|\n|-heal|p2a: Rillaboom|50\/100|[from] Grassy Terrain\n|-heal|p1a: lost kitty's|14\/100|[from] Grassy Terrain\n|upkeep\n|turn|12\n|inactive|kitty teve has 120 seconds left.\n|\n|t:|1695286848\n|-terastallize|p2b: Chien-Pao|Ghost\n|move|p1a: lost kitty's|Fake Out|p2a: Rillaboom\n|-damage|p2a: Rillaboom|37\/100\n|move|p2b: Chien-Pao|Sacred Sword|p1a: lost kitty's\n|-supereffective|p1a: lost kitty's\n|-damage|p1a: lost kitty's|0 fnt\n|faint|p1a: lost kitty's\n|move|p1b: Ogerpon|Power Whip|p2b: Chien-Pao|[miss]\n|-miss|p1b: Ogerpon|p2b: Chien-Pao\n|cant|p2a: Rillaboom|flinch\n|\n|-heal|p2a: Rillaboom|43\/100|[from] Grassy Terrain\n|upkeep\n|inactive|kitty teve has 120 seconds left.\n|\n|t:|1695286860\n|switch|p1a: Flutter Mane|Flutter Mane|100\/100\n|turn|13\n|inactive|kitty teve has 120 seconds left.\n|\n|t:|1695286899\n|move|p2b: Chien-Pao|Sucker Punch|p1a: Flutter Mane\n|-damage|p1a: Flutter Mane|53\/100\n|move|p2a: Rillaboom|Grassy Glide|p1a: Flutter Mane\n|-damage|p1a: Flutter Mane|4\/100\n|move|p1a: Flutter Mane|Shadow Ball|p2a: Rillaboom\n|-damage|p2a: Rillaboom|20\/100\n|move|p1b: Ogerpon|Power Whip|p2b: Chien-Pao\n|-enditem|p2b: Chien-Pao|Focus Sash\n|-damage|p2b: Chien-Pao|1\/100\n|\n|-heal|p2b: Chien-Pao|7\/100|[from] Grassy Terrain\n|-heal|p1a: Flutter Mane|10\/100|[from] Grassy Terrain\n|-heal|p2a: Rillaboom|26\/100|[from] Grassy Terrain\n|upkeep\n|turn|14\n|inactive|kitty teve has 120 seconds left.\n|\n|t:|1695286925\n|move|p2b: Chien-Pao|Protect|p2b: Chien-Pao\n|-singleturn|p2b: Chien-Pao|Protect\n|move|p1a: Flutter Mane|Protect|p1a: Flutter Mane\n|-singleturn|p1a: Flutter Mane|Protect\n|move|p2a: Rillaboom|Grassy Glide|p1a: Flutter Mane\n|-activate|p1a: Flutter Mane|move: Protect\n|move|p1b: Ogerpon|Ivy Cudgel|p2a: Rillaboom\n|-resisted|p2a: Rillaboom\n|-damage|p2a: Rillaboom|0 fnt\n|faint|p2a: Rillaboom\n|\n|-heal|p2b: Chien-Pao|13\/100|[from] Grassy Terrain\n|-heal|p1a: Flutter Mane|17\/100|[from] Grassy Terrain\n|upkeep\n|turn|15\n|inactive|kitty teve has 120 seconds left.\n|c|\u2606user58342485|gg\n|inactive|user58342485 has 120 seconds left.\n|c|\u2606user58342485|your team is strong\n|-message|user58342485 forfeited.\n|\n|win|kitty teve\n|raw|kitty teve's rating: 1233 &rarr; <strong>1274<\/strong><br \/>(+41 for winning)\n|raw|user58342485's rating: 1498 &rarr; <strong>1465<\/strong><br \/>(-33 for losing)\n|l|\u2606kitty teve\n","uploadtime":1695287190,"views":19,"p1id":"kittyteve","p2id":"user58342485","formatid":"gen9nationaldexdoubles","rating":1274,"private":0,"password":""}