{"id":"gen9nationaldexdoubles-1965100319","p1":"AutumnCookie","p2":"cassinidivision","format":"[Gen 9] National Dex Doubles","log":"|j|\u2606AutumnCookie\n|j|\u2606cassinidivision\n|t:|1697042507\n|gametype|doubles\n|player|p1|AutumnCookie|penny|\n|player|p2|cassinidivision|evelyn|\n|teamsize|p1|6\n|teamsize|p2|6\n|gen|9\n|tier|[Gen 9] National Dex Doubles\n|rule|HP Percentage Mod: HP is shown in percentages\n|rule|Endless Battle Clause: Forcing endless battles is banned\n|rule|OHKO Clause: OHKO moves are banned\n|rule|Evasion Moves Clause: Evasion moves are banned\n|rule|Evasion Abilities Clause: Evasion abilities are banned\n|rule|Species Clause: Limit one of each Pok\u00e9mon\n|rule|Gravity Sleep Clause: The combination of sleep-inducing moves with imperfect accuracy and Gravity or Gigantamax Orbeetle are banned\n|clearpoke\n|poke|p1|Jolteon, M|\n|poke|p1|Vaporeon, M|\n|poke|p1|Flareon, M|\n|poke|p1|Leafeon, M|\n|poke|p1|Umbreon, F|\n|poke|p1|Sylveon, F|\n|poke|p2|Annihilape, F|\n|poke|p2|Persian, F|\n|poke|p2|Pachirisu, F|\n|poke|p2|Lumineon, F|\n|poke|p2|Alcremie-Salted-Cream, F|\n|poke|p2|Vivillon-Polar, F|\n|teampreview\n|c|\u2606AutumnCookie|YIPPEE\n|c|\u2606cassinidivision|yayyyy\n|\n|t:|1697042530\n|start\n|switch|p1a: Umbreon|Umbreon, F|100\/100\n|switch|p1b: Flareon|Flareon, M|100\/100\n|switch|p2a: Annihilape|Annihilape, F|100\/100\n|switch|p2b: Persian|Persian, F|100\/100\n|turn|1\n|\n|t:|1697042557\n|move|p2b: Persian|Fake Out|p1a: Umbreon\n|-damage|p1a: Umbreon|83\/100\n|move|p2a: Annihilape|Bulk Up|p2a: Annihilape\n|-boost|p2a: Annihilape|atk|1\n|-boost|p2a: Annihilape|def|1\n|cant|p1a: Umbreon|flinch\n|move|p1b: Flareon|Toxic|p1a: Umbreon\n|-status|p1a: Umbreon|tox\n|-activate|p1a: Umbreon|ability: Synchronize\n|-status|p1b: Flareon|tox\n|\n|-heal|p1a: Umbreon|89\/100 tox|[from] item: Leftovers\n|-damage|p1b: Flareon|95\/100 tox|[from] psn\n|-damage|p1a: Umbreon|83\/100 tox|[from] psn\n|upkeep\n|turn|2\n|l|\u2606AutumnCookie\n|player|p1|\n|j|\u2606AutumnCookie\n|player|p1|AutumnCookie|penny\n|\n|t:|1697042596\n|move|p2b: Persian|U-turn|p1b: Flareon\n|-resisted|p1b: Flareon\n|-damage|p1b: Flareon|83\/100 tox\n|\n|t:|1697042600\n|switch|p2b: Lumineon|Lumineon, F|100\/100|[from] U-turn\n|move|p2a: Annihilape|Drain Punch|p1a: Umbreon\n|-supereffective|p1a: Umbreon\n|-damage|p1a: Umbreon|0 fnt\n|faint|p1a: Umbreon\n|move|p1b: Flareon|Superpower|p2b: Lumineon\n|-damage|p2b: Lumineon|9\/100\n|-unboost|p1b: Flareon|atk|1\n|-unboost|p1b: Flareon|def|1\n|\n|-heal|p1b: Flareon|89\/100 tox|[from] item: Leftovers\n|-damage|p1b: Flareon|77\/100 tox|[from] psn\n|upkeep\n|\n|t:|1697042620\n|switch|p1a: Sylveon|Sylveon, F|100\/100\n|turn|3\n|l|\u2606AutumnCookie\n|player|p1|\n|j|\u2606AutumnCookie\n|player|p1|AutumnCookie|penny\n|\n|t:|1697042648\n|move|p2b: Lumineon|Flip Turn|p1b: Flareon\n|-supereffective|p1b: Flareon\n|-damage|p1b: Flareon|12\/100 tox\n|\n|t:|1697042653\n|switch|p2b: Persian|Persian, F|100\/100|[from] Flip Turn\n|move|p2a: Annihilape|Drain Punch|p1a: Sylveon\n|-resisted|p1a: Sylveon\n|-damage|p1a: Sylveon|64\/100\n|move|p1b: Flareon|Flare Blitz|p2a: Annihilape\n|-damage|p2a: Annihilape|57\/100\n|-damage|p1b: Flareon|0 fnt|[from] Recoil\n|faint|p1b: Flareon\n|move|p1a: Sylveon|Wish|p1a: Sylveon\n|\n|upkeep\n|l|\u2606AutumnCookie\n|player|p1|\n|j|\u2606AutumnCookie\n|player|p1|AutumnCookie|penny\n|\n|t:|1697042700\n|switch|p1b: Vaporeon|Vaporeon, M|100\/100\n|turn|4\n|\n|t:|1697042711\n|move|p2b: Persian|Fake Out|p1a: Sylveon\n|-damage|p1a: Sylveon|39\/100\n|move|p2a: Annihilape|Drain Punch|p1b: Vaporeon\n|-damage|p1b: Vaporeon|54\/100\n|-heal|p2a: Annihilape|83\/100|[from] drain|[of] p1b: Vaporeon\n|move|p1b: Vaporeon|Aqua Ring|p1b: Vaporeon\n|-start|p1b: Vaporeon|Aqua Ring\n|cant|p1a: Sylveon|flinch\n|\n|-heal|p1a: Sylveon|89\/100|[from] move: Wish|[wisher] Sylveon\n|-heal|p1b: Vaporeon|60\/100|[from] Aqua Ring\n|upkeep\n|turn|5\n|\n|t:|1697042732\n|move|p2b: Persian|Aerial Ace|p1a: Sylveon\n|-damage|p1a: Sylveon|63\/100\n|move|p2a: Annihilape|Drain Punch|p1b: Vaporeon\n|-damage|p1b: Vaporeon|15\/100\n|-heal|p2a: Annihilape|100\/100|[from] drain|[of] p1b: Vaporeon\n|move|p1b: Vaporeon|Curse|p1b: Vaporeon\n|-unboost|p1b: Vaporeon|spe|1\n|-boost|p1b: Vaporeon|atk|1\n|-boost|p1b: Vaporeon|def|1\n|move|p1a: Sylveon|Substitute|p1a: Sylveon\n|-start|p1a: Sylveon|Substitute\n|-damage|p1a: Sylveon|38\/100\n|\n|-heal|p1b: Vaporeon|21\/100|[from] Aqua Ring\n|upkeep\n|turn|6\n|l|\u2606AutumnCookie\n|player|p1|\n|j|\u2606AutumnCookie\n|player|p1|AutumnCookie|penny\n|\n|t:|1697042770\n|move|p2b: Persian|Aerial Ace|p1a: Sylveon\n|-end|p1a: Sylveon|Substitute\n|move|p2a: Annihilape|Drain Punch|p1b: Vaporeon\n|-damage|p1b: Vaporeon|0 fnt\n|faint|p1b: Vaporeon\n|move|p1a: Sylveon|Wish|p1a: Sylveon\n|\n|upkeep\n|\n|t:|1697042784\n|switch|p1b: Leafeon|Leafeon, M|100\/100\n|turn|7\n|\n|t:|1697042801\n|move|p2b: Persian|U-turn|p1b: Leafeon\n|-supereffective|p1b: Leafeon\n|-damage|p1b: Leafeon|75\/100\n|\n|t:|1697042807\n|switch|p2b: Alcremie|Alcremie-Salted-Cream, F|100\/100|[from] U-turn\n|move|p1b: Leafeon|Swords Dance|p1b: Leafeon\n|-boost|p1b: Leafeon|atk|2\n|move|p2a: Annihilape|Drain Punch|p1a: Sylveon\n|-resisted|p1a: Sylveon\n|-damage|p1a: Sylveon|5\/100\n|move|p1a: Sylveon|Hyper Voice|p2a: Annihilape|[spread] p2a,p2b\n|-supereffective|p2a: Annihilape\n|-damage|p2a: Annihilape|28\/100\n|-damage|p2b: Alcremie|75\/100\n|-enditem|p1a: Sylveon|Throat Spray\n|-boost|p1a: Sylveon|spa|1|[from] item: Throat Spray\n|\n|-heal|p1a: Sylveon|55\/100|[from] move: Wish|[wisher] Sylveon\n|-heal|p2b: Alcremie|81\/100|[from] item: Leftovers\n|upkeep\n|turn|8\n|c|\u2606AutumnCookie|Have I mentioned how much I loathe mobile showdown yet\n|c|\u2606AutumnCookie|Also Annihilate is horrifying\n|c|\u2606cassinidivision|thnks :3\n|\n|t:|1697042848\n|move|p1b: Leafeon|Leaf Blade|p2a: Annihilape\n|-damage|p2a: Annihilape|0 fnt\n|faint|p2a: Annihilape\n|move|p2b: Alcremie|Decorate|p2: Annihilape|[notarget]\n|-fail|p2b: Alcremie\n|move|p1a: Sylveon|Substitute|p1a: Sylveon\n|-start|p1a: Sylveon|Substitute\n|-damage|p1a: Sylveon|30\/100\n|\n|-heal|p2b: Alcremie|87\/100|[from] item: Leftovers\n|upkeep\n|\n|t:|1697042859\n|switch|p2a: Vivillon|Vivillon-Polar, F|100\/100\n|turn|9\n|\n|t:|1697042875\n|move|p1b: Leafeon|Leaf Blade|p2b: Alcremie\n|-damage|p2b: Alcremie|24\/100\n|move|p2a: Vivillon|Quiver Dance|p2a: Vivillon\n|-boost|p2a: Vivillon|spa|1\n|-boost|p2a: Vivillon|spd|1\n|-boost|p2a: Vivillon|spe|1\n|move|p2b: Alcremie|Decorate|p2a: Vivillon\n|-boost|p2a: Vivillon|atk|2\n|-boost|p2a: Vivillon|spa|2\n|move|p1a: Sylveon|Wish|p1a: Sylveon\n|\n|-heal|p2b: Alcremie|30\/100|[from] item: Leftovers\n|upkeep\n|turn|10\n|\n|t:|1697042903\n|move|p2a: Vivillon|Bug Buzz|p1a: Sylveon\n|-resisted|p1a: Sylveon\n|-damage|p1a: Sylveon|0 fnt\n|faint|p1a: Sylveon\n|move|p1b: Leafeon|Leaf Blade|p2a: Vivillon\n|-resisted|p2a: Vivillon\n|-damage|p2a: Vivillon|66\/100\n|move|p2b: Alcremie|Recover|p2b: Alcremie\n|-heal|p2b: Alcremie|80\/100\n|\n|-heal|p2b: Alcremie|86\/100|[from] item: Leftovers\n|upkeep\n|c|\u2606AutumnCookie|BUG BUZZ GOES THROUGH SUBSTITUTE????\n|\n|t:|1697042931\n|switch|p1a: Jolteon|Jolteon, M|100\/100\n|turn|11\n|c|\u2606cassinidivision|YEAH\n|\n|t:|1697042954\n|move|p2b: Alcremie|Helping Hand|p2a: Vivillon\n|-singleturn|p2a: Vivillon|Helping Hand|[of] p2b: Alcremie\n|move|p1b: Leafeon|Protect|p1b: Leafeon\n|-singleturn|p1b: Leafeon|Protect\n|move|p2a: Vivillon|Bug Buzz|p1b: Leafeon\n|-activate|p1b: Leafeon|move: Protect\n|move|p1a: Jolteon|Calm Mind|p1a: Jolteon\n|-boost|p1a: Jolteon|spa|1\n|-boost|p1a: Jolteon|spd|1\n|\n|-heal|p2b: Alcremie|92\/100|[from] item: Leftovers\n|-status|p1a: Jolteon|brn|[from] item: Flame Orb\n|upkeep\n|turn|12\n|\n|t:|1697042979\n|move|p2b: Alcremie|Helping Hand|p2a: Vivillon\n|-singleturn|p2a: Vivillon|Helping Hand|[of] p2b: Alcremie\n|move|p1a: Jolteon|Volt Switch|p2a: Vivillon\n|-supereffective|p2a: Vivillon\n|-crit|p2a: Vivillon\n|-damage|p2a: Vivillon|0 fnt\n|faint|p2a: Vivillon\n|move|p1b: Leafeon|Leaf Blade|p2b: Alcremie\n|-damage|p2b: Alcremie|1\/100\n|\n|-heal|p2b: Alcremie|7\/100|[from] item: Leftovers\n|-damage|p1a: Jolteon|95\/100 brn|[from] brn\n|upkeep\n|\n|t:|1697042993\n|switch|p2a: Persian|Persian, F|100\/100\n|turn|13\n|\n|t:|1697043010\n|move|p1a: Jolteon|Calm Mind|p1a: Jolteon\n|-boost|p1a: Jolteon|spa|1\n|-boost|p1a: Jolteon|spd|1\n|move|p2a: Persian|Aerial Ace|p1b: Leafeon\n|-supereffective|p1b: Leafeon\n|-damage|p1b: Leafeon|38\/100\n|move|p1b: Leafeon|Swords Dance|p1b: Leafeon\n|-boost|p1b: Leafeon|atk|2\n|move|p2b: Alcremie|Decorate|p2a: Persian\n|-boost|p2a: Persian|atk|2\n|-boost|p2a: Persian|spa|2\n|\n|-heal|p2b: Alcremie|13\/100|[from] item: Leftovers\n|-damage|p1a: Jolteon|89\/100 brn|[from] brn\n|upkeep\n|turn|14\n|\n|t:|1697043038\n|move|p1b: Leafeon|Protect|p1b: Leafeon\n|-singleturn|p1b: Leafeon|Protect\n|move|p1a: Jolteon|Volt Switch|p2a: Persian\n|-damage|p2a: Persian|0 fnt\n|faint|p2a: Persian\n|move|p2b: Alcremie|Draining Kiss|p1a: Jolteon\n|-damage|p1a: Jolteon|77\/100 brn\n|-heal|p2b: Alcremie|21\/100|[from] drain|[of] p1a: Jolteon\n|\n|-heal|p2b: Alcremie|27\/100|[from] item: Leftovers\n|-damage|p1a: Jolteon|71\/100 brn|[from] brn\n|upkeep\n|\n|t:|1697043053\n|switch|p2a: Pachirisu|Pachirisu, F|100\/100\n|turn|15\n|c|\u2606AutumnCookie|Jolteon sweep maybe????\n|c|\u2606cassinidivision|prob\n|\n|t:|1697043077\n|move|p1a: Jolteon|Signal Beam|p2b: Alcremie\n|-resisted|p2b: Alcremie\n|-damage|p2b: Alcremie|11\/100\n|move|p1b: Leafeon|Wish|p1b: Leafeon\n|move|p2a: Pachirisu|Nuzzle|p1b: Leafeon\n|-resisted|p1b: Leafeon\n|-damage|p1b: Leafeon|36\/100\n|-status|p1b: Leafeon|par\n|move|p2b: Alcremie|Recover|p2b: Alcremie\n|-heal|p2b: Alcremie|61\/100\n|\n|-heal|p2b: Alcremie|67\/100|[from] item: Leftovers\n|-damage|p1a: Jolteon|65\/100 brn|[from] brn\n|upkeep\n|turn|16\n|c|\u2606cassinidivision|my attackers are all down\n|\n|t:|1697043101\n|move|p2b: Alcremie|Helping Hand|p2a: Pachirisu\n|-singleturn|p2a: Pachirisu|Helping Hand|[of] p2b: Alcremie\n|move|p1b: Leafeon|Protect|p1b: Leafeon\n|-singleturn|p1b: Leafeon|Protect\n|move|p1a: Jolteon|Volt Switch|p2b: Alcremie\n|-damage|p2b: Alcremie|25\/100\n|move|p2a: Pachirisu|Thunderbolt|p1b: Leafeon\n|-activate|p1b: Leafeon|move: Protect\n|\n|-heal|p1b: Leafeon|86\/100 par|[from] move: Wish|[wisher] Leafeon\n|-heal|p2b: Alcremie|31\/100|[from] item: Leftovers\n|-damage|p1a: Jolteon|59\/100 brn|[from] brn\n|upkeep\n|turn|17\n|l|\u2606AutumnCookie\n|player|p1|\n|j|\u2606AutumnCookie\n|player|p1|AutumnCookie|penny\n|\n|t:|1697043131\n|move|p2b: Alcremie|Helping Hand|p2a: Pachirisu\n|-singleturn|p2a: Pachirisu|Helping Hand|[of] p2b: Alcremie\n|move|p1a: Jolteon|Volt Switch|p2b: Alcremie\n|-damage|p2b: Alcremie|0 fnt\n|faint|p2b: Alcremie\n|move|p2a: Pachirisu|Thunderbolt|p1b: Leafeon\n|-resisted|p1b: Leafeon\n|-damage|p1b: Leafeon|56\/100 par\n|cant|p1b: Leafeon|par\n|\n|-damage|p1a: Jolteon|53\/100 brn|[from] brn\n|upkeep\n|\n|t:|1697043142\n|switch|p2b: Lumineon|Lumineon, F|9\/100\n|turn|18\n|\n|t:|1697043160\n|move|p1a: Jolteon|Volt Switch|p2b: Lumineon\n|-supereffective|p2b: Lumineon\n|-crit|p2b: Lumineon\n|-damage|p2b: Lumineon|0 fnt\n|faint|p2b: Lumineon\n|move|p2a: Pachirisu|Thunderbolt|p1b: Leafeon\n|-resisted|p1b: Leafeon\n|-damage|p1b: Leafeon|39\/100 par\n|move|p1b: Leafeon|Leaf Blade|p2a: Pachirisu\n|-damage|p2a: Pachirisu|0 fnt\n|faint|p2a: Pachirisu\n|\n|win|AutumnCookie\n|c|\u2606cassinidivision|gg\n|l|\u2606AutumnCookie\n|j|\u2606AutumnCookie\n|player|p1|AutumnCookie|penny\n|l|\u2606cassinidivision\n|c|\u2606AutumnCookie|GG. I honestly did NOT expect to be able to turn that around\n","uploadtime":1697043210,"views":8,"p1id":"autumncookie","p2id":"cassinidivision","formatid":"gen9nationaldexdoubles","rating":0,"private":0,"password":""}