{"id":"gen9nationaldexdoubles-1964008298","p1":"footLOL","p2":"Hgi jf","format":"[Gen 9] National Dex Doubles","log":"|j|\u2606footLOL\n|j|\u2606Hgi jf\n|t:|1696929516\n|gametype|doubles\n|player|p1|footLOL|169|1094\n|player|p2|Hgi jf|lucas|1052\n|teamsize|p1|6\n|teamsize|p2|6\n|gen|9\n|tier|[Gen 9] National Dex Doubles\n|rated|\n|rule|HP Percentage Mod: HP is shown in percentages\n|rule|Endless Battle Clause: Forcing endless battles is banned\n|rule|OHKO Clause: OHKO moves are banned\n|rule|Evasion Moves Clause: Evasion moves are banned\n|rule|Evasion Abilities Clause: Evasion abilities are banned\n|rule|Species Clause: Limit one of each Pok\u00e9mon\n|rule|Gravity Sleep Clause: The combination of sleep-inducing moves with imperfect accuracy and Gravity or Gigantamax Orbeetle are banned\n|clearpoke\n|poke|p1|Tornadus, M|\n|poke|p1|Palafin, F|\n|poke|p1|Amoonguss, F|\n|poke|p1|Skeledirge, F|\n|poke|p1|Maushold-Four|\n|poke|p1|Fezandipiti, M|\n|poke|p2|Indeedee, M|\n|poke|p2|Deoxys-Attack|\n|poke|p2|Typhlosion, M|\n|poke|p2|Kartana|\n|poke|p2|Murkrow, F|\n|poke|p2|Shuckle, F|\n|teampreview\n|\n|t:|1696929529\n|start\n|switch|p1a: Tornadus|Tornadus, M|100\/100\n|switch|p1b: Palafin|Palafin, F|100\/100\n|switch|p2a: Murkrow|Murkrow, F|100\/100\n|switch|p2b: Shuckle|Shuckle, F|100\/100\n|turn|1\n|\n|t:|1696929553\n|detailschange|p1b: Palafin|Palafin-Hero, F\n|switch|p1b: Amoonguss|Amoonguss, F|100\/100\n|move|p1a: Tornadus|Taunt|p2a: Murkrow\n|-hint|Since gen 7, Dark is immune to Prankster moves.\n|-immune|p2a: Murkrow\n|move|p2a: Murkrow|Perish Song|p2a: Murkrow\n|-start|p1a: Tornadus|perish3|[silent]\n|-start|p1b: Amoonguss|perish3|[silent]\n|-start|p2a: Murkrow|perish3|[silent]\n|-start|p2b: Shuckle|perish3|[silent]\n|-fieldactivate|move: Perish Song\n|move|p2b: Shuckle|Sticky Web|p1b: Amoonguss\n|-sidestart|p1: footLOL|move: Sticky Web\n|\n|-start|p1a: Tornadus|perish3\n|-start|p2a: Murkrow|perish3\n|-start|p1b: Amoonguss|perish3\n|-start|p2b: Shuckle|perish3\n|upkeep\n|turn|2\n|\n|t:|1696929584\n|move|p1a: Tornadus|Tailwind|p1a: Tornadus\n|-sidestart|p1: footLOL|move: Tailwind\n|move|p2a: Murkrow|Taunt|p1b: Amoonguss\n|-start|p1b: Amoonguss|move: Taunt\n|cant|p1b: Amoonguss|move: Taunt|Spore\n|move|p2b: Shuckle|Stealth Rock|p1a: Tornadus\n|-sidestart|p1: footLOL|move: Stealth Rock\n|\n|-start|p1a: Tornadus|perish2\n|-start|p2a: Murkrow|perish2\n|-start|p1b: Amoonguss|perish2\n|-start|p2b: Shuckle|perish2\n|upkeep\n|turn|3\n|\n|t:|1696929604\n|switch|p1a: Skeledirge|Skeledirge, F|100\/100\n|-activate|p1a: Skeledirge|move: Sticky Web\n|-unboost|p1a: Skeledirge|spe|1\n|-damage|p1a: Skeledirge|76\/100|[from] Stealth Rock\n|move|p2a: Murkrow|Tailwind|p2a: Murkrow\n|-sidestart|p2: Hgi jf|move: Tailwind\n|move|p1b: Amoonguss|Giga Drain|p2b: Shuckle\n|-damage|p2b: Shuckle|86\/100\n|move|p2b: Shuckle|Toxic|p1a: Skeledirge\n|-status|p1a: Skeledirge|tox\n|\n|-damage|p1a: Skeledirge|70\/100 tox|[from] psn\n|-start|p2a: Murkrow|perish1\n|-start|p1b: Amoonguss|perish1\n|-start|p2b: Shuckle|perish1\n|upkeep\n|turn|4\n|\n|t:|1696929644\n|switch|p2a: Typhlosion|Typhlosion, M|100\/100\n|switch|p1b: Fezandipiti|Fezandipiti, M|100\/100\n|-activate|p1b: Fezandipiti|move: Sticky Web\n|-unboost|p1b: Fezandipiti|spe|1\n|-damage|p1b: Fezandipiti|88\/100|[from] Stealth Rock\n|move|p1a: Skeledirge|Torch Song|p2a: Typhlosion\n|-resisted|p2a: Typhlosion\n|-damage|p2a: Typhlosion|72\/100\n|-boost|p1a: Skeledirge|spa|1\n|-enditem|p1a: Skeledirge|Throat Spray\n|-boost|p1a: Skeledirge|spa|1|[from] item: Throat Spray\n|move|p2b: Shuckle|Toxic|p1b: Fezandipiti|[miss]\n|-miss|p2b: Shuckle|p1b: Fezandipiti\n|\n|-heal|p1b: Fezandipiti|94\/100|[from] item: Black Sludge\n|-damage|p1a: Skeledirge|57\/100 tox|[from] psn\n|-start|p2b: Shuckle|perish0\n|faint|p2b: Shuckle\n|upkeep\n|\n|t:|1696929665\n|switch|p2b: Indeedee|Indeedee, M|100\/100\n|-fieldstart|move: Psychic Terrain|[from] ability: Psychic Surge|[of] p2b: Indeedee\n|turn|5\n|\n|t:|1696929684\n|-terastallize|p2b: Indeedee|Psychic\n|move|p2a: Typhlosion|Eruption|p1b: Fezandipiti|[spread] p1a,p1b\n|-resisted|p1a: Skeledirge\n|-damage|p1a: Skeledirge|38\/100 tox\n|-damage|p1b: Fezandipiti|65\/100\n|move|p2b: Indeedee|Expanding Force|p1a: Skeledirge|[spread] p1a,p1b\n|-supereffective|p1b: Fezandipiti\n|-damage|p1a: Skeledirge|0 fnt\n|-damage|p1b: Fezandipiti|0 fnt\n|faint|p1a: Skeledirge\n|faint|p1b: Fezandipiti\n|\n|-sideend|p1: footLOL|move: Tailwind\n|upkeep\n|\n|t:|1696929700\n|switch|p1b: Tornadus|Tornadus, M|100\/100\n|switch|p1a: Palafin|Palafin-Hero, F|100\/100\n|-activate|p1a: Palafin|move: Sticky Web\n|-unboost|p1a: Palafin|spe|1\n|-damage|p1a: Palafin|88\/100|[from] Stealth Rock\n|-activate|p1a: Palafin|ability: Zero to Hero\n|-damage|p1b: Tornadus|76\/100|[from] Stealth Rock\n|turn|6\n|\n|t:|1696929715\n|switch|p2b: Murkrow|Murkrow, F|100\/100\n|move|p1b: Tornadus|Tailwind|p1b: Tornadus\n|-sidestart|p1: footLOL|move: Tailwind\n|move|p1a: Palafin|Jet Punch|p2a: Typhlosion\n|-activate|p2a: Typhlosion|move: Psychic Terrain\n|move|p2a: Typhlosion|Eruption|p1a: Palafin|[spread] p1a,p1b\n|-resisted|p1a: Palafin\n|-damage|p1a: Palafin|76\/100\n|-damage|p1b: Tornadus|46\/100\n|\n|-sideend|p2: Hgi jf|move: Tailwind\n|upkeep\n|turn|7\n|inactive|Battle timer is ON: inactive players will automatically lose when time's up. (requested by Hgi jf)\n|\n|t:|1696929732\n|move|p1b: Tornadus|Taunt|p2b: Murkrow\n|-hint|Since gen 7, Dark is immune to Prankster moves.\n|-immune|p2b: Murkrow\n|move|p1a: Palafin|Jet Punch|p2a: Typhlosion\n|-activate|p2a: Typhlosion|move: Psychic Terrain\n|move|p2b: Murkrow|Tailwind|p2b: Murkrow\n|-sidestart|p2: Hgi jf|move: Tailwind\n|move|p2a: Typhlosion|Eruption|p1b: Tornadus|[spread] p1a,p1b\n|-resisted|p1a: Palafin\n|-damage|p1a: Palafin|63\/100\n|-damage|p1b: Tornadus|17\/100\n|\n|upkeep\n|turn|8\n|\n|t:|1696929757\n|switch|p2b: Kartana|Kartana|100\/100\n|move|p2a: Typhlosion|Eruption|p1a: Palafin|[spread] p1a,p1b\n|-resisted|p1a: Palafin\n|-damage|p1a: Palafin|50\/100\n|-damage|p1b: Tornadus|0 fnt\n|faint|p1b: Tornadus\n|move|p1a: Palafin|Flip Turn|p2a: Typhlosion\n|-supereffective|p2a: Typhlosion\n|-damage|p2a: Typhlosion|0 fnt\n|faint|p2a: Typhlosion\n|\n|t:|1696929770\n|switch|p1a: Amoonguss|Amoonguss, F|100\/100|[from] Flip Turn\n|-activate|p1a: Amoonguss|move: Sticky Web\n|-unboost|p1a: Amoonguss|spe|1\n|-damage|p1a: Amoonguss|88\/100|[from] Stealth Rock\n|\n|-heal|p1a: Amoonguss|94\/100|[from] item: Leftovers\n|upkeep\n|-message|footLOL forfeited.\n|\n|win|Hgi jf\n|raw|footLOL's rating: 1094 &rarr; <strong>1067<\/strong><br \/>(-27 for losing)\n|raw|Hgi jf's rating: 1052 &rarr; <strong>1088<\/strong><br \/>(+36 for winning)\n|l|\u2606footLOL\n","uploadtime":1696929790,"views":12,"p1id":"footlol","p2id":"hgijf","formatid":"gen9nationaldexdoubles","rating":1067,"private":0,"password":""}