{"id":"gen9nationaldexdoubles-1949067782","p1":"toffee1497","p2":"kingspeed51","format":"[Gen 9] National Dex Doubles","log":"|j|\u2606toffee1497\n|j|\u2606kingspeed51\n|t:|1695323326\n|gametype|doubles\n|player|p1|toffee1497|elio|1196\n|player|p2|kingspeed51|1|1165\n|teamsize|p1|6\n|teamsize|p2|6\n|gen|9\n|tier|[Gen 9] National Dex Doubles\n|rated|\n|rule|HP Percentage Mod: HP is shown in percentages\n|rule|Endless Battle Clause: Forcing endless battles is banned\n|rule|OHKO Clause: OHKO moves are banned\n|rule|Evasion Moves Clause: Evasion moves are banned\n|rule|Evasion Abilities Clause: Evasion abilities are banned\n|rule|Species Clause: Limit one of each Pok\u00e9mon\n|rule|Gravity Sleep Clause: The combination of sleep-inducing moves with imperfect accuracy and Gravity or Gigantamax Orbeetle are banned\n|clearpoke\n|poke|p1|Mimikyu, M|\n|poke|p1|Ribombee, F|\n|poke|p1|Feraligatr, M|\n|poke|p1|Primarina, F|\n|poke|p1|Goodra, M|\n|poke|p1|Kommo-o, F|\n|poke|p2|Metagross|\n|poke|p2|Roaring Moon|\n|poke|p2|Milotic, F|\n|poke|p2|Sinistcha|\n|poke|p2|Talonflame, M|\n|poke|p2|Chansey, F|\n|teampreview\n|\n|t:|1695323344\n|start\n|switch|p1a: Ribombee|Ribombee, F|100\/100\n|switch|p1b: Feraligatr|Feraligatr, M|100\/100\n|switch|p2a: Talonflame|Talonflame, M|100\/100\n|switch|p2b: Roaring Moon|Roaring Moon|100\/100\n|-enditem|p2b: Roaring Moon|Booster Energy\n|-activate|p2b: Roaring Moon|ability: Protosynthesis|[fromitem]\n|-start|p2b: Roaring Moon|protosynthesisatk\n|turn|1\n|\n|t:|1695323371\n|-terastallize|p2b: Roaring Moon|Flying\n|move|p2a: Talonflame|Protect|p2a: Talonflame\n|-singleturn|p2a: Talonflame|Protect\n|move|p1a: Ribombee|Sticky Web|p2a: Talonflame\n|-sidestart|p2: kingspeed51|move: Sticky Web\n|move|p2b: Roaring Moon|Acrobatics|p1a: Ribombee\n|-supereffective|p1a: Ribombee\n|-crit|p1a: Ribombee\n|-enditem|p1a: Ribombee|Focus Sash\n|-damage|p1a: Ribombee|1\/100\n|move|p1b: Feraligatr|Liquidation|p2a: Talonflame\n|-activate|p2a: Talonflame|move: Protect\n|\n|upkeep\n|turn|2\n|\n|t:|1695323391\n|move|p2a: Talonflame|Brave Bird|p1a: Ribombee\n|-supereffective|p1a: Ribombee\n|-damage|p1a: Ribombee|0 fnt\n|faint|p1a: Ribombee\n|-damage|p2a: Talonflame|99\/100|[from] Recoil\n|move|p2b: Roaring Moon|Acrobatics|p1b: Feraligatr\n|-damage|p1b: Feraligatr|8\/100\n|move|p1b: Feraligatr|Ice Punch|p2b: Roaring Moon\n|-supereffective|p2b: Roaring Moon\n|-damage|p2b: Roaring Moon|0 fnt\n|faint|p2b: Roaring Moon\n|-end|p2b: Roaring Moon|Protosynthesis|[silent]\n|\n|upkeep\n|\n|t:|1695323407\n|switch|p1a: Mimikyu|Mimikyu, M|100\/100\n|switch|p2b: Sinistcha|Sinistcha|100\/100\n|-activate|p2b: Sinistcha|move: Sticky Web\n|-unboost|p2b: Sinistcha|spe|1\n|-heal|p2a: Talonflame|100\/100|[from] ability: Hospitality|[of] p2b: Sinistcha\n|turn|3\n|\n|t:|1695323433\n|move|p2a: Talonflame|Brave Bird|p1a: Mimikyu\n|-activate|p1a: Mimikyu|ability: Disguise\n|-damage|p1a: Mimikyu|100\/100\n|detailschange|p1a: Mimikyu|Mimikyu-Busted, M\n|-damage|p1a: Mimikyu|88\/100|[from] pokemon: Mimikyu-Busted\n|move|p1a: Mimikyu|Shadow Sneak|p2a: Talonflame\n|-damage|p2a: Talonflame|76\/100\n|move|p1b: Feraligatr|Ice Punch|p2b: Sinistcha\n|-supereffective|p2b: Sinistcha\n|-damage|p2b: Sinistcha|24\/100\n|move|p2b: Sinistcha|Shadow Ball|p1a: Mimikyu\n|-supereffective|p1a: Mimikyu\n|-damage|p1a: Mimikyu|0 fnt\n|faint|p1a: Mimikyu\n|\n|upkeep\n|\n|t:|1695323450\n|switch|p1a: Primarina|Primarina, F|100\/100\n|turn|4\n|\n|t:|1695323461\n|-terastallize|p1a: Primarina|Water\n|move|p2a: Talonflame|Tailwind|p2a: Talonflame\n|-sidestart|p2: kingspeed51|move: Tailwind\n|move|p1b: Feraligatr|Liquidation|p2a: Talonflame\n|-supereffective|p2a: Talonflame\n|-damage|p2a: Talonflame|0 fnt\n|faint|p2a: Talonflame\n|move|p2b: Sinistcha|Matcha Gotcha|p1b: Feraligatr|[spread] p1a,p1b\n|-supereffective|p1a: Primarina\n|-supereffective|p1b: Feraligatr\n|-crit|p1b: Feraligatr\n|-damage|p1a: Primarina|46\/100\n|-heal|p2b: Sinistcha|53\/100|[from] drain|[of] p1a: Primarina\n|-damage|p1b: Feraligatr|0 fnt\n|-heal|p2b: Sinistcha|56\/100|[from] drain|[of] p1b: Feraligatr\n|-status|p1a: Primarina|brn\n|faint|p1b: Feraligatr\n|move|p1a: Primarina|Hyper Voice|p2b: Sinistcha\n|-resisted|p2b: Sinistcha\n|-damage|p2b: Sinistcha|24\/100\n|\n|-heal|p1a: Primarina|52\/100 brn|[from] item: Leftovers\n|-damage|p1a: Primarina|46\/100 brn|[from] brn\n|upkeep\n|\n|t:|1695323482\n|switch|p2a: Chansey|Chansey, F|100\/100\n|switch|p1b: Goodra|Goodra, M|100\/100\n|-activate|p2a: Chansey|move: Sticky Web\n|-unboost|p2a: Chansey|spe|1\n|turn|5\n|c|\u2606toffee1497|who knew Matcha tea would be so op\n|\n|t:|1695323501\n|move|p2b: Sinistcha|Matcha Gotcha|p1a: Primarina|[spread] p1a\n|-ability|p1b: Goodra|Sap Sipper|boost\n|-boost|p1b: Goodra|atk|1\n|-supereffective|p1a: Primarina\n|-damage|p1a: Primarina|0 fnt\n|-heal|p2b: Sinistcha|48\/100|[from] drain|[of] p1a: Primarina\n|faint|p1a: Primarina\n|move|p1b: Goodra|Sludge Bomb|p2b: Sinistcha\n|-damage|p2b: Sinistcha|20\/100\n|-status|p2b: Sinistcha|psn\n|move|p2a: Chansey|Toxic|p1b: Goodra\n|-status|p1b: Goodra|tox\n|\n|-damage|p2b: Sinistcha|7\/100 psn|[from] psn\n|-damage|p1b: Goodra|94\/100 tox|[from] psn\n|upkeep\n|\n|t:|1695323510\n|switch|p1a: Kommo-o|Kommo-o, F|100\/100\n|turn|6\n|\n|t:|1695323528\n|-zpower|p1a: Kommo-o\n|move|p1a: Kommo-o|Clangorous Soulblaze|p2a: Chansey|[zeffect]|[spread] p2a,p2b\n|-damage|p2a: Chansey|79\/100\n|-damage|p2b: Sinistcha|0 fnt\n|faint|p2b: Sinistcha\n|-boost|p1a: Kommo-o|atk|1\n|-boost|p1a: Kommo-o|def|1\n|-boost|p1a: Kommo-o|spa|1\n|-boost|p1a: Kommo-o|spd|1\n|-boost|p1a: Kommo-o|spe|1\n|move|p1b: Goodra|Sludge Bomb|p2a: Chansey\n|-damage|p2a: Chansey|69\/100\n|move|p2a: Chansey|Seismic Toss|p1b: Goodra\n|-damage|p1b: Goodra|68\/100 tox\n|\n|-damage|p1b: Goodra|56\/100 tox|[from] psn\n|upkeep\n|c|\u2606kingspeed51|it is pretty good\n|\n|t:|1695323546\n|switch|p2b: Milotic|Milotic, F|100\/100\n|-activate|p2b: Milotic|move: Sticky Web\n|-unboost|p2b: Milotic|spe|1\n|-ability|p2b: Milotic|Competitive|boost\n|-boost|p2b: Milotic|spa|2\n|turn|7\n|\n|t:|1695323561\n|move|p1a: Kommo-o|Aura Sphere|p2a: Chansey\n|-supereffective|p2a: Chansey\n|-damage|p2a: Chansey|35\/100\n|move|p2b: Milotic|Ice Beam|p1a: Kommo-o\n|-supereffective|p1a: Kommo-o\n|-damage|p1a: Kommo-o|17\/100\n|move|p1b: Goodra|Thunderbolt|p2b: Milotic\n|-supereffective|p2b: Milotic\n|-damage|p2b: Milotic|53\/100\n|move|p2a: Chansey|Soft-Boiled|p2a: Chansey\n|-heal|p2a: Chansey|85\/100\n|\n|-damage|p1b: Goodra|38\/100 tox|[from] psn\n|-sideend|p2: kingspeed51|move: Tailwind\n|upkeep\n|turn|8\n|\n|t:|1695323577\n|move|p2b: Milotic|Protect|p2b: Milotic\n|-singleturn|p2b: Milotic|Protect\n|move|p1a: Kommo-o|Clanging Scales|p2a: Chansey|[spread] p2a\n|-activate|p2b: Milotic|move: Protect\n|-damage|p2a: Chansey|68\/100\n|-unboost|p1a: Kommo-o|def|1\n|move|p1b: Goodra|Thunderbolt|p2b: Milotic\n|-activate|p2b: Milotic|move: Protect\n|move|p2a: Chansey|Seismic Toss|p1a: Kommo-o\n|-damage|p1a: Kommo-o|0 fnt\n|faint|p1a: Kommo-o\n|\n|-damage|p1b: Goodra|14\/100 tox|[from] psn\n|upkeep\n|turn|9\n|-message|toffee1497 forfeited.\n|\n|win|kingspeed51\n|raw|toffee1497's rating: 1196 &rarr; <strong>1169<\/strong><br \/>(-27 for losing)\n|raw|kingspeed51's rating: 1165 &rarr; <strong>1192<\/strong><br \/>(+27 for winning)\n|l|\u2606toffee1497\n","uploadtime":1695323595,"views":16,"p1id":"toffee1497","p2id":"kingspeed51","formatid":"gen9nationaldexdoubles","rating":1169,"private":0,"password":""}