{"id":"gen9nationaldexdoubles-1994481509","p1":"wammer18","p2":"Ryan1Baek","format":"[Gen 9] National Dex Doubles","log":"|j|\u2606wammer18\n|j|\u2606Ryan1Baek\n|t:|1700448965\n|gametype|doubles\n|player|p1|wammer18|266|\n|player|p2|Ryan1Baek|carmine|\n|teamsize|p1|6\n|teamsize|p2|6\n|gen|9\n|tier|[Gen 9] National Dex Doubles\n|rule|HP Percentage Mod: HP is shown in percentages\n|rule|Endless Battle Clause: Forcing endless battles is banned\n|rule|OHKO Clause: OHKO moves are banned\n|rule|Evasion Moves Clause: Evasion moves are banned\n|rule|Evasion Abilities Clause: Evasion abilities are banned\n|rule|Species Clause: Limit one of each Pok\u00e9mon\n|rule|Gravity Sleep Clause: The combination of sleep-inducing moves with imperfect accuracy and Gravity or Gigantamax Orbeetle are banned\n|clearpoke\n|poke|p1|Charizard, M|\n|poke|p1|Chi-Yu|\n|poke|p1|Tornadus, M|\n|poke|p1|Tapu Fini|\n|poke|p1|Kingambit, M|\n|poke|p1|Ogerpon-Wellspring, F|\n|poke|p2|Farigiraf, F|\n|poke|p2|Diancie|\n|poke|p2|Torkoal, F|\n|poke|p2|Venusaur, F|\n|poke|p2|Tornadus, M|\n|poke|p2|Walking Wake|\n|teampreview\n|j| Shiny_Hero64\n|j| Eliminathan\n|\n|t:|1700448987\n|start\n|switch|p1a: Chi-Yu|Chi-Yu|100\/100\n|switch|p1b: Ogerpon|Ogerpon-Wellspring, F|100\/100\n|switch|p2a: Tornadus|Tornadus, M, shiny|100\/100\n|switch|p2b: Walking Wake|Walking Wake|100\/100\n|-ability|p1a: Chi-Yu|Beads of Ruin\n|turn|1\n|j| TestudoJK\n|l| TestudoJK\n|j| TestudoJK\n|l| Shiny_Hero64\n|j| Shiny_Hero64\n|inactive|Battle timer is ON: inactive players will automatically lose when time's up. (requested by wammer18)\n|\n|t:|1700449056\n|-end|p2b: Walking Wake|Protosynthesis|[silent]\n|switch|p2b: Torkoal|Torkoal, F, shiny|100\/100\n|-weather|SunnyDay|[from] ability: Drought|[of] p2b: Torkoal\n|switch|p1a: Tapu Fini|Tapu Fini|100\/100\n|-fieldstart|move: Misty Terrain|[from] ability: Misty Surge|[of] p1a: Tapu Fini\n|move|p1b: Ogerpon|Spiky Shield|p1b: Ogerpon\n|-singleturn|p1b: Ogerpon|move: Protect\n|move|p2a: Tornadus|Bleakwind Storm|p1a: Tapu Fini|[spread] p1a\n|-activate|p1b: Ogerpon|move: Protect\n|-damage|p1a: Tapu Fini|80\/100\n|-unboost|p1a: Tapu Fini|spe|1\n|\n|-weather|SunnyDay|[upkeep]\n|upkeep\n|turn|2\n|\n|t:|1700449079\n|switch|p2b: Venusaur|Venusaur, F, shiny|100\/100\n|move|p2a: Tornadus|Bleakwind Storm|p1a: Tapu Fini|[spread] p1a,p1b\n|-supereffective|p1b: Ogerpon\n|-damage|p1a: Tapu Fini|58\/100\n|-damage|p1b: Ogerpon|24\/100\n|move|p1b: Ogerpon|Ivy Cudgel|p2b: Venusaur|[anim] Ivy Cudgel Water\n|-resisted|p2b: Venusaur\n|-damage|p2b: Venusaur|82\/100\n|move|p1a: Tapu Fini|Muddy Water|p2a: Tornadus|[spread] p2a,p2b\n|-resisted|p2b: Venusaur\n|-damage|p2a: Tornadus|79\/100\n|-damage|p2b: Venusaur|74\/100\n|-unboost|p2a: Tornadus|accuracy|1\n|\n|-weather|SunnyDay|[upkeep]\n|upkeep\n|turn|3\n|inactive|wammer18 has 270 seconds left.\n|\n|t:|1700449109\n|move|p2b: Venusaur|Giga Drain|p1a: Tapu Fini\n|-supereffective|p1a: Tapu Fini\n|-damage|p1a: Tapu Fini|6\/100\n|-heal|p2b: Venusaur|100\/100|[from] drain|[of] p1a: Tapu Fini\n|-damage|p2b: Venusaur|91\/100|[from] item: Life Orb\n|move|p2a: Tornadus|U-turn|p1b: Ogerpon|[miss]\n|-miss|p2a: Tornadus|p1b: Ogerpon\n|move|p1b: Ogerpon|Ivy Cudgel|p2a: Tornadus|[anim] Ivy Cudgel Water\n|-damage|p2a: Tornadus|37\/100\n|move|p1a: Tapu Fini|Icy Wind|p2a: Tornadus|[spread] p2a,p2b\n|-supereffective|p2a: Tornadus\n|-supereffective|p2b: Venusaur\n|-damage|p2a: Tornadus|2\/100\n|-damage|p2b: Venusaur|66\/100\n|-unboost|p2a: Tornadus|spe|1\n|-unboost|p2b: Venusaur|spe|1\n|\n|-weather|SunnyDay|[upkeep]\n|upkeep\n|turn|4\n|inactive|wammer18 has 270 seconds left.\n|\n|t:|1700449150\n|switch|p2a: Farigiraf|Farigiraf, F|100\/100\n|switch|p1a: Kingambit|Kingambit, M|100\/100\n|move|p1b: Ogerpon|Follow Me|p1b: Ogerpon\n|-singleturn|p1b: Ogerpon|move: Follow Me\n|move|p2b: Venusaur|Giga Drain|p1b: Ogerpon\n|-damage|p1b: Ogerpon|0 fnt\n|-heal|p2b: Venusaur|80\/100|[from] drain|[of] p1b: Ogerpon\n|faint|p1b: Ogerpon\n|-damage|p2b: Venusaur|70\/100|[from] item: Life Orb\n|\n|-weather|SunnyDay|[upkeep]\n|upkeep\n|\n|t:|1700449165\n|switch|p1b: Chi-Yu|Chi-Yu|100\/100\n|-ability|p1b: Chi-Yu|Beads of Ruin\n|turn|5\n|l| Shiny_Hero64\n|inactive|Ryan1Baek has 270 seconds left.\n|j| Shiny_Hero64\n|\n|t:|1700449208\n|-terastallize|p2a: Farigiraf|Dark\n|move|p2b: Venusaur|Weather Ball|p1b: Chi-Yu\n|-resisted|p1b: Chi-Yu\n|-damage|p1b: Chi-Yu|64\/100\n|-damage|p2b: Venusaur|60\/100|[from] item: Life Orb\n|move|p1b: Chi-Yu|Heat Wave|p2b: Venusaur|[spread] p2a,p2b\n|-supereffective|p2b: Venusaur\n|-damage|p2a: Farigiraf|0 fnt\n|-damage|p2b: Venusaur|0 fnt\n|faint|p2a: Farigiraf\n|faint|p2b: Venusaur\n|move|p1a: Kingambit|Kowtow Cleave|p2: Farigiraf|[notarget]\n|-fail|p1a: Kingambit\n|\n|-weather|none\n|-fieldend|Misty Terrain\n|upkeep\n|c|\u2606Ryan1Baek|holy fuck\n|\n|t:|1700449225\n|switch|p2b: Diancie|Diancie|100\/100\n|switch|p2a: Tornadus|Tornadus, M, shiny|2\/100\n|turn|6\n|inactive|Ryan1Baek has 270 seconds left.\n|\n|t:|1700449233\n|switch|p1b: Tapu Fini|Tapu Fini|6\/100\n|-fieldstart|move: Misty Terrain|[from] ability: Misty Surge|[of] p1b: Tapu Fini\n|detailschange|p2b: Diancie|Diancie-Mega\n|-mega|p2b: Diancie|Diancie|Diancite\n|move|p2a: Tornadus|Tailwind|p2a: Tornadus\n|-sidestart|p2: Ryan1Baek|move: Tailwind\n|move|p2b: Diancie|Body Press|p1a: Kingambit\n|-supereffective|p1a: Kingambit\n|-damage|p1a: Kingambit|25\/100\n|move|p1a: Kingambit|Kowtow Cleave|p2a: Tornadus\n|-damage|p2a: Tornadus|0 fnt\n|faint|p2a: Tornadus\n|\n|upkeep\n|inactive|Ryan1Baek has 270 seconds left.\n|\n|t:|1700449247\n|switch|p2a: Torkoal|Torkoal, F, shiny|100\/100\n|-weather|SunnyDay|[from] ability: Drought|[of] p2a: Torkoal\n|turn|7\n|\n|t:|1700449260\n|move|p1a: Kingambit|Protect|p1a: Kingambit\n|-singleturn|p1a: Kingambit|Protect\n|move|p2b: Diancie|Body Press|p1a: Kingambit\n|-activate|p1a: Kingambit|move: Protect\n|move|p1b: Tapu Fini|Muddy Water|p2a: Torkoal|[spread] p2a,p2b\n|-supereffective|p2a: Torkoal\n|-supereffective|p2b: Diancie\n|-damage|p2a: Torkoal|66\/100\n|-damage|p2b: Diancie|67\/100\n|-unboost|p2b: Diancie|accuracy|1\n|move|p2a: Torkoal|Heat Wave|p1b: Tapu Fini|[spread] p1b\n|-activate|p1a: Kingambit|move: Protect\n|-resisted|p1b: Tapu Fini\n|-damage|p1b: Tapu Fini|0 fnt\n|faint|p1b: Tapu Fini\n|\n|-weather|SunnyDay|[upkeep]\n|upkeep\n|\n|t:|1700449282\n|switch|p1b: Tornadus|Tornadus, M|100\/100\n|turn|8\n|\n|t:|1700449312\n|switch|p2b: Walking Wake|Walking Wake|100\/100\n|-activate|p2b: Walking Wake|ability: Protosynthesis\n|-start|p2b: Walking Wake|protosynthesisspa\n|switch|p1a: Charizard|Charizard, M|100\/100\n|move|p1b: Tornadus|Bleakwind Storm|p2a: Torkoal|[spread] p2a\n|-miss|p1b: Tornadus|p2b: Walking Wake\n|-damage|p2a: Torkoal|13\/100\n|-enditem|p2a: Torkoal|Sitrus Berry|[eat]\n|-heal|p2a: Torkoal|38\/100|[from] item: Sitrus Berry\n|move|p2a: Torkoal|Heat Wave|p1b: Tornadus|[spread] p1a,p1b\n|-resisted|p1a: Charizard\n|-damage|p1a: Charizard|74\/100\n|-damage|p1b: Tornadus|39\/100\n|\n|-weather|SunnyDay|[upkeep]\n|-damage|p1a: Charizard|62\/100|[from] ability: Solar Power|[of] p1a: Charizard\n|upkeep\n|turn|9\n|l| Shiny_Hero64\n|\n|t:|1700449336\n|move|p1b: Tornadus|Protect|p1b: Tornadus\n|-singleturn|p1b: Tornadus|Protect\n|move|p1a: Charizard|Protect|p1a: Charizard\n|-singleturn|p1a: Charizard|Protect\n|move|p2b: Walking Wake|Hydro Steam|p1a: Charizard\n|-activate|p1a: Charizard|move: Protect\n|move|p2a: Torkoal|Heat Wave|p1a: Charizard|[spread] \n|-activate|p1a: Charizard|move: Protect\n|-activate|p1b: Tornadus|move: Protect\n|\n|-weather|SunnyDay|[upkeep]\n|-damage|p1a: Charizard|49\/100|[from] ability: Solar Power|[of] p1a: Charizard\n|-sideend|p2: Ryan1Baek|move: Tailwind\n|upkeep\n|turn|10\n|\n|t:|1700449356\n|detailschange|p1a: Charizard|Charizard-Mega-Y, M\n|-mega|p1a: Charizard|Charizard|Charizardite Y\n|move|p1b: Tornadus|Tailwind|p1b: Tornadus\n|-sidestart|p1: wammer18|move: Tailwind\n|move|p1a: Charizard|Heat Wave|p2a: Torkoal|[spread] p2a,p2b\n|-resisted|p2a: Torkoal\n|-resisted|p2b: Walking Wake\n|-damage|p2a: Torkoal|0 fnt\n|-damage|p2b: Walking Wake|80\/100\n|faint|p2a: Torkoal\n|move|p2b: Walking Wake|Hydro Steam|p1a: Charizard\n|-supereffective|p1a: Charizard\n|-damage|p1a: Charizard|0 fnt\n|faint|p1a: Charizard\n|\n|-weather|SunnyDay|[upkeep]\n|-fieldend|Misty Terrain\n|upkeep\n|\n|t:|1700449370\n|switch|p1a: Chi-Yu|Chi-Yu|64\/100\n|switch|p2a: Diancie|Diancie-Mega|67\/100\n|-ability|p1a: Chi-Yu|Beads of Ruin\n|turn|11\n|\n|t:|1700449390\n|move|p1b: Tornadus|Bleakwind Storm|p2a: Diancie|[spread] p2a,p2b\n|-resisted|p2a: Diancie\n|-damage|p2a: Diancie|36\/100\n|-damage|p2b: Walking Wake|22\/100\n|move|p1a: Chi-Yu|Heat Wave|p2b: Walking Wake|[spread] p2a,p2b\n|-resisted|p2a: Diancie\n|-resisted|p2b: Walking Wake\n|-damage|p2a: Diancie|0 fnt\n|-damage|p2b: Walking Wake|0 fnt\n|faint|p2a: Diancie\n|faint|p2b: Walking Wake\n|-end|p2b: Walking Wake|Protosynthesis|[silent]\n|\n|win|wammer18\n|c|\u2606Ryan1Baek|gg\n|c|\u2606wammer18|gg\n|c|\u2606Ryan1Baek|chi yu is crazy\n","uploadtime":1700449405,"views":4,"p1id":"wammer18","p2id":"ryan1baek","formatid":"gen9nationaldexdoubles","rating":0,"private":0,"password":""}