{"id":"gen9nationaldexdoubles-1972954199","p1":"123 the 7","p2":"HAhaha U LOSE NOOB","format":"[Gen 9] National Dex Doubles","log":"|j|\u2606123 the 7\n|j|\u2606HAhaha U LOSE NOOB\n|t:|1697912404\n|gametype|doubles\n|player|p1|123 the 7|winona|1214\n|player|p2|HAhaha U LOSE NOOB|lucas|1000\n|teamsize|p1|6\n|teamsize|p2|6\n|gen|9\n|tier|[Gen 9] National Dex Doubles\n|rated|\n|rule|HP Percentage Mod: HP is shown in percentages\n|rule|Endless Battle Clause: Forcing endless battles is banned\n|rule|OHKO Clause: OHKO moves are banned\n|rule|Evasion Moves Clause: Evasion moves are banned\n|rule|Evasion Abilities Clause: Evasion abilities are banned\n|rule|Species Clause: Limit one of each Pok\u00e9mon\n|rule|Gravity Sleep Clause: The combination of sleep-inducing moves with imperfect accuracy and Gravity or Gigantamax Orbeetle are banned\n|clearpoke\n|poke|p1|Spiritomb, F|\n|poke|p1|Gengar, F|\n|poke|p1|Greninja-*, M|\n|poke|p1|Aegislash, F|\n|poke|p1|Shiftry, M|\n|poke|p1|Milotic, F|\n|poke|p2|Indeedee, M|\n|poke|p2|Regieleki|\n|poke|p2|Meowscarada, M|\n|poke|p2|Spectrier|\n|poke|p2|Murkrow, M|\n|poke|p2|Shuckle, F|\n|teampreview\n|inactive|Battle timer is ON: inactive players will automatically lose when time's up. (requested by 123 the 7)\n|\n|t:|1697912414\n|start\n|switch|p1a: Gengar|Gengar, F, shiny|100\/100\n|switch|p1b: Shiftry|Shiftry, M, shiny|100\/100\n|switch|p2a: Murkrow|Murkrow, M|100\/100\n|switch|p2b: Shuckle|Shuckle, F|100\/100\n|turn|1\n|\n|t:|1697912432\n|move|p1b: Shiftry|Fake Out|p2a: Murkrow\n|-damage|p2a: Murkrow|78\/100\n|cant|p2a: Murkrow|flinch\n|move|p1a: Gengar|Nasty Plot|p1a: Gengar\n|-boost|p1a: Gengar|spa|2\n|move|p2b: Shuckle|Stealth Rock|p1b: Shiftry\n|-sidestart|p1: 123 the 7|move: Stealth Rock\n|\n|upkeep\n|turn|2\n|\n|t:|1697912451\n|move|p2a: Murkrow|Perish Song|p2a: Murkrow\n|-start|p1a: Gengar|perish3|[silent]\n|-start|p1b: Shiftry|perish3|[silent]\n|-start|p2a: Murkrow|perish3|[silent]\n|-start|p2b: Shuckle|perish3|[silent]\n|-fieldactivate|move: Perish Song\n|move|p1a: Gengar|Nasty Plot|p1a: Gengar\n|-boost|p1a: Gengar|spa|2\n|move|p1b: Shiftry|Tailwind|p1b: Shiftry\n|-sidestart|p1: 123 the 7|move: Tailwind\n|-ability|p1b: Shiftry|Wind Rider|boost\n|-boost|p1b: Shiftry|atk|1\n|move|p2b: Shuckle|Sticky Web|p1b: Shiftry\n|-sidestart|p1: 123 the 7|move: Sticky Web\n|\n|-start|p1a: Gengar|perish3\n|-start|p1b: Shiftry|perish3\n|-start|p2a: Murkrow|perish3\n|-start|p2b: Shuckle|perish3\n|upkeep\n|turn|3\n|\n|t:|1697912467\n|move|p2a: Murkrow|Tailwind|p2a: Murkrow\n|-sidestart|p2: HAhaha U LOSE NOOB|move: Tailwind\n|move|p1a: Gengar|Shadow Ball|p2b: Shuckle\n|-damage|p2b: Shuckle|22\/100\n|move|p1b: Shiftry|Knock Off|p2a: Murkrow\n|-resisted|p2a: Murkrow\n|-damage|p2a: Murkrow|16\/100\n|-enditem|p2a: Murkrow|Focus Sash|[from] move: Knock Off|[of] p1b: Shiftry\n|move|p2b: Shuckle|Toxic|p1b: Shiftry\n|-status|p1b: Shiftry|tox\n|\n|-damage|p1b: Shiftry|94\/100 tox|[from] psn\n|-start|p1a: Gengar|perish2\n|-start|p1b: Shiftry|perish2\n|-start|p2a: Murkrow|perish2\n|-start|p2b: Shuckle|perish2\n|upkeep\n|turn|4\n|\n|t:|1697912483\n|move|p2a: Murkrow|Haze|p2a: Murkrow\n|-clearallboost\n|move|p1a: Gengar|Shadow Ball|p2b: Shuckle\n|-damage|p2b: Shuckle|0 fnt\n|faint|p2b: Shuckle\n|move|p1b: Shiftry|Knock Off|p2a: Murkrow\n|-resisted|p2a: Murkrow\n|-damage|p2a: Murkrow|0 fnt\n|faint|p2a: Murkrow\n|\n|-damage|p1b: Shiftry|82\/100 tox|[from] psn\n|-start|p1a: Gengar|perish1\n|-start|p1b: Shiftry|perish1\n|upkeep\n|inactive|HAhaha U LOSE NOOB has 120 seconds left.\n|\n|t:|1697912517\n|switch|p2a: Meowscarada|Meowscarada, M|100\/100\n|switch|p2b: Regieleki|Regieleki|100\/100\n|turn|5\n|\n|t:|1697912531\n|move|p2a: Meowscarada|U-turn|p1b: Shiftry\n|-start|p2a: Meowscarada|typechange|Bug|[from] ability: Protean\n|-supereffective|p1b: Shiftry\n|-damage|p1b: Shiftry|0 fnt\n|faint|p1b: Shiftry\n|inactive|HAhaha U LOSE NOOB has 120 seconds left.\n|\n|t:|1697912546\n|switch|p2a: Indeedee|Indeedee, M|100\/100|[from] U-turn\n|-fieldstart|move: Psychic Terrain|[from] ability: Psychic Surge|[of] p2a: Indeedee\n|move|p2b: Regieleki|Electro Ball|p1a: Gengar\n|-damage|p1a: Gengar|34\/100\n|move|p1a: Gengar|Sludge Wave|p2b: Regieleki|[spread] p2a,p2b\n|-damage|p2a: Indeedee|46\/100\n|-damage|p2b: Regieleki|32\/100\n|\n|-start|p1a: Gengar|perish0\n|-sideend|p1: 123 the 7|move: Tailwind\n|faint|p1a: Gengar\n|upkeep\n|\n|t:|1697912566\n|switch|p1a: Aegislash|Aegislash, F, shiny|100\/100\n|switch|p1b: Spiritomb|Spiritomb, F, shiny|100\/100\n|-damage|p1a: Aegislash|94\/100|[from] Stealth Rock\n|-activate|p1a: Aegislash|move: Sticky Web\n|-unboost|p1a: Aegislash|spe|1\n|-damage|p1b: Spiritomb|88\/100|[from] Stealth Rock\n|-activate|p1b: Spiritomb|move: Sticky Web\n|-unboost|p1b: Spiritomb|spe|1\n|turn|6\n|inactive|HAhaha U LOSE NOOB has 120 seconds left.\n|\n|t:|1697912605\n|move|p2b: Regieleki|Electro Ball|p1b: Spiritomb\n|-damage|p1b: Spiritomb|11\/100\n|move|p2a: Indeedee|Mystical Fire|p1a: Aegislash\n|-supereffective|p1a: Aegislash\n|-damage|p1a: Aegislash|56\/100\n|-unboost|p1a: Aegislash|spa|1\n|move|p1a: Aegislash|Swords Dance|p1a: Aegislash\n|-boost|p1a: Aegislash|atk|2\n|move|p1b: Spiritomb|Foul Play|p2a: Indeedee\n|-supereffective|p2a: Indeedee\n|-damage|p2a: Indeedee|0 fnt\n|faint|p2a: Indeedee\n|\n|-heal|p1a: Aegislash|62\/100|[from] item: Leftovers\n|-heal|p1b: Spiritomb|17\/100|[from] item: Leftovers\n|-sideend|p2: HAhaha U LOSE NOOB|move: Tailwind\n|upkeep\n|inactive|HAhaha U LOSE NOOB has 90 seconds left.\n|\n|t:|1697912641\n|switch|p2a: Spectrier|Spectrier|100\/100\n|turn|7\n|inactive|HAhaha U LOSE NOOB has 90 seconds left.\n|\n|t:|1697912664\n|move|p1a: Aegislash|King's Shield|p1a: Aegislash\n|-singleturn|p1a: Aegislash|Protect\n|move|p1b: Spiritomb|Protect|p1b: Spiritomb\n|-singleturn|p1b: Spiritomb|Protect\n|move|p2b: Regieleki|Electro Ball|p1a: Aegislash\n|-activate|p1a: Aegislash|move: Protect\n|move|p2a: Spectrier|Shadow Ball|p1b: Spiritomb\n|-activate|p1b: Spiritomb|move: Protect\n|\n|-heal|p1a: Aegislash|68\/100|[from] item: Leftovers\n|-heal|p1b: Spiritomb|23\/100|[from] item: Leftovers\n|upkeep\n|turn|8\n|\n|t:|1697912691\n|move|p2b: Regieleki|Electro Ball|p1a: Aegislash\n|-damage|p1a: Aegislash|0 fnt\n|faint|p1a: Aegislash\n|move|p2a: Spectrier|Shadow Ball|p1b: Spiritomb\n|-damage|p1b: Spiritomb|0 fnt\n|faint|p1b: Spiritomb\n|-ability|p2a: Spectrier|Grim Neigh|boost\n|-boost|p2a: Spectrier|spa|1\n|\n|upkeep\n|\n|t:|1697912699\n|switch|p1a: Greninja|Greninja, M|100\/100\n|switch|p1b: Milotic|Milotic, F, shiny|100\/100\n|-damage|p1a: Greninja|88\/100|[from] Stealth Rock\n|-activate|p1a: Greninja|move: Sticky Web\n|-unboost|p1a: Greninja|spe|1\n|-damage|p1b: Milotic|88\/100|[from] Stealth Rock\n|-activate|p1b: Milotic|move: Sticky Web\n|-unboost|p1b: Milotic|spe|1\n|turn|9\n|inactive|HAhaha U LOSE NOOB has 120 seconds left.\n|\n|t:|1697912723\n|-terastallize|p1a: Greninja|Water\n|move|p2b: Regieleki|Thunderbolt|p1b: Milotic\n|-supereffective|p1b: Milotic\n|-damage|p1b: Milotic|13\/100\n|move|p2a: Spectrier|Shadow Ball|p1b: Milotic\n|-damage|p1b: Milotic|0 fnt\n|faint|p1b: Milotic\n|-ability|p2a: Spectrier|Grim Neigh|boost\n|-boost|p2a: Spectrier|spa|1\n|move|p1a: Greninja|Surf|p2a: Spectrier|[spread] p2a,p2b\n|-damage|p2a: Spectrier|34\/100\n|-damage|p2b: Regieleki|0 fnt\n|faint|p2b: Regieleki\n|-ability|p1a: Greninja|Battle Bond|boost\n|-boost|p1a: Greninja|atk|1\n|-boost|p1a: Greninja|spa|1\n|-boost|p1a: Greninja|spe|1\n|-activate|p1a: Greninja|ability: Battle Bond\n|\n|-fieldend|move: Psychic Terrain\n|upkeep\n|\n|t:|1697912730\n|switch|p2b: Meowscarada|Meowscarada, M|100\/100\n|turn|10\n|\n|t:|1697912743\n|-terastallize|p2b: Meowscarada|Grass\n|move|p2b: Meowscarada|Flower Trick|p1a: Greninja\n|-supereffective|p1a: Greninja\n|-crit|p1a: Greninja\n|-damage|p1a: Greninja|0 fnt\n|faint|p1a: Greninja\n|\n|win|HAhaha U LOSE NOOB\n|raw|123 the 7's rating: 1214 &rarr; <strong>1175<\/strong><br \/>(-39 for losing)\n|raw|HAhaha U LOSE NOOB's rating: 1000 &rarr; <strong>1062<\/strong><br \/>(+62 for winning)\n|l|\u2606123 the 7\n","uploadtime":1697912763,"views":6,"p1id":"123the7","p2id":"hahahaulosenoob","formatid":"gen9nationaldexdoubles","rating":1062,"private":0,"password":""}