{"id":"gen9nationaldexdoubles-1973028308","p1":"aceman2798","p2":"Fictbch","format":"[Gen 9] National Dex Doubles","log":"|j|\u2606aceman2798\n|j|\u2606Fictbch\n|t:|1697919961\n|gametype|doubles\n|player|p1|aceman2798|byron|1052\n|player|p2|Fictbch|266|1000\n|teamsize|p1|6\n|teamsize|p2|6\n|gen|9\n|tier|[Gen 9] National Dex Doubles\n|rated|\n|rule|HP Percentage Mod: HP is shown in percentages\n|rule|Endless Battle Clause: Forcing endless battles is banned\n|rule|OHKO Clause: OHKO moves are banned\n|rule|Evasion Moves Clause: Evasion moves are banned\n|rule|Evasion Abilities Clause: Evasion abilities are banned\n|rule|Species Clause: Limit one of each Pok\u00e9mon\n|rule|Gravity Sleep Clause: The combination of sleep-inducing moves with imperfect accuracy and Gravity or Gigantamax Orbeetle are banned\n|clearpoke\n|poke|p1|Celesteela|\n|poke|p1|Incineroar, M|\n|poke|p1|Tapu Fini|\n|poke|p1|Tsareena, F|\n|poke|p1|Marshadow|\n|poke|p1|Zeraora|\n|poke|p2|Flutter Mane|\n|poke|p2|Iron Hands|\n|poke|p2|Incineroar, M|\n|poke|p2|Amoonguss, F|\n|poke|p2|Kartana|\n|poke|p2|Corviknight, F|\n|teampreview\n|inactive|Battle timer is ON: inactive players will automatically lose when time's up. (requested by aceman2798)\n|\n|t:|1697920004\n|start\n|switch|p1a: Incineroar|Incineroar, M|100\/100\n|switch|p1b: Tapu Fini|Tapu Fini|100\/100\n|switch|p2a: Iron Hands|Iron Hands, shiny|100\/100\n|switch|p2b: Kartana|Kartana, shiny|100\/100\n|-fieldstart|move: Misty Terrain|[from] ability: Misty Surge|[of] p1b: Tapu Fini\n|-ability|p1a: Incineroar|Intimidate|boost\n|-unboost|p2a: Iron Hands|atk|1\n|-unboost|p2b: Kartana|atk|1\n|turn|1\n|inactive|aceman2798 has 120 seconds left.\n|\n|t:|1697920042\n|switch|p1b: Celesteela|Celesteela|100\/100\n|move|p1a: Incineroar|Fake Out|p2a: Iron Hands\n|-damage|p2a: Iron Hands|93\/100\n|move|p2b: Kartana|Sacred Sword|p1a: Incineroar\n|-supereffective|p1a: Incineroar\n|-damage|p1a: Incineroar|58\/100\n|cant|p2a: Iron Hands|flinch\n|\n|-heal|p2a: Iron Hands|99\/100|[from] item: Leftovers\n|upkeep\n|turn|2\n|inactive|aceman2798 has 120 seconds left.\n|\n|t:|1697920078\n|move|p1b: Celesteela|Wide Guard|p1b: Celesteela\n|-singleturn|p1b: Celesteela|Wide Guard\n|move|p2b: Kartana|Sacred Sword|p1a: Incineroar\n|-supereffective|p1a: Incineroar\n|-damage|p1a: Incineroar|15\/100\n|move|p2a: Iron Hands|Thunder Punch|p1b: Celesteela\n|-supereffective|p1b: Celesteela\n|-damage|p1b: Celesteela|62\/100\n|move|p1a: Incineroar|Flare Blitz|p2b: Kartana\n|-supereffective|p2b: Kartana\n|-damage|p2b: Kartana|0 fnt\n|faint|p2b: Kartana\n|-damage|p1a: Incineroar|0 fnt|[from] Recoil\n|faint|p1a: Incineroar\n|\n|-heal|p2a: Iron Hands|100\/100|[from] item: Leftovers\n|upkeep\n|inactive|aceman2798 has 120 seconds left.\n|inactive|aceman2798 has 90 seconds left.\n|\n|t:|1697920124\n|switch|p2b: Corviknight|Corviknight, F, shiny|100\/100\n|switch|p1a: Zeraora|Zeraora|100\/100\n|-ability|p2b: Corviknight|Pressure\n|turn|3\n|inactive|Fictbch has 120 seconds left.\n|\n|t:|1697920157\n|move|p1a: Zeraora|Fake Out|p2a: Iron Hands\n|-damage|p2a: Iron Hands|94\/100\n|move|p2b: Corviknight|U-turn|p1a: Zeraora\n|-damage|p1a: Zeraora|80\/100\n|inactive|Fictbch has 120 seconds left.\n|\n|t:|1697920166\n|switch|p2b: Flutter Mane|Flutter Mane, shiny|100\/100|[from] U-turn\n|-enditem|p2b: Flutter Mane|Booster Energy\n|-activate|p2b: Flutter Mane|ability: Protosynthesis|[fromitem]\n|-start|p2b: Flutter Mane|protosynthesisspe\n|move|p1b: Celesteela|Leech Seed|p2a: Iron Hands\n|-start|p2a: Iron Hands|move: Leech Seed\n|cant|p2a: Iron Hands|flinch\n|\n|-heal|p2a: Iron Hands|100\/100|[from] item: Leftovers\n|-damage|p2a: Iron Hands|88\/100|[from] Leech Seed|[of] p1b: Celesteela\n|-heal|p1b: Celesteela|77\/100|[silent]\n|upkeep\n|turn|4\n|inactive|aceman2798 has 120 seconds left.\n|\n|t:|1697920192\n|move|p2b: Flutter Mane|Shadow Ball|p1a: Zeraora\n|-damage|p1a: Zeraora|25\/100\n|move|p1a: Zeraora|Coaching|p1b: Celesteela\n|-boost|p1b: Celesteela|atk|1\n|-boost|p1b: Celesteela|def|1\n|move|p1b: Celesteela|Meteor Beam||[still]\n|-prepare|p1b: Celesteela|Meteor Beam\n|-boost|p1b: Celesteela|spa|1\n|-enditem|p1b: Celesteela|Power Herb\n|-anim|p1b: Celesteela|Meteor Beam|p2b: Flutter Mane\n|-damage|p2b: Flutter Mane|51\/100\n|move|p2a: Iron Hands|Thunder Punch|p1b: Celesteela\n|-supereffective|p1b: Celesteela\n|-crit|p1b: Celesteela\n|-damage|p1b: Celesteela|0 fnt\n|faint|p1b: Celesteela\n|\n|-heal|p2a: Iron Hands|94\/100|[from] item: Leftovers\n|upkeep\n|inactive|aceman2798 has 90 seconds left.\n|\n|t:|1697920212\n|switch|p1b: Tapu Fini|Tapu Fini|100\/100\n|turn|5\n|\n|t:|1697920232\n|switch|p1a: Tsareena|Tsareena, F|100\/100\n|-terastallize|p1b: Tapu Fini|Steel\n|move|p2b: Flutter Mane|Shadow Ball|p1a: Tsareena\n|-damage|p1a: Tsareena|69\/100\n|-unboost|p1a: Tsareena|spd|1\n|move|p1b: Tapu Fini|Trick|p2a: Iron Hands\n|-activate|p1b: Tapu Fini|move: Trick|[of] p2a: Iron Hands\n|-item|p2a: Iron Hands|Choice Scarf|[from] move: Trick\n|-item|p1b: Tapu Fini|Leftovers|[from] move: Trick\n|move|p2a: Iron Hands|Thunder Punch|p1b: Tapu Fini\n|-damage|p1b: Tapu Fini|70\/100\n|\n|-heal|p1b: Tapu Fini|76\/100|[from] item: Leftovers\n|-damage|p2a: Iron Hands|82\/100|[from] Leech Seed|[of] p1b: Tapu Fini\n|-heal|p1b: Tapu Fini|97\/100|[silent]\n|-fieldend|Misty Terrain\n|upkeep\n|turn|6\n|inactive|aceman2798 has 120 seconds left.\n|\n|t:|1697920260\n|move|p2b: Flutter Mane|Protect|p2b: Flutter Mane\n|-singleturn|p2b: Flutter Mane|Protect\n|move|p1b: Tapu Fini|Ice Beam|p2a: Iron Hands\n|-damage|p2a: Iron Hands|63\/100\n|move|p2a: Iron Hands|Thunder Punch|p1b: Tapu Fini\n|-damage|p1b: Tapu Fini|69\/100\n|move|p1a: Tsareena|U-turn|p2a: Iron Hands\n|-resisted|p2a: Iron Hands\n|-crit|p2a: Iron Hands\n|-damage|p2a: Iron Hands|49\/100\n|inactive|aceman2798 has 90 seconds left.\n|\n|t:|1697920277\n|switch|p1a: Marshadow|Marshadow|100\/100|[from] U-turn\n|\n|-heal|p1b: Tapu Fini|75\/100|[from] item: Leftovers\n|-damage|p2a: Iron Hands|37\/100|[from] Leech Seed|[of] p1b: Tapu Fini\n|-heal|p1b: Tapu Fini|96\/100|[silent]\n|upkeep\n|turn|7\n|\n|t:|1697920295\n|-terastallize|p2b: Flutter Mane|Fairy\n|move|p1a: Marshadow|Protect|p1a: Marshadow\n|-singleturn|p1a: Marshadow|Protect\n|move|p2b: Flutter Mane|Moonblast|p1a: Marshadow\n|-activate|p1a: Marshadow|move: Protect\n|move|p1b: Tapu Fini|Muddy Water|p2b: Flutter Mane|[spread] p2a\n|-miss|p1b: Tapu Fini|p2b: Flutter Mane\n|-damage|p2a: Iron Hands|17\/100\n|move|p2a: Iron Hands|Thunder Punch|p1b: Tapu Fini\n|-damage|p1b: Tapu Fini|66\/100\n|\n|-heal|p1b: Tapu Fini|72\/100|[from] item: Leftovers\n|-damage|p2a: Iron Hands|4\/100|[from] Leech Seed|[of] p1b: Tapu Fini\n|-heal|p1b: Tapu Fini|93\/100|[silent]\n|upkeep\n|turn|8\n|inactive|aceman2798 has 120 seconds left.\n|inactive|aceman2798 has 90 seconds left.\n|\n|t:|1697920334\n|switch|p1a: Tsareena|Tsareena, F|69\/100\n|move|p2b: Flutter Mane|Moonblast|p1a: Tsareena\n|-damage|p1a: Tsareena|21\/100\n|move|p1b: Tapu Fini|Moonblast|p2b: Flutter Mane\n|-damage|p2b: Flutter Mane|12\/100\n|-unboost|p2b: Flutter Mane|spa|1\n|move|p2a: Iron Hands|Thunder Punch|p1b: Tapu Fini\n|-damage|p1b: Tapu Fini|62\/100\n|\n|-heal|p1b: Tapu Fini|68\/100|[from] item: Leftovers\n|-damage|p2a: Iron Hands|0 fnt|[from] Leech Seed|[of] p1b: Tapu Fini\n|-heal|p1b: Tapu Fini|75\/100|[silent]\n|faint|p2a: Iron Hands\n|-end|p2a: Iron Hands|Quark Drive|[silent]\n|upkeep\n|inactive|Fictbch has 120 seconds left.\n|\n|t:|1697920356\n|switch|p2a: Amoonguss|Amoonguss, F|100\/100\n|turn|9\n|inactive|aceman2798 has 90 seconds left.\n|inactive|aceman2798 has 60 seconds left.\n|\n|t:|1697920429\n|switch|p1b: Marshadow|Marshadow|100\/100\n|move|p2b: Flutter Mane|Protect|p2b: Flutter Mane\n|-singleturn|p2b: Flutter Mane|Protect\n|move|p1a: Tsareena|Knock Off|p2a: Amoonguss\n|-damage|p2a: Amoonguss|74\/100\n|-damage|p1a: Tsareena|5\/100|[from] item: Rocky Helmet|[of] p2a: Amoonguss\n|-enditem|p2a: Amoonguss|Rocky Helmet|[from] move: Knock Off|[of] p1a: Tsareena\n|move|p2a: Amoonguss|Sludge Bomb|p1a: Tsareena\n|-supereffective|p1a: Tsareena\n|-damage|p1a: Tsareena|0 fnt\n|faint|p1a: Tsareena\n|\n|upkeep\n|\n|t:|1697920440\n|switch|p1a: Tapu Fini|Tapu Fini, tera:Steel|75\/100\n|-fieldstart|move: Misty Terrain|[from] ability: Misty Surge|[of] p1a: Tapu Fini\n|turn|10\n|\n|t:|1697920459\n|move|p1b: Marshadow|Protect|p1b: Marshadow\n|-singleturn|p1b: Marshadow|Protect\n|move|p2b: Flutter Mane|Moonblast|p1b: Marshadow\n|-activate|p1b: Marshadow|move: Protect\n|move|p1a: Tapu Fini|Muddy Water|p2b: Flutter Mane|[spread] p2a,p2b\n|-resisted|p2a: Amoonguss\n|-damage|p2a: Amoonguss|62\/100\n|-damage|p2b: Flutter Mane|0 fnt\n|faint|p2b: Flutter Mane\n|-end|p2b: Flutter Mane|Protosynthesis|[silent]\n|move|p2a: Amoonguss|Spore|p1a: Tapu Fini\n|-activate|p1a: Tapu Fini|move: Misty Terrain\n|\n|-heal|p1a: Tapu Fini|81\/100|[from] item: Leftovers\n|upkeep\n|inactive|Fictbch has 120 seconds left.\n|\n|t:|1697920484\n|switch|p2b: Corviknight|Corviknight, F, shiny|100\/100\n|-ability|p2b: Corviknight|Pressure\n|turn|11\n|inactive|aceman2798 has 90 seconds left.\n|\n|t:|1697920498\n|move|p1b: Marshadow|Spectral Thief|p2a: Amoonguss\n|-damage|p2a: Amoonguss|15\/100\n|-damage|p1b: Marshadow|91\/100|[from] item: Life Orb\n|move|p1a: Tapu Fini|Ice Beam|p2a: Amoonguss\n|-supereffective|p2a: Amoonguss\n|-damage|p2a: Amoonguss|0 fnt\n|faint|p2a: Amoonguss\n|move|p2b: Corviknight|Body Press|p1a: Tapu Fini\n|-supereffective|p1a: Tapu Fini\n|-damage|p1a: Tapu Fini|19\/100\n|\n|-heal|p1a: Tapu Fini|25\/100|[from] item: Leftovers\n|upkeep\n|\n|t:|1697920513\n|switch|p2a: Incineroar|Incineroar, M|100\/100\n|-ability|p2a: Incineroar|Intimidate|boost\n|-unboost|p1a: Tapu Fini|atk|1\n|-unboost|p1b: Marshadow|atk|1\n|turn|12\n|\n|t:|1697920531\n|switch|p1b: Zeraora|Zeraora|25\/100\n|move|p1a: Tapu Fini|Muddy Water|p2a: Incineroar|[spread] p2b\n|-miss|p1a: Tapu Fini|p2a: Incineroar\n|-damage|p2b: Corviknight|71\/100\n|-unboost|p2b: Corviknight|accuracy|1\n|move|p2b: Corviknight|Drill Peck|p1b: Zeraora\n|-resisted|p1b: Zeraora\n|-damage|p1b: Zeraora|7\/100\n|move|p2a: Incineroar|Overheat|p1a: Tapu Fini\n|-supereffective|p1a: Tapu Fini\n|-damage|p1a: Tapu Fini|0 fnt\n|-unboost|p2a: Incineroar|spa|2\n|faint|p1a: Tapu Fini\n|\n|-heal|p2b: Corviknight|77\/100|[from] item: Leftovers\n|upkeep\n|\n|t:|1697920534\n|switch|p1a: Marshadow|Marshadow|91\/100\n|turn|13\n|inactive|aceman2798 has 120 seconds left.\n|inactive|Fictbch has 120 seconds left.\n|\n|t:|1697920573\n|move|p1b: Zeraora|Electroweb|p2b: Corviknight|[spread] p2a,p2b\n|-supereffective|p2b: Corviknight\n|-damage|p2a: Incineroar|89\/100\n|-damage|p2b: Corviknight|34\/100\n|-unboost|p2a: Incineroar|spe|1\n|-unboost|p2b: Corviknight|spe|1\n|move|p1a: Marshadow|Close Combat|p2a: Incineroar\n|-supereffective|p2a: Incineroar\n|-damage|p2a: Incineroar|0 fnt\n|-unboost|p1a: Marshadow|def|1\n|-unboost|p1a: Marshadow|spd|1\n|faint|p2a: Incineroar\n|-damage|p1a: Marshadow|81\/100|[from] item: Life Orb\n|move|p2b: Corviknight|Roost|p2b: Corviknight\n|-heal|p2b: Corviknight|84\/100\n|-singleturn|p2b: Corviknight|move: Roost\n|\n|-heal|p2b: Corviknight|90\/100|[from] item: Leftovers\n|upkeep\n|turn|14\n|inactive|aceman2798 has 90 seconds left.\n|\n|t:|1697920628\n|move|p1b: Zeraora|Electroweb|p2b: Corviknight\n|-supereffective|p2b: Corviknight\n|-damage|p2b: Corviknight|30\/100\n|-unboost|p2b: Corviknight|spe|1\n|move|p1a: Marshadow|Close Combat|p2b: Corviknight\n|-damage|p2b: Corviknight|0 fnt\n|-unboost|p1a: Marshadow|def|1\n|-unboost|p1a: Marshadow|spd|1\n|faint|p2b: Corviknight\n|-damage|p1a: Marshadow|71\/100|[from] item: Life Orb\n|\n|win|aceman2798\n|raw|aceman2798's rating: 1052 &rarr; <strong>1079<\/strong><br \/>(+27 for winning)\n|raw|Fictbch's rating: 1000 &rarr; <strong>1000<\/strong><br \/>(+0 for losing)\n|l|\u2606Fictbch\n","uploadtime":1697920658,"views":16,"p1id":"aceman2798","p2id":"fictbch","formatid":"gen9nationaldexdoubles","rating":1000,"private":0,"password":""}