{"id":"gen9nationaldexdoubles-1983620086","p1":"Kurususilver11","p2":"barikion","format":"[Gen 9] National Dex Doubles","log":"|j|\u2606Kurususilver11\n|j|\u2606barikion\n|t:|1699150288\n|gametype|doubles\n|player|p1|Kurususilver11|2|1106\n|player|p2|barikion|shadowtriad|1084\n|teamsize|p1|6\n|teamsize|p2|6\n|gen|9\n|tier|[Gen 9] National Dex Doubles\n|rated|\n|rule|HP Percentage Mod: HP is shown in percentages\n|rule|Endless Battle Clause: Forcing endless battles is banned\n|rule|OHKO Clause: OHKO moves are banned\n|rule|Evasion Moves Clause: Evasion moves are banned\n|rule|Evasion Abilities Clause: Evasion abilities are banned\n|rule|Species Clause: Limit one of each Pok\u00e9mon\n|rule|Gravity Sleep Clause: The combination of sleep-inducing moves with imperfect accuracy and Gravity or Gigantamax Orbeetle are banned\n|clearpoke\n|poke|p1|Diancie|\n|poke|p1|Eevee, F|\n|poke|p1|Flutter Mane|\n|poke|p1|Cresselia, F|\n|poke|p1|Indeedee-F, F|\n|poke|p1|Iron Bundle|\n|poke|p2|Sandslash, M|\n|poke|p2|Gigalith, F|\n|poke|p2|Stonjourner, F|\n|poke|p2|Goodra-Hisui, M|\n|poke|p2|Steelix, M|\n|poke|p2|Relicanth, F|\n|teampreview\n|\n|t:|1699150304\n|start\n|switch|p1a: Eevee|Eevee, F, shiny|100\/100\n|switch|p1b: Indeedee|Indeedee-F, F, shiny|100\/100\n|switch|p2a: Sandslash|Sandslash, M, shiny|100\/100\n|switch|p2b: Gigalith|Gigalith, F|100\/100\n|-fieldstart|move: Psychic Terrain|[from] ability: Psychic Surge|[of] p1b: Indeedee\n|-weather|Sandstorm|[from] ability: Sand Stream|[of] p2b: Gigalith\n|turn|1\n|\n|t:|1699150341\n|move|p1b: Indeedee|Follow Me|p1b: Indeedee\n|-singleturn|p1b: Indeedee|move: Follow Me\n|move|p2a: Sandslash|Swords Dance|p2a: Sandslash\n|-boost|p2a: Sandslash|atk|2\n|-zpower|p1a: Eevee\n|move|p1a: Eevee|Extreme Evoboost|p1a: Eevee\n|-boost|p1a: Eevee|atk|2\n|-boost|p1a: Eevee|def|2\n|-boost|p1a: Eevee|spa|2\n|-boost|p1a: Eevee|spd|2\n|-boost|p1a: Eevee|spe|2\n|move|p2b: Gigalith|Toxic|p1b: Indeedee\n|-status|p1b: Indeedee|tox\n|\n|-weather|Sandstorm|[upkeep]\n|-damage|p1a: Eevee|94\/100|[from] Sandstorm\n|-damage|p1b: Indeedee|94\/100 tox|[from] Sandstorm\n|-heal|p1b: Indeedee|100\/100 tox|[from] item: Leftovers\n|-damage|p1b: Indeedee|94\/100 tox|[from] psn\n|upkeep\n|turn|2\n|\n|t:|1699150393\n|switch|p2b: unexpectable fish|Relicanth, F|100\/100\n|move|p1b: Indeedee|Follow Me|p1b: Indeedee\n|-singleturn|p1b: Indeedee|move: Follow Me\n|move|p2a: Sandslash|Knock Off|p1b: Indeedee\n|-supereffective|p1b: Indeedee\n|-damage|p1b: Indeedee|0 fnt\n|-enditem|p1b: Indeedee|Leftovers|[from] move: Knock Off|[of] p2a: Sandslash\n|faint|p1b: Indeedee\n|-damage|p2a: Sandslash|91\/100|[from] item: Life Orb\n|move|p1a: Eevee|Baton Pass|p1a: Eevee\n|\n|t:|1699150420\n|switch|p1a: Hard Candy|Diancie, shiny|100\/100|[from] Baton Pass\n|\n|-weather|Sandstorm|[upkeep]\n|upkeep\n|c|\u2606barikion|how baton pass is allowed?\n|c|\u2606Kurususilver11|idk but its amazing\n|\n|t:|1699150434\n|switch|p1b: Silver Deli|Iron Bundle, shiny|100\/100\n|-enditem|p1b: Silver Deli|Booster Energy\n|-activate|p1b: Silver Deli|ability: Quark Drive|[fromitem]\n|-start|p1b: Silver Deli|quarkdrivespe\n|turn|3\n|c|\u2606barikion|this is natdex bruh what happen with those ubers\n|\n|t:|1699150469\n|detailschange|p1a: Hard Candy|Diancie-Mega, shiny\n|-mega|p1a: Hard Candy|Diancie|Diancite\n|move|p1a: Hard Candy|Protect|p1a: Hard Candy\n|-singleturn|p1a: Hard Candy|Protect\n|move|p1b: Silver Deli|Blizzard|p2a: Sandslash|[spread] p2a\n|-miss|p1b: Silver Deli|p2b: unexpectable fish\n|-supereffective|p2a: Sandslash\n|-damage|p2a: Sandslash|0 fnt\n|faint|p2a: Sandslash\n|move|p2b: unexpectable fish|Psych Up|p1a: Hard Candy\n|-copyboost|p2b: unexpectable fish|p1a: Hard Candy|[from] move: Psych Up\n|\n|-weather|Sandstorm|[upkeep]\n|-damage|p1b: Silver Deli|95\/100|[from] Sandstorm\n|upkeep\n|\n|t:|1699150483\n|switch|p2a: Stonjourner|Stonjourner, F|100\/100\n|turn|4\n|\n|t:|1699150515\n|move|p2a: Stonjourner|Wide Guard|p2a: Stonjourner\n|-singleturn|p2a: Stonjourner|Wide Guard\n|move|p1a: Hard Candy|Dazzling Gleam|p2b: unexpectable fish|[spread] \n|-activate|p2a: Stonjourner|move: Wide Guard\n|-activate|p2b: unexpectable fish|move: Wide Guard\n|move|p1b: Silver Deli|Freeze-Dry|p2b: unexpectable fish\n|-supereffective|p2b: unexpectable fish\n|-crit|p2b: unexpectable fish\n|-damage|p2b: unexpectable fish|19\/100\n|move|p2b: unexpectable fish|Liquidation|p1a: Hard Candy\n|-supereffective|p1a: Hard Candy\n|-damage|p1a: Hard Candy|0 fnt\n|faint|p1a: Hard Candy\n|\n|-weather|Sandstorm|[upkeep]\n|-damage|p1b: Silver Deli|89\/100|[from] Sandstorm\n|upkeep\n|\n|t:|1699150528\n|switch|p1a: Para|Flutter Mane|100\/100\n|-enditem|p1a: Para|Booster Energy\n|-activate|p1a: Para|ability: Protosynthesis|[fromitem]\n|-start|p1a: Para|protosynthesisspe\n|turn|5\n|\n|t:|1699150572\n|move|p1b: Silver Deli|Freeze-Dry|p2b: unexpectable fish\n|-supereffective|p2b: unexpectable fish\n|-damage|p2b: unexpectable fish|0 fnt\n|faint|p2b: unexpectable fish\n|move|p1a: Para|Shadow Ball|p2a: Stonjourner\n|-damage|p2a: Stonjourner|21\/100\n|move|p2a: Stonjourner|Stealth Rock|p1a: Para\n|-sidestart|p1: Kurususilver11|move: Stealth Rock\n|\n|-weather|Sandstorm|[upkeep]\n|-damage|p1b: Silver Deli|83\/100|[from] Sandstorm\n|-damage|p1a: Para|95\/100|[from] Sandstorm\n|-heal|p2a: Stonjourner|27\/100|[from] item: Leftovers\n|-fieldend|move: Psychic Terrain\n|upkeep\n|\n|t:|1699150589\n|switch|p2b: Goodra|Goodra-Hisui, M|100\/100\n|turn|6\n|\n|t:|1699150626\n|move|p2a: Stonjourner|Wide Guard|p2a: Stonjourner\n|-singleturn|p2a: Stonjourner|Wide Guard\n|move|p1b: Silver Deli|Freeze-Dry|p2a: Stonjourner\n|-damage|p2a: Stonjourner|0 fnt\n|faint|p2a: Stonjourner\n|move|p1a: Para|Mystical Fire|p2b: Goodra\n|-damage|p2b: Goodra|82\/100\n|-unboost|p2b: Goodra|spa|1\n|move|p2b: Goodra|Thunder|p1b: Silver Deli\n|-supereffective|p1b: Silver Deli\n|-damage|p1b: Silver Deli|0 fnt\n|faint|p1b: Silver Deli\n|-end|p1b: Silver Deli|Quark Drive|[silent]\n|\n|-weather|Sandstorm|[upkeep]\n|-damage|p1a: Para|89\/100|[from] Sandstorm\n|upkeep\n|\n|t:|1699150649\n|switch|p1b: Cresselia|Cresselia, F|100\/100\n|switch|p2a: Goldlix|Steelix, M, shiny|100\/100\n|-damage|p1b: Cresselia|88\/100|[from] Stealth Rock\n|turn|7\n|\n|t:|1699150712\n|switch|p2b: Gigalith|Gigalith, F|100\/100\n|detailschange|p2a: Goldlix|Steelix-Mega, M, shiny\n|-mega|p2a: Goldlix|Steelix|Steelixite\n|-terastallize|p1a: Para|Fairy\n|move|p1a: Para|Mystical Fire|p2a: Goldlix\n|-supereffective|p2a: Goldlix\n|-damage|p2a: Goldlix|39\/100\n|-unboost|p2a: Goldlix|spa|1\n|move|p1b: Cresselia|Calm Mind|p1b: Cresselia\n|-boost|p1b: Cresselia|spa|1\n|-boost|p1b: Cresselia|spd|1\n|move|p2a: Goldlix|Dragon Dance|p2a: Goldlix\n|-boost|p2a: Goldlix|atk|1\n|-boost|p2a: Goldlix|spe|1\n|\n|-weather|Sandstorm|[upkeep]\n|-damage|p1a: Para|83\/100|[from] Sandstorm\n|-damage|p1b: Cresselia|82\/100|[from] Sandstorm\n|-heal|p1b: Cresselia|88\/100|[from] item: Leftovers\n|upkeep\n|turn|8\n|\n|t:|1699150740\n|move|p1a: Para|Mystical Fire|p2a: Goldlix\n|-supereffective|p2a: Goldlix\n|-damage|p2a: Goldlix|0 fnt\n|faint|p2a: Goldlix\n|move|p1b: Cresselia|Calm Mind|p1b: Cresselia\n|-boost|p1b: Cresselia|spa|1\n|-boost|p1b: Cresselia|spd|1\n|move|p2b: Gigalith|Toxic|p1b: Cresselia|[miss]\n|-miss|p2b: Gigalith|p1b: Cresselia\n|\n|-weather|none\n|-heal|p1b: Cresselia|94\/100|[from] item: Leftovers\n|upkeep\n|\n|t:|1699150750\n|switch|p2a: Goodra|Goodra-Hisui, M|82\/100\n|turn|9\n|\n|t:|1699150769\n|move|p1a: Para|Mystical Fire|p2a: Goodra\n|-damage|p2a: Goodra|63\/100\n|-unboost|p2a: Goodra|spa|1\n|move|p1b: Cresselia|Stored Power|p2a: Goodra\n|-resisted|p2a: Goodra\n|-damage|p2a: Goodra|44\/100\n|move|p2a: Goodra|Sludge Bomb|p1a: Para\n|-supereffective|p1a: Para\n|-damage|p1a: Para|16\/100\n|move|p2b: Gigalith|Toxic|p1b: Cresselia\n|-status|p1b: Cresselia|tox\n|\n|-heal|p1b: Cresselia|99\/100 tox|[from] item: Leftovers\n|-damage|p1b: Cresselia|94\/100 tox|[from] psn\n|upkeep\n|turn|10\n|\n|t:|1699150795\n|move|p1a: Para|Dazzling Gleam|p2b: Gigalith|[spread] p2a,p2b\n|-damage|p2a: Goodra|17\/100\n|-damage|p2b: Gigalith|68\/100\n|move|p1b: Cresselia|Calm Mind|p1b: Cresselia\n|-boost|p1b: Cresselia|spa|1\n|-boost|p1b: Cresselia|spd|1\n|move|p2a: Goodra|Sludge Bomb|p1a: Para\n|-supereffective|p1a: Para\n|-damage|p1a: Para|0 fnt\n|faint|p1a: Para\n|-end|p1a: Para|Protosynthesis|[silent]\n|move|p2b: Gigalith|Iron Defense|p2b: Gigalith\n|-boost|p2b: Gigalith|def|2\n|\n|-heal|p1b: Cresselia|99\/100 tox|[from] item: Leftovers\n|-damage|p1b: Cresselia|88\/100 tox|[from] psn\n|upkeep\n|\n|t:|1699150801\n|switch|p1a: Eevee|Eevee, F, shiny|94\/100\n|-damage|p1a: Eevee|82\/100|[from] Stealth Rock\n|turn|11\n|\n|t:|1699150816\n|move|p1b: Cresselia|Stored Power|p2a: Goodra\n|-resisted|p2a: Goodra\n|-damage|p2a: Goodra|0 fnt\n|faint|p2a: Goodra\n|move|p1a: Eevee|Return|p2b: Gigalith\n|-resisted|p2b: Gigalith\n|-crit|p2b: Gigalith\n|-damage|p2b: Gigalith|51\/100\n|move|p2b: Gigalith|Body Press|p1b: Cresselia\n|-resisted|p1b: Cresselia\n|-damage|p1b: Cresselia|74\/100 tox\n|\n|-heal|p1b: Cresselia|80\/100 tox|[from] item: Leftovers\n|-damage|p1b: Cresselia|62\/100 tox|[from] psn\n|upkeep\n|turn|12\n|c|\u2606Kurususilver11|gg\n|\n|t:|1699150839\n|move|p1b: Cresselia|Stored Power|p2b: Gigalith\n|-damage|p2b: Gigalith|0 fnt\n|faint|p2b: Gigalith\n|\n|win|Kurususilver11\n|raw|Kurususilver11's rating: 1106 &rarr; <strong>1129<\/strong><br \/>(+23 for winning)\n|raw|barikion's rating: 1084 &rarr; <strong>1063<\/strong><br \/>(-21 for losing)\n|c|\u2606barikion|ubers in natdex how cool\n|l|\u2606barikion\n","uploadtime":1699150862,"views":7,"p1id":"kurususilver11","p2id":"barikion","formatid":"gen9nationaldexdoubles","rating":1063,"private":0,"password":""}