{"id":"gen9nationaldexdoubles-1982848421","p1":"Anemeno2","p2":"hajile233","format":"[Gen 9] National Dex Doubles","log":"|j|\u2606Anemeno2\n|j|\u2606hajile233\n|t:|1699050944\n|gametype|doubles\n|player|p1|Anemeno2|170|1000\n|player|p2|hajile233|n|1040\n|teamsize|p1|6\n|teamsize|p2|6\n|gen|9\n|tier|[Gen 9] National Dex Doubles\n|rated|\n|rule|HP Percentage Mod: HP is shown in percentages\n|rule|Endless Battle Clause: Forcing endless battles is banned\n|rule|OHKO Clause: OHKO moves are banned\n|rule|Evasion Moves Clause: Evasion moves are banned\n|rule|Evasion Abilities Clause: Evasion abilities are banned\n|rule|Species Clause: Limit one of each Pok\u00e9mon\n|rule|Gravity Sleep Clause: The combination of sleep-inducing moves with imperfect accuracy and Gravity or Gigantamax Orbeetle are banned\n|clearpoke\n|poke|p1|Torkoal, F|\n|poke|p1|Lurantis, F|\n|poke|p1|Iron Hands|\n|poke|p1|Iron Moth|\n|poke|p1|Oricorio-Pom-Pom, F|\n|poke|p1|Torterra, M|\n|poke|p2|Pelipper, F|\n|poke|p2|Ribombee, F|\n|poke|p2|Barraskewda, F|\n|poke|p2|Great Tusk|\n|poke|p2|Cloyster, M|\n|poke|p2|Politoed, M|\n|teampreview\n|\n|t:|1699050963\n|start\n|switch|p1a: Torkoal|Torkoal, F|100\/100\n|switch|p1b: Lurantis|Lurantis, F|100\/100\n|switch|p2a: Pelipper|Pelipper, F|100\/100\n|switch|p2b: Ribombee|Ribombee, F|100\/100\n|-weather|RainDance|[from] ability: Drizzle|[of] p2a: Pelipper\n|-weather|SunnyDay|[from] ability: Drought|[of] p1a: Torkoal\n|turn|1\n|\n|t:|1699050986\n|move|p2b: Ribombee|Sticky Web|p1a: Torkoal\n|-sidestart|p1: Anemeno2|move: Sticky Web\n|move|p2a: Pelipper|U-turn|p1a: Torkoal\n|-resisted|p1a: Torkoal\n|-damage|p1a: Torkoal|96\/100\n|\n|t:|1699050991\n|switch|p2a: Politoed|Politoed, M|100\/100|[from] U-turn\n|move|p1a: Torkoal|Heat Wave|p2b: Ribombee|[spread] p2a\n|-miss|p1a: Torkoal|p2b: Ribombee\n|-resisted|p2a: Politoed\n|-damage|p2a: Politoed|80\/100\n|move|p1b: Lurantis|Leaf Storm|p2b: Ribombee\n|-resisted|p2b: Ribombee\n|-damage|p2b: Ribombee|34\/100\n|-boost|p1b: Lurantis|spa|2\n|-damage|p1b: Lurantis|91\/100|[from] item: Life Orb\n|\n|-weather|SunnyDay|[upkeep]\n|upkeep\n|turn|2\n|\n|t:|1699051020\n|move|p2b: Ribombee|Bug Buzz|p1b: Lurantis\n|-supereffective|p1b: Lurantis\n|-damage|p1b: Lurantis|10\/100\n|move|p2a: Politoed|Rain Dance|p2a: Politoed\n|-weather|RainDance\n|move|p1a: Torkoal|Heat Wave|p2a: Politoed|[spread] p2a,p2b\n|-resisted|p2a: Politoed\n|-supereffective|p2b: Ribombee\n|-damage|p2a: Politoed|74\/100\n|-damage|p2b: Ribombee|0 fnt\n|faint|p2b: Ribombee\n|move|p1b: Lurantis|Solar Beam||[still]\n|-prepare|p1b: Lurantis|Solar Beam\n|\n|-weather|RainDance|[upkeep]\n|upkeep\n|\n|t:|1699051025\n|switch|p2b: Barraskewda|Barraskewda, F|100\/100\n|turn|3\n|\n|t:|1699051042\n|move|p2b: Barraskewda|Liquidation|p1b: Lurantis\n|-resisted|p1b: Lurantis\n|-damage|p1b: Lurantis|0 fnt\n|faint|p1b: Lurantis\n|move|p2a: Politoed|Toxic|p1a: Torkoal\n|-status|p1a: Torkoal|tox\n|move|p1a: Torkoal|Shell Smash|p1a: Torkoal\n|-unboost|p1a: Torkoal|def|1\n|-unboost|p1a: Torkoal|spd|1\n|-boost|p1a: Torkoal|atk|2\n|-boost|p1a: Torkoal|spa|2\n|-boost|p1a: Torkoal|spe|2\n|-enditem|p1a: Torkoal|White Herb\n|-clearnegativeboost|p1a: Torkoal|[silent]\n|\n|-weather|RainDance|[upkeep]\n|-damage|p1a: Torkoal|90\/100 tox|[from] psn\n|upkeep\n|\n|t:|1699051059\n|switch|p1b: Iron Hands|Iron Hands|100\/100\n|-activate|p1b: Iron Hands|move: Sticky Web\n|-unboost|p1b: Iron Hands|spe|1\n|turn|4\n|\n|t:|1699051072\n|switch|p1a: Torterra|Torterra, M|100\/100\n|-activate|p1a: Torterra|move: Sticky Web\n|-unboost|p1a: Torterra|spe|1\n|-enditem|p1a: Torterra|White Herb\n|-clearnegativeboost|p1a: Torterra|[silent]\n|move|p1b: Iron Hands|Protect|p1b: Iron Hands\n|-singleturn|p1b: Iron Hands|Protect\n|move|p2b: Barraskewda|Liquidation|p1a: Torterra\n|-damage|p1a: Torterra|4\/100\n|move|p2a: Politoed|Scald|p1b: Iron Hands\n|-activate|p1b: Iron Hands|move: Protect\n|\n|-weather|RainDance|[upkeep]\n|upkeep\n|turn|5\n|\n|t:|1699051096\n|move|p2b: Barraskewda|Liquidation|p1b: Iron Hands\n|-damage|p1b: Iron Hands|35\/100\n|move|p1a: Torterra|Razor Leaf|p2b: Barraskewda|[spread] p2a,p2b\n|-supereffective|p2a: Politoed\n|-supereffective|p2b: Barraskewda\n|-damage|p2a: Politoed|35\/100\n|-damage|p2b: Barraskewda|15\/100\n|move|p2a: Politoed|Scald|p1a: Torterra\n|-damage|p1a: Torterra|0 fnt\n|faint|p1a: Torterra\n|move|p1b: Iron Hands|Drain Punch|p2a: Politoed\n|-damage|p2a: Politoed|0 fnt\n|-heal|p1b: Iron Hands|45\/100|[from] drain|[of] p2a: Politoed\n|faint|p2a: Politoed\n|-damage|p1b: Iron Hands|35\/100|[from] item: Life Orb\n|\n|-weather|RainDance|[upkeep]\n|upkeep\n|\n|t:|1699051116\n|switch|p1a: Torkoal|Torkoal, F|90\/100 tox\n|switch|p2a: Great Tusk|Great Tusk|100\/100\n|-activate|p1a: Torkoal|move: Sticky Web\n|-unboost|p1a: Torkoal|spe|1\n|-weather|SunnyDay|[from] ability: Drought|[of] p1a: Torkoal\n|-activate|p2a: Great Tusk|ability: Protosynthesis\n|-start|p2a: Great Tusk|protosynthesisatk\n|turn|6\n|\n|t:|1699051141\n|-terastallize|p2b: Barraskewda|Water\n|move|p2b: Barraskewda|Liquidation|p1a: Torkoal\n|-supereffective|p1a: Torkoal\n|-damage|p1a: Torkoal|10\/100 tox\n|move|p2a: Great Tusk|Rapid Spin|p1b: Iron Hands\n|-damage|p1b: Iron Hands|19\/100\n|-boost|p2a: Great Tusk|spe|1\n|move|p1a: Torkoal|Heat Wave|p2b: Barraskewda|[spread] p2a,p2b\n|-resisted|p2b: Barraskewda\n|-damage|p2a: Great Tusk|57\/100\n|-damage|p2b: Barraskewda|0 fnt\n|faint|p2b: Barraskewda\n|move|p1b: Iron Hands|Drain Punch|p2a: Great Tusk\n|-damage|p2a: Great Tusk|14\/100\n|-heal|p1b: Iron Hands|35\/100|[from] drain|[of] p2a: Great Tusk\n|-damage|p1b: Iron Hands|25\/100|[from] item: Life Orb\n|\n|-weather|SunnyDay|[upkeep]\n|-damage|p1a: Torkoal|4\/100 tox|[from] psn\n|upkeep\n|\n|t:|1699051148\n|switch|p2b: Pelipper|Pelipper, F|100\/100\n|-weather|RainDance|[from] ability: Drizzle|[of] p2b: Pelipper\n|-end|p2a: Great Tusk|Protosynthesis\n|turn|7\n|\n|t:|1699051175\n|switch|p1a: Oricorio|Oricorio-Pom-Pom, F|100\/100\n|move|p2a: Great Tusk|Stomping Tantrum|p1a: Oricorio\n|-immune|p1a: Oricorio\n|move|p2b: Pelipper|Hurricane|p1a: Oricorio\n|-resisted|p1a: Oricorio\n|-damage|p1a: Oricorio|71\/100\n|move|p1b: Iron Hands|Drain Punch|p2a: Great Tusk\n|-damage|p2a: Great Tusk|0 fnt\n|-heal|p1b: Iron Hands|30\/100|[from] drain|[of] p2a: Great Tusk\n|faint|p2a: Great Tusk\n|-end|p2a: Great Tusk|Protosynthesis|[silent]\n|-damage|p1b: Iron Hands|20\/100|[from] item: Life Orb\n|\n|-weather|RainDance|[upkeep]\n|-heal|p1a: Oricorio|77\/100|[from] item: Leftovers\n|upkeep\n|\n|t:|1699051181\n|switch|p2a: Cloyster|Cloyster, M|100\/100\n|turn|8\n|\n|t:|1699051201\n|switch|p1a: Torkoal|Torkoal, F|4\/100 tox\n|-activate|p1a: Torkoal|move: Sticky Web\n|-unboost|p1a: Torkoal|spe|1\n|-weather|SunnyDay|[from] ability: Drought|[of] p1a: Torkoal\n|move|p2a: Cloyster|Rock Blast|p1a: Torkoal\n|-supereffective|p1a: Torkoal\n|-damage|p1a: Torkoal|0 fnt\n|faint|p1a: Torkoal\n|-hitcount|p1: Torkoal|1\n|move|p2b: Pelipper|Hurricane|p1b: Iron Hands\n|-crit|p1b: Iron Hands\n|-damage|p1b: Iron Hands|0 fnt\n|faint|p1b: Iron Hands\n|-end|p1b: Iron Hands|Quark Drive|[silent]\n|\n|-weather|SunnyDay|[upkeep]\n|upkeep\n|\n|t:|1699051218\n|switch|p1a: Oricorio|Oricorio-Pom-Pom, F|77\/100\n|switch|p1b: Iron Moth|Iron Moth|100\/100\n|-activate|p1b: Iron Moth|move: Sticky Web\n|-unboost|p1b: Iron Moth|spe|1\n|turn|9\n|\n|t:|1699051249\n|move|p1a: Oricorio|Revelation Dance|p2b: Pelipper\n|-supereffective|p2b: Pelipper\n|-damage|p2b: Pelipper|0 fnt\n|faint|p2b: Pelipper\n|move|p2a: Cloyster|Rock Blast|p1a: Oricorio\n|-supereffective|p1a: Oricorio\n|-damage|p1a: Oricorio|55\/100\n|-supereffective|p1a: Oricorio\n|-crit|p1a: Oricorio\n|-damage|p1a: Oricorio|22\/100\n|-supereffective|p1a: Oricorio\n|-damage|p1a: Oricorio|0 fnt\n|faint|p1a: Oricorio\n|-hitcount|p1: Oricorio|3\n|move|p1b: Iron Moth|Dazzling Gleam|p2a: Cloyster\n|-damage|p2a: Cloyster|23\/100\n|\n|-weather|SunnyDay|[upkeep]\n|upkeep\n|turn|10\n|\n|t:|1699051274\n|move|p2a: Cloyster|Rock Blast|p1b: Iron Moth\n|-supereffective|p1b: Iron Moth\n|-damage|p1b: Iron Moth|79\/100\n|-supereffective|p1b: Iron Moth\n|-damage|p1b: Iron Moth|58\/100\n|-supereffective|p1b: Iron Moth\n|-crit|p1b: Iron Moth\n|-damage|p1b: Iron Moth|26\/100\n|-enditem|p1b: Iron Moth|Sitrus Berry|[eat]\n|-heal|p1b: Iron Moth|51\/100|[from] item: Sitrus Berry\n|-supereffective|p1b: Iron Moth\n|-damage|p1b: Iron Moth|30\/100\n|-supereffective|p1b: Iron Moth\n|-damage|p1b: Iron Moth|6\/100\n|-hitcount|p1b: Iron Moth|5\n|move|p1b: Iron Moth|Fiery Dance|p2a: Cloyster\n|-damage|p2a: Cloyster|0 fnt\n|faint|p2a: Cloyster\n|\n|win|Anemeno2\n|raw|Anemeno2's rating: 1000 &rarr; <strong>1045<\/strong><br \/>(+45 for winning)\n|raw|hajile233's rating: 1040 &rarr; <strong>1022<\/strong><br \/>(-18 for losing)\n","uploadtime":1699051285,"views":6,"p1id":"anemeno2","p2id":"hajile233","formatid":"gen9nationaldexdoubles","rating":1022,"private":0,"password":""}