{"id":"gen9nationaldexdoubles-1977486902","p1":"The Mr Man 3.0","p2":"lxvliiz","format":"[Gen 9] National Dex Doubles","log":"|j|\u2606The Mr Man 3.0\n|j|\u2606lxvliiz\n|t:|1698421221\n|gametype|doubles\n|player|p1|The Mr Man 3.0|sonia-professor|1000\n|player|p2|lxvliiz|1|1053\n|teamsize|p1|6\n|teamsize|p2|6\n|gen|9\n|tier|[Gen 9] National Dex Doubles\n|rated|\n|rule|HP Percentage Mod: HP is shown in percentages\n|rule|Endless Battle Clause: Forcing endless battles is banned\n|rule|OHKO Clause: OHKO moves are banned\n|rule|Evasion Moves Clause: Evasion moves are banned\n|rule|Evasion Abilities Clause: Evasion abilities are banned\n|rule|Species Clause: Limit one of each Pok\u00e9mon\n|rule|Gravity Sleep Clause: The combination of sleep-inducing moves with imperfect accuracy and Gravity or Gigantamax Orbeetle are banned\n|clearpoke\n|poke|p1|Tauros-Paldea-Blaze, M|\n|poke|p1|Meowscarada, M|\n|poke|p1|Kilowattrel, M|\n|poke|p1|Murkrow, M|\n|poke|p1|Cryogonal|\n|poke|p1|Gallade, M|\n|poke|p2|Aegislash, F|\n|poke|p2|Camerupt, M|\n|poke|p2|Klefki, F|\n|poke|p2|Torkoal, M|\n|poke|p2|Cresselia, F|\n|poke|p2|Azumarill, F|\n|teampreview\n|\n|t:|1698421232\n|start\n|switch|p1a: Meowscarada|Meowscarada, M|100\/100\n|switch|p1b: Kilowattrel|Kilowattrel, M|100\/100\n|switch|p2a: Klefki|Klefki, F|100\/100\n|switch|p2b: Azumarill|Azumarill, F|100\/100\n|turn|1\n|\n|t:|1698421248\n|switch|p2b: Aegislash|Aegislash, F|100\/100\n|move|p1a: Meowscarada|Flower Trick|p2b: Aegislash\n|-resisted|p2b: Aegislash\n|-crit|p2b: Aegislash\n|-damage|p2b: Aegislash|82\/100\n|move|p1b: Kilowattrel|Electro Ball|p2a: Klefki\n|-damage|p2a: Klefki|46\/100\n|move|p2a: Klefki|Trick Room|p2a: Klefki\n|-fieldstart|move: Trick Room|[of] p2a: Klefki\n|\n|-heal|p2a: Klefki|52\/100|[from] item: Leftovers\n|upkeep\n|turn|2\n|\n|t:|1698421278\n|move|p2a: Klefki|Reflect|p2a: Klefki\n|-sidestart|p2: lxvliiz|Reflect\n|-formechange|p2b: Aegislash|Aegislash-Blade||[from] ability: Stance Change\n|move|p2b: Aegislash|Gyro Ball|p1a: Meowscarada\n|-damage|p1a: Meowscarada|1\/100\n|move|p1b: Kilowattrel|Discharge|p2a: Klefki|[spread] p1a,p2a,p2b\n|-resisted|p1a: Meowscarada\n|-damage|p1a: Meowscarada|0 fnt\n|-damage|p2a: Klefki|13\/100\n|-damage|p2b: Aegislash|44\/100\n|faint|p1a: Meowscarada\n|\n|-heal|p2a: Klefki|19\/100|[from] item: Leftovers\n|upkeep\n|\n|t:|1698421290\n|switch|p1a: Tauros|Tauros-Paldea-Blaze, M|100\/100\n|turn|3\n|\n|t:|1698421322\n|move|p2a: Klefki|Light Screen|p2a: Klefki\n|-sidestart|p2: lxvliiz|move: Light Screen\n|move|p2b: Aegislash|Gyro Ball|p1a: Tauros\n|-resisted|p1a: Tauros\n|-damage|p1a: Tauros|61\/100\n|move|p1a: Tauros|Raging Bull|p2b: Aegislash\n|-sideend|p2: lxvliiz|Reflect\n|-sideend|p2: lxvliiz|move: Light Screen\n|-supereffective|p2b: Aegislash\n|-damage|p2b: Aegislash|0 fnt\n|faint|p2b: Aegislash\n|move|p1b: Kilowattrel|Electro Ball|p2a: Klefki\n|-damage|p2a: Klefki|0 fnt\n|faint|p2a: Klefki\n|\n|upkeep\n|\n|t:|1698421331\n|switch|p2b: Azumarill|Azumarill, F|100\/100\n|switch|p2a: Camerupt|Camerupt, M|100\/100\n|turn|4\n|\n|t:|1698421342\n|switch|p1b: Cryogonal|Cryogonal|100\/100\n|detailschange|p2a: Camerupt|Camerupt-Mega, M\n|-mega|p2a: Camerupt|Camerupt|Cameruptite\n|move|p1a: Tauros|Protect|p1a: Tauros\n|-singleturn|p1a: Tauros|Protect\n|move|p2a: Camerupt|Eruption|p1a: Tauros|[spread] p1b\n|-activate|p1a: Tauros|move: Protect\n|-supereffective|p1b: Cryogonal\n|-damage|p1b: Cryogonal|0 fnt\n|faint|p1b: Cryogonal\n|move|p2b: Azumarill|Belly Drum|p2b: Azumarill\n|-damage|p2b: Azumarill|50\/100\n|-setboost|p2b: Azumarill|atk|6|[from] move: Belly Drum\n|-enditem|p2b: Azumarill|Sitrus Berry|[eat]\n|-heal|p2b: Azumarill|75\/100|[from] item: Sitrus Berry\n|\n|upkeep\n|\n|t:|1698421369\n|switch|p1b: Gallade|Gallade, M|100\/100\n|turn|5\n|\n|t:|1698421402\n|-terastallize|p2b: Azumarill|Water\n|move|p2a: Camerupt|Eruption|p1b: Gallade|[spread] p1a,p1b\n|-resisted|p1a: Tauros\n|-damage|p1a: Tauros|10\/100\n|-damage|p1b: Gallade|39\/100\n|move|p2b: Azumarill|Liquidation|p1a: Tauros\n|-supereffective|p1a: Tauros\n|-damage|p1a: Tauros|0 fnt\n|faint|p1a: Tauros\n|move|p1b: Gallade|Trick Room|p1b: Gallade\n|-fieldend|move: Trick Room\n|\n|upkeep\n|\n|t:|1698421413\n|switch|p1a: Murkrow|Murkrow, M|100\/100\n|turn|6\n|\n|t:|1698421444\n|move|p1b: Gallade|Wide Guard|p1b: Gallade\n|-singleturn|p1b: Gallade|Wide Guard\n|move|p2b: Azumarill|Aqua Jet|p1b: Gallade\n|-damage|p1b: Gallade|0 fnt\n|faint|p1b: Gallade\n|move|p1a: Murkrow|Acrobatics|p2b: Azumarill\n|-damage|p2b: Azumarill|52\/100\n|move|p2a: Camerupt|Eruption|p1a: Murkrow\n|-activate|p1a: Murkrow|move: Wide Guard\n|\n|upkeep\n|\n|t:|1698421455\n|switch|p1b: Kilowattrel|Kilowattrel, M|100\/100\n|turn|7\n|\n|t:|1698421475\n|switch|p2a: Cresselia|Cresselia, F|100\/100\n|move|p2b: Azumarill|Aqua Jet|p1b: Kilowattrel\n|-damage|p1b: Kilowattrel|0 fnt\n|faint|p1b: Kilowattrel\n|move|p1a: Murkrow|Gust|p2a: Cresselia\n|-damage|p2a: Cresselia|93\/100\n|\n|-heal|p2a: Cresselia|99\/100|[from] item: Leftovers\n|upkeep\n|turn|8\n|c|\u2606The Mr Man 3.0|gg\n|c|\u2606lxvliiz|ggs\n|\n|t:|1698421488\n|move|p1a: Murkrow|Tailwind|p1a: Murkrow\n|-sidestart|p1: The Mr Man 3.0|move: Tailwind\n|move|p2b: Azumarill|Aqua Jet|p1a: Murkrow\n|-enditem|p1a: Murkrow|Focus Sash\n|-damage|p1a: Murkrow|1\/100\n|move|p2a: Cresselia|Ice Beam|p1a: Murkrow\n|-supereffective|p1a: Murkrow\n|-damage|p1a: Murkrow|0 fnt\n|faint|p1a: Murkrow\n|\n|win|lxvliiz\n|raw|The Mr Man 3.0's rating: 1000 &rarr; <strong>1000<\/strong><br \/>(+0 for losing)\n|raw|lxvliiz's rating: 1053 &rarr; <strong>1080<\/strong><br \/>(+27 for winning)\n","uploadtime":1698421498,"views":7,"p1id":"themrman30","p2id":"lxvliiz","formatid":"gen9nationaldexdoubles","rating":1000,"private":0,"password":""}