{"id":"gen9nationaldexdoubles-1962526748","p1":"Kaxxxx","p2":"El_Gran_Wigglytuff","format":"[Gen 9] National Dex Doubles","log":"|j|\u2606Kaxxxx\n|j|\u2606El_Gran_Wigglytuff\n|t:|1696762813\n|gametype|doubles\n|player|p1|Kaxxxx|steven|\n|player|p2|El_Gran_Wigglytuff|benga|\n|teamsize|p1|6\n|teamsize|p2|6\n|gen|9\n|tier|[Gen 9] National Dex Doubles\n|rule|HP Percentage Mod: HP is shown in percentages\n|rule|Endless Battle Clause: Forcing endless battles is banned\n|rule|OHKO Clause: OHKO moves are banned\n|rule|Evasion Moves Clause: Evasion moves are banned\n|rule|Evasion Abilities Clause: Evasion abilities are banned\n|rule|Species Clause: Limit one of each Pok\u00e9mon\n|rule|Gravity Sleep Clause: The combination of sleep-inducing moves with imperfect accuracy and Gravity or Gigantamax Orbeetle are banned\n|clearpoke\n|poke|p1|Walking Wake|\n|poke|p1|Goodra-Hisui, F|\n|poke|p1|Baxcalibur, M|\n|poke|p1|Charizard, F|\n|poke|p1|Salamence, F|\n|poke|p1|Dragonite, M|\n|poke|p2|Salamence, M|\n|poke|p2|Thundurus-Therian, M|\n|poke|p2|Tornadus, M|\n|poke|p2|Pelipper, M|\n|poke|p2|Landorus, M|\n|poke|p2|Zapdos-Galar|\n|teampreview\n|j| XMarcosPr710\n|\n|t:|1696762827\n|start\n|switch|p1a: Goodra|Goodra-Hisui, F|100\/100\n|switch|p1b: Baxcalibur|Baxcalibur, M|100\/100\n|switch|p2a: Lluvia en Sevilla|Pelipper, M|100\/100\n|switch|p2b: 3 son mejor que 1|Tornadus, M|100\/100\n|-weather|RainDance|[from] ability: Drizzle|[of] p2a: Lluvia en Sevilla\n|turn|1\n|\n|t:|1696762840\n|move|p2b: 3 son mejor que 1|Bleakwind Storm|p1b: Baxcalibur|[spread] p1a,p1b\n|-resisted|p1a: Goodra\n|-crit|p1a: Goodra\n|-damage|p1a: Goodra|83\/100\n|-damage|p1b: Baxcalibur|59\/100\n|move|p1b: Baxcalibur|Dragon Dance|p1b: Baxcalibur\n|-boost|p1b: Baxcalibur|atk|1\n|-boost|p1b: Baxcalibur|spe|1\n|move|p2a: Lluvia en Sevilla|Hurricane|p1b: Baxcalibur\n|-damage|p1b: Baxcalibur|19\/100\n|move|p1a: Goodra|Toxic|p2a: Lluvia en Sevilla\n|-status|p2a: Lluvia en Sevilla|tox\n|\n|-weather|RainDance|[upkeep]\n|-heal|p1a: Goodra|89\/100|[from] item: Leftovers\n|-damage|p2a: Lluvia en Sevilla|94\/100 tox|[from] psn\n|upkeep\n|turn|2\n|c| XMarcosPr710|El inicio se aljea\n|c| XMarcosPr710|El inicio se aleja*\n|\n|t:|1696762858\n|move|p2b: 3 son mejor que 1|Protect|p2b: 3 son mejor que 1\n|-singleturn|p2b: 3 son mejor que 1|Protect\n|move|p1b: Baxcalibur|Protect|p1b: Baxcalibur\n|-singleturn|p1b: Baxcalibur|Protect\n|move|p2a: Lluvia en Sevilla|Hurricane|p1b: Baxcalibur\n|-activate|p1b: Baxcalibur|move: Protect\n|move|p1a: Goodra|Rock Slide|p2b: 3 son mejor que 1|[spread] \n|-activate|p2b: 3 son mejor que 1|move: Protect\n|-miss|p1a: Goodra|p2a: Lluvia en Sevilla\n|\n|-weather|RainDance|[upkeep]\n|-heal|p1a: Goodra|95\/100|[from] item: Leftovers\n|-damage|p2a: Lluvia en Sevilla|82\/100 tox|[from] psn\n|upkeep\n|turn|3\n|\n|t:|1696762877\n|move|p2b: 3 son mejor que 1|Tailwind|p2b: 3 son mejor que 1\n|-sidestart|p2: El_Gran_Wigglytuff|move: Tailwind\n|move|p1b: Baxcalibur|Icicle Spear|p2b: 3 son mejor que 1\n|-supereffective|p2b: 3 son mejor que 1\n|-crit|p2b: 3 son mejor que 1\n|-damage|p2b: 3 son mejor que 1|4\/100\n|-enditem|p2b: 3 son mejor que 1|Iapapa Berry|[eat]\n|-heal|p2b: 3 son mejor que 1|37\/100|[from] item: Iapapa Berry\n|-supereffective|p2b: 3 son mejor que 1\n|-damage|p2b: 3 son mejor que 1|0 fnt\n|faint|p2b: 3 son mejor que 1\n|-hitcount|p2: 3 son mejor que 1|2\n|move|p2a: Lluvia en Sevilla|Hurricane|p1b: Baxcalibur\n|-damage|p1b: Baxcalibur|0 fnt\n|faint|p1b: Baxcalibur\n|move|p1a: Goodra|Curse|p1a: Goodra\n|-unboost|p1a: Goodra|spe|1\n|-boost|p1a: Goodra|atk|1\n|-boost|p1a: Goodra|def|1\n|\n|-weather|RainDance|[upkeep]\n|-heal|p1a: Goodra|100\/100|[from] item: Leftovers\n|-damage|p2a: Lluvia en Sevilla|63\/100 tox|[from] psn\n|upkeep\n|\n|t:|1696762888\n|switch|p2b: Rayo McQueen|Thundurus-Therian, M|100\/100\n|switch|p1b: Salamence|Salamence, F|100\/100\n|-ability|p1b: Salamence|Intimidate|boost\n|-unboost|p2a: Lluvia en Sevilla|atk|1\n|-unboost|p2b: Rayo McQueen|atk|1\n|turn|4\n|\n|t:|1696762910\n|move|p2b: Rayo McQueen|Wildbolt Storm|p1b: Salamence|[spread] p1a,p1b\n|-resisted|p1a: Goodra\n|-damage|p1a: Goodra|83\/100\n|-damage|p1b: Salamence|36\/100\n|-damage|p2b: Rayo McQueen|91\/100|[from] item: Life Orb\n|move|p2a: Lluvia en Sevilla|Hurricane|p1b: Salamence\n|-damage|p1b: Salamence|0 fnt\n|faint|p1b: Salamence\n|move|p1a: Goodra|Rock Slide|p2b: Rayo McQueen|[spread] p2a,p2b\n|-supereffective|p2a: Lluvia en Sevilla\n|-supereffective|p2b: Rayo McQueen\n|-damage|p2a: Lluvia en Sevilla|34\/100 tox\n|-damage|p2b: Rayo McQueen|27\/100\n|\n|-weather|RainDance|[upkeep]\n|-heal|p1a: Goodra|90\/100|[from] item: Leftovers\n|-damage|p2a: Lluvia en Sevilla|10\/100 tox|[from] psn\n|upkeep\n|\n|t:|1696762920\n|switch|p1b: Charizard|Charizard, F|100\/100\n|turn|5\n|\n|t:|1696762925\n|detailschange|p1b: Charizard|Charizard-Mega-X, F\n|-mega|p1b: Charizard|Charizard|Charizardite X\n|move|p1b: Charizard|Protect|p1b: Charizard\n|-singleturn|p1b: Charizard|Protect\n|move|p2b: Rayo McQueen|Wildbolt Storm|p1a: Goodra|[spread] p1a\n|-activate|p1b: Charizard|move: Protect\n|-resisted|p1a: Goodra\n|-crit|p1a: Goodra\n|-damage|p1a: Goodra|63\/100\n|-damage|p2b: Rayo McQueen|18\/100|[from] item: Life Orb\n|move|p2a: Lluvia en Sevilla|Hurricane|p1b: Charizard\n|-activate|p1b: Charizard|move: Protect\n|move|p1a: Goodra|Rock Slide|p2a: Lluvia en Sevilla|[spread] p2a,p2b\n|-supereffective|p2a: Lluvia en Sevilla\n|-supereffective|p2b: Rayo McQueen\n|-damage|p2a: Lluvia en Sevilla|0 fnt\n|-damage|p2b: Rayo McQueen|0 fnt\n|faint|p2a: Lluvia en Sevilla\n|faint|p2b: Rayo McQueen\n|\n|-weather|RainDance|[upkeep]\n|-heal|p1a: Goodra|69\/100|[from] item: Leftovers\n|upkeep\n|\n|t:|1696762930\n|switch|p2b: Es su mejor forma|Landorus, M|100\/100\n|switch|p2a: Buenos d\u00edas|Salamence, M|100\/100\n|-ability|p2a: Buenos d\u00edas|Intimidate|boost\n|-unboost|p1a: Goodra|atk|1\n|-unboost|p1b: Charizard|atk|1\n|turn|6\n|\n|t:|1696762958\n|detailschange|p2a: Buenos d\u00edas|Salamence-Mega, M\n|-mega|p2a: Buenos d\u00edas|Salamence|Salamencite\n|move|p1b: Charizard|Protect||[still]\n|-fail|p1b: Charizard\n|move|p2a: Buenos d\u00edas|Dragon Claw|p1b: Charizard\n|-supereffective|p1b: Charizard\n|-damage|p1b: Charizard|8\/100\n|move|p2b: Es su mejor forma|Sandsear Storm|p1a: Goodra|[spread] p1a,p1b\n|-supereffective|p1a: Goodra\n|-supereffective|p1b: Charizard\n|-damage|p1a: Goodra|0 fnt\n|-damage|p1b: Charizard|0 fnt\n|faint|p1a: Goodra\n|faint|p1b: Charizard\n|\n|-weather|RainDance|[upkeep]\n|-sideend|p2: El_Gran_Wigglytuff|move: Tailwind\n|upkeep\n|\n|t:|1696762966\n|switch|p1b: Dragonite|Dragonite, M|100\/100\n|switch|p1a: Walking Wake|Walking Wake|100\/100\n|-enditem|p1a: Walking Wake|Booster Energy\n|-activate|p1a: Walking Wake|ability: Protosynthesis|[fromitem]\n|-start|p1a: Walking Wake|protosynthesisspa\n|turn|7\n|c|\u2606Kaxxxx|Bug mental\n|\n|t:|1696762986\n|-terastallize|p1a: Walking Wake|Water\n|move|p2a: Buenos d\u00edas|Dragon Claw|p1a: Walking Wake\n|-damage|p1a: Walking Wake|54\/100\n|move|p2b: Es su mejor forma|Psychic|p1b: Dragonite\n|-damage|p1b: Dragonite|81\/100\n|move|p1a: Walking Wake|Surf|p2b: Es su mejor forma|[spread] p1b,p2a,p2b\n|-resisted|p1b: Dragonite\n|-resisted|p2a: Buenos d\u00edas\n|-supereffective|p2b: Es su mejor forma\n|-damage|p1b: Dragonite|37\/100\n|-damage|p2a: Buenos d\u00edas|46\/100\n|-damage|p2b: Es su mejor forma|0 fnt\n|faint|p2b: Es su mejor forma\n|move|p1b: Dragonite|Tailwind|p1b: Dragonite\n|-sidestart|p1: Kaxxxx|move: Tailwind\n|\n|-weather|RainDance|[upkeep]\n|-heal|p1b: Dragonite|43\/100|[from] item: Leftovers\n|upkeep\n|\n|t:|1696762990\n|switch|p2b: El Correcaminos|Zapdos-Galar|100\/100\n|turn|8\n|\n|t:|1696763004\n|move|p2a: Buenos d\u00edas|Protect|p2a: Buenos d\u00edas\n|-singleturn|p2a: Buenos d\u00edas|Protect\n|move|p1a: Walking Wake|Surf|p2a: Buenos d\u00edas|[spread] p1b,p2b\n|-activate|p2a: Buenos d\u00edas|move: Protect\n|-resisted|p1b: Dragonite\n|-damage|p1b: Dragonite|1\/100\n|-damage|p2b: El Correcaminos|0 fnt\n|faint|p2b: El Correcaminos\n|move|p1b: Dragonite|Dual Wingbeat|p2a: Buenos d\u00edas\n|-activate|p2a: Buenos d\u00edas|move: Protect\n|\n|-weather|none\n|-heal|p1b: Dragonite|7\/100|[from] item: Leftovers\n|upkeep\n|turn|9\n|c| XMarcosPr710|lol\n|\n|t:|1696763016\n|move|p1a: Walking Wake|Draco Meteor|p2a: Buenos d\u00edas\n|-supereffective|p2a: Buenos d\u00edas\n|-damage|p2a: Buenos d\u00edas|0 fnt\n|-unboost|p1a: Walking Wake|spa|2\n|faint|p2a: Buenos d\u00edas\n|\n|win|Kaxxxx\n|l|\u2606El_Gran_Wigglytuff\n|c|\u2606Kaxxxx|Wuuuuuu\n","uploadtime":1696763027,"views":23,"p1id":"kaxxxx","p2id":"elgranwigglytuff","formatid":"gen9nationaldexdoubles","rating":0,"private":0,"password":""}