{"id":"gen9nationaldexdoubles-1998703069","p1":"AvaIWillWinYou","p2":"py123456","format":"[Gen 9] National Dex Doubles","log":"|j|\u2606AvaIWillWinYou\n|j|\u2606py123456\n|t:|1700974873\n|gametype|doubles\n|player|p1|AvaIWillWinYou|cynthia|1115\n|player|p2|py123456|steven|1183\n|teamsize|p1|6\n|teamsize|p2|6\n|gen|9\n|tier|[Gen 9] National Dex Doubles\n|rated|\n|rule|HP Percentage Mod: HP is shown in percentages\n|rule|Endless Battle Clause: Forcing endless battles is banned\n|rule|OHKO Clause: OHKO moves are banned\n|rule|Evasion Moves Clause: Evasion moves are banned\n|rule|Evasion Abilities Clause: Evasion abilities are banned\n|rule|Species Clause: Limit one of each Pok\u00e9mon\n|rule|Gravity Sleep Clause: The combination of sleep-inducing moves with imperfect accuracy and Gravity or Gigantamax Orbeetle are banned\n|clearpoke\n|poke|p1|Golem-Alola, F|\n|poke|p1|Rabsca, F|\n|poke|p1|Indeedee-F, F|\n|poke|p1|Landorus-Therian, M|\n|poke|p1|Hatterene, F|\n|poke|p1|Houndstone, M|\n|poke|p2|Politoed, M|\n|poke|p2|Urshifu-*, F|\n|poke|p2|Kingdra, F|\n|poke|p2|Scizor, F|\n|poke|p2|Zapdos|\n|poke|p2|Tornadus, M|\n|teampreview\n|inactive|Battle timer is ON: inactive players will automatically lose when time's up. (requested by AvaIWillWinYou)\n|\n|t:|1700974899\n|start\n|switch|p1a: Landorus|Landorus-Therian, M|100\/100\n|switch|p1b: Rabsca|Rabsca, F|100\/100\n|switch|p2a: Politoed|Politoed, M|100\/100\n|switch|p2b: Kingdra|Kingdra, F|100\/100\n|-ability|p1a: Landorus|Intimidate|boost\n|-unboost|p2a: Politoed|atk|1\n|-unboost|p2b: Kingdra|atk|1\n|-weather|RainDance|[from] ability: Drizzle|[of] p2a: Politoed\n|turn|1\n|\n|t:|1700974918\n|move|p2b: Kingdra|Hurricane|p1b: Rabsca\n|-supereffective|p1b: Rabsca\n|-damage|p1b: Rabsca|26\/100\n|-damage|p2b: Kingdra|91\/100|[from] item: Life Orb\n|move|p1a: Landorus|Explosion|p2a: Politoed|[spread] p2a,p2b\n|-activate|p1b: Rabsca|ability: Telepathy\n|-damage|p2a: Politoed|24\/100\n|-damage|p2b: Kingdra|0 fnt\n|faint|p1a: Landorus\n|faint|p2b: Kingdra\n|move|p2a: Politoed|Hydro Pump|p1b: Rabsca\n|-damage|p1b: Rabsca|0 fnt\n|faint|p1b: Rabsca\n|\n|-weather|RainDance|[upkeep]\n|upkeep\n|\n|t:|1700974937\n|switch|p1a: Golem|Golem-Alola, F|100\/100\n|switch|p2b: Urshifu|Urshifu-Rapid-Strike, F|100\/100\n|switch|p1b: Indeedee|Indeedee-F, F|100\/100\n|-fieldstart|move: Psychic Terrain|[from] ability: Psychic Surge|[of] p1b: Indeedee\n|turn|2\n|inactive|AvaIWillWinYou has 120 seconds left.\n|\n|t:|1700974972\n|-terastallize|p2b: Urshifu|Water\n|move|p2a: Politoed|Detect|p2a: Politoed\n|-singleturn|p2a: Politoed|Protect\n|move|p1b: Indeedee|Follow Me|p1b: Indeedee\n|-singleturn|p1b: Indeedee|move: Follow Me\n|move|p2b: Urshifu|Surging Strikes|p1b: Indeedee\n|-crit|p1b: Indeedee\n|-damage|p1b: Indeedee|47\/100\n|-crit|p1b: Indeedee\n|-damage|p1b: Indeedee|0 fnt\n|faint|p1b: Indeedee\n|-hitcount|p1: Indeedee|2\n|move|p1a: Golem|Explosion|p2a: Politoed|[spread] p2b\n|-activate|p2a: Politoed|move: Protect\n|-supereffective|p2b: Urshifu\n|-damage|p2b: Urshifu|0 fnt\n|faint|p1a: Golem\n|faint|p2b: Urshifu\n|\n|-weather|RainDance|[upkeep]\n|upkeep\n|\n|t:|1700974991\n|switch|p2b: Tornadus|Tornadus, M|100\/100\n|switch|p1b: Houndstone|Houndstone, M|100\/100\n|switch|p1a: Hatterene|Hatterene, F|100\/100\n|turn|3\n|\n|t:|1700975014\n|-terastallize|p1a: Hatterene|Psychic\n|move|p2b: Tornadus|Taunt|p1a: Hatterene\n|-activate|p1a: Hatterene|move: Psychic Terrain\n|move|p2a: Politoed|Seismic Toss|p1a: Hatterene\n|-damage|p1a: Hatterene|61\/100\n|move|p1b: Houndstone|Last Respects|p2a: Politoed\n|-crit|p2a: Politoed\n|-damage|p2a: Politoed|0 fnt\n|faint|p2a: Politoed\n|move|p1a: Hatterene|Expanding Force|p2b: Tornadus\n|-damage|p2b: Tornadus|0 fnt\n|faint|p2b: Tornadus\n|-damage|p1a: Hatterene|51\/100|[from] item: Life Orb\n|\n|-weather|RainDance|[upkeep]\n|upkeep\n|\n|t:|1700975026\n|switch|p2b: Scizor|Scizor, F, shiny|100\/100\n|switch|p2a: Zapdos|Zapdos|100\/100\n|turn|4\n|\n|t:|1700975056\n|detailschange|p2b: Scizor|Scizor-Mega, F, shiny\n|-mega|p2b: Scizor|Scizor|Scizorite\n|-zpower|p2a: Zapdos\n|move|p2a: Zapdos|Supersonic Skystrike|p1b: Houndstone|[zeffect]\n|-damage|p1b: Houndstone|10\/100\n|move|p2b: Scizor|U-turn|p1a: Hatterene\n|-supereffective|p1a: Hatterene\n|-damage|p1a: Hatterene|0 fnt\n|faint|p1a: Hatterene\n|move|p1b: Houndstone|Last Respects|p2b: Scizor\n|-damage|p2b: Scizor|0 fnt\n|faint|p2b: Scizor\n|\n|-weather|RainDance|[upkeep]\n|-heal|p1b: Houndstone|16\/100|[from] item: Leftovers\n|upkeep\n|turn|5\n|\n|t:|1700975075\n|move|p1b: Houndstone|Protect|p1b: Houndstone\n|-singleturn|p1b: Houndstone|Protect\n|move|p2a: Zapdos|Thunder|p1b: Houndstone\n|-activate|p1b: Houndstone|move: Protect\n|\n|-weather|RainDance|[upkeep]\n|-heal|p1b: Houndstone|22\/100|[from] item: Leftovers\n|upkeep\n|turn|6\n|\n|t:|1700975081\n|move|p2a: Zapdos|Thunder|p1b: Houndstone\n|-damage|p1b: Houndstone|0 fnt\n|faint|p1b: Houndstone\n|\n|win|py123456\n|raw|AvaIWillWinYou's rating: 1115 &rarr; <strong>1095<\/strong><br \/>(-20 for losing)\n|raw|py123456's rating: 1183 &rarr; <strong>1203<\/strong><br \/>(+20 for winning)\n","uploadtime":1700975084,"views":1,"p1id":"avaiwillwinyou","p2id":"py123456","formatid":"gen9nationaldexdoubles","rating":1095,"private":0,"password":""}