{"id":"gen9nationaldexdoubles-1958275245","p1":"the maraculous","p2":"cheshen\u749f","format":"[Gen 9] National Dex Doubles","log":"|j|\u2606the maraculous\n|j|\u2606cheshen\u749f\n|t:|1696305417\n|gametype|doubles\n|player|p1|the maraculous|dragontamer|1385\n|player|p2|cheshen\u749f|juan|1118\n|teamsize|p1|6\n|teamsize|p2|6\n|gen|9\n|tier|[Gen 9] National Dex Doubles\n|rated|\n|rule|HP Percentage Mod: HP is shown in percentages\n|rule|Endless Battle Clause: Forcing endless battles is banned\n|rule|OHKO Clause: OHKO moves are banned\n|rule|Evasion Moves Clause: Evasion moves are banned\n|rule|Evasion Abilities Clause: Evasion abilities are banned\n|rule|Species Clause: Limit one of each Pok\u00e9mon\n|rule|Gravity Sleep Clause: The combination of sleep-inducing moves with imperfect accuracy and Gravity or Gigantamax Orbeetle are banned\n|clearpoke\n|poke|p1|Xurkitree|\n|poke|p1|Iron Valiant|\n|poke|p1|Chandelure, F|\n|poke|p1|Landorus-Therian, M|\n|poke|p1|Kartana|\n|poke|p1|Farigiraf, F|\n|poke|p2|Walking Wake|\n|poke|p2|Charizard, F|\n|poke|p2|Tornadus, M|\n|poke|p2|Chi-Yu|\n|poke|p2|Ogerpon, F|\n|poke|p2|Infernape, F|\n|teampreview\n|inactive|Battle timer is ON: inactive players will automatically lose when time's up. (requested by cheshen\u749f)\n|\n|t:|1696305428\n|start\n|switch|p1a: Iron Valiant|Iron Valiant|100\/100\n|switch|p1b: Chandelure|Chandelure, F|100\/100\n|switch|p2a: Tornadus|Tornadus, M|100\/100\n|switch|p2b: Walking Wake|Walking Wake|100\/100\n|-item|p1b: Chandelure|Air Balloon\n|turn|1\n|\n|t:|1696305437\n|move|p2b: Walking Wake|Protect|p2b: Walking Wake\n|-singleturn|p2b: Walking Wake|Protect\n|move|p2a: Tornadus|Tailwind|p2a: Tornadus\n|-sidestart|p2: cheshen\u749f|move: Tailwind\n|move|p1a: Iron Valiant|Moonblast|p2b: Walking Wake\n|-activate|p2b: Walking Wake|move: Protect\n|move|p1b: Chandelure|Trick Room|p1b: Chandelure\n|-fieldstart|move: Trick Room|[of] p1b: Chandelure\n|\n|upkeep\n|turn|2\n|\n|t:|1696305458\n|-end|p2b: Walking Wake|Protosynthesis|[silent]\n|switch|p2b: Infernape|Infernape, F|100\/100\n|move|p2a: Tornadus|Sunny Day|p2a: Tornadus\n|-weather|SunnyDay\n|move|p1b: Chandelure|Shadow Ball|p2a: Tornadus\n|-damage|p2a: Tornadus|42\/100\n|move|p1a: Iron Valiant|Moonblast|p2a: Tornadus\n|-damage|p2a: Tornadus|0 fnt\n|faint|p2a: Tornadus\n|-damage|p1a: Iron Valiant|91\/100|[from] item: Life Orb\n|\n|-weather|SunnyDay|[upkeep]\n|upkeep\n|\n|t:|1696305472\n|switch|p2a: Chi-Yu|Chi-Yu|100\/100\n|-ability|p2a: Chi-Yu|Beads of Ruin\n|turn|3\n|\n|t:|1696305482\n|move|p1a: Iron Valiant|Wide Guard|p1a: Iron Valiant\n|-singleturn|p1a: Iron Valiant|Wide Guard\n|move|p2b: Infernape|Fake Out|p1a: Iron Valiant\n|-damage|p1a: Iron Valiant|73\/100\n|move|p1b: Chandelure|Shadow Ball|p2b: Infernape\n|-damage|p2b: Infernape|34\/100\n|move|p2a: Chi-Yu|Dark Pulse|p1b: Chandelure\n|-supereffective|p1b: Chandelure\n|-damage|p1b: Chandelure|0 fnt\n|-enditem|p1b: Chandelure|Air Balloon\n|faint|p1b: Chandelure\n|\n|-weather|SunnyDay|[upkeep]\n|upkeep\n|\n|t:|1696305492\n|switch|p1b: Landorus|Landorus-Therian, M|100\/100\n|-ability|p1b: Landorus|Intimidate|boost\n|-unboost|p2a: Chi-Yu|atk|1\n|-unboost|p2b: Infernape|atk|1\n|turn|4\n|\n|t:|1696305505\n|switch|p2b: Ogerpon|Ogerpon, F|100\/100\n|move|p2a: Chi-Yu|Protect|p2a: Chi-Yu\n|-singleturn|p2a: Chi-Yu|Protect\n|move|p1b: Landorus|Stomping Tantrum|p2a: Chi-Yu\n|-activate|p2a: Chi-Yu|move: Protect\n|move|p1a: Iron Valiant|Moonblast|p2b: Ogerpon\n|-damage|p2b: Ogerpon|7\/100\n|-damage|p1a: Iron Valiant|63\/100|[from] item: Life Orb\n|\n|-weather|SunnyDay|[upkeep]\n|-sideend|p2: cheshen\u749f|move: Tailwind\n|upkeep\n|turn|5\n|\n|t:|1696305532\n|switch|p2a: Charizard|Charizard, F|100\/100\n|switch|p2b: Infernape|Infernape, F|34\/100\n|move|p1a: Iron Valiant|Wide Guard|p1a: Iron Valiant\n|-singleturn|p1a: Iron Valiant|Wide Guard\n|move|p1b: Landorus|Rock Slide|p2b: Infernape|[spread] p2a,p2b\n|-supereffective|p2a: Charizard\n|-damage|p2a: Charizard|0 fnt\n|-damage|p2b: Infernape|0 fnt\n|faint|p2a: Charizard\n|faint|p2b: Infernape\n|\n|-weather|SunnyDay|[upkeep]\n|-fieldend|move: Trick Room\n|upkeep\n|inactive|cheshen\u749f has 120 seconds left.\n|\n|t:|1696305542\n|switch|p2b: Walking Wake|Walking Wake|100\/100\n|switch|p2a: Ogerpon|Ogerpon, F|7\/100\n|-activate|p2b: Walking Wake|ability: Protosynthesis\n|-start|p2b: Walking Wake|protosynthesisspe\n|turn|6\n|\n|t:|1696305552\n|-terastallize|p2a: Ogerpon|Grass\n|detailschange|p2a: Ogerpon|Ogerpon-Teal-Tera, F, tera:Grass\n|-ability|p2a: Ogerpon|Embody Aspect (Teal)|boost\n|-boost|p2a: Ogerpon|spe|1\n|move|p2a: Ogerpon|Solar Blade||[still]\n|-prepare|p2a: Ogerpon|Solar Blade\n|-anim|p2a: Ogerpon|Solar Blade|p1b: Landorus\n|-damage|p1b: Landorus|0 fnt\n|faint|p1b: Landorus\n|move|p2b: Walking Wake|Hydro Steam|p1a: Iron Valiant\n|-damage|p1a: Iron Valiant|0 fnt\n|faint|p1a: Iron Valiant\n|-end|p1a: Iron Valiant|Quark Drive|[silent]\n|\n|-weather|SunnyDay|[upkeep]\n|upkeep\n|\n|t:|1696305565\n|switch|p1a: Kartana|Kartana|100\/100\n|switch|p1b: Farigiraf|Farigiraf, F|100\/100\n|turn|7\n|\n|t:|1696305575\n|move|p2a: Ogerpon|Solar Blade||[still]\n|-prepare|p2a: Ogerpon|Solar Blade\n|-anim|p2a: Ogerpon|Solar Blade|p1b: Farigiraf\n|-damage|p1b: Farigiraf|0 fnt\n|faint|p1b: Farigiraf\n|-zpower|p2b: Walking Wake\n|move|p2b: Walking Wake|Inferno Overdrive|p1a: Kartana|[zeffect]\n|-supereffective|p1a: Kartana\n|-enditem|p1a: Kartana|Focus Sash\n|-damage|p1a: Kartana|1\/100\n|move|p1a: Kartana|Tailwind|p1a: Kartana\n|-sidestart|p1: the maraculous|move: Tailwind\n|\n|-weather|SunnyDay|[upkeep]\n|upkeep\n|\n|t:|1696305581\n|switch|p1b: Xurkitree|Xurkitree|100\/100\n|turn|8\n|\n|t:|1696305599\n|-terastallize|p1a: Kartana|Grass\n|move|p1a: Kartana|Leaf Blade|p2b: Walking Wake\n|-damage|p2b: Walking Wake|17\/100\n|move|p1b: Xurkitree|Dazzling Gleam|p2b: Walking Wake|[spread] p2a,p2b\n|-supereffective|p2b: Walking Wake\n|-damage|p2a: Ogerpon|0 fnt\n|-damage|p2b: Walking Wake|0 fnt\n|faint|p2a: Ogerpon\n|faint|p2b: Walking Wake\n|-end|p2b: Walking Wake|Protosynthesis|[silent]\n|-ability|p1b: Xurkitree|Beast Boost|boost\n|-boost|p1b: Xurkitree|spa|2\n|\n|-weather|SunnyDay|[upkeep]\n|upkeep\n|\n|t:|1696305607\n|switch|p2a: Chi-Yu|Chi-Yu|100\/100\n|-ability|p2a: Chi-Yu|Beads of Ruin\n|turn|9\n|\n|t:|1696305615\n|move|p1a: Kartana|Sacred Sword|p2a: Chi-Yu\n|-supereffective|p2a: Chi-Yu\n|-enditem|p2a: Chi-Yu|Focus Sash\n|-damage|p2a: Chi-Yu|1\/100\n|-zpower|p1b: Xurkitree\n|move|p1b: Xurkitree|Gigavolt Havoc|p2a: Chi-Yu|[zeffect]\n|-damage|p2a: Chi-Yu|0 fnt\n|faint|p2a: Chi-Yu\n|\n|win|the maraculous\n|raw|the maraculous's rating: 1385 &rarr; <strong>1392<\/strong><br \/>(+7 for winning)\n|raw|cheshen\u749f's rating: 1118 &rarr; <strong>1109<\/strong><br \/>(-9 for losing)\n|l|\u2606cheshen\u749f\n","uploadtime":1696305621,"views":11,"p1id":"themaraculous","p2id":"cheshen","formatid":"gen9nationaldexdoubles","rating":1109,"private":0,"password":""}