{"id":"gen9nationaldexdoubles-1961000727","p1":"huycanteam123456","p2":"Junky Dummy","format":"[Gen 9] National Dex Doubles","log":"|j|\u2606huycanteam123456\n|j|\u2606Junky Dummy\n|t:|1696585513\n|gametype|doubles\n|player|p1|huycanteam123456|265|1087\n|player|p2|Junky Dummy|2|1116\n|teamsize|p1|6\n|teamsize|p2|6\n|gen|9\n|tier|[Gen 9] National Dex Doubles\n|rated|\n|rule|HP Percentage Mod: HP is shown in percentages\n|rule|Endless Battle Clause: Forcing endless battles is banned\n|rule|OHKO Clause: OHKO moves are banned\n|rule|Evasion Moves Clause: Evasion moves are banned\n|rule|Evasion Abilities Clause: Evasion abilities are banned\n|rule|Species Clause: Limit one of each Pok\u00e9mon\n|rule|Gravity Sleep Clause: The combination of sleep-inducing moves with imperfect accuracy and Gravity or Gigantamax Orbeetle are banned\n|clearpoke\n|poke|p1|Rillaboom, F|\n|poke|p1|Indeedee-F, F|\n|poke|p1|Meowscarada, M|\n|poke|p1|Alakazam, F|\n|poke|p1|Murkrow, M|\n|poke|p1|Grimmsnarl, M|\n|poke|p2|Charizard, M|\n|poke|p2|Chi-Yu|\n|poke|p2|Flutter Mane|\n|poke|p2|Whimsicott, F|\n|poke|p2|Kingambit, F|\n|poke|p2|Landorus-Therian, M|\n|teampreview\n|inactive|Battle timer is ON: inactive players will automatically lose when time's up. (requested by Junky Dummy)\n|\n|t:|1696585529\n|start\n|switch|p1a: Grimmsnarl|Grimmsnarl, M|100\/100\n|switch|p1b: Murkrow|Murkrow, M|100\/100\n|switch|p2a: Charizard|Charizard, M, shiny|100\/100\n|switch|p2b: Chi-Yu|Chi-Yu|100\/100\n|-ability|p2b: Chi-Yu|Beads of Ruin\n|turn|1\n|\n|t:|1696585545\n|detailschange|p2a: Charizard|Charizard-Mega-Y, M, shiny\n|-mega|p2a: Charizard|Charizard|Charizardite Y\n|-weather|SunnyDay|[from] ability: Drought|[of] p2a: Charizard\n|move|p1b: Murkrow|Tailwind|p1b: Murkrow\n|-sidestart|p1: huycanteam123456|move: Tailwind\n|move|p1a: Grimmsnarl|Thunder Wave|p2a: Charizard\n|-status|p2a: Charizard|par\n|move|p2b: Chi-Yu|Heat Wave|p1a: Grimmsnarl|[spread] p1a,p1b\n|-damage|p1a: Grimmsnarl|23\/100\n|-damage|p1b: Murkrow|25\/100\n|cant|p2a: Charizard|par\n|\n|-weather|SunnyDay|[upkeep]\n|upkeep\n|turn|2\n|\n|t:|1696585574\n|move|p1a: Grimmsnarl|Light Screen|p1a: Grimmsnarl\n|-sidestart|p1: huycanteam123456|move: Light Screen\n|move|p1b: Murkrow|Brave Bird|p2b: Chi-Yu\n|-damage|p2b: Chi-Yu|44\/100\n|-damage|p1b: Murkrow|7\/100|[from] Recoil\n|move|p2b: Chi-Yu|Heat Wave|p1b: Murkrow|[spread] p1a,p1b\n|-damage|p1a: Grimmsnarl|0 fnt\n|-damage|p1b: Murkrow|0 fnt\n|faint|p1a: Grimmsnarl\n|faint|p1b: Murkrow\n|move|p2a: Charizard|Heat Wave|p1: Grimmsnarl|[notarget]\n|-fail|p2a: Charizard\n|\n|-weather|SunnyDay|[upkeep]\n|upkeep\n|inactive|huycanteam123456 has 120 seconds left.\n|\n|t:|1696585588\n|switch|p1b: Indeedee|Indeedee-F, F|100\/100\n|switch|p1a: Alakazam|Alakazam, F|100\/100\n|-fieldstart|move: Psychic Terrain|[from] ability: Psychic Surge|[of] p1b: Indeedee\n|-enditem|p1b: Indeedee|Psychic Seed\n|-boost|p1b: Indeedee|spd|1|[from] item: Psychic Seed\n|turn|3\n|inactive|Junky Dummy has 120 seconds left.\n|\n|t:|1696585626\n|switch|p2b: Kingambit|Kingambit, F, shiny|100\/100\n|switch|p2a: Whimsicott|Whimsicott, F, shiny|100\/100\n|detailschange|p1a: Alakazam|Alakazam-Mega, F\n|-mega|p1a: Alakazam|Alakazam|Alakazite\n|-ability|p1a: Alakazam|Prankster|[from] ability: Trace|[of] p2a: Whimsicott\n|move|p1b: Indeedee|Follow Me|p1b: Indeedee\n|-singleturn|p1b: Indeedee|move: Follow Me\n|move|p1a: Alakazam|Shadow Ball|p2b: Kingambit\n|-resisted|p2b: Kingambit\n|-damage|p2b: Kingambit|88\/100\n|\n|-weather|SunnyDay|[upkeep]\n|upkeep\n|turn|4\n|inactive|Junky Dummy has 120 seconds left.\n|\n|t:|1696585664\n|switch|p1a: Rillaboom|Rillaboom, F|100\/100\n|-fieldstart|move: Grassy Terrain|[from] ability: Grassy Surge|[of] p1a: Rillaboom\n|move|p2a: Whimsicott|Tailwind|p2a: Whimsicott\n|-sidestart|p2: Junky Dummy|move: Tailwind\n|move|p2b: Kingambit|Sucker Punch||[still]\n|-fail|p2b: Kingambit\n|move|p1b: Indeedee|Skill Swap|p2a: Whimsicott\n|-activate|p1b: Indeedee|move: Skill Swap|Prankster|Psychic Surge|[of] p2a: Whimsicott\n|-fieldstart|move: Psychic Terrain|[from] ability: Psychic Surge|[of] p2a: Whimsicott\n|\n|-weather|SunnyDay|[upkeep]\n|-sideend|p1: huycanteam123456|move: Tailwind\n|upkeep\n|turn|5\n|inactive|Junky Dummy has 120 seconds left.\n|\n|t:|1696585687\n|move|p1b: Indeedee|Helping Hand|p1a: Rillaboom\n|-singleturn|p1a: Rillaboom|Helping Hand|[of] p1b: Indeedee\n|move|p2a: Whimsicott|Encore|p1b: Indeedee\n|-start|p1b: Indeedee|Encore\n|move|p2b: Kingambit|Knock Off|p1a: Rillaboom\n|-damage|p1a: Rillaboom|36\/100\n|-enditem|p1a: Rillaboom|Assault Vest|[from] move: Knock Off|[of] p2b: Kingambit\n|move|p1a: Rillaboom|High Horsepower|p2b: Kingambit\n|-supereffective|p2b: Kingambit\n|-damage|p2b: Kingambit|6\/100\n|\n|-weather|none\n|upkeep\n|turn|6\n|inactive|Junky Dummy has 120 seconds left.\n|\n|t:|1696585723\n|switch|p1a: Meowscarada|Meowscarada, M|100\/100\n|move|p1b: Indeedee|Helping Hand|p1a: Meowscarada\n|-singleturn|p1a: Meowscarada|Helping Hand|[of] p1b: Indeedee\n|move|p2b: Kingambit|Sucker Punch||[still]\n|-fail|p2b: Kingambit\n|move|p2a: Whimsicott|Moonblast|p1b: Indeedee\n|-damage|p1b: Indeedee|90\/100\n|-unboost|p1b: Indeedee|spa|1\n|\n|upkeep\n|turn|7\n|inactive|Junky Dummy has 120 seconds left.\n|\n|t:|1696585747\n|move|p1b: Indeedee|Helping Hand|p1a: Meowscarada\n|-singleturn|p1a: Meowscarada|Helping Hand|[of] p1b: Indeedee\n|move|p2a: Whimsicott|Moonblast|p1a: Meowscarada\n|-supereffective|p1a: Meowscarada\n|-damage|p1a: Meowscarada|41\/100\n|move|p1a: Meowscarada|U-turn|p2b: Kingambit\n|-start|p1a: Meowscarada|typechange|Bug|[from] ability: Protean\n|-crit|p2b: Kingambit\n|-damage|p2b: Kingambit|0 fnt\n|faint|p2b: Kingambit\n|\n|t:|1696585758\n|switch|p1a: Alakazam|Alakazam-Mega, F|100\/100|[from] U-turn\n|-ability|p1a: Alakazam|Psychic Surge|[from] ability: Trace|[of] p2a: Whimsicott\n|\n|-sideend|p2: Junky Dummy|move: Tailwind\n|upkeep\n|\n|t:|1696585768\n|switch|p2b: Landorus|Landorus-Therian, M, shiny|100\/100\n|-ability|p2b: Landorus|Intimidate|boost\n|-unboost|p1a: Alakazam|atk|1\n|-unboost|p1b: Indeedee|atk|1\n|turn|8\n|inactive|Junky Dummy has 120 seconds left.\n|\n|t:|1696585795\n|move|p1b: Indeedee|Helping Hand|p1a: Alakazam\n|-singleturn|p1a: Alakazam|Helping Hand|[of] p1b: Indeedee\n|move|p1a: Alakazam|Expanding Force|p2a: Whimsicott|[spread] p2a,p2b\n|-damage|p2a: Whimsicott|0 fnt\n|-damage|p2b: Landorus|0 fnt\n|faint|p2a: Whimsicott\n|faint|p2b: Landorus\n|\n|-end|p1b: Indeedee|Encore\n|-fieldend|move: Psychic Terrain\n|upkeep\n|\n|t:|1696585805\n|switch|p2a: Charizard|Charizard-Mega-Y, M, shiny|100\/100 par\n|switch|p2b: Chi-Yu|Chi-Yu|44\/100\n|-ability|p2b: Chi-Yu|Beads of Ruin\n|-weather|SunnyDay|[from] ability: Drought|[of] p2a: Charizard\n|turn|9\n|\n|t:|1696585818\n|move|p1b: Indeedee|Follow Me|p1b: Indeedee\n|-singleturn|p1b: Indeedee|move: Follow Me\n|move|p1a: Alakazam|Expanding Force|p2a: Charizard\n|-damage|p2a: Charizard|33\/100 par\n|move|p2b: Chi-Yu|Heat Wave|p1a: Alakazam|[spread] p1a,p1b\n|-damage|p1a: Alakazam|33\/100\n|-damage|p1b: Indeedee|59\/100\n|cant|p2a: Charizard|par\n|\n|-weather|SunnyDay|[upkeep]\n|-sideend|p1: huycanteam123456|move: Light Screen\n|upkeep\n|turn|10\n|\n|t:|1696585848\n|move|p2a: Charizard|Protect|p2a: Charizard\n|-singleturn|p2a: Charizard|Protect\n|move|p1b: Indeedee|Follow Me|p1b: Indeedee\n|-singleturn|p1b: Indeedee|move: Follow Me\n|move|p1a: Alakazam|Expanding Force|p2a: Charizard\n|-activate|p2a: Charizard|move: Protect\n|move|p2b: Chi-Yu|Heat Wave|p1a: Alakazam|[spread] p1a,p1b\n|-crit|p1a: Alakazam\n|-damage|p1a: Alakazam|0 fnt\n|-damage|p1b: Indeedee|13\/100\n|faint|p1a: Alakazam\n|\n|-weather|SunnyDay|[upkeep]\n|upkeep\n|\n|t:|1696585853\n|switch|p1a: Rillaboom|Rillaboom, F|36\/100\n|-fieldstart|move: Grassy Terrain|[from] ability: Grassy Surge|[of] p1a: Rillaboom\n|turn|11\n|\n|t:|1696585865\n|move|p1b: Indeedee|Follow Me|p1b: Indeedee\n|-singleturn|p1b: Indeedee|move: Follow Me\n|move|p2b: Chi-Yu|Heat Wave|p1a: Rillaboom|[spread] p1b\n|-miss|p2b: Chi-Yu|p1a: Rillaboom\n|-damage|p1b: Indeedee|0 fnt\n|faint|p1b: Indeedee\n|move|p1a: Rillaboom|U-turn|p2b: Chi-Yu\n|-damage|p2b: Chi-Yu|3\/100\n|\n|t:|1696585873\n|switch|p1a: Meowscarada|Meowscarada, M|41\/100|[from] U-turn\n|cant|p2a: Charizard|par\n|\n|-weather|SunnyDay|[upkeep]\n|-heal|p1a: Meowscarada|47\/100|[from] Grassy Terrain\n|-heal|p2b: Chi-Yu|9\/100|[from] Grassy Terrain\n|upkeep\n|\n|t:|1696585881\n|switch|p1b: Rillaboom|Rillaboom, F|36\/100\n|turn|12\n|\n|t:|1696585898\n|move|p1b: Rillaboom|Grassy Glide|p2a: Charizard\n|-resisted|p2a: Charizard\n|-damage|p2a: Charizard|23\/100 par\n|move|p1a: Meowscarada|Play Rough|p2b: Chi-Yu\n|-start|p1a: Meowscarada|typechange|Fairy|[from] ability: Protean\n|-crit|p2b: Chi-Yu\n|-damage|p2b: Chi-Yu|0 fnt\n|faint|p2b: Chi-Yu\n|move|p2a: Charizard|Heat Wave|p1a: Meowscarada|[spread] p1a,p1b\n|-supereffective|p1b: Rillaboom\n|-damage|p1a: Meowscarada|0 fnt\n|-damage|p1b: Rillaboom|0 fnt\n|faint|p1a: Meowscarada\n|faint|p1b: Rillaboom\n|\n|win|Junky Dummy\n|raw|huycanteam123456's rating: 1087 &rarr; <strong>1066<\/strong><br \/>(-21 for losing)\n|raw|Junky Dummy's rating: 1116 &rarr; <strong>1139<\/strong><br \/>(+23 for winning)\n|l|\u2606huycanteam123456\n","uploadtime":1696585915,"views":9,"p1id":"huycanteam123456","p2id":"junkydummy","formatid":"gen9nationaldexdoubles","rating":1066,"private":0,"password":""}