{"id":"gen9nationaldexdoubles-1999215642","p1":"femspencer","p2":"Jg your jg CB","format":"[Gen 9] National Dex Doubles","log":"|j|\u2606femspencer\n|j|\u2606Jg your jg CB\n|t:|1701046490\n|gametype|doubles\n|player|p1|femspencer|nurse|1096\n|player|p2|Jg your jg CB|lucas|1000\n|teamsize|p1|6\n|teamsize|p2|6\n|gen|9\n|tier|[Gen 9] National Dex Doubles\n|rated|\n|rule|HP Percentage Mod: HP is shown in percentages\n|rule|Endless Battle Clause: Forcing endless battles is banned\n|rule|OHKO Clause: OHKO moves are banned\n|rule|Evasion Moves Clause: Evasion moves are banned\n|rule|Evasion Abilities Clause: Evasion abilities are banned\n|rule|Species Clause: Limit one of each Pok\u00e9mon\n|rule|Gravity Sleep Clause: The combination of sleep-inducing moves with imperfect accuracy and Gravity or Gigantamax Orbeetle are banned\n|clearpoke\n|poke|p1|Leavanny, F|\n|poke|p1|Sinistcha|\n|poke|p1|Tsareena, F|\n|poke|p1|Dipplin, M|\n|poke|p1|Trevenant, F|\n|poke|p1|Arboliva, M|\n|poke|p2|Indeedee, M|\n|poke|p2|Deoxys-Attack|\n|poke|p2|Typhlosion, M|\n|poke|p2|Kartana|\n|poke|p2|Murkrow, M|\n|poke|p2|Shuckle, M|\n|teampreview\n|\n|t:|1701046528\n|start\n|switch|p1a: Leavanny|Leavanny, F|100\/100\n|switch|p1b: Arboliva|Arboliva, M|100\/100\n|switch|p2a: Indeedee|Indeedee, M|100\/100\n|switch|p2b: Typhlosion|Typhlosion, M|100\/100\n|-fieldstart|move: Psychic Terrain|[from] ability: Psychic Surge|[of] p2a: Indeedee\n|turn|1\n|\n|t:|1701046544\n|-terastallize|p2b: Typhlosion|Fire\n|move|p2b: Typhlosion|Eruption|p1b: Arboliva|[spread] p1a,p1b\n|-supereffective|p1a: Leavanny\n|-supereffective|p1b: Arboliva\n|-enditem|p1a: Leavanny|Focus Sash\n|-damage|p1a: Leavanny|1\/100\n|-damage|p1b: Arboliva|0 fnt\n|-fieldstart|move: Grassy Terrain|[from] ability: Seed Sower|[of] p1b: Arboliva\n|faint|p1b: Arboliva\n|move|p2a: Indeedee|Expanding Force|p1a: Leavanny\n|-damage|p1a: Leavanny|0 fnt\n|faint|p1a: Leavanny\n|\n|upkeep\n|\n|t:|1701046560\n|switch|p1a: Tsareena|Tsareena, F|100\/100\n|switch|p1b: Trevenant|Trevenant, F|100\/100\n|turn|2\n|\n|t:|1701046584\n|switch|p2b: Shuckle|Shuckle, M|100\/100\n|switch|p2a: Murkrow|Murkrow, M|100\/100\n|move|p1b: Trevenant|Sucker Punch||[still]\n|-fail|p1b: Trevenant\n|move|p1a: Tsareena|Knock Off|p2a: Murkrow\n|-resisted|p2a: Murkrow\n|-damage|p2a: Murkrow|80\/100\n|-enditem|p2a: Murkrow|Focus Sash|[from] move: Knock Off|[of] p1a: Tsareena\n|\n|upkeep\n|turn|3\n|\n|t:|1701046603\n|switch|p1b: Dipplin|Dipplin, M|100\/100\n|-ability|p1b: Dipplin|Supersweet Syrup\n|-ability|p1b: Dipplin|Supersweet Syrup|boost\n|-unboost|p2a: Murkrow|evasion|1\n|-unboost|p2b: Shuckle|evasion|1\n|move|p2a: Murkrow|Perish Song||[still]\n|cant|p1a: Tsareena|ability: Queenly Majesty|Perish Song|[of] p2a: Murkrow\n|move|p1a: Tsareena|Rapid Spin|p2a: Murkrow\n|-damage|p2a: Murkrow|57\/100\n|-boost|p1a: Tsareena|spe|1\n|move|p2b: Shuckle|Stealth Rock|p1a: Tsareena\n|-sidestart|p1: femspencer|move: Stealth Rock\n|\n|upkeep\n|turn|4\n|\n|t:|1701046619\n|move|p2a: Murkrow|Haze|p2a: Murkrow\n|-clearallboost\n|move|p1a: Tsareena|Rapid Spin|p2b: Shuckle\n|-resisted|p2b: Shuckle\n|-damage|p2b: Shuckle|96\/100\n|-boost|p1a: Tsareena|spe|1\n|-sideend|p1: femspencer|Stealth Rock|[from] move: Rapid Spin|[of] p1a: Tsareena\n|move|p1b: Dipplin|Infestation|p2a: Murkrow\n|-damage|p2a: Murkrow|45\/100\n|-activate|p2a: Murkrow|move: Infestation|[of] p1b: Dipplin\n|move|p2b: Shuckle|Toxic|p1a: Tsareena|[miss]\n|-miss|p2b: Shuckle|p1a: Tsareena\n|\n|-heal|p2b: Shuckle|100\/100|[from] Grassy Terrain\n|-damage|p2a: Murkrow|32\/100|[from] move: Infestation|[partiallytrapped]\n|upkeep\n|turn|5\n|\n|t:|1701046638\n|move|p2a: Murkrow|Haze|p2a: Murkrow\n|-clearallboost\n|move|p1a: Tsareena|Rapid Spin|p2b: Shuckle\n|-resisted|p2b: Shuckle\n|-damage|p2b: Shuckle|96\/100\n|-boost|p1a: Tsareena|spe|1\n|move|p1b: Dipplin|Reflect|p1b: Dipplin\n|-sidestart|p1: femspencer|Reflect\n|move|p2b: Shuckle|Toxic|p1a: Tsareena\n|-status|p1a: Tsareena|tox\n|\n|-heal|p2b: Shuckle|100\/100|[from] Grassy Terrain\n|-damage|p1a: Tsareena|95\/100 tox|[from] psn\n|-damage|p2a: Murkrow|20\/100|[from] move: Infestation|[partiallytrapped]\n|-fieldend|move: Grassy Terrain\n|upkeep\n|turn|6\n|\n|t:|1701046658\n|move|p2a: Murkrow|Haze|p2a: Murkrow\n|-clearallboost\n|move|p1a: Tsareena|Rapid Spin|p2a: Murkrow\n|-damage|p2a: Murkrow|0 fnt\n|-boost|p1a: Tsareena|spe|1\n|faint|p2a: Murkrow\n|move|p1b: Dipplin|Syrup Bomb|p2b: Shuckle\n|-damage|p2b: Shuckle|83\/100\n|-start|p2b: Shuckle|Syrup Bomb\n|move|p2b: Shuckle|Toxic|p1b: Dipplin\n|-status|p1b: Dipplin|tox\n|\n|-damage|p1a: Tsareena|83\/100 tox|[from] psn\n|-damage|p1b: Dipplin|94\/100 tox|[from] psn\n|-unboost|p2b: Shuckle|spe|1\n|upkeep\n|\n|t:|1701046673\n|switch|p2a: Typhlosion|Typhlosion, M, tera:Fire|100\/100\n|turn|7\n|\n|t:|1701046682\n|switch|p2b: Indeedee|Indeedee, M|100\/100\n|-fieldstart|move: Psychic Terrain|[from] ability: Psychic Surge|[of] p2b: Indeedee\n|move|p2a: Typhlosion|Eruption|p1a: Tsareena|[spread] p1a,p1b\n|-supereffective|p1a: Tsareena\n|-damage|p1a: Tsareena|0 fnt\n|-damage|p1b: Dipplin|15\/100 tox\n|faint|p1a: Tsareena\n|move|p1b: Dipplin|Draco Meteor|p2a: Typhlosion\n|-damage|p2a: Typhlosion|27\/100\n|-unboost|p1b: Dipplin|spa|2\n|\n|-heal|p1b: Dipplin|21\/100 tox|[from] item: Leftovers\n|-damage|p1b: Dipplin|9\/100 tox|[from] psn\n|upkeep\n|\n|t:|1701046698\n|switch|p1a: Sinistcha|Sinistcha|100\/100\n|-heal|p1b: Dipplin|34\/100 tox|[from] ability: Hospitality|[of] p1a: Sinistcha\n|turn|8\n|\n|t:|1701046707\n|switch|p2a: Kartana|Kartana|100\/100\n|switch|p1a: Trevenant|Trevenant, F|100\/100\n|move|p2b: Indeedee|Expanding Force|p1b: Dipplin|[spread] p1a,p1b\n|-crit|p1b: Dipplin\n|-damage|p1a: Trevenant|24\/100\n|-damage|p1b: Dipplin|0 fnt\n|faint|p1b: Dipplin\n|\n|upkeep\n|\n|t:|1701046716\n|switch|p1b: Sinistcha|Sinistcha|100\/100\n|-heal|p1a: Trevenant|49\/100|[from] ability: Hospitality|[of] p1b: Sinistcha\n|turn|9\n|-message|femspencer forfeited.\n|\n|win|Jg your jg CB\n|raw|femspencer's rating: 1096 &rarr; <strong>1065<\/strong><br \/>(-31 for losing)\n|raw|Jg your jg CB's rating: 1000 &rarr; <strong>1051<\/strong><br \/>(+51 for winning)\n|l|\u2606femspencer\n","uploadtime":1701046726,"views":1,"p1id":"femspencer","p2id":"jgyourjgcb","formatid":"gen9nationaldexdoubles","rating":1051,"private":0,"password":""}