{"id":"gen9nationaldexdoubles-1970104714","p1":"R3DSH1RTS","p2":"lxvliiz","format":"[Gen 9] National Dex Doubles","log":"|j|\u2606R3DSH1RTS\n|j|\u2606lxvliiz\n|t:|1697594656\n|gametype|doubles\n|player|p1|R3DSH1RTS|scientist|1075\n|player|p2|lxvliiz|gambler|1044\n|teamsize|p1|6\n|teamsize|p2|6\n|gen|9\n|tier|[Gen 9] National Dex Doubles\n|rated|\n|rule|HP Percentage Mod: HP is shown in percentages\n|rule|Endless Battle Clause: Forcing endless battles is banned\n|rule|OHKO Clause: OHKO moves are banned\n|rule|Evasion Moves Clause: Evasion moves are banned\n|rule|Evasion Abilities Clause: Evasion abilities are banned\n|rule|Species Clause: Limit one of each Pok\u00e9mon\n|rule|Gravity Sleep Clause: The combination of sleep-inducing moves with imperfect accuracy and Gravity or Gigantamax Orbeetle are banned\n|clearpoke\n|poke|p1|Indeedee-F, F|\n|poke|p1|Lucario, F|\n|poke|p1|Armarouge, F|\n|poke|p1|Weezing-Galar, F|\n|poke|p1|Gholdengo|\n|poke|p1|Scizor, M|\n|poke|p2|Nidoking, M|\n|poke|p2|Ogerpon-Cornerstone, F|\n|poke|p2|Eevee, F|\n|poke|p2|Volcarona, F|\n|poke|p2|Mr. Mime, F|\n|poke|p2|Urshifu-*, M|\n|teampreview\n|\n|t:|1697594669\n|start\n|switch|p1a: Indeedee|Indeedee-F, F|100\/100\n|switch|p1b: Weezing|Weezing-Galar, F|100\/100\n|switch|p2a: testing1|Eevee, F, shiny|100\/100\n|switch|p2b: testing2|Ogerpon-Cornerstone, F|100\/100\n|-fieldstart|move: Psychic Terrain|[from] ability: Psychic Surge|[of] p1a: Indeedee\n|turn|1\n|\n|t:|1697594684\n|-terastallize|p2b: testing2|Rock\n|detailschange|p2b: testing2|Ogerpon-Cornerstone-Tera, F, tera:Rock\n|-ability|p2b: testing2|Embody Aspect (Cornerstone)|boost\n|-boost|p2b: testing2|def|1\n|move|p2b: testing2|Ivy Cudgel|p1b: Weezing\n|-damage|p1b: Weezing|31\/100\n|move|p1a: Indeedee|Reflect|p1a: Indeedee\n|-sidestart|p1: R3DSH1RTS|Reflect\n|move|p1b: Weezing|Will-O-Wisp|p2b: testing2\n|-status|p2b: testing2|brn\n|-zpower|p2a: testing1\n|move|p2a: testing1|Extreme Evoboost|p2a: testing1\n|-boost|p2a: testing1|atk|2\n|-boost|p2a: testing1|def|2\n|-boost|p2a: testing1|spa|2\n|-boost|p2a: testing1|spd|2\n|-boost|p2a: testing1|spe|2\n|\n|-heal|p1b: Weezing|37\/100|[from] item: Leftovers\n|-damage|p2b: testing2|95\/100 brn|[from] brn\n|upkeep\n|turn|2\n|\n|t:|1697594724\n|move|p2b: testing2|Ivy Cudgel|p1b: Weezing\n|-damage|p1b: Weezing|15\/100\n|move|p1a: Indeedee|Light Screen|p1a: Indeedee\n|-sidestart|p1: R3DSH1RTS|move: Light Screen\n|move|p2a: testing1|Baton Pass|p2a: testing1\n|\n|t:|1697594728\n|switch|p2a: Urshifu|Urshifu-Rapid-Strike, M|100\/100|[from] Baton Pass\n|move|p1b: Weezing|Clear Smog|p2a: Urshifu\n|-damage|p2a: Urshifu|92\/100\n|-clearboost|p2a: Urshifu\n|\n|-heal|p1b: Weezing|21\/100|[from] item: Leftovers\n|-damage|p2b: testing2|89\/100 brn|[from] brn\n|upkeep\n|turn|3\n|\n|t:|1697594751\n|move|p2b: testing2|Follow Me|p2b: testing2\n|-singleturn|p2b: testing2|move: Follow Me\n|move|p1a: Indeedee|Follow Me|p1a: Indeedee\n|-singleturn|p1a: Indeedee|move: Follow Me\n|move|p2a: Urshifu|Surging Strikes|p1a: Indeedee\n|-crit|p1a: Indeedee\n|-damage|p1a: Indeedee|69\/100\n|-crit|p1a: Indeedee\n|-damage|p1a: Indeedee|36\/100\n|-crit|p1a: Indeedee\n|-damage|p1a: Indeedee|6\/100\n|-hitcount|p1a: Indeedee|3\n|move|p1b: Weezing|Strange Steam|p2b: testing2\n|-crit|p2b: testing2\n|-damage|p2b: testing2|36\/100 brn\n|\n|-heal|p1b: Weezing|27\/100|[from] item: Leftovers\n|-damage|p2b: testing2|30\/100 brn|[from] brn\n|upkeep\n|turn|4\n|\n|t:|1697594793\n|switch|p1a: Gholdengo|Gholdengo|100\/100\n|move|p2b: testing2|Ivy Cudgel|p1b: Weezing\n|-crit|p1b: Weezing\n|-damage|p1b: Weezing|0 fnt\n|faint|p1b: Weezing\n|move|p2a: Urshifu|Drain Punch|p1a: Gholdengo\n|-immune|p1a: Gholdengo\n|\n|-damage|p2b: testing2|24\/100 brn|[from] brn\n|upkeep\n|\n|t:|1697594803\n|switch|p1b: Armarouge|Armarouge, F|100\/100\n|turn|5\n|\n|t:|1697594815\n|move|p1b: Armarouge|Protect|p1b: Armarouge\n|-singleturn|p1b: Armarouge|Protect\n|move|p2b: testing2|Ivy Cudgel|p1a: Gholdengo\n|-resisted|p1a: Gholdengo\n|-damage|p1a: Gholdengo|85\/100\n|move|p1a: Gholdengo|Make It Rain|p2a: Urshifu|[spread] p2a,p2b\n|-resisted|p2a: Urshifu\n|-supereffective|p2b: testing2\n|-damage|p2a: Urshifu|55\/100\n|-damage|p2b: testing2|0 fnt\n|-unboost|p1a: Gholdengo|spa|1\n|faint|p2b: testing2\n|move|p2a: Urshifu|Surging Strikes|p1b: Armarouge\n|-supereffective|p1b: Armarouge\n|-crit|p1b: Armarouge\n|-damage|p1b: Armarouge|60\/100\n|-enditem|p1b: Armarouge|Weakness Policy\n|-boost|p1b: Armarouge|atk|2|[from] item: Weakness Policy\n|-boost|p1b: Armarouge|spa|2|[from] item: Weakness Policy\n|-supereffective|p1b: Armarouge\n|-crit|p1b: Armarouge\n|-damage|p1b: Armarouge|17\/100\n|-supereffective|p1b: Armarouge\n|-crit|p1b: Armarouge\n|-damage|p1b: Armarouge|0 fnt\n|faint|p1b: Armarouge\n|-hitcount|p1: Armarouge|3\n|\n|-sideend|p1: R3DSH1RTS|Reflect\n|upkeep\n|\n|t:|1697594839\n|switch|p2b: Mr. Mime|Mr. Mime, F|100\/100\n|switch|p1b: Lucario|Lucario, F|100\/100\n|turn|6\n|\n|t:|1697594852\n|detailschange|p1b: Lucario|Lucario-Mega, F\n|-mega|p1b: Lucario|Lucario|Lucarionite\n|move|p2b: Mr. Mime|Follow Me|p2b: Mr. Mime\n|-singleturn|p2b: Mr. Mime|move: Follow Me\n|move|p1b: Lucario|Rock Slide|p2b: Mr. Mime|[spread] p2a,p2b\n|-resisted|p2a: Urshifu\n|-damage|p2a: Urshifu|44\/100\n|-damage|p2b: Mr. Mime|65\/100\n|move|p1a: Gholdengo|Make It Rain|p2b: Mr. Mime|[spread] p2a,p2b\n|-resisted|p2a: Urshifu\n|-supereffective|p2b: Mr. Mime\n|-damage|p2a: Urshifu|20\/100\n|-damage|p2b: Mr. Mime|0 fnt\n|-unboost|p1a: Gholdengo|spa|1\n|faint|p2b: Mr. Mime\n|move|p2a: Urshifu|Fire Punch|p1b: Lucario\n|-supereffective|p1b: Lucario\n|-damage|p1b: Lucario|28\/100\n|\n|-sideend|p1: R3DSH1RTS|move: Light Screen\n|upkeep\n|\n|t:|1697594857\n|switch|p2b: testing4|Volcarona, F, shiny|100\/100\n|turn|7\n|\n|t:|1697594890\n|switch|p1a: Indeedee|Indeedee-F, F|6\/100\n|move|p2b: testing4|Rage Powder|p2b: testing4\n|-singleturn|p2b: testing4|move: Rage Powder\n|move|p1b: Lucario|Drain Punch|p2b: testing4\n|-resisted|p2b: testing4\n|-damage|p2b: testing4|62\/100\n|-heal|p1b: Lucario|54\/100|[from] drain|[of] p2b: testing4\n|-status|p1b: Lucario|brn|[from] ability: Flame Body|[of] p2b: testing4\n|move|p2a: Urshifu|Surging Strikes|p1b: Lucario\n|-crit|p1b: Lucario\n|-damage|p1b: Lucario|22\/100 brn\n|-crit|p1b: Lucario\n|-damage|p1b: Lucario|0 fnt\n|faint|p1b: Lucario\n|-hitcount|p1: Lucario|2\n|\n|upkeep\n|\n|t:|1697594905\n|switch|p1b: Gholdengo|Gholdengo|85\/100\n|turn|8\n|\n|t:|1697594912\n|move|p1a: Indeedee|Follow Me|p1a: Indeedee\n|-singleturn|p1a: Indeedee|move: Follow Me\n|move|p2b: testing4|Rage Powder|p2b: testing4\n|-singleturn|p2b: testing4|move: Rage Powder\n|move|p2a: Urshifu|Surging Strikes|p1a: Indeedee\n|-crit|p1a: Indeedee\n|-damage|p1a: Indeedee|0 fnt\n|faint|p1a: Indeedee\n|-hitcount|p1: Indeedee|1\n|move|p1b: Gholdengo|Make It Rain|p2b: testing4|[spread] p2a,p2b\n|-resisted|p2a: Urshifu\n|-resisted|p2b: testing4\n|-damage|p2a: Urshifu|0 fnt\n|-damage|p2b: testing4|38\/100\n|-unboost|p1b: Gholdengo|spa|1\n|faint|p2a: Urshifu\n|\n|-fieldend|move: Psychic Terrain\n|upkeep\n|\n|t:|1697594927\n|switch|p1a: Scizor|Scizor, M|100\/100\n|switch|p2a: testing6|Nidoking, M, shiny|100\/100\n|turn|9\n|\n|t:|1697594946\n|move|p2b: testing4|Rage Powder|p2b: testing4\n|-singleturn|p2b: testing4|move: Rage Powder\n|move|p1a: Scizor|Bullet Punch|p2b: testing4\n|-resisted|p2b: testing4\n|-damage|p2b: testing4|22\/100\n|-status|p1a: Scizor|brn|[from] ability: Flame Body|[of] p2b: testing4\n|-enditem|p2b: testing4|Wiki Berry|[eat]\n|-heal|p2b: testing4|55\/100|[from] item: Wiki Berry\n|move|p2a: testing6|Earth Power|p1b: Gholdengo\n|-supereffective|p1b: Gholdengo\n|-damage|p1b: Gholdengo|0 fnt\n|faint|p1b: Gholdengo\n|\n|-damage|p1a: Scizor|94\/100 brn|[from] brn\n|upkeep\n|turn|10\n|\n|t:|1697594962\n|move|p1a: Scizor|Bullet Punch|p2a: testing6\n|-damage|p2a: testing6|82\/100\n|move|p2a: testing6|Flamethrower|p1a: Scizor\n|-supereffective|p1a: Scizor\n|-damage|p1a: Scizor|0 fnt\n|faint|p1a: Scizor\n|\n|win|lxvliiz\n|raw|R3DSH1RTS's rating: 1075 &rarr; <strong>1052<\/strong><br \/>(-23 for losing)\n|raw|lxvliiz's rating: 1044 &rarr; <strong>1080<\/strong><br \/>(+36 for winning)\n|c|\u2606R3DSH1RTS|ggs\n","uploadtime":1697594970,"views":6,"p1id":"r3dsh1rts","p2id":"lxvliiz","formatid":"gen9nationaldexdoubles","rating":1052,"private":0,"password":""}