{"id":"gen9nationaldexdoubles-1982731954","p1":"Theboi8910","p2":"UltraVapor","format":"[Gen 9] National Dex Doubles","log":"|j|\u2606Theboi8910\n|j|\u2606UltraVapor\n|t:|1699039725\n|gametype|doubles\n|player|p1|Theboi8910|lucas|1037\n|player|p2|UltraVapor|shelly|1104\n|teamsize|p1|6\n|teamsize|p2|6\n|gen|9\n|tier|[Gen 9] National Dex Doubles\n|rated|\n|rule|HP Percentage Mod: HP is shown in percentages\n|rule|Endless Battle Clause: Forcing endless battles is banned\n|rule|OHKO Clause: OHKO moves are banned\n|rule|Evasion Moves Clause: Evasion moves are banned\n|rule|Evasion Abilities Clause: Evasion abilities are banned\n|rule|Species Clause: Limit one of each Pok\u00e9mon\n|rule|Gravity Sleep Clause: The combination of sleep-inducing moves with imperfect accuracy and Gravity or Gigantamax Orbeetle are banned\n|clearpoke\n|poke|p1|Aron, L1, M|\n|poke|p1|Regieleki|\n|poke|p1|Kingambit, M|\n|poke|p1|Kommo-o, M|\n|poke|p1|Camerupt, F|\n|poke|p1|Ceruledge, F|\n|poke|p2|Pelipper, M|\n|poke|p2|Vaporeon, M|\n|poke|p2|Walking Wake|\n|poke|p2|Basculegion-F, F|\n|poke|p2|Ogerpon-Wellspring, F|\n|poke|p2|Urshifu-*, M|\n|teampreview\n|\n|t:|1699039734\n|start\n|switch|p1a: Aron|Aron, L1, M|100\/100\n|switch|p1b: Regieleki|Regieleki|100\/100\n|switch|p2a: Pelipper|Pelipper, M|100\/100\n|switch|p2b: Ogerpon|Ogerpon-Wellspring, F|100\/100\n|-weather|RainDance|[from] ability: Drizzle|[of] p2a: Pelipper\n|turn|1\n|\n|t:|1699039755\n|switch|p2a: Walking Wake|Walking Wake|100\/100\n|-enditem|p2a: Walking Wake|Booster Energy\n|-activate|p2a: Walking Wake|ability: Protosynthesis|[fromitem]\n|-start|p2a: Walking Wake|protosynthesisspa\n|move|p1b: Regieleki|Thunder|p2a: Walking Wake\n|-damage|p2a: Walking Wake|46\/100\n|move|p2b: Ogerpon|Horn Leech|p1a: Aron\n|-ability|p1a: Aron|Sturdy\n|-damage|p1a: Aron|9\/100\n|move|p1a: Aron|Endeavor|p2b: Ogerpon\n|-damage|p2b: Ogerpon|1\/100\n|-heal|p1a: Aron|100\/100|[from] item: Shell Bell|[of] p2b: Ogerpon\n|\n|-weather|RainDance|[upkeep]\n|upkeep\n|turn|2\n|\n|t:|1699039794\n|move|p1b: Regieleki|Thunder|p2b: Ogerpon\n|-damage|p2b: Ogerpon|0 fnt\n|faint|p2b: Ogerpon\n|move|p2a: Walking Wake|Hydro Steam|p1b: Regieleki\n|-damage|p1b: Regieleki|0 fnt\n|faint|p1b: Regieleki\n|move|p1a: Aron|Endeavor|p2a: Walking Wake\n|-damage|p2a: Walking Wake|4\/100\n|\n|-weather|RainDance|[upkeep]\n|upkeep\n|\n|t:|1699039809\n|switch|p1b: Kommo-o|Kommo-o, M|100\/100\n|switch|p2b: Urshifu|Urshifu-Rapid-Strike, M|100\/100\n|turn|3\n|\n|t:|1699039826\n|move|p2a: Walking Wake|Flamethrower|p1b: Kommo-o\n|-resisted|p1b: Kommo-o\n|-damage|p1b: Kommo-o|91\/100\n|move|p2b: Urshifu|Surging Strikes|p1a: Aron\n|-supereffective|p1a: Aron\n|-crit|p1a: Aron\n|-ability|p1a: Aron|Sturdy\n|-damage|p1a: Aron|9\/100\n|-supereffective|p1a: Aron\n|-crit|p1a: Aron\n|-damage|p1a: Aron|0 fnt\n|faint|p1a: Aron\n|-hitcount|p1: Aron|2\n|move|p1b: Kommo-o|Clanging Scales|p2b: Urshifu|[spread] p2a,p2b\n|-supereffective|p2a: Walking Wake\n|-damage|p2a: Walking Wake|0 fnt\n|-damage|p2b: Urshifu|61\/100\n|faint|p2a: Walking Wake\n|-end|p2a: Walking Wake|Protosynthesis|[silent]\n|-unboost|p1b: Kommo-o|def|1\n|\n|-weather|RainDance|[upkeep]\n|upkeep\n|\n|t:|1699039847\n|switch|p2a: Basculegion|Basculegion-F, F|100\/100\n|switch|p1a: Camerupt|Camerupt, F|100\/100\n|turn|4\n|\n|t:|1699039873\n|detailschange|p1a: Camerupt|Camerupt-Mega, F\n|-mega|p1a: Camerupt|Camerupt|Cameruptite\n|-terastallize|p2a: Basculegion|Water\n|move|p2a: Basculegion|Surf|p1b: Kommo-o|[spread] p2b,p1a,p1b\n|-resisted|p2b: Urshifu\n|-supereffective|p1a: Camerupt\n|-resisted|p1b: Kommo-o\n|-damage|p2b: Urshifu|0 fnt\n|-damage|p1a: Camerupt|0 fnt\n|-damage|p1b: Kommo-o|53\/100\n|faint|p2b: Urshifu\n|faint|p1a: Camerupt\n|-damage|p2a: Basculegion|91\/100|[from] item: Life Orb\n|-zpower|p1b: Kommo-o\n|move|p1b: Kommo-o|Clangorous Soulblaze|p2a: Basculegion|[zeffect]\n|-damage|p2a: Basculegion|15\/100\n|-boost|p1b: Kommo-o|atk|1\n|-boost|p1b: Kommo-o|def|1\n|-boost|p1b: Kommo-o|spa|1\n|-boost|p1b: Kommo-o|spd|1\n|-boost|p1b: Kommo-o|spe|1\n|\n|-weather|RainDance|[upkeep]\n|upkeep\n|\n|t:|1699039901\n|switch|p2b: Vaporeon|Vaporeon, M|100\/100\n|switch|p1a: Ceruledge|Ceruledge, F|100\/100\n|turn|5\n|\n|t:|1699039911\n|move|p2a: Basculegion|Rest|p2a: Basculegion\n|-status|p2a: Basculegion|slp|[from] move: Rest\n|-heal|p2a: Basculegion|100\/100 slp|[silent]\n|move|p1b: Kommo-o|Clanging Scales|p2a: Basculegion|[spread] p2a,p2b\n|-damage|p2a: Basculegion|48\/100 slp\n|-damage|p2b: Vaporeon|71\/100\n|-unboost|p1b: Kommo-o|def|1\n|move|p1a: Ceruledge|Bitter Blade|p2a: Basculegion\n|-resisted|p2a: Basculegion\n|-damage|p2a: Basculegion|31\/100 slp\n|move|p2b: Vaporeon|Aqua Ring|p2b: Vaporeon\n|-start|p2b: Vaporeon|Aqua Ring\n|\n|-weather|RainDance|[upkeep]\n|-heal|p2b: Vaporeon|77\/100|[from] item: Leftovers\n|-heal|p2b: Vaporeon|83\/100|[from] Aqua Ring\n|upkeep\n|turn|6\n|\n|t:|1699039932\n|cant|p2a: Basculegion|slp\n|move|p2a: Basculegion|Sleep Talk|p2a: Basculegion\n|move|p2a: Basculegion|Surf|p1b: Kommo-o|[from]move: Sleep Talk|[spread] p1a,p1b\n|-heal|p2b: Vaporeon|100\/100|[from] ability: Water Absorb|[of] p2a: Basculegion\n|-supereffective|p1a: Ceruledge\n|-resisted|p1b: Kommo-o\n|-damage|p1a: Ceruledge|0 fnt\n|-damage|p1b: Kommo-o|26\/100\n|faint|p1a: Ceruledge\n|-damage|p2a: Basculegion|21\/100 slp|[from] item: Life Orb\n|move|p1b: Kommo-o|Clanging Scales|p2a: Basculegion|[spread] p2a,p2b\n|-damage|p2a: Basculegion|0 fnt\n|-damage|p2b: Vaporeon|71\/100\n|faint|p2a: Basculegion\n|-unboost|p1b: Kommo-o|def|1\n|move|p2b: Vaporeon|Ice Beam|p1b: Kommo-o\n|-supereffective|p1b: Kommo-o\n|-damage|p1b: Kommo-o|0 fnt\n|faint|p1b: Kommo-o\n|\n|-weather|RainDance|[upkeep]\n|-heal|p2b: Vaporeon|77\/100|[from] item: Leftovers\n|-heal|p2b: Vaporeon|83\/100|[from] Aqua Ring\n|upkeep\n|\n|t:|1699039959\n|switch|p1b: Kingambit|Kingambit, M|100\/100\n|switch|p2a: Pelipper|Pelipper, M|100\/100\n|-activate|p1b: Kingambit|ability: Supreme Overlord\n|-start|p1b: Kingambit|fallen5|[silent]\n|turn|7\n|\n|t:|1699039977\n|move|p1b: Kingambit|Flash Cannon|p2b: Vaporeon\n|-resisted|p2b: Vaporeon\n|-damage|p2b: Vaporeon|68\/100\n|move|p2b: Vaporeon|Scald|p1b: Kingambit\n|-damage|p1b: Kingambit|33\/100\n|move|p2a: Pelipper|Surf|p1b: Kingambit|[spread] p1b\n|-heal|p2b: Vaporeon|93\/100|[from] ability: Water Absorb|[of] p2a: Pelipper\n|-damage|p1b: Kingambit|0 fnt\n|faint|p1b: Kingambit\n|-end|p1b: Kingambit|fallen5|[silent]\n|\n|win|UltraVapor\n|raw|Theboi8910's rating: 1037 &rarr; <strong>1024<\/strong><br \/>(-13 for losing)\n|raw|UltraVapor's rating: 1104 &rarr; <strong>1124<\/strong><br \/>(+20 for winning)\n","uploadtime":1699039989,"views":9,"p1id":"theboi8910","p2id":"ultravapor","formatid":"gen9nationaldexdoubles","rating":1024,"private":0,"password":""}