{"id":"gen9nationaldexdoubles-1947506451","p1":"Mikel777","p2":"user58342485","format":"[Gen 9] National Dex Doubles","log":"|j|\u2606Mikel777\n|j|\u2606user58342485\n|t:|1695167350\n|gametype|doubles\n|player|p1|Mikel777|170|1382\n|player|p2|user58342485|pokemaniac|1520\n|teamsize|p1|6\n|teamsize|p2|6\n|gen|9\n|tier|[Gen 9] National Dex Doubles\n|rated|\n|rule|HP Percentage Mod: HP is shown in percentages\n|rule|Endless Battle Clause: Forcing endless battles is banned\n|rule|OHKO Clause: OHKO moves are banned\n|rule|Evasion Moves Clause: Evasion moves are banned\n|rule|Evasion Abilities Clause: Evasion abilities are banned\n|rule|Species Clause: Limit one of each Pok\u00e9mon\n|rule|Gravity Sleep Clause: The combination of sleep-inducing moves with imperfect accuracy and Gravity or Gigantamax Orbeetle are banned\n|clearpoke\n|poke|p1|Dragonite, F|\n|poke|p1|Chien-Pao|\n|poke|p1|Tapu Fini|\n|poke|p1|Landorus, M|\n|poke|p1|Stakataka|\n|poke|p1|Kyurem-Black|\n|poke|p2|Rillaboom, F|\n|poke|p2|Salamence, F|\n|poke|p2|Volcanion|\n|poke|p2|Chien-Pao|\n|poke|p2|Flutter Mane|\n|poke|p2|Ogerpon-Cornerstone, F|\n|teampreview\n|inactive|Battle timer is ON: inactive players will automatically lose when time's up. (requested by user58342485)\n|inactive|user58342485 has 120 seconds left.\n|\n|t:|1695167394\n|start\n|switch|p1a: Stakataka|Stakataka|100\/100\n|switch|p1b: Dragonite|Dragonite, F|100\/100\n|switch|p2a: Flutter Mane|Flutter Mane|100\/100\n|switch|p2b: Volcanion|Volcanion|100\/100\n|turn|1\n|\n|t:|1695167420\n|-end|p2a: Flutter Mane|Protosynthesis|[silent]\n|switch|p2a: Salamence|Salamence, F|100\/100\n|-ability|p2a: Salamence|Intimidate|boost\n|-unboost|p1a: Stakataka|atk|1\n|-unboost|p1b: Dragonite|atk|1\n|switch|p1a: Tapu Fini|Tapu Fini|100\/100\n|-fieldstart|move: Misty Terrain|[from] ability: Misty Surge|[of] p1a: Tapu Fini\n|-terastallize|p1b: Dragonite|Normal\n|move|p1b: Dragonite|Extreme Speed|p2b: Volcanion\n|-damage|p2b: Volcanion|61\/100\n|move|p2b: Volcanion|Earth Power|p1a: Tapu Fini\n|-damage|p1a: Tapu Fini|81\/100\n|\n|upkeep\n|turn|2\n|inactive|user58342485 has 120 seconds left.\n|\n|t:|1695167462\n|switch|p1a: Chien-Pao|Chien-Pao|100\/100\n|-ability|p1a: Chien-Pao|Sword of Ruin\n|switch|p2b: Flutter Mane|Flutter Mane|100\/100\n|move|p2a: Salamence|Protect|p2a: Salamence\n|-singleturn|p2a: Salamence|Protect\n|move|p1b: Dragonite|Extreme Speed|p2b: Flutter Mane\n|-immune|p2b: Flutter Mane\n|\n|upkeep\n|turn|3\n|inactive|user58342485 has 120 seconds left.\n|inactive|user58342485 has 90 seconds left.\n|\n|t:|1695167537\n|detailschange|p2a: Salamence|Salamence-Mega, F\n|-mega|p2a: Salamence|Salamence|Salamencite\n|-terastallize|p2b: Flutter Mane|Fairy\n|move|p1a: Chien-Pao|Protect|p1a: Chien-Pao\n|-singleturn|p1a: Chien-Pao|Protect\n|move|p1b: Dragonite|Extreme Speed|p2a: Salamence\n|-damage|p2a: Salamence|52\/100\n|move|p2b: Flutter Mane|Dazzling Gleam|p1a: Chien-Pao|[spread] p1b\n|-activate|p1a: Chien-Pao|move: Protect\n|-damage|p1b: Dragonite|71\/100\n|move|p2a: Salamence|Dragon Dance|p2a: Salamence\n|-boost|p2a: Salamence|atk|1\n|-boost|p2a: Salamence|spe|1\n|\n|upkeep\n|turn|4\n|\n|t:|1695167553\n|move|p2a: Salamence|Protect|p2a: Salamence\n|-singleturn|p2a: Salamence|Protect\n|move|p1b: Dragonite|Extreme Speed|p2b: Flutter Mane\n|-damage|p2b: Flutter Mane|0 fnt\n|faint|p2b: Flutter Mane\n|-end|p2b: Flutter Mane|Protosynthesis|[silent]\n|move|p1a: Chien-Pao|Sucker Punch||[still]\n|-fail|p1a: Chien-Pao\n|\n|upkeep\n|\n|t:|1695167562\n|switch|p2b: Rillaboom|Rillaboom, F|100\/100\n|-fieldstart|move: Grassy Terrain|[from] ability: Grassy Surge|[of] p2b: Rillaboom\n|turn|5\n|inactive|user58342485 has 90 seconds left.\n|\n|t:|1695167582\n|switch|p1a: Tapu Fini|Tapu Fini|81\/100\n|-fieldstart|move: Misty Terrain|[from] ability: Misty Surge|[of] p1a: Tapu Fini\n|switch|p1b: Stakataka|Stakataka|100\/100\n|move|p2b: Rillaboom|Fake Out|p1a: Tapu Fini\n|-damage|p1a: Tapu Fini|69\/100\n|move|p2a: Salamence|Frustration|p1a: Tapu Fini\n|-damage|p1a: Tapu Fini|0 fnt\n|faint|p1a: Tapu Fini\n|\n|upkeep\n|\n|t:|1695167598\n|switch|p1a: Dragonite|Dragonite, F, tera:Normal|71\/100\n|turn|6\n|\n|t:|1695167610\n|move|p1a: Dragonite|Extreme Speed|p2a: Salamence\n|-damage|p2a: Salamence|0 fnt\n|faint|p2a: Salamence\n|move|p2b: Rillaboom|Wood Hammer|p1a: Dragonite\n|-damage|p1a: Dragonite|13\/100\n|-damage|p2b: Rillaboom|82\/100|[from] Recoil\n|move|p1b: Stakataka|Trick Room|p1b: Stakataka\n|-fieldstart|move: Trick Room|[of] p1b: Stakataka\n|\n|upkeep\n|\n|t:|1695167620\n|switch|p2a: Ogerpon|Ogerpon-Cornerstone, F|100\/100\n|turn|7\n|inactive|user58342485 has 120 seconds left.\n|\n|t:|1695167642\n|switch|p1a: Chien-Pao|Chien-Pao|100\/100\n|-ability|p1a: Chien-Pao|Sword of Ruin\n|move|p2a: Ogerpon|Protect|p2a: Ogerpon\n|-singleturn|p2a: Ogerpon|Protect\n|move|p1b: Stakataka|Body Press|p2a: Ogerpon\n|-activate|p2a: Ogerpon|move: Protect\n|move|p2b: Rillaboom|U-turn|p1a: Chien-Pao\n|-supereffective|p1a: Chien-Pao\n|-crit|p1a: Chien-Pao\n|-damage|p1a: Chien-Pao|1\/100\n|inactive|user58342485 has 90 seconds left.\n|\n|t:|1695167663\n|switch|p2b: Chien-Pao|Chien-Pao|100\/100|[from] U-turn\n|-ability|p2b: Chien-Pao|Sword of Ruin\n|\n|upkeep\n|turn|8\n|\n|t:|1695167684\n|switch|p2a: Rillaboom|Rillaboom, F|82\/100\n|-fieldstart|move: Grassy Terrain|[from] ability: Grassy Surge|[of] p2a: Rillaboom\n|move|p1a: Chien-Pao|Protect|p1a: Chien-Pao\n|-singleturn|p1a: Chien-Pao|Protect\n|move|p2b: Chien-Pao|Protect|p2b: Chien-Pao\n|-singleturn|p2b: Chien-Pao|Protect\n|move|p1b: Stakataka|Body Press|p2a: Rillaboom\n|-damage|p2a: Rillaboom|30\/100\n|\n|-heal|p2a: Rillaboom|36\/100|[from] Grassy Terrain\n|-heal|p1a: Chien-Pao|7\/100|[from] Grassy Terrain\n|upkeep\n|turn|9\n|\n|t:|1695167702\n|switch|p1b: Kyurem|Kyurem-Black|100\/100\n|-ability|p1b: Kyurem|Teravolt\n|switch|p1a: Landorus|Landorus, M|100\/100\n|move|p2a: Rillaboom|Fake Out|p1b: Kyurem\n|-damage|p1b: Kyurem|88\/100\n|move|p2b: Chien-Pao|Sacred Sword|p1b: Kyurem\n|-supereffective|p1b: Kyurem\n|-damage|p1b: Kyurem|26\/100\n|\n|-heal|p2a: Rillaboom|42\/100|[from] Grassy Terrain\n|-heal|p1b: Kyurem|32\/100|[from] Grassy Terrain\n|upkeep\n|turn|10\n|inactive|user58342485 has 120 seconds left.\n|\n|t:|1695167739\n|move|p2a: Rillaboom|U-turn|p1b: Kyurem\n|-damage|p1b: Kyurem|10\/100\n|\n|t:|1695167745\n|switch|p2a: Volcanion|Volcanion|61\/100|[from] U-turn\n|-zpower|p1b: Kyurem\n|move|p1b: Kyurem|Gigavolt Havoc|p2b: Chien-Pao|[zeffect]\n|-enditem|p2b: Chien-Pao|Focus Sash\n|-damage|p2b: Chien-Pao|1\/100\n|move|p1a: Landorus|Sludge Bomb|p2a: Volcanion\n|-damage|p2a: Volcanion|37\/100\n|-damage|p1a: Landorus|91\/100|[from] item: Life Orb\n|move|p2b: Chien-Pao|Sacred Sword|p1b: Kyurem\n|-supereffective|p1b: Kyurem\n|-crit|p1b: Kyurem\n|-damage|p1b: Kyurem|0 fnt\n|faint|p1b: Kyurem\n|\n|-heal|p2a: Volcanion|43\/100|[from] Grassy Terrain\n|-heal|p2b: Chien-Pao|7\/100|[from] Grassy Terrain\n|-fieldend|move: Trick Room\n|upkeep\n|\n|t:|1695167756\n|switch|p1b: Dragonite|Dragonite, F, tera:Normal|13\/100\n|turn|11\n|inactive|user58342485 has 120 seconds left.\n|\n|t:|1695167787\n|switch|p2a: Ogerpon|Ogerpon-Cornerstone, F|100\/100\n|move|p1b: Dragonite|Extreme Speed|p2a: Ogerpon\n|-resisted|p2a: Ogerpon\n|-damage|p2a: Ogerpon|38\/100\n|move|p2b: Chien-Pao|Sacred Sword|p1b: Dragonite\n|-supereffective|p1b: Dragonite\n|-damage|p1b: Dragonite|0 fnt\n|faint|p1b: Dragonite\n|move|p1a: Landorus|Earth Power|p2b: Chien-Pao\n|-damage|p2b: Chien-Pao|0 fnt\n|faint|p2b: Chien-Pao\n|-damage|p1a: Landorus|81\/100|[from] item: Life Orb\n|\n|-heal|p2a: Ogerpon|44\/100|[from] Grassy Terrain\n|upkeep\n|\n|t:|1695167805\n|switch|p2b: Rillaboom|Rillaboom, F|42\/100\n|switch|p1b: Stakataka|Stakataka|100\/100\n|turn|12\n|inactive|user58342485 has 120 seconds left.\n|\n|t:|1695167825\n|move|p2b: Rillaboom|Fake Out|p1b: Stakataka\n|-resisted|p1b: Stakataka\n|-damage|p1b: Stakataka|99\/100\n|move|p2a: Ogerpon|Wood Hammer|p1a: Landorus\n|-damage|p1a: Landorus|0 fnt\n|faint|p1a: Landorus\n|-damage|p2a: Ogerpon|16\/100|[from] Recoil\n|cant|p1b: Stakataka|flinch\n|\n|-heal|p2a: Ogerpon|22\/100|[from] Grassy Terrain\n|-heal|p2b: Rillaboom|48\/100|[from] Grassy Terrain\n|-heal|p1b: Stakataka|100\/100|[from] Grassy Terrain\n|-fieldend|move: Grassy Terrain\n|upkeep\n|\n|t:|1695167830\n|switch|p1a: Chien-Pao|Chien-Pao|7\/100\n|-ability|p1a: Chien-Pao|Sword of Ruin\n|turn|13\n|\n|t:|1695167848\n|move|p2a: Ogerpon|Follow Me|p2a: Ogerpon\n|-singleturn|p2a: Ogerpon|move: Follow Me\n|move|p1a: Chien-Pao|Icicle Crash|p2a: Ogerpon\n|-supereffective|p2a: Ogerpon\n|-damage|p2a: Ogerpon|0 fnt\n|faint|p2a: Ogerpon\n|move|p2b: Rillaboom|U-turn|p1a: Chien-Pao\n|-supereffective|p1a: Chien-Pao\n|-damage|p1a: Chien-Pao|0 fnt\n|faint|p1a: Chien-Pao\n|\n|t:|1695167856\n|switch|p2b: Volcanion|Volcanion|43\/100|[from] U-turn\n|move|p1b: Stakataka|Trick Room|p1b: Stakataka\n|-fieldstart|move: Trick Room|[of] p1b: Stakataka\n|\n|upkeep\n|\n|t:|1695167860\n|switch|p2a: Rillaboom|Rillaboom, F|48\/100\n|-fieldstart|move: Grassy Terrain|[from] ability: Grassy Surge|[of] p2a: Rillaboom\n|turn|14\n|\n|t:|1695167867\n|move|p2a: Rillaboom|Fake Out|p1b: Stakataka\n|-resisted|p1b: Stakataka\n|-damage|p1b: Stakataka|99\/100\n|cant|p1b: Stakataka|flinch\n|move|p2b: Volcanion|Earth Power|p1b: Stakataka\n|-supereffective|p1b: Stakataka\n|-damage|p1b: Stakataka|0 fnt\n|faint|p1b: Stakataka\n|\n|win|user58342485\n|raw|Mikel777's rating: 1382 &rarr; <strong>1370<\/strong><br \/>(-12 for losing)\n|raw|user58342485's rating: 1520 &rarr; <strong>1532<\/strong><br \/>(+12 for winning)\n|c|\u2606user58342485|gg\n|c|\u2606Mikel777|Gg\n|c|\u2606user58342485|you got discord?\n|l|\u2606Mikel777\n","uploadtime":1695167895,"views":14,"p1id":"mikel777","p2id":"user58342485","formatid":"gen9nationaldexdoubles","rating":1370,"private":0,"password":""}