{"id":"gen9nationaldexdoubles-1962553522","p1":"toffee1497","p2":"Paldea Athens 420","format":"[Gen 9] National Dex Doubles","log":"|j|\u2606toffee1497\n|j|\u203dPaldea Athens 420\n|t:|1696766979\n|gametype|doubles\n|player|p1|toffee1497|elio|1268\n|player|p2|Paldea Athens 420|fantina|1608\n|teamsize|p1|6\n|teamsize|p2|6\n|gen|9\n|tier|[Gen 9] National Dex Doubles\n|rated|\n|rule|HP Percentage Mod: HP is shown in percentages\n|rule|Endless Battle Clause: Forcing endless battles is banned\n|rule|OHKO Clause: OHKO moves are banned\n|rule|Evasion Moves Clause: Evasion moves are banned\n|rule|Evasion Abilities Clause: Evasion abilities are banned\n|rule|Species Clause: Limit one of each Pok\u00e9mon\n|rule|Gravity Sleep Clause: The combination of sleep-inducing moves with imperfect accuracy and Gravity or Gigantamax Orbeetle are banned\n|clearpoke\n|poke|p1|Ribombee, M|\n|poke|p1|Lycanroc-Dusk, M|\n|poke|p1|Feraligatr, M|\n|poke|p1|Primarina, F|\n|poke|p1|Goodra, F|\n|poke|p1|Kommo-o, F|\n|poke|p2|Kingambit, M|\n|poke|p2|Marshadow|\n|poke|p2|Charizard, M|\n|poke|p2|Ogerpon-Hearthflame, F|\n|poke|p2|Chien-Pao|\n|poke|p2|Tornadus, M|\n|teampreview\n|\n|t:|1696766996\n|start\n|switch|p1a: Ribombee|Ribombee, M|100\/100\n|switch|p1b: Feraligatr|Feraligatr, M|100\/100\n|switch|p2a: Tornadus|Tornadus, M|100\/100\n|switch|p2b: Kingambit|Kingambit, M|100\/100\n|turn|1\n|inactive|Battle timer is ON: inactive players will automatically lose when time's up. (requested by Paldea Athens 420)\n|\n|t:|1696767009\n|-terastallize|p2b: Kingambit|Water\n|move|p2a: Tornadus|Taunt|p1a: Ribombee\n|-start|p1a: Ribombee|move: Taunt\n|-enditem|p1a: Ribombee|Mental Herb\n|-end|p1a: Ribombee|move: Taunt\n|move|p1a: Ribombee|Reflect|p1a: Ribombee\n|-sidestart|p1: toffee1497|Reflect\n|move|p1b: Feraligatr|Dragon Dance|p1b: Feraligatr\n|-boost|p1b: Feraligatr|atk|1\n|-boost|p1b: Feraligatr|spe|1\n|move|p2b: Kingambit|Kowtow Cleave|p1b: Feraligatr\n|-damage|p1b: Feraligatr|71\/100\n|\n|upkeep\n|turn|2\n|\n|t:|1696767028\n|move|p2a: Tornadus|Taunt|p1b: Feraligatr\n|-start|p1b: Feraligatr|move: Taunt\n|move|p1b: Feraligatr|Ice Punch|p2a: Tornadus\n|-supereffective|p2a: Tornadus\n|-damage|p2a: Tornadus|0 fnt\n|faint|p2a: Tornadus\n|move|p1a: Ribombee|Pollen Puff|p1b: Feraligatr\n|-heal|p1b: Feraligatr|100\/100\n|move|p2b: Kingambit|Kowtow Cleave|p1b: Feraligatr\n|-damage|p1b: Feraligatr|67\/100\n|\n|upkeep\n|\n|t:|1696767045\n|switch|p2a: Charizard|Charizard, M|100\/100\n|turn|3\n|\n|t:|1696767072\n|detailschange|p2a: Charizard|Charizard-Mega-Y, M\n|-mega|p2a: Charizard|Charizard|Charizardite Y\n|-weather|SunnyDay|[from] ability: Drought|[of] p2a: Charizard\n|-terastallize|p1b: Feraligatr|Dragon\n|move|p1b: Feraligatr|Liquidation|p2a: Charizard\n|-supereffective|p2a: Charizard\n|-damage|p2a: Charizard|0 fnt\n|faint|p2a: Charizard\n|move|p1a: Ribombee|Sticky Web|p2b: Kingambit\n|-sidestart|p2: Paldea Athens 420|move: Sticky Web\n|move|p2b: Kingambit|Swords Dance|p2b: Kingambit\n|-boost|p2b: Kingambit|atk|2\n|\n|-weather|SunnyDay|[upkeep]\n|upkeep\n|\n|t:|1696767084\n|switch|p2a: Chien-Pao|Chien-Pao|100\/100\n|-activate|p2a: Chien-Pao|move: Sticky Web\n|-unboost|p2a: Chien-Pao|spe|1\n|-ability|p2a: Chien-Pao|Sword of Ruin\n|turn|4\n|\n|t:|1696767095\n|move|p1b: Feraligatr|Crunch|p2b: Kingambit\n|-damage|p2b: Kingambit|48\/100\n|move|p1a: Ribombee|Pollen Puff|p2a: Chien-Pao\n|-supereffective|p2a: Chien-Pao\n|-enditem|p2a: Chien-Pao|Focus Sash\n|-damage|p2a: Chien-Pao|1\/100\n|move|p2a: Chien-Pao|Ice Spinner|p1b: Feraligatr\n|-supereffective|p1b: Feraligatr\n|-damage|p1b: Feraligatr|0 fnt\n|faint|p1b: Feraligatr\n|move|p2b: Kingambit|Kowtow Cleave|p1a: Ribombee\n|-resisted|p1a: Ribombee\n|-crit|p1a: Ribombee\n|-damage|p1a: Ribombee|0 fnt\n|faint|p1a: Ribombee\n|\n|-weather|SunnyDay|[upkeep]\n|-heal|p2b: Kingambit|54\/100|[from] item: Leftovers\n|upkeep\n|\n|t:|1696767118\n|switch|p1a: Lycanroc|Lycanroc-Dusk, M|100\/100\n|switch|p1b: Kommo-o|Kommo-o, F|100\/100\n|turn|5\n|\n|t:|1696767132\n|move|p1a: Lycanroc|Sucker Punch|p2b: Kingambit\n|-damage|p2b: Kingambit|29\/100\n|move|p2a: Chien-Pao|Sucker Punch||[still]\n|-fail|p2a: Chien-Pao\n|-zpower|p1b: Kommo-o\n|move|p1b: Kommo-o|Clangorous Soulblaze|p2b: Kingambit|[zeffect]|[spread] p2a,p2b\n|-crit|p2b: Kingambit\n|-damage|p2a: Chien-Pao|0 fnt\n|-damage|p2b: Kingambit|0 fnt\n|faint|p2a: Chien-Pao\n|faint|p2b: Kingambit\n|-boost|p1b: Kommo-o|atk|1\n|-boost|p1b: Kommo-o|def|1\n|-boost|p1b: Kommo-o|spa|1\n|-boost|p1b: Kommo-o|spd|1\n|-boost|p1b: Kommo-o|spe|1\n|\n|-weather|SunnyDay|[upkeep]\n|-sideend|p1: toffee1497|Reflect\n|upkeep\n|\n|t:|1696767142\n|switch|p2a: Ogerpon|Ogerpon-Hearthflame, F|100\/100\n|switch|p2b: Marshadow|Marshadow|100\/100\n|-activate|p2a: Ogerpon|move: Sticky Web\n|-unboost|p2a: Ogerpon|spe|1\n|-ability|p2a: Ogerpon|Mold Breaker\n|-activate|p2b: Marshadow|move: Sticky Web\n|-unboost|p2b: Marshadow|spe|1\n|turn|6\n|\n|t:|1696767153\n|switch|p1b: Goodra|Goodra, F|100\/100\n|move|p2a: Ogerpon|Spiky Shield|p2a: Ogerpon\n|-singleturn|p2a: Ogerpon|move: Protect\n|move|p1a: Lycanroc|Psychic Fangs|p2b: Marshadow\n|-supereffective|p2b: Marshadow\n|-damage|p2b: Marshadow|14\/100\n|move|p2b: Marshadow|Spectral Thief|p1b: Goodra\n|-damage|p1b: Goodra|30\/100\n|\n|-weather|SunnyDay|[upkeep]\n|upkeep\n|turn|7\n|\n|t:|1696767169\n|move|p2b: Marshadow|Protect|p2b: Marshadow\n|-singleturn|p2b: Marshadow|Protect\n|move|p1a: Lycanroc|Sucker Punch||[still]\n|-fail|p1a: Lycanroc\n|move|p2a: Ogerpon|Horn Leech|p1a: Lycanroc\n|-supereffective|p1a: Lycanroc\n|-enditem|p1a: Lycanroc|Focus Sash\n|-damage|p1a: Lycanroc|1\/100\n|move|p1b: Goodra|Sludge Bomb|p2a: Ogerpon\n|-supereffective|p2a: Ogerpon\n|-damage|p2a: Ogerpon|28\/100\n|-status|p2a: Ogerpon|psn\n|\n|-weather|none\n|-damage|p2a: Ogerpon|16\/100 psn|[from] psn\n|upkeep\n|turn|8\n|\n|t:|1696767184\n|move|p1a: Lycanroc|Accelerock|p2a: Ogerpon\n|-supereffective|p2a: Ogerpon\n|-damage|p2a: Ogerpon|0 fnt\n|faint|p2a: Ogerpon\n|move|p2b: Marshadow|Shadow Sneak|p1a: Lycanroc\n|-damage|p1a: Lycanroc|0 fnt\n|faint|p1a: Lycanroc\n|move|p1b: Goodra|Thunderbolt|p2b: Marshadow\n|-damage|p2b: Marshadow|0 fnt\n|faint|p2b: Marshadow\n|\n|win|toffee1497\n|raw|toffee1497's rating: 1268 &rarr; <strong>1312<\/strong><br \/>(+44 for winning)\n|raw|Paldea Athens 420's rating: 1608 &rarr; <strong>1573<\/strong><br \/>(-35 for losing)\n|l|\u203dPaldea Athens 420\n","uploadtime":1696767201,"views":17,"p1id":"toffee1497","p2id":"paldeaathens420","formatid":"gen9nationaldexdoubles","rating":1312,"private":0,"password":""}