{"id":"gen9nationaldexdoubles-1992339450","p1":"Vican259","p2":"thatsrealnito2","format":"[Gen 9] National Dex Doubles","log":"|j|\u2606Vican259\n|j|\u2606thatsrealnito2\n|t:|1700176347\n|gametype|doubles\n|player|p1|Vican259|bellelba|\n|player|p2|thatsrealnito2|iris-gen5bw2|\n|teamsize|p1|6\n|teamsize|p2|6\n|gen|9\n|tier|[Gen 9] National Dex Doubles\n|rule|HP Percentage Mod: HP is shown in percentages\n|rule|Endless Battle Clause: Forcing endless battles is banned\n|rule|OHKO Clause: OHKO moves are banned\n|rule|Evasion Moves Clause: Evasion moves are banned\n|rule|Evasion Abilities Clause: Evasion abilities are banned\n|rule|Species Clause: Limit one of each Pok\u00e9mon\n|rule|Gravity Sleep Clause: The combination of sleep-inducing moves with imperfect accuracy and Gravity or Gigantamax Orbeetle are banned\n|clearpoke\n|poke|p1|Stakataka|\n|poke|p1|Araquanid, F|\n|poke|p1|Buzzwole|\n|poke|p1|Guzzlord|\n|poke|p1|Blacephalon|\n|poke|p1|Celesteela|\n|poke|p2|Reuniclus, M|\n|poke|p2|Krookodile, F|\n|poke|p2|Audino, M|\n|poke|p2|Whimsicott, F|\n|poke|p2|Jellicent, F|\n|poke|p2|Chandelure, M|\n|teampreview\n|\n|t:|1700176366\n|start\n|switch|p1a: Stakataka|Stakataka|100\/100\n|switch|p1b: Guzzlord|Guzzlord|100\/100\n|switch|p2a: The Lark|Whimsicott, F, shiny|100\/100\n|switch|p2b: Mr Pringles|Jellicent, F|100\/100\n|turn|1\n|\n|t:|1700176393\n|move|p2a: The Lark|Tailwind|p2a: The Lark\n|-sidestart|p2: thatsrealnito2|move: Tailwind\n|move|p2b: Mr Pringles|Will-O-Wisp|p1b: Guzzlord\n|-status|p1b: Guzzlord|brn\n|move|p1b: Guzzlord|Fire Blast|p2a: The Lark\n|-supereffective|p2a: The Lark\n|-enditem|p2a: The Lark|Focus Sash\n|-damage|p2a: The Lark|1\/100\n|move|p1a: Stakataka|Trick Room|p1a: Stakataka\n|-fieldstart|move: Trick Room|[of] p1a: Stakataka\n|\n|-damage|p1b: Guzzlord|94\/100 brn|[from] brn\n|upkeep\n|turn|2\n|\n|t:|1700176421\n|move|p2a: The Lark|Protect|p2a: The Lark\n|-singleturn|p2a: The Lark|Protect\n|move|p1a: Stakataka|Gyro Ball|p2a: The Lark\n|-activate|p2a: The Lark|move: Protect\n|move|p1b: Guzzlord|Knock Off|p2b: Mr Pringles\n|-supereffective|p2b: Mr Pringles\n|-enditem|p2b: Mr Pringles|Colbur Berry|[eat]\n|-enditem|p2b: Mr Pringles|Colbur Berry|[weaken]\n|-damage|p2b: Mr Pringles|89\/100\n|-start|p1b: Guzzlord|Disable|Knock Off|[from] ability: Cursed Body|[of] p2b: Mr Pringles\n|move|p2b: Mr Pringles|Hex|p1b: Guzzlord\n|-resisted|p1b: Guzzlord\n|-damage|p1b: Guzzlord|77\/100 brn\n|\n|-damage|p1b: Guzzlord|71\/100 brn|[from] brn\n|upkeep\n|turn|3\n|\n|t:|1700176448\n|switch|p1b: Araquanid|Araquanid, F|100\/100\n|move|p1a: Stakataka|Gyro Ball|p2a: The Lark\n|-supereffective|p2a: The Lark\n|-damage|p2a: The Lark|0 fnt\n|faint|p2a: The Lark\n|-ability|p1a: Stakataka|Beast Boost|boost\n|-boost|p1a: Stakataka|def|1\n|move|p2b: Mr Pringles|Hex|p1b: Araquanid\n|-damage|p1b: Araquanid|85\/100\n|\n|upkeep\n|\n|t:|1700176465\n|switch|p2a: Cleric|Audino, M, shiny|100\/100\n|turn|4\n|\n|t:|1700176490\n|detailschange|p2a: Cleric|Audino-Mega, M, shiny\n|-mega|p2a: Cleric|Audino|Audinite\n|move|p1a: Stakataka|Body Press|p2a: Cleric\n|-damage|p2a: Cleric|61\/100\n|move|p1b: Araquanid|Sticky Web|p2b: Mr Pringles\n|-sidestart|p2: thatsrealnito2|move: Sticky Web\n|move|p2a: Cleric|Knock Off|p1a: Stakataka\n|-damage|p1a: Stakataka|95\/100\n|-enditem|p1a: Stakataka|Leftovers|[from] move: Knock Off|[of] p2a: Cleric\n|move|p2b: Mr Pringles|Will-O-Wisp|p1a: Stakataka|[miss]\n|-miss|p2b: Mr Pringles|p1a: Stakataka\n|\n|-sideend|p2: thatsrealnito2|move: Tailwind\n|upkeep\n|turn|5\n|\n|t:|1700176519\n|move|p1a: Stakataka|Gyro Ball|p2a: Cleric\n|-supereffective|p2a: Cleric\n|-damage|p2a: Cleric|0 fnt\n|faint|p2a: Cleric\n|-ability|p1a: Stakataka|Beast Boost|boost\n|-boost|p1a: Stakataka|def|1\n|move|p1b: Araquanid|Liquidation|p2b: Mr Pringles\n|-resisted|p2b: Mr Pringles\n|-damage|p2b: Mr Pringles|65\/100\n|move|p2b: Mr Pringles|Hex|p1a: Stakataka\n|-damage|p1a: Stakataka|79\/100\n|\n|-fieldend|move: Trick Room\n|upkeep\n|\n|t:|1700176531\n|switch|p2a: Sunglasses|Krookodile, F|100\/100\n|-activate|p2a: Sunglasses|move: Sticky Web\n|-unboost|p2a: Sunglasses|spe|1\n|-ability|p2a: Sunglasses|Intimidate|boost\n|-unboost|p1a: Stakataka|atk|1\n|-unboost|p1b: Araquanid|atk|1\n|turn|6\n|\n|t:|1700176549\n|-terastallize|p2a: Sunglasses|Fighting\n|move|p2a: Sunglasses|Stealth Rock|p1b: Araquanid\n|-sidestart|p1: Vican259|move: Stealth Rock\n|move|p2b: Mr Pringles|Will-O-Wisp|p1a: Stakataka|[miss]\n|-miss|p2b: Mr Pringles|p1a: Stakataka\n|move|p1b: Araquanid|Liquidation|p2a: Sunglasses\n|-damage|p2a: Sunglasses|63\/100\n|move|p1a: Stakataka|Gyro Ball|p2b: Mr Pringles\n|-resisted|p2b: Mr Pringles\n|-damage|p2b: Mr Pringles|50\/100\n|\n|-heal|p2a: Sunglasses|69\/100|[from] item: Leftovers\n|upkeep\n|turn|7\n|\n|t:|1700176613\n|switch|p1b: Blacephalon|Blacephalon|100\/100\n|-damage|p1b: Blacephalon|76\/100|[from] Stealth Rock\n|-terastallize|p1a: Stakataka|Flying\n|move|p2a: Sunglasses|Knock Off|p1a: Stakataka\n|-damage|p1a: Stakataka|71\/100\n|move|p2b: Mr Pringles|Will-O-Wisp|p1a: Stakataka\n|-status|p1a: Stakataka|brn\n|move|p1a: Stakataka|Toxic|p2a: Sunglasses|[miss]\n|-miss|p1a: Stakataka|p2a: Sunglasses\n|\n|-heal|p2a: Sunglasses|75\/100|[from] item: Leftovers\n|-damage|p1a: Stakataka|65\/100 brn|[from] brn\n|upkeep\n|turn|8\n|\n|t:|1700176649\n|switch|p1a: Celesteela|Celesteela|100\/100\n|-damage|p1a: Celesteela|88\/100|[from] Stealth Rock\n|move|p1b: Blacephalon|Fire Blast|p2b: Mr Pringles\n|-resisted|p2b: Mr Pringles\n|-damage|p2b: Mr Pringles|11\/100\n|move|p2a: Sunglasses|Knock Off|p1b: Blacephalon\n|-supereffective|p1b: Blacephalon\n|-damage|p1b: Blacephalon|0 fnt\n|-enditem|p1b: Blacephalon|Choice Specs|[from] move: Knock Off|[of] p2a: Sunglasses\n|faint|p1b: Blacephalon\n|move|p2b: Mr Pringles|Hex|p1a: Celesteela\n|-damage|p1a: Celesteela|75\/100\n|\n|-heal|p2a: Sunglasses|81\/100|[from] item: Leftovers\n|-heal|p1a: Celesteela|81\/100|[from] item: Leftovers\n|upkeep\n|\n|t:|1700176675\n|switch|p1b: Buzzwole|Buzzwole|100\/100\n|-damage|p1b: Buzzwole|88\/100|[from] Stealth Rock\n|turn|9\n|\n|t:|1700176701\n|move|p2a: Sunglasses|Taunt|p1b: Buzzwole\n|-start|p1b: Buzzwole|move: Taunt\n|move|p1b: Buzzwole|Earthquake|p2b: Mr Pringles|[spread] p2a,p2b\n|-immune|p1a: Celesteela\n|-damage|p2a: Sunglasses|60\/100\n|-damage|p2b: Mr Pringles|0 fnt\n|-start|p1b: Buzzwole|Disable|Earthquake|[from] ability: Cursed Body|[of] p2b: Mr Pringles\n|faint|p2b: Mr Pringles\n|-ability|p1b: Buzzwole|Beast Boost|boost\n|-boost|p1b: Buzzwole|def|1\n|move|p1a: Celesteela|Leech Seed|p2a: Sunglasses\n|-start|p2a: Sunglasses|move: Leech Seed\n|\n|-heal|p2a: Sunglasses|66\/100|[from] item: Leftovers\n|-heal|p1b: Buzzwole|94\/100|[from] item: Leftovers\n|-heal|p1a: Celesteela|87\/100|[from] item: Leftovers\n|-damage|p2a: Sunglasses|53\/100|[from] Leech Seed|[of] p1a: Celesteela\n|-heal|p1a: Celesteela|98\/100|[silent]\n|upkeep\n|\n|t:|1700176718\n|switch|p2b: Spooky lamp|Chandelure, M|100\/100\n|-activate|p2b: Spooky lamp|move: Sticky Web\n|-unboost|p2b: Spooky lamp|spe|1\n|turn|10\n|\n|t:|1700176734\n|move|p2a: Sunglasses|Knock Off|p1b: Buzzwole\n|-resisted|p1b: Buzzwole\n|-damage|p1b: Buzzwole|89\/100\n|-enditem|p1b: Buzzwole|Leftovers|[from] move: Knock Off|[of] p2a: Sunglasses\n|move|p1b: Buzzwole|Hammer Arm|p2a: Sunglasses\n|-damage|p2a: Sunglasses|12\/100\n|-unboost|p1b: Buzzwole|spe|1\n|move|p2b: Spooky lamp|Flamethrower|p1a: Celesteela\n|-supereffective|p1a: Celesteela\n|-damage|p1a: Celesteela|33\/100\n|move|p1a: Celesteela|Leech Seed|p2b: Spooky lamp|[miss]\n|-miss|p1a: Celesteela|p2b: Spooky lamp\n|\n|-heal|p2a: Sunglasses|18\/100|[from] item: Leftovers\n|-heal|p1a: Celesteela|39\/100|[from] item: Leftovers\n|-damage|p2a: Sunglasses|6\/100|[from] Leech Seed|[of] p1a: Celesteela\n|-heal|p1a: Celesteela|50\/100|[silent]\n|upkeep\n|turn|11\n|\n|t:|1700176759\n|move|p1a: Celesteela|Protect|p1a: Celesteela\n|-singleturn|p1a: Celesteela|Protect\n|move|p2a: Sunglasses|Taunt||[still]\n|-fail|p2a: Sunglasses\n|move|p2b: Spooky lamp|Flamethrower|p1a: Celesteela\n|-activate|p1a: Celesteela|move: Protect\n|move|p1b: Buzzwole|Hammer Arm|p2a: Sunglasses\n|-damage|p2a: Sunglasses|0 fnt\n|-unboost|p1b: Buzzwole|spe|1\n|faint|p2a: Sunglasses\n|-ability|p1b: Buzzwole|Beast Boost|boost\n|-boost|p1b: Buzzwole|def|1\n|\n|-heal|p1a: Celesteela|56\/100|[from] item: Leftovers\n|-end|p1b: Buzzwole|move: Taunt\n|upkeep\n|\n|t:|1700176774\n|switch|p2a: MEME'S|Reuniclus, M|100\/100\n|-activate|p2a: MEME'S|move: Sticky Web\n|-unboost|p2a: MEME'S|spe|1\n|turn|12\n|\n|t:|1700176794\n|move|p2b: Spooky lamp|Flamethrower|p1a: Celesteela\n|-supereffective|p1a: Celesteela\n|-damage|p1a: Celesteela|0 fnt\n|faint|p1a: Celesteela\n|move|p1b: Buzzwole|Toxic|p2b: Spooky lamp\n|-status|p2b: Spooky lamp|tox\n|move|p2a: MEME'S|Calm Mind|p2a: MEME'S\n|-boost|p2a: MEME'S|spa|1\n|-boost|p2a: MEME'S|spd|1\n|\n|-damage|p2b: Spooky lamp|94\/100 tox|[from] psn\n|-end|p1b: Buzzwole|Disable\n|upkeep\n|\n|t:|1700176809\n|switch|p1a: Guzzlord|Guzzlord|71\/100 brn\n|-damage|p1a: Guzzlord|58\/100 brn|[from] Stealth Rock\n|turn|13\n|\n|t:|1700176842\n|switch|p1b: Araquanid|Araquanid, F|85\/100\n|-damage|p1b: Araquanid|60\/100|[from] Stealth Rock\n|move|p2b: Spooky lamp|Shadow Ball|p1b: Araquanid\n|-damage|p1b: Araquanid|22\/100\n|-enditem|p1b: Araquanid|Figy Berry|[eat]\n|-heal|p1b: Araquanid|56\/100|[from] item: Figy Berry\n|-zpower|p1a: Guzzlord\n|move|p1a: Guzzlord|Devastating Drake|p2a: MEME'S|[zeffect]\n|-damage|p2a: MEME'S|44\/100\n|move|p2a: MEME'S|Psyshock|p1b: Araquanid\n|-damage|p1b: Araquanid|7\/100\n|\n|-heal|p2b: Spooky lamp|100\/100 tox|[from] item: Leftovers\n|-damage|p2b: Spooky lamp|88\/100 tox|[from] psn\n|-damage|p1a: Guzzlord|52\/100 brn|[from] brn\n|upkeep\n|turn|14\n|\n|t:|1700176875\n|move|p2b: Spooky lamp|Shadow Ball|p1b: Araquanid\n|-damage|p1b: Araquanid|0 fnt\n|faint|p1b: Araquanid\n|move|p1a: Guzzlord|Fire Blast|p2a: MEME'S\n|-damage|p2a: MEME'S|22\/100\n|move|p2a: MEME'S|Recover|p2a: MEME'S\n|-heal|p2a: MEME'S|72\/100\n|\n|-heal|p2b: Spooky lamp|94\/100 tox|[from] item: Leftovers\n|-damage|p2b: Spooky lamp|76\/100 tox|[from] psn\n|-damage|p1a: Guzzlord|46\/100 brn|[from] brn\n|upkeep\n|\n|t:|1700176891\n|switch|p1b: Stakataka|Stakataka, tera:Flying|65\/100 brn\n|-damage|p1b: Stakataka|40\/100 brn|[from] Stealth Rock\n|turn|15\n|\n|t:|1700176907\n|move|p2b: Spooky lamp|Flamethrower|p1a: Guzzlord\n|-resisted|p1a: Guzzlord\n|-damage|p1a: Guzzlord|20\/100 brn\n|move|p1a: Guzzlord|Heavy Slam|p2a: MEME'S\n|-damage|p2a: MEME'S|63\/100\n|-damage|p1a: Guzzlord|3\/100 brn|[from] item: Rocky Helmet|[of] p2a: MEME'S\n|move|p2a: MEME'S|Psyshock|p1b: Stakataka\n|-damage|p1b: Stakataka|12\/100 brn\n|move|p1b: Stakataka|Gyro Ball|p2a: MEME'S\n|-damage|p2a: MEME'S|55\/100\n|-damage|p1b: Stakataka|0 fnt|[from] item: Rocky Helmet|[of] p2a: MEME'S\n|faint|p1b: Stakataka\n|\n|-heal|p2b: Spooky lamp|82\/100 tox|[from] item: Leftovers\n|-damage|p2b: Spooky lamp|58\/100 tox|[from] psn\n|-damage|p1a: Guzzlord|0 fnt|[from] brn\n|faint|p1a: Guzzlord\n|upkeep\n|\n|t:|1700176927\n|switch|p1a: Buzzwole|Buzzwole|89\/100\n|-damage|p1a: Buzzwole|76\/100|[from] Stealth Rock\n|turn|16\n|\n|t:|1700176938\n|move|p1a: Buzzwole|Earthquake|p2b: Spooky lamp|[spread] p2a,p2b\n|-supereffective|p2b: Spooky lamp\n|-damage|p2a: MEME'S|38\/100\n|-damage|p2b: Spooky lamp|0 fnt\n|faint|p2b: Spooky lamp\n|-ability|p1a: Buzzwole|Beast Boost|boost\n|-boost|p1a: Buzzwole|def|1\n|move|p2a: MEME'S|Psyshock|p1a: Buzzwole\n|-supereffective|p1a: Buzzwole\n|-damage|p1a: Buzzwole|46\/100\n|\n|upkeep\n|turn|17\n|\n|t:|1700176951\n|move|p1a: Buzzwole|Toxic|p2a: MEME'S\n|-status|p2a: MEME'S|tox\n|move|p2a: MEME'S|Psyshock|p1a: Buzzwole\n|-supereffective|p1a: Buzzwole\n|-damage|p1a: Buzzwole|11\/100\n|\n|upkeep\n|turn|18\n|\n|t:|1700176958\n|move|p1a: Buzzwole|Roost|p1a: Buzzwole\n|-heal|p1a: Buzzwole|61\/100\n|-singleturn|p1a: Buzzwole|move: Roost\n|move|p2a: MEME'S|Psyshock|p1a: Buzzwole\n|-supereffective|p1a: Buzzwole\n|-damage|p1a: Buzzwole|30\/100\n|\n|upkeep\n|turn|19\n|\n|t:|1700176975\n|move|p1a: Buzzwole|Roost|p1a: Buzzwole\n|-heal|p1a: Buzzwole|80\/100\n|-singleturn|p1a: Buzzwole|move: Roost\n|move|p2a: MEME'S|Psyshock|p1a: Buzzwole\n|-supereffective|p1a: Buzzwole\n|-damage|p1a: Buzzwole|48\/100\n|\n|upkeep\n|turn|20\n|\n|t:|1700176981\n|move|p1a: Buzzwole|Roost|p1a: Buzzwole\n|-heal|p1a: Buzzwole|98\/100\n|-singleturn|p1a: Buzzwole|move: Roost\n|move|p2a: MEME'S|Psyshock|p1a: Buzzwole\n|-supereffective|p1a: Buzzwole\n|-damage|p1a: Buzzwole|63\/100\n|\n|upkeep\n|turn|21\n|\n|t:|1700176989\n|move|p1a: Buzzwole|Earthquake|p2a: MEME'S\n|-damage|p2a: MEME'S|17\/100 tox\n|move|p2a: MEME'S|Psyshock|p1a: Buzzwole\n|-supereffective|p1a: Buzzwole\n|-damage|p1a: Buzzwole|32\/100\n|\n|upkeep\n|turn|22\n|\n|t:|1700176996\n|move|p1a: Buzzwole|Earthquake|p2a: MEME'S\n|-damage|p2a: MEME'S|0 fnt\n|faint|p2a: MEME'S\n|\n|win|Vican259\n","uploadtime":1700177004,"views":8,"p1id":"vican259","p2id":"thatsrealnito2","formatid":"gen9nationaldexdoubles","rating":0,"private":0,"password":""}