{"id":"gen9nationaldexdoubles-1971816339","p1":"Brick_Enjoyer_144","p2":"gabrj265","format":"[Gen 9] National Dex Doubles","log":"|j|\u2606Brick_Enjoyer_144\n|j|\u2606gabrj265\n|t:|1697775991\n|gametype|doubles\n|player|p1|Brick_Enjoyer_144|shauntal|1067\n|player|p2|gabrj265|red|1098\n|teamsize|p1|6\n|teamsize|p2|6\n|gen|9\n|tier|[Gen 9] National Dex Doubles\n|rated|\n|rule|HP Percentage Mod: HP is shown in percentages\n|rule|Endless Battle Clause: Forcing endless battles is banned\n|rule|OHKO Clause: OHKO moves are banned\n|rule|Evasion Moves Clause: Evasion moves are banned\n|rule|Evasion Abilities Clause: Evasion abilities are banned\n|rule|Species Clause: Limit one of each Pok\u00e9mon\n|rule|Gravity Sleep Clause: The combination of sleep-inducing moves with imperfect accuracy and Gravity or Gigantamax Orbeetle are banned\n|clearpoke\n|poke|p1|Espeon, F|\n|poke|p1|Gallade, M|\n|poke|p1|Illumise, F|\n|poke|p1|Urshifu-*, F|\n|poke|p1|Ogerpon-Hearthflame, F|\n|poke|p1|Heatran, M|\n|poke|p2|Palossand, M|\n|poke|p2|Hippowdon, F|\n|poke|p2|Grimmsnarl, M|\n|poke|p2|Lumineon, M|\n|poke|p2|Vikavolt, M|\n|poke|p2|Chansey, F|\n|teampreview\n|inactive|Battle timer is ON: inactive players will automatically lose when time's up. (requested by Brick_Enjoyer_144)\n|inactive|gabrj265 has 120 seconds left.\n|\n|t:|1697776026\n|start\n|switch|p1a: Illumise|Illumise, F|100\/100\n|switch|p1b: Heatran|Heatran, M|100\/100\n|switch|p2a: Vikavolt|Vikavolt, M|100\/100\n|switch|p2b: Chansey|Chansey, F|100\/100\n|turn|1\n|\n|t:|1697776042\n|move|p1a: Illumise|Trick|p2b: Chansey\n|-activate|p1a: Illumise|move: Trick|[of] p2b: Chansey\n|-item|p2b: Chansey|Black Sludge|[from] move: Trick\n|-item|p1a: Illumise|Eviolite|[from] move: Trick\n|move|p1b: Heatran|Stealth Rock|p2a: Vikavolt\n|-sidestart|p2: gabrj265|move: Stealth Rock\n|move|p2b: Chansey|Stealth Rock|p1b: Heatran\n|-sidestart|p1: Brick_Enjoyer_144|move: Stealth Rock\n|move|p2a: Vikavolt|Sticky Web|p1a: Illumise\n|-sidestart|p1: Brick_Enjoyer_144|move: Sticky Web\n|\n|-damage|p2b: Chansey|88\/100|[from] item: Black Sludge\n|upkeep\n|turn|2\n|\n|t:|1697776068\n|move|p1a: Illumise|Defog|p2b: Chansey\n|-unboost|p2b: Chansey|evasion|1\n|-sideend|p2: gabrj265|Stealth Rock|[from] move: Defog|[of] p1a: Illumise\n|-sideend|p1: Brick_Enjoyer_144|Stealth Rock|[from] move: Defog|[of] p1a: Illumise\n|-sideend|p1: Brick_Enjoyer_144|Sticky Web|[from] move: Defog|[of] p1a: Illumise\n|move|p1b: Heatran|Magma Storm|p2b: Chansey\n|-damage|p2b: Chansey|68\/100\n|-activate|p2b: Chansey|move: Magma Storm|[of] p1b: Heatran\n|move|p2b: Chansey|Seismic Toss|p1b: Heatran\n|-damage|p1b: Heatran|75\/100\n|move|p2a: Vikavolt|Air Slash|p1a: Illumise\n|-supereffective|p1a: Illumise\n|-damage|p1a: Illumise|31\/100\n|\n|-heal|p1b: Heatran|81\/100|[from] item: Leftovers\n|-damage|p2b: Chansey|56\/100|[from] item: Black Sludge\n|-damage|p2b: Chansey|43\/100|[from] move: Magma Storm|[partiallytrapped]\n|upkeep\n|turn|3\n|\n|t:|1697776092\n|move|p1a: Illumise|Seismic Toss|p2b: Chansey\n|-damage|p2b: Chansey|29\/100\n|move|p1b: Heatran|Magma Storm|p2a: Vikavolt\n|-supereffective|p2a: Vikavolt\n|-damage|p2a: Vikavolt|0 fnt\n|faint|p2a: Vikavolt\n|move|p2b: Chansey|Life Dew|p2b: Chansey\n|-heal|p2b: Chansey|54\/100\n|\n|-heal|p1b: Heatran|87\/100|[from] item: Leftovers\n|-damage|p2b: Chansey|42\/100|[from] item: Black Sludge\n|-damage|p2b: Chansey|29\/100|[from] move: Magma Storm|[partiallytrapped]\n|upkeep\n|\n|t:|1697776106\n|switch|p2a: Grimmsnarl|Grimmsnarl, M|100\/100\n|turn|4\n|\n|t:|1697776120\n|move|p1b: Heatran|Protect|p1b: Heatran\n|-singleturn|p1b: Heatran|Protect\n|move|p2a: Grimmsnarl|Taunt|p1b: Heatran\n|-activate|p1b: Heatran|move: Protect\n|move|p1a: Illumise|Seismic Toss|p2b: Chansey\n|-damage|p2b: Chansey|15\/100\n|move|p2b: Chansey|Stealth Rock|p1b: Heatran\n|-sidestart|p1: Brick_Enjoyer_144|move: Stealth Rock\n|\n|-heal|p1b: Heatran|93\/100|[from] item: Leftovers\n|-damage|p2b: Chansey|3\/100|[from] item: Black Sludge\n|-damage|p2b: Chansey|0 fnt|[from] move: Magma Storm|[partiallytrapped]\n|faint|p2b: Chansey\n|upkeep\n|\n|t:|1697776138\n|switch|p2b: Lumineon|Lumineon, M|100\/100\n|turn|5\n|\n|t:|1697776154\n|move|p1a: Illumise|Defog|p2b: Lumineon\n|-unboost|p2b: Lumineon|evasion|1\n|-sideend|p1: Brick_Enjoyer_144|Stealth Rock|[from] move: Defog|[of] p1a: Illumise\n|move|p2a: Grimmsnarl|Taunt|p1a: Illumise\n|-start|p1a: Illumise|move: Taunt\n|move|p2b: Lumineon|Chilling Water|p1b: Heatran\n|-supereffective|p1b: Heatran\n|-damage|p1b: Heatran|71\/100\n|-unboost|p1b: Heatran|atk|1\n|move|p1b: Heatran|Magma Storm|p2a: Grimmsnarl\n|-damage|p2a: Grimmsnarl|68\/100\n|-activate|p2a: Grimmsnarl|move: Magma Storm|[of] p1b: Heatran\n|\n|-heal|p1b: Heatran|78\/100|[from] item: Leftovers\n|-damage|p2a: Grimmsnarl|56\/100|[from] move: Magma Storm|[partiallytrapped]\n|upkeep\n|turn|6\n|\n|t:|1697776172\n|move|p1b: Heatran|Protect|p1b: Heatran\n|-singleturn|p1b: Heatran|Protect\n|move|p2a: Grimmsnarl|Taunt|p1b: Heatran\n|-activate|p1b: Heatran|move: Protect\n|move|p2b: Lumineon|Tailwind|p2b: Lumineon\n|-sidestart|p2: gabrj265|move: Tailwind\n|move|p1a: Illumise|Seismic Toss|p2b: Lumineon\n|-damage|p2b: Lumineon|65\/100\n|\n|-heal|p1b: Heatran|84\/100|[from] item: Leftovers\n|-damage|p2a: Grimmsnarl|43\/100|[from] move: Magma Storm|[partiallytrapped]\n|upkeep\n|turn|7\n|\n|t:|1697776192\n|switch|p2b: Hippowdon|Hippowdon, F|100\/100\n|-weather|Sandstorm|[from] ability: Sand Stream|[of] p2b: Hippowdon\n|move|p2a: Grimmsnarl|Taunt|p1b: Heatran\n|-start|p1b: Heatran|move: Taunt\n|move|p1a: Illumise|Seismic Toss|p2a: Grimmsnarl\n|-damage|p2a: Grimmsnarl|18\/100\n|move|p1b: Heatran|Magma Storm|p2b: Hippowdon\n|-damage|p2b: Hippowdon|58\/100\n|-activate|p2b: Hippowdon|move: Magma Storm|[of] p1b: Heatran\n|\n|-weather|Sandstorm|[upkeep]\n|-damage|p2a: Grimmsnarl|12\/100|[from] Sandstorm\n|-damage|p1a: Illumise|25\/100|[from] Sandstorm\n|-heal|p2b: Hippowdon|64\/100|[from] item: Leftovers\n|-heal|p1b: Heatran|90\/100|[from] item: Leftovers\n|-damage|p2a: Grimmsnarl|0 fnt|[from] move: Magma Storm|[partiallytrapped]\n|faint|p2a: Grimmsnarl\n|-damage|p2b: Hippowdon|51\/100|[from] move: Magma Storm|[partiallytrapped]\n|upkeep\n|inactive|gabrj265 has 120 seconds left.\n|\n|t:|1697776220\n|switch|p2a: Lumineon|Lumineon, M|65\/100\n|turn|8\n|\n|t:|1697776231\n|move|p2a: Lumineon|Chilling Water|p1a: Illumise\n|-damage|p1a: Illumise|3\/100\n|-unboost|p1a: Illumise|atk|1\n|move|p1a: Illumise|Seismic Toss|p2b: Hippowdon\n|-damage|p2b: Hippowdon|28\/100\n|move|p2b: Hippowdon|Slack Off|p2b: Hippowdon\n|-heal|p2b: Hippowdon|78\/100\n|move|p1b: Heatran|Magma Storm|p2a: Lumineon\n|-resisted|p2a: Lumineon\n|-damage|p2a: Lumineon|36\/100\n|-activate|p2a: Lumineon|move: Magma Storm|[of] p1b: Heatran\n|\n|-weather|Sandstorm|[upkeep]\n|-damage|p1a: Illumise|0 fnt|[from] Sandstorm\n|faint|p1a: Illumise\n|-heal|p2b: Hippowdon|84\/100|[from] item: Leftovers\n|-heal|p1b: Heatran|96\/100|[from] item: Leftovers\n|-damage|p2a: Lumineon|24\/100|[from] move: Magma Storm|[partiallytrapped]\n|-damage|p2b: Hippowdon|71\/100|[from] move: Magma Storm|[partiallytrapped]\n|upkeep\n|\n|t:|1697776249\n|switch|p1a: Espeon|Espeon, F|100\/100\n|turn|9\n|inactive|gabrj265 has 120 seconds left.\n|\n|t:|1697776279\n|move|p2a: Lumineon|Chilling Water|p1b: Heatran\n|-supereffective|p1b: Heatran\n|-damage|p1b: Heatran|76\/100\n|-unboost|p1b: Heatran|atk|1\n|move|p1a: Espeon|Psychic|p2b: Hippowdon\n|-damage|p2b: Hippowdon|0 fnt\n|faint|p2b: Hippowdon\n|move|p1b: Heatran|Magma Storm|p2a: Lumineon\n|-resisted|p2a: Lumineon\n|-damage|p2a: Lumineon|0 fnt\n|faint|p2a: Lumineon\n|\n|-weather|Sandstorm|[upkeep]\n|-damage|p1a: Espeon|95\/100|[from] Sandstorm\n|-heal|p1b: Heatran|82\/100|[from] item: Leftovers\n|-end|p1b: Heatran|move: Taunt\n|-sideend|p2: gabrj265|move: Tailwind\n|upkeep\n|inactive|gabrj265 has 120 seconds left.\n|\n|t:|1697776295\n|switch|p2b: Palossand|Palossand, M|100\/100\n|turn|10\n|\n|t:|1697776304\n|move|p1a: Espeon|Psychic|p2b: Palossand\n|-damage|p2b: Palossand|23\/100\n|move|p1b: Heatran|Magma Storm|p2b: Palossand\n|-damage|p2b: Palossand|0 fnt\n|faint|p2b: Palossand\n|\n|win|Brick_Enjoyer_144\n|raw|Brick_Enjoyer_144's rating: 1067 &rarr; <strong>1100<\/strong><br \/>(+33 for winning)\n|raw|gabrj265's rating: 1098 &rarr; <strong>1071<\/strong><br \/>(-27 for losing)\n|l|\u2606gabrj265\n","uploadtime":1697776315,"views":8,"p1id":"brickenjoyer144","p2id":"gabrj265","formatid":"gen9nationaldexdoubles","rating":1071,"private":0,"password":""}