{"id":"gen9nationaldexdoubles-1999272623","p1":"Zsimplyexists","p2":"Aceofhearts13","format":"[Gen 9] National Dex Doubles","log":"|j|\u2606Zsimplyexists\n|j|\u2606Aceofhearts13\n|t:|1701053487\n|gametype|doubles\n|player|p1|Zsimplyexists|clay|1002\n|player|p2|Aceofhearts13|pokemonranger-gen4|1055\n|teamsize|p1|6\n|teamsize|p2|6\n|gen|9\n|tier|[Gen 9] National Dex Doubles\n|rated|\n|rule|HP Percentage Mod: HP is shown in percentages\n|rule|Endless Battle Clause: Forcing endless battles is banned\n|rule|OHKO Clause: OHKO moves are banned\n|rule|Evasion Moves Clause: Evasion moves are banned\n|rule|Evasion Abilities Clause: Evasion abilities are banned\n|rule|Species Clause: Limit one of each Pok\u00e9mon\n|rule|Gravity Sleep Clause: The combination of sleep-inducing moves with imperfect accuracy and Gravity or Gigantamax Orbeetle are banned\n|clearpoke\n|poke|p1|Tangela, F|\n|poke|p1|Porygon2|\n|poke|p1|Scyther, F|\n|poke|p1|Arctibax, F|\n|poke|p1|Sneasel, F|\n|poke|p1|Sliggoo-Hisui, M|\n|poke|p2|Jumpluff, M|\n|poke|p2|Arcanine, M|\n|poke|p2|Jolteon, F|\n|poke|p2|Weavile, M|\n|poke|p2|Staraptor, M|\n|poke|p2|Mismagius, F|\n|teampreview\n|\n|t:|1701053506\n|start\n|switch|p1a: Sneasel|Sneasel, F|100\/100\n|switch|p1b: Porygon2|Porygon2|100\/100\n|switch|p2a: Arcanine|Arcanine, M|100\/100\n|switch|p2b: Jumpluff|Jumpluff, M|100\/100\n|-ability|p1b: Porygon2|Flash Fire|[from] ability: Trace|[of] p2a: Arcanine\n|turn|1\n|inactive|Battle timer is ON: inactive players will automatically lose when time's up. (requested by Aceofhearts13)\n|inactive|Zsimplyexists has 120 seconds left.\n|\n|t:|1701053545\n|move|p1a: Sneasel|Fake Out|p2a: Arcanine\n|-damage|p2a: Arcanine|87\/100\n|move|p2b: Jumpluff|Leech Seed|p1b: Porygon2\n|-start|p1b: Porygon2|move: Leech Seed\n|cant|p2a: Arcanine|flinch\n|move|p1b: Porygon2|Shadow Ball|p2a: Arcanine\n|-damage|p2a: Arcanine|64\/100\n|-unboost|p2a: Arcanine|spd|1\n|\n|-damage|p1b: Porygon2|88\/100|[from] Leech Seed|[of] p2b: Jumpluff\n|upkeep\n|turn|2\n|\n|t:|1701053568\n|switch|p1a: MeOnSunday|Sliggoo-Hisui, M|100\/100\n|switch|p1b: Arctibax|Arctibax, F|100\/100\n|move|p2b: Jumpluff|Strength Sap|p1b: Arctibax\n|-unboost|p1b: Arctibax|atk|1\n|move|p2a: Arcanine|Fire Blast|p1a: MeOnSunday\n|-damage|p1a: MeOnSunday|70\/100\n|\n|upkeep\n|turn|3\n|inactive|Zsimplyexists has 120 seconds left.\n|\n|t:|1701053607\n|move|p2b: Jumpluff|Strength Sap|p1a: MeOnSunday\n|-unboost|p1a: MeOnSunday|atk|1\n|move|p1b: Arctibax|Dragon Claw|p2a: Arcanine\n|-crit|p2a: Arcanine\n|-damage|p2a: Arcanine|0 fnt\n|faint|p2a: Arcanine\n|-damage|p1b: Arctibax|91\/100|[from] item: Life Orb\n|move|p1a: MeOnSunday|Substitute|p1a: MeOnSunday\n|-start|p1a: MeOnSunday|Substitute\n|-damage|p1a: MeOnSunday|45\/100\n|\n|upkeep\n|inactive|Aceofhearts13 has 120 seconds left.\n|\n|t:|1701053623\n|switch|p2a: Mismagius|Mismagius, F|100\/100\n|turn|4\n|\n|t:|1701053638\n|switch|p1b: Porygon2|Porygon2|88\/100\n|-ability|p1b: Porygon2|Leaf Guard|[from] ability: Trace|[of] p2b: Jumpluff\n|move|p2a: Mismagius|Dazzling Gleam|p1b: Porygon2|[spread] p1a,p1b\n|-activate|p1a: MeOnSunday|move: Substitute|[damage]\n|-damage|p1b: Porygon2|78\/100\n|move|p2b: Jumpluff|Strength Sap||[still]\n|-fail|p2b: Jumpluff\n|move|p1a: MeOnSunday|Curse|p1a: MeOnSunday\n|-unboost|p1a: MeOnSunday|spe|1\n|-boost|p1a: MeOnSunday|atk|1\n|-boost|p1a: MeOnSunday|def|1\n|\n|upkeep\n|turn|5\n|\n|t:|1701053662\n|move|p2a: Mismagius|Psychic|p1b: Porygon2\n|-damage|p1b: Porygon2|63\/100\n|move|p2b: Jumpluff|Seed Bomb|p1b: Porygon2\n|-damage|p1b: Porygon2|51\/100\n|move|p1a: MeOnSunday|Curse|p1a: MeOnSunday\n|-unboost|p1a: MeOnSunday|spe|1\n|-boost|p1a: MeOnSunday|atk|1\n|-boost|p1a: MeOnSunday|def|1\n|move|p1b: Porygon2|Trick Room|p1b: Porygon2\n|-fieldstart|move: Trick Room|[of] p1b: Porygon2\n|\n|upkeep\n|turn|6\n|\n|t:|1701053681\n|move|p1a: MeOnSunday|Curse|p1a: MeOnSunday\n|-unboost|p1a: MeOnSunday|spe|1\n|-boost|p1a: MeOnSunday|atk|1\n|-boost|p1a: MeOnSunday|def|1\n|move|p1b: Porygon2|Recover|p1b: Porygon2\n|-heal|p1b: Porygon2|100\/100\n|move|p2b: Jumpluff|Leech Seed||[still]\n|-fail|p2b: Jumpluff\n|move|p2a: Mismagius|Thunder|p1b: Porygon2\n|-damage|p1b: Porygon2|82\/100\n|\n|upkeep\n|turn|7\n|\n|t:|1701053700\n|move|p1a: MeOnSunday|Rock Slide|p2b: Jumpluff|[spread] p2a,p2b\n|-supereffective|p2b: Jumpluff\n|-damage|p2a: Mismagius|55\/100\n|-damage|p2b: Jumpluff|56\/100\n|move|p1b: Porygon2|Shadow Ball|p2a: Mismagius\n|-supereffective|p2a: Mismagius\n|-damage|p2a: Mismagius|15\/100\n|-unboost|p2a: Mismagius|spd|1\n|move|p2b: Jumpluff|Leech Seed|p1b: Porygon2\n|-start|p1b: Porygon2|move: Leech Seed\n|move|p2a: Mismagius|Dark Pulse|p1b: Porygon2\n|-damage|p1b: Porygon2|69\/100\n|\n|-damage|p1b: Porygon2|57\/100|[from] Leech Seed|[of] p2b: Jumpluff\n|-heal|p2b: Jumpluff|70\/100|[silent]\n|upkeep\n|turn|8\n|inactive|Zsimplyexists has 120 seconds left.\n|\n|t:|1701053740\n|switch|p1b: Tangela|Tangela, F|100\/100\n|move|p1a: MeOnSunday|Curse|p1a: MeOnSunday\n|-unboost|p1a: MeOnSunday|spe|1\n|-boost|p1a: MeOnSunday|atk|1\n|-boost|p1a: MeOnSunday|def|1\n|move|p2b: Jumpluff|Strength Sap|p1b: Tangela\n|-unboost|p1b: Tangela|atk|1\n|-heal|p2b: Jumpluff|100\/100\n|move|p2a: Mismagius|Dark Pulse|p1b: Tangela\n|-damage|p1b: Tangela|63\/100\n|\n|upkeep\n|turn|9\n|inactive|Zsimplyexists has 120 seconds left.\n|\n|t:|1701053765\n|move|p1b: Tangela|Protect|p1b: Tangela\n|-singleturn|p1b: Tangela|Protect\n|move|p1a: MeOnSunday|Rock Slide|p2b: Jumpluff|[spread] p2a,p2b\n|-supereffective|p2b: Jumpluff\n|-damage|p2a: Mismagius|0 fnt\n|-damage|p2b: Jumpluff|39\/100\n|faint|p2a: Mismagius\n|move|p2b: Jumpluff|Aerial Ace|p1b: Tangela\n|-activate|p1b: Tangela|move: Protect\n|\n|-fieldend|move: Trick Room\n|upkeep\n|\n|t:|1701053779\n|switch|p2a: Weavile|Weavile, M|100\/100\n|-ability|p2a: Weavile|Pressure\n|turn|10\n|\n|t:|1701053794\n|move|p2a: Weavile|Blizzard|p1b: Tangela|[spread] p1a\n|-miss|p2a: Weavile|p1b: Tangela\n|-activate|p1a: MeOnSunday|move: Substitute|[damage]\n|move|p2b: Jumpluff|Aerial Ace|p1b: Tangela\n|-supereffective|p1b: Tangela\n|-damage|p1b: Tangela|27\/100\n|move|p1b: Tangela|Leech Seed|p2a: Weavile\n|-start|p2a: Weavile|move: Leech Seed\n|move|p1a: MeOnSunday|Rock Slide|p2a: Weavile|[spread] p2a,p2b\n|-supereffective|p2a: Weavile\n|-supereffective|p2b: Jumpluff\n|-damage|p2a: Weavile|37\/100\n|-damage|p2b: Jumpluff|0 fnt\n|faint|p2b: Jumpluff\n|\n|-damage|p2a: Weavile|25\/100|[from] Leech Seed|[of] p1b: Tangela\n|-heal|p1b: Tangela|42\/100|[silent]\n|upkeep\n|\n|t:|1701053810\n|switch|p2b: Staraptor|Staraptor, M|100\/100\n|-ability|p2b: Staraptor|Intimidate|boost\n|-immune|p1a: MeOnSunday\n|-unboost|p1b: Tangela|atk|1\n|turn|11\n|\n|t:|1701053826\n|move|p1b: Tangela|Protect|p1b: Tangela\n|-singleturn|p1b: Tangela|Protect\n|move|p2b: Staraptor|Brave Bird|p1a: MeOnSunday\n|-resisted|p1a: MeOnSunday\n|-end|p1a: MeOnSunday|Substitute\n|-damage|p2b: Staraptor|99\/100|[from] Recoil|[of] p1a: MeOnSunday\n|move|p1a: MeOnSunday|Rock Slide|p2a: Weavile|[spread] p2b\n|-miss|p1a: MeOnSunday|p2a: Weavile\n|-supereffective|p2b: Staraptor\n|-damage|p2b: Staraptor|42\/100\n|move|p2a: Weavile|Avalanche|p1b: Tangela\n|-activate|p1b: Tangela|move: Protect\n|\n|-damage|p2a: Weavile|12\/100|[from] Leech Seed|[of] p1b: Tangela\n|-heal|p1b: Tangela|56\/100|[silent]\n|upkeep\n|turn|12\n|inactive|Zsimplyexists has 120 seconds left.\n|\n|t:|1701053858\n|-terastallize|p1a: MeOnSunday|Steel\n|move|p1b: Tangela|Rage Powder|p1b: Tangela\n|-singleturn|p1b: Tangela|move: Rage Powder\n|move|p2a: Weavile|Blizzard|p1a: MeOnSunday|[spread] p1a,p1b\n|-resisted|p1a: MeOnSunday\n|-supereffective|p1b: Tangela\n|-damage|p1a: MeOnSunday|40\/100\n|-damage|p1b: Tangela|10\/100\n|-status|p1a: MeOnSunday|frz\n|move|p2b: Staraptor|Endeavor|p1b: Tangela\n|-immune|p1b: Tangela\n|cant|p1a: MeOnSunday|frz\n|\n|-damage|p2a: Weavile|0 fnt|[from] Leech Seed|[of] p1b: Tangela\n|-heal|p1b: Tangela|23\/100|[silent]\n|faint|p2a: Weavile\n|upkeep\n|\n|t:|1701053873\n|switch|p2a: Jolteon|Jolteon, F|100\/100\n|turn|13\n|\n|t:|1701053883\n|move|p1b: Tangela|Rage Powder|p1b: Tangela\n|-singleturn|p1b: Tangela|move: Rage Powder\n|move|p2a: Jolteon|Thunder|p1b: Tangela\n|-resisted|p1b: Tangela\n|-damage|p1b: Tangela|0 fnt\n|faint|p1b: Tangela\n|move|p2b: Staraptor|Brave Bird|p1a: MeOnSunday\n|-resisted|p1a: MeOnSunday\n|-damage|p1a: MeOnSunday|34\/100 frz\n|-damage|p2b: Staraptor|40\/100|[from] Recoil\n|-heal|p2b: Staraptor|41\/100|[from] item: Shell Bell|[of] p1a: MeOnSunday\n|-curestatus|p1a: MeOnSunday|frz|[msg]\n|move|p1a: MeOnSunday|Rock Slide|p2a: Jolteon|[spread] p2a,p2b\n|-supereffective|p2b: Staraptor\n|-damage|p2a: Jolteon|50\/100\n|-damage|p2b: Staraptor|0 fnt\n|faint|p2b: Staraptor\n|\n|upkeep\n|\n|t:|1701053906\n|switch|p1b: Sneasel|Sneasel, F|100\/100\n|turn|14\n|\n|t:|1701053912\n|move|p1b: Sneasel|Fake Out|p2a: Jolteon\n|-damage|p2a: Jolteon|28\/100\n|cant|p2a: Jolteon|flinch\n|move|p1a: MeOnSunday|Rock Slide|p2a: Jolteon\n|-damage|p2a: Jolteon|0 fnt\n|faint|p2a: Jolteon\n|\n|win|Zsimplyexists\n|raw|Zsimplyexists's rating: 1002 &rarr; <strong>1048<\/strong><br \/>(+46 for winning)\n|raw|Aceofhearts13's rating: 1055 &rarr; <strong>1034<\/strong><br \/>(-21 for losing)\n|l|\u2606Aceofhearts13\n","uploadtime":1701053932,"views":13,"p1id":"zsimplyexists","p2id":"aceofhearts13","formatid":"gen9nationaldexdoubles","rating":1034,"private":0,"password":""}