{"id":"gen9nationaldexdoubles-1961138031","p1":"DraguMints","p2":"derunski","format":"[Gen 9] National Dex Doubles","log":"|j|\u2606DraguMints\n|j|\u2606derunski\n|t:|1696600754\n|gametype|doubles\n|player|p1|DraguMints|102|1066\n|player|p2|derunski|hoopster|1000\n|teamsize|p1|6\n|teamsize|p2|6\n|gen|9\n|tier|[Gen 9] National Dex Doubles\n|rated|\n|rule|HP Percentage Mod: HP is shown in percentages\n|rule|Endless Battle Clause: Forcing endless battles is banned\n|rule|OHKO Clause: OHKO moves are banned\n|rule|Evasion Moves Clause: Evasion moves are banned\n|rule|Evasion Abilities Clause: Evasion abilities are banned\n|rule|Species Clause: Limit one of each Pok\u00e9mon\n|rule|Gravity Sleep Clause: The combination of sleep-inducing moves with imperfect accuracy and Gravity or Gigantamax Orbeetle are banned\n|clearpoke\n|poke|p1|Charizard, M|\n|poke|p1|Flutter Mane|\n|poke|p1|Rotom-Heat|\n|poke|p1|Gholdengo|\n|poke|p1|Roaring Moon|\n|poke|p1|Glimmora, M|\n|poke|p2|Skeledirge, F|\n|poke|p2|Inteleon, F|\n|poke|p2|Dragapult, M|\n|poke|p2|Glimmora, M|\n|poke|p2|Arcanine-Hisui, M|\n|poke|p2|Kingambit, F|\n|teampreview\n|c|\u2606derunski|He\n|\n|t:|1696600775\n|start\n|switch|p1a: Charizard|Charizard, M|100\/100\n|switch|p1b: Roaring Moon|Roaring Moon|100\/100\n|switch|p2a: Skeledirge|Skeledirge, F|100\/100\n|switch|p2b: Inteleon|Inteleon, F|100\/100\n|turn|1\n|c|\u2606derunski|Well well well\n|\n|t:|1696600800\n|detailschange|p1a: Charizard|Charizard-Mega-Y, M\n|-mega|p1a: Charizard|Charizard|Charizardite Y\n|-weather|SunnyDay|[from] ability: Drought|[of] p1a: Charizard\n|-activate|p1b: Roaring Moon|ability: Protosynthesis\n|-start|p1b: Roaring Moon|protosynthesisatk\n|move|p1a: Charizard|Solar Beam||[still]\n|-prepare|p1a: Charizard|Solar Beam\n|-anim|p1a: Charizard|Solar Beam|p2b: Inteleon\n|-supereffective|p2b: Inteleon\n|-damage|p2b: Inteleon|0 fnt\n|faint|p2b: Inteleon\n|-zpower|p1b: Roaring Moon\n|move|p1b: Roaring Moon|Z-Focus Energy|p1b: Roaring Moon|[anim]Focus Energy\n|-boost|p1b: Roaring Moon|accuracy|1|[zeffect]\n|-start|p1b: Roaring Moon|move: Focus Energy\n|move|p2a: Skeledirge|Fire Pledge|p2: Inteleon|[notarget]\n|-fail|p2a: Skeledirge\n|\n|-weather|SunnyDay|[upkeep]\n|upkeep\n|\n|t:|1696600808\n|switch|p2b: Glimmora|Glimmora, M|100\/100\n|turn|2\n|\n|t:|1696600849\n|-terastallize|p2a: Skeledirge|Fire\n|move|p1a: Charizard|Solar Beam||[still]\n|-prepare|p1a: Charizard|Solar Beam\n|-anim|p1a: Charizard|Solar Beam|p2b: Glimmora\n|-damage|p2b: Glimmora|33\/100\n|move|p1b: Roaring Moon|Rock Slide|p2b: Glimmora|[spread] p2a,p2b\n|-supereffective|p2a: Skeledirge\n|-crit|p2a: Skeledirge\n|-crit|p2b: Glimmora\n|-damage|p2a: Skeledirge|28\/100\n|-damage|p2b: Glimmora|0 fnt\n|-activate|p2b: Glimmora|ability: Toxic Debris\n|-sidestart|p1: DraguMints|move: Toxic Spikes\n|faint|p2b: Glimmora\n|cant|p2a: Skeledirge|flinch\n|\n|-weather|SunnyDay|[upkeep]\n|upkeep\n|\n|t:|1696600857\n|switch|p2b: Dragapult|Dragapult, M|100\/100\n|turn|3\n|\n|t:|1696600873\n|move|p1b: Roaring Moon|Endure|p1b: Roaring Moon\n|-singleturn|p1b: Roaring Moon|move: Endure\n|move|p2b: Dragapult|Dragon Darts|p1a: Charizard\n|-damage|p1a: Charizard|71\/100\n|-anim|p2b: Dragapult|Dragon Darts|p1b: Roaring Moon\n|-supereffective|p1b: Roaring Moon\n|-damage|p1b: Roaring Moon|52\/100\n|move|p1a: Charizard|Air Cutter|p2a: Skeledirge|[spread] p2a,p2b\n|-damage|p2a: Skeledirge|7\/100\n|-damage|p2b: Dragapult|65\/100\n|-start|p1a: Charizard|Disable|Air Cutter|[from] ability: Cursed Body|[of] p2b: Dragapult\n|move|p2a: Skeledirge|Torch Song|p1b: Roaring Moon\n|-resisted|p1b: Roaring Moon\n|-damage|p1b: Roaring Moon|8\/100\n|-boost|p2a: Skeledirge|spa|1\n|\n|-weather|SunnyDay|[upkeep]\n|upkeep\n|turn|4\n|\n|t:|1696600891\n|move|p2b: Dragapult|Draco Meteor|p1a: Charizard\n|-damage|p1a: Charizard|26\/100\n|-unboost|p2b: Dragapult|spa|2\n|move|p1a: Charizard|Heat Wave|p2b: Dragapult|[spread] p2a,p2b\n|-resisted|p2a: Skeledirge\n|-resisted|p2b: Dragapult\n|-damage|p2a: Skeledirge|0 fnt\n|-damage|p2b: Dragapult|23\/100\n|faint|p2a: Skeledirge\n|move|p1b: Roaring Moon|Rock Slide|p2b: Dragapult\n|-crit|p2b: Dragapult\n|-damage|p2b: Dragapult|0 fnt\n|faint|p2b: Dragapult\n|\n|-weather|SunnyDay|[upkeep]\n|upkeep\n|\n|t:|1696600895\n|switch|p2b: Kingambit|Kingambit, F|100\/100\n|switch|p2a: Arcanine|Arcanine-Hisui, M|100\/100\n|-ability|p2a: Arcanine|Intimidate|boost\n|-unboost|p1a: Charizard|atk|1\n|-unboost|p1b: Roaring Moon|atk|1\n|-item|p2b: Kingambit|Air Balloon\n|turn|5\n|\n|t:|1696600920\n|switch|p1a: Glimmora|Glimmora, M|100\/100\n|-sideend|p1: DraguMints|move: Toxic Spikes|[of] p1a: Glimmora\n|move|p1b: Roaring Moon|Rock Slide|p2a: Arcanine|[spread] p2a,p2b\n|-supereffective|p2a: Arcanine\n|-crit|p2a: Arcanine\n|-resisted|p2b: Kingambit\n|-crit|p2b: Kingambit\n|-damage|p2a: Arcanine|23\/100\n|-damage|p2b: Kingambit|85\/100\n|-enditem|p2b: Kingambit|Air Balloon\n|cant|p2a: Arcanine|flinch\n|cant|p2b: Kingambit|flinch\n|\n|-weather|none\n|-end|p1b: Roaring Moon|Protosynthesis\n|upkeep\n|turn|6\n|\n|t:|1696600946\n|move|p1b: Roaring Moon|Rock Slide|p2a: Arcanine|[spread] p2a,p2b\n|-supereffective|p2a: Arcanine\n|-resisted|p2b: Kingambit\n|-crit|p2b: Kingambit\n|-damage|p2a: Arcanine|0 fnt\n|-damage|p2b: Kingambit|73\/100\n|faint|p2a: Arcanine\n|move|p1a: Glimmora|Mortal Spin|p2b: Kingambit\n|-immune|p2b: Kingambit\n|move|p2b: Kingambit|Kowtow Cleave|p1b: Roaring Moon\n|-resisted|p1b: Roaring Moon\n|-damage|p1b: Roaring Moon|0 fnt\n|faint|p1b: Roaring Moon\n|-end|p1b: Roaring Moon|Protosynthesis|[silent]\n|\n|upkeep\n|\n|t:|1696600958\n|switch|p1b: Charizard|Charizard-Mega-Y, M|26\/100\n|-weather|SunnyDay|[from] ability: Drought|[of] p1b: Charizard\n|turn|7\n|\n|t:|1696600963\n|move|p1b: Charizard|Heat Wave|p2b: Kingambit\n|-supereffective|p2b: Kingambit\n|-damage|p2b: Kingambit|0 fnt\n|faint|p2b: Kingambit\n|\n|win|DraguMints\n|raw|DraguMints's rating: 1066 &rarr; <strong>1090<\/strong><br \/>(+24 for winning)\n|raw|derunski's rating: 1000 &rarr; <strong>1000<\/strong><br \/>(+0 for losing)\n","uploadtime":1696600967,"views":10,"p1id":"dragumints","p2id":"derunski","formatid":"gen9nationaldexdoubles","rating":1000,"private":0,"password":""}