{"id":"gen9nationaldexdoubles-1989987133","p1":"DazzlingBrilliance","p2":"Darklight7o2","format":"[Gen 9] National Dex Doubles","log":"|j|\u2606DazzlingBrilliance\n|j|\u2606Darklight7o2\n|t:|1699912828\n|gametype|doubles\n|player|p1|DazzlingBrilliance|striker|1042\n|player|p2|Darklight7o2|101|1088\n|teamsize|p1|6\n|teamsize|p2|6\n|gen|9\n|tier|[Gen 9] National Dex Doubles\n|rated|\n|rule|HP Percentage Mod: HP is shown in percentages\n|rule|Endless Battle Clause: Forcing endless battles is banned\n|rule|OHKO Clause: OHKO moves are banned\n|rule|Evasion Moves Clause: Evasion moves are banned\n|rule|Evasion Abilities Clause: Evasion abilities are banned\n|rule|Species Clause: Limit one of each Pok\u00e9mon\n|rule|Gravity Sleep Clause: The combination of sleep-inducing moves with imperfect accuracy and Gravity or Gigantamax Orbeetle are banned\n|clearpoke\n|poke|p1|Blissey, F|\n|poke|p1|Tentacruel, M|\n|poke|p1|Hypno, M|\n|poke|p1|Altaria, M|\n|poke|p1|Eldegoss, F|\n|poke|p1|Chandelure, M|\n|poke|p2|Kommo-o, M|\n|poke|p2|Maushold-Four|\n|poke|p2|Gliscor, M|\n|poke|p2|Metagross|\n|poke|p2|Grimmsnarl, M|\n|poke|p2|Armarouge, F|\n|teampreview\n|\n|t:|1699912831\n|start\n|switch|p1a: Pickle Tickle|Tentacruel, M, shiny|100\/100\n|switch|p1b: Hypno|Hypno, M, shiny|100\/100\n|switch|p2a: Kommo-o|Kommo-o, M|100\/100\n|switch|p2b: Maushold|Maushold-Four|100\/100\n|turn|1\n|inactive|Battle timer is ON: inactive players will automatically lose when time's up. (requested by Darklight7o2)\n|\n|t:|1699912869\n|move|p2b: Maushold|Bullet Seed|p1a: Pickle Tickle\n|-damage|p1a: Pickle Tickle|91\/100\n|-damage|p1a: Pickle Tickle|82\/100\n|-damage|p1a: Pickle Tickle|72\/100\n|-damage|p1a: Pickle Tickle|61\/100\n|-damage|p1a: Pickle Tickle|52\/100\n|-hitcount|p1a: Pickle Tickle|5\n|move|p1a: Pickle Tickle|Acupressure|p1b: Hypno\n|-boost|p1b: Hypno|spd|2\n|move|p2a: Kommo-o|Clangorous Soul|p2a: Kommo-o\n|-boost|p2a: Kommo-o|atk|1\n|-boost|p2a: Kommo-o|def|1\n|-boost|p2a: Kommo-o|spa|1\n|-boost|p2a: Kommo-o|spd|1\n|-boost|p2a: Kommo-o|spe|1\n|-damage|p2a: Kommo-o|68\/100\n|move|p1b: Hypno|Thunder Wave|p2a: Kommo-o\n|-status|p2a: Kommo-o|par\n|\n|upkeep\n|turn|2\n|inactive|DazzlingBrilliance has 120 seconds left.\n|\n|t:|1699912914\n|switch|p1a: Eldegoss|Eldegoss, F, shiny|100\/100\n|move|p2b: Maushold|Population Bomb|p1a: Eldegoss\n|-damage|p1a: Eldegoss|89\/100\n|-status|p2b: Maushold|par|[from] ability: Effect Spore|[of] p1a: Eldegoss\n|-damage|p1a: Eldegoss|78\/100\n|-damage|p1a: Eldegoss|68\/100\n|-damage|p1a: Eldegoss|56\/100\n|-hitcount|p1a: Eldegoss|4\n|move|p1b: Hypno|Nasty Plot|p1b: Hypno\n|-boost|p1b: Hypno|spa|2\n|move|p2a: Kommo-o|Drain Punch|p1b: Hypno\n|-resisted|p1b: Hypno\n|-damage|p1b: Hypno|71\/100\n|-heal|p2a: Kommo-o|81\/100 par|[from] drain|[of] p1b: Hypno\n|\n|-heal|p1b: Hypno|77\/100|[from] item: Leftovers\n|-heal|p1a: Eldegoss|62\/100|[from] item: Leftovers\n|upkeep\n|turn|3\n|inactive|DazzlingBrilliance has 120 seconds left.\n|inactive|Darklight7o2 has 120 seconds left.\n|\n|t:|1699912950\n|move|p1b: Hypno|Draining Kiss|p2a: Kommo-o\n|-supereffective|p2a: Kommo-o\n|-damage|p2a: Kommo-o|25\/100 par\n|-heal|p1b: Hypno|100\/100|[from] drain|[of] p2a: Kommo-o\n|-enditem|p2a: Kommo-o|Weakness Policy\n|-boost|p2a: Kommo-o|atk|2|[from] item: Weakness Policy\n|-boost|p2a: Kommo-o|spa|2|[from] item: Weakness Policy\n|move|p2b: Maushold|Population Bomb|p1a: Eldegoss\n|-damage|p1a: Eldegoss|50\/100\n|-damage|p1a: Eldegoss|38\/100\n|-damage|p1a: Eldegoss|26\/100\n|-damage|p1a: Eldegoss|16\/100\n|-damage|p1a: Eldegoss|4\/100\n|-damage|p1a: Eldegoss|0 fnt\n|faint|p1a: Eldegoss\n|-hitcount|p1: Eldegoss|6\n|move|p2a: Kommo-o|Clangorous Soul||[still]\n|-fail|p2a: Kommo-o\n|\n|upkeep\n|inactive|DazzlingBrilliance has 90 seconds left.\n|\n|t:|1699912971\n|switch|p1a: Chandelure|Chandelure, M, shiny|100\/100\n|turn|4\n|inactive|DazzlingBrilliance has 90 seconds left.\n|\n|t:|1699912998\n|move|p1a: Chandelure|Clear Smog|p2a: Kommo-o\n|-damage|p2a: Kommo-o|13\/100 par\n|-clearboost|p2a: Kommo-o\n|move|p1b: Hypno|Nasty Plot|p1b: Hypno\n|-boost|p1b: Hypno|spa|2\n|cant|p2b: Maushold|par\n|move|p2a: Kommo-o|Drain Punch|p1b: Hypno\n|-resisted|p1b: Hypno\n|-damage|p1b: Hypno|82\/100\n|-heal|p2a: Kommo-o|21\/100 par|[from] drain|[of] p1b: Hypno\n|\n|-heal|p1b: Hypno|88\/100|[from] item: Leftovers\n|upkeep\n|turn|5\n|inactive|DazzlingBrilliance has 90 seconds left.\n|\n|t:|1699913020\n|move|p1a: Chandelure|Psych Up|p2a: Kommo-o\n|-copyboost|p1a: Chandelure|p2a: Kommo-o|[from] move: Psych Up\n|move|p1b: Hypno|Draining Kiss|p2a: Kommo-o\n|-supereffective|p2a: Kommo-o\n|-damage|p2a: Kommo-o|0 fnt\n|-heal|p1b: Hypno|100\/100|[from] drain|[of] p2a: Kommo-o\n|faint|p2a: Kommo-o\n|move|p2b: Maushold|Trailblaze|p1b: Hypno\n|-damage|p1b: Hypno|83\/100\n|-boost|p2b: Maushold|spe|1\n|\n|-heal|p1b: Hypno|89\/100|[from] item: Leftovers\n|upkeep\n|\n|t:|1699913034\n|switch|p2a: Armarouge|Armarouge, F|100\/100\n|turn|6\n|\n|t:|1699913043\n|cant|p2b: Maushold|par\n|move|p1a: Chandelure|Psych Up|p1b: Hypno\n|-copyboost|p1a: Chandelure|p1b: Hypno|[from] move: Psych Up\n|move|p2a: Armarouge|Clear Smog|p1b: Hypno\n|-damage|p1b: Hypno|79\/100\n|-clearboost|p1b: Hypno\n|move|p1b: Hypno|Thunder Wave|p2a: Armarouge\n|-status|p2a: Armarouge|par\n|\n|-heal|p1b: Hypno|85\/100|[from] item: Leftovers\n|upkeep\n|turn|7\n|inactive|DazzlingBrilliance has 120 seconds left.\n|\n|t:|1699913087\n|move|p2b: Maushold|Population Bomb|p1b: Hypno|[miss]\n|-miss|p2b: Maushold|p1b: Hypno\n|move|p1a: Chandelure|Clear Smog|p2a: Armarouge\n|-damage|p2a: Armarouge|48\/100 par\n|-clearboost|p2a: Armarouge\n|move|p1b: Hypno|Hex|p2a: Armarouge\n|-supereffective|p2a: Armarouge\n|-damage|p2a: Armarouge|0 fnt\n|faint|p2a: Armarouge\n|\n|-heal|p1b: Hypno|91\/100|[from] item: Leftovers\n|upkeep\n|\n|t:|1699913094\n|switch|p2a: Metagross|Metagross|100\/100\n|turn|8\n|inactive|DazzlingBrilliance has 120 seconds left.\n|\n|t:|1699913117\n|detailschange|p2a: Metagross|Metagross-Mega\n|-mega|p2a: Metagross|Metagross|Metagrossite\n|move|p2a: Metagross|Meteor Mash|p1b: Hypno\n|-damage|p1b: Hypno|22\/100\n|move|p2b: Maushold|Population Bomb|p1a: Chandelure\n|-immune|p1a: Chandelure\n|move|p1a: Chandelure|Heat Wave|p2a: Metagross|[spread] p2a,p2b\n|-supereffective|p2a: Metagross\n|-crit|p2a: Metagross\n|-damage|p2a: Metagross|0 fnt\n|-damage|p2b: Maushold|0 fnt\n|faint|p2a: Metagross\n|faint|p2b: Maushold\n|move|p1b: Hypno|Nasty Plot|p1b: Hypno\n|-boost|p1b: Hypno|spa|2\n|\n|-heal|p1b: Hypno|28\/100|[from] item: Leftovers\n|upkeep\n|\n|t:|1699913124\n|switch|p2b: Grimmsnarl|Grimmsnarl, M|100\/100\n|switch|p2a: Gliscor|Gliscor, M|100\/100\n|turn|9\n|inactive|DazzlingBrilliance has 120 seconds left.\n|\n|t:|1699913144\n|move|p2a: Gliscor|Fling|p1b: Hypno\n|-supereffective|p1b: Hypno\n|-crit|p1b: Hypno\n|-damage|p1b: Hypno|2\/100\n|-status|p1b: Hypno|tox\n|-enditem|p2a: Gliscor|Toxic Orb|[from] move: Fling\n|move|p1a: Chandelure|Heat Wave|p2b: Grimmsnarl|[spread] p2a,p2b\n|-damage|p2a: Gliscor|0 fnt\n|-damage|p2b: Grimmsnarl|0 fnt\n|faint|p2a: Gliscor\n|faint|p2b: Grimmsnarl\n|\n|win|DazzlingBrilliance\n|raw|DazzlingBrilliance's rating: 1042 &rarr; <strong>1080<\/strong><br \/>(+38 for winning)\n|raw|Darklight7o2's rating: 1088 &rarr; <strong>1062<\/strong><br \/>(-26 for losing)\n|l|\u2606Darklight7o2\n","uploadtime":1699913157,"views":8,"p1id":"dazzlingbrilliance","p2id":"darklight7o2","formatid":"gen9nationaldexdoubles","rating":1062,"private":0,"password":""}