{"id":"gen9nationaldexdoubles-1957773396","p1":"DaveTheDino","p2":"massarojpr","format":"[Gen 9] National Dex Doubles","log":"|j|\u2606DaveTheDino\n|j|\u2606massarojpr\n|t:|1696259982\n|gametype|doubles\n|player|p1|DaveTheDino|101|\n|player|p2|massarojpr|169|\n|teamsize|p1|6\n|teamsize|p2|6\n|gen|9\n|tier|[Gen 9] National Dex Doubles\n|rule|HP Percentage Mod: HP is shown in percentages\n|rule|Endless Battle Clause: Forcing endless battles is banned\n|rule|OHKO Clause: OHKO moves are banned\n|rule|Evasion Moves Clause: Evasion moves are banned\n|rule|Evasion Abilities Clause: Evasion abilities are banned\n|rule|Species Clause: Limit one of each Pok\u00e9mon\n|rule|Gravity Sleep Clause: The combination of sleep-inducing moves with imperfect accuracy and Gravity or Gigantamax Orbeetle are banned\n|clearpoke\n|poke|p1|Spiritomb, F|\n|poke|p1|Lucario, M|\n|poke|p1|Garchomp, F|\n|poke|p1|Togekiss, M|\n|poke|p1|Roserade, M|\n|poke|p1|Milotic, M|\n|poke|p2|Gastrodon, F|\n|poke|p2|Tyranitar, F|\n|poke|p2|Togekiss, M|\n|poke|p2|Cinderace, M|\n|poke|p2|Volcarona, F|\n|poke|p2|Ninetales, F|\n|teampreview\n|inactive|Battle timer is ON: inactive players will automatically lose when time's up. (requested by massarojpr)\n|inactive|DaveTheDino has 270 seconds left.\n|\n|t:|1696260018\n|start\n|switch|p1a: Lucario|Lucario, M|100\/100\n|switch|p1b: Togekiss|Togekiss, M|100\/100\n|switch|p2a: Gastrodon|Gastrodon, F|100\/100\n|switch|p2b: Tyranitar|Tyranitar, F|100\/100\n|-weather|Sandstorm|[from] ability: Sand Stream|[of] p2b: Tyranitar\n|turn|1\n|inactive|DaveTheDino has 270 seconds left.\n|inactive|DaveTheDino has 240 seconds left.\n|\n|t:|1696260084\n|move|p1b: Togekiss|Air Slash|p2a: Gastrodon\n|-damage|p2a: Gastrodon|66\/100\n|move|p1a: Lucario|Earthquake|p2a: Gastrodon|[spread] p2a,p2b\n|-immune|p1b: Togekiss\n|-supereffective|p2b: Tyranitar\n|-damage|p2a: Gastrodon|49\/100\n|-damage|p2b: Tyranitar|71\/100\n|move|p2b: Tyranitar|Surf|p1a: Lucario|[spread] p1a,p1b\n|-ability|p2a: Gastrodon|Storm Drain|boost\n|-boost|p2a: Gastrodon|spa|1\n|-damage|p1a: Lucario|76\/100\n|-damage|p1b: Togekiss|86\/100\n|cant|p2a: Gastrodon|flinch\n|\n|-weather|Sandstorm|[upkeep]\n|-damage|p1b: Togekiss|80\/100|[from] Sandstorm\n|-heal|p2a: Gastrodon|55\/100|[from] item: Leftovers\n|upkeep\n|turn|2\n|inactive|DaveTheDino has 240 seconds left.\n|\n|t:|1696260112\n|switch|p2b: Togekiss|Togekiss, M|100\/100\n|move|p2a: Gastrodon|Protect|p2a: Gastrodon\n|-singleturn|p2a: Gastrodon|Protect\n|move|p1b: Togekiss|Air Slash|p2a: Gastrodon\n|-activate|p2a: Gastrodon|move: Protect\n|move|p1a: Lucario|Aura Sphere|p2b: Togekiss\n|-resisted|p2b: Togekiss\n|-damage|p2b: Togekiss|95\/100\n|\n|-weather|Sandstorm|[upkeep]\n|-damage|p1b: Togekiss|74\/100|[from] Sandstorm\n|-damage|p2b: Togekiss|88\/100|[from] Sandstorm\n|-heal|p2a: Gastrodon|62\/100|[from] item: Leftovers\n|upkeep\n|turn|3\n|inactive|DaveTheDino has 240 seconds left.\n|inactive|DaveTheDino has 210 seconds left.\n|\n|t:|1696260180\n|switch|p1a: Milotic|Milotic, M|100\/100\n|move|p2b: Togekiss|Follow Me|p2b: Togekiss\n|-singleturn|p2b: Togekiss|move: Follow Me\n|move|p1b: Togekiss|Air Slash|p2b: Togekiss\n|-damage|p2b: Togekiss|67\/100\n|move|p2a: Gastrodon|Earth Power|p1a: Milotic\n|-damage|p1a: Milotic|65\/100\n|\n|-weather|Sandstorm|[upkeep]\n|-damage|p1b: Togekiss|68\/100|[from] Sandstorm\n|-damage|p1a: Milotic|59\/100|[from] Sandstorm\n|-damage|p2b: Togekiss|61\/100|[from] Sandstorm\n|-heal|p1a: Milotic|65\/100|[from] item: Leftovers\n|-heal|p2a: Gastrodon|68\/100|[from] item: Leftovers\n|upkeep\n|turn|4\n|inactive|DaveTheDino has 210 seconds left.\n|\n|t:|1696260203\n|move|p1b: Togekiss|Air Slash|p2a: Gastrodon\n|-damage|p2a: Gastrodon|34\/100\n|move|p1a: Milotic|Ice Beam|p2b: Togekiss\n|-supereffective|p2b: Togekiss\n|-damage|p2b: Togekiss|31\/100\n|-enditem|p2b: Togekiss|Sitrus Berry|[eat]\n|-heal|p2b: Togekiss|56\/100|[from] item: Sitrus Berry\n|move|p2b: Togekiss|Life Dew|p2b: Togekiss|[spread] p2b\n|-ability|p2a: Gastrodon|Storm Drain|boost\n|-boost|p2a: Gastrodon|spa|1\n|-heal|p2b: Togekiss|81\/100\n|cant|p2a: Gastrodon|flinch\n|\n|-weather|Sandstorm|[upkeep]\n|-damage|p1b: Togekiss|62\/100|[from] Sandstorm\n|-damage|p1a: Milotic|59\/100|[from] Sandstorm\n|-damage|p2b: Togekiss|75\/100|[from] Sandstorm\n|-heal|p1a: Milotic|65\/100|[from] item: Leftovers\n|-heal|p2a: Gastrodon|40\/100|[from] item: Leftovers\n|upkeep\n|turn|5\n|inactive|DaveTheDino has 210 seconds left.\n|\n|t:|1696260233\n|move|p2b: Togekiss|Follow Me|p2b: Togekiss\n|-singleturn|p2b: Togekiss|move: Follow Me\n|move|p1b: Togekiss|Air Slash|p2b: Togekiss\n|-damage|p2b: Togekiss|53\/100\n|move|p1a: Milotic|Ice Beam|p2b: Togekiss\n|-supereffective|p2b: Togekiss\n|-damage|p2b: Togekiss|22\/100\n|move|p2a: Gastrodon|Earth Power|p1a: Milotic\n|-damage|p1a: Milotic|20\/100\n|\n|-weather|none\n|-heal|p1a: Milotic|26\/100|[from] item: Leftovers\n|-heal|p2a: Gastrodon|46\/100|[from] item: Leftovers\n|upkeep\n|turn|6\n|inactive|massarojpr has 270 seconds left.\n|\n|t:|1696260269\n|switch|p2b: Cinderace|Cinderace, M|100\/100\n|move|p2a: Gastrodon|Protect|p2a: Gastrodon\n|-singleturn|p2a: Gastrodon|Protect\n|move|p1b: Togekiss|Air Slash|p2a: Gastrodon\n|-activate|p2a: Gastrodon|move: Protect\n|move|p1a: Milotic|Ice Beam|p2b: Cinderace\n|-resisted|p2b: Cinderace\n|-damage|p2b: Cinderace|81\/100\n|\n|-heal|p1a: Milotic|32\/100|[from] item: Leftovers\n|-heal|p2a: Gastrodon|52\/100|[from] item: Leftovers\n|upkeep\n|turn|7\n|inactive|DaveTheDino has 210 seconds left.\n|\n|t:|1696260312\n|move|p1b: Togekiss|Air Slash|p2a: Gastrodon\n|-damage|p2a: Gastrodon|14\/100\n|move|p2b: Cinderace|Iron Head|p1b: Togekiss\n|-start|p2b: Cinderace|typechange|Steel|[from] ability: Libero\n|-supereffective|p1b: Togekiss\n|-damage|p1b: Togekiss|0 fnt\n|faint|p1b: Togekiss\n|move|p1a: Milotic|Scald|p2a: Gastrodon\n|-activate|p2a: Gastrodon|ability: Storm Drain\n|-ability|p2a: Gastrodon|Storm Drain|boost\n|-boost|p2a: Gastrodon|spa|1\n|cant|p2a: Gastrodon|flinch\n|\n|-heal|p1a: Milotic|38\/100|[from] item: Leftovers\n|-heal|p2a: Gastrodon|20\/100|[from] item: Leftovers\n|upkeep\n|c|\u2606massarojpr|I am very proud of that pivot\n|\n|t:|1696260333\n|switch|p1b: Spiritomb|Spiritomb, F|100\/100\n|-ability|p1b: Spiritomb|Pressure\n|turn|8\n|c|\u2606massarojpr|crazy that togekiss still went first\n|inactive|DaveTheDino has 180 seconds left.\n|\n|t:|1696260385\n|move|p2a: Gastrodon|Protect|p2a: Gastrodon\n|-singleturn|p2a: Gastrodon|Protect\n|move|p2b: Cinderace|High Jump Kick|p1a: Milotic\n|-damage|p1a: Milotic|0 fnt\n|faint|p1a: Milotic\n|move|p1b: Spiritomb|Psychic|p2b: Cinderace\n|-resisted|p2b: Cinderace\n|-damage|p2b: Cinderace|62\/100\n|\n|-heal|p2a: Gastrodon|26\/100|[from] item: Leftovers\n|upkeep\n|inactive|DaveTheDino has 150 seconds left.\n|\n|t:|1696260410\n|switch|p1a: Lucario|Lucario, M|76\/100\n|turn|9\n|\n|t:|1696260423\n|move|p2b: Cinderace|Pyro Ball|p1a: Lucario\n|-supereffective|p1a: Lucario\n|-damage|p1a: Lucario|0 fnt\n|faint|p1a: Lucario\n|move|p2a: Gastrodon|Earth Power|p1b: Spiritomb\n|-damage|p1b: Spiritomb|47\/100\n|-unboost|p1b: Spiritomb|spd|1\n|move|p1b: Spiritomb|Psychic|p2a: Gastrodon\n|-damage|p2a: Gastrodon|0 fnt\n|faint|p2a: Gastrodon\n|\n|upkeep\n|\n|t:|1696260437\n|switch|p1a: Garchomp|Garchomp, F|100\/100\n|switch|p2a: Togekiss|Togekiss, M|22\/100\n|turn|10\n|inactive|DaveTheDino has 180 seconds left.\n|\n|t:|1696260475\n|move|p2b: Cinderace|Protect|p2b: Cinderace\n|-singleturn|p2b: Cinderace|Protect\n|move|p1a: Garchomp|Dragon Pulse|p2b: Cinderace\n|-activate|p2b: Cinderace|move: Protect\n|move|p2a: Togekiss|Life Dew|p2a: Togekiss|[spread] p2a,p2b\n|-heal|p2a: Togekiss|47\/100\n|-heal|p2b: Cinderace|87\/100\n|move|p1b: Spiritomb|Dark Pulse|p2a: Togekiss\n|-resisted|p2a: Togekiss\n|-damage|p2a: Togekiss|37\/100\n|\n|upkeep\n|turn|11\n|inactive|DaveTheDino has 180 seconds left.\n|\n|t:|1696260499\n|move|p2a: Togekiss|Protect|p2a: Togekiss\n|-singleturn|p2a: Togekiss|Protect\n|move|p2b: Cinderace|Pyro Ball|p1b: Spiritomb\n|-damage|p1b: Spiritomb|9\/100\n|-status|p1b: Spiritomb|brn\n|move|p1a: Garchomp|Dragon Pulse|p2b: Cinderace\n|-resisted|p2b: Cinderace\n|-damage|p2b: Cinderace|70\/100\n|move|p1b: Spiritomb|Ominous Wind|p2a: Togekiss\n|-activate|p2a: Togekiss|move: Protect\n|\n|-damage|p1b: Spiritomb|3\/100 brn|[from] brn\n|upkeep\n|turn|12\n|inactive|DaveTheDino has 180 seconds left.\n|\n|t:|1696260518\n|move|p2b: Cinderace|High Jump Kick|p1a: Garchomp\n|-damage|p1a: Garchomp|57\/100\n|-damage|p2b: Cinderace|57\/100|[from] ability: Rough Skin|[of] p1a: Garchomp\n|move|p1a: Garchomp|Dragon Pulse|p2a: Togekiss\n|-immune|p2a: Togekiss\n|move|p2a: Togekiss|Life Dew|p2a: Togekiss|[spread] p2a,p2b\n|-heal|p2a: Togekiss|63\/100\n|-heal|p2b: Cinderace|82\/100\n|move|p1b: Spiritomb|Psychic|p2b: Cinderace\n|-resisted|p2b: Cinderace\n|-damage|p2b: Cinderace|62\/100\n|\n|-damage|p1b: Spiritomb|0 fnt|[from] brn\n|faint|p1b: Spiritomb\n|upkeep\n|\n|t:|1696260533\n|switch|p1b: Roserade|Roserade, M|100\/100\n|turn|13\n|\n|t:|1696260547\n|move|p2b: Cinderace|Pyro Ball|p1b: Roserade\n|-supereffective|p1b: Roserade\n|-damage|p1b: Roserade|0 fnt\n|faint|p1b: Roserade\n|move|p1a: Garchomp|Dragon Pulse|p2b: Cinderace\n|-resisted|p2b: Cinderace\n|-damage|p2b: Cinderace|44\/100\n|move|p2a: Togekiss|Life Dew|p2a: Togekiss|[spread] p2a,p2b\n|-heal|p2a: Togekiss|88\/100\n|-heal|p2b: Cinderace|69\/100\n|\n|upkeep\n|turn|14\n|\n|t:|1696260567\n|move|p2b: Cinderace|High Jump Kick|p1a: Garchomp\n|-damage|p1a: Garchomp|16\/100\n|-damage|p2b: Cinderace|56\/100|[from] ability: Rough Skin|[of] p1a: Garchomp\n|move|p1a: Garchomp|Dragon Pulse|p2b: Cinderace\n|-resisted|p2b: Cinderace\n|-damage|p2b: Cinderace|37\/100\n|move|p2a: Togekiss|Life Dew|p2a: Togekiss|[spread] p2a,p2b\n|-heal|p2a: Togekiss|100\/100\n|-heal|p2b: Cinderace|62\/100\n|\n|upkeep\n|turn|15\n|\n|t:|1696260582\n|move|p2b: Cinderace|Iron Head|p1a: Garchomp\n|-damage|p1a: Garchomp|0 fnt\n|-damage|p2b: Cinderace|50\/100|[from] ability: Rough Skin|[of] p1a: Garchomp\n|faint|p1a: Garchomp\n|\n|win|massarojpr\n|l|\u2606massarojpr\n","uploadtime":1696260589,"views":10,"p1id":"davethedino","p2id":"massarojpr","formatid":"gen9nationaldexdoubles","rating":0,"private":0,"password":""}