{"id":"gen9nationaldexdoubles-1990613946","p1":"Evil_nDeVrZ","p2":"CreativeFangs","format":"[Gen 9] National Dex Doubles","log":"|j|\u2606Evil_nDeVrZ\n|j|\u203dCreativeFangs\n|t:|1699985812\n|gametype|doubles\n|player|p1|Evil_nDeVrZ|alder|1063\n|player|p2|CreativeFangs|101|1250\n|teamsize|p1|2\n|teamsize|p2|6\n|gen|9\n|tier|[Gen 9] National Dex Doubles\n|rated|\n|rule|HP Percentage Mod: HP is shown in percentages\n|rule|Endless Battle Clause: Forcing endless battles is banned\n|rule|OHKO Clause: OHKO moves are banned\n|rule|Evasion Moves Clause: Evasion moves are banned\n|rule|Evasion Abilities Clause: Evasion abilities are banned\n|rule|Species Clause: Limit one of each Pok\u00e9mon\n|rule|Gravity Sleep Clause: The combination of sleep-inducing moves with imperfect accuracy and Gravity or Gigantamax Orbeetle are banned\n|clearpoke\n|poke|p1|Audino, F|\n|poke|p1|Eevee, M|\n|poke|p2|Abomasnow, M|\n|poke|p2|Ninetales-Alola, F|\n|poke|p2|Eiscue, M|\n|poke|p2|Baxcalibur, F|\n|poke|p2|Sandslash-Alola, M|\n|poke|p2|Beartic, M|\n|teampreview\n|inactive|Battle timer is ON: inactive players will automatically lose when time's up. (requested by CreativeFangs)\n|\n|t:|1699985819\n|start\n|switch|p1a: Barbie|Audino, F|100\/100\n|switch|p1b: Oppenheimer|Eevee, M, shiny|100\/100\n|switch|p2a: Ninetales|Ninetales-Alola, F|100\/100\n|switch|p2b: Eiscue|Eiscue, M, shiny|100\/100\n|-weather|Snow|[from] ability: Snow Warning|[of] p2a: Ninetales\n|turn|1\n|\n|t:|1699985831\n|detailschange|p1a: Barbie|Audino-Mega, F\n|-mega|p1a: Barbie|Audino|Audinite\n|move|p2a: Ninetales|Aurora Veil|p2a: Ninetales\n|-sidestart|p2: CreativeFangs|move: Aurora Veil\n|move|p1a: Barbie|Simple Beam|p1b: Oppenheimer\n|-endability|p1b: Oppenheimer|Adaptability|[from] move: Simple Beam\n|-ability|p1b: Oppenheimer|Simple|[from] move: Simple Beam\n|-zpower|p1b: Oppenheimer\n|move|p1b: Oppenheimer|Extreme Evoboost|p1b: Oppenheimer\n|-boost|p1b: Oppenheimer|atk|4\n|-boost|p1b: Oppenheimer|def|4\n|-boost|p1b: Oppenheimer|spa|4\n|-boost|p1b: Oppenheimer|spd|4\n|-boost|p1b: Oppenheimer|spe|4\n|move|p2b: Eiscue|Icy Wind|p1b: Oppenheimer|[spread] p1a,p1b\n|-damage|p1a: Barbie|90\/100\n|-damage|p1b: Oppenheimer|94\/100\n|-unboost|p1a: Barbie|spe|1\n|-unboost|p1b: Oppenheimer|spe|2\n|\n|-weather|Snow|[upkeep]\n|upkeep\n|turn|2\n|inactive|Evil_nDeVrZ has 120 seconds left.\n|\n|t:|1699985867\n|move|p2a: Ninetales|Icy Wind|p1a: Barbie|[spread] p1b\n|-miss|p2a: Ninetales|p1a: Barbie\n|-damage|p1b: Oppenheimer|87\/100\n|-unboost|p1b: Oppenheimer|spe|2\n|move|p1b: Oppenheimer|Stored Power|p2b: Eiscue\n|-damage|p2b: Eiscue|5\/100\n|move|p2b: Eiscue|Blizzard|p1a: Barbie|[spread] p1a,p1b\n|-damage|p1a: Barbie|71\/100\n|-damage|p1b: Oppenheimer|72\/100\n|move|p1a: Barbie|Psych Up|p1b: Oppenheimer\n|-copyboost|p1a: Barbie|p1b: Oppenheimer|[from] move: Psych Up\n|\n|-weather|Snow|[upkeep]\n|upkeep\n|turn|3\n|\n|t:|1699985892\n|move|p2a: Ninetales|Icy Wind|p1b: Oppenheimer|[spread] p1a,p1b\n|-damage|p1a: Barbie|67\/100\n|-damage|p1b: Oppenheimer|66\/100\n|-unboost|p1a: Barbie|spe|1\n|-unboost|p1b: Oppenheimer|spe|2\n|move|p2b: Eiscue|Blizzard|p1a: Barbie|[spread] p1a,p1b\n|-damage|p1a: Barbie|60\/100\n|-damage|p1b: Oppenheimer|52\/100\n|move|p1a: Barbie|Dazzling Gleam|p2b: Eiscue|[spread] p2a,p2b\n|-damage|p2a: Ninetales|57\/100\n|-damage|p2b: Eiscue|0 fnt\n|faint|p2b: Eiscue\n|move|p1b: Oppenheimer|Stored Power|p2a: Ninetales\n|-damage|p2a: Ninetales|0 fnt\n|faint|p2a: Ninetales\n|\n|-weather|Snow|[upkeep]\n|upkeep\n|inactive|CreativeFangs has 120 seconds left.\n|\n|t:|1699985915\n|switch|p2a: Beartic|Beartic, M, shiny|100\/100\n|switch|p2b: Sandslash|Sandslash-Alola, M|100\/100\n|turn|4\n|inactive|CreativeFangs has 120 seconds left.\n|\n|t:|1699985941\n|move|p2b: Sandslash|Iron Head|p1b: Oppenheimer\n|-damage|p1b: Oppenheimer|32\/100\n|move|p2a: Beartic|Icicle Crash|p1a: Barbie\n|-damage|p1a: Barbie|47\/100\n|move|p1a: Barbie|Dazzling Gleam|p2a: Beartic|[spread] p2a,p2b\n|-resisted|p2b: Sandslash\n|-damage|p2a: Beartic|61\/100\n|-damage|p2b: Sandslash|73\/100\n|move|p1b: Oppenheimer|Stored Power|p2b: Sandslash\n|-resisted|p2b: Sandslash\n|-damage|p2b: Sandslash|5\/100\n|\n|-weather|Snow|[upkeep]\n|upkeep\n|turn|5\n|inactive|CreativeFangs has 120 seconds left.\n|\n|t:|1699985967\n|move|p2b: Sandslash|Iron Head|p1a: Barbie\n|-supereffective|p1a: Barbie\n|-damage|p1a: Barbie|30\/100\n|move|p2a: Beartic|Icicle Crash|p1a: Barbie\n|-damage|p1a: Barbie|18\/100\n|move|p1a: Barbie|Dazzling Gleam|p2a: Beartic|[spread] p2a,p2b\n|-resisted|p2b: Sandslash\n|-damage|p2a: Beartic|22\/100\n|-damage|p2b: Sandslash|0 fnt\n|faint|p2b: Sandslash\n|move|p1b: Oppenheimer|Stored Power|p2a: Beartic\n|-damage|p2a: Beartic|0 fnt\n|faint|p2a: Beartic\n|\n|-weather|Snow|[upkeep]\n|-sideend|p2: CreativeFangs|move: Aurora Veil\n|upkeep\n|\n|t:|1699985980\n|switch|p2b: Baxcalibur|Baxcalibur, F|100\/100\n|switch|p2a: Abomasnow|Abomasnow, M, shiny|100\/100\n|turn|6\n|inactive|CreativeFangs has 120 seconds left.\n|\n|t:|1699986002\n|move|p2b: Baxcalibur|Dragon Rush|p1a: Barbie\n|-immune|p1a: Barbie\n|move|p2a: Abomasnow|Aurora Veil|p2a: Abomasnow\n|-sidestart|p2: CreativeFangs|move: Aurora Veil\n|move|p1a: Barbie|Hyper Beam|p2a: Abomasnow\n|-damage|p2a: Abomasnow|38\/100\n|-mustrecharge|p1a: Barbie\n|move|p1b: Oppenheimer|Stored Power|p2b: Baxcalibur\n|-damage|p2b: Baxcalibur|37\/100\n|\n|-weather|Snow|[upkeep]\n|-heal|p2b: Baxcalibur|43\/100|[from] ability: Ice Body\n|upkeep\n|turn|7\n|inactive|CreativeFangs has 120 seconds left.\n|\n|t:|1699986019\n|move|p2b: Baxcalibur|Dragon Rush|p1b: Oppenheimer\n|-damage|p1b: Oppenheimer|1\/100\n|move|p2a: Abomasnow|Giga Drain|p1a: Barbie\n|-damage|p1a: Barbie|12\/100\n|-heal|p2a: Abomasnow|41\/100|[from] drain|[of] p1a: Barbie\n|cant|p1a: Barbie|recharge\n|move|p1b: Oppenheimer|Stored Power|p2b: Baxcalibur\n|-damage|p2b: Baxcalibur|0 fnt\n|faint|p2b: Baxcalibur\n|\n|-weather|Snow|[upkeep]\n|upkeep\n|turn|8\n|\n|t:|1699986044\n|move|p2a: Abomasnow|Giga Drain|p1b: Oppenheimer\n|-damage|p1b: Oppenheimer|0 fnt\n|-heal|p2a: Abomasnow|41\/100|[from] drain|[of] p1b: Oppenheimer\n|faint|p1b: Oppenheimer\n|move|p1a: Barbie|Hyper Beam|p2a: Abomasnow\n|-damage|p2a: Abomasnow|0 fnt\n|-mustrecharge|p1a: Barbie\n|faint|p2a: Abomasnow\n|\n|win|Evil_nDeVrZ\n|raw|Evil_nDeVrZ's rating: 1063 &rarr; <strong>1109<\/strong><br \/>(+46 for winning)\n|raw|CreativeFangs's rating: 1250 &rarr; <strong>1213<\/strong><br \/>(-37 for losing)\n|l|\u203dCreativeFangs\n","uploadtime":1699986052,"views":5,"p1id":"evilndevrz","p2id":"creativefangs","formatid":"gen9nationaldexdoubles","rating":1109,"private":0,"password":""}