{"id":"gen9nationaldexdoubles-1983249813","p1":"Sano the Hareghig","p2":"Theadonia","format":"[Gen 9] National Dex Doubles","log":"|j|\u2606Sano the Hareghig\n|j|\u2606Theadonia\n|t:|1699110370\n|gametype|doubles\n|player|p1|Sano the Hareghig|byron|1151\n|player|p2|Theadonia|roxie|1066\n|teamsize|p1|6\n|teamsize|p2|6\n|gen|9\n|tier|[Gen 9] National Dex Doubles\n|rated|\n|rule|HP Percentage Mod: HP is shown in percentages\n|rule|Endless Battle Clause: Forcing endless battles is banned\n|rule|OHKO Clause: OHKO moves are banned\n|rule|Evasion Moves Clause: Evasion moves are banned\n|rule|Evasion Abilities Clause: Evasion abilities are banned\n|rule|Species Clause: Limit one of each Pok\u00e9mon\n|rule|Gravity Sleep Clause: The combination of sleep-inducing moves with imperfect accuracy and Gravity or Gigantamax Orbeetle are banned\n|clearpoke\n|poke|p1|Yanmega, M|\n|poke|p1|Raikou|\n|poke|p1|Flygon, M|\n|poke|p1|Suicune|\n|poke|p1|Entei|\n|poke|p1|Basculegion, M|\n|poke|p2|Delphox, F|\n|poke|p2|Oricorio-Sensu, M|\n|poke|p2|Kommo-o, F|\n|poke|p2|Wailord, F|\n|poke|p2|Cresselia, F|\n|poke|p2|Ribombee, M|\n|teampreview\n|\n|t:|1699110397\n|start\n|switch|p1a: Raikou|Raikou|100\/100\n|switch|p1b: Basculegion|Basculegion, M|100\/100\n|switch|p2a: Oricorio|Oricorio-Sensu, M, shiny|100\/100\n|switch|p2b: Ribombee|Ribombee, M|100\/100\n|-ability|p1a: Raikou|Pressure\n|turn|1\n|\n|t:|1699110428\n|move|p1b: Basculegion|Psychic Fangs|p2a: Oricorio\n|-damage|p2a: Oricorio|74\/100\n|move|p1a: Raikou|Thunderbolt|p2a: Oricorio\n|-supereffective|p2a: Oricorio\n|-damage|p2a: Oricorio|0 fnt\n|faint|p2a: Oricorio\n|move|p2b: Ribombee|Quiver Dance|p2b: Ribombee\n|-boost|p2b: Ribombee|spa|1\n|-boost|p2b: Ribombee|spd|1\n|-boost|p2b: Ribombee|spe|1\n|\n|upkeep\n|\n|t:|1699110440\n|switch|p2a: Kommo-o|Kommo-o, F, shiny|100\/100\n|turn|2\n|\n|t:|1699110449\n|move|p2b: Ribombee|Quiver Dance|p2b: Ribombee\n|-boost|p2b: Ribombee|spa|1\n|-boost|p2b: Ribombee|spd|1\n|-boost|p2b: Ribombee|spe|1\n|move|p1b: Basculegion|Psychic Fangs|p2a: Kommo-o\n|-supereffective|p2a: Kommo-o\n|-damage|p2a: Kommo-o|40\/100\n|-zpower|p2a: Kommo-o\n|move|p2a: Kommo-o|Clangorous Soulblaze|p1b: Basculegion|[zeffect]|[spread] p1a,p1b\n|-damage|p1a: Raikou|53\/100\n|-damage|p1b: Basculegion|48\/100\n|-boost|p2a: Kommo-o|atk|1\n|-boost|p2a: Kommo-o|def|1\n|-boost|p2a: Kommo-o|spa|1\n|-boost|p2a: Kommo-o|spd|1\n|-boost|p2a: Kommo-o|spe|1\n|move|p1a: Raikou|Roar|p2b: Ribombee\n|drag|p2b: Cresselia|Cresselia, F|100\/100\n|\n|-heal|p1a: Raikou|59\/100|[from] item: Leftovers\n|upkeep\n|turn|3\n|\n|t:|1699110474\n|move|p2a: Kommo-o|Drain Punch|p1a: Raikou\n|-damage|p1a: Raikou|11\/100\n|-heal|p2a: Kommo-o|67\/100|[from] drain|[of] p1a: Raikou\n|move|p1b: Basculegion|Psychic Fangs|p2a: Kommo-o\n|-supereffective|p2a: Kommo-o\n|-damage|p2a: Kommo-o|32\/100\n|move|p1a: Raikou|Calm Mind|p1a: Raikou\n|-boost|p1a: Raikou|spa|1\n|-boost|p1a: Raikou|spd|1\n|move|p2b: Cresselia|Psych Up|p2a: Kommo-o\n|-copyboost|p2b: Cresselia|p2a: Kommo-o|[from] move: Psych Up\n|\n|-heal|p1a: Raikou|17\/100|[from] item: Leftovers\n|upkeep\n|turn|4\n|\n|t:|1699110496\n|move|p2a: Kommo-o|Drain Punch|p1a: Raikou\n|-damage|p1a: Raikou|0 fnt\n|-heal|p2a: Kommo-o|41\/100|[from] drain|[of] p1a: Raikou\n|faint|p1a: Raikou\n|move|p1b: Basculegion|Psychic Fangs|p2a: Kommo-o\n|-supereffective|p2a: Kommo-o\n|-damage|p2a: Kommo-o|2\/100\n|move|p2b: Cresselia|Stored Power|p1b: Basculegion\n|-damage|p1b: Basculegion|0 fnt\n|faint|p1b: Basculegion\n|\n|upkeep\n|\n|t:|1699110508\n|switch|p1a: Flygon|Flygon, M|100\/100\n|switch|p1b: Entei|Entei|100\/100\n|-ability|p1b: Entei|Pressure\n|turn|5\n|\n|t:|1699110527\n|switch|p2a: Wailord|Wailord, F, shiny|100\/100\n|-ability|p2a: Wailord|Pressure\n|-terastallize|p1a: Flygon|Fire\n|move|p1b: Entei|Extreme Speed|p2a: Wailord\n|-damage|p2a: Wailord|47\/100\n|move|p2b: Cresselia|Stored Power|p1b: Entei\n|-damage|p1b: Entei|12\/100\n|move|p1a: Flygon|Dragon Dance|p1a: Flygon\n|-boost|p1a: Flygon|atk|1\n|-boost|p1a: Flygon|spe|1\n|\n|-heal|p2a: Wailord|53\/100|[from] item: Leftovers\n|upkeep\n|turn|6\n|\n|t:|1699110560\n|move|p1b: Entei|Extreme Speed|p2a: Wailord\n|-damage|p2a: Wailord|3\/100\n|move|p1a: Flygon|Earthquake|p2b: Cresselia|[spread] p1b,p2a\n|-immune|p2b: Cresselia|[from] ability: Levitate\n|-supereffective|p1b: Entei\n|-crit|p2a: Wailord\n|-damage|p1b: Entei|0 fnt\n|-damage|p2a: Wailord|0 fnt\n|faint|p1b: Entei\n|faint|p2a: Wailord\n|-damage|p1a: Flygon|91\/100|[from] item: Life Orb\n|move|p2b: Cresselia|Stored Power|p1a: Flygon\n|-damage|p1a: Flygon|0 fnt\n|faint|p1a: Flygon\n|\n|upkeep\n|\n|t:|1699110576\n|switch|p1a: Suicune|Suicune|100\/100\n|switch|p1b: Yanmega|Yanmega, M|100\/100\n|switch|p2a: Ribombee|Ribombee, M|100\/100\n|-ability|p1a: Suicune|Pressure\n|turn|7\n|\n|t:|1699110587\n|move|p1b: Yanmega|Protect|p1b: Yanmega\n|-singleturn|p1b: Yanmega|Protect\n|move|p2a: Ribombee|Quiver Dance|p2a: Ribombee\n|-boost|p2a: Ribombee|spa|1\n|-boost|p2a: Ribombee|spd|1\n|-boost|p2a: Ribombee|spe|1\n|move|p2b: Cresselia|Stored Power|p1a: Suicune\n|-damage|p1a: Suicune|48\/100\n|move|p1a: Suicune|Calm Mind|p1a: Suicune\n|-boost|p1a: Suicune|spa|1\n|-boost|p1a: Suicune|spd|1\n|\n|-heal|p1a: Suicune|54\/100|[from] item: Leftovers\n|-ability|p1b: Yanmega|Speed Boost|boost\n|-boost|p1b: Yanmega|spe|1\n|upkeep\n|turn|8\n|\n|t:|1699110607\n|move|p2a: Ribombee|Speed Swap|p2b: Cresselia\n|-activate|p2a: Ribombee|move: Speed Swap|[of] p2b: Cresselia\n|move|p2b: Cresselia|Dazzling Gleam|p1a: Suicune|[spread] p1a,p1b\n|-damage|p1a: Suicune|41\/100\n|-damage|p1b: Yanmega|63\/100\n|move|p1b: Yanmega|Bug Buzz|p2b: Cresselia\n|-supereffective|p2b: Cresselia\n|-damage|p2b: Cresselia|61\/100\n|move|p1a: Suicune|Ice Beam|p2b: Cresselia\n|-crit|p2b: Cresselia\n|-damage|p2b: Cresselia|35\/100\n|\n|-heal|p2b: Cresselia|41\/100|[from] item: Leftovers\n|-heal|p1a: Suicune|48\/100|[from] item: Leftovers\n|-ability|p1b: Yanmega|Speed Boost|boost\n|-boost|p1b: Yanmega|spe|1\n|upkeep\n|turn|9\n|\n|t:|1699110636\n|move|p1b: Yanmega|Bug Buzz|p2b: Cresselia\n|-supereffective|p2b: Cresselia\n|-damage|p2b: Cresselia|0 fnt\n|faint|p2b: Cresselia\n|move|p2a: Ribombee|Pollen Puff|p2: Cresselia|[notarget]\n|-fail|p2a: Ribombee\n|move|p1a: Suicune|Ice Beam|p2a: Ribombee\n|-damage|p2a: Ribombee|69\/100\n|-status|p2a: Ribombee|frz\n|\n|-heal|p1a: Suicune|54\/100|[from] item: Leftovers\n|-ability|p1b: Yanmega|Speed Boost|boost\n|-boost|p1b: Yanmega|spe|1\n|upkeep\n|\n|t:|1699110640\n|switch|p2b: Delphox|Delphox, F, shiny|100\/100\n|turn|10\n|\n|t:|1699110656\n|-terastallize|p2b: Delphox|Grass\n|move|p1b: Yanmega|Protect|p1b: Yanmega\n|-singleturn|p1b: Yanmega|Protect\n|move|p2b: Delphox|Role Play|p1b: Yanmega\n|-endability|p2b: Delphox|Magician|[from] move: Role Play\n|-ability|p2b: Delphox|Speed Boost|[from] move: Role Play|[of] p1b: Yanmega\n|cant|p2a: Ribombee|frz\n|move|p1a: Suicune|Surf|p2a: Ribombee|[spread] p2a,p2b\n|-activate|p1b: Yanmega|move: Protect\n|-resisted|p2b: Delphox\n|-damage|p2a: Ribombee|30\/100 frz\n|-damage|p2b: Delphox|82\/100\n|\n|-heal|p1a: Suicune|60\/100|[from] item: Leftovers\n|-ability|p1b: Yanmega|Speed Boost|boost\n|-boost|p1b: Yanmega|spe|1\n|-ability|p2b: Delphox|Speed Boost|boost\n|-boost|p2b: Delphox|spe|1\n|upkeep\n|turn|11\n|\n|t:|1699110683\n|move|p1b: Yanmega|Air Slash|p2a: Ribombee\n|-supereffective|p2a: Ribombee\n|-damage|p2a: Ribombee|0 fnt\n|faint|p2a: Ribombee\n|move|p2b: Delphox|Heat Wave|p1b: Yanmega|[spread] p1a,p1b\n|-resisted|p1a: Suicune\n|-supereffective|p1b: Yanmega\n|-damage|p1a: Suicune|52\/100\n|-damage|p1b: Yanmega|0 fnt\n|-status|p1a: Suicune|brn\n|faint|p1b: Yanmega\n|move|p1a: Suicune|Ice Beam|p2b: Delphox\n|-supereffective|p2b: Delphox\n|-damage|p2b: Delphox|21\/100\n|-enditem|p2b: Delphox|Weakness Policy\n|-boost|p2b: Delphox|atk|2|[from] item: Weakness Policy\n|-boost|p2b: Delphox|spa|2|[from] item: Weakness Policy\n|\n|-heal|p1a: Suicune|58\/100 brn|[from] item: Leftovers\n|-damage|p1a: Suicune|52\/100 brn|[from] brn\n|-ability|p2b: Delphox|Speed Boost|boost\n|-boost|p2b: Delphox|spe|1\n|upkeep\n|\n|t:|1699110689\n|switch|p2a: Kommo-o|Kommo-o, F, shiny|2\/100\n|turn|12\n|\n|t:|1699110704\n|move|p2b: Delphox|Stored Power|p1a: Suicune\n|-damage|p1a: Suicune|0 fnt\n|faint|p1a: Suicune\n|\n|win|Theadonia\n|raw|Sano the Hareghig's rating: 1151 &rarr; <strong>1120<\/strong><br \/>(-31 for losing)\n|raw|Theadonia's rating: 1066 &rarr; <strong>1103<\/strong><br \/>(+37 for winning)\n|l|\u2606Sano the Hareghig\n|c|\u2606Theadonia|Ggwp\n","uploadtime":1699110715,"views":7,"p1id":"sanothehareghig","p2id":"theadonia","formatid":"gen9nationaldexdoubles","rating":1103,"private":0,"password":""}