{"id":"gen9nationaldexdoubles-1985892658","p1":"07aint","p2":"needadecentname","format":"[Gen 9] National Dex Doubles","log":"|j|\u260607aint\n|j|\u2606needadecentname\n|t:|1699418528\n|gametype|doubles\n|player|p1|07aint|blue|\n|player|p2|needadecentname|lucas|\n|teamsize|p1|6\n|teamsize|p2|6\n|gen|9\n|tier|[Gen 9] National Dex Doubles\n|rule|HP Percentage Mod: HP is shown in percentages\n|rule|Endless Battle Clause: Forcing endless battles is banned\n|rule|OHKO Clause: OHKO moves are banned\n|rule|Evasion Moves Clause: Evasion moves are banned\n|rule|Evasion Abilities Clause: Evasion abilities are banned\n|rule|Species Clause: Limit one of each Pok\u00e9mon\n|rule|Gravity Sleep Clause: The combination of sleep-inducing moves with imperfect accuracy and Gravity or Gigantamax Orbeetle are banned\n|clearpoke\n|poke|p1|Torkoal, M|\n|poke|p1|Volcarona, M|\n|poke|p1|Gastrodon-East, M|\n|poke|p1|Grimmsnarl, M|\n|poke|p1|Dragonite, M|\n|poke|p1|Ogerpon-Wellspring, F|\n|poke|p2|Ribombee, M|\n|poke|p2|Typhlosion-Hisui, M|\n|poke|p2|Torkoal, F|\n|poke|p2|Ogerpon-Hearthflame, F|\n|poke|p2|Ninetales, F|\n|poke|p2|Murkrow, M|\n|teampreview\n|inactive|Battle timer is ON: inactive players will automatically lose when time's up. (requested by 07aint)\n|c|\u260607aint|same idea lol\n|inactive|07aint has 270 seconds left.\n|c|\u2606needadecentname|\ud83d\udc80\n|\n|t:|1699418572\n|start\n|switch|p1a: Torkoal|Torkoal, M|100\/100\n|switch|p1b: Grimace|Grimmsnarl, M, shiny|100\/100\n|switch|p2a: Ribombee|Ribombee, M|100\/100\n|switch|p2b: Ninetales|Ninetales, F|100\/100\n|-weather|SunnyDay|[from] ability: Drought|[of] p2b: Ninetales\n|turn|1\n|\n|t:|1699418591\n|move|p1b: Grimace|Light Screen|p1b: Grimace\n|-sidestart|p1: 07aint|move: Light Screen\n|move|p2a: Ribombee|Sticky Web|p1a: Torkoal\n|-sidestart|p1: 07aint|move: Sticky Web\n|move|p2b: Ninetales|Encore|p1b: Grimace\n|-start|p1b: Grimace|Encore\n|move|p1a: Torkoal|Stealth Rock|p2a: Ribombee\n|-sidestart|p2: needadecentname|move: Stealth Rock\n|\n|-weather|SunnyDay|[upkeep]\n|upkeep\n|turn|2\n|\n|t:|1699418608\n|switch|p1b: Goop|Gastrodon-East, M|100\/100\n|-activate|p1b: Goop|move: Sticky Web\n|-unboost|p1b: Goop|spe|1\n|move|p2a: Ribombee|Stun Spore|p1b: Goop\n|-status|p1b: Goop|par\n|move|p2b: Ninetales|Encore|p1a: Torkoal\n|-start|p1a: Torkoal|Encore\n|move|p1a: Torkoal|Stealth Rock||[still]\n|-fail|p1a: Torkoal\n|\n|-weather|SunnyDay|[upkeep]\n|upkeep\n|turn|3\n|c|\u260607aint|hold on\n|c|\u260607aint|It paralyzed a ground rype\n|c|\u2606needadecentname|stun spore\n|c|\u2606needadecentname|not thunder wave\n|inactive|07aint has 270 seconds left.\n|\n|t:|1699418650\n|switch|p1a: Parasyte|Volcarona, M, shiny|100\/100\n|move|p2a: Ribombee|Moonblast|p1b: Goop\n|-damage|p1b: Goop|80\/100 par\n|move|p2b: Ninetales|Reflect|p2b: Ninetales\n|-sidestart|p2: needadecentname|Reflect\n|move|p1b: Goop|Surf|p2a: Ribombee|[spread] p1a,p2a,p2b\n|-supereffective|p1a: Parasyte\n|-supereffective|p2b: Ninetales\n|-damage|p1a: Parasyte|86\/100\n|-damage|p2a: Ribombee|81\/100\n|-damage|p2b: Ninetales|75\/100\n|\n|-weather|SunnyDay|[upkeep]\n|-heal|p1b: Goop|86\/100 par|[from] item: Leftovers\n|upkeep\n|turn|4\n|inactive|07aint has 270 seconds left.\n|inactive|needadecentname has 270 seconds left.\n|inactive|07aint has 240 seconds left.\n|\n|t:|1699418697\n|switch|p2b: Torkoal|Torkoal, F|100\/100\n|-damage|p2b: Torkoal|76\/100|[from] Stealth Rock\n|switch|p1b: Torkoal|Torkoal, M|100\/100\n|-activate|p1b: Torkoal|move: Sticky Web\n|-unboost|p1b: Torkoal|spe|1\n|move|p2a: Ribombee|Stun Spore|p1a: Parasyte\n|-status|p1a: Parasyte|par\n|move|p1a: Parasyte|Bug Buzz|p2a: Ribombee\n|-resisted|p2a: Ribombee\n|-damage|p2a: Ribombee|32\/100\n|\n|-weather|SunnyDay|[upkeep]\n|upkeep\n|turn|5\n|inactive|07aint has 240 seconds left.\n|\n|t:|1699418729\n|move|p2a: Ribombee|Stun Spore|p1b: Torkoal\n|-status|p1b: Torkoal|par\n|cant|p1a: Parasyte|par\n|move|p2b: Torkoal|Rapid Spin|p1b: Torkoal\n|-damage|p1b: Torkoal|95\/100 par\n|-boost|p2b: Torkoal|spe|1\n|-sideend|p2: needadecentname|Stealth Rock|[from] move: Rapid Spin|[of] p2b: Torkoal\n|cant|p1b: Torkoal|par\n|\n|-weather|SunnyDay|[upkeep]\n|upkeep\n|turn|6\n|c|\u260607aint|some bull\n|inactive|needadecentname has 270 seconds left.\n|\n|t:|1699418759\n|move|p2a: Ribombee|Moonblast|p1b: Torkoal\n|-resisted|p1b: Torkoal\n|-damage|p1b: Torkoal|76\/100 par\n|move|p1a: Parasyte|Heat Wave|p2a: Ribombee|[spread] p2a,p2b\n|-supereffective|p2a: Ribombee\n|-resisted|p2b: Torkoal\n|-damage|p2a: Ribombee|0 fnt\n|-damage|p2b: Torkoal|46\/100\n|faint|p2a: Ribombee\n|move|p2b: Torkoal|Stealth Rock|p1a: Parasyte\n|-sidestart|p1: 07aint|move: Stealth Rock\n|move|p1b: Torkoal|Rapid Spin|p2b: Torkoal\n|-damage|p2b: Torkoal|41\/100\n|-boost|p1b: Torkoal|spe|1\n|-sideend|p1: 07aint|Stealth Rock|[from] move: Rapid Spin|[of] p1b: Torkoal\n|-sideend|p1: 07aint|Sticky Web|[from] move: Rapid Spin|[of] p1b: Torkoal\n|\n|-weather|SunnyDay|[upkeep]\n|upkeep\n|\n|t:|1699418764\n|switch|p2a: Typhlosion|Typhlosion-Hisui, M|100\/100\n|turn|7\n|inactive|07aint has 270 seconds left.\n|inactive|07aint has 240 seconds left.\n|\n|t:|1699418817\n|switch|p2a: Ogerpon|Ogerpon-Hearthflame, F|100\/100\n|-ability|p2a: Ogerpon|Mold Breaker\n|cant|p1a: Parasyte|par\n|move|p2b: Torkoal|Stealth Rock|p1b: Torkoal\n|-sidestart|p1: 07aint|move: Stealth Rock\n|move|p1b: Torkoal|Yawn|p2a: Ogerpon\n|-start|p2a: Ogerpon|move: Yawn|[of] p1b: Torkoal\n|\n|-weather|SunnyDay|[upkeep]\n|-sideend|p2: needadecentname|Reflect\n|upkeep\n|turn|8\n|inactive|07aint has 240 seconds left.\n|\n|t:|1699418842\n|switch|p2a: Murkrow|Murkrow, M|100\/100\n|cant|p1a: Parasyte|par\n|move|p2b: Torkoal|Clear Smog|p1a: Parasyte\n|-damage|p1a: Parasyte|80\/100 par\n|-clearboost|p1a: Parasyte\n|move|p1b: Torkoal|Rapid Spin|p2a: Murkrow\n|-damage|p2a: Murkrow|83\/100\n|-boost|p1b: Torkoal|spe|1\n|-sideend|p1: 07aint|Stealth Rock|[from] move: Rapid Spin|[of] p1b: Torkoal\n|\n|-weather|none\n|-sideend|p1: 07aint|move: Light Screen\n|upkeep\n|turn|9\n|inactive|07aint has 240 seconds left.\n|\n|t:|1699418865\n|move|p2a: Murkrow|Tailwind|p2a: Murkrow\n|-sidestart|p2: needadecentname|move: Tailwind\n|move|p2b: Torkoal|Stealth Rock|p1b: Torkoal\n|-sidestart|p1: 07aint|move: Stealth Rock\n|move|p1a: Parasyte|Bug Buzz|p2a: Murkrow\n|-damage|p2a: Murkrow|0 fnt\n|faint|p2a: Murkrow\n|move|p1b: Torkoal|Rapid Spin|p2b: Torkoal\n|-damage|p2b: Torkoal|35\/100\n|-boost|p1b: Torkoal|spe|1\n|-sideend|p1: 07aint|Stealth Rock|[from] move: Rapid Spin|[of] p1b: Torkoal\n|\n|upkeep\n|\n|t:|1699418868\n|switch|p2a: Typhlosion|Typhlosion-Hisui, M|100\/100\n|turn|10\n|\n|t:|1699418885\n|switch|p2b: Ninetales|Ninetales, F|75\/100\n|-weather|SunnyDay|[from] ability: Drought|[of] p2b: Ninetales\n|-terastallize|p2a: Typhlosion|Fire\n|move|p2a: Typhlosion|Eruption|p1a: Parasyte|[spread] p1a,p1b\n|-resisted|p1b: Torkoal\n|-damage|p1a: Parasyte|0 fnt\n|-damage|p1b: Torkoal|0 fnt\n|faint|p1a: Parasyte\n|faint|p1b: Torkoal\n|\n|-weather|SunnyDay|[upkeep]\n|upkeep\n|c|\u260607aint|ok then\n|\n|t:|1699418902\n|switch|p1a: Grimace|Grimmsnarl, M, shiny|100\/100\n|switch|p1b: Ogerpon|Ogerpon-Wellspring, F|100\/100\n|turn|11\n|\n|t:|1699418927\n|move|p1a: Grimace|Light Screen|p1a: Grimace\n|-sidestart|p1: 07aint|move: Light Screen\n|move|p2b: Ninetales|Weather Ball|p1a: Grimace\n|-damage|p1a: Grimace|70\/100\n|move|p2a: Typhlosion|Eruption|p1a: Grimace|[spread] p1a,p1b\n|-damage|p1a: Grimace|0 fnt\n|-damage|p1b: Ogerpon|0 fnt\n|faint|p1a: Grimace\n|faint|p1b: Ogerpon\n|\n|-weather|SunnyDay|[upkeep]\n|upkeep\n|c|\u260607aint|that still killed\n|inactive|07aint has 240 seconds left.\n|c|\u2606needadecentname|very nice\n|c|\u260607aint|With light screen\n|c|\u2606needadecentname|i like this team\n|\n|t:|1699418949\n|switch|p1b: Dragonite|Dragonite, M|100\/100\n|switch|p1a: Goop|Gastrodon-East, M|86\/100 par\n|turn|12\n|\n|t:|1699418963\n|move|p2b: Ninetales|Will-O-Wisp|p1b: Dragonite\n|-status|p1b: Dragonite|brn\n|move|p2a: Typhlosion|Eruption|p1a: Goop|[spread] p1a,p1b\n|-resisted|p1a: Goop\n|-resisted|p1b: Dragonite\n|-damage|p1a: Goop|43\/100 par\n|-damage|p1b: Dragonite|74\/100 brn\n|move|p1b: Dragonite|Dragon Dance|p1b: Dragonite\n|-boost|p1b: Dragonite|atk|1\n|-boost|p1b: Dragonite|spe|1\n|cant|p1a: Goop|par\n|\n|-weather|SunnyDay|[upkeep]\n|-heal|p1b: Dragonite|80\/100 brn|[from] item: Leftovers\n|-heal|p1a: Goop|49\/100 par|[from] item: Leftovers\n|-damage|p1b: Dragonite|74\/100 brn|[from] brn\n|-sideend|p2: needadecentname|move: Tailwind\n|upkeep\n|turn|13\n|inactive|07aint has 270 seconds left.\n|inactive|07aint has 240 seconds left.\n|\n|t:|1699418999\n|move|p1b: Dragonite|Outrage|p2a: Typhlosion\n|-damage|p2a: Typhlosion|17\/100\n|move|p2b: Ninetales|Encore|p1b: Dragonite\n|-start|p1b: Dragonite|Encore\n|move|p2a: Typhlosion|Eruption|p1a: Goop|[spread] p1a,p1b\n|-resisted|p1a: Goop\n|-resisted|p1b: Dragonite\n|-damage|p1a: Goop|39\/100 par\n|-damage|p1b: Dragonite|58\/100 brn\n|move|p1a: Goop|Earthquake|p2b: Ninetales|[spread] p2a,p2b\n|-immune|p1b: Dragonite\n|-supereffective|p2a: Typhlosion\n|-supereffective|p2b: Ninetales\n|-damage|p2a: Typhlosion|0 fnt\n|-damage|p2b: Ninetales|10\/100\n|faint|p2a: Typhlosion\n|\n|-weather|SunnyDay|[upkeep]\n|-heal|p1b: Dragonite|64\/100 brn|[from] item: Leftovers\n|-heal|p1a: Goop|46\/100 par|[from] item: Leftovers\n|-damage|p1b: Dragonite|58\/100 brn|[from] brn\n|upkeep\n|\n|t:|1699419005\n|switch|p2a: Ogerpon|Ogerpon-Hearthflame, F|100\/100\n|-ability|p2a: Ogerpon|Mold Breaker\n|turn|14\n|\n|t:|1699419027\n|move|p1b: Dragonite|Outrage|p2b: Ninetales|[from]lockedmove\n|-damage|p2b: Ninetales|0 fnt\n|faint|p2b: Ninetales\n|move|p2a: Ogerpon|Trailblaze|p1a: Goop\n|-supereffective|p1a: Goop\n|-damage|p1a: Goop|0 fnt\n|-boost|p2a: Ogerpon|spe|1\n|faint|p1a: Goop\n|\n|-weather|SunnyDay|[upkeep]\n|-heal|p1b: Dragonite|64\/100 brn|[from] item: Leftovers\n|-damage|p1b: Dragonite|58\/100 brn|[from] brn\n|upkeep\n|\n|t:|1699419031\n|switch|p2b: Torkoal|Torkoal, F|35\/100\n|turn|15\n|inactive|07aint has 270 seconds left.\n|\n|t:|1699419045\n|move|p2a: Ogerpon|Ivy Cudgel|p1b: Dragonite\n|-resisted|p1b: Dragonite\n|-damage|p1b: Dragonite|8\/100 brn\n|move|p1b: Dragonite|Outrage|p2b: Torkoal|[from]lockedmove\n|-damage|p2b: Torkoal|0 fnt\n|faint|p2b: Torkoal\n|-start|p1b: Dragonite|confusion|[fatigue]\n|\n|-weather|SunnyDay|[upkeep]\n|-heal|p1b: Dragonite|14\/100 brn|[from] item: Leftovers\n|-damage|p1b: Dragonite|8\/100 brn|[from] brn\n|upkeep\n|turn|16\n|c|\u260607aint|i lost\n|c|\u2606needadecentname|gg\n|c|\u260607aint|ggs\n|\n|t:|1699419067\n|-terastallize|p1b: Dragonite|Dragon\n|move|p2a: Ogerpon|Ivy Cudgel|p1b: Dragonite\n|-resisted|p1b: Dragonite\n|-damage|p1b: Dragonite|0 fnt\n|faint|p1b: Dragonite\n|\n|win|needadecentname\n","uploadtime":1699419075,"views":5,"p1id":"07aint","p2id":"needadecentname","formatid":"gen9nationaldexdoubles","rating":0,"private":0,"password":""}