{"id":"gen9nationaldexdoubles-1986943931","p1":"lbwtc","p2":"Beep Beep D","format":"[Gen 9] National Dex Doubles","log":"|j|\u2606lbwtc\n|j|\u2606Beep Beep D\n|t:|1699543204\n|gametype|doubles\n|player|p1|lbwtc|265|1044\n|player|p2|Beep Beep D|madame|1063\n|teamsize|p1|6\n|teamsize|p2|6\n|gen|9\n|tier|[Gen 9] National Dex Doubles\n|rated|\n|rule|HP Percentage Mod: HP is shown in percentages\n|rule|Endless Battle Clause: Forcing endless battles is banned\n|rule|OHKO Clause: OHKO moves are banned\n|rule|Evasion Moves Clause: Evasion moves are banned\n|rule|Evasion Abilities Clause: Evasion abilities are banned\n|rule|Species Clause: Limit one of each Pok\u00e9mon\n|rule|Gravity Sleep Clause: The combination of sleep-inducing moves with imperfect accuracy and Gravity or Gigantamax Orbeetle are banned\n|clearpoke\n|poke|p1|Victini|\n|poke|p1|Shuckle, M|\n|poke|p1|Indeedee, M|\n|poke|p1|Tornadus, M|\n|poke|p1|Sinistcha-Masterpiece|\n|poke|p1|Zoroark-Hisui, M|\n|poke|p2|Audino, F|\n|poke|p2|Ursaluna-Bloodmoon, M|\n|poke|p2|Zoroark-Hisui, F|\n|poke|p2|Arboliva, F|\n|poke|p2|Ambipom, F|\n|poke|p2|Meloetta|\n|teampreview\n|\n|t:|1699543215\n|start\n|switch|p1a: Victini|Victini|100\/100\n|switch|p1b: Shuckle|Shuckle, M|100\/100\n|switch|p2a: Papa Bear|Ursaluna-Bloodmoon, M|100\/100\n|switch|p2b: Catch these hands|Ambipom, F, shiny|100\/100\n|turn|1\n|\n|t:|1699543237\n|switch|p1a: Indeedee|Indeedee, M|100\/100\n|-fieldstart|move: Psychic Terrain|[from] ability: Psychic Surge|[of] p1a: Indeedee\n|-enditem|p1a: Indeedee|Psychic Seed\n|-boost|p1a: Indeedee|spd|1|[from] item: Psychic Seed\n|move|p2b: Catch these hands|Fake Out|p1a: Indeedee\n|-activate|p1a: Indeedee|move: Psychic Terrain\n|move|p2a: Papa Bear|Hyper Voice|p1a: Indeedee|[spread] p1a,p1b\n|-resisted|p1b: Shuckle\n|-damage|p1a: Indeedee|76\/100\n|-damage|p1b: Shuckle|90\/100\n|-enditem|p2a: Papa Bear|Throat Spray\n|-boost|p2a: Papa Bear|spa|1|[from] item: Throat Spray\n|move|p1b: Shuckle|Encore|p2b: Catch these hands\n|-start|p2b: Catch these hands|Encore\n|\n|upkeep\n|turn|2\n|\n|t:|1699543258\n|switch|p2b: Grandmama|Arboliva, F|100\/100\n|switch|p1b: Tornadus|Tornadus, M|100\/100\n|move|p2a: Papa Bear|Dark Pulse|p1a: Indeedee\n|-supereffective|p1a: Indeedee\n|-damage|p1a: Indeedee|17\/100\n|move|p1a: Indeedee|Expanding Force|p2a: Papa Bear|[spread] p2a,p2b\n|-damage|p2a: Papa Bear|14\/100\n|-damage|p2b: Grandmama|72\/100\n|replace|p2a: SUPRISE|Zoroark-Hisui, F, shiny\n|-end|p2a: SUPRISE|Illusion\n|\n|upkeep\n|turn|3\n|\n|t:|1699543282\n|move|p2b: Grandmama|Protect|p2b: Grandmama\n|-singleturn|p2b: Grandmama|Protect\n|move|p2a: SUPRISE|Dark Pulse|p1a: Indeedee\n|-supereffective|p1a: Indeedee\n|-damage|p1a: Indeedee|0 fnt\n|faint|p1a: Indeedee\n|replace|p1b: Zoroark|Zoroark-Hisui, M\n|-end|p1b: Zoroark|Illusion\n|-zpower|p1b: Zoroark\n|move|p1b: Zoroark|Z-Happy Hour|p1b: Zoroark|[anim]Happy Hour\n|-boost|p1b: Zoroark|atk|1|[zeffect]\n|-boost|p1b: Zoroark|def|1|[zeffect]\n|-boost|p1b: Zoroark|spa|1|[zeffect]\n|-boost|p1b: Zoroark|spd|1|[zeffect]\n|-boost|p1b: Zoroark|spe|1|[zeffect]\n|\n|upkeep\n|\n|t:|1699543307\n|switch|p1a: Tornadus|Tornadus, M|100\/100\n|turn|4\n|\n|t:|1699543357\n|move|p1b: Zoroark|Hyper Voice|p2b: Grandmama|[spread] p2b\n|-immune|p2a: SUPRISE\n|-damage|p2b: Grandmama|34\/100\n|-enditem|p2b: Grandmama|Sitrus Berry|[eat]\n|-heal|p2b: Grandmama|59\/100|[from] item: Sitrus Berry\n|move|p2a: SUPRISE|Dark Pulse|p1b: Zoroark\n|-supereffective|p1b: Zoroark\n|-damage|p1b: Zoroark|0 fnt\n|faint|p1b: Zoroark\n|move|p1a: Tornadus|Bleakwind Storm|p2b: Grandmama|[spread] p2a\n|-miss|p1a: Tornadus|p2b: Grandmama\n|-damage|p2a: SUPRISE|0 fnt\n|faint|p2a: SUPRISE\n|move|p2b: Grandmama|Substitute|p2b: Grandmama\n|-start|p2b: Grandmama|Substitute\n|-damage|p2b: Grandmama|34\/100\n|\n|upkeep\n|inactive|Battle timer is ON: inactive players will automatically lose when time's up. (requested by lbwtc)\n|\n|t:|1699543412\n|switch|p2a: Catch these hands|Ambipom, F, shiny|100\/100\n|switch|p1b: Victini|Victini|100\/100\n|turn|5\n|\n|t:|1699543428\n|switch|p2a: Arianna|Meloetta|100\/100\n|switch|p1a: Shuckle|Shuckle, M|90\/100\n|move|p1b: Victini|Skill Swap|p1a: Shuckle\n|-activate|p1b: Victini|move: Skill Swap|||[of] p1a: Shuckle\n|move|p2b: Grandmama|Leech Seed|p1a: Shuckle\n|-start|p1a: Shuckle|move: Leech Seed\n|\n|-damage|p1a: Shuckle|78\/100|[from] Leech Seed|[of] p2b: Grandmama\n|-heal|p2b: Grandmama|42\/100|[silent]\n|-fieldend|move: Psychic Terrain\n|-item|p2b: Grandmama|Sitrus Berry|[from] ability: Harvest\n|upkeep\n|-enditem|p2b: Grandmama|Sitrus Berry|[eat]\n|-heal|p2b: Grandmama|67\/100|[from] item: Sitrus Berry\n|turn|6\n|\n|t:|1699543450\n|move|p2a: Arianna|Hyper Voice|p1b: Victini|[spread] p1a,p1b\n|-resisted|p1a: Shuckle\n|-damage|p1a: Shuckle|66\/100\n|-damage|p1b: Victini|68\/100\n|-enditem|p2a: Arianna|Throat Spray\n|-boost|p2a: Arianna|spa|1|[from] item: Throat Spray\n|move|p1b: Victini|V-create|p2a: Arianna\n|-damage|p2a: Arianna|8\/100\n|-boost|p1b: Victini|spe|1\n|-boost|p1b: Victini|def|1\n|-boost|p1b: Victini|spd|1\n|move|p2b: Grandmama|Leech Seed|p1b: Victini|[miss]\n|-miss|p2b: Grandmama|p1b: Victini\n|move|p1a: Shuckle|Final Gambit|p2a: Arianna\n|-damage|p2a: Arianna|0 fnt\n|faint|p1a: Shuckle\n|faint|p2a: Arianna\n|\n|-heal|p1b: Victini|74\/100|[from] item: Leftovers\n|upkeep\n|\n|t:|1699543467\n|switch|p2a: Catch these hands|Ambipom, F, shiny|100\/100\n|switch|p1a: Tornadus|Tornadus, M|100\/100\n|turn|7\n|\n|t:|1699543477\n|move|p2a: Catch these hands|Fake Out|p1b: Victini\n|-damage|p1b: Victini|55\/100\n|cant|p1b: Victini|flinch\n|move|p1a: Tornadus|Bleakwind Storm|p2a: Catch these hands|[spread] p2a,p2b\n|-supereffective|p2b: Grandmama\n|-end|p2b: Grandmama|Substitute\n|-damage|p2a: Catch these hands|52\/100\n|move|p2b: Grandmama|Leech Seed|p1b: Victini\n|-start|p1b: Victini|move: Leech Seed\n|\n|-heal|p1b: Victini|61\/100|[from] item: Leftovers\n|-damage|p1b: Victini|49\/100|[from] Leech Seed|[of] p2b: Grandmama\n|-heal|p2b: Grandmama|79\/100|[silent]\n|-item|p2b: Grandmama|Sitrus Berry|[from] ability: Harvest\n|upkeep\n|turn|8\n|\n|t:|1699543500\n|move|p2b: Grandmama|Protect|p2b: Grandmama\n|-singleturn|p2b: Grandmama|Protect\n|move|p1a: Tornadus|Confide|p1b: Victini\n|-boost|p1b: Victini|spa|1\n|move|p1b: Victini|V-create|p2a: Catch these hands|[miss]\n|-miss|p1b: Victini|p2a: Catch these hands\n|move|p2a: Catch these hands|Double Hit|p1a: Tornadus\n|-damage|p1a: Tornadus|76\/100\n|-damage|p1a: Tornadus|52\/100\n|-hitcount|p1a: Tornadus|2\n|\n|-heal|p1b: Victini|55\/100|[from] item: Leftovers\n|-damage|p1b: Victini|43\/100|[from] Leech Seed|[of] p2b: Grandmama\n|-heal|p2b: Grandmama|90\/100|[silent]\n|upkeep\n|turn|9\n|\n|t:|1699543521\n|switch|p2a: Papa Bear|Ursaluna-Bloodmoon, M|100\/100\n|move|p1a: Tornadus|Defog|p1b: Victini\n|-boost|p1b: Victini|evasion|1\n|move|p1b: Victini|V-create|p2a: Papa Bear\n|-damage|p2a: Papa Bear|50\/100\n|-boost|p1b: Victini|spe|1\n|-boost|p1b: Victini|def|1\n|-boost|p1b: Victini|spd|1\n|move|p2b: Grandmama|Leech Seed|p1a: Tornadus|[miss]\n|-miss|p2b: Grandmama|p1a: Tornadus\n|\n|-heal|p1b: Victini|49\/100|[from] item: Leftovers\n|-heal|p2a: Papa Bear|56\/100|[from] item: Leftovers\n|-damage|p1b: Victini|37\/100|[from] Leech Seed|[of] p2b: Grandmama\n|-heal|p2b: Grandmama|100\/100|[silent]\n|upkeep\n|turn|10\n|inactive|lbwtc has 120 seconds left.\n|\n|t:|1699543578\n|move|p1a: Tornadus|Defog|p1b: Victini\n|-boost|p1b: Victini|evasion|1\n|move|p1b: Victini|Stored Power|p2a: Papa Bear\n|-damage|p2a: Papa Bear|0 fnt\n|faint|p2a: Papa Bear\n|move|p2b: Grandmama|Substitute|p2b: Grandmama\n|-start|p2b: Grandmama|Substitute\n|-damage|p2b: Grandmama|75\/100\n|\n|-heal|p1b: Victini|43\/100|[from] item: Leftovers\n|-damage|p1b: Victini|30\/100|[from] Leech Seed|[of] p2b: Grandmama\n|-heal|p2b: Grandmama|87\/100|[silent]\n|upkeep\n|\n|t:|1699543589\n|switch|p2a: Catch these hands|Ambipom, F, shiny|52\/100\n|turn|11\n|inactive|lbwtc has 120 seconds left.\n|\n|t:|1699543600\n|-terastallize|p1a: Tornadus|Flying\n|move|p2a: Catch these hands|Fake Out|p1a: Tornadus\n|-damage|p1a: Tornadus|24\/100\n|move|p1b: Victini|Stored Power|p2b: Grandmama\n|-end|p2b: Grandmama|Substitute\n|cant|p1a: Tornadus|flinch\n|move|p2b: Grandmama|Dazzling Gleam|p1a: Tornadus|[spread] p1a\n|-miss|p2b: Grandmama|p1b: Victini\n|-damage|p1a: Tornadus|3\/100\n|\n|-heal|p1b: Victini|37\/100|[from] item: Leftovers\n|-damage|p1b: Victini|24\/100|[from] Leech Seed|[of] p2b: Grandmama\n|-heal|p2b: Grandmama|99\/100|[silent]\n|upkeep\n|turn|12\n|\n|t:|1699543622\n|move|p1b: Victini|V-create|p2b: Grandmama\n|-supereffective|p2b: Grandmama\n|-damage|p2b: Grandmama|0 fnt\n|-boost|p1b: Victini|spe|1\n|-boost|p1b: Victini|def|1\n|-boost|p1b: Victini|spd|1\n|faint|p2b: Grandmama\n|move|p2a: Catch these hands|Double Hit|p1b: Victini|[miss]\n|-miss|p2a: Catch these hands|p1b: Victini\n|move|p1a: Tornadus|Bleakwind Storm|p2a: Catch these hands\n|-damage|p2a: Catch these hands|0 fnt\n|faint|p2a: Catch these hands\n|\n|-heal|p1b: Victini|30\/100|[from] item: Leftovers\n|upkeep\n|\n|t:|1699543636\n|switch|p2b: The Baby|Audino, F, shiny|100\/100\n|turn|13\n|\n|t:|1699543643\n|detailschange|p2b: The Baby|Audino-Mega, F, shiny\n|-mega|p2b: The Baby|Audino|Audinite\n|move|p1b: Victini|Stored Power|p2b: The Baby\n|-damage|p2b: The Baby|0 fnt\n|faint|p2b: The Baby\n|\n|win|lbwtc\n|raw|lbwtc's rating: 1044 &rarr; <strong>1079<\/strong><br \/>(+35 for winning)\n|raw|Beep Beep D's rating: 1063 &rarr; <strong>1042<\/strong><br \/>(-21 for losing)\n","uploadtime":1699543647,"views":22,"p1id":"lbwtc","p2id":"beepbeepd","formatid":"gen9nationaldexdoubles","rating":1042,"private":0,"password":""}