{"id":"gen9nationaldexdoubles-1952257150","p1":"Dalender","p2":"Tomich85","format":"[Gen 9] National Dex Doubles","log":"|j|\u2606Dalender\n|j|\u2606Tomich85\n|t:|1695668799\n|gametype|doubles\n|player|p1|Dalender|guitarist|1000\n|player|p2|Tomich85|nate|1000\n|teamsize|p1|5\n|teamsize|p2|6\n|gen|9\n|tier|[Gen 9] National Dex Doubles\n|rated|\n|rule|HP Percentage Mod: HP is shown in percentages\n|rule|Endless Battle Clause: Forcing endless battles is banned\n|rule|OHKO Clause: OHKO moves are banned\n|rule|Evasion Moves Clause: Evasion moves are banned\n|rule|Evasion Abilities Clause: Evasion abilities are banned\n|rule|Species Clause: Limit one of each Pok\u00e9mon\n|rule|Gravity Sleep Clause: The combination of sleep-inducing moves with imperfect accuracy and Gravity or Gigantamax Orbeetle are banned\n|clearpoke\n|poke|p1|Spinda, M|\n|poke|p1|Mr. Rime, F|\n|poke|p1|Sylveon, M|\n|poke|p1|Lanturn, M|\n|poke|p1|Ludicolo, F|\n|poke|p2|Inteleon, M|\n|poke|p2|Toucannon, F|\n|poke|p2|Gallade, M|\n|poke|p2|Sandslash-Alola, M|\n|poke|p2|Dipplin, M|\n|poke|p2|Alakazam, M|\n|teampreview\n|\n|t:|1695668809\n|start\n|switch|p1a: Mr. Rime|Mr. Rime, F|100\/100\n|switch|p1b: Spinda|Spinda, M|100\/100\n|switch|p2a: Alakazam|Alakazam, M|100\/100\n|switch|p2b: Toucannon|Toucannon, F|100\/100\n|turn|1\n|\n|t:|1695668823\n|move|p2a: Alakazam|Shadow Ball|p1a: Mr. Rime\n|-supereffective|p1a: Mr. Rime\n|-damage|p1a: Mr. Rime|40\/100\n|move|p2b: Toucannon|Bullet Seed|p1b: Spinda\n|-damage|p1b: Spinda|88\/100\n|-damage|p1b: Spinda|75\/100\n|-damage|p1b: Spinda|63\/100\n|-damage|p1b: Spinda|50\/100\n|-damage|p1b: Spinda|36\/100\n|-hitcount|p1b: Spinda|5\n|move|p1a: Mr. Rime|Nasty Plot|p1a: Mr. Rime\n|-boost|p1a: Mr. Rime|spa|2\n|move|p1b: Spinda|Teeter Dance|p2b: Toucannon|[spread] p1a,p2a,p2b\n|-start|p1a: Mr. Rime|confusion\n|-start|p2a: Alakazam|confusion\n|-start|p2b: Toucannon|confusion\n|\n|upkeep\n|turn|2\n|\n|t:|1695668845\n|-activate|p2a: Alakazam|confusion\n|-damage|p2a: Alakazam|91\/100|[from] confusion\n|-activate|p2b: Toucannon|confusion\n|move|p2b: Toucannon|Bullet Seed|p1b: Spinda\n|-damage|p1b: Spinda|24\/100\n|-damage|p1b: Spinda|11\/100\n|-damage|p1b: Spinda|0 fnt\n|faint|p1b: Spinda\n|-hitcount|p1: Spinda|3\n|-activate|p1a: Mr. Rime|confusion\n|move|p1a: Mr. Rime|Slack Off|p1a: Mr. Rime\n|-heal|p1a: Mr. Rime|90\/100\n|\n|upkeep\n|\n|t:|1695668860\n|switch|p1b: Lanturn|Lanturn, M|100\/100\n|turn|3\n|\n|t:|1695668877\n|-activate|p2a: Alakazam|confusion\n|move|p2a: Alakazam|Shadow Ball|p1a: Mr. Rime|[miss]\n|-miss|p2a: Alakazam|p1a: Mr. Rime\n|-activate|p2b: Toucannon|confusion\n|-damage|p2b: Toucannon|79\/100|[from] confusion\n|-activate|p1a: Mr. Rime|confusion\n|move|p1a: Mr. Rime|Freeze-Dry|p2b: Toucannon\n|-supereffective|p2b: Toucannon\n|-damage|p2b: Toucannon|0 fnt\n|faint|p2b: Toucannon\n|move|p1b: Lanturn|Scald|p2a: Alakazam\n|-crit|p2a: Alakazam\n|-damage|p2a: Alakazam|48\/100\n|\n|upkeep\n|\n|t:|1695668892\n|switch|p2b: Dipplin|Dipplin, M|100\/100\n|turn|4\n|\n|t:|1695668910\n|-activate|p2a: Alakazam|confusion\n|move|p2a: Alakazam|Shadow Ball|p1a: Mr. Rime|[miss]\n|-miss|p2a: Alakazam|p1a: Mr. Rime\n|-activate|p1a: Mr. Rime|confusion\n|move|p1a: Mr. Rime|Freeze-Dry|p2b: Dipplin\n|-supereffective|p2b: Dipplin\n|-damage|p2b: Dipplin|0 fnt\n|faint|p2b: Dipplin\n|move|p1b: Lanturn|Scald|p2a: Alakazam\n|-damage|p2a: Alakazam|17\/100\n|\n|upkeep\n|\n|t:|1695668917\n|switch|p2b: Inteleon|Inteleon, M|100\/100\n|turn|5\n|\n|t:|1695668932\n|-activate|p2a: Alakazam|confusion\n|move|p2a: Alakazam|Psychic|p1b: Lanturn\n|-damage|p1b: Lanturn|62\/100\n|move|p2b: Inteleon|Shadow Ball|p1a: Mr. Rime|[miss]\n|-miss|p2b: Inteleon|p1a: Mr. Rime\n|-activate|p1a: Mr. Rime|confusion\n|-damage|p1a: Mr. Rime|81\/100|[from] confusion\n|move|p1b: Lanturn|Scald|p2a: Alakazam\n|-damage|p2a: Alakazam|0 fnt\n|faint|p2a: Alakazam\n|\n|-heal|p1b: Lanturn|68\/100|[from] item: Leftovers\n|upkeep\n|\n|t:|1695668943\n|switch|p2a: Gallade|Gallade, M, shiny|100\/100\n|turn|6\n|\n|t:|1695668956\n|detailschange|p2a: Gallade|Gallade-Mega, M, shiny\n|-mega|p2a: Gallade|Gallade|Galladite\n|move|p2b: Inteleon|Snipe Shot|p1a: Mr. Rime\n|-damage|p1a: Mr. Rime|36\/100\n|move|p2a: Gallade|Psycho Cut|p1b: Lanturn\n|-damage|p1b: Lanturn|21\/100\n|-end|p1a: Mr. Rime|confusion\n|move|p1a: Mr. Rime|Freeze-Dry|p2b: Inteleon\n|-supereffective|p2b: Inteleon\n|-damage|p2b: Inteleon|0 fnt\n|faint|p2b: Inteleon\n|move|p1b: Lanturn|Scald|p2a: Gallade\n|-damage|p2a: Gallade|75\/100\n|\n|-heal|p1b: Lanturn|27\/100|[from] item: Leftovers\n|upkeep\n|\n|t:|1695668965\n|switch|p2b: Sandslash|Sandslash-Alola, M|100\/100\n|turn|7\n|\n|t:|1695668987\n|move|p2a: Gallade|Dazzling Gleam|p1b: Lanturn|[spread] p1a,p1b\n|-damage|p1a: Mr. Rime|27\/100\n|-damage|p1b: Lanturn|20\/100\n|move|p2b: Sandslash|Hail|p2b: Sandslash\n|-weather|Hail\n|move|p1a: Mr. Rime|Slack Off|p1a: Mr. Rime\n|-heal|p1a: Mr. Rime|77\/100\n|move|p1b: Lanturn|Thunderbolt|p2a: Gallade\n|-damage|p2a: Gallade|46\/100\n|\n|-weather|Hail|[upkeep]\n|-damage|p2a: Gallade|40\/100|[from] Hail\n|-damage|p1b: Lanturn|13\/100|[from] Hail\n|-heal|p1b: Lanturn|20\/100|[from] item: Leftovers\n|upkeep\n|turn|8\n|\n|t:|1695669017\n|move|p2b: Sandslash|Icicle Spear|p1a: Mr. Rime\n|-resisted|p1a: Mr. Rime\n|-damage|p1a: Mr. Rime|71\/100\n|-resisted|p1a: Mr. Rime\n|-damage|p1a: Mr. Rime|66\/100\n|-resisted|p1a: Mr. Rime\n|-damage|p1a: Mr. Rime|59\/100\n|-hitcount|p1a: Mr. Rime|3\n|move|p2a: Gallade|Psycho Cut|p1b: Lanturn\n|-crit|p1b: Lanturn\n|-damage|p1b: Lanturn|0 fnt\n|faint|p1b: Lanturn\n|move|p1a: Mr. Rime|Psychic|p2a: Gallade\n|-damage|p2a: Gallade|0 fnt\n|faint|p2a: Gallade\n|\n|-weather|Hail|[upkeep]\n|upkeep\n|\n|t:|1695669035\n|switch|p1b: Ludicolo|Ludicolo, F|100\/100\n|turn|9\n|\n|t:|1695669042\n|move|p2b: Sandslash|Icicle Spear|p1b: Ludicolo\n|-damage|p1b: Ludicolo|90\/100\n|-damage|p1b: Ludicolo|79\/100\n|-damage|p1b: Ludicolo|68\/100\n|-hitcount|p1b: Ludicolo|3\n|move|p1a: Mr. Rime|Psychic|p2b: Sandslash\n|-resisted|p2b: Sandslash\n|-damage|p2b: Sandslash|30\/100\n|move|p1b: Ludicolo|Leech Seed|p2b: Sandslash\n|-start|p2b: Sandslash|move: Leech Seed\n|\n|-weather|Hail|[upkeep]\n|-damage|p1b: Ludicolo|62\/100|[from] Hail\n|-damage|p2b: Sandslash|18\/100|[from] Leech Seed|[of] p1b: Ludicolo\n|-heal|p1b: Ludicolo|75\/100|[silent]\n|upkeep\n|turn|10\n|\n|t:|1695669060\n|move|p2b: Sandslash|Flash Cannon|p1b: Ludicolo\n|-resisted|p1b: Ludicolo\n|-damage|p1b: Ludicolo|72\/100\n|move|p1a: Mr. Rime|Psychic|p2b: Sandslash\n|-resisted|p2b: Sandslash\n|-damage|p2b: Sandslash|0 fnt\n|faint|p2b: Sandslash\n|\n|win|Dalender\n|raw|Dalender's rating: 1000 &rarr; <strong>1040<\/strong><br \/>(+40 for winning)\n|raw|Tomich85's rating: 1000 &rarr; <strong>1000<\/strong><br \/>(+0 for losing)\n|l|\u2606Tomich85\n","uploadtime":1695669071,"views":10,"p1id":"dalender","p2id":"tomich85","formatid":"gen9nationaldexdoubles","rating":1000,"private":0,"password":""}