{"id":"gen9nationaldexdoubles-1956215975","p1":"conbomb","p2":"OrangeObama","format":"[Gen 9] National Dex Doubles","log":"|j|\u2606conbomb\n|j|\u2606OrangeObama\n|t:|1696086286\n|gametype|doubles\n|player|p1|conbomb|swimmer-gen4dp|1149\n|player|p2|OrangeObama|acetrainer-gen4dp|1087\n|teamsize|p1|6\n|teamsize|p2|6\n|gen|9\n|tier|[Gen 9] National Dex Doubles\n|rated|\n|rule|HP Percentage Mod: HP is shown in percentages\n|rule|Endless Battle Clause: Forcing endless battles is banned\n|rule|OHKO Clause: OHKO moves are banned\n|rule|Evasion Moves Clause: Evasion moves are banned\n|rule|Evasion Abilities Clause: Evasion abilities are banned\n|rule|Species Clause: Limit one of each Pok\u00e9mon\n|rule|Gravity Sleep Clause: The combination of sleep-inducing moves with imperfect accuracy and Gravity or Gigantamax Orbeetle are banned\n|clearpoke\n|poke|p1|Regigigas|\n|poke|p1|Flamigo, F|\n|poke|p1|Ursaluna-Bloodmoon, M|\n|poke|p1|Audino, M|\n|poke|p1|Oranguru, M|\n|poke|p1|Malamar, F|\n|poke|p2|Latios, M|\n|poke|p2|Landorus-Therian, M|\n|poke|p2|Ogerpon-Wellspring, F|\n|poke|p2|Hitmontop, M|\n|poke|p2|Clefairy, M|\n|poke|p2|Eevee, M|\n|teampreview\n|inactive|Battle timer is ON: inactive players will automatically lose when time's up. (requested by OrangeObama)\n|\n|t:|1696086301\n|start\n|switch|p1a: Oranguru|Oranguru, M|100\/100\n|switch|p1b: Ursaluna|Ursaluna-Bloodmoon, M|100\/100\n|switch|p2a: Clefairy|Clefairy, M|100\/100\n|switch|p2b: Eevee|Eevee, M|100\/100\n|turn|1\n|\n|t:|1696086312\n|move|p2a: Clefairy|Follow Me|p2a: Clefairy\n|-singleturn|p2a: Clefairy|move: Follow Me\n|-zpower|p2b: Eevee\n|move|p2b: Eevee|Extreme Evoboost|p2b: Eevee\n|-boost|p2b: Eevee|atk|2\n|-boost|p2b: Eevee|def|2\n|-boost|p2b: Eevee|spa|2\n|-boost|p2b: Eevee|spd|2\n|-boost|p2b: Eevee|spe|2\n|move|p1b: Ursaluna|Calm Mind|p1b: Ursaluna\n|-boost|p1b: Ursaluna|spa|1\n|-boost|p1b: Ursaluna|spd|1\n|move|p1a: Oranguru|Trick Room|p1a: Oranguru\n|-fieldstart|move: Trick Room|[of] p1a: Oranguru\n|\n|upkeep\n|turn|2\n|\n|t:|1696086328\n|move|p2a: Clefairy|Follow Me|p2a: Clefairy\n|-singleturn|p2a: Clefairy|move: Follow Me\n|move|p1b: Ursaluna|Blood Moon|p2a: Clefairy\n|-damage|p2a: Clefairy|4\/100\n|move|p1a: Oranguru|Instruct|p2a: Clefairy\n|-singleturn|p2a: Clefairy|move: Instruct|[of] p1a: Oranguru\n|move|p2a: Clefairy|Follow Me||[still]\n|-fail|p2a: Clefairy\n|move|p2b: Eevee|Baton Pass|p2b: Eevee\n|\n|t:|1696086337\n|switch|p2b: Latios|Latios, M|100\/100|[from] Baton Pass\n|\n|upkeep\n|turn|3\n|\n|t:|1696086347\n|detailschange|p2b: Latios|Latios-Mega, M\n|-mega|p2b: Latios|Latios|Latiosite\n|move|p2a: Clefairy|Follow Me|p2a: Clefairy\n|-singleturn|p2a: Clefairy|move: Follow Me\n|move|p1b: Ursaluna|Calm Mind|p1b: Ursaluna\n|-boost|p1b: Ursaluna|spa|1\n|-boost|p1b: Ursaluna|spd|1\n|move|p1a: Oranguru|Taunt|p2a: Clefairy\n|-start|p2a: Clefairy|move: Taunt\n|move|p2b: Latios|Stored Power|p1b: Ursaluna\n|-damage|p1b: Ursaluna|0 fnt\n|faint|p1b: Ursaluna\n|\n|upkeep\n|\n|t:|1696086359\n|switch|p1b: Malamar|Malamar, F, shiny|100\/100\n|turn|4\n|c|\u2606OrangeObama|gg\n|\n|t:|1696086376\n|switch|p1a: MC Compensator|Regigigas, shiny|100\/100\n|-start|p1a: MC Compensator|ability: Slow Start\n|move|p2a: Clefairy|Moonblast|p1b: Malamar\n|-supereffective|p1b: Malamar\n|-damage|p1b: Malamar|50\/100\n|move|p1b: Malamar|Simple Beam|p1a: MC Compensator\n|-end|p1a: MC Compensator|Slow Start|[silent]\n|-endability|p1a: MC Compensator|Slow Start|[from] move: Simple Beam\n|-ability|p1a: MC Compensator|Simple|[from] move: Simple Beam\n|move|p2b: Latios|Aura Sphere|p1b: Malamar\n|-damage|p1b: Malamar|0 fnt\n|faint|p1b: Malamar\n|\n|upkeep\n|\n|t:|1696086393\n|switch|p1b: Oranguru|Oranguru, M|100\/100\n|turn|5\n|\n|t:|1696086406\n|-terastallize|p1a: MC Compensator|Psychic\n|move|p2a: Clefairy|Moonblast|p1b: Oranguru\n|-damage|p1b: Oranguru|86\/100\n|-unboost|p1b: Oranguru|spa|1\n|move|p1b: Oranguru|Taunt|p2b: Latios\n|-start|p2b: Latios|move: Taunt\n|move|p1a: MC Compensator|Rock Polish|p1a: MC Compensator\n|-boost|p1a: MC Compensator|spe|4\n|move|p2b: Latios|Stored Power|p1a: MC Compensator\n|-resisted|p1a: MC Compensator\n|-damage|p1a: MC Compensator|15\/100\n|\n|-fieldend|move: Trick Room\n|upkeep\n|turn|6\n|\n|t:|1696086423\n|move|p1a: MC Compensator|Knock Off|p2b: Latios\n|-supereffective|p2b: Latios\n|-damage|p2b: Latios|84\/100\n|move|p2b: Latios|Stored Power|p1b: Oranguru\n|-resisted|p1b: Oranguru\n|-damage|p1b: Oranguru|0 fnt\n|faint|p1b: Oranguru\n|move|p2a: Clefairy|Moonblast|p1a: MC Compensator\n|-damage|p1a: MC Compensator|1\/100\n|\n|-end|p2a: Clefairy|move: Taunt\n|upkeep\n|-message|conbomb forfeited.\n|\n|win|OrangeObama\n|raw|conbomb's rating: 1149 &rarr; <strong>1120<\/strong><br \/>(-29 for losing)\n|raw|OrangeObama's rating: 1087 &rarr; <strong>1119<\/strong><br \/>(+32 for winning)\n|l|\u2606conbomb\n|c|\u2606OrangeObama|gg\n","uploadtime":1696086439,"views":9,"p1id":"conbomb","p2id":"orangeobama","formatid":"gen9nationaldexdoubles","rating":1119,"private":0,"password":""}