{"id":"gen9nationaldexdoubles-1957987928","p1":"TUSKUS MASTER","p2":"Theadonia","format":"[Gen 9] National Dex Doubles","log":"|j|\u2606TUSKUS MASTER\n|j|\u2606Theadonia\n|t:|1696278154\n|gametype|doubles\n|player|p1|TUSKUS MASTER|birdkeeper-gen4dp|1044\n|player|p2|Theadonia|caitlin|1107\n|teamsize|p1|6\n|teamsize|p2|6\n|gen|9\n|tier|[Gen 9] National Dex Doubles\n|rated|\n|rule|HP Percentage Mod: HP is shown in percentages\n|rule|Endless Battle Clause: Forcing endless battles is banned\n|rule|OHKO Clause: OHKO moves are banned\n|rule|Evasion Moves Clause: Evasion moves are banned\n|rule|Evasion Abilities Clause: Evasion abilities are banned\n|rule|Species Clause: Limit one of each Pok\u00e9mon\n|rule|Gravity Sleep Clause: The combination of sleep-inducing moves with imperfect accuracy and Gravity or Gigantamax Orbeetle are banned\n|clearpoke\n|poke|p1|Ferrothorn, M|\n|poke|p1|Charizard, M|\n|poke|p1|Gholdengo|\n|poke|p1|Pachirisu, F|\n|poke|p1|Iron Hands|\n|poke|p1|Iron Bundle|\n|poke|p2|Delphox, F|\n|poke|p2|Oricorio-Sensu, M|\n|poke|p2|Kommo-o, M|\n|poke|p2|Riolu, F|\n|poke|p2|Cresselia, F|\n|poke|p2|Smeargle, F|\n|teampreview\n|inactive|Battle timer is ON: inactive players will automatically lose when time's up. (requested by TUSKUS MASTER)\n|\n|t:|1696278168\n|start\n|switch|p1a: SpikedUp|Ferrothorn, M|100\/100\n|switch|p1b: Burning Bane|Charizard, M, shiny|100\/100\n|switch|p2a: Delphox|Delphox, F, shiny|100\/100\n|switch|p2b: Smeargle|Smeargle, F|100\/100\n|turn|1\n|\n|t:|1696278184\n|detailschange|p1b: Burning Bane|Charizard-Mega-X, M, shiny\n|-mega|p1b: Burning Bane|Charizard|Charizardite X\n|-terastallize|p1a: SpikedUp|Water\n|move|p2b: Smeargle|Clangorous Soul|p2b: Smeargle\n|-boost|p2b: Smeargle|atk|1\n|-boost|p2b: Smeargle|def|1\n|-boost|p2b: Smeargle|spa|1\n|-boost|p2b: Smeargle|spd|1\n|-boost|p2b: Smeargle|spe|1\n|-damage|p2b: Smeargle|68\/100\n|move|p2a: Delphox|Copycat|p2a: Delphox\n|move|p2a: Delphox|Clangorous Soul|p2a: Delphox|[from]move: Copycat\n|-boost|p2a: Delphox|atk|1\n|-boost|p2a: Delphox|def|1\n|-boost|p2a: Delphox|spa|1\n|-boost|p2a: Delphox|spd|1\n|-boost|p2a: Delphox|spe|1\n|-damage|p2a: Delphox|68\/100\n|move|p1b: Burning Bane|Flare Blitz|p2b: Smeargle\n|-damage|p2b: Smeargle|0 fnt\n|faint|p2b: Smeargle\n|-damage|p1b: Burning Bane|77\/100|[from] Recoil\n|move|p1a: SpikedUp|Leech Seed|p2a: Delphox\n|-start|p2a: Delphox|move: Leech Seed\n|\n|-damage|p2a: Delphox|55\/100|[from] Leech Seed|[of] p1a: SpikedUp\n|upkeep\n|\n|t:|1696278197\n|switch|p2b: Oricorio|Oricorio-Sensu, M, shiny|100\/100\n|turn|2\n|\n|t:|1696278215\n|move|p2a: Delphox|Stored Power|p1b: Burning Bane\n|-damage|p1b: Burning Bane|0 fnt\n|faint|p1b: Burning Bane\n|move|p2b: Oricorio|Quiver Dance|p2b: Oricorio\n|-boost|p2b: Oricorio|spa|1\n|-boost|p2b: Oricorio|spd|1\n|-boost|p2b: Oricorio|spe|1\n|move|p1a: SpikedUp|Gyro Ball|p2b: Oricorio\n|-damage|p2b: Oricorio|41\/100\n|\n|-damage|p2a: Delphox|43\/100|[from] Leech Seed|[of] p1a: SpikedUp\n|upkeep\n|\n|t:|1696278220\n|switch|p1b: Icy Owl|Iron Bundle|100\/100\n|-enditem|p1b: Icy Owl|Booster Energy\n|-activate|p1b: Icy Owl|ability: Quark Drive|[fromitem]\n|-start|p1b: Icy Owl|quarkdrivespe\n|turn|3\n|\n|t:|1696278241\n|move|p2a: Delphox|Stored Power|p1b: Icy Owl\n|-damage|p1b: Icy Owl|0 fnt\n|faint|p1b: Icy Owl\n|-end|p1b: Icy Owl|Quark Drive|[silent]\n|move|p2b: Oricorio|Roost|p2b: Oricorio\n|-heal|p2b: Oricorio|91\/100\n|-singleturn|p2b: Oricorio|move: Roost\n|move|p1a: SpikedUp|Gyro Ball|p2b: Oricorio\n|-damage|p2b: Oricorio|40\/100\n|\n|-damage|p2a: Delphox|30\/100|[from] Leech Seed|[of] p1a: SpikedUp\n|upkeep\n|\n|t:|1696278250\n|switch|p1b: Metal Malice|Gholdengo, shiny|100\/100\n|turn|4\n|\n|t:|1696278271\n|move|p2a: Delphox|Role Play|p2b: Oricorio\n|-endability|p2a: Delphox|Magician|[from] move: Role Play\n|-ability|p2a: Delphox|Dancer|[from] move: Role Play|[of] p2b: Oricorio\n|move|p2b: Oricorio|Revelation Dance|p1b: Metal Malice\n|-supereffective|p1b: Metal Malice\n|-damage|p1b: Metal Malice|0 fnt\n|faint|p1b: Metal Malice\n|-activate|p2a: Delphox|ability: Dancer\n|move|p2a: Delphox|Revelation Dance|p1a: SpikedUp|[from]ability: Dancer\n|-resisted|p1a: SpikedUp\n|-damage|p1a: SpikedUp|78\/100\n|move|p1a: SpikedUp|Gyro Ball|p2b: Oricorio\n|-damage|p2b: Oricorio|0 fnt\n|faint|p2b: Oricorio\n|\n|-damage|p2a: Delphox|18\/100|[from] Leech Seed|[of] p1a: SpikedUp\n|-heal|p1a: SpikedUp|90\/100|[silent]\n|upkeep\n|\n|t:|1696278288\n|switch|p1b: Sparky Slammer|Iron Hands|100\/100\n|switch|p2b: Cresselia|Cresselia, F|100\/100\n|turn|5\n|\n|t:|1696278299\n|move|p1b: Sparky Slammer|Fake Out|p2a: Delphox\n|-damage|p2a: Delphox|2\/100\n|cant|p2a: Delphox|flinch\n|move|p2b: Cresselia|Lunar Blessing|p2b: Cresselia|[spread] p2a,p2b\n|-heal|p2a: Delphox|27\/100\n|move|p1a: SpikedUp|Gyro Ball|p2b: Cresselia\n|-damage|p2b: Cresselia|65\/100\n|\n|-heal|p2b: Cresselia|71\/100|[from] item: Leftovers\n|-damage|p2a: Delphox|14\/100|[from] Leech Seed|[of] p1a: SpikedUp\n|-heal|p1a: SpikedUp|100\/100|[silent]\n|upkeep\n|turn|6\n|\n|t:|1696278320\n|move|p1b: Sparky Slammer|Protect|p1b: Sparky Slammer\n|-singleturn|p1b: Sparky Slammer|Protect\n|move|p2a: Delphox|Stored Power|p1b: Sparky Slammer\n|-activate|p1b: Sparky Slammer|move: Protect\n|move|p2b: Cresselia|Lunar Blessing|p2b: Cresselia|[spread] p2a,p2b\n|-heal|p2a: Delphox|39\/100\n|-heal|p2b: Cresselia|96\/100\n|move|p1a: SpikedUp|Curse|p1a: SpikedUp\n|-unboost|p1a: SpikedUp|spe|1\n|-boost|p1a: SpikedUp|atk|1\n|-boost|p1a: SpikedUp|def|1\n|\n|-heal|p2b: Cresselia|100\/100|[from] item: Leftovers\n|-damage|p2a: Delphox|27\/100|[from] Leech Seed|[of] p1a: SpikedUp\n|upkeep\n|turn|7\n|\n|t:|1696278349\n|-end|p1b: Sparky Slammer|Quark Drive|[silent]\n|switch|p1b: Little Lucky|Pachirisu, F, shiny|100\/100\n|move|p2a: Delphox|Stored Power|p1b: Little Lucky\n|-damage|p1b: Little Lucky|13\/100\n|-enditem|p1b: Little Lucky|Sitrus Berry|[eat]\n|-heal|p1b: Little Lucky|38\/100|[from] item: Sitrus Berry\n|move|p2b: Cresselia|Lunar Blessing|p2b: Cresselia|[spread] p2a,p2b\n|-heal|p2a: Delphox|52\/100\n|move|p1a: SpikedUp|Gyro Ball|p2a: Delphox\n|-resisted|p2a: Delphox\n|-damage|p2a: Delphox|4\/100\n|\n|-damage|p2a: Delphox|0 fnt|[from] Leech Seed|[of] p1a: SpikedUp\n|faint|p2a: Delphox\n|upkeep\n|\n|t:|1696278357\n|switch|p2a: Kommo-o|Kommo-o, M, shiny|100\/100\n|turn|8\n|\n|t:|1696278374\n|-zpower|p2a: Kommo-o\n|move|p2a: Kommo-o|Clangorous Soulblaze|p1b: Little Lucky|[zeffect]|[spread] p1a,p1b\n|-damage|p1a: SpikedUp|65\/100\n|-damage|p1b: Little Lucky|0 fnt\n|faint|p1b: Little Lucky\n|-boost|p2a: Kommo-o|atk|1\n|-boost|p2a: Kommo-o|def|1\n|-boost|p2a: Kommo-o|spa|1\n|-boost|p2a: Kommo-o|spd|1\n|-boost|p2a: Kommo-o|spe|1\n|move|p2b: Cresselia|Icy Wind|p1a: SpikedUp\n|-resisted|p1a: SpikedUp\n|-damage|p1a: SpikedUp|60\/100\n|-unboost|p1a: SpikedUp|spe|1\n|move|p1a: SpikedUp|Gyro Ball|p2a: Kommo-o\n|-damage|p2a: Kommo-o|37\/100\n|\n|upkeep\n|\n|t:|1696278378\n|switch|p1b: Sparky Slammer|Iron Hands|100\/100\n|turn|9\n|\n|t:|1696278390\n|move|p1b: Sparky Slammer|Fake Out|p2a: Kommo-o\n|-damage|p2a: Kommo-o|26\/100\n|cant|p2a: Kommo-o|flinch\n|move|p2b: Cresselia|Lunar Blessing|p2b: Cresselia|[spread] p2a,p2b\n|-heal|p2a: Kommo-o|51\/100\n|move|p1a: SpikedUp|Gyro Ball|p2a: Kommo-o\n|-damage|p2a: Kommo-o|0 fnt\n|faint|p2a: Kommo-o\n|\n|upkeep\n|\n|t:|1696278399\n|switch|p2a: Riolu|Riolu, F|100\/100\n|turn|10\n|\n|t:|1696278416\n|move|p2a: Riolu|Coaching|p2b: Cresselia\n|-boost|p2b: Cresselia|atk|1\n|-boost|p2b: Cresselia|def|1\n|move|p2b: Cresselia|Stored Power|p1b: Sparky Slammer\n|-supereffective|p1b: Sparky Slammer\n|-damage|p1b: Sparky Slammer|56\/100\n|move|p1b: Sparky Slammer|Drain Punch|p2a: Riolu\n|-damage|p2a: Riolu|21\/100\n|-heal|p1b: Sparky Slammer|78\/100|[from] drain|[of] p2a: Riolu\n|move|p1a: SpikedUp|Leech Seed|p2b: Cresselia\n|-start|p2b: Cresselia|move: Leech Seed\n|\n|-heal|p1b: Sparky Slammer|84\/100|[from] item: Leftovers\n|-damage|p2b: Cresselia|88\/100|[from] Leech Seed|[of] p1a: SpikedUp\n|-heal|p1a: SpikedUp|79\/100|[silent]\n|upkeep\n|turn|11\n|\n|t:|1696278439\n|move|p2a: Riolu|Coaching|p2b: Cresselia\n|-boost|p2b: Cresselia|atk|1\n|-boost|p2b: Cresselia|def|1\n|move|p2b: Cresselia|Stored Power|p1b: Sparky Slammer\n|-supereffective|p1b: Sparky Slammer\n|-damage|p1b: Sparky Slammer|12\/100\n|move|p1b: Sparky Slammer|Thunder Punch|p2b: Cresselia\n|-damage|p2b: Cresselia|72\/100\n|move|p1a: SpikedUp|Leech Seed|p2a: Riolu\n|-start|p2a: Riolu|move: Leech Seed\n|\n|-heal|p2b: Cresselia|78\/100|[from] item: Leftovers\n|-heal|p1b: Sparky Slammer|19\/100|[from] item: Leftovers\n|-damage|p2b: Cresselia|66\/100|[from] Leech Seed|[of] p1a: SpikedUp\n|-heal|p1a: SpikedUp|98\/100|[silent]\n|-damage|p2a: Riolu|9\/100|[from] Leech Seed|[of] p1a: SpikedUp\n|-heal|p1a: SpikedUp|100\/100|[silent]\n|upkeep\n|turn|12\n|\n|t:|1696278465\n|move|p1b: Sparky Slammer|Protect|p1b: Sparky Slammer\n|-singleturn|p1b: Sparky Slammer|Protect\n|move|p2a: Riolu|Coaching|p2b: Cresselia\n|-boost|p2b: Cresselia|atk|1\n|-boost|p2b: Cresselia|def|1\n|move|p2b: Cresselia|Lunar Blessing|p2b: Cresselia|[spread] p2a,p2b\n|-heal|p2a: Riolu|34\/100\n|-heal|p2b: Cresselia|91\/100\n|move|p1a: SpikedUp|Gyro Ball|p2b: Cresselia\n|-damage|p2b: Cresselia|64\/100\n|\n|-heal|p2b: Cresselia|71\/100|[from] item: Leftovers\n|-heal|p1b: Sparky Slammer|25\/100|[from] item: Leftovers\n|-damage|p2b: Cresselia|58\/100|[from] Leech Seed|[of] p1a: SpikedUp\n|-damage|p2a: Riolu|22\/100|[from] Leech Seed|[of] p1a: SpikedUp\n|upkeep\n|turn|13\n|inactive|TUSKUS MASTER has 120 seconds left.\n|\n|t:|1696278504\n|move|p2a: Riolu|Coaching|p2b: Cresselia\n|-boost|p2b: Cresselia|atk|1\n|-boost|p2b: Cresselia|def|1\n|move|p2b: Cresselia|Stored Power|p1b: Sparky Slammer\n|-supereffective|p1b: Sparky Slammer\n|-damage|p1b: Sparky Slammer|0 fnt\n|faint|p1b: Sparky Slammer\n|-end|p1b: Sparky Slammer|Quark Drive|[silent]\n|move|p1a: SpikedUp|Power Whip|p2b: Cresselia\n|-damage|p2b: Cresselia|41\/100\n|\n|-heal|p2b: Cresselia|47\/100|[from] item: Leftovers\n|-damage|p2b: Cresselia|34\/100|[from] Leech Seed|[of] p1a: SpikedUp\n|-damage|p2a: Riolu|9\/100|[from] Leech Seed|[of] p1a: SpikedUp\n|upkeep\n|turn|14\n|\n|t:|1696278515\n|move|p2a: Riolu|Coaching|p2b: Cresselia\n|-boost|p2b: Cresselia|atk|1\n|-boost|p2b: Cresselia|def|1\n|move|p2b: Cresselia|Lunar Blessing|p2b: Cresselia|[spread] p2a,p2b\n|-heal|p2a: Riolu|34\/100\n|-heal|p2b: Cresselia|59\/100\n|move|p1a: SpikedUp|Power Whip|p2a: Riolu\n|-damage|p2a: Riolu|0 fnt\n|faint|p2a: Riolu\n|\n|-heal|p2b: Cresselia|65\/100|[from] item: Leftovers\n|-damage|p2b: Cresselia|53\/100|[from] Leech Seed|[of] p1a: SpikedUp\n|upkeep\n|turn|15\n|\n|t:|1696278526\n|move|p2b: Cresselia|Stored Power|p1a: SpikedUp\n|-damage|p1a: SpikedUp|33\/100\n|move|p1a: SpikedUp|Curse|p1a: SpikedUp\n|-unboost|p1a: SpikedUp|spe|1\n|-boost|p1a: SpikedUp|atk|1\n|-boost|p1a: SpikedUp|def|1\n|\n|-heal|p2b: Cresselia|59\/100|[from] item: Leftovers\n|-damage|p2b: Cresselia|47\/100|[from] Leech Seed|[of] p1a: SpikedUp\n|-heal|p1a: SpikedUp|52\/100|[silent]\n|upkeep\n|turn|16\n|\n|t:|1696278533\n|move|p2b: Cresselia|Stored Power|p1a: SpikedUp\n|-damage|p1a: SpikedUp|0 fnt\n|faint|p1a: SpikedUp\n|\n|win|Theadonia\n|raw|TUSKUS MASTER's rating: 1044 &rarr; <strong>1030<\/strong><br \/>(-14 for losing)\n|raw|Theadonia's rating: 1107 &rarr; <strong>1128<\/strong><br \/>(+21 for winning)\n|c|\u2606Theadonia|Ggwp\n|c|\u2606TUSKUS MASTER|gg\n","uploadtime":1696278543,"views":7,"p1id":"tuskusmaster","p2id":"theadonia","formatid":"gen9nationaldexdoubles","rating":1030,"private":0,"password":""}