{"id":"gen9nationaldexdoubles-1968344533","p1":"Noibaat 500","p2":"ElisaIsATransDinos","format":"[Gen 9] National Dex Doubles","log":"|j|\u2606Noibaat 500\n|j|\u2606ElisaIsATransDinos\n|t:|1697408305\n|gametype|doubles\n|player|p1|Noibaat 500|giovanni|1095\n|player|p2|ElisaIsATransDinos|furisodegirl-black|1109\n|teamsize|p1|6\n|teamsize|p2|6\n|gen|9\n|tier|[Gen 9] National Dex Doubles\n|rated|\n|rule|HP Percentage Mod: HP is shown in percentages\n|rule|Endless Battle Clause: Forcing endless battles is banned\n|rule|OHKO Clause: OHKO moves are banned\n|rule|Evasion Moves Clause: Evasion moves are banned\n|rule|Evasion Abilities Clause: Evasion abilities are banned\n|rule|Species Clause: Limit one of each Pok\u00e9mon\n|rule|Gravity Sleep Clause: The combination of sleep-inducing moves with imperfect accuracy and Gravity or Gigantamax Orbeetle are banned\n|clearpoke\n|poke|p1|Delphox, M|\n|poke|p1|Hydreigon, M|\n|poke|p1|Mightyena, M|\n|poke|p1|Venusaur, M|\n|poke|p1|Lucario, M|\n|poke|p1|Golurk|\n|poke|p2|Tornadus, M|\n|poke|p2|Murkrow, F|\n|poke|p2|Empoleon, F|\n|poke|p2|Wyrdeer, F|\n|poke|p2|Dragapult, F|\n|poke|p2|Stantler, F|\n|teampreview\n|inactive|Battle timer is ON: inactive players will automatically lose when time's up. (requested by ElisaIsATransDinos)\n|inactive|ElisaIsATransDinos has 120 seconds left.\n|\n|t:|1697408365\n|start\n|switch|p1a: Hydreigon|Hydreigon, M|100\/100\n|switch|p1b: Venusaur|Venusaur, M|100\/100\n|switch|p2a: Tornadus|Tornadus, M, shiny|100\/100\n|switch|p2b: Wyrdeer|Wyrdeer, F, shiny|100\/100\n|-ability|p2b: Wyrdeer|Intimidate|boost\n|-unboost|p1a: Hydreigon|atk|1\n|-unboost|p1b: Venusaur|atk|1\n|turn|1\n|\n|t:|1697408379\n|move|p2b: Wyrdeer|Protect|p2b: Wyrdeer\n|-singleturn|p2b: Wyrdeer|Protect\n|move|p2a: Tornadus|Tailwind|p2a: Tornadus\n|-sidestart|p2: ElisaIsATransDinos|move: Tailwind\n|move|p1a: Hydreigon|Dark Pulse|p2b: Wyrdeer\n|-activate|p2b: Wyrdeer|move: Protect\n|move|p1b: Venusaur|Leech Seed|p2a: Tornadus\n|-start|p2a: Tornadus|move: Leech Seed\n|\n|-damage|p2a: Tornadus|88\/100|[from] Leech Seed|[of] p1b: Venusaur\n|upkeep\n|turn|2\n|\n|t:|1697408397\n|switch|p2a: Empoleon|Empoleon, F, shiny|100\/100\n|move|p2b: Wyrdeer|Skill Swap|p1b: Venusaur\n|-activate|p2b: Wyrdeer|move: Skill Swap|Overgrow|Intimidate|[of] p1b: Venusaur\n|-ability|p1b: Venusaur|Intimidate|boost\n|-unboost|p2a: Empoleon|atk|1\n|-ability|p2a: Empoleon|Competitive|boost\n|-boost|p2a: Empoleon|spa|2\n|-enditem|p2a: Empoleon|Adrenaline Orb\n|-boost|p2a: Empoleon|spe|1|[from] item: Adrenaline Orb\n|-unboost|p2b: Wyrdeer|atk|1\n|move|p1a: Hydreigon|Dark Pulse|p2b: Wyrdeer\n|-supereffective|p2b: Wyrdeer\n|-damage|p2b: Wyrdeer|31\/100\n|move|p1b: Venusaur|Leech Seed|p2b: Wyrdeer|[miss]\n|-miss|p1b: Venusaur|p2b: Wyrdeer\n|\n|-heal|p2b: Wyrdeer|37\/100|[from] item: Leftovers\n|upkeep\n|turn|3\n|\n|t:|1697408427\n|detailschange|p1b: Venusaur|Venusaur-Mega, M\n|-mega|p1b: Venusaur|Venusaur|Venusaurite\n|move|p2a: Empoleon|Blizzard|p1b: Venusaur|[spread] p1a,p1b\n|-supereffective|p1a: Hydreigon\n|-supereffective|p1b: Venusaur\n|-damage|p1a: Hydreigon|0 fnt\n|-damage|p1b: Venusaur|55\/100\n|faint|p1a: Hydreigon\n|move|p2b: Wyrdeer|Rest|p2b: Wyrdeer\n|-status|p2b: Wyrdeer|slp|[from] move: Rest\n|-heal|p2b: Wyrdeer|100\/100 slp|[silent]\n|move|p1b: Venusaur|Giga Drain|p2a: Empoleon\n|-damage|p2a: Empoleon|59\/100\n|-heal|p1b: Venusaur|73\/100|[from] drain|[of] p2a: Empoleon\n|\n|upkeep\n|inactive|Noibaat 500 has 120 seconds left.\n|\n|t:|1697408444\n|switch|p1a: Golurk|Golurk|100\/100\n|turn|4\n|\n|t:|1697408456\n|move|p2a: Empoleon|Blizzard|p1a: Golurk|[spread] p1a\n|-miss|p2a: Empoleon|p1b: Venusaur\n|-supereffective|p1a: Golurk\n|-damage|p1a: Golurk|19\/100\n|cant|p2b: Wyrdeer|slp\n|move|p1b: Venusaur|Leech Seed|p2b: Wyrdeer\n|-start|p2b: Wyrdeer|move: Leech Seed\n|move|p1a: Golurk|Drain Punch|p2a: Empoleon\n|-supereffective|p2a: Empoleon\n|-damage|p2a: Empoleon|0 fnt\n|-heal|p1a: Golurk|43\/100|[from] drain|[of] p2a: Empoleon\n|faint|p2a: Empoleon\n|\n|-damage|p2b: Wyrdeer|88\/100 slp|[from] Leech Seed|[of] p1b: Venusaur\n|-heal|p1b: Venusaur|85\/100|[silent]\n|-sideend|p2: ElisaIsATransDinos|move: Tailwind\n|upkeep\n|\n|t:|1697408462\n|switch|p2a: Tornadus|Tornadus, M, shiny|88\/100\n|turn|5\n|\n|t:|1697408473\n|switch|p2b: Dragapult|Dragapult, F, shiny|100\/100\n|move|p2a: Tornadus|Tailwind|p2a: Tornadus\n|-sidestart|p2: ElisaIsATransDinos|move: Tailwind\n|move|p1b: Venusaur|Giga Drain|p2b: Dragapult\n|-resisted|p2b: Dragapult\n|-damage|p2b: Dragapult|73\/100\n|-heal|p1b: Venusaur|97\/100|[from] drain|[of] p2b: Dragapult\n|move|p1a: Golurk|Shadow Punch|p2a: Tornadus\n|-damage|p2a: Tornadus|22\/100\n|\n|upkeep\n|turn|6\n|\n|t:|1697408494\n|move|p2b: Dragapult|Phantom Force||[still]\n|-prepare|p2b: Dragapult|Phantom Force\n|move|p2a: Tornadus|Bleakwind Storm|p1a: Golurk|[spread] p1a,p1b\n|-supereffective|p1b: Venusaur\n|-damage|p1a: Golurk|16\/100\n|-damage|p1b: Venusaur|36\/100\n|move|p1b: Venusaur|Leech Seed|p2b: Dragapult|[miss]\n|-miss|p1b: Venusaur|p2b: Dragapult\n|move|p1a: Golurk|Shadow Punch|p2a: Tornadus\n|-damage|p2a: Tornadus|0 fnt\n|faint|p2a: Tornadus\n|\n|upkeep\n|\n|t:|1697408502\n|switch|p2a: Stantler|Stantler, F, shiny|100\/100\n|-ability|p2a: Stantler|Intimidate|boost\n|-unboost|p1a: Golurk|atk|1\n|-unboost|p1b: Venusaur|atk|1\n|turn|7\n|\n|t:|1697408512\n|move|p2b: Dragapult|Phantom Force|p1a: Golurk|[from]lockedmove\n|-supereffective|p1a: Golurk\n|-damage|p1a: Golurk|0 fnt\n|faint|p1a: Golurk\n|move|p2a: Stantler|Psyshock|p1b: Venusaur\n|-supereffective|p1b: Venusaur\n|-damage|p1b: Venusaur|10\/100\n|move|p1b: Venusaur|Leech Seed|p2b: Dragapult\n|-start|p2b: Dragapult|move: Leech Seed\n|\n|-damage|p2b: Dragapult|60\/100|[from] Leech Seed|[of] p1b: Venusaur\n|-heal|p1b: Venusaur|21\/100|[silent]\n|upkeep\n|\n|t:|1697408515\n|switch|p1a: Mightyena|Mightyena, M|100\/100\n|-ability|p1a: Mightyena|Intimidate|boost\n|-unboost|p2a: Stantler|atk|1\n|-unboost|p2b: Dragapult|atk|1\n|turn|8\n|\n|t:|1697408535\n|move|p2b: Dragapult|Dragon Dance|p2b: Dragapult\n|-boost|p2b: Dragapult|atk|1\n|-boost|p2b: Dragapult|spe|1\n|move|p2a: Stantler|Psyshock|p1b: Venusaur\n|-supereffective|p1b: Venusaur\n|-damage|p1b: Venusaur|0 fnt\n|faint|p1b: Venusaur\n|move|p1a: Mightyena|Snarl|p2a: Stantler|[spread] p2a,p2b\n|-supereffective|p2b: Dragapult\n|-damage|p2a: Stantler|94\/100\n|-damage|p2b: Dragapult|36\/100\n|-unboost|p2a: Stantler|spa|1\n|-unboost|p2b: Dragapult|spa|1\n|\n|-sideend|p2: ElisaIsATransDinos|move: Tailwind\n|upkeep\n|\n|t:|1697408550\n|switch|p1b: Delphox|Delphox, M|100\/100\n|turn|9\n|\n|t:|1697408567\n|switch|p2a: Murkrow|Murkrow, F, shiny|100\/100\n|move|p2b: Dragapult|Phantom Force||[still]\n|-prepare|p2b: Dragapult|Phantom Force\n|move|p1b: Delphox|Flamethrower|p2a: Murkrow\n|-damage|p2a: Murkrow|66\/100\n|move|p1a: Mightyena|Crunch|p2b: Dragapult|[miss]\n|-miss|p1a: Mightyena|p2b: Dragapult\n|\n|-damage|p2b: Dragapult|24\/100|[from] Leech Seed|[of] p1b: Delphox\n|upkeep\n|turn|10\n|\n|t:|1697408588\n|switch|p1b: Lucario|Lucario, M|100\/100\n|move|p2a: Murkrow|Tailwind|p2a: Murkrow\n|-sidestart|p2: ElisaIsATransDinos|move: Tailwind\n|move|p2b: Dragapult|Phantom Force|p1b: Lucario|[from]lockedmove\n|-crit|p1b: Lucario\n|-damage|p1b: Lucario|0 fnt\n|faint|p1b: Lucario\n|move|p1a: Mightyena|Play Rough|p2a: Murkrow\n|-supereffective|p2a: Murkrow\n|-damage|p2a: Murkrow|0 fnt\n|faint|p2a: Murkrow\n|\n|upkeep\n|\n|t:|1697408607\n|switch|p1b: Delphox|Delphox, M|100\/100\n|switch|p2a: Wyrdeer|Wyrdeer, F, shiny|88\/100 slp\n|-ability|p2a: Wyrdeer|Intimidate|boost\n|-unboost|p1a: Mightyena|atk|1\n|-unboost|p1b: Delphox|atk|1\n|turn|11\n|\n|t:|1697408616\n|cant|p2a: Wyrdeer|slp\n|move|p2b: Dragapult|Phantom Force||[still]\n|-prepare|p2b: Dragapult|Phantom Force\n|move|p1b: Delphox|Heat Wave|p2a: Wyrdeer|[spread] p2a\n|-miss|p1b: Delphox|p2b: Dragapult\n|-damage|p2a: Wyrdeer|61\/100 slp\n|move|p1a: Mightyena|Crunch|p2a: Wyrdeer\n|-supereffective|p2a: Wyrdeer\n|-damage|p2a: Wyrdeer|2\/100 slp\n|\n|-heal|p2a: Wyrdeer|8\/100 slp|[from] item: Leftovers\n|-damage|p2b: Dragapult|11\/100|[from] Leech Seed|[of] p1b: Delphox\n|upkeep\n|turn|12\n|\n|t:|1697408631\n|move|p2b: Dragapult|Phantom Force|p1b: Delphox|[from]lockedmove\n|-supereffective|p1b: Delphox\n|-damage|p1b: Delphox|0 fnt\n|faint|p1b: Delphox\n|-curestatus|p2a: Wyrdeer|slp|[msg]\n|move|p2a: Wyrdeer|Rest|p2a: Wyrdeer\n|-status|p2a: Wyrdeer|slp|[from] move: Rest\n|-heal|p2a: Wyrdeer|100\/100 slp|[silent]\n|move|p1a: Mightyena|Snarl|p2b: Dragapult|[spread] p2a,p2b\n|-supereffective|p2a: Wyrdeer\n|-supereffective|p2b: Dragapult\n|-damage|p2a: Wyrdeer|84\/100 slp\n|-damage|p2b: Dragapult|0 fnt\n|-unboost|p2a: Wyrdeer|spa|1\n|faint|p2b: Dragapult\n|\n|-heal|p2a: Wyrdeer|90\/100 slp|[from] item: Leftovers\n|upkeep\n|\n|t:|1697408635\n|switch|p2b: Stantler|Stantler, F, shiny|94\/100\n|-ability|p2b: Stantler|Intimidate|boost\n|-unboost|p1a: Mightyena|atk|1\n|turn|13\n|\n|t:|1697408645\n|-terastallize|p1a: Mightyena|Dark\n|cant|p2a: Wyrdeer|slp\n|move|p2b: Stantler|Skill Swap|p2a: Wyrdeer\n|-activate|p2b: Stantler|move: Skill Swap|||[of] p2a: Wyrdeer\n|-ability|p2b: Stantler|Intimidate|boost\n|-unboost|p1a: Mightyena|atk|1\n|-ability|p2a: Wyrdeer|Intimidate|boost\n|-unboost|p1a: Mightyena|atk|1\n|move|p1a: Mightyena|Snarl|p2a: Wyrdeer|[spread] p2a,p2b\n|-supereffective|p2a: Wyrdeer\n|-damage|p2a: Wyrdeer|67\/100 slp\n|-damage|p2b: Stantler|85\/100\n|-unboost|p2a: Wyrdeer|spa|1\n|-unboost|p2b: Stantler|spa|1\n|\n|-heal|p2a: Wyrdeer|73\/100 slp|[from] item: Leftovers\n|-sideend|p2: ElisaIsATransDinos|move: Tailwind\n|upkeep\n|turn|14\n|\n|t:|1697408655\n|move|p1a: Mightyena|Snarl|p2a: Wyrdeer|[spread] p2a,p2b\n|-supereffective|p2a: Wyrdeer\n|-damage|p2a: Wyrdeer|49\/100 slp\n|-damage|p2b: Stantler|76\/100\n|-unboost|p2a: Wyrdeer|spa|1\n|-unboost|p2b: Stantler|spa|1\n|cant|p2a: Wyrdeer|slp\n|move|p2b: Stantler|Skill Swap|p2a: Wyrdeer\n|-activate|p2b: Stantler|move: Skill Swap|||[of] p2a: Wyrdeer\n|-ability|p2b: Stantler|Intimidate|boost\n|-unboost|p1a: Mightyena|atk|1\n|-ability|p2a: Wyrdeer|Intimidate|boost\n|-unboost|p1a: Mightyena|atk|1\n|\n|-heal|p2a: Wyrdeer|55\/100 slp|[from] item: Leftovers\n|upkeep\n|turn|15\n|\n|t:|1697408667\n|move|p2b: Stantler|Protect|p2b: Stantler\n|-singleturn|p2b: Stantler|Protect\n|move|p1a: Mightyena|Snarl|p2a: Wyrdeer|[spread] p2a\n|-activate|p2b: Stantler|move: Protect\n|-supereffective|p2a: Wyrdeer\n|-damage|p2a: Wyrdeer|32\/100 slp\n|-unboost|p2a: Wyrdeer|spa|1\n|-curestatus|p2a: Wyrdeer|slp|[msg]\n|move|p2a: Wyrdeer|Rest|p2a: Wyrdeer\n|-status|p2a: Wyrdeer|slp|[from] move: Rest\n|-heal|p2a: Wyrdeer|100\/100 slp|[silent]\n|\n|upkeep\n|turn|16\n|\n|t:|1697408674\n|move|p1a: Mightyena|Snarl|p2a: Wyrdeer|[spread] p2a,p2b\n|-supereffective|p2a: Wyrdeer\n|-damage|p2a: Wyrdeer|80\/100 slp\n|-damage|p2b: Stantler|67\/100\n|-unboost|p2a: Wyrdeer|spa|1\n|-unboost|p2b: Stantler|spa|1\n|cant|p2a: Wyrdeer|slp\n|move|p2b: Stantler|Skill Swap|p2a: Wyrdeer\n|-activate|p2b: Stantler|move: Skill Swap|||[of] p2a: Wyrdeer\n|-ability|p2b: Stantler|Intimidate|boost\n|-unboost|p1a: Mightyena|atk|0\n|-ability|p2a: Wyrdeer|Intimidate|boost\n|-unboost|p1a: Mightyena|atk|0\n|\n|-heal|p2a: Wyrdeer|86\/100 slp|[from] item: Leftovers\n|upkeep\n|turn|17\n|\n|t:|1697408688\n|move|p2b: Stantler|Protect|p2b: Stantler\n|-singleturn|p2b: Stantler|Protect\n|move|p1a: Mightyena|Snarl|p2b: Stantler|[spread] p2a\n|-activate|p2b: Stantler|move: Protect\n|-supereffective|p2a: Wyrdeer\n|-damage|p2a: Wyrdeer|62\/100 slp\n|-unboost|p2a: Wyrdeer|spa|1\n|cant|p2a: Wyrdeer|slp\n|\n|-heal|p2a: Wyrdeer|68\/100 slp|[from] item: Leftovers\n|upkeep\n|turn|18\n|\n|t:|1697408705\n|move|p2b: Stantler|Protect||[still]\n|-fail|p2b: Stantler\n|move|p1a: Mightyena|Snarl|p2a: Wyrdeer|[spread] p2a,p2b\n|-supereffective|p2a: Wyrdeer\n|-damage|p2a: Wyrdeer|46\/100 slp\n|-damage|p2b: Stantler|59\/100\n|-unboost|p2b: Stantler|spa|1\n|-curestatus|p2a: Wyrdeer|slp|[msg]\n|move|p2a: Wyrdeer|Psyshock|p1a: Mightyena\n|-immune|p1a: Mightyena\n|\n|-heal|p2a: Wyrdeer|52\/100|[from] item: Leftovers\n|upkeep\n|turn|19\n|\n|t:|1697408713\n|move|p2b: Stantler|Protect|p2b: Stantler\n|-singleturn|p2b: Stantler|Protect\n|move|p1a: Mightyena|Snarl|p2b: Stantler|[spread] p2a\n|-activate|p2b: Stantler|move: Protect\n|-supereffective|p2a: Wyrdeer\n|-damage|p2a: Wyrdeer|28\/100\n|move|p2a: Wyrdeer|Psyshock|p1a: Mightyena\n|-immune|p1a: Mightyena\n|\n|-heal|p2a: Wyrdeer|34\/100|[from] item: Leftovers\n|upkeep\n|turn|20\n|\n|t:|1697408719\n|move|p2a: Wyrdeer|Protect|p2a: Wyrdeer\n|-singleturn|p2a: Wyrdeer|Protect\n|move|p1a: Mightyena|Snarl|p2b: Stantler|[spread] p2b\n|-activate|p2a: Wyrdeer|move: Protect\n|-damage|p2b: Stantler|50\/100\n|-unboost|p2b: Stantler|spa|1\n|move|p2b: Stantler|Psyshock|p1a: Mightyena\n|-immune|p1a: Mightyena\n|\n|-heal|p2a: Wyrdeer|40\/100|[from] item: Leftovers\n|upkeep\n|turn|21\n|\n|t:|1697408723\n|move|p1a: Mightyena|Snarl|p2a: Wyrdeer|[spread] p2a,p2b\n|-supereffective|p2a: Wyrdeer\n|-crit|p2b: Stantler\n|-damage|p2a: Wyrdeer|16\/100\n|-damage|p2b: Stantler|37\/100\n|-unboost|p2b: Stantler|spa|1\n|move|p2a: Wyrdeer|Rest|p2a: Wyrdeer\n|-status|p2a: Wyrdeer|slp|[from] move: Rest\n|-heal|p2a: Wyrdeer|100\/100 slp|[silent]\n|move|p2b: Stantler|Skill Swap|p2a: Wyrdeer\n|-activate|p2b: Stantler|move: Skill Swap|||[of] p2a: Wyrdeer\n|-ability|p2b: Stantler|Intimidate|boost\n|-unboost|p1a: Mightyena|atk|0\n|-ability|p2a: Wyrdeer|Intimidate|boost\n|-unboost|p1a: Mightyena|atk|0\n|\n|upkeep\n|turn|22\n|\n|t:|1697408739\n|cant|p2a: Wyrdeer|slp\n|move|p1a: Mightyena|Snarl|p2b: Stantler|[spread] p2a,p2b\n|-supereffective|p2a: Wyrdeer\n|-damage|p2a: Wyrdeer|76\/100 slp\n|-damage|p2b: Stantler|29\/100\n|move|p2b: Stantler|Rest|p2b: Stantler\n|-status|p2b: Stantler|slp|[from] move: Rest\n|-heal|p2b: Stantler|100\/100 slp|[silent]\n|\n|-heal|p2a: Wyrdeer|82\/100 slp|[from] item: Leftovers\n|upkeep\n|turn|23\n|\n|t:|1697408744\n|move|p1a: Mightyena|Snarl|p2b: Stantler|[spread] p2a,p2b\n|-supereffective|p2a: Wyrdeer\n|-damage|p2a: Wyrdeer|61\/100 slp\n|-damage|p2b: Stantler|91\/100 slp\n|cant|p2a: Wyrdeer|slp\n|cant|p2b: Stantler|slp\n|\n|-heal|p2a: Wyrdeer|67\/100 slp|[from] item: Leftovers\n|upkeep\n|turn|24\n|c|\u2606ElisaIsATransDinos|i have nothing to hit you so this is literally just who can struggle first\n|inactive|ElisaIsATransDinos has 120 seconds left.\n|\n|t:|1697408776\n|move|p1a: Mightyena|Snarl|p2b: Stantler|[spread] p2a,p2b\n|-supereffective|p2a: Wyrdeer\n|-damage|p2a: Wyrdeer|42\/100 slp\n|-damage|p2b: Stantler|83\/100 slp\n|-curestatus|p2a: Wyrdeer|slp|[msg]\n|move|p2a: Wyrdeer|Psyshock|p1a: Mightyena\n|-immune|p1a: Mightyena\n|cant|p2b: Stantler|slp\n|\n|-heal|p2a: Wyrdeer|48\/100|[from] item: Leftovers\n|upkeep\n|turn|25\n|\n|t:|1697408782\n|-curestatus|p2b: Stantler|slp|[msg]\n|move|p2b: Stantler|Protect|p2b: Stantler\n|-singleturn|p2b: Stantler|Protect\n|move|p1a: Mightyena|Snarl|p2b: Stantler|[spread] p2a\n|-activate|p2b: Stantler|move: Protect\n|-supereffective|p2a: Wyrdeer\n|-damage|p2a: Wyrdeer|24\/100\n|move|p2a: Wyrdeer|Rest|p2a: Wyrdeer\n|-status|p2a: Wyrdeer|slp|[from] move: Rest\n|-heal|p2a: Wyrdeer|100\/100 slp|[silent]\n|\n|upkeep\n|turn|26\n|\n|t:|1697408791\n|move|p1a: Mightyena|Snarl|p2a: Wyrdeer|[spread] p2a,p2b\n|-supereffective|p2a: Wyrdeer\n|-damage|p2a: Wyrdeer|76\/100 slp\n|-damage|p2b: Stantler|74\/100\n|cant|p2a: Wyrdeer|slp\n|move|p2b: Stantler|Skill Swap|p2a: Wyrdeer\n|-activate|p2b: Stantler|move: Skill Swap|||[of] p2a: Wyrdeer\n|-ability|p2b: Stantler|Intimidate|boost\n|-unboost|p1a: Mightyena|atk|0\n|-ability|p2a: Wyrdeer|Intimidate|boost\n|-unboost|p1a: Mightyena|atk|0\n|\n|-heal|p2a: Wyrdeer|82\/100 slp|[from] item: Leftovers\n|upkeep\n|turn|27\n|\n|t:|1697408804\n|cant|p2a: Wyrdeer|slp\n|move|p1a: Mightyena|Snarl|p2b: Stantler|[spread] p2a,p2b\n|-supereffective|p2a: Wyrdeer\n|-damage|p2a: Wyrdeer|59\/100 slp\n|-damage|p2b: Stantler|65\/100\n|move|p2b: Stantler|Psyshock|p1a: Mightyena\n|-immune|p1a: Mightyena\n|\n|-heal|p2a: Wyrdeer|65\/100 slp|[from] item: Leftovers\n|upkeep\n|turn|28\n|\n|t:|1697408808\n|move|p1a: Mightyena|Snarl|p2a: Wyrdeer|[spread] p2a,p2b\n|-supereffective|p2a: Wyrdeer\n|-damage|p2a: Wyrdeer|42\/100 slp\n|-damage|p2b: Stantler|57\/100\n|-curestatus|p2a: Wyrdeer|slp|[msg]\n|move|p2a: Wyrdeer|Rest|p2a: Wyrdeer\n|-status|p2a: Wyrdeer|slp|[from] move: Rest\n|-heal|p2a: Wyrdeer|100\/100 slp|[silent]\n|move|p2b: Stantler|Psyshock|p1a: Mightyena\n|-immune|p1a: Mightyena\n|\n|upkeep\n|turn|29\n|\n|t:|1697408815\n|cant|p2a: Wyrdeer|slp\n|move|p2b: Stantler|Protect|p2b: Stantler\n|-singleturn|p2b: Stantler|Protect\n|move|p1a: Mightyena|Snarl|p2a: Wyrdeer|[spread] \n|-activate|p2b: Stantler|move: Protect\n|-miss|p1a: Mightyena|p2a: Wyrdeer\n|\n|upkeep\n|turn|30\n|\n|t:|1697408823\n|cant|p2a: Wyrdeer|slp\n|move|p1a: Mightyena|Snarl|p2a: Wyrdeer|[spread] p2a,p2b\n|-supereffective|p2a: Wyrdeer\n|-damage|p2a: Wyrdeer|79\/100 slp\n|-damage|p2b: Stantler|47\/100\n|move|p2b: Stantler|Skill Swap|p1a: Mightyena\n|-activate|p2b: Stantler|move: Skill Swap|Intimidate|Intimidate|[of] p1a: Mightyena\n|-ability|p2b: Stantler|Intimidate|boost\n|-unboost|p1a: Mightyena|atk|0\n|-ability|p1a: Mightyena|Intimidate|boost\n|-unboost|p2a: Wyrdeer|atk|1\n|-unboost|p2b: Stantler|atk|1\n|\n|-heal|p2a: Wyrdeer|85\/100 slp|[from] item: Leftovers\n|upkeep\n|turn|31\n|inactive|ElisaIsATransDinos has 120 seconds left.\n|l|\u2606Noibaat 500\n|inactive|Noibaat 500 disconnected and has a minute to reconnect!\n|player|p1|\n|\n|t:|1697408872\n|move|p1a: Mightyena|Snarl|p2a: Wyrdeer|[spread] p2a,p2b\n|-supereffective|p2a: Wyrdeer\n|-damage|p2a: Wyrdeer|62\/100 slp\n|-damage|p2b: Stantler|39\/100\n|-curestatus|p2a: Wyrdeer|slp|[msg]\n|move|p2a: Wyrdeer|Skill Swap|p1a: Mightyena\n|-activate|p2a: Wyrdeer|move: Skill Swap|Intimidate|Intimidate|[of] p1a: Mightyena\n|-ability|p2a: Wyrdeer|Intimidate|boost\n|-unboost|p1a: Mightyena|atk|0\n|-ability|p1a: Mightyena|Intimidate|boost\n|-unboost|p2a: Wyrdeer|atk|1\n|-unboost|p2b: Stantler|atk|1\n|move|p2b: Stantler|Rest|p2b: Stantler\n|-status|p2b: Stantler|slp|[from] move: Rest\n|-heal|p2b: Stantler|100\/100 slp|[silent]\n|\n|-heal|p2a: Wyrdeer|68\/100|[from] item: Leftovers\n|upkeep\n|turn|32\n|j|\u2606Noibaat 500\n|inactive|Noibaat 500 reconnected and has 150 seconds left.\n|player|p1|Noibaat 500|giovanni\n|\n|t:|1697408878\n|cant|p2b: Stantler|slp\n|move|p1a: Mightyena|Snarl|p2a: Wyrdeer|[spread] p2a,p2b\n|-supereffective|p2a: Wyrdeer\n|-damage|p2a: Wyrdeer|44\/100\n|-damage|p2b: Stantler|92\/100 slp\n|move|p2a: Wyrdeer|Skill Swap|p1a: Mightyena\n|-activate|p2a: Wyrdeer|move: Skill Swap|Intimidate|Intimidate|[of] p1a: Mightyena\n|-ability|p2a: Wyrdeer|Intimidate|boost\n|-unboost|p1a: Mightyena|atk|0\n|-ability|p1a: Mightyena|Intimidate|boost\n|-unboost|p2a: Wyrdeer|atk|1\n|-unboost|p2b: Stantler|atk|1\n|\n|-heal|p2a: Wyrdeer|50\/100|[from] item: Leftovers\n|upkeep\n|turn|33\n|\n|t:|1697408889\n|cant|p2b: Stantler|slp\n|move|p1a: Mightyena|Snarl|p2b: Stantler|[spread] p2a,p2b\n|-supereffective|p2a: Wyrdeer\n|-damage|p2a: Wyrdeer|25\/100\n|-damage|p2b: Stantler|83\/100 slp\n|move|p2a: Wyrdeer|Rest|p2a: Wyrdeer\n|-status|p2a: Wyrdeer|slp|[from] move: Rest\n|-heal|p2a: Wyrdeer|100\/100 slp|[silent]\n|\n|upkeep\n|turn|34\n|\n|t:|1697408904\n|move|p1a: Mightyena|Snarl|p2b: Stantler|[spread] p2a,p2b\n|-supereffective|p2a: Wyrdeer\n|-damage|p2a: Wyrdeer|79\/100 slp\n|-damage|p2b: Stantler|75\/100 slp\n|cant|p2a: Wyrdeer|slp\n|-curestatus|p2b: Stantler|slp|[msg]\n|move|p2b: Stantler|Skill Swap|p1a: Mightyena\n|-activate|p2b: Stantler|move: Skill Swap|Intimidate|Intimidate|[of] p1a: Mightyena\n|-ability|p2b: Stantler|Intimidate|boost\n|-unboost|p1a: Mightyena|atk|0\n|-ability|p1a: Mightyena|Intimidate|boost\n|-unboost|p2a: Wyrdeer|atk|1\n|-unboost|p2b: Stantler|atk|1\n|\n|-heal|p2a: Wyrdeer|85\/100 slp|[from] item: Leftovers\n|upkeep\n|turn|35\n|inactive|Noibaat 500 has 120 seconds left.\n|\n|t:|1697408948\n|move|p1a: Mightyena|Crunch|p2a: Wyrdeer\n|-supereffective|p2a: Wyrdeer\n|-damage|p2a: Wyrdeer|59\/100 slp\n|cant|p2a: Wyrdeer|slp\n|move|p2b: Stantler|Skill Swap|p1a: Mightyena\n|-activate|p2b: Stantler|move: Skill Swap|Intimidate|Intimidate|[of] p1a: Mightyena\n|-ability|p2b: Stantler|Intimidate|boost\n|-unboost|p1a: Mightyena|atk|0\n|-ability|p1a: Mightyena|Intimidate|boost\n|-unboost|p2a: Wyrdeer|atk|1\n|-unboost|p2b: Stantler|atk|1\n|\n|-heal|p2a: Wyrdeer|65\/100 slp|[from] item: Leftovers\n|upkeep\n|turn|36\n|\n|t:|1697408961\n|move|p2b: Stantler|Protect|p2b: Stantler\n|-singleturn|p2b: Stantler|Protect\n|move|p1a: Mightyena|Crunch|p2a: Wyrdeer\n|-supereffective|p2a: Wyrdeer\n|-crit|p2a: Wyrdeer\n|-damage|p2a: Wyrdeer|0 fnt\n|faint|p2a: Wyrdeer\n|\n|upkeep\n|turn|37\n|\n|t:|1697408968\n|move|p1a: Mightyena|Crunch|p2b: Stantler\n|-damage|p2b: Stantler|64\/100\n|move|p2b: Stantler|Psyshock|p1a: Mightyena\n|-immune|p1a: Mightyena\n|\n|upkeep\n|turn|38\n|\n|t:|1697408974\n|move|p1a: Mightyena|Crunch|p2b: Stantler\n|-damage|p2b: Stantler|54\/100\n|-unboost|p2b: Stantler|def|1\n|move|p2b: Stantler|Rest|p2b: Stantler\n|-status|p2b: Stantler|slp|[from] move: Rest\n|-heal|p2b: Stantler|100\/100 slp|[silent]\n|\n|upkeep\n|turn|39\n|\n|t:|1697408988\n|cant|p2b: Stantler|slp\n|move|p1a: Mightyena|Crunch|p2b: Stantler\n|-damage|p2b: Stantler|84\/100 slp\n|\n|upkeep\n|turn|40\n|inactive|ElisaIsATransDinos has 120 seconds left.\n|\n|t:|1697409045\n|move|p1a: Mightyena|Crunch|p2b: Stantler\n|-damage|p2b: Stantler|68\/100 slp\n|cant|p2b: Stantler|slp\n|\n|upkeep\n|turn|41\n|\n|t:|1697409050\n|move|p1a: Mightyena|Crunch|p2b: Stantler\n|-damage|p2b: Stantler|52\/100 slp\n|-curestatus|p2b: Stantler|slp|[msg]\n|move|p2b: Stantler|Skill Swap|p1a: Mightyena\n|-activate|p2b: Stantler|move: Skill Swap|Intimidate|Intimidate|[of] p1a: Mightyena\n|-ability|p2b: Stantler|Intimidate|boost\n|-unboost|p1a: Mightyena|atk|0\n|-ability|p1a: Mightyena|Intimidate|boost\n|-unboost|p2b: Stantler|atk|1\n|\n|upkeep\n|turn|42\n|\n|t:|1697409061\n|move|p2b: Stantler|Protect|p2b: Stantler\n|-singleturn|p2b: Stantler|Protect\n|move|p1a: Mightyena|Crunch|p2b: Stantler\n|-activate|p2b: Stantler|move: Protect\n|\n|upkeep\n|turn|43\n|\n|t:|1697409077\n|move|p1a: Mightyena|Crunch|p2b: Stantler\n|-damage|p2b: Stantler|35\/100\n|move|p2b: Stantler|Psyshock|p1a: Mightyena\n|-immune|p1a: Mightyena\n|\n|upkeep\n|turn|44\n|\n|t:|1697409086\n|move|p1a: Mightyena|Crunch|p2b: Stantler\n|-damage|p2b: Stantler|18\/100\n|move|p2b: Stantler|Rest|p2b: Stantler\n|-status|p2b: Stantler|slp|[from] move: Rest\n|-heal|p2b: Stantler|100\/100 slp|[silent]\n|\n|upkeep\n|turn|45\n|\n|t:|1697409090\n|cant|p2b: Stantler|slp\n|move|p1a: Mightyena|Crunch|p2b: Stantler\n|-damage|p2b: Stantler|84\/100 slp\n|\n|upkeep\n|turn|46\n|\n|t:|1697409096\n|cant|p2b: Stantler|slp\n|move|p1a: Mightyena|Crunch|p2b: Stantler\n|-damage|p2b: Stantler|67\/100 slp\n|\n|upkeep\n|turn|47\n|\n|t:|1697409101\n|-curestatus|p2b: Stantler|slp|[msg]\n|move|p2b: Stantler|Protect|p2b: Stantler\n|-singleturn|p2b: Stantler|Protect\n|move|p1a: Mightyena|Crunch|p2b: Stantler\n|-activate|p2b: Stantler|move: Protect\n|\n|upkeep\n|turn|48\n|\n|t:|1697409106\n|move|p1a: Mightyena|Crunch|p2b: Stantler\n|-damage|p2b: Stantler|50\/100\n|move|p2b: Stantler|Psyshock|p1a: Mightyena\n|-immune|p1a: Mightyena\n|\n|upkeep\n|turn|49\n|\n|t:|1697409112\n|move|p2b: Stantler|Protect|p2b: Stantler\n|-singleturn|p2b: Stantler|Protect\n|move|p1a: Mightyena|Crunch|p2b: Stantler\n|-activate|p2b: Stantler|move: Protect\n|\n|upkeep\n|turn|50\n|\n|t:|1697409117\n|move|p1a: Mightyena|Crunch|p2b: Stantler\n|-damage|p2b: Stantler|32\/100\n|move|p2b: Stantler|Skill Swap|p1a: Mightyena\n|-activate|p2b: Stantler|move: Skill Swap|Intimidate|Intimidate|[of] p1a: Mightyena\n|-ability|p2b: Stantler|Intimidate|boost\n|-unboost|p1a: Mightyena|atk|0\n|-ability|p1a: Mightyena|Intimidate|boost\n|-unboost|p2b: Stantler|atk|0\n|\n|upkeep\n|turn|51\n|\n|t:|1697409121\n|move|p2b: Stantler|Protect|p2b: Stantler\n|-singleturn|p2b: Stantler|Protect\n|move|p1a: Mightyena|Crunch|p2b: Stantler\n|-activate|p2b: Stantler|move: Protect\n|\n|upkeep\n|turn|52\n|\n|t:|1697409124\n|move|p1a: Mightyena|Crunch|p2b: Stantler\n|-damage|p2b: Stantler|15\/100\n|move|p2b: Stantler|Rest|p2b: Stantler\n|-status|p2b: Stantler|slp|[from] move: Rest\n|-heal|p2b: Stantler|100\/100 slp|[silent]\n|\n|upkeep\n|turn|53\n|\n|t:|1697409133\n|cant|p2b: Stantler|slp\n|move|p1a: Mightyena|Crunch|p2b: Stantler\n|-damage|p2b: Stantler|84\/100 slp\n|\n|upkeep\n|turn|54\n|\n|t:|1697409138\n|cant|p2b: Stantler|slp\n|move|p1a: Mightyena|Crunch|p2b: Stantler\n|-damage|p2b: Stantler|68\/100 slp\n|\n|upkeep\n|turn|55\n|\n|t:|1697409141\n|-curestatus|p2b: Stantler|slp|[msg]\n|move|p2b: Stantler|Protect|p2b: Stantler\n|-singleturn|p2b: Stantler|Protect\n|move|p1a: Mightyena|Crunch|p2b: Stantler\n|-activate|p2b: Stantler|move: Protect\n|\n|upkeep\n|turn|56\n|\n|t:|1697409146\n|move|p1a: Mightyena|Crunch|p2b: Stantler\n|-damage|p2b: Stantler|53\/100\n|move|p2b: Stantler|Psyshock|p1a: Mightyena\n|-immune|p1a: Mightyena\n|\n|upkeep\n|turn|57\n|\n|t:|1697409152\n|move|p1a: Mightyena|Psychic Fangs|p2b: Stantler\n|-damage|p2b: Stantler|45\/100\n|move|p2b: Stantler|Rest|p2b: Stantler\n|-status|p2b: Stantler|slp|[from] move: Rest\n|-heal|p2b: Stantler|100\/100 slp|[silent]\n|\n|upkeep\n|turn|58\n|\n|t:|1697409158\n|move|p1a: Mightyena|Play Rough|p2b: Stantler\n|-damage|p2b: Stantler|92\/100 slp\n|cant|p2b: Stantler|slp\n|\n|upkeep\n|turn|59\n|\n|t:|1697409167\n|move|p1a: Mightyena|Psychic Fangs|p2b: Stantler\n|-damage|p2b: Stantler|84\/100 slp\n|cant|p2b: Stantler|slp\n|\n|upkeep\n|turn|60\n|\n|t:|1697409175\n|-curestatus|p2b: Stantler|slp|[msg]\n|move|p2b: Stantler|Protect|p2b: Stantler\n|-singleturn|p2b: Stantler|Protect\n|move|p1a: Mightyena|Psychic Fangs|p2b: Stantler\n|-activate|p2b: Stantler|move: Protect\n|\n|upkeep\n|turn|61\n|\n|t:|1697409181\n|move|p1a: Mightyena|Psychic Fangs|p2b: Stantler\n|-damage|p2b: Stantler|76\/100\n|move|p2b: Stantler|Skill Swap|p1a: Mightyena\n|-activate|p2b: Stantler|move: Skill Swap|Intimidate|Intimidate|[of] p1a: Mightyena\n|-ability|p2b: Stantler|Intimidate|boost\n|-unboost|p1a: Mightyena|atk|0\n|-ability|p1a: Mightyena|Intimidate|boost\n|-unboost|p2b: Stantler|atk|0\n|\n|upkeep\n|turn|62\n|\n|t:|1697409190\n|move|p2b: Stantler|Protect|p2b: Stantler\n|-singleturn|p2b: Stantler|Protect\n|move|p1a: Mightyena|Psychic Fangs|p2b: Stantler\n|-activate|p2b: Stantler|move: Protect\n|\n|upkeep\n|turn|63\n|\n|t:|1697409196\n|move|p1a: Mightyena|Psychic Fangs|p2b: Stantler\n|-damage|p2b: Stantler|67\/100\n|move|p2b: Stantler|Skill Swap|p1a: Mightyena\n|-activate|p2b: Stantler|move: Skill Swap|Intimidate|Intimidate|[of] p1a: Mightyena\n|-ability|p2b: Stantler|Intimidate|boost\n|-unboost|p1a: Mightyena|atk|0\n|-ability|p1a: Mightyena|Intimidate|boost\n|-unboost|p2b: Stantler|atk|0\n|\n|upkeep\n|turn|64\n|\n|t:|1697409201\n|move|p1a: Mightyena|Psychic Fangs|p2b: Stantler\n|-damage|p2b: Stantler|59\/100\n|move|p2b: Stantler|Psyshock|p1a: Mightyena\n|-immune|p1a: Mightyena\n|\n|upkeep\n|turn|65\n|\n|t:|1697409205\n|move|p1a: Mightyena|Psychic Fangs|p2b: Stantler\n|-damage|p2b: Stantler|51\/100\n|move|p2b: Stantler|Psyshock|p1a: Mightyena\n|-immune|p1a: Mightyena\n|\n|upkeep\n|turn|66\n|\n|t:|1697409213\n|move|p1a: Mightyena|Psychic Fangs|p2b: Stantler\n|-damage|p2b: Stantler|42\/100\n|move|p2b: Stantler|Psyshock|p1a: Mightyena\n|-immune|p1a: Mightyena\n|\n|upkeep\n|turn|67\n|\n|t:|1697409220\n|move|p2b: Stantler|Protect|p2b: Stantler\n|-singleturn|p2b: Stantler|Protect\n|move|p1a: Mightyena|Psychic Fangs|p2b: Stantler\n|-activate|p2b: Stantler|move: Protect\n|\n|upkeep\n|turn|68\n|\n|t:|1697409224\n|move|p1a: Mightyena|Psychic Fangs|p2b: Stantler\n|-damage|p2b: Stantler|33\/100\n|move|p2b: Stantler|Skill Swap|p1a: Mightyena\n|-activate|p2b: Stantler|move: Skill Swap|Intimidate|Intimidate|[of] p1a: Mightyena\n|-ability|p2b: Stantler|Intimidate|boost\n|-unboost|p1a: Mightyena|atk|0\n|-ability|p1a: Mightyena|Intimidate|boost\n|-unboost|p2b: Stantler|atk|0\n|\n|upkeep\n|turn|69\n|\n|t:|1697409230\n|move|p1a: Mightyena|Psychic Fangs|p2b: Stantler\n|-damage|p2b: Stantler|25\/100\n|move|p2b: Stantler|Rest|p2b: Stantler\n|-status|p2b: Stantler|slp|[from] move: Rest\n|-heal|p2b: Stantler|100\/100 slp|[silent]\n|\n|upkeep\n|turn|70\n|c|\u2606ElisaIsATransDinos|isnt this such fun\n|\n|t:|1697409241\n|move|p1a: Mightyena|Psychic Fangs|p2b: Stantler\n|-damage|p2b: Stantler|93\/100 slp\n|cant|p2b: Stantler|slp\n|\n|upkeep\n|turn|71\n|\n|t:|1697409250\n|move|p1a: Mightyena|Psychic Fangs|p2b: Stantler\n|-damage|p2b: Stantler|84\/100 slp\n|cant|p2b: Stantler|slp\n|\n|upkeep\n|turn|72\n|\n|t:|1697409252\n|move|p1a: Mightyena|Psychic Fangs|p2b: Stantler\n|-damage|p2b: Stantler|76\/100 slp\n|-curestatus|p2b: Stantler|slp|[msg]\n|move|p2b: Stantler|Psyshock|p1a: Mightyena\n|-immune|p1a: Mightyena\n|\n|upkeep\n|turn|73\n|\n|t:|1697409254\n|move|p1a: Mightyena|Psychic Fangs|p2b: Stantler\n|-damage|p2b: Stantler|68\/100\n|move|p2b: Stantler|Psyshock|p1a: Mightyena\n|-immune|p1a: Mightyena\n|\n|upkeep\n|turn|74\n|\n|t:|1697409257\n|move|p1a: Mightyena|Play Rough|p2b: Stantler\n|-damage|p2b: Stantler|60\/100\n|move|p2b: Stantler|Psyshock|p1a: Mightyena\n|-immune|p1a: Mightyena\n|\n|upkeep\n|turn|75\n|\n|t:|1697409260\n|move|p1a: Mightyena|Play Rough|p2b: Stantler\n|-damage|p2b: Stantler|51\/100\n|move|p2b: Stantler|Psyshock|p1a: Mightyena\n|-immune|p1a: Mightyena\n|\n|upkeep\n|turn|76\n|\n|t:|1697409267\n|move|p1a: Mightyena|Play Rough|p2b: Stantler\n|-damage|p2b: Stantler|42\/100\n|move|p2b: Stantler|Skill Swap|p1a: Mightyena\n|-activate|p2b: Stantler|move: Skill Swap|Intimidate|Intimidate|[of] p1a: Mightyena\n|-ability|p2b: Stantler|Intimidate|boost\n|-unboost|p1a: Mightyena|atk|0\n|-ability|p1a: Mightyena|Intimidate|boost\n|-unboost|p2b: Stantler|atk|0\n|\n|upkeep\n|turn|77\n|\n|t:|1697409272\n|move|p1a: Mightyena|Play Rough|p2b: Stantler|[miss]\n|-miss|p1a: Mightyena|p2b: Stantler\n|move|p2b: Stantler|Skill Swap|p1a: Mightyena\n|-activate|p2b: Stantler|move: Skill Swap|Intimidate|Intimidate|[of] p1a: Mightyena\n|-ability|p2b: Stantler|Intimidate|boost\n|-unboost|p1a: Mightyena|atk|0\n|-ability|p1a: Mightyena|Intimidate|boost\n|-unboost|p2b: Stantler|atk|0\n|\n|upkeep\n|turn|78\n|\n|t:|1697409275\n|move|p1a: Mightyena|Play Rough|p2b: Stantler\n|-damage|p2b: Stantler|34\/100\n|move|p2b: Stantler|Skill Swap|p1a: Mightyena\n|-activate|p2b: Stantler|move: Skill Swap|Intimidate|Intimidate|[of] p1a: Mightyena\n|-ability|p2b: Stantler|Intimidate|boost\n|-unboost|p1a: Mightyena|atk|0\n|-ability|p1a: Mightyena|Intimidate|boost\n|-unboost|p2b: Stantler|atk|0\n|\n|upkeep\n|turn|79\n|\n|t:|1697409286\n|move|p1a: Mightyena|Play Rough|p2b: Stantler\n|-damage|p2b: Stantler|25\/100\n|move|p2b: Stantler|Rest|p2b: Stantler\n|-status|p2b: Stantler|slp|[from] move: Rest\n|-heal|p2b: Stantler|100\/100 slp|[silent]\n|\n|upkeep\n|turn|80\n|c|\u2606ElisaIsATransDinos|alright now here we go\n|c|\u2606ElisaIsATransDinos|stab struggle vs mighteyena\n|\n|t:|1697409306\n|-terastallize|p2b: Stantler|Ghost\n|cant|p2b: Stantler|slp\n|move|p1a: Mightyena|Play Rough|p2b: Stantler|[miss]\n|-miss|p1a: Mightyena|p2b: Stantler\n|\n|upkeep\n|turn|81\n|\n|t:|1697409315\n|cant|p2b: Stantler|slp\n|move|p1a: Mightyena|Play Rough|p2b: Stantler\n|-damage|p2b: Stantler|91\/100 slp\n|\n|upkeep\n|turn|82\n|\n|t:|1697409322\n|-curestatus|p2b: Stantler|slp|[msg]\n|move|p2b: Stantler|Protect|p2b: Stantler\n|-singleturn|p2b: Stantler|Protect\n|move|p1a: Mightyena|Play Rough|p2b: Stantler\n|-activate|p2b: Stantler|move: Protect\n|\n|upkeep\n|turn|83\n|\n|t:|1697409330\n|move|p1a: Mightyena|Play Rough|p2b: Stantler\n|-damage|p2b: Stantler|82\/100\n|-activate|p2b: Stantler|move: Struggle\n|move|p2b: Stantler|Struggle|p1a: Mightyena\n|-damage|p1a: Mightyena|97\/100\n|-damage|p2b: Stantler|57\/100|[from] recoil\n|\n|upkeep\n|turn|84\n|c|\u2606ElisaIsATransDinos|nvm LMAO\n|\n|t:|1697409336\n|move|p1a: Mightyena|Play Rough|p2b: Stantler\n|-damage|p2b: Stantler|47\/100\n|-activate|p2b: Stantler|move: Struggle\n|move|p2b: Stantler|Struggle|p1a: Mightyena\n|-damage|p1a: Mightyena|93\/100\n|-damage|p2b: Stantler|22\/100|[from] recoil\n|\n|upkeep\n|turn|85\n|c|\u2606ElisaIsATransDinos|you win\n|c|\u2606ElisaIsATransDinos|ggs\n|inactive|Noibaat 500 has 120 seconds left.\n|c|\u2606Noibaat 500|GG wanna go again with different teams\n|\n|t:|1697409370\n|move|p1a: Mightyena|Play Rough|p2b: Stantler\n|-damage|p2b: Stantler|14\/100\n|-activate|p2b: Stantler|move: Struggle\n|move|p2b: Stantler|Struggle|p1a: Mightyena\n|-damage|p1a: Mightyena|89\/100\n|-damage|p2b: Stantler|0 fnt|[from] recoil\n|faint|p2b: Stantler\n|\n|win|Noibaat 500\n|raw|Noibaat 500's rating: 1095 &rarr; <strong>1122<\/strong><br \/>(+27 for winning)\n|raw|ElisaIsATransDinos's rating: 1109 &rarr; <strong>1083<\/strong><br \/>(-26 for losing)\n|c|\u2606ElisaIsATransDinos|sureee\n|l|\u2606Noibaat 500\n","uploadtime":1697409378,"views":7,"p1id":"noibaat500","p2id":"elisaisatransdinos","formatid":"gen9nationaldexdoubles","rating":1083,"private":0,"password":""}