{"id":"gen9nationaldexdoubles-1976627544","p1":"Targan Likoris","p2":"Le Rat qui tabasse","format":"[Gen 9] National Dex Doubles","log":"|j|\u2606Targan Likoris\n|j|\u2606Le Rat qui tabasse\n|t:|1698328534\n|gametype|doubles\n|player|p1|Targan Likoris|red|\n|player|p2|Le Rat qui tabasse|steven|\n|teamsize|p1|6\n|teamsize|p2|4\n|gen|9\n|tier|[Gen 9] National Dex Doubles\n|rule|HP Percentage Mod: HP is shown in percentages\n|rule|Endless Battle Clause: Forcing endless battles is banned\n|rule|OHKO Clause: OHKO moves are banned\n|rule|Evasion Moves Clause: Evasion moves are banned\n|rule|Evasion Abilities Clause: Evasion abilities are banned\n|rule|Species Clause: Limit one of each Pok\u00e9mon\n|rule|Gravity Sleep Clause: The combination of sleep-inducing moves with imperfect accuracy and Gravity or Gigantamax Orbeetle are banned\n|clearpoke\n|poke|p1|Absol, L35, F|\n|poke|p1|Obstagoon, L35, M|\n|poke|p1|Shiftry, L35, M|\n|poke|p1|Honchkrow, L30, F|\n|poke|p1|Mabosstiff, L37, M|\n|poke|p1|Zoroark, L30, M|\n|poke|p2|Steelix, L42, M|\n|poke|p2|Slowking-Galar, L42, M|\n|poke|p2|Diggersby, L42, F|\n|poke|p2|Avalugg, L42, F|\n|teampreview\n|\n|t:|1698328554\n|start\n|switch|p1a: Absol|Absol, L35, F|100\/100\n|switch|p1b: Dogrino|Mabosstiff, L37, M|100\/100\n|switch|p2a: Slowking|Slowking-Galar, L42, M|100\/100\n|switch|p2b: Steelix|Steelix, L42, M|100\/100\n|turn|1\n|\n|t:|1698328569\n|move|p1b: Dogrino|Destiny Bond|p1b: Dogrino\n|-singlemove|p1b: Dogrino|Destiny Bond\n|move|p1a: Absol|Pursuit|p2b: Steelix\n|-damage|p2b: Steelix|87\/100\n|move|p2b: Steelix|Curse|p2b: Steelix\n|-unboost|p2b: Steelix|spe|1\n|-boost|p2b: Steelix|atk|1\n|-boost|p2b: Steelix|def|1\n|move|p2a: Slowking|Trick Room|p2a: Slowking\n|-fieldstart|move: Trick Room|[of] p2a: Slowking\n|\n|upkeep\n|turn|2\n|\n|t:|1698328587\n|move|p2b: Steelix|Curse|p2b: Steelix\n|-unboost|p2b: Steelix|spe|1\n|-boost|p2b: Steelix|atk|1\n|-boost|p2b: Steelix|def|1\n|move|p2a: Slowking|Chilly Reception|p2a: Slowking\n|-weather|Snow\n|-activate|p2a: Slowking|move: Pursuit\n|move|p1a: Absol|Pursuit|p2a: Slowking|[from]Pursuit\n|-supereffective|p2a: Slowking\n|-damage|p2a: Slowking|5\/100\n|c|\u2606Le Rat qui tabasse|Well\n|\n|t:|1698328598\n|switch|p2a: Avalugg|Avalugg, L42, F|100\/100|[from] Chilly Reception\n|move|p1b: Dogrino|Destiny Bond||[still]\n|-fail|p1b: Dogrino\n|\n|-weather|Snow|[upkeep]\n|upkeep\n|turn|3\n|c|\u2606Le Rat qui tabasse|And then you realised your mistake\n|\n|t:|1698328634\n|move|p2b: Steelix|Gyro Ball|p1a: Absol\n|-damage|p1a: Absol|0 fnt\n|faint|p1a: Absol\n|move|p2a: Avalugg|Body Press|p1b: Dogrino\n|-supereffective|p1b: Dogrino\n|-damage|p1b: Dogrino|0 fnt\n|faint|p1b: Dogrino\n|\n|-weather|Snow|[upkeep]\n|upkeep\n|\n|t:|1698328650\n|switch|p1a: Ixon|Obstagoon, L35, M|100\/100\n|switch|p1b: Tengalice|Shiftry, L30, M|100\/100\n|turn|4\n|\n|t:|1698328668\n|move|p2b: Steelix|Gyro Ball|p1a: Ixon\n|-damage|p1a: Ixon|0 fnt\n|faint|p1a: Ixon\n|move|p2a: Avalugg|Body Press|p1b: Tengalice\n|-supereffective|p1b: Tengalice\n|-damage|p1b: Tengalice|0 fnt\n|replace|p1b: Zoroark|Zoroark, L30, M\n|-end|p1b: Zoroark|Illusion\n|faint|p1b: Zoroark\n|\n|-weather|Snow|[upkeep]\n|upkeep\n|\n|t:|1698328683\n|switch|p1b: Corboss|Honchkrow, L30, F|100\/100\n|switch|p1a: Tengalice|Shiftry, L35, M|100\/100\n|turn|5\n|\n|t:|1698328695\n|move|p2b: Steelix|Gyro Ball|p1b: Corboss\n|-damage|p1b: Corboss|0 fnt\n|faint|p1b: Corboss\n|move|p2a: Avalugg|Body Press|p1a: Tengalice\n|-supereffective|p1a: Tengalice\n|-damage|p1a: Tengalice|0 fnt\n|faint|p1a: Tengalice\n|\n|win|Le Rat qui tabasse\n","uploadtime":1698328705,"views":9,"p1id":"targanlikoris","p2id":"leratquitabasse","formatid":"gen9nationaldexdoubles","rating":0,"private":0,"password":""}