{"id":"gen9nationaldexdoubles-1957343181","p1":"Mozoji","p2":"NotArusef","format":"[Gen 9] National Dex Doubles","log":"|j|\u2606Mozoji\n|j|\u2606NotArusef\n|t:|1696210555\n|gametype|doubles\n|player|p1|Mozoji|101|1007\n|player|p2|NotArusef|clerk-boss|1066\n|teamsize|p1|6\n|teamsize|p2|6\n|gen|9\n|tier|[Gen 9] National Dex Doubles\n|rated|\n|rule|HP Percentage Mod: HP is shown in percentages\n|rule|Endless Battle Clause: Forcing endless battles is banned\n|rule|OHKO Clause: OHKO moves are banned\n|rule|Evasion Moves Clause: Evasion moves are banned\n|rule|Evasion Abilities Clause: Evasion abilities are banned\n|rule|Species Clause: Limit one of each Pok\u00e9mon\n|rule|Gravity Sleep Clause: The combination of sleep-inducing moves with imperfect accuracy and Gravity or Gigantamax Orbeetle are banned\n|clearpoke\n|poke|p1|Jirachi|\n|poke|p1|Lucario, F|\n|poke|p1|Clodsire, F|\n|poke|p1|Mew|\n|poke|p1|Shaymin-Sky|\n|poke|p1|Alomomola, F|\n|poke|p2|Stunfisk-Galar, M|\n|poke|p2|Slowking-Galar, F|\n|poke|p2|Slowbro, F|\n|poke|p2|Runerigus, M|\n|poke|p2|Sableye, M|\n|poke|p2|Cradily, F|\n|teampreview\n|inactive|Battle timer is ON: inactive players will automatically lose when time's up. (requested by NotArusef)\n|\n|t:|1696210564\n|start\n|switch|p1a: Shaymin|Shaymin-Sky|100\/100\n|switch|p1b: Mew|Mew|100\/100\n|switch|p2a: Sableye|Sableye, M|100\/100\n|switch|p2b: Runerigus|Runerigus, M|100\/100\n|turn|1\n|\n|t:|1696210576\n|move|p2a: Sableye|Taunt|p1b: Mew\n|-start|p1b: Mew|move: Taunt\n|move|p1a: Shaymin|Seed Flare|p2b: Runerigus\n|-supereffective|p2b: Runerigus\n|-damage|p2b: Runerigus|0 fnt\n|faint|p2b: Runerigus\n|-damage|p1a: Shaymin|91\/100|[from] item: Life Orb\n|cant|p1b: Mew|move: Taunt|Cosmic Power\n|\n|upkeep\n|\n|t:|1696210585\n|switch|p2b: Slowking|Slowking-Galar, F|100\/100\n|turn|2\n|\n|t:|1696210609\n|switch|p1a: Clodsire|Clodsire, F|100\/100\n|switch|p1b: Jirachi|Jirachi|100\/100\n|move|p2a: Sableye|Light Screen|p2a: Sableye\n|-sidestart|p2: NotArusef|move: Light Screen\n|move|p2b: Slowking|Trick Room|p2b: Slowking\n|-fieldstart|move: Trick Room|[of] p2b: Slowking\n|\n|upkeep\n|turn|3\n|\n|t:|1696210629\n|move|p2b: Slowking|Flamethrower|p1b: Jirachi\n|-supereffective|p1b: Jirachi\n|-crit|p1b: Jirachi\n|-damage|p1b: Jirachi|40\/100\n|move|p1a: Clodsire|Toxic|p2a: Sableye\n|-status|p2a: Sableye|tox\n|move|p2a: Sableye|Knock Off|p1b: Jirachi\n|-supereffective|p1b: Jirachi\n|-damage|p1b: Jirachi|0 fnt\n|-enditem|p1b: Jirachi|Leftovers|[from] move: Knock Off|[of] p2a: Sableye\n|faint|p1b: Jirachi\n|\n|-damage|p2a: Sableye|95\/100 tox|[from] psn\n|upkeep\n|\n|t:|1696210645\n|switch|p1b: Mew|Mew|100\/100\n|turn|4\n|\n|t:|1696210655\n|switch|p2b: Stunfisk|Stunfisk-Galar, M|100\/100\n|switch|p1a: Alomomola|Alomomola, F|100\/100\n|-terastallize|p1b: Mew|Poison\n|move|p2a: Sableye|Taunt|p1b: Mew\n|-start|p1b: Mew|move: Taunt\n|cant|p1b: Mew|move: Taunt|Cosmic Power\n|\n|-damage|p2a: Sableye|83\/100 tox|[from] psn\n|upkeep\n|turn|5\n|\n|t:|1696210677\n|switch|p1b: Lucario|Lucario, F|100\/100\n|move|p2a: Sableye|Taunt|p1a: Alomomola\n|-start|p1a: Alomomola|move: Taunt\n|move|p2b: Stunfisk|Curse|p2b: Stunfisk\n|-unboost|p2b: Stunfisk|spe|1\n|-boost|p2b: Stunfisk|atk|1\n|-boost|p2b: Stunfisk|def|1\n|move|p1a: Alomomola|Knock Off|p2b: Stunfisk\n|-damage|p2b: Stunfisk|90\/100\n|-enditem|p2b: Stunfisk|Expert Belt|[from] move: Knock Off|[of] p1a: Alomomola\n|\n|-damage|p2a: Sableye|65\/100 tox|[from] psn\n|upkeep\n|turn|6\n|\n|t:|1696210701\n|switch|p2a: Slowbro|Slowbro, F|100\/100\n|detailschange|p1b: Lucario|Lucario-Mega, F\n|-mega|p1b: Lucario|Lucario|Lucarionite\n|move|p2b: Stunfisk|Stomping Tantrum|p1b: Lucario\n|-supereffective|p1b: Lucario\n|-damage|p1b: Lucario|0 fnt\n|faint|p1b: Lucario\n|move|p1a: Alomomola|Flip Turn|p2b: Stunfisk\n|-supereffective|p2b: Stunfisk\n|-damage|p2b: Stunfisk|71\/100\n|\n|t:|1696210714\n|switch|p1a: Mew|Mew, tera:Poison|100\/100|[from] Flip Turn\n|\n|-fieldend|move: Trick Room\n|upkeep\n|\n|t:|1696210717\n|switch|p1b: Shaymin|Shaymin-Sky|91\/100\n|turn|7\n|\n|t:|1696210730\n|move|p1b: Shaymin|Seed Flare|p2a: Slowbro|[miss]\n|-miss|p1b: Shaymin|p2a: Slowbro\n|move|p1a: Mew|Cosmic Power|p1a: Mew\n|-boost|p1a: Mew|def|1\n|-boost|p1a: Mew|spd|1\n|move|p2b: Stunfisk|Stomping Tantrum|p1a: Mew\n|-supereffective|p1a: Mew\n|-damage|p1a: Mew|49\/100\n|move|p2a: Slowbro|Trick Room|p2a: Slowbro\n|-fieldstart|move: Trick Room|[of] p2a: Slowbro\n|\n|upkeep\n|turn|8\n|\n|t:|1696210752\n|move|p1a: Mew|Protect|p1a: Mew\n|-singleturn|p1a: Mew|Protect\n|move|p2b: Stunfisk|Stomping Tantrum|p1a: Mew\n|-activate|p1a: Mew|move: Protect\n|move|p2a: Slowbro|Psychic|p1a: Mew\n|-activate|p1a: Mew|move: Protect\n|move|p1b: Shaymin|Seed Flare|p2b: Stunfisk\n|-damage|p2b: Stunfisk|20\/100\n|-unboost|p2b: Stunfisk|spd|2\n|-damage|p1b: Shaymin|81\/100|[from] item: Life Orb\n|\n|upkeep\n|turn|9\n|\n|t:|1696210779\n|switch|p1a: Alomomola|Alomomola, F|100\/100\n|move|p2b: Stunfisk|Stomping Tantrum|p1a: Alomomola\n|-damage|p1a: Alomomola|75\/100\n|-damage|p2b: Stunfisk|4\/100|[from] item: Rocky Helmet|[of] p1a: Alomomola\n|move|p2a: Slowbro|Flamethrower|p1b: Shaymin\n|-supereffective|p1b: Shaymin\n|-damage|p1b: Shaymin|6\/100\n|move|p1b: Shaymin|Seed Flare|p2b: Stunfisk\n|-damage|p2b: Stunfisk|0 fnt\n|faint|p2b: Stunfisk\n|-damage|p1b: Shaymin|0 fnt|[from] item: Life Orb\n|faint|p1b: Shaymin\n|\n|-sideend|p2: NotArusef|move: Light Screen\n|upkeep\n|\n|t:|1696210793\n|switch|p2b: Cradily|Cradily, F|100\/100\n|switch|p1b: Clodsire|Clodsire, F|100\/100\n|turn|10\n|\n|t:|1696210822\n|switch|p2a: Slowking|Slowking-Galar, F|100\/100\n|move|p1b: Clodsire|Toxic|p2a: Slowking\n|-immune|p2a: Slowking\n|move|p2b: Cradily|Giga Drain|p1a: Alomomola\n|-supereffective|p1a: Alomomola\n|-damage|p1a: Alomomola|20\/100\n|move|p1a: Alomomola|Wish|p1a: Alomomola\n|\n|upkeep\n|turn|11\n|\n|t:|1696210850\n|switch|p1b: Mew|Mew, tera:Poison|49\/100\n|switch|p2b: Sableye|Sableye, M|65\/100 tox\n|move|p2a: Slowking|Eerie Spell|p1b: Mew\n|-supereffective|p1b: Mew\n|-damage|p1b: Mew|0 fnt\n|faint|p1b: Mew\n|move|p1a: Alomomola|Flip Turn|p2b: Sableye\n|-damage|p2b: Sableye|49\/100 tox\n|inactive|Mozoji has 120 seconds left.\n|-message|Mozoji forfeited.\n|\n|win|NotArusef\n|raw|Mozoji's rating: 1007 &rarr; <strong>1000<\/strong><br \/>(-7 for losing)\n|raw|NotArusef's rating: 1066 &rarr; <strong>1091<\/strong><br \/>(+25 for winning)\n|l|\u2606Mozoji\n","uploadtime":1696210870,"views":4,"p1id":"mozoji","p2id":"notarusef","formatid":"gen9nationaldexdoubles","rating":1000,"private":0,"password":""}