{"id":"gen9nationaldexdoubles-1962836089","p1":"KnighZeus","p2":"Hjgfj hf","format":"[Gen 9] National Dex Doubles","log":"|j|\u2606KnighZeus\n|j|\u2606Hjgfj hf\n|t:|1696796836\n|gametype|doubles\n|player|p1|KnighZeus|1|1161\n|player|p2|Hjgfj hf|lucas|1068\n|teamsize|p1|6\n|teamsize|p2|6\n|gen|9\n|tier|[Gen 9] National Dex Doubles\n|rated|\n|rule|HP Percentage Mod: HP is shown in percentages\n|rule|Endless Battle Clause: Forcing endless battles is banned\n|rule|OHKO Clause: OHKO moves are banned\n|rule|Evasion Moves Clause: Evasion moves are banned\n|rule|Evasion Abilities Clause: Evasion abilities are banned\n|rule|Species Clause: Limit one of each Pok\u00e9mon\n|rule|Gravity Sleep Clause: The combination of sleep-inducing moves with imperfect accuracy and Gravity or Gigantamax Orbeetle are banned\n|clearpoke\n|poke|p1|Ursaluna-Bloodmoon, M|\n|poke|p1|Torkoal, F|\n|poke|p1|Scream Tail|\n|poke|p1|Slowking, M|\n|poke|p1|Walking Wake|\n|poke|p1|Parasect, M|\n|poke|p2|Blastoise, M|\n|poke|p2|Clefable, F|\n|poke|p2|Indeedee-F, F|\n|poke|p2|Mr. Mime, M|\n|poke|p2|Glastrier|\n|poke|p2|Oranguru, F|\n|teampreview\n|\n|t:|1696796863\n|start\n|switch|p1a: Scream Tail|Scream Tail|100\/100\n|switch|p1b: Torkoal|Torkoal, F|100\/100\n|switch|p2a: Glastrier|Glastrier|100\/100\n|switch|p2b: Blastoise|Blastoise, M|100\/100\n|-weather|SunnyDay|[from] ability: Drought|[of] p1b: Torkoal\n|-activate|p1a: Scream Tail|ability: Protosynthesis\n|-start|p1a: Scream Tail|protosynthesisspd\n|turn|1\n|\n|t:|1696796883\n|move|p1b: Torkoal|Protect|p1b: Torkoal\n|-singleturn|p1b: Torkoal|Protect\n|move|p2b: Blastoise|Follow Me|p2b: Blastoise\n|-singleturn|p2b: Blastoise|move: Follow Me\n|move|p2a: Glastrier|Stomping Tantrum|p1b: Torkoal\n|-activate|p1b: Torkoal|move: Protect\n|move|p1a: Scream Tail|Trick Room|p1a: Scream Tail\n|-fieldstart|move: Trick Room|[of] p1a: Scream Tail\n|\n|-weather|SunnyDay|[upkeep]\n|upkeep\n|turn|2\n|\n|t:|1696796896\n|-terastallize|p1b: Torkoal|Fire\n|move|p1a: Scream Tail|Helping Hand|p1b: Torkoal\n|-singleturn|p1b: Torkoal|Helping Hand|[of] p1a: Scream Tail\n|move|p2a: Glastrier|Protect|p2a: Glastrier\n|-singleturn|p2a: Glastrier|Protect\n|move|p1b: Torkoal|Eruption|p2a: Glastrier|[spread] p2b\n|-activate|p2a: Glastrier|move: Protect\n|-resisted|p2b: Blastoise\n|-damage|p2b: Blastoise|26\/100\n|move|p2b: Blastoise|Roar|p1b: Torkoal\n|drag|p1b: Walking Wake|Walking Wake|100\/100\n|-activate|p1b: Walking Wake|ability: Protosynthesis\n|-start|p1b: Walking Wake|protosynthesisspa\n|\n|-weather|SunnyDay|[upkeep]\n|upkeep\n|turn|3\n|\n|t:|1696796936\n|-terastallize|p2a: Glastrier|Ice\n|move|p2b: Blastoise|Follow Me|p2b: Blastoise\n|-singleturn|p2b: Blastoise|move: Follow Me\n|move|p2a: Glastrier|Icicle Spear|p1b: Walking Wake\n|-damage|p1b: Walking Wake|79\/100\n|-damage|p1b: Walking Wake|55\/100\n|-damage|p1b: Walking Wake|32\/100\n|-damage|p1b: Walking Wake|7\/100\n|-hitcount|p1b: Walking Wake|4\n|move|p1a: Scream Tail|Dazzling Gleam|p2a: Glastrier|[spread] p2a,p2b\n|-crit|p2a: Glastrier\n|-damage|p2a: Glastrier|82\/100\n|-damage|p2b: Blastoise|13\/100\n|-enditem|p2b: Blastoise|Iapapa Berry|[eat]\n|-heal|p2b: Blastoise|47\/100|[from] item: Iapapa Berry\n|move|p1b: Walking Wake|Flamethrower|p2b: Blastoise\n|-resisted|p2b: Blastoise\n|-damage|p2b: Blastoise|7\/100\n|\n|-weather|SunnyDay|[upkeep]\n|upkeep\n|turn|4\n|\n|t:|1696796987\n|move|p2b: Blastoise|Follow Me|p2b: Blastoise\n|-singleturn|p2b: Blastoise|move: Follow Me\n|move|p2a: Glastrier|Icicle Spear|p1b: Walking Wake\n|-damage|p1b: Walking Wake|0 fnt\n|faint|p1b: Walking Wake\n|-end|p1b: Walking Wake|Protosynthesis|[silent]\n|-ability|p2a: Glastrier|Chilling Neigh|boost\n|-boost|p2a: Glastrier|atk|1\n|-hitcount|p1: Walking Wake|1\n|move|p1a: Scream Tail|Dazzling Gleam|p2a: Glastrier|[spread] p2a,p2b\n|-damage|p2a: Glastrier|72\/100\n|-damage|p2b: Blastoise|0 fnt\n|faint|p2b: Blastoise\n|\n|-weather|SunnyDay|[upkeep]\n|upkeep\n|\n|t:|1696797000\n|switch|p2b: Mr. Mime|Mr. Mime, M|100\/100\n|switch|p1b: Slowking|Slowking, M|100\/100\n|turn|5\n|inactive|Battle timer is ON: inactive players will automatically lose when time's up. (requested by Hjgfj hf)\n|\n|t:|1696797022\n|move|p2b: Mr. Mime|Follow Me|p2b: Mr. Mime\n|-singleturn|p2b: Mr. Mime|move: Follow Me\n|move|p2a: Glastrier|Icicle Spear|p1a: Scream Tail\n|-damage|p1a: Scream Tail|76\/100\n|-damage|p1a: Scream Tail|51\/100\n|-damage|p1a: Scream Tail|26\/100\n|-damage|p1a: Scream Tail|3\/100\n|-damage|p1a: Scream Tail|0 fnt\n|faint|p1a: Scream Tail\n|-end|p1a: Scream Tail|Protosynthesis|[silent]\n|-ability|p2a: Glastrier|Chilling Neigh|boost\n|-boost|p2a: Glastrier|atk|1\n|-hitcount|p1: Scream Tail|5\n|move|p1b: Slowking|Scald|p2b: Mr. Mime\n|-damage|p2b: Mr. Mime|87\/100\n|\n|-weather|none\n|-fieldend|move: Trick Room\n|upkeep\n|\n|t:|1696797030\n|switch|p1a: Torkoal|Torkoal, F, tera:Fire|100\/100\n|-weather|SunnyDay|[from] ability: Drought|[of] p1a: Torkoal\n|turn|6\n|\n|t:|1696797043\n|move|p1a: Torkoal|Protect|p1a: Torkoal\n|-singleturn|p1a: Torkoal|Protect\n|move|p2b: Mr. Mime|Wide Guard|p2b: Mr. Mime\n|-singleturn|p2b: Mr. Mime|Wide Guard\n|move|p2a: Glastrier|Stomping Tantrum|p1a: Torkoal\n|-activate|p1a: Torkoal|move: Protect\n|move|p1b: Slowking|Trick Room|p1b: Slowking\n|-fieldstart|move: Trick Room|[of] p1b: Slowking\n|\n|-weather|SunnyDay|[upkeep]\n|upkeep\n|turn|7\n|\n|t:|1696797056\n|move|p2b: Mr. Mime|Wide Guard|p2b: Mr. Mime\n|-singleturn|p2b: Mr. Mime|Wide Guard\n|move|p2a: Glastrier|Stomping Tantrum|p1a: Torkoal\n|-supereffective|p1a: Torkoal\n|-damage|p1a: Torkoal|0 fnt\n|faint|p1a: Torkoal\n|-ability|p2a: Glastrier|Chilling Neigh|boost\n|-boost|p2a: Glastrier|atk|1\n|move|p1b: Slowking|Scald|p2a: Glastrier\n|-damage|p2a: Glastrier|61\/100\n|\n|-weather|SunnyDay|[upkeep]\n|upkeep\n|\n|t:|1696797069\n|switch|p1a: Ursaluna|Ursaluna-Bloodmoon, M|100\/100\n|turn|8\n|\n|t:|1696797080\n|move|p2b: Mr. Mime|Follow Me|p2b: Mr. Mime\n|-singleturn|p2b: Mr. Mime|move: Follow Me\n|move|p2a: Glastrier|Icicle Spear|p1a: Ursaluna\n|-supereffective|p1a: Ursaluna\n|-damage|p1a: Ursaluna|23\/100\n|-supereffective|p1a: Ursaluna\n|-damage|p1a: Ursaluna|0 fnt\n|faint|p1a: Ursaluna\n|-ability|p2a: Glastrier|Chilling Neigh|boost\n|-boost|p2a: Glastrier|atk|1\n|-hitcount|p1: Ursaluna|2\n|move|p1b: Slowking|Scald|p2b: Mr. Mime\n|-damage|p2b: Mr. Mime|73\/100\n|\n|-weather|SunnyDay|[upkeep]\n|upkeep\n|\n|t:|1696797086\n|switch|p1a: Parasect|Parasect, M|100\/100\n|turn|9\n|\n|t:|1696797095\n|move|p1b: Slowking|Protect|p1b: Slowking\n|-singleturn|p1b: Slowking|Protect\n|move|p2b: Mr. Mime|Follow Me|p2b: Mr. Mime\n|-singleturn|p2b: Mr. Mime|move: Follow Me\n|move|p2a: Glastrier|Icicle Spear|p1a: Parasect\n|-supereffective|p1a: Parasect\n|-damage|p1a: Parasect|0 fnt\n|faint|p1a: Parasect\n|-ability|p2a: Glastrier|Chilling Neigh|boost\n|-boost|p2a: Glastrier|atk|1\n|-hitcount|p1: Parasect|1\n|\n|-weather|SunnyDay|[upkeep]\n|upkeep\n|turn|10\n|-message|KnighZeus forfeited.\n|\n|win|Hjgfj hf\n|raw|KnighZeus's rating: 1161 &rarr; <strong>1129<\/strong><br \/>(-32 for losing)\n|raw|Hjgfj hf's rating: 1068 &rarr; <strong>1106<\/strong><br \/>(+38 for winning)\n|l|\u2606KnighZeus\n","uploadtime":1696797110,"views":6,"p1id":"knighzeus","p2id":"hjgfjhf","formatid":"gen9nationaldexdoubles","rating":1106,"private":0,"password":""}