{"id":"gen9nationaldexdoubles-1969799868","p1":"lxvliiz","p2":"Epilepsy Espeon","format":"[Gen 9] National Dex Doubles","log":"|j|\u2606lxvliiz\n|j|\u2606Epilepsy Espeon\n|t:|1697566322\n|gametype|doubles\n|player|p1|lxvliiz|gambler|1070\n|player|p2|Epilepsy Espeon|psychic-gen4|1000\n|teamsize|p1|6\n|teamsize|p2|6\n|gen|9\n|tier|[Gen 9] National Dex Doubles\n|rated|\n|rule|HP Percentage Mod: HP is shown in percentages\n|rule|Endless Battle Clause: Forcing endless battles is banned\n|rule|OHKO Clause: OHKO moves are banned\n|rule|Evasion Moves Clause: Evasion moves are banned\n|rule|Evasion Abilities Clause: Evasion abilities are banned\n|rule|Species Clause: Limit one of each Pok\u00e9mon\n|rule|Gravity Sleep Clause: The combination of sleep-inducing moves with imperfect accuracy and Gravity or Gigantamax Orbeetle are banned\n|clearpoke\n|poke|p1|Ribombee, M|\n|poke|p1|Nidoking, M|\n|poke|p1|Ogerpon-Cornerstone, F|\n|poke|p1|Eevee, M|\n|poke|p1|Volcarona, F|\n|poke|p1|Medicham, F|\n|poke|p2|Espeon, F|\n|poke|p2|Lurantis, F|\n|poke|p2|Corsola-Galar, F|\n|poke|p2|Sableye, M|\n|poke|p2|Chimecho, M|\n|poke|p2|Muk-Alola, M|\n|teampreview\n|inactive|Battle timer is ON: inactive players will automatically lose when time's up. (requested by Epilepsy Espeon)\n|\n|t:|1697566331\n|start\n|switch|p1a: testing1|Eevee, M|100\/100\n|switch|p1b: testing2|Ogerpon-Cornerstone, F|100\/100\n|switch|p2a: Chimecho|Chimecho, M|100\/100\n|switch|p2b: Muk|Muk-Alola, M|100\/100\n|turn|1\n|\n|t:|1697566342\n|-terastallize|p1b: testing2|Rock\n|detailschange|p1b: testing2|Ogerpon-Cornerstone-Tera, F, tera:Rock\n|-ability|p1b: testing2|Embody Aspect (Cornerstone)|boost\n|-boost|p1b: testing2|def|1\n|move|p1b: testing2|Follow Me|p1b: testing2\n|-singleturn|p1b: testing2|move: Follow Me\n|move|p2b: Muk|Rock Polish|p2b: Muk\n|-boost|p2b: Muk|spe|2\n|move|p2a: Chimecho|Cosmic Power|p2a: Chimecho\n|-boost|p2a: Chimecho|def|1\n|-boost|p2a: Chimecho|spd|1\n|-zpower|p1a: testing1\n|move|p1a: testing1|Extreme Evoboost|p1a: testing1\n|-boost|p1a: testing1|atk|2\n|-boost|p1a: testing1|def|2\n|-boost|p1a: testing1|spa|2\n|-boost|p1a: testing1|spd|2\n|-boost|p1a: testing1|spe|2\n|\n|upkeep\n|turn|2\n|\n|t:|1697566361\n|move|p2b: Muk|Rock Slide|p1b: testing2|[spread] p1a,p1b\n|-damage|p1a: testing1|84\/100\n|-damage|p1b: testing2|85\/100\n|move|p1b: testing2|Ivy Cudgel|p2b: Muk\n|-damage|p2b: Muk|5\/100\n|cant|p1a: testing1|flinch\n|move|p2a: Chimecho|Cosmic Power|p2a: Chimecho\n|-boost|p2a: Chimecho|def|1\n|-boost|p2a: Chimecho|spd|1\n|\n|-heal|p2b: Muk|11\/100|[from] item: Black Sludge\n|upkeep\n|turn|3\n|\n|t:|1697566376\n|move|p2b: Muk|Drain Punch|p1a: testing1\n|-supereffective|p1a: testing1\n|-damage|p1a: testing1|37\/100\n|-heal|p2b: Muk|32\/100|[from] drain|[of] p1a: testing1\n|move|p1b: testing2|Horn Leech|p2b: Muk\n|-resisted|p2b: Muk\n|-damage|p2b: Muk|2\/100\n|-heal|p1b: testing2|100\/100|[from] drain|[of] p2b: Muk\n|move|p1a: testing1|Baton Pass|p1a: testing1\n|\n|t:|1697566385\n|switch|p1a: Medicham|Medicham, F|100\/100|[from] Baton Pass\n|move|p2a: Chimecho|Cosmic Power|p2a: Chimecho\n|-boost|p2a: Chimecho|def|1\n|-boost|p2a: Chimecho|spd|1\n|\n|-heal|p2b: Muk|8\/100|[from] item: Black Sludge\n|upkeep\n|turn|4\n|\n|t:|1697566396\n|detailschange|p1a: Medicham|Medicham-Mega, F\n|-mega|p1a: Medicham|Medicham|Medichamite\n|move|p1a: Medicham|Power-Up Punch|p2b: Muk\n|-damage|p2b: Muk|0 fnt\n|-boost|p1a: Medicham|atk|1\n|faint|p2b: Muk\n|move|p1b: testing2|Ivy Cudgel|p2a: Chimecho\n|-damage|p2a: Chimecho|71\/100\n|move|p2a: Chimecho|Skill Swap|p1a: Medicham\n|-activate|p2a: Chimecho|move: Skill Swap|Pure Power|Levitate|[of] p1a: Medicham\n|\n|-heal|p2a: Chimecho|77\/100|[from] item: Leftovers\n|upkeep\n|\n|t:|1697566407\n|switch|p2b: Sableye|Sableye, M|100\/100\n|turn|5\n|\n|t:|1697566428\n|move|p2b: Sableye|Encore|p1a: Medicham\n|-start|p1a: Medicham|Encore\n|move|p1a: Medicham|Power-Up Punch|p2a: Chimecho\n|-resisted|p2a: Chimecho\n|-damage|p2a: Chimecho|68\/100\n|-boost|p1a: Medicham|atk|1\n|move|p1b: testing2|Ivy Cudgel|p2b: Sableye\n|-damage|p2b: Sableye|22\/100\n|move|p2a: Chimecho|Stored Power|p1b: testing2\n|-crit|p1b: testing2\n|-damage|p1b: testing2|18\/100\n|\n|-heal|p2a: Chimecho|75\/100|[from] item: Leftovers\n|upkeep\n|turn|6\n|\n|t:|1697566443\n|move|p2b: Sableye|Confuse Ray|p1b: testing2\n|-start|p1b: testing2|confusion\n|move|p1a: Medicham|Power-Up Punch|p2a: Chimecho\n|-resisted|p2a: Chimecho\n|-damage|p2a: Chimecho|66\/100\n|-boost|p1a: Medicham|atk|1\n|-activate|p1b: testing2|confusion\n|-damage|p1b: testing2|6\/100|[from] confusion\n|move|p2a: Chimecho|Stored Power|p1a: Medicham\n|-damage|p1a: Medicham|67\/100\n|\n|-heal|p2a: Chimecho|72\/100|[from] item: Leftovers\n|upkeep\n|turn|7\n|\n|t:|1697566461\n|move|p2b: Sableye|Confuse Ray|p1a: Medicham\n|-start|p1a: Medicham|confusion\n|-activate|p1a: Medicham|confusion\n|move|p1a: Medicham|Power-Up Punch|p2a: Chimecho\n|-resisted|p2a: Chimecho\n|-damage|p2a: Chimecho|61\/100\n|-boost|p1a: Medicham|atk|1\n|-activate|p1b: testing2|confusion\n|move|p1b: testing2|Horn Leech|p2b: Sableye\n|-damage|p2b: Sableye|0 fnt\n|-heal|p1b: testing2|17\/100|[from] drain|[of] p2b: Sableye\n|faint|p2b: Sableye\n|move|p2a: Chimecho|Skill Swap|p1a: Medicham\n|-activate|p2a: Chimecho|move: Skill Swap|Levitate|Pure Power|[of] p1a: Medicham\n|\n|-heal|p2a: Chimecho|67\/100|[from] item: Leftovers\n|-end|p1a: Medicham|Encore\n|upkeep\n|\n|t:|1697566475\n|switch|p2b: Corsola|Corsola-Galar, F|100\/100\n|turn|8\n|\n|t:|1697566488\n|-activate|p1a: Medicham|confusion\n|move|p1a: Medicham|Drain Punch|p2a: Chimecho\n|-resisted|p2a: Chimecho\n|-damage|p2a: Chimecho|15\/100\n|-heal|p1a: Medicham|100\/100|[from] drain|[of] p2a: Chimecho\n|-activate|p1b: testing2|confusion\n|-damage|p1b: testing2|4\/100|[from] confusion\n|move|p2a: Chimecho|Stored Power|p1a: Medicham\n|-damage|p1a: Medicham|64\/100\n|move|p2b: Corsola|Night Shade|p1b: testing2\n|-damage|p1b: testing2|0 fnt\n|faint|p1b: testing2\n|\n|-heal|p2a: Chimecho|22\/100|[from] item: Leftovers\n|upkeep\n|\n|t:|1697566496\n|switch|p1b: testing4|Volcarona, F|100\/100\n|turn|9\n|\n|t:|1697566507\n|move|p1b: testing4|Rage Powder|p1b: testing4\n|-singleturn|p1b: testing4|move: Rage Powder\n|-activate|p1a: Medicham|confusion\n|-damage|p1a: Medicham|31\/100|[from] confusion\n|move|p2a: Chimecho|Stored Power|p1b: testing4\n|-damage|p1b: testing4|69\/100\n|move|p2b: Corsola|Mirror Coat||[still]\n|-fail|p2b: Corsola\n|\n|-heal|p2a: Chimecho|28\/100|[from] item: Leftovers\n|upkeep\n|turn|10\n|\n|t:|1697566518\n|move|p1b: testing4|Rage Powder|p1b: testing4\n|-singleturn|p1b: testing4|move: Rage Powder\n|-end|p1a: Medicham|confusion\n|move|p1a: Medicham|Drain Punch|p2a: Chimecho\n|-resisted|p2a: Chimecho\n|-damage|p2a: Chimecho|0 fnt\n|-heal|p1a: Medicham|50\/100|[from] drain|[of] p2a: Chimecho\n|faint|p2a: Chimecho\n|move|p2b: Corsola|Night Shade|p1b: testing4\n|-damage|p1b: testing4|42\/100\n|\n|upkeep\n|\n|t:|1697566530\n|switch|p2a: Lurantis|Lurantis, F|100\/100\n|turn|11\n|\n|t:|1697566542\n|move|p1b: testing4|Rage Powder|p1b: testing4\n|-singleturn|p1b: testing4|move: Rage Powder\n|move|p1a: Medicham|Drain Punch|p2a: Lurantis|[miss]\n|-miss|p1a: Medicham|p2a: Lurantis\n|move|p2a: Lurantis|Superpower|p1a: Medicham\n|-resisted|p1a: Medicham\n|-damage|p1a: Medicham|40\/100\n|-boost|p2a: Lurantis|atk|1\n|-boost|p2a: Lurantis|def|1\n|move|p2b: Corsola|Confuse Ray|p1b: testing4\n|-start|p1b: testing4|confusion\n|\n|upkeep\n|turn|12\n|\n|t:|1697566557\n|-activate|p1b: testing4|confusion\n|move|p1b: testing4|Rage Powder|p1b: testing4\n|-singleturn|p1b: testing4|move: Rage Powder\n|move|p1a: Medicham|Drain Punch|p2a: Lurantis\n|-damage|p2a: Lurantis|0 fnt\n|-heal|p1a: Medicham|100\/100|[from] drain|[of] p2a: Lurantis\n|faint|p2a: Lurantis\n|move|p2b: Corsola|Night Shade|p1b: testing4\n|-damage|p1b: testing4|15\/100\n|-enditem|p1b: testing4|Wiki Berry|[eat]\n|-heal|p1b: testing4|48\/100|[from] item: Wiki Berry\n|\n|upkeep\n|\n|t:|1697566566\n|switch|p2a: Espeon|Espeon, F|100\/100\n|turn|13\n|\n|t:|1697566576\n|move|p1a: Medicham|Drain Punch|p2a: Espeon\n|-resisted|p2a: Espeon\n|-enditem|p2a: Espeon|Focus Sash\n|-damage|p2a: Espeon|1\/100\n|move|p2a: Espeon|Shadow Ball|p1a: Medicham\n|-supereffective|p1a: Medicham\n|-damage|p1a: Medicham|61\/100\n|-unboost|p1a: Medicham|spd|1\n|-activate|p1b: testing4|confusion\n|-damage|p1b: testing4|42\/100|[from] confusion\n|move|p2b: Corsola|Night Shade|p1a: Medicham\n|-damage|p1a: Medicham|23\/100\n|\n|upkeep\n|turn|14\n|\n|t:|1697566595\n|-activate|p1b: testing4|confusion\n|move|p1b: testing4|Rage Powder|p1b: testing4\n|-singleturn|p1b: testing4|move: Rage Powder\n|move|p1a: Medicham|Drain Punch|p2a: Espeon\n|-resisted|p2a: Espeon\n|-damage|p2a: Espeon|0 fnt\n|-heal|p1a: Medicham|23\/100|[from] drain|[of] p2a: Espeon\n|faint|p2a: Espeon\n|move|p2b: Corsola|Night Shade|p1b: testing4\n|-damage|p1b: testing4|16\/100\n|\n|upkeep\n|turn|15\n|\n|t:|1697566610\n|-activate|p1b: testing4|confusion\n|move|p1b: testing4|Protect|p1b: testing4\n|-singleturn|p1b: testing4|Protect\n|move|p1a: Medicham|Zen Headbutt|p2b: Corsola\n|-damage|p2b: Corsola|0 fnt\n|-start|p1a: Medicham|Disable|Zen Headbutt|[from] ability: Cursed Body|[of] p2b: Corsola\n|faint|p2b: Corsola\n|\n|win|lxvliiz\n|raw|lxvliiz's rating: 1070 &rarr; <strong>1094<\/strong><br \/>(+24 for winning)\n|raw|Epilepsy Espeon's rating: 1000 &rarr; <strong>1000<\/strong><br \/>(+0 for losing)\n","uploadtime":1697566619,"views":5,"p1id":"lxvliiz","p2id":"epilepsyespeon","formatid":"gen9nationaldexdoubles","rating":1000,"private":0,"password":""}