{"id":"gen9nationaldexdoubles-1992178781","p1":"625applecy","p2":"Drakhar_LoveSensei","format":"[Gen 9] National Dex Doubles","log":"|j|\u2606625applecy\n|j|\u2606Drakhar_LoveSensei\n|t:|1700161530\n|gametype|doubles\n|player|p1|625applecy|266|1000\n|player|p2|Drakhar_LoveSensei|iris-gen5bw2|1046\n|teamsize|p1|6\n|teamsize|p2|6\n|gen|9\n|tier|[Gen 9] National Dex Doubles\n|rated|\n|rule|HP Percentage Mod: HP is shown in percentages\n|rule|Endless Battle Clause: Forcing endless battles is banned\n|rule|OHKO Clause: OHKO moves are banned\n|rule|Evasion Moves Clause: Evasion moves are banned\n|rule|Evasion Abilities Clause: Evasion abilities are banned\n|rule|Species Clause: Limit one of each Pok\u00e9mon\n|rule|Gravity Sleep Clause: The combination of sleep-inducing moves with imperfect accuracy and Gravity or Gigantamax Orbeetle are banned\n|clearpoke\n|poke|p1|Noivern, M|\n|poke|p1|Torracat, M|\n|poke|p1|Raichu, M|\n|poke|p1|Torterra, M|\n|poke|p1|Corvisquire, M|\n|poke|p1|Spheal, M|\n|poke|p2|Honchkrow, M|\n|poke|p2|Tapu Koko|\n|poke|p2|Forretress, M|\n|poke|p2|Crobat, M|\n|poke|p2|Morgrem, M|\n|poke|p2|Haxorus, M|\n|teampreview\n|\n|t:|1700161536\n|start\n|switch|p1a: Torracat|Torracat, M|100\/100\n|switch|p1b: Corvisquire|Corvisquire, M|100\/100\n|switch|p2a: Morgrem|Morgrem, M, shiny|100\/100\n|switch|p2b: Haxorus|Haxorus, M, shiny|100\/100\n|-ability|p1b: Corvisquire|Unnerve\n|-ability|p2b: Haxorus|Mold Breaker\n|-ability|p1a: Torracat|Intimidate|boost\n|-unboost|p2a: Morgrem|atk|1\n|-unboost|p2b: Haxorus|atk|1\n|turn|1\n|\n|t:|1700161566\n|move|p1a: Torracat|Fake Out|p2b: Haxorus\n|-damage|p2b: Haxorus|87\/100\n|move|p2a: Morgrem|Thunder Wave|p1b: Corvisquire|[miss]\n|-miss|p2a: Morgrem|p1b: Corvisquire\n|cant|p2b: Haxorus|flinch\n|move|p1b: Corvisquire|Tailwind|p1b: Corvisquire\n|-sidestart|p1: 625applecy|move: Tailwind\n|\n|upkeep\n|turn|2\n|\n|t:|1700161592\n|move|p2a: Morgrem|Thunder Wave|p1a: Torracat\n|-status|p1a: Torracat|par\n|move|p1b: Corvisquire|U-turn|p2a: Morgrem\n|-crit|p2a: Morgrem\n|-damage|p2a: Morgrem|82\/100\n|\n|t:|1700161611\n|switch|p1b: Torterra|Torterra, M|100\/100|[from] U-turn\n|move|p2b: Haxorus|Hone Claws|p2b: Haxorus\n|-boost|p2b: Haxorus|atk|1\n|-boost|p2b: Haxorus|accuracy|1\n|move|p1a: Torracat|U-turn|p2a: Morgrem\n|-damage|p2a: Morgrem|64\/100\n|\n|t:|1700161623\n|switch|p1a: Noivern|Noivern, M, shiny|100\/100|[from] U-turn\n|\n|upkeep\n|turn|3\n|\n|t:|1700161658\n|-terastallize|p1a: Noivern|Fire\n|move|p2a: Morgrem|Thunder Wave|p1a: Noivern\n|-status|p1a: Noivern|par\n|move|p1a: Noivern|Boomburst|p2a: Morgrem|[spread] p1b,p2a,p2b\n|-damage|p1b: Torterra|71\/100\n|-damage|p2a: Morgrem|34\/100\n|-damage|p2b: Haxorus|44\/100\n|move|p2b: Haxorus|Scale Shot|p1a: Noivern\n|-damage|p1a: Noivern|82\/100 par\n|-damage|p1a: Noivern|64\/100 par\n|-damage|p1a: Noivern|46\/100 par\n|-damage|p1a: Noivern|28\/100 par\n|-hitcount|p1a: Noivern|4\n|-unboost|p2b: Haxorus|def|1\n|-boost|p2b: Haxorus|spe|1\n|move|p1b: Torterra|Earthquake|p2b: Haxorus|[spread] p2a,p2b\n|-activate|p1a: Noivern|ability: Telepathy\n|-damage|p2a: Morgrem|0 fnt\n|-damage|p2b: Haxorus|0 fnt\n|faint|p2a: Morgrem\n|faint|p2b: Haxorus\n|\n|upkeep\n|\n|t:|1700161681\n|switch|p2b: Honchkrow|Honchkrow, M, shiny|100\/100\n|switch|p2a: Crobat|Crobat, M, shiny|100\/100\n|turn|4\n|\n|t:|1700161712\n|switch|p1b: Corvisquire|Corvisquire, M|100\/100\n|-ability|p1b: Corvisquire|Unnerve\n|cant|p1a: Noivern|par\n|move|p2a: Crobat|Air Slash|p1b: Corvisquire\n|-damage|p1b: Corvisquire|80\/100\n|move|p2b: Honchkrow|Night Slash|p1a: Noivern\n|-damage|p1a: Noivern|0 fnt\n|faint|p1a: Noivern\n|\n|-sideend|p1: 625applecy|move: Tailwind\n|upkeep\n|\n|t:|1700161729\n|switch|p1a: Torracat|Torracat, M|100\/100 par\n|-ability|p1a: Torracat|Intimidate|boost\n|-unboost|p2a: Crobat|atk|1\n|-unboost|p2b: Honchkrow|atk|1\n|turn|5\n|\n|t:|1700161744\n|switch|p2a: Forretress|Forretress, M, shiny|100\/100\n|move|p1a: Torracat|Fake Out|p2a: Forretress\n|-resisted|p2a: Forretress\n|-damage|p2a: Forretress|97\/100\n|move|p1b: Corvisquire|Tailwind|p1b: Corvisquire\n|-sidestart|p1: 625applecy|move: Tailwind\n|move|p2b: Honchkrow|Thunder Wave|p1b: Corvisquire\n|-status|p1b: Corvisquire|par\n|\n|-heal|p2a: Forretress|100\/100|[from] item: Leftovers\n|upkeep\n|turn|6\n|\n|t:|1700161772\n|-terastallize|p2a: Forretress|Rock\n|move|p1a: Torracat|Protect|p1a: Torracat\n|-singleturn|p1a: Torracat|Protect\n|move|p1b: Corvisquire|U-turn|p2b: Honchkrow\n|-damage|p2b: Honchkrow|79\/100\n|\n|t:|1700161785\n|switch|p1b: Raichu|Raichu, M|100\/100|[from] U-turn\n|move|p2b: Honchkrow|Air Slash|p1a: Torracat\n|-activate|p1a: Torracat|move: Protect\n|move|p2a: Forretress|Stealth Rock|p1a: Torracat\n|-sidestart|p1: 625applecy|move: Stealth Rock\n|\n|upkeep\n|turn|7\n|\n|t:|1700161817\n|switch|p2b: Tapu Koko|Tapu Koko, shiny|100\/100\n|-fieldstart|move: Electric Terrain|[from] ability: Electric Surge|[of] p2b: Tapu Koko\n|move|p1b: Raichu|Nuzzle|p2b: Tapu Koko\n|-resisted|p2b: Tapu Koko\n|-damage|p2b: Tapu Koko|92\/100\n|move|p1a: Torracat|U-turn|p2a: Forretress\n|-crit|p2a: Forretress\n|-damage|p2a: Forretress|84\/100\n|\n|t:|1700161826\n|switch|p1a: Torterra|Torterra, M|71\/100|[from] U-turn\n|-damage|p1a: Torterra|65\/100|[from] Stealth Rock\n|move|p2a: Forretress|Rapid Spin|p1b: Raichu\n|-damage|p1b: Raichu|74\/100\n|-boost|p2a: Forretress|spe|1\n|\n|-heal|p2a: Forretress|91\/100|[from] item: Leftovers\n|upkeep\n|turn|8\n|\n|t:|1700161853\n|move|p1b: Raichu|Knock Off|p2b: Tapu Koko\n|-resisted|p2b: Tapu Koko\n|-damage|p2b: Tapu Koko|71\/100\n|-enditem|p2b: Tapu Koko|Terrain Extender|[from] move: Knock Off|[of] p1b: Raichu\n|move|p2b: Tapu Koko|Sky Drop||[still]\n|-prepare|p2b: Tapu Koko|Sky Drop|p1b: Raichu\n|move|p1a: Torterra|Bullet Seed|p2a: Forretress\n|-supereffective|p2a: Forretress\n|-damage|p2a: Forretress|77\/100\n|-supereffective|p2a: Forretress\n|-damage|p2a: Forretress|63\/100\n|-supereffective|p2a: Forretress\n|-crit|p2a: Forretress\n|-damage|p2a: Forretress|42\/100\n|-supereffective|p2a: Forretress\n|-damage|p2a: Forretress|29\/100\n|-hitcount|p2a: Forretress|4\n|move|p2a: Forretress|Ice Spinner|p1a: Torterra\n|-supereffective|p1a: Torterra\n|-damage|p1a: Torterra|11\/100\n|-fieldend|move: Electric Terrain\n|\n|-heal|p2a: Forretress|36\/100|[from] item: Leftovers\n|-sideend|p1: 625applecy|move: Tailwind\n|upkeep\n|turn|9\n|\n|t:|1700161888\n|move|p2b: Tapu Koko|Sky Drop|p1b: Raichu|[from]lockedmove\n|-resisted|p1b: Raichu\n|-damage|p1b: Raichu|53\/100\n|-end|p1b: Raichu|Sky Drop\n|move|p1b: Raichu|Knock Off|p2a: Forretress\n|-damage|p2a: Forretress|20\/100\n|-enditem|p2a: Forretress|Leftovers|[from] move: Knock Off|[of] p1b: Raichu\n|move|p2a: Forretress|Rapid Spin|p1a: Torterra\n|-damage|p1a: Torterra|3\/100\n|-boost|p2a: Forretress|spe|1\n|move|p1a: Torterra|Synthesis|p1a: Torterra\n|-heal|p1a: Torterra|53\/100\n|\n|upkeep\n|turn|10\n|\n|t:|1700161915\n|switch|p1b: Corvisquire|Corvisquire, M|80\/100 par\n|-ability|p1b: Corvisquire|Unnerve\n|-damage|p1b: Corvisquire|56\/100 par|[from] Stealth Rock\n|move|p2b: Tapu Koko|Sky Drop||[still]\n|-prepare|p2b: Tapu Koko|Sky Drop|p1b: Corvisquire\n|move|p2a: Forretress|Ice Spinner|p1a: Torterra\n|-supereffective|p1a: Torterra\n|-damage|p1a: Torterra|3\/100\n|move|p1a: Torterra|Earthquake|p2a: Forretress|[spread] p2a\n|-miss|p1a: Torterra|p1b: Corvisquire\n|-miss|p1a: Torterra|p2b: Tapu Koko\n|-supereffective|p2a: Forretress\n|-damage|p2a: Forretress|0 fnt\n|faint|p2a: Forretress\n|\n|upkeep\n|c|\u2606Drakhar_LoveSensei|3 hp\n|c|\u2606Drakhar_LoveSensei|come on\n|c|\u2606Drakhar_LoveSensei|luck\n|\n|t:|1700161934\n|switch|p2a: Crobat|Crobat, M, shiny|100\/100\n|turn|11\n|inactive|Battle timer is ON: inactive players will automatically lose when time's up. (requested by Drakhar_LoveSensei)\n|\n|t:|1700161964\n|move|p2a: Crobat|Cross Poison|p1a: Torterra\n|-damage|p1a: Torterra|0 fnt\n|faint|p1a: Torterra\n|move|p2b: Tapu Koko|Sky Drop|p1b: Corvisquire|[from]lockedmove\n|-immune|p1b: Corvisquire\n|move|p1b: Corvisquire|Tailwind|p1b: Corvisquire\n|-sidestart|p1: 625applecy|move: Tailwind\n|\n|upkeep\n|\n|t:|1700161976\n|switch|p1a: Spheal|Spheal, M|100\/100\n|-damage|p1a: Spheal|76\/100|[from] Stealth Rock\n|turn|12\n|\n|t:|1700161992\n|move|p1a: Spheal|Protect|p1a: Spheal\n|-singleturn|p1a: Spheal|Protect\n|move|p2a: Crobat|Cross Poison|p1b: Corvisquire\n|-damage|p1b: Corvisquire|36\/100 par\n|move|p2b: Tapu Koko|Electroweb|p1a: Spheal|[spread] p1b\n|-activate|p1a: Spheal|move: Protect\n|-supereffective|p1b: Corvisquire\n|-damage|p1b: Corvisquire|12\/100 par\n|-unboost|p1b: Corvisquire|spe|1\n|move|p1b: Corvisquire|U-turn|p2b: Tapu Koko\n|-resisted|p2b: Tapu Koko\n|-damage|p2b: Tapu Koko|62\/100\n|\n|t:|1700162005\n|switch|p1b: Raichu|Raichu, M|53\/100|[from] U-turn\n|-damage|p1b: Raichu|41\/100|[from] Stealth Rock\n|\n|upkeep\n|turn|13\n|inactive|625applecy has 120 seconds left.\n|\n|t:|1700162037\n|switch|p2a: Honchkrow|Honchkrow, M, shiny|79\/100\n|move|p1b: Raichu|Nuzzle|p2a: Honchkrow\n|-supereffective|p2a: Honchkrow\n|-crit|p2a: Honchkrow\n|-damage|p2a: Honchkrow|30\/100\n|-status|p2a: Honchkrow|par\n|move|p2b: Tapu Koko|Electroweb|p1b: Raichu|[spread] p1a\n|-ability|p1b: Raichu|Lightning Rod|boost\n|-boost|p1b: Raichu|spa|1\n|-supereffective|p1a: Spheal\n|-damage|p1a: Spheal|55\/100\n|-unboost|p1a: Spheal|spe|1\n|move|p1a: Spheal|Super Fang|p2b: Tapu Koko\n|-damage|p2b: Tapu Koko|31\/100\n|\n|upkeep\n|turn|14\n|inactive|625applecy has 120 seconds left.\n|inactive|Drakhar_LoveSensei has 120 seconds left.\n|\n|t:|1700162086\n|move|p1a: Spheal|Protect|p1a: Spheal\n|-singleturn|p1a: Spheal|Protect\n|move|p1b: Raichu|Discharge|p2b: Tapu Koko|[spread] p2a,p2b\n|-activate|p1a: Spheal|move: Protect\n|-supereffective|p2a: Honchkrow\n|-resisted|p2b: Tapu Koko\n|-damage|p2a: Honchkrow|0 fnt\n|-damage|p2b: Tapu Koko|9\/100\n|faint|p2a: Honchkrow\n|move|p2b: Tapu Koko|Sky Drop||[still]\n|-prepare|p2b: Tapu Koko|Sky Drop|p1b: Raichu\n|\n|-sideend|p1: 625applecy|move: Tailwind\n|upkeep\n|\n|t:|1700162096\n|switch|p2a: Crobat|Crobat, M, shiny|100\/100\n|turn|15\n|\n|t:|1700162104\n|move|p2b: Tapu Koko|Sky Drop|p1b: Raichu|[from]lockedmove\n|-resisted|p1b: Raichu\n|-damage|p1b: Raichu|20\/100\n|-end|p1b: Raichu|Sky Drop\n|-enditem|p1b: Raichu|Figy Berry|[eat]\n|-heal|p1b: Raichu|53\/100|[from] item: Figy Berry\n|move|p2a: Crobat|Cross Poison|p1a: Spheal\n|-damage|p1a: Spheal|26\/100\n|move|p1b: Raichu|Knock Off|p2a: Crobat\n|-damage|p2a: Crobat|65\/100\n|-enditem|p2a: Crobat|King's Rock|[from] move: Knock Off|[of] p1b: Raichu\n|move|p1a: Spheal|Blizzard|p2a: Crobat|[spread] p2a,p2b\n|-supereffective|p2a: Crobat\n|-damage|p2a: Crobat|20\/100\n|-damage|p2b: Tapu Koko|0 fnt\n|faint|p2b: Tapu Koko\n|\n|upkeep\n|turn|16\n|\n|t:|1700162124\n|move|p1a: Spheal|Protect|p1a: Spheal\n|-singleturn|p1a: Spheal|Protect\n|move|p2a: Crobat|Cross Poison|p1b: Raichu\n|-damage|p1b: Raichu|0 fnt\n|faint|p1b: Raichu\n|\n|upkeep\n|\n|t:|1700162132\n|switch|p1b: Torracat|Torracat, M|100\/100 par\n|-damage|p1b: Torracat|76\/100 par|[from] Stealth Rock\n|-ability|p1b: Torracat|Intimidate|boost\n|-unboost|p2a: Crobat|atk|1\n|turn|17\n|-message|Drakhar_LoveSensei forfeited.\n|\n|win|625applecy\n|raw|625applecy's rating: 1000 &rarr; <strong>1045<\/strong><br \/>(+45 for winning)\n|raw|Drakhar_LoveSensei's rating: 1046 &rarr; <strong>1027<\/strong><br \/>(-19 for losing)\n|l|\u2606Drakhar_LoveSensei\n","uploadtime":1700162142,"views":8,"p1id":"625applecy","p2id":"drakharlovesensei","formatid":"gen9nationaldexdoubles","rating":1027,"private":0,"password":""}