{"id":"gen9nationaldexdoubles-1983600233","p1":"Sheep Liver","p2":"Pure Hackmons","format":"[Gen 9] National Dex Doubles","log":"|j|\u2606Sheep Liver\n|j|\u2606Pure Hackmons\n|t:|1699147984\n|gametype|doubles\n|player|p1|Sheep Liver|sonia-masters|\n|player|p2|Pure Hackmons|ethan|\n|teamsize|p1|6\n|teamsize|p2|6\n|gen|9\n|tier|[Gen 9] National Dex Doubles\n|rated|Tournament battle\n|rule|HP Percentage Mod: HP is shown in percentages\n|rule|Endless Battle Clause: Forcing endless battles is banned\n|rule|Evasion Abilities Clause: Evasion abilities are banned\n|rule|Gravity Sleep Clause: The combination of sleep-inducing moves with imperfect accuracy and Gravity or Gigantamax Orbeetle are banned\n|clearpoke\n|poke|p1|Groudon-Primal|\n|poke|p1|Latios-Mega, F|\n|poke|p1|Gyarados-Mega, M|\n|poke|p1|Blissey, F|\n|poke|p1|Arceus-Ghost|\n|poke|p1|Gengar-Mega, F|\n|poke|p2|Regieleki|\n|poke|p2|Regieleki|\n|poke|p2|Regieleki|\n|poke|p2|Regieleki|\n|poke|p2|Chansey, F|\n|poke|p2|Audino-Mega, F|\n|teampreview\n|inactive|Battle timer is ON: inactive players will automatically lose when time's up. (requested by Sheep Liver)\n|c|\u2606Pure Hackmons|hf\n|c|\u2606Sheep Liver|glhf\n|c|\u2606Sheep Liver|tbh I just used my gen 6 ph team with a few differences\n|inactive|Sheep Liver has 120 seconds left.\n|\n|t:|1699148018\n|start\n|switch|p1a: Groudon|Groudon-Primal, shiny|100\/100\n|switch|p1b: Latios|Latios-Mega, F|100\/100\n|switch|p2a: Chansey|Chansey, F|100\/100\n|switch|p2b: Regieleki|Regieleki|100\/100\n|-ability|p1a: Groudon|Mold Breaker\n|turn|1\n|\n|t:|1699148041\n|move|p2b: Regieleki|Spikes|p1a: Groudon\n|-sidestart|p1: Sheep Liver|Spikes\n|move|p1b: Latios|Draco Meteor|p2b: Regieleki\n|-immune|p2b: Regieleki|[from] ability: Wonder Guard\n|move|p1a: Groudon|Spore|p2a: Chansey\n|-status|p2a: Chansey|slp|[from] move: Spore\n|cant|p2a: Chansey|slp\n|\n|upkeep\n|turn|2\n|c|\u2606Sheep Liver|hm\n|\n|t:|1699148056\n|move|p2b: Regieleki|Lunar Dance|p2b: Regieleki\n|faint|p2b: Regieleki\n|move|p1b: Latios|Draco Meteor|p2a: Chansey\n|-damage|p2a: Chansey|72\/100 slp\n|-boost|p1b: Latios|spa|2\n|move|p1a: Groudon|Spore|p2a: Chansey\n|-fail|p2a: Chansey|slp\n|cant|p2a: Chansey|slp\n|\n|upkeep\n|\n|t:|1699148065\n|switch|p2b: Regieleki|Regieleki|100\/100\n|-ability|p2b: Regieleki|Comatose\n|turn|3\n|\n|t:|1699148078\n|move|p2b: Regieleki|Sleep Talk|p2b: Regieleki\n|move|p2b: Regieleki|Revival Blessing|p2b: Regieleki|[from]move: Sleep Talk\n|\n|t:|1699148080\n|-heal|p2: Regieleki|50\/100|[from] move: Revival Blessing\n|move|p1b: Latios|V-create|p2b: Regieleki\n|-damage|p2b: Regieleki|50\/100\n|-boost|p1b: Latios|spe|1\n|-boost|p1b: Latios|def|1\n|-boost|p1b: Latios|spd|1\n|move|p1a: Groudon|Shell Smash|p1a: Groudon\n|-unboost|p1a: Groudon|def|1\n|-unboost|p1a: Groudon|spd|1\n|-boost|p1a: Groudon|atk|2\n|-boost|p1a: Groudon|spa|2\n|-boost|p1a: Groudon|spe|2\n|-curestatus|p2a: Chansey|slp|[msg]\n|move|p2a: Chansey|Transform|p1a: Groudon\n|-transform|p2a: Chansey|p1a: Groudon\n|-ability|p2a: Chansey|Mold Breaker\n|\n|upkeep\n|turn|4\n|\n|t:|1699148101\n|move|p1a: Groudon|Extreme Speed|p2a: Chansey\n|-damage|p2a: Chansey|26\/100\n|-damage|p1a: Groudon|91\/100|[from] item: Life Orb\n|move|p2b: Regieleki|Magical Torque|p1b: Latios\n|-supereffective|p1b: Latios\n|-damage|p1b: Latios|58\/100\n|move|p1b: Latios|V-create|p2b: Regieleki|[miss]\n|-miss|p1b: Latios|p2b: Regieleki\n|move|p2a: Chansey|Earthquake|p1b: Latios|[spread] p2b,p1a,p1b\n|-supereffective|p2b: Regieleki\n|-supereffective|p1a: Groudon\n|-damage|p2b: Regieleki|0 fnt\n|-damage|p1a: Groudon|0 fnt\n|-damage|p1b: Latios|0 fnt\n|faint|p2b: Regieleki\n|faint|p1a: Groudon\n|faint|p1b: Latios\n|\n|upkeep\n|c|\u2606Sheep Liver|lmao\n|c|\u2606Sheep Liver|eq\n|\n|t:|1699148118\n|switch|p2b: Regieleki|Regieleki|100\/100\n|switch|p1b: Gyarados|Gyarados-Mega, M, shiny|100\/100\n|switch|p1a: Blissey|Blissey, F, shiny|100\/100\n|-ability|p2b: Regieleki|Comatose\n|-damage|p1b: Gyarados|88\/100|[from] Spikes\n|-damage|p1a: Blissey|88\/100|[from] Spikes\n|-transform|p1a: Blissey|p2b: Regieleki|[from] ability: Imposter\n|-ability|p1a: Blissey|Comatose\n|turn|5\n|\n|t:|1699148136\n|move|p2a: Chansey|Extreme Speed|p1b: Gyarados\n|-damage|p1b: Gyarados|29\/100\n|move|p2b: Regieleki|Combat Torque|p1b: Gyarados\n|-supereffective|p1b: Gyarados\n|-damage|p1b: Gyarados|0 fnt\n|faint|p1b: Gyarados\n|move|p1a: Blissey|Revival Blessing|p1a: Blissey\n|\n|t:|1699148148\n|-heal|p1: Groudon|50\/100|[from] move: Revival Blessing\n|\n|upkeep\n|\n|t:|1699148154\n|switch|p1b: Arceus|Arceus-Ghost, shiny|100\/100\n|-damage|p1b: Arceus|88\/100|[from] Spikes\n|-ability|p1b: Arceus|Mold Breaker\n|turn|6\n|c|\u2606Sheep Liver|am I actually ghost in gen 9?\n|c|\u2606Pure Hackmons|yes\n|c|\u2606Sheep Liver|kool\n|inactive|Sheep Liver has 120 seconds left.\n|\n|t:|1699148185\n|switch|p2b: Audino|Audino-Mega, F|100\/100\n|move|p1b: Arceus|Extreme Speed|p2a: Chansey\n|-damage|p2a: Chansey|13\/100\n|move|p1a: Blissey|Sleep Talk|p1a: Blissey\n|move|p1a: Blissey|Revival Blessing|p1a: Blissey|[from]move: Sleep Talk\n|inactive|Sheep Liver has 120 seconds left.\n|\n|t:|1699148193\n|-heal|p1: Latios|50\/100|[from] move: Revival Blessing\n|move|p2a: Chansey|Earthquake|p1a: Blissey|[spread] p2b,p1a,p1b\n|-supereffective|p1a: Blissey\n|-damage|p2b: Audino|45\/100\n|-damage|p1a: Blissey|0 fnt\n|-damage|p1b: Arceus|3\/100\n|faint|p1a: Blissey\n|\n|upkeep\n|\n|t:|1699148198\n|switch|p1a: Groudon|Groudon-Primal, shiny|50\/100\n|-damage|p1a: Groudon|38\/100|[from] Spikes\n|-ability|p1a: Groudon|Mold Breaker\n|turn|7\n|\n|t:|1699148210\n|move|p2a: Chansey|Extreme Speed|p1a: Groudon\n|-damage|p1a: Groudon|0 fnt\n|faint|p1a: Groudon\n|move|p1b: Arceus|Extreme Speed|p2a: Chansey\n|-damage|p2a: Chansey|0 fnt\n|faint|p2a: Chansey\n|move|p2b: Audino|Revival Blessing|p2b: Audino\n|\n|t:|1699148216\n|-heal|p2: Chansey|50\/100|[from] move: Revival Blessing\n|\n|upkeep\n|switch|p2a: Chansey|Chansey, F|50\/100\n|\n|t:|1699148220\n|switch|p1a: Gengar|Gengar-Mega, F|100\/100\n|-damage|p1a: Gengar|88\/100|[from] Spikes\n|turn|8\n|c|\u2606Pure Hackmons|wtf\n|c|\u2606Pure Hackmons|that is NOT supposed to happen\n|c|\u2606Sheep Liver|wdym\n|c|\u2606Pure Hackmons|i didnt even select chanseu\n|c|\u2606Sheep Liver|hm\n|\n|t:|1699148244\n|move|p1a: Gengar|Aura Sphere|p2a: Chansey\n|-supereffective|p2a: Chansey\n|-damage|p2a: Chansey|27\/100\n|move|p1b: Arceus|Shell Smash|p1b: Arceus\n|-unboost|p1b: Arceus|def|1\n|-unboost|p1b: Arceus|spd|1\n|-boost|p1b: Arceus|atk|2\n|-boost|p1b: Arceus|spa|2\n|-boost|p1b: Arceus|spe|2\n|move|p2a: Chansey|Revival Blessing|p2a: Chansey\n|\n|t:|1699148250\n|-heal|p2: Regieleki|50\/100|[from] move: Revival Blessing\n|move|p2b: Audino|Last Respects|p1a: Gengar\n|-supereffective|p1a: Gengar\n|-damage|p1a: Gengar|0 fnt\n|faint|p1a: Gengar\n|\n|upkeep\n|\n|t:|1699148254\n|switch|p1a: Latios|Latios-Mega, F|50\/100\n|-damage|p1a: Latios|38\/100|[from] Spikes\n|turn|9\n|\n|t:|1699148264\n|move|p1b: Arceus|Extreme Speed|p2b: Audino\n|-damage|p2b: Audino|19\/100\n|move|p1a: Latios|Draco Meteor|p2a: Chansey\n|-damage|p2a: Chansey|0 fnt\n|-boost|p1a: Latios|spa|2\n|-damage|p1a: Latios|0 fnt|[from] ability: Innards Out|[of] p2a: Chansey\n|faint|p2a: Chansey\n|faint|p1a: Latios\n|move|p2b: Audino|Last Respects|p1b: Arceus\n|-supereffective|p1b: Arceus\n|-damage|p1b: Arceus|0 fnt\n|faint|p1b: Arceus\n|\n|win|Pure Hackmons\n|n|\u2606Sheep Liver|sheepliver\n|n|\u2606Pure Hackmons|purehackmons\n","uploadtime":1699148265,"views":7,"p1id":"sheepliver","p2id":"purehackmons","formatid":"gen9nationaldexdoubles","rating":0,"private":0,"password":""}