{"id":"gen9nationaldexdoubles-1993775905","p1":"ocnarf30","p2":"jffmm7","format":"[Gen 9] National Dex Doubles","log":"|j|\u2606ocnarf30\n|j|\u2606jffmm7\n|t:|1700355855\n|gametype|doubles\n|player|p1|ocnarf30|265|\n|player|p2|jffmm7|169|\n|teamsize|p1|6\n|teamsize|p2|6\n|gen|9\n|tier|[Gen 9] National Dex Doubles\n|rule|HP Percentage Mod: HP is shown in percentages\n|rule|Endless Battle Clause: Forcing endless battles is banned\n|rule|OHKO Clause: OHKO moves are banned\n|rule|Evasion Moves Clause: Evasion moves are banned\n|rule|Evasion Abilities Clause: Evasion abilities are banned\n|rule|Species Clause: Limit one of each Pok\u00e9mon\n|rule|Gravity Sleep Clause: The combination of sleep-inducing moves with imperfect accuracy and Gravity or Gigantamax Orbeetle are banned\n|clearpoke\n|poke|p1|Bulbasaur, M|\n|poke|p1|Chikorita, M|\n|poke|p1|Litten, M|\n|poke|p1|Pichu, F|\n|poke|p1|Squirtle, F|\n|poke|p1|Fennekin, M|\n|poke|p2|Squirtle, M|\n|poke|p2|Chikorita, F|\n|poke|p2|Litten, M|\n|poke|p2|Scorbunny, M|\n|poke|p2|Larvitar, M|\n|poke|p2|Pichu, M|\n|teampreview\n|\n|t:|1700355880\n|start\n|switch|p1a: Pichu|Pichu, F|100\/100\n|switch|p1b: Squirtle|Squirtle, F|100\/100\n|switch|p2a: Chikorita|Chikorita, F|100\/100\n|switch|p2b: Litten|Litten, M|100\/100\n|-ability|p2b: Litten|Intimidate|boost\n|-unboost|p1a: Pichu|atk|1\n|-unboost|p1b: Squirtle|atk|1\n|turn|1\n|j| kuramasempai95\n|j| FenZephyria\n|l| FenZephyria\n|\n|t:|1700355927\n|move|p1a: Pichu|Fake Out|p2a: Chikorita\n|-damage|p2a: Chikorita|95\/100\n|move|p2b: Litten|U-turn|p1b: Squirtle\n|-damage|p1b: Squirtle|76\/100\n|-damage|p2b: Litten|91\/100|[from] item: Life Orb\n|\n|t:|1700355954\n|switch|p2b: Pichu|Pichu, M|100\/100|[from] U-turn\n|move|p1b: Squirtle|Scald|p2b: Pichu\n|-damage|p2b: Pichu|1\/100\n|cant|p2a: Chikorita|flinch\n|\n|upkeep\n|turn|2\n|\n|t:|1700355986\n|move|p2b: Pichu|Protect|p2b: Pichu\n|-singleturn|p2b: Pichu|Protect\n|move|p1a: Pichu|Play Rough|p2b: Pichu\n|-activate|p2b: Pichu|move: Protect\n|move|p1b: Squirtle|Ice Beam|p2a: Chikorita\n|-supereffective|p2a: Chikorita\n|-damage|p2a: Chikorita|65\/100\n|move|p2a: Chikorita|Seed Bomb|p1b: Squirtle\n|-supereffective|p1b: Squirtle\n|-damage|p1b: Squirtle|35\/100\n|\n|upkeep\n|turn|3\n|\n|t:|1700356025\n|move|p1b: Squirtle|Protect|p1b: Squirtle\n|-singleturn|p1b: Squirtle|Protect\n|move|p2b: Pichu|Wild Charge|p1a: Pichu\n|-activate|p1a: Pichu|ability: Lightning Rod\n|-ability|p1a: Pichu|Lightning Rod|boost\n|-boost|p1a: Pichu|spa|1\n|move|p1a: Pichu|Nuzzle|p2b: Pichu\n|-activate|p2b: Pichu|ability: Lightning Rod\n|-ability|p2b: Pichu|Lightning Rod|boost\n|-boost|p2b: Pichu|spa|1\n|move|p2a: Chikorita|Seed Bomb|p1b: Squirtle\n|-activate|p1b: Squirtle|move: Protect\n|\n|upkeep\n|turn|4\n|\n|t:|1700356071\n|switch|p1b: Litten|Litten, M|100\/100\n|-ability|p1b: Litten|Intimidate|boost\n|-unboost|p2a: Chikorita|atk|1\n|-unboost|p2b: Pichu|atk|1\n|move|p1a: Pichu|Play Rough|p2b: Pichu\n|-damage|p2b: Pichu|0 fnt\n|faint|p2b: Pichu\n|move|p2a: Chikorita|Seed Bomb|p1a: Pichu\n|-crit|p1a: Pichu\n|-enditem|p1a: Pichu|Focus Sash\n|-damage|p1a: Pichu|1\/100\n|\n|upkeep\n|\n|t:|1700356101\n|switch|p2b: Litten|Litten, M|91\/100\n|-ability|p2b: Litten|Intimidate|boost\n|-unboost|p1a: Pichu|atk|1\n|-unboost|p1b: Litten|atk|1\n|turn|5\n|\n|t:|1700356154\n|switch|p1a: Chikorita|Chikorita, M|100\/100\n|switch|p2a: Squirtle|Squirtle, M|100\/100\n|move|p1b: Litten|Fake Out|p2b: Litten\n|-damage|p2b: Litten|68\/100\n|-damage|p1b: Litten|91\/100|[from] item: Life Orb\n|cant|p2b: Litten|flinch\n|\n|upkeep\n|turn|6\n|\n|t:|1700356225\n|move|p2b: Litten|Flare Blitz|p1a: Chikorita\n|-supereffective|p1a: Chikorita\n|-damage|p1a: Chikorita|0 fnt\n|faint|p1a: Chikorita\n|-damage|p2b: Litten|26\/100|[from] Recoil\n|-damage|p2b: Litten|16\/100|[from] item: Life Orb\n|move|p1b: Litten|U-turn|p2b: Litten\n|-resisted|p2b: Litten\n|-damage|p2b: Litten|0 fnt\n|faint|p2b: Litten\n|-damage|p1b: Litten|81\/100|[from] item: Life Orb\n|\n|t:|1700356249\n|switch|p1b: Bulbasaur|Bulbasaur, M|100\/100|[from] U-turn\n|move|p2a: Squirtle|Icy Wind|p1b: Bulbasaur\n|-supereffective|p1b: Bulbasaur\n|-damage|p1b: Bulbasaur|75\/100\n|-unboost|p1b: Bulbasaur|spe|1\n|\n|upkeep\n|l| kuramasempai95\n|\n|t:|1700356283\n|switch|p2b: Chikorita|Chikorita, F|65\/100\n|switch|p1a: Pichu|Pichu, F|1\/100\n|turn|7\n|\n|t:|1700356326\n|move|p2a: Squirtle|Protect|p2a: Squirtle\n|-singleturn|p2a: Squirtle|Protect\n|move|p1a: Pichu|Fake Out|p2a: Squirtle\n|-activate|p2a: Squirtle|move: Protect\n|move|p2b: Chikorita|Seed Bomb|p1a: Pichu\n|-damage|p1a: Pichu|0 fnt\n|faint|p1a: Pichu\n|move|p1b: Bulbasaur|Sleep Powder|p2a: Squirtle\n|-activate|p2a: Squirtle|move: Protect\n|\n|upkeep\n|\n|t:|1700356345\n|switch|p1a: Litten|Litten, M|81\/100\n|-ability|p1a: Litten|Intimidate|boost\n|-unboost|p2a: Squirtle|atk|1\n|-unboost|p2b: Chikorita|atk|1\n|turn|8\n|\n|t:|1700356402\n|switch|p2b: Scorbunny|Scorbunny, M|100\/100\n|move|p1a: Litten|Fake Out|p2a: Squirtle\n|-damage|p2a: Squirtle|88\/100\n|-damage|p1a: Litten|71\/100|[from] item: Life Orb\n|cant|p2a: Squirtle|flinch\n|move|p1b: Bulbasaur|Sleep Powder|p2a: Squirtle|[miss]\n|-miss|p1b: Bulbasaur|p2a: Squirtle\n|\n|upkeep\n|turn|9\n|\n|t:|1700356438\n|move|p1a: Litten|U-turn|p2b: Scorbunny\n|-resisted|p2b: Scorbunny\n|-damage|p2b: Scorbunny|74\/100\n|-damage|p1a: Litten|61\/100|[from] item: Life Orb\n|\n|t:|1700356445\n|switch|p1a: Squirtle|Squirtle, F|35\/100|[from] U-turn\n|move|p2b: Scorbunny|Gunk Shot|p1a: Squirtle\n|-start|p2b: Scorbunny|typechange|Poison|[from] ability: Libero\n|-damage|p1a: Squirtle|0 fnt\n|faint|p1a: Squirtle\n|move|p2a: Squirtle|Ice Beam|p1b: Bulbasaur\n|-supereffective|p1b: Bulbasaur\n|-damage|p1b: Bulbasaur|36\/100\n|move|p1b: Bulbasaur|Giga Drain|p2a: Squirtle\n|-supereffective|p2a: Squirtle\n|-damage|p2a: Squirtle|36\/100\n|-heal|p1b: Bulbasaur|62\/100|[from] drain|[of] p2a: Squirtle\n|\n|upkeep\n|\n|t:|1700356473\n|switch|p1a: Litten|Litten, M|61\/100\n|-ability|p1a: Litten|Intimidate|boost\n|-unboost|p2a: Squirtle|atk|1\n|-unboost|p2b: Scorbunny|atk|1\n|turn|10\n|\n|t:|1700356520\n|move|p1a: Litten|Fake Out|p2b: Scorbunny\n|-damage|p2b: Scorbunny|42\/100\n|-damage|p1a: Litten|51\/100|[from] item: Life Orb\n|cant|p2b: Scorbunny|flinch\n|move|p2a: Squirtle|Scald|p1a: Litten\n|-supereffective|p1a: Litten\n|-damage|p1a: Litten|0 fnt\n|faint|p1a: Litten\n|move|p1b: Bulbasaur|Sleep Powder|p2b: Scorbunny|[miss]\n|-miss|p1b: Bulbasaur|p2b: Scorbunny\n|\n|upkeep\n|\n|t:|1700356533\n|switch|p1a: Fennekin|Fennekin, M|100\/100\n|turn|11\n|\n|t:|1700356553\n|move|p2b: Scorbunny|Gunk Shot|p1a: Fennekin|[miss]\n|-miss|p2b: Scorbunny|p1a: Fennekin\n|move|p1a: Fennekin|Heat Wave|p2b: Scorbunny|[spread] p2a\n|-miss|p1a: Fennekin|p2b: Scorbunny\n|-resisted|p2a: Squirtle\n|-damage|p2a: Squirtle|17\/100\n|move|p2a: Squirtle|Ice Beam|p1b: Bulbasaur\n|-supereffective|p1b: Bulbasaur\n|-damage|p1b: Bulbasaur|23\/100\n|move|p1b: Bulbasaur|Giga Drain|p2a: Squirtle\n|-supereffective|p2a: Squirtle\n|-damage|p2a: Squirtle|0 fnt\n|-heal|p1b: Bulbasaur|32\/100|[from] drain|[of] p2a: Squirtle\n|faint|p2a: Squirtle\n|\n|upkeep\n|\n|t:|1700356567\n|switch|p2a: Larvitar|Larvitar, M|100\/100\n|turn|12\n|\n|t:|1700356580\n|move|p2b: Scorbunny|Gunk Shot|p1a: Fennekin|[miss]\n|-miss|p2b: Scorbunny|p1a: Fennekin\n|move|p1a: Fennekin|Heat Wave|p2a: Larvitar|[spread] p2a,p2b\n|-resisted|p2a: Larvitar\n|-damage|p2a: Larvitar|77\/100\n|-damage|p2b: Scorbunny|0 fnt\n|faint|p2b: Scorbunny\n|move|p2a: Larvitar|Rock Slide|p1b: Bulbasaur|[spread] p1a,p1b\n|-supereffective|p1a: Fennekin\n|-damage|p1a: Fennekin|17\/100\n|-damage|p1b: Bulbasaur|13\/100\n|move|p1b: Bulbasaur|Giga Drain|p2a: Larvitar\n|-supereffective|p2a: Larvitar\n|-damage|p2a: Larvitar|0 fnt\n|-heal|p1b: Bulbasaur|55\/100|[from] drain|[of] p2a: Larvitar\n|faint|p2a: Larvitar\n|\n|upkeep\n|\n|t:|1700356596\n|switch|p2a: Chikorita|Chikorita, F|65\/100\n|turn|13\n|\n|t:|1700356605\n|move|p1a: Fennekin|Heat Wave|p2a: Chikorita\n|-supereffective|p2a: Chikorita\n|-damage|p2a: Chikorita|0 fnt\n|faint|p2a: Chikorita\n|\n|win|ocnarf30\n","uploadtime":1700356622,"views":6,"p1id":"ocnarf30","p2id":"jffmm7","formatid":"gen9nationaldexdoubles","rating":0,"private":0,"password":""}