{"id":"gen9nationaldexdoubles-1987481031","p1":"bingblang","p2":"Ufid","format":"[Gen 9] National Dex Doubles","log":"|j|\u2606bingblang\n|j|\u2606Ufid\n|t:|1699598756\n|gametype|doubles\n|player|p1|bingblang|caitlin|1047\n|player|p2|Ufid|170|1269\n|teamsize|p1|6\n|teamsize|p2|6\n|gen|9\n|tier|[Gen 9] National Dex Doubles\n|rated|\n|rule|HP Percentage Mod: HP is shown in percentages\n|rule|Endless Battle Clause: Forcing endless battles is banned\n|rule|OHKO Clause: OHKO moves are banned\n|rule|Evasion Moves Clause: Evasion moves are banned\n|rule|Evasion Abilities Clause: Evasion abilities are banned\n|rule|Species Clause: Limit one of each Pok\u00e9mon\n|rule|Gravity Sleep Clause: The combination of sleep-inducing moves with imperfect accuracy and Gravity or Gigantamax Orbeetle are banned\n|clearpoke\n|poke|p1|Garbodor, M|\n|poke|p1|Audino, F|\n|poke|p1|Krookodile, M|\n|poke|p1|Indeedee-F, F|\n|poke|p1|Aegislash, M|\n|poke|p1|Scolipede, M|\n|poke|p2|Kingambit, M|\n|poke|p2|Farigiraf, F|\n|poke|p2|Iron Bundle|\n|poke|p2|Ursaluna, F|\n|poke|p2|Kangaskhan, F|\n|poke|p2|Incineroar, F|\n|teampreview\n|\n|t:|1699598776\n|start\n|switch|p1a: Amide|Indeedee-F, F|100\/100\n|switch|p1b: Acid Chloride|Scolipede, M|100\/100\n|switch|p2a: Kangaskhan|Kangaskhan, F|100\/100\n|switch|p2b: Kingambit|Kingambit, M|100\/100\n|-fieldstart|move: Psychic Terrain|[from] ability: Psychic Surge|[of] p1a: Amide\n|turn|1\n|inactive|Battle timer is ON: inactive players will automatically lose when time's up. (requested by Ufid)\n|\n|t:|1699598806\n|move|p1a: Amide|Follow Me|p1a: Amide\n|-singleturn|p1a: Amide|move: Follow Me\n|move|p1b: Acid Chloride|Swords Dance|p1b: Acid Chloride\n|-boost|p1b: Acid Chloride|atk|2\n|move|p2a: Kangaskhan|Crush Claw|p1a: Amide\n|-damage|p1a: Amide|56\/100\n|-unboost|p1a: Amide|def|1\n|move|p2b: Kingambit|Knock Off|p1a: Amide\n|-supereffective|p1a: Amide\n|-damage|p1a: Amide|0 fnt\n|-enditem|p1a: Amide|Leftovers|[from] move: Knock Off|[of] p2b: Kingambit\n|faint|p1a: Amide\n|\n|-ability|p1b: Acid Chloride|Speed Boost|boost\n|-boost|p1b: Acid Chloride|spe|1\n|upkeep\n|\n|t:|1699598825\n|switch|p1a: Starbucks\ud83e\udd2e\ud83e\udd2e|Garbodor, M|100\/100\n|-item|p1a: Starbucks\ud83e\udd2e\ud83e\udd2e|Air Balloon\n|turn|2\n|\n|t:|1699598843\n|detailschange|p2a: Kangaskhan|Kangaskhan-Mega, F\n|-mega|p2a: Kangaskhan|Kangaskhan|Kangaskhanite\n|move|p1b: Acid Chloride|Baton Pass|p1b: Acid Chloride\n|\n|t:|1699598847\n|switch|p1b: Kroko|Krookodile, M|100\/100|[from] Baton Pass\n|-ability|p1b: Kroko|Intimidate|boost\n|-unboost|p2a: Kangaskhan|atk|1\n|-unboost|p2b: Kingambit|atk|1\n|move|p2a: Kangaskhan|Crush Claw|p1a: Starbucks\ud83e\udd2e\ud83e\udd2e\n|-damage|p1a: Starbucks\ud83e\udd2e\ud83e\udd2e|75\/100\n|-unboost|p1a: Starbucks\ud83e\udd2e\ud83e\udd2e|def|1\n|-ability|p1a: Starbucks\ud83e\udd2e\ud83e\udd2e|Weak Armor|boost\n|-unboost|p1a: Starbucks\ud83e\udd2e\ud83e\udd2e|def|1\n|-boost|p1a: Starbucks\ud83e\udd2e\ud83e\udd2e|spe|2\n|-enditem|p1a: Starbucks\ud83e\udd2e\ud83e\udd2e|Air Balloon\n|-damage|p1a: Starbucks\ud83e\udd2e\ud83e\udd2e|63\/100\n|-unboost|p1a: Starbucks\ud83e\udd2e\ud83e\udd2e|def|1\n|-ability|p1a: Starbucks\ud83e\udd2e\ud83e\udd2e|Weak Armor|boost\n|-unboost|p1a: Starbucks\ud83e\udd2e\ud83e\udd2e|def|1\n|-boost|p1a: Starbucks\ud83e\udd2e\ud83e\udd2e|spe|2\n|-hitcount|p1a: Starbucks\ud83e\udd2e\ud83e\udd2e|2\n|move|p1a: Starbucks\ud83e\udd2e\ud83e\udd2e|Toxic Spikes|p2b: Kingambit\n|-sidestart|p2: Ufid|move: Toxic Spikes\n|move|p2b: Kingambit|Knock Off|p1b: Kroko\n|-resisted|p1b: Kroko\n|-damage|p1b: Kroko|72\/100\n|-enditem|p1b: Kroko|Leftovers|[from] move: Knock Off|[of] p2b: Kingambit\n|\n|upkeep\n|turn|3\n|\n|t:|1699598876\n|move|p1a: Starbucks\ud83e\udd2e\ud83e\udd2e|Protect|p1a: Starbucks\ud83e\udd2e\ud83e\udd2e\n|-singleturn|p1a: Starbucks\ud83e\udd2e\ud83e\udd2e|Protect\n|move|p1b: Kroko|Earthquake|p2b: Kingambit|[spread] p2a,p2b\n|-activate|p1a: Starbucks\ud83e\udd2e\ud83e\udd2e|move: Protect\n|-supereffective|p2b: Kingambit\n|-damage|p2a: Kangaskhan|30\/100\n|-damage|p2b: Kingambit|0 fnt\n|faint|p2b: Kingambit\n|-end|p2b: Kingambit|fallenundefined|[silent]\n|move|p2a: Kangaskhan|Hammer Arm|p1b: Kroko\n|-supereffective|p1b: Kroko\n|-damage|p1b: Kroko|28\/100\n|-unboost|p2a: Kangaskhan|spe|1\n|-supereffective|p1b: Kroko\n|-damage|p1b: Kroko|17\/100\n|-unboost|p2a: Kangaskhan|spe|1\n|-hitcount|p1b: Kroko|2\n|\n|upkeep\n|inactive|Ufid has 120 seconds left.\n|\n|t:|1699598901\n|switch|p2b: Ursaluna|Ursaluna, F|100\/100\n|-status|p2b: Ursaluna|psn\n|turn|4\n|\n|t:|1699598916\n|move|p1b: Kroko|Protect|p1b: Kroko\n|-singleturn|p1b: Kroko|Protect\n|move|p2b: Ursaluna|Protect|p2b: Ursaluna\n|-singleturn|p2b: Ursaluna|Protect\n|move|p1a: Starbucks\ud83e\udd2e\ud83e\udd2e|Toxic Spikes|p2a: Kangaskhan\n|-sidestart|p2: Ufid|move: Toxic Spikes\n|move|p2a: Kangaskhan|Crush Claw|p1a: Starbucks\ud83e\udd2e\ud83e\udd2e\n|-crit|p1a: Starbucks\ud83e\udd2e\ud83e\udd2e\n|-damage|p1a: Starbucks\ud83e\udd2e\ud83e\udd2e|0 fnt\n|faint|p1a: Starbucks\ud83e\udd2e\ud83e\udd2e\n|-hitcount|p1: Starbucks\ud83e\udd2e\ud83e\udd2e|1\n|\n|-damage|p2b: Ursaluna|88\/100 psn|[from] psn\n|upkeep\n|inactive|bingblang has 120 seconds left.\n|\n|t:|1699598942\n|switch|p1a: Acid Chloride|Scolipede, M|100\/100\n|turn|5\n|\n|t:|1699598968\n|move|p1a: Acid Chloride|Protect|p1a: Acid Chloride\n|-singleturn|p1a: Acid Chloride|Protect\n|move|p1b: Kroko|Earthquake|p2b: Ursaluna|[spread] p2a,p2b\n|-activate|p1a: Acid Chloride|move: Protect\n|-damage|p2a: Kangaskhan|0 fnt\n|-damage|p2b: Ursaluna|29\/100 psn\n|faint|p2a: Kangaskhan\n|move|p2b: Ursaluna|Rock Slide|p1b: Kroko|[spread] p1b\n|-activate|p1a: Acid Chloride|move: Protect\n|-resisted|p1b: Kroko\n|-damage|p1b: Kroko|1\/100\n|\n|-damage|p2b: Ursaluna|16\/100 psn|[from] psn\n|-fieldend|move: Psychic Terrain\n|-ability|p1a: Acid Chloride|Speed Boost|boost\n|-boost|p1a: Acid Chloride|spe|1\n|upkeep\n|\n|t:|1699598975\n|switch|p2a: Incineroar|Incineroar, F|100\/100\n|-status|p2a: Incineroar|tox\n|-ability|p2a: Incineroar|Intimidate|boost\n|-unboost|p1a: Acid Chloride|atk|1\n|-unboost|p1b: Kroko|atk|1\n|turn|6\n|\n|t:|1699598996\n|switch|p2a: Farigiraf|Farigiraf, F|100\/100\n|-status|p2a: Farigiraf|tox\n|move|p1a: Acid Chloride|Swords Dance|p1a: Acid Chloride\n|-boost|p1a: Acid Chloride|atk|2\n|move|p1b: Kroko|Earthquake|p2b: Ursaluna|[spread] p1a,p2a,p2b\n|-damage|p1a: Acid Chloride|9\/100\n|-damage|p2a: Farigiraf|40\/100 tox\n|-damage|p2b: Ursaluna|0 fnt\n|faint|p2b: Ursaluna\n|\n|-damage|p2a: Farigiraf|34\/100 tox|[from] psn\n|-ability|p1a: Acid Chloride|Speed Boost|boost\n|-boost|p1a: Acid Chloride|spe|1\n|upkeep\n|inactive|Ufid has 120 seconds left.\n|\n|t:|1699599016\n|switch|p2b: Incineroar|Incineroar, F|100\/100 tox\n|-ability|p2b: Incineroar|Intimidate|boost\n|-unboost|p1a: Acid Chloride|atk|1\n|-unboost|p1b: Kroko|atk|1\n|turn|7\n|\n|t:|1699599031\n|move|p1a: Acid Chloride|Protect|p1a: Acid Chloride\n|-singleturn|p1a: Acid Chloride|Protect\n|move|p2b: Incineroar|Fake Out|p1b: Kroko\n|-damage|p1b: Kroko|0 fnt\n|faint|p1b: Kroko\n|move|p2a: Farigiraf|Trick Room|p2a: Farigiraf\n|-fieldstart|move: Trick Room|[of] p2a: Farigiraf\n|\n|-damage|p2a: Farigiraf|21\/100 tox|[from] psn\n|-damage|p2b: Incineroar|94\/100 tox|[from] psn\n|-ability|p1a: Acid Chloride|Speed Boost|boost\n|-boost|p1a: Acid Chloride|spe|1\n|upkeep\n|\n|t:|1699599048\n|switch|p1b: Eye Sword|Aegislash, M|100\/100\n|turn|8\n|inactive|bingblang has 120 seconds left.\n|inactive|Ufid has 120 seconds left.\n|\n|t:|1699599090\n|-terastallize|p2b: Incineroar|Fire\n|move|p1b: Eye Sword|King's Shield|p1b: Eye Sword\n|-singleturn|p1b: Eye Sword|Protect\n|move|p1a: Acid Chloride|Protect|p1a: Acid Chloride\n|-singleturn|p1a: Acid Chloride|Protect\n|move|p2a: Farigiraf|Energy Ball|p1a: Acid Chloride\n|-activate|p1a: Acid Chloride|move: Protect\n|move|p2b: Incineroar|Knock Off|p1a: Acid Chloride\n|-activate|p1a: Acid Chloride|move: Protect\n|\n|-damage|p2b: Incineroar|82\/100 tox|[from] psn\n|-damage|p2a: Farigiraf|3\/100 tox|[from] psn\n|-ability|p1a: Acid Chloride|Speed Boost|boost\n|-boost|p1a: Acid Chloride|spe|1\n|upkeep\n|turn|9\n|inactive|bingblang has 120 seconds left.\n|\n|t:|1699599141\n|switch|p1a: Amine|Audino, F|100\/100\n|move|p2a: Farigiraf|Energy Ball|p1a: Amine\n|-damage|p1a: Amine|81\/100\n|move|p2b: Incineroar|Flare Blitz|p1b: Eye Sword\n|-supereffective|p1b: Eye Sword\n|-damage|p1b: Eye Sword|0 fnt\n|faint|p1b: Eye Sword\n|-damage|p2b: Incineroar|59\/100 tox|[from] Recoil\n|\n|-damage|p2a: Farigiraf|0 fnt|[from] psn\n|faint|p2a: Farigiraf\n|-damage|p2b: Incineroar|41\/100 tox|[from] psn\n|upkeep\n|\n|t:|1699599158\n|switch|p2a: Iron Bundle|Iron Bundle|100\/100\n|switch|p1b: Acid Chloride|Scolipede, M|9\/100\n|-status|p2a: Iron Bundle|tox\n|-enditem|p2a: Iron Bundle|Booster Energy\n|-activate|p2a: Iron Bundle|ability: Quark Drive|[fromitem]\n|-start|p2a: Iron Bundle|quarkdrivespe\n|turn|10\n|inactive|bingblang has 120 seconds left.\n|\n|t:|1699599179\n|detailschange|p1a: Amine|Audino-Mega, F\n|-mega|p1a: Amine|Audino|Audinite\n|move|p1b: Acid Chloride|Protect|p1b: Acid Chloride\n|-singleturn|p1b: Acid Chloride|Protect\n|move|p1a: Amine|Life Dew|p1a: Amine|[spread] p1a,p1b\n|-heal|p1a: Amine|100\/100\n|-heal|p1b: Acid Chloride|33\/100\n|move|p2b: Incineroar|Close Combat|p1a: Amine\n|-damage|p1a: Amine|78\/100\n|-unboost|p2b: Incineroar|def|1\n|-unboost|p2b: Incineroar|spd|1\n|move|p2a: Iron Bundle|Freeze-Dry|p1b: Acid Chloride\n|-activate|p1b: Acid Chloride|move: Protect\n|\n|-damage|p2b: Incineroar|16\/100 tox|[from] psn\n|-damage|p2a: Iron Bundle|95\/100 tox|[from] psn\n|-ability|p1b: Acid Chloride|Speed Boost|boost\n|-boost|p1b: Acid Chloride|spe|1\n|upkeep\n|turn|11\n|inactive|bingblang has 120 seconds left.\n|inactive|Ufid has 120 seconds left.\n|\n|t:|1699599220\n|move|p1b: Acid Chloride|Protect||[still]\n|-fail|p1b: Acid Chloride\n|move|p1a: Amine|Life Dew|p1a: Amine|[spread] p1a,p1b\n|-heal|p1a: Amine|100\/100\n|-heal|p1b: Acid Chloride|58\/100\n|move|p2b: Incineroar|Flare Blitz|p1a: Amine\n|-damage|p1a: Amine|58\/100\n|-damage|p2b: Incineroar|0 fnt|[from] Recoil\n|faint|p2b: Incineroar\n|move|p2a: Iron Bundle|Hydro Pump|p1a: Amine|[miss]\n|-miss|p2a: Iron Bundle|p1a: Amine\n|\n|-damage|p2a: Iron Bundle|83\/100 tox|[from] psn\n|-fieldend|move: Trick Room\n|-ability|p1b: Acid Chloride|Speed Boost|boost\n|-boost|p1b: Acid Chloride|spe|1\n|upkeep\n|turn|12\n|inactive|bingblang has 120 seconds left.\n|inactive|Ufid has 120 seconds left.\n|\n|t:|1699599249\n|move|p1b: Acid Chloride|Protect|p1b: Acid Chloride\n|-singleturn|p1b: Acid Chloride|Protect\n|move|p2a: Iron Bundle|Hydro Pump|p1b: Acid Chloride\n|-activate|p1b: Acid Chloride|move: Protect\n|move|p1a: Amine|Life Dew|p1a: Amine|[spread] p1a,p1b\n|-heal|p1a: Amine|83\/100\n|-heal|p1b: Acid Chloride|83\/100\n|\n|-damage|p2a: Iron Bundle|65\/100 tox|[from] psn\n|-ability|p1b: Acid Chloride|Speed Boost|boost\n|-boost|p1b: Acid Chloride|spe|1\n|upkeep\n|turn|13\n|inactive|bingblang has 120 seconds left.\n|\n|t:|1699599279\n|move|p1b: Acid Chloride|Poison Jab|p2a: Iron Bundle\n|-damage|p2a: Iron Bundle|22\/100 tox\n|move|p2a: Iron Bundle|Hydro Pump|p1b: Acid Chloride\n|-damage|p1b: Acid Chloride|0 fnt\n|faint|p1b: Acid Chloride\n|move|p1a: Amine|Light Screen|p1a: Amine\n|-sidestart|p1: bingblang|move: Light Screen\n|\n|-damage|p2a: Iron Bundle|0 fnt|[from] psn\n|faint|p2a: Iron Bundle\n|-end|p2a: Iron Bundle|Quark Drive|[silent]\n|\n|win|bingblang\n|upkeep\n|raw|bingblang's rating: 1047 &rarr; <strong>1099<\/strong><br \/>(+52 for winning)\n|raw|Ufid's rating: 1269 &rarr; <strong>1230<\/strong><br \/>(-39 for losing)\n|l|\u2606Ufid\n","uploadtime":1699599298,"views":15,"p1id":"bingblang","p2id":"ufid","formatid":"gen9nationaldexdoubles","rating":1099,"private":0,"password":""}