{"id":"gen9nationaldexdoubles-1965564680","p1":"Sc4rletQu33n","p2":"blaze239","format":"[Gen 9] National Dex Doubles","log":"|j|\u2606Sc4rletQu33n\n|j|\u2606blaze239\n|t:|1697088820\n|gametype|doubles\n|player|p1|Sc4rletQu33n|cynthia-gen4|1153\n|player|p2|blaze239|265|1287\n|teamsize|p1|6\n|teamsize|p2|6\n|gen|9\n|tier|[Gen 9] National Dex Doubles\n|rated|\n|rule|HP Percentage Mod: HP is shown in percentages\n|rule|Endless Battle Clause: Forcing endless battles is banned\n|rule|OHKO Clause: OHKO moves are banned\n|rule|Evasion Moves Clause: Evasion moves are banned\n|rule|Evasion Abilities Clause: Evasion abilities are banned\n|rule|Species Clause: Limit one of each Pok\u00e9mon\n|rule|Gravity Sleep Clause: The combination of sleep-inducing moves with imperfect accuracy and Gravity or Gigantamax Orbeetle are banned\n|clearpoke\n|poke|p1|Medicham, F|\n|poke|p1|Regigigas|\n|poke|p1|Landorus-Therian, M|\n|poke|p1|Venusaur, F|\n|poke|p1|Incineroar, F|\n|poke|p1|Basculegion-F, F|\n|poke|p2|Staraptor, M|\n|poke|p2|Rillaboom, M|\n|poke|p2|Politoed, F|\n|poke|p2|Lucario, M|\n|poke|p2|Heatran, M|\n|poke|p2|Volbeat, M|\n|teampreview\n|inactive|Battle timer is ON: inactive players will automatically lose when time's up. (requested by blaze239)\n|\n|t:|1697088846\n|start\n|switch|p1a: Medicham|Medicham, F|100\/100\n|switch|p1b: Regigigas|Regigigas|100\/100\n|switch|p2a: Politoed|Politoed, F|100\/100\n|switch|p2b: Heatran|Heatran, M|100\/100\n|-start|p1b: Regigigas|ability: Slow Start\n|-weather|RainDance|[from] ability: Drizzle|[of] p2a: Politoed\n|turn|1\n|\n|t:|1697088857\n|move|p1a: Medicham|Skill Swap|p1b: Regigigas\n|-activate|p1a: Medicham|move: Skill Swap|||[of] p1b: Regigigas\n|-end|p1b: Regigigas|Slow Start|[silent]\n|-start|p1a: Medicham|ability: Slow Start\n|move|p1b: Regigigas|Drain Punch|p2b: Heatran\n|-supereffective|p2b: Heatran\n|-damage|p2b: Heatran|0 fnt\n|faint|p2b: Heatran\n|move|p2a: Politoed|Scald|p1b: Regigigas\n|-damage|p1b: Regigigas|73\/100\n|\n|-weather|RainDance|[upkeep]\n|upkeep\n|\n|t:|1697088869\n|switch|p2b: Staraptor|Staraptor, M|100\/100\n|turn|2\n|\n|t:|1697088879\n|move|p2b: Staraptor|Close Combat|p1b: Regigigas\n|-supereffective|p1b: Regigigas\n|-damage|p1b: Regigigas|0 fnt\n|-unboost|p2b: Staraptor|def|1\n|-unboost|p2b: Staraptor|spd|1\n|faint|p1b: Regigigas\n|move|p2a: Politoed|Scald|p1a: Medicham\n|-damage|p1a: Medicham|23\/100\n|-status|p1a: Medicham|brn\n|move|p1a: Medicham|Skill Swap|p2b: Staraptor\n|-activate|p1a: Medicham|move: Skill Swap|Reckless|Slow Start|[of] p2b: Staraptor\n|-end|p1a: Medicham|Slow Start|[silent]\n|-start|p2b: Staraptor|ability: Slow Start\n|\n|-weather|RainDance|[upkeep]\n|-damage|p1a: Medicham|17\/100 brn|[from] brn\n|upkeep\n|\n|t:|1697088896\n|switch|p1b: Landorus|Landorus-Therian, M|100\/100\n|-ability|p1b: Landorus|Intimidate|boost\n|-unboost|p2a: Politoed|atk|1\n|-unboost|p2b: Staraptor|atk|1\n|turn|3\n|\n|t:|1697088915\n|-end|p2b: Staraptor|Slow Start|[silent]\n|switch|p2b: Rillaboom|Rillaboom, M|100\/100\n|-fieldstart|move: Grassy Terrain|[from] ability: Grassy Surge|[of] p2b: Rillaboom\n|move|p1a: Medicham|Bullet Punch|p2b: Rillaboom\n|-damage|p2b: Rillaboom|97\/100\n|move|p1b: Landorus|Knock Off|p2a: Politoed\n|-damage|p2a: Politoed|64\/100\n|-enditem|p2a: Politoed|Sitrus Berry|[from] move: Knock Off|[of] p1b: Landorus\n|move|p2a: Politoed|Scald|p1b: Landorus\n|-supereffective|p1b: Landorus\n|-damage|p1b: Landorus|0 fnt\n|faint|p1b: Landorus\n|\n|-weather|RainDance|[upkeep]\n|-heal|p1a: Medicham|23\/100 brn|[from] Grassy Terrain\n|-heal|p2b: Rillaboom|100\/100|[from] Grassy Terrain\n|-heal|p2a: Politoed|70\/100|[from] Grassy Terrain\n|-damage|p1a: Medicham|17\/100 brn|[from] brn\n|upkeep\n|\n|t:|1697088934\n|switch|p1b: Basculegion|Basculegion-F, F|100\/100\n|turn|4\n|\n|t:|1697088949\n|move|p2a: Politoed|Protect|p2a: Politoed\n|-singleturn|p2a: Politoed|Protect\n|move|p1b: Basculegion|Ice Fang|p2b: Rillaboom\n|-supereffective|p2b: Rillaboom\n|-damage|p2b: Rillaboom|68\/100\n|move|p1a: Medicham|Zen Headbutt|p2b: Rillaboom|[miss]\n|-miss|p1a: Medicham|p2b: Rillaboom\n|move|p2b: Rillaboom|Knock Off|p1b: Basculegion\n|-supereffective|p1b: Basculegion\n|-damage|p1b: Basculegion|17\/100\n|-enditem|p1b: Basculegion|Choice Scarf|[from] move: Knock Off|[of] p2b: Rillaboom\n|\n|-weather|RainDance|[upkeep]\n|-heal|p1a: Medicham|23\/100 brn|[from] Grassy Terrain\n|-heal|p1b: Basculegion|23\/100|[from] Grassy Terrain\n|-heal|p2b: Rillaboom|74\/100|[from] Grassy Terrain\n|-heal|p2a: Politoed|76\/100|[from] Grassy Terrain\n|-damage|p1a: Medicham|17\/100 brn|[from] brn\n|upkeep\n|turn|5\n|\n|t:|1697088969\n|move|p2b: Rillaboom|Grassy Glide|p1b: Basculegion\n|-supereffective|p1b: Basculegion\n|-damage|p1b: Basculegion|0 fnt\n|faint|p1b: Basculegion\n|move|p1a: Medicham|Zen Headbutt|p2b: Rillaboom\n|-crit|p2b: Rillaboom\n|-damage|p2b: Rillaboom|59\/100\n|move|p2a: Politoed|Scald|p1a: Medicham\n|-damage|p1a: Medicham|0 fnt\n|faint|p1a: Medicham\n|\n|-weather|none\n|-heal|p2b: Rillaboom|65\/100|[from] Grassy Terrain\n|-heal|p2a: Politoed|82\/100|[from] Grassy Terrain\n|upkeep\n|\n|t:|1697088973\n|switch|p1a: Venusaur|Venusaur, F|100\/100\n|switch|p1b: Incineroar|Incineroar, F|100\/100\n|-ability|p1b: Incineroar|Intimidate|boost\n|-unboost|p2a: Politoed|atk|1\n|-unboost|p2b: Rillaboom|atk|1\n|turn|6\n|\n|t:|1697088982\n|switch|p2b: Volbeat|Volbeat, M, shiny|100\/100\n|detailschange|p1a: Venusaur|Venusaur-Mega, F\n|-mega|p1a: Venusaur|Venusaur|Venusaurite\n|move|p1a: Venusaur|Grass Pledge|p2b: Volbeat\n|-waiting|p1a: Venusaur|p1b: Incineroar\n|move|p1b: Incineroar|Fire Pledge|p2b: Volbeat|[from]move: Grass Pledge\n|-combine\n|-supereffective|p2b: Volbeat\n|-damage|p2b: Volbeat|0 fnt\n|-sidestart|p2: blaze239|Fire Pledge\n|faint|p2b: Volbeat\n|move|p2a: Politoed|Perish Song|p2a: Politoed\n|-start|p1a: Venusaur|perish3|[silent]\n|-start|p1b: Incineroar|perish3|[silent]\n|-start|p2a: Politoed|perish3|[silent]\n|-fieldactivate|move: Perish Song\n|\n|-damage|p2a: Politoed|70\/100|[from] Fire Pledge\n|-heal|p2a: Politoed|76\/100|[from] Grassy Terrain\n|-start|p1a: Venusaur|perish3\n|-start|p2a: Politoed|perish3\n|-start|p1b: Incineroar|perish3\n|upkeep\n|\n|t:|1697089000\n|switch|p2b: Staraptor|Staraptor, M|100\/100\n|turn|7\n|\n|t:|1697089010\n|switch|p2a: Rillaboom|Rillaboom, M|65\/100\n|move|p2b: Staraptor|Brave Bird|p1a: Venusaur\n|-supereffective|p1a: Venusaur\n|-damage|p1a: Venusaur|0 fnt\n|faint|p1a: Venusaur\n|-damage|p2b: Staraptor|69\/100|[from] Recoil\n|move|p1b: Incineroar|Fire Pledge|p2a: Rillaboom\n|-supereffective|p2a: Rillaboom\n|-damage|p2a: Rillaboom|12\/100\n|\n|-damage|p2b: Staraptor|56\/100|[from] Fire Pledge\n|-damage|p2a: Rillaboom|0 fnt|[from] Fire Pledge\n|faint|p2a: Rillaboom\n|-start|p1b: Incineroar|perish2\n|-fieldend|move: Grassy Terrain\n|upkeep\n|\n|t:|1697089022\n|switch|p2a: Politoed|Politoed, F|76\/100\n|-weather|RainDance|[from] ability: Drizzle|[of] p2a: Politoed\n|turn|8\n|\n|t:|1697089033\n|-terastallize|p2a: Politoed|Water\n|move|p2b: Staraptor|Brave Bird|p1b: Incineroar\n|-damage|p1b: Incineroar|30\/100\n|-damage|p2b: Staraptor|27\/100|[from] Recoil\n|move|p2a: Politoed|Scald|p1b: Incineroar\n|-supereffective|p1b: Incineroar\n|-damage|p1b: Incineroar|0 fnt\n|faint|p1b: Incineroar\n|\n|win|blaze239\n|raw|Sc4rletQu33n's rating: 1153 &rarr; <strong>1137<\/strong><br \/>(-16 for losing)\n|raw|blaze239's rating: 1287 &rarr; <strong>1303<\/strong><br \/>(+16 for winning)\n|c|\u2606blaze239|gg\n|c|\u2606Sc4rletQu33n|Gg\n|l|\u2606blaze239\n|c|\u2606Sc4rletQu33n|Wp\n","uploadtime":1697089050,"views":10,"p1id":"sc4rletqu33n","p2id":"blaze239","formatid":"gen9nationaldexdoubles","rating":1137,"private":0,"password":""}