{"id":"gen9nationaldexdoubles-1957314719","p1":"Immagamer","p2":"HellaBackWoods909","format":"[Gen 9] National Dex Doubles","log":"|j|\u2606Immagamer\n|j|\u2606HellaBackWoods909\n|t:|1696207716\n|gametype|doubles\n|player|p1|Immagamer|lucas|1303\n|player|p2|HellaBackWoods909|170|1219\n|teamsize|p1|6\n|teamsize|p2|6\n|gen|9\n|tier|[Gen 9] National Dex Doubles\n|rated|\n|rule|HP Percentage Mod: HP is shown in percentages\n|rule|Endless Battle Clause: Forcing endless battles is banned\n|rule|OHKO Clause: OHKO moves are banned\n|rule|Evasion Moves Clause: Evasion moves are banned\n|rule|Evasion Abilities Clause: Evasion abilities are banned\n|rule|Species Clause: Limit one of each Pok\u00e9mon\n|rule|Gravity Sleep Clause: The combination of sleep-inducing moves with imperfect accuracy and Gravity or Gigantamax Orbeetle are banned\n|clearpoke\n|poke|p1|Polteageist|\n|poke|p1|Swoobat, F|\n|poke|p1|Maushold|\n|poke|p1|Indeedee-F, F|\n|poke|p1|Flamigo, F|\n|poke|p1|Quaquaval, M|\n|poke|p2|Flutter Mane|\n|poke|p2|Uxie|\n|poke|p2|Chien-Pao|\n|poke|p2|Lopunny, M|\n|poke|p2|Rillaboom, F|\n|poke|p2|Tornadus, M|\n|teampreview\n|inactive|Battle timer is ON: inactive players will automatically lose when time's up. (requested by Immagamer)\n|\n|t:|1696207723\n|start\n|switch|p1a: Polteageist|Polteageist|100\/100\n|switch|p1b: Swoobat|Swoobat, F|100\/100\n|switch|p2a: Chien-Pao|Chien-Pao|100\/100\n|switch|p2b: Tornadus|Tornadus, M|100\/100\n|-ability|p2a: Chien-Pao|Sword of Ruin\n|turn|1\n|\n|t:|1696207749\n|-terastallize|p1a: Polteageist|Bug\n|move|p2a: Chien-Pao|Crunch|p1a: Polteageist\n|-damage|p1a: Polteageist|25\/100\n|move|p1b: Swoobat|Skill Swap|p1a: Polteageist\n|-activate|p1b: Swoobat|move: Skill Swap|||[of] p1a: Polteageist\n|move|p2b: Tornadus|Bleakwind Storm|p1a: Polteageist|[spread] \n|-miss|p2b: Tornadus|p1a: Polteageist\n|-miss|p2b: Tornadus|p1b: Swoobat\n|move|p1a: Polteageist|Shell Smash|p1a: Polteageist\n|-unboost|p1a: Polteageist|def|2\n|-unboost|p1a: Polteageist|spd|2\n|-boost|p1a: Polteageist|atk|4\n|-boost|p1a: Polteageist|spa|4\n|-boost|p1a: Polteageist|spe|4\n|-enditem|p1a: Polteageist|White Herb\n|-clearnegativeboost|p1a: Polteageist|[silent]\n|\n|upkeep\n|turn|2\n|\n|t:|1696207770\n|move|p1a: Polteageist|Protect|p1a: Polteageist\n|-singleturn|p1a: Polteageist|Protect\n|move|p2a: Chien-Pao|Ice Shard|p1a: Polteageist\n|-activate|p1a: Polteageist|move: Protect\n|move|p2b: Tornadus|Tailwind|p2b: Tornadus\n|-sidestart|p2: HellaBackWoods909|move: Tailwind\n|move|p1b: Swoobat|U-turn|p2a: Chien-Pao\n|-supereffective|p2a: Chien-Pao\n|-damage|p2a: Chien-Pao|71\/100\n|inactive|Immagamer has 120 seconds left.\n|\n|t:|1696207787\n|switch|p1b: Indeedee|Indeedee-F, F|100\/100|[from] U-turn\n|-fieldstart|move: Psychic Terrain|[from] ability: Psychic Surge|[of] p1b: Indeedee\n|\n|upkeep\n|turn|3\n|\n|t:|1696207797\n|switch|p2b: Rillaboom|Rillaboom, F|100\/100\n|-fieldstart|move: Grassy Terrain|[from] ability: Grassy Surge|[of] p2b: Rillaboom\n|move|p1b: Indeedee|Follow Me|p1b: Indeedee\n|-singleturn|p1b: Indeedee|move: Follow Me\n|move|p2a: Chien-Pao|Ice Shard|p1b: Indeedee\n|-damage|p1b: Indeedee|64\/100\n|move|p1a: Polteageist|Shadow Ball|p2b: Rillaboom\n|-damage|p2b: Rillaboom|0 fnt\n|faint|p2b: Rillaboom\n|\n|-heal|p2a: Chien-Pao|77\/100|[from] Grassy Terrain\n|-heal|p1a: Polteageist|31\/100|[from] Grassy Terrain\n|-heal|p1b: Indeedee|70\/100|[from] Grassy Terrain\n|upkeep\n|\n|t:|1696207812\n|switch|p2b: Flutter Mane|Flutter Mane|100\/100\n|turn|4\n|\n|t:|1696207826\n|move|p1a: Polteageist|Protect|p1a: Polteageist\n|-singleturn|p1a: Polteageist|Protect\n|move|p1b: Indeedee|Follow Me|p1b: Indeedee\n|-singleturn|p1b: Indeedee|move: Follow Me\n|move|p2b: Flutter Mane|Dazzling Gleam|p1a: Polteageist|[spread] p1b\n|-activate|p1a: Polteageist|move: Protect\n|-damage|p1b: Indeedee|28\/100\n|move|p2a: Chien-Pao|Crunch|p1b: Indeedee\n|-supereffective|p1b: Indeedee\n|-damage|p1b: Indeedee|0 fnt\n|faint|p1b: Indeedee\n|\n|-heal|p2a: Chien-Pao|83\/100|[from] Grassy Terrain\n|-heal|p1a: Polteageist|37\/100|[from] Grassy Terrain\n|upkeep\n|\n|t:|1696207843\n|switch|p1b: Flamigo|Flamigo, F|100\/100\n|-copyboost|p1b: Flamigo|p1a: Polteageist|[from] ability: Costar\n|turn|5\n|\n|t:|1696207855\n|move|p2a: Chien-Pao|Ice Shard|p1a: Polteageist\n|-damage|p1a: Polteageist|1\/100\n|move|p1b: Flamigo|Brave Bird|p2b: Flutter Mane\n|-damage|p2b: Flutter Mane|0 fnt\n|faint|p2b: Flutter Mane\n|-end|p2b: Flutter Mane|Protosynthesis|[silent]\n|-damage|p1b: Flamigo|73\/100|[from] Recoil\n|move|p1a: Polteageist|Tera Blast|p2a: Chien-Pao|[anim] Tera Blast Bug\n|-supereffective|p2a: Chien-Pao\n|-damage|p2a: Chien-Pao|0 fnt\n|faint|p2a: Chien-Pao\n|\n|-heal|p1a: Polteageist|7\/100|[from] Grassy Terrain\n|-sideend|p2: HellaBackWoods909|move: Tailwind\n|upkeep\n|\n|t:|1696207862\n|switch|p2b: Tornadus|Tornadus, M|100\/100\n|switch|p2a: Lopunny|Lopunny, M|100\/100\n|turn|6\n|\n|t:|1696207881\n|detailschange|p2a: Lopunny|Lopunny-Mega, M\n|-mega|p2a: Lopunny|Lopunny|Lopunnite\n|move|p1a: Polteageist|Protect|p1a: Polteageist\n|-singleturn|p1a: Polteageist|Protect\n|move|p2a: Lopunny|Fake Out|p1b: Flamigo\n|-damage|p1b: Flamigo|43\/100\n|cant|p1b: Flamigo|flinch\n|move|p2b: Tornadus|Bleakwind Storm|p1a: Polteageist|[spread] p1b\n|-activate|p1a: Polteageist|move: Protect\n|-supereffective|p1b: Flamigo\n|-damage|p1b: Flamigo|0 fnt\n|faint|p1b: Flamigo\n|\n|-heal|p1a: Polteageist|13\/100|[from] Grassy Terrain\n|upkeep\n|\n|t:|1696207898\n|switch|p1b: Maushold|Maushold|100\/100\n|turn|7\n|\n|t:|1696207911\n|move|p1b: Maushold|Follow Me|p1b: Maushold\n|-singleturn|p1b: Maushold|move: Follow Me\n|move|p1a: Polteageist|Shadow Ball|p2b: Tornadus\n|-damage|p2b: Tornadus|0 fnt\n|faint|p2b: Tornadus\n|move|p2a: Lopunny|Drain Punch|p1b: Maushold\n|-supereffective|p1b: Maushold\n|-enditem|p1b: Maushold|Focus Sash\n|-damage|p1b: Maushold|1\/100\n|\n|-heal|p1a: Polteageist|19\/100|[from] Grassy Terrain\n|-heal|p1b: Maushold|7\/100|[from] Grassy Terrain\n|-fieldend|move: Grassy Terrain\n|upkeep\n|\n|t:|1696207922\n|switch|p2b: Uxie|Uxie|100\/100\n|turn|8\n|\n|t:|1696207935\n|-terastallize|p2b: Uxie|Steel\n|move|p1b: Maushold|Follow Me|p1b: Maushold\n|-singleturn|p1b: Maushold|move: Follow Me\n|move|p1a: Polteageist|Shadow Ball|p2b: Uxie\n|-damage|p2b: Uxie|0 fnt\n|faint|p2b: Uxie\n|move|p2a: Lopunny|Drain Punch|p1b: Maushold\n|-supereffective|p1b: Maushold\n|-damage|p1b: Maushold|0 fnt\n|faint|p1b: Maushold\n|\n|upkeep\n|\n|t:|1696207944\n|switch|p1b: Quaquaval|Quaquaval, M|100\/100\n|turn|9\n|\n|t:|1696207954\n|move|p1a: Polteageist|Tera Blast|p2a: Lopunny|[anim] Tera Blast Bug\n|-resisted|p2a: Lopunny\n|-damage|p2a: Lopunny|22\/100\n|move|p2a: Lopunny|Triple Axel|p1a: Polteageist\n|-damage|p1a: Polteageist|8\/100\n|-damage|p1a: Polteageist|0 fnt\n|faint|p1a: Polteageist\n|-hitcount|p1: Polteageist|2\n|move|p1b: Quaquaval|Aqua Step|p2a: Lopunny\n|-damage|p2a: Lopunny|0 fnt\n|-boost|p1b: Quaquaval|spe|1\n|faint|p2a: Lopunny\n|\n|win|Immagamer\n|raw|Immagamer's rating: 1279 &rarr; <strong>1300<\/strong><br \/>(+21 for winning)\n|raw|HellaBackWoods909's rating: 1219 &rarr; <strong>1198<\/strong><br \/>(-21 for losing)\n|l|\u2606HellaBackWoods909\n","uploadtime":1696207967,"views":5,"p1id":"immagamer","p2id":"hellabackwoods909","formatid":"gen9nationaldexdoubles","rating":1198,"private":0,"password":""}