{"id":"gen9nationaldexdoubles-1956159717","p1":"Paldea Athens 420","p2":"icybro12","format":"[Gen 9] National Dex Doubles","log":"|j|\u2606Paldea Athens 420\n|j|\u2606icybro12\n|t:|1696080226\n|gametype|doubles\n|player|p1|Paldea Athens 420|volo|1505\n|player|p2|icybro12|psychic|1177\n|teamsize|p1|6\n|teamsize|p2|6\n|gen|9\n|tier|[Gen 9] National Dex Doubles\n|rated|\n|rule|HP Percentage Mod: HP is shown in percentages\n|rule|Endless Battle Clause: Forcing endless battles is banned\n|rule|OHKO Clause: OHKO moves are banned\n|rule|Evasion Moves Clause: Evasion moves are banned\n|rule|Evasion Abilities Clause: Evasion abilities are banned\n|rule|Species Clause: Limit one of each Pok\u00e9mon\n|rule|Gravity Sleep Clause: The combination of sleep-inducing moves with imperfect accuracy and Gravity or Gigantamax Orbeetle are banned\n|clearpoke\n|poke|p1|Urshifu-*, M|\n|poke|p1|Sableye, M|\n|poke|p1|Mawile, M|\n|poke|p1|Mew|\n|poke|p1|Tapu Lele|\n|poke|p1|Flutter Mane|\n|poke|p2|Tyranitar, F|\n|poke|p2|Excadrill, F|\n|poke|p2|Sandslash, F|\n|poke|p2|Jirachi|\n|poke|p2|Gastrodon, M|\n|poke|p2|Dracovish|\n|teampreview\n|inactive|Battle timer is ON: inactive players will automatically lose when time's up. (requested by Paldea Athens 420)\n|\n|t:|1696080266\n|start\n|switch|p1a: Sableye|Sableye, M|100\/100\n|switch|p1b: Mew|Mew|100\/100\n|switch|p2a: Tyranitar|Tyranitar, F|100\/100\n|switch|p2b: Excadrill|Excadrill, F|100\/100\n|-weather|Sandstorm|[from] ability: Sand Stream|[of] p2a: Tyranitar\n|turn|1\n|inactive|Paldea Athens 420 has 120 seconds left.\n|\n|t:|1696080301\n|-terastallize|p1b: Mew|Dark\n|move|p1a: Sableye|Skill Swap|p1b: Mew\n|-activate|p1a: Sableye|move: Skill Swap|||[of] p1b: Mew\n|move|p1b: Mew|Cosmic Power|p1b: Mew\n|-boost|p1b: Mew|def|1\n|-boost|p1b: Mew|spd|1\n|move|p2b: Excadrill|High Horsepower|p1a: Sableye\n|-damage|p1a: Sableye|1\/100\n|-damage|p2b: Excadrill|91\/100|[from] item: Life Orb\n|move|p2a: Tyranitar|Dark Pulse|p1b: Mew\n|-resisted|p1b: Mew\n|-damage|p1b: Mew|94\/100\n|\n|-weather|Sandstorm|[upkeep]\n|-damage|p1b: Mew|87\/100|[from] Sandstorm\n|-damage|p1a: Sableye|0 fnt|[from] Sandstorm\n|faint|p1a: Sableye\n|-heal|p1b: Mew|94\/100|[from] item: Leftovers\n|upkeep\n|\n|t:|1696080318\n|switch|p1a: Urshifu|Urshifu-Rapid-Strike, M|100\/100\n|turn|2\n|\n|t:|1696080329\n|switch|p2b: Dracovish|Dracovish|100\/100\n|switch|p2a: Gastrodon|Gastrodon, M|100\/100\n|move|p1b: Mew|After You|p1a: Urshifu\n|-activate|p1a: Urshifu|move: After You\n|move|p1a: Urshifu|Surging Strikes|p2a: Gastrodon\n|-activate|p2a: Gastrodon|ability: Storm Drain\n|-ability|p2a: Gastrodon|Storm Drain|boost\n|-boost|p2a: Gastrodon|spa|1\n|\n|-weather|Sandstorm|[upkeep]\n|-damage|p1b: Mew|87\/100|[from] Sandstorm\n|-damage|p1a: Urshifu|94\/100|[from] Sandstorm\n|-heal|p1b: Mew|94\/100|[from] item: Leftovers\n|upkeep\n|turn|3\n|\n|t:|1696080355\n|-terastallize|p2b: Dracovish|Water\n|-singleturn|p1a: Urshifu|move: Focus Punch\n|move|p1b: Mew|After You|p2b: Dracovish\n|-activate|p2b: Dracovish|move: After You\n|move|p2b: Dracovish|Fishious Rend|p2a: Gastrodon\n|-activate|p2a: Gastrodon|ability: Storm Drain\n|-ability|p2a: Gastrodon|Storm Drain|boost\n|-boost|p2a: Gastrodon|spa|1\n|move|p2a: Gastrodon|Muddy Water|p1a: Urshifu|[spread] p1a,p1b\n|-resisted|p1a: Urshifu\n|-damage|p1a: Urshifu|67\/100\n|-damage|p1b: Mew|72\/100\n|-unboost|p1a: Urshifu|accuracy|1\n|cant|p1a: Urshifu|Focus Punch|Focus Punch\n|\n|-weather|Sandstorm|[upkeep]\n|-damage|p1b: Mew|66\/100|[from] Sandstorm\n|-damage|p1a: Urshifu|60\/100|[from] Sandstorm\n|-heal|p1b: Mew|72\/100|[from] item: Leftovers\n|upkeep\n|turn|4\n|\n|t:|1696080376\n|switch|p2b: Jirachi|Jirachi|100\/100\n|-singleturn|p1a: Urshifu|move: Focus Punch\n|move|p1b: Mew|After You|p1a: Urshifu\n|-activate|p1a: Urshifu|move: After You\n|move|p1a: Urshifu|Focus Punch|p2b: Jirachi|[miss]\n|-miss|p1a: Urshifu|p2b: Jirachi\n|move|p2a: Gastrodon|Muddy Water|p1b: Mew|[spread] p1b\n|-miss|p2a: Gastrodon|p1a: Urshifu\n|-damage|p1b: Mew|49\/100\n|-unboost|p1b: Mew|accuracy|1\n|\n|-weather|Sandstorm|[upkeep]\n|-damage|p1b: Mew|43\/100|[from] Sandstorm\n|-damage|p1a: Urshifu|54\/100|[from] Sandstorm\n|-heal|p1b: Mew|49\/100|[from] item: Leftovers\n|upkeep\n|turn|5\n|inactive|Paldea Athens 420 has 120 seconds left.\n|\n|t:|1696080410\n|move|p1a: Urshifu|Protect|p1a: Urshifu\n|-singleturn|p1a: Urshifu|Protect\n|move|p2b: Jirachi|Follow Me|p2b: Jirachi\n|-singleturn|p2b: Jirachi|move: Follow Me\n|move|p1b: Mew|Cosmic Power|p1b: Mew\n|-boost|p1b: Mew|def|1\n|-boost|p1b: Mew|spd|1\n|move|p2a: Gastrodon|Clear Smog|p1b: Mew\n|-damage|p1b: Mew|41\/100\n|-clearboost|p1b: Mew\n|\n|-weather|Sandstorm|[upkeep]\n|-damage|p1b: Mew|35\/100|[from] Sandstorm\n|-damage|p1a: Urshifu|48\/100|[from] Sandstorm\n|-heal|p1b: Mew|41\/100|[from] item: Leftovers\n|upkeep\n|turn|6\n|inactive|Paldea Athens 420 has 120 seconds left.\n|\n|t:|1696080438\n|switch|p1a: Tapu Lele|Tapu Lele|100\/100\n|-fieldstart|move: Psychic Terrain|[from] ability: Psychic Surge|[of] p1a: Tapu Lele\n|move|p2b: Jirachi|Follow Me|p2b: Jirachi\n|-singleturn|p2b: Jirachi|move: Follow Me\n|move|p1b: Mew|Soft-Boiled|p1b: Mew\n|-heal|p1b: Mew|91\/100\n|move|p2a: Gastrodon|Muddy Water|p1b: Mew|[spread] p1a,p1b\n|-damage|p1a: Tapu Lele|56\/100\n|-damage|p1b: Mew|62\/100\n|\n|-weather|Sandstorm|[upkeep]\n|-damage|p1a: Tapu Lele|50\/100|[from] Sandstorm\n|-damage|p1b: Mew|56\/100|[from] Sandstorm\n|-heal|p1b: Mew|62\/100|[from] item: Leftovers\n|upkeep\n|turn|7\n|\n|t:|1696080465\n|move|p2b: Jirachi|Follow Me|p2b: Jirachi\n|-singleturn|p2b: Jirachi|move: Follow Me\n|move|p1b: Mew|Cosmic Power|p1b: Mew\n|-boost|p1b: Mew|def|1\n|-boost|p1b: Mew|spd|1\n|-zpower|p1a: Tapu Lele\n|move|p1a: Tapu Lele|Never-Ending Nightmare|p2b: Jirachi|[zeffect]\n|-supereffective|p2b: Jirachi\n|-damage|p2b: Jirachi|36\/100\n|move|p2a: Gastrodon|Muddy Water|p1b: Mew|[spread] p1a,p1b\n|-crit|p1a: Tapu Lele\n|-damage|p1a: Tapu Lele|0 fnt\n|-damage|p1b: Mew|41\/100\n|faint|p1a: Tapu Lele\n|\n|-weather|Sandstorm|[upkeep]\n|-damage|p1b: Mew|35\/100|[from] Sandstorm\n|-heal|p2b: Jirachi|42\/100|[from] item: Leftovers\n|-heal|p1b: Mew|41\/100|[from] item: Leftovers\n|upkeep\n|\n|t:|1696080477\n|switch|p1a: Flutter Mane|Flutter Mane|100\/100\n|-enditem|p1a: Flutter Mane|Booster Energy\n|-activate|p1a: Flutter Mane|ability: Protosynthesis|[fromitem]\n|-start|p1a: Flutter Mane|protosynthesisspa\n|turn|8\n|\n|t:|1696080492\n|move|p2b: Jirachi|Protect|p2b: Jirachi\n|-singleturn|p2b: Jirachi|Protect\n|move|p1b: Mew|Toxic|p2a: Gastrodon\n|-activate|p2a: Gastrodon|move: Psychic Terrain\n|move|p1a: Flutter Mane|Shadow Ball|p2b: Jirachi\n|-activate|p2b: Jirachi|move: Protect\n|move|p2a: Gastrodon|Muddy Water|p1b: Mew|[spread] p1a,p1b\n|-damage|p1a: Flutter Mane|53\/100\n|-damage|p1b: Mew|20\/100\n|-unboost|p1a: Flutter Mane|accuracy|1\n|-unboost|p1b: Mew|accuracy|1\n|\n|-weather|none\n|-heal|p2b: Jirachi|49\/100|[from] item: Leftovers\n|-heal|p1b: Mew|26\/100|[from] item: Leftovers\n|upkeep\n|turn|9\n|\n|t:|1696080506\n|switch|p2b: Tyranitar|Tyranitar, F|100\/100\n|-weather|Sandstorm|[from] ability: Sand Stream|[of] p2b: Tyranitar\n|move|p1b: Mew|Soft-Boiled|p1b: Mew\n|-heal|p1b: Mew|76\/100\n|move|p1a: Flutter Mane|Shadow Ball|p2b: Tyranitar\n|-resisted|p2b: Tyranitar\n|-damage|p2b: Tyranitar|89\/100\n|move|p2a: Gastrodon|Muddy Water|p1a: Flutter Mane|[spread] p1a,p1b\n|-damage|p1a: Flutter Mane|8\/100\n|-damage|p1b: Mew|57\/100\n|-unboost|p1a: Flutter Mane|accuracy|1\n|-unboost|p1b: Mew|accuracy|1\n|\n|-weather|Sandstorm|[upkeep]\n|-damage|p1a: Flutter Mane|2\/100|[from] Sandstorm\n|-damage|p1b: Mew|50\/100|[from] Sandstorm\n|-heal|p1b: Mew|57\/100|[from] item: Leftovers\n|upkeep\n|turn|10\n|\n|t:|1696080515\n|move|p2b: Tyranitar|Protect|p2b: Tyranitar\n|-singleturn|p2b: Tyranitar|Protect\n|move|p1b: Mew|Cosmic Power|p1b: Mew\n|-boost|p1b: Mew|def|1\n|-boost|p1b: Mew|spd|1\n|move|p1a: Flutter Mane|Moonblast|p2a: Gastrodon\n|-damage|p2a: Gastrodon|50\/100\n|move|p2a: Gastrodon|Muddy Water|p1b: Mew|[spread] p1a,p1b\n|-crit|p1b: Mew\n|-damage|p1a: Flutter Mane|0 fnt\n|-damage|p1b: Mew|10\/100\n|-unboost|p1b: Mew|accuracy|1\n|faint|p1a: Flutter Mane\n|-end|p1a: Flutter Mane|Protosynthesis|[silent]\n|\n|-weather|Sandstorm|[upkeep]\n|-damage|p1b: Mew|4\/100|[from] Sandstorm\n|-heal|p1b: Mew|10\/100|[from] item: Leftovers\n|-heal|p2a: Gastrodon|56\/100|[from] item: Leftovers\n|-fieldend|move: Psychic Terrain\n|upkeep\n|\n|t:|1696080528\n|switch|p1a: \u30af\u30c1\u30fc\u30c8|Mawile, M, shiny|100\/100\n|-ability|p1a: \u30af\u30c1\u30fc\u30c8|Intimidate|boost\n|-unboost|p2a: Gastrodon|atk|1\n|-unboost|p2b: Tyranitar|atk|1\n|turn|11\n|\n|t:|1696080542\n|detailschange|p1a: \u30af\u30c1\u30fc\u30c8|Mawile-Mega, M, shiny\n|-mega|p1a: \u30af\u30c1\u30fc\u30c8|Mawile|Mawilite\n|move|p1b: Mew|Soft-Boiled|p1b: Mew\n|-heal|p1b: Mew|60\/100\n|move|p2b: Tyranitar|Stealth Rock|p1b: Mew\n|-sidestart|p1: Paldea Athens 420|move: Stealth Rock\n|move|p1a: \u30af\u30c1\u30fc\u30c8|Iron Head|p2b: Tyranitar\n|-supereffective|p2b: Tyranitar\n|-damage|p2b: Tyranitar|0 fnt\n|faint|p2b: Tyranitar\n|move|p2a: Gastrodon|Clear Smog|p1b: Mew\n|-damage|p1b: Mew|52\/100\n|-clearboost|p1b: Mew\n|\n|-weather|Sandstorm|[upkeep]\n|-damage|p1b: Mew|46\/100|[from] Sandstorm\n|-heal|p1b: Mew|52\/100|[from] item: Leftovers\n|-heal|p2a: Gastrodon|62\/100|[from] item: Leftovers\n|upkeep\n|\n|t:|1696080551\n|switch|p2b: Dracovish|Dracovish, tera:Water|100\/100\n|turn|12\n|\n|t:|1696080559\n|-singleturn|p1a: \u30af\u30c1\u30fc\u30c8|move: Focus Punch\n|move|p1b: Mew|After You|p1a: \u30af\u30c1\u30fc\u30c8\n|-activate|p1a: \u30af\u30c1\u30fc\u30c8|move: After You\n|move|p1a: \u30af\u30c1\u30fc\u30c8|Focus Punch|p2a: Gastrodon\n|-damage|p2a: Gastrodon|0 fnt\n|faint|p2a: Gastrodon\n|move|p2b: Dracovish|Earthquake|p1b: Mew|[spread] p1a,p1b\n|-supereffective|p1a: \u30af\u30c1\u30fc\u30c8\n|-damage|p1a: \u30af\u30c1\u30fc\u30c8|38\/100\n|-damage|p1b: Mew|28\/100\n|\n|-weather|Sandstorm|[upkeep]\n|-damage|p1b: Mew|22\/100|[from] Sandstorm\n|-heal|p1b: Mew|28\/100|[from] item: Leftovers\n|upkeep\n|\n|t:|1696080569\n|switch|p2a: Jirachi|Jirachi|49\/100\n|turn|13\n|\n|t:|1696080576\n|switch|p2b: Excadrill|Excadrill, F|91\/100\n|move|p2a: Jirachi|Follow Me|p2a: Jirachi\n|-singleturn|p2a: Jirachi|move: Follow Me\n|move|p1b: Mew|Soft-Boiled|p1b: Mew\n|-heal|p1b: Mew|78\/100\n|move|p1a: \u30af\u30c1\u30fc\u30c8|Thunder Punch|p2a: Jirachi\n|-damage|p2a: Jirachi|9\/100\n|\n|-weather|Sandstorm|[upkeep]\n|-damage|p1b: Mew|72\/100|[from] Sandstorm\n|-heal|p2a: Jirachi|16\/100|[from] item: Leftovers\n|-heal|p1b: Mew|78\/100|[from] item: Leftovers\n|upkeep\n|turn|14\n|\n|t:|1696080592\n|move|p2a: Jirachi|Follow Me|p2a: Jirachi\n|-singleturn|p2a: Jirachi|move: Follow Me\n|move|p1b: Mew|Cosmic Power|p1b: Mew\n|-boost|p1b: Mew|def|1\n|-boost|p1b: Mew|spd|1\n|move|p2b: Excadrill|High Horsepower|p1a: \u30af\u30c1\u30fc\u30c8|[miss]\n|-miss|p2b: Excadrill|p1a: \u30af\u30c1\u30fc\u30c8\n|move|p1a: \u30af\u30c1\u30fc\u30c8|Thunder Punch|p2a: Jirachi\n|-damage|p2a: Jirachi|0 fnt\n|faint|p2a: Jirachi\n|\n|-weather|Sandstorm|[upkeep]\n|-damage|p1b: Mew|72\/100|[from] Sandstorm\n|-heal|p1b: Mew|78\/100|[from] item: Leftovers\n|upkeep\n|\n|t:|1696080602\n|switch|p2a: Sandslash|Sandslash, F, shiny|100\/100\n|turn|15\n|\n|t:|1696080606\n|-singleturn|p1a: \u30af\u30c1\u30fc\u30c8|move: Focus Punch\n|move|p2b: Excadrill|Protect|p2b: Excadrill\n|-singleturn|p2b: Excadrill|Protect\n|move|p1b: Mew|After You|p1a: \u30af\u30c1\u30fc\u30c8\n|-activate|p1a: \u30af\u30c1\u30fc\u30c8|move: After You\n|move|p1a: \u30af\u30c1\u30fc\u30c8|Focus Punch|p2b: Excadrill\n|-activate|p2b: Excadrill|move: Protect\n|move|p2a: Sandslash|Earthquake|p1a: \u30af\u30c1\u30fc\u30c8|[spread] p1a,p1b\n|-activate|p2b: Excadrill|move: Protect\n|-supereffective|p1a: \u30af\u30c1\u30fc\u30c8\n|-damage|p1a: \u30af\u30c1\u30fc\u30c8|0 fnt\n|-damage|p1b: Mew|53\/100\n|faint|p1a: \u30af\u30c1\u30fc\u30c8\n|\n|-weather|Sandstorm|[upkeep]\n|-damage|p1b: Mew|47\/100|[from] Sandstorm\n|-heal|p1b: Mew|53\/100|[from] item: Leftovers\n|upkeep\n|\n|t:|1696080616\n|switch|p1a: Urshifu|Urshifu-Rapid-Strike, M|48\/100\n|-damage|p1a: Urshifu|42\/100|[from] Stealth Rock\n|turn|16\n|\n|t:|1696080624\n|switch|p2b: Dracovish|Dracovish, tera:Water|100\/100\n|move|p1b: Mew|After You|p1a: Urshifu\n|-activate|p1a: Urshifu|move: After You\n|move|p1a: Urshifu|Surging Strikes|p2b: Dracovish\n|-resisted|p2b: Dracovish\n|-crit|p2b: Dracovish\n|-damage|p2b: Dracovish|86\/100\n|-resisted|p2b: Dracovish\n|-crit|p2b: Dracovish\n|-damage|p2b: Dracovish|70\/100\n|-resisted|p2b: Dracovish\n|-crit|p2b: Dracovish\n|-damage|p2b: Dracovish|56\/100\n|-hitcount|p2b: Dracovish|3\n|-damage|p1a: Urshifu|32\/100|[from] item: Life Orb\n|move|p2a: Sandslash|Earthquake|p1b: Mew|[spread] p2b,p1a,p1b\n|-crit|p1b: Mew\n|-damage|p2b: Dracovish|0 fnt\n|-damage|p1a: Urshifu|0 fnt\n|-damage|p1b: Mew|0 fnt\n|faint|p2b: Dracovish\n|faint|p1a: Urshifu\n|faint|p1b: Mew\n|\n|win|icybro12\n|raw|Paldea Athens 420's rating: 1505 &rarr; <strong>1470<\/strong><br \/>(-35 for losing)\n|raw|icybro12's rating: 1177 &rarr; <strong>1220<\/strong><br \/>(+43 for winning)\n","uploadtime":1696080638,"views":6,"p1id":"paldeaathens420","p2id":"icybro12","formatid":"gen9nationaldexdoubles","rating":1220,"private":0,"password":""}