{"id":"gen9nationaldexdoubles-1965831194","p1":"shdcklzshfl","p2":"JustAnotherJames3","format":"[Gen 9] National Dex Doubles","log":"|j|\u2606shdcklzshfl\n|j|\u2606JustAnotherJames3\n|t:|1697122953\n|gametype|doubles\n|player|p1|shdcklzshfl|2|1000\n|player|p2|JustAnotherJames3|pokemonbreederf-gen4|1099\n|teamsize|p1|4\n|teamsize|p2|6\n|gen|9\n|tier|[Gen 9] National Dex Doubles\n|rated|\n|rule|HP Percentage Mod: HP is shown in percentages\n|rule|Endless Battle Clause: Forcing endless battles is banned\n|rule|OHKO Clause: OHKO moves are banned\n|rule|Evasion Moves Clause: Evasion moves are banned\n|rule|Evasion Abilities Clause: Evasion abilities are banned\n|rule|Species Clause: Limit one of each Pok\u00e9mon\n|rule|Gravity Sleep Clause: The combination of sleep-inducing moves with imperfect accuracy and Gravity or Gigantamax Orbeetle are banned\n|clearpoke\n|poke|p1|Eevee, M|\n|poke|p1|Maushold|\n|poke|p1|Flutter Mane|\n|poke|p1|Ogerpon-Wellspring, F|\n|poke|p2|Galvantula, M|\n|poke|p2|Jellicent, M|\n|poke|p2|Aggron, M|\n|poke|p2|Ferrothorn, F|\n|poke|p2|Hydreigon, F|\n|poke|p2|Arcanine, M|\n|teampreview\n|\n|t:|1697122960\n|start\n|switch|p1a: Eevee|Eevee, M|100\/100\n|switch|p1b: Maushold|Maushold|100\/100\n|switch|p2a: She Who Sleeps|Hydreigon, F|100\/100\n|switch|p2b: Royal Guard|Arcanine, M|100\/100\n|turn|1\n|\n|t:|1697122979\n|move|p1b: Maushold|Follow Me|p1b: Maushold\n|-singleturn|p1b: Maushold|move: Follow Me\n|move|p2b: Royal Guard|Flame Charge|p1b: Maushold\n|-damage|p1b: Maushold|71\/100\n|-boost|p2b: Royal Guard|spe|1\n|move|p2a: She Who Sleeps|Beat Up|p1b: Maushold\n|-damage|p1b: Maushold|61\/100\n|-damage|p1b: Maushold|52\/100\n|-damage|p1b: Maushold|42\/100\n|-damage|p1b: Maushold|33\/100\n|-damage|p1b: Maushold|26\/100\n|-damage|p1b: Maushold|18\/100\n|-hitcount|p1b: Maushold|6\n|-zpower|p1a: Eevee\n|move|p1a: Eevee|Extreme Evoboost|p1a: Eevee\n|-boost|p1a: Eevee|atk|2\n|-boost|p1a: Eevee|def|2\n|-boost|p1a: Eevee|spa|2\n|-boost|p1a: Eevee|spd|2\n|-boost|p1a: Eevee|spe|2\n|\n|upkeep\n|turn|2\n|\n|t:|1697123007\n|move|p1b: Maushold|Follow Me|p1b: Maushold\n|-singleturn|p1b: Maushold|move: Follow Me\n|move|p2b: Royal Guard|Flame Charge|p1b: Maushold\n|-damage|p1b: Maushold|0 fnt\n|-boost|p2b: Royal Guard|spe|1\n|faint|p1b: Maushold\n|move|p1a: Eevee|Baton Pass|p1a: Eevee\n|\n|t:|1697123015\n|switch|p1a: Flutter Mane|Flutter Mane|100\/100|[from] Baton Pass\n|-enditem|p1a: Flutter Mane|Booster Energy\n|-activate|p1a: Flutter Mane|ability: Protosynthesis|[fromitem]\n|-start|p1a: Flutter Mane|protosynthesisspe\n|move|p2a: She Who Sleeps|Beat Up|p2b: Royal Guard\n|-damage|p2b: Royal Guard|91\/100\n|-ability|p2b: Royal Guard|Justified|boost\n|-boost|p2b: Royal Guard|atk|1\n|-damage|p2b: Royal Guard|80\/100\n|-ability|p2b: Royal Guard|Justified|boost\n|-boost|p2b: Royal Guard|atk|1\n|-damage|p2b: Royal Guard|69\/100\n|-ability|p2b: Royal Guard|Justified|boost\n|-boost|p2b: Royal Guard|atk|1\n|-damage|p2b: Royal Guard|60\/100\n|-ability|p2b: Royal Guard|Justified|boost\n|-boost|p2b: Royal Guard|atk|1\n|-damage|p2b: Royal Guard|51\/100\n|-ability|p2b: Royal Guard|Justified|boost\n|-boost|p2b: Royal Guard|atk|1\n|-damage|p2b: Royal Guard|45\/100\n|-ability|p2b: Royal Guard|Justified|boost\n|-boost|p2b: Royal Guard|atk|1\n|-hitcount|p2b: Royal Guard|6\n|\n|upkeep\n|\n|t:|1697123036\n|switch|p1b: Ogerpon|Ogerpon-Wellspring, F|100\/100\n|turn|3\n|\n|t:|1697123082\n|move|p2b: Royal Guard|Extreme Speed|p1b: Ogerpon\n|-damage|p1b: Ogerpon|0 fnt\n|faint|p1b: Ogerpon\n|move|p1a: Flutter Mane|Calm Mind|p1a: Flutter Mane\n|-boost|p1a: Flutter Mane|spa|1\n|-boost|p1a: Flutter Mane|spd|1\n|move|p2a: She Who Sleeps|Beat Up|p1a: Flutter Mane\n|-damage|p1a: Flutter Mane|91\/100\n|-damage|p1a: Flutter Mane|83\/100\n|-damage|p1a: Flutter Mane|73\/100\n|-damage|p1a: Flutter Mane|65\/100\n|-damage|p1a: Flutter Mane|58\/100\n|-damage|p1a: Flutter Mane|52\/100\n|-hitcount|p1a: Flutter Mane|6\n|\n|upkeep\n|\n|t:|1697123097\n|switch|p1b: Eevee|Eevee, M|100\/100\n|turn|4\n|\n|t:|1697123125\n|move|p2b: Royal Guard|Extreme Speed|p1b: Eevee\n|-damage|p1b: Eevee|0 fnt\n|faint|p1b: Eevee\n|move|p1a: Flutter Mane|Stored Power|p2b: Royal Guard\n|-damage|p2b: Royal Guard|0 fnt\n|faint|p2b: Royal Guard\n|move|p2a: She Who Sleeps|Beat Up|p1a: Flutter Mane\n|-damage|p1a: Flutter Mane|43\/100\n|-damage|p1a: Flutter Mane|34\/100\n|-damage|p1a: Flutter Mane|26\/100\n|-damage|p1a: Flutter Mane|20\/100\n|-damage|p1a: Flutter Mane|14\/100\n|-hitcount|p1a: Flutter Mane|5\n|\n|upkeep\n|\n|t:|1697123141\n|switch|p2b: King Baboo|Galvantula, M|100\/100\n|-ability|p2b: King Baboo|Unnerve\n|turn|5\n|\n|t:|1697123153\n|move|p1a: Flutter Mane|Stored Power|p2a: She Who Sleeps\n|-immune|p2a: She Who Sleeps\n|move|p2b: King Baboo|Electro Ball|p1a: Flutter Mane\n|-damage|p1a: Flutter Mane|6\/100\n|move|p2a: She Who Sleeps|Beat Up|p1a: Flutter Mane\n|-damage|p1a: Flutter Mane|0 fnt\n|faint|p1a: Flutter Mane\n|-end|p1a: Flutter Mane|Protosynthesis|[silent]\n|-hitcount|p1: Flutter Mane|1\n|\n|win|JustAnotherJames3\n|raw|shdcklzshfl's rating: 1000 &rarr; <strong>1000<\/strong><br \/>(+0 for losing)\n|raw|JustAnotherJames3's rating: 1099 &rarr; <strong>1117<\/strong><br \/>(+18 for winning)\n|l|\u2606shdcklzshfl\n","uploadtime":1697123170,"views":6,"p1id":"shdcklzshfl","p2id":"justanotherjames3","formatid":"gen9nationaldexdoubles","rating":1000,"private":0,"password":""}