{"id":"gen9nationaldexdoubles-1984758154","p1":"lxvliiz","p2":"msanal","format":"[Gen 9] National Dex Doubles","log":"|j|\u2606lxvliiz\n|j|\u2606msanal\n|t:|1699296608\n|gametype|doubles\n|player|p1|lxvliiz|guitarist|1149\n|player|p2|msanal|lana|1168\n|teamsize|p1|6\n|teamsize|p2|6\n|gen|9\n|tier|[Gen 9] National Dex Doubles\n|rated|\n|rule|HP Percentage Mod: HP is shown in percentages\n|rule|Endless Battle Clause: Forcing endless battles is banned\n|rule|OHKO Clause: OHKO moves are banned\n|rule|Evasion Moves Clause: Evasion moves are banned\n|rule|Evasion Abilities Clause: Evasion abilities are banned\n|rule|Species Clause: Limit one of each Pok\u00e9mon\n|rule|Gravity Sleep Clause: The combination of sleep-inducing moves with imperfect accuracy and Gravity or Gigantamax Orbeetle are banned\n|clearpoke\n|poke|p1|Kommo-o, M|\n|poke|p1|Volcarona, F|\n|poke|p1|Oricorio-Pom-Pom, F|\n|poke|p1|Quaquaval, F|\n|poke|p1|Flamigo, M|\n|poke|p1|Marshadow|\n|poke|p2|Gardevoir, F|\n|poke|p2|Maushold-Four|\n|poke|p2|Chi-Yu|\n|poke|p2|Scizor, M|\n|poke|p2|Tornadus, M|\n|poke|p2|Honchkrow, F|\n|teampreview\n|\n|t:|1699296623\n|start\n|switch|p1a: dance with me|Volcarona, F, shiny|100\/100\n|switch|p1b: dancer|Oricorio-Pom-Pom, F, shiny|100\/100\n|switch|p2a: a man|Tornadus, M|100\/100\n|switch|p2b: CAAAAAAAAAAAAAAAAA|Honchkrow, F, shiny|100\/100\n|turn|1\n|\n|t:|1699296640\n|-terastallize|p1b: dancer|Electric\n|move|p2a: a man|Bleakwind Storm|p1a: dance with me|[spread] p1a,p1b\n|-supereffective|p1a: dance with me\n|-resisted|p1b: dancer\n|-crit|p1b: dancer\n|-damage|p1a: dance with me|11\/100\n|-damage|p1b: dancer|49\/100\n|-enditem|p1a: dance with me|Wiki Berry|[eat]\n|-heal|p1a: dance with me|44\/100|[from] item: Wiki Berry\n|move|p1b: dancer|Quiver Dance|p1b: dancer\n|-boost|p1b: dancer|spa|1\n|-boost|p1b: dancer|spd|1\n|-boost|p1b: dancer|spe|1\n|move|p1a: dance with me|Fiery Dance|p2a: a man\n|-damage|p2a: a man|35\/100\n|-boost|p1a: dance with me|spa|1\n|-activate|p1b: dancer|ability: Dancer\n|move|p1b: dancer|Fiery Dance|p2a: a man|[from]ability: Dancer\n|-damage|p2a: a man|0 fnt\n|-boost|p1b: dancer|spa|1\n|faint|p2a: a man\n|move|p2b: CAAAAAAAAAAAAAAAAA|Tailwind|p2b: CAAAAAAAAAAAAAAAAA\n|-sidestart|p2: msanal|move: Tailwind\n|\n|upkeep\n|\n|t:|1699296653\n|switch|p2a: the scizormen|Scizor, M|100\/100\n|turn|2\n|\n|t:|1699296662\n|move|p1a: dance with me|Rage Powder|p1a: dance with me\n|-singleturn|p1a: dance with me|move: Rage Powder\n|move|p2a: the scizormen|Bullet Punch|p1a: dance with me\n|-resisted|p1a: dance with me\n|-damage|p1a: dance with me|5\/100\n|move|p1b: dancer|Revelation Dance|p2b: CAAAAAAAAAAAAAAAAA\n|-supereffective|p2b: CAAAAAAAAAAAAAAAAA\n|-damage|p2b: CAAAAAAAAAAAAAAAAA|0 fnt\n|faint|p2b: CAAAAAAAAAAAAAAAAA\n|\n|upkeep\n|\n|t:|1699296675\n|switch|p2b: nucular feesh|Chi-Yu|100\/100\n|-ability|p2b: nucular feesh|Beads of Ruin\n|turn|3\n|\n|t:|1699296693\n|move|p2a: the scizormen|Bullet Punch|p1a: dance with me\n|-resisted|p1a: dance with me\n|-damage|p1a: dance with me|0 fnt\n|faint|p1a: dance with me\n|move|p2b: nucular feesh|Snarl|p1b: dancer\n|-damage|p1b: dancer|0 fnt\n|faint|p1b: dancer\n|\n|upkeep\n|\n|t:|1699296705\n|switch|p1b: dancing|Quaquaval, F, shiny|100\/100\n|switch|p1a: dance dance dance|Kommo-o, M, shiny|100\/100\n|turn|4\n|\n|t:|1699296717\n|-terastallize|p2b: nucular feesh|Dark\n|move|p2a: the scizormen|Bullet Punch|p1a: dance dance dance\n|-damage|p1a: dance dance dance|49\/100\n|-damage|p2a: the scizormen|84\/100|[from] item: Rocky Helmet|[of] p1a: dance dance dance\n|move|p2b: nucular feesh|Snarl|p1b: dancing|[spread] p1a,p1b\n|-resisted|p1a: dance dance dance\n|-resisted|p1b: dancing\n|-damage|p1a: dance dance dance|11\/100\n|-damage|p1b: dancing|59\/100\n|-unboost|p1a: dance dance dance|spa|1\n|-unboost|p1b: dancing|spa|1\n|move|p1a: dance dance dance|Drain Punch|p2b: nucular feesh\n|-supereffective|p2b: nucular feesh\n|-damage|p2b: nucular feesh|0 fnt\n|-heal|p1a: dance dance dance|55\/100|[from] drain|[of] p2b: nucular feesh\n|faint|p2b: nucular feesh\n|move|p1b: dancing|Aqua Step|p2a: the scizormen\n|-damage|p2a: the scizormen|28\/100\n|-boost|p1b: dancing|spe|1\n|\n|-sideend|p2: msanal|move: Tailwind\n|upkeep\n|\n|t:|1699296732\n|switch|p2b: one happy family|Maushold-Four|100\/100\n|turn|5\n|\n|t:|1699296746\n|move|p2a: the scizormen|Bullet Punch|p1a: dance dance dance\n|-damage|p1a: dance dance dance|5\/100\n|-damage|p2a: the scizormen|11\/100|[from] item: Rocky Helmet|[of] p1a: dance dance dance\n|move|p1b: dancing|Aqua Step|p2a: the scizormen\n|-damage|p2a: the scizormen|0 fnt\n|-boost|p1b: dancing|spe|1\n|faint|p2a: the scizormen\n|-ability|p1b: dancing|Moxie|boost\n|-boost|p1b: dancing|atk|1\n|move|p2b: one happy family|Population Bomb|p1b: dancing\n|-crit|p1b: dancing\n|-damage|p1b: dancing|47\/100\n|-damage|p1b: dancing|39\/100\n|-damage|p1b: dancing|32\/100\n|-hitcount|p1b: dancing|3\n|move|p1a: dance dance dance|Drain Punch|p2b: one happy family\n|-supereffective|p2b: one happy family\n|-damage|p2b: one happy family|11\/100\n|-heal|p1a: dance dance dance|59\/100|[from] drain|[of] p2b: one happy family\n|\n|upkeep\n|\n|t:|1699296759\n|switch|p2a: Moonlight|Gardevoir, F, shiny|100\/100\n|-ability|p2a: Moonlight|Bulletproof|[from] ability: Trace|[of] p1a: dance dance dance\n|turn|6\n|\n|t:|1699296772\n|detailschange|p2a: Moonlight|Gardevoir-Mega, F, shiny\n|-mega|p2a: Moonlight|Gardevoir|Gardevoirite\n|move|p2b: one happy family|Follow Me|p2b: one happy family\n|-singleturn|p2b: one happy family|move: Follow Me\n|move|p1b: dancing|Aqua Step|p2b: one happy family\n|-damage|p2b: one happy family|0 fnt\n|-boost|p1b: dancing|spe|1\n|faint|p2b: one happy family\n|-ability|p1b: dancing|Moxie|boost\n|-boost|p1b: dancing|atk|1\n|move|p2a: Moonlight|Hyper Voice|p1b: dancing|[spread] p1a,p1b\n|-supereffective|p1a: dance dance dance\n|-supereffective|p1b: dancing\n|-damage|p1a: dance dance dance|0 fnt\n|-damage|p1b: dancing|0 fnt\n|faint|p1a: dance dance dance\n|faint|p1b: dancing\n|\n|upkeep\n|\n|t:|1699296782\n|switch|p1a: dance floor|Marshadow|100\/100\n|switch|p1b: dance party|Flamigo, M, shiny|100\/100\n|-copyboost|p1b: dance party|p1a: dance floor|[from] ability: Costar\n|turn|7\n|\n|t:|1699296791\n|-zpower|p1a: dance floor\n|move|p1a: dance floor|Soul-Stealing 7-Star Strike|p2a: Moonlight|[zeffect]\n|-supereffective|p2a: Moonlight\n|-damage|p2a: Moonlight|0 fnt\n|faint|p2a: Moonlight\n|\n|win|lxvliiz\n|raw|lxvliiz's rating: 1149 &rarr; <strong>1175<\/strong><br \/>(+26 for winning)\n|raw|msanal's rating: 1168 &rarr; <strong>1142<\/strong><br \/>(-26 for losing)\n|c|\u2606lxvliiz|gg\n|c|\u2606msanal|gg\n","uploadtime":1699296806,"views":5,"p1id":"lxvliiz","p2id":"msanal","formatid":"gen9nationaldexdoubles","rating":1142,"private":0,"password":""}