{"id":"gen9nationaldexdoubles-1955479624","p1":"ButterDeButtery","p2":"wu liao de lan gou","format":"[Gen 9] National Dex Doubles","log":"|j|\u2606ButterDeButtery\n|j|\u2606wu liao de lan gou\n|t:|1696001467\n|gametype|doubles\n|player|p1|ButterDeButtery|waitress|1178\n|player|p2|wu liao de lan gou|marnie|1390\n|teamsize|p1|6\n|teamsize|p2|6\n|gen|9\n|tier|[Gen 9] National Dex Doubles\n|rated|\n|rule|HP Percentage Mod: HP is shown in percentages\n|rule|Endless Battle Clause: Forcing endless battles is banned\n|rule|OHKO Clause: OHKO moves are banned\n|rule|Evasion Moves Clause: Evasion moves are banned\n|rule|Evasion Abilities Clause: Evasion abilities are banned\n|rule|Species Clause: Limit one of each Pok\u00e9mon\n|rule|Gravity Sleep Clause: The combination of sleep-inducing moves with imperfect accuracy and Gravity or Gigantamax Orbeetle are banned\n|clearpoke\n|poke|p1|Cyclizar, F|\n|poke|p1|Sneasler, F|\n|poke|p1|Dragonite, F|\n|poke|p1|Chesnaught, M|\n|poke|p1|Goodra-Hisui, M|\n|poke|p1|Murkrow, F|\n|poke|p2|Regidrago|\n|poke|p2|Metagross|\n|poke|p2|Whimsicott, F|\n|poke|p2|Rillaboom, M|\n|poke|p2|Chien-Pao|\n|poke|p2|Great Tusk|\n|teampreview\n|\n|t:|1696001480\n|start\n|switch|p1a: Cyclizar|Cyclizar, F|100\/100\n|switch|p1b: Sneasler|Sneasler, F|100\/100\n|switch|p2a: Regidrago|Regidrago, shiny|100\/100\n|switch|p2b: Whimsicott|Whimsicott, F|100\/100\n|turn|1\n|\n|t:|1696001507\n|move|p2a: Regidrago|Protect|p2a: Regidrago\n|-singleturn|p2a: Regidrago|Protect\n|move|p1b: Sneasler|Fake Out|p2a: Regidrago\n|-activate|p2a: Regidrago|move: Protect\n|move|p2b: Whimsicott|Taunt|p1a: Cyclizar\n|-start|p1a: Cyclizar|move: Taunt\n|cant|p1a: Cyclizar|move: Taunt|Taunt\n|\n|upkeep\n|turn|2\n|\n|t:|1696001515\n|move|p2b: Whimsicott|Tailwind|p2b: Whimsicott\n|-sidestart|p2: wu liao de lan gou|move: Tailwind\n|move|p2a: Regidrago|Dragon Energy|p1b: Sneasler|[spread] p1a,p1b\n|-supereffective|p1a: Cyclizar\n|-damage|p1a: Cyclizar|0 fnt\n|-damage|p1b: Sneasler|0 fnt\n|faint|p1a: Cyclizar\n|faint|p1b: Sneasler\n|\n|upkeep\n|\n|t:|1696001525\n|switch|p1a: Chesnaught|Chesnaught, M|100\/100\n|switch|p1b: Murkrow|Murkrow, F|100\/100\n|turn|3\n|\n|t:|1696001529\n|move|p1a: Chesnaught|Wide Guard|p1a: Chesnaught\n|-singleturn|p1a: Chesnaught|Wide Guard\n|move|p1b: Murkrow|Taunt|p2b: Whimsicott\n|-start|p2b: Whimsicott|move: Taunt\n|move|p2b: Whimsicott|Moonblast|p1a: Chesnaught\n|-supereffective|p1a: Chesnaught\n|-damage|p1a: Chesnaught|19\/100\n|move|p2a: Regidrago|Dragon Energy|p1b: Murkrow|[spread] \n|-activate|p1a: Chesnaught|move: Wide Guard\n|-activate|p1b: Murkrow|move: Wide Guard\n|\n|-heal|p1a: Chesnaught|25\/100|[from] item: Leftovers\n|upkeep\n|turn|4\n|\n|t:|1696001537\n|move|p1a: Chesnaught|Wide Guard|p1a: Chesnaught\n|-singleturn|p1a: Chesnaught|Wide Guard\n|move|p2b: Whimsicott|Moonblast|p1a: Chesnaught\n|-supereffective|p1a: Chesnaught\n|-damage|p1a: Chesnaught|0 fnt\n|faint|p1a: Chesnaught\n|move|p2a: Regidrago|Dragon Energy|p1b: Murkrow\n|-activate|p1b: Murkrow|move: Wide Guard\n|move|p1b: Murkrow|U-turn|p2a: Regidrago\n|-damage|p2a: Regidrago|85\/100\n|\n|t:|1696001543\n|switch|p1b: Dragonite|Dragonite, F|100\/100|[from] U-turn\n|\n|upkeep\n|\n|t:|1696001546\n|switch|p1a: Murkrow|Murkrow, F|100\/100\n|turn|5\n|\n|t:|1696001553\n|move|p1b: Dragonite|Extreme Speed|p2a: Regidrago\n|-damage|p2a: Regidrago|53\/100\n|move|p2b: Whimsicott|Moonblast|p1b: Dragonite\n|-supereffective|p1b: Dragonite\n|-damage|p1b: Dragonite|72\/100\n|move|p2a: Regidrago|Dragon Energy|p1a: Murkrow|[spread] p1a,p1b\n|-supereffective|p1b: Dragonite\n|-damage|p1a: Murkrow|61\/100\n|-damage|p1b: Dragonite|0 fnt\n|faint|p1b: Dragonite\n|move|p1a: Murkrow|U-turn|p2b: Whimsicott\n|-damage|p2b: Whimsicott|81\/100\n|\n|t:|1696001556\n|switch|p1a: Goodra|Goodra-Hisui, M|100\/100|[from] U-turn\n|\n|-end|p2b: Whimsicott|move: Taunt\n|-sideend|p2: wu liao de lan gou|move: Tailwind\n|upkeep\n|\n|t:|1696001559\n|switch|p1b: Murkrow|Murkrow, F|61\/100\n|turn|6\n|\n|t:|1696001566\n|-terastallize|p2a: Regidrago|Dragon\n|move|p1b: Murkrow|Taunt|p2b: Whimsicott\n|-start|p2b: Whimsicott|move: Taunt\n|move|p2b: Whimsicott|Moonblast|p1a: Goodra\n|-damage|p1a: Goodra|86\/100\n|-unboost|p1a: Goodra|spa|1\n|move|p2a: Regidrago|Dragon Energy|p1b: Murkrow|[spread] p1a,p1b\n|-damage|p1a: Goodra|59\/100\n|-damage|p1b: Murkrow|6\/100\n|move|p1a: Goodra|Dragon Pulse|p2a: Regidrago\n|-supereffective|p2a: Regidrago\n|-damage|p2a: Regidrago|0 fnt\n|faint|p2a: Regidrago\n|\n|upkeep\n|\n|t:|1696001569\n|switch|p2a: Great Tusk|Great Tusk|100\/100\n|turn|7\n|\n|t:|1696001599\n|move|p2a: Great Tusk|Headlong Rush|p1a: Goodra\n|-supereffective|p1a: Goodra\n|-damage|p1a: Goodra|0 fnt\n|-unboost|p2a: Great Tusk|def|1\n|-unboost|p2a: Great Tusk|spd|1\n|faint|p1a: Goodra\n|move|p2b: Whimsicott|Moonblast|p1b: Murkrow\n|-supereffective|p1b: Murkrow\n|-damage|p1b: Murkrow|0 fnt\n|faint|p1b: Murkrow\n|\n|win|wu liao de lan gou\n|raw|ButterDeButtery's rating: 1178 &rarr; <strong>1167<\/strong><br \/>(-11 for losing)\n|raw|wu liao de lan gou's rating: 1390 &rarr; <strong>1399<\/strong><br \/>(+9 for winning)\n|l|\u2606ButterDeButtery\n","uploadtime":1696001607,"views":7,"p1id":"butterdebuttery","p2id":"wuliaodelangou","formatid":"gen9nationaldexdoubles","rating":1167,"private":0,"password":""}