{"id":"gen9nationaldexdoubles-1953332252","p1":"Critian Caceorte","p2":"Delfuerte","format":"[Gen 9] National Dex Doubles","log":"|j|\u2606Critian Caceorte\n|j|\u2606Delfuerte\n|t:|1695775344\n|gametype|doubles\n|player|p1|Critian Caceorte|2|\n|player|p2|Delfuerte|candice|\n|teamsize|p1|6\n|teamsize|p2|6\n|gen|9\n|tier|[Gen 9] National Dex Doubles\n|rule|HP Percentage Mod: HP is shown in percentages\n|rule|Endless Battle Clause: Forcing endless battles is banned\n|rule|OHKO Clause: OHKO moves are banned\n|rule|Evasion Moves Clause: Evasion moves are banned\n|rule|Evasion Abilities Clause: Evasion abilities are banned\n|rule|Species Clause: Limit one of each Pok\u00e9mon\n|rule|Gravity Sleep Clause: The combination of sleep-inducing moves with imperfect accuracy and Gravity or Gigantamax Orbeetle are banned\n|clearpoke\n|poke|p1|Toedscruel, M|\n|poke|p1|Gastrodon, M|\n|poke|p1|Garchomp, M|\n|poke|p1|Hippowdon, F|\n|poke|p1|Clodsire, F|\n|poke|p1|Ursaluna-Bloodmoon, M|\n|poke|p2|Lokix, F|\n|poke|p2|Serperior, F|\n|poke|p2|Hawlucha, F|\n|poke|p2|Garchomp, M|\n|poke|p2|Glimmora, F|\n|poke|p2|Iron Valiant|\n|teampreview\n|\n|t:|1695775355\n|start\n|switch|p1a: Toedscruel|Toedscruel, M|100\/100\n|switch|p1b: Hippowdon|Hippowdon, F|100\/100\n|switch|p2a: Chrysanthemum|Glimmora, F|100\/100\n|switch|p2b: Death|Garchomp, M|100\/100\n|-weather|Sandstorm|[from] ability: Sand Stream|[of] p1b: Hippowdon\n|turn|1\n|\n|t:|1695775378\n|detailschange|p2b: Death|Garchomp-Mega, M\n|-mega|p2b: Death|Garchomp|Garchompite\n|move|p2b: Death|Dragon Claw|p1a: Toedscruel\n|-damage|p1a: Toedscruel|31\/100\n|move|p2a: Chrysanthemum|Spikes|p1b: Hippowdon\n|-sidestart|p1: Critian Caceorte|Spikes\n|move|p1b: Hippowdon|Ice Fang|p2b: Death\n|-supereffective|p2b: Death\n|-damage|p2b: Death|42\/100\n|move|p1a: Toedscruel|Trick Room|p1a: Toedscruel\n|-fieldstart|move: Trick Room|[of] p1a: Toedscruel\n|\n|-weather|Sandstorm|[upkeep]\n|upkeep\n|turn|2\n|\n|t:|1695775397\n|switch|p1a: Clodsire|Clodsire, F|100\/100\n|-damage|p1a: Clodsire|88\/100|[from] Spikes\n|move|p1b: Hippowdon|Ice Fang|p2b: Death\n|-supereffective|p2b: Death\n|-damage|p2b: Death|0 fnt\n|faint|p2b: Death\n|move|p2a: Chrysanthemum|Stealth Rock|p1b: Hippowdon\n|-sidestart|p1: Critian Caceorte|move: Stealth Rock\n|\n|-weather|Sandstorm|[upkeep]\n|-heal|p1a: Clodsire|94\/100|[from] item: Black Sludge\n|upkeep\n|\n|t:|1695775417\n|switch|p2b: Karmen|Lokix, F|100\/100\n|turn|3\n|\n|t:|1695775436\n|switch|p1b: Gastrodon|Gastrodon, M|100\/100\n|-damage|p1b: Gastrodon|88\/100|[from] Spikes\n|-damage|p1b: Gastrodon|82\/100|[from] Stealth Rock\n|move|p1a: Clodsire|Stealth Rock|p2a: Chrysanthemum\n|-sidestart|p2: Delfuerte|move: Stealth Rock\n|move|p2a: Chrysanthemum|Spikes|p1b: Gastrodon\n|-sidestart|p1: Critian Caceorte|Spikes\n|move|p2b: Karmen|Knock Off|p1a: Clodsire\n|-damage|p1a: Clodsire|39\/100\n|-enditem|p1a: Clodsire|Black Sludge|[from] move: Knock Off|[of] p2b: Karmen\n|\n|-weather|Sandstorm|[upkeep]\n|-damage|p2b: Karmen|94\/100|[from] Sandstorm\n|-heal|p1b: Gastrodon|88\/100|[from] item: Leftovers\n|upkeep\n|turn|4\n|\n|t:|1695775454\n|move|p1a: Clodsire|Toxic Spikes|p2a: Chrysanthemum\n|-sidestart|p2: Delfuerte|move: Toxic Spikes\n|move|p1b: Gastrodon|Surf|p2a: Chrysanthemum|[spread] p2a,p2b\n|-heal|p1a: Clodsire|64\/100|[from] ability: Water Absorb|[of] p1b: Gastrodon\n|-supereffective|p2a: Chrysanthemum\n|-damage|p2a: Chrysanthemum|69\/100\n|-damage|p2b: Karmen|48\/100\n|move|p2a: Chrysanthemum|Spikes|p1a: Clodsire\n|-sidestart|p1: Critian Caceorte|Spikes\n|move|p2b: Karmen|Knock Off|p1b: Gastrodon\n|-damage|p1b: Gastrodon|32\/100\n|-enditem|p1b: Gastrodon|Leftovers|[from] move: Knock Off|[of] p2b: Karmen\n|\n|-weather|Sandstorm|[upkeep]\n|-damage|p2b: Karmen|42\/100|[from] Sandstorm\n|upkeep\n|turn|5\n|\n|t:|1695775479\n|switch|p2a: F\u00e9nix|Hawlucha, F|100\/100\n|-damage|p2a: F\u00e9nix|88\/100|[from] Stealth Rock\n|move|p1a: Clodsire|Toxic Spikes|p2b: Karmen\n|-sidestart|p2: Delfuerte|move: Toxic Spikes\n|move|p1b: Gastrodon|Surf|p2b: Karmen|[spread] p2a,p2b\n|-heal|p1a: Clodsire|89\/100|[from] ability: Water Absorb|[of] p1b: Gastrodon\n|-damage|p2a: F\u00e9nix|38\/100\n|-damage|p2b: Karmen|0 fnt\n|faint|p2b: Karmen\n|\n|-weather|Sandstorm|[upkeep]\n|-damage|p2a: F\u00e9nix|31\/100|[from] Sandstorm\n|-fieldend|move: Trick Room\n|upkeep\n|\n|t:|1695775493\n|switch|p2b: Chrysanthemum|Glimmora, F|69\/100\n|-damage|p2b: Chrysanthemum|57\/100|[from] Stealth Rock\n|-sideend|p2: Delfuerte|move: Toxic Spikes|[of] p2b: Chrysanthemum\n|turn|6\n|\n|t:|1695775516\n|switch|p1b: Garchomp|Garchomp, M|100\/100\n|-damage|p1b: Garchomp|75\/100|[from] Spikes\n|-damage|p1b: Garchomp|69\/100|[from] Stealth Rock\n|move|p2a: F\u00e9nix|Acrobatics|p1b: Garchomp\n|-damage|p1b: Garchomp|27\/100\n|-damage|p2a: F\u00e9nix|19\/100|[from] ability: Rough Skin|[of] p1b: Garchomp\n|move|p2b: Chrysanthemum|Mortal Spin|p1a: Clodsire|[spread] p1a,p1b\n|-resisted|p1a: Clodsire\n|-resisted|p1b: Garchomp\n|-damage|p1a: Clodsire|88\/100\n|-damage|p1b: Garchomp|25\/100\n|-status|p1b: Garchomp|psn\n|-damage|p2b: Chrysanthemum|44\/100|[from] ability: Rough Skin|[of] p1b: Garchomp\n|-sideend|p2: Delfuerte|Stealth Rock|[from] move: Mortal Spin|[of] p2b: Chrysanthemum\n|move|p1a: Clodsire|Earthquake|p2b: Chrysanthemum|[spread] p1b,p2b\n|-immune|p2a: F\u00e9nix\n|-supereffective|p2b: Chrysanthemum\n|-damage|p1b: Garchomp|7\/100 psn\n|-damage|p2b: Chrysanthemum|0 fnt\n|-activate|p2b: Chrysanthemum|ability: Toxic Debris\n|-sidestart|p1: Critian Caceorte|move: Toxic Spikes\n|faint|p2b: Chrysanthemum\n|\n|-weather|Sandstorm|[upkeep]\n|-damage|p2a: F\u00e9nix|13\/100|[from] Sandstorm\n|-damage|p1b: Garchomp|0 fnt|[from] psn\n|faint|p1b: Garchomp\n|upkeep\n|\n|t:|1695775550\n|switch|p1b: Gastrodon|Gastrodon, M|32\/100\n|switch|p2b: Corrin|Serperior, F, shiny|100\/100\n|-damage|p1b: Gastrodon|8\/100|[from] Spikes\n|-damage|p1b: Gastrodon|1\/100|[from] Stealth Rock\n|-status|p1b: Gastrodon|psn\n|turn|7\n|\n|t:|1695775568\n|-terastallize|p2b: Corrin|Grass\n|move|p2a: F\u00e9nix|Acrobatics|p1a: Clodsire\n|-damage|p1a: Clodsire|30\/100\n|move|p2b: Corrin|Leaf Storm|p1b: Gastrodon\n|-supereffective|p1b: Gastrodon\n|-damage|p1b: Gastrodon|0 fnt\n|-boost|p2b: Corrin|spa|2\n|faint|p1b: Gastrodon\n|move|p1a: Clodsire|Poison Jab|p2b: Corrin\n|-supereffective|p2b: Corrin\n|-damage|p2b: Corrin|54\/100\n|\n|-weather|Sandstorm|[upkeep]\n|-damage|p2a: F\u00e9nix|7\/100|[from] Sandstorm\n|-damage|p2b: Corrin|48\/100|[from] Sandstorm\n|upkeep\n|c|\u2606Delfuerte|Why did I hit Gastrodon\n|\n|t:|1695775584\n|switch|p1b: Ursaluna|Ursaluna-Bloodmoon, M|100\/100\n|-damage|p1b: Ursaluna|75\/100|[from] Spikes\n|-damage|p1b: Ursaluna|69\/100|[from] Stealth Rock\n|-status|p1b: Ursaluna|psn\n|turn|8\n|\n|t:|1695775607\n|move|p2a: F\u00e9nix|Flying Press|p1b: Ursaluna\n|-supereffective|p1b: Ursaluna\n|-damage|p1b: Ursaluna|7\/100 psn\n|move|p2b: Corrin|Leaf Storm|p1a: Clodsire\n|-damage|p1a: Clodsire|0 fnt\n|-boost|p2b: Corrin|spa|2\n|faint|p1a: Clodsire\n|move|p1b: Ursaluna|Hyper Voice|p2b: Corrin|[spread] p2a,p2b\n|-crit|p2a: F\u00e9nix\n|-damage|p2a: F\u00e9nix|0 fnt\n|-damage|p2b: Corrin|5\/100\n|faint|p2a: F\u00e9nix\n|\n|-weather|none\n|-damage|p1b: Ursaluna|0 fnt|[from] psn\n|faint|p1b: Ursaluna\n|upkeep\n|\n|t:|1695775623\n|switch|p2a: Anakin|Iron Valiant|100\/100\n|switch|p1b: Toedscruel|Toedscruel, M|31\/100\n|switch|p1a: Hippowdon|Hippowdon, F|100\/100\n|-damage|p1b: Toedscruel|6\/100|[from] Spikes\n|-damage|p1b: Toedscruel|0 fnt|[from] Stealth Rock\n|faint|p1b: Toedscruel\n|-damage|p1a: Hippowdon|75\/100|[from] Spikes\n|-damage|p1a: Hippowdon|69\/100|[from] Stealth Rock\n|-status|p1a: Hippowdon|psn\n|-weather|Sandstorm|[from] ability: Sand Stream|[of] p1a: Hippowdon\n|turn|9\n|c|\u2606Delfuerte|I may still have this\n|\n|t:|1695775644\n|-terastallize|p1a: Hippowdon|Ground\n|move|p2a: Anakin|Leaf Blade|p1a: Hippowdon\n|-supereffective|p1a: Hippowdon\n|-damage|p1a: Hippowdon|33\/100 psn\n|move|p2b: Corrin|Leaf Storm|p1a: Hippowdon\n|-supereffective|p1a: Hippowdon\n|-damage|p1a: Hippowdon|0 fnt\n|-boost|p2b: Corrin|spa|2\n|faint|p1a: Hippowdon\n|\n|win|Delfuerte\n|c|\u2606Delfuerte|YES!\n|c|\u2606Critian Caceorte|gg\n|c|\u2606Delfuerte|GG\n|c|\u2606Delfuerte|FINALLY!\n|c|\u2606Delfuerte|Sorry\n|c|\u2606Delfuerte|I am just very excited.\n|c|\u2606Delfuerte|Never have I ever had a more authentic pop-off.\n|c|\u2606Delfuerte|Good job. That was close.\n","uploadtime":1695775733,"views":10,"p1id":"critiancaceorte","p2id":"delfuerte","formatid":"gen9nationaldexdoubles","rating":0,"private":0,"password":""}