{"id":"gen9nationaldexdoubles-1994134945","p1":"trnchi","p2":"WillowBi","format":"[Gen 9] National Dex Doubles","log":"|j|\u2606trnchi\n|j|\u2606WillowBi\n|t:|1700410998\n|gametype|doubles\n|player|p1|trnchi|2|\n|player|p2|WillowBi|lady|\n|teamsize|p1|6\n|teamsize|p2|6\n|gen|9\n|tier|[Gen 9] National Dex Doubles\n|rule|HP Percentage Mod: HP is shown in percentages\n|rule|Endless Battle Clause: Forcing endless battles is banned\n|rule|OHKO Clause: OHKO moves are banned\n|rule|Evasion Moves Clause: Evasion moves are banned\n|rule|Evasion Abilities Clause: Evasion abilities are banned\n|rule|Species Clause: Limit one of each Pok\u00e9mon\n|rule|Gravity Sleep Clause: The combination of sleep-inducing moves with imperfect accuracy and Gravity or Gigantamax Orbeetle are banned\n|clearpoke\n|poke|p1|Bulbasaur, F|\n|poke|p1|Torchic, F|\n|poke|p1|Mudkip, M|\n|poke|p1|Litten, F|\n|poke|p1|Pichu, M|\n|poke|p1|Riolu, F|\n|poke|p2|Totodile, M|\n|poke|p2|Scorbunny, M|\n|poke|p2|Riolu, F|\n|poke|p2|Grookey, F|\n|poke|p2|Larvitar, M|\n|poke|p2|Fuecoco, M|\n|teampreview\n|\n|t:|1700411027\n|start\n|switch|p1a: Pichu|Pichu, M|100\/100\n|switch|p1b: Bulbasaur|Bulbasaur, F|100\/100\n|switch|p2a: Riolu|Riolu, F|100\/100\n|switch|p2b: Larvitar|Larvitar, M|100\/100\n|turn|1\n|\n|t:|1700411043\n|move|p1a: Pichu|Fake Out|p2b: Larvitar\n|-resisted|p2b: Larvitar\n|-damage|p2b: Larvitar|94\/100\n|move|p2a: Riolu|Close Combat|p1b: Bulbasaur\n|-resisted|p1b: Bulbasaur\n|-damage|p1b: Bulbasaur|67\/100\n|-unboost|p2a: Riolu|def|1\n|-unboost|p2a: Riolu|spd|1\n|cant|p2b: Larvitar|flinch\n|move|p1b: Bulbasaur|Leech Seed|p2b: Larvitar\n|-start|p2b: Larvitar|move: Leech Seed\n|\n|-heal|p1b: Bulbasaur|74\/100|[from] item: Leftovers\n|-damage|p2b: Larvitar|81\/100|[from] Leech Seed|[of] p1b: Bulbasaur\n|-heal|p1b: Bulbasaur|87\/100|[silent]\n|-status|p2b: Larvitar|brn|[from] item: Flame Orb\n|upkeep\n|turn|2\n|\n|t:|1700411079\n|move|p1a: Pichu|Protect|p1a: Pichu\n|-singleturn|p1a: Pichu|Protect\n|move|p1b: Bulbasaur|Protect|p1b: Bulbasaur\n|-singleturn|p1b: Bulbasaur|Protect\n|move|p2a: Riolu|Poison Jab|p1b: Bulbasaur\n|-activate|p1b: Bulbasaur|move: Protect\n|move|p2b: Larvitar|Earthquake|p1b: Bulbasaur|[spread] p2a\n|-activate|p1a: Pichu|move: Protect\n|-activate|p1b: Bulbasaur|move: Protect\n|-enditem|p2a: Riolu|Focus Sash\n|-damage|p2a: Riolu|1\/100\n|\n|-heal|p1b: Bulbasaur|93\/100|[from] item: Leftovers\n|-damage|p2b: Larvitar|69\/100 brn|[from] Leech Seed|[of] p1b: Bulbasaur\n|-heal|p1b: Bulbasaur|100\/100|[silent]\n|-damage|p2b: Larvitar|63\/100 brn|[from] brn\n|upkeep\n|turn|3\n|\n|t:|1700411100\n|move|p2a: Riolu|Poison Jab|p1b: Bulbasaur\n|-damage|p1b: Bulbasaur|71\/100\n|move|p1a: Pichu|Nuzzle|p2a: Riolu\n|-damage|p2a: Riolu|0 fnt\n|faint|p2a: Riolu\n|move|p2b: Larvitar|Earthquake|p1b: Bulbasaur|[spread] p1a,p1b\n|-supereffective|p1a: Pichu\n|-enditem|p1a: Pichu|Focus Sash\n|-damage|p1a: Pichu|1\/100\n|-damage|p1b: Bulbasaur|24\/100\n|move|p1b: Bulbasaur|Giga Drain|p2b: Larvitar\n|-supereffective|p2b: Larvitar\n|-damage|p2b: Larvitar|0 fnt\n|-heal|p1b: Bulbasaur|58\/100|[from] drain|[of] p2b: Larvitar\n|faint|p2b: Larvitar\n|\n|-heal|p1b: Bulbasaur|64\/100|[from] item: Leftovers\n|upkeep\n|\n|t:|1700411137\n|switch|p2a: Scorbunny|Scorbunny, M|100\/100\n|switch|p2b: Grookey|Grookey, F|100\/100\n|-fieldstart|move: Grassy Terrain|[from] ability: Grassy Surge|[of] p2b: Grookey\n|turn|4\n|\n|t:|1700411179\n|switch|p1a: Litten|Litten, F|100\/100\n|-ability|p1a: Litten|Intimidate|boost\n|-unboost|p2a: Scorbunny|atk|1\n|-unboost|p2b: Grookey|atk|1\n|move|p1b: Bulbasaur|Protect|p1b: Bulbasaur\n|-singleturn|p1b: Bulbasaur|Protect\n|move|p2a: Scorbunny|Gunk Shot|p1b: Bulbasaur\n|-start|p2a: Scorbunny|typechange|Poison|[from] ability: Libero\n|-activate|p1b: Bulbasaur|move: Protect\n|move|p2b: Grookey|Drain Punch|p1a: Litten\n|-damage|p1a: Litten|76\/100\n|\n|-heal|p1a: Litten|82\/100|[from] Grassy Terrain\n|-heal|p1b: Bulbasaur|70\/100|[from] Grassy Terrain\n|-heal|p1b: Bulbasaur|76\/100|[from] item: Leftovers\n|upkeep\n|turn|5\n|\n|t:|1700411231\n|switch|p2b: Totodile|Totodile, M|100\/100\n|move|p1a: Litten|Flare Blitz|p2b: Totodile\n|-resisted|p2b: Totodile\n|-damage|p2b: Totodile|71\/100\n|-damage|p1a: Litten|70\/100|[from] Recoil\n|move|p2a: Scorbunny|Gunk Shot|p1b: Bulbasaur|[miss]\n|-miss|p2a: Scorbunny|p1b: Bulbasaur\n|move|p1b: Bulbasaur|Giga Drain|p2a: Scorbunny\n|-resisted|p2a: Scorbunny\n|-damage|p2a: Scorbunny|63\/100\n|-heal|p1b: Bulbasaur|93\/100|[from] drain|[of] p2a: Scorbunny\n|\n|-heal|p1a: Litten|76\/100|[from] Grassy Terrain\n|-heal|p2a: Scorbunny|69\/100|[from] Grassy Terrain\n|-heal|p2b: Totodile|77\/100|[from] Grassy Terrain\n|-heal|p1b: Bulbasaur|99\/100|[from] Grassy Terrain\n|-heal|p1b: Bulbasaur|100\/100|[from] item: Leftovers\n|upkeep\n|turn|6\n|\n|t:|1700411296\n|move|p2b: Totodile|Aqua Jet|p1a: Litten\n|-supereffective|p1a: Litten\n|-damage|p1a: Litten|5\/100\n|move|p1a: Litten|Flare Blitz|p2a: Scorbunny\n|-damage|p2a: Scorbunny|0 fnt\n|faint|p2a: Scorbunny\n|-damage|p1a: Litten|0 fnt|[from] Recoil\n|faint|p1a: Litten\n|move|p1b: Bulbasaur|Leech Seed|p2b: Totodile\n|-start|p2b: Totodile|move: Leech Seed\n|\n|-heal|p2b: Totodile|83\/100|[from] Grassy Terrain\n|-damage|p2b: Totodile|71\/100|[from] Leech Seed|[of] p1b: Bulbasaur\n|upkeep\n|\n|t:|1700411336\n|switch|p1a: Pichu|Pichu, M|1\/100\n|switch|p2a: Fuecoco|Fuecoco, M|100\/100\n|turn|7\n|\n|t:|1700411351\n|move|p1a: Pichu|Fake Out|p2a: Fuecoco\n|-damage|p2a: Fuecoco|89\/100\n|move|p2b: Totodile|Dragon Claw|p1a: Pichu\n|-damage|p1a: Pichu|0 fnt\n|faint|p1a: Pichu\n|move|p1b: Bulbasaur|Leech Seed|p2a: Fuecoco\n|-start|p2a: Fuecoco|move: Leech Seed\n|cant|p2a: Fuecoco|flinch\n|\n|-heal|p2b: Totodile|77\/100|[from] Grassy Terrain\n|-heal|p2a: Fuecoco|96\/100|[from] Grassy Terrain\n|-damage|p2b: Totodile|64\/100|[from] Leech Seed|[of] p1b: Bulbasaur\n|-damage|p2a: Fuecoco|83\/100|[from] Leech Seed|[of] p1b: Bulbasaur\n|upkeep\n|\n|t:|1700411376\n|switch|p1a: Riolu|Riolu, F|100\/100\n|turn|8\n|\n|t:|1700411389\n|move|p1b: Bulbasaur|Protect|p1b: Bulbasaur\n|-singleturn|p1b: Bulbasaur|Protect\n|move|p1a: Riolu|Earthquake|p2a: Fuecoco|[spread] p2a,p2b\n|-activate|p1b: Bulbasaur|move: Protect\n|-supereffective|p2a: Fuecoco\n|-damage|p2a: Fuecoco|56\/100\n|-damage|p2b: Totodile|55\/100\n|-damage|p1a: Riolu|91\/100|[from] item: Life Orb\n|move|p2b: Totodile|Ice Punch|p1a: Riolu\n|-crit|p1a: Riolu\n|-damage|p1a: Riolu|34\/100\n|move|p2a: Fuecoco|Flamethrower|p1b: Bulbasaur\n|-activate|p1b: Bulbasaur|move: Protect\n|\n|-heal|p1a: Riolu|40\/100|[from] Grassy Terrain\n|-heal|p2b: Totodile|61\/100|[from] Grassy Terrain\n|-heal|p2a: Fuecoco|63\/100|[from] Grassy Terrain\n|-damage|p2b: Totodile|49\/100|[from] Leech Seed|[of] p1b: Bulbasaur\n|-damage|p2a: Fuecoco|50\/100|[from] Leech Seed|[of] p1b: Bulbasaur\n|-fieldend|move: Grassy Terrain\n|upkeep\n|turn|9\n|\n|t:|1700411423\n|switch|p1b: Torchic|Torchic, F|100\/100\n|move|p1a: Riolu|Thunder Punch|p2b: Totodile\n|-supereffective|p2b: Totodile\n|-damage|p2b: Totodile|11\/100\n|-damage|p1a: Riolu|30\/100|[from] item: Life Orb\n|move|p2b: Totodile|Dragon Claw|p1a: Riolu\n|-damage|p1a: Riolu|0 fnt\n|faint|p1a: Riolu\n|move|p2a: Fuecoco|Flamethrower|p1b: Torchic\n|-resisted|p1b: Torchic\n|-damage|p1b: Torchic|76\/100\n|\n|-damage|p2b: Totodile|0 fnt|[from] Leech Seed|[of] p1b: Torchic\n|-heal|p1b: Torchic|89\/100|[silent]\n|faint|p2b: Totodile\n|-damage|p2a: Fuecoco|38\/100|[from] Leech Seed|[of] p1b: Torchic\n|-heal|p1b: Torchic|100\/100|[silent]\n|upkeep\n|\n|t:|1700411442\n|switch|p1a: Mudkip|Mudkip, M|100\/100\n|switch|p2b: Grookey|Grookey, F|100\/100\n|-fieldstart|move: Grassy Terrain|[from] ability: Grassy Surge|[of] p2b: Grookey\n|turn|10\n|\n|t:|1700411463\n|-terastallize|p2b: Grookey|Fire\n|move|p2b: Grookey|Drain Punch|p1b: Torchic\n|-damage|p1b: Torchic|73\/100\n|move|p1b: Torchic|Flamethrower|p2b: Grookey\n|-resisted|p2b: Grookey\n|-damage|p2b: Grookey|68\/100\n|-damage|p1b: Torchic|63\/100|[from] item: Life Orb\n|move|p1a: Mudkip|Toxic|p2b: Grookey\n|-status|p2b: Grookey|tox\n|move|p2a: Fuecoco|Hyper Voice|p1a: Mudkip|[spread] p1a,p1b\n|-damage|p1a: Mudkip|79\/100\n|-damage|p1b: Torchic|39\/100\n|-enditem|p2a: Fuecoco|Throat Spray\n|-boost|p2a: Fuecoco|spa|1|[from] item: Throat Spray\n|\n|-heal|p2b: Grookey|75\/100 tox|[from] Grassy Terrain\n|-heal|p2b: Grookey|81\/100 tox|[from] item: Leftovers\n|-heal|p1b: Torchic|45\/100|[from] Grassy Terrain\n|-heal|p1a: Mudkip|85\/100|[from] Grassy Terrain\n|-heal|p2a: Fuecoco|44\/100|[from] Grassy Terrain\n|-damage|p2a: Fuecoco|32\/100|[from] Leech Seed|[of] p1b: Torchic\n|-heal|p1b: Torchic|61\/100|[silent]\n|-damage|p2b: Grookey|75\/100 tox|[from] psn\n|-ability|p1b: Torchic|Speed Boost|boost\n|-boost|p1b: Torchic|spe|1\n|upkeep\n|turn|11\n|\n|t:|1700411540\n|move|p1b: Torchic|Protect|p1b: Torchic\n|-singleturn|p1b: Torchic|Protect\n|move|p2b: Grookey|Drain Punch|p1a: Mudkip\n|-damage|p1a: Mudkip|61\/100\n|-heal|p2b: Grookey|87\/100 tox|[from] drain|[of] p1a: Mudkip\n|move|p1a: Mudkip|Toxic|p2a: Fuecoco\n|-status|p2a: Fuecoco|tox\n|move|p2a: Fuecoco|Heat Wave|p1a: Mudkip|[spread] p1a\n|-activate|p1b: Torchic|move: Protect\n|-resisted|p1a: Mudkip\n|-damage|p1a: Mudkip|38\/100\n|\n|-heal|p1b: Torchic|67\/100|[from] Grassy Terrain\n|-heal|p2b: Grookey|93\/100 tox|[from] Grassy Terrain\n|-heal|p2b: Grookey|99\/100 tox|[from] item: Leftovers\n|-heal|p1a: Mudkip|44\/100|[from] Grassy Terrain\n|-heal|p2a: Fuecoco|38\/100 tox|[from] Grassy Terrain\n|-damage|p2a: Fuecoco|26\/100 tox|[from] Leech Seed|[of] p1b: Torchic\n|-heal|p1b: Torchic|83\/100|[silent]\n|-damage|p2b: Grookey|87\/100 tox|[from] psn\n|-damage|p2a: Fuecoco|20\/100 tox|[from] psn\n|-ability|p1b: Torchic|Speed Boost|boost\n|-boost|p1b: Torchic|spe|1\n|upkeep\n|turn|12\n|\n|t:|1700411674\n|move|p1b: Torchic|Flamethrower|p2b: Grookey\n|-resisted|p2b: Grookey\n|-damage|p2b: Grookey|55\/100 tox\n|-damage|p1b: Torchic|74\/100|[from] item: Life Orb\n|move|p2b: Grookey|Drain Punch|p1a: Mudkip\n|-damage|p1a: Mudkip|20\/100\n|-heal|p2b: Grookey|67\/100 tox|[from] drain|[of] p1a: Mudkip\n|-zpower|p1a: Mudkip\n|move|p1a: Mudkip|Hydro Vortex|p2b: Grookey|[zeffect]\n|-supereffective|p2b: Grookey\n|-damage|p2b: Grookey|0 fnt\n|faint|p2b: Grookey\n|move|p2a: Fuecoco|Heat Wave|p1a: Mudkip|[spread] p1a,p1b\n|-resisted|p1a: Mudkip\n|-resisted|p1b: Torchic\n|-damage|p1a: Mudkip|0 fnt\n|-damage|p1b: Torchic|46\/100\n|faint|p1a: Mudkip\n|\n|-heal|p1b: Torchic|52\/100|[from] Grassy Terrain\n|-heal|p2a: Fuecoco|26\/100 tox|[from] Grassy Terrain\n|-damage|p2a: Fuecoco|13\/100 tox|[from] Leech Seed|[of] p1b: Torchic\n|-heal|p1b: Torchic|69\/100|[silent]\n|-damage|p2a: Fuecoco|1\/100 tox|[from] psn\n|-ability|p1b: Torchic|Speed Boost|boost\n|-boost|p1b: Torchic|spe|1\n|upkeep\n|\n|t:|1700411697\n|switch|p1a: Bulbasaur|Bulbasaur, F|100\/100\n|turn|13\n|\n|t:|1700411733\n|move|p1a: Bulbasaur|Protect|p1a: Bulbasaur\n|-singleturn|p1a: Bulbasaur|Protect\n|move|p1b: Torchic|Flamethrower|p2a: Fuecoco\n|-resisted|p2a: Fuecoco\n|-damage|p2a: Fuecoco|0 fnt\n|faint|p2a: Fuecoco\n|-damage|p1b: Torchic|59\/100|[from] item: Life Orb\n|\n|win|trnchi\n|l|\u2606WillowBi\n","uploadtime":1700411745,"views":10,"p1id":"trnchi","p2id":"willowbi","formatid":"gen9nationaldexdoubles","rating":0,"private":0,"password":""}