{"id":"gen9nationaldexdoubles-1957296256","p1":"Jpolo23","p2":"Theadonia","format":"[Gen 9] National Dex Doubles","log":"|j|\u2606Jpolo23\n|j|\u2606Theadonia\n|t:|1696205847\n|gametype|doubles\n|player|p1|Jpolo23|alder|1188\n|player|p2|Theadonia|caitlin|1137\n|teamsize|p1|6\n|teamsize|p2|6\n|gen|9\n|tier|[Gen 9] National Dex Doubles\n|rated|\n|rule|HP Percentage Mod: HP is shown in percentages\n|rule|Endless Battle Clause: Forcing endless battles is banned\n|rule|OHKO Clause: OHKO moves are banned\n|rule|Evasion Moves Clause: Evasion moves are banned\n|rule|Evasion Abilities Clause: Evasion abilities are banned\n|rule|Species Clause: Limit one of each Pok\u00e9mon\n|rule|Gravity Sleep Clause: The combination of sleep-inducing moves with imperfect accuracy and Gravity or Gigantamax Orbeetle are banned\n|clearpoke\n|poke|p1|Ninetales, F|\n|poke|p1|Sceptile, F|\n|poke|p1|Rillaboom, M|\n|poke|p1|Ceruledge, M|\n|poke|p1|Electrode-Hisui|\n|poke|p1|Golem-Alola, F|\n|poke|p2|Delphox, M|\n|poke|p2|Oricorio-Sensu, M|\n|poke|p2|Kommo-o, F|\n|poke|p2|Riolu, F|\n|poke|p2|Cresselia, F|\n|poke|p2|Zorua, M|\n|teampreview\n|\n|t:|1696205864\n|start\n|switch|p1a: Sceptile|Sceptile, F|100\/100\n|switch|p1b: Golem|Golem-Alola, F, shiny|100\/100\n|switch|p2a: Riolu|Riolu, F|100\/100\n|switch|p2b: Oricorio|Oricorio-Sensu, M, shiny|100\/100\n|-item|p1b: Golem|Air Balloon\n|turn|1\n|\n|t:|1696205888\n|detailschange|p1a: Sceptile|Sceptile-Mega, F\n|-mega|p1a: Sceptile|Sceptile|Sceptilite\n|move|p2b: Oricorio|Protect|p2b: Oricorio\n|-singleturn|p2b: Oricorio|Protect\n|move|p2a: Riolu|Vacuum Wave|p1b: Golem\n|-supereffective|p1b: Golem\n|-damage|p1b: Golem|82\/100\n|-enditem|p1b: Golem|Air Balloon\n|move|p1a: Sceptile|Hidden Power|p2a: Riolu\n|-damage|p2a: Riolu|60\/100\n|move|p1b: Golem|Explosion|p2a: Riolu|[spread] p2a\n|-activate|p2b: Oricorio|move: Protect\n|-ability|p1a: Sceptile|Lightning Rod|boost\n|-boost|p1a: Sceptile|spa|1\n|-damage|p2a: Riolu|0 fnt\n|faint|p1b: Golem\n|faint|p2a: Riolu\n|\n|upkeep\n|\n|t:|1696205910\n|switch|p2a: Delphox|Delphox, M, shiny|100\/100\n|switch|p1b: Electrode|Electrode-Hisui|100\/100\n|turn|2\n|\n|t:|1696205943\n|switch|p2b: Cresselia|Cresselia, F|100\/100\n|move|p1b: Electrode|Discharge|p2b: Cresselia|[spread] p2a,p2b\n|-ability|p1a: Sceptile|Lightning Rod|boost\n|-boost|p1a: Sceptile|spa|1\n|-damage|p2a: Delphox|74\/100\n|-damage|p2b: Cresselia|85\/100\n|-status|p2b: Cresselia|par\n|move|p1a: Sceptile|Dragon Pulse|p2a: Delphox\n|-damage|p2a: Delphox|0 fnt\n|faint|p2a: Delphox\n|\n|-heal|p2b: Cresselia|91\/100 par|[from] item: Leftovers\n|upkeep\n|\n|t:|1696205956\n|switch|p2a: Oricorio|Oricorio-Sensu, M, shiny|100\/100\n|turn|3\n|\n|t:|1696205979\n|-terastallize|p2a: Oricorio|Fairy\n|move|p1a: Sceptile|Protect|p1a: Sceptile\n|-singleturn|p1a: Sceptile|Protect\n|-zpower|p1b: Electrode\n|move|p1b: Electrode|Bloom Doom|p2b: Cresselia|[zeffect]\n|-damage|p2b: Cresselia|39\/100 par\n|move|p2a: Oricorio|Quiver Dance|p2a: Oricorio\n|-boost|p2a: Oricorio|spa|1\n|-boost|p2a: Oricorio|spd|1\n|-boost|p2a: Oricorio|spe|1\n|cant|p2b: Cresselia|par\n|\n|-heal|p2b: Cresselia|45\/100 par|[from] item: Leftovers\n|upkeep\n|turn|4\n|\n|t:|1696206029\n|switch|p1b: Ninetales|Ninetales, F|100\/100\n|-weather|SunnyDay|[from] ability: Drought|[of] p1b: Ninetales\n|move|p1a: Sceptile|Solar Beam||[still]\n|-prepare|p1a: Sceptile|Solar Beam\n|-anim|p1a: Sceptile|Solar Beam|p2a: Oricorio\n|-damage|p2a: Oricorio|0 fnt\n|faint|p2a: Oricorio\n|move|p2b: Cresselia|Icy Wind|p1b: Ninetales|[spread] p1a,p1b\n|-supereffective|p1a: Sceptile\n|-resisted|p1b: Ninetales\n|-damage|p1a: Sceptile|41\/100\n|-damage|p1b: Ninetales|96\/100\n|-unboost|p1a: Sceptile|spe|1\n|-unboost|p1b: Ninetales|spe|1\n|\n|-weather|SunnyDay|[upkeep]\n|-heal|p2b: Cresselia|51\/100 par|[from] item: Leftovers\n|upkeep\n|\n|t:|1696206039\n|switch|p2a: Kommo-o|Kommo-o, F, shiny|100\/100\n|turn|5\n|\n|t:|1696206059\n|move|p1a: Sceptile|Protect|p1a: Sceptile\n|-singleturn|p1a: Sceptile|Protect\n|move|p2a: Kommo-o|Protect|p2a: Kommo-o\n|-singleturn|p2a: Kommo-o|Protect\n|move|p1b: Ninetales|Snarl|p2b: Cresselia|[spread] p2b\n|-activate|p2a: Kommo-o|move: Protect\n|-supereffective|p2b: Cresselia\n|-damage|p2b: Cresselia|38\/100 par\n|-unboost|p2b: Cresselia|spa|1\n|cant|p2b: Cresselia|par\n|\n|-weather|SunnyDay|[upkeep]\n|-heal|p2b: Cresselia|44\/100 par|[from] item: Leftovers\n|upkeep\n|turn|6\n|\n|t:|1696206095\n|move|p1a: Sceptile|Dragon Pulse|p2a: Kommo-o\n|-enditem|p2a: Kommo-o|Focus Sash\n|-damage|p2a: Kommo-o|1\/100\n|replace|p2a: Zorua|Zorua, M\n|-end|p2a: Zorua|Illusion\n|move|p1b: Ninetales|Scorching Sands|p2a: Zorua\n|-damage|p2a: Zorua|0 fnt\n|faint|p2a: Zorua\n|cant|p2b: Cresselia|par\n|\n|-weather|SunnyDay|[upkeep]\n|-heal|p2b: Cresselia|50\/100 par|[from] item: Leftovers\n|upkeep\n|\n|t:|1696206109\n|switch|p2a: Kommo-o|Kommo-o, F, shiny|100\/100\n|turn|7\n|\n|t:|1696206120\n|-zpower|p2a: Kommo-o\n|move|p2a: Kommo-o|Clangorous Soulblaze|p1b: Ninetales|[zeffect]|[spread] p1a,p1b\n|-supereffective|p1a: Sceptile\n|-damage|p1a: Sceptile|0 fnt\n|-damage|p1b: Ninetales|60\/100\n|faint|p1a: Sceptile\n|-boost|p2a: Kommo-o|atk|1\n|-boost|p2a: Kommo-o|def|1\n|-boost|p2a: Kommo-o|spa|1\n|-boost|p2a: Kommo-o|spd|1\n|-boost|p2a: Kommo-o|spe|1\n|move|p1b: Ninetales|Scorching Sands|p2a: Kommo-o\n|-damage|p2a: Kommo-o|86\/100\n|move|p2b: Cresselia|Icy Wind|p1b: Ninetales|[miss]\n|-miss|p2b: Cresselia|p1b: Ninetales\n|\n|-weather|SunnyDay|[upkeep]\n|-heal|p2b: Cresselia|56\/100 par|[from] item: Leftovers\n|upkeep\n|\n|t:|1696206147\n|switch|p1a: Electrode|Electrode-Hisui|100\/100\n|turn|8\n|\n|t:|1696206169\n|move|p2a: Kommo-o|Poison Jab|p1a: Electrode\n|-supereffective|p1a: Electrode\n|-damage|p1a: Electrode|0 fnt\n|-damage|p2a: Kommo-o|62\/100|[from] ability: Aftermath|[of] p1a: Electrode\n|faint|p1a: Electrode\n|move|p1b: Ninetales|Scorching Sands|p2a: Kommo-o\n|-damage|p2a: Kommo-o|47\/100\n|-status|p2a: Kommo-o|brn\n|cant|p2b: Cresselia|par\n|\n|-weather|none\n|-heal|p2b: Cresselia|62\/100 par|[from] item: Leftovers\n|-damage|p2a: Kommo-o|41\/100 brn|[from] brn\n|upkeep\n|\n|t:|1696206182\n|switch|p1a: Rillaboom|Rillaboom, M|100\/100\n|-fieldstart|move: Grassy Terrain|[from] ability: Grassy Surge|[of] p1a: Rillaboom\n|turn|9\n|\n|t:|1696206193\n|move|p1a: Rillaboom|Fake Out|p2a: Kommo-o\n|-damage|p2a: Kommo-o|31\/100 brn\n|cant|p2a: Kommo-o|flinch\n|move|p1b: Ninetales|Overheat|p2b: Cresselia\n|-damage|p2b: Cresselia|30\/100 par\n|-unboost|p1b: Ninetales|spa|2\n|move|p2b: Cresselia|Lunar Blessing|p2b: Cresselia|[spread] p2a,p2b\n|-heal|p2a: Kommo-o|56\/100 brn\n|-curestatus|p2a: Kommo-o|brn|[msg]\n|-heal|p2b: Cresselia|55\/100 par\n|-curestatus|p2b: Cresselia|par|[msg]\n|\n|-heal|p2a: Kommo-o|62\/100|[from] Grassy Terrain\n|-heal|p1b: Ninetales|66\/100|[from] Grassy Terrain\n|-heal|p2b: Cresselia|61\/100|[from] item: Leftovers\n|upkeep\n|turn|10\n|\n|t:|1696206215\n|move|p2a: Kommo-o|Poison Jab|p1a: Rillaboom\n|-supereffective|p1a: Rillaboom\n|-damage|p1a: Rillaboom|26\/100\n|move|p1a: Rillaboom|Knock Off|p2b: Cresselia\n|-supereffective|p2b: Cresselia\n|-damage|p2b: Cresselia|11\/100\n|-enditem|p2b: Cresselia|Leftovers|[from] move: Knock Off|[of] p1a: Rillaboom\n|move|p1b: Ninetales|Scorching Sands|p2a: Kommo-o\n|-damage|p2a: Kommo-o|54\/100\n|-status|p2a: Kommo-o|brn\n|move|p2b: Cresselia|Lunar Blessing|p2b: Cresselia|[spread] p2a,p2b\n|-heal|p2a: Kommo-o|79\/100 brn\n|-curestatus|p2a: Kommo-o|brn|[msg]\n|-heal|p2b: Cresselia|36\/100\n|\n|-heal|p2a: Kommo-o|85\/100|[from] Grassy Terrain\n|-heal|p1a: Rillaboom|32\/100|[from] Grassy Terrain\n|-heal|p1b: Ninetales|72\/100|[from] Grassy Terrain\n|upkeep\n|turn|11\n|\n|t:|1696206240\n|move|p1a: Rillaboom|Grassy Glide|p2b: Cresselia\n|-damage|p2b: Cresselia|10\/100\n|move|p2a: Kommo-o|Drain Punch|p1b: Ninetales\n|-damage|p1b: Ninetales|0 fnt\n|-heal|p2a: Kommo-o|100\/100|[from] drain|[of] p1b: Ninetales\n|faint|p1b: Ninetales\n|move|p2b: Cresselia|Lunar Blessing|p2b: Cresselia|[spread] p2a,p2b\n|-heal|p2b: Cresselia|35\/100\n|\n|-heal|p1a: Rillaboom|39\/100|[from] Grassy Terrain\n|upkeep\n|\n|t:|1696206251\n|switch|p1b: Ceruledge|Ceruledge, M|100\/100\n|turn|12\n|\n|t:|1696206260\n|move|p1b: Ceruledge|Shadow Sneak|p2b: Cresselia\n|-supereffective|p2b: Cresselia\n|-damage|p2b: Cresselia|2\/100\n|move|p1a: Rillaboom|Grassy Glide|p2b: Cresselia\n|-damage|p2b: Cresselia|0 fnt\n|faint|p2b: Cresselia\n|move|p2a: Kommo-o|Clangorous Soul|p2a: Kommo-o\n|-boost|p2a: Kommo-o|atk|1\n|-boost|p2a: Kommo-o|def|1\n|-boost|p2a: Kommo-o|spa|1\n|-boost|p2a: Kommo-o|spd|1\n|-boost|p2a: Kommo-o|spe|1\n|-damage|p2a: Kommo-o|68\/100\n|\n|-heal|p2a: Kommo-o|74\/100|[from] Grassy Terrain\n|-heal|p1a: Rillaboom|45\/100|[from] Grassy Terrain\n|upkeep\n|turn|13\n|\n|t:|1696206308\n|move|p1a: Rillaboom|Grassy Glide|p2a: Kommo-o\n|-resisted|p2a: Kommo-o\n|-damage|p2a: Kommo-o|64\/100\n|move|p2a: Kommo-o|Clanging Scales|p1b: Ceruledge|[spread] p1a,p1b\n|-damage|p1a: Rillaboom|0 fnt\n|-damage|p1b: Ceruledge|52\/100\n|faint|p1a: Rillaboom\n|-unboost|p2a: Kommo-o|def|1\n|move|p1b: Ceruledge|Bitter Blade|p2a: Kommo-o\n|-resisted|p2a: Kommo-o\n|-damage|p2a: Kommo-o|47\/100\n|-heal|p1b: Ceruledge|61\/100|[from] drain|[of] p2a: Kommo-o\n|\n|-heal|p2a: Kommo-o|53\/100|[from] Grassy Terrain\n|-heal|p1b: Ceruledge|67\/100|[from] Grassy Terrain\n|upkeep\n|turn|14\n|l|\u2606Theadonia\n|player|p2|\n|c|\u2606Jpolo23|now i know about crsselia. thanks\n|inactive|Battle timer is ON: inactive players will automatically lose when time's up. (requested by Jpolo23)\n|j|\u2606Theadonia\n|inactive|Theadonia reconnected and has 140 seconds left.\n|player|p2|Theadonia|caitlin\n|\n|t:|1696206380\n|move|p2a: Kommo-o|Clanging Scales|p1b: Ceruledge\n|-damage|p1b: Ceruledge|12\/100\n|-unboost|p2a: Kommo-o|def|1\n|move|p1b: Ceruledge|Bitter Blade|p2a: Kommo-o\n|-resisted|p2a: Kommo-o\n|-damage|p2a: Kommo-o|27\/100\n|-heal|p1b: Ceruledge|25\/100|[from] drain|[of] p2a: Kommo-o\n|\n|-heal|p2a: Kommo-o|33\/100|[from] Grassy Terrain\n|-heal|p1b: Ceruledge|31\/100|[from] Grassy Terrain\n|upkeep\n|turn|15\n|inactive|Jpolo23 has 120 seconds left.\n|\n|t:|1696206419\n|move|p1b: Ceruledge|Shadow Sneak|p2a: Kommo-o\n|-damage|p2a: Kommo-o|11\/100\n|move|p2a: Kommo-o|Clanging Scales|p1b: Ceruledge\n|-crit|p1b: Ceruledge\n|-damage|p1b: Ceruledge|0 fnt\n|faint|p1b: Ceruledge\n|\n|win|Theadonia\n|raw|Jpolo23's rating: 1188 &rarr; <strong>1159<\/strong><br \/>(-29 for losing)\n|raw|Theadonia's rating: 1137 &rarr; <strong>1166<\/strong><br \/>(+29 for winning)\n","uploadtime":1696206429,"views":7,"p1id":"jpolo23","p2id":"theadonia","formatid":"gen9nationaldexdoubles","rating":1159,"private":0,"password":""}