{"id":"gen9nationaldexdoubles-1958134896","p1":"SacredTerrador","p2":"icelit3","format":"[Gen 9] National Dex Doubles","log":"|j|\u2606SacredTerrador\n|j|\u2606icelit3\n|t:|1696291181\n|gametype|doubles\n|player|p1|SacredTerrador|hiker-gen4|1104\n|player|p2|icelit3|1|1000\n|teamsize|p1|6\n|teamsize|p2|6\n|gen|9\n|tier|[Gen 9] National Dex Doubles\n|rated|\n|rule|HP Percentage Mod: HP is shown in percentages\n|rule|Endless Battle Clause: Forcing endless battles is banned\n|rule|OHKO Clause: OHKO moves are banned\n|rule|Evasion Moves Clause: Evasion moves are banned\n|rule|Evasion Abilities Clause: Evasion abilities are banned\n|rule|Species Clause: Limit one of each Pok\u00e9mon\n|rule|Gravity Sleep Clause: The combination of sleep-inducing moves with imperfect accuracy and Gravity or Gigantamax Orbeetle are banned\n|clearpoke\n|poke|p1|Sceptile, M|\n|poke|p1|Heliolisk, F|\n|poke|p1|Alcremie, F|\n|poke|p1|Armarouge, M|\n|poke|p1|Greninja-*, M|\n|poke|p1|Dragonite, F|\n|poke|p2|Quaquaval, M|\n|poke|p2|Iron Hands|\n|poke|p2|Tapu Koko|\n|poke|p2|Aron, L1, F|\n|poke|p2|Garchomp, F|\n|poke|p2|Gyarados, M|\n|teampreview\n|\n|t:|1696291189\n|start\n|switch|p1a: Kaia|Dragonite, F|100\/100\n|switch|p1b: Sweetie|Alcremie, F, shiny|100\/100\n|switch|p2a: Iron Hands|Iron Hands|100\/100\n|switch|p2b: Tapu Koko|Tapu Koko|100\/100\n|-fieldstart|move: Electric Terrain|[from] ability: Electric Surge|[of] p2b: Tapu Koko\n|-activate|p2a: Iron Hands|ability: Quark Drive\n|-start|p2a: Iron Hands|quarkdriveatk\n|turn|1\n|\n|t:|1696291216\n|-terastallize|p1a: Kaia|Normal\n|move|p2b: Tapu Koko|Thunder Punch|p1a: Kaia\n|-damage|p1a: Kaia|77\/100\n|move|p1a: Kaia|Tailwind|p1a: Kaia\n|-sidestart|p1: SacredTerrador|move: Tailwind\n|move|p1b: Sweetie|Decorate|p1a: Kaia\n|-boost|p1a: Kaia|atk|2\n|-boost|p1a: Kaia|spa|2\n|move|p2a: Iron Hands|Thunder Punch|p1a: Kaia\n|-damage|p1a: Kaia|8\/100\n|\n|upkeep\n|turn|2\n|\n|t:|1696291247\n|move|p1a: Kaia|Extreme Speed|p2b: Tapu Koko\n|-damage|p2b: Tapu Koko|0 fnt\n|faint|p2b: Tapu Koko\n|-damage|p1a: Kaia|0 fnt|[from] item: Life Orb\n|faint|p1a: Kaia\n|move|p1b: Sweetie|Light Screen|p1b: Sweetie\n|-sidestart|p1: SacredTerrador|move: Light Screen\n|move|p2a: Iron Hands|Iron Head|p1b: Sweetie\n|-supereffective|p1b: Sweetie\n|-damage|p1b: Sweetie|17\/100\n|\n|-heal|p1b: Sweetie|23\/100|[from] item: Leftovers\n|upkeep\n|\n|t:|1696291263\n|switch|p2b: Shrimp|Gyarados, M, shiny|100\/100\n|switch|p1a: Gex|Sceptile, M|100\/100\n|-ability|p2b: Shrimp|Intimidate|boost\n|-unboost|p1a: Gex|atk|1\n|-unboost|p1b: Sweetie|atk|1\n|turn|3\n|\n|t:|1696291297\n|detailschange|p1a: Gex|Sceptile-Mega, M\n|-mega|p1a: Gex|Sceptile|Sceptilite\n|move|p1a: Gex|Leaf Storm|p2a: Iron Hands\n|-damage|p2a: Iron Hands|37\/100\n|-unboost|p1a: Gex|spa|2\n|move|p1b: Sweetie|Decorate|p1a: Gex\n|-boost|p1a: Gex|atk|2\n|-boost|p1a: Gex|spa|2\n|move|p2a: Iron Hands|Earthquake|p1a: Gex|[spread] p2b,p1a,p1b\n|-resisted|p1a: Gex\n|-damage|p2b: Shrimp|49\/100\n|-damage|p1a: Gex|69\/100\n|-damage|p1b: Sweetie|0 fnt\n|faint|p1b: Sweetie\n|move|p2b: Shrimp|Ice Fang|p1a: Gex\n|-supereffective|p1a: Gex\n|-damage|p1a: Gex|0 fnt\n|faint|p1a: Gex\n|\n|upkeep\n|inactive|Battle timer is ON: inactive players will automatically lose when time's up. (requested by icelit3)\n|\n|t:|1696291322\n|switch|p1a: Lissa|Heliolisk, F, shiny|100\/100\n|switch|p1b: Shoulders|Armarouge, M|100\/100\n|turn|4\n|\n|t:|1696291338\n|move|p1b: Shoulders|Protect|p1b: Shoulders\n|-singleturn|p1b: Shoulders|Protect\n|move|p1a: Lissa|Discharge|p2b: Shrimp|[spread] p2a,p2b\n|-activate|p1b: Shoulders|move: Protect\n|-resisted|p2a: Iron Hands\n|-supereffective|p2b: Shrimp\n|-damage|p2a: Iron Hands|15\/100\n|-damage|p2b: Shrimp|0 fnt\n|faint|p2b: Shrimp\n|-damage|p1a: Lissa|91\/100|[from] item: Life Orb\n|move|p2a: Iron Hands|Earthquake|p1b: Shoulders|[spread] p1a\n|-activate|p1b: Shoulders|move: Protect\n|-supereffective|p1a: Lissa\n|-damage|p1a: Lissa|0 fnt\n|faint|p1a: Lissa\n|\n|-sideend|p1: SacredTerrador|move: Tailwind\n|upkeep\n|\n|t:|1696291355\n|switch|p1a: Frokage|Greninja, M|100\/100\n|switch|p2b: Aron|Aron, L1, F|100\/100\n|turn|5\n|\n|t:|1696291373\n|move|p1a: Frokage|Water Shuriken|p2b: Aron\n|-start|p1a: Frokage|typechange|Water|[from] ability: Protean\n|-supereffective|p2b: Aron\n|-ability|p2b: Aron|Sturdy\n|-damage|p2b: Aron|9\/100\n|-supereffective|p2b: Aron\n|-crit|p2b: Aron\n|-damage|p2b: Aron|0 fnt\n|faint|p2b: Aron\n|-hitcount|p2: Aron|2\n|move|p1b: Shoulders|Heat Wave|p2a: Iron Hands\n|-damage|p2a: Iron Hands|0 fnt\n|faint|p2a: Iron Hands\n|-end|p2a: Iron Hands|Quark Drive|[silent]\n|\n|-fieldend|move: Electric Terrain\n|upkeep\n|\n|t:|1696291386\n|switch|p2a: Elegante|Quaquaval, M, shiny|100\/100\n|switch|p2b: Garchomp|Garchomp, F|100\/100\n|turn|6\n|\n|t:|1696291415\n|move|p1b: Shoulders|Ally Switch|p1b: Shoulders\n|swap|p1b: Shoulders|0|[from] move: Ally Switch\n|move|p1b: Frokage|Water Shuriken|p2b: Garchomp\n|-damage|p2b: Garchomp|93\/100\n|-crit|p2b: Garchomp\n|-damage|p2b: Garchomp|81\/100\n|-damage|p2b: Garchomp|74\/100\n|-damage|p2b: Garchomp|66\/100\n|-damage|p2b: Garchomp|58\/100\n|-hitcount|p2b: Garchomp|5\n|move|p2b: Garchomp|Dragon Claw|p1a: Shoulders\n|-damage|p1a: Shoulders|63\/100\n|move|p2a: Elegante|Aqua Step|p1b: Frokage\n|-resisted|p1b: Frokage\n|-damage|p1b: Frokage|69\/100\n|-boost|p2a: Elegante|spe|1\n|\n|-sideend|p1: SacredTerrador|move: Light Screen\n|upkeep\n|turn|7\n|\n|t:|1696291439\n|move|p1b: Frokage|Water Shuriken|p2b: Garchomp\n|-damage|p2b: Garchomp|51\/100\n|-damage|p2b: Garchomp|44\/100\n|-crit|p2b: Garchomp\n|-damage|p2b: Garchomp|34\/100\n|-damage|p2b: Garchomp|26\/100\n|-crit|p2b: Garchomp\n|-damage|p2b: Garchomp|15\/100\n|-hitcount|p2b: Garchomp|5\n|move|p2a: Elegante|Aqua Step|p1a: Shoulders\n|-supereffective|p1a: Shoulders\n|-damage|p1a: Shoulders|0 fnt\n|-boost|p2a: Elegante|spe|1\n|faint|p1a: Shoulders\n|-ability|p2a: Elegante|Moxie|boost\n|-boost|p2a: Elegante|atk|1\n|move|p2b: Garchomp|Dragon Claw|p1b: Frokage\n|-damage|p1b: Frokage|0 fnt\n|faint|p1b: Frokage\n|\n|win|icelit3\n|raw|SacredTerrador's rating: 1104 &rarr; <strong>1072<\/strong><br \/>(-32 for losing)\n|raw|icelit3's rating: 1000 &rarr; <strong>1052<\/strong><br \/>(+52 for winning)\n|l|\u2606SacredTerrador\n","uploadtime":1696291467,"views":14,"p1id":"sacredterrador","p2id":"icelit3","formatid":"gen9nationaldexdoubles","rating":1052,"private":0,"password":""}