{"id":"gen9nationaldexdoubles-1999629743","p1":"fumbari 24","p2":"Queijolol","format":"[Gen 9] National Dex Doubles","log":"|j|\u2606fumbari 24\n|j|\u2606Queijolol\n|t:|1701102731\n|gametype|doubles\n|player|p1|fumbari 24|hilbert|1155\n|player|p2|Queijolol|dawn|1455\n|teamsize|p1|6\n|teamsize|p2|6\n|gen|9\n|tier|[Gen 9] National Dex Doubles\n|rated|\n|rule|HP Percentage Mod: HP is shown in percentages\n|rule|Endless Battle Clause: Forcing endless battles is banned\n|rule|OHKO Clause: OHKO moves are banned\n|rule|Evasion Moves Clause: Evasion moves are banned\n|rule|Evasion Abilities Clause: Evasion abilities are banned\n|rule|Species Clause: Limit one of each Pok\u00e9mon\n|rule|Gravity Sleep Clause: The combination of sleep-inducing moves with imperfect accuracy and Gravity or Gigantamax Orbeetle are banned\n|clearpoke\n|poke|p1|Salazzle, F|\n|poke|p1|Vespiquen, F|\n|poke|p1|Mandibuzz, F|\n|poke|p1|Tyrantrum, F|\n|poke|p1|Chandelure, F|\n|poke|p1|Empoleon, M|\n|poke|p2|Ogerpon-Hearthflame, F|\n|poke|p2|Rillaboom, M|\n|poke|p2|Charizard, M|\n|poke|p2|Chi-Yu|\n|poke|p2|Walking Wake|\n|poke|p2|Flutter Mane|\n|teampreview\n|\n|t:|1701102755\n|start\n|switch|p1a: Salazzle|Salazzle, F, shiny|100\/100\n|switch|p1b: Chandelure|Chandelure, F|100\/100\n|switch|p2a: Charizard|Charizard, M|100\/100\n|switch|p2b: Chi-Yu|Chi-Yu|100\/100\n|-ability|p2b: Chi-Yu|Beads of Ruin\n|turn|1\n|\n|t:|1701102764\n|detailschange|p2a: Charizard|Charizard-Mega-Y, M\n|-mega|p2a: Charizard|Charizard|Charizardite Y\n|-weather|SunnyDay|[from] ability: Drought|[of] p2a: Charizard\n|move|p1a: Salazzle|Fake Out|p2b: Chi-Yu\n|-damage|p2b: Chi-Yu|91\/100\n|cant|p2b: Chi-Yu|flinch\n|move|p2a: Charizard|Heat Wave|p1a: Salazzle|[spread] p1a\n|-start|p1b: Chandelure|ability: Flash Fire\n|-resisted|p1a: Salazzle\n|-damage|p1a: Salazzle|24\/100\n|move|p1b: Chandelure|Trick Room|p1b: Chandelure\n|-fieldstart|move: Trick Room|[of] p1b: Chandelure\n|\n|-weather|SunnyDay|[upkeep]\n|upkeep\n|turn|2\n|\n|t:|1701102797\n|-terastallize|p1b: Chandelure|Grass\n|move|p1b: Chandelure|Heat Wave|p2b: Chi-Yu|[spread] p2a\n|-miss|p1b: Chandelure|p2b: Chi-Yu\n|-resisted|p2a: Charizard\n|-damage|p2a: Charizard|42\/100\n|move|p2a: Charizard|Heat Wave|p1a: Salazzle|[spread] p1a\n|-immune|p1b: Chandelure|[from] ability: Flash Fire\n|-resisted|p1a: Salazzle\n|-damage|p1a: Salazzle|0 fnt\n|faint|p1a: Salazzle\n|move|p2b: Chi-Yu|Dark Pulse|p1b: Chandelure\n|-damage|p1b: Chandelure|36\/100\n|\n|-weather|SunnyDay|[upkeep]\n|upkeep\n|\n|t:|1701102808\n|switch|p1a: Tyrantrum|Tyrantrum, F, shiny|100\/100\n|turn|3\n|inactive|Battle timer is ON: inactive players will automatically lose when time's up. (requested by fumbari 24)\n|\n|t:|1701102830\n|switch|p2b: Walking Wake|Walking Wake|100\/100\n|-activate|p2b: Walking Wake|ability: Protosynthesis\n|-start|p2b: Walking Wake|protosynthesisspa\n|move|p1b: Chandelure|Heat Wave|p2b: Walking Wake|[spread] p2a,p2b\n|-resisted|p2a: Charizard\n|-resisted|p2b: Walking Wake\n|-damage|p2a: Charizard|0 fnt\n|-damage|p2b: Walking Wake|71\/100\n|faint|p2a: Charizard\n|move|p1a: Tyrantrum|Rock Slide|p2b: Walking Wake|[miss]\n|-miss|p1a: Tyrantrum|p2b: Walking Wake\n|\n|-weather|SunnyDay|[upkeep]\n|upkeep\n|\n|t:|1701102842\n|switch|p2a: Rillaboom|Rillaboom, M|100\/100\n|-fieldstart|move: Grassy Terrain|[from] ability: Grassy Surge|[of] p2a: Rillaboom\n|turn|4\n|\n|t:|1701102865\n|move|p2a: Rillaboom|Grassy Glide|p1a: Tyrantrum\n|-damage|p1a: Tyrantrum|66\/100\n|move|p1b: Chandelure|Heat Wave|p2a: Rillaboom|[spread] p2a\n|-miss|p1b: Chandelure|p2b: Walking Wake\n|-supereffective|p2a: Rillaboom\n|-crit|p2a: Rillaboom\n|-damage|p2a: Rillaboom|0 fnt\n|faint|p2a: Rillaboom\n|move|p1a: Tyrantrum|Scale Shot|p2b: Walking Wake\n|-supereffective|p2b: Walking Wake\n|-damage|p2b: Walking Wake|39\/100\n|-supereffective|p2b: Walking Wake\n|-damage|p2b: Walking Wake|9\/100\n|-supereffective|p2b: Walking Wake\n|-damage|p2b: Walking Wake|0 fnt\n|faint|p2b: Walking Wake\n|-end|p2b: Walking Wake|Protosynthesis|[silent]\n|-hitcount|p2: Walking Wake|3\n|-unboost|p1a: Tyrantrum|def|1\n|-boost|p1a: Tyrantrum|spe|1\n|\n|-weather|SunnyDay|[upkeep]\n|-heal|p1b: Chandelure|42\/100|[from] Grassy Terrain\n|-heal|p1a: Tyrantrum|72\/100|[from] Grassy Terrain\n|upkeep\n|\n|t:|1701102873\n|switch|p2a: Ogerpon|Ogerpon-Hearthflame, F|100\/100\n|switch|p2b: Chi-Yu|Chi-Yu|91\/100\n|-ability|p2a: Ogerpon|Mold Breaker\n|-ability|p2b: Chi-Yu|Beads of Ruin\n|turn|5\n|\n|t:|1701102884\n|switch|p2b: Flutter Mane|Flutter Mane|100\/100\n|-activate|p2b: Flutter Mane|ability: Protosynthesis\n|-start|p2b: Flutter Mane|protosynthesisspe\n|-terastallize|p2a: Ogerpon|Fire\n|detailschange|p2a: Ogerpon|Ogerpon-Hearthflame-Tera, F, tera:Fire\n|-ability|p2a: Ogerpon|Embody Aspect (Hearthflame)|boost\n|-boost|p2a: Ogerpon|atk|1\n|move|p2a: Ogerpon|Grassy Glide|p1b: Chandelure\n|-resisted|p1b: Chandelure\n|-damage|p1b: Chandelure|2\/100\n|move|p1b: Chandelure|Heat Wave|p2b: Flutter Mane|[spread] p2a,p2b\n|-resisted|p2a: Ogerpon\n|-damage|p2a: Ogerpon|44\/100\n|-enditem|p2b: Flutter Mane|Focus Sash\n|-damage|p2b: Flutter Mane|1\/100\n|move|p1a: Tyrantrum|Rock Slide|p2b: Flutter Mane|[spread] p2a,p2b\n|-supereffective|p2a: Ogerpon\n|-damage|p2a: Ogerpon|0 fnt\n|-damage|p2b: Flutter Mane|0 fnt\n|faint|p2a: Ogerpon\n|faint|p2b: Flutter Mane\n|-end|p2b: Flutter Mane|Protosynthesis|[silent]\n|\n|-weather|none\n|-heal|p1b: Chandelure|9\/100|[from] Grassy Terrain\n|-heal|p1a: Tyrantrum|78\/100|[from] Grassy Terrain\n|-fieldend|move: Trick Room\n|upkeep\n|\n|t:|1701102897\n|switch|p2a: Chi-Yu|Chi-Yu|91\/100\n|-ability|p2a: Chi-Yu|Beads of Ruin\n|turn|6\n|\n|t:|1701102909\n|move|p1a: Tyrantrum|Protect|p1a: Tyrantrum\n|-singleturn|p1a: Tyrantrum|Protect\n|move|p2a: Chi-Yu|Dark Pulse|p1a: Tyrantrum\n|-activate|p1a: Tyrantrum|move: Protect\n|move|p1b: Chandelure|Heat Wave|p2a: Chi-Yu\n|-resisted|p2a: Chi-Yu\n|-damage|p2a: Chi-Yu|40\/100\n|\n|-heal|p2a: Chi-Yu|46\/100|[from] Grassy Terrain\n|-heal|p1a: Tyrantrum|84\/100|[from] Grassy Terrain\n|-heal|p1b: Chandelure|15\/100|[from] Grassy Terrain\n|upkeep\n|turn|7\n|-message|Queijolol forfeited.\n|\n|win|fumbari 24\n|raw|fumbari 24's rating: 1155 &rarr; <strong>1197<\/strong><br \/>(+42 for winning)\n|raw|Queijolol's rating: 1455 &rarr; <strong>1421<\/strong><br \/>(-34 for losing)\n|l|\u2606Queijolol\n","uploadtime":1701102920,"views":8,"p1id":"fumbari24","p2id":"queijolol","formatid":"gen9nationaldexdoubles","rating":1197,"private":0,"password":""}