{"id":"gen9nationaldexdoubles-1956470632","p1":"DinoSpacer","p2":"Mudkiped","format":"[Gen 9] National Dex Doubles","log":"|j|\u2606DinoSpacer\n|j|\u2606Mudkiped\n|t:|1696111083\n|gametype|doubles\n|player|p1|DinoSpacer|chili|1361\n|player|p2|Mudkiped|crasherwake|1428\n|teamsize|p1|6\n|teamsize|p2|6\n|gen|9\n|tier|[Gen 9] National Dex Doubles\n|rated|\n|rule|HP Percentage Mod: HP is shown in percentages\n|rule|Endless Battle Clause: Forcing endless battles is banned\n|rule|OHKO Clause: OHKO moves are banned\n|rule|Evasion Moves Clause: Evasion moves are banned\n|rule|Evasion Abilities Clause: Evasion abilities are banned\n|rule|Species Clause: Limit one of each Pok\u00e9mon\n|rule|Gravity Sleep Clause: The combination of sleep-inducing moves with imperfect accuracy and Gravity or Gigantamax Orbeetle are banned\n|clearpoke\n|poke|p1|Dusclops, M|\n|poke|p1|Regidrago|\n|poke|p1|Stakataka|\n|poke|p1|Ursaluna-Bloodmoon, M|\n|poke|p1|Hatterene, F|\n|poke|p1|Sinistcha|\n|poke|p2|Wo-Chien|\n|poke|p2|Sinistcha-Masterpiece|\n|poke|p2|Incineroar, F|\n|poke|p2|Kommo-o, M|\n|poke|p2|Ninetales-Alola, F|\n|poke|p2|Landorus, M|\n|teampreview\n|inactive|Battle timer is ON: inactive players will automatically lose when time's up. (requested by DinoSpacer)\n|c|\u2606Mudkiped|what in the trick room\n|\n|t:|1696111112\n|start\n|switch|p1a: Dusclops|Dusclops, M|100\/100\n|switch|p1b: regieleki >:(|Regidrago|100\/100\n|switch|p2a: Whats New?|Incineroar, F, shiny|100\/100\n|switch|p2b: Big Kahuna|Kommo-o, M, shiny|100\/100\n|-ability|p2a: Whats New?|Intimidate|boost\n|-unboost|p1a: Dusclops|atk|1\n|-unboost|p1b: regieleki >:(|atk|1\n|-item|p2a: Whats New?|Sitrus Berry|[from] ability: Frisk|[of] p1a: Dusclops|[identify]\n|-item|p2b: Big Kahuna|Throat Spray|[from] ability: Frisk|[of] p1a: Dusclops|[identify]\n|turn|1\n|\n|t:|1696111126\n|-terastallize|p1b: regieleki >:(|Steel\n|move|p1b: regieleki >:(|Protect|p1b: regieleki >:(\n|-singleturn|p1b: regieleki >:(|Protect\n|move|p2a: Whats New?|Fake Out|p1b: regieleki >:(\n|-activate|p1b: regieleki >:(|move: Protect\n|move|p2b: Big Kahuna|Clangorous Soul|p2b: Big Kahuna\n|-boost|p2b: Big Kahuna|atk|1\n|-boost|p2b: Big Kahuna|def|1\n|-boost|p2b: Big Kahuna|spa|1\n|-boost|p2b: Big Kahuna|spd|1\n|-boost|p2b: Big Kahuna|spe|1\n|-damage|p2b: Big Kahuna|68\/100\n|-enditem|p2b: Big Kahuna|Throat Spray\n|-boost|p2b: Big Kahuna|spa|1|[from] item: Throat Spray\n|move|p1a: Dusclops|Trick Room|p1a: Dusclops\n|-fieldstart|move: Trick Room|[of] p1a: Dusclops\n|\n|upkeep\n|turn|2\n|\n|t:|1696111144\n|-terastallize|p2b: Big Kahuna|Steel\n|move|p1a: Dusclops|Helping Hand|p1b: regieleki >:(\n|-singleturn|p1b: regieleki >:(|Helping Hand|[of] p1a: Dusclops\n|move|p2b: Big Kahuna|Vacuum Wave|p1b: regieleki >:(\n|-supereffective|p1b: regieleki >:(\n|-damage|p1b: regieleki >:(|37\/100\n|move|p2a: Whats New?|Knock Off|p1a: Dusclops\n|-supereffective|p1a: Dusclops\n|-damage|p1a: Dusclops|58\/100\n|-enditem|p1a: Dusclops|Eviolite|[from] move: Knock Off|[of] p2a: Whats New?\n|move|p1b: regieleki >:(|Dragon Energy|p2a: Whats New?|[spread] p2a,p2b\n|-resisted|p2b: Big Kahuna\n|-damage|p2a: Whats New?|64\/100\n|-damage|p2b: Big Kahuna|51\/100\n|\n|upkeep\n|turn|3\n|\n|t:|1696111166\n|switch|p1b: pumpkin spice|Sinistcha|100\/100\n|-heal|p1a: Dusclops|83\/100|[from] ability: Hospitality|[of] p1b: pumpkin spice\n|move|p1a: Dusclops|Night Shade|p2b: Big Kahuna\n|-damage|p2b: Big Kahuna|23\/100\n|move|p2a: Whats New?|Parting Shot|p1b: pumpkin spice\n|-unboost|p1b: pumpkin spice|atk|1\n|-unboost|p1b: pumpkin spice|spa|1\n|\n|t:|1696111174\n|switch|p2a: In A Hot Tub|Sinistcha-Masterpiece, shiny|100\/100|[from] Parting Shot\n|-heal|p2b: Big Kahuna|48\/100|[from] ability: Hospitality|[of] p2a: In A Hot Tub\n|move|p2b: Big Kahuna|Clangorous Soul|p2b: Big Kahuna\n|-boost|p2b: Big Kahuna|atk|1\n|-boost|p2b: Big Kahuna|def|1\n|-boost|p2b: Big Kahuna|spa|1\n|-boost|p2b: Big Kahuna|spd|1\n|-boost|p2b: Big Kahuna|spe|1\n|-damage|p2b: Big Kahuna|15\/100\n|\n|upkeep\n|turn|4\n|\n|t:|1696111192\n|switch|p2b: Whats New?|Incineroar, F, shiny|64\/100\n|-ability|p2b: Whats New?|Intimidate|boost\n|-unboost|p1a: Dusclops|atk|1\n|-unboost|p1b: pumpkin spice|atk|1\n|move|p1a: Dusclops|Night Shade|p2b: Whats New?\n|-damage|p2b: Whats New?|39\/100\n|-enditem|p2b: Whats New?|Sitrus Berry|[eat]\n|-heal|p2b: Whats New?|64\/100|[from] item: Sitrus Berry\n|move|p1b: pumpkin spice|Matcha Gotcha|p2a: In A Hot Tub|[spread] p2a,p2b\n|-resisted|p2a: In A Hot Tub\n|-resisted|p2b: Whats New?\n|-damage|p2a: In A Hot Tub|94\/100\n|-damage|p2b: Whats New?|59\/100\n|move|p2a: In A Hot Tub|Life Dew|p2a: In A Hot Tub|[spread] p2a,p2b\n|-heal|p2a: In A Hot Tub|100\/100\n|-heal|p2b: Whats New?|84\/100\n|\n|upkeep\n|turn|5\n|c|\u2606Mudkiped|to greedy\n|c|\u2606Mudkiped|*i got\n|\n|t:|1696111218\n|switch|p1b: regieleki >:(|Regidrago, tera:Steel|37\/100\n|move|p1a: Dusclops|Night Shade|p2b: Whats New?\n|-damage|p2b: Whats New?|58\/100\n|move|p2b: Whats New?|Knock Off|p1b: regieleki >:(\n|-damage|p1b: regieleki >:(|0 fnt\n|-enditem|p1b: regieleki >:(|Draco Plate|[from] move: Knock Off|[of] p2b: Whats New?\n|faint|p1b: regieleki >:(\n|move|p2a: In A Hot Tub|Matcha Gotcha|p1a: Dusclops\n|-damage|p1a: Dusclops|54\/100\n|\n|-fieldend|move: Trick Room\n|upkeep\n|\n|t:|1696111229\n|switch|p1b: freddy faz bear|Ursaluna-Bloodmoon, M|100\/100\n|turn|6\n|\n|t:|1696111240\n|move|p1b: freddy faz bear|Protect|p1b: freddy faz bear\n|-singleturn|p1b: freddy faz bear|Protect\n|move|p2b: Whats New?|Knock Off|p1b: freddy faz bear\n|-activate|p1b: freddy faz bear|move: Protect\n|move|p2a: In A Hot Tub|Trick Room|p2a: In A Hot Tub\n|-fieldstart|move: Trick Room|[of] p2a: In A Hot Tub\n|move|p1a: Dusclops|Trick Room|p1a: Dusclops\n|-fieldend|move: Trick Room\n|\n|upkeep\n|turn|7\n|\n|t:|1696111256\n|switch|p1b: jenga|Stakataka|100\/100\n|-item|p1b: jenga|Air Balloon\n|move|p2a: In A Hot Tub|Matcha Gotcha|p1a: Dusclops|[spread] p1a,p1b\n|-damage|p1a: Dusclops|33\/100\n|-damage|p1b: jenga|78\/100\n|-status|p1a: Dusclops|brn\n|-enditem|p1b: jenga|Air Balloon\n|move|p2b: Whats New?|Knock Off|p1b: jenga\n|-damage|p1b: jenga|57\/100\n|move|p1a: Dusclops|Pain Split|p2a: In A Hot Tub\n|-sethp|p2a: In A Hot Tub|64\/100|[from] move: Pain Split|[silent]\n|-sethp|p1a: Dusclops|77\/100 brn|[from] move: Pain Split\n|\n|-damage|p1a: Dusclops|71\/100 brn|[from] brn\n|upkeep\n|turn|8\n|c|\u2606Mudkiped|wth my guy has like a -hp nature\n|c|\u2606Mudkiped|!dt dusclops\n|raw|<div class=\"message\"><ul class=\"utilichart\"><li class=\"result\"><span class=\"col numcol\">NFE<\/span> <span class=\"col iconcol\"><psicon pokemon=\"dusclops\"\/><\/span> <span class=\"col pokemonnamecol\" style=\"white-space:nowrap\"><a href=\"https:\/\/dex.pokemonshowdown.com\/pokemon\/dusclops\" target=\"_blank\">Dusclops<\/a><\/span> <span class=\"col typecol\"><img src=\"https:\/\/play.pokemonshowdown.com\/sprites\/types\/Ghost.png\" alt=\"Ghost\" height=\"14\" width=\"32\"><\/span> <span style=\"float:left;min-height:26px\"><span class=\"col abilitycol\">Pressure<\/span><span class=\"col abilitycol\"><em>Frisk<\/em><\/span><\/span><span style=\"float:left;min-height:26px\"><span class=\"col statcol\"><em>HP<\/em><br \/>40<\/span> <span class=\"col statcol\"><em>Atk<\/em><br \/>70<\/span> <span class=\"col statcol\"><em>Def<\/em><br \/>130<\/span> <span class=\"col statcol\"><em>SpA<\/em><br \/>60<\/span> <span class=\"col statcol\"><em>SpD<\/em><br \/>130<\/span> <span class=\"col statcol\"><em>Spe<\/em><br \/>25<\/span> <span class=\"col bstcol\"><em>BST<br \/>455<\/em><\/span> <\/span><\/li><li style=\"clear:both\"><\/li><\/ul><\/div>\n|raw|<font size=\"1\"><font color=\"#686868\">Dex#:<\/font> 356&nbsp;|&ThickSpace;<font color=\"#686868\">Gen:<\/font> 3&nbsp;|&ThickSpace;<font color=\"#686868\">Height:<\/font> 1.6 m&nbsp;|&ThickSpace;<font color=\"#686868\">Weight:<\/font> 30.6 kg <em>(60 BP)<\/em>&nbsp;|&ThickSpace;<font color=\"#686868\">Dex Colour:<\/font> Black&nbsp;|&ThickSpace;<font color=\"#686868\">Egg Group(s):<\/font> Amorphous&nbsp;|&ThickSpace;<font color=\"#686868\">Evolution:<\/font> Dusknoir (trade holding Reaper Cloth)<\/font>\n\n|inactive|Mudkiped has 120 seconds left.\n|c|\u2606Mudkiped|oh theres why\n|\n|t:|1696111302\n|move|p1a: Dusclops|Helping Hand|p1b: jenga\n|-singleturn|p1b: jenga|Helping Hand|[of] p1a: Dusclops\n|move|p2a: In A Hot Tub|Life Dew|p2a: In A Hot Tub|[spread] p2a,p2b\n|-heal|p2a: In A Hot Tub|89\/100\n|-heal|p2b: Whats New?|83\/100\n|move|p2b: Whats New?|Parting Shot|p1b: jenga\n|-unboost|p1b: jenga|atk|1\n|-unboost|p1b: jenga|spa|1\n|\n|t:|1696111310\n|switch|p2b: Lich's Big W|Wo-Chien|100\/100|[from] Parting Shot\n|-ability|p2b: Lich's Big W|Tablets of Ruin\n|move|p1b: jenga|Rock Slide|p2b: Lich's Big W|[spread] p2a,p2b\n|-damage|p2a: In A Hot Tub|65\/100\n|-damage|p2b: Lich's Big W|80\/100\n|\n|-heal|p2b: Lich's Big W|86\/100|[from] item: Leftovers\n|-damage|p1a: Dusclops|65\/100 brn|[from] brn\n|upkeep\n|turn|9\n|inactive|Mudkiped has 120 seconds left.\n|\n|t:|1696111325\n|switch|p1b: pumpkin spice|Sinistcha|100\/100\n|-heal|p1a: Dusclops|90\/100 brn|[from] ability: Hospitality|[of] p1b: pumpkin spice\n|move|p2b: Lich's Big W|Leech Seed|p1a: Dusclops\n|-start|p1a: Dusclops|move: Leech Seed\n|move|p2a: In A Hot Tub|Matcha Gotcha|p1b: pumpkin spice|[spread] p1a\n|-miss|p2a: In A Hot Tub|p1b: pumpkin spice\n|-damage|p1a: Dusclops|69\/100 brn\n|-heal|p2a: In A Hot Tub|74\/100|[from] drain|[of] p1a: Dusclops\n|move|p1a: Dusclops|Trick Room|p1a: Dusclops\n|-fieldstart|move: Trick Room|[of] p1a: Dusclops\n|\n|-heal|p2b: Lich's Big W|92\/100|[from] item: Leftovers\n|-damage|p1a: Dusclops|57\/100 brn|[from] Leech Seed|[of] p2b: Lich's Big W\n|-heal|p2b: Lich's Big W|100\/100|[silent]\n|-damage|p1a: Dusclops|51\/100 brn|[from] brn\n|upkeep\n|turn|10\n|\n|t:|1696111345\n|switch|p1a: Hatterene|Hatterene, F|100\/100\n|move|p1b: pumpkin spice|Tera Blast|p2b: Lich's Big W\n|-damage|p2b: Lich's Big W|87\/100\n|move|p2a: In A Hot Tub|Matcha Gotcha|p1a: Hatterene|[spread] p1b\n|-miss|p2a: In A Hot Tub|p1a: Hatterene\n|-resisted|p1b: pumpkin spice\n|-damage|p1b: pumpkin spice|91\/100\n|-heal|p2a: In A Hot Tub|79\/100|[from] drain|[of] p1b: pumpkin spice\n|move|p2b: Lich's Big W|Foul Play|p1b: pumpkin spice\n|-supereffective|p1b: pumpkin spice\n|-damage|p1b: pumpkin spice|54\/100\n|\n|-heal|p1b: pumpkin spice|60\/100|[from] item: Leftovers\n|-heal|p2b: Lich's Big W|94\/100|[from] item: Leftovers\n|upkeep\n|turn|11\n|\n|t:|1696111370\n|switch|p2b: Mc Cloud|Ninetales-Alola, F|100\/100\n|-weather|Snow|[from] ability: Snow Warning|[of] p2b: Mc Cloud\n|move|p1a: Hatterene|Psychic|p2a: In A Hot Tub\n|-damage|p2a: In A Hot Tub|34\/100\n|-damage|p1a: Hatterene|91\/100|[from] item: Life Orb\n|move|p1b: pumpkin spice|Matcha Gotcha|p2a: In A Hot Tub|[spread] p2a\n|-miss|p1b: pumpkin spice|p2b: Mc Cloud\n|-resisted|p2a: In A Hot Tub\n|-damage|p2a: In A Hot Tub|24\/100\n|-heal|p1b: pumpkin spice|65\/100|[from] drain|[of] p2a: In A Hot Tub\n|move|p2a: In A Hot Tub|Matcha Gotcha|p1a: Hatterene|[spread] p1a\n|-miss|p2a: In A Hot Tub|p1b: pumpkin spice\n|-damage|p1a: Hatterene|66\/100\n|-heal|p2a: In A Hot Tub|33\/100|[from] drain|[of] p1a: Hatterene\n|\n|-weather|Snow|[upkeep]\n|-heal|p1b: pumpkin spice|71\/100|[from] item: Leftovers\n|upkeep\n|turn|12\n|c|\u2606DinoSpacer|i wanna make a slush rush team\n|\n|t:|1696111397\n|switch|p2a: Lich's Big W|Wo-Chien|94\/100\n|-ability|p2a: Lich's Big W|Tablets of Ruin\n|move|p1a: Hatterene|Psychic|p2b: Mc Cloud\n|-damage|p2b: Mc Cloud|37\/100\n|-damage|p1a: Hatterene|56\/100|[from] item: Life Orb\n|move|p1b: pumpkin spice|Matcha Gotcha|p2b: Mc Cloud|[spread] p2a,p2b\n|-resisted|p2a: Lich's Big W\n|-damage|p2a: Lich's Big W|86\/100\n|-heal|p1b: pumpkin spice|75\/100|[from] drain|[of] p2a: Lich's Big W\n|-damage|p2b: Mc Cloud|12\/100\n|-heal|p1b: pumpkin spice|86\/100|[from] drain|[of] p2b: Mc Cloud\n|move|p2b: Mc Cloud|Aurora Veil|p2b: Mc Cloud\n|-sidestart|p2: Mudkiped|move: Aurora Veil\n|\n|-weather|Snow|[upkeep]\n|-heal|p1b: pumpkin spice|92\/100|[from] item: Leftovers\n|-heal|p2a: Lich's Big W|92\/100|[from] item: Leftovers\n|upkeep\n|turn|13\n|c|\u2606Mudkiped|go for it!\n|inactive|DinoSpacer has 120 seconds left.\n|\n|t:|1696111428\n|switch|p1b: freddy faz bear|Ursaluna-Bloodmoon, M|100\/100\n|switch|p2b: In A Hot Tub|Sinistcha-Masterpiece, shiny|33\/100\n|-heal|p2a: Lich's Big W|100\/100|[from] ability: Hospitality|[of] p2b: In A Hot Tub\n|move|p1a: Hatterene|Tera Blast|p2b: In A Hot Tub\n|-immune|p2b: In A Hot Tub\n|move|p2a: Lich's Big W|Pollen Puff|p2b: In A Hot Tub\n|-heal|p2b: In A Hot Tub|83\/100\n|\n|-weather|Snow|[upkeep]\n|-fieldend|move: Trick Room\n|upkeep\n|turn|14\n|\n|t:|1696111456\n|switch|p2b: Whats New?|Incineroar, F, shiny|83\/100\n|-ability|p2b: Whats New?|Intimidate|boost\n|-unboost|p1a: Hatterene|atk|1\n|-unboost|p1b: freddy faz bear|atk|1\n|move|p1b: freddy faz bear|Protect|p1b: freddy faz bear\n|-singleturn|p1b: freddy faz bear|Protect\n|move|p2a: Lich's Big W|Leech Seed|p1b: freddy faz bear\n|-activate|p1b: freddy faz bear|move: Protect\n|move|p1a: Hatterene|Trick Room|p1a: Hatterene\n|-fieldstart|move: Trick Room|[of] p1a: Hatterene\n|\n|-weather|Snow|[upkeep]\n|upkeep\n|turn|15\n|\n|t:|1696111478\n|move|p1b: freddy faz bear|Protect||[still]\n|-fail|p1b: freddy faz bear\n|move|p2b: Whats New?|Fake Out|p1b: freddy faz bear\n|-damage|p1b: freddy faz bear|94\/100\n|move|p1a: Hatterene|Tera Blast|p2b: Whats New?\n|-damage|p2b: Whats New?|66\/100\n|-damage|p1a: Hatterene|47\/100|[from] item: Life Orb\n|move|p2a: Lich's Big W|Leech Seed|p1b: freddy faz bear\n|-start|p1b: freddy faz bear|move: Leech Seed\n|\n|-weather|none\n|-damage|p1b: freddy faz bear|82\/100|[from] Leech Seed|[of] p2a: Lich's Big W\n|upkeep\n|turn|16\n|\n|t:|1696111506\n|switch|p2b: In A Hot Tub|Sinistcha-Masterpiece, shiny|83\/100\n|move|p1a: Hatterene|Tera Blast|p2b: In A Hot Tub\n|-immune|p2b: In A Hot Tub\n|move|p1b: freddy faz bear|Blood Moon|p2b: In A Hot Tub\n|-damage|p2b: In A Hot Tub|41\/100\n|move|p2a: Lich's Big W|Foul Play|p1a: Hatterene\n|-damage|p1a: Hatterene|29\/100\n|\n|-damage|p1b: freddy faz bear|70\/100|[from] Leech Seed|[of] p2a: Lich's Big W\n|upkeep\n|turn|17\n|\n|t:|1696111523\n|move|p1a: Hatterene|Psychic|p2b: In A Hot Tub\n|-damage|p2b: In A Hot Tub|7\/100\n|-damage|p1a: Hatterene|19\/100|[from] item: Life Orb\n|move|p1b: freddy faz bear|Moonblast|p2b: In A Hot Tub\n|-damage|p2b: In A Hot Tub|0 fnt\n|faint|p2b: In A Hot Tub\n|move|p2a: Lich's Big W|Pollen Puff|p2: In A Hot Tub|[notarget]\n|-fail|p2a: Lich's Big W\n|\n|-damage|p1b: freddy faz bear|58\/100|[from] Leech Seed|[of] p2a: Lich's Big W\n|upkeep\n|\n|t:|1696111538\n|switch|p2b: Whats New?|Incineroar, F, shiny|66\/100\n|-ability|p2b: Whats New?|Intimidate|boost\n|-unboost|p1a: Hatterene|atk|1\n|-unboost|p1b: freddy faz bear|atk|1\n|turn|18\n|\n|t:|1696111548\n|switch|p1b: pumpkin spice|Sinistcha|92\/100\n|-heal|p1a: Hatterene|44\/100|[from] ability: Hospitality|[of] p1b: pumpkin spice\n|move|p2b: Whats New?|Fake Out|p1a: Hatterene\n|-damage|p1a: Hatterene|34\/100\n|cant|p1a: Hatterene|flinch\n|move|p2a: Lich's Big W|Foul Play|p1a: Hatterene\n|-crit|p1a: Hatterene\n|-damage|p1a: Hatterene|0 fnt\n|faint|p1a: Hatterene\n|\n|-heal|p1b: pumpkin spice|98\/100|[from] item: Leftovers\n|-fieldend|move: Trick Room\n|upkeep\n|\n|t:|1696111562\n|switch|p1a: freddy faz bear|Ursaluna-Bloodmoon, M|58\/100\n|turn|19\n|\n|t:|1696111566\n|switch|p2b: Wheres My Tea?|Landorus, M|100\/100\n|move|p1a: freddy faz bear|Protect|p1a: freddy faz bear\n|-singleturn|p1a: freddy faz bear|Protect\n|move|p2a: Lich's Big W|Leech Seed|p1a: freddy faz bear\n|-activate|p1a: freddy faz bear|move: Protect\n|move|p1b: pumpkin spice|Trick Room|p1b: pumpkin spice\n|-fieldstart|move: Trick Room|[of] p1b: pumpkin spice\n|\n|-heal|p1b: pumpkin spice|100\/100|[from] item: Leftovers\n|-sideend|p2: Mudkiped|move: Aurora Veil\n|upkeep\n|turn|20\n|c|\u2606Mudkiped|bruh im bouta learn imprison\n|inactive|Mudkiped has 120 seconds left.\n|c|\u2606Mudkiped|i think everyone but stack and ursa know trick room lmao\n|c|\u2606Mudkiped|maybe no draco\n|c|\u2606DinoSpacer|mayhaps\n|\n|t:|1696111615\n|move|p1a: freddy faz bear|Blood Moon|p2b: Wheres My Tea?\n|-damage|p2b: Wheres My Tea?|9\/100\n|move|p1b: pumpkin spice|Matcha Gotcha|p2b: Wheres My Tea?|[spread] p2a,p2b\n|-resisted|p2a: Lich's Big W\n|-damage|p2a: Lich's Big W|94\/100\n|-damage|p2b: Wheres My Tea?|0 fnt\n|faint|p2b: Wheres My Tea?\n|move|p2a: Lich's Big W|Leech Seed|p1a: freddy faz bear\n|-start|p1a: freddy faz bear|move: Leech Seed\n|\n|-heal|p2a: Lich's Big W|99\/100|[from] item: Leftovers\n|-damage|p1a: freddy faz bear|45\/100|[from] Leech Seed|[of] p2a: Lich's Big W\n|-heal|p2a: Lich's Big W|100\/100|[silent]\n|upkeep\n|\n|t:|1696111627\n|switch|p2b: Whats New?|Incineroar, F, shiny|66\/100\n|-ability|p2b: Whats New?|Intimidate|boost\n|-unboost|p1a: freddy faz bear|atk|1\n|-unboost|p1b: pumpkin spice|atk|1\n|turn|21\n|inactive|Mudkiped has 120 seconds left.\n|\n|t:|1696111635\n|switch|p1a: jenga|Stakataka|57\/100\n|move|p2b: Whats New?|Fake Out|p1a: jenga\n|-resisted|p1a: jenga\n|-damage|p1a: jenga|55\/100\n|move|p1b: pumpkin spice|Strength Sap|p2b: Whats New?\n|-unboost|p2b: Whats New?|atk|1\n|move|p2a: Lich's Big W|Pollen Puff|p2b: Whats New?\n|-heal|p2b: Whats New?|100\/100\n|\n|upkeep\n|turn|22\n|c|\u2606DinoSpacer|its jenga's time to shine\n|\n|t:|1696111663\n|move|p1a: jenga|High Horsepower|p2b: Whats New?\n|-supereffective|p2b: Whats New?\n|-damage|p2b: Whats New?|46\/100\n|move|p2b: Whats New?|Flare Blitz|p1b: pumpkin spice\n|-supereffective|p1b: pumpkin spice\n|-damage|p1b: pumpkin spice|55\/100\n|-damage|p2b: Whats New?|33\/100|[from] Recoil\n|move|p1b: pumpkin spice|Matcha Gotcha|p2a: Lich's Big W|[spread] p2a,p2b\n|-resisted|p2a: Lich's Big W\n|-resisted|p2b: Whats New?\n|-damage|p2a: Lich's Big W|94\/100\n|-heal|p1b: pumpkin spice|59\/100|[from] drain|[of] p2a: Lich's Big W\n|-damage|p2b: Whats New?|24\/100\n|-heal|p1b: pumpkin spice|64\/100|[from] drain|[of] p2b: Whats New?\n|-status|p2a: Lich's Big W|brn\n|move|p2a: Lich's Big W|Foul Play|p1b: pumpkin spice\n|-supereffective|p1b: pumpkin spice\n|-damage|p1b: pumpkin spice|52\/100\n|\n|-heal|p1b: pumpkin spice|58\/100|[from] item: Leftovers\n|-heal|p2a: Lich's Big W|99\/100 brn|[from] item: Leftovers\n|-damage|p2a: Lich's Big W|94\/100 brn|[from] brn\n|upkeep\n|turn|23\n|c|\u2606DinoSpacer|huge\n|inactive|Mudkiped has 120 seconds left.\n|\n|t:|1696111702\n|switch|p2b: Mc Cloud|Ninetales-Alola, F|12\/100\n|-weather|Snow|[from] ability: Snow Warning|[of] p2b: Mc Cloud\n|switch|p1b: freddy faz bear|Ursaluna-Bloodmoon, M|45\/100\n|move|p1a: jenga|Rock Slide|p2a: Lich's Big W|[spread] p2a,p2b\n|-supereffective|p2b: Mc Cloud\n|-damage|p2a: Lich's Big W|75\/100 brn\n|-damage|p2b: Mc Cloud|0 fnt\n|faint|p2b: Mc Cloud\n|-ability|p1a: jenga|Beast Boost|boost\n|-boost|p1a: jenga|atk|1\n|move|p2a: Lich's Big W|Leech Seed|p1a: jenga\n|-start|p1a: jenga|move: Leech Seed\n|\n|-weather|Snow|[upkeep]\n|-heal|p2a: Lich's Big W|81\/100 brn|[from] item: Leftovers\n|-damage|p1a: jenga|43\/100|[from] Leech Seed|[of] p2a: Lich's Big W\n|-heal|p2a: Lich's Big W|90\/100 brn|[silent]\n|-damage|p2a: Lich's Big W|84\/100 brn|[from] brn\n|-fieldend|move: Trick Room\n|upkeep\n|c|\u2606DinoSpacer|imma need trick room rn\n|\n|t:|1696111721\n|switch|p2b: Big Kahuna|Kommo-o, M, shiny, tera:Steel|15\/100\n|turn|24\n|c|\u2606DinoSpacer|u r not ready for freddy to trick u r u\n|inactive|Mudkiped has 120 seconds left.\n|\n|t:|1696111734\n|switch|p1a: pumpkin spice|Sinistcha|58\/100\n|-heal|p1b: freddy faz bear|70\/100|[from] ability: Hospitality|[of] p1a: pumpkin spice\n|move|p2b: Big Kahuna|Vacuum Wave|p1a: pumpkin spice\n|-immune|p1a: pumpkin spice\n|move|p2a: Lich's Big W|Pollen Puff|p2b: Big Kahuna\n|-heal|p2b: Big Kahuna|65\/100\n|move|p1b: freddy faz bear|Earth Power|p2b: Big Kahuna\n|-supereffective|p2b: Big Kahuna\n|-damage|p2b: Big Kahuna|0 fnt\n|faint|p2b: Big Kahuna\n|\n|-weather|Snow|[upkeep]\n|-heal|p2a: Lich's Big W|90\/100 brn|[from] item: Leftovers\n|-heal|p1a: pumpkin spice|64\/100|[from] item: Leftovers\n|-damage|p2a: Lich's Big W|84\/100 brn|[from] brn\n|upkeep\n|inactive|Mudkiped has 120 seconds left.\n|c|\u2606Mudkiped|donjt\n|\n|t:|1696111747\n|switch|p2b: Whats New?|Incineroar, F, shiny|24\/100\n|-ability|p2b: Whats New?|Intimidate|boost\n|-unboost|p1a: pumpkin spice|atk|1\n|-unboost|p1b: freddy faz bear|atk|1\n|turn|25\n|\n|t:|1696111755\n|move|p1b: freddy faz bear|Protect|p1b: freddy faz bear\n|-singleturn|p1b: freddy faz bear|Protect\n|move|p2a: Lich's Big W|Leech Seed|p1b: freddy faz bear\n|-activate|p1b: freddy faz bear|move: Protect\n|move|p2b: Whats New?|Flare Blitz|p1a: pumpkin spice\n|-supereffective|p1a: pumpkin spice\n|-damage|p1a: pumpkin spice|0 fnt\n|faint|p1a: pumpkin spice\n|-damage|p2b: Whats New?|5\/100|[from] Recoil\n|\n|-weather|Snow|[upkeep]\n|-heal|p2a: Lich's Big W|90\/100 brn|[from] item: Leftovers\n|-damage|p2a: Lich's Big W|84\/100 brn|[from] brn\n|upkeep\n|c|\u2606DinoSpacer|ursaluna never had trick room\n|\n|t:|1696111768\n|switch|p1a: Dusclops|Dusclops, M|51\/100 brn\n|-item|p2a: Lich's Big W|Leftovers|[from] ability: Frisk|[of] p1a: Dusclops|[identify]\n|turn|26\n|c|\u2606DinoSpacer|stakataka did\n|c|\u2606Mudkiped|i thought so lol\n|c|\u2606Mudkiped|HIUH\n|inactive|Mudkiped has 120 seconds left.\n|c|\u2606DinoSpacer|i am indeed ok\n|\n|t:|1696111806\n|move|p2a: Lich's Big W|Leech Seed|p1b: freddy faz bear\n|-start|p1b: freddy faz bear|move: Leech Seed\n|move|p2b: Whats New?|Flare Blitz|p1b: freddy faz bear\n|-damage|p1b: freddy faz bear|40\/100\n|-status|p1b: freddy faz bear|brn\n|-damage|p2b: Whats New?|0 fnt|[from] Recoil\n|faint|p2b: Whats New?\n|move|p1b: freddy faz bear|Blood Moon|p2a: Lich's Big W\n|-damage|p2a: Lich's Big W|34\/100 brn\n|move|p1a: Dusclops|Night Shade|p2a: Lich's Big W\n|-damage|p2a: Lich's Big W|7\/100 brn\n|\n|-weather|Snow|[upkeep]\n|-heal|p2a: Lich's Big W|14\/100 brn|[from] item: Leftovers\n|-damage|p1b: freddy faz bear|28\/100 brn|[from] Leech Seed|[of] p2a: Lich's Big W\n|-heal|p2a: Lich's Big W|27\/100 brn|[silent]\n|-damage|p2a: Lich's Big W|21\/100 brn|[from] brn\n|-damage|p1b: freddy faz bear|22\/100 brn|[from] brn\n|-damage|p1a: Dusclops|45\/100 brn|[from] brn\n|upkeep\n|-enditem|p1b: freddy faz bear|Aguav Berry|[eat]\n|-heal|p1b: freddy faz bear|55\/100 brn|[from] item: Aguav Berry\n|turn|27\n|c|\u2606DinoSpacer|ok so like\n|c|\u2606DinoSpacer|i kinda won\n|c|\u2606DinoSpacer|gg\n|inactive|Mudkiped has 120 seconds left.\n|c|\u2606Mudkiped|yeah gg\n|\n|t:|1696111833\n|move|p1a: Dusclops|Helping Hand|p1b: freddy faz bear\n|-singleturn|p1b: freddy faz bear|Helping Hand|[of] p1a: Dusclops\n|move|p2a: Lich's Big W|Leech Seed|p1a: Dusclops\n|-start|p1a: Dusclops|move: Leech Seed\n|move|p1b: freddy faz bear|Moonblast|p2a: Lich's Big W\n|-supereffective|p2a: Lich's Big W\n|-damage|p2a: Lich's Big W|0 fnt\n|faint|p2a: Lich's Big W\n|\n|win|DinoSpacer\n|raw|DinoSpacer's rating: 1361 &rarr; <strong>1385<\/strong><br \/>(+24 for winning)\n|raw|Mudkiped's rating: 1428 &rarr; <strong>1404<\/strong><br \/>(-24 for losing)\n","uploadtime":1696111841,"views":14,"p1id":"dinospacer","p2id":"mudkiped","formatid":"gen9nationaldexdoubles","rating":1385,"private":0,"password":""}