{"id":"gen9nationaldexdoubles-1963373295","p1":"Gumbus wumbus","p2":"cediedesu","format":"[Gen 9] National Dex Doubles","log":"|j|\u2606Gumbus wumbus\n|j|\u2606cediedesu\n|t:|1696862308\n|gametype|doubles\n|player|p1|Gumbus wumbus|clown|\n|player|p2|cediedesu|acetrainer-gen4dp|\n|teamsize|p1|6\n|teamsize|p2|6\n|gen|9\n|tier|[Gen 9] National Dex Doubles\n|rule|HP Percentage Mod: HP is shown in percentages\n|rule|Endless Battle Clause: Forcing endless battles is banned\n|rule|OHKO Clause: OHKO moves are banned\n|rule|Evasion Moves Clause: Evasion moves are banned\n|rule|Evasion Abilities Clause: Evasion abilities are banned\n|rule|Species Clause: Limit one of each Pok\u00e9mon\n|rule|Gravity Sleep Clause: The combination of sleep-inducing moves with imperfect accuracy and Gravity or Gigantamax Orbeetle are banned\n|clearpoke\n|poke|p1|Primarina, F|\n|poke|p1|Comfey, F|\n|poke|p1|Raichu-Alola, M|\n|poke|p1|Eelektross, F|\n|poke|p1|Togedemaru, M|\n|poke|p1|Togekiss, F|\n|poke|p2|Ferrothorn, F|\n|poke|p2|Appletun, M|\n|poke|p2|Kingdra, M|\n|poke|p2|Cradily, F|\n|poke|p2|Tyrantrum, F|\n|poke|p2|Sceptile, F|\n|teampreview\n|inactive|Battle timer is ON: inactive players will automatically lose when time's up. (requested by cediedesu)\n|\n|t:|1696862321\n|start\n|switch|p1a: Howdy|Comfey, F|100\/100\n|switch|p1b: Hoi :>|Togedemaru, M|100\/100\n|switch|p2a: Ferrothorn|Ferrothorn, F|100\/100\n|switch|p2b: Tyrantrum|Tyrantrum, F|100\/100\n|turn|1\n|\n|t:|1696862338\n|move|p1b: Hoi :>|Fake Out|p2b: Tyrantrum\n|-resisted|p2b: Tyrantrum\n|-damage|p2b: Tyrantrum|96\/100\n|-zpower|p1a: Howdy\n|move|p1a: Howdy|Z-Celebrate|p1a: Howdy|[anim]Celebrate\n|-boost|p1a: Howdy|atk|1|[zeffect]\n|-boost|p1a: Howdy|def|1|[zeffect]\n|-boost|p1a: Howdy|spa|1|[zeffect]\n|-boost|p1a: Howdy|spd|1|[zeffect]\n|-boost|p1a: Howdy|spe|1|[zeffect]\n|-activate|p1a: Howdy|move: Celebrate\n|cant|p2b: Tyrantrum|flinch\n|move|p2a: Ferrothorn|Gyro Ball|p1a: Howdy\n|-supereffective|p1a: Howdy\n|-damage|p1a: Howdy|40\/100\n|\n|upkeep\n|turn|2\n|\n|t:|1696862367\n|move|p1b: Hoi :>|Spiky Shield|p1b: Hoi :>\n|-singleturn|p1b: Hoi :>|move: Protect\n|move|p1a: Howdy|Draining Kiss|p2b: Tyrantrum\n|-supereffective|p2b: Tyrantrum\n|-damage|p2b: Tyrantrum|41\/100\n|-heal|p1a: Howdy|88\/100|[from] drain|[of] p2b: Tyrantrum\n|move|p2b: Tyrantrum|Earthquake|p1a: Howdy|[spread] p2a,p1a\n|-activate|p1b: Hoi :>|move: Protect\n|-damage|p2a: Ferrothorn|84\/100\n|-damage|p1a: Howdy|71\/100\n|move|p2a: Ferrothorn|Gyro Ball|p1a: Howdy\n|-supereffective|p1a: Howdy\n|-damage|p1a: Howdy|4\/100\n|\n|upkeep\n|turn|3\n|inactive|Gumbus wumbus has 270 seconds left.\n|inactive|cediedesu has 270 seconds left.\n|\n|t:|1696862426\n|switch|p2b: Cradily|Cradily, F|100\/100\n|move|p1a: Howdy|Draining Kiss|p2b: Cradily\n|-damage|p2b: Cradily|86\/100\n|-heal|p1a: Howdy|17\/100|[from] drain|[of] p2b: Cradily\n|move|p1b: Hoi :>|Iron Head|p2a: Ferrothorn\n|-resisted|p2a: Ferrothorn\n|-damage|p2a: Ferrothorn|74\/100\n|-damage|p1b: Hoi :>|88\/100|[from] ability: Iron Barbs|[of] p2a: Ferrothorn\n|-damage|p1b: Hoi :>|72\/100|[from] item: Rocky Helmet|[of] p2a: Ferrothorn\n|move|p2a: Ferrothorn|Body Press|p1b: Hoi :>\n|-supereffective|p1b: Hoi :>\n|-damage|p1b: Hoi :>|0 fnt\n|faint|p1b: Hoi :>\n|\n|-heal|p2b: Cradily|93\/100|[from] item: Leftovers\n|upkeep\n|inactive|Gumbus wumbus has 240 seconds left.\n|\n|t:|1696862445\n|switch|p1b: Butterscotch|Togekiss, F|100\/100\n|turn|4\n|\n|t:|1696862460\n|-terastallize|p1b: Butterscotch|Flying\n|move|p1b: Butterscotch|Follow Me|p1b: Butterscotch\n|-singleturn|p1b: Butterscotch|move: Follow Me\n|move|p1a: Howdy|Hidden Power|p2a: Ferrothorn\n|-damage|p2a: Ferrothorn|59\/100\n|move|p2b: Cradily|Ancient Power|p1b: Butterscotch\n|-supereffective|p1b: Butterscotch\n|-damage|p1b: Butterscotch|73\/100\n|move|p2a: Ferrothorn|Gyro Ball|p1b: Butterscotch\n|-damage|p1b: Butterscotch|40\/100\n|\n|-heal|p1b: Butterscotch|46\/100|[from] item: Leftovers\n|-heal|p2b: Cradily|99\/100|[from] item: Leftovers\n|upkeep\n|turn|5\n|inactive|Gumbus wumbus has 270 seconds left.\n|\n|t:|1696862499\n|move|p1a: Howdy|Stored Power|p2b: Cradily\n|-damage|p2b: Cradily|76\/100\n|move|p1b: Butterscotch|Roost|p1b: Butterscotch\n|-heal|p1b: Butterscotch|96\/100\n|-hint|If a Flying Terastallized Pokemon uses Roost, it remains Flying-type.\n|move|p2b: Cradily|Ancient Power|p1b: Butterscotch\n|-supereffective|p1b: Butterscotch\n|-damage|p1b: Butterscotch|66\/100\n|move|p2a: Ferrothorn|Gyro Ball|p1a: Howdy\n|-supereffective|p1a: Howdy\n|-damage|p1a: Howdy|0 fnt\n|faint|p1a: Howdy\n|\n|-heal|p1b: Butterscotch|72\/100|[from] item: Leftovers\n|-heal|p2b: Cradily|83\/100|[from] item: Leftovers\n|upkeep\n|inactive|Gumbus wumbus has 240 seconds left.\n|\n|t:|1696862521\n|switch|p1a: *ollies*|Eelektross, F|100\/100\n|turn|6\n|\n|t:|1696862545\n|move|p1b: Butterscotch|Air Slash|p2b: Cradily\n|-damage|p2b: Cradily|53\/100\n|move|p1a: *ollies*|Flamethrower|p2a: Ferrothorn\n|-supereffective|p2a: Ferrothorn\n|-damage|p2a: Ferrothorn|0 fnt\n|faint|p2a: Ferrothorn\n|cant|p2b: Cradily|flinch\n|\n|-heal|p1b: Butterscotch|78\/100|[from] item: Leftovers\n|-heal|p2b: Cradily|59\/100|[from] item: Leftovers\n|upkeep\n|\n|t:|1696862556\n|switch|p2a: Tyrantrum|Tyrantrum, F|41\/100\n|turn|7\n|inactive|Gumbus wumbus has 270 seconds left.\n|\n|t:|1696862565\n|move|p1b: Butterscotch|Draining Kiss|p2a: Tyrantrum\n|-supereffective|p2a: Tyrantrum\n|-damage|p2a: Tyrantrum|0 fnt\n|-heal|p1b: Butterscotch|100\/100|[from] drain|[of] p2a: Tyrantrum\n|faint|p2a: Tyrantrum\n|move|p1a: *ollies*|Flamethrower|p2b: Cradily\n|-damage|p2b: Cradily|38\/100\n|move|p2b: Cradily|Leech Seed|p1a: *ollies*\n|-start|p1a: *ollies*|move: Leech Seed\n|\n|-heal|p2b: Cradily|44\/100|[from] item: Leftovers\n|-damage|p1a: *ollies*|88\/100|[from] Leech Seed|[of] p2b: Cradily\n|-heal|p2b: Cradily|57\/100|[silent]\n|upkeep\n|\n|t:|1696862587\n|switch|p2a: Kingdra|Kingdra, M|100\/100\n|turn|8\n|\n|t:|1696862608\n|switch|p1b: So sorry|Raichu-Alola, M|100\/100\n|move|p2a: Kingdra|Flip Turn|p2b: Cradily\n|-activate|p2b: Cradily|ability: Storm Drain\n|-ability|p2b: Cradily|Storm Drain|boost\n|-boost|p2b: Cradily|spa|1\n|move|p1a: *ollies*|Discharge|p2b: Cradily|[spread] p1b,p2a,p2b\n|-resisted|p1b: So sorry\n|-crit|p2a: Kingdra\n|-resisted|p2b: Cradily\n|-damage|p1b: So sorry|80\/100\n|-damage|p2a: Kingdra|66\/100\n|-damage|p2b: Cradily|47\/100\n|move|p2b: Cradily|Ancient Power|p1b: So sorry\n|-damage|p1b: So sorry|41\/100\n|\n|-heal|p2b: Cradily|53\/100|[from] item: Leftovers\n|-damage|p1a: *ollies*|76\/100|[from] Leech Seed|[of] p2b: Cradily\n|-heal|p2b: Cradily|66\/100|[silent]\n|upkeep\n|turn|9\n|inactive|Gumbus wumbus has 270 seconds left.\n|inactive|cediedesu has 270 seconds left.\n|\n|t:|1696862649\n|move|p1b: So sorry|Expanding Force|p2b: Cradily\n|-damage|p2b: Cradily|34\/100\n|-damage|p1b: So sorry|31\/100|[from] item: Life Orb\n|move|p2a: Kingdra|Signal Beam|p1b: So sorry\n|-supereffective|p1b: So sorry\n|-damage|p1b: So sorry|0 fnt\n|faint|p1b: So sorry\n|move|p1a: *ollies*|Flamethrower|p2b: Cradily\n|-damage|p2b: Cradily|13\/100\n|move|p2b: Cradily|Ancient Power|p1a: *ollies*\n|-damage|p1a: *ollies*|45\/100\n|\n|-heal|p2b: Cradily|19\/100|[from] item: Leftovers\n|-damage|p1a: *ollies*|32\/100|[from] Leech Seed|[of] p2b: Cradily\n|-heal|p2b: Cradily|32\/100|[silent]\n|upkeep\n|\n|t:|1696862666\n|switch|p1b: Butterscotch|Togekiss, F, tera:Flying|100\/100\n|turn|10\n|inactive|Gumbus wumbus has 270 seconds left.\n|inactive|cediedesu has 270 seconds left.\n|inactive|Gumbus wumbus has 240 seconds left.\n|\n|t:|1696862705\n|move|p1b: Butterscotch|Follow Me|p1b: Butterscotch\n|-singleturn|p1b: Butterscotch|move: Follow Me\n|move|p2a: Kingdra|Ice Beam|p1b: Butterscotch\n|-supereffective|p1b: Butterscotch\n|-damage|p1b: Butterscotch|64\/100\n|move|p1a: *ollies*|Giga Drain|p2a: Kingdra\n|-damage|p2a: Kingdra|45\/100\n|-heal|p1a: *ollies*|41\/100|[from] drain|[of] p2a: Kingdra\n|move|p2b: Cradily|Giga Drain|p1b: Butterscotch\n|-resisted|p1b: Butterscotch\n|-damage|p1b: Butterscotch|50\/100\n|-heal|p2b: Cradily|39\/100|[from] drain|[of] p1b: Butterscotch\n|\n|-heal|p1b: Butterscotch|56\/100|[from] item: Leftovers\n|-heal|p2b: Cradily|45\/100|[from] item: Leftovers\n|-damage|p1a: *ollies*|29\/100|[from] Leech Seed|[of] p2b: Cradily\n|-heal|p2b: Cradily|58\/100|[silent]\n|upkeep\n|turn|11\n|inactive|cediedesu has 270 seconds left.\n|inactive|Gumbus wumbus has 240 seconds left.\n|\n|t:|1696862740\n|move|p2a: Kingdra|Scald|p2b: Cradily\n|-activate|p2b: Cradily|ability: Storm Drain\n|-ability|p2b: Cradily|Storm Drain|boost\n|-boost|p2b: Cradily|spa|1\n|move|p1b: Butterscotch|Air Slash|p2b: Cradily\n|-damage|p2b: Cradily|30\/100\n|move|p1a: *ollies*|Flamethrower|p2b: Cradily\n|-damage|p2b: Cradily|11\/100\n|cant|p2b: Cradily|flinch\n|\n|-heal|p1b: Butterscotch|63\/100|[from] item: Leftovers\n|-heal|p2b: Cradily|17\/100|[from] item: Leftovers\n|-damage|p1a: *ollies*|16\/100|[from] Leech Seed|[of] p2b: Cradily\n|-heal|p2b: Cradily|30\/100|[silent]\n|upkeep\n|turn|12\n|inactive|cediedesu has 270 seconds left.\n|inactive|Gumbus wumbus has 240 seconds left.\n|inactive|cediedesu has 240 seconds left.\n|\n|t:|1696862783\n|switch|p2b: Appletun|Appletun, M|100\/100\n|move|p2a: Kingdra|Scald|p1a: *ollies*\n|-damage|p1a: *ollies*|0 fnt\n|faint|p1a: *ollies*\n|move|p1b: Butterscotch|Air Slash|p2b: Appletun\n|-supereffective|p2b: Appletun\n|-damage|p2b: Appletun|42\/100\n|\n|-heal|p1b: Butterscotch|69\/100|[from] item: Leftovers\n|upkeep\n|\n|t:|1696862794\n|switch|p1a: Oh yes|Primarina, F|100\/100\n|turn|13\n|\n|t:|1696862801\n|move|p1b: Butterscotch|Follow Me|p1b: Butterscotch\n|-singleturn|p1b: Butterscotch|move: Follow Me\n|move|p2a: Kingdra|Ice Beam|p1b: Butterscotch\n|-supereffective|p1b: Butterscotch\n|-damage|p1b: Butterscotch|30\/100\n|move|p1a: Oh yes|Ice Beam|p2a: Kingdra\n|-damage|p2a: Kingdra|21\/100\n|move|p2b: Appletun|Recover|p2b: Appletun\n|-heal|p2b: Appletun|92\/100\n|\n|-heal|p1b: Butterscotch|36\/100|[from] item: Leftovers\n|upkeep\n|turn|14\n|inactive|Gumbus wumbus has 270 seconds left.\n|\n|t:|1696862820\n|move|p2a: Kingdra|Ice Beam|p1b: Butterscotch\n|-supereffective|p1b: Butterscotch\n|-damage|p1b: Butterscotch|0 fnt\n|faint|p1b: Butterscotch\n|move|p1a: Oh yes|Dazzling Gleam|p2a: Kingdra|[spread] p2a,p2b\n|-supereffective|p2a: Kingdra\n|-supereffective|p2b: Appletun\n|-damage|p2a: Kingdra|0 fnt\n|-damage|p2b: Appletun|53\/100\n|faint|p2a: Kingdra\n|move|p2b: Appletun|Apple Acid|p1a: Oh yes\n|-supereffective|p1a: Oh yes\n|-damage|p1a: Oh yes|64\/100\n|-unboost|p1a: Oh yes|spd|1\n|\n|upkeep\n|inactive|cediedesu has 270 seconds left.\n|\n|t:|1696862835\n|switch|p2a: Cradily|Cradily, F|30\/100\n|turn|15\n|\n|t:|1696862840\n|move|p1a: Oh yes|Ice Beam|p2a: Cradily\n|-supereffective|p2a: Cradily\n|-damage|p2a: Cradily|0 fnt\n|faint|p2a: Cradily\n|move|p2b: Appletun|Apple Acid|p1a: Oh yes\n|-supereffective|p1a: Oh yes\n|-damage|p1a: Oh yes|12\/100\n|-unboost|p1a: Oh yes|spd|1\n|\n|upkeep\n|\n|t:|1696862849\n|switch|p2a: Sceptile|Sceptile, F|100\/100\n|turn|16\n|\n|t:|1696862855\n|move|p2a: Sceptile|Leaf Storm|p1a: Oh yes\n|-supereffective|p1a: Oh yes\n|-damage|p1a: Oh yes|0 fnt\n|-unboost|p2a: Sceptile|spa|2\n|-enditem|p2a: Sceptile|White Herb\n|-clearnegativeboost|p2a: Sceptile|[silent]\n|faint|p1a: Oh yes\n|\n|win|cediedesu\n","uploadtime":1696862864,"views":9,"p1id":"gumbuswumbus","p2id":"cediedesu","formatid":"gen9nationaldexdoubles","rating":0,"private":0,"password":""}