{"id":"gen9nationaldexdoubles-1954870621","p1":"Megakitten82","p2":"HeroTTM","format":"[Gen 9] National Dex Doubles","log":"|j|\u2606Megakitten82\n|j|\u2606HeroTTM\n|t:|1695932758\n|gametype|doubles\n|player|p1|Megakitten82|265|1170\n|player|p2|HeroTTM|102|1068\n|teamsize|p1|6\n|teamsize|p2|6\n|gen|9\n|tier|[Gen 9] National Dex Doubles\n|rated|\n|rule|HP Percentage Mod: HP is shown in percentages\n|rule|Endless Battle Clause: Forcing endless battles is banned\n|rule|OHKO Clause: OHKO moves are banned\n|rule|Evasion Moves Clause: Evasion moves are banned\n|rule|Evasion Abilities Clause: Evasion abilities are banned\n|rule|Species Clause: Limit one of each Pok\u00e9mon\n|rule|Gravity Sleep Clause: The combination of sleep-inducing moves with imperfect accuracy and Gravity or Gigantamax Orbeetle are banned\n|clearpoke\n|poke|p1|Cresselia, F|\n|poke|p1|Gothitelle, F|\n|poke|p1|Ursaluna, F|\n|poke|p1|Goodra-Hisui, M|\n|poke|p1|Chien-Pao|\n|poke|p1|Tatsugiri, M|\n|poke|p2|Kommo-o, F|\n|poke|p2|Sinistcha|\n|poke|p2|Eevee, M|\n|poke|p2|Serperior, M|\n|poke|p2|Lilligant-Hisui, F|\n|poke|p2|Victini|\n|teampreview\n|\n|t:|1695932775\n|start\n|switch|p1a: Cresselia|Cresselia, F|100\/100\n|switch|p1b: Goodra|Goodra-Hisui, M|100\/100\n|switch|p2a: Eevee|Eevee, M|100\/100\n|switch|p2b: Victini|Victini|100\/100\n|turn|1\n|\n|t:|1695932819\n|switch|p1b: Sushi boi|Tatsugiri, M|100\/100\n|move|p2b: Victini|Blue Flare|p1b: Sushi boi\n|-resisted|p1b: Sushi boi\n|-damage|p1b: Sushi boi|86\/100\n|-zpower|p2a: Eevee\n|move|p2a: Eevee|Extreme Evoboost|p2a: Eevee\n|-boost|p2a: Eevee|atk|2\n|-boost|p2a: Eevee|def|2\n|-boost|p2a: Eevee|spa|2\n|-boost|p2a: Eevee|spd|2\n|-boost|p2a: Eevee|spe|2\n|move|p1a: Cresselia|Trick Room|p1a: Cresselia\n|-fieldstart|move: Trick Room|[of] p1a: Cresselia\n|\n|upkeep\n|turn|2\n|\n|t:|1695932847\n|move|p1b: Sushi boi|Taunt|p2a: Eevee\n|-start|p2a: Eevee|move: Taunt\n|move|p1a: Cresselia|Moonblast|p2a: Eevee\n|-damage|p2a: Eevee|92\/100\n|-unboost|p2a: Eevee|spa|1\n|cant|p2a: Eevee|move: Taunt|Baton Pass\n|move|p2b: Victini|Dazzling Gleam|p1b: Sushi boi|[spread] p1a,p1b\n|-supereffective|p1b: Sushi boi\n|-damage|p1a: Cresselia|89\/100\n|-damage|p1b: Sushi boi|52\/100\n|\n|upkeep\n|turn|3\n|\n|t:|1695932883\n|switch|p1b: Goodra|Goodra-Hisui, M|100\/100\n|move|p1a: Cresselia|Lunar Blessing|p1a: Cresselia|[spread] p1a,p1b\n|-heal|p1a: Cresselia|100\/100\n|move|p2a: Eevee|Body Slam|p1a: Cresselia\n|-damage|p1a: Cresselia|73\/100\n|move|p2b: Victini|Psych Up|p2a: Eevee\n|-copyboost|p2b: Victini|p2a: Eevee|[from] move: Psych Up\n|\n|upkeep\n|turn|4\n|\n|t:|1695932905\n|-terastallize|p1b: Goodra|Water\n|move|p1b: Goodra|Body Press|p2a: Eevee\n|-supereffective|p2a: Eevee\n|-crit|p2a: Eevee\n|-damage|p2a: Eevee|0 fnt\n|faint|p2a: Eevee\n|move|p1a: Cresselia|Moonblast|p2b: Victini\n|-resisted|p2b: Victini\n|-damage|p2b: Victini|96\/100\n|move|p2b: Victini|Stored Power|p1a: Cresselia\n|-resisted|p1a: Cresselia\n|-crit|p1a: Cresselia\n|-damage|p1a: Cresselia|9\/100\n|\n|upkeep\n|\n|t:|1695932921\n|switch|p2a: Sinistcha|Sinistcha|100\/100\n|-heal|p2b: Victini|100\/100|[from] ability: Hospitality|[of] p2a: Sinistcha\n|turn|5\n|\n|t:|1695932947\n|move|p1a: Cresselia|Protect|p1a: Cresselia\n|-singleturn|p1a: Cresselia|Protect\n|move|p1b: Goodra|Dragon Pulse|p2b: Victini\n|-damage|p2b: Victini|85\/100\n|move|p2a: Sinistcha|Matcha Gotcha|p1a: Cresselia|[spread] p1b\n|-activate|p1a: Cresselia|move: Protect\n|-supereffective|p1b: Goodra\n|-damage|p1b: Goodra|59\/100\n|move|p2b: Victini|Stored Power|p1b: Goodra\n|-damage|p1b: Goodra|0 fnt\n|faint|p1b: Goodra\n|\n|-fieldend|move: Trick Room\n|upkeep\n|\n|t:|1695932963\n|switch|p1b: Chien-Pao|Chien-Pao|100\/100\n|-ability|p1b: Chien-Pao|Sword of Ruin\n|turn|6\n|\n|t:|1695932989\n|move|p2b: Victini|Dazzling Gleam|p1a: Cresselia|[spread] p1a,p1b\n|-supereffective|p1b: Chien-Pao\n|-damage|p1a: Cresselia|0 fnt\n|-damage|p1b: Chien-Pao|24\/100\n|faint|p1a: Cresselia\n|move|p1b: Chien-Pao|Crunch|p2a: Sinistcha\n|-supereffective|p2a: Sinistcha\n|-damage|p2a: Sinistcha|0 fnt\n|faint|p2a: Sinistcha\n|\n|upkeep\n|\n|t:|1695933004\n|switch|p1a: Gothitelle|Gothitelle, F|100\/100\n|switch|p2a: Serperior|Serperior, M|100\/100\n|turn|7\n|\n|t:|1695933017\n|-terastallize|p2a: Serperior|Grass\n|move|p1a: Gothitelle|Fake Out|p2b: Victini\n|-damage|p2b: Victini|81\/100\n|cant|p2b: Victini|flinch\n|move|p1b: Chien-Pao|Crunch|p2b: Victini\n|-supereffective|p2b: Victini\n|-damage|p2b: Victini|28\/100\n|move|p2a: Serperior|Leaf Storm|p1a: Gothitelle\n|-damage|p1a: Gothitelle|55\/100\n|-boost|p2a: Serperior|spa|2\n|\n|upkeep\n|turn|8\n|\n|t:|1695933041\n|move|p2b: Victini|Dazzling Gleam|p1a: Gothitelle|[spread] p1a,p1b\n|-supereffective|p1b: Chien-Pao\n|-damage|p1a: Gothitelle|33\/100\n|-damage|p1b: Chien-Pao|0 fnt\n|faint|p1b: Chien-Pao\n|move|p2a: Serperior|Leaf Storm|p1a: Gothitelle\n|-damage|p1a: Gothitelle|0 fnt\n|-boost|p2a: Serperior|spa|2\n|faint|p1a: Gothitelle\n|\n|upkeep\n|\n|t:|1695933051\n|switch|p1b: Sushi boi|Tatsugiri, M|52\/100\n|switch|p1a: Ursaluna|Ursaluna, F|100\/100\n|turn|9\n|\n|t:|1695933063\n|move|p2b: Victini|Dazzling Gleam|p1b: Sushi boi|[spread] p1a,p1b\n|-supereffective|p1b: Sushi boi\n|-damage|p1a: Ursaluna|79\/100\n|-damage|p1b: Sushi boi|5\/100\n|-enditem|p1b: Sushi boi|Aguav Berry|[eat]\n|-heal|p1b: Sushi boi|39\/100|[from] item: Aguav Berry\n|move|p2a: Serperior|Leaf Storm|p1a: Ursaluna\n|-supereffective|p1a: Ursaluna\n|-damage|p1a: Ursaluna|0 fnt\n|-boost|p2a: Serperior|spa|2\n|faint|p1a: Ursaluna\n|move|p1b: Sushi boi|Surf|p2a: Serperior|[spread] p2a,p2b\n|-resisted|p2a: Serperior\n|-supereffective|p2b: Victini\n|-damage|p2a: Serperior|88\/100\n|-damage|p2b: Victini|0 fnt\n|faint|p2b: Victini\n|\n|upkeep\n|\n|t:|1695933081\n|switch|p2b: Kommo-o|Kommo-o, F|100\/100\n|turn|10\n|\n|t:|1695933089\n|move|p2a: Serperior|Dragon Pulse|p1b: Sushi boi\n|-supereffective|p1b: Sushi boi\n|-damage|p1b: Sushi boi|0 fnt\n|faint|p1b: Sushi boi\n|\n|win|HeroTTM\n|raw|Megakitten82's rating: 1170 &rarr; <strong>1138<\/strong><br \/>(-32 for losing)\n|raw|HeroTTM's rating: 1068 &rarr; <strong>1106<\/strong><br \/>(+38 for winning)\n|l|\u2606Megakitten82\n","uploadtime":1695933144,"views":8,"p1id":"megakitten82","p2id":"herottm","formatid":"gen9nationaldexdoubles","rating":1106,"private":0,"password":""}