{"id":"gen9nationaldexdoubles-1993486022","p1":"beasknees","p2":"MosheahVOWS","format":"[Gen 9] National Dex Doubles","log":"|j|\u2606beasknees\n|j|\u2606MosheahVOWS\n|t:|1700323644\n|gametype|doubles\n|player|p1|beasknees|170|\n|player|p2|MosheahVOWS|burglar|\n|teamsize|p1|6\n|teamsize|p2|6\n|gen|9\n|tier|[Gen 9] National Dex Doubles\n|rule|HP Percentage Mod: HP is shown in percentages\n|rule|Endless Battle Clause: Forcing endless battles is banned\n|rule|OHKO Clause: OHKO moves are banned\n|rule|Evasion Moves Clause: Evasion moves are banned\n|rule|Evasion Abilities Clause: Evasion abilities are banned\n|rule|Species Clause: Limit one of each Pok\u00e9mon\n|rule|Gravity Sleep Clause: The combination of sleep-inducing moves with imperfect accuracy and Gravity or Gigantamax Orbeetle are banned\n|clearpoke\n|poke|p1|Ferrothorn, F|\n|poke|p1|Sinistcha-Masterpiece|\n|poke|p1|Decidueye-Hisui, F|\n|poke|p1|Dipplin, F|\n|poke|p1|Rotom-Mow|\n|poke|p1|Meowscarada, F|\n|poke|p2|Ninetales, F|\n|poke|p2|Lilligant, F|\n|poke|p2|Milotic, M|\n|poke|p2|Corviknight, M|\n|poke|p2|Clefable, F|\n|poke|p2|Dragonite, M|\n|teampreview\n|c|\u2606MosheahVOWS|HAAAA\n|c|\u2606MosheahVOWS|called one of em\n|c|\u2606beasknees|yeah\n|\n|t:|1700323705\n|start\n|switch|p1a: Sinistcha|Sinistcha-Masterpiece|100\/100\n|switch|p1b: Decidueye|Decidueye-Hisui, F|100\/100\n|switch|p2a: Clefable|Clefable, F|100\/100\n|switch|p2b: Ninetales|Ninetales, F, shiny|100\/100\n|-weather|SunnyDay|[from] ability: Drought|[of] p2b: Ninetales\n|turn|1\n|c|\u2606beasknees|i love ferro\n|\n|t:|1700323743\n|move|p2b: Ninetales|Will-O-Wisp|p1b: Decidueye\n|-status|p1b: Decidueye|brn\n|move|p2a: Clefable|Calm Mind|p2a: Clefable\n|-boost|p2a: Clefable|spa|1\n|-boost|p2a: Clefable|spd|1\n|move|p1b: Decidueye|Triple Arrows|p2b: Ninetales\n|-crit|p2b: Ninetales\n|-damage|p2b: Ninetales|48\/100\n|move|p1a: Sinistcha|Trick Room|p1a: Sinistcha\n|-fieldstart|move: Trick Room|[of] p1a: Sinistcha\n|\n|-weather|SunnyDay|[upkeep]\n|-damage|p1b: Decidueye|94\/100 brn|[from] brn\n|upkeep\n|turn|2\n|\n|t:|1700323784\n|switch|p1a: Ferrothorn|Ferrothorn, F|100\/100\n|move|p2b: Ninetales|Protect|p2b: Ninetales\n|-singleturn|p2b: Ninetales|Protect\n|move|p1b: Decidueye|Triple Arrows|p2b: Ninetales\n|-activate|p2b: Ninetales|move: Protect\n|move|p2a: Clefable|Calm Mind|p2a: Clefable\n|-boost|p2a: Clefable|spa|1\n|-boost|p2a: Clefable|spd|1\n|\n|-weather|SunnyDay|[upkeep]\n|-damage|p1b: Decidueye|88\/100 brn|[from] brn\n|upkeep\n|turn|3\n|c|\u2606MosheahVOWS|Fuck ferrothon\n|c|\u2606beasknees|ratio\n|c|\u2606MosheahVOWS|thats like saying you love landorus t\n|c|\u2606MosheahVOWS|.... bc its stupidly overpowered and has been for years\n|\n|t:|1700323854\n|move|p1a: Ferrothorn|Gyro Ball|p2a: Clefable\n|-supereffective|p2a: Clefable\n|-damage|p2a: Clefable|35\/100\n|move|p1b: Decidueye|Triple Arrows|p2b: Ninetales\n|-damage|p2b: Ninetales|15\/100\n|-unboost|p2b: Ninetales|def|1\n|move|p2a: Clefable|Thunder Wave|p1a: Ferrothorn\n|-status|p1a: Ferrothorn|par\n|move|p2b: Ninetales|Overheat|p1a: Ferrothorn\n|-supereffective|p1a: Ferrothorn\n|-damage|p1a: Ferrothorn|0 fnt\n|-unboost|p2b: Ninetales|spa|2\n|faint|p1a: Ferrothorn\n|\n|-weather|SunnyDay|[upkeep]\n|-damage|p1b: Decidueye|82\/100 brn|[from] brn\n|upkeep\n|c|\u2606beasknees|yeah but thats if u use it how ur supposed to, i dont\n|\n|t:|1700323873\n|switch|p1a: Dipplin|Dipplin, F|100\/100\n|-ability|p1a: Dipplin|Supersweet Syrup\n|-ability|p1a: Dipplin|Supersweet Syrup|boost\n|-unboost|p2a: Clefable|evasion|1\n|-unboost|p2b: Ninetales|evasion|1\n|turn|4\n|\n|t:|1700323930\n|switch|p2b: Milotic|Milotic, M, shiny|100\/100\n|move|p1a: Dipplin|Dragon Pulse|p2b: Milotic\n|-damage|p2b: Milotic|77\/100\n|move|p1b: Decidueye|Triple Arrows|p2a: Clefable\n|-resisted|p2a: Clefable\n|-damage|p2a: Clefable|25\/100\n|cant|p2a: Clefable|flinch\n|\n|-weather|SunnyDay|[upkeep]\n|-heal|p2b: Milotic|83\/100|[from] item: Leftovers\n|-damage|p1b: Decidueye|76\/100 brn|[from] brn\n|upkeep\n|turn|5\n|c|\u2606MosheahVOWS|cool\n|\n|t:|1700323962\n|move|p1a: Dipplin|Protect|p1a: Dipplin\n|-singleturn|p1a: Dipplin|Protect\n|move|p1b: Decidueye|U-turn|p2b: Milotic\n|-damage|p2b: Milotic|72\/100\n|\n|t:|1700323969\n|switch|p1b: Rotom|Rotom-Mow|100\/100|[from] U-turn\n|move|p2a: Clefable|Stored Power|p1b: Rotom\n|-damage|p1b: Rotom|28\/100\n|move|p2b: Milotic|Ice Beam|p1a: Dipplin\n|-activate|p1a: Dipplin|move: Protect\n|\n|-weather|none\n|-heal|p2b: Milotic|78\/100|[from] item: Leftovers\n|-fieldend|move: Trick Room\n|upkeep\n|turn|6\n|c|\u2606MosheahVOWS|K good move good move\n|\n|t:|1700324004\n|move|p2b: Milotic|Ice Beam|p1a: Dipplin\n|-supereffective|p1a: Dipplin\n|-damage|p1a: Dipplin|35\/100\n|move|p1b: Rotom|Volt Switch|p2b: Milotic\n|-supereffective|p2b: Milotic\n|-damage|p2b: Milotic|5\/100\n|c|\u2606beasknees|damn\n|c|\u2606MosheahVOWS|.... wh-whaa\n|c|\u2606MosheahVOWS|you arent dead?!\n|\n|t:|1700324023\n|switch|p1b: Decidueye|Decidueye-Hisui, F|76\/100 brn|[from] Volt Switch\n|move|p2a: Clefable|Stored Power|p1b: Decidueye\n|-supereffective|p1b: Decidueye\n|-damage|p1b: Decidueye|9\/100 brn\n|move|p1a: Dipplin|Pollen Puff|p1b: Decidueye\n|-heal|p1b: Decidueye|59\/100 brn\n|\n|-heal|p2b: Milotic|11\/100|[from] item: Leftovers\n|-damage|p1b: Decidueye|53\/100 brn|[from] brn\n|upkeep\n|turn|7\n|c|\u2606MosheahVOWS|okay okay!\n|\n|t:|1700324056\n|move|p1a: Dipplin|Protect|p1a: Dipplin\n|-singleturn|p1a: Dipplin|Protect\n|move|p2b: Milotic|Ice Beam|p1a: Dipplin\n|-activate|p1a: Dipplin|move: Protect\n|move|p2a: Clefable|Stored Power|p1b: Decidueye\n|-supereffective|p1b: Decidueye\n|-damage|p1b: Decidueye|0 fnt\n|faint|p1b: Decidueye\n|\n|-heal|p2b: Milotic|18\/100|[from] item: Leftovers\n|upkeep\n|c|\u2606MosheahVOWS|AGH\n|\n|t:|1700324069\n|switch|p1b: Sinistcha|Sinistcha-Masterpiece|100\/100\n|turn|8\n|\n|t:|1700324092\n|move|p2b: Milotic|Recover|p2b: Milotic\n|-heal|p2b: Milotic|68\/100\n|move|p2a: Clefable|Stored Power|p1a: Dipplin\n|-damage|p1a: Dipplin|0 fnt\n|faint|p1a: Dipplin\n|move|p1b: Sinistcha|Trick Room|p1b: Sinistcha\n|-fieldstart|move: Trick Room|[of] p1b: Sinistcha\n|\n|-heal|p2b: Milotic|74\/100|[from] item: Leftovers\n|upkeep\n|\n|t:|1700324108\n|switch|p1a: Rotom|Rotom-Mow|28\/100\n|turn|9\n|\n|t:|1700324125\n|move|p1b: Sinistcha|Hex|p2a: Clefable\n|-damage|p2a: Clefable|9\/100\n|move|p2a: Clefable|Stored Power|p1a: Rotom\n|-damage|p1a: Rotom|0 fnt\n|faint|p1a: Rotom\n|move|p2b: Milotic|Ice Beam|p1b: Sinistcha\n|-supereffective|p1b: Sinistcha\n|-damage|p1b: Sinistcha|54\/100\n|\n|-heal|p1b: Sinistcha|60\/100|[from] item: Leftovers\n|-heal|p2b: Milotic|80\/100|[from] item: Leftovers\n|upkeep\n|\n|t:|1700324131\n|switch|p1a: Meowscarada|Meowscarada, F|100\/100\n|turn|10\n|\n|t:|1700324149\n|move|p1b: Sinistcha|Hex|p2a: Clefable\n|-damage|p2a: Clefable|0 fnt\n|faint|p2a: Clefable\n|move|p2b: Milotic|Ice Beam|p1b: Sinistcha\n|-supereffective|p1b: Sinistcha\n|-damage|p1b: Sinistcha|8\/100\n|move|p1a: Meowscarada|Flower Trick|p2b: Milotic\n|-start|p1a: Meowscarada|typechange|Grass|[from] ability: Protean\n|-supereffective|p2b: Milotic\n|-crit|p2b: Milotic\n|-damage|p2b: Milotic|0 fnt\n|faint|p2b: Milotic\n|\n|-heal|p1b: Sinistcha|14\/100|[from] item: Leftovers\n|upkeep\n|\n|t:|1700324173\n|switch|p2a: Lilligant|Lilligant, F, shiny|100\/100\n|switch|p2b: Corviknight|Corviknight, M|100\/100\n|-ability|p2b: Corviknight|Pressure\n|turn|11\n|\n|t:|1700324208\n|move|p2a: Lilligant|Protect|p2a: Lilligant\n|-singleturn|p2a: Lilligant|Protect\n|move|p1b: Sinistcha|Scald|p2b: Corviknight\n|-damage|p2b: Corviknight|71\/100\n|move|p2b: Corviknight|Brave Bird|p1a: Meowscarada\n|-supereffective|p1a: Meowscarada\n|-crit|p1a: Meowscarada\n|-damage|p1a: Meowscarada|0 fnt\n|faint|p1a: Meowscarada\n|-damage|p2b: Corviknight|42\/100|[from] Recoil\n|\n|-heal|p1b: Sinistcha|20\/100|[from] item: Leftovers\n|upkeep\n|turn|12\n|\n|t:|1700324229\n|move|p1b: Sinistcha|Scald|p2b: Corviknight\n|-damage|p2b: Corviknight|15\/100\n|move|p2b: Corviknight|Brave Bird|p1b: Sinistcha\n|-supereffective|p1b: Sinistcha\n|-damage|p1b: Sinistcha|0 fnt\n|faint|p1b: Sinistcha\n|-damage|p2b: Corviknight|9\/100|[from] Recoil\n|\n|win|MosheahVOWS\n","uploadtime":1700324298,"views":18,"p1id":"beasknees","p2id":"mosheahvows","formatid":"gen9nationaldexdoubles","rating":0,"private":0,"password":""}