{"id":"gen9nationaldexdoubles-1957268246","p1":"BKDAFEARLESS1","p2":"Barilous Decatus","format":"[Gen 9] National Dex Doubles","log":"|j|\u2606BKDAFEARLESS1\n|j|\u2606Barilous Decatus\n|t:|1696202956\n|gametype|doubles\n|player|p1|BKDAFEARLESS1|wattson|1097\n|player|p2|Barilous Decatus|byron|1182\n|teamsize|p1|6\n|teamsize|p2|6\n|gen|9\n|tier|[Gen 9] National Dex Doubles\n|rated|\n|rule|HP Percentage Mod: HP is shown in percentages\n|rule|Endless Battle Clause: Forcing endless battles is banned\n|rule|OHKO Clause: OHKO moves are banned\n|rule|Evasion Moves Clause: Evasion moves are banned\n|rule|Evasion Abilities Clause: Evasion abilities are banned\n|rule|Species Clause: Limit one of each Pok\u00e9mon\n|rule|Gravity Sleep Clause: The combination of sleep-inducing moves with imperfect accuracy and Gravity or Gigantamax Orbeetle are banned\n|clearpoke\n|poke|p1|Machamp, M|\n|poke|p1|Obstagoon, M|\n|poke|p1|Iron Hands|\n|poke|p1|Kommo-o, M|\n|poke|p1|Cresselia, F|\n|poke|p1|Chi-Yu|\n|poke|p2|Gholdengo|\n|poke|p2|Klefki, F|\n|poke|p2|Heatran, M|\n|poke|p2|Corviknight, M|\n|poke|p2|Scizor, M|\n|poke|p2|Iron Treads|\n|teampreview\n|inactive|Battle timer is ON: inactive players will automatically lose when time's up. (requested by BKDAFEARLESS1)\n|\n|t:|1696202986\n|start\n|switch|p1a: Cresselia|Cresselia, F|100\/100\n|switch|p1b: Kommo-o|Kommo-o, M|100\/100\n|switch|p2a: Gholdengo|Gholdengo|100\/100\n|switch|p2b: Klefki|Klefki, F, shiny|100\/100\n|turn|1\n|\n|t:|1696202995\n|move|p2b: Klefki|Light Screen|p2b: Klefki\n|-sidestart|p2: Barilous Decatus|move: Light Screen\n|move|p1b: Kommo-o|Clangorous Soul|p1b: Kommo-o\n|-boost|p1b: Kommo-o|atk|1\n|-boost|p1b: Kommo-o|def|1\n|-boost|p1b: Kommo-o|spa|1\n|-boost|p1b: Kommo-o|spd|1\n|-boost|p1b: Kommo-o|spe|1\n|-damage|p1b: Kommo-o|68\/100\n|move|p1a: Cresselia|Lunar Blessing|p1a: Cresselia|[spread] p1a,p1b\n|-heal|p1b: Kommo-o|93\/100\n|move|p2a: Gholdengo|Reflect|p2a: Gholdengo\n|-sidestart|p2: Barilous Decatus|Reflect\n|\n|upkeep\n|turn|2\n|\n|t:|1696203012\n|move|p2b: Klefki|Thunder Wave|p1b: Kommo-o\n|-status|p1b: Kommo-o|par\n|move|p1b: Kommo-o|Flamethrower|p2a: Gholdengo\n|-supereffective|p2a: Gholdengo\n|-damage|p2a: Gholdengo|56\/100\n|move|p1a: Cresselia|Light Screen|p1a: Cresselia\n|-sidestart|p1: BKDAFEARLESS1|move: Light Screen\n|move|p2a: Gholdengo|Confuse Ray|p1b: Kommo-o\n|-start|p1b: Kommo-o|confusion\n|\n|upkeep\n|turn|3\n|\n|t:|1696203032\n|move|p1a: Cresselia|Helping Hand|p1b: Kommo-o\n|-singleturn|p1b: Kommo-o|Helping Hand|[of] p1a: Cresselia\n|move|p2b: Klefki|Thunder Wave|p1a: Cresselia\n|-status|p1a: Cresselia|par\n|-activate|p1b: Kommo-o|confusion\n|cant|p1b: Kommo-o|par\n|move|p2a: Gholdengo|Confuse Ray|p1a: Cresselia\n|-start|p1a: Cresselia|confusion\n|\n|upkeep\n|turn|4\n|c|\u2606BKDAFEARLESS1|I hate you\n|\n|t:|1696203051\n|move|p2b: Klefki|Spikes|p1b: Kommo-o\n|-sidestart|p1: BKDAFEARLESS1|Spikes\n|-activate|p1b: Kommo-o|confusion\n|move|p1b: Kommo-o|Flamethrower|p2a: Gholdengo\n|-supereffective|p2a: Gholdengo\n|-damage|p2a: Gholdengo|13\/100\n|move|p2a: Gholdengo|Recover|p2a: Gholdengo\n|-heal|p2a: Gholdengo|63\/100\n|-activate|p1a: Cresselia|confusion\n|cant|p1a: Cresselia|par\n|\n|upkeep\n|turn|5\n|\n|t:|1696203069\n|move|p2b: Klefki|Sandstorm|p2b: Klefki\n|-weather|Sandstorm\n|-activate|p1b: Kommo-o|confusion\n|cant|p1b: Kommo-o|par\n|move|p2a: Gholdengo|Recover|p2a: Gholdengo\n|-heal|p2a: Gholdengo|100\/100\n|-activate|p1a: Cresselia|confusion\n|move|p1a: Cresselia|Thunder Wave|p2a: Gholdengo\n|-immune|p2a: Gholdengo|[from] ability: Good as Gold\n|\n|-weather|Sandstorm|[upkeep]\n|-damage|p1b: Kommo-o|86\/100 par|[from] Sandstorm\n|-damage|p1a: Cresselia|94\/100 par|[from] Sandstorm\n|-heal|p1a: Cresselia|100\/100 par|[from] item: Leftovers\n|upkeep\n|turn|6\n|\n|t:|1696203094\n|-activate|p1a: Cresselia|confusion\n|-damage|p1a: Cresselia|97\/100 par|[from] confusion\n|move|p2b: Klefki|Spikes|p1a: Cresselia\n|-sidestart|p1: BKDAFEARLESS1|Spikes\n|-end|p1b: Kommo-o|confusion\n|move|p1b: Kommo-o|Flamethrower|p2b: Klefki\n|-supereffective|p2b: Klefki\n|-damage|p2b: Klefki|46\/100\n|move|p2a: Gholdengo|Confuse Ray|p1b: Kommo-o\n|-start|p1b: Kommo-o|confusion\n|\n|-weather|Sandstorm|[upkeep]\n|-damage|p1b: Kommo-o|80\/100 par|[from] Sandstorm\n|-damage|p1a: Cresselia|91\/100 par|[from] Sandstorm\n|-heal|p1a: Cresselia|97\/100 par|[from] item: Leftovers\n|-sideend|p1: BKDAFEARLESS1|move: Light Screen\n|upkeep\n|turn|7\n|\n|t:|1696203115\n|move|p2b: Klefki|Spikes|p1a: Cresselia\n|-sidestart|p1: BKDAFEARLESS1|Spikes\n|-activate|p1b: Kommo-o|confusion\n|move|p1b: Kommo-o|Flamethrower|p2a: Gholdengo\n|-supereffective|p2a: Gholdengo\n|-damage|p2a: Gholdengo|55\/100\n|move|p2a: Gholdengo|Confuse Ray||[still]\n|-fail|p2a: Gholdengo\n|-activate|p1a: Cresselia|confusion\n|cant|p1a: Cresselia|par\n|\n|-weather|Sandstorm|[upkeep]\n|-damage|p1b: Kommo-o|74\/100 par|[from] Sandstorm\n|-damage|p1a: Cresselia|91\/100 par|[from] Sandstorm\n|-heal|p1a: Cresselia|97\/100 par|[from] item: Leftovers\n|upkeep\n|turn|8\n|inactive|Barilous Decatus has 120 seconds left.\n|\n|t:|1696203157\n|switch|p2b: Iron Treads|Iron Treads|100\/100\n|-enditem|p2b: Iron Treads|Booster Energy\n|-activate|p2b: Iron Treads|ability: Quark Drive|[fromitem]\n|-start|p2b: Iron Treads|quarkdriveatk\n|-end|p1a: Cresselia|confusion\n|cant|p1a: Cresselia|par\n|-activate|p1b: Kommo-o|confusion\n|move|p1b: Kommo-o|Flamethrower|p2a: Gholdengo\n|-supereffective|p2a: Gholdengo\n|-damage|p2a: Gholdengo|14\/100\n|move|p2a: Gholdengo|Recover|p2a: Gholdengo\n|-heal|p2a: Gholdengo|64\/100\n|\n|-weather|Sandstorm|[upkeep]\n|-damage|p1b: Kommo-o|68\/100 par|[from] Sandstorm\n|-damage|p1a: Cresselia|91\/100 par|[from] Sandstorm\n|-heal|p1a: Cresselia|97\/100 par|[from] item: Leftovers\n|-sideend|p2: Barilous Decatus|Reflect\n|-sideend|p2: Barilous Decatus|move: Light Screen\n|upkeep\n|turn|9\n|inactive|Barilous Decatus has 120 seconds left.\n|inactive|BKDAFEARLESS1 has 120 seconds left.\n|\n|t:|1696203189\n|switch|p2a: Corviknight|Corviknight, M|100\/100\n|move|p2b: Iron Treads|Earthquake|p1b: Kommo-o|[spread] p1b\n|-immune|p2a: Corviknight\n|-immune|p1a: Cresselia|[from] ability: Levitate\n|-damage|p1b: Kommo-o|38\/100 par\n|-activate|p1b: Kommo-o|confusion\n|-damage|p1b: Kommo-o|29\/100 par|[from] confusion\n|cant|p1a: Cresselia|par\n|\n|-weather|none\n|-heal|p1a: Cresselia|100\/100 par|[from] item: Leftovers\n|upkeep\n|turn|10\n|inactive|BKDAFEARLESS1 has 120 seconds left.\n|c|\u2606BKDAFEARLESS1|I hate you, I hope you die, i hate you this game sucks\n|c|\u2606BKDAFEARLESS1|have a bad day\n|-message|BKDAFEARLESS1 forfeited.\n|\n|win|Barilous Decatus\n|raw|BKDAFEARLESS1's rating: 1097 &rarr; <strong>1078<\/strong><br \/>(-19 for losing)\n|raw|Barilous Decatus's rating: 1182 &rarr; <strong>1201<\/strong><br \/>(+19 for winning)\n|l|\u2606BKDAFEARLESS1\n","uploadtime":1696203220,"views":3,"p1id":"bkdafearless1","p2id":"barilousdecatus","formatid":"gen9nationaldexdoubles","rating":1078,"private":0,"password":""}