{"id":"gen9nationaldexdoubles-1949700966","p1":"qlozu","p2":"SadBY","format":"[Gen 9] National Dex Doubles","log":"|j|\u2606qlozu\n|j|\u2606SadBY\n|t:|1695392641\n|gametype|doubles\n|player|p1|qlozu|ethan-masters|1183\n|player|p2|SadBY|falkner|1107\n|teamsize|p1|6\n|teamsize|p2|6\n|gen|9\n|tier|[Gen 9] National Dex Doubles\n|rated|\n|rule|HP Percentage Mod: HP is shown in percentages\n|rule|Endless Battle Clause: Forcing endless battles is banned\n|rule|OHKO Clause: OHKO moves are banned\n|rule|Evasion Moves Clause: Evasion moves are banned\n|rule|Evasion Abilities Clause: Evasion abilities are banned\n|rule|Species Clause: Limit one of each Pok\u00e9mon\n|rule|Gravity Sleep Clause: The combination of sleep-inducing moves with imperfect accuracy and Gravity or Gigantamax Orbeetle are banned\n|clearpoke\n|poke|p1|Tyranitar, M|\n|poke|p1|Zygarde|\n|poke|p1|Tornadus, M|\n|poke|p1|Jirachi|\n|poke|p1|Volcanion|\n|poke|p1|Rillaboom, M|\n|poke|p2|Garganacl, F|\n|poke|p2|Corviknight, F|\n|poke|p2|Infernape, F|\n|poke|p2|Articuno-Galar|\n|poke|p2|Dragapult, F|\n|poke|p2|Tinkaton, F|\n|teampreview\n|\n|t:|1695392650\n|start\n|switch|p1a: Tyranitar|Tyranitar, M|100\/100\n|switch|p1b: Tornadus|Tornadus, M|100\/100\n|switch|p2a: Garganacl|Garganacl, F, shiny|100\/100\n|switch|p2b: Corviknight|Corviknight, F, shiny|100\/100\n|-weather|Sandstorm|[from] ability: Sand Stream|[of] p1a: Tyranitar\n|turn|1\n|\n|t:|1695392669\n|detailschange|p1a: Tyranitar|Tyranitar-Mega, M\n|-mega|p1a: Tyranitar|Tyranitar|Tyranitarite\n|move|p1b: Tornadus|Tailwind|p1b: Tornadus\n|-sidestart|p1: qlozu|move: Tailwind\n|move|p1a: Tyranitar|Stealth Rock|p2a: Garganacl\n|-sidestart|p2: SadBY|move: Stealth Rock\n|move|p2b: Corviknight|Bulk Up|p2b: Corviknight\n|-boost|p2b: Corviknight|atk|1\n|-boost|p2b: Corviknight|def|1\n|move|p2a: Garganacl|Stealth Rock|p1b: Tornadus\n|-sidestart|p1: qlozu|move: Stealth Rock\n|\n|-weather|Sandstorm|[upkeep]\n|-damage|p1b: Tornadus|94\/100|[from] Sandstorm\n|upkeep\n|turn|2\n|\n|t:|1695392689\n|move|p1b: Tornadus|Bleakwind Storm|p2b: Corviknight|[spread] p2a\n|-miss|p1b: Tornadus|p2b: Corviknight\n|-resisted|p2a: Garganacl\n|-damage|p2a: Garganacl|89\/100\n|move|p1a: Tyranitar|Stone Edge|p2b: Corviknight\n|-damage|p2b: Corviknight|61\/100\n|move|p2b: Corviknight|Agility|p2b: Corviknight\n|-boost|p2b: Corviknight|spe|2\n|move|p2a: Garganacl|Salt Cure|p1b: Tornadus\n|-supereffective|p1b: Tornadus\n|-damage|p1b: Tornadus|48\/100\n|\n|-weather|Sandstorm|[upkeep]\n|-damage|p1b: Tornadus|42\/100|[from] Sandstorm\n|-heal|p2a: Garganacl|95\/100|[from] item: Leftovers\n|upkeep\n|turn|3\n|\n|t:|1695392717\n|move|p1b: Tornadus|Bleakwind Storm|p2a: Garganacl|[spread] p2a,p2b\n|-resisted|p2a: Garganacl\n|-resisted|p2b: Corviknight\n|-damage|p2a: Garganacl|83\/100\n|-damage|p2b: Corviknight|41\/100\n|move|p2b: Corviknight|U-turn|p1a: Tyranitar\n|-supereffective|p1a: Tyranitar\n|-damage|p1a: Tyranitar|54\/100\n|-damage|p2b: Corviknight|31\/100|[from] item: Life Orb\n|c|\u2606qlozu|erm what the flippers\n|\n|t:|1695392729\n|switch|p2b: Tinkaton|Tinkaton, F, shiny|100\/100|[from] U-turn\n|-damage|p2b: Tinkaton|94\/100|[from] Stealth Rock\n|-ability|p2b: Tinkaton|Mold Breaker\n|move|p1a: Tyranitar|Stone Edge|p2b: Tinkaton\n|-resisted|p2b: Tinkaton\n|-damage|p2b: Tinkaton|55\/100\n|move|p2a: Garganacl|Salt Cure|p1b: Tornadus\n|-supereffective|p1b: Tornadus\n|-damage|p1b: Tornadus|0 fnt\n|faint|p1b: Tornadus\n|\n|-weather|Sandstorm|[upkeep]\n|-heal|p2a: Garganacl|89\/100|[from] item: Leftovers\n|upkeep\n|\n|t:|1695392736\n|switch|p1b: Zygarde|Zygarde|100\/100\n|-damage|p1b: Zygarde|94\/100|[from] Stealth Rock\n|-ability|p1b: Zygarde|Aura Break\n|turn|4\n|\n|t:|1695392759\n|move|p1b: Zygarde|Dragon Dance|p1b: Zygarde\n|-boost|p1b: Zygarde|atk|1\n|-boost|p1b: Zygarde|spe|1\n|move|p1a: Tyranitar|Stone Edge|p2b: Tinkaton\n|-resisted|p2b: Tinkaton\n|-crit|p2b: Tinkaton\n|-damage|p2b: Tinkaton|0 fnt\n|faint|p2b: Tinkaton\n|move|p2a: Garganacl|Salt Cure|p1b: Zygarde\n|-resisted|p1b: Zygarde\n|-damage|p1b: Zygarde|89\/100\n|-start|p1b: Zygarde|Salt Cure\n|\n|-weather|Sandstorm|[upkeep]\n|-heal|p2a: Garganacl|96\/100|[from] item: Leftovers\n|-damage|p1b: Zygarde|77\/100|[from] Salt Cure\n|-sideend|p1: qlozu|move: Tailwind\n|upkeep\n|\n|t:|1695392780\n|switch|p2b: Articuno|Articuno-Galar|100\/100\n|-damage|p2b: Articuno|76\/100|[from] Stealth Rock\n|turn|5\n|\n|t:|1695392811\n|move|p1b: Zygarde|Thousand Arrows|p2b: Articuno|[spread] p2a,p2b\n|-supereffective|p2a: Garganacl\n|-damage|p2a: Garganacl|51\/100\n|-damage|p2b: Articuno|21\/100\n|-start|p2b: Articuno|Smack Down\n|move|p2b: Articuno|U-turn|p1a: Tyranitar\n|-supereffective|p1a: Tyranitar\n|-damage|p1a: Tyranitar|34\/100\n|-damage|p2b: Articuno|11\/100|[from] item: Life Orb\n|\n|t:|1695392823\n|switch|p2b: Corviknight|Corviknight, F, shiny|31\/100|[from] U-turn\n|-damage|p2b: Corviknight|19\/100|[from] Stealth Rock\n|move|p1a: Tyranitar|Stone Edge|p2b: Corviknight\n|-damage|p2b: Corviknight|0 fnt\n|faint|p2b: Corviknight\n|move|p2a: Garganacl|Salt Cure|p1a: Tyranitar\n|-damage|p1a: Tyranitar|26\/100\n|-start|p1a: Tyranitar|Salt Cure\n|\n|-weather|none\n|-heal|p2a: Garganacl|57\/100|[from] item: Leftovers\n|-damage|p1b: Zygarde|64\/100|[from] Salt Cure\n|-damage|p1a: Tyranitar|14\/100|[from] Salt Cure\n|upkeep\n|c|\u2606qlozu|?????\n|\n|t:|1695392843\n|switch|p2b: Articuno|Articuno-Galar|11\/100\n|-damage|p2b: Articuno|0 fnt|[from] Stealth Rock\n|faint|p2b: Articuno\n|c|\u2606qlozu|ok.\n|\n|t:|1695392849\n|switch|p2b: Infernape|Infernape, F|100\/100\n|-damage|p2b: Infernape|88\/100|[from] Stealth Rock\n|turn|6\n|\n|t:|1695392864\n|move|p1b: Zygarde|Thousand Arrows|p2a: Garganacl|[spread] p2a,p2b\n|-supereffective|p2a: Garganacl\n|-supereffective|p2b: Infernape\n|-damage|p2a: Garganacl|14\/100\n|-damage|p2b: Infernape|0 fnt\n|faint|p2b: Infernape\n|move|p1a: Tyranitar|Stone Edge|p2a: Garganacl\n|-damage|p2a: Garganacl|0 fnt\n|faint|p2a: Garganacl\n|\n|-damage|p1b: Zygarde|52\/100|[from] Salt Cure\n|-damage|p1a: Tyranitar|2\/100|[from] Salt Cure\n|upkeep\n|\n|t:|1695392879\n|switch|p2b: Dragapult|Dragapult, F|100\/100\n|-damage|p2b: Dragapult|88\/100|[from] Stealth Rock\n|turn|7\n|\n|t:|1695392901\n|-terastallize|p2b: Dragapult|Dragon\n|move|p1b: Zygarde|Thousand Arrows|p2b: Dragapult\n|-damage|p2b: Dragapult|7\/100\n|move|p2b: Dragapult|Dragon Dance|p2b: Dragapult\n|-boost|p2b: Dragapult|atk|1\n|-boost|p2b: Dragapult|spe|1\n|move|p1a: Tyranitar|Stone Edge|p2b: Dragapult\n|-damage|p2b: Dragapult|0 fnt\n|faint|p2b: Dragapult\n|\n|win|qlozu\n|raw|qlozu's rating: 1183 &rarr; <strong>1203<\/strong><br \/>(+20 for winning)\n|raw|SadBY's rating: 1107 &rarr; <strong>1087<\/strong><br \/>(-20 for losing)\n|c|\u2606qlozu|should have\n|c|\u2606qlozu|stayed\n|c|\u2606qlozu|ghost\n|c|\u2606qlozu|ground is no effect\n|c|\u2606qlozu|to ghost\n|l|\u2606SadBY\n","uploadtime":1695393528,"views":6,"p1id":"qlozu","p2id":"sadby","formatid":"gen9nationaldexdoubles","rating":1087,"private":0,"password":""}