{"id":"gen9nationaldexdoubles-1982672387","p1":"lxvliiz","p2":"CapitalistClay","format":"[Gen 9] National Dex Doubles","log":"|j|\u2606lxvliiz\n|j|\u2606CapitalistClay\n|t:|1699034596\n|gametype|doubles\n|player|p1|lxvliiz|gambler|1160\n|player|p2|CapitalistClay|clay|1054\n|teamsize|p1|6\n|teamsize|p2|6\n|gen|9\n|tier|[Gen 9] National Dex Doubles\n|rated|\n|rule|HP Percentage Mod: HP is shown in percentages\n|rule|Endless Battle Clause: Forcing endless battles is banned\n|rule|OHKO Clause: OHKO moves are banned\n|rule|Evasion Moves Clause: Evasion moves are banned\n|rule|Evasion Abilities Clause: Evasion abilities are banned\n|rule|Species Clause: Limit one of each Pok\u00e9mon\n|rule|Gravity Sleep Clause: The combination of sleep-inducing moves with imperfect accuracy and Gravity or Gigantamax Orbeetle are banned\n|clearpoke\n|poke|p1|Kommo-o, M|\n|poke|p1|Volcarona, M|\n|poke|p1|Oricorio-Pom-Pom, F|\n|poke|p1|Quaquaval, F|\n|poke|p1|Flamigo, M|\n|poke|p1|Marshadow|\n|poke|p2|Toxtricity, F|\n|poke|p2|Muk-Alola, M|\n|poke|p2|Azumarill, M|\n|poke|p2|Sableye, M|\n|poke|p2|Arboliva, F|\n|poke|p2|Delphox, F|\n|teampreview\n|\n|t:|1699034610\n|start\n|switch|p1a: dance with me|Volcarona, M, shiny|100\/100\n|switch|p1b: dancer|Oricorio-Pom-Pom, F, shiny|100\/100\n|switch|p2a: Delphox|Delphox, F, shiny|100\/100\n|switch|p2b: Sableye|Sableye, M, shiny|100\/100\n|turn|1\n|\n|t:|1699034620\n|detailschange|p2b: Sableye|Sableye-Mega, M, shiny\n|-mega|p2b: Sableye|Sableye|Sablenite\n|move|p1a: dance with me|Rage Powder|p1a: dance with me\n|-singleturn|p1a: dance with me|move: Rage Powder\n|move|p1b: dancer|Quiver Dance|p1b: dancer\n|-boost|p1b: dancer|spa|1\n|-boost|p1b: dancer|spd|1\n|-boost|p1b: dancer|spe|1\n|move|p2a: Delphox|Metronome|p2a: Delphox\n|move|p2a: Delphox|Happy Hour|p2a: Delphox|[from]move: Metronome\n|move|p2b: Sableye|Metronome|p2b: Sableye\n|move|p2b: Sableye|Scald|p1a: dance with me|[from]move: Metronome\n|-supereffective|p1a: dance with me\n|-damage|p1a: dance with me|66\/100\n|\n|upkeep\n|turn|2\n|\n|t:|1699034642\n|-terastallize|p1b: dancer|Electric\n|move|p1b: dancer|Quiver Dance|p1b: dancer\n|-boost|p1b: dancer|spa|1\n|-boost|p1b: dancer|spd|1\n|-boost|p1b: dancer|spe|1\n|move|p1a: dance with me|Quiver Dance|p1a: dance with me\n|-boost|p1a: dance with me|spa|1\n|-boost|p1a: dance with me|spd|1\n|-boost|p1a: dance with me|spe|1\n|-activate|p1b: dancer|ability: Dancer\n|move|p1b: dancer|Quiver Dance|p1b: dancer|[from]ability: Dancer\n|-boost|p1b: dancer|spa|1\n|-boost|p1b: dancer|spd|1\n|-boost|p1b: dancer|spe|1\n|move|p2a: Delphox|Metronome|p2a: Delphox\n|move|p2a: Delphox|Skill Swap|p1a: dance with me|[from]move: Metronome\n|-activate|p2a: Delphox|move: Skill Swap|Flame Body|Magician|[of] p1a: dance with me\n|move|p2b: Sableye|Metronome|p2b: Sableye\n|move|p2b: Sableye|Shore Up|p2b: Sableye|[from]move: Metronome\n|-fail|p2b: Sableye|heal\n|\n|upkeep\n|turn|3\n|\n|t:|1699034660\n|move|p1b: dancer|Quiver Dance|p1b: dancer\n|-boost|p1b: dancer|spa|1\n|-boost|p1b: dancer|spd|1\n|-boost|p1b: dancer|spe|1\n|move|p1a: dance with me|Quiver Dance|p1a: dance with me\n|-boost|p1a: dance with me|spa|1\n|-boost|p1a: dance with me|spd|1\n|-boost|p1a: dance with me|spe|1\n|-activate|p1b: dancer|ability: Dancer\n|move|p1b: dancer|Quiver Dance|p1b: dancer|[from]ability: Dancer\n|-boost|p1b: dancer|spa|1\n|-boost|p1b: dancer|spd|1\n|-boost|p1b: dancer|spe|1\n|move|p2a: Delphox|Metronome|p2a: Delphox\n|move|p2a: Delphox|Swift|p1b: dancer|[from]move: Metronome|[spread] p1a,p1b\n|-damage|p1a: dance with me|58\/100\n|-damage|p1b: dancer|93\/100\n|move|p2b: Sableye|Metronome|p2b: Sableye\n|move|p2b: Sableye|Icy Wind|p1b: dancer|[from]move: Metronome|[spread] p1a,p1b\n|-resisted|p1a: dance with me\n|-damage|p1a: dance with me|56\/100\n|-damage|p1b: dancer|89\/100\n|-unboost|p1a: dance with me|spe|1\n|-unboost|p1b: dancer|spe|1\n|\n|upkeep\n|turn|4\n|\n|t:|1699034680\n|move|p1b: dancer|Revelation Dance|p2a: Delphox\n|-damage|p2a: Delphox|0 fnt\n|faint|p2a: Delphox\n|move|p1a: dance with me|Fiery Dance|p2b: Sableye\n|-damage|p2b: Sableye|10\/100\n|-boost|p1a: dance with me|spa|1\n|-activate|p1b: dancer|ability: Dancer\n|move|p1b: dancer|Fiery Dance|p2b: Sableye|[from]ability: Dancer\n|-damage|p2b: Sableye|0 fnt\n|faint|p2b: Sableye\n|\n|upkeep\n|\n|t:|1699034693\n|switch|p2a: Azumarill|Azumarill, M, shiny|100\/100\n|switch|p2b: Toxtricity|Toxtricity, F, shiny|100\/100\n|turn|5\n|\n|t:|1699034702\n|move|p1b: dancer|Revelation Dance|p2a: Azumarill\n|-supereffective|p2a: Azumarill\n|-damage|p2a: Azumarill|0 fnt\n|faint|p2a: Azumarill\n|move|p1a: dance with me|Fiery Dance|p2b: Toxtricity\n|-crit|p2b: Toxtricity\n|-damage|p2b: Toxtricity|0 fnt\n|faint|p2b: Toxtricity\n|-activate|p1b: dancer|ability: Dancer\n|move|p1b: dancer|Fiery Dance|p2: Azumarill|[from]ability: Dancer|[notarget]\n|-fail|p1b: dancer\n|\n|upkeep\n|-message|CapitalistClay forfeited.\n|\n|win|lxvliiz\n|raw|lxvliiz's rating: 1160 &rarr; <strong>1178<\/strong><br \/>(+18 for winning)\n|raw|CapitalistClay's rating: 1054 &rarr; <strong>1041<\/strong><br \/>(-13 for losing)\n|l|\u2606CapitalistClay\n","uploadtime":1699034713,"views":9,"p1id":"lxvliiz","p2id":"capitalistclay","formatid":"gen9nationaldexdoubles","rating":1041,"private":0,"password":""}