{"id":"gen9nationaldexdoubles-1989891493","p1":"XDGravemindDX","p2":"Mirzzza","format":"[Gen 9] National Dex Doubles","log":"|j|\u2606XDGravemindDX\n|j|\u2606Mirzzza\n|t:|1699904361\n|gametype|doubles\n|player|p1|XDGravemindDX|policeman|1649\n|player|p2|Mirzzza|saturn|1351\n|teamsize|p1|6\n|teamsize|p2|6\n|gen|9\n|tier|[Gen 9] National Dex Doubles\n|rated|\n|rule|HP Percentage Mod: HP is shown in percentages\n|rule|Endless Battle Clause: Forcing endless battles is banned\n|rule|OHKO Clause: OHKO moves are banned\n|rule|Evasion Moves Clause: Evasion moves are banned\n|rule|Evasion Abilities Clause: Evasion abilities are banned\n|rule|Species Clause: Limit one of each Pok\u00e9mon\n|rule|Gravity Sleep Clause: The combination of sleep-inducing moves with imperfect accuracy and Gravity or Gigantamax Orbeetle are banned\n|clearpoke\n|poke|p1|Heatran, F|\n|poke|p1|Walking Wake|\n|poke|p1|Torkoal, M|\n|poke|p1|Roaring Moon|\n|poke|p1|Scream Tail|\n|poke|p1|Iron Hands|\n|poke|p2|Incineroar, M|\n|poke|p2|Gastrodon-East, M|\n|poke|p2|Rillaboom, M|\n|poke|p2|Zygarde|\n|poke|p2|Amoonguss, M|\n|poke|p2|Chien-Pao|\n|teampreview\n|inactive|Battle timer is ON: inactive players will automatically lose when time's up. (requested by Mirzzza)\n|\n|t:|1699904380\n|start\n|switch|p1a: Torkoal|Torkoal, M|100\/100\n|switch|p1b: Scream Tail|Scream Tail|100\/100\n|switch|p2a: Chien-Pao|Chien-Pao|100\/100\n|switch|p2b: Incineroar|Incineroar, M, shiny|100\/100\n|-ability|p2a: Chien-Pao|Sword of Ruin\n|-ability|p2b: Incineroar|Intimidate|boost\n|-unboost|p1a: Torkoal|atk|1\n|-unboost|p1b: Scream Tail|atk|1\n|-weather|SunnyDay|[from] ability: Drought|[of] p1a: Torkoal\n|-activate|p1b: Scream Tail|ability: Protosynthesis\n|-start|p1b: Scream Tail|protosynthesisspe\n|turn|1\n|\n|t:|1699904398\n|switch|p2a: Zygarde|Zygarde, shiny|100\/100\n|-ability|p2a: Zygarde|Aura Break\n|move|p1b: Scream Tail|Stealth Rock|p2b: Incineroar\n|-sidestart|p2: Mirzzza|move: Stealth Rock\n|move|p2b: Incineroar|Knock Off|p1a: Torkoal\n|-damage|p1a: Torkoal|79\/100\n|move|p1a: Torkoal|Body Press|p2a: Zygarde\n|-damage|p2a: Zygarde|78\/100\n|\n|-weather|SunnyDay|[upkeep]\n|upkeep\n|turn|2\n|\n|t:|1699904417\n|move|p1b: Scream Tail|Thunder Wave|p2b: Incineroar\n|-status|p2b: Incineroar|par\n|move|p2a: Zygarde|Dragon Dance|p2a: Zygarde\n|-boost|p2a: Zygarde|atk|1\n|-boost|p2a: Zygarde|spe|1\n|cant|p2b: Incineroar|par\n|move|p1a: Torkoal|Lava Plume|p2a: Zygarde|[spread] p1b,p2a,p2b\n|-resisted|p2a: Zygarde\n|-resisted|p2b: Incineroar\n|-damage|p1b: Scream Tail|82\/100\n|-damage|p2a: Zygarde|68\/100\n|-damage|p2b: Incineroar|88\/100 par\n|\n|-weather|SunnyDay|[upkeep]\n|-heal|p1b: Scream Tail|88\/100|[from] item: Leftovers\n|upkeep\n|turn|3\n|\n|t:|1699904441\n|move|p2a: Zygarde|Protect|p2a: Zygarde\n|-singleturn|p2a: Zygarde|Protect\n|move|p1b: Scream Tail|Encore|p2a: Zygarde\n|-activate|p2a: Zygarde|move: Protect\n|move|p2b: Incineroar|Flare Blitz|p1b: Scream Tail\n|-damage|p1b: Scream Tail|8\/100\n|-damage|p2b: Incineroar|58\/100 par|[from] Recoil\n|move|p1a: Torkoal|Body Press|p2b: Incineroar\n|-supereffective|p2b: Incineroar\n|-damage|p2b: Incineroar|0 fnt\n|faint|p2b: Incineroar\n|\n|-weather|SunnyDay|[upkeep]\n|-heal|p1b: Scream Tail|14\/100|[from] item: Leftovers\n|upkeep\n|\n|t:|1699904455\n|switch|p2b: Rillaboom|Rillaboom, M|100\/100\n|-damage|p2b: Rillaboom|88\/100|[from] Stealth Rock\n|-fieldstart|move: Grassy Terrain|[from] ability: Grassy Surge|[of] p2b: Rillaboom\n|turn|4\n|inactive|XDGravemindDX has 120 seconds left.\n|\n|t:|1699904489\n|move|p2b: Rillaboom|Grassy Glide|p1b: Scream Tail\n|-damage|p1b: Scream Tail|0 fnt\n|faint|p1b: Scream Tail\n|-end|p1b: Scream Tail|Protosynthesis|[silent]\n|move|p2a: Zygarde|Dragon Dance|p2a: Zygarde\n|-boost|p2a: Zygarde|atk|1\n|-boost|p2a: Zygarde|spe|1\n|move|p1a: Torkoal|Body Press|p2a: Zygarde\n|-damage|p2a: Zygarde|45\/100\n|\n|-weather|SunnyDay|[upkeep]\n|-heal|p2a: Zygarde|51\/100|[from] Grassy Terrain\n|-heal|p2b: Rillaboom|94\/100|[from] Grassy Terrain\n|-heal|p1a: Torkoal|85\/100|[from] Grassy Terrain\n|upkeep\n|inactive|XDGravemindDX has 120 seconds left.\n|\n|t:|1699904505\n|switch|p1b: Roaring Moon|Roaring Moon|100\/100\n|-activate|p1b: Roaring Moon|ability: Protosynthesis\n|-start|p1b: Roaring Moon|protosynthesisatk\n|turn|5\n|\n|t:|1699904518\n|switch|p1a: Iron Hands|Iron Hands|100\/100\n|move|p2a: Zygarde|Protect|p2a: Zygarde\n|-singleturn|p2a: Zygarde|Protect\n|move|p1b: Roaring Moon|Knock Off|p2b: Rillaboom\n|-damage|p2b: Rillaboom|14\/100\n|-enditem|p2b: Rillaboom|Assault Vest|[from] move: Knock Off|[of] p1b: Roaring Moon\n|move|p2b: Rillaboom|U-turn|p1b: Roaring Moon\n|-supereffective|p1b: Roaring Moon\n|-damage|p1b: Roaring Moon|43\/100\n|\n|t:|1699904532\n|switch|p2b: Chien-Pao|Chien-Pao|100\/100|[from] U-turn\n|-damage|p2b: Chien-Pao|76\/100|[from] Stealth Rock\n|-ability|p2b: Chien-Pao|Sword of Ruin\n|\n|-weather|none\n|-end|p1b: Roaring Moon|Protosynthesis\n|-heal|p2a: Zygarde|57\/100|[from] Grassy Terrain\n|-heal|p2b: Chien-Pao|82\/100|[from] Grassy Terrain\n|-heal|p1b: Roaring Moon|49\/100|[from] Grassy Terrain\n|upkeep\n|turn|6\n|inactive|XDGravemindDX has 120 seconds left.\n|\n|t:|1699904569\n|-terastallize|p2b: Chien-Pao|Ghost\n|move|p1b: Roaring Moon|Protect|p1b: Roaring Moon\n|-singleturn|p1b: Roaring Moon|Protect\n|move|p1a: Iron Hands|Fake Out|p2a: Zygarde\n|-damage|p2a: Zygarde|43\/100\n|cant|p2a: Zygarde|flinch\n|move|p2b: Chien-Pao|Ice Spinner|p1b: Roaring Moon\n|-activate|p1b: Roaring Moon|move: Protect\n|\n|-heal|p2a: Zygarde|50\/100|[from] Grassy Terrain\n|-heal|p2b: Chien-Pao|88\/100|[from] Grassy Terrain\n|-heal|p1b: Roaring Moon|55\/100|[from] Grassy Terrain\n|upkeep\n|turn|7\n|inactive|XDGravemindDX has 120 seconds left.\n|\n|t:|1699904592\n|-end|p1b: Roaring Moon|Protosynthesis|[silent]\n|switch|p1b: Torkoal|Torkoal, M|85\/100\n|-weather|SunnyDay|[from] ability: Drought|[of] p1b: Torkoal\n|-terastallize|p1a: Iron Hands|Fairy\n|move|p2a: Zygarde|Thousand Arrows|p1b: Torkoal|[spread] p1a,p1b\n|-supereffective|p1b: Torkoal\n|-damage|p1a: Iron Hands|57\/100\n|-damage|p1b: Torkoal|11\/100\n|move|p2b: Chien-Pao|Ice Spinner|p1b: Torkoal\n|-resisted|p1b: Torkoal\n|-damage|p1b: Torkoal|0 fnt\n|-fieldend|move: Grassy Terrain\n|faint|p1b: Torkoal\n|move|p1a: Iron Hands|Play Rough|p2a: Zygarde\n|-supereffective|p2a: Zygarde\n|-damage|p2a: Zygarde|0 fnt\n|faint|p2a: Zygarde\n|\n|-weather|SunnyDay|[upkeep]\n|upkeep\n|\n|t:|1699904613\n|switch|p2a: Rillaboom|Rillaboom, M|14\/100\n|switch|p1b: Heatran|Heatran, F|100\/100\n|-damage|p2a: Rillaboom|1\/100|[from] Stealth Rock\n|-fieldstart|move: Grassy Terrain|[from] ability: Grassy Surge|[of] p2a: Rillaboom\n|-item|p1b: Heatran|Air Balloon\n|turn|8\n|\n|t:|1699904637\n|-end|p1a: Iron Hands|Quark Drive|[silent]\n|switch|p1a: Roaring Moon|Roaring Moon|55\/100\n|-activate|p1a: Roaring Moon|ability: Protosynthesis\n|-start|p1a: Roaring Moon|protosynthesisatk\n|move|p2b: Chien-Pao|Protect|p2b: Chien-Pao\n|-singleturn|p2b: Chien-Pao|Protect\n|move|p2a: Rillaboom|Superpower|p1b: Heatran\n|-supereffective|p1b: Heatran\n|-damage|p1b: Heatran|13\/100\n|-unboost|p2a: Rillaboom|atk|1\n|-unboost|p2a: Rillaboom|def|1\n|-enditem|p1b: Heatran|Air Balloon\n|move|p1b: Heatran|Heat Wave|p2a: Rillaboom|[spread] p2a\n|-activate|p2b: Chien-Pao|move: Protect\n|-supereffective|p2a: Rillaboom\n|-damage|p2a: Rillaboom|0 fnt\n|faint|p2a: Rillaboom\n|\n|-weather|SunnyDay|[upkeep]\n|-heal|p2b: Chien-Pao|94\/100|[from] Grassy Terrain\n|-heal|p1a: Roaring Moon|61\/100|[from] Grassy Terrain\n|-heal|p1b: Heatran|20\/100|[from] Grassy Terrain\n|upkeep\n|\n|t:|1699904660\n|switch|p2a: Gastrodon|Gastrodon-East, M, shiny|100\/100\n|-damage|p2a: Gastrodon|94\/100|[from] Stealth Rock\n|turn|9\n|\n|t:|1699904677\n|switch|p1b: Iron Hands|Iron Hands, tera:Fairy|57\/100\n|move|p2b: Chien-Pao|Protect||[still]\n|-fail|p2b: Chien-Pao\n|move|p1a: Roaring Moon|Protect|p1a: Roaring Moon\n|-singleturn|p1a: Roaring Moon|Protect\n|move|p2a: Gastrodon|Ice Beam|p1a: Roaring Moon\n|-activate|p1a: Roaring Moon|move: Protect\n|\n|-weather|SunnyDay|[upkeep]\n|-heal|p2b: Chien-Pao|99\/100|[from] Grassy Terrain\n|-heal|p1a: Roaring Moon|67\/100|[from] Grassy Terrain\n|-heal|p1b: Iron Hands|64\/100|[from] Grassy Terrain\n|-heal|p2a: Gastrodon|100\/100|[from] Grassy Terrain\n|upkeep\n|turn|10\n|\n|t:|1699904695\n|-end|p1a: Roaring Moon|Protosynthesis|[silent]\n|switch|p1a: Heatran|Heatran, F|20\/100\n|move|p2b: Chien-Pao|Protect|p2b: Chien-Pao\n|-singleturn|p2b: Chien-Pao|Protect\n|move|p1b: Iron Hands|Wild Charge|p2b: Chien-Pao\n|-activate|p2b: Chien-Pao|move: Protect\n|move|p2a: Gastrodon|Muddy Water|p1b: Iron Hands|[spread] p1a,p1b\n|-supereffective|p1a: Heatran\n|-damage|p1a: Heatran|0 fnt\n|-damage|p1b: Iron Hands|56\/100\n|-unboost|p1b: Iron Hands|accuracy|1\n|faint|p1a: Heatran\n|\n|-weather|SunnyDay|[upkeep]\n|-heal|p2b: Chien-Pao|100\/100|[from] Grassy Terrain\n|-heal|p1b: Iron Hands|62\/100|[from] Grassy Terrain\n|upkeep\n|\n|t:|1699904702\n|switch|p1a: Walking Wake|Walking Wake|100\/100\n|-activate|p1a: Walking Wake|ability: Protosynthesis\n|-start|p1a: Walking Wake|protosynthesisspa\n|turn|11\n|\n|t:|1699904720\n|move|p2b: Chien-Pao|Crunch|p1a: Walking Wake\n|-damage|p1a: Walking Wake|44\/100\n|-unboost|p1a: Walking Wake|def|1\n|move|p1a: Walking Wake|Hydro Steam|p2a: Gastrodon\n|-activate|p2a: Gastrodon|ability: Storm Drain\n|-ability|p2a: Gastrodon|Storm Drain|boost\n|-boost|p2a: Gastrodon|spa|1\n|move|p1b: Iron Hands|Play Rough|p2a: Gastrodon\n|-damage|p2a: Gastrodon|26\/100\n|move|p2a: Gastrodon|Muddy Water|p1a: Walking Wake|[spread] p1a,p1b\n|-resisted|p1a: Walking Wake\n|-damage|p1a: Walking Wake|38\/100\n|-damage|p1b: Iron Hands|50\/100\n|\n|-weather|none\n|-end|p1a: Walking Wake|Protosynthesis\n|-heal|p1a: Walking Wake|44\/100|[from] Grassy Terrain\n|-heal|p1b: Iron Hands|56\/100|[from] Grassy Terrain\n|-heal|p2a: Gastrodon|32\/100|[from] Grassy Terrain\n|-heal|p2a: Gastrodon|39\/100|[from] item: Leftovers\n|upkeep\n|turn|12\n|\n|t:|1699904743\n|switch|p2a: Amoonguss|Amoonguss, M|100\/100\n|-damage|p2a: Amoonguss|88\/100|[from] Stealth Rock\n|move|p1a: Walking Wake|Protect|p1a: Walking Wake\n|-singleturn|p1a: Walking Wake|Protect\n|move|p2b: Chien-Pao|Crunch|p1a: Walking Wake\n|-activate|p1a: Walking Wake|move: Protect\n|move|p1b: Iron Hands|Play Rough|p2a: Amoonguss\n|-resisted|p2a: Amoonguss\n|-damage|p2a: Amoonguss|59\/100\n|\n|-heal|p1a: Walking Wake|50\/100|[from] Grassy Terrain\n|-heal|p1b: Iron Hands|62\/100|[from] Grassy Terrain\n|-heal|p2a: Amoonguss|65\/100|[from] Grassy Terrain\n|-heal|p2a: Amoonguss|71\/100|[from] item: Leftovers\n|-fieldend|move: Grassy Terrain\n|upkeep\n|turn|13\n|inactive|XDGravemindDX has 120 seconds left.\n|\n|t:|1699904781\n|-end|p1a: Walking Wake|Protosynthesis|[silent]\n|switch|p1a: Roaring Moon|Roaring Moon|67\/100\n|move|p2b: Chien-Pao|Ice Spinner|p1a: Roaring Moon\n|-supereffective|p1a: Roaring Moon\n|-damage|p1a: Roaring Moon|0 fnt\n|faint|p1a: Roaring Moon\n|-end|p1a: Roaring Moon|Protosynthesis|[silent]\n|move|p1b: Iron Hands|Wild Charge|p2b: Chien-Pao\n|-damage|p2b: Chien-Pao|20\/100\n|-damage|p1b: Iron Hands|50\/100|[from] Recoil\n|move|p2a: Amoonguss|Spore|p1b: Iron Hands\n|-status|p1b: Iron Hands|slp|[from] move: Spore\n|\n|-heal|p2a: Amoonguss|78\/100|[from] item: Leftovers\n|upkeep\n|\n|t:|1699904789\n|switch|p1a: Walking Wake|Walking Wake|50\/100\n|turn|14\n|\n|t:|1699904805\n|move|p1a: Walking Wake|Protect|p1a: Walking Wake\n|-singleturn|p1a: Walking Wake|Protect\n|move|p2b: Chien-Pao|Crunch|p1a: Walking Wake\n|-activate|p1a: Walking Wake|move: Protect\n|cant|p1b: Iron Hands|slp\n|move|p2a: Amoonguss|Pollen Puff|p2b: Chien-Pao\n|-heal|p2b: Chien-Pao|70\/100\n|\n|-heal|p2a: Amoonguss|84\/100|[from] item: Leftovers\n|upkeep\n|turn|15\n|\n|t:|1699904818\n|move|p1a: Walking Wake|Protect|p1a: Walking Wake\n|-singleturn|p1a: Walking Wake|Protect\n|move|p2a: Amoonguss|Rage Powder|p2a: Amoonguss\n|-singleturn|p2a: Amoonguss|move: Rage Powder\n|move|p2b: Chien-Pao|Crunch|p1a: Walking Wake\n|-activate|p1a: Walking Wake|move: Protect\n|-curestatus|p1b: Iron Hands|slp|[msg]\n|move|p1b: Iron Hands|Wild Charge|p2a: Amoonguss\n|-resisted|p2a: Amoonguss\n|-damage|p2a: Amoonguss|56\/100\n|-damage|p1b: Iron Hands|44\/100|[from] Recoil\n|\n|-heal|p2a: Amoonguss|62\/100|[from] item: Leftovers\n|upkeep\n|turn|16\n|c|\u2606Mirzzza|....\n|-message|XDGravemindDX forfeited.\n|\n|win|Mirzzza\n|raw|XDGravemindDX's rating: 1649 &rarr; <strong>1615<\/strong><br \/>(-34 for losing)\n|raw|Mirzzza's rating: 1351 &rarr; <strong>1385<\/strong><br \/>(+34 for winning)\n|l|\u2606XDGravemindDX\n","uploadtime":1699904837,"views":5,"p1id":"xdgraveminddx","p2id":"mirzzza","formatid":"gen9nationaldexdoubles","rating":1385,"private":0,"password":""}