{"id":"gen9nationaldexdoubles-1988337408","p1":"Inkubone","p2":"Pancake Tuesday","format":"[Gen 9] National Dex Doubles","log":"|j|\u2606Inkubone\n|j|\u2606Pancake Tuesday\n|t:|1699710592\n|gametype|doubles\n|player|p1|Inkubone|yellow|1288\n|player|p2|Pancake Tuesday|pokemaniac|1453\n|teamsize|p1|6\n|teamsize|p2|6\n|gen|9\n|tier|[Gen 9] National Dex Doubles\n|rated|\n|rule|HP Percentage Mod: HP is shown in percentages\n|rule|Endless Battle Clause: Forcing endless battles is banned\n|rule|OHKO Clause: OHKO moves are banned\n|rule|Evasion Moves Clause: Evasion moves are banned\n|rule|Evasion Abilities Clause: Evasion abilities are banned\n|rule|Species Clause: Limit one of each Pok\u00e9mon\n|rule|Gravity Sleep Clause: The combination of sleep-inducing moves with imperfect accuracy and Gravity or Gigantamax Orbeetle are banned\n|clearpoke\n|poke|p1|Talonflame, M|\n|poke|p1|Kilowattrel, M|\n|poke|p1|Corviknight, M|\n|poke|p1|Pidgeot, M|\n|poke|p1|Swellow, M|\n|poke|p1|Toucannon, M|\n|poke|p2|Kingambit, M|\n|poke|p2|Marshadow|\n|poke|p2|Volcanion|\n|poke|p2|Salamence, F|\n|poke|p2|Rillaboom, F|\n|poke|p2|Whimsicott, F|\n|teampreview\n|\n|t:|1699710608\n|start\n|switch|p1a: Pidgeot|Pidgeot, M, shiny|100\/100\n|switch|p1b: Kilowattrel|Kilowattrel, M, shiny|100\/100\n|switch|p2a: Volcanion|Volcanion|100\/100\n|switch|p2b: Salamence|Salamence, F|100\/100\n|-ability|p2b: Salamence|Intimidate|boost\n|-unboost|p1a: Pidgeot|atk|1\n|-unboost|p1b: Kilowattrel|atk|1\n|turn|1\n|\n|t:|1699710638\n|detailschange|p1a: Pidgeot|Pidgeot-Mega, M, shiny\n|-mega|p1a: Pidgeot|Pidgeot|Pidgeotite\n|detailschange|p2b: Salamence|Salamence-Mega, F\n|-mega|p2b: Salamence|Salamence|Salamencite\n|-terastallize|p1b: Kilowattrel|Ice\n|move|p1b: Kilowattrel|Tera Blast|p2b: Salamence|[anim] Tera Blast Ice\n|-supereffective|p2b: Salamence\n|-damage|p2b: Salamence|0 fnt\n|faint|p2b: Salamence\n|move|p1a: Pidgeot|Tailwind|p1a: Pidgeot\n|-sidestart|p1: Inkubone|move: Tailwind\n|move|p2a: Volcanion|Steam Eruption|p1b: Kilowattrel\n|-damage|p1b: Kilowattrel|0 fnt\n|faint|p1b: Kilowattrel\n|\n|upkeep\n|\n|t:|1699710655\n|switch|p1b: Toucannon|Toucannon, M|100\/100\n|switch|p2b: Kingambit|Kingambit, M, shiny|100\/100\n|turn|2\n|\n|t:|1699710677\n|-terastallize|p2a: Volcanion|Ground\n|move|p1a: Pidgeot|Heat Wave|p2b: Kingambit|[spread] p2a,p2b\n|-supereffective|p2b: Kingambit\n|-damage|p2a: Volcanion|86\/100\n|-damage|p2b: Kingambit|52\/100\n|move|p1b: Toucannon|Rock Blast|p2a: Volcanion\n|-resisted|p2a: Volcanion\n|-damage|p2a: Volcanion|82\/100\n|-resisted|p2a: Volcanion\n|-damage|p2a: Volcanion|78\/100\n|-resisted|p2a: Volcanion\n|-damage|p2a: Volcanion|75\/100\n|-resisted|p2a: Volcanion\n|-damage|p2a: Volcanion|71\/100\n|-resisted|p2a: Volcanion\n|-damage|p2a: Volcanion|67\/100\n|-hitcount|p2a: Volcanion|5\n|move|p2a: Volcanion|Heat Wave|p1b: Toucannon|[spread] p1a,p1b\n|-damage|p1a: Pidgeot|53\/100\n|-damage|p1b: Toucannon|58\/100\n|move|p2b: Kingambit|Swords Dance|p2b: Kingambit\n|-boost|p2b: Kingambit|atk|2\n|\n|upkeep\n|turn|3\n|\n|t:|1699710694\n|move|p1a: Pidgeot|Protect|p1a: Pidgeot\n|-singleturn|p1a: Pidgeot|Protect\n|move|p2b: Kingambit|Sucker Punch||[still]\n|-fail|p2b: Kingambit\n|move|p1b: Toucannon|Bullet Seed|p2a: Volcanion\n|-supereffective|p2a: Volcanion\n|-damage|p2a: Volcanion|53\/100\n|-supereffective|p2a: Volcanion\n|-damage|p2a: Volcanion|37\/100\n|-supereffective|p2a: Volcanion\n|-damage|p2a: Volcanion|22\/100\n|-supereffective|p2a: Volcanion\n|-damage|p2a: Volcanion|7\/100\n|-supereffective|p2a: Volcanion\n|-damage|p2a: Volcanion|0 fnt\n|faint|p2a: Volcanion\n|-hitcount|p2: Volcanion|5\n|\n|upkeep\n|\n|t:|1699710703\n|switch|p2a: Rillaboom|Rillaboom, F|100\/100\n|-fieldstart|move: Grassy Terrain|[from] ability: Grassy Surge|[of] p2a: Rillaboom\n|turn|4\n|\n|t:|1699710723\n|switch|p1a: Corviknight|Corviknight, M, shiny|100\/100\n|-ability|p1a: Corviknight|Pressure\n|-singleturn|p1b: Toucannon|move: Beak Blast\n|move|p2a: Rillaboom|Fake Out|p1b: Toucannon\n|-damage|p1b: Toucannon|39\/100\n|-status|p2a: Rillaboom|brn\n|-damage|p2a: Rillaboom|84\/100 brn|[from] item: Rocky Helmet|[of] p1b: Toucannon\n|move|p2b: Kingambit|Knock Off|p1a: Corviknight\n|-damage|p1a: Corviknight|0 fnt\n|-enditem|p1a: Corviknight|Leftovers|[from] move: Knock Off|[of] p2b: Kingambit\n|faint|p1a: Corviknight\n|cant|p1b: Toucannon|flinch\n|\n|-heal|p2a: Rillaboom|90\/100 brn|[from] Grassy Terrain\n|-heal|p2b: Kingambit|59\/100|[from] Grassy Terrain\n|-damage|p2a: Rillaboom|84\/100 brn|[from] brn\n|-sideend|p1: Inkubone|move: Tailwind\n|upkeep\n|\n|t:|1699710737\n|switch|p1a: Talonflame|Talonflame, M, shiny|100\/100\n|turn|5\n|\n|t:|1699710762\n|move|p2b: Kingambit|Protect|p2b: Kingambit\n|-singleturn|p2b: Kingambit|Protect\n|move|p1a: Talonflame|Brave Bird|p2a: Rillaboom\n|-supereffective|p2a: Rillaboom\n|-damage|p2a: Rillaboom|23\/100 brn\n|-damage|p1a: Talonflame|78\/100|[from] Recoil\n|move|p2a: Rillaboom|Grassy Glide|p1a: Talonflame\n|-resisted|p1a: Talonflame\n|-damage|p1a: Talonflame|72\/100\n|move|p1b: Toucannon|Knock Off|p2b: Kingambit\n|-activate|p2b: Kingambit|move: Protect\n|\n|-heal|p2a: Rillaboom|29\/100 brn|[from] Grassy Terrain\n|-heal|p2b: Kingambit|65\/100|[from] Grassy Terrain\n|-damage|p2a: Rillaboom|23\/100 brn|[from] brn\n|upkeep\n|turn|6\n|\n|t:|1699710789\n|-singleturn|p1b: Toucannon|move: Beak Blast\n|move|p2b: Kingambit|Sucker Punch||[still]\n|-fail|p2b: Kingambit\n|move|p1a: Talonflame|Will-O-Wisp|p2b: Kingambit\n|-status|p2b: Kingambit|brn\n|move|p2a: Rillaboom|U-turn|p1b: Toucannon\n|-resisted|p1b: Toucannon\n|-damage|p1b: Toucannon|31\/100\n|-damage|p2a: Rillaboom|6\/100 brn|[from] item: Rocky Helmet|[of] p1b: Toucannon\n|\n|t:|1699710801\n|switch|p2a: Whimsicott|Whimsicott, F|100\/100|[from] U-turn\n|move|p1b: Toucannon|Beak Blast|p2a: Whimsicott\n|-supereffective|p2a: Whimsicott\n|-enditem|p2a: Whimsicott|Focus Sash\n|-damage|p2a: Whimsicott|1\/100\n|\n|-heal|p2a: Whimsicott|7\/100|[from] Grassy Terrain\n|-heal|p2b: Kingambit|71\/100 brn|[from] Grassy Terrain\n|-damage|p2b: Kingambit|65\/100 brn|[from] brn\n|upkeep\n|turn|7\n|\n|t:|1699710825\n|move|p2b: Kingambit|Sucker Punch||[still]\n|-fail|p2b: Kingambit\n|move|p1a: Talonflame|Roost|p1a: Talonflame\n|-heal|p1a: Talonflame|100\/100\n|-singleturn|p1a: Talonflame|move: Roost\n|move|p2a: Whimsicott|Moonblast|p1b: Toucannon\n|-damage|p1b: Toucannon|0 fnt\n|faint|p1b: Toucannon\n|\n|-heal|p2a: Whimsicott|13\/100|[from] Grassy Terrain\n|-heal|p2b: Kingambit|71\/100 brn|[from] Grassy Terrain\n|-damage|p2b: Kingambit|65\/100 brn|[from] brn\n|upkeep\n|\n|t:|1699710836\n|switch|p1b: Swellow|Swellow, M|100\/100\n|turn|8\n|\n|t:|1699710854\n|move|p1b: Swellow|Quick Attack|p2a: Whimsicott\n|-damage|p2a: Whimsicott|0 fnt\n|faint|p2a: Whimsicott\n|move|p2b: Kingambit|Sucker Punch||[still]\n|-fail|p2b: Kingambit\n|move|p1a: Talonflame|Flare Blitz|p2b: Kingambit\n|-supereffective|p2b: Kingambit\n|-damage|p2b: Kingambit|17\/100 brn\n|-damage|p1a: Talonflame|83\/100|[from] Recoil\n|\n|-heal|p2b: Kingambit|23\/100 brn|[from] Grassy Terrain\n|-damage|p2b: Kingambit|17\/100 brn|[from] brn\n|-fieldend|move: Grassy Terrain\n|-status|p1b: Swellow|brn|[from] item: Flame Orb\n|upkeep\n|\n|t:|1699710859\n|switch|p2a: Marshadow|Marshadow|100\/100\n|turn|9\n|\n|t:|1699710877\n|move|p1b: Swellow|Quick Attack|p2b: Kingambit\n|-resisted|p2b: Kingambit\n|-damage|p2b: Kingambit|7\/100 brn\n|move|p2b: Kingambit|Sucker Punch||[still]\n|-fail|p2b: Kingambit\n|move|p1a: Talonflame|Brave Bird|p2a: Marshadow\n|-supereffective|p2a: Marshadow\n|-damage|p2a: Marshadow|9\/100\n|-damage|p1a: Talonflame|56\/100|[from] Recoil\n|-zpower|p2a: Marshadow\n|move|p2a: Marshadow|Soul-Stealing 7-Star Strike|p1a: Talonflame|[zeffect]\n|-crit|p1a: Talonflame\n|-damage|p1a: Talonflame|0 fnt\n|faint|p1a: Talonflame\n|\n|-damage|p1b: Swellow|94\/100 brn|[from] brn\n|-damage|p2b: Kingambit|1\/100 brn|[from] brn\n|upkeep\n|\n|t:|1699710884\n|switch|p1a: Pidgeot|Pidgeot-Mega, M, shiny|53\/100\n|turn|10\n|\n|t:|1699710896\n|move|p1b: Swellow|Quick Attack|p2b: Kingambit\n|-resisted|p2b: Kingambit\n|-damage|p2b: Kingambit|0 fnt\n|faint|p2b: Kingambit\n|move|p2a: Marshadow|Close Combat|p1b: Swellow\n|-damage|p1b: Swellow|0 fnt\n|-unboost|p2a: Marshadow|def|1\n|-unboost|p2a: Marshadow|spd|1\n|faint|p1b: Swellow\n|move|p1a: Pidgeot|Heat Wave|p2a: Marshadow\n|-damage|p2a: Marshadow|0 fnt\n|faint|p2a: Marshadow\n|\n|upkeep\n|\n|t:|1699710908\n|switch|p2b: Rillaboom|Rillaboom, F|6\/100 brn\n|-fieldstart|move: Grassy Terrain|[from] ability: Grassy Surge|[of] p2b: Rillaboom\n|turn|11\n|\n|t:|1699710914\n|move|p1a: Pidgeot|Protect|p1a: Pidgeot\n|-singleturn|p1a: Pidgeot|Protect\n|move|p2b: Rillaboom|U-turn|p1a: Pidgeot\n|-activate|p1a: Pidgeot|move: Protect\n|\n|-heal|p2b: Rillaboom|12\/100 brn|[from] Grassy Terrain\n|-damage|p2b: Rillaboom|6\/100 brn|[from] brn\n|upkeep\n|turn|12\n|\n|t:|1699710923\n|move|p1a: Pidgeot|Hurricane|p2b: Rillaboom\n|-supereffective|p2b: Rillaboom\n|-damage|p2b: Rillaboom|0 fnt\n|faint|p2b: Rillaboom\n|\n|win|Inkubone\n|raw|Inkubone's rating: 1310 &rarr; <strong>1338<\/strong><br \/>(+28 for winning)\n|raw|Pancake Tuesday's rating: 1453 &rarr; <strong>1425<\/strong><br \/>(-28 for losing)\n|c|\u2606Inkubone|Gg\n|l|\u2606Inkubone\n|j|\u2606Inkubone\n|player|p1|Inkubone|yellow\n","uploadtime":1699711186,"views":20,"p1id":"inkubone","p2id":"pancaketuesday","formatid":"gen9nationaldexdoubles","rating":1338,"private":0,"password":""}