{"id":"gen9nationaldexdoubles-1989035459","p1":"pablooochess","p2":"Ashbert","format":"[Gen 9] National Dex Doubles","log":"|j|\u2606pablooochess\n|j|\u2606Ashbert\n|t:|1699804884\n|gametype|doubles\n|player|p1|pablooochess|juggler|\n|player|p2|Ashbert|artist-gen4|\n|teamsize|p1|6\n|teamsize|p2|6\n|gen|9\n|tier|[Gen 9] National Dex Doubles\n|rule|HP Percentage Mod: HP is shown in percentages\n|rule|Endless Battle Clause: Forcing endless battles is banned\n|rule|OHKO Clause: OHKO moves are banned\n|rule|Evasion Moves Clause: Evasion moves are banned\n|rule|Evasion Abilities Clause: Evasion abilities are banned\n|rule|Species Clause: Limit one of each Pok\u00e9mon\n|rule|Gravity Sleep Clause: The combination of sleep-inducing moves with imperfect accuracy and Gravity or Gigantamax Orbeetle are banned\n|clearpoke\n|poke|p1|Rotom-Frost|\n|poke|p1|Ninetales-Alola, M|\n|poke|p1|Baxcalibur, M|\n|poke|p1|Darmanitan-Galar, M|\n|poke|p1|Cetitan, F|\n|poke|p1|Abomasnow, M|\n|poke|p2|Torterra, F|\n|poke|p2|Camerupt, M|\n|poke|p2|Krookodile, M|\n|poke|p2|Rhyperior, M|\n|poke|p2|Landorus, M|\n|poke|p2|Claydol|\n|teampreview\n|\n|t:|1699804921\n|start\n|switch|p1a: Ninetales|Ninetales-Alola, M|100\/100\n|switch|p1b: Baxcalibur|Baxcalibur, M|100\/100\n|switch|p2a: Claydol|Claydol|100\/100\n|switch|p2b: Camerupt|Camerupt, M|100\/100\n|-weather|Snow|[from] ability: Snow Warning|[of] p1a: Ninetales\n|turn|1\n|\n|t:|1699804939\n|move|p1a: Ninetales|Aurora Veil|p1a: Ninetales\n|-sidestart|p1: pablooochess|move: Aurora Veil\n|move|p1b: Baxcalibur|Dragon Dance|p1b: Baxcalibur\n|-boost|p1b: Baxcalibur|atk|1\n|-boost|p1b: Baxcalibur|spe|1\n|move|p2a: Claydol|Smack Down|p1b: Baxcalibur\n|-supereffective|p1b: Baxcalibur\n|-damage|p1b: Baxcalibur|91\/100\n|move|p2b: Camerupt|Eruption|p1b: Baxcalibur|[spread] p1a,p1b\n|-supereffective|p1a: Ninetales\n|-damage|p1a: Ninetales|39\/100\n|-damage|p1b: Baxcalibur|65\/100\n|-ability|p1b: Baxcalibur|Thermal Exchange|boost\n|-boost|p1b: Baxcalibur|atk|1\n|\n|-weather|Snow|[upkeep]\n|upkeep\n|turn|2\n|\n|t:|1699804969\n|move|p1b: Baxcalibur|Glaive Rush|p2b: Camerupt\n|-damage|p2b: Camerupt|0 fnt\n|-singlemove|p1b: Baxcalibur|Glaive Rush|[silent]\n|faint|p2b: Camerupt\n|-damage|p1b: Baxcalibur|55\/100|[from] item: Life Orb\n|move|p1a: Ninetales|Freeze-Dry|p2a: Claydol\n|-supereffective|p2a: Claydol\n|-damage|p2a: Claydol|50\/100\n|move|p2a: Claydol|Smack Down|p1a: Ninetales\n|-supereffective|p1a: Ninetales\n|-damage|p1a: Ninetales|23\/100\n|-heal|p2a: Claydol|52\/100|[from] item: Shell Bell|[of] p1a: Ninetales\n|\n|-weather|Snow|[upkeep]\n|upkeep\n|\n|t:|1699804983\n|switch|p2b: Torterra|Torterra, F|100\/100\n|turn|3\n|\n|t:|1699804996\n|move|p1b: Baxcalibur|Glaive Rush|p2a: Claydol\n|-damage|p2a: Claydol|0 fnt\n|-singlemove|p1b: Baxcalibur|Glaive Rush|[silent]\n|faint|p2a: Claydol\n|-damage|p1b: Baxcalibur|45\/100|[from] item: Life Orb\n|move|p1a: Ninetales|Freeze-Dry|p2b: Torterra\n|-supereffective|p2b: Torterra\n|-damage|p2b: Torterra|0 fnt\n|faint|p2b: Torterra\n|\n|-weather|Snow|[upkeep]\n|upkeep\n|j| Vicomuq\n|\n|t:|1699805008\n|switch|p2a: Landorus|Landorus, M|100\/100\n|switch|p2b: Rhyperior|Rhyperior, M|100\/100\n|turn|4\n|\n|t:|1699805018\n|move|p1b: Baxcalibur|Iron Head|p2b: Rhyperior\n|-supereffective|p2b: Rhyperior\n|-damage|p2b: Rhyperior|16\/100\n|-damage|p1b: Baxcalibur|35\/100|[from] item: Life Orb\n|move|p1a: Ninetales|Freeze-Dry|p2a: Landorus\n|-supereffective|p2a: Landorus\n|-damage|p2a: Landorus|0 fnt\n|faint|p2a: Landorus\n|move|p2b: Rhyperior|Earthquake|p1b: Baxcalibur|[spread] p1a,p1b\n|-damage|p1a: Ninetales|0 fnt\n|-damage|p1b: Baxcalibur|14\/100\n|faint|p1a: Ninetales\n|\n|-weather|Snow|[upkeep]\n|upkeep\n|\n|t:|1699805032\n|switch|p1a: Darmanitan|Darmanitan-Galar, M|100\/100\n|switch|p2a: Krookodile|Krookodile, M|100\/100\n|turn|5\n|\n|t:|1699805048\n|move|p1a: Darmanitan|Superpower|p2a: Krookodile\n|-supereffective|p2a: Krookodile\n|-damage|p2a: Krookodile|0 fnt\n|-unboost|p1a: Darmanitan|atk|1\n|-unboost|p1a: Darmanitan|def|1\n|faint|p2a: Krookodile\n|move|p1b: Baxcalibur|Iron Head|p2b: Rhyperior\n|-supereffective|p2b: Rhyperior\n|-damage|p2b: Rhyperior|0 fnt\n|faint|p2b: Rhyperior\n|-damage|p1b: Baxcalibur|4\/100|[from] item: Life Orb\n|\n|win|pablooochess\n|c|\u2606pablooochess|Gg\n","uploadtime":1699805073,"views":6,"p1id":"pablooochess","p2id":"ashbert","formatid":"gen9nationaldexdoubles","rating":0,"private":0,"password":""}