{"id":"gen9nationaldexdoubles-1949064665","p1":"tyo","p2":"Eragon11145","format":"[Gen 9] National Dex Doubles","log":"|j|\u2606tyo\n|j|\u2606Eragon11145\n|t:|1695323086\n|gametype|doubles\n|player|p1|tyo|#vgcpliiizoruas|\n|player|p2|Eragon11145|#dwcopiii|\n|teamsize|p1|6\n|teamsize|p2|6\n|gen|9\n|tier|[Gen 9] National Dex Doubles\n|rule|HP Percentage Mod: HP is shown in percentages\n|rule|Endless Battle Clause: Forcing endless battles is banned\n|rule|OHKO Clause: OHKO moves are banned\n|rule|Evasion Moves Clause: Evasion moves are banned\n|rule|Evasion Abilities Clause: Evasion abilities are banned\n|rule|Species Clause: Limit one of each Pok\u00e9mon\n|rule|Gravity Sleep Clause: The combination of sleep-inducing moves with imperfect accuracy and Gravity or Gigantamax Orbeetle are banned\n|clearpoke\n|poke|p1|Chien-Pao|\n|poke|p1|Rillaboom, F|\n|poke|p1|Urshifu-*, F|\n|poke|p1|Incineroar, F|\n|poke|p1|Dragonite, M|\n|poke|p1|Metagross|\n|poke|p2|Tyranitar, F|\n|poke|p2|Excadrill, F|\n|poke|p2|Tornadus, M|\n|poke|p2|Ogerpon, F|\n|poke|p2|Dracovish|\n|poke|p2|Flutter Mane|\n|teampreview\n|inactive|Battle timer is ON: inactive players will automatically lose when time's up. (requested by Eragon11145)\n|c|\u2606tyo|glhf\n|j|+Fragments\n|c|\u2606Eragon11145|u2\n|inactive|Eragon11145 has 270 seconds left.\n|j| Yung PugGod\u262f\n|inactive|Eragon11145 has 240 seconds left.\n|\n|t:|1695323159\n|start\n|switch|p1a: Dragonite|Dragonite, M|100\/100\n|switch|p1b: Chien-Pao|Chien-Pao|100\/100\n|switch|p2a: Ogerpon|Ogerpon, F|100\/100\n|switch|p2b: Flutter Mane|Flutter Mane|100\/100\n|-ability|p1b: Chien-Pao|Sword of Ruin\n|turn|1\n|j| Roginald\n|\n|t:|1695323179\n|move|p2a: Ogerpon|Follow Me|p2a: Ogerpon\n|-singleturn|p2a: Ogerpon|move: Follow Me\n|move|p1b: Chien-Pao|Sucker Punch||[still]\n|-fail|p1b: Chien-Pao\n|move|p1a: Dragonite|Aqua Jet|p2a: Ogerpon\n|-resisted|p2a: Ogerpon\n|-damage|p2a: Ogerpon|86\/100\n|move|p2b: Flutter Mane|Dazzling Gleam|p1a: Dragonite|[spread] p1a,p1b\n|-supereffective|p1a: Dragonite\n|-supereffective|p1b: Chien-Pao\n|-damage|p1a: Dragonite|21\/100\n|-enditem|p1b: Chien-Pao|Focus Sash\n|-damage|p1b: Chien-Pao|1\/100\n|\n|upkeep\n|turn|2\n|\n|t:|1695323188\n|switch|p1b: Rillaboom|Rillaboom, F|100\/100\n|-fieldstart|move: Grassy Terrain|[from] ability: Grassy Surge|[of] p1b: Rillaboom\n|switch|p1a: Incineroar|Incineroar, F|100\/100\n|-ability|p1a: Incineroar|Intimidate|boost\n|-unboost|p2a: Ogerpon|atk|1\n|-ability|p2a: Ogerpon|Defiant|boost\n|-boost|p2a: Ogerpon|atk|2\n|-unboost|p2b: Flutter Mane|atk|1\n|move|p2a: Ogerpon|Follow Me|p2a: Ogerpon\n|-singleturn|p2a: Ogerpon|move: Follow Me\n|move|p2b: Flutter Mane|Dazzling Gleam|p1b: Rillaboom|[spread] p1a,p1b\n|-damage|p1a: Incineroar|78\/100\n|-damage|p1b: Rillaboom|66\/100\n|\n|-heal|p2a: Ogerpon|93\/100|[from] Grassy Terrain\n|-heal|p1b: Rillaboom|73\/100|[from] Grassy Terrain\n|-heal|p1a: Incineroar|84\/100|[from] Grassy Terrain\n|upkeep\n|turn|3\n|\n|t:|1695323200\n|move|p1b: Rillaboom|Fake Out|p2a: Ogerpon\n|-damage|p2a: Ogerpon|80\/100\n|move|p2a: Ogerpon|Follow Me|p2a: Ogerpon\n|-singleturn|p2a: Ogerpon|move: Follow Me\n|move|p2b: Flutter Mane|Dazzling Gleam|p1b: Rillaboom|[spread] p1a,p1b\n|-damage|p1a: Incineroar|61\/100\n|-damage|p1b: Rillaboom|39\/100\n|move|p1a: Incineroar|Flare Blitz|p2a: Ogerpon\n|-supereffective|p2a: Ogerpon\n|-damage|p2a: Ogerpon|2\/100\n|-damage|p1a: Incineroar|38\/100|[from] Recoil\n|\n|-heal|p2a: Ogerpon|8\/100|[from] Grassy Terrain\n|-heal|p1b: Rillaboom|45\/100|[from] Grassy Terrain\n|-heal|p1a: Incineroar|44\/100|[from] Grassy Terrain\n|upkeep\n|turn|4\n|j| NinjaSnapple\n|inactive|Eragon11145 has 270 seconds left.\n|\n|t:|1695323236\n|-end|p2b: Flutter Mane|Protosynthesis|[silent]\n|switch|p2b: Tyranitar|Tyranitar, F|100\/100\n|-weather|Sandstorm|[from] ability: Sand Stream|[of] p2b: Tyranitar\n|switch|p2a: Tornadus|Tornadus, M|100\/100\n|move|p1b: Rillaboom|Grassy Glide|p2a: Tornadus\n|-resisted|p2a: Tornadus\n|-damage|p2a: Tornadus|75\/100\n|move|p1a: Incineroar|Flare Blitz|p2b: Tyranitar\n|-resisted|p2b: Tyranitar\n|-damage|p2b: Tyranitar|82\/100\n|-damage|p1a: Incineroar|37\/100|[from] Recoil\n|\n|-weather|Sandstorm|[upkeep]\n|-damage|p2a: Tornadus|69\/100|[from] Sandstorm\n|-damage|p1b: Rillaboom|39\/100|[from] Sandstorm\n|-damage|p1a: Incineroar|31\/100|[from] Sandstorm\n|-heal|p1b: Rillaboom|45\/100|[from] Grassy Terrain\n|-heal|p2b: Tyranitar|88\/100|[from] Grassy Terrain\n|-heal|p1a: Incineroar|37\/100|[from] Grassy Terrain\n|upkeep\n|turn|5\n|\n|t:|1695323250\n|switch|p1b: Metagross|Metagross|100\/100\n|detailschange|p2b: Tyranitar|Tyranitar-Mega, F\n|-mega|p2b: Tyranitar|Tyranitar|Tyranitarite\n|move|p2a: Tornadus|Bleakwind Storm|p1a: Incineroar|[spread] p1a\n|-miss|p2a: Tornadus|p1b: Metagross\n|-damage|p1a: Incineroar|20\/100\n|-unboost|p1a: Incineroar|spe|1\n|move|p2b: Tyranitar|Dragon Dance|p2b: Tyranitar\n|-boost|p2b: Tyranitar|atk|1\n|-boost|p2b: Tyranitar|spe|1\n|move|p1a: Incineroar|U-turn|p2b: Tyranitar\n|-supereffective|p2b: Tyranitar\n|-damage|p2b: Tyranitar|65\/100\n|\n|t:|1695323261\n|switch|p1a: Dragonite|Dragonite, M|21\/100|[from] U-turn\n|\n|-weather|Sandstorm|[upkeep]\n|-damage|p2a: Tornadus|63\/100|[from] Sandstorm\n|-damage|p1a: Dragonite|15\/100|[from] Sandstorm\n|-heal|p2b: Tyranitar|71\/100|[from] Grassy Terrain\n|upkeep\n|turn|6\n|inactive|Eragon11145 has 270 seconds left.\n|\n|t:|1695323293\n|detailschange|p1b: Metagross|Metagross-Mega\n|-mega|p1b: Metagross|Metagross|Metagrossite\n|move|p1b: Metagross|Bullet Punch|p2b: Tyranitar\n|-supereffective|p2b: Tyranitar\n|-damage|p2b: Tyranitar|35\/100\n|move|p1a: Dragonite|Aqua Jet|p2b: Tyranitar\n|-supereffective|p2b: Tyranitar\n|-damage|p2b: Tyranitar|8\/100\n|move|p2a: Tornadus|Bleakwind Storm|p1b: Metagross|[spread] p1a,p1b\n|-resisted|p1b: Metagross\n|-damage|p1a: Dragonite|0 fnt\n|-damage|p1b: Metagross|83\/100\n|faint|p1a: Dragonite\n|move|p2b: Tyranitar|Knock Off|p1b: Metagross\n|-supereffective|p1b: Metagross\n|-damage|p1b: Metagross|0 fnt\n|faint|p1b: Metagross\n|\n|-weather|Sandstorm|[upkeep]\n|-damage|p2a: Tornadus|57\/100|[from] Sandstorm\n|-heal|p2b: Tyranitar|14\/100|[from] Grassy Terrain\n|-fieldend|move: Grassy Terrain\n|upkeep\n|\n|t:|1695323300\n|switch|p1b: Urshifu|Urshifu-Rapid-Strike, F|100\/100\n|switch|p1a: Chien-Pao|Chien-Pao|1\/100\n|-ability|p1a: Chien-Pao|Sword of Ruin\n|turn|7\n|\n|t:|1695323311\n|switch|p2b: Ogerpon|Ogerpon, F|8\/100\n|-terastallize|p1b: Urshifu|Water\n|move|p1a: Chien-Pao|Sucker Punch||[still]\n|-fail|p1a: Chien-Pao\n|move|p2a: Tornadus|Tailwind|p2a: Tornadus\n|-sidestart|p2: Eragon11145|move: Tailwind\n|move|p1b: Urshifu|Surging Strikes|p2a: Tornadus\n|-crit|p2a: Tornadus\n|-damage|p2a: Tornadus|9\/100\n|-crit|p2a: Tornadus\n|-damage|p2a: Tornadus|0 fnt\n|faint|p2a: Tornadus\n|-hitcount|p2: Tornadus|2\n|\n|-weather|Sandstorm|[upkeep]\n|-damage|p2b: Ogerpon|2\/100|[from] Sandstorm\n|-damage|p1b: Urshifu|94\/100|[from] Sandstorm\n|-damage|p1a: Chien-Pao|0 fnt|[from] Sandstorm\n|faint|p1a: Chien-Pao\n|upkeep\n|inactive|Eragon11145 has 270 seconds left.\n|\n|t:|1695323351\n|switch|p1a: Incineroar|Incineroar, F|20\/100\n|switch|p2a: Flutter Mane|Flutter Mane|100\/100\n|-ability|p1a: Incineroar|Intimidate|boost\n|-unboost|p2a: Flutter Mane|atk|1\n|-unboost|p2b: Ogerpon|atk|1\n|-ability|p2b: Ogerpon|Defiant|boost\n|-boost|p2b: Ogerpon|atk|2\n|turn|8\n|inactive|Eragon11145 has 270 seconds left.\n|\n|t:|1695323374\n|switch|p2b: Dracovish|Dracovish|100\/100\n|move|p1a: Incineroar|Fake Out|p2b: Dracovish\n|-damage|p2b: Dracovish|89\/100\n|move|p2a: Flutter Mane|Dazzling Gleam|p1b: Urshifu|[spread] p1a,p1b\n|-damage|p1a: Incineroar|0 fnt\n|-damage|p1b: Urshifu|24\/100\n|faint|p1a: Incineroar\n|move|p1b: Urshifu|Surging Strikes|p2a: Flutter Mane\n|-crit|p2a: Flutter Mane\n|-damage|p2a: Flutter Mane|52\/100\n|-crit|p2a: Flutter Mane\n|-damage|p2a: Flutter Mane|1\/100\n|-crit|p2a: Flutter Mane\n|-damage|p2a: Flutter Mane|0 fnt\n|faint|p2a: Flutter Mane\n|-end|p2a: Flutter Mane|Protosynthesis|[silent]\n|-hitcount|p2: Flutter Mane|3\n|\n|-weather|none\n|upkeep\n|\n|t:|1695323388\n|switch|p2a: Ogerpon|Ogerpon, F|2\/100\n|switch|p1a: Rillaboom|Rillaboom, F|45\/100\n|-fieldstart|move: Grassy Terrain|[from] ability: Grassy Surge|[of] p1a: Rillaboom\n|turn|9\n|c|\u2606tyo|gg\n|-message|tyo forfeited.\n|\n|win|Eragon11145\n|c|\u2606Eragon11145|gg\n|j| OSHI NO KORAIDON\n","uploadtime":1695323406,"views":178,"p1id":"tyo","p2id":"eragon11145","formatid":"gen9nationaldexdoubles","rating":0,"private":0,"password":""}