{"id":"gen9nationaldexdoubles-1988987130","p1":"Mythless","p2":"DJMerintes","format":"[Gen 9] National Dex Doubles","log":"|j|\u2606Mythless\n|j|\u2606DJMerintes\n|t:|1699798769\n|gametype|doubles\n|player|p1|Mythless|jacq|\n|player|p2|DJMerintes|n|\n|teamsize|p1|6\n|teamsize|p2|6\n|gen|9\n|tier|[Gen 9] National Dex Doubles\n|rule|HP Percentage Mod: HP is shown in percentages\n|rule|Endless Battle Clause: Forcing endless battles is banned\n|rule|OHKO Clause: OHKO moves are banned\n|rule|Evasion Moves Clause: Evasion moves are banned\n|rule|Evasion Abilities Clause: Evasion abilities are banned\n|rule|Species Clause: Limit one of each Pok\u00e9mon\n|rule|Gravity Sleep Clause: The combination of sleep-inducing moves with imperfect accuracy and Gravity or Gigantamax Orbeetle are banned\n|clearpoke\n|poke|p1|Weezing, M|\n|poke|p1|Slowking-Galar, F|\n|poke|p1|Toxicroak, M|\n|poke|p1|Iron Moth|\n|poke|p1|Overqwil, F|\n|poke|p1|Amoonguss, F|\n|poke|p2|Celesteela|\n|poke|p2|Thundurus-Therian, M|\n|poke|p2|Staraptor, M|\n|poke|p2|Salamence, F|\n|poke|p2|Dragonite, F|\n|poke|p2|Rotom-Fan|\n|teampreview\n|c|\u2606Mythless|Otra vez\n|c|\u2606Mythless|El cohete de los cojones\n|c|\u2606Mythless|Basta por favor\n|c|\u2606DJMerintes|jajajaja\n|c|\u2606DJMerintes|perdon\n|c|\u2606DJMerintes|es mi win condition\n|j| Vicomuq\n|c|\u2606DJMerintes|damos 2 min no?\n|j| Oddietor07\n|c|\u2606Mythless|Yes\n|j| Kuramasempai95\n|c|\u2606DJMerintes|dame un segundo que ayudo a mi madre con la compra\n|c|\u2606DJMerintes|por fas\n|c| Oddietor07|JAJAJAJAJAJAJAJA\n|c|\u2606Mythless|No worries\n|j| ITBL\n|c| Oddietor07|Dylan so\u00f1ando con celesteela hoy\n|c| Oddietor07|vale, hacemos pausa entonces\n|c| Oddietor07|lleg\u00f3 la hora del espect\u00e1culo del descanso\n|c| Oddietor07|*aparece Beyonc\u00e9 actuando*\n|j| Bioke\n|l| Kuramasempai95\n|c| Bioke|All the single ladies, all the single ladies\n|c| Bioke|All the single ladies, all the single ladies\n|c|\u2606Mythless|Aprovecho la pausa\n|c|\u2606Mythless|Vicomuq quien eres?\n|c|\u2606Mythless|Que contigo me he cruzado practicando y estaba acojonado\n|c| Vicomuq|Hostia en serio? akajjajaja\n|c| Oddietor07|Jajajaja el bueno de V\u00edctor, juega los Silver Playoffs\n|c| Vicomuq|Yo estoy en silver\n|c|\u2606Mythless|Aaaaaah\n|c|\u2606Mythless|Entiendo\n|c|\u2606Mythless|Vendo info del equipo de vicomuq\n|c|\u2606Mythless|Lo tengo guardado\n|c| Bioke|me interesa\n|c|\u2606Mythless|Bueno bonito barato\n|c|\u2606Mythless|JAJAJAJAJAJA\n|c| Bioke|un campero por info\n|c| Vicomuq|No me acuerdo de que equipo use\n|c| Oddietor07|JAJAJAJA Dylan XD\n|c|\u2606Mythless|El de hada es el que te he visto\n|c|\u2606DJMerintes|estoy\n|c|\u2606Mythless|Pero vamos no worries que soy un tio legal\n|c|\u2606DJMerintes|perdon\n|c|\u2606Mythless|Nada nada\n|c|\u2606Mythless|Les go\n|c| Bioke|sisi legal...\n|c| Vicomuq|A bueno pues te dejo que vendas mi equipo\n|c| Oddietor07|\"Soy un t\u00edo legal\" *Dylan d\u00e1ndose encuentros favorables media liga* #corrupci\u00f3n #aferraz\n|\n|t:|1699799173\n|start\n|switch|p1a: Pinxu|Toxicroak, M|100\/100\n|switch|p1b: King Bob|Slowking-Galar, F|100\/100\n|switch|p2a: Salamence|Salamence, F|100\/100\n|switch|p2b: Rotom|Rotom-Fan|100\/100\n|-ability|p2a: Salamence|Intimidate|boost\n|-unboost|p1a: Pinxu|atk|1\n|-unboost|p1b: King Bob|atk|1\n|turn|1\n|\n|t:|1699799195\n|move|p1a: Pinxu|Fake Out|p2a: Salamence\n|-damage|p2a: Salamence|86\/100\n|-damage|p1a: Pinxu|91\/100|[from] item: Life Orb\n|cant|p2a: Salamence|flinch\n|move|p2b: Rotom|Will-O-Wisp|p1a: Pinxu\n|-status|p1a: Pinxu|brn\n|move|p1b: King Bob|Ice Beam|p2a: Salamence\n|-supereffective|p2a: Salamence\n|-damage|p2a: Salamence|0 fnt\n|faint|p2a: Salamence\n|\n|-damage|p1a: Pinxu|85\/100 brn|[from] brn\n|upkeep\n|\n|t:|1699799271\n|switch|p2a: Celesteela|Celesteela|100\/100\n|turn|2\n|c| Oddietor07|AH\u00cd EST\u00c1\n|\n|t:|1699799286\n|switch|p1a: Toad|Amoonguss, F|100\/100\n|move|p2b: Rotom|Protect|p2b: Rotom\n|-singleturn|p2b: Rotom|Protect\n|move|p2a: Celesteela|Leech Seed|p1b: King Bob\n|-start|p1b: King Bob|move: Leech Seed\n|move|p1b: King Bob|Flamethrower|p2a: Celesteela\n|-supereffective|p2a: Celesteela\n|-damage|p2a: Celesteela|56\/100\n|\n|-heal|p2a: Celesteela|62\/100|[from] item: Leftovers\n|-damage|p1b: King Bob|88\/100|[from] Leech Seed|[of] p2a: Celesteela\n|-heal|p2a: Celesteela|74\/100|[silent]\n|upkeep\n|turn|3\n|\n|t:|1699799324\n|move|p2a: Celesteela|Protect|p2a: Celesteela\n|-singleturn|p2a: Celesteela|Protect\n|move|p1a: Toad|Rage Powder|p1a: Toad\n|-singleturn|p1a: Toad|move: Rage Powder\n|move|p2b: Rotom|Will-O-Wisp|p1a: Toad\n|-status|p1a: Toad|brn\n|move|p1b: King Bob|Flamethrower|p2a: Celesteela\n|-activate|p2a: Celesteela|move: Protect\n|\n|-heal|p2a: Celesteela|80\/100|[from] item: Leftovers\n|-damage|p1b: King Bob|76\/100|[from] Leech Seed|[of] p2a: Celesteela\n|-heal|p2a: Celesteela|92\/100|[silent]\n|-damage|p1a: Toad|94\/100 brn|[from] brn\n|upkeep\n|turn|4\n|l| ITBL\n|\n|t:|1699799358\n|switch|p2a: Dragonite|Dragonite, F|100\/100\n|move|p2b: Rotom|Discharge|p1a: Toad|[spread] p2a,p1a,p1b\n|-resisted|p1a: Toad\n|-damage|p2a: Dragonite|88\/100\n|-damage|p1a: Toad|87\/100 brn\n|-damage|p1b: King Bob|65\/100\n|move|p1a: Toad|Spore|p2a: Dragonite\n|-status|p2a: Dragonite|slp|[from] move: Spore\n|move|p1b: King Bob|Flamethrower|p2a: Dragonite\n|-resisted|p2a: Dragonite\n|-damage|p2a: Dragonite|73\/100 slp\n|\n|-damage|p1b: King Bob|52\/100|[from] Leech Seed|[of] p2a: Dragonite\n|-heal|p2a: Dragonite|88\/100 slp|[silent]\n|-damage|p1a: Toad|81\/100 brn|[from] brn\n|upkeep\n|turn|5\n|c| Oddietor07|xd\n|\n|t:|1699799399\n|cant|p2a: Dragonite|slp\n|move|p2b: Rotom|Will-O-Wisp|p1b: King Bob\n|-status|p1b: King Bob|brn\n|move|p1a: Toad|Pollen Puff|p1b: King Bob\n|-heal|p1b: King Bob|100\/100 brn\n|move|p1b: King Bob|Ice Beam|p2a: Dragonite\n|-supereffective|p2a: Dragonite\n|-damage|p2a: Dragonite|0 fnt\n|faint|p2a: Dragonite\n|\n|-damage|p1a: Toad|75\/100 brn|[from] brn\n|-damage|p1b: King Bob|94\/100 brn|[from] brn\n|upkeep\n|l| Oddietor07\n|\n|t:|1699799424\n|switch|p2a: Thundurus|Thundurus-Therian, M|100\/100\n|turn|6\n|\n|t:|1699799436\n|move|p1a: Toad|Protect|p1a: Toad\n|-singleturn|p1a: Toad|Protect\n|move|p2a: Thundurus|Psychic|p1b: King Bob\n|-damage|p1b: King Bob|70\/100 brn\n|move|p2b: Rotom|Discharge|p1b: King Bob|[spread] p1b\n|-activate|p1a: Toad|move: Protect\n|-immune|p2a: Thundurus|[from] ability: Volt Absorb\n|-damage|p1b: King Bob|60\/100 brn\n|move|p1b: King Bob|Ice Beam|p2a: Thundurus\n|-supereffective|p2a: Thundurus\n|-damage|p2a: Thundurus|22\/100\n|\n|-damage|p1b: King Bob|47\/100 brn|[from] Leech Seed|[of] p2a: Thundurus\n|-heal|p2a: Thundurus|39\/100|[silent]\n|-damage|p1b: King Bob|41\/100 brn|[from] brn\n|-damage|p1a: Toad|69\/100 brn|[from] brn\n|upkeep\n|turn|7\n|j| Oddietor07\n|\n|t:|1699799461\n|move|p1a: Toad|Rage Powder|p1a: Toad\n|-singleturn|p1a: Toad|move: Rage Powder\n|move|p2a: Thundurus|Psychic|p1a: Toad\n|-supereffective|p1a: Toad\n|-damage|p1a: Toad|0 fnt\n|faint|p1a: Toad\n|move|p2b: Rotom|Discharge|p1b: King Bob|[spread] p1b\n|-heal|p2a: Thundurus|63\/100|[from] ability: Volt Absorb|[of] p2b: Rotom\n|-damage|p1b: King Bob|31\/100 brn\n|move|p1b: King Bob|Ice Beam|p2a: Thundurus\n|-supereffective|p2a: Thundurus\n|-damage|p2a: Thundurus|0 fnt\n|faint|p2a: Thundurus\n|\n|-damage|p1b: King Bob|25\/100 brn|[from] brn\n|upkeep\n|l|\u2606Mythless\n|player|p1|\n|c| Oddietor07|DYLAN SE PIRA DEL COMBATE\n|c|\u2606DJMerintes|xd\n|c|\u2606DJMerintes|no quiere ver mas a celesteela\n|c| Bioke|sa liao\n|j|\u2606Mythless\n|player|p1|Mythless|jacq\n|c|\u2606Mythless|im back\n|c|\u2606DJMerintes|dale dale\n|\n|t:|1699799629\n|switch|p2a: Celesteela|Celesteela|92\/100\n|switch|p1a: McFly|Iron Moth|100\/100\n|-item|p1a: McFly|Air Balloon\n|turn|8\n|j| pablooochess\n|\n|t:|1699799655\n|switch|p1b: Bob|Weezing, M, shiny|100\/100\n|move|p1a: McFly|Protect|p1a: McFly\n|-singleturn|p1a: McFly|Protect\n|move|p2b: Rotom|Discharge|p1a: McFly|[spread] p2a,p1b\n|-activate|p1a: McFly|move: Protect\n|-supereffective|p2a: Celesteela\n|-damage|p2a: Celesteela|59\/100\n|-damage|p1b: Bob|79\/100\n|-status|p1b: Bob|par\n|move|p2a: Celesteela|Earthquake|p1a: McFly|[spread] \n|-activate|p1a: McFly|move: Protect\n|-immune|p2b: Rotom\n|-immune|p1b: Bob|[from] ability: Levitate\n|\n|-heal|p2a: Celesteela|65\/100|[from] item: Leftovers\n|-heal|p1b: Bob|85\/100 par|[from] item: Black Sludge\n|upkeep\n|turn|9\n|\n|t:|1699799685\n|move|p1a: McFly|Heat Wave|p2a: Celesteela|[spread] p2a\n|-miss|p1a: McFly|p2b: Rotom\n|-supereffective|p2a: Celesteela\n|-damage|p2a: Celesteela|0 fnt\n|faint|p2a: Celesteela\n|move|p2b: Rotom|Discharge|p1a: McFly|[spread] p1a,p1b\n|-damage|p1a: McFly|79\/100\n|-damage|p1b: Bob|66\/100 par\n|-enditem|p1a: McFly|Air Balloon\n|move|p1b: Bob|Gunk Shot|p2b: Rotom\n|-damage|p2b: Rotom|61\/100\n|\n|-heal|p1b: Bob|72\/100 par|[from] item: Black Sludge\n|upkeep\n|\n|t:|1699799697\n|switch|p2a: Staraptor|Staraptor, M|100\/100\n|-ability|p2a: Staraptor|Intimidate|boost\n|-unboost|p1a: McFly|atk|1\n|-unboost|p1b: Bob|atk|1\n|turn|10\n|\n|t:|1699799713\n|move|p1a: McFly|Protect|p1a: McFly\n|-singleturn|p1a: McFly|Protect\n|move|p2a: Staraptor|Close Combat|p1a: McFly\n|-activate|p1a: McFly|move: Protect\n|move|p2b: Rotom|Pain Split|p1b: Bob\n|-sethp|p1b: Bob|63\/100 par|[from] move: Pain Split|[silent]\n|-sethp|p2b: Rotom|70\/100|[from] move: Pain Split\n|move|p1b: Bob|Will-O-Wisp|p2a: Staraptor\n|-status|p2a: Staraptor|brn\n|\n|-heal|p1b: Bob|69\/100 par|[from] item: Black Sludge\n|-damage|p2a: Staraptor|94\/100 brn|[from] brn\n|upkeep\n|turn|11\n|c|\u2606DJMerintes|nooooo\n|c|\u2606DJMerintes|aun habia fe\n|\n|t:|1699799741\n|-end|p1a: McFly|Quark Drive|[silent]\n|switch|p1a: King Bob|Slowking-Galar, F|58\/100 brn\n|move|p2a: Staraptor|Close Combat|p1a: King Bob\n|-resisted|p1a: King Bob\n|-damage|p1a: King Bob|51\/100 brn\n|-unboost|p2a: Staraptor|def|1\n|-unboost|p2a: Staraptor|spd|1\n|move|p2b: Rotom|Discharge|p1b: Bob|[spread] p2a,p1a,p1b\n|-supereffective|p2a: Staraptor\n|-damage|p2a: Staraptor|0 fnt\n|-damage|p1a: King Bob|39\/100 brn\n|-damage|p1b: Bob|48\/100 par\n|faint|p2a: Staraptor\n|cant|p1b: Bob|par\n|\n|-heal|p1b: Bob|54\/100 par|[from] item: Black Sludge\n|-damage|p1a: King Bob|33\/100 brn|[from] brn\n|upkeep\n|turn|12\n|\n|t:|1699799760\n|move|p2b: Rotom|Discharge|p1a: King Bob|[spread] p1a,p1b\n|-damage|p1a: King Bob|22\/100 brn\n|-damage|p1b: Bob|35\/100 par\n|move|p1a: King Bob|Ice Beam|p2b: Rotom\n|-supereffective|p2b: Rotom\n|-damage|p2b: Rotom|25\/100\n|cant|p1b: Bob|par\n|\n|-heal|p1b: Bob|41\/100 par|[from] item: Black Sludge\n|-damage|p1a: King Bob|16\/100 brn|[from] brn\n|upkeep\n|turn|13\n|\n|t:|1699799776\n|switch|p1a: Inazuma Eleven|Overqwil, F|100\/100\n|-ability|p1a: Inazuma Eleven|Intimidate|boost\n|-unboost|p2b: Rotom|atk|1\n|move|p2b: Rotom|Discharge|p1a: Inazuma Eleven|[spread] p1a,p1b\n|-damage|p1a: Inazuma Eleven|69\/100\n|-damage|p1b: Bob|22\/100 par\n|move|p1b: Bob|Gunk Shot|p2b: Rotom\n|-damage|p2b: Rotom|0 fnt\n|faint|p2b: Rotom\n|\n|win|Mythless\n|c|\u2606Mythless|gg\n|c|\u2606DJMerintes|gg\n|c|\u2606DJMerintes|esta fatal ;(\n|c|\u2606DJMerintes|celesteela no fue suficiente\n|c|\u2606Mythless|Pero si lo has matado tu\n|c|\u2606DJMerintes|si lo se\n|c|\u2606Mythless|Yo te lo agradezco\n|c|\u2606DJMerintes|tenia que quitarte el air ballon\n|c|\u2606DJMerintes|y tirar el terremoto\n|c|\u2606DJMerintes|no tenia ya mas moves de da\u00f1o\n|c|\u2606Mythless|Por cierto, como se me ha caido el wifi no he podido guardar el anterior\n|c|\u2606Mythless|Me he dado cuenta por eso estaba intentando stallear\n|c|\u2606DJMerintes|la tengo la tengo\n|c|\u2606Mythless|A ver a cuantos te llevabas por delante hasta llegar al mio\n|c|\u2606Mythless|Pasame la otra repe porfa\n|c|\u2606Mythless|Que ha sido combatazo catedralicio\n|l| pablooochess\n|c|\u2606DJMerintes|ya esta en el grupo\n|l| Bioke\n","uploadtime":1699799917,"views":6,"p1id":"mythless","p2id":"djmerintes","formatid":"gen9nationaldexdoubles","rating":0,"private":0,"password":""}