{"id":"gen9nationaldexdoubles-1966207586","p1":"SAM-DA-NAN","p2":"Junky Dummy","format":"[Gen 9] National Dex Doubles","log":"|j|\u2606SAM-DA-NAN\n|j|\u2606Junky Dummy\n|t:|1697155852\n|gametype|doubles\n|player|p1|SAM-DA-NAN|benga|1338\n|player|p2|Junky Dummy|101|1360\n|teamsize|p1|6\n|teamsize|p2|6\n|gen|9\n|tier|[Gen 9] National Dex Doubles\n|rated|\n|rule|HP Percentage Mod: HP is shown in percentages\n|rule|Endless Battle Clause: Forcing endless battles is banned\n|rule|OHKO Clause: OHKO moves are banned\n|rule|Evasion Moves Clause: Evasion moves are banned\n|rule|Evasion Abilities Clause: Evasion abilities are banned\n|rule|Species Clause: Limit one of each Pok\u00e9mon\n|rule|Gravity Sleep Clause: The combination of sleep-inducing moves with imperfect accuracy and Gravity or Gigantamax Orbeetle are banned\n|clearpoke\n|poke|p1|Charizard, F|\n|poke|p1|Regieleki|\n|poke|p1|Sinistcha-Masterpiece|\n|poke|p1|Ogerpon-Wellspring, F|\n|poke|p1|Tornadus, M|\n|poke|p1|Ursaluna, M|\n|poke|p2|Charizard, F|\n|poke|p2|Chi-Yu|\n|poke|p2|Flutter Mane|\n|poke|p2|Whimsicott, F|\n|poke|p2|Kingambit, M|\n|poke|p2|Landorus-Therian, M|\n|teampreview\n|inactive|Battle timer is ON: inactive players will automatically lose when time's up. (requested by Junky Dummy)\n|\n|t:|1697155861\n|start\n|switch|p1a: Tornadus|Tornadus, M|100\/100\n|switch|p1b: Ogerpon|Ogerpon-Wellspring, F|100\/100\n|switch|p2a: Charizard|Charizard, F, shiny|100\/100\n|switch|p2b: Chi-Yu|Chi-Yu|100\/100\n|-ability|p2b: Chi-Yu|Beads of Ruin\n|turn|1\n|j| wangxin\n|inactive|Junky Dummy has 120 seconds left.\n|\n|t:|1697155899\n|detailschange|p2a: Charizard|Charizard-Mega-Y, F, shiny\n|-mega|p2a: Charizard|Charizard|Charizardite Y\n|-weather|SunnyDay|[from] ability: Drought|[of] p2a: Charizard\n|move|p1a: Tornadus|Tailwind|p1a: Tornadus\n|-sidestart|p1: SAM-DA-NAN|move: Tailwind\n|move|p1b: Ogerpon|Swords Dance|p1b: Ogerpon\n|-boost|p1b: Ogerpon|atk|2\n|move|p2b: Chi-Yu|Heat Wave|p1b: Ogerpon|[spread] p1a,p1b\n|-damage|p1a: Tornadus|10\/100\n|-damage|p1b: Ogerpon|17\/100\n|-enditem|p1a: Tornadus|Aguav Berry|[eat]\n|-heal|p1a: Tornadus|43\/100|[from] item: Aguav Berry\n|move|p2a: Charizard|Solar Beam||[still]\n|-prepare|p2a: Charizard|Solar Beam\n|-anim|p2a: Charizard|Solar Beam|p1b: Ogerpon\n|-damage|p1b: Ogerpon|0 fnt\n|faint|p1b: Ogerpon\n|\n|-weather|SunnyDay|[upkeep]\n|upkeep\n|inactive|SAM-DA-NAN has 120 seconds left.\n|\n|t:|1697155920\n|switch|p1b: Regieleki|Regieleki|100\/100\n|turn|2\n|\n|t:|1697155928\n|move|p2a: Charizard|Protect|p2a: Charizard\n|-singleturn|p2a: Charizard|Protect\n|move|p1b: Regieleki|Thunderbolt|p2a: Charizard\n|-activate|p2a: Charizard|move: Protect\n|move|p1a: Tornadus|Bleakwind Storm|p2b: Chi-Yu|[spread] p2b\n|-activate|p2a: Charizard|move: Protect\n|-damage|p2b: Chi-Yu|57\/100\n|move|p2b: Chi-Yu|Heat Wave|p1b: Regieleki|[spread] p1a,p1b\n|-damage|p1a: Tornadus|0 fnt\n|-enditem|p1b: Regieleki|Focus Sash\n|-damage|p1b: Regieleki|1\/100\n|faint|p1a: Tornadus\n|\n|-weather|SunnyDay|[upkeep]\n|upkeep\n|\n|t:|1697155948\n|switch|p1a: Charizard|Charizard, F|100\/100\n|turn|3\n|\n|t:|1697155957\n|switch|p2a: Landorus|Landorus-Therian, M, shiny|100\/100\n|-ability|p2a: Landorus|Intimidate|boost\n|-unboost|p1a: Charizard|atk|1\n|-unboost|p1b: Regieleki|atk|1\n|detailschange|p1a: Charizard|Charizard-Mega-Y, F\n|-mega|p1a: Charizard|Charizard|Charizardite Y\n|move|p2b: Chi-Yu|Protect|p2b: Chi-Yu\n|-singleturn|p2b: Chi-Yu|Protect\n|move|p1b: Regieleki|Thunderbolt|p2a: Landorus\n|-immune|p2a: Landorus\n|move|p1a: Charizard|Heat Wave|p2b: Chi-Yu|[spread] p2a\n|-activate|p2b: Chi-Yu|move: Protect\n|-damage|p2a: Landorus|13\/100\n|\n|-weather|SunnyDay|[upkeep]\n|upkeep\n|turn|4\n|inactive|Junky Dummy has 120 seconds left.\n|\n|t:|1697155997\n|move|p2b: Chi-Yu|Protect|p2b: Chi-Yu\n|-singleturn|p2b: Chi-Yu|Protect\n|move|p1b: Regieleki|Thunderbolt|p2b: Chi-Yu\n|-activate|p2b: Chi-Yu|move: Protect\n|move|p1a: Charizard|Heat Wave|p2b: Chi-Yu|[spread] p2a\n|-activate|p2b: Chi-Yu|move: Protect\n|-damage|p2a: Landorus|0 fnt\n|faint|p2a: Landorus\n|\n|-weather|SunnyDay|[upkeep]\n|-sideend|p1: SAM-DA-NAN|move: Tailwind\n|upkeep\n|inactive|Junky Dummy has 90 seconds left.\n|\n|t:|1697156033\n|switch|p2a: Charizard|Charizard-Mega-Y, F, shiny|100\/100\n|turn|5\n|\n|t:|1697156046\n|move|p2a: Charizard|Protect|p2a: Charizard\n|-singleturn|p2a: Charizard|Protect\n|move|p1b: Regieleki|Thunderbolt|p2b: Chi-Yu\n|-damage|p2b: Chi-Yu|0 fnt\n|faint|p2b: Chi-Yu\n|move|p1a: Charizard|Heat Wave|p2a: Charizard\n|-activate|p2a: Charizard|move: Protect\n|\n|-weather|none\n|upkeep\n|inactive|Junky Dummy has 90 seconds left.\n|\n|t:|1697156060\n|switch|p2b: Whimsicott|Whimsicott, F, shiny|100\/100\n|turn|6\n|\n|t:|1697156069\n|move|p1b: Regieleki|Protect|p1b: Regieleki\n|-singleturn|p1b: Regieleki|Protect\n|move|p2b: Whimsicott|Tailwind|p2b: Whimsicott\n|-sidestart|p2: Junky Dummy|move: Tailwind\n|move|p2a: Charizard|Heat Wave|p1a: Charizard|[spread] \n|-activate|p1b: Regieleki|move: Protect\n|-miss|p2a: Charizard|p1a: Charizard\n|move|p1a: Charizard|Heat Wave|p2a: Charizard|[spread] p2a,p2b\n|-resisted|p2a: Charizard\n|-supereffective|p2b: Whimsicott\n|-damage|p2a: Charizard|83\/100\n|-damage|p2b: Whimsicott|0 fnt\n|faint|p2b: Whimsicott\n|\n|upkeep\n|\n|t:|1697156081\n|switch|p2b: Flutter Mane|Flutter Mane|100\/100\n|turn|7\n|inactive|Junky Dummy has 120 seconds left.\n|l| wangxin\n|\n|t:|1697156114\n|switch|p1b: Ursaluna|Ursaluna, M|100\/100\n|-ability|p1b: Ursaluna|Unnerve\n|move|p2b: Flutter Mane|Shadow Ball|p1a: Charizard\n|-damage|p1a: Charizard|49\/100\n|move|p2a: Charizard|Heat Wave|p1b: Ursaluna|[spread] p1a,p1b\n|-resisted|p1a: Charizard\n|-damage|p1a: Charizard|31\/100\n|-damage|p1b: Ursaluna|70\/100\n|move|p1a: Charizard|Heat Wave|p2b: Flutter Mane|[spread] p2a\n|-miss|p1a: Charizard|p2b: Flutter Mane\n|-resisted|p2a: Charizard\n|-damage|p2a: Charizard|63\/100\n|\n|-status|p1b: Ursaluna|brn|[from] item: Flame Orb\n|upkeep\n|turn|8\n|inactive|Junky Dummy has 120 seconds left.\n|\n|t:|1697156135\n|-end|p2b: Flutter Mane|Protosynthesis|[silent]\n|switch|p2b: Kingambit|Kingambit, M, shiny|100\/100\n|move|p2a: Charizard|Protect|p2a: Charizard\n|-singleturn|p2a: Charizard|Protect\n|move|p1a: Charizard|Protect|p1a: Charizard\n|-singleturn|p1a: Charizard|Protect\n|move|p1b: Ursaluna|Smack Down|p2a: Charizard\n|-activate|p2a: Charizard|move: Protect\n|\n|-damage|p1b: Ursaluna|64\/100 brn|[from] brn\n|upkeep\n|turn|9\n|inactive|Junky Dummy has 120 seconds left.\n|\n|t:|1697156164\n|move|p2b: Kingambit|Sucker Punch|p1a: Charizard\n|-damage|p1a: Charizard|0 fnt\n|faint|p1a: Charizard\n|move|p2a: Charizard|Solar Beam||[still]\n|-prepare|p2a: Charizard|Solar Beam\n|move|p1b: Ursaluna|Earthquake|p2a: Charizard|[spread] p2b\n|-immune|p2a: Charizard\n|-supereffective|p2b: Kingambit\n|-damage|p2b: Kingambit|68\/100\n|\n|-damage|p1b: Ursaluna|58\/100 brn|[from] brn\n|-sideend|p2: Junky Dummy|move: Tailwind\n|upkeep\n|\n|t:|1697156179\n|switch|p1a: Regieleki|Regieleki|1\/100\n|turn|10\n|\n|t:|1697156186\n|switch|p1b: Sinistcha|Sinistcha-Masterpiece|100\/100\n|-heal|p1a: Regieleki|26\/100|[from] ability: Hospitality|[of] p1b: Sinistcha\n|move|p1a: Regieleki|Protect|p1a: Regieleki\n|-singleturn|p1a: Regieleki|Protect\n|move|p2b: Kingambit|Sucker Punch||[still]\n|-fail|p2b: Kingambit\n|move|p2a: Charizard|Solar Beam|p1b: Sinistcha|[from]lockedmove\n|-resisted|p1b: Sinistcha\n|-damage|p1b: Sinistcha|84\/100\n|\n|upkeep\n|turn|11\n|\n|t:|1697156206\n|move|p2a: Charizard|Protect|p2a: Charizard\n|-singleturn|p2a: Charizard|Protect\n|move|p2b: Kingambit|Sucker Punch|p1a: Regieleki\n|-damage|p1a: Regieleki|0 fnt\n|faint|p1a: Regieleki\n|move|p1b: Sinistcha|Matcha Gotcha|p2b: Kingambit|[spread] p2b\n|-activate|p2a: Charizard|move: Protect\n|-resisted|p2b: Kingambit\n|-damage|p2b: Kingambit|58\/100\n|-heal|p1b: Sinistcha|90\/100|[from] drain|[of] p2b: Kingambit\n|\n|upkeep\n|\n|t:|1697156217\n|switch|p1a: Ursaluna|Ursaluna, M|58\/100 brn\n|-ability|p1a: Ursaluna|Unnerve\n|turn|12\n|\n|t:|1697156238\n|switch|p2a: Flutter Mane|Flutter Mane|100\/100\n|move|p2b: Kingambit|Sucker Punch|p1b: Sinistcha\n|-supereffective|p1b: Sinistcha\n|-damage|p1b: Sinistcha|11\/100\n|move|p1b: Sinistcha|Matcha Gotcha|p2b: Kingambit|[spread] p2a,p2b\n|-resisted|p2b: Kingambit\n|-damage|p2a: Flutter Mane|77\/100\n|-heal|p1b: Sinistcha|22\/100|[from] drain|[of] p2a: Flutter Mane\n|-damage|p2b: Kingambit|49\/100\n|-heal|p1b: Sinistcha|27\/100|[from] drain|[of] p2b: Kingambit\n|move|p1a: Ursaluna|Smack Down|p2a: Flutter Mane\n|-crit|p2a: Flutter Mane\n|-damage|p2a: Flutter Mane|51\/100\n|\n|-damage|p1a: Ursaluna|52\/100 brn|[from] brn\n|upkeep\n|turn|13\n|\n|t:|1697156258\n|move|p2b: Kingambit|Sucker Punch|p1b: Sinistcha\n|-supereffective|p1b: Sinistcha\n|-damage|p1b: Sinistcha|0 fnt\n|faint|p1b: Sinistcha\n|move|p2a: Flutter Mane|Icy Wind|p1a: Ursaluna\n|-supereffective|p1a: Ursaluna\n|-damage|p1a: Ursaluna|9\/100 brn\n|-unboost|p1a: Ursaluna|spe|1\n|move|p1a: Ursaluna|Headlong Rush|p2b: Kingambit\n|-supereffective|p2b: Kingambit\n|-damage|p2b: Kingambit|0 fnt\n|-unboost|p1a: Ursaluna|def|1\n|-unboost|p1a: Ursaluna|spd|1\n|faint|p2b: Kingambit\n|\n|-damage|p1a: Ursaluna|3\/100 brn|[from] brn\n|upkeep\n|\n|t:|1697156268\n|switch|p2b: Charizard|Charizard-Mega-Y, F, shiny|63\/100\n|-weather|SunnyDay|[from] ability: Drought|[of] p2b: Charizard\n|-activate|p2a: Flutter Mane|ability: Protosynthesis\n|-start|p2a: Flutter Mane|protosynthesisspe\n|turn|14\n|-message|SAM-DA-NAN forfeited.\n|\n|win|Junky Dummy\n|raw|SAM-DA-NAN's rating: 1338 &rarr; <strong>1319<\/strong><br \/>(-19 for losing)\n|raw|Junky Dummy's rating: 1360 &rarr; <strong>1379<\/strong><br \/>(+19 for winning)\n|l|\u2606SAM-DA-NAN\n","uploadtime":1697156282,"views":13,"p1id":"samdanan","p2id":"junkydummy","formatid":"gen9nationaldexdoubles","rating":1319,"private":0,"password":""}