{"id":"gen9nationaldexdoubles-1952931925","p1":"SpectralIpaxor","p2":"fumbari 24","format":"[Gen 9] National Dex Doubles","log":"|j|\u2606SpectralIpaxor\n|j|\u2606fumbari 24\n|t:|1695741446\n|gametype|doubles\n|player|p1|SpectralIpaxor|ingo-hisui|1166\n|player|p2|fumbari 24|2|1314\n|teamsize|p1|6\n|teamsize|p2|6\n|gen|9\n|tier|[Gen 9] National Dex Doubles\n|rated|\n|rule|HP Percentage Mod: HP is shown in percentages\n|rule|Endless Battle Clause: Forcing endless battles is banned\n|rule|OHKO Clause: OHKO moves are banned\n|rule|Evasion Moves Clause: Evasion moves are banned\n|rule|Evasion Abilities Clause: Evasion abilities are banned\n|rule|Species Clause: Limit one of each Pok\u00e9mon\n|rule|Gravity Sleep Clause: The combination of sleep-inducing moves with imperfect accuracy and Gravity or Gigantamax Orbeetle are banned\n|clearpoke\n|poke|p1|Ogerpon-Hearthflame, F|\n|poke|p1|Shaymin-Sky|\n|poke|p1|Ursaluna-Bloodmoon, M|\n|poke|p1|Fezandipiti, M|\n|poke|p1|Okidogi, M|\n|poke|p1|Vikavolt, M|\n|poke|p2|Haxorus, F|\n|poke|p2|Krookodile, M|\n|poke|p2|Druddigon, F|\n|poke|p2|Salamence, M|\n|poke|p2|Aggron, F|\n|poke|p2|Cofagrigus, M|\n|teampreview\n|inactive|Battle timer is ON: inactive players will automatically lose when time's up. (requested by SpectralIpaxor)\n|inactive|fumbari 24 has 120 seconds left.\n|inactive|fumbari 24 has 90 seconds left.\n|\n|t:|1695741535\n|start\n|switch|p1a: Deer|Shaymin-Sky|100\/100\n|switch|p1b: Oni|Ogerpon-Hearthflame, F|100\/100\n|switch|p2a: Cofagrigus|Cofagrigus, M|100\/100\n|switch|p2b: Aggron|Aggron, F|100\/100\n|-ability|p1b: Oni|Mold Breaker\n|turn|1\n|\n|t:|1695741554\n|move|p1a: Deer|Earth Power|p2b: Aggron\n|-supereffective|p2b: Aggron\n|-damage|p2b: Aggron|0 fnt\n|faint|p2b: Aggron\n|move|p1b: Oni|Knock Off|p2a: Cofagrigus\n|-supereffective|p2a: Cofagrigus\n|-damage|p2a: Cofagrigus|36\/100\n|-activate|p2a: Cofagrigus|ability: Mummy|Mold Breaker|[of] p1b: Oni\n|-enditem|p2a: Cofagrigus|Mental Herb|[from] move: Knock Off|[of] p1b: Oni\n|move|p2a: Cofagrigus|Trick Room|p2a: Cofagrigus\n|-fieldstart|move: Trick Room|[of] p2a: Cofagrigus\n|\n|upkeep\n|\n|t:|1695741565\n|switch|p2b: Druddigon|Druddigon, F|100\/100\n|turn|2\n|\n|t:|1695741586\n|move|p2a: Cofagrigus|Shadow Ball|p1a: Deer\n|-damage|p1a: Deer|59\/100\n|move|p2b: Druddigon|Rock Slide|p1b: Oni|[spread] p1a,p1b\n|-supereffective|p1a: Deer\n|-supereffective|p1b: Oni\n|-damage|p1a: Deer|17\/100\n|-damage|p1b: Oni|61\/100\n|cant|p1b: Oni|flinch\n|move|p1a: Deer|Toxic|p2b: Druddigon\n|-status|p2b: Druddigon|tox\n|\n|-damage|p2b: Druddigon|94\/100 tox|[from] psn\n|upkeep\n|turn|3\n|\n|t:|1695741605\n|switch|p1b: Photon|Vikavolt, M, shiny|100\/100\n|move|p2a: Cofagrigus|Pain Split|p1b: Photon\n|-sethp|p1b: Photon|65\/100|[from] move: Pain Split|[silent]\n|-sethp|p2a: Cofagrigus|78\/100|[from] move: Pain Split\n|move|p2b: Druddigon|Rock Slide|p1a: Deer|[spread] p1a\n|-miss|p2b: Druddigon|p1b: Photon\n|-supereffective|p1a: Deer\n|-damage|p1a: Deer|0 fnt\n|faint|p1a: Deer\n|\n|-damage|p2b: Druddigon|82\/100 tox|[from] psn\n|upkeep\n|\n|t:|1695741622\n|switch|p1a: Chimericon|Ursaluna-Bloodmoon, M|100\/100\n|turn|4\n|\n|t:|1695741632\n|move|p2a: Cofagrigus|Pain Split|p1a: Chimericon\n|-sethp|p1a: Chimericon|81\/100|[from] move: Pain Split|[silent]\n|-sethp|p2a: Cofagrigus|100\/100|[from] move: Pain Split\n|move|p1b: Photon|Discharge|p2b: Druddigon|[spread] p2a,p2b\n|-immune|p1a: Chimericon\n|-resisted|p2b: Druddigon\n|-damage|p2a: Cofagrigus|57\/100\n|-damage|p2b: Druddigon|59\/100 tox\n|-status|p2a: Cofagrigus|par\n|-damage|p1b: Photon|56\/100|[from] item: Life Orb\n|move|p2b: Druddigon|Rock Slide|p1b: Photon|[spread] p1a,p1b\n|-resisted|p1a: Chimericon\n|-supereffective|p1b: Photon\n|-damage|p1a: Chimericon|75\/100\n|-damage|p1b: Photon|25\/100\n|move|p1a: Chimericon|Blood Moon|p2a: Cofagrigus\n|-damage|p2a: Cofagrigus|0 fnt\n|faint|p2a: Cofagrigus\n|\n|-damage|p2b: Druddigon|40\/100 tox|[from] psn\n|upkeep\n|\n|t:|1695741653\n|switch|p2a: Atraco|Krookodile, M|100\/100\n|-ability|p2a: Atraco|Intimidate|boost\n|-unboost|p1a: Chimericon|atk|1\n|-unboost|p1b: Photon|atk|1\n|turn|5\n|\n|t:|1695741677\n|switch|p2a: Haxorus|Haxorus, F|100\/100\n|-ability|p2a: Haxorus|Mold Breaker\n|move|p1b: Photon|Bug Buzz|p2a: Haxorus\n|-damage|p2a: Haxorus|4\/100\n|-damage|p1b: Photon|15\/100|[from] item: Life Orb\n|move|p2b: Druddigon|Dragon Claw|p1b: Photon\n|-damage|p1b: Photon|0 fnt\n|faint|p1b: Photon\n|move|p1a: Chimericon|Earth Power|p2b: Druddigon\n|-damage|p2b: Druddigon|0 fnt\n|faint|p2b: Druddigon\n|\n|-fieldend|move: Trick Room\n|upkeep\n|c|\u2606SpectralIpaxor|bro thinks I care about attack down on my special attackers\n|\n|t:|1695741692\n|switch|p2b: Atraco|Krookodile, M|100\/100\n|switch|p1b: Oni|Ogerpon-Hearthflame, F|61\/100\n|-ability|p1b: Oni|Mold Breaker\n|-ability|p2b: Atraco|Intimidate|boost\n|-unboost|p1a: Chimericon|atk|1\n|-unboost|p1b: Oni|atk|1\n|turn|6\n|\n|t:|1695741703\n|-terastallize|p2b: Atraco|Fairy\n|move|p1b: Oni|U-turn|p2b: Atraco\n|-resisted|p2b: Atraco\n|-damage|p2b: Atraco|92\/100\n|\n|t:|1695741708\n|switch|p1b: Birb|Fezandipiti, M|100\/100|[from] U-turn\n|move|p2a: Haxorus|Breaking Swipe|p1b: Birb|[spread] p1a\n|-immune|p1b: Birb\n|-damage|p1a: Chimericon|54\/100\n|-unboost|p1a: Chimericon|atk|1\n|-damage|p2a: Haxorus|0 fnt|[from] item: Rocky Helmet|[of] p1a: Chimericon\n|faint|p2a: Haxorus\n|move|p2b: Atraco|Snarl|p1b: Birb|[spread] p1a,p1b\n|-resisted|p1b: Birb\n|-crit|p1b: Birb\n|-damage|p1a: Chimericon|44\/100\n|-damage|p1b: Birb|95\/100\n|-unboost|p1a: Chimericon|spa|1\n|-unboost|p1b: Birb|spa|1\n|move|p1a: Chimericon|Blood Moon|p2b: Atraco\n|-damage|p2b: Atraco|46\/100\n|\n|upkeep\n|\n|t:|1695741726\n|switch|p2a: Blue Flame|Salamence, M|100\/100\n|-ability|p2a: Blue Flame|Intimidate|boost\n|-unboost|p1a: Chimericon|atk|1\n|-unboost|p1b: Birb|atk|1\n|turn|7\n|\n|t:|1695741736\n|detailschange|p2a: Blue Flame|Salamence-Mega, M\n|-mega|p2a: Blue Flame|Salamence|Salamencite\n|move|p1a: Chimericon|Protect|p1a: Chimericon\n|-singleturn|p1a: Chimericon|Protect\n|move|p2a: Blue Flame|Double-Edge|p1b: Birb\n|-damage|p1b: Birb|0 fnt\n|faint|p1b: Birb\n|-damage|p2a: Blue Flame|72\/100|[from] Recoil\n|move|p2b: Atraco|Snarl|p1a: Chimericon\n|-activate|p1a: Chimericon|move: Protect\n|\n|upkeep\n|\n|t:|1695741741\n|switch|p1b: Punish|Okidogi, M|100\/100\n|turn|8\n|\n|t:|1695741752\n|move|p2a: Blue Flame|Double-Edge|p1b: Punish\n|-supereffective|p1b: Punish\n|-damage|p1b: Punish|0 fnt\n|faint|p1b: Punish\n|-damage|p2a: Blue Flame|35\/100|[from] Recoil\n|move|p2b: Atraco|Snarl|p1a: Chimericon\n|-damage|p1a: Chimericon|32\/100\n|-unboost|p1a: Chimericon|spa|1\n|move|p1a: Chimericon|Blood Moon|p2b: Atraco\n|-damage|p2b: Atraco|10\/100\n|-enditem|p2b: Atraco|Figy Berry|[eat]\n|-heal|p2b: Atraco|43\/100|[from] item: Figy Berry\n|\n|upkeep\n|\n|t:|1695741754\n|switch|p1b: Oni|Ogerpon-Hearthflame, F|61\/100\n|-ability|p1b: Oni|Mold Breaker\n|turn|9\n|\n|t:|1695741780\n|move|p2a: Blue Flame|Roost|p2a: Blue Flame\n|-heal|p2a: Blue Flame|85\/100\n|-singleturn|p2a: Blue Flame|move: Roost\n|move|p1b: Oni|Ivy Cudgel|p2b: Atraco\n|-damage|p2b: Atraco|0 fnt\n|faint|p2b: Atraco\n|move|p1a: Chimericon|Moonlight|p1a: Chimericon\n|-heal|p1a: Chimericon|82\/100\n|\n|upkeep\n|turn|10\n|\n|t:|1695741803\n|move|p2a: Blue Flame|Double-Edge|p1b: Oni\n|-supereffective|p1b: Oni\n|-damage|p1b: Oni|0 fnt\n|faint|p1b: Oni\n|-damage|p2a: Blue Flame|68\/100|[from] Recoil\n|move|p1a: Chimericon|Blood Moon|p2a: Blue Flame\n|-damage|p2a: Blue Flame|26\/100\n|\n|upkeep\n|turn|11\n|\n|t:|1695741812\n|move|p1a: Chimericon|Protect|p1a: Chimericon\n|-singleturn|p1a: Chimericon|Protect\n|move|p2a: Blue Flame|Roost|p2a: Blue Flame\n|-heal|p2a: Blue Flame|76\/100\n|-singleturn|p2a: Blue Flame|move: Roost\n|\n|upkeep\n|turn|12\n|\n|t:|1695741818\n|move|p2a: Blue Flame|Dragon Dance|p2a: Blue Flame\n|-boost|p2a: Blue Flame|atk|1\n|-boost|p2a: Blue Flame|spe|1\n|move|p1a: Chimericon|Blood Moon|p2a: Blue Flame\n|-damage|p2a: Blue Flame|33\/100\n|\n|upkeep\n|turn|13\n|\n|t:|1695741823\n|move|p2a: Blue Flame|Roost|p2a: Blue Flame\n|-heal|p2a: Blue Flame|83\/100\n|-singleturn|p2a: Blue Flame|move: Roost\n|move|p1a: Chimericon|Moonlight|p1a: Chimericon\n|-heal|p1a: Chimericon|100\/100\n|\n|upkeep\n|turn|14\n|\n|t:|1695741842\n|move|p2a: Blue Flame|Protect|p2a: Blue Flame\n|-singleturn|p2a: Blue Flame|Protect\n|move|p1a: Chimericon|Blood Moon|p2a: Blue Flame\n|-activate|p2a: Blue Flame|move: Protect\n|\n|upkeep\n|turn|15\n|\n|t:|1695741848\n|move|p1a: Chimericon|Protect|p1a: Chimericon\n|-singleturn|p1a: Chimericon|Protect\n|move|p2a: Blue Flame|Dragon Dance|p2a: Blue Flame\n|-boost|p2a: Blue Flame|atk|1\n|-boost|p2a: Blue Flame|spe|1\n|\n|upkeep\n|turn|16\n|\n|t:|1695741858\n|-terastallize|p1a: Chimericon|Normal\n|move|p2a: Blue Flame|Protect|p2a: Blue Flame\n|-singleturn|p2a: Blue Flame|Protect\n|move|p1a: Chimericon|Earth Power|p2a: Blue Flame\n|-activate|p2a: Blue Flame|move: Protect\n|\n|upkeep\n|turn|17\n|\n|t:|1695741867\n|move|p2a: Blue Flame|Dragon Dance|p2a: Blue Flame\n|-boost|p2a: Blue Flame|atk|1\n|-boost|p2a: Blue Flame|spe|1\n|move|p1a: Chimericon|Blood Moon|p2a: Blue Flame\n|-damage|p2a: Blue Flame|21\/100\n|\n|upkeep\n|turn|18\n|\n|t:|1695741876\n|move|p1a: Chimericon|Protect|p1a: Chimericon\n|-singleturn|p1a: Chimericon|Protect\n|move|p2a: Blue Flame|Double-Edge|p1a: Chimericon\n|-activate|p1a: Chimericon|move: Protect\n|\n|upkeep\n|turn|19\n|\n|t:|1695741880\n|move|p2a: Blue Flame|Double-Edge|p1a: Chimericon\n|-damage|p1a: Chimericon|0 fnt\n|-damage|p2a: Blue Flame|5\/100|[from] item: Rocky Helmet|[of] p1a: Chimericon\n|faint|p1a: Chimericon\n|-damage|p2a: Blue Flame|0 fnt|[from] Recoil\n|faint|p2a: Blue Flame\n|\n|win|fumbari 24\n|raw|SpectralIpaxor's rating: 1166 &rarr; <strong>1151<\/strong><br \/>(-15 for losing)\n|raw|fumbari 24's rating: 1314 &rarr; <strong>1326<\/strong><br \/>(+12 for winning)\n|c|\u2606SpectralIpaxor|g\n|c|\u2606SpectralIpaxor|g\n|l|\u2606SpectralIpaxor\n|c|\u2606fumbari 24|Gg\n|j| El Ryuk456\n","uploadtime":1695741946,"views":10,"p1id":"spectralipaxor","p2id":"fumbari24","formatid":"gen9nationaldexdoubles","rating":1151,"private":0,"password":""}