{"id":"gen9nationaldexdoubles-1954175826","p1":"Vixen 4 Life","p2":"Theonlykev","format":"[Gen 9] National Dex Doubles","log":"|j|\u2606Vixen 4 Life\n|j|\u2606Theonlykev\n|t:|1695861721\n|gametype|doubles\n|player|p1|Vixen 4 Life|penny|1437\n|player|p2|Theonlykev|ltsurge|1349\n|teamsize|p1|6\n|teamsize|p2|6\n|gen|9\n|tier|[Gen 9] National Dex Doubles\n|rated|\n|rule|HP Percentage Mod: HP is shown in percentages\n|rule|Endless Battle Clause: Forcing endless battles is banned\n|rule|OHKO Clause: OHKO moves are banned\n|rule|Evasion Moves Clause: Evasion moves are banned\n|rule|Evasion Abilities Clause: Evasion abilities are banned\n|rule|Species Clause: Limit one of each Pok\u00e9mon\n|rule|Gravity Sleep Clause: The combination of sleep-inducing moves with imperfect accuracy and Gravity or Gigantamax Orbeetle are banned\n|clearpoke\n|poke|p1|Okidogi, M|\n|poke|p1|Roaring Moon|\n|poke|p1|Rillaboom, M|\n|poke|p1|Chien-Pao|\n|poke|p1|Shiftry, M|\n|poke|p1|Gyarados, M|\n|poke|p2|Landorus-Therian, M|\n|poke|p2|Tornadus, M|\n|poke|p2|Enamorus-Therian, F|\n|poke|p2|Thundurus, M|\n|poke|p2|Ogerpon-Hearthflame, F|\n|poke|p2|Palafin, M|\n|teampreview\n|c|\u2606Theonlykev|Glhf\n|\n|t:|1695861732\n|start\n|switch|p1a: Shiftry|Shiftry, M|100\/100\n|switch|p1b: Roaring Moon|Roaring Moon|100\/100\n|switch|p2a: Tornadus|Tornadus, M|100\/100\n|switch|p2b: Thundurus|Thundurus, M|100\/100\n|-enditem|p1b: Roaring Moon|Booster Energy\n|-activate|p1b: Roaring Moon|ability: Protosynthesis|[fromitem]\n|-start|p1b: Roaring Moon|protosynthesisspe\n|turn|1\n|c|\u2606Vixen 4 Life|Glhf\n|\n|t:|1695861749\n|move|p2a: Tornadus|Tailwind|p2a: Tornadus\n|-sidestart|p2: Theonlykev|move: Tailwind\n|move|p2b: Thundurus|Wildbolt Storm|p1a: Shiftry|[spread] \n|-ability|p1a: Shiftry|Wind Rider|boost\n|-boost|p1a: Shiftry|atk|1\n|-miss|p2b: Thundurus|p1b: Roaring Moon\n|move|p1b: Roaring Moon|Tailwind|p1b: Roaring Moon\n|-sidestart|p1: Vixen 4 Life|move: Tailwind\n|-ability|p1a: Shiftry|Wind Rider|boost\n|-boost|p1a: Shiftry|atk|1\n|move|p1a: Shiftry|Knock Off|p2b: Thundurus\n|-damage|p2b: Thundurus|0 fnt\n|-enditem|p2b: Thundurus|Covert Cloak|[from] move: Knock Off|[of] p1a: Shiftry\n|faint|p2b: Thundurus\n|\n|upkeep\n|\n|t:|1695861768\n|switch|p2b: Ogerpon|Ogerpon-Hearthflame, F|100\/100\n|-ability|p2b: Ogerpon|Mold Breaker\n|turn|2\n|\n|t:|1695861781\n|-terastallize|p2b: Ogerpon|Fire\n|detailschange|p2b: Ogerpon|Ogerpon-Hearthflame-Tera, F, tera:Fire\n|-ability|p2b: Ogerpon|Embody Aspect (Hearthflame)|boost\n|-boost|p2b: Ogerpon|atk|1\n|-terastallize|p1a: Shiftry|Fire\n|move|p2a: Tornadus|Protect|p2a: Tornadus\n|-singleturn|p2a: Tornadus|Protect\n|move|p1b: Roaring Moon|Dragon Dance|p1b: Roaring Moon\n|-boost|p1b: Roaring Moon|atk|1\n|-boost|p1b: Roaring Moon|spe|1\n|move|p2b: Ogerpon|Ivy Cudgel|p1b: Roaring Moon\n|-resisted|p1b: Roaring Moon\n|-crit|p1b: Roaring Moon\n|-damage|p1b: Roaring Moon|0 fnt\n|faint|p1b: Roaring Moon\n|-end|p1b: Roaring Moon|Protosynthesis|[silent]\n|move|p1a: Shiftry|Knock Off|p2b: Ogerpon\n|-damage|p2b: Ogerpon|19\/100\n|\n|upkeep\n|\n|t:|1695861796\n|switch|p1b: Gyarados|Gyarados, M|100\/100\n|-ability|p1b: Gyarados|Intimidate|boost\n|-unboost|p2a: Tornadus|atk|1\n|-unboost|p2b: Ogerpon|atk|1\n|turn|3\n|\n|t:|1695861842\n|switch|p2a: Landorus|Landorus-Therian, M|100\/100\n|-ability|p2a: Landorus|Intimidate|boost\n|-unboost|p1a: Shiftry|atk|1\n|-unboost|p1b: Gyarados|atk|1\n|switch|p1b: Rillaboom|Rillaboom, M|100\/100\n|-fieldstart|move: Grassy Terrain|[from] ability: Grassy Surge|[of] p1b: Rillaboom\n|move|p2b: Ogerpon|Horn Leech|p1b: Rillaboom\n|-resisted|p1b: Rillaboom\n|-damage|p1b: Rillaboom|72\/100\n|-heal|p2b: Ogerpon|38\/100|[from] drain|[of] p1b: Rillaboom\n|move|p1a: Shiftry|Knock Off|p2b: Ogerpon\n|-damage|p2b: Ogerpon|0 fnt\n|faint|p2b: Ogerpon\n|\n|-heal|p1b: Rillaboom|78\/100|[from] Grassy Terrain\n|upkeep\n|\n|t:|1695861862\n|switch|p2b: Enamorus|Enamorus-Therian, F|100\/100\n|turn|4\n|\n|t:|1695861875\n|move|p1b: Rillaboom|Fake Out|p2a: Landorus\n|-damage|p2a: Landorus|87\/100\n|move|p1a: Shiftry|Will-O-Wisp|p2a: Landorus\n|-status|p2a: Landorus|brn\n|cant|p2a: Landorus|flinch\n|move|p2b: Enamorus|Earth Power|p1a: Shiftry\n|-supereffective|p1a: Shiftry\n|-damage|p1a: Shiftry|0 fnt\n|faint|p1a: Shiftry\n|\n|-heal|p1b: Rillaboom|85\/100|[from] Grassy Terrain\n|-damage|p2a: Landorus|81\/100 brn|[from] brn\n|-sideend|p2: Theonlykev|move: Tailwind\n|-sideend|p1: Vixen 4 Life|move: Tailwind\n|upkeep\n|\n|t:|1695861885\n|switch|p1a: Gyarados|Gyarados, M|100\/100\n|-ability|p1a: Gyarados|Intimidate|boost\n|-unboost|p2a: Landorus|atk|1\n|-unboost|p2b: Enamorus|atk|1\n|turn|5\n|\n|t:|1695861898\n|move|p2a: Landorus|U-turn|p1b: Rillaboom\n|-supereffective|p1b: Rillaboom\n|-damage|p1b: Rillaboom|67\/100\n|\n|t:|1695861901\n|switch|p2a: Tornadus|Tornadus, M|100\/100|[from] U-turn\n|move|p1b: Rillaboom|U-turn|p2a: Tornadus\n|-resisted|p2a: Tornadus\n|-damage|p2a: Tornadus|81\/100\n|\n|t:|1695861907\n|switch|p1b: Chien-Pao|Chien-Pao|100\/100|[from] U-turn\n|-ability|p1b: Chien-Pao|Sword of Ruin\n|move|p1a: Gyarados|Thunder Wave|p2b: Enamorus\n|-status|p2b: Enamorus|par\n|cant|p2b: Enamorus|par\n|\n|upkeep\n|turn|6\n|\n|t:|1695861920\n|move|p2a: Tornadus|Tailwind|p2a: Tornadus\n|-sidestart|p2: Theonlykev|move: Tailwind\n|move|p1b: Chien-Pao|Icicle Crash|p2b: Enamorus\n|-supereffective|p2b: Enamorus\n|-damage|p2b: Enamorus|0 fnt\n|faint|p2b: Enamorus\n|move|p1a: Gyarados|Thunder Wave|p2a: Tornadus|[miss]\n|-miss|p1a: Gyarados|p2a: Tornadus\n|\n|upkeep\n|\n|t:|1695861930\n|switch|p2b: Palafin|Palafin, M|100\/100\n|turn|7\n|\n|t:|1695861937\n|move|p1b: Chien-Pao|Protect|p1b: Chien-Pao\n|-singleturn|p1b: Chien-Pao|Protect\n|move|p1a: Gyarados|Protect|p1a: Gyarados\n|-singleturn|p1a: Gyarados|Protect\n|move|p2a: Tornadus|Bleakwind Storm|p1a: Gyarados|[spread] \n|-activate|p1a: Gyarados|move: Protect\n|-activate|p1b: Chien-Pao|move: Protect\n|move|p2b: Palafin|Flip Turn|p1b: Chien-Pao\n|-activate|p1b: Chien-Pao|move: Protect\n|\n|-fieldend|move: Grassy Terrain\n|upkeep\n|turn|8\n|\n|t:|1695861954\n|move|p1b: Chien-Pao|Sucker Punch|p2b: Palafin\n|-damage|p2b: Palafin|50\/100\n|move|p2a: Tornadus|Bleakwind Storm|p1a: Gyarados|[spread] p1a,p1b\n|-damage|p1a: Gyarados|70\/100\n|-damage|p1b: Chien-Pao|44\/100\n|-unboost|p1b: Chien-Pao|spe|1\n|move|p2b: Palafin|Flip Turn|p1b: Chien-Pao\n|-damage|p1b: Chien-Pao|9\/100\n|\n|t:|1695861964\n|detailschange|p2b: Palafin|Palafin-Hero, M\n|switch|p2b: Landorus|Landorus-Therian, M|81\/100 brn|[from] Flip Turn\n|-ability|p2b: Landorus|Intimidate|boost\n|-unboost|p1a: Gyarados|atk|1\n|-unboost|p1b: Chien-Pao|atk|1\n|move|p1a: Gyarados|Waterfall|p2b: Landorus\n|-supereffective|p2b: Landorus\n|-damage|p2b: Landorus|5\/100 brn\n|\n|-damage|p2b: Landorus|0 fnt|[from] brn\n|faint|p2b: Landorus\n|upkeep\n|\n|t:|1695861975\n|switch|p2b: Palafin|Palafin-Hero, M|50\/100\n|-activate|p2b: Palafin|ability: Zero to Hero\n|turn|9\n|\n|t:|1695861987\n|move|p1b: Chien-Pao|Protect|p1b: Chien-Pao\n|-singleturn|p1b: Chien-Pao|Protect\n|move|p2b: Palafin|Jet Punch|p1b: Chien-Pao\n|-activate|p1b: Chien-Pao|move: Protect\n|move|p2a: Tornadus|Bleakwind Storm|p1a: Gyarados|[spread] p1a\n|-activate|p1b: Chien-Pao|move: Protect\n|-damage|p1a: Gyarados|41\/100\n|move|p1a: Gyarados|Thunder Wave|p2b: Palafin\n|-status|p2b: Palafin|par\n|\n|-sideend|p2: Theonlykev|move: Tailwind\n|upkeep\n|turn|10\n|\n|t:|1695862005\n|switch|p1b: Rillaboom|Rillaboom, M|67\/100\n|-fieldstart|move: Grassy Terrain|[from] ability: Grassy Surge|[of] p1b: Rillaboom\n|move|p2b: Palafin|Jet Punch|p1b: Rillaboom\n|-resisted|p1b: Rillaboom\n|-damage|p1b: Rillaboom|44\/100\n|move|p2a: Tornadus|Bleakwind Storm|p1a: Gyarados|[spread] p1a,p1b\n|-supereffective|p1b: Rillaboom\n|-damage|p1a: Gyarados|9\/100\n|-damage|p1b: Rillaboom|0 fnt\n|faint|p1b: Rillaboom\n|move|p1a: Gyarados|Thunder Wave|p2a: Tornadus\n|-status|p2a: Tornadus|par\n|\n|-heal|p2b: Palafin|56\/100 par|[from] Grassy Terrain\n|upkeep\n|\n|t:|1695862018\n|switch|p1b: Okidogi|Okidogi, M|100\/100\n|turn|11\n|\n|t:|1695862027\n|move|p1a: Gyarados|Protect|p1a: Gyarados\n|-singleturn|p1a: Gyarados|Protect\n|move|p2b: Palafin|Jet Punch|p1a: Gyarados\n|-activate|p1a: Gyarados|move: Protect\n|move|p1b: Okidogi|Poison Jab|p2a: Tornadus\n|-damage|p2a: Tornadus|21\/100 par\n|cant|p2a: Tornadus|par\n|\n|-heal|p2b: Palafin|62\/100 par|[from] Grassy Terrain\n|upkeep\n|turn|12\n|\n|t:|1695862042\n|switch|p1a: Chien-Pao|Chien-Pao|9\/100\n|-ability|p1a: Chien-Pao|Sword of Ruin\n|move|p2b: Palafin|Jet Punch|p1a: Chien-Pao\n|-crit|p1a: Chien-Pao\n|-damage|p1a: Chien-Pao|0 fnt\n|faint|p1a: Chien-Pao\n|move|p1b: Okidogi|Poison Jab|p2a: Tornadus\n|-damage|p2a: Tornadus|0 fnt\n|faint|p2a: Tornadus\n|\n|-heal|p2b: Palafin|69\/100 par|[from] Grassy Terrain\n|upkeep\n|\n|t:|1695862051\n|switch|p1a: Gyarados|Gyarados, M|9\/100\n|-ability|p1a: Gyarados|Intimidate|boost\n|-unboost|p2b: Palafin|atk|1\n|turn|13\n|c|\u2606Theonlykev|Gg\n|c|\u2606Vixen 4 Life|Gg\n|c|\u2606Theonlykev|Got read like a book\n|\n|t:|1695862069\n|move|p1a: Gyarados|Protect|p1a: Gyarados\n|-singleturn|p1a: Gyarados|Protect\n|move|p2b: Palafin|Jet Punch|p1b: Okidogi\n|-damage|p1b: Okidogi|74\/100\n|move|p1b: Okidogi|Bulk Up|p1b: Okidogi\n|-boost|p1b: Okidogi|atk|1\n|-boost|p1b: Okidogi|def|1\n|\n|-heal|p1b: Okidogi|80\/100|[from] Grassy Terrain\n|-heal|p1b: Okidogi|86\/100|[from] item: Leftovers\n|-heal|p2b: Palafin|75\/100 par|[from] Grassy Terrain\n|upkeep\n|turn|14\n|c|\u2606Vixen 4 Life|Not really\n|\n|t:|1695862083\n|cant|p2b: Palafin|par\n|move|p1a: Gyarados|Waterfall|p2b: Palafin\n|-resisted|p2b: Palafin\n|-damage|p2b: Palafin|58\/100 par\n|move|p1b: Okidogi|Drain Punch|p2b: Palafin\n|-damage|p2b: Palafin|4\/100 par\n|-heal|p1b: Okidogi|100\/100|[from] drain|[of] p2b: Palafin\n|\n|-heal|p2b: Palafin|10\/100 par|[from] Grassy Terrain\n|-fieldend|move: Grassy Terrain\n|upkeep\n|turn|15\n|\n|t:|1695862096\n|move|p1a: Gyarados|Protect|p1a: Gyarados\n|-singleturn|p1a: Gyarados|Protect\n|cant|p2b: Palafin|par\n|move|p1b: Okidogi|Poison Jab|p2b: Palafin\n|-damage|p2b: Palafin|0 fnt\n|faint|p2b: Palafin\n|\n|win|Vixen 4 Life\n|raw|Vixen 4 Life's rating: 1437 &rarr; <strong>1452<\/strong><br \/>(+15 for winning)\n|raw|Theonlykev's rating: 1349 &rarr; <strong>1334<\/strong><br \/>(-15 for losing)\n|l|\u2606Theonlykev\n|c|\u2606Vixen 4 Life|Nice genie team tho\n","uploadtime":1695862119,"views":10,"p1id":"vixen4life","p2id":"theonlykev","formatid":"gen9nationaldexdoubles","rating":1334,"private":0,"password":""}