{"id":"gen9nationaldexdoubles-1972028220","p1":"omegashenronone","p2":"khush19","format":"[Gen 9] National Dex Doubles","log":"|j|\u2606omegashenronone\n|j|\u2606khush19\n|t:|1697806379\n|gametype|doubles\n|player|p1|omegashenronone|hugh|\n|player|p2|khush19|n|\n|teamsize|p1|6\n|teamsize|p2|6\n|gen|9\n|tier|[Gen 9] National Dex Doubles\n|rule|HP Percentage Mod: HP is shown in percentages\n|rule|Endless Battle Clause: Forcing endless battles is banned\n|rule|OHKO Clause: OHKO moves are banned\n|rule|Evasion Moves Clause: Evasion moves are banned\n|rule|Evasion Abilities Clause: Evasion abilities are banned\n|rule|Species Clause: Limit one of each Pok\u00e9mon\n|rule|Gravity Sleep Clause: The combination of sleep-inducing moves with imperfect accuracy and Gravity or Gigantamax Orbeetle are banned\n|clearpoke\n|poke|p1|Pelipper, M|\n|poke|p1|Gyarados, F|\n|poke|p1|Greninja-*, M|\n|poke|p1|Dracovish|\n|poke|p1|Walking Wake|\n|poke|p1|Rotom-Wash|\n|poke|p2|Cinderace, F|\n|poke|p2|Swampert, F|\n|poke|p2|Blaziken, M|\n|poke|p2|Mimikyu, M|\n|poke|p2|Greninja-*, M|\n|poke|p2|Charizard, F|\n|teampreview\n|inactive|Battle timer is ON: inactive players will automatically lose when time's up. (requested by omegashenronone)\n|c|\u2606khush19|Glhf\n|\n|t:|1697806393\n|start\n|switch|p1a: Happy|Pelipper, M|100\/100\n|switch|p1b: Genji|Greninja, M, shiny|100\/100\n|switch|p2a: Swampert|Swampert, F|100\/100\n|switch|p2b: Greninja|Greninja, M|100\/100\n|-weather|RainDance|[from] ability: Drizzle|[of] p1a: Happy\n|turn|1\n|c|\u2606omegashenronone|You 2\n|inactive|khush19 has 270 seconds left.\n|\n|t:|1697806425\n|move|p1b: Genji|Scald|p2a: Swampert\n|-start|p1b: Genji|typechange|Water|[from] ability: Protean\n|-damage|p2a: Swampert|25\/100\n|move|p2b: Greninja|Dark Pulse|p1b: Genji\n|-start|p2b: Greninja|typechange|Dark|[from] ability: Protean\n|-damage|p1b: Genji|44\/100\n|move|p2a: Swampert|Yawn|p1a: Happy\n|-start|p1a: Happy|move: Yawn|[of] p2a: Swampert\n|move|p1a: Happy|Tailwind|p1a: Happy\n|-sidestart|p1: omegashenronone|move: Tailwind\n|\n|-weather|RainDance|[upkeep]\n|-heal|p2a: Swampert|31\/100|[from] item: Leftovers\n|upkeep\n|turn|2\n|inactive|khush19 has 270 seconds left.\n|\n|t:|1697806466\n|move|p1b: Genji|Scald|p2a: Swampert\n|-damage|p2a: Swampert|0 fnt\n|faint|p2a: Swampert\n|move|p2b: Greninja|Dark Pulse|p1b: Genji\n|-damage|p1b: Genji|0 fnt\n|faint|p1b: Genji\n|move|p1a: Happy|U-turn|p2b: Greninja\n|-supereffective|p2b: Greninja\n|-crit|p2b: Greninja\n|-damage|p2b: Greninja|61\/100\n|\n|t:|1697806474\n|switch|p1a: Ze Fish?|Dracovish|100\/100|[from] U-turn\n|\n|-weather|RainDance|[upkeep]\n|upkeep\n|\n|t:|1697806483\n|switch|p1b: Happy|Pelipper, M|100\/100\n|switch|p2a: Mimikyu|Mimikyu, M|100\/100\n|turn|3\n|\n|t:|1697806499\n|move|p1a: Ze Fish?|Fishious Rend|p2b: Greninja\n|-damage|p2b: Greninja|0 fnt\n|faint|p2b: Greninja\n|move|p1b: Happy|Icy Wind|p2a: Mimikyu\n|-activate|p2a: Mimikyu|ability: Disguise\n|-damage|p2a: Mimikyu|100\/100\n|-unboost|p2a: Mimikyu|spe|1\n|detailschange|p2a: Mimikyu|Mimikyu-Busted, M\n|-damage|p2a: Mimikyu|88\/100|[from] pokemon: Mimikyu-Busted\n|move|p2a: Mimikyu|Play Rough|p1a: Ze Fish?\n|-supereffective|p1a: Ze Fish?\n|-damage|p1a: Ze Fish?|2\/100\n|-damage|p2a: Mimikyu|78\/100|[from] item: Life Orb\n|\n|-weather|RainDance|[upkeep]\n|upkeep\n|\n|t:|1697806517\n|switch|p2b: Charizard|Charizard, F|100\/100\n|turn|4\n|\n|t:|1697806530\n|move|p2a: Mimikyu|Shadow Sneak|p1a: Ze Fish?\n|-damage|p1a: Ze Fish?|0 fnt\n|faint|p1a: Ze Fish?\n|-damage|p2a: Mimikyu|68\/100|[from] item: Life Orb\n|move|p1b: Happy|Hurricane|p2a: Mimikyu\n|-damage|p2a: Mimikyu|21\/100\n|move|p2b: Charizard|Dragon Dance|p2b: Charizard\n|-boost|p2b: Charizard|atk|1\n|-boost|p2b: Charizard|spe|1\n|\n|-weather|RainDance|[upkeep]\n|-sideend|p1: omegashenronone|move: Tailwind\n|upkeep\n|\n|t:|1697806547\n|switch|p1a: Waking walk|Walking Wake|100\/100\n|-enditem|p1a: Waking walk|Booster Energy\n|-activate|p1a: Waking walk|ability: Protosynthesis|[fromitem]\n|-start|p1a: Waking walk|protosynthesisspa\n|turn|5\n|\n|t:|1697806573\n|-end|p1a: Waking walk|Protosynthesis|[silent]\n|switch|p1a: Former rotom phone|Rotom-Wash, shiny|100\/100\n|move|p2b: Charizard|Protect|p2b: Charizard\n|-singleturn|p2b: Charizard|Protect\n|move|p2a: Mimikyu|Play Rough|p1a: Former rotom phone\n|-damage|p1a: Former rotom phone|45\/100\n|-damage|p2a: Mimikyu|11\/100|[from] item: Life Orb\n|move|p1b: Happy|Tailwind|p1b: Happy\n|-sidestart|p1: omegashenronone|move: Tailwind\n|\n|-weather|RainDance|[upkeep]\n|upkeep\n|turn|6\n|\n|t:|1697806594\n|move|p2a: Mimikyu|Shadow Sneak|p1a: Former rotom phone\n|-damage|p1a: Former rotom phone|18\/100\n|-damage|p2a: Mimikyu|1\/100|[from] item: Life Orb\n|move|p2b: Charizard|Dragon Claw|p1b: Happy\n|-damage|p1b: Happy|73\/100\n|move|p1a: Former rotom phone|Thunder|p2b: Charizard\n|-supereffective|p2b: Charizard\n|-damage|p2b: Charizard|0 fnt\n|faint|p2b: Charizard\n|-damage|p1a: Former rotom phone|8\/100|[from] item: Life Orb\n|move|p1b: Happy|Icy Wind|p2a: Mimikyu\n|-damage|p2a: Mimikyu|0 fnt\n|faint|p2a: Mimikyu\n|\n|-weather|RainDance|[upkeep]\n|upkeep\n|c|\u2606omegashenronone|Blunder\n|inactive|khush19 has 270 seconds left.\n|\n|t:|1697806613\n|switch|p2a: Cinderace|Cinderace, F|100\/100\n|switch|p2b: Blaziken|Blaziken, M|100\/100\n|turn|7\n|c|\u2606omegashenronone|If you attacked rotom you wouldve won\n|inactive|khush19 has 270 seconds left.\n|\n|t:|1697806641\n|move|p1a: Former rotom phone|Hidden Power|p2b: Blaziken\n|-supereffective|p2b: Blaziken\n|-damage|p2b: Blaziken|24\/100\n|-damage|p1a: Former rotom phone|0 fnt|[from] item: Life Orb\n|faint|p1a: Former rotom phone\n|move|p2a: Cinderace|Shadow Ball|p1b: Happy\n|-start|p2a: Cinderace|typechange|Ghost|[from] ability: Libero\n|-damage|p1b: Happy|46\/100\n|-damage|p2a: Cinderace|91\/100|[from] item: Life Orb\n|move|p1b: Happy|Icy Wind|p2b: Blaziken|[spread] p2a,p2b\n|-resisted|p2b: Blaziken\n|-damage|p2a: Cinderace|78\/100\n|-damage|p2b: Blaziken|17\/100\n|-unboost|p2a: Cinderace|spe|1\n|-unboost|p2b: Blaziken|spe|1\n|move|p2b: Blaziken|Thunder Punch|p1b: Happy\n|-supereffective|p1b: Happy\n|-damage|p1b: Happy|0 fnt\n|faint|p1b: Happy\n|-damage|p2b: Blaziken|7\/100|[from] item: Life Orb\n|\n|-weather|RainDance|[upkeep]\n|-ability|p2b: Blaziken|Speed Boost|boost\n|-boost|p2b: Blaziken|spe|1\n|upkeep\n|\n|t:|1697806651\n|switch|p1a: CHERRY|Gyarados, F, shiny|100\/100\n|switch|p1b: Waking walk|Walking Wake|100\/100\n|-ability|p1a: CHERRY|Intimidate|boost\n|-unboost|p2a: Cinderace|atk|1\n|-unboost|p2b: Blaziken|atk|1\n|turn|8\n|\n|t:|1697806680\n|detailschange|p1a: CHERRY|Gyarados-Mega, F, shiny\n|-mega|p1a: CHERRY|Gyarados|Gyaradosite\n|-ability|p1a: CHERRY|Mold Breaker\n|move|p1b: Waking walk|Hydro Steam|p2a: Cinderace\n|-damage|p2a: Cinderace|0 fnt\n|faint|p2a: Cinderace\n|move|p1a: CHERRY|Crunch|p2b: Blaziken\n|-resisted|p2b: Blaziken\n|-damage|p2b: Blaziken|0 fnt\n|faint|p2b: Blaziken\n|\n|win|omegashenronone\n|c|\u2606omegashenronone|Good game\n|c|\u2606khush19|Gg\n|c|\u2606khush19|One more?\n","uploadtime":1697806703,"views":9,"p1id":"omegashenronone","p2id":"khush19","formatid":"gen9nationaldexdoubles","rating":0,"private":0,"password":""}