{"id":"gen9nationaldexdoubles-1972216142","p1":"SgtSmilies","p2":"Jolly stranger","format":"[Gen 9] National Dex Doubles","log":"|j|\u2606SgtSmilies\n|j|\u2606Jolly stranger\n|t:|1697822243\n|gametype|doubles\n|player|p1|SgtSmilies|acetrainerf|\n|player|p2|Jolly stranger|gentleman-gen4dp|\n|teamsize|p1|6\n|teamsize|p2|6\n|gen|9\n|tier|[Gen 9] National Dex Doubles\n|rule|HP Percentage Mod: HP is shown in percentages\n|rule|Endless Battle Clause: Forcing endless battles is banned\n|rule|OHKO Clause: OHKO moves are banned\n|rule|Evasion Moves Clause: Evasion moves are banned\n|rule|Evasion Abilities Clause: Evasion abilities are banned\n|rule|Species Clause: Limit one of each Pok\u00e9mon\n|rule|Gravity Sleep Clause: The combination of sleep-inducing moves with imperfect accuracy and Gravity or Gigantamax Orbeetle are banned\n|clearpoke\n|poke|p1|Torkoal, M|\n|poke|p1|Lilligant, F|\n|poke|p1|Thundurus, M|\n|poke|p1|Murkrow, F|\n|poke|p1|Dragapult, F|\n|poke|p1|Chien-Pao|\n|poke|p2|Arcanine, M|\n|poke|p2|Spinda, M|\n|poke|p2|Indeedee-F, F|\n|poke|p2|Hatterene, F|\n|poke|p2|Dudunsparce-*, F|\n|poke|p2|Maushold-Four|\n|teampreview\n|j| Relleth\n|\n|t:|1697822262\n|start\n|switch|p1a: Global Warming|Torkoal, M|100\/100\n|switch|p1b: Lilligant|Lilligant, F|100\/100\n|switch|p2a: Real in|Indeedee-F, F|100\/100\n|switch|p2b: Here for the crow|Hatterene, F|100\/100\n|-fieldstart|move: Psychic Terrain|[from] ability: Psychic Surge|[of] p2a: Real in\n|-weather|SunnyDay|[from] ability: Drought|[of] p1a: Global Warming\n|turn|1\n|j| Camdar\n|\n|t:|1697822290\n|move|p1b: Lilligant|Solar Beam||[still]\n|-prepare|p1b: Lilligant|Solar Beam\n|-anim|p1b: Lilligant|Solar Beam|p2b: Here for the crow\n|-damage|p2b: Here for the crow|35\/100\n|move|p2b: Here for the crow|Expanding Force|p1b: Lilligant|[spread] p1a,p1b\n|-damage|p1a: Global Warming|12\/100\n|-enditem|p1b: Lilligant|Focus Sash\n|-damage|p1b: Lilligant|1\/100\n|move|p1a: Global Warming|Eruption|p2a: Real in|[spread] p2a,p2b\n|-damage|p2a: Real in|91\/100\n|-damage|p2b: Here for the crow|25\/100\n|move|p2a: Real in|Trick Room|p2a: Real in\n|-fieldstart|move: Trick Room|[of] p2a: Real in\n|\n|-weather|SunnyDay|[upkeep]\n|upkeep\n|turn|2\n|\n|t:|1697822338\n|move|p1a: Global Warming|Earth Power|p2b: Here for the crow\n|-damage|p2b: Here for the crow|0 fnt\n|faint|p2b: Here for the crow\n|move|p2a: Real in|Expanding Force|p1b: Lilligant|[spread] p1a,p1b\n|-damage|p1a: Global Warming|0 fnt\n|-damage|p1b: Lilligant|0 fnt\n|faint|p1a: Global Warming\n|faint|p1b: Lilligant\n|\n|-weather|SunnyDay|[upkeep]\n|upkeep\n|\n|t:|1697822363\n|switch|p1a: VGC2014|Thundurus, M|100\/100\n|switch|p2b: No more fear|Dudunsparce-Three-Segment, F|100\/100\n|switch|p1b: Invalidation|Murkrow, F|100\/100\n|turn|3\n|\n|t:|1697822388\n|switch|p2a: Charles II Spain|Maushold-Four|100\/100\n|move|p2b: No more fear|Blizzard|p1b: Invalidation|[spread] p1a\n|-miss|p2b: No more fear|p1b: Invalidation\n|-supereffective|p1a: VGC2014\n|-damage|p1a: VGC2014|37\/100\n|move|p1b: Invalidation|Foul Play|p2a: Charles II Spain\n|-damage|p2a: Charles II Spain|64\/100\n|move|p1a: VGC2014|Knock Off|p2b: No more fear\n|-damage|p2b: No more fear|79\/100\n|-enditem|p2b: No more fear|Throat Spray|[from] move: Knock Off|[of] p1a: VGC2014\n|\n|-weather|SunnyDay|[upkeep]\n|upkeep\n|turn|4\n|\n|t:|1697822433\n|move|p2a: Charles II Spain|Helping Hand|p2b: No more fear\n|-singleturn|p2b: No more fear|Helping Hand|[of] p2a: Charles II Spain\n|move|p1a: VGC2014|Protect|p1a: VGC2014\n|-singleturn|p1a: VGC2014|Protect\n|move|p1b: Invalidation|Taunt|p2a: Charles II Spain\n|-activate|p2a: Charles II Spain|move: Psychic Terrain\n|move|p2b: No more fear|Boomburst|p1b: Invalidation|[spread] p2a,p1b\n|-activate|p1a: VGC2014|move: Protect\n|-damage|p2a: Charles II Spain|0 fnt\n|-damage|p1b: Invalidation|14\/100\n|faint|p2a: Charles II Spain\n|\n|-weather|SunnyDay|[upkeep]\n|upkeep\n|\n|t:|1697822448\n|switch|p2a: Real in|Indeedee-F, F|91\/100\n|turn|5\n|\n|t:|1697822491\n|switch|p1a: Ratheon|Dragapult, F|100\/100\n|move|p1b: Invalidation|Tailwind|p1b: Invalidation\n|-sidestart|p1: SgtSmilies|move: Tailwind\n|move|p2b: No more fear|Flamethrower|p1a: Ratheon\n|-resisted|p1a: Ratheon\n|-damage|p1a: Ratheon|77\/100\n|move|p2a: Real in|Expanding Force|p1a: Ratheon|[spread] p1a\n|-immune|p1b: Invalidation\n|-damage|p1a: Ratheon|12\/100\n|\n|-weather|none\n|-fieldend|move: Trick Room\n|upkeep\n|turn|6\n|\n|t:|1697822516\n|switch|p2a: A classic (?)|Spinda, M|100\/100\n|move|p1a: Ratheon|Draco Meteor|p2a: A classic (?)\n|-enditem|p2a: A classic (?)|Focus Sash\n|-damage|p2a: A classic (?)|1\/100\n|-unboost|p1a: Ratheon|spa|2\n|move|p1b: Invalidation|Foul Play|p2a: A classic (?)\n|-damage|p2a: A classic (?)|0 fnt\n|faint|p2a: A classic (?)\n|move|p2b: No more fear|Blizzard|p1a: Ratheon|[spread] p1a\n|-miss|p2b: No more fear|p1b: Invalidation\n|-supereffective|p1a: Ratheon\n|-damage|p1a: Ratheon|0 fnt\n|faint|p1a: Ratheon\n|\n|upkeep\n|\n|t:|1697822539\n|switch|p1a: VGC2014|Thundurus, M|37\/100\n|switch|p2a: Befuddled|Arcanine, M|100\/100\n|-ability|p2a: Befuddled|Intimidate|boost\n|-unboost|p1a: VGC2014|atk|1\n|-ability|p1a: VGC2014|Defiant|boost\n|-boost|p1a: VGC2014|atk|2\n|-unboost|p1b: Invalidation|atk|1\n|turn|7\n|\n|t:|1697822585\n|switch|p2a: Real in|Indeedee-F, F|91\/100\n|-terastallize|p1a: VGC2014|Flying\n|-terastallize|p2b: No more fear|Normal\n|move|p1a: VGC2014|Tera Blast|p2a: Real in|[anim] Tera Blast Flying\n|-crit|p2a: Real in\n|-damage|p2a: Real in|0 fnt\n|faint|p2a: Real in\n|move|p1b: Invalidation|Foul Play|p2b: No more fear\n|-damage|p2b: No more fear|58\/100\n|move|p2b: No more fear|Boomburst|p1b: Invalidation|[spread] p1a,p1b\n|-damage|p1a: VGC2014|0 fnt\n|-damage|p1b: Invalidation|0 fnt\n|faint|p1a: VGC2014\n|faint|p1b: Invalidation\n|\n|upkeep\n|\n|t:|1697822601\n|switch|p1a: Weavile-R|Chien-Pao|100\/100\n|switch|p2a: Befuddled|Arcanine, M|100\/100\n|-ability|p1a: Weavile-R|Sword of Ruin\n|-ability|p2a: Befuddled|Intimidate|boost\n|-unboost|p1a: Weavile-R|atk|1\n|turn|8\n|\n|t:|1697822616\n|move|p1a: Weavile-R|Protect|p1a: Weavile-R\n|-singleturn|p1a: Weavile-R|Protect\n|move|p2a: Befuddled|Burn Up|p1a: Weavile-R\n|-activate|p1a: Weavile-R|move: Protect\n|move|p2b: No more fear|Flamethrower|p1a: Weavile-R\n|-activate|p1a: Weavile-R|move: Protect\n|\n|-sideend|p1: SgtSmilies|move: Tailwind\n|-fieldend|move: Psychic Terrain\n|upkeep\n|turn|9\n|\n|t:|1697822628\n|move|p1a: Weavile-R|Crunch|p2b: No more fear\n|-damage|p2b: No more fear|13\/100\n|-damage|p1a: Weavile-R|91\/100|[from] item: Life Orb\n|move|p2a: Befuddled|Burn Up|p1a: Weavile-R\n|-supereffective|p1a: Weavile-R\n|-damage|p1a: Weavile-R|0 fnt\n|-start|p2a: Befuddled|typechange|???|[from] move: Burn Up\n|faint|p1a: Weavile-R\n|\n|win|Jolly stranger\n|c| Camdar|NO MORE FEAR\n|c|\u2606Jolly stranger|THE MENTAL VICTORY???\n","uploadtime":1697822639,"views":19,"p1id":"sgtsmilies","p2id":"jollystranger","formatid":"gen9nationaldexdoubles","rating":0,"private":0,"password":""}