{"id":"gen9nationaldexdoubles-1956478785","p1":"Mudkiped","p2":"the mudkip warrior","format":"[Gen 9] National Dex Doubles","log":"|j|\u2606Mudkiped\n|j|\u2606the mudkip warrior\n|t:|1696111946\n|gametype|doubles\n|player|p1|Mudkiped|crasherwake|1404\n|player|p2|the mudkip warrior|acetrainer-gen4dp|1637\n|teamsize|p1|6\n|teamsize|p2|6\n|gen|9\n|tier|[Gen 9] National Dex Doubles\n|rated|\n|rule|HP Percentage Mod: HP is shown in percentages\n|rule|Endless Battle Clause: Forcing endless battles is banned\n|rule|OHKO Clause: OHKO moves are banned\n|rule|Evasion Moves Clause: Evasion moves are banned\n|rule|Evasion Abilities Clause: Evasion abilities are banned\n|rule|Species Clause: Limit one of each Pok\u00e9mon\n|rule|Gravity Sleep Clause: The combination of sleep-inducing moves with imperfect accuracy and Gravity or Gigantamax Orbeetle are banned\n|clearpoke\n|poke|p1|Wo-Chien|\n|poke|p1|Sinistcha-Masterpiece|\n|poke|p1|Incineroar, M|\n|poke|p1|Kommo-o, M|\n|poke|p1|Ninetales-Alola, F|\n|poke|p1|Landorus, M|\n|poke|p2|Chien-Pao|\n|poke|p2|Dragonite, F|\n|poke|p2|Tornadus, M|\n|poke|p2|Charizard, M|\n|poke|p2|Farigiraf, F|\n|poke|p2|Kingambit, M|\n|teampreview\n|c|\u2606the mudkip warrior|hey hey!\n|c|\u2606Mudkiped|aight bet\n|\n|t:|1696111962\n|start\n|switch|p1a: Whats New?|Incineroar, M, shiny|100\/100\n|switch|p1b: Wheres My Tea?|Landorus, M|100\/100\n|switch|p2a: Al'akir|Tornadus, M|100\/100\n|switch|p2b: Schimitar|Kingambit, M|100\/100\n|-ability|p1a: Whats New?|Intimidate|boost\n|-unboost|p2a: Al'akir|atk|1\n|-unboost|p2b: Schimitar|atk|1\n|-ability|p2b: Schimitar|Defiant|boost\n|-boost|p2b: Schimitar|atk|2\n|-enditem|p1b: Wheres My Tea?|Mirror Herb\n|-boost|p1b: Wheres My Tea?|atk|2|[from] item: Mirror Herb\n|turn|1\n|\n|t:|1696111978\n|-terastallize|p2b: Schimitar|Ghost\n|move|p1a: Whats New?|Fake Out|p2b: Schimitar\n|-immune|p2b: Schimitar\n|move|p2a: Al'akir|Tailwind|p2a: Al'akir\n|-sidestart|p2: the mudkip warrior|move: Tailwind\n|move|p2b: Schimitar|Brick Break|p1a: Whats New?\n|-supereffective|p1a: Whats New?\n|-damage|p1a: Whats New?|21\/100\n|-enditem|p1a: Whats New?|Sitrus Berry|[eat]\n|-heal|p1a: Whats New?|46\/100|[from] item: Sitrus Berry\n|move|p1b: Wheres My Tea?|Taunt|p2a: Al'akir\n|-start|p2a: Al'akir|move: Taunt\n|\n|upkeep\n|turn|2\n|c|\u2606Mudkiped|damn covers all openers\n|\n|t:|1696112007\n|switch|p1a: Lich's Big W|Wo-Chien|100\/100\n|-ability|p1a: Lich's Big W|Tablets of Ruin\n|move|p2a: Al'akir|Bleakwind Storm|p1b: Wheres My Tea?|[spread] p1b\n|-miss|p2a: Al'akir|p1a: Lich's Big W\n|-damage|p1b: Wheres My Tea?|59\/100\n|move|p2b: Schimitar|Kowtow Cleave|p1a: Lich's Big W\n|-resisted|p1a: Lich's Big W\n|-damage|p1a: Lich's Big W|79\/100\n|move|p1b: Wheres My Tea?|Stealth Rock|p2b: Schimitar\n|-sidestart|p2: the mudkip warrior|move: Stealth Rock\n|\n|-heal|p1a: Lich's Big W|85\/100|[from] item: Leftovers\n|upkeep\n|turn|3\n|c|\u2606the mudkip warrior|jesus Alakir; hell of a miss there\n|\n|t:|1696112029\n|switch|p1b: Mc Cloud|Ninetales-Alola, F|100\/100\n|-weather|Snow|[from] ability: Snow Warning|[of] p1b: Mc Cloud\n|move|p2a: Al'akir|Bleakwind Storm|p1b: Mc Cloud|[spread] p1a,p1b\n|-supereffective|p1a: Lich's Big W\n|-damage|p1a: Lich's Big W|42\/100\n|-damage|p1b: Mc Cloud|55\/100\n|-unboost|p1b: Mc Cloud|spe|1\n|move|p2b: Schimitar|Brick Break|p1a: Lich's Big W\n|-supereffective|p1a: Lich's Big W\n|-damage|p1a: Lich's Big W|0 fnt\n|faint|p1a: Lich's Big W\n|\n|-weather|Snow|[upkeep]\n|upkeep\n|\n|t:|1696112051\n|switch|p1a: Whats New?|Incineroar, M, shiny|46\/100\n|-ability|p1a: Whats New?|Intimidate|boost\n|-unboost|p2a: Al'akir|atk|1\n|-unboost|p2b: Schimitar|atk|1\n|-ability|p2b: Schimitar|Defiant|boost\n|-boost|p2b: Schimitar|atk|2\n|turn|4\n|c|\u2606Mudkiped|nope not that move\n|c|\u2606Mudkiped|yeah all momentum just went out the door\n|\n|t:|1696112082\n|switch|p1a: In A Hot Tub|Sinistcha-Masterpiece, shiny|100\/100\n|-heal|p1b: Mc Cloud|80\/100|[from] ability: Hospitality|[of] p1a: In A Hot Tub\n|move|p2a: Al'akir|Bleakwind Storm|p1a: In A Hot Tub|[spread] p1a,p1b\n|-supereffective|p1a: In A Hot Tub\n|-damage|p1a: In A Hot Tub|36\/100\n|-damage|p1b: Mc Cloud|34\/100\n|move|p2b: Schimitar|Brick Break|p1b: Mc Cloud\n|-damage|p1b: Mc Cloud|0 fnt\n|faint|p1b: Mc Cloud\n|\n|-weather|Snow|[upkeep]\n|-end|p2a: Al'akir|move: Taunt\n|-sideend|p2: the mudkip warrior|move: Tailwind\n|upkeep\n|\n|t:|1696112102\n|switch|p1b: Whats New?|Incineroar, M, shiny|46\/100\n|-ability|p1b: Whats New?|Intimidate|boost\n|-unboost|p2a: Al'akir|atk|1\n|-unboost|p2b: Schimitar|atk|1\n|-ability|p2b: Schimitar|Defiant|boost\n|-boost|p2b: Schimitar|atk|2\n|turn|5\n|\n|t:|1696112116\n|move|p1a: In A Hot Tub|Rage Powder|p1a: In A Hot Tub\n|-singleturn|p1a: In A Hot Tub|move: Rage Powder\n|move|p2a: Al'akir|Bleakwind Storm|p1b: Whats New?|[spread] p1b\n|-miss|p2a: Al'akir|p1a: In A Hot Tub\n|-crit|p1b: Whats New?\n|-damage|p1b: Whats New?|5\/100\n|-unboost|p1b: Whats New?|spe|1\n|move|p2b: Schimitar|Kowtow Cleave|p1a: In A Hot Tub\n|-supereffective|p1a: In A Hot Tub\n|-damage|p1a: In A Hot Tub|0 fnt\n|faint|p1a: In A Hot Tub\n|move|p1b: Whats New?|Knock Off|p2b: Schimitar\n|-supereffective|p2b: Schimitar\n|-damage|p2b: Schimitar|47\/100\n|-enditem|p2b: Schimitar|Assault Vest|[from] move: Knock Off|[of] p1b: Whats New?\n|\n|-weather|Snow|[upkeep]\n|upkeep\n|c|\u2606Mudkiped|fk me man\n|\n|t:|1696112136\n|switch|p1a: Big Kahuna|Kommo-o, M, shiny|100\/100\n|turn|6\n|\n|t:|1696112149\n|switch|p1b: Wheres My Tea?|Landorus, M|59\/100\n|-terastallize|p1a: Big Kahuna|Steel\n|move|p1a: Big Kahuna|Clangorous Soul|p1a: Big Kahuna\n|-boost|p1a: Big Kahuna|atk|1\n|-boost|p1a: Big Kahuna|def|1\n|-boost|p1a: Big Kahuna|spa|1\n|-boost|p1a: Big Kahuna|spd|1\n|-boost|p1a: Big Kahuna|spe|1\n|-damage|p1a: Big Kahuna|68\/100\n|-enditem|p1a: Big Kahuna|Throat Spray\n|-boost|p1a: Big Kahuna|spa|1|[from] item: Throat Spray\n|move|p2a: Al'akir|Bleakwind Storm|p1b: Wheres My Tea?|[spread] p1a\n|-miss|p2a: Al'akir|p1b: Wheres My Tea?\n|-resisted|p1a: Big Kahuna\n|-damage|p1a: Big Kahuna|56\/100\n|-unboost|p1a: Big Kahuna|spe|1\n|move|p2b: Schimitar|Brick Break|p1a: Big Kahuna\n|-supereffective|p1a: Big Kahuna\n|-damage|p1a: Big Kahuna|0 fnt\n|faint|p1a: Big Kahuna\n|\n|-weather|Snow|[upkeep]\n|upkeep\n|c|\u2606Mudkiped|ugh the double up\n|\n|t:|1696112186\n|switch|p1a: Whats New?|Incineroar, M, shiny|5\/100\n|-ability|p1a: Whats New?|Intimidate|boost\n|-unboost|p2a: Al'akir|atk|1\n|-unboost|p2b: Schimitar|atk|1\n|-ability|p2b: Schimitar|Defiant|boost\n|-boost|p2b: Schimitar|atk|2\n|turn|7\n|c|\u2606the mudkip warrior|bro im sorry\n|c|\u2606Mudkiped|ILL BE BACK\n|\n|t:|1696112201\n|move|p1b: Wheres My Tea?|Taunt|p2b: Schimitar\n|-start|p2b: Schimitar|move: Taunt\n|move|p2a: Al'akir|Bleakwind Storm|p1b: Wheres My Tea?|[spread] p1a,p1b\n|-damage|p1a: Whats New?|0 fnt\n|-damage|p1b: Wheres My Tea?|14\/100\n|faint|p1a: Whats New?\n|move|p2b: Schimitar|Kowtow Cleave|p1b: Wheres My Tea?\n|-damage|p1b: Wheres My Tea?|0 fnt\n|faint|p1b: Wheres My Tea?\n|\n|win|the mudkip warrior\n|raw|Mudkiped's rating: 1404 &rarr; <strong>1396<\/strong><br \/>(-8 for losing)\n|raw|the mudkip warrior's rating: 1637 &rarr; <strong>1645<\/strong><br \/>(+8 for winning)\n|c|\u2606the mudkip warrior|i await it\n","uploadtime":1696112217,"views":17,"p1id":"mudkiped","p2id":"themudkipwarrior","formatid":"gen9nationaldexdoubles","rating":1396,"private":0,"password":""}