{"id":"gen9nationaldexdoubles-1976100005","p1":"Ronald Rizz Wizard","p2":"PR34CH3R_76","format":"[Gen 9] National Dex Doubles","log":"|j|\u2606Ronald Rizz Wizard\n|j|\u2606PR34CH3R_76\n|t:|1698263654\n|gametype|doubles\n|player|p1|Ronald Rizz Wizard|clair|1437\n|player|p2|PR34CH3R_76|265|1198\n|teamsize|p1|6\n|teamsize|p2|6\n|gen|9\n|tier|[Gen 9] National Dex Doubles\n|rated|\n|rule|HP Percentage Mod: HP is shown in percentages\n|rule|Endless Battle Clause: Forcing endless battles is banned\n|rule|OHKO Clause: OHKO moves are banned\n|rule|Evasion Moves Clause: Evasion moves are banned\n|rule|Evasion Abilities Clause: Evasion abilities are banned\n|rule|Species Clause: Limit one of each Pok\u00e9mon\n|rule|Gravity Sleep Clause: The combination of sleep-inducing moves with imperfect accuracy and Gravity or Gigantamax Orbeetle are banned\n|clearpoke\n|poke|p1|Rillaboom, F|\n|poke|p1|Hawlucha, F|\n|poke|p1|Kangaskhan, F|\n|poke|p1|Zygarde|\n|poke|p1|Volcanion|\n|poke|p1|Whimsicott, F|\n|poke|p2|Hatterene, F|\n|poke|p2|Indeedee, M|\n|poke|p2|Zygarde|\n|poke|p2|Zamazenta-*|\n|poke|p2|Tapu Koko|\n|poke|p2|Sceptile, M|\n|teampreview\n|inactive|Battle timer is ON: inactive players will automatically lose when time's up. (requested by PR34CH3R_76)\n|inactive|Ronald Rizz Wizard also wants the timer to be on.\n|\n|t:|1698263677\n|start\n|switch|p1a: Volcanion|Volcanion|100\/100\n|switch|p1b: Zygarde|Zygarde|100\/100\n|switch|p2a: Mentor|Zamazenta|100\/100\n|switch|p2b: Student|Zygarde|100\/100\n|-ability|p2a: Mentor|Dauntless Shield|boost\n|-boost|p2a: Mentor|def|1\n|-ability|p2b: Student|Aura Break\n|-ability|p1b: Zygarde|Aura Break\n|turn|1\n|\n|t:|1698263696\n|move|p2a: Mentor|Wide Guard|p2a: Mentor\n|-singleturn|p2a: Mentor|Wide Guard\n|move|p2b: Student|Thousand Waves|p1a: Volcanion|[spread] p1a,p1b\n|-supereffective|p1a: Volcanion\n|-damage|p1a: Volcanion|50\/100\n|-damage|p1b: Zygarde|74\/100\n|-activate|p1a: Volcanion|trapped\n|-activate|p1b: Zygarde|trapped\n|move|p1a: Volcanion|Steam Eruption|p2a: Mentor\n|-damage|p2a: Mentor|56\/100\n|move|p1b: Zygarde|Dragon Tail|p2b: Student\n|-supereffective|p2b: Student\n|-damage|p2b: Student|32\/100\n|drag|p2b: HIDE|Indeedee, M|100\/100\n|-fieldstart|move: Psychic Terrain|[from] ability: Psychic Surge|[of] p2b: HIDE\n|-enditem|p2b: HIDE|Psychic Seed\n|-boost|p2b: HIDE|spd|1|[from] item: Psychic Seed\n|\n|-heal|p2a: Mentor|62\/100|[from] item: Leftovers\n|upkeep\n|turn|2\n|\n|t:|1698263721\n|move|p2a: Mentor|Helping Hand|p2b: HIDE\n|-singleturn|p2b: HIDE|Helping Hand|[of] p2a: Mentor\n|move|p2b: HIDE|Expanding Force|p1b: Zygarde|[spread] p1a,p1b\n|-damage|p1a: Volcanion|1\/100\n|-damage|p1b: Zygarde|0 fnt\n|faint|p1b: Zygarde\n|move|p1a: Volcanion|Steam Eruption|p2a: Mentor\n|-damage|p2a: Mentor|22\/100\n|-status|p2a: Mentor|brn\n|\n|-heal|p2a: Mentor|29\/100 brn|[from] item: Leftovers\n|-damage|p2a: Mentor|22\/100 brn|[from] brn\n|upkeep\n|inactive|Ronald Rizz Wizard has 120 seconds left.\n|\n|t:|1698263738\n|switch|p1b: Rillaboom|Rillaboom, F|100\/100\n|-fieldstart|move: Grassy Terrain|[from] ability: Grassy Surge|[of] p1b: Rillaboom\n|turn|3\n|inactive|Ronald Rizz Wizard has 120 seconds left.\n|\n|t:|1698263763\n|switch|p2b: Student|Zygarde|32\/100\n|-ability|p2b: Student|Aura Break\n|move|p2a: Mentor|Iron Head|p1a: Volcanion\n|-resisted|p1a: Volcanion\n|-damage|p1a: Volcanion|0 fnt\n|faint|p1a: Volcanion\n|move|p1b: Rillaboom|U-turn|p2b: Student\n|-damage|p2b: Student|11\/100\n|inactive|Ronald Rizz Wizard has 120 seconds left.\n|\n|t:|1698263773\n|switch|p1b: Kangaskhan|Kangaskhan, F|100\/100|[from] U-turn\n|\n|-heal|p2a: Mentor|29\/100 brn|[from] Grassy Terrain\n|-heal|p2a: Mentor|35\/100 brn|[from] item: Leftovers\n|-heal|p2b: Student|17\/100|[from] Grassy Terrain\n|-damage|p2a: Mentor|29\/100 brn|[from] brn\n|upkeep\n|\n|t:|1698263783\n|switch|p1a: Hawlucha|Hawlucha, F|100\/100\n|-enditem|p1a: Hawlucha|Grassy Seed\n|-boost|p1a: Hawlucha|def|1|[from] item: Grassy Seed\n|turn|4\n|inactive|Ronald Rizz Wizard has 120 seconds left.\n|\n|t:|1698263804\n|detailschange|p1b: Kangaskhan|Kangaskhan-Mega, F\n|-mega|p1b: Kangaskhan|Kangaskhan|Kangaskhanite\n|move|p2a: Mentor|Helping Hand|p2b: Student\n|-singleturn|p2b: Student|Helping Hand|[of] p2a: Mentor\n|move|p1a: Hawlucha|Swords Dance|p1a: Hawlucha\n|-boost|p1a: Hawlucha|atk|2\n|move|p2b: Student|Thousand Arrows|p1a: Hawlucha|[spread] p1a,p1b\n|-damage|p1a: Hawlucha|58\/100\n|-damage|p1b: Kangaskhan|69\/100\n|-start|p1a: Hawlucha|Smack Down\n|move|p1b: Kangaskhan|Seismic Toss|p2a: Mentor\n|-damage|p2a: Mentor|3\/100 brn\n|-damage|p2a: Mentor|0 fnt\n|faint|p2a: Mentor\n|-hitcount|p2: Mentor|2\n|\n|-heal|p1a: Hawlucha|65\/100|[from] Grassy Terrain\n|-heal|p2b: Student|23\/100|[from] Grassy Terrain\n|-heal|p1b: Kangaskhan|75\/100|[from] Grassy Terrain\n|upkeep\n|\n|t:|1698263824\n|switch|p2a: Thunder|Tapu Koko|100\/100\n|turn|5\n|\n|t:|1698263836\n|switch|p1b: Rillaboom|Rillaboom, F|100\/100\n|move|p1a: Hawlucha|Protect|p1a: Hawlucha\n|-singleturn|p1a: Hawlucha|Protect\n|move|p2a: Thunder|Discharge|p1a: Hawlucha|[spread] p1b\n|-activate|p1a: Hawlucha|move: Protect\n|-immune|p2b: Student\n|-resisted|p1b: Rillaboom\n|-damage|p1b: Rillaboom|91\/100\n|move|p2b: Student|Thousand Waves|p1a: Hawlucha|[spread] p1b\n|-activate|p1a: Hawlucha|move: Protect\n|-resisted|p1b: Rillaboom\n|-damage|p1b: Rillaboom|77\/100\n|-activate|p1b: Rillaboom|trapped\n|\n|-heal|p1a: Hawlucha|71\/100|[from] Grassy Terrain\n|-heal|p2b: Student|29\/100|[from] Grassy Terrain\n|-heal|p1b: Rillaboom|83\/100|[from] Grassy Terrain\n|upkeep\n|turn|6\n|inactive|Ronald Rizz Wizard has 120 seconds left.\n|\n|t:|1698263872\n|-terastallize|p2a: Thunder|Electric\n|move|p1b: Rillaboom|Fake Out|p2a: Thunder\n|-damage|p2a: Thunder|78\/100\n|move|p1a: Hawlucha|Swords Dance|p1a: Hawlucha\n|-boost|p1a: Hawlucha|atk|2\n|cant|p2a: Thunder|flinch\n|move|p2b: Student|Thousand Arrows|p1a: Hawlucha|[spread] p1a,p1b\n|-resisted|p1b: Rillaboom\n|-damage|p1a: Hawlucha|44\/100\n|-damage|p1b: Rillaboom|67\/100\n|\n|-heal|p1a: Hawlucha|50\/100|[from] Grassy Terrain\n|-heal|p2a: Thunder|84\/100|[from] Grassy Terrain\n|-heal|p2b: Student|36\/100|[from] Grassy Terrain\n|-heal|p1b: Rillaboom|73\/100|[from] Grassy Terrain\n|upkeep\n|turn|7\n|inactive|Ronald Rizz Wizard has 120 seconds left.\n|\n|t:|1698263895\n|move|p1b: Rillaboom|Grassy Glide|p2a: Thunder\n|-damage|p2a: Thunder|31\/100\n|move|p1a: Hawlucha|Acrobatics|p2a: Thunder\n|-resisted|p2a: Thunder\n|-damage|p2a: Thunder|0 fnt\n|faint|p2a: Thunder\n|move|p2b: Student|Dragon Dance|p2b: Student\n|-boost|p2b: Student|atk|1\n|-boost|p2b: Student|spe|1\n|\n|-heal|p1a: Hawlucha|56\/100|[from] Grassy Terrain\n|-heal|p2b: Student|42\/100|[from] Grassy Terrain\n|-heal|p1b: Rillaboom|79\/100|[from] Grassy Terrain\n|-fieldend|move: Grassy Terrain\n|upkeep\n|\n|t:|1698263908\n|switch|p2a: HIDE|Indeedee, M|100\/100\n|-fieldstart|move: Psychic Terrain|[from] ability: Psychic Surge|[of] p2a: HIDE\n|turn|8\n|\n|t:|1698263916\n|move|p1a: Hawlucha|Acrobatics|p2a: HIDE\n|-damage|p2a: HIDE|0 fnt\n|faint|p2a: HIDE\n|move|p2b: Student|Dragon Dance|p2b: Student\n|-boost|p2b: Student|atk|1\n|-boost|p2b: Student|spe|1\n|move|p1b: Rillaboom|Wood Hammer|p2b: Student\n|-damage|p2b: Student|0 fnt\n|faint|p2b: Student\n|-damage|p1b: Rillaboom|67\/100|[from] Recoil\n|\n|upkeep\n|\n|t:|1698263928\n|switch|p2b: Spear|Sceptile, M|100\/100\n|switch|p2a: RUN|Hatterene, F|100\/100\n|turn|9\n|\n|t:|1698263948\n|detailschange|p2b: Spear|Sceptile-Mega, M\n|-mega|p2b: Spear|Sceptile|Sceptilite\n|move|p1a: Hawlucha|Acrobatics|p2a: RUN\n|-enditem|p2a: RUN|Focus Sash\n|-damage|p2a: RUN|1\/100\n|move|p2b: Spear|Earthquake|p1a: Hawlucha|[spread] p2a,p1a,p1b\n|-resisted|p1b: Rillaboom\n|-damage|p2a: RUN|0 fnt\n|-damage|p1a: Hawlucha|32\/100\n|-damage|p1b: Rillaboom|55\/100\n|faint|p2a: RUN\n|move|p1b: Rillaboom|U-turn|p2b: Spear\n|-supereffective|p2b: Spear\n|-damage|p2b: Spear|16\/100\n|\n|t:|1698263963\n|switch|p1b: Kangaskhan|Kangaskhan-Mega, F|75\/100|[from] U-turn\n|\n|upkeep\n|turn|10\n|\n|t:|1698263971\n|move|p1a: Hawlucha|Close Combat|p2b: Spear\n|-damage|p2b: Spear|0 fnt\n|-unboost|p1a: Hawlucha|def|1\n|-unboost|p1a: Hawlucha|spd|1\n|faint|p2b: Spear\n|\n|win|Ronald Rizz Wizard\n|raw|Ronald Rizz Wizard's rating: 1437 &rarr; <strong>1445<\/strong><br \/>(+8 for winning)\n|raw|PR34CH3R_76's rating: 1198 &rarr; <strong>1188<\/strong><br \/>(-10 for losing)\n|c|\u2606Ronald Rizz Wizard|Ggs\n|l|\u2606PR34CH3R_76\n","uploadtime":1698263999,"views":11,"p1id":"ronaldrizzwizard","p2id":"pr34ch3r76","formatid":"gen9nationaldexdoubles","rating":1188,"private":0,"password":""}