{"id":"gen9nationaldexdoubles-1975918028","p1":"4999crabs","p2":"Caitlynk2112","format":"[Gen 9] National Dex Doubles","log":"|j|\u26064999crabs\n|j|\u2606Caitlynk2112\n|t:|1698249098\n|gametype|doubles\n|player|p1|4999crabs|bugsy|\n|player|p2|Caitlynk2112|2|\n|teamsize|p1|6\n|teamsize|p2|6\n|gen|9\n|tier|[Gen 9] National Dex Doubles\n|rule|HP Percentage Mod: HP is shown in percentages\n|rule|Endless Battle Clause: Forcing endless battles is banned\n|rule|OHKO Clause: OHKO moves are banned\n|rule|Evasion Moves Clause: Evasion moves are banned\n|rule|Evasion Abilities Clause: Evasion abilities are banned\n|rule|Species Clause: Limit one of each Pok\u00e9mon\n|rule|Gravity Sleep Clause: The combination of sleep-inducing moves with imperfect accuracy and Gravity or Gigantamax Orbeetle are banned\n|clearpoke\n|poke|p1|Froslass, F|\n|poke|p1|Spiritomb, F|\n|poke|p1|Typhlosion-Hisui, M|\n|poke|p1|Zoroark-Hisui, F|\n|poke|p1|Houndstone, M|\n|poke|p1|Skeledirge, M|\n|poke|p2|Typhlosion-Hisui, F|\n|poke|p2|Dragapult, F|\n|poke|p2|Decidueye, F|\n|poke|p2|Zoroark-Hisui, M|\n|poke|p2|Flutter Mane|\n|poke|p2|Gengar, M|\n|teampreview\n|\n|t:|1698249120\n|start\n|switch|p1a: Coldplay|Froslass, F, shiny|100\/100\n|switch|p1b: Spiritomb|Spiritomb, F|100\/100\n|switch|p2a: Purpur Fire|Typhlosion-Hisui, F|100\/100\n|switch|p2b: Triangle Face|Dragapult, F|100\/100\n|turn|1\n|\n|t:|1698249183\n|move|p2b: Triangle Face|Dragon Pulse|p1b: Spiritomb\n|-damage|p1b: Spiritomb|59\/100\n|move|p1a: Coldplay|Spikes|p2a: Purpur Fire\n|-sidestart|p2: Caitlynk2112|Spikes\n|move|p2a: Purpur Fire|Fire Blast|p1a: Coldplay\n|-supereffective|p1a: Coldplay\n|-damage|p1a: Coldplay|0 fnt\n|-start|p2a: Purpur Fire|Disable|Fire Blast|[from] ability: Cursed Body|[of] p1a: Coldplay\n|faint|p1a: Coldplay\n|move|p1b: Spiritomb|Destiny Bond|p1b: Spiritomb\n|-singlemove|p1b: Spiritomb|Destiny Bond\n|\n|-heal|p1b: Spiritomb|65\/100|[from] item: Leftovers\n|upkeep\n|\n|t:|1698249202\n|switch|p1a: sonic.exe|Typhlosion-Hisui, M, shiny|100\/100\n|-item|p2a: Purpur Fire|Leftovers|[from] ability: Frisk|[of] p1a: sonic.exe|[identify]\n|-item|p2b: Triangle Face|Expert Belt|[from] ability: Frisk|[of] p1a: sonic.exe|[identify]\n|turn|2\n|\n|t:|1698249221\n|move|p1a: sonic.exe|Eruption|p2b: Triangle Face|[spread] p2a,p2b\n|-resisted|p2a: Purpur Fire\n|-resisted|p2b: Triangle Face\n|-damage|p2a: Purpur Fire|63\/100\n|-damage|p2b: Triangle Face|64\/100\n|move|p2b: Triangle Face|Dragon Pulse|p1a: sonic.exe\n|-damage|p1a: sonic.exe|49\/100\n|move|p2a: Purpur Fire|Flamethrower|p1a: sonic.exe\n|-resisted|p1a: sonic.exe\n|-damage|p1a: sonic.exe|20\/100\n|move|p1b: Spiritomb|Calm Mind|p1b: Spiritomb\n|-boost|p1b: Spiritomb|spa|1\n|-boost|p1b: Spiritomb|spd|1\n|\n|-heal|p2a: Purpur Fire|69\/100|[from] item: Leftovers\n|-heal|p1b: Spiritomb|70\/100|[from] item: Leftovers\n|upkeep\n|turn|3\n|\n|t:|1698249253\n|move|p1a: sonic.exe|Eruption|p2b: Triangle Face|[spread] p2a,p2b\n|-resisted|p2a: Purpur Fire\n|-resisted|p2b: Triangle Face\n|-damage|p2a: Purpur Fire|61\/100\n|-damage|p2b: Triangle Face|56\/100\n|move|p2b: Triangle Face|Dragon Pulse|p1b: Spiritomb\n|-damage|p1b: Spiritomb|42\/100\n|move|p2a: Purpur Fire|Flamethrower|p1a: sonic.exe\n|-resisted|p1a: sonic.exe\n|-damage|p1a: sonic.exe|0 fnt\n|faint|p1a: sonic.exe\n|move|p1b: Spiritomb|Pain Split|p2b: Triangle Face\n|-sethp|p2b: Triangle Face|48\/100|[from] move: Pain Split|[silent]\n|-sethp|p1b: Spiritomb|50\/100|[from] move: Pain Split\n|\n|-heal|p2a: Purpur Fire|67\/100|[from] item: Leftovers\n|-heal|p1b: Spiritomb|56\/100|[from] item: Leftovers\n|upkeep\n|\n|t:|1698249275\n|switch|p1a: arven help me|Houndstone, M|100\/100\n|turn|4\n|\n|t:|1698249291\n|move|p2b: Triangle Face|Dragon Pulse|p1b: Spiritomb\n|-damage|p1b: Spiritomb|32\/100\n|move|p1a: arven help me|Nasty Plot|p1a: arven help me\n|-boost|p1a: arven help me|spa|2\n|move|p2a: Purpur Fire|Flamethrower|p1b: Spiritomb\n|-damage|p1b: Spiritomb|0 fnt\n|faint|p1b: Spiritomb\n|\n|-heal|p2a: Purpur Fire|73\/100|[from] item: Leftovers\n|-end|p2a: Purpur Fire|Disable\n|upkeep\n|\n|t:|1698249306\n|switch|p1b: Skeledirge|Skeledirge, M|100\/100\n|turn|5\n|\n|t:|1698249331\n|move|p2b: Triangle Face|Dragon Pulse|p1b: Skeledirge\n|-damage|p1b: Skeledirge|76\/100\n|move|p1a: arven help me|Bitter Malice|p2b: Triangle Face\n|-supereffective|p2b: Triangle Face\n|-damage|p2b: Triangle Face|0 fnt\n|faint|p2b: Triangle Face\n|move|p2a: Purpur Fire|Fire Blast|p1b: Skeledirge\n|-resisted|p1b: Skeledirge\n|-damage|p1b: Skeledirge|57\/100\n|move|p1b: Skeledirge|Crunch|p2a: Purpur Fire\n|-supereffective|p2a: Purpur Fire\n|-damage|p2a: Purpur Fire|28\/100\n|-unboost|p2a: Purpur Fire|def|1\n|\n|-heal|p2a: Purpur Fire|34\/100|[from] item: Leftovers\n|upkeep\n|\n|t:|1698249366\n|switch|p2b: Dead Bird|Decidueye, F, shiny|100\/100\n|turn|6\n|\n|t:|1698249384\n|move|p1a: arven help me|Shadow Claw|p2a: Purpur Fire\n|-supereffective|p2a: Purpur Fire\n|-damage|p2a: Purpur Fire|0 fnt\n|faint|p2a: Purpur Fire\n|move|p2b: Dead Bird|Phantom Force||[still]\n|-prepare|p2b: Dead Bird|Phantom Force\n|move|p1b: Skeledirge|Torch Song|p2b: Dead Bird|[miss]\n|-miss|p1b: Skeledirge|p2b: Dead Bird\n|\n|upkeep\n|\n|t:|1698249398\n|switch|p2a: Cooler Misdreavus|Flutter Mane|100\/100\n|-damage|p2a: Cooler Misdreavus|88\/100|[from] Spikes\n|turn|7\n|\n|t:|1698249420\n|move|p2a: Cooler Misdreavus|Thunder Wave|p1b: Skeledirge\n|-status|p1b: Skeledirge|par\n|move|p1a: arven help me|Shadow Claw|p2a: Cooler Misdreavus\n|-supereffective|p2a: Cooler Misdreavus\n|-damage|p2a: Cooler Misdreavus|0 fnt\n|faint|p2a: Cooler Misdreavus\n|-end|p2a: Cooler Misdreavus|Protosynthesis|[silent]\n|move|p2b: Dead Bird|Phantom Force|p1b: Skeledirge|[from]lockedmove\n|-supereffective|p1b: Skeledirge\n|-damage|p1b: Skeledirge|5\/100 par\n|move|p1b: Skeledirge|Torch Song|p2b: Dead Bird\n|-damage|p2b: Dead Bird|14\/100\n|-boost|p1b: Skeledirge|spa|1\n|replace|p2b: One Sussy Guy|Zoroark-Hisui, M\n|-end|p2b: One Sussy Guy|Illusion\n|\n|upkeep\n|\n|t:|1698249443\n|switch|p2a: The OG Ghost|Gengar, M|100\/100\n|-damage|p2a: The OG Ghost|88\/100|[from] Spikes\n|turn|8\n|\n|t:|1698249465\n|move|p2b: One Sussy Guy|Shadow Sneak|p1b: Skeledirge\n|-supereffective|p1b: Skeledirge\n|-damage|p1b: Skeledirge|0 fnt\n|faint|p1b: Skeledirge\n|move|p2a: The OG Ghost|Shadow Claw|p1a: arven help me\n|-immune|p1a: arven help me\n|move|p1a: arven help me|Shadow Claw|p2a: The OG Ghost\n|-supereffective|p2a: The OG Ghost\n|-damage|p2a: The OG Ghost|0 fnt\n|faint|p2a: The OG Ghost\n|\n|upkeep\n|\n|t:|1698249478\n|switch|p2a: Dead Bird|Decidueye, F, shiny|100\/100\n|switch|p1b: arven help me|Houndstone, M|100\/100\n|-damage|p2a: Dead Bird|88\/100|[from] Spikes\n|turn|9\n|\n|t:|1698249508\n|move|p1a: arven help me|Bitter Malice|p2a: Dead Bird\n|-supereffective|p2a: Dead Bird\n|-damage|p2a: Dead Bird|0 fnt\n|faint|p2a: Dead Bird\n|move|p2b: One Sussy Guy|Phantom Force||[still]\n|-prepare|p2b: One Sussy Guy|Phantom Force\n|move|p1b: arven help me|Crunch|p2b: One Sussy Guy|[miss]\n|-miss|p1b: arven help me|p2b: One Sussy Guy\n|\n|upkeep\n|turn|10\n|\n|t:|1698249525\n|move|p1a: arven help me|Bitter Malice|p2b: One Sussy Guy|[miss]\n|-miss|p1a: arven help me|p2b: One Sussy Guy\n|move|p2b: One Sussy Guy|Phantom Force|p1b: arven help me|[from]lockedmove\n|-supereffective|p1b: arven help me\n|-damage|p1b: arven help me|79\/100\n|move|p1b: arven help me|Crunch|p2b: One Sussy Guy\n|-supereffective|p2b: One Sussy Guy\n|-damage|p2b: One Sussy Guy|0 fnt\n|faint|p2b: One Sussy Guy\n|\n|win|4999crabs\n|c|\u26064999crabs|uwu\n","uploadtime":1698249576,"views":11,"p1id":"4999crabs","p2id":"caitlynk2112","formatid":"gen9nationaldexdoubles","rating":0,"private":0,"password":""}