{"id":"gen9nationaldexdoubles-1955351103","p1":"Jsh dkud","p2":"w0nderstruck","format":"[Gen 9] National Dex Doubles","log":"|j|\u2606Jsh dkud\n|j|\u2606w0nderstruck\n|t:|1695990456\n|gametype|doubles\n|player|p1|Jsh dkud|lucas|1107\n|player|p2|w0nderstruck|grimsley|1047\n|teamsize|p1|6\n|teamsize|p2|6\n|gen|9\n|tier|[Gen 9] National Dex Doubles\n|rated|\n|rule|HP Percentage Mod: HP is shown in percentages\n|rule|Endless Battle Clause: Forcing endless battles is banned\n|rule|OHKO Clause: OHKO moves are banned\n|rule|Evasion Moves Clause: Evasion moves are banned\n|rule|Evasion Abilities Clause: Evasion abilities are banned\n|rule|Species Clause: Limit one of each Pok\u00e9mon\n|rule|Gravity Sleep Clause: The combination of sleep-inducing moves with imperfect accuracy and Gravity or Gigantamax Orbeetle are banned\n|clearpoke\n|poke|p1|Blastoise, M|\n|poke|p1|Clefable, M|\n|poke|p1|Indeedee-F, F|\n|poke|p1|Mr. Mime, F|\n|poke|p1|Glastrier|\n|poke|p1|Oranguru, M|\n|poke|p2|Jolteon, F|\n|poke|p2|Metagross|\n|poke|p2|Clodsire, M|\n|poke|p2|Metapod, M|\n|poke|p2|Golurk|\n|poke|p2|Drapion, M|\n|teampreview\n|inactive|Battle timer is ON: inactive players will automatically lose when time's up. (requested by w0nderstruck)\n|\n|t:|1695990484\n|start\n|switch|p1a: Glastrier|Glastrier|100\/100\n|switch|p1b: Indeedee|Indeedee-F, F|100\/100\n|switch|p2a: Metapod|Metapod, M|100\/100\n|switch|p2b: Golurk|Golurk|100\/100\n|-fieldstart|move: Psychic Terrain|[from] ability: Psychic Surge|[of] p1b: Indeedee\n|turn|1\n|\n|t:|1695990493\n|move|p1b: Indeedee|Follow Me|p1b: Indeedee\n|-singleturn|p1b: Indeedee|move: Follow Me\n|move|p2b: Golurk|Dynamic Punch|p1b: Indeedee\n|-crit|p1b: Indeedee\n|-damage|p1b: Indeedee|24\/100\n|-start|p1b: Indeedee|confusion\n|move|p2a: Metapod|String Shot|p1b: Indeedee|[spread] p1a,p1b\n|-unboost|p1a: Glastrier|spe|2\n|-unboost|p1b: Indeedee|spe|2\n|move|p1a: Glastrier|Icicle Spear|p2b: Golurk\n|-supereffective|p2b: Golurk\n|-damage|p2b: Golurk|70\/100\n|-supereffective|p2b: Golurk\n|-damage|p2b: Golurk|39\/100\n|-supereffective|p2b: Golurk\n|-damage|p2b: Golurk|7\/100\n|-supereffective|p2b: Golurk\n|-damage|p2b: Golurk|0 fnt\n|faint|p2b: Golurk\n|-ability|p1a: Glastrier|Chilling Neigh|boost\n|-boost|p1a: Glastrier|atk|1\n|-hitcount|p2: Golurk|4\n|\n|upkeep\n|\n|t:|1695990507\n|switch|p2b: Metagross|Metagross|100\/100\n|turn|2\n|\n|t:|1695990517\n|detailschange|p2b: Metagross|Metagross-Mega\n|-mega|p2b: Metagross|Metagross|Metagrossite\n|move|p1a: Glastrier|Protect|p1a: Glastrier\n|-singleturn|p1a: Glastrier|Protect\n|move|p2b: Metagross|Meteor Mash|p1a: Glastrier\n|-activate|p1a: Glastrier|move: Protect\n|move|p2a: Metapod|Bug Bite|p1b: Indeedee\n|-supereffective|p1b: Indeedee\n|-damage|p1b: Indeedee|12\/100\n|-activate|p1b: Indeedee|confusion\n|move|p1b: Indeedee|Trick Room|p1b: Indeedee\n|-fieldstart|move: Trick Room|[of] p1b: Indeedee\n|\n|upkeep\n|turn|3\n|\n|t:|1695990532\n|-activate|p1b: Indeedee|confusion\n|-damage|p1b: Indeedee|7\/100|[from] confusion\n|move|p2b: Metagross|Bullet Punch|p1a: Glastrier\n|-activate|p1a: Glastrier|move: Psychic Terrain\n|move|p1a: Glastrier|Stomping Tantrum|p2b: Metagross\n|-supereffective|p2b: Metagross\n|-damage|p2b: Metagross|29\/100\n|move|p2a: Metapod|Bug Bite|p1b: Indeedee\n|-supereffective|p1b: Indeedee\n|-damage|p1b: Indeedee|0 fnt\n|faint|p1b: Indeedee\n|\n|upkeep\n|\n|t:|1695990553\n|switch|p1b: Oranguru|Oranguru, M|100\/100\n|turn|4\n|\n|t:|1695990562\n|switch|p2b: Clodsire|Clodsire, M|100\/100\n|-terastallize|p1a: Glastrier|Ice\n|move|p1a: Glastrier|Icicle Spear|p2b: Clodsire\n|-supereffective|p2b: Clodsire\n|-crit|p2b: Clodsire\n|-damage|p2b: Clodsire|24\/100\n|-supereffective|p2b: Clodsire\n|-damage|p2b: Clodsire|0 fnt\n|faint|p2b: Clodsire\n|-ability|p1a: Glastrier|Chilling Neigh|boost\n|-boost|p1a: Glastrier|atk|1\n|-hitcount|p2: Clodsire|2\n|move|p2a: Metapod|Bug Bite|p1b: Oranguru\n|-supereffective|p1b: Oranguru\n|-damage|p1b: Oranguru|89\/100\n|move|p1b: Oranguru|Instruct|p1a: Glastrier\n|-singleturn|p1a: Glastrier|move: Instruct|[of] p1b: Oranguru\n|move|p1a: Glastrier|Icicle Spear|p2a: Metapod\n|-damage|p2a: Metapod|54\/100\n|-damage|p2a: Metapod|8\/100\n|-damage|p2a: Metapod|0 fnt\n|faint|p2a: Metapod\n|-ability|p1a: Glastrier|Chilling Neigh|boost\n|-boost|p1a: Glastrier|atk|1\n|-hitcount|p2: Metapod|3\n|\n|upkeep\n|\n|t:|1695990570\n|switch|p2b: Drapion|Drapion, M|100\/100\n|switch|p2a: Metagross|Metagross-Mega|29\/100\n|turn|5\n|-message|w0nderstruck forfeited.\n|\n|win|Jsh dkud\n|raw|Jsh dkud's rating: 1107 &rarr; <strong>1128<\/strong><br \/>(+21 for winning)\n|raw|w0nderstruck's rating: 1047 &rarr; <strong>1033<\/strong><br \/>(-14 for losing)\n|l|\u2606w0nderstruck\n","uploadtime":1695990586,"views":8,"p1id":"jshdkud","p2id":"w0nderstruck","formatid":"gen9nationaldexdoubles","rating":1033,"private":0,"password":""}