{"id":"gen9nationaldexdoubles-1978643438","p1":"xdtrainer","p2":"Material Pain","format":"[Gen 9] National Dex Doubles","log":"|j|\u2606xdtrainer\n|j|\u2606Material Pain\n|t:|1698573394\n|gametype|doubles\n|player|p1|xdtrainer|266|1390\n|player|p2|Material Pain|hugh|1399\n|teamsize|p1|6\n|teamsize|p2|6\n|gen|9\n|tier|[Gen 9] National Dex Doubles\n|rated|\n|rule|HP Percentage Mod: HP is shown in percentages\n|rule|Endless Battle Clause: Forcing endless battles is banned\n|rule|OHKO Clause: OHKO moves are banned\n|rule|Evasion Moves Clause: Evasion moves are banned\n|rule|Evasion Abilities Clause: Evasion abilities are banned\n|rule|Species Clause: Limit one of each Pok\u00e9mon\n|rule|Gravity Sleep Clause: The combination of sleep-inducing moves with imperfect accuracy and Gravity or Gigantamax Orbeetle are banned\n|clearpoke\n|poke|p1|Slaking, M|\n|poke|p1|Weezing-Galar, F|\n|poke|p1|Toedscruel, M|\n|poke|p1|Tornadus, M|\n|poke|p1|Ogerpon-Hearthflame, F|\n|poke|p1|Flutter Mane|\n|poke|p2|Metagross|\n|poke|p2|Milotic, F|\n|poke|p2|Tapu Lele|\n|poke|p2|Armarouge, M|\n|poke|p2|Hydreigon, F|\n|poke|p2|Regieleki|\n|teampreview\n|inactive|Battle timer is ON: inactive players will automatically lose when time's up. (requested by xdtrainer)\n|\n|t:|1698573406\n|start\n|switch|p1a: Slaking|Slaking, M|100\/100\n|switch|p1b: Weezing|Weezing-Galar, F|100\/100\n|switch|p2a: Tapu Lele|Tapu Lele|100\/100\n|switch|p2b: Hydreigon|Hydreigon, F|100\/100\n|-ability|p1b: Weezing|Neutralizing Gas\n|turn|1\n|\n|t:|1698573417\n|move|p1b: Weezing|Protect|p1b: Weezing\n|-singleturn|p1b: Weezing|Protect\n|move|p2b: Hydreigon|Tailwind|p2b: Hydreigon\n|-sidestart|p2: Material Pain|move: Tailwind\n|-zpower|p2a: Tapu Lele\n|move|p2a: Tapu Lele|All-Out Pummeling|p1a: Slaking|[zeffect]\n|-supereffective|p1a: Slaking\n|-damage|p1a: Slaking|11\/100\n|move|p1a: Slaking|Heavy Slam|p2a: Tapu Lele\n|-supereffective|p2a: Tapu Lele\n|-damage|p2a: Tapu Lele|0 fnt\n|faint|p2a: Tapu Lele\n|\n|upkeep\n|\n|t:|1698573438\n|switch|p2a: Regieleki|Regieleki|100\/100\n|turn|2\n|\n|t:|1698573446\n|switch|p2b: Metagross|Metagross|100\/100\n|move|p2a: Regieleki|Electroweb|p1a: Slaking|[spread] p1a,p1b\n|-damage|p1a: Slaking|0 fnt\n|-damage|p1b: Weezing|79\/100\n|-unboost|p1b: Weezing|spe|1\n|faint|p1a: Slaking\n|move|p1b: Weezing|Dazzling Gleam|p2b: Metagross|[spread] p2a,p2b\n|-resisted|p2b: Metagross\n|-damage|p2a: Regieleki|63\/100\n|-damage|p2b: Metagross|89\/100\n|\n|upkeep\n|\n|t:|1698573456\n|switch|p1a: Toedscruel|Toedscruel, M|100\/100\n|turn|3\n|\n|t:|1698573466\n|detailschange|p2b: Metagross|Metagross-Mega\n|-mega|p2b: Metagross|Metagross|Metagrossite\n|move|p2a: Regieleki|Volt Switch|p1b: Weezing\n|-damage|p1b: Weezing|44\/100\n|\n|t:|1698573478\n|switch|p2a: Milotic|Milotic, F|100\/100|[from] Volt Switch\n|move|p2b: Metagross|Ice Punch|p1a: Toedscruel\n|-supereffective|p1a: Toedscruel\n|-damage|p1a: Toedscruel|0 fnt\n|faint|p1a: Toedscruel\n|move|p1b: Weezing|Dazzling Gleam|p2a: Milotic|[spread] p2a,p2b\n|-resisted|p2b: Metagross\n|-crit|p2b: Metagross\n|-damage|p2a: Milotic|87\/100\n|-damage|p2b: Metagross|76\/100\n|\n|upkeep\n|\n|t:|1698573493\n|switch|p1a: Flutter Mane|Flutter Mane|100\/100\n|turn|4\n|\n|t:|1698573498\n|move|p2b: Metagross|Protect|p2b: Metagross\n|-singleturn|p2b: Metagross|Protect\n|move|p1a: Flutter Mane|Protect|p1a: Flutter Mane\n|-singleturn|p1a: Flutter Mane|Protect\n|move|p1b: Weezing|Protect|p1b: Weezing\n|-singleturn|p1b: Weezing|Protect\n|move|p2a: Milotic|Icy Wind|p1a: Flutter Mane|[spread] \n|-activate|p1a: Flutter Mane|move: Protect\n|-activate|p1b: Weezing|move: Protect\n|\n|-sideend|p2: Material Pain|move: Tailwind\n|upkeep\n|turn|5\n|\n|t:|1698573512\n|switch|p2b: Hydreigon|Hydreigon, F|100\/100\n|move|p1a: Flutter Mane|Shadow Ball|p2b: Hydreigon\n|-resisted|p2b: Hydreigon\n|-damage|p2b: Hydreigon|71\/100\n|-unboost|p2b: Hydreigon|spd|1\n|-damage|p1a: Flutter Mane|91\/100|[from] item: Life Orb\n|move|p2a: Milotic|Icy Wind|p1b: Weezing|[spread] p1a,p1b\n|-damage|p1a: Flutter Mane|79\/100\n|-damage|p1b: Weezing|33\/100\n|-unboost|p1a: Flutter Mane|spe|1\n|-unboost|p1b: Weezing|spe|1\n|move|p1b: Weezing|Sludge Bomb|p2a: Milotic\n|-damage|p2a: Milotic|65\/100\n|\n|upkeep\n|turn|6\n|\n|t:|1698573530\n|move|p2b: Hydreigon|Tailwind|p2b: Hydreigon\n|-sidestart|p2: Material Pain|move: Tailwind\n|move|p2a: Milotic|Icy Wind|p1b: Weezing|[spread] p1a,p1b\n|-damage|p1a: Flutter Mane|66\/100\n|-damage|p1b: Weezing|21\/100\n|-unboost|p1a: Flutter Mane|spe|1\n|-unboost|p1b: Weezing|spe|1\n|move|p1a: Flutter Mane|Moonblast|p2b: Hydreigon\n|-supereffective|p2b: Hydreigon\n|-damage|p2b: Hydreigon|0 fnt\n|faint|p2b: Hydreigon\n|-damage|p1a: Flutter Mane|56\/100|[from] item: Life Orb\n|move|p1b: Weezing|Sludge Bomb|p2a: Milotic\n|-damage|p2a: Milotic|44\/100\n|\n|upkeep\n|\n|t:|1698573537\n|switch|p2b: Metagross|Metagross-Mega|76\/100\n|turn|7\n|\n|t:|1698573547\n|switch|p2a: Regieleki|Regieleki|63\/100\n|-end|p1a: Flutter Mane|Protosynthesis|[silent]\n|switch|p1a: Tornadus|Tornadus, M|100\/100\n|move|p1b: Weezing|Protect|p1b: Weezing\n|-singleturn|p1b: Weezing|Protect\n|move|p2b: Metagross|Iron Head|p1a: Tornadus\n|-crit|p1a: Tornadus\n|-damage|p1a: Tornadus|20\/100\n|\n|upkeep\n|turn|8\n|\n|t:|1698573566\n|move|p2b: Metagross|Protect|p2b: Metagross\n|-singleturn|p2b: Metagross|Protect\n|move|p2a: Regieleki|Volt Switch|p1a: Tornadus\n|-supereffective|p1a: Tornadus\n|-damage|p1a: Tornadus|0 fnt\n|faint|p1a: Tornadus\n|\n|t:|1698573578\n|switch|p2a: Milotic|Milotic, F|44\/100|[from] Volt Switch\n|move|p1b: Weezing|Sludge Bomb|p2a: Milotic\n|-damage|p2a: Milotic|22\/100\n|\n|upkeep\n|\n|t:|1698573587\n|switch|p1a: Flutter Mane|Flutter Mane|56\/100\n|turn|9\n|\n|t:|1698573594\n|move|p1a: Flutter Mane|Protect|p1a: Flutter Mane\n|-singleturn|p1a: Flutter Mane|Protect\n|move|p2b: Metagross|Iron Head|p1a: Flutter Mane\n|-activate|p1a: Flutter Mane|move: Protect\n|move|p2a: Milotic|Recover|p2a: Milotic\n|-heal|p2a: Milotic|72\/100\n|move|p1b: Weezing|Sludge Bomb|p2a: Milotic\n|-damage|p2a: Milotic|49\/100\n|-status|p2a: Milotic|psn\n|\n|-damage|p2a: Milotic|37\/100 psn|[from] psn\n|-sideend|p2: Material Pain|move: Tailwind\n|upkeep\n|turn|10\n|\n|t:|1698573608\n|move|p2b: Metagross|Protect|p2b: Metagross\n|-singleturn|p2b: Metagross|Protect\n|move|p1a: Flutter Mane|Shadow Ball|p2b: Metagross\n|-activate|p2b: Metagross|move: Protect\n|move|p2a: Milotic|Icy Wind|p1b: Weezing|[spread] p1a,p1b\n|-damage|p1a: Flutter Mane|44\/100\n|-damage|p1b: Weezing|9\/100\n|-unboost|p1a: Flutter Mane|spe|1\n|-unboost|p1b: Weezing|spe|1\n|move|p1b: Weezing|Sludge Bomb|p2a: Milotic\n|-damage|p2a: Milotic|16\/100 psn\n|\n|-damage|p2a: Milotic|4\/100 psn|[from] psn\n|upkeep\n|turn|11\n|\n|t:|1698573627\n|-end|p1a: Flutter Mane|Protosynthesis|[silent]\n|switch|p1a: Ogerpon|Ogerpon-Hearthflame, F|100\/100\n|move|p2b: Metagross|Zen Headbutt|p1a: Ogerpon\n|-damage|p1a: Ogerpon|39\/100\n|move|p2a: Milotic|Recover|p2a: Milotic\n|-heal|p2a: Milotic|54\/100 psn\n|move|p1b: Weezing|Will-O-Wisp|p2b: Metagross\n|-status|p2b: Metagross|brn\n|\n|-damage|p2a: Milotic|41\/100 psn|[from] psn\n|-damage|p2b: Metagross|70\/100 brn|[from] brn\n|upkeep\n|turn|12\n|\n|t:|1698573645\n|-terastallize|p1a: Ogerpon|Fire\n|detailschange|p1a: Ogerpon|Ogerpon-Hearthflame-Tera, F, tera:Fire\n|move|p2b: Metagross|Protect|p2b: Metagross\n|-singleturn|p2b: Metagross|Protect\n|move|p1a: Ogerpon|Ivy Cudgel|p2b: Metagross\n|-activate|p2b: Metagross|move: Protect\n|move|p2a: Milotic|Scald|p1a: Ogerpon\n|-supereffective|p1a: Ogerpon\n|-damage|p1a: Ogerpon|0 fnt\n|faint|p1a: Ogerpon\n|move|p1b: Weezing|Sludge Bomb|p2a: Milotic\n|-damage|p2a: Milotic|19\/100 psn\n|\n|-damage|p2a: Milotic|6\/100 psn|[from] psn\n|-damage|p2b: Metagross|64\/100 brn|[from] brn\n|upkeep\n|-message|xdtrainer forfeited.\n|\n|win|Material Pain\n|raw|xdtrainer's rating: 1390 &rarr; <strong>1371<\/strong><br \/>(-19 for losing)\n|raw|Material Pain's rating: 1399 &rarr; <strong>1418<\/strong><br \/>(+19 for winning)\n|l|\u2606xdtrainer\n","uploadtime":1698573677,"views":11,"p1id":"xdtrainer","p2id":"materialpain","formatid":"gen9nationaldexdoubles","rating":1371,"private":0,"password":""}