{"id":"gen9nationaldexdoubles-1994170019","p1":"astro nation shoe","p2":"big pichu","format":"[Gen 9] National Dex Doubles","log":"|j|\u2606astro nation shoe\n|j|\u2606big pichu\n|t:|1700414933\n|gametype|doubles\n|player|p1|astro nation shoe|allister|\n|player|p2|big pichu|serena-masters2|\n|teamsize|p1|6\n|teamsize|p2|6\n|gen|9\n|tier|[Gen 9] National Dex Doubles\n|rule|HP Percentage Mod: HP is shown in percentages\n|rule|Endless Battle Clause: Forcing endless battles is banned\n|rule|OHKO Clause: OHKO moves are banned\n|rule|Evasion Moves Clause: Evasion moves are banned\n|rule|Evasion Abilities Clause: Evasion abilities are banned\n|rule|Species Clause: Limit one of each Pok\u00e9mon\n|rule|Gravity Sleep Clause: The combination of sleep-inducing moves with imperfect accuracy and Gravity or Gigantamax Orbeetle are banned\n|clearpoke\n|poke|p1|Kyurem-Black|\n|poke|p1|Rillaboom, F|\n|poke|p1|Tornadus, M|\n|poke|p1|Incineroar, F|\n|poke|p1|Metagross|\n|poke|p1|Flutter Mane|\n|poke|p2|Ogerpon-Wellspring, F|\n|poke|p2|Flutter Mane|\n|poke|p2|Incineroar, F|\n|poke|p2|Zamazenta-*|\n|poke|p2|Zygarde|\n|poke|p2|Glimmora, F|\n|teampreview\n|j| AIRedzone\n|j| tkhanh\n|c| AIRedzone|Gaming!\n|c|\u2606big pichu|gaming!\n|j| Jello1231\n|c|\u2606astro nation shoe|gaming indeed\n|j| Slash Death\n|c| Slash Death|Showdown gaming\n|j|+zoe\n|\n|t:|1700415085\n|start\n|switch|p1a: Flutter Mane|Flutter Mane|100\/100\n|switch|p1b: Tornadus|Tornadus, M|100\/100\n|switch|p2a: Incineroar|Incineroar, F|100\/100\n|switch|p2b: Glimmora|Glimmora, F|100\/100\n|-ability|p2a: Incineroar|Intimidate|boost\n|-unboost|p1a: Flutter Mane|atk|1\n|-unboost|p1b: Tornadus|atk|1\n|turn|1\n|j| Toxinalpaca\n|j| spice samurai\n|j|+zee\n|\n|t:|1700415109\n|move|p1b: Tornadus|Taunt|p2b: Glimmora\n|-start|p2b: Glimmora|move: Taunt\n|move|p1a: Flutter Mane|Moonblast|p2a: Incineroar\n|-damage|p2a: Incineroar|25\/100\n|-enditem|p2a: Incineroar|Sitrus Berry|[eat]\n|-heal|p2a: Incineroar|50\/100|[from] item: Sitrus Berry\n|move|p2b: Glimmora|Mortal Spin|p1b: Tornadus|[spread] p1a,p1b\n|-damage|p1a: Flutter Mane|91\/100\n|-damage|p1b: Tornadus|94\/100\n|-status|p1a: Flutter Mane|psn\n|-status|p1b: Tornadus|psn\n|move|p2a: Incineroar|Parting Shot|p1a: Flutter Mane\n|-unboost|p1a: Flutter Mane|atk|1\n|-unboost|p1a: Flutter Mane|spa|1\n|l| spice samurai\n|\n|t:|1700415128\n|switch|p2a: Ogerpon|Ogerpon-Wellspring, F|100\/100|[from] Parting Shot\n|\n|-damage|p1a: Flutter Mane|79\/100 psn|[from] psn\n|-damage|p1b: Tornadus|82\/100 psn|[from] psn\n|upkeep\n|turn|2\n|j| theyummybagel\n|j| Smudge\n|l| Toxinalpaca\n|j| eroticbarber\n|\n|t:|1700415181\n|switch|p1b: Metagross|Metagross|100\/100\n|-terastallize|p2a: Ogerpon|Water\n|detailschange|p2a: Ogerpon|Ogerpon-Wellspring-Tera, F, tera:Water\n|-ability|p2a: Ogerpon|Embody Aspect (Wellspring)|boost\n|-boost|p2a: Ogerpon|spd|1\n|move|p1a: Flutter Mane|Moonblast|p2a: Ogerpon\n|-damage|p2a: Ogerpon|64\/100\n|-unboost|p2a: Ogerpon|spa|1\n|move|p2a: Ogerpon|Ivy Cudgel|p1a: Flutter Mane|[anim] Ivy Cudgel Water\n|-damage|p1a: Flutter Mane|0 fnt\n|faint|p1a: Flutter Mane\n|-end|p1a: Flutter Mane|Protosynthesis|[silent]\n|move|p2b: Glimmora|Sludge Bomb|p1b: Metagross\n|-immune|p1b: Metagross\n|\n|upkeep\n|j| Rafadude\n|\n|t:|1700415221\n|switch|p1a: Rillaboom|Rillaboom, F|100\/100\n|-fieldstart|move: Grassy Terrain|[from] ability: Grassy Surge|[of] p1a: Rillaboom\n|turn|3\n|l| eroticbarber\n|j| eroticbarber\n|\n|t:|1700415262\n|switch|p2b: Incineroar|Incineroar, F|50\/100\n|-ability|p2b: Incineroar|Intimidate|boost\n|-unboost|p1a: Rillaboom|atk|1\n|-fail|p1b: Metagross|unboost|[from] ability: Clear Body|[of] p1b: Metagross\n|move|p2a: Ogerpon|Spiky Shield|p2a: Ogerpon\n|-singleturn|p2a: Ogerpon|move: Protect\n|move|p1b: Metagross|Stomping Tantrum|p2b: Incineroar\n|-supereffective|p2b: Incineroar\n|-damage|p2b: Incineroar|8\/100\n|move|p1a: Rillaboom|Wood Hammer|p2a: Ogerpon\n|-activate|p2a: Ogerpon|move: Protect\n|-damage|p1a: Rillaboom|88\/100|[from] Spiky Shield|[of] p2a: Ogerpon\n|\n|-heal|p2a: Ogerpon|70\/100|[from] Grassy Terrain\n|-heal|p1a: Rillaboom|94\/100|[from] Grassy Terrain\n|-heal|p2b: Incineroar|14\/100|[from] Grassy Terrain\n|upkeep\n|turn|4\n|\n|t:|1700415283\n|move|p1b: Metagross|Protect|p1b: Metagross\n|-singleturn|p1b: Metagross|Protect\n|move|p2b: Incineroar|Fake Out|p1a: Rillaboom\n|-damage|p1a: Rillaboom|83\/100\n|move|p2a: Ogerpon|Ivy Cudgel|p1b: Metagross|[anim] Ivy Cudgel Water\n|-activate|p1b: Metagross|move: Protect\n|cant|p1a: Rillaboom|flinch\n|\n|-heal|p2a: Ogerpon|76\/100|[from] Grassy Terrain\n|-heal|p1a: Rillaboom|89\/100|[from] Grassy Terrain\n|-heal|p2b: Incineroar|20\/100|[from] Grassy Terrain\n|upkeep\n|turn|5\n|l| eroticbarber\n|\n|t:|1700415338\n|switch|p2b: Zamazenta|Zamazenta|100\/100\n|-ability|p2b: Zamazenta|Dauntless Shield|boost\n|-boost|p2b: Zamazenta|def|1\n|detailschange|p1b: Metagross|Metagross-Mega\n|-mega|p1b: Metagross|Metagross|Metagrossite\n|move|p2a: Ogerpon|Spiky Shield|p2a: Ogerpon\n|-singleturn|p2a: Ogerpon|move: Protect\n|move|p1b: Metagross|Stomping Tantrum|p2a: Ogerpon\n|-activate|p2a: Ogerpon|move: Protect\n|-damage|p1b: Metagross|88\/100|[from] Spiky Shield|[of] p2a: Ogerpon\n|move|p1a: Rillaboom|Wood Hammer|p2b: Zamazenta\n|-damage|p2b: Zamazenta|75\/100\n|-damage|p1a: Rillaboom|80\/100|[from] Recoil\n|\n|-heal|p2b: Zamazenta|81\/100|[from] Grassy Terrain\n|-heal|p1b: Metagross|94\/100|[from] Grassy Terrain\n|-heal|p2a: Ogerpon|82\/100|[from] Grassy Terrain\n|-heal|p1a: Rillaboom|86\/100|[from] Grassy Terrain\n|upkeep\n|turn|6\n|j| eroticbarber\n|l| Slash Death\n|j| Boss Pidgey\n|\n|t:|1700415357\n|move|p2b: Zamazenta|Reflect|p2b: Zamazenta\n|-sidestart|p2: big pichu|Reflect\n|move|p1b: Metagross|Steel Roller|p2b: Zamazenta\n|-damage|p2b: Zamazenta|47\/100\n|-fieldend|move: Grassy Terrain\n|move|p2a: Ogerpon|Ivy Cudgel|p1b: Metagross|[anim] Ivy Cudgel Water\n|-damage|p1b: Metagross|35\/100\n|move|p1a: Rillaboom|Wood Hammer|p2a: Ogerpon\n|-supereffective|p2a: Ogerpon\n|-damage|p2a: Ogerpon|29\/100\n|-damage|p1a: Rillaboom|73\/100|[from] Recoil\n|\n|upkeep\n|turn|7\n|j| ChainlessJoe\n|j| NoName6293\n|j| Slash Death\n|l| eroticbarber\n|l| Boss Pidgey\n|j| Boss Pidgey\n|j| eroticbarber\n|\n|t:|1700415408\n|move|p2b: Zamazenta|Coaching|p2a: Ogerpon\n|-boost|p2a: Ogerpon|atk|1\n|-boost|p2a: Ogerpon|def|1\n|move|p1b: Metagross|Meteor Mash|p2b: Zamazenta\n|-damage|p2b: Zamazenta|22\/100\n|-boost|p1b: Metagross|atk|1\n|move|p2a: Ogerpon|Ivy Cudgel|p1b: Metagross|[anim] Ivy Cudgel Water\n|-damage|p1b: Metagross|0 fnt\n|faint|p1b: Metagross\n|move|p1a: Rillaboom|Wood Hammer|p2a: Ogerpon\n|-supereffective|p2a: Ogerpon\n|-damage|p2a: Ogerpon|0 fnt\n|faint|p2a: Ogerpon\n|-damage|p1a: Rillaboom|66\/100|[from] Recoil\n|\n|upkeep\n|l| eroticbarber\n|\n|t:|1700415431\n|switch|p1b: Incineroar|Incineroar, F|100\/100\n|switch|p2a: Glimmora|Glimmora, F|100\/100\n|-ability|p1b: Incineroar|Intimidate|boost\n|-unboost|p2a: Glimmora|atk|1\n|-unboost|p2b: Zamazenta|atk|1\n|turn|8\n|j| eroticbarber\n|\n|t:|1700415456\n|move|p1b: Incineroar|Fake Out|p2b: Zamazenta\n|-damage|p2b: Zamazenta|18\/100\n|move|p2b: Zamazenta|Body Press|p1b: Incineroar\n|-supereffective|p1b: Incineroar\n|-damage|p1b: Incineroar|27\/100\n|-enditem|p1b: Incineroar|Sitrus Berry|[eat]\n|-heal|p1b: Incineroar|52\/100|[from] item: Sitrus Berry\n|move|p1a: Rillaboom|Wood Hammer|p2b: Zamazenta\n|-damage|p2b: Zamazenta|5\/100\n|-damage|p1a: Rillaboom|62\/100|[from] Recoil\n|move|p2a: Glimmora|Sludge Bomb|p1a: Rillaboom\n|-supereffective|p1a: Rillaboom\n|-damage|p1a: Rillaboom|0 fnt\n|faint|p1a: Rillaboom\n|\n|upkeep\n|\n|t:|1700415478\n|switch|p1a: Kyurem|Kyurem-Black|100\/100\n|-ability|p1a: Kyurem|Teravolt\n|turn|9\n|l| Rafadude\n|\n|t:|1700415490\n|-terastallize|p1a: Kyurem|Poison\n|move|p2b: Zamazenta|Body Press|p1a: Kyurem\n|-resisted|p1a: Kyurem\n|-damage|p1a: Kyurem|81\/100\n|move|p1a: Kyurem|Earth Power|p2a: Glimmora\n|-supereffective|p2a: Glimmora\n|-damage|p2a: Glimmora|6\/100\n|move|p2a: Glimmora|Power Gem|p1a: Kyurem\n|-damage|p1a: Kyurem|56\/100\n|move|p1b: Incineroar|Flare Blitz|p2b: Zamazenta\n|-damage|p2b: Zamazenta|0 fnt\n|faint|p2b: Zamazenta\n|-damage|p1b: Incineroar|50\/100|[from] Recoil\n|\n|upkeep\n|l| eroticbarber\n|j| Rafadude\n|j| eroticbarber\n|l| tkhanh\n|\n|t:|1700415511\n|switch|p2b: Incineroar|Incineroar, F|20\/100\n|-ability|p2b: Incineroar|Intimidate|boost\n|-unboost|p1a: Kyurem|atk|1\n|-unboost|p1b: Incineroar|atk|1\n|turn|10\n|l| eroticbarber\n|l| Slash Death\n|j| eroticbarber\n|j| ratpacker\n|j| NDUU9SCRN Lost\n|\n|t:|1700415568\n|move|p2b: Incineroar|Fake Out|p1a: Kyurem\n|-damage|p1a: Kyurem|46\/100\n|cant|p1a: Kyurem|flinch\n|move|p2a: Glimmora|Earth Power|p1a: Kyurem\n|-supereffective|p1a: Kyurem\n|-damage|p1a: Kyurem|7\/100\n|-unboost|p1a: Kyurem|spd|1\n|move|p1b: Incineroar|Parting Shot|p2b: Incineroar\n|-unboost|p2b: Incineroar|atk|1\n|-unboost|p2b: Incineroar|spa|1\n|\n|t:|1700415573\n|switch|p1b: Tornadus|Tornadus, M|82\/100 psn|[from] Parting Shot\n|\n|-damage|p1b: Tornadus|69\/100 psn|[from] psn\n|-sideend|p2: big pichu|Reflect\n|upkeep\n|turn|11\n|c| NDUU9SCRN Lost|Yo\n|c| NDUU9SCRN Lost|who is my teammate\n|c| NDUU9SCRN Lost|Are u winning\n|c| eroticbarber|Pichu\n|j| Nido-Rus\n|l| NDUU9SCRN Lost\n|l| eroticbarber\n|j| eroticbarber\n|l| eroticbarber\n|c| Nido-Rus|astronomically big pichu gaming\n|c| AIRedzone|omg nidoat\n|j| eroticbarber\n|l| eroticbarber\n|j| Eragon11145\n|\n|t:|1700415733\n|switch|p2b: Flutter Mane|Flutter Mane|100\/100\n|-enditem|p2b: Flutter Mane|Booster Energy\n|-activate|p2b: Flutter Mane|ability: Protosynthesis|[fromitem]\n|-start|p2b: Flutter Mane|protosynthesisspa\n|move|p1b: Tornadus|Tailwind|p1b: Tornadus\n|-sidestart|p1: astro nation shoe|move: Tailwind\n|move|p1a: Kyurem|Icy Wind|p2a: Glimmora|[spread] p2a,p2b\n|-damage|p2a: Glimmora|0 fnt\n|-damage|p2b: Flutter Mane|82\/100\n|-unboost|p2b: Flutter Mane|spe|1\n|faint|p2a: Glimmora\n|\n|-damage|p1b: Tornadus|57\/100 psn|[from] psn\n|upkeep\n|c| ChainlessJoe|enomours pichu gaming\n|\n|t:|1700415743\n|switch|p2a: Incineroar|Incineroar, F|20\/100\n|-ability|p2a: Incineroar|Intimidate|boost\n|-unboost|p1a: Kyurem|atk|1\n|-unboost|p1b: Tornadus|atk|1\n|turn|12\n|j| Serise\n|\n|t:|1700415765\n|move|p1b: Tornadus|Protect|p1b: Tornadus\n|-singleturn|p1b: Tornadus|Protect\n|move|p2a: Incineroar|Fake Out|p1b: Tornadus\n|-activate|p1b: Tornadus|move: Protect\n|move|p1a: Kyurem|Earth Power|p2a: Incineroar\n|-supereffective|p2a: Incineroar\n|-damage|p2a: Incineroar|0 fnt\n|faint|p2a: Incineroar\n|move|p2b: Flutter Mane|Dazzling Gleam|p1a: Kyurem|[spread] p1a\n|-activate|p1b: Tornadus|move: Protect\n|-resisted|p1a: Kyurem\n|-damage|p1a: Kyurem|0 fnt\n|faint|p1a: Kyurem\n|\n|-damage|p1b: Tornadus|45\/100 psn|[from] psn\n|upkeep\n|\n|t:|1700415776\n|switch|p1a: Incineroar|Incineroar, F|50\/100\n|switch|p2a: Zygarde|Zygarde|100\/100\n|-ability|p1a: Incineroar|Intimidate|boost\n|-fail|p2a: Zygarde|unboost|[from] item: Clear Amulet|[of] p2a: Zygarde\n|-unboost|p2b: Flutter Mane|atk|1\n|-ability|p2a: Zygarde|Aura Break\n|turn|13\n|j| eroticbarber\n|l| Eragon11145\n|\n|t:|1700415798\n|move|p2a: Zygarde|Protect|p2a: Zygarde\n|-singleturn|p2a: Zygarde|Protect\n|move|p1a: Incineroar|Fake Out|p2a: Zygarde\n|-activate|p2a: Zygarde|move: Protect\n|-zpower|p1b: Tornadus\n|move|p1b: Tornadus|Supersonic Skystrike|p2b: Flutter Mane|[zeffect]\n|-damage|p2b: Flutter Mane|0 fnt\n|faint|p2b: Flutter Mane\n|-end|p2b: Flutter Mane|Protosynthesis|[silent]\n|\n|-damage|p1b: Tornadus|32\/100 psn|[from] psn\n|upkeep\n|turn|14\n|l| eroticbarber\n|j| eroticbarber\n|\n|t:|1700415840\n|move|p1b: Tornadus|Protect|p1b: Tornadus\n|-singleturn|p1b: Tornadus|Protect\n|move|p1a: Incineroar|Will-O-Wisp|p2a: Zygarde\n|-status|p2a: Zygarde|brn\n|move|p2a: Zygarde|Thousand Arrows|p1b: Tornadus|[spread] p1a\n|-activate|p1b: Tornadus|move: Protect\n|-supereffective|p1a: Incineroar\n|-damage|p1a: Incineroar|27\/100\n|\n|-damage|p1b: Tornadus|20\/100 psn|[from] psn\n|-damage|p2a: Zygarde|94\/100 brn|[from] brn\n|-sideend|p1: astro nation shoe|move: Tailwind\n|upkeep\n|turn|15\n|c|\u2606astro nation shoe|gg\n|\n|t:|1700415867\n|move|p1b: Tornadus|Bleakwind Storm|p2a: Zygarde|[miss]\n|-miss|p1b: Tornadus|p2a: Zygarde\n|move|p2a: Zygarde|Thousand Arrows|p1a: Incineroar|[spread] p1a,p1b\n|-supereffective|p1a: Incineroar\n|-damage|p1a: Incineroar|2\/100\n|-damage|p1b: Tornadus|0 fnt\n|faint|p1b: Tornadus\n|move|p1a: Incineroar|Parting Shot|p2a: Zygarde\n|-fail|p2a: Zygarde|unboost|[from] item: Clear Amulet|[of] p2a: Zygarde\n|\n|-damage|p2a: Zygarde|88\/100 brn|[from] brn\n|upkeep\n|turn|16\n|l| eroticbarber\n|\n|t:|1700415877\n|move|p2a: Zygarde|Extreme Speed|p1a: Incineroar\n|-damage|p1a: Incineroar|0 fnt\n|faint|p1a: Incineroar\n|\n|win|big pichu\n|l| ChainlessJoe\n|c|\u2606big pichu|gg\n","uploadtime":1700415885,"views":83,"p1id":"astronationshoe","p2id":"bigpichu","formatid":"gen9nationaldexdoubles","rating":0,"private":0,"password":""}