{"id":"gen9nationaldexdoubles-1955859811","p1":"Lilygeist","p2":"WhitneyNormaltype","format":"[Gen 9] National Dex Doubles","log":"|j|\u2606Lilygeist\n|j|\u2606WhitneyNormaltype\n|t:|1696035770\n|gametype|doubles\n|player|p1|Lilygeist|caitlin|\n|player|p2|WhitneyNormaltype|unknownf|\n|teamsize|p1|6\n|teamsize|p2|6\n|gen|9\n|tier|[Gen 9] National Dex Doubles\n|rule|HP Percentage Mod: HP is shown in percentages\n|rule|Endless Battle Clause: Forcing endless battles is banned\n|rule|OHKO Clause: OHKO moves are banned\n|rule|Evasion Moves Clause: Evasion moves are banned\n|rule|Evasion Abilities Clause: Evasion abilities are banned\n|rule|Species Clause: Limit one of each Pok\u00e9mon\n|rule|Gravity Sleep Clause: The combination of sleep-inducing moves with imperfect accuracy and Gravity or Gigantamax Orbeetle are banned\n|clearpoke\n|poke|p1|Sawk, M|\n|poke|p1|Mamoswine, M|\n|poke|p1|Malamar, M|\n|poke|p1|Poliwrath, M|\n|poke|p1|Whimsicott, F|\n|poke|p1|Ogerpon-Hearthflame, F|\n|poke|p2|Wyrdeer, F|\n|poke|p2|Passimian, F|\n|poke|p2|Stantler, M|\n|poke|p2|Articuno-Galar|\n|poke|p2|Scream Tail|\n|poke|p2|Whimsicott, M|\n|teampreview\n|\n|t:|1696035906\n|start\n|switch|p1a: Sawk|Sawk, M|100\/100\n|switch|p1b: Malamar|Malamar, M|100\/100\n|switch|p2a: Wyrdeer|Wyrdeer, F|100\/100\n|switch|p2b: Articuno|Articuno-Galar|100\/100\n|-ability|p1a: Sawk|Mold Breaker\n|-ability|p2a: Wyrdeer|Intimidate|boost\n|-unboost|p1a: Sawk|atk|1\n|-boost|p1b: Malamar|atk|1\n|turn|1\n|\n|t:|1696035943\n|move|p2b: Articuno|Protect|p2b: Articuno\n|-singleturn|p2b: Articuno|Protect\n|move|p1a: Sawk|Knock Off|p2b: Articuno\n|-activate|p2b: Articuno|move: Protect\n|move|p1b: Malamar|Destiny Bond|p1b: Malamar\n|-singlemove|p1b: Malamar|Destiny Bond\n|move|p2a: Wyrdeer|Skill Swap|p1b: Malamar\n|-activate|p2a: Wyrdeer|move: Skill Swap|Contrary|Intimidate|[of] p1b: Malamar\n|-ability|p1b: Malamar|Intimidate|boost\n|-boost|p2a: Wyrdeer|atk|1\n|-unboost|p2b: Articuno|atk|1\n|-ability|p2b: Articuno|Competitive|boost\n|-boost|p2b: Articuno|spa|2\n|-enditem|p2b: Articuno|Adrenaline Orb\n|-boost|p2b: Articuno|spe|1|[from] item: Adrenaline Orb\n|\n|upkeep\n|turn|2\n|\n|t:|1696035986\n|move|p2a: Wyrdeer|Helping Hand|p2b: Articuno\n|-singleturn|p2b: Articuno|Helping Hand|[of] p2a: Wyrdeer\n|move|p2b: Articuno|Hyper Voice|p1a: Sawk|[spread] p1a,p1b\n|-damage|p1a: Sawk|0 fnt\n|-damage|p1b: Malamar|19\/100\n|faint|p1a: Sawk\n|move|p1b: Malamar|Liquidation|p2a: Wyrdeer\n|-damage|p2a: Wyrdeer|69\/100\n|\n|upkeep\n|\n|t:|1696035997\n|switch|p1a: Whimsicott|Whimsicott, F, shiny|100\/100\n|turn|3\n|j| NightKasumi\n|\n|t:|1696036028\n|move|p2b: Articuno|Protect|p2b: Articuno\n|-singleturn|p2b: Articuno|Protect\n|move|p1a: Whimsicott|Toxic|p2b: Articuno\n|-activate|p2b: Articuno|move: Protect\n|move|p1b: Malamar|Destiny Bond|p1b: Malamar\n|-singlemove|p1b: Malamar|Destiny Bond\n|move|p2a: Wyrdeer|Skill Swap|p1a: Whimsicott\n|-activate|p2a: Wyrdeer|move: Skill Swap|Prankster|Contrary|[of] p1a: Whimsicott\n|\n|upkeep\n|turn|4\n|\n|t:|1696036059\n|-terastallize|p2b: Articuno|Normal\n|move|p2b: Articuno|Freezing Glare|p1a: Whimsicott\n|-damage|p1a: Whimsicott|0 fnt\n|faint|p1a: Whimsicott\n|move|p1b: Malamar|Destiny Bond||[still]\n|-fail|p1b: Malamar\n|move|p2a: Wyrdeer|Psychic|p1b: Malamar\n|-immune|p1b: Malamar\n|\n|upkeep\n|\n|t:|1696036075\n|switch|p1a: Poliwrath|Poliwrath, M|100\/100\n|turn|5\n|\n|t:|1696036092\n|move|p2a: Wyrdeer|Helping Hand|p2b: Articuno\n|-singleturn|p2b: Articuno|Helping Hand|[of] p2a: Wyrdeer\n|move|p2b: Articuno|Hyper Voice|p1b: Malamar|[spread] p1a,p1b\n|-damage|p1a: Poliwrath|0 fnt\n|-damage|p1b: Malamar|0 fnt\n|faint|p1a: Poliwrath\n|faint|p1b: Malamar\n|\n|upkeep\n|n| NightKasumi|nightkasumi\n|\n|t:|1696036100\n|switch|p1b: Ogerpon|Ogerpon-Hearthflame, F|100\/100\n|switch|p1a: Mamoswine|Mamoswine, M, shiny|100\/100\n|-ability|p1b: Ogerpon|Mold Breaker\n|turn|6\n|\n|t:|1696036119\n|-terastallize|p1a: Mamoswine|Grass\n|move|p2a: Wyrdeer|Helping Hand|p2b: Articuno\n|-singleturn|p2b: Articuno|Helping Hand|[of] p2a: Wyrdeer\n|move|p1b: Ogerpon|Spiky Shield|p1b: Ogerpon\n|-singleturn|p1b: Ogerpon|move: Protect\n|move|p2b: Articuno|Hyper Voice|p1a: Mamoswine|[spread] p1a\n|-activate|p1b: Ogerpon|move: Protect\n|-damage|p1a: Mamoswine|0 fnt\n|faint|p1a: Mamoswine\n|\n|upkeep\n|turn|7\n|\n|t:|1696036141\n|move|p2a: Wyrdeer|Helping Hand|p2b: Articuno\n|-singleturn|p2b: Articuno|Helping Hand|[of] p2a: Wyrdeer\n|move|p2b: Articuno|Protect|p2b: Articuno\n|-singleturn|p2b: Articuno|Protect\n|move|p1b: Ogerpon|Ivy Cudgel|p2b: Articuno\n|-activate|p2b: Articuno|move: Protect\n|\n|upkeep\n|turn|8\n|\n|t:|1696036160\n|move|p2a: Wyrdeer|Helping Hand|p2b: Articuno\n|-singleturn|p2b: Articuno|Helping Hand|[of] p2a: Wyrdeer\n|move|p2b: Articuno|Hyper Voice|p1b: Ogerpon\n|-crit|p1b: Ogerpon\n|-damage|p1b: Ogerpon|0 fnt\n|faint|p1b: Ogerpon\n|\n|win|WhitneyNormaltype\n|l|\u2606Lilygeist\n","uploadtime":1696036183,"views":9,"p1id":"lilygeist","p2id":"whitneynormaltype","formatid":"gen9nationaldexdoubles","rating":0,"private":0,"password":""}