{"id":"gen9nationaldexdoubles-1961530322","p1":"ElectroShibe","p2":"preeeee","format":"[Gen 9] National Dex Doubles","log":"|j|\u2606ElectroShibe\n|j|\u2606preeeee\n|t:|1696634545\n|gametype|doubles\n|player|p1|ElectroShibe|170|1138\n|player|p2|preeeee|crasherwake|1018\n|teamsize|p1|6\n|teamsize|p2|6\n|gen|9\n|tier|[Gen 9] National Dex Doubles\n|rated|\n|rule|HP Percentage Mod: HP is shown in percentages\n|rule|Endless Battle Clause: Forcing endless battles is banned\n|rule|OHKO Clause: OHKO moves are banned\n|rule|Evasion Moves Clause: Evasion moves are banned\n|rule|Evasion Abilities Clause: Evasion abilities are banned\n|rule|Species Clause: Limit one of each Pok\u00e9mon\n|rule|Gravity Sleep Clause: The combination of sleep-inducing moves with imperfect accuracy and Gravity or Gigantamax Orbeetle are banned\n|clearpoke\n|poke|p1|Ninetales, M|\n|poke|p1|Ceruledge, F|\n|poke|p1|Arcanine-Hisui, F|\n|poke|p1|Leafeon, F|\n|poke|p1|Amoonguss, M|\n|poke|p1|Victini|\n|poke|p2|Pelipper, F|\n|poke|p2|Barbaracle, M|\n|poke|p2|Ludicolo, F|\n|poke|p2|Rotom-Wash|\n|poke|p2|Dondozo, F|\n|poke|p2|Swampert, M|\n|teampreview\n|inactive|Battle timer is ON: inactive players will automatically lose when time's up. (requested by preeeee)\n|inactive|preeeee has 120 seconds left.\n|c|\u2606ElectroShibe|oh... oh naw...\n|\n|t:|1696634594\n|start\n|switch|p1a: Blossom|Leafeon, F|100\/100\n|switch|p1b: impopser amuugu|Amoonguss, M|100\/100\n|switch|p2a: Rotom|Rotom-Wash|100\/100\n|switch|p2b: Pelipper|Pelipper, F|100\/100\n|-weather|RainDance|[from] ability: Drizzle|[of] p2b: Pelipper\n|turn|1\n|\n|t:|1696634616\n|move|p1a: Blossom|Swords Dance|p1a: Blossom\n|-boost|p1a: Blossom|atk|2\n|move|p2a: Rotom|Signal Beam|p1a: Blossom\n|-supereffective|p1a: Blossom\n|-damage|p1a: Blossom|0 fnt\n|faint|p1a: Blossom\n|-damage|p2a: Rotom|91\/100|[from] item: Life Orb\n|move|p2b: Pelipper|Air Slash|p1b: impopser amuugu\n|-supereffective|p1b: impopser amuugu\n|-damage|p1b: impopser amuugu|53\/100\n|move|p1b: impopser amuugu|Spore|p2b: Pelipper\n|-status|p2b: Pelipper|slp|[from] move: Spore\n|\n|-weather|RainDance|[upkeep]\n|-heal|p1b: impopser amuugu|60\/100|[from] item: Black Sludge\n|upkeep\n|\n|t:|1696634626\n|switch|p1a: Shiru|Victini|100\/100\n|turn|2\n|\n|t:|1696634639\n|move|p1b: impopser amuugu|Rage Powder|p1b: impopser amuugu\n|-singleturn|p1b: impopser amuugu|move: Rage Powder\n|move|p1a: Shiru|Flame Charge|p2a: Rotom\n|-resisted|p2a: Rotom\n|-damage|p2a: Rotom|83\/100\n|-boost|p1a: Shiru|spe|1\n|move|p2a: Rotom|Signal Beam|p1b: impopser amuugu\n|-damage|p1b: impopser amuugu|39\/100\n|-damage|p2a: Rotom|74\/100|[from] item: Life Orb\n|cant|p2b: Pelipper|slp\n|\n|-weather|RainDance|[upkeep]\n|-heal|p1b: impopser amuugu|45\/100|[from] item: Black Sludge\n|upkeep\n|turn|3\n|\n|t:|1696634656\n|move|p1b: impopser amuugu|Rage Powder|p1b: impopser amuugu\n|-singleturn|p1b: impopser amuugu|move: Rage Powder\n|move|p1a: Shiru|Flame Charge|p2a: Rotom\n|-resisted|p2a: Rotom\n|-damage|p2a: Rotom|66\/100\n|-boost|p1a: Shiru|spe|1\n|move|p2a: Rotom|Signal Beam|p1b: impopser amuugu\n|-damage|p1b: impopser amuugu|25\/100\n|-damage|p2a: Rotom|56\/100|[from] item: Life Orb\n|cant|p2b: Pelipper|slp\n|\n|-weather|RainDance|[upkeep]\n|-heal|p1b: impopser amuugu|31\/100|[from] item: Black Sludge\n|upkeep\n|turn|4\n|\n|t:|1696634669\n|move|p1a: Shiru|Bolt Strike|p2b: Pelipper\n|-supereffective|p2b: Pelipper\n|-enditem|p2b: Pelipper|Focus Sash\n|-damage|p2b: Pelipper|1\/100 slp\n|move|p2a: Rotom|Signal Beam|p1b: impopser amuugu\n|-damage|p1b: impopser amuugu|11\/100\n|-damage|p2a: Rotom|46\/100|[from] item: Life Orb\n|-curestatus|p2b: Pelipper|slp|[msg]\n|move|p2b: Pelipper|Blizzard|p1b: impopser amuugu|[spread] p1a,p1b\n|-resisted|p1a: Shiru\n|-supereffective|p1b: impopser amuugu\n|-damage|p1a: Shiru|89\/100\n|-damage|p1b: impopser amuugu|0 fnt\n|-status|p1a: Shiru|frz\n|faint|p1b: impopser amuugu\n|\n|-weather|RainDance|[upkeep]\n|-heal|p1a: Shiru|95\/100 frz|[from] item: Leftovers\n|upkeep\n|\n|t:|1696634675\n|switch|p1b: Helios|Ninetales, M|100\/100\n|-weather|SunnyDay|[from] ability: Drought|[of] p1b: Helios\n|turn|5\n|\n|t:|1696634702\n|switch|p2b: Barbaracle|Barbaracle, M|100\/100\n|cant|p1a: Shiru|frz\n|move|p1b: Helios|Heat Wave|p2b: Barbaracle|[spread] p2a,p2b\n|-resisted|p2a: Rotom\n|-resisted|p2b: Barbaracle\n|-damage|p2a: Rotom|21\/100\n|-damage|p2b: Barbaracle|88\/100\n|move|p2a: Rotom|Hydro Pump|p1a: Shiru\n|-supereffective|p1a: Shiru\n|-damage|p1a: Shiru|30\/100 frz\n|-damage|p2a: Rotom|11\/100|[from] item: Life Orb\n|\n|-weather|SunnyDay|[upkeep]\n|-heal|p1a: Shiru|36\/100 frz|[from] item: Leftovers\n|upkeep\n|turn|6\n|\n|t:|1696634727\n|cant|p1a: Shiru|frz\n|move|p1b: Helios|Heat Wave|p2a: Rotom|[spread] p2a,p2b\n|-resisted|p2a: Rotom\n|-resisted|p2b: Barbaracle\n|-damage|p2a: Rotom|0 fnt\n|-damage|p2b: Barbaracle|73\/100\n|faint|p2a: Rotom\n|move|p2b: Barbaracle|Rock Slide|p1b: Helios|[spread] p1a\n|-miss|p2b: Barbaracle|p1b: Helios\n|-supereffective|p1a: Shiru\n|-damage|p1a: Shiru|0 fnt\n|faint|p1a: Shiru\n|\n|-weather|SunnyDay|[upkeep]\n|upkeep\n|\n|t:|1696634742\n|switch|p1a: Funny|Ceruledge, F|100\/100\n|switch|p2a: Pelipper|Pelipper, F|1\/100\n|-weather|RainDance|[from] ability: Drizzle|[of] p2a: Pelipper\n|turn|7\n|\n|t:|1696634761\n|switch|p1b: Amaterasu|Arcanine-Hisui, F|100\/100\n|-terastallize|p1a: Funny|Fighting\n|move|p1a: Funny|Swords Dance|p1a: Funny\n|-boost|p1a: Funny|atk|2\n|move|p2b: Barbaracle|Shell Smash|p2b: Barbaracle\n|-unboost|p2b: Barbaracle|def|1\n|-unboost|p2b: Barbaracle|spd|1\n|-boost|p2b: Barbaracle|atk|2\n|-boost|p2b: Barbaracle|spa|2\n|-boost|p2b: Barbaracle|spe|2\n|-enditem|p2b: Barbaracle|White Herb\n|-clearnegativeboost|p2b: Barbaracle|[silent]\n|move|p2a: Pelipper|Hydro Pump|p1a: Funny\n|-damage|p1a: Funny|3\/100\n|\n|-weather|RainDance|[upkeep]\n|upkeep\n|turn|8\n|\n|t:|1696634787\n|move|p1b: Amaterasu|Extreme Speed|p2a: Pelipper\n|-damage|p2a: Pelipper|0 fnt\n|faint|p2a: Pelipper\n|move|p1a: Funny|Shadow Sneak|p2b: Barbaracle\n|-damage|p2b: Barbaracle|31\/100\n|move|p2b: Barbaracle|Razor Shell|p1b: Amaterasu\n|-supereffective|p1b: Amaterasu\n|-damage|p1b: Amaterasu|0 fnt\n|faint|p1b: Amaterasu\n|\n|-weather|RainDance|[upkeep]\n|upkeep\n|\n|t:|1696634799\n|switch|p1b: Helios|Ninetales, M|100\/100\n|switch|p2a: Ludicolo|Ludicolo, F|100\/100\n|-weather|SunnyDay|[from] ability: Drought|[of] p1b: Helios\n|turn|9\n|\n|t:|1696634818\n|move|p1a: Funny|Shadow Sneak|p2b: Barbaracle\n|-damage|p2b: Barbaracle|0 fnt\n|faint|p2b: Barbaracle\n|move|p1b: Helios|Heat Wave|p2a: Ludicolo\n|-damage|p2a: Ludicolo|47\/100\n|move|p2a: Ludicolo|Encore|p2: Barbaracle|[notarget]\n|-fail|p2a: Ludicolo\n|\n|-weather|SunnyDay|[upkeep]\n|upkeep\n|\n|t:|1696634826\n|switch|p2b: Dondozo|Dondozo, F|100\/100\n|turn|10\n|\n|t:|1696634839\n|move|p1b: Helios|Encore||[still]\n|-fail|p1b: Helios\n|move|p1a: Funny|Bitter Blade|p2a: Ludicolo\n|-damage|p2a: Ludicolo|0 fnt\n|-heal|p1a: Funny|32\/100|[from] drain|[of] p2a: Ludicolo\n|faint|p2a: Ludicolo\n|move|p2b: Dondozo|Aqua Tail|p1a: Funny|[miss]\n|-miss|p2b: Dondozo|p1a: Funny\n|\n|-weather|SunnyDay|[upkeep]\n|upkeep\n|inactive|preeeee has 120 seconds left.\n|inactive|preeeee has 90 seconds left.\n|\n|t:|1696634897\n|switch|p2a: Swampert|Swampert, M|100\/100\n|turn|11\n|\n|t:|1696634917\n|detailschange|p2a: Swampert|Swampert-Mega, M\n|-mega|p2a: Swampert|Swampert|Swampertite\n|move|p1b: Helios|Will-O-Wisp|p2a: Swampert\n|-status|p2a: Swampert|brn\n|move|p1a: Funny|Bitter Blade|p2a: Swampert\n|-resisted|p2a: Swampert\n|-damage|p2a: Swampert|45\/100 brn\n|-heal|p1a: Funny|71\/100|[from] drain|[of] p2a: Swampert\n|move|p2b: Dondozo|Curse|p2b: Dondozo\n|-unboost|p2b: Dondozo|spe|1\n|-boost|p2b: Dondozo|atk|1\n|-boost|p2b: Dondozo|def|1\n|move|p2a: Swampert|Earthquake|p1a: Funny|[spread] p2b,p1a,p1b\n|-supereffective|p1b: Helios\n|-damage|p2b: Dondozo|90\/100\n|-damage|p1a: Funny|40\/100\n|-damage|p1b: Helios|32\/100\n|\n|-weather|SunnyDay|[upkeep]\n|-damage|p2a: Swampert|39\/100 brn|[from] brn\n|upkeep\n|turn|12\n|inactive|preeeee has 120 seconds left.\n|\n|t:|1696634943\n|move|p1b: Helios|Will-O-Wisp|p2b: Dondozo\n|-status|p2b: Dondozo|brn\n|move|p1a: Funny|Bitter Blade|p2a: Swampert\n|-resisted|p2a: Swampert\n|-damage|p2a: Swampert|0 fnt\n|-heal|p1a: Funny|66\/100|[from] drain|[of] p2a: Swampert\n|faint|p2a: Swampert\n|move|p2b: Dondozo|Aqua Tail|p1b: Helios\n|-supereffective|p1b: Helios\n|-damage|p1b: Helios|0 fnt\n|faint|p1b: Helios\n|\n|-weather|SunnyDay|[upkeep]\n|-damage|p2b: Dondozo|84\/100 brn|[from] brn\n|upkeep\n|turn|13\n|inactive|preeeee has 120 seconds left.\n|\n|t:|1696634959\n|move|p1a: Funny|Bitter Blade|p2b: Dondozo\n|-resisted|p2b: Dondozo\n|-damage|p2b: Dondozo|69\/100 brn\n|-heal|p1a: Funny|78\/100|[from] drain|[of] p2b: Dondozo\n|move|p2b: Dondozo|Body Press|p1a: Funny\n|-damage|p1a: Funny|55\/100\n|\n|-weather|SunnyDay|[upkeep]\n|-damage|p2b: Dondozo|63\/100 brn|[from] brn\n|upkeep\n|turn|14\n|\n|t:|1696634982\n|move|p1a: Funny|Bitter Blade|p2b: Dondozo\n|-resisted|p2b: Dondozo\n|-damage|p2b: Dondozo|47\/100 brn\n|-heal|p1a: Funny|68\/100|[from] drain|[of] p2b: Dondozo\n|move|p2b: Dondozo|Body Press|p1a: Funny\n|-damage|p1a: Funny|47\/100\n|\n|-weather|SunnyDay|[upkeep]\n|-damage|p2b: Dondozo|41\/100 brn|[from] brn\n|upkeep\n|turn|15\n|\n|t:|1696634991\n|-terastallize|p2b: Dondozo|Ground\n|move|p1a: Funny|Bitter Blade|p2b: Dondozo\n|-damage|p2b: Dondozo|11\/100 brn\n|-heal|p1a: Funny|69\/100|[from] drain|[of] p2b: Dondozo\n|move|p2b: Dondozo|Body Press|p1a: Funny\n|-damage|p1a: Funny|47\/100\n|\n|-weather|SunnyDay|[upkeep]\n|-damage|p2b: Dondozo|5\/100 brn|[from] brn\n|upkeep\n|turn|16\n|\n|t:|1696635010\n|move|p1a: Funny|Bitter Blade|p2b: Dondozo\n|-damage|p2b: Dondozo|0 fnt\n|-heal|p1a: Funny|51\/100|[from] drain|[of] p2b: Dondozo\n|faint|p2b: Dondozo\n|\n|win|ElectroShibe\n|raw|ElectroShibe's rating: 1138 &rarr; <strong>1155<\/strong><br \/>(+17 for winning)\n|raw|preeeee's rating: 1018 &rarr; <strong>1010<\/strong><br \/>(-8 for losing)\n|l|\u2606preeeee\n|c|\u2606ElectroShibe|gg\n","uploadtime":1696635045,"views":11,"p1id":"electroshibe","p2id":"preeeee","formatid":"gen9nationaldexdoubles","rating":1010,"private":0,"password":""}