{"id":"gen9nationaldexdoubles-1958072420","p1":"haakloong","p2":"Fir3FoxSlay3r","format":"[Gen 9] National Dex Doubles","log":"|j|\u2606haakloong\n|j|\u2606Fir3FoxSlay3r\n|t:|1696285326\n|gametype|doubles\n|player|p1|haakloong|101|\n|player|p2|Fir3FoxSlay3r|170|\n|teamsize|p1|6\n|teamsize|p2|6\n|gen|9\n|tier|[Gen 9] National Dex Doubles\n|rule|HP Percentage Mod: HP is shown in percentages\n|rule|Endless Battle Clause: Forcing endless battles is banned\n|rule|OHKO Clause: OHKO moves are banned\n|rule|Evasion Moves Clause: Evasion moves are banned\n|rule|Evasion Abilities Clause: Evasion abilities are banned\n|rule|Species Clause: Limit one of each Pok\u00e9mon\n|rule|Gravity Sleep Clause: The combination of sleep-inducing moves with imperfect accuracy and Gravity or Gigantamax Orbeetle are banned\n|clearpoke\n|poke|p1|Goodra-Hisui, F|\n|poke|p1|Lucario, F|\n|poke|p1|Skarmory, F|\n|poke|p1|Ninetales-Alola, M|\n|poke|p1|Cloyster, M|\n|poke|p1|Aggron, M|\n|poke|p2|Vanilluxe, M|\n|poke|p2|Altaria, F|\n|poke|p2|Whiscash, F|\n|poke|p2|Spiritomb, M|\n|poke|p2|Avalugg, M|\n|poke|p2|Garchomp, F|\n|teampreview\n|\n|t:|1696285366\n|start\n|switch|p1a: Ninetales|Ninetales-Alola, M|100\/100\n|switch|p1b: Cloyster|Cloyster, M, shiny|100\/100\n|switch|p2a: Spiritomb|Spiritomb, M, shiny|100\/100\n|switch|p2b: Whiscash|Whiscash, F, shiny|100\/100\n|-weather|Snow|[from] ability: Snow Warning|[of] p1a: Ninetales\n|turn|1\n|\n|t:|1696285388\n|move|p2b: Whiscash|Protect|p2b: Whiscash\n|-singleturn|p2b: Whiscash|Protect\n|move|p1a: Ninetales|Draining Kiss|p2a: Spiritomb\n|-supereffective|p2a: Spiritomb\n|-damage|p2a: Spiritomb|61\/100\n|move|p1b: Cloyster|Weather Ball|p2b: Whiscash\n|-activate|p2b: Whiscash|move: Protect\n|move|p2a: Spiritomb|Trick Room|p2a: Spiritomb\n|-fieldstart|move: Trick Room|[of] p2a: Spiritomb\n|\n|-weather|Snow|[upkeep]\n|upkeep\n|turn|2\n|\n|t:|1696285434\n|switch|p2a: Avalugg|Avalugg, M, shiny|100\/100\n|switch|p2b: Vanilluxe|Vanilluxe, M, shiny|100\/100\n|move|p1b: Cloyster|Weather Ball|p2b: Vanilluxe\n|-resisted|p2b: Vanilluxe\n|-damage|p2b: Vanilluxe|79\/100\n|move|p1a: Ninetales|Draining Kiss|p2a: Avalugg\n|-damage|p2a: Avalugg|68\/100\n|\n|-weather|Snow|[upkeep]\n|upkeep\n|turn|3\n|\n|t:|1696285477\n|switch|p1b: Goodra|Goodra-Hisui, F|100\/100\n|switch|p1a: Skarmory|Skarmory, F, shiny|100\/100\n|move|p2a: Avalugg|Body Press|p1b: Goodra\n|-supereffective|p1b: Goodra\n|-damage|p1b: Goodra|19\/100\n|-ability|p1b: Goodra|Gooey\n|-unboost|p2a: Avalugg|spe|1\n|move|p2b: Vanilluxe|Freeze-Dry|p1b: Goodra\n|-damage|p1b: Goodra|0 fnt\n|faint|p1b: Goodra\n|\n|-weather|Snow|[upkeep]\n|upkeep\n|\n|t:|1696285496\n|switch|p1b: Lucario|Lucario, F|100\/100\n|turn|4\n|\n|t:|1696285513\n|move|p2a: Avalugg|Body Press|p1b: Lucario\n|-supereffective|p1b: Lucario\n|-damage|p1b: Lucario|0 fnt\n|faint|p1b: Lucario\n|move|p1a: Skarmory|Iron Defense|p1a: Skarmory\n|-boost|p1a: Skarmory|def|2\n|move|p2b: Vanilluxe|Aurora Veil|p2b: Vanilluxe\n|-sidestart|p2: Fir3FoxSlay3r|move: Aurora Veil\n|\n|-weather|Snow|[upkeep]\n|upkeep\n|\n|t:|1696285530\n|switch|p1b: Ninetales|Ninetales-Alola, M|100\/100\n|turn|5\n|\n|t:|1696285577\n|switch|p2b: Spiritomb|Spiritomb, M, shiny|61\/100\n|move|p2a: Avalugg|Body Press|p1a: Skarmory\n|-damage|p1a: Skarmory|87\/100\n|-damage|p2a: Avalugg|52\/100|[from] item: Rocky Helmet|[of] p1a: Skarmory\n|move|p1a: Skarmory|Iron Defense|p1a: Skarmory\n|-boost|p1a: Skarmory|def|2\n|move|p1b: Ninetales|Draining Kiss|p2a: Avalugg\n|-damage|p2a: Avalugg|31\/100\n|\n|-weather|none\n|-fieldend|move: Trick Room\n|upkeep\n|turn|6\n|\n|t:|1696285611\n|move|p1b: Ninetales|Draining Kiss|p2a: Avalugg\n|-damage|p2a: Avalugg|12\/100\n|move|p1a: Skarmory|Iron Defense|p1a: Skarmory\n|-boost|p1a: Skarmory|def|2\n|move|p2a: Avalugg|Recover|p2a: Avalugg\n|-heal|p2a: Avalugg|62\/100\n|move|p2b: Spiritomb|Trick Room|p2b: Spiritomb\n|-fieldstart|move: Trick Room|[of] p2b: Spiritomb\n|\n|upkeep\n|turn|7\n|\n|t:|1696285650\n|switch|p2a: Garchomp|Garchomp, F, shiny|100\/100\n|move|p2b: Spiritomb|Ally Switch|p2b: Spiritomb\n|swap|p2b: Spiritomb|0|[from] move: Ally Switch\n|move|p1a: Skarmory|Body Press|p2a: Spiritomb\n|-immune|p2a: Spiritomb\n|move|p1b: Ninetales|Draining Kiss|p2b: Garchomp\n|-supereffective|p2b: Garchomp\n|-damage|p2b: Garchomp|72\/100\n|-damage|p1b: Ninetales|88\/100|[from] ability: Rough Skin|[of] p2b: Garchomp\n|\n|upkeep\n|turn|8\n|\n|t:|1696285678\n|move|p2a: Spiritomb|Shadow Ball|p1a: Skarmory\n|-damage|p1a: Skarmory|55\/100\n|-unboost|p1a: Skarmory|spd|1\n|move|p1a: Skarmory|Body Press|p2b: Garchomp\n|-damage|p2b: Garchomp|0 fnt\n|-damage|p1a: Skarmory|43\/100|[from] ability: Rough Skin|[of] p2b: Garchomp\n|faint|p2b: Garchomp\n|move|p1b: Ninetales|Draining Kiss|p2a: Spiritomb\n|-supereffective|p2a: Spiritomb\n|-damage|p2a: Spiritomb|35\/100\n|-heal|p1b: Ninetales|100\/100|[from] drain|[of] p2a: Spiritomb\n|\n|-sideend|p2: Fir3FoxSlay3r|move: Aurora Veil\n|upkeep\n|\n|t:|1696285706\n|switch|p2b: Whiscash|Whiscash, F, shiny|100\/100\n|turn|9\n|\n|t:|1696285718\n|move|p2a: Spiritomb|Shadow Ball|p1a: Skarmory\n|-damage|p1a: Skarmory|0 fnt\n|faint|p1a: Skarmory\n|move|p2b: Whiscash|Surf|p1b: Ninetales|[spread] p2a,p1b\n|-damage|p2a: Spiritomb|14\/100\n|-damage|p1b: Ninetales|79\/100\n|move|p1b: Ninetales|Draining Kiss|p2a: Spiritomb\n|-supereffective|p2a: Spiritomb\n|-damage|p2a: Spiritomb|0 fnt\n|-heal|p1b: Ninetales|87\/100|[from] drain|[of] p2a: Spiritomb\n|faint|p2a: Spiritomb\n|\n|upkeep\n|\n|t:|1696285765\n|switch|p2a: Vanilluxe|Vanilluxe, M, shiny|79\/100\n|switch|p1a: Aggron|Aggron, M|100\/100\n|-weather|Snow|[from] ability: Snow Warning|[of] p2a: Vanilluxe\n|turn|10\n|\n|t:|1696285786\n|move|p1a: Aggron|Body Press|p2a: Vanilluxe\n|-supereffective|p2a: Vanilluxe\n|-damage|p2a: Vanilluxe|19\/100\n|move|p2b: Whiscash|Earthquake|p1b: Ninetales|[spread] p2a,p1a,p1b\n|-supereffective|p1a: Aggron\n|-damage|p2a: Vanilluxe|2\/100\n|-damage|p1a: Aggron|59\/100\n|-damage|p1b: Ninetales|68\/100\n|move|p2a: Vanilluxe|Blizzard|p1b: Ninetales|[spread] p1a,p1b\n|-resisted|p1a: Aggron\n|-resisted|p1b: Ninetales\n|-damage|p1a: Aggron|29\/100\n|-damage|p1b: Ninetales|44\/100\n|move|p1b: Ninetales|Freeze-Dry|p2b: Whiscash\n|-supereffective|p2b: Whiscash\n|-damage|p2b: Whiscash|4\/100\n|\n|-weather|Snow|[upkeep]\n|-heal|p2b: Whiscash|10\/100|[from] item: Leftovers\n|-fieldend|move: Trick Room\n|upkeep\n|turn|11\n|\n|t:|1696285848\n|switch|p2b: Avalugg|Avalugg, M, shiny|62\/100\n|move|p2a: Vanilluxe|Protect|p2a: Vanilluxe\n|-singleturn|p2a: Vanilluxe|Protect\n|move|p1b: Ninetales|Freeze-Dry|p2b: Avalugg\n|-resisted|p2b: Avalugg\n|-damage|p2b: Avalugg|36\/100\n|move|p1a: Aggron|Body Press|p2a: Vanilluxe\n|-activate|p2a: Vanilluxe|move: Protect\n|\n|-weather|Snow|[upkeep]\n|upkeep\n|turn|12\n|\n|t:|1696285903\n|switch|p2a: Altaria|Altaria, F, shiny|100\/100\n|-ability|p2a: Altaria|Cloud Nine\n|move|p1b: Ninetales|Draining Kiss|p2b: Avalugg\n|-crit|p2b: Avalugg\n|-damage|p2b: Avalugg|0 fnt\n|-heal|p1b: Ninetales|81\/100|[from] drain|[of] p2b: Avalugg\n|faint|p2b: Avalugg\n|move|p1a: Aggron|Body Press|p2a: Altaria\n|-resisted|p2a: Altaria\n|-damage|p2a: Altaria|79\/100\n|\n|-weather|Snow|[upkeep]\n|upkeep\n|\n|t:|1696285931\n|switch|p2b: Whiscash|Whiscash, F, shiny|10\/100\n|turn|13\n|\n|t:|1696285961\n|move|p2b: Whiscash|Protect|p2b: Whiscash\n|-singleturn|p2b: Whiscash|Protect\n|move|p1b: Ninetales|Freeze-Dry|p2b: Whiscash\n|-activate|p2b: Whiscash|move: Protect\n|move|p2a: Altaria|Perish Song|p2a: Altaria\n|-start|p1a: Aggron|perish3|[silent]\n|-start|p1b: Ninetales|perish3|[silent]\n|-start|p2a: Altaria|perish3|[silent]\n|-start|p2b: Whiscash|perish3|[silent]\n|-fieldactivate|move: Perish Song\n|move|p1a: Aggron|Rock Blast|p2a: Altaria\n|-supereffective|p2a: Altaria\n|-damage|p2a: Altaria|52\/100\n|-supereffective|p2a: Altaria\n|-damage|p2a: Altaria|25\/100\n|-supereffective|p2a: Altaria\n|-damage|p2a: Altaria|0 fnt\n|faint|p2a: Altaria\n|-hitcount|p2: Altaria|3\n|\n|-weather|Snow|[upkeep]\n|-heal|p2b: Whiscash|17\/100|[from] item: Leftovers\n|-start|p1b: Ninetales|perish3\n|-start|p2b: Whiscash|perish3\n|-start|p1a: Aggron|perish3\n|upkeep\n|\n|t:|1696285979\n|switch|p2a: Vanilluxe|Vanilluxe, M, shiny|2\/100\n|turn|14\n|\n|t:|1696285993\n|move|p1b: Ninetales|Freeze-Dry|p2b: Whiscash\n|-supereffective|p2b: Whiscash\n|-damage|p2b: Whiscash|0 fnt\n|faint|p2b: Whiscash\n|move|p2a: Vanilluxe|Blizzard|p1a: Aggron|[spread] p1a,p1b\n|-resisted|p1a: Aggron\n|-resisted|p1b: Ninetales\n|-damage|p1a: Aggron|0 fnt\n|-damage|p1b: Ninetales|57\/100\n|faint|p1a: Aggron\n|\n|-weather|none\n|-start|p1b: Ninetales|perish2\n|upkeep\n|\n|t:|1696286003\n|switch|p1a: Cloyster|Cloyster, M, shiny|100\/100\n|turn|15\n|\n|t:|1696286013\n|move|p1b: Ninetales|Draining Kiss|p2a: Vanilluxe\n|-damage|p2a: Vanilluxe|0 fnt\n|-heal|p1b: Ninetales|58\/100|[from] drain|[of] p2a: Vanilluxe\n|faint|p2a: Vanilluxe\n|\n|win|haakloong\n|l|\u2606haakloong\n","uploadtime":1696286145,"views":23,"p1id":"haakloong","p2id":"fir3foxslay3r","formatid":"gen9nationaldexdoubles","rating":0,"private":0,"password":""}