{"id":"gen9nationaldexdoubles-1987684063","p1":"fumbari 24","p2":"nocapdos","format":"[Gen 9] National Dex Doubles","log":"|j|\u2606fumbari 24\n|j|\u2606nocapdos\n|t:|1699627387\n|gametype|doubles\n|player|p1|fumbari 24|hilbert|1252\n|player|p2|nocapdos|265|1308\n|teamsize|p1|6\n|teamsize|p2|6\n|gen|9\n|tier|[Gen 9] National Dex Doubles\n|rated|\n|rule|HP Percentage Mod: HP is shown in percentages\n|rule|Endless Battle Clause: Forcing endless battles is banned\n|rule|OHKO Clause: OHKO moves are banned\n|rule|Evasion Moves Clause: Evasion moves are banned\n|rule|Evasion Abilities Clause: Evasion abilities are banned\n|rule|Species Clause: Limit one of each Pok\u00e9mon\n|rule|Gravity Sleep Clause: The combination of sleep-inducing moves with imperfect accuracy and Gravity or Gigantamax Orbeetle are banned\n|clearpoke\n|poke|p1|Thundurus, M|\n|poke|p1|Staraptor, M|\n|poke|p1|Blastoise, M|\n|poke|p1|Bronzong|\n|poke|p1|Blaziken, M|\n|poke|p1|Latias, F|\n|poke|p2|Chien-Pao|\n|poke|p2|Ninetales-Alola, M|\n|poke|p2|Arctozolt|\n|poke|p2|Iron Bundle|\n|poke|p2|Heatran, F|\n|poke|p2|Landorus-Therian, M|\n|teampreview\n|inactive|Battle timer is ON: inactive players will automatically lose when time's up. (requested by nocapdos)\n|\n|t:|1699627410\n|start\n|switch|p1a: Big Ben|Bronzong|100\/100\n|switch|p1b: Harbor|Blastoise, M|100\/100\n|switch|p2a: Ninetales|Ninetales-Alola, M|100\/100\n|switch|p2b: Landorus|Landorus-Therian, M|100\/100\n|-weather|Snow|[from] ability: Snow Warning|[of] p2a: Ninetales\n|-ability|p2b: Landorus|Intimidate|boost\n|-unboost|p1a: Big Ben|atk|1\n|-unboost|p1b: Harbor|atk|1\n|turn|1\n|\n|t:|1699627428\n|move|p1b: Harbor|Fake Out|p2a: Ninetales\n|-damage|p2a: Ninetales|96\/100\n|cant|p2a: Ninetales|flinch\n|move|p2b: Landorus|Taunt|p1a: Big Ben\n|-start|p1a: Big Ben|move: Taunt\n|-zpower|p1a: Big Ben\n|move|p1a: Big Ben|Z-Trick Room|p1a: Big Ben|[anim]Trick Room\n|-boost|p1a: Big Ben|accuracy|1|[zeffect]\n|-fieldstart|move: Trick Room|[of] p1a: Big Ben\n|\n|-weather|Snow|[upkeep]\n|upkeep\n|turn|2\n|\n|t:|1699627447\n|move|p1a: Big Ben|Gyro Ball|p2a: Ninetales\n|-supereffective|p2a: Ninetales\n|-damage|p2a: Ninetales|0 fnt\n|faint|p2a: Ninetales\n|move|p1b: Harbor|Scald|p2b: Landorus\n|-supereffective|p2b: Landorus\n|-damage|p2b: Landorus|43\/100\n|-status|p2b: Landorus|brn\n|move|p2b: Landorus|Toxic|p1b: Harbor\n|-status|p1b: Harbor|tox\n|\n|-weather|Snow|[upkeep]\n|-damage|p1b: Harbor|94\/100 tox|[from] psn\n|-damage|p2b: Landorus|37\/100 brn|[from] brn\n|upkeep\n|\n|t:|1699627461\n|switch|p2a: Chien-Pao|Chien-Pao|100\/100\n|-ability|p2a: Chien-Pao|Sword of Ruin\n|turn|3\n|\n|t:|1699627471\n|switch|p2b: Iron Bundle|Iron Bundle|100\/100\n|move|p2a: Chien-Pao|Sucker Punch|p1a: Big Ben\n|-supereffective|p1a: Big Ben\n|-damage|p1a: Big Ben|0 fnt\n|faint|p1a: Big Ben\n|move|p1b: Harbor|Scald|p2a: Chien-Pao\n|-damage|p2a: Chien-Pao|54\/100\n|\n|-weather|Snow|[upkeep]\n|-heal|p1b: Harbor|100\/100 tox|[from] item: Leftovers\n|-damage|p1b: Harbor|88\/100 tox|[from] psn\n|upkeep\n|\n|t:|1699627493\n|switch|p1a: Thundurus|Thundurus, M|100\/100\n|turn|4\n|\n|t:|1699627505\n|move|p1b: Harbor|Follow Me|p1b: Harbor\n|-singleturn|p1b: Harbor|move: Follow Me\n|move|p2a: Chien-Pao|Sucker Punch||[still]\n|-fail|p2a: Chien-Pao\n|move|p1a: Thundurus|Thunderbolt|p2b: Iron Bundle\n|-supereffective|p2b: Iron Bundle\n|-enditem|p2b: Iron Bundle|Focus Sash\n|-damage|p2b: Iron Bundle|1\/100\n|move|p2b: Iron Bundle|Blizzard|p1a: Thundurus|[spread] p1a,p1b\n|-supereffective|p1a: Thundurus\n|-resisted|p1b: Harbor\n|-damage|p1a: Thundurus|28\/100\n|-damage|p1b: Harbor|72\/100 tox\n|\n|-weather|Snow|[upkeep]\n|-heal|p1b: Harbor|78\/100 tox|[from] item: Leftovers\n|-damage|p1b: Harbor|60\/100 tox|[from] psn\n|upkeep\n|turn|5\n|\n|t:|1699627526\n|move|p1b: Harbor|Follow Me|p1b: Harbor\n|-singleturn|p1b: Harbor|move: Follow Me\n|move|p2a: Chien-Pao|Sucker Punch||[still]\n|-fail|p2a: Chien-Pao\n|move|p1a: Thundurus|Thunderbolt|p2b: Iron Bundle\n|-supereffective|p2b: Iron Bundle\n|-damage|p2b: Iron Bundle|0 fnt\n|faint|p2b: Iron Bundle\n|-end|p2b: Iron Bundle|Quark Drive|[silent]\n|\n|-weather|none\n|-heal|p1b: Harbor|66\/100 tox|[from] item: Leftovers\n|-damage|p1b: Harbor|42\/100 tox|[from] psn\n|-fieldend|move: Trick Room\n|upkeep\n|\n|t:|1699627539\n|switch|p2b: Heatran|Heatran, F|100\/100\n|turn|6\n|\n|t:|1699627546\n|switch|p1b: Blaziken|Blaziken, M|100\/100\n|move|p2a: Chien-Pao|Sucker Punch||[still]\n|-fail|p2a: Chien-Pao\n|move|p1a: Thundurus|Eerie Impulse|p2b: Heatran\n|-unboost|p2b: Heatran|spa|2\n|move|p2b: Heatran|Heat Wave|p1a: Thundurus|[spread] p1a,p1b\n|-resisted|p1b: Blaziken\n|-damage|p1a: Thundurus|10\/100\n|-damage|p1b: Blaziken|89\/100\n|\n|upkeep\n|turn|7\n|\n|t:|1699627562\n|switch|p2b: Landorus|Landorus-Therian, M|37\/100 brn\n|-ability|p2b: Landorus|Intimidate|boost\n|-unboost|p1a: Thundurus|atk|1\n|-unboost|p1b: Blaziken|atk|1\n|detailschange|p1b: Blaziken|Blaziken-Mega, M\n|-mega|p1b: Blaziken|Blaziken|Blazikenite\n|move|p2a: Chien-Pao|Sucker Punch|p1b: Blaziken\n|-resisted|p1b: Blaziken\n|-damage|p1b: Blaziken|46\/100\n|move|p1a: Thundurus|Eerie Impulse|p2b: Landorus\n|-unboost|p2b: Landorus|spa|2\n|move|p1b: Blaziken|Aura Sphere|p2a: Chien-Pao\n|-supereffective|p2a: Chien-Pao\n|-damage|p2a: Chien-Pao|0 fnt\n|faint|p2a: Chien-Pao\n|\n|-damage|p2b: Landorus|31\/100 brn|[from] brn\n|-ability|p1b: Blaziken|Speed Boost|boost\n|-boost|p1b: Blaziken|spe|1\n|upkeep\n|\n|t:|1699627580\n|switch|p2a: Arctozolt|Arctozolt|100\/100\n|turn|8\n|\n|t:|1699627589\n|switch|p2b: Heatran|Heatran, F|100\/100\n|-terastallize|p2a: Arctozolt|Water\n|move|p1b: Blaziken|Protect|p1b: Blaziken\n|-singleturn|p1b: Blaziken|Protect\n|move|p1a: Thundurus|Taunt|p2a: Arctozolt\n|-start|p2a: Arctozolt|move: Taunt\n|move|p2a: Arctozolt|Surf|p1a: Thundurus|[spread] p2b,p1a\n|-activate|p1b: Blaziken|move: Protect\n|-supereffective|p2b: Heatran\n|-damage|p2b: Heatran|51\/100\n|-damage|p1a: Thundurus|0 fnt\n|faint|p1a: Thundurus\n|\n|-ability|p1b: Blaziken|Speed Boost|boost\n|-boost|p1b: Blaziken|spe|1\n|upkeep\n|\n|t:|1699627603\n|switch|p1a: Harbor|Blastoise, M|42\/100 tox\n|turn|9\n|\n|t:|1699627611\n|switch|p2a: Landorus|Landorus-Therian, M|31\/100 brn\n|-ability|p2a: Landorus|Intimidate|boost\n|-unboost|p1a: Harbor|atk|1\n|-unboost|p1b: Blaziken|atk|1\n|move|p1a: Harbor|Fake Out|p2a: Landorus\n|-damage|p2a: Landorus|26\/100 brn\n|-damage|p1a: Harbor|25\/100 tox|[from] item: Rocky Helmet|[of] p2a: Landorus\n|move|p1b: Blaziken|Aura Sphere|p2b: Heatran\n|-supereffective|p2b: Heatran\n|-damage|p2b: Heatran|0 fnt\n|faint|p2b: Heatran\n|\n|-heal|p1a: Harbor|31\/100 tox|[from] item: Leftovers\n|-damage|p1a: Harbor|25\/100 tox|[from] psn\n|-damage|p2a: Landorus|20\/100 brn|[from] brn\n|-ability|p1b: Blaziken|Speed Boost|boost\n|-boost|p1b: Blaziken|spe|1\n|upkeep\n|\n|t:|1699627626\n|switch|p2b: Arctozolt|Arctozolt, tera:Water|100\/100\n|turn|10\n|\n|t:|1699627633\n|move|p1a: Harbor|Follow Me|p1a: Harbor\n|-singleturn|p1a: Harbor|move: Follow Me\n|move|p1b: Blaziken|Heat Wave|p2a: Landorus|[spread] p2a,p2b\n|-resisted|p2b: Arctozolt\n|-damage|p2a: Landorus|0 fnt\n|-damage|p2b: Arctozolt|77\/100\n|faint|p2a: Landorus\n|move|p2b: Arctozolt|Discharge|p1b: Blaziken|[spread] p1a,p1b\n|-supereffective|p1a: Harbor\n|-damage|p1a: Harbor|0 fnt\n|-damage|p1b: Blaziken|0 fnt\n|faint|p1a: Harbor\n|faint|p1b: Blaziken\n|\n|upkeep\n|\n|t:|1699627643\n|switch|p1b: Mirage|Latias, F|100\/100\n|switch|p1a: Staraptor|Staraptor, M|100\/100\n|-ability|p1a: Staraptor|Intimidate|boost\n|-unboost|p2b: Arctozolt|atk|1\n|turn|11\n|\n|t:|1699627652\n|move|p1a: Staraptor|Brave Bird|p2b: Arctozolt\n|-damage|p2b: Arctozolt|12\/100\n|-damage|p1a: Staraptor|81\/100|[from] Recoil\n|move|p1b: Mirage|Psychic|p2b: Arctozolt\n|-damage|p2b: Arctozolt|0 fnt\n|faint|p2b: Arctozolt\n|\n|win|fumbari 24\n|raw|fumbari 24's rating: 1252 &rarr; <strong>1281<\/strong><br \/>(+29 for winning)\n|raw|nocapdos's rating: 1308 &rarr; <strong>1285<\/strong><br \/>(-23 for losing)\n|l|\u2606nocapdos\n","uploadtime":1699627660,"views":10,"p1id":"fumbari24","p2id":"nocapdos","formatid":"gen9nationaldexdoubles","rating":1281,"private":0,"password":""}