{"id":"gen9nationaldexdoubles-1959368841","p1":"WillroBalance","p2":"kitsu-aria","format":"[Gen 9] National Dex Doubles","log":"|j|\u2606WillroBalance\n|j|\u2606kitsu-aria\n|t:|1696422084\n|gametype|doubles\n|player|p1|WillroBalance|lusamine-nihilego|1311\n|player|p2|kitsu-aria|rocketgruntf|1484\n|teamsize|p1|6\n|teamsize|p2|6\n|gen|9\n|tier|[Gen 9] National Dex Doubles\n|rated|\n|rule|HP Percentage Mod: HP is shown in percentages\n|rule|Endless Battle Clause: Forcing endless battles is banned\n|rule|OHKO Clause: OHKO moves are banned\n|rule|Evasion Moves Clause: Evasion moves are banned\n|rule|Evasion Abilities Clause: Evasion abilities are banned\n|rule|Species Clause: Limit one of each Pok\u00e9mon\n|rule|Gravity Sleep Clause: The combination of sleep-inducing moves with imperfect accuracy and Gravity or Gigantamax Orbeetle are banned\n|clearpoke\n|poke|p1|Charizard, F|\n|poke|p1|Chi-Yu|\n|poke|p1|Flutter Mane|\n|poke|p1|Whimsicott, F|\n|poke|p1|Zygarde|\n|poke|p1|Chien-Pao|\n|poke|p2|Marshadow|\n|poke|p2|Rillaboom, F|\n|poke|p2|Zygarde|\n|poke|p2|Kangaskhan, F|\n|poke|p2|Chien-Pao|\n|poke|p2|Mimikyu, F|\n|teampreview\n|inactive|Battle timer is ON: inactive players will automatically lose when time's up. (requested by WillroBalance)\n|\n|t:|1696422093\n|start\n|switch|p1a: Whimsicott|Whimsicott, F|100\/100\n|switch|p1b: Charizard|Charizard, F|100\/100\n|switch|p2a: Kangaskhan|Kangaskhan, F|100\/100\n|switch|p2b: Mimikyu|Mimikyu, F|100\/100\n|turn|1\n|\n|t:|1696422121\n|detailschange|p2a: Kangaskhan|Kangaskhan-Mega, F\n|-mega|p2a: Kangaskhan|Kangaskhan|Kangaskhanite\n|move|p1b: Charizard|Protect|p1b: Charizard\n|-singleturn|p1b: Charizard|Protect\n|move|p2a: Kangaskhan|Fake Out|p1a: Whimsicott\n|-damage|p1a: Whimsicott|79\/100\n|-damage|p1a: Whimsicott|74\/100\n|-hitcount|p1a: Whimsicott|2\n|move|p1a: Whimsicott|Tailwind|p1a: Whimsicott\n|-sidestart|p1: WillroBalance|move: Tailwind\n|move|p2b: Mimikyu|Thunder Wave|p1b: Charizard\n|-activate|p1b: Charizard|move: Protect\n|\n|upkeep\n|turn|2\n|inactive|WillroBalance has 120 seconds left.\n|\n|t:|1696422152\n|switch|p2a: Zygarde|Zygarde|100\/100\n|-ability|p2a: Zygarde|Aura Break\n|detailschange|p1b: Charizard|Charizard-Mega-Y, F\n|-mega|p1b: Charizard|Charizard|Charizardite Y\n|-weather|SunnyDay|[from] ability: Drought|[of] p1b: Charizard\n|move|p1a: Whimsicott|Moonblast|p2b: Mimikyu\n|-activate|p2b: Mimikyu|ability: Disguise\n|-damage|p2b: Mimikyu|100\/100\n|detailschange|p2b: Mimikyu|Mimikyu-Busted, F\n|-damage|p2b: Mimikyu|88\/100|[from] pokemon: Mimikyu-Busted\n|move|p1b: Charizard|Heat Wave|p2b: Mimikyu|[spread] p2a,p2b\n|-resisted|p2a: Zygarde\n|-damage|p2a: Zygarde|67\/100\n|-damage|p2b: Mimikyu|38\/100\n|move|p2b: Mimikyu|Thunder Wave|p1b: Charizard\n|-status|p1b: Charizard|par\n|\n|-weather|SunnyDay|[upkeep]\n|upkeep\n|turn|3\n|\n|t:|1696422175\n|move|p2a: Zygarde|Protect|p2a: Zygarde\n|-singleturn|p2a: Zygarde|Protect\n|move|p1a: Whimsicott|Moonblast|p2a: Zygarde\n|-activate|p2a: Zygarde|move: Protect\n|move|p1b: Charizard|Heat Wave|p2a: Zygarde|[spread] p2b\n|-activate|p2a: Zygarde|move: Protect\n|-damage|p2b: Mimikyu|0 fnt\n|faint|p2b: Mimikyu\n|\n|-weather|SunnyDay|[upkeep]\n|upkeep\n|\n|t:|1696422187\n|switch|p2b: Kangaskhan|Kangaskhan-Mega, F|100\/100\n|turn|4\n|\n|t:|1696422197\n|move|p1b: Charizard|Protect|p1b: Charizard\n|-singleturn|p1b: Charizard|Protect\n|move|p2b: Kangaskhan|Fake Out|p1a: Whimsicott\n|-damage|p1a: Whimsicott|53\/100\n|-damage|p1a: Whimsicott|48\/100\n|-hitcount|p1a: Whimsicott|2\n|move|p1a: Whimsicott|Moonblast|p2a: Zygarde\n|-supereffective|p2a: Zygarde\n|-damage|p2a: Zygarde|14\/100\n|move|p2a: Zygarde|Dragon Dance|p2a: Zygarde\n|-boost|p2a: Zygarde|atk|1\n|-boost|p2a: Zygarde|spe|1\n|\n|-weather|SunnyDay|[upkeep]\n|-sideend|p1: WillroBalance|move: Tailwind\n|upkeep\n|turn|5\n|\n|t:|1696422211\n|-terastallize|p2a: Zygarde|Fire\n|move|p1a: Whimsicott|Tailwind|p1a: Whimsicott\n|-sidestart|p1: WillroBalance|move: Tailwind\n|move|p2a: Zygarde|Thousand Arrows|p1a: Whimsicott|[spread] p1a,p1b\n|-resisted|p1a: Whimsicott\n|-damage|p1a: Whimsicott|21\/100\n|-damage|p1b: Charizard|27\/100 par\n|-start|p1b: Charizard|Smack Down\n|move|p2b: Kangaskhan|Seismic Toss|p1b: Charizard\n|-damage|p1b: Charizard|0 fnt\n|faint|p1b: Charizard\n|-hitcount|p1: Charizard|1\n|\n|-weather|SunnyDay|[upkeep]\n|upkeep\n|\n|t:|1696422233\n|switch|p1b: Flutter Mane|Flutter Mane|100\/100\n|-activate|p1b: Flutter Mane|ability: Protosynthesis\n|-start|p1b: Flutter Mane|protosynthesisspe\n|turn|6\n|\n|t:|1696422240\n|-terastallize|p1b: Flutter Mane|Fairy\n|move|p1a: Whimsicott|Helping Hand|p1b: Flutter Mane\n|-singleturn|p1b: Flutter Mane|Helping Hand|[of] p1a: Whimsicott\n|move|p2a: Zygarde|Protect|p2a: Zygarde\n|-singleturn|p2a: Zygarde|Protect\n|move|p2b: Kangaskhan|Sucker Punch|p1b: Flutter Mane\n|-resisted|p1b: Flutter Mane\n|-damage|p1b: Flutter Mane|85\/100\n|-resisted|p1b: Flutter Mane\n|-damage|p1b: Flutter Mane|81\/100\n|-hitcount|p1b: Flutter Mane|2\n|move|p1b: Flutter Mane|Dazzling Gleam|p2b: Kangaskhan|[spread] p2b\n|-activate|p2a: Zygarde|move: Protect\n|-damage|p2b: Kangaskhan|29\/100\n|\n|-weather|none\n|-end|p1b: Flutter Mane|Protosynthesis\n|upkeep\n|turn|7\n|\n|t:|1696422261\n|switch|p1a: Chi-Yu|Chi-Yu|100\/100\n|-ability|p1a: Chi-Yu|Beads of Ruin\n|move|p2a: Zygarde|Extreme Speed|p1b: Flutter Mane\n|-damage|p1b: Flutter Mane|13\/100\n|move|p1b: Flutter Mane|Dazzling Gleam|p2a: Zygarde|[spread] p2a,p2b\n|-resisted|p2a: Zygarde\n|-damage|p2a: Zygarde|0 fnt\n|-damage|p2b: Kangaskhan|0 fnt\n|faint|p2a: Zygarde\n|faint|p2b: Kangaskhan\n|\n|upkeep\n|\n|t:|1696422276\n|switch|p2b: Chien-Pao|Chien-Pao|100\/100\n|switch|p2a: Rillaboom|Rillaboom, F|100\/100\n|-ability|p2b: Chien-Pao|Sword of Ruin\n|-fieldstart|move: Grassy Terrain|[from] ability: Grassy Surge|[of] p2a: Rillaboom\n|turn|8\n|\n|t:|1696422290\n|move|p2a: Rillaboom|Fake Out|p1a: Chi-Yu\n|-damage|p1a: Chi-Yu|72\/100\n|move|p2b: Chien-Pao|Sucker Punch|p1b: Flutter Mane\n|-resisted|p1b: Flutter Mane\n|-damage|p1b: Flutter Mane|0 fnt\n|faint|p1b: Flutter Mane\n|-end|p1b: Flutter Mane|Protosynthesis|[silent]\n|-damage|p2b: Chien-Pao|91\/100|[from] item: Life Orb\n|cant|p1a: Chi-Yu|flinch\n|\n|-heal|p1a: Chi-Yu|78\/100|[from] Grassy Terrain\n|-heal|p2b: Chien-Pao|97\/100|[from] Grassy Terrain\n|-sideend|p1: WillroBalance|move: Tailwind\n|upkeep\n|\n|t:|1696422295\n|switch|p1b: Whimsicott|Whimsicott, F|21\/100\n|turn|9\n|\n|t:|1696422311\n|move|p2b: Chien-Pao|Protect|p2b: Chien-Pao\n|-singleturn|p2b: Chien-Pao|Protect\n|move|p1a: Chi-Yu|Protect|p1a: Chi-Yu\n|-singleturn|p1a: Chi-Yu|Protect\n|move|p1b: Whimsicott|Tailwind|p1b: Whimsicott\n|-sidestart|p1: WillroBalance|move: Tailwind\n|move|p2a: Rillaboom|U-turn|p1a: Chi-Yu\n|-activate|p1a: Chi-Yu|move: Protect\n|\n|-heal|p1b: Whimsicott|27\/100|[from] Grassy Terrain\n|-heal|p1a: Chi-Yu|84\/100|[from] Grassy Terrain\n|-heal|p2b: Chien-Pao|100\/100|[from] Grassy Terrain\n|upkeep\n|turn|10\n|\n|t:|1696422327\n|move|p1b: Whimsicott|Helping Hand|p1a: Chi-Yu\n|-singleturn|p1a: Chi-Yu|Helping Hand|[of] p1b: Whimsicott\n|move|p2a: Rillaboom|Grassy Glide|p1a: Chi-Yu\n|-resisted|p1a: Chi-Yu\n|-damage|p1a: Chi-Yu|48\/100\n|move|p1a: Chi-Yu|Heat Wave|p2b: Chien-Pao|[spread] p2a,p2b\n|-supereffective|p2a: Rillaboom\n|-supereffective|p2b: Chien-Pao\n|-damage|p2a: Rillaboom|10\/100\n|-damage|p2b: Chien-Pao|0 fnt\n|faint|p2b: Chien-Pao\n|\n|-heal|p1b: Whimsicott|33\/100|[from] Grassy Terrain\n|-heal|p1a: Chi-Yu|54\/100|[from] Grassy Terrain\n|-heal|p2a: Rillaboom|16\/100|[from] Grassy Terrain\n|upkeep\n|\n|t:|1696422352\n|switch|p2b: Marshadow|Marshadow|100\/100\n|turn|11\n|\n|t:|1696422381\n|move|p2a: Rillaboom|Grassy Glide|p1b: Whimsicott\n|-resisted|p1b: Whimsicott\n|-damage|p1b: Whimsicott|15\/100\n|move|p1b: Whimsicott|Moonblast|p2b: Marshadow\n|-supereffective|p2b: Marshadow\n|-damage|p2b: Marshadow|24\/100\n|move|p1a: Chi-Yu|Heat Wave|p2b: Marshadow|[spread] p2a,p2b\n|-supereffective|p2a: Rillaboom\n|-damage|p2a: Rillaboom|0 fnt\n|-damage|p2b: Marshadow|0 fnt\n|faint|p2a: Rillaboom\n|faint|p2b: Marshadow\n|\n|win|WillroBalance\n|raw|WillroBalance's rating: 1311 &rarr; <strong>1341<\/strong><br \/>(+30 for winning)\n|raw|kitsu-aria's rating: 1492 &rarr; <strong>1462<\/strong><br \/>(-30 for losing)\n","uploadtime":1696422407,"views":19,"p1id":"willrobalance","p2id":"kitsuaria","formatid":"gen9nationaldexdoubles","rating":1341,"private":0,"password":""}