{"id":"gen9nationaldexdoubles-1989817737","p1":"Benjamonsguesty","p2":"The OG Trainer Red","format":"[Gen 9] National Dex Doubles","log":"|j|\u2606Benjamonsguesty\n|j|\u2606The OG Trainer Red\n|t:|1699898256\n|gametype|doubles\n|player|p1|Benjamonsguesty|2|1242\n|player|p2|The OG Trainer Red|fisherman-gen4|1136\n|teamsize|p1|6\n|teamsize|p2|6\n|gen|9\n|tier|[Gen 9] National Dex Doubles\n|rated|\n|rule|HP Percentage Mod: HP is shown in percentages\n|rule|Endless Battle Clause: Forcing endless battles is banned\n|rule|OHKO Clause: OHKO moves are banned\n|rule|Evasion Moves Clause: Evasion moves are banned\n|rule|Evasion Abilities Clause: Evasion abilities are banned\n|rule|Species Clause: Limit one of each Pok\u00e9mon\n|rule|Gravity Sleep Clause: The combination of sleep-inducing moves with imperfect accuracy and Gravity or Gigantamax Orbeetle are banned\n|clearpoke\n|poke|p1|Type: Null|\n|poke|p1|Cresselia, F|\n|poke|p1|Sinistcha|\n|poke|p1|Naganadel|\n|poke|p1|Dragonite, F|\n|poke|p1|Coalossal, F|\n|poke|p2|Ninetales, F|\n|poke|p2|Leafeon, F|\n|poke|p2|Espeon, F|\n|poke|p2|Indeedee-F, F|\n|poke|p2|Vaporeon, F|\n|poke|p2|Pelipper, F|\n|teampreview\n|\n|t:|1699898273\n|start\n|switch|p1a: Naganadel|Naganadel|100\/100\n|switch|p1b: Cresselia|Cresselia, F|100\/100\n|switch|p2a: Espeon|Espeon, F|100\/100\n|switch|p2b: Indeedee|Indeedee-F, F|100\/100\n|-fieldstart|move: Psychic Terrain|[from] ability: Psychic Surge|[of] p2b: Indeedee\n|turn|1\n|\n|t:|1699898302\n|move|p1b: Cresselia|Protect|p1b: Cresselia\n|-singleturn|p1b: Cresselia|Protect\n|move|p1a: Naganadel|Sludge Wave|p2b: Indeedee|[spread] p2a,p2b\n|-activate|p1b: Cresselia|move: Protect\n|-damage|p2a: Espeon|25\/100\n|-damage|p2b: Indeedee|45\/100\n|move|p2a: Espeon|Expanding Force|p1b: Cresselia|[spread] p1a\n|-activate|p1b: Cresselia|move: Protect\n|-supereffective|p1a: Naganadel\n|-damage|p1a: Naganadel|0 fnt\n|faint|p1a: Naganadel\n|move|p2b: Indeedee|Expanding Force|p1b: Cresselia\n|-activate|p1b: Cresselia|move: Protect\n|\n|upkeep\n|\n|t:|1699898316\n|switch|p1a: Sinistcha|Sinistcha|100\/100\n|turn|2\n|\n|t:|1699898342\n|move|p2a: Espeon|Expanding Force|p1b: Cresselia|[spread] p1a,p1b\n|-resisted|p1b: Cresselia\n|-damage|p1a: Sinistcha|42\/100\n|-damage|p1b: Cresselia|83\/100\n|move|p2b: Indeedee|Expanding Force|p1a: Sinistcha|[spread] p1a,p1b\n|-resisted|p1b: Cresselia\n|-crit|p1b: Cresselia\n|-damage|p1a: Sinistcha|0 fnt\n|-damage|p1b: Cresselia|61\/100\n|faint|p1a: Sinistcha\n|move|p1b: Cresselia|Trick Room|p1b: Cresselia\n|-fieldstart|move: Trick Room|[of] p1b: Cresselia\n|\n|upkeep\n|\n|t:|1699898355\n|switch|p1a: Coalossal|Coalossal, F|100\/100\n|turn|3\n|\n|t:|1699898374\n|move|p1a: Coalossal|Rock Slide|p2a: Espeon|[spread] p2a,p2b\n|-damage|p2a: Espeon|0 fnt\n|-damage|p2b: Indeedee|13\/100\n|faint|p2a: Espeon\n|move|p1b: Cresselia|Moonblast|p2b: Indeedee\n|-damage|p2b: Indeedee|0 fnt\n|faint|p2b: Indeedee\n|\n|upkeep\n|\n|t:|1699898385\n|switch|p2b: Pelipper|Pelipper, F|100\/100\n|switch|p2a: Vaporeon|Vaporeon, F|100\/100\n|-weather|RainDance|[from] ability: Drizzle|[of] p2b: Pelipper\n|turn|4\n|\n|t:|1699898401\n|move|p1a: Coalossal|Protect|p1a: Coalossal\n|-singleturn|p1a: Coalossal|Protect\n|move|p1b: Cresselia|Moonblast|p2a: Vaporeon\n|-damage|p2a: Vaporeon|86\/100\n|move|p2a: Vaporeon|Signal Beam|p1b: Cresselia\n|-supereffective|p1b: Cresselia\n|-damage|p1b: Cresselia|34\/100\n|move|p2b: Pelipper|Surf|p1a: Coalossal|[spread] p1b\n|-activate|p1a: Coalossal|move: Protect\n|-heal|p2a: Vaporeon|100\/100|[from] ability: Water Absorb|[of] p2b: Pelipper\n|-damage|p1b: Cresselia|11\/100\n|\n|-weather|RainDance|[upkeep]\n|upkeep\n|turn|5\n|\n|t:|1699898422\n|switch|p1a: Type: Null|Type: Null|100\/100\n|move|p1b: Cresselia|Lunar Blessing|p1b: Cresselia|[spread] p1a,p1b\n|-heal|p1b: Cresselia|36\/100\n|move|p2a: Vaporeon|Surf|p1a: Type: Null|[spread] p2b,p1a,p1b\n|-resisted|p2b: Pelipper\n|-damage|p2b: Pelipper|60\/100\n|-damage|p1a: Type: Null|81\/100\n|-damage|p1b: Cresselia|8\/100\n|move|p2b: Pelipper|Surf|p1b: Cresselia|[spread] p1a,p1b\n|-immune|p2a: Vaporeon|[from] ability: Water Absorb\n|-damage|p1a: Type: Null|62\/100\n|-damage|p1b: Cresselia|0 fnt\n|faint|p1b: Cresselia\n|\n|-weather|RainDance|[upkeep]\n|-fieldend|move: Psychic Terrain\n|upkeep\n|\n|t:|1699898438\n|switch|p1b: Dragonite|Dragonite, F|100\/100\n|turn|6\n|\n|t:|1699898456\n|-terastallize|p1b: Dragonite|Normal\n|move|p1b: Dragonite|Extreme Speed|p2a: Vaporeon\n|-damage|p2a: Vaporeon|27\/100\n|move|p1a: Type: Null|Crush Claw|p2a: Vaporeon\n|-damage|p2a: Vaporeon|1\/100\n|-unboost|p2a: Vaporeon|def|1\n|move|p2a: Vaporeon|Blizzard|p1b: Dragonite|[spread] p1a,p1b\n|-damage|p1a: Type: Null|51\/100\n|-damage|p1b: Dragonite|79\/100\n|-status|p1a: Type: Null|frz\n|move|p2b: Pelipper|Hurricane|p1a: Type: Null\n|-damage|p1a: Type: Null|30\/100 frz\n|-start|p1a: Type: Null|confusion\n|\n|-weather|RainDance|[upkeep]\n|-heal|p2a: Vaporeon|7\/100|[from] item: Leftovers\n|-fieldend|move: Trick Room\n|upkeep\n|turn|7\n|\n|t:|1699898482\n|cant|p1a: Type: Null|frz\n|move|p1b: Dragonite|Extreme Speed|p2a: Vaporeon\n|-damage|p2a: Vaporeon|0 fnt\n|faint|p2a: Vaporeon\n|move|p2b: Pelipper|Surf|p1a: Type: Null|[spread] p1a,p1b\n|-damage|p1a: Type: Null|13\/100 frz\n|-damage|p1b: Dragonite|40\/100\n|\n|-weather|RainDance|[upkeep]\n|upkeep\n|\n|t:|1699898494\n|switch|p2a: Leafeon|Leafeon, F|100\/100\n|turn|8\n|\n|t:|1699898513\n|move|p2b: Pelipper|Protect|p2b: Pelipper\n|-singleturn|p2b: Pelipper|Protect\n|move|p1b: Dragonite|Extreme Speed|p2b: Pelipper\n|-activate|p2b: Pelipper|move: Protect\n|move|p2a: Leafeon|Knock Off|p1b: Dragonite\n|-damage|p1b: Dragonite|12\/100\n|-enditem|p1b: Dragonite|Choice Band|[from] move: Knock Off|[of] p2a: Leafeon\n|cant|p1a: Type: Null|frz\n|\n|-weather|none\n|upkeep\n|turn|9\n|\n|t:|1699898540\n|move|p1b: Dragonite|Extreme Speed|p2b: Pelipper\n|-damage|p2b: Pelipper|1\/100\n|move|p2b: Pelipper|Surf|p1a: Type: Null|[spread] p2a,p1a,p1b\n|-resisted|p2a: Leafeon\n|-damage|p2a: Leafeon|87\/100\n|-damage|p1a: Type: Null|1\/100 frz\n|-damage|p1b: Dragonite|0 fnt\n|faint|p1b: Dragonite\n|move|p2a: Leafeon|Knock Off|p1a: Type: Null\n|-damage|p1a: Type: Null|0 fnt\n|-enditem|p1a: Type: Null|Eviolite|[from] move: Knock Off|[of] p2a: Leafeon\n|faint|p1a: Type: Null\n|\n|upkeep\n|\n|t:|1699898562\n|switch|p1b: Coalossal|Coalossal, F|100\/100\n|turn|10\n|\n|t:|1699898577\n|move|p2b: Pelipper|Surf|p1b: Coalossal|[spread] p2a,p1b\n|-resisted|p2a: Leafeon\n|-supereffective|p1b: Coalossal\n|-damage|p2a: Leafeon|73\/100\n|-damage|p1b: Coalossal|6\/100\n|-ability|p1b: Coalossal|Steam Engine|boost\n|-boost|p1b: Coalossal|spe|6\n|-enditem|p1b: Coalossal|Weakness Policy\n|-boost|p1b: Coalossal|atk|2|[from] item: Weakness Policy\n|-boost|p1b: Coalossal|spa|2|[from] item: Weakness Policy\n|move|p1b: Coalossal|Rock Slide|p2b: Pelipper|[spread] p2a,p2b\n|-supereffective|p2b: Pelipper\n|-crit|p2b: Pelipper\n|-damage|p2a: Leafeon|32\/100\n|-damage|p2b: Pelipper|0 fnt\n|faint|p2b: Pelipper\n|cant|p2a: Leafeon|flinch\n|\n|upkeep\n|\n|t:|1699898590\n|switch|p2b: Ninetales|Ninetales, F|100\/100\n|-weather|SunnyDay|[from] ability: Drought|[of] p2b: Ninetales\n|turn|11\n|\n|t:|1699898597\n|move|p2a: Leafeon|Dig||[still]\n|-prepare|p2a: Leafeon|Dig\n|move|p2b: Ninetales|Scorching Sands|p1b: Coalossal\n|-supereffective|p1b: Coalossal\n|-damage|p1b: Coalossal|0 fnt\n|faint|p1b: Coalossal\n|\n|win|The OG Trainer Red\n|raw|Benjamonsguesty's rating: 1242 &rarr; <strong>1210<\/strong><br \/>(-32 for losing)\n|raw|The OG Trainer Red's rating: 1136 &rarr; <strong>1168<\/strong><br \/>(+32 for winning)\n|c|\u2606Benjamonsguesty|GG\n|l|\u2606Benjamonsguesty\n","uploadtime":1699898748,"views":5,"p1id":"benjamonsguesty","p2id":"theogtrainerred","formatid":"gen9nationaldexdoubles","rating":1168,"private":0,"password":""}