{"id":"gen9nationaldexdoubles-1980270490","p1":"lxvliiz","p2":"Cakelave","format":"[Gen 9] National Dex Doubles","log":"|j|\u2606lxvliiz\n|j|\u2606Cakelave\n|t:|1698771181\n|gametype|doubles\n|player|p1|lxvliiz|gambler|1048\n|player|p2|Cakelave|marshal|1044\n|teamsize|p1|6\n|teamsize|p2|6\n|gen|9\n|tier|[Gen 9] National Dex Doubles\n|rated|\n|rule|HP Percentage Mod: HP is shown in percentages\n|rule|Endless Battle Clause: Forcing endless battles is banned\n|rule|OHKO Clause: OHKO moves are banned\n|rule|Evasion Moves Clause: Evasion moves are banned\n|rule|Evasion Abilities Clause: Evasion abilities are banned\n|rule|Species Clause: Limit one of each Pok\u00e9mon\n|rule|Gravity Sleep Clause: The combination of sleep-inducing moves with imperfect accuracy and Gravity or Gigantamax Orbeetle are banned\n|clearpoke\n|poke|p1|Lilligant-Hisui, F|\n|poke|p1|Kommo-o, F|\n|poke|p1|Volcarona, M|\n|poke|p1|Oricorio-Pom-Pom, F|\n|poke|p1|Quaquaval, F|\n|poke|p1|Flamigo, M|\n|poke|p2|Coalossal, M|\n|poke|p2|Typhlosion, M|\n|poke|p2|Magcargo, F|\n|poke|p2|Skeledirge, F|\n|poke|p2|Tauros-Paldea-Blaze, M|\n|poke|p2|Ninetales, F|\n|teampreview\n|inactive|Battle timer is ON: inactive players will automatically lose when time's up. (requested by Cakelave)\n|\n|t:|1698771191\n|start\n|switch|p1a: Volcarona|Volcarona, M|100\/100\n|switch|p1b: Lilligant|Lilligant-Hisui, F|100\/100\n|switch|p2a: Ninetales|Ninetales, F, shiny|100\/100\n|switch|p2b: Typhlosion|Typhlosion, M|100\/100\n|-weather|SunnyDay|[from] ability: Drought|[of] p2a: Ninetales\n|turn|1\n|\n|t:|1698771203\n|switch|p2a: Coalossal|Coalossal, M|100\/100\n|move|p1b: Lilligant|Victory Dance|p1b: Lilligant\n|-boost|p1b: Lilligant|atk|1\n|-boost|p1b: Lilligant|def|1\n|-boost|p1b: Lilligant|spe|1\n|move|p2b: Typhlosion|Lava Plume|p1a: Volcarona|[spread] p2a,p1a,p1b\n|-resisted|p2a: Coalossal\n|-supereffective|p1b: Lilligant\n|-damage|p2a: Coalossal|94\/100\n|-damage|p1a: Volcarona|57\/100\n|-damage|p1b: Lilligant|0 fnt\n|-ability|p2a: Coalossal|Steam Engine|boost\n|-boost|p2a: Coalossal|spe|6\n|faint|p1b: Lilligant\n|move|p1a: Volcarona|Quiver Dance|p1a: Volcarona\n|-boost|p1a: Volcarona|spa|1\n|-boost|p1a: Volcarona|spd|1\n|-boost|p1a: Volcarona|spe|1\n|\n|-weather|SunnyDay|[upkeep]\n|upkeep\n|\n|t:|1698771210\n|switch|p1b: Flamigo|Flamigo, M|100\/100\n|-copyboost|p1b: Flamigo|p1a: Volcarona|[from] ability: Costar\n|turn|2\n|\n|t:|1698771227\n|move|p1b: Flamigo|Tailwind|p1b: Flamigo\n|-sidestart|p1: lxvliiz|move: Tailwind\n|move|p1a: Volcarona|Fiery Dance|p2b: Typhlosion\n|-start|p2b: Typhlosion|ability: Flash Fire\n|move|p2a: Coalossal|Power Gem|p1a: Volcarona\n|-supereffective|p1a: Volcarona\n|-damage|p1a: Volcarona|0 fnt\n|faint|p1a: Volcarona\n|move|p2b: Typhlosion|Extrasensory|p1b: Flamigo\n|-supereffective|p1b: Flamigo\n|-damage|p1b: Flamigo|51\/100\n|\n|-weather|SunnyDay|[upkeep]\n|upkeep\n|\n|t:|1698771233\n|switch|p1a: Kommo-o|Kommo-o, F|100\/100\n|turn|3\n|\n|t:|1698771247\n|move|p1b: Flamigo|Acrobatics|p2b: Typhlosion\n|-damage|p2b: Typhlosion|22\/100\n|-zpower|p1a: Kommo-o\n|move|p1a: Kommo-o|Clangorous Soulblaze|p2b: Typhlosion|[zeffect]|[spread] p2a,p2b\n|-damage|p2a: Coalossal|64\/100\n|-damage|p2b: Typhlosion|0 fnt\n|faint|p2b: Typhlosion\n|-boost|p1a: Kommo-o|atk|1\n|-boost|p1a: Kommo-o|def|1\n|-boost|p1a: Kommo-o|spa|1\n|-boost|p1a: Kommo-o|spd|1\n|-boost|p1a: Kommo-o|spe|1\n|move|p2a: Coalossal|Scald|p1b: Flamigo\n|-damage|p1b: Flamigo|40\/100\n|\n|-weather|SunnyDay|[upkeep]\n|upkeep\n|\n|t:|1698771269\n|switch|p2b: Tauros|Tauros-Paldea-Blaze, M|100\/100\n|-ability|p2b: Tauros|Intimidate|boost\n|-unboost|p1a: Kommo-o|atk|1\n|-unboost|p1b: Flamigo|atk|1\n|turn|4\n|\n|t:|1698771282\n|move|p1b: Flamigo|Acrobatics|p2b: Tauros\n|-supereffective|p2b: Tauros\n|-damage|p2b: Tauros|18\/100\n|-enditem|p2b: Tauros|Aguav Berry|[eat]\n|-heal|p2b: Tauros|51\/100|[from] item: Aguav Berry\n|move|p1a: Kommo-o|Drain Punch|p2a: Coalossal\n|-supereffective|p2a: Coalossal\n|-damage|p2a: Coalossal|14\/100\n|move|p2a: Coalossal|Scald|p1a: Kommo-o\n|-resisted|p1a: Kommo-o\n|-damage|p1a: Kommo-o|96\/100\n|move|p2b: Tauros|Raging Bull|p1b: Flamigo\n|-damage|p1b: Flamigo|0 fnt\n|faint|p1b: Flamigo\n|\n|-weather|SunnyDay|[upkeep]\n|upkeep\n|\n|t:|1698771287\n|switch|p1b: Quaquaval|Quaquaval, F|100\/100\n|turn|5\n|\n|t:|1698771311\n|move|p1a: Kommo-o|Drain Punch|p2a: Coalossal\n|-supereffective|p2a: Coalossal\n|-damage|p2a: Coalossal|0 fnt\n|-heal|p1a: Kommo-o|100\/100|[from] drain|[of] p2a: Coalossal\n|faint|p2a: Coalossal\n|move|p1b: Quaquaval|Aqua Step|p2b: Tauros\n|-supereffective|p2b: Tauros\n|-damage|p2b: Tauros|0 fnt\n|-boost|p1b: Quaquaval|spe|1\n|faint|p2b: Tauros\n|-ability|p1b: Quaquaval|Moxie|boost\n|-boost|p1b: Quaquaval|atk|1\n|\n|-weather|SunnyDay|[upkeep]\n|-sideend|p1: lxvliiz|move: Tailwind\n|upkeep\n|\n|t:|1698771324\n|switch|p2b: Skeledirge|Skeledirge, F|100\/100\n|switch|p2a: Magcargo|Magcargo, F, shiny|100\/100\n|turn|6\n|\n|t:|1698771341\n|-terastallize|p1b: Quaquaval|Water\n|move|p1a: Kommo-o|Drain Punch|p2a: Magcargo\n|-supereffective|p2a: Magcargo\n|-damage|p2a: Magcargo|28\/100\n|-ability|p2a: Magcargo|Weak Armor|boost\n|-unboost|p2a: Magcargo|def|1\n|-boost|p2a: Magcargo|spe|2\n|move|p1b: Quaquaval|Aqua Step|p2b: Skeledirge\n|-supereffective|p2b: Skeledirge\n|-damage|p2b: Skeledirge|53\/100\n|-boost|p1b: Quaquaval|spe|1\n|move|p2a: Magcargo|Shell Smash|p2a: Magcargo\n|-unboost|p2a: Magcargo|def|1\n|-unboost|p2a: Magcargo|spd|1\n|-boost|p2a: Magcargo|atk|2\n|-boost|p2a: Magcargo|spa|2\n|-boost|p2a: Magcargo|spe|2\n|move|p2b: Skeledirge|Shadow Ball|p1b: Quaquaval\n|-damage|p1b: Quaquaval|44\/100\n|-unboost|p1b: Quaquaval|spd|1\n|\n|-weather|SunnyDay|[upkeep]\n|upkeep\n|turn|7\n|\n|t:|1698771362\n|move|p1b: Quaquaval|Aqua Step|p2b: Skeledirge\n|-supereffective|p2b: Skeledirge\n|-damage|p2b: Skeledirge|4\/100\n|-boost|p1b: Quaquaval|spe|1\n|move|p2a: Magcargo|Lava Plume|p1b: Quaquaval|[spread] p2b,p1a,p1b\n|-resisted|p2b: Skeledirge\n|-resisted|p1a: Kommo-o\n|-resisted|p1b: Quaquaval\n|-damage|p2b: Skeledirge|0 fnt\n|-damage|p1a: Kommo-o|66\/100\n|-damage|p1b: Quaquaval|0 fnt\n|-status|p1a: Kommo-o|brn\n|faint|p2b: Skeledirge\n|faint|p1b: Quaquaval\n|move|p1a: Kommo-o|Drain Punch|p2a: Magcargo\n|-supereffective|p2a: Magcargo\n|-damage|p2a: Magcargo|0 fnt\n|-heal|p1a: Kommo-o|79\/100 brn|[from] drain|[of] p2a: Magcargo\n|faint|p2a: Magcargo\n|\n|-weather|SunnyDay|[upkeep]\n|-damage|p1a: Kommo-o|72\/100 brn|[from] brn\n|upkeep\n|\n|t:|1698771381\n|switch|p1b: Oricorio|Oricorio-Pom-Pom, F|100\/100\n|switch|p2b: Ninetales|Ninetales, F, shiny|100\/100\n|turn|8\n|\n|t:|1698771396\n|move|p1a: Kommo-o|Dragon Claw|p2b: Ninetales\n|-damage|p2b: Ninetales|70\/100\n|move|p2b: Ninetales|Flamethrower|p1b: Oricorio\n|-damage|p1b: Oricorio|13\/100\n|move|p1b: Oricorio|Revelation Dance|p2b: Ninetales\n|-damage|p2b: Ninetales|24\/100\n|\n|-weather|none\n|-damage|p1a: Kommo-o|66\/100 brn|[from] brn\n|upkeep\n|turn|9\n|-message|Cakelave forfeited.\n|\n|win|lxvliiz\n|raw|lxvliiz's rating: 1048 &rarr; <strong>1080<\/strong><br \/>(+32 for winning)\n|raw|Cakelave's rating: 1044 &rarr; <strong>1028<\/strong><br \/>(-16 for losing)\n|l|\u2606Cakelave\n","uploadtime":1698771408,"views":9,"p1id":"lxvliiz","p2id":"cakelave","formatid":"gen9nationaldexdoubles","rating":1028,"private":0,"password":""}