{"id":"gen9nationaldexdoubles-1979414720","p1":"Delphox23102008","p2":"AdvancedDigit","format":"[Gen 9] National Dex Doubles","log":"|j|\u2606Delphox23102008\n|j|\u2606AdvancedDigit\n|t:|1698680797\n|gametype|doubles\n|player|p1|Delphox23102008|az|1117\n|player|p2|AdvancedDigit|hilbert|1315\n|teamsize|p1|6\n|teamsize|p2|6\n|gen|9\n|tier|[Gen 9] National Dex Doubles\n|rated|\n|rule|HP Percentage Mod: HP is shown in percentages\n|rule|Endless Battle Clause: Forcing endless battles is banned\n|rule|OHKO Clause: OHKO moves are banned\n|rule|Evasion Moves Clause: Evasion moves are banned\n|rule|Evasion Abilities Clause: Evasion abilities are banned\n|rule|Species Clause: Limit one of each Pok\u00e9mon\n|rule|Gravity Sleep Clause: The combination of sleep-inducing moves with imperfect accuracy and Gravity or Gigantamax Orbeetle are banned\n|clearpoke\n|poke|p1|Shuckle, M|\n|poke|p1|Dugtrio, F|\n|poke|p1|Pyroar, F|\n|poke|p1|Regigigas|\n|poke|p1|Sableye, M|\n|poke|p1|Dragonite, M|\n|poke|p2|Grafaiai, M|\n|poke|p2|Indeedee-F, F|\n|poke|p2|Farigiraf, F|\n|poke|p2|Roaring Moon|\n|poke|p2|Maushold|\n|poke|p2|Tornadus, M|\n|teampreview\n|inactive|Battle timer is ON: inactive players will automatically lose when time's up. (requested by Delphox23102008)\n|\n|t:|1698680808\n|start\n|switch|p1a: Shuckle|Shuckle, M|100\/100\n|switch|p1b: Dugtrio|Dugtrio, F|100\/100\n|switch|p2a: Grafaiai|Grafaiai, M|100\/100\n|switch|p2b: Farigiraf|Farigiraf, F|100\/100\n|turn|1\n|\n|t:|1698680818\n|move|p1b: Dugtrio|Protect|p1b: Dugtrio\n|-singleturn|p1b: Dugtrio|Protect\n|move|p2b: Farigiraf|Magic Coat|p2b: Farigiraf\n|-singleturn|p2b: Farigiraf|move: Magic Coat\n|move|p2a: Grafaiai|Switcheroo|p1b: Dugtrio\n|-activate|p1b: Dugtrio|move: Protect\n|move|p1a: Shuckle|Sticky Web|p2a: Grafaiai\n|move|p2b: Farigiraf|Sticky Web|p1a: Shuckle|[from]Magic Coat\n|-sidestart|p1: Delphox23102008|move: Sticky Web\n|\n|upkeep\n|turn|2\n|\n|t:|1698680834\n|move|p2a: Grafaiai|Switcheroo|p1a: Shuckle\n|-activate|p2a: Grafaiai|move: Trick|[of] p1a: Shuckle\n|-item|p1a: Shuckle|Black Sludge|[from] move: Switcheroo\n|-item|p2a: Grafaiai|Leftovers|[from] move: Switcheroo\n|move|p1b: Dugtrio|Final Gambit|p2a: Grafaiai\n|-damage|p2a: Grafaiai|17\/100\n|faint|p1b: Dugtrio\n|move|p2b: Farigiraf|Reflect|p2b: Farigiraf\n|-sidestart|p2: AdvancedDigit|Reflect\n|move|p1a: Shuckle|Sticky Web|p2b: Farigiraf\n|-sidestart|p2: AdvancedDigit|move: Sticky Web\n|\n|-heal|p2a: Grafaiai|24\/100|[from] item: Leftovers\n|-damage|p1a: Shuckle|88\/100|[from] item: Black Sludge\n|upkeep\n|\n|t:|1698680855\n|switch|p1b: Dragonite|Dragonite, M|100\/100\n|turn|3\n|\n|t:|1698680868\n|move|p1b: Dragonite|Extreme Speed||[still]\n|cant|p2b: Farigiraf|ability: Armor Tail|Extreme Speed|[of] p1b: Dragonite\n|move|p2a: Grafaiai|Parting Shot|p1b: Dragonite\n|-unboost|p1b: Dragonite|atk|1\n|-unboost|p1b: Dragonite|spa|1\n|\n|t:|1698680873\n|switch|p2a: Tornadus|Tornadus, M|100\/100|[from] Parting Shot\n|move|p2b: Farigiraf|Reflect||[still]\n|-fail|p2b: Farigiraf\n|move|p1a: Shuckle|Final Gambit|p2b: Farigiraf\n|-damage|p2b: Farigiraf|52\/100\n|faint|p1a: Shuckle\n|\n|-heal|p2b: Farigiraf|58\/100|[from] item: Leftovers\n|upkeep\n|\n|t:|1698680878\n|switch|p1a: Sableye|Sableye, M|100\/100\n|-activate|p1a: Sableye|move: Sticky Web\n|-unboost|p1a: Sableye|spe|1\n|turn|4\n|\n|t:|1698680893\n|move|p2b: Farigiraf|Magic Coat|p2b: Farigiraf\n|-singleturn|p2b: Farigiraf|move: Magic Coat\n|move|p1a: Sableye|Gravity|p1a: Sableye\n|-fieldstart|move: Gravity\n|move|p2a: Tornadus|Icy Wind|p1a: Sableye|[spread] p1a,p1b\n|-supereffective|p1b: Dragonite\n|-damage|p1a: Sableye|83\/100\n|-damage|p1b: Dragonite|74\/100\n|-unboost|p1a: Sableye|spe|1\n|-unboost|p1b: Dragonite|spe|1\n|move|p1b: Dragonite|Thunder Wave|p2a: Tornadus\n|-status|p2a: Tornadus|par\n|\n|-heal|p2b: Farigiraf|64\/100|[from] item: Leftovers\n|-heal|p1b: Dragonite|80\/100|[from] item: Leftovers\n|upkeep\n|turn|5\n|inactive|Delphox23102008 has 120 seconds left.\n|\n|t:|1698680930\n|switch|p1b: Pyroar|Pyroar, F|100\/100\n|-activate|p1b: Pyroar|move: Sticky Web\n|-unboost|p1b: Pyroar|spe|1\n|switch|p1a: Regigigas|Regigigas|100\/100\n|-activate|p1a: Regigigas|move: Sticky Web\n|-unboost|p1a: Regigigas|spe|1\n|-start|p1a: Regigigas|ability: Slow Start\n|move|p2b: Farigiraf|Psychic|p1b: Pyroar\n|-damage|p1b: Pyroar|48\/100\n|move|p2a: Tornadus|Icy Wind|p1a: Regigigas|[spread] p1a,p1b\n|-resisted|p1b: Pyroar\n|-damage|p1a: Regigigas|91\/100\n|-damage|p1b: Pyroar|39\/100\n|-unboost|p1a: Regigigas|spe|1\n|-unboost|p1b: Pyroar|spe|1\n|\n|-heal|p2b: Farigiraf|71\/100|[from] item: Leftovers\n|upkeep\n|turn|6\n|\n|t:|1698680948\n|-terastallize|p1a: Regigigas|Ground\n|move|p1b: Pyroar|Entrainment|p1a: Regigigas\n|-end|p1a: Regigigas|Slow Start|[silent]\n|-endability|p1a: Regigigas|Slow Start|[from] move: Entrainment\n|-ability|p1a: Regigigas|Moxie|[from] move: Entrainment\n|move|p1a: Regigigas|Earthquake|p2b: Farigiraf|[spread] p1b,p2a,p2b\n|-supereffective|p1b: Pyroar\n|-damage|p1b: Pyroar|0 fnt\n|-damage|p2a: Tornadus|41\/100 par\n|-damage|p2b: Farigiraf|21\/100\n|faint|p1b: Pyroar\n|-ability|p1a: Regigigas|Moxie|boost\n|-boost|p1a: Regigigas|atk|1\n|move|p2b: Farigiraf|Psychic|p1a: Regigigas\n|-damage|p1a: Regigigas|59\/100\n|move|p2a: Tornadus|Bleakwind Storm|p1a: Regigigas\n|-damage|p1a: Regigigas|20\/100\n|-unboost|p1a: Regigigas|spe|1\n|\n|-heal|p2b: Farigiraf|27\/100|[from] item: Leftovers\n|-heal|p2a: Tornadus|47\/100 par|[from] item: Leftovers\n|-sideend|p2: AdvancedDigit|Reflect\n|upkeep\n|inactive|Delphox23102008 has 120 seconds left.\n|\n|t:|1698680967\n|switch|p1b: Dragonite|Dragonite, M|80\/100\n|-activate|p1b: Dragonite|move: Sticky Web\n|-unboost|p1b: Dragonite|spe|1\n|turn|7\n|\n|t:|1698680981\n|cant|p2a: Tornadus|par\n|move|p2b: Farigiraf|Psychic|p1a: Regigigas\n|-damage|p1a: Regigigas|0 fnt\n|faint|p1a: Regigigas\n|move|p1b: Dragonite|Thunder Wave|p2b: Farigiraf\n|-status|p2b: Farigiraf|par\n|\n|-heal|p1b: Dragonite|86\/100|[from] item: Leftovers\n|-heal|p2a: Tornadus|53\/100 par|[from] item: Leftovers\n|-heal|p2b: Farigiraf|33\/100 par|[from] item: Leftovers\n|upkeep\n|-message|Delphox23102008 forfeited.\n|\n|win|AdvancedDigit\n|raw|Delphox23102008's rating: 1117 &rarr; <strong>1105<\/strong><br \/>(-12 for losing)\n|raw|AdvancedDigit's rating: 1315 &rarr; <strong>1325<\/strong><br \/>(+10 for winning)\n|l|\u2606Delphox23102008\n","uploadtime":1698680991,"views":10,"p1id":"delphox23102008","p2id":"advanceddigit","formatid":"gen9nationaldexdoubles","rating":1105,"private":0,"password":""}