{"id":"gen9nationaldexdoubles-1988247474","p1":"saxmachine","p2":"Ufid","format":"[Gen 9] National Dex Doubles","log":"|j|\u2606saxmachine\n|j|\u2606Ufid\n|t:|1699693828\n|gametype|doubles\n|player|p1|saxmachine|giovanni|1094\n|player|p2|Ufid|266|1356\n|teamsize|p1|6\n|teamsize|p2|6\n|gen|9\n|tier|[Gen 9] National Dex Doubles\n|rated|\n|rule|HP Percentage Mod: HP is shown in percentages\n|rule|Endless Battle Clause: Forcing endless battles is banned\n|rule|OHKO Clause: OHKO moves are banned\n|rule|Evasion Moves Clause: Evasion moves are banned\n|rule|Evasion Abilities Clause: Evasion abilities are banned\n|rule|Species Clause: Limit one of each Pok\u00e9mon\n|rule|Gravity Sleep Clause: The combination of sleep-inducing moves with imperfect accuracy and Gravity or Gigantamax Orbeetle are banned\n|clearpoke\n|poke|p1|Comfey, F|\n|poke|p1|Primarina, F|\n|poke|p1|Metagross|\n|poke|p1|Rillaboom, F|\n|poke|p1|Camerupt, F|\n|poke|p1|Smeargle, F|\n|poke|p2|Kingambit, M|\n|poke|p2|Farigiraf, F|\n|poke|p2|Iron Bundle|\n|poke|p2|Ursaluna, M|\n|poke|p2|Kangaskhan, F|\n|poke|p2|Incineroar, M|\n|teampreview\n|inactive|Battle timer is ON: inactive players will automatically lose when time's up. (requested by Ufid)\n|\n|t:|1699693849\n|start\n|switch|p1a: Comfey|Comfey, F, shiny|100\/100\n|switch|p1b: Primarina|Primarina, F, shiny|100\/100\n|switch|p2a: Iron Bundle|Iron Bundle|100\/100\n|switch|p2b: Kangaskhan|Kangaskhan, F|100\/100\n|-enditem|p2a: Iron Bundle|Booster Energy\n|-activate|p2a: Iron Bundle|ability: Quark Drive|[fromitem]\n|-start|p2a: Iron Bundle|quarkdrivespe\n|turn|1\n|\n|t:|1699693858\n|detailschange|p2b: Kangaskhan|Kangaskhan-Mega, F\n|-mega|p2b: Kangaskhan|Kangaskhan|Kangaskhanite\n|move|p1b: Primarina|Protect|p1b: Primarina\n|-singleturn|p1b: Primarina|Protect\n|move|p2b: Kangaskhan|Fake Out|p1a: Comfey\n|-damage|p1a: Comfey|82\/100\n|-damage|p1a: Comfey|78\/100\n|-hitcount|p1a: Comfey|2\n|move|p2a: Iron Bundle|Freeze-Dry|p1b: Primarina\n|-activate|p1b: Primarina|move: Protect\n|move|p1a: Comfey|Trick Room|p1a: Comfey\n|-fieldstart|move: Trick Room|[of] p1a: Comfey\n|\n|upkeep\n|turn|2\n|inactive|Ufid has 120 seconds left.\n|\n|t:|1699693890\n|move|p1a: Comfey|Giga Drain|p1b: Primarina\n|-supereffective|p1b: Primarina\n|-crit|p1b: Primarina\n|-damage|p1b: Primarina|71\/100\n|-heal|p1a: Comfey|95\/100|[from] drain|[of] p1b: Primarina\n|-enditem|p1b: Primarina|Weakness Policy\n|-boost|p1b: Primarina|atk|2|[from] item: Weakness Policy\n|-boost|p1b: Primarina|spa|2|[from] item: Weakness Policy\n|move|p1b: Primarina|Hyper Voice|p2a: Iron Bundle|[spread] p2a,p2b\n|-resisted|p2a: Iron Bundle\n|-damage|p2a: Iron Bundle|17\/100\n|-damage|p2b: Kangaskhan|43\/100\n|move|p2b: Kangaskhan|Crush Claw|p1a: Comfey\n|-damage|p1a: Comfey|56\/100\n|-damage|p1a: Comfey|47\/100\n|-hitcount|p1a: Comfey|2\n|move|p2a: Iron Bundle|Freeze-Dry|p1b: Primarina\n|-supereffective|p1b: Primarina\n|-damage|p1b: Primarina|16\/100\n|\n|upkeep\n|turn|3\n|inactive|Ufid has 120 seconds left.\n|\n|t:|1699693930\n|move|p1a: Comfey|Floral Healing|p1b: Primarina\n|-heal|p1b: Primarina|66\/100\n|move|p2b: Kangaskhan|Sucker Punch|p1b: Primarina\n|-resisted|p1b: Primarina\n|-damage|p1b: Primarina|51\/100\n|-resisted|p1b: Primarina\n|-damage|p1b: Primarina|47\/100\n|-hitcount|p1b: Primarina|2\n|move|p1b: Primarina|Hyper Voice|p2a: Iron Bundle|[spread] p2a,p2b\n|-resisted|p2a: Iron Bundle\n|-damage|p2a: Iron Bundle|0 fnt\n|-damage|p2b: Kangaskhan|0 fnt\n|faint|p2a: Iron Bundle\n|-end|p2a: Iron Bundle|Quark Drive|[silent]\n|faint|p2b: Kangaskhan\n|\n|upkeep\n|\n|t:|1699693939\n|switch|p2b: Ursaluna|Ursaluna, M|100\/100\n|switch|p2a: Kingambit|Kingambit, M|100\/100\n|-activate|p2a: Kingambit|ability: Supreme Overlord\n|-start|p2a: Kingambit|fallen2|[silent]\n|turn|4\n|\n|t:|1699693949\n|move|p2b: Ursaluna|Protect|p2b: Ursaluna\n|-singleturn|p2b: Ursaluna|Protect\n|move|p1a: Comfey|Floral Healing|p1b: Primarina\n|-heal|p1b: Primarina|97\/100\n|move|p1b: Primarina|Hyper Voice|p2a: Kingambit|[spread] p2a\n|-activate|p2b: Ursaluna|move: Protect\n|-damage|p2a: Kingambit|29\/100\n|move|p2a: Kingambit|Iron Head|p1b: Primarina\n|-damage|p1b: Primarina|0 fnt\n|faint|p1b: Primarina\n|\n|-status|p2b: Ursaluna|brn|[from] item: Flame Orb\n|upkeep\n|l|\u2606Ufid\n|inactive|Ufid disconnected and has a minute to reconnect!\n|player|p2|\n|\n|t:|1699693970\n|switch|p1b: Camerupt|Camerupt, F, shiny|100\/100\n|turn|5\n|j|\u2606Ufid\n|inactive|Ufid reconnected and has 135 seconds left.\n|player|p2|Ufid|266\n|inactive|Ufid has 120 seconds left.\n|\n|t:|1699694015\n|-terastallize|p2b: Ursaluna|Ground\n|move|p1a: Comfey|Ally Switch|p1a: Comfey\n|swap|p1a: Comfey|1|[from] move: Ally Switch\n|move|p1a: Camerupt|Eruption|p2b: Ursaluna|[spread] p2a,p2b\n|-supereffective|p2a: Kingambit\n|-crit|p2a: Kingambit\n|-damage|p2a: Kingambit|0 fnt\n|-damage|p2b: Ursaluna|46\/100 brn\n|faint|p2a: Kingambit\n|-end|p2a: Kingambit|fallen2|[silent]\n|move|p2b: Ursaluna|Headlong Rush|p1b: Comfey\n|-damage|p1b: Comfey|0 fnt\n|-unboost|p2b: Ursaluna|def|1\n|-unboost|p2b: Ursaluna|spd|1\n|faint|p1b: Comfey\n|\n|-damage|p2b: Ursaluna|39\/100 brn|[from] brn\n|-fieldend|move: Trick Room\n|upkeep\n|\n|t:|1699694032\n|switch|p1b: Rillaboom|Rillaboom, F, shiny|100\/100\n|switch|p2a: Incineroar|Incineroar, M|100\/100\n|-fieldstart|move: Grassy Terrain|[from] ability: Grassy Surge|[of] p1b: Rillaboom\n|-ability|p2a: Incineroar|Intimidate|boost\n|-unboost|p1a: Camerupt|atk|1\n|-unboost|p1b: Rillaboom|atk|1\n|turn|6\n|\n|t:|1699694040\n|move|p1b: Rillaboom|Fake Out|p2a: Incineroar\n|-damage|p2a: Incineroar|91\/100\n|cant|p2a: Incineroar|flinch\n|move|p2b: Ursaluna|Headlong Rush|p1a: Camerupt\n|-supereffective|p1a: Camerupt\n|-damage|p1a: Camerupt|0 fnt\n|-unboost|p2b: Ursaluna|def|1\n|-unboost|p2b: Ursaluna|spd|1\n|faint|p1a: Camerupt\n|\n|-heal|p2a: Incineroar|97\/100|[from] Grassy Terrain\n|-heal|p2b: Ursaluna|46\/100 brn|[from] Grassy Terrain\n|-damage|p2b: Ursaluna|39\/100 brn|[from] brn\n|upkeep\n|\n|t:|1699694044\n|switch|p1a: Metagross|Metagross, shiny|100\/100\n|turn|7\n|\n|t:|1699694054\n|move|p2b: Ursaluna|Protect|p2b: Ursaluna\n|-singleturn|p2b: Ursaluna|Protect\n|move|p1b: Rillaboom|Wood Hammer|p2b: Ursaluna\n|-activate|p2b: Ursaluna|move: Protect\n|move|p2a: Incineroar|Flare Blitz|p1a: Metagross\n|-supereffective|p1a: Metagross\n|-damage|p1a: Metagross|4\/100\n|-status|p1a: Metagross|brn\n|-damage|p2a: Incineroar|67\/100|[from] Recoil\n|move|p1a: Metagross|Hammer Arm|p2a: Incineroar\n|-supereffective|p2a: Incineroar\n|-damage|p2a: Incineroar|34\/100\n|-unboost|p1a: Metagross|spe|1\n|\n|-heal|p2a: Incineroar|40\/100|[from] Grassy Terrain\n|-heal|p2b: Ursaluna|46\/100 brn|[from] Grassy Terrain\n|-heal|p1a: Metagross|10\/100 brn|[from] Grassy Terrain\n|-damage|p2b: Ursaluna|39\/100 brn|[from] brn\n|-damage|p1a: Metagross|4\/100 brn|[from] brn\n|upkeep\n|turn|8\n|\n|t:|1699694069\n|switch|p2a: Farigiraf|Farigiraf, F|100\/100\n|move|p2b: Ursaluna|Protect|p2b: Ursaluna\n|-singleturn|p2b: Ursaluna|Protect\n|move|p1a: Metagross|Bullet Punch||[still]\n|cant|p2a: Farigiraf|ability: Armor Tail|Bullet Punch|[of] p1a: Metagross\n|move|p1b: Rillaboom|Wood Hammer|p2b: Ursaluna\n|-activate|p2b: Ursaluna|move: Protect\n|\n|-heal|p2b: Ursaluna|46\/100 brn|[from] Grassy Terrain\n|-heal|p1a: Metagross|10\/100 brn|[from] Grassy Terrain\n|-damage|p2b: Ursaluna|39\/100 brn|[from] brn\n|-damage|p1a: Metagross|4\/100 brn|[from] brn\n|upkeep\n|turn|9\n|\n|t:|1699694088\n|-terastallize|p1b: Rillaboom|Grass\n|move|p2a: Farigiraf|Ally Switch|p2a: Farigiraf\n|swap|p2a: Farigiraf|1|[from] move: Ally Switch\n|move|p1b: Rillaboom|Wood Hammer|p2a: Ursaluna\n|-supereffective|p2a: Ursaluna\n|-damage|p2a: Ursaluna|0 fnt\n|faint|p2a: Ursaluna\n|-damage|p1b: Rillaboom|85\/100|[from] Recoil\n|move|p1a: Metagross|Ice Punch|p2b: Farigiraf\n|-crit|p2b: Farigiraf\n|-damage|p2b: Farigiraf|80\/100\n|\n|-heal|p1b: Rillaboom|91\/100|[from] Grassy Terrain\n|-heal|p2b: Farigiraf|86\/100|[from] Grassy Terrain\n|-heal|p1a: Metagross|10\/100 brn|[from] Grassy Terrain\n|-damage|p1a: Metagross|4\/100 brn|[from] brn\n|upkeep\n|\n|t:|1699694094\n|switch|p2a: Incineroar|Incineroar, M|40\/100\n|-ability|p2a: Incineroar|Intimidate|boost\n|-fail|p1a: Metagross|unboost|[from] ability: Clear Body|[of] p1a: Metagross\n|-unboost|p1b: Rillaboom|atk|1\n|turn|10\n|\n|t:|1699694100\n|switch|p1b: Smeargle|Smeargle, F|100\/100\n|move|p2a: Incineroar|Fake Out|p1a: Metagross\n|-resisted|p1a: Metagross\n|-damage|p1a: Metagross|0 fnt\n|faint|p1a: Metagross\n|move|p2b: Farigiraf|Trick Room|p2b: Farigiraf\n|-fieldstart|move: Trick Room|[of] p2b: Farigiraf\n|\n|-heal|p2a: Incineroar|46\/100|[from] Grassy Terrain\n|-heal|p2b: Farigiraf|92\/100|[from] Grassy Terrain\n|-fieldend|move: Grassy Terrain\n|upkeep\n|\n|t:|1699694103\n|switch|p1a: Rillaboom|Rillaboom, F, shiny, tera:Grass|91\/100\n|-fieldstart|move: Grassy Terrain|[from] ability: Grassy Surge|[of] p1a: Rillaboom\n|turn|11\n|\n|t:|1699694117\n|move|p1a: Rillaboom|Protect|p1a: Rillaboom\n|-singleturn|p1a: Rillaboom|Protect\n|move|p2b: Farigiraf|Nasty Plot|p2b: Farigiraf\n|-boost|p2b: Farigiraf|spa|2\n|move|p2a: Incineroar|Flare Blitz|p1a: Rillaboom\n|-activate|p1a: Rillaboom|move: Protect\n|move|p1b: Smeargle|Trick Room|p1b: Smeargle\n|-fieldend|move: Trick Room\n|\n|-heal|p1a: Rillaboom|97\/100|[from] Grassy Terrain\n|-heal|p2b: Farigiraf|98\/100|[from] Grassy Terrain\n|-heal|p2a: Incineroar|52\/100|[from] Grassy Terrain\n|upkeep\n|turn|12\n|\n|t:|1699694140\n|move|p1a: Rillaboom|Wood Hammer|p2a: Incineroar\n|-resisted|p2a: Incineroar\n|-damage|p2a: Incineroar|0 fnt\n|faint|p2a: Incineroar\n|-damage|p1a: Rillaboom|79\/100|[from] Recoil\n|move|p1b: Smeargle|Transform|p2b: Farigiraf\n|-transform|p1b: Smeargle|p2b: Farigiraf\n|move|p2b: Farigiraf|Trick Room|p2b: Farigiraf\n|-fieldstart|move: Trick Room|[of] p2b: Farigiraf\n|\n|-heal|p2b: Farigiraf|100\/100|[from] Grassy Terrain\n|-heal|p1a: Rillaboom|86\/100|[from] Grassy Terrain\n|upkeep\n|turn|13\n|-message|Ufid forfeited.\n|\n|win|saxmachine\n|raw|saxmachine's rating: 1094 &rarr; <strong>1136<\/strong><br \/>(+42 for winning)\n|raw|Ufid's rating: 1356 &rarr; <strong>1323<\/strong><br \/>(-33 for losing)\n|l|\u2606Ufid\n","uploadtime":1699694155,"views":11,"p1id":"saxmachine","p2id":"ufid","formatid":"gen9nationaldexdoubles","rating":1136,"private":0,"password":""}