{"id":"gen9nationaldexdoubles-1960748659","p1":"YoBuddyTheBaker","p2":"Daepiquejt","format":"[Gen 9] National Dex Doubles","log":"|j|\u2606YoBuddyTheBaker\n|j|\u2606Daepiquejt\n|t:|1696552418\n|gametype|doubles\n|player|p1|YoBuddyTheBaker|baker|\n|player|p2|Daepiquejt|dawn|\n|teamsize|p1|6\n|teamsize|p2|6\n|gen|9\n|tier|[Gen 9] National Dex Doubles\n|rated|Tournament battle\n|rule|HP Percentage Mod: HP is shown in percentages\n|rule|Endless Battle Clause: Forcing endless battles is banned\n|rule|OHKO Clause: OHKO moves are banned\n|rule|Evasion Moves Clause: Evasion moves are banned\n|rule|Evasion Abilities Clause: Evasion abilities are banned\n|rule|Species Clause: Limit one of each Pok\u00e9mon\n|rule|Gravity Sleep Clause: The combination of sleep-inducing moves with imperfect accuracy and Gravity or Gigantamax Orbeetle are banned\n|clearpoke\n|poke|p1|Smeargle, F|\n|poke|p1|Flutter Mane|\n|poke|p1|Zygarde|\n|poke|p1|Salamence, M|\n|poke|p1|Volcanion|\n|poke|p1|Rillaboom, M|\n|poke|p2|Scizor, F|\n|poke|p2|Rillaboom, M|\n|poke|p2|Volcanion|\n|poke|p2|Chien-Pao|\n|poke|p2|Tornadus, M|\n|poke|p2|Zygarde|\n|teampreview\n|inactive|Battle timer is ON: inactive players will automatically lose when time's up. (requested by Daepiquejt)\n|c|\u2606YoBuddyTheBaker|gl\n|inactive|YoBuddyTheBaker has 120 seconds left.\n|inactive|Daepiquejt has 120 seconds left.\n|inactive|Daepiquejt has 90 seconds left.\n|\n|t:|1696552499\n|start\n|switch|p1a: Volcanion|Volcanion|100\/100\n|switch|p1b: Salamence|Salamence, M|100\/100\n|switch|p2a: Zygarde|Zygarde|100\/100\n|switch|p2b: The Lawn|Rillaboom, M|100\/100\n|-ability|p1b: Salamence|Intimidate|boost\n|-fail|p2a: Zygarde|unboost|[from] item: Clear Amulet|[of] p2a: Zygarde\n|-unboost|p2b: The Lawn|atk|1\n|-ability|p2a: Zygarde|Aura Break\n|-fieldstart|move: Grassy Terrain|[from] ability: Grassy Surge|[of] p2b: The Lawn\n|turn|1\n|j|%smudgerox\n|j| SquidSpring\n|inactive|YoBuddyTheBaker has 120 seconds left.\n|inactive|Daepiquejt has 120 seconds left.\n|\n|t:|1696552539\n|detailschange|p1b: Salamence|Salamence-Mega, M\n|-mega|p1b: Salamence|Salamence|Salamencite\n|-terastallize|p2a: Zygarde|Steel\n|move|p2b: The Lawn|Fake Out|p1b: Salamence\n|-damage|p1b: Salamence|90\/100\n|cant|p1b: Salamence|flinch\n|move|p2a: Zygarde|Dragon Dance|p2a: Zygarde\n|-boost|p2a: Zygarde|atk|1\n|-boost|p2a: Zygarde|spe|1\n|move|p1a: Volcanion|Steam Eruption|p2a: Zygarde\n|-damage|p2a: Zygarde|41\/100\n|\n|-heal|p2a: Zygarde|48\/100|[from] Grassy Terrain\n|upkeep\n|turn|2\n|j| AIRedzone\n|inactive|YoBuddyTheBaker has 120 seconds left.\n|inactive|Daepiquejt has 120 seconds left.\n|inactive|YoBuddyTheBaker has 90 seconds left.\n|\n|t:|1696552588\n|switch|p2b: Pien-Chao|Chien-Pao|100\/100\n|-ability|p2b: Pien-Chao|Sword of Ruin\n|switch|p1a: Rillaboom|Rillaboom, M|100\/100\n|move|p2a: Zygarde|Thousand Arrows|p1a: Rillaboom|[spread] p1a,p1b\n|-resisted|p1a: Rillaboom\n|-damage|p1a: Rillaboom|72\/100\n|-damage|p1b: Salamence|31\/100\n|-start|p1b: Salamence|Smack Down\n|move|p1b: Salamence|Tailwind|p1b: Salamence\n|-sidestart|p1: YoBuddyTheBaker|move: Tailwind\n|\n|-heal|p1b: Salamence|37\/100|[from] Grassy Terrain\n|-heal|p1a: Rillaboom|78\/100|[from] Grassy Terrain\n|-heal|p2a: Zygarde|54\/100|[from] Grassy Terrain\n|upkeep\n|turn|3\n|inactive|YoBuddyTheBaker has 90 seconds left.\n|\n|t:|1696552634\n|move|p2a: Zygarde|Protect|p2a: Zygarde\n|-singleturn|p2a: Zygarde|Protect\n|move|p2b: Pien-Chao|Protect|p2b: Pien-Chao\n|-singleturn|p2b: Pien-Chao|Protect\n|move|p1b: Salamence|Return|p2b: Pien-Chao\n|-activate|p2b: Pien-Chao|move: Protect\n|move|p1a: Rillaboom|High Horsepower|p2a: Zygarde\n|-activate|p2a: Zygarde|move: Protect\n|\n|-heal|p1b: Salamence|43\/100|[from] Grassy Terrain\n|-heal|p1a: Rillaboom|85\/100|[from] Grassy Terrain\n|-heal|p2a: Zygarde|60\/100|[from] Grassy Terrain\n|upkeep\n|turn|4\n|inactive|YoBuddyTheBaker has 90 seconds left.\n|\n|t:|1696552661\n|switch|p2a: Tornadus|Tornadus, M|100\/100\n|move|p2b: Pien-Chao|Sucker Punch|p1b: Salamence\n|-damage|p1b: Salamence|0 fnt\n|faint|p1b: Salamence\n|move|p1a: Rillaboom|High Horsepower|p2a: Tornadus\n|-immune|p2a: Tornadus\n|\n|-heal|p1a: Rillaboom|91\/100|[from] Grassy Terrain\n|upkeep\n|inactive|YoBuddyTheBaker has 60 seconds left.\n|\n|t:|1696552683\n|switch|p1b: Flutter Mane|Flutter Mane|100\/100\n|turn|5\n|\n|t:|1696552706\n|switch|p1a: Volcanion|Volcanion|100\/100\n|move|p2a: Tornadus|Tailwind|p2a: Tornadus\n|-sidestart|p2: Daepiquejt|move: Tailwind\n|move|p2b: Pien-Chao|Icicle Crash|p1b: Flutter Mane\n|-damage|p1b: Flutter Mane|3\/100\n|cant|p1b: Flutter Mane|flinch\n|\n|-heal|p1b: Flutter Mane|9\/100|[from] Grassy Terrain\n|-sideend|p1: YoBuddyTheBaker|move: Tailwind\n|-fieldend|move: Grassy Terrain\n|upkeep\n|turn|6\n|inactive|YoBuddyTheBaker has 90 seconds left.\n|inactive|Daepiquejt has 120 seconds left.\n|inactive|YoBuddyTheBaker has 60 seconds left.\n|c|\u2606Daepiquejt|Please real 80% accuracy\n|\n|t:|1696552758\n|move|p1b: Flutter Mane|Protect|p1b: Flutter Mane\n|-singleturn|p1b: Flutter Mane|Protect\n|move|p2b: Pien-Chao|Sucker Punch|p1a: Volcanion\n|-damage|p1a: Volcanion|64\/100\n|move|p2a: Tornadus|Bleakwind Storm|p1a: Volcanion|[spread] p1a\n|-activate|p1b: Flutter Mane|move: Protect\n|-damage|p1a: Volcanion|38\/100\n|-unboost|p1a: Volcanion|spe|1\n|move|p1a: Volcanion|Heat Wave|p2b: Pien-Chao|[spread] p2a,p2b\n|-supereffective|p2b: Pien-Chao\n|-damage|p2a: Tornadus|46\/100\n|-enditem|p2b: Pien-Chao|Focus Sash\n|-damage|p2b: Pien-Chao|1\/100\n|\n|upkeep\n|turn|7\n|inactive|Daepiquejt has 120 seconds left.\n|inactive|YoBuddyTheBaker has 60 seconds left.\n|\n|t:|1696552782\n|move|p2b: Pien-Chao|Sucker Punch|p1b: Flutter Mane\n|-damage|p1b: Flutter Mane|0 fnt\n|faint|p1b: Flutter Mane\n|-end|p1b: Flutter Mane|Protosynthesis|[silent]\n|move|p2a: Tornadus|Bleakwind Storm|p1a: Volcanion\n|-damage|p1a: Volcanion|6\/100\n|-unboost|p1a: Volcanion|spe|1\n|move|p1a: Volcanion|Heat Wave|p2a: Tornadus|[spread] p2a\n|-miss|p1a: Volcanion|p2b: Pien-Chao\n|-damage|p2a: Tornadus|0 fnt\n|faint|p2a: Tornadus\n|\n|upkeep\n|inactive|Daepiquejt has 120 seconds left.\n|\n|t:|1696552811\n|switch|p1b: Zygarde|Zygarde|100\/100\n|switch|p2a: The Lawn|Rillaboom, M|100\/100\n|-fieldstart|move: Grassy Terrain|[from] ability: Grassy Surge|[of] p2a: The Lawn\n|-ability|p1b: Zygarde|Aura Break\n|turn|8\n|\n|t:|1696552829\n|move|p1b: Zygarde|Protect|p1b: Zygarde\n|-singleturn|p1b: Zygarde|Protect\n|move|p2a: The Lawn|Fake Out|p1b: Zygarde\n|-activate|p1b: Zygarde|move: Protect\n|move|p2b: Pien-Chao|Sucker Punch|p1a: Volcanion\n|-damage|p1a: Volcanion|0 fnt\n|faint|p1a: Volcanion\n|\n|-heal|p2b: Pien-Chao|7\/100|[from] Grassy Terrain\n|-sideend|p2: Daepiquejt|move: Tailwind\n|upkeep\n|\n|t:|1696552856\n|switch|p1a: Rillaboom|Rillaboom, M|91\/100\n|turn|9\n|\n|t:|1696552884\n|move|p1a: Rillaboom|Grassy Glide|p2b: Pien-Chao\n|-damage|p2b: Pien-Chao|0 fnt\n|faint|p2b: Pien-Chao\n|move|p1b: Zygarde|Dragon Dance|p1b: Zygarde\n|-boost|p1b: Zygarde|atk|1\n|-boost|p1b: Zygarde|spe|1\n|move|p2a: The Lawn|U-turn|p1a: Rillaboom\n|-supereffective|p1a: Rillaboom\n|-damage|p1a: Rillaboom|45\/100\n|inactive|Daepiquejt has 120 seconds left.\n|\n|t:|1696552899\n|switch|p2a: The Lawnmower|Scizor, F|100\/100|[from] U-turn\n|\n|-heal|p1a: Rillaboom|51\/100|[from] Grassy Terrain\n|upkeep\n|\n|t:|1696552910\n|switch|p2b: The Lawn|Rillaboom, M|100\/100\n|turn|10\n|inactive|YoBuddyTheBaker has 90 seconds left.\n|\n|t:|1696552938\n|detailschange|p2a: The Lawnmower|Scizor-Mega, F\n|-mega|p2a: The Lawnmower|Scizor|Scizorite\n|move|p1b: Zygarde|Protect|p1b: Zygarde\n|-singleturn|p1b: Zygarde|Protect\n|move|p2b: The Lawn|Fake Out|p1b: Zygarde\n|-activate|p1b: Zygarde|move: Protect\n|move|p1a: Rillaboom|U-turn|p2b: The Lawn\n|-supereffective|p2b: The Lawn\n|-damage|p2b: The Lawn|56\/100\n|\n|t:|1696552945\n|switch|p1a: Smeargle|Smeargle, F|100\/100|[from] U-turn\n|move|p2a: The Lawnmower|Swords Dance|p2a: The Lawnmower\n|-boost|p2a: The Lawnmower|atk|2\n|\n|-heal|p2b: The Lawn|63\/100|[from] Grassy Terrain\n|-ability|p1a: Smeargle|Moody|boost\n|-boost|p1a: Smeargle|spd|2\n|-unboost|p1a: Smeargle|spa|1\n|upkeep\n|turn|11\n|inactive|YoBuddyTheBaker has 90 seconds left.\n|\n|t:|1696552993\n|move|p2b: The Lawn|Grassy Glide|p1a: Smeargle\n|-damage|p1a: Smeargle|14\/100\n|move|p2a: The Lawnmower|Bullet Punch|p1b: Zygarde\n|-damage|p1b: Zygarde|50\/100\n|move|p1a: Smeargle|Decorate|p1b: Zygarde\n|-boost|p1b: Zygarde|atk|2\n|-boost|p1b: Zygarde|spa|2\n|move|p1b: Zygarde|Thousand Arrows|p2b: The Lawn|[spread] p2a,p2b\n|-resisted|p2b: The Lawn\n|-damage|p2a: The Lawnmower|46\/100\n|-damage|p2b: The Lawn|26\/100\n|-enditem|p2b: The Lawn|Sitrus Berry|[eat]\n|-heal|p2b: The Lawn|51\/100|[from] item: Sitrus Berry\n|\n|-heal|p1a: Smeargle|20\/100|[from] Grassy Terrain\n|-heal|p1b: Zygarde|56\/100|[from] Grassy Terrain\n|-heal|p2b: The Lawn|58\/100|[from] Grassy Terrain\n|-heal|p2a: The Lawnmower|52\/100|[from] Grassy Terrain\n|-ability|p1a: Smeargle|Moody|boost\n|-boost|p1a: Smeargle|atk|2\n|-unboost|p1a: Smeargle|def|1\n|upkeep\n|turn|12\n|\n|t:|1696553022\n|move|p1b: Zygarde|Protect|p1b: Zygarde\n|-singleturn|p1b: Zygarde|Protect\n|move|p2b: The Lawn|Grassy Glide|p1a: Smeargle\n|-damage|p1a: Smeargle|0 fnt\n|faint|p1a: Smeargle\n|move|p2a: The Lawnmower|Bullet Punch|p1b: Zygarde\n|-activate|p1b: Zygarde|move: Protect\n|\n|-heal|p1b: Zygarde|62\/100|[from] Grassy Terrain\n|-heal|p2b: The Lawn|64\/100|[from] Grassy Terrain\n|-heal|p2a: The Lawnmower|58\/100|[from] Grassy Terrain\n|-fieldend|move: Grassy Terrain\n|upkeep\n|\n|t:|1696553027\n|switch|p1a: Rillaboom|Rillaboom, M|51\/100\n|-fieldstart|move: Grassy Terrain|[from] ability: Grassy Surge|[of] p1a: Rillaboom\n|turn|13\n|inactive|YoBuddyTheBaker has 60 seconds left.\n|inactive|YoBuddyTheBaker has 30 seconds left.\n|inactive|Daepiquejt has 120 seconds left.\n|inactive|YoBuddyTheBaker has 20 seconds left.\n|\n|t:|1696553099\n|move|p2a: The Lawnmower|Protect|p2a: The Lawnmower\n|-singleturn|p2a: The Lawnmower|Protect\n|move|p1a: Rillaboom|Fake Out|p2a: The Lawnmower\n|-activate|p2a: The Lawnmower|move: Protect\n|move|p2b: The Lawn|Grassy Glide|p1b: Zygarde\n|-crit|p1b: Zygarde\n|-damage|p1b: Zygarde|18\/100\n|move|p1b: Zygarde|Thousand Arrows|p2a: The Lawnmower|[spread] p2b\n|-activate|p2a: The Lawnmower|move: Protect\n|-resisted|p2b: The Lawn\n|-damage|p2b: The Lawn|30\/100\n|\n|-heal|p1b: Zygarde|24\/100|[from] Grassy Terrain\n|-heal|p1a: Rillaboom|58\/100|[from] Grassy Terrain\n|-heal|p2b: The Lawn|36\/100|[from] Grassy Terrain\n|-heal|p2a: The Lawnmower|64\/100|[from] Grassy Terrain\n|upkeep\n|turn|14\n|inactive|YoBuddyTheBaker has 30 seconds left.\n|c|\u2606Daepiquejt|GG\n|\n|t:|1696553123\n|move|p1b: Zygarde|Protect|p1b: Zygarde\n|-singleturn|p1b: Zygarde|Protect\n|move|p2a: The Lawnmower|Bullet Punch|p1b: Zygarde\n|-activate|p1b: Zygarde|move: Protect\n|move|p1a: Rillaboom|High Horsepower|p2a: The Lawnmower\n|-damage|p2a: The Lawnmower|39\/100\n|move|p2b: The Lawn|U-turn|p1a: Rillaboom\n|-supereffective|p1a: Rillaboom\n|-damage|p1a: Rillaboom|8\/100\n|inactive|YoBuddyTheBaker has 30 seconds left this turn.\n|\n|t:|1696553136\n|switch|p2b: Volcaronaion|Volcanion|100\/100|[from] U-turn\n|\n|-heal|p1b: Zygarde|30\/100|[from] Grassy Terrain\n|-heal|p1a: Rillaboom|14\/100|[from] Grassy Terrain\n|-heal|p2a: The Lawnmower|45\/100|[from] Grassy Terrain\n|upkeep\n|turn|15\n|inactive|YoBuddyTheBaker has 30 seconds left.\n|\n|t:|1696553170\n|-terastallize|p1b: Zygarde|Normal\n|move|p1b: Zygarde|Extreme Speed|p2a: The Lawnmower\n|-resisted|p2a: The Lawnmower\n|-damage|p2a: The Lawnmower|12\/100\n|move|p1a: Rillaboom|Grassy Glide|p2a: The Lawnmower\n|-resisted|p2a: The Lawnmower\n|-damage|p2a: The Lawnmower|6\/100\n|move|p2a: The Lawnmower|Bullet Punch|p1b: Zygarde\n|-damage|p1b: Zygarde|0 fnt\n|faint|p1b: Zygarde\n|move|p2b: Volcaronaion|Heat Wave|p1a: Rillaboom\n|-supereffective|p1a: Rillaboom\n|-damage|p1a: Rillaboom|0 fnt\n|faint|p1a: Rillaboom\n|\n|win|Daepiquejt\n|inactive|YoBuddyTheBaker has 30 seconds left this turn.\n|n|\u2606YoBuddyTheBaker|yobuddythebaker\n|n|\u2606Daepiquejt|daepiquejt\n|n| smudgerox|smudgerox\n|n| SquidSpring|squidspring\n|n| AIRedzone|airedzone\n|c|\u2606YoBuddyTheBaker|gg\n|l| AIRedzone\n|l| SquidSpring\n|l|\u2606Daepiquejt\n|l|\u2606YoBuddyTheBaker\n|j|\u2606Daepiquejt\n|player|p2|Daepiquejt|dawn\n|j| purple pastels\n","uploadtime":1696553170,"views":38,"p1id":"yobuddythebaker","p2id":"daepiquejt","formatid":"gen9nationaldexdoubles","rating":0,"private":0,"password":""}