{"id":"gen9nationaldexdoubles-1956530412","p1":"Rasenmon10","p2":"Caio o78","format":"[Gen 9] National Dex Doubles","log":"|j|\u2606Rasenmon10\n|j|\u2606Caio o78\n|t:|1696117571\n|gametype|doubles\n|player|p1|Rasenmon10|ninjaboy|1000\n|player|p2|Caio o78|ltsurge|1116\n|teamsize|p1|6\n|teamsize|p2|6\n|gen|9\n|tier|[Gen 9] National Dex Doubles\n|rated|\n|rule|HP Percentage Mod: HP is shown in percentages\n|rule|Endless Battle Clause: Forcing endless battles is banned\n|rule|OHKO Clause: OHKO moves are banned\n|rule|Evasion Moves Clause: Evasion moves are banned\n|rule|Evasion Abilities Clause: Evasion abilities are banned\n|rule|Species Clause: Limit one of each Pok\u00e9mon\n|rule|Gravity Sleep Clause: The combination of sleep-inducing moves with imperfect accuracy and Gravity or Gigantamax Orbeetle are banned\n|clearpoke\n|poke|p1|Chansey, F|\n|poke|p1|Infernape, M|\n|poke|p1|Serperior, M|\n|poke|p1|Shuckle, F|\n|poke|p1|Togekiss, M|\n|poke|p1|Grimmsnarl, M|\n|poke|p2|Chandelure, F|\n|poke|p2|Ampharos, F|\n|poke|p2|Gliscor, M|\n|poke|p2|Greninja-*, M|\n|poke|p2|Toxtricity-Low-Key, M|\n|poke|p2|Kommo-o, M|\n|teampreview\n|inactive|Battle timer is ON: inactive players will automatically lose when time's up. (requested by Caio o78)\n|\n|t:|1696117597\n|start\n|switch|p1a: Shuckle|Shuckle, F|100\/100\n|switch|p1b: Serperior|Serperior, M|100\/100\n|switch|p2a: Toxtricity|Toxtricity-Low-Key, M|100\/100\n|switch|p2b: Ampharos|Ampharos, F|100\/100\n|turn|1\n|\n|t:|1696117619\n|-terastallize|p1b: Serperior|Fire\n|move|p1b: Serperior|Leaf Storm|p2b: Ampharos\n|-damage|p2b: Ampharos|47\/100\n|-boost|p1b: Serperior|spa|2\n|move|p2a: Toxtricity|Magnetic Flux|p2a: Toxtricity\n|-boost|p2a: Toxtricity|def|1\n|-boost|p2a: Toxtricity|spd|1\n|-boost|p2b: Ampharos|def|1\n|-boost|p2b: Ampharos|spd|1\n|move|p2b: Ampharos|Magnetic Flux|p2b: Ampharos\n|-boost|p2a: Toxtricity|def|1\n|-boost|p2a: Toxtricity|spd|1\n|-boost|p2b: Ampharos|def|1\n|-boost|p2b: Ampharos|spd|1\n|move|p1a: Shuckle|Acupressure|p1a: Shuckle\n|-boost|p1a: Shuckle|spa|2\n|\n|upkeep\n|turn|2\n|inactive|Caio o78 has 120 seconds left.\n|\n|t:|1696117650\n|move|p1b: Serperior|Leaf Storm|p2b: Ampharos\n|-damage|p2b: Ampharos|0 fnt\n|-boost|p1b: Serperior|spa|2\n|faint|p2b: Ampharos\n|move|p2a: Toxtricity|Thunderbolt|p1b: Serperior\n|-damage|p1b: Serperior|46\/100\n|-status|p1b: Serperior|par\n|move|p1a: Shuckle|Acupressure|p1a: Shuckle\n|-boost|p1a: Shuckle|accuracy|2\n|\n|-heal|p1b: Serperior|52\/100 par|[from] item: Leftovers\n|upkeep\n|inactive|Caio o78 has 120 seconds left.\n|\n|t:|1696117669\n|switch|p2b: Greninja|Greninja, M|100\/100\n|turn|3\n|\n|t:|1696117689\n|switch|p1b: Chansey|Chansey, F|100\/100\n|move|p2b: Greninja|Surf|p1b: Chansey|[spread] p2a,p1a,p1b\n|-supereffective|p1a: Shuckle\n|-damage|p2a: Toxtricity|78\/100\n|-damage|p1a: Shuckle|68\/100\n|-damage|p1b: Chansey|92\/100\n|move|p2a: Toxtricity|Thunderbolt|p1b: Chansey\n|-damage|p1b: Chansey|78\/100\n|-status|p1b: Chansey|par\n|move|p1a: Shuckle|Acupressure|p1a: Shuckle\n|-boost|p1a: Shuckle|spd|2\n|\n|-heal|p2a: Toxtricity|84\/100|[from] item: Leftovers\n|upkeep\n|turn|4\n|\n|t:|1696117717\n|-curestatus|p1b: Chansey|par|[from] ability: Natural Cure\n|switch|p1b: Grimmsnarl|Grimmsnarl, M|100\/100\n|move|p2b: Greninja|Surf|p1b: Grimmsnarl|[spread] p2a,p1a,p1b\n|-supereffective|p1a: Shuckle\n|-damage|p2a: Toxtricity|61\/100\n|-damage|p1a: Shuckle|52\/100\n|-damage|p1b: Grimmsnarl|79\/100\n|move|p2a: Toxtricity|Nuzzle|p1a: Shuckle\n|-damage|p1a: Shuckle|48\/100\n|-status|p1a: Shuckle|par\n|move|p1a: Shuckle|Acupressure|p1a: Shuckle\n|-boost|p1a: Shuckle|accuracy|2\n|\n|-heal|p2a: Toxtricity|67\/100|[from] item: Leftovers\n|upkeep\n|turn|5\n|\n|t:|1696117738\n|move|p2b: Greninja|Protect|p2b: Greninja\n|-singleturn|p2b: Greninja|Protect\n|move|p1b: Grimmsnarl|Fake Out|p2b: Greninja\n|-activate|p2b: Greninja|move: Protect\n|move|p2a: Toxtricity|Magnetic Flux|p2a: Toxtricity\n|-boost|p2a: Toxtricity|def|1\n|-boost|p2a: Toxtricity|spd|1\n|move|p1a: Shuckle|Rest|p1a: Shuckle\n|-status|p1a: Shuckle|slp|[from] move: Rest\n|-heal|p1a: Shuckle|100\/100 slp|[silent]\n|-enditem|p1a: Shuckle|Chesto Berry|[eat]\n|-curestatus|p1a: Shuckle|slp|[msg]\n|\n|-heal|p2a: Toxtricity|73\/100|[from] item: Leftovers\n|upkeep\n|turn|6\n|\n|t:|1696117759\n|move|p1b: Grimmsnarl|Light Screen|p1b: Grimmsnarl\n|-sidestart|p1: Rasenmon10|move: Light Screen\n|move|p2b: Greninja|Surf|p1b: Grimmsnarl|[spread] p2a,p1a,p1b\n|-supereffective|p1a: Shuckle\n|-damage|p2a: Toxtricity|54\/100\n|-damage|p1a: Shuckle|89\/100\n|-damage|p1b: Grimmsnarl|65\/100\n|move|p2a: Toxtricity|Magnetic Flux|p2a: Toxtricity\n|-boost|p2a: Toxtricity|def|1\n|-boost|p2a: Toxtricity|spd|1\n|move|p1a: Shuckle|Acupressure|p1a: Shuckle\n|-boost|p1a: Shuckle|atk|2\n|\n|-heal|p2a: Toxtricity|60\/100|[from] item: Leftovers\n|upkeep\n|turn|7\n|\n|t:|1696117780\n|switch|p2b: Kommo-o|Kommo-o, M, shiny|100\/100\n|move|p1b: Grimmsnarl|Reflect|p1b: Grimmsnarl\n|-sidestart|p1: Rasenmon10|Reflect\n|move|p2a: Toxtricity|Thunderbolt|p1b: Grimmsnarl\n|-damage|p1b: Grimmsnarl|45\/100\n|move|p1a: Shuckle|Acupressure|p1a: Shuckle\n|-boost|p1a: Shuckle|def|2\n|\n|-heal|p2a: Toxtricity|66\/100|[from] item: Leftovers\n|upkeep\n|turn|8\n|\n|t:|1696117801\n|move|p1b: Grimmsnarl|Parting Shot|p2b: Kommo-o\n|-unboost|p2b: Kommo-o|atk|1\n|-unboost|p2b: Kommo-o|spa|1\n|\n|t:|1696117808\n|switch|p1b: Chansey|Chansey, F|78\/100|[from] Parting Shot\n|move|p2b: Kommo-o|Close Combat|p1a: Shuckle\n|-damage|p1a: Shuckle|80\/100\n|-unboost|p2b: Kommo-o|def|1\n|-unboost|p2b: Kommo-o|spd|1\n|move|p2a: Toxtricity|Sludge Wave|p1a: Shuckle|[spread] p2b,p1a,p1b\n|-crit|p2b: Kommo-o\n|-resisted|p1a: Shuckle\n|-damage|p2b: Kommo-o|13\/100\n|-damage|p1a: Shuckle|77\/100\n|-damage|p1b: Chansey|71\/100\n|move|p1a: Shuckle|Acupressure|p1a: Shuckle\n|-boost|p1a: Shuckle|spa|2\n|\n|-heal|p2a: Toxtricity|72\/100|[from] item: Leftovers\n|upkeep\n|turn|9\n|c|\u2606Rasenmon10|lmao kommo-o almost died there\n|inactive|Rasenmon10 has 120 seconds left.\n|\n|t:|1696117841\n|move|p2b: Kommo-o|Stealth Rock|p1a: Shuckle\n|-sidestart|p1: Rasenmon10|move: Stealth Rock\n|move|p2a: Toxtricity|Nuzzle|p1a: Shuckle\n|-damage|p1a: Shuckle|75\/100\n|-status|p1a: Shuckle|par\n|move|p1b: Chansey|Seismic Toss|p2b: Kommo-o\n|-damage|p2b: Kommo-o|0 fnt\n|faint|p2b: Kommo-o\n|move|p1a: Shuckle|Acupressure|p1a: Shuckle\n|-boost|p1a: Shuckle|spe|2\n|\n|-heal|p2a: Toxtricity|79\/100|[from] item: Leftovers\n|upkeep\n|inactive|Caio o78 has 120 seconds left.\n|\n|t:|1696117861\n|switch|p2b: Chandelure|Chandelure, F, shiny|100\/100\n|turn|10\n|\n|t:|1696117868\n|move|p2b: Chandelure|Calm Mind|p2b: Chandelure\n|-boost|p2b: Chandelure|spa|1\n|-boost|p2b: Chandelure|spd|1\n|move|p2a: Toxtricity|Magnetic Flux|p2a: Toxtricity\n|-boost|p2a: Toxtricity|def|1\n|-boost|p2a: Toxtricity|spd|1\n|move|p1b: Chansey|Seismic Toss|p2a: Toxtricity\n|-damage|p2a: Toxtricity|44\/100\n|move|p1a: Shuckle|Acupressure|p1a: Shuckle\n|-boost|p1a: Shuckle|atk|2\n|\n|-heal|p2a: Toxtricity|50\/100|[from] item: Leftovers\n|-sideend|p1: Rasenmon10|move: Light Screen\n|upkeep\n|turn|11\n|\n|t:|1696117889\n|move|p2b: Chandelure|Fire Blast|p1a: Shuckle\n|-damage|p1a: Shuckle|52\/100 par\n|move|p2a: Toxtricity|Thunderbolt|p1a: Shuckle\n|-damage|p1a: Shuckle|39\/100 par\n|move|p1b: Chansey|Seismic Toss|p2a: Toxtricity\n|-damage|p2a: Toxtricity|16\/100\n|move|p1a: Shuckle|Acupressure|p1a: Shuckle\n|-boost|p1a: Shuckle|evasion|2\n|\n|-heal|p2a: Toxtricity|22\/100|[from] item: Leftovers\n|-sideend|p1: Rasenmon10|Reflect\n|upkeep\n|turn|12\n|\n|t:|1696117912\n|move|p2b: Chandelure|Fire Blast|p1b: Chansey\n|-damage|p1b: Chansey|45\/100\n|move|p2a: Toxtricity|Nuzzle|p1b: Chansey\n|-damage|p1b: Chansey|41\/100\n|-status|p1b: Chansey|par\n|cant|p1b: Chansey|par\n|move|p1a: Shuckle|Rest|p1a: Shuckle\n|-status|p1a: Shuckle|slp|[from] move: Rest\n|-heal|p1a: Shuckle|100\/100 slp|[silent]\n|\n|-heal|p2a: Toxtricity|28\/100|[from] item: Leftovers\n|upkeep\n|turn|13\n|\n|t:|1696117941\n|move|p2b: Chandelure|Fire Blast|p1b: Chansey\n|-damage|p1b: Chansey|13\/100 par\n|move|p2a: Toxtricity|Thunderbolt|p1b: Chansey\n|-damage|p1b: Chansey|0 fnt\n|faint|p1b: Chansey\n|cant|p1a: Shuckle|slp\n|\n|-heal|p2a: Toxtricity|35\/100|[from] item: Leftovers\n|upkeep\n|c|\u2606Rasenmon10|you never heard the saying about shuckle?\n|inactive|Rasenmon10 has 120 seconds left.\n|\n|t:|1696117963\n|switch|p1b: Serperior|Serperior, M, tera:Fire|52\/100 par\n|-damage|p1b: Serperior|27\/100 par|[from] Stealth Rock\n|turn|14\n|\n|t:|1696117976\n|move|p2b: Chandelure|Calm Mind|p2b: Chandelure\n|-boost|p2b: Chandelure|spa|1\n|-boost|p2b: Chandelure|spd|1\n|move|p2a: Toxtricity|Thunderbolt|p1b: Serperior\n|-damage|p1b: Serperior|0 fnt\n|faint|p1b: Serperior\n|cant|p1a: Shuckle|slp\n|\n|-heal|p2a: Toxtricity|41\/100|[from] item: Leftovers\n|upkeep\n|\n|t:|1696117987\n|switch|p1b: Grimmsnarl|Grimmsnarl, M|45\/100\n|-damage|p1b: Grimmsnarl|32\/100|[from] Stealth Rock\n|turn|15\n|\n|t:|1696117999\n|move|p1b: Grimmsnarl|Fake Out|p2a: Toxtricity\n|-damage|p2a: Toxtricity|36\/100\n|move|p2b: Chandelure|Fire Blast|p1a: Shuckle|[miss]\n|-miss|p2b: Chandelure|p1a: Shuckle\n|cant|p2a: Toxtricity|flinch\n|-curestatus|p1a: Shuckle|slp|[msg]\n|move|p1a: Shuckle|Acupressure|p1a: Shuckle\n|-boost|p1a: Shuckle|evasion|2\n|\n|-heal|p2a: Toxtricity|42\/100|[from] item: Leftovers\n|upkeep\n|turn|16\n|\n|t:|1696118020\n|move|p1b: Grimmsnarl|Reflect|p1b: Grimmsnarl\n|-sidestart|p1: Rasenmon10|Reflect\n|move|p2b: Chandelure|Fire Blast|p1a: Shuckle\n|-damage|p1a: Shuckle|65\/100\n|move|p2a: Toxtricity|Nuzzle|p1b: Grimmsnarl\n|-damage|p1b: Grimmsnarl|27\/100\n|-status|p1b: Grimmsnarl|par\n|move|p1a: Shuckle|Acupressure|p1a: Shuckle\n|-boost|p1a: Shuckle|accuracy|2\n|\n|-heal|p2a: Toxtricity|48\/100|[from] item: Leftovers\n|upkeep\n|turn|17\n|\n|t:|1696118040\n|move|p1b: Grimmsnarl|Light Screen|p1b: Grimmsnarl\n|-sidestart|p1: Rasenmon10|move: Light Screen\n|move|p2b: Chandelure|Shadow Ball|p1b: Grimmsnarl\n|-resisted|p1b: Grimmsnarl\n|-damage|p1b: Grimmsnarl|0 fnt\n|faint|p1b: Grimmsnarl\n|move|p2a: Toxtricity|Magnetic Flux|p2a: Toxtricity\n|-boost|p2a: Toxtricity|def|1\n|-boost|p2a: Toxtricity|spd|1\n|move|p1a: Shuckle|Rest|p1a: Shuckle\n|-status|p1a: Shuckle|slp|[from] move: Rest\n|-heal|p1a: Shuckle|100\/100 slp|[silent]\n|\n|-heal|p2a: Toxtricity|54\/100|[from] item: Leftovers\n|upkeep\n|\n|t:|1696118058\n|switch|p1b: Togekiss|Togekiss, M|100\/100\n|-damage|p1b: Togekiss|76\/100|[from] Stealth Rock\n|turn|18\n|\n|t:|1696118067\n|move|p2b: Chandelure|Calm Mind|p2b: Chandelure\n|-boost|p2b: Chandelure|spa|1\n|-boost|p2b: Chandelure|spd|1\n|move|p2a: Toxtricity|Thunderbolt|p1b: Togekiss\n|-supereffective|p1b: Togekiss\n|-damage|p1b: Togekiss|47\/100\n|move|p1b: Togekiss|Psychic|p2a: Toxtricity\n|-supereffective|p2a: Toxtricity\n|-crit|p2a: Toxtricity\n|-damage|p2a: Toxtricity|0 fnt\n|faint|p2a: Toxtricity\n|cant|p1a: Shuckle|slp\n|\n|upkeep\n|\n|t:|1696118082\n|switch|p2a: Greninja|Greninja, M|100\/100\n|turn|19\n|\n|t:|1696118094\n|move|p2a: Greninja|Ice Beam|p1b: Togekiss\n|-supereffective|p1b: Togekiss\n|-damage|p1b: Togekiss|28\/100\n|move|p2b: Chandelure|Calm Mind|p2b: Chandelure\n|-boost|p2b: Chandelure|spa|1\n|-boost|p2b: Chandelure|spd|1\n|move|p1b: Togekiss|Air Slash|p2a: Greninja\n|-crit|p2a: Greninja\n|-damage|p2a: Greninja|6\/100\n|cant|p1a: Shuckle|slp\n|\n|-heal|p2a: Greninja|12\/100|[from] item: Leftovers\n|upkeep\n|turn|20\n|\n|t:|1696118114\n|move|p2a: Greninja|Ice Beam|p1b: Togekiss\n|-supereffective|p1b: Togekiss\n|-damage|p1b: Togekiss|10\/100\n|move|p2b: Chandelure|Calm Mind|p2b: Chandelure\n|-boost|p2b: Chandelure|spa|1\n|-boost|p2b: Chandelure|spd|1\n|move|p1b: Togekiss|Air Slash|p2a: Greninja\n|-damage|p2a: Greninja|0 fnt\n|faint|p2a: Greninja\n|-curestatus|p1a: Shuckle|slp|[msg]\n|move|p1a: Shuckle|Acupressure|p1a: Shuckle\n|-boost|p1a: Shuckle|def|2\n|\n|-sideend|p1: Rasenmon10|Reflect\n|upkeep\n|\n|t:|1696118130\n|switch|p2a: Gliscor|Gliscor, M, shiny|100\/100\n|turn|21\n|\n|t:|1696118159\n|move|p2a: Gliscor|Swords Dance|p2a: Gliscor\n|-boost|p2a: Gliscor|atk|2\n|move|p2b: Chandelure|Shadow Ball|p1b: Togekiss\n|-damage|p1b: Togekiss|0 fnt\n|faint|p1b: Togekiss\n|move|p1a: Shuckle|Acupressure|p1a: Shuckle\n|-boost|p1a: Shuckle|atk|2\n|\n|-sideend|p1: Rasenmon10|move: Light Screen\n|-status|p2a: Gliscor|tox|[from] item: Toxic Orb\n|upkeep\n|inactive|Rasenmon10 has 120 seconds left.\n|\n|t:|1696118170\n|switch|p1b: Infernape|Infernape, M|100\/100\n|-damage|p1b: Infernape|88\/100|[from] Stealth Rock\n|turn|22\n|\n|t:|1696118187\n|move|p1b: Infernape|Knock Off|p2b: Chandelure\n|-supereffective|p2b: Chandelure\n|-damage|p2b: Chandelure|0 fnt\n|-enditem|p2b: Chandelure|Leftovers|[from] move: Knock Off|[of] p1b: Infernape\n|faint|p2b: Chandelure\n|move|p2a: Gliscor|Earthquake|p1b: Infernape|[spread] p1a,p1b\n|-supereffective|p1b: Infernape\n|-damage|p1a: Shuckle|87\/100\n|-damage|p1b: Infernape|0 fnt\n|faint|p1b: Infernape\n|move|p1a: Shuckle|Acupressure|p1a: Shuckle\n|-boost|p1a: Shuckle|def|2\n|\n|upkeep\n|turn|23\n|\n|t:|1696118202\n|move|p2a: Gliscor|Swords Dance|p2a: Gliscor\n|-boost|p2a: Gliscor|atk|2\n|move|p1a: Shuckle|Acupressure|p1a: Shuckle\n|-boost|p1a: Shuckle|evasion|2\n|\n|upkeep\n|turn|24\n|\n|t:|1696118208\n|move|p2a: Gliscor|Swords Dance|p2a: Gliscor\n|-boost|p2a: Gliscor|atk|2\n|move|p1a: Shuckle|Acupressure|p1a: Shuckle\n|-boost|p1a: Shuckle|spe|2\n|\n|upkeep\n|turn|25\n|\n|t:|1696118217\n|move|p2a: Gliscor|Swords Dance|p2a: Gliscor\n|-boost|p2a: Gliscor|atk|0\n|move|p1a: Shuckle|Acupressure|p1a: Shuckle\n|-boost|p1a: Shuckle|spd|2\n|\n|upkeep\n|turn|26\n|\n|t:|1696118226\n|move|p2a: Gliscor|Swords Dance|p2a: Gliscor\n|-boost|p2a: Gliscor|atk|0\n|move|p1a: Shuckle|Acupressure|p1a: Shuckle\n|-boost|p1a: Shuckle|spd|2\n|\n|upkeep\n|turn|27\n|\n|t:|1696118234\n|move|p2a: Gliscor|Earthquake|p1a: Shuckle\n|-damage|p1a: Shuckle|58\/100\n|move|p1a: Shuckle|Acupressure|p1a: Shuckle\n|-boost|p1a: Shuckle|spe|2\n|\n|upkeep\n|turn|28\n|\n|t:|1696118241\n|move|p2a: Gliscor|Earthquake|p1a: Shuckle|[miss]\n|-miss|p2a: Gliscor|p1a: Shuckle\n|move|p1a: Shuckle|Acupressure|p1a: Shuckle\n|-boost|p1a: Shuckle|spa|2\n|\n|upkeep\n|turn|29\n|\n|t:|1696118248\n|move|p2a: Gliscor|Earthquake|p1a: Shuckle\n|-damage|p1a: Shuckle|28\/100\n|move|p1a: Shuckle|Substitute|p1a: Shuckle\n|-start|p1a: Shuckle|Substitute\n|-damage|p1a: Shuckle|3\/100\n|\n|upkeep\n|turn|30\n|\n|t:|1696118258\n|move|p2a: Gliscor|Facade|p1a: Shuckle|[miss]\n|-miss|p2a: Gliscor|p1a: Shuckle\n|move|p1a: Shuckle|Rest|p1a: Shuckle\n|-status|p1a: Shuckle|slp|[from] move: Rest\n|-heal|p1a: Shuckle|100\/100 slp|[silent]\n|\n|upkeep\n|turn|31\n|\n|t:|1696118267\n|move|p2a: Gliscor|Earthquake|p1a: Shuckle|[miss]\n|-miss|p2a: Gliscor|p1a: Shuckle\n|cant|p1a: Shuckle|slp\n|\n|upkeep\n|turn|32\n|\n|t:|1696118276\n|move|p2a: Gliscor|Earthquake|p1a: Shuckle\n|-end|p1a: Shuckle|Substitute\n|cant|p1a: Shuckle|slp\n|\n|upkeep\n|turn|33\n|\n|t:|1696118287\n|move|p2a: Gliscor|Facade|p1a: Shuckle|[miss]\n|-miss|p2a: Gliscor|p1a: Shuckle\n|-curestatus|p1a: Shuckle|slp|[msg]\n|move|p1a: Shuckle|Substitute|p1a: Shuckle\n|-start|p1a: Shuckle|Substitute\n|-damage|p1a: Shuckle|75\/100\n|\n|upkeep\n|turn|34\n|\n|t:|1696118297\n|move|p2a: Gliscor|Facade|p1a: Shuckle\n|-resisted|p1a: Shuckle\n|-activate|p1a: Shuckle|move: Substitute|[damage]\n|move|p1a: Shuckle|Gyro Ball|p2a: Gliscor\n|-damage|p2a: Gliscor|69\/100 tox\n|\n|-heal|p2a: Gliscor|82\/100 tox|[from] ability: Poison Heal\n|upkeep\n|turn|35\n|\n|t:|1696118307\n|move|p2a: Gliscor|Earthquake|p1a: Shuckle\n|-end|p1a: Shuckle|Substitute\n|move|p1a: Shuckle|Gyro Ball|p2a: Gliscor\n|-damage|p2a: Gliscor|48\/100 tox\n|\n|-heal|p2a: Gliscor|61\/100 tox|[from] ability: Poison Heal\n|upkeep\n|turn|36\n|\n|t:|1696118316\n|move|p2a: Gliscor|Earthquake|p1a: Shuckle|[miss]\n|-miss|p2a: Gliscor|p1a: Shuckle\n|move|p1a: Shuckle|Substitute|p1a: Shuckle\n|-start|p1a: Shuckle|Substitute\n|-damage|p1a: Shuckle|50\/100\n|\n|-heal|p2a: Gliscor|73\/100 tox|[from] ability: Poison Heal\n|upkeep\n|turn|37\n|\n|t:|1696118325\n|move|p2a: Gliscor|Earthquake|p1a: Shuckle|[miss]\n|-miss|p2a: Gliscor|p1a: Shuckle\n|move|p1a: Shuckle|Gyro Ball|p2a: Gliscor\n|-damage|p2a: Gliscor|41\/100 tox\n|\n|-heal|p2a: Gliscor|53\/100 tox|[from] ability: Poison Heal\n|upkeep\n|turn|38\n|\n|t:|1696118346\n|move|p2a: Gliscor|Facade|p1a: Shuckle|[miss]\n|-miss|p2a: Gliscor|p1a: Shuckle\n|move|p1a: Shuckle|Gyro Ball|p2a: Gliscor\n|-damage|p2a: Gliscor|23\/100 tox\n|\n|-heal|p2a: Gliscor|36\/100 tox|[from] ability: Poison Heal\n|upkeep\n|turn|39\n|\n|t:|1696118358\n|move|p2a: Gliscor|Roost|p2a: Gliscor\n|-heal|p2a: Gliscor|86\/100 tox\n|-singleturn|p2a: Gliscor|move: Roost\n|move|p1a: Shuckle|Gyro Ball|p2a: Gliscor\n|-damage|p2a: Gliscor|56\/100 tox\n|\n|-heal|p2a: Gliscor|68\/100 tox|[from] ability: Poison Heal\n|upkeep\n|turn|40\n|\n|t:|1696118380\n|move|p2a: Gliscor|Facade|p1a: Shuckle|[miss]\n|-miss|p2a: Gliscor|p1a: Shuckle\n|move|p1a: Shuckle|Gyro Ball|p2a: Gliscor\n|-damage|p2a: Gliscor|34\/100 tox\n|\n|-heal|p2a: Gliscor|47\/100 tox|[from] ability: Poison Heal\n|upkeep\n|turn|41\n|\n|t:|1696118393\n|move|p2a: Gliscor|Facade|p1a: Shuckle|[miss]\n|-miss|p2a: Gliscor|p1a: Shuckle\n|move|p1a: Shuckle|Gyro Ball|p2a: Gliscor\n|-damage|p2a: Gliscor|14\/100 tox\n|\n|-heal|p2a: Gliscor|26\/100 tox|[from] ability: Poison Heal\n|upkeep\n|turn|42\n|\n|t:|1696118404\n|move|p2a: Gliscor|Roost|p2a: Gliscor\n|-heal|p2a: Gliscor|76\/100 tox\n|-singleturn|p2a: Gliscor|move: Roost\n|move|p1a: Shuckle|Gyro Ball|p2a: Gliscor\n|-damage|p2a: Gliscor|47\/100 tox\n|\n|-heal|p2a: Gliscor|59\/100 tox|[from] ability: Poison Heal\n|upkeep\n|turn|43\n|\n|t:|1696118416\n|move|p2a: Gliscor|Facade|p1a: Shuckle|[miss]\n|-miss|p2a: Gliscor|p1a: Shuckle\n|move|p1a: Shuckle|Rest|p1a: Shuckle\n|-status|p1a: Shuckle|slp|[from] move: Rest\n|-heal|p1a: Shuckle|100\/100 slp|[silent]\n|\n|-heal|p2a: Gliscor|71\/100 tox|[from] ability: Poison Heal\n|upkeep\n|turn|44\n|\n|t:|1696118427\n|move|p2a: Gliscor|Earthquake|p1a: Shuckle\n|-end|p1a: Shuckle|Substitute\n|cant|p1a: Shuckle|slp\n|\n|-heal|p2a: Gliscor|84\/100 tox|[from] ability: Poison Heal\n|upkeep\n|turn|45\n|\n|t:|1696118437\n|move|p2a: Gliscor|Facade|p1a: Shuckle|[miss]\n|-miss|p2a: Gliscor|p1a: Shuckle\n|cant|p1a: Shuckle|slp\n|\n|-heal|p2a: Gliscor|96\/100 tox|[from] ability: Poison Heal\n|upkeep\n|turn|46\n|c|\u2606Rasenmon10|lmao\n|\n|t:|1696118445\n|move|p2a: Gliscor|Earthquake|p1a: Shuckle|[miss]\n|-miss|p2a: Gliscor|p1a: Shuckle\n|-curestatus|p1a: Shuckle|slp|[msg]\n|move|p1a: Shuckle|Substitute|p1a: Shuckle\n|-start|p1a: Shuckle|Substitute\n|-damage|p1a: Shuckle|75\/100\n|\n|-heal|p2a: Gliscor|100\/100 tox|[from] ability: Poison Heal\n|upkeep\n|turn|47\n|\n|t:|1696118457\n|move|p2a: Gliscor|Earthquake|p1a: Shuckle|[miss]\n|-miss|p2a: Gliscor|p1a: Shuckle\n|move|p1a: Shuckle|Acupressure||[still]\n|-fail|p1a: Shuckle\n|\n|upkeep\n|turn|48\n|\n|t:|1696118465\n|move|p2a: Gliscor|Earthquake|p1a: Shuckle\n|-end|p1a: Shuckle|Substitute\n|move|p1a: Shuckle|Acupressure||[still]\n|-fail|p1a: Shuckle\n|\n|upkeep\n|turn|49\n|\n|t:|1696118478\n|move|p2a: Gliscor|Earthquake|p1a: Shuckle|[miss]\n|-miss|p2a: Gliscor|p1a: Shuckle\n|move|p1a: Shuckle|Substitute|p1a: Shuckle\n|-start|p1a: Shuckle|Substitute\n|-damage|p1a: Shuckle|50\/100\n|\n|upkeep\n|turn|50\n|\n|t:|1696118491\n|move|p2a: Gliscor|Facade|p1a: Shuckle|[miss]\n|-miss|p2a: Gliscor|p1a: Shuckle\n|move|p1a: Shuckle|Acupressure||[still]\n|-fail|p1a: Shuckle\n|\n|upkeep\n|turn|51\n|\n|t:|1696118499\n|move|p2a: Gliscor|Facade|p1a: Shuckle\n|-resisted|p1a: Shuckle\n|-activate|p1a: Shuckle|move: Substitute|[damage]\n|move|p1a: Shuckle|Acupressure||[still]\n|-fail|p1a: Shuckle\n|\n|upkeep\n|turn|52\n|-message|Caio o78 forfeited.\n|\n|win|Rasenmon10\n|raw|Rasenmon10's rating: 1000 &rarr; <strong>1053<\/strong><br \/>(+53 for winning)\n|raw|Caio o78's rating: 1116 &rarr; <strong>1083<\/strong><br \/>(-33 for losing)\n|l|\u2606Caio o78\n","uploadtime":1696118522,"views":7,"p1id":"rasenmon10","p2id":"caioo78","formatid":"gen9nationaldexdoubles","rating":1053,"private":0,"password":""}