{"id":"gen9nationaldexdoubles-1967021801","p1":"Green133","p2":"JKogut","format":"[Gen 9] National Dex Doubles","log":"|j|\u2606Green133\n|j|\u2606JKogut\n|t:|1697245164\n|gametype|doubles\n|player|p1|Green133|blue|\n|player|p2|JKogut|workerice|\n|teamsize|p1|6\n|teamsize|p2|6\n|gen|9\n|tier|[Gen 9] National Dex Doubles\n|rule|HP Percentage Mod: HP is shown in percentages\n|rule|Endless Battle Clause: Forcing endless battles is banned\n|rule|OHKO Clause: OHKO moves are banned\n|rule|Evasion Moves Clause: Evasion moves are banned\n|rule|Evasion Abilities Clause: Evasion abilities are banned\n|rule|Species Clause: Limit one of each Pok\u00e9mon\n|rule|Gravity Sleep Clause: The combination of sleep-inducing moves with imperfect accuracy and Gravity or Gigantamax Orbeetle are banned\n|clearpoke\n|poke|p1|Rillaboom, F|\n|poke|p1|Lucario, M|\n|poke|p1|Maushold-Four|\n|poke|p1|Ceruledge, M|\n|poke|p1|Torkoal, M|\n|poke|p1|Walking Wake|\n|poke|p2|Lickilicky, M|\n|poke|p2|Skeledirge, F|\n|poke|p2|Kommo-o, F|\n|poke|p2|Kilowattrel, F|\n|poke|p2|Cresselia, F|\n|poke|p2|Grimmsnarl, M|\n|teampreview\n|l|\u2606Green133\n|player|p1|\n|j|\u2606Green133\n|player|p1|Green133|blue\n|\n|t:|1697245236\n|start\n|switch|p1a: Pompeii|Torkoal, M|100\/100\n|switch|p1b: Chop Suey|Walking Wake|100\/100\n|switch|p2a: Alopecia Barbie|Skeledirge, F, shiny|100\/100\n|switch|p2b: Groovy Barbie|Grimmsnarl, M, shiny|100\/100\n|-weather|SunnyDay|[from] ability: Drought|[of] p1a: Pompeii\n|-activate|p1b: Chop Suey|ability: Protosynthesis\n|-start|p1b: Chop Suey|protosynthesisspe\n|turn|1\n|\n|t:|1697245277\n|-terastallize|p2a: Alopecia Barbie|Water\n|move|p1b: Chop Suey|Hydro Steam|p2a: Alopecia Barbie\n|-resisted|p2a: Alopecia Barbie\n|-damage|p2a: Alopecia Barbie|77\/100\n|move|p2a: Alopecia Barbie|Torch Song|p1a: Pompeii\n|-resisted|p1a: Pompeii\n|-damage|p1a: Pompeii|73\/100\n|-boost|p2a: Alopecia Barbie|spa|1\n|move|p2b: Groovy Barbie|Spirit Break|p1a: Pompeii\n|-resisted|p1a: Pompeii\n|-damage|p1a: Pompeii|61\/100\n|-unboost|p1a: Pompeii|spa|1\n|move|p1a: Pompeii|Eruption|p2b: Groovy Barbie|[spread] p2a,p2b\n|-resisted|p2a: Alopecia Barbie\n|-damage|p2a: Alopecia Barbie|62\/100\n|-damage|p2b: Groovy Barbie|75\/100\n|\n|-weather|SunnyDay|[upkeep]\n|-heal|p2a: Alopecia Barbie|68\/100|[from] item: Leftovers\n|-heal|p1a: Pompeii|67\/100|[from] item: Leftovers\n|upkeep\n|turn|2\n|\n|t:|1697245328\n|switch|p1a: Ohio is for Lovers|Maushold-Four|100\/100\n|move|p2b: Groovy Barbie|Light Screen|p2b: Groovy Barbie\n|-sidestart|p2: JKogut|move: Light Screen\n|move|p2a: Alopecia Barbie|Torch Song|p1a: Ohio is for Lovers\n|-damage|p1a: Ohio is for Lovers|11\/100\n|-boost|p2a: Alopecia Barbie|spa|1\n|move|p1b: Chop Suey|Roar|p2a: Alopecia Barbie\n|drag|p2a: Moon God Barbie|Cresselia, F|100\/100\n|\n|-weather|SunnyDay|[upkeep]\n|upkeep\n|turn|3\n|\n|t:|1697245355\n|-end|p1b: Chop Suey|Protosynthesis|[silent]\n|switch|p1b: The Pretender|Lucario, M|100\/100\n|move|p2b: Groovy Barbie|Reflect|p2b: Groovy Barbie\n|-sidestart|p2: JKogut|Reflect\n|move|p1a: Ohio is for Lovers|Beat Up|p1b: The Pretender\n|-resisted|p1b: The Pretender\n|-damage|p1b: The Pretender|99\/100\n|-ability|p1b: The Pretender|Justified|boost\n|-boost|p1b: The Pretender|atk|1\n|-resisted|p1b: The Pretender\n|-damage|p1b: The Pretender|98\/100\n|-ability|p1b: The Pretender|Justified|boost\n|-boost|p1b: The Pretender|atk|1\n|-resisted|p1b: The Pretender\n|-damage|p1b: The Pretender|96\/100\n|-ability|p1b: The Pretender|Justified|boost\n|-boost|p1b: The Pretender|atk|1\n|-resisted|p1b: The Pretender\n|-damage|p1b: The Pretender|95\/100\n|-ability|p1b: The Pretender|Justified|boost\n|-boost|p1b: The Pretender|atk|1\n|-resisted|p1b: The Pretender\n|-damage|p1b: The Pretender|93\/100\n|-ability|p1b: The Pretender|Justified|boost\n|-boost|p1b: The Pretender|atk|1\n|-resisted|p1b: The Pretender\n|-damage|p1b: The Pretender|92\/100\n|-ability|p1b: The Pretender|Justified|boost\n|-boost|p1b: The Pretender|atk|1\n|-hitcount|p1b: The Pretender|6\n|move|p2a: Moon God Barbie|Dazzling Gleam|p1a: Ohio is for Lovers|[spread] p1a,p1b\n|-damage|p1a: Ohio is for Lovers|0 fnt\n|-damage|p1b: The Pretender|78\/100\n|faint|p1a: Ohio is for Lovers\n|\n|-weather|SunnyDay|[upkeep]\n|upkeep\n|\n|t:|1697245384\n|switch|p1a: Clint Eastwood|Rillaboom, F|100\/100\n|-fieldstart|move: Grassy Terrain|[from] ability: Grassy Surge|[of] p1a: Clint Eastwood\n|turn|4\n|\n|t:|1697245486\n|detailschange|p1b: The Pretender|Lucario-Mega, M\n|-mega|p1b: The Pretender|Lucario|Lucarionite\n|move|p1b: The Pretender|Bullet Punch|p2b: Groovy Barbie\n|-supereffective|p2b: Groovy Barbie\n|-damage|p2b: Groovy Barbie|0 fnt\n|faint|p2b: Groovy Barbie\n|move|p2a: Moon God Barbie|Dazzling Gleam|p1a: Clint Eastwood|[spread] p1a,p1b\n|-damage|p1a: Clint Eastwood|94\/100\n|-damage|p1b: The Pretender|60\/100\n|move|p1a: Clint Eastwood|Knock Off|p2a: Moon God Barbie\n|-supereffective|p2a: Moon God Barbie\n|-damage|p2a: Moon God Barbie|76\/100\n|-enditem|p2a: Moon God Barbie|Mental Herb|[from] move: Knock Off|[of] p1a: Clint Eastwood\n|\n|-weather|SunnyDay|[upkeep]\n|-heal|p1b: The Pretender|66\/100|[from] Grassy Terrain\n|-heal|p1a: Clint Eastwood|99\/100|[from] Grassy Terrain\n|upkeep\n|\n|t:|1697245503\n|switch|p2b: Alopecia Barbie|Skeledirge, F, shiny, tera:Water|68\/100\n|turn|5\n|\n|t:|1697245527\n|move|p1a: Clint Eastwood|Grassy Glide|p2b: Alopecia Barbie\n|-supereffective|p2b: Alopecia Barbie\n|-damage|p2b: Alopecia Barbie|34\/100\n|move|p1b: The Pretender|Close Combat|p2b: Alopecia Barbie\n|-damage|p2b: Alopecia Barbie|0 fnt\n|-unboost|p1b: The Pretender|def|1\n|-unboost|p1b: The Pretender|spd|1\n|faint|p2b: Alopecia Barbie\n|move|p2a: Moon God Barbie|Trick Room|p2a: Moon God Barbie\n|-fieldstart|move: Trick Room|[of] p2a: Moon God Barbie\n|\n|-weather|none\n|-heal|p1a: Clint Eastwood|100\/100|[from] Grassy Terrain\n|-heal|p1b: The Pretender|72\/100|[from] Grassy Terrain\n|upkeep\n|\n|t:|1697245573\n|switch|p2b: Curvy Barbie|Lickilicky, M|100\/100\n|-ability|p2b: Curvy Barbie|Cloud Nine\n|turn|6\n|\n|t:|1697245609\n|move|p1a: Clint Eastwood|Grassy Glide|p2b: Curvy Barbie\n|-damage|p2b: Curvy Barbie|85\/100\n|-damage|p1a: Clint Eastwood|84\/100|[from] item: Rocky Helmet|[of] p2b: Curvy Barbie\n|move|p2a: Moon God Barbie|Dazzling Gleam|p1a: Clint Eastwood|[spread] p1a,p1b\n|-crit|p1a: Clint Eastwood\n|-damage|p1a: Clint Eastwood|74\/100\n|-damage|p1b: The Pretender|45\/100\n|move|p1b: The Pretender|Close Combat|p2b: Curvy Barbie\n|-supereffective|p2b: Curvy Barbie\n|-damage|p2b: Curvy Barbie|0 fnt\n|-unboost|p1b: The Pretender|def|1\n|-unboost|p1b: The Pretender|spd|1\n|-damage|p1b: The Pretender|29\/100|[from] item: Rocky Helmet|[of] p2b: Curvy Barbie\n|faint|p2b: Curvy Barbie\n|\n|-heal|p1a: Clint Eastwood|80\/100|[from] Grassy Terrain\n|-heal|p1b: The Pretender|35\/100|[from] Grassy Terrain\n|upkeep\n|\n|t:|1697245628\n|switch|p2b: Pop Star Barbie|Kommo-o, F, shiny|100\/100\n|turn|7\n|\n|t:|1697245662\n|move|p1b: The Pretender|Bullet Punch|p2b: Pop Star Barbie\n|-damage|p2b: Pop Star Barbie|56\/100\n|move|p1a: Clint Eastwood|Knock Off|p2b: Pop Star Barbie\n|-resisted|p2b: Pop Star Barbie\n|-damage|p2b: Pop Star Barbie|50\/100\n|-enditem|p2b: Pop Star Barbie|Assault Vest|[from] move: Knock Off|[of] p1a: Clint Eastwood\n|move|p2a: Moon God Barbie|Dazzling Gleam|p1b: The Pretender|[spread] p1a,p1b\n|-damage|p1a: Clint Eastwood|73\/100\n|-damage|p1b: The Pretender|0 fnt\n|faint|p1b: The Pretender\n|move|p2b: Pop Star Barbie|Breaking Swipe|p1a: Clint Eastwood\n|-damage|p1a: Clint Eastwood|52\/100\n|-unboost|p1a: Clint Eastwood|atk|1\n|\n|-heal|p2b: Pop Star Barbie|56\/100|[from] Grassy Terrain\n|-heal|p1a: Clint Eastwood|58\/100|[from] Grassy Terrain\n|upkeep\n|\n|t:|1697245682\n|switch|p1b: Chop Suey|Walking Wake|100\/100\n|turn|8\n|\n|t:|1697245693\n|switch|p1a: Pompeii|Torkoal, M|67\/100\n|-weather|SunnyDay|[from] ability: Drought|[of] p1a: Pompeii\n|-activate|p1b: Chop Suey|ability: Protosynthesis\n|-start|p1b: Chop Suey|protosynthesisspe\n|-terastallize|p1b: Chop Suey|Fairy\n|move|p2a: Moon God Barbie|Dazzling Gleam|p1a: Pompeii|[spread] p1a,p1b\n|-resisted|p1a: Pompeii\n|-damage|p1a: Pompeii|60\/100\n|-damage|p1b: Chop Suey|89\/100\n|move|p2b: Pop Star Barbie|Breaking Swipe|p1b: Chop Suey|[spread] p1a\n|-immune|p1b: Chop Suey\n|-damage|p1a: Pompeii|47\/100\n|-unboost|p1a: Pompeii|atk|1\n|move|p1b: Chop Suey|Tera Blast|p2b: Pop Star Barbie|[anim] Tera Blast Fairy\n|-supereffective|p2b: Pop Star Barbie\n|-damage|p2b: Pop Star Barbie|0 fnt\n|faint|p2b: Pop Star Barbie\n|\n|-weather|SunnyDay|[upkeep]\n|-heal|p1a: Pompeii|54\/100|[from] Grassy Terrain\n|-heal|p1a: Pompeii|60\/100|[from] item: Leftovers\n|-heal|p1b: Chop Suey|95\/100|[from] Grassy Terrain\n|-fieldend|move: Grassy Terrain\n|upkeep\n|\n|t:|1697245718\n|switch|p2b: \"The Birds\" Barbie|Kilowattrel, F, shiny|100\/100\n|turn|9\n|\n|t:|1697245750\n|move|p2b: \"The Birds\" Barbie|Protect|p2b: \"The Birds\" Barbie\n|-singleturn|p2b: \"The Birds\" Barbie|Protect\n|move|p1a: Pompeii|Heat Wave|p2a: Moon God Barbie|[spread] p2a\n|-activate|p2b: \"The Birds\" Barbie|move: Protect\n|-damage|p2a: Moon God Barbie|61\/100\n|move|p2a: Moon God Barbie|Dazzling Gleam|p1b: Chop Suey|[spread] p1a,p1b\n|-resisted|p1a: Pompeii\n|-damage|p1a: Pompeii|52\/100\n|-damage|p1b: Chop Suey|81\/100\n|move|p1b: Chop Suey|Hydro Steam|p2b: \"The Birds\" Barbie\n|-activate|p2b: \"The Birds\" Barbie|move: Protect\n|\n|-weather|SunnyDay|[upkeep]\n|-heal|p1a: Pompeii|58\/100|[from] item: Leftovers\n|-sideend|p2: JKogut|move: Light Screen\n|-fieldend|move: Trick Room\n|upkeep\n|turn|10\n|\n|t:|1697245778\n|move|p1b: Chop Suey|Hydro Steam|p2b: \"The Birds\" Barbie\n|-damage|p2b: \"The Birds\" Barbie|0 fnt\n|faint|p2b: \"The Birds\" Barbie\n|move|p2a: Moon God Barbie|Dazzling Gleam|p1a: Pompeii|[spread] p1a,p1b\n|-resisted|p1a: Pompeii\n|-crit|p1a: Pompeii\n|-damage|p1a: Pompeii|47\/100\n|-damage|p1b: Chop Suey|70\/100\n|move|p1a: Pompeii|Heat Wave|p2a: Moon God Barbie\n|-damage|p2a: Moon God Barbie|27\/100\n|\n|-weather|SunnyDay|[upkeep]\n|-heal|p1a: Pompeii|53\/100|[from] item: Leftovers\n|-sideend|p2: JKogut|Reflect\n|upkeep\n|turn|11\n|\n|t:|1697245795\n|move|p1b: Chop Suey|Hydro Steam|p2a: Moon God Barbie\n|-damage|p2a: Moon God Barbie|0 fnt\n|faint|p2a: Moon God Barbie\n|\n|win|Green133\n","uploadtime":1697245801,"views":8,"p1id":"green133","p2id":"jkogut","formatid":"gen9nationaldexdoubles","rating":0,"private":0,"password":""}