{"id":"gen9nationaldexdoubles-1950850963","p1":"Schuey_007","p2":"srythatwasu","format":"[Gen 9] National Dex Doubles","log":"|j|\u2606Schuey_007\n|j|\u2606srythatwasu\n|t:|1695512339\n|gametype|doubles\n|player|p1|Schuey_007|benga|1259\n|player|p2|srythatwasu|volo|1141\n|teamsize|p1|6\n|teamsize|p2|6\n|gen|9\n|tier|[Gen 9] National Dex Doubles\n|rated|\n|rule|HP Percentage Mod: HP is shown in percentages\n|rule|Endless Battle Clause: Forcing endless battles is banned\n|rule|OHKO Clause: OHKO moves are banned\n|rule|Evasion Moves Clause: Evasion moves are banned\n|rule|Evasion Abilities Clause: Evasion abilities are banned\n|rule|Species Clause: Limit one of each Pok\u00e9mon\n|rule|Gravity Sleep Clause: The combination of sleep-inducing moves with imperfect accuracy and Gravity or Gigantamax Orbeetle are banned\n|clearpoke\n|poke|p1|Cramorant, F|\n|poke|p1|Gastrodon, M|\n|poke|p1|Grapploct, M|\n|poke|p1|Lurantis, F|\n|poke|p1|Ninetales, F|\n|poke|p1|Houndoom, F|\n|poke|p2|Vikavolt, M|\n|poke|p2|Dusclops, M|\n|poke|p2|Ursaluna-Bloodmoon, M|\n|poke|p2|Conkeldurr, F|\n|poke|p2|Sinistcha-Masterpiece|\n|poke|p2|Charjabug, F|\n|teampreview\n|c|\u2606srythatwasu|glhf\n|\n|t:|1695512365\n|start\n|switch|p1a: Lurantis|Lurantis, F, shiny|100\/100\n|switch|p1b: Grapploct|Grapploct, M, shiny|100\/100\n|switch|p2a: Vikavolt|Vikavolt, M, shiny|100\/100\n|switch|p2b: Dusclops|Dusclops, M|100\/100\n|-ability|p2b: Dusclops|Pressure\n|turn|1\n|\n|t:|1695512378\n|-terastallize|p1a: Lurantis|Fairy\n|move|p2a: Vikavolt|Protect|p2a: Vikavolt\n|-singleturn|p2a: Vikavolt|Protect\n|move|p1a: Lurantis|Leaf Storm|p2b: Dusclops\n|-damage|p2b: Dusclops|84\/100\n|-boost|p1a: Lurantis|spa|2\n|move|p1b: Grapploct|Octazooka|p2a: Vikavolt\n|-activate|p2a: Vikavolt|move: Protect\n|move|p2b: Dusclops|Trick Room|p2b: Dusclops\n|-fieldstart|move: Trick Room|[of] p2b: Dusclops\n|\n|upkeep\n|turn|2\n|\n|t:|1695512402\n|move|p2b: Dusclops|Will-O-Wisp|p1b: Grapploct\n|-status|p1b: Grapploct|brn\n|move|p2a: Vikavolt|Thunderbolt|p1a: Lurantis\n|-damage|p1a: Lurantis|73\/100\n|move|p1b: Grapploct|Octazooka|p2a: Vikavolt\n|-damage|p2a: Vikavolt|85\/100\n|move|p1a: Lurantis|Leaf Storm|p2b: Dusclops\n|-damage|p2b: Dusclops|49\/100\n|-boost|p1a: Lurantis|spa|2\n|\n|-damage|p1b: Grapploct|95\/100 brn|[from] brn\n|upkeep\n|turn|3\n|\n|t:|1695512422\n|move|p2b: Dusclops|Pain Split|p1b: Grapploct\n|-sethp|p1b: Grapploct|70\/100 brn|[from] move: Pain Split|[silent]\n|-sethp|p2b: Dusclops|74\/100|[from] move: Pain Split\n|move|p2a: Vikavolt|Thunderbolt|p1a: Lurantis\n|-damage|p1a: Lurantis|44\/100\n|move|p1b: Grapploct|Octolock|p1a: Lurantis\n|-start|p1a: Lurantis|move: Octolock|[of] p1b: Grapploct\n|move|p1a: Lurantis|Giga Drain|p2b: Dusclops\n|-damage|p2b: Dusclops|42\/100\n|-heal|p1a: Lurantis|58\/100|[from] drain|[of] p2b: Dusclops\n|\n|-heal|p1b: Grapploct|76\/100 brn|[from] item: Leftovers\n|-damage|p1b: Grapploct|70\/100 brn|[from] brn\n|-boost|p1a: Lurantis|def|1\n|-boost|p1a: Lurantis|spd|1\n|upkeep\n|turn|4\n|\n|t:|1695512476\n|move|p1b: Grapploct|Protect|p1b: Grapploct\n|-singleturn|p1b: Grapploct|Protect\n|move|p2b: Dusclops|Night Shade|p1a: Lurantis\n|-damage|p1a: Lurantis|29\/100\n|move|p2a: Vikavolt|Thunderbolt|p1a: Lurantis\n|-damage|p1a: Lurantis|9\/100\n|move|p1a: Lurantis|Giga Drain|p2b: Dusclops\n|-damage|p2b: Dusclops|11\/100\n|-heal|p1a: Lurantis|21\/100|[from] drain|[of] p2b: Dusclops\n|\n|-heal|p1b: Grapploct|76\/100 brn|[from] item: Leftovers\n|-damage|p1b: Grapploct|70\/100 brn|[from] brn\n|-boost|p1a: Lurantis|def|1\n|-boost|p1a: Lurantis|spd|1\n|upkeep\n|turn|5\n|\n|t:|1695512498\n|move|p2b: Dusclops|Pain Split|p1b: Grapploct\n|-sethp|p1b: Grapploct|40\/100 brn|[from] move: Pain Split|[silent]\n|-sethp|p2b: Dusclops|43\/100|[from] move: Pain Split\n|move|p2a: Vikavolt|Thunderbolt|p1a: Lurantis\n|-damage|p1a: Lurantis|6\/100\n|move|p1b: Grapploct|Octazooka|p2a: Vikavolt\n|-crit|p2a: Vikavolt\n|-damage|p2a: Vikavolt|63\/100\n|move|p1a: Lurantis|Giga Drain|p2b: Dusclops\n|-damage|p2b: Dusclops|13\/100\n|-heal|p1a: Lurantis|18\/100|[from] drain|[of] p2b: Dusclops\n|\n|-heal|p1b: Grapploct|46\/100 brn|[from] item: Leftovers\n|-damage|p1b: Grapploct|40\/100 brn|[from] brn\n|-boost|p1a: Lurantis|def|1\n|-boost|p1a: Lurantis|spd|1\n|-fieldend|move: Trick Room\n|upkeep\n|turn|6\n|\n|t:|1695512520\n|move|p1a: Lurantis|Giga Drain|p2b: Dusclops\n|-damage|p2b: Dusclops|0 fnt\n|-heal|p1a: Lurantis|23\/100|[from] drain|[of] p2b: Dusclops\n|faint|p2b: Dusclops\n|move|p1b: Grapploct|Octazooka|p2a: Vikavolt|[miss]\n|-miss|p1b: Grapploct|p2a: Vikavolt\n|move|p2a: Vikavolt|Thunderbolt|p1a: Lurantis\n|-damage|p1a: Lurantis|12\/100\n|\n|-heal|p1b: Grapploct|46\/100 brn|[from] item: Leftovers\n|-damage|p1b: Grapploct|40\/100 brn|[from] brn\n|-boost|p1a: Lurantis|def|1\n|-boost|p1a: Lurantis|spd|1\n|upkeep\n|\n|t:|1695512536\n|switch|p2b: Sinistcha|Sinistcha-Masterpiece|100\/100\n|-heal|p2a: Vikavolt|88\/100|[from] ability: Hospitality|[of] p2b: Sinistcha\n|turn|7\n|\n|t:|1695512571\n|move|p2a: Vikavolt|Protect|p2a: Vikavolt\n|-singleturn|p2a: Vikavolt|Protect\n|move|p1a: Lurantis|Pollen Puff|p2b: Sinistcha\n|-damage|p2b: Sinistcha|43\/100\n|move|p1b: Grapploct|Octolock|p2a: Vikavolt\n|-activate|p2a: Vikavolt|move: Protect\n|move|p2b: Sinistcha|Trick Room|p2b: Sinistcha\n|-fieldstart|move: Trick Room|[of] p2b: Sinistcha\n|\n|-heal|p1b: Grapploct|46\/100 brn|[from] item: Leftovers\n|-damage|p1b: Grapploct|40\/100 brn|[from] brn\n|-boost|p1a: Lurantis|def|1\n|-boost|p1a: Lurantis|spd|1\n|upkeep\n|turn|8\n|\n|t:|1695512588\n|move|p2a: Vikavolt|Thunderbolt|p1a: Lurantis\n|-damage|p1a: Lurantis|4\/100\n|move|p1b: Grapploct|Octazooka|p2a: Vikavolt\n|-damage|p2a: Vikavolt|73\/100\n|move|p1a: Lurantis|Giga Drain|p2b: Sinistcha|[miss]\n|-miss|p1a: Lurantis|p2b: Sinistcha\n|move|p2b: Sinistcha|Matcha Gotcha|p1b: Grapploct|[spread] p1a,p1b\n|-damage|p1a: Lurantis|0 fnt\n|-heal|p2b: Sinistcha|45\/100|[from] drain|[of] p1a: Lurantis\n|-damage|p1b: Grapploct|15\/100 brn\n|-heal|p2b: Sinistcha|56\/100|[from] drain|[of] p1b: Grapploct\n|faint|p1a: Lurantis\n|\n|-heal|p1b: Grapploct|21\/100 brn|[from] item: Leftovers\n|-damage|p1b: Grapploct|15\/100 brn|[from] brn\n|upkeep\n|\n|t:|1695512603\n|switch|p1a: Ninetales|Ninetales, F|100\/100\n|-weather|SunnyDay|[from] ability: Drought|[of] p1a: Ninetales\n|turn|9\n|\n|t:|1695512611\n|-terastallize|p2a: Vikavolt|Water\n|move|p2a: Vikavolt|Thunderbolt|p1a: Ninetales\n|-damage|p1a: Ninetales|36\/100\n|move|p1b: Grapploct|Octazooka|p2a: Vikavolt\n|-resisted|p2a: Vikavolt\n|-damage|p2a: Vikavolt|69\/100\n|move|p2b: Sinistcha|Reflect|p2b: Sinistcha\n|-sidestart|p2: srythatwasu|Reflect\n|move|p1a: Ninetales|Fire Blast|p2b: Sinistcha\n|-supereffective|p2b: Sinistcha\n|-crit|p2b: Sinistcha\n|-damage|p2b: Sinistcha|0 fnt\n|faint|p2b: Sinistcha\n|\n|-weather|SunnyDay|[upkeep]\n|-heal|p1b: Grapploct|21\/100 brn|[from] item: Leftovers\n|-damage|p1b: Grapploct|15\/100 brn|[from] brn\n|upkeep\n|\n|t:|1695512625\n|switch|p2b: Charjabug|Charjabug, F|100\/100\n|turn|10\n|\n|t:|1695512635\n|move|p2b: Charjabug|Protect|p2b: Charjabug\n|-singleturn|p2b: Charjabug|Protect\n|move|p2a: Vikavolt|Thunderbolt|p1a: Ninetales\n|-damage|p1a: Ninetales|0 fnt\n|faint|p1a: Ninetales\n|move|p1b: Grapploct|Octolock|p2b: Charjabug\n|-activate|p2b: Charjabug|move: Protect\n|\n|-weather|SunnyDay|[upkeep]\n|-heal|p1b: Grapploct|21\/100 brn|[from] item: Leftovers\n|-damage|p1b: Grapploct|15\/100 brn|[from] brn\n|upkeep\n|\n|t:|1695512664\n|switch|p1a: Cramorant|Cramorant, F, shiny|100\/100\n|turn|11\n|\n|t:|1695512698\n|move|p2b: Charjabug|Substitute|p2b: Charjabug\n|-start|p2b: Charjabug|Substitute\n|-damage|p2b: Charjabug|76\/100\n|move|p2a: Vikavolt|Thunderbolt|p1a: Cramorant\n|-supereffective|p1a: Cramorant\n|-damage|p1a: Cramorant|0 fnt\n|faint|p1a: Cramorant\n|move|p1b: Grapploct|Octazooka|p2a: Vikavolt\n|-resisted|p2a: Vikavolt\n|-damage|p2a: Vikavolt|66\/100\n|\n|-weather|SunnyDay|[upkeep]\n|-heal|p1b: Grapploct|21\/100 brn|[from] item: Leftovers\n|-damage|p1b: Grapploct|15\/100 brn|[from] brn\n|-fieldend|move: Trick Room\n|upkeep\n|\n|t:|1695512708\n|switch|p1a: Gastrodon|Gastrodon, M|100\/100\n|turn|12\n|\n|t:|1695512730\n|move|p2b: Charjabug|Protect|p2b: Charjabug\n|-singleturn|p2b: Charjabug|Protect\n|move|p1b: Grapploct|Octazooka|p1a: Gastrodon\n|-activate|p1a: Gastrodon|ability: Storm Drain\n|-ability|p1a: Gastrodon|Storm Drain|boost\n|-boost|p1a: Gastrodon|spa|1\n|move|p1a: Gastrodon|Earth Power|p2b: Charjabug\n|-activate|p2b: Charjabug|move: Protect\n|move|p2a: Vikavolt|Energy Ball|p1a: Gastrodon\n|-supereffective|p1a: Gastrodon\n|-damage|p1a: Gastrodon|0 fnt\n|faint|p1a: Gastrodon\n|\n|-weather|SunnyDay|[upkeep]\n|-heal|p1b: Grapploct|21\/100 brn|[from] item: Leftovers\n|-damage|p1b: Grapploct|15\/100 brn|[from] brn\n|upkeep\n|\n|t:|1695512739\n|switch|p1a: Houndoom|Houndoom, F|100\/100\n|turn|13\n|\n|t:|1695512752\n|detailschange|p1a: Houndoom|Houndoom-Mega, F\n|-mega|p1a: Houndoom|Houndoom|Houndoominite\n|move|p2b: Charjabug|Protect||[still]\n|-fail|p2b: Charjabug\n|move|p1a: Houndoom|Heat Wave|p2b: Charjabug|[spread] p2a,p2b\n|-supereffective|p2b: Charjabug\n|-end|p2b: Charjabug|Substitute\n|-resisted|p2a: Vikavolt\n|-damage|p2a: Vikavolt|12\/100\n|move|p1b: Grapploct|Octazooka|p2a: Vikavolt|[miss]\n|-miss|p1b: Grapploct|p2a: Vikavolt\n|move|p2a: Vikavolt|Bug Buzz|p1a: Houndoom\n|-damage|p1a: Houndoom|2\/100\n|\n|-weather|none\n|-heal|p1b: Grapploct|21\/100 brn|[from] item: Leftovers\n|-damage|p1b: Grapploct|15\/100 brn|[from] brn\n|-sideend|p2: srythatwasu|Reflect\n|upkeep\n|turn|14\n|\n|t:|1695512771\n|move|p2a: Vikavolt|Protect|p2a: Vikavolt\n|-singleturn|p2a: Vikavolt|Protect\n|move|p2b: Charjabug|Protect|p2b: Charjabug\n|-singleturn|p2b: Charjabug|Protect\n|move|p1a: Houndoom|Heat Wave|p2b: Charjabug|[spread] \n|-activate|p2a: Vikavolt|move: Protect\n|-activate|p2b: Charjabug|move: Protect\n|move|p1b: Grapploct|Octazooka|p2a: Vikavolt\n|-activate|p2a: Vikavolt|move: Protect\n|\n|-heal|p1b: Grapploct|21\/100 brn|[from] item: Leftovers\n|-damage|p1b: Grapploct|15\/100 brn|[from] brn\n|upkeep\n|turn|15\n|\n|t:|1695512813\n|move|p1a: Houndoom|Heat Wave|p2b: Charjabug|[spread] p2a,p2b\n|-resisted|p2a: Vikavolt\n|-supereffective|p2b: Charjabug\n|-damage|p2a: Vikavolt|0 fnt\n|-damage|p2b: Charjabug|9\/100\n|faint|p2a: Vikavolt\n|move|p1b: Grapploct|Octazooka|p2b: Charjabug\n|-damage|p2b: Charjabug|0 fnt\n|faint|p2b: Charjabug\n|\n|-heal|p1b: Grapploct|21\/100 brn|[from] item: Leftovers\n|-damage|p1b: Grapploct|15\/100 brn|[from] brn\n|upkeep\n|\n|t:|1695512823\n|switch|p2a: Conkeldurr|Conkeldurr, F|100\/100\n|switch|p2b: Ursaluna|Ursaluna-Bloodmoon, M|100\/100\n|turn|16\n|\n|t:|1695512834\n|move|p1a: Houndoom|Heat Wave|p2b: Ursaluna|[spread] p2b\n|-miss|p1a: Houndoom|p2a: Conkeldurr\n|-damage|p2b: Ursaluna|54\/100\n|-status|p2b: Ursaluna|brn\n|move|p1b: Grapploct|Octazooka|p2a: Conkeldurr\n|-damage|p2a: Conkeldurr|85\/100\n|move|p2b: Ursaluna|Earth Power|p1a: Houndoom\n|-supereffective|p1a: Houndoom\n|-damage|p1a: Houndoom|0 fnt\n|faint|p1a: Houndoom\n|move|p2a: Conkeldurr|Drain Punch|p1b: Grapploct\n|-damage|p1b: Grapploct|0 fnt\n|-heal|p2a: Conkeldurr|90\/100|[from] drain|[of] p1b: Grapploct\n|faint|p1b: Grapploct\n|\n|win|srythatwasu\n|raw|Schuey_007's rating: 1259 &rarr; <strong>1226<\/strong><br \/>(-33 for losing)\n|raw|srythatwasu's rating: 1141 &rarr; <strong>1174<\/strong><br \/>(+33 for winning)\n|c|\u2606srythatwasu|gg\n|l|\u2606Schuey_007\n","uploadtime":1695512855,"views":14,"p1id":"schuey007","p2id":"srythatwasu","formatid":"gen9nationaldexdoubles","rating":1174,"private":0,"password":""}