{"id":"gen9nationaldexdoubles-1950078631","p1":"kingspeed51","p2":"highlandbooch","format":"[Gen 9] National Dex Doubles","log":"|j|\u2606kingspeed51\n|j|\u2606highlandbooch\n|t:|1695423759\n|gametype|doubles\n|player|p1|kingspeed51|2|1177\n|player|p2|highlandbooch|byron|1127\n|teamsize|p1|6\n|teamsize|p2|6\n|gen|9\n|tier|[Gen 9] National Dex Doubles\n|rated|\n|rule|HP Percentage Mod: HP is shown in percentages\n|rule|Endless Battle Clause: Forcing endless battles is banned\n|rule|OHKO Clause: OHKO moves are banned\n|rule|Evasion Moves Clause: Evasion moves are banned\n|rule|Evasion Abilities Clause: Evasion abilities are banned\n|rule|Species Clause: Limit one of each Pok\u00e9mon\n|rule|Gravity Sleep Clause: The combination of sleep-inducing moves with imperfect accuracy and Gravity or Gigantamax Orbeetle are banned\n|clearpoke\n|poke|p1|Iron Treads|\n|poke|p1|Dragonite, M|\n|poke|p1|Milotic, M|\n|poke|p1|Sinistcha|\n|poke|p1|Klefki, F|\n|poke|p1|Chansey, F|\n|poke|p2|Grimmsnarl, M|\n|poke|p2|Celesteela|\n|poke|p2|Ambipom, M|\n|poke|p2|Diancie|\n|poke|p2|Conkeldurr, M|\n|poke|p2|Ursaluna-Bloodmoon, M|\n|teampreview\n|\n|t:|1695423770\n|start\n|switch|p1a: Klefki|Klefki, F|100\/100\n|switch|p1b: Dragonite|Dragonite, M|100\/100\n|switch|p2a: Diancie|Diancie|100\/100\n|switch|p2b: Conkeldurr|Conkeldurr, M|100\/100\n|turn|1\n|\n|t:|1695423792\n|detailschange|p2a: Diancie|Diancie-Mega\n|-mega|p2a: Diancie|Diancie|Diancite\n|-terastallize|p1b: Dragonite|Normal\n|move|p1b: Dragonite|Extreme Speed|p2a: Diancie\n|-resisted|p2a: Diancie\n|-damage|p2a: Diancie|71\/100\n|-damage|p1b: Dragonite|91\/100|[from] item: Life Orb\n|move|p1a: Klefki|Light Screen|p1a: Klefki\n|-sidestart|p1: kingspeed51|move: Light Screen\n|move|p2a: Diancie|Stealth Rock|p1b: Dragonite\n|-sidestart|p1: kingspeed51|move: Stealth Rock\n|move|p2b: Conkeldurr|Bulk Up|p2b: Conkeldurr\n|-boost|p2b: Conkeldurr|atk|1\n|-boost|p2b: Conkeldurr|def|1\n|\n|upkeep\n|turn|2\n|\n|t:|1695423813\n|move|p1a: Klefki|Reflect|p1a: Klefki\n|-sidestart|p1: kingspeed51|Reflect\n|move|p1b: Dragonite|Dual Wingbeat|p2b: Conkeldurr\n|-supereffective|p2b: Conkeldurr\n|-damage|p2b: Conkeldurr|66\/100\n|-supereffective|p2b: Conkeldurr\n|-damage|p2b: Conkeldurr|35\/100\n|-hitcount|p2b: Conkeldurr|2\n|-damage|p1b: Dragonite|81\/100|[from] item: Life Orb\n|move|p2a: Diancie|Spikes|p1b: Dragonite\n|-sidestart|p1: kingspeed51|Spikes\n|move|p2b: Conkeldurr|Fire Punch|p1a: Klefki\n|-supereffective|p1a: Klefki\n|-damage|p1a: Klefki|19\/100\n|\n|upkeep\n|turn|3\n|\n|t:|1695423835\n|move|p1b: Dragonite|Extreme Speed|p2b: Conkeldurr\n|-damage|p2b: Conkeldurr|1\/100\n|-damage|p1b: Dragonite|71\/100|[from] item: Life Orb\n|move|p2a: Diancie|Dazzling Gleam|p1b: Dragonite|[spread] p1a,p1b\n|-resisted|p1a: Klefki\n|-damage|p1a: Klefki|9\/100\n|-damage|p1b: Dragonite|48\/100\n|move|p1a: Klefki|Dazzling Gleam|p2b: Conkeldurr|[spread] p2a,p2b\n|-supereffective|p2b: Conkeldurr\n|-damage|p2a: Diancie|54\/100\n|-damage|p2b: Conkeldurr|0 fnt\n|faint|p2b: Conkeldurr\n|\n|upkeep\n|\n|t:|1695423850\n|switch|p2b: Grimmsnarl|Grimmsnarl, M|100\/100\n|turn|4\n|\n|t:|1695423859\n|move|p1b: Dragonite|Extreme Speed|p2a: Diancie\n|-resisted|p2a: Diancie\n|-damage|p2a: Diancie|22\/100\n|-damage|p1b: Dragonite|38\/100|[from] item: Life Orb\n|move|p2b: Grimmsnarl|Reflect|p2b: Grimmsnarl\n|-sidestart|p2: highlandbooch|Reflect\n|move|p2a: Diancie|Spikes|p1b: Dragonite\n|-sidestart|p1: kingspeed51|Spikes\n|move|p1a: Klefki|Dazzling Gleam|p2a: Diancie|[spread] p2a,p2b\n|-supereffective|p2b: Grimmsnarl\n|-damage|p2a: Diancie|6\/100\n|-damage|p2b: Grimmsnarl|76\/100\n|\n|upkeep\n|turn|5\n|\n|t:|1695423885\n|move|p1b: Dragonite|Extreme Speed|p2a: Diancie\n|-resisted|p2a: Diancie\n|-damage|p2a: Diancie|0 fnt\n|faint|p2a: Diancie\n|-damage|p1b: Dragonite|28\/100|[from] item: Life Orb\n|move|p2b: Grimmsnarl|Light Screen|p2b: Grimmsnarl\n|-sidestart|p2: highlandbooch|move: Light Screen\n|move|p1a: Klefki|Dazzling Gleam|p2b: Grimmsnarl\n|-supereffective|p2b: Grimmsnarl\n|-damage|p2b: Grimmsnarl|54\/100\n|\n|upkeep\n|\n|t:|1695423899\n|switch|p2a: Ursaluna|Ursaluna-Bloodmoon, M|100\/100\n|turn|6\n|\n|t:|1695423912\n|move|p1b: Dragonite|Dual Wingbeat|p2a: Ursaluna\n|-damage|p2a: Ursaluna|89\/100\n|-damage|p2a: Ursaluna|76\/100\n|-hitcount|p2a: Ursaluna|2\n|-damage|p1b: Dragonite|18\/100|[from] item: Life Orb\n|move|p1a: Klefki|Dazzling Gleam|p2a: Ursaluna|[spread] p2a,p2b\n|-supereffective|p2b: Grimmsnarl\n|-damage|p2a: Ursaluna|62\/100\n|-damage|p2b: Grimmsnarl|36\/100\n|move|p2b: Grimmsnarl|Power Whip|p1a: Klefki\n|-resisted|p1a: Klefki\n|-crit|p1a: Klefki\n|-damage|p1a: Klefki|0 fnt\n|faint|p1a: Klefki\n|move|p2a: Ursaluna|Calm Mind|p2a: Ursaluna\n|-boost|p2a: Ursaluna|spa|1\n|-boost|p2a: Ursaluna|spd|1\n|\n|upkeep\n|\n|t:|1695423929\n|switch|p1a: Milotic|Milotic, M|100\/100\n|-damage|p1a: Milotic|88\/100|[from] Stealth Rock\n|-damage|p1a: Milotic|72\/100|[from] Spikes\n|turn|7\n|\n|t:|1695423944\n|move|p1b: Dragonite|Extreme Speed|p2a: Ursaluna\n|-damage|p2a: Ursaluna|36\/100\n|-damage|p1b: Dragonite|9\/100|[from] item: Life Orb\n|move|p1a: Milotic|Scald|p2a: Ursaluna\n|-supereffective|p2a: Ursaluna\n|-damage|p2a: Ursaluna|7\/100\n|move|p2b: Grimmsnarl|Power Whip|p1a: Milotic\n|-supereffective|p1a: Milotic\n|-damage|p1a: Milotic|36\/100\n|move|p2a: Ursaluna|Hyper Voice|p1b: Dragonite|[spread] p1a,p1b\n|-damage|p1a: Milotic|0 fnt\n|-damage|p1b: Dragonite|0 fnt\n|faint|p1a: Milotic\n|faint|p1b: Dragonite\n|-damage|p2a: Ursaluna|0 fnt|[from] item: Life Orb\n|faint|p2a: Ursaluna\n|\n|upkeep\n|\n|t:|1695423964\n|switch|p1b: Sinistcha|Sinistcha|100\/100\n|switch|p1a: Iron Treads|Iron Treads|100\/100\n|switch|p2a: Ambipom|Ambipom, M|100\/100\n|-damage|p1a: Iron Treads|97\/100|[from] Stealth Rock\n|-damage|p1a: Iron Treads|81\/100|[from] Spikes\n|-damage|p1b: Sinistcha|88\/100|[from] Stealth Rock\n|-damage|p1b: Sinistcha|72\/100|[from] Spikes\n|-heal|p1a: Iron Treads|100\/100|[from] ability: Hospitality|[of] p1b: Sinistcha\n|-enditem|p1a: Iron Treads|Booster Energy\n|-activate|p1a: Iron Treads|ability: Quark Drive|[fromitem]\n|-start|p1a: Iron Treads|quarkdrivespe\n|turn|8\n|\n|t:|1695423999\n|move|p1b: Sinistcha|Protect|p1b: Sinistcha\n|-singleturn|p1b: Sinistcha|Protect\n|move|p2a: Ambipom|Fake Out|p1a: Iron Treads\n|-resisted|p1a: Iron Treads\n|-damage|p1a: Iron Treads|92\/100\n|move|p2b: Grimmsnarl|Thunder Wave|p1b: Sinistcha\n|-activate|p1b: Sinistcha|move: Protect\n|cant|p1a: Iron Treads|flinch\n|\n|-sideend|p1: kingspeed51|move: Light Screen\n|upkeep\n|turn|9\n|\n|t:|1695424036\n|move|p1a: Iron Treads|Earthquake|p2a: Ambipom|[spread] p1b,p2a,p2b\n|-resisted|p1b: Sinistcha\n|-damage|p1b: Sinistcha|60\/100\n|-damage|p2a: Ambipom|62\/100\n|-damage|p2b: Grimmsnarl|8\/100\n|move|p2a: Ambipom|Foul Play|p1a: Iron Treads\n|-crit|p1a: Iron Treads\n|-damage|p1a: Iron Treads|53\/100\n|move|p1b: Sinistcha|Matcha Gotcha|p2a: Ambipom|[spread] p2a,p2b\n|-damage|p2a: Ambipom|37\/100\n|-heal|p1b: Sinistcha|71\/100|[from] drain|[of] p2a: Ambipom\n|-damage|p2b: Grimmsnarl|0 fnt\n|-heal|p1b: Sinistcha|75\/100|[from] drain|[of] p2b: Grimmsnarl\n|faint|p2b: Grimmsnarl\n|\n|-sideend|p1: kingspeed51|Reflect\n|upkeep\n|\n|t:|1695424053\n|switch|p2b: Celesteela|Celesteela|100\/100\n|turn|10\n|\n|t:|1695424070\n|move|p1a: Iron Treads|Knock Off|p2a: Ambipom\n|-damage|p2a: Ambipom|2\/100\n|-enditem|p2a: Ambipom|Loaded Dice|[from] move: Knock Off|[of] p1a: Iron Treads\n|move|p2a: Ambipom|Tail Slap|p1a: Iron Treads\n|-resisted|p1a: Iron Treads\n|-damage|p1a: Iron Treads|46\/100\n|-resisted|p1a: Iron Treads\n|-damage|p1a: Iron Treads|39\/100\n|-hitcount|p1a: Iron Treads|2\n|move|p1b: Sinistcha|Scald|p2b: Celesteela\n|-damage|p2b: Celesteela|88\/100\n|move|p2b: Celesteela|Toxic|p1b: Sinistcha\n|-status|p1b: Sinistcha|tox\n|\n|-heal|p2b: Celesteela|94\/100|[from] item: Leftovers\n|-damage|p1b: Sinistcha|69\/100 tox|[from] psn\n|upkeep\n|turn|11\n|\n|t:|1695424098\n|move|p1a: Iron Treads|Knock Off|p2b: Celesteela\n|-damage|p2b: Celesteela|82\/100\n|-enditem|p2b: Celesteela|Leftovers|[from] move: Knock Off|[of] p1a: Iron Treads\n|move|p2a: Ambipom|Tail Slap|p1a: Iron Treads\n|-resisted|p1a: Iron Treads\n|-damage|p1a: Iron Treads|32\/100\n|-resisted|p1a: Iron Treads\n|-damage|p1a: Iron Treads|24\/100\n|-hitcount|p1a: Iron Treads|2\n|move|p1b: Sinistcha|Matcha Gotcha|p2b: Celesteela|[spread] p2a,p2b\n|-resisted|p2b: Celesteela\n|-damage|p2a: Ambipom|0 fnt\n|-heal|p1b: Sinistcha|69\/100 tox|[from] drain|[of] p2a: Ambipom\n|-damage|p2b: Celesteela|79\/100\n|-heal|p1b: Sinistcha|71\/100 tox|[from] drain|[of] p2b: Celesteela\n|faint|p2a: Ambipom\n|move|p2b: Celesteela|Toxic|p1a: Iron Treads\n|-immune|p1a: Iron Treads\n|\n|-damage|p1b: Sinistcha|59\/100 tox|[from] psn\n|-sideend|p2: highlandbooch|Reflect\n|upkeep\n|turn|12\n|\n|t:|1695424121\n|switch|p1b: Chansey|Chansey, F|100\/100\n|-damage|p1b: Chansey|88\/100|[from] Stealth Rock\n|-damage|p1b: Chansey|71\/100|[from] Spikes\n|move|p2b: Celesteela|Protect|p2b: Celesteela\n|-singleturn|p2b: Celesteela|Protect\n|move|p1a: Iron Treads|Ice Spinner|p2b: Celesteela\n|-activate|p2b: Celesteela|move: Protect\n|\n|-sideend|p2: highlandbooch|move: Light Screen\n|upkeep\n|turn|13\n|\n|t:|1695424140\n|move|p1a: Iron Treads|Ice Spinner|p2b: Celesteela\n|-damage|p2b: Celesteela|64\/100\n|move|p2b: Celesteela|Leech Seed|p1a: Iron Treads\n|-start|p1a: Iron Treads|move: Leech Seed\n|move|p1b: Chansey|Aromatherapy|p1b: Chansey\n|-activate|p1b: Chansey|move: Aromatherapy\n|-curestatus|p1: Sinistcha|tox|[msg]\n|\n|-damage|p1a: Iron Treads|12\/100|[from] Leech Seed|[of] p2b: Celesteela\n|-heal|p2b: Celesteela|74\/100|[silent]\n|upkeep\n|turn|14\n|\n|t:|1695424159\n|move|p1a: Iron Treads|Knock Off|p2b: Celesteela\n|-damage|p2b: Celesteela|61\/100\n|move|p2b: Celesteela|Ingrain|p2b: Celesteela\n|-start|p2b: Celesteela|move: Ingrain\n|move|p1b: Chansey|Seismic Toss|p2b: Celesteela\n|-damage|p2b: Celesteela|36\/100\n|\n|-heal|p2b: Celesteela|42\/100|[from] Ingrain\n|-damage|p1a: Iron Treads|0 fnt|[from] Leech Seed|[of] p2b: Celesteela\n|-heal|p2b: Celesteela|51\/100|[silent]\n|faint|p1a: Iron Treads\n|-end|p1a: Iron Treads|Quark Drive|[silent]\n|upkeep\n|\n|t:|1695424169\n|switch|p1a: Sinistcha|Sinistcha|59\/100\n|-damage|p1a: Sinistcha|47\/100|[from] Stealth Rock\n|-damage|p1a: Sinistcha|30\/100|[from] Spikes\n|-heal|p1b: Chansey|96\/100|[from] ability: Hospitality|[of] p1a: Sinistcha\n|turn|15\n|\n|t:|1695424179\n|move|p2b: Celesteela|Protect|p2b: Celesteela\n|-singleturn|p2b: Celesteela|Protect\n|move|p1a: Sinistcha|Scald|p2b: Celesteela\n|-activate|p2b: Celesteela|move: Protect\n|move|p1b: Chansey|Seismic Toss|p2b: Celesteela\n|-activate|p2b: Celesteela|move: Protect\n|\n|-heal|p2b: Celesteela|57\/100|[from] Ingrain\n|upkeep\n|turn|16\n|\n|t:|1695424196\n|move|p1a: Sinistcha|Scald|p2b: Celesteela\n|-damage|p2b: Celesteela|37\/100\n|-status|p2b: Celesteela|brn\n|move|p2b: Celesteela|Leech Seed|p1b: Chansey\n|-start|p1b: Chansey|move: Leech Seed\n|move|p1b: Chansey|Seismic Toss|p2b: Celesteela\n|-damage|p2b: Celesteela|12\/100 brn\n|\n|-heal|p2b: Celesteela|18\/100 brn|[from] Ingrain\n|-damage|p1b: Chansey|84\/100|[from] Leech Seed|[of] p2b: Celesteela\n|-heal|p2b: Celesteela|40\/100 brn|[silent]\n|-damage|p2b: Celesteela|34\/100 brn|[from] brn\n|upkeep\n|turn|17\n|\n|t:|1695424213\n|move|p1a: Sinistcha|Protect|p1a: Sinistcha\n|-singleturn|p1a: Sinistcha|Protect\n|move|p2b: Celesteela|Protect|p2b: Celesteela\n|-singleturn|p2b: Celesteela|Protect\n|move|p1b: Chansey|Seismic Toss|p2b: Celesteela\n|-activate|p2b: Celesteela|move: Protect\n|\n|-heal|p2b: Celesteela|40\/100 brn|[from] Ingrain\n|-damage|p1b: Chansey|71\/100|[from] Leech Seed|[of] p2b: Celesteela\n|-heal|p2b: Celesteela|62\/100 brn|[silent]\n|-damage|p2b: Celesteela|56\/100 brn|[from] brn\n|upkeep\n|turn|18\n|\n|t:|1695424235\n|move|p1a: Sinistcha|Scald|p2b: Celesteela\n|-damage|p2b: Celesteela|36\/100 brn\n|move|p2b: Celesteela|Toxic|p1b: Chansey\n|-status|p1b: Chansey|tox\n|move|p1b: Chansey|Seismic Toss|p2b: Celesteela\n|-damage|p2b: Celesteela|11\/100 brn\n|\n|-heal|p2b: Celesteela|17\/100 brn|[from] Ingrain\n|-damage|p1b: Chansey|59\/100 tox|[from] Leech Seed|[of] p2b: Celesteela\n|-heal|p2b: Celesteela|39\/100 brn|[silent]\n|-damage|p1b: Chansey|53\/100 tox|[from] psn\n|-damage|p2b: Celesteela|33\/100 brn|[from] brn\n|upkeep\n|turn|19\n|\n|t:|1695424252\n|move|p2b: Celesteela|Protect|p2b: Celesteela\n|-singleturn|p2b: Celesteela|Protect\n|move|p1a: Sinistcha|Scald|p2b: Celesteela\n|-activate|p2b: Celesteela|move: Protect\n|move|p1b: Chansey|Aromatherapy|p1b: Chansey\n|-activate|p1b: Chansey|move: Aromatherapy\n|-curestatus|p1b: Chansey|tox|[msg]\n|\n|-heal|p2b: Celesteela|39\/100 brn|[from] Ingrain\n|-damage|p1b: Chansey|40\/100|[from] Leech Seed|[of] p2b: Celesteela\n|-heal|p2b: Celesteela|61\/100 brn|[silent]\n|-damage|p2b: Celesteela|55\/100 brn|[from] brn\n|upkeep\n|turn|20\n|\n|t:|1695424271\n|move|p1a: Sinistcha|Scald|p2b: Celesteela\n|-damage|p2b: Celesteela|35\/100 brn\n|move|p2b: Celesteela|Toxic|p1b: Chansey|[miss]\n|-miss|p2b: Celesteela|p1b: Chansey\n|move|p1b: Chansey|Soft-Boiled|p1b: Chansey\n|-heal|p1b: Chansey|90\/100\n|\n|-heal|p2b: Celesteela|41\/100 brn|[from] Ingrain\n|-damage|p1b: Chansey|78\/100|[from] Leech Seed|[of] p2b: Celesteela\n|-heal|p2b: Celesteela|63\/100 brn|[silent]\n|-damage|p2b: Celesteela|57\/100 brn|[from] brn\n|upkeep\n|turn|21\n|\n|t:|1695424291\n|move|p1a: Sinistcha|Scald|p2b: Celesteela\n|-damage|p2b: Celesteela|38\/100 brn\n|move|p2b: Celesteela|Toxic|p1a: Sinistcha\n|-status|p1a: Sinistcha|tox\n|move|p1b: Chansey|Seismic Toss|p2b: Celesteela\n|-damage|p2b: Celesteela|13\/100 brn\n|\n|-heal|p2b: Celesteela|19\/100 brn|[from] Ingrain\n|-damage|p1b: Chansey|65\/100|[from] Leech Seed|[of] p2b: Celesteela\n|-heal|p2b: Celesteela|41\/100 brn|[silent]\n|-damage|p1a: Sinistcha|24\/100 tox|[from] psn\n|-damage|p2b: Celesteela|35\/100 brn|[from] brn\n|upkeep\n|turn|22\n|\n|t:|1695424318\n|move|p1a: Sinistcha|Scald|p2b: Celesteela\n|-damage|p2b: Celesteela|17\/100 brn\n|move|p2b: Celesteela|Toxic|p1b: Chansey\n|-status|p1b: Chansey|tox\n|move|p1b: Chansey|Seismic Toss|p2b: Celesteela\n|-damage|p2b: Celesteela|0 fnt\n|faint|p2b: Celesteela\n|\n|win|kingspeed51\n|raw|kingspeed51's rating: 1177 &rarr; <strong>1198<\/strong><br \/>(+21 for winning)\n|raw|highlandbooch's rating: 1127 &rarr; <strong>1106<\/strong><br \/>(-21 for losing)\n|c|\u2606kingspeed51|gg\n","uploadtime":1695424331,"views":9,"p1id":"kingspeed51","p2id":"highlandbooch","formatid":"gen9nationaldexdoubles","rating":1106,"private":0,"password":""}