{"id":"gen9nationaldexdoubles-1984716219","p1":"fumbari 24","p2":"ratpacker","format":"[Gen 9] National Dex Doubles","log":"|j|\u2606fumbari 24\n|j|\u2606ratpacker\n|t:|1699293228\n|gametype|doubles\n|player|p1|fumbari 24|hilbert|1464\n|player|p2|ratpacker|twins|1637\n|teamsize|p1|6\n|teamsize|p2|6\n|gen|9\n|tier|[Gen 9] National Dex Doubles\n|rated|\n|rule|HP Percentage Mod: HP is shown in percentages\n|rule|Endless Battle Clause: Forcing endless battles is banned\n|rule|OHKO Clause: OHKO moves are banned\n|rule|Evasion Moves Clause: Evasion moves are banned\n|rule|Evasion Abilities Clause: Evasion abilities are banned\n|rule|Species Clause: Limit one of each Pok\u00e9mon\n|rule|Gravity Sleep Clause: The combination of sleep-inducing moves with imperfect accuracy and Gravity or Gigantamax Orbeetle are banned\n|clearpoke\n|poke|p1|Corviknight, M|\n|poke|p1|Tapu Koko|\n|poke|p1|Heracross, M|\n|poke|p1|Gastrodon, M|\n|poke|p1|Wyrdeer, M|\n|poke|p1|Sableye, M|\n|poke|p2|Ninetales-Alola, F|\n|poke|p2|Kyurem-Black|\n|poke|p2|Ogerpon-Hearthflame, F|\n|poke|p2|Blastoise, M|\n|poke|p2|Metagross|\n|poke|p2|Tornadus, M|\n|teampreview\n|inactive|Battle timer is ON: inactive players will automatically lose when time's up. (requested by ratpacker)\n|inactive|ratpacker has 120 seconds left.\n|\n|t:|1699293278\n|start\n|switch|p1a: Silva|Corviknight, M, shiny|100\/100\n|switch|p1b: Yami|Sableye, M|100\/100\n|switch|p2a: Ninetales|Ninetales-Alola, F|100\/100\n|switch|p2b: Kyurem|Kyurem-Black|100\/100\n|-weather|Snow|[from] ability: Snow Warning|[of] p2a: Ninetales\n|-ability|p2b: Kyurem|Teravolt\n|turn|1\n|\n|t:|1699293294\n|-terastallize|p2b: Kyurem|Fire\n|move|p1b: Yami|Quash|p2a: Ninetales\n|-activate|p2a: Ninetales|move: Quash\n|move|p2b: Kyurem|Dragon Dance|p2b: Kyurem\n|-boost|p2b: Kyurem|atk|1\n|-boost|p2b: Kyurem|spe|1\n|move|p1a: Silva|Iron Head|p2a: Ninetales\n|-supereffective|p2a: Ninetales\n|-enditem|p2a: Ninetales|Focus Sash\n|-damage|p2a: Ninetales|1\/100\n|cant|p2a: Ninetales|flinch\n|\n|-weather|Snow|[upkeep]\n|upkeep\n|turn|2\n|\n|t:|1699293315\n|switch|p2a: Blastoise|Blastoise, M|100\/100\n|move|p2b: Kyurem|Protect|p2b: Kyurem\n|-singleturn|p2b: Kyurem|Protect\n|move|p1b: Yami|Encore|p2b: Kyurem\n|-activate|p2b: Kyurem|move: Protect\n|move|p1a: Silva|Tailwind|p1a: Silva\n|-sidestart|p1: fumbari 24|move: Tailwind\n|\n|-weather|Snow|[upkeep]\n|upkeep\n|turn|3\n|\n|t:|1699293325\n|move|p2a: Blastoise|Follow Me|p2a: Blastoise\n|-singleturn|p2a: Blastoise|move: Follow Me\n|move|p1b: Yami|Encore|p2a: Blastoise\n|-start|p2a: Blastoise|Encore\n|move|p2b: Kyurem|Icicle Spear|p1b: Yami\n|-damage|p1b: Yami|70\/100\n|-damage|p1b: Yami|43\/100\n|-damage|p1b: Yami|14\/100\n|-damage|p1b: Yami|0 fnt\n|faint|p1b: Yami\n|-hitcount|p1: Yami|4\n|move|p1a: Silva|Iron Head|p2a: Blastoise\n|-resisted|p2a: Blastoise\n|-damage|p2a: Blastoise|87\/100\n|\n|-weather|Snow|[upkeep]\n|upkeep\n|\n|t:|1699293342\n|switch|p1b: Raijin|Tapu Koko, shiny|100\/100\n|-fieldstart|move: Electric Terrain|[from] ability: Electric Surge|[of] p1b: Raijin\n|turn|4\n|\n|t:|1699293364\n|switch|p1a: Shelldon|Gastrodon, M|100\/100\n|switch|p2a: Ogerpon|Ogerpon-Hearthflame, F|100\/100\n|-ability|p2a: Ogerpon|Mold Breaker\n|-terastallize|p1b: Raijin|Electric\n|move|p1b: Raijin|Discharge|p2a: Ogerpon|[spread] p2a,p2b\n|-immune|p1a: Shelldon\n|-resisted|p2a: Ogerpon\n|-damage|p2a: Ogerpon|63\/100\n|-damage|p2b: Kyurem|46\/100\n|move|p2b: Kyurem|Icicle Spear|p1b: Raijin\n|-crit|p1b: Raijin\n|-damage|p1b: Raijin|57\/100\n|-damage|p1b: Raijin|30\/100\n|-damage|p1b: Raijin|0 fnt\n|faint|p1b: Raijin\n|-hitcount|p1: Raijin|3\n|\n|-weather|Snow|[upkeep]\n|upkeep\n|inactive|fumbari 24 has 120 seconds left.\n|\n|t:|1699293384\n|switch|p1b: Heracles|Heracross, M|100\/100\n|turn|5\n|\n|t:|1699293398\n|detailschange|p1b: Heracles|Heracross-Mega, M\n|-mega|p1b: Heracles|Heracross|Heracronite\n|move|p2b: Kyurem|Protect|p2b: Kyurem\n|-singleturn|p2b: Kyurem|Protect\n|move|p1b: Heracles|Pin Missile|p2a: Ogerpon\n|-damage|p2a: Ogerpon|40\/100\n|-damage|p2a: Ogerpon|16\/100\n|-damage|p2a: Ogerpon|0 fnt\n|faint|p2a: Ogerpon\n|-hitcount|p2: Ogerpon|3\n|-zpower|p1a: Shelldon\n|move|p1a: Shelldon|Tectonic Rage|p2b: Kyurem|[zeffect]\n|-supereffective|p2b: Kyurem\n|-zbroken|p2b: Kyurem\n|-damage|p2b: Kyurem|16\/100\n|\n|-weather|none\n|-sideend|p1: fumbari 24|move: Tailwind\n|upkeep\n|\n|t:|1699293421\n|switch|p2a: Ninetales|Ninetales-Alola, F|1\/100\n|-weather|Snow|[from] ability: Snow Warning|[of] p2a: Ninetales\n|turn|6\n|\n|t:|1699293428\n|move|p2b: Kyurem|Icicle Spear|p1b: Heracles\n|-damage|p1b: Heracles|80\/100\n|-damage|p1b: Heracles|59\/100\n|-damage|p1b: Heracles|41\/100\n|-damage|p1b: Heracles|20\/100\n|-damage|p1b: Heracles|0 fnt\n|faint|p1b: Heracles\n|-hitcount|p1: Heracles|5\n|move|p2a: Ninetales|Aurora Veil|p2a: Ninetales\n|-sidestart|p2: ratpacker|move: Aurora Veil\n|move|p1a: Shelldon|Earth Power|p2b: Kyurem\n|-supereffective|p2b: Kyurem\n|-damage|p2b: Kyurem|0 fnt\n|faint|p2b: Kyurem\n|\n|-weather|Snow|[upkeep]\n|upkeep\n|\n|t:|1699293443\n|switch|p2b: Metagross|Metagross|100\/100\n|switch|p1b: Stoick|Wyrdeer, M|100\/100\n|-ability|p1b: Stoick|Intimidate|boost\n|-unboost|p2a: Ninetales|atk|1\n|-fail|p2b: Metagross|unboost|[from] ability: Clear Body|[of] p2b: Metagross\n|turn|7\n|\n|t:|1699293457\n|detailschange|p2b: Metagross|Metagross-Mega\n|-mega|p2b: Metagross|Metagross|Metagrossite\n|move|p1a: Shelldon|Protect|p1a: Shelldon\n|-singleturn|p1a: Shelldon|Protect\n|move|p2a: Ninetales|Moonblast|p1a: Shelldon\n|-activate|p1a: Shelldon|move: Protect\n|move|p2b: Metagross|Zen Headbutt|p1a: Shelldon\n|-activate|p1a: Shelldon|move: Protect\n|move|p1b: Stoick|Trick Room|p1b: Stoick\n|-fieldstart|move: Trick Room|[of] p1b: Stoick\n|\n|-weather|Snow|[upkeep]\n|upkeep\n|turn|8\n|\n|t:|1699293472\n|move|p1a: Shelldon|Earth Power|p2b: Metagross\n|-supereffective|p2b: Metagross\n|-crit|p2b: Metagross\n|-damage|p2b: Metagross|0 fnt\n|faint|p2b: Metagross\n|move|p1b: Stoick|Tera Blast|p2a: Ninetales\n|-damage|p2a: Ninetales|0 fnt\n|faint|p2a: Ninetales\n|\n|-weather|Snow|[upkeep]\n|-fieldend|move: Electric Terrain\n|upkeep\n|\n|t:|1699293492\n|switch|p2b: Blastoise|Blastoise, M|87\/100\n|switch|p2a: Tornadus|Tornadus, M|100\/100\n|turn|9\n|\n|t:|1699293507\n|move|p2b: Blastoise|Fake Out|p1a: Shelldon\n|-damage|p1a: Shelldon|94\/100\n|cant|p1a: Shelldon|flinch\n|move|p1b: Stoick|Imprison|p1b: Stoick\n|-start|p1b: Stoick|move: Imprison\n|move|p2a: Tornadus|Bleakwind Storm|p1b: Stoick|[spread] p1a,p1b\n|-crit|p1a: Shelldon\n|-damage|p1a: Shelldon|36\/100\n|-damage|p1b: Stoick|63\/100\n|-unboost|p1b: Stoick|spe|1\n|\n|-weather|Snow|[upkeep]\n|upkeep\n|turn|10\n|\n|t:|1699293524\n|move|p2b: Blastoise|Follow Me|p2b: Blastoise\n|-singleturn|p2b: Blastoise|move: Follow Me\n|move|p1b: Stoick|Tera Blast|p2b: Blastoise\n|-damage|p2b: Blastoise|69\/100\n|move|p1a: Shelldon|Recover|p1a: Shelldon\n|-heal|p1a: Shelldon|86\/100\n|move|p2a: Tornadus|Bleakwind Storm|p1b: Stoick|[spread] p1a,p1b\n|-damage|p1a: Shelldon|49\/100\n|-damage|p1b: Stoick|25\/100\n|-enditem|p1b: Stoick|Sitrus Berry|[eat]\n|-heal|p1b: Stoick|50\/100|[from] item: Sitrus Berry\n|\n|-weather|none\n|-sideend|p2: ratpacker|move: Aurora Veil\n|upkeep\n|turn|11\n|\n|t:|1699293541\n|move|p2b: Blastoise|Follow Me|p2b: Blastoise\n|-singleturn|p2b: Blastoise|move: Follow Me\n|move|p1b: Stoick|Tera Blast|p2b: Blastoise\n|-damage|p2b: Blastoise|43\/100\n|-enditem|p2b: Blastoise|Sitrus Berry|[eat]\n|-heal|p2b: Blastoise|68\/100|[from] item: Sitrus Berry\n|move|p1a: Shelldon|Recover|p1a: Shelldon\n|-heal|p1a: Shelldon|99\/100\n|move|p2a: Tornadus|Bleakwind Storm|p1b: Stoick|[spread] p1a\n|-miss|p2a: Tornadus|p1b: Stoick\n|-damage|p1a: Shelldon|61\/100\n|-unboost|p1a: Shelldon|spe|1\n|\n|-fieldend|move: Trick Room\n|upkeep\n|turn|12\n|\n|t:|1699293556\n|move|p1a: Shelldon|Protect|p1a: Shelldon\n|-singleturn|p1a: Shelldon|Protect\n|move|p2b: Blastoise|Follow Me|p2b: Blastoise\n|-singleturn|p2b: Blastoise|move: Follow Me\n|move|p2a: Tornadus|Bleakwind Storm|p1b: Stoick|[spread] p1b\n|-activate|p1a: Shelldon|move: Protect\n|-damage|p1b: Stoick|12\/100\n|-unboost|p1b: Stoick|spe|1\n|move|p1b: Stoick|Trick Room|p1b: Stoick\n|-fieldstart|move: Trick Room|[of] p1b: Stoick\n|\n|upkeep\n|turn|13\n|\n|t:|1699293567\n|move|p2b: Blastoise|Follow Me|p2b: Blastoise\n|-singleturn|p2b: Blastoise|move: Follow Me\n|move|p1b: Stoick|Tera Blast|p2b: Blastoise\n|-damage|p2b: Blastoise|42\/100\n|move|p1a: Shelldon|Earth Power|p2b: Blastoise\n|-damage|p2b: Blastoise|9\/100\n|move|p2a: Tornadus|Bleakwind Storm|p1b: Stoick|[spread] p1a,p1b\n|-damage|p1a: Shelldon|22\/100\n|-damage|p1b: Stoick|0 fnt\n|-unboost|p1a: Shelldon|spe|1\n|faint|p1b: Stoick\n|\n|upkeep\n|\n|t:|1699293578\n|switch|p1b: Silva|Corviknight, M, shiny|100\/100\n|turn|14\n|\n|t:|1699293587\n|move|p2b: Blastoise|Follow Me|p2b: Blastoise\n|-singleturn|p2b: Blastoise|move: Follow Me\n|move|p1a: Shelldon|Recover|p1a: Shelldon\n|-heal|p1a: Shelldon|72\/100\n|move|p1b: Silva|Brave Bird|p2b: Blastoise\n|-damage|p2b: Blastoise|0 fnt\n|faint|p2b: Blastoise\n|-damage|p1b: Silva|98\/100|[from] Recoil\n|-zpower|p2a: Tornadus\n|move|p2a: Tornadus|Inferno Overdrive|p1b: Silva|[zeffect]\n|-supereffective|p1b: Silva\n|-damage|p1b: Silva|0 fnt\n|faint|p1b: Silva\n|\n|upkeep\n|turn|15\n|\n|t:|1699293604\n|move|p1a: Shelldon|Ice Beam|p2a: Tornadus\n|-supereffective|p2a: Tornadus\n|-damage|p2a: Tornadus|40\/100\n|move|p2a: Tornadus|Heat Wave|p1a: Shelldon|[miss]\n|-miss|p2a: Tornadus|p1a: Shelldon\n|\n|upkeep\n|turn|16\n|\n|t:|1699293610\n|move|p2a: Tornadus|Protect|p2a: Tornadus\n|-singleturn|p2a: Tornadus|Protect\n|move|p1a: Shelldon|Ice Beam|p2a: Tornadus\n|-activate|p2a: Tornadus|move: Protect\n|\n|-fieldend|move: Trick Room\n|upkeep\n|turn|17\n|\n|t:|1699293617\n|move|p2a: Tornadus|Bleakwind Storm|p1a: Shelldon\n|-damage|p1a: Shelldon|19\/100\n|-unboost|p1a: Shelldon|spe|1\n|move|p1a: Shelldon|Ice Beam|p2a: Tornadus\n|-supereffective|p2a: Tornadus\n|-damage|p2a: Tornadus|0 fnt\n|faint|p2a: Tornadus\n|\n|win|fumbari 24\n|raw|fumbari 24's rating: 1464 &rarr; <strong>1493<\/strong><br \/>(+29 for winning)\n|raw|ratpacker's rating: 1637 &rarr; <strong>1608<\/strong><br \/>(-29 for losing)\n|l|\u2606ratpacker\n","uploadtime":1699293629,"views":14,"p1id":"fumbari24","p2id":"ratpacker","formatid":"gen9nationaldexdoubles","rating":1493,"private":0,"password":""}