{"id":"gen9nationaldexdoubles-1985306869","p1":"Escavaknight","p2":"psng","format":"[Gen 9] National Dex Doubles","log":"|j|\u2606Escavaknight\n|j|\u2606psng\n|t:|1699362663\n|gametype|doubles\n|player|p1|Escavaknight|plasmagrunt-gen5bw|1276\n|player|p2|psng|wallace|1322\n|teamsize|p1|6\n|teamsize|p2|6\n|gen|9\n|tier|[Gen 9] National Dex Doubles\n|rated|\n|rule|HP Percentage Mod: HP is shown in percentages\n|rule|Endless Battle Clause: Forcing endless battles is banned\n|rule|OHKO Clause: OHKO moves are banned\n|rule|Evasion Moves Clause: Evasion moves are banned\n|rule|Evasion Abilities Clause: Evasion abilities are banned\n|rule|Species Clause: Limit one of each Pok\u00e9mon\n|rule|Gravity Sleep Clause: The combination of sleep-inducing moves with imperfect accuracy and Gravity or Gigantamax Orbeetle are banned\n|clearpoke\n|poke|p1|Heatran, F|\n|poke|p1|Rillaboom, F|\n|poke|p1|Slowking-Galar, M|\n|poke|p1|Glastrier|\n|poke|p1|Dragonite, F|\n|poke|p1|Chien-Pao|\n|poke|p2|Chien-Pao|\n|poke|p2|Zapdos|\n|poke|p2|Pelipper, M|\n|poke|p2|Swampert, F|\n|poke|p2|Klefki, M|\n|poke|p2|Sinistcha|\n|teampreview\n|inactive|Battle timer is ON: inactive players will automatically lose when time's up. (requested by psng)\n|\n|t:|1699362680\n|start\n|switch|p1a: Rillaboom|Rillaboom, F|100\/100\n|switch|p1b: Slowking|Slowking-Galar, M|100\/100\n|switch|p2a: Zapdos|Zapdos, shiny|100\/100\n|switch|p2b: Pelipper|Pelipper, M, shiny|100\/100\n|-weather|RainDance|[from] ability: Drizzle|[of] p2b: Pelipper\n|-fieldstart|move: Grassy Terrain|[from] ability: Grassy Surge|[of] p1a: Rillaboom\n|turn|1\n|\n|t:|1699362699\n|move|p1a: Rillaboom|Fake Out|p2a: Zapdos\n|-damage|p2a: Zapdos|91\/100\n|-damage|p1a: Rillaboom|84\/100|[from] item: Rocky Helmet|[of] p2a: Zapdos\n|cant|p2a: Zapdos|flinch\n|move|p2b: Pelipper|Hurricane|p1b: Slowking\n|-damage|p1b: Slowking|69\/100\n|-start|p1b: Slowking|confusion\n|-activate|p1b: Slowking|confusion\n|-damage|p1b: Slowking|63\/100|[from] confusion\n|\n|-weather|RainDance|[upkeep]\n|-heal|p1a: Rillaboom|90\/100|[from] Grassy Terrain\n|-heal|p1b: Slowking|69\/100|[from] Grassy Terrain\n|upkeep\n|turn|2\n|\n|t:|1699362718\n|move|p2a: Zapdos|Hurricane|p1a: Rillaboom\n|-supereffective|p1a: Rillaboom\n|-damage|p1a: Rillaboom|22\/100\n|move|p2b: Pelipper|Hurricane|p1b: Slowking\n|-damage|p1b: Slowking|37\/100\n|move|p1a: Rillaboom|U-turn|p2a: Zapdos\n|-resisted|p2a: Zapdos\n|-damage|p2a: Zapdos|82\/100\n|-damage|p1a: Rillaboom|5\/100|[from] item: Rocky Helmet|[of] p2a: Zapdos\n|\n|t:|1699362725\n|switch|p1a: Glastrier|Glastrier|100\/100|[from] U-turn\n|-activate|p1b: Slowking|confusion\n|-damage|p1b: Slowking|32\/100|[from] confusion\n|\n|-weather|RainDance|[upkeep]\n|-heal|p1b: Slowking|38\/100|[from] Grassy Terrain\n|upkeep\n|turn|3\n|inactive|psng has 120 seconds left.\n|\n|t:|1699362778\n|switch|p2a: Klefki|Klefki, M, shiny|100\/100\n|move|p2b: Pelipper|Tailwind|p2b: Pelipper\n|-sidestart|p2: psng|move: Tailwind\n|move|p1a: Glastrier|Icicle Crash|p2a: Klefki\n|-resisted|p2a: Klefki\n|-damage|p2a: Klefki|55\/100\n|-activate|p1b: Slowking|confusion\n|move|p1b: Slowking|Chilly Reception|p1b: Slowking\n|-weather|Snow\n|\n|t:|1699362789\n|switch|p1b: Dragonite|Dragonite, F|100\/100|[from] Chilly Reception\n|\n|-weather|Snow|[upkeep]\n|-heal|p2a: Klefki|61\/100|[from] Grassy Terrain\n|upkeep\n|turn|4\n|\n|t:|1699362805\n|switch|p2b: Sinistcha|Sinistcha, shiny|100\/100\n|-heal|p2a: Klefki|86\/100|[from] ability: Hospitality|[of] p2b: Sinistcha\n|move|p2a: Klefki|Reflect|p2a: Klefki\n|-sidestart|p2: psng|Reflect\n|move|p1b: Dragonite|Fire Punch|p2a: Klefki\n|-supereffective|p2a: Klefki\n|-damage|p2a: Klefki|39\/100\n|move|p1a: Glastrier|Icicle Crash|p2b: Sinistcha|[miss]\n|-miss|p1a: Glastrier|p2b: Sinistcha\n|\n|-weather|Snow|[upkeep]\n|-heal|p2a: Klefki|45\/100|[from] Grassy Terrain\n|upkeep\n|turn|5\n|\n|t:|1699362826\n|switch|p2b: Pelipper|Pelipper, M, shiny|100\/100\n|-weather|RainDance|[from] ability: Drizzle|[of] p2b: Pelipper\n|-terastallize|p1b: Dragonite|Normal\n|move|p1b: Dragonite|Extreme Speed|p2a: Klefki\n|-resisted|p2a: Klefki\n|-damage|p2a: Klefki|22\/100\n|move|p2a: Klefki|Steel Beam|p1a: Glastrier\n|-supereffective|p1a: Glastrier\n|-damage|p1a: Glastrier|12\/100\n|-damage|p2a: Klefki|0 fnt|[from] steelbeam\n|faint|p2a: Klefki\n|move|p1a: Glastrier|Icicle Crash|p2b: Pelipper|[miss]\n|-miss|p1a: Glastrier|p2b: Pelipper\n|\n|-weather|RainDance|[upkeep]\n|-heal|p1a: Glastrier|19\/100|[from] Grassy Terrain\n|-fieldend|move: Grassy Terrain\n|upkeep\n|inactive|psng has 120 seconds left.\n|\n|t:|1699362844\n|switch|p2a: Chien-Pao|Chien-Pao|100\/100\n|-ability|p2a: Chien-Pao|Sword of Ruin\n|turn|6\n|\n|t:|1699362865\n|move|p2a: Chien-Pao|Sacred Sword|p1b: Dragonite\n|-supereffective|p1b: Dragonite\n|-damage|p1b: Dragonite|0 fnt\n|faint|p1b: Dragonite\n|-damage|p2a: Chien-Pao|91\/100|[from] item: Life Orb\n|move|p2b: Pelipper|Scald|p1a: Glastrier\n|-damage|p1a: Glastrier|0 fnt\n|faint|p1a: Glastrier\n|\n|-weather|RainDance|[upkeep]\n|-sideend|p2: psng|move: Tailwind\n|upkeep\n|\n|t:|1699362880\n|switch|p1b: Heatran|Heatran, F|100\/100\n|switch|p1a: Rillaboom|Rillaboom, F|5\/100\n|-fieldstart|move: Grassy Terrain|[from] ability: Grassy Surge|[of] p1a: Rillaboom\n|turn|7\n|\n|t:|1699362895\n|move|p1a: Rillaboom|Fake Out|p2b: Pelipper\n|-damage|p2b: Pelipper|85\/100\n|move|p2a: Chien-Pao|Sucker Punch||[still]\n|-fail|p2a: Chien-Pao\n|cant|p2b: Pelipper|flinch\n|move|p1b: Heatran|Heat Wave|p2a: Chien-Pao|[spread] p2a,p2b\n|-supereffective|p2a: Chien-Pao\n|-resisted|p2b: Pelipper\n|-damage|p2a: Chien-Pao|29\/100\n|-damage|p2b: Pelipper|69\/100\n|\n|-weather|RainDance|[upkeep]\n|-heal|p2a: Chien-Pao|35\/100|[from] Grassy Terrain\n|-heal|p1a: Rillaboom|11\/100|[from] Grassy Terrain\n|upkeep\n|turn|8\n|\n|t:|1699362916\n|move|p2a: Chien-Pao|Sucker Punch|p1a: Rillaboom\n|-damage|p1a: Rillaboom|0 fnt\n|faint|p1a: Rillaboom\n|-damage|p2a: Chien-Pao|25\/100|[from] item: Life Orb\n|move|p2b: Pelipper|Scald|p1b: Heatran\n|-supereffective|p1b: Heatran\n|-damage|p1b: Heatran|13\/100\n|move|p1b: Heatran|Substitute|p1b: Heatran\n|-fail|p1b: Heatran|move: Substitute|[weak]\n|\n|-weather|RainDance|[upkeep]\n|-heal|p2a: Chien-Pao|31\/100|[from] Grassy Terrain\n|-heal|p1b: Heatran|19\/100|[from] Grassy Terrain\n|-heal|p1b: Heatran|25\/100|[from] item: Leftovers\n|upkeep\n|\n|t:|1699362924\n|switch|p1a: Chien-Pao|Chien-Pao|100\/100\n|-ability|p1a: Chien-Pao|Sword of Ruin\n|turn|9\n|\n|t:|1699362934\n|move|p2a: Chien-Pao|Protect|p2a: Chien-Pao\n|-singleturn|p2a: Chien-Pao|Protect\n|move|p1b: Heatran|Protect|p1b: Heatran\n|-singleturn|p1b: Heatran|Protect\n|move|p1a: Chien-Pao|Sacred Sword|p2a: Chien-Pao\n|-activate|p2a: Chien-Pao|move: Protect\n|move|p2b: Pelipper|Tailwind|p2b: Pelipper\n|-sidestart|p2: psng|move: Tailwind\n|\n|-weather|none\n|-heal|p2a: Chien-Pao|37\/100|[from] Grassy Terrain\n|-heal|p1b: Heatran|32\/100|[from] Grassy Terrain\n|-heal|p1b: Heatran|38\/100|[from] item: Leftovers\n|upkeep\n|turn|10\n|\n|t:|1699362946\n|move|p2a: Chien-Pao|Sacred Sword|p1a: Chien-Pao\n|-supereffective|p1a: Chien-Pao\n|-enditem|p1a: Chien-Pao|Focus Sash\n|-damage|p1a: Chien-Pao|1\/100\n|-damage|p2a: Chien-Pao|27\/100|[from] item: Life Orb\n|move|p2b: Pelipper|Scald|p1b: Heatran\n|-supereffective|p1b: Heatran\n|-damage|p1b: Heatran|0 fnt\n|faint|p1b: Heatran\n|move|p1a: Chien-Pao|Sacred Sword|p2a: Chien-Pao\n|-supereffective|p2a: Chien-Pao\n|-damage|p2a: Chien-Pao|0 fnt\n|faint|p2a: Chien-Pao\n|\n|-heal|p1a: Chien-Pao|7\/100|[from] Grassy Terrain\n|upkeep\n|-message|Escavaknight forfeited.\n|\n|win|psng\n|raw|Escavaknight's rating: 1276 &rarr; <strong>1254<\/strong><br \/>(-22 for losing)\n|raw|psng's rating: 1322 &rarr; <strong>1339<\/strong><br \/>(+17 for winning)\n|l|\u2606Escavaknight\n","uploadtime":1699362965,"views":6,"p1id":"escavaknight","p2id":"psng","formatid":"gen9nationaldexdoubles","rating":1254,"private":0,"password":""}