{"id":"gen9nationaldexdoubles-1954084167","p1":"Leviatan4","p2":"El_Gran_Wigglytuff","format":"[Gen 9] National Dex Doubles","log":"|j|\u2606Leviatan4\n|j|\u2606El_Gran_Wigglytuff\n|t:|1695852101\n|gametype|doubles\n|player|p1|Leviatan4|scientist-gen4dp|\n|player|p2|El_Gran_Wigglytuff|benga|\n|teamsize|p1|6\n|teamsize|p2|6\n|gen|9\n|tier|[Gen 9] National Dex Doubles\n|rule|HP Percentage Mod: HP is shown in percentages\n|rule|Endless Battle Clause: Forcing endless battles is banned\n|rule|OHKO Clause: OHKO moves are banned\n|rule|Evasion Moves Clause: Evasion moves are banned\n|rule|Evasion Abilities Clause: Evasion abilities are banned\n|rule|Species Clause: Limit one of each Pok\u00e9mon\n|rule|Gravity Sleep Clause: The combination of sleep-inducing moves with imperfect accuracy and Gravity or Gigantamax Orbeetle are banned\n|clearpoke\n|poke|p1|Scizor, M|\n|poke|p1|Lokix, M|\n|poke|p1|Volcarona, M|\n|poke|p1|Forretress, F|\n|poke|p1|Heracross, M|\n|poke|p1|Yanmega, F|\n|poke|p2|Basculegion-F, F|\n|poke|p2|Pelipper, M|\n|poke|p2|Ogerpon-Wellspring, F|\n|poke|p2|Walking Wake|\n|poke|p2|Palafin, M|\n|poke|p2|Swampert, M|\n|teampreview\n|j| XMarcosPr710\n|c| XMarcosPr710|Baby hello\n|c| XMarcosPr710|Levy g\u00e1nale a Bluff B)\n|\n|t:|1695852149\n|start\n|switch|p1a: Flash|Lokix, M|100\/100\n|switch|p1b: Cannonball|Forretress, F|100\/100\n|switch|p2a: Pelipper|Pelipper, M|100\/100\n|switch|p2b: Palafin|Palafin, M|100\/100\n|-weather|RainDance|[from] ability: Drizzle|[of] p2a: Pelipper\n|turn|1\n|\n|t:|1695852173\n|detailschange|p2b: Palafin|Palafin-Hero, M\n|switch|p2b: Basculegion|Basculegion-F, F|100\/100\n|-terastallize|p1b: Cannonball|Fire\n|move|p1a: Flash|First Impression|p2a: Pelipper\n|-resisted|p2a: Pelipper\n|-damage|p2a: Pelipper|58\/100\n|-damage|p1a: Flash|91\/100|[from] item: Life Orb\n|move|p2a: Pelipper|Hurricane|p1a: Flash\n|-supereffective|p1a: Flash\n|-damage|p1a: Flash|0 fnt\n|faint|p1a: Flash\n|move|p1b: Cannonball|Spikes|p2b: Basculegion\n|-sidestart|p2: El_Gran_Wigglytuff|Spikes\n|\n|-weather|RainDance|[upkeep]\n|upkeep\n|\n|t:|1695852191\n|switch|p1a: Yanmega|Yanmega, F|100\/100\n|turn|2\n|c| XMarcosPr710|Qu\u00e9 barrabasada\n|\n|t:|1695852207\n|move|p2a: Pelipper|Protect|p2a: Pelipper\n|-singleturn|p2a: Pelipper|Protect\n|move|p2b: Basculegion|Liquidation|p1a: Yanmega\n|-crit|p1a: Yanmega\n|-damage|p1a: Yanmega|0 fnt\n|faint|p1a: Yanmega\n|move|p1b: Cannonball|Gyro Ball|p2a: Pelipper\n|-activate|p2a: Pelipper|move: Protect\n|\n|-weather|RainDance|[upkeep]\n|upkeep\n|\n|t:|1695852217\n|switch|p1a: Strength|Heracross, M|100\/100\n|turn|3\n|\n|t:|1695852240\n|move|p2b: Basculegion|Liquidation|p1b: Cannonball\n|-supereffective|p1b: Cannonball\n|-ability|p1b: Cannonball|Sturdy\n|-damage|p1b: Cannonball|1\/100\n|-unboost|p1b: Cannonball|def|1\n|move|p1a: Strength|Stone Edge|p2a: Pelipper\n|-supereffective|p2a: Pelipper\n|-damage|p2a: Pelipper|6\/100\n|move|p2a: Pelipper|Hurricane|p1a: Strength\n|-supereffective|p1a: Strength\n|-damage|p1a: Strength|0 fnt\n|faint|p1a: Strength\n|move|p1b: Cannonball|Spikes|p2a: Pelipper\n|-sidestart|p2: El_Gran_Wigglytuff|Spikes\n|\n|-weather|RainDance|[upkeep]\n|upkeep\n|\n|t:|1695852265\n|switch|p1a: New One|Scizor, M|100\/100\n|turn|4\n|-enditem|p1b: Cannonball|Custap Berry|[eat]\n|-activate|p1b: Cannonball|item: Custap Berry|[consumed]\n|\n|t:|1695852296\n|detailschange|p1a: New One|Scizor-Mega, M\n|-mega|p1a: New One|Scizor|Scizorite\n|move|p1a: New One|Bullet Punch|p2a: Pelipper\n|-resisted|p2a: Pelipper\n|-damage|p2a: Pelipper|0 fnt\n|faint|p2a: Pelipper\n|move|p1b: Cannonball|Spikes|p2b: Basculegion\n|-sidestart|p2: El_Gran_Wigglytuff|Spikes\n|move|p2b: Basculegion|Liquidation|p1a: New One\n|-damage|p1a: New One|36\/100\n|\n|-weather|RainDance|[upkeep]\n|upkeep\n|\n|t:|1695852310\n|switch|p2a: Palafin|Palafin-Hero, M|100\/100\n|-damage|p2a: Palafin|76\/100|[from] Spikes\n|-activate|p2a: Palafin|ability: Zero to Hero\n|turn|5\n|\n|t:|1695852340\n|move|p2a: Palafin|Jet Punch|p1b: Cannonball\n|-supereffective|p1b: Cannonball\n|-damage|p1b: Cannonball|0 fnt\n|faint|p1b: Cannonball\n|move|p1a: New One|Bullet Punch|p2b: Basculegion\n|-resisted|p2b: Basculegion\n|-damage|p2b: Basculegion|75\/100\n|move|p2b: Basculegion|Liquidation|p1a: New One\n|-damage|p1a: New One|0 fnt\n|faint|p1a: New One\n|\n|-weather|RainDance|[upkeep]\n|-heal|p2a: Palafin|82\/100|[from] item: Leftovers\n|upkeep\n|j| Kaxxxx\n|c| Kaxxxx|Hacks\n|c| Kaxxxx|Bluff tramposo\n|c|\u2606Leviatan4|Puros cr\u00edticos\n|c|\u2606Leviatan4|:(\n|c| Kaxxxx|\u00bfQu\u00e9 le debe Bluff al PSOE?\n|\n|t:|1695852397\n|switch|p1b: Ra|Volcarona, M, shiny|100\/100\n|turn|6\n|\n|t:|1695852407\n|move|p2a: Palafin|Jet Punch|p1b: Ra\n|-supereffective|p1b: Ra\n|-damage|p1b: Ra|0 fnt\n|faint|p1b: Ra\n|\n|win|El_Gran_Wigglytuff\n","uploadtime":1695852412,"views":14,"p1id":"leviatan4","p2id":"elgranwigglytuff","formatid":"gen9nationaldexdoubles","rating":0,"private":0,"password":""}