{"id":"gen9nationaldexdoubles-1969343102","p1":"Mayo_Naise_lol","p2":"Junky Dummy","format":"[Gen 9] National Dex Doubles","log":"|j|\u2606Mayo_Naise_lol\n|j|\u2606Junky Dummy\n|t:|1697516718\n|gametype|doubles\n|player|p1|Mayo_Naise_lol|harlequin|\n|player|p2|Junky Dummy|169|\n|teamsize|p1|6\n|teamsize|p2|6\n|gen|9\n|tier|[Gen 9] National Dex Doubles\n|rule|HP Percentage Mod: HP is shown in percentages\n|rule|Endless Battle Clause: Forcing endless battles is banned\n|rule|OHKO Clause: OHKO moves are banned\n|rule|Evasion Moves Clause: Evasion moves are banned\n|rule|Evasion Abilities Clause: Evasion abilities are banned\n|rule|Species Clause: Limit one of each Pok\u00e9mon\n|rule|Gravity Sleep Clause: The combination of sleep-inducing moves with imperfect accuracy and Gravity or Gigantamax Orbeetle are banned\n|clearpoke\n|poke|p1|Rillaboom, F|\n|poke|p1|Ogerpon-Hearthflame, F|\n|poke|p1|Chien-Pao|\n|poke|p1|Dragonite, M|\n|poke|p1|Flutter Mane|\n|poke|p1|Basculegion, M|\n|poke|p2|Gothitelle, F|\n|poke|p2|Salamence, F|\n|poke|p2|Amoonguss, F|\n|poke|p2|Diancie|\n|poke|p2|Incineroar, F|\n|poke|p2|Ursaluna-Bloodmoon, M|\n|teampreview\n|inactive|Battle timer is ON: inactive players will automatically lose when time's up. (requested by Junky Dummy)\n|inactive|Mayo_Naise_lol has 270 seconds left.\n|\n|t:|1697516758\n|start\n|switch|p1a: Rillaboom|Rillaboom, F|100\/100\n|switch|p1b: Chien-Pao|Chien-Pao|100\/100\n|switch|p2a: Gothitelle|Gothitelle, F|100\/100\n|switch|p2b: Ursaluna|Ursaluna-Bloodmoon, M|100\/100\n|-ability|p1b: Chien-Pao|Sword of Ruin\n|-fieldstart|move: Grassy Terrain|[from] ability: Grassy Surge|[of] p1a: Rillaboom\n|turn|1\n|inactive|Junky Dummy has 270 seconds left.\n|inactive|Junky Dummy has 240 seconds left.\n|\n|t:|1697516819\n|move|p2a: Gothitelle|Protect|p2a: Gothitelle\n|-singleturn|p2a: Gothitelle|Protect\n|move|p1a: Rillaboom|Fake Out|p2b: Ursaluna\n|-damage|p2b: Ursaluna|86\/100\n|cant|p2b: Ursaluna|flinch\n|move|p1b: Chien-Pao|Icicle Crash|p2b: Ursaluna\n|-supereffective|p2b: Ursaluna\n|-damage|p2b: Ursaluna|9\/100\n|\n|-heal|p2b: Ursaluna|16\/100|[from] Grassy Terrain\n|upkeep\n|turn|2\n|\n|t:|1697516842\n|move|p1a: Rillaboom|Grassy Glide|p2b: Ursaluna\n|-supereffective|p2b: Ursaluna\n|-crit|p2b: Ursaluna\n|-damage|p2b: Ursaluna|0 fnt\n|faint|p2b: Ursaluna\n|move|p1b: Chien-Pao|Icicle Crash|p2a: Gothitelle\n|-damage|p2a: Gothitelle|53\/100\n|move|p2a: Gothitelle|Trick Room|p2a: Gothitelle\n|-fieldstart|move: Trick Room|[of] p2a: Gothitelle\n|\n|-heal|p2a: Gothitelle|59\/100|[from] Grassy Terrain\n|upkeep\n|\n|t:|1697516856\n|switch|p2b: Diancie|Diancie, shiny|100\/100\n|turn|3\n|\n|t:|1697516875\n|move|p1b: Chien-Pao|Protect|p1b: Chien-Pao\n|-singleturn|p1b: Chien-Pao|Protect\n|move|p2b: Diancie|Body Press|p1b: Chien-Pao\n|-activate|p1b: Chien-Pao|move: Protect\n|move|p2a: Gothitelle|Psychic|p1a: Rillaboom\n|-damage|p1a: Rillaboom|79\/100\n|move|p1a: Rillaboom|U-turn|p2a: Gothitelle\n|-supereffective|p2a: Gothitelle\n|-damage|p2a: Gothitelle|4\/100\n|-enditem|p2a: Gothitelle|Sitrus Berry|[eat]\n|-heal|p2a: Gothitelle|29\/100|[from] item: Sitrus Berry\n|inactive|Mayo_Naise_lol has 270 seconds left.\n|\n|t:|1697516899\n|switch|p1a: Basculegion|Basculegion, M|100\/100|[from] U-turn\n|\n|-heal|p2a: Gothitelle|35\/100|[from] Grassy Terrain\n|upkeep\n|turn|4\n|\n|t:|1697516914\n|move|p2a: Gothitelle|Protect|p2a: Gothitelle\n|-singleturn|p2a: Gothitelle|Protect\n|move|p1b: Chien-Pao|Sucker Punch||[still]\n|-fail|p1b: Chien-Pao\n|move|p2b: Diancie|Body Press|p1b: Chien-Pao\n|-supereffective|p1b: Chien-Pao\n|-enditem|p1b: Chien-Pao|Focus Sash\n|-damage|p1b: Chien-Pao|1\/100\n|move|p1a: Basculegion|Flip Turn|p2b: Diancie\n|-supereffective|p2b: Diancie\n|-damage|p2b: Diancie|27\/100\n|\n|t:|1697516921\n|switch|p1a: Rillaboom|Rillaboom, F|79\/100|[from] Flip Turn\n|\n|-heal|p2b: Diancie|33\/100|[from] Grassy Terrain\n|-heal|p2a: Gothitelle|41\/100|[from] Grassy Terrain\n|-heal|p1a: Rillaboom|85\/100|[from] Grassy Terrain\n|-heal|p1b: Chien-Pao|7\/100|[from] Grassy Terrain\n|upkeep\n|turn|5\n|inactive|Mayo_Naise_lol has 270 seconds left.\n|\n|t:|1697516952\n|move|p2b: Diancie|Protect|p2b: Diancie\n|-singleturn|p2b: Diancie|Protect\n|move|p1a: Rillaboom|Fake Out|p2b: Diancie\n|-activate|p2b: Diancie|move: Protect\n|move|p1b: Chien-Pao|Sucker Punch|p2a: Gothitelle\n|-supereffective|p2a: Gothitelle\n|-damage|p2a: Gothitelle|0 fnt\n|faint|p2a: Gothitelle\n|\n|-heal|p2b: Diancie|39\/100|[from] Grassy Terrain\n|-heal|p1a: Rillaboom|91\/100|[from] Grassy Terrain\n|-heal|p1b: Chien-Pao|13\/100|[from] Grassy Terrain\n|-fieldend|move: Grassy Terrain\n|upkeep\n|inactive|Junky Dummy has 270 seconds left.\n|\n|t:|1697516980\n|switch|p2a: Amoonguss|Amoonguss, F|100\/100\n|turn|6\n|inactive|Junky Dummy has 270 seconds left.\n|inactive|Mayo_Naise_lol has 270 seconds left.\n|\n|t:|1697517022\n|switch|p1b: Ogerpon|Ogerpon-Hearthflame, F|100\/100\n|-ability|p1b: Ogerpon|Mold Breaker\n|move|p2a: Amoonguss|Pollen Puff|p2b: Diancie\n|-heal|p2b: Diancie|89\/100\n|move|p2b: Diancie|Diamond Storm|p1b: Ogerpon|[spread] p1a,p1b\n|-supereffective|p1b: Ogerpon\n|-damage|p1a: Rillaboom|59\/100\n|-damage|p1b: Ogerpon|27\/100\n|-boost|p2b: Diancie|def|2\n|move|p1a: Rillaboom|U-turn|p2a: Amoonguss\n|-damage|p2a: Amoonguss|80\/100\n|-damage|p1a: Rillaboom|42\/100|[from] item: Rocky Helmet|[of] p2a: Amoonguss\n|\n|t:|1697517039\n|switch|p1a: Chien-Pao|Chien-Pao|13\/100|[from] U-turn\n|-ability|p1a: Chien-Pao|Sword of Ruin\n|\n|-fieldend|move: Trick Room\n|upkeep\n|turn|7\n|inactive|Mayo_Naise_lol has 270 seconds left.\n|inactive|Junky Dummy has 270 seconds left.\n|\n|t:|1697517072\n|-terastallize|p1b: Ogerpon|Fire\n|detailschange|p1b: Ogerpon|Ogerpon-Hearthflame-Tera, F, tera:Fire\n|-ability|p1b: Ogerpon|Embody Aspect (Hearthflame)|boost\n|-boost|p1b: Ogerpon|atk|1\n|-terastallize|p2a: Amoonguss|Water\n|move|p2a: Amoonguss|Rage Powder|p2a: Amoonguss\n|-singleturn|p2a: Amoonguss|move: Rage Powder\n|move|p1a: Chien-Pao|Sacred Sword|p2a: Amoonguss\n|-damage|p2a: Amoonguss|50\/100\n|-damage|p1a: Chien-Pao|0 fnt|[from] item: Rocky Helmet|[of] p2a: Amoonguss\n|faint|p1a: Chien-Pao\n|move|p1b: Ogerpon|Ivy Cudgel|p2a: Amoonguss\n|-resisted|p2a: Amoonguss\n|-damage|p2a: Amoonguss|6\/100\n|move|p2b: Diancie|Trick Room|p2b: Diancie\n|-fieldstart|move: Trick Room|[of] p2b: Diancie\n|\n|upkeep\n|\n|t:|1697517085\n|switch|p1a: Rillaboom|Rillaboom, F|42\/100\n|-fieldstart|move: Grassy Terrain|[from] ability: Grassy Surge|[of] p1a: Rillaboom\n|turn|8\n|\n|t:|1697517114\n|move|p1a: Rillaboom|Fake Out|p2a: Amoonguss\n|-damage|p2a: Amoonguss|0 fnt\n|-damage|p1a: Rillaboom|26\/100|[from] item: Rocky Helmet|[of] p2a: Amoonguss\n|faint|p2a: Amoonguss\n|move|p1b: Ogerpon|Grassy Glide|p2b: Diancie\n|-supereffective|p2b: Diancie\n|-damage|p2b: Diancie|36\/100\n|move|p2b: Diancie|Diamond Storm|p1b: Ogerpon|[spread] p1a,p1b\n|-supereffective|p1b: Ogerpon\n|-damage|p1a: Rillaboom|0 fnt\n|-damage|p1b: Ogerpon|0 fnt\n|-boost|p2b: Diancie|def|2\n|faint|p1a: Rillaboom\n|faint|p1b: Ogerpon\n|\n|-heal|p2b: Diancie|42\/100|[from] Grassy Terrain\n|upkeep\n|inactive|Mayo_Naise_lol has 270 seconds left.\n|\n|t:|1697517131\n|switch|p2a: Incineroar|Incineroar, F|100\/100\n|switch|p1a: Basculegion|Basculegion, M|100\/100\n|switch|p1b: Dragonite|Dragonite, M|100\/100\n|-ability|p2a: Incineroar|Intimidate|boost\n|-unboost|p1a: Basculegion|atk|1\n|-fail|p1b: Dragonite|unboost|Attack|[from] ability: Inner Focus|[of] p1b: Dragonite\n|turn|9\n|inactive|Mayo_Naise_lol has 270 seconds left.\n|\n|t:|1697517158\n|move|p2a: Incineroar|Fake Out|p1b: Dragonite\n|-damage|p1b: Dragonite|90\/100\n|move|p2b: Diancie|Diamond Storm|p1b: Dragonite|[spread] p1a,p1b\n|-supereffective|p1b: Dragonite\n|-damage|p1a: Basculegion|52\/100\n|-damage|p1b: Dragonite|20\/100\n|move|p1b: Dragonite|Stomping Tantrum|p2a: Incineroar\n|-supereffective|p2a: Incineroar\n|-damage|p2a: Incineroar|23\/100\n|move|p1a: Basculegion|Flip Turn|p2a: Incineroar\n|-supereffective|p2a: Incineroar\n|-damage|p2a: Incineroar|0 fnt\n|faint|p2a: Incineroar\n|\n|t:|1697517164\n|switch|p1a: Flutter Mane|Flutter Mane|100\/100|[from] Flip Turn\n|\n|-heal|p2b: Diancie|49\/100|[from] Grassy Terrain\n|upkeep\n|\n|t:|1697517171\n|switch|p2a: Salamence|Salamence, F|100\/100\n|-ability|p2a: Salamence|Intimidate|boost\n|-unboost|p1a: Flutter Mane|atk|1\n|-fail|p1b: Dragonite|unboost|Attack|[from] ability: Inner Focus|[of] p1b: Dragonite\n|turn|10\n|\n|t:|1697517190\n|detailschange|p2a: Salamence|Salamence-Mega, F\n|-mega|p2a: Salamence|Salamence|Salamencite\n|move|p2a: Salamence|Protect|p2a: Salamence\n|-singleturn|p2a: Salamence|Protect\n|move|p2b: Diancie|Diamond Storm|p1a: Flutter Mane|[spread] p1a,p1b\n|-supereffective|p1b: Dragonite\n|-damage|p1a: Flutter Mane|35\/100\n|-damage|p1b: Dragonite|0 fnt\n|faint|p1b: Dragonite\n|move|p1a: Flutter Mane|Moonblast|p2a: Salamence\n|-activate|p2a: Salamence|move: Protect\n|\n|-heal|p2b: Diancie|55\/100|[from] Grassy Terrain\n|-heal|p1a: Flutter Mane|41\/100|[from] Grassy Terrain\n|upkeep\n|\n|t:|1697517197\n|switch|p1b: Basculegion|Basculegion, M|52\/100\n|turn|11\n|\n|t:|1697517224\n|move|p2a: Salamence|Protect||[still]\n|-fail|p2a: Salamence\n|move|p2b: Diancie|Diamond Storm|p1b: Basculegion|[spread] p1a,p1b\n|-damage|p1a: Flutter Mane|0 fnt\n|-damage|p1b: Basculegion|10\/100\n|-boost|p2b: Diancie|def|2\n|faint|p1a: Flutter Mane\n|-end|p1a: Flutter Mane|Protosynthesis|[silent]\n|move|p1b: Basculegion|Last Respects|p2a: Salamence\n|-damage|p2a: Salamence|0 fnt\n|faint|p2a: Salamence\n|\n|-heal|p2b: Diancie|61\/100|[from] Grassy Terrain\n|-heal|p1b: Basculegion|16\/100|[from] Grassy Terrain\n|-fieldend|move: Trick Room\n|upkeep\n|turn|12\n|\n|t:|1697517240\n|move|p1b: Basculegion|Last Respects|p2b: Diancie\n|-damage|p2b: Diancie|22\/100\n|move|p2b: Diancie|Diamond Storm|p1b: Basculegion\n|-damage|p1b: Basculegion|0 fnt\n|faint|p1b: Basculegion\n|\n|win|Junky Dummy\n","uploadtime":1697517248,"views":12,"p1id":"mayonaiselol","p2id":"junkydummy","formatid":"gen9nationaldexdoubles","rating":0,"private":0,"password":""}