{"id":"gen9nationaldexdoubles-1955105392","p1":"Lux2821","p2":"MunchVGC","format":"[Gen 9] National Dex Doubles","log":"|j|\u2606Lux2821\n|j|\u2606MunchVGC\n|t:|1695956944\n|gametype|doubles\n|player|p1|Lux2821|lusamine-nihilego|\n|player|p2|MunchVGC|ingo|\n|teamsize|p1|6\n|teamsize|p2|6\n|gen|9\n|tier|[Gen 9] National Dex Doubles\n|rule|HP Percentage Mod: HP is shown in percentages\n|rule|Endless Battle Clause: Forcing endless battles is banned\n|rule|OHKO Clause: OHKO moves are banned\n|rule|Evasion Moves Clause: Evasion moves are banned\n|rule|Evasion Abilities Clause: Evasion abilities are banned\n|rule|Species Clause: Limit one of each Pok\u00e9mon\n|rule|Gravity Sleep Clause: The combination of sleep-inducing moves with imperfect accuracy and Gravity or Gigantamax Orbeetle are banned\n|clearpoke\n|poke|p1|Politoed, F|\n|poke|p1|Tornadus, M|\n|poke|p1|Ludicolo, M|\n|poke|p1|Sinistcha-Masterpiece|\n|poke|p1|Rillaboom, M|\n|poke|p1|Sudowoodo, F|\n|poke|p2|Cresselia, F|\n|poke|p2|Farigiraf, M|\n|poke|p2|Snorlax, M|\n|poke|p2|Goodra-Hisui, M|\n|poke|p2|Iron Hands|\n|poke|p2|Amoonguss, M|\n|teampreview\n|inactive|Battle timer is ON: inactive players will automatically lose when time's up. (requested by Lux2821)\n|inactive|MunchVGC also wants the timer to be on.\n|c|\u2606MunchVGC|game 1\n|c|\u2606MunchVGC|glhf\n|c|\u2606Lux2821|glhf!\n|inactive|MunchVGC has 270 seconds left.\n|\n|t:|1695956997\n|start\n|switch|p1a: Politoed|Politoed, F|100\/100\n|switch|p1b: Tornadus|Tornadus, M|100\/100\n|switch|p2a: Raging Bolt|Farigiraf, M|100\/100\n|switch|p2b: Ganryu|Iron Hands|100\/100\n|-weather|RainDance|[from] ability: Drizzle|[of] p1a: Politoed\n|turn|1\n|c|\u2606Lux2821|is this a water or grass gym now?\n|c|\u2606MunchVGC|you're grass\n|inactive|MunchVGC has 270 seconds left.\n|c|\u2606Lux2821|true but rain\n|\n|t:|1695957033\n|move|p1a: Politoed|Protect|p1a: Politoed\n|-singleturn|p1a: Politoed|Protect\n|move|p2b: Ganryu|Fake Out|p1a: Politoed\n|-activate|p1a: Politoed|move: Protect\n|move|p1b: Tornadus|Taunt||[still]\n|cant|p2a: Raging Bolt|ability: Armor Tail|Taunt|[of] p1b: Tornadus\n|move|p2a: Raging Bolt|Trick Room|p2a: Raging Bolt\n|-fieldstart|move: Trick Room|[of] p2a: Raging Bolt\n|\n|-weather|RainDance|[upkeep]\n|upkeep\n|turn|2\n|c|\u2606Lux2821|i forgor\n|\n|t:|1695957052\n|move|p1a: Politoed|Helping Hand|p1b: Tornadus\n|-singleturn|p1b: Tornadus|Helping Hand|[of] p1a: Politoed\n|move|p2b: Ganryu|Thunder Punch|p1a: Politoed\n|-supereffective|p1a: Politoed\n|-damage|p1a: Politoed|5\/100\n|move|p2a: Raging Bolt|Hyper Voice|p1b: Tornadus|[spread] p1a,p1b\n|-damage|p1a: Politoed|0 fnt\n|-damage|p1b: Tornadus|52\/100\n|faint|p1a: Politoed\n|move|p1b: Tornadus|Bleakwind Storm|p2a: Raging Bolt|[spread] p2a,p2b\n|-damage|p2a: Raging Bolt|47\/100\n|-damage|p2b: Ganryu|68\/100\n|\n|-weather|RainDance|[upkeep]\n|upkeep\n|inactive|Lux2821 has 270 seconds left.\n|\n|t:|1695957076\n|switch|p1a: Sudowoodo|Sudowoodo, F|100\/100\n|turn|3\n|inactive|MunchVGC has 270 seconds left.\n|\n|t:|1695957126\n|switch|p1b: Sinistcha|Sinistcha-Masterpiece|100\/100\n|-terastallize|p1a: Sudowoodo|Normal\n|move|p2b: Ganryu|Drain Punch|p1a: Sudowoodo\n|-supereffective|p1a: Sudowoodo\n|-ability|p1a: Sudowoodo|Sturdy\n|-damage|p1a: Sudowoodo|1\/100\n|-heal|p2b: Ganryu|95\/100|[from] drain|[of] p1a: Sudowoodo\n|move|p2a: Raging Bolt|Dazzling Gleam|p1a: Sudowoodo|[spread] p1a,p1b\n|-crit|p1b: Sinistcha\n|-damage|p1a: Sudowoodo|0 fnt\n|-damage|p1b: Sinistcha|64\/100\n|faint|p1a: Sudowoodo\n|\n|-weather|RainDance|[upkeep]\n|upkeep\n|c|\u2606Lux2821|L\n|inactive|Lux2821 has 270 seconds left.\n|\n|t:|1695957147\n|switch|p1a: Ludicolo|Ludicolo, M|100\/100\n|turn|4\n|\n|t:|1695957159\n|move|p1b: Sinistcha|Rage Powder|p1b: Sinistcha\n|-singleturn|p1b: Sinistcha|move: Rage Powder\n|move|p2b: Ganryu|Ice Punch|p1b: Sinistcha\n|-supereffective|p1b: Sinistcha\n|-damage|p1b: Sinistcha|7\/100\n|move|p2a: Raging Bolt|Dazzling Gleam|p1b: Sinistcha|[spread] p1a,p1b\n|-crit|p1a: Ludicolo\n|-damage|p1a: Ludicolo|73\/100\n|-damage|p1b: Sinistcha|0 fnt\n|faint|p1b: Sinistcha\n|move|p1a: Ludicolo|Substitute|p1a: Ludicolo\n|-start|p1a: Ludicolo|Substitute\n|-damage|p1a: Ludicolo|48\/100\n|\n|-weather|RainDance|[upkeep]\n|-heal|p1a: Ludicolo|54\/100|[from] item: Leftovers\n|upkeep\n|\n|t:|1695957170\n|switch|p1b: Rillaboom|Rillaboom, M|100\/100\n|-fieldstart|move: Grassy Terrain|[from] ability: Grassy Surge|[of] p1b: Rillaboom\n|-enditem|p1b: Rillaboom|Grassy Seed\n|-boost|p1b: Rillaboom|def|1|[from] item: Grassy Seed\n|turn|5\n|\n|t:|1695957199\n|move|p2b: Ganryu|Ice Punch|p1b: Rillaboom\n|-supereffective|p1b: Rillaboom\n|-damage|p1b: Rillaboom|60\/100\n|move|p2a: Raging Bolt|Hyper Voice|p1b: Rillaboom|[spread] p1a,p1b\n|-damage|p1a: Ludicolo|23\/100\n|-damage|p1b: Rillaboom|12\/100\n|move|p1b: Rillaboom|Knock Off|p2a: Raging Bolt\n|-supereffective|p2a: Raging Bolt\n|-damage|p2a: Raging Bolt|0 fnt\n|-enditem|p2a: Raging Bolt|Focus Sash|[from] move: Knock Off|[of] p1b: Rillaboom\n|faint|p2a: Raging Bolt\n|move|p1a: Ludicolo|Leech Seed|p2b: Ganryu\n|-start|p2b: Ganryu|move: Leech Seed\n|\n|-weather|none\n|-heal|p2b: Ganryu|100\/100|[from] Grassy Terrain\n|-heal|p1b: Rillaboom|18\/100|[from] Grassy Terrain\n|-heal|p1a: Ludicolo|29\/100|[from] Grassy Terrain\n|-heal|p1a: Ludicolo|35\/100|[from] item: Leftovers\n|-damage|p2b: Ganryu|88\/100|[from] Leech Seed|[of] p1a: Ludicolo\n|-heal|p1a: Ludicolo|53\/100|[silent]\n|-fieldend|move: Trick Room\n|upkeep\n|inactive|MunchVGC has 270 seconds left.\n|\n|t:|1695957216\n|switch|p2a: *funny joke*|Amoonguss, M|100\/100\n|turn|6\n|\n|t:|1695957239\n|move|p1b: Rillaboom|Acrobatics|p2a: *funny joke*\n|-supereffective|p2a: *funny joke*\n|-damage|p2a: *funny joke*|35\/100\n|-damage|p1b: Rillaboom|2\/100|[from] item: Rocky Helmet|[of] p2a: *funny joke*\n|move|p1a: Ludicolo|Hyper Voice|p2a: *funny joke*|[spread] p2a,p2b\n|-damage|p2a: *funny joke*|24\/100\n|-damage|p2b: Ganryu|80\/100\n|move|p2b: Ganryu|Drain Punch|p1a: Ludicolo\n|-end|p1a: Ludicolo|Substitute\n|-heal|p2b: Ganryu|88\/100|[from] drain|[of] p1a: Ludicolo\n|move|p2a: *funny joke*|Pollen Puff|p1b: Rillaboom\n|-supereffective|p1b: Rillaboom\n|-damage|p1b: Rillaboom|0 fnt\n|faint|p1b: Rillaboom\n|\n|-heal|p1a: Ludicolo|59\/100|[from] Grassy Terrain\n|-heal|p1a: Ludicolo|65\/100|[from] item: Leftovers\n|-heal|p2b: Ganryu|94\/100|[from] Grassy Terrain\n|-heal|p2a: *funny joke*|30\/100|[from] Grassy Terrain\n|-damage|p2b: Ganryu|82\/100|[from] Leech Seed|[of] p1a: Ludicolo\n|-heal|p1a: Ludicolo|82\/100|[silent]\n|upkeep\n|\n|t:|1695957253\n|switch|p1b: Tornadus|Tornadus, M|52\/100\n|turn|7\n|\n|t:|1695957278\n|move|p2a: *funny joke*|Protect|p2a: *funny joke*\n|-singleturn|p2a: *funny joke*|Protect\n|move|p1b: Tornadus|Bleakwind Storm|p2b: Ganryu|[spread] p2b\n|-activate|p2a: *funny joke*|move: Protect\n|-damage|p2b: Ganryu|59\/100\n|move|p1a: Ludicolo|Substitute|p1a: Ludicolo\n|-start|p1a: Ludicolo|Substitute\n|-damage|p1a: Ludicolo|57\/100\n|move|p2b: Ganryu|Thunder Punch|p1b: Tornadus\n|-supereffective|p1b: Tornadus\n|-damage|p1b: Tornadus|0 fnt\n|faint|p1b: Tornadus\n|\n|-heal|p1a: Ludicolo|63\/100|[from] Grassy Terrain\n|-heal|p1a: Ludicolo|69\/100|[from] item: Leftovers\n|-heal|p2b: Ganryu|65\/100|[from] Grassy Terrain\n|-heal|p2a: *funny joke*|36\/100|[from] Grassy Terrain\n|-damage|p2b: Ganryu|53\/100|[from] Leech Seed|[of] p1a: Ludicolo\n|-heal|p1a: Ludicolo|87\/100|[silent]\n|upkeep\n|turn|8\n|\n|t:|1695957301\n|move|p1a: Ludicolo|Hyper Voice|p2b: Ganryu|[spread] p2a,p2b\n|-damage|p2a: *funny joke*|26\/100\n|-damage|p2b: Ganryu|45\/100\n|move|p2b: Ganryu|Drain Punch|p1a: Ludicolo\n|-end|p1a: Ludicolo|Substitute\n|-heal|p2b: Ganryu|53\/100|[from] drain|[of] p1a: Ludicolo\n|move|p2a: *funny joke*|Pollen Puff|p1a: Ludicolo\n|-supereffective|p1a: Ludicolo\n|-damage|p1a: Ludicolo|54\/100\n|\n|-heal|p1a: Ludicolo|60\/100|[from] Grassy Terrain\n|-heal|p1a: Ludicolo|66\/100|[from] item: Leftovers\n|-heal|p2b: Ganryu|59\/100|[from] Grassy Terrain\n|-heal|p2a: *funny joke*|32\/100|[from] Grassy Terrain\n|-damage|p2b: Ganryu|47\/100|[from] Leech Seed|[of] p1a: Ludicolo\n|-heal|p1a: Ludicolo|83\/100|[silent]\n|upkeep\n|turn|9\n|c|\u2606Lux2821|stall dance\n|\n|t:|1695957324\n|-end|p2b: Ganryu|Quark Drive|[silent]\n|switch|p2b: 1st December|Goodra-Hisui, M|100\/100\n|move|p1a: Ludicolo|Substitute|p1a: Ludicolo\n|-start|p1a: Ludicolo|Substitute\n|-damage|p1a: Ludicolo|58\/100\n|move|p2a: *funny joke*|Pollen Puff|p1a: Ludicolo\n|-supereffective|p1a: Ludicolo\n|-end|p1a: Ludicolo|Substitute\n|\n|-heal|p1a: Ludicolo|64\/100|[from] Grassy Terrain\n|-heal|p1a: Ludicolo|70\/100|[from] item: Leftovers\n|-heal|p2a: *funny joke*|38\/100|[from] Grassy Terrain\n|-fieldend|move: Grassy Terrain\n|upkeep\n|turn|10\n|\n|t:|1695957340\n|move|p1a: Ludicolo|Hyper Voice|p2a: *funny joke*|[spread] p2a,p2b\n|-resisted|p2b: 1st December\n|-damage|p2a: *funny joke*|26\/100\n|-damage|p2b: 1st December|97\/100\n|move|p2b: 1st December|Body Press|p1a: Ludicolo\n|-damage|p1a: Ludicolo|48\/100\n|move|p2a: *funny joke*|Pollen Puff|p1a: Ludicolo\n|-supereffective|p1a: Ludicolo\n|-damage|p1a: Ludicolo|13\/100\n|\n|-heal|p1a: Ludicolo|20\/100|[from] item: Leftovers\n|upkeep\n|turn|11\n|\n|t:|1695957349\n|move|p1a: Ludicolo|Hyper Voice|p2a: *funny joke*|[spread] p2a,p2b\n|-resisted|p2b: 1st December\n|-damage|p2a: *funny joke*|15\/100\n|-damage|p2b: 1st December|94\/100\n|move|p2b: 1st December|Body Press|p1a: Ludicolo\n|-crit|p1a: Ludicolo\n|-damage|p1a: Ludicolo|0 fnt\n|faint|p1a: Ludicolo\n|\n|win|MunchVGC\n|c|\u2606MunchVGC|gg\n|c|\u2606Lux2821|rip\n|c|\u2606Lux2821|gg\n|l|\u2606Lux2821\n","uploadtime":1695957881,"views":15,"p1id":"lux2821","p2id":"munchvgc","formatid":"gen9nationaldexdoubles","rating":0,"private":0,"password":""}