{"id":"gen9nationaldexdoubles-1985649120","p1":"LunaVicta","p2":"orange overhaul","format":"[Gen 9] National Dex Doubles","log":"|j|\u2606LunaVicta\n|j|\u2606orange overhaul\n|t:|1699392241\n|gametype|doubles\n|player|p1|LunaVicta|1|1543\n|player|p2|orange overhaul|acetrainerf-gen4|1560\n|teamsize|p1|6\n|teamsize|p2|6\n|gen|9\n|tier|[Gen 9] National Dex Doubles\n|rated|\n|rule|HP Percentage Mod: HP is shown in percentages\n|rule|Endless Battle Clause: Forcing endless battles is banned\n|rule|OHKO Clause: OHKO moves are banned\n|rule|Evasion Moves Clause: Evasion moves are banned\n|rule|Evasion Abilities Clause: Evasion abilities are banned\n|rule|Species Clause: Limit one of each Pok\u00e9mon\n|rule|Gravity Sleep Clause: The combination of sleep-inducing moves with imperfect accuracy and Gravity or Gigantamax Orbeetle are banned\n|clearpoke\n|poke|p1|Ursaluna, F|\n|poke|p1|Gothitelle, F|\n|poke|p1|Salamence, F|\n|poke|p1|Amoonguss, F|\n|poke|p1|Diancie|\n|poke|p1|Incineroar, F|\n|poke|p2|Flutter Mane|\n|poke|p2|Zamazenta-*|\n|poke|p2|Rillaboom, M|\n|poke|p2|Typhlosion-Hisui, M|\n|poke|p2|Tornadus, M|\n|poke|p2|Zygarde|\n|teampreview\n|inactive|Battle timer is ON: inactive players will automatically lose when time's up. (requested by orange overhaul)\n|c|\u2606orange overhaul|glhf\n|c|\u2606LunaVicta|gl hf\n|c|\u2606LunaVicta|first scary team I've seen today :)\n|inactive|LunaVicta has 120 seconds left.\n|inactive|orange overhaul has 120 seconds left.\n|inactive|LunaVicta has 90 seconds left.\n|inactive|LunaVicta has 60 seconds left.\n|inactive|LunaVicta has 30 seconds left.\n|\n|t:|1699392362\n|start\n|switch|p1a: Incineroar|Incineroar, F|100\/100\n|switch|p1b: Ursaluna|Ursaluna, F|100\/100\n|switch|p2a: Typhlosion|Typhlosion-Hisui, M, shiny|100\/100\n|switch|p2b: Zygarde|Zygarde|100\/100\n|-ability|p2b: Zygarde|Aura Break\n|-ability|p1a: Incineroar|Intimidate|boost\n|-unboost|p2a: Typhlosion|atk|1\n|-unboost|p2b: Zygarde|atk|1\n|turn|1\n|inactive|LunaVicta has 90 seconds left.\n|inactive|LunaVicta has 60 seconds left.\n|\n|t:|1699392424\n|switch|p2b: Flutter Mane|Flutter Mane|100\/100\n|move|p2a: Typhlosion|Eruption|p1a: Incineroar|[spread] p1a,p1b\n|-resisted|p1a: Incineroar\n|-damage|p1a: Incineroar|69\/100\n|-damage|p1b: Ursaluna|27\/100\n|move|p1a: Incineroar|Parting Shot|p2b: Flutter Mane\n|-unboost|p2b: Flutter Mane|atk|1\n|-unboost|p2b: Flutter Mane|spa|1\n|inactive|LunaVicta has 30 seconds left.\n|\n|t:|1699392462\n|switch|p1a: Amoonguss|Amoonguss, F|100\/100|[from] Parting Shot\n|move|p1b: Ursaluna|Headlong Rush|p2a: Typhlosion\n|-supereffective|p2a: Typhlosion\n|-damage|p2a: Typhlosion|0 fnt\n|-unboost|p1b: Ursaluna|def|1\n|-unboost|p1b: Ursaluna|spd|1\n|faint|p2a: Typhlosion\n|\n|-status|p1b: Ursaluna|brn|[from] item: Flame Orb\n|upkeep\n|inactive|LunaVicta has 30 seconds left this turn.\n|\n|t:|1699392476\n|switch|p2a: Zygarde|Zygarde|100\/100\n|-ability|p2a: Zygarde|Aura Break\n|turn|2\n|inactive|LunaVicta has 30 seconds left.\n|inactive|LunaVicta has 20 seconds left.\n|inactive|LunaVicta has 15 seconds left.\n|inactive|LunaVicta has 10 seconds left.\n|\n|t:|1699392524\n|move|p1b: Ursaluna|Protect|p1b: Ursaluna\n|-singleturn|p1b: Ursaluna|Protect\n|move|p2b: Flutter Mane|Icy Wind|p1a: Amoonguss|[spread] p1a\n|-activate|p1b: Ursaluna|move: Protect\n|-supereffective|p1a: Amoonguss\n|-damage|p1a: Amoonguss|74\/100\n|-unboost|p1a: Amoonguss|spe|1\n|move|p2a: Zygarde|Thousand Arrows|p1b: Ursaluna|[spread] p1a\n|-activate|p1b: Ursaluna|move: Protect\n|-damage|p1a: Amoonguss|52\/100\n|move|p1a: Amoonguss|Spore|p2a: Zygarde\n|-status|p2a: Zygarde|slp|[from] move: Spore\n|\n|-damage|p1b: Ursaluna|20\/100 brn|[from] brn\n|upkeep\n|turn|3\n|inactive|LunaVicta has 30 seconds left.\n|inactive|LunaVicta has 20 seconds left.\n|inactive|LunaVicta has 15 seconds left.\n|inactive|LunaVicta has 10 seconds left.\n|\n|t:|1699392554\n|switch|p2a: Tornadus|Tornadus, M, shiny|100\/100\n|switch|p1b: Diancie|Diancie, shiny|100\/100\n|switch|p1a: Incineroar|Incineroar, F|69\/100\n|-ability|p1a: Incineroar|Intimidate|boost\n|-unboost|p2a: Tornadus|atk|1\n|-unboost|p2b: Flutter Mane|atk|1\n|move|p2b: Flutter Mane|Icy Wind|p1b: Diancie|[spread] p1a,p1b\n|-resisted|p1a: Incineroar\n|-damage|p1a: Incineroar|64\/100\n|-damage|p1b: Diancie|90\/100\n|-unboost|p1a: Incineroar|spe|1\n|\n|upkeep\n|turn|4\n|inactive|LunaVicta has 30 seconds left.\n|inactive|LunaVicta has 20 seconds left.\n|\n|t:|1699392580\n|-end|p2b: Flutter Mane|Protosynthesis|[silent]\n|switch|p2b: Zamazenta|Zamazenta, shiny|100\/100\n|-ability|p2b: Zamazenta|Dauntless Shield|boost\n|-boost|p2b: Zamazenta|def|1\n|move|p2a: Tornadus|Protect|p2a: Tornadus\n|-singleturn|p2a: Tornadus|Protect\n|move|p1a: Incineroar|Fake Out|p2a: Tornadus\n|-activate|p2a: Tornadus|move: Protect\n|move|p1b: Diancie|Diamond Storm|p2b: Zamazenta|[spread] p2b\n|-activate|p2a: Tornadus|move: Protect\n|-resisted|p2b: Zamazenta\n|-damage|p2b: Zamazenta|90\/100\n|-boost|p1b: Diancie|def|2\n|\n|upkeep\n|turn|5\n|inactive|LunaVicta has 30 seconds left.\n|inactive|LunaVicta has 20 seconds left.\n|inactive|LunaVicta has 15 seconds left.\n|inactive|orange overhaul has 120 seconds left.\n|inactive|LunaVicta has 10 seconds left.\n|\n|t:|1699392618\n|switch|p1a: Amoonguss|Amoonguss, F|85\/100\n|move|p2b: Zamazenta|Close Combat|p1b: Diancie\n|-damage|p1b: Diancie|54\/100\n|-unboost|p2b: Zamazenta|def|1\n|-unboost|p2b: Zamazenta|spd|1\n|move|p2a: Tornadus|Bleakwind Storm|p1b: Diancie|[spread] p1a,p1b\n|-supereffective|p1a: Amoonguss\n|-crit|p1a: Amoonguss\n|-resisted|p1b: Diancie\n|-damage|p1a: Amoonguss|0 fnt\n|-damage|p1b: Diancie|39\/100\n|faint|p1a: Amoonguss\n|move|p1b: Diancie|Trick Room|p1b: Diancie\n|-fieldstart|move: Trick Room|[of] p1b: Diancie\n|\n|upkeep\n|inactive|LunaVicta has 15 seconds left this turn.\n|inactive|LunaVicta has 10 seconds left.\n|\n|t:|1699392625\n|switch|p1a: Ursaluna|Ursaluna, F|20\/100 brn\n|turn|6\n|inactive|LunaVicta has 30 seconds left.\n|\n|t:|1699392654\n|switch|p2b: Rillaboom|Rillaboom, M|100\/100\n|-fieldstart|move: Grassy Terrain|[from] ability: Grassy Surge|[of] p2b: Rillaboom\n|move|p2a: Tornadus|Protect|p2a: Tornadus\n|-singleturn|p2a: Tornadus|Protect\n|move|p1a: Ursaluna|Facade|p2b: Rillaboom\n|-damage|p2b: Rillaboom|0 fnt\n|faint|p2b: Rillaboom\n|move|p1b: Diancie|Diamond Storm|p2a: Tornadus\n|-activate|p2a: Tornadus|move: Protect\n|\n|-heal|p1a: Ursaluna|27\/100 brn|[from] Grassy Terrain\n|-heal|p1b: Diancie|45\/100|[from] Grassy Terrain\n|-damage|p1a: Ursaluna|20\/100 brn|[from] brn\n|upkeep\n|inactive|orange overhaul has 120 seconds left.\n|\n|t:|1699392678\n|switch|p2b: Zamazenta|Zamazenta, shiny|90\/100\n|turn|7\n|inactive|orange overhaul has 120 seconds left.\n|inactive|LunaVicta has 30 seconds left.\n|\n|t:|1699392711\n|move|p1a: Ursaluna|Facade|p2b: Zamazenta\n|-damage|p2b: Zamazenta|0 fnt\n|faint|p2b: Zamazenta\n|move|p1b: Diancie|Diamond Storm|p2a: Tornadus\n|-supereffective|p2a: Tornadus\n|-enditem|p2a: Tornadus|Focus Sash\n|-damage|p2a: Tornadus|1\/100\n|-boost|p1b: Diancie|def|2\n|move|p2a: Tornadus|Bleakwind Storm|p1a: Ursaluna|[spread] p1b\n|-miss|p2a: Tornadus|p1a: Ursaluna\n|-resisted|p1b: Diancie\n|-damage|p1b: Diancie|29\/100\n|\n|-heal|p1a: Ursaluna|27\/100 brn|[from] Grassy Terrain\n|-heal|p1b: Diancie|35\/100|[from] Grassy Terrain\n|-damage|p1a: Ursaluna|20\/100 brn|[from] brn\n|upkeep\n|\n|t:|1699392727\n|switch|p2b: Zygarde|Zygarde|100\/100 slp\n|-ability|p2b: Zygarde|Aura Break\n|turn|8\n|\n|t:|1699392736\n|move|p2a: Tornadus|Protect|p2a: Tornadus\n|-singleturn|p2a: Tornadus|Protect\n|cant|p2b: Zygarde|slp\n|move|p1a: Ursaluna|Facade|p2b: Zygarde\n|-damage|p2b: Zygarde|17\/100 slp\n|move|p1b: Diancie|Diamond Storm|p2a: Tornadus|[spread] p2b\n|-activate|p2a: Tornadus|move: Protect\n|-resisted|p2b: Zygarde\n|-damage|p2b: Zygarde|5\/100 slp\n|-boost|p1b: Diancie|def|2\n|\n|-heal|p1a: Ursaluna|27\/100 brn|[from] Grassy Terrain\n|-heal|p1b: Diancie|42\/100|[from] Grassy Terrain\n|-heal|p2b: Zygarde|11\/100 slp|[from] Grassy Terrain\n|-heal|p2b: Zygarde|18\/100 slp|[from] item: Leftovers\n|-damage|p1a: Ursaluna|20\/100 brn|[from] brn\n|upkeep\n|turn|9\n|\n|t:|1699392749\n|cant|p2b: Zygarde|slp\n|move|p1a: Ursaluna|Facade|p2b: Zygarde\n|-damage|p2b: Zygarde|0 fnt\n|faint|p2b: Zygarde\n|move|p1b: Diancie|Diamond Storm|p2a: Tornadus\n|-supereffective|p2a: Tornadus\n|-damage|p2a: Tornadus|0 fnt\n|faint|p2a: Tornadus\n|\n|-heal|p1a: Ursaluna|27\/100 brn|[from] Grassy Terrain\n|-heal|p1b: Diancie|48\/100|[from] Grassy Terrain\n|-damage|p1a: Ursaluna|20\/100 brn|[from] brn\n|-fieldend|move: Trick Room\n|upkeep\n|\n|t:|1699392761\n|switch|p2b: Flutter Mane|Flutter Mane|100\/100\n|turn|10\n|inactive|LunaVicta has 90 seconds left.\n|c|\u2606orange overhaul|gg\n|\n|t:|1699392781\n|-terastallize|p2b: Flutter Mane|Fairy\n|move|p1a: Ursaluna|Protect|p1a: Ursaluna\n|-singleturn|p1a: Ursaluna|Protect\n|move|p2b: Flutter Mane|Dazzling Gleam|p1b: Diancie|[spread] p1b\n|-activate|p1a: Ursaluna|move: Protect\n|-damage|p1b: Diancie|0 fnt\n|faint|p1b: Diancie\n|\n|-heal|p1a: Ursaluna|27\/100 brn|[from] Grassy Terrain\n|-damage|p1a: Ursaluna|20\/100 brn|[from] brn\n|-fieldend|move: Grassy Terrain\n|upkeep\n|\n|t:|1699392794\n|switch|p1b: Incineroar|Incineroar, F|64\/100\n|-ability|p1b: Incineroar|Intimidate|boost\n|-unboost|p2b: Flutter Mane|atk|1\n|turn|11\n|inactive|LunaVicta has 90 seconds left.\n|\n|t:|1699392819\n|move|p2b: Flutter Mane|Dazzling Gleam|p1b: Incineroar|[spread] p1a,p1b\n|-crit|p1a: Ursaluna\n|-damage|p1a: Ursaluna|0 fnt\n|-damage|p1b: Incineroar|17\/100\n|faint|p1a: Ursaluna\n|move|p1b: Incineroar|Parting Shot|p2b: Flutter Mane\n|-unboost|p2b: Flutter Mane|atk|1\n|-unboost|p2b: Flutter Mane|spa|1\n|\n|t:|1699392833\n|switch|p1b: Gothitelle|Gothitelle, F|100\/100|[from] Parting Shot\n|\n|upkeep\n|\n|t:|1699392840\n|switch|p1a: Incineroar|Incineroar, F|17\/100\n|-ability|p1a: Incineroar|Intimidate|boost\n|-unboost|p2b: Flutter Mane|atk|1\n|turn|12\n|inactive|LunaVicta has 90 seconds left.\n|\n|t:|1699392858\n|move|p2b: Flutter Mane|Dazzling Gleam|p1a: Incineroar|[spread] p1a,p1b\n|-damage|p1a: Incineroar|0 fnt\n|-damage|p1b: Gothitelle|66\/100\n|faint|p1a: Incineroar\n|move|p1b: Gothitelle|Psychic|p2b: Flutter Mane\n|-damage|p2b: Flutter Mane|74\/100\n|\n|upkeep\n|\n|t:|1699392862\n|switch|p1a: Salamence|Salamence, F|100\/100\n|-ability|p1a: Salamence|Intimidate|boost\n|-unboost|p2b: Flutter Mane|atk|1\n|turn|13\n|\n|t:|1699392874\n|detailschange|p1a: Salamence|Salamence-Mega, F\n|-mega|p1a: Salamence|Salamence|Salamencite\n|move|p1a: Salamence|Hyper Voice|p2b: Flutter Mane\n|-damage|p2b: Flutter Mane|28\/100\n|move|p2b: Flutter Mane|Dazzling Gleam|p1b: Gothitelle|[spread] p1a,p1b\n|-supereffective|p1a: Salamence\n|-damage|p1a: Salamence|9\/100\n|-damage|p1b: Gothitelle|34\/100\n|-enditem|p1b: Gothitelle|Sitrus Berry|[eat]\n|-heal|p1b: Gothitelle|59\/100|[from] item: Sitrus Berry\n|move|p1b: Gothitelle|Psychic|p2b: Flutter Mane\n|-damage|p2b: Flutter Mane|5\/100\n|\n|upkeep\n|turn|14\n|\n|t:|1699392884\n|move|p1a: Salamence|Hyper Voice|p2b: Flutter Mane\n|-damage|p2b: Flutter Mane|0 fnt\n|faint|p2b: Flutter Mane\n|-end|p2b: Flutter Mane|Protosynthesis|[silent]\n|\n|win|LunaVicta\n|raw|LunaVicta's rating: 1543 &rarr; <strong>1564<\/strong><br \/>(+21 for winning)\n|raw|orange overhaul's rating: 1560 &rarr; <strong>1539<\/strong><br \/>(-21 for losing)\n|c|\u2606LunaVicta|gg\n|c|\u2606orange overhaul|gg\n|l|\u2606LunaVicta\n","uploadtime":1699392924,"views":5,"p1id":"lunavicta","p2id":"orangeoverhaul","formatid":"gen9nationaldexdoubles","rating":1539,"private":0,"password":""}