{"id":"gen9nationaldexdoubles-1992625053","p1":"wasbornatayoungagw","p2":"Karrottensirup","format":"[Gen 9] National Dex Doubles","log":"|j|\u2606wasbornatayoungagw\n|j|\u2606Karrottensirup\n|t:|1700216672\n|gametype|doubles\n|player|p1|wasbornatayoungagw|benga|1181\n|player|p2|Karrottensirup|bugcatcher-gen4dp|1074\n|teamsize|p1|6\n|teamsize|p2|6\n|gen|9\n|tier|[Gen 9] National Dex Doubles\n|rated|\n|rule|HP Percentage Mod: HP is shown in percentages\n|rule|Endless Battle Clause: Forcing endless battles is banned\n|rule|OHKO Clause: OHKO moves are banned\n|rule|Evasion Moves Clause: Evasion moves are banned\n|rule|Evasion Abilities Clause: Evasion abilities are banned\n|rule|Species Clause: Limit one of each Pok\u00e9mon\n|rule|Gravity Sleep Clause: The combination of sleep-inducing moves with imperfect accuracy and Gravity or Gigantamax Orbeetle are banned\n|clearpoke\n|poke|p1|Politoed, F|\n|poke|p1|Amoonguss, M|\n|poke|p1|Kabutops, M|\n|poke|p1|Tornadus, M|\n|poke|p1|Ogerpon-Wellspring, F|\n|poke|p1|Urshifu-*, M|\n|poke|p2|Banette, M|\n|poke|p2|Tornadus, M|\n|poke|p2|Iron Valiant|\n|poke|p2|Hatterene, F|\n|poke|p2|Iron Hands|\n|poke|p2|Slaking, M|\n|teampreview\n|inactive|Battle timer is ON: inactive players will automatically lose when time's up. (requested by Karrottensirup)\n|\n|t:|1700216697\n|start\n|switch|p1a: Tornadus|Tornadus, M|100\/100\n|switch|p1b: Kabutops|Kabutops, M|100\/100\n|switch|p2a: Tornadus|Tornadus, M|100\/100\n|switch|p2b: Banette|Banette, M|100\/100\n|turn|1\n|\n|t:|1700216706\n|detailschange|p2b: Banette|Banette-Mega, M\n|-mega|p2b: Banette|Banette|Banettite\n|move|p1a: Tornadus|Taunt|p2a: Tornadus\n|-start|p2a: Tornadus|move: Taunt\n|cant|p2a: Tornadus|move: Taunt|Metronome\n|move|p2b: Banette|Metronome|p2b: Banette\n|move|p2b: Banette|Double Team|p2b: Banette|[from]move: Metronome\n|-boost|p2b: Banette|evasion|1\n|move|p1b: Kabutops|Rock Slide|p2a: Tornadus|[spread] \n|-miss|p1b: Kabutops|p2a: Tornadus\n|-miss|p1b: Kabutops|p2b: Banette\n|\n|upkeep\n|turn|2\n|\n|t:|1700216725\n|switch|p2a: Iron Valiant|Iron Valiant|100\/100\n|move|p1a: Tornadus|Tailwind|p1a: Tornadus\n|-sidestart|p1: wasbornatayoungagw|move: Tailwind\n|move|p2b: Banette|Metronome|p2b: Banette\n|move|p2b: Banette|Sing|p1a: Tornadus|[from]move: Metronome\n|-status|p1a: Tornadus|slp|[from] move: Sing\n|move|p1b: Kabutops|Rock Slide|p2b: Banette|[spread] p2a\n|-miss|p1b: Kabutops|p2b: Banette\n|-resisted|p2a: Iron Valiant\n|-damage|p2a: Iron Valiant|75\/100\n|-damage|p1b: Kabutops|91\/100|[from] item: Life Orb\n|\n|-heal|p2a: Iron Valiant|81\/100|[from] item: Leftovers\n|upkeep\n|turn|3\n|c|\u2606Karrottensirup|Please dont use taun\n|\n|t:|1700216750\n|switch|p1b: Urshifu|Urshifu-Rapid-Strike, M|100\/100\n|cant|p1a: Tornadus|slp\n|move|p2b: Banette|Metronome|p2b: Banette\n|move|p2b: Banette|Recover||[from]move: Metronome|[still]\n|-fail|p2b: Banette|heal\n|move|p2a: Iron Valiant|Metronome|p2a: Iron Valiant\n|move|p2a: Iron Valiant|Pollen Puff|p1a: Tornadus|[from]move: Metronome\n|-resisted|p1a: Tornadus\n|-damage|p1a: Tornadus|88\/100 slp\n|\n|-heal|p2a: Iron Valiant|88\/100|[from] item: Leftovers\n|upkeep\n|turn|4\n|c|\u2606wasbornatayoungagw|what if i did\n|c|\u2606Karrottensirup|i would be sad\n|\n|t:|1700216764\n|cant|p1a: Tornadus|slp\n|move|p2b: Banette|Metronome|p2b: Banette\n|move|p2b: Banette|Swallow||[from]move: Metronome|[still]\n|-fail|p2b: Banette\n|move|p1b: Urshifu|Poison Jab|p2a: Iron Valiant\n|-supereffective|p2a: Iron Valiant\n|-damage|p2a: Iron Valiant|0 fnt\n|faint|p2a: Iron Valiant\n|-end|p2a: Iron Valiant|Quark Drive|[silent]\n|\n|upkeep\n|c|\u2606wasbornatayoungagw|i hope ur sad now\n|\n|t:|1700216776\n|switch|p2a: Hatterene|Hatterene, F|100\/100\n|turn|5\n|c|\u2606wasbornatayoungagw|i was born at a young age\n|\n|t:|1700216785\n|-curestatus|p1a: Tornadus|slp|[msg]\n|move|p1a: Tornadus|Taunt|p2a: Hatterene\n|move|p2a: Hatterene|Taunt|p1a: Tornadus|[from]ability: Magic Bounce\n|-start|p1a: Tornadus|move: Taunt\n|move|p2b: Banette|Metronome|p2b: Banette\n|move|p2b: Banette|Icy Wind|p1b: Urshifu|[from]move: Metronome|[spread] p1a,p1b\n|-supereffective|p1a: Tornadus\n|-resisted|p1b: Urshifu\n|-damage|p1a: Tornadus|73\/100\n|-damage|p1b: Urshifu|94\/100\n|-unboost|p1a: Tornadus|spe|1\n|-unboost|p1b: Urshifu|spe|1\n|move|p1b: Urshifu|Poison Jab|p2a: Hatterene\n|-supereffective|p2a: Hatterene\n|-damage|p2a: Hatterene|6\/100\n|move|p2a: Hatterene|Metronome|p2a: Hatterene\n|move|p2a: Hatterene|Tar Shot|p1b: Urshifu|[from]move: Metronome\n|-unboost|p1b: Urshifu|spe|1\n|-start|p1b: Urshifu|Tar Shot\n|\n|-heal|p2a: Hatterene|12\/100|[from] item: Leftovers\n|-sideend|p1: wasbornatayoungagw|move: Tailwind\n|upkeep\n|turn|6\n|c|\u2606Karrottensirup|Omg me 2\n|\n|t:|1700216808\n|move|p2b: Banette|Metronome|p2b: Banette\n|move|p2b: Banette|Dark Void|p1a: Tornadus|[from]move: Metronome\n|-fail|p2b: Banette|move: Dark Void\n|-hint|Only a Pokemon whose form is Darkrai can use this move.\n|move|p1a: Tornadus|Bleakwind Storm|p2a: Hatterene|[spread] p2a\n|-miss|p1a: Tornadus|p2b: Banette\n|-damage|p2a: Hatterene|0 fnt\n|faint|p2a: Hatterene\n|move|p1b: Urshifu|Poison Jab|p2b: Banette|[miss]\n|-miss|p1b: Urshifu|p2b: Banette\n|\n|upkeep\n|c|\u2606wasbornatayoungagw|WOAH\n|\n|t:|1700216819\n|switch|p2a: Tornadus|Tornadus, M|100\/100\n|turn|7\n|\n|t:|1700216834\n|switch|p1a: Politoed|Politoed, F|100\/100\n|-weather|RainDance|[from] ability: Drizzle|[of] p1a: Politoed\n|switch|p1b: Kabutops|Kabutops, M|91\/100\n|move|p2a: Tornadus|Metronome|p2a: Tornadus\n|move|p2a: Tornadus|Dire Claw|p1b: Kabutops|[from]move: Metronome\n|-resisted|p1b: Kabutops\n|-damage|p1b: Kabutops|74\/100\n|-status|p1b: Kabutops|psn\n|move|p2b: Banette|Metronome|p2b: Banette\n|move|p2b: Banette|Minimize|p2b: Banette|[from]move: Metronome\n|-boost|p2b: Banette|evasion|2\n|\n|-weather|RainDance|[upkeep]\n|-damage|p1b: Kabutops|62\/100 psn|[from] psn\n|upkeep\n|turn|8\n|c|\u2606Karrottensirup|Ye\n|n|!Karrottensirup|karrottensirup\n|\n|t:|1700216855\n|move|p2a: Tornadus|Metronome|p2a: Tornadus\n|move|p2a: Tornadus|Sandsear Storm|p1a: Politoed|[from]move: Metronome|[spread] p1a,p1b\n|-supereffective|p1b: Kabutops\n|-damage|p1a: Politoed|75\/100\n|-damage|p1b: Kabutops|0 fnt\n|faint|p1b: Kabutops\n|move|p2b: Banette|Metronome|p2b: Banette\n|move|p2b: Banette|Cross Poison|p1a: Politoed|[from]move: Metronome\n|-damage|p1a: Politoed|50\/100\n|move|p1a: Politoed|Haze|p1a: Politoed\n|-clearallboost\n|\n|-weather|RainDance|[upkeep]\n|-heal|p1a: Politoed|57\/100|[from] item: Leftovers\n|upkeep\n|\n|t:|1700216876\n|switch|p1b: Tornadus|Tornadus, M|73\/100\n|turn|9\n|\n|t:|1700216894\n|move|p1b: Tornadus|Taunt|p2b: Banette\n|-start|p2b: Banette|move: Taunt\n|move|p2a: Tornadus|Metronome|p2a: Tornadus\n|move|p2a: Tornadus|Super Fang|p1a: Politoed|[from]move: Metronome\n|-damage|p1a: Politoed|29\/100\n|cant|p2b: Banette|move: Taunt|Metronome\n|move|p1a: Politoed|Toxic|p2a: Tornadus\n|-status|p2a: Tornadus|tox\n|\n|-weather|RainDance|[upkeep]\n|-heal|p1a: Politoed|35\/100|[from] item: Leftovers\n|-damage|p2a: Tornadus|94\/100 tox|[from] psn\n|upkeep\n|turn|10\n|\n|t:|1700216913\n|switch|p2b: Slaking|Slaking, M|100\/100\n|move|p1b: Tornadus|Taunt|p2a: Tornadus\n|-start|p2a: Tornadus|move: Taunt\n|cant|p2a: Tornadus|move: Taunt|Metronome\n|move|p1a: Politoed|Toxic|p2b: Slaking\n|-status|p2b: Slaking|tox\n|\n|-weather|RainDance|[upkeep]\n|-heal|p1a: Politoed|41\/100|[from] item: Leftovers\n|-damage|p2a: Tornadus|82\/100 tox|[from] psn\n|-damage|p2b: Slaking|94\/100 tox|[from] psn\n|upkeep\n|turn|11\n|\n|t:|1700216927\n|move|p1a: Politoed|Protect|p1a: Politoed\n|-singleturn|p1a: Politoed|Protect\n|move|p1b: Tornadus|Tailwind|p1b: Tornadus\n|-sidestart|p1: wasbornatayoungagw|move: Tailwind\n|-activate|p2a: Tornadus|move: Struggle\n|move|p2a: Tornadus|Struggle|p1a: Politoed\n|-activate|p1a: Politoed|move: Protect\n|move|p2b: Slaking|Metronome|p2b: Slaking\n|move|p2b: Slaking|Razor Leaf|p1a: Politoed|[from]move: Metronome|[spread] p1b\n|-activate|p1a: Politoed|move: Protect\n|-resisted|p1b: Tornadus\n|-damage|p1b: Tornadus|57\/100\n|\n|-weather|none\n|-heal|p1a: Politoed|47\/100|[from] item: Leftovers\n|-damage|p2a: Tornadus|64\/100 tox|[from] psn\n|-damage|p2b: Slaking|82\/100 tox|[from] psn\n|upkeep\n|turn|12\n|\n|t:|1700216948\n|switch|p2a: Iron Hands|Iron Hands|100\/100\n|-enditem|p2a: Iron Hands|Booster Energy\n|-activate|p2a: Iron Hands|ability: Quark Drive|[fromitem]\n|-start|p2a: Iron Hands|quarkdriveatk\n|move|p1b: Tornadus|Taunt|p2b: Slaking\n|-start|p2b: Slaking|move: Taunt\n|move|p1a: Politoed|Scald|p2a: Iron Hands\n|-damage|p2a: Iron Hands|76\/100\n|cant|p2b: Slaking|ability: Truant\n|\n|-heal|p1a: Politoed|54\/100|[from] item: Leftovers\n|-damage|p2b: Slaking|64\/100 tox|[from] psn\n|upkeep\n|turn|13\n|\n|t:|1700216957\n|move|p1b: Tornadus|Taunt|p2a: Iron Hands\n|-start|p2a: Iron Hands|move: Taunt\n|move|p1a: Politoed|Toxic|p2a: Iron Hands\n|-status|p2a: Iron Hands|tox\n|-activate|p2b: Slaking|move: Struggle\n|move|p2b: Slaking|Struggle|p1b: Tornadus\n|-damage|p1b: Tornadus|16\/100\n|-damage|p2b: Slaking|39\/100 tox|[from] recoil\n|cant|p2a: Iron Hands|move: Taunt|Metronome\n|\n|-heal|p1a: Politoed|60\/100|[from] item: Leftovers\n|-damage|p2b: Slaking|14\/100 tox|[from] psn\n|-damage|p2a: Iron Hands|69\/100 tox|[from] psn\n|upkeep\n|turn|14\n|-message|Karrottensirup forfeited.\n|\n|win|wasbornatayoungagw\n|raw|wasbornatayoungagw's rating: 1181 &rarr; <strong>1199<\/strong><br \/>(+18 for winning)\n|raw|Karrottensirup's rating: 1074 &rarr; <strong>1059<\/strong><br \/>(-15 for losing)\n","uploadtime":1700216852,"views":5,"p1id":"wasbornatayoungagw","p2id":"karrottensirup","formatid":"gen9nationaldexdoubles","rating":1059,"private":0,"password":""}