{"id":"gen9nationaldexdoubles-1998384712","p1":"Theadonia","p2":"Skipper2165","format":"[Gen 9] National Dex Doubles","log":"|j|\u2606Theadonia\n|j|\u2606Skipper2165\n|t:|1700936337\n|gametype|doubles\n|player|p1|Theadonia|roxie|1111\n|player|p2|Skipper2165|170|1032\n|teamsize|p1|6\n|teamsize|p2|6\n|gen|9\n|tier|[Gen 9] National Dex Doubles\n|rated|\n|rule|HP Percentage Mod: HP is shown in percentages\n|rule|Endless Battle Clause: Forcing endless battles is banned\n|rule|OHKO Clause: OHKO moves are banned\n|rule|Evasion Moves Clause: Evasion moves are banned\n|rule|Evasion Abilities Clause: Evasion abilities are banned\n|rule|Species Clause: Limit one of each Pok\u00e9mon\n|rule|Gravity Sleep Clause: The combination of sleep-inducing moves with imperfect accuracy and Gravity or Gigantamax Orbeetle are banned\n|clearpoke\n|poke|p1|Delphox, F|\n|poke|p1|Oricorio-Sensu, F|\n|poke|p1|Kommo-o, F|\n|poke|p1|Wailord, F|\n|poke|p1|Cresselia, F|\n|poke|p1|Ribombee, M|\n|poke|p2|Jolteon, F|\n|poke|p2|Toxicroak, F|\n|poke|p2|Pelipper, F|\n|poke|p2|Ludicolo, M|\n|poke|p2|Swampert, F|\n|poke|p2|Politoed, M|\n|teampreview\n|\n|t:|1700936345\n|start\n|switch|p1a: Oricorio|Oricorio-Sensu, F, shiny|100\/100\n|switch|p1b: Ribombee|Ribombee, M|100\/100\n|switch|p2a: Politoed|Politoed, M|100\/100\n|switch|p2b: Jolteon|Jolteon, F|100\/100\n|-weather|RainDance|[from] ability: Drizzle|[of] p2a: Politoed\n|turn|1\n|\n|t:|1700936363\n|-terastallize|p1a: Oricorio|Fairy\n|move|p2b: Jolteon|Thunder|p1a: Oricorio\n|-damage|p1a: Oricorio|30\/100\n|move|p1b: Ribombee|Quiver Dance|p1b: Ribombee\n|-boost|p1b: Ribombee|spa|1\n|-boost|p1b: Ribombee|spd|1\n|-boost|p1b: Ribombee|spe|1\n|-activate|p1a: Oricorio|ability: Dancer\n|move|p1a: Oricorio|Quiver Dance|p1a: Oricorio|[from]ability: Dancer\n|-boost|p1a: Oricorio|spa|1\n|-boost|p1a: Oricorio|spd|1\n|-boost|p1a: Oricorio|spe|1\n|move|p1a: Oricorio|Quiver Dance|p1a: Oricorio\n|-boost|p1a: Oricorio|spa|1\n|-boost|p1a: Oricorio|spd|1\n|-boost|p1a: Oricorio|spe|1\n|move|p2a: Politoed|Belly Drum|p2a: Politoed\n|-damage|p2a: Politoed|51\/100\n|-setboost|p2a: Politoed|atk|6|[from] move: Belly Drum\n|\n|-weather|RainDance|[upkeep]\n|-heal|p2a: Politoed|57\/100|[from] item: Leftovers\n|upkeep\n|turn|2\n|\n|t:|1700936402\n|move|p1b: Ribombee|Pollen Puff|p1a: Oricorio\n|-heal|p1a: Oricorio|80\/100\n|move|p1a: Oricorio|Revelation Dance|p2a: Politoed\n|-damage|p2a: Politoed|0 fnt\n|faint|p2a: Politoed\n|move|p2b: Jolteon|Thunder|p1a: Oricorio\n|-damage|p1a: Oricorio|49\/100\n|\n|-weather|RainDance|[upkeep]\n|upkeep\n|\n|t:|1700936420\n|switch|p2a: Toxicroak|Toxicroak, F|100\/100\n|turn|3\n|\n|t:|1700936432\n|move|p1b: Ribombee|Quiver Dance|p1b: Ribombee\n|-boost|p1b: Ribombee|spa|1\n|-boost|p1b: Ribombee|spd|1\n|-boost|p1b: Ribombee|spe|1\n|-activate|p1a: Oricorio|ability: Dancer\n|move|p1a: Oricorio|Quiver Dance|p1a: Oricorio|[from]ability: Dancer\n|-boost|p1a: Oricorio|spa|1\n|-boost|p1a: Oricorio|spd|1\n|-boost|p1a: Oricorio|spe|1\n|move|p1a: Oricorio|Substitute|p1a: Oricorio\n|-start|p1a: Oricorio|Substitute\n|-damage|p1a: Oricorio|24\/100\n|-enditem|p1a: Oricorio|Aguav Berry|[eat]\n|-heal|p1a: Oricorio|58\/100|[from] item: Aguav Berry\n|move|p2b: Jolteon|Thunder|p1a: Oricorio\n|-end|p1a: Oricorio|Substitute\n|move|p2a: Toxicroak|Poison Jab|p1b: Ribombee\n|-supereffective|p1b: Ribombee\n|-enditem|p1b: Ribombee|Focus Sash\n|-damage|p1b: Ribombee|1\/100\n|\n|-weather|RainDance|[upkeep]\n|upkeep\n|turn|4\n|\n|t:|1700936453\n|move|p1b: Ribombee|Quiver Dance|p1b: Ribombee\n|-boost|p1b: Ribombee|spa|1\n|-boost|p1b: Ribombee|spd|1\n|-boost|p1b: Ribombee|spe|1\n|-activate|p1a: Oricorio|ability: Dancer\n|move|p1a: Oricorio|Quiver Dance|p1a: Oricorio|[from]ability: Dancer\n|-boost|p1a: Oricorio|spa|1\n|-boost|p1a: Oricorio|spd|1\n|-boost|p1a: Oricorio|spe|1\n|move|p1a: Oricorio|Substitute|p1a: Oricorio\n|-start|p1a: Oricorio|Substitute\n|-damage|p1a: Oricorio|33\/100\n|move|p2b: Jolteon|Thunder|p1a: Oricorio\n|-crit|p1a: Oricorio\n|-end|p1a: Oricorio|Substitute\n|move|p2a: Toxicroak|Poison Jab|p1b: Ribombee\n|-supereffective|p1b: Ribombee\n|-damage|p1b: Ribombee|0 fnt\n|faint|p1b: Ribombee\n|\n|-weather|RainDance|[upkeep]\n|upkeep\n|\n|t:|1700936470\n|switch|p1b: Cresselia|Cresselia, F|100\/100\n|turn|5\n|\n|t:|1700936480\n|move|p1a: Oricorio|Baton Pass|p1a: Oricorio\n|\n|t:|1700936485\n|switch|p1a: Kommo-o|Kommo-o, F, shiny|100\/100|[from] Baton Pass\n|move|p2b: Jolteon|Shadow Ball|p1b: Cresselia\n|-supereffective|p1b: Cresselia\n|-damage|p1b: Cresselia|66\/100\n|move|p2a: Toxicroak|Poison Jab|p1a: Kommo-o\n|-crit|p1a: Kommo-o\n|-damage|p1a: Kommo-o|43\/100\n|move|p1b: Cresselia|Psych Up|p1a: Kommo-o\n|-copyboost|p1b: Cresselia|p1a: Kommo-o|[from] move: Psych Up\n|\n|-weather|none\n|-heal|p1b: Cresselia|72\/100|[from] item: Leftovers\n|upkeep\n|turn|6\n|\n|t:|1700936506\n|-zpower|p1a: Kommo-o\n|move|p1a: Kommo-o|Clangorous Soulblaze|p2b: Jolteon|[zeffect]|[spread] p2a,p2b\n|-damage|p2a: Toxicroak|0 fnt\n|-damage|p2b: Jolteon|0 fnt\n|faint|p2a: Toxicroak\n|faint|p2b: Jolteon\n|-boost|p1a: Kommo-o|atk|1\n|-boost|p1a: Kommo-o|def|1\n|-boost|p1a: Kommo-o|spa|1\n|-boost|p1a: Kommo-o|spd|1\n|-boost|p1a: Kommo-o|spe|1\n|move|p1b: Cresselia|Lunar Blessing|p1b: Cresselia|[spread] p1a,p1b\n|-heal|p1a: Kommo-o|69\/100\n|-heal|p1b: Cresselia|97\/100\n|\n|-heal|p1b: Cresselia|100\/100|[from] item: Leftovers\n|upkeep\n|\n|t:|1700936529\n|switch|p2b: Ludicolo|Ludicolo, M|100\/100\n|switch|p2a: Pelipper|Pelipper, F|100\/100\n|-weather|RainDance|[from] ability: Drizzle|[of] p2a: Pelipper\n|turn|7\n|\n|t:|1700936540\n|move|p1a: Kommo-o|Poison Jab|p2b: Ludicolo\n|-supereffective|p2b: Ludicolo\n|-damage|p2b: Ludicolo|0 fnt\n|faint|p2b: Ludicolo\n|move|p1b: Cresselia|Stored Power|p2a: Pelipper\n|-damage|p2a: Pelipper|0 fnt\n|faint|p2a: Pelipper\n|\n|-weather|RainDance|[upkeep]\n|upkeep\n|\n|t:|1700936567\n|switch|p2b: Swampert|Swampert, F|100\/100\n|turn|8\n|\n|t:|1700936572\n|move|p1a: Kommo-o|Drain Punch|p2b: Swampert\n|-damage|p2b: Swampert|54\/100\n|-heal|p1a: Kommo-o|100\/100|[from] drain|[of] p2b: Swampert\n|move|p1b: Cresselia|Stored Power|p2b: Swampert\n|-damage|p2b: Swampert|0 fnt\n|faint|p2b: Swampert\n|\n|win|Theadonia\n|raw|Theadonia's rating: 1111 &rarr; <strong>1130<\/strong><br \/>(+19 for winning)\n|raw|Skipper2165's rating: 1032 &rarr; <strong>1021<\/strong><br \/>(-11 for losing)\n|c|\u2606Theadonia|Gg\n","uploadtime":1700936605,"views":0,"p1id":"theadonia","p2id":"skipper2165","formatid":"gen9nationaldexdoubles","rating":1021,"private":0,"password":""}