{"id":"gen9nationaldexdoubles-1947526579","p1":"LavenderHeights","p2":"Theadonia","format":"[Gen 9] National Dex Doubles","log":"|j|\u2606LavenderHeights\n|j|\u2606Theadonia\n|t:|1695169342\n|gametype|doubles\n|player|p1|LavenderHeights|veteranf|1083\n|player|p2|Theadonia|caitlin|1106\n|teamsize|p1|6\n|teamsize|p2|6\n|gen|9\n|tier|[Gen 9] National Dex Doubles\n|rated|\n|rule|HP Percentage Mod: HP is shown in percentages\n|rule|Endless Battle Clause: Forcing endless battles is banned\n|rule|OHKO Clause: OHKO moves are banned\n|rule|Evasion Moves Clause: Evasion moves are banned\n|rule|Evasion Abilities Clause: Evasion abilities are banned\n|rule|Species Clause: Limit one of each Pok\u00e9mon\n|rule|Gravity Sleep Clause: The combination of sleep-inducing moves with imperfect accuracy and Gravity or Gigantamax Orbeetle are banned\n|clearpoke\n|poke|p1|Sinistcha-Masterpiece|\n|poke|p1|Umbreon, F|\n|poke|p1|Sylveon, F|\n|poke|p1|Dipplin, M|\n|poke|p1|Oricorio, F|\n|poke|p1|Fezandipiti, M|\n|poke|p2|Murkrow, M|\n|poke|p2|Sableye, F|\n|poke|p2|Shuckle, M|\n|poke|p2|Flutter Mane|\n|poke|p2|Chansey, F|\n|poke|p2|Gardevoir, F|\n|teampreview\n|\n|t:|1695169357\n|start\n|switch|p1a: Notch|Dipplin, M, shiny|100\/100\n|switch|p1b: Shen|Fezandipiti, M|100\/100\n|switch|p2a: Shuckle|Shuckle, M|100\/100\n|switch|p2b: Flutter Mane|Flutter Mane|100\/100\n|-ability|p1a: Notch|Supersweet Syrup\n|-ability|p1a: Notch|Supersweet Syrup|boost\n|-boost|p2a: Shuckle|evasion|1\n|-unboost|p2b: Flutter Mane|evasion|1\n|turn|1\n|\n|t:|1695169376\n|-terastallize|p2a: Shuckle|Poison\n|move|p1a: Notch|Sucker Punch||[still]\n|-fail|p1a: Notch\n|move|p2b: Flutter Mane|Fake Tears|p2a: Shuckle\n|-boost|p2a: Shuckle|spd|2\n|move|p1b: Shen|Tailwind|p1b: Shen\n|-sidestart|p1: LavenderHeights|move: Tailwind\n|move|p2a: Shuckle|Shell Smash|p2a: Shuckle\n|-boost|p2a: Shuckle|def|1\n|-boost|p2a: Shuckle|spd|1\n|-unboost|p2a: Shuckle|atk|2\n|-unboost|p2a: Shuckle|spa|2\n|-unboost|p2a: Shuckle|spe|2\n|\n|upkeep\n|turn|2\n|\n|t:|1695169401\n|move|p1b: Shen|Gunk Shot|p2a: Shuckle\n|-resisted|p2a: Shuckle\n|-crit|p2a: Shuckle\n|-damage|p2a: Shuckle|77\/100\n|move|p2b: Flutter Mane|Fake Tears|p2a: Shuckle\n|-boost|p2a: Shuckle|spd|2\n|move|p1a: Notch|Energy Ball|p2a: Shuckle\n|-resisted|p2a: Shuckle\n|-damage|p2a: Shuckle|74\/100\n|move|p2a: Shuckle|Toxic|p1a: Notch\n|-status|p1a: Notch|tox\n|\n|-heal|p2a: Shuckle|80\/100|[from] item: Black Sludge\n|-damage|p1a: Notch|94\/100 tox|[from] psn\n|upkeep\n|turn|3\n|\n|t:|1695169423\n|move|p1b: Shen|Gunk Shot|p2b: Flutter Mane\n|-damage|p2b: Flutter Mane|7\/100\n|-status|p2b: Flutter Mane|tox|[from] ability: Toxic Chain|[of] p1b: Shen\n|-enditem|p2b: Flutter Mane|Red Card|[of] p1b: Shen\n|drag|p1b: Vee|Sylveon, F, shiny|100\/100\n|move|p2b: Flutter Mane|Dazzling Gleam|p1a: Notch|[spread] p1a,p1b\n|-supereffective|p1a: Notch\n|-damage|p1a: Notch|58\/100 tox\n|-damage|p1b: Vee|81\/100\n|move|p1a: Notch|Energy Ball|p2a: Shuckle\n|-resisted|p2a: Shuckle\n|-damage|p2a: Shuckle|78\/100\n|move|p2a: Shuckle|Infestation|p1b: Vee\n|-resisted|p1b: Vee\n|-damage|p1b: Vee|81\/100\n|-activate|p1b: Vee|move: Infestation|[of] p2a: Shuckle\n|\n|-heal|p2a: Shuckle|84\/100|[from] item: Black Sludge\n|-damage|p2b: Flutter Mane|1\/100 tox|[from] psn\n|-damage|p1a: Notch|46\/100 tox|[from] psn\n|-damage|p1b: Vee|69\/100|[from] move: Infestation|[partiallytrapped]\n|upkeep\n|turn|4\n|\n|t:|1695169445\n|move|p2b: Flutter Mane|Fake Tears|p2a: Shuckle\n|-boost|p2a: Shuckle|spd|1\n|move|p1b: Vee|Wish|p1b: Vee\n|move|p1a: Notch|Recover|p1a: Notch\n|-heal|p1a: Notch|96\/100 tox\n|move|p2a: Shuckle|Toxic|p1b: Vee\n|-status|p1b: Vee|tox\n|\n|-heal|p2a: Shuckle|90\/100|[from] item: Black Sludge\n|-damage|p2b: Flutter Mane|0 fnt|[from] psn\n|faint|p2b: Flutter Mane\n|-end|p2b: Flutter Mane|Protosynthesis|[silent]\n|-damage|p1b: Vee|62\/100 tox|[from] psn\n|-damage|p1a: Notch|77\/100 tox|[from] psn\n|-damage|p1b: Vee|50\/100 tox|[from] move: Infestation|[partiallytrapped]\n|-sideend|p1: LavenderHeights|move: Tailwind\n|upkeep\n|\n|t:|1695169455\n|switch|p2b: Gardevoir|Gardevoir, F|100\/100\n|-ability|p2b: Gardevoir|Supersweet Syrup\n|-ability|p2b: Gardevoir|Supersweet Syrup|boost\n|-unboost|p1a: Notch|evasion|1\n|-unboost|p1b: Vee|evasion|1\n|-ability|p2b: Gardevoir|Supersweet Syrup|[from] ability: Trace|[of] p1a: Notch\n|turn|5\n|\n|t:|1695169478\n|detailschange|p2b: Gardevoir|Gardevoir-Mega, F\n|-mega|p2b: Gardevoir|Gardevoir|Gardevoirite\n|-terastallize|p1a: Notch|Grass\n|move|p2b: Gardevoir|Snatch|p2b: Gardevoir\n|-singleturn|p2b: Gardevoir|Snatch\n|move|p1b: Vee|Tera Blast|p2a: Shuckle\n|-resisted|p2a: Shuckle\n|-damage|p2a: Shuckle|85\/100\n|move|p1a: Notch|Energy Ball|p2b: Gardevoir\n|-damage|p2b: Gardevoir|62\/100\n|move|p2a: Shuckle|Shell Smash|p2a: Shuckle\n|-activate|p2b: Gardevoir|move: Snatch|[of] p2a: Shuckle\n|move|p2b: Gardevoir|Shell Smash|p2b: Gardevoir|[from]Snatch\n|-unboost|p2b: Gardevoir|def|1\n|-unboost|p2b: Gardevoir|spd|1\n|-boost|p2b: Gardevoir|atk|2\n|-boost|p2b: Gardevoir|spa|2\n|-boost|p2b: Gardevoir|spe|2\n|\n|-heal|p1b: Vee|99\/100 tox|[from] move: Wish|[wisher] Vee\n|-heal|p2a: Shuckle|91\/100|[from] item: Black Sludge\n|-damage|p1b: Vee|88\/100 tox|[from] psn\n|-damage|p1a: Notch|53\/100 tox|[from] psn\n|-damage|p1b: Vee|75\/100 tox|[from] move: Infestation|[partiallytrapped]\n|upkeep\n|turn|6\n|\n|t:|1695169515\n|move|p2b: Gardevoir|Stored Power|p1b: Vee\n|-damage|p1b: Vee|0 fnt\n|faint|p1b: Vee\n|move|p1a: Notch|Recover|p1a: Notch\n|-heal|p1a: Notch|100\/100 tox\n|move|p2a: Shuckle|Shell Smash|p2a: Shuckle\n|-boost|p2a: Shuckle|def|1\n|-boost|p2a: Shuckle|spd|0\n|-unboost|p2a: Shuckle|atk|2\n|-unboost|p2a: Shuckle|spa|2\n|-unboost|p2a: Shuckle|spe|2\n|\n|-heal|p2a: Shuckle|97\/100|[from] item: Black Sludge\n|-damage|p1a: Notch|70\/100 tox|[from] psn\n|upkeep\n|\n|t:|1695169528\n|switch|p1b: Shen|Fezandipiti, M|100\/100\n|turn|7\n|\n|t:|1695169544\n|move|p1a: Notch|Sucker Punch|p2b: Gardevoir\n|-damage|p2b: Gardevoir|24\/100\n|move|p2b: Gardevoir|Stored Power|p1b: Shen\n|-supereffective|p1b: Shen\n|-damage|p1b: Shen|0 fnt\n|faint|p1b: Shen\n|move|p2a: Shuckle|Infestation|p1a: Notch\n|-supereffective|p1a: Notch\n|-damage|p1a: Notch|70\/100 tox\n|-activate|p1a: Notch|move: Infestation|[of] p2a: Shuckle\n|\n|-heal|p2a: Shuckle|100\/100|[from] item: Black Sludge\n|-damage|p1a: Notch|33\/100 tox|[from] psn\n|-damage|p1a: Notch|21\/100 tox|[from] move: Infestation|[partiallytrapped]\n|upkeep\n|\n|t:|1695169559\n|switch|p1b: Katrina|Oricorio, F, shiny|100\/100\n|turn|8\n|\n|t:|1695169572\n|move|p2b: Gardevoir|Snatch|p2b: Gardevoir\n|-singleturn|p2b: Gardevoir|Snatch\n|move|p1a: Notch|Sucker Punch||[still]\n|-fail|p1a: Notch\n|move|p1b: Katrina|Hurricane|p2b: Gardevoir\n|-damage|p2b: Gardevoir|0 fnt\n|faint|p2b: Gardevoir\n|move|p2a: Shuckle|Shell Smash|p2a: Shuckle\n|-boost|p2a: Shuckle|def|1\n|-boost|p2a: Shuckle|spd|0\n|-unboost|p2a: Shuckle|atk|2\n|-unboost|p2a: Shuckle|spa|2\n|-unboost|p2a: Shuckle|spe|2\n|\n|-damage|p1a: Notch|0 fnt|[from] psn\n|faint|p1a: Notch\n|upkeep\n|\n|t:|1695169585\n|switch|p2b: Sableye|Sableye, F|100\/100\n|switch|p1a: Hauntead|Sinistcha-Masterpiece|100\/100\n|turn|9\n|\n|t:|1695169596\n|move|p2b: Sableye|Trick|p1b: Katrina\n|-activate|p2b: Sableye|move: Trick|[of] p1b: Katrina\n|-item|p1b: Katrina|Eject Button|[from] move: Trick\n|-item|p2b: Sableye|Expert Belt|[from] move: Trick\n|move|p1b: Katrina|Revelation Dance|p2b: Sableye\n|-damage|p2b: Sableye|38\/100\n|move|p1a: Hauntead|Shadow Ball|p2a: Shuckle\n|-damage|p2a: Shuckle|94\/100\n|move|p2a: Shuckle|Infestation|p1b: Katrina\n|-resisted|p1b: Katrina\n|-damage|p1b: Katrina|99\/100\n|-activate|p1b: Katrina|move: Infestation|[of] p2a: Shuckle\n|-enditem|p1b: Katrina|Eject Button\n|\n|t:|1695169608\n|switch|p1b: Bree|Umbreon, F, shiny|100\/100\n|\n|-heal|p2a: Shuckle|99\/100|[from] item: Black Sludge\n|upkeep\n|turn|10\n|\n|t:|1695169619\n|move|p2b: Sableye|Recover|p2b: Sableye\n|-heal|p2b: Sableye|88\/100\n|move|p1a: Hauntead|Energy Ball|p2b: Sableye\n|-damage|p2b: Sableye|9\/100\n|move|p1b: Bree|Dark Pulse|p2b: Sableye\n|-damage|p2b: Sableye|0 fnt\n|faint|p2b: Sableye\n|move|p2a: Shuckle|Infestation|p1b: Bree\n|-supereffective|p1b: Bree\n|-damage|p1b: Bree|99\/100\n|-activate|p1b: Bree|move: Infestation|[of] p2a: Shuckle\n|\n|-heal|p1b: Bree|100\/100|[from] item: Leftovers\n|-heal|p2a: Shuckle|100\/100|[from] item: Black Sludge\n|-damage|p1b: Bree|88\/100|[from] move: Infestation|[partiallytrapped]\n|upkeep\n|\n|t:|1695169626\n|switch|p2b: Murkrow|Murkrow, M|100\/100\n|turn|11\n|\n|t:|1695169642\n|move|p1a: Hauntead|Protect|p1a: Hauntead\n|-singleturn|p1a: Hauntead|Protect\n|move|p2b: Murkrow|Psych Up|p2a: Shuckle\n|-copyboost|p2b: Murkrow|p2a: Shuckle|[from] move: Psych Up\n|move|p1b: Bree|Dark Pulse|p2a: Shuckle|[miss]\n|-miss|p1b: Bree|p2a: Shuckle\n|move|p2a: Shuckle|Infestation|p1a: Hauntead\n|-activate|p1a: Hauntead|move: Protect\n|\n|-heal|p1b: Bree|94\/100|[from] item: Leftovers\n|-damage|p1b: Bree|82\/100|[from] move: Infestation|[partiallytrapped]\n|upkeep\n|turn|12\n|\n|t:|1695169663\n|switch|p1a: Katrina|Oricorio, F, shiny|99\/100\n|move|p1b: Bree|Dark Pulse|p2a: Shuckle\n|-damage|p2a: Shuckle|98\/100\n|move|p2b: Murkrow|Foul Play|p1a: Katrina\n|-damage|p1a: Katrina|73\/100\n|move|p2a: Shuckle|Toxic|p1b: Bree\n|-status|p1b: Bree|tox\n|-activate|p1b: Bree|ability: Synchronize\n|-immune|p2a: Shuckle\n|\n|-heal|p1b: Bree|88\/100 tox|[from] item: Leftovers\n|-heal|p2a: Shuckle|100\/100|[from] item: Black Sludge\n|-damage|p1b: Bree|82\/100 tox|[from] psn\n|-damage|p1b: Bree|69\/100 tox|[from] move: Infestation|[partiallytrapped]\n|upkeep\n|turn|13\n|\n|t:|1695169685\n|move|p1a: Katrina|Revelation Dance|p2b: Murkrow|[miss]\n|-miss|p1a: Katrina|p2b: Murkrow\n|move|p1b: Bree|Moonlight|p1b: Bree\n|-heal|p1b: Bree|100\/100 tox\n|move|p2b: Murkrow|Foul Play|p1a: Katrina\n|-damage|p1a: Katrina|45\/100\n|move|p2a: Shuckle|Toxic|p1a: Katrina\n|-status|p1a: Katrina|tox\n|\n|-damage|p1a: Katrina|39\/100 tox|[from] psn\n|-damage|p1b: Bree|88\/100 tox|[from] psn\n|-damage|p1b: Bree|76\/100 tox|[from] move: Infestation|[partiallytrapped]\n|upkeep\n|turn|14\n|\n|t:|1695169708\n|move|p1a: Katrina|Revelation Dance|p2b: Murkrow|[miss]\n|-miss|p1a: Katrina|p2b: Murkrow\n|move|p1b: Bree|Wish|p1b: Bree\n|move|p2b: Murkrow|Foul Play|p1a: Katrina\n|-damage|p1a: Katrina|11\/100 tox\n|move|p2a: Shuckle|Infestation|p1a: Katrina\n|-resisted|p1a: Katrina\n|-damage|p1a: Katrina|10\/100 tox\n|-activate|p1a: Katrina|move: Infestation|[of] p2a: Shuckle\n|\n|-heal|p1b: Bree|82\/100 tox|[from] item: Leftovers\n|-damage|p1a: Katrina|0 fnt|[from] psn\n|faint|p1a: Katrina\n|-damage|p1b: Bree|64\/100 tox|[from] psn\n|-end|p1b: Bree|Infestation|[partiallytrapped]\n|upkeep\n|\n|t:|1695169723\n|switch|p1a: Hauntead|Sinistcha-Masterpiece|100\/100\n|-heal|p1b: Bree|89\/100 tox|[from] ability: Hospitality|[of] p1a: Hauntead\n|turn|15\n|\n|t:|1695169731\n|move|p2b: Murkrow|Snatch|p2b: Murkrow\n|-singleturn|p2b: Murkrow|Snatch\n|move|p1a: Hauntead|Protect|p1a: Hauntead\n|-singleturn|p1a: Hauntead|Protect\n|move|p1b: Bree|Protect|p1b: Bree\n|-singleturn|p1b: Bree|Protect\n|move|p2a: Shuckle|Shell Smash|p2a: Shuckle\n|-activate|p2b: Murkrow|move: Snatch|[of] p2a: Shuckle\n|move|p2b: Murkrow|Shell Smash|p2b: Murkrow|[from]Snatch\n|-unboost|p2b: Murkrow|def|1\n|-unboost|p2b: Murkrow|spd|1\n|-boost|p2b: Murkrow|atk|2\n|-boost|p2b: Murkrow|spa|2\n|-boost|p2b: Murkrow|spe|2\n|\n|-heal|p1b: Bree|100\/100 tox|[from] move: Wish|[wisher] Bree\n|-damage|p1b: Bree|76\/100 tox|[from] psn\n|upkeep\n|turn|16\n|\n|t:|1695169757\n|move|p2b: Murkrow|Snatch|p2b: Murkrow\n|-singleturn|p2b: Murkrow|Snatch\n|move|p1a: Hauntead|Energy Ball|p2b: Murkrow\n|-resisted|p2b: Murkrow\n|-damage|p2b: Murkrow|95\/100\n|-unboost|p2b: Murkrow|spd|1\n|move|p1b: Bree|Moonlight|p1b: Bree\n|-activate|p2b: Murkrow|move: Snatch|[of] p1b: Bree\n|move|p2b: Murkrow|Moonlight|p2b: Murkrow|[from]Snatch\n|-heal|p2b: Murkrow|100\/100\n|move|p2a: Shuckle|Shell Smash|p2a: Shuckle\n|-boost|p2a: Shuckle|def|1\n|-boost|p2a: Shuckle|spd|0\n|-unboost|p2a: Shuckle|atk|0\n|-unboost|p2a: Shuckle|spa|0\n|-unboost|p2a: Shuckle|spe|0\n|\n|-heal|p1b: Bree|82\/100 tox|[from] item: Leftovers\n|-damage|p1b: Bree|52\/100 tox|[from] psn\n|upkeep\n|turn|17\n|-message|LavenderHeights forfeited.\n|\n|win|Theadonia\n|raw|LavenderHeights's rating: 1083 &rarr; <strong>1062<\/strong><br \/>(-21 for losing)\n|raw|Theadonia's rating: 1106 &rarr; <strong>1129<\/strong><br \/>(+23 for winning)\n|l|\u2606LavenderHeights\n","uploadtime":1695169775,"views":4,"p1id":"lavenderheights","p2id":"theadonia","formatid":"gen9nationaldexdoubles","rating":1062,"private":0,"password":""}