{"id":"gen9nationaldexdoubles-1960734487","p1":"YoBuddyTheBaker","p2":"smudgerox","format":"[Gen 9] National Dex Doubles","log":"|j|\u2606YoBuddyTheBaker\n|j|\u2606smudgerox\n|t:|1696550922\n|gametype|doubles\n|player|p1|YoBuddyTheBaker|baker|\n|player|p2|smudgerox|#dwcopiii|\n|teamsize|p1|6\n|teamsize|p2|6\n|gen|9\n|tier|[Gen 9] National Dex Doubles\n|rated|Tournament battle\n|rule|HP Percentage Mod: HP is shown in percentages\n|rule|Endless Battle Clause: Forcing endless battles is banned\n|rule|OHKO Clause: OHKO moves are banned\n|rule|Evasion Moves Clause: Evasion moves are banned\n|rule|Evasion Abilities Clause: Evasion abilities are banned\n|rule|Species Clause: Limit one of each Pok\u00e9mon\n|rule|Gravity Sleep Clause: The combination of sleep-inducing moves with imperfect accuracy and Gravity or Gigantamax Orbeetle are banned\n|clearpoke\n|poke|p1|Smeargle, M|\n|poke|p1|Flutter Mane|\n|poke|p1|Zygarde|\n|poke|p1|Salamence, F|\n|poke|p1|Volcanion|\n|poke|p1|Rillaboom, M|\n|poke|p2|Ursaluna-Bloodmoon, M|\n|poke|p2|Jirachi|\n|poke|p2|Iron Hands|\n|poke|p2|Kangaskhan, F|\n|poke|p2|Flutter Mane|\n|poke|p2|Tapu Fini|\n|teampreview\n|inactive|Battle timer is ON: inactive players will automatically lose when time's up. (requested by smudgerox)\n|j| AIRedzone\n|inactive|YoBuddyTheBaker has 120 seconds left.\n|inactive|smudgerox has 120 seconds left.\n|\n|t:|1696550957\n|start\n|switch|p1a: Smeargle|Smeargle, M|100\/100\n|switch|p1b: Volcanion|Volcanion|100\/100\n|switch|p2a: Jirachi|Jirachi|100\/100\n|switch|p2b: Kangaskhan|Kangaskhan, F|100\/100\n|turn|1\n|inactive|YoBuddyTheBaker has 120 seconds left.\n|\n|t:|1696550994\n|switch|p1a: Rillaboom|Rillaboom, M|100\/100\n|-fieldstart|move: Grassy Terrain|[from] ability: Grassy Surge|[of] p1a: Rillaboom\n|detailschange|p2b: Kangaskhan|Kangaskhan-Mega, F\n|-mega|p2b: Kangaskhan|Kangaskhan|Kangaskhanite\n|move|p2b: Kangaskhan|Fake Out|p1a: Rillaboom\n|-damage|p1a: Rillaboom|84\/100\n|-damage|p1a: Rillaboom|80\/100\n|-hitcount|p1a: Rillaboom|2\n|move|p1b: Volcanion|Heat Wave|p2a: Jirachi|[spread] p2a,p2b\n|-supereffective|p2a: Jirachi\n|-damage|p2a: Jirachi|36\/100\n|-damage|p2b: Kangaskhan|68\/100\n|-enditem|p2a: Jirachi|Sitrus Berry|[eat]\n|-heal|p2a: Jirachi|61\/100|[from] item: Sitrus Berry\n|move|p2a: Jirachi|Trick Room|p2a: Jirachi\n|-fieldstart|move: Trick Room|[of] p2a: Jirachi\n|\n|-heal|p1a: Rillaboom|86\/100|[from] Grassy Terrain\n|-heal|p2a: Jirachi|67\/100|[from] Grassy Terrain\n|-heal|p2b: Kangaskhan|74\/100|[from] Grassy Terrain\n|upkeep\n|turn|2\n|inactive|YoBuddyTheBaker has 120 seconds left.\n|\n|t:|1696551021\n|switch|p2b: Ursaluna|Ursaluna-Bloodmoon, M|100\/100\n|move|p2a: Jirachi|Follow Me|p2a: Jirachi\n|-singleturn|p2a: Jirachi|move: Follow Me\n|move|p1b: Volcanion|Heat Wave|p2b: Ursaluna|[spread] p2a,p2b\n|-supereffective|p2a: Jirachi\n|-damage|p2a: Jirachi|5\/100\n|-damage|p2b: Ursaluna|60\/100\n|move|p1a: Rillaboom|U-turn|p2a: Jirachi\n|-damage|p2a: Jirachi|0 fnt\n|faint|p2a: Jirachi\n|inactive|YoBuddyTheBaker has 120 seconds left.\n|\n|t:|1696551045\n|switch|p1a: Smeargle|Smeargle, M|100\/100|[from] U-turn\n|\n|-heal|p2b: Ursaluna|66\/100|[from] Grassy Terrain\n|-ability|p1a: Smeargle|Moody|boost\n|-boost|p1a: Smeargle|def|2\n|-unboost|p1a: Smeargle|spa|1\n|upkeep\n|\n|t:|1696551057\n|switch|p2a: Iron Hands|Iron Hands|100\/100\n|turn|3\n|inactive|YoBuddyTheBaker has 120 seconds left.\n|inactive|smudgerox has 120 seconds left.\n|\n|t:|1696551094\n|switch|p1a: Salamence|Salamence, F|100\/100\n|-ability|p1a: Salamence|Intimidate|boost\n|-unboost|p2a: Iron Hands|atk|1\n|-unboost|p2b: Ursaluna|atk|1\n|-terastallize|p2a: Iron Hands|Fire\n|-terastallize|p1b: Volcanion|Ground\n|move|p2b: Ursaluna|Protect|p2b: Ursaluna\n|-singleturn|p2b: Ursaluna|Protect\n|move|p2a: Iron Hands|Swords Dance|p2a: Iron Hands\n|-boost|p2a: Iron Hands|atk|2\n|move|p1b: Volcanion|Steam Eruption|p2b: Ursaluna\n|-activate|p2b: Ursaluna|move: Protect\n|\n|-heal|p2b: Ursaluna|72\/100|[from] Grassy Terrain\n|upkeep\n|turn|4\n|inactive|YoBuddyTheBaker has 120 seconds left.\n|inactive|smudgerox has 120 seconds left.\n|\n|t:|1696551123\n|switch|p1a: Rillaboom|Rillaboom, M|86\/100\n|-zpower|p2b: Ursaluna\n|move|p2b: Ursaluna|Breakneck Blitz|p1b: Volcanion|[zeffect]\n|-damage|p1b: Volcanion|22\/100\n|move|p2a: Iron Hands|Thunder Punch|p1a: Rillaboom\n|-resisted|p1a: Rillaboom\n|-damage|p1a: Rillaboom|55\/100\n|move|p1b: Volcanion|Steam Eruption|p2a: Iron Hands\n|-supereffective|p2a: Iron Hands\n|-damage|p2a: Iron Hands|12\/100\n|\n|-heal|p2b: Ursaluna|78\/100|[from] Grassy Terrain\n|-heal|p2a: Iron Hands|18\/100|[from] Grassy Terrain\n|-heal|p1b: Volcanion|28\/100|[from] Grassy Terrain\n|-heal|p1a: Rillaboom|61\/100|[from] Grassy Terrain\n|upkeep\n|turn|5\n|inactive|YoBuddyTheBaker has 120 seconds left.\n|inactive|smudgerox has 120 seconds left.\n|\n|t:|1696551168\n|move|p1a: Rillaboom|Fake Out|p2a: Iron Hands\n|-damage|p2a: Iron Hands|9\/100\n|move|p2b: Ursaluna|Hyper Voice|p1a: Rillaboom|[spread] p1a,p1b\n|-damage|p1a: Rillaboom|37\/100\n|-damage|p1b: Volcanion|3\/100\n|cant|p2a: Iron Hands|flinch\n|move|p1b: Volcanion|Steam Eruption|p2b: Ursaluna|[miss]\n|-miss|p1b: Volcanion|p2b: Ursaluna\n|\n|-heal|p2b: Ursaluna|84\/100|[from] Grassy Terrain\n|-heal|p2a: Iron Hands|15\/100|[from] Grassy Terrain\n|-heal|p1b: Volcanion|9\/100|[from] Grassy Terrain\n|-heal|p1a: Rillaboom|44\/100|[from] Grassy Terrain\n|-fieldend|move: Trick Room\n|-fieldend|move: Grassy Terrain\n|upkeep\n|turn|6\n|inactive|smudgerox has 120 seconds left.\n|\n|t:|1696551205\n|switch|p2b: Kangaskhan|Kangaskhan-Mega, F|74\/100\n|move|p2a: Iron Hands|Protect|p2a: Iron Hands\n|-singleturn|p2a: Iron Hands|Protect\n|move|p1a: Rillaboom|High Horsepower|p2a: Iron Hands\n|-activate|p2a: Iron Hands|move: Protect\n|move|p1b: Volcanion|Steam Eruption|p2b: Kangaskhan\n|-damage|p2b: Kangaskhan|26\/100\n|\n|upkeep\n|turn|7\n|inactive|smudgerox has 120 seconds left.\n|inactive|YoBuddyTheBaker has 120 seconds left.\n|\n|t:|1696551238\n|move|p2b: Kangaskhan|Fake Out|p1a: Rillaboom\n|-damage|p1a: Rillaboom|27\/100\n|-damage|p1a: Rillaboom|24\/100\n|-hitcount|p1a: Rillaboom|2\n|cant|p1a: Rillaboom|flinch\n|move|p1b: Volcanion|Earth Power|p2a: Iron Hands\n|-supereffective|p2a: Iron Hands\n|-damage|p2a: Iron Hands|0 fnt\n|faint|p2a: Iron Hands\n|-end|p2a: Iron Hands|Quark Drive|[silent]\n|\n|upkeep\n|\n|t:|1696551248\n|switch|p2a: Ursaluna|Ursaluna-Bloodmoon, M|84\/100\n|turn|8\n|\n|t:|1696551263\n|switch|p1a: Salamence|Salamence, F|100\/100\n|-ability|p1a: Salamence|Intimidate|boost\n|-unboost|p2a: Ursaluna|atk|1\n|-unboost|p2b: Kangaskhan|atk|1\n|move|p2b: Kangaskhan|Seismic Toss|p1a: Salamence\n|-damage|p1a: Salamence|70\/100\n|-damage|p1a: Salamence|40\/100\n|-hitcount|p1a: Salamence|2\n|move|p1b: Volcanion|Steam Eruption|p2a: Ursaluna\n|-supereffective|p2a: Ursaluna\n|-damage|p2a: Ursaluna|0 fnt\n|faint|p2a: Ursaluna\n|\n|upkeep\n|\n|t:|1696551274\n|switch|p2a: Flutter Mane|Flutter Mane|100\/100\n|turn|9\n|\n|t:|1696551292\n|move|p1a: Salamence|Protect|p1a: Salamence\n|-singleturn|p1a: Salamence|Protect\n|move|p2a: Flutter Mane|Dazzling Gleam|p1b: Volcanion|[spread] p1b\n|-activate|p1a: Salamence|move: Protect\n|-damage|p1b: Volcanion|0 fnt\n|faint|p1b: Volcanion\n|move|p2b: Kangaskhan|Seismic Toss|p1a: Salamence\n|-activate|p1a: Salamence|move: Protect\n|\n|upkeep\n|\n|t:|1696551305\n|switch|p1b: Smeargle|Smeargle, M|100\/100\n|turn|10\n|inactive|YoBuddyTheBaker has 120 seconds left.\n|\n|t:|1696551361\n|switch|p2b: Tapu Fini|Tapu Fini|100\/100\n|-fieldstart|move: Misty Terrain|[from] ability: Misty Surge|[of] p2b: Tapu Fini\n|detailschange|p1a: Salamence|Salamence-Mega, F\n|-mega|p1a: Salamence|Salamence|Salamencite\n|move|p1b: Smeargle|Revival Blessing|p1b: Smeargle\n|\n|t:|1696551368\n|-heal|p1: Volcanion|50\/100|[from] move: Revival Blessing\n|move|p2a: Flutter Mane|Dazzling Gleam|p1a: Salamence|[spread] p1a,p1b\n|-supereffective|p1a: Salamence\n|-damage|p1a: Salamence|0 fnt\n|-damage|p1b: Smeargle|8\/100\n|faint|p1a: Salamence\n|\n|-ability|p1b: Smeargle|Moody|boost\n|-boost|p1b: Smeargle|spd|2\n|-unboost|p1b: Smeargle|spe|1\n|upkeep\n|c|\u2606smudgerox|huh\n|inactive|YoBuddyTheBaker has 90 seconds left.\n|c|\u2606YoBuddyTheBaker|it was supposed to die lol\n|inactive|YoBuddyTheBaker has 60 seconds left.\n|\n|t:|1696551425\n|switch|p1a: Flutter Mane|Flutter Mane|100\/100\n|turn|11\n|inactive|YoBuddyTheBaker has 60 seconds left.\n|\n|t:|1696551455\n|switch|p1b: Volcanion|Volcanion|50\/100\n|move|p1a: Flutter Mane|Protect|p1a: Flutter Mane\n|-singleturn|p1a: Flutter Mane|Protect\n|move|p2a: Flutter Mane|Dazzling Gleam|p1a: Flutter Mane|[spread] p1b\n|-activate|p1a: Flutter Mane|move: Protect\n|-resisted|p1b: Volcanion\n|-damage|p1b: Volcanion|35\/100\n|move|p2b: Tapu Fini|Heal Pulse|p2a: Flutter Mane\n|-fail|p2a: Flutter Mane|heal\n|\n|upkeep\n|turn|12\n|inactive|YoBuddyTheBaker has 60 seconds left.\n|\n|t:|1696551485\n|move|p1a: Flutter Mane|Dazzling Gleam|p2b: Tapu Fini|[spread] p2a,p2b\n|-damage|p2a: Flutter Mane|70\/100\n|-damage|p2b: Tapu Fini|73\/100\n|move|p2a: Flutter Mane|Dazzling Gleam|p1b: Volcanion|[spread] p1a,p1b\n|-resisted|p1b: Volcanion\n|-damage|p1a: Flutter Mane|63\/100\n|-damage|p1b: Volcanion|21\/100\n|move|p2b: Tapu Fini|Moonblast|p1b: Volcanion\n|-resisted|p1b: Volcanion\n|-damage|p1b: Volcanion|10\/100\n|move|p1b: Volcanion|Heavy Slam|p2a: Flutter Mane\n|-supereffective|p2a: Flutter Mane\n|-damage|p2a: Flutter Mane|0 fnt\n|faint|p2a: Flutter Mane\n|-end|p2a: Flutter Mane|Protosynthesis|[silent]\n|\n|upkeep\n|inactive|smudgerox has 120 seconds left.\n|\n|t:|1696551495\n|switch|p2a: Kangaskhan|Kangaskhan-Mega, F|26\/100\n|turn|13\n|\n|t:|1696551509\n|move|p2a: Kangaskhan|Fake Out|p1b: Volcanion\n|-damage|p1b: Volcanion|0 fnt\n|faint|p1b: Volcanion\n|-hitcount|p1: Volcanion|1\n|move|p1a: Flutter Mane|Moonblast|p2a: Kangaskhan\n|-damage|p2a: Kangaskhan|0 fnt\n|faint|p2a: Kangaskhan\n|move|p2b: Tapu Fini|Moonblast|p1a: Flutter Mane\n|-damage|p1a: Flutter Mane|37\/100\n|-unboost|p1a: Flutter Mane|spa|1\n|\n|upkeep\n|\n|t:|1696551515\n|switch|p1b: Rillaboom|Rillaboom, M|24\/100\n|-fieldstart|move: Grassy Terrain|[from] ability: Grassy Surge|[of] p1b: Rillaboom\n|turn|14\n|c|\u2606smudgerox|gg\n|\n|t:|1696551525\n|-end|p1a: Flutter Mane|Protosynthesis|[silent]\n|switch|p1a: Smeargle|Smeargle, M|8\/100\n|move|p1b: Rillaboom|Fake Out|p2b: Tapu Fini\n|-damage|p2b: Tapu Fini|63\/100\n|cant|p2b: Tapu Fini|flinch\n|\n|-heal|p1a: Smeargle|14\/100|[from] Grassy Terrain\n|-heal|p2b: Tapu Fini|69\/100|[from] Grassy Terrain\n|-heal|p1b: Rillaboom|30\/100|[from] Grassy Terrain\n|-ability|p1a: Smeargle|Moody|boost\n|-boost|p1a: Smeargle|spa|2\n|-unboost|p1a: Smeargle|spe|1\n|upkeep\n|turn|15\n|\n|t:|1696551537\n|move|p1b: Rillaboom|Grassy Glide|p2b: Tapu Fini\n|-supereffective|p2b: Tapu Fini\n|-damage|p2b: Tapu Fini|19\/100\n|-enditem|p2b: Tapu Fini|Sitrus Berry|[eat]\n|-heal|p2b: Tapu Fini|44\/100|[from] item: Sitrus Berry\n|move|p1a: Smeargle|Parting Shot|p2b: Tapu Fini\n|-unboost|p2b: Tapu Fini|atk|1\n|-unboost|p2b: Tapu Fini|spa|1\n|j| Jello1231\n|\n|t:|1696551545\n|switch|p1a: Zygarde|Zygarde|100\/100|[from] Parting Shot\n|-ability|p1a: Zygarde|Aura Break\n|move|p2b: Tapu Fini|Moonblast|p1b: Rillaboom\n|-damage|p1b: Rillaboom|15\/100\n|\n|-heal|p2b: Tapu Fini|50\/100|[from] Grassy Terrain\n|-heal|p1b: Rillaboom|21\/100|[from] Grassy Terrain\n|upkeep\n|turn|16\n|l| AIRedzone\n|j| kitsu-aria\n|\n|t:|1696551558\n|move|p1b: Rillaboom|Grassy Glide|p2b: Tapu Fini\n|-supereffective|p2b: Tapu Fini\n|-damage|p2b: Tapu Fini|0 fnt\n|faint|p2b: Tapu Fini\n|\n|win|YoBuddyTheBaker\n|n|\u2606YoBuddyTheBaker|yobuddythebaker\n|n|\u2606smudgerox|smudgerox\n|n| Jello1231|jello1231\n|n| kitsu-aria|kitsuaria\n|c|\u2606YoBuddyTheBaker|gg\n|l|\u2606YoBuddyTheBaker\n|l| Jello1231\n","uploadtime":1696551568,"views":9,"p1id":"yobuddythebaker","p2id":"smudgerox","formatid":"gen9nationaldexdoubles","rating":0,"private":0,"password":""}