{"id":"gen9nationaldexdoubles-1966891587","p1":"tanukikuki","p2":"chowder_chan","format":"[Gen 9] National Dex Doubles","log":"|j|\u2606tanukikuki\n|j|\u2606chowder_chan\n|t:|1697231088\n|gametype|doubles\n|player|p1|tanukikuki|pokemonbreederf-gen4|1039\n|player|p2|chowder_chan|101|1000\n|teamsize|p1|6\n|teamsize|p2|6\n|gen|9\n|tier|[Gen 9] National Dex Doubles\n|rated|\n|rule|HP Percentage Mod: HP is shown in percentages\n|rule|Endless Battle Clause: Forcing endless battles is banned\n|rule|OHKO Clause: OHKO moves are banned\n|rule|Evasion Moves Clause: Evasion moves are banned\n|rule|Evasion Abilities Clause: Evasion abilities are banned\n|rule|Species Clause: Limit one of each Pok\u00e9mon\n|rule|Gravity Sleep Clause: The combination of sleep-inducing moves with imperfect accuracy and Gravity or Gigantamax Orbeetle are banned\n|clearpoke\n|poke|p1|Falinks|\n|poke|p1|Bombirdier, F|\n|poke|p1|Flamigo, M|\n|poke|p1|Swoobat, M|\n|poke|p1|Clefairy, F|\n|poke|p1|Mew|\n|poke|p2|Slaking, F|\n|poke|p2|Weezing-Galar, M|\n|poke|p2|Grafaiai, M|\n|poke|p2|Oranguru, M|\n|poke|p2|Eiscue, M|\n|poke|p2|Arboliva, M|\n|teampreview\n|\n|t:|1697231097\n|start\n|switch|p1a: Buncha Doods|Falinks|100\/100\n|switch|p1b: Antinatalism|Bombirdier, F|100\/100\n|switch|p2a: Slaking|Slaking, F|100\/100\n|switch|p2b: Grafaiai|Grafaiai, M|100\/100\n|-item|p2b: Grafaiai|Air Balloon\n|turn|1\n|\n|t:|1697231127\n|move|p2b: Grafaiai|Doodle|p1a: Buncha Doods\n|-endability|p2a: Slaking|Truant|[from] move: Doodle\n|-ability|p2a: Slaking|Defiant|[from] move: Doodle\n|-endability|p2b: Grafaiai|Prankster|[from] move: Doodle\n|-ability|p2b: Grafaiai|Defiant|[from] move: Doodle\n|move|p2a: Slaking|Play Rough|p1b: Antinatalism\n|-supereffective|p1b: Antinatalism\n|-damage|p1b: Antinatalism|0 fnt\n|faint|p1b: Antinatalism\n|-damage|p2a: Slaking|91\/100|[from] item: Life Orb\n|move|p1a: Buncha Doods|No Retreat|p1a: Buncha Doods\n|-boost|p1a: Buncha Doods|atk|1\n|-boost|p1a: Buncha Doods|def|1\n|-boost|p1a: Buncha Doods|spa|1\n|-boost|p1a: Buncha Doods|spd|1\n|-boost|p1a: Buncha Doods|spe|1\n|-start|p1a: Buncha Doods|move: No Retreat\n|\n|upkeep\n|\n|t:|1697231140\n|switch|p1b: Flaming Joe|Flamigo, M|100\/100\n|-copyboost|p1b: Flaming Joe|p1a: Buncha Doods|[from] ability: Costar\n|turn|2\n|inactive|Battle timer is ON: inactive players will automatically lose when time's up. (requested by tanukikuki)\n|\n|t:|1697231183\n|move|p1b: Flaming Joe|Protect|p1b: Flaming Joe\n|-singleturn|p1b: Flaming Joe|Protect\n|move|p1a: Buncha Doods|Knock Off|p2a: Slaking\n|-damage|p2a: Slaking|61\/100\n|-enditem|p2a: Slaking|Life Orb|[from] move: Knock Off|[of] p1a: Buncha Doods\n|move|p2b: Grafaiai|Knock Off|p1b: Flaming Joe\n|-activate|p1b: Flaming Joe|move: Protect\n|move|p2a: Slaking|Play Rough|p1b: Flaming Joe\n|-activate|p1b: Flaming Joe|move: Protect\n|\n|upkeep\n|turn|3\n|\n|t:|1697231203\n|move|p1b: Flaming Joe|Brave Bird|p2a: Slaking\n|-damage|p2a: Slaking|0 fnt\n|faint|p2a: Slaking\n|-damage|p1b: Flaming Joe|72\/100|[from] Recoil\n|move|p1a: Buncha Doods|Lunge|p2b: Grafaiai\n|-resisted|p2b: Grafaiai\n|-damage|p2b: Grafaiai|73\/100\n|-unboost|p2b: Grafaiai|atk|1\n|-ability|p2b: Grafaiai|Defiant|boost\n|-boost|p2b: Grafaiai|atk|2\n|-enditem|p2b: Grafaiai|Air Balloon\n|move|p2b: Grafaiai|Toxic|p1a: Buncha Doods\n|-status|p1a: Buncha Doods|tox\n|\n|-damage|p1a: Buncha Doods|95\/100 tox|[from] psn\n|upkeep\n|\n|t:|1697231219\n|switch|p2a: Weezing|Weezing-Galar, M|100\/100\n|-ability|p2a: Weezing|Neutralizing Gas\n|turn|4\n|inactive|chowder_chan has 120 seconds left.\n|\n|t:|1697231253\n|move|p1b: Flaming Joe|Protect|p1b: Flaming Joe\n|-singleturn|p1b: Flaming Joe|Protect\n|move|p1a: Buncha Doods|Close Combat|p2b: Grafaiai\n|-damage|p2b: Grafaiai|0 fnt\n|-unboost|p1a: Buncha Doods|def|1\n|-unboost|p1a: Buncha Doods|spd|1\n|faint|p2b: Grafaiai\n|move|p2a: Weezing|Defog|p1b: Flaming Joe\n|-activate|p1b: Flaming Joe|move: Protect\n|\n|-damage|p1a: Buncha Doods|83\/100 tox|[from] psn\n|upkeep\n|inactive|chowder_chan has 120 seconds left.\n|\n|t:|1697231263\n|switch|p2b: Eiscue|Eiscue, M|100\/100\n|turn|5\n|\n|t:|1697231292\n|move|p1b: Flaming Joe|Brave Bird|p2b: Eiscue\n|-activate|p2b: Eiscue|ability: Ice Face\n|-damage|p2b: Eiscue|100\/100\n|detailschange|p2b: Eiscue|Eiscue-Noice, M\n|move|p1a: Buncha Doods|Knock Off|p2a: Weezing\n|-resisted|p2a: Weezing\n|-crit|p2a: Weezing\n|-damage|p2a: Weezing|74\/100\n|-enditem|p2a: Weezing|Leftovers|[from] move: Knock Off|[of] p1a: Buncha Doods\n|move|p2b: Eiscue|Snowscape|p2b: Eiscue\n|-weather|Snow\n|-activate|p2b: Eiscue|ability: Ice Face\n|detailschange|p2b: Eiscue|Eiscue, M\n|move|p2a: Weezing|Defog|p1b: Flaming Joe\n|-unboost|p1b: Flaming Joe|evasion|1\n|\n|-weather|Snow|[upkeep]\n|-damage|p1a: Buncha Doods|65\/100 tox|[from] psn\n|upkeep\n|turn|6\n|\n|t:|1697231321\n|move|p1b: Flaming Joe|Liquidation|p2b: Eiscue\n|-activate|p2b: Eiscue|ability: Ice Face\n|-damage|p2b: Eiscue|100\/100\n|-unboost|p2b: Eiscue|def|1\n|detailschange|p2b: Eiscue|Eiscue-Noice, M\n|move|p1a: Buncha Doods|Lunge|p2b: Eiscue\n|-damage|p2b: Eiscue|76\/100\n|-unboost|p2b: Eiscue|atk|1\n|move|p2b: Eiscue|Aurora Veil|p2b: Eiscue\n|-sidestart|p2: chowder_chan|move: Aurora Veil\n|move|p2a: Weezing|Will-O-Wisp||[still]\n|-fail|p2a: Weezing\n|\n|-weather|Snow|[upkeep]\n|-damage|p1a: Buncha Doods|41\/100 tox|[from] psn\n|upkeep\n|turn|7\n|\n|t:|1697231344\n|move|p1b: Flaming Joe|Protect|p1b: Flaming Joe\n|-singleturn|p1b: Flaming Joe|Protect\n|move|p1a: Buncha Doods|Close Combat|p2b: Eiscue\n|-supereffective|p2b: Eiscue\n|-damage|p2b: Eiscue|0 fnt\n|-unboost|p1a: Buncha Doods|def|1\n|-unboost|p1a: Buncha Doods|spd|1\n|-enditem|p1a: Buncha Doods|White Herb\n|-clearnegativeboost|p1a: Buncha Doods|[silent]\n|faint|p2b: Eiscue\n|move|p2a: Weezing|Will-O-Wisp|p1b: Flaming Joe\n|-activate|p1b: Flaming Joe|move: Protect\n|\n|-weather|Snow|[upkeep]\n|-damage|p1a: Buncha Doods|12\/100 tox|[from] psn\n|upkeep\n|\n|t:|1697231358\n|switch|p2b: Oranguru|Oranguru, M|100\/100\n|turn|8\n|\n|t:|1697231374\n|move|p1b: Flaming Joe|Liquidation|p2a: Weezing\n|-damage|p2a: Weezing|48\/100\n|move|p1a: Buncha Doods|Knock Off|p2b: Oranguru\n|-supereffective|p2b: Oranguru\n|-damage|p2b: Oranguru|46\/100\n|-damage|p1a: Buncha Doods|0 fnt|[from] item: Rocky Helmet|[of] p2b: Oranguru\n|faint|p1a: Buncha Doods\n|move|p2a: Weezing|Will-O-Wisp|p1b: Flaming Joe\n|-status|p1b: Flaming Joe|brn\n|move|p2b: Oranguru|Extrasensory|p1b: Flaming Joe\n|-supereffective|p1b: Flaming Joe\n|-damage|p1b: Flaming Joe|20\/100 brn\n|-enditem|p1b: Flaming Joe|Sitrus Berry|[eat]\n|-heal|p1b: Flaming Joe|45\/100 brn|[from] item: Sitrus Berry\n|\n|-weather|Snow|[upkeep]\n|-damage|p1b: Flaming Joe|39\/100 brn|[from] brn\n|upkeep\n|\n|t:|1697231389\n|switch|p1a: Hunka Hunka|Swoobat, M|100\/100\n|turn|9\n|\n|t:|1697231400\n|move|p1b: Flaming Joe|Acrobatics|p2a: Weezing\n|-damage|p2a: Weezing|22\/100\n|move|p1a: Hunka Hunka|Psych Up|p1b: Flaming Joe\n|-copyboost|p1a: Hunka Hunka|p1b: Flaming Joe|[from] move: Psych Up\n|move|p2a: Weezing|Taunt|p1a: Hunka Hunka\n|-start|p1a: Hunka Hunka|move: Taunt\n|move|p2b: Oranguru|Extrasensory|p1b: Flaming Joe\n|-supereffective|p1b: Flaming Joe\n|-damage|p1b: Flaming Joe|0 fnt\n|faint|p1b: Flaming Joe\n|\n|-weather|none\n|upkeep\n|\n|t:|1697231412\n|switch|p1b: Piffy|Clefairy, F|100\/100\n|turn|10\n|\n|t:|1697231420\n|move|p1b: Piffy|Follow Me|p1b: Piffy\n|-singleturn|p1b: Piffy|move: Follow Me\n|move|p1a: Hunka Hunka|Stored Power|p2a: Weezing\n|-supereffective|p2a: Weezing\n|-damage|p2a: Weezing|0 fnt\n|faint|p2a: Weezing\n|-end|p2a: Weezing|ability: Neutralizing Gas\n|move|p2b: Oranguru|Encore|p1b: Piffy\n|-start|p1b: Piffy|Encore\n|\n|-sideend|p2: chowder_chan|move: Aurora Veil\n|upkeep\n|\n|t:|1697231428\n|switch|p2a: Arboliva|Arboliva, M|100\/100\n|turn|11\n|\n|t:|1697231444\n|move|p1b: Piffy|Follow Me|p1b: Piffy\n|-singleturn|p1b: Piffy|move: Follow Me\n|move|p1a: Hunka Hunka|Stored Power|p2a: Arboliva\n|-damage|p2a: Arboliva|50\/100\n|-enditem|p2a: Arboliva|Sitrus Berry|[eat]\n|-heal|p2a: Arboliva|74\/100|[from] item: Sitrus Berry\n|move|p2b: Oranguru|Extrasensory|p1b: Piffy\n|-damage|p1b: Piffy|79\/100\n|move|p2a: Arboliva|Pollen Puff|p1b: Piffy\n|-resisted|p1b: Piffy\n|-damage|p1b: Piffy|69\/100\n|\n|-item|p2a: Arboliva|Sitrus Berry|[from] ability: Harvest\n|upkeep\n|turn|12\n|\n|t:|1697231467\n|move|p2b: Oranguru|Ally Switch|p2b: Oranguru\n|swap|p2b: Oranguru|0|[from] move: Ally Switch\n|move|p1b: Piffy|Follow Me|p1b: Piffy\n|-singleturn|p1b: Piffy|move: Follow Me\n|move|p1a: Hunka Hunka|Signal Beam|p2a: Oranguru\n|-supereffective|p2a: Oranguru\n|-damage|p2a: Oranguru|11\/100\n|move|p2b: Arboliva|Strength Sap|p1b: Piffy\n|-unboost|p1b: Piffy|atk|1\n|-heal|p2b: Arboliva|98\/100\n|\n|-end|p1a: Hunka Hunka|move: Taunt\n|upkeep\n|turn|13\n|inactive|tanukikuki has 120 seconds left.\n|\n|t:|1697231508\n|move|p1b: Piffy|Follow Me|p1b: Piffy\n|-singleturn|p1b: Piffy|move: Follow Me\n|move|p1a: Hunka Hunka|Signal Beam|p2b: Arboliva\n|-supereffective|p2b: Arboliva\n|-damage|p2b: Arboliva|62\/100\n|move|p2a: Oranguru|Instruct|p1b: Piffy\n|-singleturn|p1b: Piffy|move: Instruct|[of] p2a: Oranguru\n|move|p1b: Piffy|Follow Me||[still]\n|-fail|p1b: Piffy\n|move|p2b: Arboliva|Giga Drain|p1b: Piffy\n|-damage|p1b: Piffy|41\/100\n|-heal|p2b: Arboliva|73\/100|[from] drain|[of] p1b: Piffy\n|\n|-end|p1b: Piffy|Encore\n|upkeep\n|turn|14\n|inactive|tanukikuki has 120 seconds left.\n|\n|t:|1697231534\n|move|p2a: Oranguru|Ally Switch|p2a: Oranguru\n|swap|p2a: Oranguru|1|[from] move: Ally Switch\n|move|p1a: Hunka Hunka|Stored Power|p2b: Oranguru\n|-resisted|p2b: Oranguru\n|-damage|p2b: Oranguru|0 fnt\n|faint|p2b: Oranguru\n|move|p2a: Arboliva|Pollen Puff|null|[notarget]\n|-fail|p2a: Arboliva\n|move|p1b: Piffy|Toxic|p2a: Arboliva\n|-status|p2a: Arboliva|tox\n|\n|-damage|p2a: Arboliva|67\/100 tox|[from] psn\n|upkeep\n|turn|15\n|\n|t:|1697231551\n|move|p1b: Piffy|Protect|p1b: Piffy\n|-singleturn|p1b: Piffy|Protect\n|move|p1a: Hunka Hunka|Stored Power|p2a: Arboliva\n|-damage|p2a: Arboliva|19\/100 tox\n|-enditem|p2a: Arboliva|Sitrus Berry|[eat]\n|-heal|p2a: Arboliva|44\/100 tox|[from] item: Sitrus Berry\n|move|p2a: Arboliva|Giga Drain|p1b: Piffy\n|-activate|p1b: Piffy|move: Protect\n|\n|-damage|p2a: Arboliva|32\/100 tox|[from] psn\n|upkeep\n|turn|16\n|c|\u2606chowder_chan|gg\n|c|\u2606chowder_chan|i liked the strat tho that was fun\n|\n|t:|1697231573\n|move|p1b: Piffy|Follow Me|p1b: Piffy\n|-singleturn|p1b: Piffy|move: Follow Me\n|move|p1a: Hunka Hunka|Stored Power|p2a: Arboliva\n|-damage|p2a: Arboliva|0 fnt\n|faint|p2a: Arboliva\n|\n|win|tanukikuki\n|raw|tanukikuki's rating: 1039 &rarr; <strong>1069<\/strong><br \/>(+30 for winning)\n|raw|chowder_chan's rating: 1000 &rarr; <strong>1000<\/strong><br \/>(+0 for losing)\n|l|\u2606chowder_chan\n|c|\u2606tanukikuki|thanks you too\n","uploadtime":1697231589,"views":8,"p1id":"tanukikuki","p2id":"chowderchan","formatid":"gen9nationaldexdoubles","rating":1000,"private":0,"password":""}