{"id":"gen9nationaldexdoubles-1959192168","p1":"sableyes-Mega","p2":"Lilytheloudmouth","format":"[Gen 9] National Dex Doubles","log":"|j|\u2606sableyes-Mega\n|j|\u2606Lilytheloudmouth\n|t:|1696398349\n|gametype|doubles\n|player|p1|sableyes-Mega|266|1073\n|player|p2|Lilytheloudmouth|roxie|1113\n|teamsize|p1|6\n|teamsize|p2|6\n|gen|9\n|tier|[Gen 9] National Dex Doubles\n|rated|\n|rule|HP Percentage Mod: HP is shown in percentages\n|rule|Endless Battle Clause: Forcing endless battles is banned\n|rule|OHKO Clause: OHKO moves are banned\n|rule|Evasion Moves Clause: Evasion moves are banned\n|rule|Evasion Abilities Clause: Evasion abilities are banned\n|rule|Species Clause: Limit one of each Pok\u00e9mon\n|rule|Gravity Sleep Clause: The combination of sleep-inducing moves with imperfect accuracy and Gravity or Gigantamax Orbeetle are banned\n|clearpoke\n|poke|p1|Amoonguss, F|\n|poke|p1|Chien-Pao|\n|poke|p1|Dragonite, M|\n|poke|p1|Iron Hands|\n|poke|p1|Flutter Mane|\n|poke|p1|Grimmsnarl, M|\n|poke|p2|Munkidori, M|\n|poke|p2|Grafaiai, M|\n|poke|p2|Slaking, M|\n|poke|p2|Rillaboom, M|\n|poke|p2|Infernape, M|\n|poke|p2|Simipour, F|\n|teampreview\n|\n|t:|1696398372\n|start\n|switch|p1a: Grimmsnarl|Grimmsnarl, M|100\/100\n|switch|p1b: Iron Hands|Iron Hands|100\/100\n|switch|p2a: Mossy Monkey|Rillaboom, M|100\/100\n|switch|p2b: Hot Monkey|Infernape, M|100\/100\n|-fieldstart|move: Grassy Terrain|[from] ability: Grassy Surge|[of] p2a: Mossy Monkey\n|turn|1\n|inactive|Battle timer is ON: inactive players will automatically lose when time's up. (requested by sableyes-Mega)\n|\n|t:|1696398394\n|move|p2a: Mossy Monkey|Fake Out|p1a: Grimmsnarl\n|-crit|p1a: Grimmsnarl\n|-damage|p1a: Grimmsnarl|76\/100\n|move|p1b: Iron Hands|Fake Out|p2b: Hot Monkey\n|-crit|p2b: Hot Monkey\n|-damage|p2b: Hot Monkey|61\/100\n|cant|p1a: Grimmsnarl|flinch\n|cant|p2b: Hot Monkey|flinch\n|\n|-heal|p2b: Hot Monkey|68\/100|[from] Grassy Terrain\n|-heal|p1a: Grimmsnarl|82\/100|[from] Grassy Terrain\n|upkeep\n|turn|2\n|\n|t:|1696398412\n|move|p2b: Hot Monkey|Vacuum Wave|p1a: Grimmsnarl\n|-damage|p1a: Grimmsnarl|68\/100\n|move|p1a: Grimmsnarl|Reflect|p1a: Grimmsnarl\n|-sidestart|p1: sableyes-Mega|Reflect\n|move|p2a: Mossy Monkey|Drain Punch|p1a: Grimmsnarl\n|-damage|p1a: Grimmsnarl|47\/100\n|move|p1b: Iron Hands|Ice Punch|p2a: Mossy Monkey\n|-supereffective|p2a: Mossy Monkey\n|-damage|p2a: Mossy Monkey|36\/100\n|\n|-heal|p2b: Hot Monkey|74\/100|[from] Grassy Terrain\n|-heal|p2a: Mossy Monkey|42\/100|[from] Grassy Terrain\n|-heal|p1a: Grimmsnarl|53\/100|[from] Grassy Terrain\n|upkeep\n|turn|3\n|\n|t:|1696398441\n|move|p1a: Grimmsnarl|Light Screen|p1a: Grimmsnarl\n|-sidestart|p1: sableyes-Mega|move: Light Screen\n|move|p2b: Hot Monkey|Nasty Plot|p2b: Hot Monkey\n|-boost|p2b: Hot Monkey|spa|2\n|move|p2a: Mossy Monkey|Drain Punch|p1a: Grimmsnarl\n|-damage|p1a: Grimmsnarl|32\/100\n|-heal|p2a: Mossy Monkey|54\/100|[from] drain|[of] p1a: Grimmsnarl\n|move|p1b: Iron Hands|Ice Punch|p2a: Mossy Monkey\n|-supereffective|p2a: Mossy Monkey\n|-damage|p2a: Mossy Monkey|0 fnt\n|faint|p2a: Mossy Monkey\n|\n|-heal|p2b: Hot Monkey|80\/100|[from] Grassy Terrain\n|-heal|p1a: Grimmsnarl|38\/100|[from] Grassy Terrain\n|upkeep\n|\n|t:|1696398456\n|switch|p2a: Big Monkey|Slaking, M|100\/100\n|turn|4\n|\n|t:|1696398465\n|move|p2b: Hot Monkey|Vacuum Wave|p1a: Grimmsnarl\n|-crit|p1a: Grimmsnarl\n|-damage|p1a: Grimmsnarl|0 fnt\n|faint|p1a: Grimmsnarl\n|move|p2a: Big Monkey|Earthquake|p1b: Iron Hands|[spread] p2b,p1b\n|-supereffective|p2b: Hot Monkey\n|-supereffective|p1b: Iron Hands\n|-damage|p2b: Hot Monkey|29\/100\n|-damage|p1b: Iron Hands|87\/100\n|move|p1b: Iron Hands|Drain Punch|p2a: Big Monkey\n|-supereffective|p2a: Big Monkey\n|-damage|p2a: Big Monkey|28\/100\n|-heal|p1b: Iron Hands|100\/100|[from] drain|[of] p2a: Big Monkey\n|\n|-heal|p2b: Hot Monkey|35\/100|[from] Grassy Terrain\n|-heal|p2a: Big Monkey|34\/100|[from] Grassy Terrain\n|-heal|p2a: Big Monkey|40\/100|[from] item: Leftovers\n|upkeep\n|\n|t:|1696398483\n|switch|p1a: Chien-Pao|Chien-Pao|100\/100\n|-ability|p1a: Chien-Pao|Sword of Ruin\n|turn|5\n|\n|t:|1696398510\n|switch|p2a: Wet Monkey|Simipour, F|100\/100\n|move|p1a: Chien-Pao|Protect|p1a: Chien-Pao\n|-singleturn|p1a: Chien-Pao|Protect\n|move|p2b: Hot Monkey|Flamethrower|p1a: Chien-Pao\n|-activate|p1a: Chien-Pao|move: Protect\n|move|p1b: Iron Hands|Drain Punch|p2b: Hot Monkey\n|-damage|p2b: Hot Monkey|0 fnt\n|faint|p2b: Hot Monkey\n|\n|-fieldend|move: Grassy Terrain\n|upkeep\n|\n|t:|1696398525\n|switch|p2b: Smart monkey|Munkidori, M|100\/100\n|turn|6\n|\n|t:|1696398542\n|switch|p1a: Amoonguss|Amoonguss, F|100\/100\n|move|p2b: Smart monkey|Psychic|p1b: Iron Hands\n|-supereffective|p1b: Iron Hands\n|-damage|p1b: Iron Hands|51\/100\n|-status|p1b: Iron Hands|tox|[from] ability: Toxic Chain|[of] p2b: Smart monkey\n|-damage|p2b: Smart monkey|91\/100|[from] item: Life Orb\n|move|p2a: Wet Monkey|Substitute|p2a: Wet Monkey\n|-start|p2a: Wet Monkey|Substitute\n|-damage|p2a: Wet Monkey|76\/100\n|move|p1b: Iron Hands|Wild Charge|p2a: Wet Monkey\n|-supereffective|p2a: Wet Monkey\n|-end|p2a: Wet Monkey|Substitute\n|-damage|p1b: Iron Hands|47\/100 tox|[from] Recoil|[of] p2a: Wet Monkey\n|\n|-heal|p2a: Wet Monkey|82\/100|[from] item: Leftovers\n|-damage|p1b: Iron Hands|41\/100 tox|[from] psn\n|upkeep\n|turn|7\n|\n|t:|1696398568\n|move|p2b: Smart monkey|Psychic|p1a: Amoonguss\n|-supereffective|p1a: Amoonguss\n|-damage|p1a: Amoonguss|22\/100\n|-damage|p2b: Smart monkey|81\/100|[from] item: Life Orb\n|move|p2a: Wet Monkey|Substitute|p2a: Wet Monkey\n|-start|p2a: Wet Monkey|Substitute\n|-damage|p2a: Wet Monkey|57\/100\n|move|p1b: Iron Hands|Drain Punch|p2a: Wet Monkey\n|-end|p2a: Wet Monkey|Substitute\n|-heal|p1b: Iron Hands|50\/100 tox|[from] drain|[of] p2a: Wet Monkey\n|move|p1a: Amoonguss|Spore|p2b: Smart monkey\n|-status|p2b: Smart monkey|slp|[from] move: Spore\n|\n|-heal|p2a: Wet Monkey|63\/100|[from] item: Leftovers\n|-damage|p1b: Iron Hands|37\/100 tox|[from] psn\n|upkeep\n|turn|8\n|inactive|sableyes-Mega has 120 seconds left.\n|\n|t:|1696398599\n|switch|p1a: Chien-Pao|Chien-Pao|100\/100\n|-ability|p1a: Chien-Pao|Sword of Ruin\n|cant|p2b: Smart monkey|slp\n|move|p2a: Wet Monkey|Ice Beam|p1a: Chien-Pao\n|-resisted|p1a: Chien-Pao\n|-damage|p1a: Chien-Pao|89\/100\n|move|p1b: Iron Hands|Wild Charge|p2b: Smart monkey\n|-damage|p2b: Smart monkey|0 fnt\n|faint|p2b: Smart monkey\n|-damage|p1b: Iron Hands|25\/100 tox|[from] Recoil\n|\n|-heal|p2a: Wet Monkey|69\/100|[from] item: Leftovers\n|-damage|p1b: Iron Hands|7\/100 tox|[from] psn\n|upkeep\n|inactive|Lilytheloudmouth has 120 seconds left.\n|\n|t:|1696398616\n|switch|p2b: Little Monkey|Grafaiai, M|100\/100\n|turn|9\n|\n|t:|1696398624\n|move|p1a: Chien-Pao|Protect|p1a: Chien-Pao\n|-singleturn|p1a: Chien-Pao|Protect\n|move|p2b: Little Monkey|Parting Shot|p1a: Chien-Pao\n|-activate|p1a: Chien-Pao|move: Protect\n|move|p2a: Wet Monkey|Substitute|p2a: Wet Monkey\n|-start|p2a: Wet Monkey|Substitute\n|-damage|p2a: Wet Monkey|45\/100\n|move|p1b: Iron Hands|Wild Charge|p2a: Wet Monkey\n|-supereffective|p2a: Wet Monkey\n|-end|p2a: Wet Monkey|Substitute\n|-damage|p1b: Iron Hands|2\/100 tox|[from] Recoil|[of] p2a: Wet Monkey\n|\n|-heal|p2a: Wet Monkey|51\/100|[from] item: Leftovers\n|-damage|p1b: Iron Hands|0 fnt|[from] psn\n|faint|p1b: Iron Hands\n|-end|p1b: Iron Hands|Quark Drive|[silent]\n|-sideend|p1: sableyes-Mega|Reflect\n|upkeep\n|\n|t:|1696398653\n|switch|p1b: Dragonite|Dragonite, M|100\/100\n|turn|10\n|\n|t:|1696398669\n|-terastallize|p1b: Dragonite|Normal\n|move|p1b: Dragonite|Extreme Speed|p2b: Little Monkey\n|-damage|p2b: Little Monkey|0 fnt\n|faint|p2b: Little Monkey\n|move|p1a: Chien-Pao|Crunch|p2a: Wet Monkey\n|-damage|p2a: Wet Monkey|0 fnt\n|faint|p2a: Wet Monkey\n|\n|-sideend|p1: sableyes-Mega|move: Light Screen\n|upkeep\n|\n|t:|1696398681\n|switch|p2b: Big Monkey|Slaking, M|40\/100\n|turn|11\n|\n|t:|1696398692\n|move|p1a: Chien-Pao|Protect|p1a: Chien-Pao\n|-singleturn|p1a: Chien-Pao|Protect\n|move|p1b: Dragonite|Extreme Speed|p2b: Big Monkey\n|-damage|p2b: Big Monkey|0 fnt\n|faint|p2b: Big Monkey\n|\n|win|sableyes-Mega\n|raw|sableyes-Mega's rating: 1073 &rarr; <strong>1105<\/strong><br \/>(+32 for winning)\n|raw|Lilytheloudmouth's rating: 1113 &rarr; <strong>1085<\/strong><br \/>(-28 for losing)\n|l|\u2606Lilytheloudmouth\n","uploadtime":1696398705,"views":8,"p1id":"sableyesmega","p2id":"lilytheloudmouth","formatid":"gen9nationaldexdoubles","rating":1085,"private":0,"password":""}