{"id":"gen9nationaldexdoubles-1978396396","p1":"R.para ti","p2":"s.daninja","format":"[Gen 9] National Dex Doubles","log":"|j|\u2606R.para ti\n|j|\u2606s.daninja\n|t:|1698533583\n|gametype|doubles\n|player|p1|R.para ti|102|1335\n|player|p2|s.daninja|cheryl|1257\n|teamsize|p1|6\n|teamsize|p2|6\n|gen|9\n|tier|[Gen 9] National Dex Doubles\n|rated|\n|rule|HP Percentage Mod: HP is shown in percentages\n|rule|Endless Battle Clause: Forcing endless battles is banned\n|rule|OHKO Clause: OHKO moves are banned\n|rule|Evasion Moves Clause: Evasion moves are banned\n|rule|Evasion Abilities Clause: Evasion abilities are banned\n|rule|Species Clause: Limit one of each Pok\u00e9mon\n|rule|Gravity Sleep Clause: The combination of sleep-inducing moves with imperfect accuracy and Gravity or Gigantamax Orbeetle are banned\n|clearpoke\n|poke|p1|Meowstic, M|\n|poke|p1|Armarouge, F|\n|poke|p1|Alakazam, M|\n|poke|p1|Chi-Yu|\n|poke|p1|Flutter Mane|\n|poke|p1|Gothitelle, M|\n|poke|p2|Armarouge, M|\n|poke|p2|Iron Bundle|\n|poke|p2|Indeedee-F, F|\n|poke|p2|Chi-Yu|\n|poke|p2|Ninetales-Alola, F|\n|poke|p2|Gholdengo|\n|teampreview\n|\n|t:|1698533603\n|start\n|switch|p1a: Flutter Mane|Flutter Mane|100\/100\n|switch|p1b: Meowstic|Meowstic, M|100\/100\n|switch|p2a: Armarouge|Armarouge, M|100\/100\n|switch|p2b: Iron Bundle|Iron Bundle|100\/100\n|-enditem|p2b: Iron Bundle|Booster Energy\n|-activate|p2b: Iron Bundle|ability: Quark Drive|[fromitem]\n|-start|p2b: Iron Bundle|quarkdrivespe\n|turn|1\n|j| kikou444\n|\n|t:|1698533620\n|move|p1b: Meowstic|Sunny Day|p1b: Meowstic\n|-weather|SunnyDay\n|-activate|p1a: Flutter Mane|ability: Protosynthesis\n|-start|p1a: Flutter Mane|protosynthesisspe\n|move|p2b: Iron Bundle|Flip Turn|p2a: Armarouge\n|-supereffective|p2a: Armarouge\n|-damage|p2a: Armarouge|84\/100\n|-ability|p2a: Armarouge|Weak Armor|boost\n|-unboost|p2a: Armarouge|def|1\n|-boost|p2a: Armarouge|spe|2\n|-enditem|p2a: Armarouge|Weakness Policy\n|-boost|p2a: Armarouge|atk|2|[from] item: Weakness Policy\n|-boost|p2a: Armarouge|spa|2|[from] item: Weakness Policy\n|\n|t:|1698533628\n|-end|p2b: Iron Bundle|Quark Drive|[silent]\n|switch|p2b: Indeedee|Indeedee-F, F|100\/100|[from] Flip Turn\n|-fieldstart|move: Psychic Terrain|[from] ability: Psychic Surge|[of] p2b: Indeedee\n|move|p1a: Flutter Mane|Shadow Ball|p2a: Armarouge\n|-supereffective|p2a: Armarouge\n|-damage|p2a: Armarouge|0 fnt\n|faint|p2a: Armarouge\n|-damage|p1a: Flutter Mane|91\/100|[from] item: Life Orb\n|\n|-weather|SunnyDay|[upkeep]\n|upkeep\n|\n|t:|1698533633\n|switch|p2a: Gholdengo|Gholdengo|100\/100\n|turn|2\n|c|\u2606R.para ti|Te agarre\n|l| kikou444\n|\n|t:|1698533666\n|switch|p2b: Chi-Yu|Chi-Yu|100\/100\n|-ability|p2b: Chi-Yu|Beads of Ruin\n|-terastallize|p2a: Gholdengo|Fairy\n|move|p1b: Meowstic|Ally Switch|p1b: Meowstic\n|swap|p1b: Meowstic|0|[from] move: Ally Switch\n|move|p1b: Flutter Mane|Mystical Fire|p2a: Gholdengo\n|-damage|p2a: Gholdengo|15\/100\n|-unboost|p2a: Gholdengo|spa|1\n|-damage|p1b: Flutter Mane|81\/100|[from] item: Life Orb\n|move|p2a: Gholdengo|Make It Rain|p1a: Meowstic|[spread] p1a,p1b\n|-supereffective|p1b: Flutter Mane\n|-damage|p1a: Meowstic|51\/100\n|-damage|p1b: Flutter Mane|0 fnt\n|-unboost|p2a: Gholdengo|spa|1\n|faint|p1b: Flutter Mane\n|-end|p1b: Flutter Mane|Protosynthesis|[silent]\n|\n|-weather|SunnyDay|[upkeep]\n|upkeep\n|c|\u2606s.daninja|Que\n|\n|t:|1698533689\n|switch|p1b: Armarouge|Armarouge, F|100\/100\n|turn|3\n|\n|t:|1698533697\n|switch|p2a: Ninetales|Ninetales-Alola, F|100\/100\n|-weather|Snow|[from] ability: Snow Warning|[of] p2a: Ninetales\n|-terastallize|p1b: Armarouge|Dark\n|move|p2b: Chi-Yu|Snarl|p1a: Meowstic|[spread] p1a,p1b\n|-supereffective|p1a: Meowstic\n|-resisted|p1b: Armarouge\n|-damage|p1a: Meowstic|0 fnt\n|-damage|p1b: Armarouge|83\/100\n|-unboost|p1b: Armarouge|spa|1\n|faint|p1a: Meowstic\n|move|p1b: Armarouge|Calm Mind|p1b: Armarouge\n|-boost|p1b: Armarouge|spa|1\n|-boost|p1b: Armarouge|spd|1\n|\n|-weather|Snow|[upkeep]\n|upkeep\n|\n|t:|1698533708\n|switch|p1a: Alakazam|Alakazam, M|100\/100\n|turn|4\n|\n|t:|1698533720\n|switch|p2b: Iron Bundle|Iron Bundle|100\/100\n|detailschange|p1a: Alakazam|Alakazam-Mega, M\n|-mega|p1a: Alakazam|Alakazam|Alakazite\n|-ability|p1a: Alakazam|Snow Warning|[from] ability: Trace|[of] p2a: Ninetales\n|move|p1a: Alakazam|Focus Blast|p2b: Iron Bundle\n|-supereffective|p2b: Iron Bundle\n|-damage|p2b: Iron Bundle|0 fnt\n|faint|p2b: Iron Bundle\n|-end|p2b: Iron Bundle|Quark Drive|[silent]\n|move|p2a: Ninetales|Encore|p1b: Armarouge\n|-start|p1b: Armarouge|Encore\n|move|p1b: Armarouge|Calm Mind|p1b: Armarouge\n|-boost|p1b: Armarouge|spa|1\n|-boost|p1b: Armarouge|spd|1\n|\n|-weather|Snow|[upkeep]\n|upkeep\n|\n|t:|1698533730\n|switch|p2b: Gholdengo|Gholdengo, tera:Fairy|15\/100\n|turn|5\n|\n|t:|1698533745\n|switch|p2a: Chi-Yu|Chi-Yu|100\/100\n|-ability|p2a: Chi-Yu|Beads of Ruin\n|switch|p1b: Chi-Yu|Chi-Yu|100\/100\n|-ability|p1b: Chi-Yu|Beads of Ruin\n|move|p2b: Gholdengo|Make It Rain|p1b: Chi-Yu|[spread] p1a,p1b\n|-resisted|p1b: Chi-Yu\n|-damage|p1a: Alakazam|23\/100\n|-damage|p1b: Chi-Yu|75\/100\n|-unboost|p2b: Gholdengo|spa|1\n|move|p1a: Alakazam|Expanding Force|p2a: Chi-Yu|[spread] p2b\n|-immune|p2a: Chi-Yu\n|-damage|p2b: Gholdengo|0 fnt\n|faint|p2b: Gholdengo\n|\n|-weather|Snow|[upkeep]\n|upkeep\n|\n|t:|1698533759\n|switch|p2b: Indeedee|Indeedee-F, F|100\/100\n|turn|6\n|\n|t:|1698533775\n|move|p2b: Indeedee|Follow Me|p2b: Indeedee\n|-singleturn|p2b: Indeedee|move: Follow Me\n|move|p1a: Alakazam|Dazzling Gleam|p2b: Indeedee|[spread] p2a,p2b\n|-damage|p2a: Chi-Yu|68\/100\n|-damage|p2b: Indeedee|69\/100\n|move|p2a: Chi-Yu|Heat Wave|p1b: Chi-Yu|[spread] p1a,p1b\n|-resisted|p1b: Chi-Yu\n|-damage|p1a: Alakazam|0 fnt\n|-damage|p1b: Chi-Yu|43\/100\n|faint|p1a: Alakazam\n|move|p1b: Chi-Yu|Snarl|p2a: Chi-Yu|[spread] p2b\n|-miss|p1b: Chi-Yu|p2a: Chi-Yu\n|-supereffective|p2b: Indeedee\n|-damage|p2b: Indeedee|0 fnt\n|faint|p2b: Indeedee\n|-damage|p1b: Chi-Yu|33\/100|[from] item: Life Orb\n|\n|-weather|Snow|[upkeep]\n|upkeep\n|\n|t:|1698533791\n|switch|p1a: Armarouge|Armarouge, F, tera:Dark|83\/100\n|switch|p2b: Ninetales|Ninetales-Alola, F|100\/100\n|turn|7\n|\n|t:|1698533799\n|move|p2b: Ninetales|Blizzard|p1b: Chi-Yu|[spread] p1a,p1b\n|-resisted|p1b: Chi-Yu\n|-damage|p1a: Armarouge|47\/100\n|-damage|p1b: Chi-Yu|16\/100\n|move|p1b: Chi-Yu|Snarl|p2a: Chi-Yu|[spread] p2a,p2b\n|-resisted|p2a: Chi-Yu\n|-resisted|p2b: Ninetales\n|-damage|p2a: Chi-Yu|53\/100\n|-damage|p2b: Ninetales|80\/100\n|-unboost|p2a: Chi-Yu|spa|1\n|-unboost|p2b: Ninetales|spa|1\n|-damage|p1b: Chi-Yu|6\/100|[from] item: Life Orb\n|move|p2a: Chi-Yu|Heat Wave|p1a: Armarouge|[spread] p1a,p1b\n|-resisted|p1b: Chi-Yu\n|-damage|p1a: Armarouge|6\/100\n|-damage|p1b: Chi-Yu|0 fnt\n|faint|p1b: Chi-Yu\n|move|p1a: Armarouge|Aura Sphere|p2a: Chi-Yu\n|-supereffective|p2a: Chi-Yu\n|-damage|p2a: Chi-Yu|3\/100\n|\n|-weather|none\n|upkeep\n|\n|t:|1698533819\n|switch|p1b: Gothitelle|Gothitelle, M|100\/100\n|turn|8\n|\n|t:|1698533835\n|move|p2b: Ninetales|Aurora Veil||[still]\n|-fail|p2b: Ninetales\n|move|p2a: Chi-Yu|Heat Wave|p1b: Gothitelle|[spread] p1a,p1b\n|-damage|p1a: Armarouge|0 fnt\n|-damage|p1b: Gothitelle|63\/100\n|faint|p1a: Armarouge\n|move|p1b: Gothitelle|Dark Pulse|p2a: Chi-Yu\n|-resisted|p2a: Chi-Yu\n|-damage|p2a: Chi-Yu|0 fnt\n|faint|p2a: Chi-Yu\n|\n|-fieldend|move: Psychic Terrain\n|upkeep\n|turn|9\n|\n|t:|1698533843\n|move|p2b: Ninetales|Encore|p1b: Gothitelle\n|-start|p1b: Gothitelle|Encore\n|move|p1b: Gothitelle|Dark Pulse|p2b: Ninetales\n|-resisted|p2b: Ninetales\n|-damage|p2b: Ninetales|61\/100\n|\n|upkeep\n|turn|10\n|\n|t:|1698533849\n|move|p2b: Ninetales|Blizzard|p1b: Gothitelle\n|-damage|p1b: Gothitelle|42\/100\n|move|p1b: Gothitelle|Dark Pulse|p2b: Ninetales\n|-resisted|p2b: Ninetales\n|-damage|p2b: Ninetales|44\/100\n|\n|upkeep\n|turn|11\n|\n|t:|1698533856\n|move|p2b: Ninetales|Blizzard|p1b: Gothitelle|[miss]\n|-miss|p2b: Ninetales|p1b: Gothitelle\n|move|p1b: Gothitelle|Dark Pulse|p2b: Ninetales\n|-resisted|p2b: Ninetales\n|-damage|p2b: Ninetales|28\/100\n|\n|-end|p1b: Gothitelle|Encore\n|upkeep\n|turn|12\n|\n|t:|1698533863\n|move|p2b: Ninetales|Moonblast|p1b: Gothitelle\n|-damage|p1b: Gothitelle|23\/100\n|-unboost|p1b: Gothitelle|spa|1\n|move|p1b: Gothitelle|Dark Pulse|p2b: Ninetales\n|-resisted|p2b: Ninetales\n|-damage|p2b: Ninetales|17\/100\n|\n|upkeep\n|turn|13\n|\n|t:|1698533870\n|move|p2b: Ninetales|Moonblast|p1b: Gothitelle\n|-damage|p1b: Gothitelle|7\/100\n|move|p1b: Gothitelle|Dark Pulse|p2b: Ninetales\n|-resisted|p2b: Ninetales\n|-damage|p2b: Ninetales|6\/100\n|\n|upkeep\n|turn|14\n|\n|t:|1698533877\n|move|p2b: Ninetales|Moonblast|p1b: Gothitelle\n|-damage|p1b: Gothitelle|0 fnt\n|faint|p1b: Gothitelle\n|\n|win|s.daninja\n|raw|R.para ti's rating: 1335 &rarr; <strong>1311<\/strong><br \/>(-24 for losing)\n|raw|s.daninja's rating: 1257 &rarr; <strong>1288<\/strong><br \/>(+31 for winning)\n","uploadtime":1698533885,"views":4,"p1id":"rparati","p2id":"sdaninja","formatid":"gen9nationaldexdoubles","rating":1288,"private":0,"password":""}