{"id":"gen9nationaldexdoubles-1991213091","p1":"Perucho blue","p2":"CrisWWE","format":"[Gen 9] National Dex Doubles","log":"|j|\u2606Perucho blue\n|j|\u2606CrisWWE\n|t:|1700057772\n|gametype|doubles\n|player|p1|Perucho blue|saturn|\n|player|p2|CrisWWE|shadowtriad|\n|teamsize|p1|6\n|teamsize|p2|6\n|gen|9\n|tier|[Gen 9] National Dex Doubles\n|rule|HP Percentage Mod: HP is shown in percentages\n|rule|Endless Battle Clause: Forcing endless battles is banned\n|rule|OHKO Clause: OHKO moves are banned\n|rule|Evasion Moves Clause: Evasion moves are banned\n|rule|Evasion Abilities Clause: Evasion abilities are banned\n|rule|Species Clause: Limit one of each Pok\u00e9mon\n|rule|Gravity Sleep Clause: The combination of sleep-inducing moves with imperfect accuracy and Gravity or Gigantamax Orbeetle are banned\n|clearpoke\n|poke|p1|Dondozo, F|\n|poke|p1|Kilowattrel, M|\n|poke|p1|Talonflame, F|\n|poke|p1|Amoonguss, M|\n|poke|p1|Flamigo, M|\n|poke|p1|Gholdengo|\n|poke|p2|Darkrai|\n|poke|p2|Sinistcha-Masterpiece|\n|poke|p2|Tapu Koko|\n|poke|p2|Latias, F|\n|poke|p2|Amoonguss, F|\n|poke|p2|Iron Bundle|\n|teampreview\n|\n|t:|1700057785\n|start\n|switch|p1a: Kilowattrel|Kilowattrel, M|100\/100\n|switch|p1b: Talonflame|Talonflame, F|100\/100\n|switch|p2a: Amoonguss|Amoonguss, F|100\/100\n|switch|p2b: Darkrai|Darkrai|100\/100\n|turn|1\n|\n|t:|1700057812\n|-terastallize|p1b: Talonflame|Fire\n|move|p2b: Darkrai|Calm Mind|p2b: Darkrai\n|-boost|p2b: Darkrai|spa|1\n|-boost|p2b: Darkrai|spd|1\n|move|p1a: Kilowattrel|Volt Switch|p2b: Darkrai\n|-damage|p2b: Darkrai|63\/100\n|-damage|p1a: Kilowattrel|91\/100|[from] item: Life Orb\n|\n|t:|1700057824\n|switch|p1a: Amoonguss|Amoonguss, M|100\/100|[from] Volt Switch\n|move|p1b: Talonflame|Flame Charge|p2a: Amoonguss\n|-supereffective|p2a: Amoonguss\n|-damage|p2a: Amoonguss|29\/100\n|-boost|p1b: Talonflame|spe|1\n|move|p2a: Amoonguss|Spore|p1a: Amoonguss\n|-immune|p1a: Amoonguss\n|\n|-heal|p2a: Amoonguss|35\/100|[from] item: Black Sludge\n|upkeep\n|turn|2\n|\n|t:|1700057844\n|move|p1a: Amoonguss|Rage Powder|p1a: Amoonguss\n|-singleturn|p1a: Amoonguss|move: Rage Powder\n|move|p2a: Amoonguss|Rage Powder|p2a: Amoonguss\n|-singleturn|p2a: Amoonguss|move: Rage Powder\n|move|p1b: Talonflame|Tailwind|p1b: Talonflame\n|-sidestart|p1: Perucho blue|move: Tailwind\n|move|p2b: Darkrai|Calm Mind|p2b: Darkrai\n|-boost|p2b: Darkrai|spa|1\n|-boost|p2b: Darkrai|spd|1\n|\n|-heal|p2a: Amoonguss|42\/100|[from] item: Black Sludge\n|upkeep\n|turn|3\n|\n|t:|1700057861\n|move|p2a: Amoonguss|Rage Powder|p2a: Amoonguss\n|-singleturn|p2a: Amoonguss|move: Rage Powder\n|move|p1b: Talonflame|Flame Charge|p2a: Amoonguss\n|-supereffective|p2a: Amoonguss\n|-damage|p2a: Amoonguss|0 fnt\n|-boost|p1b: Talonflame|spe|1\n|faint|p2a: Amoonguss\n|move|p2b: Darkrai|Calm Mind|p2b: Darkrai\n|-boost|p2b: Darkrai|spa|1\n|-boost|p2b: Darkrai|spd|1\n|move|p1a: Amoonguss|Spore|p2b: Darkrai\n|-status|p2b: Darkrai|slp|[from] move: Spore\n|\n|upkeep\n|\n|t:|1700057871\n|switch|p2a: Latias|Latias, F|100\/100\n|turn|4\n|\n|t:|1700057887\n|cant|p2b: Darkrai|slp\n|move|p1b: Talonflame|Brave Bird|p2b: Darkrai\n|-damage|p2b: Darkrai|0 fnt\n|faint|p2b: Darkrai\n|-damage|p1b: Talonflame|81\/100|[from] Recoil\n|move|p2a: Latias|Tailwind|p2a: Latias\n|-sidestart|p2: CrisWWE|move: Tailwind\n|move|p1a: Amoonguss|Spore|p2a: Latias\n|-status|p2a: Latias|slp|[from] move: Spore\n|\n|upkeep\n|\n|t:|1700057900\n|switch|p2b: Iron Bundle|Iron Bundle|100\/100\n|turn|5\n|\n|t:|1700057910\n|cant|p2a: Latias|slp\n|move|p1b: Talonflame|Flame Charge|p2a: Latias\n|-resisted|p2a: Latias\n|-damage|p2a: Latias|83\/100 slp\n|-boost|p1b: Talonflame|spe|1\n|move|p2b: Iron Bundle|Hydro Pump|p1b: Talonflame\n|-supereffective|p1b: Talonflame\n|-damage|p1b: Talonflame|0 fnt\n|faint|p1b: Talonflame\n|-damage|p2b: Iron Bundle|91\/100|[from] item: Life Orb\n|move|p1a: Amoonguss|Spore|p2b: Iron Bundle\n|-status|p2b: Iron Bundle|slp|[from] move: Spore\n|\n|-heal|p2a: Latias|90\/100 slp|[from] item: Leftovers\n|-sideend|p1: Perucho blue|move: Tailwind\n|upkeep\n|\n|t:|1700057937\n|switch|p1b: Kilowattrel|Kilowattrel, M|91\/100\n|turn|6\n|\n|t:|1700057967\n|-end|p2b: Iron Bundle|Quark Drive|[silent]\n|switch|p2b: Sinistcha|Sinistcha-Masterpiece|100\/100\n|-heal|p2a: Latias|100\/100 slp|[from] ability: Hospitality|[of] p2b: Sinistcha\n|cant|p2a: Latias|slp\n|move|p1b: Kilowattrel|Volt Switch|p2b: Sinistcha\n|-resisted|p2b: Sinistcha\n|-damage|p2b: Sinistcha|81\/100\n|-damage|p1b: Kilowattrel|81\/100|[from] item: Life Orb\n|\n|t:|1700057980\n|switch|p1b: Gholdengo|Gholdengo|100\/100|[from] Volt Switch\n|move|p1a: Amoonguss|Toxic||[still]\n|-fail|p1a: Amoonguss\n|\n|-heal|p2b: Sinistcha|87\/100|[from] item: Leftovers\n|upkeep\n|turn|7\n|\n|t:|1700057996\n|-curestatus|p2a: Latias|slp|[msg]\n|move|p2a: Latias|Protect|p2a: Latias\n|-singleturn|p2a: Latias|Protect\n|move|p2b: Sinistcha|Calm Mind|p2b: Sinistcha\n|-boost|p2b: Sinistcha|spa|1\n|-boost|p2b: Sinistcha|spd|1\n|move|p1b: Gholdengo|Make It Rain|p2a: Latias|[spread] p2b\n|-activate|p2a: Latias|move: Protect\n|-damage|p2b: Sinistcha|56\/100\n|-unboost|p1b: Gholdengo|spa|1\n|move|p1a: Amoonguss|Spore|p2b: Sinistcha\n|-immune|p2b: Sinistcha\n|\n|-heal|p2b: Sinistcha|62\/100|[from] item: Leftovers\n|-sideend|p2: CrisWWE|move: Tailwind\n|upkeep\n|turn|8\n|\n|t:|1700058028\n|move|p2a: Latias|Tailwind|p2a: Latias\n|-sidestart|p2: CrisWWE|move: Tailwind\n|move|p2b: Sinistcha|Matcha Gotcha|p1a: Amoonguss|[spread] p1a,p1b\n|-resisted|p1a: Amoonguss\n|-resisted|p1b: Gholdengo\n|-damage|p1a: Amoonguss|95\/100\n|-heal|p2b: Sinistcha|66\/100|[from] drain|[of] p1a: Amoonguss\n|-damage|p1b: Gholdengo|85\/100\n|-heal|p2b: Sinistcha|72\/100|[from] drain|[of] p1b: Gholdengo\n|move|p1b: Gholdengo|Psychic|p2a: Latias\n|-resisted|p2a: Latias\n|-damage|p2a: Latias|91\/100\n|move|p1a: Amoonguss|Spore|p2a: Latias\n|-status|p2a: Latias|slp|[from] move: Spore\n|\n|-heal|p2a: Latias|97\/100 slp|[from] item: Leftovers\n|-heal|p2b: Sinistcha|79\/100|[from] item: Leftovers\n|-heal|p1a: Amoonguss|100\/100|[from] item: Leftovers\n|upkeep\n|turn|9\n|\n|t:|1700058065\n|switch|p2a: Iron Bundle|Iron Bundle|91\/100 slp\n|move|p2b: Sinistcha|Calm Mind|p2b: Sinistcha\n|-boost|p2b: Sinistcha|spa|1\n|-boost|p2b: Sinistcha|spd|1\n|move|p1b: Gholdengo|Flash Cannon|p2a: Iron Bundle\n|-damage|p2a: Iron Bundle|25\/100 slp\n|move|p1a: Amoonguss|Facade|p2a: Iron Bundle\n|-damage|p2a: Iron Bundle|9\/100 slp\n|\n|-heal|p2b: Sinistcha|85\/100|[from] item: Leftovers\n|upkeep\n|turn|10\n|\n|t:|1700058090\n|-end|p2a: Iron Bundle|Quark Drive|[silent]\n|switch|p2a: Latias|Latias, F|97\/100 slp\n|move|p1a: Amoonguss|Rage Powder|p1a: Amoonguss\n|-singleturn|p1a: Amoonguss|move: Rage Powder\n|move|p2b: Sinistcha|Calm Mind|p2b: Sinistcha\n|-boost|p2b: Sinistcha|spa|1\n|-boost|p2b: Sinistcha|spd|1\n|move|p1b: Gholdengo|Flash Cannon|p2a: Latias\n|-damage|p2a: Latias|75\/100 slp\n|\n|-heal|p2a: Latias|81\/100 slp|[from] item: Leftovers\n|-heal|p2b: Sinistcha|91\/100|[from] item: Leftovers\n|upkeep\n|turn|11\n|\n|t:|1700058117\n|cant|p2a: Latias|slp\n|move|p1a: Amoonguss|Rage Powder|p1a: Amoonguss\n|-singleturn|p1a: Amoonguss|move: Rage Powder\n|move|p2b: Sinistcha|Calm Mind|p2b: Sinistcha\n|-boost|p2b: Sinistcha|spa|1\n|-boost|p2b: Sinistcha|spd|1\n|move|p1b: Gholdengo|Flash Cannon|p2a: Latias\n|-damage|p2a: Latias|56\/100 slp\n|\n|-heal|p2a: Latias|62\/100 slp|[from] item: Leftovers\n|-heal|p2b: Sinistcha|97\/100|[from] item: Leftovers\n|-sideend|p2: CrisWWE|move: Tailwind\n|upkeep\n|turn|12\n|\n|t:|1700058135\n|cant|p2a: Latias|slp\n|move|p1b: Gholdengo|Psychic|p2b: Sinistcha\n|-damage|p2b: Sinistcha|90\/100\n|move|p2b: Sinistcha|Matcha Gotcha|p1a: Amoonguss|[spread] p1a,p1b\n|-resisted|p1a: Amoonguss\n|-resisted|p1b: Gholdengo\n|-damage|p1a: Amoonguss|87\/100\n|-heal|p2b: Sinistcha|98\/100|[from] drain|[of] p1a: Amoonguss\n|-damage|p1b: Gholdengo|55\/100\n|-heal|p2b: Sinistcha|100\/100|[from] drain|[of] p1b: Gholdengo\n|move|p1a: Amoonguss|Spore|p2a: Latias\n|-fail|p2a: Latias|slp\n|\n|-heal|p2a: Latias|68\/100 slp|[from] item: Leftovers\n|-heal|p1a: Amoonguss|93\/100|[from] item: Leftovers\n|upkeep\n|turn|13\n|\n|t:|1700058174\n|switch|p1b: Kilowattrel|Kilowattrel, M|81\/100\n|cant|p2a: Latias|slp\n|move|p2b: Sinistcha|Matcha Gotcha|p1b: Kilowattrel|[spread] p1a,p1b\n|-resisted|p1a: Amoonguss\n|-resisted|p1b: Kilowattrel\n|-damage|p1a: Amoonguss|79\/100\n|-damage|p1b: Kilowattrel|18\/100\n|move|p1a: Amoonguss|Spore|p2a: Latias\n|-fail|p2a: Latias|slp\n|\n|-heal|p2a: Latias|74\/100 slp|[from] item: Leftovers\n|-heal|p1a: Amoonguss|86\/100|[from] item: Leftovers\n|upkeep\n|turn|14\n|\n|t:|1700058196\n|-curestatus|p2a: Latias|slp|[msg]\n|move|p2a: Latias|Wish|p2a: Latias\n|move|p1b: Kilowattrel|Hurricane|p2b: Sinistcha\n|-supereffective|p2b: Sinistcha\n|-damage|p2b: Sinistcha|59\/100\n|-damage|p1b: Kilowattrel|8\/100|[from] item: Life Orb\n|move|p2b: Sinistcha|Matcha Gotcha|p1a: Amoonguss|[spread] p1a,p1b\n|-resisted|p1a: Amoonguss\n|-resisted|p1b: Kilowattrel\n|-damage|p1a: Amoonguss|72\/100\n|-heal|p2b: Sinistcha|68\/100|[from] drain|[of] p1a: Amoonguss\n|-damage|p1b: Kilowattrel|0 fnt\n|-heal|p2b: Sinistcha|71\/100|[from] drain|[of] p1b: Kilowattrel\n|faint|p1b: Kilowattrel\n|move|p1a: Amoonguss|Spore|p2a: Latias\n|-status|p2a: Latias|slp|[from] move: Spore\n|\n|-heal|p2a: Latias|80\/100 slp|[from] item: Leftovers\n|-heal|p2b: Sinistcha|77\/100|[from] item: Leftovers\n|-heal|p1a: Amoonguss|78\/100|[from] item: Leftovers\n|upkeep\n|\n|t:|1700058223\n|switch|p1b: Dondozo|Dondozo, F|100\/100\n|turn|15\n|\n|t:|1700058244\n|switch|p2a: Iron Bundle|Iron Bundle|9\/100 slp\n|move|p2b: Sinistcha|Matcha Gotcha|p1b: Dondozo|[spread] p1a,p1b\n|-resisted|p1a: Amoonguss\n|-supereffective|p1b: Dondozo\n|-damage|p1a: Amoonguss|65\/100\n|-heal|p2b: Sinistcha|85\/100|[from] drain|[of] p1a: Amoonguss\n|-damage|p1b: Dondozo|55\/100\n|-heal|p2b: Sinistcha|100\/100|[from] drain|[of] p1b: Dondozo\n|-status|p1a: Amoonguss|brn\n|move|p1b: Dondozo|Substitute|p1b: Dondozo\n|-start|p1b: Dondozo|Substitute\n|-damage|p1b: Dondozo|30\/100\n|move|p1a: Amoonguss|Facade|p2b: Sinistcha\n|-immune|p2b: Sinistcha\n|\n|-heal|p2a: Iron Bundle|81\/100 slp|[from] move: Wish|[wisher] Latias\n|-heal|p1b: Dondozo|36\/100|[from] item: Leftovers\n|-heal|p1a: Amoonguss|71\/100 brn|[from] item: Leftovers\n|-damage|p1a: Amoonguss|65\/100 brn|[from] brn\n|upkeep\n|turn|16\n|\n|t:|1700058277\n|cant|p2a: Iron Bundle|slp\n|move|p2b: Sinistcha|Matcha Gotcha|p1a: Amoonguss|[spread] p1b\n|-miss|p2b: Sinistcha|p1a: Amoonguss\n|-supereffective|p1b: Dondozo\n|-end|p1b: Dondozo|Substitute\n|move|p1b: Dondozo|Order Up|p2b: Sinistcha\n|-damage|p2b: Sinistcha|76\/100\n|move|p1a: Amoonguss|Facade|p2a: Iron Bundle\n|-damage|p2a: Iron Bundle|46\/100 slp\n|\n|-heal|p2b: Sinistcha|82\/100|[from] item: Leftovers\n|-heal|p1b: Dondozo|43\/100|[from] item: Leftovers\n|-heal|p1a: Amoonguss|71\/100 brn|[from] item: Leftovers\n|-damage|p1a: Amoonguss|65\/100 brn|[from] brn\n|upkeep\n|turn|17\n|\n|t:|1700058324\n|cant|p2a: Iron Bundle|slp\n|move|p2b: Sinistcha|Matcha Gotcha|p1a: Amoonguss|[spread] p1a,p1b\n|-resisted|p1a: Amoonguss\n|-supereffective|p1b: Dondozo\n|-damage|p1a: Amoonguss|51\/100 brn\n|-heal|p2b: Sinistcha|91\/100|[from] drain|[of] p1a: Amoonguss\n|-damage|p1b: Dondozo|0 fnt\n|-heal|p2b: Sinistcha|100\/100|[from] drain|[of] p1b: Dondozo\n|faint|p1b: Dondozo\n|move|p1a: Amoonguss|Facade|p2a: Iron Bundle\n|-damage|p2a: Iron Bundle|11\/100 slp\n|\n|-heal|p1a: Amoonguss|58\/100 brn|[from] item: Leftovers\n|-damage|p1a: Amoonguss|51\/100 brn|[from] brn\n|upkeep\n|\n|t:|1700058345\n|switch|p1b: Flamigo|Flamigo, M|100\/100\n|-copyboost|p1b: Flamigo|p1a: Amoonguss|[from] ability: Costar\n|turn|18\n|\n|t:|1700058364\n|-curestatus|p2a: Iron Bundle|slp|[msg]\n|move|p2a: Iron Bundle|Protect|p2a: Iron Bundle\n|-singleturn|p2a: Iron Bundle|Protect\n|move|p1b: Flamigo|Close Combat|p2b: Sinistcha\n|-immune|p2b: Sinistcha\n|move|p2b: Sinistcha|Matcha Gotcha|p1b: Flamigo|[spread] p1a,p1b\n|-resisted|p1a: Amoonguss\n|-resisted|p1b: Flamigo\n|-damage|p1a: Amoonguss|38\/100 brn\n|-damage|p1b: Flamigo|59\/100\n|-status|p1b: Flamigo|brn\n|move|p1a: Amoonguss|Spore|p2a: Iron Bundle\n|-activate|p2a: Iron Bundle|move: Protect\n|\n|-heal|p1a: Amoonguss|45\/100 brn|[from] item: Leftovers\n|-damage|p1b: Flamigo|53\/100 brn|[from] brn\n|-damage|p1a: Amoonguss|38\/100 brn|[from] brn\n|upkeep\n|turn|19\n|\n|t:|1700058402\n|-end|p2a: Iron Bundle|Quark Drive|[silent]\n|switch|p2a: Latias|Latias, F|80\/100 slp\n|move|p1b: Flamigo|Brave Bird|p2a: Latias\n|-damage|p2a: Latias|47\/100 slp\n|-damage|p1b: Flamigo|40\/100 brn|[from] Recoil\n|move|p2b: Sinistcha|Matcha Gotcha|p1b: Flamigo|[spread] p1a,p1b\n|-resisted|p1a: Amoonguss\n|-resisted|p1b: Flamigo\n|-damage|p1a: Amoonguss|26\/100 brn\n|-damage|p1b: Flamigo|0 fnt\n|faint|p1b: Flamigo\n|move|p1a: Amoonguss|Spore|p2a: Latias\n|-fail|p2a: Latias|slp\n|\n|-heal|p2a: Latias|53\/100 slp|[from] item: Leftovers\n|-heal|p1a: Amoonguss|33\/100 brn|[from] item: Leftovers\n|-damage|p1a: Amoonguss|26\/100 brn|[from] brn\n|upkeep\n|\n|t:|1700058422\n|switch|p1b: Gholdengo|Gholdengo|55\/100\n|turn|20\n|\n|t:|1700058444\n|cant|p2a: Latias|slp\n|move|p1b: Gholdengo|Flash Cannon|p2a: Latias\n|-damage|p2a: Latias|20\/100 slp\n|move|p2b: Sinistcha|Matcha Gotcha|p1a: Amoonguss|[spread] p1a,p1b\n|-resisted|p1a: Amoonguss\n|-resisted|p1b: Gholdengo\n|-damage|p1a: Amoonguss|12\/100 brn\n|-damage|p1b: Gholdengo|28\/100\n|-status|p1b: Gholdengo|brn\n|move|p1a: Amoonguss|Toxic||[still]\n|-fail|p1a: Amoonguss\n|\n|-heal|p2a: Latias|26\/100 slp|[from] item: Leftovers\n|-heal|p1a: Amoonguss|19\/100 brn|[from] item: Leftovers\n|-damage|p1b: Gholdengo|22\/100 brn|[from] brn\n|-damage|p1a: Amoonguss|12\/100 brn|[from] brn\n|upkeep\n|turn|21\n|\n|t:|1700058473\n|cant|p2a: Latias|slp\n|move|p1b: Gholdengo|Flash Cannon|p2a: Latias\n|-damage|p2a: Latias|0 fnt\n|faint|p2a: Latias\n|move|p2b: Sinistcha|Life Dew||[still]\n|-fail|p2b: Sinistcha|heal\n|move|p1a: Amoonguss|Toxic|p2b: Sinistcha\n|-status|p2b: Sinistcha|tox\n|\n|-heal|p1a: Amoonguss|19\/100 brn|[from] item: Leftovers\n|-damage|p2b: Sinistcha|94\/100 tox|[from] psn\n|-damage|p1b: Gholdengo|16\/100 brn|[from] brn\n|-damage|p1a: Amoonguss|12\/100 brn|[from] brn\n|upkeep\n|\n|t:|1700058489\n|switch|p2a: Iron Bundle|Iron Bundle|11\/100\n|turn|22\n|\n|t:|1700058509\n|move|p2a: Iron Bundle|Freeze-Dry|p1a: Amoonguss\n|-supereffective|p1a: Amoonguss\n|-damage|p1a: Amoonguss|0 fnt\n|faint|p1a: Amoonguss\n|-damage|p2a: Iron Bundle|1\/100|[from] item: Life Orb\n|move|p1b: Gholdengo|Flash Cannon|p2b: Sinistcha\n|-damage|p2b: Sinistcha|81\/100 tox\n|move|p2b: Sinistcha|Matcha Gotcha|p1b: Gholdengo\n|-resisted|p1b: Gholdengo\n|-damage|p1b: Gholdengo|0 fnt\n|-heal|p2b: Sinistcha|88\/100 tox|[from] drain|[of] p1b: Gholdengo\n|faint|p1b: Gholdengo\n|\n|win|CrisWWE\n","uploadtime":1700058526,"views":5,"p1id":"peruchoblue","p2id":"criswwe","formatid":"gen9nationaldexdoubles","rating":0,"private":0,"password":""}