{"id":"gen9nationaldexdoubles-1978146908","p1":"Daepiquejt","p2":"thundervoltss","format":"[Gen 9] National Dex Doubles","log":"|j|\u2606Daepiquejt\n|j|\u2606thundervoltss\n|t:|1698505091\n|gametype|doubles\n|player|p1|Daepiquejt|dawn|1590\n|player|p2|thundervoltss|elesa-masters|1380\n|teamsize|p1|6\n|teamsize|p2|6\n|gen|9\n|tier|[Gen 9] National Dex Doubles\n|rated|\n|rule|HP Percentage Mod: HP is shown in percentages\n|rule|Endless Battle Clause: Forcing endless battles is banned\n|rule|OHKO Clause: OHKO moves are banned\n|rule|Evasion Moves Clause: Evasion moves are banned\n|rule|Evasion Abilities Clause: Evasion abilities are banned\n|rule|Species Clause: Limit one of each Pok\u00e9mon\n|rule|Gravity Sleep Clause: The combination of sleep-inducing moves with imperfect accuracy and Gravity or Gigantamax Orbeetle are banned\n|clearpoke\n|poke|p1|Tyranitar, M|\n|poke|p1|Tornadus, M|\n|poke|p1|Volcanion|\n|poke|p1|Rillaboom, M|\n|poke|p1|Diancie|\n|poke|p1|Marshadow|\n|poke|p2|Grimmsnarl, M|\n|poke|p2|Spectrier|\n|poke|p2|Urshifu-*, F|\n|poke|p2|Rillaboom, F|\n|poke|p2|Incineroar, F|\n|poke|p2|Primarina, F|\n|teampreview\n|inactive|Battle timer is ON: inactive players will automatically lose when time's up. (requested by Daepiquejt)\n|inactive|Daepiquejt has 120 seconds left.\n|\n|t:|1698505134\n|start\n|switch|p1a: Tornadus|Tornadus, M|100\/100\n|switch|p1b: Volcanion|Volcanion|100\/100\n|switch|p2a: Pop fizz|Grimmsnarl, M|100\/100\n|switch|p2b: Trap shadow|Spectrier|100\/100\n|turn|1\n|\n|t:|1698505147\n|move|p1a: Tornadus|Tailwind|p1a: Tornadus\n|-sidestart|p1: Daepiquejt|move: Tailwind\n|move|p2a: Pop fizz|Light Screen|p2a: Pop fizz\n|-sidestart|p2: thundervoltss|move: Light Screen\n|move|p2b: Trap shadow|Snarl|p1a: Tornadus|[spread] p1a,p1b\n|-damage|p1a: Tornadus|83\/100\n|-damage|p1b: Volcanion|88\/100\n|-unboost|p1a: Tornadus|spa|1\n|-unboost|p1b: Volcanion|spa|1\n|move|p1b: Volcanion|Substitute|p1b: Volcanion\n|-start|p1b: Volcanion|Substitute\n|-damage|p1b: Volcanion|63\/100\n|\n|-heal|p1b: Volcanion|69\/100|[from] item: Leftovers\n|upkeep\n|turn|2\n|\n|t:|1698505169\n|-zpower|p1a: Tornadus\n|move|p1a: Tornadus|Supersonic Skystrike|p2b: Trap shadow|[zeffect]\n|-damage|p2b: Trap shadow|60\/100\n|move|p2b: Trap shadow|Shadow Ball|p1a: Tornadus\n|-damage|p1a: Tornadus|32\/100\n|move|p1b: Volcanion|Steam Eruption|p2b: Trap shadow\n|-damage|p2b: Trap shadow|33\/100\n|-enditem|p2b: Trap shadow|Sitrus Berry|[eat]\n|-heal|p2b: Trap shadow|58\/100|[from] item: Sitrus Berry\n|move|p2a: Pop fizz|Spirit Break|p1a: Tornadus\n|-damage|p1a: Tornadus|0 fnt\n|faint|p1a: Tornadus\n|\n|-heal|p1b: Volcanion|75\/100|[from] item: Leftovers\n|upkeep\n|\n|t:|1698505187\n|switch|p1a: Tyranitar|Tyranitar, M|100\/100\n|-weather|Sandstorm|[from] ability: Sand Stream|[of] p1a: Tyranitar\n|turn|3\n|\n|t:|1698505195\n|switch|p1b: Rillaboom|Rillaboom, M|100\/100\n|-fieldstart|move: Grassy Terrain|[from] ability: Grassy Surge|[of] p1b: Rillaboom\n|detailschange|p1a: Tyranitar|Tyranitar-Mega, M\n|-mega|p1a: Tyranitar|Tyranitar|Tyranitarite\n|move|p1a: Tyranitar|Dragon Dance|p1a: Tyranitar\n|-boost|p1a: Tyranitar|atk|1\n|-boost|p1a: Tyranitar|spe|1\n|move|p2b: Trap shadow|Shadow Ball|p1b: Rillaboom\n|-damage|p1b: Rillaboom|76\/100\n|move|p2a: Pop fizz|Spirit Break|p1a: Tyranitar\n|-supereffective|p1a: Tyranitar\n|-damage|p1a: Tyranitar|55\/100\n|-unboost|p1a: Tyranitar|spa|1\n|\n|-weather|Sandstorm|[upkeep]\n|-damage|p1b: Rillaboom|69\/100|[from] Sandstorm\n|-damage|p2b: Trap shadow|52\/100|[from] Sandstorm\n|-damage|p2a: Pop fizz|94\/100|[from] Sandstorm\n|-heal|p1a: Tyranitar|61\/100|[from] Grassy Terrain\n|-heal|p1b: Rillaboom|76\/100|[from] Grassy Terrain\n|-heal|p2b: Trap shadow|58\/100|[from] Grassy Terrain\n|-heal|p2a: Pop fizz|100\/100|[from] Grassy Terrain\n|upkeep\n|turn|4\n|\n|t:|1698505217\n|switch|p2a: Grave clobber|Urshifu-Rapid-Strike, F|100\/100\n|move|p1b: Rillaboom|Fake Out|p2a: Grave clobber\n|-damage|p2a: Grave clobber|88\/100\n|move|p1a: Tyranitar|Rock Slide|p2b: Trap shadow|[spread] p2a,p2b\n|-resisted|p2a: Grave clobber\n|-damage|p2a: Grave clobber|65\/100\n|-damage|p2b: Trap shadow|3\/100\n|cant|p2b: Trap shadow|flinch\n|\n|-weather|Sandstorm|[upkeep]\n|-damage|p1b: Rillaboom|69\/100|[from] Sandstorm\n|-damage|p2b: Trap shadow|0 fnt|[from] Sandstorm\n|faint|p2b: Trap shadow\n|-heal|p1a: Tyranitar|67\/100|[from] Grassy Terrain\n|-heal|p1b: Rillaboom|76\/100|[from] Grassy Terrain\n|-heal|p2a: Grave clobber|71\/100|[from] Grassy Terrain\n|-sideend|p1: Daepiquejt|move: Tailwind\n|upkeep\n|inactive|thundervoltss has 120 seconds left.\n|\n|t:|1698505232\n|switch|p2b: Wildfire|Incineroar, F|100\/100\n|-ability|p2b: Wildfire|Intimidate|boost\n|-unboost|p1a: Tyranitar|atk|1\n|-unboost|p1b: Rillaboom|atk|1\n|turn|5\n|\n|t:|1698505249\n|switch|p1a: Volcanion|Volcanion|75\/100\n|switch|p1b: Diancie|Diancie|100\/100\n|-terastallize|p2b: Wildfire|Grass\n|move|p2b: Wildfire|Fake Out|p1b: Diancie\n|-resisted|p1b: Diancie\n|-damage|p1b: Diancie|97\/100\n|move|p2a: Grave clobber|Surging Strikes|p1a: Volcanion\n|-heal|p1a: Volcanion|99\/100|[from] ability: Water Absorb|[of] p2a: Grave clobber\n|\n|-weather|Sandstorm|[upkeep]\n|-damage|p1a: Volcanion|94\/100|[from] Sandstorm\n|-damage|p2b: Wildfire|94\/100|[from] Sandstorm\n|-heal|p2a: Grave clobber|77\/100|[from] Grassy Terrain\n|-heal|p1a: Volcanion|99\/100|[from] Grassy Terrain\n|-heal|p1a: Volcanion|100\/100|[from] item: Leftovers\n|-heal|p2b: Wildfire|100\/100|[from] Grassy Terrain\n|-heal|p1b: Diancie|100\/100|[from] Grassy Terrain\n|upkeep\n|turn|6\n|inactive|Daepiquejt has 120 seconds left.\n|\n|t:|1698505289\n|-terastallize|p1b: Diancie|Grass\n|move|p2a: Grave clobber|Surging Strikes|p1b: Diancie\n|-resisted|p1b: Diancie\n|-crit|p1b: Diancie\n|-damage|p1b: Diancie|92\/100\n|-resisted|p1b: Diancie\n|-crit|p1b: Diancie\n|-damage|p1b: Diancie|83\/100\n|-resisted|p1b: Diancie\n|-crit|p1b: Diancie\n|-damage|p1b: Diancie|75\/100\n|-hitcount|p1b: Diancie|3\n|move|p1a: Volcanion|Substitute|p1a: Volcanion\n|-start|p1a: Volcanion|Substitute\n|-damage|p1a: Volcanion|76\/100\n|move|p2b: Wildfire|Parting Shot|p1a: Volcanion\n|-unboost|p1a: Volcanion|atk|1\n|-unboost|p1a: Volcanion|spa|1\n|inactive|thundervoltss has 120 seconds left.\n|\n|t:|1698505311\n|switch|p2b: Punk Shock|Primarina, F|100\/100|[from] Parting Shot\n|move|p1b: Diancie|Trick Room|p1b: Diancie\n|-fieldstart|move: Trick Room|[of] p1b: Diancie\n|\n|-weather|Sandstorm|[upkeep]\n|-damage|p1b: Diancie|69\/100|[from] Sandstorm\n|-damage|p2b: Punk Shock|94\/100|[from] Sandstorm\n|-damage|p1a: Volcanion|70\/100|[from] Sandstorm\n|-heal|p1b: Diancie|75\/100|[from] Grassy Terrain\n|-heal|p2b: Punk Shock|100\/100|[from] Grassy Terrain\n|-heal|p1a: Volcanion|76\/100|[from] Grassy Terrain\n|-heal|p1a: Volcanion|82\/100|[from] item: Leftovers\n|-heal|p2a: Grave clobber|83\/100|[from] Grassy Terrain\n|upkeep\n|turn|7\n|\n|t:|1698505328\n|switch|p1a: Rillaboom|Rillaboom, M|76\/100\n|switch|p2a: Pop fizz|Grimmsnarl, M|100\/100\n|move|p1b: Diancie|Moonblast|p2a: Pop fizz\n|-supereffective|p2a: Pop fizz\n|-damage|p2a: Pop fizz|63\/100\n|-unboost|p2a: Pop fizz|spa|1\n|move|p2b: Punk Shock|Ice Beam|p1b: Diancie\n|-supereffective|p1b: Diancie\n|-damage|p1b: Diancie|26\/100\n|-enditem|p1b: Diancie|Weakness Policy\n|-boost|p1b: Diancie|atk|2|[from] item: Weakness Policy\n|-boost|p1b: Diancie|spa|2|[from] item: Weakness Policy\n|\n|-weather|none\n|-heal|p1b: Diancie|32\/100|[from] Grassy Terrain\n|-heal|p2a: Pop fizz|69\/100|[from] Grassy Terrain\n|-heal|p1a: Rillaboom|82\/100|[from] Grassy Terrain\n|-fieldend|move: Grassy Terrain\n|upkeep\n|turn|8\n|\n|t:|1698505353\n|move|p1a: Rillaboom|Fake Out|p2b: Punk Shock\n|-damage|p2b: Punk Shock|86\/100\n|move|p2a: Pop fizz|Light Screen||[still]\n|-fail|p2a: Pop fizz\n|move|p1b: Diancie|Diamond Storm|p2b: Punk Shock|[spread] p2a,p2b\n|-damage|p2a: Pop fizz|1\/100\n|-damage|p2b: Punk Shock|7\/100\n|cant|p2b: Punk Shock|flinch\n|\n|-sideend|p2: thundervoltss|move: Light Screen\n|upkeep\n|turn|9\n|\n|t:|1698505366\n|move|p2a: Pop fizz|Thunder Wave|p1b: Diancie\n|-status|p1b: Diancie|par\n|move|p1b: Diancie|Diamond Storm|p2a: Pop fizz|[spread] p2a,p2b\n|-damage|p2a: Pop fizz|0 fnt\n|-damage|p2b: Punk Shock|0 fnt\n|-boost|p1b: Diancie|def|2\n|faint|p2a: Pop fizz\n|faint|p2b: Punk Shock\n|move|p1a: Rillaboom|U-turn|p2: Pop fizz|[notarget]\n|-fail|p1a: Rillaboom\n|\n|upkeep\n|\n|t:|1698505380\n|switch|p2b: Turbo charge DK|Rillaboom, F|100\/100\n|switch|p2a: Wildfire|Incineroar, F, tera:Grass|100\/100\n|-ability|p2a: Wildfire|Intimidate|boost\n|-unboost|p1a: Rillaboom|atk|1\n|-fail|p1b: Diancie|unboost|[from] ability: Clear Body|[of] p1b: Diancie\n|-fieldstart|move: Grassy Terrain|[from] ability: Grassy Surge|[of] p2b: Turbo charge DK\n|turn|10\n|\n|t:|1698505402\n|cant|p1b: Diancie|par\n|move|p2a: Wildfire|Fake Out|p1a: Rillaboom\n|-damage|p1a: Rillaboom|73\/100\n|cant|p1a: Rillaboom|flinch\n|move|p2b: Turbo charge DK|U-turn|p1a: Rillaboom\n|-supereffective|p1a: Rillaboom\n|-damage|p1a: Rillaboom|35\/100\n|\n|t:|1698505411\n|switch|p2b: Grave clobber|Urshifu-Rapid-Strike, F|83\/100|[from] U-turn\n|\n|-heal|p1b: Diancie|39\/100 par|[from] Grassy Terrain\n|-heal|p1a: Rillaboom|41\/100|[from] Grassy Terrain\n|-heal|p2b: Grave clobber|89\/100|[from] Grassy Terrain\n|-fieldend|move: Trick Room\n|upkeep\n|turn|11\n|\n|t:|1698505423\n|move|p2b: Grave clobber|Detect|p2b: Grave clobber\n|-singleturn|p2b: Grave clobber|Protect\n|move|p1a: Rillaboom|Grassy Glide|p2b: Grave clobber\n|-activate|p2b: Grave clobber|move: Protect\n|move|p2a: Wildfire|Flare Blitz|p1a: Rillaboom\n|-supereffective|p1a: Rillaboom\n|-damage|p1a: Rillaboom|0 fnt\n|faint|p1a: Rillaboom\n|-damage|p2a: Wildfire|87\/100|[from] Recoil\n|move|p1b: Diancie|Diamond Storm|p2a: Wildfire|[spread] p2a\n|-activate|p2b: Grave clobber|move: Protect\n|-damage|p2a: Wildfire|35\/100\n|-enditem|p2a: Wildfire|Sitrus Berry|[eat]\n|-heal|p2a: Wildfire|60\/100|[from] item: Sitrus Berry\n|\n|-heal|p2b: Grave clobber|95\/100|[from] Grassy Terrain\n|-heal|p2a: Wildfire|66\/100|[from] Grassy Terrain\n|-heal|p1b: Diancie|45\/100 par|[from] Grassy Terrain\n|upkeep\n|\n|t:|1698505445\n|switch|p1a: Marshadow|Marshadow|100\/100\n|turn|12\n|\n|t:|1698505464\n|move|p1a: Marshadow|Spectral Thief|p2b: Grave clobber\n|-damage|p2b: Grave clobber|39\/100\n|-damage|p1a: Marshadow|91\/100|[from] item: Life Orb\n|move|p2b: Grave clobber|Surging Strikes|p1a: Marshadow\n|-crit|p1a: Marshadow\n|-damage|p1a: Marshadow|63\/100\n|-crit|p1a: Marshadow\n|-damage|p1a: Marshadow|37\/100\n|-crit|p1a: Marshadow\n|-damage|p1a: Marshadow|11\/100\n|-hitcount|p1a: Marshadow|3\n|move|p2a: Wildfire|Flare Blitz|p1b: Diancie\n|-supereffective|p1b: Diancie\n|-damage|p1b: Diancie|5\/100 par\n|-damage|p2a: Wildfire|56\/100|[from] Recoil\n|move|p1b: Diancie|Moonblast|p2b: Grave clobber\n|-supereffective|p2b: Grave clobber\n|-damage|p2b: Grave clobber|0 fnt\n|faint|p2b: Grave clobber\n|\n|-heal|p1a: Marshadow|17\/100|[from] Grassy Terrain\n|-heal|p2a: Wildfire|62\/100|[from] Grassy Terrain\n|-heal|p1b: Diancie|12\/100 par|[from] Grassy Terrain\n|upkeep\n|\n|t:|1698505474\n|switch|p2b: Turbo charge DK|Rillaboom, F|100\/100\n|turn|13\n|c|\u2606thundervoltss|i lose to volc right\n|\n|t:|1698505502\n|move|p1a: Marshadow|Shadow Sneak|p2a: Wildfire\n|-damage|p2a: Wildfire|34\/100\n|-damage|p1a: Marshadow|7\/100|[from] item: Life Orb\n|move|p2b: Turbo charge DK|Grassy Glide|p1a: Marshadow\n|-damage|p1a: Marshadow|0 fnt\n|faint|p1a: Marshadow\n|move|p2a: Wildfire|Flare Blitz|p1b: Diancie\n|-supereffective|p1b: Diancie\n|-damage|p1b: Diancie|0 fnt\n|faint|p1b: Diancie\n|-damage|p2a: Wildfire|31\/100|[from] Recoil\n|\n|-heal|p2a: Wildfire|38\/100|[from] Grassy Terrain\n|upkeep\n|\n|t:|1698505508\n|switch|p1a: Tyranitar|Tyranitar-Mega, M|67\/100\n|switch|p1b: Volcanion|Volcanion|82\/100\n|-weather|Sandstorm|[from] ability: Sand Stream|[of] p1a: Tyranitar\n|turn|14\n|c|\u2606Daepiquejt|probably\n|inactive|thundervoltss has 120 seconds left.\n|c|\u2606thundervoltss|surprised this went last 4 pokemon against like a -3 match up\n|\n|t:|1698505551\n|move|p2a: Wildfire|Snatch|p2a: Wildfire\n|-singleturn|p2a: Wildfire|Snatch\n|move|p2b: Turbo charge DK|Grassy Glide|p1a: Tyranitar\n|-supereffective|p1a: Tyranitar\n|-damage|p1a: Tyranitar|19\/100\n|move|p1a: Tyranitar|Knock Off|p2b: Turbo charge DK\n|-damage|p2b: Turbo charge DK|50\/100\n|-enditem|p2b: Turbo charge DK|Assault Vest|[from] move: Knock Off|[of] p1a: Tyranitar\n|move|p1b: Volcanion|Heat Wave|p2b: Turbo charge DK|[spread] p2a,p2b\n|-supereffective|p2a: Wildfire\n|-supereffective|p2b: Turbo charge DK\n|-damage|p2a: Wildfire|0 fnt\n|-damage|p2b: Turbo charge DK|0 fnt\n|faint|p2a: Wildfire\n|faint|p2b: Turbo charge DK\n|\n|win|Daepiquejt\n|raw|Daepiquejt's rating: 1590 &rarr; <strong>1599<\/strong><br \/>(+9 for winning)\n|raw|thundervoltss's rating: 1380 &rarr; <strong>1371<\/strong><br \/>(-9 for losing)\n|c|\u2606thundervoltss|gg\n|c|\u2606Daepiquejt|gg\n","uploadtime":1698505614,"views":13,"p1id":"daepiquejt","p2id":"thundervoltss","formatid":"gen9nationaldexdoubles","rating":1371,"private":0,"password":""}