{"id":"gen9nationaldexdoubles-1982595012","p1":"St0mi","p2":"KingGodzila","format":"[Gen 9] National Dex Doubles","log":"|j|\u2606St0mi\n|j|\u2606KingGodzila\n|t:|1699028378\n|gametype|doubles\n|player|p1|St0mi|roxie|1184\n|player|p2|KingGodzila|bugsy|1276\n|teamsize|p1|6\n|teamsize|p2|6\n|gen|9\n|tier|[Gen 9] National Dex Doubles\n|rated|\n|rule|HP Percentage Mod: HP is shown in percentages\n|rule|Endless Battle Clause: Forcing endless battles is banned\n|rule|OHKO Clause: OHKO moves are banned\n|rule|Evasion Moves Clause: Evasion moves are banned\n|rule|Evasion Abilities Clause: Evasion abilities are banned\n|rule|Species Clause: Limit one of each Pok\u00e9mon\n|rule|Gravity Sleep Clause: The combination of sleep-inducing moves with imperfect accuracy and Gravity or Gigantamax Orbeetle are banned\n|clearpoke\n|poke|p1|Serperior, M|\n|poke|p1|Clefairy, M|\n|poke|p1|Azumarill, M|\n|poke|p1|Indeedee-F, F|\n|poke|p1|Sneasler, F|\n|poke|p1|Ogerpon-Cornerstone, F|\n|poke|p2|Vikavolt, M|\n|poke|p2|Lokix, M|\n|poke|p2|Golisopod, M|\n|poke|p2|Cresselia, F|\n|poke|p2|Escavalier, M|\n|poke|p2|Charjabug, M|\n|teampreview\n|inactive|Battle timer is ON: inactive players will automatically lose when time's up. (requested by St0mi)\n|\n|t:|1699028393\n|start\n|switch|p1a: 24-hour Sneasler|Sneasler, F|100\/100\n|switch|p1b: Azumarill|Azumarill, M|100\/100\n|switch|p2a: \u7f8e\u68a6\u8001\u5988|Cresselia, F|100\/100\n|switch|p2b: \u80fd\u8fdb\u80fd\u9000\u65b9\u6b66\u8005|Golisopod, M, shiny|100\/100\n|turn|1\n|inactive|KingGodzila has 120 seconds left.\n|\n|t:|1699028426\n|move|p1a: 24-hour Sneasler|Fling|p2a: \u7f8e\u68a6\u8001\u5988\n|-supereffective|p2a: \u7f8e\u68a6\u8001\u5988\n|-damage|p2a: \u7f8e\u68a6\u8001\u5988|29\/100\n|-enditem|p1a: 24-hour Sneasler|Big Nugget|[from] move: Fling\n|move|p1b: Azumarill|Belly Drum|p1b: Azumarill\n|-damage|p1b: Azumarill|50\/100\n|-setboost|p1b: Azumarill|atk|6|[from] move: Belly Drum\n|-enditem|p1b: Azumarill|Sitrus Berry|[eat]\n|-heal|p1b: Azumarill|75\/100|[from] item: Sitrus Berry\n|move|p2b: \u80fd\u8fdb\u80fd\u9000\u65b9\u6b66\u8005|Liquidation|p1a: 24-hour Sneasler\n|-damage|p1a: 24-hour Sneasler|17\/100\n|move|p2a: \u7f8e\u68a6\u8001\u5988|Trick Room|p2a: \u7f8e\u68a6\u8001\u5988\n|-fieldstart|move: Trick Room|[of] p2a: \u7f8e\u68a6\u8001\u5988\n|\n|-heal|p2a: \u7f8e\u68a6\u8001\u5988|35\/100|[from] item: Leftovers\n|upkeep\n|turn|2\n|inactive|KingGodzila has 120 seconds left.\n|inactive|St0mi has 120 seconds left.\n|\n|t:|1699028460\n|move|p1b: Azumarill|Aqua Jet|p2a: \u7f8e\u68a6\u8001\u5988\n|-damage|p2a: \u7f8e\u68a6\u8001\u5988|0 fnt\n|faint|p2a: \u7f8e\u68a6\u8001\u5988\n|-zpower|p2b: \u80fd\u8fdb\u80fd\u9000\u65b9\u6b66\u8005\n|move|p2b: \u80fd\u8fdb\u80fd\u9000\u65b9\u6b66\u8005|Savage Spin-Out|p1b: Azumarill|[zeffect]\n|-resisted|p1b: Azumarill\n|-damage|p1b: Azumarill|22\/100\n|move|p1a: 24-hour Sneasler|Acrobatics|p2b: \u80fd\u8fdb\u80fd\u9000\u65b9\u6b66\u8005\n|-supereffective|p2b: \u80fd\u8fdb\u80fd\u9000\u65b9\u6b66\u8005\n|-damage|p2b: \u80fd\u8fdb\u80fd\u9000\u65b9\u6b66\u8005|39\/100\n|-activate|p2b: \u80fd\u8fdb\u80fd\u9000\u65b9\u6b66\u8005|ability: Emergency Exit\n|\n|t:|1699028470\n|switch|p2b: \u7535\u5149\u8f68\u9053\u70ae|Vikavolt, M|100\/100\n|\n|upkeep\n|\n|t:|1699028473\n|switch|p2a: \u866b\u7535\u5b9d\u724c\u5145\u7535\u5b9d|Charjabug, M, shiny|100\/100\n|turn|3\n|\n|t:|1699028492\n|-terastallize|p2b: \u7535\u5149\u8f68\u9053\u70ae|Electric\n|move|p1b: Azumarill|Aqua Jet|p2a: \u866b\u7535\u5b9d\u724c\u5145\u7535\u5b9d\n|-damage|p2a: \u866b\u7535\u5b9d\u724c\u5145\u7535\u5b9d|28\/100\n|move|p2a: \u866b\u7535\u5b9d\u724c\u5145\u7535\u5b9d|Substitute|p2a: \u866b\u7535\u5b9d\u724c\u5145\u7535\u5b9d\n|-start|p2a: \u866b\u7535\u5b9d\u724c\u5145\u7535\u5b9d|Substitute\n|-damage|p2a: \u866b\u7535\u5b9d\u724c\u5145\u7535\u5b9d|4\/100\n|move|p2b: \u7535\u5149\u8f68\u9053\u70ae|Discharge|p1a: 24-hour Sneasler|[spread] p2a,p1a,p1b\n|-resisted|p2a: \u866b\u7535\u5b9d\u724c\u5145\u7535\u5b9d\n|-crit|p2a: \u866b\u7535\u5b9d\u724c\u5145\u7535\u5b9d\n|-end|p2a: \u866b\u7535\u5b9d\u724c\u5145\u7535\u5b9d|Substitute\n|-supereffective|p1b: Azumarill\n|-damage|p1a: 24-hour Sneasler|0 fnt\n|-damage|p1b: Azumarill|0 fnt\n|faint|p1a: 24-hour Sneasler\n|faint|p1b: Azumarill\n|-damage|p2b: \u7535\u5149\u8f68\u9053\u70ae|91\/100|[from] item: Life Orb\n|\n|upkeep\n|\n|t:|1699028508\n|switch|p1b: Serperior|Serperior, M|100\/100\n|switch|p1a: Clefairy|Clefairy, M|100\/100\n|turn|4\n|\n|t:|1699028526\n|move|p1a: Clefairy|Follow Me|p1a: Clefairy\n|-singleturn|p1a: Clefairy|move: Follow Me\n|move|p2a: \u866b\u7535\u5b9d\u724c\u5145\u7535\u5b9d|Struggle Bug|p1a: Clefairy|[spread] p1a,p1b\n|-resisted|p1a: Clefairy\n|-supereffective|p1b: Serperior\n|-damage|p1a: Clefairy|98\/100\n|-damage|p1b: Serperior|86\/100\n|-unboost|p1a: Clefairy|spa|1\n|-boost|p1b: Serperior|spa|1\n|move|p2b: \u7535\u5149\u8f68\u9053\u70ae|Discharge|p1a: Clefairy|[spread] p2a,p1a,p1b\n|-resisted|p2a: \u866b\u7535\u5b9d\u724c\u5145\u7535\u5b9d\n|-resisted|p1b: Serperior\n|-damage|p2a: \u866b\u7535\u5b9d\u724c\u5145\u7535\u5b9d|0 fnt\n|-damage|p1a: Clefairy|48\/100\n|-damage|p1b: Serperior|45\/100\n|-status|p1a: Clefairy|par\n|faint|p2a: \u866b\u7535\u5b9d\u724c\u5145\u7535\u5b9d\n|-damage|p2b: \u7535\u5149\u8f68\u9053\u70ae|81\/100|[from] item: Life Orb\n|move|p1b: Serperior|Leaf Storm|p2b: \u7535\u5149\u8f68\u9053\u70ae\n|-damage|p2b: \u7535\u5149\u8f68\u9053\u70ae|0 fnt\n|-boost|p1b: Serperior|spa|2\n|faint|p2b: \u7535\u5149\u8f68\u9053\u70ae\n|\n|upkeep\n|inactive|KingGodzila has 120 seconds left.\n|\n|t:|1699028551\n|switch|p2a: \u70c8\u817f\u8757\u4fa0|Lokix, M|100\/100\n|switch|p2b: \u80fd\u8fdb\u80fd\u9000\u65b9\u6b66\u8005|Golisopod, M, shiny|39\/100\n|turn|5\n|\n|t:|1699028564\n|move|p1a: Clefairy|Follow Me|p1a: Clefairy\n|-singleturn|p1a: Clefairy|move: Follow Me\n|move|p2a: \u70c8\u817f\u8757\u4fa0|First Impression|p1a: Clefairy\n|-resisted|p1a: Clefairy\n|-crit|p1a: Clefairy\n|-damage|p1a: Clefairy|0 fnt\n|faint|p1a: Clefairy\n|-damage|p2a: \u70c8\u817f\u8757\u4fa0|91\/100|[from] item: Life Orb\n|move|p2b: \u80fd\u8fdb\u80fd\u9000\u65b9\u6b66\u8005|Knock Off|p1b: Serperior\n|-damage|p1b: Serperior|0 fnt\n|-enditem|p1b: Serperior|Choice Specs|[from] move: Knock Off|[of] p2b: \u80fd\u8fdb\u80fd\u9000\u65b9\u6b66\u8005\n|faint|p1b: Serperior\n|\n|-fieldend|move: Trick Room\n|upkeep\n|\n|t:|1699028575\n|switch|p1b: Ogerpon|Ogerpon-Cornerstone, F|100\/100\n|switch|p1a: Indeedee|Indeedee-F, F|100\/100\n|turn|6\n|c|\u2606St0mi|Your trick room is no more\n|c|\u2606St0mi|What now eastern man?\n|inactive|St0mi has 120 seconds left.\n|\n|t:|1699028610\n|move|p1a: Indeedee|Follow Me|p1a: Indeedee\n|-singleturn|p1a: Indeedee|move: Follow Me\n|move|p1b: Ogerpon|Horn Leech|p2b: \u80fd\u8fdb\u80fd\u9000\u65b9\u6b66\u8005\n|-damage|p2b: \u80fd\u8fdb\u80fd\u9000\u65b9\u6b66\u8005|15\/100\n|move|p2a: \u70c8\u817f\u8757\u4fa0|Knock Off|p1a: Indeedee\n|-supereffective|p1a: Indeedee\n|-damage|p1a: Indeedee|0 fnt\n|-enditem|p1a: Indeedee|Leftovers|[from] move: Knock Off|[of] p2a: \u70c8\u817f\u8757\u4fa0\n|faint|p1a: Indeedee\n|-damage|p2a: \u70c8\u817f\u8757\u4fa0|81\/100|[from] item: Life Orb\n|move|p2b: \u80fd\u8fdb\u80fd\u9000\u65b9\u6b66\u8005|Liquidation|p1b: Ogerpon\n|-damage|p1b: Ogerpon|63\/100\n|\n|upkeep\n|turn|7\n|\n|t:|1699028633\n|-terastallize|p1b: Ogerpon|Rock\n|detailschange|p1b: Ogerpon|Ogerpon-Cornerstone-Tera, F, tera:Rock\n|-ability|p1b: Ogerpon|Embody Aspect (Cornerstone)|boost\n|-boost|p1b: Ogerpon|def|1\n|move|p1b: Ogerpon|Horn Leech|p2b: \u80fd\u8fdb\u80fd\u9000\u65b9\u6b66\u8005\n|-damage|p2b: \u80fd\u8fdb\u80fd\u9000\u65b9\u6b66\u8005|0 fnt\n|-heal|p1b: Ogerpon|70\/100|[from] drain|[of] p2b: \u80fd\u8fdb\u80fd\u9000\u65b9\u6b66\u8005\n|faint|p2b: \u80fd\u8fdb\u80fd\u9000\u65b9\u6b66\u8005\n|move|p2a: \u70c8\u817f\u8757\u4fa0|Axe Kick|p1b: Ogerpon\n|-supereffective|p1b: Ogerpon\n|-damage|p1b: Ogerpon|19\/100\n|-damage|p2a: \u70c8\u817f\u8757\u4fa0|71\/100|[from] item: Life Orb\n|\n|upkeep\n|\n|t:|1699028645\n|switch|p2b: \u4e00\u592b\u5f53\u5173\u4e3a\u9a91\u58eb|Escavalier, M|100\/100\n|turn|8\n|\n|t:|1699028662\n|move|p2a: \u70c8\u817f\u8757\u4fa0|Sucker Punch||[still]\n|-fail|p2a: \u70c8\u817f\u8757\u4fa0\n|move|p1b: Ogerpon|Synthesis|p1b: Ogerpon\n|-heal|p1b: Ogerpon|69\/100\n|move|p2b: \u4e00\u592b\u5f53\u5173\u4e3a\u9a91\u58eb|Drill Run|p1b: Ogerpon\n|-supereffective|p1b: Ogerpon\n|-crit|p1b: Ogerpon\n|-damage|p1b: Ogerpon|0 fnt\n|faint|p1b: Ogerpon\n|-damage|p2b: \u4e00\u592b\u5f53\u5173\u4e3a\u9a91\u58eb|91\/100|[from] item: Life Orb\n|\n|win|KingGodzila\n|raw|St0mi's rating: 1184 &rarr; <strong>1165<\/strong><br \/>(-19 for losing)\n|raw|KingGodzila's rating: 1276 &rarr; <strong>1295<\/strong><br \/>(+19 for winning)\n|c|\u2606St0mi|Good game\n","uploadtime":1699028677,"views":10,"p1id":"st0mi","p2id":"kinggodzila","formatid":"gen9nationaldexdoubles","rating":1165,"private":0,"password":""}