{"id":"gen9nationaldexdoubles-1970673989","p1":"hellixx","p2":"UltraVapor","format":"[Gen 9] National Dex Doubles","log":"|j|\u2606hellixx\n|j|\u2606UltraVapor\n|t:|1697657194\n|gametype|doubles\n|player|p1|hellixx|cyrus|1104\n|player|p2|UltraVapor|shelly|1064\n|teamsize|p1|4\n|teamsize|p2|6\n|gen|9\n|tier|[Gen 9] National Dex Doubles\n|rated|\n|rule|HP Percentage Mod: HP is shown in percentages\n|rule|Endless Battle Clause: Forcing endless battles is banned\n|rule|OHKO Clause: OHKO moves are banned\n|rule|Evasion Moves Clause: Evasion moves are banned\n|rule|Evasion Abilities Clause: Evasion abilities are banned\n|rule|Species Clause: Limit one of each Pok\u00e9mon\n|rule|Gravity Sleep Clause: The combination of sleep-inducing moves with imperfect accuracy and Gravity or Gigantamax Orbeetle are banned\n|clearpoke\n|poke|p1|Krookodile, M|\n|poke|p1|Rotom-Wash|\n|poke|p1|Diancie|\n|poke|p1|Poliwrath, M|\n|poke|p2|Ninetales-Alola, F|\n|poke|p2|Baxcalibur, F|\n|poke|p2|Chien-Pao|\n|poke|p2|Iron Bundle|\n|poke|p2|Avalugg-Hisui, M|\n|poke|p2|Glaceon, M|\n|teampreview\n|inactive|Battle timer is ON: inactive players will automatically lose when time's up. (requested by hellixx)\n|\n|t:|1697657199\n|start\n|switch|p1a: Krookodile|Krookodile, M, shiny|100\/100\n|switch|p1b: Rotom|Rotom-Wash, shiny|100\/100\n|switch|p2a: Ninetales|Ninetales-Alola, F|100\/100\n|switch|p2b: Avalugg|Avalugg-Hisui, M, shiny|100\/100\n|-weather|Snow|[from] ability: Snow Warning|[of] p2a: Ninetales\n|-item|p1a: Krookodile|Air Balloon\n|turn|1\n|\n|t:|1697657220\n|move|p2a: Ninetales|Dazzling Gleam|p1b: Rotom|[spread] p1a,p1b\n|-supereffective|p1a: Krookodile\n|-damage|p1a: Krookodile|38\/100\n|-damage|p1b: Rotom|68\/100\n|-enditem|p1a: Krookodile|Air Balloon\n|move|p1a: Krookodile|Earthquake|p2a: Ninetales|[spread] p2a,p2b\n|-immune|p1b: Rotom|[from] ability: Levitate\n|-supereffective|p2b: Avalugg\n|-damage|p2a: Ninetales|63\/100\n|-damage|p2b: Avalugg|75\/100\n|move|p1b: Rotom|Discharge|p2b: Avalugg|[spread] p2a,p2b\n|-immune|p1a: Krookodile\n|-damage|p2a: Ninetales|30\/100\n|-damage|p2b: Avalugg|17\/100\n|-enditem|p2b: Avalugg|Sitrus Berry|[eat]\n|-heal|p2b: Avalugg|42\/100|[from] item: Sitrus Berry\n|move|p2b: Avalugg|Aurora Veil|p2b: Avalugg\n|-sidestart|p2: UltraVapor|move: Aurora Veil\n|\n|-weather|Snow|[upkeep]\n|upkeep\n|turn|2\n|c|\u2606hellixx|Let's have fun\n|\n|t:|1697657247\n|move|p2a: Ninetales|Dazzling Gleam|p1b: Rotom|[spread] p1a,p1b\n|-supereffective|p1a: Krookodile\n|-damage|p1a: Krookodile|0 fnt\n|-damage|p1b: Rotom|35\/100\n|faint|p1a: Krookodile\n|move|p1b: Rotom|Discharge|p2b: Avalugg|[spread] p2a,p2b\n|-damage|p2a: Ninetales|8\/100\n|-damage|p2b: Avalugg|1\/100\n|-status|p2a: Ninetales|par\n|-status|p2b: Avalugg|par\n|move|p2b: Avalugg|Rock Slide|p1b: Rotom\n|-damage|p1b: Rotom|0 fnt\n|faint|p1b: Rotom\n|\n|-weather|Snow|[upkeep]\n|upkeep\n|\n|t:|1697657252\n|switch|p1a: Diancie|Diancie|100\/100\n|switch|p1b: Poliwrath|Poliwrath, M, shiny|100\/100\n|turn|3\n|\n|t:|1697657274\n|detailschange|p1a: Diancie|Diancie-Mega\n|-mega|p1a: Diancie|Diancie|Diancite\n|move|p1a: Diancie|Diamond Storm|p2a: Ninetales|[spread] p2a,p2b\n|-supereffective|p2a: Ninetales\n|-supereffective|p2b: Avalugg\n|-damage|p2a: Ninetales|0 fnt\n|-damage|p2b: Avalugg|0 fnt\n|-boost|p1a: Diancie|def|2\n|faint|p2a: Ninetales\n|faint|p2b: Avalugg\n|move|p1b: Poliwrath|Bulk Up|p1b: Poliwrath\n|-boost|p1b: Poliwrath|atk|1\n|-boost|p1b: Poliwrath|def|1\n|\n|-weather|Snow|[upkeep]\n|upkeep\n|inactive|UltraVapor has 120 seconds left.\n|\n|t:|1697657296\n|switch|p2a: Iron Bundle|Iron Bundle, shiny|100\/100\n|switch|p2b: Glaceon|Glaceon, M, shiny|100\/100\n|-enditem|p2a: Iron Bundle|Booster Energy\n|-activate|p2a: Iron Bundle|ability: Quark Drive|[fromitem]\n|-start|p2a: Iron Bundle|quarkdrivespa\n|turn|4\n|\n|t:|1697657310\n|move|p2a: Iron Bundle|Hydro Pump|p1a: Diancie\n|-supereffective|p1a: Diancie\n|-damage|p1a: Diancie|0 fnt\n|faint|p1a: Diancie\n|move|p2b: Glaceon|Calm Mind|p2b: Glaceon\n|-boost|p2b: Glaceon|spa|1\n|-boost|p2b: Glaceon|spd|1\n|move|p1b: Poliwrath|Drain Punch|p2b: Glaceon\n|-supereffective|p2b: Glaceon\n|-damage|p2b: Glaceon|64\/100\n|\n|-weather|Snow|[upkeep]\n|-heal|p2b: Glaceon|70\/100|[from] ability: Ice Body\n|upkeep\n|turn|5\n|-message|hellixx forfeited.\n|\n|win|UltraVapor\n|raw|hellixx's rating: 1104 &rarr; <strong>1076<\/strong><br \/>(-28 for losing)\n|raw|UltraVapor's rating: 1064 &rarr; <strong>1098<\/strong><br \/>(+34 for winning)\n|l|\u2606hellixx\n|c|\u2606UltraVapor|gg\n","uploadtime":1697657336,"views":8,"p1id":"hellixx","p2id":"ultravapor","formatid":"gen9nationaldexdoubles","rating":1076,"private":0,"password":""}