{"id":"gen9nationaldexdoubles-1999676514","p1":"beltranGP n","p2":"fumbari 24","format":"[Gen 9] National Dex Doubles","log":"|j|\u2606beltranGP n\n|j|\u2606fumbari 24\n|t:|1701106906\n|gametype|doubles\n|player|p1|beltranGP n|ethan|1000\n|player|p2|fumbari 24|hilbert|1216\n|teamsize|p1|6\n|teamsize|p2|6\n|gen|9\n|tier|[Gen 9] National Dex Doubles\n|rated|\n|rule|HP Percentage Mod: HP is shown in percentages\n|rule|Endless Battle Clause: Forcing endless battles is banned\n|rule|OHKO Clause: OHKO moves are banned\n|rule|Evasion Moves Clause: Evasion moves are banned\n|rule|Evasion Abilities Clause: Evasion abilities are banned\n|rule|Species Clause: Limit one of each Pok\u00e9mon\n|rule|Gravity Sleep Clause: The combination of sleep-inducing moves with imperfect accuracy and Gravity or Gigantamax Orbeetle are banned\n|clearpoke\n|poke|p1|Garchomp, M|\n|poke|p1|Tyranitar, M|\n|poke|p1|Excadrill, M|\n|poke|p1|Lycanroc-Dusk, M|\n|poke|p1|Houndstone, M|\n|poke|p1|Ting-Lu|\n|poke|p2|Salazzle, F|\n|poke|p2|Vespiquen, F|\n|poke|p2|Mandibuzz, F|\n|poke|p2|Tyrantrum, F|\n|poke|p2|Chandelure, F|\n|poke|p2|Empoleon, M|\n|teampreview\n|inactive|Battle timer is ON: inactive players will automatically lose when time's up. (requested by beltranGP n)\n|\n|t:|1701106927\n|start\n|switch|p1a: Tyranitar|Tyranitar, M|100\/100\n|switch|p1b: Lycanroc|Lycanroc-Dusk, M|100\/100\n|switch|p2a: Salazzle|Salazzle, F, shiny|100\/100\n|switch|p2b: Chandelure|Chandelure, F|100\/100\n|-weather|Sandstorm|[from] ability: Sand Stream|[of] p1a: Tyranitar\n|turn|1\n|\n|t:|1701106952\n|move|p2a: Salazzle|Fake Out|p1b: Lycanroc\n|-resisted|p1b: Lycanroc\n|-damage|p1b: Lycanroc|96\/100\n|cant|p1b: Lycanroc|flinch\n|move|p1a: Tyranitar|Stealth Rock|p2a: Salazzle\n|-sidestart|p2: fumbari 24|move: Stealth Rock\n|move|p2b: Chandelure|Trick Room|p2b: Chandelure\n|-fieldstart|move: Trick Room|[of] p2b: Chandelure\n|\n|-weather|Sandstorm|[upkeep]\n|-damage|p2a: Salazzle|94\/100|[from] Sandstorm\n|upkeep\n|turn|2\n|\n|t:|1701106970\n|switch|p2b: Empoleon|Empoleon, M, shiny|100\/100\n|-damage|p2b: Empoleon|94\/100|[from] Stealth Rock\n|switch|p2a: Tyrantrum|Tyrantrum, F, shiny|100\/100\n|-damage|p2a: Tyrantrum|88\/100|[from] Stealth Rock\n|move|p1a: Tyranitar|Knock Off|p2b: Empoleon\n|-damage|p2b: Empoleon|60\/100\n|-enditem|p2b: Empoleon|Leftovers|[from] move: Knock Off|[of] p1a: Tyranitar\n|move|p1b: Lycanroc|Rock Slide|p2a: Tyrantrum|[spread] p2a,p2b\n|-resisted|p2b: Empoleon\n|-damage|p2a: Tyrantrum|62\/100\n|-damage|p2b: Empoleon|50\/100\n|\n|-weather|Sandstorm|[upkeep]\n|upkeep\n|turn|3\n|\n|t:|1701106991\n|move|p2b: Empoleon|Scald|p1a: Tyranitar\n|-supereffective|p1a: Tyranitar\n|-damage|p1a: Tyranitar|71\/100\n|move|p1a: Tyranitar|Thunder Punch|p2b: Empoleon\n|-supereffective|p2b: Empoleon\n|-damage|p2b: Empoleon|13\/100\n|move|p2a: Tyrantrum|Head Smash|p1b: Lycanroc\n|-damage|p1b: Lycanroc|0 fnt\n|faint|p1b: Lycanroc\n|\n|-weather|Sandstorm|[upkeep]\n|upkeep\n|\n|t:|1701107006\n|switch|p1b: Ting-Lu|Ting-Lu|100\/100\n|-ability|p1b: Ting-Lu|Vessel of Ruin\n|turn|4\n|\n|t:|1701107026\n|move|p1a: Tyranitar|Protect|p1a: Tyranitar\n|-singleturn|p1a: Tyranitar|Protect\n|move|p2b: Empoleon|Scald|p1a: Tyranitar\n|-activate|p1a: Tyranitar|move: Protect\n|move|p2a: Tyrantrum|Head Smash|p1a: Tyranitar\n|-activate|p1a: Tyranitar|move: Protect\n|move|p1b: Ting-Lu|Whirlwind|p2a: Tyrantrum\n|drag|p2a: Mandibuzz|Mandibuzz, F|100\/100\n|-damage|p2a: Mandibuzz|75\/100|[from] Stealth Rock\n|\n|-weather|Sandstorm|[upkeep]\n|upkeep\n|turn|5\n|\n|t:|1701107046\n|move|p1b: Ting-Lu|Ruination|p2a: Mandibuzz\n|-damage|p2a: Mandibuzz|38\/100\n|move|p2b: Empoleon|Scald|p1a: Tyranitar\n|-supereffective|p1a: Tyranitar\n|-damage|p1a: Tyranitar|45\/100\n|move|p1a: Tyranitar|Thunder Punch|p2b: Empoleon\n|-supereffective|p2b: Empoleon\n|-damage|p2b: Empoleon|0 fnt\n|faint|p2b: Empoleon\n|move|p2a: Mandibuzz|Taunt|p1b: Ting-Lu\n|-start|p1b: Ting-Lu|move: Taunt\n|\n|-weather|none\n|-fieldend|move: Trick Room\n|upkeep\n|\n|t:|1701107057\n|switch|p2b: Tyrantrum|Tyrantrum, F, shiny|62\/100\n|-damage|p2b: Tyrantrum|49\/100|[from] Stealth Rock\n|turn|6\n|\n|t:|1701107069\n|move|p2b: Tyrantrum|Head Smash|p1a: Tyranitar\n|-damage|p1a: Tyranitar|0 fnt\n|-damage|p2b: Tyrantrum|33\/100|[from] item: Rocky Helmet|[of] p1a: Tyranitar\n|faint|p1a: Tyranitar\n|move|p2a: Mandibuzz|Roost|p2a: Mandibuzz\n|-heal|p2a: Mandibuzz|88\/100\n|-singleturn|p2a: Mandibuzz|move: Roost\n|move|p1b: Ting-Lu|Ruination|p2b: Tyrantrum|[miss]\n|-miss|p1b: Ting-Lu|p2b: Tyrantrum\n|\n|upkeep\n|\n|t:|1701107085\n|switch|p1a: Excadrill|Excadrill, M|100\/100\n|turn|7\n|\n|t:|1701107095\n|move|p1a: Excadrill|Protect|p1a: Excadrill\n|-singleturn|p1a: Excadrill|Protect\n|move|p2b: Tyrantrum|Protect|p2b: Tyrantrum\n|-singleturn|p2b: Tyrantrum|Protect\n|move|p2a: Mandibuzz|Tailwind|p2a: Mandibuzz\n|-sidestart|p2: fumbari 24|move: Tailwind\n|move|p1b: Ting-Lu|Ruination|p2a: Mandibuzz\n|-damage|p2a: Mandibuzz|44\/100\n|\n|upkeep\n|turn|8\n|\n|t:|1701107119\n|move|p2b: Tyrantrum|Head Smash|p1a: Excadrill\n|-resisted|p1a: Excadrill\n|-damage|p1a: Excadrill|74\/100\n|move|p2a: Mandibuzz|Foul Play|p1a: Excadrill\n|-crit|p1a: Excadrill\n|-damage|p1a: Excadrill|0 fnt\n|faint|p1a: Excadrill\n|move|p1b: Ting-Lu|Ruination|p2a: Mandibuzz\n|-damage|p2a: Mandibuzz|22\/100\n|\n|-end|p1b: Ting-Lu|move: Taunt\n|upkeep\n|\n|t:|1701107131\n|switch|p1a: Garchomp|Garchomp, M, shiny|100\/100\n|turn|9\n|\n|t:|1701107144\n|move|p2b: Tyrantrum|Scale Shot|p1a: Garchomp\n|-supereffective|p1a: Garchomp\n|-damage|p1a: Garchomp|73\/100\n|-supereffective|p1a: Garchomp\n|-damage|p1a: Garchomp|46\/100\n|-hitcount|p1a: Garchomp|2\n|-unboost|p2b: Tyrantrum|def|1\n|-boost|p2b: Tyrantrum|spe|1\n|move|p2a: Mandibuzz|Foul Play|p1a: Garchomp\n|-damage|p1a: Garchomp|0 fnt\n|-damage|p2a: Mandibuzz|10\/100|[from] ability: Rough Skin|[of] p1a: Garchomp\n|faint|p1a: Garchomp\n|move|p1b: Ting-Lu|Sandstorm|p1b: Ting-Lu\n|-weather|Sandstorm\n|\n|-weather|Sandstorm|[upkeep]\n|upkeep\n|\n|t:|1701107157\n|switch|p1a: Houndstone|Houndstone, M|100\/100\n|turn|10\n|\n|t:|1701107176\n|move|p2b: Tyrantrum|Head Smash|p1a: Houndstone\n|-damage|p1a: Houndstone|19\/100\n|move|p1a: Houndstone|Last Respects|p2b: Tyrantrum\n|-crit|p2b: Tyrantrum\n|-damage|p2b: Tyrantrum|0 fnt\n|faint|p2b: Tyrantrum\n|move|p2a: Mandibuzz|Foul Play|p1a: Houndstone\n|-supereffective|p1a: Houndstone\n|-damage|p1a: Houndstone|0 fnt\n|faint|p1a: Houndstone\n|move|p1b: Ting-Lu|Whirlwind|p2a: Mandibuzz\n|drag|p2a: Vespiquen|Vespiquen, F|100\/100\n|-ability|p2a: Vespiquen|Unnerve\n|-damage|p2a: Vespiquen|50\/100|[from] Stealth Rock\n|-enditem|p2a: Vespiquen|Sitrus Berry|[eat]\n|-heal|p2a: Vespiquen|75\/100|[from] item: Sitrus Berry\n|\n|-weather|Sandstorm|[upkeep]\n|-damage|p2a: Vespiquen|69\/100|[from] Sandstorm\n|-sideend|p2: fumbari 24|move: Tailwind\n|upkeep\n|\n|t:|1701107185\n|switch|p2b: Salazzle|Salazzle, F, shiny|94\/100\n|-damage|p2b: Salazzle|70\/100|[from] Stealth Rock\n|turn|11\n|\n|t:|1701107201\n|-terastallize|p1b: Ting-Lu|Dark\n|move|p2b: Salazzle|Fake Out|p1b: Ting-Lu\n|-damage|p1b: Ting-Lu|97\/100\n|move|p2a: Vespiquen|Attack Order|p1b: Ting-Lu\n|-supereffective|p1b: Ting-Lu\n|-damage|p1b: Ting-Lu|69\/100\n|cant|p1b: Ting-Lu|flinch\n|\n|-weather|Sandstorm|[upkeep]\n|-damage|p2b: Salazzle|64\/100|[from] Sandstorm\n|-damage|p1b: Ting-Lu|63\/100|[from] Sandstorm\n|-damage|p2a: Vespiquen|63\/100|[from] Sandstorm\n|-heal|p1b: Ting-Lu|69\/100|[from] item: Leftovers\n|upkeep\n|turn|12\n|-message|beltranGP n forfeited.\n|\n|win|fumbari 24\n|raw|beltranGP n's rating: 1000 &rarr; <strong>1000<\/strong><br \/>(+0 for losing)\n|raw|fumbari 24's rating: 1216 &rarr; <strong>1227<\/strong><br \/>(+11 for winning)\n|l|\u2606beltranGP n\n","uploadtime":1701107214,"views":5,"p1id":"beltrangpn","p2id":"fumbari24","formatid":"gen9nationaldexdoubles","rating":1000,"private":0,"password":""}