{"id":"gen9nationaldexdoubles-1948368803","p1":"JuliaMimi","p2":"finny-tastical","format":"[Gen 9] National Dex Doubles","log":"|j|\u2606JuliaMimi\n|j|\u2606finny-tastical\n|t:|1695253056\n|gametype|doubles\n|player|p1|JuliaMimi|candice|\n|player|p2|finny-tastical|clown|\n|teamsize|p1|4\n|teamsize|p2|4\n|gen|9\n|tier|[Gen 9] National Dex Doubles\n|rule|HP Percentage Mod: HP is shown in percentages\n|rule|Endless Battle Clause: Forcing endless battles is banned\n|rule|OHKO Clause: OHKO moves are banned\n|rule|Evasion Moves Clause: Evasion moves are banned\n|rule|Evasion Abilities Clause: Evasion abilities are banned\n|rule|Species Clause: Limit one of each Pok\u00e9mon\n|rule|Gravity Sleep Clause: The combination of sleep-inducing moves with imperfect accuracy and Gravity or Gigantamax Orbeetle are banned\n|clearpoke\n|poke|p1|Samurott-Hisui, M|\n|poke|p1|Murkrow, F|\n|poke|p1|Rillaboom, F|\n|poke|p1|Palafin, M|\n|poke|p2|Blaziken, F|\n|poke|p2|Breloom, M|\n|poke|p2|Jolteon, M|\n|poke|p2|Abomasnow, F|\n|teampreview\n|\n|t:|1695253064\n|start\n|switch|p1a: Metroman|Palafin, M|100\/100\n|switch|p1b: Barbie|Murkrow, F, shiny|100\/100\n|switch|p2a: Big Bertha|Abomasnow, F|100\/100\n|switch|p2b: Zipzip|Jolteon, M|100\/100\n|-weather|Snow|[from] ability: Snow Warning|[of] p2a: Big Bertha\n|turn|1\n|\n|t:|1695253083\n|-terastallize|p1a: Metroman|Ground\n|move|p1b: Barbie|Tailwind|p1b: Barbie\n|-sidestart|p1: JuliaMimi|move: Tailwind\n|move|p1a: Metroman|Tera Blast|p2b: Zipzip\n|-supereffective|p2b: Zipzip\n|-damage|p2b: Zipzip|0 fnt\n|faint|p2b: Zipzip\n|move|p2a: Big Bertha|Blizzard|p1a: Metroman|[spread] p1a,p1b\n|-supereffective|p1a: Metroman\n|-supereffective|p1b: Barbie\n|-damage|p1a: Metroman|25\/100\n|-damage|p1b: Barbie|60\/100\n|\n|-weather|Snow|[upkeep]\n|upkeep\n|\n|t:|1695253102\n|switch|p2b: Nugget|Blaziken, F|100\/100\n|turn|2\n|\n|t:|1695253121\n|move|p2a: Big Bertha|Protect|p2a: Big Bertha\n|-singleturn|p2a: Big Bertha|Protect\n|move|p1a: Metroman|Tera Blast|p2b: Nugget\n|-supereffective|p2b: Nugget\n|-damage|p2b: Nugget|0 fnt\n|faint|p2b: Nugget\n|move|p1b: Barbie|U-turn|p2a: Big Bertha\n|-activate|p2a: Big Bertha|move: Protect\n|\n|-weather|Snow|[upkeep]\n|upkeep\n|\n|t:|1695253130\n|switch|p2b: GUN|Breloom, M|100\/100\n|turn|3\n|\n|t:|1695253140\n|move|p2b: GUN|Protect|p2b: GUN\n|-singleturn|p2b: GUN|Protect\n|move|p1b: Barbie|Perish Song|p1b: Barbie\n|-start|p1a: Metroman|perish3|[silent]\n|-start|p1b: Barbie|perish3|[silent]\n|-start|p2a: Big Bertha|perish3|[silent]\n|-start|p2b: GUN|perish3|[silent]\n|-fieldactivate|move: Perish Song\n|move|p1a: Metroman|Tera Blast|p2b: GUN\n|-activate|p2b: GUN|move: Protect\n|move|p2a: Big Bertha|Earthquake|p1b: Barbie|[spread] p1a\n|-activate|p2b: GUN|move: Protect\n|-immune|p1b: Barbie\n|-damage|p1a: Metroman|5\/100\n|\n|-weather|Snow|[upkeep]\n|-start|p1a: Metroman|perish3\n|-start|p1b: Barbie|perish3\n|-start|p2b: GUN|perish3\n|-start|p2a: Big Bertha|perish3\n|upkeep\n|turn|4\n|\n|t:|1695253171\n|detailschange|p1a: Metroman|Palafin-Hero, M, tera:Ground\n|switch|p1a: Dedede|Rillaboom, F|100\/100\n|-fieldstart|move: Grassy Terrain|[from] ability: Grassy Surge|[of] p1a: Dedede\n|-enditem|p1a: Dedede|Grassy Seed\n|-boost|p1a: Dedede|def|1|[from] item: Grassy Seed\n|move|p1b: Barbie|U-turn|p2a: Big Bertha\n|-supereffective|p2a: Big Bertha\n|-damage|p2a: Big Bertha|81\/100\n|\n|t:|1695253179\n|switch|p1b: Fish Dog|Samurott-Hisui, M|100\/100|[from] U-turn\n|move|p2b: GUN|Spore|p1b: Fish Dog\n|-status|p1b: Fish Dog|slp|[from] move: Spore\n|move|p2a: Big Bertha|Aurora Veil|p2a: Big Bertha\n|-sidestart|p2: finny-tastical|move: Aurora Veil\n|\n|-weather|Snow|[upkeep]\n|-heal|p2a: Big Bertha|87\/100|[from] Grassy Terrain\n|-heal|p2a: Big Bertha|93\/100|[from] item: Leftovers\n|-start|p2b: GUN|perish2\n|-start|p2a: Big Bertha|perish2\n|-sideend|p1: JuliaMimi|move: Tailwind\n|upkeep\n|turn|5\n|\n|t:|1695253219\n|cant|p1b: Fish Dog|slp\n|move|p1a: Dedede|Acrobatics|p2b: GUN\n|-supereffective|p2b: GUN\n|-damage|p2b: GUN|0 fnt\n|faint|p2b: GUN\n|move|p2a: Big Bertha|Earthquake|p1a: Dedede|[spread] p1a,p1b\n|-resisted|p1a: Dedede\n|-damage|p1a: Dedede|98\/100\n|-damage|p1b: Fish Dog|89\/100 slp\n|\n|-weather|none\n|-heal|p1b: Fish Dog|96\/100 slp|[from] Grassy Terrain\n|-heal|p1a: Dedede|100\/100|[from] Grassy Terrain\n|-heal|p2a: Big Bertha|99\/100|[from] Grassy Terrain\n|-heal|p2a: Big Bertha|100\/100|[from] item: Leftovers\n|-start|p2a: Big Bertha|perish1\n|upkeep\n|turn|6\n|\n|t:|1695253242\n|move|p1a: Dedede|Protect|p1a: Dedede\n|-singleturn|p1a: Dedede|Protect\n|-curestatus|p1b: Fish Dog|slp|[msg]\n|move|p1b: Fish Dog|Air Slash|p2a: Big Bertha\n|-supereffective|p2a: Big Bertha\n|-damage|p2a: Big Bertha|68\/100\n|-damage|p1b: Fish Dog|86\/100|[from] item: Life Orb\n|move|p2a: Big Bertha|Earthquake|p1b: Fish Dog|[spread] p1b\n|-activate|p1a: Dedede|move: Protect\n|-damage|p1b: Fish Dog|76\/100\n|\n|-heal|p1b: Fish Dog|82\/100|[from] Grassy Terrain\n|-heal|p2a: Big Bertha|74\/100|[from] Grassy Terrain\n|-heal|p2a: Big Bertha|80\/100|[from] item: Leftovers\n|-start|p2a: Big Bertha|perish0\n|faint|p2a: Big Bertha\n|\n|win|JuliaMimi\n|upkeep\n","uploadtime":1695253274,"views":6,"p1id":"juliamimi","p2id":"finnytastical","formatid":"gen9nationaldexdoubles","rating":0,"private":0,"password":""}