{"id":"gen9nationaldexdoubles-2000680467","p1":"FemboyThighs22","p2":"Inkubone","format":"[Gen 9] National Dex Doubles","log":"|j|\u2606FemboyThighs22\n|j|\u2606Inkubone\n|t:|1701218052\n|gametype|doubles\n|player|p1|FemboyThighs22|iono|1314\n|player|p2|Inkubone|yellow|1197\n|teamsize|p1|6\n|teamsize|p2|6\n|gen|9\n|tier|[Gen 9] National Dex Doubles\n|rated|\n|rule|HP Percentage Mod: HP is shown in percentages\n|rule|Endless Battle Clause: Forcing endless battles is banned\n|rule|OHKO Clause: OHKO moves are banned\n|rule|Evasion Moves Clause: Evasion moves are banned\n|rule|Evasion Abilities Clause: Evasion abilities are banned\n|rule|Species Clause: Limit one of each Pok\u00e9mon\n|rule|Gravity Sleep Clause: The combination of sleep-inducing moves with imperfect accuracy and Gravity or Gigantamax Orbeetle are banned\n|clearpoke\n|poke|p1|Wishiwashi, M|\n|poke|p1|Indeedee-F, F|\n|poke|p1|Cresselia, F|\n|poke|p1|Ursaluna, F|\n|poke|p1|Goodra-Hisui, M|\n|poke|p1|Diancie|\n|poke|p2|Serperior, M|\n|poke|p2|Lucario, M|\n|poke|p2|Magnezone|\n|poke|p2|Flygon, M|\n|poke|p2|Arcanine-Hisui, M|\n|poke|p2|Vaporeon, F|\n|teampreview\n|inactive|Battle timer is ON: inactive players will automatically lose when time's up. (requested by FemboyThighs22)\n|c|\u2606FemboyThighs22|glhf\n|\n|t:|1701218081\n|start\n|switch|p1a: Indeedee|Indeedee-F, F|100\/100\n|switch|p1b: Ursaluna|Ursaluna, F|100\/100\n|switch|p2a: Luky|Lucario, M|100\/100\n|switch|p2b: Fygal|Flygon, M|100\/100\n|-fieldstart|move: Psychic Terrain|[from] ability: Psychic Surge|[of] p1a: Indeedee\n|-enditem|p1a: Indeedee|Psychic Seed\n|-boost|p1a: Indeedee|spd|1|[from] item: Psychic Seed\n|turn|1\n|\n|t:|1701218111\n|detailschange|p2a: Luky|Lucario-Mega, M\n|-mega|p2a: Luky|Lucario|Lucarionite\n|move|p1b: Ursaluna|Protect|p1b: Ursaluna\n|-singleturn|p1b: Ursaluna|Protect\n|move|p2a: Luky|Close Combat|p1b: Ursaluna\n|-activate|p1b: Ursaluna|move: Protect\n|move|p2b: Fygal|Rock Slide|p1b: Ursaluna|[spread] p1a\n|-activate|p1b: Ursaluna|move: Protect\n|-damage|p1a: Indeedee|85\/100\n|cant|p1a: Indeedee|flinch\n|\n|-status|p1b: Ursaluna|brn|[from] item: Flame Orb\n|upkeep\n|turn|2\n|c|\u2606Inkubone|Glhf\n|inactive|FemboyThighs22 has 120 seconds left.\n|\n|t:|1701218149\n|-terastallize|p1b: Ursaluna|Ground\n|move|p2a: Luky|Close Combat|p1b: Ursaluna\n|-damage|p1b: Ursaluna|38\/100 brn\n|-unboost|p2a: Luky|def|1\n|-unboost|p2a: Luky|spd|1\n|move|p2b: Fygal|Rock Slide|p1a: Indeedee|[spread] p1a,p1b\n|-resisted|p1b: Ursaluna\n|-crit|p1b: Ursaluna\n|-damage|p1a: Indeedee|69\/100\n|-damage|p1b: Ursaluna|30\/100 brn\n|move|p1b: Ursaluna|Headlong Rush|p2a: Luky\n|-supereffective|p2a: Luky\n|-damage|p2a: Luky|0 fnt\n|-unboost|p1b: Ursaluna|def|1\n|-unboost|p1b: Ursaluna|spd|1\n|faint|p2a: Luky\n|move|p1a: Indeedee|Trick Room|p1a: Indeedee\n|-fieldstart|move: Trick Room|[of] p1a: Indeedee\n|\n|-damage|p1b: Ursaluna|24\/100 brn|[from] brn\n|upkeep\n|inactive|Inkubone has 120 seconds left.\n|\n|t:|1701218175\n|switch|p2a: Magnet|Magnezone|100\/100\n|turn|3\n|j| wkx6v587\n|inactive|Inkubone has 120 seconds left.\n|\n|t:|1701218194\n|move|p1b: Ursaluna|Facade|p2b: Fygal\n|-damage|p2b: Fygal|0 fnt\n|faint|p2b: Fygal\n|move|p2a: Magnet|Hidden Power|p1b: Ursaluna\n|-supereffective|p1b: Ursaluna\n|-damage|p1b: Ursaluna|0 fnt\n|faint|p1b: Ursaluna\n|move|p1a: Indeedee|Heal Pulse|p1: Ursaluna|[notarget]\n|-fail|p1a: Indeedee\n|\n|upkeep\n|\n|t:|1701218207\n|switch|p1b: Goodra|Goodra-Hisui, M|100\/100\n|switch|p2b: Lay|Vaporeon, F|100\/100\n|turn|4\n|l| wkx6v587\n|\n|t:|1701218226\n|switch|p2a: Leaf|Serperior, M|100\/100\n|switch|p1a: Cresselia|Cresselia, F|100\/100\n|move|p1b: Goodra|Shelter|p1b: Goodra\n|-boost|p1b: Goodra|def|2\n|move|p2b: Lay|Scald|p1b: Goodra\n|-resisted|p1b: Goodra\n|-damage|p1b: Goodra|90\/100\n|\n|-heal|p1b: Goodra|97\/100|[from] item: Leftovers\n|upkeep\n|turn|5\n|\n|t:|1701218250\n|move|p1b: Goodra|Shelter|p1b: Goodra\n|-boost|p1b: Goodra|def|2\n|move|p1a: Cresselia|Moonblast|p2b: Lay\n|-damage|p2b: Lay|88\/100\n|-unboost|p2b: Lay|spa|1\n|move|p2b: Lay|Scald|p1a: Cresselia\n|-damage|p1a: Cresselia|91\/100\n|move|p2a: Leaf|Leaf Storm|p1b: Goodra\n|-ability|p1b: Goodra|Sap Sipper|boost\n|-boost|p1b: Goodra|atk|1\n|\n|-heal|p1b: Goodra|100\/100|[from] item: Leftovers\n|-heal|p2b: Lay|94\/100|[from] item: Leftovers\n|-fieldend|move: Psychic Terrain\n|upkeep\n|turn|6\n|\n|t:|1701218275\n|move|p1b: Goodra|Shelter|p1b: Goodra\n|-boost|p1b: Goodra|def|2\n|move|p1a: Cresselia|Moonblast|p2b: Lay\n|-damage|p2b: Lay|81\/100\n|move|p2b: Lay|Scald|p1a: Cresselia\n|-damage|p1a: Cresselia|82\/100\n|move|p2a: Leaf|Glare|p1b: Goodra\n|-status|p1b: Goodra|par\n|\n|-heal|p2b: Lay|87\/100|[from] item: Leftovers\n|-fieldend|move: Trick Room\n|upkeep\n|turn|7\n|\n|t:|1701218294\n|move|p1b: Goodra|Protect|p1b: Goodra\n|-singleturn|p1b: Goodra|Protect\n|move|p2a: Leaf|Leaf Storm|p1a: Cresselia|[miss]\n|-miss|p2a: Leaf|p1a: Cresselia\n|move|p2b: Lay|Scald|p1a: Cresselia\n|-damage|p1a: Cresselia|73\/100\n|move|p1a: Cresselia|Trick Room|p1a: Cresselia\n|-fieldstart|move: Trick Room|[of] p1a: Cresselia\n|\n|-heal|p2b: Lay|93\/100|[from] item: Leftovers\n|upkeep\n|turn|8\n|\n|t:|1701218310\n|move|p1b: Goodra|Body Press|p2a: Leaf\n|-crit|p2a: Leaf\n|-damage|p2a: Leaf|0 fnt\n|faint|p2a: Leaf\n|move|p1a: Cresselia|Lunar Blessing|p1a: Cresselia|[spread] p1a,p1b\n|-heal|p1a: Cresselia|98\/100\n|-curestatus|p1b: Goodra|par|[msg]\n|move|p2b: Lay|Scald|p1a: Cresselia\n|-damage|p1a: Cresselia|87\/100\n|-status|p1a: Cresselia|brn\n|\n|-heal|p2b: Lay|99\/100|[from] item: Leftovers\n|-damage|p1a: Cresselia|81\/100 brn|[from] brn\n|upkeep\n|\n|t:|1701218323\n|switch|p2a: Magnet|Magnezone|100\/100\n|turn|9\n|\n|t:|1701218348\n|move|p1b: Goodra|Body Press|p2a: Magnet\n|-supereffective|p2a: Magnet\n|-ability|p2a: Magnet|Sturdy\n|-damage|p2a: Magnet|1\/100\n|move|p2a: Magnet|Volt Switch|p1b: Goodra\n|-resisted|p1b: Goodra\n|-damage|p1b: Goodra|81\/100\n|\n|t:|1701218356\n|switch|p2a: Archi|Arcanine-Hisui, M|100\/100|[from] Volt Switch\n|move|p1a: Cresselia|Moonblast|p2b: Lay\n|-damage|p2b: Lay|86\/100\n|-unboost|p2b: Lay|spa|1\n|move|p2b: Lay|Wish|p2b: Lay\n|\n|-heal|p1b: Goodra|88\/100|[from] item: Leftovers\n|-heal|p2b: Lay|93\/100|[from] item: Leftovers\n|-damage|p1a: Cresselia|75\/100 brn|[from] brn\n|upkeep\n|turn|10\n|\n|t:|1701218378\n|switch|p2b: Magnet|Magnezone|1\/100\n|move|p1b: Goodra|Body Press|p2a: Archi\n|-supereffective|p2a: Archi\n|-damage|p2a: Archi|0 fnt\n|faint|p2a: Archi\n|move|p1a: Cresselia|Lunar Blessing|p1a: Cresselia|[spread] p1a,p1b\n|-heal|p1a: Cresselia|99\/100 brn\n|-curestatus|p1a: Cresselia|brn|[msg]\n|-heal|p1b: Goodra|100\/100\n|\n|-heal|p2b: Magnet|68\/100|[from] move: Wish|[wisher] Lay\n|upkeep\n|\n|t:|1701218391\n|switch|p2a: Lay|Vaporeon, F|93\/100\n|turn|11\n|\n|t:|1701218403\n|-terastallize|p2b: Magnet|Flying\n|move|p1b: Goodra|Body Press|p2b: Magnet\n|-resisted|p2b: Magnet\n|-damage|p2b: Magnet|22\/100\n|move|p2b: Magnet|Thunderbolt|p1b: Goodra\n|-resisted|p1b: Goodra\n|-damage|p1b: Goodra|77\/100\n|move|p1a: Cresselia|Moonblast|p2a: Lay\n|-damage|p2a: Lay|79\/100\n|move|p2a: Lay|Scald|p1b: Goodra\n|-resisted|p1b: Goodra\n|-damage|p1b: Goodra|67\/100\n|\n|-heal|p1b: Goodra|73\/100|[from] item: Leftovers\n|-heal|p2a: Lay|85\/100|[from] item: Leftovers\n|-fieldend|move: Trick Room\n|upkeep\n|turn|12\n|\n|t:|1701218421\n|move|p1b: Goodra|Protect|p1b: Goodra\n|-singleturn|p1b: Goodra|Protect\n|move|p2a: Lay|Scald|p1a: Cresselia\n|-damage|p1a: Cresselia|85\/100\n|-status|p1a: Cresselia|brn\n|move|p2b: Magnet|Thunderbolt|p1a: Cresselia\n|-damage|p1a: Cresselia|48\/100 brn\n|move|p1a: Cresselia|Trick Room|p1a: Cresselia\n|-fieldstart|move: Trick Room|[of] p1a: Cresselia\n|\n|-heal|p1b: Goodra|79\/100|[from] item: Leftovers\n|-heal|p2a: Lay|91\/100|[from] item: Leftovers\n|-damage|p1a: Cresselia|42\/100 brn|[from] brn\n|upkeep\n|turn|13\n|-message|Inkubone forfeited.\n|\n|win|FemboyThighs22\n|raw|FemboyThighs22's rating: 1314 &rarr; <strong>1328<\/strong><br \/>(+14 for winning)\n|raw|Inkubone's rating: 1197 &rarr; <strong>1180<\/strong><br \/>(-17 for losing)\n|l|\u2606Inkubone\n","uploadtime":1701218447,"views":0,"p1id":"femboythighs22","p2id":"inkubone","formatid":"gen9nationaldexdoubles","rating":1180,"private":0,"password":""}