{"id":"gen9nationaldexdoubles-1966182199","p1":"James is suipid","p2":"Retsuna","format":"[Gen 9] National Dex Doubles","log":"|j|\u2606James is suipid\n|j|\u2606Retsuna\n|t:|1697153130\n|gametype|doubles\n|player|p1|James is suipid|unknown|1097\n|player|p2|Retsuna|adaman|1000\n|teamsize|p1|6\n|teamsize|p2|6\n|gen|9\n|tier|[Gen 9] National Dex Doubles\n|rated|\n|rule|HP Percentage Mod: HP is shown in percentages\n|rule|Endless Battle Clause: Forcing endless battles is banned\n|rule|OHKO Clause: OHKO moves are banned\n|rule|Evasion Moves Clause: Evasion moves are banned\n|rule|Evasion Abilities Clause: Evasion abilities are banned\n|rule|Species Clause: Limit one of each Pok\u00e9mon\n|rule|Gravity Sleep Clause: The combination of sleep-inducing moves with imperfect accuracy and Gravity or Gigantamax Orbeetle are banned\n|clearpoke\n|poke|p1|Zygarde|\n|poke|p1|Zamazenta-*|\n|poke|p1|Rillaboom, F|\n|poke|p1|Kangaskhan, F|\n|poke|p1|Glimmora, F|\n|poke|p1|Maushold-Four|\n|poke|p2|Decidueye, M|\n|poke|p2|Pidgeot, F|\n|poke|p2|Volcarona, M|\n|poke|p2|Lycanroc-Dusk, F|\n|poke|p2|Kommo-o, M|\n|poke|p2|Goodra, F|\n|teampreview\n|\n|t:|1697153193\n|start\n|switch|p1a: Glimmora|Glimmora, F|100\/100\n|switch|p1b: Rillaboom|Rillaboom, F|100\/100\n|switch|p2a: Ku'u|Decidueye, M, shiny|100\/100\n|switch|p2b: Hai|Goodra, F|100\/100\n|-fieldstart|move: Grassy Terrain|[from] ability: Grassy Surge|[of] p1b: Rillaboom\n|turn|1\n|inactive|Battle timer is ON: inactive players will automatically lose when time's up. (requested by James is suipid)\n|\n|t:|1697153225\n|move|p1b: Rillaboom|Fake Out|p2b: Hai\n|-damage|p2b: Hai|87\/100\n|move|p1a: Glimmora|Stealth Rock|p2a: Ku'u\n|-sidestart|p2: Retsuna|move: Stealth Rock\n|cant|p2b: Hai|flinch\n|move|p2a: Ku'u|Poltergeist|p1a: Glimmora\n|-activate|p1a: Glimmora|move: Poltergeist|Focus Sash\n|-damage|p1a: Glimmora|9\/100\n|-activate|p1a: Glimmora|ability: Toxic Debris\n|-sidestart|p2: Retsuna|move: Toxic Spikes\n|\n|-heal|p1a: Glimmora|15\/100|[from] Grassy Terrain\n|-heal|p2b: Hai|93\/100|[from] Grassy Terrain\n|upkeep\n|turn|2\n|inactive|James is suipid has 120 seconds left.\n|\n|t:|1697153265\n|move|p1a: Glimmora|Earth Power|p2b: Hai\n|-damage|p2b: Hai|78\/100\n|move|p1b: Rillaboom|U-turn|p2a: Ku'u\n|-damage|p2a: Ku'u|74\/100\n|\n|t:|1697153275\n|switch|p1b: Kangaskhan|Kangaskhan, F|100\/100|[from] U-turn\n|move|p2b: Hai|Toxic|p1b: Kangaskhan\n|-status|p1b: Kangaskhan|tox\n|move|p2a: Ku'u|Poltergeist|p1b: Kangaskhan\n|-immune|p1b: Kangaskhan\n|\n|-heal|p1a: Glimmora|21\/100|[from] Grassy Terrain\n|-heal|p2b: Hai|84\/100|[from] Grassy Terrain\n|-heal|p2a: Ku'u|80\/100|[from] Grassy Terrain\n|-damage|p1b: Kangaskhan|94\/100 tox|[from] psn\n|upkeep\n|turn|3\n|inactive|James is suipid has 120 seconds left.\n|\n|t:|1697153307\n|switch|p2a: Sky|Pidgeot, F|100\/100\n|-damage|p2a: Sky|76\/100|[from] Stealth Rock\n|detailschange|p1b: Kangaskhan|Kangaskhan-Mega, F\n|-mega|p1b: Kangaskhan|Kangaskhan|Kangaskhanite\n|move|p1b: Kangaskhan|Fake Out|p2b: Hai\n|-damage|p2b: Hai|64\/100\n|-damage|p2b: Hai|59\/100\n|-hitcount|p2b: Hai|2\n|move|p1a: Glimmora|Mortal Spin|p2a: Sky|[spread] p2a,p2b\n|-damage|p2a: Sky|70\/100\n|-damage|p2b: Hai|54\/100\n|-status|p2a: Sky|psn\n|-status|p2b: Hai|psn\n|cant|p2b: Hai|flinch\n|\n|-heal|p1b: Kangaskhan|100\/100 tox|[from] Grassy Terrain\n|-heal|p1a: Glimmora|27\/100|[from] Grassy Terrain\n|-heal|p2b: Hai|60\/100 psn|[from] Grassy Terrain\n|-damage|p2a: Sky|57\/100 psn|[from] psn\n|-damage|p1b: Kangaskhan|88\/100 tox|[from] psn\n|-damage|p2b: Hai|48\/100 psn|[from] psn\n|upkeep\n|turn|4\n|inactive|James is suipid has 120 seconds left.\n|\n|t:|1697153334\n|move|p2a: Sky|Hurricane|p1b: Kangaskhan\n|-damage|p1b: Kangaskhan|56\/100 tox\n|move|p1b: Kangaskhan|Seismic Toss|p2b: Hai\n|-damage|p2b: Hai|22\/100 psn\n|-damage|p2b: Hai|0 fnt\n|faint|p2b: Hai\n|-hitcount|p2: Hai|2\n|move|p1a: Glimmora|Power Gem|p2a: Sky\n|-supereffective|p2a: Sky\n|-damage|p2a: Sky|0 fnt\n|faint|p2a: Sky\n|\n|-heal|p1b: Kangaskhan|62\/100 tox|[from] Grassy Terrain\n|-heal|p1a: Glimmora|34\/100|[from] Grassy Terrain\n|-damage|p1b: Kangaskhan|44\/100 tox|[from] psn\n|upkeep\n|inactive|Retsuna has 120 seconds left.\n|\n|t:|1697153349\n|switch|p2a: Sol|Volcarona, M|100\/100\n|switch|p2b: Rio|Lycanroc-Dusk, F|100\/100\n|-damage|p2b: Rio|88\/100|[from] Stealth Rock\n|-status|p2b: Rio|psn\n|turn|5\n|\n|t:|1697153362\n|move|p1b: Kangaskhan|Sucker Punch|p2a: Sol\n|-damage|p2a: Sol|80\/100\n|-damage|p2a: Sol|75\/100\n|-hitcount|p2a: Sol|2\n|move|p2b: Rio|Brick Break|p1b: Kangaskhan\n|-supereffective|p1b: Kangaskhan\n|-damage|p1b: Kangaskhan|0 fnt\n|faint|p1b: Kangaskhan\n|move|p1a: Glimmora|Earth Power|p2b: Rio\n|-supereffective|p2b: Rio\n|-damage|p2b: Rio|0 fnt\n|faint|p2b: Rio\n|move|p2a: Sol|Giga Drain|p1a: Glimmora\n|-damage|p1a: Glimmora|0 fnt\n|-heal|p2a: Sol|88\/100|[from] drain|[of] p1a: Glimmora\n|faint|p1a: Glimmora\n|\n|-heal|p2a: Sol|95\/100|[from] Grassy Terrain\n|-fieldend|move: Grassy Terrain\n|upkeep\n|\n|t:|1697153380\n|switch|p2b: Dei|Kommo-o, M|100\/100\n|switch|p1b: Zamazenta|Zamazenta|100\/100\n|switch|p1a: Zygarde|Zygarde|100\/100\n|-ability|p1b: Zamazenta|Dauntless Shield|boost\n|-boost|p1b: Zamazenta|def|1\n|-damage|p2b: Dei|94\/100|[from] Stealth Rock\n|-status|p2b: Dei|psn\n|-ability|p1a: Zygarde|Aura Break\n|turn|6\n|\n|t:|1697153399\n|switch|p2b: Ku'u|Decidueye, M, shiny|80\/100\n|-damage|p2b: Ku'u|68\/100|[from] Stealth Rock\n|-status|p2b: Ku'u|psn\n|move|p1b: Zamazenta|Coaching|p1a: Zygarde\n|-boost|p1a: Zygarde|atk|1\n|-boost|p1a: Zygarde|def|1\n|move|p2a: Sol|Quiver Dance|p2a: Sol\n|-boost|p2a: Sol|spa|1\n|-boost|p2a: Sol|spd|1\n|-boost|p2a: Sol|spe|1\n|move|p1a: Zygarde|Dragon Dance|p1a: Zygarde\n|-boost|p1a: Zygarde|atk|1\n|-boost|p1a: Zygarde|spe|1\n|\n|-damage|p2b: Ku'u|56\/100 psn|[from] psn\n|upkeep\n|turn|7\n|inactive|James is suipid has 120 seconds left.\n|\n|t:|1697153435\n|move|p2b: Ku'u|Sucker Punch|p1a: Zygarde\n|-damage|p1a: Zygarde|82\/100\n|move|p2a: Sol|Bug Buzz|p1a: Zygarde\n|-damage|p1a: Zygarde|24\/100\n|move|p1a: Zygarde|Thousand Arrows|p2a: Sol|[spread] p2a,p2b\n|-resisted|p2b: Ku'u\n|-damage|p2a: Sol|28\/100\n|-damage|p2b: Ku'u|16\/100 psn\n|move|p1b: Zamazenta|Coaching|p1a: Zygarde\n|-boost|p1a: Zygarde|atk|1\n|-boost|p1a: Zygarde|def|1\n|\n|-heal|p1a: Zygarde|30\/100|[from] item: Leftovers\n|-damage|p2b: Ku'u|4\/100 psn|[from] psn\n|upkeep\n|turn|8\n|inactive|James is suipid has 120 seconds left.\n|\n|t:|1697153461\n|move|p2b: Ku'u|Sucker Punch||[still]\n|-fail|p2b: Ku'u\n|move|p2a: Sol|Giga Drain|p1a: Zygarde\n|-damage|p1a: Zygarde|0 fnt\n|-heal|p2a: Sol|43\/100|[from] drain|[of] p1a: Zygarde\n|faint|p1a: Zygarde\n|move|p1b: Zamazenta|Snarl|p2b: Ku'u|[spread] p2a,p2b\n|-supereffective|p2b: Ku'u\n|-damage|p2a: Sol|39\/100\n|-damage|p2b: Ku'u|0 fnt\n|-unboost|p2a: Sol|spa|1\n|faint|p2b: Ku'u\n|\n|upkeep\n|\n|t:|1697153472\n|switch|p1a: Rillaboom|Rillaboom, F|100\/100\n|switch|p2b: Dei|Kommo-o, M|94\/100 psn\n|-damage|p2b: Dei|88\/100 psn|[from] Stealth Rock\n|-fieldstart|move: Grassy Terrain|[from] ability: Grassy Surge|[of] p1a: Rillaboom\n|turn|9\n|\n|t:|1697153490\n|move|p1a: Rillaboom|Fake Out|p2b: Dei\n|-damage|p2b: Dei|78\/100 psn\n|move|p2a: Sol|Bug Buzz|p1a: Rillaboom\n|-supereffective|p1a: Rillaboom\n|-damage|p1a: Rillaboom|48\/100\n|move|p1b: Zamazenta|Coaching|p1a: Rillaboom\n|-boost|p1a: Rillaboom|atk|1\n|-boost|p1a: Rillaboom|def|1\n|cant|p2b: Dei|flinch\n|\n|-heal|p2a: Sol|45\/100|[from] Grassy Terrain\n|-heal|p2b: Dei|84\/100 psn|[from] Grassy Terrain\n|-heal|p1a: Rillaboom|55\/100|[from] Grassy Terrain\n|-damage|p2b: Dei|72\/100 psn|[from] psn\n|upkeep\n|turn|10\n|inactive|James is suipid has 120 seconds left.\n|\n|t:|1697153525\n|-terastallize|p2a: Sol|Bug\n|move|p1a: Rillaboom|Grassy Glide|p2b: Dei\n|-resisted|p2b: Dei\n|-damage|p2b: Dei|50\/100 psn\n|move|p2a: Sol|Bug Buzz|p1a: Rillaboom\n|-supereffective|p1a: Rillaboom\n|-damage|p1a: Rillaboom|0 fnt\n|faint|p1a: Rillaboom\n|move|p1b: Zamazenta|Body Press|p2b: Dei\n|-damage|p2b: Dei|12\/100 psn\n|-zpower|p2b: Dei\n|move|p2b: Dei|Clangorous Soulblaze|p1b: Zamazenta|[zeffect]\n|-damage|p1b: Zamazenta|48\/100\n|-enditem|p1b: Zamazenta|Sitrus Berry|[eat]\n|-heal|p1b: Zamazenta|73\/100|[from] item: Sitrus Berry\n|-boost|p2b: Dei|atk|1\n|-boost|p2b: Dei|def|1\n|-boost|p2b: Dei|spa|1\n|-boost|p2b: Dei|spd|1\n|-boost|p2b: Dei|spe|1\n|\n|-heal|p2b: Dei|18\/100 psn|[from] Grassy Terrain\n|-heal|p2a: Sol|51\/100|[from] Grassy Terrain\n|-heal|p1b: Zamazenta|79\/100|[from] Grassy Terrain\n|-damage|p2b: Dei|6\/100 psn|[from] psn\n|upkeep\n|inactive|James is suipid has 120 seconds left.\n|\n|t:|1697153542\n|switch|p1a: Maushold|Maushold-Four|100\/100\n|turn|11\n|inactive|James is suipid has 120 seconds left.\n|\n|t:|1697153560\n|move|p1a: Maushold|Follow Me|p1a: Maushold\n|-singleturn|p1a: Maushold|move: Follow Me\n|move|p2b: Dei|Drain Punch|p1a: Maushold\n|-supereffective|p1a: Maushold\n|-damage|p1a: Maushold|0 fnt\n|-heal|p2b: Dei|66\/100 psn|[from] drain|[of] p1a: Maushold\n|faint|p1a: Maushold\n|move|p2a: Sol|Fiery Dance|p1b: Zamazenta\n|-damage|p1b: Zamazenta|48\/100\n|-boost|p2a: Sol|spa|1\n|move|p1b: Zamazenta|Body Press|p2a: Sol\n|-resisted|p2a: Sol\n|-damage|p2a: Sol|27\/100\n|\n|-heal|p2b: Dei|72\/100 psn|[from] Grassy Terrain\n|-heal|p2a: Sol|33\/100|[from] Grassy Terrain\n|-heal|p1b: Zamazenta|54\/100|[from] Grassy Terrain\n|-damage|p2b: Dei|60\/100 psn|[from] psn\n|upkeep\n|turn|12\n|\n|t:|1697153576\n|move|p2b: Dei|Clanging Scales|p1b: Zamazenta\n|-damage|p1b: Zamazenta|6\/100\n|-unboost|p2b: Dei|def|1\n|move|p2a: Sol|Fiery Dance|p1b: Zamazenta\n|-damage|p1b: Zamazenta|0 fnt\n|-boost|p2a: Sol|spa|1\n|faint|p1b: Zamazenta\n|\n|win|Retsuna\n|raw|James is suipid's rating: 1097 &rarr; <strong>1066<\/strong><br \/>(-31 for losing)\n|raw|Retsuna's rating: 1000 &rarr; <strong>1051<\/strong><br \/>(+51 for winning)\n","uploadtime":1697153580,"views":8,"p1id":"jamesissuipid","p2id":"retsuna","formatid":"gen9nationaldexdoubles","rating":1051,"private":0,"password":""}