{"id":"gen9nationaldexdoubles-1993559263","p1":"huevo_pipipi","p2":"Kazutoxo","format":"[Gen 9] National Dex Doubles","log":"|j|\u2606huevo_pipipi\n|j|\u2606Kazutoxo\n|t:|1700331700\n|gametype|doubles\n|player|p1|huevo_pipipi|akari|\n|player|p2|Kazutoxo|ingo|\n|teamsize|p1|6\n|teamsize|p2|6\n|gen|9\n|tier|[Gen 9] National Dex Doubles\n|rule|HP Percentage Mod: HP is shown in percentages\n|rule|Endless Battle Clause: Forcing endless battles is banned\n|rule|OHKO Clause: OHKO moves are banned\n|rule|Evasion Moves Clause: Evasion moves are banned\n|rule|Evasion Abilities Clause: Evasion abilities are banned\n|rule|Species Clause: Limit one of each Pok\u00e9mon\n|rule|Gravity Sleep Clause: The combination of sleep-inducing moves with imperfect accuracy and Gravity or Gigantamax Orbeetle are banned\n|clearpoke\n|poke|p1|Iron Valiant|\n|poke|p1|Zapdos-Galar|\n|poke|p1|Iron Hands|\n|poke|p1|Great Tusk|\n|poke|p1|Sneasler, M|\n|poke|p1|Zamazenta-*|\n|poke|p2|Iron Hands|\n|poke|p2|Scrafty, M|\n|poke|p2|Iron Valiant|\n|poke|p2|Tauros-Paldea-Blaze, M|\n|poke|p2|Medicham, M|\n|poke|p2|Hawlucha, F|\n|teampreview\n|\n|t:|1700331713\n|start\n|switch|p1a: Sneasler|Sneasler, M|100\/100\n|switch|p1b: Zamazenta|Zamazenta|100\/100\n|switch|p2a: Hawlucha|Hawlucha, F|100\/100\n|switch|p2b: Iron Hands|Iron Hands|100\/100\n|-ability|p1b: Zamazenta|Dauntless Shield|boost\n|-boost|p1b: Zamazenta|def|1\n|-ability|p2a: Hawlucha|Mold Breaker\n|turn|1\n|\n|t:|1700331744\n|move|p1a: Sneasler|Fake Out|p2b: Iron Hands\n|-enditem|p1a: Sneasler|Normal Gem|[from] gem\n|-damage|p2b: Iron Hands|89\/100\n|cant|p2b: Iron Hands|flinch\n|move|p1b: Zamazenta|Dazzling Gleam|p2b: Iron Hands|[spread] p2a,p2b\n|-supereffective|p2a: Hawlucha\n|-supereffective|p2b: Iron Hands\n|-damage|p2a: Hawlucha|40\/100\n|-damage|p2b: Iron Hands|68\/100\n|move|p2a: Hawlucha|Tailwind|p2a: Hawlucha\n|-sidestart|p2: Kazutoxo|move: Tailwind\n|\n|upkeep\n|turn|2\n|\n|t:|1700331766\n|move|p1a: Sneasler|Acrobatics|p2b: Iron Hands\n|-damage|p2b: Iron Hands|43\/100\n|move|p2a: Hawlucha|Taunt|p1a: Sneasler\n|-start|p1a: Sneasler|move: Taunt\n|move|p1b: Zamazenta|Dazzling Gleam|p2b: Iron Hands|[spread] p2a,p2b\n|-supereffective|p2a: Hawlucha\n|-supereffective|p2b: Iron Hands\n|-damage|p2a: Hawlucha|0 fnt\n|-damage|p2b: Iron Hands|24\/100\n|faint|p2a: Hawlucha\n|move|p2b: Iron Hands|Play Rough|p1b: Zamazenta\n|-supereffective|p1b: Zamazenta\n|-damage|p1b: Zamazenta|64\/100\n|\n|upkeep\n|\n|t:|1700331784\n|switch|p2a: Scrafty|Scrafty, M|100\/100\n|-ability|p2a: Scrafty|Intimidate|boost\n|-unboost|p1a: Sneasler|atk|1\n|-unboost|p1b: Zamazenta|atk|1\n|turn|3\n|\n|t:|1700331798\n|move|p2a: Scrafty|Fake Out|p1a: Sneasler\n|-damage|p1a: Sneasler|87\/100\n|cant|p1a: Sneasler|flinch\n|move|p1b: Zamazenta|Dazzling Gleam|p2a: Scrafty|[spread] p2a,p2b\n|-supereffective|p2a: Scrafty\n|-supereffective|p2b: Iron Hands\n|-damage|p2a: Scrafty|36\/100\n|-damage|p2b: Iron Hands|6\/100\n|-enditem|p2a: Scrafty|Sitrus Berry|[eat]\n|-heal|p2a: Scrafty|61\/100|[from] item: Sitrus Berry\n|move|p2b: Iron Hands|Drain Punch|p1b: Zamazenta\n|-damage|p1b: Zamazenta|40\/100\n|-heal|p2b: Iron Hands|14\/100|[from] drain|[of] p1b: Zamazenta\n|\n|upkeep\n|turn|4\n|\n|t:|1700331825\n|move|p1a: Sneasler|Acrobatics|p2b: Iron Hands\n|-crit|p2b: Iron Hands\n|-damage|p2b: Iron Hands|0 fnt\n|faint|p2b: Iron Hands\n|-end|p2b: Iron Hands|Quark Drive|[silent]\n|move|p1b: Zamazenta|Dazzling Gleam|p2a: Scrafty\n|-supereffective|p2a: Scrafty\n|-damage|p2a: Scrafty|0 fnt\n|faint|p2a: Scrafty\n|\n|-sideend|p2: Kazutoxo|move: Tailwind\n|upkeep\n|\n|t:|1700331846\n|switch|p2a: Medicham|Medicham, M|100\/100\n|switch|p2b: Tauros|Tauros-Paldea-Blaze, M|100\/100\n|-ability|p2b: Tauros|Intimidate|boost\n|-unboost|p1a: Sneasler|atk|1\n|-unboost|p1b: Zamazenta|atk|1\n|turn|5\n|\n|t:|1700331867\n|switch|p1a: Great Tusk|Great Tusk|100\/100\n|switch|p1b: Iron Hands|Iron Hands|100\/100\n|detailschange|p2a: Medicham|Medicham-Mega, M\n|-mega|p2a: Medicham|Medicham|Medichamite\n|move|p2a: Medicham|Fake Out|p1b: Iron Hands\n|-damage|p1b: Iron Hands|89\/100\n|move|p2b: Tauros|Will-O-Wisp|p1a: Great Tusk|[miss]\n|-miss|p2b: Tauros|p1a: Great Tusk\n|\n|upkeep\n|turn|6\n|\n|t:|1700331888\n|move|p2b: Tauros|Protect|p2b: Tauros\n|-singleturn|p2b: Tauros|Protect\n|move|p2a: Medicham|Protect|p2a: Medicham\n|-singleturn|p2a: Medicham|Protect\n|move|p1b: Iron Hands|Fake Out|p2b: Tauros\n|-activate|p2b: Tauros|move: Protect\n|move|p1a: Great Tusk|Play Rough|p2a: Medicham\n|-activate|p2a: Medicham|move: Protect\n|\n|upkeep\n|turn|7\n|\n|t:|1700331926\n|move|p2b: Tauros|Will-O-Wisp|p1a: Great Tusk\n|-status|p1a: Great Tusk|brn\n|move|p2a: Medicham|Zen Headbutt|p1b: Iron Hands\n|-supereffective|p1b: Iron Hands\n|-damage|p1b: Iron Hands|22\/100\n|move|p1a: Great Tusk|Play Rough|p2a: Medicham\n|-supereffective|p2a: Medicham\n|-damage|p2a: Medicham|62\/100\n|move|p1b: Iron Hands|Play Rough|p2a: Medicham\n|-supereffective|p2a: Medicham\n|-damage|p2a: Medicham|1\/100\n|-unboost|p2a: Medicham|atk|1\n|\n|-damage|p1a: Great Tusk|94\/100 brn|[from] brn\n|upkeep\n|turn|8\n|\n|t:|1700331957\n|move|p2a: Medicham|Protect|p2a: Medicham\n|-singleturn|p2a: Medicham|Protect\n|move|p2b: Tauros|Will-O-Wisp|p1b: Iron Hands\n|-status|p1b: Iron Hands|brn\n|move|p1a: Great Tusk|Earthquake|p2a: Medicham|[spread] p1b,p2b\n|-activate|p2a: Medicham|move: Protect\n|-supereffective|p1b: Iron Hands\n|-supereffective|p2b: Tauros\n|-damage|p1b: Iron Hands|0 fnt\n|-damage|p2b: Tauros|65\/100\n|faint|p1b: Iron Hands\n|-end|p1b: Iron Hands|Quark Drive|[silent]\n|\n|-damage|p1a: Great Tusk|88\/100 brn|[from] brn\n|upkeep\n|\n|t:|1700331975\n|switch|p1b: Sneasler|Sneasler, M|87\/100\n|turn|9\n|j| s.daninja\n|\n|t:|1700332015\n|move|p2a: Medicham|Protect||[still]\n|-fail|p2a: Medicham\n|move|p1b: Sneasler|Fake Out|p2a: Medicham\n|-damage|p2a: Medicham|0 fnt\n|faint|p2a: Medicham\n|move|p2b: Tauros|Will-O-Wisp|p1b: Sneasler\n|-status|p1b: Sneasler|brn\n|move|p1a: Great Tusk|Play Rough|p2b: Tauros\n|-damage|p2b: Tauros|52\/100\n|\n|-damage|p1b: Sneasler|81\/100 brn|[from] brn\n|-damage|p1a: Great Tusk|82\/100 brn|[from] brn\n|upkeep\n|\n|t:|1700332029\n|switch|p2a: Iron Valiant|Iron Valiant|100\/100\n|-enditem|p2a: Iron Valiant|Booster Energy\n|-activate|p2a: Iron Valiant|ability: Quark Drive|[fromitem]\n|-start|p2a: Iron Valiant|quarkdrivespa\n|turn|10\n|\n|t:|1700332046\n|move|p1b: Sneasler|Dire Claw|p2a: Iron Valiant\n|-supereffective|p2a: Iron Valiant\n|-damage|p2a: Iron Valiant|51\/100\n|-status|p2a: Iron Valiant|psn\n|move|p2a: Iron Valiant|Moonblast|p1a: Great Tusk\n|-supereffective|p1a: Great Tusk\n|-damage|p1a: Great Tusk|0 fnt\n|faint|p1a: Great Tusk\n|-end|p1a: Great Tusk|Protosynthesis|[silent]\n|move|p2b: Tauros|Scary Face|p1b: Sneasler\n|-unboost|p1b: Sneasler|spe|2\n|\n|-damage|p2a: Iron Valiant|38\/100 psn|[from] psn\n|-damage|p1b: Sneasler|75\/100 brn|[from] brn\n|upkeep\n|l| s.daninja\n|j| s.daninja\n|\n|t:|1700332077\n|switch|p1a: Zamazenta|Zamazenta|40\/100\n|turn|11\n|\n|t:|1700332087\n|move|p1a: Zamazenta|Dazzling Gleam|p2b: Tauros|[spread] p2a,p2b\n|-supereffective|p2a: Iron Valiant\n|-damage|p2a: Iron Valiant|0 fnt\n|-damage|p2b: Tauros|23\/100\n|-enditem|p2b: Tauros|Sitrus Berry|[eat]\n|-heal|p2b: Tauros|48\/100|[from] item: Sitrus Berry\n|faint|p2a: Iron Valiant\n|-end|p2a: Iron Valiant|Quark Drive|[silent]\n|move|p2b: Tauros|Raging Bull|p1a: Zamazenta\n|-damage|p1a: Zamazenta|10\/100\n|move|p1b: Sneasler|Acrobatics|p2b: Tauros\n|-supereffective|p2b: Tauros\n|-damage|p2b: Tauros|15\/100\n|\n|-damage|p1b: Sneasler|69\/100 brn|[from] brn\n|upkeep\n|turn|12\n|l| s.daninja\n|\n|t:|1700332104\n|move|p1a: Zamazenta|Dazzling Gleam|p2b: Tauros\n|-damage|p2b: Tauros|0 fnt\n|faint|p2b: Tauros\n|\n|win|huevo_pipipi\n","uploadtime":1700332111,"views":7,"p1id":"huevopipipi","p2id":"kazutoxo","formatid":"gen9nationaldexdoubles","rating":0,"private":0,"password":""}